code,internal_code,name,manufacturer_name,manufacture_country,manufacturer_item_description,unit_qty,quantity,unit_of_measure,weighted,qty_in_package,price,unit_of_measure_price,allow_discount,status,item_id
66079,false,נקניקיות חריפות דבאח,,,נקניקיות חריפות דבאח,קילוגרמים,1.00,"ק""ג",true,,49.90,49.9000,true,1,158045
177814,false,גבינה אידם עגול,,,גבינה אידם עגול,קילוגרמים,1.00,"ק""ג",true,,70.00,70.0000,true,1,142992
355911,false,ברמונדי XL,,,ברמונדי XL,קילוגרמים,1.00,"ק""ג",true,,50.00,50.0000,true,1,154718
614238,false,חזה חלק צרכני,,,חזה חלק צרכני,קילוגרמים,1.00,"ק""ג",true,,28.90,28.9000,true,1,116672
842312,false,ברבוניה פס,,,ברבוניה פס,קילוגרמים,1.00,"ק""ג",true,,100.00,100.0000,true,1,154763
3189199,false,גבינה חריפה מקסיקני 26% מעדניה,,,כפיר גבינה צהובה חרי,קילוגרמים,1.00,"ק""ג",true,,49.90,49.9000,true,1,152955
11473617,false,טיב הטבע-צייה 300 גר,,,טיב הטבע-צייה 300 גר,00000000000000000000,0.00,00000000000000000000,false,,18.90,0.0000,true,1,153678
11474492,false,טיב הטבע-קינואה 1 קי,,,טיב הטבע-קינואה 1 קי,00000000000000000000,0.00,00000000000000000000,false,,22.90,0.0000,true,1,153680
11474867,false,טיב הטבע קינואה לבנה,,,טיב הטבע קינואה לבנה,00000000000000000000,0.00,00000000000000000000,false,,12.90,0.0000,true,1,153681
13906687,false,טירת צבי צמד כפרית ב,,,טירת צבי צמד כפרית ב,גרמים,600.00,100 גרם,false,,29.90,0.0498,true,1,247440
18091661,false,פיצה שוק 380 גרם,,,פיצה שוק 380 גרם,גרמים,380.00,100 גרם,false,,19.90,0.0524,true,1,247443
40000391,false,פיצה משפחתית,,,פיצה משפחתית,00000000000000000000,0.00,00000000000000000000,false,,30.00,0.0000,true,1,154096
40099132,false,מסטיק הובה בובה Hubba Bubba בטעם תות,הובה בובה Hubba Bubba,DE,הובה בובה צאנק תות 3,יחידה,0.00,יחידה,false,,3.00,0.0000,true,1,124379
40099705,false,"מסטיק אורביט מנטה לל""ס 5יח'",ליימן מותגים,FR,אורביט פפרמינט סטיקס,יחידה,0.00,יחידה,false,,1.90,0.0000,true,1,115146
40111216,false,באונטי חטיף קוקוס ושוקולד 57ג',"נארז ע""י : א.ג. גילר",NL,באונטי חטיף 57 גרם,גרמים,57.00,100 גרם,false,,3.90,0.0684,true,1,115809
40345123,false,סמרטיז גליל סוכריות כפתורים 38 ג',נסטלה Nestle,DE,סמרטיז גליל סוכריות,יחידה,0.00,יחידה,false,,4.50,0.0000,true,1,139148
40786179,false,בירה לוונבראו פחית 500 מל,Spaten,,"פחית לוונבראו 500 מ""",מיליליטרים,500.00,"100 מ""ל",false,,10.90,0.0218,true,1,112466
42123866,false,מסטיק הובה בובה צ'אנק פירות קלאסי 35ג',הובה בובה Hubba Bubba,,הובה בובה קלאסי צ'אנ,יחידה,0.00,יחידה,false,,3.00,0.0000,true,1,124383
42246640,false,"ניוואה - דאודורנט רול און לאישה פאודר טאצ' נשים 50 מ""ל",beiersdorf,DE,ניוואה רול און לאישה,יחידה,0.00,יחידה,false,,13.90,0.0000,true,1,205999
50398904,false,"קרם חמצן 6% אינדולה 60 מ""ל",גדעון קוסמטיקס,IL,"אינדולה חמצן 6% 60מ""",יחידה,0.00,יחידה,false,,5.90,0.0000,true,1,211827
50398911,false,חמצן %9 60 מ''ל אינדולה,הנקל סוד,IL,"אינדולה חמצן 9% 60מ""",יחידה,0.00,יחידה,false,,5.90,0.0000,true,1,211828
59016441,false,"רקסונה - דאודורנט רול און לאישה פרוט ספין 50 מ""ל",רקסונה Rexona,GB,רקסונה דאו רול און פ,יחידה,0.00,יחידה,false,,14.90,0.0000,true,1,209514
59079798,false,"רקסונה - דאודורנט רול און לאישה אנטי פרספירנט שאוור 50 מ""ל",רקסונה Rexona,GB,רקסונה דאודורנט רול,יחידה,0.00,יחידה,false,,14.90,0.0000,true,1,202010
59082637,false,"רקסונה - דאודורנט רולאון לגבר אקסטרא קול 50 מ""ל",יוניליוור פיליפינים,GB,רקסונה מן רולאון אקס,יחידה,0.00,יחידה,false,,14.90,0.0000,true,1,202573
72940754,false,"מילקי מעדן וניל עם קצפת שטראוס 133 מ""ל","שטראוס גרופ בע""מ",IL,"מילקי וניל 137 מ""ל",מיליליטרים,137.00,"100 מ""ל",false,,2.90,0.0212,true,1,140976
72940761,false,"מילקי מעדן שוקולד עם קצפת שטראוס 133 מ""ל",מיוצר עי קונדיטוריית,IL,מילקי שוקולד מהדרין,מיליליטרים,170.00,"100 מ""ל",false,,2.90,0.0171,true,1,140977
72940952,false,מעדן מילקי בטעם שוקולד עם אקסטרה קצפת,"שטראוס גרופ בע""מ",IL,מילקי פי 2 קצפת מהדר,מיליליטרים,110.00,"100 מ""ל",false,,3.70,0.0336,true,1,140978
72945308,false,קוביות שמרים לאפיה שמרית 2*25 ג',"פאקא תעשיות בע""מ",IL,שמרית קוביות שמרים ל,יחידה,0.00,יחידה,false,,3.50,0.0000,true,1,140982
72961506,false,יוגורט עם תות 1.5% שומן 125 ג' פרילי,מיוצר עי קונדיטוריית,IL,פרילי תות גביע 125 ג,מיליליטרים,125.00,"100 מ""ל",false,,3.50,0.0280,true,1,126800
72961520,false,"פרילי יוגורט עם אננס 1.5% תנובה 125 מ""ל",מיוצר עי קונדיטוריית,IL,פרילי אננס גביע 125,מיליליטרים,125.00,"100 מ""ל",false,,3.50,0.0280,true,1,126802
72961544,false,"באדי יוגורט בטעם תות שדה 3% תנובה 125 מ""ל",מחלבת אלון תבור,IL,באדי יוגרט תות גביע,גרמים,125.00,100 גרם,false,,3.10,0.0248,true,1,126803
72963746,false,**תנובה שמנת חמוצה 15% 200מל,,,שמנת 15% 200מל,מיליליטרים,200.00,"100 מ""ל",false,,2.40,0.0120,true,1,126808
72964132,false,פרילי טבע עם גרנולה 1.5% 200מל,מיוצר עי קונדיטוריית,IL,פרילי טבע 1.9% גביע,מיליליטרים,200.00,"100 מ""ל",false,,5.00,0.0250,true,1,126811
72964422,false,תנובה יוגורט פרחים 4.5% 200מל,מחלבת תנובה,IL,יוגורט פרחים גביע 20,מיליליטרים,200.00,"100 מ""ל",false,,2.60,0.0130,true,1,126812
72986233,false,באדי מעדן וניל גביע 125גרם 2% בדצ,מחלבת אלון תבור,IL,באדי מעדן וניל גביע,מיליליטרים,125.00,"100 מ""ל",false,,3.10,0.0248,true,1,126813
72986370,false,"גלידת בן & ג'ריס פיינטים וניל 500מ""ל",מוצרי איכות אמריקאים,IL,גלידת פיינטים וניל צ,יחידה,420.00,יחידה,false,,23.90,0.0569,true,1,130589
72986424,false,"גלידת בן & ג'ריס פיינטים קרם עוגיות 500מ""ל",מוצרי איכות אמריקאיי,IL,גלידת פיינטים קרם עו,יחידה,420.00,יחידה,false,,23.90,0.0569,true,1,130590
72986448,false,"גלידת בן & ג'ריס פיינטים טופי קראנץ 500מ""ל",מוצרי איכות אמריקאיי,IL,גלידה BEN JERGS,יחידה,420.00,יחידה,false,,23.90,0.0569,true,1,130591
72986455,false,"גלידה בן& ג'ריס ניו יורק סופר פאדג' צ'אנק 500 מ""ל",מוצרי איכות אמריקאיי,IL,גלידת פיינטים ניו-יו,יחידה,420.00,יחידה,false,,23.90,0.0569,true,1,130592
72986479,false,"גלידה שוקולד אגוז עם בננות בן וג'ירי 500 מ""ל",מוצרי איכות אמריקאיי,IL,גלידת פיינטים צאנקי,יחידה,420.00,יחידה,false,,23.90,0.0569,true,1,130593
72989425,false,"גלידת בן & ג'ריס פיינטים שוקולד בראוניז 500מ""ל",מוצרי איכות אמריקאיי,IL,גלידת פיינטים שוקולד,יחידה,500.00,יחידה,false,,23.90,0.0478,true,1,130594
72991886,false,"גלידת דולצ'ה בטעם ריבת חלב עם פאדג' בן וג'ירי 500 מ""ל",מוצרי איכות אמריקאיי,IL,גלידת בן&גריס פיינט,יחידה,750.00,יחידה,false,,23.90,0.0319,true,1,130595
72993637,false,מעדן חלב בטעם שוקולד 125 ג' דני,מחלבת אחיהוד,IL,דני מהדרין שוקו בודד,מיליליטרים,125.00,"100 מ""ל",false,,2.50,0.0200,true,1,140987
72994061,false,חטיף פסק זמן GOOD גלילית לבן 40 גרם,שולן צ'יקולטה גידה ס,IL,פסק זמן טו גוד 36 גר,יחידה,0.00,יחידה,false,,5.00,0.0000,true,1,176781
76106071,false,"סיציליה- מיץ ליים משומר 200מ""ל",Sicilia סיציליה,CH,מיץ ליים משומר 200 מ,מיליליטרים,200.00,"100 מ""ל",false,,8.90,0.0445,true,1,203078
80001287,false,וופל חטיף לואקר אגוז 38 גר',ליימן מותגים,AT,גרדנה אגוז 38 גרם,יחידה,0.00,יחידה,false,,3.60,0.0000,true,1,115150
80001461,false,לואקר חטיף שוקולד 38 גר',"א. לואקר קונפקט בע""מ",AT,גרדנה שוקולד 38 גרם,יחידה,0.00,יחידה,false,,3.60,0.0000,true,1,115151
80001485,false,גרדנה קוקוס 38 גר'25X יח',קריניציה ויטמינה אס,IT,גרדנה קוקוס 38 גרם,יחידה,0.00,יחידה,false,,3.70,0.0000,true,1,115152
80001911,false,וופל גרדנה במילוי קרם אגוזי לוז ובציפוי שוקולד לבן,ליימן מותגים,AT,גרדנה שוקולד לבן במי,יחידה,0.00,יחידה,false,,3.60,0.0000,true,1,165639
80042556,false,POLPA עגבניות חתוכות דק 400 גרם MUTTI,"איי, בי, אינבוו",IT,שימורי עגבניות חתוכו,גרמים,400.00,100 גרם,false,,7.90,0.0198,true,1,259899
80042563,false,רסק עגבניות 700 ג' (צהוב) MUTTI,"איי, בי, אינבוו",IT,רוטב עגבניות 720 גרם,גרמים,720.00,100 גרם,false,,13.90,0.0193,true,1,219377
80043638,false,כורכום טחון אורגני 47 גר קנהמלה,קנמלה Cannamela,,קנהמלה כורכום טחון א,יחידה,0.00,יחידה,false,,16.90,0.0000,true,1,180490
80050124,false,סוכריות טיק טק בטעם מנטה,קריות זול,ZA,סוכריות טיק טק 16 גר,יחידה,0.00,יחידה,false,,3.50,0.0000,true,1,115158
80052760,false,קינדר בואנו Kinder Bueno עם חלב ואגוזי לוז,קריות זול,PL,בואנו חטיף,יחידה,0.00,יחידה,false,,4.20,0.0000,true,1,115165
80136194,false,חטיפי הפי היפו Happy Hippo במילוי קרם חלבי ואגוזי לוז,קינדר Kinder,DE,קינדר הפי היפו אגוזי,יחידה,0.00,יחידה,false,,13.00,0.0000,true,1,178796
80176800,false,נוטלה ממרח שוקולד 750 גרם,פררו תעשיות איטליה ס,IT,ממרח שוקולד נוטלה 75,גרמים,750.00,100 גרם,false,,24.90,0.0332,true,1,115168
80177173,false,ממרח אגוזי לוז עם קקאו,נוטלה Nutella,IT,ממרח שוקולד נוטלה 35,גרמים,350.00,100 גרם,false,,13.90,0.0397,true,1,115169
80177609,false,אצבעות שוקולד קינדר Kinder ארבע יחידות,קריות זול,IT,קינדר אצבעות שוק.חלב,יחידה,0.00,יחידה,false,,4.40,0.0000,true,1,227887
80177616,false,אצבעות שוקולד קינדר Kinder שמונה יחידות,קריות זול,IT,קינדר 100 גרם,גרמים,100.00,100 גרם,false,,7.90,0.0790,true,1,115174
80310167,false,קינדר שוקולד מקסי 126 גר,קינדר,,קינדר מקסי שישייה 12,גרמים,126.00,100 גרם,false,,9.90,0.0786,true,1,192899
80655404,false,שום גבישי אורגני 70 גר קנהמלה,,,קנהמלה שום טחון אורג,יחידה,0.00,יחידה,false,,16.90,0.0000,true,1,180497
80768838,false,מסטיק מנטוס וויט ביג פירות ומנטה 105 ג',פרפטי ואן מלה,TR,מנטוס וויט ביג פירות,גרמים,105.00,100 גרם,false,,16.90,0.1610,true,1,167145
80773429,false,מנטוס בקבוק מעוגל - מסטיק ללא סוכר בטעם תות 60 גרם,פרפטי ואן מלה הולנד,NL,מנטוס פיור פרש בקבוק,יחידה,0.00,יחידה,false,,9.90,0.0000,true,1,180730
80773443,false,מנטוס בקבוק מעוגל - מסטיק ללא סוכר בטעם מנטה 60 גרם,פרפטי ואן מלה הולנד,NL,מנטוס מדיום בבקבוק מ,יחידה,0.00,יחידה,false,,9.90,0.0000,true,1,173356
80776307,false,מסטיק מנטוס ביג בבקבוק מעוגל טעם פירות מנטה 90 ג',פרפטי ואן מלה הולנד,NL,מנטוס ביג בקבוק מעוג,יחידה,0.00,יחידה,false,,16.90,0.0000,true,1,173350
80780595,false,מסטיק מנטוס ביג בבקבוק מעוגל טעם מנטה-עדינה 90 ג',פרפטי ואן מלה הולנד,TR,מנטוס ביג בקבוק מעוג,יחידה,0.00,יחידה,false,,16.90,0.0000,true,1,173351
80790990,false,מסטיק מנטוס בבקבוק מעוגל בטעם פירות -מנטה 60 ג',פרפטי ואן מלה הולנד,NL,מנטוס מדיום בבקבוק מ,יחידה,0.00,יחידה,false,,9.90,0.0000,true,1,173357
80794233,false,מסטיק מנטוס ביג בבקבוק מעוגל טעם מנטה 90 ג',פרפטי ואן מלה הולנד,NL,מנטוס ביג בקבוק מעוג,יחידה,0.00,יחידה,false,,16.90,0.0000,true,1,173352
80804697,false,מסטיק וויט White בטעם מנטה מתוקה ללא סוכר,פרפטי ואן מלה,TR,מנטוס וויט ביג מנטה,גרמים,105.00,100 גרם,false,,16.90,0.1610,true,1,167147
80831402,false,סוכריות מנטוס מנטה עדינה 30 יח' ללא סוכר CLEAN BREATH,פרפטי ואן מלה,NL,סוכרית מנטוס מנטה עד,יחידה,0.00,יחידה,false,,6.90,0.0000,true,1,208981
80843184,false,מנטוס מסטיק פיור פרש בטעם ענבים 60גר,פרפטי ואן מלה הולנד,NL,מנטוס מדיום בבקבוק מ,יחידה,0.00,יחידה,false,,9.90,0.0000,true,1,239679
80854753,false,סוכריות מנטוס מנטה 30 יח' ללא סוכר CLEAN BREATH,פרפטי ואן מלה,TR,סוכרית מנטוס מנטה לל,יחידה,0.00,יחידה,false,,6.90,0.0000,true,1,208982
80862260,false,מסטיק מנטוס פיור וויט מנטה מתוקה 150 גר,פרפטי ואן מלה ברדה,TR,מנטוס פיור וויט טעם,גרמים,150.00,100 גרם,false,,16.90,0.1127,true,1,256929
80864059,false,וופל גרדנה עם קרם חמאת בוטנים בציפוי שוקולד חלב,ליימן מותגים,AT,גרדנה חטיף 38 גרם חמ,יחידה,0.00,יחידה,false,,3.60,0.0000,true,1,256973
80864295,false,סוכריות פיור וויט טעם מנטה עדינה 60 ג' מנטוס,פרפטי ואן מלה הולנד,TR,מנטוס בטעם מנטה עדינ,יחידה,0.00,יחידה,false,,9.90,0.0000,true,1,243356
80896081,false,מנטוס בקבוק מעוגל - מסטיק ללא סוכר בטעם אבטיח 60 גרם,פרפטי ואן מלה הולנד,NL,מנטוס פיור פרש בקבוק,יחידה,0.00,יחידה,false,,9.90,0.0000,true,1,180731
80913467,false,מנטוס בקבוק מעוגל - מסטיק ללא סוכר בטעם מנטה,פרפטי ואן מלה הולנד,NL,מנטוס מדיום בבקבוק מ,יחידה,0.00,יחידה,false,,9.90,0.0000,true,1,173358
80926481,false,מסטיק מנטוס פיור פרש בבקבוק בינוני בטעם אבטיח 90ג',פרפטי ואן מלה הולנד,TR,מנטוס פיור פרש בקבוק,יחידה,0.00,יחידה,false,,16.90,0.0000,true,1,188464
80929277,false,מסטיק מנטוס פיור וויט מנטה עדינה 150 גר,פרפטי ואן מלה ברדה,TR,מנטוס פיור וויט טעם,גרמים,150.00,100 גרם,false,,16.90,0.1127,true,1,256930
80945468,false,סוכריות פיור וויט טעם מנטה מתוקה 60 ג' מנטוס,פרפטי ואן מלה הולנד,TR,מנטוס בבקבוק בטעם מנ,יחידה,0.00,יחידה,false,,9.90,0.0000,true,1,243355
80954521,false,"מנטוס מסטיק פיור פרש - תות 28 גרם (14 יח') חת""ס",פרפטי ואן מלה ברדה,NL,מנטוס מסטיק פיור פרש,יחידה,0.00,יחידה,false,,4.50,0.0000,true,1,220327
80957706,false,מסטיק מנטוס פיור וויט מנטה 150 גר,פרפטי ואן מלה ברדה,TR,מנטוס פיור וויט טעם,גרמים,150.00,100 גרם,false,,16.90,0.1127,true,1,256931
80974215,false,מסטיק מנטוס פיור פרש בבקבוק ביג בטעם תות 90ג',פרפטי ואן מלה הולנד,NL,מנטוס פיור פרש בקבוק,יחידה,0.00,יחידה,false,,16.90,0.0000,true,1,188461
80977070,false,"מנטוס מסטיק פיור פרש - טרופי 28 גרם (14 יח') חת""ס",פרפטי ואן מלה ברדה,NL,מנטוס מסטיק פיור פרש,יחידה,0.00,יחידה,false,,4.50,0.0000,true,1,220328
80979128,false,מנטוס מסטיק בקבוק מעוגל בטעם דובדבן,פרפטי ואן מלה הולנד,TR,מנטוס מדיום בבקבוק מ,יחידה,0.00,יחידה,false,,9.90,0.0000,true,1,239678
80982470,false,מסטיק מנטוס פיור פרוסט בטעם מנטה חזק 60 גר',פרפטי ואן מלה ברדה,NL,מנטוס מסטיק פיור פרו,יחידה,0.00,יחידה,false,,9.90,0.0000,true,1,235930
80986348,false,סוכריות פיור וויט טעם מנטה 60 ג' מנטוס,פרפטי ואן מלה הולנד,TR,מנטוס בבקבוק בטעם מנ,יחידה,0.00,יחידה,false,,9.90,0.0000,true,1,243358
87108538,false,סוכריות בטעם תות מנטוס 37.5 גרם,הדקלאים אגודת שיתופי,NL,מנטוס תות בגליל 37.5,יחידה,0.00,יחידה,false,,3.30,0.0000,true,1,115206
87108651,false,סוכריות בטעם מנטה מנטוס 4*37.5 גרם,הדקלאים אגודת שיתופי,NL,מנטוס מנטה 150 גרם,גרמים,150.00,100 גרם,false,,10.90,0.0727,true,1,115207
87108712,false,סוכריות בטעם פירות מנטוס 4*37.5 גרם,פרפטי ואן מלה ברדה,NL,מנטוס 1/4 פירות 150,גרמים,150.00,100 גרם,false,,10.90,0.0727,true,1,115208
87311396,false,מנטוס ריינבאוו סוכריות לעיסה בטעמי פירות,פרפטי ואן מלה,NL,מנטוס ריינבואו גליל,יחידה,0.00,יחידה,false,,3.30,0.0000,true,1,115214
87354041,false,סוכריות מנטוס גליל בטעם דובדבן,פרפטי ואן מלה,NL,מנטוס גליל בטעם דובד,יחידה,0.00,יחידה,false,,3.30,0.0000,true,1,235932
90034107,false,"בירה שטיגל גולדברו 500 מ""ל",מבשלת שטיגל,AT,"בירה ""שטיגל"" גולדברו",מיליליטרים,500.00,"100 מ""ל",false,,10.90,0.0218,true,1,165975
90087974,false,חומץ טבעי מתפוחים 750 מל,ראוך פרוכטסאפה,AT,"חומץ תפוחים 5% 750 """,מיליליטרים,750.00,"100 מ""ל",false,,12.90,0.0172,true,1,110591
90162602,false,רד בול משקה אנרגיה פקדון 30 אג,רד בול ג'י.אם.בי. אץ,IL,רד בול משקה אנרגיה 2,מיליליטרים,250.00,"100 מ""ל",false,,6.90,0.0276,true,1,156507
90448867,false,"משקה אנרגיה רד בול ללא פחמימות 250 מ""ל",רד בול,AT,רד בול משקה אנרגיה ל,מיליליטרים,250.00,"100 מ""ל",false,,6.90,0.0276,true,1,259351
96130339,false,"דאב - דאודורנט רול און לאישה 0% אלומיניום 50 מ""ל",יוניליוור,GB,דאו רול און אורגינל,יחידה,0.00,יחידה,false,,17.90,0.0000,true,1,240368
96137130,false,"דאודורנט דאב רול און אגס ואלוורה 150 מ""ל",יוניליוור פיליפינים,GB,דאב דאודרנט רול און,מיליליטרים,50.00,"100 מ""ל",false,,17.90,0.3580,true,1,261553
101907075,false,סט קערות 7 חלקים,,,סט קערות 7 חלקים,יחידה,0.00,יחידה,false,,59.90,0.0000,true,1,261149
140100300,false,דג בס טרי שלם,,,דג בס טרי שלם,קילוגרמים,1.00,"ק""ג",true,,49.90,49.9000,true,1,263776
145212128,false,זר פרחים אדום קטיפה,,,זר פרחים אדום קטיפה,יחידה,0.00,יחידה,false,,19.90,0.0000,true,1,269790
145212142,false,ענף אדום קטיפה - 827,,,ענף אדום קטיפה - 827,יחידה,0.00,יחידה,false,,39.90,0.0000,true,1,269792
910004000,false,כרטיס מופע סמי הכבאי,,,כרטיס מופע סמי הכבאי,יחידה,0.00,יחידה,false,,100.00,0.0000,true,1,243907
1230932020,false,פרח - 315,,,פרח - 315,יחידה,0.00,יחידה,false,,12.90,0.0000,true,1,269798
1230932235,false,פרח - 21319,,,פרח - 21319,יחידה,0.00,יחידה,false,,39.90,0.0000,true,1,269815
1404000300,false,דג בס טרי שלם,,,דג בס טרי שלם,קילוגרמים,1.00,"ק""ג",true,,49.90,49.9000,true,1,263777
1724000000,false,דג דניס טרי שלם,,,דג דניס טרי שלם,קילוגרמים,1.00,"ק""ג",true,,64.90,64.9000,true,1,263778
1724000500,false,דג דניס טרי שלם,,,דג דניס טרי שלם,קילוגרמים,1.00,"ק""ג",true,,64.90,64.9000,true,1,263779
1725000000,false,דג דניס טרי שלם,,,דג דניס טרי שלם,קילוגרמים,1.00,"ק""ג",true,,64.90,64.9000,true,1,263786
1725000500,false,דג דניס טרי שלם,,,דג דניס טרי שלם,קילוגרמים,1.00,"ק""ג",true,,64.90,64.9000,true,1,263787
1726000000,false,דג דניס טרי שלם,,,דג דניס טרי שלם,קילוגרמים,1.00,"ק""ג",true,,64.90,64.9000,true,1,263788
1726000500,false,דג דניס טרי שלם,,,דג דניס טרי שלם,קילוגרמים,1.00,"ק""ג",true,,64.90,64.9000,true,1,263789
1727000000,false,דג דניס טרי שלם,,,דג דניס טרי שלם,קילוגרמים,1.00,"ק""ג",true,,64.90,64.9000,true,1,263790
1727000500,false,דג דניס טרי שלם,,,דג דניס טרי שלם,קילוגרמים,1.00,"ק""ג",true,,64.90,64.9000,true,1,263791
2101000304,false,דג לברק טרי שלם,,,דג לברק טרי שלם,קילוגרמים,1.00,"ק""ג",true,,69.90,69.9000,true,1,263800
2102000304,false,דג לברק טרי שלם,,,דג לברק טרי שלם,קילוגרמים,1.00,"ק""ג",true,,69.90,69.9000,true,1,263801
2103000304,false,דג לברק טרי שלם,,,דג לברק טרי שלם,קילוגרמים,1.00,"ק""ג",true,,69.90,69.9000,true,1,263802
2104000304,false,דג לברק טרי שלם,,,דג לברק טרי שלם,קילוגרמים,1.00,"ק""ג",true,,69.90,69.9000,true,1,263803
2300030000,false,פילה סלמון,,,פילה סלמון,קילוגרמים,1.00,"ק""ג",true,,120.00,120.0000,true,1,263807
2300030300,false,פילה סלמון,,,פילה סלמון,קילוגרמים,1.00,"ק""ג",true,,120.00,120.0000,true,1,263808
2603020717,false,דג פורל לבן שלם,,,דג פורל לבן שלם,קילוגרמים,1.00,"ק""ג",true,,79.90,79.9000,true,1,263819
2703020717,false,דג פורל לבן שלם,,,דג פורל לבן שלם,קילוגרמים,1.00,"ק""ג",true,,79.90,79.9000,true,1,263820
4154000304,false,דג מוסר ים טרי שלם,,,דג מוסר ים טרי שלם,קילוגרמים,1.00,"ק""ג",true,,69.90,69.9000,true,1,263822
4162000304,false,דג מוסר ים טרי שלם,,,דג מוסר ים טרי שלם,קילוגרמים,1.00,"ק""ג",true,,69.90,69.9000,true,1,263823
5152000500,false,דג מוסר ים טרי שלם,,,דג מוסר ים טרי שלם,קילוגרמים,1.00,"ק""ג",true,,69.90,69.9000,true,1,263830
5153000500,false,דג מוסר ים טרי שלם,,,דג מוסר ים טרי שלם,קילוגרמים,1.00,"ק""ג",true,,69.90,69.9000,true,1,263834
5154000500,false,דג מוסר ים טרי שלם,,,דג מוסר ים טרי שלם,קילוגרמים,1.00,"ק""ג",true,,69.90,69.9000,true,1,263835
6102521083,false,צלחת מנה ראשונה 19.5,,,צלחת מנה ראשונה 19.5,יחידה,0.00,יחידה,false,,6.90,0.0000,true,1,221128
6635342124,false,בלון מיילר 18- HX OX,,,בלון מיילר 18- HX OX,יחידה,0.00,יחידה,false,,12.90,0.0000,true,1,218061
6635361057,false,בלון מיילר 36- עברית,,,בלון מיילר 36- עברית,יחידה,0.00,יחידה,false,,39.90,0.0000,true,1,218077
8112100298,false,שמן שומשום טהור 185 מ'ל (כ),Flavor full foods in,TW,מזרח ומערב יבוא שמן,מיליליטרים,185.00,"100 מ""ל",false,,14.90,0.0805,true,1,130723
8395274056,false,מארז פיקניק מושלם ל,,,מארז פיקניק מושלם ל,יחידה,0.00,יחידה,false,,69.90,0.0000,true,1,258946
8421425051,false,בובת TY עיניים גדולו,,,בובת TY עיניים גדולו,יחידה,0.00,יחידה,false,,19.90,0.0000,true,1,218163
8421425082,false,בובת TY עיניים גדולו,,,בובת TY עיניים גדולו,יחידה,0.00,יחידה,false,,19.90,0.0000,true,1,218164
8421425136,false,בובת TY עיניים גדולו,,,בובת TY עיניים גדולו,יחידה,0.00,יחידה,false,,19.90,0.0000,true,1,218166
8977119545,false,כוסות OZ 9,,,כוסות OZ 9,00000000000000000000,0.00,00000000000000000000,false,,7.00,0.0000,true,1,144835
9140000080,false,ריח יסמין לרכב,,,ריח יסמין לרכב,00000000000000000000,0.00,00000000000000000000,false,,14.90,0.0000,true,1,163470
9701000517,false,ברמונדי טרי,,,ברמונדי טרי,קילוגרמים,1.00,"ק""ג",true,,59.90,59.9000,true,1,263841
9702000517,false,ברמונדי טרי,,,ברמונדי טרי,קילוגרמים,1.00,"ק""ג",true,,59.90,59.9000,true,1,263842
9703000500,false,ברמונדי טרי,,,ברמונדי טרי,קילוגרמים,1.00,"ק""ג",true,,59.90,59.9000,true,1,263843
11210000032,false,רוטב פלפל טבסקו אדום,מקאילהייני Mc.Ilhenn,US,"טובסקו משפחתי 350 מ""",מיליליטרים,350.00,"100 מ""ל",false,,55.00,0.1571,true,1,132153
11210000094,false,"רוטב ""טבסקו"" על בסיס פלפל אדום 60 מ""ל",מקאילהייני אייבורי,US,טבסקו,יחידה,0.00,יחידה,false,,9.90,0.0000,true,1,132154
11210006508,false,רוטב פלפל הבנרו חריף טבסקו 60 מל,מקאילהייני Mc.Ilhenn,US,רוטב טבסקו,יחידה,0.00,יחידה,false,,15.90,0.0000,true,1,132156
11210007253,false,"רוטב ""טבסקו"" על בסיס פלפל אדום ושום 60 מ""ל",מקאילהייני אייבורי,US,רוטב טבסקו שום,יחידה,0.00,יחידה,false,,9.90,0.0000,true,1,132157
11210607040,false,טבסקו פלפל צפוטלי חריף 60 מל,מקאילהייני Mc.Ilhenn,US,טבסקו פלפל צפוטלי חר,יחידה,0.00,יחידה,false,,9.90,0.0000,true,1,132159
11210618503,false,"רוטב טבסקו על בסיס פלפל סקורפיון 60מ""ל",מק. אילהיני קו,,"טבסקו סקורפיון 60 מ""",יחידה,0.00,יחידה,false,,15.90,0.0000,true,1,208635
13409128428,false,מרינדה טריאקי ודבש 473 גרם,,US,סוויט בייבי רי מירנד,יחידה,0.00,יחידה,false,,21.90,0.0000,true,1,229245
16000185517,false,דגני בוקר פייבר וואן עתירי סובין FIBRE1,בטר אנד דיפרנט,US,פייבר וואן 555 גרם,גרמים,555.00,100 גרם,false,,20.90,0.0377,true,1,259699
16000423534,false,חטיפי גרנולה קראנצ'י עם שיבולת שועל ושוקולד מריר נייצ'ר ואלי 5*42 גרם,ג'נרל מילס סאן אדריא,ES,קראנצי ש.שועל שוקולד,גרמים,210.00,100 גרם,false,,18.90,0.0900,true,1,115219
16000548404,false,חטיפי גרנולה קראנצ'י עם שיבולת שועל ודבש נייצ'ר ואלי 5*42 גרם,ג'נרל מילס סאן אדריא,ES,קראנצי חטיף גרנולה ש,גרמים,210.00,100 גרם,false,,18.90,0.0900,true,1,115226
16000548503,false,חטיפי גרנולה קראנצ'י עם מייפל וסוכר חום נייצ'ר ואלי 5*42 גרם,ג'נרל מילס סאן אדריא,ES,קראנצי חטיף גרנולה ו,גרמים,210.00,100 גרם,false,,18.90,0.0900,true,1,115227
16000548602,false,חטיפי גרנולה קראנצ'י קינמון נייצ'ר ואלי 5*24 גרם,ג'נרל מילס סאן אדריא,ES,קראנצי חטיף גרנולה ק,גרמים,210.00,100 גרם,false,,18.90,0.0900,true,1,115228
16000548909,false,חטיפי גרנולה קראנצ'י במגוון טעמים נייצ'ר ואלי 5*42 גרם,ג'נרל מילס סאן אדריא,ES,קראנצי חטיף גרנולה מ,גרמים,210.00,100 גרם,false,,18.90,0.0900,true,1,115229
18000701223,false,"פילסברי, עוגה בטעם שוקולד, תערובת להכנת עוגה בטעם שוקולד. 500 גרם",הדקלאים אגודת שיתופי,IL,תערובת עוגת שוקולד 5,גרמים,550.00,100 גרם,false,,16.90,0.0307,true,1,115231
18000703517,false,"פילסברי, עוגה בטעם שוקולד וניל, תערובת להכנת עוגה בטעם וניל. 550 גרם.",הדקלאים אגודת שיתופי,IL,תערובת עוגת שיש 550,גרמים,550.00,100 גרם,false,,16.90,0.0307,true,1,115233
18000766413,false,"פילסברי, עוגה בטעם שוקולד, תערובת להכנת עוגה בטעם שוקולד. 550 גרם.",הדקלאים אגודת שיתופי,IL,תערובת עוגת בראוניס,גרמים,550.00,100 גרם,false,,16.90,0.0307,true,1,115234
18123100062,false,מטוס כחול ברזל,,,מטוס כחול ברזל,יחידה,0.00,יחידה,false,,29.90,0.0000,true,1,193997
21285831294,false,מריצה +4 כלים,,,מריצה +4 כלים,00000000000000000000,0.00,00000000000000000000,false,,12.00,0.0000,true,1,163385
21723758887,false,רוטב דגים טיפארוס 700 מל,Tang sang hah co. lt,TH,מזרח ומערב יבוא טיפא,מיליליטרים,700.00,"100 מ""ל",false,,14.00,0.0200,true,1,130725
22200956932,false,דאודורנט ספיד סטיק גל 24/7 כחול 85 גר,הנסיך- מפעל לייצור ט,US,ספיד סטיק 24/7 גל כח,גרמים,51.00,100 גרם,false,,24.90,0.4882,true,1,124601
22200956949,false,דאודורנט ג'ל כתום לגבר ספיד סטיק 85 גרם,קולגייט פלמוליב,BY,ספיד סטיק 24/7 גל כת,גרמים,51.00,100 גרם,false,,24.90,0.4882,true,1,124602
24463061071,false,ממרח פלפל צילי חריף 226 גר,,,סמבל אוליק- ממרח פלפ,גרמים,226.00,100 גרם,false,,21.90,0.0969,true,1,229641
25675120037,false,מקלות חמצוצים תות 100 גרם,פשקס קנדי,NL,חמצוצים מקלות תות 10,גרמים,100.00,100 גרם,false,,7.90,0.0790,true,1,131026
25675120044,false,פשקז חמצוצים בטעם תפוח 100 גרם,פשקז Paskesz,NL,חמצוצים מקלות תפוח ע,גרמים,100.00,100 גרם,false,,7.90,0.0790,true,1,131027
25675301184,false,חמצוצים מקלות חמוצים קולה 50 גרם,פשקז Paskesz,NL,חמצוצים מקלות קולה 5,יחידה,0.00,יחידה,false,,4.90,0.0000,true,1,131032
25675301207,false,מקלות חמוצים חמצוצים תפוח עץ 50 גרם,פשקז Paskesz,NL,חמצוצים מקלות תפוח ע,יחידה,0.00,יחידה,false,,4.90,0.0000,true,1,131033
25700005650,false,שקיות הקפאה גדולות- 14 יח' זיפלוק,אס.סי.גונסון ובניו,US,זיפלוק שקיות הקפאה,יחידה,0.00,יחידה,false,,12.90,0.0000,true,1,218674
25700005681,false,שקיות אחסון סליידר בינוניות -20 יח' זיפלוק,אס.סי גונוסון,US,זיפלוק שקיות אחסון ס,יחידה,0.00,יחידה,false,,15.90,0.0000,true,1,218676
26635029988,false,"כדורים רמה 23-1 ס""מ",,,"כדורים רמה 23-1 ס""מ",00000000000000000000,0.00,00000000000000000000,false,,11.00,0.0000,true,1,125595
30000315989,false,קוואקר פרוטאין חמוציות ושקדים 372 גר,קוואקר אוטס קומפני,US,קוואקר פרוטאין חמוצי,גרמים,372.00,100 גרם,false,,24.90,0.0669,true,1,197022
30891052826,false,דפי אורז מזרח ומערב,Oriental food co. lt,,"דפי אורז 22 ס""מ 400",גרמים,400.00,100 גרם,false,,11.90,0.0298,true,1,209217
31127104750,false,צלחת עמוקה מרובע 8 ס,,,צלחת עמוקה מרובע 8 ס,יחידה,0.00,יחידה,false,,5.00,0.0000,true,1,237645
31290140176,false,שוקולוד מריר בתוספת שקדים שוקולד גודייבה פינגרס,גודייבה,TR,ויסוצקי שוקולד מריר,יחידה,0.00,יחידה,false,,15.90,0.0000,true,1,211079
31290140190,false,שוקולד עם נגיעות מלח ים שוקולד גודייבה פינגרס,גודייבה GODIVA,TR,ויסוצקי שוקולד מריר,יחידה,0.00,יחידה,false,,15.90,0.0000,true,1,211080
33617000026,false,קרקר ואזה 203-275 גרם מקמח מלא 260,כלורוקס אוקלנד,SE,וואזה מקמח מלא 260 ג,גרמים,260.00,100 גרם,false,,13.00,0.0500,true,1,106733
33617322616,false,קרקר ואזה 203-275 גרם מקמח שיפון,כלורוקס אוקלנד,SE,ואזה קלה מקמח שיפון,גרמים,270.00,100 גרם,false,,13.90,0.0515,true,1,106735
33617340610,false,קרקר ואזה 203-275 גרם מקמח שיפון 275,כלורוקס אוקלנד,SE,ואזה פת פריכה מקמח ש,גרמים,275.00,100 גרם,false,,13.90,0.0505,true,1,106736
34000148301,false,הרשי נטיפי שוקולד מריר לאפייה 340 גר,ליימן מותגים,,הרשי נטיפי שוקולד מר,גרמים,340.00,100 גרם,false,,19.90,0.0585,true,1,174057
34000196173,false,הרשי טבלה XL בטעם שוקולד לבן עם שברי עוגיות 113 גרם,ליימן מותגים,US,הרשיז קוקיס אנד קרים,גרמים,113.00,100 גרם,false,,8.90,0.0788,true,1,155242
34000312177,false,הרשי סירופ בטעם שוקולד 680 גרם,ליימן מותגים,US,הרשיז - סירופ שוקולד,מיליליטרים,680.00,"100 מ""ל",false,,17.90,0.0263,true,1,115244
34000442652,false,ריזס טבלה בטעם שוקולד ממולאת קרם בוטנים 120 גרם,ליימן מותגים,US,הרשי ריזיס אקסטרא לא,גרמים,120.00,100 גרם,false,,8.90,0.0742,true,1,155243
34000446001,false,ריזס מיניאטורס- חטיף שוקולד במילוי חמאת בוטנים 150 גרם,ליימן מותגים,,הרשיז - ריזס מיניס ע,גרמים,150.00,100 גרם,false,,9.90,0.0660,true,1,115245
34000470563,false,מארז שוקולד ריסז מיניס 215 גרם,ליימן מותגים,US,ריסז מיניס באריזה מש,גרמים,215.00,100 גרם,false,,19.90,0.0926,true,1,196375
34000544028,false,סוכריות ארוכות בטעם תות טוויזלרס Twizzlers,ליימן מותגים,US,טוויזלרס - ממתק בטעם,גרמים,198.00,100 גרם,false,,8.90,0.0449,true,1,115247
34000544431,false,ממתקי הרשיז טוויזלרס טעם דובדבן 172 גרם,ליימן מותגים,US,טוויזלרס דובדבן 172,גרמים,172.00,100 גרם,false,,8.90,0.0517,true,1,214051
34000996643,false,מארז שוקולד הרשי דרופס 215 גרם,ליימן מותגים,US,הרשי דרופס באריזה מש,גרמים,215.00,100 גרם,false,,19.90,0.0926,true,1,196376
35000458476,false,קולגייט מברשת שיניים ילדים מארז רביעייה,קולגייט פלמוליב,VN,קולגייט מברשת ילדים,יחידה,0.00,יחידה,false,,29.90,0.0000,true,1,197375
35000689535,false,קולגייט מברשת שיניים מקס וייט סופט זוג,COLGATE PALMOLIVE,CN,קולגייט מברשת מקס וי,יחידה,2.00,יחידה,false,,24.90,12.4500,true,1,124605
36000516876,false,ממחטות נייר קלינקס לושן 3 שכבות 75 דף,חוגלה קימברלי,US,קלינקס לושן שלש שכבו,יחידה,75.00,יחידה,false,,10.90,0.1453,true,1,201674
36000516890,false,ממחטות קלינקס לושן 3 שכבות 120 דף,קימברלי,US,קלינקס לושן שלש שכבו,יחידה,120.00,יחידה,false,,14.90,0.1242,true,1,201675
37600207188,false,חמאת בוטנים סקיפי קלאסי 462 גרם,חברת המזון אלגוד,US,סקיפי חמאת בוטנים קל,גרמים,462.00,100 גרם,false,,19.90,0.0431,true,1,141447
37600207256,false,חמאת בוטנים סקיפי עם שברי בוטנים 462 גרם,חברת המזון אלגוד,US,סקיפי חמאת בוטנים עם,גרמים,462.00,100 גרם,false,,19.90,0.0431,true,1,141448
38000138638,false,חטיף צ'יפס פרינגלס פיצה 158 גרם,פרינגלס מנופקצורינג,US,פרינגלס פיצה 158 גרם,גרמים,158.00,100 גרם,false,,8.90,0.0563,true,1,169936
38000183690,false,חטיף צ'יפס פרינגלס מידי ברביקיו 71 גרם,פרינגלס מנופקצ'ורינג,US,חטיף פרינגלס ברביקיו,יחידה,0.00,יחידה,false,,4.90,0.0000,true,1,182137
38000183928,false,פרינגלס חרדל ודבש 158 גרם,פרינגלס מניופקצ'ורינ,US,פרינגלס חרדל ודבש 15,גרמים,158.00,100 גרם,false,,8.90,0.0563,true,1,220395
38000232152,false,פרינגלס חטיפי תפוח אדמה בטעם ברביקיו 158 גרם,פרינגלס מניופקצ'ורינ,US,פרינגלס ברביקיו 158,גרמים,158.00,100 גרם,false,,8.90,0.0563,true,1,205621
38000232169,false,פרינגלס מידי אורגינל 71 גרם,פרינגלס מניופקצ'ורינ,US,פרינגלס חטיף אורגינל,יחידה,0.00,יחידה,false,,4.90,0.0000,true,1,205622
38000232176,false,פרינגלס ביג שמנת בצל 158 גרם,פרינגלס מניופקצ'ורינ,US,פרינגלס שמנת בצל 158,גרמים,158.00,100 גרם,false,,8.90,0.0563,true,1,205623
38000232183,false,פרינגלס ביג אורגינל 149 גרם,פרינגלס מניופקצ'ורינ,US,פרינגלס אורגינל גלקס,גרמים,149.00,100 גרם,false,,8.90,0.0597,true,1,205624
38000845253,false,חטיף צ'יפס פרינגלס מידי שמנת בצל 71 גרם,פרינגלס מנופקצ'ורינג,US,חטיף פרינגלס שמנת בצ,יחידה,0.00,יחידה,false,,4.90,0.0000,true,1,162438
38527591053,false,קואקר דגנים מרובעים שיבולת שועל וקינמון,BEVERAGES FOODS & SE,US,קוואקר מרובעים קינמו,גרמים,412.00,100 גרם,false,,19.90,0.0483,true,1,107320
38527591060,false,דגני קוואקר מרובעים Quaker Squares עם סוכר חום,BEVERAGES FOODS & SE,US,קוואקר מרובעים דגני,גרמים,412.00,100 גרם,false,,19.90,0.0483,true,1,130370
38900779238,false,מיץ אננס דול רביעיות 4*250 מל,דול פיליפינים אינק,,דול מיץ אננס 4*250 מ,מיליליטרים,250.00,"100 מ""ל",false,,19.90,0.0796,true,1,145280
38900779245,false,מיץ אננס דולי ללא סו,,,דול משקה אננס פחית 2,מיליליטרים,250.00,"100 מ""ל",false,,6.00,0.0240,true,1,145281
39000008914,false,אורטגו רוטב טאקו חריף 226 גרם,בי אנד גי,US,אורטגה רוטב לטאקו חר,יחידה,0.00,יחידה,false,,17.90,0.0000,true,1,229973
39047001152,false,ווקרס עוגיות חמאה פינגרס 150 גרם,,GB,ווקרס עוגיות חמאה פי,גרמים,150.00,100 גרם,false,,21.90,0.1460,true,1,167533
39047005426,false,ווקרס ביסקוויט גינגר 150 גרם,,GB,ווקרס ביסקוויט עם ג',גרמים,150.00,100 גרם,false,,21.90,0.1460,true,1,167484
39047010208,false,"ווקרס עוגיות חמאה עגולות לל""ג 140 גרם",,IT,ווקרס עוגיות חמאה עג,גרמים,140.00,100 גרם,false,,28.90,0.2064,true,1,228715
39047010215,false,"ווקרס עוגיות חמאה ש.ציפס לל""ג 140 גרם",,IT,ווקרס עוגיות חמאה שו,גרמים,140.00,100 גרם,false,,28.90,0.2064,true,1,228721
39047010222,false,"ווקרס ביסקוויט גינגר לימון לל""ג 140 גרם",,IT,ווקרס ביסקוויט עם ג',גרמים,140.00,100 גרם,false,,28.90,0.2064,true,1,228716
39047014077,false,עוגיות ווקרס חמאה עג,,GB,ווקרס עוגיות חמאה עג,גרמים,170.00,100 גרם,false,,21.90,0.1288,true,1,167486
40000512943,false,סוכריות אם אנד אמס M&M שוקולד חלב,M&M אם אנד אם,US,מ&מ שוקולד 300 גרם,גרמים,300.00,100 גרם,false,,20.90,0.0697,true,1,183160
40000513568,false,סוכריות אם אנד אמס M&M שוקולד חלב,M&M אם אנד אם,US,אמ אנד אמז שוקו 156,גרמים,156.00,100 גרם,false,,11.90,0.0763,true,1,174739
40000513629,false,M&M's חמאת בוטנים אריזה גדולה 152 גרם,מארס,US,אמ אנד אמז חמאת בוטנ,גרמים,142.00,100 גרם,false,,11.90,0.0838,true,1,174741
40000514480,false,M&M אריזה קטנה's שוקולד אריזה קטנה 48 גרם,M&M אם אנד אם,US,אם אנד אמז שוקולד 48,יחידה,0.00,יחידה,false,,5.00,0.0000,true,1,169580
40000514510,false,M&M אריזה קטנה's בוטנים אריזה קטנה 49 גרם,M&M אם אנד אם,US,אמ אנ אמ בוטנים 49 ג,יחידה,0.00,יחידה,false,,5.00,0.0000,true,1,165773
41190052028,false,שופרייט חרדל צהוב לח,,,שופרייט חרדל צהוב לח,גרמים,227.00,100 גרם,false,,9.90,0.0436,true,1,199983
41255015296,false,מחית אוכמניות לעוגה 595 גרם,,,דנקן היינס מילוי לפא,גרמים,595.00,100 גרם,false,,27.90,0.0469,true,1,227111
41255015388,false,מחית דובדבנים קוסטוק 595 גר',,,מחית דובדבנים 595 ג,גרמים,595.00,100 גרם,false,,26.90,0.0452,true,1,227206
41390001079,false,"רוטב סויה קיקומן מופחת נתרן 444 מ""ל",קיקומן פודז אינק,US,קיקומן רוטב סויה דל,מיליליטרים,444.00,"100 מ""ל",false,,19.90,0.0448,true,1,243561
41390010309,false,"רוטב טריאקי קיקומן 444 מ""ל",קיקומן פודז אינק,US,קיקומן רוטב טריאקי 4,מיליליטרים,444.00,"100 מ""ל",false,,19.90,0.0448,true,1,249325
41421177452,false,"רייטס רוטב היקורי מעושן מרוכז 103 מ""ל",בי אנד ג'י,US,רייט'ס רוטב היקורי מ,מיליליטרים,103.00,"100 מ""ל",false,,16.90,0.1641,true,1,229977
41500000299,false,פרנצ'ס חרדל דיזיון לחיץ 340 גרם,פרנצ'ס,US,חרדל דבש דיג'ון 340,גרמים,340.00,100 גרם,false,,17.90,0.0526,true,1,255896
41500013183,false,רוטב סויה וורצסטר פרנצס גדול,,US,"רוטב וורצ'סטר 443 מ""",מיליליטרים,443.00,"100 מ""ל",false,,24.90,0.0562,true,1,261495
41500745107,false,"אמריקן גורנן רד הוט 354 מ""ל כנפיים",,US,רוטב רד הוט באפלו לכ,מיליליטרים,354.00,"100 מ""ל",false,,24.90,0.0703,true,1,269635
42400108153,false,דגני בוקר צבעוניים בטעם פירות טוטי פרוטיס,פוסט ארצות הברית,US,חטיף דגני ממתוקים בט,גרמים,354.00,100 גרם,false,,21.90,0.0619,true,1,219528
43213969009,false,תחתונים לגבר חמישייה,,,תחתונים לגבר חמישייה,יחידה,0.00,יחידה,false,,29.90,0.0000,true,1,225443
44600012049,true,קלורוקס,,,קלורוקס,,0.00,,false,,17.90,0.0000,true,1,180440
46214372250,false,"עוגיות שטרודל פריכות תפו""ע וצימוקים",מרבה Merba,NL,עוגיות שטרודל פריכות,גרמים,225.00,100 גרם,false,,9.90,0.0440,true,1,124607
46214382259,false,עוגיות בראוניס שוקולד 225 ג',בנקטבקריי מרבה בי.וי,NL,מרבה עוגיות בראוניס,גרמים,225.00,100 גרם,false,,9.90,0.0440,true,1,124608
46214731552,false,עוגיות שוקולד ציפס מובחרות 225 ג',קריניציה ויטמינה אס,NL,עוגיות שוקולד ציפס מ,גרמים,225.00,100 גרם,false,,9.90,0.0440,true,1,124609
47800175477,false,"רייטס רוטב מסקיט מעושן מרוכז 103 מ""ל",בי אנד ג'י,US,רייט'ס רוטב מסקיט מע,מיליליטרים,103.00,"100 מ""ל",false,,16.90,0.1641,true,1,229978
47997123268,false,מגיק תערובת תבול ירקות 71 גר,,,מג'יק תיבול ירקות 71,יחידה,0.00,יחידה,false,,16.90,0.0000,true,1,229981
47997123848,false,מגיק לציפוי עוף 680 גרם,,,מג'יק תיבול פירורי ל,גרמים,680.00,100 גרם,false,,21.90,0.0322,true,1,229983
47997123909,false,מגיק לתיבול ברביקיו 156 גרם,מג'יק,US,מג'יק תיבול ברביקיו,גרמים,156.00,100 גרם,false,,21.90,0.1404,true,1,229984
49742861642,false,טוש פנדה שמן ארט ליי,,,טוש פנדה שמן ארט ליי,00000000000000000000,0.00,00000000000000000000,false,,10.00,0.0000,true,1,163726
50000015474,false,מזון חתולים יבש מעדני הים 3.15 פאונד,פריסקיז,US,"פריסקיז דגים 1.42 ק""",קילוגרמים,1.42,"ק""ג",false,,39.90,28.0986,true,1,232776
50000084500,false,מזון יבש לחתול בטעם נתחי ברביקיו פריסקיז Friskies,נסטלה פורינה USA מק,US,פריסקיז מעדני השף 1.,קילוגרמים,1.43,"ק""ג",false,,39.90,27.9021,true,1,123038
50000100347,false,"פריסקיז - מעדני החתול מועשר בחלב 1.40 ק""ג",נסטלה פורינה USA מק,US,פריסקיז מעדני החתול,קילוגרמים,1.40,"ק""ג",false,,39.90,28.5000,true,1,123040
50000168583,false,"פריסקיז אקסטרא קראנץ 1.47 ק""ג",פריסקיז,US,פריסקיז אקסטרא קראנץ,קילוגרמים,1.43,"ק""ג",false,,39.90,27.9021,true,1,232780
50000225224,false,פריסקיז פריים פילה הודו ברוטב 156 גר',נסטלה פורינה USA קר,US,פריסקיז פריים פילה ה,גרמים,156.00,100 גרם,false,,6.90,0.0442,true,1,162065
50000237951,false,פריסקיז פארטי מיקס מיקס גריל קראנץ10*60גרם,פורינה,US,פריסקיז פארטי מיקס ג,יחידה,0.00,יחידה,false,,11.90,0.0000,true,1,260171
50000445691,false,פריסקיז 156 גרם נתחי עוף וסלומון ברוטב,נסטלה פורינה USA קר,US,פריסקיז נתחי עוף וסל,גרמים,156.00,100 גרם,false,,6.90,0.0442,true,1,123050
50000571987,false,פריסקיז נתחי עוף ברוטב 156גרם,נסטלה פורינה USA קר,US,פריסקיז נתחי עוף ברו,גרמים,156.00,100 גרם,false,,6.90,0.0442,true,1,123051
50000574414,false,פריסקיז פארטי מיקס פיקניק קרנץ*59.500ג,פורינה,US,פריסקיז פארטי מיקס פ,יחידה,0.00,יחידה,false,,11.90,0.0000,true,1,260172
50000578238,false,פריסקיז פרטי מיקס קר,פורינה,US,פריסקיז פארטי מיקס ק,יחידה,0.00,יחידה,false,,11.90,0.0000,true,1,260174
51131978393,false,זוג שפורפרות סופר גלו גל 4 גר,Unknown,,זוג שפורפרות סופר גל,יחידה,0.00,יחידה,false,,16.90,0.0000,true,1,179064
52100070995,false,תמצית וניל מקורמיק 2,מקורמיק,US,תמצית טעם וניל 28.3,יחידה,0.00,יחידה,false,,10.90,0.0000,true,1,190214
54881000062,false,תה שחור לימונית וקמומיל 20 שקיות אחמד,אחמד תה אנגליה,AE,תה קמומיל ולימונית 2,יחידה,0.00,יחידה,false,,8.90,0.0000,true,1,169768
54881000208,false,תה שחור לימון וגינגיר 20 שקיות אחמד,אחמד תה אנגליה,AE,תה לימון וגינגר 20 ש,יחידה,0.00,יחידה,false,,8.90,0.0000,true,1,169770
54881006941,false,תה שחור תפוח 20 שקיקים אחמד,גיבונג אינדסקיאלס,,תה שחור תפוח 20שק,יחידה,0.00,יחידה,false,,8.90,0.0000,true,1,164684
54881008174,false,תה אחמד ארל גריי 100 שקיקים,תה אחמד Ahmad tea,AE,תה ארל גריי 100 שק,יחידה,100.00,יחידה,false,,16.90,0.1690,true,1,110600
54881008181,false,תה אחמד אינגליש 100 שקיקים,תה אחמד Ahmad tea,AE,תה אינגליש 100 שק,יחידה,100.00,יחידה,false,,16.90,0.1690,true,1,110601
54881016001,false,חליטת4 סוגי פרי וצמח,,AE,חליטות 4 טעמים 20 שק,יחידה,0.00,יחידה,false,,9.90,0.0000,true,1,206875
55369901673,false,אפלסנקס רביעיות רסק תפוחי עץ אפרסק ללא תוספת סוכר,ליייהי אורצ'רדס,,אפלסנקס אפרסק ללא סו,יחידה,0.00,יחידה,false,,14.90,0.0000,true,1,199985
55369902564,false,אפלסנקס רביעיות רסק תפוחי עץ ללא תוספת סוכר עברית,ליייהי אורצ'רדס,CA,אפלסנקס ללא סוכר רבי,יחידה,0.00,יחידה,false,,14.90,0.0000,true,1,199989
58449870241,false,"כדורוני תירס עם קקאו לל""ג אורגני 284 גרם",נאטשר פאת פוד,US,שוקו שימפס כדרוני תי,גרמים,325.00,100 גרם,false,,25.90,0.0797,true,1,227193
64144090013,false,פאם תרסיס על בסיס שמן קנולה בטעם חמאה,קונאגרה פודס,US,שמן חמאה ספריי 141 ג,גרמים,141.00,100 גרם,false,,18.20,0.1291,true,1,115250
64144090020,false,"ספריי שמן PAM בטעם שמן זית 141 מ""ל",קונאגרה פודס,US,תרסיס שמן פאם שמן זי,גרמים,141.00,100 גרם,false,,18.20,0.1291,true,1,115251
64144090051,false,"ספריי שמן PAM קנולה אורגינל 148 מ""ל",קונאגרה פודס,US,תרסיס שמן פאם קנולה,מיליליטרים,148.00,"100 מ""ל",false,,18.20,0.1230,true,1,115252
70177077563,false,תה ארל גריי 25 שקיות טוינינגס 50 גר,אר. טווינינגס אנד קו,PL,ארל גריי 50 גרם,יחידה,0.00,יחידה,false,,18.90,0.0000,true,1,184704
70177077693,false,תה אנגליש ברקפסט 25 שקיות טוינינגס 50 גר,אר. טווינינגס אנד קו,PL,אינגליש ברקפסט 50 גר,יחידה,0.00,יחידה,false,,18.90,0.0000,true,1,184705
70177078775,false,תה ליידי גריי טוויני,טווינינגס Twinings,,ליידי גריי 50 גרם,יחידה,0.00,יחידה,false,,18.90,0.0000,true,1,184706
70177086664,false,תה ירוק טהור 25 שק TWININGS,טווינינגס Twinings,GB,טוינינגס תה ירוק 50,יחידה,0.00,יחידה,false,,19.90,0.0000,true,1,186192
70177173166,false,תה יסמין ירוק 25 שקיקים TWININGS,טווינינגס Twinings,PL,גרין ג'סמין 45 גרם,יחידה,0.00,יחידה,false,,19.90,0.0000,true,1,184699
70177176914,false,תה טווינינג ארל גריי נטול קפאין 25 שקיקי,טווינינגס Twinings,,תה ארל גריי טוויניי,יחידה,0.00,יחידה,false,,21.90,0.0000,true,1,191459
70177177683,false,חליטה קמומיל האני 30 גרם טווינינג,טוינינג,PL,חליטת קמומיל האני 30,יחידה,0.00,יחידה,false,,16.90,0.0000,true,1,184717
70177177737,false,חליטה פיור קמומיל 20 גרם טווינינג,טווינינגס Twinings,PL,חליטת פיור קמומיל 20,יחידה,0.00,יחידה,false,,16.90,0.0000,true,1,184720
70177273330,false,חליטת ורבנה 37.5 גרם טווינינג,טוינינג,PL,חליטת ורבנה 30 גרם,יחידה,0.00,יחידה,false,,16.90,0.0000,true,1,227528
71570001667,false,גלי בלי סוכריות 20 טעמים 70 גרם,ג'לי בלי קינדי,TH,ג'לי בלי סוכריות 20,יחידה,0.00,יחידה,false,,12.90,0.0000,true,1,200038
71570001858,false,גלי בלי סוכריות מיקס פירות 70 גרם,ג'לי בלי קינדי,TH,ג'לי בלי סוכריות בטע,יחידה,0.00,יחידה,false,,12.90,0.0000,true,1,200040
71570004293,false,גלי בלי סוכריות פניניות 70 גרם,ג'לי בלי קנדי,,ג'לי בלי סוכריות מנצ,יחידה,0.00,יחידה,false,,9.90,0.0000,true,1,200041
72600007130,false,הר חטיף תפוח אדמה חלפינו חריף 170 גרם,הר פודס,,הר חטיף תפוח אדמה חל,גרמים,170.00,100 גרם,false,,19.90,0.1171,true,1,199996
72600062290,false,הר חטיף בטעם גבינה חריף 198 גרם,הר פודס,US,הר חטיף גבינה בטעם ג,גרמים,198.00,100 גרם,false,,21.90,0.1106,true,1,199993
72600062306,false,חטיף הר פודס בטעם גבינה 198 גרם,הר פודס,,הר חטיף גבינה 198 גר,גרמים,198.00,100 גרם,false,,21.90,0.1106,true,1,199992
72600062320,false,הר חטיף גבינה בטעם פיצה 198 גרם,הר פודס,,הר חטיף גבינה בטעם פ,גרמים,198.00,100 גרם,false,,21.90,0.1106,true,1,199994
73490130946,false,ביסקויט פתי בר בטעם וניל 500 גרם,אפיפית נצרת,IL,ביסקויט פתיבר הדר ונ,גרמים,500.00,100 גרם,false,,7.90,0.0158,true,1,233999
73490130953,false,ביסקויט בטעם שוקולד 500 גרם,אפיפית נצרת,IL,ביסקויט פתיבר הדר שו,גרמים,500.00,100 גרם,false,,7.90,0.0158,true,1,234000
74570274000,false,גלידה בטעם קרם עוגיות 473 ג' האגן דאז,האגן-דאז,,גלידת האגן דאז קרם ע,יחידה,0.00,יחידה,false,,22.90,0.0000,true,1,237369
76808009361,false,עוגיות לב ושבבי שוקולד מריר 200 גרם,,,עוגיות בצורת לב עם ש,גרמים,200.00,100 גרם,false,,15.90,0.0795,true,1,258924
76840002542,false,"גלידת בן & ג'ריס פיינט נטפליקס וצ'ילד 500מ""ל",מוצרי איכות אמריקאים,IL,גלידת חמאת בוטנים עם,גרמים,420.00,100 גרם,false,,23.90,0.0569,true,1,210458
76840100156,false,"בן אנד גריס גלידת צרי גרסיה 500 מ""ל",מוצרי איכות אמריקאיי,IL,גלידת פיינט צ'רי גרס,יחידה,0.00,יחידה,false,,23.90,0.0000,true,1,248585
76840100583,false,"גלידת וניל עם בצק עוגיות בן וג'ירי 473 מ""ל",מוצרי איכות אמריקאיי,IL,גלידה וניל +בצק עוגי,גרמים,473.00,100 גרם,false,,23.90,0.0505,true,1,130605
76840400218,false,"גלידה בן&ג'ריס תות שדה ועוגת גבינה 500מ""ל",מוצרי איכות אמריקאיי,IL,בן&גריס גלידה תות שד,מיליליטרים,475.00,"100 מ""ל",false,,23.90,0.0503,true,1,130616
77245110610,false,סוכריות מאסט ללא סוכר בטעם מנטה 80 ג'עלית,MIESZKO S.A - MS. JO,PL,סוכריות MUST ללא סוכ,יחידה,0.00,יחידה,false,,6.90,0.0000,true,1,129664
77975010167,false,סניידרס חטיף מקלוני חיטה בתוספת דבש 340.2 גרם,סניידרס Snyder's,US,חטיף מקלוני חיטה בתו,גרמים,340.00,100 גרם,false,,15.90,0.0468,true,1,176536
77975036976,false,מטבל עגבניות בחריפות עדינה סניידרס 439 ג',סניידרס Snyder's,US,סניידרס מטבל עגבניות,גרמים,439.00,100 גרם,false,,16.90,0.0385,true,1,161031
77975094624,false,"סניידרס סנדוויץ בייגלה במילוי חמאת בוטנים , 226 ג'",סניידרס Snyder's,US,סניידרס שברי בייגלה,גרמים,283.50,100 גרם,false,,15.90,0.0561,true,1,225738
77975094631,false,סנדביץ בייגלה במילוי קרם בטעם צ'דר 226 גרם סניידרס,סניידרס Snyder's,US,סניידר בייגלה סנדווי,גרמים,226.00,100 גרם,false,,15.90,0.0704,true,1,215365
77975094761,false,סניידרס חטיפים על בסיס קמח חיטה בטעם גבינת צ'דר,סניידרס Snyder's,US,סניידרס בטעם צדר 340,גרמים,340.00,100 גרם,false,,15.90,0.0468,true,1,235931
77975094778,false,שברי בייגלה סניידרס בטעם דבש חרדל 340 גר,סניידרס Snyder's,US,סניידרס שברי בייגלה,גרמים,340.00,100 גרם,false,,15.90,0.0468,true,1,238029
77975095157,false,סניידרס שברי בייגלה וחלפיניו 340 גרם,סניידרס Snyder's,US,סניידרס שברי בייגלה,גרמים,318.00,100 גרם,false,,15.90,0.0500,true,1,256935
78652673071,false,סט של 5 קופסאות עם מ,,,סט של 5 קופסאות עם מ,יחידה,0.00,יחידה,false,,12.90,0.0000,true,1,252830
80432402825,false,"וויסקי גלגליווט 12 שנה 700 מ""ל",מזקקת גלנליווט,GB,וויסקי גלנליווט סינג,מיליליטרים,700.00,"100 מ""ל",false,,179.00,0.2557,true,1,217675
80432402931,false,"וויסקי סקוטי, שיבאס ריגאל 12 שנה, 700 מ''ל",מזקקת האחים שיבאס,GB,וויסקי שיבאס ריגאל 1,מיליליטרים,750.00,"100 מ""ל",false,,129.90,0.1732,true,1,144328
80432402979,false,וויסקי סינגל מאלט גלן גראנט 10 שנים 700,,,וויסקי גלן גראנט 10,מיליליטרים,700.00,"100 מ""ל",false,,129.90,0.1856,true,1,244860
80432402993,false,"וויסקי סינגל מאלט גלן גראנט 700 מ""ל TMR",,,וויסקי גלן גראנט 700,מיליליטרים,700.00,"100 מ""ל",false,,99.90,0.1427,true,1,184300
82184090442,false,וויסקי גק דניאלס 1 ליטר,ג'ק דניאלס,US,ג'ק דניאלס 1 ליטר,ליטרים,1.00,ליטר,false,,149.90,149.9000,true,1,179692
84279978727,false,יין גוורצטרמינר פאלץ,,DE,יין גוורצטמינר פאלץ,מיליליטרים,700.00,"100 מ""ל",false,,49.90,0.0713,true,1,129614
84380987649,false,"וודקה פרבדה 750 מ""ל",,,"וודקה פרבדה 750 מ""ל",מיליליטרים,750.00,"100 מ""ל",false,,99.90,0.1332,true,1,202850
87666052819,false,"רוטב סריראצ'ה סופר חריף 455 מ""ל",EXOTIC FOOD PCL,,רוטב סריראצ'ה סופר ח,מיליליטרים,455.00,"100 מ""ל",false,,28.90,0.0635,true,1,228770
88586425868,false,יין טו ויינס גוורצטרמינר 750 מל,"ארה""ב סיינט מישל ווי",,טו ויינז -גוורצטרמינ,מיליליטרים,750.00,"100 מ""ל",false,,44.90,0.0599,true,1,128120
89397344300,false,דיניקולה רוטב פסטה עגבניות ובזיל 737 גרם,ג'יאובני פוד אינק,US,דיניקולה רוטב פסטה ע,גרמים,737.00,100 גרם,false,,18.90,0.0256,true,1,200024
89744770073,false,יין ריוניטה סנגריה ל,,,ריוניטה סנגריה לבנה,מיליליטרים,250.00,"100 מ""ל",false,,8.90,0.0356,true,1,263997
93133737301,false,רוטב טריאקי גינגר 566 גר,,,מייקי רוטב טריאקי ג',גרמים,566.00,100 גרם,false,,39.90,0.0705,true,1,229994
93133737325,false,רוטב טריאקי שומשום עברית 566 גרם,אקזוטיק סאוס,US,מייקי רוטב טריאקי שו,יחידה,0.00,יחידה,false,,39.90,0.0000,true,1,229995
195480030088,false,שוקולד צמקאו מריר אופנהיימר לאפייה ובישול 300ג',אופנהיימר,IL,אופנ. צימקאו מריר 30,גרמים,300.00,100 גרם,false,,8.90,0.0297,true,1,259942
305210416383,false,"ואזלין קרם גוף לגבר נספג במהירות 600 מ""ל",וזלין Vaseline,US,וזלין תחליב גוף לגבר,מיליליטרים,600.00,"100 מ""ל",false,,23.90,0.0398,true,1,178364
305213079004,false,"תחליב גוף להזנה עמוקה צהוב וזלין 600 מ""ל",וזלין Vaseline,US,וזלין תחליב גוף צהוב,מיליליטרים,600.00,"100 מ""ל",false,,23.90,0.0398,true,1,178365
308910525744,false,אטריות אורז דקות 454 גרם ורמיצ'לי (כ),ליאן תאי רייס,TH,אטריות אורז דקות ורמ,גרמים,454.00,100 גרם,false,,10.90,0.0240,true,1,203703
356989463127,false,כבל חשמאל,,,כבל חשמאל,יחידה,0.00,יחידה,false,,19.90,0.0000,true,1,246962
400717510407,false,מחדד שטדלר מתכת 510-,,,מחדד שטדלר מתכת 510-,00000000000000000000,0.00,00000000000000000000,false,,5.00,0.0000,true,1,163734
541319137134,false,פיירי נוזל כלים 1ליט,,,פיירי נוזל כלים 1ליט,ליטרים,1.00,0000000000000000ליטר,false,,10.00,10.0000,true,1,163252
590108990407,false,מלפפונים מוחמצים 860,,,מלפפונים מוחמצים 860,גרמים,860.00,00000000000000000גרם,false,,13.90,0.0162,true,1,154627
606795216215,false,עץ קטן - 7560,,,עץ קטן - 7560,יחידה,0.00,יחידה,false,,19.90,0.0000,true,1,269860
606795216475,false,פרח לבן + זהב - 3703,,,פרח לבן + זהב - 3703,יחידה,0.00,יחידה,false,,14.90,0.0000,true,1,269880
606795217045,false,כובע - CA-04,,,כובע - CA-04,יחידה,0.00,יחידה,false,,10.00,0.0000,true,1,269923
606795217069,false,כובע - CA-06,,,כובע - CA-06,יחידה,0.00,יחידה,false,,10.00,0.0000,true,1,269925
606795217090,false,כובע - CA-09,,,כובע - CA-09,יחידה,0.00,יחידה,false,,10.00,0.0000,true,1,269927
608614310395,false,קוסקוס בינוני חיטת דורום 350 גרם Avel,,IT,קוסקוס אבאל בינוני,גרמים,350.00,100 גרם,false,,4.90,0.0140,true,1,186641
608614319640,false,חבילת צ'אנקים הדרים,,,חבילת צ'אנקים הדרים,יחידה,0.00,יחידה,false,,44.90,0.0000,true,1,233756
628154383659,false,דגני בוקר פרוטי פבלס 311 ג' POST,פוסט ארצות הברית,US,פרוטי פבלס דגני בוקר,גרמים,311.00,100 גרם,false,,20.90,0.0672,true,1,259705
633824913432,false,"וודקה וואן גוך בטעם אסאי בלוברי, 750 מ''ל",מזקקת קוימאנס טילבור,NL,ואן גוך וודקה אסאי ב,מיליליטרים,750.00,"100 מ""ל",false,,139.90,0.1865,true,1,128133
643540760074,false,מברשת שיניים דיסני ק,,,מברשת שיניים דיסני ק,יחידה,0.00,יחידה,false,,9.90,0.0000,true,1,212263
643540760258,false,מברשת שיניים דיסני ק,,,מברשת שיניים דיסני ק,יחידה,0.00,יחידה,false,,9.90,0.0000,true,1,212268
644209301423,false,באטרוורס תערובת להכנת פנקייק וואפל 907 ג,,,באטרווס תערובת להכנת,גרמים,907.00,100 גרם,false,,24.90,0.0275,true,1,227072
644209414550,false,דנקן היינס תערובת עוגת קונפטי 432 גרם,,,דנקן היינס תערובת עו,גרמים,432.00,100 גרם,false,,21.90,0.0507,true,1,227083
649660432020,false,היל ויו שזיפים מיובשים מגולענים 567 גרם,היליו פאקינג קוסמי א,US,היל ויו שזיפים מיובש,גרמים,567.00,100 גרם,false,,29.90,0.0527,true,1,200029
651080161510,false,פלקרס פולסר לשיניים צפופות-מנטה 35 יחידו,מיוצר עי קונדיטוריית,CN,פלקרס פלוסר,יחידה,0.00,יחידה,false,,14.00,0.0000,true,1,197121
651080647519,false,"פלאקרס ""פלוסר ""חוט דנטלי ירוק -מנטה","פלקרס רנור ארה""ב",US,פלקרס פלוסר מנטה,יחידה,0.00,יחידה,false,,14.00,0.0000,true,1,197124
653694000117,false,רוטב חזרת לחיץ 453 גרם,GALLO,US,רוטב חזרת A&H,יחידה,0.00,יחידה,false,,21.90,0.0000,true,1,200036
663701708158,false,אוזניות דרגו פרימיום,,,אוזניות דרגו פרימיום,יחידה,0.00,יחידה,false,,15.00,0.0000,true,1,241425
663701708189,false,דרגו הולדר לנייד מדב,,,דרגו הולדר לנייד מדב,יחידה,0.00,יחידה,false,,19.90,0.0000,true,1,241434
663701708301,false,דרגו מטען קיר טייפ ס,,,דרגו מטען קיר טייפ ס,יחידה,0.00,יחידה,false,,29.90,0.0000,true,1,241360
663701708318,false,דרגו מטען קיר אייפון,,,דרגו מטען קיר אייפון,יחידה,0.00,יחידה,false,,29.90,0.0000,true,1,241359
667550528523,false,"מיי גוף ספריי פלטיניום אייס ויקטוריה סיקרט - 250 מ""ל",,,ו.סיקריט בודי ספריי,מיליליטרים,250.00,"100 מ""ל",false,,59.90,0.2396,true,1,248502
667550528530,false,"ו.סיקריט בודי ספריי דיימונד פטאלס 250מ""ל",,,ו.סיקריט בודי ספריי,מיליליטרים,250.00,"100 מ""ל",false,,59.90,0.2396,true,1,248498
667553847089,false,ויקטוריה סקרט מיי גו,,,ויקטוריה סקרט מיי גו,יחידה,0.00,יחידה,false,,59.90,0.0000,true,1,267147
673324216473,false,מגבת 40*60,,,מגבת 40*60,יחידה,0.00,יחידה,false,,8.90,0.0000,true,1,258671
673324216480,false,מגבת 50*90,,,מגבת 50*90,יחידה,0.00,יחידה,false,,16.90,0.0000,true,1,258672
673324216497,false,מגבת 70*140,,,מגבת 70*140,יחידה,0.00,יחידה,false,,39.90,0.0000,true,1,258673
673324216503,false,מגבת 90*150,,,מגבת 90*150,יחידה,0.00,יחידה,false,,49.90,0.0000,true,1,258674
673324216510,false,מגבת 100*150,,,מגבת 100*150,יחידה,0.00,יחידה,false,,69.90,0.0000,true,1,258675
673324216565,false,חלוק רחצה 100% כותנה,,,חלוק רחצה 100% כותנה,יחידה,0.00,יחידה,false,,80.00,0.0000,true,1,266951
693154125786,false,דבק מגע,,,דבק מגע,00000000000000000000,0.00,00000000000000000000,false,,3.00,0.0000,true,1,153407
693493065351,false,מלפפון בייבי משק פר,Unknown,,מלפפון בייבי,יחידה,0.00,יחידה,false,,9.90,0.0000,true,1,238380
693493082013,false,"שקית קרח 2 ק""ג אקסטר",,,"שקית קרח 2 ק""ג אקסטר",קילוגרמים,2.00,"ק""ג",false,,9.90,4.9500,true,1,209071
693493087599,false,שתי מקלות וניל,,,שתי מקלות וניל,יחידה,0.00,יחידה,false,,30.00,0.0000,true,1,218614
693493138994,false,אחלה בוטנים 100 גרם,,,אחלה בוטנים 100 גרם,יחידה,0.00,יחידה,false,,5.90,0.0000,true,1,249347
693493139007,false,"אחלה תפו""א ברביקיו 1",,,"אחלה תפו""א ברביקיו 1",יחידה,0.00,יחידה,false,,5.90,0.0000,true,1,249350
693493139014,false,"אחלה תפו""א צינורית 1",,,"אחלה תפו""א צינורית 1",יחידה,0.00,יחידה,false,,5.90,0.0000,true,1,249348
693493139021,false,אחלה דלוקס טבעי 100,,,אחלה דלוקס טבעי 100,יחידה,0.00,יחידה,false,,5.90,0.0000,true,1,249351
693493139038,false,אחלה חיטה מתוקה 100,,,אחלה חיטה מתוקה 100,יחידה,0.00,יחידה,false,,5.90,0.0000,true,1,249349
693493167857,false,קופסא פלאפל צהוב 720 ג' סופרא,,,פלאפל סופרא צהוב,יחידה,0.00,יחידה,false,,29.90,0.0000,true,1,256079
693493167864,false,קופסא פלאפל פיקנטי 720 ג' סופרא,,,פלאפל סופרא פיקנטי,יחידה,0.00,יחידה,false,,29.90,0.0000,true,1,256080
694270915722,false,כבל טריפל 3 יציאות,,,כבל טריפל 3 יציאות,יחידה,0.00,יחידה,false,,19.90,0.0000,true,1,241373
696422553078,false,"מגש עגול 36 ס""מ",,,"מגש עגול 36 ס""מ",יחידה,0.00,יחידה,false,,14.90,0.0000,true,1,232313
707596280204,false,יין בלו נאן רוזה 750,bluenun,,בלו נאן פינק,יחידה,750.00,יחידה,false,,39.90,0.0532,true,1,147579
710535495539,false,"אורז בסמטי 96% 1 ק""ג Avel",,IN,"אבאל אורז בסמטי 1 ק""",קילוגרמים,1.00,"ק""ג",false,,11.90,11.9000,true,1,234234
713153980715,false,כבל הנעה 600אמפר,,,כבל הנעה 600אמפר,יחידה,0.00,יחידה,false,,59.90,0.0000,true,1,265397
728229123590,false,טרה אורגינל חטיף על בסיס ירקות שורש בטעם טבעי 110 גרם,הונדורס צ'יפס יצור א,HN,טרה ציפס חטיף אורגינ,גרמים,110.00,100 גרם,false,,15.90,0.1445,true,1,139715
728229123811,false,טרה חטיף על בסיס ירקות שורש בתיבול ים תיכוני 110 גרם,הונדורס צ'יפס יצור א,HN,טרה ציפס ירקות טבעי,גרמים,110.00,100 גרם,false,,15.90,0.1445,true,1,139717
728229124764,false,טרה חטיף על בסיס בטטה עם מלח ים 110 גרם,היין פיוצ'ור נטורל פ,US,טרה בטטה עם מלח ים 1,גרמים,110.00,100 גרם,false,,15.90,0.1445,true,1,248714
728229130154,false,טרה חטיף על בסיס בטטה וסלק בטעם טבעי 110 גרם,הונדורס צ'יפס יצור א,HN,טרה ציפס חטיף בטטה ו,גרמים,110.00,100 גרם,false,,15.90,0.1445,true,1,139718
729000452223,false,תיק טבעות-פולחו-P.O,,,תיק טבעות-פולחו-P.O,00000000000000000000,0.00,00000000000000000000,false,,7.00,0.0000,true,1,163735
729000529790,false,חליטת לויאזה לימונית,,,חליטת לויאזה לימונית,גרמים,350.00,00000000000000000גרם,false,,18.90,0.0540,true,1,153808
729002332602,false,דג אמנון טרי שלם,,,דג אמנון טרי שלם,קילוגרמים,1.00,"ק""ג",true,,27.90,27.9000,true,1,263769
729009288018,false,דג אמנון טרי שלם,,,דג אמנון טרי שלם,קילוגרמים,1.00,"ק""ג",true,,27.90,27.9000,true,1,263770
729010217653,false,קמפוס - מחק נשלף 100,,,קמפוס - מחק נשלף 100,00000000000000000000,0.00,00000000000000000000,false,,3.00,0.0000,true,1,163736
729012177608,false,מחק קמפוס 20 גדול,,,מחק קמפוס 20 גדול,00000000000000000000,0.00,00000000000000000000,false,,1.00,0.0000,true,1,163722
729759407901,false,סט 12 ספלי קפה בדואי,,,סט 12 ספלי קפה בדואי,יחידה,0.00,יחידה,false,,69.90,0.0000,true,1,269709
734756000068,false,רוטב ברביקיו בטעם מעושן 510 גרם,,US,סטאבס רוטב ברביקיו ב,גרמים,510.00,100 גרם,false,,28.90,0.0567,true,1,229998
753182231761,false,"משקה אנרגיה BLU ללא תוספת סוכר 250 מ""ל",אקווה ויט,PL,בלו סיקס משקה אנרגיה,מיליליטרים,250.00,"100 מ""ל",false,,5.00,0.0200,true,1,105669
761720051108,false,"קארו סירופ תירס בהיר 470 מ""ל",אי סי איץ,US,סירופ תירס בהיר 470,מיליליטרים,470.00,"100 מ""ל",false,,29.90,0.0636,true,1,227207
768404001640,false,"גלידה בן&ג'ריס קפה משפחתית 500מ""ל",מוצרי איכות אמריקאיי,IL,גלידה פיינטס קפה 473,יחידה,473.00,יחידה,false,,23.90,0.0505,true,1,130618
769904000607,false,שקדי מרק ללא גלוטן 200 גר',גיי אפ פי ייצור מזון,IL,שקדי מרק ברפוד 200 ג,גרמים,200.00,100 גרם,false,,11.90,0.0595,true,1,205340
769904000997,false,דגש שקדי מרק ללא גלו,משובח תעשיות מזון,IL,דגש שקדי מרק ללא גלו,גרמים,200.00,100 גרם,false,,17.90,0.0895,true,1,134527
777696000033,false,מול שחור קנדי 907 גר,,,מול שחור קנדי 907 גר,גרמים,907.00,100 גרם,false,,49.90,0.0550,true,1,132904
786150000281,false,"שישייה בירה לף בראון בקבוק 330X6 מ""ל",לף Leffe,BE,לף בראון שישייה 330,מיליליטרים,330.00,"100 מ""ל",false,,49.90,0.1512,true,1,254890
811250030774,false,פלפל לימון צנצנת 100,,,פלפל לימון צנצנת 100,גרמים,100.00,100 גרם,false,,12.90,0.1290,true,1,256896
811250030873,false,תבלין טנדורי נפטון,,,תבלין טנדורי נפטון,גרמים,100.00,100 גרם,false,,12.90,0.1290,true,1,213934
811250031474,false,בזיליקום 30 גרם,,,בזיליקום 30 גרם,יחידה,0.00,יחידה,false,,12.90,0.0000,true,1,231338
811250031535,false,תערובת תיבול חוויאג',,,תערובת תיבול חוויאג',יחידה,0.00,יחידה,false,,12.90,0.0000,true,1,231337
811250032211,false,ממרח בטעם מיונז ללא,,,ממרח בטעם מיונז ללא,גרמים,350.00,100 גרם,false,,17.90,0.0511,true,1,243246
811538013031,false,"רום כהה מתובל קראקן 700 מ""ל",פורקסומוס ספירס,US,"רום קראקן 700 מ""ל",מיליליטרים,700.00,"100 מ""ל",false,,139.90,0.1999,true,1,184316
818570004669,false,פלפל שחור טחון 56 גר,,,ווטקינס בלק פפר 56 ג,יחידה,0.00,יחידה,false,,19.90,0.0000,true,1,186198
818570007066,false,"פיור וניל טהור 29 מ""ל ""ווטקינס""","ג'יי אר ווטקינס בע""מ",US,ווטקינס וניל טהור 29,יחידה,0.00,יחידה,false,,29.90,0.0000,true,1,174747
833949000264,false,"סירופ מייפל אמיתי 100% אורגני 250 מ""ל",דיקסר קוויבק,CA,סירופ מייפל אמיתי 10,יחידה,0.00,יחידה,false,,34.90,0.0000,true,1,137853
835811000464,false,"תמצית מטעם רום 250 מ""ל הנמל",,IL,תמצית בטעם רום 250 מ,מיליליטרים,250.00,"100 מ""ל",false,,10.90,0.0436,true,1,198192
835811000471,false,"תמצית מטעם וניל 250 מ""ל",,IL,תמצית בטעם וניל 250,מיליליטרים,250.00,"100 מ""ל",false,,10.90,0.0436,true,1,227317
835811001119,false,מיני עדשים 200 גרם בצנצנת לעוגה,,,מיני עדשים 200 גרם ב,גרמים,200.00,100 גרם,false,,13.90,0.0695,true,1,217230
835811001140,false,שומשום הנמל 400 גרם,הנמל אריזות.,IL,שומשום הנמל 400 גרם,גרמים,400.00,100 גרם,false,,9.90,0.0248,true,1,208026
835811003595,false,צלחות קלאסי קטן לבן 65 יח' הנמל,,,צלחות קלאסי קטן 65 י,יחידה,65.00,יחידה,false,,19.90,0.3062,true,1,262515
835811003700,false,סודה לשתייה הנמל 250,"פוליבה בע""מ",IL,סודה לשתייה 250 גרם,גרמים,250.00,100 גרם,false,,5.90,0.0236,true,1,211493
835811004202,false,מפות ניילון עבות הנמ,זמזמ תעשיות פלסטיק,IL,"מפות שולחן 6 יח"" עבה",יחידה,0.00,יחידה,false,,9.90,0.0000,true,1,190400
835811004417,false,ריבת חלב הנמל 340 גר,,,ריבת חלב 340 גרם,גרמים,340.00,100 גרם,false,,12.90,0.0379,true,1,188590
835811005728,false,עלים לעוגת קרמשניט 400 גרם,"רונית מאפים בע""מ",IL,עלים לקרמשניט 400 גר,גרמים,400.00,100 גרם,false,,18.00,0.0450,true,1,110069
835811006466,false,"שיבולת שועל [קווקר] 500 גרם ""הנמל""",,IL,הנמל שיבולת שועל 500,גרמים,500.00,100 גרם,false,,8.90,0.0178,true,1,161455
835811006497,false,אבקת סוכר 500 גרם הנמל,ר.ס. חברה ליבוא ויצו,IL,אבקת סוכר 500 גרם,גרמים,500.00,100 גרם,false,,6.90,0.0138,true,1,156704
835811006527,false,קשיות שתיה למילקשייק 125 יח' הנמל,שיווק: הנמל אריזות ו,IL,קשיות שתיה למילקשייק,יחידה,125.00,יחידה,false,,10.90,0.0872,true,1,262517
835811007494,false,גלטין טהור מדגים 2 יח` 14 X גר`,ג'ליס פיוניר,IL,'ג'לטין הנמל 28 גר,יחידה,0.00,יחידה,false,,8.80,0.0000,true,1,110116
839762000641,false,משקה איילנד מנגו נקטר 1 ל',"פאראגאלה,דה אג'יפשן",EG,איילנד מנגו בקבוק לי,ליטרים,1.00,ליטר,false,,13.90,13.9000,true,1,131135
839762000658,false,איילנד גויאבה המשקה של חופי סיני 1 ליטר,The Egyptian Co. for,EG,איילנד גויאבה בקבוק,ליטרים,1.00,ליטר,false,,13.90,13.9000,true,1,131136
844510013101,false,"יין ירושלים הילז קברנה סוביניון 750 מ""ל",אגדת,IL,ג'רוזלם הילז - קברנה,יחידה,0.00,יחידה,false,,39.90,0.0000,true,1,205492
844510013125,false,"יין ירושלים הילז מרלו 750 מ""ל",אגדת,IL,ג'רוזלם הילז - מרלו,יחידה,0.00,יחידה,false,,39.90,0.0000,true,1,205493
844510013149,false,יין ירושלים הילס קבר,אגדת,IL,ג'רוזלם הילז - קברנה,יחידה,0.00,יחידה,false,,39.90,0.0000,true,1,205494
844510013187,false,יין ירושלים הילס מוס,אנטי פוד משקאות,IL,ג'רוזלם הילז - מוסקט,יחידה,0.00,יחידה,false,,39.90,0.0000,true,1,205485
850006036028,false,מאפה חיטה מקלונים בטעם סלק בצל 400 ג' עבאדי,עבאדי,IL,עבאדי מאפה חיטה מקלו,גרמים,400.00,100 גרם,false,,16.90,0.0422,true,1,261560
850018558280,false,נייר מגבת אמריקאי כפול שישייה ר.שמאי,,,WAVE נייר מגבת כפול,יחידה,0.00,יחידה,false,,24.90,0.0000,true,1,268503
851621000050,false,בירה חיטה בטעם הדרים 1664 בלאנק - שישייה,קרלסברג ספליי קומפאנ,PL,שישיית 1664 בלאנק 33,יחידה,6.00,יחידה,false,,44.90,7.4833,true,1,211722
856591000055,false,עוגיות מזרחיות קריספי שרוף במיוחד,עבאדי,IL,עוגיות מזרחיות עבאדי,גרמים,400.00,100 גרם,false,,16.90,0.0422,true,1,164188
856591000062,false,עוגיות מזרחיות עם מלח עבאדי 400 גרם,מאפיית יוסף ושמחה עב,IL,עוגיות מזרחיות מלח,גרמים,400.00,100 גרם,false,,16.90,0.0422,true,1,126462
856591000109,false,עוגיות מזרחיות פריך במיוחד עבאדי 400 גרם,מאפיית יוסף ושמחה עב,IL,עבדי עוגיות מזרחיות,גרמים,400.00,100 גרם,false,,16.90,0.0422,true,1,126463
856591000512,false,עוגיות מזרחיות מקלונים עם שומשום עבאדי 400 גרם,מאפיית יוסף ושמחה עב,IL,עבדי עוגיות מזרחי מק,גרמים,400.00,100 גרם,false,,16.90,0.0422,true,1,126468
856591000949,false,"מאפה חיטה מלוח ""קטנטנים"" עבאדי 350 גרם",עבאדי,IL,עבאדי - מאפה חיטה מל,גרמים,350.00,100 גרם,false,,21.90,0.0626,true,1,263388
856591000970,false,מאפה חיטה עבאדי מקלונים בטעם חריף 400 גר,עבאדי,IL,עבאדי מאפה חיטה מקלו,גרמים,400.00,100 גרם,false,,16.90,0.0422,true,1,261561
859547004084,false,ספוג ניקוי SCRUB DADDY LEMON FRESH,,US,ספוג ניקוי SCRUB DAD,יחידה,0.00,יחידה,false,,17.90,0.0000,true,1,259403
859547004329,false,ספוג ניקוי צבעוני סקראב דדי Scrub Daddy,סקארקיסט,US,ספוג ניקוי SCRUB DAD,יחידה,0.00,יחידה,false,,17.90,0.0000,true,1,259401
859547004466,false,קירצוף וספוג ניקוי SCRUB DADDY,סקארקיסט,US,ספוג ניקוי SCRUB MOM,יחידה,0.00,יחידה,false,,17.90,0.0000,true,1,259402
869373001063,false,שערות קדאיף ארו 500ג,,,שערות קדאיף ארו 500ג,גרמים,350.00,00000000000000000גרם,false,,15.90,0.0454,true,1,154365
876153002266,false,קסטלו דל פוג'יו מוסק,,,קסטלו דל פוג'יו מוסק,מיליליטרים,750.00,"100 מ""ל",false,,44.90,0.0599,true,1,264001
876153002662,false,קסטלו דל פוג'יו רוזה,,,קסטלו דל פוג'יו רוזה,מיליליטרים,750.00,"100 מ""ל",false,,44.90,0.0599,true,1,264002
876153004109,false,קסטלו דל פוג'יו סווי,,,קסטלו דל פוג'יו סווי,מיליליטרים,750.00,"100 מ""ל",false,,44.90,0.0599,true,1,264003
877300000074,false,פלפל שחור גרוס צנצנת,,,פלפל שחור גרוס 100 ג,גרמים,100.00,100 גרם,false,,11.90,0.1190,true,1,170297
877300000081,false,פלפל שחור טחון צנצנת,,,פלפל שחור טחון צנצנת,יחידה,0.00,יחידה,false,,11.90,0.0000,true,1,170298
877300000210,false,תערובת לתיבול טוסקנה,נפטון Neptune,,טוסקנה 60 גרם שקית,יחידה,0.00,יחידה,false,,4.90,0.0000,true,1,236806
877300000364,false,אורגנו 20 גרם שקית.,,,אורגנו 20 גרם שקית,יחידה,0.00,יחידה,false,,3.90,0.0000,true,1,236796
877300000777,false,ממרח צימיצורי נפטון,"נפטון מוצרי מזון בע""",,ממרח צ'ימיצ'ורי 180,גרמים,180.00,100 גרם,false,,12.90,0.0717,true,1,129485
877300000814,false,רוטב נפטון טיקה 330,"נפטון מוצרי מזון בע""",IL,רוטב טיקה 330 גרם,יחידה,0.00,יחידה,false,,12.90,0.0000,true,1,216120
877300001040,false,כורכום טחון 150 גרם,נפטון Neptune,,כורכום טחון 150 גרם,יחידה,0.00,יחידה,false,,11.90,0.0000,true,1,170282
877300001057,false,פלפל לבן טחון צנצנת,,,פלפל לבן טחון צנצנת,יחידה,0.00,יחידה,false,,11.90,0.0000,true,1,185958
877300001071,false,שום גבישי דק 150 גר,,,שום גבישי דק 150 גר,יחידה,0.00,יחידה,false,,11.90,0.0000,true,1,181372
877300001101,false,נפטון קינמון טחון 15,נפטון Neptune,,קינמון טחון 150 גרם,יחידה,0.00,יחידה,false,,11.90,0.0000,true,1,170284
877300001163,false,נפטון פפריקה חריפה 1,נפטון Neptune,,פפריקה חריפה 150 גר,יחידה,0.00,יחידה,false,,11.90,0.0000,true,1,170285
877300001170,false,פפריקה מתוקה 150 גרם,נפטון Neptune,,פפריקה מתוקה 150 ג,יחידה,0.00,יחידה,false,,11.90,0.0000,true,1,185960
877300001248,false,פפריקה מתוקה מרוקאית בשמן,נפטון Neptune,,פפריקה מתוקה מרוקאית,יחידה,0.00,יחידה,false,,11.90,0.0000,true,1,185961
877300001286,false,כמון טחון 150 גרם,נפטון Neptune,,כמון טחון 150 גרם,גרמים,150.00,100 גרם,false,,11.90,0.0793,true,1,185962
877300001330,false,תערובת תיבול חוויאג' למרק,נפטון Neptune,,תבלין חוויאג' למרק,יחידה,0.00,יחידה,false,,11.90,0.0000,true,1,185963
877300001347,false,תבלין סטייק 150 גרם,,,תבלין סטייק 150 גרם,יחידה,0.00,יחידה,false,,11.90,0.0000,true,1,185964
877300001361,false,תבלין שווארמה 150 גרם (צנצנת 150 חדש),,,תבלין שווארמה 150 ג,יחידה,0.00,יחידה,false,,11.90,0.0000,true,1,185965
877300001378,false,תערובת תיבול גריל דג,נפטון Neptune,,תבלין גריל דג 150 ג,יחידה,0.00,יחידה,false,,11.90,0.0000,true,1,185966
877300001385,false,תערובת תיבול לפרגיות,נפטון Neptune,,תבלין לפרגיות 150 ג,יחידה,0.00,יחידה,false,,11.90,0.0000,true,1,129509
877300001392,false,תערובת תיבול לגריל עוף,נפטון Neptune,,תבלין גריל עוף 150,יחידה,0.00,יחידה,false,,11.90,0.0000,true,1,185967
877300001453,false,תערובת תיבול זעתר שומשום,נפטון Neptune,,תבלין זעתר שומשום 1,יחידה,0.00,יחידה,false,,11.90,0.0000,true,1,185968
877300001552,false,תערובת תיבול טוסקנה,נפטון Neptune,,תבלין טוסקנה 150 גר,גרמים,150.00,100 גרם,false,,11.90,0.0793,true,1,185970
877300001576,false,תערובת תיבול על האש ברביקיו,נפטון Neptune,,תבלין על האש ברביקיו,גרמים,150.00,100 גרם,false,,11.90,0.0793,true,1,129516
877300001866,false,נפטון תערובת תיבול פ,,,תבלין פילדלפיה 150,גרמים,150.00,100 גרם,false,,11.90,0.0793,true,1,170323
877300002078,false,רוטב שום דבש נפטון 3,נפטון Neptune,,רוטב שום ודבש 360 גר,מיליליטרים,300.00,"100 מ""ל",false,,12.90,0.0430,true,1,129528
877300002184,false,אריסה מתוקה נפטון 1,,,אריסה מתוקה ממרח 180,גרמים,180.00,100 גרם,false,,12.90,0.0717,true,1,164550
877300002290,false,פפריקה מרוקאית מעושנת,נפטון Neptune,,פפריקה מרוקאית מעושנ,גרמים,150.00,100 גרם,false,,11.90,0.0793,true,1,170289
877300002443,false,תבלין קארי 150 גרם,,,תבלין קארי 150 גרם,גרמים,150.00,100 גרם,false,,11.90,0.0793,true,1,170292
877300002689,false,רוטב קייג'ון (ניו אורלינס),"נפטון מוצרי מזון בע""",IL,רוטב קייג'ון 330 גרם,גרמים,300.00,100 גרם,false,,12.90,0.0430,true,1,129541
877300003273,false,רוטב טריאקי נפטון 3,,,רוטב טריאקי 350 גרם,גרמים,350.00,100 גרם,false,,12.90,0.0369,true,1,170264
877300003280,false,רוטב סויה נפטון 340,,,רוטב סויה 350 גרם,גרמים,350.00,100 גרם,false,,12.90,0.0369,true,1,129548
877300003327,false,רוטב סויה מתוק 370 ג,נפטון Neptune,,רוטב סויה מתוק 370 ג,יחידה,0.00,יחידה,false,,12.90,0.0000,true,1,170268
877300003365,false,רוטב מקסיקני 320 גרם,נפטון Neptune,,רוטב מקסיקני 320 גרם,יחידה,0.00,יחידה,false,,12.90,0.0000,true,1,129556
877300004102,false,ממרח פסטו שום נפטון,נפטון Neptune,,ממרח פסטו שום 180 גר,יחידה,0.00,יחידה,false,,12.90,0.0000,true,1,170261
877300004263,false,ציפוי לשניצל וינאי,,,ציפוי לשניצל וינאי,גרמים,400.00,100 גרם,false,,9.90,0.0248,true,1,178576
877300004560,false,פפריקה חריפה 80 גרם,נפטון Neptune,,פפריקה חריפה 80 גרם,יחידה,0.00,יחידה,false,,4.90,0.0000,true,1,236801
877300004577,false,כמון טחון 50 גרם שקי,נפטון Neptune,,כמון טחון 50 גרם שקי,יחידה,0.00,יחידה,false,,4.90,0.0000,true,1,236802
877300004621,false,זעתר ושומשום תערובת לתיבול,נפטון Neptune,,זעתר שומשום 80 גרם ש,יחידה,0.00,יחידה,false,,4.90,0.0000,true,1,236797
877300005369,false,תבלין שווארמה,,,תבלין שווארמה,קילוגרמים,1.00,"ק""ג",true,,60.00,60.0000,true,1,235004
877300007714,false,כורכום טחון 400 גרם,,,כורכום טחון 400 גרם,גרמים,400.00,100 גרם,false,,19.90,0.0497,true,1,181336
877300008841,false,רוטב אלף האיים נפטון,,,אלף האיים 310 גרם,גרמים,310.00,100 גרם,false,,12.90,0.0416,true,1,185983
877300008902,false,שום שמיר 310 גרם,,,שום שמיר 310 גרם,יחידה,0.00,יחידה,false,,12.90,0.0000,true,1,185985
877300009183,false,רוטב שמן זית ולימון,,,שמן זית ולימון 300 ג,יחידה,0.00,יחידה,false,,12.90,0.0000,true,1,185986
877300009558,false,ציפוי לשניצל פירורי לחם בתיבול איטלקי,נפטון Neptune,,ציפוי לשניצל ירקות א,גרמים,400.00,100 גרם,false,,9.90,0.0248,true,1,178579
883314568646,false,צלחת מולטי 16 אלקסי,,,צלחת מולטי 16 אלקסי,יחידה,0.00,יחידה,false,,7.90,0.0000,true,1,213539
883314587661,false,כוס 27 נמוך פאראד כח,,,כוס 27 נמוך פאראד כח,יחידה,0.00,יחידה,false,,10.00,0.0000,true,1,216027
884912102102,false,דגני בוקר פוסט סלקט אוכמניות 382 גר,הנסיך- מפעל לייצור ט,US,פוסט דגני בוקר סלקט,גרמים,382.00,100 גרם,false,,25.90,0.0678,true,1,170944
884912342737,false,דגני בוקר פוסט וופל קריספ 326 גר',הנסיך- מפעל לייצור ט,US,פוסט קריספ וופל 326,גרמים,326.00,100 גרם,false,,21.90,0.0672,true,1,203753
884912359483,false,דגני בוקר האני באנצס תות 312 ג' POST,פוסט ארצות הברית,US,האני באנצס תות 311 ג,גרמים,311.00,100 גרם,false,,21.90,0.0704,true,1,261493
884912365200,false,דגני בוקר אוראו שחור ולבן 311 גרם,פוסט ארצות הברית,US,דגני בוקר עם פירורי,גרמים,311.00,100 גרם,false,,22.90,0.0736,true,1,266327
890057335768,false,שדכן קנגורו 26/6 P-4,,,שדכן קנגורו 26/6 P-4,00000000000000000000,0.00,00000000000000000000,false,,12.00,0.0000,true,1,163737
890105730062,false,שדכן קנגורו 10,,,שדכן קנגורו 10,00000000000000000000,0.00,00000000000000000000,false,,6.00,0.0000,true,1,163738
893594002051,false,"חטיף פופקורן צ`יפס בטעם גבינת צ`דר, 28ג Medora snacks",PepsiCo inc. Frito lay Division,US,פופקורנרס גבינת צ'דר,,0.00,32 גרם,false,,5.90,0.0000,true,1,262362
893594002068,false,"חטיף פופקורן צ`יפס עם מלח ים,28 ג HANTRONIX",PepsiCo inc. Frito lay Division,US,פופקורנס מלח ים 28 ג,יחידה,0.00,יחידה,false,,5.90,0.0000,true,1,262360
1070980262056,false,סט כוסות תה,,,סט כוסות תה,יחידה,0.00,יחידה,false,,10.00,0.0000,true,1,237517
1070980551501,false,אגרטל קריסטל + 2 מאפ,,,אגרטל קריסטל + 2 מאפ,יחידה,0.00,יחידה,false,,89.90,0.0000,true,1,216777
1258545729001,false,גבינת קרם פרש 500 גר,,,גבינת קרם פרש 500 גר,מטרים,200.00,00000000000000000מ'ל,false,,22.20,0.1110,true,1,153964
2335233523353,false,קשת 3 פרחים,,,קשת 3 פרחים,00000000000000000000,0.00,00000000000000000000,false,,5.90,0.0000,true,1,150612
2810281028109,false,קליפס,,,קליפס,00000000000000000000,0.00,00000000000000000000,false,,14.90,0.0000,true,1,150620
2811281128110,false,קליפס פרח,,,קליפס פרח,00000000000000000000,0.00,00000000000000000000,false,,9.90,0.0000,true,1,150621
3010470155299,false,פריסקיז Friskies פטה בקר וירקות,ניו פטפוד איטליה,IT,פריסקיז פטה בקר וירק,גרמים,400.00,100 גרם,false,,11.90,0.0298,true,1,172768
3010470158221,false,פריסקיז פטה עוף וירק,ניו פטפוד איטליה,IT,פריסקיז פטה עוף וירק,גרמים,400.00,100 גרם,false,,11.90,0.0298,true,1,172769
3014260243548,false,סכיני גילוח מאך 3- 8,,,סכיני גילוח מאך 3- 8,יחידה,8.00,יחידה,false,,69.90,8.7375,true,1,251264
3014260246693,false,סכיני גילוח חד פעמי ונוס סימפלי רביעייה,Unknown,,סימפלי ונוס 4 יח סכי,יחידה,4.00,יחידה,false,,6.90,1.7250,true,1,107348
3014260289287,false,סכין גילוח גילט בלו 2 לנשים-חמישייה,פרוקטר אנד גמבל,RU,בלו 2 לנשים 5 יח',יחידה,5.00,יחידה,false,,15.00,3.0000,true,1,107366
3014260803926,false,מברשת אוראל 335 בי ס,,,מברשת אוראל 335 בי ס,יחידה,0.00,יחידה,false,,5.90,0.0000,true,1,221027
3014260803957,false,מברשת שיניים אורילבי קלין פריש מידיום,פרוקטר & גמבל,VN,אורל בי -מדיום,יחידה,0.00,יחידה,false,,5.90,0.0000,true,1,225123
3014260821852,false,אורל בי זוג-מדיום,,,אורל בי זוג-מדיום,יחידה,0.00,יחידה,false,,5.90,0.0000,true,1,225124
3014260821883,false,אורל בי זוג-סופט,,,אורל בי זוג-סופט,יחידה,0.00,יחידה,false,,5.90,0.0000,true,1,225125
3014260833848,false,מברשות שיניים אורל בי פרו אקספרט 35 זוג,,,אורל בי פרו אקספרט ז,יחידה,0.00,יחידה,false,,19.90,0.0000,true,1,207466
3028130076457,false,קוניאק קמוס וי.סי.או,,,קוניאק קמוס VSOP 700,מיליליטרים,700.00,"100 מ""ל",false,,179.90,0.2570,true,1,247163
3035540001740,false,ליקר פסואה פסיפלורה,רמי קואנטרו,,ליקר פסואה פסיפלורה,יחידה,0.00,יחידה,false,,89.90,0.0000,true,1,265134
3035542004206,false,"ליקר קוואנטרו 700 מ""ל",רמי קואנטרו,,"קואנטרו 700מ""ל",מיליליטרים,700.00,"100 מ""ל",false,,109.90,0.1570,true,1,251220
3045201107001,false,אידיאל מסיר כתמים לפני כביסה -כדור מסאג,אידיאל Ideal,ES,אידאל מסיר כתמים אדו,יחידה,0.00,יחידה,false,,21.90,0.0000,true,1,216920
3045206360609,false,"דזיטול נוזל מחטא בגדים בכביסה, 1 ליטר",רלוי,ES,דזיטול נוזל מחטא בגד,יחידה,0.00,יחידה,false,,22.90,0.0000,true,1,240965
3046920010047,false,לינדט שוקולד אקסלנס מריר 78% 100 גר,לינדט,FR,לינדט אקסלנס 100 גרם,גרמים,100.00,100 גרם,false,,15.10,0.1510,true,1,174738
3046920010801,false,שוקולד מריר אקסלנס עם אגוזי לוז,לינדט ושפרונגלי אס.א,FR,לינדט אקסלנס הזלנט 1,גרמים,100.00,100 גרם,false,,15.10,0.1510,true,1,173671
3046920010856,false,לינדט שוקולד אקסלנס לימון גינגיר 100 גר,לינדט,CH,לינדט אקס'למון ג'ינג,גרמים,100.00,100 גרם,false,,14.90,0.1490,true,1,205764
3046920016377,false,לינדט שוקולד אקסלנס מריר 100% קקאו 50 גר,לינדט ושפרונגלי,DE,לינדט אקסלנס 100% 50,יחידה,0.00,יחידה,false,,14.90,0.0000,true,1,213512
3046920027281,false,שוקולד מריר אקסלנס במילוי קרמל ומלח ים,לינדט ושפרונגלי,FR,לינדט אקסלנס קרמל מר,יחידה,0.00,יחידה,false,,15.10,0.0000,true,1,115828
3046920028004,false,לינדט שוקולד אקסלנס מריר 70% 100 גר,לינדט ושפרונגלי,FR,לינדט אקסלנס 70% 100,גרמים,100.00,100 גרם,false,,14.90,0.1490,true,1,115830
3046920028721,false,שוקולד מריר אקסלנס 99%,לינדט ושפרונגלי,FR,לינדט אקסלנס 99% קקא,יחידה,0.00,יחידה,false,,14.90,0.0000,true,1,169579
3046920028752,false,שוקולד לינדט אקסלנס מינט 100 גרם,לינדט ושפרונגלי,FR,לינדט אקסלנס מריר מנ,גרמים,100.00,100 גרם,false,,15.10,0.1510,true,1,115833
3046920029674,false,שוקולד לינדט אקסלנס סולט 100 גרם,לינדט ושפרונגלי,DE,לינדט אקסלנס עם שבבי,גרמים,100.00,100 גרם,false,,14.90,0.1490,true,1,115834
3046920029681,false,לינדט שוקולד אקסלנס מילד 85% קקאו 100 גר,לינדט,DE,לינדט אקסלנס 85 % 10,גרמים,100.00,100 גרם,false,,14.90,0.1490,true,1,213513
3046920029759,false,לינדט אקסלנס 90% מוצקי קקאו 100 גרם,לינדט ושפרונגלי ג'י.,DE,לינדט אקסלנס 90% 100,גרמים,100.00,100 גרם,false,,14.90,0.1490,true,1,115835
3046920029780,false,לינדט שוקולד אקסלנס 70% מילד 100 גר,לינדט,DE,לינדט אקסלנס 70% 100,גרמים,100.00,100 גרם,false,,14.90,0.1490,true,1,169581
3059943015104,false,"אירוויק מבשם אויר נטול גז בניחוח פריסיה ויסמין 345 מ""ל",איירוויק Air Wick,PL,"אירוויק 345 מ""ל נטול",מיליליטרים,345.00,"100 מ""ל",false,,14.90,0.0432,true,1,132668
3059943015128,false,מבשם אוויר נטול גז אקווה מיסט בניחוח לבנדר פראי ואוויר הרים,הדקלאים אגודת שיתופי,PL,"אירוויק 345 מ""ל נטול",מיליליטרים,345.00,"100 מ""ל",false,,14.90,0.0432,true,1,132669
3059943016507,false,"אירוויק ספריי בניחוח לבנדר וקמומיל 240 מ""ל",איירוויק Air Wick,GB,איירויק ספריי לבנדר,מיליליטרים,240.00,"100 מ""ל",false,,9.90,0.0413,true,1,132670
3059943016569,false,"אירוייק ספריי בניחוח פריסיה ויסמין 240 מ""ל",איירוויק Air Wick,GB,איירויק ספריי פריסיה,מיליליטרים,240.00,"100 מ""ל",false,,9.90,0.0413,true,1,132672
3067140243114,false,אבקה להכנת משקה על בסיס עולש בטעם קרמל,LEROUX COFFEE SUB,FR,לארו קפה נטול קפאין,גרמים,100.00,100 גרם,false,,27.00,0.2700,true,1,124621
3073780839631,false,גבינת קירי מותכת 6 י,"מפעלי גבינות ""ביל",PL,גבינה קירי 6 יח 100,גרמים,100.00,100 גרם,false,,11.90,0.1190,true,1,145289
3073780894326,false,גבינה קירי 12 יח' 200 ג',"מפעלי גבינות ""ביל",,גבינת קירי 12יח 200,גרמים,200.00,100 גרם,false,,24.90,0.1245,true,1,145290
3073781123562,false,גבינת אבו אלולד 336 ג',,,גבינת אבו אלולד 24 י,גרמים,336.00,100 גרם,false,,19.90,0.0592,true,1,258321
3073781161663,false,גבינה מותכת 18.5% שומן לה וואש קירי,לה וואש קירי La Vache qui rit,FR,גבינה לוואש קירי כשר,גרמים,128.00,100 גרם,false,,11.90,0.0930,true,1,249181
3073781161687,false,גבינה לה ושקרי 256 גרם כשר,פרומאג'רי בל דום סאם,FR,גבינה לוואש קירי כשר,גרמים,256.00,100 גרם,false,,22.90,0.0895,true,1,249182
3073781161700,false,גבינה לוואש קירי כשר,פרומאג'רי בל דום סאם,FR,גבינה לוואש קירי כשר,גרמים,480.00,100 גרם,false,,37.90,0.0790,true,1,249183
3073781162790,false,גבינה מותכת בייבי בל 120 גרם,מחלבות בל,FR,בייבי בל אדום 28% 12,גרמים,120.00,100 גרם,false,,21.90,0.1825,true,1,257814
3141360054405,false,פיניש מפיץ ריח למדיח בניחוח לימון וליים,הדקלאים אגודת שיתופי,HU,פיניש מפיץ ריח לימון,יחידה,0.00,יחידה,false,,14.90,0.0000,true,1,169521
3147697523508,false,גלן טרנר מאלט וויסקי,,,גלן טרנר מאלט וויסקי,מיליליטרים,700.00,"100 מ""ל",false,,149.90,0.2141,true,1,210783
3147697720204,false,ויסקי בלנדד סקוטי לייבל,לייבל 5 Label,,וויסקי סקוטי לייבל 7,מיליליטרים,700.00,"100 מ""ל",false,,79.90,0.1141,true,1,173092
3147699111154,false,גלן טרנר הריטג' סינג,,,גלן טרנר הריטג' סינג,יחידה,0.00,יחידה,false,,109.90,0.0000,true,1,224665
3161911229199,false,חמאה צרפתית רכה למריחה אל & ויר 250 גרם,אלל אה וויר,FR,אלוויר חמאה רכה 250ג,גרמים,250.00,100 גרם,false,,21.90,0.0876,true,1,170950
3161911366429,false,חמאה צרפתית מלוחה רכה למריחה אלוויר 250 גר',ארזינא,FR,אלוויר חמאה רכה מלוח,גרמים,250.00,100 גרם,false,,21.90,0.0876,true,1,170951
3175460000017,false,גבינת בורסאן שום ועשבי תיבול 150 גר,השחר,FR,בורסאן גבינת שום 40%,גרמים,200.00,100 גרם,false,,21.90,0.1095,true,1,168333
3175460000062,false,גבינת בורסאן פלפל שחור 150 גרם,השחר,FR,בורסאן עם פלפל 40% 1,גרמים,150.00,100 גרם,false,,21.90,0.1460,true,1,168334
3175460000864,false,גבינת בורסאן טבעי 150 גר,Unknown,FR,בורסן טבעי 150 גרם,גרמים,150.00,100 גרם,false,,21.90,0.1460,true,1,224654
3175460030083,false,גבינת בורסאן בצל ועירית 150 גר,השחר,FR,בורסאן בצל ועירית 40,גרמים,150.00,100 גרם,false,,21.90,0.1460,true,1,172830
3178530402353,false,מיני מדליינס סאן מישל 175 גרם,סאן מישל,FR,מדלן עוגיות רכות,יחידה,0.00,יחידה,false,,14.90,0.0000,true,1,198672
3178530407938,false,"עוגות מיני מדליין עם שוקולד צ'יפס, 175 גרם",סאן מישל,FR,מיני מדליין פצפוצי ש,יחידה,0.00,יחידה,false,,14.90,0.0000,true,1,198673
3179732348913,false,פרייה מים מינרליים טבעיים מבעבעים 1 ליטר פלסטיק,נסטלה ווטרס ספלאי,FR,פרייה מים מינרלים פל,ליטרים,1.00,ליטר,false,,8.90,8.9000,true,1,193626
3185130000124,false,קרמאן דאלזאס בלאן דה,צרפת פפאפנהיים,,קרמאן ד'אלזאס בלאן,יחידה,0.00,יחידה,false,,69.90,0.0000,true,1,265328
3228022910023,false,חמאת צרפתית פרזידנט 200 גרם,סוסייטה בארייר דה אי,FR,פרזידנט חמאה צרפתית,גרמים,200.00,100 גרם,false,,14.90,0.0745,true,1,171068
3245990969419,false,"קוניאק הנסי 700 מ""ל V.S.O.P",jas hennessy,,קוניאק הנסי V.S.O.P,מיליליטרים,700.00,"100 מ""ל",false,,249.90,0.3570,true,1,194684
3245995960015,false,הנסי 700 V.S באריזת מתנה,jas hennessy,,"V.S הנסי 700 מ""ל",מיליליטרים,700.00,"100 מ""ל",false,,149.90,0.2141,true,1,112518
3254550033279,false,גבינת קממבר 250 גרם סנט מר,איסיני סנט מור,FR,גבינת קממבר 250 גרם,יחידה,0.00,יחידה,false,,37.90,0.0000,true,1,168488
3256760106408,false,פלשארד בסגנון פטה 500 גר,,,פלאשרד קרטונית 500 ג,גרמים,500.00,100 גרם,false,,10.90,0.0218,true,1,227622
3263286301323,false,"יין JP קברנה סירה 750 מ""ל",,,יין גיפי קברנה סירא,מיליליטרים,750.00,"100 מ""ל",false,,39.90,0.0532,true,1,201276
3263286350185,false,יין גראנד סוד גרנג א,לה גרנד שדה פראנס,,יין גרנד סוד 1 ליטר,יחידה,0.00,יחידה,false,,44.90,0.0000,true,1,168215
3263289990203,false,יין גיי פי שנה שרדונ,,,יין לבן יבש שרדונה J,מיליליטרים,750.00,"100 מ""ל",false,,39.90,0.0532,true,1,172422
3269255506126,false,*מבצע* עץ ירוק 1.20,,,*מבצע* עץ ירוק 1.20,יחידה,0.00,יחידה,false,,79.90,0.0000,true,1,269778
3269255506133,false,*מבצע* עץ ירוק 1.50,,,*מבצע* עץ ירוק 1.50,יחידה,0.00,יחידה,false,,100.00,0.0000,true,1,269779
3269255506140,false,*מבצע* עץ ירוק 1.80,,,*מבצע* עץ ירוק 1.80,יחידה,0.00,יחידה,false,,150.00,0.0000,true,1,269780
3269255506195,false,"*מבצע* עץ לבן 1.20ס""",,,"*מבצע* עץ לבן 1.20ס""",יחידה,0.00,יחידה,false,,140.00,0.0000,true,1,269785
3269255506201,false,"*מבצע* עץ לבן 1.50ס""",,,"*מבצע* עץ לבן 1.50ס""",יחידה,0.00,יחידה,false,,199.90,0.0000,true,1,269786
3269255506218,false,"*מבצע* עץ לבן 1.80ס""",,,"*מבצע* עץ לבן 1.80ס""",יחידה,0.00,יחידה,false,,299.90,0.0000,true,1,269787
3272770003148,false,"שברוקס גבינת עיזים פרמידה, 150 גרם",מיוצר עי קונדיטוריית,FR,נטו סחר שברו פירמידה,יחידה,0.00,יחידה,false,,24.90,0.0000,true,1,168489
3328640121976,false,"ויסקי היילנד קווין בלנדד 700 מ""ל",פונט סלאם וולנסיה,ES,ויסקי היילנד קווין ב,מיליליטרים,700.00,"100 מ""ל",false,,69.90,0.0999,true,1,165769
3364048001229,false,"קוניאק צרפתי 700 מ""ל TIFFFON VS",,,קוניאק טיפון VS,יחידה,0.00,יחידה,false,,119.90,0.0000,true,1,208155
3364048001328,false,"קוניאק VSOP טיפון 700 מ""ל",,FR,"קוניאק טיפון 700 מ""ל",מיליליטרים,700.00,"100 מ""ל",false,,149.90,0.2141,true,1,247165
3387390320244,false,פיטנס דגני בוקר מחיטה מלאה עם פירות נסטלה 375 גרם,נסטלה צרפת איטנקורט,FR,פיטנס פירות 375 גרם,גרמים,375.00,100 גרם,false,,19.90,0.0531,true,1,123058
3387390525960,false,קראנץ' דגני בוקר עם שוקולד חלב נסטלה 500 גרם,הנסיך- מפעל לייצור ט,FR,קראנץ' 500 גרם,גרמים,500.00,100 גרם,false,,22.90,0.0458,true,1,123059
3412290023640,false,אמנטל צרפתי ארוז 250 גר,,,אמנטל צרפתי ארוז 250,גרמים,250.00,100 גרם,false,,24.90,0.0996,true,1,138346
3415581187113,false,גלידה בטעם וניל בראוניס 473 ג' האגן דאז,האגן-דאז,FR,גלידת האגן דאז וניל,יחידה,0.00,יחידה,false,,22.90,0.0000,true,1,224543
3415587149924,false,האגן דאז פיינט בראוניז מקיאטו,האגן דאז,FR,האגן דאז בראוניז מקי,יחידה,0.00,יחידה,false,,22.90,0.0000,true,1,210685
3426470268561,false,תבנית אובלית 35X24 I,,,תבנית אובלית 35X24 I,יחידה,0.00,יחידה,false,,39.90,0.0000,true,1,216256
3451276001012,false,"יין גופרואה פטיט שאבלי 750 מ""ל",,FR,אלן ז'ופרואה פטיט שא,יחידה,0.00,יחידה,false,,79.90,0.0000,true,1,241640
3500610033346,false,יין צרפתי גיפי אדום חצי מתוק 750 מל,קב דה לנדירס,,יין אדום חצי מתוק J.,מיליליטרים,750.00,"100 מ""ל",false,,39.90,0.0532,true,1,172419
3500610079160,false,שאטו מולין יין בורדו,מק-דול אינטרנשיונל,FR,שאטו מולין יין בורדו,יחידה,0.00,יחידה,false,,54.90,0.0000,true,1,168216
3500610085338,false,גיי פי שנה לבן מבעבע 750 מל,LANDIRAS JP CHENET,,J.P יין לבן מבעבע 75,מיליליטרים,750.00,"100 מ""ל",false,,39.90,0.0532,true,1,156560
3500610093708,false,גיי פי שנה רוזה מבעבע 750 מל,LANDIRAS JP CHENET,,יין רוזה מבעבע 750 מ,מיליליטרים,750.00,"100 מ""ל",false,,39.90,0.0532,true,1,156561
3500610122644,false,"יין לבן יבש גיפי שנה גוורצטרמינר 750 מ""ל",,,J.P יין לבן יבש גוור,מיליליטרים,750.00,"100 מ""ל",false,,39.90,0.0532,true,1,183030
3516664460007,false,שמרים חבשים - בן רגע,,,שמרים חבשים - בן רגע,גרמים,500.00,100 גרם,false,,14.90,0.0298,true,1,181995
3523230025652,false,"גבינת מיני בושה עם שום ועשי תיבול ועשבי, 125 גרם",אוריאל,FR,גבינת עיזים בושה שום,גרמים,125.00,100 גרם,false,,22.90,0.1832,true,1,223035
3523230026826,false,"גבינת עיזים למריחה פירמידה, 140 גרם",אוריאל,FR,פרימידה עיזים טבעי 1,גרמים,140.00,100 גרם,false,,24.90,0.1779,true,1,172840
3523230032278,false,גבינת עיזים למריחה 150 גרם,אוריאל,FR,גבינת עיזים למריחה 1,יחידה,0.00,יחידה,false,,24.90,0.0000,true,1,168490
3525490016302,false,יין לה גומלייה מלבק,,,לה גומלייה מלבק 750,מיליליטרים,750.00,"100 מ""ל",false,,49.90,0.0665,true,1,147747
3550190401066,false,קופסא מרובעת+מכ.שקוף,,,קופסא מרובעת+מכ.שקוף,יחידה,0.00,יחידה,false,,18.90,0.0000,true,1,222139
3560239281160,false,סלסלה פוליקרבונט 6 ל,,,סלסלה פוליקרבונט 6 ל,יחידה,0.00,יחידה,false,,34.90,0.0000,true,1,250488
3560239707011,false,סלסלה פוליקרבונט עם,,,סלסלה פוליקרבונט עם,יחידה,0.00,יחידה,false,,11.90,0.0000,true,1,250490
3563490014898,false,ריין דיז'ון חרדל דיז'ון 265 גרם,ריין דיז'ון reine dijon,FR,ריין דה דיז'ון חרדל,גרמים,265.00,100 גרם,false,,13.90,0.0525,true,1,141472
3574660115154,false,או-בה טמפונים קלאסי סופר 32יח',ג'ונסון אנד ג'ונסון,GR,אובה קלאסי סופר 32 י,יחידה,32.00,יחידה,false,,26.90,0.8406,true,1,124634
3574660333466,false,טמפונים מיני פרו קומפורט אובה 32 יחידות,הנסיך- מפעל לייצור ט,DE,אובה טמפוני פרוקומפו,יחידה,32.00,יחידה,false,,26.90,0.8406,true,1,124652
3574660464337,false,מגני תחתון קרפרי נורמל אוורירי מבושם,ג'ונסון אנד ג'ונסון,IT,קרפרי מגן תחתון אוור,יחידה,76.00,יחידה,false,,24.90,0.3276,true,1,124660
3574660464368,false,קרפרי מגן תחתון אוורירי אלוורה 76 יח'',גונסון אנד גונסון,IT,קרפרי מגן תחתון אוור,יחידה,76.00,יחידה,false,,24.90,0.3276,true,1,124661
3574660464429,false,מגני תחתון קרפרי נורמל אוורירי עם מעטפת כותנה,קרפרי Carefree,IT,קרפרי מגן תחתון אוור,יחידה,76.00,יחידה,false,,24.90,0.3276,true,1,124663
3574661098531,false,ניוטרוגינה תחליב גוף מועשר לעור יבש/רגיש,ניוטרוג'ינה Neutrogena,GR,ניוטרוגינה תחליב גוף,מיליליטרים,400.00,"100 מ""ל",false,,39.90,0.0997,true,1,187419
3574661114637,false,ליסטרין שטיפת פה קול מינט טעם מעודן 500,ג'ונסון אנד ג'ונסון,IT,*מבצע* ליסטרין שטיפת,ליטרים,500.00,100 ליטר,false,,16.90,0.0338,true,1,217739
3574661177137,false,ליסטרין שטיפת פה קול מינט כחול 500,גונסון אנד גונסון,IT,ש.פה ליסטרין קול מינ,מיליליטרים,500.00,"100 מ""ל",false,,19.90,0.0398,true,1,247502
3574661419435,false,תחבושת הגיינית וניה מקסי לילה 12 יח',Johnson Vania - BL,BE,וניה תחבושות היגייני,יחידה,12.00,יחידה,false,,25.00,2.0833,true,1,257134
3574661428055,false,גונסונס בייבי תחליב לחות מגע כותנה 500 מ,שסטוביץ,IT,גונסונס בייבי תחליב,מיליליטרים,500.00,"100 מ""ל",false,,32.90,0.0658,true,1,196693
3574661432847,false,"ג'ונסונס מרכך שיער הקץ לקשרים 500 מ""ל",ג'ונסונס Johnson's,IT,גונסונס מרכך שיער הק,מיליליטרים,500.00,"100 מ""ל",false,,19.90,0.0398,true,1,196686
3574661485201,false,טמפונים אובה סופר 32 יח' פרוקומפורט,Johnson Toilet-IT,,או בה פרוקומפורט סופ,יחידה,32.00,יחידה,false,,26.90,0.8406,true,1,256477
3574661485218,false,טמפונים נורמל אובה 32 יח' פרוקומפורט,Johnson Toilet-IT,FR,אובה פרוקומפורט נורמ,יחידה,32.00,יחידה,false,,26.90,0.8406,true,1,256478
3574661487328,false,קרפרי מגני תחתון אורגינל פלוס 56 יח',הדקלאים אגודת שיתופי,IT,קרפרי רגיל 58 יח',יחידה,58.00,יחידה,false,,20.00,0.3448,true,1,200205
3574661487335,false,קרפרי מגן תחתון מקסי לונג ריח'ני 40 יח',קרפרי Carefree,IT,קרפרי לונג ריחני 40,יחידה,40.00,יחידה,false,,20.00,0.5000,true,1,199578
3574661487632,false,מגני תחתון פלוס לארג' בניחוח עדין L,קרפרי Carefree,GR,קרפרי מגן תחתון לארג,יחידה,64.00,יחידה,false,,24.90,0.3891,true,1,202496
3574661500355,false,קרפרי מגן תחתון מקסי לונג רגיל 40 יח',ג'ויה מעבדות לקוסמטי,IT,קרפרי לונג 40 יח',יחידה,40.00,יחידה,false,,20.00,0.5000,true,1,198198
3574661501901,false,שטיפה אינטימית יומיומית מכיל תה ירוק ואלוורה,קרפרי Carefree,IT,קרפרי שטיפה אינטימית,יחידה,0.00,יחידה,false,,19.90,0.0000,true,1,198592
3574661552576,false,קרפרי מגן תחתון רגיל טנגה לבן 56 יח חדש,הדקלאים אגודת שיתופי,GR,קרפרי מגן תחתון רגיל,יחידה,58.00,יחידה,false,,20.00,0.3448,true,1,221440
3574661552804,false,קרפרי מגן תחתון אלוורה 56 יח',הדקלאים אגודת שיתופי,IT,קרפרי אוורירי עם אלו,יחידה,58.00,יחידה,false,,20.00,0.3448,true,1,216154
3574661554877,false,קרפרי מגן תחתון כותנה מבושם 56 יח,הנסיך- מפעל לייצור ט,GR,קרפרי כותון מבושם 56,יחידה,58.00,יחידה,false,,20.00,0.3448,true,1,221441
3574669907682,false,גונסון בייבי טלק 500 גרם חדש,גונסון אנד גונסון,IT,גונסונס בייבי טלק 50,גרמים,500.00,100 גרם,false,,31.90,0.0638,true,1,196694
3574669907729,false,גונסונס בייבי שמפו לתינוק 750 מל,גונסון אנד גונסון,IT,גונסונס בייבי שמפו 7,מיליליטרים,750.00,"100 מ""ל",false,,23.90,0.0319,true,1,257133
3574669907972,false,"גונסון בייבי שמפו טיפות של ברק 750 מ""ל",ג'ונסונס Johnson's,IT,גונסונס שמפו טיפות ש,מיליליטרים,750.00,"100 מ""ל",false,,23.90,0.0319,true,1,196687
3574669908481,false,ג'ונסון בייבי אל סבון אמבט 750 מל חדש,ג'ונסונס Johnson's,IT,גונסון בייבי אל סבון,מיליליטרים,750.00,"100 מ""ל",false,,19.90,0.0265,true,1,196684
3574669908665,false,גונסונס בייבי אל סבון לפני השינה 750 מל,גונסון אנד גונסון,IT,גונסון בייבי אל סבון,מיליליטרים,750.00,"100 מ""ל",false,,19.90,0.0265,true,1,196681
3574669908948,false,גונסונס בייבי אל סבון לרחצה עדינה 750 מל,גונסון אנד גונסון,IT,גונסון בייבי אל סבון,מיליליטרים,750.00,"100 מ""ל",false,,19.90,0.0265,true,1,196682
3574669909181,false,גונסונס בייבי שמן אלוורה לתינוק 300 מל,ג'ונסונס Johnson's,IT,גונסונס בייבי שמן אל,מיליליטרים,300.00,"100 מ""ל",false,,19.90,0.0663,true,1,196704
3574669909822,false,"גונסון טיפות של ברק תרסיס מרכך שיער לילדים, 200 מ""ל",ג'ונסונס Johnson's,IT,גונסונס ספריי קשרים,מיליליטרים,200.00,"100 מ""ל",false,,16.90,0.0845,true,1,196690
3600521720219,false,קרם פנים לילה עם פעולה משולשת לכל סוגי העור,לוריאל Loreal,DE,דרמו פעולה משולשת לי,יחידה,0.00,יחידה,false,,49.90,0.0000,true,1,136571
3600522344032,false,לוריאל - אלביב מסכה טוטאל ריפר 300,לוריאל,,מסכת אלביב טוטל ריפי,מיליליטרים,300.00,"100 מ""ל",false,,34.90,0.1163,true,1,136620
3600522344070,false,לוריאל - אלביב מסכה קולור פרוטקט 300,"לוריאל ישראל בע""מ",FR,מסכת אלביב קולור 300,מיליליטרים,300.00,"100 מ""ל",false,,34.90,0.1163,true,1,136621
3600523193141,false,תרסיס לכיסוי שורשי השיער Magic Retouch שחור,לוריאל Loreal,BE,מג'יק ריטאצ' שחור,יחידה,0.00,יחידה,false,,39.90,0.0000,true,1,168809
3600523193165,false,תרסיס לכיסוי שורשי השיער Magic Retouch חום בהיר,לוריאל Loreal,BE,מג'יק ריטאצ' חום בהי,יחידה,0.00,יחידה,false,,39.90,0.0000,true,1,168811
3600523337712,false,לוריאל - מג'יק ריטאצ' 6 חום מהגוני,לוריאל,BE,לוריאל מג'יק ריטאצ',יחידה,0.00,יחידה,false,,39.90,0.0000,true,1,183042
3600523430932,false,לוריאל - דרמו פיור קליי תרחיץ שחור,סופרויאל,PL,לוריאל דרמו פיור קלי,יחידה,0.00,יחידה,false,,34.90,0.0000,true,1,180231
3600523439836,false,לוריאל סדרת פרחים מי פנים לעור רגיש 400,לוריאל,DE,פרחים מי פנים לעור ר,יחידה,0.00,יחידה,false,,34.90,0.0000,true,1,180145
3600523448760,false,לוריאל סדרת פרחים חלב פנים לעור רגיש 400,לוריאל,DE,פרחים חלב פנים לעור,יחידה,0.00,יחידה,false,,34.90,0.0000,true,1,180148
3600523450435,false,לוריאל סדרת פרחים גל רחצה לעור רגיש 150,לוריאל,DE,פרחים ג'ל רחצה לעור,יחידה,0.00,יחידה,false,,34.90,0.0000,true,1,180259
3600523476619,false,לוריאל - דרמו פרחים ג'ל ניקוי כחול (החלפת ברקוד),לוריאל,FR,דרמו פרחים גל ניקוי,יחידה,0.00,יחידה,false,,34.90,0.0000,true,1,196750
3600523605972,false,מסכת הזנה רב שימושית מכילה שמן קוקוס,לוריאל - אלביב Elvive,DE,אלביב מסיכה קוקוס 30,יחידה,0.00,יחידה,false,,34.90,0.0000,true,1,180238
3600523642489,false,מסכת הזנה אינטנסיבית 6 שמנים לשיער יבש,לוריאל - אלביב Elvive,DE,אלביב מסכה 6 שמנים 3,מיליליטרים,300.00,"100 מ""ל",false,,34.90,0.1163,true,1,193102
3600523651870,false,שמפו לחיזוק סיב השערה לכל סוגי השיער,לוריאל - אלביב Elvive,TR,לוריאל אלביב שמפו אר,מיליליטרים,550.00,"100 מ""ל",false,,16.90,0.0307,true,1,183135
3600523651887,false,"לוריאל - אלביב שמפו טוטאל ריפר 550 מ""ל",לוריאל - אלביב Elvive,TR,לוריאל אלביב שמפו טו,מיליליטרים,550.00,"100 מ""ל",false,,16.90,0.0307,true,1,183142
3600523651900,false,מרכך לחיזוק סיב השערה לכל סוגי השיער,לוריאל - אלביב Elvive,TR,לוריאל אלביב מרכך אר,מיליליטרים,550.00,"100 מ""ל",false,,16.90,0.0307,true,1,183136
3600523652228,false,"לוריאל - אלביב מרכך טוטאל ריפר 550 מ""ל",לוריאל - אלביב Elvive,TR,לוריאל אלביב מרכך טו,מיליליטרים,550.00,"100 מ""ל",false,,16.90,0.0307,true,1,183143
3600523652242,false,"לוריאל - אלביב שמפו קולור פרוטקט 550 מ""ל",לוריאל - אלביב Elvive,TR,לוריאל אלביב שמפו קו,מיליליטרים,550.00,"100 מ""ל",false,,16.90,0.0307,true,1,183145
3600523652259,false,"לוריאל - אלביב מרכך קולור פרוטקט 550 מ""ל",לוריאל,TR,לוריאל אלביב מרכך קו,מיליליטרים,550.00,"100 מ""ל",false,,16.90,0.0307,true,1,183146
3600523652280,false,"לוריאל אלביב שמפו מועשר ב 6 שמנים, 550 מ""ל",לוריאל - אלביב Elvive,TR,לוריאל אלביב שמפו 6,יחידה,0.00,יחידה,false,,16.90,0.0000,true,1,183137
3600523652297,false,"מרכך לשיער אלביב זהב 6 שמנים , 550 מ""ל",לוריאל - אלביב Elvive,TR,לוריאל אלביב מרכך 6,יחידה,0.00,יחידה,false,,16.90,0.0000,true,1,183138
3600523755806,false,"לוריאל - אלביב שמפו קוקוס 550 מ""ל",לוריאל,TR,אלביב שמפו קוקוס 550,מיליליטרים,550.00,"100 מ""ל",false,,16.90,0.0307,true,1,201730
3600523756322,false,"לוריאל - אלביב מרכך קוקוס 550 מ""ל",לוריאל,TR,אלביב מרכך קוקוס 550,מיליליטרים,550.00,"100 מ""ל",false,,18.90,0.0344,true,1,201731
3600523782567,false,"לוריאל - אלביב שמפו דרים לונג 500 מ""ל",לוריאל - אלביב Elvive,FR,אלביב שמפו דרים לונג,מיליליטרים,500.00,"100 מ""ל",false,,16.90,0.0338,true,1,196748
3600523782574,false,לוריאל - אלביב מסכה דרים לונג 300,לוריאל - אלביב Elvive,DE,אלביב מסכה דרים לונג,יחידה,0.00,יחידה,false,,34.90,0.0000,true,1,196741
3600523782581,false,מרכך מתיר קשרים לשיער ארוך ופגום Dream Long,לוריאל - אלביב Elvive,FR,אלביב מרכך דרים לונג,מיליליטרים,500.00,"100 מ""ל",false,,18.90,0.0378,true,1,196749
3600523815845,false,אלביב שמפו 360 6 שמנים מופלאים,לוריאל,TR,אלביב שמפו 6 שמנים 3,מיליליטרים,360.00,"100 מ""ל",false,,9.90,0.0275,true,1,211867
3600523944194,false,לוריאל - אקסלנס קול קרם 6.11 חום בהיר קר,לוריאל,BE,אקסלנס קול 6.11 חום,יחידה,0.00,יחידה,false,,39.90,0.0000,true,1,244190
3600523944231,false,לוריאל - אקסלנס קול קרם 7.11 בלונד אפרפר קר,לוריאל,BE,אקסלנס קול 7.11 בלונ,יחידה,0.00,יחידה,false,,39.90,0.0000,true,1,244191
3600524051334,false,אלביב מרכך חומצה היאלורונית 400 מל,לוריאל,FR,אלביב מרכך היאלורוני,מיליליטרים,400.00,"100 מ""ל",false,,16.90,0.0422,true,1,262478
3600524051570,false,לוריאל - אלביב מסכה היאלורונית 300 מ''ל,CANAN KOZMETIK,FR,אלביב מסכה היאלורוני,יחידה,0.00,יחידה,false,,34.90,0.0000,true,1,266898
3600524055400,false,לוריאל - אלביב שמפו היאלורונית 500 מ''ל,לוריאל,FR,אלביב שמפו היאלורוני,מיליליטרים,500.00,"100 מ""ל",false,,18.90,0.0378,true,1,262479
3600541022096,false,גרניה 7 ימים קרם גוף חמאת שיאה 400 מל,קוסמופול,PL,גרנייה קרם גוף 7ימים,מיליליטרים,400.00,"100 מ""ל",false,,16.90,0.0422,true,1,136719
3600541029323,false,גרנייה אסנשיאל מסיר איפור 2 ב- 1,SOPROCOS סופרוקוס,FR,אסנשיאל מסיר איפור 2,מיליליטרים,200.00,"100 מ""ל",false,,24.90,0.1245,true,1,136721
3600541253667,false,"גרנייה - דאודורנט ספריי לאישה אינביזיבל BWC (ורוד) 150 מ""ל","לוריאל ישראל בע""מ",FR,גרנייה דאורדורנט ספר,מיליליטרים,150.00,"100 מ""ל",false,,13.90,0.0927,true,1,136754
3600541402270,false,"גרנייה - דאודורנט ספריי לאישה אינביזיבל BWC (ירוק) 150 מ""ל","לוריאל ישראל בע""מ",FR,גרנייה דאודורנט ספרי,יחידה,0.00,יחידה,false,,13.90,0.0000,true,1,136803
3600541740006,false,"גרנייה - דאודורנט ספריי לאישה אקשן קונטרול 72 שעות 150 מ""ל","לוריאל ישראל בע""מ",FR,גרנייה דאו 5 פרוטקשי,יחידה,0.00,יחידה,false,,13.90,0.0000,true,1,162342
3600541928169,false,"גרנייה פיור פחם ג'ל ניקוי 150 מ""ל",לוריאל,PL,גרנייה פיור פחם גל נ,מיליליטרים,100.00,"100 מ""ל",false,,34.90,0.3490,true,1,164194
3600541928275,false,מי פנים מיסלריים דו-פאזיים מסיר איפור עמיד במים,גרנייה Garnier,PL,גרנייה מים מיסלריים,יחידה,0.00,יחידה,false,,34.90,0.0000,true,1,170077
3600541937475,false,גרניה פיור גרגרים מסיכה לעור מעורב עד שמן,לוריאל,PL,גרנייה פיור ניקוי 3-,יחידה,150.00,יחידה,false,,34.90,0.2327,true,1,164191
3600541952720,false,ג'ל גרגירים עם פחם פעיל לטיפול בראשים שחורים,גרנייה Garnier,PL,גרנייה פיור פחם גל ג,מיליליטרים,150.00,"100 מ""ל",false,,34.90,0.2327,true,1,164192
3600541956223,false,"גרנייה פיור לניקוי וטיפול בסימנים ופגעי עם מברשת 150 מ""ל",לוריאל,DE,גרנייה פיור אקספוברש,מיליליטרים,150.00,"100 מ""ל",false,,34.90,0.2327,true,1,164193
3600542050579,false,גרניה בוטניקל מי פנים ורדים 200 מל,לוריאל,DE,בוטניקול טונר ורדים,יחידה,0.00,יחידה,false,,24.90,0.0000,true,1,252728
3600542052788,false,גרנייה בוטניקל חלב פנים ורדים 200 מל,לוריאל,DE,בוטניקל חלב ורדים,יחידה,0.00,יחידה,false,,24.90,0.0000,true,1,252729
3600542232036,false,גרניה סקין נט אלו גל אלוורה ללחות 50 מל,לוריאל,DE,גרנייה סקין נט אלו ג,יחידה,0.00,יחידה,false,,39.90,0.0000,true,1,196739
3600542309974,false,"גרנייה - דאודורנט רול און לאישה מגנזיום 50 מ""ל",סופרוקוס,PL,גרנייה מינרל רול און,יחידה,0.00,יחידה,false,,13.90,0.0000,true,1,221255
3600542310444,false,"גרנייה - דאודורנט ספריי לאישה מגנזיום 150 מ""ל",לוריאל,PL,גרנייה מינרל דאו ספר,יחידה,0.00,יחידה,false,,13.90,0.0000,true,1,221256
3600542365710,false,גרנייה - פיור ג'ל ניקוי,General,,"פיור ג""ל ניקוי 150 מ",מיליליטרים,150.00,"100 מ""ל",false,,34.90,0.2327,true,1,221275
3600542375801,false,גרניה פיור אקטיב 3ב1 פחם 150 מל,לוריאל,FR,גרנייה פיוראקטיב פחם,מיליליטרים,150.00,"100 מ""ל",false,,34.90,0.2327,true,1,221278
3600542385091,false,"גרנייה - דאודורנט רול און לאישה אקשן קונטרול 72 שעות 50 מ""ל",קוסמופול,PL,גרנייה דאו רול אקשן,יחידה,0.00,יחידה,false,,13.90,0.0000,true,1,222664
3600542385107,false,"גרנייה - דאודורנט רול און לאישה אינביזיבל BWC (ירוק) 50 מ""ל","לוריאל ישראל בע""מ",PL,אינביזי לכל צבע פרש,יחידה,0.00,יחידה,false,,13.90,0.0000,true,1,221279
3600542385220,false,"גרנייה - דאודורנט רול און לאישה פרוטקשן 6 פלורל (סגול) 50 מ""ל",גרנייה Garnier,FR,גרנייה דאודורנט רול,יחידה,0.00,יחידה,false,,13.90,0.0000,true,1,221283
3600542385268,false,"גרנייה - דאודורנט רול און לאישה אינביזיבל BWC (ורוד) 50 מ""ל",קוסמופול,PL,גרנייה מיניראל ביוטי,יחידה,0.00,יחידה,false,,13.90,0.0000,true,1,221284
3600542385275,false,"גרנייה - דאודורנט רול און לאישה פיור אקטיב 50 מ""ל",גרנייה Garnier,FR,גרנייה דאודורנט רול,יחידה,0.00,יחידה,false,,13.90,0.0000,true,1,221285
3600542397926,false,"גרנייה - דאודורנט ספריי לאישה פרוטקשן 6 כותנה (ורוד) 150 מ""ל",סופרוקוס,FR,גרנייה דאו ספרי פרו,יחידה,0.00,יחידה,false,,13.90,0.0000,true,1,222666
3600542431828,false,גרנייה - קולור נטורלס 1 שחור טבעי חדש,גרנייה Garnier,PL,קולור נטורלס 1 שחור,יחידה,0.00,יחידה,false,,19.90,0.0000,true,1,249054
3600542431835,false,גרנייה - קולור נטורלס 3 חום כהה מאוד חדש,גרנייה Garnier,PL,קולור נטורלס 3 חום כ,יחידה,0.00,יחידה,false,,19.90,0.0000,true,1,249055
3600542431842,false,גרנייה - קולור נטורלס 4 חום כהה טבעי חדש,גרנייה Garnier,PL,קולור נטורלס 4 חום כ,יחידה,0.00,יחידה,false,,19.90,0.0000,true,1,249056
3600542431859,false,גרנייה - קולור נטורלס 5 חום טבעי חדש,גרנייה Garnier,PL,קולור נטורלס 5 חום ט,יחידה,0.00,יחידה,false,,19.90,0.0000,true,1,249057
3600542431866,false,גרנייה קולור נטורלס צבע לשיער חום בהיר 6,גרנייה Garnier,PL,קולור נטורלס 6 חום ב,יחידה,0.00,יחידה,false,,19.90,0.0000,true,1,249058
3600542431873,false,גרנייה - קולור נטורלס 7 בלונד טבעי חדש,גרנייה Garnier,PL,קולור נטורלס 7 בלונד,יחידה,0.00,יחידה,false,,19.90,0.0000,true,1,249059
3600542431910,false,גרנייה - קולור נטורלס 2.1 שחור כחול חדש,קוסמופול,PL,קולור נטורלס 2.1 שחו,יחידה,0.00,יחידה,false,,19.90,0.0000,true,1,249063
3600542431927,false,גרנייה - קולור נטורלס 8.1 בלונד אפרפר בהיר חדש,גרנייה Garnier,PL,קולור נטורלס 8.1 בלו,יחידה,0.00,יחידה,false,,19.90,0.0000,true,1,249064
3600542431934,false,גרנייה - קולור נטורלס 6.25 חום אגוז חדש,גרנייה Garnier,PL,קולור נטורלס 6.25 חו,יחידה,0.00,יחידה,false,,19.90,0.0000,true,1,249065
3600542431941,false,גרנייה - קולור נטורלס 5.3 חום זהוב חדש,גרנייה Garnier,PL,קולור נטורלס 5.3 חום,יחידה,0.00,יחידה,false,,19.90,0.0000,true,1,249066
3600542431972,false,צבע לשיער קולור נטורלס - 111 בלונד אולטרה בהיר אפור,גרנייה Garnier,PL,קולור נטורלס 111בלונ,יחידה,0.00,יחידה,false,,19.90,0.0000,true,1,249069
3600542431989,false,גרנייה - קולור נטורלס 6.34 חום שוקולד חדש,גרנייה Garnier,PL,קולור נטורלס 6.34 חו,יחידה,0.00,יחידה,false,,19.90,0.0000,true,1,249070
3600542432009,false,גרנייה - קולור נטורלס 4.5 חום שוקולד כהה חדש,קוסמופול,PL,קולור נטורלס 4.5 חום,יחידה,0.00,יחידה,false,,19.90,0.0000,true,1,249072
3600542432047,false,גרנייה - קולור נטורלס 10.1 בלונד סופר בהיר ב חדש,קוסמופול,PL,קולור נטורלס 10.1 בל,יחידה,0.00,יחידה,false,,19.90,0.0000,true,1,249076
3600542432078,false,גרנייה - קולור נטורלס 3.12 חום קפוא חדש,קוסמופול,PL,קולור נטורלס 3.12 חו,יחידה,0.00,יחידה,false,,19.90,0.0000,true,1,249079
3607340717635,false,אדידס גל רחצה לגבר אייס דייב 400 מל,קוטי ס.פ,ES,אדידס אייס דייב ג'ל,יחידה,0.00,יחידה,false,,11.90,0.0000,true,1,183957
3607343817547,false,"אדידס - דאודורנט ספריי לגבר קליימקול 150 מ""ל",קולפ,PT,דאו ספריי לגבר קליימ,יחידה,0.00,יחידה,false,,14.90,0.0000,true,1,217237
3607345264356,false,"אדידס בודי ספריי לגבר דינמיק פולס, ללא אלומיניום, 150 מל",דנשר,,אדידס דאו ספריי גוף,מיליליטרים,150.00,"100 מ""ל",false,,17.90,0.1193,true,1,139755
3607345264912,false,"אדידס בודי ספריי לגבר אייס דייב, ללא אלומיניום, 150 מל",אגריפק אס איי לגרדה,ES,אדידס אייס דייב דאו,מיליליטרים,150.00,"100 מ""ל",false,,17.90,0.1193,true,1,139756
3607347320449,false,"אדידס - ג'ל רחצה ספורט אנרג'י 400 מ""ל",קוטי ס.פ,ES,אדידס ספורט אנרגי ג',יחידה,0.00,יחידה,false,,11.90,0.0000,true,1,183958
3607347415343,false,דאודורנט רול און איש,,PT,אדידס נשים רול און ק,יחידה,0.00,יחידה,false,,13.90,0.0000,true,1,197117
3607349687458,false,"דאו' ספריי לגבר קול דריי פרש 150מ""ל",קולפ,PT,דאו ספריי לגבר קול ד,יחידה,0.00,יחידה,false,,13.90,0.0000,true,1,217238
3608580730231,false,קונפיטורה בון ממאן תות שדה 370 גר',אף.סי תבליני בגליל ב,FR,בון מאמא קונפיטורה ת,גרמים,370.00,100 גרם,false,,19.90,0.0538,true,1,157755
3608580730255,false,קונפיטורה בטעם משמש 370 גר BONNE MAMAN,בון ממן,FR,בון מאמא קונפיטורה מ,גרמים,370.00,100 גרם,false,,19.90,0.0538,true,1,157756
3608580730279,false,מרמלדת תפוזים 370 גר BONNE MAMAN,,,מרמלדת תפוזים 370 גר,גרמים,370.00,100 גרם,false,,19.90,0.0538,true,1,219529
3608580730286,false,קונפיטורה בון ממאן ארבע עונות 370 גר',אנדרוס,FR,בון מאמא קונפיטורה 4,גרמים,370.00,100 גרם,false,,19.90,0.0538,true,1,157757
3608580730323,false,קונפיטורה בטעם פטל 370 גר BONNE MAMAN,,,בון מאמא קונפיטורה פ,גרמים,370.00,100 גרם,false,,19.90,0.0538,true,1,157758
3614221653715,false,"אדידס קליימקול ג'ל רחצה, 400 מ""ל",קוטי ס.פ,ES,אדידס קליימקול ג'ל ר,יחידה,0.00,יחידה,false,,11.90,0.0000,true,1,183959
3614223736003,false,"אדידס - דאודורנט ספריי לגבר אדיפיור 150 מ""ל",איגפק אס.איי,PT,דאו ספריי לגבר אדיפי,יחידה,0.00,יחידה,false,,13.90,0.0000,true,1,217239
3661163970448,false,"אדידס דאודורנט ספריי מקס פרש לגברים 200 מ""ל",מיוצר עי קונדיטוריית,PT,אדידס דאודורנט ספריי,מיליליטרים,200.00,"100 מ""ל",false,,17.90,0.0895,true,1,139776
3661163991344,false,"אדידס דאודורנט ספריי מקס פרו-קליר לאישה 150 מ""ל",מיוצר עי קונדיטוריית,PT,אדידס דאו דריי מקס פ,מיליליטרים,200.00,"100 מ""ל",false,,17.90,0.0895,true,1,139781
3661163991580,false,"אדידס - דאודורנט ספריי לאישה קול אנד קר 6 ב-1 150 מ""ל",מיוצר עי קונדיטוריית,PT,אדידס דאו דריי מקס א,מיליליטרים,200.00,"100 מ""ל",false,,17.90,0.0895,true,1,139782
3700331103285,false,כוסות קרטון 10אוז חד,,,כוסות קרטון 10אוז חד,יחידה,0.00,יחידה,false,,16.90,0.0000,true,1,261425
3701086304309,false,יין לה קוק סירה בלאק,,FR,לה קוק סירה בלאק - י,מיליליטרים,750.00,"100 מ""ל",false,,79.90,0.1065,true,1,264005
3701086305030,false,יין ולאס פויזן בלאן,,FR,ולאס פויזן בלאן 750,מיליליטרים,750.00,"100 מ""ל",false,,79.90,0.1065,true,1,247150
3701086305528,false,יין לה קוק קברנה סוב,,FR,ולאס לה קוק קברנה סו,מיליליטרים,750.00,"100 מ""ל",false,,79.90,0.1065,true,1,247152
3701086305719,false,יין ואלס לה קוק מלבק,,FR,ולאס לה קוק מלבק 750,מיליליטרים,750.00,"100 מ""ל",false,,79.90,0.1065,true,1,247171
3701086306730,false,יין לה קוק יבש שרדונ,,FR,ולאס לה קוק שרדונה 7,מיליליטרים,750.00,"100 מ""ל",false,,79.90,0.1065,true,1,247153
3800020472712,false,חטיף קיט קאט צאנקי פופקורן 42 ג',ליימן מותגים,BG,קיט קט צ'אנקי פופקור,יחידה,0.00,יחידה,false,,4.50,0.0000,true,1,243128
3800023408688,false,BELLE FINE צבע שיער,,,BELLE FINE צבע שיער,יחידה,0.00,יחידה,false,,12.90,0.0000,true,1,196060
3800034954150,false,מארז 3 יחידות פריש דריי,,,שלישיות -DRY מארז 3,יחידה,0.00,יחידה,false,,10.00,0.0000,true,1,127422
3800034965811,false,מפיץ ריח באריזת בליסטר,Unknown,,"בקבוק 35 מ""ל באריזת",יחידה,0.00,יחידה,false,,16.90,0.0000,true,1,187439
3800034966139,false,בקבוק מקלות הום פרפי,,,בקבוק HOME PERFUME,מיליליטרים,150.00,"100 מ""ל",false,,39.90,0.2660,true,1,167233
3800034967181,false,מקלות בישום לרכב,Unknown,,"בושם 80 מ""ל - מקלו",יחידה,0.00,יחידה,false,,18.90,0.0000,true,1,247923
3800034967600,false,שקית פנינים מפיץ ריח,,,שקית פנינים מפיץ ריח,יחידה,0.00,יחידה,false,,12.90,0.0000,true,1,163172
3800034977807,false,"בקבוק ריח מקלות 50 מ""ל אריון",,,"בקבוק מקלות 50 מ""ל",יחידה,0.00,יחידה,false,,12.90,0.0000,true,1,247824
3800034979030,false,"בקבוק ריח מקלות 50 מ""ל אריון",,,"בקבוק מקלות 50 מ""ל",יחידה,0.00,יחידה,false,,12.90,0.0000,true,1,244395
3838824127149,false,צבע לשיער פלטה - 1-1 שחור כחול,שוורצקופף והנקל,DE,פאלטה שחור כחול 1-1,יחידה,0.00,יחידה,false,,20.00,0.0000,true,1,121855
3838824127163,false,צבע לשיער פאלטה בלונד כסוף 1-10,שוורצקופף והנקל,DE,פאלטה בלונד כסוף 10-,יחידה,0.00,יחידה,false,,20.00,0.0000,true,1,121856
3838824127200,false,פלטה סמי קיט 5-68 ערמונים בינוני,שוורצקופף והנקל,DE,פאלטה חום כהה 3-0 ס,יחידה,0.00,יחידה,false,,20.00,0.0000,true,1,121857
3838824127224,false,פלטה סמי קיט חום בינוני 4-0 צבע שיער,שוורצקופף והנקל,DE,פאלטה חום בינוני 4-0,יחידה,0.00,יחידה,false,,20.00,0.0000,true,1,121858
3838824127248,false,פלטה סמי קיט חום בהיר 5-0 צבע שיער,שוורצקופף והנקל,DE,פאלטה חום בהיר 5-0,יחידה,0.00,יחידה,false,,20.00,0.0000,true,1,121859
3838824127286,false,צבע לשיער פלטה - 7-0 בלונד בינוני,שוורצקופף והנקל,DE,פאלטה בלונד בינוני 7,יחידה,0.00,יחידה,false,,20.00,0.0000,true,1,121861
3838824127309,false,פלטה סמי קיט בלונד בהיר 8-0 צבע שיער,שוורצקופף והנקל,DE,פלטה  בלונד בהיר 8-0,יחידה,0.00,יחידה,false,,20.00,0.0000,true,1,121862
3838824127361,false,פלטה סמי קיט ערמונים בינוני5-68 צבע שיער,שוורצקופף והנקל,DE,פאלטה ערמונים בינוני,יחידה,0.00,יחידה,false,,20.00,0.0000,true,1,121864
3838824127507,false,פלטה סמי קיט חום קטיפתי 4-60 צבע שיער,שוורצקופף והנקל,DE,פאלטה חום קטיפתי 4-6,יחידה,0.00,יחידה,false,,20.00,0.0000,true,1,121867
3838824127583,false,צבע לשיער פלטה - 6-88 אדום בוער,שוורצקופף והנקל,DE,פאלטה  אדום בוער 6-8,יחידה,0.00,יחידה,false,,20.00,0.0000,true,1,121869
3838824127644,false,צבע לשיער פלטה - 4-89 חציל זוהר,שוורצקופף והנקל,DE,פאלטה חציל זוהר 4-89,יחידה,0.00,יחידה,false,,20.00,0.0000,true,1,121871
3838824128788,false,פאלטה - דלוקס שמני הזנה אדום לוהט 6-888,שוורצקוף Schwarzkopf,DE,פאלטה דלוקס שמני הזנ,יחידה,0.00,יחידה,false,,30.00,0.0000,true,1,121892
3838824128887,false,פאלטה - דלוקס שמני הזנה שוקולטה 3-65,הנקל סוד,DE,פאלטה דלוקס שמני הזנ,יחידה,0.00,יחידה,false,,30.00,0.0000,true,1,121895
3838824129020,false,פאלטה - דלוקס שמני הזנה שחור 1-0,שוורצקוף Schwarzkopf,DE,פאלטה דלוקס שמני הזנ,יחידה,0.00,יחידה,false,,30.00,0.0000,true,1,121899
3838824193915,false,צבע לשיער פאלטה סמי קיט שחור 0-1,שוורצקופף והנקל,DE,פאלט שחור  1-0 סמי,יחידה,0.00,יחידה,false,,20.00,0.0000,true,1,121922
3838824193939,false,פאלטה - דלוקס שמני הזנה סגול אצילי 4-99,שוורצקוף Schwarzkopf,DE,פלטה קיט דלוקס שמני,יחידה,0.00,יחידה,false,,30.00,0.0000,true,1,121923
3838824240275,false,פלטה סמי קיט 8-0 בלונד בהיר,שוורצקופף והנקל,DE,פאלטה נוגט 6-65 סמי,יחידה,0.00,יחידה,false,,20.00,0.0000,true,1,121944
3838824332130,false,צבע שיער פאלטה סמי קיט 3-68 מהגוני כהה,שוורצקופף והנקל,DE,פלטה סמי-קיט 3-68 מה,יחידה,0.00,יחידה,false,,20.00,0.0000,true,1,176444
3838824380902,false,צבעי שיער בלונד סופר בהיר 10-0 סמי קיט פאלטה,שוורצקופף והנקל,DE,צבע לשיער פאלטה סמי,יחידה,0.00,יחידה,false,,20.00,0.0000,true,1,240156
3838824380940,false,צבעי שיער בלונד בהיר אפרפר 8-1 סמי קיט פאלט,שוורצקופף והנקל,DE,צבע לשיער פאלטה סמי,יחידה,0.00,יחידה,false,,20.00,0.0000,true,1,240157
3838824380988,false,צבעי שיער בלונד כסוף אפרפר 12-21 סמי קיט פאלטה,שוורצקופף והנקל,DE,צבע לשיער פאלטה סמי,יחידה,0.00,יחידה,false,,20.00,0.0000,true,1,240158
3838824381022,false,צבעי שיער חום שוקולד כהה 3-65 סמי קיט פאלטה,שוורצקופף והנקל,DE,צבע לשיער פאלטה סמי,יחידה,0.00,יחידה,false,,20.00,0.0000,true,1,240159
3838945509015,false,נקטר אוכמניות שחורות 25% 1 ל FRUCTAL,פרוקטל Fructal,SI,נקטר אוכמניות שחורות,ליטרים,1.00,ליטר,false,,12.90,12.9000,true,1,161598
3838945509060,false,מיץ תפוחים 100% 1 ליטר FRUCTAL,FRUCTAL,SI,מיץ תפוח עץ,ליטרים,1.00,ליטר,false,,12.90,12.9000,true,1,161601
3838945509077,false,מיץ אננס 100% 1 ליטר FRUCTAL,FRUCTAL,SI,מיץ אננס,ליטרים,1.00,ליטר,false,,12.90,12.9000,true,1,161602
4000417019004,false,שוקולד חלב אגוזי לוז שלמים ריטר ספורט 100 גרם,ריטר ספורט Ritter sport,DE,שוקולד ריטר חלב אגוז,גרמים,100.00,100 גרם,false,,10.90,0.1090,true,1,115263
4000417022004,false,ריטר ספורט שוקולד חלב מעולה עם צימוקים ואגוזי לוז 100 גרם,ריטר ספורט Ritter sport,DE,קולד ריטר צימוקים וא,גרמים,100.00,100 גרם,false,,9.10,0.0910,true,1,115264
4000417023001,false,ריטר ספורט שוקולד חלב מעולה עם שקדים שלמים,ריטר ספורט Ritter sport,DE,ריטר ספורט שוק.חלב ו,גרמים,100.00,100 גרם,false,,10.90,0.1090,true,1,115265
4000417025005,false,שוקולד מריר במילוי מרציפן ריטר ספורט 100 גרם,ריטר ספורט Ritter sport,DE,ריטר ספורט שוק.מריר,גרמים,100.00,100 גרם,false,,9.10,0.0910,true,1,115266
4000417026002,false,שוקולד ריטר ספורט פרלין 100 גרם חלב נוכרי,ריטר ספורט Ritter sport,DE,ריטר ספורט שוקולד פר,גרמים,100.00,100 גרם,false,,9.10,0.0910,true,1,115267
4000417101211,false,גלילי וופל עם קרם אגוזי לוז בציפוי שוקולד חלב,אמיצ'לי Amicelli,AT,אמיצ'לי גלילי וופל ע,גרמים,150.00,100 גרם,false,,18.90,0.1260,true,1,246752
4000417211002,false,שוקולד חלב מעולה ממולא קרם קרמל מוקצף ושברי שקדים מומלחים,ריטר ספורט Ritter sport,DE,ריטר ספורט מוס קרמל,גרמים,100.00,100 גרם,false,,9.10,0.0910,true,1,165641
4000417212009,false,ריטר ספורט שוקולד מריר מעולה עם שקדים קצוצים וקליפות תפוז מסוכרות,ריטר ספורט Ritter sport,DE,ריטר מריר עם שקדים ק,גרמים,100.00,100 גרם,false,,10.90,0.1090,true,1,191132
4000417222008,false,שוקולד ריטר ספורט חלב+שברי אגוזים 100 גרם חלב נוכרי,ריטר ספורט Ritter sport,DE,ריטר ספורט חלב עם שב,יחידה,0.00,יחידה,false,,9.10,0.0000,true,1,162801
4000417224002,false,"ריטר ספורט טבלת שוקולד מריר אגוזים, 100 גרם",ריטר ספורט Ritter sport,DE,שוקולד ריטר ספורט מר,גרמים,100.00,100 גרם,false,,10.90,0.1090,true,1,115269
4000417294005,false,שוקולד ריטר מוס קקאו 100 גרם חלב נוכרי,ריטר ספורט Ritter sport,DE,ריטר שוקולד מוס קקאו,גרמים,100.00,100 גרם,false,,9.10,0.0910,true,1,115272
4000417298003,false,שוקולד ריטר ספורט קוקוס 100 גרם חלב נוכרי,ריטר ספורט Ritter sport,DE,ריטר ספורט קוקוס 100,גרמים,100.00,100 גרם,false,,9.10,0.0910,true,1,115273
4000417707000,false,שוקולד חלב מעולה עם שברי קשיו קלוי ומומלח,ריטר ספורט Ritter sport,DE,שוקולד ריטר חלב קשיו,גרמים,100.00,100 גרם,false,,10.90,0.1090,true,1,230781
4000417708007,false,"שוקולד ריטר ספורט מריר שקד, 100 גרם",ריטר ספורט Ritter sport,DE,שוקולד ריטר מריר שקד,גרמים,100.00,100 גרם,false,,10.90,0.1090,true,1,230782
4000426490344,false,דרג'ה שקד מריר 500ג,,,דרג'ה שקד מריר 500ג,גרמים,500.00,100 גרם,false,,32.90,0.0658,true,1,124086
4000426490887,false,דרג'ה לוז מריר 500ג,,,דרג'ה לוז מריר 500ג,גרמים,500.00,100 גרם,false,,32.90,0.0658,true,1,124111
4000522009747,false,"בייגלה צ'יו מקלות תפו""א 80 גר'",טרופיקל דגיל תעשיות,HU,בייגלה ציו מקלות 80,יחידה,0.00,יחידה,false,,3.90,0.0000,true,1,157761
4000522061752,false,בייגלה צ'יו מקלות מלוחים 100 גרם,צ'יו Chio,HU,צ'יאו סטיקלטי מקלות,יחידה,0.00,יחידה,false,,3.90,0.0000,true,1,135321
4000539280740,false,לינדט אקסלנס 78% מוצקי קקאו 100 גרם,לינדט,FR,לינדט אקסלנס 78% 100,גרמים,100.00,100 גרם,false,,15.10,0.1510,true,1,263956
4000539363108,false,שוקולד לינדור סטיקס 38 גרם,לינדור,,לינדור סטיק 38 גרם,יחידה,0.00,יחידה,false,,6.90,0.0000,true,1,177450
4000869032569,false,"הפי מבשם ומטהר אויר ורוד מוצק יעקבי 150 מ""ל",יעקובי הפי,IT,הפי פרש מטהר אוויר,גרמים,150.00,100 גרם,false,,6.00,0.0400,true,1,114374
4001507161948,false,קווקר פתיתי שיבולת שועל דקה 500 גר,פורטין מולנברקה ג'ב,DE,קווקר פתיתי שיבולת ש,גרמים,500.00,100 גרם,false,,6.90,0.0138,true,1,161467
4001507161955,false,קווקר פתיתי שיבולת שועל עבה 500 גר,פורטין מולנברקה ג'ב,DE,קווקר פתיתי שיבולת ש,גרמים,500.00,100 גרם,false,,6.90,0.0138,true,1,203018
4001518003817,false,מקלות פריכים עם גבינת גאודה 125 ג' טורינוס,גריסון,DE,טורינוס מקלות פריכים,גרמים,125.00,100 גרם,false,,15.90,0.1272,true,1,235253
4001518106112,false,טורינוס מקלות פריכים עם רוזמרין 125 גרם,גריסון,DE,טורינוס מקלות פריכים,גרמים,125.00,100 גרם,false,,15.90,0.1272,true,1,227618
4001751073677,false,רוטב חזרת עם סלק 200 גר,סקנדיה,,חזרת + סלק 200 גרם,גרמים,200.00,100 גרם,false,,9.90,0.0495,true,1,169509
4002103250487,false,"בירה ארדינגר בהירה בקבוק 500 מ""ל",ארדינגר,DE,"בירה ארדינגר 500 מ""ל",יחידה,0.00,יחידה,false,,12.90,0.0000,true,1,112528
4002448017684,false,"סיליט באנג ספריי ניקוי כללי מסיר אבנית 750 מ""ל",הדקלאים אגודת שיתופי,PL,סיליט באנג ספריי רב,מיליליטרים,750.00,"100 מ""ל",false,,13.90,0.0185,true,1,132686
4002448019480,false,"סיליט באנג מסיר שומנים רב שימושי 750 מ""ל",סיליט באנג Cillit Bang,PL,סיליט באנג ספריי מסי,מיליליטרים,750.00,"100 מ""ל",false,,13.90,0.0185,true,1,132687
4002575016253,false,מרציפן מצופה שוקולד זנטיס 100 גרם,הדקלאים אגודת שיתופי,DE,מרציפן 100 גר,גרמים,100.00,100 גרם,false,,9.10,0.0910,true,1,115275
4002590000022,false,סוכריות קלפני פירות יער אוכמניות 150 ג',ליימן מותגים,DE,סוכריות קלפני פירות,גרמים,150.00,100 גרם,false,,10.10,0.0673,true,1,115279
4002590000039,false,סוכריות בטעם פירות הדר קלפני 150 גרם,ליימן מותגים,,סוכריות קלפני הדרים,גרמים,150.00,100 גרם,false,,10.10,0.0673,true,1,115280
4002590000046,false,סוכריות בטעם מנטה מרענן קלפני 150 גרם,ליימן מותגים,DE,סוכריות קלפני מרענן,גרמים,150.00,100 גרם,false,,10.10,0.0673,true,1,115281
4002590000619,false,סוכריות קלפני בטעם ק,ליימן מותגים,,סוכריות קלפני בטעם ק,גרמים,150.00,100 גרם,false,,10.10,0.0673,true,1,266860
4002590000633,false,קלפני סוכריות קשות בטעם פירות,ליימן מותגים,DE,סוכריות קלפני פירות,גרמים,150.00,100 גרם,false,,10.10,0.0673,true,1,115283
4002590703541,false,קלפני סוכריות קשות בטעם תות,ליימן מותגים,DE,קלפני סוכריות תות 15,גרמים,150.00,100 גרם,false,,10.10,0.0673,true,1,153438
4002603087767,false,אייסקונפקט סילנדר 800ג',,,אייסקונפקט 800 גרם,גרמים,800.00,100 גרם,false,,44.90,0.0561,true,1,125402
4003301027505,false,יין דורנפלד ליבליך ח,,,יין דורנפלד ליבליך ח,יחידה,0.00,יחידה,false,,39.90,0.0000,true,1,205519
4003301051364,false,יין ריזלינג מייבאך חצי מתוק 750 מל,,DE,מייבאך ליבליך ריזלינ,מיליליטרים,750.00,"100 מ""ל",false,,49.90,0.0665,true,1,129617
4003754081000,false,מרציפן חטיף 100 גר CARSTENS ERASMI,Erasmi & Carstens Gm,DE,מרציפן חטיף 100 גרם,יחידה,0.00,יחידה,false,,8.90,0.0000,true,1,120334
4003754168114,false,חטיף מרציפן גולמי 110 גר CARSTENS,,,חטיף מרציפן גולמי 11,גרמים,110.00,100 גרם,false,,11.90,0.1082,true,1,228621
4004666042004,false,משמיד עובש עם מרסס מלרוד Mellerud,יעקובי,DE,מלרוד מחסל עובש+מרסס,יחידה,750.00,יחידה,false,,26.90,0.0359,true,1,114377
4004666111656,false,"ג'ל פעיל להשמדת עובש 250 מ""ל מרלוד",מלרוד,DE,מלרוד ג'ל פעיל להשמד,מיליליטרים,250.00,"100 מ""ל",false,,29.90,0.1196,true,1,247094
4004715020755,false,קישוטי עוגה פרינס אנד פרינסס 75 ג',היינץ צפון אמריקה מק,DE,פרינס אנד פרינסס קיש,יחידה,0.00,יחידה,false,,12.50,0.0000,true,1,115289
4005808128273,false,ג'ל רחצה לגבר אנרג'י עם תמציות מנטה בניחוח ממריץ,טרופיקל דגיל תעשיות,DE,ניוואה ג'ל רחצה לגבר,מיליליטרים,500.00,"100 מ""ל",false,,14.90,0.0298,true,1,162040
4005808293469,false,"ניוואה - דאודורנט ספריי לגבר יבש 150 מ""ל",BEIERSDORF MANUFACTU,DE,ניוואה דאו ספרי יבש,מיליליטרים,150.00,"100 מ""ל",false,,13.90,0.0927,true,1,243952
4005808366392,false,שפתון ליובש כחול קלאסי לבלו 48 גרם,טרופיקל דגיל תעשיות,DE,לבלו שפתון כחול בליס,יחידה,0.00,יחידה,false,,9.90,0.0000,true,1,129188
4005808406029,false,"ניוואה - תחליב רחצה סופט 750 מ""ל",ביירסדורף,DE,ניואה קרם רחצה סופט,מיליליטרים,750.00,"100 מ""ל",false,,17.90,0.0239,true,1,264921
4005808502004,false,לבלו שפתון סופט ורוד בליסטר 5.5מל,ביירסדורף,DE,שפתון לבלו ורוד בשרי,יחידה,1.00,יחידה,false,,9.90,9.9000,true,1,200770
4005808515554,false,ניוואה סופט קרם רב שימושי מרקם עדין 300מ,ניואה,,ניוואה קרם רב שימושי,מיליליטרים,300.00,"100 מ""ל",false,,29.90,0.0997,true,1,260702
4005808668847,false,"ניוואה תחליב ניקוי לפנים לעור עדין 150 מ""ל",ניואה,DE,ג'ל ניקוי לעור עדין,יחידה,0.00,יחידה,false,,16.90,0.0000,true,1,212158
4005808698103,false,ניוואה תחליב גוף סמוד לעור יבש 500 מל,בטר אנד דיפרנט,DE,ניוואה תחליב גוף SMO,מיליליטרים,500.00,"100 מ""ל",false,,27.90,0.0558,true,1,214402
4005808702107,false,ניוואה תחליב גוף לעור יבש מאד 500 מל,בטר אנד דיפרנט,DE,ניוואה תחליב גוף לעו,מיליליטרים,500.00,"100 מ""ל",false,,27.90,0.0558,true,1,214403
4005808813063,false,תחליב לחות לעור רגיש לאחר גילוח,בטר אנד דיפרנט,DE,"ניוואה א""ש קרם לחות",מיליליטרים,100.00,"100 מ""ל",false,,49.90,0.4990,true,1,129196
4005808817603,false,ג'ל גילוח עם אלוורה Protect & Care,ניוואה Nivea,DE,ג'ל גילוח ניוואה עדי,מיליליטרים,200.00,"100 מ""ל",false,,19.90,0.0995,true,1,129200
4005808817726,false,ניוואה קרם גילוח פרו,ניוואה Nivea,DE,ניוואה קרם גילוח 100,גרמים,100.00,100 גרם,false,,13.90,0.1390,true,1,129201
4005808828838,false,"ניוואה - דאודורנט ספריי לגבר קול קיק 150 מ""ל",ניוואה Nivea,DE,ניוואה דאודורנט ספרי,מיליליטרים,150.00,"100 מ""ל",false,,13.90,0.0927,true,1,191140
4005808837359,false,"ניוואה - דאודורנט רול און לאישה פרל אנד ביוטי 50 מ""ל",ביירסדורף AG,DE,ניוואה דאודורנט רול-,יחידה,0.00,יחידה,false,,13.90,0.0000,true,1,129207
4005808850723,false,לבלו שפתון תות בליסטר,טרופיקל דגיל תעשיות,DE,לבלו שפתון תות בליסט,יחידה,0.00,יחידה,false,,9.90,0.0000,true,1,129212
4005808850907,false,לבלו הידרו קר בליסטר 5.5מל,ביירסדורף,DE,לבלו הידרו קר,יחידה,0.00,יחידה,false,,9.90,0.0000,true,1,214404
4005900036445,false,"ניוואה - דאודורנט רול און לאישה בלק&וויט פיור 50 מ""ל",ביירסדורף,DE,ניוואה דאודורנט רול,מיליליטרים,50.00,"100 מ""ל",false,,13.90,0.2780,true,1,191147
4005900036476,false,"ניוואה - דאודורנט רול און לאישה בלק אנד וויט קליר 50 מ""ל",טרופיקל דגיל תעשיות,DE,ניוואה DEEP דאודורנט,מיליליטרים,50.00,"100 מ""ל",false,,13.90,0.2780,true,1,129223
4005900037909,false,"ניוואה - דאודורנט ספריי לאישה אינויזיבל פיור 150 מ""ל",ניוואה,DE,ניוואה דאודורנט ספרי,מיליליטרים,150.00,"100 מ""ל",false,,13.90,0.0927,true,1,191141
4005900138842,false,"ניוואה - תחליב רחצה סמוט 750 מ""ל",ניואה,DE,ניוואה תחליב רחצה 75,יחידה,0.00,יחידה,false,,17.90,0.0000,true,1,239614
4005900274304,false,"ניוואה - דאודורנט ספריי לגבר פרש אושן 150 מ""ל",פרוטרופיק סיה.,DE,ניוואה דאודורנט ספרי,מיליליטרים,150.00,"100 מ""ל",false,,13.90,0.0927,true,1,191142
4005900420220,false,"גל רחצה ניוואה פיור אימפקט לגבר 500 מ""ל",ניואה,,ניוואה מן גל רחצה פי,מיליליטרים,500.00,"100 מ""ל",false,,14.90,0.0298,true,1,242280
4005900447579,false,ניוואה אורבן קרם יום SPF20,אלפא,DE,ניוואה קרם לחות יום,יחידה,0.00,יחידה,false,,39.90,0.0000,true,1,238666
4005900485243,false,"ניוואה - דאודורנט רול און לגבר דריי פרש 50 מ""ל",ניואה,DE,ניוואה רול און דריי,מיליליטרים,50.00,"100 מ""ל",false,,13.90,0.2780,true,1,190139
4005900494900,false,"ניוואה - דאודורנט ספריי לגבר דריי פרש 150 מ""ל",ניואה,DE,ניוואה ספריי דריי פר,מיליליטרים,150.00,"100 מ""ל",false,,16.90,0.1127,true,1,190141
4005900494924,false,"ניוואה - דאודורנט ספריי לאישה דריי פרש אישה 150 מ""ל",ביירסדורף,DE,ניוואה ספריי דריי פר,מיליליטרים,150.00,"100 מ""ל",false,,13.90,0.0927,true,1,190142
4005900496461,false,"ניוואה תחליב לחות אפטר שייב דיפ לאחרי, 100 מ""ל",beiersdorf,DE,ניוואה תחליב לחות לא,יחידה,0.00,יחידה,false,,49.90,0.0000,true,1,190002
4005900513045,false,"ניוואה - דאודורנט ספריי לגבר דיפ 150 מ""ל",ביירסדורף,DE,ניוואה דאודורנט ספרי,מיליליטרים,150.00,"100 מ""ל",false,,13.90,0.0927,true,1,190037
4005900513069,false,"ניוואה - דאודורנט רול און לגבר דיפ 50 מ""ל",ביירסדורף,DE,ניוואה דאודורנט רולא,יחידה,0.00,יחידה,false,,13.90,0.0000,true,1,190038
4005900542557,false,"ניוואה - דאודורנט רול און לאישה בלק אנד וויט 50 מ""ל",ניואה,DE,ניוואה דאו' רולאון ל,יחידה,0.00,יחידה,false,,13.90,0.0000,true,1,234301
4005900547316,false,"ניוואה - דאודורנט ספריי לאישה שקוף בלק וווי 150 מ""ל",בטר אנד דיפרנט,DE,ניוואה דאו ספריי בלק,יחידה,0.00,יחידה,false,,13.90,0.0000,true,1,213123
4005900555915,false,"ניוואה - תחליב רחצה קוקוס וחוחובה 750 מ""ל",ביירסדורף AG,DE,ניוואה תחליב רחיצה 7,יחידה,0.00,יחידה,false,,17.90,0.0000,true,1,222537
4005900639554,false,"ניוואה - דאודורנט רול און לאישה פרש נטורל לאישה ללא אלומיניום 50 מ""ל",ביירסדורף AG,DE,ניוואה דאודורנט רולא,מיליליטרים,50.00,"100 מ""ל",false,,13.90,0.2780,true,1,258657
4005900648181,false,"ניוואה - תחליב רחצה אלוורה 750 מ""ל",ביירסדורף AG,DE,ניוואה תחליב רחצה 75,יחידה,0.00,יחידה,false,,17.90,0.0000,true,1,239615
4005900730275,false,"ניוואה דאו ספריי לאשה בלק אנד וויט אימפקט 150 מ""ל",ביירסדורף,DE,ניוואה דאודורנט ספרי,מיליליטרים,150.00,"100 מ""ל",false,,13.90,0.0927,true,1,264924
4005900730336,false,"ניוואה דאו רול און לגבר בלק אנד וויט אימפקט 50 מ""ל",ביירסדורף,DE,ניוואה דאו.רולאון לג,מיליליטרים,50.00,"100 מ""ל",false,,13.90,0.2780,true,1,264923
4005900816016,false,"ניוואה - דאודורנט ספריי לאישה פרש טבעי לאישה 150 מ""ל",טרופיקל דגיל תעשיות,DE,ניוואה דאודורנט ספרי,מיליליטרים,150.00,"100 מ""ל",false,,16.90,0.1127,true,1,258658
4005900828088,false,"ניוואה - דאודורנט רול און לגבר פרש 50 מ""ל",טרופיקל דגיל תעשיות,DE,דאודורנט רולאון לגבר,מיליליטרים,50.00,"100 מ""ל",false,,13.90,0.2780,true,1,129236
4005900833723,false,"ניוואה - פאוור פרש ג'ל רחצה לגבר 500 מ""ל",ניואה,,ניוואה ג'ל רחצה לגבר,מיליליטרים,500.00,"100 מ""ל",false,,14.90,0.0298,true,1,242297
4005900835642,false,"ניקוי פילינג מסכה לפנים 3 ב 1 150 מ""ל ניוואה",ניואה,FR,ניוואה ניקוי חימר 3,מיליליטרים,150.00,"100 מ""ל",false,,29.90,0.1993,true,1,254137
4005900841148,false,"ניוואה מן ג'ל גילוח קול קיק פרש 200 מ""ל",ניואה,DE,ניוואה מן גל גילוח ק,מיליליטרים,200.00,"100 מ""ל",false,,19.90,0.0995,true,1,240935
4005900845702,false,"ניוואה - דאודורנט רול און לגבר קול קיק פרש 50 מ""ל",ביירסדורף,DE,ניוואה מן דאודורנט ר,יחידה,0.00,יחידה,false,,13.90,0.0000,true,1,240887
4005900845733,false,"דאודורנט ספריי קול קיק פרש לגבר ניוואה מן 150 מ""ל",ביירסדורף,DE,ניווה מן דאודורנט ספ,מיליליטרים,150.00,"100 מ""ל",false,,13.90,0.0927,true,1,240886
4005900874931,false,"דאודורנט ספריי דיפ ביט לגבר 150 מ""ל ניוויה",ביירסדורף,DE,ניוואה מן דאודרנט ספ,מיליליטרים,150.00,"100 מ""ל",false,,13.90,0.0927,true,1,259155
4005900978950,false,לבלו - דובדבן שפתון לחות מטפח מהדורת נסיכות דיסני,ביירסדורף,DE,לבלו שפתון אדום בטעם,יחידה,0.00,יחידה,false,,9.90,0.0000,true,1,266968
4005900978967,false,לבלו - וניל שפתון לחות מטפח מהדורת נסיכות דיסני,ביירסדורף,DE,לבלו שפתון תכלת בטעם,יחידה,0.00,יחידה,false,,9.90,0.0000,true,1,266969
4005900978974,false,לבלו - סופט רוז שפתון לחות מטפח מהדורת נסיכות דיסני,ביירסדורף,DE,לבלו שפתון ורודבליסט,יחידה,0.00,יחידה,false,,9.90,0.0000,true,1,266970
4006000002576,false,ניוואה מארז טיפוח 4 פריטים לגבר COOL FRESH,אלפא,DE,סט ניוואה לגבר קול פ,מיליליטרים,250.00,"100 מ""ל",false,,89.90,0.3596,true,1,264694
4006298003408,false,"בירה טוכר בזבאטור 500 מ""ל",,,"טוכר בז'באטור 500 מ""",מיליליטרים,500.00,"100 מ""ל",false,,12.90,0.0258,true,1,233807
4006298004009,false,"בירה טוכר הלס הפוויצן 500 מ""ל",מבשלת טוכר,DE,בירה טוכר הלס הפוויצ,מיליליטרים,500.00,"100 מ""ל",false,,12.90,0.0258,true,1,210807
4006298014206,false,"בירה טוכר הלס הפוויצן פחית 500 מ""ל",מבשלת טוכר,DE,בירה טוכר הלס הפוויצ,מיליליטרים,500.00,"100 מ""ל",false,,10.90,0.0218,true,1,210824
4006298207912,false,סבאלדוס הלס הפוויצן,מבשלת טוכר,,סבאלדוס הלס הפוויצן,מיליליטרים,500.00,"100 מ""ל",false,,12.90,0.0258,true,1,241547
4006387085407,false,שלישיית פילטר מקסטרא סודהסטרים,בריטה Brita,,שלישיית פילטר MAXTRA,יחידה,0.00,יחידה,false,,129.90,0.0000,true,1,183155
4006387097370,false,קנקן סטייל+פילטר מקסטרא סודהסטרים,בריטה,DE,קנקן בריטה סטייל +פי,יחידה,0.00,יחידה,false,,159.90,0.0000,true,1,204063
4006508177325,false,מטליות לניקוי משקפיים,סווירל Swirl,,מטליות לניקוי משקפיי,יחידה,0.00,יחידה,false,,12.90,0.0000,true,1,116360
4006814000409,false,שפן זהב עם פפיון 80,,,שפן זהב עם פפיון 80,יחידה,0.00,יחידה,false,,12.90,0.0000,true,1,235508
4006814000751,false,סנטה בודד עם כובע 80 גר,WAWI GROUP,DE,סנטה בודד עם כובע 80,גרמים,80.00,100 גרם,false,,13.90,0.1738,true,1,177243
4006814000829,false,מגף סנטה 100 גרם WAWI,WAWI GROUP,PL,מגף סנטה 100 ג' WAWI,גרמים,100.00,100 גרם,false,,16.90,0.1690,true,1,268036
4006814000874,false,סנטה בודד עם כובע וכיס 200 גר WAWI,WAWI GROUP,DE,סנטה בודד עם כובע וכ,יחידה,0.00,יחידה,false,,29.90,0.0000,true,1,244676
4006814011061,false,שוקולד סנטה קלאוז בו,WAWI Euro Gmbh,DE,סנטה בודד 60 ג' WAWI,גרמים,60.00,100 גרם,false,,4.90,0.0817,true,1,177342
4006814011108,false,שוקולד סנטה קלאוס בו,WAWI-EURO,DE,סנטה בודד 150 ג' WAW,גרמים,150.00,100 גרם,false,,8.90,0.0593,true,1,177343
4006814071003,false,שוקולד סנטה שקית 100,WAWI-EURO,,סנטה שקית 100 ג' WAW,גרמים,100.00,100 גרם,false,,9.90,0.0990,true,1,177344
4006814072000,false,שוקולד סנטה שקית 200,WAWI Euro Gmbh,DE,סנטה שקית 200 ג' WAW,גרמים,200.00,100 גרם,false,,14.90,0.0745,true,1,268039
4007745058804,false,מיונז אורגני נטורפוד,אף.סי תבליני בגליל ב,DE,נטורפוד מיונז אמיתי,יחידה,0.00,יחידה,false,,25.90,0.0000,true,1,180571
4007745058811,false,חרדל צרפתי חלק אורגני 200 גרם,נטורפוד,DE,נטורפוד חרדל אורגני,יחידה,0.00,יחידה,false,,16.90,0.0000,true,1,180572
4007993016922,false,גלידה אוראו 260 גר ר,,DE,מאגדת אוראו שלגון,יחידה,0.00,יחידה,false,,29.90,0.0000,true,1,259069
4008102002867,false,גרגירים להכנת תה לימון מילפורד 400 גרם,ליימן מותגים,DE,מילפורד תה גרגרים בט,גרמים,400.00,100 גרם,false,,14.60,0.0365,true,1,115290
4008287051032,false,בירה קרומבאכר פילס 0.50 ליטר פחית,מנדלז סי.אר. פרודקשן,DE,קרומבכר פילס פחית 50,מיליליטרים,500.00,"100 מ""ל",false,,9.90,0.0198,true,1,240983
4008287905786,false,בירה קרומבאכר חיטה 5.3% פחית 500 מל,מנדלז סי.אר. פרודקשן,DE,קרומבכר חיטה פחית 50,מיליליטרים,500.00,"100 מ""ל",false,,9.90,0.0198,true,1,266914
4008400284620,false,חטיף קינדר שוקובון 4,Unknown,,קינדר שוקובון 46 גרם,יחידה,0.00,יחידה,false,,4.90,0.0000,true,1,178838
4008402101772,false,"קיווי אקספרס ספוג הברקה חום 6מ""ל",Jonson ג'ונסון,ID,קיוי אקספרס לנעל חום,יחידה,1.00,יחידה,false,,20.00,20.0000,true,1,139799
4008601242917,false,סנטה שוקולד פאזל 75,,,סנטה שוקולד פאזל 75,יחידה,0.00,יחידה,false,,6.90,0.0000,true,1,269686
4009300522935,false,תה ירוק לימונית ולואיזה פומפדור 20 יחידות,"איטיליאן פוד, אס.פי.",DE,פומפדור תה ירוק לימו,יחידה,20.00,יחידה,false,,19.20,0.9600,true,1,124686
4009300524588,false,תה פומפדור חליטת צמחים פירות יער 20 יח',פומפדור Pompadour,DE,פומפדור חליטת פירות,יחידה,20.00,יחידה,false,,16.20,0.8100,true,1,124690
4009300524625,false,תה צ'אי מסאלה פומפדור 20 יחידות,פומפדור Pompadour,DE,פומפדור צ'אי מסאלה 2,יחידה,0.00,יחידה,false,,14.90,0.0000,true,1,227553
4009300525684,false,תה חליטת פומפדור לימון וגינגיר 20 יח,פומפדור Pompadour,DE,פומפדור חליטת לימון,יחידה,20.00,יחידה,false,,16.20,0.8100,true,1,124696
4009300528821,false,תה ירוק ג'ינג'ר קינמון פומפדור 30 ג',פומפדור Pompadour,DE,פומפדור תה ירוק ג'נג,יחידה,0.00,יחידה,false,,19.20,0.0000,true,1,196114
4009300529538,false,תה חליטת פומפדור פירות לימון 20 יח,TEEKANNE- POMPADOU,DE,פומפדור חליטת פירות,גרמים,45.00,גרם,false,,19.90,0.4422,true,1,259778
4009300529576,false,תה חליטת פומפדור פירות רימונים 20 יח,TEEKANNE- POMPADOU,DE,פומפדור חליטת פירות,יחידה,0.00,יחידה,false,,16.20,0.0000,true,1,242358
4009300530107,false,חליטה קרה בטעמי תות שדה ותפוז פומפדור 45 ג',,,פומפדור חליטה קרה בט,יחידה,0.00,יחידה,false,,16.90,0.0000,true,1,237692
4009300530145,false,חליטה קרה בטעמי מוחיטו ופירות יער פומפדור 45 ג',,,פומפדור חליטה קרה בט,יחידה,0.00,יחידה,false,,16.90,0.0000,true,1,237693
4009300595120,false,חליטת צמחים בטעם ג'ינג'ר מנגו פומפדור 45 ג',TEEKANNE- POMPADOU,DE,חליטת צמחים בטעם ג'י,יחידה,0.00,יחידה,false,,16.20,0.0000,true,1,213399
4009309740422,false,רסק תפוחים אורגני – נטורפוד 700 גרם,נטורפוד,DE,נטורפוד רסק תפוחים א,יחידה,0.00,יחידה,false,,18.90,0.0000,true,1,180578
4009900013581,false,מסטיק אורביט ספרמינט סטיקס משפחתי-חמישיות,אורביט Orbit,DE,אורביט סטיקס ספירמינ,יחידה,0.00,יחידה,false,,9.90,0.0000,true,1,124418
4009900379564,false,מסטיק הובה בובה Hubba Bubba טייפ בטעם פירות,מרס ריגלי קונפקשונרי,,הובה בובה פירות טייפ,יחידה,0.00,יחידה,false,,6.60,0.0000,true,1,124430
4009900385824,false,מסטיק אורביט פפרמינט סטיקס משפחתי-חמישיות,אורביט Orbit,DE,אורביט סטיקס פפרמינט,יחידה,0.00,יחידה,false,,9.90,0.0000,true,1,124434
4009900402965,false,אורביט וויט בטעם פירות בקבוקון 46מלבניות,ריגלי פולין,PL,אורביט וויט פירות בק,יחידה,0.00,יחידה,false,,10.90,0.0000,true,1,124437
4009900403023,false,אורביט וויט בטעם מנטה בקבוקון 46 מלבניות,"ב.א מזון בע""מ",PL,אורביט וויט מנטה בקב,יחידה,0.00,יחידה,false,,10.90,0.0000,true,1,124438
4009900406918,false,מסטיק הובה בובה טייפ טריפל מיקס 56ג',מרס ריגלי קונפקשונרי,,הובה בובה טריפל מיקס,יחידה,0.00,יחידה,false,,6.60,0.0000,true,1,124441
4009900420129,false,מסטיק אורביט פרופשנל פפרמינט בקבוקון 64 גר',מרס נדרלנד,PL,אורביט פרופשיונל פפר,יחידה,0.00,יחידה,false,,10.90,0.0000,true,1,190845
4009900426039,false,מסטיק איירוויבז מנטה אקליפטוס בקבוקון 64,איירוויבס Airwaves,PL,בקבוקון איירוויבז מנ,יחידה,0.00,יחידה,false,,10.90,0.0000,true,1,168800
4009900426121,false,מסטיק אורביט איירוויז בקבוקון אוכמניות 64ג',איירוויבס Airwaves,PL,בקבוקון איירוויבז או,יחידה,0.00,יחידה,false,,10.90,0.0000,true,1,168801
4009900455299,false,"סוכרית ג'לי אדומה 174 גרם ""סקיטלס""",ריגלי ממתקים,CZ,סקיטלס פירות 174 גרם,גרמים,174.00,100 גרם,false,,8.90,0.0511,true,1,124451
4009900465304,false,סוכריות סקיטלס פירות חמוצים 174 גרם,ריגלי ממתקים,CZ,סקיטלס פירות חמוצים,גרמים,174.00,100 גרם,false,,8.10,0.0466,true,1,124456
4009900479998,false,אורביט וויט אוכמניות בקבוקון 46 מלבניות,ריגלי פולין,PL,אורביט מסטיק בקבוקון,יחידה,0.00,יחידה,false,,10.90,0.0000,true,1,124467
4009900482417,false,מסטיק אורביט פירות מנטה בקבוקון באבל מינט 45יח,ריגלי פולין,PL,אורביט באבל מינט בקב,יחידה,0.00,יחידה,false,,10.90,0.0000,true,1,124468
4009900483803,false,מסטיק איירובס מנטה אקליפטוס בקבוקון 60יח',איירוויבס Airwaves,GB,אירוובס בקבוק מנטה א,יחידה,0.00,יחידה,false,,13.00,0.0000,true,1,193079
4009900484060,false,מסטיק אורביט פרופשיונל בטעם מנטה ללא סוכר,אורביט Orbit,GB,אורביט פרופשיונל מנט,יחידה,60.00,יחידה,false,,12.90,0.2150,true,1,124470
4009900484091,false,מסטיק אורביט פרופשיונל בטעם מנטה ללא סוכר,אורביט Orbit,GB,אורביט פרופשיונל ספי,יחידה,0.00,יחידה,false,,12.90,0.0000,true,1,124471
4009900484305,false,מסטיק אורביט פרופשיונל סוויטמינט ביגי לבן 60יח',אורביט Orbit,GB,אורביט בקבוק חיסכון,יחידה,60.00,יחידה,false,,12.90,0.2150,true,1,124472
4009900487283,false,אורביט ילדים קלאסי סט' משפחתי-חמישיות,אורביט Orbit,,אורביט סטיקס טעם פיר,יחידה,0.00,יחידה,false,,9.90,0.0000,true,1,124473
4009900491044,false,מסטיק איירובס אוכמניות בקבוקון 60יח',איירוויבס Airwaves,GB,אירוובס בקבוק אוכמני,יחידה,0.00,יחידה,false,,13.00,0.0000,true,1,193080
4009900496247,false,"מסטיק אורביט לל""ס מלבניות בקבוק בבלימנט 60 יח",אורביט Orbit,GB,מסטיק אורביט בקבוק ב,יחידה,0.00,יחידה,false,,12.90,0.0000,true,1,173676
4009900500166,false,סוכריות פירות אדום סקיטלס בקבוקון 125ג',ריגלי ממתקים,CZ,סקיטלס פירות בקבוק,יחידה,0.00,יחידה,false,,8.90,0.0000,true,1,170640
4009900509770,false,אורביט באריזת בקבוק בטעם תות 60 יח',אורביט Orbit,GB,אורביט בקבוק חיסכון,יחידה,60.00,יחידה,false,,12.90,0.2150,true,1,162243
4009900521581,false,סוכריות אורביט מינטס מנטה בבקבוקון 77 גר,ריגלי פולין,PL,אורביט מינטס דובדבן,יחידה,0.00,יחידה,false,,9.90,0.0000,true,1,176383
4009900521611,false,סוכריות אורביט מינטס דובדבן מנטה בבקבוקון,מרס נדרלנד,PL,אורביט מינטס מנטה בב,יחידה,0.00,יחידה,false,,9.90,0.0000,true,1,176385
4009900531122,false,"מסטיק בטעם מנטה ספירמינט, 64 ג' פרופשיונל אורפיט",מרס נדרלנד,PL,אורביט פרופשיונל ספי,יחידה,0.00,יחידה,false,,10.90,0.0000,true,1,190846
4009900531573,false,סוכריות סקיטלס סמודיס בטעמי יוגורט ופירות,סקיטלס Skittles,CZ,סקיטלס סמודיס 174 גר,גרמים,174.00,100 גרם,false,,8.90,0.0511,true,1,195286
4009900532327,false,סוכריות סקיטלס סמודיס בטעמי יוגורט ופירות,סקיטלס Skittles,CZ,סקיטלס סמודיס 38ג,יחידה,0.00,יחידה,false,,3.00,0.0000,true,1,195285
4009900534918,false,סקיטלס גאיינט פירות 141 גרם,ריגלי,CZ,סקיטלס ג'יינט פירות,גרמים,141.00,100 גרם,false,,8.90,0.0631,true,1,241483
4009900535519,false,מסטיק אורביט רפרשרס ספירמינט ללא סוכר 15.6גר',אורביט,PL,מסטיק אורביט רפרשרס,יחידה,0.00,יחידה,false,,3.90,0.0000,true,1,229653
4009900535540,false,מסטיק אורביט רפרשרס פפרמינט ללא סוכר 15.6גר',אורביט,PL,מסטיק אורביט רפרשרס,יחידה,0.00,יחידה,false,,3.90,0.0000,true,1,229654
4009900535823,false,מסטיק אורביט רפרשרס באבלמינט ללא סוכר 15.6גר',אורביט,PL,מסטיק אורביט רפרשרס,יחידה,0.00,יחידה,false,,3.90,0.0000,true,1,229655
4009900536257,false,מסטיק אורביט רפרשרס ספירמינט בקבוקון ללא סוכר 67 גר',מרס ריגלי קונפקשונרי,PL,מסטיק אורביט רפרשרס,יחידה,0.00,יחידה,false,,11.90,0.0000,true,1,229656
4009900536288,false,מסטיק אורביט רפרשרס פפרמינט בקבוקון ללא סוכר 67 גר',מרס ריגלי קונפקשונרי,PL,מסטיק אורביט רפרשרס,יחידה,0.00,יחידה,false,,11.90,0.0000,true,1,229657
4009900536486,false,מסטיק אורביט רפרשרס באבלמינט בקבוקון ללא סוכר 67 גר',מרס ריגלי קונפקשונרי,PL,מסטיק אורביט רפרשרס,יחידה,0.00,יחידה,false,,11.90,0.0000,true,1,229658
4009900539340,false,סקיטלס גאיינט פירות חמוצים 141 גרם,מרס ריגלי קונפקשונרי,CZ,סקיטלס ג'יינט סאוור,גרמים,141.00,100 גרם,false,,8.90,0.0631,true,1,245257
4009900539685,false,"מסטיק פייב באונס בטעם מנטה בקבוקון, 61.8 גרם",ריגלי בעמ רוסיה,PL,מסטיק פייב באונס בטע,יחידה,0.00,יחידה,false,,11.90,0.0000,true,1,262537
4009900539746,false,"מסטיק פייב באונס בטעם אבטיח בקבוקון, 61.8 גרם",ריגלי בעמ רוסיה,PL,מסטיק פייב באונס בטע,יחידה,0.00,יחידה,false,,11.90,0.0000,true,1,262539
4009900540551,false,מסטיק אורביט רפרשרס טרופיקל בקבוקון ללא סוכר,מרס פולין,PL,מסטיק אורביט ריפרשרס,יחידה,0.00,יחידה,false,,11.90,0.0000,true,1,262534
4011100001220,false,מרסי חטיפי מיני שקית 403ג',מרס הולנד בי.וי.,NL,מרס מיני 403 גרם,גרמים,403.00,100 גרם,false,,22.90,0.0568,true,1,115864
4011100002227,false,מארז חטיפי מיני באונטי Bounty,מרס הולנד בי.וי.,NL,באונטי מיני 403 גרם,גרמים,403.00,100 גרם,false,,22.90,0.0568,true,1,115865
4011800290030,false,חטיף חלבון עם שוקולד חלב ללא תוספת סוכר,קורני,DE,קורני חלבון שוקו 50,יחידה,0.00,יחידה,false,,9.90,0.0000,true,1,260203
4011800290078,false,חטיף חלבון עוגיות ללא תוספת סוכר,סידס,CZ,קורני חלבון עוגיות 5,יחידה,0.00,יחידה,false,,9.90,0.0000,true,1,268339
4011800290092,false,חטיף חלבון וניל ללא תוספת סוכר,סידס,CZ,קורני חלבון וניל 50,יחידה,0.00,יחידה,false,,9.90,0.0000,true,1,268338
4011800528416,false,קורני חטיף דגנים עם בוטנים מתוק-מלוח*6,קורני Corny,DE,קורני בייס סויט & סו,יחידה,6.00,יחידה,false,,12.90,2.1500,true,1,203172
4011800567613,false,קורני סנדוויץ שחור לבן 4 יחידות,מיוצר עי קונדיטוריית,DE,קורני סנדוויץ שחור ו,יחידה,4.00,יחידה,false,,15.10,3.7750,true,1,139822
4011800568610,false,מארז רביעיית קורני בטעם קלאסי,שוורטאוור וורקה,DE,קורני חטיף סנדביץ במ,יחידה,4.00,יחידה,false,,15.10,3.7750,true,1,139823
4011800577810,false,קורני פרי (6) נוגט 120 גרם,Schwartauer,DE,קורני פרי (6) נוג,יחידה,6.00,יחידה,false,,12.90,2.1500,true,1,245085
4011800617813,false,"""קורני"" ביג בראוניס 50 גרם",שוורטאוור וורקה,DE,קורני ביג בראוניס,יחידה,0.00,יחידה,false,,3.90,0.0000,true,1,202968
4011800628512,false,חטיף קורני שוקולד חלב 6 יח 150 גר,מיוצר עי קונדיטוריית,DE,קורני חטיף דגנים עם,יחידה,6.00,יחידה,false,,12.90,2.1500,true,1,139845
4011800629519,false,"מארז חטיפי דגנים אגוזים ""קורני""",קורני Corny,DE,קורני חטיף דגנים עם,יחידה,6.00,יחידה,false,,12.90,2.1500,true,1,139846
4011800630515,false,חטיף קורני שוקולד חלב ובננה 6 יח 150 גר,מיוצר עי קונדיטוריית,DE,קורני חטיף דגנים עם,יחידה,6.00,יחידה,false,,12.90,2.1500,true,1,139847
4011800633516,false,קורני שוקולד מריר מעולה 58% קקאו 6*1,שוורטאוור וורקה,DE,קורני חטיף דגנים עם,יחידה,6.00,יחידה,false,,12.90,2.1500,true,1,139850
4011800635510,false,חטיף קורני Corny Free עם אגוזי לוז ללא תוספת סוכר,קורני Corny,DE,קורני פרי עם אגוזים,יחידה,6.00,יחידה,false,,12.90,2.1500,true,1,139851
4011800636517,false,קורני פרי שוקולד חלב מעולה ללא סוכר 6*1,מיוצר עי קונדיטוריית,DE,קורני פרי חטיף דגנים,יחידה,6.00,יחידה,false,,12.90,2.1500,true,1,139852
4011800637514,false,חטיף קורני Corny Free עם שוקולד לבן ללא תוספת סוכר,קורני Corny,DE,קורני פרי חטיף דגנים,יחידה,6.00,יחידה,false,,12.90,2.1500,true,1,139853
4013900500804,false,סנטה כחול במילוי עדש,,,סנטה כחול במילוי עדש,יחידה,0.00,יחידה,false,,8.90,0.0000,true,1,218728
4013900974988,false,שקית סנטה קריסמס רגל,,,שקית סנטה קריסמס רגל,גרמים,400.00,100 גרם,false,,22.90,0.0572,true,1,269685
4013900975640,false,סנטה רגליין 40 גרם,,,סנטה רגליין 40 גרם,יחידה,0.00,יחידה,false,,3.90,0.0000,true,1,245090
4013900975701,false,סנטה קלאוס 60 גרם דמ,,,סנטה קלאוס 60 גרם דמ,יחידה,0.00,יחידה,false,,3.90,0.0000,true,1,269687
4013900975879,false,סנטה קלאוס 100 גרם ש,,,סנטה קלאוס 100 גרם ש,גרמים,100.00,100 גרם,false,,7.90,0.0790,true,1,219428
4013900975893,false,סנטה קלאוס 150 גר שק,,,סנטה קלאוס 150 גר שק,יחידה,0.00,יחידה,false,,8.90,0.0000,true,1,269684
4013900977958,false,סנטה קלאוס 150 גרם ד,,,סנטה קלאוס 150 גרם ד,יחידה,0.00,יחידה,false,,7.90,0.0000,true,1,219437
4014400900217,false,בונבונריית מרסי מבחר ממתקי שוקולד 400 גרם,קריניציה ויטמינה אס,DE,בונבונירה מרסי 400 ג,גרמים,400.00,100 גרם,false,,49.90,0.1247,true,1,115303
4014400901191,false,בונבונריית מרסי מבחר ממתקי שוקולד 250 גרם,ליימן מותגים,DE,בונבונירה מרסי 250 ג,גרמים,250.00,100 גרם,false,,24.90,0.0996,true,1,115305
4014400901405,false,בונבונריית מרסי מבחר ממתקי שוקולד חלב 250 גרם,קריניציה ויטמינה אס,DE,מרסי חלב כחול 250גר,גרמים,250.00,100 גרם,false,,24.90,0.0996,true,1,232761
4014400903409,false,בונבוניירה שוקולד אגוזים טופיפי 250 גרם,קריניציה ויטמינה אס,DE,טופיפי בונבוניירה 25,גרמים,250.00,100 גרם,false,,24.90,0.0996,true,1,225735
4014400904277,false,סוכריות בטעם מנטה אייס פרש סטורק 425 גרם,תות ממתקי איכות,DE,סוכריות אייס פרש 425,גרמים,425.00,100 גרם,false,,14.90,0.0351,true,1,115309
4014400904307,false,סוכריות בטעם פירות קליפורניה סטורק 425 גרם,קריניציה ויטמינה אס,DE,סוכריות קליפרניה 425,גרמים,425.00,100 גרם,false,,14.90,0.0351,true,1,115310
4014400904376,false,סוכריות טופי בטעם שוקולד סטורק 325 גרם,קריניציה ויטמינה אס,DE,סוכריות שוקולדן 325ג,גרמים,325.00,100 גרם,false,,14.90,0.0458,true,1,115313
4014400904390,false,סוכריות טופי ממולא חלב סטורק 325 גרם,קריניציה ויטמינה אס,DE,סוכריות וולמליש 325ג,גרמים,325.00,100 גרם,false,,14.90,0.0458,true,1,115314
4014400907902,false,"וורטרס אורגינל סוכריות חמאה ללא סוכר בקופסה
42 גרם",תות ממתקי איכות,DE,וורטר ללא סוכר בקופס,יחידה,0.00,יחידה,false,,5.90,0.0000,true,1,115315
4014400909692,false,וורטרס אורגינל סוכריות חמאה ללא סוכר בטעם קפוצי'ינו בקופסה 42 גרם,קריניציה ויטמינה אס,DE,וורטרס סוכריות קפה ל,יחידה,0.00,יחידה,false,,5.90,0.0000,true,1,115321
4014400910063,false,סוכריות חמאה וורטרס אורגינל 135 גרם,וורטר'ס אורגינל,DE,סוכריות וורטר 135 גר,גרמים,135.00,100 גרם,false,,9.10,0.0674,true,1,115323
4014400913910,false,וורטרס אורגינל סוכריות חמאה ממולאות קרם קרמל בשקית,תות ממתקי איכות,DE,סוכריות וורטר במילוי,גרמים,125.00,100 גרם,false,,8.90,0.0712,true,1,115326
4014400914696,false,וורטרס אורגינל סוכריות ללא סוכר 80 גרם,ליימן מותגים,DE,וורטר אורגינל סוכריו,יחידה,0.00,יחידה,false,,8.10,0.0000,true,1,115327
4014400914924,false,סוכריות וורטר אורגינל ללא סוכר קפה 80 ג',קריניציה ויטמינה אס,DE,וורטר אוריגינל סוכרי,יחידה,0.00,יחידה,false,,8.10,0.0000,true,1,115328
4014400920857,false,סוכריות וורטר Werther's בטעם שוקולד ללא סוכר,קריניציה ויטמינה אס,DE,וורטרס ללא סוכר טעם,יחידה,0.00,יחידה,false,,8.10,0.0000,true,1,153439
4014400923711,false,בונבוניירה שוקולד אגוזים טופיפי 125 גרם,ליימן מותגים,DE,"טופיפי 125 גרם כשל""פ",גרמים,125.00,100 גרם,false,,12.90,0.1032,true,1,170497
4014400925319,false,וורטרס אורגינל פופקורן קרמל 140 גרם,וורטרס Werther's,DE,וורטר פופקורן קרמל 1,גרמים,140.00,100 גרם,false,,14.90,0.1064,true,1,238022
4014400931327,false,ורטרס אורגינל פופקורן עם קרמל זרעי דלעת 1/12,וורטרס Werther's,DE,וורטרס אורגינל פופקו,גרמים,140.00,100 גרם,false,,14.90,0.1064,true,1,256939
4014600202593,false,רגולדס סוכריות בפח בטעם פירות 150 גרם,RAGOLDS GMBH,,רגולדס סוכריות בפל ב,גרמים,150.00,100 גרם,false,,9.90,0.0660,true,1,174352
4014964117663,false,בירה קוסטריצה מיני חבית 5 ליטר,קוסטריצר,,בירה קוסטריצר מיני ח,ליטרים,5.00,ליטר,false,,109.90,21.9800,true,1,171528
4015000031394,false,"ספטיל - משחה להסרת כתמים 200 מ""ל",קריות זול,IL,"סיל ספטיל 200 מ""ל",מיליליטרים,200.00,"100 מ""ל",false,,13.90,0.0695,true,1,121954
4015000280211,false,"פה - דאודורנט רול און לאישה קאריביין לימון 50 מ""ל",שוורצקוף& הנקל דיסלד,DE,פה דאודורנט קאריביי,מיליליטרים,50.00,"מ""ל",false,,11.90,0.2380,true,1,121955
4015000280372,false,"דאודורנט רול און בניחוח לימון פה 50 מ""ל",שוורצקופף והנקל,DE,פה דאודורנט ספורט ר,יחידה,0.00,יחידה,false,,11.90,0.0000,true,1,121956
4015000615884,false,"פה - דאודורנט ספריי לאישה קריביין לימון 200 מ""ל",שוורצקופף והנקל,DE,פה דאודורנט קריביין,מיליליטרים,200.00,"100 מ""ל",false,,11.90,0.0595,true,1,122004
4015000615921,false,"פה - דאודורנט ספריי לגבר ספורט 200 מ""ל",שוורצקופף והנקל,DE,פה דאודורנט ספורט ספ,מיליליטרים,200.00,"100 מ""ל",false,,11.90,0.0595,true,1,122006
4015000940948,false,מרכך גליס Gliss שיקום נזק קיצוני אולטימט ריפייר,שוורצקוף Schwarzkopf,DE,גליס שיקום אולטימטיב,מיליליטרים,400.00,"100 מ""ל",false,,15.90,0.0398,true,1,211748
4015000940955,false,שמפו גליס Gliss שיקום נזק קיצוני אולטימט ריפייר,שוורצקופף והנקל,DE,גליס שמפו אולטימט רי,מיליליטרים,400.00,"100 מ""ל",false,,15.90,0.0398,true,1,122018
4015000975421,false,סאיוס משחה לעיצוב השיער אינביזיבל 100 מל,הנקל סוד,,סאיוס משחת עיצוב שקו,יחידה,0.00,יחידה,false,,24.90,0.0000,true,1,215995
4015000976268,false,שמפו גליס Gliss למראה שיער מבריק Million Gloss,שוורצקופף והנקל,DE,גליס שמפו מיליון גלו,מיליליטרים,400.00,"100 מ""ל",false,,15.90,0.0398,true,1,122043
4015000976275,false,מרכך גליס Gliss למראה שיער מבריק Million Gloss,שוורצקופף והנקל,DE,גליס מרכך מיליון גלו,מיליליטרים,400.00,"100 מ""ל",false,,15.90,0.0398,true,1,211749
4015000996204,false,"גליס שמפו אולטימט שמן אלקסייר 400 מ""ל",שוורצקופף והנקל,DE,גליס שמפו אלקסיר 400,מיליליטרים,400.00,"100 מ""ל",false,,15.90,0.0398,true,1,122051
4015000996273,false,"גליס מרכך אולטימטיב שמן אלקסייר 400 מ""ל",שוורצקופף והנקל,DE,גליס קונדישינר אלקסי,מיליליטרים,400.00,"100 מ""ל",false,,15.90,0.0398,true,1,122055
4015100190762,false,"גליס - מסכה שיקום שמן אלקסיר 300 מ""ל",שוורצקופף והנקל,SK,גליס מסיכה תמצית שמן,מיליליטרים,300.00,"100 מ""ל",false,,24.90,0.0830,true,1,183650
4015100190786,false,גליס מסכת סרום לשיקום עמוק עם קרטין,שוורצקופף והנקל,SK,גליס מסיכה לשיקום עמ,מיליליטרים,300.00,"100 מ""ל",false,,24.90,0.0830,true,1,183652
4015100190793,false,גליס מסכה לשיער יבש ופגום במיוחד Ultimate Repair,שוורצקופף והנקל,SK,גליס מסיכה לשיקום או,מיליליטרים,300.00,"100 מ""ל",false,,24.90,0.0830,true,1,183653
4015100325324,false,פאלטה דלוקס קיט 6-0 בלונד כהה,הנקל סוד,DE,פאלטה דלוקס קיט 0-6,יחידה,0.00,יחידה,false,,30.00,0.0000,true,1,211745
4015100709964,false,צבע לשער פאלטה דלוקס בלונד אולטרה טיטניום,הנקל סוד,DE,פאלטה דולקס קיט 11-1,יחידה,0.00,יחידה,false,,30.00,0.0000,true,1,263876
4015400219712,false,טמפקס קומפאק סופר 16 יח',,,טמפקס קומפקט סופר 16,יחידה,0.00,יחידה,false,,11.90,0.0000,true,1,261569
4015400362920,false,טמפונים עם מוליך Tambax,,,טמפקס רגולר 20 יח,יחידה,0.00,יחידה,false,,16.90,0.0000,true,1,261571
4015400363002,false,טמפקס סופר 20 יח',פרוקטר & גמבל,DE,טמפקס סופר 20 יח,יחידה,0.00,יחידה,false,,16.90,0.0000,true,1,261572
4015400564034,false,אולוויז מגן תחתון מגה פק לונג פלוס 58 יח',פרוקטר אנד גמבל,DE,אולוויז מגן תחתון לו,יחידה,58.00,יחידה,false,,19.90,0.3431,true,1,107434
4015400564454,false,מגני תחתון אולוויז לארג' עם ניחוח מגה פק,פרוקטר אנד גמבל,DE,מגן תחתון אולוויז מג,יחידה,68.00,יחידה,false,,19.90,0.2926,true,1,107436
4015400566861,false,אולוויז מגן תחתון (ס) טוויסט אנד פלקס לארג 48 יח,,,אולוייז תחתוניות כות,יחידה,0.00,יחידה,false,,14.90,0.0000,true,1,247421
4015400598381,false,תחבושות היגייניות אולטרה לונג - מארז קוואטרו 48 יח',פרוקטר אנד גמבל,DE,אולוויז קוואטרו לונג,יחידה,48.00,יחידה,false,,36.90,0.7687,true,1,107441
4015400598411,false,תחבושות היגייניות יום ולילה Day & Night - מארז 40 יח',פרוקטר אנד גמבל,DE,אולוויז קוואטרו לילה,יחידה,40.00,יחידה,false,,36.90,0.9225,true,1,107442
4015400746812,false,מגני תחתון אולוויז נורמל עם ניחוח מגה פק,פרוקטר אנד גמבל,DE,אולוויז מגן תחתון נו,יחידה,80.00,יחידה,false,,19.90,0.2487,true,1,165655
4015600762780,false,שמפו וקונדישינר יומיומי למניעת קשקשים הנוסחה הקלאסית 2in1,פרוקטר אנד גמבל,RO,הד אנד שולדרס שמפו 2,מיליליטרים,500.00,"100 מ""ל",false,,19.90,0.0398,true,1,107489
4015600762902,false,"שמפו האד אנד שולדרס מנטול 500 מ""ל",פרוקטר אנד גמבל,RO,הד אנד שולדרס שמפו מ,מיליליטרים,500.00,"100 מ""ל",false,,19.90,0.0398,true,1,107492
4015600810849,false,גילט דאו קליר גל 70 מל פאוור ראש,פרוקטר אנד גמבל,CZ,דאודורנט קליר ג'ל פא,מיליליטרים,70.00,"100 מ""ל",false,,16.90,0.2414,true,1,263981
4017100160417,false,בלזן גלילי וופל במילוי קרם בטעם וניל 75 גר',בלזן פולסקה,DE,קרמי וופל ונילה,יחידה,0.00,יחידה,false,,9.90,0.0000,true,1,203918
4017100198151,false,בלזן היט ביסקוויט עם מלית קרם בטעם וניל (41%) 220 גרם,הדקלאים אגודת שיתופי,PL,היט עוגיות סנדביץ בט,גרמים,220.00,100 גרם,false,,7.90,0.0359,true,1,154087
4017100210105,false,גלילי וופל בלזן וופלטן שוקו' מריר 100ג',הדקלאים אגודת שיתופי,DE,בלזן גלילי וופל מריר,גרמים,125.00,100 גרם,false,,10.90,0.0872,true,1,153440
4017100216800,false,בלזן וופל מיניס מצופה שוקולד חלב 100 גרם,ליימן שליסל,DE,בלזן שוקו פרנדס 100,גרמים,100.00,100 גרם,false,,9.90,0.0990,true,1,115339
4017100219900,false,בלזן וופלטן וופל מגולגל מצופה שוקולד חלב 100 גרם,הדקלאים אגודת שיתופי,DE,בלזן גלילי וופל חלב,גרמים,100.00,100 גרם,false,,10.90,0.1090,true,1,115340
4017100290008,false,בלזן בסקויט חמאה מצופה שוקולד חלב 125 גרם,הדקלאים אגודת שיתופי,DE,לייבניז עוגיות שוק.ח,גרמים,125.00,100 גרם,false,,10.90,0.0872,true,1,115343
4017100291005,false,בלזן לייבניז בסקויט חמאה מצופה שוקולד מריר 125 גרם,הדקלאים אגודת שיתופי,DE,בלזן בסקויט מצופה שו,גרמים,125.00,100 גרם,false,,10.90,0.0872,true,1,115344
4017100364112,false,בלזן היט בסקוויט סנדביץ עם מלית קרם בטעם שוקולד קקאו (41%) 220 גרם,הדקלאים אגודת שיתופי,PL,היט עוגיות סנדביץ בט,גרמים,220.00,100 גרם,false,,7.90,0.0359,true,1,115347
4018722100157,false,פסטה פוזילי מקמח כוסמין מלא אורגני,האחים פלם הגפן,DE,אלב גולד פוזילי כוסמ,גרמים,250.00,100 גרם,false,,13.90,0.0556,true,1,198241
4018722100188,false,אלב גולד-אטריות רחבות כוסמין וביצים 250 גרם,אלב גולד,DE,אלב גולד אטריות רחבו,גרמים,250.00,100 גרם,false,,16.90,0.0676,true,1,198239
4022025000137,false,יין בלו נאן גוורצטרמינר 750 מל,,,בלו נאן גוורצטרמינר,מיליליטרים,750.00,"100 מ""ל",false,,44.90,0.0599,true,1,147751
4022025250006,false,"יין ""בלו נאן"" אותנטיק",bluenun,,בלו נאן ריינהסן 750,מיליליטרים,750.00,"100 מ""ל",false,,39.90,0.0532,true,1,147753
4022025262009,false,בלו נאן כשר גוורץ ריזלינג,לנגוט טראבן,,"בלו נאן כשר 750 מ""ל",מיליליטרים,750.00,"100 מ""ל",false,,49.90,0.0665,true,1,175968
4022025372036,false,"בלו נאן מבעבע יבש מהדורת הזהב 750 מ""ל",,,בלו נאן יבש מבעבע מה,מיליליטרים,750.00,"100 מ""ל",false,,49.90,0.0665,true,1,147755
4022025379035,false,"בלו נאן רוזה מבעבע 750 מ""ל",בלו נאן,,בלו נאן רוזה מבעבע 7,מיליליטרים,750.00,"100 מ""ל",false,,49.90,0.0665,true,1,234199
4022025390030,false,יין בלו נאן ריזלינג 750 מל,לנגוט,,בלו נאן ריזלינג 750,מיליליטרים,750.00,"100 מ""ל",false,,39.90,0.0532,true,1,172038
4025700001962,false,מילקה טבלה 100 גר' לבן 1/22 (4248023),פי אר ג'יי אס סי מונ,UA,מילקה שוקולד לבן 100,גרמים,100.00,100 גרם,false,,8.00,0.0800,true,1,211152
4037719066009,false,סוכריות בצנצנת שי 996 גרם,,,סוכריות בצנצנת 966 ג,גרמים,966.00,100 גרם,false,,45.00,0.0466,true,1,125419
4037719066986,false,סוכריות קוונדיש פירות טרופיים 200ג' (9),קוון דיש,,פחיות פירות טרופיים,גרמים,200.00,100 גרם,false,,11.90,0.0595,true,1,213522
4045787068221,false,"צבע לשיער אינדולה פרוטאין שחור 1 60 מ""ל",שוורצקופף והנקל,DE,אינדולה פרוטאין צבע,יחידה,0.00,יחידה,false,,12.90,0.0000,true,1,211830
4045787068245,false,צבע לשיער פרוטאין קולור- 1000.0 אקסטרה בלונד,שוורצקופף והנקל,DE,אינדולה פרוטאין צבע,יחידה,0.00,יחידה,false,,12.90,0.0000,true,1,211832
4045787068252,false,צבע לשיער פרוטאין קולור- 1000.1 אקסטרה בלונד אפרפר,שוורצקופף והנקל,DE,אינדולה פרוטאין צבע,יחידה,0.00,יחידה,false,,12.90,0.0000,true,1,211834
4045787068283,false,"אינדולה - פרוטאין צבע 1-1 שחור כחול 60 מ""ל",אינדולה Indola,DE,אינדולה פרוטאין צבע,יחידה,0.00,יחידה,false,,12.90,0.0000,true,1,211835
4045787068306,false,"אינדולה - פרוטאין צבע 4 חום כהה 60 מ""ל",שוורצקופף והנקל,DE,אינדולה פרוטאין צבע,יחידה,0.00,יחידה,false,,12.90,0.0000,true,1,211837
4045787068313,false,"אינדולה - פרוטאין צבע 4-37 שוקולד כהה 60 מ""ל",אינדולה Indola,,אינדולה פרוטאין צבע,יחידה,0.00,יחידה,false,,12.90,0.0000,true,1,211838
4045787068320,false,"אינדולה - פרוטאין צבע 5 חום 60 מ""ל",שוורצקופף והנקל,DE,אינדולה פרוטאין צבע,יחידה,0.00,יחידה,false,,12.90,0.0000,true,1,211839
4045787068344,false,"אינדולה - פרוטאין צבע 5-4 ערמונים 60 מ""ל",אינדולה Indola,DE,אינדולה פרוטאין צבע,יחידה,0.00,יחידה,false,,12.90,0.0000,true,1,211843
4045787068351,false,צבע לשיער פרוטאין קולור- 5.56 בורדו קטיפה,אינדולה Indola,DE,אינדולה פרוטאין צבע,יחידה,0.00,יחידה,false,,12.90,0.0000,true,1,211844
4045787068375,false,"אינדולה - פרוטאין צבע 6 בלונד כהה 60 מ""ל",שוורצקופף והנקל,DE,אינדולה פרוטאין צבע,יחידה,0.00,יחידה,false,,12.90,0.0000,true,1,211848
4045787068382,false,צבע לשיער פרוטאין קולור- 6.03 חום זהבהב,שוורצקופף והנקל,DE,אינדולה פרוטאין צבע,יחידה,0.00,יחידה,false,,12.90,0.0000,true,1,211849
4045787068405,false,"אינדולה - פרוטאין צבע 6-23 חום שקד 60 מ""ל",אינדולה Indola,DE,אינדולה פרוטאין צבע,יחידה,0.00,יחידה,false,,12.90,0.0000,true,1,211850
4045787068412,false,"אינדולה - פרוטאין צבע 6-37 שוקולד 60 מ""ל",אינדולה Indola,DE,אינדולה פרוטאין צבע,יחידה,0.00,יחידה,false,,12.90,0.0000,true,1,211851
4045787068467,false,"אינדולה - פרוטאין צבע 7 בלונד בינוני 60 מ""ל",שוורצקופף והנקל,DE,אינדולה פרוטאין צבע,יחידה,0.00,יחידה,false,,12.90,0.0000,true,1,211854
4045787068498,false,"אינדולה - פרוטאין צבע 7-3 דבש 60 מ""ל",שוורצקופף והנקל,DE,אינדולה פרוטאין צבע,יחידה,0.00,יחידה,false,,12.90,0.0000,true,1,211855
4045787068542,false,"אינדולה - פרוטאין צבע 8 בלונד בהיר 60 מ""ל",שוורצקופף והנקל,DE,אינדולה פרוטאין צבע,יחידה,0.00,יחידה,false,,12.90,0.0000,true,1,211859
4045787068610,false,"אינדולה - פרוטאין צבע 9 בלונד טבעי 60 מ""ל",שוורצקופף והנקל,DE,אינדולה פרוטאין צבע,יחידה,0.00,יחידה,false,,12.90,0.0000,true,1,211861
4045787068634,false,"אינדולה - פרוטאין צבע 9-3 בלונד חיטה 60 מ""ל",הנקל סוד,DE,אינדולה פרוטאין צבע,יחידה,0.00,יחידה,false,,12.90,0.0000,true,1,211862
4052197000017,false,"בירה בנדיקטינר חיטה לא מסוננת 500 מ""ל",בנדיקטינר וויצבראו,DE,בירה BENEDIKTINER,מיליליטרים,500.00,"100 מ""ל",false,,10.90,0.0218,true,1,129620
4052197000369,false,שישיית בירה בנדיקטינר חיטה 330 מל*6,בנדיקטינר,DE,בנדקטינר בירה מארז 6,יחידה,6.00,יחידה,false,,44.90,7.4833,true,1,168202
4052197000390,false,בירה 5 ליטר CAN- MINI K. BENEDIKTINER,בנדקטינר,DE,בירה BENEBIKTINER,ליטרים,5.00,1000ליטר,false,,99.90,19.9800,true,1,129621
4052197002806,false,"מארז בירה בנדיקטינר 4*500 מ""ל פחית",בנדקטינר,DE,בירה בנדקטינר פחית מ,ליטרים,2.00,ליטר,false,,32.90,16.4500,true,1,163836
4052197003254,false,"בירה בנדיקטינר לאגר אורגינל 500 מ""ל",בנדיקטינר וויצבראו,DE,בירה בנדיטינר לאגר א,מיליליטרים,500.00,"100 מ""ל",false,,10.90,0.0218,true,1,163837
4053700292455,false,ויט רצועות שעווה מוכנות להסרת שיער לעור רגיל 12 יחידות,רקיט בנקיזר צרפת,FR,ויט רצועות שעווה תמצ,יחידה,0.00,יחידה,false,,24.90,0.0000,true,1,132690
4056800779352,false,צבע לשיער קולסטון קיט 8/1 בלונד אפור בהיר,וולה Wella,DE,קולסטון קיט 8/1 בלונ,יחידה,0.00,יחידה,false,,34.90,0.0000,true,1,211490
4061445096702,false,קפה דוידוף מגורען 100 גר FINE AROMA,צ'יבו מנופקצ'ורינג,CO,דוידוף קפה פיין ארומ,יחידה,0.00,יחידה,false,,22.90,0.0000,true,1,268349
4066600601920,false,פאולנר ביתר חיטה מעוננת 500 מל,פאולנר Paulaner,DE,בירה פואלנר פחית 500,מיליליטרים,500.00,"100 מ""ל",false,,12.90,0.0258,true,1,171976
4066600999614,false,"בירה פאולנר, בירת חיטה מעוננת, בקבוק 500 מ""ל",מבשלת פאולנר,DE,"בירה פאולנר 500 מ""ל",מיליליטרים,500.00,"100 מ""ל",false,,11.90,0.0238,true,1,183786
4067700014849,false,ליקר ייגרמייסטר כשר,פארייפאבה אגרואינדוס,DE,יגרמייסטר בקבוק חדש,יחידה,0.00,יחידה,false,,89.90,0.0000,true,1,169575
4072700001188,false,"בירה פרנסיסקאנר כהה בקבוק 500 מ""ל",פרנסיסקאנר Franziskaner,DE,בירה פרנסיסקאנר כהה,יחידה,0.00,יחידה,false,,12.90,0.0000,true,1,112533
4072700001775,false,בירה פרנסיסקאנר בהירה מעוננת בפחית,פרנסיסקאנר Franziskaner,DE,בירה פרנסיסקאנו,יחידה,0.00,יחידה,false,,11.90,0.0000,true,1,112536
4072700003649,false,"פרנזיסקאנר בירה מעוננת 500 מ""ל","איי, בי, אינבוו",DE,בירה פרנסיסקאנר מעונ,מיליליטרים,500.00,"100 מ""ל",false,,12.90,0.0258,true,1,112537
4084500065536,false,פנטן קרם לחות מוגברת לעיצוב שיער 300 מל,פרוקטר אנד גמבל,DE,פנטן קרם לחות מוגברת,מיליליטרים,300.00,"100 מ""ל",false,,19.90,0.0663,true,1,107568
4084500065598,false,"קרם לחות פנטן לתלתלים מושלמים 300 מ""ל",פרוקטר אנד גמבל,DE,פנטן קרם לחות לתלתלי,מיליליטרים,300.00,"100 מ""ל",false,,19.90,0.0663,true,1,153081
4084500081314,false,משחת שיניים פרו אקספרט לניקוי עמוק בטעם מנטה,פרוקטר אנד גמבל,DE,אורל בי משחה פרואקספ,יחידה,0.00,יחידה,false,,9.90,0.0000,true,1,207477
4084500149526,false,טייד גל כביסה 2.48 ליטר אלפים רענן,פרוקטר אנד גמבל,FR,טייד נוזל כביסה 2.48,ליטרים,2.48,ליטר,false,,29.90,12.0565,true,1,181023
4100130937163,false,בירה בקס שישייה 6*275 מל,"איי, בי, אינבוו",DE,שישיית בירה בקס 275,מיליליטרים,275.00,"100 מ""ל",false,,29.90,0.1087,true,1,162649
4102430003418,false,בירה ביטבורגר פחית מארז רביעיה 4*500 מ,מבשלת ביטבורגר,DE,בירה ביטבורדר פחית מ,ליטרים,2.00,ליטר,false,,35.90,17.9500,true,1,163838
4105120623941,false,"בירה ויינשטפן בק' ח""פ 500 מ""ל",קרלסברג יבוא יצוא,DE,"ויינשטפן 500 מ""ל",מיליליטרים,500.00,"100 מ""ל",false,,12.90,0.0258,true,1,176469
4210201262183,false,מברשת שיניים חשמלית ויטליטי Vitality נטענת,פרוקטר אנד גמבל,DE,אורל בי מברשת חשמלית,יחידה,0.00,יחידה,false,,99.90,0.0000,true,1,210350
4210201358725,false,אורל בי ראש חשמלי 3D וויט 4 יח,דיפלומט,DE,אורל בי ראש חשמלי D,יחידה,0.00,יחידה,false,,99.90,0.0000,true,1,240861
4250803406233,false,"שרימפס קריסטל 16/20 שחור 1 ק""ג",,,שרימפס קריסטל 16/20,יחידה,0.00,יחידה,false,,99.90,0.0000,true,1,262506
4250803406257,false,"שרימפס קריסטל 26/30 שחור 1 ק""ג",,,שרימפס קריסטל 26/30,יחידה,0.00,יחידה,false,,89.90,0.0000,true,1,262507
4250803406271,false,"שרימפס קריסטל מבושל 16/20 1ק""ג",,,שרימפס קריסטל 16/20,יחידה,0.00,יחידה,false,,99.90,0.0000,true,1,262508
4250803406295,false,"שרימפס קריסטל 26/30 מבושל 1 ק""ג",,,שרימפס קריסטל 26/30,יחידה,0.00,יחידה,false,,89.90,0.0000,true,1,262509
4250803408213,false,"שרימפס קריסטל 41/50 מבושל 1 ק""ג",,,שרימפס קריסטל 41/50,יחידה,0.00,יחידה,false,,69.90,0.0000,true,1,262511
4250803408411,false,שרימפס קריסטל 41/50 מבושל 500 ג',,,שרימפס קריסטל 41/50,יחידה,0.00,יחידה,false,,36.90,0.0000,true,1,262510
4250803408893,false,"קלמרי שקיות 1 ק""ג",,,"קלמרי שקיות 1 ק""ג",גרמים,1000.00,100 גרם,false,,84.90,0.0849,true,1,264935
4250803409616,false,קוקטיל פירות ים 500 ג',,,קוקטיל פירות ים 500,גרמים,500.00,100 גרם,false,,29.90,0.0598,true,1,262512
4250803410025,false,אבעות קלמרי 500 גרם,,,אבעות קלמרי 500 גרם,גרמים,500.00,100 גרם,false,,36.90,0.0738,true,1,264937
4526858465007,false,טרמוס,,,טרמוס,יחידה,0.00,יחידה,false,,39.90,0.0000,true,1,261224
4600659010854,false,*מבצע* סטולי פרימיום,איי. אס. לטבייאס בלז,LV,וודקה סטוליצניה 700,מיליליטרים,750.00,"100 מ""ל",false,,69.90,0.0932,true,1,128169
4600659011059,false,וודקה סטוליצניה אדום,אס פי איי SPI (סטולי,LV,וודקה סטולי פרימיום,ליטרים,1.00,ליטר,false,,109.90,109.9000,true,1,122467
4600682007456,false,"בירה בלטיקה מס 7 450 מ""ל פחית",BALTIKA,,בירה בלטיקה מס 7,מיליליטרים,450.00,"100 מ""ל",false,,8.90,0.0198,true,1,173142
4600682407478,false,"בירה בלטיקה מס 7 470 מ""ל בקבוק",BALTIKA,,בירה בלטיקה מספר 7,מיליליטרים,450.00,"100 מ""ל",false,,8.90,0.0198,true,1,173145
4600682483472,false,"בירה זיטאסקי גוס 480 מ""ל",,,בירה זיטאסקי גוס,מיליליטרים,450.00,"100 מ""ל",false,,8.90,0.0198,true,1,173147
4600893900997,false,וודקה מרקה ירוקה 0.7 ליטר קדרובה,TOPAZ,,"וודקה מתובלת 700 מ""ל",מיליליטרים,700.00,"100 מ""ל",false,,65.90,0.0941,true,1,156492
4601576004032,false,מיונז מצטה חוזייקי זיתים רוטב לסלט 876 ג,OAO ZHIROVOY KOMBINA,,מצ'טה מיונז זית 873ג,גרמים,873.00,100 גרם,false,,25.90,0.0297,true,1,127810
4601576004100,false,מיונז מצטה חוזייקי קלאסי רוטב לסלט 873 ג,OAO ZHIROVOY KOMBINA,,מצטה חוזייקי מיונז ק,גרמים,873.00,100 גרם,false,,25.90,0.0297,true,1,127812
4602486000954,false,וודקה בלנקאיה גולד 1,מזקקת גורגיבסקי,RU,וודקה בלנקאיה גולד 1,ליטרים,1.00,ליטר,false,,84.90,84.9000,true,1,205418
4603400000043,false,"וודקה רוסקיי סטנדרט 700 מ""ל",רוסקי סטנדרט וודקה,RU,וודקה רוסקיה סטנדרט,מיליליטרים,700.00,"100 מ""ל",false,,74.90,0.1070,true,1,127813
4603400000197,false,וודקה רוסקי סטנדרט 0.5 ליטר,RUSSIAN STANDART,,"רוסקי סטנדרט 500 מ""ל",מיליליטרים,500.00,"100 מ""ל",false,,51.90,0.1038,true,1,195446
4603400000203,false,וודקה רוסקי סטנדרט 1,,,וודקה רוסקי סטנדרט 1,ליטרים,1.00,ליטר,false,,109.90,109.9000,true,1,127815
4603928000976,false,"וודקה בלוגה נובל 700 מ""ל+כוס",מרינסקי ליקרו ונבאנצ,RU,בלוגה נובל וודקה 700,מיליליטרים,700.00,"100 מ""ל",false,,129.90,0.1856,true,1,115690
4603928000983,false,"וודקה בלוגה מהודרת קיץ , 1 ליטר",מרינסקיליקרו וודאצני,,בלוגה נובל 1 ליטר,ליטרים,1.00,ליטר,false,,159.90,159.9000,true,1,223270
4604248000844,false,רוטב בטעם מיונז עם שמן זית 380 גרם,אסן פרודקשן,,רוטב לסלט בטעם זיתים,גרמים,380.00,100 גרם,false,,9.90,0.0261,true,1,189863
4604248012618,false,חרדל רוסקיה 190 גרם מחייב,אסן פרודקשן,,חרדל רוסקיה 190 גרם,יחידה,0.00,יחידה,false,,6.90,0.0000,true,1,187284
4605561010305,false,"חתיכות פילה הרינג עם שמיר בשמן 17.6 אונקיה, 500 גרם",,RU,פילה הרינג עם שמיר ב,יחידה,0.00,יחידה,false,,27.90,0.0000,true,1,246132
4605561010329,false,חתיכות פילה הרינג מעושן בשמן 500 גרם,,RU,פילה הרינג בטעם מעוש,יחידה,0.00,יחידה,false,,27.90,0.0000,true,1,246134
4605561010343,false,"חתיכות פילה הרינג בשמן, 500 גרם",,RU,פילה הרינג בשמן חתיכ,יחידה,0.00,יחידה,false,,27.90,0.0000,true,1,246136
4605561011975,false,חתיכות פילה הרינג בשמן 150 גר RS,,,חתיכות פילה הרינג בש,יחידה,0.00,יחידה,false,,7.90,0.0000,true,1,246139
4605561012613,false,פילה הרינג (קצוץ) בשמן 400 גר RS,,,פילה הרינג (קצוץ) בש,יחידה,0.00,יחידה,false,,15.90,0.0000,true,1,246140
4605561013009,false,פילה הרינג בשמן 400 גר RS,,,פילה הרינג בשמן 400,יחידה,0.00,יחידה,false,,15.90,0.0000,true,1,246141
4605627003104,false,מעדן פרוטיס אפרסק פסיפלורה דובדבן 115ג',,,פרוטיס אפרסק/פסיפלור,גרמים,115.00,100 גרם,false,,5.90,0.0513,true,1,192004
4605627003166,false,מעדן פרוטיס תות שדה תפוח אגס 115ג',,,פרוטיס תות שדה/תפוח/,גרמים,115.00,100 גרם,false,,5.90,0.0513,true,1,192021
4605627007485,false,מעדן פרוטיס בננה ספליט פינקולדה 115ג',,,פרוטיס בננה ספליט/פי,גרמים,115.00,100 גרם,false,,5.90,0.0513,true,1,192022
4607002990290,false,מלפפונים מוחמצים 680 גר D. Vanya,רוסקויי פולה אלבאשי,RU,מלפפונים מוחמצים 680,גרמים,680.00,100 גרם,false,,11.90,0.0175,true,1,191399
4607002990474,false,עגבניות מוחמצות דיאדיה וניה 680 גר,רוסקויי פולה אלבאשי,RU,עגבניות מחומצות 680,גרמים,680.00,100 גרם,false,,11.90,0.0175,true,1,191402
4607002990481,false,עגבניות במיץ עגבניות דיאדיה וניה 680 גרם,דדיה ואניה,,עגבניות במיץ עגבניות,גרמים,680.00,100 גרם,false,,11.90,0.0175,true,1,191400
4607002995752,false,אסורטי עגבניות/מלפפונים דיאדיה וניה 680,דדיה ואניה,RU,עגבניות ומלפפונים מו,גרמים,680.00,100 גרם,false,,11.90,0.0175,true,1,191403
4607002995868,false,"פלפלים ברוטב עגבניות ""לצ'ו""",דדיה ואניה,RU,"לצ""ו 680 גרם",גרמים,680.00,100 גרם,false,,11.90,0.0175,true,1,191401
4607002999187,false,קורנישונים צרפתי דיאדיה וניה 680 גרם,,RU,מלפפונים - קורנישוני,גרמים,680.00,100 גרם,false,,11.90,0.0175,true,1,220540
4607012351005,false,גרעיני חמניות מרטין ללא מלח 200 גרם,"נארז ע""י : א.ג. גילר",RU,מרטין גרעיני חמניות,גרמים,200.00,100 גרם,false,,12.90,0.0645,true,1,157751
4607012351999,false,גרעיני חמניות מרטין עם מלח 200 גרם,"נארז ע""י : א.ג. גילר",RU,גרעיני חמניות מרטין,גרמים,200.00,100 גרם,false,,12.90,0.0645,true,1,157752
4607065411312,false,פטריות אופיאטה פוסולסקי דבור 680 גר,,CN,שימורי פטריות אופיאט,גרמים,680.00,100 גרם,false,,14.90,0.0219,true,1,230791
4607109409619,false,פיניש הכל ב-1 טבליות למדיח 25 יח,הדקלאים אגודת שיתופי,PL,פיניש 25 טבליות AIO,יחידה,25.00,יחידה,false,,24.90,0.9960,true,1,210584
4640018993350,false,פיניש קוואנטום קפסולות ג'ל למדיח כלים לימון 30 יח',רקיט בנקיזר,PL,פיניש קוואנטום לימון,יחידה,0.00,יחידה,false,,39.90,0.0000,true,1,233138
4640018993398,false,פיניש קוואנטום 60 יח' קפסולות ג'ל למדיח כלים,רקיט בנקיזר,PL,פיניש קוואנטום 60 קפ,יחידה,0.00,יחידה,false,,59.90,0.0000,true,1,208576
4710068001692,false,"מאסטר קפה לאטה פחית 240מ""ל",תאיט מרקטינג אנד דיס,TW,מאסטר קפה לאטה פחית,מיליליטרים,240.00,"100 מ""ל",false,,7.00,0.0292,true,1,131140
4710068001715,false,"מאסטר קפה טירמיסו 240 מ""ל",יוני פרזינדנט אנטרפר,TW,מאסטר קפה טרמיסו פחי,מיליליטרים,250.00,"100 מ""ל",false,,7.00,0.0280,true,1,131141
4710068001739,false,"מאסטר קפה קולומביאני 240 מ""ל",יוני פרזינדנט אנטרפר,TW,מאסטר קפה קולומביאני,מיליליטרים,250.00,"100 מ""ל",false,,7.00,0.0280,true,1,131142
4710068002798,false,מאסטר קפה וונילה פחית 240 מל,מאיטה פוד אינדוסטריא,TW,מאסטר קפה וונילה פחי,מיליליטרים,240.00,"100 מ""ל",false,,7.00,0.0292,true,1,196714
4710088630285,false,מאסטר קפה טירמיסו 24,טמפו 7.5%,,מאסטר קפה טירמיסו 24,מיליליטרים,240.00,"100 מ""ל",false,,7.00,0.0292,true,1,131145
4710964104916,false,"שמן שומשום טהור 370 מ""ל (כ)",פלייבור פול פודס טיי,CN,מזרח ומערב יבוא שמן,מיליליטרים,370.00,"100 מ""ל",false,,22.90,0.0619,true,1,238622
4710964170799,false,שומשום שחור קלוי 91 גרם,פלייבור פול פודס טיי,TH,שומשום שחור קלוי 91,גרמים,91.00,100 גרם,false,,16.90,0.1857,true,1,249145
4740098079309,false,"סיידר ""FIZZ"" אוכמניות 500 מ""ל","""cesu alus""",LV,פחית סיידר אוכמניות,מיליליטרים,500.00,"100 מ""ל",false,,7.90,0.0158,true,1,152917
4740098079316,false,"סיידר ""FIZZ"" תות שדה 500 מ""ל","""cesu alus""",LV,פחית סיידר תות שדה 5,מיליליטרים,500.00,"100 מ""ל",false,,7.90,0.0158,true,1,152934
4740098079323,false,סיידר אלכוהול אגס 0.,"""cesu alus""",,פחית סיידר אגס 500 מ,מיליליטרים,500.00,"100 מ""ל",false,,7.90,0.0158,true,1,197100
4740098098331,false,"קוקטייל בלו לגון אה לה קוק 330 מ""ל",אה לי קוק,EE,קוקטייל בלו לגון אה,מיליליטרים,330.00,"100 מ""ל",false,,9.90,0.0300,true,1,259758
4740098098379,false,"קוקטייל מרגריטה אה לה קוק 330 מ""ל",אה לי קוק,EE,קוקטייל בטעם מרגריטה,מיליליטרים,330.00,"100 מ""ל",false,,9.90,0.0300,true,1,257816
4740098098393,false,"קוקטייל און דה ביץ אה לה קוק 330 מ""ל",אה לי קוק,EE,קוקטייל סק און דה בי,מיליליטרים,330.00,"100 מ""ל",false,,9.90,0.0300,true,1,257817
4750012013036,false,דיווה קוסמופוליטן תות מנטה 750 מל,,,דיווה קוסמופוליטן -,מיליליטרים,750.00,"100 מ""ל",false,,24.90,0.0332,true,1,265922
4750021008245,false,וודקה סטולי,,,וודקה סטולי,יחידה,0.00,יחידה,false,,139.90,0.0000,true,1,218592
4750142003426,false,"בירה פילסנר פחית 500 מ""ל אקסטרה",צ'סו אלוס,RU,בירה פילזנר אקסטרה פ,מיליליטרים,500.00,"100 מ""ל",false,,5.90,0.0118,true,1,210881
4750142004980,false,"בירה פרימיום צסו 568 מ""ל","""cesu alus""",,פחית בירה פרמיום צ'ס,מיליליטרים,568.00,"100 מ""ל",false,,8.90,0.0157,true,1,259231
4750142005062,false,"בירה ברוזה לא מסוננת צסו 568 מ""ל","""cesu alus""",,פחית בירה לא מסוננת,מיליליטרים,568.00,"100 מ""ל",false,,8.90,0.0157,true,1,259230
4750142016518,false,בירה צסו לא מסוננת 5.4% 568 מל,צ'סו אלוס,LV,בירה צ'סו 5.4% 568,מיליליטרים,568.00,"100 מ""ל",false,,8.90,0.0157,true,1,152919
4750142021505,false,"בירה PILSENER בהירה 4.7% פחית 500 מ""ל",צ'סו אלוס,LV,בירה פילזנר פחית 500,מיליליטרים,500.00,"100 מ""ל",false,,5.90,0.0118,true,1,152920
4750616000258,false,שפרוטים גדולים מעושנים בשמן צמחי,בריויאס וילניוס,LV,שפרוטים גדולים בשמן,גרמים,190.00,100 גרם,false,,9.90,0.0521,true,1,169513
4750616001651,false,דגי שיפרוט גדולים מעושנים בשמן צמחי,בריויאס וילניוס,LV,שפרוטים גדולים בשמן,גרמים,240.00,100 גרם,false,,9.90,0.0413,true,1,169515
4770033227472,false,ברנדי גלורי אקס או,stumbras,,ברנדי גלוריה XO,מיליליטרים,700.00,"100 מ""ל",false,,129.90,0.1856,true,1,266136
4770179125076,false,שוקולד פרגלה מריר עם,PERGALE,,שוקולד מריר עם קרם מ,יחידה,0.00,יחידה,false,,5.90,0.0000,true,1,120362
4770179125144,false,שוקולד פרגלה מריר עם,PERGALE,,שוקולד מריר עם קרם ק,יחידה,0.00,יחידה,false,,5.90,0.0000,true,1,120364
4770237055048,false,בסגנון שמנת 15% 350,,,"350 גר "" SMETANKA"" 1",יחידה,0.00,יחידה,false,,11.90,0.0000,true,1,246145
4770237055055,false,בסגנון שמנת 30% 200,,,"200 גר ""SMETANKA"" 30",יחידה,0.00,יחידה,false,,11.90,0.0000,true,1,246146
4770265046452,false,גבינה מותכת 28% סבליה 185 גר,,LT,גבינה מותכת 185 גר 2,יחידה,0.00,יחידה,false,,19.90,0.0000,true,1,246147
4770265213786,false,משקה חלב ריזנקה 500 מל,,,משקה חלבי 0.5 ליטר R,יחידה,0.00,יחידה,false,,11.90,0.0000,true,1,246149
4770265219382,false,גבינה אנלוגי 600 גרם GURMAN,,,גבינה אנלוגי מעושנת,יחידה,0.00,יחידה,false,,44.90,0.0000,true,1,246165
4770265219429,false,גבינה אנלוגי 600 גרם DVARO,,,גבינה אנלוגי 600 גר,יחידה,0.00,יחידה,false,,44.90,0.0000,true,1,246167
4770265219443,false,גבינה אנלוגי 600 גרם ROSSIYSKIY,,,גבינה אנלוגי 600 גר,יחידה,0.00,יחידה,false,,44.90,0.0000,true,1,246168
4770265219535,false,גבינה אנגולי מעושנת 150 גר גורמן,,,גבינה אנלוגי מעושנת,יחידה,0.00,יחידה,false,,11.90,0.0000,true,1,246169
4770275048231,false,גבינת ברינזה 40% 400 גר,פנו ז'ויגזדס,,"גבינה ""ברינזה"" 40%",יחידה,0.00,יחידה,false,,45.90,0.0000,true,1,246173
4770275048354,false,גבינת ברינזה 60% 400 גר,פנו ז'ויגזדס,,"גבינה ""ברינזה"" 60%",יחידה,0.00,יחידה,false,,45.90,0.0000,true,1,246174
4770275049580,false,בסגנון טבורוג סבליה,,,"טבורוג (אנלוגי) ""סבל",גרמים,370.00,100 גרם,false,,17.90,0.0484,true,1,252777
4770275049597,false,בסגנון טבורוג סבליה,,,"טבורוג (אנלוגי) ""סבל",גרמים,900.00,100 גרם,false,,36.90,0.0410,true,1,252779
4770275049603,false,בסגנון טבורוג סבליה,,,"טבורוג (אנלוגי) ""סבל",גרמים,370.00,100 גרם,false,,17.90,0.0484,true,1,252778
4770275049696,false,"משקה חלב קפיר 900 מ""ל",,,משקה חלבי 0.9 ליטר K,יחידה,0.00,יחידה,false,,15.90,0.0000,true,1,246175
4770299047890,false,גבינת דזוגס פרמגנו 180ג',,,דזוגס 180 גר 12 חודש,יחידה,0.00,יחידה,false,,19.90,0.0000,true,1,195200
4770301231811,false,"בירה קריק דובדבן וולפאס אנגלמן 568 מ""ל",,,בירה ווללפאס אנגלמן,מיליליטרים,568.00,"100 מ""ל",false,,10.90,0.0192,true,1,266131
4770301232023,false,"אוסטרליה פייל אייל וולפאס אנגלמן 568 מ""ל",,,בירה ווללפאס אנגלמן,מיליליטרים,568.00,"100 מ""ל",false,,10.90,0.0192,true,1,266127
4770301234973,false,בירה בלנש חיטה בלגית וולפאס אנגלמן 568מ,,,בירה ווללפאס אנגלמן,מיליליטרים,568.00,"100 מ""ל",false,,10.90,0.0192,true,1,266130
4770301235338,false,"בירה ניו אינגלנד וולפאס אנגלמן 568 מ""ל",,,בירה ווללפאס אנגלמן,מיליליטרים,500.00,"100 מ""ל",false,,10.90,0.0218,true,1,266132
4770337046427,false,פרוסות גבינה 27% שומן 150 גרם MASSDAM,,,פרוסות גבינה 24.7%,גרמים,150.00,100 גרם,false,,17.90,0.1193,true,1,252774
4770337046748,false,גבינה פרמזן PARNIDZIO 200 גר,,IL,גבינה פרמזן PARNID,גרמים,200.00,100 גרם,false,,22.90,0.1145,true,1,252766
4770337047431,false,תחליף גבינה 150 גר SVALIA,,,גבינה אנלוגי 150 גר,יחידה,0.00,יחידה,false,,11.90,0.0000,true,1,246176
4770337047448,false,תחליף גבינה 150 גר DRAVO,,,גבינה אנלוגי 150 גר,יחידה,0.00,יחידה,false,,11.90,0.0000,true,1,246177
4770337047455,false,תחליף גבינה רוסיסקי 150 גר,,,גבינה אנלוגי 150 גר,יחידה,0.00,יחידה,false,,11.90,0.0000,true,1,246178
4770337047530,false,תחליף גבינה סבליה 240 גר,,,גבינה אנלוגי 240 גר,יחידה,0.00,יחידה,false,,17.90,0.0000,true,1,246179
4770337048124,false,תחליף גבינה דברו 240 גר,,LT,DVARO (גבינה אנלוגי,יחידה,0.00,יחידה,false,,17.90,0.0000,true,1,246180
4770337048131,false,תחליף גבינה רוסייסקי 240 גר,,LT,ROSSIYSKIY (גבינה אנ,יחידה,0.00,יחידה,false,,17.90,0.0000,true,1,246181
4770337048377,false,פרוסות גבינה 27% שומן 150 גרם Vilnius,,,"פרוסות גבינה ""27.5%",גרמים,150.00,100 גרם,false,,17.90,0.1193,true,1,252775
4770337048797,false,פרוסות גבינה 27% שומן 150 גרם EMMENTAL,,,פרוסות גבינה 27% שו,גרמים,150.00,100 גרם,false,,17.90,0.1193,true,1,252776
4779039730276,false,מרק עגבניות מוקרם אורגני 400 גרם,גרביאי,LT,אאוגה מרק עגבניות מו,גרמים,400.00,100 גרם,false,,16.90,0.0422,true,1,230003
4792059372011,false,"שמן קוקוס אורגני גמוקה 500 מ""ל",,,ג'מוקה שמן קוקוס אור,מיליליטרים,500.00,"100 מ""ל",false,,34.90,0.0698,true,1,229009
4796019790020,false,"שמן קוקוס אורגני 500 מ""ל גרין קוקו",גרין קוקו,LK,גרין קוקו שמן קוקוס,מיליליטרים,500.00,"100 מ""ל",false,,31.90,0.0638,true,1,180583
4800888150080,false,"דאב - דאודורנט רול און לאישה פרש טאצ' מלפפונים 50 מ""ל",יוניליוור פיליפינים,PH,דאב דאו רול און מלפפ,יחידה,0.00,יחידה,false,,17.90,0.0000,true,1,113056
4800888209368,false,רקסונה - דאודורנט סטיק לגבר אקסטרא קול 50 גרם,רקסונה Rexona,PH,רקסונה מן סטיק אקסט,יחידה,0.00,יחידה,false,,14.90,0.0000,true,1,209508
4800888209382,false,רקסונה - דאודורנט סטיק לאישה קריסטל 50 גרם,רקסונה Rexona,PH,רקסונה נשים דאו סטיק,יחידה,0.00,יחידה,false,,14.90,0.0000,true,1,250637
4800888209429,false,רקסונה - דאודורנט סטיק לאישה כותנה נשים 50 גרם,רקסונה Rexona,PH,רקסונה דואדורנט סטיק,יחידה,0.00,יחידה,false,,14.90,0.0000,true,1,211066
4800888219510,false,דאב - דאודורנט סטיק לאישה פרש מלפפונים 50 גרם,יוניליוור פיליפינים,PH,דאב דאודורנט סטיק מל,יחידה,0.00,יחידה,false,,17.90,0.0000,true,1,240366
4800888219527,false,דאב - דאודורנט סטיק לאישה ללא סימן אינביזיבל 50 גרם,יוניליוור,PH,דאב סטיק אינביזיבל 5,יחידה,0.00,יחידה,false,,17.90,0.0000,true,1,240367
4800888219534,false,דאב - דאודורנט סטיק לאישה אנטי פרספירמט 50 גרם,יוניליוור פיליפינים,PH,דאב דאו סטיק אורגינ,יחידה,0.00,יחידה,false,,17.90,0.0000,true,1,237754
4800888219541,false,רקסונה - דאודורנט סטיק לאישה פאוודר דרי 50 גרם,General,PH,רקסונה נשים דאו סטיק,יחידה,0.00,יחידה,false,,14.90,0.0000,true,1,242434
4810168000011,false,פילה דג הרינג מלוח מצונן 250 גרם,סנטה ברמור,BY,פילה דג הרינג מלוח מ,יחידה,0.00,יחידה,false,,13.90,0.0000,true,1,246182
4810168000066,false,פילה דג הרינג מלוח מצונן עם תבלין 250 גרם,סנטה ברמור,BY,פילה דג הרינג מלוח מ,יחידה,0.00,יחידה,false,,13.90,0.0000,true,1,246183
4810168000103,false,פילה הרינג מטיאס 250גר,,BY,פילה דג הרינג מלוח מ,יחידה,0.00,יחידה,false,,13.90,0.0000,true,1,246184
4810168000998,false,פילה דג הרינג מלוח מצונן עם בצל בצנצנת חתיכות 260גרם,סנטה ברמור,BY,פילה דג הרינג מלוח מ,יחידה,0.00,יחידה,false,,18.90,0.0000,true,1,246185
4810168001056,false,פילה דג הרינג מלוח מצונן בצנצנת חתיכות 260גרם,סנטה ברמור,BY,פילה דג הרינג מלוח מ,יחידה,0.00,יחידה,false,,18.90,0.0000,true,1,246186
4810168004149,false,ביצי דג טרוטונית אטלנטי מעושן מצונן 180,,,ביצי דג טרוטונית אטל,יחידה,0.00,יחידה,false,,15.90,0.0000,true,1,246190
4810168004156,false,ביצי דג טרוטונית אטלנטי סלמון מעושן 180ג,,,ביצי דג טרוטונית אטל,יחידה,0.00,יחידה,false,,15.90,0.0000,true,1,246191
4810168016104,false,ביצי דג טרוטונית אטלנטי חסילונים 180 גר,,,ביצי דג טרוטונית אטל,יחידה,0.00,יחידה,false,,15.90,0.0000,true,1,246193
4810168018795,false,חתיכות פילה דג הרינג מלוח מצונן 200גרם,סנטה ברמור,BY,חתיכות פילה דג הרינג,יחידה,0.00,יחידה,false,,13.90,0.0000,true,1,246194
4810168019051,false,חתיכות פילה דג הרינג מלוח מצונן עם תבלין 200גרם,סנטה ברמור,BY,חתיכות פילה דג הרינג,יחידה,0.00,יחידה,false,,13.90,0.0000,true,1,246195
4810168020309,false,אצות ים מוחמצות 150 גר,,,אצות ים מוחמצות 150ג,יחידה,0.00,יחידה,false,,5.90,0.0000,true,1,246196
4810168020330,false,אצות ים מוחמצות פטריות 150 גר,,,אצות ים מוחמצות עם פ,יחידה,0.00,יחידה,false,,5.90,0.0000,true,1,246197
4810168024260,false,ביצי דג שיבוט מומלח מצונן 130 גר,,,ביצי דהג שיבוט מומלח,יחידה,0.00,יחידה,false,,15.90,0.0000,true,1,246200
4810168025793,false,ביצי דג זהבנון מומלח מצונן 130 גר,,,ביצי דהג זהבנון מומל,יחידה,0.00,יחידה,false,,15.90,0.0000,true,1,246202
4810168031794,false,ביצי דג הרינג אטלנטי מומלח מצונן 110 גר,,,ביצי דהג הרינג אטלנט,יחידה,0.00,יחידה,false,,15.90,0.0000,true,1,246204
4810168035785,false,ממרח עם קריל מצונן 1,,BY,ממרח עם קריל מצונן 1,יחידה,0.00,יחידה,false,,14.90,0.0000,true,1,246205
4810168055004,false,כיסונים במילוי אוכמניות כחולות מוקפאים 4,,BY,כיסונים במילוי אוכמנ,יחידה,0.00,יחידה,false,,19.90,0.0000,true,1,246229
4810168055028,false,כיסונים במילוי דובדבנים מוקפאים 450 גרם,,BY,כיסונים במילוי דובדב,יחידה,0.00,יחידה,false,,19.90,0.0000,true,1,246231
4810168055035,false,כיסונים במילוי טבורוג וצימוקים מוקפאים,,BY,כיסונים במילוי טבורו,יחידה,0.00,יחידה,false,,15.90,0.0000,true,1,246232
4810168055875,false,חתיכות פילה דג הרינג מתובל מומלח בשמן,,,חתיכות פילה דג הרינג,יחידה,0.00,יחידה,false,,44.90,0.0000,true,1,246239
4810168055882,false,חתיכות פילה דג הרינג מומלח בשמן מצונן,,,חתיכות פילה דג הרינג,יחידה,0.00,יחידה,false,,44.90,0.0000,true,1,246240
4810168055899,false,פילה דג הרינג מומלח בשמן מצונן 1200 גרם,,,פילה דג הרינג מומלח,יחידה,0.00,יחידה,false,,44.90,0.0000,true,1,246241
4810168055905,false,פילה דג הרינג סקנדינבי מומלח בשמן מצונן,,,פילה דג הרינג סקנדינ,יחידה,0.00,יחידה,false,,44.90,0.0000,true,1,246242
4810168057435,false,חתיכות פילה דג XXLהרינג מלוח בשמן מצונן 400 גר,,RU,חתיכות פילה דג הרינג,גרמים,400.00,100 גרם,false,,27.90,0.0697,true,1,252780
4810168057510,false,חתיכות פילה דג הרינג מתובל מלוח בשמן 400 גר,,,חתיכות פילה דג הרינג,גרמים,400.00,100 גרם,false,,27.90,0.0697,true,1,252781
4810168058975,false,חתיכות פילה דג הרינג סקנדינבי מלוח מצונן 260 גר,סנטה ברמור,BY,פילה דג הרינג סקנדינ,גרמים,260.00,100 גרם,false,,18.90,0.0727,true,1,262351
4810168058982,false,חתיכות פילה דג הרינג סקנדינבי מלוח בשמן 400 גר,סנטה ברמור,BY,חתיכות פילה דג הרינג,גרמים,400.00,100 גרם,false,,27.90,0.0697,true,1,262350
4810168058999,false,פילה דג הרינג סקנדינבי מלוח מצונן 250 גר,סנטה ברמור,BY,פילה דג הרינג סקנדינ,יחידה,0.00,יחידה,false,,13.90,0.0000,true,1,262352
4820000190985,false,"בירה אובולון ירוק פחית 500 מ""ל",OBOLON,,בירה OBOLON לאגר בפח,יחידה,0.00,יחידה,false,,7.90,0.0000,true,1,187301
4820097899150,false,"קוקטייל מוכן גין אשכוליות 330 מ""ל",,UA,בקבוק שייק גין אושכל,מיליליטרים,300.00,"100 מ""ל",false,,7.90,0.0263,true,1,220990
4820181420444,false,וודקה נמירוף אורגינל,,,וודקה נמירוף אורגינל,יחידה,0.00,יחידה,false,,59.90,0.0000,true,1,238155
4820181420628,false,"וודקה וודקה נמירוף נמירוף אוריגינל 700 מ""ל",,,"וודקה אורגינל 700 מ""",מיליליטרים,700.00,"100 מ""ל",false,,59.90,0.0856,true,1,174613
4820181420635,false,וודקה אוריגינל 1 ליט,,,וודקה אוריגינל 1 ליט,ליטרים,1.00,ליטר,false,,79.90,79.9000,true,1,184285
4820181420765,false,וודקה נמירוף חיטה מו,,,וודקה נמירוף חיטה מו,ליטרים,1.00,ליטר,false,,79.90,79.9000,true,1,184288
4820181420901,false,"וודקה נמירוף פלפל ודבש 700 מ""ל",,,וודקה נמירוף פלפל דב,מיליליטרים,700.00,"100 מ""ל",false,,59.90,0.0856,true,1,174614
4823077611933,false,אסורטי אליגנט 145 גר רושן,קייב קרמנציק,,בונבוניירה רושן אסור,יחידה,0.00,יחידה,false,,18.90,0.0000,true,1,246043
4823077621635,false,חטיף שוקולד רושן בטעם חלב 72 גרם,Unknown,,אישי וופל רושן בטעם,יחידה,0.00,יחידה,false,,3.90,0.0000,true,1,252750
4823077621642,false,חטיף שוקולד רושן בטעם שוקולד 72 גר,Unknown,,אישי וופל רושן בטעם,יחידה,0.00,יחידה,false,,3.90,0.0000,true,1,252751
4823077621659,false,חטיף שוקולד רושן בטעם אגוז 72 גר,Unknown,,אישי וופל רושן בטעם,יחידה,0.00,יחידה,false,,3.90,0.0000,true,1,252752
4823077622359,false,אסורטי שוקולאטריה רושן 256 גר,,UA,בונבוניירה רושן אסור,יחידה,0.00,יחידה,false,,34.90,0.0000,true,1,246059
4823077624223,false,"רושן ממתקי סוכריות ג'ילי ""בוני פרוט"" בטעמי פירות 200 גר",רושן Roshen,UA,רושן ממתקי סוכריות ג,יחידה,0.00,יחידה,false,,6.90,0.0000,true,1,246065
4823077624247,false,"רושן ממתקי סוכריות ג'ילי ""בוני פרוט"" בטעם הדרים 200 גר",רושן Roshen,UA,רושן ממתקי סוכריות ג,יחידה,0.00,יחידה,false,,6.90,0.0000,true,1,246066
4823077624261,false,גילי בוני פרוט 200 גר BERRY MIX,,,רושן ממתקי סוכריות ג,יחידה,0.00,יחידה,false,,6.90,0.0000,true,1,246067
4823077625602,false,וופל וואפרס שוקולד רושן 216 גר,,UA,וופל רושן בטעם שוקול,יחידה,0.00,יחידה,false,,6.90,0.0000,true,1,246072
4823077625626,false,וופל וואפרס אגוז רושן 216 גר,,UA,וופל רושן בטעם אגוז,יחידה,0.00,יחידה,false,,6.90,0.0000,true,1,246073
4823077625879,false,אסורטי רושן 145 גר COMPLIMENT,קייב קרמנציק,UA,בונבוניירה רושן 145,יחידה,0.00,יחידה,false,,18.90,0.0000,true,1,246074
4823077631467,false,קרקר עם מלח ים רושן 168 גר HI DAY,רושן,,קרקר עם מלח ים רושן,יחידה,0.00,יחידה,false,,4.90,0.0000,true,1,246092
4823077631474,false,קרקר קלאסי רושן 168 גר HI DAY,רושן,,קרקר קלאסי רושן 168,יחידה,0.00,יחידה,false,,4.90,0.0000,true,1,246093
4823077633317,false,"עוגיות ""LOVITA"" שוקולד עם חתיכות שוקולד 150 גר",,,"עוגיות ""LOVITA"" שוקו",יחידה,0.00,יחידה,false,,6.90,0.0000,true,1,246105
4823077633324,false,"עוגיות שוקוצ'יפס "" LOVITA"" חתיכות שוקולד 150גר",,,"עוגיות שוקוצ'יפס "" L",יחידה,0.00,יחידה,false,,6.90,0.0000,true,1,246106
4823077633331,false,"עוגיות רושן ""LOVITA"" בטעם תפוז 150 גר",,,"עוגיות רושן ""LOVITA""",יחידה,0.00,יחידה,false,,6.90,0.0000,true,1,246107
4823077633348,false,"עוגיות רושן ""LOVITA"" עם חתיכות בוטנים 150 גר",,,"עוגיות רושן ""LOVITA""",יחידה,0.00,יחידה,false,,6.90,0.0000,true,1,246108
4823077633409,false,עוגיות רושן לוויטה ב,,,"עוגיות רושן ""LOVITA""",יחידה,0.00,יחידה,false,,6.90,0.0000,true,1,246110
4823077634222,false,עוגיות Lovita ממולאות ג'לי תפוז מצופות צימקאו,רושן Roshen,,עוגיות תפוז 135 גר L,יחידה,0.00,יחידה,false,,6.90,0.0000,true,1,246114
4823077634246,false,עוגיות Lovita ממולאות ג'לי פטל מצופות צימקאו,רושן Roshen,,עוגיות פטל 135 גר LO,יחידה,0.00,יחידה,false,,6.90,0.0000,true,1,246115
4823077634277,false,עוגיות Lovita ממולאות ג'לי תות שדה מצופות צימקאו,רושן Roshen,,עוגיות תות שדה 135 ג,יחידה,0.00,יחידה,false,,6.90,0.0000,true,1,246116
4823077634413,false,"עוגות אישיות ""TOO COOL"" תות שדה 270 גר",,,"עוגות אישיות ""TOO CO",יחידה,0.00,יחידה,false,,13.90,0.0000,true,1,246118
4823077634420,false,"עוגות אישיות ""TOO COOL"" חלב 270 גר 6 יחידות",,,"עוגות אישיות ""TOO CO",יחידה,0.00,יחידה,false,,13.90,0.0000,true,1,246119
4823077636059,false,עוגיות קקאו דובדבן 420 גר LOVITA,,UA,עוגיות קקאו דובדבן 4,גרמים,420.00,100 גרם,false,,16.90,0.0402,true,1,252758
4823077636097,false,עוגיות פטל לוביטה 42,,,עוגיות פטל 420 גרם L,גרמים,420.00,100 גרם,false,,16.90,0.0402,true,1,252755
4823092700964,false,חלבה חמניות עם בוטנים 200 גרם,או.או.או. דרוזקבסקיי,,חלבה חמניות עם בוטני,גרמים,200.00,100 גרם,false,,4.50,0.0225,true,1,164504
4840008018302,false,דובשניות בסגנן כפרי 400 גרם פרנצלוטה,Franzeluta,,דובשניות בסגנון כפרי,גרמים,400.00,100 גרם,false,,8.90,0.0223,true,1,175604
4840008018319,false,דובשניות עם שזיף 400 גרם פרנצלוטה,פרנזלוטה,,דובשניות עם שזיף 400,גרמים,400.00,100 גרם,false,,8.90,0.0223,true,1,175605
4840008018333,false,דובשניות טעם דבש 400 גרם פרנצלוטה,פרנזלוטה,,דובשניות בטעם דבש 40,גרמים,400.00,100 גרם,false,,8.90,0.0223,true,1,167382
4840008018371,false,דובשניות סברנייה 400 גרם פרנצלוטה,פרנזלוטה,MD,דובשניות סברנייה 400,גרמים,400.00,100 גרם,false,,8.90,0.0223,true,1,167383
4840008019521,false,עוגיות בצק עלים לבבות דקל פרנצלוטה 350 ג,פרנזלוטה,,עוגיות בצק עלים לבבו,יחידה,0.00,יחידה,false,,10.90,0.0000,true,1,175591
4840008031806,false,דובשניות טעם חלב מרוכז 400 גר פרנצלוטה,Franzeluta,,דובשניות בטעם חלב מר,גרמים,400.00,100 גרם,false,,8.90,0.0223,true,1,171541
4840008040075,false,350 עוגיות אוזניים עם קינמון גר,FRANZELUTA,MD,עוגיות אוזניים מבצק,יחידה,0.00,יחידה,false,,10.90,0.0000,true,1,241519
4860004070173,false,יין אלזאני חצי מתוק 750 מל,GWS,,אולד טיבליסי אלאזאני,יחידה,0.00,יחידה,false,,34.90,0.0000,true,1,265113
4860004070227,false,יין אלזאני לבן מתוק 750 מל,GWS,,אולד טביליסי אלאזאני,יחידה,0.00,יחידה,false,,34.90,0.0000,true,1,265114
4860019001346,false,בורז'ומי מים מינרליים טבעיים 500מ'ל חדש,אי די אס בורגומי,,"ברז'ומי מים 500 מ""ל",מיליליטרים,500.00,"100 מ""ל",false,,6.90,0.0138,true,1,127852
4865602000010,false,מים נבגלוי בזכוכית 500 מל,נבגלבי,GE,נבגלבי מים מינרלים מ,מיליליטרים,500.00,"100 מ""ל",false,,6.90,0.0138,true,1,169501
4865602000027,false,"מים מינרלים מוגזים ""נבגלבי"" 1 ליטר PET",נבגלבי,GE,נבגלבי מים מינרלים מ,ליטרים,1.00,ליטר,false,,7.90,7.9000,true,1,197096
4891228302023,false,ס.גילוח שיק אקסטרים 3 אולטימייט לגבר 4 י,שיק Schick,,שיק אקסטרים 3 אולטימ,יחידה,4.00,יחידה,false,,19.90,4.9750,true,1,162521
4891228308032,false,שיק סכינים גילוח אינטואישן ידית + 5,ארץ ייצור סכינים: אר,CN,שיק אינטואישן אישה מ,יחידה,0.00,יחידה,false,,79.90,0.0000,true,1,209505
4891228430061,false,סכיני גילוח שיק אקזקטה 2 לנשים ורוד 10 יח',הנסיך- מפעל לייצור ט,CN,שיק אקזקטא2 נשים 10,יחידה,10.00,יחידה,false,,24.90,2.4900,true,1,265218
4891228430085,false,סכין גילוח שיק אקסטרים 3 כחול 4 יחידות,אנרג'יזר Energizer,CN,שיק אקסטרים3 ס.גילוח,יחידה,4.00,יחידה,false,,19.90,4.9750,true,1,124703
4891228430092,false,שיק אקסטרים 3 קומפורט +לנשים 4 יחידות,אנרג'יזר Energizer,CN,שיק אקסטרים3 ס.גילוח,יחידה,4.00,יחידה,false,,19.90,4.9750,true,1,124704
4891228460242,false,שיק קוואטרו חד פעמי לנשים 3 יחידות,אנרג'יזר Energizer,CN,סכיני גילוח שיק קווא,יחידה,3.00,יחידה,false,,32.00,10.6667,true,1,124709
4902430862141,false,מכונת גילית מאתש 3 חדש,,,מכשיר מאך + סכין,יחידה,0.00,יחידה,false,,16.90,0.0000,true,1,244681
4902430906456,false,*מבצע* מברשת שיניים,,,*מבצע* מברשת שיניים,יחידה,0.00,יחידה,false,,14.90,0.0000,true,1,245869
4902765102233,false,תערובת תיבול פוריקקה,,JP,תערובת תיבול לאורז פ,יחידה,0.00,יחידה,false,,21.90,0.0000,true,1,249033
4903001904192,false,"רוטב סויה יאמסה פרימיום 500 מ""ל",הדקלאים אגודת שיתופי,JP,יאמסה רוטב סויה 500,מיליליטרים,500.00,"100 מ""ל",false,,18.90,0.0378,true,1,115354
4903001904208,false,רוטב סויה פרימיום יאמסה 1 ליטר,הדקלאים אגודת שיתופי,JP,יאמסה רוטב סויה פרימ,ליטרים,1.00,ליטר,false,,34.90,34.9000,true,1,238021
4903001925784,false,"רוטב סויה יאמאסה פרמיום דל מלח 500 מ""ל",הדקלאים אגודת שיתופי,JP,יאמאסה רוטב סויה פרי,מיליליטרים,500.00,"100 מ""ל",false,,18.90,0.0378,true,1,115356
4903001930993,false,"רוטב טריאקי יאמאסה 500 מ""ל",ליימן מותגים,JP,יאמאסה רוטב טריאקי 5,מיליליטרים,500.00,"100 מ""ל",false,,18.90,0.0378,true,1,160442
4987176037077,false,רביעיית מברשות אורל בי פחם,,,אוראל Bרביעיית מברשו,יחידה,0.00,יחידה,false,,14.90,0.0000,true,1,256062
4987176054302,false,גילט פיוזן מכשיר+סכין בקופסא מהודרת,,,ג'ילט פיוז'ן מכשיר+ס,יחידה,0.00,יחידה,false,,29.90,0.0000,true,1,238271
4987176071545,false,מברשות שיניים אורל בי שישייה,,,מברשת שיניים אורל בי,יחידה,0.00,יחידה,false,,14.90,0.0000,true,1,249411
4996445000117,false,קינגדאו אטריות סובה,Qingdao Sun-growing,,קינגדאו אטריות סובה,גרמים,300.00,100 גרם,false,,11.90,0.0397,true,1,249146
5000111047364,false,רוטב ברביקיו דבש 465 גרם,היינץ,NL,HP ברביקיו דבש 465 ג,גרמים,465.00,100 גרם,false,,15.90,0.0342,true,1,176617
5000111047371,false,רוטב ברביקיו קלאסי 465 גרם,היינץ,,HP ברביקיו קלאסי 465,גרמים,465.00,100 גרם,false,,15.90,0.0342,true,1,176618
5000127163195,false,דגני בוקר קלוגס ספיישל קיי 500גרם,חברת קלוגס בריטניה,GB,קלוגס ספיישל קיי 500,גרמים,500.00,100 גרם,false,,23.90,0.0478,true,1,141477
5000146057710,false,ספריי רב שימושי לחלונות ומשטחים ווינדולין Windolene,רקיט בנקיזר,PL,וינדולין ספריי 750 מ,מיליליטרים,750.00,"100 מ""ל",false,,8.90,0.0119,true,1,132694
5000146401568,false,וולייט דפים למניעת העברת צבע 10 דפים,ווליט Woolite,IT,לכביסה ווליט דפים שו,יחידה,10.00,יחידה,false,,14.90,1.4900,true,1,132698
5000146980322,false,קרם להסרת שיער לעור רגיל מועשר בחלב לוטוס ויסמין,רקיט בנקיזר צרפת,FR,ויט קרם הסרת שיער פר,יחידה,0.00,יחידה,false,,24.90,0.0000,true,1,132699
5000157143365,false,מתבל בטעם מיונז וקטשופ היינץ 425 ג',היינץ Heinz,PL,היינץ מתבל בטעם מיונ,מיליליטרים,425.00,"100 מ""ל",false,,15.90,0.0374,true,1,204425
5000159020312,false,מלטיזרס אריזה קטנה 37 גרם,מלטיזרס Maltesers,NL,מלטיזרס חטיף 37 גרם,יחידה,0.00,יחידה,false,,5.00,0.0000,true,1,115872
5000159376655,false,סוכריות SKITTLES פירות קטן 38 גרם אדום,ריגלי ממתקים,NL,סקיטלס פירות 38ג,יחידה,0.00,יחידה,false,,3.00,0.0000,true,1,124485
5000159376792,false,סוכריות סקיטלס Skittles פירות חמוצים,ריגלי ממתקים,NL,סקיטלס פירות חמוצים,יחידה,0.00,יחידה,false,,3.00,0.0000,true,1,124486
5000159407236,false,חטיף מרס שוקולד עם ק,מרס הולנד בי.וי.,NL,מרס חטיף שוקולד 51 ג,גרמים,51.00,100 גרם,false,,3.90,0.0765,true,1,115880
5000159409179,false,מארז חטיפי מיני סניקרס Snickers,סניקרס Snickers,NL,סניקרס מיני 403 גרם,גרמים,403.00,100 גרם,false,,22.90,0.0568,true,1,115882
5000159414197,false,מלטיזרס-כדורים פריכים בציפוי שוולד חלב 135 גרם,מרס שוקולד צ.אמריקה,NL,מלטיזרס 135 גרם,גרמים,135.00,100 גרם,false,,11.90,0.0881,true,1,262535
5000159452977,false,מיקס שקית מיניס 400 גרם מרס-באונטי-טוויק,מרס הולנד בי.וי.,NL,מיני מיקס 400 גרם,גרמים,400.00,100 גרם,false,,22.90,0.0572,true,1,115885
5000159459228,false,חטיף שוקולד טוויקס 50 ג',"נארז ע""י : א.ג. גילר",NL,טוויקס חטיף 50 גרם,גרמים,50.00,100 גרם,false,,3.90,0.0780,true,1,115887
5000159461122,false,חטיף שוקולד סניקרס מקס קרמל 50 ג',"נארז ע""י : א.ג. גילר",NL,סניקרס חטיף 50 גרם,גרמים,50.00,100 גרם,false,,3.90,0.0780,true,1,115888
5000159483049,false,גלידה חטיף באונטי אק,Unknown,,חטיף באונטי 24 יח',יחידה,0.00,יחידה,false,,7.90,0.0000,true,1,225001
5000159483063,false,גלידה באונטי שמנת שי,פלדמן,IL,מאגדת באונטי,יחידה,0.00,יחידה,false,,24.90,0.0000,true,1,229966
5000159484695,false,מארז גלידה באונטי 6 יחידות,פלדמן,FR,מאגדת טוויקס,יחידה,0.00,יחידה,false,,24.90,0.0000,true,1,229968
5000159500692,false,בקבוק סלבריישן - מבחר חטיפי מיני שוקולד,מארס,NL,בקבוק סלבריישן,יחידה,0.00,יחידה,false,,39.90,0.0000,true,1,219328
5000159509633,false,מאגדת שלגון סניקרס ל,מארס שוקולד,FR,מאגדת סניקרס לבן,יחידה,0.00,יחידה,false,,24.90,0.0000,true,1,229969
5000159526081,false,"גלידת ""סניקרס"" חלבית עם בוטנים וקרמל מצופה שבבי אגוז 207 גר",,,גלידת סניקרס חלבית ע,גרמים,207.00,100 גרם,false,,24.90,0.1203,true,1,259058
5000159538640,false,באונטי מארז חטיף 57 גרם חמישייה,באונטי,NL,מאגדת באונטי חמישייה,יחידה,0.00,יחידה,false,,11.90,0.0000,true,1,236642
5000204114867,false,"גלייד אורסול בניחוח וניל 300 מ""ל",coster aerosol vail,TR,גלייד ארוסול בניחוח,מיליליטרים,300.00,"100 מ""ל",false,,8.90,0.0297,true,1,203089
5000204114898,false,גלייד ארוסול מבשם אוויר ניחוח מרכך כביסה,אס.סי גונוסון,NL,גלייד אורסול בניחוח,מיליליטרים,300.00,"100 מ""ל",false,,8.90,0.0297,true,1,204699
5000204114928,false,"גלייד ארוסול בניחוח דובדבן 300 מ""ל",coster aerosol vail,TR,גלייד ארוסול בניחוח,מיליליטרים,300.00,"100 מ""ל",false,,8.90,0.0297,true,1,203085
5000204114959,false,"גלייד ארוסול בניחוח פריחה בלבן 300 מ""ל","אס.סי ג'ונסון,מידרכט",NL,גלייד אורסול בניחוח,מיליליטרים,300.00,"100 מ""ל",false,,8.90,0.0297,true,1,204700
5000204115048,false,גלייד ארוסול מבשם אוויר בניחוח לבנדר,"אס.סי ג'ונסון,מידרכט",NL,גלייד אורסול בניחוח,מיליליטרים,300.00,"100 מ""ל",false,,8.90,0.0297,true,1,203090
5000204151022,false,"פלדג' אירוסול לניקוי רהיטים לבנדר 250 מ""ל",פלדג',NL,פלדג לניקוי רהיט בני,מיליליטרים,250.00,"100 מ""ל",false,,12.90,0.0516,true,1,208898
5000204153729,false,מטהר אוויר גלייד מילוי אוטומטי לבנדר וניל,המאפיה של הרמן,TR,גלייד ספריי אוטומטי,מיליליטרים,269.00,"100 מ""ל",false,,14.90,0.0554,true,1,213899
5000204153842,false,מטהר אוויר גלייד מילוי אוטומטי וניל,המאפיה של הרמן,TR,גלייד מילוי ספריי או,מיליליטרים,269.00,"100 מ""ל",false,,14.90,0.0554,true,1,213900
5000204153903,false,מטהר אוויר גלייד מילוי אוטומטי מרכך כביסה,קוסטר אירוסול ואלף ס,TR,גלייד ספריי אוטומטי-,מיליליטרים,269.00,"100 מ""ל",false,,14.90,0.0554,true,1,213901
5000204155815,false,"מארז גלייד אוטומטי וניל 269 מ""ל",גלייד,,גלייד מארז אוטומטי ב,גרמים,400.00,100 גרם,false,,45.00,0.1125,true,1,213897
5000204182026,false,גלייד מוצק בניחוח אודיסאה הכחולה 180גר,במה פולסקה,PL,גלייד ג'ל ריחני בניח,יחידה,0.00,יחידה,false,,14.90,0.0000,true,1,239219
5000204182057,false,מטהר אוויר גלייד מוצק בניחוח לבנדר,במה פולסקה,PL,גלייד ג'ל ריחני בניח,יחידה,0.00,יחידה,false,,14.90,0.0000,true,1,239218
5000204243000,false,"נוזל לאסלה אפרסק על חלל 750 מ""ל דאק",טואלט דאק (ג'ונסון),NL,דאק נוזל אפרסק על חל,מיליליטרים,750.00,"100 מ""ל",false,,9.90,0.0132,true,1,254238
5000204243031,false,"נוזל לאסלה ירח פורח 750 מ""ל דאק",טואלט דאק (ג'ונסון),NL,דאק נוזל ירח פורח 7,מיליליטרים,750.00,"100 מ""ל",false,,9.90,0.0132,true,1,254239
5000204254617,false,סבון מוצק לאסלה ירח פורח 38.6 ג' דאק,דאופלור אס.פי.אי כונ,IT,דאק סבון מוצק לאסלה,יחידה,0.00,יחידה,false,,6.90,0.0000,true,1,254236
5000204657883,false,קיווי משחת נעליים בקופסא חום 50 מל,ג' אל ראיה בוגור ג'א,ID,קיווי משחת נעליים חו,יחידה,0.00,יחידה,false,,7.90,0.0000,true,1,139880
5000204657913,false,קיווי משחת נעליים בקופסא שחור 50 מל,ג' אל ראיה בוגור,ID,קיווי משחת נעליים שח,יחידה,0.00,יחידה,false,,7.90,0.0000,true,1,139881
5000204658187,false,"קיווי נוזל נעליים קראון שחור 75 מ""ל",אס' סי' ג'ונסון במה,ID,קיווי נוזל נעליים שח,יחידה,0.00,יחידה,false,,16.90,0.0000,true,1,139884
5000204886566,false,"תרסיס מנקה, מזין ומגן על העץ עם שמן תפוז טבעי",Jonson ג'ונסון,US,"פלדג 475 מ""ל ORANGE",יחידה,475.00,יחידה,false,,32.00,0.0674,true,1,139893
5000209145514,false,"שטיפת פה ירוק מנטה עדין נשימה רעננה קולגייט פלאקס 250 מ""ל",קולגייט- פלמוליב,BR,קולגייט פלקס ירוק 25,מיליליטרים,250.00,"100 מ""ל",false,,14.90,0.0596,true,1,243168
5000213000359,false,בירה גינס אקסטרא סטאוט,קרלסברג יבוא יצוא,,בירה גינס בקבוק 330,מיליליטרים,330.00,"100 מ""ל",false,,14.90,0.0452,true,1,138679
5000267014203,false,ויסקי גוני ווקר אדום,אלכוהול (איי.בי.בי),,גוני ווקר רד לייבל 7,מיליליטרים,700.00,"100 מ""ל",false,,99.90,0.1427,true,1,105221
5000267014234,false,וויסקי ג'וני ווקר רד לייבל Red label,ג'וני ווקר Johnnie walker,,גוני ווקר רד לייבל 7,מיליליטרים,700.00,"100 מ""ל",false,,99.90,0.1427,true,1,122468
5000267024202,false,ויסקי גוני ווקר בלאק,אלכוהול (איי.בי.בי),,ג'וני ווקר שחור בלאק,מיליליטרים,700.00,"100 מ""ל",false,,134.90,0.1927,true,1,105224
5000267024233,false,"וויסקי ג'וני בלאק לייבל עם פורר 700מ""ל",ג'וני ווקר Johnnie walker,,ג'וני ווקר שחור בלאק,מיליליטרים,700.00,"100 מ""ל",false,,134.90,0.1927,true,1,105675
5000267116303,false,מארז וויסקי גוני ווקר דאבל בלק 700 מל,אלכוהול (איי.בי.בי),,גוני ווקר דאבל בלאק,מיליליטרים,700.00,"100 מ""ל",false,,169.90,0.2427,true,1,219582
5000267134710,false,"וויסקי גוני ווקר ירוק 15 750 מ""ל",,,גוני ווקר גרין 700 מ,מיליליטרים,700.00,"100 מ""ל",false,,229.90,0.3284,true,1,269529
5000281040899,false,"רום קפטן מורגן וייט 750 מ""ל",קפטן מורגן Captain Morgan,,קפטן מורגן לבן 700 מ,מיליליטרים,700.00,"100 מ""ל",false,,99.90,0.1427,true,1,220639
5000329002193,false,משקה ג'ין ביפאיטר 70,פרנו ריקרד יורו,,"ביפאיטר ג'ין 700 מ""ל",מיליליטרים,700.00,"100 מ""ל",false,,99.90,0.1427,true,1,223273
5000394137486,false,רביעיות סוללות אופטימום AA דורסל,פרוקטר אנד גמבל,BE,סוללות דורסל אופטימו,יחידה,4.00,יחידה,false,,19.90,4.9750,true,1,248376
5000394140899,false,סוללות AA דורסל פלוס - 8 יח',דורסל Duracell,,דורסול שמיניות AA פל,יחידה,0.00,יחידה,false,,19.90,0.0000,true,1,259372
5000394141179,false,סוללות AAA דורסל פלוס - 8 יח',דורסל Duracell,,דורסול שמיניות AAA פ,יחידה,0.00,יחידה,false,,19.90,0.0000,true,1,259373
5000394141827,false,סוללת דורסל סי פלוס,פרוקטר אנד גמבל,US,סוללה דורסל C פלוס פ,יחידה,0.00,יחידה,false,,26.90,0.0000,true,1,266324
5000394203921,false,זוג סוללות ליתיום 2032 דורסל,דורסל Duracell,CN,דורסל סוללת ליתיום ז,יחידה,0.00,יחידה,false,,26.90,0.0000,true,1,186960
5000396037531,false,מקוויטיס ביסקוויט מצופה שוקולד חלב 200 גרם,ברנדס סרטרה נשיונל,GB,מקוויטיס ביסקוויט מצ,גרמים,200.00,100 גרם,false,,11.90,0.0595,true,1,176259
5000396037944,false,מקוויטיס ביסקוויט אורגינל 250 גרם,ברנדס סרטרה נשיונל,GB,מקוויטיס ביסקוויט קל,גרמים,250.00,100 גרם,false,,10.90,0.0436,true,1,176240
5010026515919,false,מורנפלייק מוזלי נאטי 650 גרם,מורנפלייק Mornflake,GB,מוזלי קריספי נאטי 65,יחידה,0.00,יחידה,false,,24.90,0.0000,true,1,230785
5010026515933,false,מורנפלייק מוזלי פירות ואגוזים 750 גרם,מורנינג פוד,GB,מוזלי קריספי פירות ו,יחידה,0.00,יחידה,false,,24.90,0.0000,true,1,230786
5010026515940,false,מורנפלייק מוזלי פרוטי 750 גרם,מורנפלייק Mornflake,GB,מוזלי קריספי פרוטי,יחידה,0.00,יחידה,false,,24.90,0.0000,true,1,230787
5010029219241,false,דגני בוקר וויטביקס מיני שוקולציפס 450 גר,וויטביקס Weetabix,,וויטביקס קריספי מיני,גרמים,450.00,100 גרם,false,,23.90,0.0531,true,1,223197
5010029221084,false,דגני וויטביקס פרוטאין קראנץ' בטעם מקורי,טרופיקל דגיל תעשיות,,וויטביקס פרוטאין קרנ,גרמים,450.00,100 גרם,false,,28.90,0.0642,true,1,180681
5010123703585,false,ליסטרין שטיפת פה קולמינט 500 מל,גונסון אנד גונסון,IT,"ליסטרין מי פה 500 מ""",מיליליטרים,500.00,"100 מ""ל",false,,19.90,0.0398,true,1,266953
5010134916677,false,יין קומאלה שיראז 750,,,קומאלה שיראז,יחידה,0.00,יחידה,false,,34.90,0.0000,true,1,192962
5010182996799,false,ג'ל אסלה מנטרל ריחות בניחוח פרחי בר ורודים,דאופלור אס.פי.אי איט,IT,דאק ג'ל אסלה בניחוח,יחידה,55.00,יחידה,false,,11.00,0.2000,true,1,139897
5010182997253,false,רייד תרסיס קוטל ג'וקים/תיקנים 300 מל,אס.סי.ג'ונסון מידרכט,NL,רייד ארוסול קוטל ג'ו,מיליליטרים,300.00,"100 מ""ל",false,,12.90,0.0430,true,1,139899
5010182997338,false,דאק ג'ל לניקוי אסלות בניחוח רענן 55 מל,"איטיליאן פוד, אס.פי.",IT,ט.דאק ג'ל אסלה ניחוח,גרמים,55.00,100 גרם,false,,11.00,0.2000,true,1,139900
5010182997680,false,"רייד ארוסול קוטל נמלים - 300 מ""ל",אס.סי.ג'ונסון מידרכט,NL,רייד ארוסול קוטל נמל,מיליליטרים,300.00,"100 מ""ל",false,,12.90,0.0430,true,1,139904
5010182997918,false,דאק ג'ל לניקוי אסלות בניחוח ים 55 מל,"איטיליאן פוד, אס.פי.",IT,ט.דאק ג'ל אסלה ניחוח,גרמים,55.00,100 גרם,false,,11.00,0.2000,true,1,139905
5010182998847,false,דאק נוזל לניקוי אסלות בניחוח ים 750 מל,מיוצר עי קונדיטוריית,NL,דאק נוזל לאסלה 750 כ,מיליליטרים,750.00,"100 מ""ל",false,,9.90,0.0132,true,1,139906
5010182998861,false,דאק נוזל לניקוי אסלות בניחוח רענן 750 מל,מיוצר עי קונדיטוריית,NL,ט דאק נוזל לאסלה 750,מיליליטרים,750.00,"100 מ""ל",false,,9.90,0.0132,true,1,139907
5010314302863,false,"מקאלן דאבל קאסק 12 שנים 700 מ""ל (כשר)",אדרינגטון,GB,מקאלן דאבל קאסק 12 ש,מיליליטרים,700.00,"100 מ""ל",false,,289.90,0.4141,true,1,233976
5010327000046,false,וויסקי גרנט'ס סקוטי,"איי, בי, אינבוו",,"גרנטס וויסקי 750 מ""ל",מיליליטרים,750.00,"100 מ""ל",false,,89.90,0.1199,true,1,128173
5010327000176,false,"וויסקי גלנפידיך מולט 12 שנה 700 מ""ל",גרנט'ס (William Gran,,גלנפידיך מולט ויסקי,מיליליטרים,750.00,"100 מ""ל",false,,189.90,0.2532,true,1,122480
5010327105215,false,וויסקי מאנקי שולדר Monkey Shoulder,וויליאם גרנט ובניו,GB,"מונקי שולדר 700 מ""ל",מיליליטרים,700.00,"100 מ""ל",false,,175.00,0.2500,true,1,244725
5010327325323,false,וויסקי גלנפידיך 18 שנה אנשנט רזרב 750,גרנט'ס (William Gran,,גלנפידיך 18 שנה אנשנ,יחידה,0.00,יחידה,false,,329.90,0.0000,true,1,268475
5010327399614,false,"גלנפידיך 12 אמריקן אווק כשר 700 מ""ל",וויליאם גרנטס ובניו,GB,גלנפידיך 12 שנה אמרי,מיליליטרים,700.00,"100 מ""ל",false,,169.90,0.2427,true,1,265308
5010391100703,false,ליקר דרמבו קלאסי 40%,גרנט'ס (William Gran,,"דרמבוי 700 מ""ל",מיליליטרים,700.00,"100 מ""ל",false,,169.90,0.2427,true,1,158113
5010394984577,false,פדיגרי דנטאסטיקס כלב קטן 110 גרם (7 יח')BP29V,פדיגרי Pedigree,HU,דנטה סטיקס 110 גרם,גרמים,110.00,100 גרם,false,,11.90,0.1082,true,1,201013
5010415333643,false,טומי טיפי זוג מוצצים לשימוש יומי 6-18,General,CN,טומי טיפי זוג מוצצים,יחידה,0.00,יחידה,false,,39.90,0.0000,true,1,198368
5010478482814,false,"סוכריות מטלוס פירות 1 ק""ג בשקית",,,"סוכריות 1ק""ג",קילוגרמים,1.00,"ק""ג",false,,36.90,36.9000,true,1,197361
5010478484818,false,"סוכריות מטלוס מנטה 1 ק""ג בשקית",,,"סוכריות מנטה 1 ק""ג",קילוגרמים,1.00,"ק""ג",false,,39.90,39.9000,true,1,197364
5010478485020,false,"סוכריות מטלוס לקריץ 1 ק""ג בשקית",,,"סוכריות 1ק""ג",קילוגרמים,1.00,"ק""ג",false,,36.90,36.9000,true,1,197365
5010622005029,false,חוט דנטלי אורל בי+שעווה מנטה,,,חוט דנטלי אורל בי עם,יחידה,0.00,יחידה,false,,9.90,0.0000,true,1,161966
5010677551281,false,"בקרדי בריזר לימון 275 מ""ל בקבוק",בקרדי בריזר Bacardi Breezer,BE,בקרדי בריזר לימון 27,מיליליטרים,275.00,"100 מ""ל",false,,14.00,0.0509,true,1,144342
5010677551397,false,"בקרדי בריזר לימון ליים 275 מ""ל",בקרדי בריזר Bacardi Breezer,BE,בקרדי בריזר בטעם לימ,מיליליטרים,275.00,"100 מ""ל",false,,14.00,0.0509,true,1,144343
5010677552387,false,"בקרדי בריזר אננס 275 מ""ל בקבוק",בקרדי בריזר Bacardi Breezer,BE,בקרדי בריזר אננס 275,מיליליטרים,275.00,"100 מ""ל",false,,14.00,0.0509,true,1,144344
5010677554398,false,"בקרדי בריזר אבטיח 275 מ""ל בקבוק",בקרדי בריזר Bacardi Breezer,BE,בקרדי בריזר אבטיח 27,מיליליטרים,275.00,"100 מ""ל",false,,14.00,0.0509,true,1,144345
5010677850100,false,וודקה גריי גוס בקבוק,בקרדי מרטיני,FR,וודקה גריי גוס 700 מ,מיליליטרים,700.00,"100 מ""ל",false,,124.90,0.1784,true,1,194331
5011007003227,false,וויסקי גיימיסון 1 ליטר,אייריש דיסטלריז,,וויסקי ג'יימסון 1 לי,ליטרים,1.00,ליטר,false,,129.90,129.9000,true,1,122482
5011013100132,false,"ויסקי בייליס אייריש קרים 750 מ""ל",r&a baileys,,בייליס אייריש קרם 75,מיליליטרים,750.00,"100 מ""ל",false,,99.90,0.1332,true,1,105239
5011013500703,false,"ליקר שרידנס 700 מ""ל",,,"ליקר שרידנס 700 מ""ל",מיליליטרים,700.00,"100 מ""ל",false,,59.90,0.0856,true,1,243353
5011348002910,false,"בירה אולד אמפייר אי.פי.איי 500 מ""ל",,GB,אולד אמפייר אי.פי.אי,מיליליטרים,500.00,"100 מ""ל",false,,15.90,0.0318,true,1,214625
5011348008479,false,"בירה קינג גובלין 500 מ""ל",ויצ'וויד,,בירה קינג גובלין 500,מיליליטרים,500.00,"100 מ""ל",false,,15.90,0.0318,true,1,210832
5011348018713,false,"בירה דיפ 61 בקבוק 500 מ""ל",,,"בירה דיפ 61 500 מ""ל",מיליליטרים,500.00,"100 מ""ל",false,,15.90,0.0318,true,1,214628
5011348019772,false,"בירה הובגובלין אי.פי.איי 500 מ""ל",ויצ'וויד,GB,הובגובלין אי.פי.איי,מיליליטרים,500.00,"100 מ""ל",false,,15.90,0.0318,true,1,210813
5011348023458,false,"בירה הובגובלין אי.פי.איי. פחית 500 מ""ל",,GB,הובגובלין אי.פי.איי,מיליליטרים,500.00,"100 מ""ל",false,,15.90,0.0318,true,1,224177
5011408027976,false,"ספריי לשיער רגיל לוריאל 400 מ""ל",לוריאל Loreal,,ספריי מייצב לשיער רג,מיליליטרים,400.00,"100 מ""ל",false,,39.90,0.0997,true,1,136814
5011417552247,false,"אירוויק מבשם אויר נטול גז בניחוח פשתן ופרחי לילך 345 מ""ל",איירוויק Air Wick,PL,"אירוויק 345 מ""ל נטול",מיליליטרים,345.00,"100 מ""ל",false,,14.90,0.0432,true,1,132712
5014271310428,false,מעדן דובדבנים שחורים ללא תוספת סוכר 284 גרם,המאפיה של הרמן,FR,סן דלפו מעדן דבדבן ש,גרמים,284.00,100 גרם,false,,19.90,0.0701,true,1,116725
5014271330426,false,מעדן אוכמניות כחולות ללא תוספת סוכר 284 גרם,סנדלפור St.dalfour,FR,סן דלפו מעדן אוכמניו,גרמים,284.00,100 גרם,false,,19.90,0.0701,true,1,168342
5014271350424,false,מעדן ארבעה פירות ללא תוספת סוכר 284 גרם,המאפיה של הרמן,FR,סן דלפו מעדן ארבעה פ,גרמים,284.00,100 גרם,false,,19.90,0.0701,true,1,168343
5014271360423,false,"מעדן תפוזים לל""ס סאן דלפור 284 גרם",המאפיה של הרמן,FR,סן דלפו מעדן תפוז לל,גרמים,284.00,100 גרם,false,,19.90,0.0701,true,1,116728
5014271400426,false,"מעדן בטעם תות שדה לל""ס סאן דלפור 284 גרם",המאפיה של הרמן,FR,סן דלפו מעדן תות שדה,גרמים,284.00,100 גרם,false,,19.90,0.0701,true,1,116732
5014271795980,false,מעדן חמוציות ואוכמניות ללא תוספת סוכר 284 גרם,סנדלפור St.dalfour,FR,סן דלפו מעדן קרנברי,גרמים,284.00,100 גרם,false,,19.90,0.0701,true,1,168346
5014379009972,false,בירה לאגר באדוויזר פחית 500 מל,באדווייזר Budweiser,GB,בירה באדוויזר פחית 5,מיליליטרים,500.00,"100 מ""ל",false,,9.90,0.0198,true,1,199483
5023625004487,false,"בירה הובגובלין 500 מ""ל",ויצ'וויד,GB,בירה הובגובלין 500 מ,מיליליטרים,500.00,"100 מ""ל",false,,15.90,0.0318,true,1,210814
5024546356587,false,וויסקי גראנד מקניש 1 ליטר SCOTCH,אגדת,IL,ויסקי גראנד מקניש 1,ליטרים,1.00,ליטר,false,,94.90,94.9000,true,1,205550
5024546366609,false,"וויסקי 700 מ""ל LAUDERS SCOTCH",מקדוף אינטרנשנל דיסט,,"ויסקי לאודרס 700 מ""ל",מיליליטרים,700.00,"100 מ""ל",false,,84.90,0.1213,true,1,205551
5026489483993,false,חטיף עדשים סיסולט 45ג,קופרש סנק פודס,GB,חטיף עדשים סיסולט 40,יחידה,0.00,יחידה,false,,7.90,0.0000,true,1,227529
5029053002408,false,קלינקס - נייר טואולט קליניקס לבן 9 גלילים,קימברלי קלארק ישראל,IL,נייר טואלט קלינקס לב,יחידה,9.00,יחידה,false,,36.90,4.1000,true,1,112041
5029053002439,false,קלינקס - נייר טואולט קליניקס צהוב 9 גלילים,חוגלה קימברלי,GB,נייר טואולט קליניקס,יחידה,9.00,יחידה,false,,36.90,4.1000,true,1,215230
5029053032658,false,קלינקס ממחטות טישו שמינייה,חוגלה,IT,קלינקס אוריגנל ממחט,יחידה,0.00,יחידה,false,,5.90,0.0000,true,1,176286
5029053039725,false,ממחטות נייר קלינקס נטורל פרש קופסה 72 דף,קימברלי קלארק,IL,קלינקס נטורל פרש קופ,יחידה,72.00,יחידה,false,,9.90,0.1375,true,1,244916
5029053510811,false,תחבושות נורמל פלוס עם כנפיים קוטקס 28 יחידות,קימברלי קלארק,CZ,קוטקס תחבושות אולטרה,יחידה,28.00,יחידה,false,,18.90,0.6750,true,1,112045
5029053510828,false,תחבושות סופר פלוס עם כנפיים קוטקס 22יחידות,קימברלי קלארק,CZ,קוטקס תחבושות אולטרה,יחידה,24.00,יחידה,false,,18.90,0.7875,true,1,112046
5029053523446,false,קוטקס - תחבושות אולטרה נייט + כנפיים 20 יח',קימברלי קלארק,CZ,קוטקס תחבושות אולטרה,יחידה,20.00,יחידה,false,,18.90,0.9450,true,1,112047
5029053527574,false,תחתוני ספיגה לתופעת הרטבת לילה 4-7 האגיס,KC צ'כיה,CZ,האגיס דריי נייטס 7-4,יחידה,10.00,יחידה,false,,36.90,3.6900,true,1,112048
5029053527604,false,תחתוני ספיגה לתופעת הרטבת לילה 8-15 האגיס,KC צ'כיה,CZ,האגיס דריי נייטס 15-,יחידה,9.00,יחידה,false,,36.90,4.1000,true,1,112051
5029053534602,false,קוטקס טמפוני סופר ללא מוליך 32 יח,קוטקס,CZ,קוטקס טמפוני סופר 32,יחידה,32.00,יחידה,false,,23.90,0.7469,true,1,112058
5029053535227,false,טמפון עם מוליך נורמל קוטקס 16 יחידות,קוטקס,CZ,קוטקס טמפון עם מוליך,יחידה,16.00,יחידה,false,,23.90,1.4937,true,1,112060
5029053574158,false,האגיס פול אפס תח.גמילה לילה בנים 18 יחיד,KC צ'כיה,IL,האגיס פול אפס בנים ל,יחידה,12.00,יחידה,false,,46.90,3.9083,true,1,231603
5029053578309,false,קופסת ממחטות אולטרה סופט 48 דף קלינקס,קימברלי קלארק,IL,קלינקס אולטרה סופט ק,יחידה,72.00,יחידה,false,,8.90,0.1236,true,1,244917
5030544902992,false,גבינת צדר אנגלי 190 גר,,,ישרקו צדר אנגלי 190,יחידה,0.00,יחידה,false,,23.90,0.0000,true,1,192422
5030544903012,false,גבינת צדר מיושן 190 גר,,,ישרקו צדר מיושן 190,יחידה,0.00,יחידה,false,,23.90,0.0000,true,1,192413
5032678004979,false,"טוניק לייט פרנקלין 200 מ""ל",,GB,פרנקלין &סאנס טוניק,מיליליטרים,200.00,"100 מ""ל",false,,6.90,0.0345,true,1,234103
5032678006553,false,"פרנקלין & סאנס טוניק אשכולית אדומה וברגמוט 200 מ""ל",,GB,מי טוניק אשכוליות 2,מיליליטרים,200.00,"100 מ""ל",false,,6.90,0.0345,true,1,199193
5038342162419,false,"וויסקי סקוטי מק-איוור 700 מ""ל",קמבל מאייר,GB,וויסקי מק'איור,יחידה,0.00,יחידה,false,,59.90,0.0000,true,1,190563
5053827215862,false,קלוגס קוקו פופס שוקו 500ג',קלוגס Kellogg's,GB,קוקו פופס 500 גרם,גרמים,500.00,100 גרם,false,,19.90,0.0398,true,1,211159
5055966801012,false,וויסקי בושמילס אוריגינל 1 ליטר,,,בושמילס וויסקי אוריג,ליטרים,1.00,ליטר,false,,109.90,109.9000,true,1,171074
5059001003713,false,איירוויק - מקלות ריחניים בניחוח תאנה ופירות יער,רקיט בנקיזר,HU,אירוויק מקלות ריחניי,יחידה,0.00,יחידה,false,,14.90,0.0000,true,1,266902
5060045588128,false,"וויסקי גים בים לבן 700 מ""ל","איי, בי, אינבוו",US,גים בים לבן כשר 700,מיליליטרים,700.00,"100 מ""ל",false,,99.90,0.1427,true,1,184398
5060517886486,false,"מונסטר משקה אנרגיה קלאסי 500 מ""ל",מונסטר אנרג'י Monster Energy,RU,מונסטר אנרג'י פח 500,מיליליטרים,500.00,"100 מ""ל",false,,7.90,0.0158,true,1,203693
5060517886516,false,מונסטר אנרגי משקה אנרגיה אבסולוטלי זירו,מונסטר אנרג'י Monster Energy,RS,מונסטר אנרג'י זירו,מיליליטרים,500.00,"100 מ""ל",false,,7.90,0.0158,true,1,203694
5060639128051,false,"משקה אנרגיה מונסטר אולטרה פחית 500 מ""ל",מונסטר אנרג'י לימטד,RS,מונסטר אולטרה פח 500,מיליליטרים,500.00,"100 מ""ל",false,,7.90,0.0158,true,1,213975
5060751218173,false,"משקה אנרגיה מונסטר Pipline punch פח 500 מ""ל",מונסטר אנרג'י לימטד,RS,מונסטר אנרג'י פחית 5,מיליליטרים,500.00,"100 מ""ל",false,,7.90,0.0158,true,1,259686
5060751219033,false,מונסטר אנרגי משקה אנרגיה אולטרה פרדייז,מונסטר אנרג'י לימטד,IE,מונסטר אנרג'י פחית 5,מיליליטרים,500.00,"100 מ""ל",false,,7.90,0.0158,true,1,259687
5099873038758,false,וויסקי ג'נטלמן ג'ק Gentleman Jack,ג'ק דניאלס Jack Daniel's,US,וויסקי ג'נטלמן ג'ק 7,מיליליטרים,500.00,"100 מ""ל",false,,149.90,0.2998,true,1,217699
5200106871121,false,"יוגורט יווני 1 ק""ג",,GR,"יוגורט יווני 1 ק""ג",קילוגרמים,1.00,"ק""ג",false,,26.90,26.9000,true,1,195222
5201004020338,false,קפריס רולס קלאסיק 400 גרם,פפדופולוס,GR,קפריס רולס קלאסיק 40,גרמים,400.00,100 גרם,false,,19.90,0.0497,true,1,194721
5201004021328,false,קפריס רולס גלילי וופל במילוי קרם אגוזי לוז וקקאו,אי. ג'יי פאפאדופולוס,GR,כפריס גליליות ממולאו,גרמים,115.00,100 גרם,false,,8.90,0.0774,true,1,174937
5201178801047,false,"ניוואה קרם רב שימושי 150מ""ל",ביירסדורף,DE,"ניוואה קרם 150 מ""ל",גרמים,150.00,100 גרם,false,,19.90,0.1327,true,1,129240
5201178801054,false,"קרם רב שימושי ניוואה 250 מ""ל",טרופיקל דגיל תעשיות,DE,NIVEA CREAM 250ML,גרמים,250.00,100 גרם,false,,19.90,0.0796,true,1,200769
5201184897744,false,צלחות נייר 23 סמ 8 י,,,צלחות נייר 23 סמ 8 י,יחידה,0.00,יחידה,false,,10.00,0.0000,true,1,218177
5201320002049,false,"אוזו 7 700 מ""ל",,,עארק אוזו 7,יחידה,0.00,יחידה,false,,99.90,0.0000,true,1,154671
5201347160326,false,גל לשמירה על חיי מכונת הכביסה קלגון 750מ,RECKITT BENCKISER It,IT,"קלגון ג'ל 750 מ""ל",יחידה,0.00,יחידה,false,,29.90,0.0000,true,1,176750
5201347400545,false,רצועות שעווה מוכנות לשימוש לפנים ולאזורים רגישים,רקיט בנקיזר צרפת,FR,ויט ארומטיק רצועות ש,יחידה,18.00,יחידה,false,,24.90,1.3833,true,1,132729
5201583451110,false,"חטיף שוקולד חלב לל""ס",,,"חטיף שוקולד חלב לל""ס",יחידה,0.00,יחידה,false,,5.90,0.0000,true,1,177400
5201709114028,false,שוקולד איטליקי,,,שוקולד איטליקי,קילוגרמים,1.00,"ק""ג",true,,49.90,49.9000,true,1,209322
5201940010011,false,זיתים שחורים טבעיים בפח 454 גרם,סיוארס אס.איי,GR,זית שחור 454 גרם,גרמים,454.00,100 גרם,false,,14.90,0.0328,true,1,106455
5201940010110,false,זיתים שחורים קלמטה וילי פוד 250 גרם,סיוארס אס.איי,GR,זית קלמטה 454 גרם,גרמים,454.00,100 גרם,false,,16.30,0.0359,true,1,106456
5202175002451,false,טורטייה- מאפה על בסי,אל סבור מקסיקן פוד,TW,מזרח ומערב טורטיה 4,יחידה,4.00,יחידה,false,,8.90,2.2250,true,1,232164
5202413007019,false,ערק אוזו פלומארי 700,Plomari ouzo distill,GR,אוזו פלומארי כשר 700,מיליליטרים,700.00,"100 מ""ל",false,,119.90,0.1713,true,1,192351
5202460005921,false,שוקולד דאבל טוויסט 1,,,שוקולד דאבל טוויסט 1,קילוגרמים,1.00,"ק""ג",false,,49.90,49.9000,true,1,268082
5202460005990,false,"סנטה קלאוס 1 ק""ג",,,"סנטה קלאוס 1 ק""ג",יחידה,0.00,יחידה,false,,59.90,0.0000,true,1,268083
5202460006492,false,שוקולד סינגל טוויסט,,,שוקולד סינגל טוויסט,יחידה,0.00,יחידה,false,,49.90,0.0000,true,1,268084
5202460007611,false,סנטה קלאוס 60 ג',,,סנטה קלאוס 60 ג',יחידה,0.00,יחידה,false,,4.90,0.0000,true,1,201051
5202460007628,false,סנטה קלאוס 100 ג',,,סנטה קלאוס 100 ג',יחידה,0.00,יחידה,false,,6.90,0.0000,true,1,219835
5202460007642,false,שוקולד חלב לוח שנה כ,,,שוקולד חלב לוח שנה כ,יחידה,0.00,יחידה,false,,8.90,0.0000,true,1,268085
5202460007833,false,שקית סנטה קלאוס 100,,,שקית סנטה קלאוס 100,יחידה,0.00,יחידה,false,,7.90,0.0000,true,1,245229
5202460047556,false,שקית סנטה קלאוס 200,,,שקית סנטה קלאוס 200,גרמים,200.00,100 גרם,false,,10.90,0.0545,true,1,220224
5202460067806,false,כריסמס שוקולד מעורבב,,,כריסמס שוקולד מעורבב,גרמים,500.00,100 גרם,false,,29.90,0.0598,true,1,268086
5202460910805,false,סוכריות ג'לי 800 גרם,,,סוכריות ג'לי 800 גרם,גרמים,800.00,100 גרם,false,,19.90,0.0249,true,1,224137
5203819013444,false,אוזמו מלטמי מארז 700,,,אוזמו מלטמי מארז 700,מיליליטרים,700.00,"100 מ""ל",false,,79.90,0.1141,true,1,213949
5391523057929,false,סימילאק גולד שלב 1 תרכובת מזון על בסיס חלב,אבוט מעבדות רפואיות,IE,סימילאק גולד שלב 1 7,יחידה,0.00,יחידה,false,,69.90,0.0000,true,1,186080
5391523057936,false,סימילאק גולד שלב 2 תרכובת מזון על בסיס חלב,אבוט מעבדות רפואיות,IE,סימילאק גולד שלב 2 7,יחידה,0.00,יחידה,false,,69.90,0.0000,true,1,186081
5391523057943,false,סימילאק גולד שלב 3 תרכובת מזון על בסיס חלב,אבוט מעבדות רפואיות,IE,סימילאק גולד שלב 3 7,יחידה,0.00,יחידה,false,,69.90,0.0000,true,1,186082
5391523058063,false,סימילאק אדבנס פלוס 1 תרכובת מזון על בסיס חלב,טרופיקל דגיל תעשיות,IE,סימילאק אדוונס פלוס,גרמים,700.00,100 גרם,false,,64.90,0.0927,true,1,185996
5391523058070,false,סימילאק אדבנס פלוס 3 תרכובת מזון על בסיס חלב,טרופיקל דגיל תעשיות,IE,סימילאק אדוונס פלוס,גרמים,700.00,100 גרם,false,,64.90,0.0927,true,1,185997
5391523058087,false,סימילאק אדבנס פלוס 2 תרכובת מזון על בסיס חלב,טרופיקל דגיל תעשיות,IE,סימילאק אדוונס פלוס,גרמים,700.00,100 גרם,false,,64.90,0.0927,true,1,185998
5400265022796,false,המלט- שוקוליס דפדפי קריספי 125 גר,HAMLET NV,,המלט דפדפי שוקולד קר,גרמים,125.00,100 גרם,false,,17.90,0.1432,true,1,128385
5400265022802,false,המלט- שוקוליס דפדפי שוקולד 57% 125 גר,HAMLET NV,BE,המלט דפדפי שוק.מריר5,גרמים,125.00,100 גרם,false,,17.90,0.1432,true,1,128386
5400265022826,false,המלט- שוקוליס דפדפי תפוז קריספי 125 גר,HAMLET NV,,המלט דפדפי שוקולד קר,גרמים,125.00,100 גרם,false,,17.90,0.1432,true,1,128388
5410091648176,false,"פה - דאודורנט רול און לאישה פינק פרדייס 50 מ""ל",שוורצקופף והנקל,DE,פה דאודורנט רול און,מיליליטרים,50.00,"מ""ל",false,,11.90,0.2380,true,1,122058
5410091677992,false,"סאיוס - ספריי לשיער לייצוב מקסימלי 400 מ""ל",שוורצקופף והנקל,DE,סאיוס ספריי לשיער לי,מיליליטרים,400.00,"100 מ""ל",false,,30.00,0.0750,true,1,242237
5410091678012,false,"ספריי לשיער סאיוס לברק ועיצוב 400 מ""ל",הנקל סוד,SI,סאיוס ספריי לשיער לב,מיליליטרים,400.00,"100 מ""ל",false,,30.00,0.0750,true,1,122063
5410091708948,false,"סאיוס - מוס לשיער קרטין 250 מ""ל",הנקל סוד,SI,סאיוס מוס לשיער קרטי,מיליליטרים,250.00,"100 מ""ל",false,,27.90,0.1116,true,1,122066
5410091708955,false,"סאיוס - ספריי לשיער קרטין 400 מ""ל",שוורצקופף והנקל,DE,סאיוס ספריי לשיער קר,מיליליטרים,400.00,"100 מ""ל",false,,30.00,0.0750,true,1,122067
5410103161518,false,קרם יום עם פעולה משולשת לעור רגיל ומעורב,"לוריאל ישראל בע""מ",DE,דרמו פעולה משולשת רג,יחידה,0.00,יחידה,false,,49.90,0.0000,true,1,136827
5410103161617,false,קרם יום עם פעולה משולשת Triple active לעור יבש ועדין,"לוריאל ישראל בע""מ",DE,דרמו פעולה משולשת יב,יחידה,50.00,יחידה,false,,49.90,0.9980,true,1,136828
5410126006087,false,עוגיות לוטוס ארוזות בתפזורת 700 גרם,לוטוס ביקרי נ.וי.,BE,לוטוס עוגיות קרמל 70,גרמים,700.00,100 גרם,false,,25.90,0.0370,true,1,141492
5410126106022,false,מארז עוגיות לוטוס 250 גר*2,לוטוס ביקרי נ.וי.,BE,עוגיות לוטוס זוג 2*2,גרמים,500.00,100 גרם,false,,16.90,0.0338,true,1,246762
5410126106183,false,עוגיות לוטוס 50 יחידות ארוזות בנפרד 312 גרם,כלורוקס אוקלנד,BE,ביסקוויט קרמל 312 גר,יחידה,50.00,יחידה,false,,16.90,0.3380,true,1,141495
5410126116953,false,ממרח לוטוס ביסקויט קרמל 400 גרם,לוטוס בייקרי בלגיה נ,BE,לוטוס ממרח ביסקוויט,גרמים,400.00,100 גרם,false,,22.90,0.0572,true,1,141496
5410126716016,false,"עוגיות לוטוס ביסקויט קרמל בד""צ 250 גרם",לוטוס ביקרי בלגיה,BE,ביסקוויט בטעם קרמל ל,גרמים,250.00,100 גרם,false,,12.90,0.0516,true,1,141497
5410126726947,false,ממרח לוטוס ביסקויט קרמל קראנץ' 380 גרם,לוטוס בייקרי בלגיה נ,BE,לוטוס קראנץ ממרח עוג,גרמים,380.00,100 גרם,false,,23.90,0.0629,true,1,141498
5410173210055,false,רומבוטס קפה קלוי וטחון לפילטר 10 יח' 70 גרם,קופי רומבוטס,BE,רומבוסט קפה טחון וקל,יחידה,0.00,יחידה,false,,17.90,0.0000,true,1,115365
5410228267515,false,"שישיית בירה לאגר באדוויזר 6*330 מ""ל",באדווייזר Budweiser,GB,בירה באדוויזר שישייה,יחידה,6.00,יחידה,false,,39.90,6.6500,true,1,199482
5410291021991,false,צ`וקטה ממרח אגוזי לוז עם קקאו 700 גר`,צ'וקטה Chocketa,BE,צוקטה ממרח אגוזי לוז,גרמים,700.00,100 גרם,false,,18.90,0.0270,true,1,164417
5410291022011,false,ממרח אגוזי לוז עם קקאוי 350 ג' צ'וקטה,צ'וקטה Chocketa,BE,צוקטה ממרח אגוזי לוז,גרמים,350.00,100 גרם,false,,10.90,0.0311,true,1,164401
5410291022776,false,צוקטה ממרח אגוזי לוז וקקאו 700 גר,צ'וקטה Chocketa,BE,צוקטה ממרח אגוזי לוז,גרמים,700.00,100 גרם,false,,18.90,0.0270,true,1,170507
5410316983693,false,"סמירנוף אייס בקבוק 275 מ""ל",סמירנוף אייס Smirnoff ice,IT,סמירנוף אייס בודד,יחידה,275.00,יחידה,false,,11.90,0.0433,true,1,138688
5410769100081,false,"בירה לה שוף קטן 330 מ""ל בקבוק","איי, בי, אינבוו",BE,"בקבוק לה שוף 330 מ""ל",מיליליטרים,330.00,"100 מ""ל",false,,16.90,0.0512,true,1,169452
5410769200088,false,"בירה מק שוף קטן 330 מ""ל בקבוק",פארייפאבה אגרואינדוס,BE,"בקבוק מק שוף 330 מ""",מיליליטרים,330.00,"100 מ""ל",false,,16.90,0.0512,true,1,169454
5410769300085,false,בקבוק שוף הובלון 330,brasserie dachouffe,,בקבוק שוף הובלון 330,מיליליטרים,330.00,"100 מ""ל",false,,16.90,0.0512,true,1,169456
5410769800097,false,"בירה לה צרי שוף 8% 330 מ""ל בקבוק",פארייפאבה אגרואינדוס,BE,בקבוק צ'רי שוף 330 מ,מיליליטרים,330.00,"100 מ""ל",false,,13.90,0.0421,true,1,176733
5410769800554,false,"בקבוק צירי שוף 750 מ""ל בקבוק",brasserie dachouffe,,בקבוק צ'רי שוף 750 מ,מיליליטרים,750.00,"100 מ""ל",false,,29.90,0.0399,true,1,209618
5411081000523,false,"בירה קסטיל כהה 330 מ""ל",מבשלת קסטל ואן הונסב,BE,בירה קאסטל דונקר 330,מיליליטרים,330.00,"100 מ""ל",false,,12.90,0.0391,true,1,210794
5411081000677,false,בירה קסטיל טריפל בקבוק 330מל,מבשלת קסטל ואן הונסב,BE,בירה קאסטל טריפל 330,מיליליטרים,330.00,"100 מ""ל",false,,12.90,0.0391,true,1,210795
5411081003654,false,"קסטיל בירה רוז 330 מ""ל",מבשלת קסטל ואן הונסב,BE,בירה קאסטל רוז 330 מ,מיליליטרים,330.00,"100 מ""ל",false,,12.90,0.0391,true,1,152941
5411081003661,false,"בירה קסטיל רוז 750 מ""ל",מבשלת קסטל ואן הונסב,,בירה קאסטל רוז 750 מ,מיליליטרים,750.00,"100 מ""ל",false,,29.90,0.0399,true,1,210796
5411081005696,false,"בירה קסטיל שוקולד (בריסטה) 330 מ""ל",מבשלת קסטל ואן הונסב,BE,בירה קסטיל שוקולד 33,מיליליטרים,330.00,"100 מ""ל",false,,12.90,0.0391,true,1,210802
5411081006211,false,"בירה פילו 330 מ""ל",מבשלת קסטל ואן הונסב,,"בירה פילו 330 מ""ל",מיליליטרים,330.00,"100 מ""ל",false,,12.90,0.0391,true,1,259948
5411081007584,false,בקחוס פטל פחית 330 מ,,,בקחוס פטל פחית 330 מ,מיליליטרים,330.00,"100 מ""ל",false,,12.90,0.0391,true,1,210804
5411081008420,false,"בירה בירה שושנע קסטיל 330 מ""ל פחית",,,"בירה שושנע 330 מ""ל",מיליליטרים,330.00,"100 מ""ל",false,,12.90,0.0391,true,1,240377
5411188080268,false,"אלפרו סויה אורגני 1 ל מפוקח ע""י סקאל",הנסיך- מפעל לייצור ט,BE,אלפרו סויה אורגני 1,מיליליטרים,1000.00,"100 מ""ל",false,,14.90,0.0149,true,1,124723
5411188081852,false,אלפרו משקה סויה בטעם וניל 1 ל',הנסיך- מפעל לייצור ט,BE,אלפרו משקה סויה בטעם,ליטרים,1.00,ליטר,false,,14.90,14.9000,true,1,124724
5411188094173,false,רביעיה מעדן סויה טעם קרמל 125 ג' אלפרו,אלפרו,BE,אלפרו מעדן סויה בטעם,גרמים,500.00,100 גרם,false,,17.20,0.0344,true,1,268190
5411188096108,false,"שמנת לבישול ע""ב סויה 250 מ""ל אלפרו",אלפרו C.V.A,BE,אלפרו שמנת צמחית לבי,מיליליטרים,250.00,"100 מ""ל",false,,9.90,0.0396,true,1,124726
5411188110835,false,אלפרו חלב סויה שקדים וניל 1ל',הנסיך- מפעל לייצור ט,BE,אלפרו חלב שקדים 1 לי,ליטרים,1.00,ליטר,false,,13.90,13.9000,true,1,124732
5411188112549,false,משקה קוקוס אלפרו 1 ליטר משקה אורז 1 ליטר,הנסיך- מפעל לייצור ט,BE,אלפרו משקה אורז 1 לי,ליטרים,1.00,ליטר,false,,13.90,13.9000,true,1,124735
5411188112709,false,"משקה קוקוס אלפרו 1 ליטר משקה שקדים לל""ס",הנסיך- מפעל לייצור ט,BE,אלפרו משקה שקדים ללא,ליטרים,1.00,ליטר,false,,13.90,13.9000,true,1,124736
5411188115366,false,משקה קוקוס אלפרו 1 ליטר משקה שיבולת שועל 1 ליטר,הנסיך- מפעל לייצור ט,BE,אלפרו משקה שיבולת שו,ליטרים,1.00,ליטר,false,,13.90,13.9000,true,1,124738
5411188115472,false,אלפרו משקה סויה 1 ליטר,הנסיך- מפעל לייצור ט,BE,אלפרו משקה סויה 1 לי,ליטרים,1.00,ליטר,false,,11.90,11.9000,true,1,214612
5411188118732,false,אלפרו משקה קוקוס ושקדים 1 ליטר,הנסיך- מפעל לייצור ט,BE,אלפרו משקה קוקוס שקד,ליטרים,1.00,ליטר,false,,13.90,13.9000,true,1,158185
5411188120742,false,משקה קוקוס אלפרו 1 ליטר שקדים וניל 1 ל',הנסיך- מפעל לייצור ט,BE,אלפרו משקה שקדים בטע,ליטרים,1.00,ליטר,false,,14.90,14.9000,true,1,158186
5411188120957,false,"אלפרו תערובת לבישול על בסיס קוקוס 250 מ""ל",אלפרו Alpro,BE,אלפרו תערובת לבישול,מיליליטרים,250.00,"100 מ""ל",false,,9.90,0.0396,true,1,255735
5411188121923,false,"משקה סויה מועשר סידן אלפרו 3*250 מ""ל",הנסיך- מפעל לייצור ט,BE,אלפרו סויה סידן 3*25,גרמים,750.00,100 גרם,false,,14.80,0.0197,true,1,180196
5411188121978,false,"משקה סויה בטעם שוקולד 3 * 250 מ""ל אלפרו",אלפרו C.V.A,BE,אלפרו סויה 3*250 מל,גרמים,750.00,100 גרם,false,,14.80,0.0197,true,1,178393
5411188122661,false,אלפרו משקה שקדים לא קלויים ללא תוספת סוכר 1 ל',אלפרו Alpro,,אלפרו משקה שקדים ללא,ליטרים,1.00,ליטר,false,,13.90,13.9000,true,1,172370
5411188124689,false,משקה שיבולת שועל ללא סוכר 1ל' אלפרו,אלפרו Alpro,BE,אלפרו משקה שיבולת שו,ליטרים,1.00,ליטר,false,,13.90,13.9000,true,1,217846
5411188124726,false,אלפרו משקה שיבולת שועל שקדים 1 ליטר,הדקלאים אגודת שיתופי,BE,אלפרו משקה שיבולת שו,ליטרים,1.00,ליטר,false,,14.90,14.9000,true,1,178743
5411188127697,false,אלפרו משקה בריסטה שיבולת שועל 1 ליטר,הנסיך- מפעל לייצור ט,BE,אלפרו בריסטה שיבולת,ליטרים,1.00,ליטר,false,,13.90,13.9000,true,1,214610
5411188129899,false,משקה אלפרו בריסטה שקדים 1 ליטר,הנסיך- מפעל לייצור ט,BE,אלפרו בריסטה שקדים 1,ליטרים,1.00,ליטר,false,,13.90,13.9000,true,1,214611
5411188134985,false,אלפרו 3.5% NOT M*LK שיבולת שועל 1 ליטר בית יוסף,הנסיך- מפעל לייצור ט,BE,אלפרו 3.5% שומן משקה,ליטרים,1.00,ליטר,false,,14.90,14.9000,true,1,241471
5411188135005,false,אלפרו 1.8% NOT M*LK שיבולת שועל 1 ליטר בית יוסף,הנסיך- מפעל לייצור ט,BE,אלפרו 1.8% שומן שיבו,ליטרים,1.00,ליטר,false,,14.90,14.9000,true,1,241470
5411188300328,false,אלפרו סויה שוקו 1 ליטר * 8 יחי,הנסיך- מפעל לייצור ט,BE,אלפרו משקה סויה שוקו,מיליליטרים,1000.00,"100 מ""ל",false,,14.90,0.0149,true,1,124742
5411188513483,false,"אלפרו סויה לבישול 14% שומן 250 מ""ל",אלפרו C.V.A,BE,אלפרו סויה לבישול 14,גרמים,250.00,100 גרם,false,,9.90,0.0396,true,1,256299
5411188543398,false,אלפרו משקה סויה ללא סוכר 1 ליטר,הנסיך- מפעל לייצור ט,BE,"אלפרו משקה סויה לל""ס",מיליליטרים,1000.00,"100 מ""ל",false,,11.90,0.0119,true,1,214613
5411676100928,false,"בירת ברבר רוז 330 מ""ל",מבשלת לפבר,BE,"ברבר רוז' 330 מ""ל",מיליליטרים,330.00,"100 מ""ל",false,,12.90,0.0391,true,1,225142
5411676301356,false,"בירת ברבר בוק (כהה) 330 מ""ל",מבשלת לפבר,,"בירה ברבר בוק 330 מ""",מיליליטרים,330.00,"100 מ""ל",false,,12.90,0.0391,true,1,224343
5411686700118,false,"בירה לינדמנס פרוטס 250 מ""ל",לפימנס,BE,בירה לימפנס פרוטס 25,מיליליטרים,250.00,"100 מ""ל",false,,12.90,0.0516,true,1,148800
5412514999933,false,פוקו לוקו -סלסה חריפה 325 גרם,,,רוטב סלסה חריפה 325,גרמים,325.00,100 גרם,false,,19.90,0.0612,true,1,229645
5412956214519,false,שוקולד מריר עם תפוז ושקדים 100 גרם,Kim's Chocolates NV,BE,CACHET טבלת שוקולד מ,גרמים,100.00,100 גרם,false,,9.90,0.0990,true,1,186860
5412956214533,false,שוקולד מריר עם לימון ופלפל שחור 100 גרם,Kim's Chocolates NV,BE,CACHET טבלת שוקולד מ,גרמים,100.00,100 גרם,false,,9.90,0.0990,true,1,186862
5412956214670,false,שוקולד מריר 70% קקאו 100 גרם,Kim's Chocolates NV,BE,CACHET טבלת שוקולד מ,גרמים,100.00,100 גרם,false,,9.90,0.0990,true,1,186867
5413121355075,false,שוקולד בלגי מריר עם תפוז פרסטיז 100 גרם,BCG,,פרסטיז בלגיאן שוק.מר,גרמים,100.00,100 גרם,false,,11.90,0.1190,true,1,128423
5413121355082,false,שוקולד בלגי מריר משובח 72 פרסטיז 100 גרם,BCG,,פרסטיז בלגיאן שוק.מר,גרמים,100.00,100 גרם,false,,11.90,0.1190,true,1,128424
5413121355099,false,בלג'יאן-שוקולד מריר 72% פוךי קפה 100ג',BCG,,פרסטיז בלגיאן שוק.מר,גרמים,100.00,100 גרם,false,,11.90,0.1190,true,1,128425
5413121356737,false,"שוקולד מריר ללא תוספת סוכר ""בלג'יאן"" 100 גרם",BCG,,פרסטיז בלגיאן שוק.מר,גרמים,100.00,100 גרם,false,,15.90,0.1590,true,1,128428
5413121356829,false,בלג'יאן-שוקולד חלב ללא סוכר 100 גר' 1/20 (7072),BCG,,פרסטיז בלגיאן שוק.חל,גרמים,100.00,100 גרם,false,,15.90,0.1590,true,1,128429
5413121358694,false,שוקולד בלגי מריר משובח 85%פרסטיז 100 גרם,BCG,,פרסטיז בלגיאן שוק.מר,גרמים,100.00,100 גרם,false,,11.90,0.1190,true,1,128430
5413121359035,false,בלגיאן טראפלס בלגי קקאו אורגינל 200 גרם,,,בונבוניירה טראפלס קק,גרמים,200.00,100 גרם,false,,17.90,0.0895,true,1,128431
5413121359769,false,לבבות וצדפי שוקולד 195ג' בלגיאן,BCG,BE,צדפי שוקולד בלגי 195,גרמים,195.00,100 גרם,false,,17.90,0.0918,true,1,128434
5413149922907,false,"אבקת כביסה קולור וסטייל 5 ק""ג אריאל",אריאל Ariel,,אריאל אבקת כביסה קול,קילוגרמים,5.00,"ק""ג",false,,49.90,9.9800,true,1,229692
5413149922938,false,"אריאל אבקת כביסה שושן צחור, 5 ק""ג",פרוקטר אנד גמבל,TR,אריאל אבקת כביסה שוש,קילוגרמים,5.00,"ק""ג",false,,49.90,9.9800,true,1,229693
5413216990242,false,בונבוניירה צדפים ממולאים בקרם אגוזים,נאטראג'קאלי,BE,צ'וקטה צדפי שוקולד 2,גרמים,250.00,100 גרם,false,,14.90,0.0596,true,1,160366
5413548040479,false,בונבוניירה רפאלו 240 גרם,ליימן-שליסל,PL,בונבוניירה רפאלו 240,גרמים,240.00,100 גרם,false,,24.90,0.1037,true,1,115371
5413548280189,false,קינדר שוקובון 16 יחידות,קינדר,BE,קינדר שוקו בון 125 ג,גרמים,125.00,100 גרם,false,,11.90,0.0952,true,1,115372
5420066330203,false,ביאנקה- טרופל קקאו באריזות זהב 175 ג,Q Chocolate,,טראפלס קקאו ביאנקה א,גרמים,176.00,100 גרם,false,,11.90,0.0676,true,1,155444
5449000000996,false,"קוקה קולה פחית 330מ""ל 15 יח'",קוקה קולה אירופה,GB,קוקה קולה פחית 330 מ,מיליליטרים,330.00,"100 מ""ל",false,,6.90,0.0209,true,1,268721
5449000131805,false,"קוקה קולה זירו פחית 330 מ""ל",קוקה קולה,,קוקה קולה זירו פחית,מיליליטרים,330.00,"100 מ""ל",false,,6.90,0.0209,true,1,268720
5601008200444,false,עוגיות גודיס טבעות מצופות שוקולד חלב מרבה 150 גרם,הנסיך- מפעל לייצור ט,PT,גודיס עוגיות טבעת מצ,גרמים,150.00,100 גרם,false,,5.90,0.0393,true,1,124749
5601008200451,false,עוגיות גודיס טבעות מצופות שוקולד מריר מרבה 150 גרם,מרבה Merba,PT,גודיס עוגיות טבעת מצ,גרמים,150.00,100 גרם,false,,5.90,0.0393,true,1,124750
5601008200468,false,עוגיות גודיס טבעות מצופות שוקולד לבו מרבה 150 גרם,קריניציה ויטמינה אס,PT,גודיס עוגיות טבעת מצ,גרמים,150.00,100 גרם,false,,5.90,0.0393,true,1,124751
5601010111035,false,סרדין בשמן זית רמירז 125 גרם,רמירז אנד קה פילהאוס,PT,רימרז סרדין בשמן זית,גרמים,125.00,100 גרם,false,,12.90,0.1032,true,1,206905
5601010211070,false,סרדין במים רמירז 125 גרם,רמירז אנד קה פילהאוס,PT,רימרז סרדין במים 125,גרמים,125.00,100 גרם,false,,10.90,0.0872,true,1,206906
5601010211087,false,פילה סרדין בשמן זית כתית 100 גר רמירז,רמירז אנד קה פילהאוס,PT,רמירז פילה סרדין בשמ,יחידה,0.00,יחידה,false,,14.90,0.0000,true,1,206907
5601012021509,false,"יין מטאוס לבן פורטוגל 750 מ""ל",,,יין מבעבע מטאוס לבן,מיליליטרים,750.00,"100 מ""ל",false,,34.90,0.0465,true,1,220995
5601036205534,false,צבע לשיער אקסלנס קרם - 1 שחור,לוריאל Loreal,BE,אקסלנס צבע שיער שחור,יחידה,0.00,יחידה,false,,39.90,0.0000,true,1,136830
5601036205541,false,צבע לשיער אקסלנס קרם - 3 חום כהה מאוד,לוריאל Loreal,BE,אקסלנס צבע שיער חום,יחידה,0.00,יחידה,false,,39.90,0.0000,true,1,136831
5601036205558,false,צבע לשיער אקסלנס קרם - 4 חום כהה,לוריאל Loreal,BE,אקסלנס צבע שיער חום,יחידה,0.00,יחידה,false,,39.90,0.0000,true,1,136832
5601036205589,false,צבע לשיער אקסלנס קרם - 5 חום טבעי,לוריאל Loreal,BE,אקסלנס צבע שיער חום,יחידה,0.00,יחידה,false,,39.90,0.0000,true,1,136835
5601036205671,false,לוריאל - אקסלנס קרם 7.3 בלונד זהוב,ליברמו,BE,אקסלנס קרם לשיער מס,יחידה,0.00,יחידה,false,,39.90,0.0000,true,1,136842
5601036205695,false,לוריאל - אקסלנס קרם 8.1 בלונד בהיר אפרפר,ליברמו,BE,אקסלנס קרם לשיער,יחידה,0.00,יחידה,false,,39.90,0.0000,true,1,136844
5601036205725,false,לוריאל - אקסלנס קרם 10 בלונד מאוד מאוד בהיר,לוריאל Loreal,BE,אקסלנס צבע לשיער מס1,יחידה,0.00,יחידה,false,,39.90,0.0000,true,1,136845
5601217129420,false,וולייט דפים למניעת העברת צבע 20 יחידות,רקיט בנקיזר,IT,וולייט דפים 20 יח',יחידה,0.00,יחידה,false,,19.90,0.0000,true,1,176746
5601996023780,false,"יין פורטה 6 רוזה 750 מ""ל",וידיגל,PT,יין פורטה 6 רוזה,יחידה,0.00,יחידה,false,,49.90,0.0000,true,1,213978
5601996355485,false,"יין פורטה 6 לבן 750 מ""ל",וידיגל,PT,יין פורטה 6 לבן,יחידה,0.00,יחידה,false,,49.90,0.0000,true,1,213979
5601996547897,false,"יין פורטה 6 אדום 750 מ""ל",וידיגל,PT,יין פורטה 6 אדום,יחידה,0.00,יחידה,false,,49.90,0.0000,true,1,213980
5604912415041,false,סרדינים בשמן חמניה פורטוס 125 גרם,קונסרבס פורטוגל נורט,PT,סרדיני פורטוס בשמן ח,גרמים,125.00,100 גרם,false,,7.90,0.0632,true,1,184568
5604912415058,false,סרדינים פורטוס בשמן חמניות חריף 125 גרם,פורטוס Porthos,PT,סרדיני פורטוס בשמן ח,גרמים,125.00,100 גרם,false,,7.90,0.0632,true,1,184569
5694230223312,false,כבד דג במיץ טבעי 121 גר BRIVAIS VILNIS,איי סי קורה אי .איץ.,IS,שימורי כבד דג במיץ ט,גרמים,121.00,100 גרם,false,,9.90,0.0818,true,1,197097
5700004000635,false,כוס קידוש כסף גדול,,,כוס קידוש כסף גדול,יחידה,0.00,יחידה,false,,2.90,0.0000,true,1,180982
5701215042391,false,גבינת קממברט 125גר',,,קממברט 125 גר,יחידה,0.00,יחידה,false,,19.90,0.0000,true,1,195201
5701215042407,false,גבינת ברי אורנהולט 125ג',,,ברי 125 גר אורנהולט,יחידה,0.00,יחידה,false,,19.90,0.0000,true,1,195202
5701397337711,false,בוטנים מלוח מתוק 175,snack foods,DK,בוטנים מלוח מתוק 175,גרמים,175.00,100 גרם,false,,11.90,0.0680,true,1,196617
5701397337728,false,בוטנים חריף מלוח 175,snack foods,DK,בוטנים חריף מלוח 175,גרמים,175.00,100 גרם,false,,11.90,0.0680,true,1,197412
5701397337735,false,בוטנים בתערובת פירות,snack foods,DK,בוטנים בתערובת פירות,גרמים,175.00,100 גרם,false,,11.90,0.0680,true,1,197413
5701397337742,false,קופסאות בוטנים ווסאב,snack foods,DK,בוטנים ווסאבי 130 גר,גרמים,130.00,100 גרם,false,,11.90,0.0915,true,1,196618
5701397337759,false,בוטני צילי חריף 150,snack foods,DK,בוטני צילי חריף 150,גרמים,150.00,100 גרם,false,,11.90,0.0793,true,1,197414
5701932026964,false,"הוטפופ גרעיני תירס להכנת פופקורן במיקרוגל בטעם טבעי, בתוספת מלח, 600 גרם",ליימן מותגים,US,פופקורן טעם מלח 600,גרמים,600.00,100 גרם,false,,14.90,0.0248,true,1,115373
5701932026971,false,הוטפופ גרעיני תירס להכנת פופקורן במיקרוגל בטעם חמאה 600 גרם,ליימן מותגים,US,פופ קורן בטעם חמאה 6,גרמים,600.00,100 גרם,false,,14.90,0.0248,true,1,115374
5701932026995,false,"הוטפופ גרעיני תירס להכנת פופקורן במיקרוגל בטעם טבעי מופחת שומן, 510 גרם",קריניציה ויטמינה אס,US,הוט פופ לייט בטעם טב,גרמים,510.00,100 גרם,false,,14.90,0.0292,true,1,115375
5704255122740,false,פחית מיקלר בורסט 330,ברודוג פי אל סי,DK,פחית מיקלר בורסט 330,יחידה,0.00,יחידה,false,,14.90,0.0000,true,1,265345
5706516031358,false,פופקורן להכנה במיקרוגל בטעם טבעי מופחת שומן 5 שקיות,ליימן מותגים,US,הוטפופ 100 קלוריות א,גרמים,160.00,100 גרם,false,,14.90,0.0931,true,1,115376
5708209201628,false,טורטיה מקמח חיטה קוטר 25 סמ 370 גרם,,,עלי טורטייה (25) 370,גרמים,370.00,100 גרם,false,,20.00,0.0541,true,1,141500
5711953106583,false,גבינת שמנת בטעם טבעי 200 גרם ארלה,ארלה פודס אמבה,DK,ארלה גבינת שמנת טבעי,גרמים,200.00,100 גרם,false,,14.90,0.0745,true,1,200474
5711953106590,false,גבינת שמנת ארלה שמנת שום 200 גרם,ארלה פודס אמבה,DK,ארלה גבינת שמנת שום,גרמים,200.00,100 גרם,false,,14.90,0.0745,true,1,200475
5711953106606,false,גבינת שמנת עם תבלינים ועשבי תיבול 23.5%,ארלה פודס אמבה,DK,ארלה גבינת שמנת עשבי,גרמים,200.00,100 גרם,false,,14.90,0.0745,true,1,200476
5711953148347,false,"גבינת שמנת טבעי ארלה, 300 גרם",ארלה,DK,ארלה גבינת שמנת טבעי,גרמים,300.00,100 גרם,false,,25.90,0.0863,true,1,267068
5740900403215,false,ממרח מחמאת לורפק עם מלח 250 ג',לורפאק Lurpak,DK,ממרח חמאה לורפק עם מ,גרמים,250.00,100 גרם,false,,16.90,0.0676,true,1,187512
5740900403239,false,ממרח לורפק ללא תוספת מלח 250 גר,לורפאק Lurpak,DK,ממרח חמאה לורפק ללא,גרמים,250.00,100 גרם,false,,16.90,0.0676,true,1,187517
5740900403246,false,ממרח לורפק ללא תוספת מלח 500 גר,לורפאק Lurpak,DK,ממרח חמאה לורפק ללא,גרמים,500.00,100 גרם,false,,27.90,0.0558,true,1,187518
5740900403253,false,ממרח מחמאת לורפק עם מלח 500 ג',לורפאק Lurpak,DK,ממרח חמאה לורפק עם מ,גרמים,500.00,100 גרם,false,,27.90,0.0558,true,1,187519
5740900403260,false,ממרח מחמאת לורפק ללא מלח 27% פחות שומן,ארלה פודס אמבה,DK,ממרח חמאה לורפק ללא,גרמים,250.00,100 גרם,false,,16.90,0.0676,true,1,187520
5900017062419,false,"ניוואה - תחליב רחצה ורדים ושמן שקדים 750 מ""ל",ביירסדורף,DE,ניוואה תחליב רחצה ור,מיליליטרים,750.00,"100 מ""ל",false,,17.90,0.0239,true,1,236753
5900020012814,false,דגנים תפוחים בטעם שוקולד נסקוויק נסטלה 500 גרם,מיוצר עי קונדיטוריית,PL,נסקוויק דגני בוקר 50,גרמים,500.00,100 גרם,false,,26.90,0.0538,true,1,123061
5900020015174,false,פיטנס חטיפי אנרגיה דגנים בטעם שוקולד נסטלה 6*23.5 גרם,מיוצר עי קונדיטוריית,PL,פיטנס חטיף דגנים שוק,גרמים,141.00,100 גרם,false,,17.90,0.1270,true,1,123062
5900020018908,false,פיטנס חטיפי אנרגיה דגנים בטעם קרם עוגיות נסטלה 6*23.5 גרם,מיוצר עי קונדיטוריית,PL,פיטנס חטיף דגנים עוג,גרמים,141.00,100 גרם,false,,17.90,0.1270,true,1,123068
5900020020710,false,מארז חטיף דגנים קראנץ' בטעם שוקו וניל נסטלה,נסטלה פולין ברים,PL,קראנץ' בר שוקו וניל,גרמים,150.00,100 גרם,false,,17.90,0.1193,true,1,123069
5900020020741,false,חטיפי דגנים נסקוויק בר שוקו שוקו 6*25 גר,נסטלה פולין ברים,PL,נסקוויק בר שוקו שוקו,גרמים,150.00,100 גרם,false,,17.90,0.1193,true,1,123070
5900020024770,false,פיטנס - דליס חטיף דגנים שוקולד אגוז 22.50 גרם * 6,נסטלה פולין ברים,PL,פיטנס בר דליס שוקולד,גרמים,135.00,100 גרם,false,,17.90,0.1326,true,1,123073
5900020024817,false,פיטנס דליס Fitness Delice חטיף דגנים עם שוקולד לבן,נסטלה פולין ברים,PL,פיטנס בר דליס שוקולד,יחידה,6.00,יחידה,false,,17.90,2.9833,true,1,123074
5900020025647,false,פיטנס דליס Fitness Delice חטיף דגנים עם שוקולד חלב,מיוצר עי קונדיטוריית,PL,פיטנס בר דליס שוקולד,יחידה,6.00,יחידה,false,,17.90,2.9833,true,1,123076
5900020026552,false,דגני בוקר האני נאט צ'יריוס בטעם דבש ושקדים,נסטלה צרפת איטנקורט,FR,האני נאט ציריוס חדש,גרמים,615.00,100 גרם,false,,26.90,0.0437,true,1,163266
5900020031877,false,נסטלה האני ציריוס חטיף דגני בוקר שישייה,נסטלה פולין דגני בוק,PL,צ'יריוס האני חטיף דג,גרמים,141.00,100 גרם,false,,17.90,0.1270,true,1,195424
5900020032539,false,מארז חטיף פיטנס שוקולד 8 X 23.5 גרם,נסטלה פולין ברים,PL,פיטנס מארז חטיף שוקו,יחידה,0.00,יחידה,false,,17.90,0.0000,true,1,247042
5900020033314,false,חטיף דגני בוקר Lion בטעם קרמל ושוקולד על קרם חלב,נסטלה פולין דגני בוק,PL,ליון חטיף דגנים 25 ג,גרמים,141.00,100 גרם,false,,17.90,0.1270,true,1,187596
5900020034021,false,חטיף דגנים פיטנס שוקולד בננה 141 גרם,מיוצר עי קונדיטוריית,IL,פיטנס מארז חטיפים דג,יחידה,0.00,יחידה,false,,17.90,0.0000,true,1,195800
5900020034991,false,דגני בוקר צדפים בטעם שוקולד 450 ג' קראנץ',סי. פי. פולין,IL,קראנץ צדפים בטעם שוק,גרמים,450.00,100 גרם,false,,26.90,0.0598,true,1,202634
5900020036407,false,דגני בוקר ליון Lion בטעם שוקולד וקרמל,נסטלה פולין דגני בוק,US,ליון דגני בוקר שוקול,גרמים,480.00,100 גרם,false,,26.90,0.0560,true,1,211120
5900020037916,false,דגני בוקר שיבולת שועל צ'ריוס 375ג',ג'נרל מילס סאן אדריא,FR,ציריוס שיבולת שועל 3,גרמים,375.00,100 גרם,false,,17.90,0.0477,true,1,222467
5900020039590,false,פיטנס חטיף דגנים קלאסי פרווה 8 6*23.5 ג,נסטלה פולין דגני בוק,PL,פיטנס חטיף דגנים קלא,יחידה,0.00,יחידה,false,,17.90,0.0000,true,1,239264
5900020039620,false,פיטנס חטיף דגנים שקדים ודבש פרווה 8 6*23 ג,נסטלה פולין ברים,PL,פיטנס חטיף דגנים שקד,יחידה,0.00,יחידה,false,,17.90,0.0000,true,1,239265
5900130034157,false,מאגדת גלידה מילקה 4 יח 284 גר,,DE,גלידת מילקה חלבית בט,גרמים,284.00,100 גרם,false,,29.90,0.1053,true,1,259073
5900130034171,false,"גלידת ""מילקה"" יוגורט תות מצופה שוקולד חלב 284 גר",,,גלידת מילקה יוגורט ת,גרמים,284.00,100 גרם,false,,29.90,0.1053,true,1,259071
5900353615683,false,בונ וויסקי בשוקולד מריר 180 ג MIESZKO,MIEZSKO,PL,בונבוניירה וויסקי בש,גרמים,180.00,100 גרם,false,,21.90,0.1217,true,1,187934
5900353615706,false,בונ וודקה בשוקולד מריר 180 ג MIESZKO,MIEZSKO,PL,בונבוניירה וודקה בשו,גרמים,180.00,100 גרם,false,,21.90,0.1217,true,1,187936
5900353618288,false,בונבוניירה שרי 285 ג,MIEZSKO,PL,בונבוניירה שרי 258 ג,גרמים,285.00,100 גרם,false,,39.90,0.1400,true,1,267976
5900617035882,false,חטיף חלבון נוטרישיין בטעם שוקולד,גרנייה,PL,חטיף פרוטאין 33% בטע,יחידה,0.00,יחידה,false,,10.90,0.0000,true,1,248983
5900617035929,false,חטיף חלבון נוטרישיין בטעם וניל תות יער,גרנייה,PL,חטיף פרוטאין 33% בטע,יחידה,0.00,יחידה,false,,10.90,0.0000,true,1,248982
5900627026429,false,"סיליט באנג גיל לניקוי אסלות בתוספת אקונומיקה 750מ""ל",RB פולין,,סיליט באנג מנקה ומחט,מיליליטרים,750.00,"100 מ""ל",false,,12.90,0.0172,true,1,261087
5900627027020,false,"ויט קרם להסרת שיער בזמן מקלחת לעור רגיל 150 מ""ל",רקיט בנקיזר צרפת,FR,ויט ספא תמציות משי 1,יחידה,0.00,יחידה,false,,29.90,0.0000,true,1,132735
5900627063233,false,פיניש ALL IN ONE MAX טבליות 50 יחידות,רקיט בנקיזר,IL,פיניש אלו מקס 50 טבל,יחידה,0.00,יחידה,false,,36.90,0.0000,true,1,161908
5900627066715,false,טבליות למדיח פיניש הכל ב-1 100 יח,רקיט בנקיזר,PL,פיניש 100 טבליות AIO,יחידה,100.00,יחידה,false,,59.90,0.5990,true,1,216770
5900820014230,false,גבינה מתכת נורווסקי סלמון 150ג' -מלקפול,מלקפול,RU,נורווסקי סלמון 150 ג,גרמים,150.00,100 גרם,false,,13.90,0.0927,true,1,192003
5900915013230,false,שוקולד טראויטה חלב א,,,טראויטה שוקולד חלב א,יחידה,0.00,יחידה,false,,13.90,0.0000,true,1,177301
5900915014060,false,טראויטה מריר חמוציות,,,טראויטה מריר חמוציות,יחידה,0.00,יחידה,false,,13.90,0.0000,true,1,177303
5900951283963,false,חטיף סניקרס עם חמאת בוטנים Creamy Peanut Butter,סנו מפעלי ברונוס.,PL,סניקרס קרימי חטיף בו,גרמים,50.00,100 גרם,false,,3.90,0.0780,true,1,258898
5900951284571,false,אוכל לכלבים פדיגרי ב,פדיגרי,US,פדיגרי פחית בקר 400,גרמים,400.00,100 גרם,false,,9.90,0.0248,true,1,221432
5901414200411,false,בלזן היט מיני ביסקוויט סנדוויץ' עם מילוי קרם בטעם שוקולד 130 גרם,ליימן שליסל,PL,היט מיניס קרם קקאו 1,גרמים,130.00,100 גרם,false,,7.00,0.0538,true,1,115907
5902198160403,false,XL משקה אנרגיה מוגז ללא סוכר עד 10 קלוריות לפחית 250 מל,"טמפו משקאות בע""מ",IL,"אקס אל ten 250 מ""ל",מיליליטרים,250.00,"100 מ""ל",false,,5.00,0.0200,true,1,173289
5904941750312,false,"משקה אנרגיה BLU מוחיטו בודד 250 מ""ל",אקו - ביט,PL,בלו משקה אנרגיה מוחי,מיליליטרים,250.00,"100 מ""ל",false,,5.90,0.0236,true,1,105678
5904941751241,false,"משקה אנרגיה BLU דיי סיקס ללא סוכר 250 מ""ל",אקו - ביט,PL,בלו דיי סיקס משקה אנ,מיליליטרים,250.00,"100 מ""ל",false,,5.00,0.0200,true,1,213958
5904941751302,false,"משקה אנרגיה בלו 250 מ""ל- בודד",אקו - ביט,PL,בלו משקה אנרגיה 250,מיליליטרים,250.00,"100 מ""ל",false,,5.00,0.0200,true,1,105679
5904941751524,false,"משקה אנרגיה BLU DAY אבטיח בודד 250 מ""ל",אקו - ביט,PL,בלו משקה אנרגיה די א,מיליליטרים,250.00,"100 מ""ל",false,,5.90,0.0236,true,1,105682
5904941751913,false,משקה אנרגיה בלו פסיפלורה 250 מל,בלו,,בלו משקה אנרגיה פסיפ,מיליליטרים,250.00,"100 מ""ל",false,,5.90,0.0236,true,1,105687
5904941751920,false,בלו משקה אנרגיה דיי חצי מכמות הקלו250 מל,אקו - ביט,PL,בלו משקה אנרגיה דיי,מיליליטרים,250.00,"100 מ""ל",false,,5.90,0.0236,true,1,105688
5904941751975,false,"בלו משקה אנרגיה דיי ענבים 250 מ""ל",אקוביט,PL,בלו משקה אנרגיה ענבי,מיליליטרים,250.00,"100 מ""ל",false,,5.00,0.0200,true,1,219619
5906485301012,false,"משקה אנרגיה XL פחית 250 מ""ל","טמפו משקאות בע""מ",IL,אקס אל משקה אנרגיה 2,מיליליטרים,250.00,"100 מ""ל",false,,5.00,0.0200,true,1,144351
5942219000059,false,מים מינרלים בורסק 1.5 ליטר,,,BORSEC מים מירלים מב,יחידה,0.00,יחידה,false,,8.90,0.0000,true,1,197095
5942326401442,false,שישיית מים מינרליים,,,שישיית מים מינרליים,מיליליטרים,750.00,"100 מ""ל",false,,29.90,0.0399,true,1,238990
5942326401459,false,מים מינרליים טבעייםא,,,מים מינרליים טבעייםא,מיליליטרים,750.00,"100 מ""ל",false,,5.00,0.0067,true,1,238991
5996496000721,false,בונבוניירה שרי קווין רושן 192 גר,,,בונבוניירה 192 גר CH,גרמים,192.00,100 גרם,false,,23.90,0.1245,true,1,246121
5997321770307,false,ויט רצועות שעווה מוכנות לעור רגיש 12 יחידות,רקיט בנקיזר צרפת,FR,ויט רצועות שעווה לעו,יחידה,12.00,יחידה,false,,24.90,2.0750,true,1,177489
5998623526739,false,"יין הונגרי גוורצטרמינר 750 מ""ל כשר",דנוביאנה,HU,יין גוורצטרמינר הונ,מיליליטרים,750.00,"100 מ""ל",false,,39.90,0.0532,true,1,194343
6001030003126,false,"וולינטון - רוטב ווסטרשייר 250מ""ל",היינץ פודס,,ולינגטונ'ס רוטב ווסט,יחידה,0.00,יחידה,false,,15.90,0.0000,true,1,186514
6001067017332,false,קולגייט מברשת שיניים מדיום 360 אופטיק ווייט,קולגייט,CN,קולגייט מברשת 360 או,יחידה,0.00,יחידה,false,,16.90,0.0000,true,1,260255
6001495062577,false,ליקר אמרולה 700 מל,,,ליקר אמרולה,יחידה,0.00,יחידה,false,,99.90,0.0000,true,1,163597
6001495062591,false,"ליקר אמרולה 750 מ""ל",,,ליקר אמרולה,יחידה,0.00,יחידה,false,,99.90,0.0000,true,1,177625
6003105002645,false,INA PAARMAN רוטב לסלט עם דבש וחרדל,INA PAARMANS,ZA,רוטב לסלט עם דבש וחר,יחידה,0.00,יחידה,false,,22.90,0.0000,true,1,228789
6003770000670,false,רוטב ננדוס אקסטרא חר,NANDOS,ZA,רוטב פרי פרי אקסטרה,גרמים,250.00,100 גרם,false,,22.90,0.0916,true,1,229002
6006507004880,false,מטחנה מלח ים אטלנטי,,,מטחנה מלח ים אטלנטי,גרמים,110.00,100 גרם,false,,14.90,0.1355,true,1,230161
6031804270164,false,מגש הגשה פורצלן לבן,,,מגש הגשה פורצלן לבן,יחידה,0.00,יחידה,false,,39.90,0.0000,true,1,232343
6040202141525,false,פינגן טפלון גרניט מס,,,פינגן טפלון גרניט מס,יחידה,0.00,יחידה,false,,34.90,0.0000,true,1,245427
6040397831089,false,סט כסות 12,,,סט כסות 12,יחידה,0.00,יחידה,false,,49.90,0.0000,true,1,261137
6102017501939,false,מצת להבה לגז brico {במעמד},,,מצית לגז ארוך קבוע,יחידה,0.00,יחידה,false,,9.90,0.0000,true,1,223448
6111094000013,false,"קוסקוס דארי בינוני תומר 1 ק""ג",קריות זול,MA,תומר קוסקוס דק/בינונ,גרמים,1000.00,100 גרם,false,,19.90,0.0199,true,1,110646
6111094000198,false,קוסקוס דארי דק 350 גרם,קרמה מן,MA,תומר קוסקוס דארי דק,גרמים,350.00,100 גרם,false,,7.90,0.0226,true,1,174341
6111094000242,false,תומר קוסקוס דארי דק 500גר,דרי קוספט,MA,תומר קוסקוס דארי דק,גרמים,500.00,100 גרם,false,,10.90,0.0218,true,1,110648
6111094000259,false,קוסקוס דארי בינוני 500ג'18X,דארי Dari,MA,תומר קוסקוס דארי בינ,גרמים,500.00,100 גרם,false,,10.90,0.0218,true,1,110649
6118000061090,false,סרדינים מרוקאים בשמן סויה -טנגיר 125,דין שיווק,,סרדינים מרוקאים בשמן,גרמים,125.00,100 גרם,false,,4.90,0.0392,true,1,133026
6224000246068,false,סיר חשמלי,,,סיר חשמלי,יחידה,0.00,יחידה,false,,79.90,0.0000,true,1,242630
6224000246075,false,סיר חשמלי,,,סיר חשמלי,יחידה,0.00,יחידה,false,,79.90,0.0000,true,1,242631
6224000246310,false,מחבת דגים אלומניום 3,,,מחבת דגים אלומניום 3,יחידה,0.00,יחידה,false,,44.90,0.0000,true,1,259469
6224000246389,false,סיר חשמאלי,,,סיר חשמאלי,יחידה,0.00,יחידה,false,,79.90,0.0000,true,1,242633
6224000246396,false,סיר קובני,,,סיר קובני,יחידה,0.00,יחידה,false,,19.90,0.0000,true,1,242634
6224000246419,false,סיר קובני,,,סיר קובני,יחידה,0.00,יחידה,false,,14.90,0.0000,true,1,242635
6224000246495,false,סיר קובני,,,סיר קובני,יחידה,0.00,יחידה,false,,22.90,0.0000,true,1,242638
6224000246501,false,סיר קובני 22 סמ,,,סיר קובני 22 סמ,יחידה,0.00,יחידה,false,,24.90,0.0000,true,1,242639
6224000246518,false,סיר קובני,,,סיר קובני,יחידה,0.00,יחידה,false,,24.90,0.0000,true,1,242640
6224000246525,false,סיר קובני,,,סיר קובני,יחידה,0.00,יחידה,false,,29.09,0.0000,true,1,242641
6224000246549,false,סיר קובני,,,סיר קובני,יחידה,0.00,יחידה,false,,34.90,0.0000,true,1,242643
6235605241365,false,בובה,,,בובה,יחידה,0.00,יחידה,false,,22.90,0.0000,true,1,254678
6251883017348,false,שולחן מתקפל 1.80 מטר,,,שולחן מתקפל 1.80 מטר,יחידה,0.00,יחידה,false,,249.90,0.0000,true,1,265839
6253014718100,false,וופל גוזיל 1/12 GUZEL ממולא בקרם לימון 720ג',,,וופל גוזיל ממולא בקר,יחידה,0.00,יחידה,false,,12.90,0.0000,true,1,261649
6253503249863,false,"אורז בסמתי 4 ק""ג",,,"אורז בסמתי 4 ק""ג",קילוגרמים,4.00,"ק""ג",false,,39.90,9.9750,true,1,244020
6253503960522,false,לזיזה מורטדלה 800גרם,,,לזיזה מורטדלה 800גרם,גרמים,800.00,100 גרם,false,,14.90,0.0186,true,1,251658
6253503961901,false,זנג'ביל בדבש לזיזה 9,,,זנג'ביל בדבש לזיזה 9,יחידה,0.00,יחידה,false,,14.90,0.0000,true,1,251713
6253503963318,false,טורטיה לזיזה 540 גרם,,,טורטיה לזיזה 540 גרם,גרמים,540.00,100 גרם,false,,11.90,0.0220,true,1,251726
6253503963325,false,טורטיה לזיזה 390 גרם,,,טורטיה לזיזה 390 גרם,גרמים,390.00,100 גרם,false,,9.90,0.0254,true,1,251727
6253503964278,false,תרכיז רימונים לזיזה,,TR,תרכיז רימונים לזיזה,מיליליטרים,750.00,"100 מ""ל",false,,29.90,0.0399,true,1,267704
6254000083547,false,סירופ ריפרש 3 ליטר -,,,סירופ ריפרש 3 ליטר -,ליטרים,3.00,ליטר,false,,29.90,9.9667,true,1,256898
6254000083561,false,סירופ ריפרש 3 ליטר -,,,סירופ ריפרש 3 ליטר -,ליטרים,3.00,ליטר,false,,29.90,9.9667,true,1,256899
6290050603908,false,קרם גבינה לזיזה 150,,,קרם גבינה לזיזה 150,גרמים,150.00,100 גרם,false,,4.90,0.0327,true,1,251711
6290050603915,false,חלב מרוכז לזיזה 390,,,חלב מרוכז לזיזה 390,גרמים,390.00,100 גרם,false,,9.90,0.0254,true,1,251659
6295120041895,false,"נוזל לניקוי רצפות בניחוח אקוא דטול 3 ל""",,,דטול נוזל לניקוי רצפ,יחידה,0.00,יחידה,false,,34.90,0.0000,true,1,232926
6295120041925,false,"נוזל לניקוי רצפות בניחוח תפוח דטול 3 ל""",,,דטול נוזל לניקוי רצפ,יחידה,0.00,יחידה,false,,34.90,0.0000,true,1,247652
6295120041987,false,נוזל לניקוי רצפות בניחוח לבנדר דטול 3 ל'',,,דטול נוזל לניקוי רצפ,יחידה,0.00,יחידה,false,,34.90,0.0000,true,1,232920
6295120042106,false,"נוזל לניקוי רצפות בניחוח ורדים דטול 3 ל""",,,דטול נוזל לניקוי רצפ,יחידה,0.00,יחידה,false,,34.90,0.0000,true,1,247655
6297000361154,false,סילאן תמרים אורגני 470 גרם,,,סילאן אורגני 470 גרם,גרמים,470.00,100 גרם,false,,14.90,0.0317,true,1,238721
6297000361314,false,מלית תמרים טבעית 1 ק,,,מלית תמרים טבעית 1 ק,קילוגרמים,1.00,"ק""ג",false,,19.90,19.9000,true,1,161625
6658970325605,false,סט 3 פנגנין קפה,,,סט 3 פנגנין קפה,יחידה,0.00,יחידה,false,,119.90,0.0000,true,1,209753
6910191800287,false,אצות נורי בלו 10 דף (ננגטונג),ננטונג היידה אקווטוק,CN,אצות נורי בלו 10 דף,גרמים,225.00,100 גרם,false,,12.90,0.0573,true,1,130765
6912977000140,false,אטריות שעועית 250 גר' ( Yantai)ללא גלוטן(כ),יאנטאי ינסידה לנוגקא,CN,מזרח ומערב יבוא ינאט,גרמים,250.00,100 גרם,false,,8.90,0.0356,true,1,130766
6913246102030,false,נורת לד ליבון לבן -,,,נורת לד ליבון לבן -,00000000000000000000,0.00,00000000000000000000,false,,14.90,0.0000,true,1,163367
6920121100028,false,סט קפה 12 חלק,,,סט קפה 12 חלק,יחידה,0.00,יחידה,false,,19.90,0.0000,true,1,260480
6920200090110,false,סט קערות 7 חלקים,,,סט קערות 7 חלקים,יחידה,0.00,יחידה,false,,49.90,0.0000,true,1,261235
6920210830065,false,סט קפה 12 חלק מוזהב,,,סט קפה 12 חלק מוזהב,יחידה,0.00,יחידה,false,,49.90,0.0000,true,1,261238
6920354822193,false,משחת שיניים נטורל הדרים אקליפטוס קולגייט 90 ג',קולגייט פלמוליב,PL,קולגיט נטרול משחת שי,יחידה,0.00,יחידה,false,,29.90,0.0000,true,1,239204
6920354822223,false,משחת שיניים נטורל גינגר קוקוס קולגייט 90 ג',קולגייט פלמוליב,PL,קולגיט נטרול משחת שי,יחידה,0.00,יחידה,false,,29.90,0.0000,true,1,239205
6920354824395,false,קולגייט משחת שיניים נטורל פחם פעיל ומנטה,קולגייט פלמוליב,PL,קולגיט נטרול משחת שי,יחידה,0.00,יחידה,false,,29.90,0.0000,true,1,239206
6921052701001,false,אצות וואקמה 40 גרם (רונגצ'אנג)(כ),ננטונג הידה אקוטיק פ,TH,אצות וואקמה רונג 40,יחידה,0.00,יחידה,false,,9.40,0.0000,true,1,130767
6921476201088,false,בשר סורימי סנאו קראב,,,מקלות סורימי סיני 20,גרמים,200.00,100 גרם,false,,4.90,0.0245,true,1,191320
6921476201095,false,נתחי סורימי סיני 200,,,נתחי סורימי סיני 200,גרמים,200.00,100 גרם,false,,4.90,0.0245,true,1,191321
6921476201101,false,סורימי צבת סרטן 250,,,צבת סרטן 250 גרם,יחידה,0.00,יחידה,false,,10.90,0.0000,true,1,204114
6921734940766,false,דאלי עפרונות עם מחק,,,דאלי עפרונות עם מחק,יחידה,0.00,יחידה,false,,10.00,0.0000,true,1,198001
6921734941909,false,דאלי פסטל שמן 1/24,,,דאלי פסטל שמן 1/24,יחידה,0.00,יחידה,false,,17.90,0.0000,true,1,198818
6921734942432,false,דאלי מחק לבן קטן,,,דאלי מחק לבן קטן,יחידה,0.00,יחידה,false,,2.00,0.0000,true,1,198003
6921734995865,false,דאלי מחשבון מדעי דמו,,,דאלי מחשבון מדעי דמו,יחידה,0.00,יחידה,false,,30.00,0.0000,true,1,197997
6922621700838,false,קש בבליסטר 200 יח,,,קש בבליסטר 200 יח,יחידה,0.00,יחידה,false,,11.90,0.0000,true,1,259458
6926161262016,false,קופסה 12 כדורים קוטר,,,קופסה 12 כדורים קוטר,יחידה,0.00,יחידה,false,,19.90,0.0000,true,1,269770
6926161262023,false,קופסה 12 כדורים קוטר,,,קופסה 12 כדורים קוטר,יחידה,0.00,יחידה,false,,29.90,0.0000,true,1,269771
6926161262030,false,קופסה 12 כדורים קוטר,,,קופסה 12 כדורים קוטר,יחידה,0.00,יחידה,false,,39.90,0.0000,true,1,269772
6930642301187,false,גליל דבק להסרת כל לכלוך,לונג וואן,,גליל דבק להסרת כל לכ,יחידה,0.00,יחידה,false,,11.90,0.0000,true,1,224545
6930660908887,false,מברשת אינטרדנטלית 8 יחידות,,,מברשת איטרדנטלית בגד,יחידה,8.00,יחידה,false,,16.90,2.1125,true,1,162911
6933960500089,false,קנפיו רצועות דלעת כבושות 100 גרם (קווינגזאו),מזרח ומערב,CN,קנפיון רצועות דלעת כ,גרמים,100.00,100 גרם,false,,12.90,0.1290,true,1,130791
6934731210138,false,אטריות טריות עבות 200 גרם,יאנטאי ינסידה לנוגקא,CN,אטריות טריות עבות 20,גרמים,200.00,100 גרם,false,,6.90,0.0345,true,1,194727
6935487561246,false,מסיכה כירורגית שחורה מארז 50 יח',,,מסכה כירורגית 50יחיד,יחידה,0.00,יחידה,false,,9.90,0.0000,true,1,223264
6936745600462,false,רוטב מירין לתיבול מז,דאנינג יוה פודס קו,CN,מזרח ומערב יבוא דאני,מיליליטרים,500.00,"100 מ""ל",false,,21.90,0.0438,true,1,130793
6936745600783,false,"חומץ אורז 500 מ""ל (דאניינג)",דאנינג יוה פודס קו,CN,מזרח ומערב יבוא דאני,מיליליטרים,500.00,"100 מ""ל",false,,15.90,0.0318,true,1,130794
6937266700785,false,שיק אינטואישן סנסיטיב נשים סכיני גילוח*3,שסטוביץ,CN,שיק אינטואישן סנסטיב,יחידה,0.00,יחידה,false,,32.90,0.0000,true,1,195268
6937300819299,false,קומקום תה 1.2 ל NAS,,,קומקום תה 1.2 ל NAS,יחידה,0.00,יחידה,false,,79.90,0.0000,true,1,245443
6937893229895,false,תשעה סכיני סטייק ARC,,,תשעה סכיני סטייק ARC,יחידה,0.00,יחידה,false,,19.90,0.0000,true,1,218998
6939409515003,false,"קערה נירוסטה 22 ס""מ",,,"קערה נירוסטה 22 ס""מ",יחידה,0.00,יחידה,false,,14.90,0.0000,true,1,176124
6940152200627,false,סוכר קנדל 100 גרם,,,סוכר קנדל 100 גרם,יחידה,0.00,יחידה,false,,4.90,0.0000,true,1,263426
6940202111651,false,תבנית מעמול מלמין Y.,,,תבנית מעמול מלמין Y.,יחידה,0.00,יחידה,false,,7.90,0.0000,true,1,255531
6941349513629,false,ברגנר מאג תרמי נירוס,,,ברגנר מאג תרמי נירוס,יחידה,0.00,יחידה,false,,14.90,0.0000,true,1,219264
6941349513650,false,ברגנר מאג תרמי נירוס,,,ברגנר מאג תרמי נירוס,יחידה,0.00,יחידה,false,,14.90,0.0000,true,1,219265
6942691560156,false,דרגו כבל אוקס פרימיו,,,דרגו כבל אוקס פרימיו,יחידה,0.00,יחידה,false,,10.00,0.0000,true,1,241431
6942709156005,false,כבל טייפ סי 1 מטר דר,,,כבל הטענה טייפ סי 1,יחידה,0.00,יחידה,false,,10.00,0.0000,true,1,241369
6942709156111,false,כבל אייפון 1 מטר דרג,,,כבל אייפון 1 מטר,יחידה,0.00,יחידה,false,,10.00,0.0000,true,1,241367
6942709156302,false,אוזניות גלקסי/אייפון,,,אוזניות גלקסי/אייפון,יחידה,0.00,יחידה,false,,15.00,0.0000,true,1,241426
6942709158009,false,דרגו-כבל טייפ סי 2 מ,,,דרגו-כבל טייפ סי 2 מ,יחידה,0.00,יחידה,false,,15.00,0.0000,true,1,241371
6944683366159,false,ערמונים קלויים קלופי,צנגדה סיטי,,ערמונים קלויים קלופי,יחידה,0.00,יחידה,false,,5.90,0.0000,true,1,156505
6947854010318,false,רשת קאבב בונני,,,רשת קאבב בונני,יחידה,0.00,יחידה,false,,16.90,0.0000,true,1,267010
6947854010325,false,רשת קאבב גקול,,,רשת קאבב גקול,יחידה,0.00,יחידה,false,,19.90,0.0000,true,1,267011
6947854010332,false,רשת לקאבב גדול,,,רשת לקאבב גדול,יחידה,0.00,יחידה,false,,29.90,0.0000,true,1,267012
6951097115372,false,בונבוניירה,,,בונבוניירה,יחידה,0.00,יחידה,false,,10.00,0.0000,true,1,262502
6957396122217,false,ספריי סקאי לרכב במג,,,ספריי סקאי לרכב במג,יחידה,0.00,יחידה,false,,12.90,0.0000,true,1,265438
6958462310745,false,סט 6 שיפודים עגולים,,,סט 6 שיפודים עגולים,יחידה,0.00,יחידה,false,,14.90,0.0000,true,1,227232
6959375198871,false,תרסיס סקאי לרכב 004 FLAMINGO MIX,,,FLAMINGO תרסיס סקאי,יחידה,0.00,יחידה,false,,10.00,0.0000,true,1,191414
6959375199298,false,DIESEL 054 תוסף הזרק,,,DIESEL 054 תוסף הזרק,יחידה,0.00,יחידה,false,,16.90,0.0000,true,1,239649
6959375199304,false,053 FLAMINGO תוסף הז,,,053 FLAMINGO תוסף הז,יחידה,0.00,יחידה,false,,16.90,0.0000,true,1,239650
6959375199588,false,FLAMINGO - 029 פולי,,,FLAMINGO - 029 פולי,יחידה,0.00,יחידה,false,,18.90,0.0000,true,1,235424
6959375199786,false,FLAMINGO - אנטי פנצ,,,FLAMINGO - אנטי פנצ,יחידה,0.00,יחידה,false,,16.90,0.0000,true,1,187446
6959375199984,false,FLAMINGO -תכלית קצף,,,FLAMINGO -תכלית קצף,יחידה,0.00,יחידה,false,,18.90,0.0000,true,1,187451
6971071749393,false,כבל מיקרו 3A 1M TPE,,,כבל מיקרו 3A 1M TPE,יחידה,0.00,יחידה,false,,9.90,0.0000,true,1,220571
6974640730167,false,פטריות שיטאקה 100 גר (כ) (Zhejiang),ZHEJIANG FOREST INDU,CN,פטריות שיטאקה 100 גר,גרמים,100.00,100 גרם,false,,16.50,0.1650,true,1,259900
6977211652103,false,אטבים *24 (BL165210),,,אטבים *24 (BL165210),יחידה,0.00,יחידה,false,,4.90,0.0000,true,1,221947
6977411221123,false,תבנית מעמול עגול עם,,,תבנית מעמול עגול עם,יחידה,0.00,יחידה,false,,14.90,0.0000,true,1,203842
6982021040262,false,א לוח חיתוך 30*40 עץ,,,א לוח חיתוך 30*40 עץ,יחידה,0.00,יחידה,false,,44.90,0.0000,true,1,245459
6984612034926,false,פנגאן נירוסטה + מכסה,,,פנגאן נירוסטה + מכסה,יחידה,0.00,יחידה,false,,24.90,0.0000,true,1,267028
6984612034940,false,פנגאן נירוסטה 12,,,פנגאן נירוסטה 12,יחידה,0.00,יחידה,false,,29.90,0.0000,true,1,267029
6984612034964,false,פנגאן נירוסטה 14,,,פנגאן נירוסטה 14,יחידה,0.00,יחידה,false,,34.90,0.0000,true,1,267030
6985462458139,false,דרגו-אייר פודס,,,דרגו-אייר פודס,יחידה,0.00,יחידה,false,,89.90,0.0000,true,1,241422
6999202241219,false,קומקום תה אמייל 2.5,,,קומקום תה אמייל 2.5,יחידה,0.00,יחידה,false,,59.90,0.0000,true,1,269631
7038513829002,false,גורדן חוט דנטלי אין ביטוין 50 מ,ג'ורדן Jordan,MY,ג'ורדן חוט דנטלי 50-,יחידה,1.00,יחידה,false,,11.90,11.9000,true,1,205003
7038516140418,false,מברשת שיניים גורדן טוטל קלין מדיום 4 י,ג'ורדן Jordan,MY,גורדן מברשת טוטאל קל,יחידה,4.00,יחידה,false,,19.90,4.9750,true,1,205001
7201804004161,false,סט 3 כדורים,,,סט 3 כדורים,יחידה,0.00,יחידה,false,,10.00,0.0000,true,1,220041
7209000683043,false,"לפת צנצנת 1 ק""ג סלומה",,,"לפת צנצנת 1 ק""ג",קילוגרמים,1.00,"ק""ג",false,,19.90,19.9000,true,1,172631
7209000683050,false,"פלפל ירוק צנצנת 1 ק""ג סלומה",,,פלפל מתוק בצנצנת,יחידה,0.00,יחידה,false,,19.90,0.0000,true,1,172632
7209000683067,false,"חצילים צנצנת 1 ק""ג סלומה",,,חציל חמוץ בצנצנת,יחידה,0.00,יחידה,false,,29.90,0.0000,true,1,172633
7209000683074,false,"זיתים צנצנת 1 ק""ג סלומה",,,זיתים חמוצים בצנצנת,יחידה,0.00,יחידה,false,,29.90,0.0000,true,1,172634
7209000683081,false,"מלפפון צנצנת קטן 1 ק""ג סלומה",,,"מלפפונים צנצנת 1 ק""ג",קילוגרמים,1.00,"ק""ג",false,,29.90,29.9000,true,1,172635
7209000689038,false,"פקליס צנצנת 1 ק""ג סלומה",,,"פיקליס צנצנת 1 ק""ג",קילוגרמים,1.00,"ק""ג",false,,19.90,19.9000,true,1,172636
7290000000001,false,עגבניות,,,לימון,קילוגרמים,1.00,"ק""ג",true,,7.90,7.9000,true,1,140479
7290000000002,false,לחם אחיד כהה 750 גרם,אנג'ל,IL,תפוזים,קילוגרמים,1.00,"ק""ג",true,,6.90,6.9000,true,1,140480
7290000000003,false,"תפו""א לבן ארוז",,,"תפו""א לבן ארוז",קילוגרמים,1.00,"ק""ג",true,,3.90,3.9000,true,1,140481
7290000000004,false,לחמניית אצבע עם נקני,,,בצל יבש,קילוגרמים,1.00,"ק""ג",true,,3.90,3.9000,true,1,140482
7290000000005,false,פלפל נהריה,,IL,עגבניה,קילוגרמים,1.00,"ק""ג",true,,5.90,5.9000,true,1,140483
7290000000006,false,פלפל ירוק,,,כרובית,קילוגרמים,1.00,"ק""ג",true,,14.90,14.9000,true,1,140484
7290000000007,false,פלפל אדום,,,כרוב לבן,קילוגרמים,1.00,"ק""ג",true,,3.90,3.9000,true,1,140485
7290000000008,false,כרוב אדום,,,כרוב אדום,קילוגרמים,1.00,"ק""ג",true,,5.90,5.9000,true,1,140486
7290000000009,false,כרוב ירוק,,,בצל ירוק,יחידה,0.00,יחידה,false,,4.90,0.0000,true,1,140487
7290000000010,false,ארטיק קרח,,,שום ארוז,יחידה,0.00,יחידה,false,,7.90,0.0000,true,1,140488
7290000000011,false,פלפל חריף,,,פלפל חריף,קילוגרמים,1.00,"ק""ג",true,,8.90,8.9000,true,1,140489
7290000000012,false,פלפל אדום,,,פלפל אדום,קילוגרמים,1.00,"ק""ג",true,,9.90,9.9000,true,1,140490
7290000000013,false,פלפל ירוק,,,פלפל ירוק,קילוגרמים,1.00,"ק""ג",true,,9.90,9.9000,true,1,140491
7290000000014,false,שעועית ירוקה,,,עגבניות שרי,קילוגרמים,1.00,"ק""ג",true,,17.90,17.9000,true,1,140492
7290000000015,false,עיתון ידיעות שבת,,,מלפפון,קילוגרמים,1.00,"ק""ג",true,,4.90,4.9000,true,1,140493
7290000000016,false,תפוחי אדמה לבן,,,חסה,יחידה,0.00,יחידה,false,,3.90,0.0000,true,1,140494
7290000000017,false,סלרי עלים,,,סלרי עלים,יחידה,0.00,יחידה,false,,4.90,0.0000,true,1,140495
7290000000019,false,חציל חממה,ריץ',,חציל חממה,קילוגרמים,1.00,"ק""ג",true,,5.90,5.9000,true,1,140497
7290000000020,false,חסה מהדרין,,,מנדרינה,קילוגרמים,1.00,"ק""ג",true,,5.90,5.9000,true,1,140498
7290000000021,false,פטרוזיליה,,,פטרוזיליה,יחידה,0.00,יחידה,false,,3.90,0.0000,true,1,140499
7290000000022,false,סלרי עלים,,,שמיר,יחידה,0.00,יחידה,false,,3.90,0.0000,true,1,140500
7290000000023,false,כוסברה יח',,,כוסברה יח',יחידה,0.00,יחידה,false,,3.90,0.0000,true,1,140501
7290000000024,false,תירס מקולף,,,גזר ארוז,קילוגרמים,1.00,"ק""ג",true,,3.90,3.9000,true,1,140502
7290000000026,false,חסה עגולה,,,חסה עגולה,יחידה,0.00,יחידה,false,,4.90,0.0000,true,1,140504
7290000000027,false,פומלה,,,פומלה,קילוגרמים,1.00,"ק""ג",true,,9.90,9.9000,true,1,140505
7290000000028,false,אשכולית לבנה,,,אשכולית לבנה,קילוגרמים,1.00,"ק""ג",true,,6.90,6.9000,true,1,140506
7290000000029,false,ענבים שחורים גדו,,,אשכולית אדומה,קילוגרמים,1.00,"ק""ג",true,,6.90,6.9000,true,1,140507
7290000000030,false,תפוח גרנד,,,תפוח גרנד,קילוגרמים,1.00,"ק""ג",true,,9.90,9.9000,true,1,140508
7290000000031,false,תפוח זהוב,,,תפוח זהוב,קילוגרמים,1.00,"ק""ג",true,,9.90,9.9000,true,1,140509
7290000000032,false,בטטה ירושלמית,,,תפוח יונתן,קילוגרמים,1.00,"ק""ג",true,,14.90,14.9000,true,1,140510
7290000000033,false,תפוח אדמה גורמה,,,תפוח חרמון,קילוגרמים,1.00,"ק""ג",true,,10.90,10.9000,true,1,140511
7290000000034,false,חסה ערבית,,,בטטה,קילוגרמים,1.00,"ק""ג",true,,9.90,9.9000,true,1,140512
7290000000035,false,תוספת שתיה בקירור,,,צנון בלדי,קילוגרמים,1.00,"ק""ג",true,,6.90,6.9000,true,1,140513
7290000000036,false,כרוב סיני,,,בננה,קילוגרמים,1.00,"ק""ג",true,,7.90,7.9000,true,1,140514
7290000000037,false,"תפו""א ירושלמי",,,"תפו""א ירושלמי",קילוגרמים,1.00,"ק""ג",true,,9.90,9.9000,true,1,140515
7290000000038,false,ברוקולי מגש,,,קיווי,קילוגרמים,1.00,"ק""ג",true,,9.90,9.9000,true,1,140516
7290000000039,false,שתיה קרה 1.5 ליטר,,,אגס,קילוגרמים,1.00,"ק""ג",true,,9.90,9.9000,true,1,140517
7290000000040,false,לפת,,,לפת,קילוגרמים,1.00,"ק""ג",true,,5.90,5.9000,true,1,140518
7290000000041,false,משלוח חינם (בקניה מע,,,סלק אדום,קילוגרמים,1.00,"ק""ג",true,,5.90,5.9000,true,1,140519
7290000000042,false,קישואים חממה,,,קישואים חממה,קילוגרמים,1.00,"ק""ג",true,,9.90,9.9000,true,1,140520
7290000000044,false,סופגניה מיני עם תוספ,,,פטרוזיליה קצוצה,יחידה,0.00,יחידה,false,,9.90,0.0000,true,1,140521
7290000000045,false,תפוח אדמה אדום,,,אבוקדו,קילוגרמים,1.00,"ק""ג",true,,13.90,13.9000,true,1,140522
7290000000046,false,גזר בתפזורת,,,תירס עלים,קילוגרמים,1.00,"ק""ג",true,,7.90,7.9000,true,1,140523
7290000000047,false,חבילת נענע טריה,,,צנון,קילוגרמים,1.00,"ק""ג",true,,8.90,8.9000,true,1,140524
7290000000048,false,נענע,,,נענע,יחידה,0.00,יחידה,false,,3.90,0.0000,true,1,140525
7290000000049,false,כרישה (לוף פראסה),,,שומר,קילוגרמים,1.00,"ק""ג",true,,9.90,9.9000,true,1,140526
7290000000050,false,שרי תמר,,,שרי תמר,קילוגרמים,1.00,"ק""ג",true,,19.90,19.9000,true,1,140527
7290000000054,false,פלפל כתום,,,דלעת,קילוגרמים,1.00,"ק""ג",true,,9.90,9.9000,true,1,140531
7290000000055,false,סלק עלים,,,תות שדה,יחידה,0.00,יחידה,false,,29.90,0.0000,true,1,140532
7290000000056,false,משלוח בתוך העיר,,,ארטישוק,קילוגרמים,1.00,"ק""ג",true,,19.90,19.9000,true,1,140533
7290000000057,false,פלפל צהוב,,,פלפל צהוב,קילוגרמים,1.00,"ק""ג",true,,9.90,9.9000,true,1,140534
7290000000059,false,שעועית ירוקה,,,שעועית ירוקה,קילוגרמים,1.00,"ק""ג",true,,29.90,29.9000,true,1,140536
7290000000061,false,שעועית צהובה,,,שעועית צהובה,קילוגרמים,1.00,"ק""ג",true,,29.90,29.9000,true,1,140538
7290000000062,false,"תפו""א אדום ארוז",,,"תפו""א אדום ארוז",קילוגרמים,1.00,"ק""ג",true,,4.90,4.9000,true,1,140539
7290000000063,false,קלמנטינה,,,קלמנטינה,קילוגרמים,1.00,"ק""ג",true,,6.90,6.9000,true,1,140540
7290000000066,false,שזיף אדום,,,ענב לבן,קילוגרמים,1.00,"ק""ג",true,,29.90,29.9000,true,1,223097
7290000000067,false,ארטישוק ירושלמי,,,ארטישוק ירושלמי,קילוגרמים,1.00,"ק""ג",true,,14.90,14.9000,true,1,140544
7290000000069,false,ענבים ירוקים,,,שזיף אדום,קילוגרמים,1.00,"ק""ג",true,,19.90,19.9000,true,1,140546
7290000000070,false,פלפל שושקה ירוק/ אדו,,,ענב שחור,קילוגרמים,1.00,"ק""ג",true,,22.90,22.9000,true,1,224344
7290000000071,false,אבטיח,,,מנגו,קילוגרמים,1.00,"ק""ג",true,,14.90,14.9000,true,1,224345
7290000000074,false,תפוח עץ יונתן,,,פפאיה,קילוגרמים,1.00,"ק""ג",true,,19.90,19.9000,true,1,232837
7290000000076,false,פלפל אדום חריף,,,לימון ליים,קילוגרמים,1.00,"ק""ג",true,,9.90,9.9000,true,1,242567
7290000000078,false,משלוח הסתדרות-שליח ח,,,קולורבי,קילוגרמים,1.00,"ק""ג",true,,9.90,9.9000,true,1,140555
7290000000079,false,מים 1.5 ליטר קר,,,דלורית,קילוגרמים,1.00,"ק""ג",true,,7.90,7.9000,true,1,140556
7290000000080,false,טרגון ארוז,ביכורי שדה דרום 2002,,רימונים,קילוגרמים,1.00,"ק""ג",true,,8.90,8.9000,true,1,140557
7290000000082,false,ברוקולי ארוז,,,ברוקולי ארוז,יחידה,0.00,יחידה,false,,8.90,0.0000,true,1,140559
7290000000083,false,אנונה,,,אנונה,קילוגרמים,1.00,"ק""ג",true,,29.90,29.9000,true,1,140560
7290000000085,false,ענבי טלי,,,ענבי טלי,קילוגרמים,1.00,"ק""ג",true,,29.90,29.9000,true,1,140562
7290000000086,false,תירס ארוז,,,תירס ארוז,קילוגרמים,1.00,"ק""ג",true,,8.90,8.9000,true,1,140563
7290000000088,false,תפוזים,,,אננס,קילוגרמים,1.00,"ק""ג",true,,34.90,34.9000,true,1,140565
7290000000090,false,עיתון לאשה,,,סלרי ראש,יחידה,0.00,יחידה,false,,4.90,0.0000,true,1,140567
7290000000091,false,דמי משלוח - אתר אינטרנט,,,שורש פטרוזיליה,יחידה,0.00,יחידה,false,,4.90,0.0000,true,1,140568
7290000000094,false,תפוח גאלה,,,תפוח גאלה,קילוגרמים,1.00,"ק""ג",true,,9.90,9.9000,true,1,140571
7290000000095,false,ביסלי/מיקס ביסלי אסם,,,מלפפון בייבי,יחידה,0.00,יחידה,false,,9.90,0.0000,true,1,140572
7290000000097,false,צנונית ארוזה 400 גרם,,,צנונית ארוזה 400 גרם,גרמים,400.00,100 גרם,false,,3.90,0.0097,true,1,140574
7290000000100,false,אבוקדו האס,,,אבוקדו האס,קילוגרמים,1.00,"ק""ג",true,,17.90,17.9000,true,1,140577
7290000000101,false,חבילת פיתות קטן 10 י,ביכורי השקמה,,חבילת פיתות קטן 10 י,יחידה,10.00,יחידה,false,,12.00,1.2000,true,1,167125
7290000000102,false,מי קוקוס אמפאווה+מוט,ביכורי השקמה,,פיתה דרוזית חבילה,יחידה,0.00,יחידה,false,,35.00,0.0000,true,1,142512
7290000000103,false,חלה רגילה,ביכורי השקמה,,חלה רגילה,יחידה,0.00,יחידה,false,,6.26,0.0000,true,1,104885
7290000000116,false,תפוח עץ ירוק גרנד סמ,ביכורי השקמה,,פלפל שושקה,קילוגרמים,1.00,"ק""ג",true,,14.90,14.9000,true,1,140578
7290000000118,false,גזר תפזורת,ביכורי השקמה,,גזר תפזורת,קילוגרמים,1.00,"ק""ג",true,,4.90,4.9000,true,1,140579
7290000000134,false,פטריות יער,ביכורי השקמה,,פטריות יער,קילוגרמים,1.00,"ק""ג",true,,29.90,29.9000,true,1,140580
7290000000135,false,אפרסמון קרמבו,ביכורי השקמה,,אפרסמון קרמבו,קילוגרמים,1.00,"ק""ג",true,,19.90,19.9000,true,1,140581
7290000000147,false,פטריות שמפיניון במשק,ביכורי השקמה,,תפוז סיני,קילוגרמים,1.00,"ק""ג",true,,14.90,14.9000,true,1,140584
7290000000157,false,שום טרי עלים חתוך,ביכורי השקמה,,עלי גפן,גרמים,1000.00,100 גרם,false,,20.00,0.0200,true,1,236760
7290000000158,false,צנון שחור/לבן,ביכורי השקמה,,חציל קטן,קילוגרמים,1.00,"ק""ג",true,,6.90,6.9000,true,1,140591
7290000000171,false,פטריות פורטבלו,ביכורי השקמה,,פטריות פורטבלו,קילוגרמים,1.00,"ק""ג",true,,34.90,34.9000,true,1,140593
7290000000172,false,קוקטייל צמחי בית קער,,,פלפל חריף אדום,קילוגרמים,1.00,"ק""ג",true,,9.90,9.9000,true,1,140594
7290000000173,false,שורש פטרוזיליה,אדמה,,אגס קוסטיה,קילוגרמים,1.00,"ק""ג",true,,14.90,14.9000,true,1,140595
7290000000174,false,פלפל כתום,אדמה,,פלפל כתום,קילוגרמים,1.00,"ק""ג",true,,8.90,8.9000,true,1,140596
7290000000194,false,"תפו""א לבן תפזורת",ביכורי השקמה,,"תפו""א לבן תפזורת",קילוגרמים,1.00,"ק""ג",true,,3.90,3.9000,true,1,140597
7290000000222,false,וטצינה מוסקובסקיה,ישרקו שיווק מותגי מז,,"זנגביל-ג""ינג""ר",קילוגרמים,1.00,"ק""ג",true,,24.90,24.9000,true,1,140599
7290000000228,false,"תפו""א קטן לאפייה",ישרקו שיווק מותגי מז,,"תפו""א קטן לאפייה",קילוגרמים,1.00,"ק""ג",true,,3.90,3.9000,true,1,140603
7290000000229,false,בצל אדום יבש,ישרקו שיווק מותגי מז,,בצל אדום יבש,קילוגרמים,1.00,"ק""ג",true,,6.90,6.9000,true,1,140604
7290000000232,false,לימון סיני,ביכורי השקמה,,בצל לאש,קילוגרמים,1.00,"ק""ג",true,,8.90,8.9000,true,1,140605
7290000000233,false,פטריות שמפיניון,ישרקו שיווק מותגי מז,,פטריות שמפיניון,קילוגרמים,1.00,"ק""ג",true,,34.90,34.9000,true,1,140606
7290000000234,false,סלה ביתי/הונגרי,ישרקו שיווק מותגי מז,,חציל בלדי,קילוגרמים,1.00,"ק""ג",true,,5.90,5.9000,true,1,140607
7290000000235,false,מלפפון בלדי,,,מלפפון בלדי,קילוגרמים,1.00,"ק""ג",true,,12.90,12.9000,true,1,140608
7290000000236,false,ברוקולי מיני סגול מש,ישרקו שיווק מותגי מז,,קישואים בלדי,קילוגרמים,1.00,"ק""ג",true,,9.90,9.9000,true,1,140609
7290000000241,false,כרוב שטוח,,,כרוב שטוח,קילוגרמים,1.00,"ק""ג",true,,6.90,6.9000,true,1,140612
7290000000244,false,חצילים בלדי,ביכורי השקמה,,פומלית,קילוגרמים,1.00,"ק""ג",true,,6.90,6.9000,true,1,140613
7290000000247,false,סלמי בקר גרנאדה,ישרקו שיווק מותגי מז,,תפוח גלה,קילוגרמים,1.00,"ק""ג",true,,9.90,9.9000,true,1,140614
7290000000250,false,סלמי פינלנד,ישרקו שיווק מותגי מז,,קובו,קילוגרמים,1.00,"ק""ג",true,,19.90,19.9000,true,1,140617
7290000000251,false,שינקן פולני חצי,ישרקו שיווק מותגי מז,,תפוז ברשת,קילוגרמים,1.00,"ק""ג",true,,4.90,4.9000,true,1,140618
7290000000252,false,פטריות שמפניון א א,,,פטריות שמפניון א א,קילוגרמים,1.00,"ק""ג",true,,29.90,29.9000,true,1,140619
7290000000253,false,שינקן צועני,ישרקו שיווק מותגי מז,,אפרסמון,קילוגרמים,1.00,"ק""ג",true,,13.90,13.9000,true,1,140620
7290000000262,false,דלעת ערמונים,,,דלעת ערמונים,קילוגרמים,1.00,"ק""ג",true,,9.90,9.9000,true,1,156844
7290000000304,false,"תפו""א אדום תפזורת",,,"תפו""א אדום תפזורת",קילוגרמים,1.00,"ק""ג",true,,4.90,4.9000,true,1,162997
7290000000307,false,קישואים זוקיני ירוק,ביכורי השקמה,,קישואים זוקיני ירוק,קילוגרמים,1.00,"ק""ג",true,,9.90,9.9000,true,1,167040
7290000000308,false,קישואים זוקיני צהוב,,,קישואים זוקיני צהוב,קילוגרמים,1.00,"ק""ג",true,,7.90,7.9000,true,1,167041
7290000000331,false,תפוח עץ נאשי,,,תפוח עץ נאשי,קילוגרמים,1.00,"ק""ג",true,,17.90,17.9000,true,1,161914
7290000000333,false,פקדון בקבוק 30 אגורו,ביכורי השקמה,,פקדון בקבוק 30 אגורו,יחידה,0.00,יחידה,false,,0.30,0.0000,true,1,133424
7290000000370,false,דונאטס פרימיום (פילס,,,דונאטס פרימיום (פילס,יחידה,0.00,יחידה,false,,5.90,0.0000,true,1,219202
7290000000372,false,קאפקייקס,,,קאפקייקס,יחידה,0.00,יחידה,false,,6.00,0.0000,true,1,219205
7290000000390,false,מארז שוופס סודה 250,"ולדמן ביח""ר לנקניק ו",,קישואים עגול,קילוגרמים,1.00,"ק""ג",true,,14.90,14.9000,true,1,140627
7290000000401,false,תמרים מגהול כחול 5 ק,"ולדמן ביח""ר לנקניק ו",,תמרים מגהול כחול 5 ק,קילוגרמים,5.00,"ק""ג",false,,100.00,20.0000,true,1,224541
7290000000403,false,"תמרים מג""הול כתום 5","ולדמן ביח""ר לנקניק ו",,"תמרים מג""הול כתום 5",קילוגרמים,5.00,"ק""ג",false,,120.00,24.0000,true,1,248483
7290000000468,false,כרעיים/שוקיים עוף מע,"ולדמן ביח""ר לנקניק ו",,משטח עץ,יחידה,1.00,יחידה,false,,9.00,9.0000,true,1,259797
7290000000502,false,"תמרים מג""הול שחור 5ק",מעדני מניה תעשיות בש,,"תמרים מג""הול שחור 5ק",יחידה,0.00,יחידה,false,,250.00,0.0000,true,1,242485
7290000000552,false,תפוז טרי סחוט,מעדני מניה תעשיות בש,,תפוז טרי סחוט,יחידה,0.00,יחידה,false,,9.90,0.0000,true,1,191680
7290000000603,false,תמרים מגהול כחול 5 ק,,,תמרים מגהול כחול 5 ק,קילוגרמים,5.00,"ק""ג",false,,100.00,20.0000,true,1,261944
7290000000606,false,תמרים פרימיום 3.5 ק,משתנה,IL,תמרים פרימיום 3.5 ק,יחידה,0.00,יחידה,false,,150.00,0.0000,true,1,267904
7290000000607,false,תמרים פרימיום 3.5 ק,,,תמרים פרימיום 3.5 ק,יחידה,0.00,יחידה,false,,150.00,0.0000,true,1,248688
7290000000623,false,סלמי גביאזי בקר פרוס,קרלברג ייצור ושיווק,IL,"תמרים מג""הול זהב 5 ק",קילוגרמים,5.00,"ק""ג",false,,200.00,40.0000,true,1,248486
7290000000657,false,הבטטה הסגולה,,,הבטטה הסגולה,קילוגרמים,1.00,"ק""ג",true,,9.90,9.9000,true,1,252944
7290000000666,false,פטריות בתפזורת,משתנה,IL,לוף תפזורת,קילוגרמים,1.00,"ק""ג",true,,9.90,9.9000,true,1,246895
7290000000889,false,פטאיה,,,פטאיה,קילוגרמים,1.00,"ק""ג",true,,29.90,29.9000,true,1,140631
7290000000990,false,אגס יבוא,,,אגס יבוא,קילוגרמים,1.00,"ק""ג",true,,14.90,14.9000,true,1,140634
7290000000993,false,קפה -סניפי super,,,חצילון,קילוגרמים,1.00,"ק""ג",true,,8.90,8.9000,true,1,162187
7290000001040,false,נקניק אקסטרה,מעדני מניה תעשיות בש,,לימון ברשת,קילוגרמים,1.00,"ק""ג",true,,4.90,4.9000,true,1,267921
7290000001116,false,אגס אדום,,,אגס אדום,קילוגרמים,1.00,"ק""ג",true,,17.90,17.9000,true,1,224360
7290000001155,false,אבוקדו ברשת,,,אבוקדו ברשת,קילוגרמים,1.00,"ק""ג",true,,8.90,8.9000,true,1,140637
7290000001212,false,"ג""רג""יר",,,"ג""רג""יר",יחידה,0.00,יחידה,false,,3.90,0.0000,true,1,140639
7290000001250,false,תפוח פינק לידי,,,תפוח פינק,קילוגרמים,1.00,"ק""ג",true,,13.90,13.9000,true,1,140642
7290000001274,false,שום תפזורת,,,שום תפזורת,קילוגרמים,1.00,"ק""ג",true,,19.90,19.9000,true,1,140644
7290000001306,false,ענב רד גלוב,,,ענב רד גלוב,קילוגרמים,1.00,"ק""ג",true,,17.90,17.9000,true,1,140648
7290000001728,false,דג דניס טרי שלם,,,דג דניס טרי שלם,קילוגרמים,1.00,"ק""ג",true,,64.90,64.9000,true,1,263795
7290000001942,false,ריבר בלו דליקט עם עו,,,ריבר בלו דליקט עם עו,קילוגרמים,1.00,"ק""ג",true,,80.00,80.0000,true,1,261509
7290000001959,false,ריבר בלו סטרונג עם ע,,,ריבר בלו סטרונג עם ע,קילוגרמים,1.00,"ק""ג",true,,80.00,80.0000,true,1,261510
7290000002505,false,יורוציז גאודה עיזים,,,יורוציז גאודה עיזים,קילוגרמים,1.00,"ק""ג",true,,129.00,129.0000,true,1,157076
7290000002507,false,פרמזנו רגאנו גלגל,,,פרמזנו רגאנו גלגל,קילוגרמים,1.00,"ק""ג",true,,150.00,150.0000,true,1,156222
7290000002850,false,תנובה קולאג פרמזן,,,תנובה קולאג פרמזן,קילוגרמים,1.00,"ק""ג",true,,125.00,125.0000,true,1,126748
7290000003070,false,שומרון קשקבל טורקי,,,שומרון קשקבל טורקי,קילוגרמים,1.00,"ק""ג",true,,119.00,119.0000,true,1,134056
7290000003094,false,שומרון ברינזה צאן,,,שומרון ברינזה צאן,קילוגרמים,1.00,"ק""ג",true,,80.00,80.0000,true,1,134058
7290000003117,false,שומרון בולגרית מעודנ,,,שומרון בולגרית מעודנ,קילוגרמים,1.00,"ק""ג",true,,55.00,55.0000,true,1,134059
7290000003148,false,שומרון צפתית רכה/עם,,,שומרון צפתית רכה/עם,קילוגרמים,1.00,"ק""ג",true,,59.00,59.0000,true,1,134061
7290000003193,false,שומרון בולגרית קלאסי,,,שומרון בולגרית קלאסי,קילוגרמים,1.00,"ק""ג",true,,60.00,60.0000,true,1,134062
7290000003467,false,אמנטלר,,,אמנטלר,קילוגרמים,1.00,"ק""ג",true,,75.00,75.0000,true,1,261513
7290000003894,false,שוקחה עזים פריקו,,,שוקחה עזים פריקו,קילוגרמים,1.00,"ק""ג",true,,140.00,140.0000,true,1,145233
7290000004018,false,קערה,,,קערה,יחידה,0.00,יחידה,false,,19.90,0.0000,true,1,261630
7290000004177,false,יורוציז גבינה ברי צר,,,יורוציז גבינה ברי צר,קילוגרמים,1.00,"ק""ג",true,,110.00,110.0000,true,1,157077
7290000005505,false,דרג'ה \ שוקולד מובחר,,,דרג'ה \ שוקולד מובחר,קילוגרמים,1.00,"ק""ג",true,,70.00,70.0000,true,1,172765
7290000006160,false,ישרקו צדר לבן גרמני,,,ישרקו צדר לבן גרמני,קילוגרמים,1.00,"ק""ג",true,,95.00,95.0000,true,1,160259
7290000007867,false,קנקן לתה,,,קנקן לתה,יחידה,0.00,יחידה,false,,39.90,0.0000,true,1,261470
7290000012195,false,פתיתים לפיצה בסגנון,,,פתיתים לפיצה בסגנון,קילוגרמים,1.00,"ק""ג",true,,50.00,50.0000,true,1,218602
7290000012373,false,יורוציז גאודה פסטו י,,,יורוציז גאודה פסטו י,קילוגרמים,1.00,"ק""ג",true,,130.00,130.0000,true,1,157063
7290000012374,false,יורוציז גאודה פסטו א,,,יורוציז גאודה פסטו א,קילוגרמים,1.00,"ק""ג",true,,130.00,130.0000,true,1,157064
7290000012485,false,אריסה טוניסאית 500 ג,,,אריסה טוניסאית 500 ג,גרמים,500.00,100 גרם,false,,17.90,0.0358,true,1,105582
7290000012532,false,ישרקו גאודה פסטו,,,ישרקו גאודה פסטו,קילוגרמים,1.00,"ק""ג",true,,135.00,135.0000,true,1,160252
7290000012535,false,ישרקו גאודה אגוזים,,,ישרקו גאודה אגוזים,קילוגרמים,1.00,"ק""ג",true,,130.00,130.0000,true,1,160243
7290000013006,false,פסטרמה מקסיקנית זוגל,,,פסטרמה מקסיקנית זוגל,קילוגרמים,1.00,"ק""ג",true,,90.00,90.0000,true,1,134194
7290000013037,false,פסטרמה פרגיות על לבנ,,,פסטרמה פרגיות על לבנ,קילוגרמים,1.00,"ק""ג",true,,90.00,90.0000,true,1,134197
7290000013174,false,פסטרמה של פעם זוגלוב,,,פסטרמה של פעם זוגלוב,קילוגרמים,1.00,"ק""ג",true,,90.00,90.0000,true,1,134199
7290000013747,false,תה סלמי מפולפל זוגלו,,,תה סלמי מפולפל זוגלו,קילוגרמים,1.00,"ק""ג",true,,50.00,50.0000,true,1,134203
7290000013808,false,פסטרמה כרמל זוגלובק,,,פסטרמה כרמל זוגלובק,קילוגרמים,1.00,"ק""ג",true,,59.00,59.0000,true,1,213236
7290000013853,false,פסטרמה כרמל מפולפל ז,,,פסטרמה כרמל מפולפל ז,קילוגרמים,1.00,"ק""ג",true,,59.00,59.0000,true,1,213237
7290000013877,false,בריסקט ברביקיו ריינה,,,בריסקט ברביקיו ריינה,קילוגרמים,1.00,"ק""ג",true,,189.00,189.0000,true,1,190605
7290000014142,false,אריסה טוניסאית 200 ג,,,אריסה טוניסאית 200 ג,גרמים,200.00,100 גרם,false,,9.90,0.0495,true,1,105583
7290000015283,false,עוגת שמרים אגוזים,,,עוגת שמרים אגוזים,יחידה,0.00,יחידה,false,,21.90,0.0000,true,1,154014
7290000015290,false,עוגת שמרים קינמון,,,עוגת שמרים קינמון,00000000000000000000,0.00,00000000000000000000,false,,16.90,0.0000,true,1,154015
7290000017341,false,ישרקו גאודה עשבי תיב,,,ישרקו גאודה עשבי תיב,קילוגרמים,1.00,"ק""ג",true,,120.00,120.0000,true,1,138274
7290000017495,false,ישרקו צדר עם ויסקי,,,ישרקו צדר עם ויסקי,קילוגרמים,1.00,"ק""ג",true,,140.00,140.0000,true,1,138280
7290000018103,false,פסטרמה ברביקיו יחיעם,,,פסטרמה ברביקיו יחיעם,קילוגרמים,1.00,"ק""ג",true,,79.00,79.0000,true,1,116195
7290000018165,false,פסטרמה אמיתית צלויה,,,פסטרמה אמיתית צלויה,קילוגרמים,1.00,"ק""ג",true,,85.00,85.0000,true,1,116197
7290000018349,false,מעדן הודו יחיעם,,,מעדן הודו יחיעם,קילוגרמים,1.00,"ק""ג",true,,85.00,85.0000,true,1,166145
7290000018363,false,פסטרמה ברביקיו לבגט,,,פסטרמה ברביקיו לבגט,קילוגרמים,1.00,"ק""ג",true,,85.00,85.0000,true,1,174729
7290000018493,false,כתף בקר מפולפל יחיעם,,,כתף בקר מפולפל יחיעם,קילוגרמים,1.00,"ק""ג",true,,120.00,120.0000,true,1,116203
7290000018530,false,רוסטביף צלי בקר יחיע,,,רוסטביף צלי בקר יחיע,קילוגרמים,1.00,"ק""ג",true,,155.00,155.0000,true,1,116205
7290000018806,false,סלמי סרוולד יחיעם,,,סלמי סרוולד יחיעם,קילוגרמים,1.00,"ק""ג",true,,160.00,160.0000,true,1,116206
7290000018837,false,קורנביף יחיעם,,,קורנביף יחיעם,קילוגרמים,1.00,"ק""ג",true,,120.00,120.0000,true,1,116207
7290000018882,false,מעושן איטלקי יחיעם,,,מעושן איטלקי יחיעם,קילוגרמים,1.00,"ק""ג",true,,80.00,80.0000,true,1,116210
7290000018929,false,סלמי צרפתי יחיעם,,,סלמי צרפתי יחיעם,קילוגרמים,1.00,"ק""ג",true,,160.00,160.0000,true,1,116212
7290000019049,false,פסטרמה מעודנת פפריקה,,,פסטרמה מעודנת פפריקה,קילוגרמים,1.00,"ק""ג",true,,59.00,59.0000,true,1,116216
7290000019339,false,סלמי פרח יחיעם,,,סלמי פרח יחיעם,קילוגרמים,1.00,"ק""ג",true,,100.00,100.0000,true,1,116220
7290000019704,false,כתף בקר מעושן יחיעם,,,כתף בקר מעושן יחיעם,קילוגרמים,1.00,"ק""ג",true,,120.00,120.0000,true,1,116221
7290000019728,false,איטלקי מפולפל יחיעם,,,איטלקי מפולפל יחיעם,קילוגרמים,1.00,"ק""ג",true,,89.00,89.0000,true,1,116222
7290000019759,false,סלמי תה יחיעם,,,סלמי תה יחיעם,קילוגרמים,1.00,"ק""ג",true,,55.00,55.0000,true,1,116223
7290000019971,false,צלעות בקר על האש יחי,,,צלעות בקר על האש יחי,קילוגרמים,1.00,"ק""ג",true,,140.00,140.0000,true,1,116225
7290000020311,false,גד קממבר צאן משולשים,,,גד קממבר צאן משולשים,קילוגרמים,1.00,"ק""ג",true,,135.00,135.0000,true,1,131210
7290000020415,false,שוקחה גבינה מעושנת פ,,,שוקחה גבינה מעושנת פ,קילוגרמים,1.00,"ק""ג",true,,120.00,120.0000,true,1,145235
7290000020980,false,"מוצרלה בייבי 2 ק""ג",,,"מוצרלה בייבי 2 ק""ג",קילוגרמים,1.00,"ק""ג",true,,60.00,60.0000,true,1,218605
7290000021023,false,פסטרמה של פעם יחיעם,,,פסטרמה של פעם יחיעם,קילוגרמים,1.00,"ק""ג",true,,85.00,85.0000,true,1,116226
7290000021146,false,פסטרמה מעושנת יחיעם,,,פסטרמה מעושנת יחיעם,קילוגרמים,1.00,"ק""ג",true,,85.00,85.0000,true,1,116228
7290000021177,false,פסטרמה עוף על האש יח,,,פסטרמה עוף על האש יח,קילוגרמים,1.00,"ק""ג",true,,85.00,85.0000,true,1,242439
7290000022231,false,שאריות פסטרמה,,,שאריות פסטרמה,קילוגרמים,1.00,"ק""ג",true,,20.00,20.0000,true,1,148000
7290000022415,false,קרם ציז,,,קרם ציז,קילוגרמים,1.00,"ק""ג",true,,69.00,69.0000,true,1,219581
7290000022607,false,עמק לייט חריץ במשקל,,,עמק לייט חריץ במשקל,קילוגרמים,1.00,"ק""ג",true,,85.00,85.0000,true,1,126750
7290000023083,false,ערק אשקלון בקבוק 700,"יקבי ברקן בע""מ",IL,"ערק אשקלון 700 מ""ל כ",מיליליטרים,700.00,"100 מ""ל",false,,59.90,0.0856,true,1,144361
7290000023809,false,"יין קלאסיק קברנה סובניון 750 מ""ל ברקן",יקבי ברקן שיווק והפצ,IL,קלאסיק קברנה סוביניו,מיליליטרים,750.00,"100 מ""ל",false,,31.90,0.0425,true,1,144362
7290000023816,false,"יין ברקן קלאסיק אמרלד ריזלינג 750מ""ל",יקבי ברקן שיווק והפצ,IL,קלאסיק אמרלד ריזלינג,מיליליטרים,750.00,"100 מ""ל",false,,31.90,0.0425,true,1,144363
7290000023830,false,יין קלאסיק שיראז רוזה 750 מל,טמפו ברקן 5%,IL,קלאסיק רוזה,מיליליטרים,750.00,"100 מ""ל",false,,31.90,0.0425,true,1,144365
7290000023847,false,"ברקן ,קלאסיק שרדונה, 750 מל",יקבי ברקן שיווק והפצ,IL,קלאסיק שרדונה,מיליליטרים,750.00,"100 מ""ל",false,,31.90,0.0425,true,1,144366
7290000023977,false,"יין ברקן קלאסיק מרלו 750 מ""ל",יקבי ברקן שיווק והפצ,IL,ברקן קלאסיק מרלו,מיליליטרים,750.00,"100 מ""ל",false,,31.90,0.0425,true,1,144369
7290000024001,false,ישרקו ברי צרפתי,,,ישרקו ברי צרפתי,קילוגרמים,1.00,"ק""ג",true,,160.00,160.0000,true,1,138283
7290000024202,false,"יין ברקן רזרב קברנה סובניון 750 מ""ל",ברקן שיווק והפצה בעמ,IL,רזרב קברנה סוביניון,מיליליטרים,750.00,"100 מ""ל",false,,39.90,0.0532,true,1,144371
7290000024240,false,יין רזרב שרדונה 750 מל שביעית,ביבקבי ברקן שיווק וה,IL,"רזרב שרדונה 750 מ""ל",מיליליטרים,750.00,"100 מ""ל",false,,39.90,0.0532,true,1,144373
7290000024264,false,"יין ברקן רזרב מרלו 750 מ""ל",כרמי צבי - אחים סגל,IL,"רזרב מרלו 750 מ""ל 12",מיליליטרים,750.00,"100 מ""ל",false,,54.90,0.0732,true,1,144374
7290000024523,false,"תירוש של סגל ,מיץ ענבים , 1 ליטר",כרמי צבי - האחים סגל,IL,תירוש של סגל 1 ליטר,ליטרים,1.00,ליטר,false,,13.90,13.9000,true,1,193622
7290000024530,false,יין אדום מתוק לקידוש של סגל ^^^,כרמי צבי - אחים סגל,IL,יין אדום מתוק-סגל 75,מיליליטרים,750.00,"100 מ""ל",false,,15.00,0.0200,true,1,193623
7290000024578,false,יין אדום אסמבלאז צפית 750 מל,טמפו ברקן 5%,IL,"אסמבלאז' צפית 750 מ""",מיליליטרים,750.00,"100 מ""ל",false,,59.90,0.0799,true,1,193676
7290000025600,false,חריץ סקנדינבית,,,חריץ סקנדינבית,קילוגרמים,1.00,"ק""ג",true,,95.00,95.0000,true,1,167450
7290000026650,false,צפתית פיראוס 5% במשק,,,גבינה צפתית 5% 1 200,קילוגרמים,1.00,"ק""ג",true,,65.00,65.0000,true,1,126752
7290000030024,false,תה מעושן רחב זוגלובק,,,תה מעושן רחב זוגלובק,קילוגרמים,1.00,"ק""ג",true,,50.00,50.0000,true,1,134204
7290000030044,false,ישרקו אמנטל צרפתי,,,ישרקו אמנטל צרפתי,קילוגרמים,1.00,"ק""ג",true,,130.00,130.0000,true,1,138290
7290000030048,false,סלמי פפרוני זוגלובק,,,סלמי פפרוני זוגלובק,קילוגרמים,1.00,"ק""ג",true,,55.00,55.0000,true,1,134206
7290000030062,false,מעושן איטלקי זוגלובק,,,מעושן איטלקי בלוק זו,קילוגרמים,1.00,"ק""ג",true,,85.00,85.0000,true,1,134207
7290000030178,false,קוניאק זוגלובק,,,קוניאק זוגלובק,קילוגרמים,1.00,"ק""ג",true,,85.00,85.0000,true,1,134210
7290000030192,false,סרוולד א.מ זוגלובק,,,סרוולד א.מ זוגלובק,קילוגרמים,1.00,"ק""ג",true,,140.00,140.0000,true,1,134211
7290000030260,false,מורטדלה רחב זוגלובק,,,מורטדלה רחב זוגלובק,קילוגרמים,1.00,"ק""ג",true,,45.00,45.0000,true,1,134212
7290000030369,false,גולן חזה מעושן עם עו,,,גולן חזה מעושן עם עו,קילוגרמים,1.00,"ק""ג",true,,90.00,90.0000,true,1,134214
7290000030444,false,כתף בקר מעושן זוגלוב,,,כתף בקר מעושן חצוי ז,קילוגרמים,1.00,"ק""ג",true,,120.00,120.0000,true,1,134215
7290000030871,false,פסטרמה חזה עוף מעושן,,,חזה עוף מעושן זוגלוב,קילוגרמים,1.00,"ק""ג",true,,90.00,90.0000,true,1,134216
7290000031069,false,ישרקו צדר לבן גרמני,,,ישרקו צדר לבן גרמני,קילוגרמים,1.00,"ק""ג",true,,95.00,95.0000,true,1,265217
7290000031070,false,ישרקו צדר אדום גרמני,,,ישרקו צדר אדום גרמני,קילוגרמים,1.00,"ק""ג",true,,95.00,95.0000,true,1,265216
7290000031267,false,גאודה גלגל,,,גאודה גלגל,קילוגרמים,1.00,"ק""ג",true,,80.00,80.0000,true,1,265215
7290000031410,false,פסטרמה בדבש טהור זוג,,,פסטרמה בדבש טהור זוג,קילוגרמים,1.00,"ק""ג",true,,90.00,90.0000,true,1,134217
7290000031599,false,שוקחה גבינה גאודה עג,,,שוקחה גבינה גאודה עג,קילוגרמים,1.00,"ק""ג",true,,75.00,75.0000,true,1,145237
7290000032207,false,פול מצרי 580 ג' פרי זה,,,A2 פול פרי זה 350 גר,גרמים,350.00,100 גרם,false,,6.90,0.0197,true,1,167104
7290000032400,false,פסטרמה ברביקיו זוגלו,,,פסטרמה ברביקיו זוגלו,קילוגרמים,1.00,"ק""ג",true,,90.00,90.0000,true,1,134218
7290000032474,false,אפונת גינה גדולה 550 ג' פרי זה,זנלכל,IL,אפונה גדולה א-,גרמים,550.00,100 גרם,false,,6.90,0.0125,true,1,110650
7290000032511,false,אפונה וגזר 550 ג' פרי זה,,,אפונה וגזר א-2.,יחידה,0.00,יחידה,false,,6.90,0.0000,true,1,110652
7290000032585,false,רוסטביף חצוי זוגלובק,,,רוסטביף חצוי זוגלובק,קילוגרמים,1.00,"ק""ג",true,,120.00,120.0000,true,1,134219
7290000032634,false,חומוס שלם 550 ג' פרי זה,זנלכל,IL,A2 חומוס שלם 600 גרם,גרמים,600.00,100 גרם,false,,6.90,0.0115,true,1,110653
7290000032665,false,רוטב עגבניות 28% 580ג' פרי זה,,,רסק עגבניות 28% 580,גרמים,580.00,100 גרם,false,,8.90,0.0153,true,1,110654
7290000032721,false,טורו-כתף בקר מצופה פ,,,טורו-כתף בקר מצופה פ,קילוגרמים,1.00,"ק""ג",true,,110.00,110.0000,true,1,134220
7290000032726,false,חריסה 570 ג' פרי זה,,,A2 חריסה,גרמים,550.00,100 גרם,false,,7.90,0.0144,true,1,110655
7290000032764,false,שעועית לבנה ברוטב עגבניות 580 ג' פרי זה,זנלכל,IL,A2 שעועית לבנה ברוטב,גרמים,580.00,100 גרם,false,,6.90,0.0119,true,1,110656
7290000032825,false,גרעיני תירס מתוק 550 ג' פרי זה,General,IL,A2 גרעיני תירס מתוק,גרמים,550.00,100 גרם,false,,7.90,0.0144,true,1,110658
7290000033377,false,פסטרמה חזה עוף בגריל,,,פסטרמה חזה עוף בגריל,קילוגרמים,1.00,"ק""ג",true,,90.00,90.0000,true,1,134221
7290000033636,false,פסטרממיה צלויה על לב,,,פסטרמה צלויה על לבני,קילוגרמים,1.00,"ק""ג",true,,90.00,90.0000,true,1,134222
7290000033681,false,פסטרממיה מעושנת הבית,,,פסטרמה מעושנת הבית ז,קילוגרמים,1.00,"ק""ג",true,,90.00,90.0000,true,1,134223
7290000034124,false,זית שחור יבש,,,זית שחור יבש,קילוגרמים,1.00,"ק""ג",true,,40.00,40.0000,true,1,110571
7290000034718,false,תבור-חזה מעושן זוגלו,,,פסטרמה תבור זוגלובק,קילוגרמים,1.00,"ק""ג",true,,90.00,90.0000,true,1,134225
7290000034800,false,פסטרמה רומנית זוגלוב,,,פסטרמה רומנית זוגלוב,קילוגרמים,1.00,"ק""ג",true,,90.00,90.0000,true,1,134226
7290000034824,false,חרמון חזה מעושן זוגל,,,חרמון חזה מעושן זוגל,קילוגרמים,1.00,"ק""ג",true,,59.00,59.0000,true,1,134227
7290000035791,false,קורנדביף בסגנון ניו,,,קורנדביף בסגנון ניו,קילוגרמים,1.00,"ק""ג",true,,110.00,110.0000,true,1,134228
7290000036057,false,מרטדלה עם זיתים זוגל,,,מורטדלה עם זיתים זוג,קילוגרמים,1.00,"ק""ג",true,,45.00,45.0000,true,1,134229
7290000036144,false,קונדיטור קורנפלור שק,קריות זול,IL,קונדיטור קורנפלור שק,גרמים,200.00,100 גרם,false,,3.10,0.0155,true,1,110663
7290000036151,false,קונדיטור קורנפלור 50,גלעם,IL,קונדיטור קורנפלור 50,גרמים,500.00,100 גרם,false,,6.10,0.0122,true,1,110664
7290000037350,false,קרם ציז,,,קרם ציז,קילוגרמים,1.00,"ק""ג",true,,59.00,59.0000,true,1,192202
7290000037610,false,סלמי עממי זוגלובק,,,סלמי עממי זוגלובק,קילוגרמים,1.00,"ק""ג",true,,59.00,59.0000,true,1,134230
7290000038099,false,פסטרמה כפרית זוגלובק,,,פסטרמה כפרית זוגלובק,קילוגרמים,1.00,"ק""ג",true,,90.00,90.0000,true,1,134231
7290000038285,false,ישרקו אמנטל שוויצרי,,,ישרקו אמנטל שוויצרי,קילוגרמים,1.00,"ק""ג",true,,190.00,190.0000,true,1,138306
7290000039247,false,פסטרמה איטלקית זוגלו,,,פסטרמה איטלקית זוגלו,קילוגרמים,1.00,"ק""ג",true,,90.00,90.0000,true,1,134234
7290000040042,false,יופלה יוגורט תות %3 גביע 150 גרם,תנובה חלב,IL,יופלה יוגורט תות %3,מיליליטרים,150.00,"100 מ""ל",false,,5.20,0.0347,true,1,126815
7290000040066,false,יופלה יוגורט דובדבן %3 גביע 150 גרם,תנובה מרכז שיתופי לש,IL,יופלה יוגורט דובדבן,מיליליטרים,150.00,"100 מ""ל",false,,5.20,0.0347,true,1,126817
7290000040080,false,יופלה יוגורט אפרסק %3 גביע 150 גרם,תנובה חלב,IL,יופלה יוגורט אפרסק %,מיליליטרים,150.00,"100 מ""ל",false,,5.20,0.0347,true,1,126818
7290000040301,false,תנובה עין גדי קממבר מחלב בקר 24% שומן,תנובה מרכז שיתופי לש,IL,קממבר עין גדי חפיסה,גרמים,125.00,100 גרם,false,,18.90,0.1512,true,1,126819
7290000040318,false,גבינת ברי 24% קולאז עדי תנובה 125 ג',תנובה מרכז שיתופי לש,IL,ברי עדי חפיסה 24% 1,גרמים,125.00,100 גרם,false,,19.40,0.1552,true,1,126820
7290000040403,false,פוקצ'ה ירקות וגבינה,,,פוקצ'ה ירקות וגבינה,יחידה,0.00,יחידה,false,,15.00,0.0000,true,1,157306
7290000040404,false,פיתה בצק קפוא זעתר/ב,,,פיתה בצק קפוא זעתר/ב,יחידה,0.00,יחידה,false,,5.00,0.0000,true,1,157307
7290000040405,false,פיתה גבינה בולגרית,,,פיתה גבינה בולגרית,יחידה,0.00,יחידה,false,,6.00,0.0000,true,1,157308
7290000040406,false,פיתה בתוספת ירקות וב,,,פיתה בתוספת ירקות וב,יחידה,0.00,יחידה,false,,10.00,0.0000,true,1,157309
7290000040407,false,פיתה בתוספת בצל,,,פיתה בתוספת בצל,יחידה,0.00,יחידה,false,,5.00,0.0000,true,1,157310
7290000040408,false,סמבוסק,,,סמבוסק,יחידה,0.00,יחידה,false,,10.00,0.0000,true,1,157311
7290000040410,false,בורקס וביצה,,,בורקס וביצה,יחידה,0.00,יחידה,false,,10.00,0.0000,true,1,157314
7290000040411,false,משולש פיצה,,,משולש פיצה,יחידה,0.00,יחידה,false,,6.00,0.0000,true,1,157315
7290000040413,false,לחמניות אצבע קטן 100,,,לחמניות אצבע קטן 100,יחידה,0.00,יחידה,false,,1.50,0.0000,true,1,181759
7290000040462,false,טוסטי גבינה בסגנון אמריקאי אדם 23% תנובה 200 גרם,תנובה מרכז שיתופי לש,IL,טוסטי עמק אמריקאי אד,גרמים,200.00,100 גרם,false,,18.80,0.0940,true,1,241277
7290000040585,false,תנובה קשקבל קולאג גל,חקלאי,IL,תנובה קשקבל קולאג גל,קילוגרמים,1.00,"ק""ג",true,,140.00,140.0000,true,1,126762
7290000040619,false,טבורוג 5% במשקל,,,"טבורוג 5% 4 ק""ג",קילוגרמים,1.00,"ק""ג",true,,35.00,35.0000,true,1,218599
7290000040974,false,חלב תנובה דל לקטוז 2% שומן 1 ליטר,תנובה מרכז שיתופי לש,IL,חלב טרי דל לקטוז 1 ל,ליטרים,1.00,ליטר,false,,7.00,7.0000,true,1,126823
7290000041407,false,"גיל לבן 3% תנובה 125 מ""ל בד""צ",תנובה מרכז שיתופי לש,IL,"גיל גביע 125 מ""ל 3%",מיליליטרים,125.00,"100 מ""ל",false,,0.90,0.0072,true,1,126824
7290000041858,false,"שמנת חמוצה 15% יטבתה 200 מ""ל מהדרין",שטראוס גרופ,IL,יטבתה שמנת חמוצה 15%,מיליליטרים,200.00,"100 מ""ל",false,,2.60,0.0130,true,1,140988
7290000041865,false,"לבן 4.5% שומן מהדרין ""יטבתה""",שטראוס גרופ,IL,יטבתה אשל 4.5% 200 מ,מיליליטרים,200.00,"100 מ""ל",false,,2.00,0.0100,true,1,140989
7290000041872,false,"לבן 3% יטבתה 200מ""ל מהדרין",שטראוס גרופ,IL,"יטבתה לבן 3% 200 מ""ל",מיליליטרים,200.00,"100 מ""ל",false,,2.00,0.0100,true,1,140990
7290000042435,false,תנובה חלב טרי 1% שומן - מוצר בפיקוח,תנובה מרכז שיתופי לש,IL,חלב תנובה טרי קרט+ פ,ליטרים,1.00,ליטר,false,,5.86,5.8600,true,1,126835
7290000042640,false,"חלב תנובה עמיד 3% קרטון 250 מ""ל",תנובה מרכז שיתופי לש,IL,חלב עמיד קרטון 250 מ,מיליליטרים,250.00,"100 מ""ל",false,,2.90,0.0116,true,1,126841
7290000042855,false,"שוקו בשקית 250 מ""ל ""יטבתה""",שטראוס גרופ,IL,יטבתה שוקו שקית 225,מיליליטרים,225.00,"100 מ""ל",false,,2.50,0.0111,true,1,140992
7290000043012,false,"שוקו עמיד 2% בקרטון 250 מ""ל תנובה",תנובה מרכז שיתופי לש,IL,שוק.שוקו עמיד 2% בקר,מיליליטרים,250.00,"100 מ""ל",false,,4.90,0.0196,true,1,126844
7290000043814,false,השף הלבן שמנת להקצפה 38% שומן 250 מל - מוצר בפיקוח,תנובה מרכז שיתופי לש,IL,שמנת להקצפה 38% 250,מיליליטרים,250.00,"100 מ""ל",false,,6.47,0.0259,true,1,126847
7290000043890,false,תנובה רויון לבן מחלב מפסוטר 1.5%,תנובה מרכז שיתופי לש,IL,רוויון קרטון 1 ליטר,ליטרים,1.00,ליטר,false,,11.50,11.5000,true,1,126849
7290000043944,false,כד יוגורט תנובה 4% שומן 1.5 ליטר,מיוצר עי קונדיטוריית,IL,יוגורט תנובה כד 1.5,ליטרים,1.50,ליטר,false,,17.40,11.6000,true,1,126850
7290000044012,false,* עוף שלם.,,,* עוף שלם.,קילוגרמים,1.00,"ק""ג",true,,16.90,16.9000,true,1,190723
7290000044712,false,יוגורט עם תות 1.5% שומן 500 ג' פרילי,מיוצר עי קונדיטוריית,IL,פרילי תות גביע 500 ג,גרמים,500.00,100 גרם,false,,10.50,0.0210,true,1,126856
7290000044880,false,באדי יוגורט תות 3% שומן 500 ג' תנובה,מיוצר עי קונדיטוריית,IL,באדי יוגורט תות גביע,מיליליטרים,500.00,"100 מ""ל",false,,9.30,0.0186,true,1,126858
7290000045005,false,המבורגר על האש ארוז.,,,המבורגר על האש ארוז.,קילוגרמים,1.00,"ק""ג",true,,49.90,49.9000,true,1,190794
7290000045009,false,נקניקיות מרגז קפוא,,,נקניקיות מרגז קפוא,קילוגרמים,1.00,"ק""ג",true,,49.90,49.9000,true,1,190797
7290000045010,false,נקניקיות צ'וריסוס,,,נקניקיות צ'וריסוס,קילוגרמים,1.00,"ק""ג",true,,49.90,49.9000,true,1,190798
7290000045012,false,קציצות הבית.,,,קציצות הבית.,קילוגרמים,1.00,"ק""ג",true,,49.90,49.9000,true,1,190750
7290000045013,false,קבב ביתי,,,קבב ביתי,קילוגרמים,1.00,"ק""ג",true,,49.90,49.9000,true,1,190799
7290000045282,false,נתחי פילה סלמון נורו,,,דלי דג מנות פילה סלמ,קילוגרמים,1.00,"ק""ג",true,,89.90,89.9000,true,1,179491
7290000045435,false,פילה מרלוזה ארגנטינא,,,פילה מרלוזה ארגנטינא,קילוגרמים,1.00,"ק""ג",true,,36.90,36.9000,true,1,241536
7290000045573,false,גבינת מותכת משולשים 25% שומן 200 ג' נעמה,תנובה חלב,IL,נעמה משולשים 200 גרם,גרמים,200.00,100 גרם,false,,15.70,0.0785,true,1,126860
7290000045580,false,"גבינת מותכת נעמה חורש 25%, 240 ג'",תנובה מרכז שיתופי לש,IL,נעמה חורש משולשים 24,גרמים,240.00,100 גרם,false,,17.80,0.0742,true,1,126861
7290000045771,false,יוגורט תנובה כד 3 ליטר 4%,תנובה מרכז שיתופי לש,IL,יוגורט תנובה כד 3 לי,ליטרים,3.00,ליטר,false,,28.90,9.6333,true,1,126862
7290000045917,false,תנובה פרומעז גבינה מותכת מחלב עיזים 23% שומן,תנובה חלב,IL,פרומעז גבינת עזים גל,גרמים,200.00,100 גרם,false,,26.20,0.1310,true,1,126863
7290000046020,false,גלבוע גבינה שמנה במש,תנובה מרכז שיתופי לש,IL,גלבוע %22,קילוגרמים,1.00,"ק""ג",true,,42.58,42.5800,true,1,126764
7290000046327,false,גלבוע גבינה צהובה פרוסה 22% תנובה 200 גרם,תנובה מרכז שיתופי לש,IL,גלבוע פרוס 200 גרם %,גרמים,200.00,100 גרם,false,,14.60,0.0730,true,1,217713
7290000046549,false,מוצרלה חריץ תנובה במ,תנובה מרכז שיתופי לש,IL,מוצרלה חריץ מהדרין 2,קילוגרמים,1.00,"ק""ג",true,,85.00,85.0000,true,1,126770
7290000047027,false,קולאז קצקבל גלעד במש,תנובה מרכז שיתופי לש,IL,קצקבל (גלעד) חריץ 28,קילוגרמים,1.00,"ק""ג",true,,145.00,145.0000,true,1,126774
7290000047034,false,קולאז רוקפור גליל במ,תנובה מרכז שיתופי לש,IL,רוקפור (גליל) חריץ 2,קילוגרמים,1.00,"ק""ג",true,,140.00,140.0000,true,1,126775
7290000047485,false,גבינה בולגרית במשקל,תנובה מרכז שיתופי לש,IL,בולגרית פח 4 קג 24%,קילוגרמים,1.00,"ק""ג",true,,65.00,65.0000,true,1,126776
7290000047546,false,השף הלבן כנען גבינה לבנה דלת נתרן 5% תנובה 500 גרם,תנובה מרכז שיתופי לש,IL,כנען גבינה לבנה 5%,גרמים,500.00,100 גרם,false,,24.10,0.0482,true,1,126868
7290000048185,false,גבינה לבנה 5% 250 גרם - מוצר בפיקוח,מיוצר עי קונדיטוריית,IL,גבינה לבנה 5% 250 גר,גרמים,250.00,100 גרם,false,,4.98,0.0199,true,1,126873
7290000048192,false,גבינה לבנה 9% שומן 250 ג' תנובה,מחלבת אלון תבור,IL,גבינה לבנה 9% 250 גר,גרמים,250.00,100 גרם,false,,5.30,0.0212,true,1,126874
7290000048307,false,גבינת קוטג' עם זיתים 5% תנובה 250 גרם,מיוצר עי קונדיטוריית,IL,קוטג תנובה 5% עם זתי,גרמים,250.00,100 גרם,false,,5.70,0.0228,true,1,126875
7290000048413,false,פיראוס חמד גבינה מלוחה 16% שומן,תנובה מרכז שיתופי לש,IL,פיראוס חמד שקית 250,גרמים,250.00,100 גרם,false,,18.40,0.0736,true,1,126876
7290000048437,false,גבינה צפתית 5% 200 ג' פיראוס,פארייפאבה אגרואינדוס,IL,פיראוס צפתית גביע 20,גרמים,200.00,100 גרם,false,,15.10,0.0755,true,1,126877
7290000049458,false,גבינת פטה עיזים 16% גביע פיראוס 250 ג',תנובה מרכז שיתופי לש,IL,פיראוס פטה עזים 16%,גרמים,250.00,100 גרם,false,,28.30,0.1132,true,1,126879
7290000050447,false,"יוגורט ביו בטעם תות YYY יופלה 500 מ""ל",מיוצר עי קונדיטוריית,IL,יופלה תות 3% גביע 50,יחידה,500.00,יחידה,false,,13.60,0.0272,true,1,126884
7290000050454,false,"יוגורט אפרסק 3% YYY יופלה 500 מ""ל",מיוצר עי קונדיטוריית,IL,יופלה אפרסק 3% גביע,מיליליטרים,500.00,"100 מ""ל",false,,13.60,0.0272,true,1,126885
7290000051159,false,בשר ראש מוכשר,,,בשר ראש מוכשר,קילוגרמים,1.00,"ק""ג",true,,74.90,74.9000,true,1,233117
7290000051307,false,"מארז הפסקת אוכל עם דגני עוגי ומשקה חלב עמיד בטעם וניל 150 מ""ל",תנובה מרכז שיתופי לש,IL,הפסקת אוכל דגני עוגי,מיליליטרים,150.00,"100 מ""ל",false,,9.50,0.0633,true,1,126891
7290000051352,false,חלב מלא בטעם של פעם 3.4% תנובה קרטון 1 ל',תנובה מרכז שיתופי לש,IL,חלב מלא בטעם של פעם,ליטרים,1.00,ליטר,false,,7.90,7.9000,true,1,126892
7290000051376,false,יופלה דיאט אננס ספורטיבי 0% 150גר,תנובה מרכז שיתופי לש,IL,יופלה דיאט אננס גביע,מיליליטרים,150.00,"100 מ""ל",false,,5.20,0.0347,true,1,126893
7290000051710,false,פיראוס גבינת לאבנה אסלית על בסיס יוגורט תנובה 263 גרם,"תנובה, מחלבת אלון תב",IL,פיראוס לאבנה9% עם שמ,גרמים,263.00,100 גרם,false,,13.90,0.0529,true,1,126896
7290000051956,false,טל העמק חריץ במשקל 9,,,טל העמק חריץ במשקל 9,קילוגרמים,1.00,"ק""ג",true,,79.00,79.0000,true,1,126779
7290000052311,false,עמק פרוס בקופסא 200 גר 15% שומן,תנובה מרכז שיתופי לש,IL,עמק לייט פרוס 200 גר,גרמים,200.00,100 גרם,false,,17.80,0.0890,true,1,126904
7290000052649,false,גבינת לאבנה 5% שומן 500 ג' פיראוס,תנובה מרכז שיתופי לש,IL,פיראוס לאבנה 5% גביע,גרמים,500.00,100 גרם,false,,19.90,0.0398,true,1,126907
7290000052717,false,גבינת קוטג' שום שמיר 5% תנובה 250 גרם,מיוצר עי קונדיטוריית,IL,קוטג עם שום שמיר 5%,גרמים,250.00,100 גרם,false,,5.70,0.0228,true,1,126909
7290000053219,false,גבינה טל העמק שמנה ק,תנובה מרכז שיתופי לש,IL,חריץ טל העמק 32% שומ,קילוגרמים,1.00,"ק""ג",true,,75.00,75.0000,true,1,166703
7290000054006,false,גד קשקבל 26% משולשים,,,גד קשקבל 26% משולשים,קילוגרמים,1.00,"ק""ג",true,,139.00,139.0000,true,1,131256
7290000054224,false,גבינת בושה עיזים,,,גבינת בושה עיזים,קילוגרמים,1.00,"ק""ג",true,,169.00,169.0000,true,1,192013
7290000054662,false,גד בולגרית למריחה 10,,,גד בולגרית למריחה 10,קילוגרמים,1.00,"ק""ג",true,,55.00,55.0000,true,1,155247
7290000054754,false,גד מוצרלה במים בייבי,,,גד מוצרלה במים בייבי,קילוגרמים,1.00,"ק""ג",true,,95.00,95.0000,true,1,131216
7290000054792,false,גד בולגרית פח 5%,,,גד בולגרית פח 5%,קילוגרמים,1.00,"ק""ג",true,,65.00,65.0000,true,1,131217
7290000054815,false,גד מוצרלה 22%,,,גד מוצרלה 22%,קילוגרמים,1.00,"ק""ג",true,,85.00,85.0000,true,1,131218
7290000054891,false,גד בולגרית דלי 16%,,,גד בולגרית דלי 16%,קילוגרמים,1.00,"ק""ג",true,,65.00,65.0000,true,1,131219
7290000054914,false,גד צפתית 5%,,,גד צפתית 5%,קילוגרמים,1.00,"ק""ג",true,,70.00,70.0000,true,1,131220
7290000054921,false,גד ריקוטה 5%,,,גד ריקוטה 5%,קילוגרמים,1.00,"ק""ג",true,,70.00,70.0000,true,1,131221
7290000054952,false,גד צפתית קשה 13%,,,גד צפתית קשה 13%,קילוגרמים,1.00,"ק""ג",true,,80.00,80.0000,true,1,131222
7290000054969,false,גד גבינת שמנת 30%,,,גד גבינת שמנת 30%,קילוגרמים,1.00,"ק""ג",true,,50.00,50.0000,true,1,131223
7290000054976,false,גד גבינת שמנת 30% זי,,,גד גבינת שמנת 30% זי,קילוגרמים,1.00,"ק""ג",true,,50.00,50.0000,true,1,131224
7290000054983,false,גד גבינה לאבנה,,,גד גבינה לאבנה,קילוגרמים,1.00,"ק""ג",true,,45.00,45.0000,true,1,131225
7290000054990,false,גד מוצרלה במים כדורי,,,גד מוצרלה במים כדורי,קילוגרמים,1.00,"ק""ג",true,,95.00,95.0000,true,1,131226
7290000055015,false,פיראוס גבינת פטה כבשים 5% תנובה 250 גרם,תנובה מרכז שיתופי לש,IL,פיראוס פטה כבשים 5%,גרמים,250.00,100 גרם,false,,29.90,0.1196,true,1,126928
7290000055329,false,"משקה בוקר יוגורט 1.5% בטעם תות מלון יופלה 250 מ""ל",תנובה מרכז שיתופי לש,IL,יופלה משקה יוגורט תו,יחידה,250.00,יחידה,false,,5.40,0.0216,true,1,126931
7290000055336,false,משקה יוגורט יופלה בטעם בננה אפרסק 250 גר,תנובה מרכז שיתופי לש,IL,יופלה משקה יוגורט בנ,גרמים,250.00,100 גרם,false,,5.40,0.0216,true,1,126932
7290000055343,false,משקה יוגורט יופלה פירות טרופיים 250 גרם,תנובה מרכז שיתופי לש,IL,יופלה משקה יוגורט טר,מיליליטרים,250.00,"100 מ""ל",false,,5.40,0.0216,true,1,126933
7290000055350,false,גבינה צהובה חריץ עמק 28% במשקל,תנובה מרכז שיתופי לש,IL,גבינת עמק 28%,קילוגרמים,1.00,"ק""ג",true,,44.79,44.7900,true,1,157537
7290000055456,false,פילה נסיכת הנילוס פר,,,פילה נסיכת הנילוס פר,קילוגרמים,1.00,"ק""ג",true,,79.90,79.9000,true,1,167589
7290000055893,false,חמאה משמנת מפוסטרת 200גרם 82% כ.מהדרין - מוצר בפיקוח,תנובה מרכז שיתופי לש,IL,חמאה משמנת מפוסטרת 2,גרמים,200.00,100 גרם,false,,8.20,0.0410,true,1,245096
7290000056012,false,פטאקי 16% שומן,,,פטאקי 16% שומן,קילוגרמים,1.00,"ק""ג",true,,36.00,36.0000,true,1,166618
7290000056081,false,מאגדת פרילי טבע 6 יח' * 200 ג',מיוצר עי קונדיטוריית,IL,מאגדת פרילי טבע 6 *,מיליליטרים,1200.00,"100 מ""ל",false,,23.00,0.0192,true,1,126941
7290000056845,false,תנובה חלב טרי 3% שומן 1.5 ליטר - מוצר בפיקוח,פארייפאבה אגרואינדוס,IL,חלב טרי 1.5 ליטר 3%,ליטרים,1.50,ליטר,false,,9.34,6.2267,true,1,126953
7290000056883,false,יופלה מאגדת פרי 3% 8 יח' * 150 ג',תנובה מרכז שיתופי לש,IL,מאג 8*150 גרם יופלה,גרמים,1200.00,100 גרם,false,,30.50,0.0254,true,1,126955
7290000056890,false,דיאט יופלה שמינייה טעמים שונים,מיוצר עי קונדיטוריית,IL,מאג 8*150 גרם דיאט י,גרמים,1200.00,100 גרם,false,,30.50,0.0254,true,1,126956
7290000056906,false,מאגדת לבן טבעי 1.5% שומן 8 יח' * 150 ג' יופלה,מחלבת אלון תבור,IL,מאג 8*150ג יופלה לבן,מיליליטרים,1200.00,"100 מ""ל",false,,17.90,0.0149,true,1,126957
7290000056951,false,"תנובה, השף הלבן, שמנת לבישול 15% שומן 500 מל",תנובה מרכז שיתופי לש,IL,שמנת לבישול 15% 500,מיליליטרים,500.00,"100 מ""ל",false,,16.70,0.0334,true,1,126960
7290000057088,false,עמק גבינה צהובה פרוסה דק דק 28% תנובה 200 גרם,תנובה מרכז שיתופי לש,IL,עמק פרוס דק דק 200 ג,גרמים,200.00,100 גרם,false,,17.90,0.0895,true,1,126963
7290000057118,false,עמק סמי מעדנייה כשרות מהדרין,תנובה מרכז שיתופי לש,IL,עמק פרוס סמי מעדנייה,גרמים,400.00,100 גרם,false,,23.30,0.0583,true,1,126965
7290000057132,false,יוגורט תנובה טבעי 1.5% גביע 200 גרם,מחלבת אלון תבור,IL,יוגורט תנובה טבעי 1.,יחידה,200.00,יחידה,false,,3.00,0.0150,true,1,126966
7290000057149,false,יוגורט תנובה טבעי 3% גביע 200 גרם,מיוצר עי קונדיטוריית,IL,יוגורט תנובה טבעי 3%,מיליליטרים,200.00,"100 מ""ל",false,,3.00,0.0150,true,1,126967
7290000057552,false,יופלה דיאט עוגת גבינה ותות 0% גביע 150ג',תנובה חלב,IL,יופלה דיאט עוגת גבינ,גרמים,150.00,100 גרם,false,,4.90,0.0327,true,1,126980
7290000057571,false,יורוציז סמוקרלה מעוש,,,יורוציז סמוקרלה מעוש,קילוגרמים,1.00,"ק""ג",true,,79.00,79.0000,true,1,157080
7290000058019,false,יעקבס קממברט עיזים ב,,,יעקבס קממברט עיזים ב,קילוגרמים,1.00,"ק""ג",true,,139.00,139.0000,true,1,160802
7290000058030,false,"יופלה שטוזים משקה יוגורט תות 8 יח' * 100 מ""ל",מיוצר עי קונדיטוריית,IL,יופלה משקה יוגורט תו,מיליליטרים,800.00,"100 מ""ל",false,,21.20,0.0265,true,1,126986
7290000058047,false,**שף לבן שמנת מתוקה מהדרין 38% פקק 500מ,תנובה מרכז שיתופי לש,IL,שמנת להקצפה 38% 500מ,מיליליטרים,500.00,"100 מ""ל",false,,12.94,0.0259,true,1,262777
7290000058118,false,יעקבס גבינת קממברט 2,,,יעקבס גבינת קממברט 2,קילוגרמים,1.00,"ק""ג",true,,110.00,110.0000,true,1,153935
7290000058149,false,יעקבס גבינת פיקורינו,,,יעקבס גבינת פיקורינו,קילוגרמים,1.00,"ק""ג",true,,135.00,135.0000,true,1,153936
7290000058224,false,יעקבס גבינת לאבנה בק,,,יעקבס גבינת לאבנה בק,קילוגרמים,1.00,"ק""ג",true,,39.00,39.0000,true,1,153942
7290000058453,false,יעקבס גבינת קממברט א,,,יעקבס גבינת קממברט א,קילוגרמים,1.00,"ק""ג",true,,109.00,109.0000,true,1,153946
7290000058590,false,יעקבס גבינת מנצגו 30,,,יעקבס גבינת מנצגו 30,קילוגרמים,1.00,"ק""ג",true,,145.00,145.0000,true,1,153947
7290000058979,false,גיל בטעם תות 3% שומן 125 ג' תנובה,תנובה מרכז שיתופי לש,IL,גיל בטעם תות 3% 125,מיליליטרים,125.00,"100 מ""ל",false,,1.60,0.0128,true,1,127002
7290000058989,false,יעקבס קממברט בקר ביי,,,יעקבס קממברט בקר ביי,קילוגרמים,1.00,"ק""ג",true,,110.00,110.0000,true,1,160803
7290000060066,false,יורוציז גאודה צ'ילי,,,יורוציז גאודה צ'ילי,קילוגרמים,1.00,"ק""ג",true,,120.00,120.0000,true,1,157081
7290000060071,false,אוסם - חטיפי פריכונים מאורז מלא קלוי 80גר,"מיוצר ע""י PT, משווק",IL,חטיפי פריכונים מאורז,יחידה,0.00,יחידה,false,,8.90,0.0000,true,1,123081
7290000060088,false,בייגלה מקלות מלוחים אסם 400 גרם,מיוצר עי קונדיטוריית,IL,בייגלה אסם מקלות מלו,גרמים,400.00,100 גרם,false,,10.90,0.0273,true,1,123082
7290000060163,false,פסטה אסם אטריות דקות 400גר,"אסם תעשיות בע""מ",IL,פסטה אסם אטריות דקות,גרמים,400.00,100 גרם,false,,7.90,0.0198,true,1,123085
7290000060200,false,פסטה אסם פתיתים אפויים קוסקוס 500גר,"אסם תעשיות בע""מ",IL,פסטה אסם פתיתים אפוי,גרמים,500.00,100 גרם,false,,8.90,0.0178,true,1,123087
7290000060217,false,פסטה מקרוני מספר 7 אסם 500 גרם,קריות זול,IT,פסטה אסם מקרוני 7 50,גרמים,500.00,100 גרם,false,,5.90,0.0118,true,1,123088
7290000060248,false,פסטה אסם פתיתים תלתלים 500 גר',קריות זול,IT,אסם פתיתים תלתלים 50,גרמים,500.00,100 גרם,false,,5.90,0.0118,true,1,123089
7290000060316,false,פסטה פרפקטו ספגטי 500ג' אסם,אסם פרפקטו,IT,פרפקטו ספגטי 500 גרם,גרמים,500.00,100 גרם,false,,7.90,0.0158,true,1,123092
7290000060408,false,פסטה אסם פתיתים אפויים טבעות 500 גר,"אסם תעשיות בע""מ",IL,פסטה אסם פתיתים אפוי,גרמים,500.00,100 גרם,false,,8.90,0.0178,true,1,123097
7290000060415,false,"פסטה פרפקטו לאזניה 500 ג' ""אסם""",אסם פרפקטו,IT,פרפקטו לזאניה 500 גר,גרמים,500.00,100 גרם,false,,14.90,0.0298,true,1,123098
7290000060576,false,פתיתים אפויים כוכבים אסם 500 גרם,"אסם תעשיות בע""מ",IL,פסטה אסם פתיתים אפוי,גרמים,500.00,100 גרם,false,,8.90,0.0178,true,1,123104
7290000060781,false,פסטה אסם פתיתים מסולסלים 500גר,קריות זול,IT,אסם פתיתים מסולסלים,גרמים,500.00,100 גרם,false,,5.90,0.0118,true,1,123105
7290000060828,false,פסטה קרניים בינוניות אסם 500 גרם,קריות זול,IT,אסם פתיתים קרניים 50,גרמים,500.00,100 גרם,false,,5.90,0.0118,true,1,123106
7290000060842,false,פסטה אסם פתיתים צדפים גדולים 500גר,קריות זול,IT,פסטה אסם פתיתים צדפי,גרמים,500.00,100 גרם,false,,5.90,0.0118,true,1,123107
7290000060880,false,פסטה מס' 8 ספגטי אסם 500ג',קריות זול,IT,פסטה אסם ספגטי 500 ג,גרמים,500.00,100 גרם,false,,5.90,0.0118,true,1,123110
7290000060903,false,פסטה אסם פתיתים אפויים אורז 500גר,"אסם תעשיות בע""מ",IL,פסטה אסם פתיתים אפוי,גרמים,500.00,100 גרם,false,,8.90,0.0178,true,1,123111
7290000060958,false,פסטה אסם אטריות בינוניות 400 גרם,"אסם תעשיות בע""מ",IL,אסם אטריות בינוניות,גרמים,400.00,100 גרם,false,,7.90,0.0198,true,1,123113
7290000060965,false,פסטה אסם אטריות רחבות 400גר,"אסם תעשיות בע""מ",IL,אסם אטריות רחבות 400,גרמים,400.00,100 גרם,false,,7.90,0.0198,true,1,123114
7290000060972,false,פסטה אסם אטריות דקיקות 400 גרם,קריות זול,IT,פסטה אסם אטריות דקיק,גרמים,400.00,100 גרם,false,,7.90,0.0198,true,1,123115
7290000061061,false,קרקר חיטה עם בצל אסם,"אסם תעשיות בע""מ",IL,קרקר בצל 250 גרם,גרמים,250.00,100 גרם,false,,10.90,0.0436,true,1,123116
7290000061085,false,"רוטב צילי מתוק 290 מ""ל-בקבוק","אסם תעשיות בע""מ",IL,רוטב צילי מתוק 290,מיליליטרים,290.00,"100 מ""ל",false,,9.90,0.0341,true,1,123117
7290000061108,false,"רוטב טריאקי 290 מ""ל-בקבוק","אסם תעשיות בע""מ",IL,"רוטב טריאקי 290 מ""ל",מיליליטרים,290.00,"100 מ""ל",false,,9.90,0.0341,true,1,123118
7290000061214,false,פתיתים אפויים קוסקוס עם בצל אסם 500 גרם,"אסם תעשיות בע""מ",IL,פסטה אסם פתיתים קוסק,גרמים,500.00,100 גרם,false,,7.90,0.0158,true,1,123119
7290000061245,false,עוגיות שוקוצ'יפס עם קרם שוקולד אסם 220 גרם,מיוצר עי קונדיטוריית,IL,עוגיות שוקוציפס ממול,גרמים,220.00,100 גרם,false,,11.90,0.0541,true,1,123120
7290000061457,false,בגט רוסטיק,,,בגט רוסטיק,000000000000000יחידה,1.00,000000000000000יחידה,false,,7.00,7.0000,true,1,107123
7290000061764,false,קפה נמס מגורען רד מאג 200 גרם,נסטלה ספרד קפה,ES,רד מאג נסקפה 200 גרם,גרמים,200.00,100 גרם,false,,22.90,0.1145,true,1,123123
7290000062129,false,"אינסטנט פודינג בטעם וניל אסם 1 ק""ג","אסם תעשיות בע""מ",IL,פודינג אינסטנט טעם ו,קילוגרמים,1.00,"ק""ג",false,,29.90,29.9000,true,1,123127
7290000062952,false,אוסם - מיני קרוטונים למרק ולסלט 250 גרם,עינת תעשיות מזון אגו,IL,אסם מיני קרוטונים למ,גרמים,250.00,100 גרם,false,,15.90,0.0636,true,1,123130
7290000063102,false,אסם קמח עוגה תופח מאליו 350 גרם,"אסם תעשיות בע""מ",IL,קמח תופח קטן 350 גרם,גרמים,350.00,100 גרם,false,,5.90,0.0169,true,1,123133
7290000063140,false,שקדי מרק רכיבים טבעיים בשקית 400 ג' אסם,"אסם תעשיות בע""מ",IL,שקדי מרק רכיבים טבעי,גרמים,400.00,100 גרם,false,,14.90,0.0373,true,1,123135
7290000063157,false,אסם קמח עוגה תופח מאליו 1 קג,"אסם תעשיות בע""מ",IL,קמח תופח מאליו אסם 1,קילוגרמים,1.00,"ק""ג",false,,9.90,9.9000,true,1,123136
7290000064758,false,קוסקוס בינוני אמיתי אסם 350 ג',"מיוצר ע""י קוד יצרן K",IL,קוסקוס אמיתי בשקית 3,גרמים,350.00,100 גרם,false,,8.90,0.0254,true,1,123147
7290000064871,false,"אוסם - מנה חמה פירה תפו""א עם בצל 56 גרם","אסם תעשיות בע""מ",IL,"מנה חמה פירה תפו""א ע",יחידה,0.00,יחידה,false,,7.90,0.0000,true,1,123148
7290000065090,false,מיני קרוטונים מתובלים למרק ולסלט אסם 400 גרם,עינת תעשיות מזון אגו,IL,מיני קורטונים למרק ו,גרמים,400.00,100 גרם,false,,27.90,0.0697,true,1,123149
7290000065335,false,אוסם - מנה חמה פירה עם ירקות 55 גרם,"אסם תעשיות בע""מ",IL,מנה חמה פירה עם ירקו,יחידה,0.00,יחידה,false,,7.90,0.0000,true,1,123151
7290000065540,false,אוסם - מנה חמה פסטה מוקרמת בטעם עוף 55 גרם,"אסם תעשיות בע""מ",IL,מנה חמה פסטה מוקרמת,יחידה,0.00,יחידה,false,,7.90,0.0000,true,1,123153
7290000065557,false,אוסם - מנה חמה קוסקוס עם ירקות 84 גרם,"אסם תעשיות מזון בע""מ",IL,מנה חמה קוסקוס עם יר,יחידה,0.00,יחידה,false,,7.90,0.0000,true,1,123154
7290000065977,false,אסם חטיפי פריכונים תירס שומשום 80 גרם,"מיוצר ע""י פרח, משווק",IL,חטיפי פריכונים תירס,יחידה,0.00,יחידה,false,,8.90,0.0000,true,1,123161
7290000066000,false,גב עוף.,,,גב עוף,קילוגרמים,1.00,"ק""ג",true,,2.90,2.9000,true,1,157171
7290000066001,false,גרון עוף.,,,גרון עוף.,קילוגרמים,1.00,"ק""ג",true,,4.90,4.9000,true,1,157173
7290000066002,false,חזה עוף שלם,,,חזה עוף שלם,קילוגרמים,1.00,"ק""ג",true,,29.90,29.9000,true,1,157174
7290000066003,false,חזה עוף חצוי.,,,חזה עוף חצוי.,קילוגרמים,1.00,"ק""ג",true,,29.90,29.9000,true,1,157175
7290000066004,false,טחול עוף טרי.,,,טחול עוף טרי.,קילוגרמים,1.00,"ק""ג",true,,69.90,69.9000,true,1,157176
7290000066005,false,ירכיים עוף.,,,ירכיים עוף.,קילוגרמים,1.00,"ק""ג",true,,19.90,19.9000,true,1,157177
7290000066006,false,כבד עוף טרי,,,כבד עוף טרי,קילוגרמים,1.00,"ק""ג",true,,19.90,19.9000,true,1,157178
7290000066007,false,כנפיים עוף.,,,כנפיים עוף.,קילוגרמים,1.00,"ק""ג",true,,11.90,11.9000,true,1,157179
7290000066008,false,כרעיים עוף,,,כרעיים עוף,קילוגרמים,1.00,"ק""ג",true,,19.90,19.9000,true,1,157180
7290000066009,false,לב עוף טרי.,,,לב עוף טרי.,קילוגרמים,1.00,"ק""ג",true,,29.90,29.9000,true,1,157181
7290000066010,false,נתחי עוף לטחינה.,,,נתחי עוף לטחינה.,קילוגרמים,1.00,"ק""ג",true,,18.90,18.9000,true,1,157182
7290000066012,false,עוף שלם.,,,עוף שלם,קילוגרמים,1.00,"ק""ג",true,,14.90,14.9000,true,1,157184
7290000066013,false,פילה עוף.,,,פילה עוף.,קילוגרמים,1.00,"ק""ג",true,,29.90,29.9000,true,1,157185
7290000066014,false,פרגית עוף.,,,פרגית עוף.,קילוגרמים,1.00,"ק""ג",true,,39.90,39.9000,true,1,157186
7290000066015,false,קורקבן עוף טרי.,,,קורקבן עוף טרי.,קילוגרמים,1.00,"ק""ג",true,,14.90,14.9000,true,1,157187
7290000066016,false,שוקיים עוף.,,,שוקיים עוף.,קילוגרמים,1.00,"ק""ג",true,,29.90,29.9000,true,1,157188
7290000066017,false,שניצל עוף פרימיום.,,,שניצל עוף פרימיום,קילוגרמים,1.00,"ק""ג",true,,34.90,34.9000,true,1,157189
7290000066019,false,גרון הודו.,,,גרון הודו.,קילוגרמים,1.00,"ק""ג",true,,29.90,29.9000,true,1,157194
7290000066020,false,הודו אדום.,,,הודו אדום.,קילוגרמים,1.00,"ק""ג",true,,54.90,54.9000,true,1,157195
7290000066021,false,הודו שלם.,,,הודו שלם.,קילוגרמים,1.00,"ק""ג",true,,24.90,24.9000,true,1,157196
7290000066022,false,זנב הודו.,,,זנב הודו.,קילוגרמים,1.00,"ק""ג",true,,5.90,5.9000,true,1,157197
7290000066023,false,חזה הודו.,,,חזה הודו.,קילוגרמים,1.00,"ק""ג",true,,29.90,29.9000,true,1,157198
7290000066024,false,כבד הודו טרי.,,,כבד הודו טרי.,קילוגרמים,1.00,"ק""ג",true,,19.90,19.9000,true,1,157199
7290000066025,false,כנפיים הודו.,,,כנפיים הודו.,קילוגרמים,1.00,"ק""ג",true,,11.90,11.9000,true,1,157200
7290000066026,false,כפתורי הודו.,,,כפתורי הודו.,קילוגרמים,1.00,"ק""ג",true,,29.90,29.9000,true,1,157201
7290000066027,false,לב הודו טרי.,,,לב הודו טרי.,קילוגרמים,1.00,"ק""ג",true,,19.90,19.9000,true,1,157202
7290000066028,false,קורקבן הודו טרי.,,,קורקבן הודו טרי.,קילוגרמים,1.00,"ק""ג",true,,14.90,14.9000,true,1,157203
7290000066029,false,נתחי הודו לטחינה.,,,נתחי הודו לטחינה.,קילוגרמים,1.00,"ק""ג",true,,14.90,14.9000,true,1,157204
7290000066030,false,שווארמה הודו טרי.,,,שווארמה הודו טרי.,קילוגרמים,1.00,"ק""ג",true,,64.90,64.9000,true,1,157205
7290000066032,false,שוקיים הודו.,,,שוקיים הודו.,קילוגרמים,1.00,"ק""ג",true,,29.90,29.9000,true,1,157207
7290000066033,false,אוסובוקו כבש טרי,,,אוסובוקו כבש טרי,קילוגרמים,1.00,"ק""ג",true,,74.90,74.9000,true,1,157209
7290000066034,false,אשכי כבש טרי.,,,אשכי כבש טרי.,קילוגרמים,1.00,"ק""ג",true,,49.90,49.9000,true,1,157210
7290000066035,false,חזה כבש עם עצם.,,,חזה כבש עם עצם,קילוגרמים,1.00,"ק""ג",true,,49.90,49.9000,true,1,157211
7290000066037,false,זנב כבש טרי.,,,זנב כבש טרי.,קילוגרמים,1.00,"ק""ג",true,,39.90,39.9000,true,1,157213
7290000066038,false,לב כבש.,,,לב כבש.,קילוגרמים,1.00,"ק""ג",true,,29.90,29.9000,true,1,157214
7290000066039,false,כליות כבש טרי.,,,כליות כבש טרי.,קילוגרמים,1.00,"ק""ג",true,,29.90,29.9000,true,1,157215
7290000066040,false,כבד כבש טרי.,,,כבד כבש טרי.,קילוגרמים,1.00,"ק""ג",true,,29.90,29.9000,true,1,157216
7290000066041,false,כבש מפורק.,,,כבש מפורק.,קילוגרמים,1.00,"ק""ג",true,,109.90,109.9000,true,1,157217
7290000066042,false,כבש שלם.,,,כבש שלם.,קילוגרמים,1.00,"ק""ג",true,,64.90,64.9000,true,1,157218
7290000066043,false,כתף כבש.,,,כתף כבש.,קילוגרמים,1.00,"ק""ג",true,,74.90,74.9000,true,1,157219
7290000066044,false,לייה כבש טרי.,,,לייה כבש טרי.,קילוגרמים,1.00,"ק""ג",true,,69.90,69.9000,true,1,157220
7290000066047,false,ניקור כבש.,,,ניקור כבש.,קילוגרמים,1.00,"ק""ג",true,,29.90,29.9000,true,1,157223
7290000066048,false,צוואר כבש.,,,צוואר כבש.,קילוגרמים,1.00,"ק""ג",true,,64.90,64.9000,true,1,157224
7290000066049,false,צלעות כבש טרי.,,,צלעות כבש טרי,קילוגרמים,1.00,"ק""ג",true,,109.90,109.9000,true,1,157225
7290000066050,false,ראש כבש טרי.,,,ראש כבש טרי.,קילוגרמים,1.00,"ק""ג",true,,24.90,24.9000,true,1,157226
7290000066051,false,שוק כבש.,,,שוק כבש.,קילוגרמים,1.00,"ק""ג",true,,69.90,69.9000,true,1,157227
7290000066053,false,טחול כבש טרי.,,,טחול כבש טרי.,קילוגרמים,1.00,"ק""ג",true,,29.90,29.9000,true,1,157229
7290000066054,false,אוסובוקו עגל טרי.,,,אוסובוקו עגל טרי,קילוגרמים,1.00,"ק""ג",true,,49.90,49.9000,true,1,157251
7290000066055,false,אנטריקוט עגלה.,,,אנטריקוט עגלה.,קילוגרמים,1.00,"ק""ג",true,,129.90,129.9000,true,1,157252
7290000066056,false,אנטריקוט מופשר.,,,אנטריקוט מופשר.,קילוגרמים,1.00,"ק""ג",true,,89.90,89.9000,true,1,157253
7290000066057,false,אנטריקוט עגל עם עצם.,,,אנטריקוט עגל עם עצם,קילוגרמים,1.00,"ק""ג",true,,109.90,109.9000,true,1,157254
7290000066058,false,אסאדו עגל.,,,אסאדו עגל,קילוגרמים,1.00,"ק""ג",true,,49.90,49.9000,true,1,157255
7290000066060,false,בשר עגל צעיר.,,,בשר עגל צעיר,קילוגרמים,1.00,"ק""ג",true,,59.90,59.9000,true,1,157257
7290000066062,false,זנב עגל טרי.,,,זנב עגל טרי.,קילוגרמים,1.00,"ק""ג",true,,49.90,49.9000,true,1,157259
7290000066064,false,בשר בקר טחון טרי.,,,בשר בקר טחון טרי,קילוגרמים,1.00,"ק""ג",true,,39.90,39.9000,true,1,157261
7290000066065,false,כבד עגל טרי,,,כבד עגל טרי,קילוגרמים,1.00,"ק""ג",true,,19.90,19.9000,true,1,157262
7290000066066,false,כליות עגל טרי.,,,כליות עגל טרי.,קילוגרמים,1.00,"ק""ג",true,,9.90,9.9000,true,1,157263
7290000066067,false,לב עגל טרי.,,,לב עגל טרי,קילוגרמים,1.00,"ק""ג",true,,19.90,19.9000,true,1,157264
7290000066068,false,לשון עגל טרי.,,,לשון עגל טרי.,קילוגרמים,1.00,"ק""ג",true,,49.90,49.9000,true,1,157265
7290000066070,false,שפיץ עגל.,,,שפיץ עגל.,קילוגרמים,1.00,"ק""ג",true,,19.90,19.9000,true,1,157267
7290000066071,false,מוח עצם טרי.,,,מוח עצם טרי.,קילוגרמים,1.00,"ק""ג",true,,24.90,24.9000,true,1,157268
7290000066072,false,נתח קצבים.,,,נתח קצבים,קילוגרמים,1.00,"ק""ג",true,,99.90,99.9000,true,1,157269
7290000066073,false,סינטה עגלה.,,,סינטה עגלה.,קילוגרמים,1.00,"ק""ג",true,,109.90,109.9000,true,1,157270
7290000066074,false,פילה עגלה.,,,פילה עגלה.,קילוגרמים,1.00,"ק""ג",true,,149.90,149.9000,true,1,157271
7290000066083,false,פיקאניה עגלה.,,,פיקאניה עגלה.,קילוגרמים,1.00,"ק""ג",true,,109.90,109.9000,true,1,159005
7290000066087,false,שווארמה עגל טרי.,,,שווארמה עגל טרי.,קילוגרמים,1.00,"ק""ג",true,,64.90,64.9000,true,1,174665
7290000066091,false,שפיץ שייטל.,,,שפיץ שייטל.,קילוגרמים,1.00,"ק""ג",true,,79.90,79.9000,true,1,172412
7290000066093,false,סטייק טומהוק.,,,סטייק טומהוק.,קילוגרמים,1.00,"ק""ג",true,,159.90,159.9000,true,1,182064
7290000066094,false,פלאנק סטייק.,,,פלאנק סטייק.,קילוגרמים,1.00,"ק""ג",true,,79.90,79.9000,true,1,184213
7290000066095,false,בריסקט עגל למעשנת.,,,בריסקט עגל למעשנת.,קילוגרמים,1.00,"ק""ג",true,,64.90,64.9000,true,1,184390
7290000066098,false,לחי עגל.,,,לחי עגל.,קילוגרמים,1.00,"ק""ג",true,,49.90,49.9000,true,1,201527
7290000066099,false,אסאדו טלה.,,,אסאדו טלה.,קילוגרמים,1.00,"ק""ג",true,,49.90,49.9000,true,1,194309
7290000066100,false,סטייק טיבון עגל.,,,סטייק טיבון עגל.,קילוגרמים,1.00,"ק""ג",true,,149.90,149.9000,true,1,194695
7290000066102,false,סטייק ניו יורק.,,,סטייק ניו יורק.,קילוגרמים,1.00,"ק""ג",true,,119.90,119.9000,true,1,198967
7290000066104,false,עוף שלם קטן.,,,עוף שלם קטן.,קילוגרמים,1.00,"ק""ג",true,,14.90,14.9000,true,1,214669
7290000066106,false,צלי כתף.,,,צלי כתף.,קילוגרמים,1.00,"ק""ג",true,,69.90,69.9000,true,1,211956
7290000066134,false,ביסלי חטיף בטעם פלאפל אסם 70 גרם,"אסם תעשיות בע""מ",IL,ביסלי ט. פלאפל 70 גר,יחידה,0.00,יחידה,false,,4.90,0.0000,true,1,123162
7290000066141,false,ביסלי חטיף בטעם גריל אסם 70 גרם,"אסם תעשיות בע""מ",IL,ביסלי טעם גריל 70 גר,יחידה,0.00,יחידה,false,,4.90,0.0000,true,1,123163
7290000066189,false,ביסלי חטיף בטעם פלאפל אסם 200 גרם,"אסם תעשיות בע""מ",IL,ביסלי גדול פלאפל 200,גרמים,200.00,100 גרם,false,,8.90,0.0445,true,1,123167
7290000066196,false,ביסלי חטיף בטעם גריל אסם 200 גרם,מיוצר עי קונדיטוריית,IL,ביסלי גדול טעם גריל,גרמים,200.00,100 גרם,false,,8.90,0.0445,true,1,123168
7290000066226,false,ביסלי חטיף בטעם פיצה אסם 200 גרם,מיוצר עי קונדיטוריית,IL,ביסלי טעם פיצה 200 ג,גרמים,200.00,100 גרם,false,,8.90,0.0445,true,1,123171
7290000066295,false,במבה מתוקה מחומרים טבעיים 30 גרם,מיוצר עי קונדיטוריית,IL,אסם במבה תות מחומרים,יחידה,0.00,יחידה,false,,3.50,0.0000,true,1,123173
7290000066302,false,שוקחה גבינה אמנטל פר,,,שוקחה גבינה אמנטל פר,קילוגרמים,1.00,"ק""ג",true,,89.00,89.0000,true,1,145245
7290000066318,false,במבה חטיף בוטנים אסם 80 גרם,"אסם תעשיות בע""מ",IL,במבה 80 גרם,יחידה,0.00,יחידה,false,,4.90,0.0000,true,1,123174
7290000066332,false,אפרופו חטיף תירס אסם 50 גרם,מיוצר עי קונדיטוריית,IL,אפרופו 50 גרם,יחידה,0.00,יחידה,false,,5.90,0.0000,true,1,123175
7290000066431,false,פופקו חטיף פופקורן בטעם חמאה ודבש אסם 80 גרם,מיוצר עי קונדיטוריית,IL,פופקו חטיף 80 גרם,יחידה,0.00,יחידה,false,,5.90,0.0000,true,1,123177
7290000066778,false,דנבר סטייק.,,,דנבר סטייק.,קילוגרמים,1.00,"ק""ג",true,,119.90,119.9000,true,1,239231
7290000066779,false,משלוחים בת ים/ראשון,,,איירון סטייק.,קילוגרמים,1.00,"ק""ג",true,,119.90,119.9000,true,1,239232
7290000066783,false,פרגית עוף טרי לתנור,,,פרגית עוף טרי לתנור,קילוגרמים,1.00,"ק""ג",true,,37.90,37.9000,true,1,251048
7290000066784,false,קוקטייל כרעיים עוף ל,,,קוקטייל כרעיים עוף ל,קילוגרמים,1.00,"ק""ג",true,,34.90,34.9000,true,1,251206
7290000066786,false,פרוסות עגל לצליה,,,פרוסות עגל לצליה,קילוגרמים,1.00,"ק""ג",true,,64.90,64.9000,true,1,256455
7290000066788,false,שניצל וינאי.,,,שניצל וינאי.,קילוגרמים,1.00,"ק""ג",true,,64.90,64.9000,true,1,256457
7290000066790,false,בשר בקר טחון טרי.,,,בשר בקר טחון טרי.,קילוגרמים,1.00,"ק""ג",true,,39.90,39.9000,true,1,261792
7290000066791,false,טיבון טלה,,,טיבון טלה,קילוגרמים,1.00,"ק""ג",true,,99.90,99.9000,true,1,265671
7290000066793,false,סטייק פרגית עוף,,,סטייק פרגית עוף,קילוגרמים,1.00,"ק""ג",true,,54.90,54.9000,true,1,265213
7290000066797,false,נתח קצבים טלה.,,,נתח קצבים טלה.,קילוגרמים,1.00,"ק""ג",true,,99.90,99.9000,true,1,267766
7290000066798,false,גרון עוף מקוצב,,,גרון עוף מקוצב,קילוגרמים,1.00,"ק""ג",true,,9.90,9.9000,true,1,268737
7290000066802,false,ספריבס טלה.,,,ספריבס טלה.,קילוגרמים,1.00,"ק""ג",true,,59.90,59.9000,true,1,270082
7290000066807,false,פיקאניה עגלה אנגוס.,,,פיקאניה עגלה אנגוס.,קילוגרמים,1.00,"ק""ג",true,,129.90,129.9000,true,1,269987
7290000067407,false,פרורית מתובלת בשקית 200 גרם,עינת תעשיות מזון אגו,IL,פירורית מתובל שקית 2,גרמים,200.00,100 גרם,false,,6.90,0.0345,true,1,123184
7290000067544,false,פירורית זהב פירורי לחם אסם 200 גרם,עינת תעשיות מזון אגו,IL,פירורית זהב שקית 200,גרמים,200.00,100 גרם,false,,6.90,0.0345,true,1,123185
7290000067599,false,מנה חמה ספגטי ברוטב בולונז אסם 65 גרם,"אסם תעשיות בע""מ",IL,מנה חמה ספגטי רוטב ב,יחידה,0.00,יחידה,false,,7.90,0.0000,true,1,123189
7290000067735,false,פרפקטו ניוקי בצקיות תפוחי אדמה 500 ג' אסם,גרנדי פסטי,IT,פרפקטו ניוקי בצקיות,גרמים,500.00,100 גרם,false,,12.90,0.0258,true,1,123191
7290000068001,false,שיפודי פרגית קפוא אר,,,שיפודי פרגית קפוא אר,קילוגרמים,1.00,"ק""ג",true,,59.90,59.9000,true,1,157191
7290000068004,false,מוח כבש דבאח.,,,מוח כבש דבאח.,קילוגרמים,1.00,"ק""ג",true,,79.90,79.9000,true,1,157231
7290000068006,false,צלעות כבש דבאח.,,,צלעות כבש דבאח,קילוגרמים,1.00,"ק""ג",true,,119.90,119.9000,true,1,157233
7290000068008,false,המבורגר על האש דבאח.,,,המבורגר על האש דבאח,קילוגרמים,1.00,"ק""ג",true,,49.90,49.9000,true,1,157238
7290000068009,false,זנב עגל דבאח.,,,זנב עגל דבאח.,קילוגרמים,1.00,"ק""ג",true,,49.90,49.9000,true,1,157239
7290000068011,false,טחול ממולא דבאח.,,,טחול ממולא דבאח,קילוגרמים,1.00,"ק""ג",true,,49.90,49.9000,true,1,157241
7290000068012,false,לשון עגל דבאח.,,,לשון עגל דבאח.,קילוגרמים,1.00,"ק""ג",true,,39.90,39.9000,true,1,157242
7290000068013,false,מוח עגל דבאח.,,,מוח עגל דבאח.,קילוגרמים,1.00,"ק""ג",true,,99.90,99.9000,true,1,157243
7290000068014,false,מוח עצם דבאח.,,,מוח עצם דבאח,קילוגרמים,1.00,"ק""ג",true,,24.90,24.9000,true,1,157244
7290000068015,false,מרגז קפוא דבאח.,,,מרגז קפוא דבאח,קילוגרמים,1.00,"ק""ג",true,,49.90,49.9000,true,1,157245
7290000068016,false,נקניקיות צ'וריסוס דב,,,נקניקיות צ'וריסוס דב,קילוגרמים,1.00,"ק""ג",true,,49.90,49.9000,true,1,157246
7290000068017,false,קבב ביתי דבאח.,,,קבב ביתי דבאח,קילוגרמים,1.00,"ק""ג",true,,49.90,49.9000,true,1,157247
7290000068018,false,קבב דבאח.,,,קבב דבאח,קילוגרמים,1.00,"ק""ג",true,,59.90,59.9000,true,1,157248
7290000068019,false,קציצות הבית דבאח.,,,קציצות הבית דבאח,קילוגרמים,1.00,"ק""ג",true,,49.90,49.9000,true,1,157249
7290000068020,false,רגליים עגל דבאח.,,,רגליים עגל דבאח,קילוגרמים,1.00,"ק""ג",true,,29.90,29.9000,true,1,157250
7290000068022,false,שקדי עגל דבאח.,,,שקדי עגל דבאח.,קילוגרמים,1.00,"ק""ג",true,,99.90,99.9000,true,1,160487
7290000068138,false,אינסטנט פודינג בטעם וניל אסם 80 גרם,מיוצר עי קונדיטוריית,IL,אסם פודינג אינסטנט ו,יחידה,0.00,יחידה,false,,5.50,0.0000,true,1,123195
7290000068190,false,אסם ג'לי תות שדה צבעים טבעיים 90 גרם,מיוצר עי קונדיטוריית,IL,ג'לי תות 85 גרם,יחידה,0.00,יחידה,false,,6.90,0.0000,true,1,123198
7290000068206,false,אסם ג'לי משמש צבעים טבעיים 85 גרם,מיוצר עי קונדיטוריית,IL,ג'לי משמש 85 גרם,יחידה,0.00,יחידה,false,,6.90,0.0000,true,1,123199
7290000068237,false,אבקה להכנת ג'לי בטעם פטל אסם 85 גרם,מיוצר עי קונדיטוריית,IL,ג'לי פטל 85 גרם,יחידה,0.00,יחידה,false,,6.90,0.0000,true,1,123200
7290000068251,false,אבקה להכנת ג'לי בטעם אננס אסם 85 גרם,מיוצר עי קונדיטוריית,IL,ג'לי אננס 85 גרם,יחידה,0.00,יחידה,false,,6.90,0.0000,true,1,123201
7290000068332,false,גד קממבר בקר משולשים,,,גד קממבר בקר משולשים,קילוגרמים,1.00,"ק""ג",true,,125.00,125.0000,true,1,131227
7290000068343,false,אוסם - פירכונים מאורז מלא 140 גרם,"מיוצר ע""י PT, משווק",IL,פירכונים מאורז מלא 1,גרמים,140.00,100 גרם,false,,8.90,0.0636,true,1,123204
7290000068424,false,גד גבינת גאודה בקר ג,,,גד גבינת גאודה בקר ג,קילוגרמים,1.00,"ק""ג",true,,125.00,125.0000,true,1,131230
7290000068585,false,גד גאודה עיזים משולש,,,גד גאודה עיזים גלגל,קילוגרמים,1.00,"ק""ג",true,,150.00,150.0000,true,1,157690
7290000068701,false,אסם שקדי מרק רכיבים טבע.מיכל 400 גרם,"אסם תעשיות בע""מ",IL,אסם שקדי מרק במיכל 4,גרמים,400.00,100 גרם,false,,16.90,0.0422,true,1,123205
7290000068770,false,במבה יום הולדת חטיף בוטנים אסם 80 גרם,"אסם תעשיות בע""מ",IL,במבה יום הולדת 80 גר,יחידה,0.00,יחידה,false,,4.90,0.0000,true,1,123207
7290000069364,false,פריכונים מאורז מלא ללא תוספת סוכר אסם 140 גרם,"מיוצר ע""י PT, משווק",IL,פריכונים מאורז מלא ל,גרמים,140.00,100 גרם,false,,8.90,0.0636,true,1,123216
7290000069583,false,דלידג סטייק סלמון נו,,,דלידג סטייק סלמון נו,קילוגרמים,1.00,"ק""ג",true,,69.90,69.9000,true,1,116916
7290000069590,false,"סול ארוז 1ק""ג",,,"סול ארוז 1ק""ג",יחידה,0.00,יחידה,false,,39.90,0.0000,true,1,116917
7290000070145,false,ישרקו דנאבלו,,,ישרקו דנאבלו,קילוגרמים,1.00,"ק""ג",true,,85.00,85.0000,true,1,160256
7290000070308,false,אבקת מרק עוף אמיתי בשרי אסם 400 גרם,"אסם תעשיות בע""מ",IL,אבקת מרק עוף אמיתי 4,גרמים,400.00,100 גרם,false,,17.90,0.0447,true,1,123228
7290000070322,false,אבקת מרק פטריות רכיבים טבעיים אסם 400 גרם,"אסם תעשיות בע""מ",IL,מרק פטריות רכיבים טב,גרמים,400.00,100 גרם,false,,25.90,0.0647,true,1,123229
7290000070353,false,אבקת מרק בצל רכיבים טבעיים אסם 400 גרם,"אסם תעשיות בע""מ",IL,מרק בצל רכיבים טבעיי,גרמים,400.00,100 גרם,false,,25.90,0.0647,true,1,123230
7290000071008,false,אוסם - בייגלה שטוחים מלח 60 גרם,"אסם תעשיות בע""מ",IL,בייגלה אסם שטוחים מל,יחידה,0.00,יחידה,false,,4.50,0.0000,true,1,153445
7290000071188,false,גאודה תום עיזים,,,גאודה תום עיזים,קילוגרמים,1.00,"ק""ג",true,,170.00,170.0000,true,1,126786
7290000072067,false,במבה חטיף בוטנים במילוי קרם חלבה 60 גרם,מיוצר עי קונדיטוריית,IL,במבה במילוי קרם חלבה,יחידה,0.00,יחידה,false,,4.90,0.0000,true,1,123243
7290000072241,false,"רוטב פיצה 290 מ""ל-בקבוק","אסם תעשיות בע""מ",IL,רוטב פיצה-בקבוק 290,מיליליטרים,290.00,"100 מ""ל",false,,9.90,0.0341,true,1,123247
7290000072623,false,קטשופ אסם בקבוק לחיץ 750 גרם,"אסם תעשיות בע""מ",IL,אסם קטשופ 750 גרם,גרמים,750.00,100 גרם,false,,11.90,0.0159,true,1,123249
7290000072753,false,קפה נמס מגורען טסטרס צ'ויס 200 גרם-,נסטלה קוריאה - קפה,IL,טייסטרס צויס 200 גרם,גרמים,200.00,100 גרם,false,,31.90,0.1595,true,1,123254
7290000072777,false,קפה נמס מגורען נטול קפאין טסטרס צ'ויס 200 גרם,נסטלה קוריאה - קפה,IL,טייסטרס צויס נטול קפ,גרמים,200.00,100 גרם,false,,39.90,0.1995,true,1,123256
7290000072784,false,קפה טייסטר צויס נטול קופאין 100 גר',נסטלה קוריאה - קפה,KR,טייסטרס צויס נטול קפ,יחידה,0.00,יחידה,false,,26.90,0.0000,true,1,123257
7290000072968,false,דגנים סיני מיניס מלחמת הכוכבים 500 גרם,נסטלה פולין דגני בוק,PL,סיני מיניס 500 גרם,גרמים,500.00,100 גרם,false,,26.90,0.0538,true,1,123262
7290000073415,false,אוסם - מנה חמה פסטה ברוטב פיצה 61 גרם,"אסם תעשיות בע""מ",IL,מנה חמה פסטה ברוטב פ,יחידה,0.00,יחידה,false,,7.90,0.0000,true,1,123264
7290000073699,false,סלט חומוס סלטי צבר 1,סלטי צבר,IL,צבר חומוס חלק 150 גר,גרמים,150.00,100 גרם,false,,5.50,0.0367,true,1,123266
7290000073703,false,דג אמנון טרי שלם,,,דג אמנון טרי שלם,קילוגרמים,1.00,"ק""ג",true,,27.90,27.9000,true,1,154716
7290000073750,false,מנה חמה נודלס אטר+ירקות טעם עוף 70 גרם,טאי רזידנט,TH,מנה חמה נודלס ט.עוף,יחידה,0.00,יחידה,false,,7.90,0.0000,true,1,123267
7290000073767,false,מנה חמה נודלס אטר.+ירקות טעם בקר 70 גרם,טאי רזידנט,TH,מנה חמה נודלס ט.בקר,יחידה,0.00,יחידה,false,,7.90,0.0000,true,1,123268
7290000073774,false,מנה חמה נודלס אטר+ירקות טעם צילי 70 גרם,טאי רזידנט,TH,מנה חמה נודלס טעם צי,יחידה,0.00,יחידה,false,,7.90,0.0000,true,1,123269
7290000074153,false,ביסקוויט פתי בר שוקולד אסם 500 גרם,מיוצר עי קונדיטוריית,IL,אסם פתי בר שוקו 500,גרמים,500.00,100 גרם,false,,14.90,0.0298,true,1,123275
7290000074184,false,ביסקוויט פתי בר אסם 500 גרם,"אסם תעשיות בע""מ",IL,אסם פתי בר בינוני 50,גרמים,500.00,100 גרם,false,,11.90,0.0238,true,1,123277
7290000074245,false,אוסם - קרם קרקר אסם 250 גרם,"אסם תעשיות בע""מ",IL,קרם קרקר אסם 250 גרם,גרמים,250.00,100 גרם,false,,9.90,0.0396,true,1,123278
7290000074252,false,קרקר שומשום אסם 250 גרם,"אסם תעשיות בע""מ",IL,קרקר אסם שומשום 250,גרמים,250.00,100 גרם,false,,9.90,0.0396,true,1,123279
7290000074276,false,קרקר פיקנטי טבעון 250 ג' אסם,"אסם תעשיות בע""מ",IL,טבעון קרקר פיקנטי 25,גרמים,250.00,100 גרם,false,,10.90,0.0436,true,1,123280
7290000074375,false,אוסם - קרקר זהב 150 גרם,"אסם תעשיות בע""מ",IL,קרקר זהב 150 גרם,גרמים,150.00,100 גרם,false,,7.90,0.0527,true,1,123284
7290000074406,false,יורוציז דנאבלו גבוה,,,יורוציז דנאבלו גבוה,קילוגרמים,1.00,"ק""ג",true,,80.00,80.0000,true,1,157082
7290000074481,false,לחמית אגוזים אסם 160 גרם,"אסם תעשיות בע""מ",IL,לחמית אגוזים 160 גרם,גרמים,160.00,100 גרם,false,,11.90,0.0744,true,1,123286
7290000074696,false,"קרם קרקר 1 ק""ג אוסם","אסם השקעות בע""מ",IL,"קרם קרקר 1 ק""ג",יחידה,0.00,יחידה,false,,29.90,0.0000,true,1,123288
7290000074764,false,קרקר זהב אסם 900 גרם,אסם תעשיות,IL,קרקר זהב 900 גרם,גרמים,900.00,100 גרם,false,,29.90,0.0332,true,1,123292
7290000075204,false,אוסם - לחמית חיטה מלאה 250 גרם,"אסם תעשיות בע""מ",IL,לחמית חיטה מלאה 250,גרמים,250.00,100 גרם,false,,9.90,0.0396,true,1,123296
7290000075693,false,עוגת הבית שמרים בריוש שוקולד אסם 360 גרם,מיוצר עי קונדיטוריית,IL,עוגת שמרים בריוש שוק,גרמים,360.00,100 גרם,false,,17.90,0.0497,true,1,123298
7290000075760,false,וילי פוד מנצגו מחלב,,,וילי פוד מנצגו מחלב,קילוגרמים,1.00,"ק""ג",true,,110.00,110.0000,true,1,106425
7290000075777,false,וילי פוד איבריקו,,,וילי פוד איבריקו,קילוגרמים,1.00,"ק""ג",true,,110.00,110.0000,true,1,106426
7290000075906,false,גאודה מחלב עיזים 32%,,,גאודה מחלב עיזים 32%,קילוגרמים,1.00,"ק""ג",true,,120.00,120.0000,true,1,106428
7290000076126,false,אוסם - בייגלה שמיניות קטנות 80 גרם,"אסם תעשיות בע""מ",IL,בייגלה אסם שמיניות ק,יחידה,0.00,יחידה,false,,4.50,0.0000,true,1,153446
7290000076133,false,בייגלה שמיניות עם מלח אסם 400 גרם,"אסם תעשיות בע""מ",IL,בייגלה אסם שמיניות ק,גרמים,400.00,100 גרם,false,,10.90,0.0273,true,1,123299
7290000076208,false,ברי פקאן משולש גד במ,,,גד ברי פקאן משולשים,קילוגרמים,1.00,"ק""ג",true,,149.00,149.0000,true,1,131231
7290000076645,false,טוסטעים פת קלויה חיטה מלאה אסם 100 גרם,ון דר מולן האלום,NL,טוסטעים חיטה מלאה 10,גרמים,100.00,100 גרם,false,,10.90,0.1090,true,1,123302
7290000076709,false,גראנד רדמר,,,גראנד רדמר,קילוגרמים,1.00,"ק""ג",true,,85.00,85.0000,true,1,261515
7290000077003,false,גראנד גאודה,,,גראנד גאודה,קילוגרמים,1.00,"ק""ג",true,,85.00,85.0000,true,1,261516
7290000077017,false,עוגיות קרמוגית במילוי קרם שוקולד אסם 200 גרם,מיוצר עי קונדיטוריית,IL,קרמוגית במילוי שוקול,גרמים,200.00,100 גרם,false,,11.90,0.0595,true,1,123304
7290000077253,false,אוסם - לחמית כפרית עם דגנים מלאים 190 גרם,"אסם תעשיות בע""מ",IL,לחמית כפרית עם דגנים,גרמים,190.00,100 גרם,false,,11.90,0.0626,true,1,123306
7290000078212,false,קרוטונים מתובלים למרק אסם 250 גרם,עינת תעשיות מזון אגו,IL,קרוטונים מתובלים 250,גרמים,250.00,100 גרם,false,,15.90,0.0636,true,1,123310
7290000078443,false,Coupon 68,,,Coupon 68,00000000000000000000,0.00,00000000000000000000,false,,0.01,0.0000,true,1,153258
7290000078762,false,אוסם - חטיפי פריכונים מאורז מלא בטעם דבש 80גר,סנורייס בלגיום אן. ו,BE,חטיפי פריכונים מאורז,יחידה,0.00,יחידה,false,,7.90,0.0000,true,1,123312
7290000079233,false,קרם קרקר דיאטטי דל נתרן 250 גרם,"אסם תעשיות בע""מ",IL,קרם דל נתרן 250 גרם,גרמים,250.00,100 גרם,false,,10.90,0.0436,true,1,123314
7290000079290,false,גבינה צהובה נעם טרה,,,גבינה חריץ נעם 15%,קילוגרמים,1.00,"ק""ג",true,,75.00,75.0000,true,1,268465
7290000079344,false,מוצרלה נועם רכיבים ט,,,מוצרלה נועם רכיבים ט,קילוגרמים,1.00,"ק""ג",true,,100.00,100.0000,true,1,268467
7290000079412,false,אמנטל נעם מהדרין במש,,,נעם חריץ אמנטל,קילוגרמים,1.00,"ק""ג",true,,65.00,65.0000,true,1,268468
7290000079511,false,צפתית קלאסית 5%,,,צפתית קלאסית 5%,קילוגרמים,1.00,"ק""ג",true,,60.00,60.0000,true,1,268469
7290000081663,false,בייגלה טבעות שומשום אסם 300 גרם,מיוצר עי קונדיטוריית,IL,בייגלה אסם טבעות שומ,גרמים,300.00,100 גרם,false,,10.90,0.0363,true,1,123323
7290000081825,false,מס 5 מוכשר,,,מס 5 מוכשר,קילוגרמים,1.00,"ק""ג",true,,74.90,74.9000,true,1,236471
7290000081832,false,מס 6 חלק,,,מס 6 חלק,קילוגרמים,1.00,"ק""ג",true,,39.90,39.9000,true,1,217865
7290000081856,false,בשר מוכשר מס 8,,,בשר מוכשר מס 8,קילוגרמים,1.00,"ק""ג",true,,29.90,29.9000,true,1,236496
7290000082355,false,צ'דר טריפל,,,צ'דר טריפל,קילוגרמים,1.00,"ק""ג",true,,140.00,140.0000,true,1,181913
7290000082393,false,ברס בלו,,,ברס בלו,קילוגרמים,1.00,"ק""ג",true,,200.00,200.0000,true,1,198668
7290000084899,false,מב פטינה 20% וילי פ,,,וילי פוד פטינה,קילוגרמים,1.00,"ק""ג",true,,40.00,40.0000,true,1,106437
7290000085196,false,רוקפור גליל גד מע,,,גד רוקפור גליל,קילוגרמים,1.00,"ק""ג",true,,145.00,145.0000,true,1,161374
7290000085431,false,גד פח בול 16% מסורתי,,,גד פח בול 16% מסורתי,קילוגרמים,1.00,"ק""ג",true,,65.00,65.0000,true,1,131239
7290000085455,false,גד בולגרית מעודנת 24,,,גד בולגרית מעודנת 24,קילוגרמים,1.00,"ק""ג",true,,65.00,65.0000,true,1,131268
7290000085738,false,גד מנצגו משולשים,,,גד מנצגו משולשים,קילוגרמים,1.00,"ק""ג",true,,160.00,160.0000,true,1,131241
7290000085745,false,גד פקורינו משולשים,,,גד פקורינו משולשים,קילוגרמים,1.00,"ק""ג",true,,160.00,160.0000,true,1,131242
7290000086947,false,האקדמיה לבשר פילה דג,,,האקדמיה לבשר פילה דג,קילוגרמים,1.00,"ק""ג",true,,79.90,79.9000,true,1,262273
7290000086973,false,ישרקו רוגט,,,ישרקו רוגט,קילוגרמים,1.00,"ק""ג",true,,180.00,180.0000,true,1,167082
7290000086986,false,חטיפי מעושן,,,חטיפי מעושן,קילוגרמים,1.00,"ק""ג",true,,110.00,110.0000,true,1,192025
7290000089045,false,כפיר הולנדית 22%,,,כפיר הולנדית 22%,קילוגרמים,1.00,"ק""ג",true,,45.00,45.0000,true,1,129280
7290000089199,false,מקסיקני חריפה בלוק,,,כפיר צהובה חריפה 22%,קילוגרמים,1.00,"ק""ג",true,,50.00,50.0000,true,1,129282
7290000089274,false,נקניק מעושן מעדנייה,,,כפיר מעושנת נקניק,קילוגרמים,1.00,"ק""ג",true,,50.00,50.0000,true,1,129284
7290000089373,false,כפיר צהובה עם זיתים,,,כפיר צהובה עם זיתים,קילוגרמים,1.00,"ק""ג",true,,50.00,50.0000,true,1,129287
7290000089380,false,צהובה שום שמיר במשקל,,,כפיר שום שמיר,קילוגרמים,1.00,"ק""ג",true,,45.00,45.0000,true,1,129288
7290000092247,false,גבינת חלומי גד,,,גבינת חלומי גד,קילוגרמים,1.00,"ק""ג",true,,120.00,120.0000,true,1,172106
7290000092872,false,גד צפתית רכה במים מל,,,גד צפתית רכה במים מל,קילוגרמים,1.00,"ק""ג",true,,70.00,70.0000,true,1,131246
7290000092889,false,גד גבינת שמנת שמיר 3,,,גד גבינת שמנת שמיר 3,קילוגרמים,1.00,"ק""ג",true,,50.00,50.0000,true,1,131247
7290000092902,false,גד גבינת שמנת ירקות,,,גד גבינת שמנת ירקות,קילוגרמים,1.00,"ק""ג",true,,50.00,50.0000,true,1,131249
7290000092964,false,גד פטה כבש,,,גד פטה כבש,קילוגרמים,1.00,"ק""ג",true,,109.00,109.0000,true,1,131252
7290000094615,false,קוויאר GOLD,,,קוויאר GOLD,קילוגרמים,1.00,"ק""ג",true,,550.00,550.0000,true,1,234868
7290000095050,false,יורוציז מאסדם פריסלנ,,,יורוציז מאסדם פריסלנ,קילוגרמים,1.00,"ק""ג",true,,89.00,89.0000,true,1,157068
7290000095081,false,יורוציז גאודה פריסלנ,,,יורוציז גאודה פריסלנ,קילוגרמים,1.00,"ק""ג",true,,89.00,89.0000,true,1,157069
7290000095090,false,יורוציז כדור אדם פרי,,,יורוציז כדור אדם פרי,קילוגרמים,1.00,"ק""ג",true,,99.00,99.0000,true,1,157070
7290000095408,false,נעם 28% חריץ מעדניה,,,"נעם גבנ""צ 28% שקיל",קילוגרמים,1.00,"ק""ג",true,,44.79,44.7900,true,1,268456
7290000095415,false,נעם 9% חריץ מעדניה-,,,"נעם גבנ""צ 9%",קילוגרמים,1.00,"ק""ג",true,,85.00,85.0000,true,1,268471
7290000095422,false,גבינת נועם 22% חריץ,,,"נעם גבנ""צ 22%",קילוגרמים,1.00,"ק""ג",true,,42.58,42.5800,true,1,268472
7290000098021,false,בלדי כבד אווז ארוז .,,,בלדי כבד אווז ארוז .,קילוגרמים,1.00,"ק""ג",true,,489.90,489.9000,true,1,266165
7290000098031,false,פסטרמה פרגיות ללחמני,,,פסטרמה פרגיות ללחמני,קילוגרמים,1.00,"ק""ג",true,,90.00,90.0000,true,1,222183
7290000098048,false,פסטרמה הודו בתיבול ש,,,פסטרמה הודו בתיבול ש,קילוגרמים,1.00,"ק""ג",true,,90.00,90.0000,true,1,222184
7290000100015,false,מאפה מתוק,,,מאפה מתוק,קילוגרמים,1.00,"ק""ג",true,,39.90,39.9000,true,1,107083
7290000100128,false,פירות קפואים תות סנפרוסט 300 ג',"סנפרוסט בע""מ",IL,סנפרוסט תות שדה,יחידה,0.00,יחידה,false,,14.90,0.0000,true,1,183639
7290000100205,false,פקאן בקליפה,,,פקאן בקליפה,קילוגרמים,1.00,"ק""ג",true,,40.00,40.0000,true,1,113927
7290000100296,false,תערובת להכנת Smoothie ורוד תות ובננה,"סנפרוסט בע""מ",IL,סנפרוסט שייק תות בננ,גרמים,300.00,100 גרם,false,,14.90,0.0497,true,1,195987
7290000100302,false,פול ירוק קלוף סנפרוסט 600 גרם,"סנפרוסט בע""מ",IL,סנפרוסט פול ירוק ללא,גרמים,600.00,100 גרם,false,,25.90,0.0432,true,1,191737
7290000100410,false,מאפה מלוח,,,מאפה מלוח,קילוגרמים,1.00,"ק""ג",true,,39.90,39.9000,true,1,107091
7290000100465,false,מאפה מלוח פרמיום,,,מאפה מלוח פרמיום,קילוגרמים,1.00,"ק""ג",true,,49.90,49.9000,true,1,181763
7290000100593,false,סנפרוסט פרוסות אנטיפסטי לתנור 600 גר',"סנפרוסט בע""מ",IL,פרוסות אנטיפסטי לתנו,יחידה,0.00,יחידה,false,,19.90,0.0000,true,1,222583
7290000100595,false,מאפה מתוק פרמיום,,,מאפה מתוק פרמיום,קילוגרמים,1.00,"ק""ג",true,,49.90,49.9000,true,1,181765
7290000100617,false,עוגיות יבשות,,,עוגיות יבשות,קילוגרמים,1.00,"ק""ג",true,,39.90,39.9000,true,1,181768
7290000101000,false,קבוקים,,,קבוקים,קילוגרמים,1.00,"ק""ג",true,,30.00,30.0000,true,1,129316
7290000101001,false,בוטנים קלוי,,,בוטנים קלוי,קילוגרמים,1.00,"ק""ג",true,,40.00,40.0000,true,1,105638
7290000101002,false,שקד עם קליפה קלוי,,,שקד עם קליפה קלוי,קילוגרמים,1.00,"ק""ג",true,,50.00,50.0000,true,1,138630
7290000101003,false,חומוס קלוי,,,חומוס קלוי,קילוגרמים,1.00,"ק""ג",true,,30.00,30.0000,true,1,113928
7290000101004,false,שקדים קלוי,,,שקדים קלוי,קילוגרמים,1.00,"ק""ג",true,,70.00,70.0000,true,1,138631
7290000101005,false,תערובת אקסטרא,,,תערובת אקסטרא,קילוגרמים,1.00,"ק""ג",true,,70.00,70.0000,true,1,111340
7290000101006,false,בונדוק קלוי,,,בונדוק קלוי,קילוגרמים,1.00,"ק""ג",true,,70.00,70.0000,true,1,132930
7290000101008,false,קשיו קלוי,,,קשיו קלוי,קילוגרמים,1.00,"ק""ג",true,,70.00,70.0000,true,1,137450
7290000101009,false,גרעינים לבנים קלוי,,,גרעינים לבנים קלוי,קילוגרמים,1.00,"ק""ג",true,,40.00,40.0000,true,1,105639
7290000101010,false,בוטנים עם קליפה קלוי,,,בוטנים עם קליפה קלוי,קילוגרמים,1.00,"ק""ג",true,,25.00,25.0000,true,1,138632
7290000101011,false,פול קלוי,,,פול קלוי,קילוגרמים,1.00,"ק""ג",true,,50.00,50.0000,true,1,132931
7290000101012,false,פיסטוק חלבי קלוי,,,פיסטוק חלבי קלוי,קילוגרמים,1.00,"ק""ג",true,,70.00,70.0000,true,1,137451
7290000101013,false,גרעיני דבאח,,,גרעיני דבאח,קילוגרמים,1.00,"ק""ג",true,,20.00,20.0000,true,1,137466
7290000101014,false,אגוז פקאן קלוי,,,אגוז פקאן קלוי,קילוגרמים,1.00,"ק""ג",true,,80.00,80.0000,true,1,113013
7290000101016,false,בוטן אמריקאי,,,בוטן אמריקאי,קילוגרמים,1.00,"ק""ג",true,,30.00,30.0000,true,1,129317
7290000101017,false,פיסטוק חלבי מקולף,,,פיסטוק חלבי מקולף,קילוגרמים,1.00,"ק""ג",true,,150.00,150.0000,true,1,143004
7290000101018,false,פקאן סיני מסוכר,,,פקאן סיני מסוכר,קילוגרמים,1.00,"ק""ג",true,,100.00,100.0000,true,1,105640
7290000101019,false,צנובר סיני גדול,,,צנובר סיני גדול,קילוגרמים,1.00,"ק""ג",true,,200.00,200.0000,true,1,137452
7290000101021,false,אגוז מלך,,,אגוז מלך,קילוגרמים,1.00,"ק""ג",true,,50.00,50.0000,true,1,137453
7290000101022,false,פקאן טבעי,,,פקאן טבעי,קילוגרמים,1.00,"ק""ג",true,,80.00,80.0000,true,1,132932
7290000101024,false,אגוז ברזילאי,,,אגוז ברזילאי,קילוגרמים,1.00,"ק""ג",true,,80.00,80.0000,true,1,143005
7290000101025,false,שקד טבעי,,,שקד טבעי,קילוגרמים,1.00,"ק""ג",true,,60.00,60.0000,true,1,137454
7290000101026,false,שקד חצאים,,,שקד חצאים,קילוגרמים,1.00,"ק""ג",true,,60.00,60.0000,true,1,143006
7290000101027,false,שקד חתוך גפרורים,,,שקד חתוך גפרורים,קילוגרמים,1.00,"ק""ג",true,,60.00,60.0000,true,1,137501
7290000101028,false,שקד פרוסות,,,שקד פרוסות,קילוגרמים,1.00,"ק""ג",true,,60.00,60.0000,true,1,129394
7290000101030,false,שעועית לבנה,,,שעועית לבנה,קילוגרמים,1.00,"ק""ג",true,,10.00,10.0000,true,1,145251
7290000101031,false,פול ירוק,,,פול ירוק,קילוגרמים,1.00,"ק""ג",true,,15.00,15.0000,true,1,145252
7290000101032,false,שיבולת שועל עבה,,,שיבולת שועל עבה,קילוגרמים,1.00,"ק""ג",true,,10.00,10.0000,true,1,113929
7290000101033,false,עדשים אוסטרלים,,,עדשים אוסטרלים,קילוגרמים,1.00,"ק""ג",true,,10.00,10.0000,true,1,145253
7290000101034,false,שעועית שחורה,,,שעועית שחורה,קילוגרמים,1.00,"ק""ג",true,,15.00,15.0000,true,1,113930
7290000101035,false,עדשים קנדי גדול,,,עדשים קנדי גדול,קילוגרמים,1.00,"ק""ג",true,,10.00,10.0000,true,1,113931
7290000101036,false,חמנייה מקולפת,,,חמנייה מקולפת,קילוגרמים,1.00,"ק""ג",true,,25.00,25.0000,true,1,143007
7290000101037,false,גרעיני דלעת מקולפת,,,גרעיני דלעת מקולפת,קילוגרמים,1.00,"ק""ג",true,,40.00,40.0000,true,1,143008
7290000101039,false,עדשים אדומות,,,עדשים אדומות,קילוגרמים,1.00,"ק""ג",true,,10.00,10.0000,true,1,133438
7290000101040,false,שומשום אדום טורקי,,,שומשום אדום טורקי,קילוגרמים,1.00,"ק""ג",true,,20.00,20.0000,true,1,113932
7290000101041,false,בורגול דק,,,בורגול דק,קילוגרמים,1.00,"ק""ג",true,,7.00,7.0000,true,1,133439
7290000101042,false,בורגול בנוני,,,בורגול בנוני,קילוגרמים,1.00,"ק""ג",true,,7.00,7.0000,true,1,133440
7290000101043,false,פטריות שמפניון,סודות המזרח,IL,שעועית מאש,קילוגרמים,1.00,"ק""ג",true,,15.00,15.0000,true,1,113933
7290000101044,false,עדשים קנדי קטן,,,עדשים קנדי קטן,קילוגרמים,1.00,"ק""ג",true,,10.00,10.0000,true,1,145254
7290000101045,false,פשתן,,,פשתן,קילוגרמים,1.00,"ק""ג",true,,10.00,10.0000,true,1,113934
7290000101047,false,קוקוס טחון,,,קוקוס טחון,קילוגרמים,1.00,"ק""ג",true,,25.00,25.0000,true,1,129401
7290000101048,false,לוביה,,,לוביה,קילוגרמים,1.00,"ק""ג",true,,15.00,15.0000,true,1,145256
7290000101049,false,שעועית אדומה,,,שעועית אדומה,קילוגרמים,1.00,"ק""ג",true,,15.00,15.0000,true,1,113935
7290000101050,false,קינואה לבנה,,,קינואה לבנה,קילוגרמים,1.00,"ק""ג",true,,20.00,20.0000,true,1,113936
7290000101051,false,קינמון שלם,,,קינמון שלם,קילוגרמים,1.00,"ק""ג",true,,30.00,30.0000,true,1,143242
7290000101052,false,שום פרוס פליקס,,,שום פרוס פליקס,קילוגרמים,1.00,"ק""ג",true,,40.00,40.0000,true,1,129402
7290000101053,false,תבלין פלאפל,,,תבלין פלאפל,קילוגרמים,1.00,"ק""ג",true,,50.00,50.0000,true,1,111342
7290000101054,false,תבלין על האש,,,תבלין על האש,קילוגרמים,1.00,"ק""ג",true,,60.00,60.0000,true,1,111343
7290000101055,false,פלפל שחור גרוס,,,פלפל שחור גרוס,קילוגרמים,1.00,"ק""ג",true,,60.00,60.0000,true,1,144204
7290000101056,false,אבקת עמבה,,,אבקת עמבה,קילוגרמים,1.00,"ק""ג",true,,40.00,40.0000,true,1,129403
7290000101057,false,תבלין שווארמה,,,תבלין שווארמה,קילוגרמים,1.00,"ק""ג",true,,60.00,60.0000,true,1,111344
7290000101058,false,תבלין אורז רגיל,,,תבלין אורז רגיל,קילוגרמים,1.00,"ק""ג",true,,100.00,100.0000,true,1,111345
7290000101059,false,אגוז מוסקט טחון,,,אגוז מוסקט טחון,קילוגרמים,1.00,"ק""ג",true,,100.00,100.0000,true,1,129404
7290000101060,false,פלפל שחור טחון,,,פלפל שחור טחון,קילוגרמים,1.00,"ק""ג",true,,50.00,50.0000,true,1,129405
7290000101061,false,פלפל סודני גרוס,,,פלפל סודני גרוס,קילוגרמים,1.00,"ק""ג",true,,40.00,40.0000,true,1,129406
7290000101062,false,זנגביל טחון,,,זנגביל טחון,קילוגרמים,1.00,"ק""ג",true,,60.00,60.0000,true,1,143243
7290000101063,false,גריל עוף,,,גריל עוף,קילוגרמים,1.00,"ק""ג",true,,60.00,60.0000,true,1,111346
7290000101064,false,היל שלם קלוי,,,היל טחון,קילוגרמים,1.00,"ק""ג",true,,150.00,150.0000,true,1,145818
7290000101065,false,סחוג מוכן,,,סחוג מוכן,קילוגרמים,1.00,"ק""ג",true,,60.00,60.0000,true,1,129407
7290000101066,false,כמון טחון,,,כמון טחון,קילוגרמים,1.00,"ק""ג",true,,50.00,50.0000,true,1,144205
7290000101067,false,אגוז מוסקט שלם,,,אגוז מוסקט שלם,קילוגרמים,1.00,"ק""ג",true,,120.00,120.0000,true,1,129408
7290000101068,false,תבלין ירקות בתנור,,,תבלין ירקות בתנור,קילוגרמים,1.00,"ק""ג",true,,60.00,60.0000,true,1,111347
7290000101069,false,גרגירי חרדל צהוב,,,גרגירי חרדל צהוב,קילוגרמים,1.00,"ק""ג",true,,50.00,50.0000,true,1,129409
7290000101070,false,עגבניות שרי אשכולות,יושלם,,כורכום טחון,קילוגרמים,1.00,"ק""ג",true,,30.00,30.0000,true,1,129410
7290000101071,false,חורנג'אן,,,"חורנג""אן",קילוגרמים,1.00,"ק""ג",true,,100.00,100.0000,true,1,143244
7290000101072,false,פרג שלם,,,פרג שלם,קילוגרמים,1.00,"ק""ג",true,,40.00,40.0000,true,1,113937
7290000101073,false,ציפורן שלם,,,ציפורן שלם,קילוגרמים,1.00,"ק""ג",true,,120.00,120.0000,true,1,143245
7290000101074,false,פלפל אנגלי טחון,,,פלפל אנגלי טחון,קילוגרמים,1.00,"ק""ג",true,,60.00,60.0000,true,1,143246
7290000101075,false,שמיר יבש,,,שמיר יבש,קילוגרמים,1.00,"ק""ג",true,,120.00,120.0000,true,1,128057
7290000101076,false,תבלין לפיצה,,,תבלין לפיצה,קילוגרמים,1.00,"ק""ג",true,,50.00,50.0000,true,1,111348
7290000101077,false,רוזמרין,,,רוזמרין,קילוגרמים,1.00,"ק""ג",true,,50.00,50.0000,true,1,129411
7290000101078,false,"קמומיל בבונג""",,,"קמומיל בבונג""",קילוגרמים,1.00,"ק""ג",true,,100.00,100.0000,true,1,143247
7290000101079,false,פלפל סודני שלם,,,פלפל סודני שלם,קילוגרמים,1.00,"ק""ג",true,,40.00,40.0000,true,1,129412
7290000101080,false,קינמון טחון,,,קינמון טחון,קילוגרמים,1.00,"ק""ג",true,,50.00,50.0000,true,1,129413
7290000101081,false,שום גבישי,,,שום גבישי,קילוגרמים,1.00,"ק""ג",true,,40.00,40.0000,true,1,129414
7290000101082,false,קימל שלם,,,קימל שלם,קילוגרמים,1.00,"ק""ג",true,,40.00,40.0000,true,1,129415
7290000101083,false,כוסברה טחונה,,,כוסברה טחונה,קילוגרמים,1.00,"ק""ג",true,,50.00,50.0000,true,1,129416
7290000101084,false,פפריקה חריפה,,,פפריקה חריפה,קילוגרמים,1.00,"ק""ג",true,,40.00,40.0000,true,1,129417
7290000101085,false,פלפל לבן טחון,,,פלפל לבן טחון,קילוגרמים,1.00,"ק""ג",true,,100.00,100.0000,true,1,143248
7290000101086,false,קארי,,,קארי,קילוגרמים,1.00,"ק""ג",true,,40.00,40.0000,true,1,129418
7290000101087,false,קצח,,,קצח,קילוגרמים,1.00,"ק""ג",true,,30.00,30.0000,true,1,143249
7290000101088,false,עלי מרווה,,,עלי מרווה,קילוגרמים,1.00,"ק""ג",true,,100.00,100.0000,true,1,128058
7290000101089,false,עלי נענע,,,עלי נענע,קילוגרמים,1.00,"ק""ג",true,,100.00,100.0000,true,1,128059
7290000101090,false,פלפל ארבעת העונות,,,פלפל ארבעת העונות,קילוגרמים,1.00,"ק""ג",true,,120.00,120.0000,true,1,129419
7290000101091,false,בהרט,,,בהרט,קילוגרמים,1.00,"ק""ג",true,,70.00,70.0000,true,1,111349
7290000101092,false,עלי לואיזה,,,עלי לואיזה,קילוגרמים,1.00,"ק""ג",true,,200.00,200.0000,true,1,128060
7290000101093,false,תבלין פילדלפיה,,,תבלין פילדלפיה,קילוגרמים,1.00,"ק""ג",true,,60.00,60.0000,true,1,129420
7290000101094,false,ינסון שלם,,,ינסון שלם,קילוגרמים,1.00,"ק""ג",true,,50.00,50.0000,true,1,143250
7290000101095,false,זעתר בלדי,,,זעתר בלדי,קילוגרמים,1.00,"ק""ג",true,,50.00,50.0000,true,1,143251
7290000101096,false,כוסברה שלמה,,,כוסברה שלמה,קילוגרמים,1.00,"ק""ג",true,,30.00,30.0000,true,1,129421
7290000101097,false,תבלין צ'יקן,,,"תבלין צ""יקן",קילוגרמים,1.00,"ק""ג",true,,50.00,50.0000,true,1,111350
7290000101098,false,גריל דג,,,גריל דג,קילוגרמים,1.00,"ק""ג",true,,60.00,60.0000,true,1,129422
7290000101099,false,ציפורן טחון,,,ציפורן טחון,קילוגרמים,1.00,"ק""ג",true,,110.00,110.0000,true,1,129423
7290000101100,false,עלי פטרוזיליה,,,עלי פטרוזיליה,קילוגרמים,1.00,"ק""ג",true,,100.00,100.0000,true,1,128061
7290000101101,false,היל שלם גמבו,,,היל שלם גמבו,קילוגרמים,1.00,"ק""ג",true,,200.00,200.0000,true,1,143252
7290000101102,false,ראס אלחנות,,,ראס אלחנות,קילוגרמים,1.00,"ק""ג",true,,100.00,100.0000,true,1,129424
7290000101104,false,היל שלם גמבו,,,היל שלם גמבו,קילוגרמים,1.00,"ק""ג",true,,150.00,150.0000,true,1,105641
7290000101105,false,חילבה טחון,,,חילבה טחון,קילוגרמים,1.00,"ק""ג",true,,30.00,30.0000,true,1,129425
7290000101106,false,פפריקה מתוקה בשמן,,,פפריקה מתוקה בשמן,קילוגרמים,1.00,"ק""ג",true,,40.00,40.0000,true,1,144206
7290000101107,false,תבלין קבב,,,תבלין קבב,קילוגרמים,1.00,"ק""ג",true,,100.00,100.0000,true,1,111351
7290000101108,false,פלפל אנגלי שלם,,,פלפל אנגלי שלם,קילוגרמים,1.00,"ק""ג",true,,60.00,60.0000,true,1,113938
7290000101109,false,אורגנו,,,אורגנו,קילוגרמים,1.00,"ק""ג",true,,40.00,40.0000,true,1,129426
7290000101110,false,טימין,,,טימין,קילוגרמים,1.00,"ק""ג",true,,80.00,80.0000,true,1,128063
7290000101114,false,תרומה לבית אלמוג שיל,,,עלי מיורן,קילוגרמים,1.00,"ק""ג",true,,80.00,80.0000,true,1,128064
7290000101116,false,עלי זעתר,,,עלי זעתר,קילוגרמים,1.00,"ק""ג",true,,100.00,100.0000,true,1,129428
7290000101117,false,בזיליקום,,,בזיליקום,קילוגרמים,1.00,"ק""ג",true,,70.00,70.0000,true,1,128065
7290000101118,false,זנגביל שלם,,,זנגביל שלם,קילוגרמים,1.00,"ק""ג",true,,60.00,60.0000,true,1,129429
7290000101119,false,חילבה שלם,,,חילבה שלם,קילוגרמים,1.00,"ק""ג",true,,30.00,30.0000,true,1,129430
7290000101120,false,כמון שלם,,,כמון שלם,קילוגרמים,1.00,"ק""ג",true,,50.00,50.0000,true,1,113939
7290000101121,false,פלפל שחור שלם,,,פלפל שחור שלם,קילוגרמים,1.00,"ק""ג",true,,40.00,40.0000,true,1,129431
7290000101122,false,קימל טחון,,,קימל טחון,קילוגרמים,1.00,"ק""ג",true,,40.00,40.0000,true,1,129432
7290000101123,false,מלח לימון,,,מלח לימון,קילוגרמים,1.00,"ק""ג",true,,20.00,20.0000,true,1,145257
7290000101125,false,עדשים שחורות,,,עדשים שחורות,קילוגרמים,1.00,"ק""ג",true,,15.00,15.0000,true,1,145258
7290000101127,false,חומוס,,,חומוס,קילוגרמים,1.00,"ק""ג",true,,10.00,10.0000,true,1,116352
7290000101128,false,אפונה חצאים,,,אפונה חצאים,קילוגרמים,1.00,"ק""ג",true,,10.00,10.0000,true,1,137456
7290000101129,false,שומשום לבן,,,שומשום לבן,קילוגרמים,1.00,"ק""ג",true,,20.00,20.0000,true,1,145259
7290000101131,false,כוסמת חומה,,,כוסמת חומה,קילוגרמים,1.00,"ק""ג",true,,15.00,15.0000,true,1,113940
7290000101133,false,תורמוס מתוק,,,תורמוס מתוק,קילוגרמים,1.00,"ק""ג",true,,10.00,10.0000,true,1,145260
7290000101135,false,פול מצרי קטן,,,פול מצרי קטן,קילוגרמים,1.00,"ק""ג",true,,7.00,7.0000,true,1,145262
7290000101136,false,שעועית בובס,,,שעועית בובס,קילוגרמים,1.00,"ק""ג",true,,15.00,15.0000,true,1,113941
7290000101137,false,תאנים,,,תאנים,קילוגרמים,1.00,"ק""ג",true,,50.00,50.0000,true,1,138633
7290000101138,false,תמרים מג'הול שקיל,,,תמרים מג'הול שקיל,קילוגרמים,1.00,"ק""ג",true,,30.00,30.0000,true,1,145263
7290000101139,false,משמש,,,משמש,קילוגרמים,1.00,"ק""ג",true,,50.00,50.0000,true,1,138634
7290000101140,false,צימוק גדול ג'מבו,,,צימוק גדול ג'מבו,קילוגרמים,1.00,"ק""ג",true,,50.00,50.0000,true,1,132933
7290000101142,false,תערובת אורז מרקש,,,תערובת אורז מרקש,קילוגרמים,1.00,"ק""ג",true,,69.00,69.0000,true,1,129434
7290000101144,false,כורכום שלם,,,כורכום שלם,קילוגרמים,1.00,"ק""ג",true,,50.00,50.0000,true,1,129435
7290000101145,false,תערובת אורז מדרס,,,תערובת אורז מדרס,קילוגרמים,1.00,"ק""ג",true,,70.00,70.0000,true,1,129436
7290000101146,false,זנגביל דל סוכר,,,זנגביל דל סוכר,קילוגרמים,1.00,"ק""ג",true,,50.00,50.0000,true,1,137502
7290000101147,false,תערובת אורז פרסי,,,תערובת אורז פרסי,קילוגרמים,1.00,"ק""ג",true,,70.00,70.0000,true,1,129437
7290000101148,false,מלח אטלנטי מתובל,,,מלח אטלנטי מתובל,קילוגרמים,1.00,"ק""ג",true,,50.00,50.0000,true,1,129438
7290000101150,false,חליטת פירות יער,,,חליטת פירות יער,קילוגרמים,1.00,"ק""ג",true,,70.00,70.0000,true,1,128067
7290000101151,false,תבלין סלט יווני,,,תבלין סלט יווני,קילוגרמים,1.00,"ק""ג",true,,70.00,70.0000,true,1,111353
7290000101153,false,קיווי מסוכר,,,קיווי מסוכר,קילוגרמים,1.00,"ק""ג",true,,50.00,50.0000,true,1,113014
7290000101156,false,אפונה מטוגנת,,,אפונה מטוגנת,קילוגרמים,1.00,"ק""ג",true,,30.00,30.0000,true,1,129318
7290000101157,false,תבלין שניצל,,,תבלין שניצל,קילוגרמים,1.00,"ק""ג",true,,60.00,60.0000,true,1,111354
7290000101159,false,פריקה,,,פריקה,קילוגרמים,1.00,"ק""ג",true,,15.00,15.0000,true,1,143254
7290000101161,false,תבלין חוויאג' למרק,,,"תבלין חוויאג"" למרק",קילוגרמים,1.00,"ק""ג",true,,50.00,50.0000,true,1,129440
7290000101163,false,מחלב,,,מחלב,קילוגרמים,1.00,"ק""ג",true,,200.00,200.0000,true,1,145264
7290000101165,false,תבלין קובה,,,תבלין קובה,קילוגרמים,1.00,"ק""ג",true,,70.00,70.0000,true,1,129441
7290000101166,false,משיה שלם,,,משיה שלם,קילוגרמים,1.00,"ק""ג",true,,249.90,249.9000,true,1,129442
7290000101167,false,קשיו טבעי,,,קשיו טבעי,קילוגרמים,1.00,"ק""ג",true,,60.00,60.0000,true,1,137458
7290000101168,false,פיסטוק חלבי טבעי,,,פיסטוק חלבי טבעי,קילוגרמים,1.00,"ק""ג",true,,60.00,60.0000,true,1,137459
7290000101169,false,גרעינים שחורים טבעי,,,גרעינים שחורים טבעי,קילוגרמים,1.00,"ק""ג",true,,15.00,15.0000,true,1,138635
7290000101172,false,גרעינים לבנים טבעי,,,גרעינים לבנים טבעי,קילוגרמים,1.00,"ק""ג",true,,35.00,35.0000,true,1,137460
7290000101173,false,עלי דפנה,,,עלי דפנה,קילוגרמים,1.00,"ק""ג",true,,50.00,50.0000,true,1,129443
7290000101175,false,גרעיני אבטיח קלוי,,,גרעיני אבטיח מלוח,קילוגרמים,1.00,"ק""ג",true,,50.00,50.0000,true,1,132934
7290000101176,false,כוכבי אניס,,,כוכבי אניס,קילוגרמים,1.00,"ק""ג",true,,120.00,120.0000,true,1,129444
7290000101177,false,חיטה לחמין,,,חיטה לחמין,קילוגרמים,1.00,"ק""ג",true,,10.00,10.0000,true,1,113942
7290000101179,false,קינמון שלם עגול 8 סמ,,,קינמון שלם עגול 8 סמ,קילוגרמים,1.00,"ק""ג",true,,50.00,50.0000,true,1,143255
7290000101180,false,אבקת שום,,,אבקת שום,קילוגרמים,1.00,"ק""ג",true,,40.00,40.0000,true,1,129445
7290000101183,false,אגוז מלך בקליפה,,,אגוז מלך בקליפה,קילוגרמים,1.00,"ק""ג",true,,30.00,30.0000,true,1,113943
7290000101184,false,מנצ'יס,,,מנצ'יס,קילוגרמים,1.00,"ק""ג",true,,30.00,30.0000,true,1,105642
7290000101186,false,לימון פרסי כהה,,,לימון פרסי כהה,קילוגרמים,1.00,"ק""ג",true,,80.00,80.0000,true,1,129446
7290000101198,false,מלח ים אטלנטי,,,מלח ים אטלנטי,קילוגרמים,1.00,"ק""ג",true,,40.00,40.0000,true,1,129449
7290000101200,false,תבלין לחמוצים,,,תבלין לחמוצים,קילוגרמים,1.00,"ק""ג",true,,70.00,70.0000,true,1,145265
7290000101201,false,סודה לשתייה,,,סודה לשתייה,קילוגרמים,1.00,"ק""ג",true,,10.00,10.0000,true,1,145266
7290000101205,false,חומוס ענק,,,חומוס ענק,קילוגרמים,1.00,"ק""ג",true,,15.00,15.0000,true,1,116354
7290000101206,false,תערובת גרמסלה,,,תערובת גרמסלה,קילוגרמים,1.00,"ק""ג",true,,80.00,80.0000,true,1,129450
7290000101207,false,תערובת אורז סיני,,,תערובת אורז סיני,קילוגרמים,1.00,"ק""ג",true,,70.00,70.0000,true,1,128074
7290000101208,false,תערובת שקשוקה,,,תערובת שקשוקה,קילוגרמים,1.00,"ק""ג",true,,60.00,60.0000,true,1,111355
7290000101209,false,תערובת חביתות,,,תערובת חביתות,קילוגרמים,1.00,"ק""ג",true,,80.00,80.0000,true,1,128075
7290000101213,false,אבקת בצל,,,אבקת בצל,קילוגרמים,1.00,"ק""ג",true,,50.00,50.0000,true,1,129452
7290000101214,false,תה ירוק,,,תה ירוק,קילוגרמים,1.00,"ק""ג",true,,50.00,50.0000,true,1,128076
7290000101215,false,תערובת אורז מקסיקני,,,תערובת אורז מקסיקני,קילוגרמים,1.00,"ק""ג",true,,70.00,70.0000,true,1,129453
7290000101216,false,תערובת אורז בדווי,,,תערובת אורז בדווי,קילוגרמים,1.00,"ק""ג",true,,70.00,70.0000,true,1,129454
7290000101217,false,פלפל לבן שלם,,,פלפל לבן שלם,קילוגרמים,1.00,"ק""ג",true,,120.00,120.0000,true,1,129455
7290000101218,false,פפריקה מעושנת,,,פפריקה מעושנת,קילוגרמים,1.00,"ק""ג",true,,50.00,50.0000,true,1,129456
7290000101220,false,תבלין מעורב ירושלמי,,,תבלין מעורב ירושלמי,קילוגרמים,1.00,"ק""ג",true,,50.00,50.0000,true,1,129458
7290000101221,false,"תבלין השחמה קיג""יין",,,"תבלין השחמה קיג""יין",קילוגרמים,1.00,"ק""ג",true,,60.00,60.0000,true,1,129459
7290000101222,false,תבלין רוסטביף,,,תבלין רוסטביף,קילוגרמים,1.00,"ק""ג",true,,60.00,60.0000,true,1,129460
7290000101224,false,עלי כוסברה,,,עלי כוסברה,קילוגרמים,1.00,"ק""ג",true,,90.00,90.0000,true,1,113945
7290000101227,false,פפריקה מתוקה גרוסה,,,פפריקה מתוקה גרוסה,קילוגרמים,1.00,"ק""ג",true,,40.00,40.0000,true,1,129461
7290000101228,false,סומק בלדי,,,סומק בלדי,קילוגרמים,1.00,"ק""ג",true,,50.00,50.0000,true,1,143257
7290000101229,false,שזיפים מגולענים,,,שזיפים,קילוגרמים,1.00,"ק""ג",true,,50.00,50.0000,true,1,132936
7290000101235,false,תערובת שום שמיר,,,תערובת שום שמיר,קילוגרמים,1.00,"ק""ג",true,,100.00,100.0000,true,1,128077
7290000101280,false,זופה,,,זופה,קילוגרמים,1.00,"ק""ג",true,,149.00,149.0000,true,1,153514
7290000101300,false,חמוציות,,,חמוציות,קילוגרמים,1.00,"ק""ג",true,,40.00,40.0000,true,1,143010
7290000101302,false,תירס פופקורן,,,תירס פופקורן,קילוגרמים,1.00,"ק""ג",true,,10.00,10.0000,true,1,182519
7290000101305,false,פלפל מתוק שלם,,,פלפל מתוק שלם,קילוגרמים,1.00,"ק""ג",true,,40.00,40.0000,true,1,129463
7290000101308,false,"זרעי צ""יה",,,"זרעי צ""יה",קילוגרמים,1.00,"ק""ג",true,,30.00,30.0000,true,1,128079
7290000101309,false,תערובת אורז בורה בור,,,תערובת אורז בורה בור,קילוגרמים,1.00,"ק""ג",true,,80.00,80.0000,true,1,129465
7290000101310,false,תערובת אורז מדגסקאר,,,תערובת אורז מדגסקאר,קילוגרמים,1.00,"ק""ג",true,,79.00,79.0000,true,1,129466
7290000101311,false,לימון פרסי בהיר,,,לימון פרסי בהיר,קילוגרמים,1.00,"ק""ג",true,,80.00,80.0000,true,1,128080
7290000101312,false,שומר שלם,,,שומר שלם,קילוגרמים,1.00,"ק""ג",true,,35.00,35.0000,true,1,129467
7290000101319,false,תבלין צ'מיצ'ורי,,,"תבלין צ""מיצ""ורי",קילוגרמים,1.00,"ק""ג",true,,80.00,80.0000,true,1,129470
7290000101321,false,תפוח עץ,,,תפוח עץ,קילוגרמים,1.00,"ק""ג",true,,50.00,50.0000,true,1,132937
7290000101322,false,אננס בטעמים,,,אננס בטעמים,קילוגרמים,1.00,"ק""ג",true,,40.00,40.0000,true,1,132938
7290000101326,false,פלפל חריף שלם,,,פלפל חריף שלם,קילוגרמים,1.00,"ק""ג",true,,40.00,40.0000,true,1,129471
7290000101327,false,פיקלס/לפת,,,פיקלס/לפת,קילוגרמים,1.00,"ק""ג",true,,30.00,30.0000,true,1,146260
7290000101331,false,קראנץ צ'ילי,,,קראנץ צ'ילי,קילוגרמים,1.00,"ק""ג",true,,50.00,50.0000,true,1,166046
7290000101336,false,רשד גרגרים,,,רשד גרגרים,קילוגרמים,1.00,"ק""ג",true,,80.00,80.0000,true,1,183594
7290000101337,false,שומשום שחור,,,שומשום שחור,קילוגרמים,1.00,"ק""ג",true,,80.00,80.0000,true,1,128084
7290000101339,false,בוטנים מולבנים טבעי,,,בוטנים מולבנים טבעי,קילוגרמים,1.00,"ק""ג",true,,25.00,25.0000,true,1,129398
7290000101343,false,חציל כבוש,,,חציל כבוש,קילוגרמים,1.00,"ק""ג",true,,40.00,40.0000,true,1,153515
7290000101413,false,רביולי,,,רביולי,קילוגרמים,1.00,"ק""ג",true,,60.00,60.0000,true,1,166047
7290000101414,false,חריף תאילנדי,,,חריף תאילנדי,קילוגרמים,1.00,"ק""ג",true,,60.00,60.0000,true,1,166048
7290000101417,false,חומוס מטוגן,,,חומוס מטוגן,קילוגרמים,1.00,"ק""ג",true,,40.00,40.0000,true,1,242534
7290000101418,false,צנובר סיני קטן,,,צנובר סיני קטן,קילוגרמים,1.00,"ק""ג",true,,150.00,150.0000,true,1,181996
7290000101515,false,פריקה שלמה,,,פריקה שלמה,קילוגרמים,1.00,"ק""ג",true,,15.00,15.0000,true,1,174667
7290000101516,false,משמש אוזביקי,,,משמש אוזביקי,קילוגרמים,1.00,"ק""ג",true,,60.00,60.0000,true,1,181203
7290000101517,false,צימוק אוזביקי טבעי,,,צימוק אוזביקי טבעי,קילוגרמים,1.00,"ק""ג",true,,60.00,60.0000,true,1,193879
7290000101536,false,שוקחה גבינה גאודה בל,,,שוקחה גבינה גאודה בל,קילוגרמים,1.00,"ק""ג",true,,65.00,65.0000,true,1,163330
7290000101701,false,חרוזית ירוק,,,חרוזית ירוק,קילוגרמים,1.00,"ק""ג",true,,50.00,50.0000,true,1,138952
7290000101900,false,חליטת פירות אקזוטית,,,חליטת פירות אקזוטית,קילוגרמים,1.00,"ק""ג",true,,70.00,70.0000,true,1,165545
7290000101927,false,אוכמניות כחולות מוקפאות סנפרוסט 300 גרם,"איי, בי, אינבוו",IL,סנפרוסט אוכמניות כחו,גרמים,300.00,100 גרם,false,,14.90,0.0497,true,1,174441
7290000101934,false,מיקס פירות יער מוקפאות 300 ג' סנפרוסט,"איי, בי, אינבוו",IL,סנפרוסט מיקס פירות י,גרמים,300.00,100 גרם,false,,14.90,0.0497,true,1,174442
7290000101941,false,אננס חתוך מוקפא סנפרוסט 300ג',"איי, בי, אינבוו",IL,סנפרוסט אננס 300 גרם,גרמים,300.00,100 גרם,false,,14.90,0.0497,true,1,174443
7290000101958,false,מנגו חתוך מוקפא סנפרוסט 300ג',"איי, בי, אינבוו",IL,סנפרוסט מנגו 300 גרם,גרמים,300.00,100 גרם,false,,14.90,0.0497,true,1,174444
7290000102001,false,קפה דבאח שחור,,,קפה דבאח שחור,קילוגרמים,1.00,"ק""ג",true,,60.00,60.0000,true,1,111359
7290000102004,false,קפה ירוק,,,קפה ירוק,קילוגרמים,1.00,"ק""ג",true,,35.00,35.0000,true,1,145267
7290000102005,false,קפה בתוספת הל דבאח,,,קפה בתוספת הל דבאח,קילוגרמים,1.00,"ק""ג",true,,60.00,60.0000,true,1,146262
7290000102007,false,תמרים פרימיום,,,תמרים פרימיום,קילוגרמים,1.00,"ק""ג",true,,50.00,50.0000,true,1,122933
7290000103001,false,בננה צ'יפס,,,בננה צ'יפס,קילוגרמים,1.00,"ק""ג",true,,30.00,30.0000,true,1,143011
7290000103003,false,אוכמניות,,,אוכמניות,קילוגרמים,1.00,"ק""ג",true,,40.00,40.0000,true,1,113016
7290000103005,false,צימוקים כהה,,,צימוקים כהה,קילוגרמים,1.00,"ק""ג",true,,40.00,40.0000,true,1,132940
7290000103007,false,פפיה,,,פפיה,קילוגרמים,1.00,"ק""ג",true,,35.00,35.0000,true,1,132941
7290000103008,false,צימוק קטן (פאנסי),,,צימוק קטן (פאנסי),קילוגרמים,1.00,"ק""ג",true,,40.00,40.0000,true,1,138637
7290000103009,false,אננס טבעות,,,אננס טבעות,קילוגרמים,1.00,"ק""ג",true,,40.00,40.0000,true,1,143013
7290000103010,false,תירס קלוי,,,תירס קלוי,קילוגרמים,1.00,"ק""ג",true,,50.00,50.0000,true,1,129399
7290000103011,false,אננס טבעי,,,אננס טבעי,קילוגרמים,1.00,"ק""ג",true,,100.00,100.0000,true,1,113018
7290000103015,false,פרג טחון,,,פרג טחון,קילוגרמים,1.00,"ק""ג",true,,50.00,50.0000,true,1,137464
7290000103017,false,מיאסי,,,מיאסי,קילוגרמים,1.00,"ק""ג",true,,50.00,50.0000,true,1,165464
7290000103285,false,פטינה ארלה,,,פטינה ארלה,קילוגרמים,1.00,"ק""ג",true,,39.90,39.9000,true,1,198194
7290000103365,false,מרק ירקות עשיר סנפרוסט 550 גרם,"איי, בי, אינבוו",IL,סנפרוסט מרק ירקות 55,גרמים,550.00,100 גרם,false,,16.90,0.0307,true,1,104255
7290000103433,false,"לקט ירקות לתנור 800 גרם ""סנפרוסט""","איי, בי, אינבוו",IL,סנפרוסט לקט ירקות לת,גרמים,800.00,100 גרם,false,,19.90,0.0249,true,1,163424
7290000103457,false,"מיני כרובית 600 גרם ""סנפרוסט""","סנפרוסט בע""מ",IL,סנפרוסט מיני כרובית,גרמים,600.00,100 גרם,false,,16.90,0.0282,true,1,162012
7290000103471,false,"מיני ברוקלי 600 גר' ""סנפרוסט""","סנפרוסט בע""מ",IL,סנפרוסט מיני ברוקולי,גרמים,600.00,100 גרם,false,,16.90,0.0282,true,1,223065
7290000103488,false,"ארטישוק ירושלמי 400 גרם ""סנפרוסט""","סנפרוסט בע""מ",IL,סנפרוסט ארטישוק ירוש,גרמים,400.00,100 גרם,false,,17.90,0.0447,true,1,163426
7290000103730,false,לקט להקפצה עם פסטה פוזילי סנפרוסט 800 גרם,"איי, בי, אינבוו",IL,סנפרוסט לקט עם פסטה,גרמים,800.00,100 גרם,false,,19.90,0.0249,true,1,104265
7290000103815,false,לקט להקפצה סגנון תאילנדי סנפרוסט 800 גרם,"סנפרוסט בע""מ",IL,סנפרוסט לקט תאילנדי,גרמים,800.00,100 גרם,false,,19.90,0.0249,true,1,104273
7290000103822,false,ירקות שמלווים עוף סנפרוסט 800ג',"סנפרוסט בע""מ",IL,סנפרוסט לקט לעוף 800,גרמים,800.00,100 גרם,false,,19.90,0.0249,true,1,104274
7290000103839,false,מרק כתום עשיר בירקות סנפרוסט 570 גרם,"סנפרוסט בע""מ",IL,סנפרוסט מרק כתום קפו,גרמים,570.00,100 גרם,false,,16.90,0.0296,true,1,104275
7290000103846,false,מרק אפונה עשיר בירקות סנפרוסט 570 גרם,"סנפרוסט בע""מ",IL,סנפרוסט מרק אפונה קפ,גרמים,570.00,100 גרם,false,,16.90,0.0296,true,1,104276
7290000103860,false,מרק עדשים עשיר בירקות סנפרוסט 570 גרם,"איי, בי, אינבוו",IL,סנפרוסט מרק עדשים קפ,גרמים,570.00,100 גרם,false,,16.90,0.0296,true,1,104278
7290000103877,false,מרק שעועית עשיר בירקות סנפרוסט 640 גרם,"סנפרוסט בע""מ",IL,סנפרוסט מרק שעועית ק,גרמים,640.00,100 גרם,false,,16.90,0.0264,true,1,104279
7290000104201,false,אפונה עדינה סנפרוסט 600 גרם,"איי, בי, אינבוו",IL,סנפרוסט אפונה עדינה,גרמים,600.00,100 גרם,false,,17.90,0.0298,true,1,104285
7290000104218,false,סנפרוסט במיה 600 גרם,"איי, בי, אינבוו",IL,סנפרוסט במיה 600 גרם,גרמים,600.00,100 גרם,false,,15.90,0.0265,true,1,104286
7290000104225,false,בצל קצוץ סנפרוסט 600 גרם,"סנפרוסט בע""מ",IL,סנפרוסט בצל קצוץ 600,גרמים,600.00,100 גרם,false,,15.90,0.0265,true,1,104287
7290000104676,false,אפונה קפואה סנפרוסט 800 גרם,"איי, בי, אינבוו",IL,סנפרוסט אפונת גינה,גרמים,800.00,100 גרם,false,,15.90,0.0199,true,1,104289
7290000104676,false,אפונה קפואה סנפרוסט 800 גרם,"איי, בי, אינבוו",IL,סנפרוסט אפונת גינה,גרמים,800.00,100 גרם,false,,15.90,0.0199,true,1,248782
7290000104683,false,שעועית ירוקה שלמה סנפרוסט 800 גרם,"סנפרוסט בע""מ",IL,סנפרוסט שעועית שלמה,גרמים,800.00,100 גרם,false,,19.90,0.0249,true,1,104290
7290000104690,false,תירס גרעינים 800 גרם סנפרוסט,"איי, בי, אינבוו",IL,סנפרוסט תירס גרעינים,גרמים,800.00,100 גרם,false,,15.90,0.0199,true,1,104291
7290000104706,false,גזר גמדי סנפרוסט 800 גרם,"סנפרוסט בע""מ",IL,סנפרוסט גזר גמדי,גרמים,800.00,100 גרם,false,,15.90,0.0199,true,1,104292
7290000104713,false,פול ירוק סנפרוסט 800 גרם,"איי, בי, אינבוו",IL,סנפרוסט פול ירוק,גרמים,800.00,100 גרם,false,,25.90,0.0324,true,1,104293
7290000104720,false,שעועית ירוקה חתוכה סנפרוסט 800 גרם,"סנפרוסט בע""מ",IL,סנפרוסט שעועית ירוקה,גרמים,800.00,100 גרם,false,,15.90,0.0199,true,1,104294
7290000104737,false,שעועית צהובה חתוכה סנפרוסט 800גר,"סנפרוסט בע""מ",IL,סנפרוסט שעועית צהובה,גרמים,800.00,100 גרם,false,,15.90,0.0199,true,1,104295
7290000104744,false,כרובית סנפרוסט 800 גרם,"סנפרוסט בע""מ",IL,סנפרוסט כרובית,גרמים,800.00,100 גרם,false,,21.90,0.0274,true,1,104296
7290000104751,false,"כרוב ניצנים 800 גרם ""סנפרוסט""","איי, בי, אינבוו",IL,סנפרוסט כרוב ניצנים,גרמים,800.00,100 גרם,false,,21.90,0.0274,true,1,104297
7290000104768,false,תרד עלים סנפרוסט 800 ג ',"איי, בי, אינבוו",IL,סנפרוסט עלי תרד,גרמים,800.00,100 גרם,false,,19.90,0.0249,true,1,104298
7290000104775,false,תרד מדליונים סנפרוסט 800 גרם,"איי, בי, אינבוו",IL,סנפרוסט תרד מדליונים,גרמים,800.00,100 גרם,false,,19.90,0.0249,true,1,104299
7290000104799,false,שעועית לבנה מבושלת סנפרוסט 800 גרם,"איי, בי, אינבוו",IL,סנפרוסט שעועית לבנה,גרמים,800.00,100 גרם,false,,16.90,0.0211,true,1,104300
7290000104805,false,גרגירי חומוס מבושלים סנפרוסט 800 גרם,"איי, בי, אינבוו",IL,סנפרוסט גרגירי חומוס,גרמים,800.00,100 גרם,false,,16.90,0.0211,true,1,104301
7290000104829,false,"קלחוני תירס סנפרוסט 1 ק""ג","איי, בי, אינבוו",IL,סנפרוסט קלחוני תירס,גרמים,1000.00,100 גרם,false,,16.90,0.0169,true,1,104302
7290000104836,false,שעועית עדינה שלמה 600 גר סנפרוסט,"סנפרוסט בע""מ",IL,סנפרוסט שעועית עדינה,גרמים,600.00,100 גרם,false,,19.90,0.0332,true,1,104303
7290000104874,false,ירקות לקוסקוס של אמא סנפרוסט 800ג',"סנפרוסט בע""מ",IL,סנפרוסט Z לקט קוסקוס,גרמים,800.00,100 גרם,false,,19.90,0.0249,true,1,104304
7290000104881,false,לקט אפונה וגזר סנפרוסט 800 גרם,"איי, בי, אינבוו",IL,סנפרוסט אפונה וגזר 8,גרמים,800.00,100 גרם,false,,15.90,0.0199,true,1,104305
7290000104911,false,לקט נורמנדי סנפרוסט 800 גרם,"איי, בי, אינבוו",IL,סנפרוסט לקט נורמנדי,גרמים,800.00,100 גרם,false,,19.90,0.0249,true,1,104307
7290000105807,false,גבינת בלוז,,,גבינת בלוז,קילוגרמים,1.00,"ק""ג",true,,90.00,90.0000,true,1,198195
7290000106175,false,"לקט כפרי סנפרוסט 2 ק""ג","סנפרוסט בע""מ",IL,סנפרוסט לקט כפרי 2 ק,קילוגרמים,2.00,"ק""ג",false,,38.80,19.4000,true,1,160758
7290000107165,false,חטיף פולי סויה סנפרוסט 400 גרם,"איי, בי, אינבוו",IL,סנפרוסט פולי סויה 40,גרמים,400.00,100 גרם,false,,13.90,0.0348,true,1,104310
7290000107189,false,תחתיות ארטישוק סנפרוסט 400 גרם,"איי, בי, אינבוו",IL,סנפרוסט תחתיות ארטיש,גרמים,400.00,100 גרם,false,,17.90,0.0447,true,1,104311
7290000107295,false,תפרחות ברוקולי סנפרוסט 800 גרם,"איי, בי, אינבוו",IL,סנפרוסט תפרחות ברוקו,גרמים,800.00,100 גרם,false,,21.90,0.0274,true,1,104312
7290000107615,false,ירקות ואננס להקפצה מנה אסייתית צבעונית ועשירה,"איי, בי, אינבוו",IL,סנפרוסט אסייטית צבעו,גרמים,800.00,100 גרם,false,,19.90,0.0249,true,1,197189
7290000107622,false,פסטה וירקות א-לה איטליה סנפרוסט 800 ג',"איי, בי, אינבוו",IL,סנפרוסט פסטה וירקות,גרמים,800.00,100 גרם,false,,22.90,0.0286,true,1,197217
7290000107743,false,משק צוריאל צפתית מעו,,,משק צוריאל צפתית מעו,קילוגרמים,1.00,"ק""ג",true,,65.00,65.0000,true,1,109508
7290000110094,false,בצל מטוגן,,,בצל מטוגן,קילוגרמים,1.00,"ק""ג",true,,50.00,50.0000,true,1,173981
7290000110844,false,"כיפלי בטעם גריל 70 גרם-בד""ץ",יוניליור ישראל מזון,IL,כיפלי גריל 70 גרם בד,יחידה,0.00,יחידה,false,,5.40,0.0000,true,1,113073
7290000110851,false,"כיפלי בצל בד""צ תלמה 70 ג'",אתר שפע - Food,IL,"כיפלי בצל בד""ץ 70 גר",יחידה,0.00,יחידה,false,,5.40,0.0000,true,1,113074
7290000111063,false,מיונז אמיתי תלמה 250 ג',יוניליוור ישראל מזון,IL,מיונז תלמה קטן,גרמים,250.00,100 גרם,false,,6.60,0.0264,true,1,113075
7290000111117,false,בדין מרכך כביסה לבן 4 ליטר,יוניליור ישראל טיפוח,IL,בדין מרכך כביסה לבן,ליטרים,4.00,ליטר,false,,21.90,5.4750,true,1,113076
7290000111186,false,מיונז תלמה 500 גרם-צנצנת,יוניליוור ישראל מזון,IL,מיונז אמיתי 500 גרם,גרמים,500.00,100 גרם,false,,9.90,0.0198,true,1,113078
7290000111353,false,"מיונז אמיתי תלמה 1 ק""ג",יוניליוור ישראל מזון,IL,מיונז 1 קג,גרמים,1000.00,100 גרם,false,,16.90,0.0169,true,1,113080
7290000111360,false,חרדל תלמה 250 גרם-צנצנת,יוניליוור ישראל מזו,IL,חרדל אמיתי 250,גרמים,250.00,100 גרם,false,,5.90,0.0236,true,1,113081
7290000111384,false,חרדל אמיתי בצנצנת 550 ג' תלמה,יוניליוור ישראל מזו,IL,חרדל צנצנת,גרמים,550.00,100 גרם,false,,7.90,0.0144,true,1,113082
7290000112220,false,טחינה גולמית שומשום טהור בארכה 500 גרם,רושדי תעשיות מזון בע,IL,טחינה בסיסית 500 גר',גרמים,500.00,100 גרם,false,,15.90,0.0318,true,1,216958
7290000112497,false,מרק עשיר עוף אטריות קנור 75 גרם - שקיות,יוניליוור ישראל מזון,IL,קנור מרק עשיר עוף+אי,יחידה,0.00,יחידה,false,,11.90,0.0000,true,1,113084
7290000112503,false,מרק עשיר ירקות קנור 69 גרם - שקיות,יוניליוור ישראל מזון,IL,קנור מרק עשיר ירקות,יחידה,0.00,יחידה,false,,11.90,0.0000,true,1,113085
7290000112619,false,מרק עוף לתיבול והעשרה קנור 400 ג',יוניליוור ישראל מזון,IL,מרק עוף לתיבול והעשר,גרמים,400.00,100 גרם,false,,17.90,0.0447,true,1,113087
7290000114187,false,פנטסטיק נוזל לניקוי כללי אורנים 4 ליטר,סיף פנטסטיק Cif Fantastic,IL,סיף נ.כללי אורנים 4,ליטרים,4.00,ליטר,false,,21.90,5.4750,true,1,113098
7290000116204,false,"אבקת מרק דגש בטעם עוף 1ק""ג קנור",יוניליוור ישראל מזון,IL,"מרק דגש 1 ק""ג",קילוגרמים,1.00,"ק""ג",false,,14.90,14.9000,true,1,113106
7290000116884,false,רוטב ברביקיו 340 גרם קנור,יוניליוור ישראל מזון,IL,קנור רוטב ברביקיו 30,מיליליטרים,300.00,"100 מ""ל",false,,10.90,0.0363,true,1,113107
7290000116921,false,רוטב צ'ילי מתוק 340 גרם קנור,יוניליוור ישראל מזון,IL,קנור רוטב צילי מתוק,מיליליטרים,340.00,"100 מ""ל",false,,10.90,0.0321,true,1,113108
7290000116945,false,"רוטב סויה קלאסי קנור 300 מ""ל",יוניליוור ישראל מזון,IL,קנור רוטב סויה 300 מ,מיליליטרים,300.00,"100 מ""ל",false,,10.90,0.0363,true,1,113109
7290000117171,false,מרק טעם עוף דל קלוריות 48 גרם-קופסא,יוניליוור ישראל מזון,IL,נמס בכוס ט. עוף דלקל,יחידה,0.00,יחידה,false,,6.90,0.0000,true,1,113113
7290000117720,false,קנור - נמס בכוס זוג פטריות 21.50 גרם * 2,יוניליוור ישראל מזון,IL,נמס בכוס זוג פטריות,יחידה,0.00,יחידה,false,,6.90,0.0000,true,1,113117
7290000118277,false,כופתאות מצה להכנת מהירה 65 ג' קנור,יוניליוור ישראל מזון,IL,קנור קניידלך 2* 65 ג,גרמים,130.00,100 גרם,false,,9.90,0.0762,true,1,113122
7290000119306,false,מויבה מעושנת,,,מויבה מעושנת,קילוגרמים,1.00,"ק""ג",true,,120.00,120.0000,true,1,178305
7290000119542,false,נתחי טראוט עישון חם,,,נתחי טראוט עישון חם,קילוגרמים,1.00,"ק""ג",true,,125.00,125.0000,true,1,178322
7290000120049,false,תבלין סלט חסה,,,תבלין סלט חסה,קילוגרמים,1.00,"ק""ג",true,,80.00,80.0000,true,1,182394
7290000120836,false,"מיונז אמיתי 394 גרם ""הלמנס""",קונפקו אינק' די.בי.א,CA,מיונז הלמנס 394 גרם,גרמים,394.00,100 גרם,false,,10.90,0.0277,true,1,113130
7290000120874,false,מיונז הלמנס לייט מופחת קלוריות 424ג,"יונילוור ארה""ב - HPC",US,מיונז הלמנס לייט 424,גרמים,424.00,100 גרם,false,,10.90,0.0257,true,1,113131
7290000121017,false,שומרון גבינה מותכת 7% 120 גרם,שלושת האופים,IL,מון בלאן שומרון 7% 1,גרמים,120.00,100 גרם,false,,10.90,0.0908,true,1,168347
7290000121031,false,החתול המחייך גבינה מותכת 14% מון בלאן 120 גרם,שלושת האופים,IL,מון בלאן גבינת חתול,גרמים,120.00,100 גרם,false,,10.10,0.0842,true,1,168348
7290000121079,false,גבינה מותכת למריחה עם שום שמיר 9% מון בלאן 120 גרם,שלושת האופים,IL,מון בלאן שמיר 7% 120,גרמים,120.00,100 גרם,false,,10.90,0.0908,true,1,168349
7290000121093,false,גבינה מותכת לייט בטעם שוויצרי 7% מון בלאן 120 גר',האי נאם סי או אל.טי.,IL,מון בלאן שויצרית 7%,גרמים,120.00,100 גרם,false,,10.90,0.0908,true,1,168350
7290000121109,false,גבינה מותכת לייט עם זיתים 7% מון בלאן 120 גרם,האי נאם סי או אל.טי.,IL,מון בלאן זיתים 7% 12,גרמים,120.00,100 גרם,false,,10.90,0.0908,true,1,116744
7290000121147,false,גבינה מותכת לייט בטעם פיקנטי 7% מון בלאן 120 גרם,"שלושת האופים בע""מ",IL,מון בלאן פיקנטי 7% 1,גרמים,120.00,100 גרם,false,,10.90,0.0908,true,1,168351
7290000121154,false,גבינה מותכת לייט עם סלמון 7% מון בלאן 120 גרם,האי נאם סי או אל.טי.,IL,מון בלאן סלמון 7% 12,גרמים,120.00,100 גרם,false,,10.90,0.0908,true,1,116746
7290000121239,false,מיוקל 5% שומן ללא כולסטרול תלמה 500ג',יוניליוור ישראל מזון,IL,מיוקל 500 ג 5% שומן,גרמים,500.00,100 גרם,false,,14.00,0.0280,true,1,113132
7290000122830,false,"רוטב מקסיקני סצ'ואן קנור 300 מ""ל",מיוצר עי קונדיטוריית,IL,"רוטב סצ'ואן 300 מ""ל",מיליליטרים,300.00,"100 מ""ל",false,,10.90,0.0363,true,1,113143
7290000123363,false,צמקאו לאכילה ציפוי ואפייה 500 גרם,אתר צפת ממרחים וצימא,IL,צמקאו לאכילה ציפוי ו,גרמים,500.00,100 גרם,false,,10.90,0.0218,true,1,113148
7290000124841,false,ורד הגליל שוקולד חלב מארז שלישיה 300 גרם,יוניליוור ישראל מזון,IL,ורד הגליל שוק.חלב 3*,גרמים,300.00,100 גרם,false,,13.90,0.0463,true,1,113152
7290000125251,false,בדין שמפו לכביסה עדינה 2 ליטר,"זוהר דליה, קיבוץ דלי",IL,בדין שמפו לכביסה עדי,ליטרים,2.00,ליטר,false,,24.00,12.0000,true,1,113153
7290000129457,false,אבקת רוטב פטריות קנור 28 ג' שקית,יוניליוור ישראל מזון,IL,רוטב פטריות 28גר,יחידה,0.00,יחידה,false,,4.00,0.0000,true,1,113164
7290000129785,false,בדין מרכך כביסה 4 ליטר ירוק,אתר ליוור - HPC,IL,בדין ירוק 4 ליטר,ליטרים,4.00,ליטר,false,,21.90,5.4750,true,1,113166
7290000131009,false,דפי בצק פילו דקיקים שחף 500 גרם,מאפית אריאל,,בצק פילו שחף 500 גרם,גרמים,500.00,100 גרם,false,,16.90,0.0338,true,1,128977
7290000131023,false,"בצק עלים מרודד שחף 1 ק""ג",שחף,,"בצק עלים שחף 1 ק""ג",גרמים,1000.00,100 גרם,false,,13.90,0.0139,true,1,128978
7290000131122,false,"בצק עלים צרפתי שחף 1.5 ק""ג",יושלם,,"בצק עלים שחף 1.5 ק""ג",גרמים,1500.00,100 גרם,false,,16.90,0.0113,true,1,128979
7290000133904,false,"סנו דואופרש פסיפלורה ותפוז 300 מ""ל",קריות זול,IL,דואופרש פסיפלורה ותפ,מיליליטרים,300.00,"100 מ""ל",false,,12.90,0.0430,true,1,231716
7290000135045,false,"XL TEN משקה אנרגיה פתוח ללא סוכר 250 מ""ל","טמפו משקאות בע""מ",IL,"XL TEN תפוח 250 מ""ל",מיליליטרים,250.00,"100 מ""ל",false,,5.00,0.0200,true,1,223263
7290000135052,false,"XL TEN משקה אנרגיה מנגו ללא סוכר 250 מ""ל","טמפו משקאות בע""מ",IL,"XL TEN מנגו 250 מ""ל",מיליליטרים,250.00,"100 מ""ל",false,,5.00,0.0200,true,1,195646
7290000135113,false,"משקה אנרגיה XL פחית ten נענע ליים 250 מ""ל",טמפו 7.5%,IL,פחית XL TEN נענע ליי,מיליליטרים,250.00,"100 מ""ל",false,,5.00,0.0200,true,1,203020
7290000135311,false,פפסי מקס ליים 1.5 ליטר בודד,"טמפו משקאות בע""מ",IL,פפסי מקס 1.5 ליטר בו,ליטרים,1.50,ליטר,false,,5.90,3.9333,true,1,211034
7290000135324,false,פיראוס בולגרית מעודנ,,,פיראוס בולגרית מעודנ,קילוגרמים,1.00,"ק""ג",true,,49.00,49.0000,true,1,173669
7290000135465,false,"מי סודה 500 מ""ל - מארז 12 בקבוקים",טמפו 7.5%,IL,טמפו מארז מי סודה 5,מיליליטרים,500.00,"100 מ""ל",false,,29.90,0.0598,true,1,236093
7290000135595,false,פפסי מקס בטעם דובדבן 1.5 ליטר,"איי, בי, אינבוו",IL,פפסי מקס דובדבן 1.5,ליטרים,1.50,ליטר,false,,5.50,3.6667,true,1,236100
7290000136189,false,דיאט סבן אפ 1.5 ליטר FREE,סבן אפ 7up,IL,דיאט סבן אפ 1.5 ליטר,יחידה,0.00,יחידה,false,,7.90,0.0000,true,1,247209
7290000136257,false,פאנק טוניק גזוז בטעם פירות,טמפו 7.5%,IL,rush&tonic 1.5 בודד,יחידה,0.00,יחידה,false,,11.90,0.0000,true,1,247211
7290000136264,false,מי טוניק גזוז 1.5 ל' טמפו,טמפו 7.5%,IL,מי טוניק 1.5 ליטר ב,יחידה,0.00,יחידה,false,,11.90,0.0000,true,1,247212
7290000136325,false,סודה בטעמים - אפרסק 1.5 ליטר - בודד,טמפו,IL,סודה נגיעות אפרסק 1.,יחידה,0.00,יחידה,false,,4.90,0.0000,true,1,247214
7290000136387,false,סודה בטעמים - אננס 1.5 ליטר - בודד,טמפו,IL,סודה אננס 1.5 ליטר ב,יחידה,0.00,יחידה,false,,4.90,0.0000,true,1,247215
7290000136431,false,משקה בטעם אפרסק צלול תריסר 1.5 ל' ג'אמפ,טמפו 7.5%,IL,ג'אמפ אפרסק צלול 1.5,יחידה,0.00,יחידה,false,,8.90,0.0000,true,1,247217
7290000136455,false,משקה בטעם אשכוליות תריסר 1.5 ל' ג'אמפ,טמפו 7.5%,IL,ג'אמפ אשכוליות 1.5 ת,יחידה,0.00,יחידה,false,,8.90,0.0000,true,1,247218
7290000136516,false,משקה בטעם מנגו פסיפלורה תריסר 1.5 ל' ג'אמפ,טמפו 7.5%,IL,ג'אמפ מנגו פסיפלורה,יחידה,0.00,יחידה,false,,8.90,0.0000,true,1,247220
7290000136523,false,משקה בטעם ענבים תריסר 1.5 ל' ג'אמפ,טמפו 7.5%,IL,ג'אמפ ענבים 1.5 תריס,יחידה,0.00,יחידה,false,,8.90,0.0000,true,1,247221
7290000136561,false,משקה בטעם תות בננה תריסר 1.5 ל' ג'אמפ,טמפו 7.5%,IL,ג'אמפ תות בננה 1.5 ת,יחידה,0.00,יחידה,false,,8.90,0.0000,true,1,247222
7290000136585,false,משקה בטעם תפוזים תריסר 1.5 ל' ג'אמפ,טמפו 7.5%,IL,ג'אמפ תפוזים 1.5 תר,יחידה,0.00,יחידה,false,,8.90,0.0000,true,1,247223
7290000136608,false,משקה בטעם תפוח צלול תריסר 1.5 ל' ג'אמפ,טמפו 7.5%,IL,ג'אמפ תפוח צלול 1.5,יחידה,0.00,יחידה,false,,8.90,0.0000,true,1,247224
7290000136646,false,בירה נשר מאלט ללא אלכוהול 1.5 ליטר,טמפו 7.5%,IL,נשר מאלט 1.5 ליטר תר,יחידה,0.00,יחידה,false,,10.90,0.0000,true,1,247225
7290000136653,false,דיאט נשר מאלט ללא אלכוהול 1.5 ליטר,טמפו 7.5%,IL,דיאט נשר מאלט 1.5 לי,יחידה,0.00,יחידה,false,,10.90,0.0000,true,1,247226
7290000136660,false,סודה טמפו ליטר וחצי,טמפו,IL,סודה 1.5 ליטר בודד,ליטרים,1.50,ליטר,false,,3.20,2.1333,true,1,248327
7290000136677,false,פפסי קולה פיקדון 1.5 ליטר,טמפו,IL,פפסי 1.5 ליטר בודד,ליטרים,1.50,ליטר,false,,7.90,5.2667,true,1,247935
7290000136684,false,פפסי מקס משקה מוגז דל קלוריות בטעם קולה,טמפו,IL,פפסי מקס 1.5 ליטר בו,ליטרים,1.50,ליטר,false,,7.90,5.2667,true,1,247934
7290000136691,false,מארז שישייה סבן אפ 1.5 ל',סבן אפ 7up,IL,סבן אפ 1.5 ליטר שישי,יחידה,0.00,יחידה,false,,49.90,0.0000,true,1,247190
7290000136707,false,טמפו מירינדה 1.5 ליטר,טמפו,IL,מירינדה 1.5 ליטר בוד,ליטרים,1.50,ליטר,false,,5.90,3.9333,true,1,247937
7290000136752,false,סבן אפ דיאט מארז שישייה 1.5 ל' FREE,"טמפו משקאות בע""מ",IL,דיאט סבן אפ 1.5 ליטר,יחידה,0.00,יחידה,false,,49.90,0.0000,true,1,247191
7290000136769,false,מארז שישיה בטעם קולה 1.5 ל' פפסי,פפסי Pepsi,IL,פפסי 1.5 ליטר שישייה,יחידה,0.00,יחידה,false,,49.90,0.0000,true,1,247192
7290000136776,false,שישיית פפסי מקס דל קלוריות 1.5 ליטר,פפסי Pepsi,IL,פפסי מקס 1.5 ליטר שי,יחידה,0.00,יחידה,false,,48.90,0.0000,true,1,247193
7290000136783,false,מארז שישייה מרינדה 1.5 ל',מירינדה Mirinda,IL,מירינדה 1.5 ליטר שיש,יחידה,0.00,יחידה,false,,49.90,0.0000,true,1,247194
7290000136790,false,מארז סודה שישייה 1.5 ל' טמפו,טמפו 7.5%,IL,סודה 1.5 ליטר שישייה,יחידה,0.00,יחידה,false,,17.90,0.0000,true,1,247195
7290000136806,false,מארז סודה רביעייה לימון ליים 1.5 ל' טמפו,טמפו 7.5%,IL,סודה למון ליים 1.5 ל,יחידה,0.00,יחידה,false,,12.90,0.0000,true,1,247196
7290000136813,false,סודה בטעם אננס מארז רביעייה 1.5 ל' טמפו,טמפו 7.5%,IL,סודה אננס 1.5 ליטר ר,יחידה,0.00,יחידה,false,,12.90,0.0000,true,1,247197
7290000136820,false,סודה בטעם פירות יער מארז ריבעיה * 1.5 ל' טמפו,טמפו 7.5%,IL,סודה פירות יער 1.5 ל,יחידה,0.00,יחידה,false,,12.90,0.0000,true,1,247198
7290000136844,false,מארז מים מזוככים אקווה נובה שישיית 2 ליטר,אקווה נובה Aqua Nova,IL,מי נובה 2 ליטר שישי,יחידה,0.00,יחידה,false,,12.90,0.0000,true,1,247200
7290000136851,false,סבן אפ פיקדון 1.5 ליטר,טמפו,IL,סבן אפ 1.5 ליטר בודד,ליטרים,1.50,ליטר,false,,7.90,5.2667,true,1,247936
7290000136868,false,סאן בנדטו - מים מינרלים - מארז שישיית 1.5 ליטר,סאן בנדטו San Benedetto,IL,סן בנדטו 1.5 ליטר שי,יחידה,0.00,יחידה,false,,19.90,0.0000,true,1,247201
7290000137513,false,גלידונית גלידה וניל בציפוי שוקולד 60 יח' קרמיסימו,"גלידת שטראוס בע""מ, ר",IL,קרמיסימו גלידונית ש.,גרמים,700.00,100 גרם,false,,44.90,0.0641,true,1,134875
7290000137643,false,שלגוני טעמקור בטעם שוקו וניל שטראוס 8*50 גרם,"גלידת שטראוס בע""מ, ר",IL,שלגוני טעמקור 8יח,יחידה,8.00,יחידה,false,,32.90,4.1125,true,1,134876
7290000139241,false,מולטי דגני בוקר בטעם שוקו וניל 500 ג',,,דגני מולטי שוקו וניל,יחידה,0.00,יחידה,false,,10.90,0.0000,true,1,166373
7290000139265,false,מולטי דגנים מלאים עם דבש 420-500 גרם,,IL,מולטי דגנים מלאים עם,גרמים,500.00,100 גרם,false,,10.20,0.0204,true,1,138508
7290000139272,false,מולטי דגנים מלאים פירות 500 ג',,IL,מולטי טעם פירות 500,גרמים,500.00,100 גרם,false,,10.90,0.0218,true,1,138509
7290000139609,false,פצפוצי אורז אשבול 375 גרם,,IL,אשבול פצפוצי אורז 37,גרמים,375.00,100 גרם,false,,10.20,0.0272,true,1,138520
7290000143194,false,"הוואי שמפו+מרכך לשיער רגיל 700 מ""ל",טרופיקל דגיל,IL,הוואי שמפו+מרכך 700,מיליליטרים,700.00,"100 מ""ל",false,,13.90,0.0199,true,1,122113
7290000143200,false,"הוואי - מרכך לשיער יבש 700 מ""ל",שוורצקוף& הנקל דיסלד,IL,הוואי מרכך לשיער יבש,מיליליטרים,700.00,"100 מ""ל",false,,13.90,0.0199,true,1,122114
7290000143255,false,"שמפו הוואי לשיער רגיל 700 מ""ל",שוורצקוף& הנקל דיסלד,IL,הוואי שמפו רגיל 700,מיליליטרים,700.00,"100 מ""ל",false,,13.90,0.0199,true,1,122116
7290000143286,false,"מרכך הוואי לשיער רגיל 700 מ""ל",טרופיקל דגיל קוסמטיק,IL,הוואי מרכך רגיל 700,מיליליטרים,700.00,"100 מ""ל",false,,13.90,0.0199,true,1,122119
7290000143293,false,"הוואי - מרכך ילדים מתיר קשרים 700 מ""ל",טרופיקל דגיל,IL,הוואי מרכך ילדים מתי,מיליליטרים,700.00,"100 מ""ל",false,,13.90,0.0199,true,1,122120
7290000144160,false,"שמן זית כתית מעולה ארומתי עץ הזית 750 מ""ל","מרקאולאו, ספרד.אבסה,",IL,שמן זית כתית מעולה א,מיליליטרים,750.00,"100 מ""ל",false,,33.60,0.0448,true,1,126299
7290000144467,false,שמן חמניות מועשר בנוגדי חמצון 1 ל' עץ הזית,"נארז ע""י : א.ג. גילר",GR,שמן חמניות בריאות מה,ליטרים,1.00,ליטר,false,,15.90,15.9000,true,1,126300
7290000144474,false,שמן עץ הזית קנולה 1 ליטר בריאות מהטבע,שמן תעשיות,EE,שמן קנולה בריאות מהט,ליטרים,1.00,ליטר,false,,15.90,15.9000,true,1,126301
7290000146645,false,הוואי - סבון מוצק שחור מסתורי 100 גרם רביעייה,טרופיקל דגיל קוסמטיק,IL,הוואי רבעיה סבון מוצ,גרמים,400.00,100 גרם,false,,12.90,0.0323,true,1,122135
7290000146669,false,הוואי - סבון מוצק שמיים כחולים 100 גרם רביעייה,טרופיקל דגיל קוסמטיק,IL,הוואי רבעיה סבון מוצ,גרמים,400.00,100 גרם,false,,12.90,0.0323,true,1,122137
7290000146676,false,הוואי - סבון מוצק לגבר 100 גרם רביעייה,טרופיקל דגיל קוסמטיק,IL,הוואי רביעייה סבון מ,גרמים,400.00,100 גרם,false,,12.90,0.0323,true,1,122138
7290000146683,false,הוואי - סבון מוצק אפקט דאודורנט 100 גרם רביעייה,טרופיקל דגיל קוסמטיק,IL,הוואי רבעיה סבון מוצ,גרמים,400.00,100 גרם,false,,12.90,0.0323,true,1,122139
7290000146928,false,"משחת שיניים לילדים בטעם ענבים טום וג'רי 50 מ""ל",טרופיקל דגיל קוסמטיק,IL,טום וג'רי משחת שיניי,יחידה,50.00,יחידה,false,,6.90,0.1380,true,1,122145
7290000146997,false,משחת שיניים לילדים מסטיק טום וג'רי 50 מל,טרופיקל דגיל קוסמטיק,IL,טום וג'רי משחת שיניי,יחידה,0.00,יחידה,false,,6.90,0.0000,true,1,122146
7290000148380,false,פיסטוקים קלויים קליית גת 200 גרם,"ג'י אנד ג'י בע""מ",IL,פיסטוקים קלויים 200,גרמים,200.00,100 גרם,false,,22.90,0.1145,true,1,115378
7290000148489,false,"קליית גת גרעיני דלעת קלויים,200 גרם","ג'י אנד ג'י בע""מ",IL,גרעיני דלעת 200 גרם,גרמים,200.00,100 גרם,false,,9.90,0.0495,true,1,115379
7290000148618,false,קשיו מטוגן שקית קליית גת 200 גרם,"ג'י אנד ג'י בע""מ",IL,קשיו מטוגן 200 גרם,גרמים,200.00,100 גרם,false,,19.40,0.0970,true,1,115380
7290000148748,false,קליית גת גרעיני חמניה קלויים ומומלחים200,"ג'י אנד ג'י בע""מ",IL,גרעיני חמניה 200 גרם,גרמים,200.00,100 גרם,false,,6.90,0.0345,true,1,115381
7290000148939,false,שקדים קלויים 200 גרם קליית גת,"ג'י אנד ג'י בע""מ",IL,שקדים קלויים 200 גרם,גרמים,200.00,100 גרם,false,,19.90,0.0995,true,1,115382
7290000149615,false,נקה 7 סבון מוצק לתינוק רביעיה * 100 ג',גליל כימיקלים בעממשו,IL,נקה 7 - לתינוק - רבי,יחידה,4.00,יחידה,false,,12.90,3.2250,true,1,224169
7290000149905,false,טקסטיל נוזל לכביסה עדינה נקה 1 ליטר,מיוצר עי קונדיטוריית,IL,טקסטיל שמפו 1 ליטר,מיליליטרים,1000.00,"100 מ""ל",false,,16.90,0.0169,true,1,108417
7290000150110,false,תבלין קבסה,,,תבלין קבסה,קילוגרמים,1.00,"ק""ג",true,,70.00,70.0000,true,1,143258
7290000150131,false,תבלין דג מבושל,,,תבלין דג מבושל,קילוגרמים,1.00,"ק""ג",true,,60.00,60.0000,true,1,129472
7290000150134,false,שומשום אדום קלוי,,,שומשום אדום קלוי,קילוגרמים,1.00,"ק""ג",true,,20.00,20.0000,true,1,143259
7290000150136,false,תנובה גבינה מגורדת,,,תנובה גבינה מגורדת,קילוגרמים,1.00,"ק""ג",true,,45.00,45.0000,true,1,126789
7290000150137,false,עגבניות מיובשות,,,עגבניות מיובשות,קילוגרמים,1.00,"ק""ג",true,,50.00,50.0000,true,1,135298
7290000150144,false,פירורי דבאח,,,פירורי דבאח,קילוגרמים,1.00,"ק""ג",true,,15.00,15.0000,true,1,111366
7290000150145,false,פירורי לחם מתובל,,,פירורי לחם מתובל,קילוגרמים,1.00,"ק""ג",true,,20.00,20.0000,true,1,111367
7290000150155,false,ראש סלמון,,,ראש סלמון,קילוגרמים,1.00,"ק""ג",true,,14.90,14.9000,true,1,154797
7290000150159,false,תמרים גמבו אקסטרא,,,תמרים גמבו אקסטרא,קילוגרמים,1.00,"ק""ג",true,,50.00,50.0000,true,1,143331
7290000150163,false,קוקטייל מרוקאי,,,קוקטייל מרוקאי,קילוגרמים,1.00,"ק""ג",true,,39.90,39.9000,true,1,190902
7290000150165,false,ינסון טחון,,,ינסון טחון,קילוגרמים,1.00,"ק""ג",true,,50.00,50.0000,true,1,143260
7290000150166,false,תבלין על האש ברביקיו,,,תבלין על האש ברביקיו,קילוגרמים,1.00,"ק""ג",true,,60.00,60.0000,true,1,207533
7290000150169,false,זעפרן תפזורת,,,זעפרן תפזורת,קילוגרמים,1.00,"ק""ג",true,,300.00,300.0000,true,1,143261
7290000150174,false,גרעיני אבטיח מחבת (,,,גרעיני אבטיח מחבת (,קילוגרמים,1.00,"ק""ג",true,,60.00,60.0000,true,1,195677
7290000150175,false,אגוז מקדמיה קלוי,,,אגוז מקדמיה קלוי,קילוגרמים,1.00,"ק""ג",true,,150.00,150.0000,true,1,138638
7290000150176,false,אגוז מקדמיה טבעי,,,אגוז מקדמיה טבעי,קילוגרמים,1.00,"ק""ג",true,,150.00,150.0000,true,1,165920
7290000150306,false,בוטנים מולבנים קלוי,,,בוטנים מולבנים קלוי,קילוגרמים,1.00,"ק""ג",true,,25.00,25.0000,true,1,167963
7290000150456,false,פיסטוק חלבי גפרורים,,,פיסטוק חלבי גפרורים,קילוגרמים,1.00,"ק""ג",true,,140.00,140.0000,true,1,236746
7290000150471,false,מלח הימלאיה,,,מלח הימלאיה,קילוגרמים,1.00,"ק""ג",true,,50.00,50.0000,true,1,205818
7290000150572,false,בורגול חום דק,,,בורגול חום דק,קילוגרמים,1.00,"ק""ג",true,,8.00,8.0000,true,1,145270
7290000150590,false,קפה ירוק טחון,,,קפה ירוק טחון,קילוגרמים,1.00,"ק""ג",true,,120.00,120.0000,true,1,149632
7290000150594,false,בורגול חום עבה,,,בורגול חום עבה,קילוגרמים,1.00,"ק""ג",true,,8.00,8.0000,true,1,145271
7290000150689,false,"קינמון עגול 20 ס""מ",,,קינמון עגול 20 סמ,קילוגרמים,1.00,"ק""ג",true,,50.00,50.0000,true,1,184254
7290000150718,false,גולדן ברי,,,גולדן ברי,קילוגרמים,1.00,"ק""ג",true,,99.90,99.9000,true,1,182068
7290000150810,false,קינאוה אדומה,,,קינאוה אדומה,קילוגרמים,1.00,"ק""ג",true,,20.00,20.0000,true,1,137462
7290000150813,false,רצועות קוקוס,,,רצועות קוקוס,קילוגרמים,1.00,"ק""ג",true,,50.00,50.0000,true,1,113020
7290000150815,false,בונדוק טבעי,,,בונדוק טבעי,קילוגרמים,1.00,"ק""ג",true,,60.00,60.0000,true,1,132942
7290000150816,false,גוג'י ברי,,,גוג'י ברי,קילוגרמים,1.00,"ק""ג",true,,80.00,80.0000,true,1,113021
7290000150817,false,חוויג קפה,,,חוויג קפה,קילוגרמים,1.00,"ק""ג",true,,79.00,79.0000,true,1,146358
7290000150819,false,זית ביקואל,,,זית ביקואל,קילוגרמים,1.00,"ק""ג",true,,30.00,30.0000,true,1,148732
7290000150820,false,רצועות קוקוס טבעי,,,רצועות קוקוס טבעי,קילוגרמים,1.00,"ק""ג",true,,50.00,50.0000,true,1,207699
7290000150828,false,טוסקנה,,,טוסקנה,קילוגרמים,1.00,"ק""ג",true,,70.00,70.0000,true,1,129474
7290000150835,false,משמש טבעי,,,משמש טבעי,קילוגרמים,1.00,"ק""ג",true,,60.00,60.0000,true,1,225143
7290000150849,false,פפריקה מתוקה יבשה,,,פפריקה מתוקה יבשה,קילוגרמים,1.00,"ק""ג",true,,40.00,40.0000,true,1,165835
7290000150850,false,זית לבישול סנטה,,,זית לבישול סנטה,קילוגרמים,1.00,"ק""ג",true,,30.00,30.0000,true,1,156870
7290000150861,false,קוקוס קלוי טבעי,,,קוקוס קלוי טבעי,קילוגרמים,1.00,"ק""ג",true,,79.90,79.9000,true,1,244396
7290000150864,false,מנגו טבעי,,,מנגו טבעי,קילוגרמים,1.00,"ק""ג",true,,100.00,100.0000,true,1,157732
7290000150865,false,תותים,,,תותים,קילוגרמים,1.00,"ק""ג",true,,80.00,80.0000,true,1,157733
7290000150870,false,בננה טבעית,,,בננה טבעית,קילוגרמים,1.00,"ק""ג",true,,80.00,80.0000,true,1,161986
7290000150873,false,חליטת תות,,,חליטת תות,קילוגרמים,1.00,"ק""ג",true,,70.00,70.0000,true,1,165600
7290000150889,false,כוסמת ירוקה,,,כוסמת ירוקה,קילוגרמים,1.00,"ק""ג",true,,15.00,15.0000,true,1,176477
7290000150900,false,תבלין לחמין,,,תבלין לחמין,קילוגרמים,1.00,"ק""ג",true,,59.90,59.9000,true,1,159102
7290000150911,false,תערובת פיצוחים טבעי,,,תערובת פיצוחים טבעי,קילוגרמים,1.00,"ק""ג",true,,60.00,60.0000,true,1,161561
7290000150987,false,ניצני ורדים אדום,,,ניצני ורדים אדום,קילוגרמים,1.00,"ק""ג",true,,200.00,200.0000,true,1,224922
7290000150999,false,שיבולת שועל דק,,,שיבולת שועל דק,קילוגרמים,1.00,"ק""ג",true,,10.00,10.0000,true,1,165843
7290000151000,false,מיקס פירות טבעי,,,מיקס פירות טבעי,קילוגרמים,1.00,"ק""ג",true,,60.00,60.0000,true,1,241545
7290000151001,false,פיצוחים קלויים ללא מ,,,פיצוחים קלויים ללא מ,קילוגרמים,1.00,"ק""ג",true,,70.00,70.0000,true,1,243909
7290000153469,false,קציצות עוף קלאסיות 100% רכיבים טבעיים,מוצרי עוף טוב (2001),IL,עוף טוב קציצות עוף ק,גרמים,600.00,100 גרם,false,,29.90,0.0498,true,1,123347
7290000158105,false,שניצל עוף מיני דינוזאור ללא אנטיביוטיקה מ100% ר.טבעי,מוצרי עוף טוב (2001),IL,עוף טוב שניצל עוף מי,גרמים,700.00,100 גרם,false,,32.90,0.0470,true,1,123358
7290000158657,false,קשה כבשים כמהין,,,קשה כבשים כמהין,קילוגרמים,1.00,"ק""ג",true,,199.00,199.0000,true,1,192015
7290000161358,false,תלמה מיונז אמיתי משמן קנולה 500 גרם,אתר חיפה ממרחים - Fo,IL,מיונז אמיתי משמן קנו,גרמים,500.00,100 גרם,false,,12.90,0.0258,true,1,113199
7290000163062,false,ברמונדי טרי,,,ברמונדי טרי,קילוגרמים,1.00,"ק""ג",true,,59.90,59.9000,true,1,180441
7290000163093,false,פילה סלמון,,,פילה סלמון,קילוגרמים,1.00,"ק""ג",true,,120.00,120.0000,true,1,186019
7290000166605,false,סיף פנטסטיק ניקיון כללי יסמין 4ליטר,סיף פנטסטיק Cif Fantastic,IL,סיף נ.כללי יסמין 4 ל,ליטרים,4.00,ליטר,false,,21.90,5.4750,true,1,113296
7290000168173,false,"ברנפלקס קרנצ'ים תלמה בד""ץ 375 גרם",יוניליור ישראל מזון,IL,ברנפלקס קרנצים 375 ג,גרמים,375.00,100 גרם,false,,22.00,0.0587,true,1,113340
7290000169538,false,"נמס בכוס עגבניות וקרוטונים מרק כשרות בד""ץ 62 ג' קנור",יוניליוור ישראל מזון,IL,נמס בכוס עגבניות וקר,יחידה,0.00,יחידה,false,,6.90,0.0000,true,1,113384
7290000169798,false,"עוגי מופחת סוכר 20% פצפוצי שוקו' 500ג' בד""צ",יוניליוור שפע ישראל,IL,עוגי פחות סוכר 20% 5,גרמים,500.00,100 גרם,false,,19.90,0.0398,true,1,113390
7290000170150,false,בורגול עבה גס,,,בורגול עבה גס,קילוגרמים,1.00,"ק""ג",true,,7.00,7.0000,true,1,203054
7290000170500,false,חמוציות ברכז תפוח,,,חמוציות ברכז תפוח,קילוגרמים,1.00,"ק""ג",true,,50.00,50.0000,true,1,137463
7290000174723,false,שוקולית אבקה להכנת משקה שוקו 500 גרם,הנסיך- מפעל לייצור ט,IL,שוקולית 500 גרם,גרמים,500.00,100 גרם,false,,11.90,0.0238,true,1,129680
7290000176062,false,קפה עלית טורקי 100 גרם,שטראוס קפה בי.וי.,IL,טורקי עלית 100 גרם,יחידה,0.00,יחידה,false,,8.90,0.0000,true,1,129683
7290000176079,false,קפה עלית טורקי עם הל 100 גרם,הנסיך- מפעל לייצור ט,IL,טרוקי עלית קפה עם הל,גרמים,100.00,100 גרם,false,,8.90,0.0890,true,1,129684
7290000176116,false,"קפה טורקי עלית וואקום 1 ק""ג",הנסיך- מפעל לייצור ט,IL,טורקי עלית 1קג,גרמים,1000.00,100 גרם,false,,79.80,0.0798,true,1,129687
7290000176147,false,קפה לפילטר קלוי וטחון מוקה מספר 1 עלית 500 גרם,ELITE CAFE SP. ZO.O,PL,מוקה מס.1 קפה פילטר,גרמים,500.00,100 גרם,false,,50.90,0.1018,true,1,129688
7290000176413,false,קפה נמס אבקתי 50 ג' עלית,הנסיך- מפעל לייצור ט,IL,עלית נמס 50 גרם,יחידה,0.00,יחידה,false,,8.90,0.0000,true,1,129690
7290000176420,false,קפה נמס אבקתי 200ג עלית,שטראוס קפה בי.וי,IL,עלית נמס 200 גרם,גרמים,200.00,100 גרם,false,,19.90,0.0995,true,1,129691
7290000176468,false,קפה נמס נטול קפאין 50 ג' קפה האג,"איי, בי, אינבוו",IL,האג קפה נטול קפאין 5,יחידה,0.00,יחידה,false,,11.20,0.0000,true,1,129692
7290000176475,false,האג קפה נמס נטול קפאין עלית 200 גרם,שטראוס גרופ,IL,האג קפה נטול קפאין 2,גרמים,200.00,100 גרם,false,,33.90,0.1695,true,1,129693
7290000178707,false,תפוצ'יפס בטעם טבעי 50 גרם,"שטראוס פריטו ליי בע""",IL,תפוצ'יפס טבעי 50 גרם,יחידה,0.00,יחידה,false,,3.50,0.0000,true,1,130372
7290000178721,false,תפוצ'יפס בטעם טבעי 200 גרם,"שטראוס פריטו ליי בע""",IL,תפוציפס טבעי 200גר,גרמים,200.00,100 גרם,false,,9.90,0.0495,true,1,130373
7290000185185,false,גאודה עזים מיושן,,,גאודה עזים מיושן,קילוגרמים,1.00,"ק""ג",true,,139.00,139.0000,true,1,235830
7290000187921,false,נייר טואלט לבן 32 גלילים לילי,קימברלי קלארק ישראל,IL,"נייר טואלט ""לילי"" לב",יחידה,32.00,יחידה,false,,39.90,1.2469,true,1,112080
7290000187938,false,לילי - נייר טואולט נייר טואלט פסטל 32 יח',קימברלי קלארק,IL,"נייר טואלט ""לילי"" פס",יחידה,32.00,יחידה,false,,39.90,1.2469,true,1,112081
7290000187952,false,לילי טריפל קומפורט ורוד נ.טואלט 32 גלילי,קימברלי קלארק,IL,נייר טואלט לילי טריו,יחידה,32.00,יחידה,false,,46.90,1.4656,true,1,112083
7290000188270,false,ממחטות אף אולטרה סופט קלינקס 2*80 יחידות,חוגלה קימברלי,,קליניקס ממחטות אף או,יחידה,2.00,יחידה,false,,16.90,8.4500,true,1,223596
7290000188553,false,קוטקס - מגן תחתון סילק נורמל 60 יח',קימברלי קלארק,CN,קוטקס מגן תחתון נורמ,יחידה,60.00,יחידה,false,,19.90,0.3317,true,1,112093
7290000188591,false,קוטקס - מגן תחתון סילק יאנג 60 יח',קימברלי קלארק,CN,קוטקס מ.תחתון סילק י,יחידה,60.00,יחידה,false,,19.90,0.3317,true,1,249482
7290000189192,false,סופר מטלית מטליות נייר רב פעמיות ניקול 64 יחידות,קימברלי קולומביה,IL,ניקול מטלית חכמה יומ,יחידה,64.00,יחידה,false,,16.90,0.2641,true,1,112102
7290000189598,false,מטליות לחות חד פעמיות לניקוי כללי 50 יח' ניקול,עלבד משואות יצחק בעמ,IL,מטליות לחות חד פעמיו,יחידה,50.00,יחידה,false,,10.90,0.2180,true,1,112120
7290000189659,false,מטליות לחות לרצפה ניקול 10 יח'-מרכז,עלבד משואות יצחק בעמ,IL,ניקול מטליות לחות לר,יחידה,10.00,יחידה,false,,11.90,1.1900,true,1,112121
7290000189734,false,מטליות לחות לניקוי פרקט ניקול 10 יחידות,עלבד משואות יצחק בעמ,IL,ניקול מטליות לחות לפ,יחידה,10.00,יחידה,false,,10.90,1.0900,true,1,112124
7290000190198,false,מטליות לניקוי וחיטוי חדרי שירותים ואמבטיה,עלבד משואות יצחק בעמ,IL,ניקול מטליות לחות לח,יחידה,0.00,יחידה,false,,10.90,0.0000,true,1,112137
7290000191101,false,סלט איקרה ורוד,,,סלט איקרה ורוד,קילוגרמים,1.00,"ק""ג",true,,70.00,70.0000,true,1,213598
7290000191225,false,האגיס חיתולים ליטל בייביס שלב 2 44 יחידו,קימברלי קלארק שיווק,IL,האגיס חיתולי ם שלב 2,יחידה,46.00,יחידה,false,,33.90,0.7370,true,1,152986
7290000191393,false,מגבוני טישיו רכים שביעייה מולט 100X7יח',מולט,IL,ממחטות מולט 100 * 7,יחידה,7.00,יחידה,false,,17.90,2.5571,true,1,112150
7290000191539,false,ממחטות טישו לילי צבעוני חמישיה,חוגלה קימברלי,IL,לילי צבעוני חמישיה,יחידה,5.00,יחידה,false,,15.90,3.1800,true,1,112151
7290000191652,false,קלינקס ממחטות טישו אולטרא סופט מארז 90X3יח',חוגלה קימברלי,IL,קלינקס ממחטות טישו,יחידה,3.00,יחידה,false,,10.90,3.6333,true,1,112156
7290000193014,false,פדיות אינטרלוד מגיני יום לילי 50יח',חוגלה קימברלי,CZ,לילי מגיני יום אינטר,יחידה,50.00,יחידה,false,,9.90,0.1980,true,1,112158
7290000193083,false,נובה-לי תחבושות היגייניות לילי 28 יחידות,חוגלה קימברלי,CZ,לילי נובה לי 28 יח',יחידה,28.00,יחידה,false,,9.90,0.3536,true,1,112160
7290000193205,false,תחבושות לילה עם כנפיים לילי 20 יחידות,לילי נטורל,BE,לילי נטורל תחבושת לי,יחידה,20.00,יחידה,false,,14.90,0.7450,true,1,112163
7290000193472,false,מגן תחתון נטורל נורמל לילי 60 יחידות,חוגלה קימברלי,IL,לילי נטורל מגני תחתו,יחידה,60.00,יחידה,false,,14.90,0.2483,true,1,112165
7290000193540,false,מגן תחתון ארוך נטורל לילי 52 יחידות,חוגלה קימברלי,IL,לילי נטורל מגני תחתו,יחידה,52.00,יחידה,false,,14.90,0.2865,true,1,112166
7290000193618,false,לילי אינטימייט מגן תחתון נורמל 24 יח',קריות זול,,לילי נטורל מגני תחתו,יחידה,62.00,יחידה,false,,14.90,0.2403,true,1,112167
7290000193649,false,תחבושות עם כנפיים נורמל פלוס לילי 24 יחידות,קריות זול,IL,לילי נטורל תחבושות א,יחידה,24.00,יחידה,false,,14.90,0.6208,true,1,112168
7290000193656,false,תחבושות עם כנפיים סופר פלוס לילי 24 יחידות,קריות זול,IL,לילי נטורל תחבושות א,יחידה,24.00,יחידה,false,,14.90,0.6208,true,1,112169
7290000194288,false,משטח החתלה האגיס 10 יחידות,האגיס,BE,האגיס משטחי החתלה 10,יחידה,10.00,יחידה,false,,23.90,2.3900,true,1,112177
7290000195032,false,שקמה מכנסון גזרתי סופר נייט L,General,IL,חיתולי שקמה L,יחידה,0.00,יחידה,false,,52.90,0.0000,true,1,176963
7290000197425,false,האגיס פרידום דריי שלב 3 54 יחידות,קימברלי קלארק ישראל,IL,האגיס פרידום דריי של,יחידה,54.00,יחידה,false,,42.90,0.7944,true,1,112213
7290000197456,false,האגיס פרידום דריי שלב 4 44 יחידות,קימברלי קלארק ישראל,IL,האגיס פרידום דרי,יחידה,44.00,יחידה,false,,42.90,0.9750,true,1,112215
7290000197463,false,האגיס פרידום דריי שלב 4 + 40 יחידות,קימברלי קלארק ישראל,IL,האגיס פרידום דריי של,יחידה,42.00,יחידה,false,,42.90,1.0214,true,1,112216
7290000197548,false,האגיס פרידום דריי שלב 5 38 יחידות,קימברלי קלארק ישראל,IL,האגיס פרידום דריי 36,יחידה,38.00,יחידה,false,,42.90,1.1289,true,1,112218
7290000197678,false,האגיס פרידום דריי שלב 6 34 יחידות,קימברלי קלארק ישראל,IL,האגיס פרידום דריי של,יחידה,34.00,יחידה,false,,42.90,1.2618,true,1,112220
7290000198017,false,סלמי איטלקי מפולפל ז,,,סלמי איטלקי מפולפל ז,קילוגרמים,1.00,"ק""ג",true,,79.00,79.0000,true,1,196442
7290000198062,false,פסטרמה הודו אקסטרה מ,,,פסטרמה הודו אקסטרה מ,קילוגרמים,1.00,"ק""ג",true,,90.00,90.0000,true,1,247419
7290000198109,false,צלעות אסאדו מעושנות,,,צלעות אסאדו מעושנות,קילוגרמים,1.00,"ק""ג",true,,140.00,140.0000,true,1,249357
7290000198116,false,פסטרמה ברזילאית מעדנ,,,פסטרמה ברזילאית מעדנ,קילוגרמים,1.00,"ק""ג",true,,120.00,120.0000,true,1,262403
7290000199313,false,תחבושות עם כנפיים נורמל פלוס קוטקס 30 יחידות,קוטקס,IL,קוטקס תחבושות יאנג 2,יחידה,28.00,יחידה,false,,18.90,0.6750,true,1,112229
7290000201795,false,"האגיס מגבונים לתינוק מבושם מארז, שלישיה * 64 יח'",קימברלי,IL,מגבוני האגיס נטורל ק,יחידה,0.00,יחידה,false,,15.90,0.0000,true,1,180642
7290000201818,false,טיטולים פרימיום שלב 2 52 יחידות,חוגלה קימברלי,IL,טיטולים פרימיום שלב,יחידה,64.00,יחידה,false,,34.90,0.5453,true,1,112230
7290000201849,false,טיטולים פרימיום שלב 4 42 יח' (8-14),חוגלה קימברלי,IL,טיטולים פרימיום,יחידה,42.00,יחידה,false,,34.90,0.8310,true,1,112232
7290000201856,false,טיטולים פרימיום שלב4+ 38 יחידות .,חוגלה קימברלי,IL,טיטולים פרימיום שלב,יחידה,40.00,יחידה,false,,34.90,0.8725,true,1,112233
7290000201863,false,טיטולים פרימיום שלב 5 34 יחידות,חוגלה קימברלי,IL,טיטולים פרימיום שלב,יחידה,36.00,יחידה,false,,34.90,0.9694,true,1,112234
7290000201870,false,טיטולים פרימיום שלב 6 30 יחידות,חוגלה קימברלי,IL,טיטולים פרימיום שלב,יחידה,34.00,יחידה,false,,34.90,1.0265,true,1,112235
7290000201979,false,האגיס מגבונים ללא בישום רביעייה מהדורה,חוגלה קימברלי,IL,האגיס מגבונים לחים מ,יחידה,4.00,יחידה,false,,16.90,4.2250,true,1,264947
7290000204086,false,ניקול כרית קרצוף מארז שלישייה,חוגלה קימברלי,US,ניקול כרית קרצוף 3יח,יחידה,3.00,יחידה,false,,10.90,3.6333,true,1,112259
7290000204147,false,כריות יפניות עבות ניקול 4 יחידות,פלסטו פוליש (ברקן),IL,ניקול כריות יפניות 2,יחידה,4.00,יחידה,false,,10.90,2.7250,true,1,112260
7290000204215,false,כריות יפניות ניקול 6 יחידות,פלסטו פוליש (ברקן),IL,ניקול כריות יפניות ש,יחידה,6.00,יחידה,false,,10.90,1.8167,true,1,112261
7290000204239,false,ניקול מטליות ריצפה רביעיה,עופרטקס,IL,ניקול מטלית ריצפה רב,יחידה,0.00,יחידה,false,,10.00,0.0000,true,1,112262
7290000204253,false,מטליות רב שימושיות לניקיון ניקול 9 יחידות,נועם אורים-קיבוץ אור,IL,ניקול מטלית רב שימוש,יחידה,9.00,יחידה,false,,10.90,1.2111,true,1,112263
7290000204307,false,ניקול מטליות רב שימושיות בגליל 40 יח',נועם אורים-קיבוץ אור,IL,מטליות ניקול 40 רב ש,יחידה,40.00,יחידה,false,,16.90,0.4225,true,1,112264
7290000204512,false,מטליות לחות לרצפה בניחוח לימון 10 יח' ניקול,עלבד משואות יצחק בעמ,IL,ניקול מטליות לחות לר,יחידה,10.00,יחידה,false,,10.90,1.0900,true,1,169783
7290000204611,false,ספוגית הקסם ניקול 6 יחידות,קריות זול,US,ניקול ספוגית הקסם שי,יחידה,6.00,יחידה,false,,10.90,1.8167,true,1,112265
7290000205762,false,חיתולי האגיס אקסטרה קייר מידה 3 48 יח',חוגלה קימברלי,IL,האגיס אקסטרה מידה 3,יחידה,0.00,יחידה,false,,49.90,0.0000,true,1,158086
7290000205915,false,חיתולי האגיס אקסטרה קייר מידה 4 40יח,חוגלה קימברלי,IL,האגיס אקסטרה מידה 4,יחידה,0.00,יחידה,false,,49.90,0.0000,true,1,158087
7290000207063,false,רסק עגבניות פריכוז 28% 240 גרם יכין,היינץ צפון אמריקה מק,IL,רסק עגבניות פריכוז 2,גרמים,260.00,100 גרם,false,,5.90,0.0227,true,1,110669
7290000207162,false,רוטב עגבניות מרכיב טבעי 100 ג' יכין,"זנלכל בע""מ",IL,רסק עגבניות מרכיב טב,גרמים,100.00,100 גרם,false,,2.50,0.0250,true,1,110672
7290000207438,false,עגבניות 2.5 A קוביות 850 גרם יכין,"זנלכל בע""מ",IL,קוביות עגבניות,גרמים,800.00,100 גרם,false,,9.90,0.0124,true,1,110673
7290000208008,false,חריסה יכין A2 בית יוסף,"זנלכל בע""מ",IL,A2 חריסה,גרמים,570.00,100 גרם,false,,9.90,0.0174,true,1,110676
7290000208022,false,עגבניות 2.5 A מרוסקות 850 גרם יכין,"זנלכל בע""מ",IL,2.5A עגבניות מרוסקות,גרמים,800.00,100 גרם,false,,9.90,0.0124,true,1,110677
7290000208077,false,אפונת גינה רגילה 550 גרם יכין,"זנלכל בע""מ",IL,אפונה גדולה א-2,גרמים,550.00,100 גרם,false,,8.90,0.0162,true,1,110679
7290000208114,false,"אפונה וגזר יכין A2 פ""ק בית יוסף","זנלכל בע""מ",IL,אפונה וגזר א2,גרמים,550.00,100 גרם,false,,8.90,0.0162,true,1,110682
7290000208138,false,סירופ דיאט בטעם ענבים יכין 1 ליטר,"זנלכל בע""מ",IL,סירופ דיאט ענבים 1 ל,ליטרים,1.00,ליטר,false,,16.90,16.9000,true,1,110684
7290000208213,false,שעועית לבנה אפויה A2 ברוטב עגבניות יכין 560ג',היינץ צפון אמריקה מק,IL,A2 שעועית לבנה ברוטב,גרמים,580.00,100 גרם,false,,8.90,0.0153,true,1,110687
7290000208220,false,"שעועית צ'לי יכין פ""ק A2 בית יוסף",היינץ צפון אמריקה מק,IL,A2 שעועית צילי,גרמים,550.00,100 גרם,false,,9.90,0.0180,true,1,110688
7290000208244,false,"בסיס לשקשוקה יכין A2 פ""ק בית יוסף","זנלכל בע""מ",IL,A2 בסיס עגבניות לשקש,גרמים,570.00,100 גרם,false,,9.90,0.0174,true,1,110689
7290000208251,false,שעועית ירוקה חתוכה יכין 550 גרם,"זנלכל בע""מ",IL,שעועית ירוקה א2.,גרמים,550.00,100 גרם,false,,9.90,0.0180,true,1,110690
7290000208268,false,שעועית צהובה 560 גר יכין,"זנלכל בע""מ",IL,שעועית צהובה א-2.,גרמים,550.00,100 גרם,false,,9.90,0.0180,true,1,110691
7290000208312,false,גרעיני תירס מתוק בואקום יכין 400 גר',"זנלכל בע""מ",IL,12OZ גרעיני תירס מתו,גרמים,325.00,100 גרם,false,,6.90,0.0212,true,1,110692
7290000208329,false,גרעיני תירס מתוק 550 גרם יכין,"זנלכל בע""מ",IL,A2 גרעיני תירס מתוק,גרמים,550.00,100 גרם,false,,8.90,0.0162,true,1,110693
7290000208336,false,רסק יכין 240גר 22% יכין בית יוסף,"זנלכל בע""מ",IL,רסק יכין 22% 260 גרם,גרמים,260.00,100 גרם,false,,4.50,0.0173,true,1,110694
7290000208343,false,עגבניות מרוסקות שום יכין A2.5 בית יוסף,היינץ צפון אמריקה מק,IL,עגבניות מרוסקות 800ג,גרמים,800.00,100 גרם,false,,9.90,0.0124,true,1,110695
7290000208350,false,עגבניות מרוסקות בצל 850 גר יכין A 2.5,זנלכל,IL,עגבניות מרוסקות עם ש,גרמים,800.00,100 גרם,false,,9.90,0.0124,true,1,110696
7290000208367,false,עגבניות מרוסקות בתוספת בזיליקום 800 ג' יכין,זנלכל,IL,עגבניות מרוסקות 800ג,גרמים,800.00,100 גרם,false,,9.90,0.0124,true,1,110697
7290000208404,false,A2 פול מצרי 550 גרם יכין,"זנלכל בע""מ",IL,A2 פול מצרי ללא סוכר,גרמים,550.00,100 גרם,false,,8.90,0.0162,true,1,110698
7290000208428,false,גרגרי חומוס שלם 550 גרם יכין,"זנלכל בע""מ",IL,חומוס שלם ללא סוכר 5,גרמים,550.00,100 גרם,false,,8.90,0.0162,true,1,110699
7290000208459,false,"לקט אפונה, תפוחי אדמה וגזר יכין 550 גרם","זנלכל בע""מ",IL,ירקות מעורבים,גרמים,600.00,100 גרם,false,,9.90,0.0165,true,1,110701
7290000208480,false,גרעיני תירס מתוק בטעם חמאה 550 גרם יכין,קריות זול,IL,550 גרעיני תירס בטעם,גרמים,550.00,100 גרם,false,,9.90,0.0180,true,1,110702
7290000208534,false,גרעיני תירס מתוק לילדים 550 גרם יכין,"זנלכל בע""מ",IL,A2 גרעיני תירס קיד,גרמים,550.00,100 גרם,false,,9.90,0.0180,true,1,110703
7290000208800,false,גרעיני תירס מתוק לילדים 400 גרם יכין,זנלכל,IL,תירס קיד יכין מתוק,גרמים,400.00,100 גרם,false,,6.90,0.0173,true,1,110705
7290000208855,false,רוטב לפסטה קלאסי 240 גרם יכין,"זנלכל בע""מ",IL,רוטב עגבניות לפסטה 2,גרמים,260.00,100 גרם,false,,5.50,0.0212,true,1,110706
7290000208893,false,גרעיני תירס מתוק לייט 400 גרם יכין,היינץ צפון אמריקה מק,IL,תירס לייט ואקום 246,גרמים,246.00,100 גרם,false,,6.90,0.0280,true,1,110707
7290000208930,false,עגבניות מרוסקות בתוספת שום 240 גרם יכין,"זנלכל בע""מ",IL,עגבניות מרוסקות בתוס,גרמים,260.00,100 גרם,false,,5.50,0.0212,true,1,110708
7290000208947,false,עגבניות מרוסקות 260 גרם יכין,היינץ צפון אמריקה מק,IL,עגבניות מרוסקות 260,גרמים,260.00,100 גרם,false,,5.50,0.0212,true,1,110709
7290000208978,false,פריכוז 100 גרם יכין בית יוסף,היינץ צפון אמריקה מק,IL,רסק פריכוז %28 100 ג,גרמים,100.00,100 גרם,false,,3.50,0.0350,true,1,110710
7290000209012,false,חומץ 1ליטר יכין הדרים,"זנלכל בע""מ",IL,חומץ הדרים 1 ליטר,ליטרים,1.00,ליטר,false,,6.90,6.9000,true,1,110712
7290000209029,false,חומץ הדרים 4 ל' יכין,,,חומץ הדרים 4 ליטר,ליטרים,4.00,ליטר,false,,22.90,5.7250,true,1,110713
7290000209043,false,מיץ לימון לתיבול יכין 1 ליטר,היינץ צפון אמריקה מק,IL,מיץ לימון משומר 1ליט,ליטרים,1.00,ליטר,false,,6.90,6.9000,true,1,110714
7290000209173,false,חומצה אצטית למזון 5% יכין 1 ליטר,זנלכל,IL,חומץ סינטטי 1 ליטר,ליטרים,1.00,ליטר,false,,5.90,5.9000,true,1,110716
7290000209371,false,תירס מתוק יכין 200 גרם מארז 3 יח',היינץ צפון אמריקה מק,IL,יכין תירס 3*340גר,גרמים,450.00,100 גרם,false,,14.90,0.0331,true,1,110725
7290000209388,false,תירס מתוק לייט יכין 200 גרם מארז 3 יח',קסקמט,IL,יכין תירס 3*340גר,גרמים,140.00,100 גרם,false,,14.90,0.1064,true,1,110726
7290000209517,false,סירופ דיאט בטעם לימון יכין 1 ליטר,היינץ צפון אמריקה מק,IL,סירופ דיאט לימון 1 ל,ליטרים,1.00,ליטר,false,,16.90,16.9000,true,1,110728
7290000209531,false,סירופ דיאט בטעם אשכוליות יכין 1 ליטר,זנלכל,IL,סירופ דיאט אשכוליות,ליטרים,1.00,ליטר,false,,16.90,16.9000,true,1,110730
7290000209579,false,סירופ דיאט בטעם אננס יכין 1 ליטר,"זנלכל בע""מ",IL,סירופ דיאט אננס 1 לי,ליטרים,1.00,ליטר,false,,16.90,16.9000,true,1,110733
7290000209708,false,עגבניות מרוסקות עם בזיליקום יכין 240 גרם,היינץ צפון אמריקה מק,IL,עגבניות מרוסקות בתוס,גרמים,260.00,100 גרם,false,,5.50,0.0212,true,1,110735
7290000209722,false,רסק עגבניות 28% פריכוז 580 גרם יכין,"זנלכל בע""מ",IL,A2 רסק עגבניות פריכו,גרמים,580.00,100 גרם,false,,10.90,0.0188,true,1,110737
7290000209906,false,עגבניות מרוסקות בתוספת בצל 240 גרם יכין,זנלכל,IL,עגבניות מרוסקות 260,גרמים,260.00,100 גרם,false,,5.50,0.0212,true,1,110738
7290000209913,false,עגבניות חתוכות לקוביות 240 גרם יכין,"זנלכל בע""מ",IL,עגבניות קוביות 260 ג,גרמים,260.00,100 גרם,false,,5.50,0.0212,true,1,110739
7290000209944,false,רוטב לעגבניות בסיס לשקשוקה 240 ג' יכין,"זנלכל בע""מ",IL,בסיס לעגבניות שקשוקה,גרמים,260.00,100 גרם,false,,5.50,0.0212,true,1,110740
7290000209951,false,רוטב עגבניות לפיצה 260 גרם יכין,"זנלכל בע""מ",IL,יכין רוטב עגבניות לפ,גרמים,260.00,100 גרם,false,,5.50,0.0212,true,1,110741
7290000209968,false,רוטב עגבניות ללזניה יכין 240 גרם,"זנלכל בע""מ",IL,רוטב לזניה 260 גרם,גרמים,260.00,100 גרם,false,,5.50,0.0212,true,1,110742
7290000210360,false,"גרעני תירס 3 ק""ג יכין",,,תירס 3 קג A9 יכין,קילוגרמים,3.00,"ק""ג",false,,29.90,9.9667,true,1,110743
7290000210469,false,עגבניות שלמות יכין A2.5 בית יוסף,זנלכל,IL,עגבניות שלמות יכין 7,גרמים,800.00,100 גרם,false,,9.90,0.0124,true,1,110746
7290000210896,false,רוטב לפסטה בולונז 240 גרם יכין,"זנלכל בע""מ",IL,יכין רוטב בולונז לפס,גרמים,260.00,100 גרם,false,,5.50,0.0212,true,1,110748
7290000211169,false,"אורז תאילנדי אחד אחד סוגת 1 ק""ג",האי נאם סי או אל.טי.,IL,סוגת אורז תאילנדי אח,קילוגרמים,1.00,"ק""ג",false,,6.90,6.9000,true,1,119708
7290000211312,false,סוגת אורז מלא פרסי אחד אחד 1 קג,האי נאם סי או אל.טי.,IL,סוגת אורז מלא פרסי א,קילוגרמים,1.00,"ק""ג",false,,7.90,7.9000,true,1,119709
7290000211374,false,"קמח מלא סוגת 1 ק""ג",טחנת קמח דגן-שטיבל,IL,"קמח מלא 1 ק""ג",קילוגרמים,1.00,"ק""ג",false,,7.90,7.9000,true,1,119710
7290000211442,false,"סוגת אורז פרסי קלאסי שקית 1 ק""ג",האי נאם סי או אל.טי.,IL,סוגת אורז פרסי קלאסי,גרמים,1000.00,100 גרם,false,,10.90,0.0109,true,1,119712
7290000211503,false,סוכר לבן ארוז בשקית,"סוגת תעשיות בע""מ",IL,"סוכר סוגת 1 ק""ג",קילוגרמים,1.00,"ק""ג",false,,4.00,4.0000,true,1,119713
7290000211626,false,"סוגת אורז חיש 1 ק""ג",סוגת תעשיות בעמ,IL,"סוגת אורז חיש 1 ק""ג",קילוגרמים,1.00,"ק""ג",false,,11.10,11.1000,true,1,119714
7290000211985,false,"סוגת אורז עגול ריזוטו 1 ק""ג","סוגת תעשיות בע""מ",IL,"סוגת אורז ריזוטו 1ק""",קילוגרמים,1.00,"ק""ג",false,,9.90,9.9000,true,1,119716
7290000214115,false,מרק עוף צנצנת 400 גרם-ויטה,"פרי הגליל בע""""מ",IL,מרק עוף 400 גר,גרמים,400.00,100 גרם,false,,16.00,0.0400,true,1,133532
7290000226314,false,פרוזן פילה אמנון 7-9,,,פרוזן פילה אמנון 7-9,קילוגרמים,1.00,"ק""ג",true,,29.90,29.9000,true,1,266884
7290000226444,false,פרוזן פילה אמנון 7-5,,,פרוזן פילה אמנון 7-5,קילוגרמים,1.00,"ק""ג",true,,29.90,29.9000,true,1,268502
7290000234587,false,גבינת פרמזנו רגאנו ג,,,גבינת פרמזנו רגאנו ג,קילוגרמים,1.00,"ק""ג",true,,150.00,150.0000,true,1,185619
7290000238029,false,"בצק עלים צרפתי מרודד מעדנות 1 ק""ג",מיוצר עי קונדיטוריית,IL,מעדנות בצק עלים צרפת,יחידה,1.00,יחידה,false,,18.90,18.9000,true,1,104316
7290000238036,false,מלווח עגול מעדנות 700 ג',מיוצר עי קונדיטוריית,IL,מעדנות מלווח 700 גרם,גרמים,700.00,100 גרם,false,,15.90,0.0227,true,1,104317
7290000238173,false,בורקס גבינה מעדנות 800 גרם,מיוצר עי קונדיטוריית,IL,מעדנות בורקס גבינה 8,גרמים,800.00,100 גרם,false,,18.90,0.0236,true,1,104318
7290000238180,false,בורקס תפוחי אדמה מעדנות 800 גרם,מיוצר עי קונדיטוריית,IL,"מעדנות בורקס תפו""א 8",גרמים,800.00,100 גרם,false,,18.90,0.0236,true,1,104319
7290000244143,false,"הוואי - קרם לאחר גילוח 120 מ""ל",טרופיקל דגיל קוסמטיק,IL,הואי קרם לאחר גילוח,גרמים,120.00,100 גרם,false,,16.90,0.1408,true,1,122155
7290000244280,false,משחת גילוח רגיל 80 מ,טרופיקל דגיל,IL,משחת גלוח רגילה,יחידה,0.00,יחידה,false,,10.00,0.0000,true,1,122156
7290000244761,false,קרם ידיים וולוטה 80 גרם,טרופיקל דגיל קוסמטיק,IL,"קרם ולוטה ענק 80 מ""ל",מיליליטרים,80.00,"100 מ""ל",false,,6.90,0.0863,true,1,122158
7290000245072,false,סוד מרכך כביסה בייבי סנסטיב 4 ליטר,"הנקל סוד בע""מ",IL,סוד מרכך כביסה תינוק,ליטרים,4.00,ליטר,false,,18.90,4.7250,true,1,122160
7290000245089,false,סוד סופט מרכך כביסה סגול 4 ליטר,"הנקל סוד בע""מ",IL,סוד מרכך כביסה סגול,ליטרים,4.00,ליטר,false,,18.90,4.7250,true,1,122161
7290000245157,false,סוד סופט מרכך כביסה סנסיישן 4 ליטר,"הנקל סוד בע""מ",IL,סוד מרכך כביסה סנסיי,ליטרים,4.00,ליטר,false,,18.90,4.7250,true,1,122162
7290000245782,false,סוד סופט מרכך כביסה ורוד 4 ליטר,"הנקל סוד בע""מ",IL,סוד מרכך כביסה ורוד,ליטרים,4.00,ליטר,false,,18.90,4.7250,true,1,122186
7290000245799,false,סוד סופט מרכך כביסה כחול 4 ליטר,"הנקל סוד בע""מ",IL,סוד מרכך כביסה כחול,ליטרים,4.00,ליטר,false,,18.90,4.7250,true,1,122187
7290000253220,false,שוקולד צ'יפס חום אופנהיימר 260 גר',אופנהיימר,IL,אופנהיימר שוק ציפס 2,גרמים,260.00,100 גרם,false,,11.90,0.0458,true,1,119894
7290000253251,false,שוקולד צ'יפס לבן אופנהיימר 250 גרם,אופנהיימר,IL,שוקולד ציפס לבן אופנ,גרמים,300.00,100 גרם,false,,11.90,0.0397,true,1,119895
7290000258255,false,משולש גבינת גאודה 28,,,גאודה יעקבס,קילוגרמים,1.00,"ק""ג",true,,120.00,120.0000,true,1,195870
7290000258262,false,מארז גבינת גאודה עשב,,,גאודה תיבול,קילוגרמים,1.00,"ק""ג",true,,120.00,120.0000,true,1,195871
7290000258323,false,גאודה כמון קימל,,,גאודה כמון קימל,קילוגרמים,1.00,"ק""ג",true,,120.00,120.0000,true,1,195872
7290000258583,false,גבינת מנצ'גו קשה 30%,,,מנצגו יעקבס,קילוגרמים,1.00,"ק""ג",true,,159.00,159.0000,true,1,195875
7290000258637,false,מארז עומר יעקבס,,,מארז עומר יעקבס,קילוגרמים,1.00,"ק""ג",true,,160.00,160.0000,true,1,195878
7290000258736,false,משולש גבינת קשקבל צא,,,קשקבל יעקבס,קילוגרמים,1.00,"ק""ג",true,,159.00,159.0000,true,1,195877
7290000260839,false,ספרינג משקה בטעם תפו,יפאורה,IL,ספרינג משקה בטעם תפו,ליטרים,1.50,ליטר,false,,5.90,3.9333,true,1,114517
7290000262413,false,חיתולי האגיס אקסטרה קייר מידה 5 34יח,חוגלה קימברלי,IL,האגיס אקסטרה מידה 5,יחידה,0.00,יחידה,false,,49.90,0.0000,true,1,158088
7290000263359,false,האגיס - פיור נטורל שלב 1 ניו בורן 40 יח',קימברלי קלארק שיווק,IL,האגיס פיור נטורל שלב,יחידה,40.00,יחידה,false,,33.90,0.8475,true,1,112277
7290000267036,false,שקדים משובבים השף 100 ג',"דין שיווק וקלייה בע""",IL,שקדיה שקד משובב מולב,יחידה,0.00,יחידה,false,,9.90,0.0000,true,1,133030
7290000267043,false,שקדים מולבנים פרוסים,"דין שיווק וקלייה בע""",IL,שקדיה שקד פרוס מולבן,גרמים,100.00,100 גרם,false,,9.90,0.0990,true,1,133031
7290000267050,false,שקד מולבן טחון 100 גרם,"דין שיווק וקלייה בע""",IL,שקדיה שקד טבעי טחון,גרמים,100.00,100 גרם,false,,9.90,0.0990,true,1,133032
7290000272443,false,סירופ דיאט בטעם תפוזים עסיס 1 ליטר,בית-השיטה עסיס תעשיו,IL,עסיס סירופ דיאט בטעם,ליטרים,1.00,ליטר,false,,19.90,19.9000,true,1,123374
7290000272696,false,עסיס מיץ לימון טבעי משומר 1 ל' אסם,בית-השיטה עסיס תעשיו,IL,עסיס מיץ לימון משומר,ליטרים,1.00,ליטר,false,,10.90,10.9000,true,1,123376
7290000272726,false,חומץ רכיבים רכיבים טבעיים 5% עסיס 1 ליטר,בית השיטה עסיס תעשיו,IL,עסיס חומץ טבעי 5% 1,ליטרים,1.00,ליטר,false,,8.90,8.9000,true,1,123377
7290000281302,false,דורבלו גלגל שקיל,,,דורבלו גלגל שקיל,קילוגרמים,1.00,"ק""ג",true,,190.00,190.0000,true,1,235411
7290000281382,false,נתחי פילה דג סלמון ק,,,דלי דג מנות סלמון,קילוגרמים,1.00,"ק""ג",true,,89.90,89.9000,true,1,189555
7290000281429,false,סטיק טונה אדומה מעוב,,,סטיק טונה אדומה מעוב,קילוגרמים,1.00,"ק""ג",true,,64.90,64.9000,true,1,191373
7290000281436,false,סטייק דג טונה בהירה,,,סטייק דג טונה בהירה,קילוגרמים,1.00,"ק""ג",true,,64.90,64.9000,true,1,232049
7290000281443,false,סטייק דג טונה קפוא,,,נטו סטייק דג טונה,קילוגרמים,1.00,"ק""ג",true,,49.90,49.9000,true,1,232050
7290000281849,false,מס 7 מוכשר,,,מס 7 מוכשר,קילוגרמים,1.00,"ק""ג",true,,29.90,29.9000,true,1,232060
7290000286228,false,"שישיית כריות יפניות ""סנו סושי""",סנו מפעלי ברונו בעמ,IL,סנו סושי שישיות,יחידה,6.00,יחידה,false,,10.90,1.8167,true,1,108425
7290000286237,false,פילה דג סלמון נורווג,,,פילה דג סלמון נורווג,קילוגרמים,1.00,"ק""ג",true,,89.90,89.9000,true,1,262354
7290000286297,false,"אנטי קאלק מסיר אבנית מקומקום סנו 700 מ""ל",סנו מפעלי ברונוס בעמ,IL,מסיר אבן מקומקום אנט,מיליליטרים,700.00,"100 מ""ל",false,,9.90,0.0141,true,1,108426
7290000286594,false,אבקה לניקוי ריח לימון סנו 600 גרם,סנו מפעלי ברונוס בעמ,IL,סנו X לימון במיכל 60,גרמים,600.00,100 גרם,false,,9.90,0.0165,true,1,231719
7290000286631,false,"סנו אבקה לניקוי ומירוק בריח לימון 600 מ""ל",קריות זול,IL,סנו X לימון מילוי 60,גרמים,600.00,100 גרם,false,,6.90,0.0115,true,1,108436
7290000286907,false,"ספריי מסיר כתמים באירוסול ""סנו""",סנו מפעלי ברונוס בעמ,IL,סנוקל מסיר כתמים,גרמים,170.00,100 גרם,false,,24.90,0.1465,true,1,108441
7290000286921,false,"מסיר כתמים רסס כבס ""סנוקל""",סנו מפעלי ברונוס בעמ,IL,"סנוקל רסס כבס 750מ""ל",מיליליטרים,750.00,"100 מ""ל",false,,14.90,0.0199,true,1,249534
7290000286945,false,"נוזל+אקדח לניקוי רהיט ""סנו""","סנו מפעלי ברונוס בע""",IL,"סנו רהיט נוזל 500 מ""",מיליליטרים,500.00,"100 מ""ל",false,,24.90,0.0498,true,1,108444
7290000286971,false,גבינת ברי קמבוזולה ב,,,ישרקו קמבוזולה,קילוגרמים,1.00,"ק""ג",true,,190.00,190.0000,true,1,167087
7290000287102,false,"ספריי שמפו לניקוי שטיחים סנו 600 מ""ל",מיוצר עי קונדיטוריית,IL,סנו שמפו שטיחים אירו,מיליליטרים,600.00,"100 מ""ל",false,,22.90,0.0382,true,1,108447
7290000287195,false,"סנו רהיט ספריי עשיר בווקס להברקה 305 מ""ל",מיוצר עי קונדיטוריית,IL,סנו רהיט ספריי עשיר,מיליליטרים,305.00,"100 מ""ל",false,,14.90,0.0489,true,1,108448
7290000287409,false,"שלישיית סנובון תות לאסלה ""סנו""",סנו מפעלי ברונוס בעמ,IL,סנובון שלישיה תות 3*,יחידה,3.00,יחידה,false,,12.90,4.3000,true,1,108451
7290000287430,false,סנובון צבעוני לאסלה בריח לימון שלישייה,סנו מפעלי ברונו בעמ,IL,סנובון שלישיה צבעוני,יחידה,3.00,יחידה,false,,12.90,4.3000,true,1,108452
7290000287485,false,"שלישיית סנובון לובר לאסלה ""סנו""",סנו מפעלי ברונו בעמ,IL,סנובון שלישיה לובר,יחידה,3.00,יחידה,false,,12.90,4.3000,true,1,108453
7290000287492,false,"סנובון נוזל לניקוי אסלות בריח לימון סנו 750 מ""ל","איי, בי, אינבוו",IL,סנובון נוזלי בניחוח,מיליליטרים,750.00,"100 מ""ל",false,,10.90,0.0145,true,1,108454
7290000287607,false,"אקוה בלו סבון לניאגרה סנו 150 מ""ל",קריות זול,IL,סנו בלו גדול,גרמים,150.00,100 גרם,false,,20.00,0.1333,true,1,108455
7290000287621,false,"אנטי קאלק נוזל לניקוי אסלות סנו 750 מ""ל",מיוצר עי קונדיטוריית,IL,סנו אנטי קאלק W.C מנ,מיליליטרים,750.00,"100 מ""ל",false,,11.90,0.0159,true,1,108456
7290000288017,false,אקונומיקה בריח לימון סנו ז'אוול 1 ליטר,"סנו מפעלי ברונוס בע""",IL,סנו זאוול לימון 1ליט,מיליליטרים,1000.00,"100 מ""ל",false,,8.90,0.0089,true,1,108464
7290000288024,false,סנו - ז'אוול אקונומיקה בריח לימון 4 ליטר,"סנו מפעלי ברונוס בע""",IL,סנו זאוול בריח לימון,ליטרים,4.00,ליטר,false,,18.90,4.7250,true,1,108465
7290000288031,false,"אקונומיקה תו תקן 4 ליטר ""סנו""","סנו מפעלי ברונוס בע""",IL,סנו אקנומיקה 4 ליטר,ליטרים,4.00,ליטר,false,,11.00,2.7500,true,1,108466
7290000288048,false,סנו זאוול מרסס מונבלאן 1 ליטר,"סנו מפעלי ברונוס בע""",IL,סנו ג'אוול מרסס לבנד,ליטרים,1.00,ליטר,false,,16.90,16.9000,true,1,108467
7290000288086,false,אבקת ניקוי עם אקונומיקה בריח לימון סנו ז'אוול 600 ג',מיוצר עי קונדיטוריית,IL,אבקת ניקוי ג'אוול לי,גרמים,600.00,100 גרם,false,,9.90,0.0165,true,1,108469
7290000288352,false,"סנו K-300 חרקים ונמלים 630מ""ל","סנו מפעלי ברונוס בע""",IL,K - 300,מיליליטרים,630.00,"100 מ""ל",false,,23.90,0.0379,true,1,108476
7290000288383,false,"סנו K-500 נמלים ותיקנים 630מ""ל",מיוצר עי קונדיטוריית,IL,נמלים K-500,מיליליטרים,405.00,"100 מ""ל",false,,24.90,0.0615,true,1,108477
7290000288642,false,מקסימה מרכך כביסה סנסיטיב בייבי סנו 4 ליטר,"סנו מפעלי ברונוס בע""",IL,סנו מקסימה סנסיטיב 4,ליטרים,4.00,ליטר,false,,22.90,5.7250,true,1,224145
7290000289069,false,סנו - ז'אוול מרסס קצף ניקוי בתוספת אקונומיקה בריח לימון 1 ליטר,"סנו מפעלי ברונוס בע""",IL,סנו ג'אוול מרסס לימו,ליטרים,1.00,ליטר,false,,16.90,16.9000,true,1,108488
7290000289380,false,"סנו - ז'אוול לניקוי אסלות לימון 750 מ""ל",סנו JAVEL,IL,סנו גאוול מונטבלאן ג,מיליליטרים,750.00,"100 מ""ל",false,,10.90,0.0145,true,1,249560
7290000289496,false,"סנו - ז'אוול ג'ל קרם לניקוי כללי לימון 750 מ""ל","סנו מפעלי ברונוס בע""",IL,סנו ג'אוול ג'ל קרם ל,מיליליטרים,750.00,"100 מ""ל",false,,10.90,0.0145,true,1,249562
7290000289748,false,"מסיר שומנים לתנורים פורטה פלוס סנו 750 מ""ל","סנו מפעלי ברונוס בע""",IL,סנו פורטה פלוס לתנור,מיליליטרים,750.00,"100 מ""ל",false,,14.90,0.0199,true,1,108502
7290000289892,false,"סנו פרש ענק מאונטן טורקיז 375 מ""ל",סנו fresh,IL,סנו פרש ענק מאונטן ט,מיליליטרים,375.00,"100 מ""ל",false,,9.90,0.0264,true,1,206981
7290000291857,false,פוליויקס נוזל רצפות בניחוח גולדן סאנרייז סנו 2 ליטר,סנו פוליויקס,IL,פוליוקס 2 ליטר לוטוס,ליטרים,2.00,ליטר,false,,21.90,10.9500,true,1,224986
7290000291932,false,"סנובון נוזל לניקוי אסלה בניחוח לבנדר סנו 750 מ""ל","סנו מפעלי ברונוס בע""",IL,סנובון נוזלי בניחוח,מיליליטרים,750.00,"100 מ""ל",false,,10.90,0.0145,true,1,108509
7290000291963,false,אקונומיקה סמיכה בריח לימון סנו ז'אוול 1 ליטר,סנו JAVEL,IL,סנו זאוול סמיכה לימו,מיליליטרים,1000.00,"100 מ""ל",false,,8.90,0.0089,true,1,108511
7290000292007,false,K3 פיתיון ג'ל קוטל תיקנים (ג'וקים) בבית ובחצר,מיוצר עי קונדיטוריית,IL,סנו K3 פיתיון גל לקט,יחידה,0.00,יחידה,false,,49.90,0.0000,true,1,193210
7290000292137,false,"נוזל לניקוי וטיפול מוצרי עור סנו 500 מ""ל",מיוצר עי קונדיטוריית,IL,סנו מנקה עור נוזלי,מיליליטרים,500.00,"100 מ""ל",false,,31.90,0.0638,true,1,108512
7290000292311,false,פוליויקס נוזל רצפות בניחוח סחלבים סנו 2 ליטר,"סנו מפעלי ברונוס בע""",IL,פוליוקס 2 ליטר סחלבי,ליטרים,2.00,ליטר,false,,21.90,10.9500,true,1,224987
7290000292564,false,"סנו 2000-K דוחה חרקים ללא ריח 750 מ""ל",מיוצר עי קונדיטוריית,IL,K 2000 סנו ללא ריח,מיליליטרים,750.00,"100 מ""ל",false,,32.90,0.0439,true,1,108518
7290000292915,false,"תרסיס לניקוי כללי רסס ונגב סנו 750 מ""ל","סנו מפעלי ברונוס בע""",IL,סנו רסס ונגב אקדח 60,מיליליטרים,600.00,"100 מ""ל",false,,13.90,0.0232,true,1,108522
7290000292939,false,אקוה בלו לאסלה סנו 100 גרם,סנו,IL,סנו אקוה בלו,גרמים,180.00,100 גרם,false,,13.00,0.0722,true,1,108523
7290000293073,false,מקסימה מרכך כביסה ביו לבן סנו 4 ליטר,"סנו מפעלי ברונוס בע""",IL,סנו מקסימה ביו לבן 4,ליטרים,4.00,ליטר,false,,22.90,5.7250,true,1,224146
7290000293516,false,"מתקן סופג לחות ומונע עובש ""סנופרש""","סנו מפעלי ברונוס בע""",IL,סופג לחות בקופסא,יחידה,340.00,יחידה,false,,24.90,0.0732,true,1,108526
7290000293820,false,"קרמה מן שמפו וג'ל גל רחצה אקטיב בלוק 700מ""ל",גוד פוד פרודקטס S.p,IL,קרמה מן ג'ל רחצה אקט,מיליליטרים,700.00,"100 מ""ל",false,,17.90,0.0256,true,1,249573
7290000293943,false,"מרסס לבן מסיר אבנית 1 ליטר אנטי קאלק ""סנו""",מיוצר עי קונדיטוריית,IL,סנו אנטי קאלק+מתז 1ל,מיליליטרים,1000.00,"100 מ""ל",false,,19.90,0.0199,true,1,108531
7290000294391,false,נוזל לניקוי כללי בניחוח סחלבים סנו ג'ט 4 ליטר,סנו,IL,סנו ג'ט יכול הכל סחל,ליטרים,4.00,ליטר,false,,19.90,4.9750,true,1,108532
7290000294780,false,אקונומיקה סמיכה בריח לימון סנו ז'אוול 4 ליטר,"סנו מפעלי ברונוס בע""",IL,סנו זאוול סמיכה 4 לי,ליטרים,4.00,ליטר,false,,18.90,4.7250,true,1,108539
7290000295121,false,מטליות זיגזג סנו סושי לניקוי רצפות 3יח',קריות זול,IL,מטלית זיגזג 3יח,יחידה,3.00,יחידה,false,,11.90,3.9667,true,1,108541
7290000295572,false,"נוזל לניקוי אסלה 00 סנו 2*750 מ""ל",מיוצר עי קונדיטוריית,IL,"צמד ""00"" עם פיה",ליטרים,1.50,ליטר,false,,15.90,10.6000,true,1,249583
7290000295589,false,טלק בייבי כיף לתינוק,מייצר :אשבל בע''מ .,IL,טלק בייבי כיף לתנוק,גרמים,200.00,100 גרם,false,,13.90,0.0695,true,1,206985
7290000295794,false,ספוגיות מתכת אל חלד לניקוי סנו 3 יחידות,סנו,,ספוגיות אל חלד זוג,יחידה,2.00,יחידה,false,,11.90,5.9500,true,1,231741
7290000300877,false,סיימן גבינת צדר אנגל,,,צ'דר אנגלית,קילוגרמים,1.00,"ק""ג",true,,140.00,140.0000,true,1,181915
7290000300884,false,סיימן גבינת צ'דר אנג,,,צ'דר אנגלי כתום,קילוגרמים,1.00,"ק""ג",true,,140.00,140.0000,true,1,181916
7290000300900,false,שניצל תירס מרכיבים טבעיים טבעול 750 גרם,עיצובים 2020 (4.8),IL,שניצל תירס טבע טבעול,גרמים,750.00,100 גרם,false,,29.90,0.0399,true,1,123383
7290000303581,false,פול מצרי A-2 פרי הגליל 560ג',"פרי הגליל בע""""מ",IL,פול מיצרי A2,גרמים,560.00,100 גרם,false,,7.90,0.0141,true,1,133558
7290000303598,false,שעועית לבנה ברוטב עגבניות פרי הגליל 570 גרם,"פרי הגליל בע""""מ",IL,שעועית אפוייה 570 גר,גרמים,580.00,100 גרם,false,,7.90,0.0136,true,1,133559
7290000307015,false,אפונת גינה בינונית פרי הגליל 550 גרם,"פרי הגליל בע""""מ",IL,אפונת גינה גדול A2,גרמים,550.00,100 גרם,false,,7.90,0.0144,true,1,133561
7290000307046,false,אפונת גינה וגזר פרי הגליל 550 גרם,"פרי הגליל בע""""מ",IL,אפונה וגזר A2,גרמים,550.00,100 גרם,false,,7.90,0.0144,true,1,133562
7290000307220,false,גרעיני תירס מתוק בואקום פרי הגליל 285 גרם,"פרי הגליל בע""""מ",IL,תירס ואקום Z12,גרמים,340.00,100 גרם,false,,6.90,0.0203,true,1,133563
7290000307237,false,גרעיני תירס מתוק פרי הגליל 550 גרם,"פרי הגליל בע""""מ",IL,תירס גרעינים 550 גרם,גרמים,550.00,100 גרם,false,,7.90,0.0144,true,1,133564
7290000307343,false,שעועית ירוקה חתוכה A2 פרי גליל 550ג',"פרי הגליל בע""""מ",IL,שעועית ירוקה 550 גר,גרמים,550.00,100 גרם,false,,8.00,0.0145,true,1,133568
7290000307800,false,פול ירוק מוקפא פרי גליל 800ג',"פרי הגליל בע""""מ",IL,פרי הגליל פול 800גרם,גרמים,800.00,100 גרם,false,,14.90,0.0186,true,1,133569
7290000307985,false,גרעיני תירס מתוק ללא למלח 325 גרם פרי הגליל,"פרי הגליל בע""""מ",IL,גרעיני תירס מתוק,גרמים,325.00,100 גרם,false,,6.90,0.0212,true,1,133570
7290000308100,false,אולד אמסטרדם גלגל,,,אולד אמסטרדם גלגל,קילוגרמים,1.00,"ק""ג",true,,140.00,140.0000,true,1,236132
7290000311180,false,מן וופלים שוקולד ציבעוני 10*25 גרם,"רוקחמן בע""מ",IL,וופלית מן עשיריות,יחידה,0.00,יחידה,false,,7.90,0.0000,true,1,201557
7290000311203,false,"וופלים בטעם שוקולד ""מן"" 200 גרם",תות ממתקי איכות,IL,וופלים בטעם שוקולד מ,גרמים,200.00,100 גרם,false,,5.90,0.0295,true,1,192917
7290000311210,false,"וופלים בטעם לימון ""מן"" 200 גרם","רוקחמן בע""מ",IL,וופלים בטעם לימון מן,גרמים,200.00,100 גרם,false,,5.90,0.0295,true,1,192918
7290000311432,false,עוגיות גרנולה קינמון ללא תוספת סוכר 200ג,"רוקחמן בע""מ",IL,עוגיות גרנולה קינמון,גרמים,200.00,100 גרם,false,,8.90,0.0445,true,1,267112
7290000311463,false,מן עוגיות חיטה מלאה חמאה ללא סוכר 200 גרם,"רוקחמן בע""מ",IL,עוגיות חיטה מלאה חמא,גרמים,200.00,100 גרם,false,,8.90,0.0445,true,1,267115
7290000311708,false,מן עוגיות מחיטה מלאה 300 גרם*נ.ל.פ,תות ממתקי איכות,IL,מן עוגיות מחיטה מלאה,גרמים,300.00,100 גרם,false,,7.90,0.0263,true,1,192927
7290000311715,false,מן עוגיות כוכבים בטעם שוקולד 300 גרם*נ.ל.פ,תות ממתקי איכות,IL,מן עוגיות כוכבים שוק,גרמים,300.00,100 גרם,false,,7.90,0.0263,true,1,267052
7290000311722,false,"עוגיות בטעם וניל עם כוכבים ""מן"" 300 גרם",תות ממתקי איכות,IL,מן עוגיות כוכבים וני,גרמים,300.00,100 גרם,false,,7.90,0.0263,true,1,192928
7290000311845,false,מן עוגיות חיטה מלאה ללא תוספת סוכר 200 ג,"רוקחמן בע""מ",IL,"עוגיות חיטה מלאה לל""",גרמים,200.00,100 גרם,false,,8.90,0.0445,true,1,267113
7290000313160,false,זהבה ושלושת הדובים עוגיות בטעם שוקולד אסם 350 גרם,היינץ צפון אמריקה מק,IL,חברים זהבה ושלושת הד,גרמים,250.00,100 גרם,false,,8.90,0.0356,true,1,123389
7290000313184,false,עוגיות חברים גן חיות וניל אסם 250 גר',הגביע מוצרי וופלים ב,IL,חברים ביסקויט גן חיו,גרמים,250.00,100 גרם,false,,8.90,0.0356,true,1,123390
7290000313290,false,אסם נודלס נודלס איטריות מסולסלות 200גר,תאי פרזידנט פוד בנגק,TH,אסם נודלס נודלס איטר,גרמים,200.00,100 גרם,false,,10.90,0.0545,true,1,123392
7290000315126,false,קנור ציר עוף משחתי 300 ג,יוניליוור ישראל מזון,IL,קנור ציר עוף משחתי 3,גרמים,300.00,100 גרם,false,,24.90,0.0830,true,1,113396
7290000315133,false,קנור ציר בקר משחתי 300ג,יוניליוור ישראל מזון,IL,קנור ציר בקר משחתי 3,גרמים,300.00,100 גרם,false,,24.90,0.0830,true,1,113397
7290000318127,false,"נקניקיות ביס 380 גרם ""יחיעם""",מעדני יחיעם 1993,IL,נקניקיות ביס 380 גרם,גרמים,380.00,100 גרם,false,,13.90,0.0366,true,1,116241
7290000318479,false,נקניק פרושוטו בקר יחיעם 100 גרם,תאי פרזידנט פוד פאבל,IL,פרושטו בקר יחיעם 100,יחידה,0.00,יחידה,false,,29.90,0.0000,true,1,116249
7290000318677,false,נקניק סלמי סרוולט יחיעם 150 גרם,מעדני יחיעם 1993,IL,סלמי סרוולט 150גר יח,גרמים,150.00,100 גרם,false,,29.90,0.1993,true,1,116252
7290000318707,false,נקניק סלמי מעושן יחיעם 500 גרם,מעדני יחיעם 1993,IL,נקניק סלמי מעושן 500,גרמים,500.00,100 גרם,false,,33.90,0.0678,true,1,116254
7290000318738,false,נקניק עוף אריזה אדומה 450 ג' יחיעם,קריות זול,,נקניק עוף 450 גר,גרמים,450.00,100 גרם,false,,11.00,0.0244,true,1,116256
7290000318943,false,פסטרמה של פעם מעושן 1.5% יחיעם 200 גרם,תאי פרזידנט פוד פאבל,IL,פסטרמה של פעם 200 גר,גרמים,200.00,100 גרם,false,,24.00,0.1200,true,1,116262
7290000319063,false,כתף בקר מעושן מפולפל 150 גר,מעדני יחיעם,IL,כתף בקר מפולפל 150 ג,גרמים,150.00,100 גרם,false,,29.90,0.1993,true,1,181878
7290000319124,false,סרוולד מאפ 250 ג' יחיעם,מעדני יחיעם 1993,IL,סלמי סרוולט 250 גרם,גרמים,250.00,100 גרם,false,,39.90,0.1596,true,1,116266
7290000319131,false,נקניקיות עוף יחיעם 400 גרם,מעדני יחיעם 1993,IL,נקניקיות עוף 400ג,גרמים,400.00,100 גרם,false,,11.90,0.0298,true,1,116267
7290000319292,false,"נקנקיות וינר פלוס יחיעם 10 /ק""ג",מעדני יחיעם,IL,נקניקיות וינר פלוס 1,קילוגרמים,1.00,"ק""ג",false,,22.90,22.9000,true,1,215169
7290000319520,false,נקניק סלמי צרפתי יחיעם 100 גרם,מעדני יחיעם 1993,IL,סאלמי צרפתי יחיעם 10,גרמים,100.00,100 גרם,false,,19.90,0.1990,true,1,116275
7290000319803,false,קבנוס קלאסי יחיעם 125 גרם,תאי פרזידנט פוד פאבל,IL,קבנוס קלאסי 125 גרם,גרמים,125.00,100 גרם,false,,13.90,0.1112,true,1,116284
7290000319834,false,קבנוס פפרוני קלאסי 125 גרם,תאי פרזידנט פוד פאבל,IL,קבנוס פפרוני קלאסי 1,גרמים,125.00,100 גרם,false,,14.90,0.1192,true,1,116285
7290000319841,false,פסטרמה מהמעשנה יחיעם,יחיעם,,פסטרמה המעשנה יחיעם,קילוגרמים,1.00,"ק""ג",true,,85.00,85.0000,true,1,259937
7290000319964,false,"נקנקיות עוף חריפות 1 ק""ג יחיעם",,,נקניקיות עוף חריפות,יחידה,0.00,יחידה,false,,23.00,0.0000,true,1,203121
7290000332732,false,דג מוסר ים טרי שלם,,,דג מוסר ים טרי שלם,קילוגרמים,1.00,"ק""ג",true,,69.90,69.9000,true,1,169229
7290000334325,false,ציפס למיקרו מארז שלישיה 125 ג' תפוגן,"תעשיות תפוגן בע""מ",IL,תפוגן ציפס למיקרו מא,גרמים,380.00,100 גרם,false,,15.00,0.0395,true,1,123396
7290000334684,false,תפוגן טבעות בצל 700 גרם,"תעשיות תפוגן בע""מ",IL,טבעות בצל 700 גרם,גרמים,700.00,100 גרם,false,,18.90,0.0270,true,1,123399
7290000334745,false,"אמריקאן צ'יפס תפוגן 1.5 ק""ג","תעשיות תפוגן בע""מ",IL,תפוגן צ'יפס אמירקן 1,קילוגרמים,1.50,"ק""ג",false,,25.90,17.2667,true,1,169808
7290000339191,false,אבקת הלבנה רן ללא כל,זוהר דליה - 3P Local,IL,אבקת הלבנה רן 350 גר,גרמים,350.00,100 גרם,false,,22.90,0.0654,true,1,113435
7290000339566,false,בדין מרכך כביסה ורוד 4 ליטר,יוניליור ישראל טיפוח,IL,בדין מרכך כביסה ורוד,ליטרים,4.00,ליטר,false,,21.90,5.4750,true,1,113436
7290000339849,false,משחת קלין להדחת כלים ולניקיון כללי בניחוח סמדר,סיף פנטסטיק,IL,משחת כלים סמדר בדלי,קילוגרמים,3.50,"ק""ג",false,,27.90,7.9714,true,1,113437
7290000339887,false,"משחת כלים סיף קלין לימון 5 3 ק""ג",אתר ליוור - HPC,IL,משחת כלים לימוון בדל,קילוגרמים,3.50,"ק""ג",false,,27.90,7.9714,true,1,113440
7290000342832,false,בדין מרכך כביסה 4 ליטר צהוב,אתר ליוור - HPC,IL,בדין צהוב 4 ליטר,ליטרים,4.00,ליטר,false,,21.90,5.4750,true,1,113442
7290000342856,false,בדין מרכך כביסה כחול 4 ליטר,יוניליור ישראל טיפוח,IL,בדין מרכך כביסה כחול,ליטרים,4.00,ליטר,false,,21.90,5.4750,true,1,113443
7290000345048,false,תה ויסוצקי 74 125 גרם,תה ויסוצקי,IL,תה 74 125 גרם,גרמים,125.00,100 גרם,false,,12.80,0.1024,true,1,126482
7290000345055,false,תה עלים ארל גריי ויסוצקי 100 גרם,מולינו ניקולי s.p.a,IL,תה ארל גריי 100 גרם,יחידה,0.00,יחידה,false,,12.90,0.0000,true,1,126483
7290000345116,false,תה ויסוצקי ירוק 125 גרם,תה ויסוצקי,IL,תה ירוק 125 גרם,גרמים,125.00,100 גרם,false,,13.90,0.1112,true,1,126484
7290000345208,false,תה ויסוצקי קלאסיק מעודן 25X1.0יח',תה ויסוצקי,IL,תה ויסוצקי קלאסיק 25,יחידה,25.00,יחידה,false,,6.50,0.2600,true,1,126486
7290000345215,false,תה ויסוצקי קלאסיק 100/1 כחול מעודן,מולינו ניקולי s.p.a,IL,תה ויסוצקי קלאסיק 10,יחידה,100.00,יחידה,false,,23.00,0.2300,true,1,126487
7290000345260,false,תה קלאסיק מעטפות ויסוצקי 25 יחידות,מולינו ניקולי s.p.a,IL,תה ויסוצקי קלאסיק 1,יחידה,0.00,יחידה,false,,6.90,0.0000,true,1,126488
7290000345277,false,תה קלאסיק מעטפות ויסוצקי 50 יחידות,מולינו ניקולי s.p.a,IL,תה ויסוצקי קלאסיק 1.,יחידה,0.00,יחידה,false,,13.00,0.0000,true,1,126489
7290000345284,false,תה ויסוצקי קלאסי אריזה ירוקה מרובעת (100 שקיקים),מולינו ניקולי s.p.a,IL,תה ויסוצקי קלאסיק 10,יחידה,100.00,יחידה,false,,20.00,0.2000,true,1,126490
7290000345291,false,תה ארל גריי ויסוצקי 25 יחידות,תה ויסוצקי,IL,תה ארל גריי,יחידה,0.00,יחידה,false,,15.90,0.0000,true,1,126491
7290000345307,false,תה ארל גריי ויסוצקי 50 יחידות,מולינו ניקולי s.p.a,IL,תה ארל גריי 1.5/50,יחידה,0.00,יחידה,false,,27.90,0.0000,true,1,126492
7290000345666,false,תה אינגליש ברקפסט 25 שקיקים 2 גרם,ויסוצקי,IL,תה אינגליש ברפקסט,יחידה,0.00,יחידה,false,,15.90,0.0000,true,1,126497
7290000346021,false,הגן הקסום תה קמומיל ויסוצקי 50 יחידות,בית ויסוצקי,IL,תה קמומיל 50 שקיקים,יחידה,0.00,יחידה,false,,34.90,0.0000,true,1,126498
7290000346120,false,הגן הקסום תה קינמון ויסוצקי 25 יחידות,תה ויסוצקי,IL,קסם הקנמון 25 שקיקים,יחידה,0.00,יחידה,false,,17.90,0.0000,true,1,126499
7290000346137,false,הגן הקסום תה הילולי פירות ויסוצקי 25 יחידות,תה ויסוצקי,IL,הילולי פירות 25 שקיק,יחידה,0.00,יחידה,false,,17.90,0.0000,true,1,126500
7290000346144,false,הגן הקסום תה עינוגי התפוח ויסוצקי 25 יחידות,תה ויסוצקי,IL,תה עינוגי התפוח 25 ש,יחידה,25.00,יחידה,false,,17.90,0.7160,true,1,126501
7290000346168,false,הגן הקסום חליטת שומר ויסוצקי 25 יחידות,תה ויסוצקי,IL,תה חליטת שומר גן קסו,יחידה,25.00,יחידה,false,,17.90,0.7160,true,1,126503
7290000346191,false,איקרא ורודה,,,איקרא ורודה,קילוגרמים,1.00,"ק""ג",true,,55.00,55.0000,true,1,211123
7290000346199,false,הגן הקסום פירות היער ויסוצקי 25 יחידות,תה ויסוצקי,IL,תה פירות יער 25 שקיק,יחידה,0.00,יחידה,false,,17.90,0.0000,true,1,126504
7290000346205,false,הגן הקסום תה קמומיל ויסוצקי 25 יחידות,תה ויסוצקי,IL,תה קמומיל 25 שקיקים,יחידה,25.00,יחידה,false,,17.90,0.7160,true,1,126505
7290000346229,false,הגן הקסום תה ורד הבר והיביסקוס ויסוצקי 25 יחידות,תה ויסוצקי,IL,תה ורד הבר והיביסקוס,יחידה,25.00,יחידה,false,,17.90,0.7160,true,1,126507
7290000346236,false,הגן הקסום תה לואיזה וורבנה ויסוצקי 25 יחידות,תה ויסוצקי,IL,תה לואיזה ורבנה 25 ש,יחידה,25.00,יחידה,false,,17.90,0.7160,true,1,126508
7290000346960,false,תה ויסוצקי נענע 1.7 גרם 50יח',בית ויסוצקי,IL,תה נענע 50 שקיקים 1.,יחידה,0.00,יחידה,false,,34.90,0.0000,true,1,126510
7290000347202,false,תה בתפזורת תה ויסוצק,,,"תה 74 1 ק""ג",קילוגרמים,1.00,"ק""ג",false,,38.30,38.3000,true,1,126512
7290000347738,false,תה ירוק נענע ויסוצקי 25 יחידות,תה ויסוצקי,IL,תה ירוק נענע 25 שק,יחידה,25.00,יחידה,false,,24.90,0.9960,true,1,126515
7290000347752,false,תה ירוק לימונית ולואיזה 25 שקיקים *1.5 ג'' ויסוצקי,תה ויסוצקי,IL,תה ירוק לימונית ולוא,יחידה,25.00,יחידה,false,,24.90,0.9960,true,1,126516
7290000355382,false,עגבניות מרוסקות עם בזיל טל 800 גרם,"מילוז(1989)בע""""מ",IL,עגבניות מרוסקות עם ב,גרמים,800.00,100 גרם,false,,7.90,0.0099,true,1,133573
7290000355405,false,עגבניות מרוסקות A2.5 ובצל טל וטרי 800 גר',"מילוז(1989)בע""""מ",IL,עג.מרוסקות +בצל 800,גרמים,800.00,100 גרם,false,,7.90,0.0099,true,1,133575
7290000355481,false,רסק עגבניות BX22 טומטו 600ג' A2,"מילוז(1989)בע""""מ",IL,רסק עגבניות 22% טומט,גרמים,580.00,100 גרם,false,,6.90,0.0119,true,1,133577
7290000355498,false,רוטב עגבניות A2 BX28 טומטו 580ג',"מילוז(1989)בע""""מ",IL,רסק עגבניות 28% טומט,גרמים,580.00,100 גרם,false,,7.90,0.0136,true,1,133578
7290000355757,false,עגבניות מרוסקות טל וטרי 800 גרם,"מילוז(1989)בע""""מ",IL,עגבניות מרוסקות,גרמים,800.00,100 גרם,false,,7.90,0.0099,true,1,133583
7290000356222,false,הרינג דונאי גדול,,,הרינג ים תיכוני,קילוגרמים,1.00,"ק""ג",true,,30.00,30.0000,true,1,213184
7290000356227,false,מקרל מעושן גדול,,,מקרל מעושן גדול,קילוגרמים,1.00,"ק""ג",true,,85.00,85.0000,true,1,213226
7290000356296,false,נתח סלמון מעושן,,,נתח סלמון מעושן,קילוגרמים,1.00,"ק""ג",true,,180.00,180.0000,true,1,213205
7290000356418,false,פילה הרינג בשמן,,,פילה הרינג בשמן,קילוגרמים,1.00,"ק""ג",true,,45.00,45.0000,true,1,213194
7290000356425,false,פילה הרינג בסגנון מט,,,פילה הרינג בסגנון מט,קילוגרמים,1.00,"ק""ג",true,,45.00,45.0000,true,1,213200
7290000356470,false,מקרל פרוס בשמן,,,מקרל פרוס בשמן,קילוגרמים,1.00,"ק""ג",true,,85.00,85.0000,true,1,213207
7290000356630,false,פילה הרינג כבוש,,,פילה הרינג כבוש,קילוגרמים,1.00,"ק""ג",true,,45.00,45.0000,true,1,213196
7290000356715,false,סאלאקה מעושנת,,,סאלאקה מעושנת,קילוגרמים,1.00,"ק""ג",true,,70.00,70.0000,true,1,213243
7290000356951,false,פילה סלמון פרוס בעיש,,,פילה סלמון פרוס בעיש,קילוגרמים,1.00,"ק""ג",true,,180.00,180.0000,true,1,213210
7290000357359,false,דג בורי טרי שלם,,,דג בורי טרי שלם,קילוגרמים,1.00,"ק""ג",true,,49.90,49.9000,true,1,154719
7290000358739,false,בשר ראש חלק,,,בשר ראש חלק,קילוגרמים,1.00,"ק""ג",true,,74.90,74.9000,true,1,199480
7290000363363,false,קבנוס נקניק מעושן יבש 160 גרם,הנסיך- מפעל לייצור ט,IL,טירת צבי קבנוס מיוחד,גרמים,160.00,100 גרם,false,,16.90,0.1056,true,1,104328
7290000363899,false,נקניקיות פיקנטיות טירת צבי 400 גר',טירת- צבי,IL,טירת צבי נקניקיות פי,גרמים,400.00,100 גרם,false,,14.00,0.0350,true,1,104330
7290000364131,false,סלמי פריזר כפרי טירת 400 ג' צבי,טירת צבי,IL,טירת צבי נקניק פריזר,גרמים,400.00,100 גרם,false,,17.20,0.0430,true,1,247436
7290000364131,false,סלמי פריזר כפרי טירת 400 ג' צבי,טירת צבי,IL,טירת צבי נקניק פריזר,גרמים,400.00,100 גרם,false,,17.20,0.0430,true,1,104331
7290000364261,false,"דקניקים, סלסולי פסטרמה כתף בקר מעושנת 120 גרם",הנסיך- מפעל לייצור ט,IL,טירת צבי סלסולי כתף,גרמים,120.00,100 גרם,false,,15.00,0.1250,true,1,104334
7290000364278,false,דקניקים סילסולי סלמי איטלקי 120 ג' טירת צבי,הנסיך- מפעל לייצור ט,IL,טירת צבי סלסולי סלמי,גרמים,120.00,100 גרם,false,,15.00,0.1250,true,1,104335
7290000364285,false,דקניקים סלסולי פסטרמה הודו טירת צבי 120 גרם,הנסיך- מפעל לייצור ט,IL,טירת צבי סלסולי פסטר,גרמים,120.00,100 גרם,false,,15.00,0.1250,true,1,104336
7290000364292,false,דקניקים סלסולי פסטרמה הודו על גחלים 1% טירת צבי 120 גרם,הנסיך- מפעל לייצור ט,IL,טירת צבי סלסולי פסטר,גרמים,120.00,100 גרם,false,,15.00,0.1250,true,1,104337
7290000364759,false,נקניקיות וינר קרנץ טירת צבי 500 ג',הנסיך- מפעל לייצור ט,IL,טירת צבי נקניקיות וי,גרמים,500.00,100 גרם,false,,17.20,0.0344,true,1,104339
7290000364803,false,נקניקיות בקר אמריקאיות טירת צבי 500 גרם,הנסיך- מפעל לייצור ט,IL,טירת צבי נקניקיות קר,גרמים,500.00,100 גרם,false,,27.20,0.0544,true,1,104340
7290000364810,false,נקניקיות עגל 500 גרםטירת צבי,הנסיך- מפעל לייצור ט,IL,טירת צבי נקנקיות עגל,גרמים,500.00,100 גרם,false,,27.20,0.0544,true,1,104341
7290000364858,false,"נקניקיות עוף טרי טירת צבי 1 ק""ג",הנסיך- מפעל לייצור ט,IL,טירת צבי נקניקיות עו,קילוגרמים,1.00,"ק""ג",false,,30.30,30.3000,true,1,104342
7290000364872,false,נקניקיות עוף טירת צבי 400 גרם,טיב טירת צבי 2000,IL,טירת צבי נקניקיות עו,גרמים,400.00,100 גרם,false,,14.00,0.0350,true,1,104343
7290000364957,false,נקניקיות עוף מיני מיני טירת צבי 700 גרם,הנסיך- מפעל לייצור ט,IL,טירת צבי נקנקיות מינ,גרמים,700.00,100 גרם,false,,27.20,0.0389,true,1,104344
7290000367590,false,פסטרמה כפרית וסלמי פריזר כפרי טירת צבי 2*400 גרם,טיב טירת צבי 2000,IL,טירת צבי צמד כפרי נק,גרמים,800.00,100 גרם,false,,36.90,0.0461,true,1,247437
7290000367590,false,פסטרמה כפרית וסלמי פריזר כפרי טירת צבי 2*400 גרם,טיב טירת צבי 2000,IL,טירת צבי צמד כפרי נק,גרמים,800.00,100 גרם,false,,36.90,0.0461,true,1,104348
7290000369037,false,קוביות בולגרית מתובלות 200 גר,גבינות אמיר ניצן בעמ,IL,סלט קוביות בולגרית 2,גרמים,200.00,100 גרם,false,,16.90,0.0845,true,1,238514
7290000369365,false,מעדן גבינה בולגרית עם חציל 9% ניצן 200 גרם,גבינות אמיר ניצן בעמ,IL,חציל ערוני 200גרם,גרמים,200.00,100 גרם,false,,12.90,0.0645,true,1,156139
7290000369617,false,מעדן כדורי פטה בשמן מתובל ניצן 230 גרם,גבינות אמיר ניצן בעמ,IL,כדורי מעדן גבינה 150,גרמים,150.00,100 גרם,false,,17.90,0.1193,true,1,156141
7290000369709,false,חמאה עירונית בתוספת ריחן ושום טרי גבינות ניצן 100 גרם,גבינות אמיר ניצן בעמ,IL,מעדן חמאה 100גרם,יחידה,0.00,יחידה,false,,12.90,0.0000,true,1,156140
7290000370161,false,גבינת צ'דר בשלה שקיל,,,צ'דר בשלה וילי פוד,קילוגרמים,1.00,"ק""ג",true,,99.00,99.0000,true,1,182241
7290000377209,false,בוטנים מטוגנים קליית,"ג'י אנד ג'י בע""מ",IL,בוטנים מטוגן 200 גרם,גרמים,200.00,100 גרם,false,,7.90,0.0395,true,1,115383
7290000377445,false,נש צאנס קלית גת 200 גר',"ג'י אנד ג'י בע""מ",IL,נש צאנס בשקית 200 גר,גרמים,200.00,100 גרם,false,,9.90,0.0495,true,1,115384
7290000377452,false,גרעיני אבטיח קלויים ומלוחים קלית גת 200,הדקלאים אגודת שיתופי,IL,גרעיני אבטיח 200 גרם,גרמים,200.00,100 גרם,false,,12.00,0.0600,true,1,115385
7290000400131,false,בהרט לקציצות,,,בהרט לקציצות,קילוגרמים,1.00,"ק""ג",true,,80.00,80.0000,true,1,191604
7290000400268,false,פלפל צ'ומה,,,פלפל צ'ומה,קילוגרמים,1.00,"ק""ג",true,,50.00,50.0000,true,1,215341
7290000400329,false,שום גבישי עבה,,,שום גבישי עבה,קילוגרמים,1.00,"ק""ג",true,,40.00,40.0000,true,1,219497
7290000400347,false,פלפלת גרוס,,,פלפלת גרוס,קילוגרמים,1.00,"ק""ג",true,,130.00,130.0000,true,1,233609
7290000400390,false,פיצה אישית,,,פיצה אישית,יחידה,0.00,יחידה,false,,24.90,0.0000,true,1,154180
7290000400391,false,פיצה משפחתית,,,פיצה משפחתית,יחידה,0.00,יחידה,false,,45.00,0.0000,true,1,154181
7290000400392,false,אספרסו רגיל,,,אספרסו רגיל,יחידה,0.00,יחידה,false,,4.00,0.0000,true,1,154764
7290000400393,false,קפה הפוך,,,קפה הפוך,יחידה,0.00,יחידה,false,,6.90,0.0000,true,1,154765
7290000400394,false,בריסקט עגל חצוי,,,אספרסו כפול,יחידה,0.00,יחידה,false,,6.00,0.0000,true,1,157297
7290000400395,false,שוקו חם,,,שוקו חם,יחידה,0.00,יחידה,false,,7.00,0.0000,true,1,157298
7290000400396,false,תה חם,,,תה חם,יחידה,0.00,יחידה,false,,6.00,0.0000,true,1,157299
7290000400397,false,קפה שחור,,,קפה שחור,יחידה,0.00,יחידה,false,,6.00,0.0000,true,1,157300
7290000400398,false,קפה נמס,,,קפה נמס,יחידה,0.00,יחידה,false,,6.90,0.0000,true,1,157301
7290000400399,false,קפה הפוך מחלב סויה,,,קפה הפוך מחלב סויה,יחידה,0.00,יחידה,false,,6.00,0.0000,true,1,157302
7290000400402,false,אייס קפה גדול,,,אייס קפה גדול,יחידה,0.00,יחידה,false,,10.00,0.0000,true,1,161383
7290000400465,false,פיצה משפחתית בתוספת,,,פיצה משפחתית בתוספת,יחידה,0.00,יחידה,false,,40.00,0.0000,true,1,237483
7290000400493,false,ויסברטן עגל נקי חצוי,,,תערובת אורז פטריות,קילוגרמים,1.00,"ק""ג",true,,80.00,80.0000,true,1,196526
7290000400614,false,לחמניית נקניקיה,,,לחמניית נקניקיה,יחידה,0.00,יחידה,false,,6.00,0.0000,true,1,237556
7290000400717,false,תערובת סטייק מונטריא,,,תערובת סטייק מונטריא,קילוגרמים,1.00,"ק""ג",true,,80.00,80.0000,true,1,186032
7290000401606,false,גבינה קשה סטרי אוליד,,,גבינה קשה סטרי אוליד,קילוגרמים,1.00,"ק""ג",true,,115.00,115.0000,true,1,261523
7290000403517,false,חזה אווז ארוז קפוא,,,חזה אווז (ק),קילוגרמים,1.00,"ק""ג",true,,179.90,179.9000,true,1,142057
7290000403784,false,צלעות אווז/כנפיים או,,,פוגרס כנפי אווז קפוא,קילוגרמים,1.00,"ק""ג",true,,34.90,34.9000,true,1,142058
7290000403791,false,כבד אווז קפוא,,,כבד אווז קפוא,קילוגרמים,1.00,"ק""ג",true,,499.90,499.9000,true,1,242837
7290000404021,false,ביצה קשה,,,ביצה קשה,יחידה,0.00,יחידה,false,,2.00,0.0000,true,1,162797
7290000404022,false,טוסט גבינה צהובה,,,טוסט גבינה צהובה,יחידה,0.00,יחידה,false,,14.90,0.0000,true,1,184233
7290000407011,false,חלווה וניל קלאסית,,,חלווה וניל קלאסית,קילוגרמים,1.00,"ק""ג",true,,40.00,40.0000,true,1,127761
7290000408316,false,יוגורט דנונה דל לקטוז 200 גרם,מיוצר עי קונדיטוריית,IL,דנונה טבעי 3% 200 גר,גרמים,200.00,100 גרם,false,,3.50,0.0175,true,1,140994
7290000408354,false,יוגורט עם אורז מצופה שוקולד קקאו 175 ג' דנונה,"שטראוס בריאות בע""מ",IL,דנונה בר פיצפוצים 17,מיליליטרים,175.00,"100 מ""ל",false,,4.50,0.0257,true,1,140995
7290000408420,false,גאודה עזים רוסו,,,גאודה עזים רוסו,קילוגרמים,1.00,"ק""ג",true,,180.00,180.0000,true,1,196367
7290000408437,false,גאודה עזים כמהין,,,גאודה עזים כמהין,קילוגרמים,1.00,"ק""ג",true,,200.00,200.0000,true,1,196368
7290000408695,false,"פילה דג בסה 1 ק""ג",,,"פילה דג בסה 1 ק""ג",קילוגרמים,1.00,"ק""ג",true,,29.90,29.9000,true,1,262513
7290000408840,false,יורוצ'יז מוצרלה איטל,,,יורוצ'יז מוצרלה איטל,קילוגרמים,1.00,"ק""ג",true,,90.00,90.0000,true,1,211218
7290000408857,false,גאודה עיזים בלו,,,גאודה עיזים בלו,קילוגרמים,1.00,"ק""ג",true,,180.00,180.0000,true,1,236133
7290000410874,false,מעדני הטלה רבעי פרגי,,,מעדני הטלה רבעי פרגי,קילוגרמים,1.00,"ק""ג",true,,49.90,49.9000,true,1,115084
7290000412481,false,נוזל לניקוי אסלות 00 סנו 1 ליטר,מיוצר עי קונדיטוריית,IL,סנו מנקה אסלות 1 ליט,ליטרים,1.00,ליטר,false,,7.90,7.9000,true,1,108563
7290000412764,false,"פזטוקס קוטל חרקים סנו 630 מ""ל",קריות זול,,פזטוקס מעופפים,מיליליטרים,630.00,"100 מ""ל",false,,19.90,0.0316,true,1,108564
7290000416021,false,ממרח בטעם שוקולד השחר חלבי 500,השחר העולה,IL,ממרח שחר 500 גרם,גרמים,500.00,100 גרם,false,,13.90,0.0278,true,1,110520
7290000416045,false,"ממרח בטעם שוקולד השחר 1 ק""ג",השחר העולה תעשייות מ,IL,"ממרח שחר 1 ק""ג",גרמים,1000.00,100 גרם,false,,24.90,0.0249,true,1,110522
7290000416076,false,צימקאו שוקולד לבישול ואפיה 400 גרם,השחר העולה תעשייות מ,IL,השחר שוקולד צימקאו ל,גרמים,400.00,100 גרם,false,,12.90,0.0323,true,1,110523
7290000416618,false,"ממרח שוקולד השחר פרווה בד""צ 400 גר'",השחר העולה תעשייות מ,IL,"ממרח שוקולד בד""צ 400",גרמים,400.00,100 גרם,false,,12.90,0.0323,true,1,110530
7290000416809,false,ממרח חצי חצי נוגט אגוזים וקרם חלב השחר 350ג',השחר העולה תעשייות מ,IL,חצי חצי קרם מובחר למ,גרמים,350.00,100 גרם,false,,12.90,0.0369,true,1,179360
7290000416854,false,אבקת קקאו השחר העולה 150ג',השחר העולה תעשייות מ,IL,השחר קקאו 150ג,גרמים,150.00,100 גרם,false,,10.90,0.0727,true,1,129707
7290000416878,false,קקאו השחר 500 גרם,השחר העולה תעשייות מ,IL,השחר קקאו 500 גרם,גרמים,500.00,100 גרם,false,,24.90,0.0498,true,1,110534
7290000416922,false,השחר ממרח חלב 350 גרם,השחר העולה תעשייות מ,IL,ממרח חלב 350 גרם,גרמים,350.00,100 גרם,false,,12.90,0.0369,true,1,179361
7290000419107,false,לנדוור כחול המקורי טחון טורקי 100גרם,קפה לנדוור בע''מ,IL,לנדוור כחול המקורי ט,גרמים,100.00,100 גרם,false,,7.90,0.0790,true,1,123405
7290000419893,false,קפה שחור טחון לבוקר לנדוור 100 גרם,מולינו ניקולי s.p.a,IL,לנדוור לבוקר 100ג,גרמים,100.00,100 גרם,false,,7.90,0.0790,true,1,123409
7290000419909,false,לנדוור לבוקר קפה טחון שחור טורקי 100 גרם,מולינו ניקולי s.p.a,IL,לנדוור אספרסו טחון ט,גרמים,100.00,100 גרם,false,,7.90,0.0790,true,1,123410
7290000420325,false,"פופסטאר פופקורן למקירוגל בטעם טבעי 5 שקיות,500 גרם",קריות זול,US,פופ קורן טבעי למיקרו,גרמים,600.00,100 גרם,false,,17.00,0.0283,true,1,139952
7290000420332,false,פופסטאר פופקורן למיקרוגל בטעם חמאה 5 יחידות 500 גרם,קריות זול,US,פופ קורן חמאה למיקרו,יחידה,5.00,יחידה,false,,17.00,3.4000,true,1,139953
7290000430102,false,"שקיות קרח 2 ק""ג ""מר אייס""","אייס (קיובס) בע""מ -",IL,"שקית קרח 2ק""ג",יחידה,0.00,יחידה,false,,9.90,0.0000,true,1,142878
7290000436616,false,דובשניות בשקית 180 גר',קריות זול,,ברמן דובשניות 180 גר,גרמים,180.00,100 גרם,false,,4.90,0.0272,true,1,106369
7290000442013,false,"פמינה - שטיפה אינטימית לנערות 220 מ""ל",פמינה,IL,"פמינה יאנג 220 מ""ל",מיליליטרים,330.00,"100 מ""ל",false,,22.90,0.0694,true,1,131038
7290000446530,false,"חמאת בוטנים 1 ק""ג בי&די",בטר אנד דיפרנט,IL,חמאת בוטנים מתוקה 1,קילוגרמים,1.00,"ק""ג",false,,27.90,27.9000,true,1,205267
7290000446547,false,חמאת בוטנים טבעית ללא סוכר 350גר,"בטר אנד דיפרנט בע""מ",IL,חמאת בוטנים טבעית 35,גרמים,350.00,100 גרם,false,,13.90,0.0397,true,1,205257
7290000446554,false,"חמאת בוטנים טבעית 1 ק""ג בי&די",בטר אנד דיפרנט B&D,IL,חמאת בוטנים טבעית 1,קילוגרמים,1.00,"ק""ג",false,,27.90,27.9000,true,1,205258
7290000446745,false,חמאת שקדים 100% טבעי 350ג' בי&די,בטר אנד דיפרנט,IL,חמאת שקדים 350 גרם,גרמים,350.00,100 גרם,false,,39.90,0.1140,true,1,205273
7290000446776,false,פתיתי אורז תפוח קל ללא סוכר 500 גרם,בטר אנד דיפרנט,IL,פיצפוצי אורז מלא ללא,גרמים,450.00,100 גרם,false,,18.90,0.0420,true,1,205313
7290000446851,false,ממרח חלווה ודבש 350 ג' בי&די,,,ממרח חלבה 350 גרם,גרמים,350.00,100 גרם,false,,13.90,0.0397,true,1,268409
7290000450209,false,פוסידון טונה בהירה בשמן 77 גרם,"מיוצר עי וליגר בעמ,",IL,ט' בשמן פו' (50) 110,גרמים,110.00,100 גרם,false,,5.70,0.0518,true,1,116748
7290000450308,false,פוסידון טונה בהירה במי מלח 77 גרם,ויליגר בעמ עבור נטו,IL,ט' במים פו'(50) 110,גרמים,110.00,100 גרם,false,,5.70,0.0518,true,1,116749
7290000453019,false,שמרים טריים לאפייה שקית שמרית 50 ג',"פאקא תעשיות בע""מ",IL,שמרית בשקית 50 גרם,גרמים,50.00,100 גרם,false,,4.50,0.0900,true,1,140996
7290000453125,false,שמרית שמרים טריים לאפיה +משפר אפיה 100ג,"פאקא תעשיות בע""מ",IL,שמרית + משפר אפיה 10,גרמים,100.00,100 גרם,false,,7.60,0.0760,true,1,140997
7290000453385,false,שמרים יבשים פארא אינסטנט 500 גרם עלית,פאקא תעשיות בעמ,IL,פאקא שמרים יבשים 500,גרמים,500.00,100 גרם,false,,14.90,0.0298,true,1,159369
7290000453408,false,"בצק פיצה דק, מצונן ומוכן לאפייה - שמרית","פאקא תעשיות בע""מ",FR,בצק פיצה דק מצונן ומ,גרמים,415.00,100 גרם,false,,16.90,0.0407,true,1,199081
7290000453415,false,בצק עלים מצונן ומוכן לאפייה - שמרית,"פאקא תעשיות בע""מ",FR,בצק עלים מצונן מוכן,גרמים,300.00,100 גרם,false,,14.90,0.0497,true,1,199082
7290000453422,false,בצק פילו מצונן ומוכן לאפייה שמרית,"פאקא תעשיות בע""מ",FR,בצק פילו מוכן לאפייה,גרמים,300.00,100 גרם,false,,14.90,0.0497,true,1,199083
7290000453781,false,שמרים יבשים שמרית 125 גרם,"פאקא תעשיות בע""מ",PT,שמרית שמרים יבשים 12,גרמים,125.00,100 גרם,false,,6.90,0.0552,true,1,187588
7290000453798,false,שמרית שמרים יבשים אקטיביים 500 גר',"גי' בי' רכיבים בע""מ",IL,שמרית שמרים יבשים אק,גרמים,500.00,100 גרם,false,,14.90,0.0298,true,1,161895
7290000453880,false,מרגרינה ללא מלח לאפיה ובישול שמרית 200גר,"פאקא תעשיות בע""מ",IL,מרגרינה ללא מלח לאפי,גרמים,200.00,100 גרם,false,,4.90,0.0245,true,1,161703
7290000453897,false,מרגרינה בטעם חמאה שימרית 200 ג',גרונבאנג- גרונדנסק א,IL,מרגרינה בטעם חמאה 20,גרמים,200.00,100 גרם,false,,4.90,0.0245,true,1,161704
7290000461047,false,סיימן ברי לה רוסטיק,,,ברי לרוסטיק,קילוגרמים,1.00,"ק""ג",true,,180.00,180.0000,true,1,181920
7290000461625,false,בייגלה שמיניות מלח בייגל בייגל 400 ג',בייגל את בייגל מזון,IL,בייגל בייגלה שמיניות,גרמים,400.00,100 גרם,false,,9.90,0.0248,true,1,113447
7290000461656,false,בייגלה אחד אחד 400 ג' מקלות,בייגל את בייגל מזון,IL,בייגל בייגלה מקלות 4,גרמים,400.00,100 גרם,false,,9.90,0.0248,true,1,113449
7290000461700,false,בייגלה שמיניות גדולות מלוחות 400 גרם,בייגל את בייגל מזון,IL,בייגלה גדול גדול 400,גרמים,400.00,100 גרם,false,,14.00,0.0350,true,1,113450
7290000461724,false,בייגלה שמיניות גדולות שומשום בייגל בייגל,אתר בייגל - Food,IL,ביגלה גדול גדול שומש,גרמים,400.00,100 גרם,false,,14.00,0.0350,true,1,113451
7290000462103,false,סחוג אדום חריף עדין (מכסה לבן) 150 גרם,קריניסה ויטמין אס אי,IL,סחוג אדום חריף עדין,גרמים,150.00,100 גרם,false,,7.90,0.0527,true,1,140999
7290000462141,false,סחוג אדום תימני מקורי חריף מאוד זהבי 150 גרם,קריניסה ויטמין אס אי,IL,סחוג אדום חריף מאוד,גרמים,150.00,100 גרם,false,,7.90,0.0527,true,1,141000
7290000462172,false,סחוג ירוק חריף מאוד מ.ירוק 150 גרם,קריניסה ויטמין אס אי,IL,סחוג ירוק חריף מאוד,גרמים,150.00,100 גרם,false,,7.90,0.0527,true,1,141001
7290000462310,false,סיימן סנט מור במשקל.,,,סנט מור,קילוגרמים,1.00,"ק""ג",true,,190.00,190.0000,true,1,181912
7290000467153,false,מלך החומוס סמיר הגדול 400 גרם צבר,סלטי צבר,IL,צבר חומוס סמיר הגדול,גרמים,400.00,100 גרם,false,,15.90,0.0398,true,1,123436
7290000467320,false,מלך החומוס אבו מרוואן 400 גרם,לחמנו,IL,צבר חומוס אבו מרוואן,גרמים,400.00,100 גרם,false,,15.90,0.0398,true,1,123441
7290000469638,false,ספריי מריטו לגיהוץ קל 500 מל,בולטון מניטובה,IT,מריטו ספריי גיהוץ 50,מיליליטרים,500.00,"100 מ""ל",false,,19.90,0.0398,true,1,124773
7290000474076,false,"חלב קרטון 3%-1 ליטר ""טרה""-מוצר בפיקוח",קריות זול,IL,טרה חלב בקרטון 3% 1ל,ליטרים,1.00,ליטר,false,,6.23,6.2300,true,1,233359
7290000474090,false,"חלב בקרטון 1%- 1 ליטר בד""צ - מוצר בפיקוח",מילקו תעשיות בעמ,IL,טרה חלב בקרטון 1% 1ל,ליטרים,1.00,ליטר,false,,5.86,5.8600,true,1,109524
7290000474373,false,"שמנת חמוצה 15% שומן 200 מ""ל טרה",קריות זול,IL,טרה שמנת חמוצה 15% 2,מיליליטרים,200.00,"100 מ""ל",false,,2.40,0.0120,true,1,109528
7290000474502,false,גבינה לבנה טרה 5% מרכיבים טבעיים,קריות זול,IL,טרה גבינה לבנה 5% 25,גרמים,250.00,100 גרם,false,,4.98,0.0199,true,1,109531
7290000474540,false,טוב טעם גבינה לבנה 3% טרה 250 גרם,קריות זול,IL,טוב טעם גבינה 3% 250,גרמים,250.00,100 גרם,false,,11.90,0.0476,true,1,109532
7290000474830,false,נעם גבינה צהובה מגורדת 28% טרה 500 גרם,מילקו תעשיות בעמ,IL,נעם גבינה צהובה מגור,גרמים,500.00,100 גרם,false,,34.90,0.0698,true,1,109533
7290000480107,false,קוואקר שיבולת שועל פחית 500 גרם,וולקרס סנקס לימיטד,GB,קוואקר שיבולת שועל פ,גרמים,500.00,100 גרם,false,,11.90,0.0238,true,1,107819
7290000480332,false,גד גבינת גאודה בקר מ,,,גד גבינת גאודה בקר מ,קילוגרמים,1.00,"ק""ג",true,,125.00,125.0000,true,1,256870
7290000480442,false,קוואקר שיבולת שועל בשקית 500 גרם,פריטו ליי FRITO-LAY,IL,קואקר שבולת שועל 500,גרמים,500.00,100 גרם,false,,11.90,0.0238,true,1,107820
7290000483139,false,מרציפן גולמי המרשלג 100 גרם,"המרשלג פרלינס בע""מ",IL,המרשלג חטיף מרציפן ג,גרמים,100.00,100 גרם,false,,9.20,0.0920,true,1,115923
7290000483412,false,קישוט לעוגה המרשלג ט,המרשלג,IL,המרשלג קישוט עוגה טי,יחידה,0.00,יחידה,false,,13.90,0.0000,true,1,115925
7290000483641,false,מרציפן חלה המרשלג 75 גרם,"המרשלג פרלינס בע""מ",IL,המרשלג חטיף מרציפן ח,יחידה,0.00,יחידה,false,,7.60,0.0000,true,1,115926
7290000483924,false,המרשלג בצק סוכר 600 גרם,המרשלג,IL,המרשלג בצק סוכר 600,גרמים,600.00,100 גרם,false,,20.00,0.0333,true,1,115928
7290000490601,false,"שמיניית גלידל וניל ""פלדמן""",הגלידות של פלדמן,IL,"גלידל וניל לל""ס 8יח",גרמים,400.00,100 גרם,false,,29.90,0.0747,true,1,230139
7290000490717,false,מאגדת גלית- שלגון חלבי בטעם וניל עם ציפו,הגלידות של פלדמן,IL,שמיניה גלית 8,גרמים,560.00,100 גרם,false,,26.90,0.0480,true,1,225004
7290000490762,false,"שמיניית גלידל שוקו ""פלדמן""",הגלידות של פלדמן,IL,"גלידל שוקו לל""ס 8יח",גרמים,400.00,100 גרם,false,,29.90,0.0747,true,1,230140
7290000493176,false,אסם אבקת רוטב צלי לבשר 22 ג',"אסם תעשיות בע""מ",IL,רוטב צלי בשר 22 גרם,יחידה,0.00,יחידה,false,,4.90,0.0000,true,1,123445
7290000493183,false,אבקת רוטב פטריות לבשר-30 גרם,"אסם תעשיות בע""מ",IL,רוטב פיטריות 30גר,יחידה,0.00,יחידה,false,,4.90,0.0000,true,1,123446
7290000500661,false,מיניבאדי קלאסי,,,מיניבאדי קלאסי,קילוגרמים,1.00,"ק""ג",true,,49.90,49.9000,true,1,263121
7290000500685,false,מיניבאדי פיצה,,,מיניבאדי פיצה,קילוגרמים,1.00,"ק""ג",true,,49.90,49.9000,true,1,263123
7290000500692,false,מיניבאדי בצל,,,מיניבאדי בצל,קילוגרמים,1.00,"ק""ג",true,,49.90,49.9000,true,1,263124
7290000500995,false,ישרקו מאסדם הולנדי,,,ישרקו מאסדם הולנדי,קילוגרמים,1.00,"ק""ג",true,,80.00,80.0000,true,1,195281
7290000504025,false,ממתיק סוכרזית פטריה 300 טבליות,אף.סי תבליני בגליל ב,IL,סוכרזית פטריה,גרמים,246.00,100 גרם,false,,9.90,0.0402,true,1,129708
7290000504049,false,ממתיק סוכרזית 1200 טבליות,אף.סי תבליני בגליל ב,IL,סוכרזית קנקן 1200 טב,גרמים,984.00,100 גרם,false,,18.80,0.0191,true,1,129710
7290000504209,false,"סוכרזית דיאט טיפ נוזלי 220 מ""ל",אף.סי תבליני בגליל ב,IL,דיאט טיפ-ממתיק,מיליליטרים,220.00,"100 מ""ל",false,,14.90,0.0677,true,1,129711
7290000504278,false,סוכרזית - קלאסי פטנט 700 טבליות,אף.סי תבליני בגליל ב,IL,סוכרזית פטנט 700,יחידה,700.00,יחידה,false,,13.90,0.0199,true,1,129713
7290000518114,false,מתוק וקל אבקה 200 גרם,קריות זול,,מתוק וקל אבקה 200 גר,גרמים,200.00,100 גרם,false,,8.90,0.0445,true,1,160940
7290000518121,false,ממתיק מתוק וקל 50 יחידות,קריות זול,IL,מתוק וקל 50 שקיות,יחידה,0.00,יחידה,false,,5.90,0.0000,true,1,137902
7290000518152,false,ממתיק זהב מתוק וקל 50 שקיות,קריות זול,IL,מתוק וקל זהב 25 שקיו,יחידה,0.00,יחידה,false,,5.90,0.0000,true,1,137903
7290000518176,false,ממתיק מתוק וקל 250 שקיות,מתוק וקל בעמ,IL,מתוק וקל ענק 250 שקי,גרמים,250.00,100 גרם,false,,17.90,0.0716,true,1,137904
7290000518220,false,ממתיק סוכרה דיאט 100 יחידות,פתח תקווה,IL,סוכרה דיאט 100 שקית,יחידה,0.00,יחידה,false,,26.90,0.0000,true,1,173212
7290000518251,false,ממתיק זהב מתוק וקל 100 יחידות,קריות זול,IL,מתוק וקל זהב 100 שקי,יחידה,100.00,יחידה,false,,11.90,0.1190,true,1,160941
7290000518336,false,ממתק צמר גפן מתוק מסיבים תזונתיים,מתוק וקל בעמ,IL,MOOOSH צמר גפן מתוק,יחידה,0.00,יחידה,false,,4.90,0.0000,true,1,239392
7290000521008,false,"של סגל אדום יבש , 750 מ""ל",כרמי צבי - אחים סגל,IL,"סגל אדום יבש 750 מ""",מיליליטרים,750.00,"100 מ""ל",false,,21.90,0.0292,true,1,144404
7290000521015,false,"יין סגל לבן יבש 750מ""ל","מיוצר ע""י כרמי צבי-",IL,"סגל לבן יבש 750 מ""ל",מיליליטרים,750.00,"100 מ""ל",false,,21.90,0.0292,true,1,144405
7290000521022,false,"של סגל, יין לבן חצי יבש 750 מ""ל","מיוצר ע""י כרמי צבי-",IL,סגל לבן חצי יבש 750,מיליליטרים,750.00,"100 מ""ל",false,,21.90,0.0292,true,1,144406
7290000522319,false,חלב טרי מהגולן 3% 1,מחלבות רמת הגולן,IL,חלב טרי מהגולן 3% 1,יחידה,0.00,יחידה,false,,6.23,0.0000,true,1,244575
7290000523125,false,מלח הארץ הים האדום 250 ג' עדין,חברת מלח הארץ אילת ב,IL,מלח הארץ ים יבש 250,גרמים,250.00,100 גרם,false,,5.90,0.0236,true,1,126518
7290000523224,false,מלח הארץ הים האדום 500 ג' עדין,חברת מלח הארץ אילת ב,IL,מלח הארץ ים יבש 500,גרמים,500.00,100 גרם,false,,7.90,0.0158,true,1,126519
7290000523514,false,מלח ים יבש מופחת נתרן מלח הארץ 250 גרם,חברת מלח הארץ אילת ב,IL,מלח הארץ 50% מכמות ה,גרמים,250.00,100 גרם,false,,9.90,0.0396,true,1,126520
7290000523521,false,מלח ים מועשר ביוד מלח הארץ 250 גרם,חברת מלח הארץ אילת ב,IL,מלח הארץ מעושר ביוד,גרמים,250.00,100 גרם,false,,5.90,0.0236,true,1,126521
7290000523804,false,"מלח עדין צנצנת 1 ק""ג מלח הארץ",חברת מלח הארץ אילת ב,IL,"מלח עדין 1 ק""ג צנצנת",קילוגרמים,1.00,"ק""ג",false,,6.90,6.9000,true,1,126522
7290000523811,false,"צנצנת מלח גס 1 ק""ג מלח הארץ",חברת מלח הארץ אילת ב,IL,"צנצנת 1 ק""ג מלח גס",קילוגרמים,1.00,"ק""ג",false,,6.90,6.9000,true,1,126523
7290000525969,false,מיץ תפוזים סחוט רכיבים טבעיים פרימור 1 ליטר,"גניר (1992) בע""מ",IL,פרימור מיץ תפוזים 1ל,מיליליטרים,1000.00,"100 מ""ל",false,,16.90,0.0169,true,1,141002
7290000529790,false,חליטת לואיזה לימונית אורגני 40 גרם עדנים,,,עדנים תה לואיזה ולימ,גרמים,350.00,100 גרם,false,,18.90,0.0540,true,1,154100
7290000529851,false,תה ירוק נענע אורגני,,,תה אורגני ירוק נענע,יחידה,0.00,יחידה,false,,18.90,0.0000,true,1,161776
7290000530024,false,תה מעושן רחב זוגלובק,זוגלובק,IL,תה מעושן רחב זוגלובק,קילוגרמים,1.00,"ק""ג",true,,50.00,50.0000,true,1,134241
7290000530086,false,נקניק סלמי מעושן זוגלובק 600 גרם,נקניק נהריה כשר זוגל,IL,סלמי מעושן 7000 600,גרמים,610.00,100 גרם,false,,29.90,0.0490,true,1,134244
7290000530109,false,קבנוס זוגי בואקום זוגלובק 180ג',נקניק נהריה כשר זוגל,IL,זוג קבנוס 180 גר' א.,גרמים,360.00,100 גרם,false,,29.90,0.0831,true,1,134245
7290000530116,false,נקניק סלמי מעושן בשן 470 ג' זוגלובק,נקניק נהריה כשר זוגל,IL,סלמי בשן 470 גר' א.מ,גרמים,485.00,100 גרם,false,,25.90,0.0534,true,1,134246
7290000530291,false,נקניק מבשר הודו קטן זוגלובק 750 גרם,נקניק נהריה כשר זוגל,IL,נקניק מבשר הודו קטן,גרמים,800.00,100 גרם,false,,19.90,0.0249,true,1,134247
7290000530598,false,נקניקיות עוף וינר זוגלובק 500 גרם,נקניק נהריה כשר זוגל,IL,נקניקיות וינר 500 גר,גרמים,500.00,100 גרם,false,,13.90,0.0278,true,1,134251
7290000530604,false,נקניקיות וינר חריפות גוליבר 500ג זוגלובק,נקניק נהריה כשר זוגל,IL,נקניקיות חריפות 400,גרמים,500.00,100 גרם,false,,13.90,0.0278,true,1,134252
7290000530703,false,פסטרמה חרמון כפרית ונקניק תה מעושן זוגלובק 2*400 גרם,נקניק נהריה כשר זוגל,IL,ח.עוף והודו 400 גר+ס,גרמים,800.00,100 גרם,false,,25.90,0.0324,true,1,134253
7290000531977,false,בורקס גבינה זוגלובק 800 גרם,נקניק נהריה כשר זוגל,IL,בורקס גבינה 800 גר',גרמים,800.00,100 גרם,false,,16.90,0.0211,true,1,134258
7290000532479,false,"נקנקיות חריפות 1 ק""ג זוגלובק",זוגלובק,,נקניקיות חריפות מצונ,יחידה,1.00,יחידה,false,,25.90,25.9000,true,1,134263
7290000533336,false,גראנד 1/8 סגנון פרמז,,,גראנד 1/8 סגנון פרמז,קילוגרמים,1.00,"ק""ג",true,,95.00,95.0000,true,1,261524
7290000533353,false,"בצק עלים מרודד זוגלובק 1 ק""ג",מאפיית אריאל וגידרון,IL,בצק עלים 1 קג מ.א. ז,יחידה,1.00,יחידה,false,,16.90,16.9000,true,1,134264
7290000536743,false,"שניצל קריספי סטיקס תירס ""זוגלובק""",נקניק נהריה כשר זוגל,IL,קריספי סטיקס תירס 50,גרמים,500.00,100 גרם,false,,14.90,0.0298,true,1,134271
7290000537566,false,נקניקיות עוף טרי 400 ג' זוגלובק,נקניק נהריה כשר זוגל,IL,נקניקיות עוף 400 גר',גרמים,400.00,100 גרם,false,,13.90,0.0348,true,1,134278
7290000538105,false,נקניק סלמי סרוולד 200 ג' זוגלובק,נקניק נהריה כשר זוגל,,סרבלד 200 א.מ. זוגלו,גרמים,200.00,100 גרם,false,,38.90,0.1945,true,1,134281
7290000538709,false,נקניק סלמי תה מעושן זוגלובק 200 גרם,זוגלובק,IL,זוגלובק תה מעושן,גרמים,200.00,100 גרם,false,,14.90,0.0745,true,1,134284
7290000547292,false,פיצה בלוק,,,פיצה בלוק,קילוגרמים,1.00,"ק""ג",true,,55.00,55.0000,true,1,261342
7290000551012,false,אקס אל משקה אנרגיה 2,,,אקס אל משקה אנרגיה 2,יחידה,0.00,יחידה,false,,6.00,0.0000,true,1,155422
7290000551081,false,מס 7 מוכשר,,,מס 7 מוכשר,קילוגרמים,1.00,"ק""ג",true,,33.90,33.9000,true,1,168469
7290000551159,false,בשר ראש קפוא מוכשר,טיבון ויל,PY,בשר ראש מוכשר,קילוגרמים,1.00,"ק""ג",true,,49.90,49.9000,true,1,232058
7290000552194,false,קישקע טיבון ויל 500 גרם,טיבון ויל אחזקות בעמ,IL,קישקע 500גרם,גרמים,500.00,100 גרם,false,,13.90,0.0278,true,1,116765
7290000552569,false,סטייקבורגר בקר טיבון ויל 400 גרם,"טיבון ויל אחזקות בע""",IL,סטייק בורגר 400 גרם,גרמים,400.00,100 גרם,false,,20.90,0.0522,true,1,116766
7290000552927,false,עוף טחון טיבון ויל 500 גרם,"טיבון ויל אחזקות בע""",IL,טחון עוף 500 גרם,גרמים,500.00,100 גרם,false,,13.90,0.0278,true,1,116768
7290000552934,false,בשר הודו טחון טיבון ויל 500 גרם,קריות זול,IL,טחון הודו 500 גרם,גרמים,500.00,100 גרם,false,,13.90,0.0278,true,1,116769
7290000552989,false,בשר טחון טיבון ויל 500 גרם,"טיבון ויל אחזקות בע""",IL,בשר טחון מובחר 500גר,גרמים,500.00,100 גרם,false,,27.90,0.0558,true,1,116770
7290000553948,false,משקה פרישר בטעם תפוח,,,משקה פרישר בטעם תפוח,יחידה,0.00,יחידה,false,,6.00,0.0000,true,1,155424
7290000554006,false,גבינה קשקבלו משולשים,מחלבות גד,IL,גד סדרת קשקבל דליקטס,קילוגרמים,1.00,"ק""ג",true,,130.00,130.0000,true,1,196735
7290000554402,false,מעדן חלב מלבי גד 160 גרם,"מיוצר ע""י קוד יצרן E",IL,גד- מלבי 5%,יחידה,160.00,יחידה,false,,5.90,0.0369,true,1,131257
7290000554457,false,גבינה צפתית 5% 350 גרם - רבנות,"מחלבות גד בע""מ",IL,גד צפתית מיני 5% 350,גרמים,350.00,100 גרם,false,,19.90,0.0569,true,1,131258
7290000554471,false,נקניק מוצרלה 22 אחוז 180גרם גד מהדרין,"מחלבות גד בע""מ",IL,גד מוצרלה נקניק טבעי,גרמים,180.00,100 גרם,false,,15.90,0.0883,true,1,131259
7290000554532,false,גבינה צפתית מעודנת במלח ים 5% 200 ג' גד,הנסיך- מפעל לייצור ט,IL,גד צפתית מעודנת במלח,גרמים,200.00,100 גרם,false,,13.90,0.0695,true,1,131260
7290000554600,false,מוצרלה מגורדת 22 אחוז 300גרם גד מהדרין,מחלבות גד בעמ,IL,גד מוצרלה מגורדת %18,גרמים,300.00,100 גרם,false,,23.90,0.0797,true,1,131261
7290000554624,false,ירח מתוק מעדן חלב עם אורז 3% גד 150 גרם,"מיוצר ע""י קוד יצרן E",IL,גד ירח מתוק 150מל,מיליליטרים,150.00,"100 מ""ל",false,,5.90,0.0393,true,1,131262
7290000554686,false,גבינת לאבנה בתוספת שמן זית וזעתר 5% גד 250 גרם,מחלבות גד בעמ,IL,גד לאבנה בשמן זית וז,גרמים,250.00,100 גרם,false,,14.90,0.0596,true,1,131263
7290000554822,false,ריקוטה גבינה לבנה בסגנון איטלקי 5% גד 250 גרם,מחלבות גד בעמ,IL,גד ריקוטה טבעי 5% 25,גרמים,250.00,100 גרם,false,,13.00,0.0520,true,1,131264
7290000554839,false,מסקרפונה שמנת מתוקה קשה בסגנון איטלקי 40% גד 250 גרם,מחלבות גד בעמ,IL,גד מסקרפונה 43% 250,גרמים,250.00,100 גרם,false,,20.20,0.0808,true,1,131265
7290000560533,false,אדג' ג'ל ירוק לעור רגיל 198גרם,אס.סי ג'ונסון ובניו,US,אדג' ג'ל ירוק לעור ר,גרמים,200.00,100 גרם,false,,16.90,0.0845,true,1,139961
7290000560540,false,אדג' ג'ל כתום לעור רגיש 198גרם,המאפיה של הרמן,US,אדג' ג'ל כתום לעור ר,מיליליטרים,200.00,"100 מ""ל",false,,16.90,0.0845,true,1,139962
7290000560557,false,אדג' ג'ל סגול כהה לעור יבש 198ג',אס.סי ג'ונסון ובניו,US,אדג' ג'ל סגול לעור י,גרמים,200.00,100 גרם,false,,16.90,0.0845,true,1,139963
7290000567142,false,סלמי תה מפולפל יחיעם,,,סלמי תה מפולפל יחיעם,קילוגרמים,1.00,"ק""ג",true,,55.00,55.0000,true,1,155818
7290000571116,false,פילה סלמון פרימיום ב,,,פילה סלמון פרימיום ב,קילוגרמים,1.00,"ק""ג",true,,89.90,89.9000,true,1,235777
7290000571386,false,המחלבה יוגורמה יוגורט מחלב כבשים 5% 850 גרם,גבינות משק אחים מאיר,IL,יוגורט כבשים 850 גרם,מיליליטרים,850.00,"100 מ""ל",false,,24.90,0.0293,true,1,127013
7290000571881,false,"משקה יוגורט מחלב עיזים 3.6% 500 מ""ל",גבינות משק אחים מאיר,IL,משקה יוגורט מחלב עיז,מיליליטרים,500.00,"100 מ""ל",false,,12.90,0.0258,true,1,190391
7290000572055,false,אחוה חלוה ללא סוכר עם סיבים ואגוזים 400 גרם,אחדות ביחר לטחינה חל,IL,חלוה לייט 400 גרם,גרמים,400.00,100 גרם,false,,14.90,0.0373,true,1,265851
7290000572208,false,חלוה בטעם וניל אחווה 100 גרם,שוורצקוף& הנקל דיסלד,IL,חלווה אחווה 100 גרם,גרמים,100.00,100 גרם,false,,2.90,0.0290,true,1,265853
7290000572222,false,חלבה וניל בבלוק אחווה 500ג',שוורצקוף& הנקל דיסלד,IL,רולדת חלבה 500 גר,גרמים,500.00,100 גרם,false,,11.90,0.0238,true,1,265854
7290000572529,false,חלוה עם פיסטוק אחווה 400 גרם,אחדות ביחר לטחינה חל,IL,חלבה אגוז 400 גר אחו,גרמים,400.00,100 גרם,false,,13.90,0.0348,true,1,265855
7290000572536,false,אחווה חלווה ווניל במגש 400 גר,אחדות ביחר לטחינה חל,IL,חלוה וניל 400 גרם,גרמים,400.00,100 גרם,false,,11.90,0.0298,true,1,265856
7290000572543,false,חלוה בטעם שוקו וניל אחווה 400 גרם,אחדות ביחר לטחינה חל,IL,חלוה קקאו וניל 400 ג,גרמים,400.00,100 גרם,false,,11.90,0.0298,true,1,265857
7290000572628,false,חטיפי חלווה ללא סוכר בקופסא 250 גרם,שוורצקוף& הנקל דיסלד,IL,"חטיף חלווה לייט לל""ס",גרמים,300.00,100 גרם,false,,12.90,0.0430,true,1,265858
7290000572673,false,אחווה חטיף חלווה ט.שונים 12*25גר,שוורצקוף& הנקל דיסלד,IL,אחווה חטיף חלווה ט.ש,גרמים,275.00,100 גרם,false,,12.90,0.0469,true,1,265859
7290000572819,false,"אחוה טחינה גולמית 1 ק""ג בפלסטיק",אחדות ביחר לטחינה חל,IL,אחדות טחינה גולמית 1,קילוגרמים,1.00,"ק""ג",false,,21.90,21.9000,true,1,139006
7290000596862,false,סופגניה רגילה עם ריב,,,סופגניה רגילה עם ריב,יחידה,0.00,יחידה,false,,3.00,0.0000,true,1,217895
7290000599434,false,סחבות לרצפה גרניט 3י,נועם אורים תעשיות בע,IL,סופגנית גרניט *3,יחידה,3.00,יחידה,false,,7.90,2.6333,true,1,161870
7290000599571,false,צמר פלדה 200 גרם,,IL,צמר פלדה shiny,יחידה,0.00,יחידה,false,,6.00,0.0000,true,1,148740
7290000599946,false,ספוג הפלא 6יח שיין,מ.א ייצור ושיווק מטל,IL,6 ספוגי הפלא SHINY,יחידה,6.00,יחידה,false,,6.90,1.1500,true,1,161877
7290000599977,false,שייני כריות יפניות 9 יח',,,שייני כריות יפניות 9,יחידה,9.00,יחידה,false,,9.90,1.1000,true,1,161881
7290000600000,false,גלידה מנה לילד,,,גלידה מנה לילד,יחידה,0.00,יחידה,false,,7.00,0.0000,true,1,183919
7290000600006,false,גלידה מנה אישית,,,גלידה מנה אישית,יחידה,0.00,יחידה,false,,14.00,0.0000,true,1,183920
7290000600018,false,יוגורט מנה רגילה,,,יוגורט מנה רגילה,יחידה,0.00,יחידה,false,,15.00,0.0000,true,1,183939
7290000600509,false,גבינה קשה למחצה מחלב,,,גבינה קשה למחצה מחלב,קילוגרמים,1.00,"ק""ג",true,,220.00,220.0000,true,1,261506
7290000601519,false,גאודה הולנדית פירות,,,גאודה הולנדית פירות,קילוגרמים,1.00,"ק""ג",true,,180.00,180.0000,true,1,263424
7290000604343,false,תמר דקל נור 400 גר,פרי וירק טמרה ושותפי,,דקל נור 400 גרם,גרמים,400.00,100 גרם,false,,9.90,0.0248,true,1,160850
7290000606011,false,OLD AMSTERDAM גאודה,,,OLD AMSTERDAM גאודה,קילוגרמים,1.00,"ק""ג",true,,150.00,150.0000,true,1,230805
7290000606196,false,מנצ'גו ביין,,,מנצ'גו ביין,קילוגרמים,1.00,"ק""ג",true,,160.00,160.0000,true,1,230822
7290000606873,false,תמר חיאני 500 גרם,,,תמר חיאני 500 גרם,גרמים,500.00,100 גרם,false,,9.90,0.0198,true,1,234212
7290000617297,false,פילה דג בסה במשקל,,,פילה דג בסה במשקל,קילוגרמים,1.00,"ק""ג",true,,29.90,29.9000,true,1,138396
7290000617501,false,צדר עם חמוציות,,,צדר עם חמוציות,קילוגרמים,1.00,"ק""ג",true,,120.00,120.0000,true,1,239643
7290000646299,false,פילה נסיכת הנילוס קפוא,,ZA,תנובה פילה נסיכת הני,קילוגרמים,1.00,"ק""ג",true,,69.90,69.9000,true,1,210322
7290000652177,false,נתחי פילה נסיכת הנילוס קפוא,דגי תנובה,IL,נתחי פילה נסיכה במשק,קילוגרמים,1.00,"ק""ג",true,,74.90,74.9000,true,1,210323
7290000657866,false,דלי דג פילה אמנון 5-,דלידג,,דלי דג פילה אמנון 5-,קילוגרמים,1.00,"ק""ג",true,,29.90,29.9000,true,1,116860
7290000658926,false,"פילה מרלוזה קפוא 100% ""תנובה""",דגי תנובה,AR,פילה מרלוזה קפוא,קילוגרמים,1.00,"ק""ג",true,,39.90,39.9000,true,1,243951
7290000660101,false,שיפודי אנטריקוט .,,,שיפודי אנטריקוט .,קילוגרמים,1.00,"ק""ג",true,,99.90,99.9000,true,1,246920
7290000660102,false,שומן עגל טרי.,,,שומן עגל טרי.,קילוגרמים,1.00,"ק""ג",true,,14.90,14.9000,true,1,246921
7290000660103,false,אנטריקוט עגלה אנגוס,,,אנטריקוט עגלה אנגוס,קילוגרמים,1.00,"ק""ג",true,,169.90,169.9000,true,1,247091
7290000660104,false,סינטה עגלה אנגוס,,,סינטה עגלה אנגוס,קילוגרמים,1.00,"ק""ג",true,,149.90,149.9000,true,1,247119
7290000660105,false,פילה עגלה אנגוס.,,,פילה עגלה אנגוס.,קילוגרמים,1.00,"ק""ג",true,,189.90,189.9000,true,1,247120
7290000660106,false,שוק כנף עוף,,,שוק כנף עוף,קילוגרמים,1.00,"ק""ג",true,,14.90,14.9000,true,1,248987
7290000660107,false,שיפודי פילה עגל.,,,שיפודי פילה עגל.,קילוגרמים,1.00,"ק""ג",true,,119.90,119.9000,true,1,249229
7290000660108,false,שיפודי חזה עוף.,,,שיפודי חזה עוף.,קילוגרמים,1.00,"ק""ג",true,,32.90,32.9000,true,1,249275
7290000660109,false,שיפודי שווארמה הודו.,,,שיפודי שווארמה הודו.,קילוגרמים,1.00,"ק""ג",true,,69.90,69.9000,true,1,249276
7290000660110,false,שווארמה הודו חתוך.,,,שווארמה הודו חתוך.,קילוגרמים,1.00,"ק""ג",true,,69.90,69.9000,true,1,249277
7290000660772,false,מעורב ירושלמי.,,,מעורב ירושלמי.,קילוגרמים,1.00,"ק""ג",true,,59.90,59.9000,true,1,237303
7290000660773,false,רצועות חזה עוף להקפצ,,,רצועות חזה עוף להקפצ,קילוגרמים,1.00,"ק""ג",true,,32.90,32.9000,true,1,237304
7290000661071,false,בושה עיזים,,,בושה עיזים,קילוגרמים,1.00,"ק""ג",true,,130.00,130.0000,true,1,230834
7290000663098,false,שווארמה ריב אנטריקות,תנובה בשר,IL,שווארמה ריב אנטריקות,גרמים,300.00,100 גרם,false,,39.90,0.1330,true,1,234194
7290000663104,false,שווארמה פרגית להקפצה,תנובה בשר,IL,שווארמה פרגית 300 גר,גרמים,300.00,100 גרם,false,,39.90,0.1330,true,1,234191
7290000663128,false,רצועות אנטריקוט בתיב,תנובה בשר,IL,רצועות ריב אנטריקוט,גרמים,300.00,100 גרם,false,,39.90,0.1330,true,1,234193
7290000663135,false,קוביות סלמון 100% דג קפוא 300 גרם,commercial mares de,CL,קוביות סלמון קפוא 10,גרמים,300.00,100 גרם,false,,34.90,0.1163,true,1,238868
7290000680023,false,שייטל עגל טרי.,,,שייטל עגל טרי.,קילוגרמים,1.00,"ק""ג",true,,74.90,74.9000,true,1,224558
7290000680036,false,צלעות כתר טרי.,,,צלעות כתר טרי.,קילוגרמים,1.00,"ק""ג",true,,199.90,199.9000,true,1,170200
7290000680038,false,שיפודי פרגית טרי.,,,שיפודי פרגית טרי.,קילוגרמים,1.00,"ק""ג",true,,54.90,54.9000,true,1,170501
7290000680041,false,שיפודי טלה טרי.,,,שיפודי טלה טרי.,קילוגרמים,1.00,"ק""ג",true,,119.90,119.9000,true,1,181793
7290000680056,false,פרגית עוף עם עור,,,פרגית עוף עם עור,קילוגרמים,1.00,"ק""ג",true,,39.90,39.9000,true,1,266148
7290000680064,false,חטיפי אסאדו.,,,חטיפי אסאדו.,קילוגרמים,1.00,"ק""ג",true,,99.90,99.9000,true,1,201525
7290000680065,false,ספיידר סטייק.,,,ספיידר סטייק.,קילוגרמים,1.00,"ק""ג",true,,99.90,99.9000,true,1,201526
7290000680227,false,כנפיים עוף חצוי.,,,כנפיים עוף חצוי.,קילוגרמים,1.00,"ק""ג",true,,18.90,18.9000,true,1,236478
7290000688374,false,"מי עדן בייבי 250 מ""ל מארז שישייה","מי עדן בע""מ",IL,מי עדן בייבי 6* 250,מיליליטרים,250.00,"100 מ""ל",false,,14.90,0.0596,true,1,114527
7290000688381,false,שישיית מי עדן פקק ספורט 0.5 ליטר,"מי עדן בע""מ",IL,מי עדן פקק ספורט 6*,מיליליטרים,500.00,"100 מ""ל",false,,13.90,0.0278,true,1,114528
7290000688503,false,"מים מינרלים פקק ספורט מי עדן 6*750 מ""ל","מי עדן בע""מ",IL,מי עדן ג'ים 6* 750 מ,מיליליטרים,750.00,"100 מ""ל",false,,15.90,0.0212,true,1,114530
7290000690987,false,דלידג פילה דג הייק א,,,דלידג פילה דג הייק א,קילוגרמים,1.00,"ק""ג",true,,44.90,44.9000,true,1,255720
7290000692203,false,נוזל לניקוי כללי ורצפות בניחוח לימון אג'קס 2 ליטר,הנסיך- מפעל לייצור ט,GR,אג'קס ניקוי כללי ורצ,ליטרים,2.00,ליטר,false,,22.90,11.4500,true,1,124779
7290000692210,false,נוזל לניקוי כללי ורצפות בניחוח לבנדר אג'קס 2 ליטר,הנסיך- מפעל לייצור ט,GR,אג'קס ניקוי כללי ורצ,ליטרים,2.00,ליטר,false,,22.90,11.4500,true,1,124780
7290000692227,false,נוזל כלים פלמוליב צילינדר קלאסי 1 ליטר,יבואן ומשווק: ש. שסט,GR,פלמוליב לכלים קלאסי-,ליטרים,1.00,ליטר,false,,13.90,13.9000,true,1,124781
7290000692456,false,אג'קס חלונות זוג 750*2 מל ספריי ורפיל,הנסיך- מפעל לייצור ט,GR,אגקס חלונות זוג,ליטרים,1.50,ליטר,false,,22.90,15.2667,true,1,124784
7290000701455,false,דניש קומבי בלו עם עו,,,דניש קומבי בלו עם עו,קילוגרמים,1.00,"ק""ג",true,,80.00,80.0000,true,1,261526
7290000706731,false,רצועות פילה נסיכת הנ,,,דלידג רצעות פילה הנס,קילוגרמים,1.00,"ק""ג",true,,69.90,69.9000,true,1,116861
7290000713495,false,גאודה גלגל,,,גאודה גלגל,קילוגרמים,1.00,"ק""ג",true,,80.00,80.0000,true,1,181857
7290000713496,false,גאודה עיזים גלגל,,,גאודה עיזים גלגל,קילוגרמים,1.00,"ק""ג",true,,125.00,125.0000,true,1,181858
7290000713499,false,גאודה כמון גלגל,,,גאודה כמון גלגל,קילוגרמים,1.00,"ק""ג",true,,110.00,110.0000,true,1,181853
7290000713503,false,גאודה חרדל גלגל,,,גאודה חרדל גלגל,קילוגרמים,1.00,"ק""ג",true,,120.00,120.0000,true,1,181855
7290000713525,false,גאודה עם רוטב חריף ס,,,גאודה עם רוטב חריף ס,קילוגרמים,1.00,"ק""ג",true,,120.00,120.0000,true,1,181860
7290000715079,false,מסדם גולד,,,מסדם גולד,קילוגרמים,1.00,"ק""ג",true,,80.00,80.0000,true,1,261528
7290000715080,false,גאודה גולד,,,גאודה גולד,קילוגרמים,1.00,"ק""ג",true,,80.00,80.0000,true,1,261529
7290000715093,false,אולד ריגה,,,אולד ריגה,קילוגרמים,1.00,"ק""ג",true,,90.00,90.0000,true,1,261532
7290000715098,false,גאודה עם עגבניות ושו,,,גאודה עם עגבניות ושו,קילוגרמים,1.00,"ק""ג",true,,90.00,90.0000,true,1,261534
7290000715206,false,גאודה עם חילבה,,,גאודה עם חילבה,קילוגרמים,1.00,"ק""ג",true,,90.00,90.0000,true,1,261537
7290000770149,false,יורוציז דניש קומבי ו,,,יורוציז דניש קומבי ו,קילוגרמים,1.00,"ק""ג",true,,40.00,40.0000,true,1,157083
7290000770196,false,גבינת רולדה עם פחם,,,גבינת רולדה עם פחם,קילוגרמים,1.00,"ק""ג",true,,165.00,165.0000,true,1,261539
7290000775317,false,דלידג פילה זהבנון 1,דלידג,,דלידג פילה זהבנון 1,קילוגרמים,1.00,"ק""ג",false,,27.90,27.9000,true,1,116888
7290000787495,false,פילה סלמון נורווגי,,,פילה סלמון נורווגי,קילוגרמים,1.00,"ק""ג",true,,84.90,84.9000,true,1,213721
7290000800015,false,ישרקו צדר אדום גרמני,,,ישרקו צדר אדום גרמני,קילוגרמים,1.00,"ק""ג",true,,95.00,95.0000,true,1,194765
7290000800023,false,חרוזית מושחר ת.יוון,,,חרוזית מושחר ת.יוון,קילוגרמים,1.00,"ק""ג",true,,50.00,50.0000,true,1,138982
7290000803067,false,"משחת שיניים לילדים גילאים 6-2 אלמקס 75 מ""ל",הנסיך- מפעל לייצור ט,PL,אלמקס משחת שיניים יל,גרמים,75.00,100 גרם,false,,16.90,0.2253,true,1,124786
7290000803180,false,"מרידול-שטיפת פה דנטלית 400 מ""ל",קולגייט פלמוליב,CH,מרידול מי פה דנטלית,מיליליטרים,400.00,"100 מ""ל",false,,32.90,0.0822,true,1,124787
7290000804969,false,מאפה מנה אישית,,,מאפה מנה אישית,יחידה,0.00,יחידה,false,,6.90,0.0000,true,1,154037
7290000804976,false,תורכי מנה אישית - תפ,,,תורכי מנה אישית - תפ,יחידה,0.00,יחידה,false,,6.90,0.0000,true,1,168060
7290000805597,false,"מזון לכלבים בונזו מזון כלבים סניור 3 ק""ג","ביופט בע""מ",IL,בונזו סניור7+ 3קג,קילוגרמים,3.00,"ק""ג",false,,54.90,18.3000,true,1,141526
7290000805795,false,חול לחתולים יורו קיט,דולפין ספא,IL,"חול חתולים 10ק""ג",קילוגרמים,10.00,"ק""ג",false,,34.90,3.4900,true,1,141527
7290000805900,false,"מזון חתולים לה קט עוף 2.85 ק""ג","ביופט בע""מ",IL,לה קט עוף 2.85קג,קילוגרמים,2.85,"ק""ג",false,,79.90,28.0351,true,1,141534
7290000806017,false,תורכי מנה אישית - פט,,,תורכי מנה אישית - פט,יחידה,0.00,יחידה,false,,6.90,0.0000,true,1,154044
7290000806108,false,ממרח לורפאק,,,ממרח לורפאק,קילוגרמים,1.00,"ק""ג",true,,60.00,60.0000,true,1,248846
7290000806345,false,בורקס תורכי - פיצה,,,בורקס תורכי - פיצה,יחידה,0.00,יחידה,false,,6.90,0.0000,true,1,154049
7290000830184,false,פילה לברק יפני 5-7,דלידג,,פילה לברק,קילוגרמים,1.00,"ק""ג",true,,54.90,54.9000,true,1,188723
7290000830245,false,פילה לברק יפני 7-9,דלידג,,פילה לברק,קילוגרמים,1.00,"ק""ג",true,,52.90,52.9000,true,1,188724
7290000836922,false,דג סלמון טרי שלם,,,דג סלמון טרי שלם,קילוגרמים,1.00,"ק""ג",true,,89.90,89.9000,true,1,154721
7290000836953,false,דג פורל לבן שלם,,,דג פורל לבן שלם,קילוגרמים,1.00,"ק""ג",true,,79.90,79.9000,true,1,154722
7290000841391,false,דג בס טרי שלם,,,דג בס טרי שלם,קילוגרמים,1.00,"ק""ג",true,,49.90,49.9000,true,1,154724
7290000841438,false,דג דניס טרי שלם,,,דג דניס טרי שלם,קילוגרמים,1.00,"ק""ג",true,,64.90,64.9000,true,1,154727
7290000842053,false,דג קרפיון טרי שלם,,,דג קרפיון טרי שלם,קילוגרמים,1.00,"ק""ג",true,,27.90,27.9000,true,1,154726
7290000842077,false,דג לברק טרי שלם,,,דג לברק טרי שלם,קילוגרמים,1.00,"ק""ג",true,,69.90,69.9000,true,1,154762
7290000854401,false,זית יבש שחור צרפתי,,,זית יבש שחור צרפתי,קילוגרמים,1.00,"ק""ג",true,,40.00,40.0000,true,1,138958
7290000854432,false,זית שום ת.צרפת,,,זית שום ת.צרפת,קילוגרמים,1.00,"ק""ג",true,,40.00,40.0000,true,1,138959
7290000854784,false,מעדן זית פימנטי,,,מעדן זית פימנטי,קילוגרמים,1.00,"ק""ג",true,,40.00,40.0000,true,1,138961
7290000854791,false,תאסוס ת.יוון,,,תאסוס ת.יוון,קילוגרמים,1.00,"ק""ג",true,,50.00,50.0000,true,1,138962
7290000854807,false,קלמטה גדול,,,קלמטה גדול,קילוגרמים,1.00,"ק""ג",true,,50.00,50.0000,true,1,138963
7290000854845,false,זית ירוק ענק,,,זית ירוק ענק,קילוגרמים,1.00,"ק""ג",true,,50.00,50.0000,true,1,138965
7290000854944,false,קלמטה מגולען,,,קלמטה מגולען,קילוגרמים,1.00,"ק""ג",true,,50.00,50.0000,true,1,138969
7290000859512,false,בלדי חזה אווז קפוא א,,,בלדי חזה אווז קפוא א,קילוגרמים,1.00,"ק""ג",true,,189.90,189.9000,true,1,235051
7290000902121,false,גבינה מעושנת RED ASH,,,גבינה מעושנת RED ASH,קילוגרמים,1.00,"ק""ג",true,,130.00,130.0000,true,1,181849
7290000913551,false,פסטרמה כפרית טירת צבי 400 ג',טירת צבי,IL,טירת צבי פסטרמה כפרי,גרמים,400.00,100 גרם,false,,20.20,0.0505,true,1,247438
7290000913551,false,פסטרמה כפרית טירת צבי 400 ג',טירת צבי,IL,טירת צבי פסטרמה כפרי,גרמים,400.00,100 גרם,false,,20.20,0.0505,true,1,104376
7290000925853,false,פילה דג מרלוזה ארוז,,,פילה דג מרלוזה ארוז,קילוגרמים,1.00,"ק""ג",true,,34.90,34.9000,true,1,265566
7290000992858,false,גד פטה עיזים 5%,,,גד פטה עיזים 5%,קילוגרמים,1.00,"ק""ג",true,,120.00,120.0000,true,1,154676
7290000995410,false,נבטים סיניים נבטי הע,נסטלה פורינה USA קר,IL,נבטים סיניים,יחידה,0.00,יחידה,false,,6.90,0.0000,true,1,140676
7290000996054,false,יחיעם פסרוולט הונגרי,,,יחיעם פסרוולט הונגרי,קילוגרמים,1.00,"ק""ג",true,,199.00,199.0000,true,1,208318
7290001014042,false,שרימפס חסלונים 16-20,,,שרימפס חסלונים 16-20,יחידה,0.00,יחידה,false,,99.90,0.0000,true,1,198504
7290001014103,false,"שרימפס מבושל 1 ק""ג 4",,,"שרימפס מבושל 1 ק""ג 4",קילוגרמים,1.00,"ק""ג",false,,69.90,69.9000,true,1,236808
7290001014110,false,"שרימפס מקולף 1 ק""ג 2",,,"שרימפס מקולף 1 ק""ג 2",קילוגרמים,1.00,"ק""ג",false,,79.90,79.9000,true,1,236804
7290001014158,false,"שרימפס מבושל 1 ק""ג 2",,,"שרימפס מבושל 1 ק""ג 2",קילוגרמים,1.00,"ק""ג",false,,84.90,84.9000,true,1,236805
7290001041161,false,"שעועית לבנה יבשה מיה 1 ק""ג","מיה תעשיות מזון בע""מ",IL,"מיה שעועית לבנה 1 ק""",קילוגרמים,1.00,"ק""ג",false,,18.90,18.9000,true,1,133836
7290001041185,false,"פופקורן גרעינים מיה 1 ק""ג","מיה תעשיות מזון בע""מ",IL,"מיה פופקורן 1 ק""ג",קילוגרמים,1.00,"ק""ג",false,,9.90,9.9000,true,1,133838
7290001041192,false,"עדשים אדומים יבשים מיה 1 ק""ג","מיה תעשיות מזון בע""מ",IL,מיה עדשים אדומים 1 ק,קילוגרמים,1.00,"ק""ג",false,,11.90,11.9000,true,1,133839
7290001041215,false,"מיה חיטה 1 ק""ג","מיה תעשיות מזון בע""מ",IL,"מיה חיטה 1 ק""ג",קילוגרמים,1.00,"ק""ג",false,,7.00,7.0000,true,1,133841
7290001041222,false,"חומוס לבן ענק יבש מיה 1 ק""ג","מיה תעשיות מזון בע""מ",IL,מיה חומוס לבן ענק 1,קילוגרמים,1.00,"ק""ג",false,,14.90,14.9000,true,1,133842
7290001041260,false,שומשום מיה 400 גרם,"מיה תעשיות מזון בע""מ",IL,שומשום 400 גרם,גרמים,400.00,100 גרם,false,,10.90,0.0273,true,1,133843
7290001041673,false,מיה אורז פרסי עממי ש,,IL,מיה אורז פרסי עממי ש,קילוגרמים,1.00,"ק""ג",false,,4.90,4.9000,true,1,133850
7290001045169,false,פרימור סחוט תפוחי עץ צלול 1 ל',"גניר (1992) בע""מ",IL,פרימור מיץ תפוחים צל,מיליליטרים,1000.00,"100 מ""ל",false,,16.90,0.0169,true,1,141003
7290001045633,false,פרימור מיץ לימון ונענע סחוט טרי 400מל,פרימור,IL,פרימור מיץ לימון ונע,יחידה,400.00,יחידה,false,,8.90,0.0223,true,1,141006
7290001045657,false,פרימור מיץ תפוחים סחוט מקורר 400מל,פרימור,IL,פרימור מיץ תפוחים סח,יחידה,400.00,יחידה,false,,8.90,0.0223,true,1,141007
7290001045688,false,"פרימור סחוט 400 מ""ל- תפוזים",פרימור,IL,פרימור מיץ תפוזים 40,יחידה,400.00,יחידה,false,,9.90,0.0248,true,1,141008
7290001121054,false,צמד חמד נקניק 700 ג' יחיעם,תאי פרזידנט פוד פאבל,IL,יחיעם צמד חמד 700 גר,גרמים,700.00,100 גרם,false,,25.90,0.0370,true,1,116292
7290001121238,false,נקניק קורנדביף 4% יחיעם 180 גרם,מעדני יחיעם 1993,IL,יחיעם קורנד ביף 180,גרמים,180.00,100 גרם,false,,29.90,0.1661,true,1,116294
7290001121672,false,פסטרמה מעודנת בפפריקה 300 ג' יחיעם,מעדני יחיעם 1993,IL,פסטרמה הודו פיקנטית,גרמים,300.00,100 גרם,false,,25.90,0.0863,true,1,116295
7290001121795,false,נקניקיות עוף חריפות יחיעם 400 גרם,מעדני יחיעם,,נקניקיות עוף חריפות,גרמים,400.00,100 גרם,false,,13.90,0.0348,true,1,249340
7290001121849,false,פסטרמה הודו רכיבים טבעים 250 ג' יחיעם,מעדני יחיעם 1993,IL,יחיעם פסטרמה הודו טב,גרמים,250.00,100 גרם,false,,27.00,0.1080,true,1,116304
7290001121931,false,קבנוס מקסיקני דק דק יחיעם 125 גרם,מעדני יחיעם 1993,,יחיעם קבנוס מקסיקני,גרמים,125.00,100 גרם,false,,15.00,0.1200,true,1,116307
7290001121979,false,נקניק סלמי הרץ מעדני יחיעם 150 גרם,תאי פרזידנט פוד פאבל,IL,יחיעם סלמי הרץ 150 ג,גרמים,150.00,100 גרם,false,,29.90,0.1993,true,1,116311
7290001123775,false,שווארמה אמיתית פרגיות טיבון ויל 500 גרם,"טיבול ויל אחזקות בע""",IL,שווארמה פרגיות 500 ג,גרמים,500.00,100 גרם,false,,27.90,0.0558,true,1,116794
7290001123782,false,שווארמה אמיתית הודו טיבון ויל 500 גרם,קריות זול,IL,שווארמה הודו 500 גרם,גרמים,500.00,100 גרם,false,,27.90,0.0558,true,1,116795
7290001124536,false,ארוחת נודלס תירס מג'יק 70 גרם,טאט הוי פוד בעמ,SG,מגיק טעם תירס בכוס 7,יחידה,0.00,יחידה,false,,5.90,0.0000,true,1,168352
7290001124611,false,שומן כבש טיבון ויל 200 גרם,טיבון ויל,IL,שומן כבש 200 גרם,גרמים,200.00,100 גרם,false,,20.90,0.1045,true,1,116797
7290001136287,false,"שמפו לשיער רגיל בבושם פרחים נקה 7 750 מ""ל","אמיליה קוסמטיקס בע""מ",IL,נקה 7-שמפו רגיל ירוק,מיליליטרים,750.00,"100 מ""ל",false,,12.90,0.0172,true,1,231744
7290001136294,false,"שמפו לשיער יבש בבישום פרחים נקה 7 750 מ""ל","אמיליה קוסמטיקס בע""מ",IL,נקה 7-שמפו יבש אדום.,מיליליטרים,750.00,"100 מ""ל",false,,12.90,0.0172,true,1,231694
7290001136300,false,"נקה 7 שמפו ומרכך לסירוק קל 750 מ""ל",אמיליה קוסמטיקס בעמ,IL,נקה 7-שמפו סירוק קל,מיליליטרים,750.00,"100 מ""ל",false,,12.90,0.0172,true,1,108570
7290001136362,false,נקה 7 תחליב רחצה אלוורה ארומה ירוק 1 ל',מיוצר בסין.יבוא ושיו,IL,תחליב רחצה אלוורה ות,מיליליטרים,1000.00,"100 מ""ל",false,,13.90,0.0139,true,1,108572
7290001136683,false,"מרכך לשיער רגיל בבושם פרחים נקה 7 750 מ""ל","אמיליה קוסמטיקס בע""מ",IL,נקה 7-מרכך רגיל ירוק,מיליליטרים,750.00,"100 מ""ל",false,,12.90,0.0172,true,1,108574
7290001136799,false,נקה 7 תחליב רחצה ארומה ורוד יסמין 1 ל',מיוצר בסין.יבוא ושיו,IL,תחליב רחצה ורד ויסמי,מיליליטרים,1000.00,"100 מ""ל",false,,13.90,0.0139,true,1,108575
7290001136973,false,נקה 7 תחליב רחצה ארומה קמומיל לבן 1 ל',טרופיקל דגיל תעשיות,IL,תחליב רחצה קמומיל נק,מיליליטרים,1000.00,"100 מ""ל",false,,13.90,0.0139,true,1,108576
7290001143001,false,כדורי לבנה 360 גרם,,,כדורי לבנה 360 גרם,גרמים,360.00,100 גרם,false,,25.90,0.0719,true,1,168323
7290001143049,false,גבינה ברינזה בקופסה 800 ג' בוקאעי,,,גבינה ברינה בקופסה 8,גרמים,800.00,100 גרם,false,,44.90,0.0561,true,1,168325
7290001143155,false,לבנה בגביע 500 גרם,,,לבנה בגביע 500 גרם,גרמים,500.00,100 גרם,false,,14.90,0.0298,true,1,168328
7290001143261,false,לבנה בגביע 800 גרם,,,לבנה בגביע 800 גרם,גרמים,800.00,100 גרם,false,,22.90,0.0286,true,1,235002
7290001216040,false,טחינה גולמית שומשום טהור אל ארז 500 גרם,דולפין ספא,IL,אל ארז טחינה 500 גרם,גרמים,500.00,100 גרם,false,,16.90,0.0338,true,1,104581
7290001216057,false,"טחינה גולמית אל ארז 1 ק""ג",טחינה אל ארז,IL,אל ארז טחינה 1קג,גרמים,500.00,100 גרם,false,,32.90,0.0658,true,1,104582
7290001216101,false,"טחינה מלא ""אל ארז"" 1 ק""ג",טחינה אל ארז,IL,"טחינה 1 ק""ג מלאה",קילוגרמים,1.00,"ק""ג",false,,34.90,34.9000,true,1,219501
7290001216231,false,טחינה גולמית שומשום מלא אל ארז 500 גרם,דולפין ספא,IL,טחינה שומשום מלא 0.5,גרמים,500.00,100 גרם,false,,18.90,0.0378,true,1,104583
7290001247068,false,קרטונית נקטר ספרינג תות בננה 1 ליטר,"יפאורה תבורי בע""מ",IL,ספרינג נקטר תות בננה,ליטרים,1.00,ליטר,false,,6.90,6.9000,true,1,114538
7290001247099,false,קרטונית נקטר ספרינג מנגו 1 ליטר,"יפאורה תבורי בע""מ",IL,ספרינג נקטר מנגו 1 ל,ליטרים,1.00,ליטר,false,,6.90,6.9000,true,1,114540
7290001247112,false,קרטונית נקטר ספרינג לימונענע 1 ליטר,"יפאורה תבורי בע""מ",IL,ספרינג נקטר לימונענע,ליטרים,1.00,ליטר,false,,6.90,6.9000,true,1,114542
7290001247143,false,קרטונית נקטר ספרינג תפוחים 1 ליטר,"יפאורה תבורי בע""מ",IL,ספרינג נקטר תפוחים 1,ליטרים,1.00,ליטר,false,,6.90,6.9000,true,1,114544
7290001258668,false,גבינת עז מה 5% יעקבס 250 גרם,גבינות משק יעקבס,IL,גבינת עז מה 250 גרם,יחידה,0.00,יחידה,false,,19.90,0.0000,true,1,153965
7290001258774,false,גבינת מוצרלה בייבי 150גרם,גבינות משק יעקבס,IL,מוצרלה בייבי 150 גרם,גרמים,150.00,100 גרם,false,,12.90,0.0860,true,1,195868
7290001258798,false,פטה כבשים יעקבס 250 גר,בטר אנד דיפרנט,IL,גבינת פטה כבשים 250ג,גרמים,250.00,100 גרם,false,,22.90,0.0916,true,1,153960
7290001258972,false,גבינת חלומי בואקום 2,גבינות משק יעקבס,IL,גבינת חלומי 200גרם,יחידה,0.00,יחידה,false,,20.90,0.0000,true,1,153963
7290001265642,false,שלישיית מעדני לה-קט פטה 3*400 גר',קריות זול,FR,לה קט פטה עוף סלמון,קילוגרמים,1.20,"ק""ג",false,,24.90,20.7500,true,1,141541
7290001274934,false,"שמיניית גלידל פרי לימון ""פלדמן""",הגלידות של פלדמן,IL,גלידל דיאט למון ליים,גרמים,640.00,100 גרם,false,,24.90,0.0389,true,1,230143
7290001274941,false,"שמיניית גלידל פרי פטל ""פלדמן""",הגלידות של פלדמן,IL,גלידל פרי בטעם פטל 8,גרמים,640.00,100 גרם,false,,24.90,0.0389,true,1,230144
7290001305058,false,"פלמוליב - נטורלס תחליב רחצה חלב ודבש 500 מ""ל",הנסיך- מפעל לייצור ט,TR,פלמוליב סבון נוזלי ח,מיליליטרים,500.00,"100 מ""ל",false,,15.90,0.0318,true,1,124790
7290001305188,false,"נוזל לניקוי כלים בריח לימון פלמוליב 750 מ""ל",יבואן ומשווק: ש. שסט,GR,פלמוליב לכלים פריחת,יחידה,750.00,יחידה,false,,9.90,0.0132,true,1,124791
7290001327180,false,שטראוס קרמיסימו וניל ציפ 1.33 ליטר,"גלידת שטראוס בע""מ, ר",IL,קרמיסימו וניל ציפ 1.,ליטרים,1.33,ליטר,false,,20.90,15.7143,true,1,134880
7290001327791,false,גלידת קרמיסימו וניל עוגיות חלבי,"גלידת שטראוס בע""מ, ר",IL,קרמיסימו עוגיות 1.33,ליטרים,1.33,ליטר,false,,20.90,15.7143,true,1,134884
7290001342831,false,קרם שום בשפופרת 160,,,קרם שום בשפופרת 160,גרמים,160.00,100 גרם,false,,26.90,0.1681,true,1,229627
7290001343845,false,"גרנולה פירות 1 ק""ג - 845 - ורוד שקדיה",הנסיך- מפעל לייצור ט,IL,גרנולה טבעית עם תוספ,קילוגרמים,1.00,"ק""ג",false,,21.90,21.9000,true,1,133040
7290001407134,false,בארכה פרוסות חלווה שוקו וניל+פ.קקאו 400גר,רושדי תעשיות מזון בע,IL,בארכה פרוסות חלבה שו,גרמים,400.00,100 גרם,false,,13.90,0.0348,true,1,231360
7290001407318,false,חלבה מסולסלת 250 ג' וניל,,,חלבה מסולסלת וניל 25,גרמים,250.00,100 גרם,false,,15.90,0.0636,true,1,225070
7290001407363,false,טחינה גולמית כד 450 גרם,General,,אלהילאל טחינה 450 גר,גרמים,450.00,100 גרם,false,,13.90,0.0309,true,1,127769
7290001407370,false,אלהילאל טחינה 900 גר,,,אלהילאל טחינה 900 גר,גרמים,900.00,100 גרם,false,,24.90,0.0277,true,1,127770
7290001407554,false,חלבה מיקס פיצוחים 400 ג' אלהלאל,,,פרוסות חלבה מיקס פיצ,יחידה,0.00,יחידה,false,,15.90,0.0000,true,1,127775
7290001407592,false,"בארכה טחינה גולמית פי 6 סידן 6*1 ק""ג",,IL,בארכה טחינה גולמית 1,גרמים,1000.00,100 גרם,false,,27.90,0.0279,true,1,238696
7290001407813,false,חלבה שאמית פיסטוק בקטנה בארכה 350ג',רושדי תעשיות מזון בע,IL,חלבה שאמית פיסטוק בא,גרמים,350.00,100 גרם,false,,14.90,0.0426,true,1,237270
7290001407820,false,חלווה שאמית וניל קלאסית בארכה 350ג',רושדי תעשיות מזון בע,IL,חלבה שאמית קלאסית בא,גרמים,350.00,100 גרם,false,,15.90,0.0454,true,1,252289
7290001415863,false,חלת פילסברי מתוקה (חלת כדורים),פילסברי,,חלה כדורים מתוקה א.ק,יחידה,0.00,יחידה,false,,12.00,0.0000,true,1,107119
7290001419618,false,וופל בלגי עלמה שחור לבן וניל 200ג',"גילרו בע""מ",IL,וופל בלגי שוקולד 200,גרמים,200.00,100 גרם,false,,4.90,0.0245,true,1,113023
7290001419779,false,"וופל קלאסי בטעם שוקולד ""עלמה"" 200 גרם","גילרו בע""מ",IL,וופל קלאסי 200 גרם,גרמים,200.00,100 גרם,false,,4.90,0.0245,true,1,113024
7290001419892,false,"ופל קלאסי בטעם לימון ""עלמה"" 200 גרם","גילרו בע""מ",IL,וופל קלאסי לימון 200,גרמים,200.00,100 גרם,false,,4.90,0.0245,true,1,113025
7290001422014,false,"שקית פלאפל עווד 1 ק""ג",,,"פלאפל עווד 1 ק""ג",גרמים,1000.00,100 גרם,false,,22.90,0.0229,true,1,122491
7290001459928,false,"גזר גמדי 800 גר' בד""ץ (ממותג)",,,בלדי גזר גמדי 800 גר,גרמים,800.00,100 גרם,false,,11.90,0.0149,true,1,224222
7290001461105,false,לחם מחמצת לבן (ברקוד,פילסברי,,לחם מחמצת,גרמים,530.00,100 גרם,false,,16.90,0.0319,true,1,153970
7290001461457,false,בגט רוסטיק קמח מלא ו,פילסברי,,בגט רוסטיק,יחידה,1.00,יחידה,false,,7.90,7.9000,true,1,107033
7290001468159,false,ריבת חלב 330 גרם נאמן,מ.א.מ השלושה,,טופ מותגים ריבת חלב,גרמים,330.00,100 גרם,false,,12.90,0.0391,true,1,116361
7290001482186,false,אננס חתוך בסירופ קל וילי פוד 565 גר,הנסיך- מפעל לייצור ט,TH,אננס חתוך 565גר,גרמים,565.00,100 גרם,false,,7.90,0.0140,true,1,219266
7290001482506,false,וילי פוד חומץ בלסמי בדץ 500מל,וילי פוד,IT,וילי פוד חומץ בלסמי,מיליליטרים,500.00,"100 מ""ל",false,,18.90,0.0378,true,1,106468
7290001485019,false,גבינת שמנת 5% טעם טבעי 200 ג' טרה,קריות זול,IL,טרה גבינת שמנת טבעי,גרמים,200.00,100 גרם,false,,11.90,0.0595,true,1,109544
7290001491010,false,תה ירוק יסמין ויסוצקי 25 יחידות,תה ויסוצקי,IL,תה ירוק יסמין 25 שקי,יחידה,25.00,יחידה,false,,24.90,0.9960,true,1,126536
7290001491096,false,תה ירוק בתוספת לימונית ולואיזה 50 שקיקים ויסוצקי,תה ויסוצקי,IL,תה ירוק בתוספת לימונ,יחידה,0.00,יחידה,false,,44.90,0.0000,true,1,126537
7290001491812,false,תה ירוק פירות יער ופסיפלורה ויסוצקי 25 יחידות,תה ויסוצקי,IL,תה ירוק עם פירות יער,יחידה,25.00,יחידה,false,,24.90,0.9960,true,1,126538
7290001507070,false,פתיבר חרובים אורגני 200 גר,השדה מוצרים אורגניים,IL,פתי בר חרובים מקמח מ,גרמים,150.00,100 גרם,false,,9.90,0.0660,true,1,228008
7290001515310,false,שש כריות קרצוף יפניות סקוטש ברייט,3m,,סקוטש ברייט שש כריות,יחידה,6.00,יחידה,false,,13.90,2.3167,true,1,129067
7290001515631,false,שלושה ספוגי קרצוף קשיחים ארוכים אדומים,שיוך למחסן 17,ES,סקוטש ברייט שלושה ספ,יחידה,3.00,יחידה,false,,10.90,3.6333,true,1,129074
7290001548011,false,טחינה ירוקה 250 גרם,סלטי מונטה קרלו,IL,טחינה ירוקה **גביע,יחידה,0.00,יחידה,false,,12.90,0.0000,true,1,253491
7290001548035,false,סלט טורקי מונטה קרל,מונטה קרלו,IL,טורקי **גביע 250 גר,יחידה,0.00,יחידה,false,,12.90,0.0000,true,1,253493
7290001548042,false,ביצים גביע 250גר סלט,משתנה,IL,ביצים **גביע 250 גר,יחידה,0.00,יחידה,false,,19.90,0.0000,true,1,253494
7290001548110,false,סלט חצילים סלוניקי,יושלם,,חציל סלוניקי **גבי,יחידה,0.00,יחידה,false,,14.90,0.0000,true,1,253500
7290001548134,false,כרוב לבן שום שמיר 250 גרם,סלטי מונטה קרלו,IL,כרוב לבן שום שמיר *,יחידה,0.00,יחידה,false,,12.90,0.0000,true,1,253502
7290001548141,false,גזר מרוקאי **גביע,מונטה קרלו,IL,גזר מרוקאי **גביע,יחידה,0.00,יחידה,false,,12.90,0.0000,true,1,253503
7290001548202,false,מונטה קרלו סלט סלק רצועות 250 גר',סלטי מונטה קרלו,IL,סלק רצועות **גביע 2,יחידה,0.00,יחידה,false,,12.90,0.0000,true,1,253507
7290001548226,false,פטריות ספרדי גביע 25,מונטה קרלו,IL,פטריות ספרדי **גביע,יחידה,0.00,יחידה,false,,18.90,0.0000,true,1,253508
7290001548271,false,כרוב לבן וגזר 250 גר,סלטי מונטה קרלו,IL,כרוב לבן עם גזר **ג,יחידה,0.00,יחידה,false,,12.90,0.0000,true,1,253512
7290001548288,false,"סלט חומוס גרגרירים פיקנטיים ""מונטה קרלו""",מונטה קרלו,IL,מסבחה פיקנטי **גביע,יחידה,0.00,יחידה,false,,12.90,0.0000,true,1,253513
7290001548295,false,מטבוחה מונטה קרלו 25,מונטה קרלו,IL,מטבוחה **גביע 250 גר,יחידה,0.00,יחידה,false,,12.90,0.0000,true,1,253514
7290001548325,false,טונה ירקות מונטה קרל,מונטה קרלו,IL,טונה ירקות **גביע 2,יחידה,0.00,יחידה,false,,21.90,0.0000,true,1,253516
7290001548349,false,"סלט תפו""א במיונז ביתי 250 גרם",סלטי מונטה קרלו,IL,"תפו""א במיונז בייתי *",יחידה,0.00,יחידה,false,,12.90,0.0000,true,1,253518
7290001548370,false,סלט טבולה מונטה קרלו 250 גרם,מונטה קרלו,IL,טבולה **גביע 250 גר,יחידה,0.00,יחידה,false,,14.90,0.0000,true,1,253521
7290001548387,false,כרוב סיני מונטה קרל,מונטה קרלו,IL,כרוב סיני **גביע 25,יחידה,0.00,יחידה,false,,12.90,0.0000,true,1,253522
7290001548400,false,"סלט חומוס זהב ""מונטה 'קרלו""",מונטה קרלו,IL,חומוס זהב **גביע 25,יחידה,0.00,יחידה,false,,12.90,0.0000,true,1,253523
7290001548424,false,כרוב קולסלאו מונטה,סלטי מונטה קרלו,IL,כרוב קולסלאו **גביע,יחידה,0.00,יחידה,false,,12.90,0.0000,true,1,253524
7290001548462,false,פלפל רצועות מרוקאי,מונטה קרלו,IL,פלפל רצועות חריף **,יחידה,0.00,יחידה,false,,18.90,0.0000,true,1,253527
7290001548493,false,שום כתוש 250 גרם סלט,,,שום כתוש **גביע 25,יחידה,0.00,יחידה,false,,11.90,0.0000,true,1,253529
7290001548523,false,חציל בתחמיץ מונטה ק,סלטי מונטה קרלו,IL,חציל פרוס **גביע 250,יחידה,0.00,יחידה,false,,14.90,0.0000,true,1,254620
7290001548530,false,חומוס גרגירים ופטרוזיליה מונטה קרלו,מונטה קרלו,IL,מסבחה פטרוזיליה **ג,יחידה,0.00,יחידה,false,,12.90,0.0000,true,1,253531
7290001548561,false,גזר חריף בלימון מונט,סלטי מונטה קרלו,IL,גזר חריף חי בלימון,יחידה,0.00,יחידה,false,,12.90,0.0000,true,1,253534
7290001548622,false,חציל טבעי פקנטי מונט,מונטה קרלו,IL,חציל טבעי פיקנטי **ג,יחידה,0.00,יחידה,false,,14.90,0.0000,true,1,253538
7290001548639,false,חציל מונטה קרלו מונ,מונטה קרלו,IL,חציל מונטה קרלו **גב,יחידה,0.00,יחידה,false,,14.90,0.0000,true,1,253539
7290001548691,false,כרוב אדום במיונז מונ,סלטי מונטה קרלו,IL,כרוב אדום במיונז **ג,יחידה,0.00,יחידה,false,,12.90,0.0000,true,1,253543
7290001548714,false,"סלט איקרה ורודה 250 גרם ""מונטה קרלו""",מונטה קרלו,IL,איקרה ורודה גביע 250,יחידה,0.00,יחידה,false,,21.90,0.0000,true,1,253606
7290001548738,false,חציל מרוקאי מונטה קר,סלטי מונטה קרלו,IL,חציל מרוקאי **גביע 2,יחידה,0.00,יחידה,false,,14.90,0.0000,true,1,253544
7290001548745,false,"סלט איקרה לבנה 250 גרם ""מונטה קרלו""",מונטה קרלו,IL,איקרה לבנה גביע 250,יחידה,0.00,יחידה,false,,21.90,0.0000,true,1,253607
7290001548752,false,טחינה לבנה מונטה קרל,סלטי מונטה קרלו,IL,טחינה לבנה **גביע 2,יחידה,0.00,יחידה,false,,12.90,0.0000,true,1,253545
7290001548783,false,פלפל אש טוניסאי מונט,מונטה קרלו,IL,פלפל אש טוניסאי **ג,יחידה,0.00,יחידה,false,,18.90,0.0000,true,1,253547
7290001548875,false,"חמוצים יפנים ""מונטה קרלו""",מונטה קרלו,IL,חמוצים יפנים **דלי,יחידה,0.00,יחידה,false,,21.90,0.0000,true,1,253551
7290001548950,false,פלפל חריף מונטה גביע,,,פלפל חריף מונטה **גב,יחידה,0.00,יחידה,false,,18.90,0.0000,true,1,253555
7290001548967,false,חציל תאילנדי צילי 25,סלטי מונטה קרלו,IL,חציל תאילנדי צ'ילי *,יחידה,0.00,יחידה,false,,14.90,0.0000,true,1,253556
7290001548998,false,סלט חומוס זהב 500 גר,מונטה קרלו,IL,חומוס זהב גביע 500 ג,גרמים,500.00,100 גרם,false,,19.90,0.0398,true,1,254627
7290001567555,false,פסטרמה מעודנת עם דבש 300 ג' יחיעם,מעדני יחיעם,IL,פסטרמה מעודנת עם דבש,גרמים,300.00,100 גרם,false,,25.90,0.0863,true,1,169194
7290001567708,false,נקנקיות וינר 400 ג' יחיעם,מעדני יחיעם,IL,נקניקיות וינר 400גרם,גרמים,400.00,100 גרם,false,,13.90,0.0348,true,1,161315
7290001567760,false,פסטרמה של פעם 300 ג' יחיעם,מעדני יחיעם,IL,פסטרמה של פעם 300גרם,גרמים,300.00,100 גרם,false,,25.90,0.0863,true,1,162828
7290001567807,false,"כתף בקר מעושן לח""מ 250 גרם ""יחיעם""",מעדני יחיעם,IL,כתף בקר מעושן 250 גר,גרמים,250.00,100 גרם,false,,27.90,0.1116,true,1,162838
7290001567814,false,סלמי מעושן בסגנון איטלקי 300 ג' יחיעם,מעדני יחיעם,IL,סלמי מעושן בסגנון אי,גרמים,300.00,100 גרם,false,,21.90,0.0730,true,1,162831
7290001591680,false,קניידלך מקמח מצה שלושת האופים 500 גרם,שלושת האופים,IL,קיינדלך מקמח מצה 500,יחידה,0.00,יחידה,false,,19.90,0.0000,true,1,253619
7290001594155,false,"קוקה-קולה בבקבוק אישי 500 מ""ל",החברה המרכזית לייצור,IL,"קוקה קולה 500 מ""ל",מיליליטרים,500.00,"100 מ""ל",false,,7.00,0.0140,true,1,138703
7290001594230,false,קינלי סודה בבקבוק זכוכית,החברה המרכזית לייצור,IL,קינלי סודה קלאסי 250,מיליליטרים,250.00,"100 מ""ל",false,,2.90,0.0116,true,1,138708
7290001594254,false,פריגת משקה בטעם אשכו,,,פריגת משקה בטעם אשכו,מיליליטרים,330.00,"100 מ""ל",false,,6.00,0.0182,true,1,138709
7290001594278,false,פריגת משקה בטעם ענבי,Unknown,,פריגת משקה בטעם ענבי,מיליליטרים,330.00,"100 מ""ל",false,,6.00,0.0182,true,1,138711
7290001594384,false,פריגת אשכוליות 0.5 ליטר חייב בפקדון,מבשלות בירה בינלאומי,IL,פריגת משקה בטעם אשכו,מיליליטרים,500.00,"100 מ""ל",false,,6.00,0.0120,true,1,138713
7290001594568,false,"קרלסברג פחית 500 מ""ל פקדון",מבשלות בירה בינלאומי,RO,"קרלסברג פחית 500 מ""ל",מיליליטרים,500.00,"100 מ""ל",false,,8.90,0.0178,true,1,138721
7290001594575,false,"בירה טובורג בפחית 500 מ""ל",מבשלות בירה בינלאומי,IL,"טובורג פחית 500 מ""ל",מיליליטרים,500.00,"100 מ""ל",false,,8.90,0.0178,true,1,138722
7290001594810,false,"שישיית בירה מאלט בבקבוק 330X6 מ""ל",קרלסברג ישראל,,מאלטי טובורג בקבוק 6,מיליליטרים,330.00,"100 מ""ל",false,,29.90,0.0906,true,1,138725
7290001594858,false,"טובורג רד שישייה בקבוק 330 מ""ל",קרלסברג ישראל,IL,"בירה טובורג 6 בק"" 33",מיליליטרים,330.00,"100 מ""ל",false,,39.90,0.1209,true,1,138727
7290001594865,false,"קרלסברג בירה בקבוק 6* 330 מ""ל",קרלסברג ישראל,IL,קרלסברג בירה בקבוק 6,יחידה,6.00,יחידה,false,,41.90,6.9833,true,1,138728
7290001594988,false,פריגת משקה בטעם תפוז,,,פריגת משקה בטעם תפוז,מיליליטרים,330.00,"100 מ""ל",false,,6.00,0.0182,true,1,138729
7290001598085,false,לחם משפחתי עם דגנים מקמח מלא,מאפיית יוסף ברון,IL,"לחם משפחתי 1.100ק""ג",גרמים,1100.00,100 גרם,false,,15.90,0.0145,true,1,208240
7290001598276,false,"לחם 7 דגנים קל מקמח חיטה מלא ללא שמרים 1.1 ק""ג הברון",מאפיית יוסף ברון,IL,לחם שבעת דגנים קל לל,גרמים,1100.00,100 גרם,false,,15.90,0.0145,true,1,208241
7290001598429,false,פרנה מרוקאית חמשת 4,מאפיית יוסף ברון בעמ,IL,פרנה מרוקאית 520 גרם,גרמים,520.00,100 גרם,false,,12.90,0.0248,true,1,208242
7290001598573,false,לחמניות כוסמין 5 יח 99 קלוריות,מאפיית יוסף ברון בעמ,,לחמניות כוסמין 319 ג,גרמים,319.00,100 גרם,false,,13.90,0.0436,true,1,195763
7290001598580,false,פיתות כוסמין 6יח 99 קלוריות,מאפיית יוסף ברון בעמ,,פיתות כוסמין 6 יח' 9,יחידה,0.00,יחידה,false,,14.90,0.0000,true,1,195764
7290001598597,false,פיתה כוסמין 99 קלוריות,,,פיתות כוסמין 99 קלור,יחידה,6.00,יחידה,false,,15.90,2.6500,true,1,256286
7290001598627,false,לחם כוסמין קל 100% ח,,,לחם כוסמין קל,יחידה,0.00,יחידה,false,,15.90,0.0000,true,1,265555
7290001598757,false,לחם כוסמין 100% דגנים + צ'יה,,,לחם כוסמין דגנים+צ'י,יחידה,0.00,יחידה,false,,15.90,0.0000,true,1,265556
7290001670224,false,מלית פרג פוליבה 400 גרם,"פוליבה בע""מ",IL,מלית פרג 400 גרם,גרמים,400.00,100 גרם,false,,10.90,0.0273,true,1,110185
7290001670507,false,מלית תמרים פוליבה 450 ג',"פוליבה בע""מ",IL,מלית תמרים 450 גרם,גרמים,450.00,100 גרם,false,,7.80,0.0173,true,1,110196
7290001670514,false,מלית אוכמניות - 400 גרם פוליבה,"פוליבה בע""מ",IL,מלית אוכמניות 400 גר,גרמים,400.00,100 גרם,false,,10.90,0.0273,true,1,110197
7290001670842,false,מלית חלווה פוליבה 400 ג',"פוליבה בע""מ",IL,מלית חלבה 400 גרם,גרמים,400.00,100 גרם,false,,9.90,0.0248,true,1,110202
7290001670859,false,מלית דובדבנים פוליבה 400 ג',קריות זול,IL,מלית דובדבנים 400 גר,גרמים,400.00,100 גרם,false,,10.90,0.0273,true,1,110203
7290001690147,false,מון בלאן טעם טוב גבינה מותכת6% 120 גרם,שלושת האופים,IL,טעם טוב גבינה מותכת,גרמים,120.00,100 גרם,false,,10.90,0.0908,true,1,249028
7290001690574,false,אוכמניות קפואות 250 גר',,,שגב אוכמניות קפואות,גרמים,250.00,100 גרם,false,,10.90,0.0436,true,1,259460
7290001710104,false,המבורגר 500 חלק,,,המבורגר 500 חלק,גרמים,500.00,00000000000000000גרם,false,,24.90,0.0498,true,1,115050
7290001710128,false,נקניקיות צוריסוס ארוז 500 גר,מעדני הטלה,,מעדני הטלה נקניקיות,גרמים,500.00,100 גרם,false,,24.90,0.0498,true,1,115060
7290001710159,false,גולש עגל קפוא ארוז מ,לאטי עזרא גלם ודגים,,גולש עגל ארוז מוכשר,קילוגרמים,1.00,"ק""ג",true,,42.90,42.9000,true,1,155239
7290001710784,false,נקניקיות צ'וריסוס מע,מעדני הטלה,,מעדני הטלה נקניקיות,גרמים,500.00,100 גרם,false,,24.90,0.0498,true,1,115068
7290001713020,false,שקיות אשפה 25 יחידות 75*85 סנט מוריץ,אסיר פלסט,TR,סנט מוריץ שקיות אשפה,יחידה,0.00,יחידה,false,,7.90,0.0000,true,1,234458
7290001713105,false,עלמה נייר אפיה 42*37 50 יח',קומפלקס כימיקלים,IL,עלמה נייר אפיה נשלף,יחידה,0.00,יחידה,false,,9.90,0.0000,true,1,239644
7290001713150,false,סנט מוריץ מתז אקונומיקה Bleach קצף לימון 1 ליטר,"קומפלקס כימיקלים בע""",IL,אקונומיקה קצף ניקוי,ליטרים,1.00,ליטר,false,,11.90,11.9000,true,1,192724
7290001713167,false,סנט מוריץ - מרסס קצף ניקוי 1 ליטר סניטרי אפור,"קומפלקס כימיקלים בע""",IL,קצף לניקוי כלים סניט,ליטרים,1.00,ליטר,false,,11.90,11.9000,true,1,192725
7290001713211,false,נוזל רצפות סופר מבושם מאסק 2.5 ליטר,ABC,TR,סנט מוריץ רצפות סופר,יחידה,0.00,יחידה,false,,13.90,0.0000,true,1,221475
7290001713228,false,מנקה רצפות סופר מבושם כחול 2.5 ל',ABC,TR,סנט מוריץ רצפות סופר,יחידה,0.00,יחידה,false,,13.90,0.0000,true,1,221476
7290001713242,false,עלמה שקיות אשפה 25 יחידות 75*90 עם ידית,אסיר פלסט,TR,עלמה שקיות אשפה 25 י,יחידה,0.00,יחידה,false,,14.90,0.0000,true,1,235098
7290001713372,false,"תרסיס לניקוי מוצרי עור 400 מ""ל",קומפלקס כימיקלים,IL,תרסיס לניקוי מוצרי ע,מיליליטרים,400.00,"100 מ""ל",false,,18.90,0.0472,true,1,128944
7290001713433,false,הום מטליות לחות לניק,,,הום מטליות לחות לניק,יחידה,1.00,יחידה,false,,9.90,9.9000,true,1,246776
7290001713464,false,עלמה שקיות אשפה 100 יחידות 52*65 עם שרוך,קומפלקס כימיקלים,IL,עלמה שקיות אשפה 100,יחידה,0.00,יחידה,false,,22.90,0.0000,true,1,252549
7290001713501,false,"רדיד אלומיניום עלמה עבה 45 ס""מ 50 מ' סנט מוריץ",קומפלקס כימיקלים,IL,סנט מוריץ רדיד אלומי,יחידה,0.00,יחידה,false,,36.90,0.0000,true,1,251262
7290001713518,false,"סנט מוריץ נוזל לניקוי רהיטים 750 מ""ל",קומפלקס כימיקלים,IL,נוזל לניקוי רהיטים 7,מיליליטרים,750.00,"100 מ""ל",false,,16.90,0.0225,true,1,128949
7290001713587,false,הום ג'ל אקונומיקה סמ,,,הום ג'ל אקונומיקה סמ,,4.00,4 ליטר,false,,13.90,3.4750,true,1,224953
7290001713617,false,הום כדוריות סבון לני,,,הום כדוריות סבון לני,יחידה,0.00,יחידה,false,,11.90,0.0000,true,1,243238
7290001713648,false,מרכך כביסה פיור בייבי ורוד 1 ליטר,"קומפלקס כימיקלים בע""",TR,pure מרכך כביסה ביי,ליטרים,1.00,ליטר,false,,13.90,13.9000,true,1,255800
7290001713761,false,הום כריות יפניות לקר,,,הום כריות יפניות לקר,יחידה,0.00,יחידה,false,,9.90,0.0000,true,1,239915
7290001713785,false,מרכך כביסה פיור בייבי כחול 1 ליטר,"קומפלקס כימיקלים בע""",TR,pure מרכך כביסה ביי,ליטרים,1.00,ליטר,false,,13.90,13.9000,true,1,255801
7290001713839,false,סנט מוריץ רב מגבת 700 גרם 250 דפים,,,סנט מוריץ רב מגבת 70,יחידה,0.00,יחידה,false,,17.90,0.0000,true,1,251263
7290001713884,false,עלמה מטליות מיקרופייבר שלישייה לרצפה,קומפלקס כימיקלים,CN,מיקרופייבר מטליות רצ,יחידה,0.00,יחידה,false,,14.90,0.0000,true,1,202383
7290001713891,false,עלמה מיקרופייבר חמישייה לניקוי חמישייה סנט מוריץ,קומפלקס כימיקלים,CN,מיקרופייבר חמישייה ל,יחידה,0.00,יחידה,false,,9.90,0.0000,true,1,202384
7290001713914,false,בלנקו אקונומיקה מקציפה 4 ליטר,קומפלקס כימיקלים,IL,אקונומיקה מקציפה בלנ,ליטרים,4.00,ליטר,false,,13.90,3.4750,true,1,208659
7290001713921,false,אקונומיקה bleach מבושמת 4 ל' סנט מוריץ,"קומפלקס כימיקלים בע""",IL,אקונומיקה מבושמת 4 ל,ליטרים,4.00,ליטר,false,,9.90,2.4750,true,1,211102
7290001713938,false,ניילון נצמד 150 מטר קומפלקס,קומפלקס כימיקלים,IL,עלמה ניילון נצמד 150,יחידה,0.00,יחידה,false,,19.90,0.0000,true,1,248370
7290001780428,false,מאגדת גלידת לייט שוקולד נסטלה 6יח' 312ג',גלידות נסטלה (נגה גל,IL,נסטלה לייט 6 שלגוני,גרמים,312.00,100 גרם,false,,26.90,0.0862,true,1,116496
7290001791349,false,פיסגה אקונומיקה ריחנית סנו 4 ליטר,"סנו מפעלי ברונוס בע""",IL,אקונומיקה ריחנית פסג,ליטרים,4.00,ליטר,false,,11.90,2.9750,true,1,108599
7290001791356,false,"פרש מבשם אויר אוטומטי בניחוח לבנדר סנו 250 מ""ל",החברה הדרומית,IL,סנו פרש אוטומטיק ברי,מיליליטרים,250.00,"100 מ""ל",false,,15.90,0.0636,true,1,231753
7290001813454,false,חיוכים עוגיות שוקו עלית 900 גרם,אפיפית נצרת תעשיות ב,IL,חיוכים חגיגה שוק / ו,גרמים,900.00,100 גרם,false,,19.90,0.0221,true,1,129720
7290001813478,false,חיוכים עוגיות בטעם וניל עלית 900 גרם,אפיפית נצרת תעשיות ב,IL,חיוכים חגיגה וניל 90,גרמים,900.00,100 גרם,false,,19.90,0.0221,true,1,129721
7290001817728,false,צ'יטוס אפוי כאפה בטעם קטשופ 55 גרם,"שטראוס פריטו ליי בע""",IL,ציטוס כאפה 55 גרם,יחידה,0.00,יחידה,false,,3.10,0.0000,true,1,130378
7290001820254,false,אבקת מרק טעם עוף מתבל צנצנת 400 גר',,,אבקת מרק בטעם עוף מת,יחידה,0.00,יחידה,false,,9.90,0.0000,true,1,259299
7290001835388,false,פרמיו חטיף סטריפס לכלב 85גר,סאטורן,DE,פרמיו חטיף סטריפס לכ,יחידה,0.00,יחידה,false,,20.20,0.0000,true,1,172928
7290001865453,false,פמילי לקשרי 1 ליטר לבנדר ארומטי+משאבה,מיוצר עי קונדיטוריית,IL,פמלי סבון נוזלי לבנד,ליטרים,1.00,ליטר,false,,12.90,12.9000,true,1,139983
7290001865460,false,סבון נוזלי פמלי לקשרי זר פרחים לבנים 1 ל,אינטרקוסמא,IL,פמלי סבון נוזלי ליים,ליטרים,1.00,ליטר,false,,12.90,12.9000,true,1,223892
7290001873489,false,קרפצ'יו בלאק אנגוס 1,טיבון ויל אחזקות בעמ,IL,BLACK ANGUS קרפצ'יו,גרמים,120.00,100 גרם,false,,16.90,0.1408,true,1,205776
7290001881040,false,מלפפון בייבי כבוש במ,מאמא מרי,IL,מלפפון ביבי במלח 1,קילוגרמים,1.00,"ק""ג",false,,29.90,29.9000,true,1,239431
7290001881095,false,עגבניות שרי כבושות 5,מאמא מרי,IL,"עגבניות שרי 1 ק""ג",קילוגרמים,1.00,"ק""ג",false,,29.90,29.9000,true,1,239432
7290001881873,false,"מאמא מרי כרוב עם חמוציות 1 ק""ג",מאמא מרי,,"כרוב עם חמוציות 1 ק""",קילוגרמים,1.00,"ק""ג",false,,19.90,19.9000,true,1,237240
7290001881972,false,קיווי קפוא 300 גר,מאמא מרי,,קיווי 300 גרם,גרמים,300.00,100 גרם,false,,14.90,0.0497,true,1,224336
7290001917527,false,פרש וואנס פדים להסרת איפור 80 יח' *3,קריות זול,IL,פרש וונס פדיות קוסמט,יחידה,3.00,יחידה,false,,15.00,5.0000,true,1,251062
7290001975015,false,"טובורג מלא גרין חוזר 500 מ""ל",קרלסברג ישראל,,טובורג גרין חוזר,יחידה,0.00,יחידה,false,,7.80,0.0000,true,1,138730
7290001990094,false,"סוכר חום כהה צנצנת קלאסי סוגת 1ק""ג",האי נאם סי או אל.טי.,IL,"סוכר חום 1 ק""ג בצנצנ",קילוגרמים,1.00,"ק""ג",false,,14.90,14.9000,true,1,225712
7290001990117,false,שומשום סוגת 100 גרם,האי נאם סי או אל.טי.,IL,שומשום 100 גר,גרמים,100.00,100 גרם,false,,4.10,0.0410,true,1,119720
7290001990148,false,"סוכר גולדן קלאסי בצנצנת 1 ק""ג סוגת",האי נאם סי או אל.טי.,IL,סוכר גולדן קלאסי 1 ק,קילוגרמים,1.00,"ק""ג",false,,12.90,12.9000,true,1,119721
7290001990261,false,"סוגת חומוס 1 ק""ג","סוגת תעשיות בע""מ",IL,"סוגת חומוס 1 ק""ג",קילוגרמים,1.00,"ק""ג",false,,14.90,14.9000,true,1,119722
7290001990278,false,"שעועית לבנה סוגת 1 ק""ג","סוגת תעשיות בע""מ",IL,סוגת שעועית לבנה 1 ק,קילוגרמים,1.00,"ק""ג",false,,19.90,19.9000,true,1,119723
7290001990377,false,שעועית בובס 500 גרם סוגת,סוגת תעשיות בעמ,IL,סוגת שעועית בובס 500,גרמים,500.00,100 גרם,false,,11.90,0.0238,true,1,119725
7290001990391,false,אפונה יבשה 1קג סוגת,"סוגת תעשיות בע""מ",IL,"סוגת אפונה 1 ק""ג",קילוגרמים,1.00,"ק""ג",false,,10.90,10.9000,true,1,119727
7290001990407,false,"עדשים ירוקים 1 ק""ג סוגת","סוגת תעשיות בע""מ",IL,סוגת עדשים ירוקים 1,קילוגרמים,1.00,"ק""ג",false,,14.90,14.9000,true,1,119728
7290001990414,false,"עדשים אדומים יבש סוגת 1 ק""ג","סוגת תעשיות בע""מ",IL,סוגת עדשים אדומים 1,קילוגרמים,1.00,"ק""ג",false,,14.90,14.9000,true,1,119729
7290001990421,false,"פופקורן גרעינים סוגת 1 ק""ג","סוגת תעשיות בע""מ",IL,"סוגת פופקורן 1 ק""ג",קילוגרמים,1.00,"ק""ג",false,,8.90,8.9000,true,1,119730
7290002000136,false,מגע הדבש -שעווה להסרת שיער למיקרוגל 500 גרם,ש. שוורץ (באר שבע) ב,IL,מגע המשי שעווה למיקר,גרמים,500.00,100 גרם,false,,21.90,0.0438,true,1,139988
7290002000266,false,מגע המשי התפוח שעווה למיקרו 500ג' -חדש,המאפיה של הרמן,IL,מגע המשי שעווה תפוח,גרמים,500.00,100 גרם,false,,21.90,0.0438,true,1,139990
7290002002857,false,ניירות להסרת שיער בשעווה 50 יחידות,"איטיליאן פוד, אס.פי.",FR,מגע המשי נייר הדבש 5,יחידה,50.00,יחידה,false,,22.90,0.4580,true,1,139998
7290002007029,false,קוקוס טחון 100 ג' הנמל,יבוא ושיווק: הנמל אר,IL,קוקוס 100 גרם,יחידה,0.00,יחידה,false,,4.00,0.0000,true,1,110207
7290002007234,false,אבקת סוכר הנמל 100 גרם,"מיוצר וארוז ע""י: ר.ס",IL,אבקת סוכר 100 גרם,יחידה,0.00,יחידה,false,,1.90,0.0000,true,1,110211
7290002007302,false,סוכריות לקישוט צבע אחיד 100 ג' הנמל,קריות זול,,סוכריות לקישוט ורוד,גרמים,100.00,100 גרם,false,,5.00,0.0500,true,1,110214
7290002007401,false,קליפות הדרים מסוכרות 100 ג' הנמל,הדרום תעשיות מזון בע,IL,קליפות הדרים מסוכרות,יחידה,0.00,יחידה,false,,4.10,0.0000,true,1,110218
7290002007746,false,"צבע מאכל כחול 55 מ""ל הנמל",הנמל אריזות ושיווק ב,IL,"צבע מאכל כחול 55 מ""ל",יחידה,0.00,יחידה,false,,4.00,0.0000,true,1,110225
7290002007821,false,"צבע מאכל אדום 55 מ""ל",ממתקי עלה ייצור שיוו,IL,"צבע מאכל אדום 55 מ""ל",יחידה,0.00,יחידה,false,,4.00,0.0000,true,1,110229
7290002007852,false,"תמצית אפייה בטעמים שונים 55 מ""ל הנמל",ממתקי עלה יצור ושיוו,IL,הנמל תמצית אפייה בטע,יחידה,0.00,יחידה,false,,3.00,0.0000,true,1,110230
7290002008088,false,"צבע מאכל צהוב 55 מ""ל הנמל",הנמל אריזות ושיווק ב,IL,"צבע מאכל צהוב 55 מ""ל",יחידה,0.00,יחידה,false,,4.00,0.0000,true,1,110242
7290002008224,false,סוכריות לקישוט צבעונית הנמל 100 ג',ממתקי עלה בעמ,IL,קישוט לעוגה גליד 60,יחידה,0.00,יחידה,false,,5.00,0.0000,true,1,110248
7290002008347,false,קורנפלור 500 גרם הנמל,קריות זול,,קורנפלור 500 גרם,גרמים,500.00,100 גרם,false,,6.00,0.0120,true,1,110253
7290002008491,false,סוכריות לקישוט שוקולד 100 ג' הנמל,ממתקי עלה יצור שיווק,IL,סוכריות מזרה שוקולד,גרמים,100.00,100 גרם,false,,5.00,0.0500,true,1,110260
7290002008743,false,סוכר וניל 10*10 ג' הנמל,"מיוצר וארוז ע""י: ר.ס",IL,סוכר וניל 10*10 גרם,יחידה,10.00,יחידה,false,,2.90,0.2900,true,1,110268
7290002008750,false,אבקת אפיה הנמל מארז 10X10 ג',"מיוצר ע""י:ר.ס. חברה",IL,אבקת אפיה 10*10 גרם,יחידה,10.00,יחידה,false,,2.90,0.2900,true,1,110269
7290002008774,false,שומשום הנמל 200 גרם,הנמל אריזות ושיווק ב,IL,שומשום 200 גרם,גרמים,200.00,100 גרם,false,,8.00,0.0400,true,1,110270
7290002008828,false,סוכריות שוקולד לבן ג'מבו לקישוט הנמל 200ג' בדצ,ממתקי עלה ייצור שיוו,IL,סוכריות לעוגה גמבו ש,גרמים,200.00,100 גרם,false,,8.50,0.0425,true,1,110271
7290002008927,false,סוכריות לקישוט שוקו לבן 100 ג' הנמל,ממתקי עלה יצור שיווק,IL,מזרה שוקו לבן 100 גר,גרמים,100.00,100 גרם,false,,5.00,0.0500,true,1,110274
7290002008934,false,סוכריות צבעוניות לקישוט לעוגה 200 גר,ממתקי עלה יצור שיווק,IL,סוכריות צבעוניות לקי,גרמים,200.00,100 גרם,false,,8.50,0.0425,true,1,110275
7290002015093,false,חומץ ‏17‏-‏13‏ ‏2‏A‏,,,חומץ ‏17‏-‏13‏ ‏2‏A‏,יחידה,0.00,יחידה,false,,9.90,0.0000,true,1,240385
7290002015116,false,מלפפון בחומץ ‏9‏-‏7‏,,,מלפפון בחומץ ‏9‏-‏7‏,יחידה,0.00,יחידה,false,,5.90,0.0000,true,1,240386
7290002015123,false,חומץ ‏12‏-‏10‏ ‏2‏-‏,בני דרום,IL,חומץ ‏12‏-‏10‏ ‏2‏-‏,יחידה,0.00,יחידה,false,,7.90,0.0000,true,1,240387
7290002015147,false,חומץ ‏25‏-‏18‏ ‏2‏-‏,,,חומץ ‏25‏-‏18‏ ‏2‏-‏,יחידה,0.00,יחידה,false,,11.90,0.0000,true,1,240388
7290002015154,false,מלפפון במלח 9-7 בני דרום,,,מלפפון במלח ‏9‏-‏7‏,יחידה,0.00,יחידה,false,,5.90,0.0000,true,1,240389
7290002015208,false,מלפפון במלח ‏17‏-‏13,,,מלפפון במלח ‏17‏-‏13,יחידה,0.00,יחידה,false,,9.90,0.0000,true,1,240392
7290002015406,false,מושחר גדול מאוד ‏2‏-,,,מושחר גדול מאוד ‏2‏-,יחידה,0.00,יחידה,false,,8.90,0.0000,true,1,240395
7290002015420,false,חרוזית ‏2‏-‏A‏ בני ד,,,חרוזית ‏2‏-‏A‏ בני ד,יחידה,0.00,יחידה,false,,8.90,0.0000,true,1,240396
7290002015437,false,מנזנילו גדול מאד ‏2‏,,,מנזנילו גדול מאד ‏2‏,יחידה,0.00,יחידה,false,,8.90,0.0000,true,1,240397
7290002015444,false,זית חרוזית בני דרום,בני דרום,IL,חרוזית ‏43‏ או' בני,יחידה,0.00,יחידה,false,,18.90,0.0000,true,1,240398
7290002015475,false,מנזנילו גדול ‏43‏ או,בני דרום,IL,מנזנילו גדול ‏43‏ או,יחידה,0.00,יחידה,false,,17.90,0.0000,true,1,240399
7290002015666,false,שיפקה ‏2‏-‏A‏ בני דר,בני דרום,IL,שיפקה ‏2‏-‏A‏ בני דר,יחידה,0.00,יחידה,false,,6.90,0.0000,true,1,240403
7290002015765,false,חצילים במלח ‏A‏-‏2‏,בני דרום,IL,חצילים במלח ‏A‏-‏2‏,יחידה,0.00,יחידה,false,,6.90,0.0000,true,1,240404
7290002019787,false,רוטב עגבניות מרוכז מאוד 260 גרם פריניר,פריניר ( הדס 1987) ב,IL,פריניר רסק עגבניות 2,גרמים,260.00,100 גרם,false,,4.90,0.0188,true,1,168495
7290002019794,false,רוטב עגבניות מרוכז מאוד 100 גרם פריניר,פריניר ( הדס 1987) ב,IL,פריניר רסק עגבניות 2,גרמים,100.00,100 גרם,false,,1.90,0.0190,true,1,168496
7290002022923,false,סוכריות על מקל בטעם תות כרמית 50 יחידות,כרמית תעשיות ממתקים,IL,לקקנים תות פופ 50יח,גרמים,500.00,100 גרם,false,,19.90,0.0398,true,1,124795
7290002026341,false,צ'יפס אריסטו רגיל שקיות רשת,האי נאם סי או אל.טי.,CA,צ'יפס אריסטו רגיל שק,יחידה,0.00,יחידה,false,,19.90,0.0000,true,1,169653
7290002026358,false,צ'יפס אריסטו זיג זג שקיות רשת,האי נאם סי או אל.טי.,CA,צ'יפס אריסטו זיג זג,יחידה,0.00,יחידה,false,,19.90,0.0000,true,1,169645
7290002026365,false,טבעות בצל אריסטו קראנץ 500 ג',היידי שוקולד בירונטי,IL,טבעות בצל רשת,יחידה,0.00,יחידה,false,,13.90,0.0000,true,1,169646
7290002026587,false,וופל בלגי פרווה בראנץ אנד קראנץ 8 יח',בראנץ' אנד קראנץ Brunch& Crunch,IL,בראנץ אנד קראנץ וופל,גרמים,280.00,100 גרם,false,,17.90,0.0639,true,1,203748
7290002026884,false,"מאגדת גלידת בן& ג'ריס צאנקי מיקס 400 מ""ל",,,צאנקי מיקס מאגדת רבי,גרמים,294.00,100 גרם,false,,27.90,0.0949,true,1,187975
7290002040064,false,קוסקוס דק הנמל 350 גרם,טרופיקל דגיל תעשיות,IL,קוסקוס שקית דק 350 ג,גרמים,350.00,100 גרם,false,,4.90,0.0140,true,1,110280
7290002040095,false,קוסקוס רגיל מארז 350X3ג' קוסקוס מזון,טרופיקל דגיל תעשיות,IL,קוסקוס מארז שלוש שקי,גרמים,1050.00,100 גרם,false,,13.90,0.0132,true,1,110283
7290002050568,false,שקד חצאים מולבן 200,,,שקד חצאים מולבן 200,יחידה,0.00,יחידה,false,,15.90,0.0000,true,1,243436
7290002050803,false,סוכריות גומי זארובי,זארובי,,רביעיית ממתקים 550 ג,גרמים,550.00,100 גרם,false,,29.90,0.0544,true,1,243017
7290002050865,false,אגוזי מלך זארובי 150 גרם,,,אגוז מלך 150 גרם,יחידה,0.00,יחידה,false,,11.90,0.0000,true,1,243442
7290002050872,false,שקד טבעי אמריקאי 240,,,שקד טבעי אמריקאי 240,יחידה,0.00,יחידה,false,,19.90,0.0000,true,1,243443
7290002053088,false,אטריות ביצים דקיקות מספר 8 אוריינט 200 גרם,פ.פ.ח טאביט,PL,אוריינט אטריות ביצים,גרמים,210.00,100 גרם,false,,7.90,0.0376,true,1,106773
7290002053095,false,אטריות ביצים דקות מספר 10 אוריינט 200 גרם,פ.פ.ח טאביט,PL,אוריינט אטריות ביצים,גרמים,200.00,100 גרם,false,,7.90,0.0395,true,1,106774
7290002053101,false,אטריות ביצים בינוניות מספר 12 אוריינט 200 גרם,פ.פ.ח טאביט,PL,אוריינט אטריות ביצים,גרמים,200.00,100 גרם,false,,7.90,0.0395,true,1,106775
7290002053118,false,אטריות ביצים עבות מספר 14 אוריינט 200 גרם,האי נאם סי או אל.טי.,PL,אוריינט אטריות ביצים,גרמים,200.00,100 גרם,false,,7.90,0.0395,true,1,106776
7290002053354,false,אטריות נודלס סיני להקפצה אוריינט 300 גרם,טאביט ספ.ז.או.או,PL,אוריינט נודלס סיני 3,גרמים,300.00,100 גרם,false,,14.90,0.0497,true,1,106777
7290002053538,false,נודלס תאילנדי אורינטל 400 גר + 25% תוספת,פ.פ.ח. טאביה ספ זאו.או,PL,נודלס תאילנדי 500 גר,גרמים,500.00,100 גרם,false,,14.90,0.0298,true,1,217513
7290002057017,false,זיתים נובו ענק A2 יבנה 330ג',שיוך למחסן 17,IL,נובו ענק ‏2‏-‏A‏ יבנ,גרמים,560.00,100 גרם,false,,10.90,0.0195,true,1,110749
7290002057062,false,זיתים ירוקים בינוניים מנזלינו קבוצת יבנה,קבוצת יבנה,IL,מנזנילו ירוק בינוני,גרמים,540.00,100 גרם,false,,7.90,0.0146,true,1,110753
7290002057093,false,זית ירוק גדול מנזלינו יבנה 340 גרם,קבוצת יבנה,IL,זיתים מנזנילו גדול ‏,גרמים,540.00,100 גרם,false,,8.90,0.0165,true,1,110755
7290002057123,false,זיתים ירוקים מנזנילו קבוצת יבנה 560 גרם,קבוצת יבנה,IL,חרוזית ‏2‏-‏A‏ יבנה,גרמים,540.00,100 גרם,false,,9.90,0.0183,true,1,110757
7290002057130,false,"זיתים חרוזית ירוק יבנה 1.25ק""ג",קבוצת יבנה,IL,חרוזית ‏43‏ או' יבנה,גרמים,1250.00,100 גרם,false,,19.90,0.0159,true,1,234222
7290002057147,false,זית מושחר גדול 560 ג' יבנה,קבוצת יבנה,IL,מושחר גדול ‏2‏-‏A‏ י,גרמים,540.00,100 גרם,false,,9.90,0.0183,true,1,110759
7290002057154,false,חרוזית ‏10‏-‏A‏ יבנה,קבוצת יבנה,IL,חרוזית ‏10‏-‏A‏ יבנה,גרמים,3000.00,100 גרם,false,,39.90,0.0133,true,1,110760
7290002057178,false,זיתים שחורים גדולים מנזלינו קבוצת יבנה 3,קבוצת יבנה,IL,טבעי גדול ‏2‏-‏A‏ יב,גרמים,560.00,100 גרם,false,,10.90,0.0195,true,1,110762
7290002057185,false,טבעות זיתים ירוקים קבוצת יבנה 560 גרם,קבוצת יבנה,IL,טבעות זיתים ירוקים ‏,גרמים,540.00,100 גרם,false,,9.90,0.0183,true,1,110763
7290002057314,false,"מלפפון במלח ‏20‏-‏15‏ ‏‏ 1.3 ק""ג ‏‏ יבנה",קבוצת יבנה,IL,מלפפון במלח ‏20‏-‏15,גרמים,1340.00,100 גרם,false,,14.90,0.0111,true,1,234214
7290002057352,false,מלפפון יבנה במלח גדולים 7-9 320 גרם,קבוצת יבנה מוצרי מזו,IL,מלפפון במלח ‏9‏-‏7‏,גרמים,560.00,100 גרם,false,,6.90,0.0123,true,1,110768
7290002057369,false,מלפפונים במלח בינוני קבוצת יבנה 560 גרם,קבוצת יבנה,IL,מלפפון 10-12 במלח,גרמים,540.00,100 גרם,false,,8.90,0.0165,true,1,110769
7290002057376,false,מלפפון יבנה במלח קטנים 13-17 320 גרם,קבוצת יבנה,IL,מלפפון במלח 13-17 יב,גרמים,540.00,100 גרם,false,,9.90,0.0183,true,1,110770
7290002057383,false,מלפפון יבנה במלח קטנים מאוד 18-25 320 גר יבנה,קבוצת יבנה,IL,מלפפון במלח ‏25‏-‏18,גרמים,540.00,100 גרם,false,,12.90,0.0239,true,1,110771
7290002057437,false,שיפקונית קבוצת יבנה,קבוצת יבנה,IL,שיפקונית A-2,יחידה,0.00,יחידה,false,,10.90,0.0000,true,1,224630
7290002057451,false,מלפפון בחומץ ‏9‏-‏7‏ %‏20‏ 560 ג' יבנה,אף.סי תבליני בגליל ב,IL,מלפפון בחומץ ‏9‏-‏7‏,גרמים,540.00,100 גרם,false,,6.90,0.0128,true,1,110774
7290002057468,false,מלפפונים בחומץ בינוני קבוצת יבנה 560 גרם,קבוצת יבנה,IL,חומץ ‏12‏-‏10‏ ‏2‏-‏,גרמים,540.00,100 גרם,false,,8.90,0.0165,true,1,110775
7290002057475,false,מלפפונים בחומץ קטן קבוצת יבנה 560 גרם,קבוצת יבנה,IL,חומץ ‏17‏-‏13‏ ‏2‏A‏,גרמים,540.00,100 גרם,false,,9.90,0.0183,true,1,110776
7290002057604,false,פלפל חריף שיפקה קבוצת יבנה 225 גרם.,קבוצת יבנה,IL,שיפקה ‏2‏-‏A‏ יבנה,גרמים,540.00,100 גרם,false,,6.90,0.0128,true,1,110778
7290002057703,false,חצילים במלח קבוצת יבנה 320 גרם,קבוצת יבנה,IL,חצילים ‏2‏-‏A‏ יבנה,גרמים,600.00,100 גרם,false,,7.90,0.0132,true,1,110781
7290002057734,false,זיתים חרוזית שחור A2 יבנה 540ג',קבוצת יבנה,IL,חרוזית מושחר ‏2‏A‏ י,גרמים,540.00,100 גרם,false,,10.90,0.0202,true,1,110783
7290002065555,false,"לחמניות שישיה בשקית ""אנג'ל""",מאפיית שלמה א. אנג'ל,IL,הלחמניה הכי רכה בהפס,גרמים,450.00,100 גרם,false,,12.90,0.0287,true,1,104900
7290002065616,false,לחם שיפון גרעינים פרוס אחדות 750 גרם,מאפיית שלמה א. אנג'ל,IL,שיפון גרעינים 750 גר,גרמים,750.00,100 גרם,false,,12.90,0.0172,true,1,104901
7290002065623,false,לחם שיפון של פעם כפרי פרוס אורנים 750 גרם,מאפיית שלמה א. אנג'ל,IL,לחם שיפון כפרי 750 ג,גרמים,750.00,100 גרם,false,,11.90,0.0159,true,1,104902
7290002077268,false,מיני קציצות דג לבישול 500 גרם קהילות,האי נאם סי או אל.טי.,IL,דלידג מיני קציצות דג,גרמים,500.00,100 גרם,false,,19.90,0.0398,true,1,116817
7290002077725,false,סלומון נורווגי מצונן דלידג 100ג',וי קינג V King,IL,סלמון מעושן 100 ג,גרמים,100.00,100 גרם,false,,19.90,0.1990,true,1,168360
7290002079033,false,לחם דגנים לייט פרוס 500 גרם,מאפיית דוידוביץ ובני,IL,לחם דגנים לייט פרוס,גרמים,500.00,100 גרם,false,,14.90,0.0298,true,1,266166
7290002079156,false,פיתות דוידוביץ חמישי,מאפיית דוידוביץ ובני,,פיתות 5יח,גרמים,500.00,100 גרם,false,,6.90,0.0138,true,1,236062
7290002079217,false,מחמצת עם אגוזים שיפון 650 ג',מאפיית דוידוביץ ובני,IL,מחמצת עם אגוזים שיפו,גרמים,500.00,100 גרם,false,,15.90,0.0318,true,1,266167
7290002079316,false,חלה פרוסה רגילה 500,מאפית דוידוביץ ובניו,IL,חלה פרוסה 500 גרם,גרמים,500.00,100 גרם,false,,10.90,0.0218,true,1,266168
7290002079361,false,לחמניות המבורגר חתוך 6+2*60 ג',מאפיית דוידוביץ ובני,IL,לחמניות המבורגר פרוס,גרמים,480.00,100 גרם,false,,16.90,0.0352,true,1,266419
7290002079477,false,לחם אחיד פרוס דוידוב,מאפיית דוידוביץ ובני,IL,לחם אחיד פרוס 750 גר,גרמים,750.00,100 גרם,false,,7.91,0.0105,true,1,266170
7290002079613,false,דוידוביץ חלה קלועה מתוקה ארוזה 500 גרם,מאפיית דוידוביץ ובני,,חלה קלועה מתוקה ארוז,גרמים,500.00,100 גרם,false,,12.90,0.0258,true,1,266174
7290002079927,false,לחם דגנים מלא דוידוב,מאפיית דוידוביץ ובני,IL,לחם דגנים קמח מלא 75,גרמים,750.00,100 גרם,false,,14.90,0.0199,true,1,266176
7290002079996,false,לחם אחיד קל פרוס 750 גרם,מאפיית דוידוביץ ובני,IL,לחם אחיד קל פרוס 750,גרמים,750.00,100 גרם,false,,14.90,0.0199,true,1,266177
7290002107071,false,צוריאל פטה עיזים מעודנת גביע 16% 200ג,מחלבת משק צוריאל,IL,צוריאל בולגרית עיזים,גרמים,200.00,100 גרם,false,,23.90,0.1195,true,1,109560
7290002107385,false,גליל גבינת עיזים מה עז משק צוריאל 180 גרם,מחלבת משק צוריאל,IL,צוריאל גליל גבינת עי,גרמים,180.00,100 גרם,false,,22.90,0.1272,true,1,109561
7290002107491,false,גבינה לבנה מחלב עיזים למריחה 5% משק צוריאל 250 גרם,מחלבת משק צוריאל,IL,צוריאל גבינת עזים למ,גרמים,250.00,100 גרם,false,,14.90,0.0596,true,1,109563
7290002107743,false,משק צוריאל צפתית מעו,מחלבת משק צוריאל,IL,משק צוריאל צפתית מעו,קילוגרמים,1.00,"ק""ג",true,,65.00,65.0000,true,1,109564
7290002107798,false,גבינה בולגרית מעודנת 5% משק צוריאל 250 גרם,מחלבת משק צוריאל,IL,צוריאל בולגרית מעודנ,גרמים,250.00,100 גרם,false,,21.90,0.0876,true,1,109565
7290002107965,false,טבורוג גבינה לאפייה 5% צוריאל 500 ג',מחלבת משק צוריאל,IL,צוריאל טבורוג גבינה,גרמים,500.00,100 גרם,false,,23.90,0.0478,true,1,109566
7290002109372,false,בורקס פילו אצבעות בולגרי 700 ג' שלושת האופים,שלושת האופים שגמור,IL,בורקס פילו אצבעות בו,גרמים,700.00,100 גרם,false,,19.90,0.0284,true,1,116824
7290002109488,false,קבב 100% אמיתי טיבון ויל 440 גרם,טיבון ויל,IL,טיבונוויל קבב אמיתי,גרמים,400.00,100 גרם,false,,20.90,0.0522,true,1,116826
7290002129462,false,פיצה איטלקית דקה שלושת האופים מארז זוג 640 ג',,,פיצה איטלקית דקה שלו,גרמים,640.00,100 גרם,false,,26.90,0.0420,true,1,207508
7290002129479,false,פיצה איטלקית דקה 320 ג' שלושת האופים,האי נאם סי או אל.טי.,IT,פיצה איטלקית דקה שלו,גרמים,320.00,100 גרם,false,,13.90,0.0434,true,1,178624
7290002129486,false,פיצה איטלקית דקה זיתים 340 ג' שלושת האופים,האי נאם סי או אל.טי.,IT,פיצה איטלקית דקה שלו,גרמים,340.00,100 גרם,false,,14.90,0.0438,true,1,256064
7290002130567,false,דבש טהור מפרחי בר בזכוכית 350 גרם,מכוורת יד מרדכי שטרא,IL,דבש טהור מפרחי בר בז,גרמים,350.00,100 גרם,false,,22.90,0.0654,true,1,129729
7290002132011,false,עוגיות מזרחיות מלוחות עבאדי 400 גרם,מאפיית יוסף ושמחה עב,IL,עוגיות מזרחיות 400 ג,גרמים,400.00,100 גרם,false,,16.90,0.0422,true,1,126539
7290002133032,false,פתיתי קשקבל 29% גבינות השומרון 300 גרם,"מחלבת השומרון בע""מ",IL,השומרון קשקבל טחון 2,גרמים,300.00,100 גרם,false,,29.10,0.0970,true,1,134075
7290002133131,false,מחלבת שומרון ריקוטה,מחלבת השומרון,IL,מחלבת שומרון ריקוטה,גרמים,250.00,100 גרם,false,,13.60,0.0544,true,1,134077
7290002133162,false,גבינה בולגרית 5% גבינות השומרון 250 גרם,מחלבת השומרון,IL,השומרון בולגרית גביע,גרמים,250.00,100 גרם,false,,19.20,0.0768,true,1,134079
7290002133247,false,לאבנה עם שמן זית וזעתר 5% גבינות השומרון 250 גרם,מחלבת השומרון,IL,השומרון לאבנה עם זעת,גרמים,250.00,100 גרם,false,,12.90,0.0516,true,1,134080
7290002133537,false,יוגורט של פעם חלב עיזים 4% גבינות השומרון 180 גרם,מחלבת השומרון,IL,השומרון יוגורט של פע,גרמים,180.00,100 גרם,false,,6.90,0.0383,true,1,134083
7290002133551,false,גבינת לאבנה עם שמן זית וזעתר 5% השומרון 500 גרם,מחלבת השומרון,IL,השומרון לאבנה עם זעת,גרמים,500.00,100 גרם,false,,19.00,0.0380,true,1,134085
7290002133612,false,"יוגורט יווני אותנטי 8% גבינות השומרון 180 מ""ל",מחלבת השומרון,IL,השומרון יוגורט יווני,גרמים,180.00,100 גרם,false,,5.90,0.0328,true,1,134087
7290002133643,false,גבינת פטה צאן 22% גבינות השומרון 200 גרם,מחלבת השומרון,IL,השומרון פטה צאן 5% 2,גרמים,200.00,100 גרם,false,,20.20,0.1010,true,1,224043
7290002133858,false,גבינה בולגרית צאן 18% גבינות השומרון 250 גרם,מחלבת השומרון,IL,השומרון בולגרית צאן,גרמים,250.00,100 גרם,false,,21.20,0.0848,true,1,134089
7290002133889,false,גבינה בולגרית מעודנת 5% 250 גרם,מחלבת השומרון,IL,השומרון בולגרית מעוד,גרמים,250.00,100 גרם,false,,18.90,0.0756,true,1,134090
7290002157830,false,קוביות גולש עגל 100%,טיבון ויל - נטו,IL,קוביות גולש עגל 100%,יחידה,0.00,יחידה,false,,44.90,0.0000,true,1,168497
7290002157953,false,מארז נתחי טונה בהירה בשמן קנולה - 4 יחידות,דיאמנט פוד פרודקט,IL,טונה בשמן קנולה 4*14,יחידה,4.00,יחידה,false,,19.90,4.9750,true,1,168498
7290002157960,false,טונה ויליגר 392 גרם במים רביעייה,ויליגר,IL,ויליגר נתחי טונה בהי,יחידה,0.00,יחידה,false,,19.90,0.0000,true,1,238996
7290002190141,false,ריבת חלב בצנצנת 450 גרם,Barhan gida sanayi v,IL,קונדיטור ריבת חלב בצ,גרמים,450.00,100 גרם,false,,15.90,0.0353,true,1,110792
7290002232964,false,ציפוי לשניצל פז טחון דק 500 גרם דגש,"תירפז בע""מ",IL,צפוי פז טחון דק- ללא,גרמים,600.00,100 גרם,false,,34.90,0.0582,true,1,134568
7290002232995,false,ציפוי לשניצל פז 500 גרם דגש,פ.פ.ח. שאביט,IL,ציפוי פז דגש 500גר,גרמים,500.00,100 גרם,false,,34.90,0.0698,true,1,134571
7290002239185,false,אפונת גינה קפואה פרי גליל 800 גרם,"פרי הגליל בע""""מ",IL,אפונה מוקפאת 800 גרם,גרמים,800.00,100 גרם,false,,12.90,0.0161,true,1,133592
7290002239215,false,אפונה וגזר 800 ג' פרי הגליל,"פרי הגליל בע""""מ",IL,אפונה וגזר 800 גרם,גרמים,800.00,100 גרם,false,,12.90,0.0161,true,1,133593
7290002239277,false,גזר גמדי 800 גרם פרי הגליל,"פרי הגליל בע""""מ",IL,גזר גמדי 800 גרם,גרמים,800.00,100 גרם,false,,11.90,0.0149,true,1,133594
7290002239297,false,גזר גמדי 800 גרם,,,גזר גמדי 800 גרם,גרמים,800.00,100 גרם,false,,11.90,0.0149,true,1,133595
7290002239307,false,שעועית צהובה 800 ג ' פרי הגליל,"פרי הגליל בע""""מ",IL,שעועית צהובה 800 גרם,גרמים,800.00,100 גרם,false,,12.90,0.0161,true,1,133596
7290002239338,false,שעועית ירוקה 800 ג' פרי הגליל,"פרי הגליל בע""""מ",IL,שעועית ירוקה 800 גרם,גרמים,800.00,100 גרם,false,,12.90,0.0161,true,1,133597
7290002239369,false,שעועית ירוקה שלמה 800 גרם פרי הגליל,"פרי הגליל בע""""מ",IL,פרי הגליל שעועית שלמ,גרמים,800.00,100 גרם,false,,12.90,0.0161,true,1,133598
7290002239420,false,תירס גרעינים 800 ג ' פרי הגליל,"פרי הגליל בע""""מ",IL,תירס גרעינים 800 גרם,גרמים,800.00,100 גרם,false,,12.90,0.0161,true,1,133599
7290002253006,false,שום כתוש בצנצנת 200 גר דורות,עיצובים 2020 (3.8),IL,דורות שום כתוש טרי 2,גרמים,200.00,100 גרם,false,,18.90,0.0945,true,1,123460
7290002253105,false,מגשית קוביות שום טרי דורות 80 ג',עיצובים 2020 (3.8),IL,דורות מגשית קוביות ש,גרמים,80.00,100 גרם,false,,12.90,0.1613,true,1,123463
7290002253150,false,קוביות בזיליקום קצוץ דורות 70 גרם,עיצובים 2020 (3.8),IL,דורות בזיליקום טרי ק,יחידה,0.00,יחידה,false,,10.90,0.0000,true,1,123464
7290002253167,false,פטרוזיליה קצוצה דורות 70 גרם,עיצובים 2020 (3.8),IL,דורות פטרוזליה טרייה,יחידה,0.00,יחידה,false,,10.90,0.0000,true,1,123465
7290002253181,false,קוביות כוסברה קצוצה דורות 70 גרם,עיצובים 2020 (3.8),IL,דורות כוסברה טריה קצ,יחידה,0.00,יחידה,false,,10.90,0.0000,true,1,123467
7290002253198,false,ג'ינג'ר טרי כתוש במגשית 70 ג' דורות,עיצובים 2020 (3.8),IL,דורות גינגר טרי כתוש,יחידה,0.00,יחידה,false,,10.90,0.0000,true,1,123468
7290002253235,false,דורות רוטב פסטו 160 גרם,עיצובים 2020 (3.8),IL,דורות רוטב פסטו 160,גרמים,160.00,100 גרם,false,,12.90,0.0806,true,1,123469
7290002253310,false,דורות שום צילי חריף קוביות תערובת 80 גר,עיצובים 2020 (3.8),IL,דורות שום צילי חריף,יחידה,0.00,יחידה,false,,12.90,0.0000,true,1,190266
7290002255031,false,סיגרים במילוי בשר חט,חטיפי אלקיים בעמ,IL,סיגר במילוי בשר 800,גרמים,800.00,100 גרם,false,,19.90,0.0249,true,1,224600
7290002255048,false,קובה למרק במילוי בשר,חטיפי אלקיים בעמ,IL,קובה למרק 800 גר אלק,גרמים,800.00,100 גרם,false,,19.90,0.0249,true,1,224614
7290002255055,false,פלאפל חטיפי אלקיים 7,חטיפי אלקיים בעמ,IL,פלאפל חטיפי אלקיאם 7,גרמים,400.00,100 גרם,false,,19.90,0.0497,true,1,224615
7290002255116,false,קרפלך במילוי בשר חטי,חטיפי אלקיים בעמ,IL,קרפלך במילוי בשר 800,גרמים,800.00,100 גרם,false,,19.90,0.0249,true,1,224616
7290002255161,false,"קרפלך במילוי תפו""א ק",,,"קרפלך במילוי תפ""א",גרמים,800.00,100 גרם,false,,19.90,0.0249,true,1,224617
7290002255215,false,"עלי סיגר מרובע בד""צ",חטיפי אלקיים בעמ,IL,עלי סיגר מרובע 500גר,גרמים,500.00,100 גרם,false,,9.90,0.0198,true,1,224621
7290002255284,false,"קובה חמוסטה בד""צ חטי",חטיפי אלקיים בעמ,IL,קובה חמוסטה 800 גרם,גרמים,800.00,100 גרם,false,,19.90,0.0249,true,1,224618
7290002263562,false,מיץ לימון 200מל 99.9% סחוט,,,מיץ לימון משומר 200,מיליליטרים,200.00,"100 מ""ל",false,,6.90,0.0345,true,1,209623
7290002268239,false,"דלי טחינה הנסיך 3 ק""",,,"דלי טחינה הנסיך 3 ק""",קילוגרמים,3.00,"ק""ג",false,,69.90,23.3000,true,1,110318
7290002269984,false,"ספריי ME דאודורנט 175 מ""ל",אמיליה קוסמטיקס,IL,מי דאדוראנט תרסיס קל,מיליליטרים,175.00,"100 מ""ל",false,,22.90,0.1309,true,1,108616
7290002277422,false,ריבועי בצק עלים מרודד 700 ג' שלושת האופים,שלושת האופים,IL,שלושת האופים ריבועי,יחידה,0.00,יחידה,false,,15.90,0.0000,true,1,168509
7290002281405,false,סלט סלמון מעושן פיקנטי 2*160 גרם,ויליגר,IL,ויליגר סלט סלמון מעו,גרמים,320.00,100 גרם,false,,9.90,0.0309,true,1,191128
7290002281498,false,גבינה צהובה מגורדת על בסיס חלב 500 ג' ריץ,האי נאם סי או אל.טי.,PL,ריץ צהובה מגורדת 500,גרמים,500.00,100 גרם,false,,24.90,0.0498,true,1,191687
7290002304418,false,"מעדן ענבי ציון אוכמניות 1.2 ק""ג",ענבי ציון,,מעדן אוכמניות 1.200,גרמים,1200.00,100 גרם,false,,24.90,0.0207,true,1,167385
7290002304463,false,מעדן ענבי ציון פרי היער1.2 קג,ענבי ציון,,מעדן פרי יער 1.200 ק,גרמים,1200.00,100 גרם,false,,24.90,0.0207,true,1,167387
7290002304616,false,קונפיטורה ביתית ענבי ציון משמש 600 גרם,ענבי ציון,IL,ענבי ציון-תנובה תענו,גרמים,600.00,100 גרם,false,,19.90,0.0332,true,1,104388
7290002304692,false,קונפיטורה ענבי ציון חמוציות ודובדבן 600,ענבי ציון,IL,ענבי ציון-תנובה תענו,גרמים,600.00,100 גרם,false,,19.90,0.0332,true,1,179629
7290002319016,false,אבקת אפיה מיה מארז 10X10 ג',"מיה תעשיות מזון בע""מ",IL,אבקת אפיה 10*10גר,יחידה,10.00,יחידה,false,,1.90,0.1900,true,1,133861
7290002319023,false,סוכר וניל מיה עשיריו,"מיה תעשיות מזון בע""מ",IL,סוכר וניל 10*10 גרם,יחידה,10.00,יחידה,false,,1.90,0.1900,true,1,133862
7290002319078,false,שומשום מיה 100 גרם,"מיה תעשיות מזון בע""מ",IL,שומשום 100 גרם,גרמים,100.00,100 גרם,false,,3.50,0.0350,true,1,133866
7290002319122,false,גריסים יבשים מיה 500 גר',"מיה תעשיות מזון בע""מ",IL,מיה גריסים 500 גרם,גרמים,500.00,100 גרם,false,,5.40,0.0108,true,1,133870
7290002319146,false,שעועית אדומה מיה 500 גרם,"מיה תעשיות מזון בע""מ",IL,מיה שעועית אדומה 500,גרמים,500.00,100 גרם,false,,9.90,0.0198,true,1,133872
7290002319160,false,אפונה ירוקה יבשה מיה 500 ג',"מיה תעשיות מזון בע""מ",IL,מיה אפונה יבשה 500 ג,גרמים,500.00,100 גרם,false,,5.00,0.0100,true,1,133873
7290002319184,false,עדשים אדומים יבשים מיה 500 גר',"מיה תעשיות מזון בע""מ",IL,מיה עדשים אדומים 500,גרמים,500.00,100 גרם,false,,7.90,0.0158,true,1,133875
7290002319191,false,עדשים ירוקים יבשים מיה 500 גר',"מיה תעשיות מזון בע""מ",IL,מיה עדשים ירוקים 500,גרמים,500.00,100 גרם,false,,7.10,0.0142,true,1,133876
7290002319221,false,מיה חיטה 500 גרם,"מיה תעשיות מזון בע""מ",IL,מיה חיטה 500 גרם,גרמים,500.00,100 גרם,false,,6.10,0.0122,true,1,133879
7290002327028,false,ג'חנון תימני 3 האופים 650 גר',TLV צ'יף,IL,שלושת האופים גחנון 6,גרמים,650.00,100 גרם,false,,15.90,0.0245,true,1,116833
7290002327042,false,"בורקס תפו""א 800 גר' שלושת האופים קהילות",שלושת האופים,IL,"בורקס תפו""א 800 ג",גרמים,800.00,100 גרם,false,,17.90,0.0224,true,1,116834
7290002327066,false,קונכיות בצק למילוי 625 גרם שלושת האופים,שלושת האופים,IL,קונכיות,גרמים,500.00,100 גרם,false,,21.90,0.0438,true,1,116836
7290002327073,false,בורקס גבינה 800 גר' שלושת האופים קהילות,שלושת האופים,IL,שלושת האופים בורקס ג,גרמים,800.00,100 גרם,false,,19.90,0.0249,true,1,116837
7290002327103,false,שלושת האופים ג'חנון תימני 900 גרם,אופרה,IL,שלושת האופים גחנון 1,יחידה,1.00,יחידה,false,,19.90,19.9000,true,1,116838
7290002329602,false,עוגת שוקולד עוגל'ה 350 גרם,,,עוגות שוקולד 350 גרם,גרמים,350.00,100 גרם,false,,7.90,0.0226,true,1,155319
7290002329619,false,עוגת שוקולד צ'יפס עוגל'ה 350 גר,,,עוגת שוקו צ'יפס 350,גרמים,350.00,100 גרם,false,,7.90,0.0226,true,1,155320
7290002329626,false,עוגת שיש עוגל'ה 350 גרם,,,עוגות שיש 350 גרם,גרמים,350.00,100 גרם,false,,7.90,0.0226,true,1,155321
7290002329640,false,עוגת לימון עוגל'ה 350 גרם,,,עוגות לימון 350 גרם,גרמים,350.00,100 גרם,false,,7.90,0.0226,true,1,155323
7290002329664,false,עוגת אנגלית עוגל'ה 350 גרם,,,עוגות אנגלית 350 גרם,גרמים,350.00,100 גרם,false,,7.90,0.0226,true,1,155325
7290002329695,false,עוגת תפוחים עוגלה 350ג',,,עוגת וניל 350 גרם,גרמים,350.00,100 גרם,false,,7.90,0.0226,true,1,155326
7290002329718,false,עוגת דבש עוגל'ה 350 גרם-יחידה,,,עוגת דבש 350 גרם,גרמים,350.00,100 גרם,false,,7.90,0.0226,true,1,215419
7290002329961,false,עוגת שוקוצ'ינו עוגל'ה 350 גרם,,,עוגת שוקוצ'ינו 350 ג,גרמים,350.00,100 גרם,false,,7.90,0.0226,true,1,155327
7290002331025,false,"מים מינרלים נביעות ספורט 500 מ""ל פקדון",נביעות טבע הגליל בעמ,IL,נביעות ספורט פקדון 5,יחידה,500.00,יחידה,false,,5.00,0.0100,true,1,138734
7290002331094,false,"נביעות+ מים טעם ענבים 755מ""ל",נביעות טבע הגליל בעמ,IL,"נביעות 755 מ""ל",מיליליטרים,755.00,"100 מ""ל",false,,4.00,0.0053,true,1,138736
7290002331322,false,שישיית מים נביעות 1.5 ליטר,נביעות,IL,נביעות 6* 1.5 ליטר,ליטרים,1.50,ליטר,false,,13.90,9.2667,true,1,138743
7290002331360,false,"נביעות מים מינרליים טו גו מארז 500X6מ""ל",קריות זול,IL,"נביעות 6 * 500 מ""ל",מיליליטרים,500.00,"100 מ""ל",false,,16.10,0.0322,true,1,138744
7290002331421,false,"מים אישי נביעות מארז שישייה* 755 מ""ל",קריות זול,IL,"נביעות 6* 755 מ""ל",מיליליטרים,755.00,"100 מ""ל",false,,17.90,0.0237,true,1,138745
7290002331483,false,"שישיית נביעות אישי בייבי 320 מ""ל",נביעות טבע הגליל בעמ,IL,נביעות בייבי 6* 320,מיליליטרים,320.00,"100 מ""ל",false,,13.90,0.0434,true,1,138746
7290002331490,false,מים מינרליים נביעות 1 ליטר,נביעות טבע הגליל בעמ,IL,נביעות 1 ליטר,ליטרים,1.00,ליטר,false,,2.90,2.9000,true,1,138747
7290002332626,false,דג דניס טרי שלם,,,דג דניס טרי שלם,קילוגרמים,1.00,"ק""ג",true,,64.90,64.9000,true,1,263780
7290002332633,false,דג דניס טרי שלם,,,דג דניס טרי שלם,קילוגרמים,1.00,"ק""ג",true,,64.90,64.9000,true,1,263792
7290002332640,false,דג דניס טרי שלם,,,דג דניס טרי שלם,קילוגרמים,1.00,"ק""ג",true,,64.90,64.9000,true,1,263793
7290002332657,false,דג דניס טרי שלם,,,דג דניס טרי שלם,קילוגרמים,1.00,"ק""ג",true,,64.90,64.9000,true,1,263794
7290002332701,false,דג לברק טרי שלם,,,דג לברק טרי שלם,קילוגרמים,1.00,"ק""ג",true,,69.90,69.9000,true,1,263804
7290002332718,false,דג לברק טרי שלם,,,דג לברק טרי שלם,קילוגרמים,1.00,"ק""ג",true,,69.90,69.9000,true,1,263805
7290002332725,false,דג לברק טרי שלם,,,דג לברק טרי שלם,קילוגרמים,1.00,"ק""ג",true,,69.90,69.9000,true,1,263806
7290002332756,false,דג סלמון טרי שלם,,,דג סלמון טרי שלם,קילוגרמים,1.00,"ק""ג",true,,89.90,89.9000,true,1,263815
7290002332770,false,דג קרפיון טרי שלם,,,דג קרפיון טרי שלם,קילוגרמים,1.00,"ק""ג",true,,27.90,27.9000,true,1,263816
7290002332855,false,דג דניס טרי שלם,,,דג דניס טרי שלם,קילוגרמים,1.00,"ק""ג",true,,64.90,64.9000,true,1,263781
7290002333500,false,עדשים אדומות אורגני 500 גרם - הרדוף,אול אורגני,IL,עדשים אדומות אורגני,גרמים,500.00,100 גרם,false,,9.90,0.0198,true,1,227916
7290002333951,false,עדשים ירוקות אורגני 500 גרם - הרדוף,אול אורגני,IL,עדשים ירוקות אורגני,גרמים,500.00,100 גרם,false,,11.90,0.0238,true,1,227920
7290002341079,false,כרית יפנית כסף סגול ארוז רביעיה ר. שמאי,,,כרית יפנית ארוז רביע,יחידה,0.00,יחידה,false,,7.90,0.0000,true,1,179842
7290002345015,false,סינטה דק דק אל גאוצ'ו 250ג' מינוט,"טיבון ויל אחזקות בע""",IL,*מבצע* סינטה אלגוצ'ו,גרמים,250.00,100 גרם,false,,16.90,0.0676,true,1,179098
7290002345022,false,אנטריקוט דק דק אל גאצ'ו 250ג' מינוט,"טיבון ויל אחזקות בע""",IL,*מבצע* אנטריקוט אלגו,גרמים,250.00,100 גרם,false,,16.90,0.0676,true,1,179099
7290002345077,false,שניצל בקר מינוט אל גאוצ'ו קפוא 250 גר,טיבון ויל,IL,*מבצע* נטו שניצל בקר,גרמים,250.00,100 גרם,false,,16.90,0.0676,true,1,183051
7290002345121,false,אסאדו דקדק אל גאוצ'ו 250 גרם,טיבון ויל - נטו,IL,*מבצע* אסאדו דקדק 25,גרמים,250.00,100 גרם,false,,16.90,0.0676,true,1,223420
7290002348238,false,אננס חתוך 820 ג' ויליגר,טיפקו,TH,אננס חתוך ויל' 820 ג,גרמים,830.00,100 גרם,false,,10.90,0.0131,true,1,236144
7290002349006,false,קוטל תיקן פיתיון ג'ל להדברת תיקנים 5 גר,סיקמקס בעמ,IL,קוטל תיקן פיתיון ג'ל,יחידה,0.00,יחידה,false,,39.90,0.0000,true,1,198067
7290002349013,false,אנט ג'ל פיתיון להדברת נמלים 5 גר,סיקמקס בעמ,IL,אנט ג'ל פיתיון להדבר,יחידה,0.00,יחידה,false,,39.90,0.0000,true,1,198068
7290002353249,false,ממרח דיגונז מיילי 33,מיוצר עי קונדיטוריית,FR,דיג'ונג מיילי 335 גר,גרמים,335.00,100 גרם,false,,21.90,0.0654,true,1,174015
7290002353836,false,סרדינים רוברט בשמן זית 115 גרם,קונסרבס פורטוגל נורט,PT,סר' רוברט בשמן זית 1,גרמים,120.00,100 גרם,false,,8.90,0.0742,true,1,116849
7290002360155,false,חליטת תה פרחי שומר פומפדור 20 שקיקים,TEEKANNE- POMPADOU,DE,פומפדור חליטת שומר 2,יחידה,20.00,יחידה,false,,16.20,0.8100,true,1,124798
7290002360278,false,חליטת תה מנטה פומפדור 20 שקיקים,"איטיליאן פוד, אס.פי.",DE,פומפדור חליטת מנטה 2,יחידה,20.00,יחידה,false,,16.20,0.8100,true,1,124801
7290002360285,false,תה פומפדור חליטת צמחים קמומיל 20 שק,TEEKANNE- POMPADOU,DE,פומפדור חליטת קמומיל,יחידה,20.00,יחידה,false,,16.20,0.8100,true,1,124802
7290002371403,false,טירת צבי מארז זוגות 600 ג',טירת- צבי,IL,טירת צבי מארז זוגות,גרמים,600.00,100 גרם,false,,28.00,0.0467,true,1,104394
7290002371526,false,"דקניקים, סלסולי פסטרמה שום וצי'לי פיקנטי 120 גרם",הנסיך- מפעל לייצור ט,IL,טירת צבי סלסולי פסטר,גרמים,120.00,100 גרם,false,,14.90,0.1242,true,1,104399
7290002371854,false,"נקניקיות עוף מתובלות 1 ק""ג טירת צבי",הנסיך- מפעל לייצור ט,IL,טירת צבי נקניקיות עו,קילוגרמים,1.00,"ק""ג",false,,31.50,31.5000,true,1,104404
7290002374268,false,שמן חמניות מילומור 1 ליטר,שמן תעשיות,IL,שמן חמניות מילומור 1,ליטרים,1.00,ליטר,false,,10.90,10.9000,true,1,126313
7290002374312,false,"שמן קנולה מילומור 1 ל' עד""ח","נארז ע""י : א.ג. גילר",IL,שמן קנולה מילומור 1,ליטרים,1.00,ליטר,false,,10.90,10.9000,true,1,126314
7290002374640,false,שמן קנולה פלוס אומגה 3 1 ליטר עץ הזית,שמן תעשיות,IL,עץ הזית שמן קנולה פל,ליטרים,1.00,ליטר,false,,16.90,16.9000,true,1,126317
7290002408161,false,גבינה הולנדיה קרם 235ג',,NL,הולנדיה קרם 235 גרם,גרמים,235.00,100 גרם,false,,16.90,0.0719,true,1,191983
7290002410713,false,מעדני הטלה קישקע ממו,לאטי עזרא גלם ודגים,IL,מעדני הטלה קישקע ממו,גרמים,500.00,100 גרם,false,,10.90,0.0218,true,1,115080
7290002439196,false,ריצ עוגת גבינת פירור,ריץ',IL,ריצ עוגת גבינת פירור,גרמים,400.00,100 גרם,false,,36.90,0.0922,true,1,168518
7290002439226,false,ריצ רולדת ריבת חלב 4,ריץ',IL,ריצ רולדת ריבת חלב 4,יחידה,0.00,יחידה,false,,36.90,0.0000,true,1,168520
7290002439233,false,רולדה שוקולד ריץ 450 גר,ריץ',IL,ריצ רולדת שוקולד 450,יחידה,0.00,יחידה,false,,36.90,0.0000,true,1,168521
7290002439240,false,עוגת פס גבינה אפוייה ריצ' 500ג',ריץ',IL,ריצ עוגת גבינה אפויה,גרמים,450.00,100 גרם,false,,36.90,0.0820,true,1,168522
7290002439981,false,קלאסיקו קבב בקר אל גאוצ'ו,"טיבון ויל אחזקות בע""",IL,אל גאוצו קלאסיקו קבב,יחידה,0.00,יחידה,false,,23.90,0.0000,true,1,168526
7290002439998,false,קלאסיקו קבב בקר וכבש,טיבון ויל - נטו,IL,אל גאוצו קלאסיקו קבב,יחידה,0.00,יחידה,false,,23.90,0.0000,true,1,168527
7290002461562,false,מיני מרגז מעדני הטלה,מעדני הטלה,IL,מעדני הטלה נקניקיות,גרמים,500.00,100 גרם,false,,24.90,0.0498,true,1,115087
7290002478041,false,מעדני הטלה נקניקיות,,,מעדני הטלה נקניקיות,גרמים,400.00,100 גרם,false,,10.90,0.0273,true,1,115092
7290002478416,false,מעדני הטלה קבב כבש ט,מעדני הטלה,IL,מעדני הטלה קבב כבש ט,גרמים,800.00,100 גרם,false,,49.90,0.0624,true,1,115097
7290002487364,false,שלושת האופים ב. פילו גבינה זיתים 700 גר לנדא,שלושת האופים שגמור,IL,שלושת האופים ב. פילו,גרמים,700.00,100 גרם,false,,19.90,0.0284,true,1,116851
7290002488057,false,"תמר מגהול פרימיום 2 ק""",,,"תמרים מגהול 2 ק""ג",קילוגרמים,2.00,"ק""ג",false,,59.90,29.9500,true,1,250680
7290002488460,false,תמר מג'הול עסיסי 500 גר,,,תמר מגהול עסיסי 500,גרמים,500.00,100 גרם,false,,34.90,0.0698,true,1,264298
7290002496557,false,תמר לח ארוז ליח,פרי וירק טמרה ושותפי,,תמר לח 500 גרם,גרמים,500.00,100 גרם,false,,9.90,0.0198,true,1,140683
7290002507451,false,קציצות דג סלמון דלידג 750 גר',דלידג,IL,קציצות סלמון לבישול,גרמים,750.00,100 גרם,false,,32.90,0.0439,true,1,173973
7290002507604,false,פיצת השף מאיטליה 320 גר',האי נאם סי או אל.טי.,IT,שגב פיצה השף מאיטליה,גרמים,320.00,100 גרם,false,,15.90,0.0497,true,1,207509
7290002515333,false,"ד""ר פישר - קמיל בלו סנסיטיב אל סבון עדין לתינוק 500 מ""ל","ד""ר פישר Dr fischer",IL,קמיל בלו סנסיטיב מוע,מיליליטרים,500.00,"100 מ""ל",false,,22.00,0.0440,true,1,138048
7290002515371,false,"קמיל בלו אל סבון לתינוקות ד""ר פישר 1 ליטר",הדקלאים אגודת שיתופי,IL,קמיל בלו קלאסיק 1 לי,ליטרים,1.00,ליטר,false,,32.00,32.0000,true,1,138050
7290002542506,false,"בקבוק בירה קורונה 355 מ""ל",קריניציה ויטמינה אס,MX,בירה קורונה 355 מל,מיליליטרים,355.00,"100 מ""ל",false,,9.90,0.0279,true,1,191628
7290002542780,false,"שישייה בירה סטלה ארטואה בקבוק 330X6 מ""ל",סטלה,BE,סטלה ארטואה שישייה 3,יחידה,0.00,יחידה,false,,39.90,0.0000,true,1,239755
7290002542841,false,"שישייה בירה לף בלונד בקבוק 330X6 מ""ל",לף Leffe,BE,לף בלונד שישייה 330,מיליליטרים,330.00,"100 מ""ל",false,,49.90,0.1512,true,1,240793
7290002542865,false,"שישייה בירה הוגרדן בקבוק 330X6 מ""ל",הוגרדן,BE,"הוגרדן שישייה 330 מ""",מיליליטרים,330.00,"100 מ""ל",false,,49.90,0.1512,true,1,240794
7290002542889,false,"הוגרדן בקבוק 750 מ""ל",,,"הוגרדן בקבוק 750 מ""ל",מיליליטרים,330.00,"100 מ""ל",false,,29.90,0.0906,true,1,240799
7290002543046,false,קלוגס פרוסטיס דגנים וסוכר 750ג',קלוג מנייופרטורינג א,ES,קלוגס פרוסטיס דגנים,גרמים,750.00,100 גרם,false,,21.90,0.0292,true,1,141553
7290002552345,false,מאגדת שלגונים גלי גל פרווה 8 יח' ריאו,"גלידות ריאו ביח""ר לג",IL,שלגונים גלי גל פרווה,יחידה,8.00,יחידה,false,,12.90,1.6125,true,1,145546
7290002552499,false,מאגדת שלגוני שרבט פרווה תות מנגו 8 יח' ריאו,"גלידות ריאו ביח""ר לג",IL,מאגדת שמיניות שלגוני,יחידה,8.00,יחידה,false,,16.90,2.1125,true,1,145553
7290002560005,false,נורמה שקיות אשפה שרו,,,נורמה שקיות אשפה שרו,יחידה,60.00,יחידה,false,,13.90,0.2317,true,1,177369
7290002560012,false,נורמה שקיות ריצרץ לא,,,נורמה שקיות ריצרץ לא,יחידה,0.00,יחידה,false,,7.90,0.0000,true,1,214614
7290002560029,false,שקיות ריצרץ מדיום 15,,,שקיות ריצרץ מדיום 15,יחידה,0.00,יחידה,false,,6.90,0.0000,true,1,214615
7290002560050,false,ש.אשפה נורמה שרוך 52,,,ש.אשפה נורמה שרוך 52,יחידה,100.00,יחידה,false,,19.90,0.1990,true,1,177370
7290002560081,false,שקיות הקפאת מזון 25/,,,נורמה הקפאת מזון 25/,יחידה,0.00,יחידה,false,,9.90,0.0000,true,1,177374
7290002560098,false,נורמה שקיות אשפה ריח,,,נורמה שקיות אשפה ריח,יחידה,25.00,יחידה,false,,9.90,0.3960,true,1,224331
7290002560135,false,נורמה ניילון נצמד 15,,,נורמה ניילון נצמד 15,יחידה,0.00,יחידה,false,,19.90,0.0000,true,1,193878
7290002560227,false,נורמה גופייה 75/90 2,קריות זול,,נורמה גופייה 75/90 2,יחידה,0.00,יחידה,false,,13.90,0.0000,true,1,179900
7290002560289,false,ש.אשפה 70*52 נורמה י,,,ש.אשפה 70*52 נורמה י,יחידה,0.00,יחידה,false,,7.90,0.0000,true,1,197643
7290002560333,false,שקיות אוכל מארז שלשה,,,שקיות אוכל 150 יח' נ,יחידה,0.00,יחידה,false,,12.90,0.0000,true,1,185747
7290002560500,false,שקיות זיפר מדיום 50,,,שקיות זיפר מדיום 50,יחידה,0.00,יחידה,false,,10.90,0.0000,true,1,214616
7290002560517,false,שקיות זיפר לארג 20 י,,,שקיות זיפר לארג 20 י,יחידה,0.00,יחידה,false,,7.90,0.0000,true,1,214617
7290002560777,false,נורמה נייר אפיה 50 י,,,נורמה נייר אפיה 50 י,יחידה,0.00,יחידה,false,,9.90,0.0000,true,1,221412
7290002579038,false,קיסמי שיניים 300 יח',,,קיסמי שיניים 300 יח',יחידה,300.00,יחידה,false,,4.00,0.0133,true,1,111219
7290002596455,false,מעדני הטלה המבורגר 2,,,מעדני הטלה המבורגר 2,קילוגרמים,2.00,"ק""ג",false,,64.90,32.4500,true,1,249271
7290002603474,false,פיצה רוטב פטריות בטעם כמהין שגב 200 גר,סוילה אס.אר.אל,IT,פיצה השף שגב רוטב פ,גרמים,200.00,100 גרם,false,,13.90,0.0695,true,1,223027
7290002603498,false,שגב פיצת השף מאיטליה אנטיפסטי,האי נאם סי או אל.טי.,IT,פיצה השף שגב אנטיפס,גרמים,220.00,100 גרם,false,,13.90,0.0632,true,1,179102
7290002603634,false,"פיצה משולש תפזורת בד""צ 80ג'",שמגור בעמ,IL,פיצה משולש מרגריטה ת,יחידה,0.00,יחידה,false,,2.50,0.0000,true,1,248586
7290002603696,false,מקלות בורקס פילו XL גבינה שגב 450 גר,שלושת האופים שגמור,IL,שגב מקלות פילו גבינה,גרמים,450.00,100 גרם,false,,19.90,0.0442,true,1,179627
7290002608127,false,בייגל רומני פילסברי,פילסברי,,בייגל רומני,יחידה,0.00,יחידה,false,,4.50,0.0000,true,1,107039
7290002608509,false,לחם מחמצת זיתי קלמנט,,,לחם מחמצת זיתי קלמטה,גרמים,530.00,100 גרם,false,,16.90,0.0319,true,1,180004
7290002608899,false,עוגיות מנגלך טעם שוק,פילסברי,IL,מינגלעך בטעם שוקולד,גרמים,400.00,100 גרם,false,,19.90,0.0497,true,1,253714
7290002627210,false,"גפילטעפיש קציצות מדגי קרפיון וכסיף 560 גר' בעל""ז",האי נאם סי או אל.טי.,IL,דלידג גפילטע פיש 520,גרמים,520.00,100 גרם,false,,15.90,0.0306,true,1,199972
7290002640011,false,ישרקו גורגונזולה פיק,,,ישרקו גורגונזולה פיק,קילוגרמים,1.00,"ק""ג",true,,200.00,200.0000,true,1,174114
7290002651260,false,קוסקוס חמסי 800 גרם,לאטי עזרא,IL,קוסקוס חמסי 800 גרם,גרמים,800.00,100 גרם,false,,15.90,0.0199,true,1,154554
7290002654612,false,סחלב - חלב ישראל 500 גרם,,,סחלב - חלב ישראל 500,גרמים,500.00,100 גרם,false,,16.90,0.0338,true,1,116376
7290002654674,false,תערובת להכנת עוגת שוקולד כהאנס 560ג',י.כהן,,עוגת אינגליש שוקולד,גרמים,560.00,100 גרם,false,,15.90,0.0284,true,1,216927
7290002657408,false,נתחי טונה בשמן 960 ג' פוסידון,פוסידון,IL,טונה פוסידון בשמן 1,קילוגרמים,1.00,"ק""ג",false,,28.90,28.9000,true,1,177999
7290002661696,false,סנקריס בטעם בצל ללא,,,סנקריס בטעם בצל ללא,יחידה,0.00,יחידה,false,,14.90,0.0000,true,1,237207
7290002692393,false,שמן קנולה מזוכך מועשר עץ הזית 1 ליטר,שמן תעשיות,IL,שמן קנולה מועשר עץ ה,ליטרים,1.00,ליטר,false,,15.90,15.9000,true,1,126319
7290002692478,false,"שמן זית כתית מעולה קלאסי מעודן 750 מ""ל עץ הזית","מרקאולאו, ספרד.אבסה,",IT,שמן זית כתית מעולה ק,מיליליטרים,750.00,"100 מ""ל",false,,33.60,0.0448,true,1,126321
7290002692768,false,"תרסיס קנולה מופחת קלוריות 200 מ""ל עץ הזית",טרנסומס פוד איי בי,IL,עץ הזית תרסיס מופחת,מיליליטרים,200.00,"100 מ""ל",false,,15.90,0.0795,true,1,126324
7290002692782,false,"תרסיס שמן זית עץ הזית כתית ללא גז 148מ""ל",י.ב טכנולוגיות אריזה,IL,עץ הזית תרסיס מופחת,מיליליטרים,148.00,"100 מ""ל",false,,15.90,0.1074,true,1,126325
7290002707134,false,"קמח מפרץ 1 ק""ג",,,"קמח מפרץ 1 ק""ג",קילוגרמים,1.00,"ק""ג",false,,4.00,4.0000,true,1,112464
7290002707141,false,"סולת 1ק""ג",,,"סולת 1ק""ג",קילוגרמים,1.00,"ק""ג",false,,4.00,4.0000,true,1,112465
7290002707172,false,"סולת 1 ק""ג",,,"סולת 1 ק""ג",קילוגרמים,1.00,"ק""ג",false,,4.00,4.0000,true,1,137516
7290002715504,false,ארוחת נודלס בטעם עוף מג'יק 70 גרם,טאט הוי פוד בעמ,SG,מגיק טעם עוף בכוס 70,יחידה,0.00,יחידה,false,,5.90,0.0000,true,1,168365
7290002715511,false,ארוחת נודלס בטעם בשר מג'יק 70 גרם,טאט הוי פוד בעמ,SG,מגיק טעם בשר בכוס 70,יחידה,0.00,יחידה,false,,5.90,0.0000,true,1,168366
7290002715528,false,ארוחת נודלס בטעם ירקות מג'יק 70 גרם,טאט הוי פוד בעמ,SG,מגיק טעם ירקות בכוס,יחידה,0.00,יחידה,false,,5.90,0.0000,true,1,168367
7290002715580,false,ארוחת נודלס בטעם סיני חריף מג'יק 70 גרם,טאט הוי פוד בעמ,SG,מגיק טעם סיני בכוס 7,יחידה,0.00,יחידה,false,,5.90,0.0000,true,1,168368
7290002730262,false,"נוזל לניקוי כלים קלאסי פלמוליב 750 מ""ל",יבואן ומשווק: ש. שסט,GR,פלמוליב לכלים קלאסי,יחידה,750.00,יחידה,false,,9.90,0.0132,true,1,124808
7290002730521,false,צימרוני אוזניים בלונס בקופסא 200 יח',קריות זול,GR,בלונס צמרונים בקופסא,יחידה,200.00,יחידה,false,,6.90,0.0345,true,1,124811
7290002730675,false,"קולגייט משחת שיניים אדומה משפחתי 100 מ""ל",קולגייט פלמוליב,PL,קולגייט אדומה משחת,גרמים,100.00,100 גרם,false,,13.90,0.1390,true,1,124814
7290002730811,false,"משחת שיניים ג'ל פסים מרעננים קולגייט 100 מ""ל",הנסיך- מפעל לייצור ט,PL,קולגייט משחת שיניים,גרמים,100.00,100 גרם,false,,12.90,0.1290,true,1,124815
7290002730903,false,פלמוליב סבון מוצק ורדים רביעייה * 125 ג',הנסיך- מפעל לייצור ט,TR,פלמוליב סבון מוצק ור,גרמים,500.00,100 גרם,false,,15.90,0.0318,true,1,124816
7290002730941,false,צמר גפן פרוס בלונס 100 גרם,הנסיך- מפעל לייצור ט,GR,בלונס צמר גפן פרוס,גרמים,100.00,100 גרם,false,,6.90,0.0690,true,1,124819
7290002730958,false,סבון מוצק בניחוח זיתים ואלוורה פלמוליב 4*100 גרם,הנסיך- מפעל לייצור ט,TR,פלמוליב סבון מוצק  י,גרמים,400.00,100 גרם,false,,15.90,0.0398,true,1,124820
7290002750154,false,שישיית לחמניות יאמיס,פילסברי,IL,לחמניה יאמיס מארז שי,יחידה,6.00,יחידה,false,,12.90,2.1500,true,1,169493
7290002750178,false,ג'בטה 180 כפרית,פילסברי,,גבטה 180 כפרית,יחידה,0.00,יחידה,false,,5.00,0.0000,true,1,154072
7290002750338,false,לחם רוסטיק עגבניות מ,פילסברי,,לחם עגבניות מיובשות,גרמים,530.00,100 גרם,false,,16.90,0.0319,true,1,180005
7290002752332,false,"סוכריות מנטוס פירות בגליל, 37.5 גרם",הדקלאים אגודת שיתופי,NL,מנטוס פירות בגליל 37,יחידה,0.00,יחידה,false,,3.30,0.0000,true,1,115387
7290002752349,false,סוכריות מנטוס מנטה 40יח' בגליל 38ג',פרפטי ואן מלה,NL,מנטוס מנטה בגליל 37.,יחידה,0.00,יחידה,false,,3.30,0.0000,true,1,115388
7290002753995,false,סוכריות עדשים לקישוט עוגה וורנר 6*25 גרם,היינץ צפון אמריקה מק,DE,ערכת קישוטי עוגה 150,גרמים,150.00,100 גרם,false,,18.20,0.1213,true,1,115397
7290002757139,false,מלוואח 700 גר' שלושת האופים קהילות,שלושת האופים,IL,שלושת האופים מלוואח,גרמים,700.00,100 גרם,false,,15.90,0.0227,true,1,116870
7290002757146,false,"קובה חמוסטה למרק שלושת האופים 1ק""ג",שלושת האופים,IL,שלושת האופים קובה חמ,יחידה,1.00,יחידה,false,,22.90,22.9000,true,1,116871
7290002757511,false,דלידג קציצות דג לבישול 750 גר קהילות,האי נאם סי או אל.טי.,IL,דלידג קציצות דג לביש,גרמים,750.00,100 גרם,false,,26.90,0.0359,true,1,116873
7290002757535,false,בורקס פילו אצבעות גבינה 700 ג' שלושת האופים,שלושת האופים שגמור,IL,בורקס פילו אצבעות גב,גרמים,700.00,100 גרם,false,,19.90,0.0284,true,1,116875
7290002757665,false,קבב מזרחי טיבון ויל 400 ג',טיבון ויל,IL,קבב מזרחי 400 גרם,גרמים,400.00,100 גרם,false,,11.90,0.0298,true,1,116876
7290002757672,false,המבורגר מזרחי טיבון ויל 400ג',טיבון ויל,IL,המבורגר 400גרם נטו,גרמים,400.00,100 גרם,false,,11.90,0.0298,true,1,116877
7290002757733,false,ג'חנון 650 ג' שלושת האופים,אופרה,,שלושת האופים גחנון 6,גרמים,650.00,100 גרם,false,,11.90,0.0183,true,1,116881
7290002757757,false,מלוואח 700 ג' שלושת האופים,אופרה,,שלושת האופים מלוואח,גרמים,700.00,100 גרם,false,,13.90,0.0199,true,1,116883
7290002768074,false,אל סבון נוזלי רגיל דרמפון 1 ליטר,"אמיליה קוסמטיקס בע""מ",IL,דרמפון-סבון נוזלי לי,ליטרים,1.00,ליטר,false,,16.90,16.9000,true,1,108623
7290002768159,false,"קצף אמבט בת אורן קרליין 500 מ""ל",פארק תעשיות עמק חפרמ,IL,בת אורן-סבון אמבט נו,מיליליטרים,500.00,"100 מ""ל",false,,19.90,0.0398,true,1,108624
7290002769316,false,קראנץ שמרים 500 גרם,ר.כ עוגיות הזהב,IL,קראנץ שמרים 500 גרם,גרמים,500.00,100 גרם,false,,13.90,0.0278,true,1,234028
7290002769347,false,עוגיות מובחרות בדלי --600-500 גרם,עוגיות הזהב,IL,עוגיות בדלי הזהב 50,גרמים,700.00,100 גרם,false,,15.90,0.0227,true,1,248026
7290002769644,false,עוגת דבש/אגוזים 370 גר' עוגיות הזהב,,,עוגת דבש 370 גרם,גרמים,370.00,100 גרם,false,,6.90,0.0186,true,1,265211
7290002769675,false,עוגת מאפינס ללא תוספ,אחווה,,מאפינס ללא סוכר 450,גרמים,450.00,100 גרם,false,,13.90,0.0309,true,1,248028
7290002769910,false,עוגיות מיוחדות ללא סוכר 300 גר',מאפיית ישראל חיפה,IL,עוגיות ללא תוספת סוכ,גרמים,350.00,100 גרם,false,,13.90,0.0397,true,1,248029
7290002775010,false,מיני בורקס פילו גבינה שלושת האופים מהדרין 650 ג',שלושת האופים שגמור,IL,מיני בורקס פילו גבינ,גרמים,650.00,100 גרם,false,,19.90,0.0306,true,1,116885
7290002775805,false,ריצ עוגת מוס גבינה פ,,,ריצ עוגת מוס גבינה פ,גרמים,850.00,100 גרם,false,,69.90,0.0822,true,1,168374
7290002775898,false,עוגת מוס בלגי 850 ג' ריצ',"גידרון תעשיות בע""מ",IL,ריצ עוגת מוס בלגי 85,גרמים,850.00,100 גרם,false,,69.90,0.0822,true,1,168375
7290002780588,false,חרוזית מושחר ‏2‏A‏ ב,בני דרום,IL,חרוזית מושחר ‏2‏A‏ ב,יחידה,0.00,יחידה,false,,8.90,0.0000,true,1,240411
7290002780656,false,טבעות מושחר ‏2‏-‏A‏,,,טבעות מושחר ‏2‏-‏A‏,יחידה,0.00,יחידה,false,,8.90,0.0000,true,1,240413
7290002781073,false,מיץ לימון מיטב 4 ליט,,,מיץ לימון מיטב 4 ליט,ליטרים,4.00,ליטר,false,,14.90,3.7250,true,1,116130
7290002781080,false,חרדל אמיתי 550 ג' מיטב,,,ממרח חרדל 550 גר,גרמים,550.00,100 גרם,false,,9.90,0.0180,true,1,116131
7290002781103,false,חומץ 5% 4 ליטר,,,חומץ 5% 4 ליטר,ליטרים,1.00,ליטר,false,,14.90,14.9000,true,1,116133
7290002781165,false,"*מיונז אמיתי 5 ק""ג מ",,,"*מיונז אמיתי 5 ק""ג מ",קילוגרמים,5.00,"ק""ג",false,,79.90,15.9800,true,1,116135
7290002781240,false,מיץ לימון משומר 1 ל' מיטב,,,מיץ לימון משומר 1 לי,ליטרים,1.00,ליטר,false,,5.90,5.9000,true,1,116137
7290002781257,false,חומץ 1 ליטר כהה-בהיר,,,חומץ 1 ליטר כהה-בהיר,ליטרים,1.00,ליטר,false,,5.90,5.9000,true,1,116138
7290002781264,false,סירופ בטעם שוקולד מי,מיטב,,סירופ שוקולד 740 מל,גרמים,700.00,100 גרם,false,,10.90,0.0156,true,1,116139
7290002781905,false,ריבה בטעם מעורבת 820 ג' מיטב,,,ריבה מעורבת 880 גרם,גרמים,880.00,100 גרם,false,,9.90,0.0113,true,1,116157
7290002781912,false,ריבה בטעם תות 820 ג' מיטב,,,ריבה בטעם תות 880 גר,גרמים,880.00,100 גרם,false,,9.90,0.0113,true,1,116158
7290002782131,false,"פנינה רוזנבלום - דאודורנט ספריי לאישה מס' 1 150 מ""ל",פנינה רוזנבלום,IL,פנינה דאודורנט ספריי,מיליליטרים,150.00,"100 מ""ל",false,,23.90,0.1593,true,1,134095
7290002782742,false,"פנינה רוזנבלום - דאודורנט ספריי לאישה מס' 2 150 מ""ל",פנינה רוזנבלום,IL,פנינה דאודורנט ספריי,מיליליטרים,150.00,"100 מ""ל",false,,20.00,0.1333,true,1,134098
7290002782759,false,"פנינה קרם גוף רוזנבלום 400 מ""ל",פנינה רוזנבלום,IL,קרם גוף פנינה רוזנבל,יחידה,400.00,יחידה,false,,26.90,0.0672,true,1,134099
7290002787884,false,"בורקס מקלות פילו תפו""א 3.האופים 600 ג'",שגמור,IL,שלושת האופים מקלות פ,יחידה,0.00,יחידה,false,,19.90,0.0000,true,1,168538
7290002787891,false,בורקס מקלות פילו תרד 3.האופים 600 ג',שגמור,IL,שלושת האופים מקלות ב,גרמים,650.00,100 גרם,false,,19.90,0.0306,true,1,168539
7290002800361,false,המבורגר מסעדות בואקו,מעדני הטלה,IL,מעדני הטלה והעגל המב,גרמים,500.00,100 גרם,false,,24.90,0.0498,true,1,115111
7290002805151,false,סיף פנטסטיק לרצפות בניחוח סחלבים 4ל',יוניליוור ישראל טיפו,IL,סיף פנטסטיק רצפות בנ,ליטרים,4.00,ליטר,false,,19.90,4.9750,true,1,113470
7290002814016,false,"מסיר שומנים קר מתז סנט מוריץ 750מ""ל","קומפלקס כימיקלים בע""",IL,מסיר שומנים סנט מורי,מיליליטרים,750.00,"100 מ""ל",false,,14.90,0.0199,true,1,128952
7290002814054,false,סנט מוריץ מתז אנטרטיק מתז 1 ליטר,"קומפלקס כימיקלים בע""",IL,אנטרטיק 1 ליטר מתז,ליטרים,1.00,ליטר,false,,11.90,11.9000,true,1,192726
7290002814078,false,סנט מוריץ נוזל לניקוי אמבט אנטרטיק 1ל',"קומפלקס כימיקלים בע""",IL,נוזל לניקוי אמבט אנט,מיליליטרים,1000.00,"100 מ""ל",false,,10.00,0.0100,true,1,128955
7290002814122,false,"ספריי אוויר 250 מ""ל fashion no.9 סנט מוריץ",סורה קוסמטיקס,TR,fashion no.9 ספריי א,מיליליטרים,250.00,"100 מ""ל",false,,12.90,0.0516,true,1,258951
7290002814221,false,שלישייה סבון אסלה לבנדר סנט מוריץ,מיס פלורה,TR,סנט מוריץ סבון אסלה,יחידה,0.00,יחידה,false,,11.90,0.0000,true,1,259958
7290002814238,false,הום רדיד אלומיניום ז,,,הום רדיד אלומיניום ז,יחידה,0.00,יחידה,false,,12.90,0.0000,true,1,268476
7290002814252,false,הום רדיד אלומיניום ז,,,הום רדיד אלומיניום ז,יחידה,0.00,יחידה,false,,19.90,0.0000,true,1,268477
7290002814283,false,"מילוי מכשיר אוויר 250 מ""ל fashion imagination סנט מוריץ",סורה קוסמטיקס,TR,fashion imagination,מיליליטרים,250.00,"100 מ""ל",false,,12.90,0.0516,true,1,258954
7290002814290,false,BLANCO קצף אקונומיקה מרוכז 1 ליטר בניחוח לימון,קומפלקס כימיקלים,IL,קצף מרוכז 1 ליטרבניח,ליטרים,4.00,ליטר,false,,11.90,2.9750,true,1,208660
7290002814382,false,הום 60 שקיות לאשפה ע,,,הום 60 שקיות לאשפה ע,יחידה,0.00,יחידה,false,,16.90,0.0000,true,1,259936
7290002814399,false,הום ניילון נצמד 150,,,הום ניילון נצמד 150,יחידה,0.00,יחידה,false,,16.90,0.0000,true,1,268478
7290002814412,false,סנט מוריץ נוזל כלים 1.6 ליטר לימון ליים 18%,קומפלקס כימיקלים,IL,*מבצע* סנט מוריץ שמפ,ליטרים,1.50,ליטר,false,,9.90,6.6000,true,1,159310
7290002814436,false,סנט מוריץ נוזל כלים 1.6 ליטר לימון 18%,קומפלקס כימיקלים,IL,*מבצע* סנט מוריץ נוז,ליטרים,1.50,ליטר,false,,9.90,6.6000,true,1,160340
7290002814481,false,עלמה שקיות מזון בקופסא 150 יח' מארז שלישיה,קומפלקס כימיקלים,IL,עלמה שקיות מזון 3*15,יחידה,0.00,יחידה,false,,12.90,0.0000,true,1,219570
7290002814498,false,"סנט מוריץ - מרסס חומץ לניקוי כללי 750 מ""ל",קומפלקס כימיקלים,TR,סנט מוריץ מתז חומץ 7,מיליליטרים,750.00,"100 מ""ל",false,,9.90,0.0132,true,1,217316
7290002814504,false,סנט מוריץ מגבונים לרצפה 10 יח' עם חור בית מלון בוטיק,קומפלקס כימיקלים,IL,סנט מוריץ מגבונים לר,יחידה,0.00,יחידה,false,,9.90,0.0000,true,1,262941
7290002814528,false,נוזל לניקוי האסלה סנט מוריץ 1 ליטר,"קומפלקס כימיקלים בע""",IL,נוזל אסלות 1 ליטר,ליטרים,1.00,ליטר,false,,6.90,6.9000,true,1,128959
7290002814542,false,סנט מוריץ שקיות אשפה 75*90 -25 יח',אסיר פלסט,TR,סנט מוריץ שקיות אשפה,יחידה,0.00,יחידה,false,,12.90,0.0000,true,1,203764
7290002814580,false,טורנדו גרגירים לפתיחת סתימות 200 גרם,"קומפלקס כימיקלים בע""",IL,טורנדו לפתיחת סתימות,גרמים,200.00,100 גרם,false,,12.90,0.0645,true,1,173668
7290002814597,false,סנט מוריץ טורנדו נוזל לפתיחת סתימות 1 לי,קומפלקס כימיקלים,IL,טורנדו נוזל לפתיחת ס,ליטרים,1.00,ליטר,false,,19.90,19.9000,true,1,169346
7290002814603,false,"סנט מוריץ - מרסס מסיר שומנים קר מבושם לימון 750 מ""ל","קומפלקס כימיקלים בע""",IL,מסיר שומנים קר מבושם,מיליליטרים,750.00,"100 מ""ל",false,,14.90,0.0199,true,1,177694
7290002814641,false,כפפות לטקס ללא אבקה מידה M עלמה,קומפלקס כימיקלים,CN,עלמה כפפות לטקס ללא,יחידה,0.00,יחידה,false,,19.90,0.0000,true,1,259960
7290002814658,false,כפפות לטקס ללא אבקה מידה L עלמה,קומפלקס כימיקלים,CN,עלמה כפפות לטקס ללא,יחידה,0.00,יחידה,false,,19.90,0.0000,true,1,259961
7290002814665,false,סנט מוריץ - מרסס מסיר עובש 1 ליטר,קומפלקס כימיקלים,IL,מתז מסיר עובש 1 ליטר,יחידה,0.00,יחידה,false,,11.90,0.0000,true,1,233761
7290002814672,false,כפפות לטקס ללא אבקה מידה XL עלמה,קומפלקס כימיקלים,CN,עלמה כפפות לטקס ללא,יחידה,0.00,יחידה,false,,19.90,0.0000,true,1,259962
7290002814702,false,הום 25 שקיות גופיה ל,,,הום 25 שקיות גופיה ל,יחידה,0.00,יחידה,false,,12.90,0.0000,true,1,259935
7290002814719,false,נוזל רצפות סנט מוריץ אסלות מאסק 4 ליטר,קומפלקס כימיקלים,IL,סנט מוריץ נוזל רצפות,יחידה,0.00,יחידה,false,,12.90,0.0000,true,1,219575
7290002814788,false,עלמה כיסוי ניילון עם גומי 33 יח',,,עלמה כיסוי ניילון עם,יחידה,0.00,יחידה,false,,9.90,0.0000,true,1,266725
7290002814825,false,סבון אסלה כדוריות שלישייה אוקיינוס כחול,"קומפלקס כימיקלים בע""",TR,סבון אסלה כדוריות של,יחידה,0.00,יחידה,false,,11.90,0.0000,true,1,202695
7290002814832,false,סבון אסלה סנט מוריץ כדוריות לוונדר 3 יח,"קומפלקס כימיקלים בע""",TR,סבון אסלה כדוריות של,יחידה,0.00,יחידה,false,,11.90,0.0000,true,1,202696
7290002814849,false,סנט מוריץ סבון אסלה שלישייה כחול אוקיינוס,רקסונה,TR,סנט מוריץ סבון אסלה,יחידה,0.00,יחידה,false,,11.90,0.0000,true,1,171839
7290002814870,false,"סנט מוריץ - מרסס מסיר שומנים קר מבושם לוונדר\פרחים 750 מ""ל",קומפלקס כימיקלים,IL,מסיר שומנים קר מבושם,מיליליטרים,750.00,"100 מ""ל",false,,14.90,0.0199,true,1,192206
7290002814887,false,מטליות רצפה לניקוי ובישום סנטמוריץ,,IL,עלמה מגבונים לחים לר,יחידה,0.00,יחידה,false,,9.90,0.0000,true,1,201048
7290002814894,false,קצף אקונומיקה סנט מוריץ לוונדר 1 ליטר,קומפלקס כימיקלים,IL,אקונומיקה מרסס קצף נ,ליטרים,1.00,ליטר,false,,11.90,11.9000,true,1,199627
7290002814900,false,סבון אסלה סנט מוריץ כדוריות לימון 3 יח,"קומפלקס כימיקלים בע""",TR,סבון אסלה כדוריות של,יחידה,0.00,יחידה,false,,11.90,0.0000,true,1,202697
7290002814917,false,סנט מוריץ שמפו רצפות בניחוח לבנדר 4 ליטר,קומפלקס כימיקלים,IL,סנט מוריץ ניקוי לרצפ,ליטרים,4.00,ליטר,false,,12.90,3.2250,true,1,128961
7290002814931,false,סנט מוריץ שמפו רצפות בניחוח פרחים 4 ליטר - מרכז,"קומפלקס כימיקלים בע""",IL,סנט מוריץ חומר לניקו,ליטרים,4.00,ליטר,false,,12.90,3.2250,true,1,128962
7290002814948,false,סנט מוריץ מגבוני דלי לרצפה 50 יחידות עם חור,קומפלקס כימיקלים,IL,סנט מוריץ מגבוני דלי,יחידה,0.00,יחידה,false,,29.90,0.0000,true,1,262939
7290002814979,false,הום ניילון נצמד זוג,,,הום ניילון נצמד זוג,יחידה,0.00,יחידה,false,,10.90,0.0000,true,1,268479
7290002814986,false,סנט מוריץ מגבונים לניקוי כללי בדלי 400 יחידות בריח לימון,קומפלקס כימיקלים,IL,סנט מוריץ מגבונים לנ,יחידה,0.00,יחידה,false,,19.90,0.0000,true,1,262940
7290002824183,false,"גבינה לבנה סקי 500 גרם 5% ""שטראוס"" -מוצר בפיקוח",מיוצר עי קונדיטוריית,IL,שטראוס גבינה לבנה 5%,גרמים,500.00,100 גרם,false,,9.50,0.0190,true,1,141011
7290002824466,false,יוגורט דנונה ביו לבן 0% שומן 200 גרם,"שטראוס בריאות בע""מ",IL,דנונה יוגורט ביו 0%,גרמים,200.00,100 גרם,false,,3.50,0.0175,true,1,141012
7290002824640,false,"גבינת סקי 250 גרם 5% ""שטראוס"" -מוצר בפיקוח",מיוצר עי קונדיטוריית,IL,שטראוס גבינה 5% 250,גרמים,250.00,100 גרם,false,,4.98,0.0199,true,1,141013
7290002830184,false,פילה לברק קפוא במשקל.,יושלם,CN,דג פילה לברק נטו,קילוגרמים,1.00,"ק""ג",true,,52.90,52.9000,true,1,116901
7290002830948,false,גבינת עיזים מותכת 30% מון בלאן 120 גרם,סלס קרית מלאכי ישראל,IL,מון בלאן גבינת עיזים,גרמים,120.00,100 גרם,false,,10.90,0.0908,true,1,168378
7290002839071,false,תבליני גל צנצנת 120,,,תבליני גל צנצנת 120,גרמים,120.00,100 גרם,false,,10.00,0.0833,true,1,126436
7290002839088,false,צנצנת תבלינים גל 400,,,צנצנת תבלינים גל 400,גרמים,400.00,100 גרם,false,,25.00,0.0625,true,1,126437
7290002839163,false,תבלינים שונים,,,תבלינים שונים,גרמים,500.00,100 גרם,false,,19.90,0.0398,true,1,126438
7290002839262,false,"מלח לימון גל 1ק""ג",,,"מלח לימון גל 1ק""ג",גרמים,1000.00,100 גרם,false,,28.90,0.0289,true,1,126441
7290002839286,false,תבלינים 200גר,,,תבלינים 200גר,גרמים,200.00,100 גרם,false,,10.00,0.0500,true,1,126442
7290002842002,false,פתיתי שיבולת שועל קוואקר אנגלי מורנפלייק,מורנינג פוד,GB,מורנפלייק פתיתי שובל,גרמים,500.00,100 גרם,false,,9.90,0.0198,true,1,198891
7290002842163,false,טונה לבנה יולה 185 ג,יו.אס.איי וליו קו,TH,טונה יולה 185 גרם,גרמים,185.00,100 גרם,false,,19.90,0.1076,true,1,154405
7290002862000,false,הררית אריסה טוניסאית,,,הררית אריסה טוניסאית,גרמים,250.00,100 גרם,false,,13.90,0.0556,true,1,157279
7290002862017,false,שום כתוש 250 הררית,,,שום כתוש 250 גר,יחידה,0.00,יחידה,false,,13.90,0.0000,true,1,157280
7290002862031,false,אריסה 250מתובלת הררית,,,הררית אריסה פיקנטית,יחידה,0.00,יחידה,false,,13.90,0.0000,true,1,157281
7290002862055,false,לימון כבוש 250 גרם,,,לימון כבוש 250 גרם,גרמים,250.00,100 גרם,false,,12.90,0.0516,true,1,157283
7290002862093,false,חזרת 250 גרם,,,חזרת 250 גר,יחידה,0.00,יחידה,false,,12.90,0.0000,true,1,157284
7290002862123,false,סחוג ירוק 150 גר הררית,,,סחוג ירוק 150 גרם,גרמים,150.00,100 גרם,false,,9.90,0.0660,true,1,157285
7290002862338,false,סחוג אדום 150 גרם,,,סחוג אדום 150 גרם,גרמים,150.00,100 גרם,false,,9.90,0.0660,true,1,157287
7290002862369,false,עמבה 260 גרם,,,עמבה 260 גרם,גרמים,260.00,100 גרם,false,,12.90,0.0496,true,1,157289
7290002862376,false,עגבניות מיובשות 200 גר,,,מעדן עגבניות מיובשות,גרמים,200.00,100 גרם,false,,14.90,0.0745,true,1,237381
7290002862543,false,פלפל צומה 250 גרם,הררית הגליל,,פלפל צומה 250 גרם,גרמים,250.00,100 גרם,false,,13.90,0.0556,true,1,157292
7290002868996,false,"קוטג' 5% שומן, רכיבים טבעיים, 250 גרם",קריות זול,IL,טרה קוטג מועשר 5% 25,גרמים,250.00,100 גרם,false,,6.20,0.0248,true,1,109574
7290002871248,false,בירה טובורג רד בבקבוק חוזר,מבשלות בירה בינלאומי,IL,טובורג חצי ליטר,מיליליטרים,500.00,"100 מ""ל",false,,7.80,0.0156,true,1,138759
7290002881094,false,מעדן פטל 100% פרי ללא תוספת סוכר 284 גרם,קריות זול,IL,סן מורנו מעדן פירות,גרמים,284.00,100 גרם,false,,12.10,0.0426,true,1,110801
7290002881230,false,חתיכות אננס בסירופ ק,"אניס פארם בע""מ",VN,אננס חתוך 850 תומר,גרמים,850.00,100 גרם,false,,10.90,0.0128,true,1,236663
7290002881247,false,פרוסות אננס בסירופ ק,"אניס פארם בע""מ",VN,אננס פרוסות 850 גרם,גרמים,850.00,100 גרם,false,,10.90,0.0128,true,1,236664
7290002881469,false,עגבניות קצוצות עם זיתים בשמן תומר 340 ג',,,תומר עגבניות מיובשות,גרמים,340.00,100 גרם,false,,15.00,0.0441,true,1,110818
7290002881513,false,חמאת בוטנים עם שברי בוטנים תמר 510 גר',Niza s a,,חמאת בוטנים עם שברי,גרמים,510.00,100 גרם,false,,12.10,0.0237,true,1,110822
7290002881551,false,עלי גפן בשמן זית ממולא 400ג תומר,אסמה תורכיה,IL,עלי גפן ממולאים 400,גרמים,400.00,100 גרם,false,,8.90,0.0223,true,1,110823
7290002881612,false,לפתן דובדבנים חמוצים 680 גרם,Fructo sliven jsc,BG,לפתן דובדבנים חמוצים,גרמים,700.00,100 גרם,false,,10.20,0.0146,true,1,110827
7290002881742,false,לבבות דקל פרוסות תומר 400 ג',Inaexpo,EC,לבבות דקל פרוסות 400,גרמים,400.00,100 גרם,false,,6.90,0.0173,true,1,110833
7290002881940,false,סרדינים מרוקאי בשמן חמניות 125ג' תומר,Union des pecheries,,סרדין מרוקאי בשמן 12,גרמים,125.00,100 גרם,false,,5.10,0.0408,true,1,110840
7290002881988,false,סרדין מרוקאי בשמן ולימון 125 ג' תומר,תומר,IL,שימורי סרדין מרוקאי,גרמים,125.00,100 גרם,false,,5.10,0.0408,true,1,110844
7290002900566,false,פסטרמה ברביקיו דל שומן טירת צבי 360 ג',הנסיך- מפעל לייצור ט,IL,טירת צבי פסטרמה ברבי,גרמים,360.00,100 גרם,false,,29.90,0.0831,true,1,104414
7290002904694,false,"טיטניום דאודורנט ספריי לגברים 150 מ""ל","אמיליה קוסמטיקס בע""מ",IL,טיטניום קלאסי-דאודור,מיליליטרים,180.00,"100 מ""ל",false,,22.90,0.1272,true,1,108625
7290002921233,false,"קרבונה ניקוי יבש לכתמים שומניים 200 מ""ל",מנדלז סי.אר. פרודקשן,ES,קרבונה כתמים,גרמים,170.00,100 גרם,false,,20.00,0.1176,true,1,114384
7290002921240,false,"קרבונה שמפוזר לניקוי שטיחים וריפוד יעקבי 650 מ""ל",קרבונה Carbona,MX,שמפוזר מסיר כתים משט,מיליליטרים,650.00,"100 מ""ל",false,,24.90,0.0383,true,1,114385
7290002921349,false,לוקטייט סופר גלו 3 - זוגי,יעקובי סופר גלו,TR,סופר גלו 3 - זוגי,יחידה,0.00,יחידה,false,,15.00,0.0000,true,1,114387
7290002929536,false,שלושת האופים קובה למ,האי נאם סי או אל.טי.,IL,שלושת האופים קובה למ,יחידה,0.00,יחידה,false,,12.90,0.0000,true,1,221451
7290002929635,false,טונה ויליגר במים 140 גרם,"ויליגר תעשיות בע""מ",IL,ויליגר טונה בשמן 140,גרמים,140.00,100 גרם,false,,6.00,0.0429,true,1,168549
7290002929642,false,טונה ויליגר 392 גרם בשמן רביעייה,דיאמנט פוד פרודקט קו,TH,ויליגר טונה 4* 140 ג,יחידה,4.00,יחידה,false,,19.90,4.9750,true,1,168550
7290002954026,false,שמן תירס 3 ליטר שוקחה,בני ג'ורג' שוקחה חיפ,AR,שוקחה שמן תירס 3 ליט,ליטרים,3.00,ליטר,false,,39.90,13.3000,true,1,145309
7290002954040,false,שמן תירס שוקחה 1 ליט,לסיור,FR,שמן תירס שוקחה 1 לי,ליטרים,1.00,ליטר,false,,13.90,13.9000,true,1,180142
7290002954095,false,שמן תירס 5ל' שוקחה,,,שמן תירס 5 ליטר,ליטרים,5.00,ליטר,false,,69.90,13.9800,true,1,198136
7290002954187,false,"אורז יסמין 5 ק""ג שוקחה",בני ג'ורג' שוקחה חיפ,IN,שוקחה אורז יסמין 5 ק,קילוגרמים,5.00,"ק""ג",false,,49.90,9.9800,true,1,145316
7290002954200,false,"אורז יסמין 1 ק""ג שוקחה",בני ג'ורג' שוקחה חיפ,,שוקחה אורז יסמין 1 ק,קילוגרמים,1.00,"ק""ג",false,,10.90,10.9000,true,1,145317
7290002954330,false,"תה גרבה תפ""ז 1 ק""ג",,,"תה גרבה תפ""ז 1 ק""ג",קילוגרמים,1.00,"ק""ג",false,,39.90,39.9000,true,1,145320
7290002954354,false,"סמנה 1 ק""ג שוקחה",,,"שומן צמחי 1 ק""ג",קילוגרמים,1.00,"ק""ג",false,,24.90,24.9000,true,1,145321
7290002954361,false,פטריות שמפניון חתוכות 400 ג' שוקחה,,,פטריות שמפניון חתוכו,גרמים,400.00,100 גרם,false,,4.90,0.0123,true,1,145322
7290002954392,false,תמצית חרובים סירופ 400 ג',סיתוגלו גידה אתהלאת,TR,תמצית חרובים 150 גרם,גרמים,150.00,100 גרם,false,,14.90,0.0993,true,1,145323
7290002954460,false,"Sunwhite אורז אוסטרלי עגול לסושי-1 ק""ג",בני ג'ורג' שוקחה חיפ,AU,Sunwhite אורז אוסטרל,קילוגרמים,1.00,"ק""ג",false,,10.90,10.9000,true,1,145326
7290002954477,false,"אורז עגול אוסטרלי 5 ק""ג סנוואיט",בני ג'ורג' שוקחה חיפ,IN,Sunwhite אורז אוסטרל,קילוגרמים,5.00,"ק""ג",false,,49.90,9.9800,true,1,145327
7290002954507,false,דבש טהור מפרחי בר 1,פייסה אס.אל,,דבש טהור מפרחי בר 1,קילוגרמים,1.00,"ק""ג",false,,39.90,39.9000,true,1,225086
7290002954545,false,מלבין קפה שוקחה 400 גר,,NL,מלבין קפה 400 גרם,גרמים,400.00,100 גרם,false,,19.90,0.0497,true,1,145329
7290002971191,false,"קמח לבן שפם 1 ק""ג",,,"קמח לבן שפם 1 ק""ג",קילוגרמים,1.00,"ק""ג",false,,4.00,4.0000,true,1,205867
7290002986294,false,פתי בר ג'מבו 600 ג' גטניו,,,גטניו פתי בר ג'מבו (,גרמים,600.00,100 גרם,false,,10.90,0.0182,true,1,262719
7290002986300,false,גטניו פתי בר שוקו ג',,,גטניו פתי בר שוקו ג',גרמים,600.00,100 גרם,false,,10.90,0.0182,true,1,262720
7290002987963,false,"סלט חומוס אחלה 1 ק""ג",מיוצר עי קונדיטוריית,IL,"חומוס אחלה 1 ק""ג",קילוגרמים,1.00,"ק""ג",false,,13.90,13.9000,true,1,141016
7290003009183,false,"סירופ דיאט תפוחים פריגת 750 מ""ל",סירופ - גבעת חיים,IL,"תרכיז 750 מ""ל – דיאט",מיליליטרים,750.00,"100 מ""ל",false,,22.90,0.0305,true,1,138769
7290003009312,false,בוטן קלוי קלית גת 200 ג',הדקלאים אגודת שיתופי,IL,בוטן קלוי 200 גרם,גרמים,200.00,100 גרם,false,,7.90,0.0395,true,1,115398
7290003009329,false,בוטן אמריקאי קלית גת 200 ג',הדקלאים אגודת שיתופי,IL,בוטן אמריקאי 200 גרם,גרמים,200.00,100 גרם,false,,6.90,0.0345,true,1,115399
7290003009336,false,קבוקים קליית גת 200 גרם,הדקלאים אגודת שיתופי,IL,קבוקים 200 גרם,גרמים,200.00,100 גרם,false,,6.90,0.0345,true,1,115400
7290003009596,false,"סירופ דיאט אשכוליות פריגת 750 מ""ל",סירופ - גבעת חיים,IL,"תרכיז 750 מ""ל – דיאט",מיליליטרים,750.00,"100 מ""ל",false,,22.90,0.0305,true,1,138773
7290003009640,false,מיץ תפוזים סחוט רכיבים טבעיים פריגת 1 ליטר,פריגת מצוננים,IL,פריגת סחוט מיץ תפוזי,מיליליטרים,1000.00,"100 מ""ל",false,,18.90,0.0189,true,1,109575
7290003015627,false,"נוזל רצפות אפרסק 2 ליטר ""ריצפז פרש""","סנו מפעלי ברונוס בע""",IL,ריצפז פרש אפרסק 2 לי,ליטרים,2.00,ליטר,false,,17.90,8.9500,true,1,108638
7290003015634,false,"נוזל רצפות פסיפלורה 2 ליטר ""ריצפז פרש""",קריות זול,IL,ריצפז פרש פסיפלורה 2,ליטרים,2.00,ליטר,false,,17.90,8.9500,true,1,108639
7290003015641,false,"נוזל רצפות יסמין 2 ליטר ""ריצפז פרש""",קריות זול,IL,ריצפז פרש יסמין 2 לי,ליטרים,2.00,ליטר,false,,17.90,8.9500,true,1,108640
7290003026029,false,"ד""ר פישר - קמיל בלו סנסיטיב שמפו אלדמע 500 מ""ל","ד""ר פישר Dr fischer",IL,קמיל בלו סנסיטיב שמפ,גרמים,500.00,100 גרם,false,,22.00,0.0440,true,1,138051
7290003026036,false,"ד""ר פישר - קמיל בלו סנסיטיב אל סבון עדין לתינוק 1 ליטר","ד""ר פישר Dr fischer",IL,קמיל בלו סנסיטיב מוע,ליטרים,1.00,ליטר,false,,34.90,34.9000,true,1,138052
7290003026197,false,קמיל בלו סנסיטיב שמן טיפולי לתינוק 500 מ,"ד""ר פישר Dr fischer",IL,קמיל בלו שמן טיפולי,מיליליטרים,520.00,"100 מ""ל",false,,30.00,0.0577,true,1,138053
7290003026227,false,"קמיל בלו שמפו לתינוק סנסיטיב אל דמע ד""ר פישר 1 ליטר","ד""ר פישר Dr fischer",IL,קמיל בלו סנסיטיב שמפ,ליטרים,1.00,ליטר,false,,34.90,34.9000,true,1,138054
7290003026234,false,"ד""ר פישר - קמיל בלו תחליב לתינוק 500 מ""ל",פישר מעבדות פרמצבטיו,IL,קמיל בלו תחליב לתינו,יחידה,500.00,יחידה,false,,30.00,0.0600,true,1,138055
7290003026319,false,"קמיל בלו משחת החתלה לתינוק ד""ר פישר 120 גרם","ד""ר פישר Dr fischer",IL,קמיל משחה לתינוק,גרמים,120.00,100 גרם,false,,22.00,0.1833,true,1,138056
7290003029181,false,משקה יטבתה שוקו' בקבוק 1ל מהדרין,שטראוס גרופ,IL,יטבתה שוקו בקבוק 1 ל,ליטרים,1.00,ליטר,false,,11.90,11.9000,true,1,141020
7290003029372,false,משקה חלב בטעם בננה יטבתה 1 ליטר,שטראוס גרופ,IL,יטבתה משקה חלב בננה,ליטרים,1.00,ליטר,false,,11.90,11.9000,true,1,141023
7290003029389,false,"משקה חלב בננה פקק ספורט 250 מ""ל יוטבתה",שטראוס גרופ,IL,יטבתה משקה חלב בננה+,מיליליטרים,250.00,"100 מ""ל",false,,5.20,0.0208,true,1,141024
7290003029433,false,"משקה יטבתה שוקו פקק 250 מ""ל מהדרין",שטראוס גרופ,IL,יטבתה שוקו +פקק 250מ,מיליליטרים,250.00,"100 מ""ל",false,,5.20,0.0208,true,1,141026
7290003029532,false,משקה מוקה יטבתה 1 ליטר מהדרין,שטראוס גרופ,IL,מוקה בקבוק 1 ליטר,ליטרים,1.00,ליטר,false,,11.90,11.9000,true,1,141028
7290003029617,false,יטבתה שמנת מנה אישית 15% 125מל,שטראוס גרופ,IL,יטבתה שמנת מנה אישית,גרמים,100.00,100 גרם,false,,1.90,0.0190,true,1,141029
7290003029792,false,"משקה יטבתה שוקו שקיות מהדרין מארז 225X8מ""ל",שטראוס גרופ,IL,יטבתה מהדרין שוקו שק,ליטרים,1.80,ליטר,false,,19.90,11.0556,true,1,141030
7290003029815,false,חלב יוטבתה מועשר 3% בכד 2ל',שטראוס גרופ,IL,יטבתה חלב מועשר בכד,ליטרים,2.00,ליטר,false,,14.90,7.4500,true,1,141031
7290003029907,false,אייס קפה יטבתה 1 ליטר מהדרין,שטראוס גרופ,IL,יטבתה אייס קפה 1ל,ליטרים,1.00,ליטר,false,,11.90,11.9000,true,1,141033
7290003035946,false,מורטדלה 200 גרם,,,מורטדלה 200 גרם,גרמים,200.00,100 גרם,false,,4.90,0.0245,true,1,141926
7290003069682,false,בצק פילאס קפוא 500 גרם שלושת האופים,שלושת האופים שגמור,IL,בצק פילאס 500 גרם,גרמים,500.00,100 גרם,false,,19.90,0.0398,true,1,116918
7290003069705,false,"פיצה אישית גבינה דק 80 ג' תפזורת בד""צ",שלושת האופים,IL,פיצה גבינה תפזורת,יחידה,0.00,יחידה,false,,2.50,0.0000,true,1,168552
7290003072606,false,מיני נקניקיות עוף טירת צבי 350 גר,הנסיך- מפעל לייצור ט,IL,נקנקיות עוף מיני 350,גרמים,350.00,100 גרם,false,,13.90,0.0397,true,1,191296
7290003072811,false,נקניקיות בראטוורסט מבשר בקר והודו,טירת- צבי,IL,נקניקיות בראטוורסט 3,גרמים,320.00,100 גרם,false,,24.90,0.0778,true,1,198944
7290003072965,false,קבנוס חריף מעושן טירת צבי 120 גרם,טירת- צבי,IL,טירת צבי קבנוס חריף,גרמים,120.00,100 גרם,false,,10.90,0.0908,true,1,221310
7290003075102,false,רגב לאבנה בגביע 11% 1קג,מחלבת רג'ב,IL,רגב לאבנה בגביע 11%,יחידה,1.00,יחידה,false,,34.90,34.9000,true,1,116107
7290003075553,false,רגב לאבנה 11% 500 גר,מחלבת רג'ב,IL,רגב לאבנה 11% 500 גר,גרמים,500.00,100 גרם,false,,21.90,0.0438,true,1,116110
7290003075652,false,רגב לאבנה 11% 250 גר,מחלבת רג'ב,,רגב לאבנה 11% 250 גר,גרמים,250.00,100 גרם,false,,14.90,0.0596,true,1,116112
7290003075805,false,גבינת ברינזה רגב 400,מחלבת רג'ב,IL,רגב ברינזה 20% 400ג,גרמים,400.00,100 גרם,false,,32.90,0.0822,true,1,116113
7290003075850,false,לאבנה עם שמן וזעתר ר,מחלבת רג'ב,IL,רגב לאבנה עם זעתר 11,גרמים,250.00,100 גרם,false,,15.90,0.0636,true,1,116114
7290003075867,false,גבינה ברינזה 800,,,גבינה ברינזה 800,גרמים,800.00,100 גרם,false,,54.90,0.0686,true,1,116115
7290003102136,false,צמר גפן COTTON SOFT רפואי 100 גר' 3102136,הדקלאים אגודת שיתופי,TR,צמר גפן רפואי 100 גר,יחידה,0.00,יחידה,false,,4.90,0.0000,true,1,213745
7290003102280,false,צמרוני אוזניים לתינו,טוליפס,,טולפיס צימרוני שסתום,יחידה,55.00,יחידה,false,,3.90,0.0709,true,1,213828
7290003102587,false,מברשת לבקבוק+מברשת ל,N.L. Product,CN,טוליפס מברשת בקבוק+פ,יחידה,1.00,יחידה,false,,6.90,6.9000,true,1,213829
7290003102686,false,מספריים בטיחותיות לתינוק TULIPS,,,מספריים בטיחותי לתינ,יחידה,1.00,יחידה,false,,13.90,13.9000,true,1,105289
7290003102891,false,שקיות צליה הוסטס בקופסה 10יח',הוסטס,TR,שקיות צליה הוסטס 10,יחידה,0.00,יחידה,false,,6.90,0.0000,true,1,262169
7290003102976,false,צימרוני אוזניים בקופסה/בכוס/אוולי 200 יח,הדקלאים אגודת שיתופי,CN,צימרוני אוזניים פלסט,יחידה,0.00,יחידה,false,,3.90,0.0000,true,1,213750
7290003107247,false,שטיבל שמרים יבשים 33 גרם,,,שמרים יבשים 30 גרם,יחידה,0.00,יחידה,false,,7.90,0.0000,true,1,227564
7290003107353,false,שטיבל משפר אפייה ביתי 3 * 10 גרם,ט.ק דגן טכנולוגיות ב,IL,משפר אפיה ביתי,יחידה,0.00,יחידה,false,,7.90,0.0000,true,1,227565
7290003126712,false,יוגורט עיזים מחלב מלא 3.7% משק צוריאל 150 גרם,מחלבת משק צוריאל,IL,צוריאל יוגורט עיזים,יחידה,140.00,יחידה,false,,6.90,0.0493,true,1,109579
7290003126958,false,טופו גבינה גוש בואקום צוריאל 300 ג',א.י.ן תעשיות מזון בע,IL,צוריאל גבינה גוש טופ,גרמים,300.00,100 גרם,false,,12.90,0.0430,true,1,109581
7290003133123,false,לחם זהב עגול אוקראיני 750 ג',מאפיית דוידוביץ ובני,IL,לחם זהב עגול אוקראינ,גרמים,750.00,100 גרם,false,,14.90,0.0199,true,1,116055
7290003133505,false,לחם שיפונטו דוידוביץ,מאפיית דוידוביץ ובני,,לחם שיפונטו 750 גרם,גרמים,750.00,100 גרם,false,,15.90,0.0212,true,1,266182
7290003140237,false,קליית גת סילאן לחיץ 360 גרם,ליימן מותגים,IL,קליית גת סילאן בבקבו,גרמים,360.00,100 גרם,false,,9.90,0.0275,true,1,115406
7290003141159,false,יוגטה מרשמלו ממתק מוקצף בטעמי תות שדה ווניל 180 גרם,מוטקה החולב,IL,יוגטה מרשמלו 180 גרם,גרמים,180.00,100 גרם,false,,6.90,0.0383,true,1,115410
7290003142477,false,ערמונים קלופים וקלויים 100 גרם,הדקלאים אגודת שיתופי,IL,קליית גת ערמונים 100,גרמים,100.00,100 גרם,false,,5.90,0.0590,true,1,115427
7290003143139,false,סילאן תמרים קלית גת 900 ג',"טעמי הגליל בע""מ",IL,קליית גת סילאן 900 ג,גרמים,900.00,100 גרם,false,,16.00,0.0178,true,1,115437
7290003143146,false,ממרח תמרים קליית גת 450 גרם,הדקלאים אגודת שיתופי,IL,קליית גת ממרח תמרים,גרמים,450.00,100 גרם,false,,7.00,0.0156,true,1,115438
7290003143276,false,יוגטה מרשמלו ממתק מוקצף בטעם תות שדה 180 גרם,תות ממתקי איכות,IL,יוגטה מרשמלו מגולגל,גרמים,180.00,100 גרם,false,,6.90,0.0383,true,1,115447
7290003143337,false,סילאן טבעי קליית גת 350 גרם בקבוק לחיץ,ליימן מותגים,IL,סילאן טבעי 360 ג,גרמים,360.00,100 גרם,false,,19.90,0.0553,true,1,115450
7290003143382,false,גרדינה פינגרס בצילינדר 50 יח',ליימן מותגים,,צילנדר גרדנה פיגרס 6,גרמים,615.00,100 גרם,false,,39.90,0.0649,true,1,168160
7290003144310,false,תערובת אגוזים וחמוציות קליית גת 150 גרם,ליימן מותגים,IL,קליית גת תערובת אגוז,יחידה,0.00,יחידה,false,,15.90,0.0000,true,1,155936
7290003144419,false,סילאן טבעי קליית גת 710 גרם,ליימן מותגים,IL,קליית גת סילאן טבעי,גרמים,710.00,100 גרם,false,,25.90,0.0365,true,1,157344
7290003145096,false,גרדינה פינגרס במיקס בצילינדר 50 יח',ליימן מותגים,,צילנדר גרדנה פיגרס מ,גרמים,615.00,100 גרם,false,,39.90,0.0649,true,1,173164
7290003145751,false,"קליית גת אגוזי קלויים, 200 גרם",הדקלאים אגודת שיתופי,IL,קשיו קלוי 200 גרם,גרמים,200.00,100 גרם,false,,19.90,0.0995,true,1,115474
7290003145959,false,פקאן טבעי 150 גרם קליית גת,ליימן מותגים,IL,פקאן טבעי 150 גרם,גרמים,150.00,100 גרם,false,,22.20,0.1480,true,1,115477
7290003163939,false,מעדני הטלה נקניקיות,מעדני הטלה,IL,מעדני הטלה נקניקיות,יחידה,0.00,יחידה,false,,29.90,0.0000,true,1,115115
7290003185719,false,קבב רומני טיבון ויל 500 גרם,טיבון ויל אחזקות בעמ,IL,קבב רומני 500 גרם,גרמים,500.00,100 גרם,false,,19.90,0.0398,true,1,116924
7290003185726,false,קבב מזרחי טיבון ויל 500 גרם,טיבון ויל אחזקות בעמ,IL,קבב מזרחי 500 גרם,גרמים,500.00,100 גרם,false,,19.90,0.0398,true,1,116925
7290003187843,false,עגל טחון טיבון ויל 500 גרם,מולינו ניקולי s.p.a,IL,טחון עגל 100% בשר,גרמים,500.00,100 גרם,false,,29.90,0.0598,true,1,116927
7290003189076,false,פיצרלה הצהובה הטובה מגורדת 22% כפיר 500 גרם,צי תעשיות מזון יבנה,IL,כפיר פיצרלה מגורדת כ,גרמים,500.00,100 גרם,false,,20.00,0.0400,true,1,129293
7290003189137,false,"גבינה שוורצית 1 ק""ג כפיר",צי תעשיות מזון יבנה,IL,שווצרי,גרמים,1000.00,100 גרם,false,,40.00,0.0400,true,1,184396
7290003189144,false,"גבינה הולנדית 22% שומן 1 ק""ג כפיר",צי תעשיות מזון יבנה,IL,כפיר הולנדית 26% 1 ק,קילוגרמים,1.00,"ק""ג",false,,40.00,40.0000,true,1,129296
7290003189168,false,"צהובה מעושנת כפיר 1 ק""ג",צי תעשיות מזון יבנה,IL,מעושן,גרמים,1000.00,100 גרם,false,,45.00,0.0450,true,1,184395
7290003189205,false,הצהובה הטובה לייט קלאסית 9% כפיר 200 גרם,כפיר,,כפיר הצהובה הטובה לי,גרמים,200.00,100 גרם,false,,12.90,0.0645,true,1,129297
7290003189274,false,מעושנת בסיגנון גבינה,צי תעשיות מזון יבנה,IL,כפיר גבינה מעושנת נק,00000000000000000000,0.00,00000000000000000000,false,,49.90,0.0000,true,1,152957
7290003189281,false,כפיר הולנדית 500 גרם,,,כפיר הולנדית 500 גרם,גרמים,500.00,100 גרם,false,,21.90,0.0438,true,1,129300
7290003189557,false,הצהובה הטובה לייט מעושנת 5% כפיר 200 גרם,כפיר,,צהובה טובה 5% מעושנת,גרמים,200.00,100 גרם,false,,16.20,0.0810,true,1,154615
7290003208579,false,וודקה גריי גוס רגיל 1 ליטר,,,גריי גוס וודקה 1 ליט,ליטרים,1.00,ליטר,false,,159.90,159.9000,true,1,115718
7290003208586,false,"וורמוט מרטיני לבן 750 מ""ל",מרטיני ורוסי,IT,"מרטיני ביאנקו 750 מ""",מיליליטרים,750.00,"100 מ""ל",false,,49.90,0.0665,true,1,115719
7290003208593,false,"וורמוט מרטיני לבן יבש 750 מ""ל",TBD,,"מרטיני דריי 750 מ""ל",מיליליטרים,750.00,"100 מ""ל",false,,49.90,0.0665,true,1,115720
7290003208609,false,"וורמוט מרטיני אדום מתוק 750 מ""ל",מרטיני ורוסי,IT,מרטיני רוסו 750 מל,מיליליטרים,750.00,"100 מ""ל",false,,49.90,0.0665,true,1,225275
7290003208715,false,"וורמוט מרטיני רוסטו 750 מ""ל",,,וורמוט מרטיני רוסטו,מיליליטרים,750.00,"100 מ""ל",false,,49.90,0.0665,true,1,115725
7290003212965,false,עוגיות רוגלך הזהב במארז 400 גר',ר.כ עוגיות הזהב,IL,מובחרות שמרים 400 גר,גרמים,400.00,100 גרם,false,,13.90,0.0348,true,1,248032
7290003220977,false,עוגיות חצי ירח מצופה 175 נאפה מעדני מלך,מגדנית הדר,IL,חצי ירח מצופה 175 גר,גרמים,175.00,100 גרם,false,,7.90,0.0451,true,1,244895
7290003224036,false,אוכמניות כחולות גולוביקה,מאמא מרי,US,אוכמניות כחולות גולו,גרמים,700.00,100 גרם,false,,19.90,0.0284,true,1,129373
7290003224128,false,"כיסונים תפו""א 800 ג' מאמא מרי",מאמא מרי,,"כיסוני תפו""א 800 גרם",גרמים,800.00,100 גרם,false,,21.90,0.0274,true,1,129374
7290003224135,false,כיסונים עם בשר 800 ג,מאמא מרי,,כיסונים בשר 800 גרם,גרמים,800.00,100 גרם,false,,24.90,0.0311,true,1,129375
7290003224258,false,"כיסונים במילוי בשר בקר 1.5 ק""ג",מאמא מרי,IL,קרפלך כיסונים במילוי,יחידה,0.00,יחידה,false,,55.90,0.0000,true,1,239540
7290003224272,false,"כיסונים בשר מוסקובסקי מאמא מרי 1 ק""ג",מאמא מרי,,כיסונים בשר מוסקובסק,גרמים,1000.00,100 גרם,false,,32.90,0.0329,true,1,129377
7290003224456,false,"כיסונים בשר סיבירסקי מאמא מרי 1 ק""ג",מאמא מרי,,כיסונים בשר סיבירסקי,קילוגרמים,1.00,"ק""ג",false,,29.90,29.9000,true,1,129382
7290003224463,false,"כיסונים בשר - אוקראינסקי 1 ק""ג",מאמא מרי,,"כיסונים בשר 1 ק""ג או",גרמים,1000.00,100 גרם,false,,29.90,0.0299,true,1,129383
7290003224470,false,כיסונים בשר - קייבסקי 1 קג,מאמא מרי,IL,כיסונים בשר קייבסקי,יחידה,1.00,יחידה,false,,29.90,29.9000,true,1,129384
7290003224579,false,"כיסונים בשר מאמא מרי 1.5 ק""ג",,,"כיסונים בשר 1.5 ק""ג",קילוגרמים,1.50,"ק""ג",false,,44.90,29.9333,true,1,256271
7290003224654,false,מיקס פירות יער 380 גרם,מאמא מרי,IL,מיקס פירות יער קפוא,גרמים,300.00,100 גרם,false,,14.90,0.0497,true,1,129388
7290003224746,false,פירות יער דמדמניות שחורות קפוא 300 גר,מאמא מרי,IL,דומדמניות שחורות 300,גרמים,380.00,100 גרם,false,,12.90,0.0339,true,1,129389
7290003224821,false,כיסונים בשר ביתיים 1,,,כיסונים בשר ביתיים 1,קילוגרמים,1.00,"ק""ג",false,,32.90,32.9000,true,1,243942
7290003224845,false,"כיסונים תפו""א ופטריות VEGAN 800 גרם",מאמא מרי,IL,"כיסונים תפו""א ופטריו",גרמים,800.00,100 גרם,false,,22.90,0.0286,true,1,252042
7290003229109,false,פסטרמה הודו בפפריקה טירת צבי 400 גרם,הנסיך- מפעל לייצור ט,IL,טירת צבי א.מ .פסטרמה,גרמים,400.00,100 גרם,false,,29.90,0.0747,true,1,104418
7290003229116,false,פסטרמה הודו בדבש 3% טירת צבי 400 גרם,הנסיך- מפעל לייצור ט,IL,טירת צבי א.מ פסטרמה,גרמים,400.00,100 גרם,false,,29.90,0.0747,true,1,104419
7290003229123,false,פסטרמה הודו על גחלים 2% טירת צבי 400 גרם,הנסיך- מפעל לייצור ט,IL,טירת צבי א.מ. פסטרמה,גרמים,400.00,100 גרם,false,,29.90,0.0747,true,1,104420
7290003229147,false,נקניק סלמי איטלקי מעושן טירת צבי 300 גרם,הנסיך- מפעל לייצור ט,IL,טירת צבי נקניק סלמי,גרמים,300.00,100 גרם,false,,28.30,0.0943,true,1,104421
7290003229154,false,נקניק סלמי קוניאק טירת צבי 300 גרם,הנסיך- מפעל לייצור ט,IL,טירת צבי סלמי קוניאק,גרמים,300.00,100 גרם,false,,28.30,0.0943,true,1,104422
7290003229192,false,נקניק כתף בקר מעושן 2% טירת צבי 400 גרם,טיב טירת צבי 2000,IL,טירת צבי א.מ. כתף בק,גרמים,400.00,100 גרם,false,,34.90,0.0872,true,1,247439
7290003229192,false,נקניק כתף בקר מעושן 2% טירת צבי 400 גרם,טיב טירת צבי 2000,IL,טירת צבי א.מ. כתף בק,גרמים,400.00,100 גרם,false,,34.90,0.0872,true,1,104425
7290003229208,false,פסטרמה ספרדית 2% טירת צבי 360 גרם,טירת- צבי,IL,טירת צבי פסטרמה ספרד,גרמים,360.00,100 גרם,false,,29.90,0.0831,true,1,104426
7290003229215,false,פסטרמה איטלקית 3.5% טירת צבי 360 גרם,טירת- צבי,IL,טירת צבי פסטרמה איטל,גרמים,360.00,100 גרם,false,,29.90,0.0831,true,1,104427
7290003229222,false,סלמי תה משובח 300 גרטירת צבי,הנסיך- מפעל לייצור ט,IL,טירת צבי סלמי תה 300,גרמים,300.00,100 גרם,false,,21.30,0.0710,true,1,104428
7290003258284,false,"קרם גוף מס' 3 350 מ""ל פנינה רוזנבלום",פנינה רוזנבלום,IL,קרם גוף פנינה 3מס,יחידה,400.00,יחידה,false,,26.90,0.0672,true,1,134101
7290003258406,false,"פנינה וואקס בריליאנטין לשיער 100 מ""ל",פנינה רוזנבלום,IL,וואקס בריליאנטין לשי,יחידה,100.00,יחידה,false,,16.90,0.1690,true,1,134104
7290003321155,false,יוגורט בר עם פקאן מצופה שוקולד 183 ג' דנונה,"שטראוס בריאות בע""מ",IL,"דנונה בר פקאן 183 מ""",מיליליטרים,183.00,"100 מ""ל",false,,4.50,0.0246,true,1,141035
7290003332007,false,קפה נחלה סובחי 250גר,סובחי נחלה ובניו,,קפה נחלה 250 גרם,גרמים,250.00,100 גרם,false,,17.90,0.0716,true,1,119696
7290003332014,false,קפה נחלה אדום עם הל,קפה נחלה,IL,קפה נחלה 500 גרם,גרמים,500.00,100 גרם,false,,29.90,0.0598,true,1,119697
7290003332021,false,"קפה נחלה סובחי 1 ק""ג",,,"קפה נחלה 1ק""ג",גרמים,1000.00,100 גרם,false,,59.90,0.0599,true,1,119698
7290003387410,false,בלונס פדים להסרת איפור שלישייה,SEPTONA S.A.,GR,מגבונים להסרת איפור,יחידה,90.00,יחידה,false,,23.90,0.2656,true,1,124823
7290003400500,false,חטיף הרשי ריזס נאטרייגיס 47 גרם,ליימן מותגים,US,חטיף קרמל ובוטנים נא,יחידה,0.00,יחידה,false,,4.90,0.0000,true,1,115138
7290003401369,false,"קרם לחות לשיער חוחובה נטורל פורמולה 40 מ""ל",מיוצר עי אמיליה קוסמ,IL,נטורל פורמולה קרם לח,מיליליטרים,400.00,"100 מ""ל",false,,19.90,0.0497,true,1,108647
7290003401376,false,"קרם לחות ועיצוב לשיער אלוורה נטורל 400 מ""ל",מיוצר עי אמיליה קוסמ,IL,קרם לחות ועיצוב לשיע,מיליליטרים,400.00,"100 מ""ל",false,,19.90,0.0497,true,1,108648
7290003401420,false,"קרם לחות לשיער סיליקון כתום נטורל 400 מ""ל",מיוצר עי אמיליה קוסמ,IL,קרם לחות קלאסי סיליק,מיליליטרים,400.00,"100 מ""ל",false,,19.90,0.0497,true,1,225033
7290003401642,false,"קרם לחות לתלתלים טבעיים נטורל פורמולה 400 מ""ל",מיוצר עי אמיליה קוסמ,IL,ק.לחות מעצבת לתלתול,מיליליטרים,400.00,"100 מ""ל",false,,22.90,0.0572,true,1,225034
7290003402809,false,חטיף הרשי ריזס שוקולד לבן 39 גר,ליימן מותגים,US,הרשיז ריזס לבן,יחידה,0.00,יחידה,false,,3.60,0.0000,true,1,193913
7290003411276,false,עמבה הודית מובחרת הנמל 600ג',טרופיקל דגיל תעשיות,IL,עמבה מובחרת 500 גרם,גרמים,500.00,100 גרם,false,,9.90,0.0198,true,1,110296
7290003411832,false,גרנולה אגוזים 400 ג' הנמל,הנמל/ שבולת בשדה,IL,הנמל גרנולה אגוזים 4,גרמים,400.00,100 גרם,false,,12.90,0.0323,true,1,110303
7290003411849,false,גרנולה תמרים ושקדים 400 ג',הנמל/ שבולת בשדה,IL,גרנולה תמרים 400 גרם,גרמים,400.00,100 גרם,false,,12.90,0.0323,true,1,110304
7290003414406,false,הרשי ריזס נטיפי אפייה בוטנים 283 גר',ליימן מותגים,,ריזס נטיפים לאפייה 2,גרמים,283.00,100 גרם,false,,15.90,0.0562,true,1,154185
7290003423909,false,חטיף הרשי קוקיס קרם לבן 43 גרם,ליימן מותגים,US,קוקיס אנד קרים לבן,יחידה,0.00,יחידה,false,,4.90,0.0000,true,1,115139
7290003427154,false,"שמן זית כתית מעולה טעם מעודן זיתא 750 מ""ל",זיתא – י.ט.ב תעשיות,IL,זיתא שמן זית כתית מע,מיליליטרים,750.00,"100 מ""ל",false,,39.90,0.0532,true,1,126544
7290003438006,false,ממרח אולביה פסטו וצנובר איטלקי 190ג',מיוצר עי קונדיטוריית,IL,ממרח פסטו איטלקי 180,גרמים,180.00,100 גרם,false,,13.90,0.0772,true,1,106812
7290003438013,false,ממרח זיתים ירוקים אוליביה 190 גרם,קריות זול,IL,ממרח זיתים אוליביה,גרמים,190.00,100 גרם,false,,13.90,0.0732,true,1,106813
7290003438020,false,ממרח עגבניות מיובשות אוליביה 190 גרם,מיוצר עי קונדיטוריית,IL,ממרח עגבניות עם אגוז,גרמים,190.00,100 גרם,false,,13.90,0.0732,true,1,106814
7290003438709,false,ממרח אולביה זיתים שחורים וירוקים 190 ג',גוד פוד פרודקטס S.p,IL,ממרח זיתים שחורים 19,גרמים,190.00,100 גרם,false,,13.90,0.0732,true,1,106824
7290003438853,false,אוליביה ממרח אריסה חריפה 185 גר ',אוליביה,IL,אוליביה אריסה חריפה,יחידה,0.00,יחידה,false,,13.90,0.0000,true,1,154738
7290003438990,false,עיטורי עגבניות מיובשות וזיתים אוליביה 280 ג',אוליביה גורמה בעמ,IL,עיטורי עגבניות מיובש,גרמים,280.00,100 גרם,false,,17.90,0.0639,true,1,106828
7290003444009,false,חטיף הרשי ריזס שוקולד חלב 42 גר,ליימן מותגים,US,הרשיז ריזס רגיל,יחידה,0.00,יחידה,false,,3.90,0.0000,true,1,115141
7290003450602,false,חרדל אמיתי צהוב בקבוק לחיץ 255 גר,היינץ צפון אמריקה מקבוצת ה.י.היינץ,US,חרדל אמיתי צהוב בקבו,גרמים,255.00,100 גרם,false,,11.00,0.0431,true,1,141580
7290003457991,false,טילון קורנטו וניל עם וופל ואגוזי לוז מסוכרים,"גלידת שטראוס בע""מ, ר",IL,קורנטו קלאסיק בטעם ו,גרמים,300.00,100 גרם,false,,26.90,0.0897,true,1,134899
7290003475124,false,בלונס מסיר איפור 80 יח,קריות זול,GR,עננים צמר גפן 100 גר,יחידה,0.00,יחידה,false,,6.90,0.0000,true,1,124824
7290003514007,false,מנה שקדי מרק מנה 400 גרם,מנה Mana,IL,שקדי מרק 400 גר,גרמים,400.00,100 גרם,false,,8.90,0.0223,true,1,124825
7290003521074,false,"ד""ר פישר - סרקל מרכך שיער לילדים 1 ליטר",הדקלאים אגודת שיתופי,IL,סרקל מרכך שיער לילדי,ליטרים,1.00,ליטר,false,,29.90,29.9000,true,1,138059
7290003521081,false,"סרקל שמפו אל דמע לילדים ד""ר פישר 1 ליטר","ד""ר פישר Dr fischer",IL,סרקל שמפו לילדים 1 ל,ליטרים,1.00,ליטר,false,,29.90,29.9000,true,1,138060
7290003521166,false,"ד""ר פישר - סרקל קרם רוזמרין לילדים 325 מ""ל","ד""ר פישר Dr fischer",IL,סרקל קרם רוזמרין,גרמים,325.00,100 גרם,false,,26.00,0.0800,true,1,138061
7290003521197,false,"ד""ר פישר - סרקל תרסיס מתיר קשרים 340 מ""ל",פישר מעבדות פרמצבטיו,IL,סרקל מתיר קשרים 340,מיליליטרים,340.00,"100 מ""ל",false,,26.00,0.0765,true,1,138063
7290003521203,false,"סרקל שמפו לשיער לילדים אל דמע ד""ר פישר 2 ליטר","ד""ר פישר Dr fischer",IL,סרקל שמפו לילדים 2 ל,ליטרים,2.00,ליטר,false,,39.90,19.9500,true,1,138064
7290003521210,false,"סרקל מרכך לשיער לילדים ד""ר פישר 2 ליטר",פישר מעבדות פרמצבטיו,IL,סרקל מרכך שיער לילדי,ליטרים,2.00,ליטר,false,,39.90,19.9500,true,1,138065
7290003521340,false,"קמיל בלו אל סבון קלאסיק ד""ר פישר 2 ליטר",פישר מעבדות פרמצבטיו,IL,קמיל בלו קלאסיק 2 לי,ליטרים,2.00,ליטר,false,,39.90,19.9500,true,1,138066
7290003521463,false,"קמיל בלו שמפו לשיער אל דמע ד""ר פישר 2 ליטר",פישר מעבדות פרמצבטיו,IL,קמיל בלו שמפו שיער א,ליטרים,2.00,ליטר,false,,39.90,19.9500,true,1,138069
7290003524297,false,אספרגוס שלם לבן בצנצ,צ'אמפהאוס טרידייג קו,CN,אספרגוס שלם לבן בצנצ,גרמים,330.00,100 גרם,false,,11.90,0.0361,true,1,168385
7290003525461,false,סלט טונה פיקנטי ויליגר 160 גרם,ויליגר,,ויליגר סלט טונה פקנט,גרמים,160.00,100 גרם,false,,4.90,0.0306,true,1,116938
7290003525478,false,סלט טונה ויליגר 160 גרם,"ויליגר, תעשיות בע""מ",IL,סלט טונה ויליגר 160,גרמים,160.00,100 גרם,false,,5.50,0.0344,true,1,168390
7290003525898,false,סלט טונה שלישיה * 180 ג' וילגיר,נטו מלינדה,,סלט טונה 180 גרם,גרמים,480.00,100 גרם,false,,14.90,0.0310,true,1,168391
7290003525904,false,סלט טונה פיקנטי ויליגר 3*160 גרם,ויליגר,,3 סלט טונה פיקנטי,גרמים,480.00,100 גרם,false,,14.90,0.0310,true,1,168392
7290003526444,false,אננס חתוך ויליגר 565 גרם,,,אננס חתוך ויליגר 565,גרמים,565.00,100 גרם,false,,6.90,0.0122,true,1,262062
7290003527380,false,דובדבנים חמוצים בסירופ,גולדסטארקפט,,דובדבן מתוק ללא חרצן,יחידה,0.00,יחידה,false,,10.90,0.0000,true,1,116948
7290003550753,false,טונה פוסידון בשמן רביעיה *108 ג',"מיוצר עי וליגר בעמ,",IL,טונה פוסידון בשמן 4*,יחידה,4.00,יחידה,false,,21.90,5.4750,true,1,116953
7290003578160,false,נתחי טונה בהירה במי מלח וילי פוד 160 גר,טרופיקל,TH,וילי פוד טונה בהירה,גרמים,160.00,100 גרם,false,,7.00,0.0438,true,1,106478
7290003578313,false,דובדבנים חמוצים ללא חרצנים 680גר,דל מונטה היילס אס.אי,HR,דובדבנים חמוצים ללא,גרמים,680.00,100 גרם,false,,11.90,0.0175,true,1,106483
7290003583478,false,קערה מילאנו קוטר 26,,,קערה מילאנו קוטר 26,יחידה,0.00,יחידה,false,,7.90,0.0000,true,1,206408
7290003584598,false,שטיח כיור קטן 31.5/3,,,שטיח כיור קטן 31.5/3,יחידה,0.00,יחידה,false,,4.90,0.0000,true,1,222670
7290003619702,false,"קלאסיק - דאודורנט ספריי יוניסקס 200 מ""ל",,,דואדורנט יוניסקס דאו,יחידה,0.00,יחידה,false,,12.90,0.0000,true,1,267138
7290003643004,false,"סוגת אורז בסמטי קלאסי 1 ק""ג",האי נאם סי או אל.טי.,IL,סוגת אורז בסמטי קלאס,קילוגרמים,1.00,"ק""ג",false,,14.90,14.9000,true,1,119732
7290003643158,false,קורנפולר שקית 200 ג' סוגת,המאפיה של הרמן,IL,קונפלור 200 גרם,גרמים,200.00,100 גרם,false,,4.90,0.0245,true,1,119736
7290003643165,false,סוגת קורנפלור 500 גרם,"י. כהן בע""מ",IL,קונפלור 500 גרם,גרמים,500.00,100 גרם,false,,6.90,0.0138,true,1,119737
7290003643325,false,קוסקוס בינוני 350 גרם סוגת,"אסיף תעשיות מזון בע""",IL,סוגת קוסקוס מזרחי 35,גרמים,350.00,100 גרם,false,,4.90,0.0140,true,1,119742
7290003643387,false,"סוכר לבן בצנצנת 1 ק""ג סוגת",האי נאם סי או אל.טי.,IL,"סוכר 1 ק""ג בצנצנת",קילוגרמים,1.00,"ק""ג",false,,7.90,7.9000,true,1,119744
7290003643646,false,"סוכר דמררה קלאסי בצנצנת סוגת 1 ק""ג",האי נאם סי או אל.טי.,IL,"סוכר דמררה 1 ק""ג בצ",קילוגרמים,1.00,"ק""ג",false,,12.90,12.9000,true,1,119745
7290003643707,false,סוגת גריסים 500 גרם,"סוגת תעשיות בע""מ",IL,סוגת גריסים 500 גרם,גרמים,500.00,100 גרם,false,,4.90,0.0098,true,1,119747
7290003643714,false,חומוס גרגירים 500 גרם סוגת,האי נאם סי או אל.טי.,IL,סוגת חומוס 500 גרם,גרמים,500.00,100 גרם,false,,7.90,0.0158,true,1,119748
7290003643738,false,סוגת חיטה 500 גרם,האי נאם סי או אל.טי.,IL,סוגת חיטה 500 גר,גרמים,500.00,100 גרם,false,,4.90,0.0098,true,1,119749
7290003643745,false,סוגת כוסמת 500 גרם,האי נאם סי או אל.טי.,IL,סוגת כוסמת 500 גר,גרמים,500.00,100 גרם,false,,7.90,0.0158,true,1,119750
7290003643752,false,עדשים ירוקים יבש סוגת 500 גר',האי נאם סי או אל.טי.,IL,סוגת עדשים ירוקים 50,גרמים,500.00,100 גרם,false,,7.90,0.0158,true,1,119751
7290003643769,false,עדשים אדומים יבש סוגת 500 גר',"סוגת תעשיות בע""מ",IL,סוגת עדשים אדומים 5,גרמים,500.00,100 גרם,false,,7.90,0.0158,true,1,119752
7290003643776,false,"פופקורן גרעינים סוגת 500 ג' כשל""פ",האי נאם סי או אל.טי.,IL,סוגת פופקורן 500 גר,גרמים,500.00,100 גרם,false,,5.50,0.0110,true,1,119753
7290003643783,false,קוקוס טחון סוגת 100,האי נאם סי או אל.טי.,IL,קוקוס 100 גר,יחידה,0.00,יחידה,false,,4.10,0.0000,true,1,119754
7290003643806,false,שעועית לבנה יבשה סוגת 500 ג',האי נאם סי או אל.טי.,IL,סוגת שעועית לבנה 500,גרמים,500.00,100 גרם,false,,10.90,0.0218,true,1,119755
7290003643813,false,שעועית אדומה יבשה סוגת 500 גר',האי נאם סי או אל.טי.,IL,סוגת שעועית חומה 500,גרמים,500.00,100 גרם,false,,11.90,0.0238,true,1,119756
7290003643820,false,חומוס ענק יבש סוגת 500 גרם,סוגת תעשיות בעמ,IL,סוגת חומוס ענק 500 ג,גרמים,500.00,100 גרם,false,,9.90,0.0198,true,1,119757
7290003681303,false,שעועית מעורבת יבשה מיה 500 גר',"מיה תעשיות מזון בע""מ",IL,מיה שעועית מעורבת 50,גרמים,500.00,100 גרם,false,,10.00,0.0200,true,1,133911
7290003681334,false,קוקוס טחון 400 גרם ב,מיה,IL,קוקוס 400 ג,גרמים,400.00,100 גרם,false,,10.90,0.0273,true,1,133912
7290003681532,false,דובדבנים מסוכרים 80 גרם מיה,מיה תעשיות מזון,IL,דובדבנים מסוכרים 100,גרמים,100.00,100 גרם,false,,5.90,0.0590,true,1,207627
7290003715299,false,מעורב מובחר זארובי 3,זארובי,,מעורב מובחר 350 גרם,גרמים,350.00,100 גרם,false,,19.90,0.0569,true,1,243520
7290003715596,false,אגוזי מלך 300 גר,זארובי,IL,אגוז מלך300 גרם,גרמים,300.00,100 גרם,false,,21.90,0.0730,true,1,243597
7290003715688,false,שקד מולבן גפרורים 10,זארובי,,שקד מולבן גפרורים 10,גרמים,100.00,100 גרם,false,,10.90,0.1090,true,1,243521
7290003715732,false,שקד גרוס 100 גרם,זארובי,,שקד גרוס 100 גרם,גרמים,100.00,100 גרם,false,,10.90,0.1090,true,1,243524
7290003715831,false,אגוזים טחונים 100גר',זארובי,,אגוז מלך טחון 100 גר,גרמים,100.00,100 גרם,false,,10.90,0.1090,true,1,243526
7290003726141,false,טופו אמיתי כפרי בריא 300 גרם,ג'נרל מילס סאן אדריא,IL,טופו משק גאיה 300 גר,גרמים,300.00,100 גרם,false,,13.90,0.0463,true,1,131274
7290003726615,false,"טופו ויילר 300 גרם ""שטראוס""",הדקלאים אגודת שיתופי,IL,טופו ויילר 300 גרם,גרמים,300.00,100 גרם,false,,12.90,0.0430,true,1,196583
7290003726868,false,טופו חומוס בתוספת עגבניות מיובשות 300 ג' משק ויילר,משק וואיילר,IL,טופו חומוס בתוספת עג,גרמים,300.00,100 גרם,false,,12.90,0.0430,true,1,255727
7290003781652,false,צלפים במי מלח וילי פוד 230 גרם,קריות זול,TR,צלפים 370 גרם,גרמים,350.00,100 גרם,false,,9.90,0.0283,true,1,106493
7290003781850,false,גבינת קשקבל פרוסות 200 גרם,וילי פוד,IL,גבינת קשקבל פרוסות 2,גרמים,200.00,100 גרם,false,,19.90,0.0995,true,1,239756
7290003804252,false,תיבולית נוסח הודי קנור 72 גרם,יוניליוור ישראל מזון,IL,תיבולית קנור בנוסח ה,יחידה,0.00,יחידה,false,,8.90,0.0000,true,1,113498
7290003804320,false,תיבולית שום ופטרוזיליה קנור 72 גרם,יוניליוור ישראל מזון,IL,תיבולית קנור שום 72,יחידה,0.00,יחידה,false,,8.90,0.0000,true,1,113499
7290003804368,false,"תיבולית בזיליקום בד""ץ 72 ג' קנור",יוניליוור ישראל מזון,IL,תיבולית קנור בזיליקו,יחידה,0.00,יחידה,false,,8.90,0.0000,true,1,113503
7290003804382,false,"תיבולית פטריות בד""ץ 72 ג' קנור",יוניליוור ישראל מזון,IL,תיבולית קנור פטריות,יחידה,0.00,יחידה,false,,8.90,0.0000,true,1,113505
7290003805501,false,"פתית שוודי חסכוני בד""צ 300 גרם",יוניליוור ישראל מזון,IL,פתית שבדי 300 גרם,גרמים,300.00,100 גרם,false,,14.90,0.0497,true,1,113541
7290003805587,false,"פתית חיטה מלאה בד""צ 250 גרם-קופסא",יוניליוור ישראל מזון,IL,פתית חטיה מלאה 250 ג,גרמים,250.00,100 גרם,false,,14.90,0.0596,true,1,113549
7290003807178,false,"רוטב קנור סויה בסגנון סיני 300 מ""ל",אתר חיפה 778 - Food,IL,רוטב סויה בסגנון סינ,יחידה,300.00,יחידה,false,,10.90,0.0363,true,1,113581
7290003807482,false,קנור רוטב טריאקי מופחת נתרן 370 גרם,יוניליוור ישראל מזון,IL,"רוטב טריאקי 300 מ""ל",יחידה,300.00,יחידה,false,,10.90,0.0363,true,1,113587
7290003864478,false,סרדינים בשמן צמחי ויליפוד 110ג' פתח קל,גולדן פרייז קאנינג א,TH,וילי פוד סרדין בשמן,גרמים,110.00,100 גרם,false,,4.90,0.0445,true,1,106500
7290003864485,false,סרדינים ברוטב עגבנ יות ויליפוד 110ג' פתח קל,גולדן פרייז קאנינג א,TH,וילי פוד סרדינים ברו,גרמים,110.00,100 גרם,false,,4.90,0.0445,true,1,263883
7290003864492,false,סרדינים בשמן צמחי חריף פתח קל ויליפוד 110ג',גולדן פרייז קאנינג א,TH,וילי פוד סרדין בשמן,גרמים,120.00,100 גרם,false,,4.90,0.0408,true,1,106502
7290003882922,false,עלי גפן ממולאים באורז וילי פוד 360 גרם,הזה פלאקספו פוד קו ב,CN,עלי גפן ממולאים 400ג,גרמים,400.00,100 גרם,false,,9.90,0.0248,true,1,106511
7290003896141,false,חטיף ספרדי פיקנטי אלמנדוס 200 גרם,הדקלאים אגודת שיתופי,IL,אלמנדוס חטיף ספרדי פ,גרמים,200.00,100 גרם,false,,9.90,0.0495,true,1,115478
7290003903771,false,קפה נמס קפוצ'ינו רגיל 200 ג',שטראס קפה בי.וי,IL,עלית קפוצ'ינו פחית 2,גרמים,200.00,100 גרם,false,,23.90,0.1195,true,1,129739
7290003989539,false,לורנצו רביולי במילוי גבינה,מיוצר עי קונדיטוריית,IL,שטראוס רביולי גבינה,גרמים,400.00,100 גרם,false,,20.90,0.0522,true,1,141038
7290003989553,false,פסטה טורטליני גבינה ופטריות 400 גרם,מיוצר עי קונדיטוריית,IL,שטראוס רביולי טורטלי,גרמים,400.00,100 גרם,false,,19.90,0.0497,true,1,141039
7290004000333,false,סחלב חם קטן,,,סחלב חם קטן,יחידה,0.00,יחידה,false,,8.00,0.0000,true,1,189936
7290004000612,false,סלט טרי,,,סלט טרי,יחידה,0.00,יחידה,false,,10.90,0.0000,true,1,208006
7290004011277,false,"בסיס לבישול והקרמה צמחי ריצ' 220 מ""ל","אינסטנטה בע""מ",US,ריצ בישול והקרמה 14%,יחידה,220.00,יחידה,false,,9.60,0.0436,true,1,168394
7290004011284,false,ריצ בסיס להכנת קצפת 25% 212מל,ריצ' פרודקטס קורפריי,US,ריצ בסיס להכנת קצפת,יחידה,212.00,יחידה,false,,8.90,0.0420,true,1,168395
7290004011291,false,"קצפת ריץ' בסיס קרטונית 425 מ""ל",כלורוקס אוקלנד,US,ריצ בסיס להכנת קצפת,יחידה,425.00,יחידה,false,,12.90,0.0304,true,1,168396
7290004011338,false,"ספריי קצפת מתוקה מוכנה ריץ' 250 מ""ל",האי נאם סי או אל.טי.,IT,ריצ קצפת במיכל 250מל,יחידה,250.00,יחידה,false,,15.60,0.0624,true,1,168397
7290004011345,false,"ספריי קצפת מתוקה מוכנה פרווה ריץ' 238 מ""ל",האי נאם סי או אל.טי.,IT,קצפת ריץ במיכל פרווה,יחידה,250.00,יחידה,false,,15.10,0.0604,true,1,168398
7290004011796,false,קבבונים בקר קפוא אל גאוצ''ו 400ג',"טיבון ויל אחזקות בע""",IL,אל גאוצו קבבונים 400,גרמים,400.00,100 גרם,false,,20.90,0.0522,true,1,116968
7290004011802,false,נקניקיות צ'וריסוס אל גאוצ'ו 400 גר',טיבון ויל אחזקות בעמ,IL,טיבון ויל צוריסוס אל,גרמים,400.00,100 גרם,false,,23.90,0.0597,true,1,168399
7290004011819,false,המבורגר ריב אנטריקוט אל גאוצ'ו 360 גרם,האי נאם סי או אל.טי.,IL,אל גאוצו המבורגר ריב,גרמים,360.00,100 גרם,false,,21.90,0.0608,true,1,116970
7290004011826,false,מיני המבורגר ריב אנטריקוט,טיבון ויל אחזקות בעמ,IL,אל גאוצו מיני המבורג,גרמים,320.00,100 גרם,false,,20.90,0.0653,true,1,116971
7290004014407,false,סוכריות M&M בוטנים 46 ג',מרס נדרלנד,US,אם.אנד.אם חמאת בוטני,יחידה,0.00,יחידה,false,,5.00,0.0000,true,1,158537
7290004022309,false,אמ&אמס אריזה בינונית,מרס,US,אמ אנד אמז חמאת בוטנ,יחידה,0.00,יחידה,false,,6.90,0.0000,true,1,174734
7290004026776,false,לחם מחמצת אגוזים וצימוקים,פילסברי,,לחם מחמצת אגוזים וצי,גרמים,530.00,100 גרם,false,,16.90,0.0319,true,1,180008
7290004030018,false,"פריניב מיץ לימון סחוט פרי לתיבול 500 מ""ל",הנסיך- מפעל לייצור ט,IL,מיץ לימון סחוט לתיבו,מיליליטרים,500.00,"100 מ""ל",false,,7.90,0.0158,true,1,165307
7290004030216,false,משקה בטעם חמוציות 1 ליטר פריניב,פריניב בעמ,IL,נקטר חמוציות 1 ליטר,ליטרים,1.00,ליטר,false,,14.90,14.9000,true,1,165310
7290004030223,false,מיץ תפוחים סחוט רכיבים טבעיים 100% פרי ניב 1 ליטר,פריניב בעמ,IL,תפוח סחוט 100 1 ליטר,ליטרים,1.00,ליטר,false,,19.90,19.9000,true,1,165311
7290004030445,false,מיץ תפוזים סחוט רכיבים טבעיים 1 ליטר פרי ניב,הנסיך- מפעל לייצור ט,IL,מיץ תפוזים 100 סחוט,מיליליטרים,1000.00,"100 מ""ל",false,,14.90,0.0149,true,1,165316
7290004030544,false,משקה בטעם לימונדה לואיזה ולימון 1 ליטר פריניב,פריניב בעמ,IL,משקה קל לימונענע 1 ל,מיליליטרים,1000.00,"100 מ""ל",false,,14.90,0.0149,true,1,165317
7290004030834,false,מיץ רימונים סחוט 100% רכיבים טבעיים פרי ניב 1 ליטר,פריניב בעמ,IL,מיץ רימון סחוט 1 ליט,ליטרים,1.00,ליטר,false,,26.90,26.9000,true,1,165326
7290004043108,false,אמ&אמס אריזה בינונית,מרס,US,אמ אנד אמז שוקולד 89,יחידה,0.00,יחידה,false,,6.90,0.0000,true,1,174735
7290004043205,false,אמ&אמס אריזה בינונית,מרס,US,אמ אנד אמז בוטנים 93,יחידה,0.00,יחידה,false,,6.90,0.0000,true,1,174736
7290004048679,false,"קובה למרק שלושת האופים 1 ק""ג",שלושת האופים,IL,קובה למרק 1 קג שלושת,יחידה,1.00,יחידה,false,,22.90,22.9000,true,1,116974
7290004063016,false,מלח שולחן -מוצר בפיקוח,האי נאם סי או אל.טי.,IL,"מלח שולחן 1 ק""ג",קילוגרמים,1.00,"ק""ג",false,,1.70,1.7000,true,1,143320
7290004063115,false,"מלח מטבח עבה להמלחת בשר ובישול 1 ק""ג 1ק""ג",האי נאם סי או אל.טי.,IL,"מלח גס בישול 1ק""ג",קילוגרמים,1.00,"ק""ג",false,,1.70,1.7000,true,1,143321
7290004064174,false,"תבלין מלח ההימלאיה דק בצנצנת 1 ק""ג","מלח הארץ אילת בע""מ",IL,מלח ההימלאיה דק בצנצ,קילוגרמים,1.00,"ק""ג",false,,16.90,16.9000,true,1,176307
7290004064181,false,"תבלין מלח ההימלאיה גס בצנצנת 1 ק""ג",חברת מלח הארץ אילת ב,IL,מלח ההימלאיה גס בצנצ,קילוגרמים,1.00,"ק""ג",false,,16.90,16.9000,true,1,176308
7290004064198,false,מטחנת מלח ספייסי- אקסטרא תבלינים 115 ג',"מלח הארץ אילת בע""מ",IL,מטחנת מלח אקסטרא תבל,גרמים,115.00,100 גרם,false,,16.90,0.1470,true,1,187666
7290004064280,false,מלח מופחת נתרן בצנצנת מלח הארץ 600 גרם,חברת מלח הארץ אילת ב,IL,מלח הארץ מופחת נתרן,גרמים,600.00,100 גרם,false,,16.90,0.0282,true,1,196177
7290004064297,false,"מלח מועשר ביוד בצנצנת מלח הארץ 1 ק""ג","מלח הארץ אילת בע""מ",IL,מלח הארת מועשר ביוד,קילוגרמים,1.00,"ק""ג",false,,8.90,8.9000,true,1,196179
7290004064303,false,מלח אטלנטי בצנצנת מלח הארץ 800 גרם,"מלח הארץ אילת בע""מ",IL,מלח הארץ אטלנטי בצנצ,גרמים,800.00,100 גרם,false,,18.90,0.0236,true,1,196178
7290004064334,false,מלח פלוס שום מלחייה 175 ג' מלח הארץ,מלח הארץ אילת,IL,מלח פלוס שום מלחייה,גרמים,175.00,100 גרם,false,,13.90,0.0794,true,1,238706
7290004064358,false,"מלח דק זורם בקלות מלח הארץ קרטון 1 ק""ג","מלח הארץ אילת בע""מ",IL,מלח הארץ דק זורם בקל,יחידה,0.00,יחידה,false,,4.90,0.0000,true,1,202853
7290004064365,false,"מלח דק מועשר ביוד מלח הארץ קרטון 1 ק""ג","מלח הארץ אילת בע""מ",IL,מלח הארץדק מועשר ביו,יחידה,0.00,יחידה,false,,5.90,0.0000,true,1,202854
7290004064372,false,מטחנת מלח אקסטרא תבלינים איטלקי 105 גר,"מלח הארץ אילת בע""מ",IL,מטחנת מלח אקסטרא תבל,גרמים,115.00,100 גרם,false,,16.90,0.1470,true,1,209146
7290004064389,false,מלח הימלאיה דק מלחייה 250 גרם,"מלח הארץ אילת בע""מ",IL,מלח הימלאיה דק מלחיי,גרמים,250.00,100 גרם,false,,10.90,0.0436,true,1,225709
7290004068011,false,יוגורט כבשים בדלי 5% שומן 600 ג' גד,"מיוצר ע""י קוד יצרן M",IL,גד יוגורט כבשים 5% 6,מיליליטרים,600.00,"100 מ""ל",false,,17.20,0.0287,true,1,131275
7290004068028,false,"יוגורט צזיקי לשתיה 3.5% 500 מ""ל רובין",מיוצר על ידי קוד יצר,IL,גד משקה צזיקי 2% 500,מיליליטרים,500.00,"100 מ""ל",false,,9.90,0.0198,true,1,131276
7290004068035,false,"איירן יוגורט לשתייה 3% גד 500 מ""ל","מיוצר ע""י קוד יצרן M",IL,גד משקה איירן בסגנון,מיליליטרים,500.00,"100 מ""ל",false,,7.90,0.0158,true,1,131277
7290004068172,false,"יוגורט עיזים בדלי 5% 600 מ""ל רובין",קוד יצרן MKN,IL,גד יוגורט עיזים 5% 6,מיליליטרים,600.00,"100 מ""ל",false,,16.90,0.0282,true,1,131279
7290004078225,false,"שטיפת פה קולגייט פלקס מינט ירוק 500מ""ל",קולגייט- פלמוליב,PL,קולגייט מי פה פלקס ס,מיליליטרים,500.00,"100 מ""ל",false,,29.90,0.0598,true,1,124860
7290004078263,false,מקלות אוזניים פלסטיק 2* 200 יחידות,SEPTONA S.A,GR,בלונס צמרונים בקופסא,יחידה,400.00,יחידה,false,,10.90,0.0273,true,1,124861
7290004078270,false,נוזל לניקוי כלים בריח לימון פלמוליב 1 ליטר,יבואן ומשווק: ש. שסט,GR,פלמוליב לכלים לימון-,ליטרים,1.00,ליטר,false,,13.90,13.9000,true,1,124862
7290004078690,false,"אגקס נוזל לניקוי אסלות מרענן 750 מ""ל",הנסיך- מפעל לייצור ט,GR,אגקס כלורון נוזל לני,מיליליטרים,750.00,"100 מ""ל",false,,14.90,0.0199,true,1,124864
7290004078942,false,ליידי ספיד סטיק - דאודורנט ג'ל לאישה 65 גרם,קולגייט פלמוליב,US,ליידי ספיד סטיק גל ב,יחידה,0.00,יחידה,false,,24.90,0.0000,true,1,124865
7290004091248,false,וזלין פטרוליום אינטנסיב קאר ג'ל 106 גר',"יוניליוור ארה""ב, ג'ו",US,וזלין אינטנסיב קאר פ,גרמים,106.00,100 גרם,false,,13.00,0.1226,true,1,113591
7290004091255,false,"ואזלין פטרוליום ג'ל 225מ""ל","יוניליוור ארה""ב, ג'ו",IL,ואזלין אינטנסיב קאר,מיליליטרים,225.00,"100 מ""ל",false,,19.90,0.0884,true,1,113592
7290004119010,false,"גבינת שדה מותכת 25%, 500 ג'",תנובה חלב,,שדה רמאדן חבילה 0.5,גרמים,500.00,100 גרם,false,,12.50,0.0250,true,1,127035
7290004119133,false,כד יוגורט תנובה 6.5% שומן 1.5 ליטר,מיוצר עי קונדיטוריית,IL,יוגורט תנובה 6.5% כד,ליטרים,1.50,ליטר,false,,17.80,11.8667,true,1,127036
7290004119225,false,יופלה יוגורט אננס %3 גביע 150 גרם,תנובה מרכז שיתופי לש,IL,יופלה יוגורט אננס %3,מיליליטרים,150.00,"100 מ""ל",false,,5.20,0.0347,true,1,127037
7290004119928,false,קרלו מעדן וניל רביעיות גביע 125 1.5%,מחלבת אלון תבור,IL,קרלו מעדן וניל רביעי,יחידה,125.00,יחידה,false,,3.10,0.0248,true,1,127039
7290004119973,false,קרלו מעדן שוקו רביעיה גביע 125 1.5%,תנובה מרכז שיתופי לש,IL,קרלו מעדן שוקו רביעי,מיליליטרים,125.00,"100 מ""ל",false,,3.10,0.0248,true,1,127040
7290004120061,false,קרלו שוניל מעדן 125 גרם,תנובה מרכז שיתופי לש,IL,קרלו שוניל 1.5% 125,יחידה,125.00,יחידה,false,,3.10,0.0248,true,1,127041
7290004120108,false,יופלה דיאט יוגורט דובדבן %0 גביע 150גרם,תנובה מרכז שיתופי לש,IL,יופלה דיאט יוגורט דו,מיליליטרים,150.00,"100 מ""ל",false,,5.20,0.0347,true,1,127042
7290004120566,false,פיראוס 24% גבינה בולגרית 250 גרם,תנובה חלב,IL,פיראוס בולגרית גביע,גרמים,250.00,100 גרם,false,,23.50,0.0940,true,1,127047
7290004120573,false,פיראוס 16% גבינה בולגרית 250 גרם,תנובה מרכז שיתופי לש,IL,פיראוס בולגרית גביע,גרמים,250.00,100 גרם,false,,23.50,0.0940,true,1,127048
7290004120634,false,גבינה פיראוס בולגרית 5% 250 גרם,תנובה מרכז שיתופי לש,IL,פיראוס בולגרית גביע,גרמים,250.00,100 גרם,false,,23.50,0.0940,true,1,127049
7290004120832,false,"חלב 2 ליטר 3% כד ""תנובה""- מוצר בפיקוח",תנובה מרכז שיתופי לש,IL,חלב תנובה טרי %3 כד,ליטרים,2.00,ליטר,false,,12.46,6.2300,true,1,127050
7290004121280,false,"שמנת חמוצה 9% חצי מנה תנובה 100 מ""ל",,,שמנת תנובה 9% חצי מ,גרמים,100.00,100 גרם,false,,1.20,0.0120,true,1,127051
7290004121488,false,יופלה דיאט אפרסק 0% גביע 150 גרם,תנובה מרכז שיתופי לש,IL,יופלה דיאט אפרסק 0%,מיליליטרים,150.00,"100 מ""ל",false,,5.20,0.0347,true,1,127052
7290004121525,false,יופלה מאגדת פרי 4 תות 4 אפרסק 3% 8 יח'*150 ג',תנובה מרכז שיתופי לש,IL,מאגדת שמיניה יופלה פ,ליטרים,1.20,ליטר,false,,30.50,25.4167,true,1,127053
7290004121754,false,יוגורט עוגת גבינה ותות 3% שומן 150 ג' יופלה,תנובה חלב,IL,יופלה יוגורט עוגת גב,מיליליטרים,150.00,"100 מ""ל",false,,5.20,0.0347,true,1,127054
7290004121839,false,גבינת פטה כבשים 20% 250 ג' פיראוס,תנובה מרכז שיתופי לש,IL,פיראוס פטה כבשים 20%,גרמים,250.00,100 גרם,false,,29.90,0.1196,true,1,127055
7290004121853,false,גבינה בולגרית פיראוס 5% קוביות 200 גרם,תנובה מרכז שיתופי לש,IL,פיראוס קוביות בולגרי,גרמים,200.00,100 גרם,false,,20.90,0.1045,true,1,127056
7290004122119,false,פתיתי פרמזן 23% לפסטה השף הלבן 100 גרם,פ.פ.ח. שאביט,IL,פתיתי פרמזן לפסטה 10,גרמים,100.00,100 גרם,false,,13.60,0.1360,true,1,127060
7290004122195,false,"גבינת גוש חלב פרוס 28%, כשרות מהדרין, 200 ג'",תנובה חלב,IL,גוש חלב פרוס 200 %28,גרמים,200.00,100 גרם,false,,14.30,0.0715,true,1,127061
7290004122270,false,עמק קלאסית פרוסות גבינה חצי קשה 28% 200 גרם,תנובה מרכז שיתופי לש,IL,עמק פרוס בקופסא 200,גרמים,200.00,100 גרם,false,,17.90,0.0895,true,1,127062
7290004122348,false,גבינת עמק לייט פרוס בקופסא 200 גרם,תנובה מרכז שיתופי לש,IL,עמק לייט פרוס 200 גר,גרמים,200.00,100 גרם,false,,17.50,0.0875,true,1,127064
7290004122676,false,גבינת חמד לייט 5% פיראוס 250 ג',"תנובה,מחלבת טנא נוגה",IL,פיראוס חמד לייט 5%,גרמים,250.00,100 גרם,false,,18.40,0.0736,true,1,127067
7290004122683,false,עמק חטיף אצבעות גבינה חצי קשה 28% שומן,תנובה מרכז שיתופי לש,IL,אצבעות 28% חטיף גבינ,גרמים,172.00,100 גרם,false,,16.70,0.0971,true,1,127068
7290004124205,false,יופלה דיאט יוגורט תות %0 גביע 150 גרם,תנובה מרכז שיתופי לש,IL,יופלה דיאט יוגורט תו,מיליליטרים,150.00,"100 מ""ל",false,,5.20,0.0347,true,1,127077
7290004124847,false,"קצפת צמחית השף הלבן 500 מ""ל תנובה",תנובה מרכז שיתופי לש,IL,קצפת צמחית השף הלבן,יחידה,500.00,יחידה,false,,16.70,0.0334,true,1,127078
7290004125370,false,"שמנת חמוצה 9 % מופחתת שומן 200 מ""ל",תנובה מרכז שיתופי לש,IL,שמנת אורגינל 9% 200מ,גרמים,200.00,100 גרם,false,,3.80,0.0190,true,1,127080
7290004125400,false,"אשל שלי מהדרין 200 מ""ל 4.5% ""תנובה""- מוצר בפיקוח",פארייפאבה אגרואינדוס,IL,אשל 4.5% 200מל מהדרי,מיליליטרים,200.00,"100 מ""ל",false,,1.69,0.0084,true,1,127081
7290004125417,false,"גיל 3% שלי 200 מ""ל ""תנובה"" -מוצר בפיקוח",תנובה מרכז שיתופי לש,IL,גיל 3% 200מל מהדרין,מיליליטרים,200.00,"100 מ""ל",false,,1.51,0.0076,true,1,127082
7290004125455,false,"שמנת חמוצה 200 מ""ל 15% ""תנובה"" -מוצר בפיקוח",תנובה מרכז שיתופי לש,IL,שמנת אורגינל 15% 200,מיליליטרים,200.00,"100 מ""ל",false,,2.40,0.0120,true,1,127083
7290004125462,false,"שמנת אורגינל 15% מהדרין 500 מ""ל",תנובה מרכז שיתופי לש,IL,שמנת אורגינל 15% 500,מיליליטרים,500.00,"100 מ""ל",false,,6.00,0.0120,true,1,127084
7290004125509,false,"שמנת 15% חצי מנה 100 מ""ל תנובה",תנובה מרכז שיתופי לש,IL,שמנת אורגינל 15% חצי,מיליליטרים,100.00,"100 מ""ל",false,,1.90,0.0190,true,1,127085
7290004125578,false,משקה סויה מעושר בסידן תנובה 1ל',תנובה מרכז שיתופי לש,IL,משקה סויה מועשר 1 לי,ליטרים,1.00,ליטר,false,,9.90,9.9000,true,1,127086
7290004125585,false,משקה סויה וניל תנובה E אלטרנטיב,תנובה מרכז שיתופי לש,IL,משקה סויה וניל על הב,ליטרים,1.00,ליטר,false,,10.50,10.5000,true,1,127087
7290004125721,false,"השף הלבן שמנת עמידה לבישול 15% תנובה 250 מ""ל",תנובה מרכז שיתופי לש,IL,שמנת לבישול 15% 250,מיליליטרים,250.00,"100 מ""ל",false,,8.30,0.0332,true,1,127089
7290004125738,false,שמנת מתוקה להקצפה32% 250מל עמיד השף הלבן,תנובה מרכז שיתופי לש,IL,שמנת מתוקה להקצפה32%,מיליליטרים,250.00,"100 מ""ל",false,,7.40,0.0296,true,1,127090
7290004125776,false,גבינה צהובה עמק 28% 400 גרם בקופסא,תנובה חלב,IL,עמק פרוס 28% 400 גרם,גרמים,400.00,100 גרם,false,,29.40,0.0735,true,1,127091
7290004126674,false,טל העמק פרוסות גבינה חצי קשה לייט %9 200 גרם בקופסא,תנובה מרכז שיתופי לש,IL,טל העמק לייט %9 200,גרמים,200.00,100 גרם,false,,19.10,0.0955,true,1,127094
7290004126759,false,יופלה דיאט פירות יער %0 גביע 150 גרם,תנובה חלב,IL,יופלה דיאט פירות יער,מיליליטרים,150.00,"100 מ""ל",false,,5.20,0.0347,true,1,127095
7290004126872,false,משקאות חלב תנובה שוקו בקבוק 250מל,תנובה חלב,IL,שוקו תנובה בבקבוק 25,יחידה,250.00,יחידה,false,,5.60,0.0224,true,1,127096
7290004127077,false,קוטג תנובה 3% גביע 250 גרם מהדרין,מיוצר עי קונדיטוריית,IL,קוטג תנובה 3% גביע 2,גרמים,250.00,100 גרם,false,,5.80,0.0232,true,1,127097
7290004127329,false,קוטג תנובה גביע 250 גרם %5 ו.מהדרין,מיוצר עי קונדיטוריית,IL,קוטג תנובה גביע 250,גרמים,250.00,100 גרם,false,,5.80,0.0232,true,1,127098
7290004127336,false,קוטג תנובה גביע 250 גרם %9 ו.מהדרין,מיוצר עי קונדיטוריית,IL,קוטג תנובה גביע 250,גרמים,250.00,100 גרם,false,,5.80,0.0232,true,1,127099
7290004127800,false,"גבינה לבנה 500 גרם 5% ""תנובה"" -מוצר בפיקוח",מיוצר עי קונדיטוריית,IL,גבינה לבנה 5% 500 גר,גרמים,500.00,100 גרם,false,,9.96,0.0199,true,1,127101
7290004127817,false,גבינה לבנה 9% שומן 500 ג' תנובה,מיוצר עי קונדיטוריית,IL,גבינה לבנה 9% 500 גר,גרמים,500.00,100 גרם,false,,10.50,0.0210,true,1,127102
7290004127862,false,"גבינה לבנה 750 גרם 5% ""תנובה"" - מוצר בפיקוח",תנובה מרכז שיתופי לש,IL,גבינה לבנה 5% 750 גר,גרמים,750.00,100 גרם,false,,14.94,0.0199,true,1,127103
7290004127916,false,גבינה לבנה 0.5% שומן 500 ג' תנובה,תנובה מרכז שיתופי לש,IL,גבינה לבנה 0.5% 500,גרמים,500.00,100 גרם,false,,10.50,0.0210,true,1,127105
7290004128333,false,לאבנה על בסיס יוגורט %9 שומן 500 ג' פיראוס,תנובה חלב,IL,פיראוס לאבנה גביע 50,גרמים,500.00,100 גרם,false,,19.90,0.0398,true,1,127110
7290004128340,false,קרם גבינת שמנת %5 בטעם טבעי 200 ג' תנובה,תנובה חלב,IL,קרם גבינת שמנת %5 ב,גרמים,200.00,100 גרם,false,,11.50,0.0575,true,1,127111
7290004128364,false,קרם גבינת שמנת 5% עם זיתים ירוקים 200 ג' תנובה,"תנובה, מחלבת תל יוסף",IL,קרם גבינת שמנת 5% ע,גרמים,200.00,100 גרם,false,,11.50,0.0575,true,1,127112
7290004128432,false,פתיתים מיוחדים לפיצה על בסיס גבינה 500 ג',תנובה חלב,IL,פתיתים מיוחדים לפיצה,גרמים,600.00,100 גרם,false,,22.90,0.0382,true,1,127113
7290004129101,false,גבינת שמנת 25% בטעם טבעי 225 ג' נפוליאון,תנובה מרכז שיתופי לש,IL,נפוליאון טבעי גביע 2,גרמים,225.00,100 גרם,false,,13.90,0.0618,true,1,127114
7290004129156,false,גבינת שמנת25% עם שום שמיר 225 ג' נפוליאון,תנובה מרכז שיתופי לש,IL,נפוליאון שום שמיר גב,גרמים,225.00,100 גרם,false,,13.90,0.0618,true,1,127116
7290004129736,false,יופלה לבן מעודן 1.5% גביע 200 גרם,תנובה מרכז שיתופי לש,IL,יופלה לבן מעודן 1.5%,יחידה,200.00,יחידה,false,,4.50,0.0225,true,1,127119
7290004129767,false,"3% 'יופלה לבן מארז שמינייה 1.2 ק""ג",מחלבת אלון תבור,IL,יופלה לבן 3% מאגדת 8,מיליליטרים,1200.00,"100 מ""ל",false,,17.90,0.0149,true,1,127120
7290004130695,false,משקאות חלב תנובה אייס קפה בבקבוק 1ל,תנובה מרכז שיתופי לש,IL,משקה אייס קפה תנובה,ליטרים,1.00,ליטר,false,,13.60,13.6000,true,1,127121
7290004130794,false,משקה סויה טבעי במתיקות מופחתת 1 ליטר,תנובה מרכז שיתופי לש,IL,משקה סויה טבעי במתיק,ליטרים,1.00,ליטר,false,,10.50,10.5000,true,1,127122
7290004130916,false,יוגורט 3% פירות יער בשמנת 150 ג' יופלה,תנובה מרכז שיתופי לש,IL,יופלה פירות יער בשמנ,מיליליטרים,150.00,"100 מ""ל",false,,5.20,0.0347,true,1,127123
7290004131074,false,"חלב 1 ליטר 3% קרטון ""תנובה""- מוצר בפיקוח",תנובה מרכז שיתופי לש,IL,חלב תנובה טרי1ל קרטו,ליטרים,1.00,ליטר,false,,6.23,6.2300,true,1,127125
7290004131432,false,יוגורט ביו 3% שומן 200 ג' יופלה,מיוצר עי קונדיטוריית,IL,יופלה לבן 3% גביע 20,מיליליטרים,200.00,"100 מ""ל",false,,3.90,0.0195,true,1,127130
7290004131456,false,יוגורט ביו 1.5% שומן 200 ג' יופלה,מיוצר עי קונדיטוריית,IL,יופלה לבן 1.5% גביע,יחידה,200.00,יחידה,false,,3.90,0.0195,true,1,127131
7290004131531,false,משקאות חלב תנובה שוקו בקבוק 1ל,תנובה מרכז שיתופי לש,IL,שוקו תנובה בקבוק 1 ל,ליטרים,1.00,ליטר,false,,13.60,13.6000,true,1,127135
7290004131814,false,גבינה צפתית 5% מעודנת 200 ג' פיראוס,פארייפאבה אגרואינדוס,IL,פיראוס צפתית 5% מעוד,גרמים,200.00,100 גרם,false,,15.10,0.0755,true,1,127139
7290004131845,false,גבינת לאבנה 9% שומן 750 ג' פיראוס,תנובה מרכז שיתופי לש,IL,פיראוס לאבנה 9% גביע,גרמים,750.00,100 גרם,false,,24.90,0.0332,true,1,127140
7290004132552,false,משקה סויה לייט בטעם טבעי טרי 1 ליטר,תנובה מרכז שיתופי לש,IL,משקה סויה לייט בטעם,ליטרים,1.00,ליטר,false,,10.50,10.5000,true,1,127146
7290004132606,false,"קרלו מעדן חלב בטעם וניל 2% תנובה 8*100 מ""ל",תנובה מרכז שיתופי לש,IL,מאגדת קרלו מיני וניל,מיליליטרים,800.00,"100 מ""ל",false,,14.90,0.0186,true,1,127147
7290004132712,false,חטיף אצבעות גבינת מוצרלה 20% 172 ג' עמק,תנובה מרכז שיתופי לש,IL,חטיף אצבעות גבינת מו,גרמים,174.00,100 גרם,false,,16.70,0.0960,true,1,127149
7290004133511,false,יופלה מאגדת לבן 1.5% מעודן 8 יח' * 150 ג',מיוצר עי קונדיטוריית,IL,יופלה מאגדת שמיניה ל,ליטרים,1.20,ליטר,false,,21.20,17.6667,true,1,127156
7290004135058,false,מאגדת קרלו מיני 8*100 גרם שוקולד מהדרין,תנובה מרכז שיתופי לש,IL,מאגדת קרלו מיני שוקו,מיליליטרים,800.00,"100 מ""ל",false,,14.90,0.0186,true,1,127164
7290004135225,false,מעדן חלב דל קלוריות בטעם שוקולד 0.2שומ,תנובה מרכז שיתופי לש,IL,מעדן תנובה דיאט שוקו,יחידה,150.00,יחידה,false,,4.10,0.0273,true,1,127168
7290004135614,false,גבינה בולגרית מעודנת 5% 250 ג' פיראוס,תנובה חלב,IL,פיראוס בולגרית מעוד,גרמים,250.00,100 גרם,false,,23.50,0.0940,true,1,127173
7290004136154,false,"משקה חלב אייס קפה תנובה בבקבוק 340 מ""ל",גוד פוד פרודקטס S.p,IL,משקה אייס קפה תנובה,יחידה,340.00,יחידה,false,,6.90,0.0203,true,1,127178
7290004136598,false,מארז הפסקת אוכל עם קורנפלקס ומשקה חלב עמיד בטעם וניל,פארייפאבה אגרואינדוס,IL,מארז הפסקת אוכל חלב,מיליליטרים,150.00,"100 מ""ל",false,,9.50,0.0633,true,1,127186
7290004136857,false,ג'לי תנובה פטל 125 גרם,תנובה מרכז שיתופי לש,IL,ג'לי תנובה פטל,מיליליטרים,125.00,"100 מ""ל",false,,2.60,0.0208,true,1,127188
7290004136864,false,מעדן ג'לי בטעם אננס עם חתיכות תנובה 125 גרם,תנובה חלב,IL,ג'לי תנובה אננס עם ח,יחידה,125.00,יחידה,false,,2.90,0.0232,true,1,127189
7290004136871,false,מעדן ג'לי בטעם אפרסק עם חתיכות תנובה 125 גרם,תנובה מרכז שיתופי לש,IL,ג'לי תנובה אפרסק עם,מיליליטרים,125.00,"100 מ""ל",false,,2.90,0.0232,true,1,127190
7290004137021,false,"שמנת לבישול 10% עמיד השף הלבן 250 מ""ל",תנובה מרכז שיתופי לש,IL,שמנת לבישול 10% 250,מיליליטרים,250.00,"100 מ""ל",false,,8.30,0.0332,true,1,127192
7290004137311,false,עמק לייט משפחתית 9% 400ג-ועדת מהדרין,תנובה חלב,IL,עמק לייט פרוס 400 גר,גרמים,400.00,100 גרם,false,,31.40,0.0785,true,1,127194
7290004137809,false,פיראוס לאבנה 5% גביע 250 גרם,"תנובה, מחלבת אלון תב",IL,פיראוס לאבנה 5% גבי,גרמים,250.00,100 גרם,false,,12.90,0.0516,true,1,127196
7290004146986,false,נקה 7 שמפו לשיער צבוע ומובהר 750 מל,אמיליה קוסמטיקס,IL,נקה 7-שמפו צבוע כתום,מיליליטרים,750.00,"100 מ""ל",false,,12.90,0.0172,true,1,231762
7290004146993,false,נקה 7 מרכך שיער צבוע ומובהר 750 מל,אמיליה קוסמטיקס,IL,מרכך שיער נקה 7-צבוע,מיליליטרים,750.00,"100 מ""ל",false,,12.90,0.0172,true,1,108659
7290004147051,false,קיסמי שיניים רפואיים 300יח',וולטרס,,קיסמי שיניים רפואי 3,יחידה,0.00,יחידה,false,,9.90,0.0000,true,1,184844
7290004150563,false,בומבה של חומוס-850ג,,,בומבה של חומוס-850ג,גרמים,800.00,00000000000000000גרם,false,,9.90,0.0124,true,1,127901
7290004199074,false,סאני פלסטר אינטרסן 5,סאני פלסטר,CN,פלסטר 50 יח',יחידה,0.00,יחידה,false,,6.90,0.0000,true,1,213783
7290004199203,false,קיסמ' שיניים מבמבוק מלחיה 300 יח',הדקלאים אגודת שיתופי,CN,קיסמי שיניים מבמבוק,יחידה,0.00,יחידה,false,,3.90,0.0000,true,1,213751
7290004199326,false,כוס אימון מהפכנית טוליפס פרמיום,J.B. Comp Lt,CN,כוס אימון מהפכנית,יחידה,1.00,יחידה,false,,14.90,14.9000,true,1,213820
7290004199579,false,פלסטר מעורב 100 יח' - SUNNY PLASTER,הדקלאים אגודת שיתופי,CN,פלסטר 100 יח' מעורב,יחידה,0.00,יחידה,false,,9.90,0.0000,true,1,213785
7290004199777,false,צימרוני אוז' פל' בכוס 300 יח',כוטון סופט,,צימרוני אוזניים פלסט,יחידה,0.00,יחידה,false,,6.90,0.0000,true,1,213752
7290004225285,false,גבינה בסגנון דנאבלו 100 ג',האי נאם סי או אל.טי.,DK,סגנון דנאבלו 100 גרם,גרמים,100.00,100 גרם,false,,11.90,0.1190,true,1,168400
7290004228415,false,פיצה עבה סיציליה שגב,האי נאם סי או אל.טי.,IT,פיצה עבה סיצליה שגב,גרמים,425.00,100 גרם,false,,17.90,0.0421,true,1,197029
7290004228804,false,עלי לסיגר מרוקאי לפסטיליה 450 גרם,שלושת האופים,IL,עלי בצק למילוי סיגרי,גרמים,450.00,100 גרם,false,,12.90,0.0287,true,1,204509
7290004229870,false,שלושת האופים בורקס פטריות 800 גרם,אופרה,,בורקס פטריות 800 גרם,גרמים,800.00,100 גרם,false,,17.90,0.0224,true,1,186940
7290004230081,false,קציצות עוף ברוטב עגבניות שגב 800 גרם,טיבון ויל,IL,שגב קציצות עוף ברוטב,גרמים,800.00,100 גרם,false,,23.90,0.0299,true,1,116992
7290004230104,false,קציצות בקר ברוטב עגבניות שגב,טיבון וייל החזקות,IL,שגב קציצות בקר ברוטב,יחידה,0.00,יחידה,false,,23.90,0.0000,true,1,168559
7290004230326,false,שגב מקלות פילו תפוחי,שלושת האופים שגמור,IL,שגב מקלות פילו תפוחי,גרמים,600.00,100 גרם,false,,19.90,0.0332,true,1,168563
7290004230340,false,מקלות בורקס פילו תרד ובצל שגב 600 ג,שלושת האופים שגמור,IL,שגב מקלות בורקס פילו,גרמים,600.00,100 גרם,false,,19.90,0.0332,true,1,117001
7290004230371,false,מקלות בורקס פילו פיצה 600 גרם לנדא,שלושת האופים שגמור,IL,שלושת האופים מקלות ב,יחידה,0.00,יחידה,false,,19.90,0.0000,true,1,168564
7290004230944,false,מקלות פילו גבינה 600 גר' שלושת האופים לנדא,שלושת האופים שגמור,IL,מקלות בורקס פילו גבי,גרמים,600.00,100 גרם,false,,19.90,0.0332,true,1,117004
7290004252069,false,וופל עדין טעם שוקולד 200 גרם,,,וופל עדין טעם שוקולד,גרמים,200.00,100 גרם,false,,4.90,0.0245,true,1,202975
7290004258627,false,תרומת נרות חנוכה,,,תרומת נרות חנוכה,יחידה,0.00,יחידה,false,,10.00,0.0000,true,1,270009
7290004267087,false,עוגיות מצופות כרמל ברמ בשקית 200 גר',,IL,עוגיות חיוך קטן 200,גרמים,200.00,100 גרם,false,,4.90,0.0245,true,1,106373
7290004267261,false,בר-מן עוגיות טופז 600 גרם,,,בר-מן עוגיות טופז 60,גרמים,600.00,100 גרם,false,,12.90,0.0215,true,1,106382
7290004267285,false,עוגיות ברמן כרמל 600 גר',,,בר-מן עוגיות כרמל 60,גרמים,600.00,100 גרם,false,,12.90,0.0215,true,1,106384
7290004267544,false,בר-מן עוגיות ממולאות תות 600 גרם,,,ברמן עוגיות ממולאות,גרמים,600.00,100 גרם,false,,12.90,0.0215,true,1,106390
7290004267650,false,עוגיות כתר במילוי בטעם תות,,,בר-מן עוגיות ריבה 60,גרמים,600.00,100 גרם,false,,12.90,0.0215,true,1,106394
7290004267667,false,עוגיות בטעם שוקוצ'יפס בקרטון,,,עוגיות שוקוציפס 600,גרמים,600.00,100 גרם,false,,12.90,0.0215,true,1,106395
7290004267803,false,עוגיות ממולאות בטעם,,,עוגיות ממולאות בטעם,גרמים,300.00,100 גרם,false,,7.90,0.0263,true,1,106398
7290004267995,false,עוגיות במילוי קרם בט,,,עוגיות במילוי קרם בט,גרמים,250.00,100 גרם,false,,7.90,0.0316,true,1,155633
7290004323882,false,טחון הודו אדום 500 גרם,טיבון ויל,IL,טחון הודו אדום 500 ג,גרמים,500.00,100 גרם,false,,14.90,0.0298,true,1,241873
7290004323967,false,טיבון ויל שניצל אמרי,טיבון ויל,,טיבון ויל שניצל אמרי,גרמים,700.00,100 גרם,false,,14.90,0.0213,true,1,264036
7290004323974,false,טבעות עוף 700 ג' טיבון ויל,טיבון ויל,IL,טבעות עוף 700 גרם,גרמים,700.00,100 גרם,false,,14.90,0.0213,true,1,168567
7290004323998,false,שניצלוני עוף 700 ג' טיבון ויל,טיבון ויל,IL,טיבון ויל שניצל 700,גרמים,700.00,100 גרם,false,,14.90,0.0213,true,1,266878
7290004324605,false,גבינה מותכת למריחה בטעם רוקפור 7% מון בלאן 120 ג',האי נאם סי או אל.טי.,IL,מון בלאן רוקפור 7% 1,גרמים,120.00,100 גרם,false,,10.90,0.0908,true,1,168401
7290004324858,false,קבב כבש טיבון ויל 500 גרם,"טיבון ויל אחזקות בע""",IL,קבב כבש 500גרם,גרמים,500.00,100 גרם,false,,19.90,0.0398,true,1,117023
7290004339425,false,שווארמה מהצומח 350 גרם טבע דלי,טבע דלי בעמ,IL,שווארמה מהצומח 350 ג,גרמים,350.00,100 גרם,false,,26.90,0.0769,true,1,153866
7290004339784,false,המבורגר ניו יורק על האש 400 גרם טבע דלי,טבע דלי,IL,המבורגר מיני על הגרי,גרמים,400.00,100 גרם,false,,26.90,0.0672,true,1,153871
7290004492274,false,"בייגלה גל גל 400 גרם ""בייגל בייגל""",אתר בייגל - Food,IL,בייגל בייגלה גל גל 4,גרמים,400.00,100 גרם,false,,9.90,0.0248,true,1,113593
7290004492762,false,נשנושים תירס ב.בייגל 325 ג',אתר בייגל - Food,IL,נישנושים תירס 325 גר,גרמים,325.00,100 גרם,false,,11.90,0.0366,true,1,113598
7290004494131,false,יין דלתון קברנה סוביניון גליל,"איי, בי, אינבוו",IL,קברנה דלתון,יחידה,750.00,יחידה,false,,59.90,0.0799,true,1,128198
7290004494377,false,"יין אדום שיראז סדרת דלתון 750 מ""ל","איי, בי, אינבוו",IL,"שיראז 2003 750 מ""ל",מיליליטרים,750.00,"100 מ""ל",false,,59.90,0.0799,true,1,128205
7290004496593,false,חציל במיונז אלבוסתאן 180 ג',,,חציל במיונז 180 גרם,יחידה,0.00,יחידה,false,,4.90,0.0000,true,1,207103
7290004496616,false,סלט כרוב אדום במיונז אלבוסתאן 180 ג',,,כרוב אדום 180 גרם,יחידה,0.00,יחידה,false,,4.90,0.0000,true,1,207104
7290004502690,false,וודקה פינלנדיה 1 ליטר,,,וודקה פינלנדיה 1 ליט,ליטרים,1.00,ליטר,false,,109.90,109.9000,true,1,115741
7290004536336,false,רפיל ספירה דוחה יתושים 45 לילות,זובלה,IT,רפיל ספירה 45 לילות,יחידה,1.00,יחידה,false,,13.90,13.9000,true,1,257970
7290004554354,false,גלידת פנטזיה שוקו וניל 1 ל' שטראוס,"גלידת שטראוס בע""מ, ר",IL,פנטסיה שוקו וניל 900,יחידה,900.00,יחידה,false,,19.90,0.0221,true,1,134903
7290004554903,false,"גלידת פנטזיה שוקו וניל 900 מ""ל שטראוס","גלידת שטראוס בע""מ",IL,גלידת פנטזיה שוקו ונ,יחידה,900.00,יחידה,false,,19.90,0.0221,true,1,134909
7290004567125,false,נוזל לניקוי שמשות,,,נוזל לניקוי שמשות,יחידה,0.00,יחידה,false,,14.90,0.0000,true,1,239647
7290004575007,false,טילון וניל וופך ושברי אגוז ריאו מארז 70X5ג',"גלידות ריאו ביח""ר לג",IL,חמישיות טילונים וניל,יחידה,5.00,יחידה,false,,16.90,3.3800,true,1,145557
7290004575069,false,גלידה מיניס חטיפים וניל ציפוי שוקו' ופצפוצי נ.חיטה ריאו מארז 32יח',"גלידות ריאו ביח""ר לג",IL,מיניס פיצפוץ וניל,יחידה,0.00,יחידה,false,,34.90,0.0000,true,1,145559
7290004575335,false,ארטיק מגיק מיני וניל ציפוי שוקו' ופצפוצי נ.חיטה ריאו מארז 45X8ג'באריזה,"גלידות ריאו ביח""ר לג",IL,שלגוני מיני מגיק 8 י,יחידה,8.00,יחידה,false,,17.90,2.2375,true,1,145572
7290004575403,false,טריו גלידת פרווה בטעמים 1.8 ליטר ריאו,"גלידות ריאו ביח""ר לג",IL,גלידת פרווה בטעמים 1,ליטרים,1.80,ליטר,false,,16.90,9.3889,true,1,145577
7290004575632,false,קרמבו ריאו בטעם וניל 16יח',"גלידות ריאו ביח""ר לג",IL,ריאו קרמבו בטעם וניל,יחידה,16.00,יחידה,false,,22.90,1.4312,true,1,145582
7290004584351,false,גבינה לבנה סימפוניה עם תוספות 200 ג' חמישית 200,"שטראוס בריאות בע""מ",IL,סימפוניה חמישית 200,גרמים,200.00,100 גרם,false,,10.90,0.0545,true,1,141042
7290004585907,false,דני ועדן וניל 1.5% 125ג' שטראוס,מיוצר עי קונדיטוריית,IL,דני וניל מהדרין 130,מיליליטרים,130.00,"100 מ""ל",false,,2.50,0.0192,true,1,141044
7290004603175,false,מלח הארץ מלחייה גס 500 גרם,תעשיות מלח לישראל,IL,מלח הארץ מלחייה גס 5,גרמים,500.00,100 גרם,false,,7.90,0.0158,true,1,126557
7290004652401,false,ג'חנון ללא מרגרינה שגב 650 גר' לנדא,שף שגב,IL,ג'חנון ללא מרגרינה 6,גרמים,650.00,100 גרם,false,,19.90,0.0306,true,1,248523
7290004658960,false,יין אמרלד ריזלינג פרייבט קולקשן יקבי כרמל,אגודת הכורמים הקואופ,IL,פי.סי אמרלד ריזלינג,מיליליטרים,750.00,"100 מ""ל",false,,41.90,0.0559,true,1,268195
7290004731472,false,"אל סבון צבעוני כיף שלישיה* 500 מ""ל",טרופיקל דגיל תעשיות,IL,אלסבון כיף שלישיה צב,יחידה,3.00,יחידה,false,,19.90,6.6333,true,1,108680
7290004731519,false,"מקסימה מרכך ומבשם כביסה למייבש סנסיטיב סנו 750 מ""ל",סנו מקסימה,IL,סנו מקסימה למייבש סנ,מיליליטרים,750.00,"100 מ""ל",false,,18.90,0.0252,true,1,249666
7290004731557,false,"מקסימה תרסיס מרכך ומבשם כביסה במייבש מאסק סנו 750 מ""ל",סנו מקסימה,IL,סנו מקסימה למייבש מא,מיליליטרים,750.00,"100 מ""ל",false,,18.90,0.0252,true,1,224148
7290004731564,false,"סנו - מקסימה מרסס למייבש כביסה פריחה כחולה 750 מ""ל",סנו מקסימה,IL,סנו מקסימה למייבש בל,יחידה,0.00,יחידה,false,,18.90,0.0000,true,1,224149
7290004731670,false,"מטהר אויר בניחוח לבנדר ופצ'ולי סנו 300 מ""ל","סנו מפעלי ברונוס בע""",IL,דואופרש פצ'ולי לבנדר,מיליליטרים,300.00,"100 מ""ל",false,,12.90,0.0430,true,1,231770
7290004731687,false,"מטהר אויר בניחוח וניל ולמון גראס סנו 300 מ""ל",קריות זול,IL,דואופרש וניל,מיליליטרים,300.00,"100 מ""ל",false,,12.90,0.0430,true,1,108686
7290004737719,false,אספרגוס שלם מקולף ולבן וילי פוד 205 גרם,קריות זול,CN,אספרגוס שלם בצנצנת 3,גרמים,330.00,100 גרם,false,,10.90,0.0330,true,1,106522
7290004748005,false,מארז טרופית ענבים 20,,,מארז טרופית ענבים 20,מיליליטרים,200.00,"100 מ""ל",false,,34.90,0.1745,true,1,154231
7290004898762,false,דואדורנט קלאסיק דאו,,,דואדורנט קלאסיק דאו,יחידה,0.00,יחידה,false,,12.90,0.0000,true,1,267145
7290004955670,false,מנצ'יס 250 גרם זארובי,זארובי,,מנצ'יס 250 גרם,יחידה,0.00,יחידה,false,,9.90,0.0000,true,1,243450
7290004955687,false,קוקוס 300 גרם,,,קוקוס 300 גרם,יחידה,0.00,יחידה,false,,7.90,0.0000,true,1,243451
7290004955694,false,שומשום 450 גרם,,,שומשום 450 גרם,יחידה,0.00,יחידה,false,,10.90,0.0000,true,1,243452
7290005008184,false,"סבון נוזלי בניחוח חלב שקדים פלמוליב 500 מ""ל",הנסיך- מפעל לייצור ט,TR,פלמוליב סבון נוזלי ח,מיליליטרים,500.00,"100 מ""ל",false,,15.90,0.0318,true,1,124869
7290005008191,false,"סבון נוזלי ארומה בניחוח לבנדר פטצ'ולי וילנג ילנג פלמוליב 500 מ""ל",הנסיך- מפעל לייצור ט,TR,פלמוליב סבון נוזלי א,מיליליטרים,500.00,"100 מ""ל",false,,15.90,0.0318,true,1,124870
7290005008481,false,ספיד סטיק - דאודורנט ג'ל לגבר ספורט 85 גרם,הנסיך- מפעל לייצור ט,US,ספיד סטיק גל בסיסי ס,יחידה,0.00,יחידה,false,,24.90,0.0000,true,1,124871
7290005020162,false,וויסקי סקוטי בלנטייס פיינסט 700 מל,פרנו,IL,וויסקי בלנטיינ'ס 700,מיליליטרים,700.00,"100 מ""ל",false,,79.90,0.1141,true,1,193648
7290005020346,false,בקרדי קרטה בלנקה סופ,תאגיד בקרדי,US,"בקרדי לבן 750 מ""ל",מיליליטרים,750.00,"100 מ""ל",false,,109.90,0.1465,true,1,115752
7290005041136,false,מעדני הטלה קבב גמבו,מעדני הטלה,IL,מעדני הטלה קבב גמבו,יחידה,0.00,יחידה,false,,45.90,0.0000,true,1,115123
7290005041198,false,מעדני הטלה קבב ביתי,לאטי עזרא גלם ודגים,IL,מעדני הטלה קבב ביתי,גרמים,1000.00,100 גרם,false,,45.90,0.0459,true,1,115125
7290005068058,false,תירס קל מופחת קלוריות 550 ג' פרי הגליל,"פרי הגליל בע""""מ",IL,תירס קל מופחת קלוריו,גרמים,550.00,100 גרם,false,,7.90,0.0144,true,1,133613
7290005068447,false,"גרגרי תירס קל בוואקום ללת""ס פרי גליל 340ג'","פרי הגליל בע""""מ",IL,תירס קל בוקום 340 גר,גרמים,340.00,100 גרם,false,,5.90,0.0174,true,1,133617
7290005068492,false,לקט ירקות מעורבים 700 גרם פרי-גליל,"פרי הגליל בע""""מ",IL,לקט ירקות מעורבים,גרמים,700.00,100 גרם,false,,11.90,0.0170,true,1,133618
7290005068553,false,לקט ירקות בורגנדי 700 ג' פרי הגליל,"פרי הגליל בע""""מ",IL,לקט ירקות בורגנדי,גרמים,700.00,100 גרם,false,,12.90,0.0184,true,1,133619
7290005068621,false,ברוקלי פרי הגליל 800ג',"פרי הגליל בע""""מ",IL,ברוקולי 80גרם,גרמים,800.00,100 גרם,false,,15.90,0.0199,true,1,133620
7290005078002,false,מלפפון 30-36 מלח A10,,,מלפפון 30-36 מלח A10,יחידה,0.00,יחידה,false,,17.90,0.0000,true,1,174577
7290005078095,false,חצילים 600גר עדן,,,חצילים A2 עדן,יחידה,0.00,יחידה,false,,6.90,0.0000,true,1,153557
7290005078194,false,פלפל חריף כבוש עדן,,,פלפל שיפקה A2 עדן,יחידה,0.00,יחידה,false,,6.90,0.0000,true,1,153558
7290005078361,false,טבעות זיתים משוחרים 560ג עדן,,,עדן טבעות זיתים משוח,גרמים,560.00,100 גרם,false,,9.90,0.0177,true,1,240960
7290005079290,false,צהובה נעם 15% מהדרין,טרה,IL,גבינה חריץ נעם 15%,קילוגרמים,1.00,"ק""ג",true,,75.00,75.0000,true,1,155851
7290005079344,false,מוצרלה נועם רכיבים ט,מחלבת משק צוריאל,IL,מוצרלה נועם רכיבים ט,קילוגרמים,1.00,"ק""ג",true,,100.00,100.0000,true,1,239241
7290005079412,false,נעם אמנטל מעדניה,טרה,IL,נעם חריץ אמנטל,קילוגרמים,1.00,"ק""ג",true,,65.00,65.0000,true,1,173468
7290005079511,false,צפתית קלאסית 5%,,,צפתית קלאסית 5%,קילוגרמים,1.00,"ק""ג",true,,60.00,60.0000,true,1,174917
7290005084355,false,סנסודין משחת שיניים דואל קר פלואוריד 75,גלקסו סמית קליין,GB,סנסודיין דואל קר 75,יחידה,0.00,יחידה,false,,21.90,0.0000,true,1,131061
7290005084737,false,טפטפים - בייביסקין קרם החתלה ללא בושם 100 גרם,כ.צ.ט,IL,בייבי סקין משחה לתינ,יחידה,0.00,יחידה,false,,10.90,0.0000,true,1,131062
7290005111761,false,"מזון לכלבים בונזו מזון כלבים בשר 3 ק""ג","ביופט בע""מ",IL,"בונזו בשר 3ק""ג",קילוגרמים,3.00,"ק""ג",false,,54.90,18.3000,true,1,141585
7290005113222,false,זיתים קוקטייל וגמבה יבנה 350ג',קבוצת יבנה,IL,זיתים מיקס 560 גרם,גרמים,560.00,100 גרם,false,,9.90,0.0177,true,1,223063
7290005168253,false,"קליל יין אדום מתוק 750 מ""ל",,,יין מתוק קליל 5% 750,מיליליטרים,750.00,"100 מ""ל",false,,15.90,0.0212,true,1,148464
7290005168284,false,יין מתוק גן עדן 750מ,יקבי ציון,IL,יין מתוק גן עדן 750מ,מיליליטרים,750.00,"100 מ""ל",false,,19.90,0.0265,true,1,148466
7290005168314,false,יין אצילים אדום מתוק750מ,יקבי ציון,IL,יין מתוק אצילים 750מ,מיליליטרים,750.00,"100 מ""ל",false,,14.90,0.0199,true,1,155516
7290005168369,false,"מיץ ענבים תירוש 750 מ""ל",,,"תירוש ענבים 750מ""ל",מיליליטרים,750.00,"100 מ""ל",false,,12.90,0.0172,true,1,148472
7290005174551,false,סלט חומוס עם צנוברים 125 ג' אחלה,מיוצר עי קונדיטוריית,IL,אחלה סלט חומוס יום י,גרמים,125.00,100 גרם,false,,4.90,0.0392,true,1,141047
7290005175428,false,"קמח תירס לל""ג ריבארה 500 ג'",קריות זול,AR,וילי פוד קמח תירס לל,גרמים,500.00,100 גרם,false,,5.90,0.0118,true,1,106525
7290005199578,false,"קפה פלאטינום עלית נטול 200ג' כש""לפ",שטראוס גרופ,IL,עלית אוריגינס קפה נט,גרמים,200.00,100 גרם,false,,25.90,0.1295,true,1,129755
7290005199738,false,גומי מאסט בטעם פפרמינט ריח פה נעים פליפטופ 28 ג' עלית,"שטראוס גרופ בע""מ",IL,מאסט ריח פה נעים 28,יחידה,0.00,יחידה,false,,4.30,0.0000,true,1,129757
7290005200786,false,תפוצ'יפס בטעם שמנת בצל עלית 50 גרם,"שטראוס פריטו ליי בע""",IL,תפוציפס שמנת ובצל 50,יחידה,0.00,יחידה,false,,3.50,0.0000,true,1,130381
7290005201455,false,קפה נמס מגורען עלית 200 גרם,"אינסטנטה בע""מ",PL,ארומה קפה נמס 200 גר,גרמים,200.00,100 גרם,false,,23.80,0.1190,true,1,129762
7290005201882,false,קפה טורקי קלוי וטחון,הנסיך- מפעל לייצור ט,IL,טורקי עלית 200 גרם,גרמים,200.00,100 גרם,false,,15.90,0.0795,true,1,129764
7290005271410,false,גליקסמן ביצים רגילות,גליקסמן שיווק ביצים,IL,גליקסמן ביצים רגילות,יחידה,12.00,יחידה,false,,12.05,1.0042,true,1,107163
7290005271427,false,גליקסמן ביצים רגילות,גליקסמן שיווק ביצים,IL,גליקסמן ביצים רגילות,יחידה,12.00,יחידה,false,,11.15,0.9292,true,1,107164
7290005271458,false,ביצים אורגניות לארג,גליקסמן שיווק ביצים,IL,ארוז אורגנית L 24-12,יחידה,0.00,יחידה,false,,21.90,0.0000,true,1,107165
7290005271465,false,ביצים מידיום אורגני 12 יח',גליקסמן שיווק ביצים,IL,ארוז אורגנית M 24-12,יחידה,12.00,יחידה,false,,20.90,1.7417,true,1,107166
7290005271687,false,אריזון 12 ביצים L-אומגה 3 מעושרות,גליקסמן שיווק ביצים,IL,ארוז אומגה L 24-12,יחידה,0.00,יחידה,false,,17.90,0.0000,true,1,107174
7290005271755,false,תבנית ביצים L חופש 12יחי,גליקסמן שיווק ביצים,IL,ארוז חופש L 24-12,יחידה,0.00,יחידה,false,,18.20,0.0000,true,1,107178
7290005271779,false,ביצה גדול 30 יח לארג,גליקסמן שיווק ביצים,IL,ביצים רגילות 30יח L,יחידה,30.00,יחידה,false,,30.10,1.0033,true,1,107180
7290005271786,false,ביצים ארוזות Mעטוף 3,גליקסמן שיווק ביצים,IL,ביצים ארוזות Mעטוף 3,יחידה,30.00,יחידה,false,,27.80,0.9267,true,1,107181
7290005278013,false,תפוזים סחוט טרי 500 מל,,,"תפוזים סחוט 500 מ""ל",מיליליטרים,500.00,"100 מ""ל",false,,9.90,0.0198,true,1,191738
7290005278020,false,לימונדה סחוט טרי 500,,,"לימונדה סחוט 500 מ""ל",מיליליטרים,500.00,"100 מ""ל",false,,9.90,0.0198,true,1,191739
7290005278037,false,תות שדה סחוט טרי 500,,,"תות שדה סחוט 500 מ""ל",מיליליטרים,500.00,"100 מ""ל",false,,9.90,0.0198,true,1,191740
7290005278068,false,בננה תפוז סחוט טרי 5,,,בננה תפוז סחוט 500 מ,מיליליטרים,500.00,"100 מ""ל",false,,9.90,0.0198,true,1,229970
7290005278075,false,פירות יער סחוט טרי 5,,,פירות יער סחוט 500 מ,מיליליטרים,500.00,"100 מ""ל",false,,9.90,0.0198,true,1,191743
7290005278082,false,אננס סחוט טרי 500 מל,,,"אננס סחוט 500 מ""ל",מיליליטרים,500.00,"100 מ""ל",false,,9.90,0.0198,true,1,191744
7290005278099,false,מנגו סחוט טרי 500 מל,,,"מנגו סחוט טרי 500 מ""",מיליליטרים,500.00,"100 מ""ל",false,,9.90,0.0198,true,1,191745
7290005278112,false,קיווי אגס תפוח סחוט,,,קיווי אגס תפוח סחוט,מיליליטרים,500.00,"100 מ""ל",false,,9.90,0.0198,true,1,191747
7290005278136,false,תפוח מלא סחוט טרי 50,,,תפוח מלא סחוט טרי 50,מיליליטרים,500.00,"100 מ""ל",false,,9.90,0.0198,true,1,208397
7290005278150,false,סחוט טרי גוייאבה 500 מל,,,גויבה סחוט טרי 500 מ,מיליליטרים,500.00,"100 מ""ל",false,,9.90,0.0198,true,1,218912
7290005278174,false,לימונענע סחוט טרי 50,,,"לימונענע סחוט 500 מ""",מיליליטרים,500.00,"100 מ""ל",false,,9.90,0.0198,true,1,191749
7290005278228,false,מנגו פסיפלורה סחוט 5,,,מנגו פסיפלורה סחוט 5,מיליליטרים,500.00,"100 מ""ל",false,,9.90,0.0198,true,1,191751
7290005278266,false,"תמר בננה תפוח 500 מ""",,,"תמר בננה תפוח 500 מ""",מיליליטרים,500.00,"100 מ""ל",false,,9.90,0.0198,true,1,208400
7290005278440,false,גזר תפוז סחוט טרי 50,,,"גזר תפוז סחוט 500 מ""",מיליליטרים,500.00,"100 מ""ל",false,,9.90,0.0198,true,1,191753
7290005278464,false,פסיפלורה בננה תפוז ס,,,פסיפלורה בננה סחוט 5,מיליליטרים,500.00,"100 מ""ל",false,,9.90,0.0198,true,1,191754
7290005287206,false,טונה סטארקיסט רביעיות בשמן 492 גרם,"סטארקיסט פודור בע""מ",IL,סטארקיסט טונה בשמן ב,גרמים,640.00,100 גרם,false,,29.90,0.0467,true,1,107852
7290005287251,false,טונה סטארקיסט במים רביעיות 4*160 גר,"סטארקיסט פודור בע""מ",IL,סטארקיסט טונה במים ב,גרמים,640.00,100 גרם,false,,29.90,0.0467,true,1,107854
7290005287510,false,טונה בשמן עם בפלפל חריף 160 ג' סטארקיסט,תאי יוניון גרופ,TH,סטארקיסט טונה פלפל ח,גרמים,160.00,100 גרם,false,,8.90,0.0556,true,1,141596
7290005287527,false,טונה סטארקיסט בשמן עם לימון 160 גר,"סטארקיסט פודור בע""מ",TH,סטארקיסט טונה בשמן ל,גרמים,160.00,100 גרם,false,,8.90,0.0556,true,1,141597
7290005296246,false,"פותח סתימות דריין אאוט 946 מ""ל יעקבי",יוליניבר,US,יעקבי פותח סתימות אק,מיליליטרים,946.00,"100 מ""ל",false,,29.90,0.0316,true,1,114395
7290005296260,false,"אסטוניש ספריי רסס ונגב לניקוי כללי יעקבי 750 מ""ל",יעקובי אסטוניש,GB,אסטוניש רסס ונגב 750,מיליליטרים,750.00,"100 מ""ל",false,,12.90,0.0172,true,1,114396
7290005296888,false,פוליבוי פוליטור לרהי,פוליבוי,,פוליבוי פוליטור לרהי,יחידה,375.00,יחידה,false,,19.90,0.0531,true,1,114402
7290005318009,false,לבנה 11% שומן 500 ג' ראמה,,,ראמה לאבנה 11% 500 ג,גרמים,500.00,100 גרם,false,,17.90,0.0358,true,1,138941
7290005318023,false,"לבנה בקופסא 11% שומן 1 ק""ג ראמה",,,ראמה לאבנה בקופסא 11,יחידה,1.00,יחידה,false,,32.90,32.9000,true,1,138942
7290005318047,false,גבינת ברינזה 400 ג' ראמה,,,גבינה ברינזה ראמה 40,גרמים,400.00,100 גרם,false,,26.90,0.0672,true,1,138943
7290005318153,false,לאבנה אלהנא 500 גרם,,,לאבנה אלהנא 500 גרם,גרמים,500.00,100 גרם,false,,12.90,0.0258,true,1,138946
7290005318160,false,"לבנה 1 ק""ג אלהנא",,,"לבנה אלהנא 1ק""ג",יחידה,0.00,יחידה,false,,19.90,0.0000,true,1,138947
7290005318177,false,גבינת ברינזה 800 גרם,,,גבינת ברינזה 800 גרם,גרמים,800.00,100 גרם,false,,46.90,0.0586,true,1,138948
7290005326387,false,עגבניות מיובשות בשמן זית אוליביה 270 גרם,קריות זול,IL,עגבניות מיובשות בשמן,גרמים,280.00,100 גרם,false,,17.90,0.0639,true,1,106837
7290005326523,false,ממרח פסטו פטרוזיליה ונענע אוליביה 180 גר,אוליביה,IL,אוליביה ממרח פסטו פט,יחידה,0.00,יחידה,false,,13.90,0.0000,true,1,154740
7290005384295,false,גבינה קשה למחצה גאוד,,LT,גבינה קשה למחצה גאוד,קילוגרמים,1.00,"ק""ג",true,,50.00,50.0000,true,1,106529
7290005384837,false,"מיץ לימונים מלימונים טריים 500 מ""ל",דריבדוס סיטרוס,ES,וילי פוד מיץ לימון ב,מיליליטרים,500.00,"100 מ""ל",false,,7.90,0.0158,true,1,160750
7290005418709,false,"נטורל קרם לחות לקיבוע תלתלים גלי 400 מ""ל",מיוצר עי אמיליה קוסמ,IL,'ק.לחות מעצבת ג'ל לק,מיליליטרים,400.00,"100 מ""ל",false,,22.90,0.0572,true,1,108691
7290005418716,false,"קרם לחות לבניית תלתלים נטורל פורמולה 400 מ""ל",מיוצר עי אמיליה קוסמ,IL,לחות לבניית תלתלים -,מיליליטרים,400.00,"100 מ""ל",false,,22.90,0.0572,true,1,108692
7290005418723,false,"נטורל קרם לחות לשיער חלק ברגע קליל 400 מ""ל",נטורל,,לחות לשיער חלק -,מיליליטרים,400.00,"100 מ""ל",false,,22.90,0.0572,true,1,249670
7290005423253,false,"סנו - מקסימה מרסס למייבש כביסה אולטרה פרש 750 מ""ל","סנו מפעלי ברונוס בע""",IL,סנו מקסימה למייבש או,מיליליטרים,750.00,"100 מ""ל",false,,18.90,0.0252,true,1,249676
7290005423482,false,"קרם לניקוי כיריים קרמיים סנו 300 מ""ל",מיוצר עי קונדיטוריית,IL,סנו קרם לניקוי כיריי,מיליליטרים,300.00,"100 מ""ל",false,,16.00,0.0533,true,1,108705
7290005423499,false,"תרסיס לניקוי משטחי נירוסטה סנו 500 מ""ל",מיוצר עי קונדיטוריית,IL,סנו נירוסטה,מיליליטרים,476.00,"100 מ""ל",false,,19.90,0.0418,true,1,108706
7290005423567,false,מטליות ניקוי רב שימושיות בגליל סנו סושי 40 יחידות,אסותא תעשיות אלבד בע,IL,סנו סושי מטלית לכל 3,יחידה,30.00,יחידה,false,,19.90,0.6633,true,1,108709
7290005423635,false,ריצפז נוזל רצפות דוחה תיקנים סנו 2 ליטר,מיוצר עי קונדיטוריית,IL,נוזל לניקוי רצפות דו,ליטרים,2.00,ליטר,false,,21.90,10.9500,true,1,108710
7290005423734,false,מקסימה מרכך כביסה אולטרא פרש כחול סנו 4 ליטר,"סנו מפעלי ברונוס בע""",IL,סנו מקסימה אולטרא פר,ליטרים,4.00,ליטר,false,,22.90,5.7250,true,1,108711
7290005423833,false,פוליויקס נוזל לניקוי פרקט סנו 2 ליטר,"סנו מפעלי ברונוס בע""",IL,'פוליויקס פרקט 2 ל,ליטרים,2.00,ליטר,false,,21.90,10.9500,true,1,225039
7290005423871,false,משחת שיניים עם פלואוריד אורביטול 3*145 גרם,טרופיקל דגיל קוסמטיק,IL,אורביטול משחת שיניים,גרמים,435.00,100 גרם,false,,19.90,0.0457,true,1,108713
7290005424700,false,לסדרה פורטה פלוס מצטרף מתז באריזת xl 1 ליטר,סנו,IL,סנו מתז פורטה פלוס 1,יחידה,0.00,יחידה,false,,17.90,0.0000,true,1,185745
7290005424755,false,מטליות ריצפז פלוס לחות לניקוי רצפות דוחה תיקנים 10 יח' סנו,סנו מפעלי ברונוס בעמ,IL,ריצפז פלוס מטליות לח,יחידה,0.00,יחידה,false,,16.90,0.0000,true,1,184324
7290005424762,false,ריצפז פלוס ווקס נוזל להברקת רצפות דוחה תיקנים סנו 2 ליטר,"סנו מפעלי ברונוס בע""",IL,ריצפז פלוס ווקס דוחה,ליטרים,2.00,ליטר,false,,23.90,11.9500,true,1,108728
7290005424809,false,כריות קרצוף ענקיות לניקוי כללי סנו סושי 3 יחידות,קריות זול,IL,סנו סושי סקוטש קרצוף,יחידה,3.00,יחידה,false,,9.90,3.3000,true,1,231787
7290005424915,false,"סנומוד מבשם אויר בניחוח לבנדר פטצ'ולי סנו 150 מ""ל",סנו מפעלי בורונוס בע,IL,סנומוד לבנדר פצ'ולי,מיליליטרים,150.00,"100 מ""ל",false,,11.90,0.0793,true,1,249697
7290005425073,false,"מטהר אויר בניחוח יסמין ועץ סאנדלווד סנו 300 מ""ל","סנו מפעלי ברונוס בע""",IL,דואופרש יסמין עץ סאנ,מיליליטרים,300.00,"100 מ""ל",false,,12.90,0.0430,true,1,231790
7290005425127,false,"חיטוי משטחים 99.9% מתז לשומנים ואבנית 750 מ""ל","סנו מפעלי ברונוס בע""",IL,סנו מתז לחיטוי ולניק,מיליליטרים,750.00,"100 מ""ל",false,,13.90,0.0185,true,1,193212
7290005425585,false,מטליות לחות לניקוי רהיטים סנו 20 יחידות,טרופיקל דגיל,IL,סנו רהיט מטליות להבר,יחידה,20.00,יחידה,false,,12.90,0.6450,true,1,108747
7290005425646,false,קליר נוזל לניקוי חלונות רב תכליתי סנו 1 ליטר,"סנו מפעלי ברונוס בע""",IL,סנוקליר נוזל רב תכלי,ליטרים,1.00,ליטר,false,,10.90,10.9000,true,1,108749
7290005426193,false,ספוגית הפלא סנו סושי 6 יחידות,טרופיקל דגיל תעשיות,IL,סנו סושי ספוג הפלא,יחידה,6.00,יחידה,false,,11.90,1.9833,true,1,231793
7290005426568,false,"קרמה - קרם לחות לשיער רגיל 400 מ""ל",טרופיקל דגיל תעשיות,IL,לחות לשיער קרמה-רגיל,מיליליטרים,400.00,"100 מ""ל",false,,19.90,0.0497,true,1,108772
7290005426575,false,"קרמה לחות לשיער יבש ללא שטיפה 400 מ""ל",טרופיקל דגיל תעשיות,IL,לחות לשיער קרמה-יבש,מיליליטרים,400.00,"100 מ""ל",false,,19.90,0.0497,true,1,108773
7290005426629,false,"סנו דואופרש אורן לוטוס ופרחי מים ודובדבן, 300 מ""ל",סנו fresh,IL,דואופרש לוטוס ופרחי,מיליליטרים,300.00,"100 מ""ל",false,,12.90,0.0430,true,1,108775
7290005426803,false,מקסימה מרכך כביסה פצ'ולי לבנדר סגול סנו 4 ליטר,סנו מקסימה,IL,מרכך כביסה סנו מקסימ,ליטרים,4.00,ליטר,false,,22.90,5.7250,true,1,108778
7290005427619,false,"כיף גל לשיער לשיער קוצים 1ק""ג",גוד פוד פרודקטס S.p,IL,ג'ל כיף לשיער קוצים,קילוגרמים,1.00,"ק""ג",false,,22.90,22.9000,true,1,108802
7290005427626,false,"ג'ל לעיצוב השיער למראה רטוב כיף 1 ק""ג",קוסמופארם בעמ,IL,ג'ל כיף לשיער רטוב ),קילוגרמים,1.00,"ק""ג",false,,22.90,22.9000,true,1,108803
7290005427732,false,אל סבון נוזלי בניחוח קמומיל כיף 2 ליטר,קוסמופארם,IL,כיף - אל סבון קמומיל,ליטרים,2.00,ליטר,false,,22.90,11.4500,true,1,249745
7290005427749,false,אל סבון נוזלי בניחוח אצות ים עם לחות כיף 2 ליטר,טרופיקל דגיל תעשיות,IL,אלסבון כיף 2 ל אצות,ליטרים,2.00,ליטר,false,,22.90,11.4500,true,1,231800
7290005427756,false,אל סבון נוזלי אלוורה כיף 2 ליטר,קוסמופארם,IL,אלסבון כיף 2 ליטר אל,ליטרים,2.00,ליטר,false,,22.90,11.4500,true,1,108808
7290005427763,false,אל סבון נוזלי בניחוח גינסינג כיף 2 ליטר,קוסמופארם,IL,כיף - אל סבון ג'ינסנ,ליטרים,2.00,ליטר,false,,22.90,11.4500,true,1,249746
7290005427770,false,"קרמה - קרם לחות לשיער לגבר 400 מ""ל",טרופיקל דגיל תעשיות,IL,לחות לשיער לגבר,מיליליטרים,400.00,"100 מ""ל",false,,19.90,0.0497,true,1,108810
7290005427787,false,"קרמה - קרם לחות לשיער מתולתל 400 מ""ל",טרופיקל דגיל תעשיות,IL,לחות לשיער מתולתל קר,מיליליטרים,400.00,"100 מ""ל",false,,19.90,0.0497,true,1,108811
7290005427848,false,מטליות ניקוי רב שימושיות בגליל סנו סושי 40 יחידות,קריות זול,IL,סנו סושי מטלית לכל 3,יחידה,40.00,יחידה,false,,19.90,0.4975,true,1,108814
7290005429279,false,סנו מקסימה קומפקט קומפקט אפקט גאוול 6 ק,סנו מקסימה,IL,סנו מקסימה אפקט ג'או,קילוגרמים,6.00,"ק""ג",false,,49.90,8.3167,true,1,249770
7290005429286,false,"אבקת כביסה מקסימה ביו 6 ק""ג סנו",סנו מקסימה,IL,סנו מקסימה ביו 6 קג,קילוגרמים,6.00,"ק""ג",false,,49.90,8.3167,true,1,108841
7290005430602,false,"סנו אוקסיג'ן ספריי להסרת כתמים עם חמצן פעיל 750 מ""ל","סנו מפעלי ברונוס בע""",IL,סנו אוקסיג'ן מסיר כת,מיליליטרים,750.00,"100 מ""ל",false,,19.90,0.0265,true,1,249774
7290005430671,false,פוליויקס נוזל לניקוי קרמיקה סנו 2 ליטר,סנו מפעלי ברונו בעמ,IL,סנו פוליווקס קרמיקה,ליטרים,2.00,ליטר,false,,21.90,10.9500,true,1,224988
7290005430862,false,מים מזוקקים סנו 4 ליטר,סנו,,מים מזוקקים 4ל,ליטרים,4.00,ליטר,false,,18.90,4.7250,true,1,108856
7290005430961,false,מקסימה שמפו נוזל לכביסה עדינה ביד סנו 1 ליטר,יושלם,,מקסימה בד גארד נוזל,מיליליטרים,1000.00,"100 מ""ל",false,,16.90,0.0169,true,1,108857
7290005431234,false,מלבי בסירופ שושנים 1,,,מלבי 170 מל עדן קינו,מיליליטרים,160.00,"100 מ""ל",false,,4.50,0.0281,true,1,127204
7290005431913,false,עדן קינוחים עוגת גבינה פירורים,עדן קינוחים Eden,IL,עוגת גבינה פירורים 9,יחידה,0.00,יחידה,false,,7.30,0.0000,true,1,202689
7290005431920,false,עדן קינוחים עוגת גבינה פירורים לייט,עדן קינוחים Eden,IL,עוגת גבינה פירורים ל,יחידה,0.00,יחידה,false,,7.30,0.0000,true,1,202690
7290005431937,false,עדן קינוחים טירמיסו,עדן קינוחים Eden,IL,טירמיסו 82 גרם,יחידה,0.00,יחידה,false,,7.30,0.0000,true,1,202684
7290005431944,false,קדאיף מגזר ערבי 70 ג',,,קדאיף קינוח עדן,יחידה,0.00,יחידה,false,,4.10,0.0000,true,1,202691
7290005431968,false,עדן קינוחים מלבי שמנת,עדן קינוחים Eden,IL,מלבי שמנת 150 גרם,גרמים,150.00,100 גרם,false,,7.50,0.0500,true,1,212136
7290005484193,false,סיר דגים גדול,,,סיר דגים גדול,00000000000000000000,0.00,00000000000000000000,false,,65.00,0.0000,true,1,104610
7290005500909,false,גל אלוורה 100 גרם פנ,א.ארמן,IL,גל אלוורה 100 גרם פנ,גרמים,100.00,100 גרם,false,,15.00,0.1500,true,1,134114
7290005509445,false,עוגיות מיני קוקיס בטעם חמאה כרמית 600 גרם,כרמית תעשיות ממתקים,IL,מיני קוקיס בטעם חמאה,גרמים,750.00,100 גרם,false,,18.90,0.0252,true,1,124877
7290005517866,false,קוקה קולה סליק 330 מ,,,קוקה קולה סליק 330 מ,מיליליטרים,330.00,"100 מ""ל",false,,6.00,0.0182,true,1,155425
7290005517873,false,קוקה קולה זירו סילק,,,קוקה קולה זירו סילק,יחידה,0.00,יחידה,false,,6.00,0.0000,true,1,155426
7290005518443,false,פאנטה אורנג סליק 330,,,פאנטה אורנג סליק 330,יחידה,0.00,יחידה,false,,6.00,0.0000,true,1,155428
7290005518467,false,פאנטה אקזוטיק סליק 3,,,פאנטה אקזוטיק סליק 3,מיליליטרים,330.00,"100 מ""ל",false,,6.00,0.0182,true,1,155429
7290005551302,false,בלו משקה אנרגיה 250מ,,,בלו משקה אנרגיה 250מ,יחידה,0.00,יחידה,false,,6.00,0.0000,true,1,155430
7290005559587,false,מאפה נקניקיה בבצק מעדנות 800ג',מיוצר עי קונדיטוריית,IL,מעדנות מאפה נקניקיות,גרמים,800.00,100 גרם,false,,22.90,0.0286,true,1,104432
7290005559709,false,בורקס פיצה מעדנות 700 גרם,מיוצר עי קונדיטוריית,IL,מעדנות בורקס פיצה 70,גרמים,700.00,100 גרם,false,,22.90,0.0327,true,1,104434
7290005559907,false,פיצה משפחתית גבינה מעדנות 500 גר,מיוצר עי קונדיטוריית,IL,מעדנות פיצה משפחתית,גרמים,500.00,100 גרם,false,,18.90,0.0378,true,1,104436
7290005559914,false,פיצה משפחתית זיתים מעדנות 550 גרם,מיוצר עי קונדיטוריית,IL,מעדנות פיצה משפחתית,גרמים,550.00,100 גרם,false,,18.90,0.0344,true,1,104437
7290005559990,false,בצק פילאס תורכי מעדנות 600 גרם,מיוצר עי קונדיטוריית,IL,מעדנות בצק פילאס תור,גרמים,600.00,100 גרם,false,,18.90,0.0315,true,1,104443
7290005584113,false,ספרייט מופחת פחית סל,,,ספרייט מופחת פחית סל,יחידה,0.00,יחידה,false,,6.00,0.0000,true,1,155432
7290005585233,false,ספרייט זירו פחית סלי,,,ספרייט זירו פחית סלי,יחידה,0.00,יחידה,false,,6.00,0.0000,true,1,155433
7290005591626,false,שוויפס סודה נענ ליים,,,שוויפס סודה נענ ליים,יחידה,0.00,יחידה,false,,6.00,0.0000,true,1,223148
7290005591761,false,דבש טהור מפרחי בר בלחיץ 400 ג' יד מרדכי,מכוורת יד מרדכי שטרא,IL,דבש טהור מפרחי בר בל,גרמים,400.00,100 גרם,false,,21.90,0.0547,true,1,129765
7290005594230,false,קינלי סודה קלאסי 250,,,קינלי סודה קלאסי 250,יחידה,0.00,יחידה,false,,6.00,0.0000,true,1,155435
7290005610509,false,צנונית ארוז דוד משה 500ג',ביכורי השקמה,IL,צנוניות מובחרות,יחידה,0.00,יחידה,false,,3.90,0.0000,true,1,155411
7290005651366,false,"מזון לכלבים בונזו מזון כלבים כבד 3 ק""ג","ביופט בע""מ",IL,בונזו כבד 3קג,קילוגרמים,3.00,"ק""ג",false,,54.90,18.3000,true,1,141616
7290005651427,false,שלישיות מעדני בונזו לכלבים 400X3 גרם,קריות זול,FR,שלישיות מעדני בונזו,גרמים,1.23,גרם,false,,19.90,16.1789,true,1,141617
7290005719318,false,לחמניית המבורגר פרמי,פילסברי,,לחמניות המבורגר מארז,יחידה,0.00,יחידה,false,,12.00,0.0000,true,1,238179
7290005719462,false,עוגיות מנגלך טעם קינ,פילסברי,IL,מינגלעך קינמון 400 ג,גרמים,400.00,100 גרם,false,,19.90,0.0497,true,1,253712
7290005719677,false,סירופ בטעם שוקולד – 600 ג',,,סירופ בטעם שוקולד 60,גרמים,600.00,100 גרם,false,,13.90,0.0232,true,1,214143
7290005741135,false,פותחן שימורים מחוזק,,,פותחן שימורים מחוזק,יחידה,0.00,יחידה,false,,12.90,0.0000,true,1,196350
7290005838002,false,מעדן גבינה ויוגורט בטעם וניל 88 ג' דניאלה,"שטראוס בריאות בע""מ",IL,דניאלה מעדן גבינה 15,מיליליטרים,150.00,"100 מ""ל",false,,4.10,0.0273,true,1,141051
7290005838613,false,"סקי וניל בודד 125 גרם ""שטראוס""","שטראוס בריאות בע""מ",IL,שטראוס גבינת וניל 3%,גרמים,125.00,100 גרם,false,,3.90,0.0312,true,1,141052
7290005838972,false,גבינת יום יום 5% שטראוס 125ג',מיוצר עי קונדיטוריית,IL,שטראוס גבינת יום יום,גרמים,125.00,100 גרם,false,,3.30,0.0264,true,1,141053
7290005839078,false,"יוגורט דנונה ביו לבן 3% שומן 8*150 מ""ל",מיוצר עי קונדיטוריית,IL,דנונה ביו מארז חסכון,יחידה,0.00,יחידה,false,,15.90,0.0000,true,1,141054
7290005839108,false,גבינה לבנה סימפוניה עם תוספות 200 ג'+זיתים 5%,"שטראוס בריאות בע""מ",IL,סימפוניה עם זיתים 5%,גרמים,200.00,100 גרם,false,,10.90,0.0545,true,1,141055
7290005839313,false,"מילקי טופ מגולגלת שטראוס 170 מ""ל",מיוצר עי קונדיטוריית,IL,מילקי טופ מגולגלת 14,מיליליטרים,142.00,"100 מ""ל",false,,4.50,0.0317,true,1,141056
7290005896439,false,"בירה מכבי, בקבוק חוזר 500 מ''ל","טמפו משקאות בע""מ",IL,בירה מכבי חוזר 500 מ,מיליליטרים,500.00,"100 מ""ל",false,,6.90,0.0138,true,1,144413
7290005896453,false,"בירה מכבי 7.9%, בירה חזקה, בקבוק חוזר 500 מ''ל",פארייפאבה אגרואינדוס,IL,"מכבי 7.9 חוזר 500 מ""",מיליליטרים,500.00,"100 מ""ל",false,,7.50,0.0150,true,1,169300
7290005896637,false,סאן בנדטו - מים מינרלים טבעיים מהאלפים 1.5 ליטר,אקווה מינרלה סאן בנד,IT,סן בנדטו 1.5 ליטר בו,ליטרים,1.50,ליטר,false,,4.50,3.0000,true,1,121034
7290005938238,false,ממרח צ'ימצ'ורי פרסקו 220ג' מצונן,"פרסקו חצבה 2006 בע""מ",IL,צימצורי 220 גרם מצונ,גרמים,220.00,100 גרם,false,,19.20,0.0873,true,1,168403
7290005938245,false,ממרח פסטו קלאסי פרסקו 220ג' מצונן,מיוצר עי פרסקו חצבה,IL,ממרח פסטו קלאסי 220,גרמים,220.00,100 גרם,false,,19.50,0.0886,true,1,168404
7290005938603,false,טפנד זיתים שחורים 220 ג,פרסקו חצבה,IL,טפנד ממרח זיתים שחור,גרמים,220.00,100 גרם,false,,18.70,0.0850,true,1,168405
7290005938627,false,ממרח עגבניות מיובשות פרסקו 220 גרם,פרסקו חצבה 2006 בעמ,IL,ממרח עגבניות מיובשות,גרמים,220.00,100 גרם,false,,17.60,0.0800,true,1,168407
7290005966088,false,"יין הר חרמון אדום עברית 750 מ""ל",יקבי רמת הגולן,IL,יקבי רמת הגולן הר חר,מיליליטרים,750.00,"100 מ""ל",false,,34.90,0.0465,true,1,114783
7290005992018,false,"יוגורט עיזים לשתיה 3% מחלבות גד 500 מ""ל","מיוצר ע""י קוד יצרן M",IL,גד יוגורט עיזים 3% 5,מיליליטרים,500.00,"100 מ""ל",false,,12.90,0.0258,true,1,131284
7290005992575,false,גבינה בולגרית למריחה 5% גד 250 גרם,מחלבות גד בעמ,IL,גד בולגרית למריחה 5%,גרמים,250.00,100 גרם,false,,17.00,0.0680,true,1,131287
7290005992735,false,לאבנה טבעית 5% 250 גר' - רבנות,הנסיך- מפעל לייצור ט,IL,גד לאבנה 5% 250 גרם,גרמים,250.00,100 גרם,false,,12.90,0.0516,true,1,131291
7290005996009,false,סלמי גלילי מעושן 400 ג' יחיעם,יחיעם,,סלמי גלילי מעושן 400,גרמים,400.00,100 גרם,false,,24.90,0.0622,true,1,195391
7290005996078,false,סרוולט בסגנון הונגרי 200 גר,מעדני יחיעם,IL,יחיעם סרוולט הונגרי,גרמים,125.00,100 גרם,false,,29.90,0.2392,true,1,208319
7290005996153,false,נקניקיות צרפתיות פרימיום 280 גרם,מעדני יחיעם,IL,נקניקיות צרפתיות פרי,גרמים,280.00,100 גרם,false,,22.90,0.0818,true,1,203119
7290005996160,false,נקניקיות צ'וריסו פרימיום 280 גרם,מעדני יחיעם,IL,נקניקיות צוריסו פרימ,גרמים,280.00,100 גרם,false,,22.90,0.0818,true,1,203120
7290005996221,false,פסטרמה של פעם דק דק 120 גרם,מעדני יחיעם,IL,יחיעם פסטרמה דק דק 1,גרמים,120.00,100 גרם,false,,13.90,0.1158,true,1,210671
7290005996238,false,פסטרמה בדבש דק דק 120 גרם,מעדני יחיעם,IL,יחיעם פסטרמה בדבש דק,גרמים,120.00,100 גרם,false,,13.90,0.1158,true,1,210672
7290005996276,false,פסטרמה ברביקיו דק דק 120 גרם,מעדני יחיעם,IL,יחיעם פסטרמה ברבקיו,גרמים,120.00,100 גרם,false,,13.90,0.1158,true,1,210673
7290005996740,false,סלמי פפרוני יחיעם 300 ג',מעדני יחיעם 1993,IL,סלמי פפרוני 300 גרם,גרמים,300.00,100 גרם,false,,24.90,0.0830,true,1,235077
7290005996825,false,נקניקיות בקר בסגנון אמריקאי 280 גרם,מעדני יחיעם 1993,IL,נקנקיות בקר 280 גרם,גרמים,280.00,100 גרם,false,,24.90,0.0889,true,1,235731
7290006029072,false,מנצ'ס אלמנאר 300 ג',,,מנצס 400 גרם,גרמים,400.00,100 גרם,false,,14.90,0.0373,true,1,105644
7290006029126,false,מעורב אקסטרא 350 ג' אלמנאר,,,מעורב אקסטרא 350 גרם,גרמים,350.00,100 גרם,false,,17.90,0.0511,true,1,105647
7290006029225,false,גרעיני אבטיח 350 גרם,,,גרעיני אבטיח 350 גרם,גרמים,350.00,100 גרם,false,,21.90,0.0626,true,1,105652
7290006029256,false,פיסטוק חלבי 350 גרם,,,פיסטוק חלבי 350 גרם,גרמים,350.00,100 גרם,false,,33.90,0.0969,true,1,105654
7290006029263,false,בוטנים מקולפים 350 ג',,,בוטנים מקולפים 400 ג,גרמים,400.00,100 גרם,false,,14.90,0.0373,true,1,105655
7290006029270,false,גרעיני דלעת 350 גרם,,,גרעיני דלעת 350 גרם,גרמים,350.00,100 גרם,false,,18.90,0.0540,true,1,105656
7290006029287,false,קשיו 400 גרם,,,קשיו 400 גרם,גרמים,400.00,100 גרם,false,,33.90,0.0847,true,1,105657
7290006029416,false,בוטנים אמריקאים 350 ג' אלמנאר,,,בוטנים אמריקאים,גרמים,200.00,100 גרם,false,,11.00,0.0550,true,1,105658
7290006089380,false,גרעיני מעורב 500 גרם,,,גרעיני מעורב 500 גרם,גרמים,500.00,100 גרם,false,,9.90,0.0198,true,1,105661
7290006089687,false,איזודן מעורב מעולה 350ג',,,איזודן מעורב מעולה 3,גרמים,350.00,100 גרם,false,,23.90,0.0683,true,1,105663
7290006185198,false,"קרם לחות לשיער מתולתל 400 מ""ל פנינה רוזנבלום",פנינה רוזנבלום,IL,קרם לחות לשיער פנינה,מיליליטרים,400.00,"100 מ""ל",false,,17.90,0.0447,true,1,134121
7290006185501,false,"פנינה רוזנבלום -אל סבון נוזלי ורוד,1 ליטר",פנינה רוזנבלום,IL,פנינה - אל סבון נוזל,ליטרים,1.00,ליטר,false,,10.90,10.9000,true,1,134123
7290006185518,false,"פנינה רוזנבלום -אל סבון נוזלי כחול,1 ליטר",פנינה רוזנבלום,IL,פנינה אל סבון נוזלי,מיליליטרים,1000.00,"100 מ""ל",false,,10.90,0.0109,true,1,134124
7290006199218,false,"שמיניית גלידל אייס מוקה ""פלדמן""",הגלידות של פלדמן,IL,גלידל אייס מוקה,גרמים,400.00,100 גרם,false,,29.90,0.0747,true,1,230146
7290006199942,false,"שמיניית גלידל פרי דובדבן ""פלדמן""",הגלידות של פלדמן,IL,"גלידל פרי דובדבן לל""",גרמים,640.00,100 גרם,false,,24.90,0.0389,true,1,230147
7290006202017,false,חומוס זמאן אלעותמאני 400 ג',,,חומוס אלעותמאני 400,גרמים,400.00,100 גרם,false,,5.90,0.0148,true,1,193486
7290006202024,false,חומוס 180 ג' אלעותמאני,,,חומוס אלעותמאני 180,גרמים,180.00,100 גרם,false,,4.90,0.0272,true,1,193487
7290006202055,false,סלט כרוב 180 ג' אלעותמאני,,,סלט כרוב אדום אלעותמ,גרמים,180.00,100 גרם,false,,5.50,0.0306,true,1,193498
7290006202086,false,סחוג אלעותמאני 150 ג',,,סחוג' אלעותמאני 150,גרמים,150.00,100 גרם,false,,5.90,0.0393,true,1,193508
7290006202093,false,חצילים במיונז אלעותמאני 180 ג',,,סלט חצילים אלעותמאני,גרמים,200.00,100 גרם,false,,5.50,0.0275,true,1,193499
7290006202116,false,מסבחה 250 ג' אלעותמאני,,,מסבחה אלעותמאני 250,גרמים,250.00,100 גרם,false,,5.90,0.0236,true,1,193491
7290006202154,false,"חומוס מאמא אלעותמאני 3 ק""ג",,,"חומוס אלעותמאני 3 ק""",קילוגרמים,3.00,"ק""ג",false,,34.90,11.6333,true,1,193492
7290006202178,false,סלט טורקי אלעותמאני 180 ג',,,סלט טורקי אלעותמאני,גרמים,200.00,100 גרם,false,,5.50,0.0275,true,1,193493
7290006202185,false,חומוס 700 ג' אלעותמאני,,,חומוס אלעותמאני 700,גרמים,700.00,100 גרם,false,,9.90,0.0141,true,1,193488
7290006202208,false,סלט טחינה 400 ג' אלעותמאני,,,טחינה אלעותמאני 400,גרמים,400.00,100 גרם,false,,14.90,0.0373,true,1,193494
7290006202215,false,תירס עם מיונז אלעותמאני 400 ג',,,סלט תירס ומיונז אלעו,גרמים,400.00,100 גרם,false,,9.90,0.0248,true,1,193501
7290006202222,false,סלט כרוב אלעותמאני 350 ג',,,סלט כרוב אדום אלעותמ,גרמים,400.00,100 גרם,false,,8.90,0.0223,true,1,193502
7290006202239,false,סלט טורקי 400 ג' אלעותמאני,,,סלט טורקי אלעותמאני,גרמים,400.00,100 גרם,false,,8.90,0.0223,true,1,193495
7290006202253,false,חצילים במיונז אלעותמאני 400 ג',,,סלט חצילים אלעותמאני,גרמים,400.00,100 גרם,false,,8.90,0.0223,true,1,193503
7290006202277,false,טחינה אלעותמאני 700ג',,,טחינה אלעותמאני 700,גרמים,700.00,100 גרם,false,,25.90,0.0370,true,1,193496
7290006202307,false,"סלט כרוב אלעותמאני 3 ק""ג",,,סלט כרוב אדום אלעותמ,קילוגרמים,2.50,"ק""ג",false,,34.90,13.9600,true,1,193504
7290006202321,false,תירס עם מיונז אלעותמאני 250 ג',,,סלט תירס ומיונז אלעו,גרמים,250.00,100 גרם,false,,7.90,0.0316,true,1,193505
7290006202536,false,סלט טחינה 250 ג' אלעותמאני,,,טחינה אלעותמאני 250,גרמים,250.00,100 גרם,false,,9.90,0.0396,true,1,257883
7290006202666,false,חומוס בלדי אלעותמאני 900 ג',,,חומוס בלדי אלעותמאני,גרמים,900.00,100 גרם,false,,12.90,0.0143,true,1,193511
7290006229427,false,סן בנדטו - מים מינרלים - מארז שישיית 500 מל,קריות זול,IT,"סאן בנדטו 6* 500 מ""ל",מיליליטרים,500.00,"100 מ""ל",false,,13.90,0.0278,true,1,144421
7290006235244,false,קמיל בלו משחת צמחי מרפא פסטה לתינוק 100 ג',"ד""ר פישר Dr fischer",IL,קמיל צמחי מרפא פסטה,גרמים,100.00,100 גרם,false,,21.00,0.2100,true,1,138079
7290006241153,false,פקאן סיני 150 ג בשקית קליית גת,"ג'י אנד ג'י בע""מ",IL,אגוזי פקאן 150 גרם,גרמים,150.00,100 גרם,false,,22.20,0.1480,true,1,115480
7290006241191,false,אגוזי מלך קליית גת 150 גר,הדקלאים אגודת שיתופי,US,אגוז מלך טבעי 150 גר,גרמים,150.00,100 גרם,false,,18.20,0.1213,true,1,115481
7290006241214,false,שקדים טבעיים קליית ג,הדקלאים אגודת שיתופי,IL,שקד טבעי 200 גרם,גרמים,200.00,100 גרם,false,,19.90,0.0995,true,1,115482
7290006241504,false,פריגת תפוזים קפוא 345 גרם,פריגת מצוננים,IL,פריגת קפוא תפוזים 34,גרמים,340.00,100 גרם,false,,13.90,0.0409,true,1,109589
7290006241511,false,"משקה לימונענע מרוכז קפוא פריגת 280 מ""ל",היינץ צפון אמריקה מק,IL,פריגת לימון נענע 340,גרמים,340.00,100 גרם,false,,13.90,0.0409,true,1,109590
7290006241535,false,תרכיז פריגת קפוא מנג,היינץ צפון אמריקה מק,IL,פריגת קפוא מנגו 340,גרמים,340.00,100 גרם,false,,13.90,0.0409,true,1,109591
7290006241689,false,"משקה לימונים מרוכז קפוא פריגת 280 מ""ל",היינץ צפון אמריקה מק,IL,פריגת קפוא לימון,גרמים,340.00,100 גרם,false,,13.90,0.0409,true,1,109592
7290006243713,false,בורקס גבינה שחף 800 גרם,שחף,,בורקס גבינה שחף 800,גרמים,800.00,100 גרם,false,,14.90,0.0186,true,1,128983
7290006243737,false,שחף גחנון 800 גרם,שחף,,שחף גחנון 800 גרם,גרמים,800.00,100 גרם,false,,13.90,0.0174,true,1,128984
7290006251107,false,תה צ'אי מסאלה ויסוצקי 25 יחידות,מולינו ניקולי s.p.a,IL,תה מסאלה ויסוצקי 25,יחידה,25.00,יחידה,false,,17.90,0.7160,true,1,126558
7290006251268,false,תה ירוק בטעם תפוח וקינמון ויסוצקי 25 יחידות,תה ויסוצקי,IL,תה ירוק תפוח וקינמון,יחידה,25.00,יחידה,false,,24.90,0.9960,true,1,126559
7290006251275,false,תה ירוק סיני קלאסי ויסוצקי 25 יחידות,תה ויסוצקי,IL,תה ירוק סיני 25 יח',יחידה,25.00,יחידה,false,,24.90,0.9960,true,1,126560
7290006251282,false,הגן הקסום תה חמוציות ויסוצקי 25 יחידות,תה ויסוצקי,IL,תה קרנברי הגן הקסום,יחידה,25.00,יחידה,false,,17.90,0.7160,true,1,126561
7290006251343,false,הגן הקסום תה פסיפלורה ומנגו ויסוצקי 25 יחידות,תה ויסוצקי,IL,תהחליטה הגן הקסום פס,יחידה,25.00,יחידה,false,,17.90,0.7160,true,1,126562
7290006251374,false,תה ירוק לימונית וג'ינג'ר ויסוצקי 25 יחידות,תה ויסוצקי,IL,תה ירוק לימונית וגינ,יחידה,25.00,יחידה,false,,24.90,0.9960,true,1,126563
7290006251589,false,תה ירוק עם עלי נענע 50 שקיקים ויסוצקי,בית ויסוצקי,IL,תה ירוק עם עלי נענע,יחידה,50.00,יחידה,false,,44.90,0.8980,true,1,126564
7290006265500,false,פטריות שמפיניון ארוז מרינה,"מרינה פטריות הגליל בע""מ",IL,שמפניון ארוז 250גר,גרמים,250.00,100 גרם,false,,9.90,0.0396,true,1,140697
7290006271174,false,ג'חנון לאפיה בתנור מעדנות 700 גרם,מיוצר עי קונדיטוריית,IL,מעדנות גחנון לאפיה ב,גרמים,700.00,100 גרם,false,,16.90,0.0241,true,1,104447
7290006271181,false,ג'חנון אפוי מעדנות 750 גרם,מיוצר עי קונדיטוריית,IL,מעדנות גחנון אפוי 75,גרמים,750.00,100 גרם,false,,19.90,0.0265,true,1,104448
7290006271648,false,מיני בורקס תפוחי אדמה מעדנות 800 גרם,"מעדנות בע""מ",IL,מעדנות מיני בורקס תפ,גרמים,800.00,100 גרם,false,,22.90,0.0286,true,1,104452
7290006271655,false,מיני בורקס גבינה מעדנות 800 גרם,מיוצר עי קונדיטוריית,IL,מעדנות מיני בורקס גב,גרמים,800.00,100 גרם,false,,22.90,0.0286,true,1,104453
7290006272072,false,חטיפי פיצה בשקית מעדנות 650ג',"מעדנות בע""מ",IL,מעדנות חטיפי פיצה 65,גרמים,650.00,100 גרם,false,,29.90,0.0460,true,1,104458
7290006272430,false,בצק עלים חמאה מעדנות 600 גרם,מיוצר עי קונדיטוריית,IL,מעדנות בצק עלים חמאה,גרמים,600.00,100 גרם,false,,19.90,0.0332,true,1,104459
7290006306159,false,פסטנונה-לזניה 4 גבינות 500גר,פסטה נונה Pasta Nonn,IL,פסטה נונה לזניה 4 גב,גרמים,500.00,100 גרם,false,,32.90,0.0658,true,1,127225
7290006306296,false,רביולי במילוי גבינה לילדים 400 ג' פסטה נונה,פסטנונה רמת דלטון מר,IL,פסטה נונה רביולי גבי,גרמים,400.00,100 גרם,false,,23.90,0.0597,true,1,127229
7290006306302,false,רביולי במילוי גבינות פרמזן ריקוטה 400 ג' פסטה נונה,דורום תעשיות מזון ופ,IL,פסטה נונה ריביולי פר,גרמים,400.00,100 גרם,false,,23.90,0.0597,true,1,127230
7290006306319,false,רביולי במילוי בטטה 400 ג' פסטה נונה,דורום תעשיות מזון ופ,IL,פסטה נונה רביולי בטט,גרמים,400.00,100 גרם,false,,23.90,0.0597,true,1,127231
7290006306326,false,רביולי במילוי פטריות וגבינת פרמזן פסטה נונה 400 ג',דורום תעשיות מזון ופ,IL,פסטה נונה ריביולי פט,גרמים,400.00,100 גרם,false,,23.90,0.0597,true,1,127232
7290006306333,false,רביולי תרד וריקוטה נ,דורום תעשיות מזון ופ,IL,פסטה נונה רביולי תרד,גרמים,400.00,100 גרם,false,,23.90,0.0597,true,1,127233
7290006306340,false,ניוקי תפוחי אדמה 400 ג',דורום תעשיות מזון ופ,IL,פסטה נונה ניוקי תפוח,גרמים,340.00,100 גרם,false,,23.90,0.0703,true,1,127234
7290006306357,false,רביולי במילוי גבינת עיזים 400 ג' פסטה נונה,דורום תעשיות מזון ופ,IL,פסטה נונה ריביולי גב,גרמים,400.00,100 גרם,false,,24.90,0.0622,true,1,127235
7290006322104,false,לחם ריחיים קל פרוס 500גר,מאפיית דוידוביץ ובני,IL,לחם ריחיים קל פרוס 5,גרמים,500.00,100 גרם,false,,11.90,0.0238,true,1,266187
7290006322111,false,לחמניות ריחיים שישיי,מאפיית דוידוביץ ובני,IL,לחמניות ריחיים קלות,גרמים,400.00,100 גרם,false,,10.90,0.0273,true,1,266188
7290006322470,false,לחם תשעה דגנים דוידו,מאפיית דוידוביץ ובני,IL,לחם קל 9 דגנים 500 ג,גרמים,500.00,100 גרם,false,,13.90,0.0278,true,1,266191
7290006322838,false,לחם מקמח מלא דוידובי,מאפיית דוידוביץ ובני,IL,לחם %100 קמח מלא 750,גרמים,750.00,100 גרם,false,,13.90,0.0185,true,1,116091
7290006322968,false,לחם זיץ ברויט דוידוב,מאפיית דוידוביץ ובני,IL,לחם זיץ ברויט 1.2 ק',גרמים,1200.00,100 גרם,false,,19.90,0.0166,true,1,266198
7290006342645,false,טורטיה גדולה 840 גר' 12 יח,אלקטי קוראבייכיסיגיד,TR,טורטיות 12 יח 840 גר,גרמים,840.00,100 גרם,false,,19.00,0.0226,true,1,133063
7290006346162,false,טורשי ירקות דלי מונט,מונטה קרלו,IL,טורשי ירקות כבושים *,יחידה,0.00,יחידה,false,,21.90,0.0000,true,1,253566
7290006346414,false,"אבוקדו 250 גרם ""מונטה קרלו""",קלאס פוד,IL,אבוקדו **גביע 250 ג,יחידה,0.00,יחידה,false,,19.90,0.0000,true,1,253575
7290006346834,false,פלפלית בלימון חריף מ,מונטה קרלו,IL,פלפלית בלימון חריף *,יחידה,0.00,יחידה,false,,12.90,0.0000,true,1,253595
7290006346971,false,חציל אפוי במיונז מונ,מונטה קרלו,IL,חציל אפוי במיונז **ג,יחידה,0.00,יחידה,false,,14.90,0.0000,true,1,253602
7290006362209,false,"יין דרך ארץ קברנה סוביניון 750 מ""ל",המאפיה של הרמן,IL,דרך ארץ קברנה סובניו,יחידה,750.00,יחידה,false,,31.90,0.0425,true,1,147803
7290006364500,false,פריגת סיידר תפוחים ב,,,פריגת סיידר תפוחים ב,מיליליטרים,330.00,"100 מ""ל",false,,7.00,0.0212,true,1,138807
7290006374653,false,דבש לייט מופחת קלוריות יד מרדכי 350 ג',שטראוס גרופ,IL,דש לייט דבש מופחת קל,גרמים,350.00,100 גרם,false,,25.80,0.0737,true,1,129769
7290006374660,false,שמן זית כתית מעולה קלאסי 1 ליטר יד מרדכי,מכוורת יד מרדכי שטרא,IL,יד מרדכי - שמן זית כ,ליטרים,1.00,ליטר,false,,45.80,45.8000,true,1,225331
7290006374738,false,קונפיטורת יד מרדכי תות 340 גרם,אף.סי תבליני בגליל ב,IL,יד מרדכי קונפיטורת ת,גרמים,340.00,100 גרם,false,,13.90,0.0409,true,1,129772
7290006401366,false,"סבון לשטיפה אינטימית ליגיניה פרוטקטיב 200 מ""ל",WHITEHALL ITALIA,IT,ליגיניה פרוטקטיב-סבו,מיליליטרים,250.00,"100 מ""ל",false,,24.90,0.0996,true,1,207385
7290006401373,false,ליגיניה סבון מרענן לשטיפה אינטימית,WHITEHALL ITALIA,IT,ליגינה פרש אקטיב 250,מיליליטרים,250.00,"100 מ""ל",false,,24.90,0.0996,true,1,207386
7290006439031,false,שמן קנולה שוקחה 1 לי,איי די אם אנטוורפ,BE,שמן קנולה שוקחה 1 ל,ליטרים,1.00,ליטר,false,,11.90,11.9000,true,1,225087
7290006439185,false,אננס חתוך 540 גרם,,,אננס חתוך 540 גרם,גרמים,540.00,100 גרם,false,,7.90,0.0146,true,1,267775
7290006439215,false,פיטריות שמפיניון שלמות,,,פטריות שלמות שוקחה 4,גרמים,400.00,100 גרם,false,,7.90,0.0198,true,1,145334
7290006439444,false,"אורז בסמתי ""גולד"" מוזהב 1 ק""ג שוקחה",צימאן לאל סאטיה-דלהי,IN,גולדן אורז בסמטי מוז,קילוגרמים,1.00,"ק""ג",false,,10.90,10.9000,true,1,145344
7290006439451,false,בארי גולדן אורז בסמט,צימאן לאל סאטיה-דלהי,IN,בארי גולדן אורז בסמט,קילוגרמים,5.00,"ק""ג",false,,49.90,9.9800,true,1,145345
7290006439642,false,אלבאן אבקת חלב,,,אלבאן אבקת חלב,יחידה,0.00,יחידה,false,,29.90,0.0000,true,1,145348
7290006492432,false,גבינת מוצרלה בייבי 18% גד 150 גרם,מחלבות גד בעמ,IL,גד בייבי מוצרלה 150,גרמים,170.00,100 גרם,false,,14.90,0.0876,true,1,131294
7290006492616,false,גבינה בולגרית מעודנת פרוסות 5% גד 250 גרם,DSH עבור מחלבות גד ב,IL,גד בולגרית פרוסות 5%,גרמים,250.00,100 גרם,false,,25.90,0.1036,true,1,131295
7290006492630,false,גבינת פרומעז עיזים 22% גד 180 גרם,מחלבות גד בעמ,IL,גד גבינת גליל גד עזי,גרמים,180.00,100 גרם,false,,22.20,0.1233,true,1,131296
7290006492647,false,מטבעות גבינה עזים 22 אחוז 150גרם גד,"מיוצר ע""י קוד יצרן t",IL,גד מטבעות גבינת עיזי,גרמים,150.00,100 גרם,false,,23.20,0.1547,true,1,131297
7290006492685,false,גבינת לאבנה עיזים 5% גד 250 גרם,מחלבות גד בעמ,IL,גד לאבנה עזים 3% 250,גרמים,250.00,100 גרם,false,,16.00,0.0640,true,1,131300
7290006492852,false,גבינת עיזים למריחה 5% שומן 250 ג' גד,קריות זול,IL,גד גבינת עיזים למריח,גרמים,250.00,100 גרם,false,,15.90,0.0636,true,1,131303
7290006492913,false,גבינת לאבנה ציזיקי 5% מחלבות גד 250 גרם,מחלבות גד בעמ,IL,גד לאבנה ציזיקי 250,גרמים,250.00,100 גרם,false,,12.90,0.0516,true,1,131304
7290006494917,false,טוסו וופל קלאסי במילוי שוקולד 200 גרם,"איטיליאן פוד, אס.פי.",IL,טוסו וופל טעם שוקולד,גרמים,200.00,100 גרם,false,,10.90,0.0545,true,1,140047
7290006494924,false,טוסו וופל קלאסי במילוי קרם לימון 200 גרם,"גילרו בע""מ",IL,טוסו ופל מילוי ק.לימ,גרמים,200.00,100 גרם,false,,10.90,0.0545,true,1,140048
7290006511157,false,"פטריות שלמות ויליפוד 400 גרם בד""ץ",אוקצ'מפס אס.איי אויי,PL,וילי פוד פטריות שמפי,גרמים,400.00,100 גרם,false,,7.90,0.0198,true,1,106535
7290006511751,false,פטריות שמפניון חתוך ויליפוד 290X3 ג' בד”צ,לוטס,NL,וילי פוד פטריות שמפי,גרמים,870.00,100 גרם,false,,12.90,0.0148,true,1,203637
7290006546098,false,"תירס פרי הגליל 3 ק""ג",,,תירס 3 קג,קילוגרמים,3.00,"ק""ג",false,,33.90,11.3000,true,1,133629
7290006546371,false,במיה 600 ג' פרי הגליל,"פרי הגליל בע""""מ",IL,במיה 600 גרם,גרמים,600.00,100 גרם,false,,16.90,0.0282,true,1,133633
7290006546388,false,תחתיות ארטישוק פרי הגליל 400 ג',"פרי הגליל בע""""מ",IL,פרי הגליל תחתיות ארט,גרמים,400.00,100 גרם,false,,13.90,0.0348,true,1,133634
7290006546395,false,לקט העונה קפוא פרי הגליל 800ג',"פרי הגליל בע""""מ",IL,לקט העונה 800 גר,גרמים,800.00,100 גרם,false,,12.90,0.0161,true,1,133635
7290006546500,false,צ'יפס בזיג זג 800 ג' פרי הגליל,"פרי הגליל בע""""מ",IL,25% ציפס בזיג זג 800,גרמים,800.00,100 גרם,false,,12.90,0.0161,true,1,133638
7290006546517,false,צי'פס סטייק קפוא פרי הגליל 800 ג',"פרי הגליל בע""""מ",IL,25% סטייק ציפס 800 ג,גרמים,800.00,100 גרם,false,,12.90,0.0161,true,1,133639
7290006546524,false,צי'פס מובחר קפוא פרי גליל 800 ג',"פרי הגליל בע""""מ",IL,ציפס מובחר 800 גרם,גרמים,800.00,100 גרם,false,,12.90,0.0161,true,1,133640
7290006546982,false,לקט סיני 800 ג' פרי הגליל,"פרי הגליל בע""""מ",IL,לקט סיני 800 גרם,גרמים,800.00,100 גרם,false,,15.90,0.0199,true,1,133650
7290006618078,false,אסטוניש מרסס לניקוי המטבח 750 מל,יעקובי אסטוניש,GB,אסטוניש מרסס ניקוי צ,יחידה,750.00,יחידה,false,,12.90,0.0172,true,1,114408
7290006618085,false,"אסטוניש תרסיס ניקוי אמבטיה וכיורים יעקבי 750 מ""ל",יעקובי אסטוניש,GB,אסטוניש מרסס לאמבט 7,מיליליטרים,750.00,"100 מ""ל",false,,12.90,0.0172,true,1,114409
7290006653765,false,פסטה פרפקטו פטוציני 500 ג' אסם,אסם פרפקטו,IT,פרפקטו פטוציני 500 ג,גרמים,500.00,100 גרם,false,,7.90,0.0158,true,1,123513
7290006653819,false,פתיתי קוסקוס דק 350 גרם,"מיוצר ע""י קוד יצרן K",IL,אסם קוסקוס דק 350 גר,גרמים,350.00,100 גרם,false,,8.90,0.0254,true,1,123514
7290006660596,false,קמח עדשים אדומות ללא גלוטן 500 גרם,אף.סי תבליני בגליל ב,IL,דגש קמח עדשים אדומו,גרמים,500.00,100 גרם,false,,20.90,0.0418,true,1,198271
7290006660602,false,מי קוקוס אורגני גרין קוקו קרטונית 1 ליטר,תות תעשיות מזון (201,PH,גרין קוקו מי קוקוס א,ליטרים,1.00,ליטר,false,,20.90,20.9000,true,1,198275
7290006660794,false,אסותא אקונומיקה סמיכ,,,אסותא אקונומיקה סמיכ,ליטרים,4.00,ליטר,false,,12.90,3.2250,true,1,248781
7290006664051,false,"אקטימל לבן מארז 100X14 מ""ל",מיוצר עי קונדיטוריית,IL,אקטימל טבעי 14* 100מ,ליטרים,1.40,ליטר,false,,29.90,21.3571,true,1,141064
7290006664402,false,גבינה לבנה סקי 5% שומן 750 גרם,מיוצר עי קונדיטוריית,IL,שטראוס גבינה 5% 750,גרמים,750.00,100 גרם,false,,14.25,0.0190,true,1,141069
7290006664532,false,יוגורט עם תות 3% שומן 150 ג' דנונה,מיוצר עי קונדיטוריית,IL,דנונה תות 3% 150 גרם,גרמים,150.00,100 גרם,false,,3.90,0.0260,true,1,141070
7290006664655,false,"אקטימל לבן טבעי מארז 100X8 מ""ל",מיוצר עי קונדיטוריית,IL,אקטימל שמינייה טבעי,מיליליטרים,800.00,"100 מ""ל",false,,19.90,0.0249,true,1,141072
7290006664693,false,יוגורט עם אפרסק 3% שומן 150 ג' דנונה,מיוצר עי קונדיטוריית,IL,דנונה ביו אפרסק 3% 1,גרמים,150.00,100 גרם,false,,3.90,0.0260,true,1,141073
7290006664990,false,"יוגורט דנונה ביו לבן 1.7% שומן 8*150 מ""ל",מיוצר עי קונדיטוריית,IL,דנונה ביו מארז חיסכו,יחידה,8.00,יחידה,false,,15.90,1.9875,true,1,141076
7290006681003,false,גלידה תות לימון סורבה 1.33 ל' קרמיסימו,"גלידת שטראוס בע""מ, ר",IL,קרמיסימו תות לימון ס,ליטרים,1.33,ליטר,false,,20.90,15.7143,true,1,134917
7290006681553,false,קרמבו בטעם וניל שטראוס 8 יחידות,"גלידת שטראוס בע""מ",IL,שטראוס קרמבו ווניל 8,יחידה,8.00,יחידה,false,,14.90,1.8625,true,1,134922
7290006681560,false,קרמבו בטעם מוקה שטראוס 8 יחידות,"גלידת שטראוס בע""מ",IL,שטראוס קרמבו מוקה 8י,יחידה,8.00,יחידה,false,,14.90,1.8625,true,1,134923
7290006681577,false,מאגדת קרחון אסקימו לימון דובדובן 10 יח' שטראוס,"מיוצר ע""י גלידת שטרא",IL,קרחון אסקימו 8 + 2,יחידה,10.00,יחידה,false,,16.90,1.6900,true,1,134924
7290006712981,false,"משחת שיניים לילדים בגילאי +6 קולגייט 50 מ""ל",הנסיך- מפעל לייצור ט,PL,קולגייט סמיילס לגילא,יחידה,0.00,יחידה,false,,12.90,0.0000,true,1,124887
7290006724199,false,תבנית ביצים אורגניות תרייסר,חוות גבעות עולם,IL,תבנית ביצים אורגניות,יחידה,0.00,יחידה,false,,21.90,0.0000,true,1,155282
7290006739124,false,בצק עלים פילאס 500ג' זוגלובק,זוגלובק,IL,בצק פילאס גולמי 500,גרמים,500.00,100 גרם,false,,16.90,0.0338,true,1,134320
7290006739131,false,בצק גולמי פילו זוגלובק 500ג',מאפיית אריאל,IL,בצק פילו גולמי 500 ג,גרמים,500.00,100 גרם,false,,16.90,0.0338,true,1,134321
7290006739292,false,נקניק פסטרמה פרגיות ציפוי תירס,נקניק נהריה כשר זוגל,IL,פסטרמה הודו תבור 330,גרמים,330.00,100 גרם,false,,25.90,0.0785,true,1,134324
7290006739346,false,נקניקיות פרגיות טרי 400 גרם זוגלובק,נקניק נהריה כשר זוגל,IL,נקניקיות מבשר פרגיות,גרמים,400.00,100 גרם,false,,13.90,0.0348,true,1,134325
7290006739407,false,שניצל תירס לייט זוגלובק 600 גרם,נקניק נהריה כשר זוגל,IL,שניצל תירס 98 קל 630,גרמים,630.00,100 גרם,false,,29.00,0.0460,true,1,134326
7290006739414,false,נקניק סלמי קוניאק זוגלובק 300 גרם,נקניק נהריה כשר זוגל,IL,סלמי קוניאק 300 גר',גרמים,300.00,100 גרם,false,,25.90,0.0863,true,1,134327
7290006739421,false,נקניק סלמי מעושן איטלקי זוגלובק 300 גרם,נקניק נהריה כשר זוגל,IL,סלמי מעושן איטלקי 30,גרמים,300.00,100 גרם,false,,25.90,0.0863,true,1,134328
7290006739445,false,שניצל תירס קלאסי 750 ג' זוגלובק,נקניק נהריה כשר זוגל,IL,שניצל תירס קלאסי 750,גרמים,750.00,100 גרם,false,,24.90,0.0332,true,1,134329
7290006739544,false,נקניק כתף בקר 3% 300 גרם,זוגלובק,IL,כתף בקר 300 גר' א.מ.,גרמים,300.00,100 גרם,false,,33.00,0.1100,true,1,134330
7290006741363,false,בורקס תפוחי אדמה זוגלובק 800 גרם,מאפיית אריאל וגידרון,IL,בורקס תפוא 800 גר' ב,גרמים,800.00,100 גרם,false,,16.90,0.0211,true,1,134345
7290006741387,false,"מלאווח תימני זוגלובק 700 ג' בד""צ",נקניק נהריה כשר זוגל,IL,מלאווח 700 גר' מ.י.,גרמים,700.00,100 גרם,false,,16.90,0.0241,true,1,134346
7290006742278,false,פסטרמה הודו צלויה על לבנים 330 ג' זוגלובק,נקניק נהריה כשר זוגל,IL,פסטרמה הודו בטעם צלי,גרמים,330.00,100 גרם,false,,25.90,0.0785,true,1,134355
7290006742292,false,פסטרמה הודו בדבש 330 ג' זוגלובק,נקניק נהריה כשר זוגל,IL,פסטרמה הודו בדבש טהו,גרמים,330.00,100 גרם,false,,25.90,0.0785,true,1,134356
7290006742315,false,פסטרמה חזה הודו ברביקיו 2% זוגלובק 330 גרם,נקניק נהריה כשר זוגל,IL,פסטרמה חזה הודו ברבק,גרמים,330.00,100 גרם,false,,25.90,0.0785,true,1,134358
7290006753939,false,קבב ג'מבו מזרחי פרימ,,,מעדני הטלה קבב ג'מבו,גרמים,600.00,100 גרם,false,,34.90,0.0582,true,1,249258
7290006753953,false,המבורגר אנטריקוט 500 גרם,,,מעדני הטלה המבורגר א,יחידה,0.00,יחידה,false,,39.90,0.0000,true,1,249257
7290006764058,false,"נשר בירה לבנה נשר בקבוק חוזר 500 מ""ל","טמפו משקאות בע""מ",IL,נשר בירה לבנה נשר בק,גרמים,500.00,100 גרם,false,,4.90,0.0098,true,1,144422
7290006764065,false,בירה נשר מאלט ללא אלכוהול 500 מל,"טמפו משקאות בע""ם.",IL,נשר מאלט בקבוק פקדון,מיליליטרים,500.00,"100 מ""ל",false,,4.90,0.0098,true,1,144423
7290006764072,false,"גולדסטאר בירה בק חוזר 500 מ""ל","טמפו משקאות בע""מ",IL,"גולד סטאר 500מ""ל",מיליליטרים,500.00,"100 מ""ל",false,,7.90,0.0158,true,1,144424
7290006764096,false,"בירה איגל 500 מ""ל 3.8% בקבוק חוזר","טמפו משקאות בע""מ",IL,איגל חוזר 3.8% 500 מ,מיליליטרים,500.00,"100 מ""ל",false,,6.50,0.0130,true,1,166939
7290006764157,false,"בירה גולדסטאר Unfiltered, בירה לא מסוננת, בקבוק חוזר 500 מ""ל",פארייפאבה אגרואינדוס,IL,"בירה גולדסטאר 500 מ""",מיליליטרים,500.00,"100 מ""ל",false,,7.90,0.0158,true,1,187858
7290006764478,false,"בירה נשר מאלט בקבוק זכוכית 330 מ""ל","טמפו משקאות בע""מ",IL,"נשר מאלט 330 מ""ל",מיליליטרים,330.00,"100 מ""ל",false,,5.00,0.0152,true,1,121039
7290006764485,false,"בירה שחורה נשר מאלט שישייה ח""פ 330*6 מ''ל",קריות זול,IL,"נשר מאלט 6*330 מ""ל",מיליליטרים,330.00,"100 מ""ל",false,,31.90,0.0967,true,1,144426
7290006764737,false,בירה נשר מאלט דלת קלוריות ללא אלכוהול 500 מל,"טמפו משקאות בע""ם.",IL,נשר מאלט דיאט בקבוק,מיליליטרים,500.00,"100 מ""ל",false,,4.90,0.0098,true,1,144428
7290006765000,false,טורטיות חיטה מלאה 8יח 540 ג',אלקטי קוראבייכיסיגיד,TR,טורטיות חיטה מלאה 8י,גרמים,360.00,100 גרם,false,,10.90,0.0303,true,1,133076
7290006770561,false,לקט לקוסקוס פרי הגליל 800ג',"פרי הגליל בע""""מ",IL,לקט לקוסקוס 800גר,גרמים,800.00,100 גרם,false,,15.90,0.0199,true,1,133657
7290006775016,false,עוגה מבית טוב 450 גרם תפוז,אחדות ביחר לטחינה חל,IL,עוגת תפוז 450 גרם,גרמים,450.00,100 גרם,false,,10.90,0.0242,true,1,265771
7290006775023,false,"עוגה מבית טוב"" 450 גרם אנגלית",אחדות ביחר לטחינה חל,IL,עוגה אנגלית 450 גרם,גרמים,450.00,100 גרם,false,,10.90,0.0242,true,1,265772
7290006775030,false,"עוגה מבית טוב"" 450 גרם שוקו-ציפס",אחדות ביחר לטחינה חל,IL,עוגת שוקו-ציפס 450 ג,גרמים,450.00,100 גרם,false,,10.90,0.0242,true,1,139009
7290006775047,false,"עוגה מבית טוב"" 450 גרם שוקולד",אחדות ביחר לטחינה חל,IL,עוגה בטעם שוקולד 450,גרמים,450.00,100 גרם,false,,10.90,0.0242,true,1,139010
7290006775054,false,עוגת שיש אחווה 450 ג' אחוה,אחדות ביחר לטחינה חל,IL,עוגת שיש 450 גרם,גרמים,450.00,100 גרם,false,,10.90,0.0242,true,1,139011
7290006775085,false,עוגת שמרים במילוי שוקולד 400גר,אחדות ביחר לטחינה חל,IL,עוגת שמרים במילוי קר,גרמים,400.00,100 גרם,false,,11.90,0.0298,true,1,139013
7290006775191,false,מאפין ממולא בטעם שוקולד 50 גרם אחוה,אחדות ביחר לטחינה חל,IL,אחווה מאפה ממולא שוק,יחידה,0.00,יחידה,false,,1.90,0.0000,true,1,139014
7290006775306,false,מאפינס אישי וניל במילוי תות אחווה 50ג',אחדות ביחר לטחינה חל,IL,אחווה מאפין וניל במי,יחידה,0.00,יחידה,false,,1.90,0.0000,true,1,265806
7290006775344,false,עוגת שמרים קינמון ואגוזי מלך 400 גרם,אחדות ביחר לטחינה חל,IL,עוגת שמרים במילוי קר,גרמים,400.00,100 גרם,false,,11.90,0.0298,true,1,139018
7290006784018,false,"מילוי מכשיר אוויר 250 מ""ל fashion blablabla סנט מוריץ",סורה קוסמטיקס,TR,fashion blablabla מי,מיליליטרים,250.00,"100 מ""ל",false,,12.90,0.0516,true,1,258955
7290006784025,false,עלמה ספוג הפלא להסרת כתמים קשים,קומפלקס כימיקלים,IL,עלמה ספוג הפלא להסרת,יחידה,0.00,יחידה,false,,7.90,0.0000,true,1,234459
7290006784032,false,עלמה כריות יפניות - ללא שריטות 6 יחידות,קומפלקס כימיקלים,IL,עלמה כרית יפנית -שיש,יחידה,0.00,יחידה,false,,8.90,0.0000,true,1,214607
7290006784070,false,עלמה כריות קרצוף 2+1 יחידות,קומפלקס כימיקלים,IL,עלמה סקוטש 2+1,יחידה,0.00,יחידה,false,,8.90,0.0000,true,1,234444
7290006784186,false,כפפות ניטריל שחור ללא אבקה 100 יח' L עלמה,קומפלקס כימיקלים,CN,עלמה כפפות ניטריל שח,יחידה,0.00,יחידה,false,,24.90,0.0000,true,1,257647
7290006784193,false,כפפות ניטריל שחור ללא אבקה 100 יח' M עלמה,קומפלקס כימיקלים,CN,עלמה כפפות ניטריל שח,יחידה,0.00,יחידה,false,,24.90,0.0000,true,1,257648
7290006784230,false,כפפות ניטריל שחור ללא אבקה 100 יח' S עלמה,קומפלקס כימיקלים,CN,עלמה כפפות ניטריל שח,יחידה,0.00,יחידה,false,,24.90,0.0000,true,1,257649
7290006784339,false,"תרסיס לניקוי רהיט סנט מוריץ 300 מ""ל",קומפלקס כימיקלים,IL,תרסיס לניקוי רהיט סנ,מיליליטרים,300.00,"100 מ""ל",false,,12.00,0.0400,true,1,128965
7290006784346,false,"תרסיס לניקוי שטיחים סנט מוריץ 630 מ""ל",קומפלקס כימיקלים,IL,תרסיס לניקוי שטיחים,יחידה,630.00,יחידה,false,,16.90,0.0268,true,1,128966
7290006784360,false,חלונית סנט מוריץ לניקוי חלונות 1 ליטר,"קומפלקס כימיקלים בע""",IL,סנט מוריץ חלונית 1 ל,ליטרים,1.00,ליטר,false,,8.00,8.0000,true,1,128968
7290006784407,false,"PURE מבשם כביסה בניחוח מלון בוטיק 500 מ""ל",קומפלקס כימיקלים,TR,מבשם כביסה בניחוח מל,מיליליטרים,500.00,"100 מ""ל",false,,14.90,0.0298,true,1,240481
7290006784438,false,מרכך כביסה pure love לבן 1 ל' סנט מוריץ,"קומפלקס כימיקלים בע""",TR,פיור לאב מרכך כביסה,ליטרים,1.00,ליטר,false,,13.90,13.9000,true,1,259233
7290006784452,false,"PURE - מבשם כביסה מרסס בניחוח מלון רויאל 500 מ""ל",קומפלקס כימיקלים,TR,מבשם כביסה בניחוח מל,מיליליטרים,500.00,"100 מ""ל",false,,14.90,0.0298,true,1,240482
7290006784506,false,"אוקסי מסיר כתמים 750 מ""ל",קומפלקס כימיקלים,IL,סנט מוריץ אוקסי מסיר,מיליליטרים,750.00,"100 מ""ל",false,,10.90,0.0145,true,1,173331
7290006784575,false,"מילוי מכשיר אוויר 250 מ""ל fashion loouy סנט מוריץ",סורה קוסמטיקס,TR,fashion loouy מילוי,מיליליטרים,250.00,"100 מ""ל",false,,12.90,0.0516,true,1,258960
7290006784582,false,"מילוי מכשיר אוויר 250 מ""ל fashion no.6 סנט מוריץ",סורה קוסמטיקס,TR,fashion no.6 מילוי מ,מיליליטרים,250.00,"100 מ""ל",false,,12.90,0.0516,true,1,258956
7290006784599,false,"מילוי מכשיר אוויר 250 מ""ל fashion yoyo boss סנט מוריץ",סורה קוסמטיקס,TR,fashion yoyo boss מי,מיליליטרים,250.00,"100 מ""ל",false,,12.90,0.0516,true,1,258957
7290006784636,false,"ספריי אוויר 250 מ""ל fashion meduza סנט מוריץ",סורה קוסמטיקס,TR,"ספריי אוויר 250 מ""ל",מיליליטרים,250.00,"100 מ""ל",false,,12.90,0.0516,true,1,258949
7290006784643,false,"מילוי מכשיר אוויר 250 מ""ל fashion rose gold סנט מוריץ",סורה קוסמטיקס,TR,fashion rose gold מי,מיליליטרים,250.00,"100 מ""ל",false,,12.90,0.0516,true,1,258959
7290006784773,false,"ספריי אוויר 250 מ""ל fashion 102 סנט מוריץ",סורה קוסמטיקס,TR,"ספריי אוויר 250 מ""ל",מיליליטרים,250.00,"100 מ""ל",false,,12.90,0.0516,true,1,258950
7290006784780,false,"ספריי אוויר 250 מ""ל fashion black סנט מוריץ",סורה קוסמטיקס,TR,fashion black ספריי,מיליליטרים,250.00,"100 מ""ל",false,,12.90,0.0516,true,1,258952
7290006784865,false,סנט מוריץ לניקוי משטחי מטבחים מרוכז ועוצמתי 1ל',קומפלקס כימיקלים,IL,סנט מוריץ לניקוי מטב,ליטרים,1.00,ליטר,false,,11.90,11.9000,true,1,190840
7290006788399,false,"קרליין דאודורנט רול און נושם טורקיז 75 מ""ל",אמיליה קוסמטיקס,IL,SESITIVE נושם רול או,יחידה,0.00,יחידה,false,,12.90,0.0000,true,1,249792
7290006788405,false,"קרליין - נושם אקטיב דאודורנט רול און לאישה ברודו 75 מ""ל","אמיליה קוסמטיקס בע""מ",IL,קרליין דאו רול און ב,יחידה,0.00,יחידה,false,,12.90,0.0000,true,1,108881
7290006788412,false,"קרליין - נושם אקווה דאודורנט רול און לאישה כחול 75 מ""ל",אמיליה קוסמטיקס,IL,קרליין נושם דאו רול,גרמים,75.00,100 גרם,false,,12.90,0.1720,true,1,249793
7290006788429,false,"קרליין - נושם סאן רייס דאודורנט רול און לאישה כתום 75 מ""ל","אמיליה קוסמטיקס בע""מ",IL,קרליין נושם דאו רול,מיליליטרים,75.00,"100 מ""ל",false,,12.90,0.1720,true,1,249794
7290006788436,false,"קרליין - נושם פיור דאודורנט רול און לאישה ורוד 75 מ""ל",משווק: קוסמופארם בעמ,IL,קרליין נושם דאו רול,יחידה,0.00,יחידה,false,,12.90,0.0000,true,1,108884
7290006788443,false,"קרליין - נושם אוקסיג'ן דאודורנט רול און לאישה סגול 75 מ""ל","אמיליה קוסמטיקס בע""מ",IL,קרליין נושם-דאו רול,יחידה,0.00,יחידה,false,,12.90,0.0000,true,1,249795
7290006788467,false,"קרליין - נושם אקטיב דאודורנט ספריי לאישה בורדו 200 מ""ל","אמיליה קוסמטיקס בע""מ",IL,ACTIVE נושם ספריי בו,מיליליטרים,200.00,"100 מ""ל",false,,12.90,0.0645,true,1,186935
7290006788474,false,"קרליין - נושם אקווה דאודורנט ספריי לאישה כחול 200 מ""ל",אמיליה קוסמטיקס,IL,AQUA נושם ספריי כחול,מיליליטרים,200.00,"100 מ""ל",false,,12.90,0.0645,true,1,108888
7290006788481,false,"קרליין - נושם סאן רייס דאודורנט ספריי לאישה כתום 200 מ""ל","אמיליה קוסמטיקס בע""מ",IL,SUNRISE נושם ספריי כ,מיליליטרים,200.00,"100 מ""ל",false,,12.90,0.0645,true,1,108889
7290006788498,false,"קרליין - נושם פיור דאודורנט ספריי לאישה ורוד 200 מ""ל","אמיליה קוסמטיקס בע""מ",IL,PURE נושם ספריי ורוד,מיליליטרים,200.00,"100 מ""ל",false,,12.90,0.0645,true,1,108890
7290006788504,false,"קרליין - נושם אוקסיג'ן דאודורנט ספריי לאישה סגול 200 מ""ל",מיוצר עי : אמיליה קו,IL,OXYGEN נושם ספריי סג,מיליליטרים,200.00,"100 מ""ל",false,,12.90,0.0645,true,1,108891
7290006788559,false,"טיטניום ICE דאודורנט תרסיס ספריי 180 מ""ל",טיטניום,,טיטניום דאודורנט ספר,מיליליטרים,200.00,"100 מ""ל",false,,22.90,0.1145,true,1,108892
7290006788924,false,"דאודורנט ספריי 175 מ""ל ME",,,מי דאודרנט תרסיס ורו,מיליליטרים,175.00,"100 מ""ל",false,,22.90,0.1309,true,1,108896
7290006788948,false,"קרליין דאודורנט תרסיס ספריי מיסט 175 מ""ל",קרליין,,מי דואדרנט תרסיס סגו,מיליליטרים,175.00,"100 מ""ל",false,,22.90,0.1309,true,1,108897
7290006789631,false,"קרליין קרם לחות לשיער רגיל 400 מ""ל","אמיליה קוסמטיקס בע""מ",IL,קרם לחות נוסחה קלאסי,מיליליטרים,400.00,"100 מ""ל",false,,16.90,0.0422,true,1,108905
7290006803009,false,המעיין סירופ ענבים 3,,,המעיין סירופ ענבים 3,ליטרים,3.00,ליטר,false,,39.90,13.3000,true,1,135250
7290006803016,false,המעיין סירופ תמרהנדי,,,המעיין סירופ תמרהנדי,ליטרים,3.00,ליטר,false,,39.90,13.3000,true,1,135251
7290006803047,false,המעיין סירופ דובדבן,,,המעיין סירופ דובדבן,ליטרים,3.00,ליטר,false,,39.90,13.3000,true,1,223950
7290006803054,false,המעיין סירופ תות-בננ,,,המעיין סירופ תות-בננ,ליטרים,3.00,ליטר,false,,39.90,13.3000,true,1,223951
7290006803184,false,מגש ג'לי 8 יחידות,,,מגש ג'לי 8 יחידות,יחידה,0.00,יחידה,false,,10.90,0.0000,true,1,194706
7290006803603,false,המעיין סירופ לימונענ,,,המעיין סירופ לימונענ,ליטרים,3.00,ליטר,false,,39.90,13.3000,true,1,135262
7290006804822,false,סופגניה בצק/לחמניה ה,,,סופגניה בצק/לחמניה ה,יחידה,0.00,יחידה,false,,3.00,0.0000,true,1,153988
7290006804907,false,פיתה אסלית אפויה קפואה (חמישיות),פילסברי,,חבילת פיתות אסלית 5,גרמים,500.00,100 גרם,false,,7.90,0.0158,true,1,107136
7290006805355,false,"פילסברי, כדורים בטעם שוקולד, תערובת להכנת כדורים בטעם שוקולד. 500 גרם.",הדקלאים אגודת שיתופי,IL,פילסברי כדורי שוקולד,גרמים,500.00,100 גרם,false,,16.90,0.0338,true,1,115483
7290006805362,false,חצי באגט מאפית,פילסברי,,חצי בגט,יחידה,0.00,יחידה,false,,3.50,0.0000,true,1,107141
7290006805850,false,פילסברי פנקייק תערובת להכנת חביתיות,הדקלאים אגודת שיתופי,IL,תערובת להכנת פנקייק,גרמים,500.00,100 גרם,false,,16.90,0.0338,true,1,115484
7290006806499,false,לחמנייה דגנים וגרעינ,,,לחמניה דגנים,יחידה,0.00,יחידה,false,,4.50,0.0000,true,1,168065
7290006806963,false,חלה מתוקה קלועה אפויה-קפואה,פילסברי,,חלה מתוקה קלועה א.ק,יחידה,0.00,יחידה,false,,12.40,0.0000,true,1,107147
7290006855183,false,ברבריא חטיף תמרים שומשום אגוז מלך 30*4,טבעית מוצרים מן הטבע,IL,ברבריא תמרים שומשום,גרמים,120.00,100 גרם,false,,17.90,0.1492,true,1,123521
7290006855244,false,ברבריא חטיף אגוזים שקדים וצימוקים 30*4,טבעית מוצרים מן הטבע,IL,ברבריא אגוזים וצימוק,יחידה,4.00,יחידה,false,,17.90,4.4750,true,1,123523
7290006855251,false,חטיף קשיו חמוציות וסילאן ברבריא 4*30 ג',טבעית מוצרים מן הטבע,IL,ברבריא קשיו אגוז מלך,יחידה,4.00,יחידה,false,,17.90,4.4750,true,1,123524
7290006894021,false,גלידת שפרעם 1ליטר,,,גלידת שפרעם 1ליטר,ליטרים,1.00,ליטר,false,,31.90,31.9000,true,1,129312
7290006894045,false,גלידת שפרעם מוסטקה 1,,,גלידת שפרעם מוסטקה 1,מיליליטרים,150.00,"100 מ""ל",false,,7.00,0.0467,true,1,129313
7290006894120,false,גלידה בטעם כנאפה,,,גלידה בטעם כנאפה,יחידה,0.00,יחידה,false,,27.90,0.0000,true,1,239752
7290006894151,false,מעדן קפוא בסגנון טור,,,מעדן קפוא בסגנון טור,מיליליטרים,500.00,"100 מ""ל",false,,24.90,0.0498,true,1,214130
7290006940223,false,חלבה מוקצפת אלמחרום,,,חלבה מוקצפת אלמחרום,גרמים,500.00,100 גרם,false,,19.90,0.0398,true,1,172563
7290006960023,false,כרוב כבוש מאמא מרי 7,מאמא מרי,IL,"כרוב כבוש 1 ק""ג",קילוגרמים,1.00,"ק""ג",false,,19.90,19.9000,true,1,237238
7290006960153,false,חרדל מאמא מרי 150 גר,,,חרדל 150 גרם,גרמים,150.00,100 גרם,false,,8.90,0.0593,true,1,239427
7290006960313,false,פטריות לבנות יחידה,,,פטריות לבנות יחידה,יחידה,0.00,יחידה,false,,26.90,0.0000,true,1,239537
7290006960337,false,מיקס פטריות יח 400 גרם,,IL,פטריות מיקס יחידה,יחידה,0.00,יחידה,false,,26.90,0.0000,true,1,239538
7290006960368,false,פטריות אופיאטה יחידה,,,פטריות אופיאטה יחידה,יחידה,0.00,יחידה,false,,26.90,0.0000,true,1,239534
7290006960375,false,פטריות שיטאקי יחידה,,,פטריות שיטאקי יחידה,יחידה,0.00,יחידה,false,,26.90,0.0000,true,1,239535
7290006960399,false,פטריות שמפיניון 400 גרם,,,פטריות במלח -יחידה,יחידה,0.00,יחידה,false,,26.90,0.0000,true,1,239532
7290006960429,false,"מאמא מרי כרוב בולגרי 1 ק""ג",מאמא מרי,IL,"כרוב בולגרי 1 ק""ג",קילוגרמים,1.00,"ק""ג",false,,19.90,19.9000,true,1,237239
7290006963314,false,עוגת שטולן מייסטר קל,KuchenMeister GmbH,DE,עוגת שטולן קלאסית 75,יחידה,0.00,יחידה,false,,36.90,0.0000,true,1,268054
7290006963413,false,עוגת שטולן מייסטר עם,,DE,עוגת שטולן עם חמאה 5,יחידה,0.00,יחידה,false,,34.90,0.0000,true,1,268056
7290006963420,false,עוגת שטולן מייסטר קל,,DE,עוגת שטולן קלאסית 50,יחידה,0.00,יחידה,false,,29.90,0.0000,true,1,268057
7290006983176,false,אוסם - לחמית שיפון 250 גרם,"אסם תעשיות בע""מ",IL,לחמית שיפון 250 גרם,גרמים,230.00,100 גרם,false,,9.90,0.0430,true,1,123528
7290006983527,false,עוגת הבית תפוחי עץ עם פירורים 400 ג' אסם,מיוצר עי קונדיטוריית,IL,הבית עוגת תפוחי-עץ ע,גרמים,400.00,100 גרם,false,,17.90,0.0447,true,1,123531
7290006983763,false,עוגת הבית שוקולד 400 גרם אסם.,מיוצר עי קונדיטוריית,IL,עוגת הבית שוקולד 400,גרמים,400.00,100 גרם,false,,14.90,0.0373,true,1,123532
7290006983770,false,עוגת הבית שיש אסם 400 גרם,מיוצר עי קונדיטוריית,IL,עוגת הבית שיש 400 גר,גרמים,400.00,100 גרם,false,,14.90,0.0373,true,1,123533
7290006983787,false,עוגת הבית שוקולד צ'יפס אסם 400 גרם,מיוצר עי קונדיטוריית,IL,עוגת הבית שוקוציפס 4,גרמים,400.00,100 גרם,false,,14.90,0.0373,true,1,123534
7290006983794,false,עוגת הבית בטעם תפוז אסם 400 גרם,מיוצר עי קונדיטוריית,IL,עוגת הבית תפוז 400גר,גרמים,400.00,100 גרם,false,,14.90,0.0373,true,1,123535
7290006992185,false,"מטרנה - דייסת אורז פרוביוטי כשל""פ 200 גרם",מולינו ניקולי s.p.a,IL,מטרנה דייסת אורז מטר,גרמים,200.00,100 גרם,false,,13.90,0.0695,true,1,123539
7290006992192,false,מטרנה דייסלה סולת 200 גרם,קריות זול,IL,מטרנה דייסת סולת 220,גרמים,200.00,100 גרם,false,,13.90,0.0695,true,1,123540
7290006992208,false,מטרנה דייסת 8 דגנים מעורבים 200 גרם,מטרנה תעשיות ש.מ,IL,מטרנה דייסת דגנים מע,גרמים,200.00,100 גרם,false,,13.90,0.0695,true,1,123541
7290006992390,false,"מטרנה - דייסת וניל פרוביוטי כשל""פ 200 גרם",מולינו ניקולי s.p.a,IL,"מטרנה דייסת וניל בד""",גרמים,200.00,100 גרם,false,,13.90,0.0695,true,1,123543
7290008000246,false,"פמינה - שטיפה אינטימית מועשר באלוורה 220 מ""ל",פמינה,IL,פמינה מועשר באלוורה,יחידה,220.00,יחידה,false,,22.90,0.1041,true,1,131066
7290008000796,false,"סופרמן משחת שיניים לילדים בטעם פירות כצט 50 מ""ל",כצט נוביס,IL,סופרמן משחת שיניים ל,יחידה,50.00,יחידה,false,,11.90,0.2380,true,1,131067
7290008000826,false,"משחת שיניים לילדים בטעם פירות לגילאים 2-6 כצט 50 מ""ל",כצט נוביס,IL,ברבי משחת שיניים ליל,יחידה,50.00,יחידה,false,,11.90,0.2380,true,1,131068
7290008001502,false,אלמקס מי פה לשיניים רגישות 400 מל,CP-Poland swidnica,PL,"אלמקס שטיפה 400 מ""ל",100 יחידה,400.00,100 יחידה,false,,29.90,0.0747,true,1,227202
7290008023542,false,נוזל לניקוי רצפות בניחוח יסמין סיף 4 ליטר,סיף פנטסטיק Cif Fantastic,IL,סיף פנטסטיק רצפות כת,ליטרים,4.00,ליטר,false,,19.90,4.9750,true,1,113619
7290008101257,false,זרעי ציה 300 גרם,,IL,זרעי ציה 300 גרם,גרמים,300.00,100 גרם,false,,27.90,0.0930,true,1,184107
7290008101264,false,תבלין מימון זרעי צ'י,,IL,זרעי ציה 150 גרם,גרמים,150.00,100 גרם,false,,14.90,0.0993,true,1,184108
7290008104050,false,"שטיפת אינטימית לקטופיל פמינה 220 מ""ל",כצט נוביס סעמ,IL,נוזל שטיפה אינטימית,יחידה,220.00,יחידה,false,,22.90,0.1041,true,1,131073
7290008154222,false,שניצלונים עוף טוב 700 גרם,מוצרי עוף טוב (2001),IL,שניצלונים עוף טוב 70,גרמים,700.00,100 גרם,false,,20.00,0.0286,true,1,123544
7290008175173,false,חמאה מפינלנד ללא מלח 200 גרם ויליפוד,ואליו אל.טי.די,FI,חמאה מקורית מפינלנד,גרמים,200.00,100 גרם,false,,11.90,0.0595,true,1,106549
7290008175210,false,גבינת פרמזן מגורדת 90ג' ויליפוד,זנטי אס.איי.,IT,וילי פוד פרמזן מגורד,יחידה,0.00,יחידה,false,,14.90,0.0000,true,1,106550
7290008175814,false,וילי פוד פטריות שמפיניון חתוך בדץ 400ג,"אוקצ'מפ אס, איי אויי",PL,וילי פוד פיטריות שמפ,גרמים,400.00,100 גרם,false,,5.90,0.0148,true,1,106555
7290008190909,false,עוגיות מיני קוקיס שוקולד צ'יפס כרמית 600 גרם,כרמית תעשיות ממתקים,IL,מיני קוקיס שוקולד צי,גרמים,600.00,100 גרם,false,,18.90,0.0315,true,1,124900
7290008190985,false,כרמית לקקן גלידה 50יח,כרמית תעשיות ממתקים,IL,לקקן גלידה פופ 50יח,גרמים,500.00,100 גרם,false,,19.90,0.0398,true,1,124901
7290008263023,false,פסטה פוסילי מלא אורגני הרדוף 500 גרם,פסטיפיסוי פליצ'טי,IT,פוזילי אורגני מקמח מ,גרמים,500.00,100 גרם,false,,10.90,0.0218,true,1,261717
7290008263030,false,פסטה פנה מלא אורגני הרדוף 500 גרם,פסטיפיסוי פליצ'טי,IT,פנה אורגני קמח מלא 5,גרמים,500.00,100 גרם,false,,10.90,0.0218,true,1,261718
7290008263924,false,טחינה אורגנית מלאה 1 קג הרדוף,"אחדות ביח""ר לטחינה ח",IL,"טחינה מלאה 1 ק""ג אור",קילוגרמים,1.00,"ק""ג",false,,39.90,39.9000,true,1,227943
7290008333115,false,אבקת ג'לטין טהור נטו 28 גרם,ג'ליק פיניור,IL,אבקת ג'לטין טהור נטו,יחידה,0.00,יחידה,false,,11.90,0.0000,true,1,168409
7290008335515,false,אגרול סיני+רוטב 600ג,שלושת האופים,IL,אגרול סיני+רוטב 600ג,יחידה,0.00,יחידה,false,,12.90,0.0000,true,1,221452
7290008335553,false,קובה בשר וצנובר 600ג שלושת האופים,האי נאם סי או אל.טי.,IL,קובה בשר וצנובר 600ג,יחידה,0.00,יחידה,false,,12.90,0.0000,true,1,168572
7290008335560,false,סיגרים בשר 600 פקנטי,האי נאם סי או אל.טי.,IL,סיגרים בשר 600 פקנטי,יחידה,0.00,יחידה,false,,12.90,0.0000,true,1,221453
7290008335577,false,"פסטלים תפו""א 600ג של",האי נאם סי או אל.טי.,IL,"פסטלים תפו""א 600ג של",יחידה,0.00,יחידה,false,,12.90,0.0000,true,1,221449
7290008335584,false,"סיגרים במילוי תפו""א",האי נאם סי או אל.טי.,IL,"סיגרים תפו""א 600ג של",יחידה,0.00,יחידה,false,,12.90,0.0000,true,1,221448
7290008340618,false,סלמון מעושן מצונן דלידג 100 ג',ויליגר תעשיות בעמ,IL,סלמון 100 מעושן מצונ,גרמים,100.00,100 גרם,false,,19.90,0.1990,true,1,117044
7290008343466,false,בצק פילו 500 גרם שלושת האופים,שלושת האופים שגמור,IL,בצק פילו 500 גרם,גרמים,500.00,100 גרם,false,,19.90,0.0398,true,1,117046
7290008343503,false,גחנון אפוי 650 גר' שלושת האופים קהילות,שלושת האופים,IL,שלושת האופים גחנון א,גרמים,650.00,100 גרם,false,,19.90,0.0306,true,1,117048
7290008343510,false,ג'חנון מיני אפוי למיקרו 3 האופים 650 ג',שלושת האופים ירכא,IL,שלושת האופים מיני גח,גרמים,650.00,100 גרם,false,,17.90,0.0275,true,1,117049
7290008343558,false,"סיגרים בשר שלושת האופים 1 ק""ג",שלושת האופים,IL,"סיגרים בשר 1 ק""ג שלו",יחידה,1.00,יחידה,false,,22.90,22.9000,true,1,117050
7290008343565,false,"סיגרים תפו""א 1 ק""ג שלושת האופים",שלושת האופים,IL,"סיגרים תפו""א 1 ק""ג ש",יחידה,1.00,יחידה,false,,22.90,22.9000,true,1,117051
7290008343572,false,"אגרול סיני 1 ק""ג שלושת האופים",שלושת האופים,IL,"אגרול סיני 1 ק""ג שלו",יחידה,1.00,יחידה,false,,22.90,22.9000,true,1,117052
7290008343602,false,"קובה בשר 1 ק""ג שלושת האופים",שלושת האופים,IL,"קובה בשר 1 ק""ג שלושת",יחידה,1.00,יחידה,false,,22.90,22.9000,true,1,117055
7290008343619,false,"פסטלים תפו""א שלושת האופים 1 ק""ג",שלושת האופים,IL,"פסטלים תפו""א שלושת ה",יחידה,1.00,יחידה,false,,22.90,22.9000,true,1,117056
7290008343626,false,"כדורי פלאפל 1 ק""ג שלושת האופים",שלושת האופים,IL,"כדורי פלאפל 1 ק""ג של",יחידה,1.00,יחידה,false,,22.90,22.9000,true,1,117057
7290008344258,false,המבורגר מזרחי טיבון ויל 400 גרם,"טיבון ויל אחזקות בע""",IL,המבורגר מזרחי 400גרם,גרמים,400.00,100 גרם,false,,20.90,0.0522,true,1,117058
7290008344272,false,המבורגר 100% טיבון ויל 400 גרם,טיבון ויל אחזקות בעמ,IL,המבורגר 100% 400 גרם,גרמים,400.00,100 גרם,false,,20.90,0.0522,true,1,117059
7290008345118,false,דלידג מקרל בשמן 240 גרם,מיוצר על ידי קוד יצר,IL,מקרל בשמן 240גרם,גרמים,240.00,100 גרם,false,,29.90,0.1246,true,1,168410
7290008345132,false,הרינג כבוש דלידג 240 ג',כלורוקס אוקלנד,IL,הרינג כבוש 240 גרם,גרמים,240.00,100 גרם,false,,24.90,0.1037,true,1,168412
7290008345576,false,סלט איקרה ביתית לבנה 300 גרם דלידג,כלורוקס אוקלנד,IL,איקרה ביתית לבנה 300,גרמים,300.00,100 גרם,false,,21.90,0.0730,true,1,168417
7290008345583,false,איקרה ביתית ורוד 300 גרם דלידג,כלורוקס אוקלנד,IL,איקרה ביתית ורוד 300,גרמים,300.00,100 גרם,false,,21.90,0.0730,true,1,168418
7290008347211,false,אצבעות דג מצופות דלידג 700 גרם,אף.סי תבליני בגליל ב,IL,דלידג אצבעות דג 700,גרמים,700.00,100 גרם,false,,22.90,0.0327,true,1,117078
7290008409049,false,מיני שניצלונים בציפוי שומשום מאמא עוף 500 גרם,תנובה גליל שותפות מו,IL,מאמא עוף מיני דק שני,גרמים,840.00,100 גרם,false,,22.90,0.0273,true,1,104470
7290008409100,false,אצבעות שניצל בציפוי שומשום מאמא עוף 700 גרם,תנובה גליל שותפות מו,IL,מאמאעוף אצבעות שניצל,גרמים,700.00,100 גרם,false,,36.90,0.0527,true,1,104473
7290008409124,false,מאמא עוף קפוא שניצל ג'ונגל פריך 700 גרם,תנובה גליל שותפות מו,IL,מאמא עוף קפוא שניצל,גרמים,700.00,100 גרם,false,,36.90,0.0527,true,1,104475
7290008409216,false,מאמא עוף קפוא שניצל דק פריך 700 גרם,תנובה גליל,IL,מאמא עוף קפוא שניצל,גרמים,700.00,100 גרם,false,,36.90,0.0527,true,1,104477
7290008409223,false,שניצל דק דק מתובל מאמא עוף 700 גרם,תנובה גליל שותפות מו,IL,מאמא עוף שניצל דק מת,גרמים,700.00,100 גרם,false,,36.90,0.0527,true,1,104478
7290008409315,false,מיני מיני דק שניצלונים בציפוי פריך מאמא עוף 500 ג',תנובה גליל,IL,מאמא עוף מיני דק שני,גרמים,500.00,100 גרם,false,,22.90,0.0458,true,1,104482
7290008409407,false,מאמא עוף שניצל דק ציפס 700 גרם,תנובה גליל שותפות מו,IL,מאמא עוף שניצל דק צי,גרמים,700.00,100 גרם,false,,36.90,0.0527,true,1,104486
7290008409551,false,שניצל עוף אמיתי בציפוי מעודן 700 ג' מאמא עוף,תנובה גליל שותפות מו,IL,מאמאעוף שניצל עוף אמ,גרמים,700.00,100 גרם,false,,36.90,0.0527,true,1,104493
7290008409582,false,שניצל עוף אמיתי בציפוי ביתי מאמא עוף 700 גרם,תנובה גליל שותפות מו,IL,מאמאעוף שניצל אמיתי,גרמים,700.00,100 גרם,false,,36.90,0.0527,true,1,104496
7290008415071,false,צבר חומוס עם טחינה עגול 150 גרם,לחמנו,IL,צבר חומוס עם טחינה 1,גרמים,150.00,100 גרם,false,,5.90,0.0393,true,1,123547
7290008415514,false,צבר חומוס עם חריף עגול 150 גרם,לחמנו,IL,צבר חומוס עם חריף 15,גרמים,150.00,100 גרם,false,,5.90,0.0393,true,1,223084
7290008443616,false,"מרכך לשיער יבש אדום 750 מ""ל נקה 7","אמיליה קוסמטיקס בע""מ",IL,נקה 7-מייצב יבש אדום,מיליליטרים,750.00,"100 מ""ל",false,,12.90,0.0172,true,1,108921
7290008443630,false,"שמפו לשיער מתולתל נקה 7 750 מ""ל","אמיליה קוסמטיקס בע""מ",IL,נקה 7-שמפו מתולתל סג,מיליליטרים,750.00,"100 מ""ל",false,,12.90,0.0172,true,1,231819
7290008443647,false,"מרכך לשיער מתולתל סגול, 750 מ""ל נקה 7","אמיליה קוסמטיקס בע""מ",IL,נקה 7-מייצב מתולתל ס,מיליליטרים,750.00,"100 מ""ל",false,,12.90,0.0172,true,1,108924
7290008444538,false,דאודורנט ספריי פריטי,,,YOU PRETTY דאודורנט,מיליליטרים,175.00,"100 מ""ל",false,,22.90,0.1309,true,1,108927
7290008461221,false,סרדינים רוברט בשמן חמניות 115 גרם,"רמירז, מטוסינוס",PT,סר' רוברט ש' חמנ 115,גרמים,115.00,100 גרם,false,,6.90,0.0600,true,1,117083
7290008461238,false,"סרדינים בשמן חמניות ופלפל חריף רוברט 84 גרם, 115 גרם",קונסוורס,PT,סר' רוברט ש' חמנ חרף,גרמים,115.00,100 גרם,false,,6.90,0.0600,true,1,168421
7290008461283,false,גבינה טריפל צדר נני,דאוליי צ'סמייקרס,AO,צ'דר טריפל 200 גרם,גרמים,200.00,100 גרם,false,,24.90,0.1245,true,1,191648
7290008462204,false,חרדל דיז'ון מקורי נטו מאי 380 גרם,יוניליבר צרפת,FR,חרדל דיזון מקורי 380,גרמים,380.00,100 גרם,false,,15.90,0.0418,true,1,117086
7290008464024,false,"בירה גולדסטאר Unfiltered, בירה לא מסוננת, פחית 500 מ""ל","טמפו משקאות בע""מ",IL,פחית גולדסטאר לא מסו,יחידה,0.00,יחידה,false,,8.90,0.0000,true,1,144433
7290008464109,false,"בירה גולדסטאר Unfiltered, בירה לא מסוננת, בקבוק 330 מ""ל","טמפו משקאות בע""מ",IL,בירה גולדסטאר לא מסו,מיליליטרים,600.00,"100 מ""ל",false,,8.90,0.0148,true,1,121040
7290008464130,false,"בירה גולדסטאר Unfiltered, בירה לא מסוננת, מארז שישייה, בקבוק 330 מ""ל",טמפו,IL,שישית גולד סטאר לא מ,יחידה,0.00,יחידה,false,,44.90,0.0000,true,1,144434
7290008464345,false,"בירה גולדסטאר, בקבוק 330 מ''ל",פארייפאבה אגרואינדוס,IL,בירה גולדסטאר,מיליליטרים,330.00,"100 מ""ל",false,,6.90,0.0209,true,1,144438
7290008464468,false,"בירה גולדסטאר, פחית 500 מ""ל",פארייפאבה אגרואינדוס,IL,פחית גולד סטאר 500 מ,מיליליטרים,500.00,"100 מ""ל",false,,8.50,0.0170,true,1,144440
7290008464475,false,"בירה מכבי, פחית 500 מ""ל","טמפו משקאות בע""מ",IL,"בירה מכבי 500 מ""ל",מיליליטרים,500.00,"100 מ""ל",false,,7.90,0.0158,true,1,144441
7290008464505,false,סאן בנדטו בקבוק פלסטיק 500מל,פארייפאבה אגרואינדוס,IT,סאן בנדטו בקבוק פלסט,מיליליטרים,500.00,"100 מ""ל",false,,4.00,0.0080,true,1,121045
7290008464598,false,"פחית היינקן 330מ""ל",,,"פחית היינקן 330מ""ל",מיליליטרים,330.00,"100 מ""ל",false,,5.90,0.0179,true,1,262808
7290008464604,false,"בירה היינקן, פחית 500 מ""ל",טמפו משקאות בע''מ,NL,"פחית היינקן 500 מ""ל",מיליליטרים,500.00,"100 מ""ל",false,,11.90,0.0238,true,1,193619
7290008464611,false,"הסודה של טמפו, מי סודה בגיזוז חזק, 275 מל",טמפו משקאות בעמ,IL,טמפו מי סודה בקבוק 2,מיליליטרים,275.00,"100 מ""ל",false,,5.00,0.0182,true,1,184902
7290008464673,false,"בירה גולדסטאר SLOWBREW פחית 10%, 500 מ""ל","טמפו משקאות בע""מ",IL,"גולד סטאר פח 500 מ""ל",מיליליטרים,500.00,"100 מ""ל",false,,7.90,0.0158,true,1,193673
7290008464703,false,"מארז שישה בקבוקי מכבי 330 מ""ל",בירה מכבי,IL,"שישיית מכבי 330מ""ל",מיליליטרים,330.00,"100 מ""ל",false,,34.90,0.1058,true,1,144447
7290008464734,false,"בירה גולדסטאר SLOW BREW מארז 330X6מ""ל",טמפו משקאות בע''מ,IL,גולד סטאר slow brew,יחידה,6.00,יחידה,false,,42.90,7.1500,true,1,172451
7290008464741,false,"בירה גולדסטאר, מארז שישייה, בקבוק 330 מ''ל",קריות זול,IL,"שישיית גולד סטאר בק""",מיליליטרים,330.00,"100 מ""ל",false,,36.90,0.1118,true,1,144448
7290008464796,false,"בירה היינקן, מארז שישייה, בקבוק 330 מ''ל",קריות זול,IL,"שישיית היינקן 330מ""ל",יחידה,0.00,יחידה,false,,39.90,0.0000,true,1,155336
7290008470759,false,מסטיק אורביט ספירמינט מארז שמינייה,אורביט,FR,אורביט סטיקס ספירמינ,יחידה,8.00,יחידה,false,,14.90,1.8625,true,1,124492
7290008470766,false,שמינייה אורביט סטיקס בטעם פפרמינט,אורביט,FR,אורביט סטיקס בטעם פפ,יחידה,8.00,יחידה,false,,14.90,1.8625,true,1,124493
7290008482639,false,"ג'יל תות בד""צ 500 גר",,,ג`לי 500 גר תות,גרמים,500.00,100 גרם,false,,14.90,0.0298,true,1,116394
7290008493413,false,פירורי לחם מאיר בייגל פירורי גריסיני 200 גרם,מאיר בייגל,IL,מאיר בייגל פירורי גר,גרמים,200.00,100 גרם,false,,7.90,0.0395,true,1,141629
7290008493703,false,בייגלה שמיניות עם מלח 300גרם שקוף,מאיר בייגל,IL,מאיר& בייגל בייגלה ש,גרמים,300.00,100 גרם,false,,5.90,0.0197,true,1,224144
7290008493710,false,פירורי לחם מאיר בייגל פרורי גריסני זהב 200 גרם,מאיר בייגל,IL,מאיר בייגל פרורי גרי,גרמים,200.00,100 גרם,false,,7.90,0.0395,true,1,141642
7290008500128,false,עוגת שמרים פרימיום ש,ב- פילסברי (ג'נל מיל,IL,עוגת שמרים פרימיום ש,יחידה,0.00,יחידה,false,,22.90,0.0000,true,1,223907
7290008500135,false,עוגת שמרים פרימיום ק,ב- פילסברי (ג'נל מיל,IL,עוגת שמרים פרימיום ק,יחידה,0.00,יחידה,false,,22.90,0.0000,true,1,223908
7290008500142,false,עוגת שמרים פרימיום ת,ב- פילסברי (ג'נל מיל,IL,עוגת שמרים פרימיום ת,יחידה,0.00,יחידה,false,,22.90,0.0000,true,1,223909
7290008500159,false,עוגת שמרים פרימיום ג,ב- פילסברי (ג'נל מיל,IL,עוגת שמרים פרימיום ג,יחידה,0.00,יחידה,false,,22.90,0.0000,true,1,223910
7290008500166,false,עוגת שמרים פרימיום פ,ב- פילסברי (ג'נל מיל,IL,עוגת שמרים פרימיום פ,יחידה,0.00,יחידה,false,,22.90,0.0000,true,1,223911
7290008500548,false,פילסברי לחם טוסט אמר,מאפיית אגמי,,פילסברי לחם טוסט אמר,יחידה,0.00,יחידה,false,,17.90,0.0000,true,1,255964
7290008593007,false,לבנה גת 500 גרם 9%,,,לבנה גת 500 גרם 9%,גרמים,500.00,100 גרם,false,,13.90,0.0278,true,1,139073
7290008593021,false,לבנה עם זעתר 200גרם,,,לבנה עם זעתר 200גרם,גרמים,200.00,100 גרם,false,,11.90,0.0595,true,1,139075
7290008593076,false,יוגורט גת 3 ליטר,,,יוגורט גת 3 ליטר,ליטרים,3.00,ליטר,false,,29.90,9.9667,true,1,139077
7290008593137,false,טופ מרגרינה 200 ג' ג'ת,,,טופ מרגרינה גת 200 ג,גרמים,400.00,100 גרם,false,,4.50,0.0113,true,1,237291
7290008593168,false,גבינה מתוקה 400 גרם,,,גבינה מתוקה 400 גרם,גרמים,400.00,100 גרם,false,,24.90,0.0622,true,1,223256
7290008593267,false,לבנה כדורים ג'ת 400 ג',,,לבנה כדורים 400 גרם,גרמים,400.00,100 גרם,false,,26.90,0.0672,true,1,193216
7290008593328,false,גבינה חלומי וואקום ג'ת 250ג',,,גבינת חלומי וואקום 2,יחידה,0.00,יחידה,false,,22.90,0.0000,true,1,237386
7290008593335,false,"לבן אפ ג'ת 330 מ""ל",,,"יוגורט אפ 330 מ""ל",יחידה,0.00,יחידה,false,,5.90,0.0000,true,1,139093
7290008593403,false,יוגרט עיזים ג'ת 1.5 ל',,,יוגורט עיזים 1.50 ל,ליטרים,1.50,ליטר,false,,25.90,17.2667,true,1,139095
7290008593458,false,יוגורט בטעם תות 1 ל' ג'ת,,,יוגורט תות 1 ליטר,ליטרים,1.00,ליטר,false,,14.90,14.9000,true,1,171822
7290008593472,false,פלפל חריף ממולא לבנה,,,פלפל חריף ממולא לבנה,גרמים,220.00,100 גרם,false,,19.90,0.0905,true,1,217271
7290008593496,false,מעדן יוגורט גרנולה חומציות וקשיו 170 ג' ג'ת,,,יוגורט גרנולה חמוציו,יחידה,0.00,יחידה,false,,5.90,0.0000,true,1,247125
7290008593519,false,לבנה ערבית גת 750 גר,,,לבנה ערבית גת 750 גר,גרמים,750.00,100 גרם,false,,22.90,0.0305,true,1,207510
7290008593595,false,גבינה מלוחה במי מלח ג'ת 400 ג',,,גבינה כחול במי מלח 4,גרמים,400.00,100 גרם,false,,24.90,0.0622,true,1,238385
7290008593625,false,"משקה בוקר בטעם אפרסק ג'ת 250 מ""ל",,,משקה יוגורט בטעם אפר,יחידה,0.00,יחידה,false,,5.90,0.0000,true,1,208380
7290008593632,false,"משקה בוקר בטעם תות ג'ת 250 מ""ל",,,משקה יוגורט בטעם תות,יחידה,0.00,יחידה,false,,5.90,0.0000,true,1,208381
7290008593649,false,ג'ת לבנה קופסא 500 ג,,,ג'ת לבנה קופסא 500 ג,גרמים,500.00,100 גרם,false,,13.90,0.0278,true,1,171825
7290008593700,false,גבינה ערבית ג'ת 700 ג',,,גבינה ערבית גת 800 ג,גרמים,800.00,100 גרם,false,,45.90,0.0574,true,1,139098
7290008593724,false,משקה כוסות תות 170 ג' ג'ת,,,כוסות תותי,יחידה,0.00,יחידה,false,,2.90,0.0000,true,1,221071
7290008593762,false,לבנה 12% ג'ת 750 ג',,,לבנה ג'ת 750 גרם,גרמים,750.00,100 גרם,false,,22.90,0.0305,true,1,171823
7290008593793,false,פלפל ממולא לבנה בשמן,,,פלפל ממולא לבנה בשמן,גרמים,220.00,100 גרם,false,,22.90,0.1041,true,1,237389
7290008593922,false,יוגורט עיזים ג'ת 3 ל',,,ג'ת יוגורט עזים 3 ל,ליטרים,3.00,ליטר,false,,45.90,15.3000,true,1,177656
7290008634045,false,"פלסטר שקוף 30 יחידות ""SUNNY PLASTER""",A.U. In,CN,פלסטר 30 צבעוני,יחידה,30.00,יחידה,false,,6.90,0.2300,true,1,213812
7290008634663,false,בקבוק לתינוק גדול שלישייה,R.B.P. Co Lt,TH,בקבוק גדול שלישייה,יחידה,3.00,יחידה,false,,16.90,5.6333,true,1,213813
7290008636933,false,אגוזי מלך גרוסים 100 גר' מיה,מיה תעשיות מזון,IL,מיה אגוז מלך גרוס 10,גרמים,100.00,100 גרם,false,,9.90,0.0990,true,1,202135
7290008636957,false,שקדים מולבנים גרוסים 100גרם,מיה תעשיות מזון,IL,מיה שקד מולבן גרוס 1,גרמים,100.00,100 גרם,false,,10.90,0.1090,true,1,133941
7290008636988,false,גרעיני חמניות קלופים 100 גר' מיה,מיה תעשיות מזון,IL,מיה גרעיני חמניות קל,גרמים,100.00,100 גרם,false,,4.90,0.0490,true,1,202137
7290008636995,false,גרעיני דלעת קלופים 100 גר' מיה,מיה תעשיות מזון,IL,מיה גרעיני דלעת קלופ,גרמים,100.00,100 גרם,false,,6.90,0.0690,true,1,202138
7290008644235,false,עלי בייבי שטראוס 120 גרם,שטראוס בריאות ירקות,IL,שטראוס עלי בייבי 120,גרמים,120.00,100 גרם,false,,9.90,0.0825,true,1,141083
7290008644945,false,לקט לסלט המושבה שטראוס 450 גרם,שטראוס בריאות ירקות,IL,סלט המושבה 450 ג ירק,גרמים,450.00,100 גרם,false,,12.10,0.0269,true,1,141086
7290008670005,false,רקנאטי גליל עליון שרדונה 750 מל,,,רקאנטי גליל עליון שר,מיליליטרים,700.00,"100 מ""ל",false,,59.90,0.0856,true,1,165347
7290008670159,false,"יין רקנאטי יסמין לבן 750 מ""ל","יקבי רקנאטי בע""מ",IL,רקנאטי יסמין לבן,יחידה,750.00,יחידה,false,,39.90,0.0532,true,1,147815
7290008670388,false,רקנאטי רוזה 2007 750 מל,רקנאטי,IL,רקנאטי רוזה,מיליליטרים,750.00,"100 מ""ל",false,,79.90,0.1065,true,1,165348
7290008670623,false,יין רקנאטי פטיט סירה רזרב 2014 750 מל,,IL,רקנאטי פטיט סירה רזר,יחידה,0.00,יחידה,false,,139.90,0.0000,true,1,253154
7290008670852,false,רקנאטי יונתן אדום 750 מל,רקנאטי,IL,רקאנטי יונתן אדום 75,יחידה,0.00,יחידה,false,,39.90,0.0000,true,1,172620
7290008670869,false,רקנאטי יונתן לבן 750 מל,רקנאטי,IL,רקאנטי יונתן לבן 750,יחידה,0.00,יחידה,false,,39.90,0.0000,true,1,172621
7290008670913,false,רקנאטי גליל עליון קברנה סובניון 750 מל,רקנאטי,IL,רקאנטי גליל עילון קב,מיליליטרים,750.00,"100 מ""ל",false,,59.90,0.0799,true,1,183494
7290008670920,false,יין רקנאטי גליל עליון מרלו 750 מל,,,רקנאטי גליל עליון מ,מיליליטרים,750.00,"100 מ""ל",false,,59.90,0.0799,true,1,180477
7290008670937,false,רקנאטי גליל עליון שיראז 2017 750 מל,,,רקנאטי גליל עליון שי,מיליליטרים,750.00,"100 מ""ל",false,,59.90,0.0799,true,1,181784
7290008690713,false,נקטר חמוציות אושן ספריי פריגת 1 ליטר,מבשלות בירה בינלאומי,IL,אושן ספרי חמוציות 1,ליטרים,1.00,ליטר,false,,13.90,13.9000,true,1,138816
7290008693134,false,מעדן גבינה ויוגורט בטעם תות 5% שומן 88 ג' דניאלה,"שטראוס בריאות בע""מ",IL,דניאלה תות מעדן גבינ,מיליליטרים,150.00,"100 מ""ל",false,,4.10,0.0273,true,1,141090
7290008713900,false,לחם שיפון עגול פרוס אנג'ל 750 גרם,מאפיית אנג'ל אורנים,IL,לחם שיפון עגול 750 ג,גרמים,750.00,100 גרם,false,,11.90,0.0159,true,1,104914
7290008739955,false,נרות שולחן/חמסה ריחנ,,,נר בכוס עגולה,000000000000000יחידה,1.00,000000000000000יחידה,false,,12.00,12.0000,true,1,130628
7290008745239,false,תפוצ'יפס קראנצ' בטעם טבעי עלית 50 גרם,"שטראוס פריטו ליי בע""",IL,תפוציפס קראנץ טבעי 5,יחידה,0.00,יחידה,false,,3.50,0.0000,true,1,130383
7290008747547,false,תפוצ'יפס קראנץ' בטעם טבעי עלית 200 גרם,"שטראוס פריטו ליי בע""",IL,תפוציפס קראנץ טבעי 2,גרמים,200.00,100 גרם,false,,9.90,0.0495,true,1,130385
7290008750264,false,מסטיק מאסט LL פליפ.דובדבן מגדים 28 גר,"שטראוס גרופ בע""מ",IL,מאסט דובדבן 28ג,יחידה,0.00,יחידה,false,,4.30,0.0000,true,1,129785
7290008752244,false,תפוצ'יפס קראנץ' בטעם גריל עלית 50 גרם,"שטראוס פריטו ליי בע""",IL,תפוציפס קראנץ גריל 5,יחידה,0.00,יחידה,false,,3.50,0.0000,true,1,130387
7290008753111,false,תפוצ'יפס קראנץ' בטעם מקסיקני עלית 50 גרם,"שטראוס פריטו ליי בע""",IL,תפוציפס מקסיקני 50 ג,יחידה,0.00,יחידה,false,,3.50,0.0000,true,1,130388
7290008754415,false,גומי מאסט בטעם ספירמינט עדין פליפטופ 28 ג' עלית,"שטראוס גרופ בע""מ",IL,מאסט מנטה עדין 28ג,יחידה,0.00,יחידה,false,,4.00,0.0000,true,1,129798
7290008757003,false,"שוופס ג'ינג'ר 250 מ""ל זכוכית",שוופס,,"שוופס ג'ינג'ר 250 מ""",מיליליטרים,250.00,"100 מ""ל",false,,7.00,0.0280,true,1,156780
7290008757010,false,"שוופס ביטר למון 250 מ""ל זכוכית",מיוצר עי קונדיטוריית,IL,"שוופס ביטר 250 מ""ל ז",מיליליטרים,250.00,"100 מ""ל",false,,7.00,0.0280,true,1,114587
7290008757027,false,"שוופס טוניק 250 מ""ל זכוכית",מיוצר עי קונדיטוריית,IL,"שוופס טוניק 250 מ""ל",מיליליטרים,250.00,"100 מ""ל",false,,7.00,0.0280,true,1,114588
7290008757034,false,"שוופס סודה זכוכית 250 מ""ל","יפאורה תבורי בע""מ",IL,"שוופס סודה 250 מ""ל",מיליליטרים,250.00,"100 מ""ל",false,,5.00,0.0200,true,1,114589
7290008757980,false,קרטונית ספרינג נקטר רימונים 1 ליטר,"יפאורה תבורי בע""מ",IL,ספרינג נקטר רימונים,ליטרים,1.00,ליטר,false,,6.90,6.9000,true,1,114605
7290008758246,false,"אלין מבשם גוף 250 מ""ל",,,"אלין מבשם גוף 250 מ""",מיליליטרים,210.00,"100 מ""ל",false,,42.90,0.2043,true,1,203040
7290008758598,false,"AL'N קרם ידיים 150 מ""ל ALIN",,,אלין קרם ידיים,גרמים,100.00,100 גרם,false,,12.90,0.1290,true,1,223167
7290008758819,false,אלין מסכה שיאה קרטין לשיער רגיל יבש 500,,,אלין מסכה שיאה קרטין,מיליליטרים,500.00,"100 מ""ל",false,,44.90,0.0898,true,1,204374
7290008758956,false,"אלין סרום שיאה קרטין 125 מ""ל",,,אלין סרום שיאה לשיער,מיליליטרים,125.00,"100 מ""ל",false,,42.90,0.3432,true,1,223168
7290008758963,false,"אלין טיפות סיליקון 125 מ""ל",,,אלין טיפות לשיער סיל,מיליליטרים,125.00,"100 מ""ל",false,,39.90,0.3192,true,1,223169
7290008775816,false,ערגליות עוגיות במילוי שוקו אסם 300 גרם,מיוצר עי קונדיטוריית,IL,ערגליות שוקו 300 גרם,גרמים,300.00,100 גרם,false,,11.90,0.0397,true,1,123551
7290008775823,false,ערגליות במילוי תות אסם 300 גרם,מיוצר עי קונדיטוריית,IL,ערגליות תות 300 גרם,גרמים,300.00,100 גרם,false,,11.90,0.0397,true,1,123552
7290008801010,false,"יין קברנה סוביניון מרלו פרייוט קולקשן 750 מ""ל",אגודת הכורמים הקאופו,IL,פי.סי קברנה/מרלו 750,מיליליטרים,750.00,"100 מ""ל",false,,41.90,0.0559,true,1,114734
7290008801119,false,יין סוביניון בלאן סלקטד יקבי כרמל,אגודת הכורמים הקואופ,IL,סלקטד סוביניון בלאן,מיליליטרים,750.00,"100 מ""ל",false,,29.90,0.0399,true,1,114735
7290008801157,false,מרלו סלקטד כרמל מזרחי 750 מל,כרמל מזרחי,IL,"סלקטד מרלו 750 מ""ל",מיליליטרים,750.00,"100 מ""ל",false,,29.90,0.0399,true,1,268109
7290008801478,false,יין טופז זהב יקבי כרמל,כרמל מזרחי,IL,"יין טופז זהב 750 מ""ל",מיליליטרים,750.00,"100 מ""ל",false,,18.90,0.0252,true,1,267073
7290008801546,false,יין מוסקט מתוק קינג דיוויד יקבי כרמל,אגודת הכורמים הקואופ,IL,קינג דוד מוסקט מתוק,מיליליטרים,750.00,"100 מ""ל",false,,19.90,0.0265,true,1,267074
7290008801843,false,קברנה סוביניון אדום יבש 750 מל סלקטד,"כד בני דרום בע""מ",IL,סלקטד קברנה סוביניון,מיליליטרים,750.00,"100 מ""ל",false,,29.90,0.0399,true,1,114745
7290008802291,false,יין מרלו פרייבט קולקשן יקבי כרמל,אגודת הכורמים הקואופ,IL,"פי.סי מרלו 750 מ""ל",מיליליטרים,750.00,"100 מ""ל",false,,41.90,0.0559,true,1,114747
7290008802512,false,"יין וינו אדום ""כרמל מזרחי""","כד בני דרום בע""מ",IL,יין אדום VINO,מיליליטרים,750.00,"100 מ""ל",false,,19.90,0.0265,true,1,268111
7290008802895,false,יין קברנה סוביניון פרייבט קולקשן יקבי כרמל,אגודת הכורמים הקאופו,IL,פי.סי קברנה סוביניון,מיליליטרים,750.00,"100 מ""ל",false,,41.90,0.0559,true,1,114750
7290008804332,false,שיראז אדום יבש פריווט קולקשיין 750מל,אגודת הכורמים הקואופ,IL,"פי.סי שיראז 750 מ""ל",מיליליטרים,750.00,"100 מ""ל",false,,41.90,0.0559,true,1,114757
7290008805384,false,סלקטד מוסקטו לבן מבעבע 750 מל 2016,אגודת הכורמים הקואופ,IL,סלקטד ייו מוסקטו 750,מיליליטרים,750.00,"100 מ""ל",false,,29.90,0.0399,true,1,268095
7290008805520,false,יין קברנה /מרלו סלקטד יקבי כרמל,"כד בני דרום בע""מ",IL,סלקטד קברנה/מרלו 750,מיליליטרים,750.00,"100 מ""ל",false,,29.90,0.0399,true,1,114766
7290008806961,false,גלידה שוקולד שבבי שוקולד פרה 1.33 ל' קרמיסימו,"גלידת שטראוס בע""מ, ר",IL,קרמיסימו שוקולד שבבי,ליטרים,1.33,ליטר,false,,20.90,15.7143,true,1,134934
7290008807128,false,יין יוגב קברנה סובני,בניאמינה,,יוגב קברנה סוביניון,יחידה,750.00,יחידה,false,,39.90,0.0532,true,1,147834
7290008807487,false,יין יוגב קברנה סובינ,יקבי בנימינה,,יוגב קברנה סוביניון,יחידה,750.00,יחידה,false,,39.90,0.0532,true,1,147838
7290008807494,false,יוגב בלד ארומטי 2008,בנימינה Binyamina,IL,יוגב בלנד ארומטי,יחידה,750.00,יחידה,false,,39.90,0.0532,true,1,133674
7290008807562,false,ליקר בנימינה לימונצל,אליעז בנימינה,IL,ליקר לימונצילו 700 מ,יחידה,700.00,יחידה,false,,54.90,0.0784,true,1,133675
7290008849586,false,רוטב לעוף ריבת בצל אוליביה 310 גרם,קריות זול,IL,רוטב לעוף ריבת בצל 2,גרמים,310.00,100 גרם,false,,12.90,0.0416,true,1,106875
7290008849661,false,אוליביה ממרח עגבניות מיובשות פיקנטי 180 גרם,טרופיקל דגיל תעשיות,IL,ממרח עגבניות מיובשות,גרמים,180.00,100 גרם,false,,12.90,0.0717,true,1,183632
7290008849777,false,רוטב צ'ילי מתוק אוליביה 345 גרם,קריות זול,IL,אוליביה רוטב צילי מת,גרמים,350.00,100 גרם,false,,12.90,0.0369,true,1,106880
7290008849838,false,טפנד זיתים אוליביה 190 גר',"אוליביה גורמה בע""מ",IL,טפנד זיתים,גרמים,180.00,100 גרם,false,,12.90,0.0717,true,1,183631
7290008863001,false,עוגת גינגי בציפוי פירורים 450 גרם,קונדיטוריה וולפסון,IL,עוגת רזיק,גרמים,700.00,100 גרם,false,,38.90,0.0556,true,1,142070
7290008863049,false,עוגת אריסטוקרט 800 גרם,קונדיטוריה וולפסון,IL,עוגת בריזה,גרמים,300.00,100 גרם,false,,74.90,0.2497,true,1,142072
7290008863063,false,עוגיות עם ריבת חלב(א,קונדיטוריה וולפסון,IL,עוגיות עם ריבת חלב,גרמים,350.00,100 גרם,false,,44.90,0.1283,true,1,142073
7290008863070,false,אקלר ממולא קרם חמאה,קונדיטוריה וולפסון,IL,פחזניות,יחידה,0.00,יחידה,false,,29.90,0.0000,true,1,142074
7290008863087,false,עוגיות נשיקות 130 גר,קונדיטוריה וולפסון,,נשיקות,יחידה,0.00,יחידה,false,,19.90,0.0000,true,1,142075
7290008863117,false,עוגת אריסטוקרט 380 גרם,קונדיטוריה וולפסון,IL,עוגת מלבן,גרמים,700.00,100 גרם,false,,35.00,0.0500,true,1,142077
7290008863179,false,עוגת אריסטוקרט 600גר,קונדיטוריה וולפסון,IL,עוגת קרמן וולפסון,גרמים,700.00,100 גרם,false,,59.90,0.0856,true,1,142079
7290008899437,false,בייגל שומשום,פילסברי,,בייגל שומשום,00000000000000000000,0.00,00000000000000000000,false,,4.90,0.0000,true,1,168068
7290008899505,false,בגט לבן פילסברי 250,פילסברי,,בגט לבן,יחידה,1.00,יחידה,false,,5.00,5.0000,true,1,107028
7290008909853,false,קוקה קולה זירו בקבוק 500מל,פארייפאבה אגרואינדוס,IL,קוקה קולה זירו 500 מ,מיליליטרים,500.00,"100 מ""ל",false,,7.00,0.0140,true,1,138828
7290008921015,false,"קברנה פטיס סירה ""תשבי""","יקבי הבארון בע""מ",,"קברנה סירה 750 מ""ל",מיליליטרים,750.00,"100 מ""ל",false,,44.90,0.0599,true,1,158876
7290008921022,false,יין תישבי פרנץ ריזלי,"יקבי הבארון בע""מ",,"פרנץ ריזלינג 750 מ""ל",מיליליטרים,750.00,"100 מ""ל",false,,44.90,0.0599,true,1,158877
7290008921053,false,יין תשבי אדום סגול 7,"יקבי הבארון בע""מ",,יין תשבי אדום סגול 7,מיליליטרים,750.00,"100 מ""ל",false,,44.90,0.0599,true,1,184276
7290008921077,false,יין תשבי מלבק 750 מל,יקב התשבי,IL,"מלבק 750 מ""ל",מיליליטרים,750.00,"100 מ""ל",false,,44.90,0.0599,true,1,208384
7290008921084,false,יין תשבי רובי קברנה,תשבי,,"רובי קברנה 750 מ""ל",מיליליטרים,750.00,"100 מ""ל",false,,44.90,0.0599,true,1,234187
7290008921138,false,יין תשבי כחול לבן 75,"יקבי הבארון בע""מ",,יין תשבי כחול לבן 75,מיליליטרים,750.00,"100 מ""ל",false,,44.90,0.0599,true,1,184277
7290008921169,false,"קברנה אדום סוביניון ""תשבי""","יקבי הבארון בע""מ",,קברנה סוביניון 750 מ,מיליליטרים,750.00,"100 מ""ל",false,,44.90,0.0599,true,1,158879
7290008921176,false,יין תשבי ויניארדס מר,"יקבי הבארון בע""מ",,"מרלו 750 מ""ל",מיליליטרים,750.00,"100 מ""ל",false,,44.90,0.0599,true,1,158880
7290008921190,false,"יין לבן אמרלד ריזלינג ""תשבי""",יקב תשבי,,"אמרלד ריזלינג 750 מ""",מיליליטרים,750.00,"100 מ""ל",false,,44.90,0.0599,true,1,158882
7290008921213,false,"יין מוסקט יבש - ויונייה ""תישבי""",יקבי תישבי,IL,"ויוניה 750 מ""ל",מיליליטרים,750.00,"100 מ""ל",false,,59.90,0.0799,true,1,162847
7290008921299,false,יין פטיט וורדו תישבי,,,פטיט ורדו,יחידה,0.00,יחידה,false,,44.90,0.0000,true,1,190613
7290008921312,false,"קברנה סובניון 750 מ""ל תשבי אסטייט",יקבי הבארון – תשבי,,קברנה סוביניון אסטיי,מיליליטרים,750.00,"100 מ""ל",false,,89.90,0.1199,true,1,248590
7290008921329,false,"יין מרלו ""תישבי אסטייט""",יקבי הבארון – תשבי,,"מרלו אסטייט 750 מ""ל",מיליליטרים,750.00,"100 מ""ל",false,,89.90,0.1199,true,1,162859
7290008921459,false,"יין תישבי שיראז 750 מ""ל",יקב תישבי יקבי הברון,,שיראז אסטייט,יחידה,0.00,יחידה,false,,89.90,0.0000,true,1,162839
7290008921558,false,יין תשבי מלבק אסטייט,תשבי,,"מלבק אסטייט 750 מ""ל",מיליליטרים,750.00,"100 מ""ל",false,,89.90,0.1199,true,1,190615
7290008921602,false,"יין פטיט ורוד ""תישבי אסטייט""",יקב התשבי,IL,פטיט ורדו אסטייט 750,מיליליטרים,750.00,"100 מ""ל",false,,89.90,0.1199,true,1,208394
7290008921633,false,יין תישבי אסטייט פינ,יקבי הבארון,IL,אסטייט פינק סובניון,מיליליטרים,750.00,"100 מ""ל",false,,59.90,0.0799,true,1,194399
7290008921701,false,יין קינוח מהדורה 80,,,יין קינוח מהדורה 80,מיליליטרים,750.00,"100 מ""ל",false,,159.90,0.2132,true,1,223289
7290008921718,false,יין גוורצטרמינר לבן חצי יבש,יקב תשבי,,"גוורצטרמינר 750 מ""ל",מיליליטרים,750.00,"100 מ""ל",false,,59.90,0.0799,true,1,172432
7290008921732,false,יין תשבי אסטייט רוזה,,,"רוזה 750 מ""ל",מיליליטרים,750.00,"100 מ""ל",false,,59.90,0.0799,true,1,256909
7290008940214,false,צידר אנגלי כתום 200 גרם,,,צ'ידר אנגלי כתם 200,גרמים,200.00,100 גרם,false,,21.90,0.1095,true,1,259301
7290008940221,false,צידר אנגלי כתום 200 גרם,,,צ'ידר אנגלי לבן 200,גרמים,200.00,100 גרם,false,,21.90,0.1095,true,1,259302
7290008961110,false,טושיונקה בקר מיוחד 400 גר,פרוטרי,,בשר בקר טבעי 400 גרם,גרמים,400.00,100 גרם,false,,21.90,0.0547,true,1,195122
7290008961127,false,טושיונקה בקר רוסית 400 גרם,גוד פוד ג'.א'.ג'י. ב,,טושונקה רוסי 400 גרם,גרמים,400.00,100 גרם,false,,21.90,0.0547,true,1,195116
7290008961189,false,טושיונקה בקר פיקנטית 400 גרם,גוד פוד ג'.א'.ג'י. ב,,טושונקה פיקנטי 400 ג,גרמים,400.00,100 גרם,false,,21.90,0.0547,true,1,195123
7290008969208,false,שוקחה אננס חתוך 800,,,שוקחה אננס חתוך 800,גרמים,800.00,100 גרם,false,,9.90,0.0124,true,1,186359
7290008969840,false,אננס פרוסות בסירופ ש,,,אננס פרוסות בסירופ ש,גרמים,800.00,100 גרם,false,,9.90,0.0124,true,1,234276
7290008989091,false,פירכיות אורז מארז 100X3ג',"בטר אנד דיפרנט בע""מ",IL,פריכיות אורז 310 גרם,גרמים,310.00,100 גרם,false,,11.90,0.0384,true,1,205326
7290008989169,false,אורז תפוח בשקית 500 גר',בטר אנד דיפרנט,IL,אורז תפוח 500 גרם בש,גרמים,500.00,100 גרם,false,,18.90,0.0378,true,1,205224
7290008989305,false,שבבי סויה 55% חלבון,בטר אנד דיפרנט B&D,IL,שבבי סויה 55% חלבון,גרמים,200.00,100 גרם,false,,8.90,0.0445,true,1,205383
7290008989312,false,גולש סויה 55% חלבון,בטר אנד דיפרנט B&D,IL,גולש סויה 55% חלבון,גרמים,200.00,100 גרם,false,,8.90,0.0445,true,1,205366
7290008989473,false,ממרח חרובים טעם שוקו' 350ג' בי&די,"בטר אנד דיפרנט בע""מ",IL,ממרח חרובים בטעם שוק,גרמים,350.00,100 גרם,false,,13.90,0.0397,true,1,205286
7290008989671,false,ציפ.שניצל פריך ללא גלוטן שקית 200גר,בטר אנד דיפרנט,IL,ציפוי עדיף פריך גס ל,גרמים,250.00,100 גרם,false,,9.90,0.0396,true,1,205333
7290008989749,false,פריכיות קינואה +אורז מלא 200 גרם,בטר אנד דיפרנט,IL,פריכיות קינואה 200 ג,גרמים,200.00,100 גרם,false,,12.90,0.0645,true,1,268486
7290008989848,false,חמאת בוטנים קרנצ'י 350 גר',בטר אנד דיפרנט B&D,IL,ממרח בוטנים קרנצ'י 3,גרמים,350.00,100 גרם,false,,13.90,0.0397,true,1,268376
7290009287981,false,דג אמנון טרי שלם,,,דג אמנון טרי שלם,קילוגרמים,1.00,"ק""ג",true,,27.90,27.9000,true,1,263771
7290009288001,false,דג אמנון טרי שלם,,,דג אמנון טרי שלם,קילוגרמים,1.00,"ק""ג",true,,27.90,27.9000,true,1,263772
7290009288025,false,דג אמנון טרי שלם,,,דג אמנון טרי שלם,קילוגרמים,1.00,"ק""ג",true,,27.90,27.9000,true,1,263773
7290009288070,false,דג בורי טרי שלם,,,דג בורי טרי שלם,קילוגרמים,1.00,"ק""ג",true,,49.90,49.9000,true,1,263782
7290009288087,false,דג בורי טרי שלם,,,דג בורי טרי שלם,קילוגרמים,1.00,"ק""ג",true,,49.90,49.9000,true,1,263783
7290009288094,false,דג בורי טרי שלם,,,דג בורי טרי שלם,קילוגרמים,1.00,"ק""ג",true,,49.90,49.9000,true,1,263774
7290009288100,false,דג בורי טרי שלם,,,דג בורי טרי שלם,קילוגרמים,1.00,"ק""ג",true,,49.90,49.9000,true,1,263775
7290009288117,false,דג קרפיון טרי שלם,,,דג קרפיון טרי שלם,קילוגרמים,1.00,"ק""ג",true,,27.90,27.9000,true,1,263817
7290009288155,false,דג בס טרי שלם,,,דג בס טרי שלם,קילוגרמים,1.00,"ק""ג",true,,49.90,49.9000,true,1,263784
7290009288162,false,דג בס טרי שלם,,,דג בס טרי שלם,קילוגרמים,1.00,"ק""ג",true,,49.90,49.9000,true,1,263785
7290010002016,false,תבלין כוסברה טחון 100 גרם,א.ל ייצור ושיווק תבל,IL,מימון כוסברה טחונה,גרמים,100.00,100 גרם,false,,8.90,0.0890,true,1,104740
7290010002023,false,תבלין כורכום תבליני מימון 100 גרם,א.ל ייצור ושיווק תבל,IL,מימון כורכום הודי טח,גרמים,100.00,100 גרם,false,,10.90,0.1090,true,1,104741
7290010002030,false,תבלין כמון טחון תבליני מימון 100 גרם,א.ל ייצור ושיווק תבל,IL,מימון כמון במיכל 100,יחידה,0.00,יחידה,false,,10.90,0.0000,true,1,104742
7290010002047,false,תבלין מלח לימון תבליני מימון 200 גרם,א.ל ייצור ושיווק תבל,IL,מימון מלח לימון במיכ,גרמים,200.00,100 גרם,false,,9.90,0.0495,true,1,104743
7290010002078,false,תבלין פלפל שחור טחון 100 גרם,א.ל ייצור ושיווק תבל,IL,מימון פלפל שחור טחון,יחידה,0.00,יחידה,false,,13.90,0.0000,true,1,104746
7290010002092,false,תבלין פלפל שחור גרוס דק תבליני מימון 90,א.ל ייצור ושיווק תבל,IL,מימון פלפל שחור גרוס,יחידה,0.00,יחידה,false,,13.90,0.0000,true,1,104748
7290010002108,false,תבלין פלפל שחור גרוס גס תבליני מימון 90,א.ל ייצור ושיווק תבל,IL,מימון פלפל שחור גרוס,יחידה,0.00,יחידה,false,,13.90,0.0000,true,1,104749
7290010002122,false,תבלין פפריקה מתוקה הונגרית מימון 100 גרם,א.ל ייצור ושיווק תבל,IL,מימון פפריקה הונגרית,גרמים,100.00,100 גרם,false,,10.90,0.1090,true,1,104751
7290010002139,false,תבלין פפריקה הונגרית חריפה 100 גרם,א.ל ייצור ושיווק תבל,IL,מימון פפריקה הונגרית,גרמים,100.00,100 גרם,false,,10.90,0.1090,true,1,104752
7290010002146,false,תבלין פפריקה מרוקאית מתוקה מימון 100 גרם,א.ל ייצור ושיווק תבל,IL,מימון פפריקה מרוקאית,גרמים,100.00,100 גרם,false,,10.90,0.1090,true,1,104753
7290010002153,false,תבלין פפריקה מרוקאית חריפה מימון 100 גרם,א.ל ייצור ושיווק תבל,IL,מימון פפריקה מרוקאית,גרמים,100.00,100 גרם,false,,10.90,0.1090,true,1,104754
7290010002191,false,תבלין מקלות קינמון תבליני מימון 50 גרם,א.ל ייצור ושיווק תבל,IL,מימון מקלות קינמון 5,יחידה,0.00,יחידה,false,,10.90,0.0000,true,1,104755
7290010002207,false,תבלין קינמון טחון תבליני מימון 100 גרם,א.ל ייצור ושיווק תבל,IL,מימון קינמון טחון במ,יחידה,0.00,יחידה,false,,8.90,0.0000,true,1,104756
7290010002214,false,תבלין צ'ילי גרוס תבליני מימון 80 גרם,א.ל ייצור ושיווק תבל,IL,מימון צילי גרוס 70 ג,יחידה,0.00,יחידה,false,,10.90,0.0000,true,1,104757
7290010002283,false,תבלין על האש תבליני מימון 100 גרם,א.ל ייצור ושיווק תבל,IL,מימון תבלין על האש ב,גרמים,100.00,100 גרם,false,,10.90,0.1090,true,1,104759
7290010002290,false,תבלין לשווארמה טורקית מימון 100 גרם,א.ל ייצור ושיווק תבל,IL,מימון תערובת לשווארמ,גרמים,100.00,100 גרם,false,,10.90,0.1090,true,1,104760
7290010002306,false,תבלין תיבול לקציצות 100 גרם,א.ל ייצור ושיווק תבל,IL,מימון תיבול לקציצות,יחידה,0.00,יחידה,false,,10.90,0.0000,true,1,104761
7290010002313,false,תבלין ראס אל חנות תבליני מימון 100 גרם,א.ל ייצור ושיווק תבל,IL,מימון ראס אל חנות 10,גרמים,100.00,100 גרם,false,,10.90,0.1090,true,1,104762
7290010002320,false,תבלין לגריל עוף תבליני מימון 100 גרם,א.ל ייצור ושיווק תבל,IL,מימון תיבול לגריל עו,יחידה,0.00,יחידה,false,,10.90,0.0000,true,1,104763
7290010002337,false,תבלין לסטייק תבליני מימון 100 גרם,א.ל ייצור ושיווק תבל,IL,מימון תיבול לסטייק 1,יחידה,0.00,יחידה,false,,10.90,0.0000,true,1,104764
7290010002344,false,תבלין לדג תבליני מימון 100 גרם.,א.ל ייצור ושיווק תבל,IL,מימון תיבול לדג 100,יחידה,0.00,יחידה,false,,10.90,0.0000,true,1,104765
7290010002351,false,תבלין מימון זעתר ושומשום 100 גרם,א.ל ייצור ושיווק תבל,IL,מימון זעתר ושומשום,יחידה,0.00,יחידה,false,,10.90,0.0000,true,1,104766
7290010002368,false,תבלין חוויאג' למרק 100 גרם,א.ל ייצור ושיווק תבל,IL,מימון תערובת חווג` ל,יחידה,0.00,יחידה,false,,10.90,0.0000,true,1,104767
7290010002375,false,תערובת קארי במיכל תב,א.ל ייצור ושיווק תבל,IL,מימון קארי 100 גרם,יחידה,0.00,יחידה,false,,10.90,0.0000,true,1,104768
7290010002399,false,תבלין בזיליקום תבליני מימון 40 גרם,א.ל ייצור ושיווק תבל,IL,מימון בזיליקום 40 גר,יחידה,0.00,יחידה,false,,8.90,0.0000,true,1,104770
7290010002405,false,תבלין טימין הררי תבליני מימון 40 גרם,א.ל ייצור ושיווק תבל,IL,מימון טימין הררי במי,יחידה,0.00,יחידה,false,,8.90,0.0000,true,1,104771
7290010002429,false,תבלין עלי דפנה צנצנת מימון 20 גרם,א.ל ייצור ושיווק תבל,IL,מימון עלי דפנה במיכל,יחידה,0.00,יחידה,false,,8.90,0.0000,true,1,104772
7290010002436,false,תבלין פטרוזיליה תבליני מימון 25 גרם,א.ל ייצור ושיווק תבל,IL,מימון פטרוזיליה במיכ,יחידה,0.00,יחידה,false,,8.90,0.0000,true,1,104773
7290010002443,false,תבלין רוזמרין תבליני מימון 40 גרם,א.ל ייצור ושיווק תבל,IL,מימון רוזמרין במיכל,יחידה,0.00,יחידה,false,,8.90,0.0000,true,1,104774
7290010002450,false,תבלין שמיר מיכל 30,א.ל ייצור ושיווק תבל,IL,מימון שמיר 25 גרם,יחידה,0.00,יחידה,false,,8.90,0.0000,true,1,104775
7290010002498,false,תבלין שום גבישי תבליני מימון 120 גרם,א.ל ייצור ושיווק תבל,IL,מימון שום גבישי 120,גרמים,120.00,100 גרם,false,,13.90,0.1158,true,1,104777
7290010002726,false,תבלין לפרגיות תבליני מימון 100 גרם.,א.ל ייצור ושיווק תבל,IL,מימון תיבול לפרגיות,יחידה,0.00,יחידה,false,,10.90,0.0000,true,1,104780
7290010002986,false,פרימיום חריפה אש 100 גר,א.ל ייצור ושיווק תבל,IL,פרימיום חריפה אש 100,יחידה,0.00,יחידה,false,,16.90,0.0000,true,1,239839
7290010003051,false,תבלין פפריקה מתוקה הונגרית 400 גרם,א.ל ייצור ושיווק תבל,IL,מימון פפריקה הונגרית,גרמים,400.00,100 גרם,false,,23.70,0.0592,true,1,104783
7290010003075,false,תבלין פפריקה מרוקאית מתוקה מיכל 400 גרם,א.ל ייצור ושיווק תבל,IL,מימון פפריקה מרוקאית,גרמים,400.00,100 גרם,false,,23.70,0.0592,true,1,104784
7290010003693,false,תבלין בשקית פפריקה מתוקה 80 גר-חדש,א.ל ייצור ושיווק תבל,IL,מימון פפריקה מתוקה ש,יחידה,0.00,יחידה,false,,5.90,0.0000,true,1,104786
7290010003761,false,תבלין בשקית כורכום טחון 80 גרם,א.ל ייצור ושיווק תבל,IL,מימון כורכום טחון שק,יחידה,0.00,יחידה,false,,5.90,0.0000,true,1,104789
7290010003778,false,תבלין בשקית גריל עוף 80 גרם.,א.ל ייצור ושיווק תבל,IL,מימון תיבול לגריל עו,יחידה,0.00,יחידה,false,,5.90,0.0000,true,1,104790
7290010003792,false,תבלין בשקית מלח לימון 100 גרם,א.ל ייצור ושיווק תבל,IL,מימון מלח לימון שקית,גרמים,100.00,100 גרם,false,,5.90,0.0590,true,1,104791
7290010003839,false,תבלין בשקית קינמון טחון 80גר-חדש,א.ל ייצור ושיווק תבל,IL,מימון קינמון טחון שק,יחידה,0.00,יחידה,false,,5.90,0.0000,true,1,104795
7290010004348,false,פפריקה מתוקה תבליני,א.ל ייצור ושיווק תבל,IL,פפריקה מתוקה 250 גרם,גרמים,250.00,100 גרם,false,,20.90,0.0836,true,1,182052
7290010016068,false,לייבוביץ מארז כדורי,,,לייבוביץ מארז כדורי,יחידה,0.00,יחידה,false,,22.90,0.0000,true,1,235815
7290010016204,false,לייבוביץ עוגת גבינה,,,לייבוביץ עוגת גבינה,יחידה,0.00,יחידה,false,,39.90,0.0000,true,1,259939
7290010016358,false,סברינה שוויצריה הקטנ,,,סברינה שוויצריה הקטנ,יחידה,0.00,יחידה,false,,14.90,0.0000,true,1,196253
7290010016471,false,עוגת פס חגיגי-לייבוב,,,עוגת פס חגיגי-לייבוב,יחידה,0.00,יחידה,false,,39.90,0.0000,true,1,211575
7290010018390,false,חומוס עם טחינה 130 ג,,,חומוס עם טחינה 130 ג,גרמים,130.00,100 גרם,false,,5.00,0.0385,true,1,127867
7290010023141,false,הגן הקסום לימונענע ויסוצקי 25 יחידות,תה ויסוצקי,IL,תה לימונענע 25 יח',יחידה,25.00,יחידה,false,,17.90,0.7160,true,1,126574
7290010023622,false,תה קלאסי עם נגיעות נענע ויסוצקי 100 יחידות,תה ויסוצקי,IL,תה קלאסיק עם נגיעות,גרמים,100.00,100 גרם,false,,17.90,0.1790,true,1,126576
7290010050109,false,רוזמרין/עירית,,,עירית,יחידה,0.00,יחידה,false,,4.90,0.0000,true,1,140748
7290010051021,false,בזיליקום 40 גרם,,,בזיליקום 40 גרם,גרמים,40.00,100 גרם,false,,5.90,0.1475,true,1,140749
7290010051045,false,עלי בייבי מיקס ארוז,חקלאי,IL,עלי בייבי,יחידה,0.00,יחידה,false,,8.90,0.0000,true,1,140751
7290010051076,false,לבבות קיסר א.אדמה,אדמה,,לבבות קיסר,יחידה,0.00,יחידה,false,,8.90,0.0000,true,1,140752
7290010051113,false,טימין קורנית ארוז,חקלאי,IL,קורנית 30 גרם,גרמים,30.00,100 גרם,false,,4.90,0.1633,true,1,140753
7290010051120,false,מרווה יח',,,מרווה,יחידה,0.00,יחידה,false,,4.90,0.0000,true,1,140754
7290010051144,false,תרד עלים א.אדמה,אדמה,,תרד עלים א.אדמה,יחידה,0.00,יחידה,false,,8.90,0.0000,true,1,140755
7290010051182,false,נענע א.אדמה,אדמה,,נענע ארוז,יחידה,0.00,יחידה,false,,3.90,0.0000,true,1,240375
7290010051199,false,שורש פטרוזיליה א.אדמה,אדמה,,שורש פטרוזליה,יחידה,0.00,יחידה,false,,4.90,0.0000,true,1,207601
7290010051205,false,סלרי אמריקאי א.אדמה,אדמה,,סלרי עלים,יחידה,0.00,יחידה,false,,4.90,0.0000,true,1,207602
7290010051212,false,ראש סלרי א.אדמה,אדמה,,סלרי ראש,יחידה,0.00,יחידה,false,,4.90,0.0000,true,1,207603
7290010051243,false,תרד ניו-זילנדי - ארו,,,תרד ניו זילנדי ארוז,יחידה,0.00,יחידה,false,,9.90,0.0000,true,1,211526
7290010051250,false,אורגנו יח',,,אורגנו,יחידה,0.00,יחידה,false,,4.90,0.0000,true,1,140758
7290010051267,false,לוף בשקית א.אדמה,אדמה,,לוף ארוז -כרישה,יחידה,0.00,יחידה,false,,5.90,0.0000,true,1,165986
7290010051281,false,עלי רוקולה/רוקט,ביכורי שדה דרום,IL,עלה רוקולה,יחידה,0.00,יחידה,false,,8.90,0.0000,true,1,155409
7290010051298,false,מנגולד עלי סלק א.אדמה,אדמה,,סלק עלים ארוז,יחידה,0.00,יחידה,false,,4.90,0.0000,true,1,140759
7290010051311,false,סלרי חתוך יח',,,סלרי קצוץ,יחידה,0.00,יחידה,false,,4.90,0.0000,true,1,245320
7290010051328,false,באק צ`וי נספק,,,באק צ'יו ארוז,יחידה,0.00,יחידה,false,,9.90,0.0000,true,1,211527
7290010051335,false,בצל ירוק א.אדמה,אדמה,,בצל ירוק ארוז,יחידה,0.00,יחידה,false,,4.90,0.0000,true,1,211528
7290010051373,false,לבבות חסה א.אדמה,,,לבבות חסה,יחידה,0.00,יחידה,false,,9.90,0.0000,true,1,197688
7290010051403,false,שיבה יח',,,שיבה,יחידה,0.00,יחידה,false,,5.90,0.0000,true,1,156407
7290010051434,false,חסה סלנובה ארוז,ביכורי שדה דרום,IL,חסה סלנובה ארוז,יחידה,0.00,יחידה,false,,12.90,0.0000,true,1,227032
7290010051489,false,חמציץ בנספק,,,חמציץ,יחידה,0.00,יחידה,false,,8.90,0.0000,true,1,248372
7290010051687,false,רוזמרין 30 גרם,אדמה,,רוזמרין 30 גרם,גרמים,30.00,100 גרם,false,,5.90,0.1967,true,1,140761
7290010065059,false,פרינוק - ג'וניור פירות מעורבים 190 גרם,פרוטה פודווין איי.אס,CZ,גוניור פירות מעורבים,גרמים,190.00,100 גרם,false,,5.90,0.0311,true,1,106883
7290010065318,false,פרינוק - ג'וניור תפוחי עץ 190 גרם,פרוטה פודווין איי.אס,CZ,מחית פרינוק גוניור ת,גרמים,190.00,100 גרם,false,,5.90,0.0311,true,1,106895
7290010065349,false,פרינוק גרבר גוניור סלט פירות 190 גר',פרוטה פודווין איי.אס,CZ,מחית פרינוק גוניור ס,גרמים,190.00,100 גרם,false,,5.90,0.0311,true,1,106898
7290010066513,false,נתחי טונה בשמן צמחי רביעיה *158ג' פילטונה,תעשיות פילטונה,IL,פיל טונה נתחי טונה ב,יחידה,4.00,יחידה,false,,22.90,5.7250,true,1,143055
7290010066575,false,נתחי טונה במים רביעיה *158ג' פילטונה,תעשיות פילטונה,IL,פיל טונה נתחי טונה ב,גרמים,640.00,100 גרם,false,,22.90,0.0358,true,1,143057
7290010066582,false,נתחי טונה בשמן קנולה רביעיה * 158 ג' פילטונה,תעשיות פילטונה,IL,פילטונה נתחי טונה בש,גרמים,640.00,100 גרם,false,,22.90,0.0358,true,1,143058
7290010066599,false,רביעיית נתחי טונה בשמן זית פילטונה 158X4 גרם,תעשיות פילטונה,IL,פיל טונה נתחי טונה ב,גרמים,640.00,100 גרם,false,,29.90,0.0467,true,1,143059
7290010066940,false,נתחי טונה בהירה במי,,,נתחי טונה בהירה במי,גרמים,960.00,100 גרם,false,,35.90,0.0374,true,1,168652
7290010066957,false,נתחי טונה קטנה בשמן צמחי 960ג' פרינס,,,פרינס טונה דיאמונד/,גרמים,960.00,100 גרם,false,,27.90,0.0291,true,1,237702
7290010116980,false,אבקת שוקולית שקית עלית 850 ג',הנסיך- מפעל לייצור ט,IL,שוקולית 850 גרם,גרמים,850.00,100 גרם,false,,16.90,0.0199,true,1,129811
7290010117864,false,דוריטוס חטיף תירס בטעם חריף אש עלית 70 גרם,שטראוס פריטו ליי (מל,IL,דוריטוס חריף אש 70 ג,יחידה,0.00,יחידה,false,,3.20,0.0000,true,1,130393
7290010117970,false,סבבה בוטנים קלויים מצופים - אריזה אישית,"שטראוס פריטו ליי בע""",IL,סבבה בוטנים אמריקאיי,יחידה,0.00,יחידה,false,,2.90,0.0000,true,1,193979
7290010118328,false,תפוצ'יפס בטעם טבעי עלית מארז 6*40 גרם,שטראוס פריטו ליי (מל,IL,תפוצ'יפס טבעי 6*40 ג,גרמים,240.00,100 גרם,false,,11.90,0.0496,true,1,130397
7290010124190,false,שניצל בקר מלינסה 250 ג' אל מטאדור,בלדי,IL,שניצל בקר מלינסה אל,גרמים,250.00,100 גרם,false,,14.90,0.0596,true,1,196386
7290010124213,false,סינטה בקר דק דק אל מטאדור 250 ג',בלאדי,IL,סינטה בקר דק דק אל מ,גרמים,250.00,100 גרם,false,,19.90,0.0796,true,1,196387
7290010124503,false,שומן כבש מעובד ארוז בלדי 200גר,בלדי,IL,שומן כבש ארוז 200 גר,גרמים,200.00,100 גרם,false,,14.90,0.0745,true,1,189560
7290010153510,false,בורגול יבש מיה 500 גר',"מיה תעשיות מזון בע""מ",IL,מיה בורגול 500 גרם,גרמים,500.00,100 גרם,false,,6.40,0.0128,true,1,133951
7290010153527,false,ג'ריש מיה 500 גרם,"מיה תעשיות מזון בע""מ",IL,מיה גריש 500 גרם,גרמים,500.00,100 גרם,false,,8.00,0.0160,true,1,133952
7290010153770,false,ציפוי לשניצל פיקנטי מיה 500 גרם,מיה תעשיות מזון,IL,ציפוי לשניצל פיקנטי,גרמים,500.00,100 גרם,false,,10.90,0.0218,true,1,133959
7290010153794,false,ציפוי לשניצל עם עשבי תיבול מיה 500 גרם,מיה תעשיות מזון,IL,ציפוי לשניצל עם עשבי,גרמים,500.00,100 גרם,false,,8.90,0.0178,true,1,133961
7290010153817,false,ממרח ריבת חלב 400 גרם מיה,מיה תעשיות מזון בעמ,IL,ריבת חלב 300 גר,גרמים,300.00,100 גרם,false,,11.90,0.0397,true,1,133963
7290010153879,false,ריבת חלב מרוכזת בטעם שמנת מיה 400 גר',מיה תעשיות מזון בעמ,IL,ריבת חלב טעם שמנת 30,גרמים,300.00,100 גרם,false,,11.90,0.0397,true,1,133964
7290010154005,false,סחוג תימני ירוק 250 ביטון,תבליני יוחאי ביטון,IL,סחוג תימני ירוק 250,גרמים,250.00,100 גרם,false,,13.90,0.0556,true,1,168424
7290010154012,false,לימון בלאדי כבוש תבליני ביטון 250 גרם,תבליני יוחאי ביטון,IL,לימון כבוש 250 ביטון,גרמים,250.00,100 גרם,false,,13.90,0.0556,true,1,168425
7290010154029,false,אריסה מתוקה ביטון 250 ג',תבליני יוחאי ביטון,IL,250 אריסה מתוקה ביטו,גרמים,250.00,100 גרם,false,,13.90,0.0556,true,1,168426
7290010154036,false,עמבה תבליני ביטון 250 גרם,תבליני יוחאי ביטון,IL,עמבה ביטון 250 ג,גרמים,250.00,100 גרם,false,,13.90,0.0556,true,1,168427
7290010154241,false,סלט חזרת ריף ביטון 250 ג',תבליני יוחאי ביטון,IL,סלט חזרת 250 גרם,גרמים,250.00,100 גרם,false,,13.90,0.0556,true,1,168428
7290010154265,false,פלפל צ'ומה תבליני ביטון 250 גרם,תבליני יוחאי ביטון,IL,פלפל צומה ביטון 250,גרמים,250.00,100 גרם,false,,13.90,0.0556,true,1,168429
7290010154425,false,סחוג ירוק תבליני ביטון 130 גרם,תבליני יוחאי ביטון,IL,יוחאי ביטון סחוג ירו,גרמים,150.00,100 גרם,false,,8.90,0.0593,true,1,168431
7290010154548,false,ממרח שום טבעי 225 גר' מעדני ביטון,תבליני יוחאי ביטון,IL,ממרח שום טבעי 235 ג,יחידה,0.00,יחידה,false,,13.90,0.0000,true,1,168576
7290010154555,false,ממרח לימון כבוש 250 גר' מעדני ביטון!,תבליני יוחאי ביטון,IL,ממרח לימון כבוש 250,גרמים,250.00,100 גרם,false,,13.90,0.0556,true,1,168577
7290010154678,false,אריסה מרוקאית תבליני ביטון 250 גרם,תבליני יוחאי ביטון,IL,יוחאי ביטון אריסה מר,גרמים,250.00,100 גרם,false,,13.90,0.0556,true,1,182330
7290010154685,false,סלט שום כתוש 250 ג' ביטון יוחאי,תבליני יוחאי ביטון,IL,סלט שום כתוש 250 גרם,גרמים,250.00,100 גרם,false,,13.90,0.0556,true,1,182331
7290010154692,false,סחוג אדום ביטון 250ג',תבליני יוחאי ביטון,IL,סחוג אדום 250 גרם,גרמים,250.00,100 גרם,false,,13.90,0.0556,true,1,232061
7290010161669,false,אדם פרימייר דאודורנט ספריי 200 מל,זוהר קוסמטיקס,IL,דאודורנט אדם ספריי 2,מיליליטרים,200.00,"100 מ""ל",false,,14.90,0.0745,true,1,117177
7290010163069,false,צנובר 100 גרם ששון הקולה,"דין שיווק וקלייה בע""",IL,דין שיווק צנובר גדול,יחידה,0.00,יחידה,false,,23.60,0.0000,true,1,133089
7290010173037,false,"יין הרי גליל רוזה, 750 מ""ל י יקב הרי גליל",יקבי רמת הגולן,,הרי גליל רוזה 2007 7,מיליליטרים,750.00,"100 מ""ל",false,,39.90,0.0532,true,1,114794
7290010173044,false,"יין בר הרי גליל מרלו 750 מ""ל","כד בני דרום בע""מ",IL,הרי גליל מרלו 2007 7,יחידה,750.00,יחידה,false,,34.90,0.0465,true,1,114795
7290010173068,false,יין בר הרי גליל קברנה סוביניון 750 מל,"כד בני דרום בע""מ",IL,הרי גליל קברנה סובינ,מיליליטרים,750.00,"100 מ""ל",false,,34.90,0.0465,true,1,114796
7290010173334,false,יין הרי גליל שיראז 750 מל,יקבי רמת הגולן,,הרי גליל שיראז 2007,מיליליטרים,750.00,"100 מ""ל",false,,34.90,0.0465,true,1,114803
7290010234769,false,"דאודורנט איזבלה ורוד 200 מ""ל פנינה רוזנבלום",פנינה רוזנבלום PR,IL,דאודורנט איזבלה ורוד,יחידה,150.00,יחידה,false,,15.90,0.1060,true,1,134127
7290010237685,false,"הייניקן בירה צואר ארוך 330מ""ל",טמפו משקאות בע''מ,IL,"היינקן 330מ""ל בקבוק",מיליליטרים,330.00,"100 מ""ל",false,,7.90,0.0239,true,1,144469
7290010237784,false,בירה שנדי בתוספת משקה לימון ליים - שישייה,מכבי שנדי,IL,שנדי לימון ליים 330,מיליליטרים,330.00,"100 מ""ל",false,,32.90,0.0997,true,1,144472
7290010237890,false,"בירה הייניקן בקבוק 500 מ""ל חוזר",טמפו משקאות בע''מ,IL,"היינקן חוזר 500 מ""ל",מיליליטרים,500.00,"100 מ""ל",false,,8.90,0.0178,true,1,144479
7290010259007,false,"עוגיות איטלקיות מובחרות ויליפוד 1 ק""ג",דן קייק,PT,וילי פוד עוגיות בישק,גרמים,200.00,100 גרם,false,,5.90,0.0295,true,1,106559
7290010259311,false,חלב קוקוס ויליפוד 400ג',וילי פוד,TH,וילי פוד מי קוקוס בד,גרמים,400.00,100 גרם,false,,7.90,0.0198,true,1,229668
7290010259359,false,וילי פוד נודלס אטר.ביצים להקפצה בדץ 200ג,פוג'יאן לונגהאי אנלי,CN,וילי פוד נודלס אטר.ב,גרמים,200.00,100 גרם,false,,4.90,0.0245,true,1,263885
7290010259366,false,וילי פוד נודלס אטר.ביצים מסולסל בדץ 200ג,פוג'יאן לונגהאי אנלי,CN,וילי פוד נודלס אטר.ב,גרמים,200.00,100 גרם,false,,4.90,0.0245,true,1,263887
7290010259991,false,צנימים מיוחדים בטעם טבעי 250 ג',קריות זול,PT,וילי פוד צנימים בדץ,גרמים,250.00,100 גרם,false,,7.90,0.0316,true,1,106577
7290010300501,false,"סוכר חום דמררה נאמן 1 ק""ג",נאמן,,"סוכר חום בשקית 1 ק""ג",קילוגרמים,1.00,"ק""ג",false,,10.90,10.9000,true,1,116399
7290010300518,false,"קוואקר שבולת שועל, 500 גרם ""נאמן""",ר.ס.,,נאמן קוואקר שקית 500,גרמים,500.00,100 גרם,false,,8.90,0.0178,true,1,116400
7290010300747,false,קיסמים דנטליים 200 יח',THAI FONG,CN,קיסמים דנטליים 200 י,יחידה,200.00,יחידה,false,,8.90,0.0445,true,1,116403
7290010328178,false,חלבה מסולסלת שערות אחוה 250 ג',אחדות ביחר לטחינה חל,IL,חלוה מסולסלת 250 גר,גרמים,250.00,100 גרם,false,,10.90,0.0436,true,1,265862
7290010328239,false,טחינה גולמית מתובלת אחווה 500 ג',אחדות ביחר לטחינה חל,IL,טחינה אחוה מתובלת 50,גרמים,500.00,100 גרם,false,,11.90,0.0238,true,1,265863
7290010328246,false,טחינה גולמית משומשום מלא אחווה 500 גרם,"אחדות ביח""ר לטחינה ח",IL,אחוה טחינה משומשום מ,גרמים,500.00,100 גרם,false,,10.90,0.0218,true,1,139033
7290010328253,false,טחינה גולמית משומשום טבעי אחווה 500 גרם,"אחדות ביח""ר לטחינה ח",IL,טחינה משומשטם טבעי 5,גרמים,500.00,100 גרם,false,,10.90,0.0218,true,1,265864
7290010328468,false,אחווה חטיפי מיני חלווה ב- 3 טעמים 18 יח,שוורצקוף& הנקל דיסלד,IL,אחוה חטיפי מיני חלוה,יחידה,18.00,יחידה,false,,10.90,0.6056,true,1,265866
7290010328505,false,אחווה חטיפי מיני חלווה ללא סוכר 15 יח,אחדות ביחר לטחינה חל,IL,אחוה חטיפי מיני חלוה,גרמים,150.00,100 גרם,false,,10.90,0.0727,true,1,265867
7290010328680,false,עוגה בטעם שוקולד עם שוקוצ'יפס מריר ולבן 450 גרם,אחדות ביחר לטחינה חל,IL,עוגה בטעם שוקלד שוקו,גרמים,450.00,100 גרם,false,,10.90,0.0242,true,1,265868
7290010328710,false,קיצפיות אחווה 180 גר,אחדות ביחר לטחינה חל,IL,קצפיות במגש 180גר,גרמים,180.00,100 גרם,false,,9.90,0.0550,true,1,265789
7290010372331,false,גולדן פותח סתימות 80,,,גולדן פותח סתימות 80,יחידה,0.00,יחידה,false,,14.90,0.0000,true,1,219489
7290010372829,false,אקונימיקה ריחנית גול,,,אקונומיקה ריחנית גול,ליטרים,4.00,ליטר,false,,9.90,2.4750,true,1,203521
7290010372881,false,גולדן מנקה אסלות נוז,,,גולדן מנקה אסלות נוז,יחידה,0.00,יחידה,false,,6.90,0.0000,true,1,219490
7290010382811,false,"לחות קלילה לשיער מתולתל נטורל פורמולה, 400 מ""ל",נטורל,,קרם לחות קלילה תלתלי,מיליליטרים,400.00,"100 מ""ל",false,,22.90,0.0572,true,1,175815
7290010382842,false,"קרם נטורל פורמולה קרם לחות קלילה לשיער רגיל, 400 מ""ל קלילה רגיל",אמיליה קוסמטיקס,IL,קרם לחות קלילה רגיל,מיליליטרים,400.00,"100 מ""ל",false,,22.90,0.0572,true,1,175816
7290010471669,false,יוגורט תות עם קורנפלקס מצופה שוקולד ללא גלוטן 3.9%,"שטראוס בריאות בע""מ",IL,דנונה בר תות קורנפלק,מיליליטרים,175.00,"100 מ""ל",false,,4.50,0.0257,true,1,141092
7290010472307,false,מארז 8 יחידות משקה גמדים בטעם תות בננה,מיוצר עי קונדיטוריית,IL,גמדים לשתיה תות בננה,יחידה,800.00,יחידה,false,,20.00,0.0250,true,1,141096
7290010472390,false,מארז 8 יחידות מעדן דני בטעם שוקולד 1.5%,מיוצר עי קונדיטוריית,IL,מארז דני שוקו 8* 12,ליטרים,1.00,ליטר,false,,15.90,15.9000,true,1,141098
7290010513727,false,פנקו פרורי לחם 200 גרם (קינגדאו),קינגדאו גוניון פודס,CN,מזרח ומערב יבוא קינג,גרמים,200.00,100 גרם,false,,7.90,0.0395,true,1,130800
7290010535699,false,חוט דנטאלי 50 מטר רפ,מיה טריידינג,CN,חוט דנטאלי רפואי 50,יחידה,0.00,יחידה,false,,9.90,0.0000,true,1,184851
7290010546152,false,גרנולה קלויה בתוספת אגוזים ותמרים 400 ג',יוליניבר,IL,גרנולה מנדל תמרים 40,גרמים,400.00,100 גרם,false,,19.90,0.0497,true,1,171065
7290010546169,false,"גרנולה בטעם ""דינמי"" בתוספת שקדים וצימוק",יוליניבר,IL,גרנולה מנדל שקדים 40,גרמים,400.00,100 גרם,false,,19.90,0.0497,true,1,171066
7290010546336,false,מנדל גרנולה בסילאן ללא תוספת סוכר 400 גר,מנדל,,גרנולה מנדל סילאן 40,גרמים,400.00,100 גרם,false,,19.90,0.0497,true,1,171067
7290010546565,false,גרנולה שוקולד מנדל 400 גר,מנדל,,גרנולה מנדל שוקולד 4,גרמים,400.00,100 גרם,false,,19.90,0.0497,true,1,181013
7290010562442,false,פיצוחי אלמנאר מעורב,,,פיצוחי אלמנאר מעורב,גרמים,350.00,100 גרם,false,,13.90,0.0397,true,1,105665
7290010570737,false,"קרם רגליים מועשר בשמן זית 150מ""ל",,,קרם רגליים מועשר בשמ,מיליליטרים,150.00,"100 מ""ל",false,,16.90,0.1127,true,1,248968
7290010632114,false,מוצץ סיל' אורט'-זוג בינוני ללא ביספנול A טוליפס,טוליפס Tulips,TH,מוצץ סילקון זוג בינו,יחידה,2.00,יחידה,false,,16.90,8.4500,true,1,213816
7290010632121,false,כוס אימון עם ידיות רכות,טוליפס Tulips,CN,כוס אימון עם ידיות ר,יחידה,0.00,יחידה,false,,16.90,0.0000,true,1,213821
7290010632404,false,נובי5305-מיכל לאבקת חלב,מולינו ניקולי s.p.a,CN,נובי מיכל לאבקת חלב,יחידה,0.00,יחידה,false,,17.90,0.0000,true,1,213840
7290010632459,false,מחזיק למוצץ נובי,,,נובי תופסן מוצץ,יחידה,0.00,יחידה,false,,17.90,0.0000,true,1,105330
7290010632787,false,צימרוני אוזניים עץ 300יח',הדקלאים אגודת שיתופי,CN,צימרוני אוזניים עץ 3,יחידה,0.00,יחידה,false,,3.90,0.0000,true,1,213746
7290010672844,false,חלה רגילה קלועה אפויה-קפואה,פילסברי,,חלה רגילה קלועה א.ק,יחידה,0.00,יחידה,false,,12.00,0.0000,true,1,107153
7290010672851,false,מאפין חמישיות שוקו-שוקו,פילסברי,,מאפין חמישיות שוקו-ש,יחידה,5.00,יחידה,false,,12.90,2.5800,true,1,256357
7290010672868,false,מאפין חמישיות שוקו וניל,פילסברי,,מאפין חמישיות וניל ש,יחידה,5.00,יחידה,false,,12.90,2.5800,true,1,256358
7290010679010,false,קוקטייל פירות ים 500,,,קוקטייל פירות ים 500,גרמים,500.00,100 גרם,false,,24.90,0.0498,true,1,132910
7290010679027,false,טבעות קאלמרי 500 גר,,,טבעות קלמרי 500 גר,גרמים,500.00,100 גרם,false,,33.90,0.0678,true,1,132911
7290010679034,false,בייבי שרימפס 500 גר,,,בייבי שרימפס 500 גר,גרמים,500.00,100 גרם,false,,29.90,0.0598,true,1,132912
7290010679140,false,מדג שרימפס טמפורה 25,,,מדג שרימפס טמפורה 25,גרמים,250.00,100 גרם,false,,24.90,0.0996,true,1,172704
7290010679393,false,שרימפס טמפורה עם רוט,,,מדג שרימפס טמפורה עם,גרמים,454.00,100 גרם,false,,45.90,0.1011,true,1,256873
7290010679409,false,מדג ראש קלאמרי 500 ג,,,מדג ראש קלאמרי 500 ג,גרמים,500.00,100 גרם,false,,22.90,0.0458,true,1,132914
7290010679416,false,שרימפס מקולף 41-50 5,,,שרימפס 41-50 מקולף 5,גרמים,500.00,100 גרם,false,,39.90,0.0798,true,1,132915
7290010679423,false,שרימפס מצופה תפוחי א,,,שרימפס מצופה תפוחי א,גרמים,300.00,100 גרם,false,,24.90,0.0830,true,1,132916
7290010679447,false,שרימפס דים סאם 240 ג,,,שרימפס דים סאם 240 ג,גרמים,240.00,100 גרם,false,,22.90,0.0954,true,1,268184
7290010679546,false,דג קט פיש מצופה פירו,אקוואטיק,,קט פיש מצופה פירורי,גרמים,400.00,100 גרם,false,,18.90,0.0472,true,1,173078
7290010679553,false,שרימפס מבושלים מקולפ,,,שרימפס מקולף ומבושל,גרמים,500.00,100 גרם,false,,36.90,0.0738,true,1,132918
7290010679621,false,שרימפס מבושל מקולף 4,,,שרימפס 41-50 מקולף מ,קילוגרמים,1.00,"ק""ג",false,,76.90,76.9000,true,1,132921
7290010679737,false,שרימפס מקולף1קג26-30,,,מדג שרימפס וייט 26-3,יחידה,0.00,יחידה,false,,92.90,0.0000,true,1,132923
7290010679782,false,פופקורן שרימפס 500 ג,פיש וון,,פופקורן שרימפס 500 ג,גרמים,500.00,100 גרם,false,,45.90,0.0918,true,1,132925
7290010679829,false,שרימפס 16-20 מקולף 1,,,שרימפס 16-20 מקולף,קילוגרמים,1.00,"ק""ג",false,,115.90,115.9000,true,1,132927
7290010711024,false,מגב חלון דגם איטלקי,,IT,מגב חלון איטלקי,יחידה,0.00,יחידה,false,,5.90,0.0000,true,1,153147
7290010711086,false,סופר מגבת גדול,,,סופר מגבת גדול,יחידה,0.00,יחידה,false,,15.90,0.0000,true,1,164562
7290010711123,false,"ננס רביעיה ""שייני"" ח",מ.א ייצור ושיווק מטל,CN,4 כריות מתכת SHINY,יחידה,0.00,יחידה,false,,5.90,0.0000,true,1,161878
7290010718023,false,"קרם גוף איזבלה ורוד 300 מ""ל פנינה רוזנבלום",פנינה רוזנבלום,IL,קרם גוף איזבלה ורוד,יחידה,330.00,יחידה,false,,20.00,0.0606,true,1,134130
7290010718627,false,אל סבון נוזלי ירוק 1 ליטר פנינה רוזנבלום,פנינה רוזנבלום,IL,פנינה - אל סבון נוזל,מיליליטרים,1000.00,"100 מ""ל",false,,10.90,0.0109,true,1,134134
7290010718634,false,"פנינה רוזנבלום -אל סבון נוזלי לבן,1 ליטר",פנינה רוזנבלום,IL,פנינה - אל סבון נוזל,מיליליטרים,1000.00,"100 מ""ל",false,,10.90,0.0109,true,1,134135
7290010748853,false,"ד""ר פישר - אפקטיב קר קרם ידיים סנסיטיב 150 מ""ל","ד""ר פישר Dr fischer",IL,אפקטיב קר ק.ידים עדי,מיליליטרים,150.00,"100 מ""ל",false,,15.90,0.1060,true,1,138103
7290010748860,false,"ד""ר פישר - אפקטיב קר קרם ידיים אינטנסיב 150 מ""ל",פישר מעבדות פרמצבטיו,IL,אפקטיב קר ק.ידיים יב,מיליליטרים,150.00,"100 מ""ל",false,,15.90,0.1060,true,1,138104
7290010748877,false,קרם גוף אפקטיב קר לעור עדין סנסטי 700 מל,פישר מעבדות פרמצבטיו,IL,אפקטיב קר ק.גוף עדין,מיליליטרים,700.00,"100 מ""ל",false,,29.90,0.0427,true,1,138105
7290010748891,false,קרם גוף מולטי ויטמין Multi vitamin לעור רגיל- יבש,פישר מעבדות פרמצבטיו,IL,אפקטיב קר ק.גוף רגיל,מיליליטרים,700.00,"100 מ""ל",false,,29.90,0.0427,true,1,138107
7290010757909,false,אריאל ללא גלוטן- בורקס גבינה 500 גר,מאפיית ישראל חיפה,IL,אריאל ללא גלוטן-בורק,גרמים,500.00,100 גרם,false,,21.90,0.0438,true,1,248970
7290010757923,false,אריאל ללא גלוטן- ריבועי בצק עלים 450 גר,מאפיית ישראל חיפה,IL,אריאל ללא גלוטן-ריבו,גרמים,450.00,100 גרם,false,,19.90,0.0442,true,1,248976
7290010757947,false,אריאל ללא גלוטן- בורקס פטריות 500 גר,מאפיית ישראל חיפה,IL,אריאל ללא גלוטן-בורק,גרמים,500.00,100 גרם,false,,21.90,0.0438,true,1,248973
7290010766697,false,רוטב שקשוקה אוליביה 415 גרם,קריות זול,IL,אוליביה רוטב שקשוקה,גרמים,415.00,100 גרם,false,,12.90,0.0311,true,1,106918
7290010766949,false,ממרח תחתיות ארטישוק 180ג' אוליביה,אוליביה,IL,אוליביה ממרח ארטישוק,גרמים,180.00,100 גרם,false,,13.90,0.0772,true,1,106922
7290010766956,false,ממרח פלפלים מתוקים אדומים אוליביה 180 גרם,אוליביה,IL,אוליביה ממרח פלפלים,גרמים,180.00,100 גרם,false,,13.90,0.0772,true,1,106923
7290010791538,false,לה-קט דליקטס עוף גורמה 85 גר',מנדלז סי.אר. פרודקשן,TH,לה קט מעדן עוף גורמה,יחידה,0.00,יחידה,false,,5.00,0.0000,true,1,141645
7290010791545,false,לה-קט דליקטס פטה כבד עוף 85 ג',"הייקיו, תאילנד",TH,לה קט פטה כבד עוף 85,יחידה,0.00,יחידה,false,,5.00,0.0000,true,1,141646
7290010791552,false,לה-קט דליקטס טונה ברוטב 85 גר',"הייקיו, תאילנד",TH,לה קט נתחי טונה ברוט,יחידה,0.00,יחידה,false,,5.00,0.0000,true,1,141647
7290010791576,false,לה-קט דליקטס דגי אוקינוס 85 גר',"הייקיו, תאילנד",TH,לה קט מעדן דגי אוקיי,יחידה,0.00,יחידה,false,,5.00,0.0000,true,1,141648
7290010791583,false,לה-קט דליקטס דגי אוקינוס וטונה 85 גר',מנדלז סי.אר. פרודקשן,TH,לה קט מעדן דגי אוקיי,יחידה,0.00,יחידה,false,,5.00,0.0000,true,1,141649
7290010791644,false,בונזו ג'וי מקלוני עןוף 90ג,בונזו,,בונזו ג'וי מקלוני עו,יחידה,0.00,יחידה,false,,16.90,0.0000,true,1,141651
7290010814244,false,שלשות שוקולד מריר 85 גרם*3 בלמינט *18 בקרטון,כרמית תעשיות ממתקים,IL,כרמית שוקולד מריר של,יחידה,0.00,יחידה,false,,13.00,0.0000,true,1,124914
7290010814251,false,שלשות שוקולד חלב 85 גר*3 בלמינט*18 בקרט בדצ,כרמית תעשיות ממתקים,IL,כרמית שוק.חלב 3*100ג,גרמים,255.00,100 גרם,false,,13.00,0.0510,true,1,124915
7290010838219,false,ממתיק על בסיס צמח הסטיביה - שקיות,תות ממתקי איכות,IL,מרמולייט סטיביה 100,יחידה,0.00,יחידה,false,,34.90,0.0000,true,1,140086
7290010838424,false,דאק נוזל לניקוי אסלות זוג בניחוח רענן 2*750 מל,"איטיליאן פוד, אס.פי.",NL,טואלט דאק בניחוח רענ,ליטרים,1.50,ליטר,false,,18.90,12.6000,true,1,140087
7290010838431,false,דאק נוזל לניקוי אסלות זוג בניחוח ים 2*750 מל,מיוצר עי קונדיטוריית,NL,טואלט דאק 750 זוג כח,ליטרים,1.50,ליטר,false,,18.90,12.6000,true,1,140088
7290010839865,false,רוטב רכז רימונים ויליפוד 320 ג',ניו ג'רסי סטאר סנקס,TR,וילי פוד רוטב רימוני,מיליליטרים,320.00,"100 מ""ל",false,,10.20,0.0319,true,1,106583
7290010849550,false,למברוסקו דונאטו רוזא,,,למברוסקו דונאטו רוזא,יחידה,750.00,יחידה,false,,29.90,0.0399,true,1,128227
7290010883042,false,סנובון עם אפקט הקצף הפעיל בריח רענן,סנו סנובון,IL,סנובון נוזלי בניחוח,מיליליטרים,750.00,"100 מ""ל",false,,10.90,0.0145,true,1,249823
7290010883356,false,כפפות אלוורה רב שימושיות גדולות L סנו סושי,סנו סושי,CN,סנו סושי זוג כפפות א,יחידה,2.00,יחידה,false,,12.90,6.4500,true,1,108942
7290010883363,false,כפפות אלוורה רב שימושיות קטנות S סנו סושי,האי נאם סי או אל.טי.,CN,סנו סושי זוג כפפות א,יחידה,2.00,יחידה,false,,12.90,6.4500,true,1,231820
7290010883370,false,כפפות אלוורה רב שימושיות בינוניות M סנו סושי,האי נאם סי או אל.טי.,CN,סנו סושי זוג כפפות א,יחידה,2.00,יחידה,false,,12.90,6.4500,true,1,231821
7290010903801,false,אצבעות שניצל בציפוי,,,אצבעות שניצל בציפוי,יחידה,0.00,יחידה,false,,32.90,0.0000,true,1,256103
7290010922918,false,סטייק מינוט 250 גר ארוז אשפר,,,מינוט סטייק 250 גרם,גרמים,250.00,100 גרם,false,,36.90,0.1476,true,1,243962
7290010945146,false,קוטג' 3% מועשר בסידן טרה 250 ג' מהדרין,קריות זול,IL,טרה קוטג מועשר 3% 25,גרמים,250.00,100 גרם,false,,6.20,0.0248,true,1,109612
7290010945306,false,"חלב קרטון 3% 2 ליטר בד""צ",קריות זול,IL,טרה חלב בקרטון 2 ליט,ליטרים,2.00,ליטר,false,,12.46,6.2300,true,1,224102
7290010945450,false,גבינה לבנה 3% 250 גר מועשר בסידן וויטמין,קריות זול,IL,טרה גבינה לבנה מהדרי,גרמים,250.00,100 גרם,false,,4.98,0.0199,true,1,109614
7290010945481,false,גבינה לבנה טרה 5% מרכיבים טבעיים,קריות זול,IL,טרה גבינה לבנה 5% 50,גרמים,500.00,100 גרם,false,,9.96,0.0199,true,1,109615
7290010955619,false,"יין רימונים 750 מ""ל lightly",יקב רימון,IL,יין רימון lightly de,מיליליטרים,750.00,"100 מ""ל",false,,59.90,0.0799,true,1,127871
7290010962044,false,פול מצרי 560 ג' עדן,,,פול מוצרי A2,יחידה,0.00,יחידה,false,,5.90,0.0000,true,1,153538
7290010962051,false,חומוס גרגירים 560 ג' עדן,,,חומוס גרגירים 560 גר,גרמים,560.00,100 גרם,false,,5.90,0.0105,true,1,240949
7290010962075,false,אפונה וגזר 550 ג' עדן,,,אפונה וגזר 550 גרם ע,גרמים,550.00,100 גרם,false,,5.90,0.0107,true,1,153541
7290010962082,false,גרעיני תירס מתוקה 560 ג' עדן,,,גרעיני תירס מתוק 550,גרמים,550.00,100 גרם,false,,6.90,0.0125,true,1,174579
7290010962105,false,עדן גרעיני תירס מתוק,,,עדן גרעיני תירס מתוק,גרמים,340.00,100 גרם,false,,5.90,0.0174,true,1,154228
7290010962112,false,חריסה 550גר עדן,,,רסק פלפל A2,יחידה,0.00,יחידה,false,,5.90,0.0000,true,1,176130
7290010962150,false,רסק עגבניות 580 גרם,,,רסק עגבניות 580 גרם,יחידה,0.00,יחידה,false,,6.90,0.0000,true,1,176131
7290010962198,false,שעועית אפוייה 570 גר,,,שעועית אפוייה 570 גר,גרמים,570.00,100 גרם,false,,5.90,0.0104,true,1,153565
7290010962303,false,אפונה גינה 600 ג' עדן,,,אפונה גינה A2 עדן,יחידה,0.00,יחידה,false,,5.90,0.0000,true,1,154242
7290011015862,false,"פריגת סירופ דיאט לימונענע 750 מ""ל",סירופ - גבעת חיים,IL,פריגת סירופ דיאט לימ,מיליליטרים,750.00,"100 מ""ל",false,,22.90,0.0305,true,1,138838
7290011015985,false,"סירופ בטעם דיאט אננס 750 מ""ל פריגת",סירופ - גבעת חיים,IL,פריגת סירופ דיאט אננ,מיליליטרים,750.00,"100 מ""ל",false,,22.90,0.0305,true,1,236880
7290011017866,false,קוקה קולה קלאסי בפחית,החברה המרכזית לייצור,IL,משקה קוקה קולה סליק,מיליליטרים,330.00,"100 מ""ל",false,,6.00,0.0182,true,1,138853
7290011017873,false,"קוקה קולה זירו פחית 330 מ""ל",החברה המרכזית לייצור,IL,משקה קוקה קולה זירו,מיליליטרים,330.00,"100 מ""ל",false,,6.00,0.0182,true,1,138854
7290011017880,false,דיאט קוקה קולה פחית סליק 330מל,החברה המרכזית לייצור,IL,משקה דיאט קוקה קולה,מיליליטרים,330.00,"100 מ""ל",false,,6.00,0.0182,true,1,138855
7290011018368,false,ויינשטפן בירת חיטה לא מסוננת,"ויינשטפן, ת.ד 1155 פ",DE,בירה ויינשטפיין שישי,יחידה,0.00,יחידה,false,,75.00,0.0000,true,1,138870
7290011018443,false,"פנטה אורנג פחית סליק 330 מ""ל",החברה המרכזית לייצור,IL,משקה פאנטה אורנג סלי,מיליליטרים,330.00,"100 מ""ל",false,,6.00,0.0182,true,1,138871
7290011018474,false,"סומרסבי סיידר תפוחים אלכוהולי, 330 מ""ל","קרלסברג קרואטיה , יב",HR,"סומרסבי סיידר 330 מ""",מיליליטרים,330.00,"100 מ""ל",false,,8.90,0.0270,true,1,155483
7290011026066,false,"ד""ר פישר - סרקל שמפו + מרכך לילדים 1 ליטר","ד""ר פישר Dr fischer",IL,סרקל שמפו + מרכך ליל,ליטרים,1.00,ליטר,false,,29.90,29.9000,true,1,138108
7290011051358,false,"שוופס סודה לימון זכוכית 250 מ""ל",יפאורה תבורי בעמ,IL,שוופס סודה לימון 250,מיליליטרים,250.00,"100 מ""ל",false,,5.00,0.0200,true,1,114609
7290011064020,false,בולגרית למריחה בטעמים 200 גר,גבינות אמיר ניצן בעמ,IL,בולגרית בעיר 200גרם,גרמים,200.00,100 גרם,false,,14.90,0.0745,true,1,156142
7290011064075,false,מעדן לבנה מסבחה -אבו גוש 200 גרם,גבינות אמיר ניצן בעמ,IL,לבנה אבו גוש 200 גרם,גרמים,200.00,100 גרם,false,,14.90,0.0745,true,1,173487
7290011064099,false,טאפס פלפלוני שרי ממולאים במעדן גבינה,גבינות אמיר ניצן בעמ,IL,טאפס שכונתי 125גרם,גרמים,125.00,100 גרם,false,,19.90,0.1592,true,1,156143
7290011065423,false,תבלין מלח ים מטחנה 90 גר,א.ל ייצור ושיווק תבל,,מלח ים מטחנה 130 גרם,גרמים,130.00,100 גרם,false,,17.90,0.1377,true,1,171723
7290011065430,false,תבלין צ'ילי מטחנה 30 גר,א.ל ייצור ושיווק תבל,,צ'ילי מטחנה 50 גרם,יחידה,0.00,יחידה,false,,17.90,0.0000,true,1,171724
7290011112523,false,"דאודורנט לנשים 150 מ""ל YOU PRETTY",קרליין Careline,,PRETTY YOU דאודורנט,מיליליטרים,175.00,"100 מ""ל",false,,22.90,0.1309,true,1,108950
7290011113926,false,דאודורנט ספריי טיטניום בלאק Titanium Black,משווק: וסמופארם בעממ,IL,טיטניום דאודורנט תרס,מיליליטרים,200.00,"100 מ""ל",false,,22.90,0.1145,true,1,108957
7290011115159,false,סבון מוצק מועשר בקרם לחות ניחוח פרחים נקה 7 4*100 גרם,גליל כימיכלים,IL,נקה 7-סבון מוצק לחות,יחידה,4.00,יחידה,false,,12.90,3.2250,true,1,108961
7290011115166,false,נקה 7 ארומה סבון נוזלי לבנדר 1 ל',טרופיקל דגיל תעשיות,IL,תחליב רחצה לבנדר נקה,מיליליטרים,1000.00,"100 מ""ל",false,,13.90,0.0139,true,1,224174
7290011115173,false,נקה 7 ארומה סבון נוזלי וניל 1 ל',טרופיקל דגיל תעשיות,IL,תחליב רחצה וניל שקד,מיליליטרים,1000.00,"100 מ""ל",false,,13.90,0.0139,true,1,108963
7290011115203,false,אל סבון מוצק מבושם בניחוח עדין קלאסיק - מארז רביעיה,טרופיקל דגיל תעשיות,IL,נקה 7-סבון מוצק ורוד,יחידה,4.00,יחידה,false,,12.90,3.2250,true,1,108964
7290011115241,false,אל סבון ארומטי מוצק ורוד ורד ויסמין - מארז רביעיה,"גליל כימיכלים בע""מ",IL,נקה 7-סבון מוצק ארומ,יחידה,4.00,יחידה,false,,12.90,3.2250,true,1,249844
7290011115265,false,מארז סבון מוצק ארומה אל סבון מועשר בשמנים ארומטיים,"גליל כימיכלים בע""מ",IL,נקה 7-סבון מוצק ארומ,יחידה,4.00,יחידה,false,,12.90,3.2250,true,1,108967
7290011115272,false,אל סבון מוצק מועשר בקרם לחות צמחים - מארז רביעיה,קוסמופארם בע''מ,IL,נקה 7-סבון מוצק לחות,יחידה,4.00,יחידה,false,,12.90,3.2250,true,1,108968
7290011115289,false,אל סבון מוצק מבושם בניחוח עדין קלאסיק - מארז רביעיה,"גליל כימיכלים בע""מ",IL,נקה 7- סבון מוצק ליל,יחידה,4.00,יחידה,false,,12.90,3.2250,true,1,108969
7290011115296,false,אל סבון מוצק מועשר בקרם לחות לבנדר - מארז רביעיה,נקה 7,,נקה 7-סבון מוצק לחות,יחידה,4.00,יחידה,false,,12.90,3.2250,true,1,108970
7290011126209,false,הגן הקסום תה טעם תפוח וקינמון סיידר ויסוצקי 25 יח',תה ויסוצקי,IL,תה הגן הקסום תפוח וק,יחידה,0.00,יחידה,false,,17.90,0.0000,true,1,126585
7290011126216,false,תה רויבוש קלאסי ויסוצקי 25 יחידות,תה ויסוצקי,IL,תה אדום רויבוש קלאסי,יחידה,0.00,יחידה,false,,24.80,0.0000,true,1,126586
7290011126452,false,הגן הקסום תה בטעם קמומיל ונענע ויסוצקי 25 יחידות,תה ויסוצקי,IL,תה קמומיל ונענע 25 ש,יחידה,25.00,יחידה,false,,17.90,0.7160,true,1,126593
7290011126469,false,הגן הקסום תה בטעם קמומיל ודבש ויסוצקי 25 יחידות,תה ויסוצקי,IL,תה קמומיל ודבש 1.5 ג,יחידה,25.00,יחידה,false,,17.90,0.7160,true,1,126594
7290011131050,false,גרנולה בתוספת פקאן 1 קילו גרין,ויטליאה ניקולה דו,MK,גרין גרנולה פקאן 1קג,קילוגרמים,1.00,"ק""ג",false,,25.40,25.4000,true,1,115932
7290011131371,false,"מוזלי שקדים ואגוזים 1 ק""ג גרין",ויטליאה ניקולה דו,MK,ירוק מיזלי קראנצ' שק,גרמים,1000.00,100 גרם,false,,25.40,0.0254,true,1,115938
7290011131388,false,מיזלי 1 קג קרנצ תפוח&קינמ,ויטליאה ניקולה דו,MK,מיזלי קראנצ' תפוחים,קילוגרמים,1.00,"ק""ג",false,,25.40,25.4000,true,1,115939
7290011131395,false,"מוזלי בתוספת 30% פירות 1 ק""ג גרין",ויטליאה ניקולה דו,MK,ירוק מיזלי קראנצ' 30,קילוגרמים,1.00,"ק""ג",false,,25.40,25.4000,true,1,115940
7290011131425,false,כפיות כפיות ביסקוויט,,,כפיות כפיות ביסקוויט,גרמים,250.00,100 גרם,false,,5.90,0.0236,true,1,269102
7290011131616,false,"מיזלי מ.שומן אלמונד 1 ק""ג",וויטליה,MK,גרין מיזלי מופחת שומ,קילוגרמים,1.00,"ק""ג",false,,27.90,27.9000,true,1,115945
7290011131654,false,מוזלי קראנצ'י ביג מיקס עם פירות ואגוזים,ויטליה ניקולא דו,MK,גרין מיזלי ביג מיקס,גרמים,1000.00,100 גרם,false,,27.90,0.0279,true,1,115946
7290011132507,false,סן בנדטו- מים מנרליים - מוגז עדין 500 מל,פארייפאבה אגרואינדוס,IT,סאן בנדטו מוגז עדין,מיליליטרים,500.00,"100 מ""ל",false,,3.90,0.0078,true,1,144484
7290011133368,false,בירה שנדי בתוספת משקה תפוח - שישייה,מכבי שנדי,IL,"שנדי תפוח 330 מ""ל בק",יחידה,0.00,יחידה,false,,32.90,0.0000,true,1,144490
7290011133375,false,"בירה שנדי, בירה בטעם אפרסק, מארז שישייה, בקבוק 330 מ''ל","טמפו משקאות בע""מ",IL,"שנדי אפרסק 330 מ""ל ב",יחידה,0.00,יחידה,false,,32.90,0.0000,true,1,144491
7290011148591,false,שיני שום שלוף 500 גר,עטרה,IL,שיני שום שלוף 500 גר,יחידה,0.00,יחידה,false,,18.90,0.0000,true,1,262933
7290011154035,false,"תרכיז תפוחים סחוט טעמי הגליל 500 מ""ל",טעמי הגליל,IL,תרכיז תפוחים סחוט,יחידה,0.00,יחידה,false,,24.90,0.0000,true,1,208983
7290011154080,false,"תרכיז תפוחים צלול טעמי הגליל 500 מ""ל",טעמי הגליל,IL,תרכיז תפוחים צלול,יחידה,0.00,יחידה,false,,24.90,0.0000,true,1,208984
7290011174040,false,גזר ננסי 800 גרם פרי הגליל,פרי הגליל בעמ,IL,גזר ננסי 800 גרם,גרמים,800.00,100 גרם,false,,10.90,0.0136,true,1,133680
7290011174866,false,צ'יפס בטטה 700 גרם פרי הגליל,פרי הגליל,IL,צ'יפס בטטה 700 גרם,גרמים,700.00,100 גרם,false,,14.90,0.0213,true,1,170191
7290011174897,false,אפונה עדינה פרי גליל 600 גר',"פרי הגליל בע""""מ",IL,אפונה עדינה 600גר,גרמים,600.00,100 גרם,false,,14.90,0.0248,true,1,133692
7290011194215,false,מעדן גבינה ויוגורט בטעם בננה 5% שומן 88 ג' דניאלה,"שטראוס בריאות בע""מ",IL,"דניאלה בננה 150 מ""ל",מיליליטרים,150.00,"100 מ""ל",false,,4.10,0.0273,true,1,141104
7290011194246,false,קוטג' 5% עם סידן 250 ג' שטראוס,מיוצר עי קונדיטוריית,IL,קוטג שטראוס 5% עם סי,גרמים,250.00,100 גרם,false,,5.80,0.0232,true,1,141105
7290011214739,false,לחמניה המבורגר חצויי,,,לחמניה המבורגר חצויי,יחידה,1.00,יחידה,false,,4.50,4.5000,true,1,107157
7290011215347,false,גבטה 180 קפואה,,,גבטה 180 קפואה,יחידה,0.00,יחידה,false,,5.00,0.0000,true,1,154081
7290011223038,false,בונומי עלים לקרמשניט שכבות אפויות מבצק עלים 300 גרם,בונומי ס.פ.א,IT,בונומי עלים לקרמשניט,גרמים,300.00,100 גרם,false,,17.00,0.0567,true,1,140097
7290011223045,false,בונומי בישקוטים 200 גרם,בונומי ס.פ.א,IT,בונומי בישקוטים 200,גרמים,200.00,100 גרם,false,,7.90,0.0395,true,1,140098
7290011223243,false,"טואלט דאק ג'ל לאסלה בניחוח לבנדר 55 מ""ל","איטיליאן פוד, אס.פי.",IT,ט.דאק ג'ל אסלה ניחוח,יחידה,55.00,יחידה,false,,11.00,0.2000,true,1,140106
7290011239213,false,עמוס חטיפים מתוקים מ,ממתקי מחרום,,חטיפי מחרום 100 גרם,גרמים,100.00,100 גרם,false,,5.00,0.0500,true,1,145515
7290011239237,false,חטיף אגוזים ישראלי 250גר,,IL,חטיף אגוזים ישראלי 2,גרמים,250.00,100 גרם,false,,14.90,0.0596,true,1,268457
7290011239404,false,עמוס חטיפים שונים אר,"בני ריאד מחרום בע""מ",IL,חטיפים שונים ארוזים,גרמים,330.00,100 גרם,false,,14.90,0.0452,true,1,164700
7290011239657,false,רחת לוקום ארוז קוביו,"בני ריאד מחרום בע""מ",IL,רחת לוקום ארוז קוביו,גרמים,500.00,100 גרם,false,,14.90,0.0298,true,1,164701
7290011240868,false,"יין אדום מבעבע מוסקטו 750 מ""ל",יקבי ציון,IL,מוסקטו אדום,מיליליטרים,750.00,"100 מ""ל",false,,29.00,0.0387,true,1,148507
7290011240905,false,"יין מוסקטו לב מבעבען 750 מ""ל",יקבי ציון,IL,מוסקטו לבן,מיליליטרים,750.00,"100 מ""ל",false,,29.00,0.0387,true,1,148511
7290011242008,false,קפה טחון דבאח עם היל,,,קפה טחון דבאח עם היל,קילוגרמים,1.00,"ק""ג",false,,60.00,60.0000,true,1,146694
7290011242015,false,קפה טחון דבאח 500 גר,,,קפה טחון דבאח 500 גר,גרמים,500.00,100 גרם,false,,29.90,0.0598,true,1,146696
7290011242039,false,קפה טחון דבאח 250 גר,,,קפה טחון דבאח 250 גר,גרמים,250.00,100 גרם,false,,14.90,0.0596,true,1,146699
7290011242046,false,הום מטליות מיקרופייב,,,הום מטליות מיקרופייב,יחידה,0.00,יחידה,false,,9.90,0.0000,true,1,216073
7290011242053,false,הום 3 מטליות מיקרופי,,,הום 3 מטליות מיקרופי,יחידה,0.00,יחידה,false,,14.90,0.0000,true,1,216074
7290011242114,false,GRILL מדליק פחמים,,,GRILL מדליק פחמים,גרמים,400.00,100 גרם,false,,6.90,0.0173,true,1,219831
7290011242121,false,נויה בייבי בייסיק מג,,,נויה בייבי בייסיק מג,יחידה,0.00,יחידה,false,,11.90,0.0000,true,1,220263
7290011242152,false,הום מרכך כביסה מרוכז,,,הום מרכך כביסה מרוכז,יחידה,0.00,יחידה,false,,13.90,0.0000,true,1,220286
7290011242169,false,הום מרכך כביסה מרוכז,,,הום מרכך כביסה מרוכז,יחידה,0.00,יחידה,false,,13.90,0.0000,true,1,220284
7290011242176,false,הום מרכך כביסה מרוכז,,,הום מרכך כביסה מרוכז,יחידה,0.00,יחידה,false,,13.90,0.0000,true,1,220285
7290011242190,false,כוסמת 800 גרם,,,כוסמת 800 גרם,גרמים,800.00,100 גרם,false,,14.90,0.0186,true,1,146701
7290011242220,false,הום נוזל לניקוי רצפו,,,הום נוזל לניקוי רצפו,יחידה,0.00,יחידה,false,,12.90,0.0000,true,1,220290
7290011242237,false,עדשים 800 גרם,,,עדשים 800 גרם,גרמים,800.00,100 גרם,false,,9.90,0.0124,true,1,146705
7290011242244,false,עדשים ירוקות קטנות 8,,,עדשים ירוקות קטנות 8,גרמים,800.00,100 גרם,false,,9.90,0.0124,true,1,146707
7290011242251,false,עדשים ירוקות גדולות,,,עדשים ירוקות גדולות,גרמים,800.00,100 גרם,false,,9.90,0.0124,true,1,146709
7290011242268,false,עדשים אדומות 800 גרם,,,עדשים אדומות 800 גרם,גרמים,800.00,100 גרם,false,,9.90,0.0124,true,1,146710
7290011242275,false,גרעיני תירס פופקורן,,,גרעיני תירס פופקורן,גרמים,800.00,100 גרם,false,,9.90,0.0124,true,1,146712
7290011242282,false,גרעיני תורמוס 800 גר,,,גרעיני תורמוס 800 גר,גרמים,800.00,100 גרם,false,,9.90,0.0124,true,1,146714
7290011242299,false,גרעיני חיטה 800 גרם,,,גרעיני חיטה 800 גרם,גרמים,800.00,100 גרם,false,,9.90,0.0124,true,1,146716
7290011242329,false,גרעיני חומוס 800 גרם,,,גרעיני חומוס 800 גרם,גרמים,800.00,100 גרם,false,,9.90,0.0124,true,1,146718
7290011242350,false,הום ג'ל כביסה 3 ליטר,,,הום ג'ל כביסה 3 ליטר,יחידה,0.00,יחידה,false,,24.90,0.0000,true,1,220292
7290011242367,false,גרעיני שעועית לבנה 8,,,גרעיני שעועית לבנה 8,גרמים,800.00,100 גרם,false,,9.90,0.0124,true,1,146724
7290011242374,false,בורגול דק 800 גרם,,,בורגול דק 800 גרם,גרמים,800.00,100 גרם,false,,5.90,0.0074,true,1,146726
7290011242381,false,בורגול עבה 800 גרם,,,בורגול עבה 800 גרם,גרמים,800.00,100 גרם,false,,5.90,0.0074,true,1,146728
7290011242397,false,הום שקיות אשפה 25 שק,,,הום שקיות אשפה 25 שק,יחידה,0.00,יחידה,false,,9.90,0.0000,true,1,220288
7290011242435,false,פריקה 800 גרם,,,פריקה 800 גרם,גרמים,800.00,100 גרם,false,,14.90,0.0186,true,1,146734
7290011242459,false,הום מרכך כביסה 4 ליט,,,הום מרכך כביסה 4 ליט,יחידה,0.00,יחידה,false,,16.90,0.0000,true,1,220530
7290011242466,false,הום מרכך כביסה 4 ליט,,,הום מרכך כביסה 4 ליט,יחידה,0.00,יחידה,false,,16.90,0.0000,true,1,220531
7290011242473,false,הום מרכך כביסה 4 ליט,,,הום מרכך כביסה 4 ליט,יחידה,0.00,יחידה,false,,16.90,0.0000,true,1,220532
7290011242497,false,מארז קפסולות אספרסו,,,מארז קפסולות אספרסו,יחידה,0.00,יחידה,false,,17.90,0.0000,true,1,258962
7290011242503,false,הום נוזל לניקוי רצפו,,,הום נוזל לניקוי רצפו,יחידה,0.00,יחידה,false,,12.90,0.0000,true,1,223297
7290011242558,false,"מנגל עם רשת 60 ס""מ G",UNVER-BBQ,,"מנגל עם רשת 60 ס""מ G",יחידה,1.00,יחידה,false,,99.90,99.9000,true,1,257875
7290011242565,false,GRILL רשת לצליה 40*3,UNVER-BBQ,,GRILL רשת לצליה 40*3,יחידה,1.00,יחידה,false,,14.90,14.9000,true,1,254270
7290011242619,false,הום מגבונים לניקוי ב,,,הום מגבונים לניקוי ב,יחידה,0.00,יחידה,false,,24.90,0.0000,true,1,228055
7290011242626,false,צימוקים בהירים 300 ג,,,צימוקים בהירים 300 ג,יחידה,0.00,יחידה,false,,19.90,0.0000,true,1,178863
7290011242633,false,GRILL פחם מעץ טבעי פ,MAUROBERA,,GRILL פחם מעץ טבעי פ,יחידה,0.00,יחידה,false,,120.00,0.0000,true,1,231609
7290011242664,false,שקית מתנה קפה,,,שקית מתנה קפה,יחידה,0.00,יחידה,false,,3.00,0.0000,true,1,244833
7290011242701,false,מארז קפסולות קפה עם,,,מארז קפסולות קפה עם,גרמים,200.00,100 גרם,false,,17.90,0.0895,true,1,258963
7290011242749,false,אננס טבעי מיובש 200,,,אננס טבעי מיובש 200,יחידה,0.00,יחידה,false,,19.90,0.0000,true,1,178889
7290011242756,false,"קפה ירוק 2ק""ג",,,"קפה ירוק 2ק""ג",קילוגרמים,2.00,"ק""ג",false,,70.00,35.0000,true,1,145363
7290011242770,false,אננס מיובש בטעם מנגו,,,אננס מיובש בטעם מנגו,יחידה,0.00,יחידה,false,,9.90,0.0000,true,1,178890
7290011242787,false,רצועות קוקוס 200 גרם,,,רצועות קוקוס 200 גרם,יחידה,0.00,יחידה,false,,12.90,0.0000,true,1,178893
7290011242817,false,בוטנים קלויים עם קלי,,,בוטנים קלויים עם קלי,גרמים,400.00,100 גרם,false,,9.90,0.0248,true,1,147408
7290011242855,false,אננס מיובש בטעם תות,,,אננס מיובש בטעם תות,יחידה,0.00,יחידה,false,,9.90,0.0000,true,1,178897
7290011242886,false,לחמניות רגילות 10 יח,,,לחמניות רגילות 10 יח,יחידה,0.00,יחידה,false,,12.90,0.0000,true,1,248122
7290011242954,false,מנגל עם רשת 40 סמ' G,UNVER-BBQ,,מנגל עם רשת 40 סמ' G,יחידה,0.00,יחידה,false,,44.90,0.0000,true,1,257136
7290011242961,false,מנגל עם רשת 50 סמ' G,UNVER-BBQ,,מנגל עם רשת 50 סמ' G,יחידה,0.00,יחידה,false,,79.90,0.0000,true,1,254272
7290011242985,false,"מנגל חד""פ GRILL",UNVER-BBQ,,"מנגל חד""פ GRILL",יחידה,0.00,יחידה,false,,24.90,0.0000,true,1,251218
7290011249748,false,רולים גלילי ופל במילוי קרם שוקולד 100 ג' עלמה,"גילרו בע""מ",IL,רולים שוקו 100 גרם,יחידה,0.00,יחידה,false,,4.90,0.0000,true,1,153486
7290011249755,false,רולים גלילי ופל במילוי קרם אגוזים 100 ג' עלמה,"גילרו בע""מ",IL,רולים אגוז 100 גרם,יחידה,0.00,יחידה,false,,4.90,0.0000,true,1,153487
7290011254025,false,מיה דוחון 500 גרם,"מיה תעשיות מזון בע""מ",IL,מיה דוחון 500 גרם,גרמים,500.00,100 גרם,false,,8.10,0.0162,true,1,133971
7290011254254,false,נטיפי שוקולד צ'יפס בטעם שוקולד מיה 300 גרם,"מיה תעשיות מזון בע""מ",IL,שוקולד ציפס 300גר,גרמים,300.00,100 גרם,false,,8.90,0.0297,true,1,133976
7290011254780,false,"שעועית ארגנטינאית יבשה מיה 1 ק""ג","מיה תעשיות מזון בע""מ",IL,מיה שעועית ארגנטינאי,קילוגרמים,1.00,"ק""ג",false,,21.90,21.9000,true,1,133997
7290011302962,false,ערמוני אלטאי,,,ערמוני אלטאי,יחידה,0.00,יחידה,false,,29.90,0.0000,true,1,104596
7290011332983,false,מגבונים לניקוי אף מגבונאף קמיל בלו- מארז שלישייה,"ד""ר פישר Dr fischer",IL,מגבון אף קמיל בלו 3*,יחידה,90.00,יחידה,false,,22.90,0.2544,true,1,202541
7290011378028,false,חלבה קלאסית וניל ללא תוספת סוכר בארכה 350 גרם,רושדי תעשיות מזון בע,IL,חלבה ללא סוכר משומשו,גרמים,350.00,100 גרם,false,,14.90,0.0426,true,1,236744
7290011378233,false,בארכה מאגדת חטיפי חלווה וניל ל.סוכר 120גר,רושדי תעשיות מזון בע,IL,בארכה מאגדת חטיפי חל,גרמים,120.00,100 גרם,false,,11.90,0.0992,true,1,126606
7290011378257,false,חטיף חלבה בטעם וניל ללא תוספת סוכר בתוספת פיסטוק ופקאן,רושדי תעשיות מזון בע,IL,בארכה חטיף חלבה פקאן,גרמים,120.00,100 גרם,false,,11.90,0.0992,true,1,126607
7290011378301,false,חלבה ללא סוכר אלהילאל 350 ג',,,אלהילאל חלבה ללא סוכ,גרמים,350.00,100 גרם,false,,15.90,0.0454,true,1,127783
7290011378349,false,חלבה קלאסית וניל 350 ג' אלהילאל,,,אלהילאל חלבה קלאסית,גרמים,350.00,100 גרם,false,,13.90,0.0397,true,1,127787
7290011378363,false,חלבה קלאסית וניל 700 ג' אלהילאל,General,,חלבה קלאסית וניל 700,גרמים,700.00,100 גרם,false,,25.90,0.0370,true,1,127789
7290011378394,false,"חלבה נאבלסיה שוקו 1.3 ק""ג אלהילאל",,,אלהילאל חלבה קלאסית,קילוגרמים,1.30,"ק""ג",false,,39.90,30.6923,true,1,127792
7290011378400,false,"חלבה קלאסית וניל אלהילאל 1.3 ק""ג",,,אלהילאל חלבה קלאסית,קילוגרמים,1.30,"ק""ג",false,,39.90,30.6923,true,1,127793
7290011378776,false,חלבה חטיף פיסטוק בארכה בקטנה מארז 126ג',רושדי תעשיות מזון בע,IL,בארכה חטיף חלבה פיסט,גרמים,120.00,100 גרם,false,,11.90,0.0992,true,1,126611
7290011378844,false,פרוסות חלבה פיסטוק 400 ג' אלהילאל,,,פרוסות חלבה פיסטוק,גרמים,400.00,100 גרם,false,,15.90,0.0398,true,1,127797
7290011379018,false,מארז משפחתי שמפיניון 500 ג' מרינה,מרינה פטריות הגליל,IL,מארז זוג פטריות מרינ,יחידה,0.00,יחידה,false,,15.90,0.0000,true,1,140790
7290011431020,false,"כוסות קרטון גדול ח""פ ר.שמאי 50 יח'",,IL,כוסות קרטון 10 OZ גד,יחידה,0.00,יחידה,false,,16.90,0.0000,true,1,174761
7290011431037,false,"כוס קרטון OZ 12 איכותי ח""פ 50 יח'",,,כוסות קרטון 12 OZ ענ,יחידה,0.00,יחידה,false,,19.90,0.0000,true,1,174762
7290011431198,false,"נייר כסף עבה 30 ס""מ 200 מטר ר.שמאי",,,שמאי נייר כסף 60.9 מ,יחידה,0.00,יחידה,false,,24.90,0.0000,true,1,178856
7290011431341,false,"מזלג איכות יח""פ 100 יח'",,IL,מזלג לבן ארוז 100 יח,יחידה,0.00,יחידה,false,,8.90,0.0000,true,1,174751
7290011431358,false,כפיות איכותי ר. שמאי 100 יחי' כשל''פ עד''ח,,,כפיות לבן ארוז 100 י,יחידה,0.00,יחידה,false,,5.90,0.0000,true,1,174752
7290011431372,false,לפתניות צבעוני 25 יח',,,לפתניות צבעוני 25 יח,יחידה,0.00,יחידה,false,,4.90,0.0000,true,1,183127
7290011431389,false,מרקיות צבעוניות פולידור,,TR,צלחות מרק צבעוני 25,יחידה,0.00,יחידה,false,,9.90,0.0000,true,1,174764
7290011431433,false,קערות אובליות צבעוני 25 יח',,TR,קעריות אובלי צבעוני,יחידה,25.00,יחידה,false,,5.90,0.2360,true,1,173689
7290011431440,false,"רדיד אלומיניום עבה 50מ' רוחב 45ס""מ כשל""פ",,,ר.שמאי נייר כסף עבה,יחידה,0.00,יחידה,false,,39.90,0.0000,true,1,196225
7290011431532,false,"קופסאות איחסון 1 ק""ג שלישייה",,,שמאי - שלישיית מיכלי,יחידה,0.00,יחידה,false,,7.90,0.0000,true,1,175829
7290011431556,false,"קופסאות איחסון 4.5 ק""ג זוגי",,,שמאי - זוג מיכלים 4.,יחידה,0.00,יחידה,false,,9.90,0.0000,true,1,175831
7290011431587,false,"קופסאות איחסון 2 ק""ג שלישייה",,,שמאי - מיכל 2 ליטר ש,יחידה,0.00,יחידה,false,,7.90,0.0000,true,1,175834
7290011431624,false,תבנית פרימיום אינגליש ענק אמריקאי 4 יח',,,מגש אלומיניום אינגלי,יחידה,4.00,יחידה,false,,9.90,2.4750,true,1,172243
7290011431709,false,טישו לאף פרימיום מארז 100X5יח',,IL,שמאי נייר טישו חמישי,יחידה,5.00,יחידה,false,,9.90,1.9800,true,1,177089
7290011431723,false,מגבוני נייר טישו,,,מגבוני נייר טישו,יחידה,0.00,יחידה,false,,6.90,0.0000,true,1,228680
7290011431785,false,תבניות עגולות גדולות ר.שמאי 5יח',,,תבניות ארוזות C60 עג,יחידה,0.00,יחידה,false,,8.90,0.0000,true,1,175836
7290011431846,false,מפה עבה 45 מטר ר.שמאי,,,מפות 45 מטר עבה כתום,יחידה,0.00,יחידה,false,,19.90,0.0000,true,1,210583
7290011431860,false,"מפות עבות ח""פ ר. שמאי מארז 6יח' כשל""פ",,IL,שמאי - מפות 6 יחי' ע,יחידה,0.00,יחידה,false,,9.90,0.0000,true,1,186972
7290011435226,false,דבש מפרחי בר לחיץ 650 ג' יד מרדכי,מכוורת יד מרדכי שטרא,IL,דבש מפרחי בר לחיץ 65,גרמים,650.00,100 גרם,false,,33.90,0.0522,true,1,231696
7290011438142,false,"משקה יטבתה אייס קפה בבקבוק אישי 350 מ""ל",שטראוס גרופ,IL,יטבתה משקה אייס קפה,יחידה,350.00,יחידה,false,,6.30,0.0180,true,1,141112
7290011447014,false,מטרנה דייסת סלט פירות 200 גרם,קריות זול,IL,מטרנה דייסת סלט פירו,גרמים,200.00,100 גרם,false,,13.90,0.0695,true,1,123572
7290011447304,false,מטרנה פרימיום חלבי שלב 3 700 גרם חיסכון,מטרנה תעשיות ש.מ,IL,מטרנה חלבי שלב 3 חיס,גרמים,700.00,100 גרם,false,,54.90,0.0784,true,1,123578
7290011447908,false,"מזון לחתולים מלא טעם עוף וכבד סופר קט 3 ק""ג",קריות זול,IL,סופר קט בטעם עוף וכב,קילוגרמים,3.00,"ק""ג",false,,54.90,18.3000,true,1,141656
7290011461058,false,גומא - מקלות ריחניים,יושלם,,מוסקו ריחניים ב 20 ש,יחידה,0.00,יחידה,false,,20.00,0.0000,true,1,130660
7290011468132,false,"דלי טחינה הנסיך 3 ק""",,,"דלי טחינה הנסיך 3 ק""",קילוגרמים,3.00,"ק""ג",false,,69.90,23.3000,true,1,110322
7290011468323,false,אמיר טחינה 450 גרם,,,אמיר טחינה 450 גרם,גרמים,450.00,100 גרם,false,,12.90,0.0287,true,1,174662
7290011468330,false,אמיר טחינה 900 גרם,,,אמיר טחינה 900 גרם,גרמים,900.00,100 גרם,false,,24.90,0.0277,true,1,174987
7290011473242,false,פשתן זרעים אורגני 500 גרם,ארוז ע' תבואות,US,פשתן זרעים אורגני 50,יחידה,0.00,יחידה,false,,12.90,0.0000,true,1,153703
7290011473433,false,תבואת בר כוסמת אורגנ,אורז ע'י,CN,תבואת בר כוסמת אורגנ,יחידה,0.00,יחידה,false,,10.90,0.0000,true,1,153719
7290011473600,false,מלח הימליה דק 500 גר תבואות,תבואות,,מלח הימליה דק 500גרם,גרמים,500.00,100 גרם,false,,21.90,0.0438,true,1,227125
7290011489700,false,פרורי ביסקוויט בטעם שוקו 300 גר'.,אפיפית נצרת,IL,פרורי ביסקוויט בטעם,גרמים,300.00,100 גרם,false,,5.90,0.0197,true,1,173953
7290011499051,false,פטה כבשים מסורתית 20% בגביע 250 גרם - רובין,MKN עבור מחלבות גד ב,IL,גד פטה כבשים גביע 20,גרמים,250.00,100 גרם,false,,23.90,0.0956,true,1,131305
7290011499105,false,בולגרית מסורתית 5% 250 גרם -רבנות,ג'נרל מילס סאן אדריא,IL,גד בולגרית 5% 250ג,גרמים,250.00,100 גרם,false,,21.90,0.0876,true,1,131306
7290011499112,false,בולגרית מסורתית 16% 250 גרם - רבנות,"מיוצר ע""י dsh",IL,גד בולגרית 16% 250 ג,גרמים,250.00,100 גרם,false,,21.90,0.0876,true,1,131307
7290011499129,false,גבינה בולגרית מעודנת קוביות קטנות 5% גד 200 גרם,קוד יצרן DSH,IL,גד בולגרית מעודנת קו,גרמים,200.00,100 גרם,false,,20.20,0.1010,true,1,131308
7290011499303,false,פטה עיזים מעודנת 5% בגביע 250 גרם - רבנות,ג'נרל מילס סאן אדריא,IL,גד בולגרית עזים מעוד,גרמים,250.00,100 גרם,false,,29.90,0.1196,true,1,131314
7290011499327,false,גבינה בולגרית מעודנת 5% 250 גרם - רבנות,מיוצר על ידי DSH עבו,IL,גד בולגרית בקר מעודנ,גרמים,250.00,100 גרם,false,,21.90,0.0876,true,1,131316
7290011499341,false,גבינת קשקבל ארוז 26 אחוז 250גרם גד,הנסיך- מפעל לייצור ט,IL,גד קשקבל ארוז 26% 20,גרמים,200.00,100 גרם,false,,28.90,0.1445,true,1,131318
7290011499358,false,גבינת פטה עיזים 20% גד 200 גרם,מיוצר על ידי קוד יצר,IL,גד פטה עיזים 20% 200,גרמים,200.00,100 גרם,false,,24.90,0.1245,true,1,131319
7290011499365,false,גד חלומי 24% 200 גרם רובין,"מחלבות גד בע""מ",IL,גד חלומי 24% 200ג,גרמים,200.00,100 גרם,false,,21.90,0.1095,true,1,131320
7290011499419,false,גבינה במרקם שמנת בטעם טבעי 5% ניו יורק,מחלבות גד,IL,גד גבינה במרקם שמנת,גרמים,200.00,100 גרם,false,,11.50,0.0575,true,1,181753
7290011499525,false,גבינת לאבנה דרוזית 9% גד 500 גרם,מחלבות גד בעמ,IL,גד לאבנה דרוזית 9% 5,גרמים,500.00,100 גרם,false,,19.90,0.0398,true,1,131328
7290011499624,false,שמנת 30% ניו יורק טבעי 200 גרם רבנות,מחלבות גד,IL,גד ניו יורק גבינת שמ,גרמים,200.00,100 גרם,false,,13.90,0.0695,true,1,131329
7290011499846,false,גבינת ריקוטה פרסקה 9% גד 300 גרם,מחלבות גד בעמ,IL,גד ריקוטה פרסקה 5% 3,גרמים,300.00,100 גרם,false,,17.20,0.0573,true,1,131334
7290011499853,false,גבינת שמנת זיתים 30אחוז 200גרם גד,מחלבות גד (שיווק 199,IL,גד ניו יורק גבינת שמ,גרמים,200.00,100 גרם,false,,12.90,0.0645,true,1,131335
7290011502867,false,דלישס גרנולה במבחר אגוזים 500גר,"דין שיווק וקלייה בע""",IL,דלישס גרנולה במבחר א,גרמים,500.00,100 גרם,false,,12.20,0.0244,true,1,133102
7290011505424,false,נובי מימיה עם קשית ש,,,נובי מימיה עם קשית ש,יחידה,0.00,יחידה,false,,32.90,0.0000,true,1,213847
7290011505608,false,נובי בקבוק האכלה טבע,,,נובי בקבוק האכלה טבע,יחידה,0.00,יחידה,false,,16.90,0.0000,true,1,213833
7290011505806,false,קיסמי שיניים דנטאליים מפלסטיק 200 יחידות בחבית,W.H.J.C. Co,CN,קיסמי שיניים דנטאליי,יחידה,0.00,יחידה,false,,8.90,0.0000,true,1,213753
7290011515683,false,טילונים אקסטרים וניל מאגדת 6יח',תות תעשיות מזון (201,IL,אקסטרים וניל מאגדת 6,גרמים,432.00,100 גרם,false,,29.90,0.0692,true,1,116505
7290011515911,false,שלגון לייט ריבת חלב מאגדת 6 יח',גלידות נסטלה (נגה גל,IL,מאגדת לייט ריבת חלב,גרמים,312.00,100 גרם,false,,26.90,0.0862,true,1,116507
7290011518561,false,"אקטימל תות משפחתי מארז 14X100מ""ל",מיוצר עי קונדיטוריית,IL,אקטימל תות משפחתי 14,ליטרים,1.40,ליטר,false,,29.90,21.3571,true,1,141119
7290011524548,false,גרגירי חומוס 800 ג' פרי הגליל,"פרי הגליל בע""""מ",IL,פרי הגליל גרגירי חומ,גרמים,800.00,100 גרם,false,,11.90,0.0149,true,1,133704
7290011524555,false,שעועית לבנה אפויה 800 ג' פרי הגליל,"פרי הגליל בע""""מ",IL,פרי גליל שעועית לבנה,גרמים,800.00,100 גרם,false,,11.90,0.0149,true,1,133705
7290011525323,false,אל סבון טיפולי לתינוק קמיל בלו סנסטיב שיבולת שועל,"ד""ר פישר Dr fischer",IL,קמיל בלו אלסבון שיבו,מיליליטרים,500.00,"100 מ""ל",false,,22.00,0.0440,true,1,138117
7290011525712,false,"קמיל בלו אל סבון סנסיטיב לפני השינה ד""ר פישר 1 ליטר","ד""ר פישר Dr fischer",IL,קמיל בלו סנסיטיב לפנ,ליטרים,1.00,ליטר,false,,34.90,34.9000,true,1,138120
7290011525729,false,שמפו לתינוק קמיל בלו סנסטיב לפני השינה עם לבנדר וקמומיל,"ד""ר פישר Dr fischer",IL,קמיל בלו סנסיטיב לפנ,ליטרים,1.00,ליטר,false,,34.90,34.9000,true,1,138121
7290011530525,false,מיקס פירות קפואים שייק איט צהוב - 3*150 ג',"הבו-קדו בע""מ",IL,שייק איט יום שלישי 3,יחידה,0.00,יחידה,false,,29.90,0.0000,true,1,210679
7290011530549,false,מיקס פירות קפואים שייק איט ורוד - 3*150 ג',"הבו-קדו בע""מ",IL,שייק איט יום ראשון,יחידה,0.00,יחידה,false,,29.90,0.0000,true,1,210675
7290011530747,false,מיקס פירות קפואים שייק איט סגול - 3*150 ג',"הבו-קדו בע""מ",IL,שייק איט יום רביעי 3,יחידה,0.00,יחידה,false,,29.90,0.0000,true,1,210681
7290011570507,false,"קמח נטול גלוטן כרגיל 1 ק""ג",אשבל -מזון פונקציונל,IL,אשבל קמח רב תכליתי -,גרמים,450.00,100 גרם,false,,19.90,0.0442,true,1,126704
7290011570644,false,קמח כרגיל נטול גלוטן ללחם 500 גרם,אשבל מזון פונקציונאל,IL,אשבל קמח לחם ללא גלו,גרמים,500.00,100 גרם,false,,19.90,0.0398,true,1,126707
7290011570781,false,תערובת להכנת עוגה בטעם וניל ללא גלוטן,אשבל -מזון פונקציונל,IL,קמח כרגיל בטעם וניל,גרמים,450.00,100 גרם,false,,19.90,0.0442,true,1,165529
7290011570798,false,תערובת להכנת עוגה בטעם שוקולד ללא גלוטן,אשבל -מזון פונקציונל,IL,קמח כרגיל בטעם שוקול,גרמים,450.00,100 גרם,false,,19.90,0.0442,true,1,165530
7290011575007,false,"הפי מרסס שומר ברק למקלחון 750 מ""ל",יעקובי הפי,DE,הפי מרסס לאמבט 750 מ,מיליליטרים,750.00,"100 מ""ל",false,,16.90,0.0225,true,1,114424
7290011585198,false,כיסונים במילוי בשר 1400 גרם,,IL,כיסונים השף במילוי ב,גרמים,1400.00,100 גרם,false,,44.90,0.0321,true,1,268377
7290011585228,false,כיסונים במילוי בשר 1500 גרם,,IL,כיסונים במילוי בשר כ,גרמים,1500.00,100 גרם,false,,39.90,0.0266,true,1,268378
7290011585235,false,מיני צבורק במילוי בש,,IL,מיני צ'יבורקי כי-600,גרמים,600.00,100 גרם,false,,29.90,0.0498,true,1,268379
7290011585242,false,ציבורקי במילוי בשר וירק 600 גרם,,IL,צ'יבורקי במילוי בשר,גרמים,600.00,100 גרם,false,,29.90,0.0498,true,1,140862
7290011585723,false,כיסונים ביתי במילוי בשר 900 גרם,,IL,כיסונים ביתי במילוי,גרמים,900.00,100 גרם,false,,32.90,0.0366,true,1,268381
7290011585754,false,כיסונים סיבירסקי במילוי בשר 900 גרם,,IL,כיסונים סיבירסקי במי,גרמים,900.00,100 גרם,false,,32.90,0.0366,true,1,268382
7290011585778,false,"קרפלך במילוי תפו""א 700 גרם",,IL,קרפלך במילוי תפו''אכ,גרמים,700.00,100 גרם,false,,21.90,0.0313,true,1,268383
7290011585785,false,ציבורקי קלאסי 600 גרם,,IL,צ'יבורקי קלאסיק כי-6,גרמים,600.00,100 גרם,false,,29.90,0.0498,true,1,268384
7290011585815,false,מאפה (פירושקי) במילוי בשר 600 גרם,,IL,מאפה (פירושקי) במילו,גרמים,600.00,100 גרם,false,,29.90,0.0498,true,1,268386
7290011585839,false,מאפה מטוגן במילוי תפ,,IL,מאפה מטוגן במילוי תפ,יחידה,0.00,יחידה,false,,29.90,0.0000,true,1,268387
7290011585853,false,בלינצס במילוי בשר 600 גרם,,IL,בלינצ'ס במילוי בשר כ,גרמים,600.00,100 גרם,false,,29.90,0.0498,true,1,268388
7290011585877,false,"בלינצס במילוי תפו""א ופטריות 600 גרם",,IL,"בלינצ'ס במילוי תפו""א",גרמים,600.00,100 גרם,false,,29.90,0.0498,true,1,268389
7290011585884,false,"בלינצס עם תפו""ע 600 גרם",,IL,בלינציס במילוי תפו'',גרמים,600.00,100 גרם,false,,29.90,0.0498,true,1,268390
7290011585891,false,בלינצס במילוי דובדבן 600 גרם,,IL,בלינצ'ס עם דובדבן כי,גרמים,600.00,100 גרם,false,,29.90,0.0498,true,1,268391
7290011585921,false,בצק שמרים קלאסי 1 קג,,IL,בצק שמרים 1 ק''ג,גרמים,1000.00,100 גרם,false,,15.90,0.0159,true,1,268392
7290011587079,false,חרדל דיז'ון גרגירים 370 ג' PICCATA,Covinor sas,IL,תומר חרדל דיזון גרגי,גרמים,370.00,100 גרם,false,,9.90,0.0268,true,1,110864
7290011587123,false,קרם קוקוס תומר 400 מ,Thai coconut co ltd,IL,קרם קוקוס 400 מל,גרמים,400.00,100 גרם,false,,6.10,0.0152,true,1,110866
7290011587444,false,מוזלי קראנצ'י בתוספת 35% פירות,Vitalia nikola ltd,MK,תומר מוזלי קראנצי +פ,גרמים,600.00,100 גרם,false,,16.90,0.0282,true,1,110876
7290011587451,false,גרנולה בתוספת פירות ואגוזים,ויטליה,IL,תומר גרנולה +פירות ו,גרמים,600.00,100 גרם,false,,16.90,0.0282,true,1,110877
7290011587703,false,עגבניות מיובשות פסטו חריף תומר 340ג',תומר,IL,תומר ממרח עגבניות מי,גרמים,340.00,100 גרם,false,,11.20,0.0329,true,1,110886
7290011587826,false,חרדל דיז'ון תומר 370ג',Covinor sas,,תומר חרדל דיזון 370,גרמים,370.00,100 גרם,false,,9.90,0.0268,true,1,110891
7290011598211,false,"סנו - אנטי קאלק מרסס ניקוי כללי 4 ב-1 700 מ""ל",מיוצר עי קונדיטוריית,IL,מנקה כללי אנטיקאלק 7,מיליליטרים,700.00,"100 מ""ל",false,,19.90,0.0284,true,1,108984
7290011598259,false,"פרש מטהר אוויר אוטומטי בניחוח מאסק סנו 250 מ""ל",סנו מפעלי ברונוס בעמ,IL,סנו פרש אוטומטיק מאס,מיליליטרים,250.00,"100 מ""ל",false,,15.90,0.0636,true,1,249857
7290011598365,false,מטליות מקרופייבר מקצועיות 4 יח' סנו סושי,סנו סושי,IL,סנו סושי מטליות מקרו,יחידה,4.00,יחידה,false,,14.90,3.7250,true,1,108991
7290011598402,false,מקסימה מרכך כביסה ארומתרפי מאסק סנו 4 ליטר,סנו מקסימה,IL,מרכך כביסה סנו מקסימ,ליטרים,4.00,ליטר,false,,22.90,5.7250,true,1,108993
7290011607197,false,"קולון 101 אבקת כביסה 5 ק""ג",רקיט בנקיזר,IL,קולון 101 אבקת כביסה,קילוגרמים,5.00,"ק""ג",false,,39.90,7.9800,true,1,219432
7290011615260,false,"טורטייה 20 ס""מ קוטר וילי פוד 540 גר",מוטלוקל גידה סאנאי ט,TR,וילי פוד עלי טורטיה,גרמים,540.00,100 גרם,false,,10.90,0.0202,true,1,106590
7290011615406,false,בולגרית בקוביות בשמן ותבלינים הבולגריה 325 ג' קוליוס,"קוליוס אס. איי, גריק",GR,הבולגריה בקוביות (בש,גרמים,325.00,100 גרם,false,,13.90,0.0428,true,1,106593
7290011618025,false,בייבי ביס הוט קידס נגיסי אורז לתינוק,גואנז'ו יונג וואנט פ,CN,בייבי ביס לתינוקות ב,יחידה,0.00,יחידה,false,,13.90,0.0000,true,1,140121
7290011618124,false,נגיסי אורז לתינוקות בטעם ירקות,גואנז'ו יונג וואנט פ,CN,בייבי ביס נגסי אורז,יחידה,0.00,יחידה,false,,13.90,0.0000,true,1,251064
7290011622428,false,כתמטמינים-חטיף בריאות לתינוקות וילדים 45 ג',מיוצר עבור גולדן האר,IL,כתמטמינים-חטיף בריאו,גרמים,40.00,100 גרם,false,,5.90,0.1475,true,1,106928
7290011622664,false,כתמטמינים - חטיף אצבעות טחינה אורז ותירס 45 גרם,אלס נוטרישן,IL,כתמטמינים טחינה 45 ג,יחידה,0.00,יחידה,false,,5.90,0.0000,true,1,233603
7290011644000,false,מקלות תירס ממותקים 80 גרם,סנקי,IL,סנקי חטיף תירס מקלות,יחידה,0.00,יחידה,false,,4.90,0.0000,true,1,197116
7290011668136,false,מסיכה לשיער מחליקה 1 ליטר פנינה רוזנבלום,פנינה רוזנבלום PR,IL,"מסיכה מחליקה 1 ק""ג פ",גרמים,1000.00,100 גרם,false,,32.00,0.0320,true,1,134137
7290011668143,false,מסיכה משקמת ומטפחת לשיער צבוע ופגום,פנינה רוזנבלום PR,IL,"מסיכה משקמת 1 ק""ג פנ",גרמים,1000.00,100 גרם,false,,32.00,0.0320,true,1,134138
7290011668402,false,"שמפו לשיער לגבר פנינה רוזנבלום 750 מ""ל",פנינה רוזנבלום,IL,שמפו גבר פנינה 750 מ,מיליליטרים,750.00,"100 מ""ל",false,,12.90,0.0172,true,1,134146
7290011668433,false,"שמפו לשיער צבוע שיאה 750 מ""ל פנינה רוזנבלום",פנינה רוזנבלום,IL,שמפו שיאה שיער צבוע,מיליליטרים,750.00,"100 מ""ל",false,,12.90,0.0172,true,1,134149
7290011668440,false,מרכך שיאה שיער צבוע פנינה רוזנבלום 750 מל,פנינה רוזנבלום,IL,מרכך שיאה שיער צבוע,מיליליטרים,750.00,"100 מ""ל",false,,12.90,0.0172,true,1,134150
7290011668457,false,"שמפו לשיער גלי שמן זית 750 מ""ל פנינה רוזנבלום",פנינה רוזנבלום,IL,שמפו שמן זית גלי פני,מיליליטרים,750.00,"100 מ""ל",false,,12.90,0.0172,true,1,134151
7290011668464,false,פנינה רוזנבלום-מרכך שמן זית למתולתל 750,א.ל ארמן,IL,מרכך שמן זית מתולתל,יחידה,750.00,יחידה,false,,12.90,0.0172,true,1,134152
7290011668471,false,"שמפו לשיער רימונים 750 מ""ל פנינה רוזנבלום",פנינה רוזנבלום,IL,שמפו רימונים דק פנינ,מיליליטרים,750.00,"100 מ""ל",false,,12.90,0.0172,true,1,134153
7290011668587,false,בריא מהטבע גרנולה בטעם עשיר 500 גרם פנינה רוזנבלום,בריא מהטבע פנינה רוזנבלום,IL,פ.רוזנבלום גרנולה טע,גרמים,500.00,100 גרם,false,,26.90,0.0538,true,1,134159
7290011668594,false,בריא מהטבע תוספת בריאה לסלט 550 גרם פנינה רוזנבלום,בריא מהטבע פנינה רוזנבלום,IL,פנינה תוספת בריאה לס,גרמים,550.00,100 גרם,false,,37.90,0.0689,true,1,134160
7290011687014,false,לחם פרנה עגול מאפית,,,פרנה,יחידה,0.00,יחידה,false,,15.90,0.0000,true,1,265552
7290011695286,false,קיסמים דנטלים עם מבר,YANGCHENG DILING,,קיסם הפלא 250 יח',יחידה,200.00,יחידה,false,,8.90,0.0445,true,1,116409
7290011695651,false,צנימים עגולים 300 גרם נאמן,S.P.A ניולט,IL,צנימים עגולים 300גרם,גרמים,300.00,100 גרם,false,,12.90,0.0430,true,1,116416
7290011695712,false,חמאת בוטנים עם שברי 510 ג' NEEMAN,SUPER NUTRI,,חמאת בוטנים גדול 510,גרמים,510.00,100 גרם,false,,11.90,0.0233,true,1,174675
7290011695972,false,טוסטים מלבנים בטעמים 100 גרם,NEWLAT,,טוסטים טעימים 100ג,גרמים,100.00,100 גרם,false,,7.90,0.0790,true,1,116421
7290011725402,false,חסה למהדרין היתר מכי,קוסטר - תורכיה,IL,חסה ערבית מהדרין,יחידה,0.00,יחידה,false,,5.90,0.0000,true,1,243683
7290011725419,false,פטרוזיליה למהדרין הי,קונספסיון/ פניסקור/,IL,פטרוזיליה מהדרין,יחידה,0.00,יחידה,false,,4.90,0.0000,true,1,243684
7290011725426,false,כוסברה מהדרין - ארוז,קונסרבאס פרדו,IL,כוסברה מהדרין,יחידה,0.00,יחידה,false,,4.90,0.0000,true,1,243685
7290011725433,false,נענע למהדרין היתר מכ,קונסרווס אל.ג'י. זאס,IL,נענע מהדרין,יחידה,0.00,יחידה,false,,4.90,0.0000,true,1,243686
7290011725440,false,שמיר למהדרין היתר מכ,קונסרבס,IL,שמיר מהדרין,יחידה,0.00,יחידה,false,,4.90,0.0000,true,1,243687
7290011725457,false,בצל ירוק למהדרין הית,קלדש הולמן,IL,בצל ירוק מהדרין,יחידה,0.00,יחידה,false,,5.90,0.0000,true,1,243688
7290011725464,false,סלרי למהדרין היתר מכ,,IL,סלרי עלים מהדרין,יחידה,0.00,יחידה,false,,6.90,0.0000,true,1,243689
7290011725471,false,עלי סלק למהדרין היתר,קוסמופארם,IL,סלק עלים מהדרין,יחידה,0.00,יחידה,false,,6.90,0.0000,true,1,243690
7290011743833,false,"משחת שיניים פרונאמל סנסודיין 75 מ""ל",גלקסו סמית קליין,GB,סנסודיין משחת שיניים,יחידה,75.00,יחידה,false,,24.90,0.3320,true,1,131084
7290011745707,false,משחת שיניים פרונמל Pro namel לילדים לגילאי 6-12,גלקסו סמית קליין,SK,סנסודיין פרונמל ילדי,יחידה,0.00,יחידה,false,,19.90,0.0000,true,1,131085
7290011765071,false,ג'ל גילוח לעור רגיל לחות והגנה Moisture,טרופיקל דגיל תעשיות,TR,גל גילוח קרמה רגיל 2,מיליליטרים,200.00,"100 מ""ל",false,,13.90,0.0695,true,1,108998
7290011765088,false,ג'ל גילוח לעור רגיל מנטול Cool,טרופיקל דגיל תעשיות,TR,גל גילוח קרמה קול 20,מיליליטרים,200.00,"100 מ""ל",false,,13.90,0.0695,true,1,108999
7290011765095,false,קרמה מן גל גילוח אלוורה ירוק 200 מל,טרופיקל דגיל תעשיות,TR,גל גילוח קרמה דליקט,מיליליטרים,200.00,"100 מ""ל",false,,13.90,0.0695,true,1,109000
7290011765118,false,קצף גילוח קרמה מן דליקט 200 מל,"אביאפ, איסטנבול, תור",TR,קצף גילוח קרמה דליקט,מיליליטרים,200.00,"100 מ""ל",false,,12.90,0.0645,true,1,109002
7290011765392,false,"בוב ספוג שמפו לשיער לסירוק קל כיף 750 מ""ל",טרופיקל דגיל תעשיות,IL,כיף בוב ספוג שמפו 75,מיליליטרים,750.00,"100 מ""ל",false,,12.90,0.0172,true,1,225057
7290011765415,false,"כיף - בוב ספוג מרכך שיער 750 מ""ל",קוסמופארם,IL,"בוב ספוג קונ' 750מ""ל",מיליליטרים,750.00,"100 מ""ל",false,,12.90,0.0172,true,1,109019
7290011765422,false,אל סבון מועשר בלחות ותמצית קמומיל - בוב ספוג,קוסמופארם בע''מ,IL,בוב אלסבון קמומיל 75,מיליליטרים,750.00,"100 מ""ל",false,,12.90,0.0172,true,1,109020
7290011765613,false,סנו מסיר עובש בניחות לימון מתז 1 ל',סנו,IL,סנו מסיר עובש 1 ליטר,ליטרים,1.00,ליטר,false,,18.90,18.9000,true,1,193215
7290011772055,false,נייר טואלט אסותא 32,,,אסותא נייר טואלט 32,יחידה,0.00,יחידה,false,,32.90,0.0000,true,1,219616
7290011772086,false,מגבות מטבח אסותא שיש,,,אסותא נייר מטבח שישי,יחידה,6.00,יחידה,false,,11.90,1.9833,true,1,246687
7290011800840,false,רפי כהן סלט טחינה בלאדי צבר 400 גרם,רפי כהן / צבר,IL,צבר רפי כהן טחינה בל,גרמים,400.00,100 גרם,false,,15.90,0.0398,true,1,123585
7290011830168,false,פירורי לחם אורגני ק.כוסמין שקית 200 גרם,השדה מוצרים טבעיים ו,,פירורי לחם כוסמין 20,גרמים,200.00,100 גרם,false,,13.90,0.0695,true,1,227101
7290011830243,false,אטריות אורג. ללא גלוטן מאורז תאילנדי 250,דולפין ספא,CN,אטריות נודלס אורגניו,גרמים,250.00,100 גרם,false,,16.90,0.0676,true,1,227035
7290011830373,false,פסטה אורגנית מקמח דורום בחמישה צבעים 500 גרם- פפרדלה,השדה מוצרים טבעיים ו,IT,פסטה אורגנית מקמח דו,גרמים,500.00,100 גרם,false,,26.90,0.0538,true,1,227065
7290011830991,false,צ'יקי מאנקי חטיף בוטנים אורגני 60 גרם ללא גלוטן,השדה מוצרים טבעיים ו,,צ'יקי מאנקי חטיף בוט,יחידה,0.00,יחידה,false,,6.90,0.0000,true,1,227033
7290011843649,false,הלת אנד ביוטי חמאת גוף מאסק 350 מל,General,IL,חמאת גוף מאסק,מיליליטרים,100.00,"100 מ""ל",false,,25.00,0.2500,true,1,239380
7290011843809,false,קרם אובליפיחה אנטי א,,,קרם אובליפיחה אנטי א,יחידה,0.00,יחידה,false,,20.00,0.0000,true,1,239364
7290011876821,false,"אצבעות הודו ועוף שומשום 1ק""ג מאמא עוף",,,מאמאעוף אצבעות הודו,קילוגרמים,1.00,"ק""ג",false,,34.90,34.9000,true,1,104515
7290011877101,false,"סנומוד מטהר אוויר מאסק סנו 150 מ""ל",מיוצר עי קונדיטוריית,IL,musk סנומוד הקולקציה,מיליליטרים,150.00,"100 מ""ל",false,,11.90,0.0793,true,1,109027
7290011877156,false,"מבשם אוויר, בגדים וארונות פרש בניחוח מאסק",מיוצר עי קונדיטוריית,IL,סנופרש ענק מאסק 375,מיליליטרים,375.00,"100 מ""ל",false,,12.90,0.0344,true,1,206977
7290011877859,false,סנו אינסטלטור חדש פותח סתימות 200ג',מיוצר עי קונדיטוריית,IL,סנו אינסטלטור פותח ס,יחידה,200.00,יחידה,false,,14.90,0.0745,true,1,231837
7290011877866,false,"מקסימה אבקת כביסה בניחוח מאסק סנו 6 ק""ג","איי, בי, אינבוו",IL,אבקת כביסה מקסימה מא,קילוגרמים,6.00,"ק""ג",false,,49.90,8.3167,true,1,109038
7290011877910,false,אורביטול טריפלאקשיין בטעם פרש מינט,קוסמופארם,IL,מי פה אורביטול טריפל,מיליליטרים,500.00,"100 מ""ל",false,,19.90,0.0398,true,1,109041
7290011912642,false,ליסטרין שטיפת פה הגנה על השיניים והחניכי,ליסטרין Listerine,IT,*מבצע* ליסטרין מי פה,ליטרים,500.00,100 ליטר,false,,16.90,0.0338,true,1,217742
7290011923068,false,הצהובה הקלאסית פרוס תחליף שומן צמחי 200גר,,GR,פרוסות צהובה קלאסית,גרמים,200.00,100 גרם,false,,19.90,0.0995,true,1,244605
7290011923082,false,גבינה פרוסות בסגנון מוצרלה טבעוני 200 ג,,GR,פרוסות בסגנון מוצרלה,גרמים,200.00,100 גרם,false,,19.90,0.0995,true,1,244608
7290011923105,false,"פרוסות גבינה בסגנון צ'דר 200 גרם ""ליב""",,GR,פרוסות בסגנון צ'דר,גרמים,200.00,100 גרם,false,,19.90,0.0995,true,1,244606
7290011923112,false,גבינת גוש בסגנון פטה יוונית טבעוני 200 ג,,GR,גוש בסגנון פטה יווני,גרמים,200.00,100 גרם,false,,19.90,0.0995,true,1,244607
7290011923273,false,טופו אורגני 300 גרם ליב,א.י.ן תעשיות מזון בע,IL,טופו אורגני ליב,גרמים,300.00,100 גרם,false,,14.90,0.0497,true,1,153821
7290011923303,false,טופו טבעי 300גרם ליב,א.י.ן תעשיות מזון בע,IL,טופו טבעי 300גרם,גרמים,300.00,100 גרם,false,,13.90,0.0463,true,1,153822
7290011931162,false,סוכרלייט ממתיק נוזלי על בסיס סוכרלוז,אף.סי תבליני בגליל ב,IL,סוכרלייט נוזלי 220 מ,מיליליטרים,220.00,"100 מ""ל",false,,26.90,0.1223,true,1,129828
7290011931193,false,סוכרלייט ממתיק אבקה סוכרזית 100 גרם,סוכרזית Sucrazit,IL,סוכרלייט כפית לכפית,גרמים,105.00,100 גרם,false,,30.00,0.2857,true,1,129829
7290011942007,false,פיתה לבנונית גדול,,,פיתה לבנונית גדול,יחידה,0.00,יחידה,false,,16.90,0.0000,true,1,137566
7290011947309,false,זיתים מצוננים סורי מבוקע ולימון כבוש זיתא 230 ג',זיתא – י.ט.ב תעשיות,IL,זיתא שימורי זית סורי,גרמים,230.00,100 גרם,false,,13.90,0.0604,true,1,126620
7290011947316,false,זיתא זיתי קלמטה בשמן זית כתית מעולה 215ג,זיתא - י.ט.ב תעשיות,IL,זיתא זיתי קלמטה בשמן,גרמים,0.00,גרם,false,,13.90,0.0000,true,1,126621
7290011947521,false,"שמן זית כתית מעולה 750 מ""ל טעם מודגש זיתא",זיתא - י.ט.ב תעשיות,IL,"ויסוצקי שמן זית כ""מ",מיליליטרים,750.00,"100 מ""ל",false,,39.90,0.0532,true,1,172187
7290011947743,false,זיתים זיתא מיקס זית ירוק וזית קלמטה 215 גרם,זיתא - י.ט.ב תעשיות,IL,מיקס זית ירוק וזית ק,גרמים,215.00,100 גרם,false,,13.90,0.0647,true,1,202855
7290011947781,false,מיקס זית ירוק וזית קלמטה ללא גלעין עם שמן זית כתית מעולה,זיתא - י.ט.ב תעשיות,IL,מיקס זית ירוק וזית ק,יחידה,0.00,יחידה,false,,13.90,0.0000,true,1,219566
7290011947798,false,זית קלמטה ללא גלעין עם שמן זית כתית מעולה,זיתא - י.ט.ב תעשיות,IL,זית קלמטה ללא גלעין,יחידה,0.00,יחידה,false,,13.90,0.0000,true,1,219567
7290011947866,false,מיקס זיתים בפח 440 גרם,זיתא - י.ט.ב תעשיות,GR,זיתא מיקס זיתים,יחידה,0.00,יחידה,false,,19.90,0.0000,true,1,225027
7290011947873,false,זית קלמטה בפח זיתא 250 ג',זיתא - י.ט.ב תעשיות,GR,זיתא זית קלמטה בפח,יחידה,0.00,יחידה,false,,19.90,0.0000,true,1,225028
7290012000485,false,מי זהר אלזהראא 650 מ,,,מי זהר אלזהראא 650 מ,מיליליטרים,650.00,"100 מ""ל",false,,9.90,0.0152,true,1,112023
7290012000492,false,"מי וורדים 650 מ""ל אלזהראא",,,"מי ורדים 650 מ""ל",מיליליטרים,650.00,"100 מ""ל",false,,9.90,0.0152,true,1,142459
7290012000515,false,חומץ תפוחים טבעי 650,,,חומץ תפוחים טבעי 650,מיליליטרים,650.00,"100 מ""ל",false,,9.90,0.0152,true,1,112024
7290012000522,false,"סחלב אלזהראא 1 ק""ג",,,"סחלב אלזהראא 1 ק""ג",קילוגרמים,1.00,"ק""ג",false,,19.90,19.9000,true,1,166340
7290012000782,false,סחלב אלזהראא 500 גרם,,,סחלב אלזהראא 500 גרם,גרמים,500.00,100 גרם,false,,14.90,0.0298,true,1,245392
7290012000843,false,גלי אלזהראא 500 גרם,,,גלי אלזהראא 500 גרם,גרמים,500.00,100 גרם,false,,19.90,0.0398,true,1,268525
7290012001994,false,חרדל דיז'ון גרעינים 350 ג' ריין דיזון,ריין דיז'ון reine dijon,FR,חרדל דיגון גרעינים,גרמים,350.00,100 גרם,false,,13.90,0.0397,true,1,141663
7290012019272,false,"רסק תפו""ע וקינמון תומר מארז113X4ג'",Cherry growers inc,IL,"מחית תפו""ע עם קינמון",יחידה,4.00,יחידה,false,,12.90,3.2250,true,1,110910
7290012022203,false,פריכיות קליליות חיטה,דילייט 2005,IL,קליליות חיטה מלאה 10,גרמים,100.00,100 גרם,false,,13.50,0.1350,true,1,137991
7290012022227,false,קליליות חיטה טעם טבעי,דילייט 2005,IL,קליליות בטעם טבעי,יחידה,0.00,יחידה,false,,11.50,0.0000,true,1,137992
7290012022272,false,פריכיות קליליות קידס,דילייט 2005,IL,קליליות קידס,יחידה,0.00,יחידה,false,,10.60,0.0000,true,1,154595
7290012052309,false,גרנולה בננה צימוקים ושקדים מרכיבים טבעיים 1 ק''ג,רפאלס,IL,גרנולה טבעית בננה צי,גרמים,1000.00,100 גרם,false,,24.90,0.0249,true,1,144856
7290012052316,false,"גרנולה תענוג 1 ק""ג - שפע פירות",רפאלס,IL,תענוג גרנולה פירות י,יחידה,0.00,יחידה,false,,24.90,0.0000,true,1,144857
7290012052323,false,מוזלי עם פירות יבשים ושקדים ללא תוספת סוכר,רפאלס,IL,תענוג גרנולה מוזלי פ,קילוגרמים,1.00,"ק""ג",false,,24.90,24.9000,true,1,144858
7290012052330,false,גרנולה תענוג חלבה ותמרים 1 ק''ג,רפאלס,IL,תענוג גרנולה 1קג,גרמים,1000.00,100 גרם,false,,24.90,0.0249,true,1,144859
7290012052347,false,גרנולה תענוג - ללא תוספת סוכר צימוקים ושקדים,רפאלס,IL,גרנולה תענוג תערובת,יחידה,0.00,יחידה,false,,24.90,0.0000,true,1,144860
7290012052910,false,7 דגנים - חטיף תפוח קינמון 7 יח' 140 גרם,רפאלס,,שבעה דגנים חטיף תפוח,גרמים,140.00,100 גרם,false,,11.90,0.0850,true,1,153475
7290012099014,false,לפה לבנונית,,,לפה לבנונית,גרמים,600.00,100 גרם,false,,14.90,0.0248,true,1,142983
7290012116032,false,כיף פיות מרכך לסירוק קל 750 מל,טרופיקל דגיל תעשיות,IL,"כיף פיות מרכך 750 מ""",מיליליטרים,750.00,"100 מ""ל",false,,12.90,0.0172,true,1,109050
7290012116063,false,"כיף אל סבון פיות בתמציות קמומיל 750 מ""ל",טרופיקל דגיל תעשיות,IL,פיות אלסבון קמומיל 7,מיליליטרים,750.00,"100 מ""ל",false,,12.90,0.0172,true,1,186704
7290012116070,false,"אל סבון נוזלי פיות בתמציות אלוורה כיף 750 מ""ל",החברה הדרומית,IL,כיף פיות אלסבון אלוו,מיליליטרים,750.00,"100 מ""ל",false,,12.90,0.0172,true,1,186705
7290012116360,false,פוליויקס נוזל לניקוי רצפות גרניט פורצלן סנו 2 ליטר,"מפעלי סנו ברונוס בע""",IL,סנו פוליוקס גרניט פו,ליטרים,2.00,ליטר,false,,20.00,10.0000,true,1,231841
7290012116551,false,אנטי קאלק נוזל לניקוי כללי סנו 2 ליטר,מיוצר עי קונדיטוריית,IL,סנו אנטי קאלק 4 באחד,ליטרים,2.00,ליטר,false,,19.90,9.9500,true,1,109064
7290012116674,false,"דאודורנט גל קול 75 מ""ל קרמה מן",קוסמופארם,IL,קרמה מן דאודורנט גל,יחידה,0.00,יחידה,false,,13.90,0.0000,true,1,109070
7290012117091,false,אבקת -כביסה סנו מקסימה סנסיטיב 6 קג,סנו מקסימה,IL,אבקת -כביסה סנו מקסי,קילוגרמים,6.00,"ק""ג",false,,49.90,8.3167,true,1,249943
7290012117275,false,"קליר שקית מילוי לניקוי חלונות סנו 750 מ""ל",טרופיקל דגיל תעשיות,IL,סנוקליר שקית מילוי 7,מיליליטרים,750.00,"100 מ""ל",false,,6.90,0.0092,true,1,249944
7290012117411,false,"שמפו וג'ל רחצה רויבוס 700 מ""ל ""קרמה""",החברה הדרומית,IL,גל רחצה קרמה לגבר 70,מיליליטרים,700.00,"100 מ""ל",false,,17.90,0.0256,true,1,249949
7290012117428,false,"ג'ל רחצה ושמפו מעיינות מנטה קרמה מן 700 מ""ל",טרופיקל דגיל תעשיות,IL,שמפו גל רחצה קרמה לג,מיליליטרים,700.00,"100 מ""ל",false,,17.90,0.0256,true,1,249950
7290012117435,false,"קרמה - שמפו וג'ל רחצה 2 ב-1 אלוורה 700 מ""ל",טרופיקל דגיל תעשיות,IL,גל רחצה קרמה לגבר 70,מיליליטרים,700.00,"100 מ""ל",false,,17.90,0.0256,true,1,231850
7290012117626,false,שטיפת פה דנטלית לילדים בטעם ענבים בוב ספוג,החברה הדרומית,IL,אורביטול בוב ספוג מי,מיליליטרים,250.00,"100 מ""ל",false,,13.90,0.0556,true,1,231855
7290012117732,false,מקסימה מרכך כביסה ארומתרפי קול סנו 4 ליטר,"סנו מפעלי ברונוס בע""",IL,מרכך מקסימה קול 4 לי,ליטרים,4.00,ליטר,false,,22.90,5.7250,true,1,109124
7290012117916,false,אינסטלטור נוזל לפתיחת סתימות סנו 1 ליטר,"סנו מפעלי ברונוס בע""",IL,סנו אינסטלטור פותח ס,ליטרים,1.00,ליטר,false,,23.90,23.9000,true,1,109131
7290012139499,false,בג עצם לחוצה מעושנת בציפוי עוף 5 מקט ח,בונזו,,בונזו ג'וי עצם לחוצה,גרמים,165.00,100 גרם,false,,19.00,0.1152,true,1,141666
7290012139567,false,בונזו ג'וי ביסקוויט עוף 122 גרם,בונזו,,בונזו ג'וי ביסקוויט,יחידה,0.00,יחידה,false,,20.20,0.0000,true,1,141668
7290012159275,false,מיונז אמיתי 430 גרם LINA,לינה,,לינה מיונז אמיתי 430,גרמים,430.00,100 גרם,false,,10.90,0.0253,true,1,127877
7290012159411,false,לבבות דקל חתוך לינה 400 גרם,יושלם,IL,כפרי וביתי לבבות דקל,גרמים,400.00,100 גרם,false,,8.90,0.0223,true,1,127886
7290012159480,false,יין לבן חצי יבש מבעבע גוטה דה מרוויה,,,קאווה גוטה 700מל,יחידה,700.00,יחידה,false,,27.90,0.0399,true,1,127887
7290012159497,false,יין לבן יבש מבעבע גוטה דה מרוויה Gota De Maravilla,,IL,קאווה גוטה אדום 750,מיליליטרים,750.00,"100 מ""ל",false,,27.90,0.0372,true,1,127888
7290012173158,false,גרמלי בינס 120 גרם,,,גרמלי בינס 120 גרם,גרמים,150.00,100 גרם,false,,5.90,0.0393,true,1,243531
7290012173301,false,זארובי-פיסטוק קלוי 3,זארובי,,פיסטוק קלוי 300 גרם,יחידה,0.00,יחידה,false,,28.90,0.0000,true,1,243455
7290012173325,false,בוטנים קלופים קופסא,זארובי,,בוטנים אא 350 גרם,יחידה,0.00,יחידה,false,,17.90,0.0000,true,1,243456
7290012173639,false,בלוק חמוץ מסוכר 120,,,בלוק חמוץ מסוכר 120,גרמים,120.00,100 גרם,false,,5.90,0.0492,true,1,243892
7290012173684,false,גומי בננה 100 גרם,,,גומי בננה 100 גרם,גרמים,100.00,100 גרם,false,,5.90,0.0590,true,1,243535
7290012173769,false,תות וניל 100 גרם,,,תות וניל 100 גרם,גרמים,100.00,100 גרם,false,,5.90,0.0590,true,1,243536
7290012173783,false,חתוך צבעוני 100 גרם,,,חתוך צבעוני 100 גרם,גרמים,120.00,100 גרם,false,,5.90,0.0492,true,1,243537
7290012173882,false,גרענים שחורים זארובי 150ג',זארובי,IL,גרעינים שחורים 350 ג,יחידה,0.00,יחידה,false,,10.90,0.0000,true,1,243457
7290012191886,false,שמאי - גפרור ענק,,IN,שמאי - גפרור ענק,יחידה,0.00,יחידה,false,,6.90,0.0000,true,1,179844
7290012193163,false,סבון נוזלי פמלי לקשרי פריחת הדובדבן 1 ל,אף.סי תבליני בגליל ב,IL,פמלי אל סבון פרחי בר,יחידה,0.00,יחידה,false,,12.90,0.0000,true,1,140148
7290012226014,false,נקניקיות וינר זוגלובק 800 גרם,נקניק נהריה כשר זוגל,IL,נקניקיות וינר 800 גר,גרמים,800.00,100 גרם,false,,21.90,0.0274,true,1,134365
7290012226021,false,נקניק סלמי מעושן פראג זוגלובק 400 גרם,נקניק נהריה כשר זוגל,IL,סלמי מעושן פראג 400,גרמים,400.00,100 גרם,false,,15.90,0.0398,true,1,134366
7290012226076,false,חרמון הודו ועוף 200 ג' זוגלובק,זוגלובק,IL,זוגלובק חרמון 200 גר,גרמים,200.00,100 גרם,false,,16.00,0.0800,true,1,134367
7290012226120,false,"קבנוס 135 גרם ""זוגלובק""",נקניק נהריה כשר זוגל,IL,קבנוס 135 גר' זוגלוב,גרמים,135.00,100 גרם,false,,9.90,0.0733,true,1,134369
7290012226342,false,נקניקיה טבעונית למחבת או לתנור עשירה בחלבון,זוגלו'ס Zoglos,IL,נקניקיה טבעונית 460,גרמים,460.00,100 גרם,false,,28.90,0.0628,true,1,180438
7290012226922,false,קבנוס בטעם שום זוגלובק 135 גרם,נקניק נהריה כשר זוגל,IL,קבנוס עם שום 135 גר',גרמים,135.00,100 גרם,false,,9.90,0.0733,true,1,134373
7290012226939,false,קבנוס עם צ'ילי חריף זוגלובק 135 גרם,נקניק נהריה כשר זוגל,IL,קבנוס עם צ'ילי חריף,גרמים,135.00,100 גרם,false,,9.90,0.0733,true,1,134374
7290012226991,false,"נקניקיות עוף באריזת ג''מבו 1.5 ק""ג זוגלובק",נקניק נהריה כשר זוגל,IL,נקניקיות ג'מבו 1.5 ק,יחידה,1.50,יחידה,false,,26.70,17.8000,true,1,134379
7290012227172,false,חרמן הודו בדבש וברביקיו זוג במארז 600 ג' זוגלובק,נקניק נהריה כשר זוגל,IL,ח.עוף והודו בדבש 300,גרמים,600.00,100 גרם,false,,25.90,0.0432,true,1,134386
7290012227325,false,סלמי דק דק מעושן איטלקי 120 ג' זוגלובק,זוגלובק,IL,סלמי מעושן איטלקי 12,גרמים,120.00,100 גרם,false,,13.90,0.1158,true,1,179041
7290012227400,false,נקניקיות עוף זוגלובק 800 גרם,נקניק נהריה כשר זוגל,IL,נקניקיות עוף 800 גר',גרמים,800.00,100 גרם,false,,21.90,0.0274,true,1,134392
7290012227653,false,חרמון הודו ועוף ואקום,זוגלובק,,חרמון עוף והודו וואק,גרמים,400.00,100 גרם,false,,18.90,0.0472,true,1,156234
7290012227660,false,"סלמי תה מעושן בוואקום 400 גרם ""זוגלובק""",זוגלובק,,סלמי תה מעושן וואקום,גרמים,400.00,100 גרם,false,,18.90,0.0472,true,1,156235
7290012227691,false,סלמי תה פפרוני 360 ג',זוגלובק,IL,סלמי תה פפרוני 360,יחידה,0.00,יחידה,false,,18.90,0.0000,true,1,156237
7290012227912,false,קבנוס עודן 135 ג' זוגלובק,זוגלובק,IL,קבנוס מעודן 135 גר',גרמים,135.00,100 גרם,false,,9.90,0.0733,true,1,186662
7290012227974,false,פסטרמה הודו בדבש טהור דק דק דק,זוגלובק,IL,פסטרמה הודו בדבש טהו,גרמים,200.00,100 גרם,false,,13.90,0.0695,true,1,179042
7290012227981,false,פסטרמה דק דק ברביקיו 120 ג' זוגלובק,זוגלובק,IL,פסטרמה ברביקיו 120 ג,גרמים,120.00,100 גרם,false,,13.90,0.1158,true,1,179043
7290012227998,false,פסטרמה דק דק חזה בקר 120 ג' זוגלובק,זוגלובק,IL,חזה בקר 120 גר' דק ד,גרמים,120.00,100 גרם,false,,13.90,0.1158,true,1,179066
7290012228124,false,קבנוס סטיקס עם נגיעות מלח ים סדרת ריינהולד'ס,זוגלובק,IL,קבנוסטיקס-חטיף קבנוס,יחידה,0.00,יחידה,false,,9.90,0.0000,true,1,183771
7290012228261,false,נקנקיות קנקרס הודו ועוף ריינהולד'ס זוגלובק 300 ג',זוגלובק,IL,קנקרס נקניקיה עוף וה,גרמים,300.00,100 גרם,false,,19.90,0.0663,true,1,171471
7290012228278,false,נקנקיות בוקוורסט עוף ובקר ריינהולד'ס 310 ג' זוגלובק,זוגלובק,IL,בוקוורסט נקניקיה עוף,גרמים,310.00,100 גרם,false,,19.90,0.0642,true,1,171472
7290012228728,false,קבנוס סטיקס בסגנון מקסיקני חריף סדרת ריינהולד'ס,זוגלובק,IL,זוגלובק קבנוס סטיקס,יחידה,0.00,יחידה,false,,9.90,0.0000,true,1,199236
7290012228797,false,"נקניקיות ביג קנקרס 500 גרם , זוגלובק",,,נקניקיות ביג קנקרס 5,גרמים,500.00,100 גרם,false,,13.90,0.0278,true,1,202948
7290012228988,false,חרמון הודו ועוף בדבש זוגלובק 200 ג',זוגלובק,IL,חרמון עוף והודו בדבש,גרמים,200.00,100 גרם,false,,14.90,0.0745,true,1,210712
7290012245312,false,"צ'יפס אמריקאי 1.5 ק""ג גולד שארית",יוליניבר,BE,גולד 7*7 צ'יפס אמריק,יחידה,0.00,יחידה,false,,19.90,0.0000,true,1,256098
7290012245329,false,"צ'יפס קלאסי 1.5 ק""ג גולד שארית",יוליניבר,IL,גולד צ'יפס קלאסי - 1,יחידה,0.00,יחידה,false,,19.90,0.0000,true,1,256099
7290012245336,false,"גולד צ'יפס סטייק 1.5 ק""ג גולד שארית",אגריסטו,IL,גולד סטייק צ'יפס 1.5,יחידה,0.00,יחידה,false,,19.90,0.0000,true,1,256100
7290012251092,false,פילה סלמון מנות ללא עור 800 גרם קפוא,,NO,‎מנות‎ ‎סלמון‎ ‎פילה,יחידה,0.00,יחידה,false,,89.90,0.0000,true,1,257159
7290012260827,false,שערות קדאיף מזאווי 4,"ממתקי מזוואי בע""מ",IL,קדאייף 475 גרם,גרמים,475.00,100 גרם,false,,14.90,0.0314,true,1,245065
7290012260889,false,בקלאווה מארז 12 יח 3,,,בקלאווה מארז 12 יח 3,גרמים,350.00,100 גרם,false,,19.90,0.0569,true,1,245066
7290012275401,false,מולר בירה לבנה בקבוק גרמנית 500מל,הלניק בריויריס אוף א,GR,בירה מולר בקבוק 500,מיליליטרים,500.00,"100 מ""ל",false,,3.90,0.0078,true,1,238860
7290012309878,false,חלבה פיסטוק 500 גרם ששון הקולה,ששון הקולה,IL,חלבה פיסטוק 500גר די,גרמים,500.00,100 גרם,false,,14.30,0.0286,true,1,133117
7290012309939,false,חלבה מסולסלת דין שיווק 500 ג',אף.סי תבליני בגליל ב,IL,חלבה מסולסלת 500גר ד,גרמים,500.00,100 גרם,false,,15.90,0.0318,true,1,133120
7290012313141,false,מלפפון פרוס במלח A2 ק.יבנה 540ג',אף.סי תבליני בגליל ב,IL,שימורי יבנה פרוסות מ,גרמים,540.00,100 גרם,false,,4.90,0.0091,true,1,216913
7290012313240,false,יבנה זיתים מיקס ירוק וקלמטה 560 גר',קבוצת יבנה,,מיקס זית ירוק וקלמטה,יחידה,0.00,יחידה,false,,10.90,0.0000,true,1,224631
7290012313554,false,עלי גפן ממולאים יבנה,אסמה קונסרבסיליק גיד,TR,עלי גפן ממולאים ‏400,יחידה,0.00,יחידה,false,,7.90,0.0000,true,1,186209
7290012367700,false,קרם גוף אינטנסיב רליף Intensive relief לעור יבש ומגורה,"ד""ר פישר Dr fischer",IL,אפקטיב קר ק.גוף ש.שו,מיליליטרים,700.00,"100 מ""ל",false,,29.90,0.0427,true,1,138130
7290012367717,false,קרם ידיים וציפורניים Intensive relief לעור יבש ומגורה,פישר מעבדות פרמצבטיו,IL,אפקטיב קר קרם ידיים,יחידה,0.00,יחידה,false,,15.90,0.0000,true,1,138131
7290012404955,false,נקטר חמוציות ספרינג קולקשן 1.25 ליטר,"יפאורה תבורי בע""מ",IL,ספרינג קולקשן נקטר ח,ליטרים,1.25,ליטר,false,,12.90,10.3200,true,1,114646
7290012404993,false,נקטר דיאט חמוציות ספרינג קולקשן 1.25 ליטר,"יפאורה תבורי בע""מ",IL,ספרינג קולקשן נקטר ד,ליטרים,1.25,ליטר,false,,12.90,10.3200,true,1,114648
7290012413636,false,תה ירוק צאי מסאלה 25 שקיקים 1.5 גרם,ויסוצקי ירוק,IL,תה ירוק מסאלה 37.5 ג,יחידה,0.00,יחידה,false,,24.90,0.0000,true,1,126633
7290012413643,false,תה ירוק קמומיל 25 שקיקים ויסוצקי,ויסוצקי ירוק,IL,ויסוצקי תה ירוק קמומ,יחידה,25.00,יחידה,false,,24.90,0.9960,true,1,126634
7290012453151,false,עדן רסק עגבניות 400,,,עדן רסק עגבניות 400,גרמים,400.00,100 גרם,false,,5.90,0.0148,true,1,240954
7290012453168,false,תירס A9 עדן,,,תירס A9 עדן,קילוגרמים,2.52,"ק""ג",false,,25.90,10.2778,true,1,223469
7290012453182,false,עדן מלפפונים במלח 13,,,עדן מלפפונים במלח 13,גרמים,385.00,100 גרם,false,,8.90,0.0231,true,1,153566
7290012453410,false,זיתים חרוזית ירוק A2,,,זיתים חרוזית ירוק A2,יחידה,0.00,יחידה,false,,7.90,0.0000,true,1,240956
7290012453427,false,זיתים מנזלינו ירוק A,,,זיתים מנזלינו ירוק A,יחידה,0.00,יחידה,false,,6.90,0.0000,true,1,240957
7290012453434,false,זיתים טבעות ירוק A2,,,זיתים טבעות ירוק A2,יחידה,0.00,יחידה,false,,8.90,0.0000,true,1,176135
7290012453519,false,מלפפונים בחומץ 7-9,,,מלפפון בחומץ 7-9 20%,יחידה,0.00,יחידה,false,,6.90,0.0000,true,1,240951
7290012453533,false,מלפפון בחומץ 13-17,,,מלפפון בחומץ 13-17,יחידה,0.00,יחידה,false,,8.90,0.0000,true,1,240959
7290012453540,false,מלפפון בחומץ 18/25 A,,,מלפפון בחומץ 18/25 A,יחידה,0.00,יחידה,false,,9.90,0.0000,true,1,190802
7290012522581,false,טבעול שניצל תירס ללא גלוטן טבעול 664 גרם,עיצובים 2020 (4.8),IL,טבעול שניצל תירס ללא,גרמים,664.00,100 גרם,false,,29.90,0.0450,true,1,123598
7290012561337,false,כורכום טרי כתוש קפוא דורות 70 גר,גוד פוד פרודקטס S.p,IL,דורות כורכום טרי כתו,יחידה,0.00,יחידה,false,,10.90,0.0000,true,1,196173
7290012561405,false,דורות בצל חצי מטוגן 180 גרם,עיצובים 2020 (3.8),IL,בצל חצי מטוגן דורות,גרמים,180.00,100 גרם,false,,10.90,0.0606,true,1,123605
7290012588242,false,"מים מינרלים מיי וואטר כדורגל מארז 500X6מ""ל",נרה קריטיס אס איי בא,GR,כדורגל מים מינרלים ב,יחידה,6.00,יחידה,false,,15.90,2.6500,true,1,179618
7290012637117,false,חליטת צמחים בשקיקים,,,חליטת צמחים בשקיקים,יחידה,0.00,יחידה,false,,19.90,0.0000,true,1,138650
7290012637124,false,חליטת צמחים בשקיקים,,,חליטת צמחים בשקיקים,יחידה,0.00,יחידה,false,,19.90,0.0000,true,1,138651
7290012642036,false,"פסטה ""לה פסטה"" 400 ג' ספגטי 400 ג'",מוטלו,TR,לה פסטה 5 ספגטי 400,גרמים,400.00,100 גרם,false,,3.90,0.0097,true,1,267291
7290012642678,false,אננס בכוסות פלסטיק 4*113 ג' תומר,תומר,,תומר אננס בכוסות פלס,גרמים,452.00,100 גרם,false,,10.10,0.0223,true,1,110950
7290012642814,false,פלפלים חריפים מעורבים כבושים שלמים,תומר,,פלפלים מעורבים כבושי,גרמים,540.00,100 גרם,false,,11.10,0.0206,true,1,110954
7290012642838,false,רצועות פלפלים אדומים מוחמצים,תומר,IL,רצועות פלפל אדום כבו,גרמים,520.00,100 גרם,false,,14.00,0.0269,true,1,110955
7290012642852,false,פלפל אדום קלוי על האש עם שום 540 תומר,,IL,פלפל אדום קלוי על הא,גרמים,540.00,100 גרם,false,,11.10,0.0206,true,1,110957
7290012642876,false,פלפלונים מעורב צבעוני בחומץ חריף6X,יושלם,,פלפלונים מעורבים כבו,גרמים,530.00,100 גרם,false,,11.10,0.0209,true,1,110959
7290012642906,false,פלפלים ירוקים מוחמצים שלמים בחריפות עדינה,תומר,,פלפלים ירוקים כבוש 4,גרמים,450.00,100 גרם,false,,10.20,0.0227,true,1,110961
7290012645020,false,"יוגורט עיזים טבעי 500 גרם ""חלב הארץ""",חלב הארץ,IL,בקבוק יוגורט עיזים ט,גרמים,500.00,100 גרם,false,,11.90,0.0238,true,1,220277
7290012645112,false,"יוגורט עיזים בדלי 750 גרם ""חלב הארץ""",מחלבות סוסיא,IL,דלי יוגורט עיזים 750,גרמים,750.00,100 גרם,false,,19.90,0.0265,true,1,166772
7290012645129,false,"יוגורט כבשים בדלי 750 גרם ""חלב הארץ""",מחלבות סוסיא,IL,דלי יוגורט כבשים 750,גרמים,750.00,100 גרם,false,,19.90,0.0265,true,1,166773
7290012697388,false,סוכרזית מצמח הסטיוויה כפית לכפית 100 גר,סוכרזית Sucrazit,IL,סוכרזית סטיוויה 100,גרמים,100.00,100 גרם,false,,33.90,0.3390,true,1,129836
7290012803055,false,סוכרלוז מרמולייט- 100שקיות אישיות,תות ממתקי איכות,IL,מרמולייט סוכרלוז 100,יחידה,100.00,יחידה,false,,35.00,0.3500,true,1,140159
7290012803215,false,וופל בלגי בטעם שוקולד ללא תוספת סוכר,בטר אנד דיפרנט,IL,טוסו וופל בלגי שוקול,גרמים,200.00,100 גרם,false,,10.90,0.0545,true,1,140163
7290012803321,false,מרמולייט סוכרלוז 200 שקיות אישיות,מרמולייט,IL,מרמולייט סוכרלוז 200,יחידה,200.00,יחידה,false,,55.00,0.2750,true,1,140166
7290012803765,false,טוסו שוקולד מריר ללא תוספת סוכר 100 גרם,אלטינמארקה גידה סאן,TR,טוסו שוק.מריר 100 גר,יחידה,0.00,יחידה,false,,13.00,0.0000,true,1,140181
7290012803789,false,טוסו שוקולד מריר עם אגוזים ללא תוספת סוכר 100 גרם,האי נאם סי או אל.טי.,TR,טוסו שוק.מריר ואגוזי,יחידה,0.00,יחידה,false,,13.00,0.0000,true,1,140183
7290012803796,false,טוסו שוקולד חלב עם אגוזים ללא תוספת סוכר 100 גר',אלטינמארקה גידה סאן,TR,טוסו שוק.חלב ואגוזים,גרמים,100.00,100 גרם,false,,13.00,0.1300,true,1,140184
7290012823398,false,מטליות חד פעמיות לניקוי הרצפה בניחוח מרכך כביסה 10יח' סנו,סנו מפעלי ברונו בעמ,IL,ריצפז מטליות לחות לנ,יחידה,10.00,יחידה,false,,13.90,1.3900,true,1,231862
7290012823404,false,מטהר אוויר פרש אוטומטיק יסמין וסנדלווד,סנו פרש Fresh,,סנו פרש אוטומטיק יסמ,יחידה,250.00,יחידה,false,,15.90,0.0636,true,1,231863
7290012823541,false,ריצפז פרש מטליות לחות לרצפה בניחוח לבנדר 10 יחידות,"סנו מפעלי ברונוס בע""",IL,ריצפז פרש מטליות חד,יחידה,10.00,יחידה,false,,13.90,1.3900,true,1,231865
7290012823565,false,פוליויקס מטליות ענק לחות לפרקט סנו 10 יחידות,דינאמיק תעשיות,IL,פוליויקס פרקט מטליות,יחידה,10.00,יחידה,false,,14.90,1.4900,true,1,109166
7290012823589,false,ריצפז פרש בניחוח לימון מרענן,סנו פרש Fresh,IL,ריצפז פרש לימון 2 לי,ליטרים,2.00,ליטר,false,,17.90,8.9500,true,1,109168
7290012823794,false,כיף אלסבון 2ליטר יסמין לבנדר,קוסמופארם,IL,כיף אל סבון 2 ליטר,ליטרים,2.00,ליטר,false,,22.90,11.4500,true,1,231869
7290012850073,false,מחית בוליווד סלט פירות 190 גרם,בילובד Beloved,SK,מחית סלט פירות 190 ג,גרמים,190.00,100 גרם,false,,4.90,0.0258,true,1,207389
7290012864001,false,נביטי חמניה 170ג',קרונוס,IL,נבטי העמק,יחידה,0.00,יחידה,false,,9.90,0.0000,true,1,140797
7290012864025,false,מיקס אלפלפא חמניה,קרלסברג יבוא יצוא,IL,אלפלפא נבטי העמק,יחידה,0.00,יחידה,false,,5.90,0.0000,true,1,140798
7290012884986,false,תפוגן ציפס לתנור עד 4% שומן 1.5 קג,"תעשיות תפוגן בע""מ",IL,תפוגן ציפס לתנור עד,קילוגרמים,1.50,"ק""ג",false,,25.20,16.8000,true,1,123608
7290012901355,false,דודלס ארוחת אטריות עם גבינה 206 גרם,האי נאם סי או אל.טי.,US,דודלס מקרוני גבינה א,יחידה,0.00,יחידה,false,,10.90,0.0000,true,1,186516
7290012901959,false,ארוחת אטריות עם גבינה מסולסלים 156 גרם,,US,ארוחת אטריות עם גבינ,גרמים,156.00,100 גרם,false,,10.90,0.0699,true,1,204036
7290012921025,false,"בקבוק בירה מלכה בהירה 330 מ""ל","בירה מלכה בע""מ",IL,בירה מלכה בהירה 330,מיליליטרים,300.00,"100 מ""ל",false,,13.90,0.0463,true,1,156789
7290012921032,false,"בקבוק בירה מלכה אדמונית 330 מ""ל","איי, בי, אינבוו",IL,בירה מלכה אדמונית 33,מיליליטרים,330.00,"100 מ""ל",false,,13.90,0.0421,true,1,156790
7290012921049,false,בירה מלכה כהה בסגנון,"בירה מלכה בע""מ",IL,"בירה מלכה כהה 330 מ""",מיליליטרים,330.00,"100 מ""ל",false,,13.90,0.0421,true,1,156791
7290012921056,false,"בקבוק בירה מלכה חיטה 330 מ""ל",מבשלת בירה ישראלית,IL,בירה מלכה חיטה 330 מ,מיליליטרים,330.00,"100 מ""ל",false,,13.90,0.0421,true,1,191184
7290012921063,false,בירה מלכה הינדי בבקבוק,"בירה מלכה בע""מ",IL,בירה מלכה הידי 330 מ,מיליליטרים,300.00,"100 מ""ל",false,,13.90,0.0463,true,1,156793
7290012931062,false,אטבי כביסה הדור החדש,מ.א ייצור ושיווק מטל,CN,אטבי הדור החדש,יחידה,0.00,יחידה,false,,6.90,0.0000,true,1,109893
7290012931697,false,כפפות לטקס מידה סמול,,,שייני כפפות לטקס 100,יחידה,0.00,יחידה,false,,19.90,0.0000,true,1,156982
7290012931703,false,כפפות מנתחים M א- 100 יח',,,שייני כפפות לטקס 100,יחידה,0.00,יחידה,false,,19.90,0.0000,true,1,156983
7290012931710,false,כפפות לטקס מידה לארג,,,שייני כפפות לטקס 100,יחידה,100.00,יחידה,false,,19.90,0.1990,true,1,156984
7290012931727,false,כפפות לטקס מידה אקס,,,שייני כפפות לטקס 100,יחידה,100.00,יחידה,false,,19.90,0.1990,true,1,254131
7290012936838,false,תבלין הל טחון תבליני מימון 35 גרם,א.ל ייצור ושיווק תבל,IL,מימון הל טחון 35 גרם,יחידה,0.00,יחידה,false,,16.90,0.0000,true,1,104803
7290012936852,false,תבלינים קימל טחון בצנצנות 40 גרם,א.ל ייצור ושיווק תבל,IL,מימון קימל טחון 40 ג,יחידה,0.00,יחידה,false,,7.90,0.0000,true,1,206319
7290012936913,false,תבלין סומק תבליני מימון 45 גרם,א.ל ייצור ושיווק תבל,IL,סומק צנצנת זכוכית 40,יחידה,0.00,יחידה,false,,10.90,0.0000,true,1,104811
7290012936937,false,תבלינים בהרט בצנצנת 40 גרם,א.ל ייצור ושיווק תבל,IL,מימון בהרט 40 גרם,יחידה,0.00,יחידה,false,,10.90,0.0000,true,1,104813
7290012938580,false,"סנסודיין משחת שיניים להלבנה עדינה 75 מ""ל",גלקסוסמית'קליין קונס,GB,סנסודיין הלבנה עדינה,יחידה,0.00,יחידה,false,,21.90,0.0000,true,1,131099
7290012938597,false,"סנסודיין משחת שיניים רפיד רליף 75 מ""ל","סמיתקליין ביצ'ם בע""מ",SK,סנסודיין רפיד רליף 7,גרמים,75.00,100 גרם,false,,24.90,0.3320,true,1,131100
7290012938740,false,"משחת שיניים פרש מינט מנטה 75מ""ל סנסודיין",גלקסו סמית קליין,GB,סנסודיין פרש מינט 75,יחידה,0.00,יחידה,false,,21.90,0.0000,true,1,131102
7290012938924,false,אקוהפרש מי פה ללא אלכוהול 500 מל,מולינו ניקולי s.p.a,GB,אקווה פרש מי פה 500,מיליליטרים,500.00,"100 מ""ל",false,,14.90,0.0298,true,1,170958
7290012956034,false,עארק קעוואר אדום 750,,,עארק קעוואר אדום 750,יחידה,750.00,יחידה,false,,84.90,0.1132,true,1,130965
7290012956058,false,"עארק אלפאשא 750 מ""ל",,,"עארק אלפאשא 750 מ""ל",יחידה,750.00,יחידה,false,,54.90,0.0732,true,1,130967
7290012962134,false,קסמי שיניים מפלסטיק עם מברשת,הוסטס Hostess,CN,קיסמי שיניים מפלסטי,יחידה,0.00,יחידה,false,,8.90,0.0000,true,1,213761
7290012962448,false,"מדליק פחם נוזלי 250 מ""ל עם פקק ביטחון EASY LIGHT",איזי לייט Easy light,NL,מדליק פחם נוזלי 250,יחידה,0.00,יחידה,false,,12.90,0.0000,true,1,213765
7290012962561,false,הוסטוס קיסמי שיניים 500 יח',הוסטס Hostess,,קיסמי שיניים 500 יח',יחידה,0.00,יחידה,false,,3.90,0.0000,true,1,213754
7290012989186,false,פורח ירוק,,,פורח ירוק,יחידה,0.00,יחידה,false,,29.90,0.0000,true,1,225439
7290012996672,false,סבון אסלה + בושם ל24 שעות ביום הפי,יוליניבר,IT,הפי סבון אסלה מבושם,יחידה,0.00,יחידה,false,,8.90,0.0000,true,1,183762
7290012996702,false,הפי ג'ל דוחה עש ומבשם לארון הבגדים,יעקבי - הפי Hepi,IT,שקיות ריחניות לבגדים,יחידה,0.00,יחידה,false,,10.00,0.0000,true,1,114457
7290013027399,false,לחם קמח מלא קל בתוספת שיפון 750 ג' אנג'ל,מאפיית שלמה א. אנג'ל,IL,לחם אנג'ל 100 בתוספת,גרמים,750.00,100 גרם,false,,15.90,0.0212,true,1,104920
7290013027535,false,לחם שיפון קל 750 ג' אנג'ל,,,לחם שיפון קל 500 גרם,גרמים,500.00,100 גרם,false,,11.90,0.0238,true,1,104921
7290013038432,false,מים מזוככים אקווה נובה,אקווה נובה Aqua Nova,IL,מי נובה 2 ליטר בודד,ליטרים,2.00,ליטר,false,,4.50,2.2500,true,1,121056
7290013083661,false,"מטרנה אקסטרה קר שלב 1 חסכון 700 גרם תמ""ל",מטרנה תעשיות ש.מ,IL,מטרנה אקסטרא קר שלב,גרמים,700.00,100 גרם,false,,59.90,0.0856,true,1,123610
7290013083678,false,תחליף חלב אקסטרה קר שלב 2 מטרנה 700 גרם,מולינו ניקולי s.p.a,IL,מטרנה אקסטרא קר שלב,גרמים,700.00,100 גרם,false,,59.90,0.0856,true,1,123611
7290013083685,false,תחליף חלב אקסטרה קר שלב 3 מטרנה 700 גרם,מטרנה תעשיות ש.מ,IL,מטרנה אקסטרא קר שלב,גרמים,700.00,100 גרם,false,,59.90,0.0856,true,1,123612
7290013117212,false,בורקס פילו במילוי גבינה מעדנות 600 גר,מיוצר עי קונדיטוריית,IL,מעדנות בורקס פילו גב,גרמים,600.00,100 גרם,false,,19.90,0.0332,true,1,104526
7290013117229,false,"בורקס פילו במילוי תפו""א מעדנות 600 גר",מיוצר עי קונדיטוריית,IL,מעדנות בורקס פילו תפ,גרמים,600.00,100 גרם,false,,19.90,0.0332,true,1,104527
7290013117236,false,בורקס פילו פיצה מעדנות 600 גרם,מיוצר עי קונדיטוריית,IL,מעדנות בורקס פילו פי,גרמים,600.00,100 גרם,false,,21.90,0.0365,true,1,104528
7290013117243,false,בורקס פילו בולגרית מעדנות 600 גרם,מיוצר עי קונדיטוריית,IL,מעדנות בורקס פילו בו,גרמים,600.00,100 גרם,false,,19.90,0.0332,true,1,104529
7290013117410,false,בצק פריך מרודד למאפים מתוקים 900 ג' מעדנות,מיוצר עי קונדיטוריית,IL,מעדנות בצק פריך מרוד,גרמים,900.00,100 גרם,false,,18.90,0.0210,true,1,104532
7290013117427,false,בצק פריך מרודד למאפים מלוחים מעדנות 2*450 גרם,מיוצר עי קונדיטוריית,IL,מעדנות בצק פריך מרוד,גרמים,900.00,100 גרם,false,,18.90,0.0210,true,1,104533
7290013117526,false,בצק שמרים מרודד למאפים מתוקים מעדנות 900 גרם,"מעדנות בע""מ",IL,מעדנות בצק שמרים למא,גרמים,900.00,100 גרם,false,,18.90,0.0210,true,1,104538
7290013121103,false,רביעיית שליש בגט ללא גלוטן 400 גר,אביב קונדיטוריה מעול,IL,שליש בגט,יחידה,0.00,יחידה,false,,16.90,0.0000,true,1,134588
7290013121110,false,רביעיית לחמניות בורגר 350 גרם ללא גלוטן,אביב קונדיטוריה מעול,IL,גרין לייט רביעיית לח,גרמים,350.00,100 גרם,false,,14.90,0.0426,true,1,134589
7290013121127,false,לחמניות מיני ללא גלוטן 420 גר קפוא,אביב קונדיטוריה מעול,IL,לחמניות מיני ללא גלו,גרמים,420.00,100 גרם,false,,16.90,0.0402,true,1,134590
7290013121134,false,בייגל ללא גלוטן 430 גר קפוא,אביב קונדיטוריה מעול,IL,בייגל ללא גלוטן 430,גרמים,430.00,100 גרם,false,,17.90,0.0416,true,1,134591
7290013121158,false,רביעיית לחמניות סנדביץ 460 גרם ללא גלוטן,אביב קונדיטוריה מעול,IL,גרין לייט שליש באגט,גרמים,400.00,100 גרם,false,,16.90,0.0422,true,1,134593
7290013121165,false,שישיית לחמניות ללא גלוטן 460 גר קפוא,אביב קונדיטוריה מעול,IL,גרין לייט לחמניות נק,גרמים,460.00,100 גרם,false,,16.90,0.0367,true,1,134594
7290013121752,false,לחם לבן ביתי ללא גלוטן 700 גר קפוא,אביב קונדיטוריה מעול,IL,גרין לייט לחם לבן בי,גרמים,700.00,100 גרם,false,,19.90,0.0284,true,1,134616
7290013121769,false,רביעיית שליש באגט ללא תוספת סוכר וללא גלוטן,אביב קונדיטוריה מעול,IL,גרין לחמניות שליש בג,יחידה,0.00,יחידה,false,,16.90,0.0000,true,1,134617
7290013121776,false,לחם כפרי ללא תוספת סוכר וללא גלוטן,אביב קונדיטוריה מעול,IL,גרין לייט לחם כפרי ל,גרמים,500.00,100 גרם,false,,19.90,0.0398,true,1,134618
7290013144171,false,"תערובת עוגת שוקולד 560 גרם ""מיימונס""",מיוצר עי קונדיטוריית,IL,תערובת עוגת שוקולד 5,גרמים,560.00,100 גרם,false,,17.90,0.0320,true,1,149223
7290013144188,false,מימונס תערובת להכנת בראוניז 600 גרם,א.ל ייצור ושיווק תבל,IL,תערובת בראוניס 600גר,גרמים,600.00,100 גרם,false,,17.90,0.0298,true,1,149225
7290013144195,false,מיימונס תערובת כדורי שוקולד 500 גרם.,מיוצר עי קונדיטוריית,IL,תערובת כדורי שוקולד,גרמים,500.00,100 גרם,false,,17.90,0.0358,true,1,149227
7290013144201,false,מיימונס תערובת פנקייק 400 גרם,מיוצר עי קונדיטוריית,IL,תערובת להכנת פנקייק,גרמים,400.00,100 גרם,false,,15.90,0.0398,true,1,149229
7290013144218,false,מיימונס תערובת עוגת וניל 560 גרם.,מיוצר עי קונדיטוריית,IL,תערובת עוגת וניל 560,גרמים,560.00,100 גרם,false,,17.90,0.0320,true,1,149231
7290013144232,false,מיימונס פודינג בטעם וניל 80 גרם,מיוצר עי קונדיטוריית,IL,פודינג וניל 85 גרם,יחידה,0.00,יחידה,false,,5.50,0.0000,true,1,149235
7290013144249,false,מיימונס פודינג שוקולד 95 גרם,א.ל ייצור ושיווק תבל,IL,פודינג שוקולד 95 גרם,יחידה,0.00,יחידה,false,,5.50,0.0000,true,1,149237
7290013144317,false,מימונס ג'וני גלילית וופל למילוי 18 יחידות,הגביע מוצרי וופלים ב,IL,ג'וני - גלילית וופל,יחידה,18.00,יחידה,false,,21.90,1.2167,true,1,149245
7290013144409,false,"תמצית בטעם רום מימונס 50 מ""ל",מיוצר עי קונדיטוריית,IL,תמצית בטעם רום 50 גר,יחידה,0.00,יחידה,false,,4.90,0.0000,true,1,149261
7290013144416,false,"תמצית בטעם שקדים מימונס 50 מ""ל",מיוצר עי קונדיטוריית,IL,תמציתבטעם שקדים 50ג,יחידה,0.00,יחידה,false,,4.90,0.0000,true,1,149263
7290013144447,false,"תמצית בטעם תפוז מימונס 50 מ""ל",מימונס אפייה,IL,תמצית בטעם תפוז 50גר,יחידה,0.00,יחידה,false,,9.90,0.0000,true,1,149265
7290013144508,false,"תמצית בטעם ורדים מיימונס 50 מ""ל",מיוצר עי קונדיטוריית,IL,תמצית בטעם ורדים 50,יחידה,0.00,יחידה,false,,9.90,0.0000,true,1,149275
7290013144515,false,מיימונס צבע מאכל צהוב 50 גרם,מיוצר עי קונדיטוריית,IL,צבע מאכל צהוב 50גר,יחידה,0.00,יחידה,false,,4.30,0.0000,true,1,149277
7290013144522,false,מימונס צבע מאכל ירוק 50 גרם,מיוצר עי קונדיטוריית,IL,צבע מאכל ירוק 50 גרם,יחידה,0.00,יחידה,false,,4.30,0.0000,true,1,149278
7290013144539,false,מימונס צבע מאכל אדום 50 גרם,מיוצר עי קונדיטוריית,IL,צבע מאכל אדום 50גר,יחידה,0.00,יחידה,false,,4.30,0.0000,true,1,149280
7290013144560,false,מיימונס צבע מאכל כחול 50 גרם,מיוצר עי קונדיטוריית,IL,צבע מאכל כחול 50גר,יחידה,0.00,יחידה,false,,4.30,0.0000,true,1,149284
7290013144614,false,"מיימונס סירופ מייפל אמיתי 100% מקנדה 236 מ""ל",הנסיך- מפעל לייצור ט,CA,סירופ מייפל אמיתי 10,מיליליטרים,236.00,"100 מ""ל",false,,39.90,0.1691,true,1,149286
7290013144751,false,מימונס סירופ בטעם מייפל 500 מל,מימונס אפייה,IL,מימונס סירופ בטעם מי,גרמים,500.00,100 גרם,false,,13.90,0.0278,true,1,149288
7290013144768,false,סירופ בטעם שוקולד מימונס 500ג',מימונס אפייה,IL,מימונס סירופ בטעם שו,גרמים,500.00,100 גרם,false,,13.90,0.0278,true,1,149290
7290013144805,false,אבקת אייס קפה דיאט 320 גרם מימונס,מימונס אפייה,IL,אייס קפה דיאט 245 גר,גרמים,245.00,100 גרם,false,,20.90,0.0853,true,1,268742
7290013144812,false,אבקת אייס קפה וניל 320 גרם מימונס,מימונס אפייה,IL,אייס וניל 320 גרם,גרמים,320.00,100 גרם,false,,17.90,0.0559,true,1,268743
7290013144911,false,מימונס מיקס שוקולד צ'יפס מריר וחלב 250 גרם,מימונס אפייה,IL,מיקס שוקולד צ'יפס מר,גרמים,250.00,100 גרם,false,,14.90,0.0596,true,1,268744
7290013145031,false,אגוזי לוז מסוכרים מיימונס 100 גרם,מיוצר עי קונדיטוריית,IL,מימונס ברס אגוזי לוז,יחידה,0.00,יחידה,false,,14.90,0.0000,true,1,149299
7290013145055,false,פרג שלם מיימונס 100 גרם,מימונס אפייה,IL,פרג שלם 100גר,יחידה,0.00,יחידה,false,,6.90,0.0000,true,1,149303
7290013145062,false,"סירופ מייפל אמיתי 100% מימונס 187 מ""ל",מימונס אפייה,,סירופ מייפל אמיתי 18,מיליליטרים,187.00,"100 מ""ל",false,,29.90,0.1599,true,1,171660
7290013145093,false,"שקד מולבן גרוס 100 גרם ""מיימונס",מימונס אפייה,IL,מימונס שקד מולבן גרו,גרמים,100.00,100 גרם,false,,13.90,0.1390,true,1,149307
7290013145109,false,מיימונס שקד מולבן טחון 100 גרם,מימונס אפייה,IL,מימונס שקד מולבן טחו,גרמים,100.00,100 גרם,false,,13.90,0.1390,true,1,149309
7290013145116,false,מיימונס שקד מולבן מקלות 100 גרם.,מימונס אפייה,IL,מימונס שקד מולבן מקל,יחידה,0.00,יחידה,false,,13.90,0.0000,true,1,149311
7290013145123,false,מיימונס שקד מולבן פרוס 100 גרם,מימונס אפייה,IL,מימונס שקד מולבן פרו,יחידה,0.00,יחידה,false,,13.90,0.0000,true,1,149313
7290013145178,false,קוקוס טחון לבן מיימונס 100 גרם,מימונס אפייה,IL,קוקוס טחון לבן 100גר,גרמים,100.00,100 גרם,false,,4.90,0.0490,true,1,149322
7290013145192,false,שומשום מיימונס 100 גרם,מימונס אפייה,IL,שומשום 100גר,יחידה,0.00,יחידה,false,,5.90,0.0000,true,1,149324
7290013145215,false,שומשום מימונס 400 גרם,מיוצר עי קונדיטוריית,IL,שומשום 400גר,גרמים,400.00,100 גרם,false,,16.90,0.0422,true,1,149326
7290013145277,false,עלים לקרמשניט 300 גר מימונס,מימונס אפייה,IL,עלים לקרמשניט 300 גר,גרמים,300.00,100 גרם,false,,16.90,0.0563,true,1,176998
7290013145390,false,מימונס שוקולד צ'יפס מהדרין 250 גר,אינטרגטה תעשיות מזון,IL,מימונס שוקולד ציפס מ,גרמים,250.00,100 גרם,false,,9.90,0.0396,true,1,149338
7290013145437,false,שוקולד מריר מעולה ציפס מימונס 250 ג',הנסיך- מפעל לייצור ט,IL,מימונס שוקולד ציפס 4,גרמים,250.00,100 גרם,false,,14.90,0.0596,true,1,149344
7290013145451,false,אבקת קקאו מימונס 150 ג',מיוצר עי קונדיטוריית,IL,מימונס קקאו 150 גר,גרמים,150.00,100 גרם,false,,9.90,0.0660,true,1,149348
7290013145529,false,סוכריות צבעוניות לקישוט מיימונס 90 גרם,א.ל ייצור ושיווק תבל,IL,מימונס סוכריות צבעונ,יחידה,0.00,יחידה,false,,5.90,0.0000,true,1,149352
7290013145536,false,סוכריות לקישוט בטעם שוקולד מיימונס 85 גרם,מימונס אפייה,IL,סוכריות בטעם שוקולד,יחידה,0.00,יחידה,false,,5.90,0.0000,true,1,149354
7290013145567,false,מיימונס מיני מיני עדשים 90 גרם.,מיוצר עי קונדיטוריית,IL,מיני מיני עדשים 90גר,יחידה,0.00,יחידה,false,,10.50,0.0000,true,1,149358
7290013145628,false,מימונס סוכריות צבעוניות לקישוט 200 גרם,א.ל ייצור ושיווק תבל,IL,מימונס סוכריות צבעונ,גרמים,200.00,100 גרם,false,,8.90,0.0445,true,1,149364
7290013145710,false,מיימונס דובדבנים מסוכרים 100 גרם,מיוצר עי קונדיטוריית,IL,דובדבנים מסוכרים 100,גרמים,100.00,100 גרם,false,,9.90,0.0990,true,1,149374
7290013145826,false,פודניג בטעם וניל לבן במיוחד מימונס 80 ג',א.ל ייצור ושיווק תבל,IL,מימונס פודינג בטעם ו,יחידה,0.00,יחידה,false,,5.90,0.0000,true,1,149388
7290013145833,false,פודינג שוקולד אמיתי מימונס 95 ג',א.ל ייצור ושיווק תבל,IL,מימונס פודינג שוקולד,יחידה,0.00,יחידה,false,,5.90,0.0000,true,1,149390
7290013145840,false,סוכר וניל מיימונס 10 יחידות,מיוצר עי קונדיטוריית,IL,מימונס סוכר וניל 10*,יחידה,10.00,יחידה,false,,2.90,0.2900,true,1,149392
7290013145857,false,אבקת אפיה מיימונס 10 יחידות,מימונס אפייה,IL,מימונס אבקת אפיה 10*,גרמים,10.00,גרם,false,,2.90,0.2900,true,1,149394
7290013145871,false,שמרים יבשים סטיק מימונס 5*11 ג',מימונס אפייה,IL,מימונס שמרים יבשים 5,יחידה,0.00,יחידה,false,,9.90,0.0000,true,1,149398
7290013145918,false,אבקת סוכר מיימונס 100 גרם,א.ל. ייצור ושיווק תב,IL,אבקת סוכר 100 גרם,גרמים,100.00,100 גרם,false,,1.90,0.0190,true,1,149402
7290013145956,false,שמרים יבשים בוואקום מיימונס 500 גרם,הנסיך- מפעל לייצור ט,CN,מימונס שמרים יבשים ב,גרמים,500.00,100 גרם,false,,14.90,0.0298,true,1,149410
7290013145963,false,שמרים יבשים בוואקום מיימונס 125 גרם,מימונס אפייה,CN,מימונס שמרים יבשים ב,גרמים,125.00,100 גרם,false,,5.90,0.0472,true,1,149412
7290013145970,false,קורנפלור מימונס בשקית 200 ג',א.ל ייצור ושיווק תבל,IL,מימונס קורנפלור 200,גרמים,200.00,100 גרם,false,,3.90,0.0195,true,1,149414
7290013146014,false,מלית אוכמניות 70% פרי מיימונס 400 גרם,אינטרגטה,IL,מלית אוכמניות 70% פר,גרמים,400.00,100 גרם,false,,15.90,0.0398,true,1,196337
7290013146267,false,"פודינג בטעם וניל שקית מימונס 1 ק""ג",,,מימונס פודינג וניל ב,קילוגרמים,1.00,"ק""ג",false,,22.90,22.9000,true,1,241961
7290013146274,false,מארז תחתיות מרנג 8 יחידות 100 גרם,סטולורגן - פארק תעשי,IL,מארז 8 יח' תחתיות מר,גרמים,100.00,100 גרם,false,,19.90,0.1990,true,1,198483
7290013146304,false,קורנפלור 500 גרם מימונס.,מימונס אפייה,IL,מימונס קורנפלור 500,גרמים,500.00,100 גרם,false,,6.90,0.0138,true,1,173847
7290013146403,false,סירופ בטעם קרמל מלוח מימונס 500 גרם,מימונס אפייה,IL,סירופ בטעם קרמל מלוח,גרמים,500.00,100 גרם,false,,16.90,0.0338,true,1,198491
7290013146427,false,מיני מרנג בצבע לבן מימונס 60 ג',"מימונס אפיה בע""מ",IL,נשיקות לקישוט צבע לב,יחידה,0.00,יחידה,false,,14.90,0.0000,true,1,209627
7290013146441,false,מיני מרנג בצבע ורוד מימונס 60 ג',"מימונס אפיה בע""מ",IL,נשיקות לקישוט צבע ור,יחידה,0.00,יחידה,false,,14.90,0.0000,true,1,209634
7290013146489,false,קונוסים מבצק עלים מימונס 120 ג',מימונס אפייה,IT,קונוסים מבצק עלים 12,גרמים,120.00,100 גרם,false,,15.90,0.1325,true,1,237557
7290013146656,false,כוכבים תכלת ירוק לבן לקישוט 60 גרם,"מימונס אפיה בע""מ",IL,כוכבים תכלת ירוק לבן,יחידה,0.00,יחידה,false,,11.90,0.0000,true,1,209635
7290013146663,false,סוכריות קונפטי לקישוט מימונס 55 ג',"מימונס אפיה בע""מ",IL,אטריות צבעוניות לקיש,יחידה,0.00,יחידה,false,,11.90,0.0000,true,1,205157
7290013146670,false,סוכריות לב סגול ורוד לבן לקישוט 60 גרם,"מימונס אפיה בע""מ",IL,סוכריות לב סגול ורוד,יחידה,0.00,יחידה,false,,11.90,0.0000,true,1,205158
7290013146724,false,אבקת אייס קפה 350 גרם מימונס,מימונס אפייה,IL,מימונס אייס קפה 350,גרמים,350.00,100 גרם,false,,19.90,0.0569,true,1,241962
7290013146854,false,קוקוס לבן טחון מימונס 400 ג',מימונס אפייה,IL,מיימונס קוקוס לבן טח,גרמים,400.00,100 גרם,false,,15.90,0.0398,true,1,149428
7290013153395,false,פריגת סחוט טרי רימונים 1ליטר,פריגת מצוננים,IL,פריגת סחוט רימונים 1,ליטרים,1.00,ליטר,false,,24.90,24.9000,true,1,138888
7290013153418,false,פריגת סחוט לימונענע 1 ליטר,פריגת מצוננים,IL,פריגת מצונן סחוט לימ,מיליליטרים,1000.00,"100 מ""ל",false,,19.90,0.0199,true,1,156845
7290013153579,false,משקה בטעם אפרסק מרוכז קפוא,פריגת מצוננים,IL,פריגת קפוא אפרסק 340,גרמים,340.00,100 גרם,false,,13.90,0.0409,true,1,173473
7290013153586,false,"משקה פירות יער קפוא פריגת 340 מ""ל",היינץ צפון אמריקה מק,IL,פריגת קפוא פירות יער,גרמים,340.00,100 גרם,false,,13.90,0.0409,true,1,173474
7290013153593,false,מיץ תפוזים מתקתק 1 ליטר,"גת גבעת חיים,",IL,תפוזים 100% מתקתקים,ליטרים,1.00,ליטר,false,,14.90,14.9000,true,1,243511
7290013187215,false,מנות פילה סלמון נורבגי 800 גר,,NO,פילה דג סלמון מנות,גרמים,800.00,100 גרם,false,,89.90,0.1124,true,1,237178
7290013187765,false,ברוקולי טבעפרוסט 800 גר,,,טבעפרוסט ברוקלי 800,גרמים,800.00,100 גרם,false,,12.90,0.0161,true,1,192216
7290013187772,false,אפונה ירוקה עדינה טבעפרוסט 800 גר,,,טבעפרוסט אפונה ירוקה,גרמים,800.00,100 גרם,false,,12.90,0.0161,true,1,192217
7290013187789,false,אפונה ירוקה טבעפרוסט 800 גר,,,טבעפרוסט אפונה ירוקה,גרמים,800.00,100 גרם,false,,11.90,0.0149,true,1,192211
7290013187796,false,שעועית ירוקה שלמה טבעפרוסט 800 גר,,,טבעפרוסט שעועית ירוק,גרמים,800.00,100 גרם,false,,11.90,0.0149,true,1,192212
7290013187802,false,שעועית ירוקה עדינה טבעפרוסט 800 גר,,,טבעפרוסט שעועית ירוק,גרמים,800.00,100 גרם,false,,12.90,0.0161,true,1,192218
7290013187826,false,כרוב ניצנים טבעפרוסט 800 גר,,,טבעפרוסט כרוב ניצנים,גרמים,800.00,100 גרם,false,,11.90,0.0149,true,1,192220
7290013187833,false,כרובית טבעפרוסט 800 גר,,,טבעפרוסט כרובית 800,גרמים,800.00,100 גרם,false,,11.90,0.0149,true,1,192213
7290013187840,false,גזר גמדי טבעפרוסט 800 גר,,,טבעפרוסט גזר גמדי 80,גרמים,800.00,100 גרם,false,,11.90,0.0149,true,1,192214
7290013187857,false,טבעפרוסט תרד 800 גרם,,,טבעפרוסט תרד 800 גרם,גרמים,800.00,100 גרם,false,,11.90,0.0149,true,1,192215
7290013220042,false,מיקס פירות טרופיים 5,א.מ שרון,PL,מיקס טרופי 500 גרם,גרמים,500.00,100 גרם,false,,24.90,0.0498,true,1,216107
7290013220103,false,דובדבן קפוא 500 גרם,א.מ שרון,PL,דובדבן קפוא 500 גרם,גרמים,500.00,100 גרם,false,,24.90,0.0498,true,1,216108
7290013220127,false,דומדמנית שחורה קפוא,א.מ שרון,PL,דומדמנית שחורה 500 ג,גרמים,500.00,100 גרם,false,,24.90,0.0498,true,1,216109
7290013220134,false,מיקס פירות שדה קפוא,א.מ שרון,PL,מיקס פירות שדה 500 ג,גרמים,500.00,100 גרם,false,,24.90,0.0498,true,1,216110
7290013220318,false,חמוצית קפוא 400 גרם,א.מ שרון,PL,חמוצית גן 400 גרם,גרמים,400.00,100 גרם,false,,24.90,0.0622,true,1,216112
7290013221018,false,חתיכות מנגו קפוא 500,א.צלוביץ,PL,מנגו 500 גרם,גרמים,500.00,100 גרם,false,,24.90,0.0498,true,1,216118
7290013221032,false,מלון 500 גרם גרפירות,א.מ שרון,PL,מלון 500 גרם גרפירות,גרמים,500.00,100 גרם,false,,24.90,0.0498,true,1,216119
7290013267665,false,מאגדת מיני סולרו פירות טרופי 6 יח' 354 ג',"מיוצר ע""י גלידת שטרא",IL,מיני סולרו תות,גרמים,354.00,100 גרם,false,,22.90,0.0647,true,1,134975
7290013268242,false,תרכיז ריחני לניקוי רצפות בריח מלון מפנק ריצפז פרש,"סנו מפעלו ברונוס בע""",IL,ריצפז פרש הום תרכיז,ליטרים,2.00,ליטר,false,,21.90,10.9500,true,1,202525
7290013268839,false,פוליויקס פרקט-תרכיז ריחני לניקוי רצפות עץ,סנו פוליויקס,IL,פוליויקס פרקט מלון ח,ליטרים,2.00,ליטר,false,,21.90,10.9500,true,1,225045
7290013268884,false,"נוזל רצפות מאסק 2 ליטר ""ריצפז פרש""",מיוצר עי קונדיטוריית,IL,ריצפז פרש מאסק 2 ליט,ליטרים,2.00,ליטר,false,,17.90,8.9500,true,1,109243
7290013268891,false,אוקסיג'ן ג'ל ללא אקונומיקה עם חמצן פעיל סנו 3 ליטר,"סנו מפעלי ברונוס בע""",IL,סנו אוקסיג'ן 3 ליטר,ליטרים,3.00,ליטר,false,,29.90,9.9667,true,1,109244
7290013268938,false,סנובון סבון לאסלה בניחוח מאסק סנו 3*65 גרם,סנו סנובון,IL,סנובון שלישיה מאסק 3,גרמים,195.00,100 גרם,false,,12.90,0.0662,true,1,109247
7290013269157,false,"מרכך ומבשם מקסימה למייבש לבנדר 750 מ""ל סנו",סנו מקסימה,,סנו מקסימה לבנדר מרכ,מיליליטרים,750.00,"100 מ""ל",false,,18.90,0.0252,true,1,109255
7290013269263,false,ג'ל כביסה מרוכז מקסימה בבישום קריסטל נואר,סנו מפעלי ברונוס בעמ,IL,מקסימה גל כביסה קריס,ליטרים,3.00,ליטר,false,,29.90,9.9667,true,1,250095
7290013269287,false,סנו - מקסימה ג'ל כביסה מרוכז מאסק 3 ליטר,"סנו מפעלי ברונוס בע""",IL,מקסימה מאסק גל כביסה,ליטרים,3.00,ליטר,false,,29.90,9.9667,true,1,250096
7290013269638,false,ספוג הפלא אקסטרה Extra- מארז 6 יח',החברה הדרומית,IL,סנו סושי ספוג הפלא א,יחידה,6.00,יחידה,false,,11.90,1.9833,true,1,231880
7290013269645,false,ריצפז פרש מטליות לחות לריצפה בניחוח מאסק 10 יחידות,סנו מפעלי ברונוס בעמ,IL,ריצפז פרש מטליות רצפ,יחידה,10.00,יחידה,false,,13.90,1.3900,true,1,231881
7290013269652,false,פוליויקס נוזל לניקוי רצפות גרניט פורצלן סנו 2 ליטר,סנו פוליויקס,IL,פוליויקס גרניט פורצל,ליטרים,2.00,ליטר,false,,20.00,10.0000,true,1,231882
7290013269669,false,ריצפז בניחוח פנטזיה לניקוי הרצפה,"סנו מפעלי ברונוס בע""",IL,ריצפז פנטזיה 3ל,ליטרים,3.00,ליטר,false,,13.90,4.6333,true,1,109272
7290013269751,false,מטליות לחותריצפז פרש לניקוי ריצפה בניחות מלון בוטיק 10 יח' סנו,טרופיקל דגיל תעשיות,IL,ריצפז פרש מטליות לחו,יחידה,0.00,יחידה,false,,13.90,0.0000,true,1,193614
7290013269942,false,"סנו K מעופפים פירטרום 400 מ""ל",מיוצר עי קונדיטוריית,IL,מעופפים K-פירטרום,מיליליטרים,400.00,"100 מ""ל",false,,19.90,0.0497,true,1,109284
7290013284662,false,רוטב פיצה פיתה לילדים 240 ג' פריניר,פריניר ( הדס 1987) ב,IL,פריניר רוטב פיצה-פית,יחידה,0.00,יחידה,false,,5.50,0.0000,true,1,168600
7290013310019,false,קיסמי שיניים רפואיים עם חוט דנטאלי הוסטס,הוסטס,CN,קיסמי שיניים רפואיים,יחידה,0.00,יחידה,false,,6.90,0.0000,true,1,213756
7290013310064,false,חוט דנטלי בטעם מנטה מצופה שעווה,הוסטס Hostess,CN,חוט דינטאלי רפואי עם,יחידה,0.00,יחידה,false,,6.90,0.0000,true,1,213757
7290013310118,false,"ממחטות כיס שישיה תלת שכבתי ""פנטזיה""",V.P.CO,IT,ממחטות כיס שישייה תל,יחידה,0.00,יחידה,false,,4.90,0.0000,true,1,268506
7290013310323,false,קליפס עם מחזיק מוצץ,,,נובי קליפס עם מחזיק,יחידה,0.00,יחידה,false,,19.90,0.0000,true,1,213797
7290013310378,false,כפפות ניטריל S כחולות ללא אבקה 80 יח' EASY TOUCH,איזי טאץ' Easy touch,TH,איזי טאץ כפפות ניטרי,יחידה,0.00,יחידה,false,,24.90,0.0000,true,1,254634
7290013310385,false,כפפות ניטריל M כחולות ללא אבקה 80 יח' EASY TOUCH,איזי טאץ' Easy touch,TH,איזי טאץ כפפות ניטרי,יחידה,0.00,יחידה,false,,24.90,0.0000,true,1,254635
7290013310392,false,כפפות ניטריל L כחולות ללא אבקה 80 יח' EASY TOUCH,איזי טאץ' Easy touch,TH,איזי טאץ כפפות ניטרי,יחידה,0.00,יחידה,false,,24.90,0.0000,true,1,254637
7290013310408,false,כפפות ניטריל XL כחולות ללא אבקה 80 יח' EASY TOUCH,איזי טאץ' Easy touch,TH,איזי טאץ כפפות ניטרי,יחידה,0.00,יחידה,false,,24.90,0.0000,true,1,254636
7290013310712,false,כוס אימון עם מכסה מתהפך וידיות רכות טוליפס קידס,טוליפס Tulips,,כוס אימון מצוירת עם,יחידה,0.00,יחידה,false,,16.90,0.0000,true,1,213824
7290013310934,false,צלחת האכלה נובי מחול,,,צלחת האכלה נובי מחול,יחידה,0.00,יחידה,false,,16.90,0.0000,true,1,268358
7290013358356,false,מאסטר שף פירורי לחם מוזהבים 320 גרם,מנה י.א בעמ,IL,מאסטר שף פירורי לחם,גרמים,350.00,100 גרם,false,,6.90,0.0197,true,1,124944
7290013358363,false,מאסטר שף פרורי לחם פנקו עבים בסגנון יפני 300 גר,קריניציה ויטמינה אס,IL,מאסטר שף פירורי לחם,גרמים,300.00,100 גרם,false,,9.90,0.0330,true,1,124945
7290013358417,false,מאסטר שף אסייאתי רוטב טריאקי 300 מל כשלפ,קריניציה ויטמינה אס,TH,מאסטר שף אסייאתי רוט,מיליליטרים,300.00,"100 מ""ל",false,,13.90,0.0463,true,1,124949
7290013358431,false,מאסטר שף קרוטונים לסלט עגבניות ובזיליקום,עינת תעשיות מזון אגו,IL,מאסטר שף קרוטונים לס,גרמים,200.00,100 גרם,false,,11.90,0.0595,true,1,124951
7290013358448,false,"קרוטונים לסלט אקסטרה ארוכים בתיבול שום, בצל ופטרוזיליה",עינת תעשיות מזון אגו,IL,מאסטר שף קרוטונים לס,גרמים,200.00,100 גרם,false,,11.90,0.0595,true,1,124952
7290013358462,false,"מיני קרוטונים למרק בתיבול שום, בצל ופטרוזיליה","עינת תעשיות מזון, אג",IL,מאסטר שף מיני קרוטונ,גרמים,350.00,100 גרם,false,,18.90,0.0540,true,1,124954
7290013358486,false,מאסטר שף פירורים מוזהבים ללא צורך בביצה 300 ג,"מיוצר ע""י מנה י.א בע",IL,מאסטר שף פירורי לחם,גרמים,300.00,100 גרם,false,,6.90,0.0230,true,1,227554
7290013358493,false,מנה אסייאתי קרם קוקוס פחית 400 מל מ.שף,תאי קוקונט פבליק קומ,TH,מנה אסייאתי קרם קוקו,מיליליטרים,400.00,"100 מ""ל",false,,9.90,0.0248,true,1,124956
7290013358516,false,"מיקסלט חמוציות, גרעינים, קטניות ואגוזים",המאפיה של הרמן,IL,מאסטר שף מיקסלט עם ח,גרמים,200.00,100 גרם,false,,15.90,0.0795,true,1,124958
7290013358523,false,מאסטר שף שבבי בצל מטוגן 150 גרם,קריניציה ויטמינה אס,NL,מאסטר שף שבבי בצל מט,גרמים,150.00,100 גרם,false,,13.90,0.0927,true,1,124959
7290013358530,false,מאסטר שף אסייאתי רוטב צ'ילי מתוק 700 מל כשלפ,קריניציה ויטמינה אס,TH,מאסטר שף אסייאתי רוט,מיליליטרים,700.00,"100 מ""ל",false,,14.90,0.0213,true,1,124960
7290013358547,false,מאסטר שף אסייאתי רוטב צ'ילי חריף 700 מל,קי.אר.אס. ספייסי פוד,TH,מאסטר שף אסייאתי רוט,מיליליטרים,700.00,"100 מ""ל",false,,14.90,0.0213,true,1,124961
7290013358578,false,מנה אסייאתי אטריות אורז רחבות 400 ג מ.שף,ליינג טונג רייס פלוו,TH,מאסטר שף אסייאתי אטר,גרמים,400.00,100 גרם,false,,10.90,0.0273,true,1,124962
7290013358585,false,מנה אסייאתי נודלס ביצים להקפצה 400 מ.שף,הנסיך- מפעל לייצור ט,CN,מאסטר שף אסייאתי נוד,גרמים,400.00,100 גרם,false,,10.90,0.0273,true,1,124963
7290013361486,false,"פרי הגליל תירס 3 ק""ג",,,"פרי הגליל תירס 3 ק""ג",קילוגרמים,3.00,"ק""ג",false,,24.90,8.3000,true,1,160383
7290013361981,false,צ'יפס קפוא חתוך פרי הגליל,"פרי הגליל בע""""מ",IL,פרי הגליל ציפס קייטר,יחידה,2.00,יחידה,false,,24.90,12.4500,true,1,133714
7290013361998,false,"סטייק צ'יפס 2 ק""ג פרי הגליל","פרי הגליל בע""""מ",IL,פרי הגליל סטייק ציפס,יחידה,2.00,יחידה,false,,24.90,12.4500,true,1,133715
7290013381675,false,"סירופ למלבי נאמן 750מ""ל",הילל תעשיות,IL,"סירופ מלבי 750 מ""ל",מיליליטרים,750.00,"100 מ""ל",false,,19.90,0.0265,true,1,116429
7290013381682,false,קקאו הולנדי טופ מותג,בר מן,,אבקת קקאו בשקית 150,גרמים,150.00,100 גרם,false,,8.90,0.0593,true,1,170525
7290013382887,false,"מנגל חשמלי ""פלטיניום",,,"מנגל חשמלי ""פלטיניום",יחידה,0.00,יחידה,false,,99.90,0.0000,true,1,268031
7290013382894,false,מכשיר להכנת פופקורן BLOCK BUSTER ATL-1200,,,מכשיר להכנת פופקורן,יחידה,0.00,יחידה,false,,69.90,0.0000,true,1,240617
7290013389176,false,"חומץ בלסמי ממודנה מובחר 500 מ""ל",Matildica srl,,תומר חומץ בלסמי ממוד,מיליליטרים,500.00,"100 מ""ל",false,,19.90,0.0398,true,1,126710
7290013389374,false,קמח תירס פולנטה תומר 500ג',פיקטה piccata,,תומר קמח תירס 500 גר,גרמים,500.00,100 גרם,false,,7.50,0.0150,true,1,110986
7290013389398,false,"קמח תירס דק 1 ק""ג פולנטה",פיקטה piccata,,תומר קמח תירס דק 1 ק,יחידה,0.00,יחידה,false,,10.00,0.0000,true,1,110988
7290013430083,false,"בירה אלכסנדר בלונד בקבוק 330 מ""ל",מנדלז סי.אר. פרודקשן,IL,"אלכסנדר בלונד 330 מ""",מיליליטרים,330.00,"100 מ""ל",false,,14.90,0.0452,true,1,158520
7290013430090,false,בירה אלכסנדר אמברה AMBREE בירה ישראלית,מנדלז סי.אר. פרודקשן,IL,"אלכסנדר אמברה 330 מ""",מיליליטרים,330.00,"100 מ""ל",false,,14.90,0.0452,true,1,158521
7290013430250,false,"בירה אלכסנדר חיטה ישראלית 330 מ""ל",יקבי כרמל,IL,אלכסנדר חיטה ישראלי,מיליליטרים,330.00,"100 מ""ל",false,,14.90,0.0452,true,1,210827
7290013430304,false,בירה אלכסנדר גרין GREEN בירה ישראלית,מנדלז סי.אר. פרודקשן,IL,"אלכסנדר גרין 330 מ""ל",מיליליטרים,330.00,"100 מ""ל",false,,14.90,0.0452,true,1,210828
7290013472892,false,בולגריה קוביות במי מלח - מרכיבי חלב ושומן צמחי,"קוליוס אס.איי, גריק",GR,בולגריה בקוביות 22%,גרמים,200.00,100 גרם,false,,10.90,0.0545,true,1,106613
7290013472908,false,בולגריה קוביות במי מלח,וילי פוד,GR,הבולגריה בקוביות 23%,גרמים,400.00,100 גרם,false,,22.90,0.0572,true,1,106614
7290013473707,false,KERATIN קונדישנר לשי,,,KERATIN קונדישנר לשי,מיליליטרים,1000.00,"100 מ""ל",false,,69.90,0.0699,true,1,186242
7290013492005,false,תפוח אדמה אדום למיקרו 600 ג',שרווין ווליאמס,IL,תפוח אדמה למיקרו 700,גרמים,500.00,100 גרם,false,,6.90,0.0138,true,1,140806
7290013493057,false,"בירה בזלת דאבל בוק 330 מ""ל",מברשת הגולן א.ח.ר 20,IL,בירה בזלט דבל בוק 33,מיליליטרים,330.00,"100 מ""ל",false,,14.90,0.0452,true,1,163197
7290013521194,false,"טורטיליוני כוסמת לל""ג אורגני 250 גרם",השדה מוצרים טבעיים ו,IT,טורטיליוני כוסמת אור,גרמים,250.00,100 גרם,false,,13.90,0.0556,true,1,227086
7290013521200,false,פוזילי אפונה ירוקה אורגני 250 גרם ללא גלוטן,השדה מוצרים טבעיים ו,IT,פוזילי אפונה ירוקה א,גרמים,250.00,100 גרם,false,,13.90,0.0556,true,1,227087
7290013521392,false,רסק תפוחים אורגני 360 גר,מחנדל,NL,רסק תפוחים אורגני 36,גרמים,360.00,100 גרם,false,,13.90,0.0386,true,1,227097
7290013521613,false,שעועית לבנה אורגנית ברוטב עגבניות 350 גר,דולפין ספא,NL,שעועית לבנה אורגנית,גרמים,350.00,100 גרם,false,,17.90,0.0511,true,1,227103
7290013531117,false,רוטב פסטה לילדים 240 גרם יכין,"זנלכל בע""מ",IL,יכין רוטב פסטה לילדי,גרמים,260.00,100 גרם,false,,5.50,0.0212,true,1,111034
7290013531346,false,סירופ דיאט בטעם לימונענע יכין 1 ליטר,זנלכל,IL,יכין סירופ דיאט לימו,ליטרים,1.00,ליטר,false,,16.90,16.9000,true,1,111036
7290013531377,false,תורמוס A2 יכין בית יוסף,היינץ צפון אמריקה מק,IL,תורמוס 265 גרם,גרמים,265.00,100 גרם,false,,9.90,0.0374,true,1,111039
7290013531490,false,שעועית לבנה אפויה יכין,זנלכל,IL,יכין פול מתובל שימור,גרמים,550.00,100 גרם,false,,9.90,0.0180,true,1,111041
7290013531582,false,מארז זיתים ירוקים מגולענים יכין 200 גרם,קרלו,IL,שלישיית זיתים חרוזית,גרמים,600.00,100 גרם,false,,14.90,0.0248,true,1,169930
7290013531612,false,רוטב לפסטה נפוליטנה יכין 240 גרם,זנלכל,IL,יכין רוטב נפוליטנה 2,גרמים,260.00,100 גרם,false,,5.50,0.0212,true,1,111042
7290013531629,false,רוטב לפסטה פומודורו 240 גרם יכין,היינץ צפון אמריקה מק,IL,יכין רוטב פומודורו פ,גרמים,260.00,100 גרם,false,,5.50,0.0212,true,1,111043
7290013540225,false,פרינס נתחי טונה בשמן,,,פרינס נתחי טונה בשמן,יחידה,4.00,יחידה,false,,19.90,4.9750,true,1,143065
7290013540874,false,נתחי טונה בהירה בשמן,תעשיות פילטונה,IL,פיל טונה נתחי טונה ב,גרמים,414.00,100 גרם,false,,13.90,0.0336,true,1,200239
7290013585233,false,"ספרייט זירו פחית סליק 330 מ""ל",גוד פוד פרודקטס S.p,IL,משקה ספרייט זירו סלי,מיליליטרים,330.00,"100 מ""ל",false,,6.00,0.0182,true,1,138913
7290013585387,false,קוקה קולה זירו בקבוק,פארייפאבה אגרואינדוס,IL,קולה זירו 1 ליטר,ליטרים,1.00,ליטר,false,,6.90,6.9000,true,1,138925
7290013585394,false,קוקה קולה 1ליטר בודד,פארייפאבה אגרואינדוס,IL,קוקה קולה 1 ליטר,ליטרים,1.00,ליטר,false,,7.00,7.0000,true,1,138926
7290013585554,false,שישיית קינלי סודה 1.,קוקה קולה ישראל,IL,קינלי סודה 6* 1.5 ל,ליטרים,1.50,ליטר,false,,14.90,9.9333,true,1,158275
7290013608260,false,פרימור מיץ רימונים 100% סחוט טרי 1ל',"גניר (1992) בע""מ",IL,פרימור מיץ מרוכז רימ,ליטרים,1.00,ליטר,false,,24.90,24.9000,true,1,141136
7290013608451,false,משקה קל פרימור ענבים,,,משקה קל פרימור ענבים,ליטרים,1.50,ליטר,false,,8.90,5.9333,true,1,166765
7290013608482,false,פרימור נקטר מנגו 1ליטר,דיפלומט,IL,נקטר מנגו 1 ליטר .,ליטרים,1.00,ליטר,false,,8.90,8.9000,true,1,165336
7290013608550,false,פרימור נקטר תפוזים 1ליטר,סטאר סנקס,IL,נקטר תפוז 1 ליטר .,ליטרים,1.00,ליטר,false,,8.90,8.9000,true,1,165337
7290013608635,false,פרימור משקה לימונים עם נענע 1ליטר,סטאר סנקס,IL,נקטר לימון נענע 1 לי,ליטרים,1.00,ליטר,false,,8.90,8.9000,true,1,170455
7290013608673,false,פרימור נקטר תפוחי עץ 1ליטר,סטאר סנקס,IL,משקה פרימור 1 ליטר ב,ליטרים,1.00,ליטר,false,,8.90,8.9000,true,1,165339
7290013608864,false,פרימור משקה פירות הדר 1 ליטר בתוספת ויטמין C,"גניר (1992) בע""מ",IL,משקה פירות הדר בתוספ,ליטרים,1.00,ליטר,false,,16.90,16.9000,true,1,214648
7290013645371,false,עוגיות שוקולד ציפס ללא גלוטן 200,"מוצרי הכט בע""מ",IL,עוגיות שוקולד ציפס 2,גרמים,200.00,100 גרם,false,,17.90,0.0895,true,1,172985
7290013652157,false,"ד""ר פישר - נטורל קר מגבונים להסרת איפור לעור רגיל יבש 30 יח' * 3","ד""ר פישר Dr fischer",IL,נטורל קר שלישיית מגב,יחידה,75.00,יחידה,false,,24.90,0.3320,true,1,138177
7290013652164,false,"ד""ר פישר - נטורל קר מגבונים להסרת איפור לעור רגיש 30 יח' * 3","ד""ר פישר Dr fischer",IL,נטורל קר שלישיית מגב,יחידה,90.00,יחידה,false,,24.90,0.2767,true,1,138178
7290013652768,false,"מסכת החייאה לשיער יבש, צבוע ופגום Natural care","ד""ר פישר Dr fischer",IL,נטורל קר מסכה לשיער,גרמים,400.00,100 גרם,false,,32.90,0.0822,true,1,138183
7290013652782,false,נטורל קר קרם לחות לשיער מתולתל- יסמין ופרחי מגנוליה,"ד""ר פישר Dr fischer",IL,נטורל קר לחות לשיער,מיליליטרים,400.00,"100 מ""ל",false,,23.40,0.0585,true,1,138185
7290013652799,false,נטורל קר קרם לחות לשיער רגיל/יבש- ורדים וחלב רימונים,"ד""ר פישר Dr fischer",IL,נטורל קר לחות לשיער,מיליליטרים,400.00,"100 מ""ל",false,,23.40,0.0585,true,1,138186
7290013652812,false,"נטורל קר קרם ידיים רגיל/יבש 150 מ""ל","ד""ר פישר Dr fischer",IL,נטורל קר קרם ידיים ר,גרמים,150.00,100 גרם,false,,15.90,0.1060,true,1,258533
7290013652843,false,נטורל קר שמפו לשיער רגיל- ורדים וחלב רימונים,"ד""ר פישר Dr fischer",IL,נטורל קר שמפו ורדים,מיליליטרים,700.00,"100 מ""ל",false,,22.00,0.0314,true,1,204367
7290013652850,false,שמפו נטורל קר לשיער יבש ופגום חינה ושמן ארגאן,"ד""ר פישר Dr fischer",IL,נטורל קר שמפו חינה ו,מיליליטרים,700.00,"100 מ""ל",false,,22.00,0.0314,true,1,204316
7290013652881,false,מרכך נטורל קר לשיער יבש ופגום חינה ושמן ארגאן,"ד""ר פישר Dr fischer",IL,נטורל קר מרכך שער יב,מיליליטרים,700.00,"100 מ""ל",false,,22.00,0.0314,true,1,204319
7290013652935,false,נטורל קר שמפו לשיער רגיל- יסמין ופרחי מגנוליה,"ד""ר פישר Dr fischer",IL,נטורל קר שמפו לשיער,מיליליטרים,700.00,"100 מ""ל",false,,22.00,0.0314,true,1,252749
7290013652997,false,"ד""ר פישר - נטורל קר קרם גוף יבש במיוחד 450 מ""ל","ד""ר פישר Dr fischer",IL,נטורל קר קרם גוף יבש,מיליליטרים,450.00,"100 מ""ל",false,,23.90,0.0531,true,1,138206
7290013675545,false,שניצל כלי תחבורה מאמא עוף 700 ג',תנובה גליל,IL,מאמא עוף שניצל כלי ת,גרמים,700.00,100 גרם,false,,36.90,0.0527,true,1,182092
7290013725639,false,רוטב צילי חריף סו שף,"דין שיווק וקליה בע""מ",TH,צילי חריף 700 גרם,גרמים,700.00,100 גרם,false,,10.10,0.0144,true,1,133132
7290013725653,false,קרם קוקוס 400 גרם (653),,TH,גולד קרם קוקוס 400 מ,גרמים,400.00,100 גרם,false,,7.50,0.0188,true,1,133134
7290013755346,false,יין אדר סוביניון בלאן יקב בן 750 מ,,IL,בן דוד לבן אדר 750 מ,מיליליטרים,750.00,"100 מ""ל",false,,69.90,0.0932,true,1,247136
7290013771216,false,פטאקי 16% גבינות השומרון,מיוצר עי קונדיטוריית,IL,שומרון גבינת פטה יוו,גרמים,250.00,100 גרם,false,,13.90,0.0556,true,1,134094
7290013771292,false,גבינה פטאקי 16% שומר,מחלבת השומרון,IL,פטאקי 16% 250 גרם,גרמים,250.00,100 גרם,false,,12.90,0.0516,true,1,234198
7290013771308,false,גבינה בולגרית קלאסית,מחלבת השומרון,IL,בולגרית קלאסית 16% 2,גרמים,200.00,100 גרם,false,,12.90,0.0645,true,1,234197
7290013771384,false,יוגורט יווני השומרון,מיוצר עי קונדיטוריית,IL,יוגורט יווני 400 גרם,גרמים,400.00,100 גרם,false,,10.90,0.0273,true,1,168133
7290013847409,false,סטארקיסט לייט נתחי טונה בהירה במים ושמן קנולה עם לימון ופלפל חריף 140 גרם,סטארקיסט Starkist,IL,ס.ק לייט טונה 4% שומ,גרמים,140.00,100 גרם,false,,7.90,0.0564,true,1,180187
7290013847454,false,טונה סטארקיסט שמן קנולה רביעיות 4*160 גר,"סטארקיסט פודור בע""מ",IL,סטארקיסט טונה קנולה,גרמים,640.00,100 גרם,false,,25.90,0.0405,true,1,171627
7290013847553,false,נתחי טונה בהירה במים דל נתרן - מארז רביעיה,"סטארקיסט פודור בע""מ",TH,סטארקיסט טונה דל נתר,גרמים,160.00,100 גרם,false,,29.90,0.1869,true,1,160516
7290013847645,false,סטארקיסט טונה בשמן זית 80 גר' שלישיות,סטארקיסט Starkist,TR,סטארקיסט שלישיית טונ,יחידה,0.00,יחידה,false,,19.90,0.0000,true,1,194262
7290013847812,false,נתחי טונה בהירה בשמן זית כתית מעולה Yellowfin,סטארקיסט Starkist,IL,טונה ילופין בשמן זית,גרמים,140.00,100 גרם,false,,9.90,0.0707,true,1,180191
7290013848383,false,קרמה מן גל רחצה אקטיב בלוק 700 מל לגבר,טרופיקל דגיל תעשיות,IL,קרמה מן ג'ל רחצה אנט,מיליליטרים,700.00,"100 מ""ל",false,,17.90,0.0256,true,1,175189
7290013848420,false,דאודורנט גל קרמה מן אנטיפרספירנט 70 מל,גוד פוד פרודקטס S.p,IL,קרמה מן דאודורנט גל,יחידה,0.00,יחידה,false,,13.90,0.0000,true,1,175190
7290013883148,false,הפי ג'ל סופג ריחות במקרר,יעקבי - הפי Hepi,IT,הפי סופג ריחות במקרר,יחידה,0.00,יחידה,false,,10.00,0.0000,true,1,114461
7290013883407,false,דזיטול מחטא ומשמיד חיידקים-מרסס,יעקבי - דזיטול Desytol,ES,דזיטול מחטא ומשמיד ח,מיליליטרים,700.00,"100 מ""ל",false,,14.90,0.0213,true,1,114464
7290013903044,false,רסק תפוחי עץ אורגני 452 גרם,,,רסק תפוחי עץ אורגני,גרמים,452.00,100 גרם,false,,16.90,0.0374,true,1,212227
7290013903327,false,טופו 500גרם ליב טבעי,אין תעשיות,IL,טופו 500 גרם ליב טבע,גרמים,500.00,100 גרם,false,,16.90,0.0338,true,1,194335
7290013906052,false,נקניקיות פרגיות טירת צבי 300 גר',הנסיך- מפעל לייצור ט,IL,טירת צבי נקניקיות פר,גרמים,300.00,100 גרם,false,,12.10,0.0403,true,1,104558
7290013906205,false,פסטרמה עם שום וצילי טירת צבי 400 ג',הנסיך- מפעל לייצור ט,IL,טירת צבי פסטרמה שום,גרמים,400.00,100 גרם,false,,29.90,0.0747,true,1,104561
7290013906212,false,"נקנקיות וינר טירת 1 ק""ג טירת צבי",הנסיך- מפעל לייצור ט,IL,טירת צבי נקניקיות וי,יחידה,0.00,יחידה,false,,30.00,0.0000,true,1,104562
7290013906441,false,קבנוס טירת צבי 120 גר,הנסיך- מפעל לייצור ט,IL,טירת צבי קבנוס 120 ג,גרמים,120.00,100 גרם,false,,10.90,0.0908,true,1,104564
7290013906458,false,קבנוס בטעם פיקנטי טירת צבי 120 גר,הנסיך- מפעל לייצור ט,IL,טירת צבי קבנוס פיקנט,גרמים,120.00,100 גרם,false,,10.90,0.0908,true,1,104565
7290013906489,false,חטיפי מיני קבנוס 120 ג' טירת צבי,הנסיך- מפעל לייצור ט,IL,טירת צבי חטיפי מיני,גרמים,120.00,100 גרם,false,,10.90,0.0908,true,1,104568
7290013906687,false,פסט' צמד כפרית ברביקיו ודבש 300X2ג' טירת צבי,הנסיך- מפעל לייצור ט,IL,טירת צבי צמד כפרית ב,גרמים,600.00,100 גרם,false,,29.90,0.0498,true,1,153463
7290013906694,false,נקניקיות שקית קילו וחצי טירת צבי,הנסיך- מפעל לייצור ט,IL,טירת צבי נקניקיות עו,קילוגרמים,1.50,"ק""ג",false,,25.90,17.2667,true,1,251655
7290013927637,false,חלוה ללא תוספת סוכר אחווה 400 גרם,אחדות ביחר לטחינה חל,IL,אחווה חלווה ללא סוכר,גרמים,400.00,100 גרם,false,,12.90,0.0323,true,1,265871
7290013927804,false,טחינה גולמית משומשום מלא,אחדות ביחר לטחינה חל,IL,אחדות טחינה משומשום,קילוגרמים,1.00,"ק""ג",false,,21.90,21.9000,true,1,198610
7290013927996,false,עוגת שמרים קראץ' בטעם שוקולד 400 גר',אחדות ביחר לטחינה חל,IL,עוגת שמרים קרנץ בטעם,גרמים,400.00,100 גרם,false,,11.90,0.0298,true,1,265776
7290013994752,false,בייגלה עם מלח מקמח מלא אורגני 200 גרם,הרדוף,,מקלות בייגלה עם מלח,גרמים,200.00,100 גרם,false,,11.90,0.0595,true,1,227967
7290013994769,false,בייגלה עם שומשום מקמח מלא אורגני 200 גרם,הרדוף,,מקלות בייגלה עם שומש,גרמים,200.00,100 גרם,false,,11.90,0.0595,true,1,227968
7290013994929,false,קוסקוס מלא אורגני 350 גרם,קרה מונוס,FR,קוסקוס מלא אורגני 35,גרמים,350.00,100 גרם,false,,9.90,0.0283,true,1,227976
7290014002128,false,תה ירוק לימונית ומנטה 25 שקיקים ויסוצקי,ויסוצקי ירוק,IL,ויסוצקי תה ירוק לימו,יחידה,25.00,יחידה,false,,24.90,0.9960,true,1,126644
7290014002135,false,תה ויסוצקי ירוק מיקס 5 טעמים 25 יח',תה ויסוצקי,IL,ויסוצקי תה ירוק מיקס,יחידה,0.00,יחידה,false,,24.90,0.0000,true,1,126645
7290014002197,false,חליטת קמומיל ולימונית ויסוצקי 25 יחידות,תה ויסוצקי,IL,ויסוצקי חליטת קמומיל,יחידה,25.00,יחידה,false,,17.90,0.7160,true,1,126647
7290014002203,false,חליטת לימונית ולואיזה ויסוצקי 25 יחידות,תה ויסוצקי,IL,ויסוצקי חליטת לימוני,יחידה,0.00,יחידה,false,,17.90,0.0000,true,1,126648
7290014002579,false,ויסוצקי תה ירוק וניל 37.5 גר,ויסוצקי ירוק,IL,ויסוצקי תה ירוק וני,יחידה,25.00,יחידה,false,,24.90,0.9960,true,1,126651
7290014002944,false,גן קסום חליטת פירות וצמחים חמדת שקד 25 שקיקים,תה ויסוצקי,IL,גן קסום חליטת חמאת ש,יחידה,25.00,יחידה,false,,17.90,0.7160,true,1,126660
7290014027213,false,"ערק ג'בלנא 40% אלכוהול 700 מ""ל",משקאות ג'בלנא,IL,"ערק ג'בלנא 700 מ""ל",יחידה,0.00,יחידה,false,,55.90,0.0000,true,1,174401
7290014046016,false,פסטרמה של פעם דל שומן 2% רכיבים טבעיים,מעדני יחיעם,IL,יחיעם פסטרמה הודו 10,יחידה,0.00,יחידה,false,,25.90,0.0000,true,1,116314
7290014046030,false,"מוס כבד עוף 140 גרם ""יחיעם""",מעדני יחיעם 1993,IL,מוס כבד עוף 140 גרם,גרמים,140.00,100 גרם,false,,15.90,0.1136,true,1,116316
7290014046047,false,צמד פסטרמות 600 ג' יחיעם,מעדני יחיעם 1993,IL,יחיעם צמד פסטרמה 600,גרמים,600.00,100 גרם,false,,29.90,0.0498,true,1,116317
7290014046474,false,"נקניקיות עוף 1.5 ק""ג יחיעם",מעדני יחיעם,IL,יחיעם נקניקיות עוף 1,קילוגרמים,1.50,"ק""ג",false,,29.90,19.9333,true,1,167416
7290014046580,false,"פסטרמה מעודנת על האש 300 גרם ""יחיעם""",מעדני יחיעם 1993,IL,פסטרמה מעודנת על גחל,גרמים,300.00,100 גרם,false,,25.90,0.0863,true,1,116326
7290014046757,false,סלמי תה מעדני יחיעם,מעדני יחיעם,IL,יחיעם סלמי תה 300 גר,גרמים,300.00,100 גרם,false,,25.90,0.0863,true,1,162832
7290014059078,false,"אקווה פרש מי פה אקסטרים 500 מ""ל",גלקסו סמית קליין,GB,אקווה פרש מי פה אקסט,מיליליטרים,500.00,"100 מ""ל",false,,14.90,0.0298,true,1,131105
7290014059085,false,"משחת שיניים סנסודיין 75 מ""ל פרימיום לשיקום והגנה","סמית קליין ביצ'ם בע""",GB,סנסודיין משחה לשיקום,מיליליטרים,75.00,"100 מ""ל",false,,24.90,0.3320,true,1,131106
7290014059436,false,"משחת שיניים סנסודיין 75 מ""ל פרימיום לשיקום והגנה מלבינה 75 מ""ל","סמית קליין ביצ'ם בע""",GB,סנסודיין משחת לשיקום,מיליליטרים,75.00,"100 מ""ל",false,,24.90,0.3320,true,1,131110
7290014066359,false,לנדוור-קפסולות אספרסו בלנסד(06) - 10יח'12X יח,האחים פלם הגפן,IL,לנדוור קפסולות אספרס,יחידה,0.00,יחידה,false,,17.90,0.0000,true,1,207992
7290014066366,false,לנדוור-קפסולות אספרסו ריסטרטו(08) - 10יח'12X יח,קפה לנדוור,IL,לנדוור קפסולות אספרס,יחידה,0.00,יחידה,false,,17.90,0.0000,true,1,207993
7290014066373,false,לנדוור-קפסולות אספרסו קלאסיק(09) - 10יח'12X יח,קפה לנדוור,IL,לנדוור קפסולות אספרס,יחידה,0.00,יחידה,false,,17.90,0.0000,true,1,207994
7290014066380,false,לנדוור-קפסולות אספרסו סופרימו(10) - 10יח'12X יח,קפה לנדוור,IL,לנדוור קפסולות אספרס,יחידה,0.00,יחידה,false,,17.90,0.0000,true,1,207995
7290014066441,false,לנדוור-קפסולות אספרסו נטול קפאין(07) - 10יח'12X יח,קפה לנדוור,IL,לנדוור קפסולות אספרס,יחידה,0.00,יחידה,false,,17.90,0.0000,true,1,207990
7290014066526,false,לנדוור-קפסולות אספרסו תערובת הבית(11) - 10יח'12X יח,קפה לנדוור,IL,לנדוור קפסולות אספרס,יחידה,0.00,יחידה,false,,17.90,0.0000,true,1,207996
7290014066533,false,לנדוור-קפסולות אספרסו קלייה כפולה(12) - 10יח'12X יח,קפה לנדוור,IL,לנדוור קפסולות אספרס,יחידה,0.00,יחידה,false,,17.90,0.0000,true,1,207997
7290014079847,false,פטריות בייבי בלה צמד מרינה,"מרינה פטריות הגליל בע""מ",IL,פיטריות פורטבילה צעי,יחידה,0.00,יחידה,false,,15.90,0.0000,true,1,223409
7290014083479,false,גבינת גאודה פרוסה 29% וילי פוד 150 גרם,ג.וילי פוד אינטרנשיו,IL,גאודה פרוסות 150גרם,גרמים,150.00,100 גרם,false,,10.90,0.0727,true,1,164461
7290014083806,false,עוגיות בטעם חמאה 350 גרם בפח,וילי פוד,PT,וילי פוד עוגיות בטעם,גרמים,350.00,100 גרם,false,,11.90,0.0340,true,1,106629
7290014083813,false,וילי פוד מריגה שפרוטים מעושנים בשמן 190ג,הנסיך- מפעל לייצור ט,LV,וילי פוד מריגה שפרוט,גרמים,190.00,100 גרם,false,,8.90,0.0468,true,1,106630
7290014094505,false,אורז בסמתי טהור אהרוני 1 ק''ג,האי נאם סי או אל.טי.,IN,אהרוני אורז בסמטי 1,קילוגרמים,1.00,"ק""ג",false,,10.90,10.9000,true,1,133191
7290014095861,false,שיבולת שועל דקה 500 גרם קוואקר,"דין שיווק וקלייה בע""",IL,קוואקר שיבולת שועל ד,גרמים,500.00,100 גרם,false,,6.90,0.0138,true,1,133258
7290014095960,false,שיבולת שועל עבה 500 גרם קוואקר,"דין שיווק וקלייה בע""",IL,קוואקר שיבולת שועל ע,גרמים,500.00,100 גרם,false,,6.90,0.0138,true,1,133261
7290014126343,false,בונומי בישקוטים וניל-קקאו 200 גרם,דנשר,IT,בונומי בישקוטים וניל,גרמים,200.00,100 גרם,false,,8.00,0.0400,true,1,140238
7290014204003,false,"שמפו לשיער צבוע 750 מ""ל פנינה רוזנבלום",פנינה רוזנבלום,IL,פנינה שמפו צבוע 750,מיליליטרים,750.00,"100 מ""ל",false,,12.90,0.0172,true,1,134166
7290014204010,false,"מרכך לשיער צבוע 750 מ""ל פנינה רוזנבלום",פנינה רוזנבלום,IL,פנינה מרכך צבוע 750,יחידה,750.00,יחידה,false,,12.90,0.0172,true,1,134167
7290014204027,false,"שמפו לשיער חפיפה יומיומית 750 מ""ל פנינה רוזנבלום",פנינה רוזנבלום,IL,פנינה שמפו יומי 750,מיליליטרים,750.00,"100 מ""ל",false,,12.90,0.0172,true,1,134168
7290014204560,false,"פנינהרוזנבלום- סבון נוזלי לידיים שלישיה,3*500 מ""ל",פנינה רוזנבלום,IL,פנינה סבון נוזלי 3*5,יחידה,3.00,יחידה,false,,13.90,4.6333,true,1,134174
7290014204614,false,פנינה רוזנבלם גרנולה,אפקט טבעי,IL,פנינה רוזנבלם גרנולה,גרמים,500.00,100 גרם,false,,26.90,0.0538,true,1,171837
7290014204683,false,"פנינה רוזנבלום- סבון נוזלי משאבה סגול,1 ליטר",פנינה רוזנבלום,IL,פנינה סבון נוזלי משא,מיליליטרים,1000.00,"100 מ""ל",false,,10.90,0.0109,true,1,134180
7290014204690,false,"פנינה רוזנבלום- סבון נוזלי משאבה ורוד,1 ליטר",פנינה רוזנבלום,IL,פנינה סבון נוזלי משא,מיליליטרים,1000.00,"100 מ""ל",false,,10.90,0.0109,true,1,134181
7290014204706,false,סבון משאבה קורל 1 ליטר פנינה רוזנבלום,פנינה רוזנבלום,IL,פנינה סבון נוזלי משא,ליטרים,1.00,ליטר,false,,10.90,10.9000,true,1,134182
7290014218321,false,בורקס אישי גבינה מעדנות 4* 150 גרם,מיוצר עי קונדיטוריית,IL,מעדנות בורקס אישי גב,גרמים,600.00,100 גרם,false,,17.90,0.0298,true,1,157580
7290014218338,false,בורקס יפו במילוי תפוחי אדמה,מיוצר עי קונדיטוריית,IL,מעדנות בורקס אישי תפ,גרמים,600.00,100 גרם,false,,17.90,0.0298,true,1,157581
7290014218932,false,חטיפי פיצה בתוספת זיתים 710 ג' מעדנות,מיוצר עי קונדיטוריית,IL,חטיפי פיצה בתוספת זי,גרמים,710.00,100 גרם,false,,29.90,0.0421,true,1,195301
7290014256460,false,כרמל ויניארדס סוביני,,,כרמל ויניארדס סוביני,מיליליטרים,750.00,"100 מ""ל",false,,59.90,0.0799,true,1,175614
7290014256637,false,"יין מבעבע מוסקטו באזז יקבי כרמל 750 מ""ל",יקבי כרמל Carmel Winery,IL,"באז מוסקטו 750 מ""ל",מיליליטרים,750.00,"100 מ""ל",false,,24.90,0.0332,true,1,267070
7290014298217,false,בקבוק שתיה קטן 350 מ,,,בקבוק שתייה קטן,יחידה,0.00,יחידה,false,,24.90,0.0000,true,1,223942
7290014298491,false,שבבי סבון מוסקו מפיץ,מוסקו,IL,שבבי סבון מוסקו מפיץ,גרמים,100.00,100 גרם,false,,25.00,0.2500,true,1,130690
7290014318120,false,ארטישוק צעיר על הגריל בשמן 314 ג' (12),,,ארטישוק צעיר על הגרי,גרמים,314.00,100 גרם,false,,35.90,0.1143,true,1,167465
7290014318403,false,רוטב פסטה עגבניות עם,,,רוטב פסטה עגבניות עם,גרמים,340.00,100 גרם,false,,13.90,0.0409,true,1,167520
7290014318526,false,צלפים גדולים עם רגל 540 כשר ג',,,צלפים גדולים עם רגל,גרמים,540.00,100 גרם,false,,32.90,0.0609,true,1,177517
7290014318748,false,"סירופ אגבה אורגני 330 מ""ל {12} כשר",,IT,סירופ אגבה אורגני330,מיליליטרים,330.00,"100 מ""ל",false,,23.90,0.0724,true,1,228742
7290014318892,false,"מיץ סלק אורגני 946 מ""ל",,TR,מיץ סלק אורגני 946 מ,מיליליטרים,946.00,"100 מ""ל",false,,22.90,0.0242,true,1,229082
7290014325548,false,"מיה חמאת בוטנים 1 ק""",מיה תעשיות מזון בעמ,IL,"מיה חמאת בוטנים 1 ק""",יחידה,0.00,יחידה,false,,20.90,0.0000,true,1,134045
7290014397163,false,"מטהר אוויר פרש הום פריחת השקד, ורד אנגלי וכותנה",החברה הדרומית,IL,סנו פרש מיכל מילוי ב,מיליליטרים,250.00,"100 מ""ל",false,,15.90,0.0636,true,1,231907
7290014397170,false,"פרש מיכל מילוי אוטומטיק סופט בלאנס 250 מ""ל סנו",מיוצר עי קונדיטוריית,IL,סנו פרש מיכל מילוי ב,מיליליטרים,250.00,"100 מ""ל",false,,15.90,0.0636,true,1,178490
7290014397453,false,סנו אוקסיגן גל מסיר כתמים כביסה לבנה 3 ל,סנו אוקסיג'ן,IL,סנו אוקסיג'ן לכביסה,ליטרים,3.00,ליטר,false,,29.90,9.9667,true,1,250172
7290014397491,false,"מבשם אויר סנו פרש הום בניחוח וניל קוקוס 350 מ""ל",סנו פרש Fresh,IL,סנו פרש הום קוקוס ונ,מיליליטרים,350.00,"100 מ""ל",false,,13.90,0.0397,true,1,153916
7290014397507,false,מבשם אויר סנו פרש הום בניחוח מאסק מעודן 350 מ''ל,מיוצר עי קונדיטוריית,IL,סנו פרש הום מאסק מעו,מיליליטרים,350.00,"100 מ""ל",false,,13.90,0.0397,true,1,109351
7290014397521,false,"מבשם אויר סנו פרש הום בניחוח לבנדר 350 מ""ל",סנו פרש Fresh,IL,סנו פרש הום לבנדר פר,מיליליטרים,350.00,"100 מ""ל",false,,13.90,0.0397,true,1,109353
7290014397538,false,"מבשם אויר סנו פרש הום בניחוח אביב 350 מ""ל",סנו מפעלי ברונוס בעמ,IL,סנו פרש הום סבון מפנ,מיליליטרים,350.00,"100 מ""ל",false,,13.90,0.0397,true,1,109354
7290014397675,false,סנו מקסימה מרכך כביסה חלב ודבש 4 ליטר,סנו מקסימה,IL,מקסימה קר מרכך כביסה,ליטרים,4.00,ליטר,false,,22.90,5.7250,true,1,109359
7290014397767,false,סנו ריצפז פרש הום 2 ליטר בניחוח כותנה-מרכז,"סנו מפעלי ברונוס בע""",IL,ריצפז פרש הום כותנה,ליטרים,2.00,ליטר,false,,21.90,10.9500,true,1,109365
7290014397774,false,רצפז פרש הום טבע רענן 2 ל',סנו פרש Fresh,IL,ריצפז פרש הום טבע רע,ליטרים,2.00,ליטר,false,,21.90,10.9500,true,1,109366
7290014397873,false,מרכך כביסה בבישום עוצמתי ג'נטל בריז,סנו מקסימה,IL,מקסימה gentle breeze,ליטרים,4.00,ליטר,false,,22.90,5.7250,true,1,201664
7290014397897,false,"מבשם בגדים ואריגים כותנה מקסימה 350 מ""ל סנו",סנו מקסימה,IL,מקסימה ספרי לבישום כ,מיליליטרים,350.00,"100 מ""ל",false,,16.90,0.0483,true,1,224172
7290014397903,false,מבשם בגדים ואריגים מקסימה Soft linen,סנו מקסימה,IL,מקסימה ספרי לבישום כ,מיליליטרים,350.00,"100 מ""ל",false,,16.90,0.0483,true,1,224173
7290014426061,false,משחת שיניים הלו קיטי בטעם ענבים לגיל 2-6,כצט נוביס,IL,הלו קיטי משחת שיניים,מיליליטרים,50.00,"100 מ""ל",false,,11.90,0.2380,true,1,131113
7290014426597,false,משחת שיניים ילדיים קיטי שחור 50 גרם,יושלם,IL,משחת הלו קיטי מנטה 5,מיליליטרים,50.00,"100 מ""ל",false,,11.90,0.2380,true,1,131114
7290014455245,false,גבינת גרנה פדנו משולש 29% 200 גרם בית יוסף,מחלבת סוציאלה מנטובה,IT,גרנה פדנו משולש 200,גרמים,200.00,100 גרם,false,,24.90,0.1245,true,1,156606
7290014455252,false,גבינה קשה מגורדת גרנה פדנו 29% שומן,מחלבות גד שיווק 1992,IT,גרנה פדנו מגורד 100ג,יחידה,0.00,יחידה,false,,11.90,0.0000,true,1,156607
7290014455320,false,גבינה כדורי מוצרלה פרסקה גד 100ג',מוצרלה פרסקה 2 ב 15,IL,כדור מוצרלה פרסקה 10,גרמים,100.00,100 גרם,false,,8.90,0.0890,true,1,131346
7290014455467,false,ירח מתוק מעדן חלב 2% ושיבולת שועל גד 150ג',מחלבות גד,IL,מעדן שיבולת שועל וחל,יחידה,150.00,יחידה,false,,5.90,0.0393,true,1,157689
7290014455610,false,"יוגורט עיזים תות 125 גרם ""גד""",מיוצר על ידי קוד יצר,IL,יוגורט עיזים עם תות,גרמים,125.00,100 גרם,false,,5.90,0.0472,true,1,165214
7290014455627,false,יוגורט עיזים דובדבן אמרנה 125 גר,מיוצר עי קוד יצרן MK,IL,יוגורט עיזים עם דובד,גרמים,125.00,100 גרם,false,,5.90,0.0472,true,1,165215
7290014459137,false,"תפוגן סטייק צ'יפס 1.5 ק""ג אסם","תעשיות תפוגן בע""מ",IL,תפוגן צ'יפס סטייק 1.,קילוגרמים,1.50,"ק""ג",false,,24.90,16.6000,true,1,123631
7290014459373,false,"צ'יפס קראנצ'י לתנור קפוא תפוגן 1.5ק""ג",עיצובים 2020 (4.5),IL,תפוגן צ'יפס קראנצ'י,קילוגרמים,1.50,"ק""ג",false,,25.90,17.2667,true,1,158196
7290014459472,false,"צ'יפס קפוא תפוגן 2 ק""ג כשל""פ","תעשיות תפוגן בע""מ",IL,תפוגן צ'יפס קלאסי 2,קילוגרמים,2.00,"ק""ג",false,,29.90,14.9500,true,1,167277
7290014466128,false,"יין הר חרמון אינדיגו 750 מ""ל",מיוצר וממולא על ידי,IL,יקבי רמת הגולן הר חר,מיליליטרים,750.00,"100 מ""ל",false,,34.90,0.0465,true,1,114844
7290014466609,false,יין מרלו גמלא 2020 750 מל,יקבי רמת הגולן,IL,גמלא מרלו עברית 12,יחידה,0.00,יחידה,false,,64.90,0.0000,true,1,159114
7290014466890,false,"יין גמלא השמורה קברנה מרלו 2020 750 מ""ל",יקבי רמת הגולן,,גמלא השומרה קברנה מר,יחידה,0.00,יחידה,false,,59.90,0.0000,true,1,192957
7290014471412,false,"מוזלי בוטנים אגוזים ושקדים 1 ק""ג - 412 ירוק שקדיה","דין שיווק וקלייה בע""",IL,דין מוזלי בוטנים אגו,גרמים,1000.00,100 גרם,false,,21.90,0.0219,true,1,133263
7290014471429,false,"מוזלי עם פירות 1 ק""ג - 429 סגול שקדיה","דין שיווק וקלייה בע""",IL,"דין מוזלי פירות 1 ק""",קילוגרמים,1.00,"ק""ג",false,,21.90,21.9000,true,1,133264
7290014471436,false,"מיזלי צימוקים תפוח קינמון וגרעיני חמניה שקדיה 1ק""ג","דין שיווק וקלייה בע""",IL,דין מוזלי צימוקים תפ,גרמים,400.00,100 גרם,false,,21.90,0.0547,true,1,133265
7290014471443,false,"גרנולה צימוקים אגוזים ושקדים1 ק""ג חדש - 443 כתום שקדיה (כתום)","דין שיווק וקלייה בע""",IL,"גרנולה אגוזים 1 ק""ג",קילוגרמים,1.00,"ק""ג",false,,21.90,21.9000,true,1,133266
7290014472433,false,קונפיטורה תות שדה 70% פרי 450 גרם,"דין שיווק וקליה בע""מ",IL,קונפיטורה תות שדה 45,גרמים,450.00,100 גרם,false,,14.90,0.0331,true,1,133295
7290014472440,false,קונפיטורה תפוז 70% פרי 450 גרם,"דין שיווק וקליה בע""מ",IL,קונפיטורה תפוז 450 ג,גרמים,450.00,100 גרם,false,,14.90,0.0331,true,1,133296
7290014472464,false,קונפיטורה משמש 70% פרי 450 גרם,"דין שיווק וקליה בע""מ",IL,שקדיה קונפיטורה משמש,גרמים,450.00,100 גרם,false,,14.90,0.0331,true,1,133298
7290014472990,false,ממרח 100% שקדים שקדיה 300 ג',דין שיווק,IL,שקדיה ממרח שקדים 300,גרמים,300.00,100 גרם,false,,35.90,0.1197,true,1,133311
7290014501232,false,יין בר הרי גליל לבן 750 מל,יקבי רמת הגולן,,הרי גליל לבן 750 מל,מיליליטרים,750.00,"100 מ""ל",false,,34.90,0.0465,true,1,232794
7290014503656,false,יין אסטייט פטיט סירה,"יקב דלתון בע""מ",,אסטייט דלתון פטיט סי,יחידה,0.00,יחידה,false,,59.90,0.0000,true,1,169450
7290014518018,false,"קמח חיטה מלא 1 ק""ג",,,"קמח חיטה מלא 1 ק""ג",קילוגרמים,1.00,"ק""ג",false,,6.00,6.0000,true,1,181390
7290014525290,false,חטיף מרבה סלים דליס קריספי תות 125 גר,סלים דליס Slim Delis,NL,סלים דליס קריספי תות,גרמים,125.00,100 גרם,false,,10.90,0.0872,true,1,161858
7290014525306,false,חטיף מרבה סלים דליס קריספי אוכמניות 125,סלים דליס Slim Delis,NL,סלים דליס קריספי אוכ,גרמים,125.00,100 גרם,false,,10.90,0.0872,true,1,161633
7290014525313,false,חטיף מרבה סלים דליס קריספי שוקולד 125 ג,סלים דליס Slim Delis,NL,סלים דליס קריספי שוק,גרמים,125.00,100 גרם,false,,10.90,0.0872,true,1,161634
7290014525665,false,מרבה על חלל עוגיות קקאו וסוכריות שוק חלב 140 יח',"מרבה בע""מ",NL,עוגיות קקאו עם סוכרי,גרמים,140.00,100 גרם,false,,10.90,0.0779,true,1,227146
7290014525672,false,מרבה על חלל עוגיות עם סוכריות שוקולד 140 יח',"מרבה בע""מ",NL,עוגיות עם סוכריות שו,גרמים,140.00,100 גרם,false,,10.90,0.0779,true,1,227147
7290014534650,false,"פסטה ""לה פסטה"" 400 ג' צינור 400 ג'",מוטלו,TR,לה פסטה צינור 400 ג,גרמים,400.00,100 גרם,false,,3.90,0.0097,true,1,111085
7290014534667,false,"פסטה ""לה פסטה"" 400 ג' קונכיה 400 ג'",מוטלו,TR,לה פסטה קונכיה 400 ג,גרמים,400.00,100 גרם,false,,3.90,0.0097,true,1,111086
7290014534674,false,"פסטה ""לה פסטה"" 400 ג' פרפר 400 ג'",מוטלו,TR,לה פסטה פרפר 400 ג,גרמים,400.00,100 גרם,false,,3.90,0.0097,true,1,267293
7290014534681,false,"פסטה ""לה פסטה"" 400 ג' בורג 400 ג'",מוטלו,TR,לה פסטה בורג 400 ג,גרמים,400.00,100 גרם,false,,3.90,0.0097,true,1,111088
7290014534698,false,"פסטה ""לה פסטה"" 400 ג' תלתל 400 ג'",מוטלו,TR,לה פסטה תלתל 400 גרם,גרמים,400.00,100 גרם,false,,3.90,0.0097,true,1,267292
7290014534704,false,"פסטה ""לה פסטה"" 400 ג' אטריות מרק 400 ג'",מוטלו,TR,לה פסטה אטריות מרק 4,גרמים,400.00,100 גרם,false,,3.90,0.0097,true,1,267294
7290014648081,false,סכיני גילוח חד פעמי לה בלה עשירייה,,,סכיני גילוח 10 יח נש,יחידה,1.00,יחידה,false,,10.00,10.0000,true,1,148554
7290014648098,false,סכיני גילוח חד פעמי לה בלה חמישיה,,,בסט סכיני גילוח 5 יח,יחידה,1.00,יחידה,false,,14.90,14.9000,true,1,148556
7290014648586,false,מקלוני צמר גפן la belle פלסטיק 200 יח,,,LA BELLE מקלוני צמר,יחידה,0.00,יחידה,false,,3.90,0.0000,true,1,186272
7290014648654,false,מקלוני צמר גפן פלסטיק*500,,,LA BELLE מקלוני צמר,יחידה,0.00,יחידה,false,,14.90,0.0000,true,1,186273
7290014648852,false,ספוג רחצה לאמבט לבן,,,ספוג רחצה לאמבט לבן,יחידה,0.00,יחידה,false,,17.90,0.0000,true,1,196079
7290014648906,false,מסיר לק מהציפורניים,אקטיב,IL,LA BELLE מסיר לק 100,מיליליטרים,250.00,"100 מ""ל",false,,5.90,0.0236,true,1,186238
7290014648951,false,PHARMA DENTקיסמי מברשת דו צדדיים בטעם מנטה 100יח,,,קיסמי מברשת דו צדדיי,יחידה,0.00,יחידה,false,,9.90,0.0000,true,1,217700
7290014649026,false,ספוג כפפה משולב לאמב,,,ספוג כפפה משולב לאמב,יחידה,0.00,יחידה,false,,17.90,0.0000,true,1,196092
7290014673007,false,תערובת עשבי תיבול בסגנון ים תיכוני 40גר,א.ל ייצור ושיווק תבל,IL,תערובת עשבי תיבול בס,יחידה,0.00,יחידה,false,,10.90,0.0000,true,1,239831
7290014673021,false,תבלין פלפל שחור שלם 100 גרם,א.ל ייצור ושיווק תבל,IL,תבליני מימון פלפל שח,גרמים,100.00,100 גרם,false,,13.90,0.1390,true,1,104816
7290014673038,false,תערובת עשבי תיבול טוסקנה 120 גרם,א.ל ייצור ושיווק תבל,IL,תערובת תיבול טוסקנה,גרמים,120.00,100 גרם,false,,10.90,0.0908,true,1,239832
7290014673052,false,תערובת עשבי תיבול לתפוחי אדמה 120 גרם,א.ל ייצור ושיווק תבל,IL,תערובת תיבול לתפוחי,גרמים,120.00,100 גרם,false,,10.90,0.0908,true,1,239834
7290014673106,false,פפריקה אדומה גרוסה בשמן 400 גרם,א.ל ייצור ושיווק תבל,IL,פפריקה אדומה גרוסה ב,גרמים,400.00,100 גרם,false,,26.90,0.0672,true,1,239837
7290014673359,false,תבלין מלח לימון 400 גרם,א.ל ייצור ושיווק תבל,IL,מלח לימון 400 גר,גרמים,400.00,100 גרם,false,,21.90,0.0547,true,1,104820
7290014673366,false,תבלין כורכום טחון 250 גרם,א.ל ייצור ושיווק תבל,IL,מימון כורכום טחון 25,גרמים,250.00,100 גרם,false,,20.90,0.0836,true,1,104821
7290014673397,false,תיבול לגריל עוף 250 גרם,א.ל ייצור ושיווק תבל,IL,מימון תיבול לגריל עו,גרמים,250.00,100 גרם,false,,20.90,0.0836,true,1,104824
7290014673403,false,תבלין פלפל שחור טחון 250 גרם.,א.ל ייצור ושיווק תבל,IL,מימון פלפל שחור טחון,גרמים,250.00,100 גרם,false,,27.90,0.1116,true,1,104825
7290014673410,false,תבלין פלפל שחור גרוס דק 250 גרם.,א.ל ייצור ושיווק תבל,IL,מימון פלפל שחור גרוס,גרמים,250.00,100 גרם,false,,27.90,0.1116,true,1,104826
7290014692299,false,גבינת ברי 125 ג' קסטיאלו ויליפוד,יורו צ'יז Euro Cheese,DK,קסטלו ברי 125ג,גרמים,125.00,100 גרם,false,,19.90,0.1592,true,1,225955
7290014692305,false,גבינת קממבר 125ג' CASTELLO ויליפוד,הנסיך- מפעל לייצור ט,DK,קסטלו קממבר 125ג,גרמים,125.00,100 גרם,false,,19.90,0.1592,true,1,106635
7290014692565,false,וילי פוד גרעיני תירס 320 גרם,אקו קונסרויפרי קי.אפ,HU,וילי פוד גרעיני תירס,גרמים,320.00,100 גרם,false,,5.90,0.0184,true,1,106647
7290014692817,false,גבינת מוצרלה מגורדת 200 ג' EURO CHEESE ויליפוד,הנסיך- מפעל לייצור ט,IL,סיי ציז מוצרלה מגורד,גרמים,200.00,100 גרם,false,,14.90,0.0745,true,1,106653
7290014712379,false,"יוגורט בקבוק בטעם אפרסק 500 מ""ל הכפר",מחלבת בת הרים,IL,יוגורט בקבוק אפרסק 5,מיליליטרים,500.00,"100 מ""ל",false,,15.90,0.0318,true,1,245531
7290014712539,false,"יוגורט בקבוק בטעם תות שדה 500 מ""ל הכפר",מחלבת בת הרים,IL,יוגורט בקבוק תות שדה,מיליליטרים,500.00,"100 מ""ל",false,,15.90,0.0318,true,1,245532
7290014712546,false,"יוגורט בקבוק בטעם פירות יער 500 מ""ל הכפר",מחלבת בת הרים,IL,יוגורט בקבוק פירות י,מיליליטרים,500.00,"100 מ""ל",false,,15.90,0.0318,true,1,245533
7290014725881,false,אזורה תחליב רחצה אלג,,,אזורה תחליב רחצה אלג,מיליליטרים,750.00,"100 מ""ל",false,,13.90,0.0185,true,1,232187
7290014731264,false,"כוס שתיה ח""פ ר.שמאי 100יח'",רם,,ספלאש כוסות לשתיה קר,יחידה,0.00,יחידה,false,,7.90,0.0000,true,1,172252
7290014746145,false,שניצל מקצועי שומשום,,,שניצל מקצועי שומשום,קילוגרמים,10.00,"00000000000000000ק""ג",false,,300.00,30.0000,true,1,123646
7290014747715,false,"ע.ט אצבעות שניצל שומשום 1 ק""ג",,,עוף טוב אצבעות שניצל,קילוגרמים,1.00,"ק""ג",false,,32.90,32.9000,true,1,236035
7290014748613,false,דג טוב מקלוני דגים בציפוי ציפס 600גר,עיצובים 2020 (4.9),IL,דג טוב מקלוני דגים ב,גרמים,600.00,100 גרם,false,,29.90,0.0498,true,1,268519
7290014748958,false,דג טוב פופקורן מיני אמנון ציפס נ.שלם 400גר,מולינו ניקולי s.p.a,IL,דג טוב פופקורן מיני,גרמים,400.00,100 גרם,false,,35.90,0.0897,true,1,197571
7290014749245,false,ספיישל רצועות שניצל שומשום עוף טוב 600 גרם,מוצרי עוף טוב (2001),IL,עוף טוב צונגו רצועות,גרמים,600.00,100 גרם,false,,39.90,0.0665,true,1,202658
7290014749764,false,עוף טוב שניצל עוף ביתי עדין כזה 700 גרם,מוצרי עוף טוב (2001),IL,שניצל עוף ביתי עדין,יחידה,0.00,יחידה,false,,39.90,0.0000,true,1,209144
7290014758100,false,מאגדת יוגורט ביו 3% שומן 8 יח' *150ג' תנובה,מיוצר עי קונדיטוריית,IL,מאגדת יוגורט ביו 3%,ליטרים,1.20,ליטר,false,,16.90,14.0833,true,1,127253
7290014758117,false,מאגדת יוגורט ביו 1.5% שומן 8 יח' *150 ג' תנובה,מיוצר עי קונדיטוריית,IL,מאגדת יוגורט ביו 1.,ליטרים,1.20,ליטר,false,,16.20,13.5000,true,1,127254
7290014758162,false,חלב עיזים מלא 3.6% קרטון 1 ל' תנובה,תנובה מרכז שיתופי לש,IL,חלב עיזים קרטון 1 לי,ליטרים,1.00,ליטר,false,,14.90,14.9000,true,1,127257
7290014758681,false,קוטג תנובה 1% גביע 250 גרם,מיוצר עי קונדיטוריית,IL,קוטג תנובה 1% גביע 2,גרמים,250.00,100 גרם,false,,5.80,0.0232,true,1,127276
7290014759084,false,גבינת שמנת 16% בטעם טבעי 225 ג' נפוליאון,תנובה מרכז שיתופי לש,IL,נפוליאון 16% גביע 22,גרמים,225.00,100 גרם,false,,13.90,0.0618,true,1,127282
7290014759237,false,יוגורט תנובה 6.5% כד 3 ליטר,,,יוגורט תנובה 6.5% כד,ליטרים,3.00,ליטר,false,,30.70,10.2333,true,1,127283
7290014759534,false,גבינה בולגרית למריחה טבעי 5% 200 ג' פיראוס,"תנובה, מחלבת תל יוסף",IL,בולגרית למריחה פיראו,גרמים,200.00,100 גרם,false,,14.20,0.0710,true,1,127287
7290014759909,false,פטה עיזים 5% פיראוס גביע 250 גרם,"תנובה, מחלבת טנא נוג",IL,פטה עיזים 5% פיראוס,גרמים,250.00,100 גרם,false,,28.60,0.1144,true,1,127294
7290014759978,false,"גבינת קצקבל פלח גלעד 27%, 200 ג'",תנובה חלב,IL,קצקבל גלעד 27% פלח 2,גרמים,200.00,100 גרם,false,,26.20,0.1310,true,1,127296
7290014759992,false,גבינת רוקפור גליל פלח 140 ג' תנובה,"תנובה, מחלבת תל יוסף",IL,פלח רוקפור גליל 27%,גרמים,140.00,100 גרם,false,,19.50,0.1393,true,1,127298
7290014760134,false,מעדן סויה בטעם וניל אלטרנטיב,תנובה Alternative,IL,מעדן סויה בטעם וניל,מיליליטרים,125.00,"100 מ""ל",false,,4.10,0.0328,true,1,180130
7290014760141,false,משקה שקדים תנובה E אלטרנטיב,תנובה Alternative,IL,משקה שקדים טרי 1 ליט,ליטרים,1.00,ליטר,false,,12.50,12.5000,true,1,127300
7290014760448,false,גבינה צהובה גלבוע 400 גרם 22% שומן תנובה,מחלבת בית יצחק,IL,גלבוע 22% 400 גרם,גרמים,400.00,100 גרם,false,,24.30,0.0608,true,1,127309
7290014760912,false,פרוסות גבינה 28% שומן 400 ג' גוש חלב,תנובה מרכז שיתופי לש,IL,גוש חלב 28% 400 גרם,גרמים,400.00,100 גרם,false,,26.20,0.0655,true,1,127323
7290014761018,false,גיל בטעם וניל תנובה,תנובה מרכז שיתופי לש,IL,גיל בטעם וניל 125 גר,מיליליטרים,125.00,"100 מ""ל",false,,1.60,0.0128,true,1,127325
7290014761056,false,מעדן שוקולד חלב מעולה 123 ג' יולו,מיוצר עי קונדיטוריית,IL,YOLO מעדן שוקולד חלב,גרמים,123.00,100 גרם,false,,4.60,0.0374,true,1,127327
7290014761063,false,מעדן שוקולד מריר מעולה 123 ג' יולו,מיוצר עי קונדיטוריית,IL,YOLO מעדן שוקולד מרי,גרמים,123.00,100 גרם,false,,4.60,0.0374,true,1,127328
7290014761070,false,מעדן שוקולד לבן מעולה 123 ג' יולו,מיוצר עי קונדיטוריית,IL,YOLO מעדן שוקולד לבן,גרמים,123.00,100 גרם,false,,4.60,0.0374,true,1,127329
7290014761193,false,יוגורט עם פירות יער 1.5% שומן 125 ג' פרילי,תנובה מרכז שיתופי לש,IL,פרילי פירות יער 1.5%,גרמים,125.00,100 גרם,false,,3.50,0.0280,true,1,127331
7290014761414,false,יולו מעדן שכבות שוקולד חלב ולבן 123 גר,מיוצר עי קונדיטוריית,IL,YOLO מעדן שכבות שוקו,יחידה,0.00,יחידה,false,,4.60,0.0000,true,1,127339
7290014761438,false,פיראוס בולגרית קלאסית 24% סמי מעדניה 400,תנובה מרכז שיתופי לש,IL,בולגרית 24% סמי מעדנ,גרמים,400.00,100 גרם,false,,27.10,0.0678,true,1,127340
7290014761612,false,YOLO מעדן שכבות שוקולד מריר ולבן מעולה,מיוצר עי קונדיטוריית,IL,YOLO מעדן שכבות שוקו,גרמים,123.00,100 גרם,false,,4.60,0.0374,true,1,127345
7290014762756,false,נפוליאון גבינת שמנת עם בצל 16% שומן,תנובה חלב,IL,נפוליאון 16% עם בצל,גרמים,225.00,100 גרם,false,,13.90,0.0618,true,1,157582
7290014762800,false,מעדן סויה שוקולד גביע 125 גרם אלטרנטיב,תנובה מרכז שיתופי לש,IL,מעדן סויה שוקולד גבי,גרמים,125.00,100 גרם,false,,4.10,0.0328,true,1,174934
7290014762831,false,גבינת שמנת חלפיניו 24% שומן 225 ג' נפוליאון,תנובה מרכז שיתופי לש,IL,נפוליאון עם חלפיניו,גרמים,225.00,100 גרם,false,,13.90,0.0618,true,1,191158
7290014762909,false,"פתיתי גבנ""צ מוצרלה 200 גרם ""השף הלבן""","תנובה, מחלבת תל יוסף",IL,מוצרלה פתיתים 20% שו,גרמים,200.00,100 גרם,false,,18.90,0.0945,true,1,237972
7290014762947,false,לאבנה גלילית 11% שומן 750 ג' פיראוס,תנובה,IL,לאבנה גלילית 11%שומן,גרמים,150.00,100 גרם,false,,24.90,0.1660,true,1,160184
7290014763098,false,קרם גבינת שמנת 5% עם פלפל שום ובצל 200 ג' תנובה,תנובה,IL,קרם גבינת שמנת 5% עם,גרמים,200.00,100 גרם,false,,11.50,0.0575,true,1,162009
7290014763272,false,יוגורט סויה BIO לשתיה תות ובננה אלטרנטיב,תות תעשיות מזון (201,IL,יוגורט סויה לשתיה תו,גרמים,250.00,100 גרם,false,,6.20,0.0248,true,1,163436
7290014763395,false,גבינה צהובה עמק פרוס 28% 600 גרם מהדרין,תנובה מרכז שיתופי לש,IL,עמק סמי מעדניה 600,גרמים,600.00,100 גרם,false,,33.50,0.0558,true,1,167265
7290014789913,false,עוגיות אוראו קרם בטעם וניל מארז 176 גרם,מונדלייז,ES,אוראו עוגיות 3*176 ג,גרמים,528.00,100 גרם,false,,26.00,0.0492,true,1,141702
7290014791626,false,שוופס סודה נענע ליים 250 מל זכוכית,יפאורה תבורי בעמ,IL,שוופס סודה נענע ליים,מיליליטרים,250.00,"100 מ""ל",false,,5.00,0.0200,true,1,114709
7290014803565,false,צנימים עגולים עם חיטה מלאה 300 גרם,NEWLAT,,צנימים עגולים חיטה מ,יחידה,0.00,יחידה,false,,13.90,0.0000,true,1,116437
7290014860070,false,"מקלוני אורז ללא גלוטן 5 מ""מ 454גר' (אור)",ניינטי נודל קו,TH,מקלוני אורז ללא גלוט,גרמים,454.00,100 גרם,false,,10.90,0.0240,true,1,130884
7290014860155,false,מחצלת במבו שטוחה 24X24 ס'מ,גולין פנגזו,CN,מחצלת במבו שטוחה 24X,יחידה,0.00,יחידה,false,,7.90,0.0000,true,1,130888
7290014860247,false,שבבי אורז מרובעים ללא גלוטן 227 גרם (Oriental),ליאן תאי רייס,TH,מזרח ומערב יבוא שבבי,גרמים,227.00,100 גרם,false,,9.90,0.0436,true,1,130889
7290014860988,false,"שימורי קרם קוקוס 17% 400 מ""ל (TCC) כשר",Theppadungporn cocon,,מזרח ומערב יבוא חלב,גרמים,400.00,100 גרם,false,,9.90,0.0248,true,1,253884
7290014890169,false,גבינת שמנת שום שמיר 25%,גבינות משק יעקבס,IL,יעקבס שמנת שמיר 225,גרמים,225.00,100 גרם,false,,12.90,0.0573,true,1,171586
7290014901247,false,"שמפו קרטין לאחר החלקה ועיצוב בחום סטייל 750 מ""ל",א.ל. ארמן ייצור תמרו,IL,שמפו קרטין 750,יחידה,0.00,יחידה,false,,22.90,0.0000,true,1,211222
7290014901254,false,"מרכך קרטין לאחר החלקה ועיצוב בחום סטייל 750 מ""ל",א.ל ארמן ייצור תמרוק,IL,מרכך קרטין 750,יחידה,0.00,יחידה,false,,22.90,0.0000,true,1,211225
7290014901261,false,"מסכה קרטין לאחר החלקה ועיצוב בחום סטייל 500 מ""ל",א.ל ארמן ייצור תמרוק,IL,מסכה קרטין 500,יחידה,0.00,יחידה,false,,32.90,0.0000,true,1,211226
7290014901308,false,משחת שיניים לשיניים רגישות Complete protection,"סמית קליין ביצ'ם בע""",GB,משחת סנסודיין הגנה מ,יחידה,0.00,יחידה,false,,24.90,0.0000,true,1,131115
7290014901315,false,סנסודיין משחה הגנה מלאה אקסטרה פרש 75 מל,"סמית קליין ביצ'ם בע""",GB,סנסודיין מ.שיניים הג,יחידה,0.00,יחידה,false,,24.90,0.0000,true,1,131116
7290014901896,false,"מי פה סנסודיין מנטה מרענן 500 מ""ל",גלקסוסמיתקליין,GB,סנסודיין מי פה 500 מ,מיליליטרים,500.00,"100 מ""ל",false,,27.90,0.0558,true,1,156527
7290014905160,false,"הפי מטהר אוויר פניני ריח בניחוחות, 130 גרם",יוליניבר,IT,הפי פניני ריח תפוז\ו,גרמים,130.00,100 גרם,false,,11.90,0.0915,true,1,114484
7290014905207,false,"הג'ל הכחול לניקוי האסלה יעקבי 750 מ""ל",איי פי אס,TR,הפי ג'ל מנקה אסלות 7,מיליליטרים,750.00,"100 מ""ל",false,,8.90,0.0119,true,1,114486
7290014905498,false,הפי מטליות דו צדדיות בגליל 20 מטליות,ג'נרל מילס סאן אדריא,TR,הפי גם וגם מטלית דו,יחידה,0.00,יחידה,false,,12.90,0.0000,true,1,183956
7290014905689,false,"נוזל כלים הפי מרוכז 24% תפוח 750 מ""ל",יעקובי הפי,IL,הפי לכלים ירוק תפוח,מיליליטרים,750.00,"100 מ""ל",false,,8.90,0.0119,true,1,114493
7290014905696,false,"נוזל כלים הפי מרוכז 24% לימון 750 מ""ל",יעקובי הפי,IL,הפי לכלים צהוב לימון,מיליליטרים,750.00,"100 מ""ל",false,,8.90,0.0119,true,1,114494
7290014905733,false,"הפי פרפקט לניקוי שמשות 750 מ""ל",יעקובי הפי,TR,"הפי לחלונות 750 מ""ל",מיליליטרים,750.00,"100 מ""ל",false,,7.90,0.0105,true,1,114496
7290014905962,false,סבון אסלה הפי בושם 5טיפות ורוד לבנדר נתלה,רלווי,IT,הפי סבון אסלה 5 טיפו,יחידה,0.00,יחידה,false,,7.90,0.0000,true,1,185158
7290014940901,false,לחם פשוט מלא 750 ג' אנג'ל,מאפית אנגל,IL,לחם פשוט מלא,גרמים,750.00,100 גרם,false,,13.90,0.0185,true,1,152991
7290014945067,false,צמרוני פלסטיק בקופסא,,,צמרוני פלסטיק בקופסא,יחידה,200.00,יחידה,false,,3.00,0.0150,true,1,148750
7290014945074,false,צמרוני בייבי 56 גרם,,,צמרוני בייבי,יחידה,0.00,יחידה,false,,3.00,0.0000,true,1,153152
7290014945210,false,300 צמרוני עץ (בשקית) Shiny,GUANGDONG,CN,צמרי עץ בשקית 300 י,יחידה,300.00,יחידה,false,,3.90,0.0130,true,1,148751
7290014945272,false,2 כריות ברזל לקרצוף,,,2 כריות ברזל לקרצוף,יחידה,0.00,יחידה,false,,4.90,0.0000,true,1,167553
7290014945739,false,שייני ניילון נצמד 150 מ',,IL,ניילון נצמד 150 מ' S,יחידה,0.00,יחידה,false,,19.90,0.0000,true,1,161880
7290014952928,false,קרם לאחר הריון ודיאטה,מאמי קר Mommy Care,,קרם לאחר הריון ודיאט,יחידה,0.00,יחידה,false,,49.90,0.0000,true,1,258498
7290014967458,false,קפסולות אספרסו מור ק,אספרסו מור,,מארז 10 קפסולות קפה,יחידה,0.00,יחידה,false,,11.90,0.0000,true,1,177024
7290014967472,false,קפסולות אספרסו מור א,אספרסו מור,,מארז 10 קפסולות קפה,יחידה,0.00,יחידה,false,,11.90,0.0000,true,1,177026
7290014974562,false,גביעי גלידה רגיל טילון עלמה גילרו 24 יח',"א.ג גילרו בע""מ",IL,רזיט גביעי גלידה 24,יחידה,24.00,יחידה,false,,7.90,0.3292,true,1,173216
7290014974876,false,גלילי ופל במילוי קרם אגוז ל.גלוטן 100 גר,כרמית תעשיות ממתקים,IL,רולים וופל בטעם אגוז,גרמים,100.00,100 גרם,false,,7.90,0.0790,true,1,173837
7290014994652,false,אלין שמפו שיאה ארגן מרוקי ללא מלח 1 ליטר,,,אלין שמפו ארגן מרוקא,ליטרים,1.00,ליטר,false,,44.90,44.9000,true,1,223170
7290015008020,false,נר נשמה ר. שמאי 24 שעות,,CN,נרות נשמה 24 שעות- ר,יחידה,0.00,יחידה,false,,1.90,0.0000,true,1,176338
7290015008105,false,"צלחות קטנות עבות במיוחד ח""פ 50 יח'",,IL,צלחות קטן עבות במיוח,יחידה,50.00,יחידה,false,,12.90,0.2580,true,1,172235
7290015008136,false,ניילון נצמד 150 מטר+סכין חיתוך ר. שמאי,,IL,ר. שמאי נילון נצמד 1,יחידה,0.00,יחידה,false,,16.90,0.0000,true,1,251267
7290015008273,false,"כוס פלסטיק איכותי 180 פסים ח""פ ר. שמאי 100יח'",,,כוסות פסים לשתיה קרה,יחידה,0.00,יחידה,false,,10.90,0.0000,true,1,172253
7290015008280,false,נייר אפייה ר. שמאי 50 דף,,,נייר אפיה נשלף 50 דף,יחידה,50.00,יחידה,false,,7.90,0.1580,true,1,172247
7290015008341,false,מפת צלופן עבה במיוחד בגליל רוחב 1.45,,IL,ר.שמאי מפות צלופן עב,יחידה,0.00,יחידה,false,,49.90,0.0000,true,1,196223
7290015008372,false,"כוס קרטון לשתיה חמה 8OZ ח""פ 50יח'",,,כוסות לשתיה חמה 8B-,יחידה,0.00,יחידה,false,,9.90,0.0000,true,1,174755
7290015008624,false,נרות חימום 50יחידות 4 שעות,,,נרות חימום עבות 50 י,יחידה,0.00,יחידה,false,,9.90,0.0000,true,1,179855
7290015008648,false,שקיות צליה ענק ר. שמאי 5+2יח',,,שקיות צליה ענק 5+2-,יחידה,0.00,יחידה,false,,4.90,0.0000,true,1,186981
7290015008655,false,כפות שקוף/קרם ארוז 50 יח,,,כפות קרם/שקוף ארוז 5,יחידה,0.00,יחידה,false,,7.90,0.0000,true,1,175849
7290015008662,false,"מזלג שקוף ארוז ח""פ 50יח'",,,מזלג קרם ארוז 50 יח',יחידה,0.00,יחידה,false,,7.90,0.0000,true,1,175850
7290015008679,false,סכין קרם/שקוף ארוז 5,,,סכין קרם/שקוף ארוז 5,יחידה,0.00,יחידה,false,,7.90,0.0000,true,1,175851
7290015008686,false,כפיות קרם/שקוף ארוז,,,כפיות קרם/שקוף ארוז,יחידה,0.00,יחידה,false,,6.90,0.0000,true,1,175852
7290015008778,false,"צלחות גדולות לבן ח""פ 100 יח'",,,שמאי - צלחות צבעוני,יחידה,100.00,יחידה,false,,39.90,0.3990,true,1,258737
7290015008822,false,"כוסות קרטון אספרסו 4OZ ח""פ 50יח'",,,כוסות קרטון 4 OZ אספ,יחידה,0.00,יחידה,false,,6.90,0.0000,true,1,174756
7290015008921,false,שקיות אשפה קטנות שחור 38/48 100 יח',,,שקיות גופיה קטן - ר.,יחידה,0.00,יחידה,false,,9.90,0.0000,true,1,186982
7290015008976,false,שקיות למזון מארז 150X3יח',,IL,שקיות מזון בקרטון של,יחידה,0.00,יחידה,false,,9.90,0.0000,true,1,179845
7290015009027,false,"חומץ בלסמי 500 מ""ל ""daniel""",ר. צ'צ'יק,ES,"חומץ בלסמי 500 מ""ל",מיליליטרים,500.00,"100 מ""ל",false,,21.90,0.0438,true,1,206884
7290015009041,false,"חומץ תפוחים 500 מ""ל ""daniel""",מנדלז סי.אר. פרודקשן,ES,"חומץ תפוחים 500 מ""ל",מיליליטרים,500.00,"100 מ""ל",false,,19.90,0.0398,true,1,206885
7290015009188,false,"ניוקי תפוחי אדמה עם דלעת 300 גר' ""דניאל""",סיאמה אלימנטארי סרל,,ניוקי תפוחי אדמה עם,גרמים,300.00,100 גרם,false,,9.90,0.0330,true,1,206892
7290015009225,false,"ריבת חלב מקורים 450 גרם ""DANIEL""",קארו,,ריבת חלב מקורית 450,גרמים,450.00,100 גרם,false,,21.90,0.0487,true,1,206917
7290015009232,false,"רוטב סלסה בינוני צהוב 454 גרם ""סבוריטו""",,CR,רוטב סלסה בינוני צהו,גרמים,454.00,100 גרם,false,,19.90,0.0438,true,1,206918
7290015009324,false,נאצו'ס תירס ברביקיו 200 גרם,אוקי סנקס,DK,נאצ'וס ברביקיו 200 ג,גרמים,200.00,100 גרם,false,,13.90,0.0695,true,1,206958
7290015009362,false,רוטב בלסמי לבן מצומצ,,ES,רוטב חומץ בלסמי לבן,מיליליטרים,250.00,"100 מ""ל",false,,24.90,0.0996,true,1,206898
7290015009379,false,"מיץ לימון משומר 946 מ""ל",,ES,מיץ לימון משומר 946,מיליליטרים,946.00,"100 מ""ל",false,,19.90,0.0210,true,1,206899
7290015009478,false,קינג קול שעועית אדומה כהה 439 גרם,יורקום סרל,IT,שימורי שעועית אדומה4,גרמים,400.00,100 גרם,false,,9.90,0.0248,true,1,229311
7290015009485,false,שימורי שעועית לבנה ברוטב עגבניות,,IT,שימורי שעועית אפויה,גרמים,400.00,100 גרם,false,,9.90,0.0248,true,1,229479
7290015009560,false,רוטב סאבוריטו חריף פ,,CR,רוטב חריף מפלפל קאיי,יחידה,0.00,יחידה,false,,19.90,0.0000,true,1,265359
7290015009591,false,"רוטב אקסטרא חריף מפלפל סקורפיון 148 מ""ל",קאמוק,CR,רוטב אקסטרא חריף מפל,יחידה,0.00,יחידה,false,,19.90,0.0000,true,1,265362
7290015015004,false,תאנים מיובשות 400 גר,,,תאנים מיובשות 400 גר,יחידה,0.00,יחידה,false,,19.90,0.0000,true,1,178898
7290015015011,false,חמוציות ברכז תפוח 30,,,חמוציות ברכז תפוח 30,יחידה,0.00,יחידה,false,,19.90,0.0000,true,1,178899
7290015015028,false,צימוקים ג'אמבו 300 ג,,,צימוקים ג'אמבו 300 ג,יחידה,0.00,יחידה,false,,19.90,0.0000,true,1,178900
7290015015035,false,צימוקים כהים 300 גרם,,,צימוקים כהים 300 גרם,יחידה,0.00,יחידה,false,,19.90,0.0000,true,1,178901
7290015015073,false,גרעיני חמניה קולפים,,,גרעיני חמניה קולפים,יחידה,0.00,יחידה,false,,9.90,0.0000,true,1,183285
7290015015097,false,גרעיני דלעת מקולפים,,,גרעיני דלעת מקולפים,יחידה,0.00,יחידה,false,,11.90,0.0000,true,1,183287
7290015015103,false,אגוז לוז (בונדוק) מק,,,אגוז לוז (בונדוק) מק,יחידה,0.00,יחידה,false,,14.90,0.0000,true,1,183288
7290015015134,false,אגוזי מלך קלופים 20,,,אגוזי מלך קלופים 20,יחידה,0.00,יחידה,false,,9.90,0.0000,true,1,183290
7290015015141,false,שקדים מולבנים גפרורי,,,שקדים מולבנים גפרורי,יחידה,0.00,יחידה,false,,14.90,0.0000,true,1,183291
7290015015158,false,שקדים מולבנים חצאים,,,שקדים מולבנים חצאים,יחידה,0.00,יחידה,false,,14.90,0.0000,true,1,183292
7290015015165,false,שקדים מקולפים טבעי 2,,,שקדים מקולפים טבעי 2,יחידה,0.00,יחידה,false,,14.90,0.0000,true,1,183293
7290015015172,false,אגוז פקאן מקולף טבעי,,,אגוז פקאן מקולף טבעי,יחידה,0.00,יחידה,false,,29.90,0.0000,true,1,183294
7290015015196,false,אגוז פקאן סיני מסוכר,,,אגוז פקאן סיני מסוכר,יחידה,0.00,יחידה,false,,19.90,0.0000,true,1,183295
7290015015202,false,קשיו טבעי 250 גרם,,,קשיו טבעי 250 גרם,יחידה,0.00,יחידה,false,,19.90,0.0000,true,1,186149
7290015015219,false,פיסטוק חלבי מקולף 2,,,פיסטוק חלבי מקולף 2,יחידה,0.00,יחידה,false,,29.90,0.0000,true,1,183296
7290015015301,false,פירורי לחם מוזהבים ד,,,פירורי לחם מוזהבים ד,גרמים,200.00,100 גרם,false,,3.90,0.0195,true,1,196052
7290015015363,false,פירורי לחם מוזהבים ד,,,פירורי לחם מוזהבים ד,יחידה,0.00,יחידה,false,,9.90,0.0000,true,1,196053
7290015015400,false,קפה דבאח טחון בלי הי,,,קפה דבאח טחון בלי הי,קילוגרמים,1.00,"ק""ג",false,,60.00,60.0000,true,1,210891
7290015015455,false,"קמח חיטה מלאה 2 ק""ג",,,"קמח חיטה מלאה 2 ק""ג",קילוגרמים,2.00,"ק""ג",false,,12.00,6.0000,true,1,125483
7290015015899,false,הום 9 מטליות רב שימו,,,הום 9 מטליות רב שימו,יחידה,0.00,יחידה,false,,9.90,0.0000,true,1,219457
7290015039055,false,"רוטב צ'ילי חריף תאילנדי וילי פוד 700 מ""ל",הנסיך- מפעל לייצור ט,TH,וילי פוד רוטב צילי ח,מיליליטרים,700.00,"100 מ""ל",false,,10.90,0.0156,true,1,106663
7290015039246,false,נתחי טונה בשמן צמחי רביעיה * 160 ג' וילי פוד,וילי פוד,TH,וילי פוד טונה בהירה,גרמים,640.00,100 גרם,false,,21.90,0.0342,true,1,106668
7290015039499,false,ויליפוד עוגיות חמאה איטלקיות מובחרות 1ק,טדסקו אס.אר.אל ויה ד,IT,ויליפוד עוגיות חמאה,גרמים,1000.00,100 גרם,false,,12.90,0.0129,true,1,106677
7290015129121,false,סקיני פסטה נודלס 270 גרם,הוויזאי וואנגייה פוד,CN,סקיני פסטה נודלס 270,גרמים,270.00,100 גרם,false,,13.90,0.0515,true,1,134630
7290015129145,false,אטריות קונג'אק בתוספת טפיוקה בצורת ספגטי,הוויזאי וואנגייה פוד,CN,סקיני פסטה ספגטי 270,גרמים,270.00,100 גרם,false,,13.90,0.0515,true,1,134632
7290015129220,false,איטריות קונגאק ללא גלוטן 270 גרם skinny,אף.סי תבליני בגליל ב,CN,סקיני פסטה קוסקוס 27,גרמים,270.00,100 גרם,false,,13.90,0.0515,true,1,157340
7290015129251,false,איטריות קונגאק ללא גלוטן 270 גרם skinny,אף.סי תבליני בגליל ב,CN,סקיני פסטה פטוציני 2,גרמים,270.00,100 גרם,false,,13.90,0.0515,true,1,157342
7290015129749,false,סקיני פסטה שיבולת שועל נודלס 270 גרם,הוויזאי וואנגייה,CN,סקיני פסטה שיבולת שו,גרמים,270.00,100 גרם,false,,13.90,0.0515,true,1,198251
7290015139250,false,"כרמית שוקולד מריר עם פצפוצי אורז לל""ס",כרמית תעשיות ממתקים,IL,חופשי שוקולד מריר עם,יחידה,0.00,יחידה,false,,7.50,0.0000,true,1,125019
7290015139267,false,שוקולד מריר עם שקדים ללא תוספת סוכר וסטהיים,כרמית תעשיות ממתקים,IL,חופשי שוקולד מריר עם,יחידה,0.00,יחידה,false,,7.50,0.0000,true,1,125020
7290015139465,false,כרמית מיקסים בייגלה מצופה שוקולד חלב,כרמית,IL,מיקסים בייגלה מצופה,יחידה,0.00,יחידה,false,,3.90,0.0000,true,1,155764
7290015139533,false,וופל לימון ללא ציפוי 200 ג' -חופשי-ללא גלוטן,כרמית תעשיות ממתקים,IL,ופל לימון ללא ציפוי,גרמים,200.00,100 גרם,false,,11.90,0.0595,true,1,158031
7290015139557,false,חופשי ופל שוקו ללא ציפוי 200 גר,כרמית תעשיות ממתקים,IL,חופשי ופל שוקו ללא צ,גרמים,200.00,100 גרם,false,,11.90,0.0595,true,1,158033
7290015150088,false,מחית עגבניות גראנד איטליה 700 גרם,שוורצקוף& הנקל דיסלד,IT,גרנד איטליה עגבניות,גרמים,700.00,100 גרם,false,,13.90,0.0199,true,1,126683
7290015150118,false,עגבניות חתוכות דק בלה איטליה 3*400 ג',אמיליאנה קונסרב ס.פ.,IL,עגבניות חתוכות דק 3*,קילוגרמים,1.20,"ק""ג",false,,17.90,14.9167,true,1,126686
7290015150200,false,עגבניות חתוכות דק 400 גרם,HIQ FOOD PRODUCTS,IT,עגבניות חתוכות דק 40,גרמים,400.00,100 גרם,false,,6.90,0.0173,true,1,168445
7290015150361,false,תה ירוק נענע סטיביה 25 שקיקים ויסוצקי,ויסוצקי ירוק,IL,ויסוצקי תה ירוק נענע,יחידה,0.00,יחידה,false,,24.90,0.0000,true,1,126687
7290015150590,false,תה ירוק גינגר חריף 25 שקיקים 1.5 גרם,ויסוצקי ירוק,IL,ויסוצקי תה ירוק ג'ינ,יחידה,25.00,יחידה,false,,24.90,0.9960,true,1,155250
7290015150903,false,תה ירוק גן קסום קינמון ודבש 25 שק*1.5 גר,ויסוצקי ירוק,IL,ויסוצקי תה ירוק קינמ,יחידה,25.00,יחידה,false,,24.90,0.9960,true,1,163312
7290015155427,false,פרמיו עוף וכבד לחתול,פרמיו Premio,AU,פרמיו עוף וכבד 15ג',יחידה,0.00,יחידה,false,,7.90,0.0000,true,1,262563
7290015155823,false,מחית תפוחי עץ חטיפטף ללא תוספת סוכר,פרוטה פודיווין איי.א,CZ,מחית פואץ' פרינוק תפ,יחידה,0.00,יחידה,false,,5.90,0.0000,true,1,174315
7290015155830,false,מחית תפוחי עץ ובננה חטיפטף ללא תוספת סוכר,פרוטה פודווין איי.אס,CZ,מחית פואץ' פרינוק תפ,יחידה,0.00,יחידה,false,,5.90,0.0000,true,1,174316
7290015155847,false,מחית סלט פירות חטיפטף ללא תוספת סוכר,פרוטה פודיווין איי.א,CZ,מחית פואץ' פרינוק סל,יחידה,0.00,יחידה,false,,5.90,0.0000,true,1,174317
7290015155878,false,חטיף אורז אפוי לתינוקות טבעי חטיפטף 28גר,,TH,חטיפטף בטעם טבעי 28,יחידה,0.00,יחידה,false,,8.90,0.0000,true,1,252508
7290015155892,false,חטיף אורז אפוי לתינוקות בננה חטיפטף 28גר,,TH,חטיפטף בטעם בננה 28,יחידה,0.00,יחידה,false,,8.90,0.0000,true,1,252510
7290015156769,false,מחית פרינוק פאוץ' תפוח ואוכמניות 120 גרם,פרוטה פודווין איי.אס,CZ,מחית פואץ' פרינוק 1,יחידה,0.00,יחידה,false,,5.90,0.0000,true,1,198044
7290015156776,false,מחית פירות טרופיים חטיפטף ללא תוספת סוכר,פרוטה פודווין איי.אס,CZ,מחית פואץ' פרינוק פי,יחידה,0.00,יחידה,false,,5.90,0.0000,true,1,183964
7290015156790,false,מחית לפתן פירות חטיפטף ללא תוספת סוכר,פרוטה פודווין איי.אס,CZ,מחית פואץ' פרינוק לפ,יחידה,0.00,יחידה,false,,5.90,0.0000,true,1,183965
7290015156813,false,מחית פרינוק פאוץ' פירות מעורבים 120 גרם,פרוטה פודווין איי.אס,CZ,מחית פואץ' פרינוק פי,יחידה,0.00,יחידה,false,,5.90,0.0000,true,1,183966
7290015164856,false,רוטב קארי אדומה 400 גרם SUREE כשר,טאפאדונגפורן קוקינט,TH,מזרח ומערב יבוא מחית,גרמים,400.00,100 גרם,false,,19.90,0.0497,true,1,130893
7290015176361,false,מברשת שיניים חשמלית למבוגרים-FJ-TBFJ-ABLUE,פוג'יקום,,מברשת שיניים חשמלית,יחידה,0.00,יחידה,false,,39.90,0.0000,true,1,165797
7290015176378,false,מברשת שיניים חשמלית למבוגרים-FJ-TBFJ-APURPLE,פוג'יקום,,מברשת שיניים חשמלית,יחידה,0.00,יחידה,false,,39.90,0.0000,true,1,165798
7290015176385,false,מברשת שיניים חשמלית לילדים בצבע כחול,פוג'יקום,,מברשת שיניים חשמלית,יחידה,0.00,יחידה,false,,39.90,0.0000,true,1,165799
7290015176392,false,מברשת שיניים חשמלית פוג'יקום לילד ורוד,פוג'יקום,,מברשת שיניים חשמלית,יחידה,0.00,יחידה,false,,39.90,0.0000,true,1,165800
7290015178273,false,רוטב מרינדה לעוף בגריל אוליביה 270 גר,אוליביה,IL,מרינדה לעוף בגריל,גרמים,320.00,100 גרם,false,,14.90,0.0466,true,1,263394
7290015194419,false,חטיף דגנים אפוי בטעם זעתר 200 גר',,,חטיף דגנים אפוי 200,גרמים,200.00,100 גרם,false,,9.90,0.0495,true,1,201153
7290015293631,false,מסיכה לשיער מתולתל יסמין ופרחי מגנוליה,"ד""ר פישר Dr fischer",IL,נטורל קר מסכה שיער מ,מיליליטרים,450.00,"100 מ""ל",false,,32.90,0.0731,true,1,138224
7290015325752,false,אסותא מגבונים לחים רביעיה,טרופיקל דגיל,IL,אסותא מגבוני רביעייה,יחידה,4.00,יחידה,false,,16.90,4.2250,true,1,171231
7290015347297,false,מעדן דובדבנים 280 גר' מיה,,,מיה מעדן דובדבנים 28,גרמים,280.00,100 גרם,false,,12.90,0.0461,true,1,202115
7290015347457,false,קינואה שחורה יבשה מיה 400 גר',,IL,מיה קינואה שחורה 500,גרמים,500.00,100 גרם,false,,24.90,0.0498,true,1,155946
7290015347464,false,מיה קינואה מעורבת 400 גרם,"מיה תעשיות מזון בע""מ",IL,מיה קינואה מעורבת 50,גרמים,500.00,100 גרם,false,,24.90,0.0498,true,1,155947
7290015350150,false,"יין אדום חצי יבש סגל 750 מ""ל",כרמי צבי - אחים סגל,IL,סגל אדום חצי יבש 750,מיליליטרים,750.00,"100 מ""ל",false,,21.90,0.0292,true,1,211948
7290015395045,false,קינואה 400 גרם חתם סופר,"שקדיה גבע תעשיות בע""",IL,שקדיה קינואה 400 ג,גרמים,400.00,100 גרם,false,,14.90,0.0373,true,1,133315
7290015403009,false,זוג ציפיות HOMETOP B,,,זוג ציפיות HOMETOP B,יחידה,0.00,יחידה,false,,7.90,0.0000,true,1,251436
7290015410304,false,פיתות קמח מלא 10 יח',,,פיתה דרוזית,יחידה,0.00,יחידה,false,,19.90,0.0000,true,1,143535
7290015464154,false,אלין תחליב רחצה 750,,,אלין תחליב רחצה 750,יחידה,0.00,יחידה,false,,19.90,0.0000,true,1,223171
7290015464291,false,"אלין קרם גוף לה בל 400 מ""ל",,,"אלין קרם גוף 400 מ""ל",מיליליטרים,400.00,"400 מ""ל",false,,34.90,0.0872,true,1,204376
7290015464307,false,"אלין דאודורנט 200 מ""ל סילבר מאן",,,אלין SILVER MAN דאוד,מיליליטרים,200.00,"100 מ""ל",false,,19.90,0.0995,true,1,203035
7290015464345,false,"אלין מבשם גוף לה בל 250 מ""ל",,,אלין מבשם גוף LA BEL,יחידה,0.00,יחידה,false,,42.90,0.0000,true,1,223198
7290015464369,false,"אלין דאודורנט 200 מ""ל בריח לה בל",,,"אלין דאודורנט 200 מ""",מיליליטרים,200.00,"100 מ""ל",false,,19.90,0.0995,true,1,223172
7290015464536,false,"אלין קרם ידיים 150 מ""ל LA BELLA",,,אלין קרם ידיים לה בל,יחידה,0.00,יחידה,false,,12.90,0.0000,true,1,223174
7290015464635,false,אלין מבשם גוף CODE M,,,אלין מבשם גוף CODE M,יחידה,0.00,יחידה,false,,42.90,0.0000,true,1,202715
7290015464697,false,אלין תחליב רחצה 750,,,אלין תחליב רחצה 750,יחידה,0.00,יחידה,false,,19.90,0.0000,true,1,223963
7290015464925,false,"אלין קרם גוף 400 מ""ל CODE MAN",,,"אלין קרם גוף 400 מ""ל",יחידה,0.00,יחידה,false,,34.90,0.0000,true,1,202729
7290015465052,false,"אלין קרם גוף אולימפיה 400 מ""ל",,,"אלין קרם גוף 400 מ""ל",יחידה,0.00,יחידה,false,,34.90,0.0000,true,1,202731
7290015465069,false,"אלין מבשם גוף אולימפיה 250 מ""ל",,,אלין מבשם גוף בריח א,יחידה,0.00,יחידה,false,,42.90,0.0000,true,1,223205
7290015465076,false,"אלין דאודורנט בריח אולימפיה 200 מ""ל",,,"אלין דאודורנט 200 מ""",יחידה,0.00,יחידה,false,,19.90,0.0000,true,1,223175
7290015465106,false,"אלין קרם גוף 400 מ""ל",,,"אלין קרם גוף 400 מ""ל",מיליליטרים,400.00,"100 מ""ל",false,,34.90,0.0872,true,1,223176
7290015465458,false,אלין קרם מתיר קשרים ילדים,,,אלין קרם מתיר קשרים,יחידה,0.00,יחידה,false,,22.90,0.0000,true,1,202752
7290015465465,false,אלין ספריי מתיר קשרים ילדים,,,אלין ספריי מתיר קשרי,יחידה,0.00,יחידה,false,,22.90,0.0000,true,1,202753
7290015465540,false,"אלין מסכה שמן אגוזי ברזיל 500 מ""ל",,,אלין מסכה שמן אגוזי,יחידה,0.00,יחידה,false,,44.90,0.0000,true,1,202760
7290015466226,false,אלין תחליב רחצה 750,,,אלין תחליב רחצה 750,יחידה,0.00,יחידה,false,,19.90,0.0000,true,1,223186
7290015466233,false,אלין תחליב רחצה 750,,,אלין תחליב רחצה 750,יחידה,0.00,יחידה,false,,19.90,0.0000,true,1,202788
7290015466370,false,"אלין קרם גוף 200 מ""ל סי",,,"אלין קרם גוף 200 מ""ל",יחידה,0.00,יחידה,false,,22.90,0.0000,true,1,202792
7290015466585,false,"אלין קרם גוף 400 מ""ל",,,"אלין קרם גוף 400 מ""ל",מיליליטרים,400.00,"100 מ""ל",false,,34.90,0.0872,true,1,245025
7290015466769,false,אלין קרם ידיים 150 מ,,,אלין קרם ידיים 150 מ,מיליליטרים,150.00,"100 מ""ל",false,,12.90,0.0860,true,1,245022
7290015470094,false,טוסו שוקולד מריר תפוז ללא סוכר 100גרם,ALTINMARKA,TR,טוסו שוק.מריר ט.תפוז,יחידה,0.00,יחידה,false,,13.00,0.0000,true,1,177232
7290015528887,false,צלחת 6 קטנה מתכלה אר 25 יח',,IN,צלחת 6 קטנה מתכלה אר,יחידה,0.00,יחידה,false,,6.90,0.0000,true,1,236950
7290015550109,false,touch מברשת הפלא להת,,,touch מברשת הפלא להת,יחידה,0.00,יחידה,false,,16.90,0.0000,true,1,221480
7290015603188,false,אטריות ביצים 454ג' (כ) (fu),פוגקן לונגהי אנלידה,CN,מזרח ומערב יבוא אטרי,גרמים,454.00,100 גרם,false,,10.90,0.0240,true,1,156526
7290015603195,false,איטריות בתוספת תרד 454 גרם,פוגקן לונגהי אנלידה,CN,איטריות בתוספת תרד 4,גרמים,454.00,100 גרם,false,,10.90,0.0240,true,1,130894
7290015603201,false,אטריות מחיטה מלאה 454ג' (כ) (fu),xiamen zhongshi impo,CN,מזרח ומערב אטריות מח,יחידה,0.00,יחידה,false,,10.90,0.0000,true,1,153068
7290015603218,false,איטריות בתוספת עגבניות 454 גרם,פוגקן לונגהי אנלידה,CN,אטריות עגבניה 454 גר,גרמים,454.00,100 גרם,false,,10.90,0.0240,true,1,165816
7290015603232,false,איטריות בתוספת דלעת 454 גרם,פוגקן לונגהי אנלידה,CN,אטריות דלעת 454 גרם,גרמים,454.00,100 גרם,false,,10.90,0.0240,true,1,165818
7290015603522,false,"נוזל אגוזי קוקוס 5-7% 400 מ""ל",אסי אטיק גרו אינדוסט,TH,נוזל אגוזי קוקוס 5-7,מיליליטרים,400.00,"100 מ""ל",false,,6.90,0.0173,true,1,248526
7290015603546,false,"שימורי קרם קוקוס 17-19% 400 מ""ל (ASIATIC)(כ)",אסיאטיק אגרו אינדסטר,TH,שימורי קרם קוקוס 400,מיליליטרים,400.00,"100 מ""ל",false,,8.90,0.0223,true,1,197059
7290015603560,false,"שימורי קרם קוקוס 20-22% 400 מ""ל (ASIATIC)(כ)",אסי אטיק גרו אינדוסט,TH,"קרם קוקוס 22% 400 מ""",מיליליטרים,400.00,"100 מ""ל",false,,9.90,0.0248,true,1,157605
7290015603584,false,ג'ינגר לבן כבוש ללא מונוסודיום 160 גרם (כ),לאיווי איפנג פודס קו,CN,גינגר לבן כבוש ללא מ,גרמים,340.00,100 גרם,false,,7.90,0.0232,true,1,157814
7290015603591,false,גינגר כבוש וורוד 160 גרם,ננטונג הידה אקוטיק פ,CN,ג'ינגר ורוד כבוש ללא,גרמים,160.00,100 גרם,false,,7.90,0.0494,true,1,177975
7290015603898,false,חטיף אפונה בוואסבי 100 גר מזרח ומערב,סוזו יואי פודס אל טי,CN,מזרח ומערב חטיף אפונ,יחידה,0.00,יחידה,false,,9.90,0.0000,true,1,218546
7290015644297,false,אנג'ל הלחמניה המלאה 6יח 450 ג',מאפיית שלמה א. אנג'ל,IL,6 לחמניות בשקית פשוט,יחידה,0.00,יחידה,false,,15.90,0.0000,true,1,179738
7290015644426,false,"לחם צרפתי חיטה מלאה ודגנים 600 גרם ""אנג'ל""","איטיליאן פוד, אס.פי.",IL,לחם צרפתי חיטה מלאה,יחידה,0.00,יחידה,false,,16.90,0.0000,true,1,162224
7290015652254,false,גרעיני חמניה קלויים 400 גרם ששון הקלה,"דין שיווק וקלייה בע""",IL,גרעיני חמניה קלויים,גרמים,400.00,100 גרם,false,,10.00,0.0250,true,1,174397
7290015652261,false,בוטנים קלויים 300 גרם ששון הקולה,"דין שיווק וקלייה בע""",IL,בוטנים קלויים 300 גר,גרמים,300.00,100 גרם,false,,10.00,0.0333,true,1,174359
7290015652278,false,תערובת פיצוחים 250 גרם ששון הקולה,"דין שיווק וקלייה בע""",IL,תערובת פיצוחים 250 ג,גרמים,250.00,100 גרם,false,,20.00,0.0800,true,1,174360
7290015652292,false,קבוקים עם שומשום 400 גרם ששון הקלה,"דין שיווק וקלייה בע""",IL,קבוקים 500 גרם,גרמים,500.00,100 גרם,false,,10.00,0.0200,true,1,174361
7290015652308,false,מנצס 300 גרם ששון הקולה,"דין שיווק וקלייה בע""",IL,מנצס 300 גרם,גרמים,300.00,100 גרם,false,,10.00,0.0333,true,1,165032
7290015652322,false,בוטנים אמריקאיים מצופים 400 גר ששון הקלה,"דין שיווק וקלייה בע""",IL,בוטנים אמריקאים מצופ,גרמים,500.00,100 גרם,false,,10.00,0.0200,true,1,174362
7290015652384,false,"קמח תירס הכנה מהירה ללא גלוטן 1 ק""ג",מולינו פילה,IT,קמח תירס ללא גלוטן ע,קילוגרמים,1.00,"ק""ג",false,,11.90,11.9000,true,1,155796
7290015652391,false,"קמח תירס הכנה מהירה ללא גלוטן 1 ק""ג",מולינו פילה,IT,קמח תירס ללא גלוטן ד,יחידה,0.00,יחידה,false,,11.90,0.0000,true,1,155797
7290015652407,false,פיסטוק קלוי 250 גר דין שיווק,"דין שיווק וקלייה בע""",IL,פיסטוק קלוי 250 גרם,גרמים,250.00,100 גרם,false,,20.00,0.0800,true,1,159024
7290015673167,false,קציצות אוקרה פטריות וציה 400 גר,ליב,,קציצות אוקרה עם פטרי,גרמים,400.00,100 גרם,false,,26.90,0.0672,true,1,161819
7290015673587,false,קריספי טופו-נגיסי טופו ברוטב אסייתי,טבע דלי,IL,קריספי טופו נגיסי טו,יחידה,0.00,יחידה,false,,28.90,0.0000,true,1,192637
7290015733120,false,מטרנה גולד שלב 1 תרכובת מזון על בסיס חלבי,מטרנה,IL,מטרנה גולד שלב אחד 7,גרמים,700.00,100 גרם,false,,69.90,0.0999,true,1,183374
7290015733427,false,מטרנה דייסת גם וגם וניל פרו12*300ג 2019,מולינו ניקולי s.p.a,IL,מטרנה דייסת גם וגם ו,גרמים,300.00,100 גרם,false,,17.90,0.0597,true,1,202663
7290015733441,false,מטרנה דייסת גם וגם דגנים פרו 300 גר',מטרנה תעשיות ש.מ,IL,מטרנה דייסת גם וגם ד,גרמים,300.00,100 גרם,false,,17.90,0.0597,true,1,202652
7290015733465,false,דייסת מטרנה גם וגם קרנפלור פרו 300 גרם,מטרנה,IL,מטרנה דייסת גם וגם ק,גרמים,300.00,100 גרם,false,,17.90,0.0597,true,1,202653
7290015781008,false,יין אדום יבש מרלו וי,יקב טפרברג 1870 בעמ,IL,"אימפריישן מרלו 750מ""",מיליליטרים,750.00,"100 מ""ל",false,,39.90,0.0532,true,1,154806
7290015781015,false,"יין ויז'ן מלבק 750 מ""ל",יקב טפרברג 1870 בעמ,IL,"מלבק 750מ""ל",מיליליטרים,750.00,"100 מ""ל",false,,39.90,0.0532,true,1,154807
7290015781091,false,"יין ויז'ן קברנה סובניון 750 מ""ל",יקב טפרברג 1870 בעמ,IL,ויז'ן קברנה סובניון,יחידה,0.00,יחידה,false,,39.90,0.0000,true,1,154803
7290015781114,false,"יין אימפרשן מרלו 750 מ""ל",יקב טפרברג 1870 בעמ,IL,"מרלו 750מ""ל",מיליליטרים,750.00,"100 מ""ל",false,,49.90,0.0665,true,1,154811
7290015781121,false,"קברנה סוביניון אימפרשיאון 750 מ""ל-מרכז",יקב טפרברג 1870 בעמ,IL,אימפרשן קברנה סובניו,מיליליטרים,750.00,"100 מ""ל",false,,49.90,0.0665,true,1,154812
7290015781138,false,"שרדונה אימפרשיאון 750 מ""ל",יקב טפרברג 1870,IL,"שרדונה 750מ""ל",מיליליטרים,750.00,"100 מ""ל",false,,49.90,0.0665,true,1,154818
7290015781169,false,"יין קברנה סוביניון - חצי יבש אימפרשן 750מ""ל",יקב טפרברג 1870 בעמ,IL,אימפרשן אדום חצי יבש,מיליליטרים,750.00,"100 מ""ל",false,,49.90,0.0665,true,1,154815
7290015781299,false,יין שיראז אדום טפמבר,יקב טפרברג 1870 בעמ,IL,ויז'ן שיראז,מיליליטרים,750.00,"100 מ""ל",false,,39.90,0.0532,true,1,154816
7290015781305,false,"יין אימפרשן סירה 750 מ""ל",יקב טפרברג 1870 בעמ,IL,"סירה 750מ""ל",מיליליטרים,750.00,"100 מ""ל",false,,49.90,0.0665,true,1,154817
7290015804417,false,עגבניות מרוסקות מתובלות עם שום,טל,,טל עגבניות מרוסקות ע,גרמים,260.00,100 גרם,false,,3.90,0.0150,true,1,157377
7290015804424,false,עגבניות מרוסקות ובזיליקום ועשבי תיבול טל 260 ג',טל,,טל עגב.מרוסקות בזילי,גרמים,250.00,100 גרם,false,,3.90,0.0156,true,1,157378
7290015842631,false,"כוס ברד 330 מ""ל ח""פ 40יח'",,GR,שמאי - כוסות לבירה 3,יחידה,0.00,יחידה,false,,9.90,0.0000,true,1,175855
7290015848923,false,אולטרסול תחליב הגנה מבוגרים 30/250,פישר מעבדות פרמצבטיו,IL,אולטרסול תחליב הגנה,מיליליטרים,250.00,"100 מ""ל",false,,39.90,0.1596,true,1,231685
7290015850407,false,שרימפס מבושל 26-30 1,,,שרימפס מבושל 26-30 1,קילוגרמים,1.00,"ק""ג",false,,84.90,84.9000,true,1,182395
7290015850421,false,שרימפס מבושל 16-20יח,,,שרימפס מבושל 16-20 1,קילוגרמים,1.00,"ק""ג",false,,109.90,109.9000,true,1,182396
7290015855013,false,פלפלים מתוקים בצבעים,,,פלפלים מתוקים בצבעים,יחידה,0.00,יחידה,false,,9.90,0.0000,true,1,140821
7290015855037,false,פלפל צילי חריף,,,פלפל צ'ילי,יחידה,0.00,יחידה,false,,9.90,0.0000,true,1,140822
7290015855082,false,ברוקולי מיני,,,ברוקלי ארוז,יחידה,0.00,יחידה,false,,8.90,0.0000,true,1,211539
7290015855129,false,כרוב קייל רעננים,רעננים,,כרוב על,יחידה,0.00,יחידה,false,,11.90,0.0000,true,1,156408
7290015855181,false,ג'ינג'ר ארוז,,,גינג'יר,יחידה,0.00,יחידה,false,,11.90,0.0000,true,1,159720
7290015855228,false,אספרגוס א.אדמה,אדמה,,אספראגוס,יחידה,0.00,יחידה,false,,24.90,0.0000,true,1,159350
7290015855273,false,בזיליקום מארז גדול,,,בזיליקום מארז גדול,יחידה,0.00,יחידה,false,,9.90,0.0000,true,1,259795
7290015855341,false,אנדיב לבן (עלוש),,,אנדיב לבן (עלוש),יחידה,0.00,יחידה,false,,9.90,0.0000,true,1,164604
7290015855358,false,בצלצלי שאלוט 280 גרם,,,בצלצלי שאלוט 280 גרם,גרמים,280.00,100 גרם,false,,11.90,0.0425,true,1,182038
7290015855938,false,עלי בייבי סלט 250 גר,,,עלי בייבי 250 גרם בש,יחידה,0.00,יחידה,false,,9.90,0.0000,true,1,235412
7290015856751,false,פירורי עוגיות אמריקאיות 250 גר',,,פירורי עוגיות בטעם ע,גרמים,250.00,100 גרם,false,,5.90,0.0236,true,1,234009
7290015856768,false,פירורי עוגיות בטעם קרמל הדר 250 גרם,,,פירורי ביסקוויט בטעם,גרמים,250.00,100 גרם,false,,5.90,0.0236,true,1,234010
7290015856935,false,ביסקויט אקסטרא גליל טעם חמאה 400 גרם,הדר,,ביסקוויט אקסטרא בטעם,גרמים,400.00,100 גרם,false,,7.90,0.0198,true,1,239333
7290015858106,false,"ממרח פסטו ביתי 180 גרם ""עללחם""",מדשא תעשיות מזון בעמ,IL,פסטו ביתי עללחם 180,גרמים,180.00,100 גרם,false,,16.90,0.0939,true,1,200161
7290015858144,false,ממרח ארטישוק עללחם 180 גרם,מדשא תעשיות מזון בעמ,IL,ממרח ארטישוק 180 גרם,גרמים,180.00,100 גרם,false,,16.90,0.0939,true,1,236136
7290015858175,false,ממרח פלפלים קלויים עללחם 180 גרם,מדשא תעשיות מזון בעמ,IL,ממרח פלפלים קלויים 1,גרמים,180.00,100 גרם,false,,16.90,0.0939,true,1,236138
7290015858212,false,ממרח לימון כבוש עללחם 180 גרם,מדשא תעשיות מזון בעמ,IL,ממרח לימון כבוש 180,גרמים,180.00,100 גרם,false,,16.90,0.0939,true,1,236137
7290015858229,false,"טפנד זיתי קלמטה 180 גרם ""עללחם""",מדשא תעשיות מזון בעמ,IL,טפנד זיתי קלמטה עללח,גרמים,180.00,100 גרם,false,,16.90,0.0939,true,1,200163
7290015858243,false,ממרח צימיצורי עללחם 180 גרם,מדשא תעשיות מזון בעמ,IL,ממרח צימיצורי 180 גר,גרמים,180.00,100 גרם,false,,16.90,0.0939,true,1,236139
7290015858328,false,עללחם ממרח איולי פסטו 295 גרם,מדשא תעשיות מזון בעמ,IL,איולי פסטו עללחם 295,גרמים,295.00,100 גרם,false,,16.90,0.0573,true,1,267064
7290015858427,false,שלישיית ממרחים שמאפשרת לגוון עללחם 240 גרם,מדשא תעשיות מזון,IL,מארז עללחם 240 גרם,גרמים,240.00,100 גרם,false,,24.90,0.1037,true,1,262039
7290015858434,false,שום כתוש עללחם 250 גרם,מדשא תעשיות מזון בעמ,IL,שום כתוש על לחם 250,גרמים,250.00,100 גרם,false,,16.90,0.0676,true,1,198861
7290015858441,false,עללחם ממרח איולי פלפלים 295 גרם,מדשא תעשיות מזון בעמ,IL,איולי פלפלים עללחם 2,גרמים,295.00,100 גרם,false,,16.90,0.0573,true,1,267065
7290015858687,false,עללחם ממרח איולי שום 295 גרם,מדשא תעשיות מזון בעמ,IL,איולי שום עללחם 295,גרמים,295.00,100 גרם,false,,16.90,0.0573,true,1,267067
7290015858694,false,עללחם ממרח איולי שום לימון 295 גרם,מדשא תעשיות מזון בעמ,IL,איולי שום לימון עללח,גרמים,295.00,100 גרם,false,,16.90,0.0573,true,1,267066
7290015865692,false,קונפיטורה תות שדה ענ,קריות זול,IL,ענבי ציון-תנובה תענו,גרמים,400.00,100 גרם,false,,17.90,0.0447,true,1,248419
7290015865708,false,קונפיטורה אוכמניות ע,קריות זול,IL,ענבי ציון-תנובה תענו,גרמים,400.00,100 גרם,false,,17.90,0.0447,true,1,248420
7290015865715,false,ענבי ציון-תנובה תענו,קריות זול,IL,ענבי ציון-תנובה תענו,גרמים,400.00,100 גרם,false,,17.90,0.0447,true,1,248421
7290015865722,false,קונפיטורת תות שדה לייט 400 גרם,ענבי ציון,IL,ענבי ציון-תנובה קונפ,גרמים,400.00,100 גרם,false,,19.90,0.0497,true,1,248422
7290015865746,false,קונפיטורת פירות יער לייט 400 ג,ענבי ציון,IL,ענבי ציון-תנובה קונפ,גרמים,400.00,100 גרם,false,,19.90,0.0497,true,1,248424
7290015886055,false,KERATIN מסכה לשיער צ,,,KERATIN מסכה לשיער צ,מיליליטרים,500.00,"100 מ""ל",false,,39.90,0.0798,true,1,186245
7290015886369,false,KERATIN קונדישנר לשי,,,KERATIN קונדישנר לשי,מיליליטרים,1000.00,"100 מ""ל",false,,69.90,0.0699,true,1,186246
7290015888042,false,אורז בסמתי 'ריהן' 5ק'ג,ציימן לאל סטיה,,"אורז בסמטי ריהן 5 ק""",קילוגרמים,5.00,"ק""ג",false,,49.90,9.9800,true,1,166375
7290015888196,false,שמן חמניות שוקחה 1 ל,"אל אל סי ""בונגי סי א",RU,שוקחה שמן חמניות 1 ל,ליטרים,1.00,ליטר,false,,11.90,11.9000,true,1,176241
7290015888301,false,שמן חמניות שוקחה 3 ל,אל אל סי פרייקלוטניא,FR,שוקחה שמן חמניות 3 ל,ליטרים,3.00,ליטר,false,,35.90,11.9667,true,1,189712
7290015888356,false,סרדינים שוקחה בשמן צ,,,סרדינים שוקחה 50 גרם,יחידה,0.00,יחידה,false,,5.90,0.0000,true,1,206553
7290015888363,false,סרדינים שוקחה חריף,,,סרדינים שוקחה חריף,יחידה,0.00,יחידה,false,,5.90,0.0000,true,1,206554
7290015888387,false,שוקחה פול מצרי 400 ג,,TR,שוקחה פול מצרי 400 ג,גרמים,400.00,100 גרם,false,,4.90,0.0123,true,1,208940
7290015888486,false,חצילים מקדוס במילוי,,,חצילים מקדוס במילוי,גרמים,600.00,100 גרם,false,,24.90,0.0415,true,1,265212
7290015888516,false,שוקחה שמן סויה 5 ליט,,,שוקחה שמן סויה 5 ליט,ליטרים,5.00,ליטר,false,,59.90,11.9800,true,1,242599
7290015951616,false,"יין סנגובזה גמלא 2019 750 מ""ל",יקבי רמת הגולן,,גמלא סנגוביזה 2015 7,מיליליטרים,700.00,"100 מ""ל",false,,59.90,0.0856,true,1,176144
7290015951890,false,"יין הר חרמון קברנה עברית 750 מ""ל","כד בני דרום בע""מ",IL,הר חרמון קברנה 750 מ,מיליליטרים,750.00,"100 מ""ל",false,,34.90,0.0465,true,1,232795
7290015968010,false,כפפות ניטריל שחורות ללא אבקה - S,סייף טאץ' Safe Touch,,כפפות ניטריל שחורות,יחידה,0.00,יחידה,false,,26.90,0.0000,true,1,245315
7290015968065,false,מברשת משולבת לניקוי,,,מברשת משולבת לניקוי,יחידה,0.00,יחידה,false,,24.90,0.0000,true,1,213791
7290015968102,false,קיסמי שיניים רפואיים,W.H.J.C. Co,CN,קיסמי שיניים רפואיים,יחידה,0.00,יחידה,false,,14.90,0.0000,true,1,213762
7290015968140,false,אטב אחיזה רחבה בעיצוב איטלקי הוסטס 36 יח,H.J.E,CN,אטבי בעיצוב איטלקי א,יחידה,0.00,יחידה,false,,12.90,0.0000,true,1,213763
7290015968294,false,"נובי כוס הפלא 240 מ""",מולינו ניקולי s.p.a,CN,"נובי כוס הפלא 240 מ""",יחידה,0.00,יחידה,false,,39.90,0.0000,true,1,213800
7290015968348,false,נורת לד 9 וולט אור ל,F.E.CO.LTD,CN,נורת לד 9W הברגה E27,יחידה,0.00,יחידה,false,,12.90,0.0000,true,1,251113
7290015968355,false,נורת לד כדור חלבי 5.,F.E.CO.LTD,CN,נורת לד נר חלבי 5.5W,יחידה,0.00,יחידה,false,,12.90,0.0000,true,1,251114
7290015968584,false,נר נשמה 24 שעות - נרות חסידים,,,נר נשמה 24 שעות - נר,יחידה,0.00,יחידה,false,,1.90,0.0000,true,1,236013
7290015968782,false,פדים להסרת איפור שלי,F.H.P CO.LT,CN,פדים להסרת איפור 3*8,יחידה,0.00,יחידה,false,,14.90,0.0000,true,1,213758
7290015968973,false,כפפות ניטריל שחורות ללא אבקה - M,סייף טאץ' Safe Touch,,כפפות ניטריל שחורות,יחידה,0.00,יחידה,false,,26.90,0.0000,true,1,245316
7290015968980,false,כפפות ניטריל שחורות ללא אבקה - L,סייף טאץ' Safe Touch,,כפפות ניטריל שחורות,יחידה,0.00,יחידה,false,,26.90,0.0000,true,1,245317
7290015968997,false,כפפות ניטריל שחורות,,,כפפות ניטריל שחורות,יחידה,0.00,יחידה,false,,26.90,0.0000,true,1,245318
7290015979559,false,חסה ערבית יחידה,,,חסה ערבית,יחידה,0.00,יחידה,false,,4.90,0.0000,true,1,207599
7290015979665,false,חסה עגולה,חקלאי,IL,חסה עגולה,יחידה,0.00,יחידה,false,,4.90,0.0000,true,1,207600
7290015996983,false,סוכרזית סוכרלוז 0 קלוריות 130 גר,ביסקול בעn,IL,סוכרלוז 0 קלוריות 13,גרמים,130.00,100 גרם,false,,29.90,0.2300,true,1,184216
7290015998444,false,מלפפון 30-36 חומץ A1,,,מלפפון 30-36 חומץ A1,יחידה,0.00,יחידה,false,,17.90,0.0000,true,1,187815
7290015998567,false,מלפפונים במלח 20% תוספת,,,מלפפון 7-9 20% מלח,יחידה,0.00,יחידה,false,,6.90,0.0000,true,1,240952
7290016006292,false,נקטר מנגו בננה מלון קרטונית 1 ל' ספרינג,"יפאורה תבורי בע""מ",IL,ספרינג נקטר מנגו בננ,ליטרים,1.00,ליטר,false,,6.90,6.9000,true,1,161160
7290016006346,false,שישיית שרינק 500 מל שוופס סודה,יפאורה תבורי בעמ,IL,שוופס סודה שרינק 6*,מיליליטרים,500.00,"100 מ""ל",false,,14.90,0.0298,true,1,159954
7290016045888,false,מארז 6 פיתות כוסמין,,IL,מארז 6 פיתות כוסמין,יחידה,0.00,יחידה,false,,15.90,0.0000,true,1,224227
7290016083514,false,סופגניה,,,סופגניה,יחידה,0.00,יחידה,false,,3.00,0.0000,true,1,243860
7290016087123,false,רוטב עגבניות מתובל לפסטה 240 ג' פריניר,פריניר,IL,פריניר רוטב עגבניות,גרמים,240.00,100 גרם,false,,5.50,0.0229,true,1,174310
7290016087147,false,רוטב עגבניות לפיצה מרגריטה 240 ג' פריניר,פריניר,IL,פריניר רוטב עגבניות,גרמים,240.00,100 גרם,false,,5.50,0.0229,true,1,173990
7290016087222,false,רוטב עגבניות מרוכז לשקשוקה פריניר 230 גרם,פריניר ( הדס 1987) ב,IL,פריניר רוטב עגבניות,גרמים,230.00,100 גרם,false,,5.50,0.0239,true,1,176947
7290016087239,false,רוטב עגבניות מרוכז לשקשוקה פיקנט 230 ג' פריניר,פריניר,,פריניר רוטב עגבניות,גרמים,230.00,100 גרם,false,,5.50,0.0239,true,1,176948
7290016096491,false,נתחי טונה בהירה בשמן צמחי שלישיה *80ג' פילטונה,תעשיות פילטונה,IL,פילטונה שלישית בשמן,יחידה,0.00,יחידה,false,,9.90,0.0000,true,1,183816
7290016096583,false,נתחי טונה בשמן שלישיה 3*80ג' פרינס,,,פילטונה שלישית נתחי,יחידה,0.00,יחידה,false,,9.90,0.0000,true,1,183817
7290016096613,false,פילטונה שישייה נתחי,תעשיות פילטונה,IL,פילטונה שישייה נתחי,גרמים,140.00,100 גרם,false,,29.90,0.2136,true,1,183818
7290016096637,false,טונה בשמן קנולה פילט,תעשיות פילטונה,IL,פילטונה שישייה נתחי,גרמים,140.00,100 גרם,false,,29.90,0.2136,true,1,183819
7290016096651,false,פילטונה שישייה נתחי,תעשיות פילטונה,IL,פילטונה שישייה נתחי,גרמים,140.00,100 גרם,false,,29.90,0.2136,true,1,183820
7290016096811,false,רביעיית ממרח טונה פילטונה 160 גר'*4,תעשיות פילטונה,IL,ממרח טונה מארז רביעי,גרמים,160.00,100 גרם,false,,19.90,0.1244,true,1,243904
7290016096934,false,מארז זוגות סלט טונה 2*160 ג' פילטונה,תעשיות פילטונה,IL,סלט טונה מארז זוג 16,גרמים,160.00,100 גרם,false,,9.90,0.0619,true,1,243905
7290016102062,false,שמאי - מגש מחולק רבי,,CN,שמאי - מגש מחולק רבי,יחידה,0.00,יחידה,false,,7.90,0.0000,true,1,176916
7290016102239,false,נר נשמה 48 שעות זכוכית,,,שמאי - נר 48 שעות,יחידה,0.00,יחידה,false,,4.90,0.0000,true,1,176871
7290016102253,false,נר נשמה 72 שעות זכוכית,,,נר זכוכית 72 שעות- ר,יחידה,0.00,יחידה,false,,5.90,0.0000,true,1,176872
7290016102260,false,"כוסות קרטון 2OZ איכותי ח""פ 50 יח'",,,כוס קרטון 2.5 oz אספ,יחידה,0.00,יחידה,false,,5.90,0.0000,true,1,181997
7290016102321,false,צלחות קטנות לבנות איכותיות,,,שמאי - צלחות קטן בצב,יחידה,0.00,יחידה,false,,26.90,0.0000,true,1,174749
7290016102369,false,מגש לאירוח קשיח שקוף ר.שמאי,,,שמאי - מגש לאירוח שק,יחידה,0.00,יחידה,false,,6.90,0.0000,true,1,175861
7290016102468,false,מפיות לבנות 100 יח' פנסי,,,מפיות לבנות 100 יח'-,יחידה,100.00,יחידה,false,,4.90,0.0490,true,1,172248
7290016102482,false,מפות נייר אל בד צבעוני 180/120,,,מפה אלבד צבעוני מעור,יחידה,0.00,יחידה,false,,4.90,0.0000,true,1,179847
7290016102680,false,"צלחות ענק שקוף קריסטל ח""פ 25 יח'",,,צלחות ענק שקופות =קר,יחידה,0.00,יחידה,false,,18.90,0.0000,true,1,182714
7290016102697,false,"צלחות גדולות שקוף קריסטל ח""פ 25 יח'",,,צלחות גדול שקופות =ק,יחידה,0.00,יחידה,false,,16.90,0.0000,true,1,182715
7290016102727,false,"לפתניות שקופות קריסטל ח""פ 25 יח'",,,שמאי - לפתניות שקופו,יחידה,0.00,יחידה,false,,5.90,0.0000,true,1,182718
7290016102758,false,"מגשיות אובלי צבעוני עמוקות קשיחות ח""פ 12יח'",,,מגש אובלי צבעוני עמו,יחידה,0.00,יחידה,false,,13.90,0.0000,true,1,182723
7290016102796,false,"גביע 1/4 אמריקאי ארוז 8 כשלפ עד""ח ר.שמאי",,IL,שמאי - גביע אחסון 1/,יחידה,0.00,יחידה,false,,6.90,0.0000,true,1,199050
7290016102802,false,"גביע קילו אמריקאי ארוז 4 כשלפ עד""ח ר.שמאי",,IL,שמאי - גביע אחסון 1,יחידה,0.00,יחידה,false,,6.90,0.0000,true,1,199051
7290016102864,false,מגשיות אלומיניום עם מכסים263X193,,,תבניות ארוזות R64 +מ,יחידה,0.00,יחידה,false,,8.90,0.0000,true,1,175867
7290016102895,false,מפיות צבעוני מעורב 100 יח'.,,TR,מפיות צבעוניות 100 י,יחידה,100.00,יחידה,false,,4.90,0.0490,true,1,172251
7290016135541,false,פסטה ביצים 3 צבעים פוזילי 400 גר אוריינט,פ.פ.ח טאביט,PL,פסטה פוזילי,יחידה,0.00,יחידה,false,,12.90,0.0000,true,1,223561
7290016135558,false,אטריות ביצים 3 צבעים חנוקי תמרים,פ.פ.ה טאביט,,פסטה חונק 3 צבעים,יחידה,0.00,יחידה,false,,12.90,0.0000,true,1,223562
7290016136111,false,תערובת להכנת מאפים ללא גלוטן 500 G FREE,אשבל -מזון פונקציונל,IL,תערובת להכנת לחם ולח,גרמים,500.00,100 גרם,false,,16.90,0.0338,true,1,172995
7290016136692,false,משחת שיניים הגנה משולשת מנטה מרענן- שלישייה,גלקסוסמיתקליין,SK,א.פרש מנטה שלישיה 10,יחידה,0.00,יחידה,false,,17.90,0.0000,true,1,170919
7290016136708,false,משחת שיניים הגנה משולשת מנטה עדין- שלישייה,גלקסוסמיתקליין,SK,א.פרש עדין שלישיה 10,מיליליטרים,100.00,"100 מ""ל",false,,17.90,0.1790,true,1,170920
7290016136722,false,פתיתים פנה ללא גלוטן 340 גרם גי פרי,אורגרן הלס אנד ניצר,AU,פסטה פנה ללא גלוטן,גרמים,340.00,100 גרם,false,,13.90,0.0409,true,1,254518
7290016136739,false,GFREE פתיתי פוזילי על בסיס קמח תירס וקמח,מאלינו אנדנני,IT,פסטה פוזילי ללא גלוט,גרמים,340.00,100 גרם,false,,12.90,0.0379,true,1,254519
7290016144000,false,"קמח חיטה מלאה נפלאות 80% 1 ק""ג","קמח מלכים בע""מ",IL,"קמח חיטה שמונים 1 ק""",קילוגרמים,1.00,"ק""ג",false,,9.90,9.9000,true,1,207749
7290016144017,false,"קמח מלא נפלאות 100% ללא ניפוי 1 ק""ג",קמח מלכים,IL,"קמח חיטה מלאה 1 ק""ג",קילוגרמים,1.00,"ק""ג",false,,9.90,9.9000,true,1,207750
7290016144024,false,"קמח כוסמין מלא נפלאות 100% 1 ק""ג","קמח מלכים בע""מ",IL,"קמח כוסמין מאה 1 ק""ג",קילוגרמים,1.00,"ק""ג",false,,14.90,14.9000,true,1,207752
7290016144031,false,"נפלאות קמח חיטה לבן מנופה 1 ק""ג",קמח מלכים,IL,"קמח חיטה לבן 1 ק""ג",קילוגרמים,1.00,"ק""ג",false,,7.90,7.9000,true,1,207751
7290016144048,false,"קמח כוסמין לבן נפלאות 1 ק""ג","קמח מלכים בע""מ",IL,"קמח כוסמין לבן 1 ק""ג",קילוגרמים,1.00,"ק""ג",false,,16.90,16.9000,true,1,207753
7290016144055,false,"קמח כוסמין נפלאות 80% 1 ק""ג",קמח מלכים,IL,קמח כוסמין שמונים 1,קילוגרמים,1.00,"ק""ג",false,,14.90,14.9000,true,1,207754
7290016144062,false,"קמח שיפון מלא נפלאות, 1 ק""ג",קמח מלכים,IL,קמח שיפון מלא,יחידה,0.00,יחידה,false,,9.90,0.0000,true,1,263725
7290016144079,false,"קמח חיטה כפרי נפלאות 1 ק""ג",קמח מלכים,IL,קמח חיטה כפרי,יחידה,0.00,יחידה,false,,9.90,0.0000,true,1,263733
7290016144086,false,נפלאות קמח חלה מנופה 1 ק”ג,קמח מלכים,IL,קמח חלה,יחידה,0.00,יחידה,false,,7.90,0.0000,true,1,263727
7290016144093,false,נפלאות קמח לחם לבן מנופה 1 ק”ג,קמח מלכים,IL,קמח לחם,יחידה,0.00,יחידה,false,,7.90,0.0000,true,1,263728
7290016144109,false,קמח פיצה מנופה נפלאות 1קג,קמח מלכים,IL,קמח פיצה,יחידה,0.00,יחידה,false,,15.90,0.0000,true,1,263734
7290016144116,false,"קמח תופח נפלאות, 1 ק""ג",קמח מלכים,IL,קמח תפוח,יחידה,0.00,יחידה,false,,8.90,0.0000,true,1,263730
7290016150117,false,סלק אדום מבושל 500 ג' בוואקום,חקלאי,IL,סלק אדום מבושל,יחידה,0.00,יחידה,false,,6.90,0.0000,true,1,237886
7290016150865,false,תערובת מיזלי גרין בנ,וויטליה,MK,מיזלי בננה ותמר 1קג,קילוגרמים,1.00,"ק""ג",false,,25.40,25.4000,true,1,248589
7290016197488,false,מטליות מיקרופייבר למשטחים ניקול 3יח',סטון טכנולגי,CN,ניקול מטלית הקסם לשי,יחידה,3.00,יחידה,false,,10.90,3.6333,true,1,159192
7290016197495,false,ניקול זוג מטליות הקסם מיקרופייבר לרצפה,חוגלה קימברלי,CN,ניקול מטלית הקסם לרצ,יחידה,2.00,יחידה,false,,16.90,8.4500,true,1,161628
7290016197600,false,דיפנד - תחבושת לנשים נורמל 12 יח',חוגלה קימברלי,VN,תחבושת פויס דיפנד נו,יחידה,14.00,יחידה,false,,22.90,1.6357,true,1,163400
7290016197617,false,דיפנד - תחבושות לנשים אקסטרה 10 יח',חוגלה קימברלי,VN,דיפנד תחבושות אקסטרה,יחידה,0.00,יחידה,false,,22.90,0.0000,true,1,163401
7290016197624,false,דיפנד - תחבושת לנשים סופר 8 יח',חוגלה קימברלי,VN,דיפנד תחבושות אקסטרה,יחידה,0.00,יחידה,false,,22.90,0.0000,true,1,163402
7290016230888,false,פוגיקום סוללה 3V 5 י,,,פוגיקום סוללה 3V 5 י,יחידה,0.00,יחידה,false,,19.90,0.0000,true,1,182759
7290016233209,false,רביעיית טונה בהירה בשמן סויה* 140 ג' מונטרי,,TH,טונה מונטרי שמן רביע,יחידה,0.00,יחידה,false,,21.90,0.0000,true,1,209653
7290016233575,false,פתיתי שיבולת שועל 600 גר גוד מורנינג,,LT,שיבולת שועל 600 גרם,גרמים,600.00,100 גרם,false,,6.90,0.0115,true,1,167223
7290016233711,false,"פסטה ""לה פסטה"" לינגוויני 400 גרם",,,לה פסטה לינגוויני 40,גרמים,400.00,100 גרם,false,,3.90,0.0097,true,1,182212
7290016240757,false,קוצץ מזון מהיר זכוכי,,,קוצץ מזון מהיר זכוכי,יחידה,0.00,יחידה,false,,135.00,0.0000,true,1,240677
7290016240818,false,מטחנת קפה ותבלינים מ,,,מטחנת קפה ותבלינים מ,יחידה,0.00,יחידה,false,,85.00,0.0000,true,1,240682
7290016245783,false,פיתה תימנית עבודת יד,מאפיית טעמי הכפר 201,,פיתות 10 יח',יחידה,0.00,יחידה,false,,14.90,0.0000,true,1,207196
7290016246025,false,בארכה מיקס פינוקיות חלווה ללא סוכר 10*20ג,רושדי תעשיות מזון בע,IL,בארכה מיקס פינוקיות,100 יחידה,10.00,100 יחידה,false,,12.90,1.2900,true,1,162241
7290016246209,false,"חטיף חלבה וניל 100 גרם ""בארכה""",בארכה,,בארכה חטיף חלבה וניל,גרמים,100.00,100 גרם,false,,3.80,0.0380,true,1,170867
7290016246445,false,בארכה טחינה גולמית מעודנת שומשום מלא 310 גם,רושדי תעשיות מזון בע,IL,בארכה טחינה גולמית 3,גרמים,310.00,100 גרם,false,,12.90,0.0416,true,1,187601
7290016246490,false,בארכה חלבה קלאסית 400 גרם,רושדי תעשיות מזון בע,IL,בארכה חלבה קלאסית 40,גרמים,400.00,100 גרם,false,,9.90,0.0248,true,1,190354
7290016276763,false,מעדן שזיף 100% רכיבי פרי ללא סוכר שקדיה 284 ג',לינוי סיטי,CN,שקדיה מעדן שזיף 100%,גרמים,284.00,100 גרם,false,,11.90,0.0419,true,1,171953
7290016276794,false,מעדן פירות ללא סוכר שקדיה 284 ג',שקדיה,IL,שקדיה מעדן תפוז 100%,גרמים,284.00,100 גרם,false,,11.90,0.0419,true,1,171957
7290016276855,false,תבשיל אטריות בטעם ירקות 70 גרם סו שף,טיאן הונג,TH,שקדיה תבשיל אטריות ב,יחידה,0.00,יחידה,false,,5.90,0.0000,true,1,171950
7290016284003,false,חסה הידרופונית רומית,מעיינות הזורע,IL,חסה הידרו רומית,יחידה,0.00,יחידה,false,,9.90,0.0000,true,1,212270
7290016284065,false,חסה הידרו לאליק,,,חסה הידרו,יחידה,0.00,יחידה,false,,11.90,0.0000,true,1,268747
7290016304404,false,לחם קוביות 100% כוסמין 600 גרם,מאפיית דוידוביץ ובני,IL,לחם קוביות 100% כוסמ,גרמים,600.00,100 גרם,false,,14.90,0.0248,true,1,266202
7290016304596,false,לחמניות לסנדביץ 75 גרם,מאפית דוידוביץ ובניו,IL,10 לחמניות מיוחדות ל,יחידה,0.00,יחידה,false,,16.90,0.0000,true,1,266203
7290016319187,false,טוסו עוגיות סנדוויץ שוקו במילוי קרם שוקולד *זוג* 300 גרם,בטר אנד דיפרנט,IL,טוסו עוג.סנדביץ ט. ש,גרמים,300.00,100 גרם,false,,19.90,0.0663,true,1,211983
7290016319194,false,טוסו עוגיות סנדוויץ שוקו במילוי קרם וניל *זוג* 300 גרם,אפיפית,IL,טוסו עוג.סנדביץ ט.שו,גרמים,150.00,100 גרם,false,,19.90,0.1327,true,1,211984
7290016319200,false,טוסו עוגיות סנדוויץ' אוראו במילוי קרם וניל *זוג* 300 גרם,אפיפית,IL,טוסו עוג.סנדביץ אורא,גרמים,300.00,100 גרם,false,,19.90,0.0663,true,1,211985
7290016320343,false,"דאק נוזל ג'ל לניקוי מתקדם בניחות לבנדר זוג * 750 מ""ל",טואלט דאק (ג'ונסון),NL,דאק זוג נוזל ג'ל לני,ליטרים,1.50,ליטר,false,,18.90,12.6000,true,1,176735
7290016321555,false,רצועות שעווה לביקיני ולב.שחי מ.הדבש 16+4,ש.שוורץ,ES,מגע הדבש רצועות שעו,יחידה,12.00,יחידה,false,,29.90,2.4917,true,1,211979
7290016321661,false,פרש וואנס SENSITIVE מגבונים ללא בישום רביעייה 72 יחידות,עלבד משואות יצחק,IL,פרש וואנס קאר ללא בי,יחידה,4.00,יחידה,false,,16.90,4.2250,true,1,197484
7290016321678,false,מגבונים לחים בניחוח מרענן עם תמציות קמומיל ואלוורה,עלבד משואות יצחק,IL,פרש וואנס קאר עם ביש,יחידה,4.00,יחידה,false,,16.90,4.2250,true,1,197485
7290016321883,false,פרשוואנס נייר טואלט מתכלה לילדים -מארז שלישייה,עלבד משואות יצחק בעמ,IL,פרשוואנס נייר טואלט,יחידה,0.00,יחידה,false,,14.90,0.0000,true,1,197122
7290016321890,false,פרשוואנס נייר טואלט מתכלה למבוגרים -מארז שלישייה,עלבד משואות יצחק בעמ,IL,פרשוואנס נייר טואלט,יחידה,0.00,יחידה,false,,14.90,0.0000,true,1,197123
7290016329261,false,סרקל מתיר קשרים ספריי רציףף 300 מ'ל,"ד""ר פישר Dr fischer",IL,סרקל מתיר קשרים ספרי,מיליליטרים,300.00,"100 מ""ל",false,,34.90,0.1163,true,1,164440
7290016329278,false,קמיל בלו מגבונים מילוי 64 יח רביעייה,"ד""ר פישר Dr fischer",IL,רביעיית מגבוני קמיל,יחידה,0.00,יחידה,false,,19.90,0.0000,true,1,202533
7290016329308,false,"ד""ר פישר - סרקל קרם רוזמרין לשיער מתולתל 325 מ""ל",פישר תעשיות,IL,סרקל קרם רוזמרין לשי,יחידה,0.00,יחידה,false,,26.00,0.0000,true,1,173368
7290016329315,false,סרקל ספריי מתיר קשרים לילדים לשיער מתולתל,"ד""ר פישר Dr fischer",IL,סרקל ספריי מתיר קשרי,יחידה,0.00,יחידה,false,,34.90,0.0000,true,1,168088
7290016370089,false,מלפפונים פיקנטים 13-17 יבנה 560 גר',קבוצת יבנה,,מלפפון 13-17 פקנטי A,יחידה,0.00,יחידה,false,,10.90,0.0000,true,1,238836
7290016370263,false,יבנה מארז זיתים חרוזית 200*3 ג',,,חרוזית 3*200 גרם,גרמים,600.00,100 גרם,false,,11.90,0.0198,true,1,234300
7290016370270,false,זית קלמטה מגולען 560 ג' -יבנה,קבוצת יבנה,,חרוזית קלמטה A-2 יבנ,יחידה,0.00,יחידה,false,,11.90,0.0000,true,1,224588
7290016370317,false,זית קלמטה ללא גלעין 560 גרם צנצנת יבנה,קוזט אס.איי.פיין פוצ,GR,זית קלמטה ללא גלעין,גרמים,560.00,100 גרם,false,,14.90,0.0266,true,1,224629
7290016370355,false,מלפפון פרוסות במלח ‏,בני דרום,IL,מלפפון פרוסות במלח ‏,יחידה,0.00,יחידה,false,,5.90,0.0000,true,1,240416
7290016370904,false,זית חרוזית ירוק ‏400‏ ג' יבנה,,,חרוזית ירוק ‏A‏2‏ חצ,גרמים,400.00,100 גרם,false,,7.90,0.0198,true,1,234224
7290016370911,false,טבעות ירוק A2 יבנה ‏400‏ ג',,,טבעות ירוק ‏A‏2‏ חצי,יחידה,0.00,יחידה,false,,7.90,0.0000,true,1,234225
7290016370959,false,חציל קלוי פירה בצנצנת ‏580‏ ג' יבנה,תאי פרזידנט פוד פאבל,GR,חציל קלוי(פירה)צנצנת,גרמים,560.00,100 גרם,false,,10.90,0.0195,true,1,167211
7290016370973,false,פלפל אדום קלוי על האש קבוצת יבנה 540 גרם,קוזט אס.איי.פיין פוד,GR,פלפל קלוי (גמביה) צנ,גרמים,560.00,100 גרם,false,,10.90,0.0195,true,1,167213
7290016372373,false,רסק עגבניות ללא תוספת סוכר ומלח - מארז זוג,גרנד איטליה Grand Italia,IT,רסק עגבניות 140 גרם,גרמים,140.00,100 גרם,false,,7.90,0.0564,true,1,176278
7290016372397,false,"תה ויסוצקי ירוק תפוז,ג'ינגר וכורכום 25 יח'",ויסוצקי ירוק,IL,תה ירוק תפוז גינגר ו,יחידה,0.00,יחידה,false,,24.90,0.0000,true,1,176305
7290016372458,false,חליטת צמחים לימונית ולואיזה הגן הקסום,תה ויסוצקי,IL,גן קסום לימונית ולוא,יחידה,0.00,יחידה,false,,34.90,0.0000,true,1,176311
7290016372489,false,חליטת פירות וצמחים ג'ינג'ר ולימון - אפקט הג'ינג'ר,תה ויסוצקי,IL,סודות הצמחים חליטת ג,יחידה,0.00,יחידה,false,,23.90,0.0000,true,1,176303
7290016372496,false,חליטת פירות וצמחים בטעם ג'ינג'ר ודבש -אפקט הג'ינג'ר,תה ויסוצקי,IL,סודות הצמחים חליטת ג,יחידה,0.00,יחידה,false,,23.90,0.0000,true,1,176298
7290016372922,false,תה ירוק בטעם קינמון גינגיר וכורכום עם מאצה יפנית,ויסוצקי ירוק,,תה ירוק בטעם קינמון,יחידה,0.00,יחידה,false,,24.90,0.0000,true,1,187661
7290016387339,false,מטליות מיקרופייבר ג'מבו לרצפה זוג,,CN,מטליות מיקרופייבר ג',יחידה,0.00,יחידה,false,,17.90,0.0000,true,1,171416
7290016387483,false,שייני כריות יפניות דו צדדיות 3 יח',מ.א ייצור ושיווק מטל,IL,שייני כריות יפניות ד,יחידה,0.00,יחידה,false,,7.90,0.0000,true,1,184038
7290016387841,false,אטבי כביסה איכותים צבעונים 50 יחי',GUANGDONG,CN,50 אטבי ג'וי JOY צבע,יחידה,0.00,יחידה,false,,10.00,0.0000,true,1,176734
7290016407020,false,קטשופ תלס 560 גרם,,,קטשופ תלס 560 גרם,גרמים,560.00,100 גרם,false,,6.90,0.0123,true,1,221021
7290016408294,false,"מרשמלו ורוד לבן וסטהיים 150 ג', 26 בקרטון",מנדלז סי.אר. פרודקשן,IL,כרמית מרשמלו ורוד לב,גרמים,150.00,100 גרם,false,,5.90,0.0393,true,1,167292
7290016408423,false,חטיף קרקר עם זיתים שחורים ושום 130 גר,תות תעשיות מזון (201,LT,חטיף קרקר עם זיתים ש,גרמים,130.00,100 גרם,false,,6.90,0.0531,true,1,165950
7290016408447,false,חטיף קרקר עגבניות ובזיליקום 130 גר,דנוויטה ג'יי. אס. סי,LT,חטיף קרקר עם עגבניות,גרמים,130.00,100 גרם,false,,6.90,0.0531,true,1,165952
7290016437621,false,"תחתוני חיתולים פרידום דריי מידה 4 9-11 ק""ג",קימברלי קלארק צ'כיה,CZ,האגיס פרידום דריי פנ,יחידה,36.00,יחידה,false,,46.90,1.3028,true,1,171182
7290016437645,false,האגיס פרידום דריי פנטס מידה 5 32 יחידות,קימברלי קלארק צ'כיה,CZ,האגיס פרידום דריי פנ,יחידה,34.00,יחידה,false,,46.90,1.3794,true,1,171183
7290016437652,false,האגיס פרידום דריי פנטס מידה 6 26 יחידות,קימברלי קלארק צ'כיה,CZ,האגיס פרידום דריי פנ,יחידה,30.00,יחידה,false,,46.90,1.5633,true,1,171184
7290016509304,false,מנקה אסלה סוד 4 כדוריות נתלה לבנדר נתלה 50גר',הנקל סוד,IL,סוד כדוריות אסלה בנ,יחידה,0.00,יחידה,false,,8.90,0.0000,true,1,176518
7290016509342,false,סוד מארז טריו כדוריות לאסלה כחול אקטיבי אקונומיקה,הנקל סוד,RS,סוד מארז כדוריות כחו,יחידה,0.00,יחידה,false,,14.90,0.0000,true,1,186222
7290016509786,false,פרסיל גל לכביסה לבנה וצבעונית-ירוק 2.5 ל,פרסיל Persil,IL,פרסיל ג'ל ירוק 2.5 ל,יחידה,0.00,יחידה,false,,34.90,0.0000,true,1,184827
7290016509809,false,ג'ל מרוכז לכביסה קולור 2.5 ל' פרסיל,פרסיל Persil,IL,פרסיל ג'ל קולור 2.5,יחידה,0.00,יחידה,false,,34.90,0.0000,true,1,184828
7290016509823,false,ג'ל לכביסה לבנה וצבעונית בניחוח רענן,פרסיל Persil,IL,פרסיל ג'ל בלו 2.5 לי,יחידה,0.00,יחידה,false,,34.90,0.0000,true,1,184829
7290016509830,false,ג'ל כביסה לבגדי תינוקות ובעלי עור רגיש Sensitive,פרסיל Persil,IL,פרסיל ג'ל בייבי 2.5,יחידה,0.00,יחידה,false,,34.90,0.0000,true,1,184830
7290016510096,false,"הוואי שמפו מי קוקוס לשיער יבש 700 מ""ל",טרופיקל דגיל,,הוואי שמפו מי קוקוס,מיליליטרים,700.00,"100 מ""ל",false,,13.90,0.0199,true,1,179519
7290016510331,false,"הוואי אל סבון לילדים בנות 700 מ""ל",טרופיקל דגיל,,הוואי אל סבון לילדים,יחידה,0.00,יחידה,false,,9.90,0.0000,true,1,211714
7290016510348,false,"הוואי אל סבון לילדים בנים 700 מ""ל",טרופיקל דגיל,,הוואי אל סבון לילדים,יחידה,0.00,יחידה,false,,9.90,0.0000,true,1,211715
7290016510904,false,"הוואי מרכך פריחת הדובדבן 700 מ""ל",שוורצקוף& הנקל דיסלד,IL,הוואי מרכך פריחת הדו,מיליליטרים,700.00,"100 מ""ל",false,,13.90,0.0199,true,1,195838
7290016513974,false,קרפלך במילוי פטריות 600 גרם,,IL,קרפלך במילוי פטריות,גרמים,600.00,100 גרם,false,,19.90,0.0332,true,1,259368
7290016513981,false,קרפלך תפוא מהדורה חד,,IL,"קרפלך תפו""א 600 גר'",גרמים,600.00,100 גרם,false,,19.90,0.0332,true,1,259367
7290016523188,false,"סטימר לאידוי עץ ""10",Fujian fuzhou tian s,,סטימר עץ 10,יחידה,0.00,יחידה,false,,39.90,0.0000,true,1,167252
7290016523447,false,אטריות ביצים 300 ג' (כ) (fu),פוג'יאן לונגהי אנליד,CN,מזרח ומערב אטריות בי,גרמים,300.00,100 גרם,false,,7.90,0.0263,true,1,177976
7290016566284,false,"כוס נשיאה תרמית דאבל 500 מ""ל",,,כוס נשיאה תרמית גדול,יחידה,0.00,יחידה,false,,59.90,0.0000,true,1,225441
7290016566468,false,בקבוק תרמי 800 מ''ל מוסקו,,,מוסקו בקבוק טרמי גדו,יחידה,0.00,יחידה,false,,79.90,0.0000,true,1,179311
7290016566840,false,בקבוק שתיה תרמי 500,,,בקבוק שתיה תרמי 500,יחידה,0.00,יחידה,false,,59.90,0.0000,true,1,233719
7290016584011,false,חטיפוני גזר 350 גרם גיזרונים,"מרינה פטריות הגליל בע""מ",IL,חטיפי גזר 350 גרם,יחידה,0.00,יחידה,false,,11.90,0.0000,true,1,167126
7290016607772,false,"יין רוזה גליל דלתון 750 מ""ל","איי, בי, אינבוו",IL,רוזה דלתון,מיליליטרים,750.00,"100 מ""ל",false,,59.90,0.0799,true,1,218845
7290016621013,false,"ד""ר פישר - קרם גוף קמיל בלו 500 מ""ל","ד""ר פישר Dr fischer",IL,קמיל בלו קרם גוף לתי,מיליליטרים,500.00,"100 מ""ל",false,,29.90,0.0598,true,1,173369
7290016621341,false,אל סבון היגייני לניקוי יסודי קמיל Clean & Moisture,"ד""ר פישר Dr fischer",IL,קמיל אל סבון ניקיון,ליטרים,1.00,ליטר,false,,16.90,16.9000,true,1,171802
7290016621358,false,"ד""ר פישר - קמיל אל סבון ניקיון והזנה ורוד 1 ליטר","ד""ר פישר Dr fischer",IL,קמיל אל סבון ניקיון,ליטרים,1.00,ליטר,false,,16.90,16.9000,true,1,171808
7290016667080,false,חטיף ציפס טורטיה ברביקיו 250 גרם,ROGER&ROGER,BE,חטיף ציפס טורטיה ברב,גרמים,250.00,100 גרם,false,,10.90,0.0436,true,1,174676
7290016667097,false,חטיף ציפס טורטיה מלוח 250 גרם,ROGER&ROGER,BE,חטיף צ'יפס טורטיה מל,גרמים,250.00,100 גרם,false,,10.90,0.0436,true,1,174677
7290016667271,false,"משאבה מסיר לאק 150 מ""ל",,,אציטון משאבה,יחידה,0.00,יחידה,false,,11.90,0.0000,true,1,178705
7290016667462,false,פריכיות חסכוני אורז 265 ג',פרח תעשיות,,חסכוני פריכיות אורז,גרמים,265.00,100 גרם,false,,13.90,0.0525,true,1,183795
7290016682182,false,פריניב שייק תמר בננה מופחת סוכר 1 ליטר,פריניב בעמ,IL,שייק תמר בננה מופחת,ליטרים,1.00,ליטר,false,,15.90,15.9000,true,1,173450
7290016682199,false,פריניב שייק תות בננה מופחת סוכר 1 ליטר,פריניב בעמ,IL,שייק תות בננה מופחת,ליטרים,1.00,ליטר,false,,15.90,15.9000,true,1,173451
7290016682328,false,מיץ תפוזים 100% עשוי מרכז 2 ל' פריניב,פריניב,IL,מיץ תפוזים עשוי מרכז,ליטרים,2.00,ליטר,false,,22.90,11.4500,true,1,247604
7290016682335,false,מיץ תפוזים פרי ניב 2 ליטר -,פרי ניב,IL,מיץ תפוזים 2 ליטר פר,ליטרים,2.00,ליטר,false,,24.90,12.4500,true,1,247597
7290016682342,false,מיץ תפוזים וולנסיה פרי ניב 2 ליטר-,פרי ניב,IL,100% מיץ תפוזים סחוט,ליטרים,2.00,ליטר,false,,28.90,14.4500,true,1,247641
7290016682359,false,מיץ תפוזים שמוטי פרי ניב 2 ליטר-,פרי ניב,IL,100% מיץ תפוזים סחוט,ליטרים,2.00,ליטר,false,,28.90,14.4500,true,1,247642
7290016682366,false,מיץ תפוח צלול פרי ניב 2 ליטר-,פריניב,IL,מיץ תפוח צלול 2 ליטר,ליטרים,2.00,ליטר,false,,24.90,12.4500,true,1,247598
7290016682373,false,משקה קל לימונדה בלאדי 2 ליטר פריניב,פריניב,IL,משקה קל לימונדה בלאד,ליטרים,2.00,ליטר,false,,24.90,12.4500,true,1,247599
7290016682380,false,מיץ טבעי לימונדה ולואיזה פרי ניב 2 ליטר-,פרי ניב,IL,משקה קל לימונדה בטעם,ליטרים,2.00,ליטר,false,,24.90,12.4500,true,1,247605
7290016682441,false,100% מיץ תפוזים מיוצר מרכז טבעי,פרי ניב,IL,מיץ תפוזים סחוט עשוי,ליטרים,1.00,ליטר,false,,13.90,13.9000,true,1,262542
7290016717051,false,משקה Buzz מוגז בטעם רימון מבוסס יין אדום מתוק,יקבי כרמל Carmel Winery,IL,"באז רימון 750 מ""ל",מיליליטרים,750.00,"100 מ""ל",false,,24.90,0.0332,true,1,199204
7290016717099,false,"יין כרמל סלקטד אדום חצי יבש, 750 מ""ל",יקבי כרמל Carmel Winery,IL,סלקטד אדום חצי יבש 7,מיליליטרים,750.00,"100 מ""ל",false,,29.90,0.0399,true,1,225392
7290016717631,false,יין מוסקטו בעל חוזק אלכוהול נמוך פרייבט קולקשן,אגודת הכורמים הקואופ,IL,"פי.סי מוסקטו 750 מ""ל",מיליליטרים,750.00,"100 מ""ל",false,,41.90,0.0559,true,1,266915
7290016717976,false,"יין BUZZ ספארקלינג אפרסק 750 מ""ל",כרמל מזרחי,IL,"באז אפרסק 750 מ""ל",מיליליטרים,750.00,"100 מ""ל",false,,24.90,0.0332,true,1,267071
7290016750003,false,ONE Aכבל התנעה 600,,,ONE Aכבל התנעה 600,יחידה,0.00,יחידה,false,,59.90,0.0000,true,1,187442
7290016811971,false,"אלכוג'ל 150 מ""ל",,,"אלכוג'ל 150 מ""ל",יחידה,0.00,יחידה,false,,6.90,0.0000,true,1,208308
7290016829662,false,סט גומיות שחור 12 יח,,,סט גומיות שחור 12 יח,יחידה,0.00,יחידה,false,,7.90,0.0000,true,1,221474
7290016866643,false,פרודונטקס מ.שיניים אקסטרה פרש 75 מל,פרודונטקס Parodontax,SK,משחת פרודנטקס פרש 75,יחידה,0.00,יחידה,false,,29.90,0.0000,true,1,190412
7290016866650,false,"פרודונטקס - משחת שיניים אוריג'ינל 75 מ""ל",פרודונטקס Parodontax,SK,משחת פרודנטקס אוריג',יחידה,0.00,יחידה,false,,29.90,0.0000,true,1,190413
7290016866667,false,"פרודונטקס - משחת שיניים ללא פלאוריד 75 מ""ל",פרודונטקס Parodontax,SK,משחת פרודנטקס ללא פל,יחידה,0.00,יחידה,false,,29.90,0.0000,true,1,190414
7290016866674,false,"פרודונטקס - משחת שיניים מלבינה 75 מ""ל",פרודונטקס Parodontax,SK,משחת פרודנטקס מלבינה,יחידה,0.00,יחידה,false,,29.90,0.0000,true,1,190415
7290016866704,false,"סטייל שמפו לאחר החלקה מועשר בויטמין אי, 750 מ""ל",סטייל Style,IL,שמפו קרטין+E,יחידה,0.00,יחידה,false,,22.90,0.0000,true,1,211223
7290016866711,false,"סטייל מרכך לשיער קרטין פלוס לאחר החלקה, 750 מ""ל",סטייל Style,IL,מרכך קרטין+E,יחידה,0.00,יחידה,false,,22.90,0.0000,true,1,211224
7290016866728,false,סטייל מסכה קרטין E 500 מל לשיקום שיער יב,סטייל Style,IL,מסכה קרטין +E,יחידה,0.00,יחידה,false,,32.90,0.0000,true,1,211227
7290016866902,false,זוג סבון ידיים סטייל 1 לי,,,סטייל סבון ידיים תה,יחידה,0.00,יחידה,false,,9.90,0.0000,true,1,234238
7290016875003,false,יוגורט עזים 3ל' עז הרים,,,עז הרים יוגורט 3 ליט,ליטרים,3.00,ליטר,false,,36.90,12.3000,true,1,170795
7290016875034,false,גבינת עיזים 400 ג' עז הרים,,,עז הרים ג'יבני 400 ג,גרמים,400.00,100 גרם,false,,26.90,0.0672,true,1,170798
7290016875041,false,לבנה עיזים 500ג' עז הרים,,,עז הרים לבנה 500 גרם,גרמים,500.00,100 גרם,false,,21.90,0.0438,true,1,170799
7290016875058,false,לבנה עיזים כדורים 380 ג' עז הרים,,,עז הרים לבנה כדורים,גרמים,380.00,100 גרם,false,,29.90,0.0787,true,1,170800
7290016875065,false,יוגורט עזים 1.5ל' עז הרים,,,עז הרים יוגורט 1.50,ליטרים,1.50,ליטר,false,,21.90,14.6000,true,1,170796
7290016875089,false,לבנה עיזים 250 ג' עז הרים,,,לבנה עיזים 250 גרם,גרמים,250.00,100 גרם,false,,12.90,0.0516,true,1,194387
7290016875096,false,יוגורט עזים 1ל' עז הרים,,,יוגורט עז הרים 1 ליט,ליטרים,1.00,ליטר,false,,16.90,16.9000,true,1,196299
7290016875102,false,"יוגורט עזים פירות יער 330 מ""לעז הרים",,,יוגורט פירות יער עז,מיליליטרים,330.00,"100 מ""ל",false,,8.90,0.0270,true,1,196300
7290016875119,false,"יוגורט עזים תות שדה 330 מ""לעז הרים",,,יוגורט תות שדה עז הר,מיליליטרים,330.00,"100 מ""ל",false,,8.90,0.0270,true,1,197471
7290016875157,false,"לבנה עיזים למריחה 1ק""ג עז הרים",,,"עז הרים לבנה 1 ק""ג",קילוגרמים,1.00,"ק""ג",false,,39.90,39.9000,true,1,170801
7290016883176,false,"מוזלי פתיתי שיבולת שועל עם שוקולד מריר ושבבי קוקוס 1 ק""ג","דין שיווק וקלייה בע""",MK,דין מוזלי פתיתי שיבו,יחידה,0.00,יחידה,false,,21.90,0.0000,true,1,237801
7290016898040,false,מכסה לסיר אלומיניום בינוני ר.שמאי מארז 2יח',,,מכסה לסיר אלומ'=בינו,יחידה,0.00,יחידה,false,,4.90,0.0000,true,1,176912
7290016898057,false,"מכסה לסיר אלומיניום קטן ח""פ ר.שמאי מארז 2יח'",,,שמאי - זוג מכסים לסי,יחידה,0.00,יחידה,false,,3.90,0.0000,true,1,176891
7290016898095,false,מגבונים לחים נשטפים באסלה שלשות 40 יחי',,,ר.שמאי מגבונים לחים,גרמים,800.00,100 גרם,false,,11.90,0.0149,true,1,193655
7290016898125,false,אל סבון קטיפתי מאסק 1 ליטר,,,אל סבון קטיפתי מאסק,יחידה,0.00,יחידה,false,,9.90,0.0000,true,1,180456
7290016898163,false,שמאי - נרות מס' 8,,,שמאי - נרות מס' 8,יחידה,0.00,יחידה,false,,3.90,0.0000,true,1,176880
7290016898170,false,שמאי - נרות מס' 10,,,שמאי - נרות מס' 10,יחידה,0.00,יחידה,false,,3.90,0.0000,true,1,176881
7290016898262,false,צלחות ענקיות עבות וקשיחות 66 יחידות,,,ר.שמאי צלחות ענקיות,יחידה,66.00,יחידה,false,,42.90,0.6500,true,1,178779
7290016898316,false,מגש גדול לאירוח אובלי שקוף קשיח,,,שמאי - מגש לאירוח או,יחידה,0.00,יחידה,false,,13.90,0.0000,true,1,182739
7290016898583,false,מפיות צבעוני מוטבעות,,,מפיות צבעוני מוטבעות,יחידה,0.00,יחידה,false,,4.90,0.0000,true,1,186985
7290016898842,false,מפיות מנוקדות 80 יח',,,מפיות 80 יח' מנוקדות,יחידה,0.00,יחידה,false,,5.90,0.0000,true,1,184292
7290016912494,false,"ד""ר פישר - אפקטיב קר תרחיץ פנים לכל סוגי העור 180 מ""ל","ד""ר פישר Dr fischer",IL,אפקטיב קר תרחיץ פנים,מיליליטרים,180.00,"100 מ""ל",false,,17.90,0.0994,true,1,176178
7290016912500,false,"ד""ר פישר - אפקטיב קר תרחיץ פנים לעור רגיש 180 מ""ל","ד""ר פישר Dr fischer",IL,אפקטיב קר תרחיץ פנים,מיליליטרים,180.00,"100 מ""ל",false,,17.90,0.0994,true,1,176179
7290016912609,false,"סרקל מסיכת הזנה לשיער ילדים 200 מ""ל","ד""ר פישר Dr fischer",IL,סרקל מסכת הזנה לשיער,מיליליטרים,200.00,"100 מ""ל",false,,24.90,0.1245,true,1,176180
7290016912623,false,סרקל מרכך לילדים לשיער בהיר - בלונדיני,"ד""ר פישר Dr fischer",IL,סרקל בלונד מרכך 1 לי,ליטרים,1.00,ליטר,false,,29.90,29.9000,true,1,174699
7290016967074,false,לחם חיטה מלאה עם גרעינים ודגנים,מאפיית שלמה א. אנג'ל,IL,לחם אנג'ל חיטה מלאה,יחידה,0.00,יחידה,false,,16.90,0.0000,true,1,170303
7290016967456,false,לחם צרפתי מחמצת 100% כוסמין 600 ג' אנג'ל,מאפיית שלמה א.אנג'ל,IL,לחם כוסמין פרימיום 6,גרמים,600.00,100 גרם,false,,17.90,0.0298,true,1,185289
7290016980103,false,בייבי בטטה,אראל תוצרת חקלאית בע,IL,בייבי בטטה,יחידה,0.00,יחידה,false,,9.90,0.0000,true,1,252571
7290017020747,false,בקבוק פאוארטק להכנת משקה חלבון וניל,,,בקבוק פאוארטק להכנ,יחידה,0.00,יחידה,false,,12.90,0.0000,true,1,207205
7290017023182,false,"שוופס מוגז פירות תפוח פחית 330 מ""ל",,,שוופס מוגז תפוח פחית,מיליליטרים,330.00,"100 מ""ל",false,,7.00,0.0212,true,1,180651
7290017023212,false,"שוויפס מוגז פירות תפוח מארז רביעייה* 330 מ""ל",יפאורה תבורי,IL,רביעיית פחיות שוופס,יחידה,0.00,יחידה,false,,13.90,0.0000,true,1,180648
7290017023229,false,רביעיית פחיות שוופס מוגז פירות תות ליים 330 מל.,יפאורה תבורי,IL,רביעיית פחיות שוופס,יחידה,0.00,יחידה,false,,13.90,0.0000,true,1,180649
7290017023236,false,רביעיית פחיות שוופס מוגז פירות ענבים 330 מל.,יפאורה תבורי,IL,רביעיית פחיות שוופס,יחידה,0.00,יחידה,false,,13.90,0.0000,true,1,180650
7290017023663,false,"שוופס מיץ פירות לימונייד פחית מארז 330X4מ""ל",יפאורה תבורי,IL,רביעיית פחיות שוופס,יחידה,0.00,יחידה,false,,13.90,0.0000,true,1,184826
7290017023809,false,"רביעיית ספרינג אגס סברס תפוח 250 מ""ל",יפאורה תבורי,IL,רביעיית ספרינג 250 מ,יחידה,0.00,יחידה,false,,12.90,0.0000,true,1,195341
7290017023816,false,"ספרינג  פירות טרופיים 250 מ""ל רביעייה",יפאורה תבורי,IL,רביעיית ספרינג 250 מ,יחידה,0.00,יחידה,false,,12.90,0.0000,true,1,195342
7290017023823,false,"רביעיית ספרינג תות בננה 250 מ""ל",יפאורה תבורי,IL,רביעיית ספרינג 250 מ,יחידה,0.00,יחידה,false,,12.90,0.0000,true,1,195343
7290017023854,false,מי סודה בקבוקים אישיים - מארז 4 יח',יפאורה תבורי בעמ,IL,"שוופס סודה 250 מ""ל ר",יחידה,0.00,יחידה,false,,12.90,0.0000,true,1,190985
7290017023861,false,סודה בטעם לימון בקבוקים אישיים - מארז 4 יח',יפאורה תבורי בעמ,IL,שוופס סודה לימון 250,יחידה,0.00,יחידה,false,,12.90,0.0000,true,1,190986
7290017023878,false,סודה בטעם נענע ליים בקבוקים אישיים - מארז 4 יח',יפאורה תבורי בעמ,IL,שוופס סודה נענע ליים,יחידה,0.00,יחידה,false,,12.90,0.0000,true,1,190987
7290017031477,false,"סנסודיין משחת שיניים רפיד רליף להלבנה 75 מ""ל","סמיתקליין ביצ'ם בע""מ",GB,סנסודיין רפיד הלבנה,יחידה,0.00,יחידה,false,,21.90,0.0000,true,1,259562
7290017031705,false,"סנסודיין - משחת שיניים קלין&פרש 75 מ""ל",גלקסוס סמית קליין,SK,סנסודיין קלין & פרש,יחידה,0.00,יחידה,false,,21.90,0.0000,true,1,191347
7290017031859,false,"פרודונטקס - משחת שיניים אולטרא קלין 75 מ""ל",סמיתקליין ביצ'ם בעמ,SK,פרדונטקס אלטרא קלין,יחידה,0.00,יחידה,false,,29.90,0.0000,true,1,259563
7290017040035,false,מארז מיני דונאטס במילוי 8 יח',,DE,דונאטס מיני מארז 2 ט,יחידה,2.00,יחידה,false,,19.90,9.9500,true,1,246799
7290017044019,false,אסותא דלי מטליות לחות לנ.,טרופיקל דגיל,,אסותא דלי מטליות לחו,יחידה,0.00,יחידה,false,,19.90,0.0000,true,1,173062
7290017044071,false,אסותא דלי מטליות לחות לנ.,טרופיקל דגיל,,אסותא דלי מטליות תפו,יחידה,0.00,יחידה,false,,19.90,0.0000,true,1,179283
7290017044293,false,אסותא מגבוני ריצפה בדלי 50 יח',טרופיקל דגיל,,אסותא דלי מטליות לחו,יחידה,50.00,יחידה,false,,29.90,0.5980,true,1,189565
7290017058092,false,שיבולת שועל שלמה 600 גר גוד מורנינג,,LT,שיבולת שועל 600 גרם,גרמים,600.00,100 גרם,false,,6.90,0.0115,true,1,174294
7290017058139,false,רסק תפוח עץ עם תות שדה 452 גר,Cherry growers inc,US,רסק תפוח עץ עם תות ש,גרמים,452.00,100 גרם,false,,12.90,0.0285,true,1,179030
7290017058146,false,רסק תפוח עץ עם אפרסק 452 גר,Cherry growers inc,,רסק תפוח עץ עם אפרסק,גרמים,452.00,100 גרם,false,,12.90,0.0285,true,1,179031
7290017058177,false,אנשובי בצנצנת עם צילי חריף 100 גרם,,,אנשובי צנצנת עם צ'יל,יחידה,0.00,יחידה,false,,9.90,0.0000,true,1,174296
7290017058887,false,רביעיית טונה בהירה בצ'ילי* 140 ג' מונטרי,,TH,טונה מונטרי צ'ילי רב,יחידה,0.00,יחידה,false,,21.90,0.0000,true,1,209655
7290017065007,false,פרוסות גבינה מוצרלה חצי קשה 22% שומן 200 ג' גד,מחלבות גד בעמ,IL,גד מוצרלה פרוסה 200,גרמים,200.00,100 גרם,false,,19.90,0.0995,true,1,171242
7290017065137,false,ריקוטה למריחה 5% טבעית 200 גרם - רובין,האי נאם סי או אל.טי.,IL,גד ריקוטה למריחה טבע,גרמים,200.00,100 גרם,false,,9.90,0.0495,true,1,178528
7290017065144,false,גבינת ריקוטה למריחה 5% בזיליקום 200ג' גד,האי נאם סי או אל.טי.,IL,גד ריקוטה למריחה עם,גרמים,200.00,100 גרם,false,,9.90,0.0495,true,1,178529
7290017065168,false,גבינה כחולה denish blue cheese 100 גרם,מחלבות גד,DK,גד גבינה כחולה 100 ג,גרמים,100.00,100 גרם,false,,18.90,0.1890,true,1,182229
7290017065212,false,גבינת קרם מסקרפונה מחלבות גד 250 גר,מיוצר עי קוד יצרן ED,IL,קרם מסקרפונה גד 250,גרמים,250.00,100 גרם,false,,21.90,0.0876,true,1,182427
7290017065236,false,גבינה בולגרית מעודנת 24% גד 250 גרם,הנסיך- מפעל לייצור ט,IL,גד בולגרית מעודנת 24,גרמים,250.00,100 גרם,false,,24.90,0.0996,true,1,182231
7290017065311,false,פרוסות גבינה מוצרלה מעושנת 200 ג',מחלבות גד בעמ,IL,פרוסות מוצרלה מעושנת,גרמים,200.00,100 גרם,false,,19.90,0.0995,true,1,182234
7290017065380,false,"גרנה פדנו שבבים ""גד"" 100 גרם",מחלבות גד,IT,גרנה פדנו שבבים 100,גרמים,100.00,100 גרם,false,,16.90,0.1690,true,1,193824
7290017065434,false,פרוסות גבינה גאודה הולנדית חצי קשה 200 גרם בית יוסף,מחלבות גד בעמ,NL,גד פרוסות גאודה הולנ,גרמים,200.00,100 גרם,false,,19.90,0.0995,true,1,195489
7290017065441,false,פרוסות גבינת גאודה עיזים 30%,מחלבות גד,NL,גד פרוסות גאודה עיחז,גרמים,200.00,100 גרם,false,,34.90,0.1745,true,1,195490
7290017065526,false,קוואטרו פורמאג'י 4 גבינות מגוררות 26%,מחלבות גד בעמ,IL,קוואטרו פורמאג'י 300,גרמים,300.00,100 גרם,false,,29.90,0.0997,true,1,195497
7290017065588,false,יוגורט יווני 10% שומן 600 ג' גד,"מיוצר ע""י קוד יצרן M",IL,יוגורט יווני 600 גרם,גרמים,600.00,100 גרם,false,,19.90,0.0332,true,1,208926
7290017065618,false,גבינת פקורינו פרוס גד 150 ג',הנסיך- מפעל לייצור ט,ES,פקורינו פרוס 150 גרם,גרמים,150.00,100 גרם,false,,22.90,0.1527,true,1,208922
7290017065649,false,קרם פטיסייר מחלבות ג,מיוצר עי קוד יצרן ED,IL,קרם פטיסייר 250 גרם,גרמים,250.00,100 גרם,false,,22.90,0.0916,true,1,208924
7290017065663,false,גבינת פטה עיזים מעודנת 16% גד 200 גרם,ג'נרל מילס סאן אדריא,IL,פטה עזים מעודנת 16%,גרמים,250.00,100 גרם,false,,29.90,0.1196,true,1,215312
7290017065731,false,גבינת שמנת 30% ניו יורק +כמהין 200 גרם רבנות,פ.פ.ח. שאביט,IL,גד גבינת שמנת ניו יו,גרמים,200.00,100 גרם,false,,12.90,0.0645,true,1,236065
7290017065762,false,גבינה יוונית מאנורי 30% שומן 100 ג' גד,מחלבות גד,IL,מאנורי גבינה בסגנון,גרמים,100.00,100 גרם,false,,12.90,0.1290,true,1,252568
7290017065786,false,"גבינת צ`דר מחלבות גד , 210 גרם",מחלבות גד,IL,צ'דר 210 גרם,גרמים,210.00,100 גרם,false,,22.90,0.1090,true,1,243171
7290017065861,false,רוטב פקורינו ופלפל שחור קאצ'יו אה פפה 200 ג' גד,מחלבות גד,IL,קאצ'יו אה פפה- רוטב,גרמים,200.00,100 גרם,false,,15.90,0.0795,true,1,258848
7290017065878,false,מק אנד צ'יז רוטב לפסטה 200 גרם גד,מחלבות גד,IL,מק אנד צ'יז,גרמים,200.00,100 גרם,false,,15.90,0.0795,true,1,258860
7290017065960,false,רוטב פורצ'יני מחלבות גד 200 גרם,מחלבות גד,IL,רוטב פורצ'יני 200 גר,גרמים,200.00,100 גרם,false,,19.90,0.0995,true,1,268032
7290017088051,false,בייביסיטר - חיתולי סטנדרט מידה 3 - 52 יח',בייביסיטר Babysitter,IL,בייביסיטר סטנדרט מיד,יחידה,0.00,יחידה,false,,39.90,0.0000,true,1,207395
7290017088082,false,בייביסיטר - חיתולי סטנדרט מידה 5 - 36 יח',בייביסיטר Babysitter,IL,בייביסטר סטנדרט מידה,יחידה,0.00,יחידה,false,,39.90,0.0000,true,1,207404
7290017088099,false,בייביסיטר - חיתולי סטנדרט מידה 6 - 30 יח',בייביסיטר Babysitter,IL,בייביסטר סטנדרט מידה,יחידה,0.00,יחידה,false,,39.90,0.0000,true,1,207405
7290017088495,false,תחבושות טופ פד אקסטרה 20 יח',D.P.L,IT,טופ פד אקסטרה 20 יח',יחידה,0.00,יחידה,false,,9.90,0.0000,true,1,215243
7290017088693,false,קוויק מגבונים לניקוי וחיטוי רצפות בניחוח לוונדר 10 יחי',די.פי.אל,IL,קוויק מטליות לחות לנ,יחידה,0.00,יחידה,false,,11.90,0.0000,true,1,207410
7290017088860,false,BREEZE תחתונים לבריחת שתן מידה L יח' 14,ניאופארם,IT,תחתוני פריז 14 יח' מ,יחידה,0.00,יחידה,false,,74.90,0.0000,true,1,235302
7290017088914,false,מגבונים בייביסיטר מבושם 66X6 יח',,,מגבוני בייביסיטר מבו,יחידה,0.00,יחידה,false,,19.90,0.0000,true,1,218673
7290017090870,false,פטריית חימום חשמלית,,,פטריית חימום חשמלית,יחידה,0.00,יחידה,false,,699.90,0.0000,true,1,245522
7290017105062,false,גרגירי חומוס שלם יכין הקטניה הטובה 200 ג,היינץ צפון אמריקה מק,IL,יכין חומוס הקטניה הט,יחידה,0.00,יחידה,false,,4.90,0.0000,true,1,179939
7290017105079,false,שעועית לבנה ברוטב עגבניות יכין הקטניה הט,היינץ צפון אמריקה מק,IL,יכין שעועית אפויה הק,יחידה,0.00,יחידה,false,,4.90,0.0000,true,1,179940
7290017105086,false,שימורי יכין שעועית צילי 200 גר,"זנלכל בע""מ",IL,יכין שעועית צילי הקט,יחידה,0.00,יחידה,false,,4.90,0.0000,true,1,179941
7290017105116,false,שימורי יכין תורמוס 200 גר,"זנלכל בע""מ",IL,יכין תורמוס הקטניה ה,יחידה,0.00,יחידה,false,,4.90,0.0000,true,1,179945
7290017105123,false,שימורי פול יכין הקטניה הטובה 200 גר,היינץ צפון אמריקה מק,IL,יכין פול מוצרי הקטני,יחידה,0.00,יחידה,false,,4.90,0.0000,true,1,179946
7290017105369,false,סירופ דיאט בטעם תה אפרסק יכין 1ליטר,זנלכל,IL,תה אפרסק דיאט 1 ליט,ליטרים,1.00,ליטר,false,,16.90,16.9000,true,1,195768
7290017105383,false,תירס לילדים יכין 3*200 גר',,,שלישיית תירס קיד 200,גרמים,600.00,100 גרם,false,,14.90,0.0248,true,1,198588
7290017105468,false,מארז שלישייה אפונה קטנה יכין 3*200 גר,קשקמט קונסרב הונגריה,IL,יכין אפונה 3* 200 גר,יחידה,0.00,יחידה,false,,14.90,0.0000,true,1,202875
7290017105550,false,רביעיית רסק עגבניות 100% יכין 4X100 גרם,היינץ צפון אמריקה מק,IL,מאגדת 4*100 גרם רסק,יחידה,0.00,יחידה,false,,11.90,0.0000,true,1,200956
7290017121048,false,"פלפל צ'ומה 250 גרם ""עללחם""",מדשא תעשיות מזון בעמ,IL,פלפל צ'ומה עללחם 25,גרמים,250.00,100 גרם,false,,13.90,0.0556,true,1,200164
7290017121093,false,"אריסה חריפה 250 גרם ""עללחם""",מדשא תעשיות מזון בעמ,IL,אריסה חריפה עללחם 2,גרמים,250.00,100 גרם,false,,13.90,0.0556,true,1,200165
7290017129495,false,אגו מיקס כדורי תירס מצופים שוקולד חלב 55 גר,כרמית,IL,אגו מיקס כדורי תירס,יחידה,0.00,יחידה,false,,3.90,0.0000,true,1,179416
7290017129501,false,אגו מיקס כדורי תירס מצופים שוקולד לבן 55 גר,כרמית,IL,אגו מיקס כדורי תירס,יחידה,0.00,יחידה,false,,3.90,0.0000,true,1,179417
7290017129518,false,אגו מיקס כדורי תירס מצופים שוקו.חלב ולבן 55 גר',כרמית,IL,אגו מיקס כדורי תירס,יחידה,0.00,יחידה,false,,3.90,0.0000,true,1,179418
7290017129846,false,כרמית מיני קוקיס טעם קרמל 600 גרם,קריות זול,IL,מיני קוקיס בטעם קרמל,גרמים,600.00,100 גרם,false,,18.90,0.0315,true,1,184385
7290017139784,false,וונדר וומן משחת שיניים,כ.צ.ט,IL,משחת שיניים וונדרוומ,יחידה,0.00,יחידה,false,,6.90,0.0000,true,1,266893
7290017142128,false,"שמן זית כתית מעולה קלאסי עץ הזית 750 מ""ל",שמן תעשיות,IL,שמן זית כתית מעולה ק,מיליליטרים,750.00,"100 מ""ל",false,,33.60,0.0448,true,1,180155
7290017142159,false,מארז נתחי טונה בהירה בשמן זית 3*80 ג' עץ הזית,הנסיך- מפעל לייצור ט,TH,עץ הזית נתחי טונה בש,גרמים,240.00,100 גרם,false,,23.90,0.0996,true,1,184280
7290017142180,false,פילה טונה בשמן זית בטעם לימון עם פלפל שחור 120 ג',"יוניקורד ח.צ בע""מ",TH,פילה טונה פרוס עם שמ,גרמים,120.00,100 גרם,false,,14.90,0.1242,true,1,195363
7290017142289,false,"תרסיס שמן חמניות לל""ת גז עץ הזית 200מ""ל",שמן תעשיות,IL,עץ הזית תרסיס שמן חמ,מיליליטרים,200.00,"100 מ""ל",false,,15.90,0.0795,true,1,190327
7290017142340,false,שמן זרעי ענבים מזוכך 1 לי עץ הזית,עץ השדה,TH,שמן זרעי ענבים מזוכך,מיליליטרים,1000.00,"100 מ""ל",false,,29.90,0.0299,true,1,202900
7290017142364,false,"שמן דלעת לא מזוכך עץ הזית 250 מ""ל",עץ השדה,SI,שמן דלעת לא מזוכך עץ,מיליליטרים,250.00,"100 מ""ל",false,,39.90,0.1596,true,1,202902
7290017142388,false,שמן חמניות אומגה 3 פלוס 1 ליטר עץ הזית,שמן תעשיות,IL,שמן חמניות פלוס 1 לי,ליטרים,1.00,ליטר,false,,15.90,15.9000,true,1,197871
7290017142418,false,טונה עם אורז ועדשים בשמן זית 160 גר,יוניקורד ח.צ בעמ,TH,אורז עם עדשים עם טונ,גרמים,160.00,100 גרם,false,,13.90,0.0869,true,1,202905
7290017142456,false,מארז נתחי טונה בהירה בשמן זית 2 * 160 ג' עץ הזית,עץ הזית,TH,נתחי טונה בשמן זית ע,גרמים,320.00,100 גרם,false,,27.90,0.0872,true,1,202906
7290017142487,false,"טונה עם בורגול וגרגירי חומוס to go ""עץ הזית""",עץ הזית,TH,טו גו בורגול וגריגיר,גרמים,160.00,100 גרם,false,,13.90,0.0869,true,1,235817
7290017142500,false,תרסיס שמן זית כתית מעולה בטעם שום 150מל,קומטמפ קומפניה פורטו,IT,תרסיס שמן זית בטעם ש,מיליליטרים,150.00,"100 מ""ל",false,,17.90,0.1193,true,1,262406
7290017142609,false,תרסיס שמן זית כתית בטעם לימון 150,קונפניה,IT,תרסיס שמן זית בטעם ל,מיליליטרים,150.00,"100 מ""ל",false,,17.90,0.1193,true,1,262405
7290017142623,false,תרסיס שמן זית כתית בטעם צ'ילי 150,קונפניה,IT,תרסיס שמן זית בטעם צ,מיליליטרים,150.00,"100 מ""ל",false,,17.90,0.1193,true,1,262407
7290017197029,false,אל סבון la belle מאסק לבן 1 ל,,,אל סבון מאסק לבן 1 ל,יחידה,0.00,יחידה,false,,9.90,0.0000,true,1,181808
7290017197036,false,אל סבון la belle מלון פפאיה כתום 1 ל,,,אל סבון מלון פפאיה כ,יחידה,0.00,יחידה,false,,9.90,0.0000,true,1,181809
7290017197364,false,אל סבון לבנדר סגול 1,,,אל סבון לבנדר סגול 1,יחידה,0.00,יחידה,false,,9.90,0.0000,true,1,223108
7290017197456,false,אסותא מגבוני נייר טואלט*3,טרופיקל דגיל,IL,אסותא מגבוני נייר טו,יחידה,0.00,יחידה,false,,10.90,0.0000,true,1,182237
7290017217031,false,נובי שלשלית כפיות מס,F.H.P CO LT,CN,נובי שלשלית כפיות מס,יחידה,0.00,יחידה,false,,24.90,0.0000,true,1,213803
7290017217918,false,"מדליק פחם נוזלי איזי לייט 500 מ""ל",,NL,מדליק פחם נוזלי 500,יחידה,0.00,יחידה,false,,16.90,0.0000,true,1,213767
7290017232218,false,לחם קלאסי מופחת פחמימות איטסיין 430 גרם,,,לחם EATSANE קלאסי 43,יחידה,0.00,יחידה,false,,24.90,0.0000,true,1,266342
7290017232225,false,לחם גלילי מופחת פחמימות איטסיין 450 גרם,,,לחם EATSANE גלילי 45,יחידה,0.00,יחידה,false,,24.90,0.0000,true,1,266343
7290017252018,false,חומץ חום אנטואן שוקח,,,חומץ חום אנטואן שוקח,ליטרים,1.00,ליטר,false,,3.90,3.9000,true,1,216843
7290017252308,false,עוגת אנגלית 270 גרם,,,עוגת אנגלית 270 גרם,גרמים,270.00,100 גרם,false,,5.90,0.0219,true,1,208325
7290017252315,false,עוגת שוקולד 270 גרם,,,עוגת שוקולד 270 גרם,גרמים,270.00,100 גרם,false,,5.90,0.0219,true,1,208320
7290017252322,false,עוגת שיש 270 גרם,,,עוגת שיש 270 גרם,גרמים,270.00,100 גרם,false,,5.90,0.0219,true,1,208321
7290017252339,false,עוגת וניל 270 גרם,,,עוגת וניל 270 גרם,גרמים,270.00,100 גרם,false,,5.90,0.0219,true,1,208326
7290017252360,false,עוגת שוקוצי'נו 270 ג,,,עוגת שוקוצי'נו 270 ג,גרמים,270.00,100 גרם,false,,5.90,0.0219,true,1,208322
7290017252520,false,עוגת שוקו צ'יפס 270,,,עוגת שוקו צ'יפס 270,גרמים,270.00,100 גרם,false,,5.90,0.0219,true,1,208323
7290017266053,false,"וופל עלמה לל""ס במילוי קרם טעם לימון 175 גר",גילרו,IL,עלמה וופל קראנצ' במי,גרמים,175.00,100 גרם,false,,7.90,0.0451,true,1,180199
7290017266060,false,וופל קראנצ`מילוי קרם בטעם שוקולד 175 גר,גילרו,,עלמה וופל קראנצ' במי,גרמים,175.00,100 גרם,false,,7.90,0.0451,true,1,180200
7290017266312,false,וופל מילוי קרם בטעם שוקולד 150 גרם,גילרו,,עלמה וופל שוקו 150 ג,גרמים,150.00,100 גרם,false,,3.90,0.0260,true,1,201267
7290017266725,false,מארז וופל במילוי קרם בטעם שוקולד 12 גרם*40 יח',"גילרו בע""מ",IL,חטיף מיני קראנצ' 12,יחידה,0.00,יחידה,false,,16.90,0.0000,true,1,244902
7290017266909,false,SUN וופלים במילוי קרם בטעם שוקולד 200 גר,"גילרו בע""מ",IL,SUN וופלים במילוי קר,גרמים,200.00,100 גרם,false,,4.90,0.0245,true,1,262716
7290017275338,false,טחינה גולמית 500 גרם-טורקיז,אחדות ביחר לטחינה חל,IL,טורקיז טחינה גולמית,גרמים,500.00,100 גרם,false,,12.90,0.0258,true,1,265872
7290017275345,false,"טחינה גולמית בבקבוק לחיץ , 350 גרם אחווה",אחדות ביחר לטחינה חל,IL,טחינה גולמית בבקבוק,גרמים,350.00,100 גרם,false,,8.90,0.0254,true,1,265873
7290017275352,false,"עוגת שמרים קרנץ תפו""ע וקינמון 400 גר' אחדות",,,עוגת שמרים קרטנץ תפו,גרמים,400.00,100 גרם,false,,11.90,0.0298,true,1,265777
7290017275369,false,טחינה משומשום מלא 500 גרם-טורקיז,אחדות ביחר לטחינה חל,IL,טורקיז טחינה משומשום,גרמים,500.00,100 גרם,false,,12.90,0.0258,true,1,265874
7290017291499,false,בצל שיפודים,,,בצל שיפודים,יחידה,0.00,יחידה,false,,8.90,0.0000,true,1,268646
7290017297149,false,גרגירי חומוס להכנת חומוס ביתי 550 גרם,"פרי הגליל בע""""מ",IL,גרגירי חומוס להכנת ח,גרמים,550.00,100 גרם,false,,7.90,0.0144,true,1,219521
7290017297187,false,לקט ירקות להקפצה 800 גרם פרי הגליל,ויטה פרי גליל,IL,לקט ירקות להקפצה 800,גרמים,800.00,100 גרם,false,,16.90,0.0211,true,1,219970
7290017297323,false,רוטב עגבניות מרוכז 100 גר' 22 BX טל וטרי,"מילוז(1989)בע""""מ",IL,רוטב עגבניות 100 גרם,גרמים,100.00,100 גרם,false,,2.00,0.0200,true,1,242321
7290017297330,false,"טל רוטב עגבניות מרוכז, 240 גרם",טל וטרי,IL,רוטב עגבניות 22BX טל,גרמים,240.00,100 גרם,false,,3.90,0.0162,true,1,268709
7290017297620,false,רסק עגבניות 570 גרם-טל A2 B*28,"מילוז(1989)בע""""מ",,רוטב עגבניות 22BX A2,גרמים,570.00,100 גרם,false,,6.90,0.0121,true,1,246740
7290017297637,false,רכז עגבניות A2 BX28 טל וטרי 580 גר',"מילוז(1989)בע""""מ",,רוטב עגבניות 28BX A2,גרמים,580.00,100 גרם,false,,7.90,0.0136,true,1,246741
7290017297644,false,ברוקולי קפוא גרין אנד פרש 800 גר',גרין אנד פרש Green & Fresh,IL,ברוקלי 800 גרם GREEN,גרמים,800.00,100 גרם,false,,14.90,0.0186,true,1,243175
7290017297743,false,צ'יפס אמריקאי 800 ג' פרי הגליל,"פרי הגליל בע""""מ",,ציפס אמריקאי 800 גרם,גרמים,800.00,100 גרם,false,,12.90,0.0161,true,1,249346
7290017303482,false,מלאווח שחף 700 גרם,,,מלאווח שחף 700 גרם,גרמים,700.00,100 גרם,false,,13.90,0.0199,true,1,189939
7290017304885,false,לחם שיפון מחיטה מלאה ללא תוספת סוכר 750 ג' אנג'ל,מאפית אנגל,IL,לחם אנגל שיפון מלא,יחידה,0.00,יחידה,false,,16.90,0.0000,true,1,198202
7290017325910,false,"קורנפלקס ללת""ס אורגני הרדוף 375 גר",לאמרי,IT,הרדוף קורנפלקס אורגנ,גרמים,375.00,100 גרם,false,,17.90,0.0477,true,1,262288
7290017339610,false,חלה בריוש 6 כדורים ה,המחמצת,IL,חלה בריוש 600 גרם 6,גרמים,600.00,100 גרם,false,,16.90,0.0282,true,1,259054
7290017339627,false,חלת בריוש כתר המחמצת,המחמצת,IL,חלה כתר בריוש 600 גר,גרמים,600.00,100 גרם,false,,16.90,0.0282,true,1,258942
7290017374369,false,שיפודים שטוח עוב 25 יח',,,שיפוד 40/4 25 יח,יחידה,0.00,יחידה,false,,8.90,0.0000,true,1,182290
7290017374925,false,מטאטא אמור AMOR + מק,,,מטאטא אמור AMOR + מק,יחידה,0.00,יחידה,false,,18.90,0.0000,true,1,206634
7290017396033,false,מארז בייגל רומני שומ,המחמצת,IL,מארז בייגל רומני שומ,יחידה,0.00,יחידה,false,,16.90,0.0000,true,1,258940
7290017396187,false,לחם קלמטה אובלי המחמ,המחמצת,IL,לחם קלמטה אובלי 600,גרמים,600.00,100 גרם,false,,16.90,0.0282,true,1,258937
7290017396217,false,לחם דגנים אובלי המחמ,המחמצת,IL,לחם דגנים אובלי 600,גרמים,600.00,100 גרם,false,,16.90,0.0282,true,1,259055
7290017396224,false,לחם כוסמין אובלי המח,המחמצת,IL,לחם כוסמין אובלי 600,גרמים,600.00,100 גרם,false,,16.90,0.0282,true,1,258938
7290017396286,false,המחמצת מארז בייגל יר,המחמצת,IL,המחמצת מארז בייגל יר,יחידה,0.00,יחידה,false,,16.90,0.0000,true,1,258941
7290017396293,false,לחם כפרי צרפתי אובלי,המחמצת,IL,לחם כפרי צרפתי מלא א,גרמים,600.00,100 גרם,false,,16.90,0.0282,true,1,258939
7290017440231,false,סרקל שמפו לילדים לשיער מתולתל 1 ליטר,"ד""ר פישר Dr fischer",IL,סרקל שמפו מתולתל 1 ל,יחידה,0.00,יחידה,false,,29.90,0.0000,true,1,187610
7290017440248,false,סרקל מרכך לילדים לשיער מתולתל 1 ליטר,"ד""ר פישר Dr fischer",IL,סרקל מרכך מתולתל 1 ל,יחידה,0.00,יחידה,false,,29.90,0.0000,true,1,187611
7290017440286,false,"ד""ר פישר - קידס מרכך ויטמינים 750 מ""ל","ד""ר פישר Dr fischer",IL,"מרכך קידס 750 מ""ל",מיליליטרים,750.00,"100 מ""ל",false,,16.90,0.0225,true,1,198017
7290017440309,false,"ד""ר פישר - קידס שמפו ויטמינים 750 מ""ל","ד""ר פישר Dr fischer",IL,"שמפו קידס 750 מ""ל",מיליליטרים,750.00,"100 מ""ל",false,,16.90,0.0225,true,1,198018
7290017440699,false,ד.פישר בלונד מרכך לשיער בהיר 400 מל,מדי פישר,IL,"ד""ר פישר מרכך בלונד",יחידה,0.00,יחידה,false,,29.90,0.0000,true,1,202955
7290017440798,false,ד.פישר סילבר מרכך לשיער כסוף 400 מל,מדי פישר,IL,מרכך SILVER לשיער כס,יחידה,0.00,יחידה,false,,29.90,0.0000,true,1,195205
7290017440804,false,ד.פישר סילבר מסכת הזנה לשיער כסוף 300 מ,מדי פישר,IL,פישר מסכת הזנה SILVE,יחידה,0.00,יחידה,false,,39.90,0.0000,true,1,195204
7290017440965,false,אל סבון היגייני לניקוי יסודי ולהזנת העור clean & nourish,"ד""ר פישר Dr fischer",IL,קמיל אל סבון ניקיון,יחידה,0.00,יחידה,false,,16.90,0.0000,true,1,195206
7290017445144,false,פומפיה אובלית ויקטור,,,פומפיה אובלית ויקטור,יחידה,0.00,יחידה,false,,9.90,0.0000,true,1,223635
7290017445229,false,פצירת יהלום ויקטוריה,,,פצירת יהלום ויקטוריה,יחידה,0.00,יחידה,false,,7.90,0.0000,true,1,223632
7290017457574,false,כדוריות סבון נתלה לאסלה בניחוח פרחים - 3 יח',הנקל סוד,RS,סוד שלשות פרחים,יחידה,0.00,יחידה,false,,14.90,0.0000,true,1,248474
7290017457581,false,"סוד מרכך כביסה מרוכז קוקוס 900 מ""ל",הנקל סוד,IL,COCONUT WATER סוד מר,מיליליטרים,900.00,"100 מ""ל",false,,11.90,0.0132,true,1,200567
7290017457611,false,גל כביסה סוד טוטאל ירוק 2.5 ליטר,הנקל סוד,IL,סוד ג'ל כביסה ירוק,יחידה,0.00,יחידה,false,,24.90,0.0000,true,1,210227
7290017457727,false,"סוד - מרכך כביסה מרוכז פרש סקיי 900 מ""ל",הנקל סוד,IL,סוד מרכך כביסה מרוכז,מיליליטרים,900.00,"100 מ""ל",false,,11.90,0.0132,true,1,198978
7290017457734,false,"סוד - מרכך כביסה מרוכז ווילד רוז 900 מ""ל",הנקל סוד,IL,סוד מרכך כביסה מרוכז,מיליליטרים,900.00,"100 מ""ל",false,,11.90,0.0132,true,1,198979
7290017470139,false,"שיפודי במבוק שטוחים 40 ס""מ",,,ר.שמאי שיפודים שטוחי,יחידה,1.00,יחידה,false,,6.90,6.9000,true,1,216704
7290017470146,false,שיפודי במבוק 100 יחידות,,,שיפודי במבוק,יחידה,0.00,יחידה,false,,2.90,0.0000,true,1,216152
7290017470160,false,ר.שמאי קש שחור בשקית,,,ר.שמאי קש שחור בשקית,יחידה,0.00,יחידה,false,,16.90,0.0000,true,1,196228
7290017470177,false,קש צבעוני מתקפל בשקית 200 יחידות,,CN,שמאי - קש צבעוני 200,יחידה,0.00,יחידה,false,,8.90,0.0000,true,1,190100
7290017470276,false,מארז שישיית נרות נשמה 24 שעות ר. שמאי,,,ר.שמאי נרות נשמה שיש,יחידה,0.00,יחידה,false,,10.90,0.0000,true,1,223460
7290017470337,false,נפנף למנגל איכותי,,,נפנף למנגל איכותי,יחידה,0.00,יחידה,false,,3.90,0.0000,true,1,210573
7290017470344,false,ר.שמאי מנגל ברזל +רג,,,ר.שמאי מנגל ברזל +רג,יחידה,0.00,יחידה,false,,24.90,0.0000,true,1,204276
7290017470399,false,ר.שמאי מכסים למגשי א,,,ר.שמאי מכסים למגשי א,יחידה,0.00,יחידה,false,,14.90,0.0000,true,1,204266
7290017470405,false,"מכסה למגש R2-90 ארוז =35= יח' (מ.מ) כשל""פ עד""ח ר. שמאי",,,ר.שמאי מכסים למגשי א,יחידה,0.00,יחידה,false,,14.90,0.0000,true,1,204267
7290017470498,false,קערה קלאסיק קרם/לבן/,,,שמאי - שלישיית קערת,יחידה,0.00,יחידה,false,,12.90,0.0000,true,1,199067
7290017470542,false,שקיות להכנת קוביות קרח אריזת 12יח',,,ר.שמאי שקיות להכנת ק,יחידה,0.00,יחידה,false,,4.90,0.0000,true,1,190104
7290017470566,false,מגבונים בדלי לניקוי כללי 400 יחידות,,,שמאי - מגבונים =בדלי,יחידה,0.00,יחידה,false,,19.90,0.0000,true,1,190105
7290017470702,false,ר.שמאי מגש מחולק עגו,,,ר.שמאי מגש מחולק עגו,יחידה,0.00,יחידה,false,,13.90,0.0000,true,1,190110
7290017513485,false,מחית עגבניות רוסטיקה בלה איטליה 680 ג',היצרן: ס.פ. פודנצנו,IT,מחית עגבניות רוסטיקה,גרמים,680.00,100 גרם,false,,13.90,0.0204,true,1,201641
7290017513775,false,פליפז-בייגלה מצופה שוקולד חלב 140 גרם,שוורצקוף& הנקל דיסלד,TR,פליפז בייגלה מצופה ש,גרמים,140.00,100 גרם,false,,8.90,0.0636,true,1,202836
7290017513782,false,פליפז-בייגלה מצופה שוקולד מריר 140 גרם,שוורצקוף& הנקל דיסלד,TR,פליפז בייגלה מצופה ש,גרמים,140.00,100 גרם,false,,8.90,0.0636,true,1,202837
7290017589565,false,"ברקן, גוורצטרמינר לבן חצי יבש 750 מל",יקבי ברקן שיווק והפצ,IL,קלאסיק גוורצטרמינר,מיליליטרים,750.00,"100 מ""ל",false,,31.90,0.0425,true,1,193624
7290017589633,false,"רזרב גולד אדישיין קברנה סוביניון 750 מ""ל",יקבי ברקן Barkan,IL,רזרב קברנה סוביניון,מיליליטרים,750.00,"100 מ""ל",false,,44.90,0.0599,true,1,193674
7290017593036,false,תירס החוף,חקלאי,IL,תירס החוף,קילוגרמים,1.00,"ק""ג",true,,9.90,9.9000,true,1,257226
7290017599250,false,סוכרזית קלאסי 120 שקיות,ביסקול בעמ,IL,סוכרזית קלסי 120 שקי,גרמים,100.00,100 גרם,false,,19.90,0.1990,true,1,262022
7290017599267,false,סוכרלוז 120 שקיות ממתיק שולחני,סוכרזית Sucrazit,IL,סוכריות סוכרלוז 120,גרמים,100.00,100 גרם,false,,29.90,0.2990,true,1,262019
7290017599274,false,סוכרזית סטיוויה 120 שקיות,ביסקול בעמ,IL,סוכרזית סטיוויה 120,גרמים,120.00,100 גרם,false,,39.90,0.3325,true,1,262023
7290017617046,false,נתחי טונה בשמן זית כתית מעולה רביעיה * 140 ג',סטארקיסט,TR,רביעיית טונה ס.קיסט,יחידה,0.00,יחידה,false,,29.90,0.0000,true,1,202214
7290017617084,false,סטארקיסט מיקס טוגו טונה עם שעועית 185 גרם,דרדנל אוננטאס גידה,TR,סטארקיסט מיקס טוגו ט,גרמים,185.00,100 גרם,false,,14.90,0.0805,true,1,234838
7290017617107,false,סטארקיסט מיקס טוגו טונה עם 4 דגנים 185 גרם,"איטיליאן פוד, אס.פי.",TR,סטארקיסט מיקס טוגו ט,גרמים,185.00,100 גרם,false,,14.90,0.0805,true,1,234840
7290017617138,false,טונה בשמן קנולה דל נתרן סטארקיסט 4*160 ג',"סטארקיסט פודור בע""מ",TH,סטארקיסט טונה דל נתר,גרמים,160.00,100 גרם,false,,29.90,0.1869,true,1,220390
7290017617411,false,מיקס סלמון עם אורז מלא וירקות 160 ג' סטארקיסט,גראאל אס איי,PL,סטארקיסט מיקס סלמון,יחידה,0.00,יחידה,false,,14.90,0.0000,true,1,259352
7290017617428,false,מיקס סלמון עם פסטה ברוטב עגבניות 160 ג' סטארקיסט,סטארקיסט,PL,סטארקיסט מיקס סלמון,יחידה,0.00,יחידה,false,,14.90,0.0000,true,1,259353
7290017619293,false,מטהר גומא אפור זהב מ,,,גומא אפור זהב,יחידה,0.00,יחידה,false,,24.90,0.0000,true,1,205370
7290017619316,false,גומא אפור גבוה מוסקו מקלות,מוסקו,,גומא אפור גבוה,יחידה,0.00,יחידה,false,,24.90,0.0000,true,1,205372
7290017641096,false,"שוקולד פרימיום 70% לל""ס 100גרם בדצ *12יח*2 בדיס",כרמית תעשיות ממתקים,IL,שוקולד פרימיום אגו 7,גרמים,100.00,100 גרם,false,,8.90,0.0890,true,1,195702
7290017641102,false,שוקולד פרימיום 70% ללא סוכר בטעם תפוז 100 גרם,כרמית תעשיות ממתקים,IL,שוקולד פרימיום אגו ת,גרמים,100.00,100 גרם,false,,8.90,0.0890,true,1,195703
7290017641188,false,קרקר עם שיפון מלא וסלק 130 גר,דנוויטה ג'יי. אס. סי,LT,חטיף קרקר עם שיפון מ,גרמים,130.00,100 גרם,false,,6.90,0.0531,true,1,195693
7290017641195,false,קרקר עם שיפון מלא וגזר 130 גר,תות תעשיות מזון (201,LT,חטיף קרקר עם שיפון מ,גרמים,130.00,100 גרם,false,,6.90,0.0531,true,1,195694
7290017647425,false,יין גמלא קברנה סוביניון 2019 750 מל,יקבי רמת הגולן,IL,יין גמלא קברנה סובינ,יחידה,0.00,יחידה,false,,74.90,0.0000,true,1,214302
7290017662855,false,כבל טייפ סי 2 מטר,,,כבל טייפ סי 2 מטר,יחידה,0.00,יחידה,false,,34.90,0.0000,true,1,241432
7290017662978,false,דרגו-כבל טייפ סי 1 מ,,,דרגו-כבל טייפ סי 1 מ,יחידה,0.00,יחידה,false,,24.90,0.0000,true,1,241485
7290017662992,false,מטען מיקרו מהיר,,,מטען מיקרו מהיר,יחידה,0.00,יחידה,false,,56.90,0.0000,true,1,241362
7290017663005,false,מטען מהיר 25W,,,מטען מהיר 25W,יחידה,0.00,יחידה,false,,99.90,0.0000,true,1,241364
7290017675008,false,"טחינה גולמית 1 ק""ג שכם היונה",היונה,IL,טחינה היונה 900 גרם,גרמים,900.00,100 גרם,false,,24.90,0.0277,true,1,184807
7290017675015,false,טחינת היונה המקורית,,IL,טחינה היונה 450 גרם,גרמים,450.00,100 גרם,false,,12.90,0.0287,true,1,184808
7290017677804,false,"רוטב סויה קיקומן ללא חומרים משמרים 444 מ""ל",קיקומן פודז אינק,US,"רוטב סויה 444 מ""ל",מיליליטרים,444.00,"100 מ""ל",false,,19.90,0.0448,true,1,243562
7290017682570,false,שיפוד עובי 5 אורך 25,,,שיפוד עובי 5 אורך 25,יחידה,50.00,יחידה,false,,3.90,0.0780,true,1,210216
7290017682594,false,"שיפוד יקיטורי 18ס""מ 100 יח'",,,"שיפוד יקיטורי 18 ס""מ",יחידה,0.00,יחידה,false,,9.00,0.0000,true,1,210218
7290017682617,false,"מגב 40 ס""מ עם תפס להצמדה סחבה",,CN,מגב קלינג CLING עם ת,יחידה,0.00,יחידה,false,,16.90,0.0000,true,1,202185
7290017682624,false,"מגב קלינג עם תפסן 50 ס""מ",,CN,מגב קלינג CLING עם ת,יחידה,0.00,יחידה,false,,18.90,0.0000,true,1,202186
7290017682655,false,מגב חד להב עם תופסן,,,PVC ONE חד להב עם תו,יחידה,0.00,יחידה,false,,19.90,0.0000,true,1,224984
7290017696393,false,בורגר פטריות מן הצומח 520 גר,מרינה פטריות,IL,המבורגר פטריות,יחידה,0.00,יחידה,false,,35.90,0.0000,true,1,219975
7290017736006,false,מגבת הפלא לניקוי כלל,,,אסותא מגבת הפלא לניק,גרמים,800.00,100 גרם,false,,12.90,0.0161,true,1,189566
7290017746135,false,מארז 10 פיתות ביס כוסמין,מאפיית דוידוביץ ובני,IL,פיתה ביס כוסמין 50,יחידה,0.00,יחידה,false,,13.90,0.0000,true,1,266206
7290017746197,false,מארז 6 לחמניות המבור,,IL,המבורגר '5 100 גרם,יחידה,0.00,יחידה,false,,19.90,0.0000,true,1,266348
7290017812588,false,יין תירוש לבן 100%ה טבעי 1 ליטר,יקבי כרמל Carmel Winery,IL,תירוש לבן 1 ליטר,ליטרים,1.00,ליטר,false,,19.90,19.9000,true,1,268072
7290017812977,false,"יין מבעבע באזז אננס יקבי כרמל 750 מ""",כרמל מזרחי,IL,"באז אננס 750 מ""ל",מיליליטרים,750.00,"100 מ""ל",false,,24.90,0.0332,true,1,267072
7290017871363,false,פמילי יהלום- פמלי סבון ידיים מועשר בשמן מקדמיה לניקוי וטיפוח עור הידיים,המאפיה של הרמן,TR,פמילי יהלום סבון ידי,יחידה,0.00,יחידה,false,,9.90,0.0000,true,1,208523
7290017871431,false,טוסו חטיף תמרים אגוזי לוז וחמוציות ללא גלוטן וללא תוספת סוכר,תות תעשיות מזון,IL,טוסו חטיף תמרים אגוז,יחידה,0.00,יחידה,false,,16.90,0.0000,true,1,200822
7290017871462,false,טוסו חטיף פצפוצי אורז מצופה שוקולד מריר ללא תוספת סוכר,תות תעשיות מזון,IL,טוסו חטיף פצפוצי אור,יחידה,0.00,יחידה,false,,16.90,0.0000,true,1,200825
7290017871554,false,טוסו חטיף תמרים ושברי קקאו ללא גלוטן וללא תוספת סוכר,תות תעשיות מזון,IL,טוסו חטיף תמרים ושבר,יחידה,0.00,יחידה,false,,16.90,0.0000,true,1,200826
7290017871950,false,פרשוואנס נייר טואלט לח מתכלה בניחוח לוונדר מארז שלישייה,פרש-וואנס,IL,פרשוואנס נייר טואלט,יחידה,0.00,יחידה,false,,14.90,0.0000,true,1,224416
7290017872001,false,"קרם החתלה פרשוואנס שמן זית ופרופוליס 100 סמ""ק",דנשר,IL,קרם החתלה פרשוואנס ל,יחידה,0.00,יחידה,false,,12.90,0.0000,true,1,208906
7290017872018,false,"קרם החתלה פרשוואנס קמומיל וקלנדולה 100 סמ""ק",דנשר,IL,קרם החתלה פרשוואנס ל,יחידה,0.00,יחידה,false,,12.90,0.0000,true,1,208907
7290017872056,false,פמלי אל סבון 3*1 הסדרה הלבנה-מעורב 500 גרם*3,אברנסל קוסמטיקס,TR,פמלי אל סבון 3*1 סדר,יחידה,3.00,יחידה,false,,15.90,5.3000,true,1,211981
7290017872063,false,פמלי אל סבון 3*1 ארומטרפי-מעורב 500 גרם*3,אברנסל קוסמטיקס,TR,פמלי אל סבון ארומתרפ,יחידה,3.00,יחידה,false,,15.90,5.3000,true,1,211982
7290017872162,false,טוסו - עוגיות אגוזי לוז ללא סוכר 200 גרם,היינץ צפון אמריקה מק,IL,טוסו עוגיות אגוזי לו,גרמים,200.00,100 גרם,false,,19.90,0.0995,true,1,211654
7290017872186,false,טוסו - עוגיות פקאן ללא סוכר 200 גרם,היינץ צפון אמריקה מק,IL,טוסו עוגיות פקאן 200,גרמים,200.00,100 גרם,false,,19.90,0.0995,true,1,211656
7290017872223,false,"גל חיטוי ידיים פמלי 200 מ""ל",,TR,פמילי ג'ל לחיטוי ידי,יחידה,0.00,יחידה,false,,4.90,0.0000,true,1,208516
7290017872650,false,"פמלי יהלום-סבון ידיים 500מ""ל עם שמן לבנדר",המאפיה של הרמן,TR,יהלום סבון ידיים מעו,יחידה,0.00,יחידה,false,,9.90,0.0000,true,1,218689
7290017872667,false,"סבון ידיים פמלי יהלום שמן קמומיל 500 מ""ל",המאפיה של הרמן,TR,יהלום סבון ידיים מעו,יחידה,0.00,יחידה,false,,9.90,0.0000,true,1,218690
7290017872896,false,שקיות אשפה לארג גליל,גלילונית,,גלילונית שקיות אשפה,יחידה,0.00,יחידה,false,,22.90,0.0000,true,1,242913
7290017872940,false,מגע הדבש רצועות שעווה לפנים 20+5 מגבוני,ש.שוורץ,,מגע הדבש רצעות שעווה,יחידה,0.00,יחידה,false,,29.90,0.0000,true,1,239212
7290017888019,false,"משקה תפוח רימון סלק גינגיר פרות &ווג 350 מ""ל",מיוצר עי קונדיטוריית,IL,פרוט & ווג' תפוח רימ,מיליליטרים,350.00,"100 מ""ל",false,,7.00,0.0200,true,1,195348
7290017888026,false,"משקה אננס תפוח גזר פרות & ווג 350 מ""ל",פרוט אנד וג' Fruit & Veg,IL,פרוט & ווג' אננס תפו,מיליליטרים,350.00,"100 מ""ל",false,,7.00,0.0200,true,1,195352
7290017888033,false,"משקה בננה מלון נענע פרות &ווג 350 מ""ל",פרוט אנד וג' Fruit & Veg,IL,פרוט & ווג' בננה מלו,מיליליטרים,350.00,"100 מ""ל",false,,7.00,0.0200,true,1,195353
7290017888071,false,"שוופס מוגז עדין פירות יער 330 מ""ל פחית",,IL,שוופס מוגז פרות יער,מיליליטרים,330.00,"100 מ""ל",false,,7.00,0.0212,true,1,267297
7290017888095,false,"רביעיית פחיות שוופס מוגז עדין פירות יער 330 מ""ל.",יפאורה תבורי,IL,רביעיית פחיות שוופס,יחידה,4.00,יחידה,false,,13.90,3.4750,true,1,225705
7290017888101,false,"שוויפס מוגז עדין אפרסק מארז רביעייה* 330 מ""ל",יפאורה תבורי,IL,רביעיית פחיות שוופס,יחידה,4.00,יחידה,false,,13.90,3.4750,true,1,227523
7290017888125,false,שוופס מוגז עדין בטעם,,,שוופס מוגז עדין בטעם,מיליליטרים,330.00,"100 מ""ל",false,,6.00,0.0182,true,1,196512
7290017888347,false,מים מינרליים בקבוק ס,"מי עדן בע""מ",IL,מי עדן ספורט בקבוק ב,מיליליטרים,500.00,"100 מ""ל",false,,5.00,0.0100,true,1,207590
7290017888354,false,מים מינרליים בקבוק ס,"מי עדן בע""מ",IL,"מי עדן 750 מ""ל",מיליליטרים,750.00,"100 מ""ל",false,,5.00,0.0067,true,1,242377
7290017888361,false,"מי עדן בייבי 250 מ""ל","מי עדן בע""מ",,"מי עדן בייבי 250 מ""ל",מיליליטרים,250.00,"100 מ""ל",false,,3.90,0.0156,true,1,241526
7290017888644,false,"משקה אננס בננה כורכום פרות & ווג 350 מ""ל",פרוט אנד וג' Fruit & Veg,IL,פרוט & ווג' כורכום א,מיליליטרים,350.00,"100 מ""ל",false,,7.00,0.0200,true,1,208438
7290017888729,false,שוופס סודה בקבוק 1 ל',"יפאורה תבורי בע""מ",IL,שוופס סודה 1 ליטר,ליטרים,1.00,ליטר,false,,3.90,3.9000,true,1,209224
7290017913094,false,אסותא נוזל רצפות סגו,,,אסותא נוזל לרצפות סג,ליטרים,4.00,ליטר,false,,14.90,3.7250,true,1,193727
7290017913124,false,אסותא אבקת כביסה 8 ק,,,אסותא אבקת כביסה 8 ק,יחידה,0.00,יחידה,false,,49.90,0.0000,true,1,195213
7290017913131,false,אסותא מרכך לכביסה שח,טרופיקל דגיל,IL,אסותא מרכך כביסה 4 ל,ליטרים,4.00,ליטר,false,,14.90,3.7250,true,1,193731
7290017913148,false,אסותא מרכך כביסה סגו,טרופיקל דגיל,IL,אסותא מרכך כביסה 4 ל,ליטרים,4.00,ליטר,false,,14.90,3.7250,true,1,193732
7290017913155,false,אסותא מרכך כביסה לבן,טרופיקל דגיל,IL,אסותא מרכך כביסה 4 ל,ליטרים,4.00,ליטר,false,,14.90,3.7250,true,1,193733
7290017913162,false,אסותא מרכך כביסה כחו,טרופיקל דגיל,IL,אסותא מרכך כביסה 4 ל,ליטרים,4.00,ליטר,false,,14.90,3.7250,true,1,193734
7290017913179,false,אסותא מרכך כביסה ורו,טרופיקל דגיל,IL,אסותא מרכך כביסה 4 ל,ליטרים,4.00,ליטר,false,,14.90,3.7250,true,1,193735
7290017913490,false,סבון מוצק ורדים אסות,,,אסותא סבון מוצק *4 ו,יחידה,0.00,יחידה,false,,10.90,0.0000,true,1,220431
7290017913513,false,סבון מוצק שחור אסותא,,,אסותא סבון מוצק *4 ש,יחידה,0.00,יחידה,false,,10.90,0.0000,true,1,220432
7290017913520,false,סבון מוצק לבנדר אסות,,,אסותא סבון מוצק *4 ל,יחידה,0.00,יחידה,false,,10.90,0.0000,true,1,220433
7290017913995,false,הום נוזל רצפות 2 ליט,,,הום נוזל רצפות 2 ליט,ליטרים,2.00,ליטר,false,,12.90,6.4500,true,1,266981
7290017917283,false,"מגבוני קמיל בלו ד""ר פישר ללא בישום רביעי",פישר תעשיות,IL,רביעיית מגבוני קמיל,יחידה,0.00,יחידה,false,,19.90,0.0000,true,1,202534
7290017917382,false,אל סבון היגייני לניקוי יסודי ולהרגע העור clean & calm,"ד""ר פישר Dr fischer",IL,קמיל אל סבון נוזלי ל,ליטרים,1.00,ליטר,false,,16.90,16.9000,true,1,198013
7290017917450,false,קמיל בלו סנסיטיב אל סבון ושמפו לתינוק קמומיל ואלוורה,"ד""ר פישר Dr fischer",IL,קמיל בלו סנסיטיב אל,ליטרים,1.00,ליטר,false,,34.90,34.9000,true,1,198014
7290017917467,false,קמיל בלו סנסטי בשיבולת שועל אל סבון טיפולי לתינוק,"ד""ר פישר Dr fischer",IL,קמיל בלו אל סבון שיב,ליטרים,1.00,ליטר,false,,34.90,34.9000,true,1,198015
7290017917542,false,"ד""ר פישר שמפו בלונד ללא תוספת מלחים 400 מ""ל",מדי פישר,IL,"ד""ר פישר שמפו בלונד",יחידה,0.00,יחידה,false,,39.90,0.0000,true,1,202953
7290017917634,false,קמיל בלו סנס.שמפו ללא דמעות 750 מל א.זוג,פישר תעשיות,IL,שרינק זוג ק.ב.ס אל ד,יחידה,0.00,יחידה,false,,29.90,0.0000,true,1,254895
7290017917665,false,קמיל בלו סנסיטיב אל סבון עדין לתינוק,פישר תעשיות,IL,ק.ב.סנסיטיב אל סבון,יחידה,0.00,יחידה,false,,29.90,0.0000,true,1,204024
7290017917757,false,"ד""ר פישר EFFECTIVE CARE קרם גוף בשמן כותנה 450 מ""ל",פישר תעשיות,IL,קרם גוף מעושר בשמן כ,יחידה,0.00,יחידה,false,,24.90,0.0000,true,1,211689
7290017928012,false,בייגלה גדול מלח מאיר בייגל 250 גרם,,IL,בייגלה גדול מלח 250,גרמים,250.00,100 גרם,false,,5.90,0.0236,true,1,224159
7290017928043,false,מאיר בייגל גריסיני קראנץ' מלח 175 ג',מאיר את בייגל,IL,מאיר בייגל גריסיני ק,גרמים,175.00,100 גרם,false,,11.90,0.0680,true,1,202228
7290017928074,false,בייגלה שטוחלה מלח מאיר בייגל 250 גרם,,IL,בייגלה שטוחלה מלח 25,גרמים,250.00,100 גרם,false,,5.90,0.0236,true,1,224164
7290017928432,false,מאיר בייגל מקלות גריסיני קראנץ פרג 175גר,מאיר את בייגל,IL,מאיר בייגל גריסיני ק,גרמים,175.00,100 גרם,false,,11.90,0.0680,true,1,202231
7290017928463,false,מאיר בייגל -סמאש-שבורים בטעם דבש חרדל ובצל 300 גרם,מאיר בייגל,BG,סמאש- שבורים בטעם דב,גרמים,300.00,100 גרם,false,,13.90,0.0463,true,1,224130
7290017928609,false,בייגלה טבעות עם שומשום 300גרם- .חדש,מאיר את בייגל,IL,מאיר בייגל טבעות שומ,גרמים,300.00,100 גרם,false,,11.90,0.0397,true,1,202221
7290017928616,false,מאיר בייגל שטוחהלה שומשום 300 גר',מאיר את בייגל,IL,מאיר בייגל שטוחלה שו,גרמים,300.00,100 גרם,false,,11.90,0.0397,true,1,202222
7290017928630,false,"גריסיני קראנץ' פינוקים שומשום, קצח, שום ובצל",מאיר את בייגל,IL,מאיר בייגל גריסיני ק,גרמים,175.00,100 גרם,false,,11.90,0.0680,true,1,202232
7290017928807,false,בייגלה אצבעות עם שומשום 300גרם - חדש,מאיר את בייגל,IL,מאיר בייגל אצבעות שו,גרמים,300.00,100 גרם,false,,11.90,0.0397,true,1,202224
7290017928821,false,מאיר בייגל מקלות גריסיני קלאסי 200 גרם,מאיר את בייגל,IL,מאיר בייגל מקלות גרי,גרמים,200.00,100 גרם,false,,11.90,0.0595,true,1,202233
7290017946368,false,סוד סבון 4 כדוריות לאסלה אוקיינוס 3*50 ג,הנקל סוד,RS,סוד כדריות לאסלה P.A,יחידה,0.00,יחידה,false,,14.90,0.0000,true,1,251045
7290017947105,false,לחם בסגנון אמריקה 500 גרם,מאפיית שלמה א. אנג'ל,IL,לחם אמריקה,יחידה,0.00,יחידה,false,,14.90,0.0000,true,1,206491
7290017947495,false,לחמניות כוסמין 450 ג' אנג'ל,"איטיליאן פוד, אס.פי.",IL,לחמניות כוסמין שישיי,יחידה,0.00,יחידה,false,,15.90,0.0000,true,1,219552
7290017947891,false,לחם כוסמין וחיטה מלאה 750 ג' אנג'ל,מאפיית שלמה א. אנג'ל,IL,לחם כוסמין וחיטה מלא,יחידה,0.00,יחידה,false,,16.90,0.0000,true,1,206492
7290017947921,false,לחמניות המבורגר בסגנון אמריקאי מארז 6 יח',מאפיית שלמה א. אנג'ל,IL,6 המבורגר בשקית,יחידה,0.00,יחידה,false,,14.90,0.0000,true,1,206493
7290017969145,false,מפה נצמדת עם גומי 180X75,,,שמאי - מפה נצמדת עם,יחידה,0.00,יחידה,false,,15.90,0.0000,true,1,233947
7290017969169,false,"צלחות ענק 10=מתכלות=20 יח' קנה סוכר עד""ח",,,שמאי - צלחות ענק מתכ,יחידה,0.00,יחידה,false,,17.90,0.0000,true,1,201765
7290017969176,false,"צלחות גדול 9=מתכלות=20 יח' קנה סוכר עד""ח",,,ר.שמאי צלחות גדולות,יחידה,0.00,יחידה,false,,11.90,0.0000,true,1,199043
7290017969190,false,"מרקיות 7=מתכלות=20 יח' קנה סוכר עד""ח",,CN,ר.שמאי מרקיות 7 מתכל,יחידה,0.00,יחידה,false,,9.90,0.0000,true,1,199045
7290017969305,false,"שיפודים במבוק עבים במיוחד 25ס""מ 4 מ""מ 80 יח'",,,שמאי שיפודים במבוק,יחידה,0.00,יחידה,false,,2.90,0.0000,true,1,238451
7290017969633,false,צלחות גדולות מתאים לשימוש במיקרוגל,,,ר.שמאי צלחות גדולות,יחידה,0.00,יחידה,false,,39.90,0.0000,true,1,204277
7290017969817,false,"כוס לונג 300 מ""ל קשיח ח""פ 10 יח'",,,כוסות לונג קשיחות אר,יחידה,0.00,יחידה,false,,8.90,0.0000,true,1,204273
7290017969862,false,שישיית נייר מגבת סופטנס ר.שמאי,,,סופטנס נייר מגבת שיש,יחידה,0.00,יחידה,false,,11.90,0.0000,true,1,231216
7290017969879,false,נייר אפיה XL רחב במיוחד 30 יח',,,שמאי- נייר אפיה XL 3,יחידה,0.00,יחידה,false,,7.90,0.0000,true,1,223422
7290017969930,false,צלחות ענקיות זהב דגם רויאל 12 יח',,IL,שמאי - צלחות ענק 'רו,יחידה,0.00,יחידה,false,,13.90,0.0000,true,1,212254
7290017969978,false,כוס מרוקאית צבעונית 40 יח',,,שמאי כוסות מרוקאיות,יחידה,0.00,יחידה,false,,9.90,0.0000,true,1,236643
7290017974057,false,"בלינצס תפו""א מצופה 450 גר",,IL,"בלינצ'ס תפו""א מצופה",מיליליטרים,450.00,"100 מ""ל",false,,21.90,0.0487,true,1,259361
7290017974255,false,קרפלך גבינה מתוקה 600 גרם,,IL,קרפלך גבינה מתוקה 60,גרמים,600.00,100 גרם,false,,29.90,0.0498,true,1,259363
7290017974583,false,רביולי בטטה פרווה 450 גר',,IL,רביולי בטטה 450 גר',גרמים,450.00,100 גרם,false,,24.90,0.0553,true,1,259364
7290017974873,false,כיסונים למרק במילוי בשר הודו 750 גרם,,IL,כיסונים למרק במילוי,מיליליטרים,750.00,"100 מ""ל",false,,29.90,0.0399,true,1,259362
7290017974927,false,"בלינצ'ס תפו""א ופטריות 400 גר'",,IL,"בלינצ'ס תפו""א ופטריו",מיליליטרים,400.00,"100 מ""ל",false,,21.90,0.0547,true,1,259357
7290017978215,false,קרמבו ריאו בטעם מוקה 16יח',"גלידות ריאו ביח""ר לג",IL,קרמבו מוקה 16 יח' מו,יחידה,0.00,יחידה,false,,22.90,0.0000,true,1,215300
7290017978833,false,"ריאו גלידונית חלבית ""שוקולידה"" 32יח","גלידות ריאו ביח""ר לג",IL,שוקולידה חלבי 32 יח,יחידה,0.00,יחידה,false,,34.90,0.0000,true,1,240932
7290018043189,false,פראוד - חטיף חלבון בטעם קשיו קרמל 60 גרם,מרס נדרלנד,NL,פראוד חטיף חלבון בטע,יחידה,0.00,יחידה,false,,13.90,0.0000,true,1,242847
7290018043196,false,פראוד - חטיף חלבון בטעם שוקולד לבן עוגיות 60 גרם,הרת'סייד פוד סולושיי,NL,פראוד חטיף חלבון בטע,יחידה,0.00,יחידה,false,,13.90,0.0000,true,1,242848
7290018045084,false,דגנים במילוי קרם בטעם בראוניז 480 ג' BON & BON,monday,DE,דגנים BON&BON דגנים,גרמים,480.00,100 גרם,false,,22.90,0.0477,true,1,248201
7290018045497,false,בון בון דגנים במילוי קרם שוקולד 480 גרם,monday,DE,דגנים BON&BON דגנים,גרמים,480.00,100 גרם,false,,22.90,0.0477,true,1,248202
7290018045695,false,דגנים במילוי קרם קרמל מלוח 480 ג' BON & BON,monday,DE,דגנים BON&BON דגנים,גרמים,480.00,100 גרם,false,,22.90,0.0477,true,1,248203
7290018045893,false,בון בון דגנים במילוי קרם נוגט 480 גרם,monday,DE,דגנים BON&BON דגנים,גרמים,480.00,100 גרם,false,,22.90,0.0477,true,1,248200
7290018071069,false,משטחי החתלה מרופדים,,,משטחי החתלה מרופדים,יחידה,0.00,יחידה,false,,19.90,0.0000,true,1,213795
7290018071205,false,כפפות ניטרו כחולות אלסטיות S 100יח',סייף טאצ,CN,איזי טאץ' כפפות ניטר,יחידה,0.00,יחידה,false,,22.90,0.0000,true,1,236148
7290018071229,false,כפפות ניטרו כחולות אלסטיות L ללא אבקה 100יח',סייף טאצ,CN,איזי טאץ ' כפפות ניט,יחידה,0.00,יחידה,false,,22.90,0.0000,true,1,236151
7290018071571,false,פדים אובליים להסרת איפור 40 יח',,TR,פדים אובליים להסרת א,יחידה,40.00,יחידה,false,,7.90,0.1975,true,1,265219
7290018091029,false,מקלות פילו תפוחי אדמה מעדנות 450 ג',תנובה מעדנות,IL,מקלות פילו תפוחי אדמ,גרמים,450.00,100 גרם,false,,19.90,0.0442,true,1,212137
7290018091074,false,בצק עוגיות שוקולד ציפס מעדנות 300 גרם,תנובה מעדנות,IL,בצק עוגיות שוקולד צ',גרמים,300.00,100 גרם,false,,16.90,0.0563,true,1,262337
7290018091234,false,פיצה מקסיקנית מעדנות 260 ג',תנובה מעדנות,IL,פיצה מקסיקנית 260 גר,גרמים,260.00,100 גרם,false,,13.90,0.0535,true,1,217715
7290018091272,false,בצק עוגיות קקאו טריפל שוקולד ציפס מעדנו,תנובה מעדנות,IL,בצק עוגיות קקאו טריפ,גרמים,300.00,100 גרם,false,,16.90,0.0563,true,1,262338
7290018091616,false,מקלות פילו גבינה מעדנות 450 ג',מיוצר עי קונדיטוריית,IL,מקלות פילו גבינה 450,גרמים,450.00,100 גרם,false,,19.90,0.0442,true,1,212139
7290018091661,false,פיצה ירקות שוק מעדנות 330 גרם,"מעדנות בע""מ",IL,פיצה שוק 380 גרם,גרמים,380.00,100 גרם,false,,19.90,0.0524,true,1,245196
7290018091821,false,פיצה נפוליטנה עם 100% מוצרלה,תנובה מעדנות,IL,פיצה נפוליטנה 200 גר,גרמים,200.00,100 גרם,false,,13.90,0.0695,true,1,217716
7290018098349,false,תערובת פירות יער ואסאי מוקפאים 300 ג' פרי שייק,,IL,פרישייק בריאות פירו,גרמים,300.00,100 גרם,false,,14.90,0.0497,true,1,269152
7290018098561,false,"תערובת תות, בננה, תמר ואסאי מוקפאים 300 ג' פרי שייק",,IL,פרישייק בריאות תות ב,גרמים,300.00,100 גרם,false,,14.90,0.0497,true,1,269150
7290018131534,false,מאגדת מיני בייטס מילקה 201 גרם,שוורצקוף& הנקל דיסלד,PL,מאגדת מיני בייטס מיל,יחידה,0.00,יחידה,false,,19.90,0.0000,true,1,231263
7290018131831,false,נסטלה מאגדת שלגון מילקה וניל חדש8 4*66ג,שוורצקוף& הנקל דיסלד,PL,מאגדת שלגון מילקה ונ,יחידה,0.00,יחידה,false,,31.90,0.0000,true,1,229697
7290018131954,false,לה פרוטה מאגדת תות שוקולד כלפ8 5*72ג,נסטלה גלידות,IL,לה פרוטה מאגדת שוקול,יחידה,0.00,יחידה,false,,27.90,0.0000,true,1,231248
7290018156124,false,"אל סבון קמיל צבעוני ד""ר פישר שלישיה* 500 מ""ל",פישר תעשיות,IL,אל סבון קמיל שלישייה,יחידה,0.00,יחידה,false,,19.90,0.0000,true,1,202535
7290018165027,false,"יין רזרב גולד רוזה 750 מ""ל ברקן",יקבי ברקן שיווק והפצ,IL,רזרב גולד רוזה 750 מ,מיליליטרים,750.00,"100 מ""ל",false,,44.90,0.0599,true,1,204968
7290018183793,false,LA BELLE GOLD SPAספו,,,LA BELLE GOLD SPAספו,יחידה,0.00,יחידה,false,,7.90,0.0000,true,1,217701
7290018183809,false,LA BELLE GOLD SPAספו,,,LA BELLE GOLD SPAספו,יחידה,0.00,יחידה,false,,7.90,0.0000,true,1,217702
7290018183816,false,LA BELLE GOLD SPAספו,,,LA BELLE GOLD SPAספו,יחידה,0.00,יחידה,false,,7.90,0.0000,true,1,217703
7290018183823,false,LA BELLE GOLD SPAספו,,,LA BELLE GOLD SPAספו,יחידה,0.00,יחידה,false,,9.90,0.0000,true,1,217704
7290018192023,false,מקלות סלרי ארוז יח',"מרינה פטריות הגליל בע""מ",IL,גבעולי סלרי טריים,יחידה,0.00,יחידה,false,,6.90,0.0000,true,1,221535
7290018192658,false,מארז זוג פטריות פורטובלה ושמפיניון מרינה,"מרינה פטריות הגליל בע""מ",IL,צמד חמד איטלקי,יחידה,0.00,יחידה,false,,15.90,0.0000,true,1,219973
7290018194102,false,עארק טעם אשכולית אדו,,,גבלנה -ערק בטעמים-אש,מיליליטרים,700.00,"100 מ""ל",false,,49.90,0.0713,true,1,241611
7290018194256,false,"ערק ג'בלנא 16% בטעם לימון 700 מ""ל-בודד",,,גבלנה ערק בטעם לימון,מיליליטרים,700.00,"100 מ""ל",false,,49.90,0.0713,true,1,241610
7290018194454,false,ערק סאפי לימונארק 7,סאן אויל,IL,"לימונארק 700 מ""ל",מיליליטרים,700.00,"100 מ""ל",false,,49.90,0.0713,true,1,217243
7290018198056,false,תפוגן קוביות תפוחי אדמה 9*1.5קג,עיצובים 2020 (4.5),,תפוגן קוביות תפוחי א,קילוגרמים,1.50,"ק""ג",false,,24.90,16.6000,true,1,209225
7290018198148,false,"תפוגן קריספי צ'יפס קלאסי 1.25 ק""ג",עיצובים 2020 (4.5),IL,תפוגן קריספי צ'יפס ק,קילוגרמים,1.25,"ק""ג",false,,24.90,19.9200,true,1,235534
7290018198254,false,"תפוגן קריספי צ'יפס פוטטוס 1.25 ק""ג",עיצובים 2020 (4.5),IL,תפוגן קריספי צ'יפס פ,קילוגרמים,1.25,"ק""ג",false,,24.90,19.9200,true,1,235545
7290018204023,false,מגש לאירוח קשיח קרם,,,ר.שמאי - מגש תחרה מל,יחידה,0.00,יחידה,false,,6.90,0.0000,true,1,216145
7290018204108,false,כוסות שתיה חמה 16 אוז 25 יח'',,,כוסות קרטון ענק 25 י,יחידה,0.00,יחידה,false,,14.90,0.0000,true,1,216132
7290018204160,false,צלחות גדולות עבות במיוחד מתאים למיקרוגל,,,ר. שמאי צלחות גדול צ,יחידה,0.00,יחידה,false,,39.90,0.0000,true,1,212253
7290018204283,false,כוסות יהלום צבעוני 40 יח',,,כוסות יהלום 40 יח',יחידה,0.00,יחידה,false,,9.90,0.0000,true,1,216141
7290018204368,false,קינוחיות רוטב שקופה 10 יח',,,שמאי - קינוחית רוטב,יחידה,0.00,יחידה,false,,13.90,0.0000,true,1,216131
7290018204405,false,תבניות אינגליש קייק מוצמדות נייר אפיה 4 יח',,,שמאי תבניות אינגליש,יחידה,0.00,יחידה,false,,11.90,0.0000,true,1,262649
7290018204481,false,מפה פלנל בגליל לבן מודפס 1.2X20,,IL,שמאי - מפה פלנל בגלי,יחידה,0.00,יחידה,false,,39.90,0.0000,true,1,223413
7290018204504,false,מפה פלנל חתוך לבן מודפס 2.74*1.37,,IL,שמאי -מפה פלנל חתוך,יחידה,0.00,יחידה,false,,6.90,0.0000,true,1,223443
7290018204511,false,מגש לאירוח מלבני ענק 12 אינץ ר. שמאי,,,שמאי -מגש לאירוח מלב,יחידה,0.00,יחידה,false,,14.90,0.0000,true,1,223436
7290018204542,false,"שיפודים במבוק עבים במיוחד 25ס""מ 5 מ""מ 80 יח'",,,שמאי -שיפודים במבוק,יחידה,0.00,יחידה,false,,4.90,0.0000,true,1,223423
7290018204603,false,מנג'טים מעוטרים מס' 4 100 יח',,,שמאי מנג'טים לאפיה צ,יחידה,0.00,יחידה,false,,7.90,0.0000,true,1,238480
7290018204795,false,שמאי- מגשיות פרימיום,,,שמאי- מגשיות פרימיום,יחידה,0.00,יחידה,false,,14.90,0.0000,true,1,223428
7290018213100,false,שייני מגבונים לניקוי,,IL,שייני מגבונים לניקוי,מיליליטרים,400.00,"100 מ""ל",false,,19.90,0.0497,true,1,211035
7290018213186,false,שייני נייר אפיה 50 י,,,שייני נייר אפיה 50 י,יחידה,0.00,יחידה,false,,7.90,0.0000,true,1,221218
7290018213728,false,"סבון ידיים נוזלי שחור 500 מ""ל Shiny",,,סבון ידיים נוזלי שחו,יחידה,0.00,יחידה,false,,9.90,0.0000,true,1,236894
7290018219348,false,תערובת מלח ושום במטחנה 100 ג' זארובי,,,תערובת מלח ושום במטח,יחידה,0.00,יחידה,false,,12.90,0.0000,true,1,243464
7290018219379,false,תערובת תיבול מלח וצילי במטחנה 100 ג' זארובי,,,תערובת תיבול מלח וצי,יחידה,0.00,יחידה,false,,12.90,0.0000,true,1,243467
7290018219386,false,תערובת מלח שום ופלפל שחור שלם במטחנה 90 ג' זארובי,,,תערובת מלח שום ופלפל,יחידה,0.00,יחידה,false,,12.90,0.0000,true,1,243468
7290018219553,false,מארז חגיגי סוכריות גומי 900 ג' זארובי,זארובי,,מארז חגיגי סוכריות ג,גרמים,900.00,100 גרם,false,,39.90,0.0443,true,1,243470
7290018219652,false,פול גדול 600 גרם,,,פול גדול 600 גרם,יחידה,0.00,יחידה,false,,19.90,0.0000,true,1,243475
7290018219669,false,בורגול דק 800 גרם,,,בורגול דק 800 גרם,יחידה,0.00,יחידה,false,,9.90,0.0000,true,1,243476
7290018219676,false,פופקורן 800 גרם,,,פופקורן 800 גרם,יחידה,0.00,יחידה,false,,13.90,0.0000,true,1,243477
7290018219683,false,תורמוס מתוק 750 גרם,,,תורמוס מתוק 750 גרם,יחידה,0.00,יחידה,false,,13.90,0.0000,true,1,243478
7290018219690,false,עדשים אדומות 800 גרם,,,עדשים אדומות 800 גרם,יחידה,0.00,יחידה,false,,11.90,0.0000,true,1,243479
7290018219737,false,עדשים ירוקות 750 גרם,,,עדשים ירוקות 750 גרם,יחידה,0.00,יחידה,false,,11.90,0.0000,true,1,243483
7290018219904,false,חיטה 800 גרם,,,חיטה 800 גרם,יחידה,0.00,יחידה,false,,11.90,0.0000,true,1,243489
7290018225172,false,שואב אבק ציקלון *TAG,,,שואב אבק ציקלון *TAG,יחידה,0.00,יחידה,false,,199.90,0.0000,true,1,268029
7290018225219,false,קומקום זכוכית נשלף פ,,,"קומקום זכוכית נשלף """,יחידה,0.00,יחידה,false,,69.90,0.0000,true,1,240743
7290018228586,false,מפיץ ריח באמצעות מקל,,,מפיץ ריח מיוחד,יחידה,0.00,יחידה,false,,29.90,0.0000,true,1,247921
7290018236635,false,עוף טוב צ'ונגו פופקורן מצופה 600 גרם,מוצרי עוף טוב (2001),IL,עוף טוב צונגו פופקור,גרמים,600.00,100 גרם,false,,39.90,0.0665,true,1,222468
7290018237755,false,"שניצל עוף בציפוי שומשום ייעודי 1 ק""ג עוף טוב",,,עוף טוב שניצל עוף בצ,יחידה,0.00,יחידה,false,,32.90,0.0000,true,1,254118
7290018237922,false,עוף טוב שניצלונים ציפוי צ'יפס 700 גרם,עיצובים 2020 (4.9),IL,שניצלוני צ'יפס 700 ג,גרמים,700.00,100 גרם,false,,20.00,0.0286,true,1,259220
7290018237939,false,שניצלונים ציפוי שומשום עוף טוב 700 גרם,עיצובים 2020 (4.9),IL,שניצלונים שומשום 700,גרמים,700.00,100 גרם,false,,20.00,0.0286,true,1,259221
7290018249222,false,סוויטנגו אבקת ממתיק 100 גרם,מתבל תעשיות מזון,IL,אבקת סוכר 100 גרם,יחידה,0.00,יחידה,false,,14.90,0.0000,true,1,234265
7290018249802,false,ממתיק סוויטאנגו צנצנת 280 גרם,סוויטאנגו Sweetango,IL,SWRRTANGO אריזת צנצנ,גרמים,280.00,100 גרם,false,,26.90,0.0961,true,1,234271
7290018249994,false,סוויטאנגו תחליף סוכר ממתיק 700 גר',מתבל תעשיות מזון,IL,SWRRTANGO אריזת צנצנ,גרמים,700.00,100 גרם,false,,56.90,0.0813,true,1,234272
7290018276167,false,שקית אישית פיור וואי,,,אבקת חלבון שקיות איש,יחידה,0.00,יחידה,false,,7.90,0.0000,true,1,233434
7290018282267,false,noya baby מגבונים לח,,,noya baby מגבונים לח,יחידה,0.00,יחידה,false,,19.90,0.0000,true,1,217241
7290018282731,false,אל סבון מרובעים שלישה סוגים שונים500 מל,,IL,לה בל אל סבון מרובעי,יחידה,0.00,יחידה,false,,9.90,0.0000,true,1,246931
7290018282816,false,מגבונים אסותא להסרת,,,אסותא מגבונים להסרת,יחידה,0.00,יחידה,false,,16.90,0.0000,true,1,243906
7290018294208,false,"סלקטד אדום יין ישראלי, 750 מ""ל","כד בני דרום בע""מ",IL,סלקטד אדום ישראלי 75,מיליליטרים,751.00,"100 מ""ל",false,,29.90,0.0398,true,1,268110
7290018294352,false,"ארק יקבי כרמל 700 מ""",יקבי כרמל Carmel Winery,IL,אראק כרמל 700 מל,מיליליטרים,700.00,"100 מ""ל",false,,54.90,0.0784,true,1,266909
7290018333006,false,"שוקולד פרימיום 70% לל""ס שברי שקדים 100 גר'",,IL,"שוקולד70% אגו לל""ס ע",גרמים,100.00,100 גרם,false,,8.90,0.0890,true,1,215360
7290018333259,false,טופי בטעם תות כרמית 50 גרם,,,סוכריות טופי בטעם תו,יחידה,0.00,יחידה,false,,1.50,0.0000,true,1,218686
7290018333631,false,גרנולפלקס קשיו פירות יבשים 500 גרם כשלפ,,,גרנולפלקס קשיו פירות,יחידה,0.00,יחידה,false,,24.90,0.0000,true,1,256573
7290018333693,false,גרנולה פרו עם קשיו ופירות יבשים 600 גר',רפאלס,IL,גרנולה פרו 600 גרם ע,גרמים,600.00,100 גרם,false,,24.90,0.0415,true,1,221421
7290018333945,false,חטיף אגוזים רפאלס שקד ווניל בדצ 150 גר *12יח,כרמית תעשיות ממתקים,IL,חטיף אגוזים רפאלס שק,גרמים,150.00,100 גרם,false,,14.90,0.0993,true,1,239152
7290018333952,false,חטיף אגוזים רפאלס וחמוציות בדצ 150 גר *12יח,כרמית תעשיות ממתקים,IL,חטיף אגוזים רפאלס וח,גרמים,150.00,100 גרם,false,,14.90,0.0993,true,1,239153
7290018333976,false,חטיף גרנולה רפאלס קשיו וקוקוס בדצ 150 גר *12יח,כרמית תעשיות ממתקים,IL,חטיף גרנולה רפאלס קש,גרמים,150.00,100 גרם,false,,14.90,0.0993,true,1,239155
7290018343319,false,"ד""ר פישר שמפו לשיער מתולתל -400 מ""ל PERFECT CURLS",מדי פישר,IL,"ד""ר פישר שמפו לשיער",יחידה,0.00,יחידה,false,,29.90,0.0000,true,1,218858
7290018343326,false,"ד""ר פישר מרכך לשיער מתולתל -400 מ""ל PERFECT CURLS",מדי פישר,IL,"ד""ר פישר מרכך לשיער",יחידה,0.00,יחידה,false,,29.90,0.0000,true,1,218859
7290018343340,false,"ד""ר פישר - שמפו משקם לאחר החלקה ללא תוספת מלח 400 מ""ל",מדי פישר,IL,"ד""ר פישר שמפו ומשקם",יחידה,0.00,יחידה,false,,39.90,0.0000,true,1,218861
7290018343364,false,"ד""ר פישר - מסכת הזנה משקמת לאחר החלקה ללא תוספת מלח 300 מ""ל",מדי פישר,IL,"ד""ר פישר מסכת בזנה מ",יחידה,0.00,יחידה,false,,39.90,0.0000,true,1,218863
7290018343630,false,ד.פישר אפקטיב קר קרם גוף מועשר חמאת קקאו,פישר תעשיות,IL,"ד""ר פישר EFFECTIVE C",יחידה,0.00,יחידה,false,,24.90,0.0000,true,1,221194
7290018359082,false,רסק תפוחי עץ לאפייה יכין 560 גרם,זנלכל,IL,מחית תפוחי עץ לאפיה,גרמים,550.00,100 גרם,false,,7.90,0.0144,true,1,207744
7290018359129,false,עגבניות פולפה מקולפות יכין 690 גרם - זכוכית,אמיליאנה קונסרב,IT,יכין פולפה עגבניות ח,גרמים,690.00,100 גרם,false,,10.90,0.0158,true,1,221186
7290018359334,false,רכז עגבניות טבעי פריכוז שף יכין 580 גרם,זנלכל,IL,יכין רכז עגבניות טבע,גרמים,580.00,100 גרם,false,,11.90,0.0205,true,1,221187
7290018359495,false,תירס מהשדה בלי תוספת סוכר יכין 550 גרם,היינץ צפון אמריקה מק,IL,A2 גרעיני תירס בלי ת,גרמים,550.00,100 גרם,false,,9.90,0.0180,true,1,221180
7290018359518,false,תירס מהשדה בלי תוספת סוכר יכין מארז 200X3 גר',היינץ צפון אמריקה מק,IL,יכין תירס בלי תוספת,גרמים,200.00,100 גרם,false,,14.90,0.0745,true,1,221181
7290018359556,false,תירס מהשדה בלי תוספת סוכר יכין 400 גרם,היינץ צפון אמריקה מק,IL,גרעיני תירס בלי תוספ,גרמים,400.00,100 גרם,false,,6.90,0.0173,true,1,221182
7290018359655,false,מארז פטריות חתוכות יכין 200X3 גרם,יכין,,פטריות חתוכות יכין מ,יחידה,0.00,יחידה,false,,11.90,0.0000,true,1,238011
7290018359686,false,יכין חומוס גדול 550 גר A2,היינץ צפון אמריקה מק,IL,חומוס ענק יכין 550 ג,גרמים,550.00,100 גרם,false,,9.90,0.0180,true,1,238013
7290018359853,false,עדשים שחורות יכין 400 גרם,"זנלכל בע""מ",IL,עדשים שחורות יכין מא,גרמים,400.00,100 גרם,false,,6.90,0.0173,true,1,238012
7290018359860,false,רסק עגבניות ליקופן טבעי יכין 200 גר*2,זנלכל,IL,רסק עגבניות ליקופן ט,גרמים,400.00,100 גרם,false,,14.90,0.0373,true,1,257743
7290018359877,false,רסק עגבניות טבעי מארז שלישייה,יכין,IL,רסק עגבניות טבעי 3*2,גרמים,600.00,100 גרם,false,,14.90,0.0248,true,1,257745
7290018359884,false,פולפה ליקופן טבעית יכין 400 גר*2,זנלכל,IL,פולפה ליקופן טבעית 2,גרמים,800.00,100 גרם,false,,16.90,0.0211,true,1,257742
7290018359969,false,רוטב עגבניות לפיצה יכין 400 גרם,זנלכל,IL,רוטב עגבניות לפיצה י,גרמים,400.00,100 גרם,false,,11.90,0.0298,true,1,260299
7290018367322,false,שומשום בטעם רוטב סויה 100 גרם,,TW,שומשום בטעם רוטב סוי,יחידה,0.00,יחידה,false,,17.90,0.0000,true,1,238610
7290018367346,false,שומשום בטעם וואסבי 100 גרם,Flavor full foods in,TW,שומשום בטעם ווסאבי,יחידה,0.00,יחידה,false,,17.90,0.0000,true,1,238613
7290018376416,false,פילה דג ברבוניה קפוא,,,פילה דג ברבוניה קפוא,יחידה,0.00,יחידה,false,,24.90,0.0000,true,1,266535
7290018380529,false,לבבות דקל חתיכות תומר 400 גרם,אינקופלמיטו אס.אי,EC,לבבות דקל חתוכים 400,יחידה,0.00,יחידה,false,,7.90,0.0000,true,1,239600
7290018380727,false,דפי בצק פילו עגולים 400 גר' X16,,TR,דפי בצק פילו עגולים,גרמים,400.00,100 גרם,false,,15.90,0.0398,true,1,268125
7290018380734,false,דפי בצק פילו משולשים 360 גרם,,TR,דפי בצק פילו משולשים,גרמים,360.00,100 גרם,false,,15.90,0.0442,true,1,268126
7290018400609,false,פיאסטה מקסיקנית סנפרוסט 800 גרם,"סנפרוסט בע""מ",IL,פיאסטה מקסיקנית 800,גרמים,800.00,100 גרם,false,,24.90,0.0311,true,1,219292
7290018400647,false,סמודיז בננה תמר סנפרוסט 300 גרם,"סנפרוסט בע""מ",IL,סנפרוסט שייק בננה תמ,גרמים,300.00,100 גרם,false,,14.90,0.0497,true,1,235566
7290018400661,false,לקט פאייה בסגנון ספרדי סנפרוסט 800 ג',"סנפרוסט בע""מ",IL,לקט פאייה בסגנון ספר,גרמים,800.00,100 גרם,false,,19.90,0.0249,true,1,241241
7290018440070,false,תרכיז עגבניות בשפורפרת 28BX בלה איטליה 200 ג',בלה איטליה Bella Italia,IT,תרכיז עגבניות בשפרפו,יחידה,0.00,יחידה,false,,7.90,0.0000,true,1,217602
7290018440193,false,פליפז בייגלה בציפוי קרם בטעם חמאת בוטנים 140 גרם,שוורצקוף& הנקל דיסלד,TR,בייגלה בציפוי קרם בט,גרמים,140.00,100 גרם,false,,8.90,0.0636,true,1,225029
7290018440209,false,פליפז בייגלה בציפוי פאדג' לבן 140 גרם,שוורצקוף& הנקל דיסלד,TR,בייגלה בציפוי פאדג',גרמים,140.00,100 גרם,false,,8.90,0.0636,true,1,225030
7290018440223,false,תה צ'אי מאסלה סדרת חווית צ'אי,תה ויסוצקי,IL,צ'אי מסאלה,יחידה,25.00,יחידה,false,,21.90,0.8760,true,1,245238
7290018440230,false,תה צ'אי ורדים סדרת חווית צ'אי,תה ויסוצקי,IL,צ'אי ורדים,יחידה,25.00,יחידה,false,,21.90,0.8760,true,1,245239
7290018440247,false,תה צ'אי שקדים סדרת חווית צ'אי,תה ויסוצקי,IL,צ'אי שקדים,יחידה,25.00,יחידה,false,,21.90,0.8760,true,1,245240
7290018440254,false,תה צ'אי קרמל מלוח סדרת חווית צ'אי,תה ויסוצקי,IL,צ'אי קרמל מלוח,יחידה,25.00,יחידה,false,,21.90,0.8760,true,1,245241
7290018440384,false,תה ירוק מאטה לימון נענע ויסוצקי 25 יחידות,תה ויסוצקי,IL,תה ירוק מאטה לימון נ,יחידה,25.00,יחידה,false,,24.90,0.9960,true,1,245234
7290018440438,false,טונה קאלוו איזי פליפ בשמן 65 גר*3,קאלבו קונסרבס ס.ל.ו,ES,טונה EASY FLIP בשמן,גרמים,195.00,100 גרם,false,,25.90,0.1328,true,1,269650
7290018440483,false,פליפז בייגלה מצופה בקרמל מלוח ושוקולד 140 גרם,שוורצקוף& הנקל דיסלד,TR,פליפז- בייגלה מצופה,גרמים,140.00,100 גרם,false,,9.90,0.0707,true,1,245244
7290018449073,false,ריו בעציץ,,,ריו בעציץ,יחידה,0.00,יחידה,false,,12.90,0.0000,true,1,240432
7290018452820,false,פרפקשיין קרם לאחר ג,,,פרפקשיין קרם לאחר ג,יחידה,0.00,יחידה,false,,24.90,0.0000,true,1,240465
7290018471029,false,"סודה בטעם לימון - מארז 6 בקבוקים 500 מ""ל",יפאורה תבורי בעמ,IL,שוופס סודה לימון 6*,מיליליטרים,500.00,"100 מ""ל",false,,14.90,0.0298,true,1,219481
7290018471180,false,משקה פרוט& ווג' אננס תפוח גזר 1 ליטר,מיוצר עי קונדיטוריית,IL,פרוט & ווג' אננס תפו,ליטרים,1.00,ליטר,false,,12.90,12.9000,true,1,235732
7290018471210,false,קרטונית נקטר ספרינג תפוח סברס 1 ליטר,"יפאורה תבורי בע""מ",IL,ספרינג נקטר אגס תפוח,ליטרים,1.00,ליטר,false,,6.90,6.9000,true,1,235737
7290018471395,false,משקה פרוט& ווג' תפוח רימון ג'ינג'ר 1 ליטר,פרוט אנד וג' Fruit & Veg,IL,פרוט & ווג' תפוח רימ,ליטרים,1.00,ליטר,false,,12.90,12.9000,true,1,235734
7290018471401,false,משקה פרוט& ווג' אננס בננה כורכום 1 ליטר,מיוצר עי קונדיטוריית,IL,פרוט & ווג' אננס בננ,ליטרים,1.00,ליטר,false,,12.90,12.9000,true,1,235735
7290018471449,false,קרטונית ספרינג שייק בננה תמר תפוז 1 ליטר,"יפאורה תבורי בע""מ",IL,ספרינג שייק בננה תמר,ליטרים,1.00,ליטר,false,,12.90,12.9000,true,1,239727
7290018471456,false,קרטונית ספרינג שייק אננס מנגו פסיפלורה 1 ליטר,"יפאורה תבורי בע""מ",IL,ספרינג שייק אננס מנג,ליטרים,1.00,ליטר,false,,12.90,12.9000,true,1,239728
7290018471463,false,תפוזינה נקטר תפוז מנגו קרטונית 1 ליטר,"יפאורה תבורי בע""מ",IL,תפוזינה נקטר תפוז מנ,ליטרים,1.00,ליטר,false,,6.90,6.9000,true,1,236119
7290018471470,false,תפוזינה נקטר תפוז פסיפלורה קרטונית 1 ליטר,"יפאורה תבורי בע""מ",IL,תפוזינה נקטר תפוז פס,ליטרים,1.00,ליטר,false,,6.90,6.9000,true,1,236120
7290018471487,false,תפוזינה נקטר תפוז אננס קרטונית 1 ליטר,"יפאורה תבורי בע""מ",IL,תפוזינה נקטר תפוז אנ,ליטרים,1.00,ליטר,false,,6.90,6.9000,true,1,236121
7290018471494,false,תפוזינה משקה תפוז גזר קרטונית 1 ליטר,"יפאורה תבורי בע""מ",IL,תפוזינה משקה תפוז גז,ליטרים,1.00,ליטר,false,,6.90,6.9000,true,1,236122
7290018471548,false,"רביעיית ספרינג ענבים 250 מ""ל",יפאורה תבורי,IL,רביעיית ספרינג 250 מ,מיליליטרים,250.00,"100 מ""ל",false,,12.90,0.0516,true,1,235324
7290018471692,false,ספרינג שייק בננה אננס קוקוס פירות יער קרטונית 1 ליטר,"יפאורה תבורי בע""מ",IL,ספרינג שייק בננה אננ,ליטרים,1.00,ליטר,false,,12.90,12.9000,true,1,239726
7290018471906,false,שוופס מוגז פירות לימונדה ורודה 1.5 ליטר פיקדון,"יפאורה תבורי בע""מ",IL,שוופס מוגז פירות לימ,יחידה,0.00,יחידה,false,,8.90,0.0000,true,1,247293
7290018471913,false,משקה מוגז פירות תפוחים שוופס 1.5 ליטר,"יפאורה תבורי בע""מ",IL,שוופס מוגז פירות תפו,יחידה,0.00,יחידה,false,,8.90,0.0000,true,1,247294
7290018471920,false,שוופס מוגז פירות ענבים 1.5 ליטר פיקדון,"יפאורה תבורי בע""מ",IL,שוופס מוגז פירות ענב,יחידה,0.00,יחידה,false,,8.90,0.0000,true,1,247295
7290018471937,false,שוופס מוגז פירות תות ליים 1.5 ליטר פיקדון,"יפאורה תבורי בע""מ",IL,שוופס מוגז פירות תות,יחידה,0.00,יחידה,false,,8.90,0.0000,true,1,247296
7290018471944,false,שוופס מוגז פירות לימונייד 1.5 ליטר פיקדון,"יפאורה תבורי בע""מ",IL,שוופס מוגז פירות לימ,יחידה,0.00,יחידה,false,,8.90,0.0000,true,1,247297
7290018471951,false,שוופס מוגז פירות אשכולית אדומה 1.5 ליטר פיקדון,"יפאורה תבורי בע""מ",IL,שוופס מוגז פירות אשכ,יחידה,0.00,יחידה,false,,8.90,0.0000,true,1,247298
7290018493144,false,"ד""ר פישר אל סבון נוזלי לידיים קמיל ש ארגן 1 ל'",פישר תעשיות,IL,"ד""ר פישר אלסבון להזנ",יחידה,0.00,יחידה,false,,16.90,0.0000,true,1,218864
7290018493700,false,"סבון ידיים ויטמינים לילדים כחול 500 מ""ל ד""ר פישר",מדי פישר,IL,קידס סבון ידים ויטמי,מיליליטרים,500.00,"100 מ""ל",false,,12.90,0.0258,true,1,243186
7290018493717,false,"סבון ידיים ויטמינים לילדים ורוד מסטיק 500 מ""ל ד""ר פישק",מדי פישר,IL,קידס סבון ידים ויטמי,מיליליטרים,500.00,"100 מ""ל",false,,12.90,0.0258,true,1,243189
7290018493748,false,"ד""ר פישר - מגבונים להסרת איפור אקסטרה סופט 30 יח' * 3",פישר תעשיות,IL,פישר מגבונים להסרת א,יחידה,0.00,יחידה,false,,29.90,0.0000,true,1,243194
7290018493878,false,"ד""ר פישר - סרקל שמפו 750 מ""ל",פישר תעשיות,IL,"סרקל שמפו 750 מ""ל -",יחידה,0.00,יחידה,false,,19.90,0.0000,true,1,239281
7290018493885,false,"ד""ר פישר - סרקל מרכך 750 מ""ל",פישר תעשיות,IL,"סרקל מרכך 750 מ""ל -",יחידה,0.00,יחידה,false,,19.90,0.0000,true,1,239282
7290018493892,false,"ד""ר פישר - קמיל בלו סנסיטיב אל סבון 750 מ""ל",מדי פישר,IL,קמיל בלו סנסיטב אל ס,יחידה,0.00,יחידה,false,,19.90,0.0000,true,1,239279
7290018493908,false,"ד""ר פישר - קמיל בלו סנסיטיב אל דמע 750 מ""ל",פישר תעשיות,IL,קמיל בלו סנסיטב אל ד,יחידה,0.00,יחידה,false,,19.90,0.0000,true,1,258930
7290018493915,false,"ד""ר פישר - שמן גוף לתינוק מעושר בשמן שקדים 200 מ""ל",מדי פישר,IL,דר פישר שמן גוף לתינ,יחידה,0.00,יחידה,false,,17.90,0.0000,true,1,262552
7290018500361,false,"לחם שחור פרוס 900 גרם ""אנג'ל"" -מוצר בפיקוח",מאפיית שלמה א. אנג'ל,IL,לחם אחיד פרוס 900 גר,גרמים,900.00,100 גרם,false,,8.50,0.0094,true,1,261331
7290018500385,false,"חלה רגילה 650 גרם ""אנגל""-מוצר בפיקוח",מאפיית שלמה א. אנגל,IL,חלה רגילה 650 גרם,יחידה,0.00,יחידה,false,,6.60,0.0000,true,1,261340
7290018500392,false,"חלה רגילה 650 גרם ""אנגל""-מוצר בפיקוח",מאפיית שלמה א. אנגל,IL,חלה שמינייה 650 גרם,יחידה,0.00,יחידה,false,,6.60,0.0000,true,1,261339
7290018516324,false,פאוץ תפוח ושבולת שועל 120 ג' פירונק,פרוטה פודווין איי.אס,CZ,מחית פואץ' פרינוק תפ,יחידה,0.00,יחידה,false,,5.90,0.0000,true,1,259553
7290018516331,false,פאוץ תפוח בננה שבולת שועל 120 ג' פירונק,פרוטה פודווין איי.אס,CZ,מחית פואץ' פרינוק תפ,יחידה,0.00,יחידה,false,,5.90,0.0000,true,1,259554
7290018516348,false,מחית פרינוק פאוץ' שיבולת שועל סלט פירות 120 גרם,פרוטה פודווין איי.אס,CZ,מחית פואץ' פרינוק,יחידה,0.00,יחידה,false,,5.90,0.0000,true,1,259555
7290018516355,false,מחיט תפוח עץ ושבולות שועל 190 ג' פרינוק גוניור,פרוטה פודווין איי.אס,CZ,גוניור תפע ש.שועל 1,יחידה,0.00,יחידה,false,,5.90,0.0000,true,1,259560
7290018516379,false,מחיט סלט פירות ושבולות שועל 190 ג' פרינוק גוניור,פרוטה פודווין איי.אס,CZ,ס.פירו וש.ש 190 גרם,יחידה,0.00,יחידה,false,,5.90,0.0000,true,1,259561
7290018517031,false,"'טורטיות בתוספת קמח כוסמין 20 ס""מ 8 יח",,TR,טורטיות בתוספת קמח כ,יחידה,0.00,יחידה,false,,12.90,0.0000,true,1,238457
7290018517321,false,"קוואקר שבולת שועל, 500 גרם ""נאמן""",ר.ס.,,שיבולת שועל 500 גרם,גרמים,500.00,100 גרם,false,,8.90,0.0178,true,1,257135
7290018540329,false,שקית פיתה פיתה בלדי 800 ג' אנג'ל,מאפיית שלמה א. אנג'ל,IL,8 פיתות מיוחדות בשקי,יחידה,0.00,יחידה,false,,10.90,0.0000,true,1,233481
7290018540817,false,לחם מחמצת כוסמין ארטיזנל 500 גרם,מאפיית אורנים,IL,לחם ארטיזנל מחמצת כו,גרמים,500.00,100 גרם,false,,19.90,0.0398,true,1,247507
7290018540831,false,לחם מחמצת חיטה מלאה וגרעינים 500 ג' ארטיזנל,מאפיית אורנים,IL,לחם ארטיזנל מחמצת חי,גרמים,500.00,100 גרם,false,,18.90,0.0378,true,1,247509
7290018564639,false,שף הטבע כוסברה קצוצה,בני דרום,IL,שף הטבע- כוסברה קצוצ,יחידה,0.00,יחידה,false,,9.90,0.0000,true,1,256110
7290018608319,false,"קעריות אובלי= שוהם=10 יח' כשל""פ עד""ח",,,שמאי קעריות אובלי,יחידה,0.00,יחידה,false,,13.90,0.0000,true,1,238493
7290018608326,false,"לפתניות =שוהם=10 יח' כשל""פ עד""ח",,,שמאי לפתניות שחור זה,יחידה,0.00,יחידה,false,,10.90,0.0000,true,1,238494
7290018608470,false,מגש שוהם= מרובע ענק=לאירוח,,,שמאי מגש שוהם מרובע,יחידה,0.00,יחידה,false,,16.90,0.0000,true,1,238513
7290018608487,false,תבניות ארוזות ענקיות R99 3יח' ר. שמאי,,,ר.שמאי תבניות ארוזות,יחידה,0.00,יחידה,false,,8.90,0.0000,true,1,240824
7290018608494,false,תבניות ארוזות גדולות R31 7 יח' ר. שמאי,,,תבניות ארוזות R31 =ח,יחידה,0.00,יחידה,false,,8.90,0.0000,true,1,240461
7290018608500,false,תבניות ארוזות בינוני R2 7 יח' ר. שמאי,,,ר.שמאי תבניות ארוזות,יחידה,0.00,יחידה,false,,8.90,0.0000,true,1,240827
7290018608517,false,תבניות ארוזות לחלה R64 7 יח' ר. שמאי,,,ר.שמאי תבניות ארוזות,יחידה,0.00,יחידה,false,,8.90,0.0000,true,1,240825
7290018608531,false,תבניות ארוזות אינגלש ארוכות R88 12 יח' ר. שמאי,,,ר.שמאי תבניות ארוזות,יחידה,0.00,יחידה,false,,8.90,0.0000,true,1,240826
7290018608548,false,תבניות ארוזות אינגליש R15 12 יח' ר. שמאי,,,ר.שמאי תבניות ארוזות,יחידה,0.00,יחידה,false,,8.90,0.0000,true,1,240829
7290018608609,false,כוס יהלום XL 24 יח'ר. שמאי,,,שמאי כוס יהלום ארוז,יחידה,24.00,יחידה,false,,11.90,0.4958,true,1,262652
7290018608661,false,שמאי- מגשיות 9/6 עלי,,,שמאי- מגשיות 9/6 עלי,יחידה,0.00,יחידה,false,,14.90,0.0000,true,1,243868
7290018608685,false,מפיות יוקרתיות 3 שכבות 20יח',,IL,מפיות מודפס 20 יח,יחידה,0.00,יחידה,false,,4.90,0.0000,true,1,260111
7290018608852,false,צלחות קטנות 50 יח' ר.שמאי,,,צלחות קטנות מתכלות 5,יחידה,0.00,יחידה,false,,16.90,0.0000,true,1,243884
7290018652039,false,לה קרמריה קרמל מלוח ונוגט בדצ 1.4 ליטר,גלידות נסטלה,IL,לה קרמריה קרמל מלוח,ליטרים,1.40,ליטר,false,,19.90,14.2143,true,1,240517
7290018652671,false,"לה קרמריה שוקולד וניל 1.4 ליטר [תו אי""ל]",גלידות נסטלה,IL,לה קרמריה שוקו וניל,יחידה,0.00,יחידה,false,,19.90,0.0000,true,1,254126
7290018652688,false,לה קרמריה טרופי ופירות אדומים 1.4 ל' נסטלה,גלידות נסטלה,IL,לה קרמריה טרופי ופיר,יחידה,0.00,יחידה,false,,19.90,0.0000,true,1,256615
7290018652923,false,מאגדת תות עוגת גבינה שוקולד 5 *43 ג' נסטלה,גלידות נסטלה,IL,מאגדת תות שוקו לבן ע,יחידה,0.00,יחידה,false,,24.90,0.0000,true,1,254129
7290018657096,false,טוסטר גריל זוגי מהוד,,,טוסטר גריל זוגי מהוד,יחידה,0.00,יחידה,false,,89.90,0.0000,true,1,257328
7290018687154,false,הום נוזל כלים 1.5 לי,,,הום נוזל כלים 1.5 לי,יחידה,0.00,יחידה,false,,12.90,0.0000,true,1,243421
7290018687642,false,הום מרכך כביסה 4 ליט,,,הום מרכך כביסה 4 ליט,יחידה,0.00,יחידה,false,,16.90,0.0000,true,1,240467
7290018687659,false,הום קפסולות מרוכזות,,,הום קפסולות מרוכזות,יחידה,0.00,יחידה,false,,29.90,0.0000,true,1,240897
7290018687666,false,הום נוזל כלים לימון,,,הום נוזל כלים לימון,יחידה,0.00,יחידה,false,,9.90,0.0000,true,1,240907
7290018687673,false,הום ג'ל כביסה 3 ליטר,,,הום ג'ל כביסה 3 ליטר,יחידה,0.00,יחידה,false,,24.90,0.0000,true,1,240906
7290018687796,false,הום ג'ל כביסה אוקסי,,,הום ג'ל כביסה אוקסי,ליטרים,3.00,ליטר,false,,19.90,6.6333,true,1,245131
7290018687819,false,הום ג'ל מנקה אסלות 7,,,הום ג'ל מנקה אסלות 7,מיליליטרים,750.00,"100 מ""ל",false,,8.90,0.0119,true,1,245133
7290018687826,false,הום ג'ל כביסה 5 ל' כ,,,הום ג'ל כביסה 5 ל' כ,ליטרים,5.00,ליטר,false,,34.90,6.9800,true,1,245134
7290018687833,false,הום ג'ל כביסה 5 ל' י,,,הום ג'ל כביסה 5 ל' י,ליטרים,5.00,ליטר,false,,34.90,6.9800,true,1,245135
7290018703229,false,חטיף חלבון שוקולד אגוזים פראוד 60 גרם,פראוד,,פראוד - חטיף חלבון ט,יחידה,0.00,יחידה,false,,13.90,0.0000,true,1,261039
7290018703243,false,חטיף חלבון קרמל קראנצ פראוד 60 גרם,פראוד,,פראוד - חטיף חלבון ט,יחידה,0.00,יחידה,false,,13.90,0.0000,true,1,261040
7290018703281,false,פראוד - וופל חלבון ו,,,פראוד - וופל חלבון ו,יחידה,0.00,יחידה,false,,8.90,0.0000,true,1,261038
7290018703298,false,פראוד - וופל חלבון ד,,,פראוד - וופל חלבון ד,יחידה,0.00,יחידה,false,,8.90,0.0000,true,1,261041
7290018708026,false,חלבה מסולסלת פיסטוק 250 ג',,,חלבה מסולסלת 250 גר,גרמים,250.00,100 גרם,false,,17.90,0.0716,true,1,234354
7290018708118,false,בארכה חלבה וניל פיסטוק ללא סוכר 350 ג,,,בארכה חלבה וניל פיסט,גרמים,350.00,100 גרם,false,,15.90,0.0454,true,1,252519
7290018708248,false,טחינה עם סומק מעודנת 310 ג' אלהילאל,,,טחינה מעודנת 310 גרם,גרמים,310.00,100 גרם,false,,12.90,0.0416,true,1,254977
7290018708255,false,טחינה חריף מעודנת 310 ג' אלהילאל,,,טחינה מעודנת 310 גרם,גרמים,310.00,100 גרם,false,,12.90,0.0416,true,1,254978
7290018715086,false,"יין קופאז ברבדו בלנד אדום יבש 750 מ""ל",,,קןפאז' (ברבדו),יחידה,0.00,יחידה,false,,99.90,0.0000,true,1,265323
7290018720189,false,"ביסקוויט בטעם שוקו מעדני מלך, 200 ג קסטה",הגביע,IL,מעדני מלך ביסקוויט ב,יחידה,0.00,יחידה,false,,5.90,0.0000,true,1,262714
7290018749005,false,כיסונים ביתיים עבודת יד 600 גרם,,IL,כיסונים ביתיים (עבוד,גרמים,600.00,100 גרם,false,,29.90,0.0498,true,1,268394
7290018749012,false,כיסונים סבתא עבודת יד 600 גרם,,IL,כיסונים סבתא ענקיים,גרמים,600.00,100 גרם,false,,29.90,0.0498,true,1,268395
7290018749050,false,חינקלי קלאסי במילוי בשר 500 גרם,,IL,חינקלי גאורגי במילוי,גרמים,500.00,100 גרם,false,,29.90,0.0598,true,1,268397
7290018749067,false,מנטי קלאסי במילוי בשר 500 גרם,,IL,מנטי קלאסי במילוי בש,גרמים,500.00,100 גרם,false,,29.90,0.0598,true,1,268398
7290018749098,false,כיסונים בסגנון קווקזי עבודת יד 500 גרם,,IL,כיסונים בסיגנון קווק,גרמים,500.00,100 גרם,false,,29.90,0.0598,true,1,268401
7290018749104,false,"קרפלך במילוי תפו""א ובצל 700 גרם",,IL,קרפלך במילוי תפו''א,גרמים,700.00,100 גרם,false,,21.90,0.0313,true,1,268402
7290018749111,false,"קרפלך במילוי תפו""א ופטריות 700 גרם",,IL,קרפלך במילוי תפו''א,גרמים,700.00,100 גרם,false,,21.90,0.0313,true,1,268403
7290018749210,false,מיני כיסונים קלאסיים במילוי בשר והודו למ,,IL,מיני כיסונים קלאסיים,גרמים,700.00,100 גרם,false,,29.90,0.0427,true,1,268407
7290018749227,false,"כיסונים במילוי בשר בראבו 1 ק""ג",,IL,כיסוניםלארוחה טעימה,גרמים,1000.00,100 גרם,false,,32.90,0.0329,true,1,268408
7290018770221,false,שמן זית כתית מעולה ד,,,שמן זית כתית מעולה ד,מיליליטרים,750.00,"100 מ""ל",false,,34.90,0.0465,true,1,244146
7290018795842,false,שיני שום קלופות 500ג מרינה,מרינה,IL,שיני שום קלוף 500 גר,יחידה,0.00,יחידה,false,,18.90,0.0000,true,1,261711
7290018825020,false,תפוח אדמה גורמה דוד משה,משתנה,IL,דוד משה גורמה,קילוגרמים,1.00,"ק""ג",true,,6.90,6.9000,true,1,243188
7290018825235,false,דוד משה קטנטנים לאפי,,,דוד משה קטנטנים לאפי,קילוגרמים,1.00,"ק""ג",true,,5.90,5.9000,true,1,243183
7290018835043,false,תערובת תיבול סטייק מונטריאול 140גר,,IL,תערובת תיבול לסטייק,גרמים,140.00,100 גרם,false,,16.90,0.1207,true,1,268740
7290018860984,false,אטריות ביצים דקות 400 גרם,xiamen zhongshi impo,CN,אטריות ביצים דקות 40,גרמים,400.00,100 גרם,false,,9.90,0.0248,true,1,261034
7290018878002,false,אגו מיקס קרקר מצופה שוקולד חלב 55ג*24בקרט,כרמית,IL,אגו מיקס קרקר מצופה,גרמים,55.00,100 גרם,false,,3.90,0.0709,true,1,249409
7290018878224,false,כרמית מיני קוקיס בטעם שוקולד 600 גרם,Carmit,IL,מיני קוקיס בטעם שוקו,גרמים,600.00,100 גרם,false,,18.90,0.0315,true,1,257690
7290018878231,false,"מיני קוקיס לל""ס בטעם שוקולד 600 גרם",Carmit,,מיני קוקיס בטעם שוקו,גרמים,600.00,100 גרם,false,,23.90,0.0398,true,1,257689
7290018890004,false,"משקה אננס ג'ת 250 מ""ל",,,משקה אננס 250 גרם,גרמים,250.00,100 גרם,false,,5.90,0.0236,true,1,240870
7290018890202,false,"משקה פירות יער ג'ת 250 מ""ל",,,משקה יפירות יער 250,גרמים,250.00,100 גרם,false,,5.90,0.0236,true,1,240871
7290018890608,false,מעדן יוגורט גרנולה שוקולד אגוזי לוז 170 ג' ג'ת,,,יוגורט גרנולה שוקולד,יחידה,0.00,יחידה,false,,5.90,0.0000,true,1,247126
7290018890806,false,יוגורט בטעם פירות יער 1 ל',,,יוגורט פירות יער 1 ל,ליטרים,1.00,ליטר,false,,14.90,14.9000,true,1,243067
7290018893005,false,"חטיפי בייגלה אפוי בטעם חרדל ודבש, 160 גרם",צ'וקטה Chocketa,RO,בייגלה בטעם חרדל דבש,גרמים,160.00,100 גרם,false,,6.90,0.0431,true,1,242961
7290018893036,false,עוגיות סנדוויץ' בטעם שוקולד ממולאות קרם בטעם וניל,צ'וקטה Chocketa,ES,צוקטה ביסקוויט שוקול,גרמים,176.00,100 גרם,false,,6.90,0.0392,true,1,241500
7290018893074,false,צוקטה עוגת שכבות שוקולד 400 גר,בלקוני,,צ'וקטה עוגת שכבות שו,גרמים,400.00,100 גרם,false,,13.90,0.0348,true,1,241503
7290018893081,false,עוגות מגולגלות במילוי קרם חלבי וציפוי בטעם שוקולד,צ'וקטה Chocketa,IL,צ'וקטה עוגה אישיות מ,גרמים,222.00,100 גרם,false,,9.90,0.0446,true,1,241505
7290018893098,false,צ'וקטה ביסקוויט מצופה שוקולד חלב 100 גרם,דיסטרופר אוליבייר,ES,צ'וקטה ביסקוויט מצופ,יחידה,0.00,יחידה,false,,6.90,0.0000,true,1,258520
7290018893104,false,צ'וקטה ביסקוויט מצופה שוקולד מריר 100 גרם,דיסטרופר אוליבייר,ES,צ'וקטה ביסקוויט מצופ,יחידה,0.00,יחידה,false,,6.90,0.0000,true,1,258521
7290018893111,false,צ'וקטה שוקולד מריר בלגי 70% 100 גרם משולש K,צ'וקטה Chocketa,BE,צ'וקטה שוקולד מריר ב,יחידה,0.00,יחידה,false,,8.90,0.0000,true,1,258522
7290018893128,false,צ'וקטה שוקולד חלב בלגי 34% 100 גרם,צ'וקטה Chocketa,BE,צ'וקטה שוקולד חלב בל,יחידה,0.00,יחידה,false,,8.90,0.0000,true,1,258523
7290018893272,false,צוקטה בונבוניירה צדפות בלגי יוגטה 125ג,צ'וקטה Chocketa,BE,צ'וקטה צדפי שוקולד 1,גרמים,125.00,100 גרם,false,,9.90,0.0792,true,1,241511
7290018893289,false,צ'וקטה עוגות מגולגלות בטעם קקאו במילוי קרם קקאו וציפוי בטעם שוקולד 6 יח' 222 גרם,צ'וקטה Chocketa,IT,צ'וקטה עוגה אישית מג,יחידה,6.00,יחידה,false,,9.90,1.6500,true,1,241504
7290018893319,false,צ'וקטה שוקולד מריר בלגי 85% 100 גרם,צ'וקטה Chocketa,BE,צ'וקטה שוקולד מריר ב,יחידה,0.00,יחידה,false,,8.90,0.0000,true,1,258524
7290018893401,false,צ'וקטה שוקולד מריר מוצקי קקאו 100 70% גרם,צ'וקטה Chocketa,ES,צ'וקטה שוקולד מריר 7,גרמים,100.00,100 גרם,false,,9.90,0.0990,true,1,241489
7290018893418,false,שוקולד מריר 60% מארז 6 יח' *100 ג' צ'וקטה,צ'וקטה Chocketa,,צוקטה שוקולד מריר 60,גרמים,600.00,100 גרם,false,,19.90,0.0332,true,1,241494
7290018893456,false,צ'וקטה עוגות אישיות במילוי קרם ובציפוי בטעם שוקולד 300 גרם,פרדי קונדיטוריה אס.פ,IT,צ'וקטה עוגות אישיות,יחידה,0.00,יחידה,false,,14.90,0.0000,true,1,241512
7290018893487,false,צוקטה עוגות אישיות בטעם קוקוס-350 גרם,פרדי קונדטוריה אס פי,IT,צ'וקטה עוגות אישיות,גרמים,350.00,100 גרם,false,,14.90,0.0426,true,1,241506
7290018893616,false,מארז צוקטה שוקולד מריר 48% 6*100 גר,צוקטה,ES,צ'וקטה שוקולד מריר 6,גרמים,600.00,100 גרם,false,,19.90,0.0332,true,1,241491
7290018893647,false,צ'וקטה עוגיות סנדביץ מצופות 150 גרם חלב נוכרי,צ'וקטה Chocketa,BE,צ'וקטה עוגיות סנדווי,גרמים,150.00,100 גרם,false,,8.90,0.0593,true,1,241499
7290018893661,false,עוגות אישיות במילוי קרם קקאו ציפוי בטעם שוקולד מריר,פרדי קונדיטוריה אס פ,IT,צוקטה עוגה אישיות מצ,יחידה,0.00,יחידה,false,,10.90,0.0000,true,1,241514
7290018893692,false,צוקטה שוקולד חלב מעולה 280 גרם,צ'וקטה Chocketa,FR,צ'וקטה טבלת שוקולד ח,גרמים,280.00,100 גרם,false,,12.90,0.0461,true,1,242361
7290018893753,false,צוקטה וופל חמאה בטעם לימון 100 גרם,שסטוביץ,BE,צ'וקטה וופל חמאה בטע,גרמים,100.00,100 גרם,false,,9.90,0.0990,true,1,264097
7290018893845,false,פתי בר צוקטה ביסקוויט בטעם חמאה 400 גר,צ'וקטה Chocketa,ES,צוקטה פתי בר ביסקווי,גרמים,400.00,100 גרם,false,,9.90,0.0248,true,1,241502
7290018893876,false,עוגות אישיות רכות עם מילוי קרם בטעם וניל,פרדי קונדיטוריה אס.פ,IT,צוקטה עוגות אישיות ו,גרמים,200.00,100 גרם,false,,10.90,0.0545,true,1,241516
7290018893890,false,צ'וקטה טבלת שוקולד מריר 280 גר,שסטוביץ,FR,צ'וקטה טבלת שוקולד מ,גרמים,280.00,100 גרם,false,,12.90,0.0461,true,1,242362
7290018893906,false,עוגיות סנדוויץ' במילוי קרם בטעם וניל,צ'וקטה Chocketa,ES,צ'וקטה עוגיות סנדביץ,גרמים,250.00,100 גרם,false,,6.90,0.0276,true,1,258518
7290018893913,false,"צ`וקטה ממרח אגוזי לוז עם מקלות גריסיני קקאו, 52 גרם",צ'וקטה Chocketa,IT,צ'וקטה מקלות גריסיני,יחידה,0.00,יחידה,false,,6.90,0.0000,true,1,251277
7290018894019,false,עוגות אישיות במילוי קרם חלבי ובציפוי קרם קקאו,בלקוני Balconi,IT,בלקוני עוגות אישיות,גרמים,350.00,100 גרם,false,,14.90,0.0426,true,1,251274
7290018894217,false,עוגות אישיות במילוי קרם קקאו ובציפוי קרם קקאו,בלקוני Balconi,IT,בלקוני עוגות אישיות,גרמים,350.00,100 גרם,false,,14.90,0.0426,true,1,251275
7290018894804,false,וופלים במילוי קרם אגוזי לוז - חלבי,בלקוני Balconi,IT,בלקוני וופל אגוזי לו,גרמים,175.00,100 גרם,false,,7.90,0.0451,true,1,251273
7290018904008,false,שבקייה מארז 400 גרם,,,שבקייה מארז 400 גרם,גרמים,400.00,100 גרם,false,,22.90,0.0572,true,1,245067
7290018904206,false,עוגת סולת 300 גרם,,,עוגת סולת 300 גרם,גרמים,300.00,100 גרם,false,,19.90,0.0663,true,1,266328
7290018904329,false,בקלאוה 600 גרם,,,בקלאוה 600 גרם,גרמים,600.00,100 גרם,false,,29.90,0.0498,true,1,261783
7290018904336,false,בקלאוה סושי 300 גרם,,,בקלאוה סושי 300 גרם,גרמים,300.00,100 גרם,false,,22.90,0.0763,true,1,261784
7290018904343,false,וואלה בקלאוה 400 גרם,,,וואלה בקלאוה 400 גרם,גרמים,400.00,100 גרם,false,,29.90,0.0747,true,1,261785
7290018921029,false,"ד""ר פישר - קמיל בלו מגבוני סנסיטיב 64 יח' * 4",פישר תעשיות,IL,רביעיית מגבונים קמיל,יחידה,0.00,יחידה,false,,22.90,0.0000,true,1,243195
7290018921166,false,"אל סבון נוזלי ניקוי יסודי ד""ר פישר 1 ל""",פישר תעשיות,IL,קמיל אל סבון היגייני,יחידה,0.00,יחידה,false,,16.90,0.0000,true,1,243199
7290018921203,false,"קמיל בלו קרם החתלה קמומיל 120 ג' ד""ר פישר",פישר תעשיות,IL,קמיל בלו קרם החתלה ק,יחידה,0.00,יחידה,false,,16.90,0.0000,true,1,262821
7290018921609,false,"ד""ר פישר - קמיל בלו קרם החתלה קלנדולה 120 גרם",פישר תעשיות,IL,קמיל בלו קרם החתלה ק,יחידה,0.00,יחידה,false,,16.90,0.0000,true,1,262822
7290018921654,false,"ד""ר פישר - אפקטיב קר תחליב רחצה תמצית לוונדר 700 מ""ל","ד""ר פישר Dr fischer",IL,אפקטיב קר תחליב רחצה,מיליליטרים,700.00,"100 מ""ל",false,,16.90,0.0241,true,1,248019
7290018921753,false,"אל סבון לתחושת רעננות לבנדר קמיל ד""ר פישר 1 ל""",פישר תעשיות,IL,קמיל אל סבון היגייני,יחידה,0.00,יחידה,false,,16.90,0.0000,true,1,243200
7290018921807,false,"קמיל בלו משחת החתלה צמחי מרפא 120 ג' ד""ר פישר",פישר תעשיות,IL,קמיל בלו משחת החתלה,יחידה,0.00,יחידה,false,,16.90,0.0000,true,1,262823
7290018921852,false,"תחליב רחצה מועשר בשמן ארגן 700 מ""ל אפקטיב קר","ד""ר פישר Dr fischer",IL,אפקטיב קר תחליב רחצה,מיליליטרים,700.00,"100 מ""ל",false,,16.90,0.0241,true,1,248020
7290018925065,false,מיץ פרימור תפוזים סחוט 2 ליטר-,"גניר (1992) בע""מ",IL,מיץ תפוזים סחוט 2 לי,ליטרים,2.00,ליטר,false,,29.90,14.9500,true,1,246647
7290018925072,false,משקה קל לימונים ונענע 2 ל פרימור,"גניר (1992) בע""מ",IL,משקה קל לימונים ונענ,ליטרים,2.00,ליטר,false,,29.90,14.9500,true,1,246648
7290018925096,false,פרימור משקה קל תפוזים 1.5ליטר,פרימור,IL,משקה קל פרימור תפוזי,ליטרים,1.50,ליטר,false,,8.90,5.9333,true,1,247487
7290018925102,false,פרימור משקה קל ענבים 1.5ליטר,פרימור,IL,משקה קל פרימור ענבים,ליטרים,1.50,ליטר,false,,8.90,5.9333,true,1,247491
7290018925119,false,פרימור משקה קל דיאט אשכוליות 1.5ליטר,פרימור,IL,משקה קל פרימור דאיט,ליטרים,1.50,ליטר,false,,8.90,5.9333,true,1,247492
7290018925126,false,משקה קל תפוחי עץ 1.5ל' פרימור,פרימור,IL,משקה קל פרימור תפוח,ליטרים,1.50,ליטר,false,,8.90,5.9333,true,1,247489
7290018925140,false,פרימור משקה קל אשכולית 1.5ליטר,פרימור,IL,משקה קל פרימור אשכלי,ליטרים,1.50,ליטר,false,,8.90,5.9333,true,1,247490
7290018925157,false,פרימור משקה קל לימונים 1.5ליטר,פרימור,IL,משקה קל פרימור לימונ,ליטרים,1.50,ליטר,false,,8.90,5.9333,true,1,247493
7290018925409,false,"מיץ לימון ואננס 400 מ""ל פרימור",קריות זול,IL,מיץ לימון ואננס 400,מיליליטרים,400.00,"100 מ""ל",false,,8.90,0.0223,true,1,263421
7290018925416,false,"מיץ לימון ופסיפלורה 400 מ""ל פרימור",קריות זול,IL,מיץ לימון ופסיפלורה,מיליליטרים,400.00,"100 מ""ל",false,,8.90,0.0223,true,1,263420
7290018929032,false,שייני 150 שקיות סנדו,,,שייני 150 שקיות סנדו,יחידה,0.00,יחידה,false,,9.90,0.0000,true,1,251396
7290018929209,false,ניילון לכיסוי מזון 30 יח' SHINY,,,שייני ניילון לכיסוי,יחידה,0.00,יחידה,false,,7.90,0.0000,true,1,251395
7290018935545,false,שמאי סירוניות להגשה,,,שמאי סירוניות להגשה,יחידה,25.00,יחידה,false,,13.90,0.5560,true,1,262682
7290018972144,false,תומר שניצל תירס 500 גרם,,,תומר שניצל תירס 500,גרמים,500.00,100 גרם,false,,17.90,0.0358,true,1,252088
7290018972366,false,"פרוזן אדממה 1 ק""ג",,,"פרוזן אדממה 1 ק""ג",קילוגרמים,1.00,"ק""ג",false,,16.90,16.9000,true,1,252090
7290018972373,false,פרוזן פולי סויה אדממה 450 גרם,זהיג'אנג קינגשור,CN,פרוזן אדממה 450 גרם,גרמים,450.00,100 גרם,false,,9.90,0.0220,true,1,252091
7290018972472,false,פרוזן מיקס פירות אדומים 300 גרם,,,פרוזן מיקס פירות אדו,גרמים,300.00,100 גרם,false,,11.90,0.0397,true,1,258755
7290018972489,false,פרוזן מיקס פירות קיץ 300 גרם,,,פרוזן מיקס פירות קיץ,גרמים,300.00,100 גרם,false,,11.90,0.0397,true,1,258756
7290018972625,false,פרוזן במיה 600 גר' קהילות,,IL,פרוזן במיה 600 גרם,יחידה,0.00,יחידה,false,,10.90,0.0000,true,1,261562
7290018972632,false,ארטישוק תחתיות 400 גר' קהילות,,IL,פרוזן ארטישוק תחתיות,יחידה,0.00,יחידה,false,,10.90,0.0000,true,1,261563
7290018972649,false,פרוזן פול ירוק 600 גר' קהילות,,IL,פרוזן פול ירוק 600 ג,יחידה,0.00,יחידה,false,,10.90,0.0000,true,1,261586
7290018978061,false,קמח שקדים 250 גרם,,,קמח שקדים 250 גרם,יחידה,0.00,יחידה,false,,25.90,0.0000,true,1,242051
7290018989005,false,שלישיית פולפה עגבניות טבעי יכין 400X3 גרם,זנלכל,IL,פולפה טבעית 3*400 גר,גרמים,1200.00,100 גרם,false,,16.90,0.0141,true,1,257744
7290018989081,false,יכין חומוס הבית להכנת חומוס טרי 410 גי,זנלכל,IL,חומוס הבית-להכנת חומ,גרמים,410.00,100 גרם,false,,7.90,0.0193,true,1,260300
7290018989128,false,סירופ בטעם ענבים יכין 1 ליטר,זנלכל,IL,יכין סירופ בטעם ענבי,ליטרים,1.00,ליטר,false,,18.90,18.9000,true,1,259529
7290018989135,false,סירופ בטעם פטל יכין 1 ליטר,זנלכל,IL,יכין סירופ בטעם פטל,ליטרים,1.00,ליטר,false,,18.90,18.9000,true,1,259530
7290019015017,false,נר ריחני מראה,,,נר מראה,יחידה,0.00,יחידה,false,,34.90,0.0000,true,1,249223
7290019015185,false,"דפיוזר בוהו 200 מ""ל",,,דפיוזר בוהו,יחידה,0.00,יחידה,false,,49.90,0.0000,true,1,249136
7290019015215,false,"דפיוזר ווד מוד 50 מ""ל",,,דפיוזר הום פרפיום,יחידה,0.00,יחידה,false,,49.90,0.0000,true,1,249131
7290019015642,false,"בקבוק טריטן 520 מ""ל",,,בקבוק טריטן,יחידה,0.00,יחידה,false,,29.90,0.0000,true,1,257727
7290019015772,false,"בקבוק טריטן 750 מ""ל",,,בקבוק טריטן,יחידה,0.00,יחידה,false,,39.90,0.0000,true,1,257729
7290019015796,false,"קערה קטנה 15 ס""מ במב",,,קערה קטנה,יחידה,0.00,יחידה,false,,14.90,0.0000,true,1,257730
7290019015802,false,"קערה בינונית 19.6 ס""",,,קערה בינונית,יחידה,0.00,יחידה,false,,29.90,0.0000,true,1,257731
7290019015826,false,צלחת ראשונה,,,צלחת ראשונה,יחידה,0.00,יחידה,false,,12.90,0.0000,true,1,257733
7290019015833,false,צלחת מנה עיקרית 25 ס,,,צלחת עיקרית,יחידה,0.00,יחידה,false,,15.90,0.0000,true,1,257734
7290019056027,false,שוופס מוגז פירות תפוחים ללא סוכר 1.5 ליטר פיקדון,"יפאורה תבורי בע""מ",IL,שוופס מוגז פירות תפו,יחידה,0.00,יחידה,false,,8.90,0.0000,true,1,247302
7290019056034,false,שוופס מוגז פירות אננס ללא סוכר 1.5 ליטר פיקדון,"יפאורה תבורי בע""מ",IL,שוופס מוגז פירות אננ,יחידה,0.00,יחידה,false,,8.90,0.0000,true,1,247303
7290019056041,false,שוופס מוגז פירות לימונייד ללא סוכר 1.5 ליטר פיקדון,"יפאורה תבורי בע""מ",IL,שוופס מוגז פירות לימ,יחידה,0.00,יחידה,false,,8.90,0.0000,true,1,247304
7290019056058,false,שוופס מוגז עדין תפוח ליים 1.5 ליטר פיקדון,"יפאורה תבורי בע""מ",IL,שוופס מוגז עדין תפוח,יחידה,0.00,יחידה,false,,8.90,0.0000,true,1,247305
7290019056065,false,שוופס מוגז עדין פירות יער 1.5 ליטר פיקדון,"יפאורה תבורי בע""מ",IL,שוופס מוגז עדין פירו,יחידה,0.00,יחידה,false,,8.90,0.0000,true,1,247306
7290019056072,false,שוופס מוגז עדין אננס 1.5 ליטר פיקדון,מיוצר עי קונדיטוריית,IL,שוופס מוגז עדין אננס,יחידה,0.00,יחידה,false,,8.90,0.0000,true,1,247307
7290019056089,false,שוופס מוגז עדין ענבי ריזלינג 1.5 ליטר פיקדון,"יפאורה תבורי בע""מ",IL,שוופס מוגז עדין ענבי,יחידה,0.00,יחידה,false,,8.90,0.0000,true,1,247308
7290019056096,false,שוופס מוגז עדין אפרסק 1.5 ליטר פיקדון,"יפאורה תבורי בע""מ",IL,שוופס מוגז עדין אפרס,יחידה,0.00,יחידה,false,,8.90,0.0000,true,1,247309
7290019056157,false,שוופס סודה פירות יער 1.5 ליטר בק' בודד פיקדון,יפאורה תבורי,IL,שוופס סודה פירות יער,יחידה,0.00,יחידה,false,,4.50,0.0000,true,1,247314
7290019056164,false,שוופס סודה 1.5 ליטר רביעייה פיקדון,"יפאורה תבורי בע""מ",IL,שוופס סודה 1.5 ל' רב,יחידה,0.00,יחידה,false,,12.90,0.0000,true,1,247315
7290019056171,false,שוופס סודה לימון 1.5 ליטר רביעייה פיקדון,"יפאורה תבורי בע""מ",IL,שוופס סודה לימון 1.5,יחידה,0.00,יחידה,false,,12.90,0.0000,true,1,247316
7290019056188,false,שוופס סודה נענע ליים 1.5 ליטר רביעייה פיקדון,"יפאורה תבורי בע""מ",IL,שוופס סודה נענע ליים,יחידה,0.00,יחידה,false,,12.90,0.0000,true,1,247317
7290019056201,false,שוופס סודה פירות יער 1.5 ליטר רביעייה פיקדון,"יפאורה תבורי בע""מ",IL,שוופס סודה פירות יער,יחידה,0.00,יחידה,false,,12.90,0.0000,true,1,247319
7290019056232,false,משקה מוגז בטעם ליים מוחיטו 1.5 ל' שוופס,"יפאורה תבורי בע""מ",IL,שוופס ליים מוחיטו 1.,יחידה,0.00,יחידה,false,,8.90,0.0000,true,1,247320
7290019056249,false,שוופס מים בטעמים ענבים 1.5 ליטר פיקדון,מיוצר עי קונדיטוריית,IL,שוופס מים בטעמים ענב,יחידה,0.00,יחידה,false,,7.90,0.0000,true,1,247321
7290019056256,false,שוופס מים בטעמים תפוחים 1.5 ליטר פיקדון,מיוצר עי קונדיטוריית,IL,שוופס מים בטעמים תפו,יחידה,0.00,יחידה,false,,7.90,0.0000,true,1,247322
7290019056263,false,שוופס מים בטעמים אפרסק 1.5 ליטר פיקדון,מיוצר עי קונדיטוריית,IL,שוופס מים בטעמים אפר,יחידה,0.00,יחידה,false,,7.90,0.0000,true,1,247323
7290019056270,false,שוופס מים בטעמים פירות יער 1.5 ליטר פיקדון,"יפאורה תבורי בע""מ",IL,שוופס מים בטעמים פיר,יחידה,0.00,יחידה,false,,7.90,0.0000,true,1,247324
7290019056287,false,שוופס מים בטעמים אפרסק ללא סוכר 1.5 ליטר פיקדון,"יפאורה תבורי בע""מ",IL,שוופס מים בטעמים אפר,יחידה,0.00,יחידה,false,,7.90,0.0000,true,1,247325
7290019056294,false,שוופס ג'ינג'ר אייל 1.5 ליטר פיקדון,"יפאורה תבורי בע""מ",IL,שוופס ג'ינג'ר אייל 1,יחידה,0.00,יחידה,false,,12.90,0.0000,true,1,247326
7290019056300,false,משקה בטעם ביטר לימון 1.5 ל' שוויפס,"יפאורה תבורי בע""מ",IL,שוופס ביטר למון 1.5,יחידה,0.00,יחידה,false,,12.90,0.0000,true,1,247327
7290019056317,false,שוופס ראשן 1.5 ליטר פיקדון,"יפאורה תבורי בע""מ",IL,שוופס ראשן 1.5 ל',יחידה,0.00,יחידה,false,,12.90,0.0000,true,1,247328
7290019056324,false,שוופס טוניק 1.5 ליטר פיקדון,"יפאורה תבורי בע""מ",IL,שוופס טוניק 1.5 ל',יחידה,0.00,יחידה,false,,12.90,0.0000,true,1,247329
7290019056331,false,שוופס טוניק ללא סוכר 1.5 ליטר פיקדון,מיוצר עי קונדיטוריית,IL,שוופס טוניק ללא סוכר,יחידה,0.00,יחידה,false,,12.90,0.0000,true,1,247330
7290019056355,false,תפוזינה לימונדה MIX לימונענע 1.5 ליטר,"יפאורה תבורי בע""מ",IL,תפוזינה לימונענע 1.5,יחידה,0.00,יחידה,false,,8.90,0.0000,true,1,247331
7290019056362,false,תפוזינה ענבים 1.5 ליטר פיקדון,"יפאורה תבורי בע""מ",IL,תפוזינה ענבים 1.5 ל',יחידה,0.00,יחידה,false,,8.90,0.0000,true,1,247332
7290019056379,false,תפוזינה תפוזים 1.5 ליטר פיקדון,"יפאורה תבורי בע""מ",IL,תפוזינה תפוזים 1.5 ל,יחידה,0.00,יחידה,false,,8.90,0.0000,true,1,247333
7290019056386,false,פתוזינה אשכולית 1.5 ליטר פיקדון,"יפאורה תבורי בע""מ",IL,תפוזינה אשכוליות 1.5,יחידה,0.00,יחידה,false,,8.90,0.0000,true,1,247334
7290019056393,false,תפוזינה תות בננה 1.5 ליטר פיקדון,"יפאורה תבורי בע""מ",IL,תפוזינה תות בננה 1.5,יחידה,0.00,יחידה,false,,8.90,0.0000,true,1,247335
7290019056409,false,תפוזינה מנגו 1.5 ליטר פיקדון,"יפאורה תבורי בע""מ",IL,תפוזינה מנגו 1.5 ל',יחידה,0.00,יחידה,false,,8.90,0.0000,true,1,247336
7290019056416,false,מיץ בטעם לימונדה ורודה 1.5 ל' תפוזינה,"יפאורה תבורי בע""מ",IL,תפוזינה לימונדה ורוד,יחידה,0.00,יחידה,false,,8.90,0.0000,true,1,247337
7290019056423,false,מיץ בטעם תפוח רענן 1.5ל' תפוזינה,"יפאורה תבורי בע""מ",IL,תפוזינה תפוחים 1.5 ל,יחידה,0.00,יחידה,false,,8.90,0.0000,true,1,247338
7290019056430,false,תפוזינה תפוזים לייט 1.5 ליטר פיקדון,"יפאורה תבורי בע""מ",IL,תפוזינה תפוזים לייט,יחידה,0.00,יחידה,false,,8.90,0.0000,true,1,247339
7290019056447,false,תפוזינה אשכוליות לייט 1.5 ליטר פיקדון,"יפאורה תבורי בע""מ",IL,תפוזינה אשכוליות ליי,יחידה,0.00,יחידה,false,,8.90,0.0000,true,1,247340
7290019056461,false,מארז משקה בטעם קולה שישייה * 1.5 ל' אר.סי,"יפאורה תבורי בע""מ",IL,אר סי 1.5 ל' שישייה,יחידה,0.00,יחידה,false,,39.90,0.0000,true,1,247342
7290019056478,false,ספרינג טי קר אפרסק 1.5ליטר פיקדון,"יפאורה תבורי בע""מ",IL,ספרינג תה אפרסק 1.5,יחידה,0.00,יחידה,false,,7.90,0.0000,true,1,247343
7290019056485,false,ספריג תה ירוק לימון לואיזה 1.5 ליטר פיקדון,"יפאורה תבורי בע""מ",IL,ספרינג תה תה ירוק לי,יחידה,0.00,יחידה,false,,7.90,0.0000,true,1,247344
7290019056492,false,ספרינג תה מנגו אפרסק 1.5 ליטר פיקדון,"יפאורה תבורי בע""מ",IL,ספרינג תה מנגו אפרסק,יחידה,0.00,יחידה,false,,7.90,0.0000,true,1,247345
7290019056508,false,פרוט ווטר ענבים 1.5 ליטר פיקדון,"יפאורה תבורי בע""מ",IL,פרוט ווטר ענבים 1.5,יחידה,0.00,יחידה,false,,8.90,0.0000,true,1,247346
7290019056515,false,פרוט ווטר אננס 1.5 ליטר פיקדון,"יפאורה תבורי בע""מ",IL,פרוט ווטר אננס 1.5 ל,יחידה,0.00,יחידה,false,,8.90,0.0000,true,1,247347
7290019056522,false,פרוט ווטר תות 1.5 ליטר פיקדון,"יפאורה תבורי בע""מ",IL,פרוט ווטר תות 1.5 ל',יחידה,0.00,יחידה,false,,8.90,0.0000,true,1,247348
7290019056539,false,פרוט ווטר אפרסק 1.5 ליטר פיקדון,"יפאורה תבורי בע""מ",IL,פרוט ווטר אפרסק 1.5,יחידה,0.00,יחידה,false,,8.90,0.0000,true,1,247349
7290019056546,false,פרוט ווטר אבטיח 1.5 ליטר פיקדון,"יפאורה תבורי בע""מ",IL,פרוט ווטר אבטיח 1.5,יחידה,0.00,יחידה,false,,8.90,0.0000,true,1,247350
7290019056553,false,עין גדי מים מינרלים 2 ליטר*6 יח',עין גדי מים מינרליים,IL,עין גדי 2 ל' שישיות,ליטרים,2.00,ליטר,false,,13.80,6.9000,true,1,246976
7290019056577,false,משקה קל מנגו ספרינג 1.5 ליטר,"יפאורה תבורי בע""מ",IL,ספרינג מנגו 1.5 ל',יחידה,0.00,יחידה,false,,8.90,0.0000,true,1,247352
7290019056584,false,משקה קל תפוזים ספרינג 1.5 ליטר,"יפאורה תבורי בע""מ",IL,ספרינג תפוזים 1.5 ל',יחידה,0.00,יחידה,false,,8.90,0.0000,true,1,247353
7290019056591,false,משקה קל ענבים ספרינג 1.5 ליטר,"יפאורה תבורי בע""מ",IL,ספרינג ענבים 1.5 ל',יחידה,0.00,יחידה,false,,8.90,0.0000,true,1,247354
7290019056607,false,משקה קל תפוחים ספרינג 1.5 ליטר,"יפאורה תבורי בע""מ",IL,ספרינג תפוחים 1.5 ל',יחידה,0.00,יחידה,false,,8.90,0.0000,true,1,247355
7290019056614,false,משקה קל אפרסק ספרינג 1.5 ליטר,"יפאורה תבורי בע""מ",IL,ספרינג אפרסק 1.5 ל',יחידה,0.00,יחידה,false,,8.90,0.0000,true,1,247356
7290019056621,false,משקה קל פירות טרופיים ספרינג 1.5 ליטר,"יפאורה תבורי בע""מ",IL,ספרינג פירות טרופיים,יחידה,0.00,יחידה,false,,8.90,0.0000,true,1,247357
7290019056638,false,משקה קל תות בננה ספרינג 1.5 ליטר,"יפאורה תבורי בע""מ",IL,ספרינג תות בננה 1.5,יחידה,0.00,יחידה,false,,8.90,0.0000,true,1,247358
7290019056645,false,משקה קל אגס תפוח סברס ספרינג 1.5 ליטר,"יפאורה תבורי בע""מ",IL,ספרינג אגס תפוח סברס,יחידה,0.00,יחידה,false,,8.90,0.0000,true,1,247359
7290019056652,false,משקה קל אננס בננה ספרינג 1.5 ליטר,"יפאורה תבורי בע""מ",IL,ספרינג אננס בננה 1.5,יחידה,0.00,יחידה,false,,8.90,0.0000,true,1,247360
7290019056676,false,משקה קל אשכולית אננס דיאט ספרינג 1.5 ליטר,"יפאורה תבורי בע""מ",IL,ספרינג אשכוליות אננס,יחידה,0.00,יחידה,false,,8.90,0.0000,true,1,247362
7290019056720,false,קריסטל מיץ ענבים 2 ליטר פיקדון,יפאורה תבורי,IL,קריסטל מיץ ענבים 2 ל,יחידה,0.00,יחידה,false,,7.90,0.0000,true,1,247366
7290019056737,false,קריסטל מיץ אשכוליטרות 2 ליטר,יפאורה תבורי,IL,קריסטל מיץ אשכוליות,יחידה,0.00,יחידה,false,,7.90,0.0000,true,1,247367
7290019056744,false,קריסטל מיץ תפוזים 2 ליטר פיקדון,יפאורה תבורי,IL,קריסטל מיץ תפוזים 2,יחידה,0.00,יחידה,false,,7.90,0.0000,true,1,247368
7290019056751,false,קריסטל מיץ אשכוליות דיאט 2 ליטר פיקדון,יפאורה תבורי,IL,קריסטל מיץ אשכוליות,יחידה,0.00,יחידה,false,,7.90,0.0000,true,1,247369
7290019056768,false,קריסטל מיץ מנגו 2 ליטר פיקדון,יפאורה תבורי,IL,קריסטל מיץ מנגו 2 ל',יחידה,0.00,יחידה,false,,7.90,0.0000,true,1,247370
7290019056775,false,קריסטל מוגז ענבים 2 ליטר פיקדון,יפאורה תבורי,IL,קריסטל מוגז ענבים 2,יחידה,0.00,יחידה,false,,7.90,0.0000,true,1,247371
7290019056782,false,משקה מוגז בטעם לימון ליים 2 ל' קריסטל,יפאורה תבורי,IL,קריסטל מוגז למון ליי,יחידה,0.00,יחידה,false,,7.90,0.0000,true,1,247372
7290019056799,false,קריסטל מוגז אקזוטי 2 ליטר פיקדון,יפאורה תבורי,IL,קריסטל מוגז אקזוטי 2,יחידה,0.00,יחידה,false,,7.90,0.0000,true,1,247373
7290019056805,false,קריסטל מוגז תפוחים 2 ליטר פיקדון,יפאורה תבורי,IL,קריסטל מוגז תפוחים 2,יחידה,0.00,יחידה,false,,7.90,0.0000,true,1,247374
7290019056812,false,קריסטל מוגז מנטה 2 ליטר פיקדון,יפאורה תבורי,IL,קריסטל מוגז מנטה 2 ל,יחידה,0.00,יחידה,false,,7.90,0.0000,true,1,247375
7290019056829,false,קריסטל מוגז תפוזים 2 ליטר פיקדון,קריות זול,,קריסטל מוגז תפוזים 2,יחידה,0.00,יחידה,false,,7.90,0.0000,true,1,247376
7290019056836,false,קריסטל מוגז תות 2 ליטר פיקדון,יפאורה תבורי,IL,קריסטל מוגז תות 2 ל',יחידה,0.00,יחידה,false,,7.90,0.0000,true,1,247377
7290019056843,false,קריסטל מוגז קולה 2 ליטר פיקדון,קריות זול,IL,קריסטל מוגז קולה 2 ל,יחידה,0.00,יחידה,false,,7.90,0.0000,true,1,247378
7290019056881,false,שוופס סודה 1.5 ליטר,"יפאורה תבורי בע""מ",IL,שוופס סודה 1.5 ל',יחידה,0.00,יחידה,false,,3.20,0.0000,true,1,248540
7290019056942,false,מים מינרליים טבעיים,יפאורה,IL,עין גדי 2 ל' בק' בוד,ליטרים,2.00,ליטר,false,,4.20,2.1000,true,1,248326
7290019056966,false,מי עדן בקבוק פיקדון 1.5 ליטר,"מי עדן בע""מ",IL,מי עדן 1.5 ל' בק' בו,ליטרים,1.50,ליטר,false,,5.20,3.4667,true,1,248328
7290019056973,false,שישיית מי עדן 1.5 ליטר משפחתי,מופק ממקור בזלתי עדן,IL,מי עדן 1.5 ל' שישייה,ליטרים,1.50,ליטר,false,,14.90,9.9333,true,1,246906
7290019060062,false,אבוקדו אבו קינג 227 ג',,,אבוקדו האס מקסיקני,יחידה,0.00,יחידה,false,,9.90,0.0000,true,1,262400
7290019060093,false,לקט ירקות העונה 800,,,לקט ירקות העונה 800,גרמים,800.00,100 גרם,false,,12.90,0.0161,true,1,262863
7290019060277,false,גרינז אפונה קפואה 80,,,גרינז אפונה קפואה 80,יחידה,0.00,יחידה,false,,12.90,0.0000,true,1,262384
7290019060284,false,גרינז אפונה וגזר קפו,,,גרינז אפונה וגזר קפו,גרמים,800.00,100 גרם,false,,10.90,0.0136,true,1,262861
7290019060307,false,גרינז גזר גמדי 800 ג,,,גרינז גזר גמדי 800 ג,גרמים,800.00,100 גרם,false,,10.90,0.0136,true,1,262864
7290019060314,false,גרינז חומוס גרגירים,,,גרינז חומוס גרגירים,גרמים,800.00,100 גרם,false,,11.90,0.0149,true,1,262867
7290019060321,false,גרינז שעועית ירוקה ע,,,גרינז שעועית ירוקה ע,גרמים,800.00,100 גרם,false,,12.90,0.0161,true,1,262862
7290019060338,false,גרינז שעועית ירוקה ח,,,גרינז שעועית ירוקה ח,גרמים,800.00,100 גרם,false,,12.90,0.0161,true,1,262868
7290019060352,false,גרין גרעיני תירס 800 ג',,,גרינז גרעיני תירס 80,גרמים,800.00,100 גרם,false,,14.90,0.0186,true,1,262865
7290019060369,false,גרינז שעועית צהובה ח,,,גרינז שעועית צהובה ח,גרמים,800.00,100 גרם,false,,12.90,0.0161,true,1,262869
7290019060376,false,גרינז לקט סיני 800 ג,,,גרינז לקט סיני 800 ג,גרמים,800.00,100 גרם,false,,12.90,0.0161,true,1,262870
7290019060383,false,גרינז לקט קוסקוס מינ,,,גרינז לקט קוסקוס מינ,יחידה,0.00,יחידה,false,,12.90,0.0000,true,1,262871
7290019060390,false,גרינז לקט ירדן 800 ג,,,גרינז לקט ירדן 800 ג,גרמים,800.00,100 גרם,false,,10.90,0.0136,true,1,262872
7290019060406,false,גרינז שעועית לבנה 80,,,גרינז שעועית לבנה 80,גרמים,800.00,100 גרם,false,,12.90,0.0161,true,1,262873
7290019060413,false,גרינז מרק ירקות 800 ג',,,גרינז לקט למרק 800 ג,גרמים,800.00,100 גרם,false,,10.90,0.0136,true,1,262397
7290019060796,false,גרינז שעועית דקיקה ל,,,גרינז שעועית דקיקה ל,גרמים,800.00,100 גרם,false,,14.90,0.0186,true,1,262398
7290019074090,false,"ד""ר פישר - קמיל בלו אקסטרה סופט אל סבון לתינוק 500 מ""ל",פישר תעשיות,IL,קמיל בלו אקסטרה סופר,גרמים,500.00,100 גרם,false,,19.90,0.0398,true,1,265833
7290019074298,false,"ד""ר פישר - קמיל בלו אקסטרה סופט שמפו לתינוק 500 מ""ל",פישר תעשיות,IL,קמיל בלו אקסטרה סופר,גרמים,500.00,100 גרם,false,,19.90,0.0398,true,1,265834
7290019074359,false,"תחליב רחצה שמן ארגה משאבה 700 מ""ל ד""ר פישר",פישר מעבדות פרמצבטיו,IL,אפקטיב קר תחליב רחצה,מיליליטרים,700.00,"100 מ""ל",false,,16.90,0.0241,true,1,259286
7290019074755,false,"תחליב רחצה שמן שקדים משאבה 700 מ""ל ד""ר פישר",פישר מעבדות פרמצבטיו,IL,אפקטיב קר תחליב רחצה,מיליליטרים,700.00,"100 מ""ל",false,,16.90,0.0241,true,1,259288
7290019074885,false,"ד""ר פישר - קמיל בלו אקסטרה סופט קרם גוף לתינוק 500 מ""ל",פישר תעשיות,IL,קמיל בלו אקסטרה סופט,יחידה,0.00,יחידה,false,,29.90,0.0000,true,1,265923
7290019075103,false,קמיל בלו אקסטרה סופט שמפו לתינוק 1 ליטר,פישר תעשיות,IL,קמיל בלו אקסטרה סופר,יחידה,0.00,יחידה,false,,29.90,0.0000,true,1,265836
7290019075400,false,אפקטיב קר תחליב רחצה לגוף - שיבולת שועל,פישר מעבדות פרמצבטיו,IL,דר פישר אפקטיב קר תח,מיליליטרים,700.00,"100 מ""ל",false,,14.90,0.0213,true,1,268725
7290019075479,false,"ד""ר פישר - קמיל בלו קלאסיק שמפו לתינוק 1 ליטר",פישר תעשיות,IL,קמיל בלו שמפו ללא דמ,ליטרים,1000.00,100 ליטר,false,,32.00,0.0320,true,1,267922
7290019075608,false,אפקטיב קר תחליב רחצה לגוף - תה ירוק ויטמ,פישר מעבדות פרמצבטיו,IL,אפקטיב קר תחליב רחצה,מיליליטרים,700.00,"100 מ""ל",false,,14.90,0.0213,true,1,268726
7290019075899,false,קמיל בלו אקסטרה סופט אל סבון לתינוק 1 לי,פישר תעשיות,IL,קמיל בלו אקסטרה סופר,יחידה,0.00,יחידה,false,,29.90,0.0000,true,1,265835
7290019105497,false,נויה דילייטס סבון יד,,,נויה דילייטס סבון יד,מיליליטרים,500.00,"100 מ""ל",false,,14.90,0.0298,true,1,254245
7290019105527,false,נויה אל סבון נוזלי 1,,,נויה אל סבון נוזלי 1,ליטרים,1000.00,100 ליטר,false,,10.90,0.0109,true,1,265639
7290019105688,false,הום שלישיית מגבונים,,,הום שלישיית מגבונים,יחידה,50.00,יחידה,false,,19.90,0.3980,true,1,255434
7290019105725,false,נויה אל סבון נוזלי 1,,,נויה אל סבון נוזלי 1,ליטרים,1000.00,100 ליטר,false,,10.90,0.0109,true,1,265640
7290019105886,false,נויה דילייטס סבון יד,,,נויה דילייטס סבון יד,מיליליטרים,500.00,"100 מ""ל",false,,14.90,0.0298,true,1,254246
7290019153344,false,מיץ בטעם סנגרייה 1.5 ל' תפוזינה,"יפאורה תבורי בע""מ",IL,תפוזינה סנגרייה 1.5,ליטרים,1.50,ליטר,false,,8.90,5.9333,true,1,260207
7290019153351,false,מיץ בטעם פינק אוזו 1.5 ל' תפוזינה,"יפאורה תבורי בע""מ",IL,תפוזינה פינק אוזו 1.,ליטרים,1.50,ליטר,false,,8.90,5.9333,true,1,260208
7290019153375,false,מיץ בטעם מוחיטו 1.5 ל' תפוזינה,"יפאורה תבורי בע""מ",IL,תפוזינה מוחיטו 1.5 ל,ליטרים,1.50,ליטר,false,,8.90,5.9333,true,1,260209
7290019167006,false,מעדן אורז בחלב 135 ג' eden,,,מעדן אורז בחלב Rice,גרמים,135.00,100 גרם,false,,4.10,0.0304,true,1,248953
7290019167013,false,מעדן סחלב 135 ג' eden,,,מעדן סחלב,גרמים,135.00,100 גרם,false,,4.10,0.0304,true,1,248954
7290019167020,false,עוגת גבינה עם פירות יער לייט 80 ג' קינוחי עדן,תנובה,IL,עוגת גבינה עם פירות,יחידה,0.00,יחידה,false,,4.90,0.0000,true,1,266863
7290019167037,false,קינוח עדן תותים בקצפת 82 גרם,תנובה,IL,תותים בקצפת 82 גרם,יחידה,0.00,יחידה,false,,4.90,0.0000,true,1,266864
7290019167044,false,קצפת עם קרם בייגלה מתוק מלוח 82 ג' עדן,תנובה,IL,קצפת עם קרם בייגלה מ,יחידה,0.00,יחידה,false,,6.90,0.0000,true,1,266865
7290019226123,false,"קניידלך קפוא 500 גרם כשל""פ תומר",,,קיינדלך כופתאות מצה,גרמים,400.00,100 גרם,false,,19.90,0.0497,true,1,254434
7290019229285,false,הום ג'ל כביסה צבעוני,,,הום ג'ל כביסה צבעוני,יחידה,0.00,יחידה,false,,24.90,0.0000,true,1,257588
7290019229292,false,ג'ל כביסה 3 ליטר לכב,,,ג'ל כביסה 3 ליטר לכב,ליטרים,3.00,ליטר,false,,24.90,8.3000,true,1,261950
7290019229308,false,נוזל רצפה 2ל בניחוח,,,נוזל רצפה 2ל בניחוח,יחידה,0.00,יחידה,false,,12.90,0.0000,true,1,254120
7290019229315,false,נוזל רצפה 2ל בניחוח,,,נוזל רצפה 2ל בניחוח,יחידה,0.00,יחידה,false,,12.90,0.0000,true,1,254121
7290019229322,false,הום נוזל רצפה 2ל מתא,,,הום נוזל רצפה 2ל מתא,יחידה,0.00,יחידה,false,,12.90,0.0000,true,1,254122
7290019229384,false,הום נוזל כלים 1.5 לי,,,הום נוזל כלים 1.5 לי,ליטרים,1.50,ליטר,false,,12.90,8.6000,true,1,260382
7290019229391,false,הום נוזל כלים לימון,,,הום נוזל כלים לימון,ליטרים,1.00,ליטר,false,,9.90,9.9000,true,1,260381
7290019229469,false,הום נוזל רצפה 4 ליטר,,,הום נוזל רצפה 4 ליטר,יחידה,0.00,יחידה,false,,13.90,0.0000,true,1,263188
7290019229476,false,הום נוזל רצפה 4 ליטר,,,הום נוזל רצפה 4 ליטר,יחידה,0.00,יחידה,false,,13.90,0.0000,true,1,263187
7290019229483,false,הום נוזל רצפה 4 ליטר,,,הום נוזל רצפה 4 ליטר,יחידה,0.00,יחידה,false,,13.90,0.0000,true,1,263186
7290019229513,false,הום מרכך כביסה מרוכז,,,הום מרכך כביסה מרוכז,יחידה,0.00,יחידה,false,,13.90,0.0000,true,1,263183
7290019232155,false,"חליטת ""לילה טוב"" קמומיל לבנדר ו25 שקיקים ויסוצקי",תה ויסוצקי,IL,"תה ""לילה טוב"" קמומיל",גרמים,37.50,100 גרם,false,,24.90,0.6640,true,1,269657
7290019232162,false,"חליטת ""לילה טוב"" קמומיל מליסה 25 שקיקים ויסוצקי",תה ויסוצקי,IL,"תה ""לילה טוב"" קמומיל",גרמים,37.50,100 גרם,false,,24.90,0.6640,true,1,269658
7290019232353,false,תה ירוק סיני 50 שקיקים ויסוצקי,תה ויסוצקי,IL,תה ירוק סיני 50 שקיק,יחידה,50.00,יחידה,false,,44.90,0.8980,true,1,263385
7290019232834,false,בייגלה מצופה קרם עוגיות ושוקולד 140 גרם פליפז - רבנות,אולקר מקבוצת פלאדיס,TR,פליפז בייגלה מצופה ק,גרמים,140.00,100 גרם,false,,8.90,0.0636,true,1,261559
7290019237068,false,עוגת ספוג קקאו במילוי ק.וניל 12*35 ג' אנגוי רול,,,עוגיות אנגוי רוול 42,גרמים,420.00,100 גרם,false,,9.90,0.0236,true,1,249343
7290019237075,false,עוגיות ספוג במילוי ק.וניל 12*35 ג' איסי קייק,,,עוגיות איסי קייק 420,גרמים,420.00,100 גרם,false,,9.90,0.0236,true,1,249344
7290019251019,false,שמאי צלחות קטנות מני,,,שמאי צלחות קטנות מני,יחידה,50.00,יחידה,false,,9.90,0.1980,true,1,262692
7290019251040,false,שמאי צלחות גדולות מנ,,,שמאי צלחות גדולות מנ,יחידה,50.00,יחידה,false,,13.90,0.2780,true,1,262693
7290019297161,false,טורטיות ראפ מקמח תירס 540 ג' 12 יח',דין שיווק,TR,טורטיות ראפ מקמח תיר,גרמים,300.00,100 גרם,false,,14.90,0.0497,true,1,133361
7290019297383,false,מעדן משמש ללא סוכר שקדיה 284 ג',לינוי סיטי,CN,"שקדיה מעדן משמש לל""ס",גרמים,284.00,100 גרם,false,,11.90,0.0419,true,1,133367
7290019297406,false,מעדן דובדובן ללא סוכר שקדיה 284 ג',לינוי סיטי,CN,שקדיה מעדן דובדבן לל,גרמים,284.00,100 גרם,false,,11.90,0.0419,true,1,133369
7290019297413,false,מעדן אפרסק ללא סוכר שקדיה 284 ג',לינוי סיטי,CN,"שקדיה מעדן אפרסק לל""",גרמים,284.00,100 גרם,false,,11.90,0.0419,true,1,133370
7290019297451,false,מי ורדים שקדיה 500 מ,אף.סי תבליני בגליל ב,BE,מי ורדים 500 מל,מיליליטרים,500.00,"100 מ""ל",false,,13.90,0.0278,true,1,133373
7290019297505,false,"רוטב רימונים שקדיה 700 מ""ל",קארל קיוחנה,TR,שקדיה רוטב רימונים 7,מיליליטרים,700.00,"100 מ""ל",false,,22.90,0.0327,true,1,133376
7290019297512,false,"רוטב רימונים שקדיה 340 מ""ל בדץ",סיטוגלוגידה,TR,שקדיה רוטב רימונים 3,גרמים,340.00,100 גרם,false,,10.90,0.0321,true,1,133377
7290019302636,false,"קרומבכר בירה רביעייה 330 מ""ל",,,בירה לאגר בסגנון פיל,מיליליטרים,330.00,"100 מ""ל",false,,24.90,0.0755,true,1,268445
7290019376002,false,רוטב שום לימון מיוחד,,,רוטב שום לימון מיוחד,גרמים,500.00,100 גרם,false,,16.90,0.0338,true,1,257654
7290019406112,false,קומקום חשמלי נירוסטה,,,קומקום חשמלי נירוסטה,יחידה,0.00,יחידה,false,,69.90,0.0000,true,1,268030
7290019428091,false,מארז רולים אגוז רביעייה 100X4 גרם,"גילרו בע""מ",IL,מארז חבק רולים אגוז,יחידה,0.00,יחידה,false,,11.90,0.0000,true,1,266967
7290087586808,false,"מבשם גוף אלין 250 מ""ל MADAM",,,"אלין מבשם גוף 250 מ""",מיליליטרים,250.00,"100 מ""ל",false,,42.90,0.1716,true,1,245026
7290089617074,false,פטריות מסליאטה מוחמצות 680 ג,,CN,פטריות מסליאטה מוחמצ,גרמים,680.00,100 גרם,false,,14.90,0.0219,true,1,241522
7290100240137,false,"תרסיס למייבש כביסה כחול 500 מ""ל בדין","זוהר דליה, קיבוץ דלי",IL,בדין למייבש כביסה כח,מיליליטרים,500.00,"100 מ""ל",false,,18.90,0.0378,true,1,113656
7290100240144,false,"תרסיס למייבש כביסה ורוד 500 מ""ל בדין","זוהר דליה, קיבוץ דלי",IL,בדין למייבש כביסה ור,מיליליטרים,500.00,"100 מ""ל",false,,18.90,0.0378,true,1,113657
7290100240632,false,קרקר פתית 200-300ג' 6 דגנים 250 גרם,יוניליוור ישראל מזון,IL,פתית 6 דגנים 250 גרם,גרמים,250.00,100 גרם,false,,14.90,0.0596,true,1,113658
7290100240656,false,"פתית שיפון בד""צ חדש 300X24 גר'",יוניליוור ישראל מזון,IL,פתית שיפון 300 גרם,גרמים,300.00,100 גרם,false,,14.90,0.0497,true,1,113659
7290100243671,false,מרכך כביסה מרכך כביסה בדין אקסטרה 1 ל',יוניליוור סנאיי וי ט,TR,בדין אקסטרא כחול 960,מיליליטרים,960.00,"100 מ""ל",false,,16.90,0.0176,true,1,113683
7290100245231,false,נמס בכוס מרק בטעם עוף עם אטריות ושקדי מרק-2 שקיות,יוניליוור ישראל מזון,IL,נמס בכוס ועוד טעם עו,יחידה,0.00,יחידה,false,,6.90,0.0000,true,1,113701
7290100249598,false,"רוטב לבישול שום ודבש קנור 320ג' בד""צ",יוניליוור ישראל מזון,IL,רוטב לעוף שום ודבש ב,גרמים,320.00,100 גרם,false,,10.90,0.0341,true,1,113779
7290100249659,false,קנור רוטב לעוף צ'ילי ושום 310 גרם-,יוניליוור ישראל מזון,IL,רוטב לעוף צ'ילי שום,גרמים,310.00,100 גרם,false,,10.90,0.0352,true,1,113783
7290100411254,false,מחית בוליווד תפוח ובננה 190 גרם ללא תוספ,בילובד Beloved,SK,מחית תפוח ובננה 190,גרמים,190.00,100 גרם,false,,4.90,0.0258,true,1,207390
7290100412343,false,קוויק מגבונים לניקוי כללי בניחוח לימון 50 יח',די.פי.אל,IL,קוויק מגבונים לניקוי,יחידה,0.00,יחידה,false,,8.90,0.0000,true,1,207406
7290100412435,false,קוויק מגבונים לניקוי כללי בניחוח פרחי בר 50 יח',די.פי.אל,IL,קוויק לניקוי שירותים,יחידה,0.00,יחידה,false,,8.90,0.0000,true,1,207407
7290100412442,false,קוויק מגבונים לניקוי שירותים ואמבטיה מנטה 50יח',די.פי.אל,IL,קוויק מגבונים לניקוי,יחידה,50.00,יחידה,false,,8.90,0.1780,true,1,207408
7290100412459,false,מטליות לחות לניקוי וחיטוי אמבטיה ושירותים לבנדר,די.פי.אל,IL,קוויק לניקוי שירותים,יחידה,0.00,יחידה,false,,8.90,0.0000,true,1,207628
7290100412466,false,מגבונים קוויק לניקוי וחיטוי רצפות בניחוח לימון 10 יח',די.פי.אל,IL,קוויק מטליות לחות לנ,יחידה,0.00,יחידה,false,,11.90,0.0000,true,1,207411
7290100412770,false,"ד""ר עור - תחליב רחצה קלאסי בניחוח מאסק 700 מ""ל","אמיליה קוסמטיקס בע""מ",IL,תחליב רחצה קלקסי מאס,יחידה,0.00,יחידה,false,,12.90,0.0000,true,1,207413
7290100412787,false,"ד""ר עור - תחליב רחצה קלאסי בניחוח פריחת הכותנה 700 מ""ל","אמיליה קוסמטיקס בע""מ",IL,תחליב רחצה קלקסי כות,יחידה,0.00,יחידה,false,,12.90,0.0000,true,1,207414
7290100412794,false,דר עור פילינג עדין לפנים קלאסי מאסק 150,"אמיליה קוסמטיקס בע""מ",IL,פילינג פנים מאסק 15,יחידה,0.00,יחידה,false,,24.90,0.0000,true,1,207417
7290100412800,false,"תחליב רחצה לעור יבש וילד פלאור דר עור 700 מ""ל","אמיליה קוסמטיקס בע""מ",IL,תחליב רחצה לעור יבש,יחידה,0.00,יחידה,false,,12.90,0.0000,true,1,207420
7290100412817,false,קרם רגליים לעור יבש פרחי בר דר עור 100 מ,"אמיליה קוסמטיקס בע""מ",IL,קרם רגליים לעור יבש,יחידה,0.00,יחידה,false,,12.90,0.0000,true,1,207423
7290100412831,false,תחליב רחצה אנטי אייג'ינג בניחוח וניל טרופי,"אמיליה קוסמטיקס בע""מ",IL,תחליב רחצה אנטי אייג,יחידה,0.00,יחידה,false,,12.90,0.0000,true,1,207424
7290100412848,false,DR OR תחליב גוף אנטי אייגינג וניל מעודן 400 מל,"אמיליה קוסמטיקס בע""מ",IL,תחליב גוף אנטי אייגי,יחידה,0.00,יחידה,false,,29.90,0.0000,true,1,207425
7290100485101,false,סילבר מצקת מנירוסטה,,,סילבר מצקת מנירוסטה,יחידה,0.00,יחידה,false,,5.90,0.0000,true,1,223337
7290100485491,false,גיל סט 6 כפיות דגם ג,,,גיל סט 6 כפיות דגם ג,יחידה,0.00,יחידה,false,,5.90,0.0000,true,1,215522
7290100485507,false,גיל סט 6 מזלגות דגם,,,גיל סט 6 מזלגות דגם,יחידה,0.00,יחידה,false,,5.90,0.0000,true,1,215523
7290100485514,false,גיל סט 6 כפות דגם גי,,,גיל סט 6 כפות דגם גי,יחידה,0.00,יחידה,false,,5.90,0.0000,true,1,215524
7290100653463,false,"פלמוליב - ארומה ג'ל רחצה מסאז' 500 מ""ל",קולגייט פלמוליב,IT,פלמוליב סבון נוזלי ס,מיליליטרים,500.00,"100 מ""ל",false,,15.90,0.0318,true,1,125068
7290100659090,false,פרי חטיפים ללא גלוטן ותוספת סוכר מארז 5 תמרים וקינמון,טבעית מוצרים מן הטבע,IL,פרי חטיפים ללא סוכר,יחידה,5.00,יחידה,false,,16.90,3.3800,true,1,125076
7290100680650,false,מנה חמה נודלס-אטריות ירקות טעם תאילנדי אסם 76 ג',THAI PRESIDENT FOODS,TH,מנה חמה נודלס-אטריות,יחידה,0.00,יחידה,false,,7.90,0.0000,true,1,123658
7290100680711,false,פירורית זהב אסם זהב 350ג',עינת תעשיות מזון אגו,IL,פירורית זהב שקית 350,גרמים,350.00,100 גרם,false,,9.90,0.0283,true,1,123660
7290100680728,false,פירורית רגילה שקית 350 גרם,מיוצר עי קונדיטוריית,IL,פירורית רגילה שקית 3,גרמים,350.00,100 גרם,false,,7.90,0.0226,true,1,123661
7290100681015,false,אינסטנט פודינג בטעם ריבת חלב אסם 84 גרם,מיוצר עי קונדיטוריית,IL,אסם פודינג אינסטנט ר,יחידה,0.00,יחידה,false,,5.50,0.0000,true,1,123663
7290100681138,false,מארז אפרופו חטיף תירס 3 יחידות,"אסם תעשיות בע""מ",IL,אפרופו מארז שלשיה 15,גרמים,150.00,100 גרם,false,,13.90,0.0927,true,1,123665
7290100681503,false,עסיס סירופ לימונענע דיאטטי 1 ליטר,בית-השיטה עסיס תעשיו,IL,עסיס סירופ דיאט בטעם,ליטרים,1.00,ליטר,false,,19.90,19.9000,true,1,123667
7290100683880,false,תבשילים משפחתיים פירה 260 גרם,"אסם השקעות בע""מ",IL,אסם פירה רגיל 260 גר,גרמים,260.00,100 גרם,false,,15.90,0.0612,true,1,123677
7290100685136,false,"אבקת מרק בטעם עוף אסם 1 ק""ג","אסם תעשיות בע""מ",IL,"אסם מרק טעם עוף 1 ק""",קילוגרמים,1.00,"ק""ג",false,,15.90,15.9000,true,1,123683
7290100685334,false,אבקת מרק עוף אמיתי בשרי רכיבים טבעיים אסם 400 גרם,"אסם תעשיות בע""מ",IL,מרק עוף רכיבים טבעיי,גרמים,400.00,100 גרם,false,,21.90,0.0547,true,1,123684
7290100685341,false,אבקת מרק טעם עוף זך רכיבים טבעיים אסם 400 גרם,"אסם תעשיות בע""מ",IL,מרק טעם עוף זך רכיבי,גרמים,400.00,100 גרם,false,,18.90,0.0472,true,1,123685
7290100685563,false,פירורית זהב אסם מארז 200X2ג',קריות זול,IL,פירורית זהב שקית 2 *,גרמים,400.00,100 גרם,false,,9.90,0.0248,true,1,199229
7290100686164,false,מארז מולטיפק ביסלי ברביקיו 6 יח 35 גר יח,מיוצר עי קונדיטוריית,IL,מארז ביסלי ברביקיו 6,גרמים,210.00,100 גרם,false,,12.90,0.0614,true,1,123690
7290100686171,false,מארז מולטיפק ביסלי גריל 6 יח 35 גר ליח,"אסם תעשיות בע""מ",IL,מארז ביסלי גריל 6*35,גרמים,210.00,100 גרם,false,,12.90,0.0614,true,1,123691
7290100687109,false,במבה במילוי קרם נוגט 60ג' אסם,"אסם תעשיות בע""מ",IL,במבה במילוי קרם נוגט,יחידה,0.00,יחידה,false,,4.90,0.0000,true,1,123694
7290100689301,false,אבקת מרק בטעם עוף זך עדיף אסם 400 גרם,"אסם השקעות בע""מ",IL,מרק עוף זך - עדיף 40,גרמים,400.00,100 גרם,false,,15.90,0.0398,true,1,123704
7290100700006,false,"סוגת חיטה 1 ק""ג","סוגת תעשיות בע""מ",IL,"סוגת חיטה 1 ק""ג",קילוגרמים,1.00,"ק""ג",false,,8.90,8.9000,true,1,119759
7290100700020,false,סוגת גריסי פנינה 500 גרם,האי נאם סי או אל.טי.,IL,סוגת גריסי פנינה 200,גרמים,200.00,100 גרם,false,,4.90,0.0245,true,1,119760
7290100700068,false,סוגת שעועית צבעונית 500גרם,"סוגת תעשיות בע""מ",IL,סוגת שעועית צבעונית,גרמים,500.00,100 גרם,false,,11.90,0.0238,true,1,119761
7290100700242,false,"סוגת אורז מלא עגול 1 ק""ג","סוגת תעשיות בע""מ",IL,סוגת אורז מלא עגול 1,קילוגרמים,1.00,"ק""ג",false,,9.90,9.9000,true,1,119763
7290100700273,false,קינואה לבנה 500 ג סו,האי נאם סי או אל.טי.,IL,סוגת קינואה 500 גרם,גרמים,500.00,100 גרם,false,,12.90,0.0258,true,1,163826
7290100700297,false,סוגת עדשים שחורות 500 גרם,"סוגת תעשיות בע""מ",IL,סוגת עדשים שחורות 50,גרמים,500.00,100 גרם,false,,7.90,0.0158,true,1,119766
7290100700310,false,"סוגת כוסמת סוגת 1ק""ג","סוגת תעשיות בע""מ",IL,"סוגת כוסמת סוגת 1ק""ג",קילוגרמים,1.00,"ק""ג",false,,14.90,14.9000,true,1,119767
7290100700327,false,"גריסי פנינה סוגת 1 ק""ג","סוגת תעשיות בע""מ",IL,סוגת גריסי פנינה 1 ק,גרמים,1000.00,100 גרם,false,,9.90,0.0099,true,1,119768
7290100700334,false,קינואה לבנה 1 קג סוג,"סוגת תעשיות בע""מ",IL,סוגת קינואה 1קג,יחידה,0.00,יחידה,false,,19.90,0.0000,true,1,162601
7290100700365,false,"שעועית אדומה 1 ק""ג סוגת",סוגת תעשיות בעמ,,סוגת שעועית אדומה 1,גרמים,1000.00,100 גרם,false,,21.90,0.0219,true,1,119769
7290100700372,false,"סוגת אורז בסמטי מלא 1 ק""ג",האי נאם סי או אל.טי.,IL,סוגת אורז בסמטי מלא,קילוגרמים,1.00,"ק""ג",false,,13.90,13.9000,true,1,119770
7290100700389,false,"אורז אדום 1 ק""ג ""סוגת""",סוגת תעשיות בעמ,IL,"סוגת אורז אדום 1 ק""ג",קילוגרמים,1.00,"ק""ג",false,,12.10,12.1000,true,1,119771
7290100700396,false,"סוגת אורז יסמין קלאסי 1 ק""ג",האי נאם סי או אל.טי.,IL,סוגת אורז יסמין קלאס,קילוגרמים,1.00,"ק""ג",false,,12.90,12.9000,true,1,119772
7290100700402,false,"סוגת חומוס ענק 1 ק""ג",סוגת תעשיות בעמ,IL,"סוגת חומוס ענק 1 ק""ג",קילוגרמים,1.00,"ק""ג",false,,22.90,22.9000,true,1,119773
7290100700419,false,"סוגת בורגול 1 ק""ג","סוגת תעשיות בע""מ",IL,"סוגת בורגול 1 ק""ג",גרמים,1000.00,100 גרם,false,,7.90,0.0079,true,1,119774
7290100700563,false,"סוגת אורז מיקס קלאסי 1 ק""ג",סוגת תעשיות בעמ,IL,"סוגת אורז מיקס 1 ק""ג",קילוגרמים,1.00,"ק""ג",false,,13.10,13.1000,true,1,119778
7290100700587,false,"בורגול ""סוגת"" 500 גרם",האי נאם סי או אל.טי.,IL,סוגת בורגול 500 גר,גרמים,500.00,100 גרם,false,,4.90,0.0098,true,1,119779
7290100701126,false,סוגת שעועית מש סוגת 500 גרם,סוגת תעשיות בעמ,IL,שעועית מש 500 גר,גרמים,500.00,100 גרם,false,,11.90,0.0238,true,1,119803
7290100701140,false,"אורז ריזוטו ארבוריו 1 ק""ג ""סוגת""","סוגת תעשיות בע""מ",IL,"אורז ריזוטו 1 ק""ג",קילוגרמים,1.00,"ק""ג",false,,12.90,12.9000,true,1,119804
7290100701157,false,אורז להכנת סושי סוגת,סוגת תעשיות בעמ,IL,אורז סושי 1 קג,גרמים,1000.00,100 גרם,false,,11.90,0.0119,true,1,119805
7290100701300,false,סוגת קינואה אדומה 500גרם,סוגת,,סוגת קינואה אדומה 50,גרמים,500.00,100 גרם,false,,12.90,0.0258,true,1,119814
7290100701331,false,קמח רב תכליתי שטיבל קמח חיטה לבן בהיר,"שטיבל בע""מ - טחנות ק",IL,סוגת קמח רב תכליתי 1,קילוגרמים,1.00,"ק""ג",false,,7.90,7.9000,true,1,119816
7290100701348,false,"קמח שיפון מלא 1 ק""ג סוגת",שטיבל טחנות קמח,IL,סוגת קמח שיפון מלא 1,קילוגרמים,1.00,"ק""ג",false,,7.90,7.9000,true,1,119817
7290100701386,false,קמח לחלה 1קג סוגת ני,שטיבל טחנות קמח,IL,"סוגת קמח לחלה 1ק""ג",קילוגרמים,1.00,"ק""ג",false,,7.90,7.9000,true,1,119819
7290100701409,false,קמח תירס סוגת 500 גר,מולינו פילה ספא,IL,סוגת קמח תירס 500 גר,גרמים,500.00,100 גרם,false,,5.90,0.0118,true,1,176265
7290100701454,false,סוגת גרישה סוגת 500 גרם,"סוגת תעשיות בע""מ",IL,סוגת גרישה 500 גרם,גרמים,500.00,100 גרם,false,,4.90,0.0098,true,1,119822
7290100701577,false,קמח לחם קמח חיטה לבן שטיבל,שטיבל טחנות קמח,IL,סוגת קמח לחם מועשר ב,קילוגרמים,1.00,"ק""ג",false,,7.90,7.9000,true,1,119823
7290100701881,false,קמח פיצה ופוקצ'ה- קמח חיטה לבן בהיר שטיבל,"שטיבל בע""מ - טחנת קמ",IL,סוגת קמח פיצה ופוקצה,קילוגרמים,1.00,"ק""ג",false,,7.90,7.9000,true,1,119837
7290100701898,false,קמח סוגת לפסטה 1 קג,שטיבל טחנות קמח,IL,סוגת קמח פסטה 1קג,יחידה,0.00,יחידה,false,,14.90,0.0000,true,1,119838
7290100702260,false,סוגת קוסקוס דק 350 גרם,"אסיף תעשיות מזון בע""",IL,סוגת קוסקוס דק 350 ג,גרמים,350.00,100 גרם,false,,4.90,0.0140,true,1,119845
7290100702277,false,סוגת קוסקוס עבה 350 גרם,"אסיף תעשיות מזון בע""",IL,סוגת קוסקוס עבה 350,גרמים,350.00,100 גרם,false,,4.90,0.0140,true,1,119846
7290100702284,false,קוסקוס מלא סוגת 350 גרם,"אסיף תעשיות מזון בע""",IL,סוגת קוסקוס מלא 350,גרמים,350.00,100 גרם,false,,4.90,0.0140,true,1,173089
7290100702314,false,שעועית שחורה 500 גרם סוגת,סוגת תעשיות בעמ,IL,סוגת שעועית שחורה 50,גרמים,500.00,100 גרם,false,,12.90,0.0258,true,1,119849
7290100702383,false,קמח תופח מס' 13 סוגת,שטיבל טחנות קמח,IL,סוגת קמח תופח 1 קג,יחידה,0.00,יחידה,false,,7.90,0.0000,true,1,119853
7290100702611,false,פתיתים אפויים אורז סוגת 500 גרם,"אסיף תעשיות מזון בע""",IL,סוגת פתיתים אפויים א,גרמים,500.00,100 גרם,false,,5.90,0.0118,true,1,119861
7290100702628,false,פתיתים אפויים קוסקוס סוגת 500 גרם,"אסיף תעשיות מזון בע""",IL,סוגת פתיתים אפויים ק,גרמים,500.00,100 גרם,false,,5.90,0.0118,true,1,119862
7290100702642,false,פתיתים אפויים טבעת 500 ג' סוגת,"אסיף תעשיות מזון בע""",IL,סוגת פתיתים אפויים ט,גרמים,500.00,100 גרם,false,,5.90,0.0118,true,1,119864
7290100702741,false,"סוכר חום בהיר בצנצנת 1 ק""ג סוגת",סוגת תעשיות בעמ,IL,סוגת סוכר חום בהיר צ,גרמים,1000.00,100 גרם,false,,9.90,0.0099,true,1,119873
7290100702987,false,שיבולת שועל פתיתים סוגת 500 גרם,סוגת תעשיות,,סוגת שיבולת שועל 500,גרמים,500.00,100 גרם,false,,5.90,0.0118,true,1,159223
7290100702994,false,סוגת סוכר דמררה קלאסי בשקית 500 גרם,"סוגת תעשיות בע""מ",IL,סוגת סוכר דמררה קלאס,גרמים,500.00,100 גרם,false,,4.90,0.0098,true,1,155716
7290100703007,false,"עדשים שחורות בלוגה 500 גרם ""סוגת""",האי נאם סי או אל.טי.,IL,סוגת עדשים שחורות בל,גרמים,500.00,100 גרם,false,,7.90,0.0158,true,1,155896
7290100703182,false,תבשיל אישי נודלס בטעם ירקות 65 ג' סוגת,קאונו גרודאי,LT,תבשיל אישי נודלס בטע,יחידה,0.00,יחידה,false,,4.90,0.0000,true,1,200203
7290100703458,false,כוסמת לא קלוי 500 ג' סוגת,סוגת תעשיות בעמ,IL,כוסמת לא קלויה 500 ג,גרמים,500.00,100 גרם,false,,7.90,0.0158,true,1,166625
7290100703489,false,פירורי לחם לבנים סוגת 500 ג',,,סוגת פירורי לחם לבני,גרמים,500.00,100 גרם,false,,6.90,0.0138,true,1,235385
7290100703564,false,"פתיתי שיבולת שועל עבה 500 גרם ""סוגת""",,,סוגת שיבולת שועל עבה,גרמים,500.00,100 גרם,false,,5.90,0.0118,true,1,167239
7290100703632,false,קמח חיטה מלא ללא צורך בניפוי,"שטיבל בע""מ",IL,קמח מלא ללא ניפוי 1,קילוגרמים,1.00,"ק""ג",false,,8.90,8.9000,true,1,173150
7290100703649,false,"קמח מלא 80% חיטה ללא ניפוי סוגת 1ק""ג","שטיבל בע""מ",IL,קמח מלא חיטה ללא ניפ,קילוגרמים,1.00,"ק""ג",false,,8.90,8.9000,true,1,173152
7290100703687,false,"קמח חלה ללא ניפוי 1 ק""ג סוגת","שטיבל בע""מ",IL,קמח חלה ללא ניפוי 1,קילוגרמים,1.00,"ק""ג",false,,8.90,8.9000,true,1,173154
7290100703847,false,קוביות סוכר לבן סוגת 500 גרם,טרופיקל,,קוביות סוכר לבן סוג,גרמים,500.00,100 גרם,false,,9.90,0.0198,true,1,180463
7290100703854,false,קוביות סוכר לבן דמררה 500 ג' סוגת,טרופיקל,,קוביות סוכר דמררה סו,גרמים,500.00,100 גרם,false,,9.90,0.0198,true,1,180465
7290100703861,false,"קמח תערובת קסם לחלה 1 ק""ג ""סוגת""","שטיבל בע""מ",IL,סוגת קמח תערובת קסם,קילוגרמים,1.00,"ק""ג",false,,8.90,8.9000,true,1,180466
7290100703915,false,פופקורן להכנה במיקרוגל בטעם חמאה - מארז 6 שקיות,סוגת,IL,מארז פופקורן למיקרוג,יחידה,0.00,יחידה,false,,11.90,0.0000,true,1,182112
7290100703922,false,פופקורן להכנה במיקרוגל בטעם טבעי - מארז 6 שקיות,סוגת,IL,מארז פופקורן למיקרוג,יחידה,0.00,יחידה,false,,11.90,0.0000,true,1,182113
7290100704141,false,סודה לשתייה 100 ג' סוגת,א.ל. ייצור ושיווק תב,IL,סוגת סודה לשתיה 100,גרמים,100.00,100 גרם,false,,2.50,0.0250,true,1,190051
7290100704264,false,סוגת עדשים שחורות בל,"סוגת תעשיות בע""מ",IL,סוגת עדשים שחורות בל,קילוגרמים,1.00,"ק""ג",false,,14.90,14.9000,true,1,195358
7290100704493,false,קמח שמרים פיצה ללא צורך בניפוי 1 קג,"שטיבל בע""מ - טחנת קמ",IL,"קמח שמרים פיצה 1 ק""ג",קילוגרמים,1.00,"ק""ג",false,,8.90,8.9000,true,1,221270
7290100704516,false,סוגת חומוס מיני 500 גר,"שטיבל בע""מ",IL,חומוס מיני 500 גרם,גרמים,500.00,100 גרם,false,,7.90,0.0158,true,1,225710
7290100704530,false,סוגת קמח כוסמין לבן ללא צורך בניפוי 1 קג,טחנות קמח שטיבל באר,IL,קמח כוסמין לבן ללא צ,קילוגרמים,1.00,"ק""ג",false,,15.90,15.9000,true,1,238363
7290100704578,false,קמח כוסמין לבן תופח 1 קג,טחנת קמח דגן-שטיבל,IL,"קמח כוסמין לבן 1 ק""ג",קילוגרמים,1.00,"ק""ג",false,,15.90,15.9000,true,1,238366
7290100704608,false,שעועית לבנה עדינה סוגת 500 גר',"שטיבל בע""מ",IL,שעועית לבנה עדינה 50,גרמים,500.00,100 גרם,false,,7.90,0.0158,true,1,225711
7290100704660,false,"קינואה מיקס סוגת, 500 גרם","סוגת תעשיות בע""מ",IL,סוגת קינואה מיקס 500,גרמים,500.00,100 גרם,false,,12.90,0.0258,true,1,238368
7290100704684,false,"קמח שמרים כוסמין סוגת רב תכליתי 1 ק""ג סוגת",סוגת,IL,קמח שמרים כוסמין רב,קילוגרמים,1.00,"ק""ג",false,,19.90,19.9000,true,1,253986
7290100829646,false,בסט מסיר לק בריח לימון 295מ'ל,,,בסט מסיר לק בריח לימ,יחידה,0.00,יחידה,false,,11.90,0.0000,true,1,215208
7290100850909,false,דוריטוס נאצ'ו מקסיקני 70 גרם,שטראוס פריטו ליי (מל,IL,דוריטוס נאצו מקסיקני,יחידה,0.00,יחידה,false,,3.20,0.0000,true,1,223231
7290100850916,false,דוריטוס חמוץ חריף מעודן 70 גרם כשר לפסח,"שטראוס פריטו ליי בע""",IL,דוריטוס חמוץ חריף 70,יחידה,0.00,יחידה,false,,3.20,0.0000,true,1,130400
7290100850923,false,דוריטוס בטעם גריל 70 גרם,שטראוס פריטו ליי (מל,IL,דוריטוס גריל 70 גרם,יחידה,0.00,יחידה,false,,3.20,0.0000,true,1,130401
7290100850930,false,דוריטוס בטעם טבעי 70 גרם,שטראוס פריטו ליי (מל,IL,דוריטוס טבעי 70גר,יחידה,0.00,יחידה,false,,3.20,0.0000,true,1,130402
7290100858592,false,אבקת קקאו עלית שקית 150 ג',הנסיך- מפעל לייצור ט,IL,עלית קקאו 150ג,גרמים,150.00,100 גרם,false,,9.90,0.0660,true,1,129866
7290100921418,false,"הוואי - מרכך קרטין מחזק 700 מ""ל",טרופיקל דגיל קוסמטיק,IL,הוואי מרכך קרטין מחז,מיליליטרים,700.00,"100 מ""ל",false,,13.90,0.0199,true,1,122211
7290100922569,false,קרם לטיפוח עוד הידיים והגוף- מארז שלישייה,טרופיקל דגיל,IL,ולוטה קרם ידיים 3*10,יחידה,3.00,יחידה,false,,16.90,5.6333,true,1,164243
7290100922651,false,הוואי - סבון מוצק מי קוקוס 100 גרם רביעייה,טרופיקל דגיל קוסמטיק,IL,סבון מוצק הוואי שמיי,גרמים,100.00,100 גרם,false,,12.90,0.1290,true,1,122131
7290100924457,false,כדוריות סבון נתלה לאסלה לימון רענן - 3 יח',הנקל סוד,HU,סוד סבון 4 כדוריות ל,יחידה,3.00,יחידה,false,,14.90,4.9667,true,1,186870
7290100924464,false,כדוריות סבון נתלה לאסלה עם אקונומיקה - 3 יח',הנקל סוד,HU,סוד סבון 4 כדוריות ל,יחידה,3.00,יחידה,false,,14.90,4.9667,true,1,186871
7290100924631,false,מרכך כביסה מרוכז לבגדי תינוקות ובעלי עור רגיש,"הנקל סוד בע""מ",IL,סוד מרכך מרוכז בייבי,מיליליטרים,900.00,"100 מ""ל",false,,11.90,0.0132,true,1,157039
7290100928585,false,"סוד אבקה שושן מרענן לצבעונית 5 ק""ג",סוד,IL,סוד אבקת כביסה קולור,קילוגרמים,5.00,"ק""ג",false,,34.90,6.9800,true,1,122322
7290101110149,false,גלידה בלסימו וניל עם פליק 1.3 ל' פלדמן,"פלקו בע""מ",IL,בליסימו פרורים 1.2 ל,גרמים,650.00,100 גרם,false,,19.90,0.0306,true,1,230148
7290101110279,false,גלידה בלסימו פאדג' פקאן 1.3 ל' פלדמן,"פלקו בע""מ",IL,בליסימו ש.פ קרוקנט 1,גרמים,650.00,100 גרם,false,,19.90,0.0306,true,1,230150
7290101110477,false,גלידה בקלאווה 1.8 ליטר,,IL,גלידה בקלאוה 1.8 ליט,גרמים,900.00,100 גרם,false,,25.90,0.0288,true,1,145469
7290101110811,false,מאגדת גלידל וניל מצופה סורבה פסיפלורה[8],הגלידות של פלדמן,IL,גלידל וניל בציפוי פס,גרמים,600.00,100 גרם,false,,29.90,0.0498,true,1,230152
7290101112112,false,גלידה טירמיסו דיזרט 1.8 ליטר,"פלקו בע""מ",IL,גלידה טירמיסו 1.8 לי,גרמים,900.00,100 גרם,false,,25.90,0.0288,true,1,183017
7290101112921,false,"גלידל פרי פירות טרופים לל""ס 8 יחידות",הגלידות של פלדמן,IL,פופסיקל פירות טרופי,גרמים,640.00,100 גרם,false,,24.90,0.0389,true,1,182350
7290101113454,false,מאגדת גלידל יוגורט אפרסק 8 יח 480 גרם,הגלידות של פלדמן,IL,גלידל יוגורט אפרסק(8,גרמים,480.00,100 גרם,false,,29.90,0.0623,true,1,225020
7290101113751,false,מאגדת שלגון קרמל ושוקולד בלונדי רביעיה * 50 ג' יולו,הגלידות של פלדמן,IL,מאגדת(4) שלגון יולו,גרמים,200.00,100 גרם,false,,16.90,0.0845,true,1,252036
7290101113904,false,מארז מנבו וניל 12 יח' פלדמן,הגלידות של פלדמן,IL,מנבו בטעם וניל 12 יח,גרמים,288.00,100 גרם,false,,23.90,0.0830,true,1,266553
7290101454168,false,נרות ג'מבו מאויירים - סמי הכבאי,,,נרות גמבו מאויירים ס,יחידה,0.00,יחידה,false,,6.00,0.0000,true,1,199836
7290101486688,false,חטיף דגנים עם שוקולד ללא גלוטן וסוכר פרי 5*20 גרם,טבעית מוצרים מן הטבע,IL,פרי חטיפי בריאות מאר,יחידה,0.00,יחידה,false,,16.90,0.0000,true,1,125082
7290101488248,false,"ליידי ספיד סטיק - דאודורנט רול און לאישה ורוד פרש פיושן 50 מ""ל",ליידי ספיד סטיק Lady Speed Stick,IT,ליידי ספיד סטיק רול,מיליליטרים,50.00,"100 מ""ל",false,,19.90,0.3980,true,1,125085
7290101488286,false,"ליידי ספיד סטיק - דאודורנט ספריי לאישה 24/7 פרש פיוזן ורוד 150 מ""ל",ליידי ספיד סטיק Lady Speed Stick,RU,ליידי 24/7 ספריי ורו,מיליליטרים,150.00,"100 מ""ל",false,,19.90,0.1327,true,1,125087
7290101488316,false,ליידי ספיד סטיק - דאודורנט סטיק לאישה ללא סימן ורוד סטיק 65 גרם,ליידי ספיד סטיק Lady Speed Stick,US,ליידי ספיד סטיק ללא,יחידה,0.00,יחידה,false,,19.90,0.0000,true,1,125090
7290101488323,false,ליידי ספיד סטיק - דאודורנט סטיק לאישה ללא סימן ירוק סטיק 65 גרם,ליידי ספיד סטיק Lady Speed Stick,US,ליידי ספיד סטיק ללא,גרמים,65.00,100 גרם,false,,19.90,0.3062,true,1,125091
7290101501138,false,כרובית ארוזה יחידה,אראל תוצרת חקלאית בע,IL,כרובית ארוזה,יחידה,0.00,יחידה,false,,11.90,0.0000,true,1,165993
7290101501424,false,ברוקולי ארוז ליחידה,,,ברוקולי ארוז,יחידה,0.00,יחידה,false,,8.90,0.0000,true,1,207544
7290101551027,false,קפסולות קפה אספרסו חזק במיוחד 14 עלית 10 יח',הנסיך- מפעל לייצור ט,IL,קפסולות 14 קפה אספרס,יחידה,0.00,יחידה,false,,16.90,0.0000,true,1,191062
7290101551263,false,סילאן טבעי ללא תוספת סוכר,מכוורת יד מרדכי,IL,יד מרדכי סילאן טבעי,גרמים,700.00,100 גרם,false,,25.90,0.0370,true,1,186436
7290101551300,false,סילאן טבעי ללא תוספת סוכר בקבוק לחיץ,מכוורת יד מרדכי,IL,יד מרדכי סילאן טבעי,גרמים,380.00,100 גרם,false,,17.90,0.0471,true,1,186437
7290101551539,false,יוגורט PRO בטעם אפרסק 0% 20 גרם חלבון בגביע,דנונה - שטראוס,IL,דנונה פרו אפרסק 20 ג,גרמים,200.00,100 גרם,false,,5.90,0.0295,true,1,187522
7290101551577,false,קוואקר שיבות שועל פחית מארז 2*500 גר',FRITO-LAY TRADING CO,GB,מארז קוואקר שבולת שו,קילוגרמים,1.00,"ק""ג",false,,24.90,24.9000,true,1,246632
7290101551584,false,תפוצ'יפס קידס מארז 10 יח' * 20 ג',"שטראוס פריטו ליי בע""",IL,מארז תפוציפס קידס 10,גרמים,200.00,100 גרם,false,,13.90,0.0695,true,1,187592
7290101551614,false,חטיף צ'יטוס קראנץ בטעם גבינה - מארז 8 יח',שטראוס פריטו ליי (מל,IL,מארז ציטוס קראנצ גבי,גרמים,240.00,100 גרם,false,,13.90,0.0579,true,1,187595
7290101551638,false,חטיף צ'יטוס כאפה בטעם קטשופ - מארז 10 יח',"שטראוס פריטו ליי בע""",IL,מארז ציטוס כאפה 10*2,גרמים,200.00,100 גרם,false,,12.90,0.0645,true,1,187590
7290101580089,false,יין יוגב קברנה סוביניון,בנימינה Binyamina,IL,יוגב קברנה סוביניון,יחידה,750.00,יחידה,false,,39.90,0.0532,true,1,133740
7290101825210,false,הרקולס כפפות לטקס מי,,,הרקולס כפפות לטקס מי,יחידה,0.00,יחידה,false,,19.90,0.0000,true,1,248778
7290101863410,false,"סיליט באנג ספריי ניקוי עוצמתי מכיל אקונומיקה 750 מ""ל",סיליט באנג Cillit Bang,PL,סיליט באנג ספריי אקו,מיליליטרים,750.00,"100 מ""ל",false,,13.90,0.0185,true,1,132779
7290101864127,false,"ספריי להסרת כתמים 750 מ""ל וניש קליה",קליה וניש Kalia Vanish,IL,קליה אוקסי ספריי 750,מיליליטרים,750.00,"100 מ""ל",false,,16.90,0.0225,true,1,132784
7290101865261,false,"פיניש נוזל הברקה למדיח 800 מ""ל",רקיט בנקיזר,PL,"פיניש הברקה 800 מ""ל",מיליליטרים,800.00,"100 מ""ל",false,,22.00,0.0275,true,1,132789
7290101866633,false,וניש קליה גל להסרת כתמים 3 ליטר אוקסיפרש,קליה וניש Kalia Vanish,IL,וניש קליה ג'ל 3 ליטר,ליטרים,3.00,ליטר,false,,29.90,9.9667,true,1,132801
7290101866787,false,וניש קליה נוזל מסיר כתמים לכביסה לבנה 3 ליטר,קליה וניש Kalia Vanish,IL,וניש נוזל מסיר כתמים,ליטרים,3.00,ליטר,false,,29.90,9.9667,true,1,132806
7290101868958,false,פיניש נוזל הברקה למדיח בניחוח לימון,רקיט בנקיזר,PL,פיניש נוזל הברקה לימ,מיליליטרים,800.00,"100 מ""ל",false,,22.00,0.0275,true,1,132843
7290101869719,false,ג'ל מרוכז למדיח פיניש all in one max בניחוח לימון,פיניש רקיט בנקיזר,PL,פיניש ג'ל לימון 600,מיליליטרים,600.00,"100 מ""ל",false,,34.90,0.0582,true,1,132853
7290101869726,false,פיניש ג'ל למדיח כלים 1 ליטר ALL IN 1,רקיט בנקיזר,PL,פיניש ג'ל 1000 מל AI,מיליליטרים,1000.00,"100 מ""ל",false,,42.90,0.0429,true,1,132854
7290101869733,false,פיניש ג'ל למדיח כלים בניחוח לימון 1 ליטר ALL IN 1,רקיט בנקיזר,PL,AIO MAX פיניש ג'ל לי,מיליליטרים,1000.00,"100 מ""ל",false,,42.90,0.0429,true,1,132855
7290101869764,false,אירוויק מכשיר אוטומט+מילוי בניחוח חלום ליל קיץ,רקיט בנקיזר,HU,איירוויק מבשם אויר מ,יחידה,0.00,יחידה,false,,39.90,0.0000,true,1,132858
7290101869788,false,"אירוויק ספריי אוטומטי מילוי בניחוח אואזיס 250 מ""ל*",איירוויק Air Wick,HU,איירוויק מילוי מבשם,מיליליטרים,250.00,"100 מ""ל",false,,14.90,0.0596,true,1,132860
7290101869795,false,"מטהר אוויר אירוויק ספריי מילוי חלום ליל קיץ 250 מ""ל",איירוויק Air Wick,HU,איירוויק מילוי מבשם,מיליליטרים,250.00,"100 מ""ל",false,,14.90,0.0596,true,1,132861
7290101869801,false,"אירוויק מכשיר חשמלי+מילוי בניחוח אואזיס 19 מ""ל",רקיט בנקיזר,HU,איירוויק מבשם אויר מ,יחידה,0.00,יחידה,false,,19.90,0.0000,true,1,132862
7290101869818,false,"אירוויק מכשיר חשמלי+מילוי בניחוח חלום ליל קיץ 19 מ""ל",איירוויק Air Wick,HU,איירוויק מבשם אויר ח,יחידה,0.00,יחידה,false,,19.90,0.0000,true,1,132863
7290101869832,false,"אירוויק מילוי למכשיר חשמלי חלום ליל קיץ 19 מ""ל",איירוויק Air Wick,HU,איירוויק מילוי ליל ק,יחידה,0.00,יחידה,false,,13.90,0.0000,true,1,132865
7290101869917,false,"אירוויק פרשמטיק מילוי היער הקסום 250 מ""ל*",איירוויק Air Wick,GB,איירוויק מילוי מבשם,מיליליטרים,250.00,"100 מ""ל",false,,14.90,0.0596,true,1,132868
7290101869962,false,"אירוויק מקלות ריחניים בניחוח חלום ליל קיץ 30 מ""ל",איירוויק Air Wick,HU,איירוויק מקלות ריחני,יחידה,0.00,יחידה,false,,14.90,0.0000,true,1,132873
7290101869979,false,"אירוויק מקלות ריחניים בניחוח אואזיס 30 מ""ל",איירוויק Air Wick,HU,איירוויק מקלות ריחני,יחידה,0.00,יחידה,false,,14.90,0.0000,true,1,132874
7290101952497,false,גרגרי חומוס טבעפרוסט 800 כר,,,טבעפרוסט גרגירי חומו,גרמים,800.00,100 גרם,false,,15.90,0.0199,true,1,192208
7290101952558,false,גרעיני תירס קפואים טבעפרוסט 800 גרם,,,טבעפרוסט גרעיני תירס,גרמים,800.00,100 גרם,false,,12.90,0.0161,true,1,241021
7290101980919,false,שלישיית ביצי שוקולד פיניאס ופרב ***לא פעיל***,זאיני,,שמחה זה אנחנו ביצי ש,יחידה,0.00,יחידה,false,,13.90,0.0000,true,1,125778
7290101985365,false,בקבוק אלומיניום גדול,,,בקבוק אלומיניום גדול,יחידה,0.00,יחידה,false,,25.90,0.0000,true,1,125833
7290102003815,false,נרות גמבו מאויירים ה,סודי,,נרות גמבו מאויירים ה,יחידה,0.00,יחידה,false,,6.00,0.0000,true,1,199845
7290102003853,false,נרות מטה כוכבים מיני מאוס,סודי,,נרות מטה כוכבים מיני,יחידה,0.00,יחידה,false,,6.00,0.0000,true,1,199847
7290102030330,false,תפוצ'יפס קראנצ' בטעם מקסיקני 200 גרם,"שטראוס פריטו ליי בע""",IL,תפוציפס קראנץ מקסיקנ,גרמים,200.00,100 גרם,false,,9.90,0.0495,true,1,130405
7290102032334,false,אבקה להכנת משקה קפה בטעם וניל,STRAUSS-ISRAEL,IL,עלית נמס טעם וניל 20,גרמים,200.00,100 גרם,false,,25.90,0.1295,true,1,129879
7290102060764,false,מרידול מברשת שיניים אריזת זוג,יבואן ומשווק: ש. שסט,CH,מרידול מברשת שיניים,יחידה,2.00,יחידה,false,,34.90,17.4500,true,1,125094
7290102060979,false,אלמקס משחת שיניים למניעת עששת 100 מל,יבואן ומשווק: ש. שסט,PL,"אלמקס 100 מ""ל משפחתי",גרמים,100.00,100 גרם,false,,18.90,0.1890,true,1,125096
7290102062195,false,"משחת שיניים לילדים לגילאי 6-12 אלמקס 75 מ""ל",יבואן ומשווק: ש. שסט,PE,אלמקס משחת שיניים ג',יחידה,0.00,יחידה,false,,16.90,0.0000,true,1,125099
7290102300815,false,"גבינת צ'דר אנגלית כתומה פרוס, 200 גרם",שבינגטון,GB,צ'דר כתום פרוס 200 ג,גרמים,200.00,100 גרם,false,,24.90,0.1245,true,1,172831
7290102300822,false,גבינה צ'דר אנגלית כתומה 200 ג',דאולי צ'יסמייקרס,GB,צדר אנגלי כתומה 200,יחידה,0.00,יחידה,false,,24.90,0.0000,true,1,172827
7290102300860,false,"גבינת צ'דר אנגלית לבן, 200 גרם",דאוליי צ'יסמייקרס,GB,נטו שביק גבינת צדר א,גרמים,200.00,100 גרם,false,,24.90,0.1245,true,1,172828
7290102301881,false,טרטר גבינה עם שום ועשבי תיבול 150 גרם,בונגראן,FR,גבינת טרטר עשבי תיבו,יחידה,0.00,יחידה,false,,23.90,0.0000,true,1,168612
7290102302253,false,"גבינת גאודה עיזים חצי קשה 34%, 200 גרם",מיוצר עי קונדיטוריית,NL,גאודה עיזים 200 גרם,גרמים,200.00,100 גרם,false,,36.90,0.1845,true,1,172832
7290102302260,false,גבינת גרנה פדנה אמבר,הנסיך- מפעל לייצור ט,IT,גרנה פדנו 200 גרם,גרמים,200.00,100 גרם,false,,33.90,0.1695,true,1,235413
7290102302789,false,מחברת ביבי בל,,,מחברת ביבי בל,יחידה,0.00,יחידה,false,,4.90,0.0000,true,1,198436
7290102302949,false,גאיה בסגנון עיזים פר,קריניציה ויטמינה אס,DE,גאיה בסגנון עזים בפר,גרמים,150.00,100 גרם,false,,21.90,0.1460,true,1,238830
7290102302987,false,טבעונית בסגנון צ'דר 150 גר,קריניציה ויטמינה אס,DE,גאיה בסגנון צ'דר בפר,גרמים,150.00,100 גרם,false,,21.90,0.1460,true,1,238832
7290102303878,false,אלוויר חמאת נורמנדי 200 גרם,אלוויר,FR,חמאה צרפתית נורמנדי,גרמים,200.00,100 גרם,false,,17.90,0.0895,true,1,247647
7290102390427,false,יוגורט ביו עם קציפת תות 3% שומן 150 ג' מולר,מולר Muller,IL,מולר פרופ תות 3% 150,מיליליטרים,150.00,"100 מ""ל",false,,5.40,0.0360,true,1,109677
7290102390465,false,יוגורט ביו עם קציפת אפרסק ופסיפלורה 3% שומן 150 ג' מולר,מולר Muller,IL,מולר פרופ אפרסק פסיפ,מיליליטרים,150.00,"100 מ""ל",false,,5.40,0.0360,true,1,109678
7290102390489,false,יוגורט ביו עם קציפת לימון 3% שומן 150 ג' מולר,מולר Muller,IL,מולר פרופ לימון 3% 1,מיליליטרים,150.00,"100 מ""ל",false,,5.40,0.0360,true,1,109679
7290102391844,false,יוגורט ביו עם קציפת פירות יער3% שומן 150 ג' מולר,מולר Muller,IL,מולר פרופ לבן+קציפת,יחידה,150.00,יחידה,false,,5.40,0.0360,true,1,109686
7290102392049,false,גבינה לאפיה תבור ללא תוספת מלח 5% משק צוריאל 500 גרם,מחלבת משק צוריאל,IL,צוריאל תבור 5% 500 ג,גרמים,500.00,100 גרם,false,,23.90,0.0478,true,1,109688
7290102392094,false,חלב עיזים מלא 3.7% משק צוריאל 1 ליטר,מילקו תעשיות בעמ,IL,צוריאל חלב עיזים 1ל,ליטרים,1.00,ליטר,false,,15.90,15.9000,true,1,109689
7290102392254,false,"חלב בקרטון 1% 2 ליטר בד""צ - מוצר בפיקוח",מילקו תעשיות בעמ,IL,חלב בקרטון 1% 2ליטר,ליטרים,2.00,ליטר,false,,11.72,5.8600,true,1,109691
7290102393039,false,"יוגורט ביו קרמי מיקס פצפוצי שוקולד 7.6% מולר 170 מ""ל",קריות זול,IL,מולר מיקס בתוספת פצפ,גרמים,170.00,100 גרם,false,,6.20,0.0365,true,1,109704
7290102393060,false,"יוגורט ביו קרמי מיקס גלילי ופל ואגוזים 5.9% מולר 170 מ""ל",קריות זול,IL,מולר מיקס+גלילי וופל,יחידה,170.00,יחידה,false,,6.20,0.0365,true,1,109705
7290102393169,false,"יוגורט סימפלי פרוט בטעם תות 3% מולר 150 מ""ל",מולר Muller,IL,מולר סימפלי פרוט תות,מיליליטרים,150.00,"100 מ""ל",false,,5.30,0.0353,true,1,109714
7290102393176,false,סימפלי פרוט יוגורט אפרסק 3% שומן 150 ג' מולר,מילקו תעשיות בעמ,IL,מולר סימפלי פרוט אפר,מיליליטרים,150.00,"100 מ""ל",false,,5.30,0.0353,true,1,109715
7290102393190,false,"יוגורט סימפלי פרוט בטעם פירות יער 3% מולר 150 מ""ל",מילקו תעשיות בעמ,IL,מולר סימפלי פרוט פיר,מיליליטרים,150.00,"100 מ""ל",false,,5.30,0.0353,true,1,109716
7290102393268,false,"גבינה לבנה 5% שומן, רכיבים טבעיים 750 גרם",טרה,IL,טרה גבינה לבנה אריזת,גרמים,750.00,100 גרם,false,,14.94,0.0199,true,1,109717
7290102393299,false,יוגורט עיזים לשתייה 3% שומן 500 ג' צוריאל,מיוצר עי קוד יצרן HG,IL,צוריאל יוגורט עיזים,יחידה,500.00,יחידה,false,,12.90,0.0258,true,1,109718
7290102393718,false,גבינת חלומי מחלב בקר 28% משק צוריאל 200 גרם,מחלבת משק צוריאל,IL,צוריאל חלומי חלב בקר,גרמים,200.00,100 גרם,false,,22.90,0.1145,true,1,109728
7290102393848,false,"יוגורט עיזים בטעם תות משק צוריאל 150 מ""ל",מחלבת משק צוריאל,IL,צוריאל יוגורט עיזים,יחידה,140.00,יחידה,false,,6.90,0.0493,true,1,109729
7290102393855,false,"יוגורט עיזים בטעם אפרסק משק צוריאל 150 מ""ל",מחלבת משק צוריאל,IL,צוריאל יוגורט עיזים,מיליליטרים,140.00,"100 מ""ל",false,,6.90,0.0493,true,1,109730
7290102393947,false,סימפלי פרוט יוגורט בטעם קיווי 3% שומן 150 ג' מולר,מילקו תעשיות בעמ,IL,מולר סימפלי פרוט קיו,מיליליטרים,150.00,"100 מ""ל",false,,5.30,0.0353,true,1,109732
7290102394081,false,"יוגורט ביו קרמי מיקס קורנפלקס מצופה שוקולד מולר 170 מ""ל",מילקו תעשייה בעמ,IL,מולר מיקס קורנפקלס מ,יחידה,150.00,יחידה,false,,6.20,0.0413,true,1,109737
7290102394258,false,גליל גבינת עיזים מה עז 9% משק צוריאל 180 גרם,מחלבת משק צוריאל,IL,צוריאל מה עז 9% 180,גרמים,180.00,100 גרם,false,,23.90,0.1328,true,1,109739
7290102394463,false,נעם גבינה צהובה פרוסה ואקום 28% טרה 500 גרם,Unknown,IL,נעם גבינה צהובה וואק,גרמים,500.00,100 גרם,false,,31.90,0.0638,true,1,109744
7290102394814,false,"חמאה 200 גרם בד""צ - מוצר בפיקוח",Unknown,,חמאה 200גרם,גרמים,200.00,100 גרם,false,,8.20,0.0410,true,1,109745
7290102394821,false,נעם גבינה צהובה פרוסה 28% טרה 200 גרם,מילקו תעשיות בעמ,IL,נעם גבינה צהובה דק ד,גרמים,200.00,100 גרם,false,,16.90,0.0845,true,1,109746
7290102394845,false,נעם גבינה צהובה לייט פרוסה דק דק 9% טרה 200 גרם,מילקו תעשיות בעמ,IL,נעם גבינה צהובה דק ד,גרמים,200.00,100 גרם,false,,19.90,0.0995,true,1,109747
7290102395101,false,ממרח גבינה ושוקולד שוקי 200 גר,מילקו תעשיות בעמ,IL,מוו ממרח גבינה ושוקו,גרמים,200.00,100 גרם,false,,11.90,0.0595,true,1,109755
7290102395217,false,מאגדת שמיניה מולר במתיקות מעודנת 1.2% 8*150 ג',מולר Muller,IL,מאגדת מולר במתיקות מ,ליטרים,1.20,ליטר,false,,20.90,17.4167,true,1,109760
7290102395224,false,מארז 8 גביעים יוגורט ביו בטעם טבעי 1.7%,מולר Muller,IL,מולר נטורל 1.7% 8*15,יחידה,8.00,יחידה,false,,18.90,2.3625,true,1,109761
7290102395231,false,מולר נטורל 2.8% ביאנקו מאגדת 8 יח' * 150 ג',מולר Muller,IL,מולר נטורל 2.8% 8*15,יחידה,8.00,יחידה,false,,18.90,2.3625,true,1,109762
7290102395262,false,מארז 8 גביעים יוגורט בטעם תות שדה ואפרסק 3% Simply Fruit,מולר Muller,IL,מולר תות שדה ואפרסק,ליטרים,1.20,ליטר,false,,31.90,26.5833,true,1,109763
7290102395347,false,"יוגורט 6% בכד 3 ק""ג רבנות",טרה,IL,"יוגורט 6% בכד 3 ק""ג",קילוגרמים,3.00,"ק""ג",false,,31.90,10.6333,true,1,109765
7290102395378,false,נעם גבינה צהובה פרוסה ואקום 28% טרה 360 גרם,טרה,IL,נעם גבינה צהובה ואקו,גרמים,360.00,100 גרם,false,,20.90,0.0581,true,1,109766
7290102395408,false,נעם גבינה צהובה 28% במשקל,החברה המרכזית,IL,"נעם גבנ""צ 28% שקיל",קילוגרמים,1.00,"ק""ג",true,,44.79,44.7900,true,1,109500
7290102395415,false,נעם גבינה צהובה 9% במשקל,החברה המרכזית,IL,"נעם גבנ""צ 9%",קילוגרמים,1.00,"ק""ג",true,,85.00,85.0000,true,1,109501
7290102395422,false,נעם גבינה צהובה 22% במשקל,החברה המרכזית,IL,"נעם גבנ""צ 22%",קילוגרמים,1.00,"ק""ג",true,,42.58,42.5800,true,1,109502
7290102395439,false,מארז 8 גביעים יוגורט בטעם פירות יער וקיווי 3% Simply Fruit,מילקו תעשיות בעמ,IL,מולר סימפלי פירות יע,מיליליטרים,1200.00,"100 מ""ל",false,,31.90,0.0266,true,1,109769
7290102395446,false,מעדן חלב בטעם וניל עם קצפת 123 ג' טרה,Unknown,IL,"מוו וניל קצפת 123מ""ל",מיליליטרים,123.00,"100 מ""ל",false,,3.30,0.0268,true,1,109770
7290102395477,false,מעדן חלב בטעם שוקולד עם קצפת 123 ג' טרה,Unknown,IL,מוו שוקולד קצפת 123,מיליליטרים,123.00,"100 מ""ל",false,,3.30,0.0268,true,1,109773
7290102395521,false,"שמנת לבישול 15% שומן 500 מ""ל טרה",מילקו תעשיות בעמ,IL,טרה שמנת לבישול 15%+,מיליליטרים,500.00,"100 מ""ל",false,,16.90,0.0338,true,1,109774
7290102395958,false,יוגורט 4% בכד 3 ליטר רבנות,טרה,,טרה יוגורט לבן בכד4%,ליטרים,3.00,ליטר,false,,29.90,9.9667,true,1,109786
7290102396399,false,מארז 8 יחידות מעדן חלב בטעם שוקולד 1.5%,Unknown,IL,מוו מעדן שוקולד 100,יחידה,8.00,יחידה,false,,13.90,1.7375,true,1,109803
7290102396405,false,מארז 8 יחידות מעדן חלב בטעם וניל 1.5%,Unknown,IL,מוו מעדן וניל 100*8,יחידה,8.00,יחידה,false,,13.90,1.7375,true,1,109804
7290102396436,false,"מעדן מוו שוקולד 1.5% 125 גרם בד""צ",טרה,IL,מוו מעדן שוקולד 1.5%,מיליליטרים,125.00,"100 מ""ל",false,,3.20,0.0256,true,1,109805
7290102396443,false,"מעדן מוו וניל 1.5% 125 גרם בד""צ",טרה,IL,מוו מעדן וניל 1.5% 1,מיליליטרים,125.00,"100 מ""ל",false,,3.20,0.0256,true,1,109806
7290102396580,false,מעדן שוקולד ומוס שוקולד 123 ג' טרה,טרה,IL,מוו מעדן שוקולד ומוס,גרמים,118.00,100 גרם,false,,3.30,0.0280,true,1,109811
7290102396597,false,מעדן חלב מוו עם מוס שוקולד וניל,טרה,IL,מוו מעדן וניל ומוס ש,יחידה,0.00,יחידה,false,,3.30,0.0000,true,1,109812
7290102396665,false,נעם גבינה צהובה דק דק 15% טרה 200 גרם,מילקו תעשיות בעמ,IL,גבינת נעם 200 גרם 15,יחידה,0.00,יחידה,false,,16.90,0.0000,true,1,155852
7290102396672,false,נעם גבינה צהובה דק דק 9% טרה 360 גרם,טרה,IL,גבינת נעם דק דק 9% 3,גרמים,360.00,100 גרם,false,,28.90,0.0803,true,1,155853
7290102396719,false,יוגורט ביו עם תות שדה 0% Simply Fruit,מולר Muller,IL,מולר סימפלי פרוט תות,מיליליטרים,150.00,"100 מ""ל",false,,5.30,0.0353,true,1,109818
7290102396740,false,מארז 8 גביעים יוגורט בטעם תות שדה ואפרסק 0% Simply Fruit,מילקו תעשיות בעמ,IL,מאגדת שמינייה מולר ס,מיליליטרים,1200.00,"100 מ""ל",false,,31.90,0.0266,true,1,109821
7290102397075,false,יוגורט בקרטון 4% שומן 1.5ל' טרה,טרה,IL,יוגורט 4% בקרטון 1.5,ליטרים,1.50,ליטר,false,,15.90,10.6000,true,1,109834
7290102397204,false,נעם גבינה צהובה דק דק 22% טרה 200 גרם,מילקו תעשיות בעמ,IL,נעם גבינה דק דק 200,גרמים,200.00,100 גרם,false,,16.90,0.0845,true,1,155854
7290102397310,false,מעדן מיני בטעם שוקולד קצפת מוו מאגדת 8 יח' * 70 ג',מילקו,IL,מאגדת שמינייה מיני מ,גרמים,560.00,100 גרם,false,,12.90,0.0230,true,1,160509
7290102397334,false,גבינה בולגרית 5% צוריאל גליל 250ג',מחלבת משק צוריאל,IL,בולגרית 5% 250גרם בג,גרמים,250.00,100 גרם,false,,21.90,0.0876,true,1,158931
7290102397464,false,יוגורט ביו בתוספת גרעינים אגוזים וחמוציות 170 ג' מולר,מולר Muller,IL,מולר נטורל פקאן גרעי,יחידה,0.00,יחידה,false,,6.20,0.0000,true,1,171393
7290102397600,false,מיקס יוגורט בתוספת שקדים ובוטנים מקורמלים 170 ג' מולר,מילקו תעשייה בעמ,IL,מולר מיקס שקדים ובוט,גרמים,170.00,100 גרם,false,,6.20,0.0365,true,1,163344
7290102397617,false,יוגורט ביו קרמי עם כדורים מצופים שוקולד חום לבן,מולר Muller,IL,מולר מיקס קליק,גרמים,170.00,100 גרם,false,,6.20,0.0365,true,1,163345
7290102397679,false,קוטג' וחצי טרה 5% מרכיבים טבעיים,מילקו,IL,טרה קוטג 5% 375 גרם,גרמים,375.00,100 גרם,false,,8.30,0.0221,true,1,169712
7290102397730,false,פרוסות גבינה אמנטל חצי קשה 30% שומן 200 ג' נעם,Unknown,IL,נעם אמנטל 200 גרם,גרמים,200.00,100 גרם,false,,18.90,0.0945,true,1,173469
7290102397747,false,פרוסות גבינת מוצרלה נעם מחלב בקר 22%,טרה,IL,מוצרלה פרוס 200 גרם,גרמים,200.00,100 גרם,false,,19.90,0.0995,true,1,178632
7290102397891,false,גבינת מותכת 18% צוריאל 100ג',משק צוריאל,IL,צוריאל גבינה מותכת 1,גרמים,100.00,100 גרם,false,,8.90,0.0890,true,1,171384
7290102398065,false,חלב טרה בקרטון 2 ליטר מהדרין 3% - מוצר בפיקוח,Unknown,IL,טרה חלב בקרטון 2 ליט,ליטרים,2.00,ליטר,false,,12.46,6.2300,true,1,174700
7290102398331,false,חלב דל לקטוז 2% מועשר בויטמין D,טרה,IL,חלב מעושר דל לקטוז,יחידה,0.00,יחידה,false,,8.50,0.0000,true,1,179175
7290102398478,false,לאבנה 9% שומן 500 ג' טרה,טרה,IL,לאבנה 9% 500 גרם,גרמים,500.00,100 גרם,false,,20.90,0.0418,true,1,182493
7290102398553,false,שוקו טרה בבקבוק 1.5 ליטר,מילקו תעשיות בעמ,IL,שוקו טרה בקבוק 1.5 ל,ליטרים,1.50,ליטר,false,,18.90,12.6000,true,1,204501
7290102398560,false,שוקו מעושר בבקבוק 1ל' טרה,מילקו תעשיות בעמ,IL,טרה שוקו מועשר בבקבו,ליטרים,1.00,ליטר,false,,11.90,11.9000,true,1,183895
7290102398577,false,משקה חלב בטעם שוקו 2% בבקבוק אישי,מילקו תעשיות בעמ,IL,טרה שוקו מועשר בבקבו,מיליליטרים,250.00,"100 מ""ל",false,,5.90,0.0236,true,1,183896
7290102398614,false,משקה חלב בטעם בננה 1 ליטר טרה,מילקו תעשיות בעמ,IL,טרה משקה חלב בטעם בנ,ליטרים,1.00,ליטר,false,,11.90,11.9000,true,1,183899
7290102398638,false,משקה חלב בטעם מוקה 1 ליטר טרה,מילקו תעשיות בעמ,IL,טרה משקה חלב בטעם מו,ליטרים,1.00,ליטר,false,,11.90,11.9000,true,1,183900
7290102398669,false,משקה חלב עם קפה אייס קפוצ'ינו 1.5%,מילקו תעשיות בעמ,IL,טרה אייס קפוצ'ינו 1,ליטרים,1.00,ליטר,false,,11.80,11.8000,true,1,210691
7290102398782,false,משקה סויה קלאסי משק צוריאל 1 ליטר,מחלבת משק צוריאל,IT,משקה סויה קלאסי,יחידה,0.00,יחידה,false,,10.90,0.0000,true,1,201082
7290102398799,false,משקה סויה במתיקות מופחתת 1 ליטר משק צוריאל,מחלבת משק צוריאל,IT,משקה סויה במתיקות מע,יחידה,0.00,יחידה,false,,10.90,0.0000,true,1,201083
7290102398805,false,משקה סויה בטעם וניל משק צוריאל 1 ליטר,מחלבת משק צוריאל,IT,משקה סויה בטעם וניל,יחידה,0.00,יחידה,false,,10.90,0.0000,true,1,201084
7290102398836,false,משקה שקדים קלאסי משק צוריאל 1 ליטר,מחלבת משק צוריאל,IT,משקה שקדים קלאסי,יחידה,0.00,יחידה,false,,13.90,0.0000,true,1,201086
7290102399048,false,פרוסות גבינת קשקבל נעם 200 ג' טרה,מילקו,IL,קשקבל נעם 200 גרם,גרמים,200.00,100 גרם,false,,23.90,0.1195,true,1,195098
7290102399635,false,"מולר פרופ יוגורט ביו עם קציפת קוקוס ואננס 150 מ""ל",מולר Muller,IL,MULLER FROOP TROPICA,יחידה,0.00,יחידה,false,,5.40,0.0000,true,1,209407
7290102399772,false,ממרח חמאת מולר ושמן לפתית במליחות עדינה,Molkerei Weihensteph,DE,ממרח חמאת מולר במליח,גרמים,250.00,100 גרם,false,,18.90,0.0756,true,1,209403
7290102399789,false,ממרח חמאת מולר ושמן לפתית ללא תוספת מלח,Molkerei Weihensteph,DE,ממרח חמאת מולר ללא מ,גרמים,250.00,100 גרם,false,,18.90,0.0756,true,1,209404
7290102399796,false,מעדן יוגורט לבן מועשר בחלבון 200 ג' מולר אקטיב,מולר Muller,IL,מולר אקטיב יוגורט לב,גרמים,200.00,100 גרם,false,,6.90,0.0345,true,1,203511
7290102399802,false,יוגורט עם תות מולר אקטיב מועשר בחלבון 200 גר',מולר Muller,IL,מולר אקטיב יוגורט עם,יחידה,0.00,יחידה,false,,7.90,0.0000,true,1,203512
7290102399819,false,יוגורט עם פירות יער מולר אקטיב מועשר בחלבון 200 גר',מולר Muller,IL,מולר אקטיב יוגורט עם,יחידה,0.00,יחידה,false,,7.90,0.0000,true,1,203513
7290102399857,false,"יוגורט אקטיב עם תות 0% , 20 גרם חלבון בגביע",מולר Muller,IL,מולר אקטיב יוגורט מו,יחידה,0.00,יחידה,false,,7.90,0.0000,true,1,210677
7290102841899,false,אבקת להכנת פלאפל 180 גר',י.כהן,,"אבקת פלאפל בד""צ 180",גרמים,170.00,100 גרם,false,,11.90,0.0700,true,1,116449
7290102841905,false,מילקרים בצנצנת פרווה,י.כהן,,כהנס מילקרים בצנצנת,גרמים,160.00,100 גרם,false,,14.90,0.0931,true,1,211892
7290102842360,false,תערובת להכנת סופלה בטעם שוקולד בלגי,י.כהן Kahan's,,תערובת לסופלה שוקולד,גרמים,250.00,100 גרם,false,,15.90,0.0636,true,1,116453
7290103120658,false,דאודורנט סטיק ג'ל לגבר Cool Night 24/7,הנסיך- מפעל לייצור ט,US,ספיד סטיק גל שחור 85,יחידה,0.00,יחידה,false,,24.90,0.0000,true,1,125107
7290103124588,false,"סבון נוזלי ארומה בניחוח לבנדר פטצ'ולי פלמוליב 750 מ""ל",הנסיך- מפעל לייצור ט,TR,פלמוליב סבון נוזלי ס,מיליליטרים,750.00,"100 מ""ל",false,,19.90,0.0265,true,1,125120
7290103124601,false,"תחליב רחצה נוזל חלב ודבש משאבה 750מ""ל פלמוליב",הנסיך- מפעל לייצור ט,TR,פלמוליב ת.רחצה נוזל,מיליליטרים,750.00,"100 מ""ל",false,,19.90,0.0265,true,1,125121
7290103128739,false,בלונס צימרוני אוזניים לתינוק 50 יח',הנסיך- מפעל לייצור ט,GR,בלונס צימרוני אוזניי,יחידה,50.00,יחידה,false,,6.90,0.1380,true,1,125144
7290103129392,false,ליידי ספיד סטיק פרש אסנס פרח הפרזיה סטיק 65 גר,ליידי ספיד סטיק Lady Speed Stick,US,ליידי ספיד סטיק פרח,יחידה,0.00,יחידה,false,,19.90,0.0000,true,1,125150
7290103400194,false,"כרוב לבן 400 גר בד""צ ירקות שטראוס","טרופיקל דגיל בע""מ אז",IL,שטראוס כרוב לבן 400,גרמים,400.00,100 גרם,false,,8.90,0.0223,true,1,141150
7290103400231,false,"גזר 400 גר בד""צ ירקות שטראוס",תות תעשיות מזון (201,IL,שטראוס גזר גוליאן 40,גרמים,400.00,100 גרם,false,,8.90,0.0223,true,1,141152
7290103400255,false,"סלט קולסלאו 400 גרם בד""צ ירקות שטראוס","טרופיקל דגיל בע""מ אז",IL,שטראוס קולסלאו 400 ג,גרמים,400.00,100 גרם,false,,8.90,0.0223,true,1,141153
7290103401429,false,קפה קצב ברזילאי אוריגינס 200 גר,הנסיך- מפעל לייצור ט,IL,עלית אוריגינס קצב בר,גרמים,200.00,100 גרם,false,,25.90,0.1295,true,1,129893
7290103404758,false,סלט כרוב אדום אחלה 120 גרם,מיוצר עי קונדיטוריית,IL,אחלה כרוב אדום 120גר,גרמים,120.00,100 גרם,false,,4.90,0.0408,true,1,141155
7290103408206,false,עלי חסה ערבית שטופים שטראוס 250 גרם,שטראוס בריאות ירקות,IL,עלי חסה ערבית שטופים,גרמים,250.00,100 גרם,false,,10.10,0.0404,true,1,141162
7290103681173,false,"יין תבור הר קברנה סוביניון 750 מ""ל",מיוצר על ידי יקב תבו,IL,הר קברנה סובניון 750,מיליליטרים,750.00,"100 מ""ל",false,,39.90,0.0532,true,1,192522
7290103681180,false,"יין הר מרלו מיתוג תנשמת 750 מ""ל",מיוצר על ידי יקב תבו,IL,"הר מרלו 750 מ""ל",מיליליטרים,750.00,"100 מ""ל",false,,39.90,0.0532,true,1,192523
7290103681197,false,"יין הר שיראז מיתוג תנשמת 750 מ""ל",מיוצר על ידי יקב תבו,IL,"הר שיראז 750 מ""ל",מיליליטרים,750.00,"100 מ""ל",false,,39.90,0.0532,true,1,192528
7290103681210,false,"יין הר שרדונה מיתוג תנשמת 750 מ""ל",מיוצר על ידי יקב תבו,IL,"שרדונה הר 750 מ""ל",מיליליטרים,750.00,"100 מ""ל",false,,39.90,0.0532,true,1,224051
7290103681227,false,"יין הר גוורצטרמינר מיתוג תנשמת 750 מ""ל",מיוצר על ידי יקב תבו,IL,הר גוורצטרמינר 750 מ,מיליליטרים,750.00,"100 מ""ל",false,,39.90,0.0532,true,1,224050
7290104061417,false,סלט חומוס עם טחינה אחלה 400 גרם,"שטראוס גרופ בע""מ",IL,אחלה חומוס טחינה 400,גרמים,400.00,100 גרם,false,,10.20,0.0255,true,1,141167
7290104061424,false,סלט חומוס עם זעתר אחלה 400 גרם,מיוצר עי קונדיטוריית,IL,אחלה חומוס זעתר 400,גרמים,400.00,100 גרם,false,,10.20,0.0255,true,1,141168
7290104061431,false,סלט חומוס עם צנובר אחלה 400 גרם,"שטראוס גרופ בע""מ",IL,אחלה חומוס צנובר 400,גרמים,400.00,100 גרם,false,,10.20,0.0255,true,1,141169
7290104061448,false,סלט חומוס עם חריף אחלה 400 גרם,מיוצר עי קונדיטוריית,IL,אחלה חומוס חריף 400,גרמים,400.00,100 גרם,false,,10.20,0.0255,true,1,141170
7290104062599,false,מארז 8 יחידות מעדן גמדים בטעמי תות ובננה,שטראוס דנונה,IL,גמדים בכפית 8 תות בנ,יחידה,0.00,יחידה,false,,17.90,0.0000,true,1,141171
7290104064012,false,חטיף פסק זמן GOOD שוקולד לבן גוד 36 גרם,שולן צ'יקולטה גידה ס,TR,פסק זמן טו גוד שוק.ל,גרמים,36.00,100 גרם,false,,4.90,0.1361,true,1,255736
7290104065187,false,אבקה להכנת משקה קפה בטעם מוקה,STRAUSS-ISRAEL,IL,עלית נמס טעם מוקה 20,גרמים,200.00,100 גרם,false,,25.90,0.1295,true,1,129941
7290104065934,false,עלי רוקט שטראוס 150 גרם,שטראוס בריאות ירקות,IL,שטראוס עלי רוקט 150,גרמים,150.00,100 גרם,false,,9.90,0.0660,true,1,141176
7290104067679,false,סלט טחינה אחלה 400גר,מיוצר עי קונדיטוריית,IL,אחלה סלט טחינה 400 ג,גרמים,400.00,100 גרם,false,,10.90,0.0273,true,1,141181
7290104068539,false,מאסט פליפטופ מלון ואבטיח ללא גרעינים,"שטראוס גרופ בע""מ",IL,מאסט מגדים אבטיח מלו,יחידה,0.00,יחידה,false,,4.30,0.0000,true,1,129949
7290104068546,false,גומי מאסט בטעם לימון קולה ללא סוכר 28 ג' עלית,"שטראוס גרופ בע""מ",IL,מאסט מגדים קולה לימו,יחידה,0.00,יחידה,false,,4.00,0.0000,true,1,129950
7290104262258,false,גומיות מגבת צבעוניות,,,גומיות מגבת צבעוניות,יחידה,0.00,יחידה,false,,7.90,0.0000,true,1,194213
7290104368974,false,אוליב קרם ידיים 100מ'ל,,,אוליב קרם ידיים 100,יחידה,0.00,יחידה,false,,6.90,0.0000,true,1,211097
7290104368981,false,אוליב קרם רגליים 100מ'ל,,,אוליב קרם רגליים 100,יחידה,0.00,יחידה,false,,6.90,0.0000,true,1,211098
7290104501661,false,אינסטנט פודינג בטעם וניל צרפתי אסם 80 גרם,מיוצר עי קונדיטוריית,IL,אסם פודינג בטעם וניל,יחידה,0.00,יחידה,false,,5.50,0.0000,true,1,123709
7290104503184,false,הבית עוגת שבת בראוניס טעם שוקולד ריבת חלב 380 גרם,מיוצר עי קונדיטוריית,IL,עוגת הבית בראוניס שו,גרמים,380.00,100 גרם,false,,16.90,0.0445,true,1,123712
7290104508943,false,במבה חטיף בוטנים אסם 200 גרם,"אסם תעשיות בע""מ",IL,במבה קלאסי 200 גרם,גרמים,200.00,100 גרם,false,,10.90,0.0545,true,1,123731
7290104570162,false,תמרים ללא חרצנים תמר כבוש 500 גרם,תמר העמקים בית שאן,IL,תמר כבוש בית שאן 500,גרמים,500.00,100 גרם,false,,14.90,0.0298,true,1,145365
7290104570186,false,תמר מגהול אורגני 1 ק,,,תמר מגהול אורגני 1 ק,קילוגרמים,1.00,"ק""ג",false,,19.90,19.9000,true,1,269998
7290104570209,false,תמר מג'הול כתום 1 ק,ירק הגליל,,תמר מג'הול כתום 1 ק,יחידה,0.00,יחידה,false,,24.90,0.0000,true,1,267706
7290104570513,false,"תמר מגהול כחול 1 ק""",פרי וירק טמרה ושותפי,IL,"תמר מגהול כחול 1 ק""",יחידה,0.00,יחידה,false,,19.90,0.0000,true,1,180197
7290104570629,false,ממרח גביע ירוק 450 ג' ירדן,"תמר העמקים בע""מ",,ממרח תמרים 450 גרם,גרמים,450.00,100 גרם,false,,6.90,0.0153,true,1,160882
7290104570636,false,ממרח תמרים גביע ירוק 450 ג',תמר העמקים,,ממרח תמרים ירדן,גרמים,450.00,100 גרם,false,,6.90,0.0153,true,1,160540
7290104570711,false,"סילאן טהור ללת""ס הדקלאים 900 גרם",,,סילאן טהור 900 גרם,גרמים,900.00,100 גרם,false,,24.90,0.0277,true,1,163955
7290104570735,false,הדקלאים סילאן טהור 5,,,הדקלאים סילאן טהור 5,גרמים,500.00,100 גרם,false,,14.90,0.0298,true,1,168244
7290104570995,false,תמר מגהול 750 גרם,,,תמר מגהול 750 גרם,גרמים,750.00,100 גרם,false,,34.90,0.0465,true,1,221641
7290104720499,false,מארז 8 יחידות מעדן דני בטעם וניל 1.5%,מיוצר עי קונדיטוריית,IL,מארז דני וניל 8*125,יחידה,8.00,יחידה,false,,15.90,1.9875,true,1,141185
7290104721533,false,רצועות פלפלים קלויים אחלה 400 ג',מיוצר עי קונדיטוריית,IL,אחלה סלט פלפלים קלוי,גרמים,400.00,100 גרם,false,,15.90,0.0398,true,1,141190
7290104721953,false,לקט מסולסלים ירקות שטראוס 350 גרם,תות תעשיות מזון (201,IL,לקט מסולסלים ירקות 3,גרמים,350.00,100 גרם,false,,13.20,0.0377,true,1,141191
7290104722530,false,תפוצ'יפס בטעם שמנת בצל עלית 200 גרם,"שטראוס פריטו ליי בע""",IL,תפוציפס שמנת בצל 200,גרמים,200.00,100 גרם,false,,9.90,0.0495,true,1,130418
7290104726262,false,מארז 4 יחידות דני לשתייה בטעם שוקולד + קשים,מיוצר עי קונדיטוריית,IL,דני שלוק 4 שוקולד די,יחידה,4.00,יחידה,false,,11.00,2.7500,true,1,141203
7290104726712,false,מארז 8 יחידות מעדן מילקי בטעם שוקולד עם קצפת,"שטראוס גרופ בע""מ",IL,מילקי שמינייה מארז 8,מיליליטרים,1360.00,"100 מ""ל",false,,21.00,0.0154,true,1,141205
7290104728310,false,"שמנת מתוקה עמידה 38% שומן ""יטבתה"" -מוצר בפיקוח",שטראוס גרופ,IL,יטבתה שמנת עמידה לקצ,יחידה,250.00,יחידה,false,,6.47,0.0259,true,1,141212
7290104729003,false,"יד מרדכי - שמן זית כתית מעולה 2 קלאסי 750 מ""ל",מכוורת יד מרדכי שטרא,IL,יד מרדכי שמן זית כתי,מיליליטרים,750.00,"100 מ""ל",false,,34.90,0.0465,true,1,129991
7290104960970,false,דאודורנט ספריי טיטניום מטאל Titanium Metal,אמיליה קוסמטיקס בעמ,IL,טיטניום דאודורנט תרס,מיליליטרים,180.00,"100 מ""ל",false,,22.90,0.1272,true,1,109386
7290104961526,false,דאודורנט ספריי גוף טיטניום קלאסיק Titanium Classic,"אמיליה קוסמטיקס בע""מ",IL,טיטניום ספריי גוף קל,מיליליטרים,150.00,"100 מ""ל",false,,16.90,0.1127,true,1,109397
7290104961533,false,דאודורנט ספריי גוף טיטניום בלק Titanium Black,אמיליה קוסמטיקס,IL,טיטניוים ספריי גוף ב,מיליליטרים,150.00,"100 מ""ל",false,,16.90,0.1127,true,1,109398
7290104961540,false,דאודורנט ספריי גוף טיטניום מטאל Titanium Metal,אמיליה קוסמטיקס,IL,טיטניום ספריי גוף מט,מיליליטרים,150.00,"100 מ""ל",false,,16.90,0.1127,true,1,109399
7290104961601,false,"מי מאסק דאודורנט ספרי תרסיס 175מ""ל",קרליין Careline,,מי דאודורנט מאסק 175,מיליליטרים,175.00,"100 מ""ל",false,,22.90,0.1309,true,1,109403
7290104961878,false,"שמפו לשיער קרטין אינטנס פורמולה 400 מ""ל נטורל",נטורל פורמולה Natural Formula,IL,נטורל פורמולה קרטין,מיליליטרים,400.00,"100 מ""ל",false,,32.90,0.0822,true,1,109404
7290104961885,false,מרכך קרטין טהור לשיער שעבר החלקה או עיצוב בחום,נטורל פורמולה Natural Formula,IL,נטורל פורמולה קרטין,מיליליטרים,400.00,"100 מ""ל",false,,32.90,0.0822,true,1,109405
7290104961892,false,מסכת קרטין טהור לשיער שעבר החלקה או עיצוב בחום,נטורל פורמולה Natural Formula,IL,קרטין אינטנס- מסכה ל,מיליליטרים,350.00,"100 מ""ל",false,,39.90,0.1140,true,1,109406
7290104961908,false,נ.פורמולה קרטין אינטנס סרום לשיער 145 מל,נטורל פורמולה Natural Formula,IL,קרטין אינטנס- סרום ל,מיליליטרים,145.00,"100 מ""ל",false,,44.90,0.3097,true,1,109407
7290104962073,false,דאודורנט ספריי גוף טיטניום גולד Titanium Gold,"אמיליה קוסמטיקס בע""מ",IL,טיטניום גולד דאודרנט,מיליליטרים,180.00,"100 מ""ל",false,,22.90,0.1272,true,1,109414
7290104962080,false,"טיטניום - דאודורנט ספריי לגבר גולד 150 מ""ל",משווק: קוסמופארם בעמ,IL,טיטניום ספריי גוף גו,מיליליטרים,150.00,"100 מ""ל",false,,16.90,0.1127,true,1,109415
7290104962134,false,דאודורנט קרליין רול און נושם לנערות ללא אלומיניום,אמיליה קוסמטיקס,IL,נושם בנות-דאו רול או,יחידה,0.00,יחידה,false,,12.90,0.0000,true,1,250213
7290104962684,false,"קרליין - נושם דאודורנט רול און לאישה ללא אלומיניום 75 מ""ל",אמיליה קוסמטיקס,IL,נושם רול און 0% אלומ,יחידה,0.00,יחידה,false,,12.90,0.0000,true,1,250216
7290104962844,false,"שמפו אמפולה לטיפול אינטנסיבי לשיער יבש, צבוע ופגום",נטורל פורמולה Natural Formula,IL,אמפולה אינטנס שמפו ל,מיליליטרים,400.00,"100 מ""ל",false,,32.90,0.0822,true,1,155886
7290104962851,false,"מרכך אמפולה לטיפול אינטנסיבי לשיער יבש, צבוע ופגום",נטורל פורמולה Natural Formula,IL,אמפולה אינטנס מרכך ל,מיליליטרים,400.00,"100 מ""ל",false,,32.90,0.0822,true,1,155887
7290104963216,false,סופטקר - אל סבון עדין לתינוק לעור רגיש 1 ליטר,קוסמופארם בע''מ,IL,סופטקר אלסבון עדין ל,ליטרים,1.00,100 ליטר,false,,18.90,18.9000,true,1,162750
7290104963223,false,סופטקר - אל סבון עדין לתינוק לעור רגיש 1 ליטר,החברה הדרומית,IL,סופטקר אלסבון קלאסי,ליטרים,1.00,100 ליטר,false,,18.90,18.9000,true,1,162751
7290104963650,false,סופטקר - שמפו אל דמע 1 ליטר,סופטקר Softcare,IL,סופטקר שמפו אלדמע 1,ליטרים,1.00,100 ליטר,false,,18.90,18.9000,true,1,223071
7290104965647,false,קרליין דאו רול און נושם סוויט קיס לנערות,"אמיליה קוסמטיקס בע""מ",IL,קרליין דאו רול און נ,יחידה,0.00,יחידה,false,,10.90,0.0000,true,1,238175
7290105360250,false,קפסולות 09 עשיר וארומטי למכונת נספרסו עלית 10יח',הנסיך- מפעל לייצור ט,IL,עלית קפסולות 9 למכונ,יחידה,0.00,יחידה,false,,16.90,0.0000,true,1,130002
7290105360328,false,קפסולות אספרסו חזק למכונות נספרסו 10 יח',הנסיך- מפעל לייצור ט,IL,עלית קפסולות 10 למכו,יחידה,0.00,יחידה,false,,19.90,0.0000,true,1,130003
7290105360335,false,קפסולות אספרסו למכונות נספרסו 50 גר,הנסיך- מפעל לייצור ט,IL,עלית קפסולות 7 למכונ,יחידה,0.00,יחידה,false,,16.90,0.0000,true,1,130004
7290105362339,false,"שמנת לבישול 15% 250 מ""ל יטבתה מהדרין",שטראוס גרופ,IL,יטבתה שמנת לבישול 15,מיליליטרים,250.00,"100 מ""ל",false,,8.60,0.0344,true,1,141222
7290105363602,false,מקלות כיף כף קלאסי עלית 40 גרם,"איי, בי, אינבוו",TR,כיף כף מקלות קלאסי 4,יחידה,0.00,יחידה,false,,5.90,0.0000,true,1,130025
7290105364289,false,מקלות כיף כף פצפוצים עלית 40 גרם,"איי, בי, אינבוו",TR,כיף כף מקלות פצפוצים,יחידה,0.00,יחידה,false,,5.90,0.0000,true,1,130027
7290105364302,false,"עלית חטיף שוקולד כיף כף מקלות אגוזים, 40 גרם","איי, בי, אינבוו",TR,כיף כף מקלות אגוזים,יחידה,0.00,יחידה,false,,5.90,0.0000,true,1,130028
7290105366023,false,סלט חצילים בטעם כבד אחלה 400 גרם,מיוצר עי קונדיטוריית,IL,אחלה סלט חציל בטעם כ,גרמים,400.00,100 גרם,false,,15.90,0.0398,true,1,141230
7290105366047,false,טחינה אחלה לבנה 400 גר',מיוצר עי קונדיטוריית,IL,אחלה סלט טחינה לבנה,גרמים,400.00,100 גרם,false,,15.10,0.0377,true,1,141232
7290105366993,false,סימפוניה גבינת שמנת פלפל שיפקה 5% שטראוס 200 גרם,"שטראוס בריאות בע""מ",IL,סימפוניה פלפל שיפקה,גרמים,200.00,100 גרם,false,,10.90,0.0545,true,1,141240
7290105368331,false,מעדן מילקי בטעם תות עם קצפת,מחלבת אחיהוד,IL,מעדן מילקי תות,מיליליטרים,133.00,"100 מ""ל",false,,2.90,0.0218,true,1,141263
7290105368928,false,"שמנת 9% שומן 200 מ""ל יוטבתה",שטראוס גרופ,IL,יטבתה שמנת 9% 200 גר,גרמים,200.00,100 גרם,false,,2.90,0.0145,true,1,141276
7290105369130,false,סימפוניה גבינת שמנת בצל ירוק 5% שטראוס 200 גרם,"שטראוס בריאות בע""מ",IL,סימפוניה שטראוס בצל,גרמים,200.00,100 גרם,false,,10.90,0.0545,true,1,141283
7290105430441,false,פלמוליב ס.נוזלי סחלב שחור 750 מל משאבה,הנסיך- מפעל לייצור ט,TR,פלמוליב סחלב שחור 75,מיליליטרים,750.00,"100 מ""ל",false,,19.90,0.0265,true,1,125156
7290105430458,false,"פלמוליב - תחליב רחצה נטורלס שקדים 750 מ""ל",הנסיך- מפעל לייצור ט,TR,"פלמוליב שקדים 750 מ""",מיליליטרים,750.00,"100 מ""ל",false,,19.90,0.0265,true,1,125157
7290105431516,false,מארז חטיף פריי תמרים ובוטנים ללא גלוטן ותוספת סוכר 125 גרם,טבעית מוצרים מן הטבע,IL,פרי חטיפי תמרים ובוט,גרמים,125.00,100 גרם,false,,16.90,0.1352,true,1,125167
7290105431868,false,"פלמוליב ספא קוקוס גרגרים נוזלי 500 מ""ל",הנסיך- מפעל לייצור ט,TR,פלמוליב ספא קוקוס גר,מיליליטרים,500.00,"100 מ""ל",false,,15.90,0.0318,true,1,125172
7290105434050,false,ספיד סטיק - דאודורנט סטיק לגבר XL ירוק רגיולר 85 גרם,ספיד סטיק Speed Stick,US,ספיד סטיק ירוק 85 גר,יחידה,0.00,יחידה,false,,19.90,0.0000,true,1,155114
7290105434067,false,ספיד סטיק - דאודורנט סטיק לגבר XL אושן סרף 85 גרם,קולגייט פלמוליב,US,ספיד סטיק אושיין סרף,גרמים,85.00,100 גרם,false,,19.90,0.2341,true,1,257871
7290105438546,false,קוקי נייר אפייה פרימיום 40 יח',קוקי,IL,קוקי נייר אפייה פרימ,יחידה,1.00,יחידה,false,,11.90,11.9000,true,1,125203
7290105439499,false,מאסטר שף מאסטר שף מיונז 480 גר כשלפ,רמיה סי.וי. הולנד,NL,מאסטר שף מיונז בצנצנ,מיליליטרים,481.00,"100 מ""ל",false,,11.90,0.0247,true,1,159231
7290105439505,false,מאסטר שף קרם בטעם מיונז לייט 479 גר כשלפ,רמיה סי.וי. הולנד,NL,מאסטר שף קרם בטעם מי,גרמים,479.00,100 גרם,false,,11.90,0.0248,true,1,167293
7290105439581,false,מנה מאסטר שף חרדל דיזיון צרפתי 370 גר,סאס קווינור,FR,מאסטר שף חרדל דיזון,גרמים,390.00,100 גרם,false,,10.90,0.0279,true,1,159232
7290105475787,false,לה קט מארז שימורי שלישיה *400 ג',FIDELE SAS,FR,לה קט מולטיפק צ'אנקס,גרמים,400.00,100 גרם,false,,24.90,0.0622,true,1,157578
7290105479679,false,מזון כלבים בונזו בקר,בונזו,FR,"בונזו בכר וכבד 12 ק""",קילוגרמים,12.00,"ק""ג",false,,139.90,11.6583,true,1,186214
7290105500151,false,וודקה פינלנדיה בקבוק,"אלטיה קורפ, הלסינקי,",FI,וודקה פינלנדיה 50 ש,מיליליטרים,700.00,"100 מ""ל",false,,79.90,0.1141,true,1,115778
7290105500236,false,וויסקי ג'ק דניאלס מס' 7 Brand No,ג'ק דניאלס Jack Daniel's,US,גק דניאלס וויסקי 700,מיליליטרים,700.00,"100 מ""ל",false,,129.90,0.1856,true,1,115780
7290105500878,false,מרטיני וורמוט לבן 1 ליטר,מרטיני ורוסי,,מרטיני ביאנקו 1 ליטר,ליטרים,1.00,ליטר,false,,59.90,59.9000,true,1,233981
7290105500953,false,"וויסקי ג'ק דניאלס דבש 700 מ""ל",ג'ק דניאל'ס,BE,גק דניאלס וויסקי דבש,מיליליטרים,700.00,"100 מ""ל",false,,129.90,0.1856,true,1,115795
7290105665485,false,תבנית סיליקון לשוקול,,,תבנית סיליקון לשוקול,יחידה,0.00,יחידה,false,,12.90,0.0000,true,1,245093
7290105668653,false,סכין שפים מיקצועי 8,,,סכין שפים מיקצועי 8,יחידה,0.00,יחידה,false,,12.90,0.0000,true,1,215578
7290105691224,false,אסם חטיפי פריכונים טורטייה שום בצל 60 גרם,"מיוצר ע""י PT, משווק",IL,קריספי טורטיה שום בצ,יחידה,0.00,יחידה,false,,7.90,0.0000,true,1,123749
7290105691712,false,אסם עוגיות הפסקת קפה דגנים מלאים 230 גרם,היינץ צפון אמריקה מק,IL,אסם עוגיות הפסקת קפה,גרמים,230.00,100 גרם,false,,11.90,0.0517,true,1,123758
7290105691934,false,קמח שמרים אסם 1 קילו,תאי פרזידנט פוד פאבל,IL,אסם קמח שמרים 1קג,קילוגרמים,1.00,"ק""ג",false,,10.90,10.9000,true,1,123760
7290105692436,false,במבה מארז 19 יח' * 15ג' אסם,,,במבה אסם מגזר ערבי 1,גרמים,285.00,100 גרם,false,,21.90,0.0768,true,1,123766
7290105693341,false,מארז עשיריית במבה אסם 25*10 גרם,"אסם תעשיות בע""מ",IL,מארז במבה 25 גרם * 1,גרמים,250.00,100 גרם,false,,14.90,0.0596,true,1,123776
7290105693457,false,עוגת הבית דמקה שוקו וניל אסם 320 גרם,מיוצר עי קונדיטוריית,IL,עוגת הבית דמקה שוקו,גרמים,320.00,100 גרם,false,,14.90,0.0466,true,1,123778
7290105693952,false,פירורית זהב אסם זהב שומשום 200 ג',מיוצר עי קונדיטוריית,IL,פירורית זהב שומשום 2,גרמים,200.00,100 גרם,false,,6.90,0.0345,true,1,123781
7290105695024,false,פתיתים אפויים אורז עם אטריות אסם 500 גרם,"אסם תעשיות בע""מ",IL,אסם פתיתים אפויים או,גרמים,500.00,100 גרם,false,,7.90,0.0158,true,1,123799
7290105695321,false,עוגת הבית בראוניס פאדג' אסם 380 גרם,מיוצר עי קונדיטוריית,IL,הבית עוגות בראוניס פ,גרמים,380.00,100 גרם,false,,17.90,0.0471,true,1,123801
7290105962331,false,סחוג אדום תימני חריף מאוד זהבי 220 גרם,אף.סי תבליני בגליל ב,IL,סחוג חריף מאוד זהבי,גרמים,220.00,100 גרם,false,,10.90,0.0495,true,1,141286
7290105962980,false,כרוב אדום במיונז 400 ג' אחלה,מיוצר עי קונדיטוריית,IL,אחלה סלט כרוב אדום 4,גרמים,400.00,100 גרם,false,,10.90,0.0273,true,1,141287
7290105962997,false,חצילים אחלה במיונז 400 גר',"שטראוס גרופ בע""מ",IL,אחלה סלט חציל במיונז,גרמים,400.00,100 גרם,false,,10.90,0.0273,true,1,141288
7290105963000,false,סלט מטבוחה 400 ג' אחלה,מיוצר עי קונדיטוריית,IL,אחלה סלט מטבוחה 400,גרמים,400.00,100 גרם,false,,10.90,0.0273,true,1,141289
7290105963864,false,חזרת אחלה שטראוס 220,"שטראוס גרופ בע""מ",IL,חזרת 220 גרם,גרמים,220.00,100 גרם,false,,11.90,0.0541,true,1,141290
7290105964564,false,סלט חומוס אחלה 400גר,מיוצר עי קונדיטוריית,IL,אחלה חומוס אחלה 400,גרמים,400.00,100 גרם,false,,7.90,0.0198,true,1,141291
7290105965738,false,יוגורט לשתיה בטעם תות בננה267 ג' דנונה,מיוצר עי קונדיטוריית,IL,דנונה משקה תות בננה,גרמים,267.00,100 גרם,false,,4.80,0.0180,true,1,141301
7290105966469,false,"חומץ בלסמי יד מרדכי 250 מ""ל",אצטייה ג'וזפה קרמוני,IT,יד מרדכי חומץ בלסמי,מיליליטרים,250.00,"100 מ""ל",false,,14.90,0.0596,true,1,130105
7290105968098,false,"סלט קולסלאו 500 גרם ""אחלה""",שטראוס גרופ סלטים,IL,אחלה קולסלאו 500 גרם,גרמים,500.00,100 גרם,false,,15.10,0.0302,true,1,141318
7290105968654,false,רביולי בטטה פרווה פסטה נונה 400 ג',מיוצר עי קונדיטוריית,IL,שטראוס רביולי בטטה 4,גרמים,400.00,100 גרם,false,,20.90,0.0522,true,1,141319
7290105968777,false,פריכיות 5 דגנים עם תחתית שוקולד מריר 70 גרם,"טחנת האבן תעשיות בע""",IL,אנרג'י פריכיות תחתית,יחידה,0.00,יחידה,false,,8.90,0.0000,true,1,130124
7290106098282,false,"גביע 1/2 אמריקאי ארוז 6 יח כשלפ עד""ח ר.שמאי",,IL,שמאי - גביע אחסון 1,יחידה,0.00,יחידה,false,,6.90,0.0000,true,1,196229
7290106261327,false,"קלאסיק - דאודורנט ספריי לאישה גולד מיינד 200 מ""ל",,,דואדורנט ליידי גולד,יחידה,0.00,יחידה,false,,12.90,0.0000,true,1,267141
7290106263420,false,שמפו שמן זית לשיער ד,,,שמפו שמן זית לשיער ד,יחידה,0.00,יחידה,false,,39.90,0.0000,true,1,215247
7290106392618,false,צנצנת קזבלן 0.5 ל',,,צנצנת קזבלן 0.5 ל',יחידה,0.00,יחידה,false,,14.90,0.0000,true,1,210878
7290106436312,false,מגש פינוק,,,מגש פינוק,יחידה,0.00,יחידה,false,,19.90,0.0000,true,1,235384
7290106520066,false,רבע לשבע במילוי קרם אגוזים ובציפוי שוקולד חלב,הגביע מוצרי וופלים ב,IL,רבע לשבע 160 גרם,גרמים,160.00,100 גרם,false,,12.90,0.0806,true,1,130127
7290106520288,false,יוגורט פרו חלבון עם תות 2.4% שומן 150 ג' דנונה,"שטראוס בריאות בע""מ",IL,"דנונה פרי תות 150 מ""",מיליליטרים,150.00,"100 מ""ל",false,,4.50,0.0300,true,1,159768
7290106520905,false,סלט טורקי טעמי השוק,שטראוס גרופ,IL,אחלה סלט טורקי 400 ג,גרמים,400.00,100 גרם,false,,15.10,0.0377,true,1,141328
7290106520912,false,"שמנת לבישול 9% 250 מ""ל יטבתה",שטראוס גרופ,IL,יטבתה שמנת לבישול 9%,מיליליטרים,258.00,"100 מ""ל",false,,8.60,0.0333,true,1,141329
7290106521049,false,אחלה טעמי השוק קוביות סלק 400 גר,מיוצר עי קונדיטוריית,IL,אחלה סלט קוביות סלק,גרמים,400.00,100 גרם,false,,15.10,0.0377,true,1,141338
7290106521926,false,שקית קפה טורקי 150 ג' עלית,שטראוס גרופ,IL,קפה טורקי עלית 150 ג,גרמים,150.00,100 גרם,false,,11.90,0.0793,true,1,210632
7290106524439,false,"תפוצ'יפס פופס 60 גרם ""עלית""","שטראוס פריטו ליי בע""",IL,תפוצ'יפס פופס 60 גרם,יחידה,0.00,יחידה,false,,3.50,0.0000,true,1,179392
7290106525320,false,אבקת שוקולית לאפייה קופסא 500ג' עלית,הנסיך- מפעל לייצור ט,IL,שוקולית לאפיה 500 גר,גרמים,500.00,100 גרם,false,,14.90,0.0298,true,1,130167
7290106525399,false,קפסולות 06 ברזיל למכונות נספרסו עלית 10יח',הנסיך- מפעל לייצור ט,IL,קפסולות ברזיל אפס/שש,יחידה,0.00,יחידה,false,,16.90,0.0000,true,1,162896
7290106525405,false,קפסולות למכונת נספרסו נטול קפאין,שטראוס קפה בי.וי,IL,עלית קפסולות נטול 7,יחידה,0.00,יחידה,false,,16.90,0.0000,true,1,130169
7290106526822,false,פריכיות אורז חום מלא תחתית שוקולד חלב 80 גרם,"טחנת האבן תעשיות בע""",IL,פריכיות אנרג'י עם תח,יחידה,0.00,יחידה,false,,8.90,0.0000,true,1,130183
7290106528567,false,"דוריטוס גריל 185 גרם ""עלית""",שטראוס פריטו ליי (מל,IL,דוריטוס גריל 185 גרם,גרמים,185.00,100 גרם,false,,7.90,0.0427,true,1,161641
7290106528628,false,"דוריטוס טבעי 185 גרם ""עלית""","שטראוס פריטו ליי בע""",IL,דוריטוס טבעי 185 גרם,גרמים,185.00,100 גרם,false,,7.90,0.0427,true,1,161642
7290106528949,false,לקט ערוגות 450 גרם שטראוס,שטראוס בריאות ירקות,IL,שטראוס לקט ערוגות 45,גרמים,450.00,100 גרם,false,,12.90,0.0287,true,1,141370
7290106571563,false,אפרופו אסם 200 גר',Unknown,,אפרופו 200ג,גרמים,200.00,100 גרם,false,,10.10,0.0505,true,1,123815
7290106571921,false,עוגיות פיטנס עוגיות חמוציות 180 גר',מיוצר עי קונדיטוריית,IL,פיטנס עוגיות חמוציות,גרמים,180.00,100 גרם,false,,11.90,0.0661,true,1,123820
7290106572027,false,אוסם - לחמית חמישה דגנים 190 גרם,"אסם תעשיות בע""מ",IL,לחמית חמישה דגנים 19,גרמים,190.00,100 גרם,false,,9.90,0.0521,true,1,123822
7290106572065,false,חטיפי פריכונים טורטיה חמוץ מתוק 60 גרם,"מיוצר ע""י PT, משווק",IL,קריספי טורטיה תירס ח,יחידה,0.00,יחידה,false,,7.90,0.0000,true,1,123823
7290106572959,false,אפרופו מארז 5 יח' *25 ג' אסם,"אסם תעשיות בע""מ",IL,אפרופו קלאסי 5*25ג,גרמים,125.00,100 גרם,false,,12.90,0.1032,true,1,225233
7290106573024,false,סירופ דיאט אננס 1 ליטר עסיס,בית השיטה עסיס תעשיו,IL,עסיס סירופ דיאט בטעם,ליטרים,1.00,ליטר,false,,19.90,19.9000,true,1,123833
7290106573598,false,צבר חומוס לבנוני 400 גרם,סלטי צבר,IL,צבר חומוס לבנוני 400,גרמים,400.00,100 גרם,false,,12.90,0.0323,true,1,123841
7290106573628,false,צבר חומוס עם טחינה 400 גרם,לחמנו,IL,צבר חומוס עם טחינה 4,גרמים,400.00,100 גרם,false,,12.90,0.0323,true,1,123842
7290106574793,false,עוגת הבית בטעם שוקו-שוקוצ'יפס 350 ג' אסם,מיוצר עי קונדיטוריית,IL,עוגות הבית שוקו שוקו,גרמים,350.00,100 גרם,false,,14.90,0.0426,true,1,123858
7290106574977,false,בייגלה שטוחים כעכים שטוחים עם מלח,מיוצר עי קונדיטוריית,IL,אסם בייגלה שטוחים עם,גרמים,300.00,100 גרם,false,,10.90,0.0363,true,1,123860
7290106575257,false,עוגת הבית סופלה בטעם שוקולד 340 ג' אסם,מיוצר עי קונדיטוריית,IL,הבית עוגת סופלה בטעם,גרמים,340.00,100 גרם,false,,14.90,0.0438,true,1,123864
7290106575431,false,עוגת הבית סופלה בטעם שוקוניל 340 ג' אסם,מיוצר עי קונדיטוריית,IL,הבית עוגת סופלה בטעם,גרמים,340.00,100 גרם,false,,14.90,0.0438,true,1,123870
7290106576513,false,סלט חומוס צבר 400 גר,סלטי צבר,IL,צבר חומוס 400 גרם,גרמים,400.00,100 גרם,false,,9.90,0.0248,true,1,123881
7290106576537,false,חומוס מסעדות צבר 700 גרם,סלטי צבר,IL,צבר חומוס מסעדה 700,גרמים,700.00,100 גרם,false,,13.90,0.0199,true,1,123882
7290106576797,false,"לה קרמריה גלידת וניל איטלקי כשל""פ 1.4ל'",תות תעשיות מזון (201,IL,לה קרמריה וניל איטלק,ליטרים,1.40,ליטר,false,,19.90,14.2143,true,1,207025
7290106576810,false,גלידה לה קרמריה ריבת חלב 1.4 ל' נסטלה,לה קרמריה- נסטלה,IL,לה קרמריה ריבת חלב 1,ליטרים,1.40,ליטר,false,,19.90,14.2143,true,1,207026
7290106576834,false,גלידה לה קרמריה פונטש בננה1.4 ל' נסטלה,תות תעשיות מזון (201,IL,לה קרמריה פונטש בננה,ליטרים,1.40,ליטר,false,,19.90,14.2143,true,1,207034
7290106576858,false,גלידה לה קרמריה תותים בשמנת 1.4 ל' נסטלה,לה קרמריה- נסטלה,IL,לה קרמריה תותים בשמנ,ליטרים,1.40,ליטר,false,,19.90,14.2143,true,1,207031
7290106576919,false,גלידה קרמריה סורבה תות לימון 1.4 ליטר,לה קרמריה- נסטלה,IL,גלידה קרמריה סורבה ת,ליטרים,1.40,ליטר,false,,19.90,14.2143,true,1,207038
7290106576971,false,גלידה לה קרמריה שוקולד בלגי 1.4 ל' נסטלה,תות תעשיות מזון (201,IL,לה קרמריה שוקולד בלג,ליטרים,1.40,ליטר,false,,19.90,14.2143,true,1,207032
7290106576995,false,גלידה סורבה לה קרמריה תות מנגו לייט 1.4 ל' נסטלה,לה קרמריה- נסטלה,IL,לה קרמריה לייט סורבה,ליטרים,1.40,ליטר,false,,19.90,14.2143,true,1,207035
7290106577039,false,גלידה לה קרמריה שוקו וניל פליק 1.4 ל' נסטלה,תות תעשיות מזון (201,IL,לה קרמריה שוקו וניל,ליטרים,1.40,ליטר,false,,19.90,14.2143,true,1,116601
7290106577282,false,טחינה אמיתית מרובע 400 ג' צבר,סלטי צבר,IL,צבר טחינה מרובע 400,גרמים,400.00,100 גרם,false,,12.90,0.0323,true,1,123887
7290106577527,false,סלט קולסלאו כרוב לבן וגזר 400 ג' צבר,סלטי צבר,IL,צבר קולסלו מרובע 400,גרמים,400.00,100 גרם,false,,12.90,0.0323,true,1,123892
7290106577541,false,צבר כרוב אדום מרובע 400גרם,סלטי צבר,IL,צבר כרוב אדום מרובע,גרמים,400.00,100 גרם,false,,12.90,0.0323,true,1,123893
7290106577572,false,מטבוחה אמיתית מרובע 400 ג' צבר,סלטי צבר,IL,צבר מטבוחה מרובע 400,גרמים,400.00,100 גרם,false,,12.90,0.0323,true,1,123894
7290106578692,false,אוסם - במבה ביסלי מיקס 80 גרם,פרו מן יו פתרונות אר,IL,ביסלי במבה מיקס 80 ג,יחידה,0.00,יחידה,false,,5.90,0.0000,true,1,157660
7290106578821,false,הבית עוגת שמרים קלאסית בטעם שוקולד 350גר.,מיוצר עי קונדיטוריית,IL,הבית עוגת שמרים קלאס,גרמים,350.00,100 גרם,false,,17.90,0.0511,true,1,123903
7290106652996,false,כיף כף מקלות קוקוס חלבי 40 גר',סולן בעבור שטראוס,TR,כיף כף מקלות קוקוס 4,יחידה,0.00,יחידה,false,,4.70,0.0000,true,1,266945
7290106653504,false,סבבה בוטנים אמריקאים ברביקיו 50 גרם,"שטראוס פריטו ליי בע""",IL,סבבה בוטנים ברביקיו,יחידה,0.00,יחידה,false,,2.90,0.0000,true,1,193980
7290106653689,false,לקט לסלט אסיאתי 350 גר שטראוס,"שטראוס מזון טרי בע""מ",IL,לקט לסלט אסייתי 350,גרמים,350.00,100 גרם,false,,11.90,0.0340,true,1,170970
7290106654099,false,מילקי CAKE עוגות אישיות במילוי קרם חלב,אירו קייקס אס פי איי,IT,מארז מילקי cakeשמיני,יחידה,0.00,יחידה,false,,19.90,0.0000,true,1,159351
7290106663503,false,יד מרדכי קונפיטורת לייט תות 230 גר,אף.סי תבליני בגליל ב,IL,יד מורדכי קונפיטורת,גרמים,230.00,230 גרם,false,,13.90,0.0604,true,1,130286
7290106663558,false,"רוטב טריאקי ורימון יד מרדכי 280מ""ל",אף.סי תבליני בגליל ב,IL,יד מרדכי רוטב טריאקי,גרמים,320.00,100 גרם,false,,14.90,0.0466,true,1,130291
7290106664050,false,תפוציפס אקסטרה בטעם,,,תפוציפס אקסטרה בטעם,גרמים,50.00,00000000000000000גרם,false,,3.70,0.0740,true,1,130491
7290106664067,false,לאבנה עם שמן זית וזעתר 10% שטראוס 400 ג',הדקלאים אגודת שיתופי,IL,לאבנה עם שמן זית וזע,גרמים,400.00,100 גרם,false,,14.90,0.0373,true,1,157509
7290106664555,false,"רוטב שמנת עם עגבניות 9% שומן 250 מ""ל יוטבתה",שטראוס גרופ,IL,יטבתה רוטב שמנת 250,גרמים,250.00,100 גרם,false,,10.50,0.0420,true,1,157044
7290106664562,false,רוטב שמנת עם פטריות 9% שומן 258 ג' יוטבתה,שטראוס גרופ,IL,יטבתה רוטב שמנת עם פ,גרמים,250.00,100 גרם,false,,10.50,0.0420,true,1,141421
7290106666788,false,עלית - סוכריות נוסטלגיה דבש ממולאות 80 גרם,שטראוס גרופ,PL,עלית סוכריות נוסטלגי,יחידה,0.00,יחידה,false,,5.90,0.0000,true,1,130301
7290106667266,false,"דוריטוס חמוץ חריף 185 גרם ""עלית""",שטראוס פריטו ליי (מל,IL,דוריטוס חמוץ חריף 18,גרמים,185.00,100 גרם,false,,7.90,0.0427,true,1,161646
7290106668577,false,"מיץ לימון טבעי 250 מ""ל ""יד מרדכי""",האי נאם סי או אל.טי.,IT,יד מרדכי מיץ לימון 2,מיליליטרים,250.00,"100 מ""ל",false,,9.90,0.0396,true,1,130303
7290106668713,false,יוגורט עם פירות יער 3% שומן 150 ג' דנונה,מיוצר עי קונדיטוריית,IL,דנונה ביו פירות יער,גרמים,150.00,100 גרם,false,,3.90,0.0260,true,1,155224
7290106669857,false,קפסולות 06 אספרסו בטעם וניל עלית 10יח',הנסיך- מפעל לייצור ט,IL,עלית קפסולות אספרסו,יחידה,0.00,יחידה,false,,16.90,0.0000,true,1,171513
7290106711594,false,חוברת צביעה לשביר את,,,חוברת צביעה לשביר את,יחידה,0.00,יחידה,false,,10.00,0.0000,true,1,212610
7290106718210,false,חוברת צביעה מפרץ ההרפתקאות A4,,,חוברת צביעה מפרץ ההר,יחידה,0.00,יחידה,false,,10.00,0.0000,true,1,212585
7290106720626,false,צ'יטוס קראנצ' בטעם גבינה - חלבי,"שטראוס פריטו ליי בע""",IL,ציטוס בטעם גבינה 80,יחידה,0.00,יחידה,false,,4.90,0.0000,true,1,172394
7290106721807,false,אחלה סלט חציל פיקנטי מהדרין 400ג,מיוצר עי קונדיטוריית,IL,אחלה חציל פיקנטי 400,גרמים,400.00,100 גרם,false,,10.90,0.0273,true,1,161876
7290106721913,false,מסטיק מאסט MUST ללא סוכר בטעם מנטה מרעננת,"שטראוס גרופ בע""מ",IL,מאסט צנצנת ריח פה צ',יחידה,0.00,יחידה,false,,9.90,0.0000,true,1,130335
7290106721920,false,צנצנת מסטיק מאסט בטעם ספירמינט עדין 66 ג' עלית,"שטראוס גרופ בע""מ.",IL,מאסט צנצנת ספירמינט,יחידה,0.00,יחידה,false,,9.90,0.0000,true,1,130336
7290106723689,false,עלי תרד בייבי שטראוס 200 גרם,שטראוס בריאות ירקות,IL,עלי תרד בייבי שטראוס,גרמים,200.00,200 גרם,false,,10.90,0.0545,true,1,141436
7290106725867,false,"סירופ מייפל טבעי 189 מ""ל ""יד מרדכי""",קוסלסי פוד,CA,יד מרדכי סירופ מייפל,מיליליטרים,189.00,"100 מ""ל",false,,34.90,0.1847,true,1,157518
7290106725874,false,"סירופ מייפל טבעי 236 מ""ל ""יד מרדכי""",יד מרדכי,IL,יד מרדכי סירופ מייפל,מיליליטרים,236.00,"100 מ""ל",false,,41.90,0.1775,true,1,157519
7290106726178,false,יוגורט PRO עם פירות יער 2.4% 10 גרם חלבון בגביע,מיוצר עי קונדיטוריית,IL,דנונה פרו פירות יער,מיליליטרים,150.00,"100 מ""ל",false,,4.60,0.0307,true,1,157499
7290106727984,false,"כיף כף פצפצים בגביע 135 גרם ""עלית""",שולן צ'יקולטה גידה ס,TR,גביע פצפצים 135 גרם,גרמים,135.00,100 גרם,false,,10.90,0.0807,true,1,165346
7290106729650,false,יוגורט עם תות מאגדת 8 יח' * 150ג' דנונה,דנונה - שטראוס,IL,דנונה מארז תות 3% ש,יחידה,8.00,יחידה,false,,23.90,2.9875,true,1,161695
7290107020843,false,וודקה RED Apple,,,וודקה RED Apple,מיליליטרים,700.00,"00000000000000000מ""ל",false,,90.20,0.1289,true,1,153036
7290107050258,false,תבנית אפיה נירוסטה,,,תבנית אפיה נירוסטה,יחידה,0.00,יחידה,false,,29.90,0.0000,true,1,215432
7290107051262,false,מסננת סיליקון לכיור,,,מסננת סיליקון לכיור,יחידה,0.00,יחידה,false,,10.00,0.0000,true,1,215588
7290107057530,false,תבנית קפיץ טפלון 24,,,תבנית קפיץ טפלון 24,יחידה,0.00,יחידה,false,,29.90,0.0000,true,1,259588
7290107057547,false,תבנית קפיץ טפלון 26,,,תבנית קפיץ טפלון 26,יחידה,0.00,יחידה,false,,29.90,0.0000,true,1,215435
7290107280099,false,שלישיית מגבוני טואלט לחים נשטפים סנו סופט,טרופיקל דגיל- תעשיות,IL,סנו סופט מגבוני טואל,יחידה,3.00,יחידה,false,,16.90,5.6333,true,1,206973
7290107280341,false,ריצפז מטליות לחות לניקוי הרצפה בניחוח מלון מפנק,"סנו מפעלי ברונוס סע""",IL,ריצפז מטליות לחות לנ,יחידה,0.00,יחידה,false,,13.90,0.0000,true,1,202526
7290107280389,false,"סנו - ג'ט מרסס לניקוי בחדר האמבטיה 750 מ""ל","איי, בי, אינבוו",IL,סנו ג'ט מתז לאמבט 75,מיליליטרים,750.00,"100 מ""ל",false,,12.90,0.0172,true,1,109438
7290107280396,false,"סנו - ג'ט מרסס לניקוי יסודי במטבח 750 מ""ל","סנו מפעלי ברונוס בע""",IL,סנו ג'ט מתז למטבח 75,מיליליטרים,750.00,"100 מ""ל",false,,13.90,0.0185,true,1,109439
7290107280549,false,"סנו - K400 קוטל זבובים ויתושים 300 מ""ל","סנו מפעלי ברונוס בע""",IL,קטן K-400,מיליליטרים,300.00,"100 מ""ל",false,,12.90,0.0430,true,1,109445
7290107280570,false,סנו - מקסימה ג'ל כביסה מרוכז לכביסה צבעונית 3 ליטר,מיוצר עי קונדיטוריית,IL,מקסימה ג'ל כביסה מיק,ליטרים,3.00,3 ליטר,false,,29.90,9.9667,true,1,250258
7290107280655,false,אבקת כביסה Baby לתינוקות ולעור רגיש,סנו מקסימה,IL,"מקסימה בייבי 3.25 ק""",קילוגרמים,3.25,"ק""ג",false,,30.00,9.2308,true,1,250264
7290107280709,false,"סנו ספארק נוזל הברקה למדיח 700 מ""ל","סנו מפעלי ברונוס בע""",IL,סנו ספארק נוזל הברקה,יחידה,0.00,יחידה,false,,15.90,0.0000,true,1,231964
7290107280716,false,מלח למדיח להגנה מפני אבנית סנו ספארק Spark,סנו ספארק,IL,סנו ספארק מלח למדיח,קילוגרמים,2.00,"ק""ג",false,,10.90,5.4500,true,1,231965
7290107280822,false,סנו ריצפז פרש הום 2 ליטר בניחוח ספא,סנו פרש Fresh,IL,ריצפז פרש הום ספא 2,ליטרים,2.00,ליטר,false,,21.90,10.9500,true,1,223072
7290107345880,false,B&Y - אוזניות לייטני,,,אוזניות אייפון X,יחידה,0.00,יחידה,false,,49.90,0.0000,true,1,241423
7290107544481,false,אורנה 19קרם להסרת שיער קלאסי 80 מל,אלפא קוסמטיקה,IL,אורנה 19 קרם להסרת ש,יחידה,0.00,יחידה,false,,14.90,0.0000,true,1,240891
7290107544528,false,אורנה 19 דפילטור לפנים 2021,אלפא,IL,אורנה 19 קרם להסרת ש,יחידה,0.00,יחידה,false,,14.90,0.0000,true,1,240895
7290107644488,false,בייגל בייגל בייגלה שמיניות עם מלח 255 ג,בייגל בייגל,IL,בייגלה שמיניות עם מל,גרמים,255.00,100 גרם,false,,6.90,0.0271,true,1,232836
7290107645584,false,אבקת מרק עוף אמיתי רכיבים טבעיים 400 גרם - רבנות,יוניליוור ישראל מזון,IL,קנור עוף אמיתי רכיבי,גרמים,400.00,100 גרם,false,,21.90,0.0547,true,1,182147
7290107645591,false,אבקת מרק בטעם עוף 100% רכיבים טבעיים 400 גרם,יוניליוור ישראל מזון,IL,קנור מרק טעם עוף רכי,גרמים,400.00,100 גרם,false,,17.90,0.0447,true,1,182148
7290107646062,false,אבקת מרק בצל רכיבים טבעיים קנור 400 ג',יוניליוור ישראל מזון,IL,קנור מרק בצל רכיבים,גרמים,400.00,100 גרם,false,,21.90,0.0547,true,1,182150
7290107646147,false,חטיף דגנים שוגי קורנפלקס שישייה * 26 ג',יוניליוור ישראל מזון,IL,חטיף שוגי קורנפלקס ש,יחידה,0.00,יחידה,false,,12.90,0.0000,true,1,182141
7290107646154,false,חטיף דגנים קוקומן פצפוצים טעם שוקו שישיה* 21 ג',יוניליוור ישראל מזון,IL,חטיף קוקומן פצפוצ טע,יחידה,0.00,יחידה,false,,12.90,0.0000,true,1,182142
7290107646376,false,סיף מטליות לחות לניקוי כללי בניחוח לימון,עלבד משואות יצחק בעמ,IL,סיף מטליות לחות לניק,יחידה,0.00,יחידה,false,,9.90,0.0000,true,1,174888
7290107646383,false,סיף מטליות לחות לניקוי רצפות בניחוח לימו,עלבד משואות יצחק בעמ,IL,סיף מטליות לחות לניק,יחידה,0.00,יחידה,false,,10.90,0.0000,true,1,174889
7290107646826,false,שוגי חטיף פתיתי תירס קלויים בטעם שוקולד,יוניליוור ישראל מזון,IL,חטיף שוגי טעם שוקו ש,יחידה,0.00,יחידה,false,,12.90,0.0000,true,1,182143
7290107646918,false,רוטב עגבניות ופלפלים לשקשוקה 415 ג' קנור,קונסורזיו קאסאלאסקו,IL,קנור רוטב שקשוקה 415,גרמים,415.00,100 גרם,false,,14.90,0.0359,true,1,176614
7290107646970,false,"מיונז תלמה איולי שום 273 גר בד""ץ",תלמה,IL,תלמה איולי שום ממרח,גרמים,250.00,100 גרם,false,,8.90,0.0356,true,1,261012
7290107647359,false,דומסטוס סבון אסלה 5 הפועלות בניחות אוקיינוס 3 יח' * 55 ג',יוניליוור פולין,PL,דומסטוס שלישיית סבון,יחידה,0.00,יחידה,false,,16.90,0.0000,true,1,180555
7290107647366,false,דומסטוס סבון אסלה 5 הפועלות בניחות ליים 3 יח' * 55 ג',יוניליוור פולין,PL,דומסטוס שלישיית סבון,יחידה,0.00,יחידה,false,,16.90,0.0000,true,1,180556
7290107647731,false,קוקומן חום לבן בטעם שוקולד ווניל,אתר שפע - Food,IL,קוקומן חום לבן 20% מ,גרמים,500.00,100 גרם,false,,19.90,0.0398,true,1,223480
7290107647816,false,"דגני ברנפלקס ללא תוספת סוכר 500 גרם בד""צ",יוניליוור ישראל מזון,IL,ברנפלקס בדצ ללא סוכר,גרמים,500.00,100 גרם,false,,23.90,0.0478,true,1,176778
7290107647823,false,"ברנפלקס פתיתי חיטה מלאה וסובין 500 גרם ""תלמה""",יוניליוור ישראל מזון,IL,"ברנפלקס בד""צ 500 גרם",גרמים,500.00,100 גרם,false,,22.00,0.0440,true,1,176779
7290107647854,false,"שוגי מופחת סוכר תלמה 500 ג' בד""צ",יוניליוור ישראל מזון,IL,שוגי 20% פחות סוכר 5,גרמים,500.00,100 גרם,false,,19.90,0.0398,true,1,176668
7290107648943,false,"ברנפלקס קרנצ'ים מייפל 375 גר' בד""ץ",יוניליוור שפע ישראל,IL,ברנפלקס קרנצים מייפל,גרמים,375.00,100 גרם,false,,22.00,0.0587,true,1,263412
7290107648974,false,קנור רוטב לפסטה עגבניות עם בזיליקום,יוניליוור,IL,קנור רוטב לפסטה בזיל,גרמים,415.00,100 גרם,false,,14.90,0.0359,true,1,188520
7290107648981,false,רוטב עגבניות קלאסי פומודורו 415 ג' קנור,מיוצר עי קונסורזייו,IL,קנור רוטב פומודורו ל,גרמים,415.00,100 גרם,false,,14.90,0.0359,true,1,181637
7290107649100,false,בייגלה טבעות שומשום 300 גר',בייגל את בייגל מזון,IL,בייגל בייגלה טבעות ש,גרמים,300.00,100 גרם,false,,9.90,0.0330,true,1,192085
7290107649735,false,"גלידה 5 טעמים תות, לימון, בננה, משמש, פטל 2ל'","גלידת שטראוס בע""מ, ר",IL,גלידה תות לימון בננה,יחידה,0.00,יחידה,false,,22.90,0.0000,true,1,196939
7290107812122,false,חוברת צביעה מיני מאו,,,חוברת צביעה מיני מאו,יחידה,0.00,יחידה,false,,10.00,0.0000,true,1,212586
7290107812542,false,חוברת צביעה לשבור את,,,חוברת צביעה לשבור את,יחידה,0.00,יחידה,false,,10.00,0.0000,true,1,212587
7290107814256,false,חוברת צביעה פו הדב,,,חוברת צביעה פו הדב,יחידה,0.00,יחידה,false,,10.00,0.0000,true,1,212615
7290107814348,false,חוברת צביעה חיות דיס,,,חוברת צביעה חיות דיס,יחידה,0.00,יחידה,false,,10.00,0.0000,true,1,212590
7290107814737,false,חוברת צביעה סמי הכבא,,,חוברת צביעה סמי הכבא,יחידה,0.00,יחידה,false,,10.00,0.0000,true,1,212598
7290107814768,false,חד קרן חוברת צביעה A,,,חד קרן חוברת צביעה A,יחידה,0.00,יחידה,false,,10.00,0.0000,true,1,212550
7290107816960,false,חוברת צביעה סמי הכבא,,,חוברת צביעה סמי הכבא,יחידה,0.00,יחידה,false,,10.00,0.0000,true,1,212599
7290107819336,false,חוברת צביעה מיקי ומכ,,,חוברת צביעה מיקי ומכ,יחידה,0.00,יחידה,false,,10.00,0.0000,true,1,212595
7290107819381,false,מטוסי על חוברת צביעה,,,חוברת צביעה מטוסי על,יחידה,0.00,יחידה,false,,10.00,0.0000,true,1,212620
7290107871297,false,אוסם - מיני פריכונים עשבי תיבול 25 גרם,"מיוצר ע""י PT, משווק",IL,פריכונים מיני עשבי ת,יחידה,0.00,יחידה,false,,4.50,0.0000,true,1,123924
7290107871532,false,מאגדת קרחונים דובדבן מלון 10 יח' נסטלה,גלידות נסטלה (נגה גל,IL,מאגדת לה פרוטה קרחונ,יחידה,0.00,יחידה,false,,14.90,0.0000,true,1,207051
7290107871990,false,"פסטה צינורות 500 גרם ""אסם""",פסטה זארה,IT,פסטה אסם צינורות 500,גרמים,500.00,100 גרם,false,,5.90,0.0118,true,1,123935
7290107874427,false,אוסם - מיני פריכונים זעתר 25 גרם,פרח תעשיות מזון,IL,פריכונים מיני זעתר 2,יחידה,0.00,יחידה,false,,4.50,0.0000,true,1,123969
7290107874441,false,פריכונים מיני בצל מקורמל 25 גרם אסם,"מיוצר ע""י PT, משווק",IL,פריכונים מיני בצל מק,יחידה,0.00,יחידה,false,,4.50,0.0000,true,1,123970
7290107874502,false,ביסלי גריל קדמ. מארז אחיד 10 4*55 גרם,מיוצר עי קונדיטוריית,IL,ביסלי גריל 4*55 גרם,גרמים,220.00,100 גרם,false,,12.90,0.0586,true,1,162964
7290107875158,false,במבה קלאסי מארז 4 יח' *60ג' אסם,מיוצר עי קונדיטוריית,IL,במבה אסם 4*60ג,גרמים,240.00,100 גרם,false,,12.90,0.0538,true,1,205194
7290107875271,false,ביסלי ברביקיו קדמ. מארז אחיד10 4*55 גרם,"אסם תעשיות בע""מ",IL,ביסלי ברביקיו 4*55 ג,גרמים,220.00,100 גרם,false,,12.90,0.0586,true,1,162965
7290107875820,false,קרוטונים אפויים בתיבול ביתי אוסם 180 ג',עינת תעשיות מזון,IL,אסם קרוטונים אפויים,גרמים,180.00,100 גרם,false,,12.90,0.0717,true,1,123982
7290107877619,false,מארז במבה במילוי קרם נוגט 5*30ג' אסם,"אסם תעשיות בע""מ",IL,במבה במילוי קרם נוגט,יחידה,0.00,יחידה,false,,13.90,0.0000,true,1,170862
7290107879132,false,פריכיות פיטנס מיני פריכיות שוקולד חלב 22 ג',כרמית,IL,אסם פיטנס מיני פריכי,יחידה,0.00,יחידה,false,,5.90,0.0000,true,1,167274
7290107879521,false,קרחון לה פרוטה שרבט תות מאגדת 5יח',המאפיה של הרמן,IL,מאגדת לה פרוטה תות 5,יחידה,0.00,יחידה,false,,21.90,0.0000,true,1,173707
7290107879569,false,קרחון לה פרוטה שרבט מנגו מאגדת 5יח',המאפיה של הרמן,IL,מאגדת לה פרוטה מנגו,יחידה,0.00,יחידה,false,,21.90,0.0000,true,1,207052
7290107930321,false,קונפיטורת יד מרדכי דובדובן 340 גרם,"בית אל מזון בע""מ",IL,יד מרדכי קונפיטורה ד,גרמים,340.00,100 גרם,false,,13.90,0.0409,true,1,156098
7290107931397,false,כיף כף פצפוצים במילוי שוקולד 40 גרם,שולן צ'יקולטה גידה ס,TR,כיף כף פצפצים במילוי,יחידה,0.00,יחידה,false,,5.90,0.0000,true,1,162268
7290107932080,false,חלב מועשר יוטבתה בבקבוק 3% 1 ליטר,מחלבת יטבתה,IL,חלב יטבתה בבקבוק3% מ,ליטרים,1.00,ליטר,false,,7.50,7.5000,true,1,157490
7290107932134,false,חלב מועשר יוטבתה בבקבוק 1% 1 ליטר,מחלבת יטבתה,IL,חלב יטבתה בבקבוק1% מ,ליטרים,1.00,ליטר,false,,7.50,7.5000,true,1,157491
7290107933155,false,הירק של מוטקה סלנובה,שטראוס בריאות ירקות,IL,לקט סלנובה 200 גרם,יחידה,0.00,יחידה,false,,13.90,0.0000,true,1,160545
7290107933193,false,שטראוס סלק מבושל בוו,לס לגוסודה סנצונוניו,ES,סלק מבושל 500 גרם,גרמים,500.00,100 גרם,false,,8.90,0.0178,true,1,158124
7290107934473,false,מארז 8 יח' אקטיביה יוגורט קרמי 1.5% שומן,דנונה - שטראוס,IL,מארז אקטיביה שמינייה,יחידה,0.00,יחידה,false,,21.90,0.0000,true,1,156331
7290107936309,false,דנונה יוגורט 7% יווני לבן 130 ג',"שטראוס בריאות בע""מ",IL,דנונה יווני 130 גרם,גרמים,130.00,100 גרם,false,,3.50,0.0269,true,1,167317
7290107936460,false,מארז 8 יח' דנכול משקה יוגורט בטעם מעודן,מיוצר עי קונדיטוריית,IL,דנכול מארז 8 בטעם מע,גרמים,800.00,100 גרם,false,,29.60,0.0370,true,1,161712
7290107936958,false,עד חצות ביסקוויט אצבעות שוקולד 125 גרם,הדקלאים אגודת שיתופי,FR,עד חצות אצבעות 125 ג,גרמים,125.00,100 גרם,false,,11.90,0.0952,true,1,178407
7290107936965,false,עיגולים עד חצות עם שוקולד חלב 225 גר,ביסקווטרי עוגיות סנט,FR,עד חצות עיגולים 225,גרמים,225.00,100 גרם,false,,14.90,0.0662,true,1,178258
7290107937542,false,משקה יוגורט אקטיביה עם תות 1.2% שומן,מיוצר עי קונדיטוריית,IL,אקטיביה משקה בטעם תו,מיליליטרים,250.00,"100 מ""ל",false,,4.90,0.0196,true,1,162892
7290107937627,false,מסטיק מאסט Must קוביות ללא סוכר בטעם מנטה עדינה,אסקום קונפקשיין,IL,צנצנת מסטיק קוביות ס,יחידה,0.00,יחידה,false,,9.90,0.0000,true,1,167352
7290107937634,false,צנצנית מסטיק מאסט קוביות פפירמינט 58 ג' עלית,אסקום קונפקשיין,IL,צנצנת מסטיק קוביות פ,יחידה,0.00,יחידה,false,,9.90,0.0000,true,1,167353
7290107937641,false,מסטיק בצנצנת קוביות בזוקה 58 ג',אסקום קונפקשיין,IL,צנצנת מסטיק קוביות ב,יחידה,0.00,יחידה,false,,9.90,0.0000,true,1,167354
7290107937856,false,קפסולות 11חזק למכונות נספרסו עלית 10יח',הנסיך- מפעל לייצור ט,IL,עלית קפסולות מס 11 5,יחידה,0.00,יחידה,false,,16.90,0.0000,true,1,166914
7290107938396,false,"אקטימל משקה פרוביוטי תות 100X8 מ""ל",מיוצר עי קונדיטוריית,IL,אקטימל 8 תות דיסני V,יחידה,8.00,יחידה,false,,19.90,2.4875,true,1,164287
7290107939027,false,גזר דק דק 250 גרם שטראוס,שטראוס בריאות ירקות,IL,שטראוס גזר דק דק 250,גרמים,250.00,100 גרם,false,,6.90,0.0276,true,1,167045
7290107940030,false,"חומוס אחלה מופחת שומן 650 גרם ""אחלה""",שטראוס גרופ,IL,חומוס אחלה 650 גרם,גרמים,650.00,100 גרם,false,,9.90,0.0152,true,1,168263
7290107940467,false,אקטיביה יוגורט 1.5% שומן 200 ג' דנונה,מיוצר עי קונדיטוריית,IL,אקטיביה 1.5% 200 גרם,גרמים,200.00,100 גרם,false,,3.70,0.0185,true,1,164267
7290107941259,false,"עדשים ירוקות מבושלות 475 גרם ""טעם הטבע",הורקסה לס לגונס דה ס,ES,טעם הטבע עדשים ירוקו,גרמים,475.00,100 גרם,false,,10.90,0.0229,true,1,168647
7290107941266,false,שעועית אדומה מבושלת 475 גר שטראוס,הורקסה לס לגונס דה ס,ES,טעם הטבע שעועית אגומ,גרמים,475.00,100 גרם,false,,13.90,0.0293,true,1,168648
7290107941273,false,"חומוס מבושל 475 גרם ""טעם הטבע",הורקסה לס לגונס דה ס,ES,טעם הטבע חומוס מבושל,גרמים,475.00,100 גרם,false,,10.90,0.0229,true,1,168649
7290107943369,false,קוואקר שיבולת שועל ללא גלוטן 511 גרם,היידי שוקולד בירונטי,US,קוואקר שיבולת שועל ל,גרמים,511.00,100 גרם,false,,19.90,0.0389,true,1,176412
7290107944243,false,אפיפיות בטעם שוקולד 200 גרם כשר לפסח,"שטראוס גרופ בע""מ",IL,אפיפיות בטעם שוקולד,גרמים,200.00,100 גרם,false,,7.90,0.0395,true,1,176867
7290107944472,false,סימפוניה גבינה במרקם שמנת 5% שום שמיר,"שטראוס בריאות בע""מ",IL,סימפוניה שום שמיר 5%,גרמים,200.00,100 גרם,false,,10.90,0.0545,true,1,168642
7290107945165,false,קונפיטורת יד מרדכי משמש 340 גר,אף.סי תבליני בגליל ב,IL,יד מרדכי קונפיטורה מ,גרמים,340.00,100 גרם,false,,13.90,0.0409,true,1,171747
7290107950190,false,מעדן חלב דל קלוריות בטעם שוקולד מריר 0.5% שומן,מיוצר עי קונדיטוריית,IL,מעדן שטראוס דיאט שוק,גרמים,130.00,100 גרם,false,,3.50,0.0269,true,1,167310
7290107950206,false,מעדן שטראוס דיאט 0% שוקולד 130ג',מיוצר עי קונדיטוריית,IL,מעדן שטראוס דיאט שוק,גרמים,130.00,100 גרם,false,,3.50,0.0269,true,1,167311
7290107951104,false,בפלות ופלים ארוכים בטעם שוקולד,"א.ג. גילרו בע""מ",IL,עלית בפלות ארוכות שו,גרמים,200.00,100 גרם,false,,4.90,0.0245,true,1,168653
7290107951715,false,צנצנת מסטיק מאסט קוביות בטעם ענבים 58 ג' עלית,אסקום קונפקשיין,IL,צנצנת מסטיק קוביות ע,יחידה,0.00,יחידה,false,,9.90,0.0000,true,1,171510
7290107953559,false,קפה טורקי עלית לדרך שקיות 24X7ג',הנסיך- מפעל לייצור ט,IL,עלית מארז טורקי לדרך,גרמים,168.00,100 גרם,false,,19.90,0.1185,true,1,170496
7290107954709,false,"קונפיטורת פירות יער ""יד מרדכי"" 340 גר'",יד מרדכי,,יד מרדכי קונפיטורה פ,גרמים,340.00,100 גרם,false,,13.90,0.0409,true,1,173964
7290107956543,false,דבש טהור מפרחי בר 900 ג' יד מרדכי,STRAUSS-ISRAEL,,דבש טהור פרחי בר 900,גרמים,900.00,100 גרם,false,,39.90,0.0443,true,1,180144
7290107956642,false,"תרסיס שמן זית 150 מ""ל ""יד מרדכי""",פארייפאבה אגרואינדוס,ES,תרסיס שמן זית 150 גר,גרמים,150.00,100 גרם,false,,19.90,0.1327,true,1,179412
7290107956710,false,שרינק מיני מילקי 16 יחידות,שטראוס,IL,מארז מיני מילקי 16 י,יחידה,0.00,יחידה,false,,19.90,0.0000,true,1,176949
7290107956895,false,קפסולות 07 אספרסו בטעם קרמל עלית 10יח',שטראוס גרופ,IL,קפסולות אספרסו בטעם,יחידה,0.00,יחידה,false,,16.90,0.0000,true,1,182272
7290107956901,false,קפסולות בטעם אגוזים למכונות נספרסו 50 גר,שטראוס גרופ,IL,עלית קפסולותאספרסו ב,גרמים,150.00,100 גרם,false,,16.90,0.1127,true,1,179923
7290107956925,false,קפסולות 13 אוגנדה למכונת נספרסו עלית 10יח',שטראוס קפה בי.וי,IL,קפסולות קפה אוגנדה 1,יחידה,0.00,יחידה,false,,16.90,0.0000,true,1,187474
7290107956932,false,קפסולות אספרסו אידונזיה למכונות 50 גר,שטראוס קפה בי.וי,IL,עלית קפסולות קפה אינ,גרמים,100.00,100 גרם,false,,16.90,0.1690,true,1,178261
7290107957069,false,"מסטיק ע""למה ""בטעם אוכניות 66 גרם צנצנת ""עלית""","שטראוס גרופ בע""מ",IL,צנצנת עלמה בטעם אוכמ,יחידה,0.00,יחידה,false,,9.90,0.0000,true,1,178259
7290107957991,false,מילקי CAKE מיניס קרם חלב בציפוי שוקולד חלב שקית 16X9ג',בובארד איטליה אס.פי.,IT,מילקי קייק 144 גרם m,גרמים,144.00,100 גרם,false,,14.90,0.1035,true,1,185860
7290107958035,false,יוגורט במתיקות מעודנת 2% ללא תוספת סוכר- מארז 8 יח,דנונה - שטראוס,IL,מארז שמינייה מתיקות,יחידה,0.00,יחידה,false,,18.40,0.0000,true,1,178773
7290107961806,false,כפפות ילדים קשת,,,כפפות ילדים קשת,יחידה,0.00,יחידה,false,,5.90,0.0000,true,1,245547
7290107970129,false,"ליידי ספיד סטיק - דאודורנט רול און לאישה פרש אסנס סחלב שחור 50 מ""ל",הנסיך- מפעל לייצור ט,IT,ליידי ספיד סטיק רולא,מיליליטרים,50.00,"100 מ""ל",false,,19.90,0.3980,true,1,156840
7290107971522,false,חטיף בוטנים ושקדים עם שוקולד מריר ופיסטוק,אמקו סאם מילס ספול.,CZ,פריי חטיף בוטנים ושק,גרמים,140.00,100 גרם,false,,17.90,0.1279,true,1,162817
7290107971744,false,"קולגייט - מי פה טוטל ירוק ספרמינט 500 מ""ל",יבואן ומשווק: ש. שסט,PL,קולגייט מי פה טוטל י,מיליליטרים,500.00,"100 מ""ל",false,,29.90,0.0598,true,1,162522
7290107971751,false,מי פה קולגייט טוטל ללא אלכוהול פפרמינט,יבואן ומשווק: ש. שסט,PL,קולגייט מי פה טוטל כ,מיליליטרים,500.00,"100 מ""ל",false,,29.90,0.0598,true,1,162523
7290107973014,false,"סבון ידיים חלב ודבש 330 מ""ל ""פלמוליב""",הנסיך- מפעל לייצור ט,TR,פלמוליב סבון ידיים ח,גרמים,300.00,100 גרם,false,,9.90,0.0330,true,1,227203
7290107973311,false,קולגייט מברשת שיניים 360 פחם זהב זוג,הנסיך- מפעל לייצור ט,CN,קולגייט מברשת שיניים,יחידה,2.00,יחידה,false,,31.90,15.9500,true,1,162524
7290107973793,false,שימורי עגבניות שלמות 400 ג' מאסטר שף,פראנו אריקו ופיגלי ס,IT,מאסטר שף עגבניות שלמ,גרמים,400.00,100 גרם,false,,5.90,0.0148,true,1,165511
7290107973809,false,שימורי עגבניות קוביות 400 ג' מאסטר שף,פראנו אריקו ופיגלי ס,IT,מאסטר שף קוביות עגבנ,גרמים,400.00,100 גרם,false,,5.90,0.0148,true,1,165512
7290107973861,false,מאסטר שף עגבניות קצוצות דק שלישיה 400ג*3 כשלפ,קונסרזיו קאסאלאסקו ד,IT,מאסטר שף עגבניות קצו,גרמים,1200.00,100 גרם,false,,16.90,0.0141,true,1,165513
7290107974073,false,מנה עלי טורטיה קמח לבן מ.שף 20 סמ 320 גר,אלקאטי קורביישיסי גי,ES,מאסטר שף עלי טורטיה,גרמים,320.00,100 גרם,false,,10.90,0.0341,true,1,162823
7290107974080,false,מנה עלי טורטיה קמח לבן מ.שף 25 סמ 840 גר,הדקלאים אגודת שיתופי,TR,מאסטר שף עלי טורטיה,גרמים,840.00,100 גרם,false,,17.90,0.0213,true,1,223568
7290107974301,false,ליידי ספיד סטיק - דאודורנט ג'ל לאישה אלוורה 45 גרם,ליידי ספיד סטיק Lady Speed Stick,US,ליידי ספיד סטיק אלוו,יחידה,0.00,יחידה,false,,24.90,0.0000,true,1,173693
7290107974820,false,מנה מאסטר שף ממרח מתובל ספייסי 248 גר,מאסטר שף,NL,מנה מאסטר שף ממרח מי,גרמים,252.00,100 גרם,false,,7.90,0.0313,true,1,167294
7290107974837,false,מנה מאסטר שף ממרח מתובל שום 246 גר,מאסטר שף,NL,מנה מאסטר שף ממרח מי,גרמים,253.00,100 גרם,false,,7.90,0.0312,true,1,167295
7290107975292,false,ליידי ספיד סטיק - דאודורנט סטיק נערות ורוד 65 גרם,ליידי ספיד סטיק Lady Speed Stick,US,ליידי ספיד סטיק נערו,יחידה,0.00,יחידה,false,,19.90,0.0000,true,1,176128
7290107975346,false,ספיד סטיק - דאודורנט ג'ל לגבר כוח הטבע 85 גרם,קולגייט פלמוליב,US,ליידי ספיד סטיק כח ה,יחידה,0.00,יחידה,false,,24.90,0.0000,true,1,234803
7290107975360,false,ליידי ספיד סטיק פיור פרשנס ג'ל נשים 65ג',ליידי ספיד סטיק Lady Speed Stick,US,ליידי ספיד סטיק פיור,יחידה,0.00,יחידה,false,,24.90,0.0000,true,1,174661
7290107976589,false,"שטיפת פה קולגייט אופטיק וייט 250 מ""ל",שסטוביץ,PL,קולגייט מי פה אופטיק,מיליליטרים,250.00,"100 מ""ל",false,,14.90,0.0596,true,1,219324
7290107976848,false,פלמוליב סבון מוצק קמומיל רביעייה 360 ג,קולגייט פלמוליב,TR,פלמוליב סבון מוצק קמ,גרמים,360.00,100 גרם,false,,15.90,0.0442,true,1,177362
7290107976916,false,"סבון ידיים חלב זיתים 300 מ""ל ""פלמוליב""",פלמוליב Palmolive,IT,פלמוליב סבון ידיים ח,יחידה,0.00,יחידה,false,,9.90,0.0000,true,1,174915
7290107977456,false,"פלמוליב - ג'ל רחצה ושמפו ספורט לגבר 750 מ""ל",קולגייט פלמוליב,TR,פלמוליב לגבר גל רחצה,מיליליטרים,750.00,"100 מ""ל",false,,19.90,0.0265,true,1,200131
7290107978101,false,מש.שיניים קולגייט א.וויט אקסטרה פאוור 75,קולגייט-פלמוליב,PL,קולגייט אופטיק ווייט,יחידה,0.00,יחידה,false,,29.90,0.0000,true,1,177363
7290107978323,false,מאסטר שף איטריות דקיקות 400 גר,הדקלאים אגודת שיתופי,PL,מאסטר שף איטריות דקי,גרמים,400.00,100 גרם,false,,5.90,0.0148,true,1,176413
7290107978330,false,מאסטר שף איטריות דקות 400 גרם,הדקלאים אגודת שיתופי,PL,מאסטר שף איטריות דקו,גרמים,400.00,100 גרם,false,,5.90,0.0148,true,1,176414
7290107978347,false,מאסטר שף איטריות בינוניות 400 גר,הדקלאים אגודת שיתופי,PL,מאסטר שף איטריות בינ,גרמים,400.00,100 גרם,false,,5.90,0.0148,true,1,176415
7290107978453,false,חטיף בטעם גריל קראנצ,קראנצ'וס,IL,קראנצוס גריל 70 גרם,יחידה,0.00,יחידה,false,,3.90,0.0000,true,1,178376
7290108070309,false,שקית בלונים פסטל מעורב צבעים-100 יח,,,שקית בלונים פסטל מעו,יחידה,0.00,יחידה,false,,29.90,0.0000,true,1,199879
7290108070316,false,שקית 50בלונים פסטל מעורב,,,שקית בלונים פסטל מעו,יחידה,0.00,יחידה,false,,13.00,0.0000,true,1,199880
7290108074321,false,קופסת פופקורן וחטיפי,,,קופסאות פופקורן וחטי,יחידה,0.00,יחידה,false,,8.90,0.0000,true,1,218200
7290108077971,false,תחתית לשולחן - מיניו,,,פלייסמט מיניונים,יחידה,0.00,יחידה,false,,5.00,0.0000,true,1,199804
7290108077988,false,תחתית לשולחן - סמי ה,,,פלייסמט סמי הכבאי,יחידה,0.00,יחידה,false,,5.00,0.0000,true,1,199805
7290108078015,false,תחתית לשולחן - מיקי,,,פלייסמט מיקי,יחידה,0.00,יחידה,false,,5.00,0.0000,true,1,199807
7290108201284,false,איירוויק מקלות ריחניים בניחוח לבנדר מתוק,איירוויק Air Wick,HU,אירוויק מקלות לבנדר,יחידה,0.00,יחידה,false,,14.90,0.0000,true,1,253168
7290108201802,false,"ספריי דטול לחיטוי בניחוח כביסה 400 מ""ל",רקיט בנקיזר,US,דטול ספריי חיטוי בני,מיליליטרים,400.00,"100 מ""ל",false,,19.90,0.0497,true,1,187886
7290108201864,false,קולון קפסולות גל לכביסה 28 יחידות,רקיט בנקיזר,PL,קולון קפסולות לכביסה,יחידה,25.00,יחידה,false,,29.90,1.1960,true,1,177495
7290108268294,false,מיקרופון מובנה לבן +,,,מיקרופון מובנה לבן +,יחידה,0.00,יחידה,false,,89.90,0.0000,true,1,256557
7290108350203,false,כריות קרצוף אקסטרה חזקות עם ספוג מקציף - 6 יח',סנו סושי,IT,כריות קרצוף עם ספוג,יחידה,0.00,יחידה,false,,9.90,0.0000,true,1,231972
7290108350647,false,"כיף פיות קרם מתיר קשרים 350 מ""ל-מרכז",החברה הדרומית,IL,כיף פיות קרם להתרת ק,מיליליטרים,350.00,"100 מ""ל",false,,19.90,0.0569,true,1,161008
7290108350654,false,"כיף פיות תרסיס להתרת קשרים 350 מ""ל",קוסמופארם בע''מ,IL,תרסיס להתרת קשרים כי,מיליליטרים,350.00,"100 מ""ל",false,,19.90,0.0569,true,1,161009
7290108350692,false,"אבקת כביסה מקסימה 6 ק""ג סנו",סנו מפעלי ברונוס בעמ,IL,"סנו מקסימה בלאק 6 ק""",קילוגרמים,6.00,"ק""ג",false,,49.90,8.3167,true,1,257346
7290108351118,false,"קוטל מעופפים 750 מ""ל K4000",סנו מפעלי ברונוס בעמ,IL,K-4000,יחידה,50.00,יחידה,false,,32.90,0.6580,true,1,166043
7290108351149,false,סנו - ג'ט לניקוי כללי ורצפות בתוספת אבקת סודה 1.5 ליטר,"סנו מפעלי ברונוס בע""",IL,ג'ט פלוס סודה 1.5 לי,ליטרים,1.50,ליטר,false,,13.90,9.2667,true,1,170770
7290108351156,false,סנו - ג'ט לניקוי כללי ורצפות בתוספת חומץ 1.5 ליטר,"סנו מפעלי ברונוס בע""",IL,ג'ט פלוס חומץ 1.5 לי,ליטרים,1.50,ליטר,false,,13.90,9.2667,true,1,225052
7290108351507,false,מרכך כביסה מקסימה סופט סילק 4 ל' סנו,סנו מקסימה,IL,מרכך כביסה מקסימה 4,ליטרים,4.00,ליטר,false,,22.90,5.7250,true,1,176558
7290108351514,false,מרכך כביסה בבישום עוצמתי פריחה כחולה,סנו מקסימה,IL,מקסימה מרכך כביסה בל,ליטרים,4.00,ליטר,false,,22.90,5.7250,true,1,176559
7290108351569,false,מבשם ומרכך למייבש כביסה Baby לתינוקות ולעור רגיש,"סנו מפעלי ברונוס בע""",IL,סנו מקסימה למייבש בי,יחידה,0.00,יחידה,false,,18.90,0.0000,true,1,224152
7290108351583,false,"סנו - ג'ט פלוס חומץ ג'ל לניקוי אסלות לבנדר 750 מ""ל",טרופיקל דגיל תעשיות,IL,"סנו ג'ט לאסלה 750 מ""",מיליליטרים,750.00,"100 מ""ל",false,,10.90,0.0145,true,1,250316
7290108351590,false,"סנופרש הום בלו בלוסון בניחוח מרכך כביסה 350 מ""ל",סנו פרש Fresh,IL,סנו פרש הום בלו 350,מיליליטרים,350.00,"100 מ""ל",false,,13.90,0.0397,true,1,174692
7290108351606,false,מטהר אוויר בלו בלוסום סנו פרש הום 350 מל,סנו fresh,IL,סנו פרש הום סופט סיל,מיליליטרים,350.00,"100 מ""ל",false,,13.90,0.0397,true,1,223073
7290108351699,false,סנו - ג'ט מטליות לחות לניקוי כללי בתוספת חומץ לבנדר שלישיה,סנו מפעלי ברונוס על,IL,JET שלישיית מגבונים+,יחידה,0.00,יחידה,false,,17.90,0.0000,true,1,250323
7290108351705,false,פניני בישום fresh linen גר 275,value smart prodacts,IL,כדוריות בישום מקסימה,יחידה,0.00,יחידה,false,,21.90,0.0000,true,1,206974
7290108351767,false,סנו פרש מכשיר אוטומטי + מילוי בלו אייר,"יצרן מכשיר: זובלה, ש",IL,סנו פרש מכשיר אוטומט,יחידה,0.00,יחידה,false,,44.90,0.0000,true,1,250329
7290108351774,false,מרסס סנו לניקוי וטיפול במוצרי עור 500 מל,סנו,IL,סנו מתז לניקוי וטיפו,יחידה,0.00,יחידה,false,,29.90,0.0000,true,1,191199
7290108351781,false,ג'ל לניקוי אסלות + חומץ ומלח לימון בריח הדרים,"סנו מפעלי ברונוס בע""",IL,"סנו ג'ט לאסלה 750 מ""",מיליליטרים,750.00,"100 מ""ל",false,,10.90,0.0145,true,1,191939
7290108351835,false,מרכך כביסה בבישום עוצמתי פלורל טאצ',מיוצר עי קונדיטוריית,IL,מקסימה floral touch,ליטרים,4.00,ליטר,false,,22.90,5.7250,true,1,201665
7290108351842,false,"מקסימה בושם מרוכז לכביסה FOREVER כחול 600מ""ל","איי, בי, אינבוו",IL,FOREVER בושם מרוכז ל,מיליליטרים,600.00,"100 מ""ל",false,,21.90,0.0365,true,1,225745
7290108351866,false,"מקסימה בושם מרוכז לכביסה FOREVER בורדו 600מ""ל",סנו מקסימה,IL,FOREVER בושם מרוכז ל,מיליליטרים,600.00,"100 מ""ל",false,,21.90,0.0365,true,1,190905
7290108351927,false,סנו ספארק טבליות למדיח 70 יח',סנו,IL,סנו ספארק טבליות למד,יחידה,0.00,יחידה,false,,39.90,0.0000,true,1,231988
7290108351972,false,סנופרש הום מבשם לבית בניחוח מלון בוטיק,מיוצר עי קונדיטוריית,IL,סנו פרשהום מטהר אווי,מיליליטרים,350.00,"100 מ""ל",false,,12.90,0.0369,true,1,203475
7290108351989,false,סנופרש הום מבשם לבית בניחוח מלון מפנק,מיוצר עי קונדיטוריית,IL,סנו פרש מטהר אוויר ה,מיליליטרים,350.00,"100 מ""ל",false,,12.90,0.0369,true,1,250334
7290108351996,false,"חיטוי בייבי 99.9% לחיטוי וניקוי בסביבת תינוקות 750 מ""ל",החברה הדרומית,IL,סנו מתז בייבי 99.9%,מיליליטרים,750.00,"100 מ""ל",false,,13.90,0.0185,true,1,250335
7290108352153,false,גל ניקוי אסלות סנובון לוטוס וסחלב 750 מל,מיוצר עי קונדיטוריית,IL,סנובון לוטוס סחלב 75,מיליליטרים,750.00,"100 מ""ל",false,,10.90,0.0145,true,1,250342
7290108352207,false,מקסימה קפסולות לכביסה פלורל 40 יחידות,טרופיקל דגיל תעשיות,IL,מקסימה קפסולות לכביס,יחידה,0.00,יחידה,false,,29.90,0.0000,true,1,250343
7290108352221,false,סנופרש הום מבשם נוזלי בניחוח מלון מפנק,סנו מפעלי ברונוס בעמ,IL,פרש הום מלון מפנק,מיליליטרים,350.00,"100 מ""ל",false,,13.90,0.0397,true,1,210592
7290108352320,false,"מבשם אויר סנו פרש הום בניחוח כותנה מלטפת 350 מ""ל",מיוצר עי קונדיטוריית,IL,פרש הום מלון בוטיק,מיליליטרים,350.00,"100 מ""ל",false,,13.90,0.0397,true,1,210593
7290108352337,false,"סנו - פרש מילוי למטהר אוויר מלון מפנק 250 מ""ל",מיוצר עי קונדיטוריית,IL,פרש הום אוטומטיק מלו,מיליליטרים,250.00,"100 מ""ל",false,,15.90,0.0636,true,1,232813
7290108352344,false,"פרש מבשם אויר אוטומטי בניחוח לבנדר סנו 250 מ""ל",מיוצר עי קונדיטוריית,IL,פרש הום אוטומטיק מלו,מיליליטרים,250.00,"100 מ""ל",false,,15.90,0.0636,true,1,250350
7290108352368,false,תוסף לחיטוי כביסה 99.9% סנו מקסימה 3 ל',סנו,IL,סנו מקסימה תוסף לחיט,יחידה,0.00,יחידה,false,,29.90,0.0000,true,1,240215
7290108352399,false,ריצפז פרש הום בניחוח מרכך כביסה פלורל טאצ',"סנו מפעלי ברונוס בע""",IL,ריצפז פרש הום בניחוח,ליטרים,2.00,ליטר,false,,21.90,10.9500,true,1,254899
7290108352450,false,ריצפז פרש הום בניחוח מרכך כביסה בלו בלוסום,סנו מפעלי ברונוס בעמ,IL,ריצפז פרש הום בלו 2,יחידה,0.00,יחידה,false,,21.90,0.0000,true,1,233631
7290108352498,false,מכשיר אוטומטי מעוצב ואלגנטי עם מילוי מלון בוטיק סנו פרש,"יצרן מכשיר: זובלה,",IL,סנו פרש מכשיר אוטומט,יחידה,0.00,יחידה,false,,44.90,0.0000,true,1,240168
7290108352535,false,סנו - מקסימה דפי בישום לחים למייבש הכביסה בניחוח מרכך כביסה,סנו מקסימה,IL,סנו מקסימה דפי בישום,יחידה,0.00,יחידה,false,,13.90,0.0000,true,1,245537
7290108352566,false,מרכך כביסה בבישום עוצמתי 4 ל' סנו מקסינה,"סנו מפעלי ברונוס בע""",IL,מרכך כביסה 4 ליטר JO,ליטרים,4.00,ליטר,false,,22.90,5.7250,true,1,255961
7290108352573,false,מרכך כביסה מקסימה בבישום עוצמתי 4 ל' סנו,סנו,IL,מרכך 4 ליטר CALM,ליטרים,4.00,ליטר,false,,22.90,5.7250,true,1,258871
7290108352641,false,סנו סושי מטלית הפלא לניקוי כללי במארז שלישייה,סנו מפעלי ברונוס.,IL,סנו סושי מטלית הפלא,יחידה,0.00,יחידה,false,,15.00,0.0000,true,1,174697
7290108352672,false,מטלית הפלא לריצפה סנו סושי זוג,סנו מפעלי ברונוס.,CN,סנו סושי מטלית הפלא,יחידה,0.00,יחידה,false,,19.90,0.0000,true,1,231992
7290108352689,false,סנו סושי כריות קרצוף ללכלוך קשה 9 יח',טרופיקל דגיל תעשיות,US,כריות קרצוף ללכלוך 9,יחידה,0.00,יחידה,false,,9.90,0.0000,true,1,250358
7290108352696,false,"סנו סושי- ניילון נצמד+ רחב במיוחד 45 ס""מ",סנו סושי,IL,סנו סושי ניילון נצמד,יחידה,0.00,יחידה,false,,29.90,0.0000,true,1,231994
7290108352818,false,מטלית במבוק לניקוי דוחה ריחות רעים,טרופיקל דגיל תעשיות,CN,סנו סושי מטלית במבוק,יחידה,0.00,יחידה,false,,9.90,0.0000,true,1,191200
7290108352825,false,ספוג הפלא נירוסטה סנו סושי 3יח',s.k.a.t ltdסנו מפעלי,IL,סנו סושי ספוג הפלא נ,יחידה,0.00,יחידה,false,,11.90,0.0000,true,1,225343
7290108352863,false,סנו סושי שקיות צלייה 20יח' מידה L,מיוצר עי קונדיטוריית,IL,סנו סושי שקיות צליה,יחידה,0.00,יחידה,false,,8.90,0.0000,true,1,231997
7290108352870,false,סנו סושי שקיות צלייה 10יח' מידה XL,מיוצר עי קונדיטוריית,IL,סנו סושי שקיות צליה,יחידה,0.00,יחידה,false,,8.90,0.0000,true,1,250367
7290108353006,false,סנו סושי - שקיות אוכל נקשרות 250 יחידות XL,מיוצר עי קונדיטוריית,IL,שקיות אוכל נקשרות,יחידה,0.00,יחידה,false,,12.90,0.0000,true,1,250379
7290108353068,false,ספוג הפלא נירוסטה עם סיבי קירצוף סנו סושי 2 יח',מיוצר עי קונדיטוריית,IL,סנו סושי כרית קרצוף,יחידה,0.00,יחידה,false,,11.90,0.0000,true,1,199493
7290108353440,false,אורביטול מברשות שיניים נאנו לחניכיים 2יח,החברה הדרומית,CN,צמד מברשת שיניים,יחידה,0.00,יחידה,false,,29.90,0.0000,true,1,242495
7290108353549,false,נייר אפייה סנו סושי 100 יח,"טופ פלסט 2002 בע""מ",IL,100 דפי נייר אפייה ס,יחידה,0.00,יחידה,false,,21.90,0.0000,true,1,250392
7290108353730,false,"קרמה - תחליב רחצה חימר אוכמניות כחולות 500 מ""ל",החברה הדרומית,IL,תחליב רחצה חימר אוכמ,מיליליטרים,500.00,"100 מ""ל",false,,15.90,0.0318,true,1,255945
7290108353754,false,"קרם גוף קרמה אשכולית ולמון גראס 500 מ""ל",החברה הדרומית,IL,"קרמה קרם גוף 500 מ""ל",יחידה,0.00,יחידה,false,,24.90,0.0000,true,1,232878
7290108354485,false,"קרליין - מרכך 10 שמן ארגן 700 מ""ל",החברה הדרומית,IL,קרליין מרכך-לשיער אר,יחידה,0.00,יחידה,false,,12.90,0.0000,true,1,255725
7290108354492,false,"קרליין - שמפו 10 שמן ארגן 700 מ""ל",החברה הדרומית,IL,קרליין שמפו-לשיער אר,יחידה,0.00,יחידה,false,,12.90,0.0000,true,1,255724
7290108354591,false,"תחליב רחצה בניחוח מי קקטוס ושמן באבאסו 750 מ""ל נקה 7","אמיליה קוסמטיקס בע""מ",IL,נקה 7 תחליב רחצה ביו,מיליליטרים,750.00,"100 מ""ל",false,,12.90,0.0172,true,1,258873
7290108354607,false,"שמפו בניחוח מי קקטוס ושמן באבאסו 750 מ""ל נקה 7","אמיליה קוסמטיקס בע""מ",IL,נקה 7 שמפו ביו 750 מ,מיליליטרים,750.00,"100 מ""ל",false,,12.90,0.0172,true,1,258874
7290108354614,false,"מרכך בניחוח מי קקטוס ושמן באבאסו 750 מ""ל נקה 7","אמיליה קוסמטיקס בע""מ",IL,"נקה 7 מרכךביו 750 מ""",מיליליטרים,750.00,"100 מ""ל",false,,12.90,0.0172,true,1,258875
7290108354713,false,"קרמה - תחליב רחצה קלאסי 500 מ""ל",קוסמופארם,IL,תחליב רחצה קרמה קלאס,מיליליטרים,500.00,"100 מ""ל",false,,15.90,0.0318,true,1,242491
7290108354751,false,"סנו - ג'ט מרסס לניקוי כללי בתוספת אבקת סודה 750 מ""ל","סנו מפעלי ברונוס בע""",IL,סנו ג'ט פלוס ניקוי כ,יחידה,0.00,יחידה,false,,13.90,0.0000,true,1,190132
7290108354768,false,"קרמה קרם גוף דבש 500 מ""ל",מיוצר בסין.יבוא ושיו,IL,קרם גוף קרמה דבש 500,מיליליטרים,500.00,"100 מ""ל",false,,24.90,0.0498,true,1,250413
7290108355017,false,"נקה 7 מרכך לילדים מיניונים 750 מ""ל",נקה 7,IL,קונ' מניונים נקה 750,מיליליטרים,750.00,"100 מ""ל",false,,12.90,0.0172,true,1,161011
7290108355024,false,"נקה 7 שמפו+מרכך לילדים מיניונים 750 מ""ל",קוסמופארם בע''מ,IL,2ב-1 מניונים נקה 750,מיליליטרים,750.00,"100 מ""ל",false,,12.90,0.0172,true,1,161012
7290108355031,false,"נקה 7 אל סבון לילדים מיניונים 750 מ""ל",נקה 7,IL,אלסבון מניונים נקה 7,מיליליטרים,750.00,"100 מ""ל",false,,12.90,0.0172,true,1,161013
7290108355062,false,לחו.לשיער מקצועי קרטין נטורל פורמולה 400,החברה הדרומית,IL,"400מ""ל N.F לחות מקצו",מיליליטרים,400.00,"100 מ""ל",false,,32.90,0.0822,true,1,173664
7290108355116,false,אלסבון בייבי כיף לפני השינה+משאבה 750 מ,,IL,בייבי כיף אלסבון שינ,מיליליטרים,750.00,"100 מ""ל",false,,16.90,0.0225,true,1,189541
7290108355123,false,בייבי כיף קרם גוף לפני השינה 500 מל,החברה הדרומית,IL,Hydromoist בייבי כיף,מיליליטרים,500.00,"100 מ""ל",false,,22.90,0.0458,true,1,189542
7290108355154,false,"שמפו שמני הזנה נקה 7 750 מ""ל","אמיליה קוסמטיקס בע""מ",IL,נקה 7-שמפו שמני הזנה,מיליליטרים,750.00,"100 מ""ל",false,,12.90,0.0172,true,1,232010
7290108355161,false,"מרכך שיער שמני הזנה 750 מ""ל נקה 7","אמיליה קוסמטיקס בע""מ",IL,נקה 7-מרכך שמני הזנה,מיליליטרים,750.00,"100 מ""ל",false,,12.90,0.0172,true,1,185000
7290108355185,false,"נטורל מסיכת קרטין אינטנס למניעת קשקשים 350 מ""ל",נטורל פורמולה Natural Formula,IL,קרטין-מסכה לקשקשים 3,מיליליטרים,350.00,"100 מ""ל",false,,39.90,0.1140,true,1,180471
7290108355192,false,"נטורל מרכך קרטין אינטנס למניעת קשקשים 400 מ""ל",נטורל פורמולה Natural Formula,IL,נטורל מרכך קרטין אינ,מיליליטרים,400.00,"100 מ""ל",false,,32.90,0.0822,true,1,228817
7290108355307,false,"נקה 7 - שמפו סירוק קל רוזמרין 750 מ""ל",גוד פוד פרודקטס S.p,IL,נקה 7 שמפו סירוק קל,מיליליטרים,750.00,"100 מ""ל",false,,12.90,0.0172,true,1,197691
7290108355314,false,מרכך לסירוק קל בתוספת רוזמרין,גוד פוד פרודקטס S.p,IL,נקה 7 מרכך סירוק קל,מיליליטרים,750.00,"100 מ""ל",false,,12.90,0.0172,true,1,197692
7290108355802,false,"תחליב רחצה קרמה ורד ווניל 700 מ""ל",גוד פוד פרודקטס S.p,IL,תחליב רחצה קרמה ורוד,יחידה,0.00,יחידה,false,,18.90,0.0000,true,1,214063
7290108356229,false,ג'ל גילוח לכל סוגי העור מועשר בפחם פעיל,טרופיקל דגיל תעשיות,TR,גל גילוח קרמה קול 20,מיליליטרים,200.00,"100 מ""ל",false,,13.90,0.0695,true,1,208208
7290108356519,false,קרליין שמפו 10למניעת קשקשים 700מל,החברה הדרומית,IL,"קרליין 700 מ""ל שמפו",מיליליטרים,700.00,"100 מ""ל",false,,13.90,0.0199,true,1,253765
7290108356526,false,"קרליין - שמפו 10 לשיער יבש 700 מ""ל",החברה הדרומית,IL,"קרליין 700 מ""ל שמפו",מיליליטרים,700.00,"100 מ""ל",false,,13.90,0.0199,true,1,253766
7290108356533,false,קרוליין 10 שמפו לשיער מתולתל 700 מל,החברה הדרומית,IL,"קרליין 700 מ""ל שמפו",מיליליטרים,700.00,"100 מ""ל",false,,13.90,0.0199,true,1,253767
7290108356540,false,קרוליין 10 שמפו לשיער צבוע 700 מל,החברה הדרומית,IL,"קרליין 700 מ""ל שמפו",מיליליטרים,700.00,"100 מ""ל",false,,13.90,0.0199,true,1,253769
7290108356557,false,"שמפו 10 לשיער למניעת קשקשים 700 מ""ל קרליין",החברה הדרומית,IL,"קרליין 700 מ""ל שמפו",מיליליטרים,700.00,"100 מ""ל",false,,13.90,0.0199,true,1,253768
7290108356564,false,"קרליין - מרכך 10 לשיער רגיל 700 מ""ל",החברה הדרומית,IL,"קרליין 700 מ""ל מרכך",מיליליטרים,700.00,"100 מ""ל",false,,13.90,0.0199,true,1,253770
7290108356571,false,"קרליין - מרכך 10 לשיער יבש 700 מ""ל",החברה הדרומית,IL,"קרליין 700 מ""ל מרכך",מיליליטרים,700.00,"100 מ""ל",false,,13.90,0.0199,true,1,253771
7290108356588,false,קרוליין 10 מרכך לשיער מתולתל 700 מל,החברה הדרומית,IL,"קרליין 700 מ""ל מרכך",מיליליטרים,700.00,"100 מ""ל",false,,13.90,0.0199,true,1,253772
7290108356595,false,"קרליין מרכך 10 לשיער צבוע 700 מ""ל",החברה הדרומית,IL,"קרליין 700 מ""ל מרכך",מיליליטרים,700.00,"100 מ""ל",false,,13.90,0.0199,true,1,253773
7290108357042,false,"קרליין - נושם ביו דאודורנט רול און 75 מ""ל Citrus Blossoms לאישה",החברה הדרומית,IL,קרליין נושם BIO דיאו,יחידה,0.00,יחידה,false,,12.90,0.0000,true,1,255950
7290108357059,false,"קרליין - נושם ביו דאודורנט רול און 75 מ""ל Secret Garden לאישה",החברה הדרומית,IL,קרליין נושם BIO דיאו,יחידה,0.00,יחידה,false,,12.90,0.0000,true,1,255951
7290108357073,false,"קרליין - נושם ביו דאודורנט ספריי 150 מ""ל Blossoms Citrus לאישה",החברה הדרומית,IL,קרליין נושם BIO דיאו,מיליליטרים,200.00,"100 מ""ל",false,,12.90,0.0645,true,1,255952
7290108357080,false,"קרליין - נושם ביו דאודורנט ספריי 150 מ""ל Secret Garden לאישה",החברה הדרומית,IL,קרליין נושם BIO דיאו,מיליליטרים,200.00,"100 מ""ל",false,,12.90,0.0645,true,1,255954
7290108357097,false,"קרליין - נושם ביו דאודורנט ספריי 150 מ""ל Velvet Rose לאישה",החברה הדרומית,IL,קרליין נושם BIO דיאו,מיליליטרים,200.00,"100 מ""ל",false,,12.90,0.0645,true,1,255955
7290108357189,false,"מבשם ומרכך למייבש הכביסה מקסימה פלורל 750 מ""ל סנו","סנו מפעלי ברונוס בע""",IL,מקסימה למייבש פלורל,מיליליטרים,750.00,"100 מ""ל",false,,18.90,0.0252,true,1,225037
7290108357196,false,"ג'ט פלוס לניקוי כללי בתוספת תמצית עץ התה 750 מ""ל סנו",מיוצר עי קונדיטוריית,IL,סנו ג'ט מתז ניקוי וח,יחידה,0.00,יחידה,false,,13.90,0.0000,true,1,240167
7290108357226,false,"אוקסיגן POWER אבקה לכביסה לבנה והסרת כתמים 1.4 ק""ג סנו",החברה הדרומית,IL,סנו אוקסיג'ן אבקה בק,קילוגרמים,1.40,"ק""ג",false,,29.90,21.3571,true,1,255729
7290108357240,false,"אוקסיג'ן פאוור תוסף להסרת כתמים קשים 1.4 ק""ג",החברה הדרומית,IL,סנו אוקסיג'ן אבקה בק,קילוגרמים,1.40,"ק""ג",false,,29.90,21.3571,true,1,255730
7290108357301,false,"סנו - K300 קוטל חרקים תיקנים ונמלים 300 מ""ל","סנו מפעלי ברונוס בע""",IL,K 300 לקטילה מיידית,מיליליטרים,300.00,"100 מ""ל",false,,12.90,0.0430,true,1,257905
7290108357394,false,"תחליב רחצה קרמה חלב ודבש 700 מ""ל",החברה הדרומית,IL,תחליב רחצה קרמה חלב,יחידה,0.00,יחידה,false,,18.90,0.0000,true,1,237829
7290108357400,false,"תחליב רחצה קרמה לבנדר ואקליפטוס 700 מ""ל",החברה הדרומית,IL,תחליב רחצה קרמה לבנד,יחידה,0.00,יחידה,false,,18.90,0.0000,true,1,214066
7290108357776,false,"כיף מרכך לשיער יבש -רימונים ושמן ארגן 700 מ""ל",גוד פוד פרודקטס S.p,IL,כיף מרכך רימונים ושמ,מיליליטרים,700.00,"100 מ""ל",false,,12.90,0.0184,true,1,193043
7290108357837,false,שקית מילוי אל סבון בניחוח אצות ים 1 ל' כיף,החברה הדרומית,IL,כייף אל סבון שקית מי,יחידה,0.00,יחידה,false,,9.90,0.0000,true,1,255745
7290108357844,false,שקית מילוי אל סבון בניחוח גינסנג 1 ל' כיף,סנו,IL,כייף אל סבון שקית מי,יחידה,0.00,יחידה,false,,9.90,0.0000,true,1,255746
7290108358117,false,"פרש הום מקלות ריחניים לבית בניחוח כביסה רעננה 100 מ""ל",החברה הדרומית,IL,מטהר אוויר פרש הום F,יחידה,0.00,יחידה,false,,19.90,0.0000,true,1,255738
7290108359008,false,סושי שקיות זיפר עם סליידר 15 יח לארג',החברה הדרומית,CN,שקיות זיפר 15 יחידות,יחידה,15.00,יחידה,false,,11.90,0.7933,true,1,255747
7290108359114,false,סושי חמגשית אלומיניום עם מכסה 10יח,סנו סושי,IL,סנו סושי חמגשית אלומ,יחידה,0.00,יחידה,false,,9.90,0.0000,true,1,255748
7290108359121,false,סנו סושי שקיות אשפה חזקות במיוחד 100 יח' L,סנו סושי,,שקיות אשפה 100 חזקות,יחידה,0.00,יחידה,false,,54.90,0.0000,true,1,255726
7290108359824,false,"כיף - בייבי כיף קרם 500 מ""ל",קוסמופארם בעמ,IL,Hydromoist בייבי כיף,מיליליטרים,500.00,"100 מ""ל",false,,22.90,0.0458,true,1,189535
7290108359855,false,"שמפו אל דמע בייבי כיף+משאבה 750 מ""ל",גוד פוד פרודקטס S.p,IL,בייבי כיף שמפו אל דמ,מיליליטרים,750.00,"100 מ""ל",false,,16.90,0.0225,true,1,189536
7290108359893,false,"תחליב רחצה בייבי כיף+משאבה 750 מ""ל",גוד פוד פרודקטס S.p,IL,בייבי כיף תחליב 750,מיליליטרים,750.00,"100 מ""ל",false,,16.90,0.0225,true,1,189538
7290108359985,false,סנו - ז'אוול מרסס קצף לניקוי וחינו בניחוח פריחה לבנה 1 ליטר,סנו ז'אוול Javel,IL,סנו ג'אוול מרסס פריח,ליטרים,1.00,ליטר,false,,16.90,16.9000,true,1,254902
7290108501346,false,"גבינת גאודה מגורדת 500 גרם ""וילי פוד""",Euro יורו מחלבות אירופה,DE,גאודה מגורדת 500 גרם,גרמים,500.00,100 גרם,false,,24.90,0.0498,true,1,176321
7290108501490,false,גבינה מוצרלה פרוסות ו.פוד 150ג',ליטא,DE,מוצרלה פרוסות 150 גר,גרמים,150.00,100 גרם,false,,14.90,0.0993,true,1,180173
7290108501964,false,חטיף אגוזים וצימוקים הפי נאטס מארז 35X4ג',ואמראליס,GR,HAPPY NUTS חטיף שקדי,יחידה,0.00,יחידה,false,,19.90,0.0000,true,1,183132
7290108501988,false,חטיף שקדים וחמוציות הפי נוטס מארז 35X4ג',ואמראליס,GR,HAPPY NUTS חטיף שקדי,יחידה,0.00,יחידה,false,,19.90,0.0000,true,1,183134
7290108502305,false,גבינת גרדה פדנו משולש 150 גר`וילי פוד,וילי פוד,IT,גרנה פדנו משולש 150,יחידה,0.00,יחידה,false,,21.90,0.0000,true,1,190487
7290108502329,false,רביעית טונה בשמן זית וילי פוד 4*160 גר,גולדן פרייז,TH,רביעית נתחי טונה בשמ,יחידה,0.00,יחידה,false,,29.90,0.0000,true,1,190488
7290108502336,false,גבינת גורגונזולה איטלקית 150 גרם 29% שומן,איגור SRL,IT,גורגונזולה איטלקית 1,יחידה,0.00,יחידה,false,,18.90,0.0000,true,1,263965
7290108502381,false,בסיסים להכנת פיצה קוטר 26 וילי פוד 480ג',מוטלוקל גידה סאנאי ט,TR,תחתיות לפיצה (קוטר 2,יחידה,0.00,יחידה,false,,14.90,0.0000,true,1,190494
7290108502541,false,גבינת שמנת בטעם טבעי 22% שומן,Euro יורו מחלבות אירופה,TR,גבינת שמנת טבעי 200,יחידה,0.00,יחידה,false,,12.90,0.0000,true,1,190507
7290108502725,false,גבינת גאודה פרוסות 400 גר`וילי פוד,Euro יורו מחלבות אירופה,DE,גאודה פרוסות 400 גרם,יחידה,0.00,יחידה,false,,21.90,0.0000,true,1,190522
7290108502763,false,גבינת קממבר יורו 200,פטוראז',FR,קממבר 200 גרם,יחידה,0.00,יחידה,false,,19.90,0.0000,true,1,190526
7290108502862,false,מלפפונים כבושים במלח 18-25 קטנים מאוד 600 גר,זיתור סאן גירה סני ו,TR,מלפפונים כבושים במלח,יחידה,0.00,יחידה,false,,9.90,0.0000,true,1,190527
7290108503043,false,תפוחונים חטיף פלחים מיובשים מארז 22X4ג',ינטאי זונגקאן פוד קו,CN,מארז תפוחונים ( 3יח',יחידה,0.00,יחידה,false,,17.90,0.0000,true,1,190531
7290108503067,false,פרמזנו משולש ויליפוד,וילי פוד,IT,פרמז'נו משולש 150גרם,יחידה,0.00,יחידה,false,,19.90,0.0000,true,1,190533
7290108503159,false,גבינה כחולה עם עובש 100 גרם 31% שומן,קסוס אל פסטור,ES,כחולה עם עובש 31% שו,יחידה,0.00,יחידה,false,,14.90,0.0000,true,1,190537
7290108503708,false,פיצה עם פטריות 385 גרם,מוטלוקל גידה סאנאי ט,IT,פיצה עם פטריות 390 ג,גרמים,390.00,100 גרם,false,,13.90,0.0356,true,1,198225
7290108503791,false,ניוקי תפוח אדמה 3 צבעים 500 גרם (ללא גלוטן),סיימה אלימנטרי,IT,ניוקי תפוחי אדמה לל,גרמים,500.00,100 גרם,false,,11.90,0.0238,true,1,219275
7290108503814,false,גבינה מותכת למריחה 200 גרם,לוטס,FI,גבינה מותכת למריחה 2,גרמים,200.00,100 גרם,false,,13.90,0.0695,true,1,192587
7290108503975,false,קנלוני פסטה איטליאנה,ויליפוד,IT,וילי פוד קנלוני 250,גרמים,250.00,100 גרם,false,,11.90,0.0476,true,1,195401
7290108503999,false,פרוסות גבינה בטעם גאודה לכריכים וטוסטים 150 גרם,Euro יורו מחלבות אירופה,ES,פרוסות גבינה בטעם גא,גרמים,150.00,100 גרם,false,,10.90,0.0727,true,1,198221
7290108504002,false,פרוסות גבינה לייט 9% שומן לכריכים וטוסטים 150 גרם,Euro יורו מחלבות אירופה,ES,פרוסות גבינה לייט 9%,גרמים,150.00,100 גרם,false,,10.90,0.0727,true,1,198215
7290108504187,false,פרוסות גבינה בטעם צ'דר לכריכים וטוסטים 800 ג',,,פרוסות גבינה בטעם צ',גרמים,800.00,100 גרם,false,,34.90,0.0436,true,1,198216
7290108504286,false,גבינה איבריקו צ'אנק 150 גר',ג.וילי פוד אינטרנשיו,ES,איבריקו צ'אנק 150 גר,גרמים,150.00,100 גרם,false,,16.90,0.1127,true,1,198230
7290108504293,false,גבינה מנצ'גו צ'אנק 150 גר',ג.וילי פוד אינטרנשיו,ES,מנצ'גו צ'אנק 150 גרם,גרמים,150.00,100 גרם,false,,16.90,0.1127,true,1,198231
7290108504699,false,נתחי טונה בשמן קנולה רביעיה * 160 ג' וילי פוד,גולדן פרייז,TH,וילי פוד טונה בהירה,גרמים,640.00,100 גרם,false,,21.90,0.0342,true,1,199487
7290108505689,false,גבינת גרנה פדנו מגורדת 100 גרם,זנאטי,IT,גבינה גרנה פדנו מגור,גרמים,100.00,100 גרם,false,,10.90,0.1090,true,1,203646
7290108505719,false,גבינת מוצרלה מגורדת 25% שומן 200 גרם,יורו צ'יז Euro Cheese,TR,גבינת מוצרלה מגורדת,גרמים,200.00,100 גרם,false,,14.90,0.0745,true,1,209172
7290108505726,false,אצבעות-גבינה חצי קשה 25% שומן 200 גרם,סאסו פטוראגס קומטויס,TR,אצבעות גבינה חצי קשה,גרמים,200.00,100 גרם,false,,14.90,0.0745,true,1,209169
7290108505733,false,צמות-גבינה חצי קשה 25% שומן 200 גרם,אונטד גידה,TR,גבינה חצי קשה 25% שו,גרמים,200.00,100 גרם,false,,14.90,0.0745,true,1,209170
7290108505740,false,גבינת קשקבל חצי קשה 25% שומן 200 גרם,Euro יורו מחלבות אירופה,TR,גבינת קשקבל חצי קשה,גרמים,200.00,100 גרם,false,,14.90,0.0745,true,1,209171
7290108506426,false,בייגלה קראנצ'י טורקי אותנטי - מוקפא,וילי פוד,TR,סימיט בייגלה קפוא 40,גרמים,400.00,100 גרם,false,,15.90,0.0398,true,1,208436
7290108506488,false,סופלה שוקולד קפוא 200 גרם,ארמה גרופ,TR,סופלה שוקולד קפוא 20,גרמים,200.00,100 גרם,false,,14.90,0.0745,true,1,208433
7290108506495,false,"כנאפה מאפה בצק ""שערות"" קדאיף וגבינה",ארמה גרופ,TR,כנאפה קפוא 192.5 גרם,גרמים,192.50,100 גרם,false,,14.90,0.0774,true,1,208435
7290108506662,false,רביולי פטריות פסטה א,ארמנדו,IT,רביולי פטריות 250 גר,גרמים,250.00,100 גרם,false,,13.90,0.0556,true,1,209185
7290108506679,false,רביולי חצילים ומוצרלה 250 גרם,ארמנדו,IT,רביולי חצילים ומוצרל,גרמים,250.00,100 גרם,false,,13.90,0.0556,true,1,209186
7290108506709,false,גבינת פרמג'יאנו רג'יאנו 150 גר' רבנות,וילי פוד,IT,גבינת פרמג'יאנו רג'י,גרמים,150.00,100 גרם,false,,26.90,0.1793,true,1,209189
7290108507072,false,שבבי גבינת גרנה פדנו 100 גרם,זנאתי,IT,שבבי גבינת גרנה פדנו,יחידה,0.00,יחידה,false,,10.90,0.0000,true,1,231702
7290108507188,false,כנאפה קפוא אריזה משפחתית 657.5 גרם,ארמה גרופ,TR,כנאפה 450 גרם,גרמים,450.00,100 גרם,false,,29.90,0.0664,true,1,219285
7290108508369,false,גבינת צייז לונג 200 גר,מוטיבי גידה דיירי אי,TR,LONG CHEESE גבינה 20,גרמים,200.00,100 גרם,false,,24.90,0.1245,true,1,225543
7290108508451,false,"משקה יוגורט טבעי 3.2% שומן יורו 200 מ""ל",Euro יורו מחלבות אירופה,TR,משקה יוגורט טבעי 200,מיליליטרים,200.00,"100 מ""ל",false,,5.90,0.0295,true,1,235480
7290108508970,false,וילי פוד תה ג'רבה 50,אוסוואלדי קרוז בואנס,,וילי פוד תה ג'רבה 50,גרמים,500.00,100 גרם,false,,19.90,0.0398,true,1,234211
7290108509090,false,גבינה מותכת משולשים 14% שומן יורו 200 ג',סוטאש,TR,גבינה מותכת משולשים,גרמים,200.00,100 גרם,false,,14.90,0.0745,true,1,239758
7290108509199,false,גבינת פטה 17% שומן יורו 500 ג',קוליוס,TR,גבינה פטה 500 גרם 17,גרמים,500.00,100 גרם,false,,22.90,0.0458,true,1,239765
7290108509618,false,זיתים ירוקים על הגריל מגולענים במרינדה 730 גרם,,TR,זיתים ירוקים על הגרי,גרמים,730.00,100 גרם,false,,24.90,0.0341,true,1,239807
7290108509656,false,מיקס זיתים פרוסות 800 גר,,,מיקס זיתים פרוסים במ,גרמים,800.00,100 גרם,false,,14.90,0.0186,true,1,239805
7290108509700,false,"אורז פרסי 1 DAAWATק""ג (20)",אל.טי.פודס לימיטד,IN,"DAWAT אורז פרסי 1 ק""",קילוגרמים,1.00,"ק""ג",false,,11.90,11.9000,true,1,240979
7290108509762,false,חמאת בוטנים 340 גרם בית יוסף,סופר נוטרי פודס,IN,חמאת בוטנים 340 גרם,גרמים,340.00,100 גרם,false,,9.90,0.0291,true,1,244520
7290108509816,false,גבינת בייבי מוצרלה 22 שומן 22% 200 גרם,אונטד גידה,TR,גבינה בייבי מוצרלה 2,גרמים,200.00,100 גרם,false,,14.90,0.0745,true,1,238997
7290108509908,false,"מנת השף בשקית-איטריות בטעם ירקות 85 ג' חתם סופר ב""ב",וילי פוד - מנת השף,TH,מנת השף אטריות להכנה,גרמים,85.00,100 גרם,false,,3.90,0.0459,true,1,244528
7290108509915,false,"מנת השף בשקית-איטריות בטעם סיני פיקנטי 85 ג' חתם סופר ב""ב",וילי פוד - מנת השף,TH,מנת השף אטריות להכנה,גרמים,85.00,100 גרם,false,,3.90,0.0459,true,1,244529
7290108509922,false,"מנת השף בשקית-איטריות בטעם עוף 85 ג' חתם סופר ב""ב",וילי פוד - מנת השף,TH,מנת השף אטריות להכנה,גרמים,85.00,100 גרם,false,,3.90,0.0459,true,1,244530
7290108620054,false,יין אסטייט קברנה סובניון יבש אדום 750 מל,יקבי ציון,IL,קברנה סוביניון 750 מ,מיליליטרים,750.00,"100 מ""ל",false,,40.00,0.0533,true,1,213153
7290108620085,false,"יין אסטייט שרדונה 750 מ""ל",,,"שרדונה 750 מ""ל",מיליליטרים,750.00,"100 מ""ל",false,,40.00,0.0533,true,1,213156
7290108620108,false,יין אימפריאל קברנה סובניון אדום 750 מל,יקבי ציון,IL,קברנה סוביניון 750 מ,מיליליטרים,750.00,"100 מ""ל",false,,29.90,0.0399,true,1,213159
7290108620115,false,יין אימפריאל מרלו אדום יבש 750 מל,יקבי ציון,IL,"מרלו 750 מ""ל",מיליליטרים,750.00,"100 מ""ל",false,,29.90,0.0399,true,1,213160
7290108620122,false,יין אימפריאל קברנה מרלו אדום יבש 750 מל,,,"קברנה - מרלו 750 מ""ל",מיליליטרים,750.00,"100 מ""ל",false,,29.90,0.0399,true,1,213161
7290108620153,false,יין אסטייט קברנה סמי חצי מתוק אדום 750 מל,יקבי ציון,IL,"קברנה סמי 750 מ""ל",מיליליטרים,750.00,"100 מ""ל",false,,40.00,0.0533,true,1,213157
7290108620160,false,יין אימפריאל סובניון בלאן לבן יבש 750 מל,יקבי ציון,IL,"סוביניון בלאק 750 מ""",מיליליטרים,750.00,"100 מ""ל",false,,29.90,0.0399,true,1,213162
7290108621143,false,יין אוריינט אדום דור,יקב 1848,,דור 5 אוריינט אדום,יחידה,0.00,יחידה,false,,80.00,0.0000,true,1,239971
7290108835120,false,סט 26 צנטרים נירוסטה,,,סט 26 צנטרים נירוסטה,יחידה,0.00,יחידה,false,,19.90,0.0000,true,1,215449
7290108836714,false,תבנית סיליקון אינגלי,,,תבנית סיליקון אינגלי,יחידה,0.00,יחידה,false,,22.90,0.0000,true,1,215463
7290109130255,false,תבנית מלבנית עם מכסה,,,תבנית מלבנית עם מכסה,יחידה,0.00,יחידה,false,,69.90,0.0000,true,1,205965
7290109134598,false,סוחט הדרים גדול אלומ,,,סוחט הדרים גדול אלומ,יחידה,0.00,יחידה,false,,34.90,0.0000,true,1,206087
7290109134703,false,"מועך תפו""א מתקפל סולתם",,,מועך תפוא מתקפל סולת,יחידה,0.00,יחידה,false,,26.90,0.0000,true,1,206042
7290109134710,false,"מברשת סיליקון 27 ס""מ",,,"מברשת סיליקון 27 ס""מ",יחידה,0.00,יחידה,false,,16.90,0.0000,true,1,205982
7290109134741,false,"כף סיליקון 28 ס""מ Ba",,,"כף סיליקון 28 ס""מ Ba",יחידה,0.00,יחידה,false,,16.90,0.0000,true,1,206655
7290109134802,false,כותש שום מקצועי סולת,,,כותש שום מקצועי סולת,יחידה,0.00,יחידה,false,,49.90,0.0000,true,1,266557
7290109134994,false,חורץ ליבת תפוח נירוס,,,חורץ ליבת תפוח נירוס,יחידה,0.00,יחידה,false,,14.90,0.0000,true,1,206056
7290109135304,false,תרווד רחב מחורץ סיליקון גמיש סולתם,,,תרווד רחב מחורץ סילי,יחידה,0.00,יחידה,false,,34.90,0.0000,true,1,217985
7290109135755,false,"מחבת מיני 3*14 ס""מ P",,,"מחבת מיני 3*14 ס""מ P",יחידה,0.00,יחידה,false,,34.90,0.0000,true,1,205667
7290109135861,false,"מחבת 28 ס""מ ציפוי שיש סולתם",,,"מחבת 28 ס""מ ציפוי שי",יחידה,0.00,יחידה,false,,59.90,0.0000,true,1,205831
7290109136684,false,"מסננת נירוסטה 18 ס""מ",,,"מסננת נירוסטה 18 ס""מ",יחידה,0.00,יחידה,false,,29.90,0.0000,true,1,206157
7290109136714,false,מטרפה נירוסטה 30.5 ס,,,מטרפה נירוסטה 30.5 ס,יחידה,0.00,יחידה,false,,21.90,0.0000,true,1,224475
7290109137513,false,"מחבת 30 ס""מ ציפוי שיש סולתם",,,"מחבת 30 ס""מ ציפוי שי",יחידה,0.00,יחידה,false,,79.90,0.0000,true,1,205832
7290109137537,false,"ווק 30 ס""מ ציפוי שיש",,,"ווק 30 ס""מ ציפוי שיש",יחידה,0.00,יחידה,false,,89.90,0.0000,true,1,205841
7290109137544,false,"סיר 18 ס""מ 1.9 ליטר",,,"סיר 18 ס""מ 1.9 ליטר",יחידה,0.00,יחידה,false,,89.90,0.0000,true,1,205853
7290109137568,false,"סיר 24 ס""מ 5 ליטר צ",,,"סיר 24 ס""מ 5 ליטר צ",יחידה,0.00,יחידה,false,,119.90,0.0000,true,1,205855
7290109137575,false,"סיר 26 ס""מ 6 ליטר צי",,,"סיר 26 ס""מ 6.5 ליטר",יחידה,0.00,יחידה,false,,129.90,0.0000,true,1,205856
7290109137803,false,"מחבת פנקייק 28 ס""מ K",,,"מחבת פנקייק 28 ס""מ K",יחידה,0.00,יחידה,false,,69.90,0.0000,true,1,266261
7290109138121,false,מספריים רב שימושיות,,,מספריים רב שימושיות,יחידה,0.00,יחידה,false,,10.00,0.0000,true,1,205810
7290109138268,false,מועך תפוא ידית שחורה,,,מועך תפוא ידית שחורה,יחידה,0.00,יחידה,false,,22.90,0.0000,true,1,206060
7290109139609,false,"קערה נירוסטה 22 ס""מ",,,"קערה נירוסטה 22 ס""מ",יחידה,0.00,יחידה,false,,26.90,0.0000,true,1,205891
7290109139616,false,"קערה נירוסטה 24 ס""מ",,,"קערה נירוסטה 24 ס""מ",יחידה,0.00,יחידה,false,,26.90,0.0000,true,1,205892
7290109139623,false,קערה נירוסטה 2.8 ל',,,קערה נירוסטה 2.8 ל',יחידה,0.00,יחידה,false,,29.90,0.0000,true,1,205893
7290109139630,false,קערה נירוסטה 4.6 ל',,,קערה נירוסטה 4.6 ל',יחידה,0.00,יחידה,false,,39.90,0.0000,true,1,205894
7290109139661,false,"מסננת נירוסטה 26 ס""מ",,,"מסננת נירוסטה 26 ס""מ",יחידה,0.00,יחידה,false,,39.90,0.0000,true,1,205912
7290109139746,false,"פינג'אן נירוסטה 500 מ""ל NOVO IND ידית נירוסטה",,,פינג'אן נירוסטה 500,יחידה,0.00,יחידה,false,,34.90,0.0000,true,1,205747
7290109351025,false,מלך החומוס חומוסטחינה 40% טחינה גולמית,לחמנו,IL,צבר חומוס טחינה 400,גרמים,400.00,100 גרם,false,,15.90,0.0398,true,1,158199
7290109351957,false,פריכיות פיטנס מיני גדולות שוקולד חלב 100ג',סנורייס בלגיום אן. ו,BE,אסם פיטנס פריכיות גד,גרמים,100.00,100 גרם,false,,8.90,0.0890,true,1,167271
7290109351971,false,פריכיות דגנים פיטנס מצופות שוקולד חלב,פרח תעשיות,IL,פיטנס בר פרכיות שוקו,יחידה,0.00,יחידה,false,,13.90,0.0000,true,1,163568
7290109354057,false,קרחון לה פרוטה שרבט אננס תפוז מאגדת 5 יח',תות תעשיות מזון (201,IL,מאגדת לה פרוטה אננס,יחידה,0.00,יחידה,false,,21.90,0.0000,true,1,173712
7290109354996,false,פתי בר ללא גלוטן שוקו 200 גרם אסם,מיוצר עי קונדיטוריית,IL,אסם פתי בר ללא גלוטן,גרמים,200.00,100 גרם,false,,10.90,0.0545,true,1,164427
7290109358482,false,עוגיות קרמוגית במילוי קרם בטעם חלבה,היינץ צפון אמריקה מק,IL,קרמוגית במילוי חלווה,גרמים,200.00,100 גרם,false,,11.90,0.0595,true,1,191315
7290109358765,false,דגני בוקר קראנץ' רולס נוגט 450 גרם,"אסם תעשיות בע""מ",IL,קראנץ רולס 450 גרם,גרמים,450.00,100 גרם,false,,26.90,0.0598,true,1,174358
7290109580043,false,"שניצל תירס קלאסי זוגלובק 1.75 ק""ג",זוגלובק,IL,שניצל תירס 1.75 קג ב,קילוגרמים,1.75,"ק""ג",false,,49.90,28.5143,true,1,214618
7290109580050,false,נקניקיות צ'וריסוס וונדרס 0% בשר טבעוני ללא גלוטן,זוגלובק וונדרס Wonders,IL,נקניקיות צ'וריסוס 22,גרמים,226.00,100 גרם,false,,29.90,0.1323,true,1,230194
7290109580067,false,"טחון וונדרס 0% בשר , טבעוני",זוגלובק וונדרס Wonders,IL,טחון 340 גר' WONDERS,גרמים,226.00,100 גרם,false,,29.90,0.1323,true,1,230195
7290109580098,false,קבנוס בטעם סרירצ'ה 135 ג' זוגלובק,זוגלובק,IL,קבנוס בטעם סרירצ'ה 1,גרמים,135.00,100 גרם,false,,9.90,0.0733,true,1,252747
7290109580104,false,זוגלובק פרימיום רוסטביף 150 גרם,זוגלובק,IL,זוגלובק פרימיום רוסט,גרמים,150.00,100 גרם,false,,25.90,0.1727,true,1,224875
7290109580111,false,"צלעות אסאדו מעושנות פרימיום, 120 גרם",זוגלובק,IL,צלעות אסאדו מעושנות,גרמים,120.00,100 גרם,false,,25.90,0.2158,true,1,249356
7290109580135,false,קורנדביף פרימיום 180 גרם זוגלובק,זוגלובק,IL,זוגלובק פרימיום קורנ,גרמים,180.00,100 גרם,false,,25.90,0.1439,true,1,224885
7290109580159,false,זוגלובק פרימיום פסטרמה בנוסח טוסקנה 200,זוגלובק,IL,פסטרמה בנוסח טוסקנה,גרמים,180.00,100 גרם,false,,25.90,0.1439,true,1,224877
7290109580166,false,סרוולד קלאסי פרימיום 150 גרם זוגלובק,זוגלובק,IL,זוגלובק פרימיום סרוו,גרמים,150.00,100 גרם,false,,25.90,0.1727,true,1,224878
7290109580210,false,נקנקיות ריינהולד'ס הצרפתיה זוגלובק 300 ג',זוגלובק,IL,הצרפתיה נקניקיה עוף,גרמים,300.00,100 גרם,false,,19.90,0.0663,true,1,243400
7290109580227,false,נקניקיות עוף ובקר בסגנון ברלינאי קאריוורסט,זוגלובק,IL,קאריוורסט נקניקיה עו,גרמים,300.00,100 גרם,false,,19.90,0.0663,true,1,243401
7290109580234,false,"נקניקיות מרגז חריפות וונדרס 0% בשר, טבעוני",זוגלובק וונדרס Wonders,IL,נקניקיות מרגז 226 ג,גרמים,226.00,100 גרם,false,,29.90,0.1323,true,1,247505
7290109580319,false,"בורגר וונדרס 0% בשר , טבעוני",זוגלובק וונדרס Wonders,IL,wonders 2.0 בורגר 28,גרמים,280.00,100 גרם,false,,29.90,0.1068,true,1,247506
7290109580432,false,פסטרמה חזה הודו מעושן 120 גר' זוגלובק,זוגלובק,IL,פסטרמה אקסטרה מעושנת,גרמים,120.00,100 גרם,false,,13.90,0.1158,true,1,262159
7290109580449,false,סלמי בטעם כמהין פרימיום 180 ג' זוגלובק,זוגלובק,IL,סלמי בטעם כמהין פרימ,גרמים,180.00,100 גרם,false,,25.90,0.1439,true,1,262404
7290109920146,false,"דורגול מסיר אבנית מקומקומים 750 מ""ל",יעקובי דורגול,,יעקבי דורגול מסיר אב,מיליליטרים,750.00,"100 מ""ל",false,,22.90,0.0305,true,1,165851
7290109920313,false,"אסטוניש מרסס לניקוי חלונות 750 מ""ל",יעקבי- אסטוניש Astonish,GB,אסטוניש מרסס מבריק ש,מיליליטרים,750.00,"100 מ""ל",false,,12.90,0.0172,true,1,178501
7290109920597,false,"אסטוניש - מרסס לניקוי המקלחון 750 מ""ל",יעקבי- אסטוניש Astonish,GB,אסטוניש מרסס למקלחון,מיליליטרים,750.00,"100 מ""ל",false,,12.90,0.0172,true,1,178504
7290109920627,false,"אסטוניש קרם ואקונומיקה לניקוי אמבטיות 500 מ""ל",יעקובי אסטוניש,GB,אסטונש קרם אמבטיה 55,מיליליטרים,550.00,"100 מ""ל",false,,13.90,0.0253,true,1,180261
7290109920665,false,"אסטוניש - מרסס מסיר אוכל שרוף במטבח 750 מ""ל",יעקבי- אסטוניש Astonish,GB,אסטוניש מרסס מסיר או,מיליליטרים,750.00,"100 מ""ל",false,,12.90,0.0172,true,1,178506
7290109920825,false,צמד-דורגול אספרסו + דורגול מקציף חלב מתנה,יעקובי דורגול,CH,דורגול לניקוי מכונו,מיליליטרים,500.00,"100 מ""ל",false,,29.90,0.0598,true,1,190125
7290109921303,false,טורבול סופג לחות 2 מגשיות,יעקובי,SE,טורבולן ספוג לחות,יחידה,0.00,יחידה,false,,29.90,0.0000,true,1,196776
7290109921372,false,אסטוניש משחה לניקוי תנורים וגריל+ספוג 250 גר',יעקובי אסטוניש,GB,אסטוניש משחה לתנורים,יחידה,0.00,יחידה,false,,19.90,0.0000,true,1,195404
7290109921488,false,"דורגול לניקוי וחיטוי מכונת הכביסה 500 מ""ל",יעקובי דורגול,CH,דורגול מסיר אבנית ממ,מיליליטרים,500.00,"100 מ""ל",false,,29.90,0.0598,true,1,200512
7290109921686,false,מטליות לחות פוליבוי לניקוי רהיטים 24 יח',יעקובי,DE,פוליבוי מטליות לחות,יחידה,0.00,יחידה,false,,12.90,0.0000,true,1,204222
7290109921853,false,אסטוניש המשחה המקורית לניקוי עם עוצמה,יעקבי- אסטוניש Astonish,GB,אסטוניש משחת פרימיום,יחידה,0.00,יחידה,false,,19.90,0.0000,true,1,220093
7290109922843,false,האקונומיקה המובילה באירופה נוסחה ייחודית מרוכז 2 ל,,BE,יעקובי האוקונומיקה -,ליטרים,2.00,ליטר,false,,11.90,5.9500,true,1,247096
7290109922881,false,"דורגול מרסס למטבח 600 מ""ל",יעקובי דורגול,IL,דורגול מרסס למטבח 60,מיליליטרים,600.00,"100 מ""ל",false,,24.90,0.0415,true,1,254263
7290109922911,false,דזיטול חיטוי נעליים מפטריות חיידקים וריחות 150מל,מרקה,ES,דזיטול חיטוי נעליים,מיליליטרים,150.00,"100 מ""ל",false,,19.90,0.1327,true,1,247098
7290109923024,false,"אסטוניש - מרסס פרמיום ארומטיק למטבח 750 מ""ל",יעקובי אסטוניש,GB,אסטוניש מרסס פרימיום,מיליליטרים,750.00,"100 מ""ל",false,,15.90,0.0212,true,1,254260
7290109923031,false,"מרסס פרמיום ארומטיק למקלחון 750 מ""ל אסטוניש",יעקובי אסטוניש,GB,אסטוניש מרסס פרימיום,מיליליטרים,750.00,"100 מ""ל",false,,15.90,0.0212,true,1,254261
7290109923048,false,"אסטוניש - מרסס פרמיום ארומטיק לכל הבית 750 מ""ל",יעקובי אסטוניש,GB,אסטוניש מרסס פרימיום,מיליליטרים,750.00,"100 מ""ל",false,,15.90,0.0212,true,1,254262
7290109923093,false,"אסטוניש - קרם כיריים הלוגן ומיקרו 500 מ""ל",יעקובי אסטוניש,IL,אסטוניש מהדורה פרימי,מיליליטרים,500.00,"100 מ""ל",false,,18.90,0.0378,true,1,254257
7290109923147,false,אסטוניש מהדורה פרימיום פלא של אקונומיקה,יעקבי- אסטוניש Astonish,GB,אסטוניש מהדורה פרימי,מיליליטרים,500.00,"100 מ""ל",false,,16.90,0.0338,true,1,254258
7290110000967,false,מתוקל ממתיק נוזלי 390 גר',עין חרוד,IL,מתוקקל ממתיק נוזלי,יחידה,0.00,יחידה,false,,16.90,0.0000,true,1,205292
7290110059323,false,פלייסמט באטמן,,,פלייסמט באטמן,יחידה,0.00,יחידה,false,,5.00,0.0000,true,1,199808
7290110110024,false,"פאנטה תות פחית סליק 330מ""ל",קוקה קולה ישראל,IL,משקה פאנטה תות סליק,מיליליטרים,330.00,"100 מ""ל",false,,6.00,0.0182,true,1,175067
7290110110277,false,"סומרסבי סיידר תפוחים אלכוהולי 4*300 מ""ל","קרלסברג קרואטיה , יב",IL,סומרסבי רביעייה,יחידה,0.00,יחידה,false,,35.60,0.0000,true,1,183785
7290110110352,false,"בירה קרלסברג 0.0 בק 330 מ""ל",קרלסברג רומניהיבואן:,RO,קרלסברג 0.0 שישייה 3,יחידה,0.00,יחידה,false,,5.90,0.0000,true,1,223096
7290110110369,false,שישיית בירה קרלסברג LUMA בקבוק 330 מל,מבשלות בירה בינלאומי,IL,קרלסברג לומה שישייה,יחידה,0.00,יחידה,false,,49.90,0.0000,true,1,211723
7290110110574,false,"קוקה קולה זירו לימון פחית 330 מ""ל",החברה המרכזית לייצור,IL,סליק קוקה קולה זירו,מיליליטרים,330.00,"100 מ""ל",false,,6.00,0.0182,true,1,184110
7290110110659,false,"ספרייט לימון ליים פחית 330מ""ל",החברה המרכזית לייצור,IL,משקה ספרייט מופחת סל,מיליליטרים,330.00,"100 מ""ל",false,,6.00,0.0182,true,1,182279
7290110110703,false,מארז ספרייט שישייה פחיות FRIDGE PACK,קוקה קולה ישראל,IL,"ספרייט פחית 6*330 מ""",מיליליטרים,330.00,"100 מ""ל",false,,24.90,0.0755,true,1,182278
7290110113476,false,בירה קרלסברג ללא אלכוהול - שישייה,קרלסברג רומניהיבואן:,IL,שישיית קרלסברג 0.0 ב,יחידה,0.00,יחידה,false,,34.90,0.0000,true,1,208450
7290110114534,false,פריגת משקל תפוח פינק,,,פריגת משקל תפוח פינק,ליטרים,1.50,ליטר,false,,6.70,4.4667,true,1,240477
7290110114787,false,נביעות+ מים מינרליים בטעם תפוח 1.5 ליטר,נביעות טבע הגליל בעמ,IL,נביעות + תפוח 1.5 לי,יחידה,0.00,יחידה,false,,8.90,0.0000,true,1,247527
7290110114794,false,נביעות+ מים מינרליים בטעם אפרסק 1.5 ליטר,"נביעות טבע הגליל בע""",IL,נביעות + אפרסק 1.5 ל,יחידה,0.00,יחידה,false,,8.90,0.0000,true,1,247528
7290110114800,false,נביעות+ מים מינרליים בטעם ענבים 1.5 ליטר,פארייפאבה אגרואינדוס,IL,נביעות + ענבים 1.5 ל,יחידה,0.00,יחידה,false,,8.90,0.0000,true,1,247529
7290110114824,false,נביעות+רכיבי פרי אבטיח 1.5 ליטר פיקדון,"נביעות טבע הגליל בע""",IL,נביעות+ רכיבי פרי אב,יחידה,0.00,יחידה,false,,9.90,0.0000,true,1,247531
7290110114855,false,"נביעות מים מינרליים, שישיה 6 * 1.5 ליטר פקדון",נביעות טבע הגליל בעמ,IL,6 נביעות 1.5 ליטר פי,יחידה,0.00,יחידה,false,,13.90,0.0000,true,1,247534
7290110114893,false,פריגת סחוט טרי תפוז 2 ליטר,היינץ צפון אמריקה מק,IL,פריגת סחוט תפוזים 2ל,ליטרים,2.00,ליטר,false,,29.90,14.9500,true,1,247432
7290110114909,false,"100% מיץ תפוחים צלול עשוי מרכז, 2 ליטר",היינץ צפון אמריקה מק,IL,פריגת סחוט תפוח צלול,ליטרים,2.00,ליטר,false,,29.90,14.9500,true,1,247433
7290110114954,false,מיץ תפוזים מתקתקים 100% 2 ל' פריגת,פריגת מצוננים,IL,תפוזים 100% מתקתקים,ליטרים,2.00,ליטר,false,,29.90,14.9500,true,1,247435
7290110114961,false,משקה קל תפוזים פריגת 1.5 ליטר,מבשלות בירה בינלאומי,IL,פריגת תפוז 1.5 ליטר,יחידה,0.00,יחידה,false,,8.90,0.0000,true,1,247535
7290110114985,false,משקה קל אשכולית פריגת 1.5 ליטר,מבשלות בירה בינלאומי,IL,פריגת אשכולית 1.5 לי,יחידה,0.00,יחידה,false,,8.90,0.0000,true,1,247537
7290110114992,false,משקה קל לייט אשכולית פריגת 1.5 ליטר,מבשלות בירה בינלאומי,IL,פריגת Light אשכולית,יחידה,0.00,יחידה,false,,8.90,0.0000,true,1,247538
7290110115005,false,משקה קל ענבים פריגת 1.5 ליטר,מבשלות בירה בינלאומי,IL,פריגת ענבים 1.5 ליטר,יחידה,0.00,יחידה,false,,8.90,0.0000,true,1,247539
7290110115043,false,פריגת לימונענע 1.5 ליטר פיקדון,מבשלות בירה בינלאומי,IL,פריגת לימונענע 1.5 ל,יחידה,0.00,יחידה,false,,8.90,0.0000,true,1,247543
7290110115050,false,פריגת מיקס תות בננה 1.5 ליטר פיקדון,מבשלות בירה בינלאומי,IL,פריגת מיקס תות בננה,יחידה,0.00,יחידה,false,,8.90,0.0000,true,1,247544
7290110115081,false,פריגת צלול ענבים 1.5 ליטר פיקדון,מבשלות בירה לישראל ב,IL,פריגת צלול ענבים 1.5,יחידה,0.00,יחידה,false,,8.90,0.0000,true,1,247547
7290110115104,false,פריגת צלול אפרסק 1.5 ליטר פיקדון,מבשלות בירה בינלאומי,IL,פריגת צלול אפרסק 1.5,יחידה,0.00,יחידה,false,,8.90,0.0000,true,1,247549
7290110115111,false,פריגת צלול אננס 1.5 ליטר פיקדון,מבשלות בירה לישראל ב,IL,פריגת צלול אננס 1.5,יחידה,0.00,יחידה,false,,8.90,0.0000,true,1,247550
7290110115128,false,פריגת צלול בטעם לימונענע 1.5 ליטר פיקדון,מבשלות בירה לישראל ב,IL,פריגת צלול בטעם לימו,יחידה,0.00,יחידה,false,,8.90,0.0000,true,1,247551
7290110115180,false,מים מינרליים נביעות,"נביעות טבע הגליל בע""",IL,נביעות 1.5 ליטר בודד,ליטרים,1.50,ליטר,false,,5.00,3.3333,true,1,251724
7290110115203,false,קוקה קולה 1.5 ליטר פיקדון,קוקה קולה Coca Cola,IL,קוקה קולה 1.5 ליטר פ,ליטרים,1.50,ליטר,false,,8.90,5.9333,true,1,247557
7290110115210,false,דיאט קוקה קולה 1.5 ליטר פיקדון,קוקה קולה Coca Cola,IL,דיאט קוקה קולה 1.5 ל,יחידה,0.00,יחידה,false,,8.90,0.0000,true,1,247558
7290110115227,false,קוקה-קולה זירו בקבוק 1.5 ליטר,קוקה קולה Coca Cola,IL,קולה ZERO 1.5 ליטר פ,ליטרים,1.50,ליטר,false,,8.90,5.9333,true,1,247559
7290110115234,false,קוקה-קולה זירו נטול בקבוק 1.5 ליטר,החברה המרכזית לייצור,IL,קולה ZERO נטול 1.5 ל,יחידה,0.00,יחידה,false,,8.90,0.0000,true,1,247560
7290110115241,false,קוקה-קולה זירו לימון בקבוק 1.5 ליטר,החברה המרכזית לייצור,IL,קולה ZERO לימון 1.5,יחידה,0.00,יחידה,false,,8.90,0.0000,true,1,247561
7290110115265,false,ספרייט לימון ליים 1.5 ליטר-,החברה המרכזית לייצור,IL,ספרייט 1.5 ליטר LIM,יחידה,0.00,יחידה,false,,8.90,0.0000,true,1,247563
7290110115272,false,ZERO ספרייט 1.5 ליטר פיקדון,החברה המרכזית לייצור,IL,ZERO ספרייט 1.5 ליטר,יחידה,0.00,יחידה,false,,8.90,0.0000,true,1,247564
7290110115289,false,ספרייט 19 קל' לימון-נענע 1.5 ליטר פיקדון,החברה המרכזית לייצור,IL,ספרייט 19 קל' לימון-,יחידה,0.00,יחידה,false,,8.90,0.0000,true,1,247565
7290110115296,false,משקה מוגז אורנג' פאנטה 1.5 ליטר,החברה המרכזית לייצור,IL,פאנטה אורנג' 1.5 ליט,יחידה,0.00,יחידה,false,,8.90,0.0000,true,1,247566
7290110115302,false,משקה מוגז אורנג' זירו פאנטה 1.5 ליטר,החברה המרכזית לייצור,IL,פאנטה ZERO אורנג' 1.,יחידה,0.00,יחידה,false,,8.90,0.0000,true,1,247567
7290110115319,false,פאנטה אקזוטיק 1.5 ליטר פיקדון,החברה המרכזית לייצור,IL,פאנטה אקזוטיק 1.5 לי,יחידה,0.00,יחידה,false,,8.90,0.0000,true,1,247568
7290110115340,false,פאנטה ענבים 1.5 ליטר פיקדון,קוקה קולה,IL,פאנטה ענבים 1.5 ליט,יחידה,0.00,יחידה,false,,8.90,0.0000,true,1,247571
7290110115364,false,שישייה קוקה קולה 1.5 ליטר פיקדון,החברה המרכזית לייצור,IL,קוקה קולה שישיות 1.5,יחידה,0.00,יחידה,false,,49.90,0.0000,true,1,247573
7290110115388,false,ספרייט ליים שישיות 1.5 ליטר פיקדון,החברה המרכזית לייצור,IL,ספרייט LIME שישיות 1,יחידה,0.00,יחידה,false,,49.90,0.0000,true,1,247575
7290110115395,false,ZERO ספרייט שישיות 1.5 ליטר פיקדון,החברה המרכזית לייצור,IL,ZERO ספרייט שישיות 1,יחידה,0.00,יחידה,false,,49.90,0.0000,true,1,247576
7290110115401,false,קינלי סודה שישייה 1.5 ליטר פיקדון,החברה המרכזית לייצור,IL,קינלי סודה שישייה 1.,יחידה,0.00,יחידה,false,,16.70,0.0000,true,1,247577
7290110115418,false,מארז שישייה קוקה קולה זירו 1.5 ל',החברה המרכזית לייצור,IL,קולה ZERO שישיות 1.5,יחידה,0.00,יחידה,false,,48.90,0.0000,true,1,247578
7290110115449,false,אייס תה בטעם מנגו אננס 1.5ל' FUZE TEA,מבשלות בירה בינלאומי,IL,FUZE tea מנגו אננס 1,יחידה,0.00,יחידה,false,,9.90,0.0000,true,1,247581
7290110115456,false,"תה קר בטעם אפרסק 19 קלוריות ב- 100 מ""ל",מבשלות בירה בינלאומי,IL,FUZE tea אפרסק 19 קל,יחידה,0.00,יחידה,false,,9.90,0.0000,true,1,247582
7290110115463,false,פיוז טי אפרסק 1.5 ליטר פיקדון,מבשלות בירה בינלאומי,IL,FUZE tea אפרסק 1.5 ל,יחידה,0.00,יחידה,false,,9.90,0.0000,true,1,247583
7290110115494,false,תה קר בטעם ענבים פיוז טי 1.5 ליטר,מבשלות בירה בינלאומי,IL,FUZE tea ענבים 1.5 ל,יחידה,0.00,יחידה,false,,9.90,0.0000,true,1,247586
7290110115531,false,משקה מוגז תפוח זירו פאנטה 1.5 ליטר,החברה המרכזית לייצור,IL,פאנטה ZERO תפוח 1.5,יחידה,0.00,יחידה,false,,8.90,0.0000,true,1,247589
7290110115586,false,פריגת תפוזים 40% פחות סוכר 1.5 ליטר פיקדון,מבשלות בירה בינלאומי,IL,פריגת תפוזים 40% פחו,יחידה,0.00,יחידה,false,,8.90,0.0000,true,1,247591
7290110115593,false,פריגת אשכוליות 40% פחות סוכר 1.5 ליטר פיקדון,מבשלות בירה בינלאומי,IL,פריגת אשכוליות 40% פ,יחידה,0.00,יחידה,false,,8.90,0.0000,true,1,247592
7290110115616,false,FUZE tea zero גרין אננס 1.5 ליטר פיקדון,מבשלות בירה בינלאומי,IL,פיוז טי זירו גרין אנ,ליטרים,1.50,ליטר,false,,9.90,6.6000,true,1,247596
7290110115623,false,משקה פיוז טי זירו ZERO בטעם אפרסק,מבשלות בירה בינלאומי,IL,פיוז טי זירו אפרסק 1,ליטרים,1.50,ליטר,false,,9.90,6.6000,true,1,247595
7290110115777,false,מים מינרליים נביעות 1.5 ל,נביעות,,נביעות 1.5 ליטר,ליטרים,1.50,ליטר,false,,5.00,3.3333,true,1,248325
7290110115838,false,ספרייט לימון- ליים 1.5 ליטר,"אינסטנטה בע""מ",IL,ZERO ספרייט 1.5 ליטר,ליטרים,1.50,ליטר,false,,8.90,5.9333,true,1,261575
7290110115937,false,שישיית קוקה קולה זירו 1 ליטר-,קוקה קולה,IL,קוקה קולה זירו שישיי,ליטרים,6.00,ליטר,false,,41.90,6.9833,true,1,251909
7290110116064,false,פאנטה ZERO פירות ירוק 1.5 ליטר פיקדון,החברה המרכזית לייצור,IL,פאנטה ZERO 1.5 ליטר,ליטרים,1.50,ליטר,false,,8.90,5.9333,true,1,261574
7290110116125,false,סירופ בטעם פטל 750 מל פריגת,סירופ - גבעת חיים,IL,"סירופ פטל 750 מ""ל",מיליליטרים,750.00,"100 מ""ל",false,,23.90,0.0319,true,1,262520
7290110116149,false,סירופ בטעם ענבים 750 מל פריגת,סירופ - גבעת חיים,IL,"סירופ ענבים 750 מ""ל",מיליליטרים,750.00,"100 מ""ל",false,,23.90,0.0319,true,1,262521
7290110116194,false,נביעות+ סדרת 0 קלוריות לימון-ליים 1.5 לי,"נביעות טבע הגליל בע""",IL,נביעות+ לימון ליים 0,ליטרים,1.50,ליטר,false,,9.90,6.6000,true,1,262333
7290110116217,false,נביעות+ סדרת 0 קלוריות אשכוליות 1.5 ליטר,"נביעות טבע הגליל בע""",IL,נביעות+אשכולית 0 קלו,ליטרים,1.50,ליטר,false,,9.90,6.6000,true,1,262334
7290110116484,false,פריגת סחוט מיקס תות בננה 1ליטר,פריגת מצוננים,IL,פריגת מיקס תות בננה,מיליליטרים,1000.00,"100 מ""ל",false,,17.90,0.0179,true,1,268722
7290110116491,false,פריגת סחוט מיקס אפרסק משמש 1ליטר,פריגת מצוננים,IL,פריגת מיקס אפרסק משמ,מיליליטרים,1000.00,"100 מ""ל",false,,17.90,0.0179,true,1,268723
7290110116507,false,פריגת סחוט מיקס אננס בננה אגס 1ליטר,פריגת מצוננים,IL,פריגת מיקס אננס בננה,מיליליטרים,1000.00,"100 מ""ל",false,,17.90,0.0179,true,1,268724
7290110116552,false,ספרייט לימון היט 1.5 ליטר LIME פיקדון,החברה המרכזית לייצור,IL,ספרייט לימון 1.5 לי,ליטרים,1.50,ליטר,false,,8.90,5.9333,true,1,267809
7290110116569,false,"ספרייט זירו ZERO בק LEMON HIT, 1.5 ליטר",החברה המרכזית לייצור,IL,ZERO ספרייט לימון הי,ליטרים,1.50,ליטר,false,,8.90,5.9333,true,1,267808
7290110168735,false,חנוכיה עשויה מתכת בצ,,,חנוכיה עשויה מתכת בצ,יחידה,0.00,יחידה,false,,49.90,0.0000,true,1,220254
7290110291761,false,מאג דגם קפוצ'ינו 310,,,מאג דגם קפוצ'ינו 310,יחידה,0.00,יחידה,false,,5.90,0.0000,true,1,229048
7290110292966,false,"טרריום טרופי 10*8 ס""",,,"טרריום טרופי 10*8 ס""",יחידה,0.00,יחידה,false,,19.90,0.0000,true,1,224125
7290110292973,false,טרריום טרופי 18*10 ס,,,טרריום טרופי 18*10 ס,יחידה,0.00,יחידה,false,,39.90,0.0000,true,1,230790
7290110296131,false,מגש קרחונים פסים 12*,,,מגש קרחונים פסים 12*,יחידה,0.00,יחידה,false,,6.90,0.0000,true,1,215707
7290110297947,false,מצת גז דגם לייט,,,מצת גז דגם לייט,יחידה,0.00,יחידה,false,,5.90,0.0000,true,1,223376
7290110320591,false,פיראוס בולגרית מעודנת 16% 250 גר,תנובה חלב,IL,בולגרית 16% במרקם מע,גרמים,250.00,100 גרם,false,,23.50,0.0940,true,1,172374
7290110320683,false,משקה יופלה 360 בטעם תות אריזת שמיניה,מיוצר עי קונדיטוריית,IL,משקה יופלה 360 בטעם,יחידה,0.00,יחידה,false,,18.80,0.0000,true,1,177951
7290110320850,false,פתיתים גבינה חצי קשה מגורדת 28% שומן,תנובה מרכז שיתופי לש,IL,פתיתי עמק 28% שומן,גרמים,200.00,100 גרם,false,,16.70,0.0835,true,1,173817
7290110320867,false,פתיתים גבינה חצי קשה מגורדת 28% שומן,תנובה מרכז שיתופי לש,IL,פתיתי עמק 28% שומן,גרמים,500.00,100 גרם,false,,37.70,0.0754,true,1,173819
7290110321031,false,מעדן חלב GO יוגורט מועשר בחלבון טבעי 200 ג' יופלה,"תנובה, מחלבת אלון תב",IL,יופלה GO יוגורט מועש,יחידה,0.00,יחידה,false,,5.90,0.0000,true,1,177992
7290110321277,false,"קוטג' בקטנה 100 גרם, 5% שומן מהדרין",פארייפאבה אגרואינדוס,IL,קוטג' בקטנה 100 גרם,גרמים,100.00,100 גרם,false,,2.90,0.0290,true,1,178832
7290110321604,false,קוביות פיראוס בולגרית מעודנת 5% 200 גרם - רבנות,תנובה חלב,IL,קוביות בולגרית מעודנ,גרמים,200.00,100 גרם,false,,20.90,0.1045,true,1,183644
7290110321680,false,יוגורט GO בטעם תות 20 גרם חלבון בגביע,מיוצר עי קונדיטוריית,IL,יופלה GO יוגורט מועש,יחידה,0.00,יחידה,false,,6.20,0.0000,true,1,180111
7290110321697,false,יוגורט GO בטעם אפרסק 20 גרם חלבון בגביע,מיוצר עי קונדיטוריית,IL,יופלה GO יוגורט מועש,יחידה,0.00,יחידה,false,,6.20,0.0000,true,1,180112
7290110321703,false,יוגורט עם פירות יער בתוספת חלבוני חלב 2% שומן,מיוצר עי קונדיטוריית,IL,מעדן יופלה גו פירות,יחידה,0.00,יחידה,false,,6.20,0.0000,true,1,223572
7290110321789,false,גבינה מסקרפונה 38% השף הלבן 250 גר,תנובה חלב,IL,גבינת מסקרפונה השף ה,גרמים,250.00,100 גרם,false,,20.90,0.0836,true,1,182513
7290110322014,false,טופו בטעם טבעי תנובה ALTERNATIVE,שוורצקוף& הנקל דיסלד,IL,טופו טבעי,גרמים,300.00,100 גרם,false,,13.60,0.0453,true,1,183261
7290110322038,false,טופו פיקנטי תנובה ALTERNATIVE,שוורצקוף& הנקל דיסלד,IL,טופו פיקנטי,גרמים,300.00,100 גרם,false,,13.60,0.0453,true,1,183263
7290110322946,false,יופלה טיוב יוגורט במרקם חלק בטעם תות בננה כשרות רבנות 348 ג',תנובה חלב,IL,יופלה טיוב יוגורט במ,גרמים,348.00,100 גרם,false,,13.60,0.0391,true,1,187530
7290110323073,false,"משקה יוגורט יופלה גו תות פטל 250 מ""ל - רבנות",מיוצר עי קונדיטוריית,IL,משקה יוגורט GO מועשר,מיליליטרים,250.00,"100 מ""ל",false,,6.90,0.0276,true,1,187511
7290110323097,false,מעדן גבינה עם תות 5% שומן 80 ג' תנובה,תנובה,IL,תאומים 80 גרם,יחידה,0.00,יחידה,false,,2.00,0.0000,true,1,190136
7290110323301,false,טל העמק בסגנון אמנטל 32% שומן 200 גרם,פ.פ.ח. שאביט,IL,טל העמק 32% שומן 200,גרמים,200.00,100 גרם,false,,20.90,0.1045,true,1,191249
7290110323585,false,יופלה יוגורט עם דובדבן מופחת קלוריות 200 ג' GO,יופלה Yoplait,IL,יופלה GO יוגורט לייט,יחידה,0.00,יחידה,false,,6.20,0.0000,true,1,189722
7290110323592,false,יופלה יוגורט עם אפרסק מופחת קלוריות 200 ג' GO,יופלה Yoplait,IL,יופלה GO יוגורט לייט,יחידה,0.00,יחידה,false,,6.20,0.0000,true,1,189723
7290110323714,false,משקה קוקוס שקדים תנובה E אלטרנטיב,מיוצר עי קונדיטוריית,IL,משקה קוקוס שקדים,ליטרים,1.00,ליטר,false,,12.50,12.5000,true,1,191252
7290110323998,false,מאגדת שמינייה מיני קרלו קצפת 8*77 ג',תנובה מרכז שיתופי לש,IL,מאגדת מיני קרלו קצפת,גרמים,616.00,100 גרם,false,,14.90,0.0242,true,1,238861
7290110324070,false,גבינת חלומי מחלב בקר 22%שומן 200גר,"תנובה בע""מ",IL,גבינת חלומי מחלב בקר,גרמים,200.00,100 גרם,false,,22.00,0.1100,true,1,235605
7290110324353,false,יוגורט GO לייט בטעם אננס 20 גרם חלבון בגביע,מיוצר עי קונדיטוריית,IL,יופלה GO לייט אננס,יחידה,0.00,יחידה,false,,6.20,0.0000,true,1,196004
7290110324551,false,יופלה טיוב יוגורט במרקם חלק תות כשרות מהדרין,תנובה חלב,IL,יופלה טיוב יוגורט במ,גרמים,348.00,100 גרם,false,,13.60,0.0391,true,1,195323
7290110324711,false,"ממרח סויה בסגנון גבינה טעם טבעי בד""צ",מיוצר עי קונדיטוריית,IL,ממרח סויה 9% בטעם טב,גרמים,250.00,100 גרם,false,,8.90,0.0356,true,1,197221
7290110324728,false,ממרח סויה עם שום שמיר 9% שומן אלטרנטיב,מיוצר עי קונדיטוריית,IL,ממרח סויה 9% עם שום,יחידה,0.00,יחידה,false,,8.90,0.0000,true,1,197222
7290110324841,false,מעדן שקדים עם שוקולד מריר אלטרנטיב,מיוצר עי קונדיטוריית,IL,מעדן שקדים עם שוקולד,גרמים,125.00,100 גרם,false,,4.90,0.0392,true,1,202091
7290110324858,false,מעדן שקדים בטעם אגוזי לוז אלטרנטיב,מיוצר עי קונדיטוריית,IL,מעדן שקדים עם אגוזי,גרמים,125.00,100 גרם,false,,4.90,0.0392,true,1,202092
7290110324872,false,גבינה צהובה גלבוע 5% שומן 200 גרם,גלבוע - תנובה,IL,גלבוע 5% 200 גרם,גרמים,200.00,100 גרם,false,,19.90,0.0995,true,1,202086
7290110324926,false,משקה סויה ללא תוספת סוכר E אלטרנטיב,תנובה מרכז שיתופי לש,IL,משקה סויה ללא תוספת,ליטרים,1.00,ליטר,false,,10.50,10.5000,true,1,223157
7290110325084,false,מאגדת שמינייה מיני קרלו שוניל 8*100גרם,תנובה חלב,IL,מאגדת שמינייה מיני ק,יחידה,0.00,יחידה,false,,14.90,0.0000,true,1,198939
7290110325114,false,"משקה יוגורט יופלה גו לייט תות בננה 250 מ""ל - רבנות",מיוצר עי קונדיטוריית,IL,משקה יוגורט גו לייט,מיליליטרים,250.00,"100 מ""ל",false,,6.90,0.0276,true,1,198949
7290110325121,false,משקה יוגורט יופלה גו לייט מנגו אננס,"תנובה בע""מ",IL,משקה יוגורט גו לייט,מיליליטרים,250.00,"100 מ""ל",false,,6.90,0.0276,true,1,198950
7290110325312,false,מעדן סויה GO מועשר בחלבון בטעם תות,"תנובה בע""מ",IL,מעדן סויה גו 20 גרם,גרמים,200.00,100 גרם,false,,6.20,0.0310,true,1,202098
7290110325510,false,יופלה טיוב יוגורט במרקם חלק בטעם וניל-יוניקור,"תנובה בע""מ",IL,יופלה טיוב יוגורט במ,גרמים,348.00,100 גרם,false,,13.60,0.0391,true,1,202497
7290110325619,false,משקה שיבולת שועל תנובה E אלטרנטיב,מיוצר עי קונדיטוריית,IL,משקה שיבולת שועל 1 ל,ליטרים,1.00,ליטר,false,,12.50,12.5000,true,1,204434
7290110325893,false,משקה חלב GO מועשר בחלבון בטעם אייס קפה,מיוצר עי קונדיטוריית,IL,תנובה GO אייס קפה 34,מיליליטרים,340.00,"100 מ""ל",false,,8.30,0.0244,true,1,204437
7290110326210,false,יופלה עם פצפוצי שוקולד 167 גרם,מיוצר עי קונדיטוריית,IL,יופלה און טופ פצפוצי,גרמים,157.00,100 גרם,false,,5.20,0.0331,true,1,208604
7290110326227,false,יוגורט און טופ קורנפלקס 157 ג' יופלה,מיוצר עי קונדיטוריית,IL,יופלה און טופ קורנפל,גרמים,157.00,100 גרם,false,,5.20,0.0331,true,1,208605
7290110326234,false,יוגורט און טופ כוכבים 157 ג' יופלה,מיוצר עי קונדיטוריית,IL,יופלה און טופ כוכבים,גרמים,157.00,100 גרם,false,,5.20,0.0331,true,1,208606
7290110326333,false,פרוסות גבינה בסגנון סקנדינבי 31%,פ.פ.ח. שאביט,IL,פרוסות גבינה סקנדינב,גרמים,200.00,100 גרם,false,,19.90,0.0995,true,1,217720
7290110326982,false,משקה חלב עם שוקולד קלאסי YOLO 1 ליטר,תנובה מרכז שיתופי לש,IL,משקה יולו חלב עם שוק,ליטרים,1.00,ליטר,false,,13.60,13.6000,true,1,213994
7290110326999,false,"משקאות חלב+שוקולד קלאסי 340 מ""ל YOLO בקבוק.",תנובה חלב,IL,משקה יולו חלב עם שוק,גרמים,340.00,100 גרם,false,,7.30,0.0215,true,1,213995
7290110327033,false,משקה סויה תנובה גו מועשר בחלבון במתיקות מופחתת,מיוצר עי קונדיטוריית,IL,משקה סויה תנובה גו מ,ליטרים,1.00,ליטר,false,,12.50,12.5000,true,1,215350
7290110327514,false,משקה שיבולת שועל בטעם אגוזי לוז 1 ליטר אלטרנטיב,תנובה מרכז שיתופי לש,IL,משקה שיבולת שועל 1בט,ליטרים,1.00,ליטר,false,,12.50,12.5000,true,1,245145
7290110327545,false,יופלה און טופ בטעם תות בתוספת פצפוצים מצופים שוקולד 157 גרם,מיוצר עי קונדיטוריית,IL,יופלה און טופ בטעם ת,גרמים,157.00,100 גרם,false,,4.90,0.0312,true,1,220509
7290110328016,false,משקה סויה מועשר בחלבון בטעם אגוזי לוז 250 גרם,תנובה מרכז שיתופי לש,IL,משקה סויה מועשר בחלב,גרמים,250.00,100 גרם,false,,7.30,0.0292,true,1,225485
7290110328054,false,מעדן סויה גו מועשר ב,תנובה חלב,IL,מעדן גו סויה מועשר ב,גרמים,200.00,100 גרם,false,,6.90,0.0345,true,1,235608
7290110328504,false,טריו - מיקס גבינות מוצרלה סקנדינבית וגאודה 300 גרם,מיוצר עי קונדיטוריית,IL,טריו מיקס מוצרלה סקנ,גרמים,300.00,100 גרם,false,,28.30,0.0943,true,1,235565
7290110328627,false,יוגורט יופלה GO במרקם סמיך בטעם בננה קרמל 0%,מיוצר עי קונדיטוריית,IL,יוגורט גו סמיך 0% בנ,גרמים,200.00,100 גרם,false,,6.20,0.0310,true,1,238862
7290110328641,false,טופו טבעי אלתרנתיב 500 גרם,תנובה חלב,IL,טופו טבעי 500 גרם 2,יחידה,0.00,יחידה,false,,20.90,0.0000,true,1,239527
7290110328764,false,יוגורט יופלה GO במרקם סמיך עם תות 0%,מיוצר עי קונדיטוריית,IL,יוגורט גו סמיך 0% תו,גרמים,200.00,100 גרם,false,,6.20,0.0310,true,1,238863
7290110328771,false,יוגורט יופלה GO במרקם סמיך עם פירות יער 0%,מיוצר עי קונדיטוריית,IL,יוגורט גו סמיך 0% פי,גרמים,200.00,100 גרם,false,,6.20,0.0310,true,1,238864
7290110328788,false,יוגורט יופלה GO במרקם סמיך בטעם אפרסק 0%,תנובה מרכז שיתופי לש,IL,יוגורט גו סמיך 0% אפ,גרמים,200.00,100 גרם,false,,6.20,0.0310,true,1,238865
7290110328887,false,"חלב תנובה בקבוק 3%, כשרות מהדרין, 1 ליטר",תנובה מרכז שיתופי לש,IL,חלב 3% מהדרין בקבוק,ליטרים,1.00,ליטר,false,,6.23,6.2300,true,1,249332
7290110329136,false,מעדן חלב מעושר בחלבון בטעם שוקולד 120 ג' GO,תנובה מרכז שיתופי לש,IL,מעדן חלב גו בטעם שוק,גרמים,120.00,100 גרם,false,,5.20,0.0433,true,1,245201
7290110329143,false,מעדן חלב מעושר בחלבון בטעם וניל גביע 120 ג' GO,תנובה מרכז שיתופי לש,IL,מעדן חלב גו בטעם וינ,גרמים,120.00,100 גרם,false,,5.20,0.0433,true,1,245199
7290110329266,false,יוגורט תנובה מחלב עיזים מלא תנובה 140 ג',קריות זול,IL,יוגורט תנובה מחלב עי,גרמים,410.00,100 גרם,false,,6.20,0.0151,true,1,241280
7290110329273,false,יוגורט תנובה מחלב עיזים מלא 750 גרם,תנובה,IL,יוגורט תנובה מחלב עי,גרמים,750.00,100 גרם,false,,20.90,0.0279,true,1,241281
7290110329426,false,טופו טבעי 250 ג'+רוטב קרם קוקוס קארי פיקנטי 60 ג' אלטרנטיב,תנובה חלב,IL,טופו טבעי 250 גרם עם,יחידה,0.00,יחידה,false,,13.90,0.0000,true,1,259772
7290110329433,false,טופו טבעי עם רוטב סצ'ואן אלטרנטיב 250 גרם,תנובה חלב,IL,טופו טבעי 250 גרם עם,יחידה,0.00,יחידה,false,,13.90,0.0000,true,1,259773
7290110329686,false,"משקה חלב גו בטעם עוגיות 340 מ""ל",מיוצר עי קונדיטוריית,IL,תנובה GO משקה חלב בט,מיליליטרים,340.00,"100 מ""ל",false,,8.30,0.0244,true,1,245143
7290110329716,false,משקה קפה קר בטעם קפוצ'ינו 230 ג' תנובה,תנובה מרכז שיתופי לש,IL,משקה קפה קר בטעם קפו,גרמים,230.00,100 גרם,false,,6.90,0.0300,true,1,259064
7290110329723,false,משקה קפה קר בטעם לאטה 230 ג' תנובה,תנובה מרכז שיתופי לש,IL,משקה קפה קר בטעם לאט,גרמים,230.00,100 גרם,false,,6.90,0.0300,true,1,259065
7290110329730,false,"משקה חלב עם שוקולד וקפה בסגנון לאטה 2.7%  230 מ""ל תנובה",תנובה מרכז שיתופי לש,IL,משקה חלב עם שוקולד ו,גרמים,230.00,100 גרם,false,,6.90,0.0300,true,1,259074
7290110329792,false,יוגורט סויה BIO Alternative אפרסק 150 ג' תנובה,מיוצר עי קונדיטוריית,IL,סויה BIO אפרסק גביע,גרמים,150.00,100 גרם,false,,5.20,0.0347,true,1,248223
7290110329808,false,יוגורט סויה BIO Alternative תות 150 ג' תנובה,מיוצר עי קונדיטוריית,IL,סויה BIO תות גביע 15,גרמים,150.00,100 גרם,false,,5.20,0.0347,true,1,248224
7290110329815,false,סויה BIO מתיקות מעודנת גביע 150 גרם אלטרנטיב,מיוצר עי קונדיטוריית,IL,סויה BIO מתיקות מעוד,גרמים,150.00,100 גרם,false,,5.20,0.0347,true,1,248225
7290110329822,false,יוגורט סויה BIO Alternative פירות יער 150 ג' תנובה,מיוצר עי קונדיטוריית,IL,סויה BIO פירות יער ג,גרמים,150.00,100 גרם,false,,5.20,0.0347,true,1,248221
7290110329846,false,יוגורט סויה BIO Alternative בטעם טבעי 150 ג' תנובה,מיוצר עי קונדיטוריית,IL,סויה BIO טבעי גביע 1,גרמים,150.00,100 גרם,false,,5.20,0.0347,true,1,248226
7290110329914,false,מאגדת משקה שיבולת שועל ושקדים 100 גרם*6 יח' ביו אלטרנטיב,תנובה מרכז שיתופי לש,IL,מאגדת משקה שיבולת שו,גרמים,600.00,100 גרם,false,,19.90,0.0332,true,1,259774
7290110472467,false,מתאם למצת TYPE C + כבל טעינה 1.5 מטר,Unknown,,מטען רכב פרימיום,יחידה,0.00,יחידה,false,,39.90,0.0000,true,1,213637
7290110474416,false,ערכת בישול פרימיום מותג CRUZO עם בלון,ארטוס,,ערכת בישול פרמיום,יחידה,0.00,יחידה,false,,199.00,0.0000,true,1,234813
7290110550219,false,מטבעות שוקולד לבן לאפיה 400 גרם עלית,"פוליבה בע""מ",IL,מטבעות שוקולד לבן לא,גרמים,400.00,100 גרם,false,,34.90,0.0872,true,1,257895
7290110550370,false,פריכיות משולשות קינואה ופלפל שחור 65 גרם,שטראוס גרופ,IL,פריכיות חלבון בטטה ס,גרמים,60.00,100 גרם,false,,10.90,0.1817,true,1,265472
7290110552121,false,יוגורט 5% בתוספת סידן וויטמין D היוגורט הראשון שלי,תנובה מרכז שיתופי לש,IL,היוגורט הראשון שלי 1,גרמים,100.00,100 גרם,false,,2.90,0.0290,true,1,257960
7290110552220,false,יוגורט PRO בטעם תות 0% סוכר לבן 20 גרם חלבון בגביע,"שטראוס בריאות בע""מ",IL,דנונה פרו 20 גרם ללא,גרמים,200.00,100 גרם,false,,5.90,0.0295,true,1,248904
7290110552237,false,יוגורט פרו בטעם אפרסק מנגו ללא סוכר 200 ג' דנונה,"שטראוס בריאות בע""מ",IL,דנונה פרו אפרסק מנגו,גרמים,200.00,100 גרם,false,,5.90,0.0295,true,1,248905
7290110552817,false,צנצנת מסטיק - גלידה לימון 58 גרם וועסטהיים,שטראוס גרופ,IL,מסטיק בטעם גלידה לימ,יחידה,0.00,יחידה,false,,9.90,0.0000,true,1,262024
7290110553029,false,"אנרג'י קריספס-פריכיות חומוס, עדשים ואפונה עם קייל וסלק","פרח תעשיו מזון בע""מ",IL,פריכיות חלבון קייל ח,גרמים,60.00,100 גרם,false,,10.90,0.1817,true,1,256295
7290110553135,false,נסקפה קפוצ'ינו סטיק וניל 130 ג' עלית,שטראוס,IL,קפוצ'ינו סטיק וניל 1,גרמים,130.00,100 גרם,false,,17.90,0.1377,true,1,267056
7290110553173,false,אנרגי פריכיות אורז בטעם קרמל 50 גרם,סאנורייס בלגיום,IL,אנרגי פריכיות בטעם ק,יחידה,0.00,יחידה,false,,7.90,0.0000,true,1,265560
7290110553180,false,אנרגי פריכיות אורז בטעם תפוח קינמון 50 ג,סאנורייס בלגיום,IL,אנרגי פריכיות בטעם ת,יחידה,0.00,יחידה,false,,7.90,0.0000,true,1,265561
7290110553340,false,נמס מילקשייק- אבקה להכנת משקה קר בטעם מלבי,שטראוס קפה בי.וי,IL,אייס נמס מילקשייק מל,גרמים,200.00,100 גרם,false,,17.90,0.0895,true,1,259519
7290110553425,false,קפה נמס 200 גרם +20% תוספת עלית,שטראוס גרופ,IL,עלית קפה נמס 200+20,גרמים,200.00,100 גרם,false,,19.90,0.0995,true,1,248890
7290110553623,false,צ'יטוס קראנצ'י בטעם צ'דר חלפיניו - חלבי,"שטראוס פריטו ליי בע""",IL,צ'יטוס קראנץ צ'דר חל,יחידה,0.00,יחידה,false,,4.90,0.0000,true,1,259658
7290110554101,false,"סירופ מייפל טבעי בפאוץ' 125 מ""ל",ציטדל,CA,"מייפל בפאוץ' 125 מ""ל",מיליליטרים,125.00,"100 מ""ל",false,,19.90,0.1592,true,1,257898
7290110554118,false,נודלס מלזי חריף עם טופו וירקות ברוטב קארי ירוק,"טרופיקל דגיל בע""מ אז",IL,נודלס מלזי חריף,יחידה,0.00,יחידה,false,,26.90,0.0000,true,1,243750
7290110554262,false,חלבית מלבין קפה חלבי 350 ג' עלית,,,חלבית חדש 350 גרם 20,גרמים,350.00,100 גרם,false,,22.90,0.0654,true,1,257892
7290110554422,false,פומודורו רוטב עגבניות ופלפלים לשקשוקה 350 גרם,אמיליאנה קונסרב ס.פ.,IT,רוטב עגבניות ופלפלים,גרמים,350.00,100 גרם,false,,12.90,0.0369,true,1,255719
7290110554545,false,קפסולת אספרסו לאפוגטו טעם קוקוס 50 ג' עלית,שטראוס גרופ,IL,קפסולות אספרסו לפוגט,יחידה,0.00,יחידה,false,,16.90,0.0000,true,1,259523
7290110554583,false,מארז חטיפי צ'יטוס פאפס בטעם גבינה - 10 יחידות,שטראוס פריטו ליי (מל,IL,מארז ציטוס פאפס גבינ,גרמים,200.00,100 גרם,false,,12.90,0.0645,true,1,248264
7290110554699,false,"קפה עולה קפסולות אספרסו קלייה איטית וכהה מאוד, 10 * 50 ג'",שטראוס קפה בי.וי.,IL,קפסולות נספרסו קפה ע,יחידה,0.00,יחידה,false,,19.90,0.0000,true,1,266158
7290110554705,false,קפסולות נספרסו לקפה יוניקו סדרת בתי הקלייה 10יח,שטראוס קפה בי.וי.,IL,קפסולות נספרסו קפה י,יחידה,0.00,יחידה,false,,19.90,0.0000,true,1,266159
7290110554712,false,"קפסולות קפה אספרסו קלייה איטית ובהירה, 10 * 50 ג'",שטראוס קפה בי.וי,IL,קפסולות נספרסו קפה נ,יחידה,0.00,יחידה,false,,19.90,0.0000,true,1,266162
7290110554729,false,קפסולות עלית אספרסו 04 תואמות למכונות NESPRESSO,שטראוס קפה בי.וי,IL,קפסולות אספרסו 04 תו,יחידה,0.00,יחידה,false,,19.90,0.0000,true,1,262027
7290110555009,false,פאסטה זוג מחית עגבניות 700 גרם יד מרדכי,אמיליאנה קונסרב ס.פ.,IT,פסאטה זוגות 700 גרם,גרמים,700.00,100 גרם,false,,13.90,0.0199,true,1,257899
7290110555078,false,לאבנה עם שמן זית ועשבי תיבול 250 גרם,"מחלבות בר בכפר בע""מ",IL,לאבנה עם שמן זית ועש,גרמים,250.00,100 גרם,false,,11.90,0.0476,true,1,257958
7290110555092,false,לאבנה עם שמן זית וצ'ילי חריף 250 גר',"מחלבות בר בכפר בע""מ",IL,לאבנה עם שמן זית וצ',גרמים,250.00,100 גרם,false,,11.90,0.0476,true,1,257959
7290110555306,false,רבע לשבע טבעוני סינמון באן 25ג' עלית,הגביע מוצרי וופלים ב,IL,רבע לשבע טבעוני סינמ,גרמים,125.00,100 גרם,false,,12.90,0.1032,true,1,262011
7290110555603,false,ספלנדיד אבקה להכנת משקה בטעם שוקולטה,"ג'אלוסיס י. בע""מ",GR,שוקולוטה ספלנדיד 360,גרמים,360.00,100 גרם,false,,23.90,0.0664,true,1,267063
7290110555665,false,קקאו דל שומן עלית בקופסא 220 גרם,גיאלוסיס,GR,קקאו דל שומן 220 גרם,גרמים,220.00,100 גרם,false,,20.90,0.0950,true,1,267060
7290110555788,false,נסקפה קפוצ'ינו פחית וניל 200 ג' עלית,שטראוס,IL,קפוצ'ינו פחית וניל 2,גרמים,200.00,100 גרם,false,,22.90,0.1145,true,1,267061
7290110555795,false,נסקפה קפוצ'ינו פחית קלאסי 200 ג' עלית,שטראוס,IL,קפוצ'ינו פחית קלאסי,גרמים,200.00,100 גרם,false,,22.90,0.1145,true,1,267062
7290110556242,false,"שוקולד מריר פרווה 100 גר' בד""ץ תוצרת חוץ","שטראוס גרופ בע""מ.",IL,פרה שוק.מריר 100ג,גרמים,100.00,100 גרם,false,,5.90,0.0590,true,1,265656
7290110557027,false,חומוס עשיר 50% טחינה גולמית 400 ג' אחלה,מיוצר עי קונדיטוריית,IL,חומוס הסדרה 50% טחינ,גרמים,400.00,100 גרם,false,,13.90,0.0348,true,1,246644
7290110557102,false,מעדן חלב עם שוקולד מועשר בחלבון 150 ג' שטראוס,מיוצר עי קונדיטוריית,IL,מעדן חלב עם שוקולד מ,גרמים,150.00,100 גרם,false,,5.90,0.0393,true,1,242305
7290110557133,false,מעדן הגולן וניל 125 ג' שטראוס,מיוצר עי קונדיטוריית,IL,מעדן הגולן וניל 125,גרמים,125.00,100 גרם,false,,3.20,0.0256,true,1,243551
7290110557317,false,יוגורט בתוספת סידן וויטמין ד עם שיבולת שועל 100 ג' דנונה,תנובה מרכז שיתופי לש,IL,היוגורט הראשון שלי ש,גרמים,100.00,100 גרם,false,,2.90,0.0290,true,1,257961
7290110557478,false,חומוס גלילי במרקם מעודן 600 גרם,שטראוס גרופ,IL,חומוס גלילי 600 גרם,גרמים,500.00,100 גרם,false,,13.90,0.0278,true,1,256074
7290110558130,false,יוגורט אקטיביה שיבולת שועל ודבש 150 גרם,שטראוס,IL,אקטיביה עם שיבולת שו,גרמים,150.00,100 גרם,false,,4.60,0.0307,true,1,259524
7290110558154,false,דנונה לייט אנד פרי עוגת תפוחים 150ג דנונה,"שטראוס בריאות בע""מ",IL,דנונה לייט אנד פרי ע,גרמים,150.00,100 גרם,false,,4.60,0.0307,true,1,262678
7290110558222,false,"וואו יוגורט עם שכבה בטעם בנופי פאי 5.4%, 150ג דנונה","שטראוס בריאות בע""מ",IL,בנופי WOW,מיליליטרים,150.00,"100 מ""ל",false,,4.50,0.0300,true,1,262672
7290110558239,false,"וואו יוגורט עם שכבה בטעם קראק פאי 5.4%, 150 ג דנונה","שטראוס בריאות בע""מ",IL,קראק פאי WOW,מיליליטרים,150.00,"100 מ""ל",false,,4.50,0.0300,true,1,262673
7290110558253,false,דנונה שייק נונה ריפרש בננה אננס וצ'יה,"שטראוס בריאות בע""מ",IL,דנונה ריפרש בננה אננ,גרמים,250.00,100 גרם,false,,5.90,0.0236,true,1,259525
7290110558284,false,יוגורט ביו מולטי 200 ג' דנונה,"שטראוס בריאות בע""מ",IL,דנונה ביו מולטי 200,גרמים,200.00,100 גרם,false,,4.90,0.0245,true,1,262029
7290110558307,false,יוגורט דנונה PRO עם שיבולת שועל במתיקות מעודנת,"שטראוס בריאות בע""מ",IL,דנונה פרו 20 גרם עם,יחידה,0.00,יחידה,false,,6.90,0.0000,true,1,257699
7290110558314,false,דנונה פרו 20 גרם חלבון ללא סוכר פיסטוק 200 גרם,"שטראוס בריאות בע""מ",IL,דנונה פרו 20 גרם ללא,גרמים,200.00,100 גרם,false,,5.90,0.0295,true,1,262679
7290110558338,false,דנונה פרו 25 ג' חלבון 200 ג' שטראוס,"שטראוס בריאות בע""מ",IL,דנונה פרו 25 גרם חלב,יחידה,0.00,יחידה,false,,6.90,0.0000,true,1,257700
7290110558666,false,מעדן גבינה בטעם תפוח 88 ג' דניאלה,"שטראוס בריאות בע""מ",IL,דניאלה בטעם תפוח 150,מיליליטרים,150.00,"100 מ""ל",false,,4.10,0.0273,true,1,266982
7290110558918,false,עלי חסה קראנצ שטופים,שטראוס בריאות ירקות,IL,עלי חסה קראנצ' שטופי,גרמים,150.00,100 גרם,false,,10.10,0.0673,true,1,262691
7290110559007,false,"שועועית חומה טעם הטבע קופסה, 380 גרם",קונסרב איטליה,IT,שעועית חומה 380ג שטר,גרמים,380.00,100 גרם,false,,6.90,0.0182,true,1,262669
7290110559014,false,שעועית שחורה מבושלת טעם הטבע 380 גרם,קונסרב איטליה,IT,שעועית שחורה 380ג שט,גרמים,380.00,100 גרם,false,,6.90,0.0182,true,1,262671
7290110559755,false,"מאגדת אנרג'י ריל בוטנים,פיסטוק וחמוציות 115 גרם",קונסרב איטליה,GR,ריל מאגדת בוטנים פיס,גרמים,105.00,100 גרם,false,,18.90,0.1800,true,1,262015
7290110560300,false,"הפריכיות הטעימות חומוס, עדשים שחורות, קינואה ופלפל שחור",אנרג'י Energy - שטראוס,IL,פריכיות משולשות פלפל,יחידה,0.00,יחידה,false,,5.90,0.0000,true,1,190382
7290110560317,false,"הפריכיות הטעימות חומוס, עדשים שחורות, קינואה ומלח ים","פרח תעשיו מזון בע""מ",IL,פריכיות משולשות מלח,יחידה,0.00,יחידה,false,,5.90,0.0000,true,1,190383
7290110560324,false,"הפריכיות הטעימות תפו""א, אורז, אפונה ומלח ים","פרח תעשיו מזון בע""מ",IL,פריכיות משולשות אפונ,יחידה,0.00,יחידה,false,,5.90,0.0000,true,1,190384
7290110561352,false,דנונה יוגורט ביו פרוביוטי 3% דל לקטוז 150ג',"שטראוס בריאות בע""מ",IL,דנונה טבעי דל לקטוז,גרמים,200.00,100 גרם,false,,3.50,0.0175,true,1,183422
7290110561604,false,מארז 8 יחידות מעדן גמדים בטעם תות בננה,שטראוס גרופ,IL,שמיניית גמדים תות בנ,גרמים,800.00,100 גרם,false,,19.90,0.0249,true,1,180772
7290110563431,false,"משקה קפה קר בסגנון קלאסי 230 מ""ל 1.6% יוטבתה",האי נאם סי או אל.טי.,AT,משקה קפה קר בסגנון ק,מיליליטרים,230.00,"100 מ""ל",false,,7.90,0.0343,true,1,192832
7290110563448,false,"משקה קפה קר בסגנון מעודן 230 מ""ל 1.6% יוטבתה",האי נאם סי או אל.טי.,AT,משקה קפה קר בסגנון מ,מיליליטרים,230.00,"100 מ""ל",false,,7.90,0.0343,true,1,192833
7290110563462,false,חלב בבקבוק נטול לקטוז 2% יטבתה 1 ל',מחלבת יטבתה,IL,חלב נטול לקטוז יטבתה,ליטרים,1.00,ליטר,false,,8.90,8.9000,true,1,194396
7290110564339,false,חומוס אחלה הסידרה המובחר 30% טחינה 400 גר',מיוצר עי קונדיטוריית,IL,חומוס עשיר ב 30% טחי,גרמים,400.00,100 גרם,false,,13.90,0.0348,true,1,180762
7290110564360,false,חומוס אחלה הסידרה המובחר 40% טחינה 400 גר',מיוצר עי קונדיטוריית,IL,חומוס עשיר ב 40% טחי,גרמים,400.00,100 גרם,false,,13.90,0.0348,true,1,180763
7290110564414,false,חומוס אחלה הסידרה המובחר 30% טחינה 600 גר',מיוצר עי קונדיטוריית,IL,חומוס 30% טחינה 600,גרמים,600.00,100 גרם,false,,15.90,0.0265,true,1,180776
7290110564742,false,"משקה קפה קר בסגנון חזק 230 מ""ל 1.2% יוטבתה",האי נאם סי או אל.טי.,AT,משקה קפה קר בסגנון ח,מיליליטרים,230.00,"100 מ""ל",false,,7.90,0.0343,true,1,192834
7290110565435,false,"לימבו ג'לי פטל 125 גרם חלבי ""שטראוס""",שטראוס גרופ,IL,לימבו פטל חלבי 125 ג,גרמים,125.00,100 גרם,false,,2.00,0.0160,true,1,179450
7290110565527,false,יוגורט PRO פרו 1.5% 20 גרם חלבון בגביע,"שטראוס בריאות בע""מ",IL,דנונה פרו 20 גרם חלב,גרמים,200.00,100 גרם,false,,5.90,0.0295,true,1,178854
7290110565572,false,מנות אישיות קפה טורקי לדרך עם הל,שטראוס קפה בי.וי,IL,מארז טורקי לדרך עם ה,גרמים,168.00,100 גרם,false,,22.90,0.1363,true,1,198510
7290110566623,false,קפסולות קולומביה עלית 08 למכונת נספרסו מארז 5X10ג',שטראוס קפה בי.וי,IL,עלית קפסולות קולומבי,יחידה,0.00,יחידה,false,,16.90,0.0000,true,1,184672
7290110566975,false,דנונה פרו יוגורט 0% תות עשיר בחלבון 200ג',"שטראוס בריאות בע""מ",IL,דנונה פרו תות 200 גר,גרמים,200.00,100 גרם,false,,5.90,0.0295,true,1,182295
7290110568276,false,משקה וניל פרו Pro מועשר בחלבון 1.5%,שטראוס גרופ,IL,משקה וניל עם חלבון ח,מיליליטרים,350.00,"100 מ""ל",false,,6.90,0.0197,true,1,183947
7290110568559,false,דוריטוס עלית מארז חמוץ חריף 10 יח' *25 ג',שטראוס פריטו ליי (מל,IL,מארז דוריטוס חמוץ חר,גרמים,250.00,100 גרם,false,,14.90,0.0596,true,1,184575
7290110570224,false,משקה קפה קר בטעם עוגיות 230ג' יוטבתה,אנסטל מילק kg,AT,משקה קפה קר בטעם עוג,מיליליטרים,230.00,"100 מ""ל",false,,7.90,0.0343,true,1,262685
7290110570880,false,פולי אספרסו עשירים וארומטיים עוצמה 14 250 ג' עלית,,IL,פולי אספרסו עשירים ו,גרמים,250.00,100 גרם,false,,24.90,0.0996,true,1,257900
7290110571184,false,עדשים חומות 380 גר שטראוס טעם הטבע,קונסרב איטליה,IT,עדשים חומות 380ג שטר,גרמים,380.00,100 גרם,false,,6.90,0.0182,true,1,262670
7290110571382,false,מעדן חלב בטעם וניל מעושר בחלבון 150 ג' שטראוס,"שטראוס בריאות בע""מ",IL,מעדן חלב עם וניל מוע,גרמים,150.00,100 גרם,false,,5.90,0.0393,true,1,255798
7290110571405,false,עלית - מיני פינוקיות בגביע פסק זמן 180 גרם,הגביע,IL,מיני פינוקיות בגביע,גרמים,180.00,100 גרם,false,,11.90,0.0661,true,1,266941
7290110571412,false,מיני פינוקיות - פאדג' שוקולד בגביע 180 גרם,הגביע,IL,מיני פינוקיות בגביע,גרמים,180.00,100 גרם,false,,11.90,0.0661,true,1,266939
7290110571474,false,רבע לשבע טבעוני פופקורן 125 ג' עלית,הגביע מוצרי וופלים ב,IL,רבע לשבע טבעוני פופק,גרמים,125.00,100 גרם,false,,12.90,0.1032,true,1,262012
7290110571481,false,פחית קפה נמס קמפיין משפטים 200 גרם 2022,שטראוס גרופ,IL,קפה נמס קמפיין משפטי,גרמים,200.00,100 גרם,false,,19.90,0.0995,true,1,262026
7290110571535,false,מארז קפה טורקי הל 3*100 ג' עלית,שטראוס קפה בי.וי,IL,מארז טורקי הל 3*100,גרמים,300.00,100 גרם,false,,29.90,0.0997,true,1,257901
7290110572129,false,כיף כף מקלות שוקולד לבן 40 ג' עלית,סולן בעבור שטראוס,TR,כיף כף מקלות שוקולד,יחידה,0.00,יחידה,false,,5.90,0.0000,true,1,266946
7290110572884,false,"קפסולות קפה מספר 20 למכונת אספרס אספרסו, 50 גרם",שטראוס קפה בי.וי.,IL,עלית קפסולות 20 למכו,יחידה,0.00,יחידה,false,,19.90,0.0000,true,1,266954
7290110572969,false,כיף כף פצפצים עקרם לבן 40ג' עלית,שולן צ'יקולטה גידה ס,TR,כיף כף פצפצים במילוי,יחידה,0.00,יחידה,false,,5.90,0.0000,true,1,262809
7290110572976,false,כיף כף פצפצים בגביע במילוי קרם בטעם שוקולד לבן,שולן צ'יקולטה גידה ס,TR,כיף כף פצפצים קרם לב,גרמים,135.00,100 גרם,false,,10.90,0.0807,true,1,262664
7290110574413,false,פופקורן בטעם טעמי עלית 70 גרם,סראנו בעבור שטראוס,קפריסין,פופקורן בטעם טעמי 70,יחידה,0.00,יחידה,false,,7.90,0.0000,true,1,267057
7290110574420,false,פופקורן בטעם פסק זמן עלית 70 גרם,סראנו בעבור שטראוס,קפריסין,פופקורן בטעם פסק זמן,יחידה,0.00,יחידה,false,,7.90,0.0000,true,1,267058
7290110576318,false,מאגדת שלישיית שוקולד אגוז לבן 300 ג' עלית,סמואה,FR,מאגדת שלישיית אגוז ש,יחידה,0.00,יחידה,false,,29.90,0.0000,true,1,265473
7290110576356,false,"שוקולד ספלנדיד מריר 64% - חלבי , מפולי קקאו מפרו",קימ'ס גריפלנן,BE,ספלנדיד שוקולד מריר,גרמים,100.00,100 גרם,false,,8.90,0.0890,true,1,261938
7290110576363,false,"שוקולד ספלנדיד מריר 80% חלבי ,פולי קקאו מאוגנדה",קימ'ס גריפלנן,BE,ספלנדיד שוקולד מריר,גרמים,100.00,100 גרם,false,,8.90,0.0890,true,1,261936
7290110576370,false,מארז שלישייה שוקולד מריר חלבי עם אגוזי לוז,שטראוס,IL,מאגדת שלישיית אגוז ש,יחידה,0.00,יחידה,false,,29.90,0.0000,true,1,265475
7290110576387,false,מאגדת שלישיית שוקולד אגוז חלב 300 ג' עלית,שטראוס,FR,מאגדת שלישיית אגוז ש,יחידה,0.00,יחידה,false,,29.90,0.0000,true,1,265474
7290110576752,false,טבלאות שוקולד ספלנדיד מריר 70% 100 ג' עלית,קימ'ס גריפלנן,BE,ספלנדיד מריר 70 %,יחידה,0.00,יחידה,false,,10.00,0.0000,true,1,266974
7290110576776,false,טבלאות שוקולד ספלנדיד מריר 85% 100 ג' עלית,קימ'ס גריפלנן,BE,ספלנדיד מריר 85% 100,גרמים,100.00,100 גרם,false,,10.00,0.1000,true,1,266975
7290110576790,false,סקי בטעם מוקה 125 ג' שטראוס,מגנום- שטראוס,IL,סקי בטעם מוקה 125 גר,גרמים,125.00,100 גרם,false,,3.90,0.0312,true,1,266980
7290110577230,false,משקה חלב פיסטוק 1ליטר יטבתה בקבוק,שטראוס גרופ,IL,משקה חלב בטעם פיסטוק,ליטרים,1.00,ליטר,false,,11.90,11.9000,true,1,266977
7290110577247,false,"יטבתה משקה חלב-פיסטוק בבקבוק 350 מ""ל",שטראוס גרופ,IL,משקה חלב בטעם פיסטוק,מיליליטרים,350.00,"100 מ""ל",false,,6.30,0.0180,true,1,266978
7290110857233,false,בובה p Bj,,,בובה p Bj,יחידה,0.00,יחידה,false,,19.90,0.0000,true,1,254791
7290111093760,false,מגבונים לניקוי רצפות בניחוח מרכך כביסה 10 יח' קוויק,די.פי.אל,,מגב' קוויק לניקוי רצ,יחידה,0.00,יחידה,false,,11.90,0.0000,true,1,254144
7290111094613,false,מגבונים לניקוי משקפיים 10 יח' I-CARE,די.פי.אל,IL,מגבון לניקוי משקפיים,יחידה,0.00,יחידה,false,,7.90,0.0000,true,1,207445
7290111097041,false,מגבונים בייביסיטר שמ,קיבוץ עמיר dpl,IL,מגבונים בייביסיטר שמ,יחידה,0.00,יחידה,false,,24.90,0.0000,true,1,240902
7290111097546,false,מגבונים ניקוי כללי למשטחים בניחוח מרכך כביסה 50 יח' קוויק,די.פי.אל,IL,מגב' קוויק ניקוי כלל,יחידה,50.00,יחידה,false,,8.90,0.1780,true,1,254145
7290111097836,false,מגבונים דוחה אבק למשטחים בניחוח מרכך כביסה 50 יח' קוויק,די.פי.אל,IL,מגב' קוויק דוחה אבק,יחידה,50.00,יחידה,false,,8.90,0.1780,true,1,254146
7290111170911,false,מייבש שיער פוג'יקום 2000W,,,פוגיקום מייבש שיער 2,יחידה,0.00,יחידה,false,,129.90,0.0000,true,1,193617
7290111285325,false,צלחת במבוק 23 סמ מיני מאוס,שמחה זה אנחנו,CN,צלחת במבוק 23 - מיני,יחידה,0.00,יחידה,false,,16.90,0.0000,true,1,183989
7290111285356,false,צלחת במבוק 23 סמ סמי הכבאי,שמחה זה אנחנו,CN,צלחת במבוק 23 - סמי,יחידה,0.00,יחידה,false,,16.90,0.0000,true,1,183992
7290111285400,false,קערה במבוק מיקי מאוס,שמחה זה אנחנו,CN,קערה במבוק - מיקי מא,יחידה,0.00,יחידה,false,,12.90,0.0000,true,1,184000
7290111289453,false,סט משאבה עם בלונים כ,,,סט משאבה עם בלונים כ,יחידה,0.00,יחידה,false,,15.00,0.0000,true,1,199904
7290111340178,false,מטליות לחות ניקול לניקוי כללי בניחוח מרכך כביסה 50 יח',על בד,IL,מטליות לחות חד פעמיו,יחידה,50.00,יחידה,false,,10.90,0.2180,true,1,174776
7290111340185,false,מטליות לחות ניקול לניקוי רצפות בניחוח מרכך 10 יח',על בד,IL,ניקול מטליות לחות לר,יחידה,10.00,יחידה,false,,10.90,1.0900,true,1,174777
7290111340956,false,ניקול מטליות לחות לרצפה בניחוח פריחה לבנה,על בד,IL,ניקול מטליות לחות לר,יחידה,0.00,יחידה,false,,11.90,0.0000,true,1,180181
7290111341366,false,מפיות אירוח 1 שכבתי 30*30 150 יח' לבן,חוגלה קימברלי,IL,מפיות לאירוח 150 יחי,יחידה,150.00,יחידה,false,,6.90,0.0460,true,1,184739
7290111341557,false,קוטקס אקטיב טמפונים ללא מוליך סופר 32יח,קימברלי קלארק צ'כיה,CZ,טמפונים קוטקס אקטיב,יחידה,32.00,יחידה,false,,25.00,0.7813,true,1,196676
7290111341816,false,נייר אפייה בגליל עם סיכון חיתוך,אופל,IL,ניקול נייר אפיה עם ס,יחידה,0.00,יחידה,false,,24.90,0.0000,true,1,193590
7290111341984,false,לילי - מגבוני נייר טואלט לח פיור רביעייה,קימברלי,IL,לילי לח PURE מארז רב,יחידה,0.00,יחידה,false,,22.90,0.0000,true,1,199450
7290111342042,false,ניקול כריות יפניות אנטיבקטריאלי 4 יחידות,פלסטו פוליש,IL,כריות יפניות אנטיבקט,יחידה,0.00,יחידה,false,,10.90,0.0000,true,1,203710
7290111342059,false,מט.לחות ניקול לחיט משטחים אנטיבקטריאלי50,חוגלה,IL,ניקול מטליות לחות אנ,יחידה,0.00,יחידה,false,,10.90,0.0000,true,1,203711
7290111342738,false,לילי - מגבוני נייר טואלט לח קידס רביעייה,חוגלה,IL,מארז לילי לח KIDS רב,יחידה,0.00,יחידה,false,,22.90,0.0000,true,1,202798
7290111343117,false,"קלינקס לושן סופט פק זוגות 140 דף ""חדש""",קימברלי קלארק,IL,קלינקס לושן סופט פק,יחידה,0.00,יחידה,false,,12.90,0.0000,true,1,218736
7290111343841,false,ניקול ספוגית הקסם נירוסטה 3 יחידות,חוגלה,IL,ספוגית הקסם ניורסטה,יחידה,0.00,יחידה,false,,10.90,0.0000,true,1,215228
7290111343858,false,ניקול מטליות לחות לניקוי וחיטוי הרצפה 10,עלבד משואות יצחק,IL,מטליות לחות לניקוי ו,יחידה,0.00,יחידה,false,,10.90,0.0000,true,1,210089
7290111344145,false,מטילות מיקרופייבר אנטיבקטריאליות לרצפה 2 יחי',UFO,CN,ניקול מטליות לרצפה מ,יחידה,0.00,יחידה,false,,22.90,0.0000,true,1,233360
7290111344459,false,קוטוקס תחבושות נייט אקסטרא לונג 20 יח',חוגלה,CN,תחבושת קוטקס נייט רק,יחידה,0.00,יחידה,false,,18.90,0.0000,true,1,237768
7290111344503,false,חיתולי האגיס אקסטרה קייר מידה +4 36 יח',חוגלה קימברלי,IL,האגיס אקסטרה קר מידה,יחידה,0.00,יחידה,false,,49.90,0.0000,true,1,237767
7290111344527,false,ניקול שקיות אשפה XXL לפחים ענקיים 20 יחי,אשפלסט,IL,ניקול שקיות אשפה XXL,יחידה,0.00,יחידה,false,,22.90,0.0000,true,1,221777
7290111344626,false,מגבות מטבח אנטיבקריאליות,,IL,ניקול 2 מגבות מטבח א,יחידה,0.00,יחידה,false,,21.90,0.0000,true,1,225695
7290111344633,false,משטח ייבוש כלים אנטיבקטריאלי,,IL,ניקול משטח ייבוש כלי,יחידה,0.00,יחידה,false,,21.90,0.0000,true,1,264690
7290111344701,false,זוג סנדוויצ'ון שקיות אוכל M מניונים 250 יח',חוגלה קימברלי,IL,ניקול סנדוויצ'ון שקי,יחידה,250.00,יחידה,false,,11.90,0.0476,true,1,264692
7290111344732,false,קלינקס - טיישו אלרג'י קומפורט ניילון זוגות 140 דף,קימברלי קלארק,IL,קלינקס בעל ספיגת מרב,יחידה,0.00,יחידה,false,,11.90,0.0000,true,1,233361
7290111344824,false,מגן תחתון קוטקס אקסטרא אנטיבקטריאלי לארג',חוגלה,CN,מגן תחתון קוטקס אנטי,יחידה,0.00,יחידה,false,,19.90,0.0000,true,1,247920
7290111344831,false,קוטקס - מגיני יום אקסטרא פרוטקט נורמל ביג 60 יח',חוגלה קימברלי,CN,מגן תחתון קוטקס אקסט,יחידה,0.00,יחידה,false,,19.90,0.0000,true,1,247917
7290111344855,false,קוטקס - מגיני יום אקסטרא פרוטקט לארג' ביג 52 יח',חוגלה קימברלי,CN,מגן תחתון קוטקס אקסט,יחידה,0.00,יחידה,false,,19.90,0.0000,true,1,247918
7290111344879,false,קוטקס מגיני תחתון 2IN1 מחזור+שתן 44 יחיד,חוגלה,CN,מגן תחתון קוטקס 2 ב-,יחידה,0.00,יחידה,false,,19.90,0.0000,true,1,247919
7290111344930,false,מטליות לחות לרצפה בניחוח מרכך כביסה 10 יח' ניקול,עלבד,IL,ניקול מטליות לחות לר,יחידה,0.00,יחידה,false,,11.90,0.0000,true,1,243420
7290111345050,false,כריות מיקרופייבר ניקול לניקוי עדין,,IL,כרית מיקרופייבר דו צ,יחידה,1.00,יחידה,false,,13.90,13.9000,true,1,244008
7290111345722,false,ניקול שקיות לשמירה על הטריות 5 יח',,CN,שקיות לשמירה הטריות,יחידה,0.00,יחידה,false,,15.90,0.0000,true,1,262368
7290111345753,false,תחבושות נטורל דואו נורמל 24 יח' קוטקס,קריות זול,CZ,תחבושת קוטקס נורמל ד,יחידה,0.00,יחידה,false,,18.90,0.0000,true,1,252949
7290111345760,false,תחבושות נטורל דואו סופר 18 יח' קוטקס,קריות זול,CZ,תחבושת קוטקס נורמל ד,יחידה,0.00,יחידה,false,,18.90,0.0000,true,1,252950
7290111345777,false,תחבושת קוטקס כותנה לילה 16 יח' קוטקס,קריות זול,CZ,תחבושת קוטקס נורמל ד,יחידה,0.00,יחידה,false,,18.90,0.0000,true,1,252951
7290111345814,false,נייר טואלט לילי נטורל קר 30 גלילים מהדורה,קימברלי קלארק,IL,נייר טואלט לילי נטור,יחידה,0.00,יחידה,false,,39.90,0.0000,true,1,247594
7290111345982,false,ניקול דפי ספוגיות הקסם 10 יח,חוגלה קימברלי,IL,דפי ספוגית הקסם,יחידה,0.00,יחידה,false,,10.90,0.0000,true,1,254221
7290111346088,false,נייר טואלט מולט דו שכבתי 30 גל,חוגלה קימברלי,IL,מולט נייר טואלט דו ש,יחידה,0.00,יחידה,false,,29.90,0.0000,true,1,258664
7290111346125,false,מארז שלישייה מגבוני דיילי קר ללא בישום *56 יח' האגיס,קימברלי,IL,מגבוני האגיס דיילי ק,יחידה,0.00,יחידה,false,,15.90,0.0000,true,1,259955
7290111346132,false,מארז שלישייה מגבוני סנסטיב קר ללא בישום *56 יח' האגיס,עלבד,IL,מגבוני האגיס סנסטיב,יחידה,0.00,יחידה,false,,15.90,0.0000,true,1,259956
7290111346293,false,מגבות ניקול שישייה מהדורה חגיגית,קימברלי קלארק,IL,מגבות נייר ניקול 6 ג,יחידה,0.00,יחידה,false,,11.90,0.0000,true,1,258665
7290111346347,false,מגבוני אף אוריגינל סופט חמישיה קלינקס,חוגלה קימברלי,IL,קלינקס אוריגינל אף נ,יחידה,5.00,יחידה,false,,15.90,3.1800,true,1,262422
7290111350030,false,רסק תפוחי עץ טבעי בצנצנת 670 גרם קלית גת,"ג'י אנד ג'י בע""מ",IL,רסק תפוחי עץ טבעי 67,גרמים,670.00,100 גרם,false,,12.90,0.0193,true,1,169520
7290111350092,false,מארז מיקס חטיפי מיני לואקר בסט 200 גר,ליימן מותגים,,המיטב של לואקר 200 ג,גרמים,200.00,100 גרם,false,,22.90,0.1145,true,1,174927
7290111350665,false,קליית גת דבש לחיץ טהור מפרחי בר 350 גרם,חקלאות עין חרוד מאוח,IL,דבש טהור לחיץ קליית,גרמים,350.00,100 גרם,false,,21.90,0.0626,true,1,184628
7290111350672,false,"דבש טהור מפרחי בר ""קליית גת"" 700 גרם",חקלאות עין חרוד מאוח,IL,דבש טהור צנצנת קליית,גרמים,700.00,100 גרם,false,,34.90,0.0499,true,1,184629
7290111350719,false,חטיף נאצוס הוטפופ בסגנון מסעדות 322 גר,ליימן מותגים,US,נאצוס חטיף תירס בסגנ,גרמים,322.00,100 גרם,false,,15.90,0.0494,true,1,193914
7290111350726,false,חטיף נאצוס הוטפופ בסגנון מקסיקני 322 גר,ליימן מותגים,US,נאצוס חטיף מתירס צהו,גרמים,322.00,100 גרם,false,,15.90,0.0494,true,1,193915
7290111351747,false,צ'וקטה טורטיה מקמח חיטה 320 גרם,,DE,טורטיות מקמח חיטה,גרמים,320.00,100 גרם,false,,9.90,0.0309,true,1,200833
7290111352430,false,ממרח תמרים טבעי קליית גת 440 גרם,"כד בני דרום בע""מ",IL,ממרח תמרים טבעי 440,גרמים,440.00,100 גרם,false,,14.90,0.0339,true,1,204106
7290111352508,false,סילאן טבעי לחיץ 840 גר',"ששון ושות' בע""מ",IL,סילאן 100% תמרים טבע,גרמים,840.00,100 גרם,false,,21.90,0.0261,true,1,218025
7290111352959,false,גומי יוגטה מקלותי חמוצים טעם פירות 80 גר,יוגטה yogueta,TR,יוגטה מקלות חמוצים ב,יחידה,0.00,יחידה,false,,4.90,0.0000,true,1,214903
7290111352966,false,יוגטה סוכריות ממולאות בטעם פירות 250 גרם ללא ג'לטין,ליימן שליסל,TR,סוכריות גומי ממולאות,גרמים,250.00,100 גרם,false,,5.90,0.0236,true,1,214904
7290111352973,false,יוגוטה קוביות חמוצות ממולאות בטעם פירות,יוגטה yogueta,TR,יוגטה קוביות חמוצות,גרמים,220.00,100 גרם,false,,5.90,0.0268,true,1,224243
7290111353055,false,"גומי דובי 200 גר' וסטהיים (כש""לפ בית יוסף)",טופגם תעשיות ממתקים,IL,יוגטה סוכריות גומי ד,גרמים,200.00,100 גרם,false,,7.90,0.0395,true,1,217975
7290111353109,false,"גומי נחש מבריק 200 גר' וסטהיים (כש""לפ בית יוסף).",טופגם תעשיות ממתקים,IL,יוגטה סוכריות גומי נ,גרמים,200.00,100 גרם,false,,7.90,0.0395,true,1,217971
7290111353123,false,"גומי נחש מסוכר 200 גר' וסטהיים (כש""לפ בית יוסף)",טופגם תעשיות ממתקים,IL,יוגטה סוכריות גומי נ,גרמים,200.00,100 גרם,false,,7.90,0.0395,true,1,217972
7290111353239,false,"גומי יין 200 גר' וסטהיים (כש""לפ בית יוסף)",טופגם תעשיות ממתקים,IL,יוגטה סוכריות גומי י,גרמים,200.00,100 גרם,false,,7.90,0.0395,true,1,217979
7290111353376,false,שקית סוכריות מנטוס בטעם מנטה 100 יח',פרפטי ואן מלה ברדה,NL,סוכריות מנטוס שמחות,יחידה,0.00,יחידה,false,,13.90,0.0000,true,1,220329
7290111353383,false,שקית סוכריות מנטוס בטעם תות 100 יח',פרפטי ואן מלה ברדה,NL,סוכריות מנטוס שמחות,יחידה,0.00,יחידה,false,,13.90,0.0000,true,1,220330
7290111353437,false,חטיף בטטה ומלח ים 120 גרם הוט פופ,איץ.סיי גרופ אס.דה א,HN,חטיף בטטה ומלח ים 12,גרמים,120.00,100 גרם,false,,14.90,0.1242,true,1,221400
7290111353451,false,חטיף בירקות שורש ומלח ים הוטפופ 120 גרם,איץ.סיי גרופ אס.דה א,HN,חטיף ירקות שורש ומלח,גרמים,120.00,100 גרם,false,,14.90,0.1242,true,1,221402
7290111353482,false,יוגטה סוכריות חמוצות ממלאות בטעמי פירות 200 ג',סאדאט,TR,סוכריות חמוצות ממולא,גרמים,200.00,100 גרם,false,,8.90,0.0445,true,1,223927
7290111353550,false,ממרח חמאת בוטנים טבעית 300 גרם,J&G קיסריה,IL,חמאת בוטנים טבעית 30,גרמים,300.00,100 גרם,false,,15.90,0.0530,true,1,221403
7290111354588,false,מנטוס קלמר 30 סוכריות טעם תות,פרפטי ואן מלה,DE,קלמר מנטוס עם סוכריו,יחידה,1.00,יחידה,false,,19.90,19.9000,true,1,262494
7290111354748,false,כדורגל קליית גת מתנה,,CN,כדורגל קלית גת,יחידה,0.00,יחידה,false,,19.90,0.0000,true,1,267906
7290111563492,false,סלטי צבר מטבוחה חריפה מרובע 6*400גרם,סלטי צבר,IL,צבר מטבוחה חריפה מרו,גרמים,400.00,100 גרם,false,,12.90,0.0323,true,1,183475
7290111564239,false,מאגדת מיני קראנץ וניל 5 יח' נסטלה,גלידות נסטלה (נגה גל,IL,מיני קראנץ' וניל 5 י,יחידה,0.00,יחידה,false,,27.90,0.0000,true,1,207046
7290111564277,false,פריכיות דקות ונימוחות 3 דגנים פיטנס Fitness,פרח תעשיות,IL,אסם פיטנס פריכיות 3,יחידה,0.00,יחידה,false,,11.90,0.0000,true,1,174513
7290111564291,false,פריכיות דקות ונימוחות 3 דגנים וקינואה פיטנס Fitness,פרח תעשיות,IL,אסם פיטנס פריכיות דק,גרמים,120.00,100 גרם,false,,11.90,0.0992,true,1,174514
7290111564666,false,כדורי בשר צמחוניים עם המון חלבון,טבעול ישראל,IL,טבעול כדורי בשר מן ה,גרמים,500.00,100 גרם,false,,29.90,0.0598,true,1,180000
7290111566127,false,מאגדת אוראו מיני סנדוויץ' 6 יח' נסטלה,ג'נרל מילס סאן אדריא,IT,אוראו מיני סנדווץ' 6,יחידה,0.00,יחידה,false,,21.90,0.0000,true,1,207047
7290111566226,false,טבעול שניצל ברוקולי 664 גרם,עיצובים 2020 (4.8),IL,טבעול שניצל ברוקולי,גרמים,667.00,100 גרם,false,,29.90,0.0448,true,1,180047
7290111566240,false,שניצל דק מן הצומח בטעם צ'ילי חריף 700 גרם,עיצובים 2020 (4.8),IL,טבעול שניצל דק בטעם,גרמים,564.00,100 גרם,false,,29.90,0.0530,true,1,180048
7290111566271,false,טבעול חטיפי תירס 657גרם,עיצובים 2020 (4.8),IL,טבעול חטיפי תירס 657,גרמים,657.00,100 גרם,false,,29.90,0.0455,true,1,180031
7290111566318,false,שניצל דק מן הצומח בטעם ביתי 700 גרם,עיצובים 2020 (4.8),IL,טבעול שניצל דק מן הצ,גרמים,564.00,100 גרם,false,,29.90,0.0530,true,1,180044
7290111566332,false,"נקניקיות וינר מן הצומח 680 גרם ""טבעול""",עיצובים 2020 (4.8),IL,טבעול נקניקיות וינר,גרמים,680.00,100 גרם,false,,29.90,0.0440,true,1,180049
7290111566417,false,טבעול טחון מן הצומח משופר 400 גרם,עיצובים 2020 (4.8),IL,טבעול טחון צמחני 500,גרמים,500.00,100 גרם,false,,29.90,0.0598,true,1,180061
7290111566547,false,טבעול חזה בגריל צמחוני 99 קלוריות 560ג',עיצובים 2020 (4.8),IL,טבעול חזה בגריל צמחו,גרמים,560.00,100 גרם,false,,29.90,0.0534,true,1,180055
7290111566561,false,"שניצל ברוקולי 99 קלוריות 560 גר' ""טבעול""",עיצובים 2020 (4.8),IL,טבעול שניצל ברוקולי,גרמים,560.00,100 גרם,false,,29.90,0.0534,true,1,180056
7290111566585,false,"שניצל צמחוני 99 קלוריות 650 גר' ""טבעול""",עיצובים 2020 (4.8),IL,טבעול שניצל צמחוני 9,גרמים,600.00,100 גרם,false,,29.90,0.0498,true,1,180057
7290111566660,false,טבעול קציצות עדשים כתומות 525 גרם,עיצובים 2020 (4.8),IL,טבעול קציצות עדשים כ,גרמים,530.00,100 גרם,false,,29.90,0.0564,true,1,180050
7290111566691,false,"שניצל תרד 99 קלוריות 560 גרם ""טבעול""",עיצובים 2020 (4.8),IL,טבעול שניצל תרד 99 ק,גרמים,560.00,100 גרם,false,,29.90,0.0534,true,1,180058
7290111566714,false,טבעול המבורגר צמחוני 99 קלוריות 600 גר',עיצובים 2020 (4.8),IL,טבעול המבורגר צמחוני,גרמים,600.00,100 גרם,false,,29.90,0.0498,true,1,180059
7290111566752,false,טבעול שניצל תירס 99 קלוריות 693 גר',עיצובים 2020 (4.8),IL,טבעול שניצל תירס 99,גרמים,693.00,100 גרם,false,,29.90,0.0431,true,1,180054
7290111566776,false,"נקניקיות קוקטייל מן הצומח 680 גרם ""טבעול""",עיצובים 2020 (4.8),IL,טבעול נקניקיות קוקטי,גרמים,680.00,100 גרם,false,,29.90,0.0440,true,1,180052
7290111568206,false,ביסלי פארטי מיקס 150 ג' אסם,פרו מן יו פתרונות אר,IL,אסם ביסלי פארטי מיקס,גרמים,150.00,100 גרם,false,,9.90,0.0660,true,1,235547
7290111568251,false,אטריות נודלס להקפצה אסם אסייתי 350 גר',תאי פרזידנטפוד,TH,אסם נודלס איטריות לה,גרמים,350.00,100 גרם,false,,10.90,0.0311,true,1,183458
7290111568961,false,אסם בייגלה טבעות מלח 400 גרם,אסם,IL,אסם בייגלה טבעות מלח,גרמים,400.00,100 גרם,false,,10.90,0.0273,true,1,183549
7290111873140,false,נרות מטה כוכבים - פרוזן,סודי,CN,נרות מטה כוכבים פרוז,יחידה,0.00,יחידה,false,,6.00,0.0000,true,1,199854
7290111873614,false,קערה במבוק כח פי ג'יי,,,קערה במבוק - כוח פי,יחידה,0.00,יחידה,false,,12.90,0.0000,true,1,184017
7290111874307,false,כובעים ליום הולדת 6,,,כובעים ליום הולדת 6,יחידה,0.00,יחידה,false,,10.00,0.0000,true,1,218229
7290111874482,false,מנשפים 6 יח - סמי הכ,,,מנשפים 6 יח - סמי הכ,יחידה,0.00,יחידה,false,,10.00,0.0000,true,1,225699
7290111930799,false,קראנצ'וס טעם בצל 55גר,קראנצ'וס,IL,קראנצוס בצל 70 גרם,יחידה,0.00,יחידה,false,,3.90,0.0000,true,1,178378
7290111930850,false,קראנצ'וס טעם פיצה 55גר',קראנצ'וס,IL,קראנצוס פיצה 70 גרם,יחידה,0.00,יחידה,false,,3.90,0.0000,true,1,178380
7290111930898,false,חטיף פוף כוכבים גריל אמריקאי 40 גרם,פוף POOF,IL,פוף כוכבים גריל אמרי,יחידה,0.00,יחידה,false,,3.90,0.0000,true,1,179162
7290111930904,false,חטיף פוף כוכבים בצל 40 גרם,פוף POOF,IL,פוף כוכבים בצל 40 גר,יחידה,0.00,יחידה,false,,3.90,0.0000,true,1,179163
7290111930911,false,חטיף פוף לבבות קלאסי 40 גרם,פוף POOF,IL,פוף לבבות קלאסי 40 ג,יחידה,0.00,יחידה,false,,3.90,0.0000,true,1,179164
7290111930928,false,חטיף פוף לבבות גריל 40 גרם,פוף POOF,IL,פוף לבבות רגיל 40 גר,יחידה,0.00,יחידה,false,,3.90,0.0000,true,1,179165
7290111930935,false,חטיף פוף טבעות קלאסי 40 גרם,פוף POOF,IL,פוף לבבות קלאסי 40 ג,יחידה,0.00,יחידה,false,,3.90,0.0000,true,1,179166
7290111931321,false,"קולגייט מיניונים משחת שיניים ילדים 6+ 50 מ""ל",קולגייט Colgate,PL,קולגייט משחת ילדים מ,יחידה,0.00,יחידה,false,,12.90,0.0000,true,1,183888
7290111932380,false,"מרידול משחת שיניים מארז 75X2מ""ל כשל""פ",GABA LOER GER,DE,מרידול מארז זוג 75 מ,יחידה,0.00,יחידה,false,,29.90,0.0000,true,1,193070
7290111932502,false,"משחת שיניים קולגייט אופטיק וייט אקספרט וויט 75 מ""ל",קולגייט Colgate,MX,קולגייט אופטיק ווייט,מיליליטרים,75.00,"100 מ""ל",false,,29.90,0.3987,true,1,186643
7290111933462,false,"רוטב צ'ילי מתוק מאסטר שף 300 מ""ל",סיטי פוד,TH,מאסטר שף רוטב צילי מ,מיליליטרים,300.00,"100 מ""ל",false,,9.90,0.0330,true,1,182168
7290111933509,false,שקדי מרק מנה 300 גרם,מנה,,מנה שקדי מרק 300 גרם,גרמים,300.00,100 גרם,false,,5.90,0.0197,true,1,184624
7290111933561,false,מאסטר שף תערובת ציפוי נגטס 250 גרם,טסט וסנט קו.לטד,TH,מנה תערובת ציפוי נגט,גרמים,250.00,100 גרם,false,,7.90,0.0316,true,1,195392
7290111935527,false,"מ. שיניים קולגייט טוטל קלין מיניט -זוג כשל""פ2*100 גרם",קיטים,PL,קולגייט טוטל קלין מי,יחידה,0.00,יחידה,false,,32.90,0.0000,true,1,193077
7290111935800,false,דאו ליידי ספיד סטיק דרמה ויטמין אי 45 גר,ליידי ספיד סטיק Lady Speed Stick,US,ליידי ספיד סטיק דרמה,יחידה,0.00,יחידה,false,,19.90,0.0000,true,1,197377
7290111935824,false,ליידי ספיד סטיק אומגה 3 דרמה סטיק 45 ג',Colgate - USA,US,ליידי ספיד סטיק דרמה,יחידה,0.00,יחידה,false,,19.90,0.0000,true,1,200132
7290111935961,false,מאסטר שף מחית עגבניות 690 גרם,פראנו אנריקו ופיגלי,IT,מאסטר שף מחית עגבניו,גרמים,690.00,100 גרם,false,,11.90,0.0172,true,1,196116
7290111936296,false,"פלמוליב סבון נוזלי בניחוח סנסיישן מסאז' ,750 מ""ל",קולגייט פלמוליב,TR,פלמוליב ארומה סנסייש,מיליליטרים,750.00,"100 מ""ל",false,,19.90,0.0265,true,1,196709
7290111936784,false,פרי מארז חטיפים 5 יחידות תמרים ואגוזי לוז כשלפ,טבעית מוצרים מן הטבע,IL,פרי מארז חטיפים תמרי,יחידה,0.00,יחידה,false,,16.90,0.0000,true,1,194390
7290111937095,false,"ליידי ספיד סטיק דרמה רול און אלוורה 50 מ""ל",ליידי ספיד סטיק Lady Speed Stick,MX,ליידי ספיד סטיק דרמה,יחידה,0.00,יחידה,false,,19.90,0.0000,true,1,220262
7290111937231,false,פרי מארז חטיפים 5 יחידות תמרים וקוקוס כשלפ,טבעית מוצרים מן הטבע,IL,פרי מארז חטיפים תמרי,יחידה,0.00,יחידה,false,,16.90,0.0000,true,1,194392
7290111937248,false,פרי מארז חטיפים 5 יחידות תמרים קשיו ונגיעות לוז כשלפ,הדקלאים אגודת שיתופי,IL,פרי מארז חטיפים תמרי,יחידה,0.00,יחידה,false,,16.90,0.0000,true,1,194393
7290111937255,false,פרי מארז חטיפים 5 יחידות תמרים בוטנים ואגוזי לוז כשלפ,טבעית מוצרים מן הטבע,IL,פרי מארז חטיפים תמרי,יחידה,0.00,יחידה,false,,16.90,0.0000,true,1,194394
7290111937262,false,"פרי מארז חטיפי 5יח תמרים ,אגוזים ושברי קקאו 125גר",טבעית מוצרים מן הטבע,IL,פרי מארז חטיפים תמרי,יחידה,0.00,יחידה,false,,16.90,0.0000,true,1,194395
7290111938481,false,"רוטב סויה בהירה מאסטר שף 300 מ""ל",מאסטר שף,TH,מאסטר שף רוטב סויה ב,מיליליטרים,300.00,"100 מ""ל",false,,9.90,0.0330,true,1,208671
7290111938498,false,"מנה אסייאתי רוטב סויה בהירה 700 מ""ל מ.שף",קי.אר.אס. ספייסי פוד,TH,מאסטר שף אסייאתי רוט,מיליליטרים,700.00,"100 מ""ל",false,,14.90,0.0213,true,1,202999
7290111939174,false,קוקי ניילון נצמד עם גומי מידה לארג,קוקי,CN,קוקי ניילון נצמד עם,יחידה,0.00,יחידה,false,,10.90,0.0000,true,1,204263
7290111939181,false,קוקי כיסוי ניילון עם גומי מיקס מידות,שסטוביץ,CN,קוקי ניילון נצמד עם,יחידה,0.00,יחידה,false,,10.90,0.0000,true,1,204264
7290112000149,false,אירוויק מפיץ אדים אוטמטי מכשיר +מחלוי יסמין,RB הונגריה,HU,אירוויק מפיץ אדים קו,יחידה,0.00,יחידה,false,,49.90,0.0000,true,1,220472
7290112000163,false,מילוי למפזר אדים בניחוח יסמין ואדמונית,איירוויק Air Wick,HU,איירויק מילוי מפיץ א,יחידה,0.00,יחידה,false,,19.90,0.0000,true,1,267805
7290112000293,false,"גל לניקוי אסלות סיליט באנג מרענן 750 מ""ל",סיליט באנג Cillit Bang,PL,סיליט ג'ל אסלות פרש,מיליליטרים,750.00,"100 מ""ל",false,,9.90,0.0132,true,1,179672
7290112000385,false,מנקה ומחטא עוצמתי למטבח ללא אקונומיקה,רקיט בנקיזר,PL,דטול תרסיס למטבח 750,מיליליטרים,750.00,"100 מ""ל",false,,14.90,0.0199,true,1,187889
7290112000392,false,מנקה ומחטא עוצמתי לחדר האמבטיה ללא אקונומיקה,רקיט בנקיזר,PL,דטול תרסיס לאמבטיה 7,מיליליטרים,750.00,"100 מ""ל",false,,14.90,0.0199,true,1,187890
7290112000408,false,מנקה ומחטא עוצמתי לניקוי כללי בניחוח לימון,רקיט בנקיזר,US,דטול תרסיס לניקוי כל,מיליליטרים,750.00,"100 מ""ל",false,,14.90,0.0199,true,1,187891
7290112000729,false,ויט קרם להסרת שיער לגבר 200 מל,רקיט בנקיזר צרפת,FR,"ויט לגבר קרם 200 מ""ל",יחידה,0.00,יחידה,false,,54.90,0.0000,true,1,184047
7290112000736,false,פיניש טבליות aio 80 יח אריזת חסכון,רקיט בנקיזר,IL,פיניש 80 טבליות AIO,יחידה,0.00,יחידה,false,,59.90,0.0000,true,1,184045
7290112000798,false,"דיטול תרסיסי חיטוי וניקוי אנטי בקטריאלי 750 מ""ל",רקיט בנקיזר,US,דטול תרסיס חיטוי אנט,מיליליטרים,750.00,"100 מ""ל",false,,14.90,0.0199,true,1,187892
7290112001221,false,מנקה מכונת כביסה בניחוח נקי ורענן,רקיט בנקיזר,PT,קולון מנקה מכונה רגי,מיליליטרים,250.00,"100 מ""ל",false,,19.90,0.0796,true,1,187884
7290112001238,false,"מנקה מכונת כביסה קולון לימון 250 מ""ל",רקיט בנקיזר,ES,קולון מנקה מכונה לימ,מיליליטרים,250.00,"100 מ""ל",false,,19.90,0.0796,true,1,187885
7290112001436,false,"פיניש מנקה מדיח כלים בניחוח לימון 250 מ""ל",רקיט בנקיזר,PL,פיניש מנקה מדיח בניח,מיליליטרים,250.00,"100 מ""ל",false,,14.90,0.0596,true,1,202354
7290112001870,false,"סיליט באנג ספריי ניקוי אמבטיה 750 מ""ל",רקיט בנקיזר,PL,סיליט באנג אמבטיות 7,מיליליטרים,750.00,"100 מ""ל",false,,13.90,0.0185,true,1,201041
7290112002044,false,טבליות פיניש מנקה מדיח 3 יח,רקיט בנקיזר,PL,פיניש מנקה מדיח טבלי,יחידה,0.00,יחידה,false,,19.90,0.0000,true,1,197628
7290112002136,false,ג'ל כביסה מרוכז קולון 101 קלאסי,רקיט בנקיזר,IL,קולון גל רגיל כחול 4,ליטרים,4.00,ליטר,false,,34.90,8.7250,true,1,200661
7290112002143,false,ג'ל כביסה מרוכז קולון 101 בניחוח לילך,רקיט בנקיזר,IL,קולון גל לילך סגול 4,ליטרים,4.00,ליטר,false,,34.90,8.7250,true,1,200662
7290112002150,false,ג'ל כביסה מרוכז קולון 101 בניחוח ורדים,רקיט בנקיזר,IL,קולון גל בניחוח ורדי,ליטרים,4.00,ליטר,false,,34.90,8.7250,true,1,200660
7290112002167,false,ג'ל כביסה מרוכז קולון 101 בניחוח פריחה מרענן,רקיט בנקיזר,IL,קולון גל בניחוח פריח,ליטרים,4.00,ליטר,false,,34.90,8.7250,true,1,200663
7290112002235,false,איירויק פחית גל בניחוח ורדים,רקיט בנקיזר,CN,איירוויק פחית גל ורד,יחידה,0.00,יחידה,false,,4.90,0.0000,true,1,200671
7290112002457,false,דטול - שלישיית מגבונים לניקוי וחיטוי בניחוח לימון,רקיט בנקיזר,PL,דטול מגבונים חיטוי ו,יחידה,0.00,יחידה,false,,24.90,0.0000,true,1,220299
7290112002983,false,מרסס סיליט חומצת לימון לניקוי כללי 750מל,רקיט בנקיזר,PL,סיליט ניקוי כללי לימ,יחידה,0.00,יחידה,false,,13.90,0.0000,true,1,211514
7290112002990,false,"סיליט ספריי אבקת סודה להסרת שומנים 750 מ""ל",רקיט בנקיזר,PL,סיליט הסרת שומנים א.,יחידה,0.00,יחידה,false,,13.90,0.0000,true,1,211515
7290112003140,false,"אירוויק ספרי אוטמטי מילוי מנגו מרענן 250 מ""ל",RECKITT BENCKISER UK,GB,איירוויק פרשמטיק מי,מיליליטרים,250.00,"100 מ""ל",false,,14.90,0.0596,true,1,244984
7290112003188,false,קולון קפסולות גל לכביסה 60 יחידות,רקיט בנקיזר,IT,קולון קפסולות ג'ל לכ,יחידה,0.00,יחידה,false,,56.90,0.0000,true,1,218713
7290112003232,false,אבקת כביסה בניחוח לבנדר קולון 5 ק''ג,זוהר דליה,,קולון אבקת כביסה לבנ,יחידה,0.00,יחידה,false,,39.90,0.0000,true,1,214154
7290112003461,false,איירוויק בוטניקה מקלות ריחניים בניחוח ור,רקיט בנקיזר,HU,אירוויק מקלות ריחניי,יחידה,0.00,יחידה,false,,29.90,0.0000,true,1,220960
7290112003478,false,"איירוויק ספריי נטול גז אננס ורוזמרין 236 מ""ל",רקיט בנקיזר,PL,אירוויק ספריי אננס ו,יחידה,0.00,יחידה,false,,19.90,0.0000,true,1,220961
7290112003508,false,"איירוויק ספריי נטול גז יער ועשבי בר 236 מ""ל",רקיט בנקיזר,PL,איירוויק ספריי יער ו,יחידה,0.00,יחידה,false,,19.90,0.0000,true,1,221757
7290112003515,false,איירוויק בוטניקה ספריי נטול גז בניחוח ור,רקיט בנקיזר,PL,אירוויק ספריי ורדים,יחידה,0.00,יחידה,false,,19.90,0.0000,true,1,220962
7290112003522,false,איירוויק בוטניקה נר ריחני בניחוח אננס ור,רקיט בנקיזר,CN,אירוויק נר ריחני אננ,יחידה,0.00,יחידה,false,,29.90,0.0000,true,1,220954
7290112003843,false,"קלגון גל אנטי בקטריאלי 750 מ""ל",RECKITT BENCKISER It,IT,קלגון ג'ל אנטי בקטר,יחידה,0.00,יחידה,false,,29.90,0.0000,true,1,235822
7290112004109,false,מטליות לחות לניקוי כללי וחיטוי בריח ליים ונענע- מארז,רקיט בנקיזר,PL,דטול מגבונים חיטוי ו,יחידה,0.00,יחידה,false,,24.90,0.0000,true,1,220298
7290112004185,false,"פיניש נוזל הברקה אקולוגי למדיח 400 מ""ל",רקיט בנקיזר,PL,פיניש נוזל הברקה אקו,יחידה,0.00,יחידה,false,,14.90,0.0000,true,1,239225
7290112004208,false,טבליות למדיח בניחוח לימון 50 יח' פיניש,RECKITT BENCKISER PR,PL,פיניש טבליות למדיח ה,יחידה,0.00,יחידה,false,,36.90,0.0000,true,1,239224
7290112004314,false,"דטול - תרסיס חיטוי וניקוי בניחוח לימון רימונים 750 מ""ל",רקיט בנקיזר,PL,דטול תרסיס מנקה ומחט,יחידה,0.00,יחידה,false,,14.90,0.0000,true,1,239227
7290112004413,false,ניש ספריי להסרת כתמים מבגדים לבנים 750 מ,רקיט בנקיזר,PL,וניש ספריי הסרת כתמי,יחידה,0.00,יחידה,false,,16.90,0.0000,true,1,256452
7290112004604,false,דטול - שלישיית מגבונים לניקוי וחיטוי בניחוח לימון רימונים,רקיט בנקיזר,PL,דטול מארז שלישיה מטל,יחידה,0.00,יחידה,false,,24.90,0.0000,true,1,239229
7290112004611,false,"וניש קליה ג'ל מרוכז לטיפול נקודתי בכתמים 200 מ""ל",רקיט בנקיזר,PT,וניש קליה פאואר ג'ל,מיליליטרים,200.00,"100 מ""ל",false,,16.90,0.0845,true,1,249359
7290112004703,false,וניש תוסף כביסה גל מרוכז-כביסה צבעונית,רקיט בנקיזר,IT,"וניש ג""ל שקוף ורוד",מיליליטרים,750.00,"100 מ""ל",false,,19.90,0.0265,true,1,266947
7290112004710,false,וניש תוסף כביסה גל מרוכז-כביסה לבנה,רקיט בנקיזר,IT,"וניש ג""ל שקוף לבן 7",מיליליטרים,750.00,"100 מ""ל",false,,19.90,0.0265,true,1,266949
7290112004772,false,אירוויק מילוי מבשם חשמלי כביסה באוויר,RECKITT BENCKISER HU,HU,איירוויק מילוי מבשם,יחידה,0.00,יחידה,false,,13.90,0.0000,true,1,260206
7290112004963,false,"פיניש אולטימייט קפסולות לניקוי כלים במדיח, 25 יחידות",רקיט בנקיזר,PL,פיניש אולטימייט 25,יחידה,0.00,יחידה,false,,39.90,0.0000,true,1,262063
7290112004970,false,פיניש קפסולות אולטימיט למדיח 50 יח',רקיט בנקיזר,IL,פיניש אולטימייט 50,יחידה,0.00,יחידה,false,,59.90,0.0000,true,1,262064
7290112004994,false,איירוויק מילוי אוטומטי יסמין מבשם אויר אטומטי,RB בריטניה,IL,איירוויק מילוי אוטומ,מיליליטרים,250.00,"100 מ""ל",false,,14.90,0.0596,true,1,256659
7290112005045,false,וניש מסיר כתמים אבקה לכביסה לבנה 480 גרם,רקיט בנקיזר,IT,וניש אבקה לכביסה לבנ,גרמים,480.00,100 גרם,false,,16.90,0.0352,true,1,260707
7290112005052,false,וניש תוסף כביסה רב תכליתי לבגדים לבנים,קליה וניש Kalia Vanish,IT,וניש אבקה לכביסה לבנ,גרמים,1500.00,100 גרם,false,,39.90,0.0266,true,1,260705
7290112005076,false,וניש תוסף כביסה רב תכליתי צבעוני 480 גרם,רקיט בנקיזר,IT,וניש אבקה לכביסה צבע,גרמים,480.00,100 גרם,false,,16.90,0.0352,true,1,260708
7290112005083,false,וניש תוסף כביסה רב תכליתי לכביסה צבעונית,קליה וניש Kalia Vanish,IT,וניש אבקה לכביסה צבע,גרמים,1500.00,100 גרם,false,,39.90,0.0266,true,1,260706
7290112005168,false,טבליות למדיח פיניש קוואנטום לימון 60 יח,רקיט בנקיזר,PL,פיניש קוואנטום לימון,יחידה,0.00,יחידה,false,,59.90,0.0000,true,1,262065
7290112192561,false,משחת שיניים whitening עם פלואוריד להגנה מלאה,ג'י.אס.קיי קונסיומר,IE,משחת שיניים פרודונטק,יחידה,0.00,יחידה,false,,34.90,0.0000,true,1,205191
7290112192578,false,משחת שיניים פרודונטקס אקסטרה פרש הגנה מלאה,ג'י.אס.קיי קונסיומר,IE,משחת שיניים פרודונטק,יחידה,0.00,יחידה,false,,34.90,0.0000,true,1,205192
7290112192875,false,"סנסודיין - משחת שיניים רגישות וחניכיים 75 מ""ל",סנסודיין Sensodyne,GB,משחת שיניים סנסודיין,יחידה,0.00,יחידה,false,,34.90,0.0000,true,1,205189
7290112192882,false,"סנסודיין - משחת שיניים רגישות וחניכיים מלבינה 75 מ""ל",ג'י.אס.קיי קונסיומר,GB,משחת שיניים סנסודיין,יחידה,0.00,יחידה,false,,34.90,0.0000,true,1,205190
7290112193278,false,"סטייל - שמפו מתולתלות לניקוי יסודי 600 מ""ל",א.ל. ארמן,IL,סטייל שמפו מתולתלות,יחידה,0.00,יחידה,false,,22.90,0.0000,true,1,260217
7290112193285,false,"סטייל - מרכך מתולתלות מגביר לחות 600 מ""ל",א.ל. ארמן,IL,סטייל מרכך מתולתלות,יחידה,0.00,יחידה,false,,22.90,0.0000,true,1,260218
7290112193292,false,"סטייל - מתולתלות מסכה לטיפול עמוק 500 מ""ל",א.ל. ארמן,IL,סטייל מסכה מתולתלות,יחידה,0.00,יחידה,false,,29.90,0.0000,true,1,260219
7290112197061,false,"סטייל - תחליב רחצה לניקוי וטיפוח הידיים ארגן 500 מ""ל",רנקסאן פלסטיק יאנגר,TR,סטייל תחליב רחצה מוע,מיליליטרים,500.00,"100 מ""ל",false,,11.90,0.0238,true,1,256072
7290112197078,false,"סטייל - תחליב רחצה לניקוי וטיפוח הידיים חמאת שיאה 500 מ""ל",רנקסאן פלסטיק יאנגר,TR,סטייל תחליב רחצה מוע,מיליליטרים,500.00,"100 מ""ל",false,,11.90,0.0238,true,1,256073
7290112330352,false,"יוגורט PRO בטעם וניל 0% , 20 גרם חלבון בגביע","שטראוס בריאות בע""מ",IL,דנונה פרו וניל 200 ג,גרמים,200.00,100 גרם,false,,5.90,0.0295,true,1,196436
7290112330390,false,יוגורט PRO בטעם פירות יער 0% 20 גרם חלבון בגביע,"שטראוס בריאות בע""מ",IL,דנונה פרו פירות יער,גרמים,200.00,100 גרם,false,,5.90,0.0295,true,1,196437
7290112330420,false,דנונה פרו לבן 2.9% שומן 150 ג',מיוצר עי קונדיטוריית,IL,דנונה פרו לבן 2.9%,מיליליטרים,150.00,"100 מ""ל",false,,4.60,0.0307,true,1,192811
7290112332585,false,"פריכיות תפו""א, אורז בתיבול סלק ומלח חי 30 גר'","פרח תעשיו מזון בע""מ",IL,"פריכיות תפו""א אורז ב",יחידה,0.00,יחידה,false,,5.90,0.0000,true,1,197157
7290112332691,false,פינוקיות עוגיות קרם פסק זמן אגוזים 200 גרם,הגביע מוצרי ופלים בע,IL,עוגיות קרם פסק זמן א,גרמים,200.00,100 גרם,false,,11.90,0.0595,true,1,198507
7290112332875,false,מסטיק מאסט קוביות בטעם מנטה עדינה 86 ג' עלית,שטראוס עלית,DE,מאסט קוביות מנטה עדי,יחידה,0.00,יחידה,false,,14.90,0.0000,true,1,196588
7290112332899,false,עלית - צנצנת בזוקה פופים קלאסי 58 גרם,רוג'ר אנד רוג'ר,IL,צנצנת בזוקה פופים קל,יחידה,0.00,יחידה,false,,9.90,0.0000,true,1,197158
7290112335050,false,מרשמלו וניל 150 גרם ווסטהים,טופגאם תעשיות ממתקים,IL,"מרשמלו קלאסי כשל""פ 1",גרמים,150.00,100 גרם,false,,6.90,0.0460,true,1,195005
7290112335111,false,מסטיק מאסט קוביות בזוקה ללא גלוטן 86 גר,שטראוס עלית,DE,מאסט קוביותבטעם בזוק,יחידה,0.00,יחידה,false,,14.90,0.0000,true,1,196590
7290112335487,false,פריכיות הטעימות קצח ודגנים אנרגי 135 גר,אנרג'י Energy - שטראוס,IL,הפריכיות הטעימות קצח,גרמים,135.00,100 גרם,false,,12.90,0.0956,true,1,196445
7290112335494,false,הפריכיות הטעימות תפוחי אדמה בטעם פוטטוס,"פרח תעשיות מזון בע""מ",IL,הפריכיות הטעימות פוט,גרמים,135.00,100 גרם,false,,12.90,0.0956,true,1,196446
7290112335500,false,"פרכיות אנרג'י חומוס,אורז,עדשים שחורות וקינואה 135 גרם",אנרג'י Energy - שטראוס,IL,הפריכיות הטעימות חלב,גרמים,135.00,100 גרם,false,,12.90,0.0956,true,1,196447
7290112336637,false,סוכריות מאסט Must ללא סוכר יוגורט תות ואוכניות,שטראוס גרופ,PL,סוכריות MUST ללא סוכ,יחידה,0.00,יחידה,false,,6.90,0.0000,true,1,200460
7290112336644,false,סוכריות מאסט ללא סוכר לימון 80 ג' עלית,שטראוס גרופ,PL,סוכריות MUST ללא סוכ,יחידה,0.00,יחידה,false,,6.90,0.0000,true,1,200461
7290112336651,false,סוכריות מאסט ללא סוכר ריבת חלב 80 ג' עלית,שטראוס גרופ,PL,סוכריות MUST ללא סוכ,יחידה,0.00,יחידה,false,,6.90,0.0000,true,1,200466
7290112336712,false,יוגורט PRO לבן 0% 21 גרם חלבון בגביע,"שטראוס בריאות בע""מ",IL,דנונה פרו 21 גרם חלב,גרמים,200.00,100 גרם,false,,5.90,0.0295,true,1,194270
7290112337474,false,סוכריות מאסט ללא סוכר פטל לימון 80 ג' עלית,שטראוס גרופ,PL,סוכריות MUST ללא סוכ,יחידה,0.00,יחידה,false,,6.90,0.0000,true,1,200462
7290112337481,false,סוכריות מאסט ללא סוכר קפצ''ינו 80 ג' עלית,שטראוס גרופ,PL,סוכריות MUST ללא סוכ,יחידה,0.00,יחידה,false,,6.90,0.0000,true,1,200467
7290112338877,false,מעדן גבינה בטעם תות 3% 125ג' סקי,"שטראוס בריאות בע""מ",IL,סקי גבינת תות 3% 125,גרמים,125.00,100 גרם,false,,3.90,0.0312,true,1,191046
7290112339171,false,מילקי מוס עם שוקולד וקצפת,מיוצר עי קונדיטוריית,IL,מילקי מוס עם שוקולד,יחידה,0.00,יחידה,false,,3.50,0.0000,true,1,225333
7290112339362,false,דנונה לייט אנד פריי בטעם קפוצ'ינו 150 גרם,דנונה - שטראוס,IL,דנונה לייט אנד פריי,גרמים,150.00,100 גרם,false,,4.60,0.0307,true,1,202074
7290112339867,false,גמדים לדרך גבינה לבנה עם מחית תות,שטראוס,IL,גמדים סקוויז תות בו,גרמים,100.00,100 גרם,false,,5.90,0.0590,true,1,192830
7290112339874,false,גמדים לדרך גבינה לבנה עם מחיות תות ובננה,שטראוס,IL,גמדים סקוויז תות בננ,גרמים,100.00,100 גרם,false,,5.90,0.0590,true,1,192831
7290112340122,false,פריכיות טעימות 3 דגנים אנרגי 135 גר,אנרג'י Energy - שטראוס,IL,הפריכיות הטעימות 3 ד,גרמים,135.00,100 גרם,false,,12.90,0.0956,true,1,196450
7290112340252,false,צנצנת מסטיק מאסט בטעם אבטיח מלון 66 ג' עלית,"שטראוס גרופ בע""מ",IL,מאסט צנצנת בטעם אבטי,יחידה,0.00,יחידה,false,,9.80,0.0000,true,1,195469
7290112340276,false,פינוקיות עוגיות קרם קפה 200 גרם,הגביע מוצרי ופלים בע,IL,עוגיות קרם קפה נמס 2,גרמים,200.00,100 גרם,false,,11.90,0.0595,true,1,198513
7290112341556,false,אקטיביה עם צ'יה ותות 150 ג' דנונה,דנונה - שטראוס,IL,אקטיביה עם צ'יה ותות,גרמים,150.00,100 גרם,false,,4.60,0.0307,true,1,200478
7290112341679,false,דנונה אקטיביה 3% שומן 200 גרם,מיוצר עי קונדיטוריית,IL,אקטיביה 3% 200 גרם,גרמים,200.00,100 גרם,false,,3.70,0.0185,true,1,200433
7290112341686,false,מארז אקטיביה שמיניה 3% 150 גר*8,מיוצר עי קונדיטוריית,IL,מארז אקטיביה שמינייה,יחידה,0.00,יחידה,false,,21.90,0.0000,true,1,200437
7290112342102,false,סימפוניה גבינה במרקם שמנת בצל מקורמל 5%,"שטראוס בריאות בע""מ",IL,סימפוניה בצל מקורמל,גרמים,200.00,100 גרם,false,,10.90,0.0545,true,1,203801
7290112342270,false,קפה פלטינום אינטנס מחוזק ב- 10% אספרסו,שטראוס קפה בי.וי,IL,פלטינום אינטנס 10% א,גרמים,125.00,100 גרם,false,,21.90,0.1752,true,1,199005
7290112343260,false,"יטבתה רוטב שמנת קלאסי 9% שומן 260 מ""ל",שטראוס גרופ,IL,יטבתה רוטב שמנת קלאס,גרמים,260.00,100 גרם,false,,10.50,0.0404,true,1,203192
7290112343420,false,"משקה חלב עם דגנים מלאים ובננה פרו יטבתה 350מ""ל",מחלבת יטבתה,IL,יטבתה פרו ארוחת בוקר,מיליליטרים,350.00,"100 מ""ל",false,,7.90,0.0226,true,1,203195
7290112343499,false,חטיף צ'יטוס פאפס אפוי בטעם גבינה,"שטראוס פריטו ליי בע""",IL,צ'יטוס בטעם גבינה 55,יחידה,0.00,יחידה,false,,3.10,0.0000,true,1,243022
7290112343512,false,ציטוס 160 גרם 9 יחידות puffs,"שטראוס פריטו ליי בע""",IL,ציטוס בטעם גבינה 160,גרמים,160.00,100 גרם,false,,7.90,0.0494,true,1,243023
7290112344564,false,רביולי גבינה קלאסי שטראוס 400 ג',מיוצר עי קונדיטוריית,IL,שטראוס רביולי גבינה,גרמים,400.00,100 גרם,false,,20.90,0.0522,true,1,200235
7290112344724,false,מעדן בטעם שוקולד בלונדי 170 ג' מילקי,מיוצר עי קונדיטוריית,IL,מילקי בטעם שוקולד בל,יחידה,0.00,יחידה,false,,3.50,0.0000,true,1,248908
7290112344755,false,מילקי שוקולד 26% פחות סוכר 135 גרם,מיוצר עי קונדיטוריית,IL,מילקי עם 26% פחות סו,מיליליטרים,170.00,"100 מ""ל",false,,2.90,0.0171,true,1,221536
7290112344786,false,קפה פלטינום קלאסיק 200 ג' עלית,הנסיך- מפעל לייצור ט,IL,פלטינום קלאסיק 200 ג,גרמים,200.00,100 גרם,false,,25.90,0.1295,true,1,206263
7290112344953,false,סימפוניה חציל קלוי גבינה במקרם שמנת 5%,"שטראוס בריאות בע""מ",IL,סימפוניה חציל קלוי 2,גרמים,200.00,100 גרם,false,,10.90,0.0545,true,1,229107
7290112346360,false,בפלות אחת אחת ופל בטעם שוקולד מצופה שוקולד,הגביע מוצרי וופלים ב,GR,בפלות אחת אחת בציפוי,גרמים,180.00,100 גרם,false,,14.90,0.0828,true,1,204108
7290112346537,false,עוגיות פינוקיות בטעם טורטית 200 ג' עלית,הגביע מוצרי ופלים בע,IL,פינוקיות בטעם טורטית,גרמים,200.00,100 גרם,false,,11.90,0.0595,true,1,203191
7290112346629,false,דנונה בר יוגורט+קורנפלקס מצופה שוקולד חלב ולבן 172 גרם,דנונה - שטראוס,IL,יוגרט עם קורנפלקס מצ,מיליליטרים,183.00,"100 מ""ל",false,,4.50,0.0246,true,1,211592
7290112346773,false,יוגורט בטעם וניל 0% לייט אנד פרי 10 גרם חלבון בגביע,מיוצר עי קונדיטוריית,IL,דנונה לייט אנד פריי,גרמים,150.00,100 גרם,false,,4.60,0.0307,true,1,225081
7290112346797,false,יוגורט אקטיביה שיבולת שועל ושזיף 150 גרם,מיוצר עי קונדיטוריית,IL,אקטיביה שובולת שועל,גרמים,150.00,100 גרם,false,,4.60,0.0307,true,1,209042
7290112346827,false,אקטימל ויטמין c פטל שמינייה 864 גרם,שטראוס גרופ,IL,אקטימל שמינייה טבעי,מיליליטרים,800.00,"100 מ""ל",false,,19.90,0.0249,true,1,268192
7290112347008,false,גמדים לדרך גבינה לבנה עם מחית תות ושיבולת שועל,מיוצר עי קונדיטוריית,IL,גמדים סקוויז ארוחת ב,גרמים,100.00,100 גרם,false,,5.90,0.0590,true,1,203200
7290112347473,false,דנונה לייט אנד פריי תות ואפרסק מאגדת 8 יח' * 150 ג',מיוצר עי קונדיטוריית,IL,מארז לייט אנד פריי ת,יחידה,0.00,יחידה,false,,27.90,0.0000,true,1,202083
7290112348142,false,שעועית לבנה 380 גר' בקופסה טעם הטבע,שטראוס טעם הטבע,IT,שעועית לבנה 380 גרם,גרמים,380.00,100 גרם,false,,6.90,0.0182,true,1,209366
7290112348616,false,עלית - קפה נמס אגוזי לוז 100 גרם,,IL,קפה נמס אגוזי לוז 10,יחידה,0.00,יחידה,false,,17.90,0.0000,true,1,268191
7290112348999,false,פריכיות טעימות תירס דקות 135 גרם,פרח תעשיות,IL,פריכיות טעימות תירס,גרמים,135.00,100 גרם,false,,12.90,0.0956,true,1,221527
7290112349316,false,מסטיק בזוקה פופים ממולא בטעם תות ללא סוכר,רוג'ר אנד רוג'ר,DE,בזוקה ביג פופים בטעם,יחידה,0.00,יחידה,false,,14.90,0.0000,true,1,208804
7290112349606,false,מעדן גבינה ויוגורט תות בננה 88 ג' דניאלה,"שטראוס בריאות בע""מ",IL,דניאלה תות בננה 88 מ,יחידה,0.00,יחידה,false,,4.10,0.0000,true,1,248912
7290112349705,false,פומודורו רוטב עגבניות קלאסי לפסטה 350 גר' יד מרדכי,אמיליאנה קונסרב סוסי,IT,פומודורו רוטב עגבניו,גרמים,350.00,100 גרם,false,,12.90,0.0369,true,1,204120
7290112349736,false,בזיליקום רוטב עגבניות לפסטה 350 גר' יד מרדכי,אמיליאנה קונסרב סוסי,IT,בזיליקום רוטב עגבניו,גרמים,350.00,100 גרם,false,,12.90,0.0369,true,1,204112
7290112349750,false,פיצה רוטב עגבניות לפיצה 350 גר' יד מרדכי,אמיליאנה קונסרב ס.פ.,IT,פיצה רוטב עגבניות לפ,גרמים,350.00,100 גרם,false,,12.90,0.0369,true,1,204121
7290112349897,false,מסטיק מאסט Must קוביות בטעם מנטה ללא סוכר,רוג'ר אנד רוג'ר,DE,מאסט קוביות מנטה 86,יחידה,0.00,יחידה,false,,14.90,0.0000,true,1,209080
7290112349903,false,רוטב שמנת עם גרגירי וניל 9% שומן 260 ג' יטבתה,מחלבת יטבתה,IL,יטבתה רוטב שמנת עם ג,גרמים,260.00,100 גרם,false,,10.50,0.0404,true,1,257704
7290112350275,false,קפסולות לונגו למכונות נספרסו 55 גר,שטראוס קפה בי.וי,IL,קפסולות לונג למוכונו,יחידה,0.00,יחידה,false,,16.90,0.0000,true,1,207612
7290112350312,false,קפסולות 15 קפה יותר למכונות נספרסו עלית 10יח',הנסיך- מפעל לייצור ט,IL,קפסולות 15 למכונות נ,יחידה,0.00,יחידה,false,,16.90,0.0000,true,1,214644
7290112350589,false,ציקו אבקה להכנת משקה ציקוריה 65 גר,שטראוס קפה בי.וי,IL,צ'יקו 65 גרם,יחידה,0.00,יחידה,false,,13.90,0.0000,true,1,232154
7290112351067,false,סילאן טבעי 100% תמר מג'הול ללא תוספת סוכר,יד מרדכי,IL,סילאן טבעי לחיץ 630,גרמים,630.00,100 גרם,false,,27.90,0.0443,true,1,209079
7290112351258,false,עוגיית קקאו פינוקיות שחור לבן 200 גר,הגביע מוצרי ופלים,IL,פינוקיות שחור לבן,גרמים,200.00,100 גרם,false,,11.90,0.0595,true,1,262014
7290112351524,false,עלי סלנובה 200 גר' שטראוס,שטראוס בריאות ירקות,IL,עלי חסה סלנובה,יחידה,0.00,יחידה,false,,11.90,0.0000,true,1,265229
7290112351753,false,שלישיית פסק זמן קראנ,STRAUSS-ISRAEL,,שלישיית פסק זמן קראנ,יחידה,0.00,יחידה,false,,14.90,0.0000,true,1,227607
7290112353887,false,"משקה קפה קר בטעם אגוזים יטבתה 230 מ""ל",האי נאם סי או אל.טי.,AT,משקה קפה קר בטעם אגו,מיליליטרים,230.00,"100 מ""ל",false,,7.90,0.0343,true,1,265296
7290112354174,false,"פסטה רוזה 280 ג""ר ""דלישס"" שטראוס","טרופיקל דגיל בע""מ אז",IT,"פסטה רוזה 280 ג""ר",יחידה,0.00,יחידה,false,,21.90,0.0000,true,1,243752
7290112354235,false,ברקטה פיצה - 2 יחידות במארז,סקרלינפיצה אס.אר.אל,IT,ברקטה פיצה,יחידה,0.00,יחידה,false,,25.90,0.0000,true,1,243758
7290112354945,false,חטיף תפוצ'יפס WAVY בטעם טבעי,שטראוס פריטו ליי בע”,IL,תפוצ'יפס טבעי 50 גרם,יחידה,0.00,יחידה,false,,3.50,0.0000,true,1,267917
7290112354952,false,חטיף תפוצ'יפס WAVY בטעם פפריקה,שטראוס פריטו ליי בע”,IL,תפוצ'יפס פפריקה 50 ג,יחידה,0.00,יחידה,false,,3.50,0.0000,true,1,267918
7290112354969,false,תפוצ'יפס בטעם טבעי 200 גרם היתר מכירה,שטראוס פריטו ליי בע”,IL,תפוציפס טבעי 200גר,גרמים,200.00,100 גרם,false,,9.90,0.0495,true,1,267915
7290112355027,false,דנונה פרו 20 גרם חלבון קרמל מלוח 200 גרם,"שטראוס בריאות בע""מ",IL,דנונה פרו בטעם קרמל,גרמים,200.00,100 גרם,false,,5.90,0.0295,true,1,221541
7290112355102,false,גמדים סקוויז 100 גרם פאוץ סלט פירות 100 גרם,"שטראוס בריאות בע""מ",IL,גמדים פאוץ סלט פירות,גרמים,100.00,100 גרם,false,,5.90,0.0590,true,1,224234
7290112355393,false,"יטבתה רוטב שמנת+בטטה 9% שומן 250 מ""ל",שטראוס גרופ,IL,יטבתה רוטב שמנת עם ב,גרמים,260.00,100 גרם,false,,10.50,0.0404,true,1,266976
7290112355812,false,מילקי טופ קורנפלקס 141 ג' שטראוס,"שטראוס גרופ בע""מ",IL,מילקי טופ קורנפלקס,מיליליטרים,141.00,"100 מ""ל",false,,4.50,0.0319,true,1,259526
7290112357045,false,עגבניות איטלקיות מרוסקות 390 גר' בקופסה טעם הטבע,שטראוס טעם הטבע,IT,עגבניות איטלקיות מרו,גרמים,390.00,100 גרם,false,,6.90,0.0177,true,1,209367
7290112357069,false,מחית עגבניות איטלקיות בקופסה 500 גר' טעם הטבע,שטראוס טעם הטבע,IT,מחית עגבניות איטלקיו,גרמים,500.00,100 גרם,false,,7.90,0.0158,true,1,209368
7290112357076,false,קוביות עגבניות איטלקיות 390 גר' בקופסה טעם הטבע,קונסרב איטליה,IT,קוביות עגבניות איטלק,גרמים,390.00,100 גרם,false,,6.90,0.0177,true,1,214645
7290112357083,false,טעם הטבע אפונה ירוקה 380 גרם קופסה,הדקלאים אגודת שיתופי,IT,אפונה איטלקית,יחידה,0.00,יחידה,false,,6.90,0.0000,true,1,209369
7290112357106,false,שעועית אדומה 380 גר' בקופסה טעם הטבע,שטראוס טעם הטבע,IT,שעועית אדומה ם,גרמים,380.00,100 גרם,false,,6.90,0.0182,true,1,209370
7290112357113,false,גרגרי חומוס בקופסה 380 גר' טעם הטבע,שטראוס טעם הטבע,IT,גרגרי חומוס 380 גרם,גרמים,380.00,100 גרם,false,,6.90,0.0182,true,1,209371
7290112357175,false,קפסולות בוסט למכונות נספרסו 50 גר,שטראוס קפה בי.וי,IL,קפסולות פוסט למוכונו,יחידה,0.00,יחידה,false,,16.90,0.0000,true,1,207583
7290112358004,false,פסק זמן קראנצ' עלית 32 גרם,שולן צ'יקולטה גידה ס,IL,פסק זמן קראנץ' 32 גר,יחידה,0.00,יחידה,false,,5.00,0.0000,true,1,220222
7290112358127,false,דנונה פרו חלבון+מגנזיום- וניל ועוגיות 200 גרם,מיוצר עי קונדיטוריית,IL,דנונה פרו 20 גרם עם,יחידה,0.00,יחידה,false,,6.90,0.0000,true,1,220250
7290112358219,false,יד מרדכי רוטב צ'ילי מתוק 300 גרם,אף.סי תבליני בגליל ב,IL,יד מרדכי רוטב צ'ילי,גרמים,300.00,100 גרם,false,,14.90,0.0497,true,1,213633
7290112358233,false,יד מרדכי רוטב צילי חריף 300גרם,"בית אל מזון בע""מ",IL,רוטב צילי חריף 300 ג,גרמים,300.00,100 גרם,false,,14.90,0.0497,true,1,214642
7290112358240,false,רוטב גריל יד מרדכי 300 גרם,"בית אל מזון בע""מ",IL,יד מרדכי רוטב גריל 3,גרמים,300.00,100 גרם,false,,14.90,0.0497,true,1,210932
7290112358257,false,רוטב לעוף עם שזיפים יד מרדכי 300 גרם,יד מרדכי,IL,יד מרדכי רוטב לעוף ע,גרמים,300.00,100 גרם,false,,14.90,0.0497,true,1,210933
7290112358431,false,עד חצות דאבל ביסקוויט עם שוקולד חלב -8 אריזות אישיות,הדקלאים אגודת שיתופי,IL,עד חצות דאבל 200 ג,גרמים,200.00,100 גרם,false,,18.90,0.0945,true,1,237220
7290112358554,false,מארז קפה נמס מנות אישיות לדרך 50.4 גר,שטראוס רומניה,RO,מארז נמס לדרך 50 גרם,יחידה,0.00,יחידה,false,,12.90,0.0000,true,1,214643
7290112359384,false,עלית - קפה נמס אלפחורס ריבת חלב 100 גרם,שטראוס,IL,קפה נמס אלפחורס ריבת,יחידה,0.00,יחידה,false,,17.90,0.0000,true,1,217611
7290112464088,false,מרית נירוסטה4*42.50,,,מרית נירוסטה4*42.50,יחידה,0.00,יחידה,false,,16.90,0.0000,true,1,215477
7290112464125,false,קרף 1 ליטר דגם אהבה,,,קרף 1 ליטר דגם אהבה,יחידה,0.00,יחידה,false,,10.00,0.0000,true,1,240992
7290112465863,false,תבנית סיליקון 12 שקע,,,תבנית סיליקון 12 שקע,יחידה,0.00,יחידה,false,,24.90,0.0000,true,1,215487
7290112466099,false,"סט 18 קרחונים ""יהלו",,,"סט 18 קרחונים ""יהלו",יחידה,0.00,יחידה,false,,5.90,0.0000,true,1,215819
7290112466884,false,נר אווירה ריחני בצנצ,,,נר אווירה ריחני בצנצ,יחידה,0.00,יחידה,false,,22.90,0.0000,true,1,229060
7290112468666,false,כוס תרמית נירוסטה דג,,,כוס תרמית נירוסטה דג,יחידה,0.00,יחידה,false,,14.90,0.0000,true,1,215844
7290112490032,false,"נמס בכוס תירס קנור בד""ץ, זוגי 22.5X2 גרם,",יוניליוור,IL,נמס בכוס תירס,יחידה,0.00,יחידה,false,,6.90,0.0000,true,1,186902
7290112490117,false,טבלת קליק XL אגוז וופל 85 ג' ורד הגליל!,יוניליוור ישראל מזון,IL,קליק טבלה וופל ואגוז,יחידה,0.00,יחידה,false,,5.90,0.0000,true,1,182752
7290112490209,false,נמס בכוס מרק עגבניות עם קרוטונים רכיבים טבעיים,אתר חיפה אבקות - Foo,IL,נמס בכוס עגבניות קרו,יחידה,0.00,יחידה,false,,6.90,0.0000,true,1,184517
7290112490216,false,נמס בכוס מרק עוף עם קרוטונים רכיבים טבעיים,אתר חיפה אבקות - Foo,IL,נמס בכוס ט.עוף קרוטו,יחידה,0.00,יחידה,false,,6.90,0.0000,true,1,184519
7290112490230,false,קנור מרק נמס בכוס אפונה רכיבים טבעיים,אתר חיפה אבקות - Foo,IL,נמס בכוס אפונה 50 גר,יחידה,0.00,יחידה,false,,6.90,0.0000,true,1,184520
7290112490582,false,חרדל צרפתי דיז'ון 350 גר'-הלמנס,הלמנס hellmann's,FR,הלמנס חרדל דיזון 350,גרמים,350.00,100 גרם,false,,14.90,0.0426,true,1,184514
7290112490650,false,קונפיטורה תות שדה 340 גרם-צנצנת,קונפיטורות לה-ארדניי,IL,קונפיטורה תות שדה 77,גרמים,340.00,100 גרם,false,,11.90,0.0350,true,1,184522
7290112490667,false,קונפיטורה משמש778 50% פרי 340 גר',אתר חיפה 778 - Food,IL,קונפיטורה 778 משמש 3,גרמים,340.00,100 גרם,false,,11.90,0.0350,true,1,184523
7290112490674,false,קונפיטורה דובדבנים 778 50% פרי 340 גר-,אתר חיפה 778 - Food,IL,קונפיטורה דובדבנים 7,גרמים,340.00,100 גרם,false,,11.90,0.0350,true,1,184524
7290112490698,false,קונפיטורה תות שדה לייט 300 גרם-צנצנת,אתר חיפה 778 - Food,IL,קונפיטורה לייט 778 ת,גרמים,260.00,100 גרם,false,,12.90,0.0496,true,1,184521
7290112490728,false,מרק עשיר ירקות עם בורגול רכיבים טבעיים 95 ג' קנור,יוניליוור ישראל מזון,IL,מרק עשיר ירקות בורגו,יחידה,0.00,יחידה,false,,12.90,0.0000,true,1,187026
7290112490735,false,מרק עשיר עגבניות פסטה ר.טבעי קנור 105ג',יוניליוור,IL,מרק עשיר עגבניות פסט,גרמים,105.00,100 גרם,false,,12.90,0.1229,true,1,187027
7290112490742,false,מרק עשיר פטריות עם גריסים רכיבים טבעיים 104 ג' קנור,יוניליוור,IL,מרק עשיר פטריות גריס,גרמים,104.00,100 גרם,false,,12.90,0.1240,true,1,187023
7290112490759,false,מרק עשיר עוף עם אטריות רכיבים טבעיים 74 ג' קנור,יוניליוור,IL,מרק עשיר עוף אטריות,יחידה,0.00,יחידה,false,,12.90,0.0000,true,1,187024
7290112490827,false,תרסיס ריחני למייבש הכביסה בדין בייבי 500,"זוהר דליה, קיבוץ דלי",IL,בדין למייבש כביסה בי,מיליליטרים,500.00,"100 מ""ל",false,,18.90,0.0378,true,1,187157
7290112490896,false,"קנור רוטב צ'ילי חריף 370 מ""ל PAL",אתר חיפה 778,IL,קנור רוטב צילי חריף,מיליליטרים,340.00,"100 מ""ל",false,,10.90,0.0321,true,1,192089
7290112491558,false,מאגדת שישייה שוקולד מריר פרווה,אתר צפת טבלאות ותעשי,IL,מאגדת שוקולד מריר שי,יחידה,0.00,יחידה,false,,19.90,0.0000,true,1,194315
7290112491701,false,ברנפלקס בטעם וניל מעודן 20% חלבון Extra Protein,יוניליוור ישראל מזון,IL,ברנפלקס חלבון 375 גר,גרמים,375.00,100 גרם,false,,22.00,0.0587,true,1,192086
7290112491770,false,בייגלה דקים דקים מלח ב.בייגל 300 גר',בייגל את בייגל מזון,IL,בייגל בייגלה דקים דק,גרמים,300.00,100 גרם,false,,9.90,0.0330,true,1,192087
7290112491787,false,בייגלה דקים דקים שומשום קלאסי 300 גרם,בייגל בייגל BB,IL,בייגל בייגלה דקים דק,גרמים,300.00,100 גרם,false,,9.90,0.0330,true,1,192088
7290112491794,false,בייגלה דקים דקים בטעם שמנת בצל 300 גרם,בייגל בייגל BB,IL,בייגל בייגלה דקים דק,גרמים,300.00,100 גרם,false,,9.90,0.0330,true,1,199035
7290112492449,false,פינוק שמפו שיער רגיל 700 מל-חדש,יוניליוור ישראל טיפו,IL,פינוק שמפו בתוספת תמ,מיליליטרים,700.00,"100 מ""ל",false,,13.90,0.0199,true,1,207433
7290112492456,false,"שמפו פינוק לשיער יבש/פגום 700 מ""ל",יוניליוור ישראל טיפו,IL,שמפו פינוק שיער יבש,מיליליטרים,700.00,"100 מ""ל",false,,13.90,0.0199,true,1,208178
7290112492463,false,"שמפו ומרכך פינוק 2 ב1 לשיער רגיל 700 מ""ל",יוניליוור ישראל טיפו,IL,פינוק 2ב1 לשיער רגיל,מיליליטרים,700.00,"100 מ""ל",false,,13.90,0.0199,true,1,208182
7290112492470,false,פינוק 2ב-1 שמפו ומרכך לשיער יבש ופגום,אתר ליוור - HPC,IL,פינוק 2 ב 1 שמפו ומר,מיליליטרים,700.00,"100 מ""ל",false,,12.90,0.0184,true,1,222462
7290112492487,false,פינוק שמפו לשיער עם שמן מרוקאי 700 מל,יוניליוור ישראל טיפו,IL,פינוק שמפו שמן מרוקא,מיליליטרים,700.00,"100 מ""ל",false,,13.90,0.0199,true,1,208183
7290112492500,false,פינוק שמפו לשיער עם שמן קוקוס 700 מל,"יוניליור ישראל, טיפו",IL,פינוק שמפו שמן קוקוס,מיליליטרים,700.00,"100 מ""ל",false,,13.90,0.0199,true,1,208184
7290112492531,false,פינוק מרכך שיער רגיל 700 מל-חדש,אתר ליוור - HPC,IL,פינוק מרכך לשיער רגי,מיליליטרים,700.00,"100 מ""ל",false,,13.90,0.0199,true,1,202002
7290112492548,false,"מרכך פינוק עם שמן חוחובה 700 מ""ל",אתר ליוור - HPC,IL,פינוק מרכך לשיער יבש,מיליליטרים,700.00,"100 מ""ל",false,,13.90,0.0199,true,1,202003
7290112492579,false,פינוק מרכך בתוספת שמן קוקוס 700 מל-חדש,אתר ליוור - HPC,IL,פינוק מרכך שמן קוקוס,מיליליטרים,700.00,"100 מ""ל",false,,13.90,0.0199,true,1,202006
7290112492593,false,תחליב רחצה פינוק בניחוח פינוק קלאסי 700,אתר ליוור - HPC,IL,פינוק תחליב רחצה קלא,מיליליטרים,700.00,"100 מ""ל",false,,11.90,0.0170,true,1,201993
7290112492609,false,"תחליב רחצה פינוק 700 מ""ל לבנדר ווניל",אתר ליוור - HPC,IL,פינוק תחליב רחצה לבנ,מיליליטרים,700.00,"100 מ""ל",false,,11.90,0.0170,true,1,201994
7290112492630,false,"שמפו וג'ל רחצה וסבון פנים לגבר 700 מ""ל פינוק",אתר ליוור - HPC,IL,פינוק שמפו 3 ב-1 לגב,מיליליטרים,700.00,"100 מ""ל",false,,13.90,0.0199,true,1,208531
7290112492647,false,"פינוק לגבר 3 ב1 שמפו ג'ל רחצה וסבון פנים 700 מ""ל",אתר ליוור - HPC,IL,פינוק לגבר 3 ב 1ספור,מיליליטרים,700.00,"100 מ""ל",false,,13.90,0.0199,true,1,221394
7290112492685,false,פינוק מרכך לשיער רגיל אריזת נסיעות 100 מ,יוניליוור ישראל טיפו,IL,פינוק שפופרת מרכך,יחידה,0.00,יחידה,false,,5.90,0.0000,true,1,224955
7290112492692,false,פינוק תחליב רחצה קלאסי אריזת נסיעות 100,יוניליוור ישראל טיפו,IL,פינוק שפופרת רחצה ק,יחידה,0.00,יחידה,false,,5.90,0.0000,true,1,224951
7290112492715,false,"פינוק שמפו ללא דמעות לסירוק קל לילדים 700 מ""ל",אתר ליוור - HPC,IL,פינוק שמפו ללא דמיעו,יחידה,0.00,יחידה,false,,13.90,0.0000,true,1,211059
7290112492746,false,"פינוק מרכך ללא דמעות לסירוק קל לילדים 700 מ""ל",אתר ליוור - HPC,IL,פינוק מרכך ליסרוק קל,יחידה,0.00,יחידה,false,,13.90,0.0000,true,1,211060
7290112492753,false,"פינוק לילדים אל סבון לרחצה 700 מ""ל",אתר ליוור - HPC,IL,פינוק אל סבון לילדי,יחידה,0.00,יחידה,false,,13.90,0.0000,true,1,211063
7290112492982,false,"אבקת מרק פטריות כשל""פ 100% רכיבים טבעיים 400 גרם",יוניליוור ישראל מזון,IL,קנור מרק פטריות רכיב,גרמים,400.00,100 גרם,false,,21.90,0.0547,true,1,203952
7290112492999,false,קנור מרק עוף אמיתי 400 גרם פרווה,יוניליוור ישראל מזון,IL,קנור מרק טעם עוף 400,גרמים,400.00,100 גרם,false,,14.90,0.0373,true,1,203953
7290112493095,false,נמס בכוס מרק עגבניות חריף רכיבים טבעיים קנור 48 ג',אתר חיפה אבקות - Foo,IL,נמס בכוס עגבניות חרי,יחידה,0.00,יחידה,false,,6.90,0.0000,true,1,263411
7290112493293,false,קנור - נמס ירקות וקרוטונים ר.טבעי 44 גרם,אתר חיפה אבקות - Foo,IL,נמס בכוס ירקות רכיבי,יחידה,0.00,יחידה,false,,6.90,0.0000,true,1,198897
7290112493316,false,מרק אפונה רכיבים טבעיים 117 ג' קנור,יוניליוור,IL,מרק היום אפונה רכיב,יחידה,0.00,יחידה,false,,12.90,0.0000,true,1,198902
7290112493477,false,מארז 6+1 מרק ירקות ביתי לרמדאן 55 גר',,,קנור מרק ירקות רמאדן,יחידה,0.00,יחידה,false,,27.90,0.0000,true,1,234219
7290112494016,false,מיונז מופחת שומן תלמה 500 גר',יוניליוור,IL,תלמה מיונז מופחת שומ,יחידה,0.00,יחידה,false,,12.90,0.0000,true,1,197050
7290112494153,false,תיבולית ניחוח צלי קנור 72 גרם,יוניליוור ישראל מזון,IL,תיבולית קנור בניחוח,יחידה,0.00,יחידה,false,,8.90,0.0000,true,1,203276
7290112494221,false,קליק - ביסקויט תפזורת 65 גרם,יוניליוור ישראל מזון,IL,קליק ביסקוויט הפוך 6,יחידה,0.00,יחידה,false,,5.90,0.0000,true,1,200859
7290112494238,false,קליק - כדורים חלב תפזורת 65 גרם,יוניליוור ישראל מזון,IL,קליק כדורים 65 גרם,יחידה,0.00,יחידה,false,,5.90,0.0000,true,1,200860
7290112494276,false,קליק כריות בתפזורת כשר לפסח,יוניליוור ישראל מזון,IL,קליק כריות תפזורת 65,יחידה,0.00,יחידה,false,,5.90,0.0000,true,1,200862
7290112494283,false,קליק - מעורב חום לבן תפזורת 65 גרם,יוניליוור ישראל מזון,IL,קליק חום לבן 65 גרם,יחידה,0.00,יחידה,false,,5.90,0.0000,true,1,200863
7290112494313,false,קליק - קורנפלקס תפזורת 65 גרם,יוניליוור ישראל מזון,IL,קליק קורנפלקס 65 גרם,יחידה,0.00,יחידה,false,,5.90,0.0000,true,1,200865
7290112494344,false,קורנפלקס כספי אלופים תלמה850 גר',יוניליוור שפע ישראל,IL,קורנפלקס של אלופים 8,גרמים,850.00,100 גרם,false,,18.90,0.0222,true,1,206674
7290112494351,false,תלמה קורנפלקס של אלופים 850 גרם,יוניליוור שפע ישראל,IL,"קורנפלקס בד""צ 850 גר",גרמים,850.00,100 גרם,false,,18.90,0.0222,true,1,206675
7290112494382,false,פירה בטעם ביתי 260 גרם-קופסא,יוניליוור ישראל מזון,IL,קנור פירה בטעם ביתי,גרמים,270.00,100 גרם,false,,11.10,0.0411,true,1,203274
7290112494603,false,דומסטוס מגבונים לניקוי ולחיטוי מושב האסלה ואמבטיות בניחוח רענן,"עלבד משואות יצחק בע""",IL,דומסטוס מגבוני אסלה,יחידה,0.00,יחידה,false,,7.90,0.0000,true,1,198626
7290112494832,false,תרחיץ פנים לכל סוגי העור מכיל 25% קרם לחות,אתר ליוור - HPC,IL,דאב תרחיץ פנים רגיל,מיליליטרים,180.00,"100 מ""ל",false,,14.90,0.0828,true,1,217710
7290112495006,false,כריות נוגט 686 גרם - קופסא,יוניליוור שפע ישראל,IL,כריות נוגט 686 גרם,גרמים,686.00,100 גרם,false,,24.90,0.0363,true,1,200841
7290112495037,false,דגני בוקר בטעם שוקולד כדורים 375 ג' קוקומן,יוניליוור שפע ישראל,IL,קוקומן כדורים 375 גר,גרמים,375.00,100 גרם,false,,19.90,0.0531,true,1,200843
7290112495044,false,ציפי (פצפוצים) גריין בדצ 500גר,יוניליור שפע ישראל ב,IL,קוקומן פצפוצים 375 ג,גרמים,375.00,100 גרם,false,,19.90,0.0531,true,1,200844
7290112495105,false,נשנושים שמנת בצל 260 גרם -נ.ל.פ,בייגל את בייגל מזון,IL,נישנושים שמנת בצל 30,גרמים,300.00,100 גרם,false,,11.90,0.0397,true,1,200845
7290112495112,false,נשנושים זעתר ב.בייגל 260ג',בייגל את בייגל מזון,IL,נישנושים זעתר 300 גר,גרמים,300.00,100 גרם,false,,11.90,0.0397,true,1,200846
7290112495143,false,נשנושים קוקטייל מלוח 300ג' ב.בייגל,בייגל את בייגל מזון,IL,בייגל בייגל קוקטייל,גרמים,350.00,100 גרם,false,,12.90,0.0369,true,1,200848
7290112495150,false,נשנושים קרקר עגול מלוח 300 גרם נ.ל.פ,בייגל את בייגל מזון,IL,נשנושים עגול מלוח 35,גרמים,350.00,100 גרם,false,,12.90,0.0369,true,1,200849
7290112495167,false,נשנושי קרקר שומשום בייגל בייגל 350 גרם,בייגל את בייגל מזון,IL,נשנושים משולש שומשום,גרמים,350.00,100 גרם,false,,12.90,0.0369,true,1,200850
7290112495174,false,נשנושים קוקטייל שומשום 300ג' ב.בייגל,בייגל את בייגל מזון,IL,קוקטייל ושמשום 350 ג,גרמים,350.00,100 גרם,false,,12.90,0.0369,true,1,200851
7290112495228,false,קורנפלקס נגיעות דבש תלמה 448 גרם,יוניליוור שפע ישראל,IL,תלמה קרונפלקס דבש 44,גרמים,448.00,100 גרם,false,,17.90,0.0400,true,1,200852
7290112495280,false,ריבועי ברנפלקס קינמון 400 גרם,אתר שפע - Food,IL,ברנפלקס ריבועי קינמו,גרמים,400.00,100 גרם,false,,22.00,0.0550,true,1,206681
7290112495433,false,דגני דליפקאן תוספת אגוזי פקאן ושקדים 400 גר,יוניליור שפע ישראל ב,IL,תלמה דליפקאן 400 גרם,גרמים,400.00,100 גרם,false,,21.90,0.0547,true,1,199126
7290112495488,false,קורנפלקס פתיתי תירס קלויים ללא גלוטן 500,"מולינו ניקולי S.p.A,",IT,קורנפלקס ללא גלוטן 5,גרמים,500.00,100 גרם,false,,19.90,0.0398,true,1,206676
7290112495556,false,מארז שלישיית חטיפי קליק ממולא בנוגט,יוניליוור,IL,קליק שלישיית ברים נו,יחידה,0.00,יחידה,false,,14.90,0.0000,true,1,209561
7290112495594,false,בייגלה שמיניות גדולותללא תוספת מלח 400 גרם,אתר בייגל - Food,IL,בייגלה שמיניות גדולו,גרמים,400.00,100 גרם,false,,13.90,0.0348,true,1,201955
7290112495662,false,קרקר חיטה מלאה ופשתן בייגל בייגל 300 גרם,"מיוצר ע""י קוד יצרן A",IL,קרקר חיטה מלאה ופשתן,גרמים,300.00,100 גרם,false,,9.80,0.0327,true,1,206678
7290112495686,false,קרקר שומשום בייגל בייגל 220 גרם,בייגל בייגל BB,IL,קרקר שומשום 220 גרם,גרמים,220.00,100 גרם,false,,8.90,0.0405,true,1,206679
7290112495723,false,מטרייה,,,מטרייה,יחידה,0.00,יחידה,false,,9.90,0.0000,true,1,220429
7290112495747,false,רוטב צ''ילי מתוק כ 70% פחות סוכר 340 ג' קנור,יוניליוור ישראל מזון,IL,קנור צ'ילי מתוק מופח,גרמים,340.00,100 גרם,false,,10.90,0.0321,true,1,206671
7290112495754,false,"רטבי הלמנס לסלט 300 מ""ל אלף האיים",יוניליוור ישראל מזון,IL,הלמנס רוטב אלף האיים,מיליליטרים,305.00,"100 מ""ל",false,,10.90,0.0357,true,1,206686
7290112495761,false,"הלמנס רוטב לחיץ אלף האיים לייט 290 מ""ל",יוניליוור ישראל מזון,IL,הלמנס רוטב אלף האיים,גרמים,305.00,100 גרם,false,,10.90,0.0357,true,1,206687
7290112495785,false,רוטב לסלט שום הלמנס 300ג,יוניליוור ישראל מזון,IL,הלמנ'ס לסלט שום 300מ,מיליליטרים,300.00,"100 מ""ל",false,,10.90,0.0363,true,1,206683
7290112495792,false,הלמנס רוטב לסלט שום לייט 300 גר',יוניליוור ישראל מזון,IL,הלמנס רוטב לסלט שום,גרמים,300.00,100 גרם,false,,10.90,0.0363,true,1,206684
7290112495815,false,רוטב סלט חרדל דבש לייט הלמנס 305ג',יוניליוור ישראל מזון,IL,הלמנ'ס סלט חרדל דבש,גרמים,305.00,100 גרם,false,,10.90,0.0357,true,1,206689
7290112495938,false,קרקר 6 דגנים בייגל בייגל 250 גרם,"מיוצר ע""י קוד יצרן A",IL,קרקר 6 דגנים בייגל ב,גרמים,250.00,100 גרם,false,,8.90,0.0356,true,1,206680
7290112495976,false,פריכיות אורז בציפוי שוקולד חלב 35גר-חדש,גוד פוד פרודקטס Sp.z,PL,פתית פריכיות תירס מצ,יחידה,0.00,יחידה,false,,5.90,0.0000,true,1,209562
7290112495983,false,פרכיות פתיתבציפוי שוקולד חלב ושבבי קרמל מלוח 39 גר',גוד פוד פרודקטס Sp.z,PL,פתית פריכיות תירס שו,יחידה,0.00,יחידה,false,,5.90,0.0000,true,1,209563
7290112496027,false,סירופ שוקולד 580 גרם-בקבוק,יוניליוור ישראל מזון,IL,אפיכל סירופ שוקולד 5,גרמים,580.00,100 גרם,false,,11.90,0.0205,true,1,206690
7290112496034,false,סירופ מייפל אפיכל 580 גרם,יוניליוור ישראל מזון,IL,אפיכל סירופ מייפל 58,גרמים,580.00,100 גרם,false,,11.90,0.0205,true,1,206691
7290112496218,false,קנור רוטב טריאקי הפחתה של מעל 50% סוכר ונתרן 310 ג',אתר חיפה 778 - Food,IL,קנור רוטב טריאקי 340,מיליליטרים,340.00,"100 מ""ל",false,,10.90,0.0321,true,1,208009
7290112496270,false,"פתית צ'יפס תפו""א בתוספת עגבניות ועשבי תיבול 22 ג'",JLM גלובל פודס37 דרך,GB,"פתית צ'יפס תפו""א עם",יחידה,0.00,יחידה,false,,5.90,0.0000,true,1,213141
7290112496287,false,פתית - צ'יפס בטטה בטעם טבעי 21 גרם,JLM גלובל פודס37 דרך,GB,פתית צ'יפס בטטה בטעם,יחידה,0.00,יחידה,false,,5.90,0.0000,true,1,213142
7290112496294,false,חטיף פתית צ'יפס עם אפונה ירוקה צהובה וצ'ילי,JLM גלובל פודס37 דרך,GB,פתית צ'יפס עם אפונה,יחידה,0.00,יחידה,false,,5.90,0.0000,true,1,213143
7290112496430,false,קנור נמס בכוס אקסטרה עגבניות+איטריות 37 גרם - רבנות,יוניליוור ישראל מזון,IL,קנור נמס בכוס אקסטרה,יחידה,0.00,יחידה,false,,4.50,0.0000,true,1,243408
7290112496447,false,נמס בכוס אקסטרה טעם עוף עם המון אטריות 27ג',יוניליוור ישראל מזון,IL,קנור נמס בכוס אקסטרה,יחידה,0.00,יחידה,false,,4.50,0.0000,true,1,247092
7290112496461,false,נמס בכוס אקסטרה מרק ירקות עם המון אטריות,יוניליוור ישראל מזון,IL,קנור נמס בכוס אקסטרה,יחידה,0.00,יחידה,false,,4.50,0.0000,true,1,247093
7290112497000,false,פנטסטיק תרכיז ניקוי רב תכליתי בניחוח לימון,"זוהר דליה, קיבוץ דלי",IL,סיף פנטסטיק 1 ליטר,ליטרים,1.00,ליטר,false,,9.90,9.9000,true,1,208185
7290112497123,false,סחלב תערובת להכנת מעדן בטעם סחלב 112גרם,יוניליוור ישראל מזון,IL,תלמה קנור סחלב 112 ג,גרמים,112.00,100 גרם,false,,12.90,0.1152,true,1,221043
7290112497499,false,קליק טבלת שוקולד לבן עוגיות 85 גרם,אתר צפת טבלאות ותעשי,IL,קליק טבלה לבן עוגיות,יחידה,0.00,יחידה,false,,5.90,0.0000,true,1,238161
7290112497505,false,וזלין תחליב גוף בתוספת אלוורה 600 מל,וזלין Vaseline,US,וזלין תחליב גוף אלוו,יחידה,0.00,יחידה,false,,23.90,0.0000,true,1,212454
7290112497536,false,פינוק ג'ל לניקוי ידי,,,פינוק ג'ל לניקוי ידי,יחידה,0.00,יחידה,false,,19.90,0.0000,true,1,212457
7290112497710,false,פינוק בייבי שמפו אל דמע לתינוקות 700 מל,יוניליוור,IL,שמפו אל דמע בייבי 70,מיליליטרים,700.00,"100 מ""ל",false,,16.90,0.0241,true,1,262859
7290112497727,false,פינוק בייבי אל סבון אל דמע לתינוקות 700,יוניליוור,IL,"אל סבון בייבי 700 מ""",מיליליטרים,700.00,"100 מ""ל",false,,16.90,0.0241,true,1,262860
7290112497864,false,אבקת מרק בטעם עוף רכיבים טבעיים 33% פחות נתרן 400 גרם,יוניליוור,IL,קנור עוף אמיתי רכיבי,גרמים,400.00,100 גרם,false,,21.90,0.0547,true,1,223920
7290112497994,false,"גרנולה תלמה פרוטאין בתוספת חלבון ואגוזים, 300 גרם",חטיפי העמק,IL,גרנולה תלמה פרוטאין,גרמים,300.00,100 גרם,false,,19.90,0.0663,true,1,236158
7290112498007,false,גרנולה פרוטאין בתוספת חלבון שקדים וחמוציות תלמה 300 ג',חטיפי העמק,IL,גרנולה תלמה פרוטאין,גרמים,300.00,100 גרם,false,,19.90,0.0663,true,1,236159
7290112498052,false,מאגדת פתית צ'יפס בטטה 21 גרם*4 יח',JLM גלובל פודס37 דרך,IL,מאגדת פתית צ'יפס עם,יחידה,0.00,יחידה,false,,14.90,0.0000,true,1,238240
7290112498069,false,#קוקומן ללא גלוטן כשלפ 375ג - חדש,"מולינו ניקולי S.p.A,",IL,קוקומן ללא גלוטן 375,גרמים,375.00,100 גרם,false,,19.90,0.0531,true,1,233592
7290112498274,false,פינוק אלסבון לידיים לבנדר וניל 1ליטר+משא,יוניליוור ישראל טיפו,TR,פינוק סבון ידיים נוז,יחידה,0.00,יחידה,false,,12.90,0.0000,true,1,237757
7290112498441,false,"קנור רוטב אסיאתי למוקפץ 300 מ""ל בד""ץ",אתר חיפה 778 - Food,IL,קנור רוטב אסייתי למו,מיליליטרים,370.00,"100 מ""ל",false,,10.90,0.0295,true,1,236161
7290112498526,false,"פתית צ'יפס עם בטטה סגולה בטעם שמנת ובצל, 22 גרם",JLM גלובל פודס37 דרך,GB,חטיף פתית צ'יפס בטטה,יחידה,0.00,יחידה,false,,5.90,0.0000,true,1,238992
7290112498748,false,מיני סולרו וניל תות שדה 350 גרם,"מיוצר ע""י גלידת שטרא",IL,מיני סולרו תות,מיליליטרים,350.00,"100 מ""ל",false,,22.90,0.0654,true,1,234274
7290112498885,false,מאגדת גודי'ז תותים ושוקולד לבן 235 גרם,מנדלז סי.אר. פרודקשן,IL,גודיז מאגדת 3 שוקולד,יחידה,0.00,יחידה,false,,24.90,0.0000,true,1,235092
7290112498922,false,מאגדת מיני מגנום שוקולד לבן 250 ג',"מיוצר ע""י גלידת שטרא",IL,מאגדת מיני מגנום לבן,יחידה,0.00,יחידה,false,,26.90,0.0000,true,1,238985
7290112499097,false,מאגדת מיני מגנום מריר Intense Dark! 240 גרם,"מיוצר ע""י גלידת שטרא",IL,מאגדת מיני מגנום מרי,גרמים,240.00,100 גרם,false,,26.90,0.1121,true,1,248588
7290112499196,false,גלידה בטעם החלב של הקורנפלקס 1.33 ל' קרמיסימו,"גלידת שטראוס בע""מ, ר",IL,קרמיסימו ט.חלב קורנפ,ליטרים,1.33,ליטר,false,,20.90,15.7143,true,1,260704
7290112499219,false,מאגדת מיני גודיז פיסטוק ושוקולד 235 ג' שטראוס,"גלידת שטראוס בע""מ, ר",IL,גודיז פיסטוק ושוקולד,יחידה,0.00,יחידה,false,,24.90,0.0000,true,1,257145
7290112499448,false,"מרכך פינוק בתוספת שמן מרוקאי 700 מ""ל",יוניליוור ישראל טיפו,IL,פינוק מרכך לשיער שמן,מיליליטרים,700.00,"100 מ""ל",false,,13.90,0.0199,true,1,237747
7290112499455,false,פינוק תחליב רחצה 700 בתוספת שמן מרוקאי,יוניליוור ישראל טיפו,IL,פינוק תחליב רחצה מרו,מיליליטרים,700.00,"100 מ""ל",false,,11.90,0.0170,true,1,237743
7290112499462,false,פינוק תחליב רחצה 700 בתוספת שמן קוקוס,יוניליוור ישראל טיפו,IL,פינוק תחליב רחצה שמן,מיליליטרים,700.00,"100 מ""ל",false,,11.90,0.0170,true,1,237744
7290112499479,false,"פינוק - שמפו בתוספת קרטין 700 מ""ל",אתר ליוור - HPC,IL,פינוק שמפו בתוספת קר,מיליליטרים,700.00,"100 מ""ל",false,,13.90,0.0199,true,1,222547
7290112499493,false,"רקסונה - דאודורנט ספריי לאישה אלוורה 150 מ""ל",יונילוור ארגנטינה -,RU,רקסונה נשים אלוורה 1,מיליליטרים,150.00,"100 מ""ל",false,,14.90,0.0993,true,1,267469
7290112499509,false,"רקסונה - דאודורנט ספריי לאישה בניחוח אפרסק ולמון גראס 150 מ""ל",קוסטר - תורכיה,RU,רקסונה דאו' ספריי נש,מיליליטרים,150.00,"100 מ""ל",false,,14.90,0.0993,true,1,262416
7290112499776,false,גלידת שמנת מופחתת שומן וקלוריות בטעם שוקולד לבן 240 גרם,"גלידת שטראוס בע""מ, ר",IL,גודיז מאגדת 3 שוקולד,יחידה,0.00,יחידה,false,,24.90,0.0000,true,1,208013
7290112499844,false,מאגדת מיני מגנום דואט שוקולד עם נוגט 5 יח' שטראוס,"מיוצר ע""י גלידת שטרא",IL,מיני מגנום דאבל,יחידה,5.00,יחידה,false,,26.90,5.3800,true,1,203719
7290112499943,false,מיני מאגדת מיני מגנום טעמים שונים וניל+שוקו,"מיוצר ע""י גלידת שטרא",IL,מיני מגנום שוקו וניל,יחידה,5.00,יחידה,false,,26.90,5.3800,true,1,203720
7290112700421,false,נר גדול מנצנץ מעמד ל,שמחה זה אנחנו,,נר גדול מנצנץ מעמד ל,יחידה,0.00,יחידה,false,,10.00,0.0000,true,1,199779
7290112703187,false,נרות אותיות HB כסף,,,נר אותיות כסף,יחידה,0.00,יחידה,false,,9.00,0.0000,true,1,199771
7290112703194,false,נרות אותיות HB זהב,,,נר אותיות זהב,יחידה,0.00,יחידה,false,,9.00,0.0000,true,1,199772
7290112705426,false,צלחת במבוק 23 חד-קרן,,,צלחת במבוק 23 - חד ק,יחידה,0.00,יחידה,false,,16.90,0.0000,true,1,199861
7290112705457,false,קערה במבוק חד - קרן,,,קערה במבוק חד - קרן,יחידה,0.00,יחידה,false,,12.90,0.0000,true,1,199863
7290112870322,false,קרנבל זיתים ‏A‏-‏2‏,,,קרנבל זיתים ‏A‏-‏2‏,יחידה,0.00,יחידה,false,,8.90,0.0000,true,1,240417
7290112961266,false,בייגלה כפיות פיזור איטלקי 300 גרם אסם,"אסם תעשיות בע""מ",IL,אסם בייגלה כפיות פיז,גרמים,300.00,100 גרם,false,,10.90,0.0363,true,1,194762
7290112961372,false,פיטנס חטיפי פריכיות דקות קינמון 60 גרם,"פרח תעשיות מזון בע""מ",IL,פיטנס חטיפי פריכיות,יחידה,0.00,יחידה,false,,9.90,0.0000,true,1,190353
7290112961440,false,פיטנס חטיפי פריכיות שוקולד מריר 84 גרם,פרח תעשיות,IL,פיטנס בר פרכיות שוקו,יחידה,0.00,יחידה,false,,13.90,0.0000,true,1,208933
7290112961464,false,פיטנס חטיפי פריכיות דגנים וחומוס מתובלות,"פרח תעשיות מזון בע""מ",IL,פיטנס חטיפי פריכיות,יחידה,0.00,יחידה,false,,9.90,0.0000,true,1,190351
7290112961754,false,עוגיות שוקולד ציפס עם קרם בטעם אגוזים,מיוצר עי קונדיטוריית,IL,עוגיות שוקוציפס קרם,גרמים,200.00,100 גרם,false,,11.90,0.0595,true,1,191317
7290112962287,false,טבעול שווארמה טבעונית 6*450 גרם,מיוצר עי קונדיטוריית,IL,טבעול שווארמה טבעוני,גרמים,590.00,100 גרם,false,,29.90,0.0507,true,1,203923
7290112963321,false,גרטיפי בייגלה שטוח הכל ללא גלוטן 300 גר,מיוצר עי קונדיטוריית,IL,גרטיפי בייגלה שטוח ל,גרמים,300.00,100 גרם,false,,17.90,0.0597,true,1,209085
7290112963918,false,פיטנס חטיפי קרקר דק רוזמרין 140 גרם,נסטלה Nestle,IL,פיטנס קרקר דק רוזמרי,גרמים,140.00,100 גרם,false,,12.90,0.0921,true,1,196907
7290112964410,false,אסם רוטב אלף האיים חדש לסלט 290 גרם,"אסם תעשיות בע""מ",IL,רוטב אלף האיים לסלט,מיליליטרים,290.00,"100 מ""ל",false,,9.90,0.0341,true,1,196877
7290112964434,false,אסם רוטב קיסר חדש לסלט 295 גרם,"אסם תעשיות בע""מ",IL,רוטב לסלט קיסר 295 מ,מיליליטרים,295.00,"100 מ""ל",false,,9.90,0.0336,true,1,196878
7290112964472,false,אסם רוטב שום חדש לסלט 290 גרם,"אסם תעשיות בע""מ",IL,אסם רוטב שום לסלט כש,מיליליטרים,290.00,"100 מ""ל",false,,9.90,0.0341,true,1,196874
7290112964564,false,"רוטב אלף האיים לייט לסלט 290 מ""ל אסם","אסם תעשיות בע""מ",IL,רוטב אלף האיים לייט,מיליליטרים,295.00,"100 מ""ל",false,,9.90,0.0336,true,1,196880
7290112964601,false,רוטב בנוסח סצ'ואן הסדרה האסייתית,"אסם תעשיות בע""מ",IL,אסם רוטב בנוסח סצואן,מיליליטרים,290.00,"100 מ""ל",false,,15.90,0.0548,true,1,196172
7290112964625,false,אסם רוטב שום לייט חדש לסלט 310 גרם,"אסם תעשיות בע""מ",IL,"רוטב שום לייט 310 מ""",מיליליטרים,310.00,"100 מ""ל",false,,9.90,0.0319,true,1,196883
7290112964724,false,המבורגר צמחוני עם המון חלבון 580 גר,מיוצר עי קונדיטוריית,IL,טבעול המבורגר טבעוני,גרמים,580.00,100 גרם,false,,29.90,0.0516,true,1,197641
7290112965103,false,תבשיל קוסקוס עם ירקות 146 גרם אסם,אסם,IL,אסם קוסקוס עם ירקות,גרמים,146.00,100 גרם,false,,11.90,0.0815,true,1,202624
7290112965141,false,תבשיל פתיתים אפויים עם ירקות 130 גרם,"אסם תעשיות בע""מ",IL,אסם פתיתים אפויים עם,גרמים,130.00,100 גרם,false,,11.90,0.0915,true,1,202625
7290112965165,false,מרק נמס בטעם פטריות זוג * 24 ג' אסם,"אסם תעשיות בע""מ",IL,אסם זוג מרק נמס פטרי,יחידה,2.00,יחידה,false,,6.50,3.2500,true,1,198957
7290112965264,false,אסם זוג מרק נמס אפונה בדצ 14*30גרם,"אסם תעשיות בע""מ",IL,אסם זוג מרק נמס אפונ,יחידה,2.00,יחידה,false,,6.50,3.2500,true,1,223934
7290112965288,false,אסם זוג מרק נמס ירקות בדצ10*30גרם,"אסם תעשיות בע""מ",IL,אסם זוג מרק נמס ירקו,יחידה,0.00,יחידה,false,,6.50,0.0000,true,1,198964
7290112965301,false,זוג מרק נמס בטעם עוף עם שקדי מרק רגע חם,"אסם תעשיות בע""מ",IL,אסם זוג מרק נמס טעם,יחידה,0.00,יחידה,false,,6.50,0.0000,true,1,198960
7290112965325,false,תבשיל אורז ספרדי אוסם 140 גרם,"אסם תעשיות בע""מ",IL,אסם אורז ספרדי 140 ג,גרמים,140.00,100 גרם,false,,11.90,0.0850,true,1,202627
7290112965660,false,פיטנס - חטיף מולטיגריין מלח פלפל 25 גרם,מיוצר עי קונדיטוריית,IL,פיטנס חטיף מולטיגריי,יחידה,0.00,יחידה,false,,5.90,0.0000,true,1,219491
7290112965684,false,פיטנס - חטיף מולטיגריין עשבי תיבול 25 גרם,מיוצר עי קונדיטוריית,IL,פיטנס חטיף מולטיגריי,יחידה,0.00,יחידה,false,,5.90,0.0000,true,1,219492
7290112965707,false,פיטנס - חטיף מולטיגריין צילי מעודן 25 גרם,"אסם השקעות בע""מ",IL,פיטנס חטיף מולטיגריי,יחידה,0.00,יחידה,false,,5.90,0.0000,true,1,219494
7290112965868,false,קרם קרקר במליחות מעודנת 250 גרם אסם,"אסם תעשיות בע""מ",IL,אסם קרם קרקר במליחות,גרמים,250.00,100 גרם,false,,9.90,0.0396,true,1,202646
7290112965905,false,אסם בייגלה שמיניות במליחות מעודנת 400 גרם,מיוצר עי קונדיטוריית,IL,אסם בייגלה שמיניות ב,גרמים,400.00,100 גרם,false,,10.90,0.0273,true,1,202638
7290112965943,false,טבעול נאגטס ירקות ירוקים 6*500גרם,טבעול תעשיות מזון בע,IL,טבעול נאגטס ירקות יר,יחידה,0.00,יחידה,false,,35.90,0.0000,true,1,222400
7290112965967,false,טבעול נאגטס ירקות כתומים 6*500גרם,טבעול תעשיות מזון בע,IL,טבעול נאגטס ירקות כת,יחידה,0.00,יחידה,false,,35.90,0.0000,true,1,222401
7290112965981,false,טבעול גורמה ארוחת דגנים 450 גרם,טבעול (מקבוצת אסם הש,IL,טבעול גורמה ארוחת דג,יחידה,0.00,יחידה,false,,36.90,0.0000,true,1,254248
7290112966001,false,"טבעול גורמה ארוחת ירוקים, 450 גרם",טבעול (מקבוצת אסם הש,IL,טבעול גורמה ארוחת יר,יחידה,0.00,יחידה,false,,36.90,0.0000,true,1,254249
7290112966445,false,במבה מתוקה אריזה גדולה 100 ג' אסם,"אסם תעשיות בע""מ",IL,במבה מתוקה אסם 100 ג,גרמים,100.00,100 גרם,false,,9.90,0.0990,true,1,219576
7290112966728,false,צבר טחינה בלאדי פלפלים חריפים 350 גרם,שוורצקוף& הנקל דיסלד,IL,צבר טחינה בלאדי פלפל,גרמים,350.00,100 גרם,false,,15.90,0.0454,true,1,200178
7290112966766,false,צבר טחינה בלאדי חציל עגבניות ושום 350 גרם,שוורצקוף& הנקל דיסלד,IL,צבר טחינה בלאדי חציל,גרמים,350.00,100 גרם,false,,15.90,0.0454,true,1,200180
7290112966780,false,צבר טחינה בלאדי עם חציל קלוי 350 גרם,שוורצקוף& הנקל דיסלד,IL,צבר טחינה בלאדי עם ב,גרמים,350.00,100 גרם,false,,16.90,0.0483,true,1,200175
7290112966803,false,אסם פודינג אינסטנט שוקולד 95 גרם,"אסם תעשיות בע""מ",IL,אסם פודינג אינסטנט ש,יחידה,0.00,יחידה,false,,5.50,0.0000,true,1,202628
7290112967114,false,פיטנס חטיפי פריכיות קטניות ופלפל 60 גרם,"פרח תעשיות מזון בע""מ",IL,פיטנס חטיפי פריכיות,יחידה,0.00,יחידה,false,,9.90,0.0000,true,1,208932
7290112967268,false,מרק בטעם עוף ואטריות 55 ג' אוסם,,,אסם מרק בטעם עוף ואט,גרמים,55.00,100 גרם,false,,4.90,0.0891,true,1,254964
7290112967299,false,אסם מרק ירקות ייעודי,,,אסם מרק ירקות ייעודי,גרמים,50.00,100 גרם,false,,4.90,0.0980,true,1,254965
7290112967381,false,פיטנס חטיפי פריכיות קטניות ומלח ים 60 גר',"פרח תעשיות מזון בע""מ",IL,פיטנס חטיפי פריכיות,יחידה,0.00,יחידה,false,,9.90,0.0000,true,1,208929
7290112967572,false,"אסם רוטב ברביקיו 290 מ""ל אסם",Unknown,IL,אסם רוטב ברביקיו 290,מיליליטרים,290.00,"100 מ""ל",false,,9.90,0.0341,true,1,202630
7290112967848,false,אסם ג'לי תות שדה מופחת סוכר 90 גרם,מיוצר עי קונדיטוריית,IL,אסם גל תות שדה מופחת,יחידה,0.00,יחידה,false,,6.90,0.0000,true,1,236747
7290112968449,false,סלט טחינה כרוב אדום 250 גרם,שוורצקוף& הנקל דיסלד,IL,צבר סלט כרוב אדום 25,גרמים,250.00,100 גרם,false,,11.90,0.0476,true,1,223661
7290112968807,false,פיטנס - קרקר דק סלק 140 גרם,מפעל אסם יקנעם,IL,פיטנס קרקר דק סלק 14,גרמים,140.00,100 גרם,false,,12.90,0.0921,true,1,219482
7290112968821,false,פיטנס - קרקר דק בטטה 140 גרם,מפעל אסם יקנעם,IL,פיטנס קרקר דק בטטה 1,גרמים,140.00,100 גרם,false,,12.90,0.0921,true,1,219493
7290112969002,false,אסם פודינג אינסטנט פיסטוק 80 גרם,מיוצר עי קונדיטוריית,IL,אסם פודינג אינסטנט פ,יחידה,0.00,יחידה,false,,5.50,0.0000,true,1,262348
7290112969286,false,אסם בישולים רוטב חרדל ודבש 330 גרם,"אסם תעשיות בע""מ",IL,אסם בישולים רוטב חרד,גרמים,330.00,100 גרם,false,,17.90,0.0542,true,1,222403
7290112969903,false,טבעול נאגטס ירקות לבנים 6*500גרם,טבעול תעשיות מזון בע,IL,טבעול נאגטס ירקות לב,יחידה,0.00,יחידה,false,,35.90,0.0000,true,1,222405
7290113153257,false,בול איור לבבות 350 מ,,,בול איור לבבות 350 מ,יחידה,0.00,יחידה,false,,16.90,0.0000,true,1,220799
7290113191921,false,סירופ מלבי 750 גרם,"פוליבה בע""ם",IL,סירופ מלבי 750 גרם,גרמים,750.00,100 גרם,false,,18.90,0.0252,true,1,202211
7290113191938,false,"סירופ רוזטה בטעם שקדים 750 מ""ל","פוליבה בע""ם",IL,סירופ רוזטה 750 גרם,גרמים,750.00,100 גרם,false,,18.90,0.0252,true,1,202212
7290113192218,false,תערובת להכנת מלבי 500 גרם,"שקדיה גבע תעשיות בע""",IL,פינוק מלבי 500 גרם,גרמים,500.00,100 גרם,false,,13.90,0.0278,true,1,211170
7290113192225,false,תערובת להכנה מהירה סופלה שוקולד 200 גר',"י. כהן בע""מ",IL,תערובת להכנה מהירה ס,גרמים,200.00,100 גרם,false,,13.90,0.0695,true,1,211171
7290113192232,false,תערובת להכנה מהירה פנקייק'ס 400 גר',"י. כהן בע""מ",IL,תערובת להכנה מהירה פ,גרמים,400.00,100 גרם,false,,13.90,0.0348,true,1,211172
7290113192300,false,זיתים מושחרים חרוזית 275 גרם בית השיטה,בית השיטה,IL,בית השיטה חרוזית מוש,גרמים,275.00,100 גרם,false,,10.90,0.0396,true,1,203289
7290113192317,false,טבעות זיתים מושחרים 280 גרם בית השיטה,בית השיטה,IL,בית השיטה טבעות זיתי,גרמים,560.00,100 גרם,false,,12.90,0.0230,true,1,203290
7290113192324,false,זיתים ירוקים ושלמים בינוניים 340 גרם,בית השיטה,IL,בית השיטה זית מנס.יר,גרמים,560.00,100 גרם,false,,9.90,0.0177,true,1,203291
7290113192331,false,בית השיטה זיתים ירוקים גדולים 340 גרם*,בית השיטה,IL,בית השיטה זית מנסניל,גרמים,560.00,100 גרם,false,,11.90,0.0213,true,1,203292
7290113192348,false,בית השיטה זיתים ירוקים גדול מאודבטעם שום,בית השיטה,IL,בית השיטה זית מנס.יר,גרמים,560.00,100 גרם,false,,10.90,0.0195,true,1,203293
7290113192355,false,חרוזית זיתים ירוקים ללא גלעין 275 ג' בית השיטה,בית השיטה,IL,בית השיטה חרוזית ירו,גרמים,275.00,100 גרם,false,,11.90,0.0433,true,1,203294
7290113192362,false,זיתים ירוקים טבעות A2 בית השיטה 280 גרם,בית השיטה,IL,בית השיטה טבעות זיתי,גרמים,560.00,100 גרם,false,,12.90,0.0230,true,1,203295
7290113192379,false,בית השיטה זיתים ירוקים מבוקעים א2 340גר',בית השיטה,IL,בית השיטה זיתים ירוק,גרמים,560.00,100 גרם,false,,10.90,0.0195,true,1,203296
7290113192386,false,בית השיטה זיתים ירוקים סורי מבוקע 340גרם,בית השיטה,IL,בית השיטה זית סורי מ,גרמים,340.00,100 גרם,false,,12.90,0.0379,true,1,203297
7290113192393,false,בית השיטה קוקטייל זיתים א2 336 גרם,בית השיטה,IL,בית השיטה קוקטייל זי,גרמים,336.00,100 גרם,false,,12.90,0.0384,true,1,203298
7290113192478,false,בית השיטה מלפפונים במלח בינוני 10-12 320 גרם,בית השיטה,IL,בית השיטה מלפפון במל,גרמים,320.00,100 גרם,false,,9.90,0.0309,true,1,203305
7290113192485,false,בית השיטה מלפפונים בחומץ בינוני 10-12 290 גרם,בית השיטה,IL,בית השיטה מלפפון חמו,גרמים,290.00,100 גרם,false,,9.90,0.0341,true,1,203306
7290113192492,false,בית השיטה מלפפונים בחומץ קטנים 1317 290 גרם,בית השיטה,IL,בית השיטה מלפפון בחו,גרמים,290.00,100 גרם,false,,11.90,0.0410,true,1,203307
7290113192508,false,בית השיטה מלפפונים במלח קטן 1317 320 גרם,בית השיטה,IL,בית השיטה מלפפון במל,גרמים,320.00,100 גרם,false,,11.90,0.0372,true,1,203308
7290113192515,false,בית השיטה מלפפונים במלח קטן מאוד 1825 320 גרם,בית השיטה,IL,מלפפון במלח קטנים מא,גרמים,320.00,100 גרם,false,,12.90,0.0403,true,1,203309
7290113192522,false,בית השיטה מלפפונים בחומץ קטן מאוד 1825 290 גרם,בית השיטה,IL,מלפפון בחומץ 8-25,גרמים,290.00,100 גרם,false,,12.90,0.0445,true,1,203310
7290113192539,false,בית השיטה מלפפונים במלח גדול 79 320 גרם,בית השיטה,IL,בית השיטה מלפפון במל,גרמים,320.00,100 גרם,false,,7.90,0.0247,true,1,203311
7290113192546,false,"מלפפונים בחומץ רכיבים טבעיים 7-9 ""בית השיטה""",בית השיטה,IL,בית השיטה מלפפון בחו,גרמים,290.00,100 גרם,false,,7.90,0.0272,true,1,203312
7290113192553,false,בית השיטה מלפפונים במלח 13-17 בלדי 320 גר',בית השיטה,IL,בית השיטה מלפפון במל,גרמים,320.00,100 גרם,false,,11.90,0.0372,true,1,223326
7290113192560,false,בית השיטה פלפל שיפקה חריף כבוש 230 גרם,בית השיטה,IL,בית השיטה פלפל שיפקה,גרמים,230.00,100 גרם,false,,7.90,0.0343,true,1,203315
7290113192577,false,בית השיטה כרוב כבוש חתוך 430 גרם,בית השיטה,IL,בית השיטה כרוב כבוש,גרמים,430.00,100 גרם,false,,9.90,0.0230,true,1,203316
7290113192881,false,"טורטיה חיטה מופחת קלוריות, קוטר 20 ס""מ - 6 יח'",דין שיווק,TR,טורטיה חיטה מופחת קל,גרמים,270.00,100 גרם,false,,10.90,0.0404,true,1,211180
7290113192997,false,בית השיטה זית מרוקאי 340 גרם*,בית השיטה,IL,בית השיטה זית מרוקאי,גרמים,340.00,100 גרם,false,,15.90,0.0468,true,1,209592
7290113193017,false,בית השיטה חרוזית קוקטייל זיתים 275 גרם,"אסם תעשיות בע""מ",IL,בית השיטה חרוזית קוק,גרמים,275.00,100 גרם,false,,15.90,0.0578,true,1,209318
7290113193031,false,חרוזית קלמטה - זיתים שחורים ללא גלעין קלמטה,שוורצקוף& הנקל דיסלד,IL,בית השיטה חרוזית קלמ,גרמים,275.00,100 גרם,false,,15.90,0.0578,true,1,224236
7290113193321,false,"שמן זית כתית מעולה בית השיטה 750 מ""ל",בית השיטה,IL,בית השיטה שמן זית כת,מיליליטרים,750.00,"100 מ""ל",false,,34.90,0.0465,true,1,209088
7290113193888,false,חצילים מוחמצים 320 גרם בית השיטה,שוורצקוף& הנקל דיסלד,IL,בית השיטה חצילים מוח,גרמים,320.00,100 גרם,false,,12.90,0.0403,true,1,222480
7290113194090,false,בית השיטה טבעות זיתים קלמטה 280 גרם,בית השיטה,IL,טבעות זיתים קלמטה,יחידה,0.00,יחידה,false,,15.90,0.0000,true,1,213438
7290113195080,false,חלבה טורקית בטעם שוקו וניל 400 גרם,,TR,חלבה טורקית בטעם שוק,גרמים,400.00,100 גרם,false,,12.90,0.0323,true,1,238454
7290113195271,false,ממרח פלפלים פיקנטיים 360 גרם,דין שיווק,MK,ממרח פלפלים פיקנטיים,גרמים,360.00,100 גרם,false,,11.90,0.0331,true,1,238444
7290113195479,false,קמח שקדים 200 גרם - שקדיה,"שקדיה גבע תעשיות בע""",IL,שקדיה קמח שקדים 200,גרמים,200.00,100 גרם,false,,14.70,0.0735,true,1,238434
7290113196414,false,"אורז בסמטי 1 ק""ג כחול מטאלי שקדיה",דאבה סינג שאם סינג,IN,"שקדיה אורז בסמטי ק""ג",קילוגרמים,1.00,"ק""ג",false,,10.90,10.9000,true,1,243954
7290113196759,false,בית השיטה ירקות מעורבים צנ.פלסטיק 6*750 גרם,בית השיטה עסיס תעשיו,IL,בית השיטהירקות מעורב,גרמים,750.00,100 גרם,false,,39.90,0.0532,true,1,239267
7290113196780,false,ב.ה. זיתים ירוקים מבוקעים באלדי 900 גר',בית השיטה עסיס תעשיו,IL,זיתים ירוקים מבוקעים,גרמים,900.00,100 גרם,false,,29.90,0.0332,true,1,252528
7290113197800,false,בית השיטה פלפל קלוי 400 גרם,,,בית השיטה פלפל קלוי,גרמים,400.00,100 גרם,false,,14.90,0.0373,true,1,259908
7290113197817,false,בית השיטה חציל קלוי 670 גרם,בית השיטה,,בית השיטה חציל קלוי,גרמים,670.00,100 גרם,false,,13.90,0.0207,true,1,259909
7290113198562,false,סוכריות גומי בטעם תות שדה 200 ג' שקדיה,טופגאם תעשיות ממתקים,IL,סוכריות גומי בטעם תו,גרמים,200.00,100 גרם,false,,9.90,0.0495,true,1,258888
7290113198579,false,סוכריות גומי דובונים בטעמי פירות 200 ג' שקדיה,טופגאם תעשיות ממתקים,IL,סוכריות גומי דובונים,גרמים,200.00,100 גרם,false,,9.90,0.0495,true,1,258889
7290113198586,false,סוכריות גומי מסוכרות בטעם אפרסק 200 ג' שקדיה,טופגאם תעשיות ממתקים,IL,סוכריות גומי נחשים ב,גרמים,200.00,100 גרם,false,,9.90,0.0495,true,1,258886
7290113198593,false,סוכריות גומי מסוכרות בטעם בננה 200 ג' שקדיה,טופגאם תעשיות ממתקים,IL,סוכריות גומי נחשים ב,גרמים,200.00,100 גרם,false,,9.90,0.0495,true,1,258887
7290113198609,false,סוכריות גומי נחשים בטעמי פירות 200 ג' שקדיה,טופגאם תעשיות ממתקים,IL,סוכריות גומי נחשים ב,גרמים,200.00,100 גרם,false,,9.90,0.0495,true,1,258885
7290113198616,false,ברנפלקס דגנים מחיטה מלאה וסובין 500 גרם שקדיה,שקדיה,IL,ברנפלקס דגנים מחיטה,גרמים,500.00,100 גרם,false,,14.90,0.0298,true,1,260107
7290113199859,false,מגש אירוח סוכריות גומי 350 ג' שקדיה,טופגאם תעשיות ממתקים,IL,מגש אירוח סוכריות גו,גרמים,350.00,100 גרם,false,,15.90,0.0454,true,1,258899
7290113199903,false,סוכריות חמצוצים בטעם תות בננה 180 ג' שקדיה,טופגאם תעשיות ממתקים,IL,סוכריות חמצוצים בטעם,גרמים,180.00,100 גרם,false,,9.90,0.0550,true,1,258890
7290113199910,false,סוכריות חמצוצים בטעם קולה 180 ג' שקדיה,טופגאם תעשיות ממתקים,IL,סוכריות חמצוצים בטעם,גרמים,180.00,100 גרם,false,,9.90,0.0550,true,1,258891
7290113199927,false,סוכריות חמצוצים בטעם פירות 180 ג' שקדיה,טופגאם תעשיות ממתקים,IL,סוכריות חמצוצים בטעמ,גרמים,180.00,100 גרם,false,,9.90,0.0550,true,1,258894
7290113317567,false,שקית 10 מטאלי - לבן,,,שקית 10 מטאלי לבן,יחידה,0.00,יחידה,false,,8.00,0.0000,true,1,199891
7290113317598,false,שקית 10 מטאלי - כסף,,,שקית 10 מטאלי כסף,יחידה,0.00,יחידה,false,,8.00,0.0000,true,1,199893
7290113319271,false,בקבוק פלסטיק עם צמיד,,,בקבוק 500 מל פלסטיק,יחידה,0.00,יחידה,false,,14.90,0.0000,true,1,263208
7290113560055,false,פרודונטקס מי פה טיפול יומי לחניכיים 500,פרודונטקס Parodontax,GB,פרדונטקס מי פה 500,יחידה,0.00,יחידה,false,,29.90,0.0000,true,1,220357
7290113560109,false,פרודונטקס מ.שיניים בטעם צמחי 75 מל,פרודונטקס Parodontax,SK,מ.פרדונטקס צמחי 75 מ,יחידה,0.00,יחידה,false,,29.90,0.0000,true,1,259564
7290113591844,false,נר ספרה 1 ורוד מטאלי,,,נר ספרה 1 ורוד מטאלי,יחידה,0.00,יחידה,false,,7.90,0.0000,true,1,218294
7290113596818,false,תותח קונפטי מטאלי רו,,,תותח קונפטי 40 סמ מט,יחידה,0.00,יחידה,false,,16.90,0.0000,true,1,218329
7290113658325,false,גופיות נוער כותנה,,,גופיות נוער כותנה,יחידה,1.00,יחידה,false,,14.90,14.9000,true,1,244031
7290113764019,false,סודה סטרים - מכשיר TERRA בצבע לבן,סודה סטרים,,מכשיר סודהסטרים ™TER,יחידה,0.00,יחידה,false,,499.00,0.0000,true,1,267980
7290113832299,false,כריות נוי,,,כריות נוי,יחידה,0.00,יחידה,false,,12.90,0.0000,true,1,241829
7290113836006,false,פיגמות נשים אפליקציה,,,פיגמות נשים אפליקציה,יחידה,0.00,יחידה,false,,49.90,0.0000,true,1,245230
7290113836044,false,גופיות פרימים גבר כו,,,גופיות פרימים גבר כו,יחידה,1.00,יחידה,false,,16.90,16.9000,true,1,244029
7290113837515,false,גרבי בייבי גם אנד גם,,,גרבי בייבי גם אנד גם,יחידה,0.00,יחידה,false,,10.00,0.0000,true,1,245207
7290113837607,false,גרבי פורטה בנים,,,גרבי פורטה בנים,יחידה,1.00,יחידה,false,,12.90,12.9000,true,1,244023
7290113838581,false,נעלי בית נשים,,,נעלי בית נשים,יחידה,1.00,יחידה,false,,24.90,24.9000,true,1,244036
7290114145831,false,אוליב שמפו לשיער יבש ופגום מועשר בשמן זית,אוליב Olive,,אוליב שמפו שמן זית,יחידה,0.00,יחידה,false,,18.90,0.0000,true,1,207969
7290114145848,false,אוליב - מרכך לשיער יבש ופגום מועשר בשמן זית,אוליב Olive,,אוליב מרכך שמן זית,יחידה,0.00,יחידה,false,,18.90,0.0000,true,1,203420
7290114146289,false,"אוליב - תחליב רחצה שמן זית 800 מ""ל",,,אוליב מרכך שמן זית,יחידה,0.00,יחידה,false,,18.90,0.0000,true,1,203421
7290114160797,false,שקיות ריץ רץ גודל 19,,,שקיות ריץ רץ גודל 19,יחידה,0.00,יחידה,false,,9.90,0.0000,true,1,261947
7290114160803,false,שקיות ריץ רץ גודל 28,,,שקיות ריץ רץ גודל 28,יחידה,0.00,יחידה,false,,9.90,0.0000,true,1,261948
7290114162845,false,טו גו 100 יח' כוסות,,,טו גו 100 יח' כוסות,יחידה,0.00,יחידה,false,,7.90,0.0000,true,1,267802
7290114162852,false,הום צלחות גדולות 50,,,הום צלחות גדולות 50,יחידה,0.00,יחידה,false,,28.90,0.0000,true,1,267947
7290114162869,false,הום צלחות קטנות 25 י,,,הום צלחות קטנות 25 י,יחידה,0.00,יחידה,false,,6.90,0.0000,true,1,267943
7290114162876,false,הום קעריות אובליות ח,,,הום קעריות אובליות ח,יחידה,0.00,יחידה,false,,4.90,0.0000,true,1,267944
7290114250009,false,אטריות אסלית 250 ג' PASTOS,,,אטריות אסלית 250 גרם,גרמים,250.00,100 גרם,false,,3.90,0.0156,true,1,195248
7290114250146,false,מיץ לימון משומר 1 לי,,,מיץ לימון משומר 1 לי,ליטרים,1.00,ליטר,false,,4.90,4.9000,true,1,261657
7290114250320,false,וופל חתיכות וחתיכים,,,וופל חתיכות וחתיכים,יחידה,0.00,יחידה,false,,12.90,0.0000,true,1,223890
7290114250689,false,פסטה ספגטי 250 ג' פסטוס,,,פסטה ספגטי 8 250 גרם,גרמים,250.00,100 גרם,false,,3.90,0.0156,true,1,261654
7290114310215,false,"שמנת מתוקה 38% רמת הגולן 250 מ""ל ווסטהיים - מוצר בפיקוח",מילקו תעשיות בעמ,IL,טרה שמנת מתוקה 38% 2,גרמים,250.00,100 גרם,false,,6.47,0.0259,true,1,219086
7290114310222,false,חלב 1.5 ליטר 3% מועשר בסידן וויטמין D.,מילקו תעשיות בעמ,IL,טרה חלב מעושר בסידן,ליטרים,1.50,ליטר,false,,12.50,8.3333,true,1,212004
7290114310239,false,חלב טרה נטול לקטוז מועשר בוויטמין D 2% 1.5 ל',מילקו תעשיות בעמ,IL,טרה חלב נטול לקטוז מ,ליטרים,1.50,ליטר,false,,12.50,8.3333,true,1,212008
7290114310246,false,125 גרנה פדנו צ'אנק גרם משק צוריאל,מחלבת משק צוריאל,IL,גרנה פדנו צ'אנק 125,גרמים,125.00,100 גרם,false,,20.90,0.1672,true,1,224116
7290114310253,false,גרנה פדנו מגורדת גרם משק 100 צוריאל,מחלבת משק צוריאל,IL,גרנה פדנו מגורדת 100,יחידה,0.00,יחידה,false,,13.90,0.0000,true,1,224117
7290114310338,false,"צפתית מעודנת 5% ""משק צוריאל"" 2250 גרם",מחלבת משק צוריאל,IL,צפתית מעודנת 5% 225,גרמים,225.00,100 גרם,false,,20.90,0.0929,true,1,224118
7290114310345,false,מעדן יוגורט - תות 1.5% 125 גרם,טרה,IL,מעדן יוגורט בטעם תות,גרמים,125.00,100 גרם,false,,3.20,0.0256,true,1,217414
7290114310536,false,יוגורט לייט מעושר בחלבון בטעם וניל מולר 200 ג',מולר Muller,IL,יוגורט לייט מעושר חל,יחידה,0.00,יחידה,false,,7.90,0.0000,true,1,224945
7290114310550,false,פטה עיזים מעודנת בגביע 5% 200 ג',מחלבת משק צוריאל,IL,פטה עיזים מעודנת 5%,גרמים,200.00,100 גרם,false,,26.90,0.1345,true,1,236654
7290114310574,false,גבינת קרם שמנת עיזים 5% 200 גרם צוריאל,מחלבת משק צוריאל,IL,גבינת קרם שמנת עיזים,גרמים,200.00,100 גרם,false,,15.90,0.0795,true,1,236656
7290114310611,false,"משקה חלב בננה בבקבוק פקק ספורט טרה 250 מ""ל",Unknown,IL,טרה משקה חלב בננה 25,מיליליטרים,250.00,"100 מ""ל",false,,5.90,0.0236,true,1,236658
7290114310628,false,משקה חלב וניל ועוגיות בקבוק 1 ליטר,מילקו תעשיות בעמ,IL,טרה משקה חלב וניל עו,ליטרים,1.00,ליטר,false,,11.90,11.9000,true,1,236015
7290114310673,false,גבינת לאבנה 9% 250 גרם,Unknown,IL,לאבנה 9% 250 גרם,גרמים,250.00,100 גרם,false,,13.90,0.0556,true,1,236661
7290114310895,false,"סימפלי פרוט יוגורט עם מנגו תות, שמיניה 8 * 150 גרם",מולר Muller,IL,מאגדת שמינייה סימפלי,יחידה,0.00,יחידה,false,,31.90,0.0000,true,1,243174
7290114310901,false,"גבינה לבנה ""טרה"" 5% -מוצר בפיקוח",Unknown,IL,טרה גבינה לבנה 5% 25,גרמים,250.00,100 גרם,false,,4.98,0.0199,true,1,267551
7290114310963,false,יוגורט מחלב עיזים מלא כ3.8% שומן מועשר 500 גר',מחלבת משק צוריאל,IL,יוגורט מחלב עיזים מל,גרמים,500.00,100 גרם,false,,15.90,0.0318,true,1,244126
7290114311014,false,"משקה חלב אייס קפוצינו יטבתה 250 מ""ל פקק",Unknown,IL,משקה אייס קפוצ'ינו 2,מיליליטרים,250.00,"100 מ""ל",false,,5.90,0.0236,true,1,257755
7290114311021,false,"משקה חלב וניל עוגיות טרה 250 מ""ל פקק ספו",Unknown,IL,משקה וניל עוגיות 250,גרמים,250.00,100 גרם,false,,5.90,0.0236,true,1,257756
7290114311038,false,שמנת מתוקה עמידה 32% 250מל בקבוק,מילקו,IL,שמנת מתוקה להקצפה 32,גרמים,250.00,100 גרם,false,,7.50,0.0300,true,1,257757
7290114311069,false,יוגורט לבן מועשר בחלבון 0% שומן 200 גרם muller active,מולר Muller,IL,מולר אקטיב עם 25 ג',גרמים,150.00,100 גרם,false,,6.90,0.0460,true,1,254893
7290114311076,false,"חמאת מולר צהובה עם שום, 200 גרם",מולר Muller,IL,מולר חמאה צהובה עם ש,גרמים,200.00,100 גרם,false,,13.90,0.0695,true,1,257762
7290114311298,false,יוגורט מולר פרופ בטעם תות בננה מלון 150,מולר Muller,IL,מולר פרופ קציפת תות,מיליליטרים,150.00,"100 מ""ל",false,,5.10,0.0340,true,1,260175
7290114311304,false,יוגורט קציפת מנגו פסיפלורה בננה 150 ג' מולר,מולר Muller,IL,מולר פרופ קציפת מנגו,מיליליטרים,150.00,"100 מ""ל",false,,5.10,0.0340,true,1,260176
7290114311328,false,חלב נטול לקטוז מועשר בוויטמין די 1 ליטר 2%,ג'י.אר.אמ.גרופו אלימ,IL,טרה חלב נטול לקטוז1,ליטרים,1.00,ליטר,false,,8.50,8.5000,true,1,261800
7290114311359,false,יוגורט עם קציפת מנגו 3% שומן פרופ 150 ג' מולר,מולר Muller,IL,מולר פרופ מנגו 3% 15,מיליליטרים,150.00,"100 מ""ל",false,,5.10,0.0340,true,1,261566
7290114349390,false,"צלחת הגשה ""דניס"" 17*",,,"צלחת הגשה ""דניס"" 17*",יחידה,1.00,יחידה,false,,14.90,14.9000,true,1,244356
7290114349406,false,"צלוחית הגשה ""דג"" 8.4",,,"צלוחית הגשה ""דג"" 8.4",יחידה,1.00,יחידה,false,,5.90,5.9000,true,1,229066
7290114480185,false,נויה שמפו קוקוס 500,,,נויה שמפו קוקוס 500,מיליליטרים,500.00,"100 מ""ל",false,,19.90,0.0398,true,1,261413
7290114480208,false,"נויה שמפו קיק 500 מ""",,,"נויה שמפו קיק 500 מ""",מיליליטרים,500.00,"100 מ""ל",false,,19.90,0.0398,true,1,261415
7290114480215,false,נויה שמפו קרטין 500,,,נויה שמפו קרטין 500,מיליליטרים,500.00,"100 מ""ל",false,,19.90,0.0398,true,1,261416
7290114480246,false,"נויה מרכך קיק 500 מ""",,,"נויה מרכך קיק 500 מ""",מיליליטרים,500.00,"100 מ""ל",false,,19.90,0.0398,true,1,261418
7290114480253,false,נויה מרכך קרטין 500,,,נויה מרכך קרטין 500,מיליליטרים,500.00,"100 מ""ל",false,,19.90,0.0398,true,1,261419
7290114480277,false,נויה מסכה לשיער קרטי,,,נויה מסכה לשיער קרטי,מיליליטרים,500.00,"100 מ""ל",false,,39.90,0.0798,true,1,261421
7290114480284,false,נויה סרום לשיער שמן,,,נויה סרום לשיער שמן,יחידה,0.00,יחידה,false,,29.90,0.0000,true,1,261482
7290114480291,false,נויה סרום לשיער קרטי,,,נויה סרום לשיער קרטי,יחידה,0.00,יחידה,false,,29.90,0.0000,true,1,261483
7290114600927,false,מאסטר שף עלי טורטייה חיטה מלאה 320 גרם,אלקאטי קורביישיסי גי,ES,מאסטר שף עלי טורטיה,גרמים,320.00,100 גרם,false,,10.90,0.0341,true,1,219172
7290114600941,false,מאסטר שף מיונז הולנדי לחיץ 435 גרם,קפה לנדוור,NL,מאסטר שף מיונז לחיץ,גרמים,435.00,100 גרם,false,,14.90,0.0343,true,1,224554
7290114600989,false,"רוטב אלף האיים מאסטר שף 250 מ""ל",קפה לנדוור,NL,מאסטר שף אלף האיים 2,מיליליטרים,250.00,"100 מ""ל",false,,9.90,0.0396,true,1,213400
7290114600996,false,"רוטב שום מאסטר שף 250 מ""ל",קפה לנדוור,NL,מאסטר שף רוטב שום 25,מיליליטרים,250.00,"100 מ""ל",false,,9.90,0.0396,true,1,213401
7290114602778,false,פרי סלייסים ציפס ירקות שורש 90 גרם,פלפר אפרטיבוס,ES,פרי סלייסים צ'יפ ירק,יחידה,0.00,יחידה,false,,14.90,0.0000,true,1,238825
7290114603041,false,"פרי גרנולה בוטנים אגוזים וקוקוס, 300 ג'","אפקט טבעי בע""מ",IL,פרי גרנולה בוטנים אג,יחידה,0.00,יחידה,false,,16.90,0.0000,true,1,221087
7290114603508,false,"רוטב להקצפה מאסטר שף 300 מ""ל",סיטי פוד,TH,מאסטר שף רוטב להקפצה,מיליליטרים,300.00,"100 מ""ל",false,,9.90,0.0330,true,1,219234
7290114603539,false,קרוטונים למרק שום בצל מאסטר שף 350 גרם,מאסטר שף,IL,מאסטר שף קרוטונים למ,גרמים,350.00,100 גרם,false,,18.90,0.0540,true,1,219237
7290114603607,false,PLAY חטיף פוף בטעם חמוץ חריף 40 גרם,Mana,,פוף PLAY בטעם חומץ ח,יחידה,0.00,יחידה,false,,3.90,0.0000,true,1,213407
7290114604222,false,קולגייט אופטיק וייט אקסטרא זוג 75 מל,CP-Poland swidnica,PL,קולגייט אופטיק וייט,יחידה,0.00,יחידה,false,,44.90,0.0000,true,1,214322
7290114604840,false,"דפי אורז מאסטר שף קוטר 16 ס""מ 400 גרם",מאסטר שף,,דפי אורז קוטר 16,יחידה,0.00,יחידה,false,,14.90,0.0000,true,1,224364
7290114604857,false,"דפי אורז מאסטר שף קוטר 22 ס""מ 400 גרם",מאסטר שף,VN,דפי אורז קוטר 22,יחידה,0.00,יחידה,false,,14.90,0.0000,true,1,224365
7290114604871,false,מאסטר שף קוסקוס בינוני 350 גרם,דוידוביץ,IL,קוסקוס סולת בינוני 3,גרמים,350.00,100 גרם,false,,5.90,0.0169,true,1,221085
7290114604895,false,ממרח ספייסי לחיץ מאסטר שף 446 גרם,מאסטר שף,NL,מאסטר שף ממרח ספייסי,גרמים,446.00,100 גרם,false,,14.90,0.0334,true,1,238035
7290114604901,false,ממרח שום לחיץ מאסטר שף 444 גרם,מאסטר שף,NL,מאסטר שף ממרח שום לח,גרמים,444.00,100 גרם,false,,14.90,0.0336,true,1,238036
7290114604925,false,מאסטר שף קרם קוקוס לייט 400 גרם,"תאי קוקונאט חברה בע""",TH,מאסטר שף קרם קוקוס ל,מיליליטרים,400.00,"100 מ""ל",false,,9.90,0.0248,true,1,242959
7290114604932,false,מאסטר שף רוטב ברביקיו ודבש 524 גר,רמיה סי.וי. הולנד,NL,מאסטר שף רוטב ברביקי,גרמים,520.00,100 גרם,false,,13.90,0.0267,true,1,238040
7290114604949,false,מאסטר שף רוטב ברביקיו 524 גרם,רמיה סי.וי. הולנד,NL,מאסטר שף רוטב ברביקי,גרמים,524.00,100 גרם,false,,13.90,0.0265,true,1,238041
7290114605342,false,פירסט סמייל רפידות הנקה גודל מדיום 110,צאנזו שאנג קאר פרודק,CN,פירסט סמייל רפידות ה,יחידה,0.00,יחידה,false,,26.90,0.0000,true,1,239208
7290114605557,false,נייר עטיפה לסנדוויץ קוקי 80 יח',פישל,IL,קוקי-נייר עטיפה לסנד,יחידה,0.00,יחידה,false,,13.90,0.0000,true,1,235317
7290114606530,false,רוטב בטעם מיונז וקטשופ מאסטר שף 515 גרם,מאסטר שף,NL,מאסטר שף מיונז וקטשו,גרמים,515.00,100 גרם,false,,14.90,0.0289,true,1,238037
7290114606547,false,מיונז פטריות כמהין לחיץ מאסטר שף 242 גרם,מאסטר שף,NL,מאסטר שף מיונז עם פט,גרמים,242.00,100 גרם,false,,14.90,0.0616,true,1,238038
7290114606554,false,מיונז מופחת קלוריות בקבוק לחיץ,מאסטר שף,NL,מאסטר שף מיונז לייט,גרמים,470.00,100 גרם,false,,14.90,0.0317,true,1,238039
7290114606561,false,מאסטר שף אטריות אורז דקות ורמיצ'לי 400 ג,ליינג טונג רייס פלוו,TH,מאסטר שף אטריות אורז,גרמים,400.00,100 גרם,false,,10.90,0.0273,true,1,242957
7290114606578,false,שקדי מרק מאסטר שף 400 גרם,שסטוביץ,IL,מאסטר שף שקדי מרק 40,גרמים,400.00,100 גרם,false,,9.90,0.0248,true,1,242363
7290114606592,false,רוטב סויה מסורתית 46% פולי סויה מאסטר שף 620 ג',קריניציה ויטמינה אס,TH,מאסטר שף סויה מסורתי,יחידה,0.00,יחידה,false,,16.90,0.0000,true,1,240330
7290114606608,false,רוטב סויה מסורתי מאסטר שף 620 גר,קריניציה ויטמינה אס,TH,מאסטר שף סויה מסורתי,יחידה,0.00,יחידה,false,,16.90,0.0000,true,1,240331
7290114607391,false,"קולגייט משחת לילדים ברבי 2-5 שנים, 75 מ""ל",קולגייט פלמוליב,PL,קולגייט משחת ילדים ב,יחידה,0.00,יחידה,false,,16.90,0.0000,true,1,240883
7290114608633,false,"דפי אצה מאסטר שף, 25 גרם",מאסטר שף,,מאסטר שף דפי אצה 25,יחידה,0.00,יחידה,false,,11.90,0.0000,true,1,251278
7290114608640,false,קרוטונים לסלט כוסמין מאסטר שף 260 גרם,עינת תעשיות מזון אגו,IL,מאסטר שף קרוטונים לס,גרמים,260.00,100 גרם,false,,18.90,0.0727,true,1,242357
7290114608695,false,מיונז עם ווסאבי לחיץ מאסטר שף 241 גרם,רמיה סי.וי,NL,מאסטר שף מיונז עם וו,גרמים,241.00,100 גרם,false,,14.90,0.0618,true,1,242958
7290114651516,false,באנר יום הולדת שמח א,,,באנר יום הולדת שמח א,יחידה,0.00,יחידה,false,,10.00,0.0000,true,1,218357
7290114651806,false,בקבוק טריטן עם צמידי,,,"בקבוק טריטן 700 מ""ל",יחידה,0.00,יחידה,false,,29.90,0.0000,true,1,210282
7290114654104,false,קישוט לעוגה כוכב פלס,,,קישוט לעוגה כוכב פלס,יחידה,0.00,יחידה,false,,7.90,0.0000,true,1,218393
7290114654739,false,באנר דגלונים 2.5 מטר,,,באנר דגלונים 2.5 מטר,יחידה,0.00,יחידה,false,,10.00,0.0000,true,1,252362
7290114721301,false,זוג ראשי מברשות תואם אורל בי Sensitive,,,מארז זוג ראשי אורל ב,יחידה,0.00,יחידה,false,,24.90,0.0000,true,1,257644
7290114721400,false,זוג ראשי פחם Soft תואם אורל בי,,,זוג ראשים תואם אורל,יחידה,0.00,יחידה,false,,24.90,0.0000,true,1,257645
7290114721592,false,מברשת שיניים חשמלית פוג'יקום דינוזאור,,,מברשת שיניים לילדים,יחידה,0.00,יחידה,false,,39.90,0.0000,true,1,257318
7290114721608,false,מברשת שיניים חשמלית פוג'יקום חד קרן,,,מברשת שיניים לילדים,יחידה,0.00,יחידה,false,,39.90,0.0000,true,1,257317
7290115071689,false,בקבוק טריטן עם צמידי,,,בקבוק טריטן עם צמידי,יחידה,0.00,יחידה,false,,29.90,0.0000,true,1,263235
7290115071818,false,בלון מיילר 31- כתר ר,,,בלון מיילר 31- כתר ר,יחידה,0.00,יחידה,false,,24.90,0.0000,true,1,218462
7290115072648,false,בקבוק פלסטיק עם צמיד,,,בקבוק 500 מל פלסטיק,יחידה,0.00,יחידה,false,,14.90,0.0000,true,1,239651
7290115072679,false,בקבוק 500 מל פלסטיק,,,בקבוק 500 מל פלסטיק,יחידה,0.00,יחידה,false,,14.90,0.0000,true,1,239653
7290115076165,false,סט קופסת אוכל ובקבוק,,,סט קופסת אוכל ובקבוק,יחידה,0.00,יחידה,false,,14.90,0.0000,true,1,241157
7290115076370,false,טופר בלונים-מיקס ורו,,,טופר בלונים-מיקס ורו,יחידה,0.00,יחידה,false,,5.90,0.0000,true,1,252401
7290115079371,false,בקבוק נירוסטה דופן כ,,,בקבוק נירוסטה ציפוי,יחידה,0.00,יחידה,false,,39.90,0.0000,true,1,241105
7290115079388,false,בקבוק נירוסטה דופן כ,,,בקבוק 500 מל נירוסטה,יחידה,0.00,יחידה,false,,39.90,0.0000,true,1,241106
7290115079654,false,בקבוק פלסטיק 370 מל דופן כפולה עם נצנצים - הלו קיטי,,,בקבוק פלסטיק דופן כפ,יחידה,0.00,יחידה,false,,39.90,0.0000,true,1,241112
7290115200003,false,אסם פתי בר פינוקים ניל 220 גרם,תאי פרזידנט פוד פאבל,PL,אסם פתי בר פינוקי ונ,גרמים,220.00,100 גרם,false,,11.90,0.0541,true,1,213428
7290115200027,false,אסם פתי בר פינוקים שוקו 220 גרם,קריות זול,PL,אסם פתי בר פינוקי שו,גרמים,220.00,100 גרם,false,,11.90,0.0541,true,1,213429
7290115200676,false,עוגיות קרמוגית במילוי קרם בטעם קרמל מלוח,היינץ צפון אמריקה מק,IL,אסם קרמוגית קרמל מלו,גרמים,200.00,100 גרם,false,,11.90,0.0595,true,1,214307
7290115200713,false,במבה קלאסי מארז אחיד 8 50*5 ג',אסם,IL,במבה קלאסי מארז אחיד,יחידה,0.00,יחידה,false,,13.90,0.0000,true,1,213430
7290115200881,false,בייגלה אסם שטוחים שומשום במליחות מעודנת 300 גר,"אסם תעשיות בע""מ",IL,אסם בייגלה שטוחים עם,גרמים,300.00,100 גרם,false,,10.90,0.0363,true,1,233933
7290115201031,false,אסם פתי בר דובי שוקולד 175 גרם,טרופיקל דגיל תעשיות,PL,אסם פתי בר דובי שוקו,גרמים,175.00,100 גרם,false,,11.90,0.0680,true,1,235535
7290115201451,false,טבעול גורמה לביבות בטטה קארי 455 גרם,טבעול (מקבוצת אסם הש,IL,טבעול גורמה לביבות ב,יחידה,0.00,יחידה,false,,36.90,0.0000,true,1,254251
7290115201475,false,טבעול גורמה לביבות כרישה 434 גרם,טבעול (מקבוצת אסם הש,IL,טבעול גורמה לביבות כ,יחידה,0.00,יחידה,false,,36.90,0.0000,true,1,254252
7290115201536,false,טבעול גורמה לביבות כרובית ותפוא 442 גרם,עיצובים 2020 (4.8),IL,טבעול גורמה לביבות כ,יחידה,0.00,יחידה,false,,36.90,0.0000,true,1,254253
7290115201550,false,ביסלי קרנבל מיקס 150 ג' אסם,פרו מן יו פתרונות אר,IL,ביסלי קרנבל מיקס 150,גרמים,150.00,100 גרם,false,,8.90,0.0593,true,1,217857
7290115201680,false,ביסלי בטעם ברביקיו אסם 70 גרם,"אסם תעשיות בע""מ",IL,ביסלי טעם ברביקיו 70,יחידה,0.00,יחידה,false,,4.90,0.0000,true,1,218562
7290115201703,false,ביסלי בטעם ברביקיו 200 ג' אסם,מיוצר עי קונדיטוריית,IL,ביסלי בטעם ברביקיו 2,גרמים,200.00,100 גרם,false,,8.90,0.0445,true,1,218563
7290115201727,false,ביסלי חטיף בטעם בצל אסם 200 גרם,מיוצר עי קונדיטוריית,IL,ביסלי בצל 200 גרם,גרמים,200.00,100 גרם,false,,8.90,0.0445,true,1,218558
7290115201741,false,ביסלי בטעם בצל אסם 70 גרם,"אסם תעשיות בע""מ",IL,ביסלי בצל 70 גרם,יחידה,0.00,יחידה,false,,4.90,0.0000,true,1,223526
7290115202236,false,טבעול טופו קראנצים 470 גרם,עיצובים 2020 (4.8),IL,טבעול טופו קראנצ'ים,גרמים,470.00,100 גרם,false,,29.90,0.0636,true,1,243113
7290115202250,false,טבעול טופו קראנצים צ'ילי פיקנטי 470 גר',עיצובים 2020 (4.8),IL,טבעול טופו קראנצ'ים,גרמים,470.00,100 גרם,false,,29.90,0.0636,true,1,243114
7290115202434,false,צבר סלט חומוס עם זעתר 375 גרם,ג'נרל מילס סאן אדריא,IL,צבר חומוס עם זעתר 37,גרמים,375.00,100 גרם,false,,12.90,0.0344,true,1,232771
7290115202762,false,פרפקטו מיני ניוקי טריקולור 500 גרם - רבנות,Grandi Pastai Italia,IT,פרפקטו מיני ניוקי טר,גרמים,500.00,100 גרם,false,,12.90,0.0258,true,1,235517
7290115202786,false,מנה חמה פאוצ נדלס.אטר.טעם בקר 70 גרם,Unknown,IL,מנה חמה פאוצ' טעם בק,יחידה,0.00,יחידה,false,,5.50,0.0000,true,1,235611
7290115202816,false,מנה חמה פאוץ נודלס אטריות טעם עוף 70 גרם,Unknown,IL,מנה חמה פאוצ' טעם עו,יחידה,0.00,יחידה,false,,5.50,0.0000,true,1,235612
7290115202847,false,מנה חמה פאוצ' נדלס ספייסי אסם 70 ג',Unknown,IL,מנה חמה פאוצ' נודלס,יחידה,0.00,יחידה,false,,5.50,0.0000,true,1,235613
7290115202939,false,מנה חמה רייס נודלס עוף פטריות אסם 50 גרם,מיוצר עי קונדיטוריית,TH,מנה חמה רייס נודלס ע,גרמים,50.00,100 גרם,false,,9.90,0.1980,true,1,245215
7290115203134,false,פופקו פופקורן במבה אסם 80 גרם,"אסם תעשיות בע""מ",IL,פופקו חפופקורן במבה,יחידה,0.00,יחידה,false,,5.90,0.0000,true,1,238641
7290115203172,false,במבה PRO מכיל 18 גרם חלבון בשקית,"אסם תעשיות בע""מ",IL,במבה פרו 80 גרם,יחידה,0.00,יחידה,false,,4.90,0.0000,true,1,262342
7290115204186,false,פסטו המעדינה של צבר,צבר,IL,צבר פסטו 190 גרם,גרמים,190.00,100 גרם,false,,15.90,0.0837,true,1,252507
7290115204247,false,ממרח עגבניות מיובשות 190 ג' צבר,צבר,IL,צבר עגבניות מיובשות,גרמים,190.00,100 גרם,false,,15.90,0.0837,true,1,252512
7290115204261,false,אריסה חריפה המעדנייה,צבר,IL,צבר אריסה 190 גרם,גרמים,190.00,100 גרם,false,,12.00,0.0632,true,1,252515
7290115205176,false,פיטנס - קרקר דק כפרי פיטנס 140 גרם,נסטלה Nestle,IL,פיטנס קרקר כפרי 140,גרמים,140.00,100 גרם,false,,12.90,0.0921,true,1,245141
7290115205312,false,קרקר פיטנס דק עם זיתי קלמטה ועשבי תיבול,"אסם השקעות בע""מ",IL,פיטנס קרקר Thin Deli,גרמים,140.00,100 גרם,false,,12.90,0.0921,true,1,259903
7290115205527,false,פיטנס חטיף מולטגריין עם עדשים 24*25גרם,פיטנס,IL,פיטנס חטיף מולטיגריי,יחידה,0.00,יחידה,false,,5.90,0.0000,true,1,260114
7290115206531,false,אסם קרמוגית במילוי קרם בייגלה 12*200 גרם,אסם-נסטלה,IL,אסם קרמוגית במילוי ק,גרמים,200.00,100 גרם,false,,11.90,0.0595,true,1,245256
7290115207163,false,פרפקטו ניוקי בזיליקום ושום 500 ג' אסם,איטלניוקי,IT,פרפקטו ניוקי בזיליקו,גרמים,500.00,100 גרם,false,,14.90,0.0298,true,1,252493
7290115207309,false,אסם אינסטנט פודינג טרמיסימו 70 גרם,"אסם תעשיות בע""מ",IL,אסם פודינג אינסטנט ט,יחידה,0.00,יחידה,false,,5.50,0.0000,true,1,259905
7290115207484,false,צבר סלט חציל על האש היתר 360 גרם,ג'נרל מילס סאן אדריא,IL,צבר חציל על האש היתר,גרמים,400.00,100 גרם,false,,15.90,0.0398,true,1,252518
7290115207507,false,"סלט טורקי 330 גרם ""צבר""",ג'נרל מילס סאן אדריא,IL,צבר סלט טורקי 360 גר,גרמים,360.00,100 גרם,false,,15.90,0.0442,true,1,252516
7290115207620,false,"רוטב בסגנון סויה קלאסי 290 מ""ל אסם","אסם תעשיות בע""מ",IL,אסם רוטב בסגנון סויה,מיליליטרים,290.00,"100 מ""ל",false,,15.90,0.0548,true,1,259911
7290115207682,false,"אסם רוטב בסגנון סויה סיני 290 מ""ל","אסם תעשיות בע""מ",IL,אסם רוטב בסגנון סויה,מיליליטרים,290.00,"100 מ""ל",false,,9.90,0.0341,true,1,259910
7290115207941,false,ויטמינצ'יק תרכיז אננס 1 ליטר,בית-השיטה עסיס תעשיו,IL,ויטמינצ'יק אננס 1 לי,ליטרים,1.00,ליטר,false,,21.90,21.9000,true,1,252653
7290115207989,false,ויטמינצ'יק תרכיז לימון 1 ליטר,בית-השיטה עסיס תעשיו,IL,ויטמינצ'יק לימון 1 ל,ליטרים,1.00,ליטר,false,,21.90,21.9000,true,1,252654
7290115208009,false,ויטמינצ'יק תרכיז ענבים 1 ליטר,בית-השיטה עסיס תעשיו,IL,ויטמינצ'יק ענבים 1 ל,ליטרים,1.00,ליטר,false,,21.90,21.9000,true,1,252658
7290115208047,false,ויטמינצ'יק תרכיז פטל 1 ליטר,בית-השיטה עסיס תעשיו,IL,ויטמינצ'יק פטל 1 ליט,ליטרים,1.00,ליטר,false,,21.90,21.9000,true,1,252652
7290115208061,false,ויטמינצ'יק תרכיז תפוח 1 ליטר,בית השיטה עסיס תעשיו,IL,ויטמינצ'יק תפוח 1 לי,ליטרים,1.00,ליטר,false,,21.90,21.9000,true,1,252656
7290115208344,false,בייגלה כפיות שמנת בצל אסם 300 גרם,אסם,IL,אסם בייגלה כפיות שמנ,גרמים,300.00,100 גרם,false,,10.90,0.0363,true,1,262345
7290115208597,false,קרמוגית מיניס קרמל מלוח אסם 200 גרם,"אסם השקעות בע""מ",IL,אסם קרמוגית מיניס קר,גרמים,200.00,100 גרם,false,,11.90,0.0595,true,1,260849
7290115208696,false,רוטב פלפל שאטה 300 ג' אסם,,,אסם רוטב פלפל שאטה,יחידה,0.00,יחידה,false,,9.90,0.0000,true,1,264101
7290115209358,false,במבה במילוי בראוניז אסם 60 גרם,"אסם תעשיות בע""מ",IL,במבה במילוי בראוניז,יחידה,0.00,יחידה,false,,4.90,0.0000,true,1,266209
7290115209372,false,במבה במילוי בראוניז 150ג' אסם,"אסם תעשיות בע""מ",IL,במבה במילוי בראוניז,גרמים,150.00,100 גרם,false,,10.90,0.0727,true,1,266210
7290115292268,false,"אוליב - שמפו קרטין 800 מ""ל",,,אוליב שמפו קרטין 80,מיליליטרים,800.00,"100 מ""ל",false,,18.90,0.0236,true,1,217314
7290115292459,false,"LA BELLE KERATINשמפו לשיער מתולתל 750מ""ל",,,לה בל שמפו קרטין לשי,יחידה,0.00,יחידה,false,,22.90,0.0000,true,1,220456
7290115292466,false,"LA BELLE KERATINשמפו לשיער רגיל עד יבש 750מ""ל",,,לה בל שמפו קרטין לשי,יחידה,0.00,יחידה,false,,22.90,0.0000,true,1,220461
7290115292473,false,"LA BELLE KERATINקרם לחות לשיער צבוע ופגום 500מ""ל",,,לה בל קרם לחות קרטין,יחידה,0.00,יחידה,false,,19.90,0.0000,true,1,220445
7290115292480,false,"LA BELLE KERATINקרם לחות לשיער מתולתל 500מ""ל",,,לה בל קרם לחות קרטין,יחידה,0.00,יחידה,false,,19.90,0.0000,true,1,220446
7290115292503,false,"LA BELLE KERATINמסכה לשיער צבוע ופגום 500מ""ל",,,לה בל מסכה קרטין לשי,יחידה,0.00,יחידה,false,,26.90,0.0000,true,1,220438
7290115292510,false,"LA BELLE KERATINמסכה לשיער מתולתל 500מ""ל",,,לה בל מסכה לשיער מתו,יחידה,0.00,יחידה,false,,26.90,0.0000,true,1,220434
7290115400274,false,מיני דובשניות מתוקות 400 גר',קפולסקי א.ד.ל.,IL,דובשניות מיני 400 גר,גרמים,400.00,100 גרם,false,,11.90,0.0298,true,1,265921
7290115480009,false,"מרכך כביסה מרוכז פרש קונטרול ירוק 900 מ""ל סוד",הנקל סוד,IL,סוד מרכך מרוכז פרש ק,יחידה,0.00,יחידה,false,,11.90,0.0000,true,1,248725
7290115480016,false,סוד פאוור קאפס לכביסה צבעונית 26 יחי,סוד,,סוד קפסולות גל לכביס,יחידה,26.00,יחידה,false,,29.90,1.1500,true,1,259704
7290115670684,false,גרנולה שיבולת שועל עם אגוזי לוז,אנרג'י Energy - שטראוס,CZ,גרנולה אגוזים 400 גר,יחידה,0.00,יחידה,false,,15.90,0.0000,true,1,237373
7290115670691,false,גרנולה שיבולת שועל עם פירות יער,אנרג'י Energy - שטראוס,CZ,גרנולה פירות יער 400,יחידה,0.00,יחידה,false,,15.90,0.0000,true,1,237376
7290115670707,false,גרנולה שיבולת שועל עם שוקולד ואגוזי לוז,אנרג'י Energy - שטראוס,CZ,גרנולה שוקלד ואגוזים,יחידה,0.00,יחידה,false,,15.90,0.0000,true,1,237379
7290115671155,false,שלישיית סוכריות FRESH ענבים 45 ג' בזוקה,הליקון גידה,TR,שלישיית סוכריות פרש,יחידה,0.00,יחידה,false,,9.90,0.0000,true,1,248979
7290115671223,false,מסטיק מאסט פאן בצנצנת אבטיח מנגו,אסקום קונפקשיין,DE,מאסט פאן אבטיח מנגו,יחידה,0.00,יחידה,false,,9.90,0.0000,true,1,248888
7290115671308,false,מסטיק מאסט פאן בצנצנת תות דובדבן,אסקום קונפשטיין,DE,מאסט פאן תות דובדבן,יחידה,0.00,יחידה,false,,9.90,0.0000,true,1,248889
7290115671339,false,מיני פינוקיות בראוניז בייגל בוטן עלית 180 ג' עלית,הגביע מוצרי ופלים בע,IL,מיני פינוקית בראוניז,גרמים,200.00,100 גרם,false,,11.90,0.0595,true,1,240995
7290115671346,false,מיני פינוקיות טופי קרמל מלוח 180 ג' עלית,הגביע מוצרי ופלים בע,IL,מיני פינוקית טופי קר,גרמים,200.00,100 גרם,false,,11.90,0.0595,true,1,240996
7290115671353,false,מיני פינוקיות עוגיות קקאו במילוי קרם בטעם וניל,הגביע,IL,מיני פינוקית שחור לב,גרמים,200.00,100 גרם,false,,11.90,0.0595,true,1,248893
7290115671421,false,פולי אספרסו עשירים וארומטיים עוצמה 10 250 ג' עלית,שטראוס קפה בי.וי,IL,פולי אספרסו עשירים ו,גרמים,250.00,100 גרם,false,,24.90,0.0996,true,1,257893
7290115675696,false,דגני בוקר קראנצ'ים שיבולת שועל עם אגוזים ושקדים,גלידות שטראוס,IL,קוואקר אגוזים 375 גר,גרמים,375.00,100 גרם,false,,19.90,0.0531,true,1,240917
7290115675702,false,דגני בוקר קראנצ'ים שיבולת שועל עם פירות מיובשים,גלידות שטראוס,IL,קוואקר פירות 375 גרם,גרמים,375.00,100 גרם,false,,19.90,0.0531,true,1,240918
7290115675719,false,דגני בוקר קראנצ'ים שיבולת שועל וחתיכות שוקולד מריר,BEVERAGES FOODS & SE,US,קוואקר שוקולד 375 גר,גרמים,375.00,100 גרם,false,,19.90,0.0531,true,1,240920
7290115676037,false,דנונה ריפרש יוגורט עם תות ודומדמניות 1.6% שומן,מיוצר עי קונדיטוריית,IL,דנונה ריפרש תות דומד,גרמים,250.00,100 גרם,false,,5.90,0.0236,true,1,238389
7290115676051,false,"אקטיביה משקה+שיבולת שועל במתיקות מעודנת 250 מ""ל",מיוצר עי קונדיטוריית,IL,דנונה אקטיביה 250 גר,גרמים,250.00,100 גרם,false,,5.90,0.0236,true,1,245075
7290115676099,false,משקה דנונה פרו 20 יוגורט וניל 255 ג' רבנות,"שטראוס בריאות בע""מ.",IL,משקה דנונה פרו 255 ג,גרמים,255.00,100 גרם,false,,7.50,0.0294,true,1,238391
7290115676273,false,אבקת קקאו 500 גרם +10% עלית,שטראוס גרופ,IL,קקאו 500 גרם +10%,גרמים,500.00,100 גרם,false,,28.00,0.0560,true,1,236592
7290115677089,false,קונפיטורת יד מרדכי תפוח וקינמון 340 גרם,"בית אל מזון בע""מ",IL,קונפ' תפוח וקינמון 3,גרמים,340.00,100 גרם,false,,13.90,0.0409,true,1,241006
7290115677362,false,"נודלס טריאקי ""דלישס"" שטראוס","טרופיקל דגיל בע""מ אז",IL,נודלס טריאקי,יחידה,0.00,יחידה,false,,26.90,0.0000,true,1,243761
7290115677423,false,אורז ירוק קארי חריף חריף דלישס 350 גרם,"טרופיקל דגיל בע""מ אז",IL,אורז קארי ירוק חריף,יחידה,0.00,יחידה,false,,26.90,0.0000,true,1,243766
7290115677676,false,חומוס הסדרה המובחרת בתוספת חריף 400 גרם,שטראוס גרופ,IL,חומוס הסדרה המובחרת,גרמים,400.00,100 גרם,false,,13.90,0.0348,true,1,225085
7290115678222,false,מארז 8 גביעים יוגורט Greek בסגנון יווני 6.5% שומן,דנונה - שטראוס,IL,דנונה מארז שמינייה י,יחידה,0.00,יחידה,false,,24.90,0.0000,true,1,238388
7290115678376,false,מעדן הגולן שוקולד 125 גרם,מיוצר עי קונדיטוריית,IL,מעדן הגולן שוקולד 12,גרמים,125.00,100 גרם,false,,3.20,0.0256,true,1,241466
7290115678383,false,מעדן הגולן שוקולד מריר 125 גרם,מיוצר עי קונדיטוריית,IL,מעדן הגולן שוקולד מר,גרמים,125.00,100 גרם,false,,3.20,0.0256,true,1,241465
7290115678598,false,חסה אייסברג שטראוס טעם הטבע,שטראוס גרופ,IL,חסה אייסברג חיתוך גס,גרמים,300.00,100 גרם,false,,10.90,0.0363,true,1,245191
7290115678635,false,נשנושי גבינה -גבינת שמנת 16%+כעכים שטוחים עם מלח,"מחלבת טבע עז בע""מ",IL,נשנושי גבינה 16% עם,יחידה,0.00,יחידה,false,,11.90,0.0000,true,1,262034
7290115678642,false,נשנושי גבינה 16% עם חטיף אפוי עם זיתים 67 ג' שטראוס,"מחלבת טבע עז בע""מ",IL,נשנושי גבינה 16% עם,יחידה,0.00,יחידה,false,,11.90,0.0000,true,1,262035
7290115679519,false,שייק פירות ורוד דליש,סיבהפרוסט,BE,דלישס שייק פירות ורו,יחידה,0.00,יחידה,false,,19.90,0.0000,true,1,266940
7290115679779,false,שייק פירות אדום דליש,סיבהפרוסט,BE,דלישס שייק פירות אדו,יחידה,0.00,יחידה,false,,19.90,0.0000,true,1,266944
7290115679878,false,פיצה מבצק עם סלק דלישס 320 גרם,גסטרונומיה פרוסט אס.,IT,דלישס פיצה מבצק עם ס,יחידה,0.00,יחידה,false,,25.90,0.0000,true,1,243769
7290115679885,false,פיצה מבצק עם כרובית עם רוטב עגבניות ומוצרלה,גסטרונומיה פרוסט אס.,IT,דלישס פיצה מבצק עם כ,יחידה,0.00,יחידה,false,,25.90,0.0000,true,1,243770
7290115679915,false,פיצה מבצק עם דלעת עם רוטב עגבניות ומוצרלה,אליסה פוד אס.אר.אל,IL,דלישס פיצה מבצק עם ד,יחידה,0.00,יחידה,false,,25.90,0.0000,true,1,243771
7290115751437,false,סט של 3 קרשי חיתוך ג,,,סט של 3 קרשי חיתוך ג,יחידה,3.00,יחידה,false,,19.90,6.6333,true,1,244430
7290115774078,false,מאג לבן עם דקור שחור,,,מאג לבן עם דקור שחור,יחידה,0.00,יחידה,false,,5.90,0.0000,true,1,267815
7290115774092,false,מאג לבן עם דקור צבעו,,,מאג לבן עם דקור צבעו,יחידה,0.00,יחידה,false,,5.90,0.0000,true,1,267816
7290115774306,false,דלי מעוצב 14.5 *12 ס,,,דלי מעוצב 14.5 *12 ס,יחידה,0.00,יחידה,false,,5.90,0.0000,true,1,239513
7290115774313,false,"דלי מעוצב 12*18 ס""מ",,,"דלי מעוצב 12*18 ס""מ",יחידה,0.00,יחידה,false,,4.90,0.0000,true,1,239514
7290115775600,false,מרקייה דגם מוגש באהב,,,מרקייה דגם מוגש באהב,יחידה,0.00,יחידה,false,,6.90,0.0000,true,1,252896
7290115775631,false,מאג דגם הנאות בייסיק,,,מאג דגם הנאות בייסיק,יחידה,0.00,יחידה,false,,6.90,0.0000,true,1,252899
7290115777161,false,מאג לבן עם דקור צבעו,,,מאג לבן עם דקור צבעו,יחידה,0.00,יחידה,false,,5.90,0.0000,true,1,267678
7290115777178,false,מאג לבן עם דקור צבעו,,,מאג לבן עם דקור צבעו,יחידה,0.00,יחידה,false,,5.90,0.0000,true,1,267687
7290115777185,false,מאג לבן עם דקור צבעו,,,מאג לבן עם דקור צבעו,יחידה,0.00,יחידה,false,,5.90,0.0000,true,1,267677
7290115777192,false,מאג לבן עם דקור צבעו,,,מאג לבן עם דקור צבעו,יחידה,0.00,יחידה,false,,5.90,0.0000,true,1,267688
7290115778564,false,מאג דגם צ'אי ללא דקו,,,מאג דגם צ'אי ללא דקו,יחידה,0.00,יחידה,false,,5.90,0.0000,true,1,267690
7290115778571,false,מאג דגם לאטה ללא דקו,,,מאג דגם לאטה ללא דקו,יחידה,0.00,יחידה,false,,5.90,0.0000,true,1,267702
7290115778588,false,מאג דגם קפוצ'ינו ללא,,,מאג דגם קפוצ'ינו ללא,יחידה,0.00,יחידה,false,,5.90,0.0000,true,1,267691
7290115778595,false,מאג/בול זכוכית +ידית,,,מאג/בול זכוכית +ידית,יחידה,0.00,יחידה,false,,5.90,0.0000,true,1,267679
7290116240084,false,כוס שתיה 400 מ''ל דו,,,כוס שתיה 400 מ''ל דו,יחידה,0.00,יחידה,false,,16.90,0.0000,true,1,263222
7290116240183,false,כוס שתיה 400 מ''ל דו,,,כוס שתיה 400 מ''ל דו,יחידה,0.00,יחידה,false,,16.90,0.0000,true,1,241420
7290116244648,false,זר לראש מיקס צבעים,,,זר לראש מיקס צבעים,יחידה,0.00,יחידה,false,,21.90,0.0000,true,1,252442
7290116248851,false,מפיות נייר 2שכ 33X33,,,מפיות נייר 2שכ 33X33,יחידה,0.00,יחידה,false,,7.90,0.0000,true,1,252473
7290116530000,false,"דאב - תרחיץ פנים מרענן בניחוח מלפפון ותה ירוק 180 מ""ל",אתר ליוור - HPC,IL,דאב תרחיץ פנים מלפפו,מיליליטרים,180.00,"100 מ""ל",false,,14.90,0.0828,true,1,265105
7290116530062,false,הלמנס רוטב ויניגרט לסלט 295 גרם,אתר חיפה ממרחים - Fo,IL,הלמנס לסלט ויניגרט 2,מיליליטרים,305.00,"100 מ""ל",false,,10.90,0.0357,true,1,238994
7290116530079,false,מרק צח בטעם עוף 820 ג',,,מרק צח בטעם עוף 820,גרמים,820.00,100 גרם,false,,11.90,0.0145,true,1,244434
7290116530109,false,חטיף קליק נוגט ציפוי שוקולד לבן 35 גרם,"טחנת האבן תעשיות בע""",IL,קליק אוקיי נוגט לבן,יחידה,0.00,יחידה,false,,5.00,0.0000,true,1,238162
7290116530116,false,קליק שלישיית ברים שוקולד נוגט לבן 105 גרם,יוניליוור,IL,קליק שלישיית ברים שו,יחידה,0.00,יחידה,false,,14.90,0.0000,true,1,238163
7290116530161,false,"תחליב רחצה בניחוח שייק אננס, מלון וחלב שיבולת שועל",יוניליוור ישראל טיפו,IL,פינוק תחליב רחצה אננ,מיליליטרים,700.00,"100 מ""ל",false,,11.90,0.0170,true,1,237746
7290116530185,false,"קורנפלקס דלישקד קרמל מלוח 400 גרם בד""ץ",יוניליוור שפע ישראל,IL,תלמה דלישקד 400 גרם,גרמים,400.00,100 גרם,false,,21.90,0.0547,true,1,243498
7290116530239,false,אקס דאו סטיק לגבר בלאק 7 גרם,יוניליוור,US,אקס דאו סטיק בלאק 7,יחידה,0.00,יחידה,false,,16.90,0.0000,true,1,237741
7290116530482,false,תלמה מארז קורנפלקס אלופים 30 גרם*5 יחידו,פרו מן-יו פתרנות ארי,IL,מאגדת קורנפלקס אלופי,יחידה,0.00,יחידה,false,,11.90,0.0000,true,1,243499
7290116530871,false,מיקס נשנושים 240 ג' בייגל בייגל,בייגל בייגל BB,IL,נישנושים מיקס 240 גר,גרמים,240.00,100 גרם,false,,11.90,0.0496,true,1,238243
7290116530888,false,ג'ל לכביסה לבנה וצבעונית פינוק כחול בדין 2.5 ל',"זוהר דליה, קיבוץ דלי",IL,בדין ג'ל לכביסה פינו,ליטרים,2.50,ליטר,false,,27.90,11.1600,true,1,240361
7290116530895,false,"תרסיס ריחני למייבש כביסה פינוק כחול בדין 500 מ""ל","זוהר דליה, קיבוץ דלי",TR,בדין תרסיס למייבש פי,מיליליטרים,500.00,"100 מ""ל",false,,18.90,0.0378,true,1,240365
7290116531045,false,קורנפלקס דליפקאן 350ג ללא גלוטן,"מולינו ניקולי S.p.A,",IT,"דליפקאן כשל""פ 350 גר",גרמים,350.00,100 גרם,false,,19.90,0.0569,true,1,256543
7290116531069,false,קנור מרק בצל 100% רכיבים טבעיים 225 גרם,יוניליוור ישראל מזון,IL,בויון בצל רכיבים טבע,גרמים,225.00,100 גרם,false,,19.90,0.0884,true,1,244436
7290116531076,false,מרק פטריות רכיבים טבעיים קטן 225 ג' קנור,יוניליוור ישראל מזון,IL,בויון פטריות רכיבים,גרמים,225.00,100 גרם,false,,19.90,0.0884,true,1,244435
7290116531083,false,"ברנפלקס ללא ת.סוכר בטעם דבש בתוספת שקדים, 400 גרם",יוניליוור שפע ישראל,IL,תלמה ברנפלקס שקדים ו,גרמים,400.00,100 גרם,false,,23.00,0.0575,true,1,244438
7290116531090,false,דג-דג חטיף אפוי במליחות מעודנת 250 גרם,בייגל את בייגל מזון,IL,דגדג במליחות מעודנת,גרמים,250.00,100 גרם,false,,10.90,0.0436,true,1,248592
7290116531199,false,קלמר,,,קלמר,יחידה,0.00,יחידה,false,,9.90,0.0000,true,1,241158
7290116531250,false,פינוק שמפו למניעת קשקשים עם תמציות צמחים,יוניליוור,IL,פינוק שמפו נגד קשקשי,מיליליטרים,700.00,"100 מ""ל",false,,13.90,0.0199,true,1,246688
7290116531496,false,קינמונים דגנים פריכים מצופים 375 גרם,נאוג'אזיס נווזיס UAB,LT,קינמונים 375 גרם,גרמים,375.00,100 גרם,false,,19.90,0.0531,true,1,258806
7290116531557,false,"פריכיות פתית תירס עם מלח 150 גרם כשל""פ",גוד פוד פרודקטס,PL,פתית פריכיות תירס מא,גרמים,150.00,100 גרם,false,,13.90,0.0927,true,1,256096
7290116531564,false,מאגדת פתית פריכיות תירס דקות עם קינואה ובזיליקום 150 ג',גוד פוד פרודקטס,PL,פתית פריכיות תירס מא,גרמים,150.00,100 גרם,false,,13.90,0.0927,true,1,256097
7290116531571,false,סיף מטליות לחות לניקוי כללי 99.9% בניחוח,יוניליוור,IL,סיף מגבונים כללי לימ,יחידה,0.00,יחידה,false,,8.90,0.0000,true,1,262415
7290116531762,false,בדין דפי מרכך למייבש כביסה ורוד 40 יחיד,"קלינטסט - 3p ארה""ב",US,בדין דפים למייבש ורו,יחידה,40.00,יחידה,false,,18.90,0.4725,true,1,257155
7290116531779,false,בדין דפי מרכך למייבש כביסה כחול 40 יחיד,"קלינטסט - 3p ארה""ב",US,בדין דפים למייבש כחו,יחידה,40.00,יחידה,false,,18.90,0.4725,true,1,257153
7290116531793,false,הלמנס רוטב לסלט קיסר 295 גרם,יוניליוור ישראל מזון,IL,הלמנ'ס רוטב לסלט קיס,גרמים,295.00,100 גרם,false,,10.90,0.0369,true,1,244439
7290116531939,false,גלידונית קרמיסימו תות שטראוס 630 גרם,"גלידת שטראוס בע""מ, ר",IL,קרמיסימו גלידונית תו,גרמים,700.00,100 גרם,false,,44.90,0.0641,true,1,257148
7290116531977,false,אקס דאודורנט בודי ספריי סקייטבורד וורדים,יוניליוור,GB,אקס דאו ספריי גוף אק,מיליליטרים,150.00,"100 מ""ל",false,,12.90,0.0860,true,1,262410
7290116532011,false,קליק חטיף שוקולד נוגט וחלב 35 גרם,אזור התעשייה רמת גבר,IL,קליק אוקיי חטיף 35 ג,יחידה,0.00,יחידה,false,,5.00,0.0000,true,1,253758
7290116532264,false,מאגדת גודיז פרי אפרסק יוגורט בציפוי 300 ג' שטראוס,"גלידת שטראוס בע""מ, ר",IL,גודיז מאגדת יוגורט א,מיליליטרים,420.00,"100 מ""ל",false,,24.90,0.0593,true,1,257146
7290116532394,false,"אל סבון ידיים נוזלי חמאת קקאו 950 מ""ל פינוק",אתר ליוור - HPC,TR,פינוק סבון ידיים נוז,יחידה,0.00,יחידה,false,,11.90,0.0000,true,1,257143
7290116532479,false,קליק גלידת שמנת בטעמי שוקולד לבן עוגיות 384 ג' שטראוס,"גלידת שטראוס בע""מ, ר",IL,פיינט קליק גלידה שוק,גרמים,520.00,100 גרם,false,,18.90,0.0363,true,1,261024
7290116532585,false,דגני בוקר ברנפלקס קרנצ'ים בטעם דבש וקינמון,יוניליוור שפע ישראל,IL,קרנצ'ים דבש וקינמון,גרמים,375.00,100 גרם,false,,22.00,0.0587,true,1,259347
7290116532738,false,רוטב לסלט הלמנס איטלקי בז' ואורגנו 305 ג,אתר חיפה ממרחים - Fo,IL,הלמנס לסלט רגיל איטל,מיליליטרים,305.00,"100 מ""ל",false,,10.90,0.0357,true,1,263408
7290116532769,false,"גרנולה פרוטאין בתוספת חלבון, תפוח וקינמון",חטיפי העמק,IL,גרנולה תלמה פרוטאין,גרמים,300.00,100 גרם,false,,19.90,0.0663,true,1,259346
7290116533094,false,"פינוק שמפו שיער בניחוח ורדים לבנים 700 מ""ל",יוניליוור,IL,פינוק שמפו בניחוח ור,מיליליטרים,700.00,"100 מ""ל",false,,13.90,0.0199,true,1,262417
7290116533230,false,דגני בוקר דליאגוז תל,יוניליוור,,דגני בוקר דליאגוז תל,גרמים,400.00,100 גרם,false,,21.90,0.0547,true,1,268751
7290116810270,false,חוברת לימוד בערבית-,,,חוברת לימוד בערבית-,יחידה,0.00,יחידה,false,,10.00,0.0000,true,1,256641
7290116810287,false,חוברת לימוד בערבית-,,,חוברת לימוד בערבית-,יחידה,0.00,יחידה,false,,10.00,0.0000,true,1,256642
7290116810294,false,חוברת לימוד בערבית-א,,,חוברת לימוד בערבית-א,יחידה,0.00,יחידה,false,,10.00,0.0000,true,1,256643
7290116810300,false,חוברת לימוד בערבית-מ,,,חוברת לימוד בערבית-מ,יחידה,0.00,יחידה,false,,10.00,0.0000,true,1,256644
7290116810317,false,חוברת לימוד בערבית-מ,,,חוברת לימוד בערבית-מ,יחידה,0.00,יחידה,false,,10.00,0.0000,true,1,256645
7290116911373,false,כוס קפה לחיצה לנסיעה,,,כוס קפה לחיצה לנסיעה,יחידה,0.00,יחידה,false,,29.90,0.0000,true,1,250848
7290116911496,false,כוס נירוסטה דופן כפולה 500 מל - רוז גולד,שמחה זה אנחנו,CN,כוס קפה לנסיעה נירוס,יחידה,0.00,יחידה,false,,29.90,0.0000,true,1,250857
7290116915142,false,בקבוק טריטן עם צמידים 700 - מיניונים,,,בקבוק טריטן עם צמידי,יחידה,0.00,יחידה,false,,29.90,0.0000,true,1,263264
7290116915227,false,בקבוק פלסטיק 500 - מיקי חלל,,,בקבוק פלסטיק 500 - מ,יחידה,0.00,יחידה,false,,24.90,0.0000,true,1,263272
7290116915234,false,בקבוק פלסטיק 500 - מיני פפיון,,,בקבוק פלסטיק 500 - מ,יחידה,0.00,יחידה,false,,24.90,0.0000,true,1,263273
7290116915791,false,בקבוק טריטן עם צמידי,,,בקבוק טריטן עם צמידי,יחידה,0.00,יחידה,false,,29.90,0.0000,true,1,263276
7290116930435,false,יופלה גו במרקם סמיך עם דובדבן 0% 200מל,תנובה מרכז שיתופי לש,IL,יוגורט גו סמיך 0% דו,גרמים,200.00,100 גרם,false,,6.20,0.0310,true,1,259062
7290116930459,false,"יופלה שייק מנגו בננה אננס וקוקוס 230 מ""ל",קבוצת המזון אקטשלאר,IL,יופלה SHAKE בננה א,מיליליטרים,230.00,"100 מ""ל",false,,8.90,0.0387,true,1,259769
7290116930466,false,"משקה SHAKE בננה מנגן פסיפלורה והל 230 מ""ל יופלה",קבוצת המזון אקטשלאר,IL,יופלה SHAKE מנגו בנ,מיליליטרים,230.00,"100 מ""ל",false,,8.90,0.0387,true,1,259770
7290116930480,false,"משקה SHAKE בננה קיווי תפוח 230 מ""ל יופלה",קבוצת המזון אקטשלאר,IL,יופלה SHAKE בננה קי,מיליליטרים,230.00,"100 מ""ל",false,,8.90,0.0387,true,1,259771
7290116930701,false,מעדן חלב GO מועשר בחלבון בטעם קרמל מלוח,תנובה מרכז שיתופי לש,IL,מעדן חלב גו בטעם קרמ,גרמים,120.00,100 גרם,false,,4.90,0.0408,true,1,259767
7290116930718,false,מעדן תנובה דיאט בטעם שוקולד וקרמל מלוח 0% 150ג' תנובה,"תנובה בע""מ",IL,מעדן תנובה דיאט בטעם,גרמים,150.00,100 גרם,false,,4.10,0.0273,true,1,261334
7290116931074,false,פרוסות טל העמק 32% שומן 300 גרם,"תנובה בע""מ",IL,פרוסות טל העמק 32% 3,גרמים,300.00,100 גרם,false,,26.90,0.0897,true,1,265300
7290117260005,false,קונפיטורה תות שדה 380 ג' ויליפוד,גסאס גנל גידה,TR,קונפיטורה תות שדה 38,גרמים,380.00,100 גרם,false,,8.90,0.0234,true,1,244531
7290117260029,false,קונפיטורה דובדבנים 380 ג' ויליפוד,גסאס גנל גידה,TR,קונפיטורה דובדבנים 3,גרמים,380.00,100 גרם,false,,8.90,0.0234,true,1,244536
7290117260043,false,ריבת עלי ורדים 380 ג' ויליפוד,וילי פוד,TR,ריבת עלי תרד 380 גרם,גרמים,380.00,100 גרם,false,,8.90,0.0234,true,1,244533
7290117260067,false,קונפיטורה תפוזים 380 ג' ויליפוד,וילי פוד,,קונפיטורה תפוזים 380,גרמים,380.00,100 גרם,false,,8.90,0.0234,true,1,244535
7290117260401,false,גבינת מוצרלה מגורדת 25% שומן 500 ג' יורו,לימבו,TR,גבינת מוצרלה מגורדת,גרמים,500.00,100 גרם,false,,29.90,0.0598,true,1,257470
7290117260449,false,גבינה בולגרית מעודנת למריחה בטעם טבעי 5% שומן 200 ג' יורו,"חת""ס",IL,גבינה בולגרית מעודנת,יחידה,0.00,יחידה,false,,9.90,0.0000,true,1,263967
7290117260463,false,גבינה בולגרית מעודנת למריחה עם חלפיניו 5% שומן 200 ג' יורו,Euro יורו מחלבות אירופה,IL,גבינה בולגרית מעודנת,יחידה,0.00,יחידה,false,,9.90,0.0000,true,1,263971
7290117260470,false,גבינה בולגרית מעודנת למריחה עם שום 5% שומן 200 ג' יורו,"חת""ס",IL,גבינה בולגרית מעודנת,יחידה,0.00,יחידה,false,,9.90,0.0000,true,1,263968
7290117260975,false,זיתי קלמטה מגולענים במי מלח וילי פוד350,,TR,זיתי קלמטה מגולענים,יחידה,0.00,יחידה,false,,9.90,0.0000,true,1,259532
7290117260982,false,זיתים שחור מגולענים במי מלח וילי פוד300,,TR,זיתים שחורים מגולעני,יחידה,0.00,יחידה,false,,8.90,0.0000,true,1,259533
7290117261026,false,זיתים ירוק מגולענים במי מלח וילי פוד300,,TR,זיתים ירוקים מגולעני,יחידה,0.00,יחידה,false,,8.90,0.0000,true,1,259537
7290117261088,false,בוראטה גבינת מוצרלה רכה 125ג' 18%שומן,קסריה להפואנטה,ES,בוראטה גבינת מוצרלה,יחידה,0.00,יחידה,false,,14.90,0.0000,true,1,263978
7290117261354,false,גבינת ריקוטה 200 גרם 5%שומן מחלבת אירופה,באלבן גידה סנאי,TR,גבינת ריקוטה 5% שומן,גרמים,200.00,100 גרם,false,,13.90,0.0695,true,1,263984
7290117261361,false,גבינת ריקוטה 400 ג 5% שומן מחלבת אירופה,קאאנלאר גידה,TR,גבינת ריקוטה 5% שומן,גרמים,400.00,100 גרם,false,,19.90,0.0497,true,1,263985
7290117261774,false,כדורי גבינת בייבי מוצרלה 150ג' 14%שומן,קסריה להפואנטה,ES,כדורי גבינת בייבי מו,יחידה,0.00,יחידה,false,,14.90,0.0000,true,1,263977
7290117261927,false,גבינת פקורינו מחלב כבשים צאנק 150 גרם,אל פסטור,ES,גבינת פקורינו מחלב כ,יחידה,0.00,יחידה,false,,22.90,0.0000,true,1,263988
7290117261989,false,גבינת מנורי רכה מחלב צאן 43% שומן 170 גרם,קוליוס,GR,גבינת מנורי רכה מחלב,יחידה,0.00,יחידה,false,,15.90,0.0000,true,1,263974
7290117262221,false,"משקה יוגורט פרוביוטי עם אננס 200מ""ל 2.3%שומן יורו",Euro יורו מחלבות אירופה,TR,משקה יוגורט עם אננס,מיליליטרים,200.00,"100 מ""ל",false,,5.90,0.0295,true,1,263746
7290117262238,false,"משקה יוגורט פרוביוטי עם תות שדה 200מ""ל 2.3%שומן יורו",Euro יורו מחלבות אירופה,TR,משקה יוגורט עם תות ש,מיליליטרים,200.00,"100 מ""ל",false,,5.90,0.0295,true,1,263745
7290117262245,false,"משקה יוגורט פרוביוטי עם אפרסק ומשמש 200מ""ל 2.3%שומן יורו",Euro יורו מחלבות אירופה,TR,משקה יוגורט עם אפרסק,מיליליטרים,200.00,"100 מ""ל",false,,5.90,0.0295,true,1,263747
7290117380192,false,חטיף פוף קראנץ בטעם גריל 60 גרם,מנה,IL,פוף קראנצ בטעם גריל,גרמים,60.00,100 גרם,false,,3.90,0.0650,true,1,246759
7290117380215,false,חטיף פוף קראנץ בטעם טאקו 60 גרם,מנה,IL,פוף קראנצ בטעם טאקו,גרמים,60.00,100 גרם,false,,3.90,0.0650,true,1,246761
7290117380857,false,"מרבה סלים דליס פייבר עוגות אישיות בטעם לימון, 120 גרם",שסטוביץ,NL,סלים דליס פייבר עוגו,גרמים,120.00,100 גרם,false,,10.90,0.0908,true,1,259755
7290117380864,false,עוגות בראוניס אישיות בטעם שוקולד 120 ג' סלים דליס פייבר,הלמה הלום,NL,סלים דליס פייבר- עוג,גרמים,120.00,100 גרם,false,,10.90,0.0908,true,1,259757
7290117380871,false,עוגות אישיות בטעם אוכמניות 120 ג' סלים דליס פייבר,הלמה הלום,NL,סלים דליס פייבר עוגו,גרמים,120.00,100 גרם,false,,10.90,0.0908,true,1,259756
7290117383766,false,פלמוליב לימונס תאנה 500מל זוג,,TR,פלמוליב לומינוס תאנה,מיליליטרים,500.00,"100 מ""ל",false,,24.90,0.0498,true,1,267163
7290117860038,false,"הוואי - תחליב רחצה יוגורט בניחוח אוכמניות 700 מ""ל","טרופיקל גליל בע""מ",IL,הוואי תחליב רחצה יוג,מיליליטרים,700.00,"100 מ""ל",false,,14.90,0.0213,true,1,268242
7290117860045,false,שמפו תמציות אלוורה ותה ירוק לשיער רגיל,"טרופיקל גליל בע""מ",IL,הוואי שמפו מטפח לשיע,מיליליטרים,700.00,"100 מ""ל",false,,14.90,0.0213,true,1,268222
7290117860083,false,"קרם רחצה בניחוח אירוס זהוב ודבש 700 מ""ל הוואי","טרופיקל גליל בע""מ",IL,הוואי ס.נוזלי דבש אי,מיליליטרים,700.00,"100 מ""ל",false,,14.90,0.0213,true,1,268244
7290117860090,false,מרכך תמציות אלוורה ותה ירוק לשיער רגיל,"טרופיקל גליל בע""מ",IL,הוואי מרכך מטפח לשיע,מיליליטרים,700.00,"100 מ""ל",false,,14.90,0.0213,true,1,268228
7290117860137,false,"הוואי קרם רחצה בניחוח פרח הקמליה, 700 מ""ל","טרופיקל גליל בע""מ",IL,הוואי ס.נוזלי רגעים,מיליליטרים,700.00,"100 מ""ל",false,,14.90,0.0213,true,1,268245
7290117860144,false,הוואי שמפו פירות אקזוטיים וקלנדולה 700,"טרופיקל גליל בע""מ",IL,הוואי שמפו נ.קשקשים,מיליליטרים,700.00,"100 מ""ל",false,,14.90,0.0213,true,1,268223
7290117860182,false,"הוואי - תחליב רחצה בניחוח מגנוליה ושמן שקדים 700 מ""ל","טרופיקל גליל בע""מ",IL,הוואי תחליב רחצה בני,מיליליטרים,700.00,"100 מ""ל",false,,14.90,0.0213,true,1,268238
7290117860199,false,שמפו שמן ורד הבר ושמן מקדמיה לשיער יבש,"טרופיקל גליל בע""מ",IL,הוואי שמפו מעניק לחו,מיליליטרים,700.00,"100 מ""ל",false,,14.90,0.0213,true,1,268221
7290117860236,false,"הוואי - קרם רחצה בניחוח ויולה ורודה 700 מ""ל","טרופיקל גליל בע""מ",IL,הוואי ס.נוזלי רגעים,מיליליטרים,700.00,"100 מ""ל",false,,14.90,0.0213,true,1,268239
7290117860243,false,"הוואי - מרכך מעניק לחות לשיער יבש 700 מ""ל","טרופיקל גליל בע""מ",IL,הוואי מרכך לשיער יבש,מיליליטרים,700.00,"100 מ""ל",false,,14.90,0.0213,true,1,268230
7290117860281,false,"הוואי - ג'ל רחצה לגבר בניחוח עוצמתי 700 מ""ל","טרופיקל גליל בע""מ",IL,הוואי ס.נוזלי אירסיט,יחידה,0.00,יחידה,false,,14.90,0.0000,true,1,268237
7290117860298,false,שמפו קומפלקס קרטין לשיער עדין או חלש,"טרופיקל גליל בע""מ",IL,הוואי שמפו קרטין מחז,מיליליטרים,700.00,"100 מ""ל",false,,14.90,0.0213,true,1,268224
7290117860335,false,הוואי גל רחצה לגבר בניחוח מעורר 700 מל,"טרופיקל גליל בע""מ",IL,הוואי ג'ל רחצה לגבר,מיליליטרים,700.00,"100 מ""ל",false,,14.90,0.0213,true,1,268235
7290117860342,false,מרכך קומפלקס קרטין לשיער עדין או חלש,"טרופיקל גליל בע""מ",IL,הוואי מרכך קרטין מחז,מיליליטרים,700.00,"100 מ""ל",false,,14.90,0.0213,true,1,268231
7290117860380,false,"תחליב רחצה יוגורט בניחוח אלוורה 700 מ""ל הוואי","טרופיקל גליל בע""מ",IL,הוואי תחליב רחצה יוג,מיליליטרים,700.00,"100 מ""ל",false,,14.90,0.0213,true,1,268246
7290117860397,false,שמפו תמצית פריחת הדובדבן לשיער רגיל,"טרופיקל גליל בע""מ",IL,הוואי שמפו פריחת הדו,מיליליטרים,700.00,"100 מ""ל",false,,14.90,0.0213,true,1,268219
7290117860496,false,"הוואי שמפו + מרכך 2 ב-1 לגבר 700 מ""ל-חדש","טרופיקל גליל בע""מ",IL,הוואי שמפו+מרכך 2 ב,מיליליטרים,700.00,"100 מ""ל",false,,14.90,0.0213,true,1,268220
7290117860540,false,הוואי שמפו לילדים רוזמרין מנגו ומשמש 700,"טרופיקל גליל בע""מ",IL,הוואי שמפו ילדים 700,מיליליטרים,700.00,"100 מ""ל",false,,14.90,0.0213,true,1,268225
7290117860595,false,הוואי מרכך לילדים רוזמרין מנגו ומשמש 700,"טרופיקל גליל בע""מ",IL,הוואי מרכך ילדים מתי,מיליליטרים,700.00,"100 מ""ל",false,,14.90,0.0213,true,1,268233
7290117860649,false,הוואי שמפו קרטין קיק ללא סולפטים 700 מל,"טרופיקל גליל בע""מ",IL,הוואי שמפו ללא סולפט,מיליליטרים,700.00,"100 מ""ל",false,,14.90,0.0213,true,1,268226
7290117860694,false,הוואי מרכך קרטין קיק ללא סולפטים 700 מל,"טרופיקל גליל בע""מ",IL,הוואי מרכך ללא סולפט,מיליליטרים,700.00,"100 מ""ל",false,,14.90,0.0213,true,1,268234
7290117860748,false,הוואי שמפו תמצית יסמין מעניק נפח 700 מל,"טרופיקל גליל בע""מ",IL,הוואי שמפו מעניק נפח,מיליליטרים,700.00,"100 מ""ל",false,,14.90,0.0213,true,1,268229
7290117860793,false,הוואי מרכך תמצית יסמין מעניק נפח 700 מל,"טרופיקל גליל בע""מ",IL,הוואי מרכך מעניק נפח,מיליליטרים,700.00,"100 מ""ל",false,,14.90,0.0213,true,1,268236
7290117860847,false,"הוואי רעננות מושלמת לגבר לשיער, גוף, פנים וזקן","טרופיקל גליל בע""מ",IL,הוואי שמפו 4 ב 1 לגב,מיליליטרים,700.00,"100 מ""ל",false,,14.90,0.0213,true,1,268227
7290117860892,false,"הוואי - תחליב רחצה יוגורט בניחוח וניל ודבש 700 מ""ל","טרופיקל גליל בע""מ",IL,הוואי תחליב רחצה יוג,מיליליטרים,700.00,"100 מ""ל",false,,14.90,0.0213,true,1,268240
7290117860946,false,"תחליב רחצה יוגורט בניחוח קוקוס 700 מ""ל הוואי","טרופיקל גליל בע""מ",IL,הוואי תחליב רחצה יוג,מיליליטרים,700.00,"100 מ""ל",false,,14.90,0.0213,true,1,268241
7290117860991,false,"תחליב רחצה יוגורט בניחוח שקדים 700 מ""ל הוואי","טרופיקל גליל בע""מ",IL,הוואי תחליב רחצה יוג,מיליליטרים,700.00,"100 מ""ל",false,,14.90,0.0213,true,1,268243
7290117900949,false,בוטנים מצופים אמריקאים 250 גרם,"שקדיה גבע תעשיות בע""",IL,בוטנים מצופים אמריקא,גרמים,250.00,100 גרם,false,,9.90,0.0396,true,1,258473
7290118480181,false,גלילי גפת להסקה אקול,,,גלילי גפת להסקה אקול,יחידה,0.00,יחידה,false,,34.90,0.0000,true,1,268551
7290118564478,false,סט מזוודות קשיחות PO,,,סט מזוודות קשיחות PO,יחידה,0.00,יחידה,false,,800.00,0.0000,true,1,267216
7290118564492,false,סט מזוודות קשיחות PO,,,סט מזוודות קשיחות PO,יחידה,0.00,יחידה,false,,800.00,0.0000,true,1,267218
7290118564508,false,סט מזוודות קשיחות PO,,,סט מזוודות קשיחות PO,יחידה,0.00,יחידה,false,,800.00,0.0000,true,1,267219
7290118564515,false,סט מזוודות קשיחות PO,,,סט מזוודות קשיחות PO,יחידה,0.00,יחידה,false,,800.00,0.0000,true,1,267220
7290118564522,false,סט מזוודות קשיחות PO,,,סט מזוודות קשיחות PO,יחידה,0.00,יחידה,false,,800.00,0.0000,true,1,267221
7290118564546,false,סט מזוודות קשיחות PO,,,סט מזוודות קשיחות PO,יחידה,0.00,יחידה,false,,800.00,0.0000,true,1,267223
7290900010367,false,טורטייה שמינייה משקל נקי 360 ג' Avel,Turka Invest,PL,אבאל טורטייה שמינייה,גרמים,360.00,100 גרם,false,,8.90,0.0247,true,1,179609
7291006146165,false,תיק גומי כבשה,,,תיק גומי כבשה,יחידה,0.00,יחידה,false,,10.00,0.0000,true,1,214461
7291006156331,false,קלסר צבעי פסטל A4,,,קלסר צבעי פסטל A4,יחידה,0.00,יחידה,false,,10.00,0.0000,true,1,265662
7291044050028,false,נורה אקו T2 ספירל DL,,,נורה אקו T2 ספירל DL,יחידה,0.00,יחידה,false,,19.90,0.0000,true,1,199922
7291044050103,false,נורה אקו טי2 23וואט,,IL,נורה אקו T2 ספירל DL,יחידה,0.00,יחידה,false,,29.90,0.0000,true,1,199925
7291044066302,false,רב שקע 3 עד 1m + מפס,,,רב שקע 3 עד 1m + מפס,יחידה,0.00,יחידה,false,,16.90,0.0000,true,1,207129
7291044066326,false,רב שקע 5+מפסק+כבל עד,,,רב שקע 5 עד 1m + מפס,יחידה,0.00,יחידה,false,,19.90,0.0000,true,1,207131
7291044066333,false,רב שקע 6+מפסק+כבל עד,,,רב שקע 6 עד 1m + מפס,יחידה,0.00,יחידה,false,,24.90,0.0000,true,1,207132
7291044069754,false,מפצל חשמל סמיקום 1 ל-3 תפזורת,,,מפצל חשמל 1 ל SEMICO,יחידה,0.00,יחידה,false,,7.90,0.0000,true,1,208419
7291044069761,false,מפצל חשמל 1 ל-2 סמיקום D11:D30 תפזורת,סמיקום Semicom,,מפצל חשמל 1 ל SEMICO,יחידה,0.00,יחידה,false,,6.90,0.0000,true,1,208423
7291044080391,false,כבל מאריך 3X1.5 עד 1 מטר,,,כבל מאריך 3X1.5 עד 1,יחידה,0.00,יחידה,false,,12.90,0.0000,true,1,207214
7291044081305,false,זוג נורות לד DL 12W E27 A60 SAFETY,,IL,זוג נורות לד DL 12W,יחידה,0.00,יחידה,false,,11.90,0.0000,true,1,176341
7291044089943,false,שלישיה לד DL 10W E27 A60 SAFETY,,,שלישיה לד DL 10W E27,יחידה,0.00,יחידה,false,,14.90,0.0000,true,1,199914
7291044089981,false,שלישיה לד DL 15W E27 A60 SAFETY,,,שלישיה לד DL 15W E27,יחידה,0.00,יחידה,false,,26.90,0.0000,true,1,199918
7291044099850,false,מפצל חשמל 1 ל-4 פרפר,,IL,מפצל חשמל 1 ל-4 פרפר,יחידה,0.00,יחידה,false,,14.90,0.0000,true,1,222771
7291045818351,false,מלחיה פרמיזן אקריל,,,מלחיה פרמיזן אקריל,יחידה,0.00,יחידה,false,,7.90,0.0000,true,1,245462
7291049159627,false,כדור ספוג חד קרן 15 סמ (6),General,IL,כדור ספוג חד קרן 15,יחידה,0.00,יחידה,false,,29.90,0.0000,true,1,262963
7291049173890,false,"כדור ספוג 15 ס""מ ברב",,,"כדור ספוג 15 ס""מ ברב",יחידה,0.00,יחידה,false,,29.90,0.0000,true,1,262968
7291049181055,false,פאזל רצפה 48 חלקים ה,,,פאזל רצפה 48 חלקים ה,יחידה,0.00,יחידה,false,,49.90,0.0000,true,1,262971
7291049186159,false,מובייל רעשן הלו קיטי,,,מובייל רעשן הלו קיטי,יחידה,0.00,יחידה,false,,19.90,0.0000,true,1,262975
7291049186982,false,"מיקסר 20 ס""מ+אורות",,,"מיקסר 20 ס""מ+אורות",יחידה,0.00,יחידה,false,,49.90,0.0000,true,1,262977
7291049191849,false,קופסת אוכל חד קרן 20*13*7.2 (בית ספר),General,,קופסת אוכל חד קרן 20,יחידה,0.00,יחידה,false,,24.90,0.0000,true,1,262983
7291049199098,false,סט 6 יחידות חיות ספא,,,סט 6 יחידות חיות ספא,יחידה,0.00,יחידה,false,,49.90,0.0000,true,1,262997
7291049199104,false,סט 6 יחידות חיות ספארי (היפופוטם) אריזה,General,,סט 6 יחידות חיות ספא,יחידה,0.00,יחידה,false,,49.90,0.0000,true,1,262998
7291049207090,false,משחק הרכבה+מדבקה אות,,,משחק הרכבה+מדבקה אות,יחידה,0.00,יחידה,false,,69.90,0.0000,true,1,263030
7291049207137,false,"בובה 15 ס""מ עם עגלת",,,"בובה 15 ס""מ עם עגלת",יחידה,0.00,יחידה,false,,59.90,0.0000,true,1,263031
7291049207403,false,מכונית משטרה שחורה+א,,,מכונית משטרה שחורה+א,יחידה,0.00,יחידה,false,,44.90,0.0000,true,1,263042
7291049208097,false,מכונית מירוץ על שלט 4 ערוצים,General,,מכונית מירוץ על שלט,יחידה,0.00,יחידה,false,,59.90,0.0000,true,1,263056
7291049208127,false,מכונית משטרה+ערכת אב,,,מכונית משטרה+ערכת אב,יחידה,0.00,יחידה,false,,99.90,0.0000,true,1,263059
7291049209278,false,טרקטור חווה+אורות וק,,,טרקטור חווה+אורות וק,יחידה,0.00,יחידה,false,,59.90,0.0000,true,1,263065
7291049209285,false,טרקטור חווה סחוב פרו,,,טרקטור חווה סחוב פרו,יחידה,0.00,יחידה,false,,59.90,0.0000,true,1,263066
7291049209292,false,טרקטור חווה סוחב גדי,,,טרקטור חווה סוחב גדי,יחידה,0.00,יחידה,false,,59.90,0.0000,true,1,263067
7291049212919,false,כדורגל מס 5 מבחרות ש,,,כדורגל מס 5 מבחרות ש,יחידה,0.00,יחידה,false,,39.90,0.0000,true,1,268630
7291073009622,false,סט שמן חומץ +מלחיות+,,,סט שמן חומץ +מלחיות+,יחידה,0.00,יחידה,false,,39.90,0.0000,true,1,259318
7291073015401,false,סיר+מכסה חרס 9*24,,,סיר+מכסה חרס 9*24,יחידה,0.00,יחידה,false,,69.90,0.0000,true,1,240272
7291073018556,false,"גלגל פיצה 10 ס""מ מקצ",,,"גלגל פיצה 10 ס""מ מקצ",יחידה,0.00,יחידה,false,,26.90,0.0000,true,1,259326
7291073018990,false,קומקום תה נירוסטה מר,,,קומקום תה נירוסטה מר,יחידה,0.00,יחידה,false,,69.90,0.0000,true,1,259328
7291073019102,false,טרמוס שחור מוזהב 1 ל,,,טרמוס שחור מוזהב 1 ל,יחידה,0.00,יחידה,false,,59.90,0.0000,true,1,255601
7291074000727,false,"מחבת גריל 28 ס""מ KINGSTONE שיש שחור מבריק סולתם",,,"מחבת גריל 28 ס""מ KIN",יחידה,0.00,יחידה,false,,99.90,0.0000,true,1,224491
7291074000901,false,"פלנצ'ה 26*34 ס""מ Min",,,"פלנצ'ה 26*34 ס""מ Min",יחידה,0.00,יחידה,false,,129.90,0.0000,true,1,205826
7291074001519,false,קרש חיתוך לבן דגם שי,,,קרש חיתוך לבן דגם שי,יחידה,0.00,יחידה,false,,26.90,0.0000,true,1,206082
7291074002776,false,"מחבת עמוקה 7.6*28 ס""",,,"מחבת עמוקה 7.6*28 ס""",יחידה,0.00,יחידה,false,,89.90,0.0000,true,1,205897
7291074002998,false,"קערה נירוסטה 625 מ""ל",,,"קערה נירוסטה 625 מ""ל",יחידה,0.00,יחידה,false,,14.90,0.0000,true,1,224496
7291074004251,false,קרשי חיתוך גמישים סט,,,קרשי חיתוך גמישים סט,יחידה,0.00,יחידה,false,,29.90,0.0000,true,1,206083
7291074004343,false,כף הגשה רחבה נירוסטה,,,כף הגשה רחבה נירוסטה,יחידה,0.00,יחידה,false,,19.90,0.0000,true,1,206103
7291074004411,false,"שפכטל נירוסטה 25.6 ס""מ Bake-it up ידית פלסטיק",,,מרחן משולש נירוסטה 1,יחידה,0.00,יחידה,false,,21.90,0.0000,true,1,205994
7291074007009,false,קוצץ תבלינים עשבי תי,,,קוצץ תבלינים עשבי תי,יחידה,0.00,יחידה,false,,34.90,0.0000,true,1,206143
7291074008617,false,"קלחת 14 ס""מ ידית בקל",,,"קלחת 14 ס""מ ידית בקל",יחידה,0.00,יחידה,false,,49.90,0.0000,true,1,233735
7291074008907,false,משטח סיליקון לאפייה,,,משטח סיליקון לאפייה,יחידה,0.00,יחידה,false,,39.90,0.0000,true,1,211810
7291074009300,false,כף סיליקון בדיספליי (18) חלק צהוב/אפור/אפור בהיר סולתם,,,כף סיליקון בדיספליי,יחידה,0.00,יחידה,false,,19.90,0.0000,true,1,218002
7291074009317,false,מרחן סיליקון בדיספליי (18) חלק צהוב/אפור/אפור בהיר סולתם,,,מרחן סיליקון בדיספל,יחידה,0.00,יחידה,false,,19.90,0.0000,true,1,218003
7291074009324,false,חותכני עוגיות נירוסט,,,חותכני עוגיות נירוסט,יחידה,0.00,יחידה,false,,24.90,0.0000,true,1,206148
7291074009669,false,מסננת נירוסטה קונית,,,מסננת נירוסטה קונוס,יחידה,0.00,יחידה,false,,29.90,0.0000,true,1,206124
7291074010368,false,תרווד בדיספליי (18),,,תרווד בדיספליי (18),יחידה,0.00,יחידה,false,,19.90,0.0000,true,1,218004
7291074010849,false,מכסה זכוכית בייסיק 2,,,מכסה זכוכית בייסיק 2,יחידה,0.00,יחידה,false,,26.90,0.0000,true,1,224524
7291074011044,false,"סכין קילוף 3.5""/8.5(",,,"סכין קילוף 3.5""/8.5(",יחידה,0.00,יחידה,false,,59.90,0.0000,true,1,205808
7291074013390,false,תרווד מחורץ ניילון ידית עץ סולתם,,,תרווד מחורץ ניילון י,יחידה,0.00,יחידה,false,,16.90,0.0000,true,1,227831
7291074013413,false,כף ניילון ידית עץ סולתם,,,כף ניילון ידית עץ סו,יחידה,0.00,יחידה,false,,16.90,0.0000,true,1,227833
7291074013420,false,מצקת ניילון ידית עץ סולתם,,,מצקת ניילון ידית עץ,יחידה,0.00,יחידה,false,,16.90,0.0000,true,1,227834
7291074013437,false,"מברשת סיליקון שיש 26 ס""מ Bake-it up סולתם",,,מברשת סיליקון שיש 26,יחידה,0.00,יחידה,false,,19.90,0.0000,true,1,227835
7291074013864,false,"סכין שף 20 ס""מ ידית שחורה סולתם",,,"סכין שף 20 ס""מ ידית",יחידה,0.00,יחידה,false,,29.90,0.0000,true,1,227856
7291074013871,false,"סכין סנטוקו 17.5 ס""מ ידית שחורה סולתם",,,"סכין סנטוקו 17.50 ס""",יחידה,0.00,יחידה,false,,29.90,0.0000,true,1,227857
7291074013901,false,"סכין רב שימושית 12.50 ס""מ ידית שחורה CASUAL סולתם",,,סכין רב שימושית 12.5,יחידה,0.00,יחידה,false,,14.90,0.0000,true,1,227860
7291074014137,false,כפות סט (6) מרוקע נירוסטה,,,סט כפות (6) מרוקע ני,יחידה,0.00,יחידה,false,,24.90,0.0000,true,1,222457
7291074014144,false,מזלגות סט (6) מרוקע נירוסטה,,,סט מזלגות (6) מרוקע,יחידה,0.00,יחידה,false,,24.90,0.0000,true,1,222458
7291074014168,false,מזלגות עוגה סט (6) מרוקע נירוסטה,,,מזלגות עוגה סט (6) מ,יחידה,0.00,יחידה,false,,16.90,0.0000,true,1,259159
7291074014885,false,קנקן/תרמוס קפה נירוסטה 1.2 ליטר גוון שחור/לבן,סולתם רדד,,קנקן/תרמוס קפה נירוס,יחידה,0.00,יחידה,false,,119.90,0.0000,true,1,249040
7291074016476,false,"מחבת 18 ס""מ CASUAL א",,,"מחבת 18 ס""מ CASUAL א",יחידה,0.00,יחידה,false,,59.90,0.0000,true,1,255451
7291074016483,false,"מחבת 20 ס""מ CASUAL א",,,"מחבת 20 ס""מ CASUAL א",יחידה,0.00,יחידה,false,,59.90,0.0000,true,1,255452
7291074016513,false,"מחבת 30 ס""מ CASUAL א",,,"מחבת 30 ס""מ CASUAL א",יחידה,0.00,יחידה,false,,99.90,0.0000,true,1,255455
7291074017305,false,"מסננת כדור נירוסטה 11 ס""מ לעשבי תיבול סולתם",,,מסננת כדור נירוסטה 1,יחידה,0.00,יחידה,false,,39.90,0.0000,true,1,249043
7291074017992,false,משחיז סכינים // 24 ב,,,משחיז סכינים // 24 ב,יחידה,0.00,יחידה,false,,19.90,0.0000,true,1,259169
7291074018197,false,"פינג'אן 430 מ""ל PICCOLO שחור מטאלי סולתם",,,"פינג'אן 430 מ""ל PICC",יחידה,0.00,יחידה,false,,29.90,0.0000,true,1,266279
7291074018937,false,קולפן ידית פלסטיק צב,,,קולפן ידית פלסטיק צב,יחידה,0.00,יחידה,false,,14.90,0.0000,true,1,266283
7291074019279,false,בוצ'ר מקצועי 1.8*30*,,,בוצ'ר מקצועי 1.8*30*,יחידה,0.00,יחידה,false,,79.90,0.0000,true,1,264184
7291074019767,false,"פינג'אן נירוסטה מרוקע 850 מ""ל ידית בקליט",,,פינג'אן נירוסטה מרוק,יחידה,0.00,יחידה,false,,39.90,0.0000,true,1,266290
7291074020657,false,*מבצע* מארז כלי בישו,,,*מבצע* מארז כלי בישו,יחידה,0.00,יחידה,false,,299.90,0.0000,true,1,264218
7291200596438,false,ניילון נצמד 150 מטר,,,ניילון נצמד 150 מטר,יחידה,0.00,יחידה,false,,16.90,0.0000,true,1,263120
7294413857860,false,מארז 12 קליפסים,,,מארז 12 קליפסים,יחידה,0.00,יחידה,false,,5.50,0.0000,true,1,167720
7294413857983,false,קליפס מתכת לשיער,,,קליפס מתכת לשיער,יחידה,0.00,יחידה,false,,3.00,0.0000,true,1,167725
7294413858041,false,קליפס מקור מתכת,,,קליפס מקור מתכת,יחידה,0.00,יחידה,false,,3.00,0.0000,true,1,224316
7294413858164,false,גומיות אפרו,,,גומיות אפרו,יחידה,0.00,יחידה,false,,2.00,0.0000,true,1,167735
7294413858874,false,קוצץ ציפורניים בינוני,,,קוצץ ציפורניים בינונ,יחידה,0.00,יחידה,false,,6.00,0.0000,true,1,171261
7294413858881,false,קןצץ ציפורניים גדול,,,קוצץ ציפורניים גדול,יחידה,0.00,יחידה,false,,7.00,0.0000,true,1,171262
7294413860440,false,מגרדת לכף רגל 1436-2,,,מגרדת לכף רגל 1436-2,יחידה,0.00,יחידה,false,,8.00,0.0000,true,1,167619
7294413860488,false,מגרדת לכף רגל 1436-6,,,מגרדת לכף רגל 1436-6,יחידה,0.00,יחידה,false,,6.00,0.0000,true,1,263571
7294413863151,false,סרט תינוקת 1413-3,,,סרט תינוקת 1413-3,יחידה,0.00,יחידה,false,,3.00,0.0000,true,1,167757
7294413863465,false,קליפס עכביש גדול 141,,,קליפס עכביש גדול 141,יחידה,0.00,יחידה,false,,5.00,0.0000,true,1,236596
7294413866077,false,ספוג רחצה,,,ספוג רחצה,יחידה,0.00,יחידה,false,,8.00,0.0000,true,1,224319
7294413866350,false,ספוג רחצה,,,ספוג רחצה,יחידה,0.00,יחידה,false,,8.50,0.0000,true,1,167858
7294413880783,false,מארז קליפסונים 12 יח,,,מארז קליפסונים 12 יח,יחידה,0.00,יחידה,false,,4.00,0.0000,true,1,167759
7294413880790,false,מארז קליפסונים 12 יח,,,מארז קליפסונים 12 יח,יחידה,0.00,יחידה,false,,4.00,0.0000,true,1,167760
7294413880813,false,קליפס בננה מט XL,,,קליפס בננה מט XL,יחידה,0.00,יחידה,false,,4.00,0.0000,true,1,167762
7294413880844,false,סוכריית גומיות שיער,,,סוכריית גומיות שיער,יחידה,0.00,יחידה,false,,7.00,0.0000,true,1,236597
7294413880929,false,גומיות שיער,,,גומיות שיער,יחידה,0.00,יחידה,false,,4.00,0.0000,true,1,167771
7294413880943,false,גומיות שיער,,,גומיות שיער,יחידה,0.00,יחידה,false,,4.00,0.0000,true,1,167773
7294413880981,false,גומיות שיער,,,גומיות שיער,יחידה,0.00,יחידה,false,,4.00,0.0000,true,1,167777
7294413881117,false,מברשת להתרת קשרים,,,מברשת להתרת קשרים,יחידה,0.00,יחידה,false,,16.00,0.0000,true,1,167602
7294413881292,false,פינצטה מכופפת ישרה מ,,,פינצטה מכופפת ישרה מ,יחידה,0.00,יחידה,false,,8.90,0.0000,true,1,176002
7294413881308,false,פינצטה מכופפת ישרה צ,,,פינצטה מכופפת ישרה צ,יחידה,0.00,יחידה,false,,9.00,0.0000,true,1,176003
7294413881377,false,מספריים לציפורניים מולר,,,מספריים לציפורניים מ,יחידה,0.00,יחידה,false,,12.00,0.0000,true,1,224820
7294413881650,false,מברשת שיער,,,מברשת שיער,יחידה,0.00,יחידה,false,,21.00,0.0000,true,1,173548
7294413881667,false,מברשת שיער,,,מברשת שיער,יחידה,0.00,יחידה,false,,15.00,0.0000,true,1,167604
7294413883104,false,כפפות רחצה / מסאז',,,כפפות רחצה / מסאז',יחידה,0.00,יחידה,false,,5.00,0.0000,true,1,167872
7294413883142,false,גיישנית סקוץ',,,גיישנית סקוץ',יחידה,0.00,יחידה,false,,11.00,0.0000,true,1,224801
7294413883159,false,גיישנית פלא,,,גיישנית פלא,יחידה,0.00,יחידה,false,,9.00,0.0000,true,1,224303
7294413883166,false,גיישנית טבעית,,,גיישנית טבעית,יחידה,0.00,יחידה,false,,11.00,0.0000,true,1,224304
7294413883173,false,כפפות רחצה טבעית,,,כפפות רחצה טבעית,יחידה,0.00,יחידה,false,,11.00,0.0000,true,1,167876
7294413883340,false,מברשת מטקה,,,מברשת מטקה,יחידה,0.00,יחידה,false,,11.00,0.0000,true,1,167682
7294413883487,false,מספרי ספרים,,,מספרי ספרים,יחידה,0.00,יחידה,false,,24.00,0.0000,true,1,167658
7294413883616,false,שלישיית כדורי ליפה,,,שלישיית כדורי ליפה,יחידה,0.00,יחידה,false,,9.00,0.0000,true,1,167880
7294413883654,false,גומיות שיער עבות,,,גומיות שיער עבות,יחידה,0.00,יחידה,false,,5.00,0.0000,true,1,167788
7294413885399,false,סיכות סבתא צמודות L,,,סיכות סבתא צמודות L,יחידה,0.00,יחידה,false,,3.00,0.0000,true,1,236599
7294413889847,false,מראה פי 5 נצמדת,,,מראה פי 5 נצמדת,יחידה,0.00,יחידה,false,,15.00,0.0000,true,1,225105
7294413889861,false,מראה פי 5 מתקפלת לתיק,,,מראה פי 5 מתקפלת לתי,יחידה,0.00,יחידה,false,,15.00,0.0000,true,1,224306
7294413890164,false,כובע רחצה משובח,,,כובע רחצה משובח,יחידה,0.00,יחידה,false,,4.00,0.0000,true,1,167444
7294413890225,false,מסרק כיס,,,מסרק כיס,יחידה,0.00,יחידה,false,,3.00,0.0000,true,1,167893
7294413890256,false,מסרק גדול,,,מסרק גדול,יחידה,0.00,יחידה,false,,3.00,0.0000,true,1,167896
7294413890263,false,מסרק + ידית,,,מסרק + ידית,יחידה,0.00,יחידה,false,,3.00,0.0000,true,1,174253
7294413890355,false,גומיות מיקרופייבר צבעוני,,,גומיות מיקרופייבר צב,יחידה,0.00,יחידה,false,,5.00,0.0000,true,1,167807
7294413890362,false,גומיות מיקרופייבר שחור,,,גומיות מיקרופייבר שח,יחידה,0.00,יחידה,false,,5.00,0.0000,true,1,167808
7294413890386,false,גומיות מגבת שחורות,,,גומיות מגבת שחורות,יחידה,0.00,יחידה,false,,5.00,0.0000,true,1,167810
7294413890416,false,גומיות שחורות,,,גומיות שחורות,יחידה,0.00,יחידה,false,,4.00,0.0000,true,1,167812
7294413890430,false,סרט שיער סקוטי,,,סרט שיער סקוטי,יחידה,0.00,יחידה,false,,4.00,0.0000,true,1,167813
7294413890522,false,פינצטה ישרה אל חלד,,,פינצטה ישרה אל חלד,יחידה,0.00,יחידה,false,,11.00,0.0000,true,1,167666
7294413890539,false,פינצטה אלכסונית אל חלד,,,פינצטה אלכסונית אל ח,יחידה,0.00,יחידה,false,,11.00,0.0000,true,1,167667
7294413890560,false,פינצטה ישרה אל חלד,,,פינצטה ישרה אל חלד,יחידה,0.00,יחידה,false,,11.00,0.0000,true,1,224308
7294413890577,false,פינצטה אלכסונית אל חלד,,,פינצטה אלכסונית אל ח,יחידה,0.00,יחידה,false,,11.00,0.0000,true,1,224309
7294413890614,false,מספריים אל חלד,,,מספריים אל חלד,יחידה,0.00,יחידה,false,,20.00,0.0000,true,1,167674
7294413890621,false,מספריים אל חלד,,,מספריים אל חלד,יחידה,0.00,יחידה,false,,20.00,0.0000,true,1,167675
7294413909941,false,גומיות מיקרופייבר בינוני,,,גומיות מיקרופייבר בי,יחידה,0.00,יחידה,false,,5.00,0.0000,true,1,171307
7294413909958,false,גומיות מיקרופייבר בינוני,,,גומיות מיקרופייבר קט,יחידה,0.00,יחידה,false,,5.00,0.0000,true,1,171308
7294413909965,false,גומיות מיקרופייבר שחורות,,,גומיות מיקרופייבר שח,יחידה,0.00,יחידה,false,,5.00,0.0000,true,1,171309
7294413911357,false,מברשת פן קרמית 20,,,מברשת פן קרמית 20,יחידה,0.00,יחידה,false,,24.00,0.0000,true,1,175196
7294413911364,false,מברשת פן קרמית 30,,,מברשת פן קרמית 30,יחידה,0.00,יחידה,false,,27.00,0.0000,true,1,224312
7294413911562,false,קשת צמה רחבה,,,קשת צמה רחבה,יחידה,0.00,יחידה,false,,8.00,0.0000,true,1,224286
7294413911623,false,קליפס בינוני ב,,,קליפס בינוני ב,יחידה,0.00,יחידה,false,,5.00,0.0000,true,1,171323
7294413911630,false,קליפס בינוני ג,,,קליפס בינוני ג,יחידה,0.00,יחידה,false,,5.00,0.0000,true,1,171324
7294413911654,false,קליפס עכביש חום גדול,,,קליפס עכביש חום גדול,יחידה,0.00,יחידה,false,,5.00,0.0000,true,1,231213
7294413911661,false,קליפס מקור צבעוני,,,קליפס מקור צבעוני,יחידה,0.00,יחידה,false,,3.00,0.0000,true,1,172158
7294413911708,false,צמד גומיות קטיפה,,,צמד גומיות קטיפה,יחידה,0.00,יחידה,false,,4.00,0.0000,true,1,171334
7294413914518,false,ספוג ילדים,,,ספוג ילדים,יחידה,0.00,יחידה,false,,8.50,0.0000,true,1,224288
7294413914525,false,ספוג ענק,,,ספוג ענק,יחידה,0.00,יחידה,false,,10.00,0.0000,true,1,224289
7294413914532,false,ליפה טבעית,,,ליפה טבעית,יחידה,0.00,יחידה,false,,10.00,0.0000,true,1,224290
7294413914556,false,ספוג אצה,,,ספוג אצה,יחידה,0.00,יחידה,false,,9.00,0.0000,true,1,171281
7294413914655,false,מכשיר פדי מתכת,,,מכשיר פדי מתכת,יחידה,0.00,יחידה,false,,20.00,0.0000,true,1,263575
7294413915089,false,גומיית קטיפה מנומרת,,,גומיית קטיפה מנומרת,יחידה,0.00,יחידה,false,,3.00,0.0000,true,1,231214
7294413915232,false,גיישנית רחצה,,,גיישנית רחצה,יחידה,0.00,יחידה,false,,12.00,0.0000,true,1,236594
7294413915416,false,תיק תק ילדים 2,,,תיק תק ילדים 2,יחידה,0.00,יחידה,false,,5.00,0.0000,true,1,175432
7294413915560,false,מברשת מטקה לשיער W,,,מברשת מטקה לשיער W,יחידה,0.00,יחידה,false,,14.00,0.0000,true,1,175445
7294413915584,false,מברשת אליפסה W,,,מברשת אליפסה W,יחידה,0.00,יחידה,false,,14.00,0.0000,true,1,175447
7294413915638,false,מברשת ענקית לשיער W,,,מברשת ענקית לשיער W,יחידה,0.00,יחידה,false,,14.00,0.0000,true,1,175452
7294413915805,false,קליפס יהלום שחור גדול,,,קליפס יהלום שחור גדו,יחידה,0.00,יחידה,false,,14.00,0.0000,true,1,263576
7294413915812,false,קליפס יהלום שחור בינוני,,,קליפס יהלום שחור בינ,יחידה,0.00,יחידה,false,,13.00,0.0000,true,1,175457
7294413915836,false,גוזז ציפורניים קטן,,,גוזז ציפורניים קטן,יחידה,0.00,יחידה,false,,4.00,0.0000,true,1,175459
7294413915867,false,מברשת מטקה גדולה,,,מברשת מטקה גדולה,יחידה,0.00,יחידה,false,,13.00,0.0000,true,1,176642
7294413915874,false,מברשת שיער מקצועית,,,מברשת שיער מקצועית,יחידה,0.00,יחידה,false,,26.00,0.0000,true,1,248988
7294413915911,false,מברשת שיער מקצועית,,,מברשת שיער מקצועית,יחידה,0.00,יחידה,false,,19.00,0.0000,true,1,224294
7294413915928,false,מברשת פן חצויה מקצוע,,,מברשת פן חצויה מקצוע,יחידה,0.00,יחידה,false,,19.00,0.0000,true,1,248989
7294413915966,false,זוג קשתות שחורות עבות,,,זוג קשתות שחורות עבו,יחידה,0.00,יחידה,false,,6.00,0.0000,true,1,176649
7294413915973,false,שלישיית קשתות שחורות,,,שלישיית קשתות שחורות,יחידה,0.00,יחידה,false,,6.00,0.0000,true,1,176650
7294413916512,false,"אציטון 200 מ""ל",,,"אציטון 200 מ""ל",מיליליטרים,200.00,"100 מ""ל",false,,11.00,0.0550,true,1,172175
7294413916833,false,מטרייה ענק אוטו' סיל,,,מטרייה ענק אוטו' סיל,יחידה,0.00,יחידה,false,,28.00,0.0000,true,1,176726
7294413916840,false,מטרייה גדולה אוטו`סי,,,מטרייה גדולה אוטו`סי,יחידה,0.00,יחידה,false,,24.00,0.0000,true,1,176727
7294413916864,false,מטרייה אוטומטית צבעו,,,מטרייה אוטומטית צבעו,יחידה,0.00,יחידה,false,,39.00,0.0000,true,1,218875
7294413916888,false,מטרייה מתקפלת גדולה,,,מטרייה מתקפלת גדולה,יחידה,0.00,יחידה,false,,34.00,0.0000,true,1,176731
7294413916895,false,מטרייה אוטומטית חלקה,,,מטרייה מתקפלת אטו כפ,יחידה,0.00,יחידה,false,,34.00,0.0000,true,1,176732
7294413917021,false,גומיית ספירלה שחור/לבן L,,,גומיית ספירלה שחור/ל,יחידה,0.00,יחידה,false,,6.00,0.0000,true,1,224295
7294413917137,false,קטר לציפורן חודרנית,,,קטר לציפורן חודרנית,יחידה,0.00,יחידה,false,,49.90,0.0000,true,1,251894
7294413917335,false,מטריה מיני,,,מטריה מיני,יחידה,0.00,יחידה,false,,10.00,0.0000,true,1,176755
7294413917427,false,סיכת ראש דקורטיבית,,,סיכת ראש דקורטיבית,יחידה,0.00,יחידה,false,,8.00,0.0000,true,1,224297
7294413917526,false,4 גומיות לילדות,,,4 גומיות לילדות,יחידה,0.00,יחידה,false,,5.00,0.0000,true,1,263579
7294413917571,false,מסרק סמיך ארוך,,,מסרק סמיך ארוך,יחידה,0.00,יחידה,false,,11.00,0.0000,true,1,224298
7294413917847,false,ספוג מסאג',,,ספוג מסאג',יחידה,0.00,יחידה,false,,10.00,0.0000,true,1,181260
7294413917854,false,כפפות רחצה לילדים,,,כפפות רחצה לילדים,יחידה,0.00,יחידה,false,,11.00,0.0000,true,1,181261
7294413917946,false,בננה עגולה,,,בננה עגולה,יחידה,0.00,יחידה,false,,7.00,0.0000,true,1,181270
7294413918561,false,סט מניקור MOLER,,,סט מניקור MOLER,יחידה,0.00,יחידה,false,,29.00,0.0000,true,1,236604
7294413918578,false,קשת ילדות,,,קשת ילדות,יחידה,0.00,יחידה,false,,8.00,0.0000,true,1,189826
7294413918660,false,קליפסונים לשיער צבעו,,,קליפסונים לשיער צבעו,יחידה,0.00,יחידה,false,,8.00,0.0000,true,1,189835
7294413918677,false,קליפסונים שחורים לשי,,,קליפסונים שחורים לשי,יחידה,0.00,יחידה,false,,8.00,0.0000,true,1,223118
7294413918707,false,קשת לשיער,,,קשת לשיער,יחידה,0.00,יחידה,false,,10.00,0.0000,true,1,189839
7294413918714,false,גומייה לשיער,,,גומייה לשיער,יחידה,0.00,יחידה,false,,6.00,0.0000,true,1,189840
7294413918837,false,מארז 50 גומיות צבעונ,,,מארז 50 גומיות צבעונ,יחידה,0.00,יחידה,false,,8.00,0.0000,true,1,263582
7294413918844,false,מארז 50 גומיות צבעונ,,,מארז 50 גומיות צבעונ,יחידה,0.00,יחידה,false,,8.00,0.0000,true,1,189853
7294413918851,false,גומיות לשיער 5,,,גומיות לשיער 5,יחידה,0.00,יחידה,false,,6.00,0.0000,true,1,189854
7294413918868,false,גומיות לשיער 2 5,,,גומיות לשיער 2 5,יחידה,0.00,יחידה,false,,6.00,0.0000,true,1,189855
7294413918875,false,גומיות לשיער,,,גומיות לשיער,יחידה,0.00,יחידה,false,,5.00,0.0000,true,1,189856
7294413919001,false,גומיות לשיער,,,גומיות לשיער,יחידה,0.00,יחידה,false,,6.00,0.0000,true,1,189859
7294413919094,false,מארז שלישיית פדים קו,,,מארז שלישיית פדים קו,יחידה,0.00,יחידה,false,,14.90,0.0000,true,1,191292
7294413919100,false,פצירת נירוסטה אל חלד,,,פצירת נירוסטה אל חלד,יחידה,0.00,יחידה,false,,12.00,0.0000,true,1,191293
7294413919124,false,מדבקת אף פחם,,,מדבקת אף פחם,יחידה,0.00,יחידה,false,,18.00,0.0000,true,1,191294
7294413919131,false,מדבקת אף אלוורה,,,מדבקת אף אלוורה,יחידה,0.00,יחידה,false,,18.00,0.0000,true,1,191295
7294413919346,false,מטרייה משובץ חזקה או,,,מטרייה משובץ חזקה או,יחידה,0.00,יחידה,false,,28.00,0.0000,true,1,268174
7294413919407,false,תיק תק פנינה זוג גדו,,,תיק תק פנינה זוג גדו,יחידה,0.00,יחידה,false,,9.90,0.0000,true,1,206614
7294413919490,false,מברשת מטקה,,,מברשת מטקה,יחידה,0.00,יחידה,false,,16.00,0.0000,true,1,206616
7294413919506,false,מברשת אובלית,,,מברשת אובלית,יחידה,0.00,יחידה,false,,16.00,0.0000,true,1,206617
7294413919544,false,זוג קליפס יהלומים קט,,,זוג קליפס יהלומים קט,יחידה,0.00,יחידה,false,,18.00,0.0000,true,1,206621
7294413919568,false,זוג קליפס לשיער S,,,זוג קליפס לשיער S,יחידה,0.00,יחידה,false,,14.00,0.0000,true,1,206623
7294413919575,false,קליפס לשיער L,,,קליפס לשיער L,יחידה,0.00,יחידה,false,,10.00,0.0000,true,1,206624
7294413919582,false,מארז קליפסים לשיער,,,מארז קליפסים לשיער,יחידה,0.00,יחידה,false,,10.00,0.0000,true,1,206625
7294413919599,false,מארז קליפסים לשיער 1,,,מארז קליפסים לשיער 1,יחידה,0.00,יחידה,false,,10.00,0.0000,true,1,206626
7294413919629,false,קליפס מעוצב כוכב,,,קליפס מעוצב כוכב,יחידה,0.00,יחידה,false,,13.00,0.0000,true,1,263584
7294413919643,false,2 קשת ילדות,,,2 קשת ילדות,יחידה,0.00,יחידה,false,,9.00,0.0000,true,1,206631
7294413920021,false,גומיות מגבת חום שחור,,,גומיות מגבת חום שחור,יחידה,0.00,יחידה,false,,5.00,0.0000,true,1,225122
7294413920410,false,מטריה ילדים מותגים,,,מטריה ילדים מותגים,יחידה,0.00,יחידה,false,,22.00,0.0000,true,1,268118
7294413920489,false,קליפס שחור,,,קליפס שחור,יחידה,0.00,יחידה,false,,13.00,0.0000,true,1,236609
7294413920496,false,קליפס פרפר,,,קליפס פרפר,יחידה,0.00,יחידה,false,,10.00,0.0000,true,1,248999
7294413921301,false,פונפון עם אבנים,,,פונפון עם אבנים,יחידה,0.00,יחידה,false,,13.00,0.0000,true,1,249002
7294413921592,false,3תיק תק,,,3תיק תק,יחידה,0.00,יחידה,false,,7.00,0.0000,true,1,249003
7294413921653,false,3סיכות,,,3סיכות,יחידה,0.00,יחידה,false,,7.00,0.0000,true,1,249009
7294413921745,false,קליפס 3,,,קליפס 3,יחידה,0.00,יחידה,false,,10.00,0.0000,true,1,249014
7294413921752,false,קליפס קשת,,,קליפס קשת,יחידה,0.00,יחידה,false,,10.00,0.0000,true,1,249015
7294413921769,false,קליפס תחרה,,,קליפס תחרה,יחידה,0.00,יחידה,false,,10.00,0.0000,true,1,249016
7294413921776,false,קליפס מלבן,,,קליפס מלבן,יחידה,0.00,יחידה,false,,10.00,0.0000,true,1,249017
7294413921783,false,קליפס מסרק,,,קליפס מסרק,יחידה,0.00,יחידה,false,,10.00,0.0000,true,1,249018
7294413921790,false,קליפס פרחים,,,קליפס פרחים,יחידה,0.00,יחידה,false,,10.00,0.0000,true,1,249019
7294413921806,false,קליפס עיגולים,,,קליפס עיגולים,יחידה,0.00,יחידה,false,,10.00,0.0000,true,1,249020
7294413921837,false,קליפס מט/מבריק,,,קליפס מט/מבריק,יחידה,0.00,יחידה,false,,10.00,0.0000,true,1,249023
7294413921844,false,קליפס האלף,,,קליפס האלף,יחידה,0.00,יחידה,false,,10.00,0.0000,true,1,249024
7294413921868,false,קליפס פסטל חלון,,,קליפס פסטל חלון,יחידה,0.00,יחידה,false,,10.00,0.0000,true,1,249026
7294413921875,false,קליפס פסטל,,,קליפס פסטל,יחידה,0.00,יחידה,false,,10.00,0.0000,true,1,249027
7294413922049,false,מטרייה אוט שיש,,,מטרייה אוט שיש,יחידה,0.00,יחידה,false,,39.00,0.0000,true,1,267830
7296021133626,false,כף מסננת קטנה ידית ש,,,כף מסננת קטנה ידית ש,יחידה,0.00,יחידה,false,,14.90,0.0000,true,1,206361
7296021133664,false,קולפן Y ידית שחורה נ,KIS CHINA,CN,קולפן Y ידית שחורה נ,יחידה,0.00,יחידה,false,,10.00,0.0000,true,1,206362
7296021133749,false,מסננת קטנה ידית שחור,KIS CHINA,CN,מסננת קטנה ידית שחור,יחידה,0.00,יחידה,false,,10.00,0.0000,true,1,206364
7296021134180,false,כותש שום אלומיניום נ,,,כותש שום אלומיניום נ,יחידה,0.00,יחידה,false,,49.90,0.0000,true,1,199368
7296021137280,false,בוצ'ר בלוק מקצועי 3,,,בוצ'ר בלוק מקצועי 3,יחידה,0.00,יחידה,false,,49.90,0.0000,true,1,223159
7296021146473,false,תבנית CS לאפיה 12 שק,,,תבנית CS לאפיה 12 שק,יחידה,0.00,יחידה,false,,39.90,0.0000,true,1,182995
7296021148453,false,פעמון עוגה פלסטיק 34,,,פעמון עוגה פלסטיק 34,יחידה,0.00,יחידה,false,,39.90,0.0000,true,1,172526
7296021156434,false,מרחן נירוסטה לישר עו,,,"מרחן ישר 23 ס""מ Pati",יחידה,0.00,יחידה,false,,14.90,0.0000,true,1,194587
7296021160875,false,מספריים למטבח עם מגנ,,,מספריים למטבח עם מגנ,יחידה,0.00,יחידה,false,,19.90,0.0000,true,1,182679
7296021161520,false,קופסה מלבן זכוכית,,,קופסה מלבן 280 ML זכ,יחידה,0.00,יחידה,false,,16.90,0.0000,true,1,180825
7296021161537,false,קופסת אחסון זכוכית 8,,,קופסה מלבן 800 ML זכ,יחידה,0.00,יחידה,false,,29.90,0.0000,true,1,180826
7296021161612,false,קופסאת אחסון זכוכית,,,קופסה ריבוע 1100 ML,יחידה,0.00,יחידה,false,,39.90,0.0000,true,1,180834
7296021169922,false,פותחן בקבוקים STAINL,,,פותחן בקבוקים STAI,יחידה,0.00,יחידה,false,,14.90,0.0000,true,1,194496
7296021169939,false,מלקחיים מפלסטיק,נעמן,,מלקחיים 6*25 סמ NYLO,יחידה,0.00,יחידה,false,,16.90,0.0000,true,1,194497
7296021169946,false,מלקחיים NYLON 3 צבעי,,,מלקחיים 6*27 סמ NYLO,יחידה,0.00,יחידה,false,,16.90,0.0000,true,1,194498
7296021170676,false,פותחן שימורים פרפר י,KIS CHINA,CN,פותחן שימורים ידית ש,יחידה,0.00,יחידה,false,,29.90,0.0000,true,1,194601
7296021170690,false,פותחן שימורים פרפר פ,,,פותחן שימורים פרפר פ,יחידה,0.00,יחידה,false,,6.90,0.0000,true,1,206371
7296021170713,false,כותש שום איכותי ZINK,,,כותש שום איכותי ZIN,יחידה,0.00,יחידה,false,,24.90,0.0000,true,1,199380
7296021170720,false,כותש שום נדנדה STAI,,,כותש שום נדנדה STAI,יחידה,0.00,יחידה,false,,16.90,0.0000,true,1,199381
7296021170751,false,- מגרדת 4 צדדים 23.5,,,- מגרדת 4 צדדים 23.5,יחידה,0.00,יחידה,false,,16.90,0.0000,true,1,194605
7296021170799,false,סוחט הדרים בינוני,,,- מסחטת לימון 7*22 צ,יחידה,0.00,יחידה,false,,24.90,0.0000,true,1,194607
7296021170805,false,סוחט הדרים ידני גדול,נעמן,,- מסחטת הדרים 9*23 כ,יחידה,0.00,יחידה,false,,29.90,0.0000,true,1,194608
7296021173066,false,מאג 285 מל new bone,,,מאג 285 מל new bone,יחידה,0.00,יחידה,false,,9.90,0.0000,true,1,194554
7296021173660,false,סט סכום 24 חלקים שוש,,,"סכו""ם נירוסטה סט 24",יחידה,0.00,יחידה,false,,79.90,0.0000,true,1,195386
7296021174872,false,תבנית אפיה עגולה 24,,,תבנית אפיה עגולה 24,יחידה,0.00,יחידה,false,,19.90,0.0000,true,1,194569
7296021191367,false,תבנית לקוביות קרח עם,,,קרחון עם מכסה,יחידה,0.00,יחידה,false,,10.00,0.0000,true,1,206386
7296021191756,false,"סיר יציקה 28 ס""מ +מכ",,,"סיר יציקה 28 ס""מ 6.",יחידה,0.00,יחידה,false,,129.90,0.0000,true,1,199335
7296021226748,false,סוטאז' נירוסטה 8.5*2,,,סוטאז' נירוסטה 8.5*2,יחידה,0.00,יחידה,false,,169.90,0.0000,true,1,229701
7296021232213,false,CANDY צנצנת 4.5 ליטר,,,CANDY צנצנת 4.5 ליטר,יחידה,0.00,יחידה,false,,39.90,0.0000,true,1,224382
7296021248917,false,"מארז סכו""ם נירוסטה 24 חלקים - שחור",נעמן,,"סכו""ם נירוסטה סט 24",יחידה,0.00,יחידה,false,,119.90,0.0000,true,1,233396
7296021248924,false,"מארז סכו""ם נירוסטה 24 חלקים - זהב",נעמן,,"סכו""ם נירוסטה סט 24",יחידה,0.00,יחידה,false,,99.90,0.0000,true,1,227543
7296021248931,false,"סכו""ם נירוסטה 24 חל'",,,"סכו""ם נירוסטה סט 24",יחידה,0.00,יחידה,false,,119.90,0.0000,true,1,215110
7296021254529,false,מיכל אחסון זכוכית מר,,,מיכל אחסון זכוכית מר,יחידה,0.00,יחידה,false,,24.90,0.0000,true,1,225610
7296021254550,false,מיכל אחסון זכוכית מל,,,מיכל אחסון זכוכית מל,יחידה,0.00,יחידה,false,,24.90,0.0000,true,1,225613
7296021264399,false,סט(12) כוס תה טורקי,,,סט(12) כוס תה טורקי,יחידה,0.00,יחידה,false,,69.90,0.0000,true,1,235924
7296021266690,false,מסננת ידית עץ פרפקטו,,,"מסננת ידית עץ 15 ס""מ",יחידה,0.00,יחידה,false,,21.90,0.0000,true,1,240421
7296021266713,false,מסננת ידית עץ פרפקטו,,,"מסננת ידית עץ 22 ס""מ",יחידה,0.00,יחידה,false,,26.90,0.0000,true,1,240426
7296021268410,false,SQUARE קנקן תה 1.2 ל,,,קנקן תה 1.2 ליטר,יחידה,0.00,יחידה,false,,99.90,0.0000,true,1,242197
7296021268861,false,כלי לששת נירוסטה 12*,,,כלי לששת נירוסטה 12*,יחידה,0.00,יחידה,false,,39.90,0.0000,true,1,266574
7296021272677,false,ווק עמוק להקפצה 31 ס,,,ווק עמוק להקפצה 31 ס,יחידה,0.00,יחידה,false,,79.90,0.0000,true,1,266582
7296021272707,false,פינג'אן 700 מל Non-S,,,פינג'אן 700 מל Non-S,יחידה,0.00,יחידה,false,,39.90,0.0000,true,1,255995
7296021276989,false,סיר 2.9 ליטר + מכסה,,,"סיר 10*20 ס""מ 2.9 לי",יחידה,0.00,יחידה,false,,99.90,0.0000,true,1,256007
7296021277016,false,"סיר 12*28 ס""מ 6.9 לי",,,"סיר 12*28 ס""מ 6.9 לי",יחידה,0.00,יחידה,false,,149.90,0.0000,true,1,256010
7296021639968,false,צנצנת עגולה מכסה זכו,,,צנצנת עגולה מכסה זכו,יחידה,0.00,יחידה,false,,10.90,0.0000,true,1,206399
7296049258097,false,דן פריזט 1.8 ליטר,,,דן פריזט 1.8 ליטר,יחידה,0.00,יחידה,false,,8.90,0.0000,true,1,260718
7296049258523,false,דן מכסה למיקרו 29 גד,,,דן מכסה למיקרו 29 גד,יחידה,0.00,יחידה,false,,8.90,0.0000,true,1,260761
7296049258943,false,דן משפך 160 ג'מבו 15,,,דן משפך 160 ג'מבו 15,יחידה,0.00,יחידה,false,,4.90,0.0000,true,1,260786
7296049259179,false,דן קופסא לעוגה מרובע,,,דן קופסא לעוגה מרובע,יחידה,0.00,יחידה,false,,19.90,0.0000,true,1,260803
7296083000102,false,דובוני וניל קרמבו 16,,,דובוני וניל קרמבו 16,יחידה,16.00,יחידה,false,,22.90,1.4312,true,1,268505
7296102050712,false,מברשת פלדה ידית עץ 4,,,מברשת פלדה ידית עץ 4,יחידה,0.00,יחידה,false,,4.90,0.0000,true,1,236333
7296102060971,false,מסננת לכיור מטבח אמר,,,מסננת לכיור מטבח אמר,יחידה,0.00,יחידה,false,,19.90,0.0000,true,1,178950
7296102100516,false,מטאטא SILVER,,,מטאטא SILVER,יחידה,0.00,יחידה,false,,14.90,0.0000,true,1,232976
7296102104545,false,מברשת פליז מקצועית ל,,,מברשת פליז מקצועית ל,יחידה,0.00,יחידה,false,,19.90,0.0000,true,1,241842
7296102108475,false,סט 6 סכינים שיש,,,סט 6 סכינים שיש,יחידה,0.00,יחידה,false,,29.90,0.0000,true,1,210198
7296102111031,false,"מגב מסידי 40 ס""מ",,,"מגב מסידי 40 ס""מ",יחידה,0.00,יחידה,false,,7.90,0.0000,true,1,213452
7296102111093,false,מטאטא +מקל 1.5מ לבן,,,מטאטא + מקל לבן,יחידה,0.00,יחידה,false,,24.90,0.0000,true,1,238976
7296102112205,false,מטאטא דגם לגונה,,,מטאטא דגם לגונה,יחידה,0.00,יחידה,false,,7.90,0.0000,true,1,213457
7296102121283,false,סט 3 קופסאות מרובע 1,,,סט 3 קופסאות מרובע 1,יחידה,0.00,יחידה,false,,12.90,0.0000,true,1,258328
7296102130025,false,רשת צליה ידית עץ,,,רשת צליה ידית עץ,יחידה,0.00,יחידה,false,,16.90,0.0000,true,1,241857
7296102133279,false,"רשת גריל לדגים 58 ס""",,,"רשת גריל לדגים 58 ס""",יחידה,0.00,יחידה,false,,34.90,0.0000,true,1,257241
7296102133491,false,"רשת מנגל 23*38 ס""מ",,,"רשת מנגל 23*38 ס""מ",יחידה,0.00,יחידה,false,,12.90,0.0000,true,1,257245
7296102160039,false,מקל מתכת מחוזק 1.5 מטר,,,מקל מתכת מחוזק 1.5 מ,יחידה,0.00,יחידה,false,,7.90,0.0000,true,1,260867
7296102180020,false,"מטריה מתקפלת 23"" פתי",,,"מטריה מתקפלת 23"" פתי",יחידה,1.00,יחידה,false,,39.90,39.9000,true,1,244323
7296102182260,false,"מגב מתכת פטנט 60 ס""מ",,,"מגב מתכת פטנט 60 ס""מ",יחידה,0.00,יחידה,false,,19.90,0.0000,true,1,233042
7296102183670,false,מעמד לכוסות,,,מעמד לכוסות,יחידה,0.00,יחידה,false,,10.00,0.0000,true,1,250508
7296102190517,false,חולץ פקקים נירוסטה,,,חולץ פקקים נירוסטה,יחידה,0.00,יחידה,false,,10.00,0.0000,true,1,233052
7296102229132,false,מצית גז דגם שיר,,,מצית גז דגם שיר,יחידה,0.00,יחידה,false,,12.90,0.0000,true,1,250686
7296102229156,false,מצית גז שלהבת,,,מצית גז שלהבת,יחידה,0.00,יחידה,false,,14.90,0.0000,true,1,250687
7296102272039,false,מסננת לכיור אמריקאי,,,מסננת לכיור אמריקאי,יחידה,0.00,יחידה,false,,14.90,0.0000,true,1,222679
7296102355459,false,זוג מסנני כיור פרפר,,,זוג מסנני כיור פרפר,יחידה,0.00,יחידה,false,,5.90,0.0000,true,1,179232
7296102363119,false,צינור נירוסטה דופן כ,,,צינור נירוסטה דופן כ,יחידה,0.00,יחידה,false,,22.90,0.0000,true,1,222701
7296102392782,false,פח שובך 9 ליטר,,,פח שובך 9 ליטר,יחידה,0.00,יחידה,false,,19.90,0.0000,true,1,227643
7296102401194,false,סכומון מגירה,,,סכומון מגירה,יחידה,0.00,יחידה,false,,7.90,0.0000,true,1,206278
7296102401316,false,נפנף למנגל (0845),,,נפנף למנגל (0845),יחידה,0.00,יחידה,false,,5.90,0.0000,true,1,234176
7296102401354,false,סלסלה ראטן 1004,,,סלסלה ראטן 1004,יחידה,0.00,יחידה,false,,7.90,0.0000,true,1,213092
7296102440025,false,מברשת פלדה מגהץ 5 שו,,,מברשת פלדה מגהץ 5 שו,יחידה,0.00,יחידה,false,,19.90,0.0000,true,1,241860
7296102460474,false,מאריך לברז מתכוונן,,,מאריך לברז מתכוונן,יחידה,0.00,יחידה,false,,19.90,0.0000,true,1,178997
7296102460603,false,מקלח יד אפיק - 3 מצבי זרימה,,,מקלח יד 3 מצבים אפיק,יחידה,0.00,יחידה,false,,24.90,0.0000,true,1,266675
7296102469101,false,מטאטא גב עץ MALIZIA,,,מטאטא גב עץ MALIZIA,יחידה,0.00,יחידה,false,,14.90,0.0000,true,1,254531
7296102469217,false,מטאטא גב עץ VNITY,,,מטאטא גב עץ VNITY,יחידה,0.00,יחידה,false,,14.90,0.0000,true,1,254534
7296102619667,false,"מסננת נירוסטה 24 ס""מ",,,"מסננת נירוסטה 24 ס""מ",יחידה,0.00,יחידה,false,,24.90,0.0000,true,1,239128
7296102637067,false,מצית גז רשף מטאלי,,,מצית גז רשף מטאלי,יחידה,0.00,יחידה,false,,14.90,0.0000,true,1,250683
7296102666135,false,קרש חיתוך מעץ במבוק,,,קרש חיתוך מעץ במבוק,יחידה,0.00,יחידה,false,,29.90,0.0000,true,1,253948
7296102666166,false,קרש חיתוך מעץ במבוק,,,קרש חיתוך מעץ במבוק,יחידה,0.00,יחידה,false,,26.90,0.0000,true,1,253951
7296102718124,false,מערכת רחצה 5 מצבים נ,,,מערכת רחצה 5 מצבים נ,יחידה,0.00,יחידה,false,,79.90,0.0000,true,1,266692
7296102718131,false,מערכת רחצה אשל,,,מערכת רחצה אשל,יחידה,0.00,יחידה,false,,69.90,0.0000,true,1,266693
7296102718155,false,מערכת רחצה 5 מצבים ש,,,מערכת רחצה 5 מצבים ש,יחידה,0.00,יחידה,false,,79.90,0.0000,true,1,266695
7296102729151,false,מקלח יד 3 מצבים גלית,,,מקלח יד 3 מצבים גלית,יחידה,0.00,יחידה,false,,44.90,0.0000,true,1,266701
7296102729205,false,מקלח יד 6 מצבים יערה,,,מקלח יד 6 מצבים יערה,יחידה,0.00,יחידה,false,,39.90,0.0000,true,1,266702
7296102736111,false,ראש מקלחת פעמונית 11,,,ראש מקלחת פעמונית 11,יחידה,0.00,יחידה,false,,29.90,0.0000,true,1,266708
7296102742150,false,ראש שטיפה כרום אמילי,,,ראש שטיפה כרום אמילי,יחידה,0.00,יחידה,false,,19.90,0.0000,true,1,266715
7296102749302,false,צינור נירוסטה דופן כ,,,צינור נירוסטה דופן כ,יחידה,0.00,יחידה,false,,26.90,0.0000,true,1,266718
7296102758106,false,וילון אמבטיה PVC 180,,,וילון אמבטיה PVC 180,יחידה,0.00,יחידה,false,,26.90,0.0000,true,1,266787
7296102771082,false,שטיח אמבטיה למניעת ה,,,שטיח אמבטיה למניעת ה,יחידה,0.00,יחידה,false,,26.90,0.0000,true,1,250601
7297488098152,false,דגש קמח חומוס ללא גל,אף.סי תבליני בגליל ב,IL,דגש קמח חומוס 500גר,גרמים,500.00,100 גרם,false,,19.90,0.0398,true,1,134656
7297488098183,false,קמח אורז לבן ללא גלו,"תבליני העליון בע""מ",IL,דגש קמח אורז 500ג,גרמים,500.00,100 גרם,false,,12.90,0.0258,true,1,134659
7297488098213,false,קמח קינואה ללא גלוטן,"תבליני העליון בע""מ",IL,קמח קינואה ללא גלוטן,גרמים,500.00,100 גרם,false,,29.90,0.0598,true,1,134661
7297488098220,false,קמח תפוחי אדמה 500 גרם דגש,תות תעשיות מזון (201,IL,"קמח תפו""א ללא גלוטן",גרמים,500.00,100 גרם,false,,13.90,0.0278,true,1,134662
7297488098282,false,דגש אבקת מרק בטעם עוף 500 גרם,אף.סי. תבליני הגליל,IL,אבקת מרק ללא גלוטן 3,גרמים,300.00,100 גרם,false,,24.90,0.0830,true,1,134668
7297488098299,false,קמח טפיוקה ללא גלוטן,אף סי תבליני הגליל ב,IL,קמח טפיוקה ללא גלוטן,גרמים,500.00,100 גרם,false,,11.90,0.0238,true,1,134669
7297488099760,false,דגש עוגיות בטעם חלבה 250 גרם,דגש- דוכן גן שמואל,IL,עוגיות בטעם חלבה 250,גרמים,250.00,100 גרם,false,,31.90,0.1276,true,1,172093
7297488199682,false,קמח כוסמת ללא גלוטן,תות תעשיות מזון (201,IL,דגש קמח כוסמת,גרמים,500.00,100 גרם,false,,17.90,0.0358,true,1,134682
7297569000326,false,רשת רגילה למנגל GREE,,,רשת רגילה למנגל GREE,יחידה,0.00,יחידה,false,,9.90,0.0000,true,1,183104
7297588022095,false,משחק הרכבה 237 חל',,,משחק הרכבה 237 חל',יחידה,0.00,יחידה,false,,59.90,0.0000,true,1,240115
7297594012660,false,190406 סט שמן חומץ ב,,,190406 סט שמן חומץ ב,יחידה,0.00,יחידה,false,,24.90,0.0000,true,1,201483
7297594022522,false,חנוכיה עשויה מתכת בצ,,,חנוכיה עשויה מתכת בצ,יחידה,0.00,יחידה,false,,49.90,0.0000,true,1,220247
7297594037359,false,196005 סט 6 כוסות שת,,,196005 סט 6 כוסות שת,יחידה,0.00,יחידה,false,,29.90,0.0000,true,1,253011
7297594051430,false,197983 צנצנת עוגיות,,,197983 צנצנת עוגיות,יחידה,0.00,יחידה,false,,29.90,0.0000,true,1,253034
7297594068650,false,201291 זוג כוסות Dre,,,201291 זוג כוסות Dre,יחידה,0.00,יחידה,false,,49.90,0.0000,true,1,247905
7297594069329,false,201373 קומקום נירוסט,,,201373 קומקום נירוסט,יחידה,0.00,יחידה,false,,89.90,0.0000,true,1,247885
7297594075207,false,סט 6 כפיות נירוסטה ל,,,סט 6 כפיות נירוסטה ל,יחידה,0.00,יחידה,false,,69.90,0.0000,true,1,269714
7297594078147,false,בובת סנטה Guliano עם,,,בובת סנטה Guliano עם,יחידה,0.00,יחידה,false,,249.90,0.0000,true,1,269719
7297594078154,false,בובת סנטה Guliano עם,,,בובת סנטה Guliano עם,יחידה,0.00,יחידה,false,,149.90,0.0000,true,1,269720
7297594078178,false,בובת סנטה Guliano עם,,,בובת סנטה Guliano עם,יחידה,0.00,יחידה,false,,99.90,0.0000,true,1,269722
7297594078185,false,בובת סנטה Guliano עם,,,בובת סנטה Guliano עם,יחידה,0.00,יחידה,false,,99.90,0.0000,true,1,269723
7297594078192,false,בובת סנטה Guliano עם,,,בובת סנטה Guliano עם,יחידה,0.00,יחידה,false,,89.90,0.0000,true,1,269724
7297594078574,false,חנוכית מתכת בציפוי כ,,,חנוכית מתכת בציפוי כ,יחידה,0.00,יחידה,false,,129.90,0.0000,true,1,269759
7297594079014,false,סט 12 ספלי קפה בדואי,,,סט 12 ספלי קפה בדואי,יחידה,0.00,יחידה,false,,69.90,0.0000,true,1,269731
7297594079069,false,"סט צלחת הגשה 27 ס""מ",,,"סט צלחת הגשה 27 ס""מ",יחידה,0.00,יחידה,false,,119.90,0.0000,true,1,269734
7297594079076,false,סט מלח פלפל סולג'רס,,,סט מלח פלפל סולג'רס,יחידה,0.00,יחידה,false,,19.90,0.0000,true,1,269735
7297594079083,false,קברט 2 קומות רודולף,,,קברט 2 קומות רודולף,יחידה,0.00,יחידה,false,,59.90,0.0000,true,1,269736
7297594079205,false,בובת מפצח אגוזים Giu,,,בובת מפצח אגוזים Giu,יחידה,0.00,יחידה,false,,89.90,0.0000,true,1,269740
7297594079236,false,בובת מפצח אגוזים Giu,,,בובת מפצח אגוזים Giu,יחידה,0.00,יחידה,false,,89.90,0.0000,true,1,269743
7297594079250,false,בובת מפצח אגוזים Giu,,,בובת מפצח אגוזים Giu,יחידה,0.00,יחידה,false,,69.90,0.0000,true,1,269745
7297594079281,false,בובת מפצח אגוזים עם,,,בובת מפצח אגוזים עם,יחידה,0.00,יחידה,false,,99.90,0.0000,true,1,269747
7297594084049,false,203914 קופסת ממתקים,,,203914 קופסת ממתקים,יחידה,0.00,יחידה,false,,29.90,0.0000,true,1,269753
7297594084056,false,קופסת ממתקים עץ Guli,,,קופסת ממתקים עץ Guli,יחידה,0.00,יחידה,false,,29.90,0.0000,true,1,269754
7297594084087,false,מאג + תחתית וכפית קר,,,מאג + תחתית וכפית קר,יחידה,0.00,יחידה,false,,19.90,0.0000,true,1,269755
7297594084100,false,מאג + כפית קרמיקה ומ,,,מאג + כפית קרמיקה ומ,יחידה,0.00,יחידה,false,,29.90,0.0000,true,1,269756
7297594084612,false,מאג Guliano סנטה,,,מאג Guliano סנטה,יחידה,0.00,יחידה,false,,9.90,0.0000,true,1,269706
7297623210357,false,געטקס גבר לבן,,,געטקס גבר,יחידה,0.00,יחידה,false,,16.90,0.0000,true,1,267195
7297623220011,false,נעלי בית סנופי,,,נעלי בית סנופי,יחידה,0.00,יחידה,false,,16.90,0.0000,true,1,246129
7297623220134,false,נעלי בית קופסא נשים,,,נעלי בית קופסא נשים,יחידה,0.00,יחידה,false,,29.90,0.0000,true,1,267203
7297623230010,false,שמיכת גם וגם פלנל יח,,,שמיכת גם וגם פלנל יח,יחידה,1.00,יחידה,false,,29.90,29.9000,true,1,244044
7297623230126,false,שמיכת קיץ בייסיק גם,,,שמיכת קיץ בייסיק גם,יחידה,0.00,יחידה,false,,39.90,0.0000,true,1,255774
7297623230140,false,שמיכת קיץ תחרה יחיד,,,שמיכת קיץ תחרה יחיד,יחידה,0.00,יחידה,false,,49.90,0.0000,true,1,255776
7297623230171,false,שמיכת פלנל יחיד,,,שמיכת פלנל יחיד,יחידה,0.00,יחידה,false,,29.90,0.0000,true,1,267204
7297623313072,false,מצעים חדש יחיד,,,מצעים חדש יחיד,יחידה,0.00,יחידה,false,,59.90,0.0000,true,1,249123
7297623313379,false,שמיכות פיקה סנטה ברב,,,שמיכות פיקה סנטה ברב,יחידה,0.00,יחידה,false,,49.90,0.0000,true,1,267206
7297623313386,false,שמיכות שפרה דו צדדי,,,שמיכות שפרה דו צדדי,יחידה,0.00,יחידה,false,,69.90,0.0000,true,1,267207
7297623313409,false,שמיכת פלנל זוגי,,,שמיכת פלנל זוגי,יחידה,0.00,יחידה,false,,39.90,0.0000,true,1,267209
7297623313430,false,סט מצעים זוגי אקסטרה,,,סט מצעים זוגי אקסטרה,יחידה,0.00,יחידה,false,,99.90,0.0000,true,1,263375
7297623313447,false,סט מצעים יחיד,,,סט מצעים יחיד,יחידה,0.00,יחידה,false,,69.90,0.0000,true,1,263376
7297623313454,false,סט מצעים מיטה וחצי,,,סט מצעים מיטה וחצי,יחידה,0.00,יחידה,false,,79.90,0.0000,true,1,263377
7297623321268,false,*מבצע* מגבות מטבח גם,,,*מבצע* מגבות מטבח גם,יחידה,0.00,יחידה,false,,10.00,0.0000,true,1,257314
7297623321312,false,מגבות ראש השנה,,,מגבות ראש השנה,יחידה,0.00,יחידה,false,,12.90,0.0000,true,1,263383
7297623500007,false,סט 5 מגבות ידיים,,,סט 5 מגבות ידיים,יחידה,0.00,יחידה,false,,14.90,0.0000,true,1,267953
7297623500052,false,שטיח קוקוס,,,שטיח קוקוס,יחידה,0.00,יחידה,false,,19.90,0.0000,true,1,267211
7297623500144,false,מגבת ענק,,,מגבת ענק,יחידה,0.00,יחידה,false,,39.90,0.0000,true,1,267964
7297623500151,false,מגבת פנים,,,מגבת פנים,יחידה,0.00,יחידה,false,,12.90,0.0000,true,1,268176
7298572026365,false,מטרפה נירוסטה 30 בלי,,,מטרפה נירוסטה 30 בלי,יחידה,0.00,יחידה,false,,10.00,0.0000,true,1,227233
7312040017034,false,וודקה אבסולוט 1 ליטר,פרנו ריקרד ($),,אבסולוט וודקה 1 ליטר,ליטרים,1.00,ליטר,false,,99.90,99.9000,true,1,154331
7312040017683,false,"אבסולוט וודקה, 700 מ''ל","איי, בי, אינבוו",SE,אבסולוט וודקה 700 מל,מיליליטרים,700.00,"100 מ""ל",false,,69.90,0.0999,true,1,193647
7332531063135,false,"ספריי לשיער סאיוס סרמיד לחיזוק 400 מ""ל",הנקל סוד,DE,סאיוס ספריי סירמיד 4,יחידה,0.00,יחידה,false,,30.00,0.0000,true,1,211865
7367305055313,false,כדורי זכוכית לקישוט,,,כדורי זכוכית לקישוט,יחידה,0.00,יחידה,false,,19.90,0.0000,true,1,246006
7393714369000,false,"קופרברג סיידר אגסים 4.5% בקבוק 330 מ""ל",לני אנד לארי,SE,קופרברג סיידר אגסים,מיליליטרים,330.00,"100 מ""ל",false,,8.90,0.0270,true,1,260309
7393714369208,false,"קופרברג סיידר פירות יער 330 מ""ל פחית",לני אנד לארי,SE,קופרברג סיידר פירות,מיליליטרים,330.00,"100 מ""ל",false,,8.90,0.0270,true,1,261579
7394376123337,false,"משקה שיבולת שועל אורגני מפוקח ע""י סקאל",טרנסומס פוד איי.בי,SE,אוטלי משקה שיבולת שו,יחידה,0.00,יחידה,false,,13.90,0.0000,true,1,211149
7394376615825,false,"אוטלי משקה שיבולת שועל בתוספת סידן וויטמינים , 1 ל'",טרנסומס פוד,SE,אוטלי משקה שיבולת שו,יחידה,0.00,יחידה,false,,13.90,0.0000,true,1,211150
7394376615832,false,אוטלי משקה שיבולת שועל בטעם שוקולד 1 ליטר,טרנסומס פוד,SE,אוטלי משקה שיבולת שו,יחידה,0.00,יחידה,false,,15.90,0.0000,true,1,211151
7394376616778,false,אוטלי משקה שיבולת שועל להקצפה בריסטה 1 ליטר,טרנסומס פוד,SE,אוטלי משקה שיבולת שו,יחידה,0.00,יחידה,false,,15.90,0.0000,true,1,211143
7394376620294,false,משקה אוטלי שיבולת שועל וניל 1ליטר,איי אם פי אס איי תעש,NL,משקה שיבולת שועל בטע,ליטרים,1.00,ליטר,false,,15.90,15.9000,true,1,267131
7441000720599,false,לבבות דקל LA CIMA פח 400 גרם,אינקופלמיטו,EC,לבבות דקל פח 400 גרם,גרמים,400.00,100 גרם,false,,13.90,0.0348,true,1,206883
7501013122039,false,ג'ומקס מיץ מנגו קרטונית ליטר תריסר,חומקס קומר קומרסאליז,MX,ג'ומקס מיץ מנגו קרטו,ליטרים,1.00,ליטר,false,,9.90,9.9000,true,1,199508
7501013122053,false,ג'ומקס מיץ אפרסק קרטונית ליטר תריסר,חומקס קומר קומרסאליז,MX,ג'ומקס מיץ אפרסק קרט,ליטרים,1.00,ליטר,false,,9.90,9.9000,true,1,199498
7501013122114,false,"נקטר משקה אננס בקרטונית ג'ומקס, 1 ל'",חומקס קומר קומרסאליז,MX,ג'ומקס מיץ אננס קרטו,ליטרים,1.00,ליטר,false,,9.90,9.9000,true,1,223105
7501013122190,false,ג'ומקס מיץ תפוחים קרטונית ליטר תריסר,חומקס קומר קומרסאליז,MX,ג'ומקס מיץ תפוחים קר,ליטרים,1.00,ליטר,false,,9.90,9.9000,true,1,199509
7501013122992,false,ג'ומקס מיץ קוקוס אננס קרטונית ליטר תריסר,חומקס קומר קומרסאליז,MX,ג'ומקס מיץ קוקוס אננ,ליטרים,1.00,ליטר,false,,9.90,9.9000,true,1,199510
7501013138047,false,משקה יוניקו פרסקו רימונים קרטונית 1 ליטר,תומקס קומרסאליזדורה,MX,יוניקו פרסקו רימונים,ליטרים,1.00,ליטר,false,,10.90,10.9000,true,1,199553
7501049936945,false,"בירה סול שישייה בקבוק 330 מ""ל",היינקן,NL,SOL בירה שישייה 330,מיליליטרים,330.00,"100 מ""ל",false,,39.90,0.1209,true,1,211028
7501064191398,false,שישיית בירה קורונה אקסטרא *355 מל,קריניציה ויטמינה אס,MX,בירה קורונה שישייה,יחידה,0.00,יחידה,false,,39.90,0.0000,true,1,197860
7503012779405,false,סירופ אגבה כחולה – נטורפוד (גדול),נוטריאגבס דה מקסיקו,MX,נטורפוד 100% סירופ א,יחידה,0.00,יחידה,false,,36.90,0.0000,true,1,137942
7509546057545,false,ליידי ספיד סטיק פרו 5 סטיק 45 גרם,קולגייט פלמוליב,US,ליידי ספיד סטיק פרו,יחידה,0.00,יחידה,false,,19.90,0.0000,true,1,241453
7509546061160,false,"משחת שיניים לילדים מיניונים 2-5 75 מ""ל קולגייט",קולגייט פלמוליב,PL,קולגייט משחת ילדים מ,יחידה,0.00,יחידה,false,,16.90,0.0000,true,1,240882
7509546061672,false,דאודורנט סטיק אקסטרים אינטנס,קולגייט פלמוליב,US,ספיד סטיק אקסטרים סט,גרמים,70.00,100 גרם,false,,19.90,0.2843,true,1,264932
7509546063515,false,ליידי ספיד סטיק -סטיק פרו 5 ספריי 150 מל,קולגייט פלמוליב,MX,ליידי ספיד סטיק פרו,מיליליטרים,150.00,"100 מ""ל",false,,19.90,0.1327,true,1,264933
7509546663135,false,קולגייט משחת שיניים זירו פפרמינט 98 מל,CP-Poland swidnica,PL,קולגייט זירו משחת שי,יחידה,0.00,יחידה,false,,19.90,0.0000,true,1,221074
7509546666846,false,"קולגייט טוטאל משחת שיניים פחם 75 מ""ל",קולגייט פלמוליב,PL,קולגייט טוטאל משחת ש,יחידה,0.00,יחידה,false,,19.90,0.0000,true,1,237729
7509546678702,false,קולגייט משחת שיניים טוטל אנטי טרטר 100 מ,קולגייט-פלמוליב,PL,קולגייט משחת שיניים,מיליליטרים,100.00,"100 מ""ל",false,,17.90,0.1790,true,1,262593
7610023050215,false,פמיליה קראנץ' איקס תערובת דגנים פריכים בתוספת צימוקים ואגוזי לוז 500 גרם,פמיליה familia,CH,פמיליה מוזלי קראנצ א,גרמים,500.00,100 גרם,false,,27.00,0.0540,true,1,140283
7610046125693,false,קאגי וופל 125ג ציפוי,,,קאגי וופל 125ג ציפוי,יחידה,0.00,יחידה,false,,15.90,0.0000,true,1,219518
7610100034084,false,שפורפרת מיונז טומי 265 גרם,נסטלה שוויץ ס.א,CH,מיונז טומי 265 גרם,גרמים,265.00,100 גרם,false,,14.90,0.0562,true,1,173185
7610400010481,false,לינדט אקסלנס שוקולד חלב 100 גרם,לינדט ושפרונגלי קילש,CH,לינדט אקסלנס חלב 100,גרמים,100.00,100 גרם,false,,15.10,0.1510,true,1,115958
7610400014632,false,שוקולד לינדור בודד וואיט 100 ג',לינדט Lindt,CH,לינדט לינדור לבן 100,גרמים,100.00,100 גרם,false,,15.10,0.1510,true,1,115963
7610400014649,false,לינדור קוביות במילוי קרם שוקולד חלב 100 גרם,לינדט ושפרונגלי קילש,CH,לינדט לינדור שוק.חלב,גרמים,100.00,100 גרם,false,,15.10,0.1510,true,1,115964
7610400068369,false,שוקולד חלב במילוי קרם אגוזים,לינדט ושפרונגלי,CH,לינדט לינדור עם אגוז,גרמים,100.00,100 גרם,false,,15.10,0.1510,true,1,115966
7610400068505,false,לינדט לינדור בונבוניירה שוקולד חלב 200 גרם,לינדט ושפרונגלי קילש,CH,לינדור בונבוניירה חל,גרמים,200.00,100 גרם,false,,29.90,0.1495,true,1,115967
7610400068529,false,לינדט לינדור בונבוניירה כדורי שוקולד מטעמים 200 גרם,לינדט ושפרונגלי קילש,CH,לינדור בונבוניירה אס,גרמים,200.00,100 גרם,false,,29.90,0.1495,true,1,115968
7610400070577,false,לינדט אקסלנס שוקולד צ'ילי 100 גרם,לינדט Lindt,CH,לינדט אקסלנס מריר צי,גרמים,100.00,100 גרם,false,,15.90,0.1590,true,1,115975
7610400074155,false,לינדט לינדור קוביות במילוי קרם שוקולד 60% מוצקי קקאו 100 גרם,לינדט ושפרונגלי קילש,CH,לינדט לינדור 60% 100,גרמים,100.00,100 גרם,false,,15.10,0.1510,true,1,115978
7610400075770,false,לינדט לה גרנד שוקולד מריר אגוז 150 גרם,לינדט ושפרונגלי,CH,לינדט לה גרנד מריר ע,גרמים,150.00,100 גרם,false,,24.10,0.1607,true,1,115979
7610400075787,false,לינדט לה גרנד שוקולד חלב אגוז 150 גרם,"לינדט ושפרונגלי, קיל",CH,לינדט לה גרנד חלב עם,גרמים,150.00,100 גרם,false,,24.10,0.1607,true,1,115980
7610400075794,false,לינדט לה גרנד שוקולד לבן ושקדים 150 גרם,לינדט ושפרונגלי,CH,לינדט לה גרנד לבן עם,גרמים,150.00,100 גרם,false,,24.10,0.1607,true,1,115981
7610400091060,false,שוקולד מריר לינדט אקסלנס בתוספת תפוז ושקדים,לינדט ושפרונגלי קילש,CH,לינדט מריר אקסלנס תפ,גרמים,100.00,100 גרם,false,,14.90,0.1490,true,1,209652
7613030979647,false,דגני בוקר טריקס פירות עולם היורה 480 ג',ג'נרל מילס סאן אדריא,IL,טריקס קדם עולם היורה,גרמים,480.00,100 גרם,false,,26.90,0.0560,true,1,183378
7613032045753,false,פיטנס - דגני בוקר שוקולד 375 גרם,נסטלה צרפת איטנקורט,FR,פיטנס שוקולד 375 גר,גרמים,375.00,100 גרם,false,,19.90,0.0531,true,1,124007
7613033548192,false,פיטנס - דגני בוקר שוקולד מריר 375 גרם,נסטלה צרפת איטנקורט,FR,פיטנס דגני בוקר שוקו,גרמים,375.00,100 גרם,false,,19.90,0.0531,true,1,124027
7613034146502,false,מזון לכלבים קטנים בטעם עוף פורינה ONE,פורינה Purina,US,פורינה ONE כלב מיני,קילוגרמים,1.50,"ק""ג",false,,59.90,39.9333,true,1,200195
7613035514560,false,מזון לחתול מעוקר עם בקר פורינה ONE,פורינה Purina,US,פורינה ONE חתול סטר,קילוגרמים,3.00,"ק""ג",false,,119.90,39.9667,true,1,200186
7613035618794,false,"פורינה ONE חתול בוגר עוף 3 ק""ג",פורינה Purina,US,פורינה ONE חתול בוג,קילוגרמים,3.00,"ק""ג",false,,119.90,39.9667,true,1,200188
7613035622623,false,פיטנס - גרנולה שקדים ודבש 300 גרם,שוורצקוף& הנקל דיסלד,LT,פיטנס גרנולה שקדים ו,גרמים,300.00,100 גרם,false,,16.90,0.0563,true,1,162190
7613035635845,false,פיטנס גרנולה שוקולד 14*300 גרם,שוורצקוף& הנקל דיסלד,LT,פיטנס גרנולה שוקולד,גרמים,300.00,100 גרם,false,,16.90,0.0563,true,1,162191
7613035758834,false,פיטנס גרנולה חמוציות 300 דגרם,שוורצקוף& הנקל דיסלד,LT,אסם פיטנס גרנולה חמו,גרמים,300.00,100 גרם,false,,16.90,0.0563,true,1,166812
7613035807778,false,פרפקטו רוטב עגבניות לבולונז 400 ג' אסם,אסם פרפקטו Perfecto,ES,פרפקטו רוטב עגבניות,גרמים,400.00,100 גרם,false,,10.90,0.0273,true,1,165681
7613035809109,false,פרפקטו רוטב עגבניות ובזיליקום 400 ג'אסם,אסם פרפקטו Perfecto,ES,פרפקטו רוטב עגבניות,גרמים,400.00,100 גרם,false,,10.90,0.0273,true,1,165682
7613035809123,false,פרפקטו רוטב עגבניות עם פלפלים 400 ג' אסם,אסם פרפקטו Perfecto,ES,פרפקטו רוטב עגבניות,גרמים,400.00,100 גרם,false,,10.90,0.0273,true,1,165683
7613035809857,false,פרפקטו רוטב עגבניות לפסטה ולבישול 400 ג' אסם,אסם פרפקטו Perfecto,ES,פרפקטו רוטב עגבניות,גרמים,400.00,100 גרם,false,,10.90,0.0273,true,1,165684
7613036105545,false,"דוגלי גזע קטן 4*3 קילו ""אסם""",נסטלה פורינה באק הונ,HU,"דוגלי גזע קטן 3 ק""ג",קילוגרמים,3.00,"ק""ג",false,,59.90,19.9667,true,1,176971
7613036251389,false,"דוגלי בקר לכלבים פעילים 12 ק""ג",נסטלה פורינה באק הונ,,"דוגלי אקטיב 12 ק""ג",קילוגרמים,12.00,"ק""ג",false,,139.90,11.6583,true,1,180028
7613036288026,false,מזון כלבים דוגלי גור,נסטלה פורינה באק הונ,HU,"דוגלי גורים 3 ק""ג",קילוגרמים,3.00,"ק""ג",false,,59.90,19.9667,true,1,180029
7613036314114,false,נסקפה גולד Gold קפה נמס מיובש בתוספת קפה קלוי,נסקפה Nescafe,IL,נס קפה גולד 200 גרם,גרמים,200.00,100 גרם,false,,49.90,0.2495,true,1,216963
7613036387798,false,פיטנס Fitness דגנים מלאים עם ציפוי בטעם יוגורט,נסטלה צרפת איטנקורט,FR,פיטנס יוגורט 350 גרם,גרמים,355.00,100 גרם,false,,19.90,0.0561,true,1,192809
7613036520492,false,פרפקטו רוטב עגבניות לפסטה 400 גרם,אסם פרפקטו Perfecto,ES,פרפקטו רוטב עגבניות,גרמים,400.00,100 גרם,false,,10.90,0.0273,true,1,182102
7613036880534,false,גרבר מחית ירקות מעורבים מטרנה 190 גר',נסטלה פולסקה אס.איי,PL,גרבר מחית מרק ירקות,גרמים,190.00,100 גרם,false,,5.90,0.0311,true,1,201605
7613036976671,false,פריסקיז פאוצ' עוף ברוטב 26*85גרם,נסטלה פורינה USA מק,FR,אסם פריסקיז פאוצ' עו,גרמים,100.00,100 גרם,false,,5.50,0.0550,true,1,224330
7613036976732,false,פריסקיז - פאוץ סולומון 85 גרם,נסטלה פורינה,HU,פריסקיז פאוצ' סלמון,יחידה,0.00,יחידה,false,,5.50,0.0000,true,1,219506
7613037276091,false,נסטלה מיקס מיני אריזות דגני בוקר 200 גרם,נסטלה Nestle,FR,מיקס מיני נסטלה דגני,גרמים,200.00,100 גרם,false,,21.90,0.1095,true,1,197642
7613037686906,false,פיטנס - דגני בוקר שקדים ודבש 355 גרם,נסטלה צרפת איטנקורט,FR,פיטנס שקדים ודבש 355,גרמים,355.00,100 גרם,false,,19.90,0.0561,true,1,201615
7613038451954,false,דגני בוקר שוקולד מופחת סוכר 410 ג' קראנץ',נסטלה צרפת איטנקורט,FR,קראנץ שוקולד מופחת ס,גרמים,410.00,100 גרם,false,,21.90,0.0534,true,1,203922
7613039770450,false,טבעול סנסשיונל בורגר צמחוני 226 גרם,ג'נרל מילס סאן אדריא,IL,טבעול סנסשיונל בורגר,גרמים,226.00,100 גרם,false,,29.90,0.1323,true,1,217724
7613039771174,false,טבעול סנסשיונל מינס טחון צמחוני 400 גרם,ג'נרל מילס סאן אדריא,IL,טבעול סנסשיונל מינס,גרמים,226.00,100 גרם,false,,29.90,0.1323,true,1,217725
7613039881521,false,גרבר - מחית מנגו 190 גרם,נסטלה פולסקה אס.איי,PL,גרבר מחית מנגו 190 ג,גרמים,190.00,100 גרם,false,,5.90,0.0311,true,1,222487
7613287121783,false,סמארטיס מיני 16*187 גרם,נסטלה Nestle,DE,סמארטיס מיני 187 גרם,גרמים,187.00,100 גרם,false,,14.90,0.0797,true,1,238697
7613287186928,false,סטארבקס קפסולות קפה ברקפסט רוסט 10יח,נסטלה שוויץ - קפה,CH,סטארבקס קפסולות ברקפ,יחידה,0.00,יחידה,false,,21.90,0.0000,true,1,243116
7613287325808,false,אוסם - דיפ אנד ספרד מטבל איולי שום 295 גרם,נסטלה פולין,PL,אסם רוטב איולי שום ל,גרמים,295.00,100 גרם,false,,14.90,0.0505,true,1,254134
7613287325822,false,אוסם - דיפ אנד ספרד מטבל מיקס 295 גרם,נסטלה,PL,אסם רוטב מיקס לחיץ 2,גרמים,295.00,100 גרם,false,,14.90,0.0505,true,1,254135
7613287325853,false,אוסם - דיפ אנד ספרד מטבל איולי ספייסי 295 גרם,נסטלה פולין,PL,אסם רוטב ספייסי איול,גרמים,295.00,100 גרם,false,,14.90,0.0505,true,1,254136
7613287325952,false,אוסם - דיפ אנד ספרד מטבל ברבקיו 345 גרם,דפטונה פולין,PL,אסם רוטב רביקיו לחיץ,גרמים,345.00,100 גרם,false,,14.90,0.0432,true,1,254139
7613287325983,false,אוסם - דיפ אנד ספרד מטבל סלסה 335 גרם,דפטונה פולין,PL,אסם רוטב סלסה לחיץ 3,גרמים,335.00,100 גרם,false,,14.90,0.0445,true,1,254140
7613287476494,false,אוסם - דיפ אנד ספרד מיונז בסגנון צרפתי 280 גרם,נסטלה פולין,PL,אסם מיונז לחיץ 280 ג,גרמים,280.00,100 גרם,false,,14.90,0.0532,true,1,254141
7613287821348,false,נתחוני עוף טבעוני סנסשיונל טבעול 350 ג',ג'נרל מילס סאן אדריא,CZ,טבעול נתחוני עוף טבע,גרמים,350.00,100 גרם,false,,29.90,0.0854,true,1,243115
7613287855640,false,סטארבקס קפסולות קפה גוואטמלה 10 יחידות,נסטלה שוויץ - קפה,CH,סטארבקס קפסולות גווא,יחידה,0.00,יחידה,false,,21.90,0.0000,true,1,262349
7614500035788,false,טובלרון שוקולד חלב 200 גרם,מונדליז,CH,טובלרון חלב 200ג,גרמים,200.00,100 גרם,false,,16.00,0.0800,true,1,141734
7616500553460,false,שוקולד פריי מהודר מריר תפוז 100 ג',פריי,CH,פריי שוק.מריר תפוז 1,גרמים,100.00,100 גרם,false,,7.90,0.0790,true,1,124175
7616500553484,false,שוקולד פריי מהודר מריר 78% 100גר,פריי,CH,פריי שוקו.מריר78% 10,גרמים,100.00,100 גרם,false,,7.90,0.0790,true,1,124177
7616500646087,false,שוקולד פריי חלב עם שבבי אגוזים 100ג,פריי,CH,שוקולד פריי מהודר ממ,גרמים,100.00,100 גרם,false,,7.90,0.0790,true,1,124189
7616500647251,false,פריי שוקולד חלב עם א,פריי,CH,פריי שוקולד חלב עם א,גרמים,180.00,100 גרם,false,,12.90,0.0717,true,1,124191
7616500647268,false,פריי שוקולד מריר עם,פריי,CH,פריי שוקולד מריר עם,גרמים,180.00,100 גרם,false,,12.90,0.0717,true,1,124192
7616500666092,false,פריי חלב פיסטוק 200,פריי,CH,פריי חלב פיסטוק 200,גרמים,200.00,100 גרם,false,,14.90,0.0745,true,1,219853
7622010001858,false,עוגיות אוראו ממולאות קרם וניל 176 גרם.,פי אר ג'יי אס אי מנד,CZ,אוראו ממולאות קרם ונ,גרמים,176.00,100 גרם,false,,9.90,0.0563,true,1,160375
7622200009084,false,מילקה טבלאות שוקולד ממולא בסקויט 300 גר,מונדליז,AT,מילקה ביסקוויט 300 ג,גרמים,300.00,100 גרם,false,,10.90,0.0363,true,1,234831
7622201050757,false,שוקולד מילקה טבלת חלב עם קרמל 100 ג',מילקה Milka,DE,מילקה קרמל 100 גר,גרמים,100.00,100 גרם,false,,8.00,0.0800,true,1,141735
7622201401900,false,עוגיות מילקה סנסיישן אוראו 156 גרם,מונדלז פולסקה פרודקש,PL,עוגיות מילקה סנשיין,גרמים,150.00,100 גרם,false,,11.90,0.0793,true,1,220392
7622201502515,false,עוגיות מילקה קוקי לופ שוקולד צ'יפס,גיורי קייקס קייאפטי,HU,מילקה קוקי לופ 132גר,גרמים,132.00,100 גרם,false,,11.90,0.0902,true,1,242531
7622201801809,false,מילקה שוקולד חלב עם אגוזים 100 גרם חדש,מנדלז דויצ'לנד סנקס,DE,מילקה שוק.חלב עם אגו,גרמים,100.00,100 גרם,false,,8.00,0.0800,true,1,241034
7622201802394,false,שוקולד מילקה חלב מסרונים 100 גרם,מנדלז דויצ'לנד סנקס,PL,מילקה שוק.חלב 100 גר,גרמים,100.00,100 גרם,false,,8.00,0.0800,true,1,241032
7622201808631,false,אוראו מיני עוגיות ממולאות קרם וניל 67גרם,פי.טי. מונדלז אינדונ,ID,אוראו מיני כוסות בטע,יחידה,0.00,יחידה,false,,8.90,0.0000,true,1,241036
7622201813390,false,עוגיות מילקה וואפל במילוי קרם קקאו 150 ג,מונדליז סי.אר. ביסקו,CZ,מילקה ואפל במילוי קר,גרמים,150.00,100 גרם,false,,11.90,0.0793,true,1,239523
7622201819170,false,שוקולד מילקה דרק שקדים 85 גרם,מונדלז דויטשלנד סנאק,DE,מילקה דרק 85 גרם,יחידה,0.00,יחידה,false,,7.90,0.0000,true,1,242532
7622201819552,false,מילקה דארק שוקולד 85 גרם חדש,מונדלז דויטשלנד סנאק,DE,מילקה דארק קרמל 85 ג,יחידה,0.00,יחידה,false,,7.90,0.0000,true,1,242884
7622210078131,false,מילקה שוקולד חלב במילוי קרם שמנת 100 ג',מנדלז דויצ'לנד סנקס,PL,מילקה שוקולד חלב עם,גרמים,100.00,100 גרם,false,,8.00,0.0800,true,1,225308
7622210137234,false,עוגיות אוראו עם דאבל קרים וניל 170 גר,מונדלייז,ES,עוגיות אוראו עם דאבל,גרמים,170.00,100 גרם,false,,10.90,0.0641,true,1,164451
7622210163899,false,שוקולד חלב במילוי סוכריות עדשים,מונדלז דויצ'לנד סנקס,DE,מילקה שוקולד חלב עם,גרמים,100.00,100 גרם,false,,8.00,0.0800,true,1,183085
7622210240200,false,מילקה שוקולד חלב ועוגיות אוריאו 300 גרם,מונדליז,,מילקה אוראו 300 גרם,גרמים,300.00,100 גרם,false,,10.90,0.0363,true,1,197183
7622210453327,false,עוגיות שוקוצ'יפס במילוי שוקולד סנסיישן,מנדלז פולסקה פרודקשן,PL,מילקה סנסיישן 156 גר,גרמים,156.00,100 גרם,false,,11.90,0.0763,true,1,178120
7622210637994,false,מיני עוגיות אוראו קראנצ'י בייטס אורגינל,מונדלז אספניה ג'לאטס,ES,אוראו ביס קראנ'צי או,יחידה,0.00,יחידה,false,,10.90,0.0000,true,1,220385
7622210638021,false,מיני עוגיות אוראו קראנצ'י בייטס מצופים,מונדלז אספניה ג'לאטס,ES,אוראו ביס קראנ'צי בצ,יחידה,0.00,יחידה,false,,10.90,0.0000,true,1,220386
7622210640062,false,פלדלפיה שמנת למריחה עם פלפל חלפיניו ופלפל ירוק,מונדלייז,DE,פילדלפיה שמנת למריחה,גרמים,175.00,100 גרם,false,,16.90,0.0966,true,1,224619
7622210642295,false,אוראו עוגיות אורגינל,,,אוראו עוגיות אורגינל,גרמים,608.00,100 גרם,false,,19.90,0.0327,true,1,182794
7622210826053,false,שוקולד מילקה אוראו סנדוויץ 92 גר',גיאורי קאקסז קייאףטי,PL,שוקולד מילקה אוראו ס,גרמים,92.00,100 גרם,false,,8.00,0.0870,true,1,220393
7622210835338,false,אוראו עוגיות ממולאות טעם בראוניז 176 גרם,מנדלז אספנה גאלטס פר,ES,אוראו בראוניז 176 גר,גרמים,176.00,100 גרם,false,,9.90,0.0563,true,1,183087
7622300134532,false,שוקולד מילקה קרם חלב אגוזי לוז וקרמל 300,מונדליז,AT,מילקה טופי אגוזים 30,גרמים,300.00,100 גרם,false,,10.60,0.0353,true,1,234832
7622300200237,false,שוקולד מילקה שוקולד חלב 250 גרם,מונדליז אוסטרייך פרו,PL,מילקה שוק.חלב 250 גר,גרמים,250.00,100 גרם,false,,16.00,0.0640,true,1,141744
7622300270506,false,מילקה גריינס - עוגיות שיבולת שועל מצופות שוקולד 168 ג',מונדלז פולסקה פרודקש,PL,מילקה גריינס עוגיות,גרמים,168.00,100 גרם,false,,11.90,0.0708,true,1,141745
7622300340285,false,גבינת שמנת 22% שומן 175 ג' פילדלפיה,מונדלז דויצ'לנד פרוד,DE,פילדלפיה 22% שומן 17,גרמים,175.00,100 גרם,false,,16.90,0.0966,true,1,184725
7622300340292,false,גבינת שמנת 11% שומן 175 ג' פילדלפיה,מונדלז דויצ'לנד פרוד,DE,פילדלפיה מופחת שומן,גרמים,175.00,100 גרם,false,,16.90,0.0966,true,1,184726
7622300489427,false,עוגיות אוראו בציפוי בטעם שוקולד לבן 246 גרם,מנדלז אספנה גאלטס פר,ES,אוראו פאג שוקולד לבן,גרמים,246.00,100 גרם,false,,19.00,0.0772,true,1,182140
7622300489434,false,"עוגיות אוראו פאדג' בציפוי שוקולד חלב, 246 גרם",מנדלז אספנה גאלטס פר,ES,אוראו פאג שוקולד חלב,גרמים,246.00,100 גרם,false,,19.00,0.0772,true,1,182139
7622300495046,false,מילקה שוקולד חלב עם אקסטרה קקאו 100 גרם,מנדלז דויצ'לנד סנקס,DE,מילקה אקסטרה קקאו 30,גרמים,100.00,100 גרם,false,,8.00,0.0800,true,1,141750
7622300498429,false,מילקה שוקולד חלב עם יוגורט תות 100 גר',מונדלייז,DE,מילקה שוקולד קרם תות,גרמים,100.00,100 גרם,false,,8.00,0.0800,true,1,141751
7622300503079,false,"מילקה, עוגיות ביסקוויט מצופות שוקולד - 200 גרם",מונדלז פולסקה פרודקש,PL,מילקה מוו - ביסקוויט,גרמים,200.00,100 גרם,false,,11.90,0.0595,true,1,141752
7622300617820,false,מילקה שוקולד חלב במילוי קרם חלב ווניל ושבבי עוגיות אוראו 100 גרם,מנדלז דויצ'לנד סנקס,DE,מילקה שוקולד אוראו 1,גרמים,100.00,100 גרם,false,,8.00,0.0800,true,1,141753
7622300756383,false,"ממרח גבינה פילדלפיה עם ממרח שוקולד ""מילקה"" 175 גרם",מונדלייז,DE,ממרח גבינה פילדלפיה,גרמים,175.00,100 גרם,false,,16.90,0.0966,true,1,224620
7622300756413,false,גבינת פילדלפיה 20% שומן עם תבלינים 175 ג',מונדלז דויצ'לנד פרוד,DE,פילדלפיה 20%שומן עם,גרמים,175.00,100 גרם,false,,16.90,0.0966,true,1,184727
7622400005190,false,שוקולד חלב נגיעות שוקולד לבן מילקה 100 ג,מנדלז דויצ'לנד סנקס,DE,מילקה שוקולד נגיעות,גרמים,100.00,100 גרם,false,,5.90,0.0590,true,1,141759
7630477891592,false,סטארבקס קפסולות קפה האוס בלנד 10 יחידות,נסטלה שוויץ - קפה,CH,סטארבקס קפסולות האוס,יחידה,0.00,יחידה,false,,21.90,0.0000,true,1,223935
7630477891615,false,סטארבקס קפסולות קפה סומטרה 10 יחידות,נסטלה שוויץ - קפה,CH,סטארבקס קפסולות סומט,יחידה,0.00,יחידה,false,,21.90,0.0000,true,1,214314
7630477891677,false,סטארבקס קפסולות קפה פייק פלייס 10 יחידות,נסטלה שוויץ - קפה,CH,סטארבקס קפסולות פייק,יחידה,0.00,יחידה,false,,21.90,0.0000,true,1,214311
7630477891691,false,סטארבקס קפסולות קפה קולמביה 10 יחידות,נסטלה שוויץ - קפה,CH,סטארבקס קפסולות קולו,יחידה,0.00,יחידה,false,,21.90,0.0000,true,1,214316
7630477891714,false,סטארבקס קפסולות קפה אספרסו 10 יחידות,נסטלה שוויץ - קפה,CH,סטארבקס קפסולות אספר,יחידה,0.00,יחידה,false,,21.90,0.0000,true,1,225313
7630477891738,false,סטארבקס קפסולות קפה אספרסו בלונד 10 יחיד,נסטלה שוויץ - קפה,CH,סטארבקס קפסולות אספר,יחידה,0.00,יחידה,false,,21.90,0.0000,true,1,214318
7638900083071,false,סוללות אנרג'ייזר זוג,אנרג'ייזר,CN,סוללות אנרג'ייזר זוג,יחידה,0.00,יחידה,false,,12.90,0.0000,true,1,197112
7638900248333,false,סוללות ליתיום 2025 - זוג,אנרג'יזר Energizer,CN,סוללות אנרג'ייזר זוג,יחידה,0.00,יחידה,false,,17.90,0.0000,true,1,197108
7638900295641,false,סוללות אנרג'ייזר זוג,אנרג'ייזר,CN,סוללות אנרג'ייזר זוג,יחידה,0.00,יחידה,false,,17.90,0.0000,true,1,197110
7702018271788,false,"דאודורנט קליר ג'ילט בניחוח ספורט 70 מ""ל",פרוקטר אנד גמבל,PL,קליר דאודורנט ג'ל 70,מיליליטרים,70.00,"100 מ""ל",false,,16.90,0.2414,true,1,256574
7702018405145,false,גילט סירייס גל גילוח להגנה גבוהה,ג'ילט Gillette,GB,ג'יליט ג'ל גילוח סיר,מיליליטרים,200.00,"100 מ""ל",false,,16.90,0.0845,true,1,183557
7702018421237,false,גילט מכשיר פרוגלייד פלקס בול ידני+7 סכינ,ג'ילט Gillette,PL,ג'ילט פיוז'ן פרוגליי,יחידה,0.00,יחידה,false,,139.00,0.0000,true,1,162955
7702018441075,false,גילט מארז סכינים פיוזן ידני 12 יחידות,דיפלומט,PL,פיוז'ן סכיני גילוח י,יחידה,12.00,יחידה,false,,149.90,12.4917,true,1,187710
7702018465552,false,ונוס ג'ילט סימפלי 4,,,ונוס ג'ילט סימפלי 4,יחידה,0.00,יחידה,false,,16.90,0.0000,true,1,264301
7702018468447,false,גילט בלו 2 פלוס סכינים חד פעמיים עשירייה,דיפלומט,PL,בלו 2 פלוס אולטרא גר,יחידה,10.00,יחידה,false,,24.90,2.4900,true,1,197082
7702018471423,false,גילט פיוזן סטארט סכיני גילוח 4יח,פרןקטר אנד גמבל ברלי,PL,גילט פיוזן רביעיות,יחידה,0.00,יחידה,false,,44.90,0.0000,true,1,211104
7702018482740,false,סכיני גילוח ג'ילט ונוס סימפלי 5 יחידות,,,גילט ונוס סימפלי 5 י,יחידה,0.00,יחידה,false,,6.90,0.0000,true,1,251109
7702018488704,false,מכשיר גילוח + 2 סכינ,,,מכשיר גילוח + 2 סכינ,יחידה,0.00,יחידה,false,,49.90,0.0000,true,1,203423
7702018495078,false,ונוס זוג סכינים רב פעמי,,,ג'ילט ונוס 3 סכיני ג,יחידה,0.00,יחידה,false,,26.90,0.0000,true,1,258024
7702018498567,false,מארז ידית + 5 סכיני גילוח לעור רגיש סקינגארד,ג'ילט Gillette,PL,גילט מארז ידית + 5 ס,יחידה,0.00,יחידה,false,,119.90,0.0000,true,1,198051
7702018539468,false,גילט ונוס תות- ידית ושלושה סכינים 5להבים מארז,פרוקטר אנד גמבל,PL,ג'ילט מארז ונוס תןת,יחידה,0.00,יחידה,false,,49.90,0.0000,true,1,239166
7702018607518,false,גילט מארז פיוזן מכשיר+סכיני גילוח שישייה,דיפלומט,PL,מארז גילט פיוזן + 6,יחידה,0.00,יחידה,false,,119.90,0.0000,true,1,265651
7702018978106,false,"ג'ילט - דאודורנט ג'ל לגבר ארטיק אייס 70 מ""ל",פרוקטר אנד גמבל,PL,דאודורנט קליר ג'ל לג,יחידה,0.00,יחידה,false,,16.90,0.0000,true,1,107956
7702018978120,false,"ג'ילט - דאודורנט ג'ל לגבר קול וייב 70 מ""ל",פרוקטר אנד גמבל,PL,קליר דאודורנט ג'ל 70,יחידה,0.00,יחידה,false,,16.90,0.0000,true,1,107957
7702018980819,false,"גילט ג'ל גילוח 200 מ""ל- רגיש",,,גילט גל גילוח סנסיט,מיליליטרים,200.00,"100 מ""ל",false,,16.90,0.0845,true,1,200765
7702018980833,false,"ג'ילט ג'ל גילוח סירייס מועשר בלחות - 200 מ""ל",פרוקטר אנד גמבל,GB,גל גילוח סירייס מועש,מיליליטרים,250.00,"100 מ""ל",false,,16.90,0.0676,true,1,165658
7702018980925,false,"קצף גילוח לעור רגיל 200 מ""ל ג'ילט",קימברלי,GB,ג'ילט קצף גילוח לעור,יחידה,0.00,יחידה,false,,9.90,0.0000,true,1,198450
7702024074625,false,פיטנס - חטיפי קרקר חיטה מלאה 234 גרם,קומסטיבלס לה רוזה אס,CO,פיטנס חטיפי קרקר חיט,גרמים,234.00,100 גרם,false,,12.90,0.0551,true,1,184735
7702024258322,false,"חטיפי קרקר עם חיטה מלאה, צ'יה וזרעי פשתן פיטנס",נסטלה Nestle,CO,פיטנס חטיפי קרקר צ'י,גרמים,269.00,100 גרם,false,,12.90,0.0480,true,1,219577
7702174066631,false,לקקן יוגטה פין פופ במילוי מסטיק 170 גר,הדקלאים אגודת שיתופי,EC,יוגטה פין פופ לקקן 1,גרמים,180.00,100 גרם,false,,7.90,0.0439,true,1,115503
7702174068826,false,יוגטה מבחר סוכריות לקקן קשות ממולאות טופי בטעמי יוגורט ופירות 204 גרם,הדקלאים אגודת שיתופי,EC,יוגטה לקקן חדש 12יח,גרמים,216.00,100 גרם,false,,8.90,0.0412,true,1,115507
7702174068833,false,יוגטה סוכריות קשות על מקל ממולאות טופי בטעמי גלידת פירות 12 יח' 204 גרם,הדקלאים אגודת שיתופי,EC,יוגטה טעם גלידה בשקי,גרמים,216.00,100 גרם,false,,7.90,0.0366,true,1,115508
7702174070201,false,יוגטה לקקן בטעם מסטיק ממולא טופי בטעם תות 12 יח' 204 גרם,הדקלאים אגודת שיתופי,EC,יוגטה לקקן מג'יק 12י,גרמים,216.00,100 גרם,false,,8.90,0.0412,true,1,115511
7702174073783,false,סוכריות על מקל בטעם קולה במילוי גומי לעיסה,הדקלאים אגודת שיתופי,CO,לקקן פין פופ קולה 18,גרמים,180.00,100 גרם,false,,7.90,0.0439,true,1,155892
7702174073844,false,לקקן יוגטה פין פופ פירות 48 יח 672 גרם,הדקלאים אגודת שיתופי,CO,לקקן פין פופ פירות 4,יחידה,0.00,יחידה,false,,19.90,0.0000,true,1,155893
7790580108489,false,ממרח בוטנים בון בון 290 גרם,,,ממרח על בסיס בוטנים,יחידה,0.00,יחידה,false,,9.90,0.0000,true,1,260234
7791875005353,false,ריבת חלב הוואנה דוצה דה לצה 450 גרם,פרימיום ברנד,ES,הוואנה דולצה דה לצה,גרמים,450.00,100 גרם,false,,19.90,0.0442,true,1,239870
7794450008077,false,יין אלאמוס שרדונה 75,ארגנטינה בודגה קטנה,,יין אלאמוס שרדונה,יחידה,0.00,יחידה,false,,43.90,0.0000,true,1,128245
7794450008084,false,יין אלאמוס מאלבק 750,ארגנטינה בודגה קטנה,,יין אלאמוס מאלבק,מיליליטרים,750.00,"100 מ""ל",false,,43.90,0.0585,true,1,128246
7794450091338,false,יין אלאמוס מלבק סלקס,ארגנטינה בודגה קטנה,,יין אלאמוס מאלבק סלק,מיליליטרים,750.00,"100 מ""ל",false,,59.90,0.0799,true,1,191160
7794450941480,false,היי אלטיטיוד מלבק אל,,,היי אלטיטיוד מלבק אל,יחידה,0.00,יחידה,false,,69.90,0.0000,true,1,265344
7798159560232,false,ארג'נטו רזרבה מלבק י,,,ארג'נטו רזרבה מלבק י,מיליליטרים,750.00,"100 מ""ל",false,,59.90,0.0799,true,1,209376
7798304600042,false,אוכמניות יבוא 125 גר,מרינה,IL,אוכמניות טריות 125 ג,גרמים,125.00,100 גרם,false,,14.90,0.1192,true,1,217391
7804338000021,false,יין אדום יבש טרדיסון רזרב ק.סובינון 750,וינה לוס בולדוס,ZA,לוס בולדוס טרדיסיון,מיליליטרים,750.00,"100 מ""ל",false,,59.90,0.0799,true,1,264012
7804414000860,false,יין דון חוליו קברנה סוביניון,צ'ילה לואיס פיליפה א,CL,דון חוליו קברנה סובנ,יחידה,750.00,יחידה,false,,31.90,0.0425,true,1,128257
7804414000877,false,"יין דון חוליו מרלו 750 מ""ל",צ'ילה לואיס פיליפה א,CL,יין דון חוליו מרלו,יחידה,750.00,יחידה,false,,31.90,0.0425,true,1,128258
7804414000884,false,יין שרדונה דון חוליו,צ'ילה לואיס פיליפה א,CL,דון חוליו שרדונה 750,יחידה,750.00,יחידה,false,,31.90,0.0425,true,1,128259
7804414001614,false,יין אדום שיראז דון ח,צ'ילה לואיס פיליפה א,CL,דון חוליו שיראז 750,יחידה,750.00,יחידה,false,,31.90,0.0425,true,1,128260
7804414012344,false,יין סוביניון בלאן דו,צ'ילה לואיס פיליפה א,,דון חוליו סוביניון ב,מיליליטרים,750.00,"100 מ""ל",false,,31.90,0.0425,true,1,198010
7804414012351,false,יין אדום יבש מלבק דו,צ'ילה לואיס פיליפה א,CL,דון חוליו מלבק,מיליליטרים,750.00,"100 מ""ל",false,,31.90,0.0425,true,1,171899
7804414017110,false,דון חוליו פינו נואר כשר,צ'ילה לואיס פיליפה א,,דון חוליו פינו נואר,מיליליטרים,750.00,"100 מ""ל",false,,31.90,0.0425,true,1,205105
7840009011507,false,גרבה מתה 500 גרם,,,גרבה מתה 500 גרם,גרמים,500.00,100 גרם,false,,14.90,0.0298,true,1,156391
7891024027998,false,קולגייט מי פה טוטאל הגנה מפני אבן 500 מל,קולגייט פלמוליב,BR,קולגייט מי פה טוטל א,מיליליטרים,500.00,"100 מ""ל",false,,29.90,0.0598,true,1,262594
7891024030974,false,"קולגייט משחת שיניים טריפל אקשן 75 מ""ל",הנסיך- מפעל לייצור ט,BR,קולגייט משחת טריפל א,יחידה,0.00,יחידה,false,,6.90,0.0000,true,1,208950
7891024124826,false,קולגייט משחת אופטיק ספרקלינג וייט 75מל,הנסיך- מפעל לייצור ט,BR,משחת שיניים קולגייט,יחידה,0.00,יחידה,false,,19.90,0.0000,true,1,125216
7891024130063,false,"קולגייט מי פה פלאקס ללא אלכוהול 500 מ""ל מהדרין",קולגייט Colgate,BR,קולגייט פלאקס ללא אל,מיליליטרים,500.00,"100 מ""ל",false,,29.90,0.0598,true,1,125218
7898542023976,false,בשר אקסטרא 340 גרם,,,בשר אקסטרא 340 גרם,גרמים,340.00,100 גרם,false,,14.90,0.0438,true,1,251718
7937104270455,false,שיפודי במבוק עבים מס,,,שיפודי במבוק עבים מס,יחידה,0.00,יחידה,false,,2.90,0.0000,true,1,266959
8000020005247,false,יין גרנד דולצה מבעבע מתוק צינזנו 750 מל,,,גראנדדולצי מתוק צינז,100 יחידה,750.00,100 יחידה,false,,49.90,0.0665,true,1,236758
8000040630269,false,וויסקי סינגל מאלט גלן גראנט 12 שנים 700,,,וויסקי גלן גראנט 12,מיליליטרים,700.00,"100 מ""ל",false,,159.90,0.2284,true,1,184302
8000070012219,false,פולי קפה אורו זהב לוואצה 250 גר,,IT,קפה לוואצה אורו 250,גרמים,250.00,100 גרם,false,,39.90,0.1596,true,1,232048
8000070012783,false,קפה לוואצה קלוי וטחון חוזק 5 אורו 250 גר,לווצה טורינו,IT,קפה לוואצה אורו 250,גרמים,250.00,100 גרם,false,,35.90,0.1436,true,1,137948
8000070027398,false,קרמה קלאסיקו פולי קפה 500 גר לוואזה,,IT,קפה ארומנטי 500 גרם,גרמים,500.00,100 גרם,false,,69.90,0.1398,true,1,223929
8000070035980,false,קפה לוואצה קלוי וטחון חוזק 5 רוסה 250 גר,לווצה טורינו,IT,קפה לווצה טחון רוסה,גרמים,250.00,100 גרם,false,,29.90,0.1196,true,1,137951
8000070038868,false,קפה לוואצה קלוי וטחון חוזק 8 קלאסיקו 250 גר,לווצה טורינו,IT,קפה לוואצה קרמה גוסט,גרמים,250.00,100 גרם,false,,29.90,0.1196,true,1,137952
8000070038974,false,"קרמה גוסטו פולי קפה 1 ג""ק לוואזה",,IT,"קפה אספרסו 1 ק""ג",קילוגרמים,1.00,"ק""ג",false,,110.00,110.0000,true,1,223930
8000070081000,false,קפסולות קפה אספרסו הרמוניקו 8 10 יחידות,לאוג'י לוואצה אס.פי.,IT,קפה לוואצה הרמוניקו,יחידה,0.00,יחידה,false,,16.90,0.0000,true,1,185893
8000070081017,false,קפסולות קפה אספרסו דיצו 10 10 יחידות,לאוג'י לוואצה אס.פי.,IT,קפה לוואצה דיצו,יחידה,0.00,יחידה,false,,16.90,0.0000,true,1,185895
8000070081161,false,קפסולות לוואצה אבולגינטה 5 נספרסו 55 גר,לווצה טורינו,IT,קפה לוואצה אבולגנטה,יחידה,0.00,יחידה,false,,16.90,0.0000,true,1,185898
8000113003402,false,"קמח תירס בוואקום 1 ק""ג",מולינו ניקולי אס.פי.,IT,"קמח תירס 1 ק""ג",קילוגרמים,1.00,"ק""ג",false,,16.50,16.5000,true,1,106998
8000139910159,false,פסטה גרפולו לינגוין 500 גרם,,,ישרקו גרפולו לינגוין,יחידה,0.00,יחידה,false,,8.90,0.0000,true,1,192165
8000155707504,false,עוגיות שוקולד ופיצוצי שוקולד 650 ג',,,ביסקויט איטלקי שוקו,גרמים,750.00,100 גרם,false,,18.90,0.0252,true,1,195623
8000215204219,false,משקה אורז אורגני ללא סוכר 1ל,בטר אנד דיפרנט,IT,ויטאריז משקה אורז או,יחידה,0.00,יחידה,false,,16.90,0.0000,true,1,137953
8000215204240,false,משקה שקדים ואורז - אורגני 1 ליטר,בטר אנד דיפרנט,IT,ויטאריז משקה שקדים ו,יחידה,0.00,יחידה,false,,16.90,0.0000,true,1,137955
8000215204264,false,ויטריז - משקה אורז אישי אישי 200 גר,בטר אנד דיפרנט,IT,ויטאריז משקה אורז אי,יחידה,0.00,יחידה,false,,3.90,0.0000,true,1,180654
8000215204271,false,ויטריז - משקה שקדים ואורז אישי 200 גר,"נטורפוד בע""מ",IT,ויטאריז משקה שקדים ו,יחידה,0.00,יחידה,false,,3.90,0.0000,true,1,180655
8000215204370,false,ויטריז לבישול תחל. שמנת צמחי אורגני 200,ויטריז,IT,ויטריז לבישול תחליף,יחידה,0.00,יחידה,false,,6.90,0.0000,true,1,180657
8000215204387,false,"רוטב בשמל צמחי אורגני ויטריז 500 מ""ל",,,ויטריז לבישול רוטב ב,יחידה,0.00,יחידה,false,,12.90,0.0000,true,1,180604
8000215204394,false,"משקה אורז אורגני אגוז לוז ""נטורפוד""",בטר אנד דיפרנט,US,ויטאריז משקה אגוזי ל,יחידה,0.00,יחידה,false,,19.90,0.0000,true,1,130895
8000215204554,false,משקה אורז קוקוס אורגני 1 ליטר ויטריז,אלינור,,ויטאריז משקה אורז קו,יחידה,0.00,יחידה,false,,16.90,0.0000,true,1,180658
8000215204714,false,משקה שיבולת שועל אורגני 1 ליטר PRIMAVENA,בטר אנד דיפרנט,IT,פרימוונה משקה שיבולת,יחידה,0.00,יחידה,false,,16.90,0.0000,true,1,137956
8000353007116,false,"ליקר תפוח חמוץ לוקסרדו 700 מ""ל",לוקסרדו,,לוקסרדו תפוח חמוץ 70,מיליליטרים,700.00,"100 מ""ל",false,,74.90,0.1070,true,1,224093
8000380000388,false,טורטינה לואקר 90 גרם מארז מהודר,ליימן מותגים,,טורטינה מיני 9* 10 ג,יחידה,0.00,יחידה,false,,15.90,0.0000,true,1,174297
8000380003723,false,וופל אגוזים בציפוי שוקולד לואקר 100 גרם,קריניציה ויטמינה אס,IT,גרנד פטיסרי אגוז 100,יחידה,0.00,יחידה,false,,12.90,0.0000,true,1,115514
8000380003754,false,עוגיות וופל קפה קפוצ'ינו 100 גרם לואקר,"כד בני דרום בע""מ",IT,לואקר גרנד פטיסרי קפ,גרמים,100.00,100 גרם,false,,12.90,0.1290,true,1,173361
8000380003761,false,וופל גרנד פטיסרי שוקולד וקוקוס לואקר 100 גרם,קריניציה ויטמינה אס,IT,גרנד פטיסרי קוקוס 10,גרמים,100.00,100 גרם,false,,12.90,0.1290,true,1,115515
8000380004669,false,וופל לואקר סנדוויץ קוביות ושוקולד 200ג',"א. לואקר, קונפקט ג'י",AT,לואקר וופל סנדוויץ',גרמים,200.00,100 גרם,false,,11.90,0.0595,true,1,115517
8000380004676,false,קוביות וופל סנדוויץ Sandwich עם וניל וחלב,"א. לואקר, קונפקט ג'י",AT,לואקר וופל סנדוויץ',גרמים,200.00,100 גרם,false,,11.90,0.0595,true,1,115518
8000380004881,false,וופל קוארדטיני לואקר קוביות טרמיסו 220ג',קריניציה ויטמינה אס,IT,קואדרטיני טרמיסו 220,גרמים,220.00,100 גרם,false,,13.90,0.0632,true,1,115519
8000380004911,false,קוביות וופל קואדרטיני Quadratini קרם אגוזים,קריניציה ויטמינה אס,AT,קואדרטיני אגוז 250 ג,גרמים,250.00,100 גרם,false,,13.90,0.0556,true,1,115520
8000380004942,false,קוביות וופל בטעם וניל לואקר 250 גרם,ליימן מותגים,AT,קואדרטיני וניל 250 ג,גרמים,250.00,100 גרם,false,,13.90,0.0556,true,1,115521
8000380004966,false,וופל קוארדטיני לואקר קוביות שוקולד 250ג',קריניציה ויטמינה אס,AT,קואדרטיני שוקולד 250,גרמים,250.00,100 גרם,false,,13.90,0.0556,true,1,115522
8000380005598,false,מארז וופל שוקולד טורטינה Tortina שוקולד מריר,ליימן מותגים,IT,טורטינה מריר 125 גרם,גרמים,125.00,100 גרם,false,,16.90,0.1352,true,1,115523
8000380007219,false,וופל בטעם אגוזים לואקר 175 גרם,ליימן מותגים,AT,לואקר קלאסיק אגוז 17,גרמים,175.00,100 גרם,false,,11.90,0.0680,true,1,115526
8000380007257,false,וופל בטעם אגוזים לואקר 200 גרם,קריניציה ויטמינה אס,IT,גרדנה אגוז 200 גרם,גרמים,200.00,100 גרם,false,,13.90,0.0695,true,1,115527
8000380007264,false,וופל בטעם קקאו לואקר 175 גרם,קריניציה ויטמינה אס,AT,לואקר קלאסיק שוקולד,גרמים,175.00,100 גרם,false,,11.90,0.0680,true,1,115528
8000380007271,false,וופל במילוי קרם חלב לואקר 175 גרם,ליימן מותגים,AT,לואקר קלאסיק חלב 175,גרמים,175.00,100 גרם,false,,11.90,0.0680,true,1,115529
8000380106028,false,טורטינה לואקר וופל שוקולד ואגוזים שישיה 125ג',קריניציה ויטמינה אס,IT,טורטינה חלב 125 גרם,גרמים,125.00,100 גרם,false,,16.90,0.1352,true,1,115530
8000380142484,false,קוביות וופל קואדרטיני Quadratini בטעם שוקולד מריר,"אינסטנטה בע""מ",AT,קואדרטיני שוקולד מרי,גרמים,250.00,100 גרם,false,,13.90,0.0556,true,1,115532
8000380144044,false,גרדנה וופל מצופה שוקולד חלב לואקר 200 גרם,"א. לואקר , AG/SpA, ו",IT,גרדנה שוקולד 200 גרם,גרמים,200.00,100 גרם,false,,13.90,0.0695,true,1,115534
8000380148035,false,וופל אגוזי לוג שוקולד מריר גראן פטיסרי Gran Pasticceria,קריניציה ויטמינה אס,IT,גרנד פטיסרי מריר אגו,גרמים,100.00,100 גרם,false,,12.90,0.1290,true,1,115535
8000380152704,false,וופל אצבעות גרדנה חטיפי אגוז שוקו' 125גר,"אינסטנטה בע""מ",IT,גרדנה אצבעות אגוז 12,גרמים,125.00,100 גרם,false,,14.90,0.1192,true,1,115544
8000380152728,false,מארז חטיפי אצבעות גרנדה שוקולד 125 גרם,"אינסטנטה בע""מ",IT,גרדנה אצבעות שוקולד,גרמים,125.00,100 גרם,false,,14.30,0.1144,true,1,115545
8000380153534,false,מארז וופל שוקולד טורטינה Tortina שוקולד לבן,ליימן מותגים,IT,טורטינה לבן 125 גרם,גרמים,125.00,100 גרם,false,,16.90,0.1352,true,1,115549
8000380156573,false,לואקר בונבוניירה ורד הדולמיטים 150 גרם,קריניציה ויטמינה אס,IT,לואקר ורד הדולומיטים,גרמים,150.00,100 גרם,false,,23.90,0.1593,true,1,115556
8000380156825,false,שוקולד לואקר חלב 87 גרם,ליימן מותגים,IT,לואקר שוק.חלב במילוי,יחידה,0.00,יחידה,false,,7.90,0.0000,true,1,256975
8000380156849,false,"שוקולד בטעם מריר ""לואקר""",ליימן מותגים,IT,לואקר שוק.מריר במילו,יחידה,0.00,יחידה,false,,7.90,0.0000,true,1,256976
8000380156856,false,שוקולד לואקר לבן 87 גרם,ליימן מותגים,IT,לואקר שוק. לבן במילו,יחידה,0.00,יחידה,false,,7.90,0.0000,true,1,256977
8000380157440,false,שוקולד חלב עם וופל במילוי קרם אגוזי לוז,"אינסטנטה בע""מ",IT,טבלאות לואקר שוקולד,יחידה,0.00,יחידה,false,,7.90,0.0000,true,1,165644
8000380157570,false,וופלים לואקר קלאסיק אגוז 262.5 גר,ליימן מותגים,AT,לואקר קלאסי 50%+ 175,גרמים,262.50,100 גרם,false,,12.90,0.0491,true,1,162798
8000380157587,false,וופלים לואקר קלאסיק קקאו 262.5 גר,ליימן מותגים,AT,לואקר וופל שוקולד50%,גרמים,262.50,100 גרם,false,,12.90,0.0491,true,1,162799
8000380180721,false,לואקר וופל קקאו במילוי קרם חלבי 175 גר,קריניציה ויטמינה אס,AT,לואקר קלאסיק שוקו חל,גרמים,175.00,100 גרם,false,,11.90,0.0680,true,1,160446
8000380180745,false,קוביות וופל קואדרטיני קקאו במילוי קר חלב,"א. לואקר, קונפקט ג'י",AT,לואקר קואדרטיני שוקו,גרמים,250.00,100 גרם,false,,13.90,0.0556,true,1,160447
8000380180837,false,וופל שוקולד לבן וקוקוס גראן פטיסרי Gran Pasticceria,"אינסטנטה בע""מ",IT,גרנד פטיסרי במילוי ק,יחידה,0.00,יחידה,false,,12.90,0.0000,true,1,165647
8000380181032,false,"לואקר גרדנה חטיפי אצבעות אגוזים ושוקולד לבן, 125 גרם","אינסטנטה בע""מ",IT,לואקר גרדנה אצבעות ש,גרמים,125.00,100 גרם,false,,14.30,0.1144,true,1,165648
8000380184644,false,לואקר מיניס טעמים שונים 150 גרם,ליימן מותגים,,לואקר מיניס טעמים שו,גרמים,150.00,100 גרם,false,,13.90,0.0927,true,1,196377
8000380187300,false,עוגיות חמאה עם שוקולד חלב לואקר 120 גר,לואקר Loacker,AT,עוגיות פתיתי שלג 120,גרמים,120.00,100 גרם,false,,14.90,0.1242,true,1,218554
8000380189281,false,וופל מיני מיקס לואקר בשקית 210 גרם,ליימן מותגים,AT,מארז מיני מיקס לואקר,גרמים,210.00,100 גרם,false,,22.90,0.1090,true,1,183120
8000380192151,false,טורטינה טריפל שוקולד מריר 125 גר לואקר,ליימן מותגים,IT,טורטינה טריפל שוקולד,גרמים,125.00,100 גרם,false,,16.90,0.1352,true,1,200800
8000380192199,false,וופל לואקר דאבל שוקולד 175 גרם,ליימן מותגים,AT,לואקר דאבל שוקולד 17,גרמים,175.00,100 גרם,false,,11.90,0.0680,true,1,193916
8000380192588,false,קואדרטיני בטעם קקאו במילוי קרם קקאו,קריניציה ויטמינה אס,AT,קואדרטיני דאבל שוקול,גרמים,250.00,100 גרם,false,,13.90,0.0556,true,1,196055
8000380201396,false,שוקולד חלב ממולא קרם קרמל ועלי וופל פריכ,ליימן מותגים,IT,טורטינה קרמל 125 גרם,גרמים,125.00,100 גרם,false,,16.90,0.1352,true,1,232901
8000380205400,false,קוביות וופל קואדרטיני בטעם חמאת בוטנים,ליימן מותגים,AT,קואדרטיני חמאת בוטני,גרמים,250.00,100 גרם,false,,13.90,0.0556,true,1,256925
8000380205523,false,וופל לואקר קלאסיק חמאת בוטנים 175 גר,ליימן מותגים,AT,לואקר קלאסיק חמאת בו,גרמים,175.00,100 גרם,false,,11.90,0.0680,true,1,256927
8000380206896,false,וופל לואקר גרדנה חמאת בוטנים 200 גר,ליימן מותגים,IT,גרדנה חמאת בוטנים 20,גרמים,200.00,100 גרם,false,,13.90,0.0695,true,1,256926
8000380207183,false,שוקולד לואקר טורטינה חמאת בוטנים 126 גר,ליימן מותגים,IT,טורטינה חמאת בוטנים,גרמים,125.00,100 גרם,false,,16.90,0.1352,true,1,256928
8000420159991,false,יין גנציה בטעם אפרסק,,,גנצ'יה בטעם אפרסק 75,מיליליטרים,750.00,"100 מ""ל",false,,29.90,0.0399,true,1,212314
8000420501295,false,ורמוט אדום מתוק רוסו,GANCIA,,ורמוט אדום מתוק רוסו,מיליליטרים,750.00,"100 מ""ל",false,,44.90,0.0599,true,1,127895
8000500009673,false,בונבוניירת פררו רושה 300 גרם,קריות זול,IT,רושר בונבוניירה 300,גרמים,300.00,100 גרם,false,,45.90,0.1530,true,1,115562
8000500011461,false,בונבונייה רושר 525 ג,פררו,DE,רושר ענק 525 גרם,גרמים,525.00,100 גרם,false,,59.90,0.1141,true,1,185884
8000500023624,false,חטיפי הפי היפו Happy Hippo במילוי קרם חלב וקקאו,קינדר Kinder,IT,הפי היפו 5*20 גרם,יחידה,0.00,יחידה,false,,13.00,0.0000,true,1,115563
8000500023976,false,בונבוניירת רפאלו פררו 150 גרם,קריות זול,PL,בונבוניירת רפאלו 150,גרמים,150.00,100 גרם,false,,15.90,0.1060,true,1,115564
8000500026731,false,שוקולד ביצי הפתעה קינדר שלישייה,קריות זול,IT,קינדר ביצי שוקולד 3*,יחידה,3.00,יחידה,false,,15.00,5.0000,true,1,115565
8000500029350,false,מארז וופל מצופה 3יח' *43 גרם קינדר בואנו,קינדר Kinder,PL,קינדר בואנו 3*43 גרם,גרמים,129.00,100 גרם,false,,9.90,0.0767,true,1,115567
8000500032237,false,בונבוניירה פררו רושר 375 גר,פררו רושר,IT,רושר 375גר,גרמים,375.00,100 גרם,false,,45.90,0.1224,true,1,115568
8000500037874,false,בונבוניירת פררו רושה 200 גרם,קריות זול,IT,בונבוניירת רושר 200,גרמים,200.00,100 גרם,false,,24.90,0.1245,true,1,115569
8000500071083,false,אצבעות שוקולד קינדר Kinder שש עשרה יחידות,קינדר Kinder,IT,קינדר אצבעות שוקולד,גרמים,200.00,100 גרם,false,,12.90,0.0645,true,1,115571
8000500094976,false,"בונבוניירה פררו רושר רושה קונוס, 212 גרם T17X4",רושר,IT,פררו רושר קונוס 212.,גרמים,212.00,100 גרם,false,,39.90,0.1882,true,1,115573
8000500121436,false,מארז קינדר בואנו Kinder Bueno לבן שלוש יחידות,קינדר Kinder,PL,קינדר בואנו לבן 3*43,גרמים,129.00,100 גרם,false,,9.90,0.0767,true,1,115574
8000500167656,false,קינדר שוקולד עם דגנים סיריאל 94 ג',פררו,IT,קינדר קאונטרי רביעיו,יחידה,0.00,יחידה,false,,8.90,0.0000,true,1,202909
8000500217740,false,מארז מיני קינדר בואנו,פררו,PL,מארז מיני בואנו 86.4,יחידה,0.00,יחידה,false,,10.90,0.0000,true,1,202908
8000500227848,false,נוטלה - בי רדי אצבעות ביסקוויט במילוי שוקולד 6 יח' * 22 גרם,פררו,IT,נוטלה בי רדי שישיה,יחידה,0.00,יחידה,false,,10.90,0.0000,true,1,190658
8000500247150,false,פררו רושה קולקשיין קוקוס מילוי קרם ושקד שלם 172ג',Unknown,IT,פררו קולקשיון 172 גר,גרמים,172.00,100 גרם,false,,24.90,0.1448,true,1,181794
8000500247167,false,פררו קולקשן - כדורי וופל מצופים 24 יחידו,פררו,DE,פררו קולקשין 249.50,גרמים,249.50,100 גרם,false,,45.90,0.1840,true,1,225743
8000500249352,false,קינדר בואנו מיני מיקס שקית 205 ג',קדבורי,PL,קינדר בואנו מיני מיק,יחידה,0.00,יחידה,false,,19.90,0.0000,true,1,176270
8000500256213,false,קינדר שוקולד מיני בשקית.,קדבורי,IT,קינדר מיני שוקולד בש,גרמים,120.00,100 גרם,false,,9.90,0.0825,true,1,192902
8000500267103,false,קינדר דליס עוגת ספוג קקאו במילוי חלבי*10,קינדר Kinder,IT,קינדר דליס 10*42 גרם,גרמים,420.00,100 גרם,false,,19.90,0.0474,true,1,174773
8000500269169,false,קינדר קארדס Kinder Cards - חמישייה,קריות זול,IT,קינדר קארדס מארז חמי,גרמים,128.00,100 גרם,false,,13.90,0.1086,true,1,263844
8000500363492,false,"גלידת ""רפאלו"" חלבית בטעם קוקוס מצופה שקדים 188 גר",,US,*מבצע* גלידת רפאלו ח,גרמים,188.00,100 גרם,false,,26.90,0.1431,true,1,259114
8000500363515,false,"גלידה ""פררו רושר"" מריר חלבית בטעם אגוזי לוז 200 גר",,FR,גלידה פררו רושר מריר,גרמים,200.00,100 גרם,false,,34.90,0.1745,true,1,259077
8000500363539,false,"גלידת ""פררו רושר"" חלבית בטעם אגוז מצופה שוקולד ואגוזים 200 גר",,FR,*מבצע* גלידת פררו רו,גרמים,200.00,100 גרם,false,,26.90,0.1345,true,1,259078
8000570048022,false,"וורמוט מרטיני פיירו 750 מ""ל",בקרדי מרטיני,IT,"מרטיני פיירו 750 מ""ל",מיליליטרים,750.00,"100 מ""ל",false,,49.90,0.0665,true,1,194407
8000570283607,false,"מרטיני אסטי מבעבע כשר 750 מ""ל קרטונית",מרטיני Martini,IT,יין מבעבע מרטיני אסט,מיליליטרים,750.00,"100 מ""ל",false,,69.90,0.0932,true,1,234164
8000798397704,false,כף אשפה + מקל NEON,,IT,כף אשפה + מקל NEON,יחידה,0.00,יחידה,false,,14.90,0.0000,true,1,179014
8001003100164,false,יוגטה סוכריות ג'לי בטעמי פירות 450 גרם,יוגטה yogueta,IT,יוגטה סוכריות ג'לי 4,גרמים,450.00,100 גרם,false,,9.90,0.0220,true,1,184927
8001003100218,false,סוכריות יוגטה ג'לי פירות 800 גר',תות ממתקי איכות,IT,יוגטה סוכריות גלי פי,גרמים,800.00,100 גרם,false,,15.90,0.0199,true,1,115583
8001003202028,false,יוגטה סוכריות גלי בטעם מנטה 80גר,יוגטה,IT,יוגטה ג'לי בטעם מנטה,גרמים,80.00,100 גרם,false,,4.90,0.0613,true,1,256937
8001003202035,false,יוגטה סוכריות ג'לי בטעם פירות 80 ג',יוגטה,IT,יוגטה ג'לי בטעם פירו,גרמים,80.00,100 גרם,false,,4.90,0.0613,true,1,256938
8001090033512,false,"אבקת כביסה קולור 8 ק""ג טייד",פרוקטר אנד גמבל,TR,טייד אבקת כביסה קולו,קילוגרמים,8.00,"ק""ג",false,,56.90,7.1125,true,1,235296
8001090184412,false,"פיירי נוזל לניקוי כלים לימון שקוף, 900 מ""ל",פרוקטר אנד גמבל,GB,פיירי אולטרא נוזל כל,יחידה,0.00,יחידה,false,,12.90,0.0000,true,1,258528
8001090196224,false,שמפו הייד אנד שולדרס,,,שמפו הייד אנד שולדרס,יחידה,0.00,יחידה,false,,14.90,0.0000,true,1,267950
8001090196262,false,שמפו הייד אנד שולדרס,,,שמפו הייד אנד שולדרס,יחידה,0.00,יחידה,false,,14.90,0.0000,true,1,267948
8001090196347,false,שמפו הייד אנד שולדרס,,,שמפו הייד אנד שולדרס,יחידה,0.00,יחידה,false,,14.90,0.0000,true,1,267951
8001090196385,false,שמפו הייד אנד שולדרס,,,שמפו הייד אנד שולדרס,יחידה,0.00,יחידה,false,,14.90,0.0000,true,1,267949
8001090222428,false,"הרבל אסנסס - שמפו חלב קוקוס 400 מ""ל",הרבל אסנס Herbal Essences,FR,הרבל אסנסס שמפו חלב,מיליליטרים,400.00,"100 מ""ל",false,,19.90,0.0497,true,1,199124
8001090222541,false,"שמפו הרבל אסנסס תות שדה ומנטה 400 מ""ל",הרבל אסנס Herbal Essences,FR,הרבל אסנסס שמפו תות,מיליליטרים,400.00,"100 מ""ל",false,,19.90,0.0497,true,1,199125
8001090222572,false,"מרכך הרבל אסנסס תות שדה ומנטה 400 מ""ל",הרבל אסנס Herbal Essences,FR,הרבל אסנסס מרכך תות,מיליליטרים,400.00,"100 מ""ל",false,,19.90,0.0497,true,1,199128
8001090222725,false,"הרבל אסנסס - שמפו שמן מורינגה 400 מ""ל",הרבל אסנס Herbal Essences,FR,הרבל אסנסס שמפו שמן,מיליליטרים,400.00,"100 מ""ל",false,,19.90,0.0497,true,1,199129
8001090222756,false,"הרבל אסנס מרכך תות שמן מורינגה 400 מ""ל",הרבל אסנס Herbal Essences,FR,הרבל אסנסס מרכך שמן,מיליליטרים,400.00,"100 מ""ל",false,,19.90,0.0497,true,1,199130
8001090222848,false,"הרבל אסנסס - שמפו שיקום שמן ארגן 400 מ""ל",הרבל אסנס Herbal Essences,FR,הרבל אסנסס שמפו שיקו,מיליליטרים,400.00,"100 מ""ל",false,,19.90,0.0497,true,1,199131
8001090290939,false,"משחת שיניים אורל בי 3D white לבן בוהק 500 מ""ל",פרוקטר אנד גמבל,DE,אורל בי משחה WHITE D,יחידה,0.00,יחידה,false,,22.90,0.0000,true,1,239176
8001090336354,false,פמפרס בייבי דריי חיתולים מידה 2 46 יח,פרוקטר אנד גמבל,DE,פמפרס בייבי דריי מיד,יחידה,0.00,יחידה,false,,34.90,0.0000,true,1,202800
8001090336491,false,פמפרס בייבי דריי חיתולים מידה +4 31 יח,פרוקטר אנד גמבל,DE,פמפרס בייבי דריי מיד,יחידה,0.00,יחידה,false,,34.90,0.0000,true,1,202803
8001090336521,false,פמפרס בייבי דריי חיתולים מידה 5 30 יח,פרוקטר אנד גמבל,DE,פמפרס בייבי דריי מיד,יחידה,0.00,יחידה,false,,34.90,0.0000,true,1,202804
8001090336606,false,פמפרס בייבי דריי חיתולים מידה 6 26 יח,פרוקטר אנד גמבל,DE,פמפרס בייבי דריי מיד,יחידה,0.00,יחידה,false,,34.90,0.0000,true,1,202805
8001090364104,false,"משחת שיניים אורל בי G&E אורגינל 75 מ""ל",פרוקטר אנד גמבל,DE,אורל בי משחה G&E או,יחידה,0.00,יחידה,false,,16.90,0.0000,true,1,239669
8001090364159,false,"משחת שיניים אורל בי G&E רעננות מוגברת 75 מ""ל",פרוקטר אנד גמבל,DE,אוראל בי משחה E&G רע,יחידה,0.00,יחידה,false,,16.90,0.0000,true,1,239172
8001090364203,false,"משחת שיניים אורל בי G&E להלבנה עדינה 75 מ""ל",פרוקטר אנד גמבל,DE,אוראל בי משחה E&G לה,יחידה,0.00,יחידה,false,,16.90,0.0000,true,1,239173
8001090375230,false,"מרכך מרוכז 200 מ""ל לחות מוגברת ""פנטן""",פרוקטר אנד גמבל,FR,פנטן מרכך מרוכז לחות,יחידה,0.00,יחידה,false,,19.90,0.0000,true,1,179332
8001090377487,false,מסכה לשיער פנטן לחות מוגברת 300 מל,פרוקטר אנד גמבל,RO,פנטן מסיכה לחות מוגב,מיליליטרים,300.00,"100 מ""ל",false,,29.90,0.0997,true,1,182082
8001090377531,false,"מסכה לשיער פנטן לצבע מלא חיים 300 מ""ל",פרוקטר אנד גמבל,RO,פנטן מסיכה לצבע מלא,מיליליטרים,300.00,"100 מ""ל",false,,29.90,0.0997,true,1,182083
8001090379337,false,פמפרס פרימיום קר חיתולים שלב 3 40 יח VP,פרוקטר אנד גמבל,PL,פמפמרס חיתולים פרימי,יחידה,40.00,יחידה,false,,36.90,0.9225,true,1,178639
8001090379368,false,פמפרס פרימיום קר חיתולים שלב 4 34 יח VP,פרוקטר אנד גמבל,PL,פמפרס חיתולים פרימיו,יחידה,34.00,יחידה,false,,36.90,1.0853,true,1,178640
8001090678225,false,"מרכך הד&שולדרס סופרים משקם 275 מ""ל",פרוקטר אנד גמבל,FR,הד אנד שולדרס מרכך ס,מיליליטרים,275.00,"100 מ""ל",false,,15.00,0.0545,true,1,192994
8001090734044,false,אולוויז מגן תחתון גיגה פק לארג' אקסטרה פרוטקט 64 יח',פרוקטר אנד גמבל,UA,מגן תחתון אולוויז מג,יחידה,0.00,יחידה,false,,19.90,0.0000,true,1,180452
8001090740717,false,מגני תחתון אולוויז נורמל עם ניחוח רענן Fresh Scent,פרוקטר אנד גמבל,DE,מגן תחתון אולוויז מג,יחידה,78.00,יחידה,false,,19.90,0.2551,true,1,180453
8001090832450,false,"שמפו פנטן הנוסחה הקלאסית 660 מ""ל",פרוקטר אנד גמבל,RO,פנטן שמפו נוסחה קלאס,יחידה,0.00,יחידה,false,,19.90,0.0000,true,1,210351
8001090832535,false,"שמפו פנטן שמן מרוקאי משקם 660 מ""ל",פרוקטר אנד גמבל,RO,פנטן שמפו שמן מרוקאי,יחידה,0.00,יחידה,false,,19.90,0.0000,true,1,210352
8001090832573,false,"שמפו פנטן לחות מוגברת 660 מ""ל",פרוקטר אנד גמבל,RO,פנטן שמפו לחות מוגבר,יחידה,0.00,יחידה,false,,19.90,0.0000,true,1,210353
8001090832696,false,"פנטן שמפו לתלתלים מושלמים 660 מ""ל",פרוקטר אנד גמבל,RO,פנטן שמפו לתלתלים מו,יחידה,0.00,יחידה,false,,19.90,0.0000,true,1,210355
8001090832771,false,"פנטן שמפו להזנת קרטין 660 מ""ל",פרוקטר אנד גמבל,RO,פנטן שמפו הזנת קרטין,יחידה,0.00,יחידה,false,,19.90,0.0000,true,1,210356
8001090832818,false,מרכך פנטן הנוסחה הקלאסית לשיער רגיל ומעורב,פרוקטר אנד גמבל,RO,פנטן קונדישנר נוסחה,יחידה,0.00,יחידה,false,,19.90,0.0000,true,1,210357
8001090832856,false,"פנטן 660 מ""ל קונדישינר מרוקאי משקם",פרוקטר אנד גמבל,RO,פנטן קונדישנר מרוקאי,יחידה,0.00,יחידה,false,,19.90,0.0000,true,1,210358
8001090832931,false,"פנטן 660 מ""ל קונדישינר למגע רך כמשי",פרוקטר אנד גמבל,RO,פנטן קונדישנר למגע ר,יחידה,0.00,יחידה,false,,19.90,0.0000,true,1,210360
8001090833051,false,"פנטן 660 מ""ל קונדישינר הזנת קרטין",פנטן שמפו ומרכך ב 17,RO,פנטן מרכך הזנת קרטין,יחידה,0.00,יחידה,false,,19.90,0.0000,true,1,210362
8001090833136,false,אריאל ג'ל כביסה בייבי 2.255 ליטר,פרוקטר אנד גמבל,FR,אריאל נוזל כביסה ביי,ליטרים,2.26,ליטר,false,,29.90,13.2301,true,1,190193
8001090833259,false,גל כביסה אריאל בניחוח הרים 3.740 ליטר,פרוקטר אנד גמבל,FR,אריאל גל ניחוח הרים,ליטרים,3.74,ליטר,false,,42.90,11.4706,true,1,190195
8001090886385,false,לנור כדוריות הבושם בניחוח רענן 140 גרם,פרוקטר אנד גמבל,US,לנור כדוריות בושם 14,יחידה,0.00,יחידה,false,,14.90,0.0000,true,1,261043
8001090886460,false,לנור כדוריות הריח בניחוח אביבי 140 גרם,פרוקטר אנד גמבל,US,לנור כדוריות הבושם ב,גרמים,140.00,100 גרם,false,,14.90,0.1064,true,1,223310
8001100067940,false,וואפל בטעם קקאו באלוקו 125 ג',,,וופל קוביות 125 גרם,גרמים,125.00,100 גרם,false,,11.90,0.0952,true,1,235805
8001160001786,false,"משקה אנרגיה גטורייד ספורט כחול 500מ""ל",סאן בנדטו אס פי איי,IT,גטורייד ספורט כחול ב,מיליליטרים,500.00,"100 מ""ל",false,,10.90,0.0218,true,1,166573
8001160001892,false,"משקה אנרגיה גטורייד ספורט תפוז אדום 500מ""ל",פארייפאבה אגרואינדוס,IT,גטורייד ספורט תפוז א,מיליליטרים,500.00,"100 מ""ל",false,,10.90,0.0218,true,1,166574
8001505000313,false,ממרח אגוזי לוז אורגני 270 גרם NICCIOLATA,ריג'וני דה אסינו,IT,פיורדיפרותה מעדן אגו,יחידה,0.00,יחידה,false,,24.90,0.0000,true,1,180664
8001620011935,false,"סן בנדטו- מים מינרלים מוגז - מארז שישיית 500 מ""ל",אקווה מינרלה סאן בנד,IT,סאן בנדטו מוגז 6*500,מיליליטרים,500.00,"100 מ""ל",false,,13.90,0.0278,true,1,144503
8001620017456,false,"סן בנדטו ספורט, מים מינרלים טבעיים 500 מ""ל שישייה",סאן בנדטו San Benedetto,,ששיית סאן בנדטו פקק,יחידה,6.00,יחידה,false,,14.90,2.4833,true,1,179603
8001660101757,false,יין רופינו קיאנטי 75,,,קיאנטי 2001 רופינו0,מיליליטרים,750.00,"100 מ""ל",false,,49.90,0.0665,true,1,147918
8001660126750,false,רופינו אורבייטו קלאס,,,רופינו אורבייטו קלאס,מיליליטרים,750.00,"100 מ""ל",false,,44.90,0.0599,true,1,147922
8001691931965,false,קנקן מים 1 ליטר למקר,,,קנקן מים 1 ליטר למקר,יחידה,0.00,יחידה,false,,22.90,0.0000,true,1,212762
8001841053646,false,תחבושות אולוויז עבה נורמל פלוס 14 יחידות,פרוקטר אנד גמבל,HU,תחבושת אולוויז מקסי,יחידה,0.00,יחידה,false,,10.90,0.0000,true,1,201699
8001841104751,false,פמפרס פרימיום קר חיתולים שלב 1 52 יח VP,פרוקטר אנד גמבל,PL,פמפמרס חיתולים פרימי,יחידה,41.00,יחידה,false,,36.90,0.9000,true,1,196941
8001841105093,false,פמפרס פרימיום קר חיתולים שלב 6 26 יח VP,פרוקטר אנד גמבל,PL,פמפמרס חיתולים פרימי,יחידה,38.00,יחידה,false,,36.90,0.9711,true,1,196944
8001841137179,false,קונדישינר הד&שולדרס הנוסחה הקלאסית 275מל,פרוקטר אנד גמבל,RO,הד אנד שולדרס מרכך ה,מיליליטרים,275.00,"100 מ""ל",false,,15.00,0.0545,true,1,204413
8001841137216,false,"קונדישנר למגע רך כמשי הד אנד שולדרס 275 מ""ל",פרוקטר אנד גמבל,RO,הד אנד שולדרס מרכך ל,מיליליטרים,275.00,"100 מ""ל",false,,15.00,0.0545,true,1,204414
8001841500799,false,"הרבל אסנסס - שמפו ללא סולפטים אלוורה ומנגו 380 מ""ל",הרבל אסנס Herbal Essences,FR,הרבל אסנס שמפו ללא ס,יחידה,0.00,יחידה,false,,19.90,0.0000,true,1,220351
8001841500942,false,"הרבל אסנסס - שמפו ללא סולפטים אלוורה ובמבוק 380 מ""ל",הרבל אסנס Herbal Essences,FR,הרבל אסנס שמפו ללא ס,יחידה,0.00,יחידה,false,,16.90,0.0000,true,1,220648
8001841502298,false,"הרבל אסנסס - מרכך ללא סולפטים אלוורה ומנגו 275 מ""ל",הרבל אסנס Herbal Essences,FR,הרבל אסנס מרכך ללא ס,יחידה,0.00,יחידה,false,,19.90,0.0000,true,1,220352
8001841502601,false,"הרבל אסנסס - מרכך ללא סולפטים אלוורה ובמבוק 275 מ""ל",הרבל אסנס Herbal Essences,FR,הרבל אסנס מרכך ללא ס,יחידה,0.00,יחידה,false,,19.90,0.0000,true,1,220354
8001841660530,false,קרם לחות מינרלס במבוק + חלבון משקם לשיער ארוך,פנטן Pantene,FR,פנטן מיראקלס במבוק ק,יחידה,0.00,יחידה,false,,18.90,0.0000,true,1,238336
8001841663654,false,"פיירי נוזל כלים אקסטרה 650 מ""ל - צהוב",פרוקטר אנד גמבל,CZ,פיירי נוזל כלים אקסט,מיליליטרים,650.00,"100 מ""ל",false,,8.90,0.0137,true,1,247187
8001841663692,false,פיירי אקסטרא נוזל כל,,,פיירי אקסטרא נוזל כל,יחידה,0.00,יחידה,false,,12.90,0.0000,true,1,241766
8001841663814,false,פיירי נוזל כלים אקסט,,,פיירי נוזל כלים אקסט,מיליליטרים,650.00,"100 מ""ל",false,,8.90,0.0137,true,1,247188
8001841663982,false,פיירי נוזל כלים אקסט,פרוקטר אנד גמבל,CZ,פיירי נוזל כלים אקסט,מיליליטרים,650.00,"100 מ""ל",false,,8.90,0.0137,true,1,247189
8001841722146,false,אולוויז מגן תחתון וליופק נורמל 56 יחידות,דיפלומט,DE,אולוייז תחתוניות נור,יחידה,0.00,יחידה,false,,15.90,0.0000,true,1,247425
8001841722184,false,אולוייז תחתוניות נור,,,אולוייז תחתוניות נור,יחידה,0.00,יחידה,false,,15.90,0.0000,true,1,250608
8001841722221,false,אולוויז מגן תחתון ביג פק לארג 48 יחידות,פרוקטר & גמבל,DE,אולוייז תחתוניות לאר,יחידה,0.00,יחידה,false,,15.90,0.0000,true,1,260224
8001841722269,false,אולוייז תחתוניות לאר,,,אולוייז תחתוניות לאר,יחידה,0.00,יחידה,false,,15.90,0.0000,true,1,260227
8001841722306,false,מגן תחתון אלוויז וליופק לונג פלוס 40 יחי',פרוקטר & גמבל,DE,אולוייז תחתוניות לונ,יחידה,0.00,יחידה,false,,15.90,0.0000,true,1,260225
8001841722344,false,אולוייז תחתוניות לונ,,,אולוייז תחתוניות לונ,יחידה,0.00,יחידה,false,,15.90,0.0000,true,1,260226
8001841722436,false,אולוייז תחתוניות סלי,,,אולוייז תחתוניות סלי,יחידה,0.00,יחידה,false,,15.90,0.0000,true,1,260228
8001841722481,false,אולוויז מגן תחתון פלקסי סטייל נורמל 54 יח',פרוקטר & גמבל,DE,אולוייז תחתוניות נור,יחידה,0.00,יחידה,false,,15.90,0.0000,true,1,260223
8001841893990,false,פיירי טבליות למדיח פלטינום פלוס - מארז 30 יח',פרוקטר אנד גמבל,BE,פיירי קפסולות למדיח,יחידה,0.00,יחידה,false,,34.90,0.0000,true,1,222387
8001841958460,false,פיירי טבליות למדיח אורגינל הכל באחד - מארז 48 יח',פרוקטר אנד גמבל,BE,פיירי טבליות למדיח 4,יחידה,48.00,יחידה,false,,37.90,0.7896,true,1,222388
8001841960081,false,פיירי טבליות למדיח פלטינום הכל באחד - מארז 37 יח',פרוקטר אנד גמבל,BE,פיירי טבליות למדיח פ,יחידה,37.00,יחידה,false,,37.90,1.0243,true,1,222389
8001841960258,false,פיירי טבליות גל למדי,,,פיירי טבליות גל למדי,יחידה,0.00,יחידה,false,,54.90,0.0000,true,1,258676
8001841971018,false,אולוויז אולטרה קוואט,,,אולוויז אולטרה קוואט,יחידה,1.00,יחידה,false,,33.90,33.9000,true,1,269703
8001841971193,false,אולוויז אולטרה קוואט,,,אולוויז אולטרה קוואט,יחידה,1.00,יחידה,false,,33.90,33.9000,true,1,269701
8001841971384,false,אולוויז אולטרה קוואט,,,אולוויז אולטרה קוואט,יחידה,1.00,יחידה,false,,33.90,33.9000,true,1,269704
8001841971735,false,אולוויז אולטרה קוואט,,,אולוויז אולטרה קוואט,יחידה,1.00,יחידה,false,,33.90,33.9000,true,1,269702
8001940000015,false,וילדה מטלית חלונות,,,וילדה מטלית חלונות,יחידה,0.00,יחידה,false,,12.90,0.0000,true,1,263392
8001940001029,false,וילדה סחבת רצפה גדול,,,וילדה סחבת רצפה גדול,יחידה,0.00,יחידה,false,,29.90,0.0000,true,1,256177
8002110383709,false,נוטרוגינה ס.נורבגית ק.ידיים לא מבושם 50מל,ניוטרוג'ינה Neutrogena,FR,נטרוגינה קרם ידיים ל,יחידה,0.00,יחידה,false,,24.90,0.0000,true,1,125224
8002190003306,false,וופל עם קרם קקאו וקרם וניל ללא תוספת סוכ,,,וופל עם קרם קקאו וקר,גרמים,175.00,100 גרם,false,,13.90,0.0794,true,1,229248
8002230000012,false,מארז משקה קוקטייל אפ,אלכוהול (איי.בי.בי),,"אפרול 1000 מ""ל",יחידה,0.00,יחידה,false,,99.90,0.0000,true,1,175409
8002235004091,false,זונין פרוסקו - יין מ,,,זונין פרוסקו - יין מ,מיליליטרים,750.00,"100 מ""ל",false,,44.90,0.0599,true,1,264017
8002235795258,false,זונין אסטי - יין מבע,,,זונין אסטי - יין מבע,מיליליטרים,750.00,"100 מ""ל",false,,44.90,0.0599,true,1,264024
8002267014945,false,שלישייה ביצי שוקולד חלב עם צעצוע הוט ווילס,צ'וקטה Chocketa,IT,צוקטה ביצת הפתעה הוט,יחידה,0.00,יחידה,false,,12.90,0.0000,true,1,179322
8002267015263,false,ביצי שוקולד חלב עם הפתעת צעצוע - מארז 3 יח',צ'וקטה Chocketa,IT,צוקטה ביצת הפתעה מאש,יחידה,0.00,יחידה,false,,12.90,0.0000,true,1,217967
8002267016475,false,ביצת שוקולד הפתעה בוב הבנאי שלישייה 60 ג,מולינו ניקולי s.p.a,IT,צוקטה ביצי שוקולד בו,יחידה,0.00,יחידה,false,,12.90,0.0000,true,1,190816
8002325632067,false,ורגאני תפזורת זהב מק,,,ורגאני תפזורת זהב מק,קילוגרמים,1.00,"ק""ג",false,,44.90,44.9000,true,1,236207
8002450201008,false,ורדי רספברי ספרקלטיני,איטליה בוסקה,IT,ספרקלטיני ורדי כשר 7,יחידה,750.00,יחידה,false,,27.90,0.0372,true,1,128279
8002450202005,false,ורדי ספרקלטיני אסאי Verdi acai Sparkletini,איטליה בוסקה,IT,וורדי ספרקלטיני אסאי,מיליליטרים,750.00,"100 מ""ל",false,,27.90,0.0372,true,1,128280
8002450204009,false,ורדי ספרקלטיני אפרסק,"איי, בי, אינבוו",IT,"ורדי אפרסק 750 מ""ל",מיליליטרים,750.00,"100 מ""ל",false,,27.90,0.0372,true,1,128281
8002450209004,false,יין מבעבע ורדי רוזה,איטליה בוסקה,IT,"ורדי רוזה 750 מ""ל",מיליליטרים,750.00,"100 מ""ל",false,,27.90,0.0372,true,1,157949
8002550506652,false,ריוניטה סנגריה אדומה,,,ריוניטה סנגריה אדומה,מיליליטרים,250.00,"100 מ""ל",false,,8.90,0.0356,true,1,264025
8002670504279,false,גרנורולו בורגר טבעוני 220 גרם,,IT,('2*110 גר) גרנרולו,גרמים,110.00,100 גרם,false,,24.90,0.2264,true,1,252079
8002670504286,false,גרנורולו מיני בורגר טבעוני 180 גרם,,IT,(6*30 גר) גרנרולו מי,גרמים,30.00,100 גרם,false,,24.90,0.8300,true,1,252604
8002713056925,false,ספל בירה,,,ספל בירה,יחידה,0.00,יחידה,false,,45.00,0.0000,true,1,223613
8002793005370,false,יין פיציני ממורו רוס,,,פיצ'יני ממורו רוסו י,יחידה,0.00,יחידה,false,,39.90,0.0000,true,1,265128
8003340091280,false,לינדט לינדור בונבוניירה 60% מוצקי קקאו 200 גרם,לינדט ושפרונגלי קילש,IT,בונבוניירות לינדור 6,גרמים,200.00,100 גרם,false,,29.90,0.1495,true,1,115990
8003405006259,false,וודקה רוברטו קוואלי,,IT,וודקה רוברטו קוואלי,מיליליטרים,1000.00,"100 מ""ל",false,,159.90,0.1599,true,1,199665
8003440997710,false,גומי לעיסה ביג באבול בטעם קולה לימון27.6 ג',,IT,גומי לעיסה ביג באבול,יחידה,0.00,יחידה,false,,3.90,0.0000,true,1,230778
8003440997741,false,גומי לעיסה ביג באבול בטעם תפוח ירוק 27.6 ג',,IT,גומי לעיסה ביג באבול,יחידה,0.00,יחידה,false,,3.90,0.0000,true,1,230779
8003440997833,false,מסטיק פיורפרש מנטה פירות אריזת חי 200 ג,פרפטי ואן מלה ברדה,TR,מסטיק פיור פרש 100 י,יחידה,0.00,יחידה,false,,19.90,0.0000,true,1,244720
8003535060213,false,ויטורס סלקשין קרמי מ,,,ויטורס סלקשין קרמי מ,גרמים,1000.00,100 גרם,false,,49.90,0.0499,true,1,213502
8003535063610,false,ויטורס בונ סלקשן קרס,,,ויטורס בונ סלקשן קרס,יחידה,0.00,יחידה,false,,59.90,0.0000,true,1,237160
8003753158556,false,אילי קפסולות אספרסו קלאסיקו 10 יח' 57 גרם,ג'ייקובס דאו אגרבטס,FR,אילי קפסולות אספרסו,יחידה,0.00,יחידה,false,,24.90,0.0000,true,1,239438
8004030026018,false,"מקסיקני עם טונה ריו מרה אינסלטיסימי, 160 ג'","בולטון אלימנטרי בע""מ",IT,ריו מרה מקסיקני עם ט,גרמים,160.00,100 גרם,false,,14.90,0.0931,true,1,125227
8004030081024,false,נתחי טונה עם שום ופלפל אדום ריו מרה 160 ג',"בולטון אלימנטרי בע""מ",IT,ריו מארה נתחי טונה ש,גרמים,160.00,100 גרם,false,,16.90,0.1056,true,1,125229
8004030102033,false,טונה בשמן זית עם מיץ לימון ופלפל שחור - מארז 3 יח',בולטון אלימנטרי,IT,ריו מרה טונה בשמן עם,גרמים,540.00,100 גרם,false,,24.90,0.0461,true,1,192237
8004030103399,false,ריו מרה טונה בשמן זית רביעיות 4*56גרם,BOLTON GROUP- RIO,IT,ריו מרה בשמן זית רבי,יחידה,0.00,יחידה,false,,29.90,0.0000,true,1,219238
8004030180000,false,ריו מרה טונה בשמן זית כתית מעולה 3*80גר,בולטון אלימנטרי,IT,ריו מרה טונה בשמן זי,גרמים,240.00,100 גרם,false,,29.90,0.1246,true,1,251287
8004030381681,false,ריו מרה נתחי טונה בהירה בשמן זית זוג 160 גר,BOLTON GROUP- RIO,,ריו מארה טונה בשמן ז,גרמים,320.00,100 גרם,false,,29.90,0.0934,true,1,198052
8004030845046,false,טונה עם ירקות בתוספת עם אורז ריו מרה אינסלטיסימי 160 ג',בולטון אלימנטרי,IT,ריו מארה אינסלטיסימי,גרמים,160.00,100 גרם,false,,14.90,0.0931,true,1,195344
8004160521308,false,"יין מבעבע מונדרו אסטי 750 מ""ל",MONDORO,IT,יין מבעבע מונדרו איי,מיליליטרים,750.00,"100 מ""ל",false,,69.90,0.0932,true,1,245014
8004360081190,false,PASABACHE סט כוסות י,PASABACHE,,PASABACHE סט כוסות י,יחידה,0.00,יחידה,false,,49.90,0.0000,true,1,254254
8004645404102,false,יין טומאסי אפסמיינטו,,,טומאסי אדורטו יין אד,יחידה,0.00,יחידה,false,,74.90,0.0000,true,1,147934
8004690050507,false,פסטה פטוציני מוליסאנ,למוליזנה,IT,לה מוליזנה פסטה איטל,גרמים,500.00,100 גרם,false,,7.90,0.0158,true,1,236467
8004690050620,false,פסטה לינגוויני מוליס,למוליזנה,IT,פסטה איטלקית לינגווי,גרמים,500.00,100 גרם,false,,7.90,0.0158,true,1,219351
8004690052044,false,פסטה לאמוליזנה פנה ז,למוליזנה,IT,לה מוליזנה פנה 500 ג,גרמים,500.00,100 גרם,false,,7.90,0.0158,true,1,219332
8004690052846,false,פסטה פוסילי למוליזנה,למוליזנה,IT,לה מוליזנה פוסילי 50,גרמים,500.00,100 גרם,false,,7.90,0.0158,true,1,219335
8004690055601,false,פסטה לאמוליזנה צ'ינס,למוליזנה,IT,לה מוליזנה פסטה איטל,גרמים,500.00,100 גרם,false,,7.90,0.0158,true,1,236472
8004690057308,false,פסטה רדיאטורי מוליסא,למוליזנה,IT,פסטה איטלקית רדיאטור,גרמים,500.00,100 גרם,false,,7.90,0.0158,true,1,219347
8004690058008,false,פסטה לאמוליזנה גמלי,למוליזנה,IT,פסטה איטלקית ג'מלי 5,גרמים,500.00,100 גרם,false,,7.90,0.0158,true,1,219348
8004690101513,false,פסטה קוואדרטו מוליסא,,,לה מוליזנה פסטה איטל,גרמים,500.00,100 גרם,false,,7.90,0.0158,true,1,236435
8004690107508,false,פסטה פנטצה מוליסאנא,למוליזנה,IT,פסטה איטלקית פנצ'טה,גרמים,500.00,100 גרם,false,,7.90,0.0158,true,1,219353
8004800000064,false,לאגו פלאסיר- גלילי ופל קרם קקאו בציפוי ש.חלב - 100 ג',לאגו,IT,לאגו פלאסיר גלילי ופ,גרמים,100.00,100 גרם,false,,11.90,0.1190,true,1,269664
8004905550334,false,עוגה אישית ממולא קרם חלב מצופה שוקולד מארז עשירה,,,מידי עוגה אישי ממולא,גרמים,350.00,100 גרם,false,,13.90,0.0397,true,1,153591
8004905550358,false,מידי עוגת אישי קקאו,,,מידי עוגת אישי קקאו,גרמים,350.00,100 גרם,false,,13.90,0.0397,true,1,231278
8005110001413,false,מארז זוג רסק עגבניות 140 ג' MUTTI,"איי, בי, אינבוו",IT,מארז זוג רסק עגבניות,גרמים,140.00,100 גרם,false,,11.90,0.0850,true,1,225717
8005110002243,false,רכז עגבניות Doppio Concentr בשפופרת 185 ג' MUTTI,"איי, בי, אינבוו",IT,MUTTI רכז עגבניות בש,גרמים,185.00,100 גרם,false,,9.90,0.0535,true,1,220484
8005110060007,false,עגבניות מקולפות 400 גרם MUTTI,,,עגבניות תמר איטלקיות,גרמים,400.00,100 גרם,false,,7.90,0.0198,true,1,243564
8005110170300,false,עגבניות מרוסקות חתוכות מוטי MUTTI שלישיה *400,מוטי Mutti,IT,MUTTI עגבניות מרוסקו,קילוגרמים,1.20,"ק""ג",false,,19.90,16.5833,true,1,219375
8005110171215,false,עגבניות חתוכות 690 POLPAPEZZI ג' (כחול) MUTTI,"איי, בי, אינבוו",IT,רוטב עגבניות חתוכות,גרמים,690.00,100 גרם,false,,14.90,0.0216,true,1,219381
8005110191015,false,רסק עגבניות ובזיליקום 700 ג' (ירוק) MUTTI,"איי, בי, אינבוו",IT,רסק עגבניות+בזיליקום,גרמים,700.00,100 גרם,false,,14.90,0.0213,true,1,219382
8005110200014,false,רסק עגבניות 210 ג' CONCENTRATO MUTTI,"איי, בי, אינבוו",IT,מאוטי רכז עגבניות 22,גרמים,210.00,100 גרם,false,,9.90,0.0471,true,1,220176
8005110550508,false,עגבניות שרי 400 גרם MUTTI,,,עגבניות שרי 400 גרם,גרמים,400.00,100 גרם,false,,9.90,0.0248,true,1,219376
8005110551253,false,רוטב לפיצה להכנת פיצה איטלקית קלאסית,"איי, בי, אינבוו",IT,רוטב לפיצה 400 גרם,גרמים,400.00,100 גרם,false,,10.90,0.0273,true,1,219383
8005200256587,false,נסטי - תה קר בטעם אפרסק 1.5 ליטר,מפעל סאנפלגרינו S.P.,IT,נסטי אפרסק 1.5 ליטר,יחידה,0.00,יחידה,false,,8.90,0.0000,true,1,247227
8005200286584,false,תה קר בטעם מנגו אננס נסטי 1.5 ליטר,מפעל סאנפלגרינו S.P.,IL,נסטי מנגו אננס 1.5 ל,יחידה,0.00,יחידה,false,,8.90,0.0000,true,1,247228
8005469981602,false,פילה אנשובי איטלקי בשמן חמניות 75 גרם,בנדטו סקילה,,פילה אנשובי איטלקי ע,יחידה,0.00,יחידה,false,,14.90,0.0000,true,1,206925
8005803010357,false,גריסיני קלאסי - מקלות אפויים עם שמן זית ומלח,"אינסטנטה בע""מ",IT,גריסיני קלאסי 125 גר,גרמים,125.00,100 גרם,false,,7.50,0.0600,true,1,168157
8005803010371,false,"גריסיני רוזמרין - מקלות אפויים עם שמן זית, מלח ורוזמרין","אינסטנטה בע""מ",IT,גריסיני רוזמרין 125,גרמים,125.00,100 גרם,false,,7.50,0.0600,true,1,168161
8005803010586,false,"מקלות אפויים עם שמן זית, מלח, עגבניות ואורגנו, 125 גרם, אמור די פאן","הוסטה איטליה, ס.ר.ל.",IT,גריסיני פיצה 125 גרם,גרמים,125.00,100 גרם,false,,7.50,0.0600,true,1,168158
8005803010661,false,"מקלות אפויים עם שמן זית, מלח, ושומשום, 125 גרם, אמור די פאן","הוסטה איטליה, ס.ר.ל.",IT,גריסיני שומשום 125 ג,גרמים,125.00,100 גרם,false,,7.50,0.0600,true,1,168162
8005840096703,false,מעדן קפוא בטעם שמנת וניל קקאו וקפה 1000,,IT,קינוח קפוא בטעם שמנת,יחידה,0.00,יחידה,false,,29.90,0.0000,true,1,256383
8005840096710,false,מעדן קפוא בטעם אגוזי לוז קקאו פנקוטה וני,,IT,"""קינוח קפוא בטעם אגו",יחידה,0.00,יחידה,false,,29.90,0.0000,true,1,256384
8006289001334,false,מתקן כביסה 20 מטר פל,,,מתקן כביסה 20 מטר פל,יחידה,0.00,יחידה,false,,119.90,0.0000,true,1,240304
8006423241695,false,סוריני ביצי שוקולד,,,סוריני ביצי שוקולד,קילוגרמים,1.00,"ק""ג",true,,64.90,64.9000,true,1,181174
8006423462397,false,בונבוניירה לב מיוחד 475 גר SORINI,HDI SORINI,IT,בונבוניירה לב מיוחד,גרמים,475.00,100 גרם,false,,79.90,0.1682,true,1,120625
8006423468276,false,בונבוניירה סוריני סו,SORINI,IT,בונבוניירה סופיא 270,גרמים,270.00,100 גרם,false,,59.90,0.2219,true,1,120640
8006540088401,false,אולוייז אולטרא לונג,,,אולוייז אולטרא לונג,יחידה,0.00,יחידה,false,,12.90,0.0000,true,1,266791
8006540088432,false,אולוייז אולטרא לילה,,,אולוייז אולטרא לילה,יחידה,0.00,יחידה,false,,12.90,0.0000,true,1,266790
8006540091906,false,לנור כדוריות הבושם בניחוח אריאל 140 גרם,פרוקטר אנד גמבל,US,לנור כדוריות בושם 14,יחידה,0.00,יחידה,false,,14.90,0.0000,true,1,261042
8006540112793,false,"מרכך כביסה מרוכז בניחוח יסמין לנור 900 מ""ל",פרוקטר אנד גמבל,FR,לנור מרכך כביסה בניח,יחידה,0.00,יחידה,false,,15.90,0.0000,true,1,267296
8006540112823,false,"לנור מרכך כביסה מרוכז בניחוח האוקיינוס 900 מ""ל",פרוקטר אנד גמבל,FR,לנור מרכך מרוכז בניח,יחידה,0.00,יחידה,false,,15.90,0.0000,true,1,266900
8006540112854,false,"מרכך כביסה מרוכז בניחוח סחלב לנור 900 מ""ל",פרוקטר אנד גמבל,FR,לנור מרכך מרוכז בניח,יחידה,0.00,יחידה,false,,15.90,0.0000,true,1,266901
8006540495186,false,לנור מרכך כביסה מרוכז רגיש בייבי 900 מל,פרוקטר אנד גמבל,FR,לנור מרכך כביסה בייב,מיליליטרים,900.00,"100 מ""ל",false,,15.90,0.0177,true,1,268462
8006540495216,false,"לנור מרכך כביסה מרוכז בניחוח אמאטיסט 900 מ""ל",פרוקטר אנד גמבל,FR,לנור מרכך כביסה בניח,מיליליטרים,900.00,"100 מ""ל",false,,15.90,0.0177,true,1,268463
8006540495247,false,"לנור מרכך כביסה מרוכז ורוד""פרח בר"" 900 מ""ל",פרוקטר אנד גמבל,FR,לנור מרכך כביסה בניח,מיליליטרים,900.00,"100 מ""ל",false,,15.90,0.0177,true,1,268464
8006540592465,false,אולוויז תחבושות לונג 24 יח,פרוקטר,DE,תחבושת אולוויז אולטר,יחידה,0.00,יחידה,false,,19.90,0.0000,true,1,261013
8006540592496,false,תחבושות אולוויז אולטרא כפול לילה 20 יח,פרוקטר,DE,תחבושות אולוויז כפול,יחידה,20.00,יחידה,false,,19.90,0.9950,true,1,258880
8006540598078,false,אולוייז אולטרא נורמל,,,אולוייז אולטרא נורמל,יחידה,0.00,יחידה,false,,12.90,0.0000,true,1,262525
8006922084410,false,גלידה משפחתית בטעם שמנת עם פיסטוקים סיווירו מאריה 2 ל',,,גלידת איטלקית בטעם פ,ליטרים,2.00,ליטר,false,,34.90,17.4500,true,1,236123
8006922085325,false,גלידה משפחתית בטעם שמנת עם סירופ קרמל סיווירו מאריה 2 ל',,,גלידה איטלקית בטעם ק,יחידה,0.00,יחידה,false,,34.90,0.0000,true,1,236095
8006922085349,false,גלידה משפחתית בטעם שמנת עם פירות יער סיווירו מאריה 2 ל',,,גלידה 2 ליטר בטעם שמ,ליטרים,2.00,ליטר,false,,34.90,17.4500,true,1,236096
8006922085356,false,גלידה משפחתית בטעם שמנת עם דובדבנים סיווירו מאריה 2 ל',,,גלידת איטלקית 1 ליטר,ליטרים,1.00,ליטר,false,,34.90,34.9000,true,1,236104
8006922085363,false,גלידה משפחתית בטעם שמנת עם שוקולד סיווירו מאריה 2 ל',,,גלידה איטלקית בטעם ש,יחידה,0.00,יחידה,false,,34.90,0.0000,true,1,236126
8007116011106,false,יין קיאנטי קנטינה לא,איטליה לאונרדו דה וי,,קיאנטי לאונרדו 750 מ,מיליליטרים,750.00,"100 מ""ל",false,,39.90,0.0532,true,1,128296
8007116021105,false,יין אדום קיאנטי לאונ,איטליה לאונרדו דה וי,,לאונרדו ריזרבה 750 מ,מיליליטרים,750.00,"100 מ""ל",false,,72.90,0.0972,true,1,128297
8007150901296,false,"שמן אבוקדו אורגני בכבישה קרה 250 מ""ל",,,שמן אבוקדו אורגני בכ,מיליליטרים,250.00,"100 מ""ל",false,,59.90,0.2396,true,1,167489
8007150901623,false,שמן זרעי ענבים 1 ליטר 1/2 ליטר במארז כשר,,,שמן זרעי ענבים 1 ליט,ליטרים,1.00,ליטר,false,,66.90,66.9000,true,1,177585
8007290320766,false,גרנורו קנלוני בדץ 25,,,גרנורו קנלוני בדץ 25,גרמים,250.00,100 גרם,false,,9.90,0.0396,true,1,106712
8008440522016,false,"שישיית בירה פרוני 6*330 מ""ל",פרונרי,IT,פרוני מארז שישייה 33,יחידה,0.00,יחידה,false,,39.90,0.0000,true,1,239718
8008620009337,false,קריץ-קרקר חיטה מלאה 250ג',nuova industria bisc,IT,קריץ -קרקר חיטה מלאה,יחידה,0.00,יחידה,false,,7.90,0.0000,true,1,223212
8008660210014,false,מעדן ריבה מנץ אנד גאססר משמש 300 גר,קריניציה ויטמינה אס,IT,מנז אנד גאסר מעדן מש,גרמים,300.00,100 גרם,false,,16.90,0.0563,true,1,161891
8008660210038,false,מעדן ריבה מנץ אנד גאססר תות שדה 300 גר,קריניציה ויטמינה אס,IT,מנז אנד גאסר מעדן תו,גרמים,300.00,100 גרם,false,,16.90,0.0563,true,1,161893
8008660210045,false,מעדן ריבה מנץ אנד גאססר פירות יער 300 גר,שוורצקוף& הנקל דיסלד,IT,מנז אנד גאסר מעדן פי,גרמים,300.00,100 גרם,false,,16.90,0.0563,true,1,161894
8008660210069,false,מעדן מנץ אנד גאססר אפרסק פסיפלורה 320 גר,מנז אנד גאסר,IT,מעדן פרי אפרסק פסיפל,גרמים,330.00,100 גרם,false,,16.90,0.0512,true,1,188267
8008698002100,false,מקלות גריסיני 200 גרם ד''ר שר,"ד""ר שר ס.ר.ל",FR,מקלות גריסיני ללא גל,גרמים,150.00,100 גרם,false,,22.90,0.1527,true,1,211599
8008698004630,false,SORRISI עוגיות סנדוויץ' במילוי קרם קקאו 250 גר',ס.ר.ל פוסטל,FR,עוגיות סנדוויץ ללא ג,גרמים,250.00,100 גרם,false,,26.90,0.1076,true,1,134709
8008698004807,false,תערובת קמחים לאפיית לחם ל.גלוטן 1020קג,ס.ר.ל פוסטל,FR,"קמח B ד""ר שר 1 ק""ג",קילוגרמים,1.00,"ק""ג",false,,30.90,30.9000,true,1,175514
8008698005231,false,עוגיות סנדוויץ בטעם שוקולד ממולאות קרם חלב ללא גלוט,שר Schar,IT,עוגיות שוקולד 165 גר,גרמים,165.00,100 גרם,false,,21.90,0.1327,true,1,210449
8008698008157,false,שר עוגיות שוקולד במילוי קרם שמנת ללא גלוטן 100 גר',דר שר ס.ר.ל פוסטל,IT,שר עוגיות דאבל מילוי,גרמים,100.00,100 גרם,false,,12.90,0.1290,true,1,134713
8008698012857,false,ביסקויט פתי בר בטעם חמאה 165 גרם ללא גלוטן petit,ס.ר.ל פוסטל,FR,דר שר עוגיות פתי בר,גרמים,165.00,100 גרם,false,,18.90,0.1145,true,1,174939
8008698013021,false,עוגיות ללא גלוטן עם שבבי שוקולד מריר,דר שר פוסטל,IT,דר שר עוגיות שוקולד,גרמים,100.00,100 גרם,false,,13.90,0.1390,true,1,175556
8008698024140,false,לחם ללא גלוטן פאן מולטי גראנו 250 גר,schar,DE,פאן מולטי גראנו 250,גרמים,250.00,100 גרם,false,,17.90,0.0716,true,1,192682
8008698024188,false,פאן רוסטיקו-לחם ללא גלוטן 250 גרם,schar,DE,פאן רוסטיק לחם ללא ג,גרמים,250.00,100 גרם,false,,17.90,0.0716,true,1,192683
8008698054109,false,מילוי גריס - ממרח אגוזי לוז עם קקאו בתוספות מקלות 52 גרם,"ד""ר שר ס.ר.ל",IT,ממרח אגוזי לוז עם מק,יחידה,0.00,יחידה,false,,12.90,0.0000,true,1,211600
8008900006797,false,יין מאיסטרו ברימיטיב,,,יין מאיסטרו ברימיטיב,מיליליטרים,750.00,"100 מ""ל",false,,39.90,0.0532,true,1,234111
8008900007763,false,צ'לו אפסיונמנטה ונטו,,IT,צ'לו אפסיונמנטה ונטו,מיליליטרים,750.00,"100 מ""ל",false,,59.90,0.0799,true,1,233998
8008920150104,false,למברוסקו אמראדורי אד,דונלי גאטטיקו,,למברוסקו אמראדורי 75,מיליליטרים,750.00,"100 מ""ל",false,,29.90,0.0399,true,1,147938
8008920150111,false,למברוסקו אמראדורי רו,דונלי,IT,למברוסקו אמראדורי 75,מיליליטרים,750.00,"100 מ""ל",false,,29.90,0.0399,true,1,147940
8008920150128,false,למברוסקו אמראדורי לב,דונלי גאטטיקו,,למברוסקו חצי יבש 750,מיליליטרים,750.00,"100 מ""ל",false,,29.90,0.0399,true,1,147942
8008990010919,false,מטלית לניקוי חלונות,,,מטלית לניקוי חלונות,יחידה,0.00,יחידה,false,,8.90,0.0000,true,1,263192
8009470009010,false,סימבה שימורים לכלבים בשר 415 ג',אמ.או.אן.ג'י.אי.אמונ,,סימבה כלב שימור טעם,יחידה,0.00,יחידה,false,,4.90,0.0000,true,1,200968
8009470009027,false,סימבה שימורים לכלבים עוף והודו 415 ג',אמ.או.אן.ג'י.אי.אמונ,,סימבה כלב שימור טעם,גרמים,415.00,100 גרם,false,,4.90,0.0118,true,1,200971
8009470009072,false,סימבה שימורי חתולים בטעם עוף 415ג',אמ.או.אן.ג'י.אי.אמונ,,חתול סימבה שימור עוף,גרמים,415.00,100 גרם,false,,4.90,0.0118,true,1,200977
8009470009096,false,סימבה שימורי חתולים טעם דגים וטונה 415ג',אמ.או.אן.ג'י.אי.אמונ,,חתול סימבה שימור דג,גרמים,415.00,100 גרם,false,,4.90,0.0118,true,1,200978
8009915000701,false,פסטה תירס ריגוטיני ללא גלוטן,לה וואניציאני La Venezian,,פסטה ריגטוני ללא גלו,גרמים,250.00,100 גרם,false,,15.90,0.0636,true,1,154471
8009915002064,false,ניוקי ללא גלוטן 250 גרם,LE VENEZIANE,IT,לה ונציה פסטה מקמח ת,יחידה,0.00,יחידה,false,,15.90,0.0000,true,1,154474
8011033011279,false,קוסקוס אמיתי 1 קג מר,אמירה,,קוסקוס מרקש 1 קג,יחידה,0.00,יחידה,false,,15.90,0.0000,true,1,133416
8013108003516,false,בונ' זהב שטוחה מיקס,,,בונ' זהב שטוחה מיקס,גרמים,160.00,100 גרם,false,,41.90,0.2619,true,1,228688
8013399145315,false,סוכריות סטיביה דיטרול תות 70 גרם,קלואטה איטליה,IT,דיטורל סוכריות תות ש,יחידה,0.00,יחידה,false,,9.90,0.0000,true,1,107002
8015361320317,false,קישוטי עץ פייטים צור,,,קישוטי עץ פייטים צור,יחידה,0.00,יחידה,false,,14.90,0.0000,true,1,246405
8015361324643,false,סרט קישוט לעץ פרווה,,,סרט קישוט לעץ פרווה,יחידה,0.00,יחידה,false,,59.90,0.0000,true,1,246780
8015361355449,false,סט קשת ופפיון צבעים,,,סט קשת ופפיון צבעים,יחידה,0.00,יחידה,false,,29.90,0.0000,true,1,246418
8015789000501,false,מיכל נירוסטה 50 ליטר,,,מיכל נירוסטה 50 ליטר,יחידה,0.00,יחידה,false,,649.90,0.0000,true,1,266634
8017938005764,false,מיץ תפוחים אורגני 100% 1 ליטר נטורפוד,לוצ'ה מריה,IT,נטורפוד מיץ תפוחים א,יחידה,0.00,יחידה,false,,20.90,0.0000,true,1,180689
8019428005018,false,"שמנת אורגנית לבישול על בסיס אורז 240 מ""ל",,,תחליף שמנת לבישול על,מיליליטרים,200.00,"100 מ""ל",false,,9.90,0.0495,true,1,177599
8022470234930,false,דרג'ה פקאן שיש 500 ג,,,דרג'ה פקאן שיש 500 ג,גרמים,500.00,100 גרם,false,,44.90,0.0898,true,1,228656
8022470249378,false,סוכריות ביצים צבעוני,,,סוכריות ביצים צבעוני,גרמים,500.00,100 גרם,false,,34.90,0.0698,true,1,228690
8023492000237,false,סטיק נוגט טורונה שקד,די.גי 3 דולצאריה ס.ר,IT,סטיק נוגט טורונה שקד,גרמים,150.00,100 גרם,false,,15.90,0.1060,true,1,228664
8023492000695,false,סטיק שוקולד מריר אגוזים וקפה 150 גר DG 3,Dg3 dolciaria,IT,סטיק שוקולד ג'נדויה,גרמים,150.00,100 גרם,false,,15.90,0.1060,true,1,228665
8023492003665,false,סטיק שוקולד גנדויה ע,Dg3 dolciaria,IT,ג'אנדויה חלב עם אגוז,גרמים,150.00,100 גרם,false,,15.90,0.1060,true,1,227549
8023678161363,false,משקה שבלת שועל טבעי אורגני 1ל' ISOLA,איזולה ביו Isola Bio,IT,איזולה משקה שבלת שוע,ליטרים,1.00,ליטר,false,,12.90,12.9000,true,1,153824
8023678162360,false,משקה שקדים טבעי אורגני 1ליטר ISOLA,אבא פודס אס. אר. אל,IT,איזולה משקה שקדים טב,מיליליטרים,1000.00,"100 מ""ל",false,,16.90,0.0169,true,1,153826
8024985000109,false,מחית אגס אורגנ 100% פרי 200 ג נטורה נובה,נטורה נובה,IT,נטורה נובה מחית תפוח,יחידה,0.00,יחידה,false,,11.90,0.0000,true,1,180694
8024985003988,false,סמוזי תפוח בננה 100 גר נטורה נובה,נטורה נובה,IT,נטורה נובה סמוזי תפו,יחידה,0.00,יחידה,false,,6.90,0.0000,true,1,180696
8028695004013,false,ארטישוק אלה רומנה בש,ITALCARCIOFI,,ארטישוק א-לה רומנה ב,גרמים,530.00,100 גרם,false,,31.90,0.0602,true,1,219389
8028695041919,false,זיתים ירוקים 530 CASTELVETRANO ג' ITALCARCIOFI,ITALCARCIOFI,,זיתים ירוקים 530 גרם,גרמים,530.00,100 גרם,false,,18.90,0.0357,true,1,219390
8028695200231,false,רבעי ארטישוק בשמן חמניות 530 ג' ITALCARCIOFI,ITALCARCIOFI,,רבעי ארטישוק בשמן חמ,גרמים,530.00,100 גרם,false,,24.90,0.0470,true,1,219391
8032793151425,false,טלאמונטי טרבי טראביא,,,טלאמונטי טרבי טראביא,יחידה,0.00,יחידה,false,,45.90,0.0000,true,1,192948
8032793344292,false,עגבניות חתוכות דק בבקבוק 700ג,קונסוריזיו דל פרומוד,IT,עג.דק בקבוק 700,גרמים,700.00,100 גרם,false,,12.90,0.0184,true,1,235085
8032793344520,false,תרכיז עגבניות רסק עגבניות מרוכז מאוד,קונסוריזיו דל פרומוד,IT,ר.עגבניות מרוכז,יחידה,0.00,יחידה,false,,9.90,0.0000,true,1,235086
8032804432017,false,פוזילי פליסיה כוסמת אורגני 340 גר,פליסיה Felicia Bio,IT,פליסיה קופסא פוזילי,יחידה,0.00,יחידה,false,,17.90,0.0000,true,1,180717
8032804432031,false,פנה אורז מלא אורגני 340 גרם פליסיה,פליסיה,IT,פליסיה קופסא פנה אור,יחידה,0.00,יחידה,false,,14.90,0.0000,true,1,180719
8032880800243,false,פיקניק הפתעה - אגוזי לוז ומקלות אפויים,"הוסטה איטליה, ס.ר.ל.",IT,פיקניק הפתעה 50 גרם,יחידה,0.00,יחידה,false,,7.10,0.0000,true,1,115599
8033020445997,false,"קמח איטלקי ללחמים 1 ק""ג 0 PIVETTI",PIVETTI,IT,קמח איטלקי ללחמים 1,קילוגרמים,1.00,"ק""ג",false,,12.90,12.9000,true,1,219359
8033020446000,false,"קמח איטלקי לפיצה ופוקצה 1 ק""ג 00 PIVETTI",פיווטי Pivetti,IT,קמח איטלקי לפיצה ופו,קילוגרמים,1.00,"ק""ג",false,,12.90,12.9000,true,1,219356
8033275522368,false,"יין מונטרו קיאנטי, 750 מ""ל י מונטרו",סרסטר,IT,מונטארו קיאנטי כשר,יחידה,0.00,יחידה,false,,59.90,0.0000,true,1,253153
8033413430708,false,ליקר למונצ'ילו וילה מסה,וילה מסה,,לימונצ'לו וילה מסה כ,יחידה,0.00,יחידה,false,,119.90,0.0000,true,1,157948
8048792765624,false,אורז בסמטי וואיט גול,,,אורז בסמטי וואיט גול,קילוגרמים,5.00,"ק""ג",false,,49.90,9.9800,true,1,248139
8052432830184,false,וונטד זינפנדל,,,וונטד זינפנדל,יחידה,0.00,יחידה,false,,54.90,0.0000,true,1,246684
8052432831860,false,וונטד קברנה סובניון,,,וונטד קברנה סובניון,יחידה,0.00,יחידה,false,,54.90,0.0000,true,1,246683
8052432832348,false,וונטד שרדונה,,,וונטד שרדונה,יחידה,0.00,יחידה,false,,54.90,0.0000,true,1,246686
8052440756216,false,שמן חמניות אורגני כבישה קרה 1 ליטר,תות תעשיות מזון (201,IT,שמן חמניות אורגני נ,יחידה,0.00,יחידה,false,,39.90,0.0000,true,1,180506
8076800195019,false,ברילה - צ.א ספגטי מס1 קפליני 500 גרם,ברילה גי.אי.אר פרטלי,IT,ברילה ספגטי קפליני מ,גרמים,500.00,100 גרם,false,,6.90,0.0138,true,1,125233
8076800195033,false,ברילה - צ.א ספגטיני מס3 חדש 500 גרם,ברילה גי.אי.אר פרטלי,IT,ברילה ספגטי מס' 3 50,גרמים,500.00,100 גרם,false,,6.90,0.0138,true,1,125234
8076800195057,false,ברילה - צ.א ספגטי מס5 חדש 500 גרם,ברילה גי.אי.אר פרטלי,IT,ברילה ספגטיני מס 5 5,גרמים,500.00,100 גרם,false,,6.90,0.0138,true,1,125235
8076800195132,false,ברילה - צ.א בבטה מס13 500 גרם,ברילה גי.אי.אר פרטלי,IT,ברילה ספגטי בבטה מס,גרמים,500.00,100 גרם,false,,6.90,0.0138,true,1,125236
8076802085738,false,ברילה - צ.ק פנה רגטה חדש 500 גרם,ברילה גי.אי.אר פרטלי,IT,ברילה פנה רגטה מס 73,גרמים,500.00,100 גרם,false,,6.90,0.0138,true,1,125239
8076802085837,false,ברילה - צ.ק טורטליוני מס83 500 גרם,הנסיך- מפעל לייצור ט,IT,ברילה פסטה טורטיליונ,גרמים,500.00,100 גרם,false,,6.90,0.0138,true,1,125240
8076802085936,false,ברילה פסטה צ.ק. קונצילה ריגטה חדש,ברילה גי.אי.אר פרטלי,IT,ברילה פסטה קונצילה ר,גרמים,500.00,100 גרם,false,,6.90,0.0138,true,1,227562
8076802085981,false,ברילה - צ.ק פוזילי חדש 500 גרם,ברילה גי.אי.אר פרטלי,IT,ברילה פסטה פוזילי 50,גרמים,500.00,100 גרם,false,,6.90,0.0138,true,1,125242
8076808050440,false,פסטה מקרוני מספר 44 ברילה 500 גרם,ברילה Barilla,IT,ברילה פסטה מקרוני מס,גרמים,500.00,100 גרם,false,,6.90,0.0138,true,1,125244
8076808060654,false,פסטה פרפלה מספר 65 ברילה 500 גרם,ברילה גי.אי.אר פרטלי,IT,ברילה פסטה פרפלה 65,גרמים,500.00,100 גרם,false,,6.90,0.0138,true,1,125245
8076808070882,false,קנלוני מספר 88 ברילה 250 גרם,פאסטיפיקו ריגו אס.אר,IT,ברילה קנלוני 500 גרם,גרמים,500.00,100 גרם,false,,14.90,0.0298,true,1,125246
8076808150072,false,ברילה - צ.א ספגטוני מס7 חדש 500 גרם,ברילה גי.אי.אר פרטלי,IT,ברילה ספגטי מס 7 500,גרמים,500.00,100 גרם,false,,6.90,0.0138,true,1,125247
8076809501415,false,ברילה קנלוני/פנה 500 ג' מצה פנה טרקולור 500 גרם,ברילה Barilla,IT,ברילה פסטה פנה טריקו,גרמים,500.00,100 גרם,false,,14.90,0.0298,true,1,125249
8076809512268,false,פסטה גירנדולה טורסדס מספר 34 ברילה 500 גרם,ברילה גי.אי.אר פרטלי,IT,ברילה פסטה גירנדולה,גרמים,500.00,100 גרם,false,,6.90,0.0138,true,1,125250
8076809513388,false,רוטב לפסטה ארביאטה ברילה 400 גרם,ברילה גי.אי.אר פרטלי,IT,ברילה רוטב ארביאטה 4,גרמים,400.00,100 גרם,false,,14.90,0.0373,true,1,125251
8076809513395,false,ברילה פומודורו רוטב עגבניות קלאסי 400 גר,ברילה גי.אי.אר פרטלי,IT,ברילה רוטב פורמודרו,גרמים,400.00,100 גרם,false,,14.90,0.0373,true,1,125252
8076809513654,false,בסיס רוטב עגבניות לבולונז ברילה 400 גרם,ברילה גי.אי.אר פרטלי,IT,בסיס רוטב עגבניות לב,גרמים,400.00,100 גרם,false,,14.90,0.0373,true,1,125253
8076809513692,false,רוטב עגבניות נפולטנה בתוספת ירקות,ברילה גי.אי.אר פרטלי,IT,ברילה רוטב נפוליטנה,גרמים,400.00,100 גרם,false,,14.90,0.0373,true,1,125254
8076809513739,false,ברילה רוטב עגבניות עם בזיליקום 400 גרם,ברילה גי.אי.אר פרטלי,IT,רוטב פסטה ברילה בזיל,גרמים,400.00,100 גרם,false,,14.90,0.0373,true,1,125255
8076809514774,false,ברילה איטריות ביצים פפרדלה 250ג',ברילה גי.אי.אר פרטלי,IT,ברילה פפרדלה ביצים 2,גרמים,250.00,100 גרם,false,,18.90,0.0756,true,1,125256
8076809523561,false,ברילה - רוטב פסטה בטעם טוסקנה 400 גרם,ברילה גי.אי.אר פרטלי,IT,ברילה רוטב פסטה טוסק,גרמים,400.00,100 גרם,false,,14.90,0.0373,true,1,125259
8076809523714,false,"פסטה ברילה טליאטלה, 500 ג'","ש. שסטוביץ בע""מ",IT,ברילה טליאטלה 500 גר,גרמים,500.00,100 גרם,false,,25.90,0.0518,true,1,125261
8076809523738,false,פסטה ברילה לזניה 500ג',ברילה גי.אי.אר פרטלי,IT,ברילה לזניה 500 ג,גרמים,500.00,100 גרם,false,,24.90,0.0498,true,1,125262
8076809529433,false,פסטה פנה ריגטה חיטה מלאה ברילה 500 גרם,"ש. שסטוביץ בע""מ",IT,ברילה פנה רגטה מחיטה,גרמים,500.00,100 גרם,false,,14.90,0.0298,true,1,125266
8076809545440,false,ברילה איטריות ללא גלוטן 400 גר,ברילה ג'.אי.אר פרטלי,IT,ברילה אטריות ללא גלו,גרמים,400.00,100 גרם,false,,15.90,0.0398,true,1,227563
8076809545457,false,ברילה אטריות ללא גלוטן 400 ג' צינורות 400 ג',ברילה ג'.אי.אר פרטלי,IT,ברילה צינורות עב קמח,גרמים,400.00,100 גרם,false,,15.90,0.0398,true,1,156524
8076809545464,false,ברילה פסטה ללא גלוטן צורת ספירלי 400 גר,מולינו אנדריאני אס.א,IT,ברילה ספירלי עב קמח,גרמים,400.00,100 גרם,false,,15.90,0.0398,true,1,156525
8076809580496,false,פסטה פפירי 450 ג' ברילה,ברילה,IT,ברילה צ.מ פפירי 450,גרמים,450.00,100 גרם,false,,15.90,0.0353,true,1,246774
8121300206946,false,ממתיק סיטיביה טרוביה 80 שקיות אישיות,הרתסייד פוד,US,טרוביה סטיביה ממתיק,יחידה,0.00,יחידה,false,,29.90,0.0000,true,1,203699
8121300207004,false,טרוביה - סטיביה ממתיק בצנצנת 270 גרם,קספרס פאקאגעהג,US,טרוביה סטיביה ממתיק,גרמים,270.00,100 גרם,false,,34.90,0.1293,true,1,203700
8121300208780,false,תחליף סוכר לכל מטרה טרוביה 360 גר,טרוביה Truvia,US,טרוביה תחליף סוכר לכ,גרמים,360.00,100 גרם,false,,34.90,0.0969,true,1,264037
8410076600622,false,חטיפי גרנולה קראנצ'י עם שוקולד מריר נייצ'ר ואלי 210 גרם,ג'נרל מילס סאן אדריא,ES,קראנצי חטיף שבבי שוק,גרמים,210.00,100 גרם,false,,18.90,0.0900,true,1,115607
8410076610379,false,"חטיף בוטנים, חלבון סויה ושוקולד מריר עם ציפוי בטעם שוקולד",סריילטו ספיין פודס,ES,נייטשר וואלי פרוטאין,גרמים,160.00,100 גרם,false,,24.90,0.1556,true,1,162811
8410076610386,false,נייטשר ואלי פרוטאין בוטנים עם ציפוי בטעם קרמל מלוח 160 ג',סריילטו ספיין פודס,ES,נייטשר וואלי פרוטאין,יחידה,0.00,יחידה,false,,24.90,0.0000,true,1,162812
8410076610492,false,חטיף שיבולת שועל מלאה ובוטנים בציפוי עם חמאת בוטנים,יבואן ומשווק: ש. שסט,ES,נייטשר ואלי חטיף בוט,גרמים,150.00,100 גרם,false,,18.90,0.1260,true,1,167153
8410076610508,false,"נייטשר וואלי צ'ואי שוקולד מריר בוטנים ושקדים, חמישיה 5 * 30 גרם",נייצ'ר ואלי Nature Valley,ES,נייטשר ואלי חטיף סשו,גרמים,150.00,100 גרם,false,,18.90,0.1260,true,1,167154
8410076621009,false,עוגות אישיות בטעם קרמל עם חתיכות בטעם קרמל מלוח,"גלאטס סירו בע""מ",PT,פייבר וואן טעם קרמל,יחידה,5.00,יחידה,false,,15.90,3.1800,true,1,221398
8410076621047,false,עוגות אישיות בטעם שוקולד עם חתיכות בטעם שוקולד,"גלאטס סירו בע""מ",ES,פייבר וואן בראוניז ט,יחידה,0.00,יחידה,false,,15.90,0.0000,true,1,221399
8410085042277,false,תירמה זירו 14 יח',,,תירמה זירו,יחידה,0.00,יחידה,false,,22.90,0.0000,true,1,242887
8410085220200,false,שוקולד בר מריר עם שק,,,שוקולד בר מריר עם שק,גרמים,125.00,100 גרם,false,,9.90,0.0792,true,1,221803
8410085427357,false,תירמא מיני וופל מצופה שוקו 40 *13.5ג',,,תירמא מיני וופל מצופ,גרמים,540.00,100 גרם,false,,22.90,0.0424,true,1,133802
8410085427364,false,תירמא מיני וופל מצופה שוקולד לבן 40*13.5 ג',,,תירמא מיני וופל מצופ,גרמים,540.00,100 גרם,false,,22.90,0.0424,true,1,133803
8410104039134,false,"פיניש מנקה ומחדש מדיח 250 מ""ל",הדקלאים אגודת שיתופי,PL,פיניש מנקה ומחדש מדי,מיליליטרים,250.00,"100 מ""ל",false,,14.90,0.0596,true,1,132890
8410104044916,false,פיניש אבקה למדיח 2.7 לימון,רקיט בנקיזר,DE,פיניש 2.7 קג רגיל,קילוגרמים,2.70,"ק""ג",false,,44.90,16.6296,true,1,132891
8410104045111,false,"פיניש מלח למדיח כלים 2ק""ג",רקיט בנקיזר,IL,"פיניש מלח למדיח 2 ק""",קילוגרמים,2.00,"ק""ג",false,,14.90,7.4500,true,1,208572
8410104425906,false,שעווה חמה בניחוח יסמין,רקיט בנקיזר צרפת,FR,250 ויט שעווה חמה,מיליליטרים,250.00,"100 מ""ל",false,,26.90,0.1076,true,1,132895
8410104437268,false,פיניש דאו ציטרופרש מנטה,רקיט בנקיזר,HU,פיניש דאו ציטרופרש מ,יחידה,0.00,יחידה,false,,14.90,0.0000,true,1,132896
8410104511340,false,ויט רצועות שעווה מוכנות לעור יבש 12 יחידות,רקיט בנקיזר צרפת,FR,רצועות שעווה לעור יב,יחידה,14.00,יחידה,false,,24.90,1.7786,true,1,132898
8410109109832,false,ואלור טבלאות שוקולד,LAVDAS,GR,ואלור טבלאות שוקולד,יחידה,0.00,יחידה,false,,15.90,0.0000,true,1,228679
8410128768355,false,ויוה סוי סויה קלאסי קרטונית ליטר,קלידאד פסקואל,ES,ויוה סוי סויה 1 ליטר,ליטרים,1.00,ליטר,false,,10.90,10.9000,true,1,211109
8410161511253,false,"ברנדי ספרדי רומטה סולרה חרז 700 מ""ל",רומטה,ES,ברנדי רומטה סולרה 70,מיליליטרים,700.00,"100 מ""ל",false,,79.90,0.1141,true,1,156513
8410161512021,false,ברנדי סולרה רזרבה 1,,,ברנדי סולרה רזרבה 1,ליטרים,1.00,ליטר,false,,99.90,99.9000,true,1,200482
8410184010108,false,אורז לה סיגלה עגול 1,בני ג'ורג' שוקחה חיפ,,"לה סיגלה אורז 1 ק""ג",קילוגרמים,1.00,"ק""ג",false,,9.90,9.9000,true,1,145371
8410184010504,false,"לה סיגלה אורז 5 ק""ג",,,"לה סיגלה אורז 5 ק""ג",קילוגרמים,5.00,"ק""ג",false,,39.90,7.9800,true,1,145372
8410261151625,false,יין סנגריה גרסיה דון סימון אדום 1.5 ל,,,דון סימון סנגריה 1.5,ליטרים,1.50,ליטר,false,,26.90,17.9333,true,1,147964
8410342004796,false,שוקולד מריר 85% ללא סוכר טוראס 100ג',צ'יקולטס טוארס,ES,טוראס-שוקולד מריר 85,יחידה,0.00,יחידה,false,,15.90,0.0000,true,1,204964
8410342004987,false,"טוראס-שוקולד מריר 52% קפה ללת""ס 100 גר",,ES,טוראס-שוקולד מריר 52,יחידה,0.00,יחידה,false,,15.90,0.0000,true,1,204973
8410342005625,false,"טוראס-שוקולד חלב אגוז ללת""ס 75 גרם",,ES,טוראס-שוקולד חלב אגו,יחידה,0.00,יחידה,false,,10.90,0.0000,true,1,204961
8410342006318,false,טוראס שוקולד מריר קפה ללא סוכר 75 גרם,,ES,טוראס-שוקולד מריר קפ,יחידה,0.00,יחידה,false,,10.90,0.0000,true,1,204963
8410376009392,false,ביסקויט מחיטה מלאה ללא תוספת סוכר גולון 170 גרם,גאלטס גלון סא,ES,גולון ביסקוויט מחיטה,גרמים,170.00,100 גרם,false,,9.90,0.0582,true,1,128481
8410376009408,false,גולון-דורדה ביסקוויט זהב ללא סוכר 330 גר'1/15,GULLON,,גולון דורדה ביסקוויט,גרמים,330.00,100 גרם,false,,18.90,0.0573,true,1,128482
8410376010701,false,"ביסקוויט ללת""ס גולון גלטה מריה 400 גר",תות תעשיות מזון (201,ES,גולון ביסקוויט מרי ל,גרמים,400.00,100 גרם,false,,22.90,0.0572,true,1,128484
8410376023831,false,גולון-ביסקוויט ח.מלאה 400 גר' ללא סוכר 1/15,גולון,ES,גולן ביסקוויט מחיטה,גרמים,400.00,100 גרם,false,,18.40,0.0460,true,1,128488
8410376024326,false,גולון עוגיות מחיטה מלאה בציפוי שוקולד,,,גולון עוגיות מחיטה מ,גרמים,300.00,100 גרם,false,,22.90,0.0763,true,1,128489
8410376029079,false,גולון רונדיטוס ביסקויט ללא תוספת סוכר 186 גר,GULLON,,רונדיטוס ביסקוויט,יחידה,0.00,יחידה,false,,21.90,0.0000,true,1,128491
8410376033267,false,גולון ביסקוויט דגנים ללא סוכר 410 ג',GULLON,,ביסקוויט דגנים ללא ס,גרמים,410.00,100 גרם,false,,15.90,0.0388,true,1,227062
8410376036169,false,עוגיות מריה ללא גלוטן 380 ג' גולון,GULLON,,גולון עוגיות מריה לל,גרמים,400.00,100 גרם,false,,22.90,0.0572,true,1,128495
8410376037784,false,גולון ביסקויט סנדויץ שוקו ללא סוכר 250ג,תות תעשיות מזון (201,ES,גולון סנדוויץ שוקולד,גרמים,250.00,100 גרם,false,,13.90,0.0556,true,1,128498
8410376042481,false,גולון ביסקווט קרם יוגורט ללא תוספת סוכר 220 גרם,גלטס גולון,,ביסקויט קרם יוגרט לל,גרמים,220.00,100 גרם,false,,13.90,0.0632,true,1,227047
8410376052633,false,גולון-עוגיות שוקוצ'יפס ללא תוספת סוכר 150 ג 1/12,VIRGINIAS INDUSTRIAS,ES,גולון עוגיות שוקו צי,גרמים,125.00,100 גרם,false,,11.90,0.0952,true,1,211021
8410376057270,false,גולון-ביסקוויט ללא סוכר עם ש.מריר 150 גר' 1/12,גולון,ES,ביסקויט ללא תוספת סו,גרמים,150.00,100 גרם,false,,17.90,0.1193,true,1,227063
8410376059397,false,גולון וופל שוקולד ללא תוספת סוכר 180 גרם,GULLON,ES,וופל שוקולד ללא תוספ,גרמים,180.00,100 גרם,false,,14.90,0.0828,true,1,227051
8410644611210,false,יין קאווה איבריקה לבן חצי יבש Cava Iberica,טמפו ברקן 5%,IL,קאווה איבריקה לבן חצ,מיליליטרים,750.00,"100 מ""ל",false,,35.90,0.0479,true,1,193628
8410702005012,false,סנגריה פניאסול פליקס,ספרד פליקס סוליס,,סנגריה אדומה פניאסול,יחידה,0.00,יחידה,false,,14.90,0.0000,true,1,265339
8410702039802,false,יין סנגריה לבן פניאס,ספרד פליקס סוליס,,סנגריה לבנה פניאסול,יחידה,0.00,יחידה,false,,14.90,0.0000,true,1,265340
8411277350118,false,"קאווה ג'ום סרה חצי יבש 750 מ""ל",ג'אום סרה,,"קווה ג""אום סרה חצי י",מיליליטרים,750.00,"100 מ""ל",false,,29.90,0.0399,true,1,147985
8411327521017,false,"מארז בירה סאן מיגל אספסיאל 330 מ""ל + כוס",,,מארז בירה פילסנר סאן,ליטרים,1320.00,ליטר,false,,24.90,0.0189,true,1,243728
8412168002529,false,מחייה 13 משקה כוהלי בטעם לימונים,דיסטילריאס לה הורטנה,ES,ערק מחייה 13 לימונים,מיליליטרים,700.00,"100 מ""ל",false,,54.90,0.0784,true,1,224928
8412497601219,false,בקבוק פלסטיק דופן כפ,,,בקבוק פלסטיק דופן כפ,יחידה,0.00,יחידה,false,,39.90,0.0000,true,1,241121
8412497613618,false,בקבוק פלסטיק 370 מל דופן כפולה עם נצנצים - ספיידרמן,,,בקבוק פלסטיק דופן כפ,יחידה,0.00,יחידה,false,,39.90,0.0000,true,1,241126
8413295300205,false,טורמוס ואקום 350 גרם,,,טורמוס ואקום 350 גרם,גרמים,350.00,100 גרם,false,,10.00,0.0286,true,1,143324
8413295800033,false,טורמוס צנצנת 1300 גר,,,טורמוס צנצנת 1300 גר,גרמים,1300.00,100 גרם,false,,24.90,0.0192,true,1,197028
8413295800514,false,טורמוס צנצנת 600 גרם,,,טורמוס צנצנת 600 גרם,גרמים,600.00,100 גרם,false,,14.90,0.0248,true,1,143326
8420708012822,false,"גבינת קשקבל ספרדי, 200 גרם",מיוצר עי קונדיטוריית,ES,קשקבל בשלה 200 גרם,גרמים,200.00,100 גרם,false,,24.90,0.1245,true,1,172854
8420822130624,false,"ספריי סופר מסיר כתמים 750מ""ל יעקבי",קה לורדה,ES,KH-7 סופר מסיר כתמים,מיליליטרים,750.00,"100 מ""ל",false,,19.90,0.0265,true,1,247100
8420878580817,false,עוגת פילדלפיה 350 גר,,ES,עוגת פילדלפיה 350 גר,גרמים,350.00,100 גרם,false,,34.90,0.0997,true,1,260034
8421002280641,false,"סכין שף 20 ס""מ חלקה",,,"סכין שף 20 ס""מ חלקה",יחידה,0.00,יחידה,false,,129.90,0.0000,true,1,221341
8421002610608,false,משחיז שולחני ארקוס ג,,,משחיז שולחני ארקוס ג,יחידה,0.00,יחידה,false,,109.90,0.0000,true,1,221343
8421150647105,false,סנדמאן-שרי-ריץ גולדן 750 מל,,,סנדמן שרי ריץ גולדן,מיליליטרים,750.00,"100 מ""ל",false,,69.90,0.0932,true,1,262499
8423207206488,false,סלים דליס חטיף דגנים מצופה שוקולד חלב מרבה 6*20 גרם,אף.סי תבליני בגליל ב,ES,סלים דליס חטיף דגנים,גרמים,120.00,100 גרם,false,,10.90,0.0908,true,1,125272
8423207206495,false,סלים דליס חטיף דגנים מצופה שוקולד מריר מרבה 6*20 גרם,אף.סי תבליני בגליל ב,ES,סלים דליס חטיף דגנים,גרמים,120.00,100 גרם,false,,10.90,0.0908,true,1,125273
8423207206501,false,סלים דליס חטיף דגנים עם שוקולד חלב מרבה 6*13 גרם,סלים דליס Slim Delis,ES,סלים דליס חטיף דגנים,יחידה,0.00,יחידה,false,,10.90,0.0000,true,1,125274
8423207207362,false,חטיף דגנים סלים דליס שוקולד לבן 120 גר,ביסנצ'ורי אס.אל.יו,ES,סלים דליס חטיף דגנים,גרמים,120.00,100 גרם,false,,10.90,0.0908,true,1,125276
8423207208260,false,מרבה סלים דליס 125 ג' ללא גלוטן שוקולד חלב,ביסנצ'ורי אס.אל.יו,ES,סלים דליס ללא גלוטן,יחידה,0.00,יחידה,false,,10.90,0.0000,true,1,153507
8423207208680,false,מרבה חטיפי סלים דליס לילדים שוקולד חלב,ביסנצ'ורי אס.אל.יו,ES,סלים דליס קידס בציפו,גרמים,120.00,100 גרם,false,,10.90,0.0908,true,1,157346
8423207208697,false,מרבה סלים דליס לילדים עם שוקולד לבן חדש,ביסנצ'ורי אס.אל.יו,ES,סלים דליס קידס עוגיו,גרמים,120.00,100 גרם,false,,10.90,0.0908,true,1,157347
8423207208703,false,מרבה חטיפי סלים דליס לילדים שוקולד מריר,ביסנצ'ורי אס.אל.יו,ES,סלים דליס אקסטרא חט.,גרמים,120.00,100 גרם,false,,10.90,0.0908,true,1,157348
8423207208871,false,פרכיות תירס בטעם טבעי סלים דליס 130ג',סלים דליס Slim Delis,ES,פרכיות תירס בטעם טבע,יחידה,0.00,יחידה,false,,9.90,0.0000,true,1,173013
8423207209748,false,חטיף דגנים מלאים שוקולד מריר נגיעות תפוז,ביסנצ'ורי אס.אל.יו,ES,מרבה סלים דליס שוקול,יחידה,0.00,יחידה,false,,10.90,0.0000,true,1,178392
8423207209885,false,מרבה חטיפי סלים דליס מהדורה מיוחדת שוקולד חלב,סלים דליס Slim Delis,ES,מרבה סלים דליס מהדור,גרמים,120.00,100 גרם,false,,10.90,0.0908,true,1,179388
8423207210287,false,מרבה סלים דליס שוקולד לבן בטעם יוגורט 120 ג',סלים דליס Slim Delis,ES,מרבה סלים דליס שוקול,גרמים,120.00,100 גרם,false,,10.90,0.0908,true,1,186589
8423207210928,false,חטיף דגנים מצופה שוקולד חלב ואגוזי לוז - 5 במארז,נוטרישן אנד סנטה קוב,ES,סלים דליס טופינג אגו,יחידה,0.00,יחידה,false,,9.90,0.0000,true,1,214420
8423207210942,false,חטיף דגנים מצופה שוקולד לבן ופירות יער,נוטרישן אנד סנטה קוב,ES,סלים דליס טופינג פיר,יחידה,0.00,יחידה,false,,9.90,0.0000,true,1,214421
8423207210966,false,חטיף רב דגנים מצופה שוקולד לבן קוקוס ולימון,נוטרישן אנד סנטה קוב,ES,סלים דליס טופינג קוק,יחידה,0.00,יחידה,false,,9.90,0.0000,true,1,214422
8423207210980,false,סלים דליס טופינג קליפת תפוז 90 גרם,נוטרישן אנד סנטה קוב,ES,סלים דליס טופינג קלי,יחידה,0.00,יחידה,false,,9.90,0.0000,true,1,214423
8423371002725,false,סאליסול- קוקטייל מיקס 100 גרם,גלוברנדס,ES,קוקטייל מיקס 100 גרם,גרמים,100.00,100 גרם,false,,9.90,0.0990,true,1,212218
8424842050016,false,צ'יפס בטעם כמהין 125 גרם RUBIO,RUBIO,ES,צ'יפס בטעם כמהין 125,גרמים,125.00,100 גרם,false,,12.90,0.1032,true,1,238855
8424842050030,false,צ'יפס עם מלח הימלאי 125 גרם RUBIO,RUBIO,ES,צ'יפס עם מלח הימלאיה,גרמים,125.00,100 גרם,false,,12.90,0.1032,true,1,238850
8424842050085,false,צ'יפס בטעם חרדל ודבש 125 גרם RUBIO,RUBIO,ES,צ'יפס בטעם חרדל ודבש,גרמים,125.00,100 גרם,false,,12.90,0.1032,true,1,238851
8424842201340,false,צ'יפס מסורתי פרימיום 130 גרם,,ES,צ'יפס מסורתי פרימיום,גרמים,130.00,100 גרם,false,,12.90,0.0992,true,1,238853
8425206000081,false,ריבת חלב מרדל 450 גרם,כלורוקס אוקלנד,ES,מרדל ריבת חלב 450 גר,גרמים,450.00,100 גרם,false,,19.90,0.0442,true,1,107006
8427030007281,false,סימילאק גולד קומפורט 1 תרכובת מזון על בסיס חלב,סימילאק Similac,ES,סימילאק קומפורט שלב,גרמים,820.00,100 גרם,false,,99.90,0.1218,true,1,218709
8428751001848,false,פפטיד- שמפו פרופשיונ,,,פפטיד- שמפו פרופשיונ,יחידה,0.00,יחידה,false,,29.90,0.0000,true,1,248237
8428751001862,false,פפטיד- מרכך פרופשיונ,,,פפטיד- מרכך פרופשיונ,מיליליטרים,500.00,"100 מ""ל",false,,29.90,0.0598,true,1,248211
8428751002296,false,פפטיד- ג'ל רחצה שמן,,,פפטיד- ג'ל רחצה שמן,יחידה,0.00,יחידה,false,,29.90,0.0000,true,1,248218
8428751003088,false,PEPTID שמפו ממריץ שמן עץ התה- לשיער דליל וקרקפת נקייה,,,פפטיד- שמפו עץ התה 5,מיליליטרים,500.00,"100 מ""ל",false,,34.90,0.0698,true,1,248217
8428751003095,false,PEPTID שמפו משקם ביוטין וויטמין E לחיזוק שורשי השיער והגברת נפח,,,פפטיד- שמפו פרופשיונ,מיליליטרים,500.00,"100 מ""ל",false,,34.90,0.0698,true,1,248210
8428751003101,false,PEPTID מסכה אינטנסבית קיק ומקדמיה לחיזוק סיב השערה והגברת לחות,,,פפטיד- מסכת שיער פרו,מיליליטרים,500.00,"100 מ""ל",false,,59.90,0.1198,true,1,248233
8436025305608,false,GARDEN OASIS מארז 8 פצצות אמבטיה,,,GARDEN OASIS מארז 8,יחידה,8.00,יחידה,false,,16.90,2.1125,true,1,251914
8436575292205,false,ארטיק חמשושים מאגדת 15*12 גר',שוורצקוף& הנקל דיסלד,IL,חמשושים 15 יח',יחידה,0.00,יחידה,false,,19.90,0.0000,true,1,207039
8437000906209,false,"עלי טורטיה קמח חיטה 20ס""מ 8יח' אזטקה 325ג'",Azteca foods europe,ES,מאסטרפוד טורטיה קמח,גרמים,325.00,100 גרם,false,,11.00,0.0338,true,1,111164
8437011503138,false,דליסאן טורטיה 8 יח',,,דליסאן טורטיה 8 יח',גרמים,320.00,100 גרם,false,,9.90,0.0309,true,1,200034
8445290427120,false,דגני פיטנס Fitness שוקולד מריר ובננה,נסטלה צרפת איטנקורט,FR,פיטנס שוקולד מריר וב,גרמים,330.00,100 גרם,false,,19.90,0.0603,true,1,262347
8593419991219,false,CYLINDRER קנקן לשתיה,,,CYLINDRER קנקן לשתיה,יחידה,0.00,יחידה,false,,39.90,0.0000,true,1,215129
8593868006014,false,בירה בלו מון פחית 50,"איי, בי, אינבוו",CZ,בירה בלו מון פחית 50,מיליליטרים,500.00,"100 מ""ל",false,,12.90,0.0258,true,1,224282
8594009923429,false,"בירה קרושוביצה אמפריאל 500 מ""ל פחית",,,בירה פחית קרוש בהירה,מיליליטרים,500.00,"100 מ""ל",false,,10.90,0.0218,true,1,210789
8594403707977,false,"בירה באדוויזר לאגר פחית 500 מ""ל",Bud?jovick? Budvar,,באדוויזר לאגר פחית 5,מיליליטרים,500.00,"100 מ""ל",false,,7.90,0.0158,true,1,259759
8594405105429,false,"ליקר בחרובקה 700 מ""ל",,,"ליקר בחרובקה 700 מ""ל",מיליליטרים,700.00,"100 מ""ל",false,,99.90,0.1427,true,1,167234
8606018615827,false,גלידת וניל עם שברי עוגיות אוראו 480 גרם,פרונרי סרביה,IL,גלידת וניל עם שברי ע,יחידה,0.00,יחידה,false,,15.90,0.0000,true,1,254130
8606018615841,false,גלידה וניל עם ליבת שוקולד חלב מעולה 480 גרם,פרונרי סרביה,IL,פיינט מילקה וניל ליב,יחידה,0.00,יחידה,false,,15.90,0.0000,true,1,254132
8606018615865,false,פיינט מילקה קרמל ליבת שוקולד 480 גרם,פרונרי סרביה,IL,פיינט מילקה קרמל ליב,יחידה,0.00,יחידה,false,,15.90,0.0000,true,1,254133
8606107628295,false,VODAVODA בקבוק מים 1,,,VODAVODA בקבוק מים 1,ליטרים,1.00,ליטר,false,,4.90,4.9000,true,1,210727
8620170803076,false,סט 12 מכוניות מרוץ באריזת תלייה,General,IL,סט 12 מכוניות מרוץ,יחידה,0.00,יחידה,false,,29.90,0.0000,true,1,263076
8620190730482,false,פאזל רצפה 48 חלקים ת,,,פאזל רצפה 48 חלקים ת,יחידה,0.00,יחידה,false,,49.90,0.0000,true,1,263078
8620210316306,false,שידת יופי 19 חלקים ב,,,שידת יופי 19 חלקים ב,יחידה,0.00,יחידה,false,,139.90,0.0000,true,1,263083
8680465082692,false,קנקן תה2 ליטר,,,קנקן תה2 ליטר,יחידה,0.00,יחידה,false,,89.90,0.0000,true,1,261283
8680518402309,false,צנצנת זכוכית,,,צנצנת זכוכית,יחידה,0.00,יחידה,false,,14.90,0.0000,true,1,242711
8680518403061,false,צנצנת זכוכית 2 ליטר,,,צנצנת זכוכית 2 ליטר,יחידה,0.00,יחידה,false,,14.90,0.0000,true,1,267036
8680518405027,false,צנצנת זכוכית 330 cc,,,צנצנת זכוכית 330 cc,יחידה,0.00,יחידה,false,,4.90,0.0000,true,1,242715
8680518405041,false,צנצנת זכוכית 660cc,,,צנצנת זכוכית 660cc,יחידה,0.00,יחידה,false,,8.90,0.0000,true,1,267037
8680905030283,false,שיפודי ברביקיו,UNVER-BBQ,,שיפודי ברביקיו,יחידה,0.00,יחידה,false,,9.90,0.0000,true,1,257137
8681006007488,false,תבנית שושברק פלסטיק,,,תבנית שושברק פלסטיק,יחידה,0.00,יחידה,false,,16.90,0.0000,true,1,259334
8681690003889,false,פח אשפה 25 ליטר,Tuffex Plastik,,פח אשפה 25 ליטר,יחידה,0.00,יחידה,false,,29.90,0.0000,true,1,268631
8681690003896,false,פח אשפה 35 ליטר,Tuffex Plastik,,פח אשפה 35 ליטר,יחידה,0.00,יחידה,false,,39.90,0.0000,true,1,268694
8681690003902,false,פח אשפה 50 ליטר,Tuffex Plastik,,פח אשפה 50 ליטר,יחידה,0.00,יחידה,false,,49.90,0.0000,true,1,268678
8681690004749,false,שלישיה כריות יפניות,Tuffex Plastik,,שלישיה כריות יפניות,יחידה,0.00,יחידה,false,,6.90,0.0000,true,1,196010
8681690005142,false,"כוס קפה 400 מ""ל",Tuffex Plastik,,"כוס קפה 400 מ""ל",יחידה,0.00,יחידה,false,,5.90,0.0000,true,1,267734
8681690005210,false,דלי פופקורן / רב תכל,Tuffex Plastik,,דלי פופקורן / רב תכל,יחידה,0.00,יחידה,false,,5.90,0.0000,true,1,267735
8681690006057,false,סלסלת כביסה Woow Des,Tuffex Plastik,,סלסלת כביסה Woow Des,יחידה,0.00,יחידה,false,,49.90,0.0000,true,1,267737
8681690006064,false,סלסלת כביסה Woow Des,Tuffex Plastik,,סלסלת כביסה Woow Des,יחידה,0.00,יחידה,false,,29.90,0.0000,true,1,267738
8681690006101,false,בקבוק מים עם קש ומנע,Tuffex Plastik,,בקבוק מים עם קש ומנע,יחידה,0.00,יחידה,false,,19.90,0.0000,true,1,268697
8681690006231,false,דלי פופ תירס וסיפס מ,Tuffex Plastik,,דלי פופ תירס וסיפס מ,יחידה,0.00,יחידה,false,,5.90,0.0000,true,1,267740
8681690505130,false,כוס BAT MAN עם כיסוי,Tuffex Plastik,,כוס BAT MAN עם כיסוי,יחידה,0.00,יחידה,false,,7.90,0.0000,true,1,268253
8681690505291,false,ערכת באטמן ארוחת צהר,Tuffex Plastik,,ערכת באטמן ארוחת צהר,יחידה,0.00,יחידה,false,,19.90,0.0000,true,1,268254
8681690505383,false,BATMAN דלי אשפה 5.5,Tuffex Plastik,,BATMAN דלי אשפה 5.5,יחידה,0.00,יחידה,false,,19.90,0.0000,true,1,268656
8681690506106,false,בקבוק מים באטמן עם ק,Tuffex Plastik,,בקבוק מים באטמן עם ק,יחידה,0.00,יחידה,false,,19.90,0.0000,true,1,268255
8681690515139,false,גביע סופרמן עם כיסוי,Tuffex Plastik,,גביע סופרמן עם כיסוי,יחידה,0.00,יחידה,false,,7.90,0.0000,true,1,268256
8681690515382,false,SUPERMAN דלי אשפה 5,Tuffex Plastik,,SUPERMAN דלי אשפה 5,יחידה,0.00,יחידה,false,,19.90,0.0000,true,1,268696
8681690516105,false,בקבוק מים סופרמן עם,Tuffex Plastik,,בקבוק מים סופרמן עם,יחידה,0.00,יחידה,false,,19.90,0.0000,true,1,268258
8681690535137,false,כוס טוויטי עם כיסוי,Tuffex Plastik,,כוס טוויטי עם כיסוי,יחידה,0.00,יחידה,false,,7.90,0.0000,true,1,268259
8681690535380,false,TWEETY דלי אשפה 5.5,Tuffex Plastik,,TWEETY דלי אשפה 5.5,יחידה,0.00,יחידה,false,,19.90,0.0000,true,1,268693
8681690536103,false,בקבוק מים טוויטי עם,Tuffex Plastik,,בקבוק מים טוויטי עם,יחידה,0.00,יחידה,false,,19.90,0.0000,true,1,268261
8681690555135,false,גביע ברבי עם כיסוי ו,Tuffex Plastik,,גביע ברבי עם כיסוי ו,יחידה,0.00,יחידה,false,,7.90,0.0000,true,1,268262
8681690555296,false,סט קופסת אוכל ברבי ע,Tuffex Plastik,,סט קופסת אוכל ברבי ע,יחידה,0.00,יחידה,false,,19.90,0.0000,true,1,268263
8681690555388,false,BARBIE דלי אשפה 5.5,Tuffex Plastik,,BARBIE דלי אשפה 5.5,יחידה,0.00,יחידה,false,,19.90,0.0000,true,1,268657
8681863065270,false,מלח ים מים האגאי וילי פוד 350 גר,שף סיזונס גידה סאן,TR,מלח ים מים האגאי 350,יחידה,0.00,יחידה,false,,21.90,0.0000,true,1,259540
8681863065287,false,מלח הימלאיה וילי פוד 350 גר,שף סיזונס גידה סאן,TR,מלח הימלאיה 350גרם,יחידה,0.00,יחידה,false,,21.90,0.0000,true,1,259541
8681863065324,false,מלח ים עם רוזמרין וילי פוד 200 גר,SALTBAE,TR,מלח ים עם רוזמרין 20,יחידה,0.00,יחידה,false,,21.90,0.0000,true,1,259543
8681863065379,false,מלח ים עם פלפל צ'ילי 220 ג' ויליפוד,שף סיזונס גידה סאן,TR,מלח ים עם פלפל צ'ילי,יחידה,0.00,יחידה,false,,21.90,0.0000,true,1,259545
8682120001550,false,PASABACHE קערה קרמיק,PASABACHE,,PASABACHE קערה קרמיק,יחידה,0.00,יחידה,false,,5.90,0.0000,true,1,254454
8682120010279,false,"ספל קלאסי 310 מ""ל",germiyan seramik,,"ספל קלאסי 310 מ""ל",יחידה,0.00,יחידה,false,,5.90,0.0000,true,1,268518
8682120012754,false,"ספל קלאסי 310 מ""ל",germiyan seramik,,"ספל קלאסי 310 מ""ל",יחידה,0.00,יחידה,false,,5.90,0.0000,true,1,267756
8682120012761,false,"ספל מילאס 270 מ""ל",germiyan seramik,,"ספל מילאס 270 מ""ל",יחידה,0.00,יחידה,false,,5.90,0.0000,true,1,267757
8682911647097,false,מקס סט 2 קערות זכוכי,MAXQUA,,מקס סט 2 קערות זכוכי,יחידה,0.00,יחידה,false,,16.90,0.0000,true,1,254539
8683088001217,false,קערה 14 סמ' LYRA,KAIZEN PORCELAN,,קערה 14 סמ' LYRA,יחידה,0.00,יחידה,false,,9.90,0.0000,true,1,267752
8683090001199,false,מקס סט 2 תבניות אפיי,MAXQUA,,מקס סט 2 תבניות אפיי,יחידה,0.00,יחידה,false,,39.90,0.0000,true,1,248957
8683090001205,false,מקס סט 2 תבניות אפיי,MAXQUA,,מקס סט 2 תבניות אפיי,יחידה,0.00,יחידה,false,,39.90,0.0000,true,1,248958
8683130008355,false,מיונז עם שום הלמנס לחיץ 400 גרם,יוניליוור ישראל שיוו,TR,מיונז הלמנס שום לחיץ,גרמים,400.00,100 גרם,false,,15.00,0.0375,true,1,244653
8683130008935,false,"הלמנס קטשיונז 425 גר{הרב רלב""ג}",יוניליוור ישראל שיוו,TR,הלמנס קטשיונז 425 גר,גרמים,425.00,100 גרם,false,,15.00,0.0353,true,1,248591
8683130025574,false,"מרכך כביסה אקסטרה לבנדר 960 מ""ל בדין",יונילוור - תורכיה,TR,בדין אקסטרא לבנדר 96,מיליליטרים,960.00,"100 מ""ל",false,,16.90,0.0176,true,1,257154
8683130025581,false,"בדין - מרכך כביסה אקסטרא ענבר 960 מ""ל",יונילוור - תורכיה,TR,בדין אקסטרא אמבר 960,מיליליטרים,960.00,"100 מ""ל",false,,16.90,0.0176,true,1,257150
8683323063024,false,יוגטה שטיחים בטעם תותי פרוטי 220 גרם,ליימן מותגים,TR,ממתק בטעם תותי פרוטי,גרמים,220.00,100 גרם,false,,5.90,0.0268,true,1,168742
8683359800037,false,מג פורסלאן,,,מג פורסלאן,יחידה,0.00,יחידה,false,,3.90,0.0000,true,1,256588
8683463221095,false,עוגיות מזרחיות 550 ג,,,עוגיות מזרחיות 550 ג,גרמים,550.00,100 גרם,false,,49.90,0.0907,true,1,267143
8683463221096,false,בקלאווה 500 גרם,,,בקלאווה 500 גרם,גרמים,500.00,100 גרם,false,,69.90,0.1398,true,1,267144
8690053773727,false,סט צלחות 18 חלקים ב,KUTAHYA,,סט צלחות 18 חלקים ב,יחידה,0.00,יחידה,false,,199.90,0.0000,true,1,251323
8690504081913,false,מקוויטיס טינס מצופה שוקולד חלב 150 גרם,שוורצקוף& הנקל דיסלד,TR,ויסוצקי טינס מצופה ש,גרמים,150.00,100 גרם,false,,10.90,0.0727,true,1,182941
8690504081920,false,מקוויטיס טינס מצופה שוקולד מריר 150 גרם,שוורצקוף& הנקל דיסלד,TR,ויסוצקי טינס מצופה ש,גרמים,150.00,100 גרם,false,,10.90,0.0727,true,1,182942
8690504081937,false,מקוויטיס טינס שוקולד חלב וקפוצינו 150 גר,שוורצקוף& הנקל דיסלד,TR,ויסוצקי טינס מצופה ש,גרמים,150.00,100 גרם,false,,10.90,0.0727,true,1,182943
8690504153849,false,שוקולד חלב במילוי קרם בטעם פרלין אגוזים,"אולקר מקבוצת פלאדיס,",TR,גודייבה טבלת שוקולד,יחידה,0.00,יחידה,false,,13.90,0.0000,true,1,184632
8690504868996,false,קאט קאט 24*20גר,,,קאט קאט 24*20גר,גרמים,672.00,100 גרם,false,,15.90,0.0237,true,1,267214
8690504938958,false,האלק האלף טיים,,,האלק האלף טיים,יחידה,0.00,יחידה,false,,14.90,0.0000,true,1,171872
8690526009278,false,אי טי אי - חטיף קרמל מצופה שוקולד וחלב כדורוני דגנים 126 גרם,eti gida sanayi,TR,חטיף קרמל 126 גרם,גרמים,114.00,100 גרם,false,,7.50,0.0658,true,1,223554
8690526009308,false,אי טי אי - חטיף קוקוס מצופה שוקולד חלב וכדורוני דגנים 126 גרם,גורי,TR,חטיף קוקוס 126 גרם,גרמים,126.00,100 גרם,false,,6.90,0.0548,true,1,223555
8690526009353,false,אי טי אי - מיני חטיף בוטנים נוגט קרמל מצופה שוקולד חלב 140 גרם,eti gida sanayi,TR,חטיף נוגט 140 גרם,גרמים,140.00,100 גרם,false,,6.90,0.0493,true,1,223556
8690526019147,false,אי טי אי - וופל במילוי קרם אגוזי לוז 142 גרם,eti gida sanayi,TR,וופל אגוזים 142 גרם,גרמים,142.00,100 גרם,false,,6.90,0.0486,true,1,223544
8690526019154,false,אי טי אי - וופל קקאו במילוי קרם קקאו 142 גרם,מולינו ניקולי s.p.a,TR,וופל קקאו 142 גרם,גרמים,142.00,100 גרם,false,,6.90,0.0486,true,1,223537
8690526019178,false,אי טי אי - וופל קקאו במילוי קרם קוקוס 142 גרם,מולינו ניקולי s.p.a,TR,וופל קוקוס 142 גרם,גרמים,142.00,100 גרם,false,,6.90,0.0486,true,1,223545
8690530016514,false,מפיות סלפאק 2 שכבות 75 יח',,,מפיות סלפאק 75 יחידו,יחידה,0.00,יחידה,false,,7.90,0.0000,true,1,234202
8690530029330,false,מפיות קולקשן מודפס 20 יח' סלפק,,,מפיות סלפאק 3 שכבות,יחידה,0.00,יחידה,false,,6.90,0.0000,true,1,234203
8690530032866,false,מפיות סלפאק קומפורט חד שכבתיות 100,,,מפיות סלפאק קומפורט,יחידה,0.00,יחידה,false,,5.90,0.0000,true,1,241310
8690530032880,false,מפיות סלפאק קומפורט חד שכבתיות 200,,,מפיות סלפאק קומפורט,יחידה,0.00,יחידה,false,,8.90,0.0000,true,1,241311
8690530036444,false,נייר מגבות ג'מבו סלפאק קומפורט 2 שכבות 1=6,,TR,נייר מגבות קומפורט 2,יחידה,0.00,יחידה,false,,10.90,0.0000,true,1,254123
8690530036727,false,ממחטות סלפאק מקסי 3 שכבות 100 יח,איפק קג'יט,TR,סלפאק ממחטות טישו קו,יחידה,100.00,יחידה,false,,6.90,0.0690,true,1,256612
8690530151338,false,ממחטות נייר סלפאק פרמיום קלאסי 10 יח,,,סלפאק ממחטות פרימיום,יחידה,0.00,יחידה,false,,7.90,0.0000,true,1,190201
8690530151345,false,ממחטות נייר סלפאק פרמיום מנטול 10 יח,,,סלפאק ממחטות פרימיום,יחידה,0.00,יחידה,false,,7.90,0.0000,true,1,178943
8690530151352,false,ממחטות נייר סלפאק פרמיום פרחים 10 יח,,,סלפאק ממחטות פרימיום,יחידה,0.00,יחידה,false,,7.90,0.0000,true,1,178944
8690530161320,false,ממחטות נייר סלפאק פרמיום לושיין 10 יח,,,סלפאק ממחטות פרימיום,יחידה,0.00,יחידה,false,,7.90,0.0000,true,1,190202
8690530274471,false,נייר טואלט סלפאק קומפורט 2 שכבות 32 גל,איפק קג'יט,TR,סלפאק נייר טואלט 2 ש,יחידה,32.00,יחידה,false,,36.90,1.1531,true,1,167028
8690530284463,false,נייר טואלט 3 שכבות 32 גלילים סלפאק,איפק קג'יט,TR,סלפאק נייר טואלט 3ש,יחידה,32.00,יחידה,false,,47.90,1.4969,true,1,191841
8690530324930,false,נייר טואלט דו שכבתי 32 גליל SILEN,איפק,TR,סילן נייר טואלט דו-ש,יחידה,32.00,יחידה,false,,32.90,1.0281,true,1,167027
8690530615120,false,נייר מגבת סילאן 2 שכבות 6 יח,,,סילן מגבות מטבח שישי,יחידה,6.00,יחידה,false,,10.90,1.8167,true,1,167029
8690572775288,false,"גליס מרכך סרום שיקום עמוק 400 מ""ל",שוורצקוף Schwarzkopf,TR,גליס מרכך סרום שיקום,מיליליטרים,400.00,"100 מ""ל",false,,15.90,0.0398,true,1,211750
8690572783931,false,"פה - דאודורנט ספריי לגבר אינוויזיבל פאוואר 200 מ""ל",שוורצקופף והנקל,DE,פה דאודורנט ספרייי א,מיליליטרים,200.00,"100 מ""ל",false,,11.90,0.0595,true,1,181650
8690572784303,false,"שוורצקוף גליס שמפו לשיער לאורך מושלם, 400 מ""ל",שוורצקופף והנקל,DE,גליס שמפו לאורך מושל,יחידה,0.00,יחידה,false,,15.90,0.0000,true,1,211819
8690572784327,false,מסכה לשיער ארוך עם קצוות מפוצלים Supreme Length,שוורצקופף והנקל,TR,גליס מסכה לאורך מושל,מיליליטרים,300.00,"100 מ""ל",false,,24.90,0.0830,true,1,212474
8690572786222,false,מרכך גליס Gliss לשיער ארוך Supreme Length,שוורצקופף והנקל,DE,גליס מרכך לאורך מושל,יחידה,0.00,יחידה,false,,15.90,0.0000,true,1,211751
8690572788851,false,"גליס - שמפו ביו טק 400 מ""ל",שוורצקופף והנקל,DE,גליס שמפו ביוטק 400,יחידה,0.00,יחידה,false,,15.90,0.0000,true,1,211820
8690572788912,false,"גליס - ביו טק מרכך 400 מ""ל",שוורצקופף והנקל,TR,גליס מרכך ביוטק 400,יחידה,0.00,יחידה,false,,15.90,0.0000,true,1,211747
8690572799499,false,"סאיוס - מרכך אולאו 500 מ""ל",הנקל סוד,TR,סאיוס מרכך סדרת אולי,מיליליטרים,500.00,"100 מ""ל",false,,12.90,0.0258,true,1,231614
8690572799505,false,סאיוס מרכך לחיזוק שורשי סיב השערה 500 מל,הנקל סוד,TR,סאיוס מרכך סדרת פייב,מיליליטרים,500.00,"100 מ""ל",false,,12.90,0.0258,true,1,231615
8690572799512,false,"מרכך לחיזוק שורשי סיב השערה סאיוס 500מ""ל",הנקל סוד,TR,סאיוס מרכך סדרת קורל,מיליליטרים,500.00,"100 מ""ל",false,,12.90,0.0258,true,1,231616
8690572799529,false,"סאיוס - שמפו קרטין 500 מ""ל",הנקל סוד,TR,סאיוס שמפו סדרת קרטי,מיליליטרים,500.00,"100 מ""ל",false,,12.90,0.0258,true,1,231611
8690572799536,false,"סאיוס שמפו שמני הזנה 500 מ""ל",הנקל סוד,TR,סאיוס שמפו סדרת אולי,מיליליטרים,500.00,"100 מ""ל",false,,12.90,0.0258,true,1,231613
8690572799543,false,סאיוס שמפו לחיזוק שורשי סיב השערה 500 מל,הנקל סוד,TR,סאיוס שמפו סדרת פייב,מיליליטרים,500.00,"100 מ""ל",false,,12.90,0.0258,true,1,231617
8690579991346,false,ברילה ספגטי 500 גרם,,,ברילה ספגטי 500 גרם,גרמים,500.00,100 גרם,false,,5.90,0.0118,true,1,221563
8690612415105,false,"צ'יפס 2.5 ק""ג",,,"צ'יפס 2.5 ק""ג",קילוגרמים,2.50,"ק""ג",false,,36.90,14.7600,true,1,195147
8690612415693,false,"פוטטו 2.5 ק""ג",,,"פוטטו 2.5 ק""ג",קילוגרמים,2.50,"ק""ג",false,,39.90,15.9600,true,1,238023
8690612415822,false,"פוטטו 1 ק""ג",,,"פוטטו 1 ק""ג",גרמים,1000.00,100 גרם,false,,19.90,0.0199,true,1,195141
8690637073373,false,תה ארל גריי בטעם ברגמוט ליפטון 25 שקיקים,יונילוור - תורכיה,TR,תה ארל גריי בטעם ברג,יחידה,25.00,יחידה,false,,8.60,0.3440,true,1,113822
8690637073434,false,תה ליפטון ארל גריי 100 שקיקים,ליפטון Lipton,,תה ליפטון ארל גריי 1,גרמים,200.00,100 גרם,false,,19.90,0.0995,true,1,113823
8690637503856,false,ממרח הלמנס כ- 40% פחות שומן לעומת מיונז,"בסטפוד - 3P ארה""ב Fo",TR,מיונז הלמנס ממרח לחי,גרמים,375.00,100 גרם,false,,15.00,0.0400,true,1,221070
8690637504426,false,"קרם ניקוי סיף בניחוח לימון 500 מ""ל",יונילוור - תורכיה,TR,"סיף קרם לימון 500 מ""",מיליליטרים,500.00,"100 מ""ל",false,,10.90,0.0218,true,1,244685
8690637505607,false,מרכך כביסה מרוכז בדין אקסטרה בניחוח פינוק כחול,יוניליוור סנאיי וי ט,TR,בדין אקסטרא פינוק קל,מיליליטרים,960.00,"100 מ""ל",false,,16.90,0.0176,true,1,240362
8690637505614,false,"מרכך כביסה בדין אקסטרה פינוק קוקוס 960 מ""ל",יוניליוור סנאיי וי ט,TR,בדין אקסטרא פינוק קו,מיליליטרים,960.00,"100 מ""ל",false,,16.90,0.0176,true,1,240363
8690637506956,false,"דאב שמפו נגד קשקשים אלוורה 600 מ""ל",יונילוור - תורכיה,TR,דאב שמפו אלוורה קשקש,מיליליטרים,600.00,"100 מ""ל",false,,18.90,0.0315,true,1,265106
8690637555084,false,מרכך כביסה בדין אקסטרא פריחת תפוז 960 מל,יוניליוור סנאיי וי ט,TR,בדין אקסטרה לבן 960,מיליליטרים,960.00,"100 מ""ל",false,,16.90,0.0176,true,1,113834
8690637688195,false,ליפטון תה ירוק מעטפות קלאסי 30 ג',יונילוור - תורכיה,TR,ליפטון תה ירוק מעטפו,יחידה,20.00,יחידה,false,,16.90,0.8450,true,1,113848
8690637704277,false,"שמפו ומרכך לשיער רגיל 600 מ""ל דאב",יונילוור - תורכיה,TR,דאב שמפו יום יומי 2ב,מיליליטרים,600.00,"100 מ""ל",false,,18.90,0.0315,true,1,113852
8690637704291,false,שמפו לשיקום אינטנסיבי לשיער פגום,יוניליוור טורקיה. אז,TR,"דאב שמפו משקם 600 מ""",מיליליטרים,600.00,"100 מ""ל",false,,18.90,0.0315,true,1,113853
8690637704376,false,שמפו יום יומי לשיער רגיל,יוניליוור טורקיה. אז,TR,דאב שמפו יום יומי 60,מיליליטרים,600.00,"100 מ""ל",false,,18.90,0.0315,true,1,113854
8690637704390,false,"מרכך לשיער רגיל 600 מ""ל דאב",יוניליוור טורקיה. אז,TR,דאב מרכך יום יומי 60,מיליליטרים,600.00,"100 מ""ל",false,,18.90,0.0315,true,1,113855
8690637704413,false,מרכך לשיקום אינטנסיבי לשיער פגום,יוניליוור טורקיה. אז,TR,"דאב מרכך משקם 600 מ""",מיליליטרים,600.00,"100 מ""ל",false,,18.90,0.0315,true,1,113856
8690637704451,false,מרכך עם שמני הזנה לטיפוח לשיער יבש,יוניליוור טורקיה. אז,TR,דאב מרכך שמני הזנה 6,מיליליטרים,600.00,"100 מ""ל",false,,18.90,0.0315,true,1,113858
8690637799594,false,תה ירוק ליפטון נענע בסגנון מרוקאי 20יח',בסן בסין סנאיי וי טי,TR,ליפטון תה ירוק נענע,יחידה,0.00,יחידה,false,,19.00,0.0000,true,1,163891
8690637835643,false,"תה ירוק לימונית ולאויזה 30 גרם ""ליפטון""",יונילוור - תורכיה,TR,ליפטון תה ירוק לואיז,יחידה,0.00,יחידה,false,,16.90,0.0000,true,1,175126
8690637842399,false,מאגדת מגנום מיני דאבל פרי יער שוקולד 6 יח' נסטלה,יוניליוור סנאי וי סי,TR,מיני מגנום דאבל שוקו,יחידה,0.00,יחידה,false,,26.90,0.0000,true,1,182181
8690637858734,false,ג'ל לניקוי כללי בתוספת אקונומיקה בניחוח לימון,סיף פנטסטיק Cif Fantastic,IL,סיף ג'ל אקונומיקה לי,מיליליטרים,750.00,"100 מ""ל",false,,12.90,0.0172,true,1,184417
8690637858741,false,ג'ל לניקוי כללי בתוספת אקונומיקה בניחוח רוח ים,סיף פנטסטיק Cif Fantastic,IL,סיף גל אקונומיקה רוח,מיליליטרים,750.00,"100 מ""ל",false,,12.90,0.0172,true,1,184418
8690637858758,false,ג'ל לניקוי כללי בתוספת אקונומיקה בניחוח אורנים,סיף פנטסטיק Cif Fantastic,IL,סיף ג'ל אקונומיקה או,מיליליטרים,750.00,"100 מ""ל",false,,12.90,0.0172,true,1,184411
8690637865589,false,דאב תחליב רחצה לידיים 500 מלפפונים ותה י,General,TR,דאב תרחיץ ידיים בניח,מיליליטרים,500.00,"100 מ""ל",false,,16.90,0.0338,true,1,195643
8690637865596,false,תחליב רחצה לניקוי וטיפוח עור הידיים,קוסטר אירוסול ולף סנ,TR,דאב תרחיץ ידיים 500,מיליליטרים,500.00,"100 מ""ל",false,,16.90,0.0338,true,1,195642
8690637866654,false,תה ירוק קלאסי ליפטון 50 שקיקים 75ג',ליפטון,TR,קלאסי תה ירוק 75 גרם,יחידה,0.00,יחידה,false,,29.90,0.0000,true,1,220426
8690637871047,false,דאב שמפו בתוספת שמן קוקוס וכורכום 600 מל,יונילוור - תורכיה,TR,דאב שמפו קוקוס 600 מ,מיליליטרים,600.00,"100 מ""ל",false,,18.90,0.0315,true,1,257156
8690637871061,false,"דאב שמפו שמן אבוקדו ותמצית קלנדולה 600 מ""ל",יונילוור - תורכיה,TR,דאב שמפו אבוקדו600,מיליליטרים,600.00,"100 מ""ל",false,,18.90,0.0315,true,1,187160
8690637871108,false,הלמנ'ס ממרח חרדל 250 גרם,יוניליוור,TR,הלמנס חרדל 250 גרם,גרמים,250.00,100 גרם,false,,14.90,0.0596,true,1,198956
8690637871245,false,הלמנס מיונז אמיתי 395 גר' בקבוק לחיץ.,"בסטפוד - 3P ארה""ב Fo",TR,הלמנס לחיץ מיונז 375,גרמים,375.00,100 גרם,false,,15.00,0.0400,true,1,197036
8690637890666,false,מאגדת מגנום מיני דאבל פיסטוק 6 יח' שטראוס,יוניליוור סנאיי וי ט,TR,מיני מגנום דאבל פיסט,יחידה,0.00,יחידה,false,,26.90,0.0000,true,1,195779
8690637916977,false,מרכך עם שמן קוקוס וכורכום למראה שיער משוקם,יונילוור - תורכיה,TR,דאב מרכך קוקוס 600 מ,מיליליטרים,600.00,"100 מ""ל",false,,18.90,0.0315,true,1,257157
8690637916991,false,מרכך דאב עם שמן אבוקדו ותמצית קלנדולה600,יונילוור - תורכיה,TR,דאב מרכך עם שמן אבוק,מיליליטרים,600.00,"100 מ""ל",false,,18.90,0.0315,true,1,198045
8690637946301,false,"בדין - מרכך כביסה אקסטרא בייביי כחול 960 מ""ל",יוניליוור סנאיי וי ט,TR,בדין אקסטרה בייבי כח,מיליליטרים,960.00,"100 מ""ל",false,,16.90,0.0176,true,1,208179
8690637946318,false,מרכך כביסה אקסטרה בייבי היפואלרגני בריח טלק,יוניליוור סנאיי וי ט,IL,בדין אקסטרא בייבי צה,מיליליטרים,960.00,"100 מ""ל",false,,16.90,0.0176,true,1,208180
8690637971310,false,"מרכך כביסה אקסטרה בניחוח יערת הדבש 960 מ""ל בדין",יוניליוור סנאיי וי ט,TR,בדין אקסטרא יערת הד,מיליליטרים,960.00,"100 מ""ל",false,,16.90,0.0176,true,1,217365
8690637976995,false,"בדין - מרכך כביסה אקסטרא ורוד סחלבים פראי 960 מ""ל",יוניליוור סנאיי וי ט,TR,בדין אקסטרא ורוד- 96,מיליליטרים,960.00,"100 מ""ל",false,,16.90,0.0176,true,1,217366
8690637977794,false,תחליב רחצה לידיים בניחוח חמאת שיאה ווניל,קוסטר אירוסול ולף סנ,TR,דאב תרחיץ ידיים 500,מיליליטרים,500.00,"100 מ""ל",false,,16.90,0.0338,true,1,221320
8690637994029,false,מרכך כביסה אקסטרה בניחוח סחלבים פראי,בדין,TR,בדין אקסטרה ורוד 1.4,יחידה,0.00,יחידה,false,,19.90,0.0000,true,1,232035
8690637994036,false,מרכך כביסה אקסטרה בניחוח יסמין מרענן,בדין,TR,בדין אקסטרה כחול 1.4,יחידה,0.00,יחידה,false,,19.90,0.0000,true,1,232036
8690766156374,false,שוקולד גודייבה מריר 72% מוצרי קקאו 90 גר,"אולקר מקבוצת פלאדיס,",TR,שוקולד מריר 72% 90 ג,יחידה,0.00,יחידה,false,,15.90,0.0000,true,1,203557
8690766156381,false,גודייבה שוקולד מריר 90% מוצקי קקאו 90 גרם,"אולקר מקבוצת פלאדיס,",TR,טבלת שוקולד מריר 90%,יחידה,0.00,יחידה,false,,15.90,0.0000,true,1,203558
8690766156411,false,שוקולד מריר מעולה בטעם פלפל ורוד עם חתיכות תות מסוכר 90 גרם,"אולקר מקבוצת פלאדיס,",TR,טבלת שוקולד מריר עם,יחידה,0.00,יחידה,false,,15.90,0.0000,true,1,203561
8690771130109,false,מלח 500 גרם,,,מלח 500 גרם,יחידה,0.00,יחידה,false,,4.90,0.0000,true,1,238720
8690777202015,false,ירקות כבושים מעורבים סארה 700גרם,וילי פוד,TR,ירקות כבושים מעורבים,גרמים,700.00,100 גרם,false,,13.90,0.0199,true,1,106715
8690777203012,false,פלפלים ירוקים כבושים לא חריפים וילי פוד 600 גרם,יוליניבר,TR,פלפל ירוק כבוש לא חר,גרמים,600.00,100 גרם,false,,13.90,0.0232,true,1,106716
8690777204071,false,פלפלים כבושים חריפים סרה 320 גרם,יוליניבר,TR,פלפל חריף 640 גר ויל,גרמים,640.00,100 גרם,false,,13.90,0.0217,true,1,106717
8690777206051,false,חצילים קלויים על האש סארה 650 גר',קוראהן פזלרמה וי דיס,TR,חציל קלוי על האש 650,גרמים,650.00,100 גרם,false,,13.90,0.0214,true,1,106719
8690777221405,false,פלפל אדום קלויים על האש 650 גרם SERA,קוראהן פזלרמה וי דיס,TR,פלפל אדום קלוי על הא,גרמים,650.00,100 גרם,false,,13.90,0.0214,true,1,106720
8690784611442,false,סבון מוצק לניקוי אסלה בניחוח הדרים בתוספת אקונומיקה,דאופלור אס פי אי כונ,PL,דאק סבון אקטיבי לניק,יחידה,0.00,יחידה,false,,6.90,0.0000,true,1,203088
8690784614665,false,סבון דאק לניקוי אסלה בניחוח ים נתלה,דאופלור אס.פי.אי כונ,PL,דאק סבון אקטיבי לניק,יחידה,0.00,יחידה,false,,6.90,0.0000,true,1,195244
8690784616775,false,סבון מוצק לאסלה דאק אקווה בלו 4 ב-1 80 ג,טואלט דאק (ג'ונסון),RS,דאק סבון מוצק אקווה,יחידה,0.00,יחידה,false,,9.90,0.0000,true,1,191675
8690784711777,false,דאק סבון אקטיבי בתוספת אקונומיקה מקציפה בניחוח ים,דאופלור אס.פי.אי כונ,IT,דאק סבון אקטיבי לניק,יחידה,0.00,יחידה,false,,6.90,0.0000,true,1,198882
8691058141788,false,"שישיית משקה בטעם רימונים 200 מ""ל סירמה",,,סירמה טעם רימונים 20,מיליליטרים,200.00,"100 מ""ל",false,,9.90,0.0495,true,1,243344
8691058145144,false,מים סירמה קטן 1/12,,,מים סירמה קטן 1/12,יחידה,0.00,יחידה,false,,11.90,0.0000,true,1,206717
8691066106014,false,גלילי וופל במילוי שוקולד גרייב 24 יח' TIME,,,מארז חטיפי קרפ 24 יח,יחידה,24.00,יחידה,false,,23.00,0.9583,true,1,134406
8691066111124,false,וופלים ממולאים קרם קקאו ואגוזים 24 יח' SUPERROOL,,,חטיפי סופר רול 24 יח,יחידה,24.00,יחידה,false,,19.90,0.8292,true,1,134408
8691066111612,false,קופסה גלילי וופל במילוי קרם אגוזים וקקאו 400 ג' TIME,,,ביסקוויט רול 400 גר,גרמים,400.00,100 גרם,false,,15.90,0.0398,true,1,134409
8691066112442,false,חטיף מיני האי האי 24 יח',,TR,חטיפי האי האי 24 יח',יחידה,24.00,יחידה,false,,9.90,0.4125,true,1,134412
8691066234625,false,מיני ביסקוויט סנדוויץ מילוי וניל 24 יח' HEYO,,TR,ביסקוויט סנדוויץ במי,יחידה,0.00,יחידה,false,,9.90,0.0000,true,1,173661
8691066525020,false,מיני וופל במילוי קרם בטעם שוקולד 24 יח' gofrette,,TR,וופל במילוי קרם בטעם,יחידה,0.00,יחידה,false,,9.90,0.0000,true,1,173659
8691066534923,false,וופלים במילוי קרם בטעם חמאת בוטנים 800 ג' waw,,,וופלים במילוי קרם בט,גרמים,800.00,100 גרם,false,,16.90,0.0211,true,1,265223
8691066535029,false,וופל במילוי קרם בטעם שוקולד 800 ג' WAW,,,וופל במילוי קרם בטעם,גרמים,800.00,100 גרם,false,,16.90,0.0211,true,1,172051
8691066535234,false,וופל במילוי קרם בטעם שוקולד 165 ג' WAW,,TR,וופל במילוי קרם בטעם,גרמים,165.00,100 גרם,false,,4.90,0.0297,true,1,246941
8691066564029,false,ביסקוויט קוקוס 24 יח' GOFRET,,TR,מיני גופרת ציפוי אגו,יחידה,0.00,יחידה,false,,9.90,0.0000,true,1,191198
8691066572024,false,וופל במילוי קרם ובציפוי שוקלד חלב 24 יח' BRITTLE,,,פריתל-וופל במילוי קר,יחידה,0.00,יחידה,false,,24.90,0.0000,true,1,201057
8691707036014,false,ממתק אוזמו ביצת הפתע,,,אוזמו ביצים 20 גרם,יחידה,0.00,יחידה,false,,2.90,0.0000,true,1,198604
8691707066035,false,אוזמו בורגר ביסקוויט,,,אוזמו בורגיר 40 גרם,יחידה,0.00,יחידה,false,,2.50,0.0000,true,1,223434
8691707087962,false,אוזמו דובי על מקל 23,,,אוזמו בובה,יחידה,0.00,יחידה,false,,2.90,0.0000,true,1,205107
8691707088006,false,ממתק אוזמו גו 30 גר,,,אוזמו גו 30 גרם 4*20,יחידה,0.00,יחידה,false,,3.90,0.0000,true,1,210635
8691707090122,false,אוזמו טילון 4 קופסאו,,,אוזמו טילון 4 קופסאו,יחידה,0.00,יחידה,false,,2.90,0.0000,true,1,222397
8691707096476,false,ביסקולטה טריא אגוזים 100 ג',,,ביסקולטה טריא אגוזים,גרמים,100.00,100 גרם,false,,8.90,0.0890,true,1,192138
8691707140117,false,אוזמו הוקסי פוקסי 36ג',,,אוזמו הוקסי פוקסי 36,יחידה,0.00,יחידה,false,,2.90,0.0000,true,1,197573
8691707190471,false,אוזמו ספייס כדורים 3,,,אוזמו ספייס כדורים 3,גרמים,325.00,100 גרם,false,,10.90,0.0335,true,1,192117
8691707190495,false,אוזמו ספייס פתיתים 325ג',,,אוזמו ספייס פתיתים 3,גרמים,325.00,100 גרם,false,,10.90,0.0335,true,1,223486
8691707190792,false,אוזמו אוגובוגו ששיה 6*16 ג',,,אוזמו אוגובוגו שישיי,יחידה,0.00,יחידה,false,,6.90,0.0000,true,1,260377
8691707197449,false,ממתק ביסקולטה טריו 2,,,ביסקולטה טריו 24 יח',יחידה,0.00,יחידה,false,,27.90,0.0000,true,1,210751
8691707590042,false,אוזמו טילון רביעייה,,,אוזמו טילון,יחידה,0.00,יחידה,false,,6.90,0.0000,true,1,192154
8691913100424,false,HOUSE PLUS קרש גיהוץ,DOGRULAR,,HOUSE PLUS קרש גיהוץ,יחידה,0.00,יחידה,false,,119.90,0.0000,true,1,254905
8691913150238,false,HOUSE PLUS קרש גיהוץ,DOGRULAR,,HOUSE PLUS קרש גיהוץ,יחידה,0.00,יחידה,false,,199.90,0.0000,true,1,255890
8693323042028,false,מרשמלו יוגטה משפחתי מגולגל ענק 432ג,יוגוטה,,יוגטה מרשמלו מגולגל,גרמים,432.00,100 גרם,false,,20.00,0.0463,true,1,115638
8693323085100,false,גומי יוגטה שטיחים חמוצים טעם פירות 100 ג,יוגטה yogueta,TR,יוגטה שטיחים חמוצים,גרמים,100.00,100 גרם,false,,4.90,0.0490,true,1,187429
8693323099107,false,מרשמלו לבבות בטעם תות ווניל,ליימן שליסל,TR,יוגטה מרשמלו לבבות 1,גרמים,150.00,100 גרם,false,,6.90,0.0460,true,1,178778
8693357086692,false,כלי אחסון לחמאה 17*1,PASABACHE,,כלי אחסון לחמאה 17*1,יחידה,0.00,יחידה,false,,24.90,0.0000,true,1,209569
8693357090736,false,סט 6 כוסות ליין פאסא,PASABACHE,,סט 6 כוסות ליין פאסא,יחידה,0.00,יחידה,false,,59.90,0.0000,true,1,260671
8693357091641,false,זוג בקבוקי שמן זכוכי,PASABACHE,,זוג בקבוקי שמן זכוכי,יחידה,0.00,יחידה,false,,21.90,0.0000,true,1,260673
8693357111844,false,סט 3 כוסות 290 קארה,PASABACHE,,פסבצ'ה סט 3 כוסות,יחידה,0.00,יחידה,false,,24.90,0.0000,true,1,260675
8693357167896,false,"קנקן זכוכית 350 מ""ל",PASABACHE,,"קנקן זכוכית 350 מ""ל",יחידה,0.00,יחידה,false,,12.90,0.0000,true,1,269061
8693357192423,false,תבנית פיירקס עגול פא,PASABACHE,,תבנית פיירקס עגול פא,יחידה,0.00,יחידה,false,,39.90,0.0000,true,1,269077
8693357192829,false,תבנית פיירקס מרובעת,PASABACHE,,תבנית פיירקס מרובעת,יחידה,0.00,יחידה,false,,39.90,0.0000,true,1,269062
8693357282599,false,סט 2 כוסות פאסאבצה,PASABACHE,,סט 2 כוסות פאסאבצה,יחידה,0.00,יחידה,false,,24.90,0.0000,true,1,270098
8693357333444,false,פסבצ'ה סט 12 כוסות ז,PASABACHE,,פסבצ'ה סט 12 כוסות ז,יחידה,0.00,יחידה,false,,24.90,0.0000,true,1,260684
8693357339279,false,פסבצה קנקן זכוכית עם,PASABACHE,,פסבצה קנקן זכוכית עם,יחידה,0.00,יחידה,false,,24.90,0.0000,true,1,254217
8693357342491,false,ספל לקפה עם ידית פאס,PASABACHE,,ספל לקפה עם ידית פאס,יחידה,0.00,יחידה,false,,5.90,0.0000,true,1,269081
8693357368378,false,זוג בקבוקי שמן מרובע,PASABACHE,,זוג בקבוקי שמן מרובע,יחידה,0.00,יחידה,false,,29.90,0.0000,true,1,211853
8693357371842,false,פסבצ'ה צלחת זכוכית ג,PASABACHE,,פסבצ'ה צלחת זכוכית ג,יחידה,0.00,יחידה,false,,29.90,0.0000,true,1,260686
8693357383739,false,סט קערות פאסאבצה,PASABACHE,,סט קערות פאסאבצה,יחידה,0.00,יחידה,false,,7.90,0.0000,true,1,269082
8693357383777,false,סט קערות פאסאבצה,PASABACHE,,סט קערות פאסאבצה,יחידה,0.00,יחידה,false,,7.90,0.0000,true,1,270168
8693357423336,false,פסבצ'ה סט 2 גביעי גל,PASABACHE,,פסבצ'ה סט 2 גביעי גל,יחידה,0.00,יחידה,false,,19.90,0.0000,true,1,260687
8693357430983,false,*מבצע* פסבצ'ה סט 4 כ,PASABACHE,,*מבצע* פסבצ'ה סט 4 כ,יחידה,0.00,יחידה,false,,29.90,0.0000,true,1,260688
8693357435742,false,פסבצ'ה קנקן זכוכית מ,PASABACHE,,פסבצ'ה קנקן זכוכית מ,יחידה,0.00,יחידה,false,,26.90,0.0000,true,1,254218
8693357490017,false,פסבצ'ה קנקן זכוכית ע,PASABACHE,,פסבצ'ה קנקן זכוכית ע,יחידה,0.00,יחידה,false,,29.90,0.0000,true,1,224540
8693357493520,false,פסבצ'ה סט 4 קופסאות,PASABACHE,,פסבצ'ה סט 4 קופסאות,יחידה,0.00,יחידה,false,,24.90,0.0000,true,1,260692
8693357506336,false,פסבצ'ה קערת זכוכית ע,PASABACHE,,פסבצ'ה קערת זכוכית ע,יחידה,0.00,יחידה,false,,14.90,0.0000,true,1,261736
8693357507197,false,פסבצ'ה כיסוי עוגה זכ,PASABACHE,,פסבצ'ה כיסוי עוגה זכ,יחידה,0.00,יחידה,false,,39.90,0.0000,true,1,260694
8693357512955,false,פסבצה קנקן זכוכית,PASABACHE,,פסבצה קנקן זכוכית,יחידה,0.00,יחידה,false,,29.90,0.0000,true,1,254222
8693357537132,false,סט 6 כוסות זכוכית פא,PASABACHE,,סט 6 כוסות זכוכית פא,יחידה,0.00,יחידה,false,,14.90,0.0000,true,1,254215
8693357537415,false,סט 6 כוסות זכוכית פא,PASABACHE,,סט 6 כוסות זכוכית פא,יחידה,0.00,יחידה,false,,12.90,0.0000,true,1,254216
8693357540019,false,סט 6 כוסות אמורה קרי,PASABACHE,,סט 6 כוסות אמורה קרי,יחידה,0.00,יחידה,false,,59.90,0.0000,true,1,269068
8693357541085,false,PASABACHE כוסות קפה,PASABACHE,,PASABACHE כוסות קפה,יחידה,0.00,יחידה,false,,24.90,0.0000,true,1,254442
8693395005136,false,תבנית שושברק פלסטיק,,,תבנית שושברק פלסטיק,יחידה,0.00,יחידה,false,,7.90,0.0000,true,1,259335
8693495037853,false,מברשת שיניים סלים סופט קולגייט 2 יחידות,הנסיך- מפעל לייצור ט,CN,קולגייט מברשות סלים,יחידה,2.00,יחידה,false,,29.90,14.9500,true,1,125298
8693495041461,false,קולגייט זוג מברשות שיניים סלים סופט פחם,הנסיך- מפעל לייצור ט,CN,קולגייט מברשת סלים ס,יחידה,2.00,יחידה,false,,29.90,14.9500,true,1,125303
8693495050333,false,"פלמוליב סבון נוזלי לגבר לימון ירוק 500 מ""ל",פלמוליב Palmolive,TR,פלמוליב סבון נוזלי ל,מיליליטרים,500.00,"100 מ""ל",false,,15.90,0.0318,true,1,174658
8693495051002,false,קולגייט מברשת שיניים מיניונים 6+ לילדים,קולגייט Colgate,CN,קולגייט מברשת ילדים,יחידה,1.00,יחידה,false,,13.90,13.9000,true,1,175708
8693495051255,false,מברשת שיניים סלים סופט זהב קולגייט זוג,קולגייט - פלמוליב,CN,קולגייט מברשת סלים ס,יחידה,2.00,יחידה,false,,29.90,14.9500,true,1,177473
8693495052177,false,פלמוליב ס.נוזלי זיתים 750 מל משאבה,קולגייט פלמוליב,TR,"פלמוליב זיתים 750 מ""",מיליליטרים,750.00,"100 מ""ל",false,,19.90,0.0265,true,1,179170
8693495054058,false,סבון נוזלי פלמוליב לומינוס עם תמציות שמן מקדמיה,קולגייט פלמוליב,TR,פלמוליב סבון לומינוס,מיליליטרים,750.00,"100 מ""ל",false,,19.90,0.0265,true,1,245379
8693855000640,false,פרשר משקה בטעם תות 2,,,פרשר משקה בטעם תות 2,מיליליטרים,250.00,"100 מ""ל",false,,5.00,0.0200,true,1,207500
8693855000657,false,"פרישר תות 200מ""ל מארז שישייה",,,פרשר בטעם תות שישייה,מיליליטרים,200.00,"100 מ""ל",false,,12.90,0.0645,true,1,207482
8693855004433,false,"פרישר סודה מארז שישיה * 200 מ""ל",,,פרישר סודה שישייה 20,מיליליטרים,200.00,"100 מ""ל",false,,12.90,0.0645,true,1,203374
8693855006451,false,"פרישר תפוח 200 מ""ל מארז שישייה",,,פרשר בטעם תפוח שישיי,מיליליטרים,200.00,"100 מ""ל",false,,12.90,0.0645,true,1,210740
8693855006635,false,"פרישר מנטה 200 מ""ל מארז שישייה",,,שישיית פרישר מנטה 20,מיליליטרים,200.00,"100 מ""ל",false,,12.90,0.0645,true,1,210452
8693855007113,false,"פרישר אננס 200 מ""ל מארז שישייה",,,שישיית פרישר אננס 20,מיליליטרים,200.00,"100 מ""ל",false,,12.90,0.0645,true,1,210448
8693855007175,false,"פרישר מילון בננה 200 מ""ל מארז שישייה",,,פרישר לימון שישייה 2,מיליליטרים,200.00,"100 מ""ל",false,,12.90,0.0645,true,1,215366
8693855111117,false,פרישר סודה בודד,,,פרישר סודה בודד,יחידה,0.00,יחידה,false,,3.90,0.0000,true,1,203375
8696219000645,false,ארגונית סכום תכלת,IRAK PLASTIC,,ארגונית סכום תכלת,יחידה,0.00,יחידה,false,,24.90,0.0000,true,1,256589
8696219000669,false,מעמד סכום,IRAK PLASTIC,,מעמד סכום,יחידה,1.00,יחידה,false,,10.00,10.0000,true,1,261347
8696219004049,false,פח אשפה אפור 26 ליטר,IRAK PLASTIC,,פח אשפה אפור 26 ליטר,יחידה,0.00,יחידה,false,,39.90,0.0000,true,1,261348
8696219004056,false,פח אשפה אפור 11.25 ל,IRAK PLASTIC,,פח אשפה אפור 11.25 ל,יחידה,0.00,יחידה,false,,24.90,0.0000,true,1,260947
8696219005282,false,קנקן מים עם ממכסה צה,IRAK PLASTIC,,קנקן מים עם ממכסה צה,יחידה,0.00,יחידה,false,,12.90,0.0000,true,1,261350
8696219328244,false,ראש מטאטא צהוב לבן,IRAK PLASTIC,,ראש מטאטא צהוב לבן,יחידה,0.00,יחידה,false,,14.90,0.0000,true,1,260946
8696219340826,false,קופסת אחסון 1.2 ליטר,IRAK PLASTIC,,קופסת אחסון 1.2 ליטר,יחידה,0.00,יחידה,false,,8.90,0.0000,true,1,260249
8696219340840,false,קופסת אחסון מלבנית 2,IRAK PLASTIC,,קופסת אחסון מלבנית 2,יחידה,0.00,יחידה,false,,10.00,0.0000,true,1,260250
8696219344107,false,קופסת אחסון 0.6 ליטר,IRAK PLASTIC,,קופסת אחסון 0.6 ליטר,יחידה,0.00,יחידה,false,,7.90,0.0000,true,1,260248
8696219345067,false,קופסאת 4 מגירות,IRAK PLASTIC,,קופסאת 4 מגירות,יחידה,0.00,יחידה,false,,39.90,0.0000,true,1,260920
8696219352454,false,סט מטאטא עם יעה חום,IRAK PLASTIC,,סט מטאטא עם יעה חום,יחידה,0.00,יחידה,false,,29.90,0.0000,true,1,261005
8696219356636,false,מכסה פלסטיק קטן למיק,IRAK PLASTIC,,מכסה פלסטיק קטן למיק,יחידה,0.00,יחידה,false,,12.90,0.0000,true,1,260372
8696219359033,false,*מבצע* סל דמוי קש 2.,IRAK PLASTIC,,*מבצע* סל דמוי קש 2.,יחידה,0.00,יחידה,false,,10.00,0.0000,true,1,260927
8696219360923,false,קופסת אחסון 1.7 ליטר,IRAK PLASTIC,,קופסת אחסון 1.7 ליטר,יחידה,0.00,יחידה,false,,8.90,0.0000,true,1,261364
8696219361104,false,קופסת אוכל מחולקת 0.,IRAK PLASTIC,,קופסת אוכל מחולקת 0.,יחידה,0.00,יחידה,false,,8.90,0.0000,true,1,261366
8696219363627,false,קופסת אכסון עגולה 0.,IRAK PLASTIC,,קופסת אכסון עגולה 0.,יחידה,0.00,יחידה,false,,6.90,0.0000,true,1,196870
8696219363726,false,סט 4 יח' קופסאות איח,IRAK PLASTIC,,סט 4 קופסאות אחסון,יחידה,0.00,יחידה,false,,29.90,0.0000,true,1,261367
8696219364242,false,סט 3 צנצנות הברגה הר,IRAK PLASTIC,,סט 3 קופסאות עגולות,יחידה,0.00,יחידה,false,,14.90,0.0000,true,1,261369
8696219364945,false,קופסת אכסון מחולקת ל,IRAK PLASTIC,,קופסת אכסון מחולקת ל,יחידה,0.00,יחידה,false,,16.90,0.0000,true,1,256590
8696219365829,false,קופסת אחסון עם ידית,IRAK PLASTIC,,קופסת אחסון עם ידית,יחידה,0.00,יחידה,false,,14.90,0.0000,true,1,260252
8696219365911,false,קופסת אחסון עם ידית,IRAK PLASTIC,,קופסת אחסון עם ידית,יחידה,0.00,יחידה,false,,12.90,0.0000,true,1,260251
8696219366420,false,קנקן + 4 כסות,IRAK PLASTIC,,קנקן + 4 כסות,יחידה,0.00,יחידה,false,,14.90,0.0000,true,1,232464
8696219366963,false,תבנית קרח ורוד עם מכ,,,תבנית קרח ורוד עם מכ,יחידה,0.00,יחידה,false,,10.00,0.0000,true,1,261392
8696219371776,false,מסננת די רב תכליתית,IRAK PLASTIC,,מסננת די רב תכליתית,יחידה,0.00,יחידה,false,,12.90,0.0000,true,1,234477
8696219376337,false,MICROBOX SET,IRAK PLASTIC,,MICROBOX SET,יחידה,0.00,יחידה,false,,14.90,0.0000,true,1,260373
8696219381690,false,קופסא עגולה עם מסננת,IRAK PLASTIC,,קופסא עגולה עם מסננת,יחידה,0.00,יחידה,false,,24.90,0.0000,true,1,261381
8696219382444,false,מסחטת הדרים 0.25 ליט,IRAK PLASTIC,,מסחטת הדרים 0.25 ליט,יחידה,0.00,יחידה,false,,7.90,0.0000,true,1,234478
8696219382482,false,ארגונית סכום כפול,IRAK PLASTIC,,ארגונית סכום כפול,יחידה,0.00,יחידה,false,,14.90,0.0000,true,1,263592
8696219394140,false,קרש חיתוך הבצורת תפו,IRAK PLASTIC,,קרש חיתוך הבצורת תפו,יחידה,0.00,יחידה,false,,16.90,0.0000,true,1,261383
8696219394287,false,קופסאת אוכל 3 חלקים,IRAK PLASTIC,,קופסאת אוכל 3 חלקים,יחידה,0.00,יחידה,false,,12.90,0.0000,true,1,260915
8696219402463,false,*מבצע* סלסלה אטבים ס,IRAK PLASTIC,,*מבצע* סלסלה אטבים ס,יחידה,0.00,יחידה,false,,10.00,0.0000,true,1,262045
8696219402517,false,סל פיקניק 25 ליטר,IRAK PLASTIC,,סל פיקניק 25 ליטר,יחידה,0.00,יחידה,false,,39.90,0.0000,true,1,262042
8696219402531,false,מתקן סבון 3 ליטר תכל,IRAK PLASTIC,,מתקן סבון 3 ליטר תכל,יחידה,0.00,יחידה,false,,12.90,0.0000,true,1,260932
8696219404979,false,סלסלת אחסון לבנה עם,IRAK PLASTIC,,סלסלת אחסון לבנה עם,יחידה,0.00,יחידה,false,,14.90,0.0000,true,1,233658
8696219408212,false,מיכל אחסון עמוק,IRAK PLASTIC,,מיכל אחסון עמוק,יחידה,1.00,יחידה,false,,10.00,10.0000,true,1,262790
8696219408533,false,תבנית קרח עיגולים בל,IRAK PLASTIC,,תבנית קרח עיגולים בל,יחידה,0.00,יחידה,false,,7.90,0.0000,true,1,209239
8696219408823,false,מעמד קיסמי אוזניים,IRAK PLASTIC,,מעמד קיסמי אוזניים,יחידה,0.00,יחידה,false,,12.90,0.0000,true,1,260928
8696219410536,false,כוס לקפה,IRAK PLASTIC,,כוס לקפה,יחידה,0.00,יחידה,false,,5.90,0.0000,true,1,260874
8696219410598,false,מיכל אחסון עוגות 5.7,IRAK PLASTIC,,מיכל אחסון עוגות 5.7,יחידה,0.00,יחידה,false,,19.90,0.0000,true,1,260370
8696219414206,false,שטיחון חיות מחמד אפו,IRAK PLASTIC,,שטיחון חיות מחמד אפו,יחידה,0.00,יחידה,false,,14.90,0.0000,true,1,261963
8696219414626,false,פח אחסון אוכל 5.8 לי,IRAK PLASTIC,,פח אחסון אוכל 5.8 לי,יחידה,0.00,יחידה,false,,24.90,0.0000,true,1,262053
8696219415289,false,אסלת חתול פתוחה (ללא,IRAK PLASTIC,,אסלת חתול פתוחה (ללא,יחידה,0.00,יחידה,false,,49.90,0.0000,true,1,262156
8696219415487,false,מסננת עם ידית מתקפלת,IRAK PLASTIC,,מסננת עם ידית מתקפלת,יחידה,0.00,יחידה,false,,6.90,0.0000,true,1,256600
8696219416484,false,כף אוכל לכלבים מסננת,IRAK PLASTIC,,כף אוכל לכלבים מסננת,יחידה,0.00,יחידה,false,,5.90,0.0000,true,1,262052
8696219416835,false,כלוב חיות מחמד סגול,IRAK PLASTIC,,כלוב חיות מחמד סגול,יחידה,0.00,יחידה,false,,39.90,0.0000,true,1,263119
8696219419003,false,*מבצע* מייבש חסה 4.7,IRAK PLASTIC,,*מבצע* מייבש חסה 4.7,יחידה,0.00,יחידה,false,,29.90,0.0000,true,1,262364
8696236583442,false,PERILLA מתקן לייבוש,DOGRULAR,,PERILLA מתקן לייבוש,יחידה,0.00,יחידה,false,,129.90,0.0000,true,1,255894
8697040108975,false,אסותא סבון נוזלי להיגיינה אישית 1/12,,TR,אסותא סבון נוזלי להי,יחידה,0.00,יחידה,false,,9.90,0.0000,true,1,167189
8697040108982,false,אסותא סבון נוזלי לש.אינטמ,,TR,אסותא סבון נוזלי נשי,יחידה,0.00,יחידה,false,,9.90,0.0000,true,1,167190
8697040109859,false,אסותא סבון נוזלי משא,,IL,אסותא ס.נ 1 ליטר משא,יחידה,0.00,יחידה,false,,9.90,0.0000,true,1,217386
8697040109866,false,אסותא סבון נוזלי משא,,IL,אסותא ס.נ 1 ליטר משא,יחידה,0.00,יחידה,false,,9.90,0.0000,true,1,217387
8697040109958,false,שמפו לשיער רגיל אסות,,,אסותא שמפו לשיער רגי,יחידה,0.00,יחידה,false,,9.90,0.0000,true,1,241251
8697040109996,false,שמפו אלוורה אסותא 70,,,אסותא שמפו אלוורה 70,יחידה,0.00,יחידה,false,,9.90,0.0000,true,1,241255
8697040110077,false,מרכך לשיער רגיל אסות,,,אסותא מרכך לשיער רגי,יחידה,0.00,יחידה,false,,9.90,0.0000,true,1,241324
8697402645056,false,מלפפונים כבושים במי,,,מלפפונים כבושים במי,גרמים,1250.00,100 גרם,false,,15.90,0.0127,true,1,229618
8697402645223,false,מלפפונים קורישונים כבושים במי מלח 680 ג',,,מלפפונים קורישונים כ,גרמים,680.00,100 גרם,false,,6.90,0.0101,true,1,229537
8697402645230,false,ירקות כבושים מעורבים 680 ג',,,ירקות כבושים מעורבים,גרמים,680.00,100 גרם,false,,6.90,0.0101,true,1,229538
8697402645292,false,מלפפונים כבושים במי מלח 680 ג',,,מלפפונים כבושים במי,גרמים,680.00,100 גרם,false,,9.90,0.0146,true,1,229621
8697402645339,false,רוטב תיבול חריף עם פ,,,רוטב תיבול חריף עם פ,גרמים,680.00,100 גרם,false,,9.90,0.0146,true,1,229622
8697402647326,false,שיני שום במי מלח 360 ג',,,שיני שום במי מלח 360,גרמים,360.00,100 גרם,false,,11.90,0.0331,true,1,229542
8697402647333,false,פלפלים ירוקים חריפים כבושים במי מלח 350 ג',,,פלפלים ירוקים חריפים,גרמים,350.00,100 גרם,false,,6.90,0.0197,true,1,229543
8697402648972,false,שקיות עלי גפן 400 גר,,,שקיות עלי גפן 400 גר,גרמים,400.00,100 גרם,false,,9.90,0.0248,true,1,244952
8697431460378,false,קונפיטורה70% שזיף 450 ג' FRUPPA,פרוטנגו Fruitango,,קונפיטורה 70% פרי -,גרמים,450.00,100 גרם,false,,17.90,0.0398,true,1,111181
8697431921718,false,קונפיטורה דובדבן חמוץ 70% פרי פרופה 454 גר',פרוטנגו Fruitango,,תומר קונפיטורה 70% ד,גרמים,450.00,100 גרם,false,,17.90,0.0398,true,1,111184
8697480522034,false,פח אשפה מדווש יוקרתי,Tuffex Plastik,,פח אשפה מדווש יוקרתי,יחידה,0.00,יחידה,false,,39.90,0.0000,true,1,268632
8697480522041,false,פח אשפה מדווש יוקרתי,Tuffex Plastik,,פח אשפה מדווש יוקרתי,יחידה,0.00,יחידה,false,,49.90,0.0000,true,1,268681
8697512610036,false,רדיד אלומיניום תעשית,,,אסותא רדיד אלומיניום,יחידה,0.00,יחידה,false,,10.90,0.0000,true,1,122425
8697512622220,false,SUN - בקבוק שמן סמל,SUN PLASTIC,,SUN - בקבוק שמן סמל,יחידה,0.00,יחידה,false,,9.90,0.0000,true,1,254994
8697512622589,false,SUN - ECO SQUEEZER,SUN PLASTIC,,SUN - ECO SQUEEZER,יחידה,0.00,יחידה,false,,9.90,0.0000,true,1,254997
8697512622763,false,SUN - צנצנת אחסון סמ,SUN PLASTIC,,SUN - צנצנת אחסון סמ,יחידה,0.00,יחידה,false,,9.90,0.0000,true,1,256539
8697512622978,false,SUN - קולפן ירקות,SUN PLASTIC,,SUN - קולפן ירקות,יחידה,0.00,יחידה,false,,9.90,0.0000,true,1,255001
8697512623043,false,SUN - קופסת עוגת כוכ,SUN PLASTIC,,SUN - קופסת עוגת כוכ,יחידה,0.00,יחידה,false,,39.90,0.0000,true,1,255003
8697512623241,false,SUN - כלים לשירות סל,SUN PLASTIC,,SUN - כלים לשירות סל,יחידה,0.00,יחידה,false,,9.90,0.0000,true,1,256246
8697512624200,false,SUN - 180x MINI נייר,SUN PLASTIC,,SUN - 180x MINI נייר,יחידה,0.00,יחידה,false,,9.90,0.0000,true,1,255013
8697512624231,false,SUN - תבניות לעוגת נ,SUN PLASTIC,,SUN - תבניות לעוגת נ,יחידה,0.00,יחידה,false,,9.90,0.0000,true,1,255016
8697512624422,false,SUN - חותך בצק ניאון,SUN PLASTIC,,SUN - חותך בצק ניאון,יחידה,0.00,יחידה,false,,9.90,0.0000,true,1,255018
8697512624859,false,SUN - סט חותכי פיצה,SUN PLASTIC,,SUN - סט חותכי פיצה,יחידה,0.00,יחידה,false,,9.90,0.0000,true,1,255023
8697512626198,false,SUN - 2 X BAG CLUBS,SUN PLASTIC,,SUN - 2 X BAG CLUBS,יחידה,0.00,יחידה,false,,9.90,0.0000,true,1,256250
8697512628925,false,SUN - 6x קולב לב,SUN PLASTIC,,SUN - 6x קולב לב,יחידה,0.00,יחידה,false,,9.90,0.0000,true,1,256255
8697617171807,false,תרכיז עגבניות 950 גר,,,תרכיז עגבניות 950 גר,גרמים,950.00,100 גרם,false,,19.90,0.0209,true,1,243351
8697659238155,false,"משחת שיניים לילדים מלך האריות לגיל 2-6שנים 50מ""ל",,,משחת שיניים לילדים מ,יחידה,0.00,יחידה,false,,9.90,0.0000,true,1,201043
8697659244385,false,מילוי מטהר אוויר בני,,,אסותא מילוי מטהר אוו,יחידה,0.00,יחידה,false,,9.90,0.0000,true,1,241263
8697659244415,false,מילוי מטהר אוויר בני,,,אסותא מילוי מטהר אוו,יחידה,0.00,יחידה,false,,9.90,0.0000,true,1,241265
8697659244422,false,מילוי מטהר אוויר בני,,,אסותא מילוי מטהר אוו,יחידה,0.00,יחידה,false,,9.90,0.0000,true,1,241266
8697659244453,false,מילוי מטהר אוויר אנט,,,אסותא מילוי מטהר אוו,יחידה,0.00,יחידה,false,,9.90,0.0000,true,1,241269
8697713207233,false,מחבת סטיק,ONCU MUTFAK,,מחבת סטיק,יחידה,0.00,יחידה,false,,59.90,0.0000,true,1,252055
8697806730068,false,מלקחי ברביקיו מתכת,UNVER-BBQ,,מלקחי ברביקיו מתכת,יחידה,0.00,יחידה,false,,9.90,0.0000,true,1,257138
8697806730228,false,מלקחי ברביקיו מתכת,UNVER-BBQ,,מלקחי ברביקיו מתכת,יחידה,0.00,יחידה,false,,9.90,0.0000,true,1,257139
8697826469092,false,טורטיה קטנה 12 יחידות 540 גרם,דין שיווק,TR,טורטיות 8 יח 365 גרם,גרמים,365.00,100 גרם,false,,10.00,0.0274,true,1,133436
8697828877079,false,סט צלחות 18 חלקים בצ,KUTAHYA,,סט צלחות 18 חלקים בצ,יחידה,0.00,יחידה,false,,199.90,0.0000,true,1,251324
8697853094823,false,"קופסא מרובעת 1000 מ""",,,"קופסא מרובעת 1000 מ""",יחידה,0.00,יחידה,false,,12.90,0.0000,true,1,250540
8697853094847,false,"קופסא מרובעת 1700 מ""",,,"קופסא מרובעת 1700 מ""",יחידה,0.00,יחידה,false,,16.90,0.0000,true,1,250542
8697950712026,false,SUN - סל סיכות EXEN,SUN PLASTIC,,SUN - סל סיכות EXEN,יחידה,0.00,יחידה,false,,14.90,0.0000,true,1,255036
8697950712033,false,*מבצע* SUN - סל פירו,SUN PLASTIC,,*מבצע* SUN - סל פירו,יחידה,0.00,יחידה,false,,10.00,0.0000,true,1,255037
8697950723336,false,SUN - סט משפך 3x,SUN PLASTIC,,SUN - סט משפך 3x,יחידה,0.00,יחידה,false,,9.90,0.0000,true,1,256226
8697950723381,false,SUN - חותך פיצה מתכת,SUN PLASTIC,,SUN - חותך פיצה מתכת,יחידה,0.00,יחידה,false,,9.90,0.0000,true,1,256065
8697950726054,false,חותך פיצה סאן פלסטיק,SUN PLASTIC,,חותך פיצה סאן פלסטיק,יחידה,0.00,יחידה,false,,12.90,0.0000,true,1,255052
8697950726252,false,SUN - חותך פיצה,SUN PLASTIC,,SUN - חותך פיצה,יחידה,0.00,יחידה,false,,9.90,0.0000,true,1,256231
8697950726504,false,SUN - כף גלידה,SUN PLASTIC,,SUN - כף גלידה,יחידה,0.00,יחידה,false,,9.90,0.0000,true,1,255068
8697950731010,false,SUN - חותך בצורות פר,SUN PLASTIC,,SUN - חותך בצורות פר,יחידה,0.00,יחידה,false,,9.90,0.0000,true,1,255075
8697950731034,false,SUN - חותך בתורות מע,SUN PLASTIC,,SUN - חותך בתורות מע,יחידה,0.00,יחידה,false,,9.90,0.0000,true,1,255077
8697950731065,false,SUN - חותך בצורות ור,SUN PLASTIC,,SUN - חותך בצורות ור,יחידה,0.00,יחידה,false,,9.90,0.0000,true,1,255080
8697950731140,false,SUN - חותך בצורות עו,SUN PLASTIC,,SUN - חותך בצורות עו,יחידה,0.00,יחידה,false,,9.90,0.0000,true,1,255084
8697950731317,false,SUN - תבנית חותך בצו,SUN PLASTIC,,SUN - תבנית חותך בצו,יחידה,0.00,יחידה,false,,9.90,0.0000,true,1,255095
8697950731324,false,SUN - סט מעצבי וחותך,SUN PLASTIC,,SUN - סט מעצבי וחותך,יחידה,0.00,יחידה,false,,9.90,0.0000,true,1,255096
8697950733045,false,SUN - חותכי עוגיות כ,SUN PLASTIC,,SUN - חותכי עוגיות כ,יחידה,0.00,יחידה,false,,9.90,0.0000,true,1,255103
8697950733427,false,SUN - חותכי עוגיות ע,SUN PLASTIC,,SUN - חותכי עוגיות ע,יחידה,0.00,יחידה,false,,9.90,0.0000,true,1,256224
8698313596659,false,גלידה פיסטוק שמנת משפחתי 500ג' מאראשם,,IT,מאראשם פיסטוקים 500,מיליליטרים,500.00,"100 מ""ל",false,,22.90,0.0458,true,1,184595
8698313596666,false,גלידת שמנת עם חתיכות פיסטוק 555 גר,,IT,"מאראשם פרוסות 650 מ""",מיליליטרים,650.00,"100 מ""ל",false,,31.90,0.0491,true,1,184596
8698683781648,false,מגבוני טישו רכים מחו,איברהים האקיתשין,,מגבוני טישו רכים מחו,יחידה,0.00,יחידה,false,,12.90,0.0000,true,1,170514
8699038075788,false,כד מעוצב זכוכית 1 לי,,,כד מעוצב זכוכית 1 לי,יחידה,0.00,יחידה,false,,14.90,0.0000,true,1,267807
8699053503105,false,*מבצע* שמיכות קטנות,,,*מבצע* שמיכות קטנות,יחידה,0.00,יחידה,false,,139.90,0.0000,true,1,258539
8699073290764,false,פלפל אדום קלוי 680 גרם MELIS כשרות K,מליס Melis,,פלפל אדום קלוי 680 ג,גרמים,680.00,100 גרם,false,,12.90,0.0190,true,1,221198
8699073292768,false,חציל קלוי על האש 640 גרם MELIS כשרות K,מליס Melis,,חציל קלוי על האש 640,גרמים,640.00,100 גרם,false,,12.90,0.0202,true,1,221202
8699141057053,false,ממתק ביסקולטה מווד 1,,,ביסקולטה מווד 125 גר,יחידה,0.00,יחידה,false,,6.90,0.0000,true,1,192128
8699141157104,false,ממתק אוזמו הופו 40 ג,,,אוזמו הופו 40 גרם,יחידה,0.00,יחידה,false,,2.90,0.0000,true,1,192113
8699141158095,false,ממתק אוזמו אוגובוגו,,,אוזמו אוגובוגו 24*30,יחידה,0.00,יחידה,false,,22.90,0.0000,true,1,192118
8699375821673,false,*מבצע* קערה עם קרש ח,arslankaya plastik,,*מבצע* קערה עם קרש ח,יחידה,0.00,יחידה,false,,10.00,0.0000,true,1,255119
8699375821741,false,מסננת מעשית 3 LT,arslankaya plastik,,מסננת מעשית 3 LT,יחידה,0.00,יחידה,false,,19.90,0.0000,true,1,255120
8699375822960,false,*מבצע* פח אשפה 10 LT,arslankaya plastik,,*מבצע* פח אשפה 10 LT,יחידה,0.00,יחידה,false,,19.90,0.0000,true,1,251317
8699375822977,false,דלי יהירות 10 LT,arslankaya plastik,,דלי יהירות 10 LT,יחידה,0.00,יחידה,false,,19.90,0.0000,true,1,251318
8699375823011,false,קופסת כפית תותים,arslankaya plastik,,קופסת כפית תותים,יחידה,0.00,יחידה,false,,12.90,0.0000,true,1,251319
8699375823028,false,*מבצע* קופסת מפיות ת,arslankaya plastik,,*מבצע* קופסת מפיות ת,יחידה,0.00,יחידה,false,,10.00,0.0000,true,1,251320
8699462248291,false,קרש חיתוך מעץ 15,MEVLANA,,קרש חיתוך מעץ 15,יחידה,1.00,יחידה,false,,49.90,49.9000,true,1,256265
8710103811183,false,אוונט זוג מוצצים קלאסי 0-6 תכלת פסטל,כמיפל,GB,אוונט זוג מוצצים קלא,יחידה,0.00,יחידה,false,,49.90,0.0000,true,1,218019
8710103851813,false,חדש! מוצץ מאויר בנות חדש 0-6,כמיפל,GB,אוונט זוג מוצצים קלא,יחידה,0.00,יחידה,false,,49.90,0.0000,true,1,218523
8710243962400,false,גבינת קרם אולד אמסטר,ווסטלנד,,אולד אמסטרדם קרם 12,גרמים,125.00,100 גרם,false,,24.90,0.1992,true,1,236553
8710314000819,false,סמנה 400 ג' אלחלוב,,,שומן חמאה 400 גרם,גרמים,400.00,100 גרם,false,,34.90,0.0872,true,1,210207
8710314001564,false,חמאה אלחלוב 200 גרם,,,חמאה אלחלוב 200 גרם,יחידה,0.00,יחידה,false,,13.90,0.0000,true,1,240370
8710447224311,false,מרכך בוטניק בתוספת שמן קוקוס ואלוורה,יוניליוור פולין,PL,TRESEMME מרכך בוטניק,מיליליטרים,400.00,"100 מ""ל",false,,22.90,0.0572,true,1,191728
8710447224342,false,טרזמה שמפו קרטין לשיער 400 מל,"יוניליוור פולין, רחו",PL,TRESEMME שמפו קרטין,מיליליטרים,400.00,"100 מ""ל",false,,22.90,0.0572,true,1,191724
8710447275306,false,דאב קרם ידיים שמן אבוקדו ותמצית קלנדולה,אתר ליוור - HPC,PL,דאב קרם ידיים אבוקדו,יחידה,0.00,יחידה,false,,11.90,0.0000,true,1,196296
8710447275313,false,דאב קרם ידיים שמן קוקוס וחלב שקדים,אתר ליוור - HPC,PL,דאב קרם ידיים קוקוס,יחידה,0.00,יחידה,false,,11.90,0.0000,true,1,196297
8710447284117,false,"ג'ל רחצה אקס בלאק 400 מ""ל",יוניליוור גרמניה (בו,DE,אקס גל רחצה בלאק 400,מיליליטרים,400.00,"100 מ""ל",false,,12.90,0.0323,true,1,182765
8710447320662,false,דאודורנט ספריי בניחוח אפרסק ולימון ללא אלומיניום,"פרמול איטליה, קומון",GB,דאב דאו ספריי אפרסק,מיליליטרים,150.00,"100 מ""ל",false,,17.90,0.1193,true,1,250638
8710502064814,false,עוגיות מרבה שוקולד ציפס במרקם רך 175 גר,בנקטבקריי מרבה בי.וי,NL,מרבה עוגיות שוקוציפס,גרמים,175.00,100 גרם,false,,9.90,0.0566,true,1,125309
8710502139017,false,עוגיות טריפל שוקולד צ'יפס מרבה 180 גרם,בנקטבקריי מרבה בי.וי,NL,מרבה טריפל שוקולד צי,גרמים,180.00,100 גרם,false,,9.90,0.0550,true,1,125310
8710502194801,false,"עוגיות שוקלד ציפס רכה פירות יער ""מרבה"" 175 גרם",בנקטבקריי מרבה בי.וי,NL,מרבה ע.שוקולד ציפס ר,גרמים,175.00,100 גרם,false,,9.90,0.0566,true,1,164439
8710502279010,false,מרבה עוגיות שוקולד ציפס מצופות שוקולד 175 גרם - רבנות,"י.מרבה ישראל בע""מ",NL,מרבה ע.שוקוציפס מצופ,גרמים,175.00,100 גרם,false,,9.90,0.0566,true,1,221094
8710502285509,false,מרבה - עוגיות לימון ושוקולד צ'יפס במרקם רך 175 גרם,בנקטבקריי מרבה בי.וי,NL,מרבה עוגיות לימון וש,גרמים,225.00,100 גרם,false,,9.90,0.0440,true,1,242960
8710502405204,false,עוגיות שוקולד צ'יפס עם קרם שוקולד מרבה 175 גרם,קריניציה ויטמינה אס,NL,מרבה ע.שוקוציפס ממול,גרמים,175.00,100 גרם,false,,9.90,0.0566,true,1,125314
8710502470035,false,מרבה פטיסרי עוגיות נוגטלי אגוזים 200 גרם,מרבה,NL,מרבה פטיסרי עוגיות נ,גרמים,200.00,100 גרם,false,,11.90,0.0595,true,1,259785
8710800027573,false,סוכריות מיני בטעם פירות מנטוס 178 גרם,פרפטי ואן מלה,NL,מיני מנטוס שקית,גרמים,178.00,100 גרם,false,,13.90,0.0781,true,1,115655
8710800961310,false,סוכריות בטעם תות מנטוס 4*375 גרם,פרפטי ואן מלה ברדה,NL,מנטוס 1/4 תות,גרמים,150.00,100 גרם,false,,10.90,0.0727,true,1,115656
8710847860843,false,"רקסונה - דאודורנט רולאון לאישה אינביזיבל 50 מ""ל",רקסונה Rexona,GB,רקסונה רולאון אינביז,יחידה,0.00,יחידה,false,,14.90,0.0000,true,1,201998
8710847942693,false,טרזמה מרכך לשיער יבש שמן המפ 400 מל,יוניליוור,PL,"TRESEMME מרכך 400 מ""",מיליליטרים,400.00,"100 מ""ל",false,,22.90,0.0572,true,1,240360
8710847973970,false,"תחליב רחצה דאב אלוורה מי עץ שדר, 750 מ""ל",יוניליוור גרמניה (בו,DE,דאב ת.רחצה להזנה עמו,מיליליטרים,750.00,"100 מ""ל",false,,18.90,0.0252,true,1,221321
8710908326691,false,"תחליב רחצה אדמונית 750 מ""ל ""דאב""",יוניליוור גרמניה (בו,DE,דאב ת.רחצה אדמונית 7,מיליליטרים,750.00,"100 מ""ל",false,,18.90,0.0252,true,1,162063
8710908693809,false,"טרזמה מסכה טיפולית עם קרטין 300מ""ל",טרזמה TRESemme,PL,TRESEMME מסכה עם קרט,מיליליטרים,300.00,"100 מ""ל",false,,32.90,0.1097,true,1,182777
8710912637493,false,גבינה מעושנת מנות 200 ג' - פריקו,פריזלנד,,שוקחה גבינה מעושנת פ,יחידה,0.00,יחידה,false,,21.90,0.0000,true,1,265489
8711200443789,false,"חרדל גרגרים בבקבוק לחיץ 235 מ""ל",מיילי,FR,חרדל גרגירים לחיץ 2,גרמים,235.00,100 גרם,false,,12.90,0.0549,true,1,198675
8711200443802,false,"חרדל דיזון בבקבוק לחיץ 235 מ""ל",מיילי,FR,חרדל דיז'ון לחיץ 23,גרמים,235.00,100 גרם,false,,12.90,0.0549,true,1,198676
8711327475663,false,מגנום פיינט וניל שוקולד לבן 260 גרם,"מפעל גלידות בווספרם,",HU,מגנום פיינט וניל שוק,מיליליטרים,440.00,"100 מ""ל",false,,18.90,0.0430,true,1,223946
8711327475762,false,מגנום פיינט שוקולד לבן עוגיות 260 גרם,"מפעל גלידות בווספרם,",HU,מגנום פיינט שוקולד ל,מיליליטרים,440.00,"100 מ""ל",false,,18.90,0.0430,true,1,223948
8711700665834,false,סבון מוצק Beauty cream bar בניחוח מלפפון ותה ירוק - מארז שישיה,יוניליוור גרמניה (בו,DE,דאב סבון מוצק מלפפונ,יחידה,6.00,יחידה,false,,19.90,3.3167,true,1,113878
8712000050146,false,"בירה היינקן 0% אלכוהול בקבוק 330 מ""ל","מבשלת היינקן, ריטבלד",NL,היינקן ללא אלכהול 33,מיליליטרים,330.00,"100 מ""ל",false,,5.90,0.0179,true,1,184908
8712000051099,false,"בירה היינקן 0.0 , ללא אלכוהול מארז שישייה",פארייפאבה אגרואינדוס,NL,היינקן ללא אלכהול שי,יחידה,6.00,יחידה,false,,32.90,5.4833,true,1,181028
8712092005802,false,גבינה מעושנת טבעי 200 ג',,NL,מעושנת 200 גרם,גרמים,200.00,100 גרם,false,,22.90,0.1145,true,1,181955
8712400802499,false,תרכובת מזון המשך לפעוטות על בסיס חלב שלב 1,נוטרישיה קאלק ב. ו.,NL,נוטרילון 1 800 גרם,גרמים,800.00,100 גרם,false,,59.90,0.0749,true,1,141771
8712400802512,false,תרכובת מזון המשך לפעוטות על בסיס חלב שלב 2,נוטרישיה קאלק ב. ו.,NL,נוטרילון 2 800 גרם,גרמים,800.00,100 גרם,false,,59.90,0.0749,true,1,141773
8712400802536,false,תרכובת מזון המשך לפעוטות על בסיס חלב שלב 3,נוטרישיה קאלק ב. ו.,NL,נוטרילון 3 800 גרם,גרמים,800.00,100 גרם,false,,59.90,0.0749,true,1,141775
8712561594608,false,"דאב תחליב רחיצה להזנה עמוקה 750 מ""ל",יוניליוור גרמניה (בו,DE,דאב ת.רחצה להזנה עמו,מיליליטרים,750.00,"100 מ""ל",false,,18.90,0.0252,true,1,153801
8712561611411,false,תחליב רחצה מזין בניחוח מלפפון ותה ירוק,יוניליוור גרמניה (בו,DE,דאב ת.רחצה תה ירוק ו,יחידה,0.00,יחידה,false,,18.90,0.0000,true,1,153802
8712561626286,false,"תחליב רחצה דאב זוהר כמשי, 750 מ""ל",יוניליוור גרמניה (בו,DE,דאב ת.רחצה זוהר כמשי,מיליליטרים,750.00,"100 מ""ל",false,,18.90,0.0252,true,1,153803
8712561631570,false,"תחליב רחצה דאב חלב קוקוס 750 מ""ל",יוניליוור גרמניה (בו,DE,דאב ת.רחצה חלב קוקוס,מיליליטרים,750.00,"100 מ""ל",false,,18.90,0.0252,true,1,153804
8712561646024,false,דאב תחליב רחצה קרם פיסטוק ומגנוליה 750 מ,יוניליוור גרמניה (בו,DE,דאב ת.רחצה להזנה עמו,מיליליטרים,750.00,"100 מ""ל",false,,18.90,0.0252,true,1,255963
8714443620030,false,מרק ירקות אורגני 200 גרם,תות תעשיות מזון (201,NL,נטורפוד מרק ירקות,יחידה,0.00,יחידה,false,,32.90,0.0000,true,1,180517
8714555000058,false,בשר זואן 800 גרם,,,בשר זואן 800 גרם,גרמים,800.00,100 גרם,false,,24.90,0.0311,true,1,112020
8714555001079,false,בשר זואן 310 גרם חרי,,,בשר זואן 310 גרם חרי,גרמים,310.00,100 גרם,false,,10.90,0.0352,true,1,244130
8714599104330,false,ג'ייקובס קפה שחור 85 גרם קלוי וטחון טורקי,ג'ייקובס Jacobs,,גייקובס קפה שחור 85,יחידה,0.00,יחידה,false,,7.90,0.0000,true,1,202986
8714599410806,false,קפה נמס ג'ייקובס קרונונג בשקית 160 גרם,ג'ייקובס Jacobs,RU,ג'ייקובס קרוננג מיוב,גרמים,160.00,100 גרם,false,,19.90,0.1244,true,1,221296
8714599412220,false,גייקובס וולווט קפה נמס מיובש 95 גרם,קראפט,RU,ג'ייקובס וולווט קפה,יחידה,0.00,יחידה,false,,19.90,0.0000,true,1,239521
8714599513781,false,גייקובס גולד קפה נמס מיובש בהקפאה 200גרם,אל.אל. סי ג''יקובס ד,RU,קפה ג'יקובס גולד 200,גרמים,200.00,100 גרם,false,,27.90,0.1395,true,1,158200
8714599513828,false,ג'ייקובס קרוננג מיובש בהקפאה 47.5 גרם צנצנת,דיפלומט,RU,ג'ייקובס קרוננג מיוב,יחידה,0.00,יחידה,false,,7.90,0.0000,true,1,182858
8714599513835,false,גי'קובס קרונונג נייט אנד דיי - נטול קופיאין,ג'ייקובס Jacobs,DE,ג'ייקובס נטול קופאין,גרמים,200.00,100 גרם,false,,32.90,0.1645,true,1,163634
8714599513866,false,קפה נמס מיובש בהקפאה ג'ייקובס קרונונג 200 גרם,אל.אל.סי גייקובס דאו,DE,קפה ג'יקובס קרונונג,גרמים,200.00,100 גרם,false,,27.90,0.1395,true,1,158201
8714789177229,false,מברשת שיניים אקסטרה קלין מדיום - מארז רביעיה,הנסיך- מפעל לייצור ט,CN,קולגייט מברשת שיניים,יחידה,4.00,יחידה,false,,10.90,2.7250,true,1,125322
8714789218465,false,מברשת שיניים 360 סופט קולגייט 2 יחידות,הנסיך- מפעל לייצור ט,CN,קולגייט מברשת שיניים,יחידה,2.00,יחידה,false,,31.90,15.9500,true,1,125327
8714789303925,false,מברשת שיניים 360 סנסטיב רכה במיוחד קולגייט 2 יחידות,קולגייט- פלמוליב,CH,קולגייט מברשת שיניים,יחידה,2.00,יחידה,false,,31.90,15.9500,true,1,125331
8714789402918,false,נוזל לניקוי כללי ורצפות בניחוח פרחי בר אג'קס 1.5 ליטר,הנסיך- מפעל לייצור ט,GR,אגקס חגיגת הפרחים אד,ליטרים,1.50,ליטר,false,,19.90,13.2667,true,1,125335
8714789402932,false,נוזל לניקוי כללי ורצפות בניחוח ורדי בוקר אג'קס 1.5 ליטר,הנסיך- מפעל לייצור ט,GR,אגקס חגיגת הפרחים ור,ליטרים,1.50,ליטר,false,,19.90,13.2667,true,1,125336
8714789450315,false,פלמוליב נוזל כלים לימון 1.5 ליטר,הנסיך- מפעל לייצור ט,GR,פלמוליב שקוף לימון 1,ליטרים,1.50,ליטר,false,,14.90,9.9333,true,1,125338
8714789529561,false,"משחת שיניים סנסטיב פרו ריליף להלבנה קולגייט 75 מ""ל",קולגייט פלמוליב,BR,קולגייט סנסיטיב פרו,מיליליטרים,75.00,"100 מ""ל",false,,23.90,0.3187,true,1,125346
8714789797786,false,"פלמוליב נוזל לניקוי כלים גריז בלסטר 750 מ""ל",יבואן ומשווק: ש. שסט,GR,פלמוליב כלים 4ב1 כתו,מיליליטרים,750.00,"100 מ""ל",false,,9.90,0.0132,true,1,216968
8714789831275,false,מברשת שיניים 360 אופטיק ווייט קולגייט 2 יחידות,קולגייט פלמוליב,CN,קולגייט מברשת שיניים,יחידה,2.00,יחידה,false,,31.90,15.9500,true,1,125368
8714789834467,false,פלמוליב נוזל לניקוי כלים קלאסי 1.5 ליטר,פלמוליב Palmolive,GR,פלמוליב נוזל כלים 1.,ליטרים,1.50,ליטר,false,,14.90,9.9333,true,1,125369
8714789930848,false,"משחת שיניים אופטיק וייט הלבנה מיידית קולגייט 75 מ""ל",הנסיך- מפעל לייצור ט,PL,קולגייט משחת שיניים,יחידה,0.00,יחידה,false,,19.90,0.0000,true,1,125375
8714800017473,false,"בירה בווריה 0% אלכוהול תפוח 330 מ""ל ב",בווריה,,"בוואריה בטעם תפו""ע 3",מיליליטרים,330.00,"100 מ""ל",false,,5.00,0.0152,true,1,128090
8714800017480,false,"בוואריה בטעם תפוח 330 מ""ל מארז שישייה",,,בוואריה בטעם תפוח שי,יחידה,0.00,יחידה,false,,29.90,0.0000,true,1,128091
8714800019934,false,"בוואריה בטעם תות 330 מ""ל מארז שישייה",,,בוואריה בטעם אפרסק ש,יחידה,0.00,יחידה,false,,29.90,0.0000,true,1,176576
8714800023399,false,שישיית בווריה 0% אלכוהול אורגינל 330 מל,,,בוואריה בטעם אוריגינ,יחידה,6.00,יחידה,false,,29.90,4.9833,true,1,128097
8714800025706,false,בוואריה בטעם רימונים,,,בוואריה בטעם רימונים,מיליליטרים,330.00,"100 מ""ל",false,,5.00,0.0152,true,1,225716
8714800025713,false,"בוואריה בטעם רימון 330 מ""ל מארז שישייה",,,בוואריה בטעם רימונים,יחידה,0.00,יחידה,false,,29.90,0.0000,true,1,176579
8714800027861,false,בוואריה בטעם אפרסק שישייה*330 מ''ל,,,מאלט בוואריה תות שיש,יחידה,0.00,יחידה,false,,29.90,0.0000,true,1,176580
8714800027878,false,"בווריה מאלט תות 330 מ""ל",,,בוואריה בטעם תות 330,מיליליטרים,330.00,"100 מ""ל",false,,5.00,0.0152,true,1,176582
8714800035996,false,בוואריה בטעם ג'ינגיר,,,בוואריה בטעם ג'ינגיר,יחידה,0.00,יחידה,false,,29.90,0.0000,true,1,221083
8714800036016,false,"בוואריה בטעם מנגו פספלורה 330 מ""ל מארז שישייה",,,בוואריה בטעם מנגו ופ,יחידה,0.00,יחידה,false,,29.90,0.0000,true,1,221082
8715700110141,false,מיונז קרמי היינץ צנצנת 460ג',ה.י.היינץ הולדינג בי,NL,היינץ ממרח מיונז צנצ,גרמים,460.00,100 גרם,false,,11.90,0.0259,true,1,179397
8715700110158,false,היינץ ממרח במרקם קרמי צנצנת 490 גרם,ה.י.היינץ הולדינג בי,NL,היינץ ממרח לייט צנצנ,גרמים,490.00,100 גרם,false,,11.90,0.0243,true,1,178828
8715700115849,false,היינץ מתבל עגבניות 1,היינץ,US,היינץ מתבל עגבניות 1,קילוגרמים,1.35,"ק""ג",false,,19.90,14.7407,true,1,171172
8715700117805,false,"קטשופ היינץ מתבל עגבניות ללא תוספת סוכר ומלח 425 מ""ל",ה.י היינץ הולדינג בי,NL,היינץ מתבל עגבניותלל,גרמים,555.00,100 גרם,false,,11.90,0.0214,true,1,210326
8715700419732,false,מתבל עגבניות היינץ 700 גרם,ה.י. היינץ,NL,היינץ קטשופ 700 גרם,גרמים,700.00,100 גרם,false,,10.90,0.0156,true,1,141777
8715700422473,false,היינץ ממרח לחיץ ללא חומרים משמרים 395 גרם,ה.י. היינץ,NL,היינץ מיונז ממרח לח,גרמים,395.00,100 גרם,false,,15.90,0.0403,true,1,169296
8715700423906,false,היינץ מתבל עגבניות מופחת סוכר ומלח 50/50 550 גרם,היינץ צפון אמריקה מק,NL,היינץ מתבל עגבניות 5,גרמים,555.00,100 גרם,false,,11.90,0.0214,true,1,182136
8716605001022,false,גבינת דניש בלו 100 גר,,,ישרקו דניש בלו 100 ג,יחידה,0.00,יחידה,false,,11.90,0.0000,true,1,239918
8717163647226,false,"דאו אקס ספריי גוף לגבר בלאק 150 מ""ל",ארנסט. רחוב קומבינצק,GB,אקס בודי ספריי בלק 1,מיליליטרים,150.00,"100 מ""ל",false,,12.90,0.0860,true,1,194896
8717163647233,false,"דאו אקס ספריי גוף לגבר בלאק נייט 150 מ""ל",ארנסט. רחוב קומבינצק,GB,אקס ספריי גוף לגברבל,מיליליטרים,150.00,"100 מ""ל",false,,12.90,0.0860,true,1,194775
8717163647240,false,"אקס דאודורנט ספריי גוף לגבר שוקולד 150 מ""ל",יוניליוור גרמניה (בו,GB,אקס בודי ספריי שוקול,מיליליטרים,150.00,"100 מ""ל",false,,12.90,0.0860,true,1,194897
8717163647257,false,"דאו אקס ספריי גוף לגבר גולד 150 מ""ל",יוניליוור,GB,אקס ספריי גוף לגבר ג,מיליליטרים,150.00,"100 מ""ל",false,,12.90,0.0860,true,1,194777
8717163647264,false,"דאו אקס ספרי גוף לגבר אייס ציל 150 מ""ל",יוניליוור HPC,GB,אקס דאודורנט ספריי ג,מיליליטרים,150.00,"100 מ""ל",false,,12.90,0.0860,true,1,194779
8717163647301,false,אקס דאודורנט ספריי גולד לגבר 150 מל,יוניליוור,GB,אקס דאודורנט אנטי פר,יחידה,0.00,יחידה,false,,12.90,0.0000,true,1,194776
8717163648667,false,"גל רחצה אקס לגבר אייס ציל 400 מ""ל",יוניליוור גרמניה (בו,GB,אקס גל רחצה לגבר איי,מיליליטרים,400.00,"100 מ""ל",false,,12.90,0.0323,true,1,194770
8717163655764,false,"רקסונה - דאודורנט ספריי לאישה שוואר פרש 150 מ""ל",קוסטר - תורכיה,GB,רקסונה דאודורנט ספרי,מיליליטרים,150.00,"100 מ""ל",false,,14.90,0.0993,true,1,201999
8717163655825,false,"רקסונה דאו' ספריי לנשים בניחוח כותנה, 150 מ""ל",קוסטר - תורכיה,GB,רקסונה דאודורנט ספרי,מיליליטרים,150.00,"100 מ""ל",false,,14.90,0.0993,true,1,202000
8717163663493,false,"רקסונה - דאודורנט ספריי לגבר קובלט דריי 150 מ""ל",יוניליוור HPC,GB,רקסונה מן ספריי קובל,מיליליטרים,150.00,"100 מ""ל",false,,14.90,0.0993,true,1,202001
8717163711668,false,"דאודורנט רקסונה ספריי נשים טלק 150 מ""ל",יוניליוור,GB,רקסונה ספריי טלק 150,מיליליטרים,150.00,"100 מ""ל",false,,14.90,0.0993,true,1,202571
8717163714850,false,"דאו דאב ספריי קוקוס ויסמין 150 מ""ל",יונילוור ארגנטינה -,GB,דאב ספריי קוקוס 150,מיליליטרים,150.00,"100 מ""ל",false,,17.90,0.1193,true,1,243506
8717163947692,false,"אקס ג'ל רחצה לגבר פרש ברגמוט ופינק פפר 400 מ""ל","יוניליוור גרמניה, רח",GB,אקס גל רחצה פינק פפר,יחידה,0.00,יחידה,false,,12.90,0.0000,true,1,205477
8717677336593,false,טוניס שוקולד חלב 180 גרם רבנות - נוכרי,טוניס/שוקולונלי,NL,שוקולד חלב 180 גרם,גרמים,180.00,100 גרם,false,,19.90,0.1106,true,1,250737
8717677336630,false,טוניס שוקולונלי שוקולד חלב שקדים ודבש180,טוניס/שוקולונלי,NL,שוקולד חלב עם שקדים,גרמים,180.00,100 גרם,false,,19.90,0.1106,true,1,250740
8717677336654,false,טוניס - שוקולד חלב מעולה עם שברי קרמל מלוח,טוניס/שוקולונלי,NL,שוקולד טוניס חלב מעו,גרמים,180.00,100 גרם,false,,19.90,0.1106,true,1,265027
8717677336661,false,טוניס שוקולד מריר מעולה 70% 180 גרם רבנות - נוכרי,טוניס/שוקולונלי,NL,שוקולד מריר 70% 180,גרמים,180.00,100 גרם,false,,19.90,0.1106,true,1,250741
8717677338436,false,טוניס שוקולד חלב+אגוזי לוז 180 גרם רבנות - נוכרי,טוניס/שוקולונלי,NL,שוקולד חלב עם אגוזי,גרמים,180.00,100 גרם,false,,19.90,0.1106,true,1,250738
8718114734484,false,מיונז מאילי 320 גר צ,בונגראן,FR,מיונז 320 גרם,יחידה,0.00,יחידה,false,,17.90,0.0000,true,1,168622
8718692611979,false,סירופ סודה סטרים דיאט פירות יער 0.5 ל,סודה סטרים,IL,סודה סטרים דיאט פטל,מיליליטרים,500.00,"100 מ""ל",false,,22.90,0.0458,true,1,178807
8718700495515,false,גבינת צ'דר פרוס 150ג',,NL,צ'דר פרוס 150 גרם,גרמים,150.00,100 גרם,false,,8.90,0.0593,true,1,191995
8718700495522,false,גבינת גאודה פרוס 150ג',,NL,גאודה פרוס 150 גרם,גרמים,150.00,100 גרם,false,,8.90,0.0593,true,1,191996
8718700495539,false,אמנטל פרוס 150 גרם,,NL,אמנטל פרוס 150 גרם,גרמים,150.00,100 גרם,false,,8.90,0.0593,true,1,191997
8718951030206,false,"קולגייט סנסיטיב מולטי פרוטקשן משחת שיניים 75 מ""ל",קולגייט-פלמוליב,PL,קולגייט סנסיטיב מולט,יחידה,0.00,יחידה,false,,17.90,0.0000,true,1,208220
8718951048669,false,אג'קס ספריי לניקוי חלונות בניחוח חגיגת הפרחים,Colgate - Greece,,אג'קס ספריי לניקוי ח,מיליליטרים,750.00,"100 מ""ל",false,,14.90,0.0199,true,1,248512
8718951144064,false,מרידול מברשת שיניים פרודונט אקספרט זוג,מרידול Meridol,CH,מרידול מברשת שיניים,יחידה,2.00,יחידה,false,,34.90,17.4500,true,1,170307
8718951159808,false,מברשות שיניים 360 מדיום- מארז שלישייה,קולגייט פלמוליב,CN,קולגייט מברשת שיניים,יחידה,0.00,יחידה,false,,29.90,0.0000,true,1,174916
8718951166288,false,"משחת שיניים קולגייט מקס וייט 125 מ""ל",הנסיך- מפעל לייצור ט,PL,קולגייט משחת מקס ויי,מיליליטרים,125.00,"100 מ""ל",false,,16.90,0.1352,true,1,189729
8718951166561,false,משחת שיניים לרעננות מוגברת max fresh cooling crystals,הנסיך- מפעל לייצור ט,PL,קולגייט משחת מקס פרש,מיליליטרים,125.00,"100 מ""ל",false,,16.90,0.1352,true,1,189730
8718951167094,false,נוזל כלים פלמוליב צילינדר תפוז וליים 1 ל,יבואן ומשווק: ש. שסט,GR,פלמוליב צילינדר תפוז,ליטרים,1.00,ליטר,false,,13.90,13.9000,true,1,216969
8718951175280,false,"קולגייט משחת שיניים טוטל פרו ויזבל עם קציף 75 מ""ל",קולגייט Colgate,PL,קולגייט משחת טוטל פר,מיליליטרים,75.00,"100 מ""ל",false,,16.90,0.2253,true,1,191329
8718951175631,false,מש.שיניים קולגייט טוטל פרו גאם אקשן 75מל,קולגייט Colgate,PL,קולגייט משחת טוטל פר,מיליליטרים,75.00,"100 מ""ל",false,,16.90,0.2253,true,1,191330
8718951176874,false,קולגייט שטיפת פה לילדים מיניונים 250 מל,קולגייט-פלמוליב,PL,קולגייט מי פה מיניון,יחידה,0.00,יחידה,false,,14.90,0.0000,true,1,240884
8718951222779,false,"מרידול פור משחה לשיניים וחניכיים בריאות 75 מ""ל",קולגייט פלמוליב,PL,מרידול פור משחה לשינ,יחידה,0.00,יחידה,false,,24.90,0.0000,true,1,201850
8718951236790,false,"קולגייט טוטאל משחת שיניים קלין מינט לפה בריא 100 מ""ל",קולגייט Colgate,PL,קולגייט משחת טוטל קל,מיליליטרים,100.00,"100 מ""ל",false,,17.90,0.1790,true,1,191324
8718951236806,false,"קולגייט טוטאל הלבנה להסרת כתמים מהשן 100 מ""ל",קולגייט Colgate,PL,קולגייט משחת טוטל הל,מיליליטרים,100.00,"100 מ""ל",false,,17.90,0.1790,true,1,191325
8718951236813,false,"קולגייט טוטאל משחת שיניים ניקוי מתקדם לפה בריא יותר 100 מ""ל",קולגייט Colgate,PL,קולגייט משחת טוטל אד,מיליליטרים,100.00,"100 מ""ל",false,,17.90,0.1790,true,1,191326
8718951240742,false,"קולגייט טוטאל משחת שיניים פסים מרעננים 100 מ""ל",קולגייט Colgate,PL,קולגייט משחת טוטל פס,מיליליטרים,100.00,"100 מ""ל",false,,17.90,0.1790,true,1,191327
8718951254527,false,קולגייט משחה סנסיטיב פרו רליף חוזק מוגבר,קולגייט Colgate,PL,קולגייט סנסיטיב פרו,מיליליטרים,75.00,"100 מ""ל",false,,23.90,0.3187,true,1,198561
8718951259409,false,פלמוליב נטורלס תחליב רחצה 750 לחות מוגבר,קולגייט פלמוליב,IT,פלמוליב תחליב רחצה נ,מיליליטרים,750.00,"100 מ""ל",false,,19.90,0.0265,true,1,267157
8718951264618,false,"קולגייט אופטיק וייט פחם צ'רקול משחת שיניים, 75 מ""ל",קולגייט-פלמוליב,PL,קולגייט אופטיק ווייט,מיליליטרים,75.00,"100 מ""ל",false,,29.90,0.3987,true,1,208221
8718951286733,false,מ שיניים קולגייט אופטיק וייט לסטינג 75מל,קולגייט Colgate,PL,קולגייט אופטיק וייט,יחידה,0.00,יחידה,false,,29.90,0.0000,true,1,243105
8718951289833,false,פלמוליב סבון מוצק רביעייה לומינוס 360 ג,קולגייט פלמוליב,TR,פלמוליב סבון מוצק לו,גרמים,500.00,100 גרם,false,,15.90,0.0318,true,1,202995
8718951313927,false,"פלמוליב סבון לידיים בחימר טונוס, 300 מ""ל",פלמוליב Palmolive,TR,פלמוליב סבון ידיים ח,גרמים,300.00,100 גרם,false,,9.90,0.0330,true,1,214326
8718951314023,false,פלמוליב נטורלס תחליב רחצה אפרסק 750 מל,שסטוביץ,TR,"פלמוליב אפרסק 750 מ""",מיליליטרים,750.00,"100 מ""ל",false,,19.90,0.0265,true,1,245381
8718951315303,false,משחת שיניים קולגייט הגנה מקסימלית - מארז זוג,קולגייט-פלמוליב,PL,מארז קולגייט אדומה ב,יחידה,0.00,יחידה,false,,19.90,0.0000,true,1,209507
8718951319806,false,פלמוליב לגבר גל רחצה ושמפו מרענן 750 משא,פלמוליב Palmolive,TR,פלמוליב לגבר גל רחצה,מיליליטרים,750.00,"100 מ""ל",false,,19.90,0.0265,true,1,205082
8718951320093,false,זוג מברשות 360 אדוונס וויט שיניים קולגייט,קולגייט-פלמוליב,CN,קולגייט זוג מברשות 3,יחידה,0.00,יחידה,false,,29.90,0.0000,true,1,211459
8718951333048,false,"פלמוליב סבון לידיים למטבח, 300 מ""ל",הנסיך- מפעל לייצור ט,IT,פלמוליב סבון ידיים ל,גרמים,300.00,100 גרם,false,,9.90,0.0330,true,1,229252
8718951338128,false,"ליידי ספיד סטיק רול און שאוור פרש 50 מ""ל",Colgate - Mexico,IT,ליידי ספיד סטיק רול,יחידה,0.00,יחידה,false,,19.90,0.0000,true,1,241454
8718951338364,false,ספריי ניקוי אנטיבקטריאלי בניחוח תפוח,קולגייט פלמוליב,GR,אגקס טריגר פיור הום,מיליליטרים,500.00,"100 מ""ל",false,,14.90,0.0298,true,1,218697
8718951338395,false,מרסס אגקס טריגר פיור הום סמבוק שחור 500,קולגייט פלמוליב,GR,אגקס טריגר פיור הום,מיליליטרים,500.00,"100 מ""ל",false,,14.90,0.0298,true,1,218698
8718951345119,false,נוזל לניקוי רצפות וכללי היביסקוס 2 ליטר,הנסיך- מפעל לייצור ט,GR,אג'קס ניקוי כללי עוצ,ליטרים,2.00,ליטר,false,,22.90,11.4500,true,1,221076
8718951349414,false,אגקס פיור הום סמבוק שחור 1.5 ל',,,אגקס פיור הום סמבוק,ליטרים,1.50,ליטר,false,,17.90,11.9333,true,1,218699
8718951350137,false,פלמוליב נטורלס תחליב רחצה 750 מקדמיה וקק,שסטוביץ,IT,פלמוליב תחליב רחצה נ,מיליליטרים,750.00,"100 מ""ל",false,,19.90,0.0265,true,1,267156
8718951354807,false,נוזל רצפות אגקס חגיגת הפרחים יסמין 1.5 ל,Colgate - Greece,GR,אגקס חגיגת הפרחים יס,ליטרים,1.50,ליטר,false,,19.90,13.2667,true,1,218688
8718951377998,false,קולגייט סופט פואם זוג מברשות שיניים לניק,קולגייט פלמוליב,CN,קולגייט מברשת שיניים,יחידה,0.00,יחידה,false,,32.00,0.0000,true,1,220153
8718951381292,false,"משחת שיניים מקס דיטוקס פואם קולגייט 125 מ""ל",קולגייט Colgate,PL,קולגייט משחת מקס דיט,מיליליטרים,125.00,"100 מ""ל",false,,16.90,0.1352,true,1,221077
8718951382640,false,"פלמוליב ג'ל רחצה חימר דיטוקס 750 מ""ל",קולגייט פלמוליב,TR,פלמוליב ג'ל רחצה חימ,מיליליטרים,750.00,"100 מ""ל",false,,19.90,0.0265,true,1,214323
8718951382664,false,"פלמוליב ג'ל רחצה חימר טונוס 750 מ""ל",קולגייט פלמוליב,TR,פלמוליב ג'ל רחצה חימ,מיליליטרים,750.00,"100 מ""ל",false,,19.90,0.0265,true,1,214327
8718951382718,false,"פלמוליב ג'ל רחצה חימר התחדשות 750 מ""ל",קולגייט פלמוליב,TR,פלמוליב ג'ל רחצה חימ,מיליליטרים,750.00,"100 מ""ל",false,,19.90,0.0265,true,1,214328
8718951382787,false,"משחת שיניים אופטיק וויט חימר ומינרלים 75 מ""ל קולגייט",קולגייט Colgate,PL,קולגייט אופטיק ווייט,מיליליטרים,75.00,"100 מ""ל",false,,29.90,0.3987,true,1,248509
8718951385290,false,נוזל לניקוי כללי ורצפות אג'קס 2 ליטר,קולגייט פלמוליב,GR,אג'קס ניקוי כללי עוצ,יחידה,0.00,יחידה,false,,22.90,0.0000,true,1,227181
8718951391284,false,נוזל אנטיבקטריאלי לניקוי כללי ורצפות רעננות הים,Colgate - Greece,GR,אג'קס אנטי בקטריאלי,יחידה,0.00,יחידה,false,,19.90,0.0000,true,1,229250
8718951400474,false,"תחליב רחצה קמליה ושקדים ללא משאבה750 מ""ל פלמולי",פלמוליב Palmolive,TR,פלמוליב תחליב רחצה ק,מיליליטרים,750.00,"100 מ""ל",false,,19.90,0.0265,true,1,260700
8718951400597,false,"תחליב רחצה קוקוס וחלב ללא משאבה750 מ""ל פלמוליב",פלמוליב Palmolive,TR,פלמוליב תחליב רחצה ק,מיליליטרים,750.00,"100 מ""ל",false,,19.90,0.0265,true,1,260701
8718951409798,false,זוג מברשות שיניים מקס וויט פחם קולגייט,הנסיך- מפעל לייצור ט,PL,קולגייט מברשת מקס וו,יחידה,0.00,יחידה,false,,26.90,0.0000,true,1,238327
8718951415836,false,קולגייט מי פה פלאקס פחם לחיוך לבן 500 מל,קולגייט Colgate,PL,קולגייט מי פה פלאקס,מיליליטרים,500.00,"100 מ""ל",false,,29.90,0.0598,true,1,239210
8718951423558,false,"סבון רחצה גוף ונשמה קמומיל 750 מ""ל פלמוליב",שסטוביץ,TR,פלמוליב סבון רחצה גו,מיליליטרים,750.00,"100 מ""ל",false,,19.90,0.0265,true,1,248505
8718951428492,false,"פלמוליב סבון רחצה לגבר 4ב1 מועשר בפחם 750 מ""ל",שסטוביץ,TR,פלמוליב סבון רחצה לג,מיליליטרים,750.00,"100 מ""ל",false,,19.90,0.0265,true,1,248506
8718951431614,false,"סבון רחצה סו פירם מינרלים 750 מ""ל פלמוליב",קולגייט פלמוליב,TR,פלמוליב סבון רחצה סו,מיליליטרים,750.00,"100 מ""ל",false,,19.90,0.0265,true,1,243104
8718951433120,false,קולגייט טוטאל משחת שיניים לילדים לגילאי,קולגייט פלמוליב,PL,קולגייט טוטאל ג'וניו,יחידה,0.00,יחידה,false,,16.90,0.0000,true,1,262547
8718951509627,false,"משחת שיניים אופטיק וויט לאוהבי קפה 75 מ""ל קולגייט",קולגייט פלמוליב,PL,קולגייט אופטיק וייט,יחידה,0.00,יחידה,false,,29.90,0.0000,true,1,257466
8719128110349,false,"סירופ פטל פירות יער סודה, 500 מ""ל",סודהסטרים sodastream,IL,סודה סטרים פטל ופירו,מיליליטרים,500.00,"100 מ""ל",false,,22.90,0.0458,true,1,178811
8719128110363,false,סירופ סודה סטרים אשכולית אדומה 0.5 ל,סודה סטרים,IL,סודה סטרים אשכליות א,מיליליטרים,500.00,"100 מ""ל",false,,22.90,0.0458,true,1,178813
8719128110387,false,סירופ סודה סטרים דיאט אשכולית אדומה 0.5ל,סודה סטרים,IL,סודה סטרים דיאט אשכל,מיליליטרים,500.00,"100 מ""ל",false,,22.90,0.0458,true,1,178815
8719128117232,false,"סירופ פפסי 440 מ""ל סודהסטרים",סודה סטרים,IL,"סירופ פפסי 440 מ""ל",מיליליטרים,440.00,"100 מ""ל",false,,22.90,0.0520,true,1,236869
8719128117256,false,"סירופ סבן אפ 440 מ""ל סודהסטרים",סודה סטרים,IL,"סירופ סבן אפ 440 מ""ל",מיליליטרים,440.00,"100 מ""ל",false,,22.90,0.0520,true,1,236887
8719128117263,false,"סירופ מירנדה 440 מ""ל סודהסטרים",סודה סטרים,IL,"סירופ מירינדה 440 מ""",מיליליטרים,440.00,"100 מ""ל",false,,22.90,0.0520,true,1,236871
8719128117294,false,"סירופ דייט סבן אפ 440 מ""ל סודהסטרים",סודה סטרים,IL,סירופ סבן אפ דיאט 4,מיליליטרים,440.00,"100 מ""ל",false,,22.90,0.0520,true,1,236872
8719200997998,false,מרגרינה למריחה בישול וטיגון 200 ג' בלו בנד,אתר חיפה מרגרינה - F,IL,בלובנד עם מלח 200 גר,גרמים,200.00,100 גרם,false,,4.50,0.0225,true,1,201942
8719200998001,false,מרגרינה לאפיה ובישול בלי מלח 200 ג' בלו בנד,מיוצר עי קונדיטוריית,IL,בלובנד בלי מלח 200 ג,גרמים,200.00,100 גרם,false,,4.50,0.0225,true,1,201941
8719200998018,false,מחמאה מרגרינה בטעם חמאה 200 ג' בלו בנד,פארייפאבה אגרואינדוס,IL,מחמאה בלו בנד 200 גר,גרמים,200.00,100 גרם,false,,4.40,0.0220,true,1,201956
8719200998032,false,"מרגרינה מזולה גלורי טעם חמאה 250גר 8 יחידות - כשל""פ",פארייפאבה אגרואינדוס,IL,מזולה גלורי טעם חמאה,גרמים,250.00,100 גרם,false,,10.00,0.0400,true,1,201949
8719200998049,false,"מרגרינה מזולה גלורי רגיל 250גר 8 יחידות -כשל""פ",פארייפאבה אגרואינדוס,IL,מזולה גלורי רגיל 250,גרמים,250.00,100 גרם,false,,10.00,0.0400,true,1,201943
8719200998094,false,"מרגרינה מזולה לאפיה ללא תוספת מלח 200גר - 40 יח' -כשל""פ","מיוצר ע""י יוניליוור",IL,מזולה לאפיה ללא מלח,גרמים,200.00,100 גרם,false,,6.50,0.0325,true,1,201950
8719200998100,false,מרגרינה מזולה לאפיה טעם חמאה 200גר - 40 יח',פארייפאבה אגרואינדוס,IL,מזולה לאפיה בטעם חמא,גרמים,200.00,100 גרם,false,,6.50,0.0325,true,1,201951
8719326034041,false,"תמר גמבו מגהול 2 ק""ג",,,"תמר גמבו מגהול 2 ק""ג",קילוגרמים,0.00,"ק""ג",false,,79.90,0.0000,true,1,269999
8720181043093,false,"דאו אקס ספריי גוף לגבר אפולו 150 מ""ל",יוניליוור גרמניה (בו,GB,אקס בודי ספריי בלק 1,מיליליטרים,150.00,"100 מ""ל",false,,12.90,0.0860,true,1,238337
8720181045912,false,"אקס דאודורנט ספריי גוף אפריקה 150 מ""ל",יוניליוור,GB,אקס דאו ספריי אפריקה,מיליליטרים,150.00,"100 מ""ל",false,,12.90,0.0860,true,1,218544
8720181046605,false,דאב - דאודורנט ספריי לאישה אורגינל כחול 150מל,יונילוור ארגנטינה -,GB,דאב ספריי אוריגינל 1,מיליליטרים,150.00,"100 מ""ל",false,,17.90,0.1193,true,1,220394
8720181046612,false,"דאב - דאודורנט רול און לאישה אורגינל 50 מ""ל",יוניליוור HPC,GB,דאו רול און אורגינל,יחידה,0.00,יחידה,false,,17.90,0.0000,true,1,237742
8720181090202,false,"תחליב רחצה דאב עם שמן זית, 750 מ""ל",יוניליוור גרמניה (בו,DE,דאב ת.רחצה שמן זית 7,מיליליטרים,750.00,"100 מ""ל",false,,18.90,0.0252,true,1,234845
8720181090219,false,תחליב רחצה רימונים ותמצית פרח היביסקוס,יוניליוור,DE,דאב ת.רחצה להזנה עמו,מיליליטרים,750.00,"100 מ""ל",false,,18.90,0.0252,true,1,238339
8720181114458,false,"אקס - דאודורנט ספריי לגבר לבן 150 מ""ל",,,אקס דאודורנט ספריי 1,יחידה,0.00,יחידה,false,,12.90,0.0000,true,1,254425
8720181114489,false,"אקס - דאודורנט ספריי לגבר בלק 150 מ""ל",יוניליוור,GB,אקס דאודורנט ספריי 1,יחידה,0.00,יחידה,false,,12.90,0.0000,true,1,254422
8720181123955,false,"אקס - ג'ל רחצה ריצארג קריד 400 מ""ל",יוניליוור גרמניה (בו,GB,אקס גל רחצה לגבר ריצ,מיליליטרים,400.00,"100 מ""ל",false,,12.90,0.0323,true,1,244614
8721200060107,false,בקרסלנד-סטרופ וופל הולנדי 250 גרם,דה בנקט גרופ,NL,וופל הולנדי 260 גרם,גרמים,260.00,100 גרם,false,,12.10,0.0465,true,1,128514
8723400756552,false,מארז סוכריות מנטוס Mentos ריינבואו,פרפטי ואן מלה ברדה,NL,מנטוס ריינבואו 4*37.,גרמים,150.00,100 גרם,false,,10.90,0.0727,true,1,115659
8760421002206,false,מגש עץ מגולף+6 צלוחי,,,מגש עץ מגולף+6 צלוחי,יחידה,0.00,יחידה,false,,69.90,0.0000,true,1,232100
8760919006670,false,מגש עץ טבעי 2GETHER,,,מגש עץ טבעי 2GETHER,יחידה,0.00,יחידה,false,,44.90,0.0000,true,1,232132
8760922001548,false,מגש אובלי פסים עץ מג,,,מגש אובלי פסים עץ מג,יחידה,0.00,יחידה,false,,119.90,0.0000,true,1,266531
8801055707966,false,קפה טייסטר צו'יס נס קפה בריסטה 180ג',נסטלה קוריאה - קפה,KR,טייסטרס צ'וייס בריסט,גרמים,180.00,100 גרם,false,,31.90,0.1772,true,1,162934
8801055709458,false,אבקה להכנת משקה קפה בטעם קפוצ'ינו קרמל,נסטלה קוריאה - קפה,IL,נסקפה קפוצ'ינו קרמל,גרמים,180.00,100 גרם,false,,21.90,0.1217,true,1,259916
8801055709465,false,אבקה להכנת משקה קפה בטעם קפוצ'ינו וניל,נסטלה קוריאה - קפה,DE,נסקפה קפוצ'ינו וניל,גרמים,180.00,100 גרם,false,,21.90,0.1217,true,1,259917
8801055709472,false,נסטלה - נסקפה קפוצ'ינו קלאסי 12.50 גרם * 10,נסטלה קוריאה - קפה,DE,נסקפה קפוצ'ינו קלאסי,גרמים,180.00,100 גרם,false,,21.90,0.1217,true,1,259918
8801055709489,false,אבקה להכנת משקה קפה בטעם קפוצ'ינו אגוזים,נסטלה קוריאה - קפה,IL,נסקפה קפוצ'ינו אגוזי,גרמים,180.00,100 גרם,false,,21.90,0.1217,true,1,259915
8801085020301,false,אטריות נאמה אודון 200 גרם,Alpha international,,אטריות נאמה אודון 20,גרמים,200.00,100 גרם,false,,7.90,0.0395,true,1,249147
8809168840471,false,חטיף אצות מיובשות 9יח,ג'י וואן גלובול נאט,KR,חטיף אצות מיובשות 4.,יחידה,0.00,יחידה,false,,24.90,0.0000,true,1,228778
8850006331699,false,שלישיית מברשת שיניים קולגייט סלים סופט,קולגייט פלמוליב,CN,קולגייט מברשת סלים ס,יחידה,0.00,יחידה,false,,34.90,0.0000,true,1,184508
8850180040028,false,קמח טמפורה להכנת בלי,קרנחם אוטאי פחרה,TH,מזרח ומערב יבוא טמפו,גרמים,500.00,100 גרם,false,,10.90,0.0218,true,1,225706
8850206250592,false,רוטב צ`ילי סיראצ`ה 540 גרם,יאן וואל יון קו.לטד,TH,רוטב צ'ילי סיראצ'ה 5,גרמים,530.00,100 גרם,false,,19.90,0.0375,true,1,177979
8850206280049,false,רוטב צילי חריף מיו 250 גרם,yan wal yun corpara,TH,רטוב צ'ילי חריף 250,גרמים,250.00,100 גרם,false,,17.90,0.0716,true,1,243933
8850222003875,false,"קערה סטאק 5"" OCEAN",,,"קערה סטאק 5"" OCEAN",יחידה,0.00,יחידה,false,,4.90,0.0000,true,1,216279
8850367300266,false,תערובת חמשת תבלינים 50 גרם,theppadungporn cocon,TH,מזרח ומערב יבוא תערו,יחידה,0.00,יחידה,false,,9.90,0.0000,true,1,253885
8850367992164,false,קרם קוקוס 250 מל 20-22% ללא חומר משמר,טאפ פאד ונגפורן,TH,מזרח ומערב קרם קוקוס,מיליליטרים,250.00,"100 מ""ל",false,,7.90,0.0316,true,1,134500
8850367992171,false,קרם קוקוס 1 ליטר 20-22% ללא חומר משמר,טאפאדונגפורן קוקינט,TH,מזרח ומערב קרם קוקוס,מיליליטרים,1000.00,"100 מ""ל",false,,24.90,0.0249,true,1,134501
8850367994021,false,"רוטב צילי מתוק ללא סוכר לל""ג 280 מ""ל",יאן ונזל יון,TW,רוטב צ'ילי מתוק ללא,מיליליטרים,280.00,"100 מ""ל",false,,10.90,0.0389,true,1,238617
8850367994786,false,מחית קארי אדומה 50 גרם,טאפאדונגפורן קוקינט,TH,מחית קארי אדומה 50 ג,יחידה,0.00,יחידה,false,,5.90,0.0000,true,1,238604
8850367994793,false,מחית קארי צהובה 50 גרם,Theppadungporn cocon,TH,מחית קארי צהובה 50,יחידה,0.00,יחידה,false,,5.90,0.0000,true,1,238605
8850389103111,false,סאפי משקה אלוורה בטעם ענבים 300מל,פארייפאבה אגרואינדוס,TH,סאפה ענבים בקבוק 300,מיליליטרים,300.00,"100 מ""ל",false,,7.90,0.0263,true,1,131186
8850389103128,false,"משקה קל סאפה בטעם תפוח 300 מ""ל",פארייפאבה אגרואינדוס,TH,סאפה תפוח בקבוק 300,מיליליטרים,300.00,"100 מ""ל",false,,7.90,0.0263,true,1,131187
8850389103159,false,"משקה ליצ'י עם חתיכות גלי קוקוס 320 מ""ל מוגו מוגו",סאפה פובליק קומפני ל,TH,מוגו מוגו ליצי' עם ח,יחידה,0.00,יחידה,false,,6.90,0.0000,true,1,248266
8850389105825,false,סאפה משקה אלוורה בטעם ענבים,סאפה פובליק קומפני ל,TH,סאפה ענבים בקבוק ליט,ליטרים,1.00,ליטר,false,,13.90,13.9000,true,1,131191
8850389105832,false,סאפה משקה אלוורה בטעם תפוח עם קוביות אלוורה 1 ליטר,פארייפאבה אגרואינדוס,TH,סאפה תפוח בקבוק ליטר,ליטרים,1.00,ליטר,false,,13.90,13.9000,true,1,131192
8850389105849,false,סאפה משקה אלוורה מופחת קלוריות בטעם אפרסק 1 ליטר,סאפה פובליק קומפני ל,TH,סאפה אפרסק בקבוק ליט,ליטרים,1.00,ליטר,false,,13.90,13.9000,true,1,131193
8850389115312,false,"סאפה אלוורה מלון בקבוק 300 מ""ל",סאפה פובליק קומפני ל,TH,סאפה מלון בקבוק 300,מיליליטרים,300.00,"100 מ""ל",false,,7.90,0.0263,true,1,180732
8850389115336,false,סאפה משקה אלוורה בטעם מלון,סאפה פובליק קומפני ל,TH,סאפה מלון בקבוק ליטר,ליטרים,1.00,ליטר,false,,13.90,13.9000,true,1,180733
8850632604259,false,"יוגטה, חיספוסים, ממתק חמוץ בצורת מקלות בטעם תות שדה,50 גרם",ג'נרל קנדי בעמ,TH,יוגטה חיספוסים מקלות,יחידה,0.00,יחידה,false,,4.90,0.0000,true,1,115663
8850632604266,false,"יוגטה, ממתק חמוץ בצורת מקלות בטעם קולה, 50 גרם",ג'נרל קנדי בעמ,TH,יוגטה חיספוסים מקלות,יחידה,0.00,יחידה,false,,4.90,0.0000,true,1,115664
8850632604372,false,"יוגטה, חיספוסים בצורת שטיח בטעם תות שדה 50 גרם",ג'נרל קנדי בעמ,TH,יוגטה חיספוסים שטיח,יחידה,0.00,יחידה,false,,4.90,0.0000,true,1,115665
8850632604402,false,יוגטה חיספוסים בטעם מעורב תות שדה אבטיח ענבים בננה 50 גרם,"ג'נרל קנדי בע""מ",TH,יוגטה חיספוסים שטיח,יחידה,0.00,יחידה,false,,4.90,0.0000,true,1,115666
8850632605201,false,"יוגטה, חיספוסים, ממתק חמוץ בצורת שטיח, בטעם מעורב- תות בננה, תפוח, תפוז, 50 גרם",הדקלאים אגודת שיתופי,TH,יוגטה חספוסים תות בנ,יחידה,0.00,יחידה,false,,4.90,0.0000,true,1,115667
8851613101378,false,"נוזל קוקוס ארוי די 250 מ""ל",כלורוקס אוקלנד,TH,"חלב קוקוס 250 מ""ל",גרמים,250.00,100 גרם,false,,9.80,0.0392,true,1,137973
8851613101385,false,"חלב קוקוס ארוי-די קרטון 500מ""ל",תאי אגרי פוד פובליק,TH,"חלב קוקוס 500 מ""ל",מיליליטרים,500.00,"100 מ""ל",false,,12.90,0.0258,true,1,137974
8852633020403,false,פניני טפיוקה 500 גרם (כשר),super j internationa,TH,מזרח ומערב יבוא פנינ,גרמים,500.00,100 גרם,false,,11.90,0.0238,true,1,130925
8852633520408,false,סוכר דקלים 400 גרם SUP,Super J Internationa,TH,סוכר דקלים 400 גרם,גרמים,400.00,100 גרם,false,,14.90,0.0373,true,1,249031
8853662056661,false,"רוטב סריראצ''ה מיו 455 מ""ל",EXOTIC FOOD PCL,,רוטב סריראצ'ה מיו 45,מיליליטרים,455.00,"100 מ""ל",false,,28.90,0.0635,true,1,228762
8856202106017,false,סט דובדובנים קטן ירו,,,סט דובדובנים קטן ירו,יחידה,0.00,יחידה,false,,5.90,0.0000,true,1,269951
8856202106024,false,סט דובדובנים קטן וור,,,סט דובדובנים קטן וור,יחידה,0.00,יחידה,false,,5.90,0.0000,true,1,269952
8856202106031,false,סט דובדובנים קטן סגו,,,סט דובדובנים קטן סגו,יחידה,0.00,יחידה,false,,5.90,0.0000,true,1,269953
8856202106093,false,סט דובדובנים קטן בור,,,סט דובדובנים קטן בור,יחידה,0.00,יחידה,false,,5.90,0.0000,true,1,269957
8856202106109,false,סט דובדובנים קטן זהב,,,סט דובדובנים קטן זהב,יחידה,0.00,יחידה,false,,5.90,0.0000,true,1,269958
8856202106185,false,ענף דובדונים זהב,,,ענף דובדונים זהב,יחידה,0.00,יחידה,false,,14.90,0.0000,true,1,269961
8856202106192,false,ענף דובדובנים לבן,,,ענף דובדובנים לבן,יחידה,0.00,יחידה,false,,14.90,0.0000,true,1,269962
8858271002870,false,רוטב פאד תאי 250 מ'ל - מקסצ'אפ,"ייאן וואל יון בע""מ",TH,מזרח ומערב יבוא מקסצ,מיליליטרים,250.00,"100 מ""ל",false,,10.90,0.0436,true,1,130931
8858271002887,false,רוטב טריאקי 250 מ'ל - מקסצ'אפ,דאנינג יוה פודס קו,TH,מזרח ומערב יבוא מקסצ,מיליליטרים,250.00,"100 מ""ל",false,,10.90,0.0436,true,1,130932
8858271003020,false,רוטב סויה פורמולה 1 - 700 מ'ל מקסצ'אפ,יאן ונזל יון,TH,מזרח ומערב יבוא מקסצ,מיליליטרים,700.00,"100 מ""ל",false,,15.90,0.0227,true,1,130933
8858271003044,false,רוטב סויה כהה פורמולה 5 700 גרם מקסצאפ,מזרח ומערב,,מז ומע יבוא מקסצ'אפ,מיליליטרים,700.00,"100 מ""ל",false,,15.90,0.0227,true,1,238623
8858271003068,false,"רוטב סויה מתוקה כהה 250 מ""ל מקסצאפ",מזרח ומערב,,מזרח ומערב יבוא מקסצ,מיליליטרים,250.00,"100 מ""ל",false,,10.90,0.0436,true,1,130935
8858271003075,false,רוטב סויה מתוקה 700 מ'ל מקסצ'אפ,דאנינג יוה פודס קו,TH,מזרח ומערב יבוא מקסצ,מיליליטרים,700.00,"100 מ""ל",false,,16.90,0.0241,true,1,130936
8858271003136,false,רוטב פטריות צמחוני 250 מ'ל - מקסצ'אפ,מזרח ומערב,TH,מזרח ומערב יבוא מקסצ,מיליליטרים,250.00,"100 מ""ל",false,,10.90,0.0436,true,1,130939
8858271003921,false,רוטב קארי אדום 250 מ'ל - מקסצ'אפ,יאן וואל יאן,TH,מזרח ומערב יבוא מקסצ,מיליליטרים,250.00,"100 מ""ל",false,,10.90,0.0436,true,1,130942
8858271003945,false,"רוטב קארי צהוב 250 מ""ל מקסצאפ",Yan Wal Yun Corpora,TH,רוטב קארי צהוב 250 מ,גרמים,250.00,100 גרם,false,,10.90,0.0436,true,1,238614
8858271004034,false,רוטב צ'ילי חריף 700 מ'ל מקסצ'אפ,דאנינג יוה פודס קו,TH,מזרח ומערב יבוא מקסצ,מיליליטרים,700.00,"100 מ""ל",false,,15.90,0.0227,true,1,238621
8858271004126,false,רוטב חמוץ מתוק 700 מ'ל - מקסצ'אפ,יאן ונזל יון,TH,מזרח ומערב יבוא מקסצ,מיליליטרים,700.00,"100 מ""ל",false,,15.50,0.0221,true,1,130945
8858271004300,false,רוטב טריאקי 700 מ'ל מקסצ'אפ,דאנינג יוה פודס קו,CN,מזרח ומערב יבוא מקסצ,מיליליטרים,700.00,"100 מ""ל",false,,21.90,0.0313,true,1,203704
8858271004423,false,"רוטב טום ים 250 מ""ל מקסצ'אפ",מזרח ומערב,,מזרח ומערב יבוא מקסצ,מיליליטרים,250.00,"100 מ""ל",false,,11.90,0.0476,true,1,130947
8858271004799,false,"רוטב צילי מתוק אל פורפסיס 700 מ""ל",יאן ונזל יון,TH,מזרח ומערב יבוא רוטב,מיליליטרים,700.00,"100 מ""ל",false,,12.90,0.0184,true,1,130949
8858271005451,false,"רוטב סויה פורמולה 1 - 250 מ""ל מקסצ'אפ",yan wal yun corpara,TH,רוטב סויה פורמולה 25,מיליליטרים,250.00,"100 מ""ל",false,,10.90,0.0436,true,1,238618
8858271005772,false,"רוטב סויה ללא גלוטן (תמרי)300 מ""ל (כ)",יאן ונזל יון,TH,מזרח ומערב רוטב סויה,מיליליטרים,300.00,"100 מ""ל",false,,16.90,0.0563,true,1,177396
8886303210504,false,"קרם קוקוס 24% 500 מ""ל ""קארה""",ג'ומא,ID,קארה קרם קוקונט 24%,מיליליטרים,500.00,"100 מ""ל",false,,15.90,0.0318,true,1,179305
8886303210542,false,"קארה קרם קוקונט 17% 400 מ""ל",ג'ומא,ID,קארה קרם קוקונט 17%,מיליליטרים,400.00,"100 מ""ל",false,,9.90,0.0248,true,1,179301
8888021200256,false,סוללות אנרג'יזר MAX AA שמינייה,יצרן: אנרג'ייזר סינג,US,AA אנרג'ייזר שמיניית,יחידה,8.00,יחידה,false,,29.90,3.7375,true,1,140309
8888757101506,false,100% שמן מזוכך משומשום קלוי,אוך אייק גואן פוד אי,,"שמן שומשום 150 מ""ל",מיליליטרים,150.00,"100 מ""ל",false,,11.10,0.0740,true,1,172886
8888757103005,false,"שמן שומשום 300 מ""ל",אוך אייק גואן פוד אי,SG,"שמן שומשום 300 מ""ל",מיליליטרים,300.00,"100 מ""ל",false,,19.00,0.0633,true,1,107023
8901138500306,false,משחת שיניים איורודית עם פלואוריד מן הטבע,הימלאיה Himalaya,IN,*מבצע* הימלאיה משחת,מיליליטרים,100.00,"100 מ""ל",false,,16.90,0.1690,true,1,207393
8901138825577,false,"משחת שיניים הימלאיה להגנה מושלמת 75 מ""ל",הימלאיה Himalaya,IN,*מבצע* הימלאיה משחת,מיליליטרים,75.00,"100 מ""ל",false,,16.90,0.2253,true,1,186748
8901138825591,false,"משחת שיניים הימלאיה מלבינה 75 מ""ל",הימלאיה Himalaya,IN,*מבצע* הימלאיה משחת,יחידה,0.00,יחידה,false,,16.90,0.0000,true,1,207394
8901537024014,false,"אורז בסמטי מובחר 1 ק""ג - דוואט) יורה דיעה",הנסיך- מפעל לייצור ט,IN,וילי פוד אורז בסמטי,קילוגרמים,1.00,"ק""ג",false,,13.90,13.9000,true,1,106727
8901537076679,false,"אורז בסמטי חום מלא 1 ק""ג דאוואט",האי נאם סי או אל.טי.,IN,אורז בסמטי חום מלא 1,קילוגרמים,1.00,"ק""ג",false,,15.90,15.9000,true,1,182253
8901571005833,false,מברשת שיניים סנסודיין שלישייה סנסטיב,,,סנסודיין שלישיית מבר,יחידה,0.00,יחידה,false,,14.90,0.0000,true,1,224969
8904180001487,false,רוטב טיקה מסאלה 250 גרם,,IN,רוטב טיקה מסאלה נמסט,גרמים,250.00,100 גרם,false,,24.90,0.0996,true,1,228796
8906000596999,false,"אורז בסמתי מלא 1ק""ג שוקחה",ציימן לאל סטיה,IN,"אורז בסמטי מלא 1ק""ג",קילוגרמים,1.00,"ק""ג",false,,10.90,10.9000,true,1,163063
8906040370054,false,"אורז בסמטי מנסה 5 ק""",,,"אורז בסמטי מנסה 5 ק""",קילוגרמים,5.00,"ק""ג",false,,59.90,11.9800,true,1,235414
8906076277495,false,"אורז תלס 1 ק""ג",,,"אורז תלס 1 ק""ג",קילוגרמים,1.00,"ק""ג",false,,10.90,10.9000,true,1,235617
8906076277501,false,"אורז תלס 5 ק""ג",,,"אורז תלס 5 ק""ג",קילוגרמים,5.00,"ק""ג",false,,49.90,9.9800,true,1,235618
8934878081811,false,"דפי אורז 22 ס""מ 400 גר'(Trav) ללא גלוטן",דאנינג יוה פודס קו,CN,מזרח ומערב יבוא טראו,גרמים,400.00,100 גרם,false,,12.90,0.0323,true,1,130960
8936018435218,false,דג צנינון מלוח מיובש 100 גר BALICHOK,,VN,BALICHOK דג צנינון מ,יחידה,0.00,יחידה,false,,13.90,0.0000,true,1,246276
8936018435256,false,דג צנינון מלוח מיובש 100 גר IMERATOR,,VN,IMPERATOR דג ירח מלו,יחידה,0.00,יחידה,false,,13.90,0.0000,true,1,246278
8936018435270,false,BARAKUDA דג ברקודה מלוח מיובש 100 גרם,,VN,BARAKUDA דג ברקודה מ,יחידה,0.00,יחידה,false,,13.90,0.0000,true,1,246280
8936018435287,false,BAR CHILI דג ברקודה צ'ילי מלוח 100 גרם,,VN,BAR CHILI דג ברקודה,יחידה,0.00,יחידה,false,,13.90,0.0000,true,1,246281
8938535541366,false,"דפי אורז צבעוניים לל""ג 22 ס""מ 400 גרם",Chanh Khang Company,VN,דפי אורז צבעוניים לל,גרמים,400.00,100 גרם,false,,14.90,0.0373,true,1,238607
9000100590693,false,"סאיוס - מוס לשיער לייצוב מקסימלי 250 מ""ל",שוורצקוף,DE,סאיוס מוס לשיער לייצ,מיליליטרים,250.00,"100 מ""ל",false,,27.90,0.1116,true,1,122440
9000100590938,false,"סאיוס - מוס לשיער ליצירת נפח 250 מ""ל",שוורצקוף,SI,סאיוס מוס לשיער ליצי,מיליליטרים,250.00,"100 מ""ל",false,,27.90,0.1116,true,1,122441
9000100760591,false,"פה - דאודורנט רול און לגבר אינוויזיבל פאוואר 50 מ""ל",שוורצקופף והנקל,TR,פה רול און אינביזיבל,יחידה,0.00,יחידה,false,,11.90,0.0000,true,1,213436
9000100806657,false,"פה - דאודורנט רול און לאישה בלתי נראה 50 מ""ל",שוורצקופף והנקל,DE,פה דאודורנט בלתי נר,מיליליטרים,50.00,"מ""ל",false,,11.90,0.2380,true,1,122450
9000100843256,false,"גליס תמציות שמן 6 פעולות משקמות 75 מ""ל",שוורצקוף Schwarzkopf,DE,גליס תמצית שמן 75,יחידה,0.00,יחידה,false,,21.90,0.0000,true,1,215997
9000101372878,false,קפסולות דיסקס לניקוי כביסה לבנה וצבעונית Deep Clean,פרסיל Persil,HU,פרסיל דיסקס לכביסה ל,יחידה,0.00,יחידה,false,,34.90,0.0000,true,1,239391
9000101375268,false,ברף דלקס שלישייה ניחוח יסמין,הנקל,RS,ברף דלקס שילשייה סבו,יחידה,0.00,יחידה,false,,19.90,0.0000,true,1,264699
9000101380255,false,פרסיל דיסקס דיפ קלין מנטרל ריחות 22 קפסו,פרסיל Persil,HU,פרסיל דיסקס ניקיון ה,יחידה,0.00,יחידה,false,,34.90,0.0000,true,1,243741
9000101418163,false,שלישיית סבון אסלה בניחוח מתחלף תפוח ירוק ברף,ברף Bref,RS,ברף שלישיה בניחוח מת,יחידה,0.00,יחידה,false,,19.90,0.0000,true,1,257968
9000101509069,false,ברף - סבון אסלה ג'ל גשם אביב שלשות,הנקל,RS,ברף בריליאנט ג'ל אוק,יחידה,0.00,יחידה,false,,19.90,0.0000,true,1,264916
9000101520965,false,"סבון אסלה בניחוח מתחלף לוטוס עדין במבוק, 3 יחידות",ברף Bref,RS,ברף שלישיה בניחוח מת,יחידה,0.00,יחידה,false,,19.90,0.0000,true,1,257967
9000101537550,false,פרסיל קאפסולות לכביסה לבנה וצבעונית 52 יח',הנקל סוד,HU,פרסיל פאוור קאפס קפס,יחידה,0.00,יחידה,false,,64.90,0.0000,true,1,259700
9000101537581,false,פרסיל קאפסולות לכביסה צבעונית 52 יחידו,הנקל סוד,IL,פרסיל פאוור קאפס קפס,יחידה,0.00,יחידה,false,,64.90,0.0000,true,1,259702
9001148803103,false,שיני שום קלופות 170,חקלאי,IL,שיני שום קלופות 170,יחידה,0.00,יחידה,false,,11.90,0.0000,true,1,262932
9001616202100,false,מוצץ לתינוק ללא ביספנול 6+ מאם 2 יחידות,General,,MAM זמן לאהבה 6+ BOY,יחידה,0.00,יחידה,false,,39.90,0.0000,true,1,129251
9001616202131,false,מוצץ לתינוק מיני ללא ביספנול 0-6 מאם,מאם Mam,,MAM מוצצי פרל 0-6 BO,יחידה,0.00,יחידה,false,,39.90,0.0000,true,1,224048
9001616202155,false,מוצץ לתינוק אולטי סיליקון ללא ביספנול 16+ מאם,מאם Mam,AT,MAM מוצץ סיליקון 16+,יחידה,0.00,יחידה,false,,39.90,0.0000,true,1,129255
9001616202186,false,"בקבוק לתינוק 330 מ""ל 4+ חודשים Easy Active",טרופיקל דגיל תעשיות,AU,MAM בקבוק תינוק 330,יחידה,0.00,יחידה,false,,39.90,0.0000,true,1,129257
9001616202377,false,מאם מוצצים סיליקון 0-6 לילה זוהרים תכלת,General,AT,MAM מוצצי 0-6 לילה ז,יחידה,0.00,יחידה,false,,39.90,0.0000,true,1,129259
9001616202445,false,מוצץ לתינוק מיני אולטי סיליקון עיגולים מאם 2 יחידות,אלפא,AT,MAM איי לאב ממי 0-6,יחידה,0.00,יחידה,false,,39.90,0.0000,true,1,129260
9001616203305,false,זוג פטמות X לבקבוק 6+ חודשים,מאם Mam,AT,MAM זוג פטמות X,יחידה,0.00,יחידה,false,,34.90,0.0000,true,1,129263
9001616203626,false,מאם זוג פטמות מס 3 זרימה מהירה,General,AT,MAM זוג פטמות 3,יחידה,0.00,יחידה,false,,34.90,0.0000,true,1,129268
9001616205774,false,מאם אנימלס מוצצי סיליקון 0-6 תכלת,אלפא,AT,MAM בעלי חיים 0-6 BO,יחידה,0.00,יחידה,false,,39.90,0.0000,true,1,129269
9001616205781,false,מאם מוצצים סיליקון 6+ אנימלס כחול,אלפא,AT,MAM מוצצים קליר 6+ B,יחידה,0.00,יחידה,false,,39.90,0.0000,true,1,129270
9001616661099,false,"בקבוק לתינוק 270 מ""ל 2+ חודשים Easy Active",מאם Mam,AT,MAM בקבוק תינוק 270,יחידה,0.00,יחידה,false,,34.90,0.0000,true,1,129276
9001616669903,false,"בקבוק לתינוק ללא ביספנול 0+ מאם 160 מ""ל",מאם Mam,,MAM בקכוק אנטי קוליק,יחידה,0.00,יחידה,false,,34.90,0.0000,true,1,224255
9001616671579,false,מאם מוצצים סיליקון 0-6 אייר תכלת,מאם Mam,AT,MAM מוצץ איר 0-6 BO,יחידה,0.00,יחידה,false,,39.90,0.0000,true,1,224063
9001616682223,false,מאם בקבוק אנטי קוליק 160 מל ורוד,אלפא,,MAM בקכוק אנטי קוליק,יחידה,0.00,יחידה,false,,34.90,0.0000,true,1,224257
9001616702655,false,מאם מוצצים סיליקון 0-6 לילה זוהרים ורוד,General,AT,MAM מוצצי 0-6 לילה ז,יחידה,0.00,יחידה,false,,39.90,0.0000,true,1,189965
9001616702662,false,מאם מוצצים סיליקון 0-6 פרל ורוד,General,,MAM מוצצי פרל 0-6 GI,יחידה,0.00,יחידה,false,,39.90,0.0000,true,1,224069
9001616702693,false,זוג מוצצי סיליקון בעלי חיים 0-6 ורוד,אלפא,AT,MAM בעלי חיים 0-6 GI,יחידה,0.00,יחידה,false,,39.90,0.0000,true,1,189973
9001616702822,false,זוג מוצצים סיליקון קריסטל מאמ +6 ורוד,General,,MAM מוצץ קריסטל 6+ G,יחידה,0.00,יחידה,false,,39.90,0.0000,true,1,189989
9001616702969,false,"בקבוק תינוק 270 מ""ל סגול",General,AT,MAM בקבוק תינוק 270,יחידה,0.00,יחידה,false,,39.90,0.0000,true,1,190006
9002859042799,false,גונץ - מוצרט כדורים בשקית 300 גר,GUNZ WARENHANDELS,,שוק מוצרט שקית 280ג,גרמים,300.00,100 גרם,false,,37.90,0.1263,true,1,128531
9002859054099,false,מוצרט-שוקולד ממולא 300ג',GUNZ WARENHANDELS,,מוצרט-שוקולד ממולא,גרמים,297.00,100 גרם,false,,37.90,0.1276,true,1,128544
9002859067570,false,דפדפי שוקולד תפוז - גונץ 200 גרם,GUNZ WARENHANDELS,,גונץ-דפדפי שוקולד תפ,גרמים,200.00,100 גרם,false,,18.90,0.0945,true,1,128569
9002859092657,false,גונץ-בננה ציפוי מריר 150 גר,Gunz,,גונץ בננה ציפוי מריר,גרמים,150.00,100 גרם,false,,7.90,0.0527,true,1,174323
9002975393812,false,סוכריות גילי הריבו האפי צירי 70 גרם,,AT,הריבו האפי צ'רי 70 ג,יחידה,0.00,יחידה,false,,7.90,0.0000,true,1,221036
9002975393829,false,סוכריות גילי הריבו פיציס 70 גרם,,AT,הריבו פיצ'ס 70 גרם,יחידה,0.00,יחידה,false,,7.90,0.0000,true,1,221040
9002975393836,false,סוכריות גילי הריבו האפי קולה 70 גרם,"האריבו , ג'י.אם.בי.א",AT,הריבו האפי קולה 70 ג,יחידה,0.00,יחידה,false,,7.90,0.0000,true,1,221041
9002975393843,false,סוכריות גילי הריבו גולדברס 70 גרם,"האריבו , ג'י.אם.בי.א",AT,הריבו גולדברס 70 גרם,יחידה,0.00,יחידה,false,,7.90,0.0000,true,1,221037
9002975393850,false,סוכריות גילי הריבו וורמס 70 גרם,"האריבו , ג'י.אם.בי.א",AT,הריבו וורמס 70 גרם,יחידה,0.00,יחידה,false,,7.90,0.0000,true,1,221042
9005800317014,false,"ניוואה סקראב אורז עור עדין פטל 75 מ""ל",אלפא,DE,ניוואה רייס פילינג ל,יחידה,0.00,יחידה,false,,24.90,0.0000,true,1,229257
9005800317021,false,ניוואה סקראב אורז עור מעורב אלוורה 75מל,אלפא,DE,ניוואה רייס פילינג ל,יחידה,0.00,יחידה,false,,24.90,0.0000,true,1,229258
9005800343143,false,"ניוואה מן אפטר-שייב קול קיק פרש 100 מ""ל",ניואה,DE,ניוואה מן אפטר שייב,מיליליטרים,100.00,"100 מ""ל",false,,49.90,0.4990,true,1,240889
9015340100441,false,"רביעית מיץ בטעם דובדבן 200 מ""ל WMIST",,,רביעיית מיץ בטעם דוב,יחידה,0.00,יחידה,false,,9.90,0.0000,true,1,260302
9015340100458,false,"רביעית מיץ בטעם תפוח 200 מ""ל WMIST",,,רביעיית מיץ בטעם תפו,יחידה,0.00,יחידה,false,,9.90,0.0000,true,1,260303
9015340100465,false,"רביעית מיץ בטעם פירות יער 200 מ""ל WMIST",,,רביעיית מיץ בטעם פיר,יחידה,0.00,יחידה,false,,9.90,0.0000,true,1,260304
9015340100472,false,"רביעית מיץ בטעם פטל 4*200 מ""ל WMIST",,,רביעיית מיץ בטעם פטל,יחידה,0.00,יחידה,false,,9.90,0.0000,true,1,260305
9015340100489,false,"רביעית מיץ בטעם קולה 200 מ""ל WMIST",,,רביעיית מיץ בטעם קול,יחידה,0.00,יחידה,false,,9.90,0.0000,true,1,260306
9015340101301,false,"רביעית מיץ בטעם תות 200 מ""ל WMIST",,,רביעיית מיץ בטעם תות,יחידה,0.00,יחידה,false,,9.90,0.0000,true,1,260307
9015340103794,false,"רביעיה מיץ בטעם אננס אקזוטי 200 מ""ל WMIST",,,רביעיית מיץ בטעם אננ,יחידה,0.00,יחידה,false,,9.90,0.0000,true,1,260308
9044400851672,false,סוכריות פז סוגים שונים + 3 מילויים,פז פרודקשיין יורו,HU,פז דמויות מתחלפות 25,יחידה,0.00,יחידה,false,,11.90,0.0000,true,1,257468
9090083436026,false,*סט 1/4 תחתיות כריסמ,,,*סט 1/4 תחתיות כריסמ,יחידה,0.00,יחידה,false,,39.90,0.0000,true,1,246441
9090083487028,false,סט 1/6 כוסות תה עם צ,,,סט 1/6 כוסות תה עם צ,יחידה,0.00,יחידה,false,,159.90,0.0000,true,1,246449
9090084717025,false,אייל זהב עם קישוט בש,,,אייל זהב עם קישוט בש,יחידה,0.00,יחידה,false,,499.90,0.0000,true,1,269571
9090853830221,false,סנטה קלאוס עומד צבע,,,סנטה קלאוס עומד צבע,יחידה,0.00,יחידה,false,,149.90,0.0000,true,1,269581
9090853840220,false,סנטה קלאוס עומד צבע,,,סנטה קלאוס עומד צבע,יחידה,0.00,יחידה,false,,179.90,0.0000,true,1,269582
9090853850229,false,סנטה קלאוס עומד צבע,,,סנטה קלאוס עומד צבע,יחידה,0.00,יחידה,false,,149.90,0.0000,true,1,269583
9090853860228,false,סנטה קלאוס עומד צבע,,,סנטה קלאוס עומד צבע,יחידה,0.00,יחידה,false,,199.90,0.0000,true,1,269584
9090853940227,false,סנטה קלאוס עומד שמפי,,,סנטה קלאוס עומד שמפי,יחידה,0.00,יחידה,false,,199.90,0.0000,true,1,269585
9090853980223,false,סנטה קלאוס עומד שמנת,,,סנטה קלאוס עומד שמנת,יחידה,0.00,יחידה,false,,199.90,0.0000,true,1,269586
9092854000245,false,סנטה קלאוס עומד אדום,,,סנטה קלאוס עומד אדום,יחידה,0.00,יחידה,false,,199.90,0.0000,true,1,270006
9098329586825,false,שקית שלג,,,שקית שלג,יחידה,0.00,יחידה,false,,7.90,0.0000,true,1,246795
9120025834723,false,חטיף אוראו מצונן 120 גרם רבנות,בובארד איטליה אס.פי.,IT,חטיף אוראו מצונן 120,יחידה,0.00,יחידה,false,,14.90,0.0000,true,1,263994
9120025839896,false,חטיף מילקה מצונן 128 גרם,בובארד איטליה אס.פי.,IT,חטיף מילקה מצונן 120,יחידה,0.00,יחידה,false,,14.90,0.0000,true,1,263995
9310072028743,false,טים טם ביסקוויט במילוי שוקולד 200 גרם,"ארנוטס ביסקוויטס בע""",AU,טים טם אוריגינל 200,גרמים,200.00,100 גרם,false,,19.90,0.0995,true,1,164186
9310072028750,false,טים טם Tim Tam וופל שוקולד ציפוי כפול,"ארנוטס ביסקוויטס בע""",AU,טים טם דאבל 200 גרם,גרמים,200.00,100 גרם,false,,19.90,0.0995,true,1,160337
9310088007015,false,דיפנד תחבושות אוברנייט בלילה,חוגלה קימברלי,VN,תחבושות דיפנד לילה 8,יחידה,8.00,יחידה,false,,22.90,2.8625,true,1,177001
9322969000022,false,"ריל פוד פריכיות תירס עם סויה וזרעי פשתן, ללא גלוטן 150 גרם",אף.סי תבליני בגליל ב,AU,פריכיות תירס עם סויה,גרמים,150.00,100 גרם,false,,13.90,0.0927,true,1,140314
9330344004473,false,סכין גילוח שיק היידרו סילק חד פעמי 2 יח,"אם החיטה בע""מ",CN,שיק היידרו סילק חד פ,יחידה,0.00,יחידה,false,,26.90,0.0000,true,1,205112
9414897010904,false,מול ניו זילנדי על חצ,,,מול ניו זילנדי קפוא,גרמים,500.00,100 גרם,false,,62.90,0.1258,true,1,132929
9700000000023,false,פנגאן נחושת,,,פנגאן נחושת,יחידה,0.00,יחידה,false,,39.90,0.0000,true,1,267040
9700000002888,false,לקשיון,,,לקשיון,יחידה,0.00,יחידה,false,,5.90,0.0000,true,1,266989
9700000100022,false,פנגאן נחושת,,,פנגאן נחושת,יחידה,0.00,יחידה,false,,34.90,0.0000,true,1,266991
9700003000048,false,צנצנת פלסטיק,,,צנצנת פלסטיק,יחידה,0.00,יחידה,false,,2.90,0.0000,true,1,242813
9700004000053,false,צנצנת פלסטיק,,,צנצנת פלסטיק,יחידה,0.00,יחידה,false,,14.90,0.0000,true,1,242818
9720188050109,false,ממרח על בסיס סויה בסגנון גבינה טופוטי 225 גרם,טופוטי ברנדס אינק.ג',IL,טופוטי ממרח טופו בטע,גרמים,227.00,100 גרם,false,,21.90,0.0965,true,1,109846
9720188060108,false,ממרח על בסיס סויה בסגון שמנת טופוטי 340 גרם,טופוטי ברנדס אינק.ג',IL,טופוטי ממרח טופו בטע,גרמים,340.00,100 גרם,false,,19.90,0.0585,true,1,109847
9901101200263,false,מכשיר פלאפל,,,מכשיר פלאפל,יחידה,0.00,יחידה,false,,10.00,0.0000,true,1,234522
9998887770189,false,רשת צליה גדולה ידית,,,רשת צליה גדולה ידית,יחידה,0.00,יחידה,false,,19.90,0.0000,true,1,235059
