code,internal_code,name,manufacturer_name,manufacture_country,manufacturer_item_description,unit_qty,quantity,unit_of_measure,weighted,qty_in_package,price,unit_of_measure_price,allow_discount,status,item_id
30074576,false,מייבלין - מסקרה קולוסאל שחור,,IL,מסקרה ווליום אקס,יחידה,1.00,יחידה,false,1,35.80,35.80,true,1,
30079236,false,מייבלין - מסקרה קולוסאל עמיד שחור,,IL,מסקרה ווליום עמי,יחידה,1.00,יחידה,false,1,35.80,35.80,true,1,
30095069,false,אססי - לק גוון4,לוריאל איפור,DE,לק גוון 04,יחידה,1.00,יחידה,false,1,35.80,35.80,true,1,
30095106,false,אססי - לק גוון8,לוריאל,DE,לק גוון 08,יחידה,1.00,יחידה,false,1,35.80,35.80,true,1,
30095151,false,אססי - לק גוון13,לוריאל,DE,לק גוון 13,יחידה,1.00,יחידה,false,1,35.80,35.80,true,1,
30095267,false,אססי - לק גוון24,לוריאל,DE,לק גוון24,יחידה,1.00,יחידה,false,1,35.80,35.80,true,1,
30095465,false,אססי - לק גוון44,לוריאל,DE,לק גוון 44,יחידה,1.00,יחידה,false,1,35.80,35.80,true,1,
30095472,false,אססי - לק גוון45,לוריאל,DE,לק גוון 45,יחידה,1.00,יחידה,false,1,35.80,35.80,true,1,
30095526,false,אססי - לק גוון50,לוריאל,DE,לק גוון 50,יחידה,1.00,יחידה,false,1,35.80,35.80,true,1,
30095595,false,אססי - לק גוון57,לוריאל,DE,לק גוון 57,יחידה,1.00,יחידה,false,1,35.80,35.80,true,1,
30095847,false,אססי - לק גוון82,לוריאל,DE,לק גוון 82,יחידה,1.00,יחידה,false,1,35.80,35.80,true,1,
30095908,false,אססי - לק גוון88,לוריאל,DE,לק גוון 88,יחידה,1.00,יחידה,false,1,35.80,35.80,true,1,
30095953,false,אססי - לק גוון93,לוריאל,DE,לק גוון 93,יחידה,1.00,יחידה,false,1,35.80,35.80,true,1,
30096585,false,מייבלין - פיט מי קונסילר 10,,IL,קונסילר פיט מי 0,מיליליטרים,6.00,"100 מ""ל",false,1,38.40,640.00,true,1,
30096622,false,מייבלין - פיט מי קונסילר 30,,IL,קונסילר פיט מי 0,מיליליטרים,6.00,"100 מ""ל",false,1,38.40,640.00,true,1,
30108387,false,מייבלין - מסקרה קולוסאל גו אקס שחור,מייבלין Maybelline,FR,מסקרה שחור,יחידה,1.00,יחידה,false,1,34.10,34.10,true,1,
30114319,false,מייבלין - מסקרה קולוסאל גו אקס שחור חזק,מייבלין Maybelline,IL,מסקרה ווליום,יחידה,1.00,יחידה,false,1,35.80,35.80,true,1,
30138223,false,אססי - ג'ל קוטור 10,,IL,לק ג'ל קוטור 10,יחידה,1.00,יחידה,false,1,42.60,42.60,true,1,
30138322,false,אססי - ג'ל קוטור 138,,IL,ג'ל קוטור 138,יחידה,1.00,יחידה,false,1,42.60,42.60,true,1,
30138568,false,אססי ג'ל קוטור לק גוון 3,,ES,אססי ג'ל קוטור ל,יחידה,1.00,יחידה,false,0,42.60,42.60,true,1,
30145436,false,מייבלין - מסקרה קולוסל באונס,,IT,מסקרה קולוסאל בא,יחידה,1.00,יחידה,false,1,38.40,38.40,true,1,
30145535,false,מייבלין - שפתון ס.ס אינק וויניל 20,סופרוג'ם,FR,שפתון אינק וויני,יחידה,1.00,יחידה,false,1,38.40,38.40,true,1,
30147690,false,אססי - לק טופ בגימור מאט,קובלסה,ES,ג'ל קוטור טופ מא,יחידה,1.00,יחידה,false,1,42.60,42.60,true,1,
30148093,false,מייבלין - שפתון ס.ס אינק וויניל 25,סופרוג'ם,FR,שפתון אינק וויני,יחידה,1.00,יחידה,false,1,38.40,38.40,true,1,
30148109,false,מייבלין - שפתון ס.ס אינק וויניל 45,סופרוג'ם,FR,שפתון אינק וויני,יחידה,1.00,יחידה,false,1,38.40,38.40,true,1,
30148116,false,מייבלין - שפתון ס.ס אינק וויניל 15,סופרוג'ם,FR,שפתון אינק וויני,יחידה,1.00,יחידה,false,1,38.40,38.40,true,1,
30148130,false,לנקום ביפסיל מסיר איפור עיניים 75 מל,General,FR,EYES BI-FACIL,מיליליטרים,75.00,"100 מ""ל",false,1,41.80,55.73,true,1,
30150577,false,אססי אקספרסי 430 יח',לוריאל איפור,FR,אססי אקספרסי גוו,יחידה,1.00,יחידה,false,1,29.90,29.90,true,1,
30152526,false,לוריאל - ליינר אינפליבל וייניל,,IT,לוריאל ליינר אינ,יחידה,1.00,יחידה,false,1,47.00,47.00,true,1,
30152830,false,מייבלין - מסקרה סקיי היי שחור,סייפו,IT,סקיי היי מסקרה ק,יחידה,1.00,יחידה,false,1,38.40,38.40,true,1,
30153219,false,מייבלין - שפתון ס.ס אינק וויניל 35,סופרוג'ם,FR,שפתון אינק וויני,יחידה,1.00,יחידה,false,1,38.40,38.40,true,1,
30153226,false,מייבלין - שפתון ס.ס אינק וויניל 55,סופרוג'ם,FR,שפתון אינק וויני,יחידה,1.00,יחידה,false,1,38.40,38.40,true,1,
30153332,false,אבסולו ריצ' קרם עשיר 15,,FR,אבסולו ריצ' קרם,מיליליטרים,15.00,"100 מ""ל",false,1,42.60,284.00,true,1,
30159976,false,אססי - לק גוון 752,לוריאל,ES,לק גוון 752,יחידה,1.00,יחידה,false,1,35.80,35.80,true,1,
30160903,false,לוריאל - מסקרה אייר 30 שעות,,IT,מסקרה מגה ווליום,יחידה,1.00,יחידה,false,1,42.70,42.70,true,1,
30162020,false,אססי - ג'ל קוטור 510,,CN,ג'ל קוטור 510,יחידה,1.00,יחידה,false,1,42.60,42.60,true,1,
30162075,false,אקספרסי גוון 335 יח',,FR,אקספרסי גוון 335,יחידה,1.00,יחידה,false,1,29.90,29.90,true,1,
30162174,false,לוריאל - מסקרה אייר עמידה במים,,IT,VOLUME AIR מסקרה,יחידה,1.00,יחידה,false,1,42.70,42.70,true,1,
30164185,false,לוריאל - מסקרה במבי אוברסייז,,IT,מסקרה במבי אוברס,יחידה,1.00,יחידה,false,1,51.10,51.10,true,1,
30164604,false,"אססי לק מיני 1 5 מ""ל",,IL,אססי לק מיני 1,מיליליטרים,5.00,"100 מ""ל",false,1,21.30,426.00,true,1,
30166967,false,מייבלין - מסקרה סקיי היי,סייפו,IT,מסקרה HIGH SKY,יחידה,1.00,יחידה,false,1,38.40,38.40,true,1,
30166974,false,מייבלין - מסקרה קולוסאל 36 שעות,,IT,מייבלין מסקרה קו,יחידה,1.00,יחידה,false,1,34.10,34.10,true,1,
30167131,false,אססי - ג'ל קוטור 484,,ES,ג'ל קוטור 484,יחידה,1.00,יחידה,false,1,42.60,42.60,true,1,
30171336,false,מייבלין - קונסילר פיט מי 08,,IL,קונסילר פיט מי 0,מיליליטרים,6.00,"100 מ""ל",false,1,38.40,640.00,true,1,
30171343,false,מייבלין - קונסילר פיט מי 18,,IL,קונסילר פיט מי 0,מיליליטרים,6.00,"100 מ""ל",false,1,38.40,640.00,true,1,
30172937,false,לק ג'ל קוטור יח' 509,לוריאל,ES,לק ג'ל קוטור 509,יחידה,1.00,יחידה,false,1,42.60,42.60,true,1,
30172999,false,קולור קווין 01 יח',,IT,קולור קווין 01,יחידה,1.00,יחידה,false,1,29.90,29.90,true,1,
30173385,false,קולור קווין 40יח',,IL,קולור קווין 40,יחידה,1.00,יחידה,false,1,29.90,29.90,true,1,
30173422,false,לוריאל - קונסילר אינפליבל 332,לוריאל,IL,קונסילר אינפליבל,יחידה,1.00,יחידה,false,1,58.00,58.00,true,1,
30173453,false,קונסילר אינפלבל 335 יח',,IL,קונסילר אינפלבל,יחידה,1.00,יחידה,false,1,58.00,58.00,true,1,
30173477,false,קונסילר אינפליבל 337,לוריאל,FR,קונסילר אינפליבל,יחידה,1.00,יחידה,false,1,58.00,58.00,true,1,
30173484,false,לוריאל - קונסילר אינפליבל 338,לוריאל,FR,קונסילר אינפליבל,יחידה,1.00,יחידה,false,1,58.00,58.00,true,1,
30173606,false,לוריאל - קונסילר אינפליבל 325,לוריאל,FR,קונסילר אינפליבל,יחידה,1.00,יחידה,false,1,58.00,58.00,true,1,
30173613,false,לוריאל - קונסילר אינפליבל 326,לוריאל,FR,קונסילר אינפליבל,יחידה,1.00,יחידה,false,1,58.00,58.00,true,1,
30173651,false,לוריאל - קונסילר אינפליבל 330,לוריאל,FR,קונסילר אינפליבל,יחידה,1.00,יחידה,false,1,58.00,58.00,true,1,
30174184,false,שפתון עפרון אינק 15יח',,FR,שפתון עפרון אינק,יחידה,1.00,יחידה,false,1,34.10,34.10,true,1,
30175792,false,מסקרה במבי שחור יח',,IL,מסקרה במבי שחור,יחידה,1.00,יחידה,false,1,51.10,51.10,true,1,
30177291,false,אססי - אקספרסי 190,לוריאל איפור,FR,אססי אקספרסי גוו,יחידה,1.00,יחידה,false,1,29.90,29.90,true,1,
30177307,false,אססי - אקספרסי 200,לוריאל איפור,FR,אססי אקספרסי גוו,יחידה,1.00,יחידה,false,1,29.90,29.90,true,1,
30177376,false,אססי - אקספרסי 290,לוריאל איפור,FR,אססי אקספרסי גוו,יחידה,1.00,יחידה,false,1,29.90,29.90,true,1,
30177413,false,אססי - אקספרסי 340,לוריאל איפור,FR,אססי אקספרסי גוו,יחידה,1.00,יחידה,false,1,29.90,29.90,true,1,
30177437,false,אססי - אקספרסי 380,לוריאל איפור,FR,אססי אקספרסי גוו,יחידה,1.00,יחידה,false,1,29.90,29.90,true,1,
30179141,false,מייבלין - עיפרון שפתון אינק 85,,IL,עפרון שפתון אינק,יחידה,1.00,יחידה,false,1,34.10,34.10,true,1,
30179158,false,עפרון שפתון אינק 90 יח',,IL,עפרון שפתון אינק,יחידה,1.00,יחידה,false,1,34.10,34.10,true,1,
30179493,false,מסקרה שחורה Air Volume Mega,לוריאל פריז L'OREAL PARIS,IT,מסקרה מגה ווליום,יחידה,1.00,יחידה,false,1,42.70,42.70,true,1,
40052403,false,קיט קט 4 אצבעות שוקולד חלב,נסטלה Nestle,DE,חטיף קיט קאט,גרמים,41.00,100 גרם,false,1,4.00,9.76,true,1,
42182115,false,אורביט פייב ספירמינט 12 סטיקס 29 גר,ריגלי צרפת,FR,5 מנטה עדינה,גרמים,40.00,100 גרם,false,0,5.50,13.75,true,1,
42188889,false,אורביט פייב אבטיח 12 סטיקס 29 גר,ריגלי צרפת,FR,מסטיק 5 אבטיח,גרמים,40.00,100 גרם,false,0,5.50,13.75,true,1,
42207443,false,"קרם ניוואה סופט, 50 מ""ל",ביירסדורץ,IL,קרם ניוואה סופט,מיליליטרים,50.00,"100 מ""ל",false,0,7.60,15.20,true,1,
42299363,false,"ניוואה - דאודורנט רול און לגבר פרש פאוור 50 מ""ל",ביירסדורץ,DE,דאודורנט ניוואה,מיליליטרים,50.00,"100 מ""ל",false,1,17.00,34.00,true,1,
59013662,false,דאב דאו רולאון קקאו והיביסקוס 50 מל,"יוניליוור אנגליה, דרך קו",GB,דאודורנט דאב,מיליליטרים,50.00,"100 מ""ל",false,1,11.80,23.60,true,1,
59016441,false,"רקסונה - דאודורנט רול און לאישה פרוט ספין 50 מ""ל","יוניליוור אנגליה, דרך קו",GB,דאו.רקסונה,מיליליטרים,50.00,"100 מ""ל",false,1,15.30,30.60,true,1,
59079378,false,"אקס דאודורנט רול און אייס צ'יל 50 מ""ל","יוניליוור אנגליה, דרך קו",GB,דאודורנט אקס,מיליליטרים,50.00,"100 מ""ל",false,1,18.70,37.40,true,1,
59079798,false,"רקסונה - דאודורנט רול און לאישה אנטי פרספירנט שאוור 50 מ""ל","יוניליוור אנגליה, דרך קו",GB,דאו.רקסונה,מיליליטרים,50.00,"100 מ""ל",false,1,15.30,30.60,true,1,
59082637,false,"רקסונה - דאודורנט רולאון לגבר אקסטרא קול 50 מ""ל",יוניליוור פיליפינים,GB,רקסונה רול און,מיליליטרים,50.00,"100 מ""ל",false,1,15.30,30.60,true,1,
59085645,false,דאב דאודורנט רול און בניחוח אסאי 50 מל,"יוניליוור אנגליה, דרך קו",GB,דאודורנט דאב,מיליליטרים,50.00,"100 מ""ל",false,1,11.80,23.60,true,1,
72994061,false,חטיף פסק זמן GOOD גלילית לבן 40 גרם,שולן צ'\יקולטה גידה סאן.,TR,פסק זמן 2 גוד,גרמים,36.00,100 גרם,false,0,4.00,11.11,true,1,
80001287,false,וופל חטיף לואקר אגוז 38 גר',ליימן מותגים,AT,חטיף גרדנה,גרמים,38.00,100 גרם,false,0,4.00,10.53,true,1,
80001461,false,חטיף גרנדה שוקולד 38 גרם,"א. לואקר קונפקט בע""מ",AT,חטיף גרנדה שוקול,גרמים,38.00,100 גרם,false,0,4.00,10.53,true,1,
80050124,false,סוכריות טיק טק מנטה 16 גרם,פררו - אלבה,ZA,סוכריות טיק טק,גרמים,16.00,100 גרם,false,0,3.00,18.75,true,1,
80762362,false,מסטיק מנטוס וויט בטעם מנטה אקליפטוס 105ג',פרפטי ואן מלה,TR,מנטוס וויט,גרמים,60.00,100 גרם,false,1,9.30,15.50,true,1,
80773429,false,מנטוס בקבוק מעוגל - מסטיק ללא סוכר בטעם תות 60 גרם,"פרפטי ואן מלה ג'\ידה,סאן",TR,מנטוס בקבוק,גרמים,60.00,100 גרם,false,1,10.10,16.83,true,1,
80773443,false,מנטוס בקבוק מעוגל - מסטיק ללא סוכר בטעם מנטה 60 גרם,"פרפטי ואן מלה ג'\ידה,סאן",TR,מסטיק מנטוס,גרמים,60.00,100 גרם,false,1,10.10,16.83,true,1,
80780595,false,מסטיק מנטוס ביג בבקבוק מעוגל טעם מנטה-עדינה 90 ג',פרפטי ואן מלה הולנד,TR,מסטיק מנטוס,גרמים,90.00,100 גרם,false,1,17.00,18.89,true,1,
80790990,false,מסטיק מנטוס בבקבוק מעוגל בטעם פירות -מנטה 60 ג',"פרפטי ואן מלה ג'\ידה,סאן",TR,מסטיק מנטוס,גרמים,60.00,100 גרם,false,1,10.10,16.83,true,1,
80804697,false,מסטיק וויט White בטעם מנטה מתוקה ללא סוכר,פרפטי ואן מלה,TR,מסטיק מנטוס,גרמים,105.00,100 גרם,false,1,17.00,16.19,true,1,
80831402,false,סוכריות מנטוס מנטה עדינה 30 יח' ללא סוכר CLEAN BREATH,פרפטי ואן מלה,NL,סוכריות מנטה,גרמים,21.00,100 גרם,false,1,5.90,28.10,true,1,
80843184,false,מנטוס מסטיק פיור פרש בטעם ענבים 60גר,פרפטי ואן מלה הולנד,TR,מסטיק מנטוס,גרמים,60.00,100 גרם,false,1,10.10,16.83,true,1,
80854753,false,סוכריות מנטוס מנטה 30 יח' ללא סוכר CLEAN BREATH,פרפטי ואן מלה,NL,סוכריות מנטוס,גרמים,21.00,100 גרם,false,1,5.90,28.10,true,1,
80864295,false,סוכריות פיור וויט טעם מנטה עדינה 60 ג' מנטוס,"פרפטי ואן מלה ג'ידה,סאן",TR,מנטוס פיור וויט,גרמים,60.00,100 גרם,false,1,9.30,15.50,true,1,
80896081,false,מנטוס בקבוק מעוגל - מסטיק ללא סוכר בטעם אבטיח 60 גרם,"פרפטי ואן מלה ג'\ידה,סאן",TR,מנטוס בקבוק,גרמים,60.00,100 גרם,false,1,10.10,16.83,true,1,
80913467,false,מנטוס בקבוק מעוגל - מסטיק ללא סוכר בטעם מנטה,פרפטי ואן מלה הולנד,TR,מסטיק מנטוס,גרמים,60.00,100 גרם,false,1,10.10,16.83,true,1,
80979128,false,מנטוס מסטיק בקבוק מעוגל בטעם דובדבן,פרפטי ואן מלה הולנד,TR,מסטיק מנטוס,גרמים,60.00,100 גרם,false,1,10.10,16.83,true,1,
87108538,false,סוכריות בטעם תות מנטוס 37.5 גרם,הדקלאים אגודת שיתופי,NL,מנטוס תות,גרמים,37.00,100 גרם,false,0,3.00,8.11,true,1,
87311396,false,מנטוס ריינבאוו סוכריות לעיסה בטעמי פירות,פרפטי ואן מלה ברדה,NL,מנטוס ריינבאו,גרמים,37.00,100 גרם,false,0,3.00,8.11,true,1,
96033531,true,דאודורנט רול-און רימונים,"יוניליוור אנגליה, דרך קו",GB,דאו רולאון רימון,מיליליטרים,50.00,"100 מ""ל",false,1,11.80,23.60,true,1,
96130339,true,דאו.דאב 0% אלומיניום 50מ,"יוניליוור אנגליה, דרך קו",IT,דאודורנט דאב,מיליליטרים,50.00,"100 מ""ל",false,1,11.80,23.60,true,1,
9531112220,false,אקסטרה בודי קונדישינ500מ,פול מיטשל,US,אקסטרה קונדישינר,מיליליטרים,500.00,"100 מ""ל",false,0,84.60,16.92,true,1,
9531112657,false,"סופר טיפול לחות 500 מ""ל",,US,סופר טיפול לחות,מיליליטרים,500.00,"100 מ""ל",false,1,101.70,20.34,true,1,
9531113098,false,שמפו מספר 1 לשיער צבוע,פול מיטשל,US,שמפו לשיער צבוע,מיליליטרים,500.00,"100 מ""ל",false,0,50.40,10.08,true,1,
9531113104,false,שמפו מספר1 לשיער בלונד1ל,פול מיטשל,US,שמפו שיער בלונד,מיליליטרים,1000.00,"100 מ""ל",false,0,93.10,9.31,true,1,
9531113272,false,שמפו מועשר באוופוהי,פול מיטשל,US,שמפו באוופוהי,מיליליטרים,500.00,"100 מ""ל",false,0,50.40,10.08,true,1,
9531114408,false,מוס תלתלים פלקסיבל סטיל,פול מיטשל,US,מוס תלתלים פלקס,מיליליטרים,500.00,"100 מ""ל",false,0,93.10,18.62,true,1,
9531123615,false,פוראבר בלונד שמפו710מל,,US,שמפו לבלונד,מיליליטרים,710.00,"100 מ""ל",false,0,152.90,21.54,true,1,
9531129204,false,פוראבר בלונד מרכך150מל,,US,פוראבר בלונד קונ,מיליליטרים,150.00,"100 מ""ל",false,1,127.30,84.87,true,1,
16000548404,false,חטיפי גרנולה קראנצ'י עם שיבולת שועל ודבש נייצ'ר ואלי 5*42 גרם,ג'נרל מילס סאן אדריאן,ES,חטיף נייטשר ואלי,גרמים,210.00,100 גרם,false,0,13.50,6.43,true,1,
16000548503,false,חטיפי גרנולה קראנצ'י עם מייפל וסוכר חום נייצ'ר ואלי 5*42 גרם,ג'נרל מילס סאן אדריאן,ES,חטיף נייטשר ואלי,גרמים,210.00,100 גרם,false,0,13.50,6.43,true,1,
16000548909,false,חטיפי גרנולה קראנצ'י במגוון טעמים נייצ'ר ואלי 5*42 גרם,ג'נרל מילס סאן אדריאן,ES,חטיף נייטשר ואלי,גרמים,210.00,100 גרם,false,0,13.50,6.43,true,1,
20714007058,false,דאודורנט רול און,קליניק,GB,דאודורנט רול און,מיליליטרים,75.00,"100 מ""ל",false,0,67.50,90.00,true,1,
20714045159,false,קליניק סבן דייס סקראב,קליניק,BE,7 דיי רינס אוף פ,מיליליטרים,100.00,"100 מ""ל",false,0,141.00,141.00,true,1,
20714066116,false,פודרה Stay-Matte 02,קליניק,US,פודרה סטיי מט 02,יחידה,1.00,יחידה,false,0,153.80,153.80,true,1,
20714066321,false,סופר דאבל פודרה 02,קליניק,US,סופר דאבל פודרה,יחידה,1.00,יחידה,false,0,153.80,153.80,true,1,
20714080310,false,"הפי אדט לגבר 100 מ""ל",קליניק בישום,US,הפי אדט לגבר,מיליליטרים,100.00,"100 מ""ל",false,0,166.60,166.60,true,1,
20714146559,false,מסיר איפור עיניים שפתיים,קליניק,GB,טייק אוף דה דיי,מיליליטרים,125.00,"100 מ""ל",false,0,101.70,81.36,true,1,
20714156893,false,הפי אדפ לאשה 100מל,קליניק בישום,US,הפי אדפ,מיליליטרים,100.00,"100 מ""ל",false,0,183.70,183.70,true,1,
20714215552,false,קליניק טייק דה דיי אופ מסיר איפור בקרם,קליניק,JP,מסיר איפור באלם,מיליליטרים,125.00,"100 מ""ל",false,0,141.00,112.80,true,1,
20714227661,false,קליניק סבון נוזלי לפנים לעור מעורב,קליניק,BE,סבון פנים לעור,מיליליטרים,200.00,"100 מ""ל",false,0,98.20,49.10,true,1,
20714227685,false,קליניק סבון נוזלי לפנים לעור שמן,קליניק,GB,Facial Liquid,מיליליטרים,200.00,"100 מ""ל",false,0,98.20,49.10,true,1,
20714281113,false,קליניק אנטי בלמיש קליריפיינג לושן,קליניק,GB,אנטי בלמיש200,מיליליטרים,200.00,"100 מ""ל",false,0,110.20,55.10,true,1,
20714287047,false,קליניק אול אבאוט אייז ריץ 15 מל,קליניק,GB,קרם עיניים עשיר,מיליליטרים,15.00,"100 מ""ל",false,0,178.60,1190.67,true,1,
20714291822,false,קליניק אנטי בלמיש קלינסינג פום,קליניק,GB,קצף ניקוי לטיפול,מיליליטרים,125.00,"100 מ""ל",false,0,110.20,88.16,true,1,
20714291839,false,קליניק אנטי בלמיש קלירינג מויסצורייזר,קליניק,BE,אנטי בלמיש קלירי,מיליליטרים,50.00,"100 מ""ל",false,0,118.80,237.60,true,1,
20714291853,false,קליניק אנטי בלמיש סט שלושת השלבים באקנה,אלקליל,US,סט 3 השלבים,יחידה,1.00,יחידה,false,1,144.40,144.40,true,1,
20714353353,false,קליניק טינט פייס ברוזנינג גל,קליניק,BE,ג'ל שיזוף עצמי ל,מיליליטרים,50.00,"100 מ""ל",false,0,98.20,196.40,true,1,
20714353766,false,קליניק סאן טינטד קרם גוף מד/דיפ,קליניק,US,תחליב שיזוף עצמי,מיליליטרים,50.00,"100 מ""ל",false,0,100.00,200.00,true,1,
20714394776,false,מייק אפ לטיפול באקנה 02,קליניק,BE,מ.אפ אקנה 02,יחידה,1.00,יחידה,false,0,153.80,153.80,true,1,
20714395230,false,קליניק איבן בטר מוסטוריזר SPF20,קליניק,GB,20SPF איבן בטר ק,מיליליטרים,30.00,"100 מ""ל",false,0,247.80,826.00,true,1,
20714456504,false,קוויק.אינטנס03,קליניק,DE,קוויק.אינטנס03,יחידה,1.00,יחידה,false,0,101.70,101.70,true,1,
20714462727,false,קליניק קליריפיינג לושן 02 400 מל,קליניק,GB,מי הסרה מס 2,מיליליטרים,400.00,"100 מ""ל",false,0,166.60,41.65,true,1,
20714462734,false,קליניק קליריפיינג לושן 03 400 מל,קליניק,GB,מי הסרה מעורב/שמ,מיליליטרים,400.00,"100 מ""ל",false,0,166.60,41.65,true,1,
20714462758,false,קליניק קליריפיינג לושן 01 200 מל,קליניק,GB,מי הסרה לפנים,מיליליטרים,200.00,"100 מ""ל",false,0,98.20,49.10,true,1,
20714462765,false,קליניק קליריפיינג לושן 02 200 מל,קליניק,GB,מי הסרה שלב 2,מיליליטרים,200.00,"100 מ""ל",false,0,98.20,49.10,true,1,
20714463724,false,שפתון צ'אבי סטיק טינטד08,קליניק,CA,שפתון צ'אבי סטיק,יחידה,1.00,יחידה,false,0,93.10,93.10,true,1,
20714495510,false,מייק אפ איבן בטר126 30מ,קליניק,FR,מייק אפ איבן בטר,מיליליטרים,30.00,"100 מ""ל",false,1,153.80,512.67,true,1,
20714561468,false,Extreme Imapct Highמסקרה,קליניק,CA,Imapct Highמסקרה,יחידה,1.00,יחידה,false,0,118.80,118.80,true,1,
20714653651,false,קליניק אנטי בלמיש גל לטיפול באקנה 30 מל,קליניק,GB,ג'ל לטיפול נקודת,מיליליטרים,30.00,"100 מ""ל",false,0,127.30,424.33,true,1,
20714678197,false,קליניק סמארט קרם לילה יבש,קליניק,UA,קרם לחות ללילה,מיליליטרים,50.00,"100 מ""ל",false,0,346.10,692.20,true,1,
20714678203,false,קליניק סמארט קרם לילה מעורב,קליניק,UA,SMART קרם לילה,מיליליטרים,50.00,"100 מ""ל",false,0,346.10,692.20,true,1,
20714678210,false,קליניק קרם לחות SMART MD SPF15,אסתי לאודר,US,SMART קרם לחות ל,מיליליטרים,50.00,"100 מ""ל",false,1,329.00,658.00,true,1,
20714682514,false,קליניק סמארט לחות שמן SPF15,קליניק,UA,SMART קרם לחות,מיליליטרים,50.00,"100 מ""ל",false,0,329.00,658.00,true,1,
20714711856,false,מייק אפ ביונד פרפקט,קליניק,BE,מייק אפ ביונד פר,מיליליטרים,30.00,"100 מ""ל",false,0,179.40,598.00,true,1,
20714769987,false,ארומטיק בלאק אמבר100מל,קליניק בישום,IL,ארומטיק בלאק אמב,מיליליטרים,100.00,"100 מ""ל",false,0,273.50,273.50,true,1,
20714777647,false,קליניק קרם עיניים לתיקון קמטים,קליניק,GB,ריפרוור רינקל,מיליליטרים,15.00,"100 מ""ל",false,0,220.50,1470.00,true,1,
20714810993,false,איילנר שחור היי אימפקט,קליניק,DE,איילנר שחור היי,יחידה,1.00,יחידה,false,0,106.80,106.80,true,1,
20714817725,false,קליניק תכשיר ניקוי עמוק להסרת שחורים,קליניק,BE,פיליניג לניקוי ש,מיליליטרים,125.00,"100 מ""ל",false,1,115.30,92.24,true,1,
20714851125,false,קליניק מויסטר סרג קרם פנים במרקם מים,קליניק,GB,ג'ל פנים,מיליליטרים,48.00,"100 מ""ל",false,1,135.90,283.13,true,1,
20714859459,false,קליניק מי הסרה גמבו סוג עור 2 487 מל,קליניק,GB,מי הסרה עור יבש,מיליליטרים,487.00,"100 מ""ל",false,0,183.70,37.72,true,1,
20714859466,false,קליניק מי הסרה גמבו סוג עור 3 487 מל,קליניק,GB,מי הסרה ג'מבו,מיליליטרים,487.00,"100 מ""ל",false,0,183.70,37.72,true,1,
20714881429,false,"הפי הארט 100 מ""ל",קליניק,FR,הפי הארט,מיליליטרים,100.00,"100 מ""ל",false,1,183.70,183.70,true,1,
20714904111,false,קליניק סופר דיפנס קרם לעור יבש עד מעורב,אלקליל,US,קרם לחות מסדרת S,יחידה,1.00,יחידה,false,1,243.50,243.50,true,1,
20714918354,false,"איבן בטר ריפרש 28 30 מ""ל",קליניק,CA,איבן בטר ריפרש,מיליליטרים,30.00,"100 מ""ל",false,1,175.20,584.00,true,1,
20714918484,false,"איבן בטר ריפרש 76 30 מ""ל",קליניק,CA,איבן בטר ריפרש,מיליליטרים,30.00,"100 מ""ל",false,1,175.20,584.00,true,1,
20714922504,false,שפתון די די ליפ 26יח',קליניק,CA,שפתון די די ליפ,יחידה,1.00,יחידה,false,1,101.70,101.70,true,1,
20714949525,false,קליניק ID בסיס תחליב לחות,קליניק,GB,בסיס תחליב לחות,מיליליטרים,115.00,"100 מ""ל",false,1,158.10,137.48,true,1,
20714949549,false,קליניק ID בסיס לחות במרקם גלי,קליניק,GB,ID בסיס לחות במר,מיליליטרים,115.00,"100 מ""ל",false,1,158.10,137.48,true,1,
20714968892,false,קונסילר טיפולי Ivory יח,,CA,קונסילר טיפולי,יחידה,1.00,יחידה,false,1,123.90,123.90,true,1,
20714984236,false,קליניק מויסטר סרג קרם עיניים 15 מל,קליניק,US,מויסטר סרג' עיני,מיליליטרים,15.00,"100 מ""ל",false,1,135.90,906.00,true,1,
20714996970,false,קל.אייל.קוויק03 רוסט קופ,קליניק,DE,קל.אייל.קוויק03,יחידה,1.00,יחידה,false,0,106.80,106.80,true,1,
20714999346,false,"ארומטיק אלקסיר א.ד.פ לאישה 100 מ""ל- קליניק",קליניק בישום,US,ELIXIR AROMATICS,מיליליטרים,100.00,"100 מ""ל",false,0,273.50,273.50,true,1,
22200956932,false,דאודורנט ספיד סטיק גל 24/7 כחול 85 גר,הנסיך- מפעל לייצור ט,US,דאודורנט ג'ל,גרמים,85.00,100 גרם,false,0,15.20,17.88,true,1,
22200956949,false,דאודורנט ג'ל כתום לגבר ספיד סטיק 85 גרם,קולגייט-פלמוליב,US,דאודורנט,גרמים,85.00,100 גרם,false,0,15.20,17.88,true,1,
22548006719,false,"aramis אדט 110 מ""ל",אסתי לאודר בישו,CH,aramis אדט,מיליליטרים,110.00,"100 מ""ל",false,1,118.80,108.00,true,1,
22548155073,false,"בי דלישס 100% 100 מ""ל",,CH,בי דלישס 100%,מיליליטרים,100.00,"100 מ""ל",false,1,255.50,255.50,true,1,
22548172971,false,Fresh Delicious Beא100.מ,אינטר פרמיום,IT,Delicious Be,מיליליטרים,100.00,"100 מ""ל",false,0,255.50,255.50,true,1,
22548400050,false,STORIES א.ד.ט לאשה 100 מ,דונה קארן,CH,EDT STORIES,מיליליטרים,100.00,"100 מ""ל",false,1,255.50,255.50,true,1,
22548425923,false,"או דה וויאז 100 מ""ל",,CH,או דה וויאז,מיליליטרים,100.00,"100 מ""ל",false,1,341.00,341.00,true,1,
27131017752,false,"YOUTH-DEW אדפ 65 מ""ל",אסתי לאודר בישו,CH,YOUTH-DEW אדפ,מיליליטרים,65.00,"100 מ""ל",false,1,162.30,249.69,true,1,
27131043317,false,Pleasures אדפ לאשה 100מל,אסתי לאודר בישו,CN,Pleasures אדפ לא,מיליליטרים,100.00,"100 מ""ל",false,0,255.50,255.50,true,1,
27131086871,false,"ביוטיפול אדפ לאישה 75מ""ל",אסתי לאודר בישו,IL,ביוטיפול אדפ לאי,מיליליטרים,75.00,"100 מ""ל",false,0,255.50,340.67,true,1,
27131187035,false,WEAR DOUBLE מייק אפ 2c3,אסתי לאודר,BE,WEAR DOUBLE מייק,מיליליטרים,30.00,"100 מ""ל",false,0,200.80,669.33,true,1,
27131187042,false,WEAR DOUBLE מייק אפ 2C2,אסתי לאודר,BE,WEAR DOUBLE מייק,מיליליטרים,30.00,"100 מ""ל",false,0,200.80,669.33,true,1,
27131187066,false,WEAR DOUBLE מייק אפ 3C2,אסתי לאודר,BE,WEAR DOUBLE מייק,מיליליטרים,30.00,"100 מ""ל",false,0,200.80,669.33,true,1,
27131187073,false,WEAR DOUBLE מייק אפ 4N1,אסתי לאודר,BE,WEAR DOUBLE מייק,מיליליטרים,30.00,"100 מ""ל",false,0,200.80,669.33,true,1,
27131228387,false,WEAR DOUBLE מייק אפ 3N1,אסתי לאודר,BE,מייק אפ 3N1,מיליליטרים,30.00,"100 מ""ל",false,0,200.80,669.33,true,1,
27131228400,false,WEAR DOUBLE מייק אפ 2N1,אסתי לאודר,BE,מייק אפ 2N1,מיליליטרים,30.00,"100 מ""ל",false,0,200.80,669.33,true,1,
27131392347,false,WEAR DOUBLE מייק אפ 1W1,אסתי לאודר,BE,מייק אפ 17,מיליליטרים,30.00,"100 מ""ל",false,0,200.80,669.33,true,1,
27131392385,false,WEAR DOUBLE מייק אפ 3W1,אסתי לאודר,BE,מייק אפ 3W1,מיליליטרים,30.00,"100 מ""ל",false,0,200.80,669.33,true,1,
27131392392,false,WEAR DOUBLE מייק אפ 3N2,אסתי לאודר,BE,מייק אפ 3N2,מיליליטרים,30.00,"100 מ""ל",false,0,200.80,669.33,true,1,
27131392439,false,WEAR DOUBLE מייק אפ 5W1,אסתי לאודר,BE,מייק אפ 5W1,מיליליטרים,30.00,"100 מ""ל",false,0,200.80,669.33,true,1,
27131521433,false,"pleasures אדפ 100 מ""ל",אסתי לאודר בישו,CH,pleasures אדפ,מיליליטרים,100.00,"100 מ""ל",false,1,222.20,222.20,true,1,
27131763512,false,אסתי לאודר דיי וור קרם פנים 50 מל,אסתי לאודר,US,קרם WEAR DAY,מיליליטרים,50.00,"100 מ""ל",false,0,222.20,444.40,true,1,
27131763529,false,אסתי לאודר דיי וור קרם SPF15 יבש,אסתי לאודר,IL,WEAR DAY קרם,מיליליטרים,50.00,"100 מ""ל",false,0,226.50,453.00,true,1,
27131771944,false,Extreme Sumptuous מסקרה,אסתי לאודר,BE,Sumptuous מסקרה,יחידה,1.00,יחידה,false,0,136.70,136.70,true,1,
27131830771,false,WEAR DOUBLE מייק אפ 5C1,אסתי לאודר,BE,מייק אפ 5C1,מיליליטרים,30.00,"100 מ""ל",false,0,200.80,669.33,true,1,
27131934943,false,WEAR DOUBLE מייק אפ 1N1,אסתי לאודר,BE,מייק אפ 1N1,מיליליטרים,30.00,"100 מ""ל",false,0,200.80,669.33,true,1,
27131934998,false,WEAR DOUBLE מייק אפ 2C1,אסתי לאודר,BE,מייק אפ 2C1,מיליליטרים,30.00,"100 מ""ל",false,0,200.80,669.33,true,1,
27131969853,false,WEAR DOUBLE מייק אפ 2W2,אסתי לאודר,BE,מייק אפ 2W2,מיליליטרים,30.00,"100 מ""ל",false,0,200.80,669.33,true,1,
27131977476,false,WEAR DOUBLE מייק אפ 3C3,אסתי לאודר,BE,מייק אפ 3C3,מיליליטרים,30.00,"100 מ""ל",false,0,200.80,669.33,true,1,
27131977520,false,WEAR DOUBLE מייק אפ 3W2,אסתי לאודר,BE,מייק אפ 3W2,מיליליטרים,30.00,"100 מ""ל",false,0,200.80,669.33,true,1,
27131977575,false,WEAR DOUBLE מייק אפ 4N2,אסתי לאודר,BE,מייק אפ 4N2,מיליליטרים,30.00,"100 מ""ל",false,0,200.80,669.33,true,1,
27131987840,false,אסתי מסכת ניקוי מקציפה 150 מל-פואם קלינס,אסתי לאודר,BE,מסכת ניקוי,מיליליטרים,150.00,"100 מ""ל",false,0,132.40,88.27,true,1,
35000689535,false,קולגייט מברשת שיניים מקס וייט סופט זוג,קולגייט-פלמוליב,CN,מברשות שיניים2X,יחידה,1.00,יחידה,false,0,20.40,20.40,true,1,
36000183399,false,בגד ים חד פעמי ליטל סווימרס M 7-15 kg,חוגלה קימברלי,CZ,חיתול שחיה האגיס,יחידה,1.00,יחידה,false,0,19.80,19.80,true,1,
36000516876,false,ממחטות נייר קלינקס לושן 3 שכבות 75 דף,חוגלה קימברלי,US,קלינקס לושן,יחידה,1.00,יחידה,false,1,10.10,10.10,true,1,
36000516890,false,ממחטות אף עם אלוורה + ויטמין E תלת שכבתי,חוגלה קימברלי,US,קלינקס לושן,יחידה,1.00,יחידה,false,1,17.00,17.00,true,1,
37977003444,false,מאם מברשות שיניים לילדים זוג תכלת,General,AT,מאמ מברשת שיני,יחידה,1.00,יחידה,false,0,34.00,34.00,true,1,
37977005288,false,מאם מוצצים סיליקון 6+ תכלת לבן,מאם Mam,HU,זוג מוצצים,יחידה,1.00,יחידה,false,0,33.20,33.20,true,1,
37977005424,false,מאמ-נשכן רב תכליתי יחידה,General,HU,נשכן מאמ,יחידה,1.00,יחידה,false,0,28.90,28.90,true,1,
37977005455,false,מאמ מחזיק מוצץ כחול,General,HU,מאמ מחזיק למוצץ,יחידה,1.00,יחידה,false,0,25.50,25.50,true,1,
37977006780,false,סינר עם כיס זברה .,ססי,IL,סינר עם כיס זברה,יחידה,1.00,יחידה,false,1,34.10,34.10,true,1,
37977050059,false,מוצץ לתינוק ללא ביספנול 0-2 מאם 2 יחידות,General,HU,זוג מוצצים,יחידה,1.00,יחידה,false,0,33.20,33.20,true,1,
37977800463,false,נשכנים מצוננים פרפר זוג,ננובבה,IL,נשכנים מצוננים,יחידה,1.00,יחידה,false,1,21.20,21.20,true,1,
38000232176,false,פרינגלס ביג שמנת בצל 158 גרם,פרינגלס מנופקצ'ורינג קונ,US,פרינגלס שמנת בצל,גרמים,158.00,100 גרם,false,1,10.10,6.39,true,1,
38000232183,false,פרינגלס ביג אורגינל 149 גרם,פרינגלס מנופקצ'ורינג קונ,US,פרינגלס אורגינל,גרמים,149.00,100 גרם,false,1,10.10,6.78,true,1,
40000513568,false,סוכריות אם אנד אמס M&M שוקולד חלב,M&M אם אנד אם,US,עדשים מ&מ'ס,גרמים,156.00,100 גרם,false,1,10.60,6.79,true,1,
40000513582,false,עדשים מ&מ'ס בוטנים 156 ג,מארס,US,עדשים מ&מ'ס,גרמים,156.00,100 גרם,false,1,10.60,6.79,true,1,
40000514480,false,M&M אריזה קטנה's שוקולד אריזה קטנה 48 גרם,M&M אם אנד אם,US,עדשי מ&מ'ס,גרמים,48.00,100 גרם,false,1,4.20,8.75,true,1,
40000514510,false,M&M אריזה קטנה's בוטנים אריזה קטנה 49 גרם,M&M אם אנד אם,US,עדשי מ&מ'ס,גרמים,49.00,100 גרם,false,1,4.20,8.57,true,1,
41554220186,false,מייבלין - ליינר ג'ל שחור,,IL,ליינר ג'ל שחור,יחידה,1.00,יחידה,false,1,29.90,29.90,true,1,
46688100502,false,ז`ולן קרם מבהיר אלוורה 28 גרם,General,US,קרם מבהיר שיער,גרמים,28.00,100 גרם,false,0,65.70,234.64,true,1,
56594009998,false,ניוואה סבון מוצק מטפח קרם קר רביעייה,ביירסדורף,DE,ניוואה סבון מוצק,גרמים,360.00,100 גרם,false,1,16.20,4.50,true,1,
71249290361,false,שפתון אינפליבל עמיד217יח,לוריאל,US,שפתון אינפליבל ע,יחידה,1.00,יחידה,false,1,54.60,54.60,true,1,
71249290378,false,לור אינפליבל שפתון עמיד 121,לוריאל,US,שפתון אינפליבל ע,יחידה,1.00,יחידה,false,1,54.60,54.60,true,1,
71249290415,false,שפתון אינפליבל עמיד209יח,לוריאל,US,שפתון אינפליבל ע,יחידה,1.00,יחידה,false,1,54.60,54.60,true,1,
71249290446,false,שפתון אינפליבל עמיד219יח,לוריאל,US,שפתון אינפליבל ע,יחידה,1.00,יחידה,false,1,54.60,54.60,true,1,
73930680109,false,דבק ריסים 7 ג' שקוף DUO,,IL,דבק ריסים 7 ג' ש,יחידה,1.00,יחידה,false,1,42.70,42.70,true,1,
74764301109,false,מארז ריסים בודדים SHORT,,US,מארז ריסים בודדי,יחידה,1.00,יחידה,false,1,42.60,42.60,true,1,
74764302106,false,חבילת ריסים בודדים מדיום,,US,חבילת ריסים בודד,יחידה,1.00,יחידה,false,1,38.30,38.30,true,1,
74764615527,false,ציפורניים בלרינה טבעיות Nail Addict ארדל,,US,ציפורניים בלרינה,יחידה,1.00,יחידה,false,1,29.80,29.80,true,1,
74764615534,false,ציפורניים בלרינה טביעות,,US,ציפורניים בלרינה,יחידה,1.00,יחידה,false,1,34.10,34.10,true,1,
74764638212,false,ציפורניים אובליות Nail Addict ארדל,,US,ציפורניים אובליו,יחידה,1.00,יחידה,false,1,29.80,29.80,true,1,
74764664266,false,ציפורניים קלסיק פרנץ' Nail Addict ארדל,,US,ציפורניים קלאסיק,יחידה,1.00,יחידה,false,1,34.10,34.10,true,1,
74764680259,false,ארדל דבק לרצועות ריסים שקוף ARDELL,מג'יק,US,ארדל דבק ריסים,יחידה,1.00,יחידה,false,0,39.20,39.20,true,1,
74764750105,false,ג`ל שקוף לעיצוב הגבות ARDELL,מג'יק,IL,ג'ל שקוף לע,יחידה,1.00,יחידה,false,0,51.20,51.20,true,1,
74764750174,false,מאיץ צמיחה לגבות וריסים ARDELL,מג'יק,US,מאיץ צמיחה לגבות,יחידה,1.00,יחידה,false,0,51.20,51.20,true,1,
77245110610,false,סוכריות מאסט ללא סוכר בטעם מנטה 80 ג'עלית,MIESZKO S.A - MS. JO,PL,סוכריות מאסט,גרמים,80.00,100 גרם,false,0,7.50,9.38,true,1,
77975094631,false,סניידרס סנדוויץ' בייגלה במילוי קרם בטעם צ'דר 226 גרם,סניידרס לאנס,US,בייגלה סניידרס,גרמים,226.00,100 גרם,false,1,14.40,6.37,true,1,
77975094761,false,סניידרס חטיפים על בסיס קמח חיטה בטעם גבינת צ'דר,סניידרס אוף האנובר,US,חטיף סניידרס,גרמים,340.00,100 גרם,false,1,14.40,4.24,true,1,
77975094778,false,שברי בייגלה סניידרס בטעם דבש חרדל 340 גר,סניידרס אוף האנובר,US,סניידרס דבש חרדל,גרמים,340.00,100 גרם,false,1,14.40,4.24,true,1,
78300081098,false,פלייטקס ספורט עם מוליך רגולר 18 יח,פלייטקס מניפאקטורינג בעמ,US,טמפוני פלייטקס,יחידה,1.00,יחידה,false,1,19.50,19.50,true,1,
78300081111,false,פלייטקס ספורט עם מוליך סופר 18 יח,פלייטקס מניפאקטורינג בעמ,US,טמפוני פלייטקס,יחידה,1.00,יחידה,false,1,19.50,19.50,true,1,
78300081357,false,פלייטקס ספורט עם מוליך סופר פלוס 18 יח,פלייטקס,US,טמפוני פלייטקס,יחידה,1.00,יחידה,false,1,19.50,19.50,true,1,
78300098393,false,פלייטקס טמפונים סופר פלוס סימפלי גנטל גלייד,פלייטקס מניפאקטורינג בעמ,US,טמפונים עם מוליך,יחידה,1.00,יחידה,false,1,19.50,19.50,true,1,
79400461704,false,"אקס - שמפו גבר 2 ב-1 מנטה ורוזמרין 473 מ""ל","יוניליוור ארהב, רייפורד,",US,שמפו אקס,מיליליטרים,473.00,"100 מ""ל",false,1,18.70,3.95,true,1,
79625014013,false,מברשת פודרה יח',,FR,מברשת פודרה,יחידה,1.00,יחידה,false,1,51.20,51.20,true,1,
79625017861,false,מארז סט מברשות,,IL,מארז סט מברשות,יחידה,1.00,יחידה,false,1,84.60,84.60,true,1,
79625018943,false,ספוגית להנחת פודרה יח',,IL,ספוגית להנחת פוד,יחידה,1.00,יחידה,false,1,34.10,34.10,true,1,
79625018950,false,ערכת 5מברשות רב שימושיות,,IL,ערכת מברשות רב ש,יחידה,1.00,יחידה,false,1,84.60,84.60,true,1,
79625018974,false,מברשת קונטור מתכווננת,,IL,מברשת קונטור מתכ,יחידה,1.00,יחידה,false,1,55.50,55.50,true,1,
79625018981,false,מברשת להנחת סומק והייליי,,IL,מברשת להנחת סומק,יחידה,1.00,יחידה,false,1,55.50,55.50,true,1,
79625018998,false,מברשת להנחת מייק אפ,,IL,nברשת להנחת מיי,יחידה,1.00,יחידה,false,1,55.50,55.50,true,1,
79625915426,false,מברשת להנחת קונסילר יח',,IL,מברשת להנחת קונס,יחידה,1.00,יחידה,false,1,34.10,34.10,true,1,
79625915662,false,ספוגית מייק אפ יח',,IL,ספוגית מייק אפ,יחידה,1.00,יחידה,false,1,34.10,34.10,true,1,
80100004436,false,שפתון סופר לסטרוס 525 יח,רבלון,US,שפתון סופר לסטרו,יחידה,1.00,יחידה,false,1,44.30,44.30,true,1,
85715163158,false,"אברקומבי פירסט אינסטינקט א.ד.פ 100 מ""ל",רבלון בישום,US,Abercrombie,מיליליטרים,100.00,"100 מ""ל",false,1,254.00,254.00,true,1,
85715166012,false,"אברקומבי אוטנטיק א.ד.ט 100 מ""ל Abercrombie Fitch Authentic",ש.שסטוביץ,FR,אמברקומבי אוטנטי,מיליליטרים,100.00,"100 מ""ל",false,1,161.50,161.50,true,1,
85715167019,false,"פירסט אינסטינקט בלו אדט לגבר 100 מ""ל - אברקומבי",רבלון בישום,IL,INSTINCT FIRST א,מיליליטרים,100.00,"100 מ""ל",false,1,254.00,254.00,true,1,
85715167224,false,פירסט אינסטיקט בלו 100 מ,אברקומבי בישום,US,פירסט אינסטיקט ב,מיליליטרים,100.00,"100 מ""ל",false,1,255.50,255.50,true,1,
85715167811,false,אברקומבי נטורלי אדפ 100מ,,US,אברקומבי נטורלי,מיליליטרים,100.00,"100 מ""ל",false,1,272.60,272.60,true,1,
85715169020,false,אברקרומבי אותנטיק נייט אשה אדפ 100מל,,US,אותניק נייט אדפ,מיליליטרים,100.00,"100 מ""ל",false,1,229.90,229.90,true,1,
85715169525,false,אותנטיק מומנט אדט100מל,אינטר פרמיום,US,Abercrombie,מיליליטרים,100.00,"100 מ""ל",false,1,212.80,212.80,true,1,
85715169808,false,אברקרומבי אווי אישה אדפ 100מל,,US,אברקרומבי AWAY א,מיליליטרים,100.00,"100 מ""ל",false,1,272.60,272.60,true,1,
85715169907,false,אברקרומבי אוי טונייט100מ,אינטר פרמיום,US,אברקרומבי AWAY,מיליליטרים,100.00,"100 מ""ל",false,1,255.50,255.50,true,1,
85715323002,false,גאס בלה ויטה אישה אדפ 100 מל,,US,גאס בלה ויטה אדפ,מיליליטרים,100.00,"100 מ""ל",false,1,229.90,229.90,true,1,
85715326508,false,גאס בלה ויטה אדט רוז100מ,אינטר פרמיום,FR,גאס בלה ויטה אדט,מיליליטרים,100.00,"100 מ""ל",false,1,212.80,212.80,true,1,
85715326607,false,גאס אומו אדט לגבר 100 מ''ל,,US,גאס אומו אדט לגב,מיליליטרים,100.00,"100 מ""ל",false,1,212.80,212.80,true,1,
85715327246,false,גאס גרומינג דאו סטיק 75,אינטרפרפיום,US,גאס דאו סטיק,גרמים,75.00,100 גרם,false,1,42.60,56.80,true,1,
85805210458,false,אליזבת וויט תה אדפ 100מל,אליזבט ארדן,US,אליזבת וויט תה,מיליליטרים,100.00,"100 מ""ל",false,1,195.70,195.70,true,1,
85805557331,false,"אליזבת ארדן וויט תה לאשה 100 מ""ל",אלפא בישום,US,וויט טי א.אדט100,מיליליטרים,100.00,"100 מ""ל",false,0,204.20,204.20,true,1,
85805558420,false,"רד דור אדט לאישה 100 מ""ל - אליזבת ארדן",,US,רד דור אדט,מיליליטרים,100.00,"100 מ""ל",false,0,187.10,187.10,true,1,
85805574024,false,"אליזבת ארדן וויט תה מנדרין בלוסום לאשה 100 מ ""ל",,IL,וויט טי מנדרין ב,מיליליטרים,100.00,"100 מ""ל",false,1,170.00,170.00,true,1,
88300107438,false,"קלווין קליין וואן א.ד.ט 200 מ""ל",קלווין קליין,US,סי קיי אוון אדט,מיליליטרים,200.00,"100 מ""ל",false,1,194.00,97.00,true,1,
88300162505,false,"אופוריה Euphoria א.ד.פ לאישה 100 מ""ל",קלווין קליין Calvin Klein,IL,אופוריה א.ד.פ,מיליליטרים,100.00,"100 מ""ל",false,1,254.70,254.70,true,1,
88300162512,false,euphoria א.ד.פ לאשה100מל,קוטי HFC,FR,euphoria לאשה,מיליליטרים,100.00,"100 מ""ל",false,0,254.70,254.70,true,1,
88300178278,false,"אופוריה אדט לגבר 100 מ""ל - קלווין קליין",קלווין קליין Calvin Klein,ES,אופוריה סי קיי,מיליליטרים,100.00,"100 מ""ל",false,0,170.00,170.00,true,1,
88300604432,false,"be CK א.ד.ט 200 מ""ל",קלווין קליין,FR,be CK א.ד.ט,מיליליטרים,200.00,"100 מ""ל",false,0,195.70,97.85,true,1,
88300605514,false,ק.ק איטרנטי א.ד.ט 100מל,קלווין קליין,FR,איטרנטי אדט לגבר,מיליליטרים,100.00,"100 מ""ל",false,0,169.00,169.00,true,1,
192333011652,false,קליניק ID ג'ל לחות בעל גוון עדין 115 מל,אלקליל,US,ג'ל לחות בעל גוו,מיליליטרים,115.00,"100 מ""ל",false,1,158.10,137.48,true,1,
192333015599,false,ג'ל לחות בעל גוון מבחנה,,US,ג'ל לחות בעל גוו,מיליליטרים,125.00,"100 מ""ל",false,1,212.80,170.24,true,1,
192333015629,false,קליניק ID ג'ל לחות בעל גוון עדין + מבחנה,אלקליל,US,ג'ל לחות בעל גוו,מיליליטרים,125.00,"100 מ""ל",false,1,212.80,170.24,true,1,
192333015636,false,קליניק ID ג'ל לחות בעל גוון עדין + מבחנה,אלקליל,US,ג'ל לחות בעל גוו,מיליליטרים,125.00,"100 מ""ל",false,1,212.80,170.24,true,1,
192333027226,false,קליניק איבן בטר סרום עוצמתי 50 מל,אלקליל,US,סרום עוצמתי להבה,מיליליטרים,50.00,"100 מ""ל",false,1,388.80,777.60,true,1,
192333042786,false,קליניק מויסטר סרג קרם לחות 15 מל,קליניק,US,מויסטר סרג אינטנ,מיליליטרים,15.00,"100 מ""ל",false,1,41.80,278.67,true,1,
192333042809,false,קליניק ג'ל לחות עשיר לעור יבש מאוד 50 מל,אלקליל,GB,מויסטר סרג אינטנ,מיליליטרים,50.00,"100 מ""ל",false,1,132.40,264.80,true,1,
192333052327,false,קליניק מארז הגנה יום יומי,אלקליל,US,מארז הגנה יום יו,יחידה,1.00,יחידה,false,1,229.90,229.90,true,1,
192333060124,false,קליניק מארז לטיפול יעיל באנטי-אייגינג,קליניק,US,מארז לטיפול באנט,יחידה,1.00,יחידה,false,1,341.00,341.00,true,1,
192333066935,false,קליניק מויסטר סרג קרם לחות 100 שעות 50 מ,General,GB,מויסטר סרג' 100,מיליליטרים,50.00,"100 מ""ל",false,1,132.40,264.80,true,1,
192333067734,false,סבון פנים לעור מעורב30מל,אסתי לאודר,GB,סבון פנים,מיליליטרים,30.00,"100 מ""ל",false,1,17.00,56.67,true,1,
192333077863,false,איבן בטר קליניקל 40 מייק,,FR,איבן בטר קליניקל,מיליליטרים,30.00,"100 מ""ל",false,1,141.00,470.00,true,1,
192333077894,false,איבן בטר קליניקל 70מייק,,FR,איבן בטר קליניקל,מיליליטרים,30.00,"100 מ""ל",false,1,141.00,470.00,true,1,
192333077900,false,איבן בטר קליניקל 74מייק,,FR,איבן בטר קליניקל,מיליליטרים,30.00,"100 מ""ל",false,1,141.00,470.00,true,1,
192333101681,false,קליניק סמארט סרום טיפולי לתיקון קמטים וק,אלקליל,US,סרום טיפולי לתיק,מיליליטרים,50.00,"100 מ""ל",false,1,431.60,863.20,true,1,
192333102749,false,קליניק סמארט קרם עיניים אנטי אייגינג,אסתי לאודר,GB,קרם עיניים סמארט,מיליליטרים,15.00,"100 מ""ל",false,0,238.40,1589.33,true,1,
192333119921,false,מתנת תיק עם 4 פר,,,מתנת תיק עם 4 פר,יחידה,1.00,יחידה,false,0,41.80,41.80,true,1,
192333120651,false,סט OVERLOAD MOISTURE יח',,US,סט OVER MOISTURE,יחידה,1.00,יחידה,false,1,243.50,243.50,true,1,
192333125113,false,קליניק סמארט קרם לחות לעור יבש עד יבש מא,אסתי לאודר,BE,סמארט קרם לחות,מיליליטרים,50.00,"100 מ""ל",false,1,346.10,692.20,true,1,
192333125298,false,סט למראה עיניים רענן,אסתי לאודר,US,סט למראה עיניים,יחידה,1.00,יחידה,false,1,106.80,106.80,true,1,
192333127865,false,קליניק מויסטר סרג סט לטיפוח והענקת לחות,אסתי לאודר,US,סט לטיפוח והלחות,יחידה,1.00,יחידה,false,1,132.40,132.40,true,1,
192333129272,false,אייליינר נוזלי יח',,JP,אייליינר נוזלי,יחידה,1.00,יחידה,false,1,106.80,106.80,true,1,
192333130308,false,מסקרה מעגלת ריסים עמידה,אסתי לאודר,JP,מסקרה מעגלת ריסי,מיליליטרים,8.00,"100 מ""ל",false,1,84.60,1057.50,true,1,
192333142004,false,קליניק מארז אנטי אייגינג למראה עור צעיר,אסתי לאודר,US,סט אנטי אייג'ינג,יחידה,1.00,יחידה,false,1,329.00,329.00,true,1,
305210256712,false,וזלין לשפתיים אורגינל 0.25 אונקיה,"יוניליוור ג'ונסבורו,",US,וזלין לשפתיים או,יחידה,1.00,יחידה,false,1,12.70,12.70,true,1,
305210464728,false,וזלין מיני לשפתיים בטעם קרם ברולה,"יונילוור ארה""ב - HPC",US,וזלין לשפתיים קר,יחידה,1.00,יחידה,false,1,12.70,12.70,true,1,
309970006990,false,קנדיד מייק אפ 210 יח',רבלון,US,קנדיד מייק אפ 21,יחידה,1.00,יחידה,false,1,55.50,55.50,true,1,
309970039059,false,קולור סטיי לוק בוק 940 3,רבלון,FR,קולור סטיי לוק ב,יחידה,1.00,יחידה,false,1,59.70,59.70,true,1,
309970039738,false,שפתון סופר לסטרוס מאט 23,,US,שפתון סופר לסטרו,יחידה,1.00,יחידה,false,1,42.60,42.60,true,1,
309970050542,false,מסקרה ג'ל לגבות 301 יח',,US,מסקרה ג'ל לגבות,יחידה,1.00,יחידה,false,1,51.20,51.20,true,1,
309970050559,false,מסקרה ג'ל לגבות 301 יח',,US,מסקרה ג'ל לגבות,יחידה,1.00,יחידה,false,1,51.20,51.20,true,1,
309970050566,false,מסקרה ג'ל לגבות 302 יח',,US,מסקרה ג'ל לגבות,יחידה,1.00,יחידה,false,1,51.20,51.20,true,1,
309970058760,false,קנדיד פודרה 003,רבלון,FR,קנדיד פודרה 003,יחידה,1.00,יחידה,false,1,55.50,55.50,true,1,
309970064495,false,שמן שפתיים קיס גלואו 9 י,,FR,שמן שפתיים קיס ג,יחידה,1.00,יחידה,false,1,49.50,49.50,true,1,
309970076016,false,קנדיד פודרה 001 יח',רבלון,FR,קנדיד פודרה 001,יחידה,1.00,יחידה,false,1,55.50,55.50,true,1,
309970078782,false,סומק 28 אפריקוט יח',,US,סומק 28 אפריקוט,יחידה,1.00,יחידה,false,1,59.70,59.70,true,1,
309970093297,false,סקין לייט הייליטר 201 יח,,US,סקין לייט הייליט,יחידה,1.00,יחידה,false,1,59.70,59.70,true,1,
309970093389,false,שפתון סופר לסטרוס מאט 04,,US,שפתון סופר לסטרו,יחידה,1.00,יחידה,false,1,42.60,42.60,true,1,
309970093648,false,פוטורדי פריימר פלוס פרפק,רבלון,US,פוטורדי פריימר פ,מיליליטרים,30.00,"100 מ""ל",false,1,85.30,284.33,true,1,
309970108014,false,מייקאפ פול קאבר נארלי390,רבלון,US,מייקאפ פול קאבר,מיליליטרים,30.00,"100 מ""ל",false,1,68.20,227.33,true,1,
309970117061,false,שפתון קולורסטיי אינק 5,,US,שפתון קולורסטיי,יחידה,1.00,יחידה,false,1,59.70,59.70,true,1,
309970117085,false,שפתון קולורסטיי אינק 7,,US,שפתון קולורסטיי,יחידה,1.00,יחידה,false,1,59.70,59.70,true,1,
309970117092,false,שפתון קולורסטיי אינק 8,,US,שפתון קולורסטיי,יחידה,1.00,יחידה,false,1,59.70,59.70,true,1,
309970117146,false,שפתון קולורסטיי אינק 10,,US,שפתון קולורסטיי,יחידה,1.00,יחידה,false,1,59.70,59.70,true,1,
309973025066,false,שפתון סופר לסטרוס מאט 52,,US,שפתון סופר לסטרו,יחידה,1.00,יחידה,false,1,42.60,42.60,true,1,
309973025073,false,שפתון סופר לסטרוס מאט 53,,US,שפתון סופר לסטרו,יחידה,1.00,יחידה,false,1,42.60,42.60,true,1,
309973174306,false,ק.סטיי שפתון אולטימט 30,רבלון,US,שפתון אולטימט,יחידה,1.00,יחידה,false,0,64.00,64.00,true,1,
309973174955,false,שפתון אולטימט 095,רבלון,US,שפתון,יחידה,1.00,יחידה,false,0,64.00,64.00,true,1,
309974244602,false,רבלון ק.ס שפתון אוברטיים 12ש 430פרנל.פיצ,רבלון,US,שפתון ק.סטיי אוב,יחידה,1.00,יחידה,false,0,62.30,62.30,true,1,
309974296014,false,עט תיקון וטשטוש פוטורדי,רבלון,FR,עט תיקון וטשטוש,יחידה,1.00,יחידה,false,1,68.20,68.20,true,1,
309974792028,false,פלטת הארות 20 יח',רבלון,US,פלטת הארות 20,יחידה,1.00,יחידה,false,0,72.50,72.50,true,1,
309974877060,false,שפתון סופר לסטרו 046 יח',רבלון,US,שפתון סופר לסטרו,יחידה,1.00,יחידה,false,0,44.30,44.30,true,1,
309975210132,false,קולור סטיי צללית 850 יח',רבלון,MX,קולור סטיי צללית,יחידה,1.00,יחידה,false,1,62.30,62.30,true,1,
309975210187,false,קולור סטיי צללית805יח',רבלון,MX,קולור סטיי צללית,יחידה,1.00,יחידה,false,1,62.30,62.30,true,1,
309975316711,false,שפתון ק.סטיי אוברטיים480,רבלון,US,שפתון ק.סטיי אוב,יחידה,1.00,יחידה,false,0,62.30,62.30,true,1,
309975316728,false,שפתון ק.סטיי אוברטיים490,רבלון,US,שפתון ק.סטיי אוב,יחידה,1.00,יחידה,false,0,62.30,62.30,true,1,
309975316735,false,שפתון ק.סטיי אוברטיים500,רבלון,FR,שפתון ק.סטיי אוב,יחידה,1.00,יחידה,false,1,62.30,62.30,true,1,
309975410020,false,מייק אפ קולורסטיי 150,רבלון,US,מייק אפ קולורסטי,מיליליטרים,30.00,"100 מ""ל",false,0,89.60,298.67,true,1,
309975410037,false,מייק אפ קולורסטיי 180,רבלון,US,מייק אפ קולורסטי,מיליליטרים,30.00,"100 מ""ל",false,0,89.60,298.67,true,1,
309975410044,false,מייק אפ קולורסטיי 200,רבלון,US,מייק אפ קולורסטי,מיליליטרים,30.00,"100 מ""ל",false,0,89.60,298.67,true,1,
309975410075,false,מייק אפ קולורסטיי 250,רבלון,US,מייק אפ קולורסטי,מיליליטרים,30.00,"100 מ""ל",false,0,89.60,298.67,true,1,
309975410112,false,מייק אפ Tan Natural 330,רבלון,US,מייק אפ,מיליליטרים,30.00,"100 מ""ל",false,0,89.60,298.67,true,1,
309975415032,false,מייק אפ ק.סטיי180,רבלון,US,מייק אפ ק.סטיי18,מיליליטרים,30.00,"100 מ""ל",false,0,89.60,298.67,true,1,
309975415063,false,מייק אפ קולורסטיי 240,רבלון,US,מייק אפ קולורסטי,מיליליטרים,30.00,"100 מ""ל",false,0,89.60,298.67,true,1,
309975415070,false,COLORSTAY מייק אפ משאבה,רבלון,US,מייק אפ 250,מיליליטרים,30.00,"100 מ""ל",false,0,89.60,298.67,true,1,
309975415117,false,מייק אפ קולורסטיי 400,רבלון,US,מייק אפ קולורסטי,מיליליטרים,300.00,"100 מ""ל",false,0,89.60,29.87,true,1,
309975726107,false,שפתון קולורברסט205 יח',רבלון,US,שפתון קולורברסט2,יחידה,1.00,יחידה,false,0,46.90,46.90,true,1,
309975726152,false,שפתון קולורברסט225 יח',רבלון,US,שפתון קולורברסט2,יחידה,1.00,יחידה,false,0,46.90,46.90,true,1,
309975764024,false,עפרון וג'ל לגבות ברונט,רבלון,US,עפרון לגבות,יחידה,1.00,יחידה,false,0,52.90,52.90,true,1,
309975969016,false,איילינר סקיני שחור יח',רבלון,US,איילינר סקיני שח,יחידה,1.00,יחידה,false,0,64.80,64.80,true,1,
309976047027,false,קולורסטיי פודרה דחוסה820,רבלון,US,פודרה דחוסה,יחידה,1.00,יחידה,false,0,91.30,91.30,true,1,
309976047041,false,פודרה דחוסה Medium 840,רבלון,US,פודרה דחוסה 840,יחידה,1.00,יחידה,false,0,91.30,91.30,true,1,
309976131047,false,קונסילר קולורסטיי640 יח',רבלון,US,קונסילר קולורסטי,יחידה,1.00,יחידה,false,0,55.40,55.40,true,1,
309976182018,false,מסקרה ווליומיזינג שחורה,רבלון,US,מסקרה ווליומיזינ,יחידה,1.00,יחידה,false,1,59.70,59.70,true,1,
309976297019,false,ווליומיזינג מסקרה עמידה,,US,ווליומיזינג מסקר,יחידה,1.00,יחידה,false,1,59.70,59.70,true,1,
309976954035,false,שפתון סופר לסטרוס 420 יח,רבלון,US,שפתון סופר לסטרו,יחידה,1.00,יחידה,false,0,44.30,44.30,true,1,
309977641040,false,צללית קולורסטיי קרם705,רבלון,MX,צללית,יחידה,1.00,יחידה,false,0,62.30,62.30,true,1,
309977641095,false,צללית קולורסטיי קרם735,רבלון,MX,צללית,יחידה,1.00,יחידה,false,0,62.30,62.30,true,1,
309977948026,false,עפרון גבות קולורסטיי210,רבלון,US,עפרון גבות קולור,יחידה,1.00,יחידה,false,0,70.80,70.80,true,1,
309978161141,false,שפתון HD מאט 630 יח',רבלון,US,שפתון HD מאט 630,יחידה,1.00,יחידה,false,0,65.70,65.70,true,1,
309978358015,false,עפרון עיניים 2ב101-1,רבלון,US,עיפרון עיניים,יחידה,1.00,יחידה,false,0,61.40,61.40,true,1,
309978392552,false,שפתון אולטימייט סוויד 55,רבלון,US,שפתון אולטימייט,יחידה,1.00,יחידה,false,0,64.00,64.00,true,1,
309978924104,false,שפתון סופר לסטרוס 130 יח,רבלון,US,שפתון סופר לסטרו,יחידה,1.00,יחידה,false,0,44.30,44.30,true,1,
309979380022,false,שפתון ק.סטיי אוברטיים020,רבלון,US,שפתון ק.סטיי אוב,יחידה,1.00,יחידה,false,0,62.30,62.30,true,1,
309979380046,false,שפתון ק.סטיי אוברטיים040,רבלון,US,שפתון ק.סטיי אוב,יחידה,1.00,יחידה,false,0,62.30,62.30,true,1,
309979380145,false,שפתון ק.סטיי אוברטיים014,רבלון,US,שפתון ק.סטיי אוב,יחידה,1.00,יחידה,false,0,62.30,62.30,true,1,
309979380220,false,שפתון ק.סטיי אוברטיים220,רבלון,US,שפתון ק.סטיי אוב,יחידה,1.00,יחידה,false,0,62.30,62.30,true,1,
309979380367,false,שפתון ק.סטיי אוברטיים036,רבלון,US,שפתון ק.סטיי אוב,יחידה,1.00,יחידה,false,0,62.30,62.30,true,1,
309979380381,false,שפתון ק.סטיי אוברטיים038,רבלון,US,שפתון ק.סטיי אוב,יחידה,1.00,יחידה,false,0,62.30,62.30,true,1,
309979380466,false,שפתון ק.סטיי אוברטיים046,רבלון,US,שפתון ק.סטיי אוב,יחידה,1.00,יחידה,false,0,62.30,62.30,true,1,
309979380527,false,שפתון ק.סטיי אוברטיים270,רבלון,US,שפתון ק.סטיי אוב,יחידה,1.00,יחידה,false,0,62.30,62.30,true,1,
607710002326,false,מסקרה מאריכה ומעגלת,סמאש בוקס,CA,מסקרה מאריכה ומע,יחידה,1.00,יחידה,false,0,103.40,103.40,true,1,
607710004733,false,פריימר קלאסי לעור מושלם,סמאש בוקס,US,פריימר קלאסי לעו,מיליליטרים,30.00,"100 מ""ל",false,0,149.50,498.33,true,1,
607710005433,false,שפתון במרקם קרם המעניק צ,סמאש בוקס,CA,שפתון במרקם קרם,יחידה,1.00,יחידה,false,0,87.10,87.10,true,1,
607710069497,false,מסקרה מאריכה ויוצרת נפח,סמאש בוקס,IT,מסקרה מאריכה ויו,מיליליטרים,10.00,"100 מ""ל",false,0,98.20,982.00,true,1,
607710081925,false,קונסילר SKIN STUDIO עמיד,סמאש בוקס,BE,קונסילר S STUDIO,יחידה,1.00,יחידה,false,0,101.70,101.70,true,1,
607710082021,false,קונסילר SKIN STUDIO עמיד,סמאש בוקס,BE,קונסילר S STUDIO,יחידה,1.00,יחידה,false,0,101.70,101.70,true,1,
607710082649,false,מארז 3 שפתונים יח',,IL,מארז 3 שפתונים,יחידה,1.00,יחידה,false,1,123.90,123.90,true,1,
607710087033,false,שפתון נוזלי עמיד 8 שעות,,IL,שפתון נוזלי עמיד,יחידה,1.00,יחידה,false,1,102.50,102.50,true,1,
607710088696,false,שפתון מאט יח',,IL,שפתון מאט,יחידה,1.00,יחידה,false,1,102.50,102.50,true,1,
607710089617,false,סמאשבוקס קרם לחות המשלב מקדם הגנה-FAIRLI,אלקליל,US,קרם לחות המשלב מ,מיליליטרים,40.00,"100 מ""ל",false,1,141.00,352.50,true,1,
607710089624,false,סמאשבוקס קרם לחות המשלב מקדם הגנה-LIGHT,אלקליל,US,קרם לחות המשלב מ,מיליליטרים,40.00,"100 מ""ל",false,1,141.00,352.50,true,1,
607710089808,false,היילטר למראה זוהר יח',,IL,היילטר למראה זוה,יחידה,1.00,יחידה,false,1,153.80,153.80,true,1,
607710095922,false,מתנת 2 פריימרים מוקטנים,,US,מתנת 2 פריימרים,יחידה,1.00,יחידה,false,1,18.70,18.70,true,1,
607710098794,false,עפרון שפתיים פריימר יח',,DE,עפרון שפתיים פרי,יחידה,1.00,יחידה,false,1,85.40,85.40,true,1,
607710099111,false,פריימר ולחות 10 מ''ל,,US,פריימר ולחות,מיליליטרים,10.00,"100 מ""ל",false,0,64.10,641.00,true,1,
607710099128,false,פריימר לעור זוהר 30 מ''ל,,US,פריימר לעור זוהר,מיליליטרים,30.00,"100 מ""ל",false,0,149.50,498.33,true,1,
607710099166,false,עפרון שפתיים פריימר יח',,DE,עפרון שפתיים פרי,יחידה,1.00,יחידה,false,1,85.40,85.40,true,1,
607710812031,false,STEP BY STEP פלטת קונטור,סמאש בוקס,US,פלטת קונטור,יחידה,1.00,יחידה,false,0,200.80,200.80,true,1,
608940517482,false,פאריס הילטון אדפ אשה100מ,,US,פאריס הילטון,מיליליטרים,100.00,"100 מ""ל",false,0,84.60,84.60,true,1,
608940543313,false,"ריהאנה רייבל פלור א.ד.פ 100 מ""ל",אלפא בישום,US,Fleur Reb'l לאשה,מיליליטרים,100.00,"100 מ""ל",false,0,84.60,84.60,true,1,
608940565056,false,גולד ראש אדפ אשה100מל,,US,גולד ראש אדפ,מיליליטרים,100.00,"100 מ""ל",false,0,110.20,110.20,true,1,
608940567975,false,ריהנה רירי קיס א.אדפ100מ,אלפא קוסמטיקה,IL,ריהנה רירי ק.אדפ,מיליליטרים,100.00,"100 מ""ל",false,1,84.60,84.60,true,1,
608940570470,false,בלאק בולד אדט לגבר100מל,,US,בלאק בולד אדט,מיליליטרים,100.00,"100 מ""ל",false,0,110.20,110.20,true,1,
608940574706,false,"רבל פלור לאב אלוויז אדפ 100 מ""ל - ריהאנה",,US,ALWAYS LOVE RRF,מיליליטרים,100.00,"100 מ""ל",false,1,84.60,84.60,true,1,
608940577752,false,רוז ראש פרגרנס מיסט236מל,,US,רוז ראש,מיליליטרים,236.00,"100 מ""ל",false,0,33.30,14.11,true,1,
608940579572,false,פלטינום פרגרנס מיסט236מל,,US,פלטינום פרגרנס,מיליליטרים,236.00,"100 מ""ל",false,0,42.60,18.05,true,1,
608940583845,false,בילי אייליש אדפ100מל,,US,Eilish Billieאדפ,מיליליטרים,100.00,"100 מ""ל",false,1,170.00,170.00,true,1,
608940583890,false,"בילי אייליש מארז לאישה 100 מ""ל",,US,בילי אייליש אדפ,מיליליטרים,110.00,"100 מ""ל",false,1,212.80,193.45,true,1,
619098000863,false,טרבלו בקבוק מילוי זהב יח,,IL,טרבלו בקבוק מילו,יחידה,1.00,יחידה,false,1,51.20,51.20,true,1,
643540760340,false,סט מברשת + משחת שיניים דיסני מלך האריות בטעם פירות טרופיים,פארמה דיל,CN,מב.שיניים+מש.שינ,יחידה,1.00,יחידה,false,1,17.00,17.00,true,1,
643540760432,false,סט מברשת + משחת שיניים דיסני ספיידרמן בטעם ענבים,פארמה דיל,CN,מב.שיניים+מש.שינ,יחידה,1.00,יחידה,false,1,17.00,17.00,true,1,
651080153515,false,פלקרס חוט דנטלי לילדים 30 יח,דנטלון,CN,קיסם עם חוט,יחידה,1.00,יחידה,false,1,11.50,11.50,true,1,
651080161510,false,פלקרס פולסר לשיניים צפופות-מנטה 35 יחידו,מיוצר עי קונדיטוריית,CN,קיסם עם חוט,יחידה,1.00,יחידה,false,1,11.50,11.50,true,1,
651080366519,false,פלקרס פלוסר כפול טווין ליין,דנטלון,CN,פלאקרס טווין ליי,יחידה,1.00,יחידה,false,0,12.70,12.70,true,1,
651080647519,false,קיסמים עם חוט דנטלי פלאקרס מנטה 35 יחידות,"פלקרס רנור ארה""ב",US,קיסם עם חוט,יחידה,1.00,יחידה,false,1,11.50,11.50,true,1,
667538086151,false,"פיור סדקשין בודי מיסט לאישה 250 מ""ל - ויקטוריה סיקרט",ויקטוריה סיקרט,US,בודי ספריי,מיליליטרים,250.00,"100 מ""ל",false,1,50.40,20.16,true,1,
667538086236,false,"ויקטוריה סיקרט - בודי מיסט טמפטיישן 250 מ""ל",ויקטוריה סיקרט,US,טמפטיישן פרגרנס,מיליליטרים,250.00,"100 מ""ל",false,1,50.40,20.16,true,1,
667538582028,false,"ויקטוריה סיקרט - בודי מיסט אקווה קיס 250 מ""ל",ויקטוריה סיקרט,US,אקווה קיס,מיליליטרים,250.00,"100 מ""ל",false,1,50.40,20.16,true,1,
667546048578,false,טו דה ביץ' פרגרנס מיסט,ויקטוריה סיקרט,US,טו דה ביץ' פרגרנ,מיליליטרים,250.00,"100 מ""ל",false,1,50.40,20.16,true,1,
667547946903,false,"ו.סיקריט בודי ספריי קוזי לייפ 250 מ""ל",ויקטוריה סיקרט,US,דאט קוזי פרגרנס,מיליליטרים,250.00,"100 מ""ל",false,1,50.40,20.16,true,1,
667547946927,false,"ו.סיקריט א.חדשה בודי ספרי לט סטיי אין 250 מ""ל",ויקטוריה סיקרט,FR,לטס סטיי אין,מיליליטרים,250.00,"100 מ""ל",false,1,50.40,20.16,true,1,
667548083645,false,"ויקטוריה סיקרט - בודי ספריי ספארקל לייק אנג'ל 250 מ""ל",ויקטוריה סיקרט,FR,ספארק לייק אן אנ,מיליליטרים,250.00,"100 מ""ל",false,1,50.40,20.16,true,1,
667548099141,false,פיור סדקשן פרגרנס 250מל,ויקטוריה סיקרט,IL,פיור סדקשן,מיליליטרים,250.00,"100 מ""ל",false,1,50.40,20.16,true,1,
667548099158,false,"ויקטוריה סיקרט - בודי ספריי לאב ספל 250 מ""ל",ויקטוריה סיקרט,IL,לאב ספל פרגרנס,מיליליטרים,250.00,"100 מ""ל",false,1,50.40,20.16,true,1,
667548099165,false,"ו.סיקרט בודי ספריי ולווט פטלס 250מ""ל",ויקטוריה סיקרט,IL,ולווט פטאלס,מיליליטרים,250.00,"100 מ""ל",false,1,50.40,20.16,true,1,
667548099172,false,"ו.סיקרט בודי ספריי באר ונילה 250מ""ל",ויקטוריה סיקרט,IL,באר ונילה,מיליליטרים,250.00,"100 מ""ל",false,1,50.40,20.16,true,1,
667548099219,false,"מיי גוף ספריי אמבר רומנס ויקטוריה סיקרט - 250 מ""ל",ויקטוריה סיקרט,IL,אמבר רומנס,מיליליטרים,250.00,"100 מ""ל",false,1,50.40,20.16,true,1,
667548879347,false,"ויקטוריה סיקרט - בודי ספריי אקווה קיס 250 מ""ל",ויקטוריה סיקרט,US,אקווה קיס פרגרנ,מיליליטרים,250.00,"100 מ""ל",false,1,50.40,20.16,true,1,
667548879354,false,"ו.סיקריט (א.חדשה) בודי ספריי לאב אדיקט 250מ""ל",ויקטוריה סיקרט,FR,לאב אדיקט,מיליליטרים,250.00,"100 מ""ל",false,1,50.40,20.16,true,1,
667549011548,false,"ויקטוריה סיקרט - בודי ספריי טמפטיישן 250 מ""ל",ויקטוריה סיקרט,US,טמפטיישן פרגרנס,מיליליטרים,250.00,"100 מ""ל",false,1,50.40,20.16,true,1,
667549011562,false,"מיי גוף ספריי ראש ויקטוריה סיקרט - 250 מ""ל",ויקטוריה סיקרט,IL,ראש פרגרנס,מיליליטרים,250.00,"100 מ""ל",false,1,50.40,20.16,true,1,
690251080991,false,פאוני אנד בלאש סוויי100מ,,GB,פאוני אנד בלאש ס,מיליליטרים,100.00,"100 מ""ל",false,1,511.90,511.90,true,1,
690251081035,false,ליים בסיל אנד מנדרין100מ,,GB,ליים בסיל אנד מנ,מיליליטרים,100.00,"100 מ""ל",false,1,511.90,511.90,true,1,
693102200098,false,קונסילר 3 גוונים יח',,IL,קונסילר 3 גוונים,יחידה,1.00,יחידה,false,1,112.80,112.80,true,1,
693102200111,false,קונסילר 3 גוונים יח',,IL,קונסילר 3 גוונים,יחידה,1.00,יחידה,false,1,112.80,112.80,true,1,
693102441095,false,תוחם שפתיים יח',,IL,תוחם שפתיים,יחידה,1.00,יחידה,false,1,49.50,49.50,true,1,
693102500631,false,שפתון נוזלי-מיאמי פיבר,OFRA,US,שפתון-מיאמי פיבר,יחידה,1.00,יחידה,false,0,76.00,76.00,true,1,
693102657151,false,שפתון נוזלי-סאניבל יח',OFRA,US,שפתון-סאניבל,יחידה,1.00,יחידה,false,0,76.00,76.00,true,1,
693102800113,false,Palette Soul פלטה יח',,IL,Palette Soul פלט,יחידה,1.00,יחידה,false,1,239.30,239.30,true,1,
693102800151,false,-SWEET PALETTE SIGNATURE,,IL,PALETT SIGNATURE,יחידה,1.00,יחידה,false,1,115.30,115.30,true,1,
693102800168,false,GALAX PALETTE- SIGNATURE,,IL,PALETT SIGNATURE,יחידה,1.00,יחידה,false,1,115.30,115.30,true,1,
693493017282,false,מברשת איפור 01 יח',,IL,מברשת איפור 01,יחידה,1.00,יחידה,false,1,94.00,94.00,true,1,
693493017299,false,מברשת איפור 02 יח',,IL,מברשת איפור 02,יחידה,1.00,יחידה,false,1,111.10,111.10,true,1,
693493017473,false,קונטור 02 יח',,IL,קונטור 02,יחידה,1.00,יחידה,false,1,115.30,115.30,true,1,
693493017497,false,קונטור 04 יח',,IL,קונטור 04,יחידה,1.00,יחידה,false,1,115.30,115.30,true,1,
693493017534,false,שימר 04 יח',,IL,שימר04,יחידה,1.00,יחידה,false,1,115.30,115.30,true,1,
693493017558,false,סומק גוון REEF יח',,IL,סומק גוון REEF,יחידה,1.00,יחידה,false,1,115.30,115.30,true,1,
693493017565,false,סומק גוון CHEERS יח',,IL,סומק גוון CHEERS,יחידה,1.00,יחידה,false,1,115.30,115.30,true,1,
693493017633,false,אודם עמיד GORGEOUS VERY,,IL,אודם עמיד G VERY,יחידה,1.00,יחידה,false,1,76.90,76.90,true,1,
693493017671,false,אודם עמיד HOT VERY,,IL,אודם עמיד VERY,יחידה,1.00,יחידה,false,1,76.90,76.90,true,1,
693493017732,false,גלוס בגוון SENSIBLE VERY,,IL,גלוס בגוון VERY,יחידה,1.00,יחידה,false,1,59.80,59.80,true,1,
693493017763,false,גלוס בגוון JUICY VERY יח,,IL,JUICY VERY,יחידה,1.00,יחידה,false,1,59.80,59.80,true,1,
693493017800,false,ברונזר מספר 01 יח',,IL,ברונזר מספר 01,יחידה,1.00,יחידה,false,1,115.30,115.30,true,1,
693493017817,false,ברונזר מספר 02 יח',,IL,ברונזר מספר 02,יחידה,1.00,יחידה,false,1,115.30,115.30,true,1,
693493017831,false,ברונזר מספר 04 יח',,IL,ברונזר מספר 04,יחידה,1.00,יחידה,false,1,115.30,115.30,true,1,
693493017862,false,קרם דה לקרם Saturn יח',,IL,קרם דה לקרם Satu,יחידה,1.00,יחידה,false,1,85.40,85.40,true,1,
693493017916,false,SKIN MY כרית מיקרופייבר,,IL,SKIN MY כרית מיק,יחידה,1.00,יחידה,false,1,76.90,76.90,true,1,
693493017923,false,SKIN MY באלם להסרת איפור,,IL,SKIN MY באלם להס,יחידה,1.00,יחידה,false,1,115.30,115.30,true,1,
693493017930,false,SKIN MY סבון קצף,,IL,SKIN MY סבון קצף,יחידה,1.00,יחידה,false,1,94.00,94.00,true,1,
693493017954,false,סומק BARE TO DARE יח',,IL,סומק BAR TO DARE,יחידה,1.00,יחידה,false,1,115.30,115.30,true,1,
693493053440,false,"LEGEND א.ד.ט לגבר 100 מ""",מונבלאן,,LEGEND אדט לגבר,מיליליטרים,100.00,"100 מ""ל",false,1,254.00,254.00,true,1,
693493053457,false,"אנג'ל לאשה א.ד.פ 50 מ""ל",טרי מוגלר,IL,בושם אנג'ל לאשה,מיליליטרים,50.00,"100 מ""ל",false,1,238.40,476.80,true,1,
693493053532,false,Reb'l לאב אולוויז 100 מל,,US,Fleur Reb'l לאשה,מיליליטרים,100.00,"100 מ""ל",false,1,84.60,84.60,true,1,
693493053556,false,פירסט אינסטינקט אדט100מל,,IL,פירסט אינסטינקט,מיליליטרים,100.00,"100 מ""ל",false,1,254.70,254.70,true,1,
693493053587,false,פירסט אינסטינקט אדט100מ,,FR,פירסט אינסטינקט,מיליליטרים,100.00,"100 מ""ל",false,1,135.80,135.80,true,1,
693493053662,false,INTENSO א.ד.פ לגבר 125,,IL,INTENSO א.ד.פ לג,מיליליטרים,125.00,"100 מ""ל",false,1,212.80,170.24,true,1,
693493053679,false,one the א.ד.ט לגבר 100מל,,IL,one the א.ד.ט לג,מיליליטרים,100.00,"100 מ""ל",false,1,212.80,212.80,true,1,
693493053761,false,אמבלם אינטס אדט 100מל,,IL,INTENS EMBLEM אד,מיליליטרים,100.00,"100 מ""ל",false,1,139.00,139.00,true,1,
693493053778,false,"אמבלם אבסולו 100 מ""ל",,IL,אמבלם אבסולו,מיליליטרים,100.00,"100 מ""ל",false,1,139.00,139.00,true,1,
693493053792,false,SPIRIT LEGEND א.ד.ט לגבר,רבלון בישום,IL,SPIRIT LEGEND א.,מיליליטרים,100.00,"100 מ""ל",false,1,253.80,253.80,true,1,
693493053921,false,נרסיסיו פור הר פלור מאסק,פרסטיג' שיסיידו,FR,נרסיסיו פור הר פ,מיליליטרים,150.00,"100 מ""ל",false,1,341.00,227.33,true,1,
693493053938,false,"נרסיסיו רוג 90 מ""ל",,IL,נרסיסיו רוג,מיליליטרים,90.00,"100 מ""ל",false,1,238.40,264.89,true,1,
693493053969,false,"פיור מאסק 50 מ""ל",נרסיסו רדריגז,IL,פיור מאסק,מיליליטרים,50.00,"100 מ""ל",false,1,341.00,682.00,true,1,
693493053983,false,"נרסיסו אדפ 90 מ""ל",נרסיסו רדריגז,IL,נרסיסו אדפ,מיליליטרים,90.00,"100 מ""ל",false,1,495.70,550.78,true,1,
693493054027,false,"him for אדט 100 מ""ל",נרסיסו רדריגז,IL,him for אדט,מיליליטרים,100.00,"100 מ""ל",false,1,238.40,238.40,true,1,
693493054089,false,KLEIN CALVIN Womenאדפ100,קלווין קליין,IL,Women קלווין קלי,מיליליטרים,100.00,"100 מ""ל",false,1,294.00,294.00,true,1,
693493054300,false,"מרצדס סלקט אדט 100 מ""ל",,IL,מרצדס סלקט אדט,מיליליטרים,100.00,"100 מ""ל",false,1,129.00,129.00,true,1,
693493054324,false,מרסדס מון סטאר ג אדט100מ,,IL,מרסדס מון סטאר א,מיליליטרים,100.00,"100 מ""ל",false,1,129.00,129.00,true,1,
693493057943,false,א.ד.פ ONE ONLY THE 100 מ,נרסיסו רדריגז,IL,א.ד.פ O ONLY THE,מיליליטרים,100.00,"100 מ""ל",false,1,255.50,255.50,true,1,
693493058124,false,וואן גריי אינטנס אדט 100,,IL,וואן גריי אינטנס,מיליליטרים,100.00,"100 מ""ל",false,1,212.80,212.80,true,1,
693493058155,false,דולצ'ה דה וואן רויאל ניי,,IL,דולצ'ה דה וואן ר,מיליליטרים,150.00,"100 מ""ל",false,1,255.50,170.33,true,1,
693493058391,false,"home jaipur אדפ 100 מ""ל",,IL,home jaipur אדפ,מיליליטרים,100.00,"100 מ""ל",false,1,341.00,341.00,true,1,
693493058599,false,"דה וואן אדפ 150 מ""ל",פרסטיג' שיסיידו,FR,דה וואן אדפ,מיליליטרים,150.00,"100 מ""ל",false,1,272.60,181.73,true,1,
697045161546,false,"ג'ל רחצה 200 מ""ל",,IL,"ג'ל רחצה 200 מ""ל",מיליליטרים,200.00,"100 מ""ל",false,1,34.10,17.05,true,1,
697045161591,false,"קרם ידיים 100 מ""ל",,IL,קרם ידיים,מיליליטרים,100.00,"100 מ""ל",false,1,33.30,33.30,true,1,
697045161652,false,"קרם לילה 50 מ""ל",,IL,קרם לילה,מיליליטרים,50.00,"100 מ""ל",false,1,50.40,100.80,true,1,
697045161669,false,"ג'ל ניקוי 100 מ""ל",,IL,ג'ל ניקוי,מיליליטרים,100.00,"100 מ""ל",false,1,33.30,33.30,true,1,
714324206108,false,24 קראט דיימונד אדפ 75מל,ג'יוואגו,IL,24 קראט דיימונד,מיליליטרים,75.00,"100 מ""ל",false,0,380.30,507.07,true,1,
714324800207,false,"חלומות מתוקים לאישה א.ד.פ 100 מ""ל",ג'יוואגו,IL,חלומות מתוקים,מיליליטרים,100.00,"100 מ""ל",false,0,358.10,358.10,true,1,
714324901201,false,ג'יוואגו גולדן מייק אפ,,CN,ג'יוואגו גולדן,יחידה,1.00,יחידה,false,1,118.80,118.80,true,1,
714324901232,false,Gold Magnetic א.ד.פ לגבר,ג'יוואגו,IL,Gold Magnetic,מיליליטרים,100.00,"100 מ""ל",false,0,329.00,329.00,true,1,
714324901430,false,"גולדן סנסט אדפ 100 מ""ל",לילית בישום,FR,גולדן סנסט אדפ,מיליליטרים,100.00,"100 מ""ל",false,1,341.00,341.00,true,1,
714324901522,false,סט גולדן אלמנטס גבר מארז,,FR,סט גולדן אלמנטס,יחידה,1.00,יחידה,false,1,315.30,315.30,true,1,
714324901638,false,"סטטוס שחור לגבר 100 מ""ל",,FR,סטטוס שחור לגבר,מיליליטרים,100.00,"100 מ""ל",false,1,255.50,255.50,true,1,
719346065405,false,"פנטזי בריטני ספירס א.ד.פ 100 מ""ל Britney Spears Fantasy",בריטני ספירס BRITNEY SPEARS,US,fantasy א.ד.פ,מיליליטרים,100.00,"100 מ""ל",false,0,84.60,84.60,true,1,
719346094665,false,"מידנייט פנטזי אדפ לאישה 100 מ""ל - בריטני ספירס",אלפא בישום,US,מידנייט פנטזי,מיליליטרים,100.00,"100 מ""ל",false,0,84.60,84.60,true,1,
719346565868,false,פנטזי אינטנס אדפ 100 מל,,FR,פנטזי אינטנס אד,מיליליטרים,100.00,"100 מ""ל",false,1,152.90,152.90,true,1,
729238143418,false,שיסיידו SGS פרפקט קלינזינג אויל,General,JP,פרפקט שמן ניקוי,יחידה,1.00,יחידה,false,1,230.70,230.70,true,1,
729238500648,false,I40שיס.פוד.סמק אדוונסד ח,שסייאדו,IL,I40שיס.פוד.סמק א,יחידה,1.00,יחידה,false,0,205.10,205.10,true,1,
730852147669,false,מסקרה אינק 01 יח',,FR,מסקרה אינק 01,יחידה,1.00,יחידה,false,1,136.70,136.70,true,1,
730852177055,false,POWDERGEL POP צללית יח',,JP,POWDERGEL POP צל,יחידה,1.00,יחידה,false,1,106.80,106.80,true,1,
737052041353,false,"פאם אדפ לאישה 75 מ""ל - הוגו בוס",לילית-בוס,GR,Femme א.ד.פ.,מיליליטרים,75.00,"100 מ""ל",false,0,187.10,249.47,true,1,
737052351100,false,"בוטלד אדט לגבר 100 מ""ל - הוגו בוס",קוטי HFC,GR,בוס בוטלד,מיליליטרים,100.00,"100 מ""ל",false,0,235.00,235.00,true,1,
737052352060,false,"בוטלד נייט אדט לגבר 100 מ""ל - הוגו בוס",קוטי HFC,GR,בוס בוטלד נייט ג,מיליליטרים,90.00,"100 מ""ל",false,0,229.90,255.44,true,1,
763511009824,false,"דונה קארן בי דלישס - א.ד.פ 100 מ""ל",אינטר פרמיום,IT,DELICIOUS BE אשה,מיליליטרים,100.00,"100 מ""ל",false,0,255.50,255.50,true,1,
768614149392,false,שיסיידו ויטאל פרפקשן קרם יום ולילה למיצו,לילית,FR,ויטאל פרפקשן יום,מיליליטרים,50.00,"100 מ""ל",false,1,452.90,905.80,true,1,
768614171522,false,שיסיידו מוס ניקוי לגבר 125 מל,לילית,FR,מוס ניקוי לגבר,מיליליטרים,40.00,"100 מ""ל",false,1,135.90,339.75,true,1,
768614171546,false,שיסיידו קרם לחות ממריץ לגבר 100 מל,לילית,FR,קרם לחות ממריץ ל,מיליליטרים,100.00,"100 מ""ל",false,1,221.30,221.30,true,1,
768614184089,false,שיסיידו קרם פנים לגבר 50 מל,שסייאדו,FR,קרם פנים לגבר,מיליליטרים,50.00,"100 מ""ל",false,1,324.70,649.40,true,1,
768614184881,false,גינזה מרזאקי א.ד.פ 90 מל,,FR,גינזה מרזאקי א.ד,מיליליטרים,90.00,"100 מ""ל",false,1,400.80,445.33,true,1,
783320403897,false,"ווד נארולי 100 מ""ל",,IT,ווד נארולי,מיליליטרים,100.00,"100 מ""ל",false,1,366.60,366.60,true,1,
783320404702,false,רוז גולדה בלוסום אדפ 75מ,,IT,רוז גולדה בלוסום,מיליליטרים,75.00,"100 מ""ל",false,1,349.50,466.00,true,1,
783320411946,false,"גלשיאל אסנס א.ד.פ 100מ""ל",,FR,גלשיאל אסנס או ד,מיליליטרים,100.00,"100 מ""ל",false,1,315.30,315.30,true,1,
783320416101,false,בולגרי טרה אסנס,,,בולגרי טרה אסנס,יחידה,1.00,יחידה,false,0,306.80,306.80,true,1,
783320502514,false,בולגרי רוז גולד א.אדפ90,בולגרי אלפא,IL,בולגרי רוז גולד,מיליליטרים,90.00,"100 מ""ל",false,0,469.20,521.33,true,1,
783320913525,false,בולגרי אקווה מריןג.אדט10,בולגרי אלפא,IL,בולגרי אקווה מרי,מיליליטרים,100.00,"100 מ""ל",false,0,341.00,341.00,true,1,
783320971518,false,בולגרי מן בלאק קול100.,בולגרי אלפא,IL,בולגרי מן בלאק ק,מיליליטרים,100.00,"100 מ""ל",false,0,341.00,341.00,true,1,
783320971525,false,בולגרי מן אדט לגבר 100 מ,,IL,בולגרי מן אדט לג,מיליליטרים,100.00,"100 מ""ל",false,1,341.00,341.00,true,1,
810905031036,false,מיני פן יח,,CN,מיני פן,יחידה,1.00,יחידה,false,1,341.00,341.00,true,1,
810905034273,false,סט דוגמיות Volume - 3D &,,IL,סט דוגמיות 3D -,יחידה,1.00,יחידה,false,1,4.20,4.20,true,1,
810905034662,false,"קרם תלתלים 400 מ""ל",,IL,קרם תלתלים,מיליליטרים,400.00,"100 מ""ל",false,1,76.00,19.00,true,1,
810905038066,false,מסכת פלאש מעניקה ברק 200,,IL,מסכת פלאש מעניקה,מיליליטרים,200.00,"100 מ""ל",false,1,101.70,50.85,true,1,
810905038332,false,מייבש שיער מקצועי סגול י,,IL,מייבש שיער מקצוע,יחידה,1.00,יחידה,false,1,511.90,511.90,true,1,
810905039018,false,מסלסל גלים יח',,IL,מסלסל גלים,יחידה,1.00,יחידה,false,1,383.70,383.70,true,1,
812256020301,false,"אריאנה גראנדה אריי א.ד.פ 100 מ""ל",,IL,אריאנה גרנדה אדפ,מיליליטרים,100.00,"100 מ""ל",false,1,170.00,170.00,true,1,
812256021674,false,"אריאנה גרנדה ARI(א) בודי ספריי 236מ""ל",,US,ארי בודי מיסט לא,מיליליטרים,236.00,"100 מ""ל",false,1,42.60,18.05,true,1,
812256021711,false,"אריאנה גראנדה סוויט לייק קנדי א.ד.פ 100 מ""ל",,IL,סוויט לייק קנדי,מיליליטרים,100.00,"100 מ""ל",false,1,170.00,170.00,true,1,
812256022480,false,אריאנה גראנדה מונליט100מ,,IL,אריאנה גראנדה מו,מיליליטרים,100.00,"100 מ""ל",false,1,170.00,170.00,true,1,
812256023104,false,"אריאנה גרנדה MOONLIGHT(א) בודי ספריי 236מ""ל",,AE,מונלייט פרגרנס מ,מיליליטרים,236.00,"100 מ""ל",false,1,42.60,18.05,true,1,
812256023289,false,"אריאנה גראנדה קלאוד א.ד.פ 100 מ""ל",,IL,אריאנה גראנדה קל,מיליליטרים,100.00,"100 מ""ל",false,1,238.40,238.40,true,1,
812256024194,false,קלאוד פרגרנס מיסט236מל,,US,קלאוד פרגרנס מיס,מיליליטרים,236.00,"100 מ""ל",false,1,42.60,18.05,true,1,
812256025269,false,"אריאנה גרנדה THANK U NEXT(א) בודי ספריי 236מ""ל",,US,NEXT U THANK,מיליליטרים,236.00,"100 מ""ל",false,1,42.60,18.05,true,1,
812256025467,false,"אריאנה גרנדה REM(א) אדפ 100מ""ל",,US,R.E.M אדפ,מיליליטרים,100.00,"100 מ""ל",false,1,272.60,272.60,true,1,
812256028475,false,גאד איז אה וומן אדפ100מל,,US,גאד איז אה וומן,מיליליטרים,100.00,"100 מ""ל",false,1,341.00,341.00,true,1,
815151020711,false,מסלסל אמיקה 25 ממ יח',,IL,מסלסל אמיקה 25 מ,יחידה,1.00,יחידה,false,1,383.70,383.70,true,1,
815151024849,false,"סרום מגן חום 100 מ""ל",,IL,סרום מגן חום,מיליליטרים,100.00,"100 מ""ל",false,1,152.90,152.90,true,1,
815151025488,false,"דריי שמפו 232 מ""ל",,IL,דריי שמפו 232 מ,מיליליטרים,232.00,"100 מ""ל",false,1,84.60,36.47,true,1,
815151025686,false,נומוקור שמפו לשיער 300 מ,,IL,נומוקור שמפו לשי,מיליליטרים,300.00,"100 מ""ל",false,1,84.60,28.20,true,1,
815151025716,false,נומוקור מרכך לשיער 300 מ,,IL,נומוקור מרכך לשי,מיליליטרים,300.00,"100 מ""ל",false,1,76.00,25.33,true,1,
815151025747,false,ספריי ברוקלין בומשל 200מ,,IL,bombshe Brooklyn,מיליליטרים,200.00,"100 מ""ל",false,1,93.10,46.55,true,1,
815151025976,false,color-lock VAULT קונדישנ,,IL,color-lock VAULT,מיליליטרים,300.00,"100 מ""ל",false,1,67.50,22.50,true,1,
815151027000,false,מחליק אינפרא רד יח',,IL,מחליק אינפרא רד,יחידה,1.00,יחידה,false,1,554.70,554.70,true,1,
815151028083,false,"מסכה דוגמית קיור 20 מ""ל",,IL,מסכה דוגמית קיור,מיליליטרים,20.00,"100 מ""ל",false,1,4.20,21.00,true,1,
815151028090,false,סט דוגמיות שמפו+קונדישנר,,IL,סט דוגמיות שמפו+,יחידה,1.00,יחידה,false,1,4.20,4.20,true,1,
815151028106,false,סט דוגמיות color-l VAULT,,IL,סט דוגמיות VAULT,יחידה,1.00,יחידה,false,1,4.20,4.20,true,1,
815151028519,false,"קרם אנטי פריז 200 מ""ל",,IL,קרם אנטי פריז,מיליליטרים,200.00,"100 מ""ל",false,1,93.10,46.55,true,1,
840117801875,false,Perfect Strand מחליק קרמ,,IL,Perfect Strand מ,יחידה,1.00,יחידה,false,1,298.20,298.20,true,1,
840117802506,false,"קרם שיער לשיקום 50 מ""ל",HMS,US,קרם שיער לשיקום,מיליליטרים,50.00,"100 מ""ל",false,1,101.70,203.40,true,1,
840117802537,false,מסכה שיקום אינטנסיבי200מ,HMS,US,סרום לשיקום אינט,מיליליטרים,200.00,"100 מ""ל",false,1,101.70,50.85,true,1,
840117803725,false,דיפיוזר הקסם אמיקה יח',,US,דיפיוזר הקסם אמי,יחידה,1.00,יחידה,false,1,84.60,84.60,true,1,
840117804111,false,"מסלסל שיער 19 מ""מ - ורוד",,IL,"מסלסל שיער 19 מ""",יחידה,1.00,יחידה,false,1,298.20,298.20,true,1,
840117804135,false,מיני מחליק טיטניום ורוד,,IL,מיני מחליק טיטני,יחידה,1.00,יחידה,false,1,153.80,153.80,true,1,
840117804197,false,מסכה לשיקום אינטנסיבי 58,,IL,מסכה לשיקום אינט,גרמים,580.00,100 גרם,false,1,152.90,26.36,true,1,
840117804609,false,"פריימר הקוסם 118 מ""ל",,,פריימר הקוסם,מיליליטרים,118.00,"100 מ""ל",false,1,110.20,93.39,true,1,
840117804647,false,"סולפוד מסכת הזנה 500 מ""ל",,IL,סולפוד מסכת הזנה,מיליליטרים,500.00,"100 מ""ל",false,1,127.30,25.46,true,1,
840117804654,false,"סרום מגן חום OB 50 מ""ל",,IL,סרום מגן חום OB,מיליליטרים,50.00,"100 מ""ל",false,1,93.10,186.20,true,1,
840117804883,false,gloss top ספריי ברק 200,HMS,CA,gloss top ספריי,מיליליטרים,200.00,"100 מ""ל",false,1,93.10,46.55,true,1,
840117805545,false,מייבש שיער מקצועי2300ואט,,IL,מייבש שיער מקצוע,יחידה,1.00,יחידה,false,1,511.90,511.90,true,1,
840117805699,false,"שמפו לנפח 275 מ""ל",HMS,US,שמפו לנפח,מיליליטרים,275.00,"100 מ""ל",false,1,84.60,30.76,true,1,
840117805736,false,שמפו לשיקום השיער 275 מל,HMS,US,שמפו לשיקום השיע,מיליליטרים,275.00,"100 מ""ל",false,1,93.10,33.85,true,1,
840117805743,false,מרכך לשיקום השיער 275 מל,HMS,US,מרכך לשיקום השיע,מיליליטרים,275.00,"100 מ""ל",false,1,84.60,30.76,true,1,
840117806788,false,"סרום לעיבוי השיער 120מ""ל",CANADA SCR,CA,סרום לעיבוי השיע,מיליליטרים,120.00,"100 מ""ל",false,1,110.20,91.83,true,1,
840117806986,false,מברשת להתרת קשרי,,,מברשת להתרת קשרי,יחידה,1.00,יחידה,false,0,58.90,58.90,true,1,
840117807976,false,Brush Blow מברשת פן חשמל,,IL,Brush Blow מברשת,יחידה,1.00,יחידה,false,1,400.80,400.80,true,1,
841058006633,false,"אדג' ג'יל גילוח מועשר בשיבולת שועל 198 מ""ל",אנרג'ייזר,US,ג'ל גילוח,מיליליטרים,200.00,"100 מ""ל",false,1,16.00,8.00,true,1,
842185115205,false,Anothe13 Labo Leאדפ100מל,,US,Anothe - Labo Le,מיליליטרים,100.00,"100 מ""ל",false,1,1187.10,1187.10,true,1,
850018802291,false,אולפלקס סרום שיערמס9 90מ,OLAPLEX,US,סרום מזין לשיער,מיליליטרים,90.00,"100 מ""ל",false,1,152.90,169.89,true,1,
850278004046,false,בונדי סנד מוס לשיזוף עצמי בניחוח קוקוס ג,לילית,AU,מוס לשיזוף עצמי,מיליליטרים,200.00,"100 מ""ל",false,1,76.90,38.45,true,1,
874034009373,false,"קול קוטון אדט 60 מ""ל",,IL,קול קוטון אדט,מיליליטרים,60.00,"100 מ""ל",false,1,212.80,354.67,true,1,
883991129376,false,גולד ראש פרגרנס מיסט236מ,,US,גולד ראש,מיליליטרים,236.00,"100 מ""ל",false,0,42.60,18.05,true,1,
887167178687,false,WEAR DOUBLE מייק אפ 2N2,אסתי לאודר,BE,מייק דאבל וור,מיליליטרים,30.00,"100 מ""ל",false,1,200.80,669.33,true,1,
887167178694,false,א.לאודר D.Wמייק אפ 3W1.5,אסתי לאודר,BE,WEAR DOUBLEמייק,מיליליטרים,30.00,"100 מ""ל",false,1,200.80,669.33,true,1,
887167190580,false,אסתי לאודר מסכת ניקוי מקציפה 30 מל,אלקליל,BE,מסכת ניקוי מקציפ,מיליליטרים,30.00,"100 מ""ל",false,1,50.40,168.00,true,1,
887167279995,false,אסתי לאודר קרם לחות למראה מט 50 מל,אסתי לאודר,GB,WEAR DAY קרם,מיליליטרים,50.00,"100 מ""ל",false,0,226.50,453.00,true,1,
887167308039,false,אסתי לאודר רויטאליזינג סופרים קרם לחות,אסתי לאודר,US,קרם אנטי אייגיני,מיליליטרים,50.00,"100 מ""ל",false,1,444.40,888.80,true,1,
887167322387,false,אסתי אדוונס נייט ריפר מטריקס,אסתי לאודר,GB,Night Advanced,מיליליטרים,15.00,"100 מ""ל",false,0,264.90,1766.00,true,1,
887167325432,false,אסתי לאודר רויטאליזינג סופרים+לייט 50 מל,אסתי לאודר,GB,SUP REVITALIZING,מיליליטרים,50.00,"100 מ""ל",false,0,414.50,829.00,true,1,
887167368644,false,אסתי לאודר רזיליאנס מולטי אפקט קרם לחות,אלקליל,GB,קרם לחות לפנים ו,מיליליטרים,30.00,"100 מ""ל",false,1,282.00,940.00,true,1,
887167368651,false,אסתי לאודר רזיליאנס  קרם פנים וצוואר לע,קליניק,US,רזיליאנס קרם פני,מיליליטרים,50.00,"100 מ""ל",false,1,465.80,931.60,true,1,
887167388505,false,אסתי לאודר די וור - קרם לחות בעל מקדם הג,קליניק,BR,די וור קרם לחות,מיליליטרים,50.00,"100 מ""ל",false,1,226.50,453.00,true,1,
887167388512,false,אסתי לאודר די וור - קרם לחות בעל מקדם הג,אלקליל,GB,קרם לחות במרקם ס,מיליליטרים,30.00,"100 מ""ל",false,1,128.20,427.33,true,1,
887167393271,false,אסתי אדוונס נייט ריפר גל עיניים 15 מל,אסתי לאודר,GB,Night Advanced,מיליליטרים,15.00,"100 מ""ל",false,1,264.90,1766.00,true,1,
887167415942,false,אסתי לאודר רויטיליזינג סופריים קרם לילה,אלקליל,US,רויטליזינג סופרי,מיליליטרים,50.00,"100 מ""ל",false,1,427.30,854.60,true,1,
887167455436,false,אדוונס נייט ריפר מטריקס,,IL,אדוונס נייט ריפר,יחידה,1.00,יחידה,false,1,256.40,256.40,true,1,
887167455467,false,אדוונס נייט ריפר ורויטלי,,FR,אדוונס נייט ריפר,יחידה,1.00,יחידה,false,1,264.90,264.90,true,1,
887167461048,false,קונסילר Radiant בגוון 4N,קליניק,IT,קונסילר Radiant,מיליליטרים,10.00,"100 מ""ל",false,1,119.60,1196.00,true,1,
887167466715,false,מייק-אפ Ivo 3N1 Futurist,,FR,מייק-אפ Futurist,מיליליטרים,35.00,"100 מ""ל",false,1,196.50,561.43,true,1,
887167466722,false,מייק-אפ Hydran Futurist,,CA,מייק-אפ Futurist,מיליליטרים,35.00,"100 מ""ל",false,1,196.50,561.43,true,1,
887167466760,false,Futurist מייק-אפ 35מל,,CA,מייק-אפ Futurist,מיליליטרים,35.00,"100 מ""ל",false,1,196.50,561.43,true,1,
887167466784,false,מייק-אפ Porc Futurist1N0,,FR,מייק-אפ Futurist,מיליליטרים,35.00,"100 מ""ל",false,1,196.50,561.43,true,1,
887167485471,false,אסתי אדוונס נייט ריפר סרום מתקדם 30 מל,אלקליל,US,סרום תיקון מתקדם,מיליליטרים,30.00,"100 מ""ל",false,1,299.10,997.00,true,1,
887167485488,false,אסתי אדוונס נייט ריפר סרום מתקדם 50 מל,אלקליל,US,סרום תיקון מתקדם,מיליליטרים,50.00,"100 מ""ל",false,1,444.40,888.80,true,1,
887167485495,false,אסתי אדוונס נייט ריפר סרום מתקדם 20 מל,אלקליל,US,סרום תיקון מתקדם,מיליליטרים,20.00,"100 מ""ל",false,1,205.10,1025.50,true,1,
887167486799,false,אסתי לאודר סרום+מסכת לחות,אלקליל,US,סרום אדוונס נייט,יחידה,1.00,יחידה,false,1,84.60,84.60,true,1,
887167489738,false,קרם לחות ברייט מוקטן 5 מ,אסתי לאודר,CA,קרם לחות ברייט,מיליליטרים,5.00,"100 מ""ל",false,1,12.70,254.00,true,1,
887167496149,false,אסתי לאודר שמן-סרום לילי להצלת השפתיים,אלקליל,BE,שמן סרום לילי לה,יחידה,1.00,יחידה,false,1,136.70,136.70,true,1,
887167533158,false,"מייק-אפ בגימור מאט 30מ""ל",אסתי לאודר,BE,מייק אפ מאט,מיליליטרים,30.00,"100 מ""ל",false,0,200.80,669.33,true,1,
887167533257,false,"מייק-אפ בגימור מאט 30מ""ל",אסתי לאודר,BE,מייק אפ מאט,מיליליטרים,30.00,"100 מ""ל",false,0,200.80,669.33,true,1,
887167534803,false,"סרום תיקון מתקדם 7 מ""ל",,BE,סרום תיקון מתקדם,מיליליטרים,7.00,"100 מ""ל",false,1,76.90,1098.57,true,1,
887167539525,false,אסתי לאודר סופרים+ קרם לחות לפנים 75 מל,אסתי לאודר,US,קרם לחות לפנים,מיליליטרים,75.00,"100 מ""ל",false,1,547.00,729.33,true,1,
887167539532,false,אסתי לאודר סופרים+ קרם לחות לפנים 50 מל,אסתי לאודר,GB,קרם לחות לפנים,מיליליטרים,50.00,"100 מ""ל",false,1,444.40,888.80,true,1,
887167539549,false,אסתי לאודר סופרים+ קרם לחות לפנים 30 מל,אסתי לאודר,GB,קרם אנטי אייג'ינ,מיליליטרים,30.00,"100 מ""ל",false,1,299.10,997.00,true,1,
887167539563,false,אסתי לאודר סופרים+ קרם לחות אנטי אייגינג,אסתי לאודר,GB,קרם אנטיאייגינג,מיליליטרים,50.00,"100 מ""ל",false,1,444.40,888.80,true,1,
887167539594,false,אסתי לאודר סופרים+ קרם לילה לשיקום אינטי,אסתי לאודר,US,קרם לילה לשיקום,מיליליטרים,50.00,"100 מ""ל",false,1,461.50,923.00,true,1,
887167554887,false,אסתי אדוונס נייט ריפר קרם עיניים 15 מל,אלקליל,GB,Night Advancedקר,מיליליטרים,15.00,"100 מ""ל",false,1,282.00,1880.00,true,1,
887167565715,false,Goddess Bronze דיפ 04 יח,,US,Goddess Bronze ד,יחידה,1.00,יחידה,false,1,213.60,213.60,true,1,
887167566248,false,אסתי לאודר סופרים+ קרם לחות להבהרת העור,אסתי לאודר,US,קרם לחות להבהרה,מיליליטרים,50.00,"100 מ""ל",false,1,444.40,888.80,true,1,
887167567252,false,בלוקבסטר 2021 יח',,US,בלוק בסטר 2021,יחידה,1.00,יחידה,false,1,469.20,469.20,true,1,
887167575004,false,אסתי לאודר סופרים+ קרם לחות לפנים 15 מל,אסתי לאודר,GB,קרם לילה לשיקום,מיליליטרים,15.00,"100 מ""ל",false,1,145.30,968.67,true,1,
887167584389,false,סט טיפוח דיי ואר,אסתי לאודר,PL,סט טיפוח,יחידה,1.00,יחידה,false,1,50.40,50.40,true,1,
887167617513,false,תיק מתנה 4 פריטים .,אסתי לאודר,CN,תיק מתנה 4 פריטי,יחידה,1.00,יחידה,false,1,41.80,41.80,true,1,
887167620018,false,בלוק באסטר 2022 מארז,אסתי לאודר,CN,בלוק באסטר,יחידה,1.00,יחידה,false,1,486.30,486.30,true,1,
888066075138,false,LEATHER OMBRE א.ד.ט 50מל,,US,LEATHER OMBRE,מיליליטרים,50.00,"100 מ""ל",false,1,414.50,829.00,true,1,
888066112727,false,בלאק אורכיד פרפיום100מל,,IL,בלאק אורכיד פרפ,מיליליטרים,100.00,"100 מ""ל",false,1,619.60,619.60,true,1,
888066117692,false,Leather Ombre א.ד.פ100מל,,FR,Leather Ombre,מיליליטרים,100.00,"100 מ""ל",false,1,688.00,688.00,true,1,
889809001339,false,גלאם גלואו מסכה למיצוק והידוק העור 15גרם,גלאם גלואו,US,מסכה לטיפול מטהר,גרמים,15.00,100 גרם,false,1,72.60,484.00,true,1,
889809002312,false,גלאם גלואו לחות מגה מלחלחת ניוד גלואו,גלאם גלואו,US,גלו סטאר לחות Nu,גרמים,50.00,100 גרם,false,1,152.90,305.80,true,1,
889809003036,false,גלאם גלואו ספריי לקיבוע איפור 110 מל,גלאם גלואו,US,ספריי לקיבוע איפ,מיליליטרים,110.00,"100 מ""ל",false,1,111.10,101.00,true,1,
889809005917,false,גלאם גלואו מסכה לשיקום והרגעה המועשרת בל,גלאם גלואו,US,מסיכה לשיקום והר,מיליליטרים,75.00,"100 מ""ל",false,1,178.60,238.13,true,1,
889809006655,false,מסכה לחות שיקום והרגעה 1,גלאם גלואו,US,מסכה לחות שיקום,גרמים,100.00,100 גרם,false,1,255.50,255.50,true,1,
889809007768,false,פריימר לטשטוש פגמי עור,,US,פריימר לטשטוש פג,גרמים,15.00,100 גרם,false,1,132.40,882.67,true,1,
889809007805,false,גלאם גלואו מי פנים מרוכזים 200 מל,גלאם גלואו,US,מי פנים מרוכזים,מיליליטרים,200.00,"100 מ""ל",false,1,132.40,66.20,true,1,
889809012021,false,מסכת בד קרמית יח',,US,מסכת בד קרמית,יחידה,1.00,יחידה,false,1,33.30,33.30,true,1,
896364002695,false,"שמן לשיער 7 30 מ""ל",,US,שמן לשיער 7,מיליליטרים,30.00,"100 מ""ל",false,1,127.30,424.33,true,1,
896364002947,false,מסכת לחות אינטנסיבי100מל,,US,מסכת לחות אינטנס,מיליליטרים,100.00,"100 מ""ל",false,1,127.30,127.30,true,1,
896364002961,false,אולפלקס קרם שיער מ6 100מ,OLAPLEX,US,קרם משקם לקצוות,מיליליטרים,100.00,"100 מ""ל",false,1,127.30,127.30,true,1,
3014260100636,false,מברשת שיניים אורל בי לילדים 0-2,פרוקטר אנד גמבל,IE,מברשת שיניים,יחידה,1.00,יחידה,false,1,11.80,11.80,true,1,
3014260100667,false,אורל בי מברשת שיניים ילדים 3-5 שנים,פרוקטר אנד גמבל,IE,מברשת השיניים,יחידה,1.00,יחידה,false,1,11.80,11.80,true,1,
3014260100698,false,אורל בי מברשת שיניים ילדים 6-12 שנים,פרוקטר אנד גמבל,IE,אורל בי לילדים,יחידה,1.00,יחידה,false,1,11.80,11.80,true,1,
3014260228842,false,"קצף גילוח ג'ילט לעור רגיל 200 מ""ל",מולינו ניקולי s.p.a,GB,קצף גילוח ג'ילט,מיליליטרים,200.00,"100 מ""ל",false,0,12.70,6.35,true,1,
3014260243531,false,גילט מאך 3 סכיני גילוח 4 יחידות חדש,פרוקטר אנד גמבל,PL,סכיני גילוח מא,יחידה,1.00,יחידה,false,0,50.30,50.30,true,1,
3014260246693,false,סכיני גילוח חד פעמי ונוס סימפלי רביעייה,פרוקטר אנד גמבל,IL,סכיני ונוס סימפל,יחידה,1.00,יחידה,false,0,8.40,8.40,true,1,
3014260262709,false,סכיני גילוח לאישה 3 להבים,ג'ילט ונוס Gillette Venus,DE,סכיני גילוח ונ,יחידה,1.00,יחידה,false,0,42.60,42.60,true,1,
3014260283254,false,סכיני גילוח חד פעמי בלו 2 פלוס *5,פרוקטר & גמבל,IL,"סכיני גילוח ח""פ",יחידה,1.00,יחידה,false,0,11.00,11.00,true,1,
3014260289287,false,סכין גילוח גילט בלו 2 לנשים-חמישייה,פרוקטר אנד גמבל,RU,סכיני גילוח,יחידה,1.00,יחידה,false,0,14.40,14.40,true,1,
3014260293253,false,סכין בלו 2 פלוס עשיריה נשים GILLETTE,ג'\ילט,US,ג'ילט סכין בלו 2,יחידה,1.00,יחידה,false,1,25.50,25.50,true,1,
3014260836665,false,אורל בי פרו אקספרט להגנה מקיפה 35 רך זוג,פרוקטר אנד גמבל,IE,מברשת אורל בי,יחידה,1.00,יחידה,false,1,29.80,29.80,true,1,
3141360054405,false,פיניש מפיץ ריח למדיח בניחוח לימון וליים,הדקלאים אגודת שיתופי,HU,מפיץ ריח למדיח,יחידה,1.00,יחידה,false,1,9.30,9.30,true,1,
3145891071108,false,בלו דה שאנל א.ש.בל. 100,שאנל בישום,IL,בלו דה שאנל א.ש.,מיליליטרים,100.00,"100 מ""ל",false,0,222.20,222.20,true,1,
3145891071801,false,"שאנל בלו פרפיום* (ג) 100 מ""ל",שאנל בישום,FR,בלו דה שאנל פרפי,מיליליטרים,100.00,"100 מ""ל",false,1,580.30,580.30,true,1,
3145891073508,false,"בלו דה שאנל ג.אדפ 50 מ""ל",שאנל בישום,IL,בלו דה שאנל ג.אד,מיליליטרים,50.00,"100 מ""ל",false,0,346.10,692.20,true,1,
3145891073607,false,"שאנל בלו (ג) א.ד.פ 100 מ""ל",שאנל בישום,FR,CHANEL DE BLEU,מיליליטרים,100.00,"100 מ""ל",false,1,482.90,482.90,true,1,
3145891073706,false,"שאנל בלו (ג) א.ד.פ 150 מ""ל",שאנל בישום,IL,בלו דה שאנל ג.אד,מיליליטרים,150.00,"100 מ""ל",false,0,580.30,386.87,true,1,
3145891079302,false,בלו דה שאנל דאו גבר100מ,שאנל בישום,IL,בלו דה שאנל ג.דא,מיליליטרים,100.00,"100 מ""ל",false,0,153.80,153.80,true,1,
3145891165203,false,שאנל מדמוזאל א.ד.פ (א) 100 מ''ל,שאנל,US,קוקו מדמוזל שאנל,מיליליטרים,100.00,"100 מ""ל",false,1,588.80,588.80,true,1,
3145891168303,false,קוקו מדמואזל קרם גוף 150,שאנל בישום,IL,קוקו מדמואזל קרם,גרמים,150.00,100 גרם,false,0,329.00,219.33,true,1,
3145891169454,false,קוקו מדמואזל תחליב גוף20,שאנל בישום,IL,קוקו מדמואזל תחל,מיליליטרים,200.00,"100 מ""ל",false,0,229.90,114.95,true,1,
3145891236408,false,"אלור הום ספורט 150 מ""ל",שאנל בישום,IL,אלור הום ספורט,מיליליטרים,150.00,"100 מ""ל",false,0,503.40,335.60,true,1,
3145891244601,false,EGOISTE PLATINUMאדט100,שאנל בישום,FR,EGOISTE PLATINUM,מיליליטרים,100.00,"100 מ""ל",false,1,435.00,435.00,true,1,
3145891262605,false,EDP TENDRE EAU CHANCE 1,,FR,TENDR EAU CHANCE,מיליליטרים,100.00,"100 מ""ל",false,1,588.80,588.80,true,1,
3145891263107,false,"שאנל צאנס או טנדר 50 מ""ל",שאנל בישום,IL,שאנל צאנס או טנד,מיליליטרים,50.00,"100 מ""ל",false,0,363.20,726.40,true,1,
3145891263206,false,"שאנל צ'אנס טנדר א.ד.ט 100 מ""ל",שאנל בישום,IL,שאנל צאנס או טנד,מיליליטרים,100.00,"100 מ""ל",false,0,503.40,503.40,true,1,
3145891264203,false,"צ'אנס א.אדפ ספריי 50מ""ל",שאנל בישום,IL,צ'אנס א.אדפ ספרי,מיליליטרים,50.00,"100 מ""ל",false,0,425.60,851.20,true,1,
3145891274608,false,אלור ספורט בלנשה ג.אדט10,שאנל בישום,IL,אלור ספורט בלנשה,מיליליטרים,100.00,"100 מ""ל",false,0,482.90,482.90,true,1,
3147758029383,false,Miracle א.ד.פ לאשה 100מל,לנקום בישום,,Miracle א.ד.פ,מיליליטרים,100.00,"100 מ""ל",false,0,332.40,332.40,true,1,
3147758051216,false,לנקום בוקאז דאו ספריי,לנקום,IL,BOCAGE דאודורנט,מיליליטרים,125.00,"100 מ""ל",false,0,84.60,67.68,true,1,
3147758155112,false,Poeme אדפ ספריי אשה100מל,לנקום,FR,Poeme אדפ ספריי,מיליליטרים,100.00,"100 מ""ל",false,0,332.40,332.40,true,1,
3147758235500,false,"Hypnose א.ד.פ 75 מ""ל",לנקום בישום,FR,Hypnose א.ד.פ,מיליליטרים,75.00,"100 מ""ל",false,1,315.30,420.40,true,1,
3274872299498,false,קנזו.גבר אדט100מל,אלפא בישום,IL,קנזו.ג.אדט100,מיליליטרים,100.00,"100 מ""ל",false,0,315.30,315.30,true,1,
3274872333987,false,"L'EAU אדט 100 מ""ל",אלפא בישום,FR,L'EAU אדט,מיליליטרים,100.00,"100 מ""ל",false,1,255.50,255.50,true,1,
3274872372153,false,"לאינטדריט ג'יבנשי 80 מ""ל",,FR,לאינטדריט,מיליליטרים,80.00,"100 מ""ל",false,1,358.10,447.62,true,1,
3274872388246,false,"לאינטרדי אדט 80 מ""ל",ג'יבנשי בישום,FR,"לאינטרדי 80 מ""ל",מיליליטרים,80.00,"100 מ""ל",false,1,375.20,469.00,true,1,
3274872389977,false,אורגנזה אדפ 100 מל,,FR,Organza א.ד.פ לא,מיליליטרים,100.00,"100 מ""ל",false,1,238.40,238.40,true,1,
3274872400726,false,"אירזיסטיבל אדפ 50 מ""ל",,IL,אירזיסיטבל אדפ,מיליליטרים,50.00,"100 מ""ל",false,1,298.20,596.40,true,1,
3274872411685,false,לאינטרדי אינטנס50 מל,ג'יבנשי בישום,FR,לאינטרדי אינטנס,מיליליטרים,50.00,"100 מ""ל",false,1,332.40,664.80,true,1,
3274872411692,false,לאינטרדי אינטנס80 מל,ג'יבנשי בישום,FR,לאינטרדי אינטנס,מיליליטרים,80.00,"100 מ""ל",false,1,375.20,469.00,true,1,
3274872441033,false,"ג'נטלמן אדפ 100 מ""ל",,FR,ג'נטלמן אדפ,מיליליטרים,100.00,"100 מ""ל",false,1,323.90,323.90,true,1,
3274872441989,false,לאינטדריט ג'יבנשי אדט80מ,ג'יבנשי בישום,FR,לאינטדריט ג'יבנש,מיליליטרים,80.00,"100 מ""ל",false,1,383.70,479.63,true,1,
3274872444584,false,"L'EAU קנזו אדט 100 מ""ל",,FR,L'EAU אדט,מיליליטרים,100.00,"100 מ""ל",false,1,255.50,255.50,true,1,
3274872449220,false,לאינטרדי אינטנס מארז,ג'יבנשי בישום,FR,לאינטרדי אינטנס,יחידה,1.00,יחידה,false,1,435.00,435.00,true,1,
3274878212361,false,אורגנזה אדפ 100 מל,ג'יבנשי בישום,IL,אורגנזה אדפ100,מיליליטרים,100.00,"100 מ""ל",false,0,238.40,238.40,true,1,
3300020157560,false,חייאתי אדפ יוניסקס 100מל,,AE,חייאתי אדפ,מיליליטרים,100.00,"100 מ""ל",false,1,315.30,315.30,true,1,
3346130009603,false,"הרמס טר דה הרמס (ג) א.ד.ט 100 מ""ל",,FR,D'hermes Terre,מיליליטרים,100.00,"100 מ""ל",false,1,315.30,315.30,true,1,
3346131403097,false,"הרמס אדפ 200 מ""ל",סולארוויו קוסמט,IL,"הרמס אדפ 200 מ""ל",מיליליטרים,200.00,"100 מ""ל",false,0,682.90,341.45,true,1,
3346131433056,false,טר דה הרמס או פרש 125מל,,IL,טר דה הרמס או פר,מיליליטרים,125.00,"100 מ""ל",false,1,383.70,306.96,true,1,
3346470301863,false,"הום אידאל ג.אדט 100 מ""ל",גרלן בישום,IL,הום אידאל ג.אדט,מיליליטרים,100.00,"100 מ""ל",false,0,438.40,438.40,true,1,
3346470303188,false,"וטיבר אדט לגבר 100 מ""ל",,IL,וטיבר אדט לגבר,מיליליטרים,100.00,"100 מ""ל",false,1,255.50,255.50,true,1,
3348900006263,false,D'Argent Bois אדפ,,FR,D'Argent Bois אד,מיליליטרים,125.00,"100 מ""ל",false,1,1127.30,901.84,true,1,
3348900417878,false,דיור ז'אדור (א) א.ד.פ 100 מ''ל,כריסטיאן דיור,FR,בושם ז'אדור,מיליליטרים,100.00,"100 מ""ל",false,0,501.70,501.70,true,1,
3348900838185,false,"דיור הום אינטנס - א.ד.פ 100 מ""ל",סולארוויו קוסמט,IL,דיור הום אינטנס,מיליליטרים,100.00,"100 מ""ל",false,0,392.30,392.30,true,1,
3348901181839,false,"דיור אדיקט א.ד.פ (א) 100 מ""ל",סולארוויו קוסמט,IL,דיור אדיקט אדפ,מיליליטרים,100.00,"100 מ""ל",false,0,511.90,511.90,true,1,
3348901192231,false,"דיור היפנוטיק פויזן (א) א.ד.פ 100 מ""ל",,IL,היפנוטיק פיוזו א,מיליליטרים,100.00,"100 מ""ל",false,1,511.90,511.90,true,1,
3348901250146,false,"דיור סוואג' א.ד.ט 100 מ""ל",,FR,SAUVAGE Dior,מיליליטרים,100.00,"100 מ""ל",false,1,358.90,358.90,true,1,
3348901321129,false,"דיור סוואג' א.ד.ט 200 מ""ל",,IL,סובאזי אדט לגבר,מיליליטרים,200.00,"100 מ""ל",false,1,554.70,277.35,true,1,
3348901368247,false,"דיור סוואג' א.ד.פ 100 מ""ל",,FR,סובאג' אדפ,מיליליטרים,100.00,"100 מ""ל",false,1,414.50,414.50,true,1,
3348901428545,false,"סוואג' דיור - א.ד.פ 200 מ""ל",,IL,סובאזי אדפ 200 מ,מיליליטרים,200.00,"100 מ""ל",false,1,597.40,298.70,true,1,
3348901487528,false,"ג'וי אינטס אדפ 90 מ""ל",,IL,ג'וי אינטס אדפ,מיליליטרים,90.00,"100 מ""ל",false,1,469.20,521.33,true,1,
3349668508488,false,MILLION Lady א.ד.פ אשה50,PUIG בישום,IL,MILLION Lady,מיליליטרים,50.00,"100 מ""ל",false,0,256.40,512.80,true,1,
3349668515660,false,"אינוויקטוס Invictus א.ד.ט לגבר 100 מ""ל",פאקו רבאן Paco Rabanne,FR,INVICTUS א.ד.ט,מיליליטרים,100.00,"100 מ""ל",false,0,315.30,315.30,true,1,
3349668566372,false,"ONE מיליון 200 מ""ל",לילית בישום,FR,ONE מיליון,מיליליטרים,200.00,"100 מ""ל",false,1,367.50,183.75,true,1,
3349668572472,false,אולימפיה ספריי נסיעות 10,,IL,אולימפיה ספריי נ,מיליליטרים,10.00,"100 מ""ל",false,1,25.50,255.00,true,1,
3349668579839,false,"1 מיליון אדפ 100 מ""ל",,IL,1 מיליון אדפ,מיליליטרים,100.00,"100 מ""ל",false,1,306.80,306.80,true,1,
3349668582297,false,PHANTOM א.ד.ט לגבר 100מל,,FR,PHANTOM א.ד.ט לג,מיליליטרים,100.00,"100 מ""ל",false,1,324.70,324.70,true,1,
3349668592364,false,ליידי מיליון פאבולס50מל,,FR,ליידי מיליון פאב,מיליליטרים,50.00,"100 מ""ל",false,1,264.90,529.80,true,1,
3349668594412,false,PACO RABANNE - FAME EDP 80ML WOMEN,PUIG בישום,FR,FAME א.ד.פ לאשה,מיליליטרים,80.00,"100 מ""ל",false,1,384.60,480.75,true,1,
3349668594429,false,"FAME א.ד.פ לאשה50מ""ל",PUIG בישום,FR,FAME אדפ אישה,מיליליטרים,50.00,"100 מ""ל",false,1,286.30,572.60,true,1,
3349668599417,false,"אולימפיה סולאראדפ 80 מ""ל",,FR,SOLAR OLYMPEA אד,מיליליטרים,80.00,"100 מ""ל",false,1,376.00,470.00,true,1,
3349668608218,false,סט million ladyאדפ+תחליב,PUIG בישום,FR,million lady סט,יחידה,1.00,יחידה,false,1,256.40,256.40,true,1,
3349668608287,false,אולימפיה א.ד.פ לאישה מאר,PUIG בישום,FR,אולימפיה א.ד.פ ל,יחידה,1.00,יחידה,false,1,273.50,273.50,true,1,
3351500011469,false,"azzarro אדט 200 מ""ל",,FR,azzarro אדט,מיליליטרים,200.00,"100 מ""ל",false,1,281.20,140.60,true,1,
3351500020225,false,"אזארו מדמוזל אדט 50 מ""ל",,FR,אזארו מדמוזל אדט,מיליליטרים,50.00,"100 מ""ל",false,1,127.30,254.60,true,1,
3351500020409,false,chrome azzaro אדט ג 100מ,,FR,ed chrome azzaro,מיליליטרים,100.00,"100 מ""ל",false,1,195.70,195.70,true,1,
3351500020416,false,"CHROM AZZAROאדט 200 מ""ל",,FR,chrome azzaro,מיליליטרים,200.00,"100 מ""ל",false,1,281.20,140.60,true,1,
3355991003019,false,"סילבר סנט אינטנס אדט לגבר 100 מ""ל - בוגארט",ג'קוס בוגרט JACQUES BOGART,FR,INT SCENT SILVER,מיליליטרים,100.00,"100 מ""ל",false,0,110.20,110.20,true,1,
3355991004597,false,בוגארט (ג) סילבר סנט דיפ אדט 100מל,אלפא בישום,FR,scent silver,מיליליטרים,100.00,"100 מ""ל",false,1,84.60,84.60,true,1,
3355991004672,false,INTENSE SCENT SILVER גבר,בוגרט בישום,IL,SCENT SILVER,מיליליטרים,200.00,"100 מ""ל",false,0,195.70,97.85,true,1,
3355992000260,false,"לפידוס פור הום טד לפידוס - א.ד.ט 100 מ""ל",אלפא בישום,FR,Lapidus Ted אדט,מיליליטרים,100.00,"100 מ""ל",false,0,84.60,84.60,true,1,
3355992008488,false,א.ד.ט לגבר200מHOMME POUR,אלפא בישום,FR,LAPIDUS TED,מיליליטרים,200.00,"100 מ""ל",false,1,144.40,72.20,true,1,
3360372078500,false,"אקווה דה ג'יאו אדט לגבר 200 מ""ל - ג'ורג'יו ארמני",לנקום בישום,FR,Gio Di Acqua אדט,מיליליטרים,200.00,"100 מ""ל",false,1,426.50,213.25,true,1,
3360373063680,false,קשארל אמור אמור א.ד.ט 100 מ''ל,קשארל,FR,AMOR AMOR א.ד.ט,מיליליטרים,100.00,"100 מ""ל",false,0,209.40,209.40,true,1,
3360374000011,false,"פלאוור בומב אדפ 50 מ""ל",ויקטור&רולף,IL,פלאוור בומב אדפ,מיליליטרים,50.00,"100 מ""ל",false,0,367.50,735.00,true,1,
3360374000059,false,פלאוור בומב א.אדפ100מל,ויקטור&רולף,IL,פלאוור בומב א.אד,מיליליטרים,100.00,"100 מ""ל",false,0,492.30,492.30,true,1,
3360374533205,false,קשארל אנאיס א.ד.ט 100 מ''ל,לנקום בישום,FR,Anais Anais אדט,מיליליטרים,100.00,"100 מ""ל",false,1,209.40,209.40,true,1,
3360375006432,false,"ארמני קוד אדט לגבר 125 מ""ל - ג'ורג'יו ארמני",לנקום בישום,FR,Code Armani אדט,מיליליטרים,125.00,"100 מ""ל",false,1,341.00,272.80,true,1,
3360377002968,false,"ראלף לורן רומנס אדפ 100 מ""ל לאישה",אלפא בישום,US,ROMANCE א.ד.פ לא,מיליליטרים,100.00,"100 מ""ל",false,1,315.30,315.30,true,1,
3365440316560,false,l'homme א.ד.ט לגבר 100מל,לנקום בישום,FR,l'homme א.ד.ט,מיליליטרים,100.00,"100 מ""ל",false,1,298.20,298.20,true,1,
3365440556263,false,אופיום א.אדפ 90מל,א.ס.ל-בישום,IL,אופיום א.אדפ90,מיליליטרים,90.00,"100 מ""ל",false,0,486.30,540.33,true,1,
3386460025478,false,ג'ימי צ'ו לאשה אדפ 100מל,דקלאור בישום,FR,ג'ימי צ'ו לאשה,מיליליטרים,100.00,"100 מ""ל",false,0,268.30,268.30,true,1,
3386460036528,false,"HOME JAIPUR אדפ 100 מ""ל",רבלון בישום,FR,HOME JAIPUR אדפ,מיליליטרים,100.00,"100 מ""ל",false,1,341.00,341.00,true,1,
3386460067508,false,"ג'ימי צ'ו בלו אד 100 מ""ל",ש.שסטוביץ,FR,ג'ימי צ'ו בלו אד,מיליליטרים,100.00,"100 מ""ל",false,1,268.30,268.30,true,1,
3386460074797,false,"לג'נד אדט לגבר 200 מ""ל - מונט בלאנק",רבלון בישום,IL,Legend א.ד.ט גבר,מיליליטרים,200.00,"100 מ""ל",false,0,341.00,170.50,true,1,
3386460076388,false,"רושאס מן רושאס - א.ד.ט 100 מ""ל",רבלון בישום,IL,ROCHAS א.ד.ט,מיליליטרים,100.00,"100 מ""ל",false,1,169.00,169.00,true,1,
3386460078870,false,ג'ימי צ'ו אינטנס ג.אדט100,אינטר פרמיום,FR,INTENSE א.ד.ט.,מיליליטרים,100.00,"100 מ""ל",false,0,268.30,268.30,true,1,
3386460080194,false,"איריס אדפ 125 מ""ל",,IL,איריס אדפ,מיליליטרים,125.00,"100 מ""ל",false,1,426.40,341.12,true,1,
3386460101035,false,"מון בלאן אקספלורר אדפ 100 מ""ל לגבר",אינטר פרמיום,FR,Explorer א.ד.פ,מיליליטרים,100.00,"100 מ""ל",false,1,272.60,272.60,true,1,
3386460109567,false,"קואץ דרים אדפ 90 מ""ל",אינטר פרמיום,FR,קואץ דרים אדפ,מיליליטרים,90.00,"100 מ""ל",false,1,229.90,255.44,true,1,
3386460118125,false,"מונבלאן לג'אנד (ג) אדפ 100 מ""ל",,FR,מונבלאן לגנד אדפ,מיליליטרים,100.00,"100 מ""ל",false,1,272.60,272.60,true,1,
3386460118675,false,מונבלאן אקספלורר אדפ200מ,מונבלאן,FR,מונבלאן אקספלורר,מיליליטרים,200.00,"100 מ""ל",false,1,400.80,200.40,true,1,
3386460119252,false,"ג'ימי צ'ו איי וונט צ'ו א.ד.פ 100 מ""ל Jimmy Choo I Want Choo E.D.P",אינטר פרמיום,FR,choo want i א.ד.,מיליליטרים,100.00,"100 מ""ל",false,1,323.90,323.90,true,1,
3386460124232,false,"רושס גירל א.ד.ט 100 מ""ל",,FR,רושס גירל א.ד.ט,מיליליטרים,100.00,"100 מ""ל",false,1,235.00,235.00,true,1,
3386460125482,false,מארז רושס לגבר 100+50מל,אינטר פרמיום,FR,מארז רושס לגבר,יחידה,1.00,יחידה,false,1,170.00,170.00,true,1,
3386460125499,false,מארז רושס מדמוזאל אדפ יח,,FR,מארז רושס מדמוזא,יחידה,1.00,יחידה,false,1,281.20,281.20,true,1,
3386460126304,false,מונקלר אדפ ריפיל אשה150מ,אינטרפרפיום,FR,MONCLER א.ד.פ,מיליליטרים,150.00,"100 מ""ל",false,1,452.10,301.40,true,1,
3386460127066,false,אורבן גולד אדפ 100מל,,FR,אורבן גולד,מיליליטרים,100.00,"100 מ""ל",false,1,272.60,272.60,true,1,
3386460127172,false,לה פלר ווטר לילי אדט90מל,,FR,לה פלר ווטר לילי,מיליליטרים,90.00,"100 מ""ל",false,1,152.90,169.89,true,1,
3386460129138,false,מארז קואץ בלו אדפ לגבר,אינטר פרמיום,FR,קואץ בלו סט,יחידה,1.00,יחידה,false,1,221.30,221.30,true,1,
3386460129879,false,"איי וונט צ'ו אדפ 100 מ""ל",אינטר פרמיום,FR,איי וונט צ'ו,מיליליטרים,100.00,"100 מ""ל",false,1,311.90,311.90,true,1,
3386460129886,false,"איי וונט צ'ו אדפ 60 מ""ל",אינטר פרמיום,FR,איי וונט צ'ו,מיליליטרים,60.00,"100 מ""ל",false,1,222.20,370.33,true,1,
3386460130561,false,אקספלורר אולטרה בלו אדפ,אינטר פרמיום,FR,מונבלאן סט לגבר,יחידה,1.00,יחידה,false,1,255.50,255.50,true,1,
3386460130653,false,מונבלאן סיגנצ'ר אדפ מארז,אינטר פרמיום,FR,מובבלאן סט,יחידה,1.00,יחידה,false,1,264.10,264.10,true,1,
3386461515671,false,"אקלט ד'ארפז' אדפ לאישה 100 מ""ל - לנוין",רבלון בישום,FR,D'ARPEGE ECLAT,מיליליטרים,100.00,"100 מ""ל",false,1,211.00,211.00,true,1,
3390150562945,false,פאיו גל ניקוי מקציף 400 מל,לילית,FR,ג'ל ניקוי מקציף,מיליליטרים,400.00,"100 מ""ל",false,1,76.00,19.00,true,1,
3390150564109,false,פאיו קרם גל 50 מל,לילית,FR,ג'ל לחות,מיליליטרים,50.00,"100 מ""ל",false,1,93.10,186.20,true,1,
3390150566905,false,"קרם לילה 50 מ""ל",,FR,"קרם לילה 50 מ""ל",מיליליטרים,50.00,"100 מ""ל",false,1,93.10,186.20,true,1,
3390150566912,false,"קרם יום 50 מ""ל",,IL,"קרם יום 50 מ""ל",מיליליטרים,50.00,"100 מ""ל",false,1,92.00,184.00,true,1,
3390150569456,false,פאיו בלו טכני ליס קרם יום 50 מל,לילית,FR,בלו טכני ליס קרם,מיליליטרים,50.00,"100 מ""ל",false,1,141.00,282.00,true,1,
3390150569470,false,פאיו בלו טכני ליס קרם עיניים 15 מל,לילית,FR,בלו טכני ליס קרם,מיליליטרים,15.00,"100 מ""ל",false,1,127.30,848.67,true,1,
3390150569494,false,פאיו בלו טכני ליס קרם לילה 50 מל,לילית,FR,בלו טכני ליס קרם,מיליליטרים,50.00,"100 מ""ל",false,1,141.00,282.00,true,1,
3390150572838,false,פאיו רוז ליפט קרם לחות מרוכז לשיפור מוצ,לילית,FR,רוז ליפט קרם לחו,מיליליטרים,50.00,"100 מ""ל",false,1,170.00,340.00,true,1,
3390150572845,false,פאיו רוז ליפט קרם לילה עשיר לשיפור מוצ,לילית,FR,רוז ליפט קרם ליל,מיליליטרים,50.00,"100 מ""ל",false,1,170.00,340.00,true,1,
3390150573217,false,פאיו שמן שיזוף חלומיSPF15,לילית,FR,שמן שיזוף,מיליליטרים,100.00,"100 מ""ל",false,1,67.50,67.50,true,1,
3390150573224,false,פאיו גל מרענן להרגעה והזנה לאחר חשיפה,לילית,FR,ג'ל מרענן להרגעה,מיליליטרים,200.00,"100 מ""ל",false,1,64.10,32.05,true,1,
3390150574283,false,פאיו רוז ליפט קרם עיניים עשיר לחיזוק ול,לילית,FR,רוז ליפט קרם עינ,מיליליטרים,15.00,"100 מ""ל",false,1,144.40,962.67,true,1,
3412242310071,false,"בושם אדידס DYNAMIC PULSE 100 מ""ל",COTY,ES,PULSE DYNAMIC,מיליליטרים,100.00,"100 מ""ל",false,0,34.10,34.10,true,1,
3412242510075,false,אדידס טיים פרוס אדט100מל,COTY,ES,א.ד.ט אדידס,מיליליטרים,100.00,"100 מ""ל",false,0,34.10,34.10,true,1,
3414204200949,false,"SCULPTURE ניקוס א.ד.ט לגבר 100 מ""ל",סקלפצ'ר SCULPTURE,IL,SCULPTURE א.ד.ט,מיליליטרים,100.00,"100 מ""ל",false,0,83.00,83.00,true,1,
3414206000608,false,"ג'ופ (יופ!) הום (ג) א.ד.ט 125 מ""ל",לילית בישום,FR,יופ א.ד.ט לגבר,מיליליטרים,125.00,"100 מ""ל",false,0,83.00,66.40,true,1,
3423222012700,false,"נרסיסו רודריגז מאסק נואר - א.ד.פ 100 מ""ל",פרסטיג' שיסיידו,FR,נרסיסו פור הר מא,מיליליטרים,100.00,"100 מ""ל",false,1,426.50,426.50,true,1,
3423222015565,false,"דולצ'ה גאבנה לימפרטריס א.ד.ט 100 מ""ל",,FR,לימפטריס מס' 3 א,מיליליטרים,100.00,"100 מ""ל",false,1,170.00,170.00,true,1,
3423222026004,false,"דה וואן גולד אדפ לגבר 100 מ""ל",,FR,GOLD ONE THE א.,מיליליטרים,100.00,"100 מ""ל",false,1,452.10,452.10,true,1,
3423222047757,false,מיאקי פאוץ לבן .,שיסיידו בישום,CN,מיאקי פאוץ לבן,יחידה,1.00,יחידה,false,1,42.60,42.60,true,1,
3423222047986,false,מיאקי ל.דיסי אדט לגבר,פרסטיג' שיסיידו,FR,מיאקי ל.דיסי מאר,יחידה,1.00,יחידה,false,1,289.70,289.70,true,1,
3423222055639,false,קריסטל נרסיסו לאישה 90 מל,פרסטיג' שיסיידו,FR,נרסיסו קריסטל,מיליליטרים,90.00,"100 מ""ל",false,1,426.50,473.89,true,1,
3423222055783,false,מארז נרסיסו פור הר יח',פרסטיג' שיסיידו,FR,מארז נרסיסו פור,יחידה,1.00,יחידה,false,1,426.50,426.50,true,1,
3423222055882,false,נרסיסו פור הר אדט מארז,פרסטיג' שיסיידו,FR,מארז נרסיסו פור,יחידה,1.00,יחידה,false,1,409.40,409.40,true,1,
3423222055912,false,נרסיסו פור הר אדפ מארז,פרסטיג' שיסיידו,FR,מארז נרסיסו פור,יחידה,1.00,יחידה,false,1,426.50,426.50,true,1,
3423222055950,false,נרסיסו מאסק נואר מארז,פרסטיג' שיסיידו,FR,נרסיסו מאסק נואר,יחידה,1.00,יחידה,false,1,426.50,426.50,true,1,
3423222055998,false,נרסיסו פור הר זהב 100 מל,פרסטיג' שיסיידו,FR,נרסיסיו פור הר,מיליליטרים,100.00,"100 מ""ל",false,1,426.50,426.50,true,1,
3423222066000,false,דה וואן אדפ אשה מארז,פרסטיג' שיסיידו,FR,דה וואן אדפ מארז,יחידה,1.00,יחידה,false,1,486.30,486.30,true,1,
3423222066161,false,"קיי מארז 3 חלקים אדט לגבר 100 מ""ל + בושם מוקטן 10 מ""ל + ג'ל רחצה 50 מ""ל",פרסטיג' שיסיידו,FR,דולצה K סט לגבר,יחידה,1.00,יחידה,false,1,409.40,409.40,true,1,
3423470300161,false,"לאו דאיסי אדט לאישה 100 מ""ל - איסי מיאקי",איסימיאקי.,FR,D'ISSEY L'EAU,מיליליטרים,100.00,"100 מ""ל",false,1,281.20,281.20,true,1,
3423470890020,false,"נרסיסו רודריגז אדט לאישה 100 מ""ל - נרסיסו רודריגז",נרסיסו רדריגז,FR,נרסיסו א.ד.ט אשה,מיליליטרים,100.00,"100 מ""ל",false,1,409.40,409.40,true,1,
3423470890075,false,נרסיסו פור הר א.בודי קרם,נרסיסו רדריגז,IL,נרסיסו פור הר א.,מיליליטרים,150.00,"100 מ""ל",false,0,264.10,176.07,true,1,
3423470890129,false,"נרסיסו רודריגז אדפ לאישה 100 מ""ל - נרסיסו רודריגז",נרסיסו רדריגז,FR,Narciso פור הר,מיליליטרים,100.00,"100 מ""ל",false,1,426.50,426.50,true,1,
3423473020233,false,"לייט בלו אדט לאישה 100 מ""ל - דולצ'ה וגבאנה",דולצ'ה&גב.שסטוב,IL,blue light א.ד.ט,מיליליטרים,100.00,"100 מ""ל",false,0,323.90,323.90,true,1,
3423473020516,false,"לייט בלו אדט לגבר 125 מ""ל - דולצ'ה וגבאנה",דולצ'ה&גב.שסטוב,IL,לייט בלו ג.אדט,מיליליטרים,125.00,"100 מ""ל",false,0,238.40,190.72,true,1,
3423473020622,false,"דולצ'ה אדום קלאסי אדט 100 מ""ל",,IL,פור פאם קלאסי אד,מיליליטרים,100.00,"100 מ""ל",false,1,341.00,341.00,true,1,
3423473020639,false,"פור פאם אדפ לאישה 100 מ""ל - דולצ'ה וגבאנה",דולצ'ה&גב.שסטוב,IL,דולצ'ה וגבנה אדפ,מיליליטרים,100.00,"100 מ""ל",false,0,414.50,414.50,true,1,
3423473020776,false,"דולצ'ה גאבנה קלאסיק פור הום גבר א.ד.ט 125 מ""ל",דולצ'ה&גב.שסטוב,FR,Homme Pour א.ד.ט,מיליליטרים,125.00,"100 מ""ל",false,1,332.40,265.92,true,1,
3423473021001,false,"דה וואן אדפ לאישה 75 מ""ל - דולצ'ה וגבאנה",דולצ'ה&גב.שסטוב,IL,one the א.ד.פ,מיליליטרים,75.00,"100 מ""ל",false,0,457.20,609.60,true,1,
3423473021131,false,"דה וואן אסנס אדפ 65 מ""ל",,IL,דה וואן אסנס אדפ,מיליליטרים,65.00,"100 מ""ל",false,1,247.00,380.00,true,1,
3423473032878,false,לייט בלו אינטנס אדפ100מל,דולצ'ה&גב.שסטוב,FR,לייט בלו אינטנס,מיליליטרים,100.00,"100 מ""ל",false,1,323.90,323.90,true,1,
3423473049357,false,K אפטר שייב באלם 100מל,,FR,K אפטר שייב באלם,מיליליטרים,100.00,"100 מ""ל",false,1,178.60,178.60,true,1,
3423473051756,false,"דה וואן אינטנס 100 מ""ל",,FR,דה וואן אינטנס,מיליליטרים,100.00,"100 מ""ל",false,1,452.10,452.10,true,1,
3423473061151,false,זדיג דיס איז הר מארז יח',,IL,זדיג דיס איז הר,יחידה,1.00,יחידה,false,1,255.50,255.50,true,1,
3423473101253,false,"קיי אדפ לכבר 100 מ""ל -דולצ'ה וגאבנה",,FR,דולצה גאבנה K אד,מיליליטרים,100.00,"100 מ""ל",false,1,417.90,417.90,true,1,
3423474891856,false,זדיג&וולטיר דיס א.אדפ100,זדיג&וולטייר,FR,IS THIS א.ד.פ,מיליליטרים,100.00,"100 מ""ל",false,0,289.70,289.70,true,1,
3423474892051,false,זאדיק תחליב גוף לאישה,,FR,זדיג דיס איז הר,מיליליטרים,200.00,"100 מ""ל",false,1,84.60,42.30,true,1,
3423474892259,false,זדיג דיס איז הר דאו100.מ,,FR,HER IS THIS דאו',מיליליטרים,100.00,"100 מ""ל",false,1,71.70,71.70,true,1,
3423478370654,false,זדיג&וולטיר תחליב גוף,פרסטיג' שיסיידו,FR,זדיג דיס תחליב,מיליליטרים,75.00,"100 מ""ל",false,0,16.20,21.60,true,1,
3423478462854,false,"אוד מאסק אדפ 100 מ""ל",,IL,אוד מאסק אדפ,מיליליטרים,100.00,"100 מ""ל",false,1,383.70,383.70,true,1,
3423478515956,false,"פיור מאסק אדפ לאישה 100 מ""ל - נרסיסו רודריגז",נרסיסו רדריגז,FR,פיור מאסק נרסיסו,מיליליטרים,100.00,"100 מ""ל",false,1,426.50,426.50,true,1,
3423478840652,false,"נרסיסו פודרה (א) אדפ 90מ""ל",נרסיסו רדריגז,FR,PUDREE NARCISO,מיליליטרים,90.00,"100 מ""ל",false,1,426.50,473.89,true,1,
3423478926653,false,נרסיסו תחליב גוף 200מל,נרסיסו רדריגז,FR,נרסיסו תחליב גוף,מיליליטרים,200.00,"100 מ""ל",false,0,204.20,102.10,true,1,
3423478952157,false,"נרסיסיו פור הר 150 מ""ל",נרסיסו רדריגז,FR,נרסיסיו פור הר,מיליליטרים,150.00,"100 מ""ל",false,1,486.30,324.20,true,1,
3423478972452,false,איסימיאקי לאו דיסי 80 מל,,IL,איסימיאקי לאו די,מיליליטרים,80.00,"100 מ""ל",false,1,323.90,404.88,true,1,
3432240031921,false,"PANTHERE LA אדפ 75 מ""ל",,FR,PANTHERE LA אדפ,מיליליטרים,75.00,"100 מ""ל",false,1,306.80,409.07,true,1,
3439600019568,false,"אליאן קרם גוף 200 מ""ל",,FR,טרי מוגלר אליאן,מיליליטרים,200.00,"100 מ""ל",false,0,212.80,106.40,true,1,
3439600029758,false,"אליאן אדט לגבר 100 מ""ל - טיירי מוגלר",טרי מוגלר בישום,FR,אלייאן אדט,מיליליטרים,100.00,"100 מ""ל",false,1,358.10,358.10,true,1,
3439600029840,false,"טיירי מוגלר קולון 100 מ""",,IL,טיירי מוגלר קולו,מיליליטרים,100.00,"100 מ""ל",false,1,255.50,255.50,true,1,
3439600037449,false,"אליאן פיוזן אדפ 60 מ""ל",,IL,אליאן פיוזן אדפ,מיליליטרים,60.00,"100 מ""ל",false,1,315.30,525.50,true,1,
3439600049862,false,"טרי מוגלר אנג'ל NOVA אדפ 100 מ""ל",,FR,אנג'ל NOVA אדפ,מיליליטרים,100.00,"100 מ""ל",false,1,460.60,460.60,true,1,
3439600056655,false,"אנג'ל כוכב אדפ 100מ""ל",טרי מוגלר בישום,FR,אנג'ל כוכב,מיליליטרים,100.00,"100 מ""ל",false,1,460.60,460.60,true,1,
3439600056969,false,"ALIEN א.ד.פ לאשה 90 מ""ל",,FR,ALIEN א.ד.פ לאשה,מיליליטרים,90.00,"100 מ""ל",false,1,460.60,511.78,true,1,
3439601204611,false,"GODDESS ALIEN אדפ 60 מ""ל",,FR,GODDESS ALIEN אד,מיליליטרים,60.00,"100 מ""ל",false,1,383.70,639.50,true,1,
3494800220022,false,Mademoiselle א.ד.פ אישה,זלנגיה,FR,Mademoiselle,מיליליטרים,50.00,"100 מ""ל",false,1,82.90,165.80,true,1,
3494800220039,false,מרינה דינסטי מדמואזל100מ,רבלון בישום,FR,מרינה דינסטי מדמ,מיליליטרים,100.00,"100 מ""ל",false,0,126.00,126.00,true,1,
3494800280682,false,מרינה דה בורבון סט לאישה,,FR,מרינה דה בורבון,יחידה,1.00,יחידה,false,1,145.20,145.20,true,1,
3508441104662,false,"אוונטוס אדפ לאישה 75 מ""ל - קריד",,IL,קריד אוונטוס אדפ,מיליליטרים,75.00,"100 מ""ל",false,1,1102.50,1470.00,true,1,
3574660089547,false,טמפונים נורמל קלאסי אובה 32 יחידות,ג'\ונסון אנד ג'\ונסון,GR,טמפוני או בה,יחידה,1.00,יחידה,false,0,21.20,21.20,true,1,
3574660115154,false,או-בה טמפונים קלאסי סופר 32יח',ג'\ונסון אנד ג'\ונסון,GR,טמפוני או בה,יחידה,1.00,יחידה,false,0,21.20,21.20,true,1,
3574660239829,false,קרם ידיים קל סדרה נורבגית נוטרוגינה 50 מ,ניוטרוג'ינה Neutrogena,FR,קרם ידיים קליל,מיליליטרים,75.00,"100 מ""ל",false,0,24.70,32.93,true,1,
3574660245844,false,נטרוגינה תרחיץ לניקוי פנים,CILAG GMBH INTERNATI,GR,CLEAN DEEP תרחיץ,מיליליטרים,200.00,"100 מ""ל",false,0,50.30,25.15,true,1,
3574660514643,false,קרם לחות רב שימושי עשיר נוטרוגינה 300 מל,ניוטרוג'ינה Neutrogena,IT,"קרם רב""ש",מיליליטרים,300.00,"100 מ""ל",false,0,22.90,7.63,true,1,
3574660569759,false,"ניוטרוג'ינה - תרחיץ פנים במשאבה אשכולית ורודה 200מ""ל",CILAG GMBH INTERNATI,GR,VISIBLYCLR תרחיץ,מיליליטרים,200.00,"100 מ""ל",false,1,51.00,25.50,true,1,
3574660676105,false,"קרם ר""ש ניוטרוג'ינה קליל",CILAG GMBH INTERNATI,FR,קרם ניוטרוג'ינה,מיליליטרים,300.00,"100 מ""ל",false,1,22.90,7.63,true,1,
3574661003924,false,שטיפת פה טוטאל קר בטעם מנטה צלול,ג'\ונסון אנד ג'\ונסון,IT,מי פה ליסטרין,מיליליטרים,500.00,"100 מ""ל",false,0,17.00,3.40,true,1,
3574661034195,false,ויזבלי קליר פור&שיין 150,ג'ונסון,FR,ויזבלי קליר,מיליליטרים,150.00,"100 מ""ל",false,1,55.50,37.00,true,1,
3574661098531,false,ניוטרוגינה תחליב גוף מועשר לעור יבש/רגיש,ניוטרוג'ינה Neutrogena,GR,תחליב גוף,מיליליטרים,400.00,"100 מ""ל",false,1,25.50,6.37,true,1,
3574661098937,false,נטרוגינה תחליב גוף-יבש סדרה נורווגית,ניוטרוג'ינה Neutrogena,FR,תחליב גוף,מיליליטרים,400.00,"100 מ""ל",false,1,25.50,6.37,true,1,
3574661114620,false,"ליסטרין שטיפת פה זירו ללא אלכוהול 250 מ""",ג'\ונסון אנד ג'\ונסון,IT,מי פה ליסטרין,מיליליטרים,250.00,"100 מ""ל",false,0,8.40,3.36,true,1,
3574661200019,false,נוטרוגינה ת.גוף ויזבלי ריניו משאבה 400 מל,ניוטרוג'ינה Neutrogena,GR,תחליב גוף,מיליליטרים,400.00,"100 מ""ל",false,1,25.50,6.37,true,1,
3574661287201,false,"ניוטרוג'ינה - הידרו בוסט ק.לחות אקווה ג'ל 50מ""ל",שסטוביץ,PL,ג'ל מים,מיליליטרים,50.00,"100 מ""ל",false,1,70.00,140.00,true,1,
3574661287232,false,ניוטרוגינה היידרובוסט גל 50 מל חדש,שסטוביץ,PL,BOOST HYDRO קרם,מיליליטרים,50.00,"100 מ""ל",false,1,69.10,138.20,true,1,
3574661288345,false,נטרוגינה היידרובוסט גל ניקוי לפנים 200,שסטוביץ,PL,ג'ל ניקוי לפנים,מיליליטרים,200.00,"100 מ""ל",false,1,50.30,25.15,true,1,
3574661332581,false,נטרוגינה קליר& דיפנד קרם לחות 50 מל,שסטוביץ,FR,תחליב לחות,מיליליטרים,50.00,"100 מ""ל",false,1,58.00,116.00,true,1,
3574661352275,false,ליסטירין מי פה פירות יער 250 מל,ג'\ונסון אנד ג'\ונסון,IT,מי פה ליסטרין,מיליליטרים,250.00,"100 מ""ל",false,1,11.00,4.40,true,1,
3574661392486,false,"קרם ידיים ניוטרוגינה הידרו בוסט 75 מ""ל",ניוטרוג'ינה Neutrogena,GR,קרם ידיים הידרו,מיליליטרים,75.00,"100 מ""ל",false,1,24.50,32.67,true,1,
3574661419435,false,תחבושות הגייניות וניה מקסי 12 יחידות,Johnson Vania - BL,BE,תחבושות וניה,יחידה,1.00,יחידה,false,1,22.10,22.10,true,1,
3574661425696,false,גונסונס בייבי תחליב לתינוק 500 מל,ג'ונסונס Johnson's,IT,ג'ונסון תחליב,מיליליטרים,500.00,"100 מ""ל",false,1,27.20,5.44,true,1,
3574661450551,false,דיטוקס מים מיסלריים400מל,,FR,דיטוקס מים מיסלר,מיליליטרים,400.00,"100 מ""ל",false,1,42.60,10.65,true,1,
3574661458748,false,טלק גונסון 200 ג' חדש,ג'ונסון,IT,טלק לתינוקות,גרמים,200.00,100 גרם,false,1,17.00,8.50,true,1,
3574661487328,false,קרפרי מגני תחתון אורגינל פלוס 56 יח',הדקלאים אגודת שיתופי,IT,מגני תחתון קרפרי,יחידה,1.00,יחידה,false,1,12.70,12.70,true,1,
3574661487618,false,קרפרי מגן תחתון מקסי לארג'' מבושם 48 יח'',ג'ויה מעבדות לקוסמטי,IT,קרפרי מגני תחתון,יחידה,1.00,יחידה,false,1,12.70,12.70,true,1,
3574661487625,false,מגני תחתון פלוס לארג' בניחוח עדין L,הדקלאים אגודת שיתופי,IT,מגן תחתון קרפרי,יחידה,1.00,יחידה,false,1,12.70,12.70,true,1,
3574661491806,false,מי פה אדבנס וויט מנטה מסירה כתמים קשים,ג'\ונסון אנד ג'\ונסון,IT,מי פה ליסטרין,מיליליטרים,500.00,"100 מ""ל",false,1,17.00,3.40,true,1,
3574661500355,false,קרפרי מגן תחתון מקסי לונג רגיל 40 יח',ג'ויה מעבדות לקוסמטי,IT,מגני תחתון קרפרי,יחידה,1.00,יחידה,false,1,12.70,12.70,true,1,
3574661500478,false,נטרוגינה בלאקהד מי פנים 200 מל,שסטוביץ,FR,מי פנים לחיסול ר,מיליליטרים,200.00,"100 מ""ל",false,1,51.20,25.60,true,1,
3574661501901,false,שטיפה אינטימית יומיומית מכיל תה ירוק ואלוורה,קולגייט פלמוליב,IT,שטיפה אינטימית,מיליליטרים,200.00,"100 מ""ל",false,1,17.00,8.50,true,1,
3574661506272,false,קרפרי מגבונים אינטימיים אלוורה 20 יח,ג'\ונסון אנד ג'\ונסון,DE,מגבונים אינטימי,יחידה,1.00,יחידה,false,1,17.00,17.00,true,1,
3574661527086,false,נטרוגינה כורכום מוס ניקוי 150 מל,שסטוביץ,GR,כורכום מוס ניקוי,מיליליטרים,150.00,"100 מ""ל",false,1,51.20,34.13,true,1,
3574661529240,false,ניוטרוג'ינה כורכום מסיר איפור ג'ל 200מל,שסטוביץ,GR,כורכום מסיר איפו,מיליליטרים,200.00,"100 מ""ל",false,1,34.10,17.05,true,1,
3574661530697,false,גונסונס בייבי תרחיץ ושמפו לתינוק 500 מל,ג'ונסונס Johnson's,IT,ג'ונסון תרחיץ,מיליליטרים,500.00,"100 מ""ל",false,1,18.70,3.74,true,1,
3574661552576,false,קרפרי מגן תחתון רגיל טנגה לבן 56 יח חדש,הדקלאים אגודת שיתופי,GR,מגני תחתון קרפרי,יחידה,1.00,יחידה,false,1,12.70,12.70,true,1,
3574661552804,false,מגן תחתון קרפרי אלוורה 56 יחידות,הדקלאים אגודת שיתופי,IT,מגני תחתון קרפרי,יחידה,1.00,יחידה,false,1,12.70,12.70,true,1,
3574661552811,false,מגן תחתון קרפרי כותון אוורירי 56 יחידות,הדקלאים אגודת שיתופי,GR,מגן תחתון קרפרי,יחידה,1.00,יחידה,false,1,12.70,12.70,true,1,
3574661554877,false,מגן תחתון קרפרי כותון מבושם 56 יחידות,הנסיך- מפעל לייצור ט,GR,מגני תחתון קרפרי,יחידה,1.00,יחידה,false,1,12.70,12.70,true,1,
3574661554884,false,קרפרי מגן תחתון רגיל טנגה מבושם 56 יח,הדקלאים אגודת שיתופי,IT,מגני תחתון קרפרי,יחידה,1.00,יחידה,false,1,12.70,12.70,true,1,
3574661560489,false,נטרוגינה דיפ קלין מגבונים להסרת איפור 25,שסטוביץ,FR,CLEAN DEEP מגבונ,יחידה,1.00,יחידה,false,1,24.70,24.70,true,1,
3574661591568,false,ניוטרוגינה ברייט בוסט ג'ל קרם 50 מל,שסטוביץ,FR,Bright Boost ג'ל,מיליליטרים,50.00,"100 מ""ל",false,1,84.60,169.20,true,1,
3574661593067,false,נטרוגינה בוסט ברייט סרום מאיר למראה עור,שסטוביץ,FR,BRIGHT BOOST סרו,מיליליטרים,30.00,"100 מ""ל",false,1,85.30,284.33,true,1,
3574661610344,false,נטרוגינה קרם לחות עשיר ומרוכז לעור יבש ע,גונסון אנד גונסון סנטה ב,IT,ניוטרוג'ינה קרם,מיליליטרים,300.00,"100 מ""ל",false,1,22.90,7.63,true,1,
3574661610375,false,נטרוגינה קרם לחות קליל סדרה נורווגית חדש,ג'ונסונס בייבי,FR,ניוטרוג'ינה קרם,מיליליטרים,300.00,"100 מ""ל",false,1,22.90,7.63,true,1,
3574661643359,false,ליסטרין נטורלס שטיפת פה אנאמל פרוטקט,ג'\ונסון אנד ג'\ונסון,IT,מי פה ליסטרין,מיליליטרים,500.00,"100 מ""ל",false,1,17.00,3.40,true,1,
3574669907392,false,ג'ונסון שמפו לתינוק 750,ג'ונסון,IT,ג'ונסון שמפו לתי,מיליליטרים,750.00,"100 מ""ל",false,1,17.00,2.26,true,1,
3574669907682,false,גונסונס בייבי טלק 500 גרם חדש,גונסון אנד גונסון,IT,טלק ג'ונסון,גרמים,500.00,100 גרם,false,1,32.30,6.46,true,1,
3574669907972,false,"גונסונס שמפו טיפות של ברק 750 מ""ל חדש",ג'ונסונס Johnson's,IT,ג'ונסון שמפו,מיליליטרים,750.00,"100 מ""ל",false,1,24.70,3.29,true,1,
3574669908665,false,גונסונס בייבי אל סבון לפני השינה 750 מל,גונסון אנד גונסון,IT,ג'ונסון אל סבון,מיליליטרים,750.00,"100 מ""ל",false,1,21.20,2.83,true,1,
3574669908948,false,גונסונס בייבי אל סבון לרחצה עדינה 750 מל,גונסון אנד גונסון,IT,ג'ונסון אל סבון,מיליליטרים,750.00,"100 מ""ל",false,1,21.20,2.83,true,1,
3574669909075,false,גונסון בייבי שמן מגע כותנה 300 מל חדש,שסטוביץ,IT,ג'ונסון שמן,מיליליטרים,300.00,"100 מ""ל",false,1,24.70,8.23,true,1,
3574669909181,false,גונסונס בייבי שמן אלוורה לתינוק 300 מל,ג'ונסונס Johnson's,IT,שמן ג'ונסון,מיליליטרים,300.00,"100 מ""ל",false,1,21.20,7.07,true,1,
3574669909822,false,"גונסון טיפות של ברק תרסיס מרכך שיער לילדים, 200 מ""ל",ג'ונסונס Johnson's,IT,ג'ונסון ספריי,מיליליטרים,200.00,"100 מ""ל",false,1,20.40,10.20,true,1,
3595471065421,false,סט מרצדס אינטנס לגבר,מרצדס,FR,מרצדס אינטנס גבר,יחידה,1.00,יחידה,false,1,144.40,144.40,true,1,
3600520051789,false,לוריאל - שפתון קולוריש 362,סייפו,FR,שפתון קולור ריש,יחידה,1.00,יחידה,false,0,50.30,50.30,true,1,
3600520772028,false,לוריאל - פודרה טרומאצ C3,סייפו,IT,MATCH TRUE פודרה,יחידה,1.00,יחידה,false,0,42.60,42.60,true,1,
3600520772042,false,MATCH TRUE פודרה W5,סייפו,IT,פודרה דחוסה,יחידה,1.00,יחידה,false,0,42.60,42.60,true,1,
3600520881799,false,לוריאל - מסקרה טלסקופיק שחור,לוריאל פריז L'OREAL PARIS,IT,TELESCOPIC מסקרה,יחידה,1.00,יחידה,false,0,54.60,54.60,true,1,
3600521342015,false,לוריאל - שפתון קולוריש 258,סייפו,FR,שפתון קולור ריש,יחידה,1.00,יחידה,false,0,50.30,50.30,true,1,
3600521720219,false,קרם פנים לילה עם פעולה משולשת לכל סוגי העור,"קרלסרו, גרמניה",DE,קרם לילה,מיליליטרים,50.00,"100 מ""ל",false,0,42.60,85.20,true,1,
3600521821152,false,לוריאל - מסקרה מ.לאשס שחור,סייפו,FR,מסקרה ווליום,יחידה,1.00,יחידה,false,0,42.60,42.60,true,1,
3600521877104,false,לור מסקרה לאש ארכיטקט 4D,סייפו,IT,מסקרה לאש,יחידה,1.00,יחידה,false,0,64.10,64.10,true,1,
3600522022893,false,לוריאל - אקסלנס קרם 9.3 בלונד מאוד בהיר זהוב,ליברמו,BE,אקסלנס,יחידה,1.00,יחידה,false,0,29.80,29.80,true,1,
3600522029946,false,לוריאל נוטרישן קרם יום 50 מל,לוריאל פרודקשן דויטשלנד,DE,אייג' פרפקט קרם,מיליליטרים,50.00,"100 מ""ל",false,1,106.80,213.60,true,1,
3600522066798,false,לוריאל - מסקרה ווליום מגה קולגן שחור,סייפו,FR,MEGA מסקרה,יחידה,1.00,יחידה,false,0,70.00,70.00,true,1,
3600522236450,false,לוריאל - אקסלנס קרם 6.46 אדום בהיר נחושתי,לוריאל פריז,BE,אקסלנס6.46אדום,יחידה,1.00,יחידה,false,1,29.80,29.80,true,1,
3600522251750,false,לוריאל - דרמו רויטליפט לייזר עיניים,לוריאל,FR,קרם עיניים,מיליליטרים,15.00,"100 מ""ל",false,0,93.00,620.00,true,1,
3600522324300,false,PERFECT AGE סרום,קלסרואה,FR,PERFECT AGE סרום,מיליליטרים,30.00,"100 מ""ל",false,0,105.00,350.00,true,1,
3600522337119,false,לוריאל - שפתון עמיד אינפליבל 312 (צרפתי),לוריאל,FR,שפתון עמיד,יחידה,1.00,יחידה,false,1,54.60,54.60,true,1,
3600522337188,false,לוריאל - שפתון עמיד אינפלבל 506,סופרוג'ם,FR,שפתון עמיד,יחידה,1.00,יחידה,false,0,54.60,54.60,true,1,
3600522344070,false,לוריאל - אלביב מסכה קולור פרוטקט 300,"לוריאל ישראל בע""מ",DE,מסכת אלביב,מיליליטרים,300.00,"100 מ""ל",false,0,25.50,8.50,true,1,
3600522378051,false,לוריאל - אקסלנס קרם 6.32 חום בהיר זהוב מעודן,ליברמו,BE,צבע לשיער אקסלנס,יחידה,1.00,יחידה,false,1,29.80,29.80,true,1,
3600522550204,false,קרם אנטי-אייג'ינג יום אייג' ספשיאליסט +55,"קרלסרו, גרמניה",DE,קרם יום,מיליליטרים,50.00,"100 מ""ל",false,1,58.00,116.00,true,1,
3600522632436,false,קרם אנטי-אייג'ינג לילה אייג' ספשיאליסט +55,"קרלסרו, גרמניה",DE,קרם לילה,מיליליטרים,50.00,"100 מ""ל",false,1,58.00,116.00,true,1,
3600522634034,false,לוריאל - שפתון עמיד אינפלבל 701,סופרוג'ם,FR,שפתון אינפייליבל,יחידה,1.00,יחידה,false,0,54.60,54.60,true,1,
3600522832089,false,אקסלנס קרם 7.7 בלונד דבש מהגוני,לוריאל פריז,BE,אקסלנס 7.77 חום,יחידה,1.00,יחידה,false,1,29.80,29.80,true,1,
3600522838586,false,לוריאל רויטליפט לייזר X3 קרם-מסכה לילה,KARLSRUHE GERMANY,DE,קרם מסכה לילה,מיליליטרים,50.00,"100 מ""ל",false,0,93.00,186.00,true,1,
3600522862383,false,לוריאל - מייקאפ טרו מאץ' 1N (חדש),,FR,טרו מאץ N1,מיליליטרים,30.00,"100 מ""ל",false,1,55.40,184.67,true,1,
3600522862390,false,לוריאל - מייקאפ טרומאצ N2,לוריאל פריז L'OREAL PARIS,FR,N2 MATCH TRUE,מיליליטרים,30.00,"100 מ""ל",false,1,55.40,184.67,true,1,
3600522862420,false,לוריאל - מייקאפ טרומאצ N5,לוריאל,FR,N5 MATCH TRUE,מיליליטרים,30.00,"100 מ""ל",false,1,55.40,184.67,true,1,
3600522862475,false,לוריאל - מייקאפ טרומאצ C1,לוריאל,FR,מייק אפ,מיליליטרים,3021.00,"100 מ""ל",false,1,55.40,1.84,true,1,
3600522862482,false,לוריאל - מייקאפ טרומאצ C2,לוריאל פריז L'OREAL PARIS,FR,מייק אפ C2,מיליליטרים,30.00,"100 מ""ל",false,1,55.40,184.67,true,1,
3600522862499,false,לוריאל - מייקאפ טרומאצ C3,לוריאל,FR,C3 MATCH TRUE,מיליליטרים,30.00,"100 מ""ל",false,1,55.40,184.67,true,1,
3600522862543,false,לוריאל - מייקאפ טרומאצ W3,לוריאל פריז L'OREAL PARIS,FR,W3 MATCH TRUE,מיליליטרים,30.00,"100 מ""ל",false,1,55.40,184.67,true,1,
3600522877301,false,לוריאל - פריימר אינפלבל,סופרוג'ם,FR,פריימר אינפליבל,מיליליטרים,35.00,"100 מ""ל",false,1,67.40,192.57,true,1,
3600523044337,false,EXTRAORDINARY מסכת לילה,"קרלסרו, גרמניה",DE,מסכת לילה,מיליליטרים,50.00,"100 מ""ל",false,0,67.00,134.00,true,1,
3600523193141,false,תרסיס לכיסוי שורשי השיער Magic Retouch שחור,לוריאל ליברמו,BE,ספריי צבע שיער,מיליליטרים,75.00,"100 מ""ל",false,1,25.50,34.00,true,1,
3600523193165,false,תרסיס לכיסוי שורשי השיער Magic Retouch חום בהיר,לוריאל ליברמו,BE,ספריי צבע לשיער,מיליליטרים,75.00,"100 מ""ל",false,1,25.50,34.00,true,1,
3600523201303,false,לוריאל - דרמו רויטליפט פילר לילה,"קרלסרו, גרמניה",DE,קרם לילה,מיליליטרים,50.00,"100 מ""ל",false,1,72.50,145.00,true,1,
3600523201310,false,לוריאל - דרמו רויטליפט פילר עיניים,לוריאל,FR,קרם עיניים,מיליליטרים,15.00,"100 מ""ל",false,1,72.50,483.33,true,1,
3600523206834,false,רויטליפט פילר קרם יום אנטי אייג'ינג להשבת נפח,"קרלסרו, גרמניה",IT,קרם יום,מיליליטרים,50.00,"100 מ""ל",false,1,72.50,145.00,true,1,
3600523206841,false,לוריאל - דרמו רויטליפט פילר סרום,קוסמינט,IT,REVITALIFT סרום,מיליליטרים,16.00,"100 מ""ל",false,1,72.50,453.12,true,1,
3600523216086,false,לוריאל - דרמו אייג' פרפקט גולדן אייג' יום,"קרלסרו, גרמניה",DE,קרם יום,מיליליטרים,50.00,"100 מ""ל",false,1,105.00,210.00,true,1,
3600523242641,false,לוריאל - דרמו אייג' פרפקט גולדן לילה,"קרלסרו, גרמניה",DE,קרם לילה,מיליליטרים,50.00,"100 מ""ל",false,1,105.00,210.00,true,1,
3600523334568,false,לוריאל - עפרון גבות אייג 04,לוריאל איפור,DE,פרפקט גבות 04,יחידה,1.00,יחידה,false,1,34.10,34.10,true,1,
3600523337712,false,לוריאל - מג'יק ריטאצ' 6 חום מהגוני,לוריאל,BE,מג'יק ריטאצ' חום,מיליליטרים,75.00,"100 מ""ל",false,1,25.50,34.00,true,1,
3600523351497,false,לוריאל - ע.עיניים אינפל.ג.קריון01שחור,,DE,עפרון עיניים עמי,יחידה,1.00,יחידה,false,1,25.60,25.60,true,1,
3600523363186,false,HG ג'ל לחות לעור מעור 70,"לוריאל פרודקשן דויטשלנד,",DE,ג'ל לחות,מיליליטרים,70.00,"100 מ""ל",false,1,51.20,73.14,true,1,
3600523363193,false,לוריאל הידרה גינייס גל לחות לעור יבש,"לוריאל פרודקשן דויטשלנד,",DE,HG ג'ל לחות,מיליליטרים,70.00,"100 מ""ל",false,1,51.20,73.14,true,1,
3600523428663,false,לוריאל - דרמו רויטליפט לייזר יום,"קרלסרו, גרמניה",DE,REVITALIFT קרם,מיליליטרים,50.00,"100 מ""ל",false,1,93.00,186.00,true,1,
3600523448760,false,לוריאל סדרת פרחים חלב פנים לעור רגיש 400,"קרלסרו, גרמניה",DE,חלב פנים,מיליליטרים,400.00,"100 מ""ל",false,1,35.80,8.95,true,1,
3600523457984,false,מגבונ.עור רגיל פרחים,"קרלסרו, גרמניה",DE,מגבונים,יחידה,1.00,יחידה,false,1,13.50,13.50,true,1,
3600523464548,false,לוריאל הידרה גינייס גל לחות לעור עדין,"לוריאל פרודקשן דויטשלנד,",DE,HG ג'ל לחות,מיליליטרים,70.00,"100 מ""ל",false,1,51.20,73.14,true,1,
3600523476619,false,לוריאל - דרמו פרחים ג'ל ניקוי כחול (החלפת ברקוד),סופרוריאל אולניי,FR,ג'ל ניקוי כחול,מיליליטרים,150.00,"100 מ""ל",false,1,30.60,20.40,true,1,
3600523497157,false,סופרליינר קז'אל לבן יח',,IL,סופרליינר קז'אל,יחידה,1.00,יחידה,false,1,39.20,39.20,true,1,
3600523498482,false,דרמו רויטליפט מסכת פילר פנינים,לוריאל,DE,רויטלפיט מסיכת,מיליליטרים,50.00,"100 מ""ל",false,1,72.50,145.00,true,1,
3600523500154,false,לוריאל - קונסילר טרו מאץ 1N,לוריאל,IL,קוניסלר טרו מאץ,יחידה,1.00,יחידה,false,1,42.60,42.60,true,1,
3600523500161,false,קונסילר טרו מאץ W 9 יח',לוריאל,IL,קונסילר טרו מאץ,יחידה,1.00,יחידה,false,1,42.60,42.60,true,1,
3600523500222,false,לוריאל - קונסילר טרו מאץ 3W,לוריאל,IL,קונסילר טרו מאץ,יחידה,1.00,יחידה,false,1,42.60,42.60,true,1,
3600523500246,false,קונסילר טרו מאץ 6W יח',לוריאל,IL,קונסילר טרו מאץ,יחידה,1.00,יחידה,false,1,42.60,42.60,true,1,
3600523591831,false,לוריאל - מסקרה פרדייז עמידה במים,לוריאל איפור,IT,מסקרה פרדייז עמי,יחידה,1.00,יחידה,false,1,42.60,42.60,true,1,
3600523611898,false,לוריאל - מייקאפ טרומאצ W8.5,,IL,טרו מאץ W8.5,מיליליטרים,30.00,"100 מ""ל",false,1,55.40,184.67,true,1,
3600523614417,false,לוריאל - שפיינג סטיק אינפליבל 130,,FR,מייקאפ פרש וור,מיליליטרים,30.00,"100 מ""ל",false,1,85.30,284.33,true,1,
3600523614431,false,לוריאל - מייקאפ פרש וור 145,,FR,מייקאפ פרש וור,מיליליטרים,30.00,"100 מ""ל",false,1,85.30,284.33,true,1,
3600523614493,false,לוריאל - מייקאפ פרש וור 140,,FR,מייקאפ פרש וור,מיליליטרים,30.00,"100 מ""ל",false,1,85.30,284.33,true,1,
3600523614509,false,לוריאל - שפיינג סטיק אינפליבל 200,,FR,מייקאפ פרש וור,מיליליטרים,30.00,"100 מ""ל",false,1,85.30,284.33,true,1,
3600523614516,false,מייקאפ פרש וור 125 30 מל,,FR,מייקאפ פרש וור 0,מיליליטרים,30.00,"100 מ""ל",false,1,85.30,284.33,true,1,
3600523614523,false,מייקאפ פרש וור 300 30 מל,,FR,מייקאפ פרש וור,מיליליטרים,30.00,"100 מ""ל",false,1,85.30,284.33,true,1,
3600523644018,false,לוריאל - שפתון נוזלי אינפלבל שוקו 852,,FR,שפתון שוקולד עמי,יחידה,1.00,יחידה,false,1,53.70,53.70,true,1,
3600523651870,false,שמפו לחיזוק סיב השערה לכל סוגי השיער,לוריאל - אלביב Elvive,TR,אלביב שמפו,מיליליטרים,550.00,"100 מ""ל",false,1,15.30,2.78,true,1,
3600523651900,false,מרכך לחיזוק סיב השערה לכל סוגי השיער,לוריאל - אלביב Elvive,TR,אלביב מרכך,מיליליטרים,550.00,"100 מ""ל",false,1,15.30,2.78,true,1,
3600523652242,false,"לוריאל - אלביב שמפו קולור פרוטקט 550 מ""ל",לוריאל - אלביב Elvive,TR,אלביב שמפו,מיליליטרים,550.00,"100 מ""ל",false,1,15.30,2.78,true,1,
3600523652259,false,"לוריאל - אלביב מרכך קולור פרוטקט 550 מ""ל",קוסמטיקס,TR,אלביב מרכך,מיליליטרים,550.00,"100 מ""ל",false,1,15.30,2.78,true,1,
3600523652280,false,"לוריאל אלביב שמפו מועשר ב 6 שמנים, 550 מ""ל",לוריאל - אלביב Elvive,TR,אלביב שמפו,מיליליטרים,550.00,"100 מ""ל",false,1,15.30,2.78,true,1,
3600523652297,false,"מרכך לשיער אלביב זהב 6 שמנים , 550 מ""ל",לוריאל - אלביב Elvive,TR,אלביב מרכך,מיליליטרים,550.00,"100 מ""ל",false,1,15.30,2.78,true,1,
3600523670079,false,UNLIMITED VERY DIFFERENT מסקרה שחורה,לוריאל פריז L'OREAL PARIS,IT,מסקרה אנלימיטד,יחידה,1.00,יחידה,false,1,67.40,67.40,true,1,
3600523708000,false,לוריאל - מן אקספרט פיור פאוור פילינג,AULNAYS SOPROREAL-,DE,פיור פאוור פילינ,מיליליטרים,100.00,"100 מ""ל",false,1,25.50,25.50,true,1,
3600523716524,false,לוריאל - דרמו רויטליפט קלאסי קרם אדום עברית,"קרלסרו, גרמניה",DE,קרם יום אדום,מיליליטרים,50.00,"100 מ""ל",false,1,81.10,162.20,true,1,
3600523718597,false,לוריאל גולדן אייג קרם עיניים,לוריאל,DE,דרמו גולדן אייג',מיליליטרים,15.00,"100 מ""ל",false,1,105.00,700.00,true,1,
3600523729029,false,שפתון מקרון עמיד 832 יח',,IL,שפתון מקרון עמיד,יחידה,1.00,יחידה,false,1,51.20,51.20,true,1,
3600523729098,false,שפתון מקרון עמיד 826 יח',,IL,שפתון מקרון עמיד,יחידה,1.00,יחידה,false,1,51.20,51.20,true,1,
3600523755264,false,לוריאל - מסקרה לגבות 000 שקוף,,IT,מסקרה לגבות שקוף,מיליליטרים,4.00,"100 מ""ל",false,1,38.40,960.00,true,1,
3600523755288,false,לוריאל - מסקרה לגבות 108 חום,,IT,מסקרה לגבות 108,מיליליטרים,4.00,"100 מ""ל",false,1,38.40,960.00,true,1,
3600523755806,false,"לוריאל - אלביב שמפו קוקוס 550 מ""ל",קוסמטיקס,TR,שמפו אלביב,מיליליטרים,550.00,"100 מ""ל",false,1,15.30,2.78,true,1,
3600523756322,false,"לוריאל - אלביב מרכך קוקוס 550 מ""ל",קוסמטיקס,TR,מרכך אלביב,מיליליטרים,550.00,"100 מ""ל",false,1,15.30,2.78,true,1,
3600523762187,false,מגיק ריטאצ בלונד בהיר שורש כהה,לוריאל,BE,מג'יק ריטאצ 9 בל,מיליליטרים,75.00,"100 מ""ל",false,1,25.50,34.00,true,1,
3600523782567,false,"לוריאל - אלביב שמפו דרים לונג 500 מ""ל",קוסמטיקס,FR,אלביב שמפו,מיליליטרים,500.00,"100 מ""ל",false,1,15.30,3.06,true,1,
3600523782581,false,מרכך מתיר קשרים לשיער ארוך ופגום Dream Long,לוריאל - אלביב Elvive,FR,אלביב מרכך,מיליליטרים,500.00,"100 מ""ל",false,1,15.30,3.06,true,1,
3600523783731,false,מייק אפ מאט קאבר 130 30,,IL,מייק אפ מאט קאבר,מיליליטרים,30.00,"100 מ""ל",false,1,88.80,296.00,true,1,
3600523784400,false,לור מייקאפ מאט קאבר 110,,IL,מייק אפ מאט קאבר,מיליליטרים,30.00,"100 מ""ל",false,1,88.80,296.00,true,1,
3600523784424,false,לוריאל - מייקאפ מאט קאבר 145,,IL,מייק אפ מאט קאבר,מיליליטרים,30.00,"100 מ""ל",false,1,88.80,296.00,true,1,
3600523784455,false,לוריאל - מייקאפ מאט קאבר 200,,IL,מייק אפ מאט קאבר,מיליליטרים,30.00,"100 מ""ל",false,1,88.80,296.00,true,1,
3600523796878,false,לוריאל - גבות סקיני 109,,IL,גבות סקיני 109,יחידה,1.00,יחידה,false,1,42.70,42.70,true,1,
3600523815449,false,פלטת צללות גו ווילד יח',,IT,פלטת צללות גו וו,יחידה,1.00,יחידה,false,1,59.80,59.80,true,1,
3600523816699,false,לוריאל - דרמו פעולה משולשת פרש ג'ל עברית,"קרלסרו, גרמניה",DE,קרם לחות,מיליליטרים,50.00,"100 מ""ל",false,1,42.60,85.20,true,1,
3600523873920,false,לוריאל - דרמו רויטליפט פילר טפטפת סרום עברית,לוריאל,DE,רויטליפט פילר סר,מיליליטרים,30.00,"100 מ""ל",false,1,72.50,241.67,true,1,
3600523936625,false,לוריאל - דרמו רויטליפט לייזר סרום עברית,לוריאל,DE,סרום רויטליפט,מיליליטרים,30.00,"100 מ""ל",false,1,93.00,310.00,true,1,
3600523936663,false,לוריאל אייג פרפקט רנסנס קרם יום,לוריאל,DE,אייג'\ פרפקט רנס,מיליליטרים,50.00,"100 מ""ל",false,1,105.00,210.00,true,1,
3600523936700,false,לוריאל - דרמו משולשת נוטרישן לעור יבש עברית,"קרלסרו, גרמניה",DE,דרמו פעולה משולש,מיליליטרים,50.00,"100 מ""ל",false,1,42.60,85.20,true,1,
3600523936786,false,"לוריאל - אלביב שמן לשיער רגיל 100 מ""ל",לוריאל,IL,שמן לטיפוח השיער,מיליליטרים,100.00,"100 מ""ל",false,1,34.10,34.10,true,1,
3600523936823,false,אלביב שמן לטיפוח השיער לשיער צבוע ויבש,"אינטרביוטי קוסמטיקס, ישר",IL,שמן לשיער צבוע,מיליליטרים,100.00,"100 מ""ל",false,1,34.10,34.10,true,1,
3600523951291,false,לוריאל - פודרה עמידה אינפליבל 20,,IT,פודרה עמידה אינפ,יחידה,1.00,יחידה,false,1,55.50,55.50,true,1,
3600523951444,false,לוריאל - פודרה עמידה אינפליבל 120,,IT,פודרה עמידה אינפ,יחידה,1.00,יחידה,false,1,55.50,55.50,true,1,
3600523951543,false,לוריאל - פודרה עמידה אינפליבל 130,,IT,פודרה עמידה אינפ,יחידה,1.00,יחידה,false,1,55.50,55.50,true,1,
3600523951598,false,לוריאל - פודרה עמידה אינפליבל 140,,IT,פודרה עמידה אינפ,יחידה,1.00,יחידה,false,1,55.50,55.50,true,1,
3600523953554,false,לוריאל - דרמו פרחים מגבונים ורוד עברית,לוריאל,DE,דרמו פרחים מגבונ,יחידה,1.00,יחידה,false,1,13.50,13.50,true,1,
3600523953677,false,לוריאל - דרמו רויטליפט קלאסי יום SPF30 עברית,"קרלסרו, גרמניה",DE,דרמו רויטליפט לח,מיליליטרים,50.00,"100 מ""ל",false,1,81.10,162.20,true,1,
3600523959877,false,לוריאל - ליינר פרפקט סלים (חדש),,DE,לוריאל ליינר פרפ,יחידה,1.00,יחידה,false,1,50.30,50.30,true,1,
3600523965663,false,לוריאל רויטליפט פילר טונר מי פנים 200 מל,לוריאל,DE,רויטליפט פילר טו,מיליליטרים,200.00,"100 מ""ל",false,1,35.80,17.90,true,1,
3600523970698,false,"לוריאל - אלביב דרים לונג וונדר ווטר 200 מ""ל",לוריאל,BE,אלביב וונדר ווטר,מיליליטרים,200.00,"100 מ""ל",false,1,25.50,12.75,true,1,
3600523971954,false,לוריאל - דרמו רויטליפט לייזר סרום רטינול,לוריאל,DE,דרמו רויטליפט לי,מיליליטרים,30.00,"100 מ""ל",false,1,93.00,310.00,true,1,
3600523985326,false,לוריאל - דרמו רויטליפט לייזר יום SPF 20 עברי,לוריאל פריס,DE,קרם אנטי אייגינג,מיליליטרים,50.00,"100 מ""ל",false,1,93.00,186.00,true,1,
3600523985838,false,לוריאל - דרמו רויטליפט פילר ג'ל ניקוי לפנים,"לוריאל פרודקשן דויטשלנד,",DE,דרמו רויטליפט פ,מיליליטרים,150.00,"100 מ""ל",false,1,35.80,23.87,true,1,
3600523991525,false,"לוריאל - דרמו רויטליפט קלאסי סרום 30 מ""ל","קרלסרו, גרמניה",DE,סרום רויטליפט קל,מיליליטרים,30.00,"100 מ""ל",false,1,81.10,270.33,true,1,
3600523991556,false,לוריאל הידרה גינייס גל לחות לעור מעורב,לוריאל,DE,דרמו הידרה ג'יני,מיליליטרים,70.00,"100 מ""ל",false,1,51.20,73.14,true,1,
3600524012601,false,"לוריאל - סרום לפנים מידנייט 30 מ""ל",לוריאל,DE,סרום לילה דרמו ר,מיליליטרים,30.00,"100 מ""ל",false,1,111.00,370.00,true,1,
3600524013370,false,לוריאל אייג פרפקט רנסנס קרם יום SPF30,לוריאל,DE,דרמו רנסנס קרם,מיליליטרים,50.00,"100 מ""ל",false,1,105.00,210.00,true,1,
3600524013448,false,לוריאל אייג פרפקט רנסנס קרם עיניים,לוריאל,FR,קרם עיניים,מיליליטרים,15.00,"100 מ""ל",false,1,105.00,700.00,true,1,
3600524019587,false,"לוריאל - רויטליפט טונר חומצה גליקולית 180 מ""ל",קוסמפול,PL,רויטליפט טונר לפ,מיליליטרים,180.00,"100 מ""ל",false,1,34.10,18.94,true,1,
3600524026639,false,לוריאל - שחור עמיד אינפליבל,פאבר קסטל,DE,עפרון אינפליבל 3,יחידה,1.00,יחידה,false,1,25.60,25.60,true,1,
3600524031091,false,לוריאל מסקרה פרו אדום יח,סייפו,IT,לוריאל מסקרה פרו,יחידה,1.00,יחידה,false,1,68.30,68.30,true,1,
3600524031107,false,לוריאל מסקרה פרו סגול יח,סייפו,IT,לוריאל מסקרה פרו,יחידה,1.00,יחידה,false,1,68.30,68.30,true,1,
3600524031138,false,לוריאל מסקרה פרו כסוף יח,סייפו,IT,לוריאל מסקרה פרו,יחידה,1.00,יחידה,false,1,68.30,68.30,true,1,
3600524051006,false,"לוריאל - רויטליפט ג'ל ניקוי חומצה גליקולית 150 מ""ל",קרלסרו,DE,רויטליפט ג'ל ניק,מיליליטרים,150.00,"100 מ""ל",false,1,34.10,22.73,true,1,
3600524051211,false,"לוריאל - רויטליפט פילר קרם יום 50 מ""ל",לוריאל,DE,רויטפילט פילר קר,מיליליטרים,50.00,"100 מ""ל",false,1,72.50,145.00,true,1,
3600524051334,false,אלביב מרכך חומצה היאלורונית 400 מל,לוריאל,FR,אלביב מרכך,מיליליטרים,400.00,"100 מ""ל",false,1,15.30,3.83,true,1,
3600524051570,false,לוריאל - אלביב מסכה היאלורונית 300 מ''ל,DEUT PRODUKTION L\'OREAL,FR,אלביב מסכה,מיליליטרים,300.00,"100 מ""ל",false,1,25.50,8.50,true,1,
3600530575428,false,מייבלין - עפרון שפתיים סנסשיונאל 132,סייפו,IT,עפרון שפתיים,יחידה,1.00,יחידה,false,0,17.00,17.00,true,1,
3600530575459,false,מייבלין - עפרון שפתיים סנסשיונאל 338,סייפו,IL,עפרון שפתיים,יחידה,1.00,יחידה,false,0,17.00,17.00,true,1,
3600530575473,false,מייבלין - עפרון שפתיים סנסשיונאל 440,סייפו,IT,עפרון ליפ ליינר,יחידה,1.00,יחידה,false,0,17.00,17.00,true,1,
3600530695812,false,מייבלין - שפתון סופרסטיי 260,מייבלין Maybelline,FR,STAY260 SUPER,יחידה,1.00,יחידה,false,1,37.50,37.50,true,1,
3600530695836,false,מייבלין - שפתון סופרסטיי 310,לוריאל,FR,סופר סטיי 310,יחידה,1.00,יחידה,false,1,37.50,37.50,true,1,
3600530695850,false,מייבלין - שפתון סופרסטיי 340,מייבלין Maybelline,FR,STAY340 SUPER,יחידה,1.00,יחידה,false,1,37.50,37.50,true,1,
3600530695935,false,מייבלין - שפתון סופרסטיי 585,מייבלין Maybelline,FR,STAY585 SUPER,יחידה,1.00,יחידה,false,1,37.50,37.50,true,1,
3600530695959,false,מייבלין - שפתון סופרסטיי 611,לוריאל,FR,סופר סטיי 611,יחידה,1.00,יחידה,false,1,37.50,37.50,true,1,
3600530695966,false,מייבלין - שפתון סופרסטיי 615,סופרוג'ם,FR,STAY SUPER 553,יחידה,1.00,יחידה,false,1,37.50,37.50,true,1,
3600530695973,false,מייבלין - שפתון סופרסטיי 640,מייבלין Maybelline,FR,STAY640 SUPER,יחידה,1.00,יחידה,false,1,37.50,37.50,true,1,
3600530696024,false,מייבלין - שפתון סופרסטיי 760,מייבלין Maybelline,FR,STAY SUPER 760,יחידה,1.00,יחידה,false,1,37.50,37.50,true,1,
3600530730308,false,מייבלין - ליינר מסטר פרסייס שחור,שוואן סטבילו,IT,אייליינר,יחידה,1.00,יחידה,false,0,29.00,29.00,true,1,
3600530733842,false,מייבלין - קונסילר ספוגית 01IAR,מייבלין Maybelline,IL,קונסילר אנטי איג,יחידה,1.00,יחידה,false,1,39.20,39.20,true,1,
3600530733859,false,מייבלין - קונסילר ספוגית 02IAR,,IL,קונסילר אנטי איג,יחידה,1.00,יחידה,false,1,39.20,39.20,true,1,
3600530733866,false,מייבלין - קונסילר ספוגית 03IAR,מייבלין Maybelline,IL,קונסילר אנטי איג,יחידה,1.00,יחידה,false,1,39.20,39.20,true,1,
3600530854363,false,מייבלין - פודרה סופר סטיי 10,סייפו,IT,פודרה סופרסטיי,יחידה,1.00,יחידה,false,0,29.00,29.00,true,1,
3600531047795,false,מייבלין - ליינר מסטר פרסייס חום,שואן קוסמטיקס,DE,ליינר זהב,יחידה,1.00,יחידה,false,1,29.00,29.00,true,1,
3600531084806,false,מייבלין - עפרון עיניים קולוסאל קזאל 1,סייפו,DE,KAJAL COLOSSAL,יחידה,1.00,יחידה,false,1,17.00,17.00,true,1,
3600531143459,false,מייבלין - מסקרה לאש שחור,סייפו,IT,מסקרה,יחידה,1.00,יחידה,false,1,34.00,34.00,true,1,
3600531324506,false,מייבלין - מייקאפ פיט מי מאט 110,מייבלין Maybelline,IL,מייק אפ פיט מי מ,יחידה,1.00,יחידה,false,0,44.30,44.30,true,1,
3600531324551,false,מייבלין מייק אפ פיט מי מאט פורלס+ 220,מייבלין Maybelline,FR,מייק אפ,יחידה,1.00,יחידה,false,0,44.30,44.30,true,1,
3600531324568,false,מייבלין - מייקאפ פיט מי מאט 230,מייבלין,IL,מייק אפ פיט מי 2,יחידה,1.00,יחידה,false,0,44.30,44.30,true,1,
3600531384210,false,מייבלין - פודרה פיט מי 130,מייבלין Maybelline,IL,פיט פודרה 130,יחידה,1.00,יחידה,false,1,31.50,31.50,true,1,
3600531396831,false,מייבלין - קונסילר ספוגית 05IAR,מייבלין Maybelline,IL,קונסילר אנטי איג,יחידה,1.00,יחידה,false,1,39.20,39.20,true,1,
3600531396848,false,מייבלין - קונסילר ספוגית 04IAR,מייבלין Maybelline,IL,קונסילר אנטי איג,יחידה,1.00,יחידה,false,1,39.20,39.20,true,1,
3600531396855,false,מייבלין - קונסילר ספוגית 06IAR,מייבלין Maybelline,IL,קונסילר אנטי איג,יחידה,1.00,יחידה,false,1,39.20,39.20,true,1,
3600531411091,false,מייבלין - שפתון ס.סטיי אינק 05,,IL,שפתון סופר סטיי,יחידה,1.00,יחידה,false,1,37.50,37.50,true,1,
3600531411107,false,מייבלין - שפתון ס.סטיי אינק 15,,IL,שפתון סופר סטיי,יחידה,1.00,יחידה,false,1,37.50,37.50,true,1,
3600531411114,false,מייבלין - שפתון ס.סטיי אינק 20,,IL,שפתון סופר סטיי,יחידה,1.00,יחידה,false,1,37.50,37.50,true,1,
3600531411138,false,מייבלין - שפתון ס.סטיי אינק 30,,IL,שפתון סופר סטיי,יחידה,1.00,יחידה,false,1,37.50,37.50,true,1,
3600531411145,false,מייבלין - שפתון ס.סטיי אינק 35,,IL,שפתון סופר סטיי,יחידה,1.00,יחידה,false,1,37.50,37.50,true,1,
3600531411183,false,מייבלין - שפתון ס.סטיי אינק 10,,IL,שפתון סופר סטיי,יחידה,1.00,יחידה,false,1,37.50,37.50,true,1,
3600531417765,false,מייב ג'ל לגבות בראו טאטו 03,,IL,ג'ל גבות ברואו ט,יחידה,1.00,יחידה,false,1,35.80,35.80,true,1,
3600531429911,false,מייבלין - פלטת צלליות ברגונדי,מייבלין Maybelline,IT,פלטת צלליות בורג,יחידה,1.00,יחידה,false,1,33.30,33.30,true,1,
3600531457563,false,STAY SUPER שפתון 845 יח',מייבלין Maybelline,FR,STAY SUPER 553,יחידה,1.00,יחידה,false,1,37.50,37.50,true,1,
3600531457594,false,STAY SUPER שפתון 840יח',מייבלין Maybelline,FR,STAY SUPER 553,יחידה,1.00,יחידה,false,1,37.50,37.50,true,1,
3600531465193,false,מייבלין - קונסילר ספוגית 08IAR,מייבלין Maybelline,IL,קונסילר ספוג 08,יחידה,1.00,יחידה,false,1,39.20,39.20,true,1,
3600531465230,false,מייבלין - קונסילר ספוגית 00IAR,מייבלין Maybelline,IL,קונסילר ספוג 00,יחידה,1.00,יחידה,false,1,39.20,39.20,true,1,
3600531465247,false,מייבלין - קונסילר ספוגית 07IAR,,IL,קונסילר 07,יחידה,1.00,יחידה,false,1,39.20,39.20,true,1,
3600531465254,false,מייבלין - קונסילר ספוגית 11IAR,מייבלין,IL,קונסילר ספוג 11,יחידה,1.00,יחידה,false,1,39.20,39.20,true,1,
3600531469412,false,מייבלין - שפתון ס.סטיי אינק 70,מייבלין,IL,שפתון מאט אינק 7,יחידה,1.00,יחידה,false,1,37.50,37.50,true,1,
3600531469429,false,מייבלין - שפתון ס.סטיי אינק 55,מייבלין,IL,שפתון מאט אינק 6,יחידה,1.00,יחידה,false,1,37.50,37.50,true,1,
3600531469436,false,מייבלין - שפתון ס.סטיי אינק 75,מייבלין,IL,שפתון מאט אינק 7,יחידה,1.00,יחידה,false,1,37.50,37.50,true,1,
3600531469467,false,מייבלין - שפתון ס.סטיי אינק 60,מייבלין,IL,שפתון מאט אינק 6,יחידה,1.00,יחידה,false,1,37.50,37.50,true,1,
3600531513382,false,מייבלין - שפתון ס.סטיי אינק 120,לוריאל,IL,שפתון מאט אינק 1,יחידה,1.00,יחידה,false,1,37.50,37.50,true,1,
3600531513436,false,מייבלין - שפתון ס.סטיי אינק 130,לוריאל,FR,שפתון מאט אינק 1,יחידה,1.00,יחידה,false,1,37.50,37.50,true,1,
3600531513443,false,מייבלין - שפתון ס.סטיי אינק 135,לוריאל,IL,שפתון מאט אינק 1,יחידה,1.00,יחידה,false,1,37.50,37.50,true,1,
3600531531065,false,מייב איילינר עמיד טאטו ליינר ג'ל שחור,CASTELL FABER,DE,טאטו ליינר ג'ל ש,יחידה,1.00,יחידה,false,1,17.00,17.00,true,1,
3600531537289,false,מייבלין - סומק פיט מי 40,,IL,סומק פיטמי 40,יחידה,1.00,יחידה,false,1,29.90,29.90,true,1,
3600531537357,false,מייבלין - סומק פיט מי 50,,IL,סומק פיטמי 50,יחידה,1.00,יחידה,false,1,29.90,29.90,true,1,
3600531537531,false,מייבלין - סומק פיט מי 35,מייבלין Maybelline,IL,סומק פיטמי 35,יחידה,1.00,יחידה,false,1,29.90,29.90,true,1,
3600531561277,false,מייבלין - קונסילר ספוגית 95IAR,,IL,קונסילר95,מיליליטרים,6.00,"100 מ""ל",false,1,39.20,653.33,true,1,
3600531584696,false,מייבלין - מסקרה פולסיס לאשליפט,מייבלין Maybelline,IL,מסקרה פולסיס לאש,יחידה,1.00,יחידה,false,1,34.10,34.10,true,1,
3600531591304,false,מייבלין - סומק צ'יק היט 15,,CN,סומק צ'יק היט 15,מיליליטרים,10.00,"100 מ""ל",false,1,35.90,359.00,true,1,
3600531591335,false,מייבלין - סומק צ'יק היט 30,,CN,סומק צ'יק היט 30,מיליליטרים,10.00,"100 מ""ל",false,1,35.90,359.00,true,1,
3600531592974,false,מייבלין - פלטת צלליות ניו יורק,מייבלין Maybelline,IL,פלטת צלליות ניו,יחידה,1.00,יחידה,false,1,42.70,42.70,true,1,
3600531605681,false,מייבלין - שפתון ס.סטיי אינק 180,מייבלין,IL,שפתון מאט אינק,יחידה,1.00,יחידה,false,1,37.50,37.50,true,1,
3600531606541,false,מייבלין - עיפרון גבות אקס 07,,IL,עיפרון גבות אקס,יחידה,1.00,יחידה,false,1,34.10,34.10,true,1,
3600531609689,false,מייבלין - שפתון ליפטר גלוס 01,,FR,שפתון ליפטר גלוס,יחידה,1.00,יחידה,false,1,34.10,34.10,true,1,
3600531609719,false,מייבלין - שפתון ליפטר גלוס 08,,FR,שפתון ליפטר גלוס,יחידה,1.00,יחידה,false,1,34.10,34.10,true,1,
3600531609757,false,מייבלין - שפתון ליפטר גלוס 07,,FR,שפתון ליפטר גלוס,יחידה,1.00,יחידה,false,1,34.10,34.10,true,1,
3600531609764,false,מייבלין - שפתון ליפטר גלוס 02,,FR,שפתון ליפטר גלוס,יחידה,1.00,יחידה,false,1,34.10,34.10,true,1,
3600531631116,false,מייבלין - שפתון ס.סטיי אינק ספייס 325,,FR,מאט אינק ספייס 3,יחידה,1.00,יחידה,false,1,37.50,37.50,true,1,
3600531631161,false,מייבלין - שפתון ס.סטיי אינק ספייס 330,,FR,מאט אינק ספייס 3,יחידה,1.00,יחידה,false,1,37.50,37.50,true,1,
3600531631260,false,מייבלין - שפתון ס.סטיי אינק ספייס 340,,FR,מאט אינק ספייס 3,יחידה,1.00,יחידה,false,1,37.50,37.50,true,1,
3600531631383,false,מייבלין - פריימר פיט מי מאט,,FR,פריימר פיט מי מא,יחידה,1.00,יחידה,false,1,34.10,34.10,true,1,
3600531631390,false,מייבלין - פריימר פיט מי לומינס,,FR,מייב פריימר פיט,יחידה,1.00,יחידה,false,1,34.10,34.10,true,1,
3600540308641,false,גרנייה - קולור נטורלס 6 חום בהיר,קוסמופול,PL,צבע לשיער גרנייה,יחידה,1.00,יחידה,false,0,16.10,16.10,true,1,
3600541023291,false,גרניה 7 ימים קרם גוף אלוורה 400 מל,קוסמופול,PL,קרם גוף גרנייה,מיליליטרים,400.00,"100 מ""ל",false,1,12.70,3.18,true,1,
3600541029323,false,גרנייה אסנשיאל מסיר איפור 2 ב- 1,SOPROCOS סופרוקוס,FR,ESSENTIALS מסיר,מיליליטרים,200.00,"100 מ""ל",false,0,22.10,11.05,true,1,
3600541253667,false,"גרנייה - דאודורנט ספריי לאישה אינביזיבל BWC (ורוד) 150 מ""ל","לוריאל ישראל בע""מ",FR,דאו.גרנייה,מיליליטרים,150.00,"100 מ""ל",false,0,10.10,6.73,true,1,
3600541352148,false,גרניה אנטי אייגינג אססנטיאל 55+ קרם לילה,לוריאל,DE,אנטי אייג',מיליליטרים,50.00,"100 מ""ל",false,1,38.30,76.60,true,1,
3600541382930,false,גרנייה - מים מיסלרים לכל סוגי העור,"קוסמופול, פולין",PL,מים מיסלריים,מיליליטרים,400.00,"100 מ""ל",false,0,25.50,6.38,true,1,
3600541448476,false,גרנייה דאו רול-און אינבזיבל קונטרול,"לוריאל ישראל בע""מ",FR,דאודורנט גרנייה,מיליליטרים,50.00,"100 מ""ל",false,1,10.10,20.20,true,1,
3600541928169,false,"גרנייה פיור פחם ג'ל ניקוי 150 מ""ל","קרלסרו, גרמניה",DE,ג'יל ניקוי פיור,יחידה,1.00,יחידה,false,1,29.00,29.00,true,1,
3600541928275,false,מי פנים מיסלריים דו-פאזיים מסיר איפור עמיד במים,"קוסמופול, פולין",PL,מים מיסלריים דו,מיליליטרים,400.00,"100 מ""ל",false,1,25.50,6.38,true,1,
3600541937475,false,גרניה פיור גרגרים מסיכה לעור מעורב עד שמן,לוריאל,FR,גרנייה פיור ניקו,מיליליטרים,150.00,"100 מ""ל",false,1,29.00,19.33,true,1,
3600541952720,false,ג'ל גרגירים עם פחם פעיל לטיפול בראשים שחורים,גרנייה Garnier,FR,PURE פחם ג'ל,מיליליטרים,150.00,"100 מ""ל",false,1,29.00,19.33,true,1,
3600541956223,false,"גרנייה פיור לניקוי וטיפול בסימנים ופגעי עם מברשת 150 מ""ל","קרלסרו, גרמניה",DE,ג'ל ניקוי עמוק,מיליליטרים,150.00,"100 מ""ל",false,1,29.00,19.33,true,1,
3600542050579,false,גרניה בוטניקל מי פנים ורדים 200 מל,קוסמופול,DE,בוטניקל מי פנים,מיליליטרים,200.00,"100 מ""ל",false,1,21.30,10.65,true,1,
3600542097239,false,גרנייה - מסכת טישו פחם תה שחור,ביוטיקוס אינטרנשיונאל,CN,מסכת טישו פחם,יחידה,1.00,יחידה,false,1,12.70,12.70,true,1,
3600542154772,false,גרנייה מסכת טישו עיניים סקין אקטיב קוקוס,לוריאל,CN,טישו עיניים קוקו,יחידה,1.00,יחידה,false,1,11.00,11.00,true,1,
3600542216623,false,"דאודורנט רול גרנייה אקשן קונטרול 50 מ""ל",סופרוקוס,PL,דאודורנט גרנייה,מיליליטרים,50.00,"100 מ""ל",false,1,10.10,20.20,true,1,
3600542216647,false,"גרנייה - דאודורנט ספריי לאישה 96 שעות אקשן קונטר 150 מ""ל",לוריאל,FR,דאו.ספריי גרנייה,מיליליטרים,150.00,"100 מ""ל",false,1,10.10,6.73,true,1,
3600542232036,false,גרניה סקין נט אלו גל אלוורה ללחות 50 מל,לוריאל,DE,סקין נט אלו ג'ל,מיליליטרים,50.00,"100 מ""ל",false,1,40.90,81.80,true,1,
3600542267953,false,גרנייה - פיור אקטיב מים מיסלריים 400,גרנייה-קוסמטיקה,PL,פיור מי מיסלר,מיליליטרים,400.00,"100 מ""ל",false,1,25.50,6.38,true,1,
3600542281058,false,גרנייה - קולור נטורלס +7.40 נחושת עוצמתית,לוריאל,PL,קולור נטורלס,יחידה,1.00,יחידה,false,1,16.10,16.10,true,1,
3600542309974,false,"גרנייה - דאודורנט רול און לאישה מגנזיום 50 מ""ל",סופרוקוס,PL,דאו גרנייה,מיליליטרים,50.00,"100 מ""ל",false,1,10.10,20.20,true,1,
3600542328647,false,גרניה סקין נט קרם גל אלוורה 50 מל,לוריאל,PL,קרם ג'ל אלוורה,יחידה,1.00,יחידה,false,0,40.90,40.90,true,1,
3600542365710,false,גרנייה - פיור ג'ל ניקוי,לוריאל,PL,PURE ג'ל ניקוי,מיליליטרים,200.00,"100 מ""ל",false,1,29.00,14.50,true,1,
3600542365758,false,גרניה בוטניקל מי פנים ענבים 200 מל,"קוסמופול, פולין",DE,מי פנים ענבים,מיליליטרים,200.00,"100 מ""ל",false,1,21.20,10.60,true,1,
3600542365796,false,גרניה בוטניקל גל ניקוי ענבים 200 מל,לוריאל,PL,בוטניקל ג'ל ניקו,מיליליטרים,200.00,"100 מ""ל",false,1,21.20,10.60,true,1,
3600542366113,false,גרניה בוטניקל קרם לחות ענבים 50 מל,לוריאל,DE,סקין נטורל קרם ע,מיליליטרים,50.00,"100 מ""ל",false,1,34.10,68.20,true,1,
3600542366151,false,גרנייה - קרם לחות בוטניקלס ורדים,לוריאל,DE,סקין נטורל קרם ל,מיליליטרים,50.00,"100 מ""ל",false,1,34.10,68.20,true,1,
3600542367936,false,גרניה סקין נט מי פנים אלוורה 200 מל,"קוסמופול, פולין",DE,מי פנים אלוורה,יחידה,1.00,יחידה,false,0,21.30,21.30,true,1,
3600542368896,false,גרניה טישו מסק פיור אקטיב מסכת טישו לעור,לוריאל,CN,פיור אקטיב טישו,יחידה,1.00,יחידה,false,1,12.70,12.70,true,1,
3600542375801,false,גרניה פיור אקטיב 3ב1 פחם 150 מל,לוריאל,FR,פיור אקטיב 3 ב 1,מיליליטרים,150.00,"100 מ""ל",false,1,29.00,19.33,true,1,
3600542380492,false,גרנייה - מסכת טישו ויטמין סי,לוריאל,CN,מסיכת טישו ויטמי,יחידה,1.00,יחידה,false,1,12.70,12.70,true,1,
3600542385091,false,"גרנייה - דאודורנט רול און לאישה אקשן קונטרול 72 שעות 50 מ""ל",קוסמופול,PL,רול און גרנייה,מיליליטרים,50.00,"100 מ""ל",false,1,10.10,20.20,true,1,
3600542385107,false,"גרנייה - דאודורנט רול און לאישה אינביזיבל BWC (ירוק) 50 מ""ל",לוריאל ישראל קוסמטיקס בע,PL,דא.רול גרנייה,מיליליטרים,50.00,"100 מ""ל",false,1,10.10,20.20,true,1,
3600542385220,false,"גרנייה - דאודורנט רול און לאישה פרוטקשן 6 פלורל (סגול) 50 מ""ל",גרנייה Garnier,FR,רול און גרנייה,מיליליטרים,50.00,"100 מ""ל",false,1,10.10,20.20,true,1,
3600542385251,false,"גרנייה - דאודורנט רול און לאישה פרוטקשן 6 כותנה (ורוד) 50 מ""ל",גרנייה Garnier,FR,רול און גרנייה,מיליליטרים,50.00,"100 מ""ל",false,1,10.10,20.20,true,1,
3600542385268,false,גרניה דאו רול און אינביזיבל,לוריאל ישראל קוסמטיקס בע,PL,גרנייה רול און,מיליליטרים,50.00,"100 מ""ל",false,1,10.10,20.20,true,1,
3600542385275,false,"גרנייה - דאודורנט רול און לאישה פיור אקטיב 50 מ""ל",גרנייה Garnier,FR,רול און גרנייה,מיליליטרים,50.00,"100 מ""ל",false,1,10.10,20.20,true,1,
3600542385329,false,גרניה טישו מסק מסכת תה ירוק לעור רגיל,לוריאל,CN,טישו מסק תה ירוק,יחידה,1.00,יחידה,false,1,12.70,12.70,true,1,
3600542385626,false,גרנייה - מסכת טישו עם אלוורה וחומצה הילאורונית,לוריאל,CN,גרנייה טישו ואלו,גרמים,32.00,100 גרם,false,1,12.70,39.69,true,1,
3600542397926,false,גרניה דאו ספריי 6 פרוטקשן כותנה,"קוסמופול, פולין",FR,ספריי גרניה,מיליליטרים,150.00,"100 מ""ל",false,1,10.10,6.73,true,1,
3600542398206,false,גרניה סקין נט תרחיץ אלוורה 200 מל,"קוסמופול, פולין",DE,תרחיץ אלוורה,יחידה,1.00,יחידה,false,0,21.30,21.30,true,1,
3600542412773,false,גרניה פיור אקטיב פיל אוף פחם מסכה 50 מל,סופרוריאל אולניי,FR,גרנייה פיור פיל,מיליליטרים,50.00,"100 מ""ל",false,1,29.00,58.00,true,1,
3600542413626,false,גרנייה - מסכת טישו דובדבן שפתיים,לוריאל,CN,מסכת טישו דובדבן,יחידה,1.00,יחידה,false,1,11.00,11.00,true,1,
3600542415071,false,גרניה סקין נטורלס קרם לחות BB גוון ללא ש,לוריאל,FR,BB קרם לחות ללא,מיליליטרים,50.00,"100 מ""ל",false,1,52.90,105.80,true,1,
3600542415194,false,גרניה סקין נטורלס קרם לחות BB גוון ללא ש,לוריאל,FR,קרם לחות,מיליליטרים,50.00,"100 מ""ל",false,1,52.90,105.80,true,1,
3600542416405,false,גרניה סקין נטורלס קרם לחות BB גוון מדיום,לוריאל,FR,BB מדיוםקרם לחות,מיליליטרים,50.00,"100 מ""ל",false,1,51.20,102.40,true,1,
3600542416436,false,גרניה סקין נטורלס קרם לחות BB גוון בהיר,לוריאל,FR,קרם לחות,מיליליטרים,50.00,"100 מ""ל",false,1,52.90,105.80,true,1,
3600542421621,false,גרניה פרוקטיס מסכה לשיער בננה 390 מל,"אינטרביוטי קוסמטיק בע""\מ",IL,פרוקטיס היירפוד,מיליליטרים,390.00,"100 מ""ל",false,1,34.10,8.74,true,1,
3600542421645,false,"גרנייה - פרוקטיס היירפוד מרכך מקדמיה 350 מ""ל","אינטרביוטי קוסמטיק בע""\מ",IL,פרוקטיס היירפוד,מיליליטרים,350.00,"100 מ""ל",false,1,12.70,3.63,true,1,
3600542421669,false,"גרנייה - פרוקטיס היירפוד מרכך פפאיה 350 מ""ל","אינטרביוטי קוסמטיק בע""\מ",IL,פרוקטיס היירפוד,מיליליטרים,350.00,"100 מ""ל",false,1,12.70,3.63,true,1,
3600542421676,false,"גרנייה - פרוקטיס היירפוד מרכך בננה 350 מ""ל","אינטרביוטי קוסמטיק בע""\מ",IL,פרוקטיס היירפוד,מיליליטרים,350.00,"100 מ""ל",false,1,12.70,3.63,true,1,
3600542421683,false,"גרנייה - פרוקטיס היירפוד שמפו בננה 350 מ""ל","אינטרביוטי קוסמטיק בע""\מ",IL,פרוקטיס היירפוד,מיליליטרים,350.00,"100 מ""ל",false,1,12.70,3.63,true,1,
3600542421706,false,"גרנייה - פרוקטיס היירפוד שמפו פפאיה 350 מ""ל","אינטרביוטי קוסמטיק בע""\מ",IL,פרוקטיס היירפוד,מיליליטרים,350.00,"100 מ""ל",false,1,12.70,3.63,true,1,
3600542421720,false,גרנייה פרוקטיס היפורד מסכה פפאיה 390 גר,"אינטרביוטי קוסמטיק בע""\מ",IL,פרוקטיס היירפוד,מיליליטרים,390.00,"100 מ""ל",false,1,34.10,8.74,true,1,
3600542421737,false,גרנייה פרוקטיס היפורד מסכה מקדמיה 390 גר,"אינטרביוטי קוסמטיק בע""\מ",IL,פרוקטיס היירפוד,מיליליטרים,390.00,"100 מ""ל",false,1,34.10,8.74,true,1,
3600542431828,false,גרנייה - קולור נטורלס 1 שחור טבעי חדש,לוריאל ישראל קוסמטיקס בע,PL,קולור נטורלס 1,יחידה,1.00,יחידה,false,1,16.10,16.10,true,1,
3600542431835,false,גרנייה - קולור נטורלס 3 חום כהה מאוד חדש,לוריאל ישראל קוסמטיקס בע,PL,קולור נטורלס 3,יחידה,1.00,יחידה,false,1,16.10,16.10,true,1,
3600542431859,false,גרנייה - קולור נטורלס 5 חום טבעי חדש,לוריאל ישראל קוסמטיקס בע,PL,צבע שיער קולור,יחידה,1.00,יחידה,false,1,16.10,16.10,true,1,
3600542431866,false,גרנייה קולור נטורלס צבע לשיער חום בהיר 6,גרנייה Garnier,PL,קולור נטורלס 6,יחידה,1.00,יחידה,false,1,16.10,16.10,true,1,
3600542431873,false,גרנייה - קולור נטורלס 7 בלונד טבעי חדש,לוריאל ישראל קוסמטיקס בע,PL,קולור נטורלס 7,יחידה,1.00,יחידה,false,1,16.10,16.10,true,1,
3600542431897,false,גרנייה - קולור נטורלס 9 בלונד בהיר מאוד חדש,לוריאל ישראל קוסמטיקס בע,PL,קולור נטורלס 9,יחידה,1.00,יחידה,false,1,16.10,16.10,true,1,
3600542431903,false,גרנייה - קולור נטורלס 10 בלונד סופר בהיר חדש,לוריאל ישראל קוסמטיקס בע,PL,צבע לשיער קולו,יחידה,1.00,יחידה,false,1,16.10,16.10,true,1,
3600542431910,false,גרנייה - קולור נטורלס 2.1 שחור כחול חדש,לוריאל ישראל קוסמטיקס בע,PL,קולור נטורלס 2.1,יחידה,1.00,יחידה,false,1,16.10,16.10,true,1,
3600542431934,false,גרנייה - קולור נטורלס 6.25 חום אגוז חדש,לוריאל ישראל קוסמטיקס בע,PL,קולור נטורלס6.25,יחידה,1.00,יחידה,false,1,16.10,16.10,true,1,
3600542431958,false,גרנייה - קולור נטורלס 7.3 בלונד זהוב חדש,לוריאל ישראל קוסמטיקס בע,PL,קולור נטורלס 7.3,יחידה,1.00,יחידה,false,1,16.10,16.10,true,1,
3600542431965,false,גרנייה - קולור נטורלס 5.52 חום דבש חדש,משווק ויבואןn\:לוריאל יש,PL,קולור נטורלס5.52,יחידה,1.00,יחידה,false,1,16.10,16.10,true,1,
3600542431972,false,צבע לשיער קולור נטורלס - 111 בלונד אולטרה בהיר אפור,לוריאל ישראל קוסמטיקס בע,PL,קולור נטורלס 111,יחידה,1.00,יחידה,false,1,16.10,16.10,true,1,
3600542431989,false,גרנייה - קולור נטורלס 6.34 חום שוקולד חדש,לוריאל ישראל קוסמטיקס בע,PL,קולור נטורלס6.34,יחידה,1.00,יחידה,false,1,16.10,16.10,true,1,
3600542431996,false,גרנייה - קולור נטורלס 5.15 חום שוקולד עשיר חדש,יבואן ומשווק: n\לוריאל י,PL,צבע שיער קולור,יחידה,1.00,יחידה,false,1,16.10,16.10,true,1,
3600542432009,false,גרנייה - קולור נטורלס 4.5 חום שוקולד כהה חדש,לוריאל ישראל קוסמטיקס בע,PL,קולור נטורלס 4.5,יחידה,1.00,יחידה,false,1,16.10,16.10,true,1,
3600542432023,false,גרנייה - קולור נטורלס 2 שחור מעודן חדש,קוסמופול,PL,קולור נטורלס 2,יחידה,1.00,יחידה,false,1,16.10,16.10,true,1,
3600542432078,false,גרנייה - קולור נטורלס 3.12 חום קפוא חדש,קוסמופול,PL,צבע לשיער קולור,יחידה,1.00,יחידה,false,1,16.10,16.10,true,1,
3600542432085,false,גרנייה - קולור נטורלס 4.12 חום קרח חדש,לוריאל ישראל קוסמטיקס בע,PL,קולור נטורלס4.12,יחידה,1.00,יחידה,false,1,16.10,16.10,true,1,
3600542432962,false,"גרנייה - סרום לפנים אלוורה 30 מ""ל",לוריאל,DE,גרנייה סרום אלוו,מיליליטרים,30.00,"100 מ""ל",false,1,52.90,176.33,true,1,
3600542433266,false,גרנייה - סרום לפנים ויטמין C סקין אקטיב,לוריאל,DE,גרנייה סרום ויטמ,מיליליטרים,30.00,"100 מ""ל",false,1,52.90,176.33,true,1,
3600542456579,false,גרניה מיסלר ויטמין סי 400 מל,לוריאל,DE,מיסלר ויטמין סי,מיליליטרים,400.00,"100 מ""ל",false,1,25.50,6.38,true,1,
3600542456593,false,גרנייה פיור אקטיב מי פנים 200 מל,General,FR,PURE מי פנים,מיליליטרים,200.00,"100 מ""ל",false,1,29.00,14.50,true,1,
3600542503211,false,"גרנייה - פרוקטיס היירפוד מסכה חמאת קקאו 390 מ""ל",לוריאל,IL,פרוקטיס מסכה,מיליליטרים,390.00,"100 מ""ל",false,1,34.10,8.74,true,1,
3605521172525,false,אקווה דה ג'ויה אדפ א100מ,לנקום בישום,FR,אקווה דה ג'ויה,מיליליטרים,100.00,"100 מ""ל",false,1,306.80,306.80,true,1,
3605521534200,false,דיזל אונלי דה בר.טטו ג125,דיזל,FR,Brave The Only,מיליליטרים,125.00,"100 מ""ל",false,1,204.20,163.36,true,1,
3605521816580,false,si Armani א.ד.פ לאשה50מל,לנקום בישום,FR,si Armani א.ד.פ,מיליליטרים,50.00,"100 מ""ל",false,1,229.00,458.00,true,1,
3605521879905,false,BonBon אדפ ספריי 50 מל,ויקטור&רולף,FR,BonBon אדפ ספריי,מיליליטרים,50.00,"100 מ""ל",false,1,367.50,735.00,true,1,
3605522040588,false,ארמני סטרונגר ג.אדט 100,אינטרביוטי-בישו,FR,u With Stronger,מיליליטרים,100.00,"100 מ""ל",false,0,254.70,254.70,true,1,
3605522041486,false,ארמני סטרונגר א.אדפ 100,אינטרביוטי-בישו,IL,you emporio לאשה,מיליליטרים,100.00,"100 מ""ל",false,0,255.50,255.50,true,1,
3605530931663,false,לנקום בוקאז רול און 50 מל,לוריאל,IL,BOCAGE דאודורנט,מיליליטרים,50.00,"100 מ""ל",false,0,85.40,170.80,true,1,
3605531812213,false,DRAMA HYPNOSE מסקרה 01,לנקום,IL,מסקרה היפנוז,יחידה,1.00,יחידה,false,0,135.90,135.90,true,1,
3605532202945,false,מסקרה היפנוז דרמה,לנקום,IL,מסקרה היפנוז דרמ,יחידה,1.00,יחידה,false,0,135.90,135.90,true,1,
3605532532950,false,לנקום הידרזן ניורוקאלם קרם יום,לנקום,IL,קרם יום הידרה זן,יחידה,1.00,יחידה,false,0,238.40,238.40,true,1,
3605532612690,false,לה ויה בל אדפ 30מל,לנקום בישום,IL,לה ויה בל אדפ,מיליליטרים,30.00,"100 מ""ל",false,0,126.00,420.00,true,1,
3605532669786,false,לנקום רנרגי מולטי ליפט קרם עיניים,לוריאל,IL,רנרגי קרם עיניים,יחידה,1.00,יחידה,false,0,298.20,298.20,true,1,
3605532670270,false,לנקום רנרגי מולטי ליפט קרם לילה,לוריאל,IL,RENERGIE ללילה,מיליליטרים,50.00,"100 מ""ל",false,0,469.20,938.40,true,1,
3605532908724,false,לנקום רנרגי מולטי ליפט פלזמה 50 מל,לוריאל,IL,רנרג'י סרום,מיליליטרים,50.00,"100 מ""ל",false,0,452.10,904.20,true,1,
3605532972152,false,לנקום אבסולו BX קרם עיניים 15 מל,לוריאל,IL,BX ABSOLUE קרם,מיליליטרים,15.00,"100 מ""ל",false,0,417.90,2786.00,true,1,
3605532972640,false,לנקום אבסולו BX קרם יום 50 מל,לוריאל,IL,אבסולו BX קרם,מיליליטרים,50.00,"100 מ""ל",false,0,631.60,1263.20,true,1,
3605533286555,false,"לה ויה בל אדפ לאישה 100 מ""ל - לנקום",לנקום בישום,IL,belle est vie La,מיליליטרים,100.00,"100 מ""ל",false,1,306.80,306.80,true,1,
3605533330388,false,צללית אומברה היפ קרם 05,לנקום,IL,צללית אומברה היפ,יחידה,1.00,יחידה,false,0,127.30,127.30,true,1,
3605971512575,false,ראלף לורן קלאב אדפ 100 מל לגבר,,FR,Club Ralph's אדפ,מיליליטרים,100.00,"100 מ""ל",false,1,315.30,315.30,true,1,
3607342137172,false,ביוטי קלווין א.אדפ100 חד,קלווין קליין,IL,ביוטי קלווין א.א,מיליליטרים,100.00,"100 מ""ל",false,0,229.00,229.00,true,1,
3607342686229,false,קלוויה קליין אופריה 160 מ''ל,קוטי HFC,ES,סי.קי אפוריה אשה,מיליליטרים,160.00,"100 מ""ל",false,1,383.70,239.81,true,1,
3607343865333,false,אדידס בורן אורגינל גבר75,סופטאץ בישום,IL,אדידס בורן אורגי,מיליליטרים,75.00,"100 מ""ל",false,0,109.40,145.87,true,1,
3607345264356,false,"אדידס בודי ספריי לגבר דינמיק פולס, ללא אלומיניום, 150 מל",דנשר,PL,ספריי גוף אדידס,מיליליטרים,150.00,"100 מ""ל",false,0,12.70,8.47,true,1,
3607345264912,false,"אדידס בודי ספריי לגבר אייס דייב, ללא אלומיניום, 150 מל",אגריפק אס איי לגרדה,ES,ספריי גוף אדידס,מיליליטרים,150.00,"100 מ""ל",false,0,12.70,8.47,true,1,
3607345265117,false,"אדידס - דאודורנט ספריי לגבר טים פורס 150 מ""ל",מיוצר עי קונדיטוריית,ES,ספריי גוף אדידס,מיליליטרים,150.00,"100 מ""ל",false,0,12.70,8.47,true,1,
3607346232385,false,"קלואה קלאסי אדפ לאישה 75 מ""ל - קלואה",איניבידואל-שסטו,FR,Chloe א.ד.פ לאשה,מיליליטרים,75.00,"100 מ""ל",false,1,392.30,523.07,true,1,
3607347733508,false,רוברטו קאוולי פרדיסו (א)אדפ 75מל,לילית בישום,GR,paradiso לאשה,מיליליטרים,75.00,"100 מ""ל",false,0,280.00,373.33,true,1,
3607349687458,false,"דאו' ספריי לגבר קול דריי פרש 150מ""ל",קוטי HFC,PT,דאו.אדידס,מיליליטרים,150.00,"100 מ""ל",false,1,12.70,8.47,true,1,
3614223113347,false,"נומייד אדפ לאישה 75 מ""ל - קלואה",איניבידואל-שסטו,GR,NOMADE א.ד.פ אשה,מיליליטרים,75.00,"100 מ""ל",false,1,383.70,511.60,true,1,
3614223519613,false,"רוברטו קוואלי פלורנס א.ד.פ 75 מ""ל",לילית בישום,IL,FLORENCE א.ד.פ,מיליליטרים,75.00,"100 מ""ל",false,0,279.40,372.53,true,1,
3614223627042,false,"בקהאם רספקט אדט90 מ""ל",סופטאץ בישום,IL,בקהאם רספקט אדט,מיליליטרים,90.00,"100 מ""ל",false,0,68.20,75.78,true,1,
3614223736485,false,אדידס דאודורנט ספריי לגבר אדיפיור- ללא מלחי אלומניום 200 מל,אדידס Adidas,PT,דאו.אדידס,מיליליטרים,200.00,"100 מ""ל",false,1,12.70,6.35,true,1,
3614224051235,false,אדידס דאודורנט ספריי גברים אדיפוואר 200מל,אדידס Adidas,PT,דאו.אדידס,מיליליטרים,200.00,"100 מ""ל",false,1,12.70,6.35,true,1,
3614226761538,false,תרסיס קולסטון רוט טאצ' אפ חום מהגוני,וולה Wella,DE,קולסטון ספריי,מיליליטרים,75.00,"100 מ""ל",false,1,23.80,31.74,true,1,
3614226761613,false,תרסיס קולסטון רוט טאצ' אפ חום בינוני - כהה,וולה Wella,FR,קולסטון ספריי,מיליליטרים,75.00,"100 מ""ל",false,1,23.80,31.74,true,1,
3614226761651,false,תרסיס קולסטון רוט טאצ' אפ בלונד בהיר - כהה,וולה Wella,FR,קולסטון ספריי,מיליליטרים,75.00,"100 מ""ל",false,1,23.80,31.74,true,1,
3614228239295,false,"ג'יימס בונד 007 50 מ""ל",,DE,ג'יימס בונד 007,מיליליטרים,50.00,"100 מ""ל",false,1,68.20,136.40,true,1,
3614228838016,false,ברברי הירו לגבר אדפ 100מ,קוטי,ES,ברברי הירו לגבר,מיליליטרים,100.00,"100 מ""ל",false,1,449.50,449.50,true,1,
3614228838139,false,אופוריה אינטנס אדפ 100מל,,FR,אופוריה אינטנס,מיליליטרים,100.00,"100 מ""ל",false,1,272.60,272.60,true,1,
3614228899376,false,רוברטו קוואל פאונד אדט75,,IL,רוברטו קוואלי פא,מיליליטרים,75.00,"100 מ""ל",false,1,255.50,340.67,true,1,
3614228902106,false,הוגו סנט פיור אקורד100מל,,FR,הוגו סנט פיור,מיליליטרים,100.00,"100 מ""ל",false,1,255.50,255.50,true,1,
3614229717044,false,"שמן לשיער וולה דלוקס לשיער יבש 100 מ""ל",דיפלומט,FR,וולה שמן לשיער,מיליליטרים,100.00,"100 מ""ל",false,1,34.10,34.10,true,1,
3614229717099,false,וולה ספריי לשיער וולה דלוקס למגע חלק כמשי 250,אינטרספריי,FR,וולה ספריי לשיער,מיליליטרים,250.00,"100 מ""ל",false,1,38.30,15.32,true,1,
3614229717105,false,וולה ספריי לחות וולה דלוקס לטיפוח וריכוך 150,דיפלומט,FR,ספריי לחות וולה,מיליליטרים,150.00,"100 מ""ל",false,1,22.10,14.73,true,1,
3614229820799,false,"ברברי HERO אדט 100 מ""ל",,ES,ברברי HERO אדט,מיליליטרים,100.00,"100 מ""ל",false,1,409.40,409.40,true,1,
3614229823806,false,הוגו בוס הוגו מן גבר אדט,,FR,הוגו בוס הוגו מן,מיליליטרים,125.00,"100 מ""ל",false,1,229.90,183.92,true,1,
3614229828535,false,בוטלד אדפ לגבר 100 מל -הוגו בוס,קוטי HFC,DE,הוגו בוס בוטלד,מיליליטרים,100.00,"100 מ""ל",false,1,272.60,272.60,true,1,
3614229829006,false,"ברברי מיי ב רפיום) א (בלאק ברברי 100 מ""ל",,DE,ברברי מיי ברברי,מיליליטרים,90.00,"100 מ""ל",false,1,426.50,473.89,true,1,
3614270561634,false,PARIS MON א.ד.פ לאשה90מל,לנקום בישום,IL,PARIS MON א.ד.פ,מיליליטרים,90.00,"100 מ""ל",false,1,349.50,388.33,true,1,
3614270561658,false,PARIS MON א.ד.פ לאשה,לנקום בישום,IL,PARIS MON א.ד.פ,מיליליטרים,50.00,"100 מ""ל",false,1,255.50,511.00,true,1,
3614271309914,false,EXTREME GRANDIOSE מסקרה,לנקום,IL,GRANDIOSE מסקרה,יחידה,1.00,יחידה,false,0,141.00,141.00,true,1,
3614271312235,false,GRANDIOSE איילנר 01,לנקום,IL,GRANDIOSE איילנר,יחידה,1.00,יחידה,false,0,153.80,153.80,true,1,
3614271430229,false,טיינט איידול אולטרה 2 30,לנקום,FR,טיינט איידול 05,מיליליטרים,30.00,"100 מ""ל",false,1,152.90,509.67,true,1,
3614271430281,false,ULTRA IDOLE TEINT 03,לנקום,FR,מייק אפ 03,מיליליטרים,30.00,"100 מ""ל",false,1,152.90,509.67,true,1,
3614271430298,false,טיינט איידול אולטרה 32,לנקום,FR,טיינט איידול32,מיליליטרים,30.00,"100 מ""ל",false,1,152.90,509.67,true,1,
3614271430304,false,טיינט איידול אולטרה 35,לנקום,FR,טיינט איידול35,מיליליטרים,30.00,"100 מ""ל",false,1,152.90,509.67,true,1,
3614271430342,false,טיינט איידול אולטרה 048,לנקום,FR,טיינט איידול 045,מיליליטרים,30.00,"100 מ""ל",false,1,152.90,509.67,true,1,
3614271430410,false,טיינט איידול אולטרה 04,לנקום,FR,טיינט איידול 04,מיליליטרים,30.00,"100 מ""ל",false,1,152.90,509.67,true,1,
3614271430434,false,טיינט איידול אולטרה 12,לנקום,FR,טיינט איידול 12,מיליליטרים,30.00,"100 מ""ל",false,1,152.90,509.67,true,1,
3614271438034,false,"טיינט מיריקל n 30 ""35ל",לנקום,FR,טיינט מיריקל 35,מיליליטרים,30.00,"100 מ""ל",false,1,152.00,506.67,true,1,
3614271438041,false,"טיינט מיריקל 04 30 מ""ל",לנקום,FR,טיינט מיריקל 04,מיליליטרים,30.00,"100 מ""ל",false,1,152.00,506.67,true,1,
3614271481832,false,ABSOLUE קרם לילה,לנקום,IL,ABSOLUE קרם לילה,מיליליטרים,50.00,"100 מ""ל",false,0,644.00,1288.00,true,1,
3614271579423,false,קרם גוף לה ויה בל 200 מל,,IL,קרם גוף לה ויה ב,מיליליטרים,200.00,"100 מ""ל",false,1,127.30,63.65,true,1,
3614271682369,false,BIG MONSIEUR מסקרה 01,לנקום,IL,BIG MONSIEUR 01,מיליליטרים,10.00,"100 מ""ל",false,0,135.90,1359.00,true,1,
3614271767318,false,מייק אפ סקין פילס 035W,לנקום,FR,מייק אפ סקין פיל,גרמים,60.00,100 גרם,false,1,127.30,212.17,true,1,
3614271876133,false,עפרון גבות 12 יח',לנקום,FR,עפרון גבות 12,יחידה,1.00,יחידה,false,1,110.20,110.20,true,1,
3614271994806,false,PASSIONE SI א.ד.פ לאשה,לנקום בישום,IL,PASSIONE SI לאשה,מיליליטרים,50.00,"100 מ""ל",false,1,229.00,458.00,true,1,
3614271994844,false,"סי פאשיון SI אדפ לאישה 100 מ""ל - ג'ורג'יו ארמני",לנקום בישום,IL,PASSIONE SI בושם,מיליליטרים,100.00,"100 מ""ל",false,1,306.80,306.80,true,1,
3614272050358,false,"וואי Y אדפ לגבר 100 מ""ל - איב סאן לורן",איב סן לורן,FR,Y א.ד.פ לגבר,מיליליטרים,100.00,"100 מ""ל",false,1,366.60,366.60,true,1,
3614272162341,false,לנקום רנרגי מולטי ליפט אולטרה מסיכת מיצ,לוריאל,FR,רנגרי מולטי ליפט,מיליליטרים,75.00,"100 מ""ל",false,1,264.10,352.13,true,1,
3614272225718,false,"סטרונגר וויט יו 100 מ""ל אדפ גבר -ארמני",לנקום בישום,FR,YOU אדפ,מיליליטרים,100.00,"100 מ""ל",false,1,255.50,255.50,true,1,
3614272250468,false,ג'ניפיק קרם עיניים 15 מ,,IL,ג'ניפיק קרם עיני,מיליליטרים,15.00,"100 מ""ל",false,1,238.40,1589.33,true,1,
3614272454187,false,לנקום רנרגי מולטי ליפט אולטרה קרם עיניים,לוריאל,FR,קרם עיניים רנרגי,מיליליטרים,15.00,"100 מ""ל",false,1,272.60,1817.33,true,1,
3614272623538,false,לנקום גניפיק אדוונס 50 מל,לוריאל,FR,ג'ניפיק סרום,מיליליטרים,50.00,"100 מ""ל",false,1,409.40,818.80,true,1,
3614272629387,false,בושם לאישה 75 מ''ל Lancome Idole או דה פרפיום‏ E.D.P,לנקום,FR,IDOLE א.ד.פ לאשה,מיליליטרים,75.00,"100 מ""ל",false,1,341.00,454.67,true,1,
3614272648401,false,"ליברה אדפ 30 מ""ל",,FR,ליברה אדפ,מיליליטרים,30.00,"100 מ""ל",false,1,127.30,424.33,true,1,
3614272648418,false,"ליברה אדפ 50 מ""ל",,FR,בושם לאשה LIBRE,מיליליטרים,50.00,"100 מ""ל",false,1,255.50,511.00,true,1,
3614272648425,false,"ליברה אדפ לאישה 90 מ""ל - איב סאן לורן",,FR,בושם לאשה Libre,מיליליטרים,90.00,"100 מ""ל",false,1,358.10,397.89,true,1,
3614272653030,false,אבסולו רוג481 יח',,FR,אבסולו רוג 481,יחידה,1.00,יחידה,false,1,135.90,135.90,true,1,
3614272653047,false,אבסולו רוג 131 יח',,FR,אבסולו רוג 131,יחידה,1.00,יחידה,false,1,135.90,135.90,true,1,
3614272664616,false,לנקום רנרגי מולטי ליפט אולטרה קרם יום 50,לוריאל,FR,RENERGIE קרם יום,מיליליטרים,50.00,"100 מ""ל",false,1,426.50,853.00,true,1,
3614272761438,false,ROMA IN BORN אדפ אשה50מל,,FR,ROMA IN BORN אדפ,מיליליטרים,50.00,"100 מ""ל",false,1,255.50,511.00,true,1,
3614272761445,false,ולנטינו בורן אין רומא אדפ 100 מל לאשה,,FR,r In Born Donna,מיליליטרים,50.00,"100 מ""ל",false,1,426.50,853.00,true,1,
3614272828124,false,טיינט מייק אפ סטיק 051 י,,FR,טיינט מייק אפ סט,יחידה,1.00,יחידה,false,1,152.90,152.90,true,1,
3614272828674,false,טיינט אידול סומק 03,,FR,טיינט אידול סומק,יחידה,1.00,יחידה,false,1,152.90,152.90,true,1,
3614272860377,false,לנקום רנרגי H.C.F. טריפל סרום 50 מל,לוריאל,FR,רנרג'י טריפל סרו,מיליליטרים,50.00,"100 מ""ל",false,1,460.60,921.20,true,1,
3614272907690,false,"בושם WAY MY לאשה 90 מ""ל",לנקום בישום,IL,בושם WAY MY,מיליליטרים,90.00,"100 מ""ל",false,1,306.80,340.89,true,1,
3614272992054,false,"לה ויל בל אינטנס 100 מ""ל",,IL,לה ויל בל אינטנס,מיליליטרים,100.00,"100 מ""ל",false,1,341.00,341.00,true,1,
3614273066365,false,לאש אידול מסקרה יח',,FR,לאש אידול מסקרה,יחידה,1.00,יחידה,false,1,135.90,135.90,true,1,
3614273069175,false,לנקום אידול אדפ 100 מל לאשה,,IL,אידול א.ד.פ,מיליליטרים,100.00,"100 מ""ל",false,1,409.40,409.40,true,1,
3614273070249,false,Emporio א.ד.ט לגבר 100 מ,,FR,Emporio א.ד.ט,מיליליטרים,100.00,"100 מ""ל",false,1,254.00,254.00,true,1,
3614273074476,false,"קונסילר over all 13 מ""ל",,FR,קונסילר over all,מיליליטרים,13.00,"100 מ""ל",false,1,161.50,1242.31,true,1,
3614273074582,false,"קונסילר over all 13 מ""ל",,FR,קונסילר over all,מיליליטרים,13.00,"100 מ""ל",false,1,161.50,1242.31,true,1,
3614273095808,false,לנקום תחליב גוף בניחוח הבושם אידול 200מל,,FR,איידול לה פאוור,מיליליטרים,200.00,"100 מ""ל",false,1,144.40,72.20,true,1,
3614273203470,false,"איידול אינטנס 50 מ""ל",,IL,איידול אינטנס,מיליליטרים,50.00,"100 מ""ל",false,1,298.20,596.40,true,1,
3614273277693,false,LIFE FOR FULE א.ד.ט לגבר,,FR,LIFE FOR FULE,מיליליטרים,125.00,"100 מ""ל",false,1,204.20,163.36,true,1,
3614273307260,false,שפתון אבסולו רוג' קרם180,לנקום,FR,אבסולו רוג' קרם,יחידה,1.00,יחידה,false,0,135.90,135.90,true,1,
3614273318105,false,איב סאן לורן Y לה פרפום 100 מל,,FR,בושם לגבר Y לה פ,מיליליטרים,100.00,"100 מ""ל",false,1,375.20,375.20,true,1,
3614273321891,false,איב סאן לורן ליברה אדט 90 מל לאשה,,FR,ליברה א.ד.ט,מיליליטרים,90.00,"100 מ""ל",false,1,323.90,359.89,true,1,
3614273347839,false,מיי וואיי אינטנס אדפ90מל,,FR,מיי וואיי אינטנס,מיליליטרים,90.00,"100 מ""ל",false,1,323.90,359.89,true,1,
3614273347846,false,מיי וואיי אינטנס אדפ50מל,,FR,מיי וואיי אינטנס,מיליליטרים,50.00,"100 מ""ל",false,1,247.00,494.00,true,1,
3614273357197,false,"לה ויה בל סולייל קריסטל אדפ לאישה 100 מ""ל",,FR,סולייל קריסטל א.,מיליליטרים,100.00,"100 מ""ל",false,1,306.80,306.80,true,1,
3614273370257,false,לאש אידול ליינר,לנקום,FR,לאש אידול ליינר,יחידה,1.00,יחידה,false,1,135.90,135.90,true,1,
3614273459068,false,בושם ווצה ויוה אינטנס50,"LASSIGNY,FRANCE",FR,ווצה ויוה אינטנס,מיליליטרים,50.00,"100 מ""ל",false,1,272.60,545.20,true,1,
3614273459082,false,בושם ווצה ויוה אינטנס30מ,"LASSIGNY,FRANCE",FR,ווצה ויוה אינטנס,מיליליטרים,30.00,"100 מ""ל",false,1,127.30,424.33,true,1,
3614273478755,false,ROSSA LUNA א.ד.ט לגבר 10,,FR,ROSSA LUNA א.ד.ט,מיליליטרים,100.00,"100 מ""ל",false,1,279.40,279.40,true,1,
3614273544962,false,לונה רוסה ספורט אדט 100מ,,FR,לונה רוסה ספורט,מיליליטרים,100.00,"100 מ""ל",false,1,281.20,281.20,true,1,
3614273556620,false,"פראדה לונה רוסה אושן אדט 100 מ""ל",,FR,Ocean LunaRossa,מיליליטרים,100.00,"100 מ""ל",false,1,298.20,298.20,true,1,
3614273560405,false,"GODDESS ALIEN אדפ 90 מ""ל",,FR,GODDESS ALIEN אד,מיליליטרים,90.00,"100 מ""ל",false,1,494.80,549.78,true,1,
3614273605069,false,ארמני קוד לה פרפום אדפ50,לנקום בישום,FR,ארמני קוד לה פרפ,מיליליטרים,50.00,"100 מ""ל",false,1,289.70,579.40,true,1,
3614273609982,false,מארז Y א.ד.פ לגבר יח',,FR,מארז Y א.ד.פ לגב,יחידה,1.00,יחידה,false,1,366.60,366.60,true,1,
3614273662420,false,אקווה דה ג'יו א.ד.פ125מל,,FR,אקווה דה ג'יו א.,מיליליטרים,125.00,"100 מ""ל",false,1,341.00,272.80,true,1,
3614273673846,false,מיי וואיי פלורלה אדפ90מל,,FR,מיי וואיי פלורלה,מיליליטרים,90.00,"100 מ""ל",false,1,306.80,340.89,true,1,
3614273694797,false,"לה ויה בל א.ד.פ150מ""ל",לנקום,FR,לה ויה בל א.ד.פ.,מיליליטרים,150.00,"100 מ""ל",false,1,409.40,272.93,true,1,
3614273749558,false,איידול נקטר אדפ אשה100מל,לנקום,FR,איידול נקטר אדפ,מיליליטרים,100.00,"100 מ""ל",false,1,409.40,409.40,true,1,
3614273760164,false,"פרדוקס א.ד.פ אישה 90מ""ל",לנקום בישום,FR,פרדוקס א.ד.פ איש,מיליליטרים,90.00,"100 מ""ל",false,1,426.50,473.89,true,1,
3614273776134,false,ליברה לה פארפם,,,ליברה לה פארפם,יחידה,1.00,יחידה,false,0,127.30,127.30,true,1,
3616302015580,false,"Ckfree א.ד.ט לגבר 100מ""ל",,GR,Ckfree אדט לגבר,מיליליטרים,100.00,"100 מ""ל",false,1,101.70,101.70,true,1,
3616302022472,false,פלורה גורגס גרדנייה אדפ,קוטי HFC,ES,פלורה גורגס גרדנ,מיליליטרים,100.00,"100 מ""ל",false,1,494.80,494.80,true,1,
3616302026371,false,לקוסט 12.12.Lאדט גבר100מ,,DE,לקוסט 12.12.Lאדט,מיליליטרים,100.00,"100 מ""ל",false,1,195.70,195.70,true,1,
3616302038633,false,קלואה סיגנצר אדפ אשה100מ,קוטי HFC,FR,קלואה סיגנצ'ר,מיליליטרים,100.00,"100 מ""ל",false,1,417.90,417.90,true,1,
3616302681082,false,הוגו בוס דה סנט אדפ 100מ,,FR,הוגו בוס דה סנט,מיליליטרים,100.00,"100 מ""ל",false,1,323.90,323.90,true,1,
3616302681105,false,הוגו בוס דה סנט לאישה אד,,DE,הוגו בוס דה סנט,מיליליטרים,50.00,"100 מ""ל",false,1,298.20,596.40,true,1,
3616303173098,false,הוגו בוס בוטלד פרפיום100,קוטי HFC,DE,הוגו בוס בוטלד,מיליליטרים,100.00,"100 מ""ל",false,1,272.60,272.60,true,1,
3616303428594,false,הוגו בוס סנט אדט מארז,קוטי HFC,FR,הוגו בוס סנט מאר,יחידה,1.00,יחידה,false,1,289.70,289.70,true,1,
3661163904016,false,"נאוטיקה קלאסיק (ג)אדט 100 מ""ל",סופטאץ בישום,IL,נאוטיקה קלאסיק,מיליליטרים,100.00,"100 מ""ל",false,0,67.50,67.50,true,1,
3661163970448,false,"אדידס דאודורנט ספריי מקס פרש לגברים 200 מ""ל",מיוצר עי קונדיטוריית,PT,דאודורנט אדידס,מיליליטרים,200.00,"100 מ""ל",false,0,12.70,6.35,true,1,
3661163990545,false,"אדידס דאודורנט ספריי לגברים אקשיין 200 מ""ל",מיוצר עי קונדיטוריית,PT,דאודורנט אדידס,מיליליטרים,200.00,"100 מ""ל",false,0,12.70,6.35,true,1,
3661163991580,false,"אדידס - דאודורנט ספריי לאישה קול אנד קר 6 ב-1 150 מ""ל",מיוצר עי קונדיטוריית,PT,דאודורנט אדידס,מיליליטרים,150.00,"100 מ""ל",false,0,12.70,8.46,true,1,
3665468301723,false,"איירוויק מבשם אוויר ומנטרל ריחות – ערפילי בוקר 237 מ""ל",רקיט בנקיזר,PL,איירוויק כותנה,מיליליטרים,237.00,"100 מ""ל",false,1,11.00,4.64,true,1,
3700066700735,false,אינסורקשיין פיור 2(ג) אדט 100מל,פריסיס,FR,אינסורקשיין פיור,מיליליטרים,100.00,"100 מ""ל",false,1,84.60,84.60,true,1,
3700066713636,false,"ג'נטל ELSATYS(ג) אדפ 100מ""ל",,FR,ג'נטל אדפ,מיליליטרים,100.00,"100 מ""ל",false,1,76.00,76.00,true,1,
3701278600905,false,מג'אסטיק אוד אדפ 100מל,,FR,מג'אסטיק אוד,מיליליטרים,100.00,"100 מ""ל",false,1,358.10,358.10,true,1,
3760096761410,false,קירינס ק.לחות עור יבש30מ,,CH,קירינס קרם לחות,מיליליטרים,30.00,"100 מ""ל",false,1,212.80,709.33,true,1,
3760096761427,false,סרום ללחות לעור יבש 30מל,,CH,קירינס סרום ללחו,מיליליטרים,30.00,"100 מ""ל",false,1,212.80,709.33,true,1,
3760096762592,false,קירינס מסכת שפתיים דו שלבית פילינג הזנה,שסטוביץ,KR,מסיכת שפתיים דו,יחידה,1.00,יחידה,false,1,17.00,17.00,true,1,
3760096762998,false,מים מיסלארים ה.איפור100מ,,CH,מים מיסלאריים הס,מיליליטרים,200.00,"100 מ""ל",false,1,114.40,57.20,true,1,
3760260450003,false,"רוזס מאסק Roses Musk א.ד.פ לאישה 100 מ""ל",מונטאל Montale,FR,רוזס מאסק אדפ,מיליליטרים,100.00,"100 מ""ל",false,1,315.30,315.30,true,1,
3770000002775,false,"ג'ולייט האס א גאן (לבן) א.ד.פ 100 מ""ל",,IL,PERFUME A NOT,מיליליטרים,100.00,"100 מ""ל",false,1,341.00,341.00,true,1,
3838824127149,false,צבע לשיער פלטה - 1-1 שחור כחול,שוורצקופף והנקל,SI,צבע לשיער פלטה,יחידה,1.00,יחידה,false,0,25.50,25.50,true,1,
3838824127163,false,פאלטה סמי קיט 10-1 בלונד כסוף,שוורצקופף והנקל,SI,צבעי שיער פלטה,יחידה,1.00,יחידה,false,0,25.50,25.50,true,1,
3838824127200,false,פלטה סמי קיט 5-68 ערמונים בינוני,שוורצקופף והנקל,SI,צבע לשיער פלטה,יחידה,1.00,יחידה,false,0,25.50,25.50,true,1,
3838824127224,false,פלטה סמי קיט חום בינוני 4-0 צבע שיער,שוורצקופף והנקל,SI,צבעי שיער פלטה,יחידה,1.00,יחידה,false,0,25.50,25.50,true,1,
3838824127248,false,פלטה סמי קיט חום בהיר 5-0 צבע שיער,שוורצקופף והנקל,SI,צבעי שיער פלטה,יחידה,1.00,יחידה,false,0,25.50,25.50,true,1,
3838824127262,false,פלטה סמי קיט בלונד כהה 6-0 צבע שיער,שוורצקופף והנקל,SI,צבע לשיער פלטה,יחידה,1.00,יחידה,false,0,25.50,25.50,true,1,
3838824127286,false,צבע לשיער פלטה - 7-0 בלונד בינוני,שוורצקופף והנקל,SI,צבעי שיער פלטה,יחידה,1.00,יחידה,false,0,25.50,25.50,true,1,
3838824127361,false,פלטה סמי קיט ערמונים בינוני5-68 צבע שיער,שוורצקופף והנקל,SI,צבע לשיער פלטה,יחידה,1.00,יחידה,false,0,25.50,25.50,true,1,
3838824127583,false,צבע לשיער פלטה - 6-88 אדום בוער,שוורצקופף והנקל,SI,צבע לשיער פלטה,יחידה,1.00,יחידה,false,0,25.50,25.50,true,1,
3838824193915,false,צבע לשיער פאלטה סמי קיט שחור 0-1,שוורצקופף והנקל,SI,צבע סמי קיט פלטה,יחידה,1.00,יחידה,false,0,25.50,25.50,true,1,
3838824240275,false,פלטה סמי קיט 8-0 בלונד בהיר,שוורצקופף והנקל,SI,צבע לשיער פלטה,יחידה,1.00,יחידה,false,0,25.50,25.50,true,1,
3838824332178,false,פאלטה ברוז' חום אדום יין 6-80 סמי קיט,שוורצקופף והנקל,DE,צבע סמי קיט פלטה,יחידה,1.00,יחידה,false,1,25.50,25.50,true,1,
3838824367682,false,גליס מסכה פרוטאין 4 ב-1 חמאת קקאו,שוורצקופף והנקל,DE,מסכת לחות לשיער,מיליליטרים,400.00,"100 מ""ל",false,1,32.30,8.07,true,1,
3838824367781,false,גליס מסכה פרוטאין 4 ב-1 שמן אגוז בבאסו,שוורצקופף והנקל,DE,מסכת לחות לשיער,מיליליטרים,400.00,"100 מ""ל",false,1,32.30,8.07,true,1,
3838824371146,false,גליס פילינג עדין לאיזון והזנת הקרקרפת150,הנקל שוורצקוף,TR,פילינג לקרקפת,מיליליטרים,150.00,"100 מ""ל",false,1,21.20,14.14,true,1,
3838824380902,false,צבעי שיער בלונד סופר בהיר 10-0 סמי קיט פאלטה,שוורצקופף והנקל,DE,צבע לשיער פלטה,יחידה,1.00,יחידה,false,1,25.50,25.50,true,1,
3838824380940,false,צבעי שיער בלונד בהיר אפרפר 8-1 סמי קיט פאלט,שוורצקופף והנקל,DE,צבע לשיער פלטה,יחידה,1.00,יחידה,false,1,25.50,25.50,true,1,
3838824380988,false,צבעי שיער בלונד כסוף אפרפר 12-21 סמי קיט פאלטה,שוורצקופף והנקל,DE,צבע לשיער פלטה,יחידה,1.00,יחידה,false,1,25.50,25.50,true,1,
3838824381022,false,צבעי שיער חום שוקולד כהה 3-65 סמי קיט פאלטה,שוורצקופף והנקל,DE,צבע לשיער פלטה,יחידה,1.00,יחידה,false,1,25.50,25.50,true,1,
4000417101211,false,גלילי וופל עם קרם אגוזי לוז בציפוי שוקולד חלב,אמיצ'לי Amicelli,AT,חטיף אמיצ'לי,גרמים,150.00,100 גרם,false,1,12.80,8.53,true,1,
4005808148837,false,ניוואה יאנג גל גרגירים לשימוש יום יומי,ביירסדורץ,DE,ג'ל ניקוי פנים,מיליליטרים,150.00,"100 מ""ל",false,0,33.00,22.00,true,1,
4005808222698,false,ניוואה לגבר- קצף גילוח לבעלי עור רגיש,ביירסדורץ,DE,קצף גילוח ניוואה,מיליליטרים,200.00,"100 מ""ל",false,0,13.50,6.75,true,1,
4005808293469,false,"ניוואה - דאודורנט ספריי לגבר יבש 150 מ""ל",BEIERSDORF MANUFACTU,DE,ניוואה דאודורנט,מיליליטרים,150.00,"100 מ""ל",false,1,17.00,11.33,true,1,
4005808366392,false,שפתון ליובש כחול קלאסי לבלו 48 גרם,טרופיקל דגיל תעשיות,IL,שפתון לבלו כחול,יחידה,1.00,יחידה,false,1,8.50,8.50,true,1,
4005808368280,false,שפתון ליובש דובדבן לבלו 48 גרם,טרופיקל דגיל תעשיות,DE,שפתון לבלו,יחידה,1.00,יחידה,false,1,8.50,8.50,true,1,
4005808502004,false,לבלו שפתון סופט ורוד בליסטר 5.5מל,ביירסדורף,DE,לבלו שפתון,יחידה,1.00,יחידה,false,0,8.50,8.50,true,1,
4005808650002,false,שפתון לבלו כחול,ביירסדורץ,IL,שפתון לבלו,יחידה,1.00,יחידה,false,0,8.50,8.50,true,1,
4005808650729,false,לבלו שפתון תות שדה,ביירסדורף,,לבלו תות שדה,יחידה,1.00,יחידה,false,0,8.50,8.50,true,1,
4005808668847,false,"ניוואה תרחיץ פנים עדין לעור יבש 150 מ""ל",HELLAS BEIERSDORF,DE,קרם ניקוי לפנים,מיליליטרים,150.00,"100 מ""ל",false,1,25.50,17.00,true,1,
4005808702107,false,ניוואה תחליב גוף לעור יבש מאד 500 מל,בטר אנד דיפרנט,DE,ניוואה תחליב גוף,מיליליטרים,500.00,"100 מ""ל",false,1,25.50,5.10,true,1,
4005808801046,false,"קרם רב שימושי 150 מ""ל",HELLAS BEIERSDORF,DE,קרם רב שימושי,מיליליטרים,150.00,"100 מ""ל",false,1,21.20,14.13,true,1,
4005808811700,false,"ניוואה ג'ל לניקוי מאזן לעור, 150 מ""ל",ביירסדורץ,DE,ג'ל ניקוי מ/ש,מיליליטרים,150.00,"100 מ""ל",false,0,25.50,17.00,true,1,
4005808812875,false,"ניוואה קרם Q יום נגד קמטים 50 מ""ל",ביירסדורץ,PL,קרם ויסאז' Q10,מיליליטרים,50.00,"100 מ""ל",false,0,94.00,188.00,true,1,
4005808812899,false,"ניוואה ויזג Q 10 לילי קרם נג קמטים ללילה, 50 מ""ל",ניוואה Nivea,PL,קרם נגד קמטים,מיליליטרים,50.00,"100 מ""ל",false,0,94.00,188.00,true,1,
4005808817603,false,ג'ל גילוח עם אלוורה Protect & Care,ניוואה Nivea,DE,ג'ל גילוח ניוואה,מיליליטרים,200.00,"100 מ""ל",false,0,22.90,11.45,true,1,
4005808817726,false,ניוואה קרם גילוח לגבר100,ניוואה Nivea,DE,קרם גילוח לגבר,מיליליטרים,100.00,"100 מ""ל",false,0,16.10,16.10,true,1,
4005808828838,false,"ניוואה - דאודורנט ספריי לגבר קול קיק 150 מ""ל",ניוואה Nivea,DE,דאודורנט אקווה,מיליליטרים,150.00,"100 מ""ל",false,0,17.00,11.33,true,1,
4005808837144,false,קרם לילה אנטי אייג' 50מל,ביירסדורף,DE,קרם לילה,מיליליטרים,50.00,"100 מ""ל",false,1,85.00,170.00,true,1,
4005808837359,false,"ניוואה - דאודורנט רול און לאישה פרל אנד ביוטי 50 מ""ל",ביירסדורף AG,DE,דאודורנט ניוואה,מיליליטרים,50.00,"100 מ""ל",false,0,17.00,34.00,true,1,
4005808847020,false,ניוואה ויסאז אקווה סנסיישן קרם לחות,ביירסדורץ,DE,AQUA קרם לחות,מיליליטרים,50.00,"100 מ""ל",false,0,74.30,148.60,true,1,
4005808850723,false,לבלו שפתון תות בליסטר,טרופיקל דגיל תעשיות,DE,שפתון לבלו,יחידה,1.00,יחידה,false,0,8.50,8.50,true,1,
4005808851515,false,שפתון לבלו גבר בליסט,אלפא,DE,לבלו גבר בליסטר,יחידה,1.00,יחידה,false,0,8.50,8.50,true,1,
4005808890507,false,קרם ניוואה סופט צנצנת 200 מל,ניוואה Nivea,ES,קרם ניוואה סופט,מיליליטרים,200.00,"100 מ""ל",false,0,21.20,10.60,true,1,
4005808890576,false,"קרם ידיים סופט ניוואה 75 מ""ל",ניוואה Nivea,ES,קרם ידיים ניוואה,מיליליטרים,75.00,"100 מ""ל",false,0,10.10,13.47,true,1,
4005808908585,false,"ניוואה - דאודורנט ספריי לאישה פאודר טאץ 150 מ""ל",ביירסדורץ,DE,דאודורנט ניוואה,מיליליטרים,150.00,"100 מ""ל",false,0,17.00,11.33,true,1,
4005900036445,false,"ניוואה - דאודורנט רול און לאישה בלק&וויט פיור 50 מ""ל",ביירסדורץ,DE,דאודורנט ניוואה,מיליליטרים,50.00,"100 מ""ל",false,0,17.00,34.00,true,1,
4005900036476,false,"ניוואה - דאודורנט רול און לאישה בלק אנד וויט קליר 50 מ""ל",טרופיקל דגיל תעשיות,DE,דאודורנט ניוואה,מיליליטרים,50.00,"100 מ""ל",false,0,17.00,34.00,true,1,
4005900036483,false,"ניוואה - דאודורנט ספריי לגבר שקוף בלק וווי 150 מ""ל",בטר אנד דיפרנט,DE,דאודורנט ניוואה,מיליליטרים,150.00,"100 מ""ל",false,0,17.00,11.33,true,1,
4005900036506,false,"ניוואה - דאודורנט רול און לגבר שקוף בלק 50 מ""ל",טרופיקל דגיל תעשיות,DE,דאודורנט ניוואה,מיליליטרים,50.00,"100 מ""ל",false,0,17.00,34.00,true,1,
4005900036568,false,ניוואה דאודורנט רולאון ספריי לאישה בלק אנד וויט 150 מ''ל,ביירסדורף AG,DE,דאודורנט ניוואה,מיליליטרים,150.00,"100 מ""ל",false,0,17.00,11.33,true,1,
4005900037909,false,"ניוואה - דאודורנט ספריי לאישה אינויזיבל פיור 150 מ""ל",ביירסדורץ,DE,דאודורנט ניוואה,מיליליטרים,150.00,"100 מ""ל",false,0,17.00,11.33,true,1,
4005900111449,false,"ניוואה קרם רב שימושי לגבר 150 מ""ל",HELLAS BEIERSDORF,DE,"קרם רב""ש לגבר",מיליליטרים,150.00,"100 מ""ל",false,1,18.70,12.47,true,1,
4005900138842,false,"ניוואה - תחליב רחצה סמוט 750 מ""ל",ניואה,DE,תחליב רחצה ניואה,מיליליטרים,750.00,"100 מ""ל",false,1,17.80,2.37,true,1,
4005900273482,false,שפתון ליובש אוכמניות לבלו 48 גרם,HELLAS BEIERSDORF,DE,שפתון לבלו,יחידה,1.00,יחידה,false,1,8.50,8.50,true,1,
4005900274304,false,"ניוואה - דאודורנט ספריי לגבר פרש אושן 150 מ""ל",פרוטרופיק סיה.,DE,דאודורנט ניוואה,מיליליטרים,150.00,"100 מ""ל",false,1,17.00,11.33,true,1,
4005900416391,false,ניוואה Q10 קרם יום אנרגי מועשר בויטמין C,ניוואה ויסאז',DE,קרם יום אנרג'י,מיליליטרים,50.00,"100 מ""ל",false,0,94.00,188.00,true,1,
4005900420220,false,"גל רחצה ניוואה פיור אימפקט לגבר 500 מ""ל",ניואה,DE,ניוואה ג'ל רחצה,מיליליטרים,500.00,"100 מ""ל",false,1,12.70,2.54,true,1,
4005900431776,false,לבלו שפתון וניל בליסטר,ביירסדורף,DE,לבלו ונ,יחידה,1.00,יחידה,false,0,8.50,8.50,true,1,
4005900447586,false,ניוואה אורבן קרם לילה50מ,ניוואה,DE,ניוואה קרם לילה,מיליליטרים,50.00,"100 מ""ל",false,1,59.00,118.00,true,1,
4005900485243,false,"ניוואה - דאודורנט רול און לגבר דריי פרש 50 מ""ל",ביירסדורף,DE,דאודורנט ניוואה,מיליליטרים,50.00,"100 מ""ל",false,1,17.00,34.00,true,1,
4005900488459,false,"ניוואה - דאודורנט רול און לאישה דריי פרש 50 מ""ל",ביירסדורף AG,DE,דאו.רול ניוואה,מיליליטרים,50.00,"100 מ""ל",false,1,17.00,34.00,true,1,
4005900494900,false,"ניוואה - דאודורנט ספריי לגבר דריי פרש 150 מ""ל",ניואה,DE,ניוואה דאו ספריי,מיליליטרים,150.00,"100 מ""ל",false,1,17.00,11.33,true,1,
4005900494924,false,"ניוואה - דאודורנט ספריי לאישה דריי פרש אישה 150 מ""ל",ביירסדורף,DE,דאודורנט ניוואה,מיליליטרים,150.00,"100 מ""ל",false,1,17.00,11.33,true,1,
4005900513069,false,"ניוואה - דאודורנט רול און לגבר דיפ 50 מ""ל",ביירסדורף,DE,ניוואה רול און ל,מיליליטרים,50.00,"100 מ""ל",false,1,17.00,34.00,true,1,
4005900545688,false,ניוואה Q10 קרם יום המסייע למניעת מראה סי,אלפא,DE,קרם יום,מיליליטרים,50.00,"100 מ""ל",false,1,94.00,188.00,true,1,
4005900547316,false,"ניוואה - דאודורנט ספריי לאישה שקוף בלק וווי 150 מ""ל",בטר אנד דיפרנט,DE,דאודורנט ניוואה,מיליליטרים,150.00,"100 מ""ל",false,1,17.00,11.33,true,1,
4005900555915,false,"ניוואה - תחליב רחצה קוקוס וחוחובה 750 מ""ל",ביירסדורף AG,DE,תחליב רחצה,מיליליטרים,750.00,"100 מ""ל",false,1,17.80,2.37,false,1,
4005900562029,false,ניוואה מים מיסלריים בתוספת מי ורדים,אלפא,TR,מים מיסלריים ורד,מיליליטרים,400.00,"100 מ""ל",false,1,25.50,6.37,true,1,
4005900562043,false,ניוואה גל ניקוי פנים בתוספת מי ורדים,אלפא,TR,ג'ל ניקוי פנים,מיליליטרים,150.00,"100 מ""ל",false,1,25.50,17.00,true,1,
4005900583130,false,לבלו KISS שפתון צבעוני דובדבן שחור,ביירסדורץ,DE,לבלו קיס צבעוני,יחידה,1.00,יחידה,false,1,12.70,12.70,true,1,
4005900639554,false,"ניוואה - דאודורנט רול און לאישה פרש נטורל לאישה ללא אלומיניום 50 מ""ל",ביירסדורף AG,DE,דאודורנט ניוואה,מיליליטרים,50.00,"100 מ""ל",false,1,17.00,34.00,true,1,
4005900648181,false,"ניוואה - תחליב רחצה אלוורה 750 מ""ל",ביירסדורף AG,DE,ניוואה תח.רחצ.אל,מיליליטרים,750.00,"100 מ""ל",false,1,17.80,2.37,true,1,
4005900683878,false,לבלו סקראב שפתון פילינג אלוורה בליסטר,ביירסדורף,DE,לבלו סקראב אלורה,יחידה,1.00,יחידה,false,1,8.50,8.50,true,1,
4005900730275,false,"ניוואה דאו ספריי לאשה בלק אנד וויט אימפקט 150 מ""ל",ביירסדורף AG,DE,ניוואה דאודורנט,מיליליטרים,150.00,"100 מ""ל",false,1,17.00,11.33,true,1,
4005900730299,false,"ניוואה דאו רול און לאשה בלק אנד וויט אימפקט 50 מ""ל",ביירסדורף,DE,דאודורנט ניוואה,מיליליטרים,50.00,"100 מ""ל",false,1,17.00,34.00,true,1,
4005900775771,false,מארז אקווה סנסנשיין יח',,IL,מארז אקווה סנסנש,יחידה,1.00,יחידה,false,1,93.10,93.10,true,1,
4005900786968,false,"לומינוס תחליב יום עם מקדם הגנה SPF50 בעל פעולה משולשת 50 מ""ל",אלפא,PL,סלולר לומינוס 63,מיליליטרים,40.00,"100 מ""ל",false,1,119.60,299.00,true,1,
4005900786975,false,"סרום לומינוס לטיפול מתקדם בכתמים כהים 50 מ""ל",אלפא,PL,סלולר לומינוס 63,מיליליטרים,30.00,"100 מ""ל",false,1,119.60,398.67,true,1,
4005900803283,false,ניוואה רוז קר קרם לחות במרקם גל בתוספת,ביירסדורף,PL,קרם לחות במרקם ג,מיליליטרים,50.00,"100 מ""ל",false,1,68.20,136.40,true,1,
4005900816016,false,"ניוואה - דאודורנט ספריי לאישה פרש טבעי לאישה 150 מ""ל",טרופיקל דגיל תעשיות,DE,דאודורנט ניוואה,מיליליטרים,150.00,"100 מ""ל",false,0,17.00,11.33,true,1,
4005900828088,false,"ניוואה - דאודורנט רול און לגבר פרש 50 מ""ל",טרופיקל דגיל תעשיות,DE,דאודורנט ניוואה,מיליליטרים,50.00,"100 מ""ל",false,0,17.00,34.00,true,1,
4005900833723,false,"ניוואה - פאוור פרש ג'ל רחצה לגבר 500 מ""ל",HELLAS BEIERSDORF,DE,ניוואה ג'ל רחצה,מיליליטרים,500.00,"100 מ""ל",false,1,12.70,2.54,true,1,
4005900841148,false,"ניוואה מן ג'ל גילוח קול קיק פרש 200 מ""ל",ביירסדורף,DE,ג'ק גילוח ניוואה,מיליליטרים,200.00,"100 מ""ל",false,1,22.90,11.45,true,1,
4005900845702,false,"ניוואה - דאודורנט רול און לגבר קול קיק פרש 50 מ""ל",ביירסדורף,DE,דאודורנט ניוואה,מיליליטרים,50.00,"100 מ""ל",false,1,17.00,34.00,true,1,
4005900845733,false,"דאודורנט ספריי קול קיק פרש לגבר ניוואה מן 150 מ""ל",ביירסדורף,DE,דאודורנט ניוואה,מיליליטרים,150.00,"100 מ""ל",false,1,17.00,11.33,true,1,
4005900864000,false,"ניוואה היידרה סקין אפקט מים מיסלריים להסרת איפור וניקוי הפנים עם חומצה היאלורונית 400 מ""ל",ניואה,DE,היידרה סקין אפקט,מיליליטרים,400.00,"100 מ""ל",false,1,30.60,7.65,true,1,
4005900874931,false,"דאודורנט ספריי דיפ ביט לגבר 150 מ""ל ניוויה",ביירסדורף,DE,דאודורנט ניוואה,גרמים,150.00,100 גרם,false,1,17.00,11.33,true,1,
4005900874962,false,"ניוואה - דאודורנט רול און לגבר דיפ בלק 50 מ""ל",ביירסדורף AG,DE,דאודורנט ניוואה,מיליליטרים,50.00,"100 מ""ל",false,1,17.00,34.00,true,1,
4005900978950,false,לבלו - דובדבן שפתון לחות מטפח מהדורת נסיכות דיסני,ביירסדורף,DE,לבלו אריאל,יחידה,1.00,יחידה,false,1,8.50,8.50,true,1,
4005900978967,false,לבלו - וניל שפתון לחות מטפח מהדורת נסיכות דיסני,ביירסדורף,DE,לבלו אלזה,יחידה,1.00,יחידה,false,1,8.50,8.50,true,1,
4005900978974,false,לבלו - סופט רוז שפתון לחות מטפח מהדורת נסיכות דיסני,ביירסדורף,DE,לבלו סופט יסמין,יחידה,1.00,יחידה,false,1,8.50,8.50,true,1,
4006000002538,false,מארז קוסמטיקה ניוואה HYDRATE YOURSELF ראש השנה,ביירסדורף,DE,מארז ניוואה,יחידה,1.00,יחידה,false,1,76.80,76.80,true,1,
4006000002576,false,ניוואה מארז טיפוח 4 פריטים לגבר COOL FRESH,ביירסדורץ,DE,טיפוח לגבר cool,יחידה,1.00,יחידה,false,1,68.20,68.20,true,1,
4008400170428,false,בונבוניירה פררו רושר לב 100 גרם,גוד פוד פרודקטס S.p,PL,בונבוניירה רושה,גרמים,100.00,100 גרם,false,1,12.70,12.70,true,1,
4008400230726,false,ביצת שוקולד הפתעה קינדר ענקית 100ג' בנים,קינדר Kinder,BE,ביצת הפתעה מקסי,גרמים,100.00,100 גרם,false,1,17.00,17.00,true,1,
4008600284895,false,נוק זוג מוצץ סיליקון זוהר בחושך 6-18 כחו,פרומדיקו,DE,מוצצים זוהרים כח,יחידה,1.00,יחידה,false,1,34.10,34.10,true,1,
4008600284918,false,נוק זוג מוצץ סיליקון דיסני מיקי 0-6 שחור,פרומדיקו,DE,מוצצי דיסני בנים,יחידה,1.00,יחידה,false,0,34.10,34.10,true,1,
4008600284925,false,נוק זוג מוצצי סיליקון זוהר בחושך 0-6 כחו,פרומדיקו,DE,מוצצים זוהרים כח,יחידה,1.00,יחידה,false,1,34.10,34.10,true,1,
4008600314509,false,נוק זוג מוצץ סיליקון דיסני מיקי 0-6 אדום,פרומדיקו,DE,מוצצי דיסני מיקי,יחידה,1.00,יחידה,false,1,34.10,34.10,true,1,
4008600372370,false,נוק אקטיב קאפ כוס מעבר פו הדב 300 מל,ניאופארם,DE,אקטיב קאפ פו הדב,יחידה,1.00,יחידה,false,1,46.90,46.90,true,1,
4008600384489,false,נוק זוג מוצצי סיליקון סיגנטור 6-18 כחול,פרומדיקו,DE,מוצצים הפי דייז,יחידה,1.00,יחידה,false,1,34.10,34.10,true,1,
4008600387169,false,נוק בקבוק אימון 150 מל חדש,General,DE,נוק בקבוק אימון,יחידה,1.00,יחידה,false,1,38.30,38.30,true,1,
4008600387374,false,נוק בקבוק אימון דיסני אדום 150 מל 6-18 ח,ניאופארם,DE,בקבוק אימון,יחידה,1.00,יחידה,false,1,38.30,38.30,true,1,
4008600387381,false,נוק בקבוק אימון דיסני אפור 150 מל 6-18 ח,General,DE,בקבוק אימון אפור,יחידה,1.00,יחידה,false,1,38.30,38.30,true,1,
4008600402138,false,מוצצים סטאר 0-6 כחול זוג,נוק,IL,מוצצים סטאר 0-6,יחידה,1.00,יחידה,false,1,34.10,34.10,true,1,
4008600404286,false,נוק זוג מוצצים ספייס מיקי 0-6 חודשים אפו,פרומדיקו,DE,זוג מוצצי מיקי,יחידה,1.00,יחידה,false,1,34.10,34.10,true,1,
4008600404477,false,נוק זוג מוצצים ספייס מיקי 6-18 חודשים אפ,פרומדיקו,DE,מוצצי מיקי6-18,יחידה,1.00,יחידה,false,1,34.10,34.10,true,1,
4008600404507,false,נוק זוג מוצצים ספייס מיקי 0-6 חודשים אדו,פרומדיקו,DE,זוג מוצצי מיקי,יחידה,1.00,יחידה,false,1,34.10,34.10,true,1,
4009300522935,false,תה ירוק פומפדור לימונית ולואיזה 20 יחידות,"איטיליאן פוד, אס.פי.",DE,תה ירוק לואיזה,גרמים,30.00,100 גרם,false,0,13.50,45.00,true,1,
4009300522966,false,תה ירוק עם נענע פומפדור 20 יחידות,"איטיליאן פוד, אס.פי.",DE,תה ירוק נענע,גרמים,30.00,100 גרם,false,0,13.50,45.00,true,1,
4009300529538,false,תה חליטת פומפדור פירות לימון 20 יח,TEEKANNE- POMPADOU,DE,חליטת פירות,גרמים,50.00,100 גרם,false,1,10.10,20.20,true,1,
4009300529552,false,תה חליטת פומפדור פירות אפרסק 20 יח,TEEKANNE- POMPADOU,DE,חליטת פירות,גרמים,50.00,100 גרם,false,1,10.10,20.20,true,1,
4009900385824,false,מסטיק אורביט פפרמינט סטיקס משפחתי-חמישיות,ריגלי צרפת,FR,מסטיק סטיקס,גרמים,65.00,100 גרם,false,0,8.00,12.31,true,1,
4009900402965,false,אורביט וויט בטעם פירות בקבוקון 46מלבניות,ריגלי פולין,PL,אורביט בקבוקון,גרמים,64.00,100 גרם,false,0,7.60,11.87,true,1,
4009900403023,false,אורביט וויט בטעם מנטה בקבוקון 46 מלבניות,"ב.א מזון בע""מ",PL,אורביט בקבוקון,גרמים,64.00,100 גרם,false,0,7.60,11.87,true,1,
4009900420129,false,מסטיק אורביט פרופשנל פפרמינט בקבוקון 64 גר',מרס נדרלנד,PL,אורביט פפרמינט,גרמים,64.00,100 גרם,false,1,7.60,11.87,true,1,
4009900426039,false,מסטיק מנטה אקליפטוס בקבוקון איירווייבס 64 גרם,איירוויבס Airwaves,PL,מסטיק איירוויבז,גרמים,64.00,100 גרם,false,1,7.60,11.87,true,1,
4009900455299,false,"סוכרית ג'לי אדומה 174 גרם ""סקיטלס""",ריגלי ממתקים,CZ,סוכריות סקיטלס,גרמים,174.00,100 גרם,false,0,5.80,3.33,true,1,
4009900465304,false,סוכריות סקיטלס פירות חמוצים 174 גרם,ריגלי ממתקים,CZ,סוכריות סקיטלס,גרמים,174.00,100 גרם,false,0,5.80,3.33,true,1,
4009900479998,false,אורביט וויט אוכמניות בקבוקון 46 מלבניות,ריגלי פולין,PL,אורביט בקבוקון,גרמים,64.00,100 גרם,false,0,7.60,11.87,true,1,
4009900482417,false,מסטיק אורביט פירות מנטה בקבוקון באבל מינט 45יח,ריגלי פולין,PL,אורביט באבל מינט,גרמים,64.00,100 גרם,false,0,7.60,11.87,true,1,
4009900483803,false,מסטיק איירובס מנטה אקליפטוס בקבוקון 60יח',איירוויבס Airwaves,PL,מסטיק איירוויבז,גרמים,84.00,100 גרם,false,1,9.30,11.07,true,1,
4009900484305,false,מסטיק אורביט פרופשיונל סוויטמינט ביגי לבן 60יח',אורביט Orbit,GB,אורביט בקבוק,גרמים,84.00,100 גרם,false,0,9.30,11.08,true,1,
4009900487283,false,אורביט ילדים קלאסי סט' משפחתי-חמישיות,ריגלי צרפת,FR,מסטיק סטיקס,גרמים,65.00,100 גרם,false,0,8.00,12.31,true,1,
4009900491044,false,מסטיק איירובס אוכמניות בקבוקון 60יח',איירוויבס Airwaves,PL,מסטיק איירוויבז,גרמים,84.00,100 גרם,false,1,9.30,11.07,true,1,
4009900531122,false,"מסטיק בטעם מנטה ספירמינט, 64 ג' פרופשיונל אורפיט",מרס נדרלנד,PL,אורביט ספירמינט,גרמים,64.00,100 גרם,false,1,7.60,11.87,true,1,
4009900534581,false,איירוויבס בקבוקון דובדבן ומנטה 46 מלבני,Unknown,IL,מסטיק איירוויבז,גרמים,64.00,100 גרם,false,1,7.60,11.87,true,1,
4009900534611,false,מסטיק איירוויבז בקבוקון בטעם מלון ומנטה,ריגלי,IL,מסטיק אייוויבז,גרמים,64.00,100 גרם,false,1,7.60,11.87,true,1,
4009900534918,false,סקיטלס גאיינט פירות 141 גרם,ריגלי,CZ,סוכריות סקיטלס,יחידה,1.00,יחידה,false,0,5.80,5.80,true,1,
4009900535519,false,מסטיק אורביט רפרשרס ספירמינט ללא סוכר 15.6גר',אורביט,PL,אורביט רפרשרס,גרמים,15.00,100 גרם,false,1,3.60,24.00,true,1,
4009900535540,false,מסטיק אורביט רפרשרס פפרמינט ללא סוכר 15.6גר',אורביט,PL,מסטיק אורביט,גרמים,15.00,100 גרם,false,1,3.60,24.00,true,1,
4009900535823,false,מסטיק אורביט רפרשרס באבלמינט ללא סוכר 15.6גר',אורביט,PL,מסטיק אורביט,גרמים,15.00,100 גרם,false,1,3.60,24.00,true,1,
4009900536288,false,מסטיק אורביט רפרשרס פפרמינט בקבוקון ללא סוכר 67 גר',מרס ריגלי קונפקשונרי,PL,אורביט רפרשרס,גרמים,67.00,100 גרם,false,1,11.10,16.57,true,1,
4009900539685,false,"מסטיק פייב באונס בטעם מנטה בקבוקון, 61.8 גרם",ריגלי בעמ רוסיה,PL,מסטיק פייב,גרמים,61.00,100 גרם,false,1,11.00,18.03,true,1,
4009900539746,false,"מסטיק פייב באונס בטעם אבטיח בקבוקון, 61.8 גרם",ריגלי בעמ רוסיה,PL,מסטיק פייב,גרמים,61.00,100 גרם,false,1,11.00,18.03,true,1,
4009900540551,false,מסטיק אורביט רפרשרס טרופיקל בקבוקון ללא סוכר,מרס פולין,PL,אורביט רפרשרס,גרמים,67.00,100 גרם,false,1,11.10,16.57,true,1,
4011700425501,false,TABAC EAU DE COLOGNE 300 ML,טאבק,IL,טבק אדט,מיליליטרים,300.00,"100 מ""ל",false,0,84.60,28.20,true,1,
4011700432301,false,"טבק אפטר שייב 150 מ""ל",לילית בישום,FR,טבק אפטר שייב,מיליליטרים,150.00,"100 מ""ל",false,0,41.00,27.33,true,1,
4011700456048,false,Ride Wild TABACא.ד.ט גבר,M&W,DE,Ride Wild TABAC,מיליליטרים,125.00,"100 מ""ל",false,1,84.60,67.68,true,1,
4011800290054,false,חטיף חלבון עם קוקוס ושוקולד חלב ללא תוספת סוכר,קורני,DE,חטיף חלבון קורני,גרמים,50.00,100 גרם,false,1,8.40,16.80,true,1,
4011800628512,false,חטיף קורני שוקולד חלב 6 יח 150 גר,מיוצר עי קונדיטוריית,DE,קורני חטיף דגנים,גרמים,150.00,100 גרם,false,0,9.30,6.20,true,1,
4011800630515,false,חטיף קורני שוקולד חלב ובננה 6 יח 150 גר,מיוצר עי קונדיטוריית,DE,קורני חטיף דגנים,גרמים,150.00,100 גרם,false,0,9.30,6.20,true,1,
4011800632519,false,"מארז חטיפי שוקולד חלב וקוקוס ""קורני""",מיוצר עי קונדיטוריית,DE,קורני חטיף דגנים,גרמים,150.00,100 גרם,false,0,9.30,6.20,true,1,
4011800633516,false,קורני שוקולד מריר מעולה 58% קקאו 6*1,שוורטאוור וורקה,DE,קורני חטיף דגנים,גרמים,138.00,100 גרם,false,0,9.30,6.74,true,1,
4011800636517,false,קורני פרי שוקולד חלב מעולה ללא סוכר 6*1,מיוצר עי קונדיטוריית,DE,קורני חטיף דגנים,גרמים,120.00,100 גרם,false,0,9.30,7.75,true,1,
4012273123009,false,נטרוגינה קרם ידיים 50 מל הסדרה הנורבגית,גונסון אנד גונסון,FR,קרם ידיים,מיליליטרים,50.00,"100 מ""ל",false,0,24.70,49.40,true,1,
4014400923711,false,בונבוניירה שוקולד אגוזים טופיפי 125 גרם,ליימן מותגים,DE,טופיפי,גרמים,125.00,100 גרם,false,1,13.50,10.80,true,1,
4014400925319,false,וורטרס אורגינל פופקורן קרמל 140 גרם,וורטרס Werther's,DE,ממתק קרמל ורטר,גרמים,140.00,100 גרם,false,1,8.40,6.00,true,1,
4014400931327,false,וורטר פופקורן קרמל עם תערובת גרעינים 140 גרם,וורטרס Werther's,DE,פופקורן וורטר,גרמים,140.00,100 גרם,false,1,8.40,6.00,true,1,
4015000280211,false,"פה - דאודורנט רול און לאישה קאריביין לימון 50 מ""ל",שוורצקופף והנקל,DE,דאודורנט FA,מיליליטרים,50.00,"100 מ""ל",false,0,12.70,25.40,true,1,
4015000280372,false,"דאודורנט רול און בניחוח לימון פה 50 מ""ל",שוורצקופף והנקל,DE,דאודורנט FA,מיליליטרים,50.00,"100 מ""ל",false,0,12.70,25.40,true,1,
4015000519915,false,"פה - דאודורנט ספריי לאישה פינק פרדייס 200 מ""ל",שוורצקופף והנקל,TR,דאודורנט FA,מיליליטרים,200.00,"100 מ""ל",false,0,12.70,6.35,true,1,
4015000615884,false,"פה - דאודורנט ספריי לאישה קריביין לימון 200 מ""ל",שוורצקופף והנקל,DE,דאודורנט FA,מיליליטרים,200.00,"100 מ""ל",false,0,12.70,6.35,true,1,
4015000615891,false,"פה - דאודורנט ספריי לאישה אקווה 200 מ""ל",שוורצקופף והנקל,DE,דאודורנט FA,מיליליטרים,200.00,"100 מ""ל",false,0,12.70,6.35,true,1,
4015000615921,false,"פה - דאודורנט ספריי לגבר ספורט 200 מ""ל",שוורצקופף והנקל,TR,דאודורנט FA,מיליליטרים,200.00,"100 מ""ל",false,0,12.70,6.35,true,1,
4015000940955,false,שמפו גליס Gliss שיקום נזק קיצוני אולטימט ריפייר,שוורצקופף והנקל,DE,שמפו גליס,מיליליטרים,400.00,"100 מ""ל",false,0,15.30,3.83,true,1,
4015000995122,false,"דאודורנט פה ספריי כח המשיכה 200 מ""ל",שוורצקופף והנקל,DE,דאודורנט פה,מיליליטרים,200.00,"100 מ""ל",false,0,12.70,6.35,true,1,
4015000996204,false,"גליס שמפו אולטימט שמן אלקסייר 400 מ""ל",שוורצקופף והנקל,DE,שמפו גליס,מיליליטרים,400.00,"100 מ""ל",false,0,15.30,3.83,true,1,
4015000997430,false,פה דאודורנט ספריי אינויזיבל פאוור 200 מל,שוורצקופף והנקל,TR,דאודורנט פה,מיליליטרים,200.00,"100 מ""ל",false,0,12.70,6.35,true,1,
4015001004168,false,"גליס - מרכך משקם אקספרס סרום שיקות עמוק 200 מ""ל",שוורצקוף,SK,ספריי מרכך גליס,מיליליטרים,200.00,"100 מ""ל",false,1,21.20,10.60,true,1,
4015100190793,false,גליס מסכה לשיער יבש ופגום במיוחד Ultimate Repair,שוורצקופף והנקל,SK,מסכת גליס,מיליליטרים,300.00,"100 מ""ל",false,1,20.40,6.80,true,1,
4015100297928,false,גליס ביו-טק קונדישינר משקם אקספרס 200 מל,"הובי קוסמטיק, אנקרה, תור",SK,קונדישינר משקם,מיליליטרים,200.00,"100 מ""ל",false,1,21.20,10.60,true,1,
4015100298000,false,גליס מסכה ביו-טק 2ב-1 300 מל,שוורצקופף והנקל,TR,מסכה עשירה גליס,מיליליטרים,300.00,"100 מ""ל",false,1,20.40,6.80,true,1,
4015400690313,false,טמפונים פרל רגולר טמפקס קומפאק 18 יח,פרוקטר אנד גמבל,HU,טמפקס,יחידה,1.00,יחידה,false,1,20.00,20.00,true,1,
4015400690405,false,טמפונים פרל סופר טמפקס קומפאק 18 יח,פרוקטר אנד גמבל,HU,טמפקס,יחידה,1.00,יחידה,false,1,20.00,20.00,true,1,
4015400824725,false,טמפונים סופר עם מוליך טמפקס 30 יחידות,פרוקטר אנד גמבל,HU,טמפקס פלאש סופר,יחידה,1.00,יחידה,false,0,25.50,25.50,true,1,
4015400824749,false,טמפונים טמפקס פלאש סופר פלוס 30 יחידות,פרוקטר אנד גמבל,HU,טמפקס פלאש,יחידה,1.00,יחידה,false,0,25.50,25.50,true,1,
4015600763251,false,שמפו הד&שולדרס קלאסי600מ,פרוקטר אנד גמבל,RO,שמפו הד&שולדרס,מיליליטרים,600.00,"100 מ""ל",false,0,22.10,3.68,true,1,
4015600763299,false,הד&שולדרס 600 שמפו 2ב1 קלאסי,פרוקטר אנד גמבל,RO,שמפו הד&שולדרס,מיליליטרים,600.00,"100 מ""ל",false,0,22.10,3.68,true,1,
4015600763411,false,שמפו הד&שולדרס מנטול 600,פרוקטר אנד גמבל,RO,שמפו הד&שולדרס,מיליליטרים,600.00,"100 מ""ל",false,0,22.10,3.68,true,1,
4015600763459,false,שמפו הד&שולדרס תפוח600מל,פרוקטר אנד גמבל,RO,שמפו הד&שולדרס,מיליליטרים,600.00,"100 מ""ל",false,0,22.10,3.68,true,1,
4015600763534,false,הד&שולדרס 600 שמפו מגע משי,פרוקטר אנד גמבל,RO,שמפו הד&שולדרס,מיליליטרים,600.00,"100 מ""ל",false,0,22.10,3.68,true,1,
4015600766658,false,"הד אנד שולדרס שמפו2 ב 1 מנטול 600 מ""ל",פרוקטר אנד גמבל,RO,שמפו הד&שולדרס,מיליליטרים,600.00,"100 מ""ל",false,0,22.10,3.68,true,1,
4015600807436,false,"ג'ילט - דאודורנט ג'ל לגבר כדוריות קול וויב 75 מ""ל",פרוקטר אנד גמבל,GB,דאודורנט ג'ל,מיליליטרים,75.00,"100 מ""ל",false,0,28.10,37.47,true,1,
4015600807573,false,"ג'ילט - דאודורנט ג'ל לגבר כדוריות פאוור ראש 75 מ""ל",פרוקטר אנד גמבל,GB,דאודורנט ג'ל,מיליליטרים,75.00,"100 מ""ל",false,0,28.10,37.47,true,1,
4015600810849,false,גילט דאו קליר גל 70 מל פאוור ראש,פרוקטר אנד גמבל,CZ,דאודורנט קליר,מיליליטרים,70.00,"100 מ""ל",false,0,14.40,20.57,true,1,
4045787068221,false,"צבע לשיער אינדולה פרוטאין 1 שחור 60 מ""ל",שוורצקופף והנקל,DE,פרוטאין קולור,יחידה,1.00,יחידה,false,0,20.40,20.40,true,1,
4045787068238,false,צבע לשיער פרוטאין קולור- 10 בלונד בהיר מאוד,שוורצקופף והנקל,DE,פרוטאין קולור,יחידה,1.00,יחידה,false,0,20.40,20.40,true,1,
4045787068290,false,"אינדולה - פרוטאין צבע 3 חום שחור 60 מ""ל",שוורצקופף והנקל,DE,פרוטאין קולור,יחידה,1.00,יחידה,false,0,20.40,20.40,true,1,
4045787068313,false,"אינדולה - פרוטאין צבע 4-37 שוקולד כהה 60 מ""ל",אינדולה Indola,DE,פרוטאין קולור,יחידה,1.00,יחידה,false,0,20.40,20.40,true,1,
4045787068320,false,"צבע לשיער אינדולה פרוטאין 5 חום 60 מ""ל",שוורצקופף והנקל,DE,פרוטאין קולור,יחידה,1.00,יחידה,false,0,20.40,20.40,true,1,
4045787068436,false,צבע לשיער פרוטאין קולור- 6.46 נחושת אדומה,אינדולה Indola,DE,פרוטאין קולור,יחידה,1.00,יחידה,false,0,20.40,20.40,true,1,
4045787068511,false,צבע לשיער פרוטאין קולור- 7.44 דבש נחושתי,אינדולה Indola,DE,פרוטאין קולור,יחידה,1.00,יחידה,false,0,20.40,20.40,true,1,
4045787068542,false,"צבע לשיער אינדולה פרוטאין 8 בלונד בהיר 60 מ""ל",שוורצקופף והנקל,DE,פרוטאין קולור,יחידה,1.00,יחידה,false,0,20.40,20.40,true,1,
4045787068610,false,"אינדולה - פרוטאין צבע 9 בלונד טבעי 60 מ""ל",שוורצקופף והנקל,DE,פרוטאין קולור,יחידה,1.00,יחידה,false,0,20.40,20.40,true,1,
4053700292455,false,ויט רצועות שעווה מוכנות להסרת שיער לעור רגיל 12 יחידות,רקיט בנקיזר צרפת,FR,רצועות שעווה ויט,יחידה,1.00,יחידה,false,0,33.20,33.20,true,1,
4056800649792,false,"וולה - פלקס מוס לנפח ליומיים 200 מ""ל",פרוקטר אנד גמבל,FR,וולהפלקס מוס,מיליליטרים,200.00,"100 מ""ל",false,1,23.80,11.90,true,1,
4056800649884,false,"וולה - פלקס ספריי לנפח ליומיים 250 מ""ל",פרוקטר אנד גמבל,FR,וולהפלקס ספריי,מיליליטרים,250.00,"100 מ""ל",false,1,33.20,13.28,true,1,
4056800693061,false,וולהפלקס ג'ל חזק במיוחד 150 מל,פרוקטר אנד גמבל,FR,וולהפלקס ג'ל,מיליליטרים,150.00,"100 מ""ל",false,0,12.00,8.00,true,1,
4056800733088,false,שוקוויבס ספריי לשיער 250,HFC פרסטיג',DE,שוקוויבס ספריי,מיליליטרים,250.00,"100 מ""ל",false,1,26.40,10.56,true,1,
4056800739448,false,שוקוויבס חימר לעיצוב השיער מסי 75 מל,דיפלומט,FR,חימר לעיצוב שיע,מיליליטרים,75.00,"100 מ""ל",false,1,31.50,42.00,true,1,
4056800778409,false,צבע לשיער קולסטון קיט 6/7 חום שוקולד,פרוקטר אנד גמבל,DE,קולסטון קיט,יחידה,1.00,יחידה,false,0,33.20,33.20,true,1,
4056800943739,false,קרם חמצן וולוקסון Welloxon 6%,פרוקטר אנד גמבל,FR,חמצן וולה,מיליליטרים,60.00,"100 מ""ל",false,0,5.00,8.33,true,1,
4056800943791,false,קרם חמצן וולוקסון Welloxon 9%,פרוקטר אנד גמבל,FR,חמצן וולה9%,מיליליטרים,60.00,"100 מ""ל",false,0,5.00,8.33,true,1,
4056800956869,false,"שוקוויבס וקס לפיסול שיער קלין קאט, 75 מ""ל",דיפלומט,FR,וקס לפיסול שיער,מיליליטרים,75.00,"100 מ""ל",false,1,31.50,42.00,true,1,
4059729028693,false,Cat. Blush Box 040,CATRICE,DE,סומק 40,יחידה,1.00,יחידה,false,0,13.00,13.00,true,1,
4059729028709,false,Cat. Blush Box 050,CATRICE,DE,סומק 50,יחידה,1.00,יחידה,false,0,12.80,12.80,true,1,
4059729030191,false,לק במרקם ג'ל 60 יח',CATRICE,DE,לק במרקם ג'ל 60,יחידה,1.00,יחידה,false,0,8.50,8.50,true,1,
4059729030542,false,Cat. Eye Brow Stylist 025,CATRICE,DE,עיפרון גבות 25,יחידה,1.00,יחידה,false,0,9.40,9.40,true,1,
4059729030559,false,Cat. Eye Brow Stylist 035,CATRICE,DE,עיפרון גבות 35,יחידה,1.00,יחידה,false,0,9.40,9.40,true,1,
4059729031983,false,פלטה ברונזה,CATRICE,DE,פלטה ברונזה,יחידה,1.00,יחידה,false,0,17.90,17.90,true,1,
4059729032539,false,באלם לשפתיים עם פילינגי,,FR,באלם לשפתיים עם,יחידה,1.00,יחידה,false,1,14.50,14.50,true,1,
4059729032546,false,"סרום לשפתיים 2.5 מ""ל",,PL,סרום לשפתיים,יחידה,1.00,יחידה,false,0,17.00,17.00,true,1,
4059729034410,false,Cat. HD Liquid Coverage Foundation 036,,IL,מייק אפ HD 036,מיליליטרים,30.00,"100 מ""ל",false,1,24.70,82.33,true,1,
4059729034465,false,Cat. HD Liquid Coverage Foundation 046,,IL,מייק אפ HD 46,מיליליטרים,30.00,"100 מ""ל",false,1,24.70,82.33,true,1,
4059729049520,false,Catrice Power Plumping Gel Lipstick 010,,DE,קטריס שפתון ג'ל,יחידה,1.00,יחידה,false,1,14.50,14.50,true,1,
4059729049551,false,Cat. Power Plumping Gel Lipstick 040,,DE,קטריס שפתון ג'ל,יחידה,1.00,יחידה,false,1,14.50,14.50,true,1,
4059729053107,false,Catrice More Than Nude Nail Polish 02,,DE,לק ניוד 02,יחידה,1.00,יחידה,false,1,8.50,8.50,true,1,
4059729053121,false,Cat. More Than Nude Nail Polish 04,,DE,לק ניוד 04,יחידה,1.00,יחידה,false,1,8.50,8.50,true,1,
4059729191762,false,Cat. Slim'Matic Ultra Precise Brow Pencil Waterproof 050,,IL,עפרון גבות סלים,יחידה,1.00,יחידה,false,1,11.90,11.90,true,1,
4059729203250,false,Cat. Liquid Camouflage High Coverage Concealer 036,,IL,קונסילר נוזלי 0,יחידה,1.00,יחידה,false,1,12.80,12.80,true,1,
4059729203274,false,Cat. Liquid Camouflage High Coverage Concealer 048,,FR,קונסילר נוזלי,יחידה,1.00,יחידה,false,1,12.80,12.80,true,1,
4059729220141,false,פריימר לשפתיים יח',,IL,פריימר לשפתיים,יחידה,1.00,יחידה,false,1,17.90,17.90,true,1,
4059729222916,false,Cat. Blush Box Glowing + Multicolour 010,,IL,פלטת סומק 010,יחידה,1.00,יחידה,false,1,14.50,14.50,true,1,
4059729222923,false,Cat. Blush Box Glowing + Multicolour 020,,IL,פלטת סומק 020,יחידה,1.00,יחידה,false,1,14.50,14.50,true,1,
4059729222978,false,Catrice Ten!sational 10 in 1 Dream Primer,,IL,פריימר 10 ב 1,מיליליטרים,30.00,"100 מ""ל",false,1,21.30,71.00,true,1,
4059729244444,false,קטריס סומק 025 יח',,IL,קטריס סומק 025,יחידה,1.00,יחידה,false,1,12.80,12.80,true,1,
4059729244475,false,"סרום למראה גלואו 30 מ""ל",CATRICE,FR,סרום למראה גלואו,מיליליטרים,30.00,"100 מ""ל",false,1,21.30,71.00,true,1,
4059729244512,false,קונסילר אינסטנט אוויק 00,,IL,קונסילר אינסטנט,יחידה,1.00,יחידה,false,1,17.90,17.90,true,1,
4059729244536,false,קונסילר אינסטנט אוויק 02,,IL,קונסילר אינסטנט,יחידה,1.00,יחידה,false,1,17.90,17.90,true,1,
4059729244543,false,קונסילר אינסטנט אוויק 03,,IL,קונסילר אינסטנט,יחידה,1.00,יחידה,false,1,17.90,17.90,true,1,
4059729246219,false,צללית לאיפור העיניים 280,,IL,צללית לאיפור העי,יחידה,1.00,יחידה,false,1,11.10,11.10,true,1,
4059729246271,false,Cat. Lashes To Kill Sexy Volume Mascara,,IL,מסקרה ריסים עבים,יחידה,1.00,יחידה,false,1,14.50,14.50,true,1,
4059729248336,false,Catrice Hemp & Mint Glow Lip Balm,,IL,באלם לשפתיים,יחידה,1.00,יחידה,false,1,17.90,17.90,true,1,
4059729248343,false,Cat. Matt Pro Ink Liquid Lipstick 010,,FR,שפתון מט פרו נוז,יחידה,1.00,יחידה,false,1,17.90,17.90,true,1,
4059729248350,false,Cat. Matt Pro Ink Liquid Lipstick 020,,FR,שפתון מט פרו נוז,יחידה,1.00,יחידה,false,1,17.90,17.90,true,1,
4059729248367,false,Cat. Matt Pro Ink Liquid Lipstick 030,,FR,שפתון מט פרו נוז,יחידה,1.00,יחידה,false,1,17.90,17.90,true,1,
4059729248381,false,Cat. Matt Pro Ink Liquid Lipstick 050,,FR,שפתון מט פרו נוז,יחידה,1.00,יחידה,false,1,17.90,17.90,true,1,
4059729248411,false,שפתון מט פרו נוזלי 080 י,,FR,שפתון מט פרו נוז,יחידה,1.00,יחידה,false,1,17.90,17.90,true,1,
4059729248428,false,שפתון מט פרו נוזלי 090 י,,FR,שפתון מט פרו נוז,יחידה,1.00,יחידה,false,1,17.90,17.90,true,1,
4059729248435,false,שפתון מט פרו נוזלי 100 י,,FR,שפתון מט פרו נוז,יחידה,1.00,יחידה,false,1,17.90,17.90,true,1,
4059729248466,false,Cat. Power Plumping Gel Lipstick 120,,IL,שפתון ג'ל 120,יחידה,1.00,יחידה,false,1,14.50,14.50,true,1,
4059729250322,false,בוסטר אקסטרים לשפתיים יח,,IL,בוסטר אקסטרים לש,יחידה,1.00,יחידה,false,1,14.50,14.50,true,1,
4059729251336,false,לאבס פטה שפתון מאט 04 יח,,IT,לאבס פטה שפתון מ,יחידה,1.00,יחידה,false,1,17.90,17.90,true,1,
4059729276667,false,עיפרון תוחם שפתיים 010,,FR,תוחם שפתיים 010,יחידה,1.00,יחידה,false,1,9.40,9.40,true,1,
4059729276681,false,עיפרון תוחם שפתיים 030,,FR,עיפרון תוחם שפת,יחידה,1.00,יחידה,false,1,9.40,9.40,true,1,
4059729276698,false,עיפרון תוחם שפתיים 040,,FR,עיפרון תוחם שפת,יחידה,1.00,יחידה,false,1,9.40,9.40,true,1,
4059729276704,false,עיפרון תוחם שפתיים 050,,FR,עיפרון תוחם שפת,יחידה,1.00,יחידה,false,1,9.40,9.40,true,1,
4059729276797,false,Catrice Mattlover Lipstick Pen 090,,TW,שפתון מאט,יחידה,1.00,יחידה,false,0,17.90,17.90,true,1,
4059729276810,false,Cat. Power Plumping Gel Lipstick 140,,FR,שפתון ג'ל 140,יחידה,1.00,יחידה,false,1,14.50,14.50,true,1,
4059729277084,false,Catrice True Skin High Cover Concealer 010,,IT,קונסילר ל18-שעות,יחידה,1.00,יחידה,false,0,14.50,14.50,true,1,
4059729277206,false,Cat. True Skin Hydrating Foundation 010,,FR,מייקאפ טרו סקין,מיליליטרים,30.00,"100 מ""ל",false,1,24.70,82.33,true,1,
4059729277374,false,פודרה דחוסה לטשטוש נקבו,,FR,פודרה דחוסה לטש,יחידה,1.00,יחידה,false,1,17.90,17.90,true,1,
4059729281005,false,Cat. Go Big. Go Bold. 24h Waterproof Extreme Volume Mascara,,FR,גו ביג גו בולד מ,יחידה,1.00,יחידה,false,1,17.00,17.00,true,1,
4059729282026,false,Cat. True Skin Hydrating Foundation 015,,FR,מייקאפ טרו סקין,מיליליטרים,30.00,"100 מ""ל",false,1,24.70,82.33,true,1,
4059729311351,false,Catrice LIFT UP Volume & Lift Masc. 010,,IT,מסקרה עם אפקט,יחידה,1.00,יחידה,false,0,17.90,17.90,true,1,
4059729312235,false,Catrice 48h Power Stay Brow Gel 020,,CA,ג'ל לגבות,יחידה,1.00,יחידה,false,0,17.90,17.90,true,1,
4059729312259,false,Catrice Brow Fix Soap Stylist 010,,CN,סבון לגבות,יחידה,1.00,יחידה,false,0,14.50,14.50,true,1,
4059729312266,false,Catrice Cheek Oil-Infused Blush 010,,IT,סומק בצבע אפרסקי,יחידה,1.00,יחידה,false,0,17.90,17.90,true,1,
4059729312525,false,Catrice Oil-Control Matt Fixing Spray,,AT,שמן לפנים,מיליליטרים,50.00,"100 מ""ל",false,0,17.90,35.80,true,1,
4059729312532,false,Catrice One Step Skin Perfector,,IT,פריימר,מיליליטרים,30.00,"100 מ""ל",false,0,21.30,71.00,true,1,
4059729312624,false,שפתון +חומצה היאלרונית,,IT,שפתון עם חומצה,יחידה,1.00,יחידה,false,0,12.80,12.80,true,1,
4059729312648,false,שפתון +חומצה היאלרונית,,IT,שפתון עם חומצה,יחידה,1.00,יחידה,false,0,12.80,12.80,true,1,
4059729312655,false,שפתון +חומצה היאלרונית,,IT,שפתון עם חומצה,יחידה,1.00,יחידה,false,0,12.80,12.80,true,1,
4059729312686,false,Catrice Quick Dry Top Coat,,LU,לק טופ,יחידה,1.00,יחידה,false,0,8.50,8.50,true,1,
4059729312693,false,Catrice Skin Lovers Relax Stress-Defender Serum,S.R COSMETICS .ANCOROTTI,IT,סרום לחות לפנים,מיליליטרים,28.00,"100 מ""ל",false,0,21.30,76.07,true,1,
4059729313270,false,Catrice Ult. Waterfr. Lip Tint 010,,PL,ליפגלוס לשפתיים,יחידה,1.00,יחידה,false,0,14.50,14.50,true,1,
4059729313294,false,Catrice Ult. Waterfr. Lip Tint 030,,PL,ליפגלוס לשפתיים,יחידה,1.00,יחידה,false,0,14.50,14.50,true,1,
4059729313300,false,Catrice Ult. Waterfr. Lip Tint 040,,PL,ליפגלוס לשפתיים,יחידה,1.00,יחידה,false,0,14.50,14.50,true,1,
4059729313317,false,Catrice Volume & Lift Brow Masc. WP 010,,PL,מסקרה לגבות,יחידה,1.00,יחידה,false,0,12.80,12.80,true,1,
4059729313348,false,Catrice Volume & Lift Brow Masc. WP 040,,PL,מסקרה לגבות,יחידה,1.00,יחידה,false,0,12.80,12.80,true,1,
4059729313409,false,צללית עמידה לאורך זמן,,IT,צללית לעיניים,יחידה,1.00,יחידה,false,0,11.10,11.10,true,1,
4059729313539,false,Catrice More Than Nude Nail Polish 12,,FR,לק זוהר,יחידה,1.00,יחידה,false,0,8.50,8.50,true,1,
4059729320230,false,"קטריס - HD מיני מייק אפ 30 10 מ""ל",,IT,קטריס HD מיני מי,מיליליטרים,10.00,"100 מ""ל",false,1,12.80,128.00,true,1,
4059729320254,false,קטריס HD מיני מייק אפ 36,,IT,קטריס HD מיני מי,מיליליטרים,10.00,"100 מ""ל",false,1,12.80,128.00,true,1,
4059729329301,false,Catrice 20H Ultra Gel Eye Pencil WP 020,,DE,עיפרון לעיניים,יחידה,1.00,יחידה,false,0,8.50,8.50,true,1,
4059729329349,false,Catrice 20H Ultra Gel Eye Pencil WP 030,,DE,עיפרון לעיניים,יחידה,1.00,יחידה,false,0,8.50,8.50,true,1,
4059729329387,false,Catrice 20H Ultra Gel Eye Pencil WP 040,,DE,עיפרון לעיניים,יחידה,1.00,יחידה,false,0,8.50,8.50,true,1,
4059729329424,false,Catrice 20H Ultra Gel Eye Pencil WP 050,,DE,עיפרון לעיניים,יחידה,1.00,יחידה,false,0,8.50,8.50,true,1,
4059729329547,false,Catrice 20H Ultra Gel Eye Pencil WP 080,,DE,עיפרון לעיניים,יחידה,1.00,יחידה,false,0,8.50,8.50,true,1,
4059729329783,false,Catrice Glam & Doll Sens. Vol. Masc. 010,,LU,מסקרה לעיניים,יחידה,1.00,יחידה,false,0,14.50,14.50,true,1,
4059729329981,false,מסקרה שחורה לעיניים,,IT,מסקרה שחורה,יחידה,1.00,יחידה,false,0,17.90,17.90,true,1,
4059729330277,false,צללית עמידה לאורך זמן,,IT,צללית לעיניים,יחידה,1.00,יחידה,false,0,11.10,11.10,true,1,
4059729330314,false,צללית עמידה לאורך זמן,,IT,צללית לעיניים,יחידה,1.00,יחידה,false,0,11.10,11.10,true,1,
4059729330352,false,צללית עמידה לאורך זמן,,IT,צללית לעיניים,יחידה,1.00,יחידה,false,0,11.10,11.10,true,1,
4059729330697,false,Catrice Blush Box Glowing & Multi. 030,,PL,סומק,יחידה,1.00,יחידה,false,0,14.50,14.50,true,1,
4059729331571,false,Catrice All Matt Shine Make Up 010N,,IT,מייקאפ,מיליליטרים,30.00,"100 מ""ל",false,0,23.00,76.67,true,1,
4059729331649,false,"מייקאפ למראה מאט 30 מ""ל",,IT,מייקאפ למראה מאט,מיליליטרים,30.00,"100 מ""ל",false,0,23.00,76.67,true,1,
4059729332875,false,Catrice All Matt Shine Powd. 100,,IT,פודרה,יחידה,1.00,יחידה,false,0,12.80,12.80,true,1,
4059729332912,false,Catrice All Matt Shine Powd. 200,,IT,פודרה,יחידה,1.00,יחידה,false,0,12.80,12.80,true,1,
4059729333438,false,Catrice Ult. Waterfr. Lip Tint 050,,PL,ליפגלוס לשפתיים,יחידה,1.00,יחידה,false,0,14.50,14.50,true,1,
4059729333629,false,Catrice Vegan Coll. Matt Lipst. 040,,IT,אודם למראה מאט,יחידה,1.00,יחידה,false,0,14.50,14.50,true,1,
4059729333704,false,Catrice Vegan Coll. Matt Lipst. 060,,IT,אודם למראה מאט,יחידה,1.00,יחידה,false,0,14.50,14.50,true,1,
4059729333827,false,Catrice Vegan Coll. Matt Lipst. 090,,IT,אודם למראה מאט,יחידה,1.00,יחידה,false,0,14.50,14.50,true,1,
4059729333865,false,Catrice Vegan Coll. Matt Lipst. 100,,IT,אודם למראה מאט,יחידה,1.00,יחידה,false,0,14.50,14.50,true,1,
4059729334718,false,ליפגלוס לשפתיים 120 יח',CATRICE,DE,ליפגלוס לשפתיים,יחידה,1.00,יחידה,false,1,9.40,9.40,true,1,
4059729335456,false,Catrice More Than Nude Nail Polish 15,,FR,לק זוהר,יחידה,1.00,יחידה,false,0,8.50,8.50,true,1,
4059729343154,false,קטריס מברשת סרום לפנים,,CN,קטריס מברשת סרום,יחידה,1.00,יחידה,false,1,17.90,17.90,true,1,
4059729355904,false,הייליטר למראה זוהר יח',CATRICE,PL,הייליטר למראה זו,יחידה,1.00,יחידה,false,1,17.90,17.90,true,1,
4059729356017,false,Catrice - Hydro Supercharged Serum,CATRICE,FR,סרום לפנים,מיליליטרים,30.00,"100 מ""ל",false,1,21.30,71.00,true,1,
4059729357823,false,Catrice - Super Glue Brow Styling Gel 010,CATRICE,CN,ג'ל לגבות 010,יחידה,1.00,יחידה,false,1,15.30,15.30,true,1,
4059729357861,false,Catrice - Hydrator Plump&Fresh Primer,CATRICE,IT,פריימר לפנים,מיליליטרים,30.00,"100 מ""ל",false,1,17.90,59.67,true,1,
4059729357939,false,Catrice - Matt. Oil-Control Primer,CATRICE,IT,פריימר לפנים,מיליליטרים,30.00,"100 מ""ל",false,1,17.90,59.67,true,1,
4059729358073,false,"ספריי לקיבוע האיפור50מ""ל",CATRICE,PL,ספריי לקיבוע האי,מיליליטרים,50.00,"100 מ""ל",false,1,17.90,35.80,true,1,
4059729359506,false,Catrice - Volumizing Extreme Lip Booster 040,CATRICE,PL,ליפגלוס שקוף 040,יחידה,1.00,יחידה,false,1,14.50,14.50,true,1,
4064666232386,false,"וולה - פלקס ספריי לעיצוב אולטרה גמיש 250 מ""ל",THEORAT INTERSPRAY,FR,וולהפלקס ספריי,מיליליטרים,250.00,"100 מ""ל",false,1,33.20,13.28,true,1,
4064666232416,false,"וולה - פלקס מוס לעיצוב אולטרה גמיש 200 מ""ל",THEORAT INTERSPRAY,DE,וולה פלקס מוס,מיליליטרים,200.00,"100 מ""ל",false,1,23.80,11.90,true,1,
4084500065536,false,פנטן קרם לחות מוגברת לעיצוב שיער 300 מל,פרוקטר אנד גמבל,FR,קרם לשיער פנטן,מיליליטרים,300.00,"100 מ""ל",false,0,20.40,6.80,true,1,
4084500065598,false,"קרם לחות פנטן לתלתלים מושלמים 300 מ""ל",פרוקטר אנד גמבל,FR,קרם לשיער פנטן,מיליליטרים,300.00,"100 מ""ל",false,0,20.40,6.80,true,1,
4084500471900,false,ג'ילט דאו קליר ג'ל ספורט,ג'\ילט פרוקטר אנד גמבל,PL,ג'ילט דאו קליר ג,מיליליטרים,70.00,"100 מ""ל",false,1,19.50,27.86,true,1,
4084500739253,false,"משחת שיניים אורל בי 3D white לובן מהודר 75 מ""ל",פרוקטר אנד גמבל,DE,משחת אורל בי,מיליליטרים,75.00,"100 מ""ל",false,1,25.50,34.00,true,1,
4103330017369,false,חוט דנטלי לניקוי גשרים,פרוקטר & גמבל,IE,חוט דנטלי לניקוי,יחידה,1.00,יחידה,false,1,24.70,24.70,true,1,
4210201078128,false,מברשת שיניים חשמלית נטענת 800 סנסיטיבD16,דיפלומט,DE,אורל בי נטענת,יחידה,1.00,יחידה,false,0,195.70,195.70,true,1,
4210201202905,false,אורל בי 8 ראשים למברשת שיניים חשמלית סנסטיב,בראון,DE,ראשי מילוי סנסיט,יחידה,1.00,יחידה,false,1,187.90,187.90,true,1,
4210201203858,false,בראון מברשת שיניים חשמלית 4000S,דיפלומט,DE,מברשת נטענת,יחידה,1.00,יחידה,false,1,400.80,400.80,true,1,
4210201245193,false,אורל בי מברשת שיניים חשמלית נטענת לילדים פרוזן,פרוקטר אנד גמבל,DE,מברשת אורל בי,יחידה,1.00,יחידה,false,1,76.80,76.80,true,1,
4210201262183,false,אורל בי מברשת שיניים חשמלית נטענת ויטאליטי,פרוקטר אנד גמבל,DE,מברשת נטענת,יחידה,1.00,יחידה,false,1,76.80,76.80,true,1,
4210201282150,false,בראון מכשיר לעיצוב זקן 39 הגדרות אורך,דיפלומט,DE,מכשיר לעיצוב זקן,יחידה,1.00,יחידה,false,1,209.30,209.30,true,1,
4210201320111,false,אורל בי מברשת חשמלית נטענת לילדים-ספיידר,"מיוצר עבור בראון, גרמניה",DE,מברשת שיניים נטע,יחידה,1.00,יחידה,false,1,76.80,76.80,true,1,
4210201320210,false,אורל בי ראש חשמלי לילדים ספיידרמן 4 יחיד,פרוקטר אנד גמבל,DE,אורל בי ראש חשמל,יחידה,1.00,יחידה,false,1,76.80,76.80,true,1,
4210201354369,false,אורל בי ראש חשמלי קרוס אקשן 4 יחידות,פרוקטר אנד גמבל,DE,ראש חשמלי קרוס א,יחידה,1.00,יחידה,false,1,76.80,76.80,true,1,
4210201360742,false,אורל בי ראש חשמלי פלקסי סופט 4 יחידות,פרוקטר אנד גמבל,DE,אורל בי 4 ראשים,יחידה,1.00,יחידה,false,1,76.80,76.80,true,1,
4210201365334,false,אורל בי ראש חשמלי סיבי פחם ארבע יחידות,פרוקטר אנד גמבל,DE,אורל בי ראש 4 יח,יחידה,1.00,יחידה,false,1,76.80,76.80,true,1,
4210201385233,false,אורל בי ראש חשמלי לילדים פרוזן 4 יחידות,דיפלומט,DE,ראש חשמלי 4 יח,יחידה,1.00,יחידה,false,1,76.80,76.80,true,1,
4210201388470,false,אורל בי ראש חשמלי לילדים ספיידרמן 4 יחיד,פרוקטר אנד גמבל,DE,ראש חשמלי 4 יח,יחידה,1.00,יחידה,false,1,76.80,76.80,true,1,
4210201403319,false,אורל בי מברשת שיניים חשמלית נטענת פחם ויטאליטי,פרוקטר אנד גמבל,DE,מברשת נטענת,יחידה,1.00,יחידה,false,1,76.80,76.80,true,1,
4250035228290,false,מסקרה אולרואנד עמידה,CATRICE,DE,מסקרה עמידה במי,יחידה,1.00,יחידה,false,0,12.80,12.80,true,1,
4250035261877,false,פלטת קונסילרים יח',CATRICE,DE,פלטת קונסילרים,יחידה,1.00,יחידה,false,0,13.60,13.60,true,1,
4250035288157,false,עפרון קז'אל 10,CATRICE,DE,עפרון קז'אל 10,יחידה,1.00,יחידה,false,0,7.60,7.60,true,1,
4250035288188,false,עפרון קז'אל 40,CATRICE,DE,עפרון קז'אל 40,יחידה,1.00,יחידה,false,0,7.60,7.60,true,1,
4250338446513,false,Cat. Sharpener,CATRICE,DE,מחדד,יחידה,1.00,יחידה,false,0,7.60,7.60,true,1,
4250338474363,false,איילנר נוזלי,CATRICE,DE,איילנר נוזלי,יחידה,1.00,יחידה,false,0,12.80,12.80,true,1,
4250338474400,false,איילנר נוזלי עמיד במים,CATRICE,DE,איילנר נוזלי עמי,יחידה,1.00,יחידה,false,0,13.60,13.60,true,1,
4250338487752,false,Cat. Eye Brow Stylist 020,CATRICE,DE,עיפרון גבות 20,יחידה,1.00,יחידה,false,0,9.40,9.40,true,1,
4250338487783,false,Catrice Lashes To Kill Waterproof Volume Mascara,CATRICE,DE,מסקרה לאשס טו קי,יחידה,1.00,יחידה,false,0,14.50,14.50,true,1,
4250587723588,false,מסקרה לנפח ריסים,CATRICE,DE,מסקרה לנפח ריסים,יחידה,1.00,יחידה,false,0,14.50,14.50,true,1,
4250587723779,false,CATRICE ג'ל לעיצוב הגבות,CATRICE,DE,ג'ל לעיצוב הגבות,יחידה,1.00,יחידה,false,0,11.90,11.90,true,1,
4250587732399,false,עפרון קז'אל 140,CATRICE,DE,עפרון קז'אל 140,יחידה,1.00,יחידה,false,0,7.60,7.60,true,1,
4250587754278,false,Catrice All Matt Plus Shine Control Powder 030,CATRICE,DE,פודרה מט 30,יחידה,1.00,יחידה,false,0,12.80,12.80,true,1,
4250587792119,false,Catrice Tinted Lip Glow Balm,CATRICE,DE,באלם לשפתיים,יחידה,1.00,יחידה,false,0,17.90,17.90,true,1,
4250947543726,false,מעגל ריסים יח',CATRICE,IT,מעגל ריסים,יחידה,1.00,יחידה,false,1,14.50,14.50,true,1,
4250947544686,false,Cat. Liquid Camouflage High Coverage Concealer 020,CATRICE,DE,קונסילר נוזלי 2,יחידה,1.00,יחידה,false,0,12.80,12.80,true,1,
4250947562277,false,מסקרה גלאם&דול מלאכותיים,CATRICE,DE,מסקרה גלאם&דול,יחידה,1.00,יחידה,false,0,14.50,14.50,true,1,
4250947563618,false,Cat. Liquid Camouflage High Coverage Concealer 005,CATRICE,DE,קונסילר נוזלי 0,יחידה,1.00,יחידה,false,0,12.80,12.80,true,1,
4250947598306,false,Cat. HD Liquid Coverage Foundation 030,CATRICE,DE,מייק אפ 30-HD,מיליליטרים,30.00,"100 מ""ל",false,0,24.70,82.33,true,1,
4250947598313,false,Cat. HD Liquid Coverage Foundation 040,CATRICE,DE,מייק אפ 40-HD,מיליליטרים,30.00,"100 מ""ל",false,0,24.70,82.33,true,1,
4250947598368,false,Cat. Prime And Fine Multitalent Fixing Spray,CATRICE,DE,ספריי מקבע רב שי,מיליליטרים,50.00,"100 מ""ל",false,0,17.00,34.00,true,1,
4251232241853,false,Cat. ICONails Gel Lacquer 02,CATRICE,DE,לק במרקם ג'ל 02,יחידה,1.00,יחידה,false,0,8.50,8.50,true,1,
4251232241860,false,Cat. ICONails Gel Lacquer 03,CATRICE,DE,לק במרקם ג'ל 03,יחידה,1.00,יחידה,false,0,8.50,8.50,true,1,
4251232282788,false,עפרון קז'אל 260,CATRICE,DE,עפרון קז'אל 260,יחידה,1.00,יחידה,false,0,7.60,7.60,true,1,
4251232283600,false,Catrice Mattlover Lipstick Pen 040,,IL,שפתון מאט 040,יחידה,1.00,יחידה,false,1,17.90,17.90,true,1,
4251232283617,false,Catrice Mattlover Lipstick Pen 050,,IL,שפתון מאט 050,יחידה,1.00,יחידה,false,1,17.90,17.90,true,1,
4251232284324,false,Cat. Liquid Camouflage High Coverage Concealer 015,CATRICE,DE,קונסילר נוזלי 15,יחידה,1.00,יחידה,false,0,12.80,12.80,true,1,
4251232284485,false,Cat. Power Gel 2in1 Base & Top Coat,CATRICE,DE,בסיס וטופ 2ב1,יחידה,1.00,יחידה,false,0,8.50,8.50,true,1,
4800888150080,false,"דאב - דאודורנט רול און לאישה פרש טאצ' מלפפונים 50 מ""ל",יוניליוור פיליפינים,PH,דאודורנט דאב,מיליליטרים,50.00,"100 מ""ל",false,0,11.80,23.60,true,1,
4800888209368,false,רקסונה - דאודורנט סטיק לגבר אקסטרא קול 50 גרם,יוניליוור,PH,דאודורנט רקסונה,גרמים,50.00,100 גרם,false,1,17.80,35.60,true,1,
4800888209405,false,רקסונה - דאודורנט סטיק לגבר קובלט דריי 50 גרם,רקסונה Rexona,PH,דאודורנט רקסונה,גרמים,50.00,100 גרם,false,1,17.80,35.60,true,1,
4800888219534,false,דאב - דאודורנט סטיק לאישה אנטי פרספירמט 50 גרם,יוניליוור פיליפינים,PH,דאו.דאב,מיליליטרים,50.00,"100 מ""ל",false,1,17.00,34.00,true,1,
4800888219541,false,רקסונה - דאודורנט סטיק לאישה פאוודר דרי 50 גרם,יוניליוור,PH,דאודורנט רקסונה,מיליליטרים,50.00,"100 מ""ל",false,1,17.80,35.60,true,1,
4891228304478,false,שיק היידרו 5 סנס רביעיית סכינים,ארץ ייצור סכינים: ארהבn\,CN,שיק הידרו סכינים,יחידה,1.00,יחידה,false,1,42.60,42.60,true,1,
4891228308025,false,סכין גילוח היידרו סילק אישה מארז ידית+4,ארץ ייצור סכינים: ארהבn\,US,היידרו סילק מארז,יחידה,1.00,יחידה,false,1,70.00,70.00,true,1,
4891228308032,false,שיק סכינים גילוח אינטואישן ידית + 5,ארץ ייצור סכינים: ארהבn\,US,שיק אינטואישן5+ס,יחידה,1.00,יחידה,false,1,68.20,68.20,true,1,
4891228308049,false,סכין גילוח שיק היידרו 5 סנס לגבר+7סכינים,ארץ ייצור סכינים: ארהבn\,US,הידרו מארז גילוח,יחידה,1.00,יחידה,false,1,68.20,68.20,true,1,
4891228309268,false,"טאצ' אפ מעצב גבות מקצועי, 3 יחידות",שסטוביץ,CN,שיק סכיני סילק ט,יחידה,1.00,יחידה,false,1,18.70,18.70,true,1,
4891228430061,false,סכיני גילוח שיק אקזקטה 2 לנשים ורוד 10 יח',הנסיך- מפעל לייצור ט,CN,סכיני גילוח 10יח,יחידה,1.00,יחידה,false,0,21.20,21.20,true,1,
4891228430085,false,סכיני גילוח שיק אקסטרים קומפורט לגבר 3 להבים 4 יחידות,אנרג'יזר Energizer,CN,סכיני גילוח,יחידה,1.00,יחידה,false,0,17.00,17.00,true,1,
4891228430092,false,סכיני גילוח שיק אקסטרים קומפורט לנשים 3 להבים 4 יחידות,אנרג'יזר Energizer,CN,סכיני גילוח,יחידה,1.00,יחידה,false,0,17.00,17.00,true,1,
4895115486018,false,BUTTITUDE מסכת ישבן מעצב,,IL,BUTTITUDE מסכת י,יחידה,1.00,יחידה,false,1,12.70,12.70,true,1,
4902430534635,false,מב.שיניים אורל קליניקל3י,אורל בי,IL,מ.שיניים אורל בי,יחידה,1.00,יחידה,false,1,29.80,29.80,true,1,
4902430905183,false,מברשת שיניים אורל בי ילדים שלישייה,פארמה דיל,IL,מברשות שיניים,יחידה,1.00,יחידה,false,1,15.30,15.30,true,1,
4987176078711,false,מכשיר מאך 3 5+ סכינים מא,פארמה דיל,CN,מאך 3 5+ סכינים,יחידה,1.00,יחידה,false,1,51.20,51.20,true,1,
4987176090850,false,גילט פיוזן ידית וסכין 5 להבים,ג'\ילט פרוקטר אנד גמבל,PL,מכשיר ג'ילט פיוז,יחידה,1.00,יחידה,false,1,34.10,34.10,true,1,
5000159376655,false,סוכריות SKITTLES פירות קטן 38 גרם אדום,ריגלי ממתקים,CZ,סוכריות סקיטלס,גרמים,38.00,100 גרם,false,0,2.00,5.26,true,1,
5000159376792,false,סוכריות סקיטלס Skittles פירות חמוצים,ריגלי ממתקים,CZ,סוכריות סקיטלס,גרמים,38.00,100 גרם,false,0,2.00,5.26,true,1,
5000159536400,false,טוויקס סטיקס 99 קלוריות 10 יחידות,מרס,NL,טוויקס סטיקס,גרמים,200.00,100 גרם,false,1,13.50,6.75,true,1,
5000159538626,false,טוויקס מארז חטיף 50 גרם חמישייה,טוויקס Twix,NL,חטיפי טוויקס,גרמים,200.00,100 גרם,false,1,11.30,5.65,true,1,
5000159541152,false,חטיף טוויקס לבן 46 גרם.,מרס.גי אם. בי אייץ,DE,חטיף טוויקס לבן,גרמים,50.00,100 גרם,false,1,3.30,6.60,true,1,
5000204153903,false,מטהר אוויר גלייד מילוי אוטומטי מרכך כביסה,"קוסטר אירוסול ואלף סאן,",TR,גלייד מילוי,מיליליטרים,269.00,"100 מ""ל",false,1,11.80,4.39,true,1,
5000204181296,false,גלייד מארז מכשיר אוטומט+מילוי לבנדר וניל,יצרן אירוסול: קוסטר אירו,TR,גלייד אוט. מוקטן,יחידה,1.00,יחידה,false,1,36.60,36.60,true,1,
5000204657883,false,קיווי משחת נעליים בקופסא חום 50 מל,ג' אל ראיה בוגור ג'א,ID,קיווי משחה בחום,מיליליטרים,50.00,"100 מ""ל",false,0,6.70,13.40,true,1,
5000204657913,false,קיווי משחת נעליים בקופסא שחור 50 מל,ג' אל ראיה בוגור,ID,קיווי משחה בשחור,מיליליטרים,50.00,"100 מ""ל",false,0,6.70,13.40,true,1,
5000204661392,false,"קיווי אקסטרא לארג' שחור(גדול) 100מ""ל",המאפיה של הרמן,ID,קיווי משחה שחורה,מיליליטרים,100.00,"100 מ""ל",false,1,11.80,11.80,true,1,
5000207004981,false,קלין & קליר מי פנים לעור רגיש 200 מל,CILAG GMBH INTERNATI,IT,מי פנים,מיליליטרים,200.00,"100 מ""ל",false,0,42.60,21.30,true,1,
5000207007159,false,"קלין & קליר - קרם לחות בעל פעולה כפולה 100 מ""ל",,FR,ק.לחות פ.כפולה,מיליליטרים,100.00,"100 מ""ל",false,0,39.90,39.90,true,1,
5000394019171,false,סוללה פלוס פאוור 2 יחידות D דורסל,פרוקטר אנד גמבל,US,סוללות דורסל 2יח,יחידה,1.00,יחידה,false,1,25.50,25.50,true,1,
5000394140899,false,סוללות AA דורסל פלוס - 8 יח',דורסל Duracell,BE,דורסל שמיניות AA,יחידה,1.00,יחידה,false,1,25.50,25.50,true,1,
5000394141179,false,סוללות AAA דורסל פלוס - 8 יח',דורסל Duracell,BE,דורסל שמיניות AA,יחידה,1.00,יחידה,false,1,25.50,25.50,true,1,
5010123703585,false,ליסטרין שטיפת פה קולמינט 500 מל,גונסון אנד גונסון,IT,מי פה ליסטרין,מיליליטרים,500.00,"100 מ""ל",false,1,17.00,3.40,true,1,
5010415221421,false,טומי טיפי פטמות למזון סמיך,הכי טבעי-הנסיך,CN,פטמות למזון סמיך,יחידה,1.00,יחידה,false,0,42.60,42.60,true,1,
5010415225023,false,"טבעי בקבוק 260 מ""ל לבנות",הכי טבעי-הנסיך,IL,טבעי בקבוק 260 מ,יחידה,1.00,יחידה,false,0,49.40,49.40,true,1,
5010415323088,false,מברשת לבקבוקים טומי טיפי,טומי טיפי,IL,טומי טיפי מברשת,יחידה,1.00,יחידה,false,0,32.30,32.30,true,1,
5010415330109,false,ט.טיפי הכי טבעי זוג מוצצים סיליקון 6-18,הכי טבעי-הנסיך,CN,מוצצים לשימוש יו,יחידה,1.00,יחידה,false,1,34.10,34.10,true,1,
5010415330444,false,מספריים לציפורנים,טומי טיפי,IL,מספריים לציפורני,יחידה,1.00,יחידה,false,0,27.20,27.20,true,1,
5010415333582,false,מוצצים איורי חיות6-18זוג,הכי טבעי-הנסיך,IL,טבעי מוצצים מעוצ,יחידה,1.00,יחידה,false,0,34.10,34.10,true,1,
5010415334138,false,מוצצים זוהר חושך18-36זוג,הכי טבעי-הנסיך,IL,זוג מוצצים,יחידה,1.00,יחידה,false,0,34.10,34.10,true,1,
5010622018258,false,אורל בי חוט דנטלי סאטין 25 מטר,פרוקטר & גמבל,IE,חוט דנטלי אורלB-,מטרים,25.00,מטר,false,0,18.70,0.75,true,1,
5010724526798,false,בטיסט שמפו יבש בניחוח דובדבן 200 מ'ל,צ'\רצ'\ אנד דיוויט,GB,בטיסט שמפו,מיליליטרים,200.00,"100 מ""ל",false,1,25.00,12.50,true,1,
5010724527375,false,שמפו יבש בניחוח פריחה אביבית בטיסט 200 ג,צ'\רצ'\ אנד דיוויט,GB,בטיסט שמפו,מיליליטרים,200.00,"100 מ""ל",false,1,25.00,12.50,true,1,
5010724527481,false,שמפו יבש בניחוח קלאסי בטיסט 200 גר,צ'\רצ'\ אנד דיוויט,GB,בטיסט שמפו,מיליליטרים,200.00,"100 מ""ל",false,1,25.00,12.50,true,1,
5010934001849,false,ג`סט פור מן חום כהה שחור,מדיטרנד,US,צבע שיער לגבר,יחידה,1.00,יחידה,false,0,42.60,42.60,true,1,
5011408040791,false,לוריאל - דרמו רויטליפט קלאסי לילה,"קרלסרו, גרמניה",DE,REVITALIFT קרם,מיליליטרים,50.00,"100 מ""ל",false,0,81.10,162.20,true,1,
5012251008662,false,BEAUTY FORMULAS רטיות עיניים קרירות על בסיס תמציות מלפפונים 12 יח,,GB,רטיות עיניים תמצ,יחידה,1.00,יחידה,false,1,17.00,17.00,true,1,
5012251012058,false,"TEA TREE BEAUTY FORMULAS מסכת קילוף לפנים 50 מ""ל",,IL,מסכת קילוף לפנים,מיליליטרים,50.00,"100 מ""ל",false,1,25.50,51.00,true,1,
5012251012249,false,ביוטי פורמולה תרחיץ פנים פחם,,GB,תרחיץ פילינג לפנ,מיליליטרים,150.00,"100 מ""ל",false,1,12.70,8.47,true,1,
5012251012256,false,"BEAUTY FORMULASתרחיץ דטוקס לפנים בתוספת פחם פעיל 150מ""ל",,GB,תרחיץ דטוקס לפני,מיליליטרים,150.00,"100 מ""ל",false,1,12.70,8.47,true,1,
5012251012522,false,מגבוני פנים פחם פעיל,DRAMMOCK,GB,מגבוני פנים פחם,יחידה,1.00,יחידה,false,1,12.70,12.70,true,1,
5012251012645,false,רצועות לאף להסרת ראשים שחורים,,GB,מדבקות להוצאת שח,יחידה,1.00,יחידה,false,1,13.50,13.50,true,1,
5012251012898,false,"BEAUTY FORMULAS מסכת ג'ל פנים זהב נוצצת מועשרת בתמציות קולגן 100 מ""ל",,IL,מסכת ג'ל פנים,מיליליטרים,100.00,"100 מ""ל",false,1,25.50,25.50,true,1,
5012251013000,false,6 רצועות זהב לניקוי והסרת שחורים מהאף מועשרות בתמציות קולגן BEAUTY FORMULAS,,IL,רצועות זהב לניקו,יחידה,1.00,יחידה,false,1,17.00,17.00,true,1,
5012251013222,false,"BEAUTY FORMULASתרחיץ פילינג ג'יג'ר כורכום 150מ""ל",,IL,פילינג ג'ינגר,מיליליטרים,150.00,"100 מ""ל",false,1,34.10,22.73,true,1,
5012251013239,false,"BEAUTY FORMULASמסכת חימר ג'ינג'ר כורכום 100מ""ל",,IL,מסיכת חימר ג'ינג,מיליליטרים,100.00,"100 מ""ל",false,1,34.10,34.10,true,1,
5012251013536,false,BEAUTY FORMULAS - ויטמין סי רטיות לעיניים 6 יחידות,,IL,רטיות לעיניים עם,יחידה,1.00,יחידה,false,1,25.50,25.50,true,1,
5013965948428,false,משחת שיניים פרו אקספרט לניקוי יסודי מנטה מעודן,פרוקטר אנד גמבל,DE,משחת אורל בי,מיליליטרים,75.00,"100 מ""ל",false,1,12.70,16.93,true,1,
5016221202548,false,פלקרס פלוסר מנטה אקולוגי,רניר-אומגה,CN,קיסם עם חוט-אקול,יחידה,1.00,יחידה,false,1,12.70,12.70,true,1,
5019090110037,false,כפיות גמישות מנצק'ין6יח,ב.ב.קשרים,CN,כפיות גמישות,יחידה,1.00,יחידה,false,1,34.10,34.10,true,1,
5019090121064,false,4 קערות 4+ מכסים2+כפיות,מנצ'קין,IL,4 קערות 4+ מכסים,יחידה,1.00,יחידה,false,1,55.40,55.40,true,1,
5019090124492,false,צלחת סמיילי עם כפית יח',מנצ'קין,IL,צלחת סמיילי,יחידה,1.00,יחידה,false,1,42.60,42.60,true,1,
5019090518604,false,כוס הפלא 360 - 296 מל עם מכסה- ירוקה,ב.ב.קשרים,CN,כוס הפלא 360,יחידה,1.00,יחידה,false,1,55.40,55.40,true,1,
5019090518611,false,כוס הפלא 360 עם ידית 207,מנצ'קין,IL,כוס הפלא 360,יחידה,1.00,יחידה,false,1,55.40,55.40,true,1,
5028763008786,false,WISDOM חוט דנטלי עם ידית,WISDOM,IL,WISDOM חוט דנטלי,יחידה,1.00,יחידה,false,0,17.00,17.00,true,1,
5029053039725,false,ממחטות נייר קלינקס נטורל פרש קופסה 72 דף,קימברלי קלארק,IL,קלינקס נטורל פרש,יחידה,1.00,יחידה,false,1,10.10,10.10,true,1,
5029053510811,false,קוטקס - תחבושות אולטרה נורמל + כנפיים 30 יח',קימברלי קלארק,CZ,תחבושות קוטקס,יחידה,1.00,יחידה,false,0,17.80,17.80,true,1,
5029053510828,false,קוטקס - תחבושות אולטרה סופר + כנפיים 22 יח',קימברלי קלארק,CZ,תחבושות קוטקס,יחידה,1.00,יחידה,false,0,17.80,17.80,true,1,
5029053523446,false,קוטקס - תחבושות אולטרה נייט + כנפיים 20 יח',קימברלי קלארק,CZ,תחבושות נייט קוט,יחידה,1.00,יחידה,false,0,17.80,17.80,true,1,
5029053527581,false,האגיס תחתון ספיגה 4-7 בנות דריי נייטס 10 יחידות,חוגלה קימברלי,CZ,10 תחתוני ספיגה,יחידה,1.00,יחידה,false,0,34.10,34.10,true,1,
5029053527598,false,תחתוני ספיגה בנים לתופעת הרטבת לילה 8-15 האגיס,חוגלה קימברלי,CZ,תחתוני ספיגה האג,יחידה,1.00,יחידה,false,0,34.10,34.10,true,1,
5029053534589,false,קוטקס טמפוני מיני B נורמל 32 יחידות,קימברלי קלארק,CZ,טמפוני קוטקס,יחידה,1.00,יחידה,false,0,24.70,24.70,true,1,
5029053534596,false,קוטקס טמפוני נורמל ללא מוליך 32 יח,קימברלי קלארק,CZ,טמפוני קוטקס,יחידה,1.00,יחידה,false,0,24.70,24.70,true,1,
5029053534602,false,קוטקס טמפוני סופר ללא מוליך 32 יח,קימברלי קלארק,CZ,טמפוני קוטקס,יחידה,1.00,יחידה,false,0,24.70,24.70,true,1,
5029053535210,false,טמפון קוטקס עם מוליך מיני 16 יח,קימברלי קלארק,CZ,טמפוני קוטקס,יחידה,1.00,יחידה,false,0,17.00,17.00,true,1,
5029053535227,false,קוטקס טמפון עם מוליך נורמל 16 יחידות,קימברלי קלארק,CZ,טמפוני קוטקס,יחידה,1.00,יחידה,false,0,17.00,17.00,true,1,
5029053535234,false,טמפון קוטקס עם מוליך סופר 16 יח,חוגלה קימברלי,CZ,טמפוני קוטקס,יחידה,1.00,יחידה,false,0,17.00,17.00,true,1,
5029053538426,false,בגד ים חד פעמי ליטל סווימרס 12-18kg L,חוגלה קימברלי,CZ,חיתולי האגיס,יחידה,1.00,יחידה,false,0,19.80,19.80,true,1,
5029053574158,false,האגיס פול אפס תח.גמילה לילה בנים 18 יחיד,KC צ'כיה,IL,האגיס גמילה בנים,יחידה,1.00,יחידה,false,1,46.00,46.00,true,1,
5029053576114,false,קלינקס גל ידיים היגייני 220 מל,חוגלה קימברלי,IT,ג'ל אלכוהול,מיליליטרים,220.00,"100 מ""ל",false,1,16.10,7.32,true,1,
5029053578309,false,קופסת ממחטות אולטרה סופט 48 דף קלינקס,קימברלי,IL,קלינקס אולטרה,יחידה,1.00,יחידה,false,1,6.70,6.70,true,1,
5029054220085,false,האגיס - מגבוני האגיס אקסטרה קר לא מבושם 56 יח' * 4,קימברלי קלארק,IL,מגבונים לרך נולד,יחידה,1.00,יחידה,false,1,23.80,23.80,true,1,
5045456191099,false,ברברי מיי א.אדט90,רבלון בישום,IL,ברברי מיי א.אדט,מיליליטרים,90.00,"100 מ""ל",false,0,403.40,448.22,true,1,
5045497416243,false,ברברי מיסט אדפ,רבלון בישום,IL,ברברי מיסט אדפ,מיליליטרים,100.00,"100 מ""ל",false,0,498.00,498.00,true,1,
5050456522736,false,"נינו 1881 צ'רוטי - א.ד.ט 100 מ""ל צ'רוטי 1881",,FR,צ'רוטי 1881 אשה,מיליליטרים,100.00,"100 מ""ל",false,1,144.40,144.40,true,1,
5060022302969,false,ספריי פיוריטי לשיזוף 200,ST.TROPEZ,GB,ספריי פיוריטי לש,מיליליטרים,200.00,"100 מ""ל",false,1,149.50,74.75,true,1,
5060022302976,false,"סן טרופה - סרום לשיזוף וטיפוח עור הפנים מועשר בויטמינים 50 מ""ל",ST.TROPEZ,GB,סרום פיוריטי לשי,מיליליטרים,50.00,"100 מ""ל",false,1,97.40,194.80,true,1,
5060062992557,false,לנסינו רפידות הנקה 66 יח,מדי-קיור,,רפידות הנקה,יחידה,1.00,יחידה,false,0,34.10,34.10,true,1,
5060062999754,false,זוג פטמות זרימה מהירה גי,ISRAEL INDIVIOR,IL,זוג פטמות זרימה,יחידה,1.00,יחידה,false,1,34.10,34.10,true,1,
5060103310029,false,"מולקולה 01 אדט יוניסקס 100 מ""ל - אסנטריק מולקולה",טרי מוגלר בישום,GB,molecule 01 לאשה,מיליליטרים,100.00,"100 מ""ל",false,1,298.20,298.20,true,1,
5060103310036,false,"מולקולה אסנטריק 02 100מ""ל",סולארוויו קוסמט,IL,מולקולה אסנטריק,מיליליטרים,100.00,"100 מ""ל",false,0,323.90,323.90,true,1,
5060103310043,false,"מולקולה מולק.02 100 מ""ל",טרי מוגלר בישום,GB,molecule 02,מיליליטרים,100.00,"100 מ""ל",false,1,306.80,306.80,true,1,
5060103310395,false,מולקולה 04 אדט 100מל,,IL,מולקולה 04 אדט י,מיליליטרים,100.00,"100 מ""ל",false,1,323.90,323.90,true,1,
5060103310678,false,"איריס מולקולה100 מ""ל",,FR,איריס אדט יוני,מיליליטרים,100.00,"100 מ""ל",false,0,341.00,341.00,true,1,
5060412110235,false,"אפרה לה מור אדפ יוניסקס 100 מ"" תומאס קוסמלה",,FR,אפרה לה מור אדפ,מיליליטרים,100.00,"100 מ""ל",false,1,511.90,511.90,true,1,
5060412110440,false,TK - NO.10 DESIRE DU COEUR (U) EDP 100ML,,US,דיזייר דו קור מס,מיליליטרים,100.00,"100 מ""ל",false,1,494.80,494.80,true,1,
5060420230239,false,בקבוק האכלה לתינוק 160 מ,ISRAEL INDIVIOR,IL,בקבוק האכלה לתינ,יחידה,1.00,יחידה,false,1,38.30,38.30,true,1,
5060426150678,false,"לאבלי אדפ 200 מ""ל",,IL,לאבלי אדפ,מיליליטרים,200.00,"100 מ""ל",false,1,135.80,67.90,true,1,
5060524510749,false,"פליי קול רונלדו 100 מ""ל",אלפא בישום,IL,פליי קול רונלדו,מיליליטרים,100.00,"100 מ""ל",false,1,161.50,161.50,true,1,
5060524510909,false,כריסטיאנו רונלדו גיים100,,FR,כריסטיאנו רונלדו,מיליליטרים,100.00,"100 מ""ל",false,1,161.50,161.50,true,1,
5060524511142,false,"רונאלדו אוריגינס 100 מ""ל",,IT,רונלדו אוריג'נס,מיליליטרים,100.00,"100 מ""ל",false,0,204.20,204.20,true,1,
5060524511272,false,מארז רונלדו פליי איט קול,עדן פרפיום,GB,רונלדו מארז,יחידה,1.00,יחידה,false,1,195.70,195.70,true,1,
5099864006377,false,תחליף חלב מהדרין שלב 1 סימילאק אדוונס 90,אבוט מעבדות רפואיות,ES,סימילאק שלב 1,גרמים,900.00,100 גרם,false,0,75.00,8.33,true,1,
5099864006384,false,סימילאק למהדרין שלב 2 אריזת חיסכון 900 ג.,אבוט מעבדות רפואיות,ES,סימילאק שלב 2,גרמים,900.00,100 גרם,false,0,75.00,8.33,true,1,
5201178026686,false,ניוואה תרסיס שמן שיזוף 200 מל SPF6,ביירסדורץ,DE,ניוואה סאן,מיליליטרים,200.00,"100 מ""ל",false,1,51.20,25.60,true,1,
5201178801030,false,"קרם רב שימושי ניוואה 75 מ""ל",ביירסדורץ,DE,קרם ניוואה,יחידה,1.00,יחידה,false,0,20.40,20.40,true,1,
5201178801047,false,"קרם לחות רב שימוש ניוואה 150 מ""ל",ביירסדורץ,DE,קרם לחות ניוואה,מיליליטרים,150.00,"100 מ""ל",false,0,21.20,14.13,true,1,
5201178801054,false,"קרם רב שימושי ניוואה 250 מ""ל",טרופיקל דגיל תעשיות,DE,ניוואה קרם לחות,מיליליטרים,250.00,"100 מ""ל",false,0,21.20,8.48,true,1,
5201347400545,false,רצועות שעווה מוכנות לשימוש לפנים ולאזורים רגישים,רקיט בנקיזר צרפת,FR,רצועות שעווה ויט,יחידה,1.00,יחידה,false,0,33.20,33.20,true,1,
5201583750411,false,זירו-סוכריות ללא סוכר בטעם לימון עם סטיב,איתן,GR,סוכריות זירו,גרמים,32.00,100 גרם,false,1,6.40,20.00,true,1,
5201583751111,false,זירו סוכריות ללא סוכר טעם אספרסו קרמי,איתן,GR,סוכריות זירו,גרמים,32.00,100 גרם,false,1,6.40,20.00,true,1,
5202300014557,false,וולהפלקס מוס אולטרה סטרונג 200 מל,פרוקטר & גמבל,DE,וולהפלקס מוס,מיליליטרים,200.00,"100 מ""ל",false,0,23.80,11.90,true,1,
5202300043007,false,צבע לשיער קולסטון - 7/7 חום שטני,פרוקטר אנד גמבל,DE,קולסטון שפופרת,יחידה,1.00,יחידה,false,0,22.10,22.10,true,1,
5202300043014,false,צבע לשיער קולסטון - 6/7 חום שוקולד,פרוקטר אנד גמבל,DE,קולסטון שפופרת,יחידה,1.00,יחידה,false,0,22.10,22.10,true,1,
5202300043144,false,צבע לשיער קולסטון - 9/0 בלונד בהיר מאוד,פרוקטר אנד גמבל,DE,קולסטון שפופרת,יחידה,1.00,יחידה,false,0,22.10,22.10,true,1,
5202300043151,false,צבע לשיער קולסטון - 8/0 בלונד בהיר,פרוקטר אנד גמבל,DE,קולסטון שפופרת,יחידה,1.00,יחידה,false,0,22.10,22.10,true,1,
5202300043175,false,צבע לשיער קולסטון - 6/0 בלונד כהה,פרוקטר אנד גמבל,DE,קולסטון שפופרת,יחידה,1.00,יחידה,false,0,22.10,22.10,true,1,
5202300043182,false,צבע לשיער קולסטון - 5/0 חום בהיר,פרוקטר אנד גמבל,DE,קולסטון שפופרת,יחידה,1.00,יחידה,false,0,22.10,22.10,true,1,
5202300043205,false,צבע לשיער קולסטון - 3/0 חום כהה,פרוקטר אנד גמבל,DE,קולסטון חום כהה,יחידה,1.00,יחידה,false,0,22.10,22.10,true,1,
5202300043212,false,צבע לשיער קולסטון - 2/0 שחור,פרוקטר אנד גמבל,DE,קולסטון שפופרת,יחידה,1.00,יחידה,false,0,22.10,22.10,true,1,
5202300043274,false,צבע לשיער קולסטון- 8/1 בלונד אפרפר בהיר,פרוקטר אנד גמבל,DE,קולסטון שפופרת,יחידה,1.00,יחידה,false,0,22.10,22.10,true,1,
5202300043281,false,צבע לשיער קולסטון - 7/1 בלונד אפרפר בינוני,פרוקטר אנד גמבל,DE,קולסטון שפורפרת,יחידה,1.00,יחידה,false,0,22.10,22.10,true,1,
5202300043403,false,צבע לשיער קולסטון - 5/4 חום ערמוני,פרוקטר אנד גמבל,DE,קולסטון שפורפרת,יחידה,1.00,יחידה,false,0,22.10,22.10,true,1,
5202300043434,false,צבע לשיער קולסטון - 7/73 בלונד אביב,פרוקטר אנד גמבל,DE,קולסטון שפופרת,יחידה,1.00,יחידה,false,0,22.10,22.10,true,1,
5202300043670,false,צבע לשיער קולסטון - 5/7 חום קפה,פרוקטר אנד גמבל,DE,קולסטון שפורפרת,יחידה,1.00,יחידה,false,0,22.10,22.10,true,1,
5391523057929,false,סימילאק גולד שלב 1 תרכובת מזון על בסיס חלב,אבוט מעבדות רפואיות,IE,סימילאק גולד,גרמים,700.00,100 גרם,false,1,59.70,8.53,true,1,
5391523057936,false,סימילאק גולד שלב 2 תרכובת מזון על בסיס חלב,אבוט מעבדות רפואיות,IE,סימילאק גולד,גרמים,700.00,100 גרם,false,1,59.70,8.53,true,1,
5391523057943,false,סימילאק גולד שלב 3 תרכובת מזון על בסיס חלב,אבוט מעבדות רפואיות,IE,סימילאק גולד,גרמים,700.00,100 גרם,false,1,59.70,8.53,true,1,
5391523058063,false,סימילאק אדבנס פלוס 1 תרכובת מזון על בסיס חלב,טרופיקל דגיל תעשיות,IE,סימילאק אדבנס,גרמים,700.00,100 גרם,false,1,55.40,7.91,true,1,
5391523058070,false,סימילאק אדבנס פלוס 3 תרכובת מזון על בסיס חלב,טרופיקל דגיל תעשיות,IE,סימילאק אדבנס,גרמים,700.00,100 גרם,false,1,55.40,7.91,true,1,
5391523058087,false,סימילאק אדבנס פלוס 2 תרכובת מזון על בסיס חלב,טרופיקל דגיל תעשיות,IE,סימילאק אדבנס,גרמים,700.00,100 גרם,false,1,55.40,7.91,true,1,
5410076854462,false,חוט דנטלי אורל בי 40 מטר 3D,פרוקטר & גמבל,IE,חוט דנטלי מנטה,מטרים,40.00,מטר,false,1,21.20,0.53,true,1,
5410091648176,false,"פה - דאודורנט רול און לאישה פינק פרדייס 50 מ""ל",שוורצקופף והנקל,DE,דאודורנט FA,מיליליטרים,50.00,"100 מ""ל",false,0,12.70,25.40,true,1,
5410091677992,false,"סאיוס - ספריי לשיער לייצוב מקסימלי 400 מ""ל",שוורצקופף והנקל,DE,ספרי עיצוב סאיוס,מיליליטרים,400.00,"100 מ""ל",false,0,40.90,10.23,true,1,
5410091678005,false,"סאיוס - ספריי לשיער ליצירת נפח 400 מ""ל",שוורצקוף,DE,ספרי עיצוב סאיוס,מיליליטרים,400.00,"100 מ""ל",false,0,40.90,10.23,true,1,
5410091678012,false,"ספריי לשיער סאיוס לברק ועיצוב 400 מ""ל",הנקל סוד,DE,ספרי עיצוב סאיוס,מיליליטרים,400.00,"100 מ""ל",false,0,40.90,10.23,true,1,
5410091678043,false,"סאיוס - מוס לשיער מתולתל 250 מ""ל",שוורצקוף,DE,מוס לעיצוב סאיוס,מיליליטרים,250.00,"100 מ""ל",false,0,30.60,12.24,true,1,
5410091708955,false,"סאיוס - ספריי לשיער קרטין 400 מ""ל",שוורצקופף והנקל,DE,ספרי עיצוב סאיוס,מיליליטרים,400.00,"100 מ""ל",false,0,40.90,10.23,true,1,
5410103161518,false,קרם יום עם פעולה משולשת לעור רגיל ומעורב,"לוריאל ישראל בע""מ",DE,קרם לחות,מיליליטרים,50.00,"100 מ""ל",false,0,42.60,85.20,true,1,
5410103161617,false,קרם יום עם פעולה משולשת Triple active לעור יבש ועדין,"לוריאל ישראל בע""מ",DE,קרם לחות עור יבש,מיליליטרים,50.00,"100 מ""ל",false,0,42.60,85.20,true,1,
5410126006087,false,עוגיות לוטוס ארוזות בתפזורת 700 גרם,לוטוס ביקרי נ.וי.,BE,ביסקוויט לוטוס,גרמים,700.00,100 גרם,false,0,18.70,2.67,true,1,
5601036205534,false,צבע לשיער אקסלנס קרם - 1 שחור,לוריאל Loreal,BE,צבע לשיער אקסלנס,יחידה,1.00,יחידה,false,0,29.80,29.80,true,1,
5601036205541,false,צבע לשיער אקסלנס קרם - 3 חום כהה מאוד,לוריאל Loreal,BE,צבע לשיער אקסלנס,יחידה,1.00,יחידה,false,0,29.80,29.80,true,1,
5601036205558,false,צבע לשיער אקסלנס קרם - 4 חום כהה,לוריאל Loreal,BE,צבע שיער אקסלנס,יחידה,1.00,יחידה,false,0,29.80,29.80,true,1,
5601036205589,false,צבע לשיער אקסלנס קרם - 5 חום טבעי,לוריאל Loreal,BE,צבע לשיער אקסלנס,יחידה,1.00,יחידה,false,0,29.80,29.80,true,1,
5601036205596,false,צבע לשיער אקסלנס קרם - 5.3 חום זהוב,לוריאל ישראל קוסמטיקס בע,BE,צבע לשיער אקסלנס,יחידה,1.00,יחידה,false,0,29.80,29.80,true,1,
5601036205602,false,צבע לשיער אקסלנס קרם - 5.5 חום מהגוני,לוריאל ישראל קוסמטיקס בע,BE,צבע לשיער אקסלנס,יחידה,1.00,יחידה,false,0,29.80,29.80,true,1,
5601036205626,false,צבע לשיער אקסלנס קרם - 6 בלונד כהה,לוריאל Loreal,BE,צבע שיער אקסלנס,יחידה,1.00,יחידה,false,0,29.80,29.80,true,1,
5601036205657,false,צבע לשיער אקסלנס קרם - 7 בלונד,לוריאל Loreal,BE,צבע לשיער אקסלנס,יחידה,1.00,יחידה,false,0,29.80,29.80,true,1,
5601036205664,false,לוריאל - אקסלנס קרם 7.1 בלונד טבעי אפרפר,ליברמו,BE,צבעי שיער אקסלנס,יחידה,1.00,יחידה,false,0,29.80,29.80,true,1,
5601036205671,false,לוריאל - אקסלנס קרם 7.3 בלונד זהוב,ליברמו,BE,צבע לשיער אקסלנס,יחידה,1.00,יחידה,false,0,29.80,29.80,true,1,
5601036205688,false,לוריאל - אקסלנס קרם 8 בלונד בהיר,ליברמו,BE,צבע לשיער אקסלנס,יחידה,1.00,יחידה,false,0,29.80,29.80,true,1,
5601036205695,false,לוריאל - אקסלנס קרם 8.1 בלונד בהיר אפרפר,ליברמו,BE,צבע שיער אקסלנס,יחידה,1.00,יחידה,false,0,29.80,29.80,true,1,
5601036205725,false,לוריאל - אקסלנס קרם 10 בלונד מאוד מאוד בהיר,לוריאל ישראל קוסמטיקס בע,BE,צבע שיער אקסלנס,יחידה,1.00,יחידה,false,0,29.80,29.80,true,1,
5601036206418,false,לוריאל - אקסלנס קרם 01בלונד אולטרה בהיר טבעי,ליברמו,BE,צבע לשיער אקסלנס,יחידה,1.00,יחידה,false,0,29.80,29.80,true,1,
5900017062419,false,"ניוואה - תחליב רחצה ורדים ושמן שקדים 750 מ""ל",ביירסדורף,DE,תחליב רחצה רוז,מיליליטרים,750.00,"100 מ""ל",false,1,17.80,2.37,true,1,
5900627027020,false,"ויט קרם להסרת שיער בזמן מקלחת לעור רגיל 150 מ""ל",רקיט בנקיזר צרפת,IL,קרם להסרת שיער,מיליליטרים,150.00,"100 מ""ל",false,0,44.30,29.53,true,1,
5901414200411,false,בלזן היט מיני ביסקוויט סנדוויץ' עם מילוי קרם בטעם שוקולד 130 גרם,ליימן שליסל,PL,היט מיניס שוקו,גרמים,130.00,100 גרם,false,0,5.50,4.23,true,1,
5901887001737,false,"קרם פנים ליום 50 מ""ל",,PL,קרם פנים ליום,מיליליטרים,50.00,"100 מ""ל",false,1,17.00,34.00,true,1,
5901887001744,false,"קרם עיניים 15 מ""ל",,PL,קרם עיניים,מיליליטרים,15.00,"100 מ""ל",false,1,12.70,84.67,true,1,
5901887001751,false,"טונר ניקוי לפנים 200 מ""ל",,PL,טונר ניקוי לפנים,מיליליטרים,200.00,"100 מ""ל",false,1,15.30,7.65,true,1,
5901887010326,false,"קרם פנים לילה 50 מ""ל",,PL,קרם פנים לילה,מיליליטרים,50.00,"100 מ""ל",false,1,17.00,34.00,true,1,
5901887010593,false,קרם ידיים וציפורניים 80,,PL,קרם ידיים וציפור,מיליליטרים,80.00,"100 מ""ל",false,1,10.10,12.63,true,1,
5901887018223,false,קרם גוף חלב עיזים 400 מל,,PL,קרם גוף חלב עיזי,מיליליטרים,400.00,"100 מ""ל",false,1,18.70,4.68,true,1,
5901887018230,false,חמאת גוף חלב עיזים 200 מ,,PL,חמאת גוף חלב עיז,מיליליטרים,200.00,"100 מ""ל",false,1,21.20,10.60,true,1,
5901887026778,false,יסמין קרם יום לגיל +50,,PL,יסמין קרם יום,מיליליטרים,30.00,"100 מ""ל",false,1,21.20,70.67,true,1,
5901887026792,false,יסמין סרום לגיל +50 30 מ,,PL,יסמין סרום לגיל,מיליליטרים,30.00,"100 מ""ל",false,1,21.20,70.67,true,1,
5901887026808,false,יסמין ק.עיניים15מ גיל+50,,PL,יסמין ק.עיניים,מיליליטרים,15.00,"100 מ""ל",false,1,18.70,124.67,true,1,
5901887029649,false,מנוקה מי פנים מטהרים 200,,PL,מנוקה מי פנים,מיליליטרים,200.00,"100 מ""ל",false,1,13.50,6.75,true,1,
5901887029656,false,מנוקה גל ניקוי פנים200מל,,PL,מנוקה ג'ל לניקוי,מיליליטרים,200.00,"100 מ""ל",false,1,16.10,8.05,true,1,
5901887029663,false,"manuka קרם יום 50 מ""ל",,PL,manuka קרם יום,מיליליטרים,50.00,"100 מ""ל",false,1,17.00,34.00,true,1,
5901887029670,false,"מנוקה קרם לילה 50 מ""ל",,PL,מנוקה קרם לילה,יחידה,1.00,יחידה,false,1,17.00,17.00,true,1,
5901887029687,false,מנוקה משחת פילינג לניקוי,,PL,מנוקה משחת פילינ,מיליליטרים,75.00,"100 מ""ל",false,1,17.00,22.67,true,1,
5901887043751,false,"סרום ממריץ ומחליק 50 מ""ל",,PL,סרום ממריץ ומחלי,מיליליטרים,50.00,"100 מ""ל",false,1,21.20,42.40,true,1,
5901887043768,false,"תרחיץ ג'ל לפנים 200 מ""ל",,PL,תרחיץ ג'ל לפנים,מיליליטרים,200.00,"100 מ""ל",false,1,12.70,6.35,true,1,
5901887043775,false,פיליניג פנים וצוואר,,PL,פיליניג פנים וצו,מיליליטרים,75.00,"100 מ""ל",false,1,17.00,22.67,true,1,
5901887043782,false,"מיקרו פילינג לפנים 75 מ""",,PL,מיקרו פילינג לפנ,מיליליטרים,75.00,"100 מ""ל",false,1,12.70,16.93,true,1,
5901888020508,false,FREEYU חטיף דגנים עם קינואה בטעם צ'ילי 70 גרם,דנשר,PL,חטיף קינואה,גרמים,70.00,100 גרם,false,1,12.70,18.14,true,1,
5902198160403,false,XL משקה אנרגיה מוגז ללא סוכר עד 10 קלוריות לפחית 250 מל,"טמפו משקאות בע""\מ",IL,משקה אנרגיה,מיליליטרים,250.00,"100 מ""ל",false,1,5.00,2.00,true,1,
5902503695781,false,תיק חג שחור לוריאל,,CN,תיק חג שחור,יחידה,1.00,יחידה,false,1,17.00,17.00,true,1,
5902503695804,false,תיק חג אדום לוריאל,,CN,תיק חג אדום,יחידה,1.00,יחידה,false,1,17.00,17.00,true,1,
5905076063742,false,תיק רנרג'י נובמבר-דצמבר,לנקום,FR,תיק רנרג'י נובמ,יחידה,1.00,יחידה,false,1,50.40,50.40,true,1,
5906485301012,false,"משקה אנרגיה XL פחית 250 מ""ל","טמפו משקאות בע""מ",IL,משקה אנרגיה XL,מיליליטרים,250.00,"100 מ""ל",false,0,5.00,2.00,true,1,
5907245715414,false,תיק מתנה יולי-אוקטובר 22,לנקום,FR,תיק מתנה יולי-או,יחידה,1.00,יחידה,false,1,50.40,50.40,true,1,
5907245795133,false,תיק רחצה מתנה לנקום חג,לנקום בישום,CN,תיק רחצה מתנה חג,יחידה,1.00,יחידה,false,1,42.60,42.60,true,1,
5949152110821,false,"איירוויק מבשם אוויר ומנטרל ריחות – לילות לבנים 237 מ""ל",רקיט בנקיזר,PL,איירוויק יסמין,מיליליטרים,237.00,"100 מ""ל",false,1,11.00,4.64,true,1,
5949152110838,false,"איירוויק מבשם אוויר ומנטרל ריחות - גשמים סגולים 237 מ""ל",רקיט בנקיזר,PL,איירוויק לבנדר,מיליליטרים,237.00,"100 מ""ל",false,1,11.00,4.64,true,1,
5997321770307,false,ויט רצועות שעווה מוכנות לעור רגיש 12 יחידות,רקיט בנקיזר צרפת,FR,ויט רצעות,יחידה,1.00,יחידה,false,1,33.20,33.20,true,1,
6001067017523,false,מברשת שיניים קולגייט לילדים מגיל חמש 1 יחידה,יבואן ומשווק: ש. שסט,CN,מברשת שיניים,יחידה,1.00,יחידה,false,0,9.30,9.30,true,1,
6001067018049,false,קולגייט ילדים 2-5מברשת שיניים,קולגייט-פלמוליב,VN,מברשת קולגייט,יחידה,1.00,יחידה,false,0,9.30,9.30,true,1,
6001159112112,false,שמן לטיפול בריכוך צלקות,דנשר,ZA,Oil Bio שמן,מיליליטרים,60.00,"100 מ""ל",false,0,58.90,98.17,true,1,
6001159112129,false,שמן לטיפול בריכוך צלקות,דנשר,ZA,Oil Bio שמן,מיליליטרים,125.00,"100 מ""ל",false,0,101.60,81.28,true,1,
6085010044712,false,"קלאב דה נויט אינטנס ארמאף - א.ד.ט 105 מ""ל",פרפיום קוסמטיקס,FR,NUIT DE CLUB,מיליליטרים,105.00,"100 מ""ל",false,1,110.20,104.95,true,1,
6085010094151,false,"קלאב דה נואיט Club De Nuit א.ד.פ לאישה 105 מ""ל",ארמף Armaf,FR,nuit de club א.ד,מיליליטרים,105.00,"100 מ""ל",false,1,84.60,80.57,true,1,
6291100130122,false,"אמבר אוד גולד אדישן אדפ אל חרמין 100 מ""ל",,AE,אמבר אוד גולד אד,מיליליטרים,100.00,"100 מ""ל",false,1,212.80,212.80,true,1,
6291100130153,false,"אמבר אוד בלו אדישן אדפ לגבר 60 מ""ל אל חרמיין",,AE,אמבר אוד בלו אדי,מיליליטרים,60.00,"100 מ""ל",false,1,212.80,354.66,true,1,
6291100130160,false,אמבר אוד קרבון אדישן100מ,,AE,אמבר אוד קרבון א,מיליליטרים,100.00,"100 מ""ל",false,1,255.50,255.50,true,1,
6291100130177,false,"חייאתי ספריי אדפ יוניסקס 100 מ""ל NEW",,AE,Spray Hayati א.ד,מיליליטרים,100.00,"100 מ""ל",false,1,306.80,306.80,true,1,
6291100131587,false,אמבר אוד גולד אדישן אדפ,,AE,אמבר אוד גולד אד,מיליליטרים,200.00,"100 מ""ל",false,1,255.50,127.75,true,1,
6291107450193,false,לטאפה חייאתי אדפ לגבר 100 מל,LATTAFA,AE,לטאפה חייאתי אדפ,מיליליטרים,100.00,"100 מ""ל",false,1,84.60,84.60,true,1,
6291107455365,false,וויד אל פורסן אדפ גבר 90,LATTAFA,AE,וויד אל פורסן אד,מיליליטרים,90.00,"100 מ""ל",false,1,84.60,94.00,true,1,
6291107456041,false,לטאפה פאקר אדפ לאישה 100,LATTAFA,AE,לטאפה פאקר אדפ א,מיליליטרים,100.00,"100 מ""ל",false,1,101.70,101.70,true,1,
6291107456058,false,לטאפה פאקר אדפ לגבר 100,LATTAFA,AE,לטאפה פאקר אדפ ג,מיליליטרים,100.00,"100 מ""ל",false,1,101.70,101.70,true,1,
6291108730515,false,לטאפה יארה אדפ לאישה 100,LATTAFA,AE,לטאפה יארה אדפ א,מיליליטרים,100.00,"100 מ""ל",false,1,84.60,84.60,true,1,
6294015102642,false,"ארמאף קלאב דה נויט אורבן מן - א.ד.פ 105 מ""ל",,AE,קלאב דה נואי אור,מיליליטרים,105.00,"100 מ""ל",false,1,101.70,96.85,true,1,
6294015131024,false,"קלאב דה נואי אינסט אדפ לגבר 200 מ""ל-אראמף",,IL,קלאב דה נואי אינ,מיליליטרים,200.00,"100 מ""ל",false,1,187.10,93.55,true,1,
6294015132120,false,"קלאב דה נואי MILESTONE אדפ 105 מ""ל",,SA,קלאב דה נואי מיל,מיליליטרים,105.00,"100 מ""ל",false,1,127.30,121.24,true,1,
6294015136470,false,קלאב דה נואי סילאג' 100מ,,FR,Sil Nuit De Club,מיליליטרים,100.00,"100 מ""ל",false,1,135.90,135.90,true,1,
6295124030246,false,סאפיל באונד אדט,,AE,סאפיל באונד אדט,יחידה,1.00,יחידה,false,0,50.40,50.40,true,1,
6295124030314,false,"ספיל אינטנס לאישה - א.ד.פ 100 מ""ל",,FR,סאפיל אינטנס אדפ,מיליליטרים,100.00,"100 מ""ל",false,1,50.40,50.40,true,1,
6295124030369,false,rave Sapil אדט גבר100מל,,AE,rave Sapil אדט ל,מיליליטרים,100.00,"100 מ""ל",false,1,41.80,41.80,true,1,
6300020152333,false,"קאלטאט נייט אדפ 100 מ""ל",,AE,קאלטאט נייט אדפ,יחידה,1.00,יחידה,false,1,315.30,315.30,true,1,
6300020152357,false,"אטאר קולקשיין מאסק קשמיר א.ד.פ 100 מ""ל Attar Collection Musk Kashmir",,AE,מאסק קשמיר אדפ,מיליליטרים,100.00,"100 מ""ל",false,1,315.30,315.30,true,1,
6390902022205,false,love crystal אדפ אשה100מ,,AE,love crystal א.ד,מיליליטרים,100.00,"100 מ""ל",false,1,315.30,315.30,true,1,
6937266700785,false,שיק אינטואישן סנסיטיב נשים סכיני גילוח*3,שסטוביץ,CN,שיק 3 סכינים,יחידה,1.00,יחידה,false,1,32.30,32.30,true,1,
6937266703472,false,שיק היידרו 5 סילק סכינים רביעייה,ארץ ייצור סכינים: ארהבn\,CN,שיק היידרו סילק,יחידה,1.00,יחידה,false,1,46.90,46.90,true,1,
7038513866304,false,גורדן מברשת בייבי T50 סופט סטפ בי סטפ,ג'ורדן Jordan,MY,מברשת שיניים,יחידה,1.00,יחידה,false,0,12.70,12.70,true,1,
7038513909117,false,גורדן קסמי שיניים פלואוריד/מינט אקסטרה ט,ג'ורדן,MY,קיסמי שיניים,יחידה,1.00,יחידה,false,0,19.00,19.00,true,1,
7038516140357,false,מברשת שיניים ג'ורדן טוטל סופט מארז 4 יחידות,מיוצר במלזיה עבור ג',NO,מברשת שיניים,יחידה,1.00,יחידה,false,0,8.50,8.50,true,1,
7038516860002,false,ג'ורדן מנקה לשון,ג'ורדן,IL,ג'ורדן מנקה לשון,יחידה,1.00,יחידה,false,0,16.10,16.10,true,1,
7046110030608,false,גורדן זוג מברשות שיניים טרגט סנסיטיב,דנטלון,MY,מארז זוג מברשות,יחידה,1.00,יחידה,false,1,20.50,20.50,true,1,
7046110055533,false,גורדן מברשת חשמלית קלין סמייל - שחור,דנטלון,NO,מברשת חשמלית קלי,יחידה,1.00,יחידה,false,1,76.80,76.80,true,1,
7046110064016,false,ג'ורדן מארז זוג מברשת שיניים לילדים מגיל 3-5,דנטלון,MY,מברשות שיניים,יחידה,1.00,יחידה,false,0,17.00,17.00,true,1,
7046110064047,false,מארז זוג מברשת שיניים ג'ורדן ילדים 6-9,ג'ורדן,MY,מברשות שיניים,יחידה,1.00,יחידה,false,0,17.00,17.00,true,1,
7046110064139,false,ג'ורדן מ.שיניים אינדיבידואל ריץ מארז זוג,דנטלון,MY,מברשות שיניים,יחידה,1.00,יחידה,false,0,24.70,24.70,true,1,
7046110064535,false,מארז זוג מברשת שיניים ג'ורדן ילדים 0-2,ג'ורדן Jordan,MY,מברשות שיניים,יחידה,1.00,יחידה,false,0,17.00,17.00,true,1,
7046110065945,false,גורדן מברשת אינטרדנטל פלקטרום CONE 10 יח,ג'ורדן,IL,XS מברשת אינטרדנ,יחידה,1.00,יחידה,false,0,34.10,34.10,true,1,
7046110066034,false,גורדן מברשת אינטרדנטל פלקטרום MICRO 10יח,ג'ורדן,IL,Mמ.שיניים ג'ורדן,יחידה,1.00,יחידה,false,0,34.10,34.10,true,1,
7046110066065,false,גורדן מברשת אינטרדנטל פלקטרום MIDI,ג'ורדן,IL,L מ.שיניים ג'ורד,יחידה,1.00,יחידה,false,0,34.10,34.10,true,1,
7046110066096,false,גורדן מברשת אינטרדנטל פלקטרום MINI 10 יח,ג'ורדן,IL,Sמ.שיניים ג'ורדן,יחידה,1.00,יחידה,false,0,34.10,34.10,true,1,
7046110069868,false,גורדן מברשת שיניים לילדים 9+ SMILE,ג'ורדן,IL,ג'ורדן מברשות שנ,יחידה,1.00,יחידה,false,0,12.70,12.70,true,1,
7046110070192,false,גורדן שלישייה מברשות שיניים קלין סמייל,דנטלון,MY,3 מברשות שיניים,יחידה,1.00,יחידה,false,0,8.50,8.50,true,1,
7046110075562,false,גורדן משחת שיניים לשיניים קבועות 50 מל,דנטלון,SE,משחת שיניים,מיליליטרים,50.00,"100 מ""ל",false,1,10.10,20.20,true,1,
7290000065557,false,אוסם - מנה חמה קוסקוס עם ירקות 84 גרם,"אסם תעשיות מזון בע""מ",IL,מנה חמה קוסקוס,גרמים,84.00,100 גרם,false,0,6.70,7.98,true,1,
7290000066141,false,ביסלי חטיף בטעם גריל אסם 70 גרם,"אסם השקעות בע""\מ",IL,ביסלי גריל,גרמים,70.00,100 גרם,false,0,5.00,7.14,true,1,
7290000066264,false,דובונים חטיף תפוחי אדמה אסם 40 גרם,"אסם השקעות בע""\מ",IL,חטיפי דובונים,גרמים,40.00,100 גרם,false,0,4.50,11.25,true,1,
7290000066295,false,במבה מתוקה מחומרים טבעיים 30 גרם,מיוצר עי קונדיטוריית,IL,במבה מתוקה,גרמים,30.00,100 גרם,false,0,2.40,8.00,true,1,
7290000066318,false,במבה חטיף בוטנים אסם 80 גרם,"אסם השקעות בע""\מ",IL,במבה,גרמים,80.00,100 גרם,false,0,5.90,7.38,true,1,
7290000066332,false,אפרופו חטיף תירס אסם 50 גרם,מיוצר עי קונדיטוריית,IL,חטיף אפרופו,גרמים,50.00,100 גרם,false,0,5.90,11.80,true,1,
7290000066431,false,פופקו חטיף פופקורן בטעם חמאה ודבש אסם 80 גרם,מיוצר עי קונדיטוריית,IL,חטיף פופקו,גרמים,80.00,100 גרם,false,0,6.70,8.38,true,1,
7290000067599,false,מנה חמה ספגטי ברוטב בולונז אסם 65 גרם,"אסם השקעות בע""\מ",IL,מנה חמה בולונז,גרמים,65.00,100 גרם,false,0,6.70,10.31,true,1,
7290000072753,false,קפה נמס מגורען טסטרס צ'ויס 200 גרם-,נסטלה קוריאה - קפה,KR,קפה טסטרס צ'ויס,גרמים,200.00,100 גרם,false,0,29.80,14.90,true,1,
7290000073750,false,מנה חמה נודלס אטר+ירקות טעם עוף 70 גרם,PUB FOODS PRESIDENT THAI,TH,מנה חמה נודלס,גרמים,70.00,100 גרם,false,0,6.70,9.57,true,1,
7290000073767,false,מנה חמה נודלס אטר.+ירקות טעם בקר 70 גרם,PUB FOODS PRESIDENT THAI,TH,מנה חמה נודלס,גרמים,70.00,100 גרם,false,0,6.70,9.57,true,1,
7290000135045,false,"XL TEN משקה אנרגיה פתוח ללא סוכר 250 מ""ל","טמפו משקאות בע""\מ",IL,TEN XL בטעם תפוח,מיליליטרים,250.00,"100 מ""ל",false,1,5.00,2.00,true,1,
7290000135113,false,משקה אנרגיה XL TEN ללא סוכר בטעם נענע ליים,"טמפו משקאות בע""\מ",IL,TEN XL נענע ליים,מיליליטרים,250.00,"100 מ""ל",false,1,5.00,2.00,true,1,
7290000135151,false,"טמפו סודה למון ליים בקבוק 250 מ""ל",טמפו משקאות בעמ,IL,סודה בנגיעות למו,מיליליטרים,275.00,"100 מ""ל",false,1,3.20,1.16,true,1,
7290000146645,false,הוואי - סבון מוצק שחור מסתורי 100 גרם רביעייה,טרופיקל דגיל קוסמטיק,IL,סבון הוואי 4 יח,גרמים,400.00,100 גרם,false,0,11.80,2.95,true,1,
7290000146669,false,הוואי - סבון מוצק שמיים כחולים 100 גרם רביעייה,טרופיקל דגיל קוסמטיק,IL,סבון הוואי 4 יח,גרמים,400.00,100 גרם,false,0,11.80,2.95,true,1,
7290000146928,false,"משחת שיניים לילדים בטעם ענבים טום וג'רי 50 מ""ל",טרופיקל דגיל קוסמטיק,IL,משחת טום וג'רי,מיליליטרים,50.00,"100 מ""ל",false,0,8.00,16.00,true,1,
7290000146997,false,משחת שיניים לילדים מסטיק טום וג'רי 50 מל,טרופיקל דגיל קוסמטיק,IL,משחת טום וג'רי,מיליליטרים,50.00,"100 מ""ל",false,0,8.00,16.00,true,1,
7290000149615,false,רביעיית סבון מוצק קלאסי לתינוק נקה 7 4*100 גרם,גליל כימיקלים בעממשו,IL,נקה 7 סבון 4 יח,גרמים,400.00,100 גרם,false,0,12.70,3.18,true,1,
7290000178707,false,תפוצ'יפס בטעם טבעי 50 גרם,"שטראוס פריטו ליי בע""\מ )",IL,חטיף תפוצ'יפס,גרמים,50.00,100 גרם,false,0,4.10,8.20,true,1,
7290000186030,false,מארז רביעייה מגבוני בתחליב וויטמין E האגיס,קימברלי קלארק,IL,מגבונים עם תחליב,יחידה,1.00,יחידה,false,0,23.80,23.80,true,1,
7290000188553,false,קוטקס מגן תחתון יאנג ביג 60 יחידות,קימברלי קלארק,CN,מגן תחתון קוטקס,יחידה,1.00,יחידה,false,0,17.80,17.80,true,1,
7290000188591,false,קוטקס מגן תחתון יאנג ביג 60 יחידות,קימברלי קלארק,CN,מגן תחתון קוטקס,יחידה,1.00,יחידה,false,0,17.80,17.80,true,1,
7290000191225,false,חיתולים ליטל בייביז מידה 2 האגיס 46 יחידות,קימברלי קלארק שיווק,IL,האגיס ליטל בייבי,יחידה,1.00,יחידה,false,1,24.80,24.80,true,1,
7290000191539,false,חמישיית ממחטות טישו צבועני לילי 100 יחידות,חוגלה קימברלי,IL,מגבוני לילי 90*5,יחידה,1.00,יחידה,false,0,17.00,17.00,true,1,
7290000191645,false,"חיתולים האגיס ליטל בייביס ניו בורן שלב 1 עד 4 ק""ג",קימברלי קלארק ארהב,US,חיתולי האגיס,יחידה,1.00,יחידה,false,0,24.80,24.80,true,1,
7290000191652,false,שלישיית ממחטות אולטרה סופט קלינקס 90 יחידות,חוגלה קימברלי,IL,קלינקס מעוצב 3יח,יחידה,1.00,יחידה,false,0,11.00,11.00,true,1,
7290000193083,false,נובה-לי תחבושות היגייניות לילי 28 יחידות,חוגלה קימברלי,CZ,תחבושות נובה לי,יחידה,1.00,יחידה,false,0,8.40,8.40,true,1,
7290000193205,false,תחבושות עם כנפיים ללילה נטורל לילי 20 יחידות,חוגלה קימברלי,BE,תחבושות לילי,יחידה,1.00,יחידה,false,0,12.70,12.70,true,1,
7290000193472,false,מגן תחתון נטורל נורמל לילי 60 יחידות,חוגלה קימברלי,ES,פדיות לילי,יחידה,1.00,יחידה,false,0,12.70,12.70,true,1,
7290000193540,false,מגן תחתון לונג נטורל לילי 52 יחידות,חוגלה קימברלי,ES,פדיות לילי,יחידה,1.00,יחידה,false,0,12.70,12.70,true,1,
7290000193618,false,לילי אינטימייט מגן תחתון נורמל 24 יח',חוגלה קימברלי,ES,פדיות לילי נטורל,יחידה,1.00,יחידה,false,0,12.70,12.70,true,1,
7290000193649,false,תחבושות עם כנפיים נורמל פלוס לילי 24 יחידות,חוגלה קימברלי,ES,תחבושות לילי,יחידה,1.00,יחידה,false,0,12.70,12.70,true,1,
7290000193656,false,תחבושות עם כנפיים סופר פלוס לילי 24 יחידות,חוגלה קימברלי,ES,תחבושות לילי,יחידה,1.00,יחידה,false,0,12.70,12.70,true,1,
7290000194288,false,משטח החתלה האגיס 10 יחידות,חוגלה קימברלי,BE,משטח החתלה האגיס,יחידה,1.00,יחידה,false,0,17.00,17.00,true,1,
7290000195537,false,האגיס - מגבוני האגיס דיילי קר לא מבושם 64 יח' * 4,חוגלה קימברלי,IL,מגבונים האגיס 4י,יחידה,1.00,יחידה,false,0,16.80,16.80,true,1,
7290000195773,false,האגיס - מגבוני האגיס סנסטיב קר לא מבושם 64 יח' * 4,חוגלה קימברלי,IL,מגבונים האגיס 4י,יחידה,1.00,יחידה,false,0,16.80,16.80,true,1,
7290000197425,false,חיתולים פרידום דריי שלב 3 האגיס 52 יחידות,קימברלי קלארק ישראל,IL,חיתולי האגיס,יחידה,1.00,יחידה,false,0,26.80,26.80,true,1,
7290000197456,false,חיתולים פרידום דריי שלב 4 האגיס 44 יחידות,קימברלי קלארק ישראל,IL,חיתולי האגיס,יחידה,1.00,יחידה,false,0,26.80,26.80,true,1,
7290000197463,false,חיתולים פרידום דריי שלב +4 האגיס 40 יחידות,קימברלי קלארק ישראל,IL,חיתולי האגיס,יחידה,1.00,יחידה,false,0,26.80,26.80,true,1,
7290000197548,false,חיתולים פרידום דריי שלב 5 האגיס 36 יחידות,קימברלי קלארק ישראל,IL,חיתולי האגיס,יחידה,1.00,יחידה,false,0,26.80,26.80,true,1,
7290000197678,false,חיתולי האגיס פרידום דריי שלב 6 30 יחידות,קימברלי קלארק ישראל,IL,חיתולי האגיס,יחידה,1.00,יחידה,false,0,26.80,26.80,true,1,
7290000197883,false,תבנית אלומיניום 100 גדולה ניקול 4 יחידות,חוגלה קימברלי,CN,תבניות אלומיניום,יחידה,1.00,יחידה,false,0,8.40,8.40,true,1,
7290000199313,false,קוטקס יאנג תחבושות עם כנפיים נורמל חדש30,חוגלה קימברלי,CZ,קוטקס תחבושות,יחידה,1.00,יחידה,false,0,17.80,17.80,true,1,
7290000201818,false,טיטולים פרימיום שלב 2 64 יחידות,חוגלה קימברלי,IL,טיטולים פרימיום,יחידה,1.00,יחידה,false,1,28.90,28.90,true,1,
7290000201832,false,טיטולים פרימיום שלב 3 50 יחידות,חוגלה קימברלי,IL,טיטולים פרימיום,יחידה,1.00,יחידה,false,1,28.90,28.90,true,1,
7290000201849,false,טיטולים פרימיום שלב 4 42 יח' (8-14),חוגלה קימברלי,IL,טיטולים פרימיום,יחידה,1.00,יחידה,false,1,28.90,28.90,true,1,
7290000201856,false,טיטולים פרימיום שלב4+ 38 יחידות .,חוגלה קימברלי,IL,טיטולים פרימיום,יחידה,1.00,יחידה,false,1,28.90,28.90,true,1,
7290000201863,false,טיטולים פרימיום שלב 5 34 יחידות,חוגלה קימברלי,IL,טיטולים פרימיום,יחידה,1.00,יחידה,false,1,28.90,28.90,true,1,
7290000201870,false,טיטולים פרימיום שלב 6 30 יחידות,חוגלה קימברלי,IL,טיטולים פרימיום,יחידה,1.00,יחידה,false,1,28.90,28.90,true,1,
7290000205762,false,חיתולי האגיס אקסטרה קר מידה 3 48 יחידות,חוגלה קימברלי,IL,חיתולי האגיס,יחידה,1.00,יחידה,false,1,29.80,29.80,true,1,
7290000205915,false,חיתולי האגיס אקסטרה קייר מידה 4 40 יחידות,חוגלה קימברלי,IL,חיתולי האגיס,יחידה,1.00,יחידה,false,1,29.80,29.80,true,1,
7290000244143,false,"הוואי - קרם לאחר גילוח 120 מ""ל",טרופיקל דגיל קוסמטיק,IL,קרם לאחר גילוח,גרמים,120.00,100 גרם,false,0,17.00,14.17,true,1,
7290000244761,false,"קרם ידיים ולווטה 100 מ""ל",טרופיקל דגיל קוסמטיק,IL,קרם ידיים ולווטה,מיליליטרים,100.00,"100 מ""ל",false,0,8.00,8.00,true,1,
7290000262413,false,חיתולי האגיס אקסטרה קייר מידה 5 34 יחידות,חוגלה קימברלי,IL,חיתולי האגיס,יחידה,1.00,יחידה,false,1,29.80,29.80,true,1,
7290000263359,false,חיתולים ליטל בייביז מידה 1 האגיס 40 יחידות,קימברלי קלארק שיווק,IL,חיתולי האגיס,יחידה,1.00,יחידה,false,0,24.80,24.80,true,1,
7290000288413,false,סנו-די דוחה יתושים כדורי סנו 50 גרם,גוד פוד פרודקטס S.p,IL,סנו די כדורי,מיליליטרים,50.00,"100 מ""ל",false,0,18.70,37.40,true,1,
7290000288727,false,סנו מקסימה אבקת כביסה מאסק מילוי 1.25,קריות זול,IL,אבקת כביסה,קילוגרמים,1.25,"ק""ג",false,0,11.00,8.80,true,1,
7290000289595,false,"אורביטול משחת שיניים לילדים בטעם תות שדה 145 מ""ל",טרופיקל דגיל תעשיות קוסמ,IL,משחת שיניים,גרמים,145.00,100 גרם,false,0,10.10,6.97,true,1,
7290000292687,false,סנובון מוצק לניקוי אסלה קלאסיק כחול סנו 3 יחידות,מיוצר עי קונדיטוריית,IL,סנובון כחול 3 יח,גרמים,165.00,100 גרם,false,0,11.80,7.15,true,1,
7290000293820,false,"קרמה מן שמפו וג'ל גל רחצה אקטיב בלוק 700מ""ל",קוסמופארם בעמ,IL,שמפו וג'ל רחצה,מיליליטרים,700.00,"100 מ""ל",false,1,19.50,2.79,true,1,
7290000420325,false,"פופסטאר פופקורן למקירוגל בטעם טבעי 5 שקיות,500 גרם",פרסטון פארמס,US,פופקורן למיקרו,גרמים,500.00,100 גרם,false,0,15.30,3.06,true,1,
7290000442044,false,פמינה תחליב רחצה אינטימי חמוציות 220 מל,פמינה,IL,פמינה חמוציות,מיליליטרים,220.00,"100 מ""ל",false,0,25.50,11.59,true,1,
7290000442310,false,טפטפים בייביסקין משחה לטוסיק מבושם 100,"רצט שקיים בע""מ",IL,בייביסקין משחה,גרמים,100.00,100 גרם,false,0,14.40,14.40,true,1,
7290000518336,false,ממתק צמר גפן מתוק מסיבים תזונתיים,מתוק וקל בעמ,IL,צמר גפן מתוק,גרמים,10.00,100 גרם,false,1,5.00,50.00,true,1,
7290000560021,false,אדג' ג'ל ורוד נגד חתכים 198ג',המאפיה של הרמן,US,ג'ל גילוח אדג',גרמים,198.00,100 גרם,false,0,16.00,8.08,true,1,
7290000560533,false,אדג' ג'ל גילוח ירוק לעור רגיל 198גרם,אס.סי ג'ונסון ובניו,US,אדג' ג'ל לגילוח,גרמים,198.00,100 גרם,false,0,16.00,8.08,true,1,
7290000560540,false,אדג' ג'ל גילוח כתום לעור רגיש 198גרם,המאפיה של הרמן,US,אדג' ג'ל לגילוח,גרמים,198.00,100 גרם,false,0,16.00,8.08,true,1,
7290000679631,false,"ד""ר פישר - קמיל בלו קלאסיק 500 מ""ל",פישר מעבדות פרמצבטיות בע,IL,קמיל בלו אלסבון,מיליליטרים,500.00,"100 מ""ל",false,0,14.40,2.88,true,1,
7290000689180,false,בליסטקס שפתון-סטיק מנטה,מדיליין פריגו,IL,בליסטיק סטיק,יחידה,1.00,יחידה,false,0,8.40,8.40,true,1,
7290000803067,false,"משחת שיניים לילדים גילאים 6-2 אלמקס 75 מ""ל",הנסיך- מפעל לייצור ט,PL,משחת שיניים,מיליליטרים,75.00,"100 מ""ל",false,0,15.30,20.40,true,1,
7290000803180,false,מרידול מי פהשטיפה דנטלית 400 מל,קולגייט פלמוליב,CH,שטיפה מרידול,מיליליטרים,400.00,"100 מ""ל",false,0,25.50,6.38,true,1,
7290000849478,false,"סרקל מרכך לילדים מכיל רוזמרין 500 מ""ל",פישר מעבדות פרמצבטיות בע,IL,מרכך שיער סרקל,מיליליטרים,500.00,"100 מ""ל",false,0,14.00,2.80,true,1,
7290000849492,false,"סרקל שמפו לילדים 500 מ""ל",פישר מעבדות פרמצבטיות בע,IL,שמפו לילדים,מיליליטרים,500.00,"100 מ""ל",false,0,14.00,2.80,true,1,
7290001136287,false,"שמפו לשיער רגיל בבושם פרחים נקה 7 750 מ""ל","אמיליה קוסמטיקס בע""מ",IL,שמפו נקה 7,מיליליטרים,750.00,"100 מ""ל",false,0,10.10,1.35,true,1,
7290001136294,false,"שמפו לשיער יבש בבישום פרחים נקה 7 750 מ""ל","אמיליה קוסמטיקס בע""מ",IL,שמפו נקה 7,מיליליטרים,750.00,"100 מ""ל",false,0,10.10,1.35,true,1,
7290001136362,false,נקה 7 תחליב רחצה אלוורה ארומה ירוק 1 ל',מיוצר בסין.יבוא ושיו,IL,תחליב רחצה נקה 7,ליטרים,1.00,ליטר,false,0,12.70,12.70,true,1,
7290001136683,false,"מרכך לשיער רגיל בבושם פרחים נקה 7 750 מ""ל","אמיליה קוסמטיקס בע""מ",IL,קונדישינר נקה 7,מיליליטרים,750.00,"100 מ""ל",false,0,10.10,1.35,true,1,
7290001136973,false,נקה 7 תחליב רחצה ארומה קמומיל לבן 1 ל',טרופיקל דגיל תעשיות,IL,תחליב רחצה נקה 7,ליטרים,1.00,ליטר,false,0,12.70,12.70,true,1,
7290001212240,false,"נטורל - פורמולה טיפות סיליקון לשיער צבוע 30 מ""ל",מיוצר עי : אמיליה קוסמטי,IL,טיפות סיליקון,מיליליטרים,30.00,"100 מ""ל",false,0,41.00,136.67,true,1,
7290001305058,false,"פלמוליב - נטורלס תחליב רחצה חלב ודבש 500 מ""ל",הנסיך- מפעל לייצור ט,TR,סב.נוזלי פלמוליב,מיליליטרים,500.00,"100 מ""ל",false,0,16.10,3.22,true,1,
7290001338407,false,ג'ל אלוורה להרגעת העור סקין גארד 200 מ''ל,מיוצר עי : אמיליה קוסמטי,IL,סקין גארד,מיליליטרים,200.00,"100 מ""ל",false,0,21.20,10.60,true,1,
7290001556672,false,מברשת סומק יח',גייד,CN,מברשת סומק,יחידה,1.00,יחידה,false,0,59.70,59.70,true,1,
7290001713242,false,עלמה שקיות אשפה 25 יחידות 75*90 עם ידית,אסיר פלסט,TR,שקיות אשפה עם יד,יחידה,1.00,יחידה,false,1,12.70,12.70,true,1,
7290001817728,false,צ'יטוס אפוי כאפה בטעם קטשופ 55 גרם,"שטראוס פריטו ליי בע""\מ )",IL,צ'יטוס כפאה,גרמים,55.00,100 גרם,false,0,3.30,6.00,true,1,
7290001973233,false,"קמיל בלו מגבונים לחים סנסיטיב ד""ר פישר 120 יחידות",פישר מעבדות פרמצבטיות,IL,מגבונים +דיספנסר,יחידה,1.00,יחידה,false,0,11.80,11.80,true,1,
7290002000143,false,"חדש -פנג'ל ק.ידיים קלאסיק 80מ""ל",מיוצר עי קונדיטוריית,IL,קרם ידיים פנג'ל,מיליליטרים,80.00,"100 מ""ל",false,0,7.00,8.75,true,1,
7290002000266,false,מגע המשי התפוח שעווה למיקרו 500ג' -חדש,המאפיה של הרמן,IL,שעוות מגע משי,גרמים,500.00,100 גרם,false,0,23.80,4.76,true,1,
7290002000310,false,"מאסק אוייל פרפיום לאשה 15מ""ל",,IL,מאסק אויל אדפ,מיליליטרים,15.00,"100 מ""ל",false,0,93.10,620.67,true,1,
7290002002857,false,ניירות להסרת שיער בשעווה 50 יחידות,"איטיליאן פוד, אס.פי.",IL,נייר שעווה,יחידה,1.00,יחידה,false,0,25.50,25.50,true,1,
7290002003168,false,קרם ידיים מארז שלישיית פנג'ל 3X80-גרם,אינטרקוסמא 1985 במ,IL,קרם יד.פנג'ל 3יח,מיליליטרים,240.00,"100 מ""ל",false,0,17.00,7.08,true,1,
7290002041009,false,"חלאבילין אורגינל 10 מ""ל",תעשיות שיק,IL,דאו.חלאבילין,מיליליטרים,10.00,"100 מ""ל",false,0,34.10,341.00,true,1,
7290002041023,false,רעננה קרם דאו.לכף הרגל,תעשיות שיק,IL,קרם דאו לכף הרגל,מיליליטרים,10.00,"100 מ""ל",false,0,42.60,426.00,true,1,
7290002041368,false,"מידנייט דאודורנט ספריי 150 מ""ל",חלאבין,IL,דאודורנט ספריי,מיליליטרים,187.00,"100 מ""ל",false,0,17.00,9.09,true,1,
7290002041801,false,"קרם גוף לאב ליין 275 מ""ל",תעשיות שיק,IL,קרם גוף לאב ליין,מיליליטרים,275.00,"100 מ""ל",false,0,34.10,12.40,true,1,
7290002041818,false,"דאו.רול און מידנייט80מ""ל",תעשיות שיק,IL,דאודורנט מידנייט,מיליליטרים,80.00,"100 מ""ל",false,0,17.00,21.25,true,1,
7290002041832,false,דאו.רול און לאב ליין80מ,חלאבין,IL,דאו.רול און,מיליליטרים,80.00,"100 מ""ל",false,0,17.00,21.25,true,1,
7290002132011,false,עוגיות מזרחיות מלוחות עבאדי 400 גרם,מאפיית יוסף ושמחה עבאדי,IL,עוגיות מזרחיות,גרמים,400.00,100 גרם,false,0,16.10,4.03,true,1,
7290002360285,false,חליטת צמחים פומפדור קמומיל 20 יחידות,TEEKANNE- POMPADOU,DE,חליטת קמומיל,גרמים,30.00,100 גרם,false,0,11.80,39.33,true,1,
7290002515333,false,"ד""ר פישר - קמיל בלו סנסיטיב אל סבון עדין לתינוק 500 מ""ל",פישר מעבדות פרמצבטיות בע,IL,אלסבון קמיל בלו,מיליליטרים,500.00,"100 מ""ל",false,0,17.00,3.40,true,1,
7290002515371,false,"קמיל בלו אל סבון לתינוקות ד""ר פישר 1 ליטר",פישר מעבדות פרמצבטיות בע,IL,קמיל בלו לתינוק,ליטרים,1.00,ליטר,false,0,18.70,18.70,true,1,
7290002730262,false,"נוזל לניקוי כלים קלאסי פלמוליב 750 מ""ל",יבואן ומשווק: ש. שסט,GR,פלמוליב לכלים,מיליליטרים,750.00,"100 מ""ל",false,0,8.40,1.12,true,1,
7290002730675,false,"קולגייט משחת שיניים אדומה משפחתי 100 מ""ל",קולגייט-פלמוליב,PL,משחת שיניים,מיליליטרים,100.00,"100 מ""ל",false,0,8.40,8.40,true,1,
7290002730811,false,"משחת שיניים ג'ל פסים מרעננים קולגייט 100 מ""ל",הנסיך- מפעל לייצור ט,PL,משחת קולגייט ג'ל,מיליליטרים,100.00,"100 מ""ל",false,0,11.80,11.80,true,1,
7290002752332,false,"סוכריות מנטוס פירות בגליל, 37.5 גרם",הדקלאים אגודת שיתופי,NL,סוכריות מנטוס,גרמים,37.00,100 גרם,false,0,3.00,8.11,true,1,
7290002752349,false,סוכריות מנטוס מנטה 40יח' בגליל 38ג',פרפטי ואן מלה,NL,סוכריות מנטוס,גרמים,37.00,100 גרם,false,0,3.00,8.11,true,1,
7290002768043,false,"תיאדנט מי-פה ענק פלאוריד 150 מ""ל",אמיליה קוסמטיקס בע'\'\מ,IL,מי פה תיאדנט,מיליליטרים,150.00,"100 מ""ל",false,0,13.00,8.67,true,1,
7290002768074,false,אל סבון נוזלי רגיל דרמפון 1 ליטר,"אמיליה קוסמטיקס בע""מ",IL,דרמפון אל סבון,ליטרים,1.00,ליטר,false,0,17.00,17.00,true,1,
7290002768159,false,"קצף אמבט בת אורן קרליין 500 מ""ל",פארק תעשיות עמק חפרמ,IL,סבון אמבט בת אור,מיליליטרים,500.00,"100 מ""ל",false,0,22.90,4.58,true,1,
7290002782131,false,"פנינה רוזנבלום - דאודורנט ספריי לאישה מס' 1 150 מ""ל",פנינה רוזנבלום,IL,דאודורנט פנינה,מיליליטרים,150.00,"100 מ""ל",false,0,31.50,21.00,true,1,
7290002782759,false,"פנינה קרם גוף רוזנבלום 400 מ""ל",פנינה רוזנבלום,IL,קרם גוף פנינה,מיליליטרים,340.00,"100 מ""ל",false,0,29.80,8.76,true,1,
7290002814887,false,מטליות רצפה לניקוי ובישום סנטמוריץ,קומפלקס כימיקלים,CN,מטליות רצפה 10יח,יחידה,1.00,יחידה,false,1,8.50,8.50,true,1,
7290002904694,false,"טיטניום דאודורנט ספריי לגברים 150 מ""ל","אמיליה קוסמטיקס בע""מ",IL,דאודורנט טיטניום,מיליליטרים,180.00,"100 מ""ל",false,0,14.00,7.78,true,1,
7290003026029,false,"ד""ר פישר - קמיל בלו סנסיטיב שמפו אלדמע 500 מ""ל",פישר מעבדות פרמצבטיות בע,IL,שמפו קמיל בלו,מיליליטרים,500.00,"100 מ""ל",false,0,17.00,3.40,true,1,
7290003026036,false,"ד""ר פישר - קמיל בלו סנסיטיב אל סבון עדין לתינוק 1 ליטר",פישר מעבדות פרמצבטיות בע,IL,אל סבון קמיל בלו,ליטרים,1.00,ליטר,false,0,21.20,21.20,true,1,
7290003026227,false,"קמיל בלו שמפו לתינוק סנסיטיב אל דמע ד""ר פישר 1 ליטר",פישר מעבדות פרמצבטיות בע,IL,שמפו קמיל בלו,ליטרים,1.00,ליטר,false,0,21.20,21.20,true,1,
7290003026234,false,"ד""ר פישר - קמיל בלו תחליב לתינוק 500 מ""ל",פישר מעבדות פרמצבטיות בע,IL,קרם גוף לתינוק,גרמים,500.00,100 גרם,false,0,21.20,4.24,true,1,
7290003026319,false,"קמיל בלו משחת החתלה לתינוק ד""ר פישר 120 גרם",פישר מעבדות פרמצבטיות בע,IL,משחת החתלה סנסטי,גרמים,120.00,100 גרם,false,0,18.70,15.58,true,1,
7290003227402,false,מידנייט תחליב גוף 275 מל,חלאבין,IL,קרם גוף מידנייט,מיליליטרים,275.00,"100 מ""ל",false,0,25.50,9.27,true,1,
7290003227822,false,חלאבלין SPORTS דאודורנט קרם לבית השחי,תעשיות שיק,IL,קרם דאו.חלאבילין,מיליליטרים,10.00,"100 מ""ל",false,1,34.10,341.00,true,1,
7290003227990,false,"חלאבילין קרם דאודורנט לאישה, 10 ג'",תעשיות שיק,IL,דאו.קרם חלאבילין,מיליליטרים,10.00,"100 מ""ל",false,1,34.10,341.00,true,1,
7290003320257,false,פצירות עץ ארוכות קייזר,מג'יק,IL,פצירות עץ קצרות,יחידה,1.00,יחידה,false,0,17.00,17.00,true,1,
7290003320660,false,מספרי קייזר אל חלד,,IL,מספרי קייזר,יחידה,1.00,יחידה,false,0,68.20,68.20,true,1,
7290003320769,false,פינצטה אל-חלד מכופפת קייזר,.D.M.M סוכנויות ומפיצים,DE,פינצטה אל חלד,יחידה,1.00,יחידה,false,0,51.20,51.20,true,1,
7290003387205,false,דאו' ספיד סטיק בסיסי ירוק רגיל לגבר 63ג',הנסיך- מפעל לייצור ט,US,דאודורנט סטיק,גרמים,56.00,100 גרם,false,0,15.20,27.14,true,1,
7290003401369,false,"קרם לחות לשיער חוחובה נטורל פורמולה 400 מ""ל",מיוצר עי אמיליה קוסמ,IL,קרם לחות לשיער,מיליליטרים,400.00,"100 מ""ל",false,0,16.10,4.03,true,1,
7290003401376,false,"קרם לחות ועיצוב לשיער אלוורה נטורל 400 מ""ל",מיוצר עי אמיליה קוסמ,IL,קרם לחות לשיער,מיליליטרים,400.00,"100 מ""ל",false,0,16.10,4.03,true,1,
7290003401420,false,"קרם לחות לשיער סיליקון כתום נטורל 400 מ""ל",מיוצר עי אמיליה קוסמ,IL,קרם לחות לשיער,מיליליטרים,400.00,"100 מ""ל",false,0,16.10,4.03,true,1,
7290003401635,false,נטורל פורמולה לחות מעצבת לפתיחת תלתלים,מיוצר עי אמיליה קוסמ,IL,קרם לחות לשיער,מיליליטרים,400.00,"100 מ""ל",false,0,22.90,5.73,true,1,
7290003401642,false,"קרם לחות לתלתלים טבעיים נטורל פורמולה 400 מ""ל",מיוצר עי אמיליה קוסמ,IL,קרם לחות לשיער,מיליליטרים,400.00,"100 מ""ל",false,0,22.90,5.73,true,1,
7290003521074,false,"ד""ר פישר - סרקל מרכך שיער לילדים 1 ליטר",פישר מעבדות פרמצבטיות בע,IL,מרכך לילדים סרקל,ליטרים,1.00,ליטר,false,0,23.80,23.80,true,1,
7290003521081,false,"סרקל שמפו אל דמע לילדים ד""ר פישר 1 ליטר",פישר מעבדות פרמצבטיות בע,IL,סרקל שמפו לילדים,ליטרים,1.00,ליטר,false,0,23.80,23.80,true,1,
7290003521166,false,"ד""ר פישר - סרקל קרם רוזמרין לילדים 325 מ""ל",פישר מעבדות פרמצבטיות בע,IL,סרקל קרם רוזמרין,מיליליטרים,325.00,"100 מ""ל",false,0,22.00,6.77,true,1,
7290003521180,false,סרקל שמפו + מרכך 500 גר',פישר מעבדות פרמצבטיות בע,IL,שמפו+מרכך סרקל,מיליליטרים,500.00,"100 מ""ל",false,0,14.00,2.80,true,1,
7290003521197,false,"ד""ר פישר - סרקל תרסיס מתיר קשרים 340 מ""ל",פישר מעבדות פרמצבטיות בע,IL,סרקל מתיר קשרים,מיליליטרים,340.00,"100 מ""ל",false,0,22.00,6.47,true,1,
7290004014407,false,עדשי מ&מ'ס חמאת בוטנים46,מרס נדרלנד,US,עדשי מ&מ'ס,גרמים,46.00,100 גרם,false,1,4.20,9.13,true,1,
7290004022297,false,LINER DIP איילנר שחור,גייד,DE,LINER DIP איילנר,יחידה,1.00,יחידה,false,0,53.70,53.70,true,1,
7290004043108,false,עדשי מ&מ'ס שוקולד 89 גרם,מרס,US,עדשי מ&מ'ס,גרמים,89.00,100 גרם,false,1,5.80,6.52,true,1,
7290004078942,false,ליידי ספיד סטיק - דאודורנט ג'ל לאישה 65 גרם,קולגייט-פלמוליב,US,דאודורנט,גרמים,65.00,100 גרם,false,0,15.20,23.38,true,1,
7290004344931,false,צבת אל חלד לעור סולינגן קייזר,,CN,צבת אל חלד לעור,יחידה,1.00,יחידה,false,1,68.30,68.30,true,1,
7290004731083,false,"סבון נוזלי לידיים ג'נסינג ""כיף""",טרופיקל דגיל תעשיות,IL,אל סבון כיף,ליטרים,1.00,ליטר,false,0,11.00,11.00,true,1,
7290004731984,false,משחת שיניים אורביטול להלבנה 145 גר,טרופיקל דגיל תעשיות קוסמ,IL,משחת אורביטול,גרמים,145.00,100 גרם,false,1,10.10,6.97,true,1,
7290005008184,false,"סבון נוזלי בניחוח חלב שקדים פלמוליב 500 מ""ל",הנסיך- מפעל לייצור ט,TR,סב.נוזלי פלמול,מיליליטרים,500.00,"100 מ""ל",false,0,16.10,3.22,true,1,
7290005008191,false,"סבון נוזלי ארומה בניחוח לבנדר פטצ'ולי וילנג ילנג פלמוליב 500 מ""ל",הנסיך- מפעל לייצור ט,TR,סב.נוזלי פלמוליב,מיליליטרים,500.00,"100 מ""ל",false,0,16.10,3.22,true,1,
7290005008481,false,ספיד סטיק - דאודורנט ג'ל לגבר ספורט 85 גרם,הנסיך- מפעל לייצור ט,US,ספיד סטיק ג'ל,גרמים,85.00,100 גרם,false,0,15.20,17.88,true,1,
7290005084355,false,סנסודין משחת שיניים דואל קר פלואוריד 75,גלקסו סמית קליין,GB,משחת שיניים,מיליליטרים,75.00,"100 מ""ל",false,0,16.00,21.33,true,1,
7290005084737,false,טפטפים - בייביסקין קרם החתלה ללא בושם 100 גרם,כ.צ.ט,IL,בייבי סקין משחה,גרמים,100.00,100 גרם,false,0,14.40,14.40,true,1,
7290005199288,false,מסטיק MUST בטעם פטל לימון ללא סוכר 28 גרם,"שטראוס גרופ בע""מ",IL,מסטיק מאסט,גרמים,28.00,100 גרם,false,0,4.10,14.64,true,1,
7290005200786,false,תפוצ'יפס בטעם שמנת בצל עלית 50 גרם,"שטראוס פריטו ליי בע""\מ )",IL,תפוצ'יפס שמנת,גרמים,50.00,100 גרם,false,0,4.10,8.20,true,1,
7290005418709,false,"נטורל קרם לחות לקיבוע תלתלים גלי 400 מ""ל",מיוצר עי אמיליה קוסמ,IL,קרם לחות לתלתלים,מיליליטרים,400.00,"100 מ""ל",false,0,22.90,5.73,true,1,
7290005418716,false,"קרם לחות לבניית תלתלים עגולים נטורל פורמולה 400 מ""ל",מיוצר עי אמיליה קוסמ,IL,קרם לחות לשיער,מיליליטרים,400.00,"100 מ""ל",false,0,22.90,5.73,true,1,
7290005418891,false,"ג'ל אסטרים חזק לעיצוב רטוב נטורל פורמולה 500 מ""ל",מיוצר עי : אמיליה קוסמטי,IL,ג'ל לעיצוב שיער,מיליליטרים,500.00,"100 מ""ל",false,0,19.50,3.90,true,1,
7290005423253,false,"סנו - מקסימה מרסס למייבש כביסה אולטרה פרש 750 מ""ל","סנו מפעלי ברונוס בע""\מ",IL,מקסימה למייבש,מיליליטרים,750.00,"100 מ""ל",false,0,12.70,1.69,true,1,
7290005423505,false,"אורביטול מי פה להלבנת השיניים 500 מ""ל",קוסמופארם,IL,מי פה אורביטול,מיליליטרים,500.00,"100 מ""ל",false,0,17.00,3.40,true,1,
7290005425110,false,חיטוי משטחים-מחטא ומשמיד חיידקים 99.9,"סנו מפעלי ברונוס בע""\מ",IL,מחטא משטחים סנו,מיליליטרים,750.00,"100 מ""ל",false,1,14.40,1.92,true,1,
7290005426568,false,"קרמה - קרם לחות לשיער רגיל 400 מ""ל",טרופיקל דגיל תעשיות,IL,קרם לחות קרמה,מיליליטרים,400.00,"100 מ""ל",false,0,21.20,5.30,true,1,
7290005426575,false,"קרמה לחות לשיער יבש ללא שטיפה 400 מ""ל",טרופיקל דגיל תעשיות,IL,קרם לחות קרמה,מיליליטרים,400.00,"100 מ""ל",false,0,21.20,5.30,true,1,
7290005427619,false,"כיף גל לשיער לשיער קוצים 1ק""ג",גוד פוד פרודקטס S.p,IL,ג'ל כיף לשיער,קילוגרמים,1.00,"ק""ג",false,0,20.40,20.40,true,1,
7290005427633,false,"כיף גל לשיער לשיער חזק במיוחד 1 ק""ג",קוסמופארם,IL,ג'ל כיף לשיער,קילוגרמים,1.00,"ק""ג",false,0,20.40,20.40,true,1,
7290005427770,false,"קרמה - קרם לחות לשיער לגבר 400 מ""ל",טרופיקל דגיל תעשיות,IL,קרמה לחות לשיער,מיליליטרים,400.00,"100 מ""ל",false,0,21.20,5.30,true,1,
7290005427978,false,"תחליב רחצה לפנים פילינג קרמה 180 מ""ל",גוד פוד פרודקטס S.p,IL,תחליב רחצה לפנים,מיליליטרים,180.00,"100 מ""ל",false,0,13.50,7.50,true,1,
7290005477683,false,"טיטניום - אפטר שייב קלאסי 100 מ""ל",קרליין,IL,טיטניום אפט.שייב,מיליליטרים,100.00,"100 מ""ל",false,0,41.80,41.80,true,1,
7290005477690,false,"טיטניום - קלאסיק בושם לגבר א.ד.ט 100 מ""ל",קרליין,IL,טיטניום אדט,מיליליטרים,100.00,"100 מ""ל",false,0,46.90,46.90,true,1,
7290005478024,false,טיטניום אפטר שייב+דאו סט,קרליין בישום כל,IL,סט טיטניום,יחידה,1.00,יחידה,false,0,58.90,58.90,true,1,
7290005500688,false,"מסיכה לשיער פנינה רוזנבלום 1 ק""ג",פנינה רוזנבלום,IL,מסיכה לשיער,קילוגרמים,1.00,"ק""ג",false,0,34.10,34.10,true,1,
7290005587825,false,לוריאל - דרמו מסיר איפור דו פאזי 125 עברית,"קרלסרו, גרמניה",DE,מסיר איפור,מיליליטרים,150.00,"100 מ""ל",false,0,27.00,18.00,true,1,
7290005680052,false,טמפונים סופר פלוס אובה 32 יחידות,גונסון אנד גונסון,GR,טמפוני או-בה,יחידה,1.00,יחידה,false,0,21.20,21.20,true,1,
7290005930935,false,קרם רגליים שפ לבנדר100מל,חלאבין,IL,קרם רגליים לבנדר,מיליליטרים,100.00,"100 מ""ל",false,1,11.00,11.00,true,1,
7290006185501,false,"פנינה רוזנבלום -אל סבון נוזלי ורוד,1 ליטר",פנינה רוזנבלום,IL,סבון נוזלי ורוד,ליטרים,1.00,ליטר,false,0,11.00,11.00,true,1,
7290006229427,false,סן בנדטו - מים מינרלים - מארז שישיית 500 מל,קריות זול,IT,סאן בנדטו 6 יח',ליטרים,3.00,ליטר,false,0,15.10,5.03,true,1,
7290006401366,false,"סבון לשטיפה אינטימית ליגיניה פרוטקטיב 200 מ""ל",)פייזר (קונסיומר הלט קר,IT,ליגיניה סבון,מיליליטרים,200.00,"100 מ""ל",false,0,37.50,18.75,true,1,
7290006401373,false,ליגיניה סבון מרענן לשטיפה אינטימית,פייזר )קונסיומר הלט קר(,IT,ליגיניה אקטיב,מיליליטרים,200.00,"100 מ""ל",false,0,37.50,18.75,true,1,
7290006651570,false,"קמיל בלו צמחי מרפא שמפו ואל סבון ד""ר פישר 750 מ""ל",פישר מעבדות פרמצבטיות בע,IL,שמפו/אל סבון,מיליליטרים,750.00,"100 מ""ל",false,0,16.00,2.13,true,1,
7290006712684,false,ספיד סטיק 24/7 סטיק כחול,קולגייט פלמוליב,US,דאודורנט,גרמים,50.00,100 גרם,false,0,15.20,30.40,true,1,
7290006712981,false,"משחת שיניים קולגייט ספיידרמן מגיל שש 50 מ""ל",הנסיך- מפעל לייצור ט,PL,משחת שיניים,מיליליטרים,50.00,"100 מ""ל",false,0,13.50,27.00,true,1,
7290006784018,false,"מילוי מכשיר אוויר 250 מ""ל fashion blablabla סנט מוריץ",קומפלקס כימיקלים בעמ,TR,מטהר אוויר בלהבל,מיליליטרים,250.00,"100 מ""ל",false,1,8.40,3.36,true,1,
7290006784575,false,"מילוי מכשיר אוויר 250 מ""ל fashion loouy סנט מוריץ",קומפלקס כימיקלים בעמ,TR,מטהר אוויר לואס,מיליליטרים,250.00,"100 מ""ל",false,1,8.40,3.36,true,1,
7290006784636,false,"ספריי אוויר 250 מ""ל fashion meduza סנט מוריץ",קומפלקס כימיקלים בעמ,TR,מטהר אוויר מדוזה,מיליליטרים,250.00,"100 מ""ל",false,1,8.40,3.36,true,1,
7290006784643,false,"מילוי מכשיר אוויר 250 מ""ל fashion rose gold סנט מוריץ",קומפלקס כימיקלים בעמ,TR,מטהר אוויר רוזה,מיליליטרים,250.00,"100 מ""ל",false,1,8.40,3.36,true,1,
7290006784780,false,"ספריי אוויר 250 מ""ל fashion black סנט מוריץ",קומפלקס כימיקלים בעמ,TR,מטהר אוויר בלאק,מיליליטרים,250.00,"100 מ""ל",false,1,8.40,3.36,true,1,
7290006788290,false,"קרליין - חלב פנים לעור רגיל / מעורב 260 מ""ל",קרליין,IL,חלב פנים,מיליליטרים,260.00,"100 מ""ל",false,0,34.10,13.12,true,1,
7290006788320,false,קרליין - מי פנים לעור יבש ללא אלכוהול,קרליין,IL,מי פנים לעור יבש,מיליליטרים,260.00,"100 מ""ל",false,0,34.10,13.12,true,1,
7290006788351,false,קרליין דאודורנט סטיק נושם כחול,אמיליה קוסמטיקס,IL,דאודורנט קרליין,מיליליטרים,50.00,"100 מ""ל",false,0,16.10,32.20,true,1,
7290006788375,false,קרליין דאודורנט סטיק נושם ורוד,מיוצר עי : אמיליה קוסמטי,IL,דאודורנט קרליין,מיליליטרים,50.00,"100 מ""ל",false,0,16.10,32.20,true,1,
7290006788399,false,"דאו רול און נושם סנסיטיב ירוק קרליין 75 מ""ל",אמיליה קוסמטיקס בעמ,IL,דאודורנט קרליין,מיליליטרים,75.00,"100 מ""ל",false,0,11.80,15.73,true,1,
7290006788405,false,"קרליין - נושם אקטיב דאודורנט רול און לאישה ברודו 75 מ""ל",מיוצר עי : אמיליה קוסמטי,IL,דאודורנט קרליין,מיליליטרים,75.00,"100 מ""ל",false,0,11.80,15.73,true,1,
7290006788412,false,"קרליין - נושם אקווה דאודורנט רול און לאישה כחול 75 מ""ל",אמיליה קוסמטיקס בעמ,IL,דאודורנט קרליין,מיליליטרים,75.00,"100 מ""ל",false,0,11.80,15.73,true,1,
7290006788429,false,"קרליין - נושם סאן רייס דאודורנט רול און לאישה כתום 75 מ""ל","אמיליה קוסמטיקס בע""מ",IL,דאודורנט קרליין,מיליליטרים,75.00,"100 מ""ל",false,0,11.80,15.73,true,1,
7290006788436,false,"קרליין - נושם פיור דאודורנט רול און לאישה ורוד 75 מ""ל",משווק: קוסמופארם בעמ,IL,דאודורנט קרליין,מיליליטרים,75.00,"100 מ""ל",false,0,11.80,15.73,true,1,
7290006788443,false,"קרליין - נושם אוקסיג'ן דאודורנט רול און לאישה סגול 75 מ""ל","אמיליה קוסמטיקס בע""מ",IL,דאודורנט קרליין,מיליליטרים,75.00,"100 מ""ל",false,0,11.80,15.73,true,1,
7290006788467,false,"קרליין - נושם אקטיב דאודורנט ספריי לאישה בורדו 200 מ""ל",מיוצר עי : אמיליה קוסמטי,IL,דאודורנט קרליין,מיליליטרים,200.00,"100 מ""ל",false,0,11.80,5.90,true,1,
7290006788481,false,"קרליין - נושם סאן רייס דאודורנט ספריי לאישה כתום 200 מ""ל",מיוצר עי : אמיליה קוסמטי,IL,דאודורנט קרליין,מיליליטרים,200.00,"100 מ""ל",false,0,11.80,5.90,true,1,
7290006788498,false,"קרליין - נושם פיור דאודורנט ספריי לאישה ורוד 200 מ""ל",מיוצר עי : אמיליה קוסמטי,IL,דאודורנט קרליין,מיליליטרים,200.00,"100 מ""ל",false,0,11.80,5.90,true,1,
7290006788504,false,"קרליין - נושם אוקסיג'ן דאודורנט ספריי לאישה סגול 200 מ""ל",מיוצר עי : אמיליה קוסמטי,IL,דאודורנט קרליין,מיליליטרים,200.00,"100 מ""ל",false,0,11.80,5.90,true,1,
7290006788559,false,"טיטניום ICE דאודורנט תרסיס ספריי 180 מ""ל",אמיליה קוסמטיקס בעמ,IL,דאודורנט טיטניום,מיליליטרים,180.00,"100 מ""ל",false,0,14.00,7.78,true,1,
7290006789631,false,קרליין קרם לחות לשיער רגיל 400 גרם,מיוצר עי : אמיליה קוסמטי,IL,קרם לחות לשיער,מיליליטרים,400.00,"100 מ""ל",false,0,17.80,4.45,true,1,
7290006789655,false,"קרם לחות לסירוק קל לשיער מתולתל ומקורזל 10 קרליין 400 מ""ל",מיוצר עי : אמיליה קוסמטי,IL,קרם לחות לשיער,מיליליטרים,400.00,"100 מ""ל",false,0,17.80,4.45,true,1,
7290006789914,false,"קרליין - מי פנים אויל פרי 260 מ""ל",קרליין,IL,FREE OIL מי פנים,מיליליטרים,260.00,"100 מ""ל",false,0,34.10,13.12,true,1,
7290006789921,false,"קרליין - תחליב לחות אויל פרי 50 מ""ל",קרליין,IL,תחליב לחות קל,מיליליטרים,50.00,"100 מ""ל",false,0,46.90,93.80,true,1,
7290006791467,false,"נטורל - סרום לשיער להגמשת התלתלים 145 מ""ל",מיוצר עי : אמיליה קוסמטי,IL,סרום לתלתלים,מיליליטרים,145.00,"100 מ""ל",false,0,42.60,29.38,true,1,
7290006791498,false,"נטורל - שמן אגוז ברזילאי לשיער צבוע 145 מ""ל",אמיליה קוסמטיקס,IL,שמן לשיער,מיליליטרים,145.00,"100 מ""ל",false,0,40.00,27.59,true,1,
7290006992161,false,מטרנה - דייסת קורנפלור פרוביוטי 200 גרם,מולינו ניקולי s.p.a,IL,דייסת מטרנה,גרמים,200.00,100 גרם,false,0,12.00,6.00,true,1,
7290006992185,false,"מטרנה - דייסת אורז פרוביוטי כשל""פ 200 גרם",מולינו ניקולי s.p.a,IL,דייסת אורז,גרמים,200.00,100 גרם,false,0,12.00,6.00,true,1,
7290006992192,false,דייסה מטרנה סולת פרוביוטיקה,מטרנה תעשיות ש.מ,IL,דייסת סולת מטרנה,גרמים,200.00,100 גרם,false,0,12.00,6.00,true,1,
7290006992208,false,מטרנה דייסת 8 דגנים מעורבים 200 גרם,מטרנה תעשיות ש.מ,IL,דייסת מטרנה,גרמים,200.00,100 גרם,false,0,12.00,6.00,true,1,
7290006992390,false,"מטרנה - דייסת וניל פרוביוטי כשל""פ 200 גרם",מולינו ניקולי s.p.a,IL,דייסת וניל מטרנה,גרמים,200.00,100 גרם,false,0,12.00,6.00,true,1,
7290008000246,false,"פמינה - שטיפה אינטימית מועשר באלוורה 220 מ""ל",פמינה,IL,שטיפה + אלוורה,מיליליטרים,220.00,"100 מ""ל",false,0,25.50,11.59,true,1,
7290008000796,false,"סופרמן משחת שיניים לילדים בטעם פירות כצט 50 מ""ל",כצט נוביס,IL,משחת שיניים,מיליליטרים,50.00,"100 מ""ל",false,0,9.00,18.00,true,1,
7290008084956,false,בייבי פסטה משחה לתינוק,בייבי פסטה,IL,בייבי פסטה,גרמים,120.00,100 גרם,false,0,15.30,12.75,true,1,
7290008104050,false,"שטיפת אינטימית לקטופיל פמינה 220 מ""ל",כצט נוביס סעמ,IL,תחליב פמינה,מיליליטרים,220.00,"100 מ""ל",false,0,21.20,9.64,true,1,
7290008116534,false,ליסטרין שטיפת פה קול מינט 250 מל,ג'\ונסון אנד ג'\ונסון,IT,מי פה ליסטרין,מיליליטרים,250.00,"100 מ""ל",false,0,8.40,3.36,true,1,
7290008116541,false,"שטיפת פה ליסטרין קול מינט 500 מ""ל",ג'\ונסון אנד ג'\ונסון,IT,מי פה ליסטרין,מיליליטרים,500.00,"100 מ""ל",false,0,17.00,3.40,true,1,
7290008116565,false,ליסטרין שטיפת פה פרש 500 מל,ג'\ונסון אנד ג'\ונסון,IT,מי פה ליסטרין,מיליליטרים,500.00,"100 מ""ל",false,0,17.00,3.40,true,1,
7290008116862,false,בלנאום שמן רחצה יומיומי לתינוקות וילדים,ניאופארם,IL,בלנאום בייבי,מיליליטרים,500.00,"100 מ""ל",false,0,64.00,12.80,true,1,
7290008116886,false,בלנאום שמן רחצה טיפולי לתינוקות וילדים 5,ניאופארם,DE,בלנאום בייבי פור,מיליליטרים,500.00,"100 מ""ל",false,0,64.00,12.80,true,1,
7290008264020,false,פינצטה ישרה מוזהב,סולינגן,IL,פינצטה ישרה מוזה,יחידה,1.00,יחידה,false,0,34.10,34.10,true,1,
7290008264037,false,פינצטה אלכסון,סולינגן,IL,פינצטה אלכסון,יחידה,1.00,יחידה,false,0,34.10,34.10,true,1,
7290008264075,false,פינצטה מכופפת,סולינגן,IL,פינצטה מכופפת,יחידה,1.00,יחידה,false,0,34.10,34.10,true,1,
7290008264099,false,פינצטה ישרה רחבה,סולינגן,IL,פינצטה ישרה רחבה,יחידה,1.00,יחידה,false,0,59.70,59.70,true,1,
7290008264105,false,פינצטה אלכסון רחב,סולינגן,IL,פינצטה אלכסון רח,יחידה,1.00,יחידה,false,0,59.70,59.70,true,1,
7290008264181,false,פצירה לארנק מתקפל,סולינגן,IL,פצירה לארנק מתקפ,יחידה,1.00,יחידה,false,0,30.60,30.60,true,1,
7290008264204,false,פצירות להחלקה 3,סולינגן,IL,פצירות להחלקה 3,יחידה,1.00,יחידה,false,0,28.20,28.20,true,1,
7290008264211,false,10 פצירות רכות,סולינגן,IL,10 פצירות רכות,יחידה,1.00,יחידה,false,0,23.00,23.00,true,1,
7290008264228,false,פצירות רכות 10 יח',סולינגן,IL,פצירות רכות 10 י,יחידה,1.00,יחידה,false,0,24.70,24.70,true,1,
7290008264259,false,מספריים להב ארוך,סולינגן,IL,מספריים להב ארוך,יחידה,1.00,יחידה,false,0,94.70,94.70,true,1,
7290008264280,false,מספריים קומבי,סולינגן,IL,מספריים קומבי,יחידה,1.00,יחידה,false,0,94.70,94.70,true,1,
7290008264310,false,צבתית 10 ס'מ להב,סולינגן,IL,צבתית 10 ס'מ להב,יחידה,1.00,יחידה,false,0,105.90,105.90,true,1,
7290008264365,false,קוצץ בינוני+פלסטיק,סולינגן,IL,קוצץ בינוני+פלסט,יחידה,1.00,יחידה,false,0,29.80,29.80,true,1,
7290008264372,false,קוצץ גדול+פלסטיק,סולינגן,IL,קוצץ גדול+פלסטיק,יחידה,1.00,יחידה,false,0,39.20,39.20,true,1,
7290008264389,false,קוצץ קטן+שרשרת,סולינגן,IL,קוצץ קטן+שרשרת,יחידה,1.00,יחידה,false,0,23.00,23.00,true,1,
7290008264419,false,סולינגן-משייף קרמי מקצוע,סולינגן,IL,סולינגן-משייף קר,יחידה,1.00,יחידה,false,0,111.10,111.10,true,1,
7290008264433,false,20 סכיני פדיקור,סולינגן,IL,20 סכיני פדיקור,יחידה,1.00,יחידה,false,0,32.40,32.40,true,1,
7290008264457,false,אבן לרגל,סולינגן,IL,אבן לרגל,יחידה,1.00,יחידה,false,0,14.50,14.50,true,1,
7290008264464,false,מעגל ריסים יח',סולינגן,IL,מעגל ריסים,יחידה,1.00,יחידה,false,1,41.00,41.00,true,1,
7290008264471,false,משייף +ידית לבנה,סולינגן,KP,משייף +ידית לבנה,יחידה,1.00,יחידה,false,0,14.40,14.40,true,1,
7290008264488,false,"פצירת אקריל 18 ס""מ",סולינגן,IL,פצירת אקריל 18 ס,יחידה,1.00,יחידה,false,0,15.30,15.30,true,1,
7290008264730,false,ספוגית למריחת צלליות 818,סולינגן,IL,ספוגית למריחת צל,יחידה,1.00,יחידה,false,0,15.10,15.10,true,1,
7290008264938,false,פינטצה לציפורניים יח',סולינגן,IL,פינטצה לציפורניי,יחידה,1.00,יחידה,false,1,68.20,68.20,true,1,
7290008318518,false,"דאו.לאבליין ספריי 187מ""ל",חלאבין,IL,דאודורנט לאבליין,מיליליטרים,187.00,"100 מ""ל",false,0,17.00,9.09,true,1,
7290008318785,false,"ביוטי פיט ק.ריכוך לכף הרגל 100 מ""ל",חלאבין,IL,ביוטי פיט קרם לכ,מיליליטרים,100.00,"100 מ""ל",false,0,19.50,19.50,true,1,
7290008318990,false,"מידנייט קרם ידיים 100 מ""ל",חלאבין,IL,קרם ידיים,מיליליטרים,100.00,"100 מ""ל",false,0,11.00,11.00,true,1,
7290008443616,false,"מרכך לשיער יבש אדום נקה 7 750 מ""ל","אמיליה קוסמטיקס בע""מ",IL,קונדישנר נקה 7,מיליליטרים,750.00,"100 מ""ל",false,0,10.10,1.35,true,1,
7290008443944,false,קרליין לוק לק335,קרליין,IL,קרליין לוק לק,יחידה,1.00,יחידה,false,0,12.70,12.70,true,1,
7290008443975,false,קרליין לוק לק338,קרליין,,קרליין לוק לק8,יחידה,1.00,יחידה,false,0,12.70,12.70,true,1,
7290008444231,false,"קרליין - קרם ג'ל לחות יאנג 50 מ""ל",קרליין,IL,YOUNG ג'ל לחות,מיליליטרים,50.00,"100 מ""ל",false,0,51.20,102.40,true,1,
7290008464505,false,"בקבוק מים בודד סאן בנדיטו 500 מ""ל",אקווה מינרלה סאן בנדטו ב,IT,סאן בנדטו רגיל 0,מיליליטרים,500.00,"100 מ""ל",false,0,4.30,0.86,true,1,
7290008464611,false,"הסודה של טמפו, מי סודה בגיזוז חזק, 275 מל",טמפו משקאות בעמ,IL,הסודה של טמפו,מיליליטרים,275.00,"100 מ""ל",false,1,3.20,1.16,true,1,
7290008745239,false,תפוצ'יפס קראנצ' בטעם טבעי עלית 50 גרם,"שטראוס פריטו ליי בע""\מ )",IL,תפוצ'יפס קראנצ',גרמים,50.00,100 גרם,false,0,4.10,8.20,true,1,
7290008750264,false,"מסטיק מאסט ציקלס דובדבן 28 גרם לל""ס מגדים","שטראוס גרופ בע""מ",IL,מסטיק מאסט,גרמים,28.00,100 גרם,false,0,4.10,14.64,true,1,
7290008753111,false,תפוצ'יפס קראנץ' בטעם מקסיקני עלית 50 גרם,"שטראוס פריטו ליי בע""\מ )",IL,תפוצ'יפס קראנצ',גרמים,50.00,100 גרם,false,0,4.10,8.20,true,1,
7290008754415,false,גומי מאסט בטעם ספירמינט עדין פליפטופ 28 ג' עלית,"שטראוס גרופ בע""מ",IL,מסטיק מאסט LL,גרמים,28.00,100 גרם,false,0,4.10,14.64,true,1,
7290008754422,false,גומי מאסט בטעם פפרמינט קלאסי פליפטופ 28 ג' עלית,"שטראוס גרופ בע""מ",IL,מסטיק LL MUST,גרמים,28.00,100 גרם,false,0,4.10,14.64,true,1,
7290008775823,false,ערגליות עוגיות תות שדה אסם 300 גרם,מיוצר עי קונדיטוריית,IL,ערגליות תות,גרמים,300.00,100 גרם,false,0,11.80,3.93,true,1,
7290008893336,false,עפרון שפתים הי פרסיז'ן24,גייד,IT,עפרון שפתים הי פ,יחידה,1.00,יחידה,false,0,33.30,33.30,true,1,
7290008893343,false,עפרון עינים הייפרסיז'ן03,גייד,IT,עפרון עינים הייפ,יחידה,1.00,יחידה,false,0,33.30,33.30,true,1,
7290008893367,false,עפרון עינים פרסיז'ן04,גייד,IT,עפרון עינים פרסי,יחידה,1.00,יחידה,false,0,33.30,33.30,true,1,
7290010065295,false,פרינוק - מחית תפוחי עץ ובננה 130 גרם,פרינוק,CZ,פרינוק מחית,גרמים,130.00,100 גרם,false,0,4.00,3.08,true,1,
7290010065318,false,מחית תפוח עץ ג'וניור פרינוק 190 גרם,פרוטה פודווין איי.אס,CZ,פרינוק מחית,גרמים,130.00,100 גרם,false,0,5.00,3.85,true,1,
7290010065745,false,מחית לפתן פירות ג'וניור פרינוק 190 גרם,פרוטה פודווין איי.אס,CZ,פרינוק ג'וניור,גרמים,190.00,100 גרם,false,0,5.00,2.63,true,1,
7290010117864,false,דוריטוס חטיף תירס בטעם חריף אש עלית 70 גרם,"שטראוס פריטו ליי בע""\מ )",IL,דוריטוס חריף,גרמים,70.00,100 גרם,false,0,4.10,5.86,true,1,
7290010182237,false,לאב ליין דאו.רול און כתום,חלאבין,,דאו.רול און לאבל,מיליליטרים,80.00,"100 מ""ל",false,0,17.00,21.25,true,1,
7290010237531,false,"פפסי קולה פלסטיק 500 מ""ל","טמפו משקאות בע""ם.",IL,פפסי בקבוק,מיליליטרים,500.00,"100 מ""ל",false,0,5.00,1.00,true,1,
7290010237548,false,"פפסי מקס דל קלוריות 500 מ""ל בקבוק",טמפו משקאות בעמ,IL,פפסי מקס,מיליליטרים,500.00,"100 מ""ל",false,0,5.00,1.00,true,1,
7290010237562,false,משקה פפסי מרינדה קוו,"טמפו משקאות בע""מ",IL,מירינדה,מיליליטרים,500.00,"100 מ""ל",false,0,5.00,1.00,true,1,
7290010237579,false,משקה סבן אפ קוול 500,"טמפו משקאות בע""מ",IL,סבנ אפ,מיליליטרים,500.00,"100 מ""ל",false,0,5.00,1.00,true,1,
7290010237586,false,סבן אפ דיאט פלסטיק 500מל,"טמפו משקאות בע""מ",IL,סבנ אפ דיאט,מיליליטרים,500.00,"100 מ""ל",false,0,5.00,1.00,true,1,
7290010379408,false,אפטר שייב בלאק+דאו ספריי,קרליין,IL,אפטר שייב,יחידה,1.00,יחידה,false,0,58.90,58.90,true,1,
7290010380466,false,"קרליין - קרם ג'ל לפנים יאנג 50 מ""ל 15SPF",קרליין,IL,YOUNG קרם ג'ל SP,מיליליטרים,50.00,"100 מ""ל",false,0,51.20,102.40,true,1,
7290010380725,false,"קרליין - מייק אפ קאר & גלואו 111 30 מ""ל",קרליין,IL,מ.אפ קומפורט גלו,מיליליטרים,30.00,"100 מ""ל",false,0,76.80,256.00,true,1,
7290010380732,false,"קרליין - מייק אפ קאר & גלואו 112 30 מ""ל",קרליין,IL,מ.אפ קומפורט גלו,מיליליטרים,30.00,"100 מ""ל",false,0,76.80,256.00,true,1,
7290010381272,false,קרליין - דיפ ליינר שחור 80,קרליין,DE,דיפ ליינר 80,יחידה,1.00,יחידה,false,0,46.90,46.90,true,1,
7290010381302,false,קרליין - עפרון עיניים עם חידוד 100,קרליין,DE,עפרון עיניים,יחידה,1.00,יחידה,false,0,25.50,25.50,true,1,
7290010381364,false,קרליין - עפרון עיניים עם חידוד 106,קרליין,DE,עפרון עיניים,יחידה,1.00,יחידה,false,0,25.50,25.50,true,1,
7290010381487,false,קרליין - עפרון שפתיים עם חידוד 158,קרליין,DE,עפרון שפתיים,יחידה,1.00,יחידה,false,0,25.50,25.50,true,1,
7290010381500,false,קרליין - עפרון עיניים ללא חידוד 200,קרליין,DE,עפרון עיניים,יחידה,1.00,יחידה,false,0,25.50,25.50,true,1,
7290010381531,false,קרליין - עפרון עיניים ללא חידוד 203,קרליין,DE,עפרון עיניים,יחידה,1.00,יחידה,false,0,25.50,25.50,true,1,
7290010381555,false,קרליין - עפרון עיניים ללא חידוד 205,קרליין,DE,עפרון עיניים,יחידה,1.00,יחידה,false,0,25.50,25.50,true,1,
7290010381593,false,קרליין - עפרון עיניים ללא חידוד 209,קרליין,DE,עפרון עיניים,יחידה,1.00,יחידה,false,0,25.50,25.50,true,1,
7290010381630,false,קרליין - עפרון עיניים ללא חידוד 240,קרליין,DE,עפרון שפתיים,יחידה,1.00,יחידה,false,0,25.50,25.50,true,1,
7290010381661,false,קרליין - עפרון שפתיים ללא חידוד 243,קרליין,DE,עפרון שפתיים,יחידה,1.00,יחידה,false,0,25.50,25.50,true,1,
7290010382019,false,קרליין - שפתון ספארקס 901,קרליין,IL,שפתון גלוס עם בר,יחידה,1.00,יחידה,false,0,51.20,51.20,true,1,
7290010382842,false,"קרם נטורל פורמולה קרם לחות קלילה לשיער רגיל, 400 מ""ל קלילה רגיל",מיוצר עי : אמיליה קוסמטי,IL,קרם לחות לשיער,מיליליטרים,400.00,"100 מ""ל",false,0,22.90,5.73,true,1,
7290010748518,false,"סרקל פורטה שמפו לילדים 750 מ""ל",פישר מעבדות פרמצבטיות בע,IL,שמפו סרקל פורטה,מיליליטרים,750.00,"100 מ""ל",false,0,24.70,3.29,true,1,
7290010748853,false,"ד""ר פישר - אפקטיב קר קרם ידיים סנסיטיב 150 מ""ל",פישר מעבדות פרמצבטיות בע,IL,קרם ידיים,מיליליטרים,150.00,"100 מ""ל",false,0,8.40,5.60,true,1,
7290010748860,false,"ד""ר פישר - אפקטיב קר קרם ידיים אינטנסיב 150 מ""ל",פישר מעבדות פרמצבטיות בע,IL,קרם ידיים,מיליליטרים,150.00,"100 מ""ל",false,0,8.40,5.60,true,1,
7290010748884,false,אפקטיב קר קרם גוף אינטנסיב לעור יבש במיוחד ח 700,פישר מעבדות פרמצבטיות,IL,קרם גוף,מיליליטרים,700.00,"100 מ""ל",false,0,21.20,3.03,true,1,
7290010748891,false,אפקטיב קר קרם גוף מולטי ויטמין לעור רגיל יבש ח 7,פישר מעבדות פרמצבטיות בע,IL,קרם גוף,מיליליטרים,700.00,"100 מ""ל",false,0,21.20,3.03,true,1,
7290010883059,false,מברשת שיניים חשמלית בוב ספוג אורביטול,ELECTRIC S.S.,CN,מברשת שיניים,יחידה,1.00,יחידה,false,0,33.20,33.20,true,1,
7290011026066,false,"ד""ר פישר - סרקל שמפו + מרכך לילדים 1 ליטר",פישר מעבדות פרמצבטיות בע,IL,סרקל 2 ב1-,ליטרים,1.00,ליטר,false,0,23.80,23.80,true,1,
7290011026301,false,"ד""ר פישר - שמפו לשיער כסוף 400 מ""ל",פישר מעבדות פרמצבטיות,IL,שמפו לשיער כסוף,מיליליטרים,400.00,"100 מ""ל",false,1,24.70,6.18,true,1,
7290011026523,false,שמפו לתינוק לפני השינה Senstive עם לבנדר וקמומיל,פישר מעבדות פרמצבטיות בע,IL,אל דמע קמיל,מיליליטרים,500.00,"100 מ""ל",false,0,17.00,3.40,true,1,
7290011026530,false,ק.ב סנסטיב אל סבון לבנדר קמומיל לפני השינה 500 מ,פישר מעבדות פרמצבטיות בע,IL,אל סבון קמיל,מיליליטרים,500.00,"100 מ""ל",false,0,17.00,3.40,true,1,
7290011113889,false,קרליין - איילינר שחור עמיד EVERLATS,קרליין,IT,איליינר שחור,יחידה,1.00,יחידה,false,0,46.90,46.90,true,1,
7290011113902,false,"טיטניום - בלאק בושם לגבר א.ד.ט 100 מ""ל",קרליין,IL,א.ד.ט BLACK,מיליליטרים,100.00,"100 מ""ל",false,0,46.90,46.90,true,1,
7290011113926,false,דאודורנט ספריי טיטניום בלאק Titanium Black,משווק: וסמופארם בעממ,IL,דאודורנט טיטניום,מיליליטרים,200.00,"100 מ""ל",false,0,14.00,7.00,true,1,
7290011114039,false,קרליין - עפרון עיניים ללא חידוד 212,קרליין,DE,עפרון עיניים,יחידה,1.00,יחידה,false,0,25.50,25.50,true,1,
7290011114176,false,קרליין - ברונזר דבש,קרליין,,ברונזר אמבר,יחידה,1.00,יחידה,false,0,51.20,51.20,true,1,
7290011114329,false,קרליין - שפתון ליפ קולור 703,קרליין,IL,שפתון דו צדדי,יחידה,1.00,יחידה,false,0,55.40,55.40,true,1,
7290011115166,false,נקה 7 ארומה סבון נוזלי לבנדר 1 ל',טרופיקל דגיל תעשיות,IL,תחליב רחצה נקה 7,ליטרים,1.00,ליטר,false,0,12.70,12.70,true,1,
7290011116224,false,שפתון ליפ קולור 709,קרליין,IL,שפתון דו צדדי,יחידה,1.00,יחידה,false,0,55.40,55.40,true,1,
7290011116231,false,קרליין - שפתון ליפ קולור 710,קרליין,IL,שפתון דו צדדי,יחידה,1.00,יחידה,false,0,55.40,55.40,true,1,
7290011116415,false,קרליין - פודרה פיקס אנד גו 03,קרליין,IT,פודרה 03,יחידה,1.00,יחידה,false,0,51.20,51.20,true,1,
7290011116552,false,קרליין - סומק 05,קרליין,IL,סומק עמיד,יחידה,1.00,יחידה,false,0,43.50,43.50,true,1,
7290011116606,false,קרליין - סומק 08,קרליין,IL,סומק עמיד,יחידה,1.00,יחידה,false,0,43.50,43.50,true,1,
7290011116651,false,"קרליין - מייק אפ סטיי לונג 601 30 מ""ל",קרליין,IL,מ.אפ ביו ג'ניק,מיליליטרים,30.00,"100 מ""ל",false,0,76.80,256.00,true,1,
7290011116682,false,"קרליין - מייק אפ סטיי לונג 604 30 מ""ל",קרליין,IL,מ.אפ ביו ג'ניק,מיליליטרים,30.00,"100 מ""ל",false,0,76.80,256.00,true,1,
7290011116736,false,DIVA LA מסקרה שחורה עמיד,קרליין,IT,DIVA LA מסקרה,יחידה,1.00,יחידה,false,0,42.60,42.60,true,1,
7290011131968,false,"גרנולה בתוספת שקדים ואגוזים גרין 1 ק""ג",ויטליה ניקולא דו,MK,גרנולה אגוזים,קילוגרמים,1.00,"ק""ג",false,0,20.30,20.30,true,1,
7290011332983,false,מגבונים לניקוי אף מגבונאף קמיל בלו- מארז שלישייה,פישר מעבדות פרמצבטיות בע,IL,מגבונאף קמיל בלו,יחידה,1.00,יחידה,false,0,20.00,20.00,true,1,
7290011447014,false,מטרנה דייסת סלט פירות 200 גרם,מטרנה תעשיות ש.מ,IL,דייסת מטרנה,גרמים,200.00,100 גרם,false,0,12.00,6.00,true,1,
7290011505035,false,נובי5364 הנגיסון למזון טרי עם מכסה,נובי Nuby,CN,הנגיסון נובי,יחידה,1.00,יחידה,false,0,42.60,42.60,true,1,
7290011517588,false,LL-R נצנצים קרם גוף 275 מל',חלאבין,IL,קרם גוף חלאבין,מיליליטרים,275.00,"100 מ""ל",false,0,25.50,9.27,true,1,
7290011522605,false,"גלייז מעצב שיער לתלתלים 400 מ""ל",ג'נרל מילס סאן אדריא,IL,קרם לשיער סטייל,מיליליטרים,400.00,"100 מ""ל",false,0,26.40,6.60,true,1,
7290011525712,false,"קמיל בלו אל סבון סנסיטיב לפני השינה ד""ר פישר 1 ליטר",פישר מעבדות פרמצבטיות בע,IL,אלסבון קמיל,ליטרים,1.00,ליטר,false,0,21.20,21.20,true,1,
7290011525729,false,שמפו לתינוק קמיל בלו סנסטיב לפני השינה עם לבנדר וקמומיל,פישר מעבדות פרמצבטיות בע,IL,שמפו קמיל בלו,ליטרים,1.00,ליטר,false,0,21.20,21.20,true,1,
7290011525835,false,ג`נסיס סאן קרם פנים SPF50 אנטי אייגינג50,פישר מעבדות פרמצבטיות בע,IL,SUN קרם פנים,מיליליטרים,50.00,"100 מ""ל",false,0,81.10,162.20,true,1,
7290011618124,false,חטיף אורז אפוי לתינוקות בטעם ירקות +6,גואנז'ו יונג וואנט פ,CN,בייבי ביס,גרמים,50.00,100 גרם,false,0,12.70,25.40,true,1,
7290011618131,false,"בייבי ביס חטיף אורז כשל""פ בטעם גזר",גואנז'ו יונג וואנט פ,CN,בייבי ביס,גרמים,50.00,100 גרם,false,0,12.70,25.40,true,1,
7290011618216,false,נגיסי אורז בייבי ביס בננה 50 גרם,גואנז'ו יונג וואנט פ,CN,בייבי ביס,גרמים,50.00,100 גרם,false,0,12.70,25.40,true,1,
7290011618483,false,רייד קוטל יתושים חשמלי - 90 לילות,"איטיליאן פוד, אס.פי.",CN,רייד בליסטר2X,יחידה,1.00,יחידה,false,0,52.00,52.00,true,1,
7290011668143,false,מסיכה משקמת ומטפחת לשיער צבוע ופגום,פנינה רוזנבלום PR,IL,מסיכה לשיער,קילוגרמים,1.00,"ק""ג",false,0,34.10,34.10,true,1,
7290011743833,false,"משחת שיניים פרונאמל סנסודיין 75 מ""ל",גלקסו סמית קליין,GB,משחת שיניים,מיליליטרים,75.00,"100 מ""ל",false,0,18.00,24.00,true,1,
7290011744885,false,"אקווה פרש משחת שיניים ילדים לשיני חלב 50 מ""ל",גלקסו סמית קליין,SK,משחת שיניים,מיליליטרים,50.00,"100 מ""ל",false,0,12.70,25.40,true,1,
7290011744892,false,"אקווה פרש - משחת שיניים ילדים ג'וניור 6+ 50 מ""ל",גלקסו סמית קליין,SK,משחת שיניים א.פ,מיליליטרים,50.00,"100 מ""ל",false,0,12.70,25.40,true,1,
7290011745707,false,משחת שיניים פרונמל Pro namel לילדים לגילאי 6-12,גלקסו סמית קליין,SK,משחת שיניים,מיליליטרים,50.00,"100 מ""ל",false,0,14.40,28.80,true,1,
7290011765088,false,ג'ל גילוח לעור רגיל מנטול Cool,טרופיקל דגיל תעשיות,TR,ג'ל גילוח קרמה,מיליליטרים,200.00,"100 מ""ל",false,0,14.40,7.20,true,1,
7290011765095,false,קרמה מן גל גילוח אלוורה ירוק 200 מל,טרופיקל דגיל תעשיות,TR,ג'ל גילוח קרמה,מיליליטרים,200.00,"100 מ""ל",false,0,14.40,7.20,true,1,
7290011765316,false,מברשת שיניים לילדים עם שעון 4-8 אורביטול,החברה הדרומית,CN,מברשת שיניים,יחידה,1.00,יחידה,false,0,9.30,9.30,true,1,
7290011765392,false,"בוב ספוג שמפו לשיער לסירוק קל כיף 750 מ""ל",טרופיקל דגיל תעשיות,IL,שמפו כיף ילדים,מיליליטרים,750.00,"100 מ""ל",false,0,11.00,1.47,true,1,
7290011765415,false,"כיף - בוב ספוג מרכך שיער 750 מ""ל",קוסמופארם,IL,מרכך כיף,מיליליטרים,750.00,"100 מ""ל",false,0,11.00,1.47,true,1,
7290011765422,false,אל סבון מועשר בלחות ותמצית קמומיל - בוב ספוג,קוסמופארם בע'\'\מ,IL,אלסבון כיף,מיליליטרים,750.00,"100 מ""ל",false,0,11.00,1.47,true,1,
7290011765446,false,משחת שיניים לילדים בוב ספוג בטעם מיץ ענבים עם פלואוריד למניעת עששת,טרופיקל דגיל תעשיות קוסמ,IL,משחת שיניים,גרמים,70.00,100 גרם,false,0,10.10,14.43,true,1,
7290011870232,false,שלט מארז 8 סוללה פוג,פוג'יקום,CN,סוללות פוג'יקום,יחידה,1.00,יחידה,false,0,14.40,14.40,true,1,
7290011870263,false,סוללה אצבע מארז 8 פו,פוג'יקום,CN,סוללות פוג'יקום,יחידה,1.00,יחידה,false,0,14.40,14.40,true,1,
7290011912642,false,ליסטרין שטיפת פה הגנה על השיניים והחניכי,ג'\ונסון אנד ג'\ונסון,IT,מי פה ליסטרין,מיליליטרים,500.00,"100 מ""ל",false,0,17.00,3.40,true,1,
7290012116025,false,שמפו פיית הפרפרים לסירוק קל מכיל רוזמרין,קוסמופארם בע'\'\מ,IL,שמפו כיף,מיליליטרים,750.00,"100 מ""ל",false,0,12.70,1.69,true,1,
7290012116032,false,כיף פיות מרכך לסירוק קל 750 מל,טרופיקל דגיל תעשיות,IL,מרכך כיף,מיליליטרים,750.00,"100 מ""ל",false,0,12.70,1.69,true,1,
7290012116612,false,אורביטול מברשת שיניים מארז 4 יח',ג'נרל מילס סאן אדריא,CN,4 מברשות שיניים,יחידה,1.00,יחידה,false,0,15.30,15.30,true,1,
7290012116629,false,תחליב רול און דוחה יתושים לתינוקות ולילדים סנו די,מיוצר עי קונדיטוריית,IL,סנו די לתינוקות,מיליליטרים,50.00,"100 מ""ל",false,0,18.70,37.40,true,1,
7290012117398,false,קרמה מן גל לאחר גילוח לעור עדין 150 מל,החברה הדרומית,IL,קרמה ג'ל גילוח,מיליליטרים,150.00,"100 מ""ל",false,0,25.50,17.00,true,1,
7290012117411,false,"שמפו וג'ל רחצה רויבוס 700 מ""ל ""קרמה""",קוסמופארם בע'\'\מ,IL,קרמה ג'ל רחצה,מיליליטרים,700.00,"100 מ""ל",false,0,19.50,2.79,true,1,
7290012117428,false,"ג'ל רחצה ושמפו מעיינות מנטה קרמה מן 700 מ""ל",טרופיקל דגיל תעשיות,IL,קרמה ג'ל רחצה,מיליליטרים,700.00,"100 מ""ל",false,0,19.50,2.79,true,1,
7290012117435,false,"קרמה - שמפו וג'ל רחצה 2 ב-1 אלוורה 700 מ""ל",טרופיקל דגיל תעשיות,IL,קרמה ג'ל רחצה,מיליליטרים,700.00,"100 מ""ל",false,0,19.50,2.79,true,1,
7290012117534,false,מרכך כביסה מרוכז תכלת קול סנו מקסימה 1 ליטר,"סנו מפעלי ברונוס בע""\מ",IL,מקסימה ס.מרוכז,ליטרים,1.00,ליטר,false,0,15.30,15.30,true,1,
7290012117626,false,שטיפת פה דנטלית לילדים בטעם ענבים בוב ספוג,קוסמופארם בע'\'\מ,IL,אורביטול מי פה,מיליליטרים,250.00,"100 מ""ל",false,0,14.40,5.76,true,1,
7290012192098,false,חלאבין לאבילין רול און 72 שעות אדום,חלאבין Halvin,IL,חלאבלין רול און,מיליליטרים,60.00,"100 מ""ל",false,0,25.50,42.50,true,1,
7290012192104,false,חלאבלין רול און 72 שעות כחול,חלאבין Halvin,IL,חלאבלין רול און,מיליליטרים,60.00,"100 מ""ל",false,0,25.50,42.50,true,1,
7290012350030,false,מויסט ריסרב קרם עיניים,קרליין,IL,קרם עיניים,מיליליטרים,30.00,"100 מ""ל",false,0,68.20,227.33,true,1,
7290012350788,false,קרליין - עפרון עיניים עם חידוד 112,קרליין,DE,עפרון עיניים,יחידה,1.00,יחידה,false,0,25.50,25.50,true,1,
7290012350795,false,קרליין - עפרון עיניים עם חידוד 113,קרליין,DE,עפרון עיניים,יחידה,1.00,יחידה,false,0,25.50,25.50,true,1,
7290012351501,false,קרליין - קונסילר נגד קמטים וניל,קרליין,IL,קונסילר וניל,יחידה,1.00,יחידה,false,0,46.50,46.50,true,1,
7290012352034,false,"נטורל - קרם לחות עם שמן אגוז מקדמיה לשיער מתולתל 400 מ""ל",נטורל פורמולה Natural Formula,IL,קרם לחות נטורל,מיליליטרים,400.00,"100 מ""ל",false,0,22.90,5.73,true,1,
7290012367700,false,קרם גוף אינטנסיב רליף Intensive relief לעור יבש ומגורה,פישר מעבדות פרמצבטיות בע,IL,קרם גוף,מיליליטרים,700.00,"100 מ""ל",false,0,21.20,3.03,true,1,
7290012367717,false,קרם ידיים וציפורניים Intensive relief לעור יבש ומגורה,פישר מעבדות פרמצבטיות בע,IL,קרם ידיים,מיליליטרים,150.00,"100 מ""ל",false,0,8.40,5.60,true,1,
7290012367823,false,"ד""ר פישר - אמול לתינוק שמן רחצה טיפולי לעור יבש במיוחד 200 מ""ל",פישר מעבדות פרמצבטיות בע,IL,אמול שמן אמבט,מיליליטרים,200.00,"100 מ""ל",false,0,50.30,25.15,true,1,
7290012367908,false,שמן טיפולי לתינוק בתוספת אלוורה Kamil Blue Sensitive,פישר מעבדות פרמצבטיות בע,IL,קמיל בלו שמן,מיליליטרים,200.00,"100 מ""ל",false,1,14.00,7.00,true,1,
7290012491368,false,מגבונים אקולוגיים 72 יח,מאמי קר,IL,מגבונים מאמי קר,יחידה,1.00,יחידה,false,0,11.00,11.00,true,1,
7290012491405,false,"סבון טבעי לניקוי בקבוקים, מוצצים ומשאבות חלב",מאמי קר Mommy Care,IL,סבון ניקוי בקבוק,מיליליטרים,230.00,"100 מ""ל",false,0,22.90,9.96,true,1,
7290012499692,false,תפוח - מחזק ציפורניים,TPOAH,IL,מחזק ציפורניים,יחידה,1.00,יחידה,false,1,40.00,40.00,true,1,
7290012823237,false,"תחליב רחצה קרמה בריזת ים 700 מ""ל",החברה הדרומית,IL,קרמה תחליב רחצה,מיליליטרים,700.00,"100 מ""ל",false,0,16.10,2.30,true,1,
7290012854392,false,בליסטקס תות-בליסטר חדש,מדיליין פריגו,US,בליסטקס תות בליס,יחידה,1.00,יחידה,false,0,8.40,8.40,true,1,
7290012854408,false,בליסטקס מנטה -בליסטר חדש,מדיליין פריגו,US,בליסטקס בטעם מנט,יחידה,1.00,יחידה,false,0,8.40,8.40,true,1,
7290012938580,false,"סנסודיין משחת שיניים להלבנה עדינה 75 מ""ל",גלקסוסמית'\קליין קונסיומ,GB,משחת סנסודיין,מיליליטרים,75.00,"100 מ""ל",false,0,16.00,21.33,true,1,
7290012938597,false,"סנסודיין משחת שיניים רפיד רליף 75 מ""ל","סמיתקליין ביצ'ם בע""מ",GB,משחת סנסודיין,מיליליטרים,75.00,"100 מ""ל",false,0,18.00,24.00,true,1,
7290012938740,false,"משחת שיניים פרש מינט מנטה 75מ""ל סנסודיין",גלקסו סמית קליין,GB,משחת סנסודיין,מיליליטרים,75.00,"100 מ""ל",false,0,16.00,21.33,true,1,
7290012938924,false,אקוהפרש מי פה ללא אלכוהול 500 מל,מולינו ניקולי s.p.a,GB,מי פה אקווה פרש,מיליליטרים,500.00,"100 מ""ל",false,0,15.00,3.00,true,1,
7290012947124,false,ג'נסיס ליקופן סרום 50 מל,פישר מעבדות פרמצבטיות בע,IL,ג'נ.ליקופן סרום,מיליליטרים,50.00,"100 מ""ל",false,0,145.20,290.40,true,1,
7290013083661,false,תחליף חלב מטרנה אקסטרה קר שלב 1 700 גרם,מטרנה תעשיות ש.מ,IL,מטרנה אקסטרה קר,גרמים,700.00,100 גרם,false,0,49.80,7.11,true,1,
7290013083678,false,תחליף חלב מטרנה אקסטרה קר שלב 2 700 גרם,מולינו ניקולי s.p.a,IL,מטרנה אקסטרה קר,גרמים,700.00,100 גרם,false,0,49.80,7.11,true,1,
7290013083685,false,תחליף חלב מטרנה אקסטרה קר שלב 3 חסכון 700 גרם,מטרנה תעשיות ש.מ,IL,מטרנה אקסטרה קר,גרמים,700.00,100 גרם,false,0,49.80,7.11,true,1,
7290013133816,false,לובלו לגבר בודד,לבלו,IL,לבלו לגבר,יחידה,1.00,יחידה,false,0,8.50,8.50,true,1,
7290013268440,false,אורביטול צמד מברשות שיניים בובספוג+פיגור,החברה הדרומית,CN,מברשת שיניים,יחידה,1.00,יחידה,false,1,19.90,19.90,true,1,
7290013269003,false,מרכך כביסה סופר מרוכז בייבי לתינוקות ולעור רגיש,"סנו מפעלי ברונוס בע""\מ",IL,מקסימה מרכך,ליטרים,1.00,ליטר,false,0,15.30,15.30,true,1,
7290013269287,false,סנו - מקסימה ג'ל כביסה מרוכז מאסק 3 ליטר,"סנו מפעלי ברונוס בע""\מ",IL,ג'ל כביסה מרוכז,ליטרים,3.00,ליטר,false,0,25.50,8.50,true,1,
7290013310262,false,כפית ארוכה רגישה לחום4יח,LTD E.L.CO,CN,כפיות נובי,יחידה,1.00,יחידה,false,0,39.20,39.20,true,1,
7290013310637,false,מברשת לניקוי בקבוקים,נובי Nuby,CN,מברשת לבקבוק,יחידה,1.00,יחידה,false,0,41.70,41.70,true,1,
7290013412324,false,טפטפים 30 מגבונים לאף,כצט,,טפטפים מגבונים,יחידה,1.00,יחידה,false,0,11.00,11.00,true,1,
7290013473097,false,"ג'ל ברזל 500 מ""ל",מיסטר בונד,IL,ג'ל ברזל,מיליליטרים,500.00,"100 מ""ל",false,1,20.40,4.08,true,1,
7290013539519,false,סטייל מסיכה ארגן מרוקאי 500 מל,א.ל ארמן,IL,מסכת שיער סטייל,מיליליטרים,500.00,"100 מ""ל",false,0,24.70,4.94,true,1,
7290013652157,false,"ד""ר פישר - נטורל קר מגבונים להסרת איפור לעור רגיל יבש 30 יח' * 3",פישר מעבדות פרמצבטיות בע,IL,מגבונים 3 יח,יחידה,1.00,יחידה,false,0,17.00,17.00,true,1,
7290013652171,false,"ד""ר פישר - נטורל קר מגבונים להסרת איפור לעור שמן מעורב 30 יח' * 3",פישר מעבדות פרמצבטיות בע,IL,שלישיית מגובונים,יחידה,1.00,יחידה,false,0,17.00,17.00,true,1,
7290013652645,false,אוליביול Oliveyol קרם לטיפול ומניעת תפרחת חיתולים,פישר מעבדות פרמצבטיות בע,IL,משחה טיפולית,גרמים,100.00,100 גרם,false,0,30.60,30.60,true,1,
7290013652812,false,"נטורל קר קרם ידיים רגיל/יבש 150 מ""ל",פישר מעבדות פרמצבטיות בע,IL,קרם ידיים נטורל,מיליליטרים,150.00,"100 מ""ל",false,0,12.70,8.47,true,1,
7290013652829,false,קרם ידיים לעור יבש במיוחד Natural care,פישר מעבדות פרמצבטיות בע,IL,קרם ידיים נטורל,מיליליטרים,150.00,"100 מ""ל",false,0,12.70,8.47,true,1,
7290013756343,false,לנסינו משחה לאמהות מניקות 40 גרם,מדי-קיור,,משחת לנסינו,גרמים,40.00,100 גרם,false,0,54.00,135.00,true,1,
7290013848055,false,קרמה מן קרם גוף בניחוח גברי 400 מ' ל,קוסמופארם בע'\'\מ,IL,קרם גוף קרמה מן,מיליליטרים,400.00,"100 מ""ל",false,1,21.20,5.30,true,1,
7290013848383,false,קרמה מן גל רחצה אקטיב בלוק 700 מל לגבר,טרופיקל דגיל תעשיות,IL,ג'ל רחצה קרמה מן,מיליליטרים,700.00,"100 מ""ל",false,0,19.50,2.79,true,1,
7290013848420,false,דאודורנט גל קרמה מן אנטיפרספירנט 70 מל,גוד פוד פרודקטס S.p,IL,דאו.ג'ל ספורט,מיליליטרים,70.00,"100 מ""ל",false,0,17.00,24.29,true,1,
7290013848437,false,"קרמה - דאודורנט ספריי לגבר אקטיב בלוק 200 מ""ל",מיוצר עי אמיליה קוסמ,IL,דאו.קרמה מן,מיליליטרים,200.00,"100 מ""ל",false,0,20.00,10.00,true,1,
7290013863591,false,חלאבילין סטיק דאודורנט 60 מל,חלאבין,IL,דאו' סטיק חלאבין,מיליליטרים,60.00,"100 מ""ל",false,1,17.00,28.33,true,1,
7290013902016,false,שמפו קרטין ליבש 1 ליטר,KAVA KAVA,IL,שמפו קרטין הידרו,ליטרים,1.00,ליטר,false,1,76.90,76.90,true,1,
7290013902061,false,"מסכה ויטמין E 500 מ""ל",,IL,מסכה ויטמין E,מיליליטרים,500.00,"100 מ""ל",false,0,76.00,15.20,true,1,
7290013971555,false,סוללות פוג'יקום 4AAA+8AA,פוג'יקום,CN,סוללות פוג'יקום,יחידה,1.00,יחידה,false,0,20.40,20.40,true,1,
7290014002203,false,חליטת לימונית ולואיזה הגן הקסום ויסוצקי 25 יחידות,תה ויסוצקי,IL,חליטת לימונית,גרמים,75.00,100 גרם,false,0,14.40,19.20,true,1,
7290014059085,false,"משחת שיניים סנסודיין 75 מ""ל פרימיום לשיקום והגנה","סמית קליין ביצ'ם בע""",GB,משחת סנסודיין,מיליליטרים,75.00,"100 מ""ל",false,0,18.00,24.00,true,1,
7290014059436,false,"משחת שיניים סנסודיין 75 מ""ל פרימיום לשיקום והגנה מלבינה 75 מ""ל","סמית קליין ביצ'ם בע""",GB,משחת סנסודיין,מיליליטרים,75.00,"100 מ""ל",false,0,18.00,24.00,true,1,
7290014126473,false,נגיסי אורז לתינוק תפוח בייבי ביס 50 גר,גואנז'ו יונג וואנט פ,CN,בייבי ביס,גרמים,50.00,100 גרם,false,1,12.70,25.40,true,1,
7290014204478,false,קרם גוף 4 פנינה רוזנבלום,פנינה רוזנבלום,IL,קרם גוף פנינה,מיליליטרים,340.00,"100 מ""ל",false,0,29.80,8.76,true,1,
7290014204560,false,"סבון נוזלי שלישיה 500 מ""ל פנינה רוזנבלום",פ.רוזנבלום כללי,IL,פנינה-סבון 500,ליטרים,1.50,ליטר,false,0,9.30,6.20,true,1,
7290014204713,false,"תרסיס גוף מס' 2 250 מ""ל פנינה רוזנבלום",פנינה רוזנבלום,IL,ספריי לגוף פנינה,מיליליטרים,250.00,"100 מ""ל",false,1,25.50,10.20,true,1,
7290014258716,false,תרכובת מזון צמחי על בסיס חלבון סויה מגיל לידה,מטרנה תעשיות ש.מ,IL,מטרנה צמחי,גרמים,700.00,100 גרם,false,0,40.90,5.84,true,1,
7290014258723,false,תרכובת מזון צמחי לתינוקות מגיל 0 עד גיל שנה,מטרנה תעשיות ש.מ,IL,מטרנה צמחית,גרמים,700.00,100 גרם,false,0,55.40,7.91,true,1,
7290014258730,false,תרכובת מזון צמחי לתינוקות מגיל 12 חודשים ואילך,מטרנה תעשיות ש.מ,IL,מטרנה צמחית,גרמים,700.00,100 גרם,false,0,55.40,7.91,true,1,
7290014397514,false,"מבשם אויר סנו פרש הום בניחוח כותנה מלטפת 350 מ""ל","סנו מפעלי ברונוס בע""",IL,סנופרש כותנה,מיליליטרים,350.00,"100 מ""ל",false,0,11.00,3.14,true,1,
7290014424029,false,פראנס ביוטי שעווה למיקרוגל פנים ורוד70גר,נורוליס,IT,השעווה למיקרוגל,גרמים,70.00,100 גרם,false,1,21.20,30.29,true,1,
7290014424081,false,פראנס ביוטי שעווה ברולר טיבעי,נורוליס,IT,שעווה ברולר,מיליליטרים,100.00,"100 מ""ל",false,1,12.70,12.70,true,1,
7290014424364,false,רצועות שעווה מהפנים אלוו,,IT,רצועות שעווה מהפ,יחידה,1.00,יחידה,false,1,19.50,19.50,true,1,
7290014426061,false,משחת שיניים הלו קיטי בטעם ענבים לגיל 2-6,כצט נוביס,IL,משחת שיניים,מיליליטרים,50.00,"100 מ""ל",false,0,10.10,20.20,true,1,
7290014525290,false,חטיפי סלים דליס קריספי תות מרבה 125 גרם,סלים דליס Slim Delis,NL,סלים דליס חטיפים,גרמים,125.00,100 גרם,false,1,13.50,10.80,true,1,
7290014547322,false,סנסודין זוג מברשות שיניים שיקום כחול+תכל,סנסודיין,CN,מברשות שיניים2יח,יחידה,1.00,יחידה,false,0,17.00,17.00,true,1,
7290014547353,false,סנסודין זוג מברשות שיניים דואלקר ירוק+יר,"L Co., Industrial Shummi",CN,2 מברשו סנסודיין,יחידה,1.00,יחידה,false,1,25.50,25.50,true,1,
7290014648081,false,סכיני גילוח חד פעמי לה בלה עשירייה,נינגבי הווארד,CN,סכיני גילוח ח.פ.,יחידה,1.00,יחידה,false,1,8.40,8.40,true,1,
7290014648937,false,קיסמי שיניים משולב בחוט דנטלי מנטה 36 יח,,IL,קיסמי שיניים משו,יחידה,1.00,יחידה,false,1,9.30,9.30,true,1,
7290014648944,false,PHARMA DENTקיסמי מברשת דו צדדיים 300יח,,IL,קיסמי מברשות דו,יחידה,1.00,יחידה,false,1,9.30,9.30,true,1,
7290014648951,false,PHARMA DENTקיסמי מברשת דו צדדיים בטעם מנטה 100יח,,IL,קיסמי מברשות דו,יחידה,1.00,יחידה,false,1,9.30,9.30,true,1,
7290014649033,false,שלישיית ספוגי רחצה ע,,IL,ספוג רחצה מפנק,יחידה,1.00,יחידה,false,1,10.10,10.10,true,1,
7290014649248,false,מארז מקופלת יח',,IL,מארז מקופלת ורוד,יחידה,1.00,יחידה,false,1,25.50,25.50,true,1,
7290014901247,false,"שמפו קרטין לאחר החלקה ועיצוב בחום סטייל 750 מ""ל",א.ל. ארמן ייצור תמרו,IL,שמפו קרטין,מיליליטרים,750.00,"100 מ""ל",false,0,25.50,3.40,true,1,
7290014901254,false,"מרכך קרטין לאחר החלקה ועיצוב בחום סטייל 750 מ""ל",א.ל ארמן ייצור תמרוק,IL,מרכך קרטין,מיליליטרים,750.00,"100 מ""ל",false,0,25.50,3.40,true,1,
7290014901261,false,"מסכה קרטין לאחר החלקה ועיצוב בחום סטייל 500 מ""ל",א.ל ארמן ייצור תמרוק,IL,מסכת קרטין,מיליליטרים,500.00,"100 מ""ל",false,0,29.80,5.96,true,1,
7290014901308,false,"סנסודיין משחת שיניים להגנה מלאה 75 מ""ל - סדרת פרמיום","סמית קליין ביצ'ם בע""",GB,משחת סנסודיין,מיליליטרים,75.00,"100 מ""ל",false,0,18.00,24.00,true,1,
7290014901315,false,סנסודיין משחה הגנה מלאה אקסטרה פרש 75 מל,"סמית קליין ביצ'ם בע""",GB,משחת סנסודיין,מיליליטרים,75.00,"100 מ""ל",false,0,18.00,24.00,true,1,
7290014901896,false,"מי פה סנסודיין מנטה מרענן 500 מ""ל",גלקסוסמיתקליין,GB,סנסודיין מי פה,מיליליטרים,500.00,"100 מ""ל",false,1,17.00,3.40,true,1,
7290014949751,false,אוטן ג'וניור ג'ל דוחה יתושים לילדים,ג'נרל מילס סאן אדריא,NL,אוטן ג'וניור,מיליליטרים,100.00,"100 מ""ל",false,0,22.90,22.90,true,1,
7290014949768,false,אוטן אפטר בייט 25 מ''ל,המאפיה של הרמן,IT,אוטן אפטר בייט,מיליליטרים,25.00,"100 מ""ל",false,0,22.90,91.60,true,1,
7290014962521,false,"טפטפים משחת שיניים לילדים מגיל 2-6 50 מ""ל",כצט CTS,IL,משחת שיניים,מיליליטרים,50.00,"100 מ""ל",false,0,10.00,20.00,true,1,
7290014962538,false,משחת שיניים ג'וניור מנטה מעודן לגילאי 6+,כצט CTS,IL,משחת שיניים,מיליליטרים,50.00,"100 מ""ל",false,0,10.00,20.00,true,1,
7290015025942,false,"קרם ידיים קלאסי עם שמן שקדים פנג'ל 80 מ""ל",מיוצר עי קונדיטוריית,IL,קרם ידיים פנג'ל,מיליליטרים,80.00,"100 מ""ל",false,1,7.00,8.75,true,1,
7290015081948,false,אולטרסול ספורט MAX קרם גל לפנים 75 SPF50,פישר מעבדות פרמצבטיות בע,IL,אולטרסול קידס,מיליליטרים,75.00,"100 מ""ל",false,1,42.00,56.00,true,1,
7290015155823,false,מחית תפוחי עץ חטיפטף ללא תוספת סוכר,פרוטה פודיווין איי.א,CZ,חטיפטף פרינוק,גרמים,120.00,100 גרם,false,1,4.20,3.50,true,1,
7290015155830,false,מחית תפוחי עץ ובננה חטיפטף ללא תוספת סוכר,פרוטה פודווין איי.אס,CZ,חטיפטף פרינוק,גרמים,120.00,100 גרם,false,1,4.20,3.50,true,1,
7290015155847,false,מחית סלט פירות חטיפטף ללא תוספת סוכר,פרוטה פודיווין איי.א,CZ,חטיפטף פרינוק,גרמים,120.00,100 גרם,false,1,4.20,3.50,true,1,
7290015156769,false,מחית פרינוק פאוץ' תפוח ואוכמניות 120 גרם,פרוטה פודווין איי.אס,CZ,פאוץ' פרינוק תפו,גרמים,120.00,100 גרם,false,1,4.20,3.50,true,1,
7290015156776,false,מחית פירות טרופיים חטיפטף ללא תוספת סוכר,פרוטה פודווין איי.אס,CZ,חטיפטף פרינוק,גרמים,120.00,100 גרם,false,1,4.20,3.50,true,1,
7290015156790,false,מחית לפתן פירות חטיפטף ללא תוספת סוכר,פרוטה פודווין איי.אס,CZ,חטיפטף פרינוק,גרמים,120.00,100 גרם,false,1,4.20,3.50,true,1,
7290015156813,false,פאוץ' מחית פירות מעורבים פרינוק 120 גרם,פרוטה פודווין איי.אס,CZ,חטיפטף פרינוק,גרמים,120.00,100 גרם,false,1,4.20,3.50,true,1,
7290015176361,false,מברשת שיניים חשמלית למבוגרים-FJ-TBFJ-ABLUE,פוג'יקום,CN,מברשת שיניים,יחידה,1.00,יחידה,false,1,25.50,25.50,true,1,
7290015176378,false,מברשת שיניים חשמלית למבוגרים-FJ-TBFJ-APURPLE,פוג'יקום,CN,מברשת שיניים,יחידה,1.00,יחידה,false,1,25.50,25.50,true,1,
7290015176385,false,מברשת שיניים חשמלית לילדים בצבע כחול,פוג'יקום,CN,מברשת שיניים,יחידה,1.00,יחידה,false,1,25.50,25.50,true,1,
7290015176446,false,אוזניות סטריאו עם מיקרופ,פוג'יקום,CN,אוזניות עם מקרופ,יחידה,1.00,יחידה,false,1,28.10,28.10,true,1,
7290015176491,false,כבל מקצועי לאייפון יח',פוג'יקום,CN,כבל מקצועי לאיפו,יחידה,1.00,יחידה,false,1,46.90,46.90,true,1,
7290015366663,false,"משחת שיניים מנטה עדין אקווה פרש 100 מ""ל",גלקסוסמיתקליין,SK,משחה אקווה פרש,מיליליטרים,100.00,"100 מ""ל",false,1,6.50,6.50,true,1,
7290015366670,false,משחת שיניים הגנה משולשת מנטה מרענן,גלקסוסמיתקליין,SK,משחה אקווה פרש,מיליליטרים,100.00,"100 מ""ל",false,1,6.50,6.50,true,1,
7290015366724,false,"קרם לחות ארגן קוקוס סטייל 400 מ""ל",א.ל.ארמן ייצור תמרוקים ב,IL,קרם לחות סטייל,מיליליטרים,400.00,"100 מ""ל",false,1,25.00,6.25,true,1,
7290015414463,false,גולדן קיט,מאליס מסכה,IL,גולדן קיט,יחידה,1.00,יחידה,false,1,58.90,58.90,true,1,
7290015470384,false,קרם ידיים מטפח אינטנסיב מועשר בשמן שקדים,אינטרקוסמא,IL,קרם ידיים פנג'ל,מיליליטרים,100.00,"100 מ""ל",false,1,10.10,10.10,true,1,
7290015683227,false,פוג'יקום מטען ביתי לאייפון 5 2.4A+מתאם מקורי C48,פוג'יקום,CN,מטען לבית אייפון,יחידה,1.00,יחידה,false,1,80.20,80.20,true,1,
7290015683500,false,כבל סנכרון USB 3.0 יחידה,פוג'יקום,CN,כבל סנכרון U 3.0,יחידה,1.00,יחידה,false,1,51.20,51.20,true,1,
7290015683586,false,פוג'יקום מטען TYPE C לבית,פוג'יקום,CN,מטען ביתי A 2.4,יחידה,1.00,יחידה,false,1,80.20,80.20,true,1,
7290015733205,false,תרכובת מזון לתינוקות חלבי שלב 1 אקסטרה קר מהדרין,נסטלה,IL,מטרנה אקסטרה,גרמים,700.00,100 גרם,false,1,49.80,7.11,true,1,
7290015733229,false,תרכובת מזון לתינוקות חלבי שלב 2 אקסטרה קר מהדרין,מטרנה,IL,מטרנה אקסטרה,גרמים,700.00,100 גרם,false,1,49.80,7.11,true,1,
7290015733243,false,מטרנה אקסטרה קייר מהדרין שלב 3 700 גרם,מטרנה תעשיות ש.מ.,IL,מטרנה אקסטרה,גרמים,700.00,100 גרם,false,1,49.80,7.11,true,1,
7290015733427,false,מטרנה דייסת גם וגם וניל פרו12*300ג 2019,מולינו ניקולי s.p.a,IL,דייסת מטרנה,גרמים,300.00,100 גרם,false,1,17.00,5.67,true,1,
7290015733441,false,מטרנה דייסת גם וגם דגנים פרו 300 גר',מטרנה תעשיות ש.מ,IL,דייסת מטרנה,גרמים,300.00,100 גרם,false,1,17.00,5.67,true,1,
7290015733465,false,דייסת מטרנה גם וגם קרנפלור פרו 300 גרם,מטרנה תעשיות ש.מ,IL,דייסת מטרנה,גרמים,300.00,100 גרם,false,1,17.00,5.67,true,1,
7290015733977,false,תרכובת מזון קומפורט על בסיס חלבי דל לקטוז,מטרנה תעשיות ש.מ.,IL,מטרנה קומפורט עם,גרמים,700.00,100 גרם,false,1,59.00,8.43,false,1,
7290015793469,false,"קרם להקלה בגירוי, צריבה ותפרחת חיתולים לעור רגיש",אורה קרם,IL,אורה קרם שפורפרת,גרמים,90.00,100 גרם,false,1,17.00,18.89,true,1,
7290016077810,false,דורסל סוללה למכשירי שמיע,דורסל,DE,דורסל סוללה,יחידה,1.00,יחידה,false,1,25.50,25.50,true,1,
7290016077827,false,דורסל סוללה למכשירי שמיע,דורסל,DE,דורסל סוללה,יחידה,1.00,יחידה,false,1,27.20,27.20,true,1,
7290016197600,false,דיפנד - תחבושת לנשים נורמל 12 יח',קימברלי קלארק,VN,תחבושות דיפנד,יחידה,1.00,יחידה,false,1,18.70,18.70,true,1,
7290016197617,false,תחבושת לנשים אקסטרה דיפנד 10 יחידות,קימברלי קלארק,VN,תחבושות דיפנד,יחידה,1.00,יחידה,false,1,18.70,18.70,true,1,
7290016197624,false,תחבושות לנשים סופר דיפנד 8 יחידות,קימברלי קלארק,VN,תחבושות דיפנד,יחידה,1.00,יחידה,false,1,18.70,18.70,true,1,
7290016246018,false,בארכה מיקס פינוקיות חלבה 10*20 גרם.,"רושדי תעשיות מזון בע""\מ",IL,חלבה בארכה מיקס,גרמים,200.00,100 גרם,false,1,11.00,5.50,true,1,
7290016299076,false,"ARGANIA שמפו טיפולי חומצה היאלרונית וקרטין ללא SLS ללא פארבן ללא מלחים ללא רכיבים מן החי 450 מ""ל",ארגניה יצור ושיווק,IL,שמפו טיפולי חומצ,מיליליטרים,450.00,"100 מ""ל",false,1,33.20,7.38,true,1,
7290016299168,false,"ARGANIA סרום קיק לחיזוק שורש השערה 100 מ""ל",ארגניה,IL,סרום קיק לחיזוק,מיליליטרים,100.00,"100 מ""ל",false,1,41.70,41.70,true,1,
7290016299199,false,ארגניה סרום חומצה היאלורונית וקרטין 100,ארגניה,IL,סרום חומצה היאלר,מיליליטרים,100.00,"100 מ""ל",false,1,41.70,41.70,true,1,
7290016299403,false,"ARGANIA - קרם לחות לשיער המועשר בשמן קיק ללא ס.ל.ס 400 מ""ל",ארגניה,IL,קרם לחות שמן קיק,מיליליטרים,400.00,"100 מ""ל",false,1,38.30,9.58,true,1,
7290016299410,false,ארגניה שמפו חומצה היאלורונית וחמאת שיאה,ארגניה יצור ושיווק,IL,שמפו לשיער מתולת,מיליליטרים,450.00,"100 מ""ל",false,1,33.20,7.38,true,1,
7290016299540,false,מרכך לשיער עץ התה450מל,ארגניה יצור ושיווק,IL,מרכך לשיער סרפד,מיליליטרים,450.00,"100 מ""ל",false,1,33.20,7.38,true,1,
7290016299557,false,שמן ארגן טהור 30 מל ארגניה,ארגניה יצור ושיווק,IL,שמן 100% ארגן טה,מיליליטרים,30.00,"100 מ""ל",false,1,50.30,167.67,true,1,
7290016299618,false,"ARGANIA שמפו קיק ללא מלחים ,ללא SLS ,ללא פארבן 450 מ""ל",ארגניה יצור ושיווק,IL,שמפו קיק,מיליליטרים,450.00,"100 מ""ל",false,1,33.20,7.38,true,1,
7290016299625,false,ארגניה מסכת קיק ללא שטיפה 250 מל,ארגניה,IL,מסיכת קיק,מיליליטרים,250.00,"100 מ""ל",false,1,39.70,15.88,true,1,
7290016299632,false,"ARGANIA - שמפו ארגן לכל סוגי השיער ללא ס.ל.ס 450 מ""ל",ארגניה יצור ושיווק,IL,שמפו לשיער ללא S,מיליליטרים,450.00,"100 מ""ל",false,1,33.20,7.38,true,1,
7290016299663,false,"שמן קיק בכבישה קרה ארגניה 100 מ""ל",,IL,שמן קיק,מיליליטרים,100.00,"100 מ""ל",false,1,17.00,17.00,true,1,
7290016299670,false,שמן קיק בכבישה קרה ארגניה,,IL,שמן קיק 100% טהו,מיליליטרים,250.00,"100 מ""ל",false,1,34.10,13.64,true,1,
7290016299687,false,ארגניה מרכך חומצה היאלורונית וחמאת שיאה,ארגניה יצור ושיווק,IL,מרכך לשיער מתולת,מיליליטרים,450.00,"100 מ""ל",false,1,33.20,7.38,true,1,
7290016299731,false,ARGANIA ערכת מארז WTF,ארגניה יצור ושיווק,IL,מארז WTF,יחידה,1.00,יחידה,false,1,118.80,118.80,true,1,
7290016299755,false,"ARGANIA מרכך קיק ללא מלחים ,ללא SLS ,ללא פארבן 400 מ""ל",ארגניה יצור ושיווק,IL,מרכך קיק,מיליליטרים,450.00,"100 מ""ל",false,1,33.20,7.38,true,1,
7290016299878,false,"ARGANIA מסיכה טיפולית לשיער מעושר בחומצה האילרונית וקרטין ללא SLS 500 מ""ל",ארגניה יצור ושיווק,IL,מסיכה טיפולית לש,מיליליטרים,500.00,"100 מ""ל",false,1,38.30,7.66,true,1,
7290016299885,false,"ARGANIA מסיכה קיק לחיזוק השורש והשיערה 500 מ""ל",שיווק TEVACOM,IL,מסיכת קיק,מיליליטרים,500.00,"100 מ""ל",false,1,38.30,7.66,true,1,
7290016299892,false,"ARGANIA - מסיכה מקצועית לשיער קרטין וארגן 500 מ""ל",ארגניה יצור ושיווק,IL,מסיכה לשיער קרטי,מיליליטרים,500.00,"100 מ""ל",false,1,38.30,7.66,true,1,
7290016299984,false,"ARGANIA שמפו סרפד ועץ התה לטיפול נגד קשקשים 450 מ""ל",ארגניה יצור ושיווק,IL,שמפו לשיער סרפד,מיליליטרים,450.00,"100 מ""ל",false,1,33.20,7.38,true,1,
7290016319118,false,מגע הדבש שעווה מתקלפת לפנים 100 גרם,המאפיה של הרמן,IL,שעווה לאזור פנים,מיליליטרים,100.00,"100 מ""ל",false,1,25.50,25.50,true,1,
7290016321548,false,מגע המשי רצועות שעווה 16+2קמומיל,ש.שוורץ,ES,רצועות שעווה לגו,יחידה,1.00,יחידה,false,1,24.70,24.70,true,1,
7290016321661,false,פרש וואנס SENSITIVE מגבונים ללא בישום רביעייה 72 יחידות,עלבד משואות יצחק,IL,פרש וואנס 4יח,יחידה,1.00,יחידה,false,1,16.10,16.10,true,1,
7290016321777,false,מגע הדבש רצועות שעווה לפנים אלוורה 20 יח,שוורצקוף& הנקל דיסלד,IL,רצועות שעווה לפנ,יחידה,1.00,יחידה,false,1,24.70,24.70,true,1,
7290016329261,false,סרקל מתיר קשרים ספריי רציףף 300 מ'ל,פישר מעבדות פרמצבטיות בע,IL,סרקל מתיר קשרים,מיליליטרים,300.00,"100 מ""ל",false,1,21.20,7.06,true,1,
7290016329278,false,קמיל בלו מגבונים מילוי 64 יח רביעייה,פישר מעבדות פרמצבטיות בע,IL,מגבונים קמיל בלו,יחידה,1.00,יחידה,false,1,15.20,15.20,true,1,
7290016329308,false,"ד""ר פישר - סרקל קרם רוזמרין לשיער מתולתל 325 מ""ל",פישר מעבדות פרמצבטיות בע,IL,סרקל מתיר קשרים,מיליליטרים,325.00,"100 מ""ל",false,1,22.00,6.77,true,1,
7290016329674,false,קמיל בלו קרם פנים לתינוק לעור יבש במיוחד,פישר מעבדות פרמצבטיות בע,IL,קרם פנים קמיל,מיליליטרים,75.00,"100 מ""ל",false,1,25.50,34.00,true,1,
7290016350005,false,דאו סטיק גבר בלו וויב80מ,א.משי תעשיות,IL,דאו סטיק לגבר,מיליליטרים,80.00,"100 מ""ל",false,1,12.70,15.88,true,1,
7290016350012,false,דאו סטיק לגבר גולדן 80מל,א.משי תעשיות,IL,דאו סטיק לגבר,מיליליטרים,80.00,"100 מ""ל",false,1,12.70,15.88,true,1,
7290016437416,false,דיפנד - גזרה גבוה תחתון מדיום נשים 18 יח',KC Vietnam,IL,תחתון דיפנד,יחידה,1.00,יחידה,false,1,58.00,58.00,true,1,
7290016437423,false,דיפנד תחתון סופג L נשים 16 יח גזרה גבוהה,KC Vietnam,IL,תחתון דיפנד,יחידה,1.00,יחידה,false,1,58.00,58.00,true,1,
7290016437591,false,קוטקס - תחתונים סופגים לנשים לאחר לידה מדיום 8 יח',חוגלה קימברלי,KR,תחתונים סופגים,יחידה,1.00,יחידה,false,0,31.50,31.50,true,1,
7290016437607,false,קוטקס - תחתונים סופגים לנשים לאחר לידה לארג' 8 יח',חוגלה קימברלי,KR,תחתונים סופגים,יחידה,1.00,יחידה,false,0,31.50,31.50,true,1,
7290016437621,false,חיתולי האגיס פרידום דריי pants מידה 4 36 יחידות,קימברלי קלארק צ'כיה,CZ,חיתולי האגיס,יחידה,1.00,יחידה,false,1,41.70,41.70,true,1,
7290016437645,false,חיתולי האגיס פרידום דריי pants מידה 5 34 יחידות,קימברלי קלארק צ'כיה,CZ,חיתולי האגיס,יחידה,1.00,יחידה,false,1,41.70,41.70,true,1,
7290016437652,false,חיתולי האגיס פרידום דריי pants מידה 6 30 יחידות,קימברלי קלארק צ'כיה,CZ,חיתולי האגיס,יחידה,1.00,יחידה,false,1,41.70,41.70,true,1,
7290016509786,false,פרסיל גל לכביסה לבנה וצבעונית-ירוק 2.5 ל,"הנקל סוד בע""\מ",IL,ג'ל כביסה פרסיל,ליטרים,2.50,ליטר,false,1,25.50,10.20,true,1,
7290016564266,false,מבריקל הפלא כיסוי הפלא 3,פארמה דיל,IL,מבריקל הפלא כיסו,יחידה,1.00,יחידה,false,1,11.00,11.00,true,1,
7290016621013,false,"ד""ר פישר - קרם גוף קמיל בלו 500 מ""ל",פישר מעבדות פרמצבטיות בע,IL,קרם גוף קמיל בלו,מיליליטרים,500.00,"100 מ""ל",false,1,17.00,3.40,true,1,
7290016621358,false,"ד""ר פישר - קמיל אל סבון ניקיון והזנה ורוד 1 ליטר",פישר מעבדות פרמצבטיות בע,IL,אל סבון קמיל,ליטרים,1.00,ליטר,false,1,13.50,13.50,true,1,
7290016621365,false,אל סבון היגייני לניקוי יסודי קמיל Clean & Moisture,פישר מעבדות פרמצבטיות בע,IL,אל סבון קמיל,ליטרים,1.00,ליטר,false,1,13.50,13.50,true,1,
7290016692150,false,"סבון טבעי לניקוי בקבוקים, מוצצים ומשאבות חלב",מאמי קר Mommy Care,IL,סבון לניקוי,מיליליטרים,500.00,"100 מ""ל",false,0,40.00,8.00,true,1,
7290016692198,false,מאמי קייר משחת החתלה קלנדולה קלאסיק,מאמי קר Mommy Care,IL,קלאסיק משחת החתל,מיליליטרים,120.00,"100 מ""ל",false,1,20.00,16.67,true,1,
7290016732672,false,מברשת שיניים סנסודיין הגנה מלאה,גלקסוס סמית קליין,CN,מברשת סנסודיין,יחידה,1.00,יחידה,false,1,21.20,21.20,true,1,
7290016866643,false,פרודונטקס מ.שיניים אקסטרה פרש 75 מל,פרודונטקס Parodontax,SK,משחה פרודונטקס,מיליליטרים,75.00,"100 מ""ל",false,1,27.20,36.27,true,1,
7290016866650,false,"פרודונטקס - משחת שיניים אוריג'ינל 75 מ""ל",פרודונטקס Parodontax,SK,משחה פרודונטקס,מיליליטרים,75.00,"100 מ""ל",false,1,27.20,36.27,true,1,
7290016866667,false,"פרודונטקס - משחת שיניים ללא פלאוריד 75 מ""ל",פרודונטקס Parodontax,SK,משחה פרודונטקס,מיליליטרים,75.00,"100 מ""ל",false,1,27.20,36.27,true,1,
7290016866674,false,"פרודונטקס - משחת שיניים מלבינה 75 מ""ל",פרודונטקס Parodontax,SK,משחה פרודונטקס,מיליליטרים,75.00,"100 מ""ל",false,1,27.20,36.27,true,1,
7290016866681,false,מברשת שיניים פרודונטקס סופט,גלקסוס סמית קליין,CN,מברשת פרודונטקס,יחידה,1.00,יחידה,false,1,17.00,17.00,true,1,
7290016866704,false,סטייל שמפו קרטין E 750 מל לשיקום שיער יב,סטייל Style,IL,שמפו קרטין,מיליליטרים,750.00,"100 מ""ל",false,1,25.50,3.40,true,1,
7290016866711,false,"סטייל מרכך לשיער קרטין פלוס לאחר החלקה, 750 מ""ל",סטייל Style,IL,מרכך קרטין,מיליליטרים,750.00,"100 מ""ל",false,1,25.50,3.40,true,1,
7290016866728,false,סטייל מסכה קרטין E 500 מל לשיקום שיער יב,סטייל Style,IL,מסכה קרטין,מיליליטרים,500.00,"100 מ""ל",false,1,29.80,5.96,true,1,
7290016866735,false,סטייל קרם לחות קרטין E 400 מל לשיקום שיע,א.ל. ארמן,IL,קרם לחות קרטין,מיליליטרים,400.00,"100 מ""ל",false,1,29.80,7.45,true,1,
7290016912494,false,"ד""ר פישר - אפקטיב קר תרחיץ פנים לכל סוגי העור 180 מ""ל",פישר מעבדות פרמצבטיות בע,IL,תרחיץ פנים,מיליליטרים,180.00,"100 מ""ל",false,1,14.00,7.78,true,1,
7290016912500,false,"ד""ר פישר - אפקטיב קר תרחיץ פנים לעור רגיש 180 מ""ל",פישר מעבדות פרמצבטיות בע,IL,תרחיץ פנים,מיליליטרים,180.00,"100 מ""ל",false,1,14.00,7.78,true,1,
7290016912609,false,"סרקל מסיכת הזנה לשיער ילדים 200 מ""ל",פישר מעבדות פרמצבטיות בע,IL,מסכת סרקל,מיליליטרים,200.00,"100 מ""ל",false,1,22.10,11.05,true,1,
7290016912616,false,סרקל שמפו לילדים לשיער בהיר - בלונדיני,פישר מעבדות פרמצבטיות בע,IL,שמפו סרקל בלונד,ליטרים,1.00,ליטר,false,1,23.80,23.80,true,1,
7290016912623,false,סרקל מרכך לילדים לשיער בהיר - בלונדיני,פישר מעבדות פרמצבטיות בע,IL,מרכך סרקל בלונד,ליטרים,1.00,ליטר,false,1,23.80,23.80,true,1,
7290017002101,false,פראנס ביוטי מכשיר חימום לרולר שעווה,נורוליס,CN,מכשיר חימום לרול,יחידה,1.00,יחידה,false,1,47.70,47.70,true,1,
7290017002149,false,פראנס ביוטי שעווה למיקרוגל פנים שחור70גר,נורוליס,IT,השעווה למיקרוגל,גרמים,70.00,100 גרם,false,1,21.20,30.29,true,1,
7290017031477,false,"סנסודיין משחת שיניים רפיד רליף להלבנה 75 מ""ל","סמיתקליין ביצ'ם בע""מ",GB,משחת סנסודיין,מיליליטרים,75.00,"100 מ""ל",false,1,18.00,24.00,true,1,
7290017031569,false,סטייל שמפו קרטין פלוס 100 מל לשיקום שיער,גורי,IL,שמפו קרטין סטייל,יחידה,1.00,יחידה,false,1,8.40,8.40,true,1,
7290017031583,false,סטייל מרכך קרטין פלוס 100 מל לשיקום שיער,א.ל ארמן,IL,מרכך קרטין מוקטן,מיליליטרים,100.00,"100 מ""ל",false,1,8.40,8.40,true,1,
7290017031705,false,"סנסודיין משחת שיניים קלין & פרש 75 מ""ל",גלקסוס סמית קליין,SK,משחת סנסודיין,מיליליטרים,75.00,"100 מ""ל",false,1,16.00,21.33,true,1,
7290017031811,false,פרודונטקס מברשת שיניים אקסטרא סופט א.זוג,גלקסוסמיתקליין,CN,מברשות פרודונטקס,יחידה,1.00,יחידה,false,1,17.00,17.00,true,1,
7290017031859,false,"פרודונטקס - משחת שיניים אולטרא קלין 75 מ""ל","מאסטרפוד אוסטריה בע""מ",SK,משחת פרודונטקס,מיליליטרים,75.00,"100 מ""ל",false,1,27.20,36.27,true,1,
7290017031927,false,שמפו סטיייל האמפ 750 מל,א.ל.ארמן ייצור תמרוקים ב,IL,סטייל שמפו 750 מ,מיליליטרים,750.00,"100 מ""ל",false,1,21.20,2.83,true,1,
7290017088051,false,בייביסיטר - חיתולי סטנדרט מידה 3 - 52 יח',די.פי.אל תעשיות מוצרים ח,IL,חיתולי בייביסיטר,יחידה,1.00,יחידה,false,1,28.10,28.10,true,1,
7290017088082,false,בייביסיטר - חיתולי סטנדרט מידה 5 - 36 יח',די.פי.אל תעשיות מוצרים ח,IL,חיתולי בייביסיטר,יחידה,1.00,יחידה,false,1,28.10,28.10,true,1,
7290017088464,false,תחבושות סופגנית מקסי לונג טופ פד 20 יח',D.P.L,IT,טופ פד,יחידה,1.00,יחידה,false,1,17.00,17.00,true,1,
7290017088815,false,בריז תחבושות לבריחת שתן נורמל 12 יח,ניאופארם,IT,בריז תחבושות שתן,יחידה,1.00,יחידה,false,1,16.10,16.10,true,1,
7290017088822,false,BREEZE תחבושות לבריחת שתן אקסטרה (10 יח'),ניאופארם,IT,בריז תחבושות שתן,יחידה,1.00,יחידה,false,1,16.10,16.10,true,1,
7290017088969,false,חיתולי בייביסיטר ניו בורן מידה 1 42 יח',די.פי.אל תעשיות מוצרים ח,IL,חיתול דק מידה 1,יחידה,1.00,יחידה,false,1,22.90,22.90,true,1,
7290017088983,false,חיתולי בייביסיטר ניו בורן מידה 2 38 יחי',די.פי.אל תעשיות מוצרים ח,IL,חיתול דק מידה 2,יחידה,1.00,יחידה,false,1,22.90,22.90,true,1,
7290017311999,false,"סרום גוף 100 מ""ל",General,IL,סרום גוף,מיליליטרים,100.00,"100 מ""ל",false,1,195.70,195.70,true,1,
7290017407012,false,ESTER QUEEN שפתון מט יח',,IL,ESTER QUEEN שפתו,יחידה,1.00,יחידה,false,1,39.90,39.90,true,1,
7290017407036,false,JULLE שפתון מט יח',,IL,JULLE שפתון מט,יחידה,1.00,יחידה,false,1,39.90,39.90,true,1,
7290017407050,false,HANAL'E שפתון מט יח',,IL,HANAL'E שפתון מט,יחידה,1.00,יחידה,false,1,39.90,39.90,true,1,
7290017407098,false,MERILLEE שפתון מט יח',,IL,MERILLEE שפתון מ,יחידה,1.00,יחידה,false,1,39.90,39.90,true,1,
7290017407142,false,שפתון נוזלי MAMA WONDER,,IL,שפתון נוזלי WON,יחידה,1.00,יחידה,false,1,39.90,39.90,true,1,
7290017407265,false,שפתון מט GG יח',,IL,שפתון מט GG,יחידה,1.00,יחידה,false,1,39.90,39.90,true,1,
7290017407302,false,CAVALLO מארז בושם לשיער,,IL,מארז בושם לשיער,יחידה,1.00,יחידה,false,1,39.90,39.90,true,1,
7290017407319,false,BIANCA מארז בושם לשיער,,IL,מארז בושם לשיער,יחידה,1.00,יחידה,false,1,39.90,39.90,true,1,
7290017407364,false,B3 מייק אפ עמיד AMSTERDA,,IL,B3 מייק אפ עמיד,יחידה,1.00,יחידה,false,1,39.90,39.90,true,1,
7290017407371,false,C3 מייק אפ עמיד TLV,,IL,C3 מייק אפ עמיד,יחידה,1.00,יחידה,false,1,39.90,39.90,true,1,
7290017407548,false,מארז YOURSELF BE יח',,IL,מארז YOURSELF BE,יחידה,1.00,יחידה,false,1,39.90,39.90,true,1,
7290017407555,false,שפתון CREATIVE BE יח',,IL,שפתון CREATIV BE,יחידה,1.00,יחידה,false,1,39.90,39.90,true,1,
7290017407562,false,שפתון REAL BE יח',,IL,שפתון REAL BE,יחידה,1.00,יחידה,false,1,39.90,39.90,true,1,
7290017407586,false,שפתון UNIQUE BE יח',,IL,שפתון UNIQUE BE,יחידה,1.00,יחידה,false,1,39.90,39.90,true,1,
7290017407593,false,שפתון STORNG BE יח',,IL,שפתון STORNG BE,יחידה,1.00,יחידה,false,1,39.90,39.90,true,1,
7290017407692,false,פיגמנט לגבות brown dark,,IL,פיגמנט לגבות dar,יחידה,1.00,יחידה,false,1,39.90,39.90,true,1,
7290017407708,false,פיגמנט לגבות army יח',,IL,פיגמנט לגבות arm,יחידה,1.00,יחידה,false,1,39.90,39.90,true,1,
7290017407715,false,פיגמנט לגבות brown honey,,IL,פיגמנט לגבות hon,יחידה,1.00,יחידה,false,1,39.90,39.90,true,1,
7290017407821,false,brown honeyג'ל לגבות יח',,IL,brown honeyג'ל ל,יחידה,1.00,יחידה,false,1,39.90,39.90,true,1,
7290017407852,false,פיגמנט נוזלי טינט יח,,IL,פיגמנט נוזלי טינ,יחידה,1.00,יחידה,false,1,39.90,39.90,true,1,
7290017407913,false,MAMAMIA שפתון סטיקTORI י,,IL,MAMAMIA שפתון סט,יחידה,1.00,יחידה,false,1,39.90,39.90,true,1,
7290017407975,false,BELLACIAO איילנר יח',,IL,BELLACIAO איילנר,יחידה,1.00,יחידה,false,1,39.90,39.90,true,1,
7290017440101,false,גנסיס דיגיטל אייג פריימר סרום 30 מל,CHEMIPAL FISHER (BIO,IL,דיגיטל אייג פריי,מיליליטרים,50.00,"100 מ""ל",false,1,136.60,273.20,true,1,
7290017440231,false,סרקל שמפו לילדים לשיער מתולתל 1 ליטר,פישר מעבדות פרמצבטיות בע,IL,שמפו סרקל,ליטרים,1.00,ליטר,false,1,23.80,23.80,true,1,
7290017440248,false,סרקל מרכך לילדים לשיער מתולתל 1 ליטר,פישר מעבדות פרמצבטיות בע,IL,מרכך סרקל,ליטרים,1.00,ליטר,false,1,23.80,23.80,true,1,
7290017440309,false,"ד""ר פישר - קידס שמפו ויטמינים 750 מ""ל","ד""ר פישר Dr fischer",IL,שמפו קידס,מיליליטרים,750.00,"100 מ""ל",false,1,14.40,1.92,true,1,
7290017440323,false,"ד""ר פישר - קידס שמפו + מרכך ויטמינים 750 מ""ל","ד""ר פישר Dr fischer",IL,שמפו+מרכך קידס,מיליליטרים,750.00,"100 מ""ל",false,1,14.40,1.92,true,1,
7290017440682,false,ד.פישר בלונד שמפו לשיער בהיר,"ד""ר פישר Dr fischer",IL,שמפו,מיליליטרים,400.00,"100 מ""ל",false,1,25.50,6.38,true,1,
7290017440699,false,ד.פישר בלונד מרכך לשיער בהיר 400 מל,CHEMIPAL FISHER (BIO,IL,מרכך לשיער,מיליליטרים,400.00,"100 מ""ל",false,1,25.50,6.38,true,1,
7290017440798,false,ד.פישר סילבר מרכך לשיער כסוף 400 מל,קולגייט פלמוליב,IL,מרכך לשיער כסוף,מיליליטרים,400.00,"100 מ""ל",false,1,24.70,6.18,true,1,
7290017440804,false,ד.פישר סילבר מסכת הזנה לשיער כסוף 300 מ,מדי פישר,IL,מסכה לשיער,מיליליטרים,300.00,"100 מ""ל",false,1,34.10,11.37,true,1,
7290017445595,false,מייבש לק מהיר נייל סטודי,,IL,מייבש לק מהיר ני,מיליליטרים,15.00,"100 מ""ל",false,1,25.50,170.00,true,1,
7290017445601,false,מחזק ציפורניים,,IL,מחזק ציפורניים,מיליליטרים,15.00,"100 מ""ל",false,1,42.60,284.00,true,1,
7290017457932,false,סוד מרכך כביסה מרוכז פרש קונטרול כחול,הנקל סוד,IL,סוד מרכך כחול,מיליליטרים,900.00,"100 מ""ל",false,1,11.00,1.22,true,1,
7290017637426,false,שמפו למניעת קשקשים מיקי בוגנים 500 מל,סאסא קוסמטיקס,IL,MB שמפו קשקשים,מיליליטרים,500.00,"100 מ""ל",false,1,21.20,4.24,true,1,
7290017637556,false,שמפו לקרקפת שומנית מיקי בוגנים 500 מל,סאסא קוסמטיקס,IL,MBשמפו לשיער שמן,מיליליטרים,500.00,"100 מ""ל",false,1,21.20,4.24,true,1,
7290017637587,false,קרם לתלתלים מושלמים 200 מל בוגנים,סאסא קוסמטיקס,IL,MB תרסיס לשיער,מיליליטרים,200.00,"100 מ""ל",false,1,22.90,11.45,true,1,
7290017637594,false,שמפו יומיומי זיכרונות מתוקים 500 מל,סאסא קוסמטיקס,IL,MB שמפו לשיער,מיליליטרים,500.00,"100 מ""ל",false,1,21.20,4.24,true,1,
7290017637600,false,מרכך יומיומי זיכרונות מתוקים 500 מל,סאסא קוסמטיקס,IL,MB מרכך לשיער,מיליליטרים,500.00,"100 מ""ל",false,1,21.20,4.24,true,1,
7290017637617,false,מסיכת הזנה לשיער מיקי בוגנים 250 מל,סאסא קוסמטיקס,IL,MB מסכה לשיער,מיליליטרים,250.00,"100 מ""ל",false,1,23.80,9.52,true,1,
7290017637624,false,מרכך יומיומי יסמין קסום 500 מל בוגנים,סאסא קוסמטיקס,IL,MB שמפו יסמין,מיליליטרים,500.00,"100 מ""ל",false,1,21.20,4.24,true,1,
7290017637631,false,מרכך יומיומי יסמין קסום 500 מל בוגנים,סאסא קוסמטיקס,IL,MB מרכך יסמין,מיליליטרים,500.00,"100 מ""ל",false,1,21.20,4.24,true,1,
7290017637648,false,מסכת הזנה בשפורפרת יסמין 250 מל בוגנים,סאסא קוסמטיקס,IL,MB מסיכה לשיער,מיליליטרים,250.00,"100 מ""ל",false,1,23.80,9.52,true,1,
7290017637655,false,שמפו קרטין ללא מלח מיקי בוגנים 500 מל,סאסא קוסמטיקס,IL,MB שמפו קרטין,מיליליטרים,500.00,"100 מ""ל",false,1,24.70,4.94,true,1,
7290017637662,false,שמפו שימר להדגשת גוונים בהיר מיקי בוגנים 500 מל,סאסא קוסמטיקס,IL,MB שמפו לשיער,מיליליטרים,500.00,"100 מ""ל",false,1,21.20,4.24,true,1,
7290017637679,false,מרכך שימר להדגשת גוונים בהיר מיקי בוגנים 500 מל,סאסא קוסמטיקס,IL,MB מרכך לשיער,מיליליטרים,500.00,"100 מ""ל",false,1,21.20,4.24,true,1,
7290017637761,false,מרכך לשיער ללא מלחים 500מל מיקי בוגנים,"סאסא קוסמטיקס אגש""\ח בע\",IL,מרכך ללא מלחים,מיליליטרים,500.00,"100 מ""ל",false,1,21.20,4.24,true,1,
7290017683201,false,"קרם לבטן 100 מ""ל",,IL,קרם לבטן,מיליליטרים,100.00,"100 מ""ל",false,1,58.90,58.90,true,1,
7290017683218,false,מסכה למיצוק החזה 100מל,,IL,מסכה למיצוק והחל,מיליליטרים,100.00,"100 מ""ל",false,1,58.90,58.90,true,1,
7290017695044,false,"קיט החלקה ושמפו 200 מ""ל",מיסטר בונד,IL,קיט החלקה ושמפו,יחידה,1.00,יחידה,false,1,136.60,136.60,true,1,
7290017695242,false,שמפו ויטמינס אחר החלקה1ל,מיסטר בונד,IL,שמפו ויטמינס לאח,ליטרים,1.00,ליטר,false,1,38.30,38.30,true,1,
7290017695259,false,מסכה לשיער ויטמינס 500מל,מיסטר בונד,IL,מסכה לשיער ויטמי,מיליליטרים,500.00,"100 מ""ל",false,1,38.30,7.66,true,1,
7290017695280,false,מרכך שיער ויטמינס 1 ליטר,מיסטר בונד,IL,מרכך שיער ויטמינ,ליטרים,1.00,ליטר,false,1,38.30,38.30,true,1,
7290017695679,false,"מסכת סילבר 500 מ""ל",מיסטר בונד,IL,מסכת סילבר 500 מ,מיליליטרים,500.00,"100 מ""ל",false,1,42.60,8.52,true,1,
7290017695693,false,שמפו סילבר 500 מל,מיסטר בונד,IL,שמפו סילבר 500 מ,מיליליטרים,500.00,"100 מ""ל",false,1,42.60,8.52,true,1,
7290017695709,false,קרם לחות צובע 200 מל,מיסטר בונד,IL,קרם לחות צובע,יחידה,1.00,יחידה,false,1,42.60,42.60,true,1,
7290017695716,false,סרום חלב סילבר סילק100מל,מיסטר בונד,IL,סרום חלב סילבר,מיליליטרים,100.00,"100 מ""ל",false,1,42.60,42.60,true,1,
7290017872001,false,"קרם החתלה פרשוואנס שמן זית ופרופוליס 100 סמ""ק",פרש-וואנס,IL,פרש וואנס קרם הח,מיליליטרים,100.00,"100 מ""ל",false,1,11.00,11.00,true,1,
7290017872018,false,"פרש וואנס קרם החתלה קמומיל וקלנדולה 100 סמ""ק",פרש-וואנס,IL,פרש וואנס קרם הח,מיליליטרים,100.00,"100 מ""ל",false,1,11.00,11.00,true,1,
7290017872933,false,מגע הדבש רצועות שעווה לגוף 12+3 מגבוני ש,ש.שוורץ,ES,רצועות שעווה לגו,יחידה,1.00,יחידה,false,1,25.50,25.50,true,1,
7290017872957,false,אדג' - מכשיר גילוח רב פעמי ידית + 3 סכינים לעור רגיש,General,US,מכשיר+סכין גילוח,יחידה,1.00,יחידה,false,1,59.70,59.70,true,1,
7290017872964,false,אדג' - מכשיר גילוח רב פעמי ידית + 3 סכינים לחות מוגברת,General,US,מכשיר+סכין גילוח,יחידה,1.00,יחידה,false,1,59.70,59.70,true,1,
7290017873169,false,"פמילי סבון ידיים מועשר בשמן זית 500 מ""ל",טאהא,TR,תחליב רחצה פמלי,מיליליטרים,500.00,"100 מ""ל",false,1,10.10,2.02,true,1,
7290017873350,false,קרם יד.פנג'ל אינטנסיב100,"דנלוג אינטרקוסמא בע""\מ",IL,קרם ידיים פנג'ל,מיליליטרים,100.00,"100 מ""ל",false,1,8.40,8.40,true,1,
7290017873367,false,"קרם ידיים ויטליטי לכל סוגי העור 100 מ""ל פנג'ל","דנלוג אינטרקוסמא בע""\מ",IL,קרם ידיים פנג'ל,מיליליטרים,100.00,"100 מ""ל",false,1,8.40,8.40,true,1,
7290017873381,false,תח.גוף פנג'ל אינטנסיב400,אינטרקוסמא,IL,תחליב גוף פנג'ל,מיליליטרים,400.00,"100 מ""ל",false,1,21.20,5.30,true,1,
7290017873398,false,"תחליב גוף ויטליטי לכל סוגי העור 400 מ""ל פנג'ל","דנלוג אינטרקוסמא בע""\מ",IL,תחליב גוף פנג'ל,מיליליטרים,400.00,"100 מ""ל",false,1,21.20,5.30,true,1,
7290017917092,false,אולטרסול FREE קרם פנים לילדים SPF50,General,IL,קרם פנים קידס,מיליליטרים,50.00,"100 מ""ל",false,1,42.60,85.20,true,1,
7290017917450,false,קמיל בלו סנסיטיב אל סבון ושמפו לתינוק קמומיל ואלוורה,פישר מעבדות פרמצבטיות בע,IL,אל סבון ושמפו,ליטרים,1.00,ליטר,false,1,21.20,21.20,true,1,
7290017917467,false,קמיל בלו סנסטי בשיבולת שועל אל סבון טיפולי לתינוק,"ד""ר פישר Dr fischer",IL,אל סבון ש.שועל,ליטרים,1.00,ליטר,false,1,21.20,21.20,true,1,
7290017917542,false,"ד""ר פישר שמפו בלונד ללא תוספת מלחים 400 מ""ל",מדי פישר,IL,שמפו ללא מלחים,מיליליטרים,400.00,"100 מ""ל",false,1,34.10,8.53,true,1,
7290017917559,false,ד.פישר בלונד מסכת הזנה לשיער בהיר 300 מל,מדי פישר,IL,מסכה לשיער,מיליליטרים,300.00,"100 מ""ל",false,1,34.10,11.37,true,1,
7290017917566,false,ד.פישר סילבר שמפו לשיער כסוף ללא מלח,מדי פישר,IL,שמפו,מיליליטרים,400.00,"100 מ""ל",false,1,34.10,8.53,true,1,
7290017917757,false,"ד""ר פישר EFFECTIVE CARE קרם גוף בשמן כותנה 450 מ""ל",פישר מעבדות פרמצבטיות בע,IL,קרם גוף אפקטיב,מיליליטרים,450.00,"100 מ""ל",false,1,21.20,4.71,true,1,
7290017917764,false,"ד""ר פישר - אפקטיב קר קרם גוף מועשר בשמן ארגן 450 מ""ל",פישר מעבדות פרמצבטיות בע,IL,קרם גוף,מיליליטרים,450.00,"100 מ""ל",false,1,21.20,4.71,true,1,
7290017917986,false,"ד""ר פישר - אולטרסול בייבינטורל תחליב גוף 125 מ""ל 50SPF+",פישר מעבדות פרמצבטיות בע,IL,אולטרסול,מיליליטרים,125.00,"100 מ""ל",false,1,51.00,40.80,true,1,
7290017928494,false,שברי בייגלה בטעם צדר 300 גר' מאיר את בייגל,מאיר בייגל,BG,סמאש שברי בייגלה,גרמים,300.00,100 גרם,false,1,10.10,3.36,true,1,
7290017928616,false,מאיר בייגל שטוחהלה שומשום 300 גר',מאיר את בייגל,IL,בייגלה שטוחלה,גרמים,300.00,100 גרם,false,1,8.40,2.80,true,1,
7290017928661,false,מאיר בייגל -סמאש-שבורים בטעם צ'דר 300 גרם,מאיר בייגל,BG,שברי בייגלה,יחידה,1.00,יחידה,false,0,10.10,10.10,true,1,
7290018043189,false,פראוד - חטיף חלבון בטעם קשיו קרמל 60 גרם,מרס נדרלנד,NL,פראוד חטיף קשיו,גרמים,60.00,100 גרם,false,1,12.70,21.17,true,1,
7290018043196,false,פראוד - חטיף חלבון בטעם שוקולד לבן עוגיות 60 גרם,הרת'סייד פוד סולושיי,NL,פראוד חטיף בטעם,גרמים,60.00,100 גרם,false,1,12.70,21.17,true,1,
7290018043493,false,אב.חלבון מי גב.ק.עוג759ג,,BE,אבקת חלבון,גרמים,759.00,100 גרם,false,1,111.00,14.62,true,1,
7290018043523,false,אב.חלבון מי גבינה שוק759,,BE,אבקת חלבון,גרמים,759.00,100 גרם,false,1,111.00,14.62,true,1,
7290018043844,false,חטיף חלבון בוטנים קרמל קראנץ 60 ג' פראוד,פראוד PROUD,NL,חטיף חלבון,גרמים,60.00,100 גרם,false,1,11.80,19.67,true,1,
7290018080061,false,מברשת אצבע דו צדדית מסיליקון,מאמי קר Mommy Care,CN,מברשת אצבע סליקו,יחידה,1.00,יחידה,false,1,17.00,17.00,true,1,
7290018080511,false,מאמי קייר שמפו קמומיל לתינוק 400 מל,מאמי קר Mommy Care,IL,שמפו קמומיל עדין,מיליליטרים,400.00,"100 מ""ל",false,1,34.10,8.53,true,1,
7290018132340,false,"מטרנה גולד בד""ץ שלב 1 700 גרם",מטרנה תעשיות ש.מ.,IL,מטרנה גולד שלב 1,גרמים,700.00,100 גרם,false,1,63.00,9.00,true,1,
7290018132388,false,מטרנה גולד שלב 2 תרכובת מזון על בסיס חלבי,מטרנה תעשיות ש.מ.,IL,מטרנה גולד שלב 2,גרמים,700.00,100 גרם,false,1,63.00,9.00,true,1,
7290018132425,false,מטרנה גולד שלב 3 תרכובת מזון על בסיס חלבי,מטרנה תעשיות ש.מ.,IL,מטרנה גולד שלב 3,גרמים,700.00,100 גרם,false,1,63.00,9.00,true,1,
7290018182550,false,ליידי ספיד סטיק פיור פרש,קולגייט-פלמוליב,US,ליידי ספיד סטיק,גרמים,130.00,100 גרם,false,1,25.50,19.61,true,1,
7290018182574,false,ליידי ספיד סטיק אינוויזב,קולגייט-פלמוליב,US,ליידי ספיד סטיק,גרמים,130.00,100 גרם,false,1,25.50,19.61,true,1,
7290018182765,false,תוספות שיער לקוקו לורן,פארמה דיל,CN,ת.שיער לקוקו,יחידה,1.00,יחידה,false,1,51.20,51.20,true,1,
7290018182888,false,קיסמי מברשות רכים מגומי,,IL,קיסמי מברשות גומ,יחידה,1.00,יחידה,false,1,17.00,17.00,true,1,
7290018183823,false,ספוג רחצה מפנק .,,IL,ספוג רחצה מפנק .,יחידה,1.00,יחידה,false,1,10.10,10.10,true,1,
7290018292556,false,"ARGANIA - קרם לחות לשיער חומצה היאלרונית וקרטין 400 מ""ל",ארגניה יצור ושיווק,IL,קרם לחות לשיער,מיליליטרים,400.00,"100 מ""ל",false,1,38.30,9.58,true,1,
7290018343319,false,"ד""ר פישר שמפו לשיער מתולתל -400 מ""ל PERFECT CURLS",מדי פישר,IL,שמפו לשיער מתותל,מיליליטרים,400.00,"100 מ""ל",false,1,25.50,6.38,true,1,
7290018343326,false,"ד""ר פישר מרכך לשיער מתולתל -400 מ""ל PERFECT CURLS",מדי פישר,IL,מרכך לשיער מתותל,מיליליטרים,400.00,"100 מ""ל",false,1,25.50,6.38,true,1,
7290018343333,false,"ד""ר פישר - פרפקט קרלס מסכת הזנה לשיער מתולתל 300 מ""ל",מדי פישר,IL,מסכת הזנה לשיער,מיליליטרים,300.00,"100 מ""ל",false,1,34.10,11.37,true,1,
7290018343340,false,"ד""ר פישר - שמפו משקם לאחר החלקה ללא תוספת מלח 400 מ""ל",פישר מעבדות פרמצבטיות,IL,שמפו משקם,מיליליטרים,400.00,"100 מ""ל",false,1,34.10,8.53,true,1,
7290018343364,false,"ד""ר פישר - מסכת הזנה משקמת לאחר החלקה ללא תוספת מלח 300 מ""ל",פישר מעבדות פרמצבטיות,IL,מסכה לשיער,מיליליטרים,300.00,"100 מ""ל",false,1,34.10,11.37,true,1,
7290018343630,false,ד.פישר אפקטיב קר קרם גוף מועשר חמאת קקאו,פישר מעבדות פרמצבטיות בע,IL,קרם גוף אפקטיב,מיליליטרים,450.00,"100 מ""ל",false,1,21.20,4.71,true,1,
7290018354506,false,ג'ל עיצוב שיער טיובה250מ,א.משי תעשיות,IL,ג'ל עיצוב שיער,מיליליטרים,250.00,"100 מ""ל",false,1,12.70,5.08,true,1,
7290018493069,false,"אפקטיב קר קרם ידייםמועשר בשמן כותנה ד""ר פישר 100 מ""ל",פישר מעבדות פרמצבטיות,IL,קרם ידיים,מיליליטרים,100.00,"100 מ""ל",false,1,10.10,10.10,true,1,
7290018493076,false,"אפקטיב קר קרם ידייםמועשר בשמן ארגן ד""ר פישר 100 מ""ל",פישר מעבדות פרמצבטיות,IL,קרם ידיים,מיליליטרים,100.00,"100 מ""ל",false,1,10.10,10.10,true,1,
7290018493144,false,קמיל קלין &נוריש אל סבון מועשר בשמן ארגן 1 ליטר,פישר מעבדות פרמצבטיות,IL,אל סבון קמיל,מיליליטרים,1000.00,"100 מ""ל",false,1,13.50,1.35,true,1,
7290018493359,false,ד.פישר אפקטיב קר קרם גוף מועשר בשמן המפ,פישר מעבדות פרמצבטיות בע,IL,קרם גוף מועשר,מיליליטרים,450.00,"100 מ""ל",false,1,21.20,4.71,true,1,
7290018493403,false,"ד""ר פישר - קידס קצף אמבט ויטמינים 750 מ""ל","ד""ר פישר",IL,קצף אמבט ויטמיני,מיליליטרים,750.00,"100 מ""ל",false,1,14.40,1.92,true,1,
7290018493748,false,"ד""ר פישר - מגבונים להסרת איפור אקסטרה סופט 30 יח' * 3",פישר מעבדות פרמצבטיות בע,IL,care effective מ,יחידה,1.00,יחידה,false,1,25.50,25.50,true,1,
7290018516324,false,פאוץ' פרינוק תפוח עץ עם שיבולת שועל 120 גרם,פרוטה פודווין איי.אס,CZ,פרינוק,גרמים,120.00,100 גרם,false,1,4.20,3.50,true,1,
7290018516348,false,מחית פרינוק פאוץ' שיבולת שועל סלט פירות 120 גרם,פרוטה פודווין איי.אס,CZ,פרינוק,גרמים,120.00,100 גרם,false,1,4.20,3.50,true,1,
7290018516355,false,מחיט תפוח עץ ושבולות שועל 190 ג' פרינוק גוניור,פרוטה פודווין איי.אס,CZ,פרינוק ארוחה,גרמים,190.00,100 גרם,false,1,5.00,2.63,true,1,
7290018516379,false,מחיט סלט פירות ושבולות שועל 190 ג' פרינוק גוניור,פרוטה פודווין איי.אס,CZ,פרינוק ארוחת סלט,גרמים,190.00,100 גרם,false,1,5.00,2.63,true,1,
7290018703052,false,חטיף חלבון עוג.קראנץ29גר,,NL,חטיף חלבון פראוד,גרמים,29.00,100 גרם,false,1,10.10,34.83,true,1,
7290018703229,false,חטיף חלבון שוקולד אגוזים פראוד 60 גרם,פראוד,NL,חטיף חלבון,גרמים,60.00,100 גרם,false,1,12.70,21.17,true,1,
7290018703311,false,פראוד - חטיף חלבון קרם עוגיות קראנצ' 60ג,v.s.i,NL,חטיף חלבון,גרמים,60.00,100 גרם,false,1,11.80,19.67,true,1,
7290018703496,false,פראוד - חטיף חלבון בטעם בננה טופי 60 גרם,פראוד PROUD,NL,חטיף חלבון,גרמים,60.00,100 גרם,false,1,11.80,19.67,true,1,
7290018733134,false,מרכך לתלתלים ביוטין קרטי,מיסטר בונד,IL,מרכך לתלתלים ביו,מיליליטרים,1000.00,"100 מ""ל",false,1,42.60,4.26,true,1,
7290018733141,false,מסכה לתלתלים 60 שניות 50,מיסטר בונד,IL,מסכה לתלתלים 60,מיליליטרים,500.00,"100 מ""ל",false,1,42.60,8.52,true,1,
7290018733172,false,קרם מוריד נפח ביוטין 500,מיסטר בונד,IL,קרם מוריד נפח,גרמים,500.00,100 גרם,false,1,42.60,8.52,true,1,
7290018733288,false,שמפו ויטמינס לתלתלים 10,מיסטר בונד,IL,שמפו ויטמינס,מיליליטרים,10.00,"100 מ""ל",false,1,8.40,84.00,true,1,
7290018733301,false,"מסכה לשיער מתולתל 10 מ""ל",מיסטר בונד,IL,מסכה לשיער מתולת,מיליליטרים,100.00,"100 מ""ל",false,1,8.40,8.40,true,1,
7290018733554,false,קרם באנגי סילק קרטין ביו,מיסטר בונד,IL,קרם באנגי סילק,מיליליטרים,500.00,"100 מ""ל",false,1,42.60,8.52,true,1,
7290018921029,false,"ד""ר פישר - קמיל בלו מגבוני סנסיטיב 64 יח' * 4",פישר מעבדות פרמצבטיות בע,IL,מגבוני קמיל בלו,יחידה,1.00,יחידה,false,1,18.70,18.70,true,1,
7290018921067,false,"ד""ר פישר - אפקטיב קר תחליב רחצה שמן שקדים 700 מ""ל",פישר מעבדות פרמצבטיות בע,IL,תחליב רחצה שקדים,מיליליטרים,700.00,"100 מ""ל",false,1,15.30,2.19,true,1,
7290018921203,false,"קמיל בלו קרם החתלה קמומיל 120 ג' ד""ר פישר",פישר מעבדות פרמצבטיות בע,IL,קרם החתלה קמומיל,גרמים,120.00,100 גרם,false,1,17.80,14.83,true,1,
7290018921265,false,"תחליב רחצה מועשר בתמצית אלוורה 700 מ""ל אפקטיב קר",פישר מעבדות פרמצבטיות בע,IL,תחליב רחצ.אלוורה,מיליליטרים,700.00,"100 מ""ל",false,1,15.30,2.19,true,1,
7290018921449,false,קמיל בלו מגבונים תפרחת חיתולים רביעייה,פישר תעשיות,IL,מגבונים קמיל 4יח,יחידה,1.00,יחידה,false,1,21.20,21.20,true,1,
7290018921456,false,"ד""ר פישר - אפקטיב קר תחליב רחצה שמן כותנה 700 מ""ל",פישר מעבדות פרמצבטיות בע,IL,תחליב רחצה כותנה,מיליליטרים,700.00,"100 מ""ל",false,1,15.30,2.19,true,1,
7290018921609,false,"ד""ר פישר - קמיל בלו קרם החתלה קלנדולה 120 גרם",פישר מעבדות פרמצבטיות בע,IL,קמיל בלו ק החתלה,גרמים,120.00,100 גרם,false,1,20.40,17.00,true,1,
7290018921616,false,רביעיית מגבוני קמיל בלו שיבולת שועל 64 יח',פישר תעשיות,IL,מגבוני קמיל 4יח,יחידה,1.00,יחידה,false,1,20.40,20.40,true,1,
7290018921654,false,"ד""ר פישר - אפקטיב קר תחליב רחצה תמצית לוונדר 700 מ""ל",פישר מעבדות פרמצבטיות בע,IL,תחליב רחצה לבנדר,מיליליטרים,700.00,"100 מ""ל",false,1,15.30,2.19,true,1,
7290018921807,false,"קמיל בלו משחת החתלה צמחי מרפא 120 ג' ד""ר פישר",פישר מעבדות פרמצבטיות בע,IL,קמיל בלו משחה,גרמים,120.00,100 גרם,false,1,18.70,15.58,true,1,
7290019014508,false,מרכך כביסה אוריאנטל900מ,סאסא טק,IL,מרכך כביסה,מיליליטרים,900.00,"100 מ""ל",false,1,17.00,1.89,true,1,
7290019014614,false,"מרכך כביסה בלו 900 מ""ל",סאסא טק,IL,מרכך כביסה בלו,מיליליטרים,900.00,"100 מ""ל",false,1,17.00,1.89,true,1,
7290019014621,false,"מרכך כביסה לגונה 900 מ""ל",סאסא טק,IL,מרכך כביסה לגונה,מיליליטרים,900.00,"100 מ""ל",false,1,17.00,1.89,true,1,
7290019014638,false,מרכך כביסה פרש וויט 900,סאסא טק,IL,מרכך כביסה פרש,מיליליטרים,900.00,"100 מ""ל",false,1,17.00,1.89,true,1,
7290019014645,false,"מסיר כתמים טנקס 500 מ""ל",סאסא טק,IL,מסיר כתמים TNX,מיליליטרים,500.00,"100 מ""ל",false,1,21.20,4.24,true,1,
7290019014652,false,מרכך כביסה בייבי לאב900מ,סאסא טק,IL,מרכך כביסה בייבי,מיליליטרים,900.00,"100 מ""ל",false,1,21.20,2.36,true,1,
7290019014669,false,ג'ל לכביסה צבעונית 1.35ל,סאסא טק,IL,ג'ל לכביסה ירוק,ליטרים,1.35,ליטר,false,1,25.50,18.89,true,1,
7290019014676,false,ג'ל לכביסה לבנה 1.35 ל,סאסא טק,IL,ג'ל לכביסה לבנה,ליטרים,1.35,ליטר,false,1,25.50,18.89,true,1,
7290019014683,false,נוזל רצפות פרדייס 1.35 ל,סאסא טק,IL,נוזל לרצפות,ליטרים,1.35,ליטר,false,1,21.20,15.70,true,1,
7290019014690,false,נוזל רצפות פלאוור 1.35 ל,סאסא טק,IL,נוזל לרצפות,ליטרים,1.35,ליטר,false,1,21.20,15.70,true,1,
7290019014706,false,נוזל רצפות פרש וויט1.35ל,סאסא טק,IL,נוזל רצפות פרש,ליטרים,1.35,ליטר,false,1,21.20,15.70,true,1,
7290019014737,false,"מבשם בדים ביץ קלאב500מ""ל",סאסא טק,IL,מבשם בדים קלאב,מיליליטרים,500.00,"100 מ""ל",false,1,17.00,3.40,true,1,
7290019014744,false,מרסס חלונות פרש וויט750מ,סאסא טק,IL,מרסס חלונות פרש,מיליליטרים,750.00,"100 מ""ל",false,1,11.80,1.57,true,1,
7290019014751,false,ניקוי כלים24% פלאוור750מ,סאסא טק,IL,ניקוי כלים 24%,מיליליטרים,750.00,"100 מ""ל",false,1,12.70,1.69,true,1,
7290019014768,false,"ניקוי כלים 24% 750מ""ל",סאסא טק,IL,ניקוי כלים 24%,מיליליטרים,750.00,"100 מ""ל",false,1,12.70,1.69,true,1,
7290019014775,false,מרסס קצף מסיר שומנים 750,סאסא טק,IL,מרסס מסיר שומנים,מיליליטרים,750.00,"100 מ""ל",false,1,14.40,1.92,true,1,
7290019014782,false,מרסס אקונומיקה לבנדר750מ,סאסא טק,IL,מרסס אקונומיקה,מיליליטרים,750.00,"100 מ""ל",false,1,14.40,1.92,true,1,
7290019014799,false,מסיר אבנית לאמבטיה 750 מ,סאסא טק,IL,קצף מסיר אבנית,מיליליטרים,750.00,"100 מ""ל",false,1,12.70,1.69,true,1,
7290019014805,false,"מרסס מנקה ריפודים 500מ""ל",סאסא טק,IL,מרסס מנקה ריפוד,מיליליטרים,500.00,"100 מ""ל",false,1,21.20,4.24,true,1,
7290019014812,false,"מרסס מנטרל ריחות 500 מ""ל",סאסא טק,IL,מרסס מנטרל ריחות,מיליליטרים,500.00,"100 מ""ל",false,1,17.00,3.40,true,1,
7290019014843,false,תרסיס לניקוי חלונות400מל,סאסא טק,IL,תרסיס לחלונות,מיליליטרים,400.00,"100 מ""ל",false,1,17.00,4.25,true,1,
7290019014850,false,"תרסיס דוחה מים 400 מ""ל",סאסא טק,IL,תרסיס דוחה מים,מיליליטרים,400.00,"100 מ""ל",false,1,22.90,5.73,true,1,
7290019014867,false,"תרסיס מסיר דיו+דבק400מ""ל",סאסא טק,IL,תרסיס מסיר דיו,מיליליטרים,400.00,"100 מ""ל",false,1,22.90,5.73,true,1,
7290019014874,false,נוזל רצפות אוריאנטל1.35ל,סאסא טק,IL,נוזל רצפות,ליטרים,1.35,ליטר,false,1,21.20,15.70,true,1,
7290019014881,false,נוזל רצפות בלו טאצ1.35ל,"סאסאטק אגש""\ח בע""\מ",IL,נוזל לרצפות בלו,ליטרים,1.35,ליטר,false,1,21.20,15.70,true,1,
7290019014973,false,מבשם בדים בייבי לאב500מ,סאסא טק,IL,מבשם בדים בייבי,מיליליטרים,500.00,"100 מ""ל",false,1,17.00,3.40,true,1,
7290019047001,false,בדיקות קורונה ביתית20יח,פארמה דיל,CN,בדיקת קורונה בית,יחידה,1.00,יחידה,false,1,136.60,136.60,true,1,
7290019047148,false,ערכת קעקועי נצנצים ילדות,,IL,ערכת קעקועים,יחידה,1.00,יחידה,false,1,51.20,51.20,true,1,
7290019074090,false,"ד""ר פישר - קמיל בלו אקסטרה סופט אל סבון לתינוק 500 מ""ל",פישר מעבדות פרמצבטיות בע,IL,קמיל בלו אל סבון,מיליליטרים,500.00,"100 מ""ל",false,1,21.20,4.24,true,1,
7290019074298,false,"ד""ר פישר - קמיל בלו אקסטרה סופט שמפו לתינוק 500 מ""ל",פישר מעבדות פרמצבטיות בע,IL,קמיל בלו שמפו,מיליליטרים,500.00,"100 מ""ל",false,1,21.20,4.24,true,1,
7290019074502,false,"קמיל בלו קרם גוף לתינוק שפופרת 240 מ""ל",פישר מעבדות פרמצבטיות בע,IL,קרם גוף לתינוק,מיליליטרים,240.00,"100 מ""ל",false,1,19.50,8.12,true,1,
7290019075080,false,"קידס מולטי ויטמין אל סבון 1 ליטר ד""ר פישר","ד""ר פישר",IL,קידס מולטי,ליטרים,1.00,ליטר,false,1,18.70,18.70,true,1,
7290019075103,false,קמיל בלו אקסטרה סופט שמפו לתינוק 1 ליטר,פישר מעבדות פרמצבטיות בע,IL,שמפו קמיל בלו,ליטרים,1.00,ליטר,false,1,28.10,28.10,true,1,
7290019075288,false,"קידס מולטי ויטמין שמפו 1 ליטר ד""ר פישר",,IL,קידס מולטי שמפו,ליטרים,1.00,ליטר,false,1,18.70,18.70,true,1,
7290019075608,false,"אפקטיב קר תחליב רחצה מועשר בתה ירוק ויסמין 700 מ""ל",פישר מעבדות פרמצבטיות בע,IL,תחליב רחצ.אפקטיב,מיליליטרים,700.00,"100 מ""ל",false,1,15.30,2.19,true,1,
7290019075899,false,קמיל בלו אקסטרה סופט אל סבון לתינוק 1 ליטר,פישר מעבדות פרמצבטיות בע,IL,א.סבון קמיל בלו,ליטרים,1.00,ליטר,false,1,28.10,28.10,true,1,
7290019274063,false,ג'ל כביסה בייבי 1.35 ל',סאסא טק,IL,ג'ל כביסה בייבי,ליטרים,1.35,ליטר,false,1,28.90,21.41,true,1,
7290019274087,false,"ארוסול קצף לאסלות 400מ""ל",סאסא טק,IL,ארוסול קצף ניקוי,מיליליטרים,400.00,"100 מ""ל",false,1,17.00,4.25,true,1,
7290019274100,false,"מרסס לגיהוץ קל 500 מ""ל",סאסא טק,IL,מרסס לגיהוץ קל,מיליליטרים,500.00,"100 מ""ל",false,1,17.00,3.40,true,1,
7290019274117,false,"מרסס ניקוי נירוסטה500מ""ל",סאסא טק,IL,מנקה נירוסטה,מיליליטרים,500.00,"100 מ""ל",false,1,12.70,2.54,true,1,
7290019274254,false,תרסיס TNX ליקוי מזגן400מ,"סאסאטק אגש""\ח בע""\מ",IL,תרסיס ניקוי מזגן,מיליליטרים,400.00,"100 מ""ל",false,1,34.10,8.53,true,1,
7290019274261,false,"מבשם בדים לגון 500 מ""ל","סאסאטק אגש""\ח בע""\מ",IL,מבשם בדים לגון,מיליליטרים,500.00,"100 מ""ל",false,1,17.00,3.40,true,1,
7290019274278,false,מבשם בדים גרין פורסט500מ,"סאסאטק אגש""\ח בע""\מ",IL,מבשפ בדים פורסט,מיליליטרים,500.00,"100 מ""ל",false,1,17.00,3.40,true,1,
7290019274315,false,קוקהנומיקה לבנדר 1.25 ל,,IL,קוקנומיקה לבנדר,ליטרים,1.25,ליטר,false,1,12.70,10.16,true,1,
7290019277002,false,OINTMENT PAPAYA רב שימוש,,IL,OINTMENT PAPAYA,גרמים,42.00,100 גרם,false,1,68.20,162.38,true,1,
7290019310167,false,חט.פראוד בייטס שוק.חלב48,,PL,חטיף פראוד בייטס,גרמים,48.00,100 גרם,false,1,13.50,28.13,true,1,
7290019310174,false,חט.פראוד בייטס שוק.לבן48,,PL,חטיף פראוד בייטס,גרמים,48.00,100 גרם,false,1,13.50,28.13,true,1,
7290019310297,false,חטיף שקדים בטעם שוקולד 4,,SI,חטיף שקדים פראוד,גרמים,40.00,100 גרם,false,1,9.30,23.25,true,1,
7290019310303,false,חטיף שקדים בטעם שוקולד40,,SI,חטיף שקדים פראוד,גרמים,40.00,100 גרם,false,1,9.30,23.25,true,1,
7290019382089,false,ספוגית סיליקון מתנפחת יח,,CN,ספוגית סיליקון מ,יחידה,1.00,יחידה,false,1,55.50,55.50,true,1,
7290019382102,false,פלטת סמקים דאבל טראבל יח,,IL,פלטת סמקים דאבל,יחידה,1.00,יחידה,false,1,153.80,153.80,true,1,
7290028733124,false,שמפו לתלתלים ביוטין קרטי,מיסטר בונד,IL,שמפו לתלתלים ביו,מיליליטרים,1000.00,"100 מ""ל",false,1,42.60,4.26,true,1,
7290100086735,false,קרם יום Freeze Time,סופט טאץ',IL,קרם יום Fre Time,מיליליטרים,50.00,"100 מ""ל",false,0,34.00,68.00,true,1,
7290100270516,false,עפרון גבות היי פרסיז'ן02,גייד,IT,עפרון גבות היי פ,יחידה,1.00,יחידה,false,0,33.30,33.30,true,1,
7290100271568,false,עפרון עינים הייפרסיז'ן07,גייד,IT,עפרון עינים הייפ,יחידה,1.00,יחידה,false,0,33.30,33.30,true,1,
7290100271858,false,VOLUME INTENSE שחור,גייד,IT,INTENSE מסקרה,יחידה,1.00,יחידה,false,0,67.50,67.50,true,1,
7290100273500,false,INTENSE איילנר שחור,גייד,IT,INTENSE איילנר,יחידה,1.00,יחידה,false,0,72.60,72.60,true,1,
7290100412749,false,"תרחיץ פנים לעור יבש וילד פלאור דר עור 150 מ""ל",אמיליה קוסמטיקס בעמ,IL,ג'ל ניקוי פנים,מיליליטרים,150.00,"100 מ""ל",false,0,20.00,13.33,true,1,
7290100412770,false,"ד""ר עור - תחליב רחצה קלאסי בניחוח מאסק 700 מ""ל","אמיליה קוסמטיקס בע""מ",IL,תחליב רחצה,מיליליטרים,700.00,"100 מ""ל",false,1,12.70,1.82,true,1,
7290100412787,false,"ד""ר עור - תחליב רחצה קלאסי בניחוח פריחת הכותנה 700 מ""ל","אמיליה קוסמטיקס בע""מ",IL,תחליב רחצה,מיליליטרים,700.00,"100 מ""ל",false,1,12.70,1.82,true,1,
7290100412794,false,"תרחיץ פנים קלאסק מאסק פילינג דר עור 150 מ""ל","אמיליה קוסמטיקס בע""מ",IL,פילינג פנים,מיליליטרים,150.00,"100 מ""ל",false,0,20.00,13.33,true,1,
7290100412800,false,"תחליב רחצה לעור יבש וילד פלאור דר עור 700 מ""ל","אמיליה קוסמטיקס בע""מ",IL,תחליב רחצה,מיליליטרים,700.00,"100 מ""ל",false,1,12.70,1.82,true,1,
7290100412831,false,תחליב רחצה אנטי אייג'ינג בניחוח וניל טרופי,"אמיליה קוסמטיקס בע""מ",IL,תחליב רחצה,מיליליטרים,700.00,"100 מ""ל",false,1,12.70,1.82,true,1,
7290100412848,false,DR OR תחליב גוף אנטי אייגינג וניל מעודן 400 מל,"אמיליה קוסמטיקס בע""מ",IL,תחליב גוף,מיליליטרים,400.00,"100 מ""ל",false,1,18.70,4.68,true,1,
7290100653463,false,"פלמוליב - ארומה ג'ל רחצה מסאז' 500 מ""ל",קולגייט-פלמוליב,TR,סבון פלמוליב,מיליליטרים,500.00,"100 מ""ל",false,0,16.10,3.22,true,1,
7290100680667,false,מנה חמה נודלס-אטריות+ירקות טעם סצ'ואן,PUB FOODS PRESIDENT THAI,TH,מנה חמה נודלס,גרמים,76.00,100 גרם,false,0,6.70,8.82,true,1,
7290100687109,false,במבה במילוי קרם נוגט 60ג' אסם,"אסם השקעות בע""\מ",IL,במבה נוגט,גרמים,60.00,100 גרם,false,0,5.00,8.33,true,1,
7290100850916,false,דוריטוס חמוץ חריף מעודן 70 גרם כשר לפסח,"שטראוס פריטו ליי בע""\מ )",IL,דוריטוס חמוץ ח,גרמים,70.00,100 גרם,false,0,4.10,5.86,true,1,
7290100850923,false,דוריטוס בטעם גריל 70 גרם,"שטראוס פריטו ליי בע""\מ )",IL,דוריטוס גריל,גרמים,70.00,100 גרם,false,0,4.10,5.86,true,1,
7290100924631,false,מרכך כביסה מרוכז לבגדי תינוקות ובעלי עור רגיש,"הנקל סוד בע""\מ",IL,סוד מרכךבייבי,מיליליטרים,900.00,"100 מ""ל",false,1,11.00,1.22,true,1,
7290101276456,false,לק קריסטל 336 יח',גייד,FR,לק קריסטל 336,יחידה,1.00,יחידה,false,0,24.70,24.70,true,1,
7290101278641,false,OIL MUSK ICON אשה30מל,גייד בישום,IL,PERFUME M-O ICON,מיליליטרים,30.00,"100 מ""ל",false,0,99.00,330.00,true,1,
7290101278955,false,איילנר טוש שחור,גייד,IT,איילנר טוש שחור,יחידה,1.00,יחידה,false,0,50.40,50.40,true,1,
7290101279662,false,OIL MUSK ICON א.ד.פ לאשה,גייד בישום,IL,M-O ICON א.ד.פ,מיליליטרים,50.00,"100 מ""ל",false,0,89.00,178.00,true,1,
7290101486688,false,חטיף דגנים עם שוקולד ללא גלוטן וסוכר פרי 5*20 גרם,טבעית מוצרים מן הטבע בעמ,IL,חטיף FREE 5 יח',גרמים,100.00,100 גרם,false,0,17.00,17.00,true,1,
7290101488286,false,"ליידי ספיד סטיק - דאודורנט ספריי לאישה 24/7 פרש פיוזן ורוד 150 מ""ל",ליידי ספיד סטיק Lady Speed Stick,RU,ליידי ספיד סטיק,מיליליטרים,150.00,"100 מ""ל",false,0,12.70,8.47,true,1,
7290101488316,false,ליידי ספיד סטיק - דאודורנט סטיק לאישה ללא סימן ורוד סטיק 65 גרם,ליידי ספיד סטיק Lady Speed Stick,US,ליידי ספיד סטיק,גרמים,65.00,100 גרם,false,0,15.20,23.38,true,1,
7290101488323,false,ליידי ספיד סטיק - דאודורנט סטיק לאישה ללא סימן ירוק סטיק 65 גרם,ליידי ספיד סטיק Lady Speed Stick,US,ליידי ספיד סטיק,גרמים,65.00,100 גרם,false,0,15.20,23.38,true,1,
7290101864127,false,"ספריי להסרת כתמים 750 מ""ל וניש קליה",קליה וניש Kalia Vanish,IL,קליה ספריי,מיליליטרים,750.00,"100 מ""ל",false,0,12.70,1.70,true,1,
7290101865261,false,"פיניש נוזל הברקה למדיח 800 מ""ל",רקיט בנקיזר,PL,פיניש נוזל הברקה,מיליליטרים,800.00,"100 מ""ל",false,0,12.70,1.59,true,1,
7290101869764,false,אירוויק מכשיר אוטומט+מילוי בניחוח חלום ליל קיץ,רקיט בנקיזר,CN,אירויק מכשיר,מיליליטרים,250.00,"100 מ""ל",false,1,52.00,20.80,true,1,
7290101869795,false,"אירוויק מילוי מבשם אויר אטומטי חלום ליל קיץ 250 מ""ל",איירוויק Air Wick,GB,אירוויק מילוי,מיליליטרים,250.00,"100 מ""ל",false,1,11.00,4.40,true,1,
7290102060764,false,מרידול מברשת שיניים אריזת זוג,יבואן ומשווק: ש. שסט,CH,2 מברשות שיניים,יחידה,1.00,יחידה,false,0,34.10,34.10,true,1,
7290102060979,false,"אלמקס משחת שיניים למניעת עששת 100מ""ל",יבואן ומשווק: ש. שסט,PL,משחת שיניים,מיליליטרים,100.00,"100 מ""ל",false,0,15.30,15.30,true,1,
7290102062195,false,"משחת שיניים לילדים לגילאי 6-12 אלמקס 75 מ""ל",יבואן ומשווק: ש. שסט,PE,משחת אלמקס,מיליליטרים,75.00,"100 מ""ל",false,0,15.30,20.40,true,1,
7290103120658,false,דאודורנט ספיד סטיק גל שחור 85 גרם,הנסיך- מפעל לייצור ט,US,דאודורנט,גרמים,85.00,100 גרם,false,0,15.20,17.88,true,1,
7290103124588,false,"סבון נוזלי ארומה בניחוח לבנדר פטצ'ולי פלמוליב 750 מ""ל",הנסיך- מפעל לייצור ט,TR,סבון פלמוליב,מיליליטרים,750.00,"100 מ""ל",false,0,15.20,2.03,true,1,
7290103126797,false,"משחת שיניים קולגייט סנסיטיב פרו רליף 75 מ""ל",הנסיך- מפעל לייצור ט,BR,משחת קולגייט,מיליליטרים,75.00,"100 מ""ל",false,0,17.00,22.67,true,1,
7290103129378,false,ספיד סטיק - דאודורנט ג'ל לגבר איקס 5 85 גרם,הנסיך- מפעל לייצור ט,US,דאו. ספיד סטיק,גרמים,85.00,100 גרם,false,0,15.20,17.88,true,1,
7290103129392,false,ליידי ספיד סטיק פרש אסנס פרח הפרזיה סטיק 65 גר,ליידי ספיד סטיק Lady Speed Stick,US,ליידי ספיד סטיק,גרמים,65.00,100 גרם,false,0,15.20,23.38,true,1,
7290103129408,false,ליידי ספיד סטיק - דאודורנט סטיק לאישה פרש אסנס פריחת הפרדס 65 גרם,ליידי ספיד סטיק Lady Speed Stick,US,ליידי ספיד סטיק,גרמים,65.00,100 גרם,false,0,15.20,23.38,true,1,
7290103330033,false,עפרון עיניים עמיד 303 יח,גייד,IT,עפרון עיניים עמי,יחידה,1.00,יחידה,false,0,41.80,41.80,true,1,
7290103330149,false,עפרון עיניים עמיד 300 יח,גייד,IT,עפרון עיניים 300,יחידה,1.00,יחידה,false,0,41.80,41.80,true,1,
7290103330163,false,עפרון עיניים עמיד 302 יח,גייד,IT,עפרון עיניים עמי,יחידה,1.00,יחידה,false,0,41.80,41.80,true,1,
7290103331511,false,ליפגלוס קריסטל לייטס502,גייד,IL,ליפגלוס קריסטל ל,יחידה,1.00,יחידה,false,0,67.50,67.50,true,1,
7290103332266,false,LONGEVITY מייק אפ 501,גייד,IT,LONGEVITY 501,מיליליטרים,30.00,"100 מ""ל",false,0,115.30,384.33,true,1,
7290103332280,false,LONGEVITY מייק אפ 503,גייד,IT,LONGEVITY מייקאפ,מיליליטרים,30.00,"100 מ""ל",false,0,115.30,384.33,true,1,
7290103332297,false,LONGEVITY מייק אפ 504,גייד,IT,LONGEVITY מייקאפ,מיליליטרים,30.00,"100 מ""ל",false,0,115.30,384.33,true,1,
7290103332396,false,ליפגלוס קריסטל לייטס508,גייד,IL,ליפגלוס קריסטל ל,יחידה,1.00,יחידה,false,0,67.50,67.50,true,1,
7290103333294,false,"גייד סרום עם תמצית רימונים 30 מ""ל",דניה,IL,HYDRA סרום,מיליליטרים,30.00,"100 מ""ל",false,0,93.10,310.33,true,1,
7290103334321,false,BLACK VANILLA ICON שמן,גייד בישום,IL,VANILLA ICON שמן,מיליליטרים,30.00,"100 מ""ל",false,0,99.00,330.00,true,1,
7290103334338,false,BLACK VANILLA ICON לאשה,גייד בישום,IL,VANILLA ICON אשה,מיליליטרים,50.00,"100 מ""ל",false,0,89.00,178.00,true,1,
7290103334727,false,GOLD OIL MUSK ICON,גייד בישום,IL,OIL MUSK ICONאשה,מיליליטרים,200.00,"100 מ""ל",false,0,57.20,28.60,true,1,
7290103336738,false,עפרון עיניים מטאליק100,גייד,IT,עפרון עיניים מטא,יחידה,1.00,יחידה,false,0,41.80,41.80,true,1,
7290103337056,false,גייד הידרה אסנשייל פיור קלרטה 75 מל,דניה,CH,ESSENT HYDRA קרם,מיליליטרים,75.00,"100 מ""ל",false,0,83.70,111.60,true,1,
7290103337124,false,היילייטר ריץ&מויסט11 יח',גייד,IT,היילייטר ריץ&מוי,יחידה,1.00,יחידה,false,0,67.50,67.50,true,1,
7290103337322,false,גייד גל ניקוי פנים לעור רגיל-יבש ורד 200,דניה,IL,ג'ל ניקוי רגיל-,מיליליטרים,200.00,"100 מ""ל",false,0,38.40,19.20,true,1,
7290103337353,false,גייד גל ניקוי פנים לעור מעורב-שמן ורד200,דניה,IL,GENTLE ג'ל מ-ש,מיליליטרים,200.00,"100 מ""ל",false,0,38.40,19.20,true,1,
7290104068539,false,מאסט פליפטופ מלון ואבטיח ללא גרעינים,"שטראוס גרופ בע""מ",IL,מסטיק מאסט,גרמים,28.00,100 גרם,false,0,4.10,14.64,true,1,
7290104360855,false,ספא פארמה קרם לחות לעור שמן 50מ'ל,ספא פארמה,IL,קרם לחות לעור שמ,מיליליטרים,50.00,"100 מ""ל",false,1,21.20,42.40,true,1,
7290104363962,false,ספא פארמה קרם קולגן למיצוק העור 50מ'ל,ספא פארמה,IL,קרם לחות קולגן,מיליליטרים,50.00,"100 מ""ל",false,1,25.50,51.00,true,1,
7290104364631,false,ספא פארמה קרם לחות רימונים 50 SPF15מ'ל,ספא פארמה,IL,קרם לחות רימונים,מיליליטרים,50.00,"100 מ""ל",false,1,17.00,34.00,true,1,
7290104364648,false,ספא פארמה קרם זית אינטנסיבי נגד קמטים 50מ,ספא פארמה,IL,קרם לחות שמן זית,מיליליטרים,50.00,"100 מ""ל",false,1,22.60,45.20,true,1,
7290104366949,false,אוליב ק.לחות לשיער שמן זית 500מ'ל,א.פ.חורי,IL,אוליב קרם לחות ל,מיליליטרים,500.00,"100 מ""ל",false,0,17.00,3.40,true,1,
7290104367632,false,אוליב קרם עיניים 30מ'ל,,IL,קרם עיניים,מיליליטרים,30.00,"100 מ""ל",false,0,21.20,70.67,true,1,
7290104367649,false,אוליב קרם אנטי אייג'ינג 50מ'ל,,IL,קרם אנטי אייג'ינ,מיליליטרים,50.00,"100 מ""ל",false,1,21.20,42.40,true,1,
7290104367656,false,אוליב קרם לחות לעור רגיל מעורב 50מ'ל,,IL,קרם לחות לעור רג,מיליליטרים,50.00,"100 מ""ל",false,1,21.20,42.40,true,1,
7290104500572,false,אפרופו חטיף תירס איטליאנו אסם 50 גרם,מיוצר עי קונדיטוריית,IL,אפרופו איטליאנו,גרמים,50.00,100 גרם,false,0,5.90,11.80,true,1,
7290104960048,false,שפתון קולוק קוד B14,קרליין,IL,שפתון קולור קוד,יחידה,1.00,יחידה,false,0,51.20,51.20,true,1,
7290104960093,false,קרליין - שפתון קולור קוד R24,קרליין,IL,שפתון קולור קוד,יחידה,1.00,יחידה,false,0,51.20,51.20,true,1,
7290104960208,false,שפתון קולור קוד P35,קרליין,IL,שפתון קולור קוד,יחידה,1.00,יחידה,false,0,51.20,51.20,true,1,
7290104960215,false,שפתון קולור קוד P36,קרליין,IL,שפתון קולור קוד,יחידה,1.00,יחידה,false,0,51.20,51.20,true,1,
7290104960239,false,"תחליב רחצה נקה 7 ארומה לבן 750 מ""ל",טרופיקל דגיל תעשיות קוסמ,IL,תחליב רחצה נקה 7,מיליליטרים,750.00,"100 מ""ל",false,0,11.00,1.47,true,1,
7290104960246,false,"נקה 7 - תחליב רחצה ורד ויסמין 750 מ""ל",טרופיקל דגיל תעשיות קוסמ,IL,תחליב רחצה נקה 7,מיליליטרים,750.00,"100 מ""ל",false,0,11.00,1.47,true,1,
7290104960253,false,"תחליב רחצה נקה 7 לבנדר סגול 750מ""ל",טרופיקל דגיל תעשיות קוסמ,IL,תחליב רחצה נקה 7,מיליליטרים,750.00,"100 מ""ל",false,0,11.00,1.47,true,1,
7290104960338,false,"נקה 7 תחליב רחצה ארומה אלוורה ותה ירוק 750מ""ל",טרופיקל דגיל תעשיות קוסמ,IL,תחליב רחצה נקה 7,מיליליטרים,750.00,"100 מ""ל",false,0,11.00,1.47,true,1,
7290104960383,false,שפתון קולור קוד P37,קרליין,,שפתון קולור קוד,יחידה,1.00,יחידה,false,0,51.20,51.20,true,1,
7290104960420,false,לקה 378,קרליין,IL,לקה 378,יחידה,1.00,יחידה,false,0,12.70,12.70,true,1,
7290104960451,false,לקה 381,קרליין,IL,לקה 381,יחידה,1.00,יחידה,false,0,12.70,12.70,true,1,
7290104960864,false,קרליין - שפתון ליפ קולור 712,קרליין,IL,שפתון ליפקולור,יחידה,1.00,יחידה,false,0,55.40,55.40,true,1,
7290104960871,false,שפתון ליפקולור713אבר לסט,קרליין,IL,שפתון ליפקולור,יחידה,1.00,יחידה,false,0,55.40,55.40,true,1,
7290104960888,false,קרליין - שפתון ליפ קולור 714,קרליין,IL,שפתון ליפקולור,יחידה,1.00,יחידה,false,0,55.40,55.40,true,1,
7290104961007,false,קרליין - אליינר אינקליינר שחור,קרליין,DE,אייליינר שחור,יחידה,1.00,יחידה,false,0,46.90,46.90,true,1,
7290104961359,false,קרליין - שפתון קולור מאט 24,קרליין,IL,שפתון,יחידה,1.00,יחידה,false,1,55.40,55.40,true,1,
7290104961403,false,"סקינגארד - קרם הגנה לפנים לילדים 60 מ""ל SPF50",אמיליה קוסמטיקס,IL,סקין גארד,מיליליטרים,60.00,"100 מ""ל",false,0,34.10,56.83,true,1,
7290104961526,false,דאודורנט ספריי גוף טיטניום קלאסיק Titanium Classic,"אמיליה קוסמטיקס בע""מ",IL,טיטניום ספריי,מיליליטרים,150.00,"100 מ""ל",false,0,14.00,9.33,true,1,
7290104961540,false,דאודורנט ספריי גוף טיטניום מטאל Titanium Metal,אמיליה קוסמטיקס,IL,טיטניום ספריי,מיליליטרים,150.00,"100 מ""ל",false,0,14.00,9.33,true,1,
7290104961649,false,קרליין - מברשת דו צדדית 06,קרליין,CN,מברשת דו צדדי,יחידה,1.00,יחידה,false,0,21.20,21.20,true,1,
7290104961663,false,קרליין - מברשת צללית שטוחה 04,קרליין,CN,מברשת צלליות,יחידה,1.00,יחידה,false,0,21.20,21.20,true,1,
7290104961670,false,קרליין - מברשת סומק והצללה 03,קרליין,CN,מברשת סומק,יחידה,1.00,יחידה,false,0,29.80,29.80,true,1,
7290104961687,false,קרליין - מברשת פודרה וברונזר 02,קרליין,CN,מברשת 02,יחידה,1.00,יחידה,false,0,29.80,29.80,true,1,
7290104961878,false,"שמפו לשיער קרטין אינטנס פורמולה 400 מ""ל נטורל",נטורל פורמולה Natural Formula,IL,שמפו קרטין,מיליליטרים,400.00,"100 מ""ל",false,0,25.50,6.38,true,1,
7290104961885,false,מרכך קרטין טהור לשיער שעבר החלקה או עיצוב בחום,נטורל פורמולה Natural Formula,IL,מרכך קרטין,מיליליטרים,400.00,"100 מ""ל",false,0,25.50,6.38,true,1,
7290104961892,false,מסכת קרטין טהור לשיער שעבר החלקה או עיצוב בחום,נטורל פורמולה Natural Formula,IL,מסכת קרטין,מיליליטרים,350.00,"100 מ""ל",false,0,34.10,9.74,true,1,
7290104961908,false,נ.פורמולה קרטין אינטנס סרום לשיער 145 מל,נטורל פורמולה Natural Formula,IL,סרום קרטין,מיליליטרים,145.00,"100 מ""ל",false,0,42.60,29.38,true,1,
7290104961915,false,קרליין - מסקרה בולד שחור,קרליין,IT,BOLD מסקרה שחורה,יחידה,1.00,יחידה,false,1,59.70,59.70,true,1,
7290104961922,false,"קרליין - פריימר אול אין 1 30 מ""ל",קרליין,IL,פריימר IN ALL 1,מיליליטרים,30.00,"100 מ""ל",false,1,88.80,296.00,true,1,
7290104961939,false,קרליין BB פרפקט קר קרם בהיר,קרליין,IL,PERFECT BB קרם,מיליליטרים,50.00,"100 מ""ל",false,0,76.80,153.60,true,1,
7290104962073,false,דאודורנט ספריי גוף טיטניום גולד Titanium Gold,"אמיליה קוסמטיקס בע""מ",IL,דאו.טיטניום,מיליליטרים,180.00,"100 מ""ל",false,0,14.00,7.78,true,1,
7290104962080,false,"טיטניום - דאודורנט ספריי לגבר גולד 150 מ""ל",משווק: קוסמופארם בעמ,IL,דאו.טיטניום,מיליליטרים,150.00,"100 מ""ל",false,0,14.00,9.33,true,1,
7290104962134,false,דאודורנט קרליין רול און נושם לנערות ללא אלומיניום,מיוצר עי : אמיליה קוסמטי,IL,רול און נושם,מיליליטרים,75.00,"100 מ""ל",false,0,11.80,15.73,true,1,
7290104962370,false,קרליין אנטי גרויטי סרום,קרליין,IL,ANTI סרום,מיליליטרים,30.00,"100 מ""ל",false,1,119.60,398.67,true,1,
7290104962387,false,קרליין אנטי גרויטי ק.עיניים,קרל.איפור/טיפוח,IL,GRAVITY ANTI קרם,מיליליטרים,15.00,"100 מ""ל",false,0,119.60,797.33,true,1,
7290104962509,false,נ.פורמולה קרם הגנה קרטין אינטנס,נטורל פורמולה Natural Formula,IL,קרם קרטין,מיליליטרים,145.00,"100 מ""ל",false,0,34.10,23.52,true,1,
7290104962608,false,קרליין - שפתון ליפ קולור 715,קרליין,IL,שפתון,יחידה,1.00,יחידה,false,1,55.40,55.40,true,1,
7290104962707,false,קרליין 25 מגבונים להסרת איפור דיספנסר,קרליין,IL,מגבונים לפנים,יחידה,1.00,יחידה,false,1,12.70,12.70,true,1,
7290104962844,false,"שמפו אמפולה לטיפול אינטנסיבי לשיער יבש, צבוע ופגום",נטורל פורמולה Natural Formula,IL,שמפו אמפולה,מיליליטרים,400.00,"100 מ""ל",false,1,25.50,6.38,true,1,
7290104962851,false,"מרכך אמפולה לטיפול אינטנסיבי לשיער יבש, צבוע ופגום",נטורל פורמולה Natural Formula,IL,מרכך אמפולה,מיליליטרים,400.00,"100 מ""ל",false,1,25.50,6.38,true,1,
7290104962868,false,"מסכת אמפולה לטיפול אינטנסיבי לשיער יבש, צבוע ופגום",נטורל פורמולה Natural Formula,IL,מסכת אמפולה,מיליליטרים,350.00,"100 מ""ל",false,1,34.10,9.74,true,1,
7290104962981,false,אנקובר גלואו א.ד.ט 100מל,קרליין,IL,אנקובר גלואו אדט,מיליליטרים,100.00,"100 מ""ל",false,1,109.00,109.00,true,1,
7290104963001,false,סופטקר מגבונים לחים רביעייה בניחוח עדין,החברה הדרומית,IL,מגבונים סופטקר,יחידה,1.00,יחידה,false,1,17.00,17.00,true,1,
7290104963056,false,קרליין - מסקרה בולד כחול כהה,קרליין,IT,מסקרה כחול,יחידה,1.00,יחידה,false,1,59.70,59.70,true,1,
7290104963063,false,קרליין - מסקרה בולד חום כהה,קרליין,IT,מסקרה חום,יחידה,1.00,יחידה,false,1,59.70,59.70,true,1,
7290104963155,false,"סופטקר שמן לתינוקות 500 מ""ל",קוסמופארם בע'\'\מ,IL,סופטקר שמן,מיליליטרים,500.00,"100 מ""ל",false,1,22.10,4.42,true,1,
7290104963162,false,"סופטקר - קרם גוף לתינוקות 500 מ""ל",קוסמופארם בע'\'\מ,IL,סופטקר קרם גוף,מיליליטרים,500.00,"100 מ""ל",false,1,20.00,4.00,true,1,
7290104963216,false,סופטקר - אל סבון עדין לתינוק לעור רגיש 1 ליטר,קוסמופארם בע'\'\מ,IL,סופטקר אל סבון,ליטרים,1.00,ליטר,false,1,16.00,16.00,true,1,
7290104963223,false,סופטקר - אל סבון עדין לתינוק לעור רגיש 1 ליטר,קוסמופארם בע'\'\מ,IL,סופטקר אל סבון,ליטרים,1.00,ליטר,false,1,16.00,16.00,true,1,
7290104963315,false,"קרליין - מייק אפ הידרה בוסט 405 30 מ""ל",קרל.איפור/טיפוח,IL,מייק אפ הידרה בו,מיליליטרים,30.00,"100 מ""ל",false,0,85.30,284.33,true,1,
7290104963322,false,שמן הזנה לציפורניים יח',,IL,שמן הזנה לציפורנ,יחידה,1.00,יחידה,false,1,25.50,25.50,true,1,
7290104963360,false,קרליין - עפרון שפתיים עם חידוד 168,קרל.איפור/טיפוח,IL,עפרון שפתיים חיד,יחידה,1.00,יחידה,false,0,25.50,25.50,true,1,
7290104963476,false,קרליין - עפרון גבות WARM BROWN 03,קרל.איפור/טיפוח,CN,עפרון גבות משולש,יחידה,1.00,יחידה,false,0,25.50,25.50,true,1,
7290104963490,false,קרליין - שפתון קולור מאט 29,קרליין,IL,MATT COLOR שפתון,יחידה,1.00,יחידה,false,1,55.40,55.40,true,1,
7290104963520,false,קרליין - מברשת הצללה וחיטוב 09,CH XINLEIBRUSH,CN,מברשת הצללה,יחידה,1.00,יחידה,false,1,29.80,29.80,true,1,
7290104963537,false,"קרליין - פריימר מצמצם נקבוביות 30 מ""ל",פארפארם,IL,פריימר מצמצם,מיליליטרים,30.00,"100 מ""ל",false,1,88.80,296.00,true,1,
7290104963667,false,שמפו ותחליב רחצה אל דמע סופט קר 1 ליטר,קוסמופארם בע'\'\מ,IL,סופטקר 2ב1-,ליטרים,1.00,ליטר,false,1,16.00,16.00,true,1,
7290104963674,false,קרליין יאנג-פילינג גרגירים לפנים לעור,אגיס,IL,יאנג תרחיץ גרגיר,מיליליטרים,150.00,"100 מ""ל",false,1,29.80,19.87,true,1,
7290104963902,false,קרליין אורבן דיפנס קרם לחות והגנה 50 מל,פאר פארם בעמ,IL,URBAN קרם יום,מיליליטרים,50.00,"100 מ""ל",false,1,76.80,153.60,true,1,
7290104963919,false,קרליין אורבן דיפנס קרם לילה 50 מל,פאר פארם בעמ,IL,URBAN קרם לילה,מיליליטרים,50.00,"100 מ""ל",false,1,76.80,153.60,true,1,
7290104963926,false,קרליין אורבן דיפנס קרם סרום 30 מל,פאר פארם.,IL,URBAN סרום,מיליליטרים,30.00,"100 מ""ל",false,1,76.80,256.00,true,1,
7290104963957,false,"קרליין - תרחיץ פנים אויל פרי 300 מ""ל",General,IL,תרחיץ פנים אוייל,מיליליטרים,300.00,"100 מ""ל",false,1,29.80,9.93,true,1,
7290104963995,false,קרליין אויל פרי-פילינג גרגרים לעור שמן,אגיס,IL,אויל פרי גרגירים,מיליליטרים,150.00,"100 מ""ל",false,1,29.80,19.87,true,1,
7290104964060,false,"טיטניום - אלמנט בושם לגבר א.ד.ט 100 מ""ל",קרליין,IL,טיטניום אלמנט,מיליליטרים,100.00,"100 מ""ל",false,1,67.50,67.50,true,1,
7290104964091,false,"קרליין - מולטי אפקט קרם לילה 50 מ""ל",פאר פארם בעמ,IL,קרם לילה,מיליליטרים,50.00,"100 מ""ל",false,1,38.30,76.60,true,1,
7290104964107,false,"קרליין - מולטי אפקט קרם עיניים 30 מ""ל",פאר פארם בעמ,IL,EFFECT MULTI קרם,מיליליטרים,30.00,"100 מ""ל",false,1,38.30,127.67,true,1,
7290104964145,false,DESIRE א.ד.פ לאשה,קרליין בישום כל,IL,DESIRE א.ד.פ,מיליליטרים,50.00,"100 מ""ל",false,0,67.50,135.00,true,1,
7290104964206,false,ג'ל מיסלרי להסרת איפור וניקוי הפנים והעיניים,אמיליה קוסמטיקס,IL,ג'ל מיסלרי,מיליליטרים,260.00,"100 מ""ל",false,1,34.10,13.12,true,1,
7290104964282,false,BOLD מסקרה אניגמה שחור,,IT,מסקרה אניגמה,יחידה,1.00,יחידה,false,1,59.70,59.70,true,1,
7290104964299,false,קרליין - מסקרה LASH HUNTER שחור,קרליין,IL,מסקרה לאש האנטר,יחידה,1.00,יחידה,false,1,55.40,55.40,true,1,
7290104964411,false,"קרליין - ספריי מקבע איפור 145 מ""ל",קרליין,IL,מקבע איפור ספריי,מיליליטרים,145.00,"100 מ""ל",false,0,34.10,23.52,true,1,
7290104964428,false,קרליין - קונסילר כיסוי גבוה 01,,IL,קונסילר לכיסוי מ,יחידה,1.00,יחידה,false,1,46.90,46.90,true,1,
7290104964435,false,קרליין - קונסילר כיסוי גבוה 02,,IL,קונסילר לכיסוי מ,יחידה,1.00,יחידה,false,1,46.90,46.90,true,1,
7290104964442,false,קרליין - קונסילר כיסוי גבוה 03,,IL,קונסילר לכיסוי מ,יחידה,1.00,יחידה,false,1,46.90,46.90,true,1,
7290104964459,false,קרליין - קונסילר כיסוי גבוה 04,,IL,קורקטורל לכיסוי,יחידה,1.00,יחידה,false,1,46.90,46.90,true,1,
7290104964473,false,קרליין - מסקרה בולד סטיי לונג שחור,,IL,BOLD מסקרה שחורה,יחידה,1.00,יחידה,false,1,59.70,59.70,true,1,
7290104964558,false,"טיטניום - לג'נט בושם לגבר א.ד.ט 100 מ""ל",,IL,טיטניום LEGEND א,מיליליטרים,100.00,"100 מ""ל",false,1,84.60,84.60,true,1,
7290104964565,false,קרליין מסכה מתקלפת לניקוי לכל סוגי העור,פאר פארם בעמ,IL,מסכה מתקלפת שחור,מיליליטרים,150.00,"100 מ""ל",false,1,42.60,28.40,true,1,
7290104964572,false,קרליין מסכה מתקלפת לחות והזנה לכל סוגי ה,פאר פארם בעמ,IL,מסכה מתקלפת זהב,מיליליטרים,150.00,"100 מ""ל",false,1,42.60,28.40,true,1,
7290104964589,false,קרליין מסכה מתקלפת מיצוק ומתיחה לכל סוגי,פאר פארם בעמ,IL,מסכה מתקלפת כסף,מיליליטרים,150.00,"100 מ""ל",false,1,42.60,28.40,true,1,
7290104964770,false,"קרליין - ספלאש קרם לילה 50 מ""ל",קרליין Careline,IL,ספלאש קרם לילה,מיליליטרים,50.00,"100 מ""ל",false,1,68.20,136.40,true,1,
7290104964787,false,"קרליין - ספלאש קרם עיניים 30 מ""ל",אגיס,IL,ספלאש קרם עיניים,מיליליטרים,30.00,"100 מ""ל",false,1,34.10,113.67,true,1,
7290104964916,false,קרליין - מגבונים להסרת איפור דו פאזי 25 יח',קוסמופארם,IL,מגבוני דו פזי פח,יחידה,1.00,יחידה,false,1,12.70,12.70,true,1,
7290104964930,false,קרליין - פיגמנט ללחיים ולשפתיים,,IL,ליפ טיינט שפתון,מיליליטרים,10.00,"100 מ""ל",false,1,34.10,341.00,true,1,
7290104964954,false,קרליין מסכת בד זהב למיצוק וזוהר לעור,קרליין,IL,מסכת בד טיפוח זה,יחידה,1.00,יחידה,false,1,8.50,8.50,true,1,
7290104964961,false,קרליין מסכת בד ויטמין C למראה עור אחיד ו,קרליין,IL,מסכת בד טיפוח,יחידה,1.00,יחידה,false,1,8.50,8.50,true,1,
7290104964978,false,קרליין מסכת בד פחם טבעי לטיהור וניקוי הע,קרליין,IL,מסכת בד טיפוח פח,יחידה,1.00,יחידה,false,1,8.50,8.50,true,1,
7290104964985,false,"ECLIPS - בושם לגבר 100 מ""ל",,IL,ECLIPSE אדפ,מיליליטרים,100.00,"100 מ""ל",false,1,84.60,84.60,true,1,
7290104965005,false,קונסילר לכיסוי מלא 00 יח,,IL,קונסילר לכיסוי מ,יחידה,1.00,יחידה,false,1,46.90,46.90,true,1,
7290104965050,false,שפתון קולור גלוס 45 יח',,IL,שפתון קולור גלוס,יחידה,1.00,יחידה,false,1,34.10,34.10,true,1,
7290104965074,false,שפתון קולור גלוס 42 יח',,IL,שפתון קולור גלוס,יחידה,1.00,יחידה,false,1,34.10,34.10,true,1,
7290104965128,false,קרליין - פלטת צלליות מקצועית נטורל,לג'ו שיאנג,CN,סט 9 צלליות 01,יחידה,1.00,יחידה,false,1,68.20,68.20,true,1,
7290104965135,false,סט 9 צלליות 02 קר כקרח,לג'ו שיאנג,CN,סט 9 צלליות 02 ק,יחידה,1.00,יחידה,false,1,68.20,68.20,true,1,
7290104965142,false,סט 9 צלליות 03 זוהר מארז,לג'ו שיאנג,CN,סט 9 צלליות 03 ז,יחידה,1.00,יחידה,false,1,68.20,68.20,true,1,
7290104965159,false,סט 9 צלליות 04 מעושן כהה,לג'ו שיאנג,CN,סט 9 צלליות 04 מ,יחידה,1.00,יחידה,false,1,68.20,68.20,true,1,
7290104965654,false,קרליין נושם דאו סטיק סוויט קיס לנערות 50,מיוצר עי : אמיליה קוסמטי,IL,דאורדורנט סטיק,מיליליטרים,50.00,"100 מ""ל",false,1,16.10,32.20,true,1,
7290104969850,false,"קרליין - פרו קולגן בוסטר 30 מ""ל",אגיס,IL,BOOSTER קולגן,מיליליטרים,30.00,"100 מ""ל",false,1,59.70,199.00,true,1,
7290104969874,false,"קרליין - ויטמין סי בוסטר 30 מ""ל",אגיס,IL,BOOSTER ויטמין C,מיליליטרים,30.00,"100 מ""ל",false,1,59.70,199.00,true,1,
7290104969881,false,קרליין בוסטר סרום חומצה היאלורונית 30 מל,אגיס,IL,BOOSTER חומצה הי,מיליליטרים,30.00,"100 מ""ל",false,1,59.70,199.00,true,1,
7290104969935,false,"קרליין - סי פאוור קרם יום 50 מ""ל",פאר פארם בעמ,IL,פאוור סי קרם יום,מיליליטרים,50.00,"100 מ""ל",false,1,42.60,85.20,true,1,
7290105360250,false,קפסולות 09 עשיר וארומטי למכונת נספרסו עלית 10יח',הנסיך- מפעל לייצור ט,IL,קפסולות קפה,גרמים,50.00,100 גרם,false,0,17.00,34.00,true,1,
7290105360328,false,קפסולות אספרסו חזק למכונות נספרסו 10 יח',הנסיך- מפעל לייצור ט,IL,קפסולות מס' 10,גרמים,50.00,100 גרם,false,0,17.00,34.00,true,1,
7290105360335,false,קפסולות אספרסו למכונות נספרסו 50 גר,הנסיך- מפעל לייצור ט,IL,קפסולות מס' 7,גרמים,50.00,100 גרם,false,0,17.00,34.00,true,1,
7290105363602,false,מקלות כיף כף קלאסי עלית 40 גרם,שולן צ'\יקולטה גידה סאן.,TR,כיף כף מקלות,גרמים,40.00,100 גרם,false,0,5.50,13.75,true,1,
7290105364289,false,מקלות כיף כף פצפוצים עלית 40 גרם,שולן צ'\יקולטה גידה סאן.,TR,כיף כף מקלות,גרמים,40.00,100 גרם,false,0,5.50,13.75,true,1,
7290105430441,false,תחליב רחצה סחלב שחור וקרם לחות Naturals משאבה,הנסיך- מפעל לייצור ט,TR,סבון פלמוליב,מיליליטרים,750.00,"100 מ""ל",false,0,15.20,2.03,true,1,
7290105430458,false,תחליב רחצה מועשר בשקדים וקרם לחות Naturals משאבה,הנסיך- מפעל לייצור ט,TR,סבון פלמוליב,מיליליטרים,750.00,"100 מ""ל",false,0,15.20,2.03,true,1,
7290105431868,false,"פלמוליב ספא קוקוס גרגרים נוזלי 500 מ""ל",הנסיך- מפעל לייצור ט,TR,פלמוליב ספא,מיליליטרים,500.00,"100 מ""ל",false,0,16.10,3.22,true,1,
7290105433961,false,"ליידי ספיד סטיק לסס פרש אסנס ספריי דובדבן, 150 מ""ל",קולגייט-פלמוליב,RU,ליידי ספיד סטיק,מיליליטרים,150.00,"100 מ""ל",false,0,12.70,8.47,true,1,
7290105433985,false,ליידי ספיד סטיק פרש אסנס פריחת הדובדבן סטיק 65 גר,ליידי ספיד סטיק Lady Speed Stick,US,ליידי ספיד סטיק,גרמים,65.00,100 גרם,false,0,15.20,23.38,true,1,
7290105434029,false,"ספיד סטיק - דאודורנט ספריי לגבר נוטרו פאואר 150 מ""ל",הנסיך- מפעל לייצור ט,RU,דאו. ספיד סטיק,מיליליטרים,150.00,"100 מ""ל",false,0,12.70,8.47,true,1,
7290105434050,false,ספיד סטיק - דאודורנט סטיק לגבר XL ירוק רגיולר 85 גרם,קולגייט פלמוליב,US,דאו. ספיד סטיק,יחידה,1.00,יחידה,false,0,15.20,15.20,true,1,
7290105434067,false,ספיד סטיק - דאודורנט סטיק לגבר XL אושן סרף 85 גרם,קולגייט פלמוליב,US,דאו. ספיד סטיק,יחידה,1.00,יחידה,false,0,15.20,15.20,true,1,
7290105968777,false,פריכיות 5 דגנים עם תחתית שוקולד מריר 70 גרם,"טחנת האבן תעשיות בע""",IL,פריכיות + שוקולד,גרמים,70.00,100 גרם,false,0,8.40,12.00,true,1,
7290106262546,false,סאן&קאר ספריי שקוףSPF50,אמיליה,IL,סאן&קאר ספריי,מיליליטרים,200.00,"100 מ""ל",false,1,19.50,9.75,true,1,
7290106262812,false,PRO HAIRסרום חמ.שיאה וקרטין לשיער צבוע ופ,גויה מעבדות לקוסמטיק,IL,סרום מעושר בח.שי,מיליליטרים,125.00,"100 מ""ל",false,1,29.80,23.84,true,1,
7290106263543,false,סאן&קאר קרם פנים לילדים SPF50מ'ל,אמיליה,IL,סאן&קאר קרם פנים,מיליליטרים,60.00,"100 מ""ל",false,1,17.00,28.33,true,1,
7290106265417,false,מסכת מקדמיה שיער יבש400מ,,IL,מסכת מקדמיה לשיע,מיליליטרים,400.00,"100 מ""ל",false,1,29.80,7.45,true,1,
7290106269385,false,סט גולד רוז מוצרים במעמד,ספא פארמה,CN,סט גולד רוז מוצר,יחידה,1.00,יחידה,false,1,25.50,25.50,true,1,
7290106269392,false,תיק רחצה גולד רוז 5מוצרי,ספא פארמה,CN,תיק רחצה גולד רו,יחידה,1.00,יחידה,false,1,34.10,34.10,true,1,
7290106269699,false,לסרה מי פנים לרגיש מועשר בתה ירוק ומלפפוני,,IL,מי פנים מועשר ב,מיליליטרים,250.00,"100 מ""ל",false,1,15.30,6.12,true,1,
7290106269705,false,לסרה חלב פנים מועשר בתה ירוק ומלפפונים250מ,,IL,חלב פנים מועשר ב,מיליליטרים,250.00,"100 מ""ל",false,1,15.30,6.12,true,1,
7290106269743,false,לסרה סבון עדין לפנים מועשר בתה ירוק ומלפפו,,IL,סבון עדין לפנים,מיליליטרים,250.00,"100 מ""ל",false,1,15.30,6.12,true,1,
7290106290358,false,PEARL ICON א.ד.פ לאשה,גייד בישום,IL,PEARL ICON לאשה,מיליליטרים,50.00,"100 מ""ל",false,0,89.00,178.00,true,1,
7290106290686,false,עפרון שפתיים עמיד82 יח',גייד,IT,עפרון שפתיים 82,יחידה,1.00,יחידה,false,0,41.80,41.80,true,1,
7290106290709,false,עפרון שפתיים עמיד84 יח',גייד,IT,עפרון שפתיים 84,יחידה,1.00,יחידה,false,0,41.80,41.80,true,1,
7290106290730,false,עפרון שפתיים עמיד87 יח',גייד,IT,עפרון שפתיים 87,יחידה,1.00,יחידה,false,0,41.80,41.80,true,1,
7290106290747,false,עפרון שפתיים עמיד88 יח',גייד,IT,עפרון שפתיים 88,יחידה,1.00,יחידה,false,0,41.80,41.80,true,1,
7290106290785,false,גייד חלב פנים ומי פנים בתכשיר אחד 200 מל,דניה,IL,חלב ומי פנים,מיליליטרים,200.00,"100 מ""ל",false,0,38.40,19.20,true,1,
7290106290839,false,PEARL ICON קרם גוף לאשה,גייד,IL,ICON קרם גוף,מיליליטרים,200.00,"100 מ""ל",false,0,41.70,20.85,true,1,
7290106290945,false,עפרון עיינים טוש כחול,גייד,IL,עפרון עיינים טוש,יחידה,1.00,יחידה,false,0,50.40,50.40,true,1,
7290106291799,false,פודרה אידיליק מינרלית100,גייד,IT,פודרה אידיליק מי,יחידה,1.00,יחידה,false,0,93.10,93.10,true,1,
7290106291805,false,פודרה אידיליק מינרלית101,גייד,IT,פודרה אידיליק מי,יחידה,1.00,יחידה,false,0,93.10,93.10,true,1,
7290106292154,false,סומק עם מראה אידיליק25,גייד,IL,סומק עם מראה 25,יחידה,1.00,יחידה,false,0,76.00,76.00,true,1,
7290106292192,false,סומק עם מראה אידיליק35,גייד,IL,סומק עם מראה 35,יחידה,1.00,יחידה,false,0,76.00,76.00,true,1,
7290106292406,false,אדמה אינדיאנית אידיליק62,גייד,IT,אדמה אינדיאנית א,יחידה,1.00,יחידה,false,0,84.60,84.60,true,1,
7290106292420,false,אדמה אינדיאנית אידיליק66,גייד,IT,אדמה אינדיאנית א,יחידה,1.00,יחידה,false,0,84.60,84.60,true,1,
7290106292895,false,PERFECTION קרם בסיס,גייד,IT,PERFECTION קרם,מיליליטרים,30.00,"100 מ""ל",false,0,101.70,339.00,true,1,
7290106293151,false,גייד גולד פרימיום קרם יום 50 מל,דניה,CH,PREMIUM GOLD קרם,מיליליטרים,50.00,"100 מ""ל",false,0,187.10,374.20,true,1,
7290106293168,false,גייד גולד פרימיום סרום 30 מל,דניה,CH,Gold סרום,מיליליטרים,30.00,"100 מ""ל",false,0,170.00,566.67,true,1,
7290106293212,false,גייד מסיר איפור לעיניים 125 מל,דניה,CH,מסיר איפור,מיליליטרים,125.00,"100 מ""ל",false,0,50.40,40.32,true,1,
7290106293694,false,פודרה בייסיקס500,גייד,IT,פודרה בייסיקס500,יחידה,1.00,יחידה,false,0,72.60,72.60,true,1,
7290106293724,false,פודרה בייסיקס503 יח',גייד,IT,פודרה בייסיקס503,יחידה,1.00,יחידה,false,0,72.60,72.60,true,1,
7290106293762,false,עפרון גבות+מברשת 20,גייד,IT,עפרון גבות+מברשת,יחידה,1.00,יחידה,false,0,50.40,50.40,true,1,
7290106293786,false,עפרון גבות +מברשת 60,גייד,IT,עפרון גבות+מברשת,יחידה,1.00,יחידה,false,0,50.40,50.40,true,1,
7290106294011,false,ROSES ICON א.ד.ט לאשה,גייד בישום,IL,ROSES ICON לאשה,מיליליטרים,50.00,"100 מ""ל",false,0,89.00,178.00,true,1,
7290106294509,false,גייד מי פנים לניקוי וטיהור העור 200 מל,דניה,IL,PURIFYING לפנים,מיליליטרים,200.00,"100 מ""ל",false,0,38.40,19.20,true,1,
7290106294738,false,שפתון גלוס עמיד27 יח',INTERCOS,IT,שפתון גלוס עמ27,יחידה,1.00,יחידה,false,0,67.50,67.50,true,1,
7290106294752,false,שפתון גלוס עמיד29 יח',גייד,IT,שפתון גלוס עמ29,יחידה,1.00,יחידה,false,0,67.50,67.50,true,1,
7290106294806,false,שפתון גלוס עמיד36 יח',גייד,IT,שפתון גלוס עמ36,יחידה,1.00,יחידה,false,0,67.50,67.50,true,1,
7290106294813,false,שפתון גלוס עמיד37 יח',גייד,IT,שפתון גלוס עמ37,יחידה,1.00,יחידה,false,0,67.50,67.50,true,1,
7290106294851,false,שפתון גלוס עמיד42 יח',גייד,IT,שפתון גלוס עמ42,יחידה,1.00,יחידה,false,0,67.50,67.50,true,1,
7290106294882,false,שפתון גלוס עמיד44 יח',גייד,IT,שפתון גלוס עמ44,יחידה,1.00,יחידה,false,0,67.50,67.50,true,1,
7290106295742,false,גייד תרחיץ גרגרים עדין 200 מל,דניה,IL,תרחיץ גרגירים,מיליליטרים,200.00,"100 מ""ל",false,0,50.40,25.20,true,1,
7290106295841,false,HD IDYLLIC מסקרה שחורה,גייד,DE,HD IDYLLIC מסקרה,יחידה,1.00,יחידה,false,0,76.00,76.00,true,1,
7290106296169,false,BLACK ICON אדט גבר 100מל,גייד בישום,IL,BLACK ICON לגבר,מיליליטרים,100.00,"100 מ""ל",false,0,109.00,109.00,true,1,
7290106296244,false,VERTIGO אדט לגבר 100 מל,גייד בישום,IL,VERTIGO לגבר,מיליליטרים,100.00,"100 מ""ל",false,0,149.50,149.50,true,1,
7290106296503,false,INSTINCT ICON א.ד.ט לאשה,גייד בישום,IL,INSTINCT ICONאשה,מיליליטרים,100.00,"100 מ""ל",false,0,119.00,119.00,true,1,
7290106296633,false,עפרון גבות איידיליק 200,גייד,IT,עפרון גבות איידי,יחידה,1.00,יחידה,false,0,50.40,50.40,true,1,
7290106296640,false,עפרון גבות איידיליק 400,גייד,IT,עפרון גבות איידי,יחידה,1.00,יחידה,false,0,50.40,50.40,true,1,
7290106296893,false,עפרון שפתיים עמיד96 יח',גייד,IT,עפרון שפתיים 96,יחידה,1.00,יחידה,false,0,41.80,41.80,true,1,
7290106297067,false,צללית בייסיק לגבות יח',גייד,IL,צללית בייסיק לגב,יחידה,1.00,יחידה,false,0,58.90,58.90,true,1,
7290106297197,false,קונסילר איידילק אקסטר15,גייד,IT,קונסילר איידילק,מיליליטרים,10.00,"100 מ""ל",false,0,72.60,726.00,true,1,
7290106297210,false,קונסילר איידילק אקסטר17,גייד,IT,קונסילר איידילק,מיליליטרים,10.00,"100 מ""ל",false,0,72.60,726.00,true,1,
7290106297272,false,גייד גולד פרימיום קרם לילה 50 מל,דניה,CH,PREMIUM GOLD קרם,מיליליטרים,50.00,"100 מ""ל",false,0,187.10,374.20,true,1,
7290106297289,false,גייד גולד פרימיום קרם עיניים 15 מל,דניה,CH,PREMIUM GOLD קרם,מיליליטרים,15.00,"100 מ""ל",false,0,144.40,962.67,true,1,
7290106297463,false,שפתון גלוס עמיד57 יח',גייד,IT,שפתון גלוס עמ57,יחידה,1.00,יחידה,false,0,67.50,67.50,true,1,
7290106297531,false,BLACK VANILLA ICON לאשה,גייד בישום,IL,VANILLA ICON אשה,מיליליטרים,100.00,"100 מ""ל",false,0,170.00,170.00,true,1,
7290106297593,false,דאו.לגבר אייקון אקס200מל,גייד בישום,IL,דאודורנט לגבר אי,מיליליטרים,200.00,"100 מ""ל",false,0,33.30,16.65,true,1,
7290106298002,false,אסנשיילס פריימר 30מל,גייד,IT,ESSENTIALS,מיליליטרים,30.00,"100 מ""ל",false,0,127.30,424.33,true,1,
7290106298231,false,שפתון איידליק מאט 730 יח,גייד,IT,שפתון איידליק מא,יחידה,1.00,יחידה,false,0,64.10,64.10,true,1,
7290106298590,false,קונסילר סטיק לתיקון20 יח,גייד,IT,קונסילר סטיק לתי,יחידה,1.00,יחידה,false,0,67.50,67.50,true,1,
7290106298651,false,OIL MUSK ICON בושם לאשה,גייד בישום,IL,M-O ICON לאשה,מיליליטרים,100.00,"100 מ""ל",false,0,170.00,170.00,true,1,
7290106298927,false,OIL MUSK ICON דאודורנט,גייד בישום,IL,M ICON דאודורנט,מיליליטרים,70.00,"100 מ""ל",false,0,33.30,47.57,true,1,
7290106299054,false,ליפגלוס קריסטל לייטס600,גייד,IL,ליפגלוס קריסטל ל,יחידה,1.00,יחידה,false,0,67.50,67.50,true,1,
7290106299139,false,שפתון טרו קולור245 יח',גייד,IT,שפתון טרו קולור2,יחידה,1.00,יחידה,false,0,58.90,58.90,true,1,
7290106299252,false,שפתון גלוס עמיד70 יח',גייד,IL,שפתון גלוס עמ70,יחידה,1.00,יחידה,false,0,67.50,67.50,true,1,
7290106299634,false,שפתון וולטין מאט754 יח',גייד,IT,שפתון וולטין מאט,יחידה,1.00,יחידה,false,0,64.10,64.10,true,1,
7290106299665,false,שפתון וולטין מאט757 יח',גייד,IT,שפתון וולטין מאט,יחידה,1.00,יחידה,false,0,64.10,64.10,true,1,
7290106299672,false,שפתון וולטין מאט758 יח',גייד,IT,שפתון וולטין מאט,יחידה,1.00,יחידה,false,0,64.10,64.10,true,1,
7290106299917,false,פלטה צללית וולטין 46 יח',גייד,IL,פלטה צללית וולטי,יחידה,1.00,יחידה,false,0,81.20,81.20,true,1,
7290106520066,false,"רבע לשבע שוקולד חלב במילוי אגוזים עלית 160 גרם בד""צ","הגביע מוצרי וופלים בע""\מ",IL,רבע לשבע 160 גרם,גרמים,160.00,100 גרם,false,0,13.50,8.44,true,1,
7290106526822,false,פריכיות אורז חום מלא תחתית שוקולד חלב 80 גרם,"טחנת האבן תעשיות בע""",IL,פריכיות,גרמים,80.00,100 גרם,false,0,8.40,10.50,true,1,
7290106658479,false,עלית וופל בטעם טורטית אגוזים 40ג,"שטראוס גרופ בע""\מ",IL,טורטית מגדים,גרמים,40.00,100 גרם,false,1,4.00,10.00,true,1,
7290106721913,false,מסטיק מאסט MUST ללא סוכר בטעם מנטה מרעננת,"שטראוס גרופ בע""מ",IL,מסטיק מרעננת,גרמים,66.00,100 גרם,false,1,11.00,16.67,true,1,
7290106721920,false,צנצנת מסטיק מאסט בטעם ספירמינט עדין 66 ג' עלית,"שטראוס גרופ בע""\מ.",IL,מסטיק ספירמינט,גרמים,66.00,100 גרם,false,1,11.00,16.67,true,1,
7290106820265,false,BYNETA ספריי מייקאפ לרגליים- גוון מדיום,,IT,מייקאפ לרגליים ג,מיליליטרים,150.00,"100 מ""ל",false,1,152.90,101.93,true,1,
7290106820272,false,BYNETA ספריי מייקאפ לפנים- גוון דארק,,IT,מייקאפ לפנים גוו,מיליליטרים,75.00,"100 מ""ל",false,1,101.70,135.60,true,1,
7290106820326,false,BYNETA ספריי לשיזוף עצמי לפנים ולגוף 125,לילית,IT,ספריי לשיזוף עצמ,מיליליטרים,125.00,"100 מ""ל",false,1,127.30,101.84,true,1,
7290107280099,false,שלישיית מגובנים נשטפים באסלה סופט סוד 48 יחידות,טרופיקל דגיל- תעשיות,IL,מגבוני נייר לחים,יחידה,1.00,יחידה,false,0,15.00,15.00,true,1,
7290107544467,false,שעווה קרה להסרת שיער מיוחד למיקרוגל,אורנה 19 Orna,IL,שעווה קרה למיקרו,גרמים,500.00,100 גרם,false,1,21.20,4.24,true,1,
7290107544481,false,קרם להסרת שיער אורנה 19 80 ג',אלפא קוסמטיקה,IL,קרם להסרת שיער,גרמים,80.00,100 גרם,false,1,21.20,26.50,true,1,
7290107544528,false,אורנה 19 דפילטור לפנים 2021,אלפא,IL,קרם להסרת שיער,גרמים,20.00,100 גרם,false,1,21.20,106.00,true,1,
7290107931397,false,כיף כף פצפוצים במילוי שוקולד 40 גרם,שולן צ'\יקולטה גידה סאן.,TR,כיף כף פצפצים,גרמים,40.00,100 גרם,false,1,5.90,14.75,true,1,
7290107936958,false,עד חצות ביסקוויט אצבעות שוקולד 125 גרם,ביסקוויטס טור ד'\אלבון,FR,עד חצות אצבעות,גרמים,125.00,100 גרם,false,1,11.80,9.44,true,1,
7290107937627,false,מסטיק מאסט Must קוביות ללא סוכר בטעם מנטה עדינה,אסקום קונפקשיין,DE,קוביות מסטיק,גרמים,58.00,100 גרם,false,1,11.00,18.97,true,1,
7290107937634,false,צנצנית מסטיק מאסט קוביות פפירמינט 58 ג' עלית,אסקום קונפקשיין,DE,קוביות מסטיק,גרמים,58.00,100 גרם,false,1,11.00,18.97,true,1,
7290107937641,false,צנצנת מסטיק בזוקה קוביות ללא סוכר,אסקום קונפקשיין,DE,קוביות מסטיק,גרמים,58.00,100 גרם,false,1,11.00,18.97,true,1,
7290107951715,false,צנצנת מסטיק מאסט קוביות בטעם ענבים 58 ג' עלית,אסקום קונפקשיין,IL,מסטיק קוביות,גרמים,58.00,100 גרם,false,1,11.00,18.97,true,1,
7290107956901,false,קפסולות בטעם אגוזים למכונת נספרסו עלית 10 יחידות,שטראוס קפה בי.וי.,IL,קפסולות אספרסו,גרמים,50.00,100 גרם,false,1,17.00,34.00,true,1,
7290107956932,false,קפסולות אספרסו אידונזיה למכונות 50 גר,שטראוס קפה בי.וי.,IL,קפסולות אינדונזי,גרמים,50.00,100 גרם,false,1,17.00,34.00,true,1,
7290107970129,false,"ליידי ספיד סטיק - דאודורנט רול און לאישה פרש אסנס סחלב שחור 50 מ""ל",קולגייט-פלמוליב,IT,ליידי ספיד סטיק,מיליליטרים,50.00,"100 מ""ל",false,1,12.70,25.40,true,1,
7290107971744,false,"קולגייט - מי פה טוטל ירוק ספרמינט 500 מ""ל",יבואן ומשווק: ש. שסט,PL,מי פה קולגייט,מיליליטרים,500.00,"100 מ""ל",false,1,15.20,3.04,true,1,
7290107971751,false,מי פה קולגייט טוטל ללא אלכוהול פפרמינט,יבואן ומשווק: ש. שסט,PL,מי פה קולגייט,מיליליטרים,500.00,"100 מ""ל",false,1,15.20,3.04,true,1,
7290107973014,false,"סבון ידיים משאבה פלמוליב חלב ודבש 300 מ""ל",הנסיך- מפעל לייצור ט,TR,סבון ידיים,מיליליטרים,300.00,"100 מ""ל",false,1,9.30,3.10,true,1,
7290107973038,false,"סבון ידיים משאבה פלמוליב אקווריום 300 מ""ל",הנסיך- מפעל לייצור ט,IT,סבון פלמוליב,מיליליטרים,300.00,"100 מ""ל",false,1,9.30,3.10,true,1,
7290107973311,false,קולגייט מברשת שיניים 360 פחם זהב זוג,הנסיך- מפעל לייצור ט,CN,מברשות קולגייט,יחידה,1.00,יחידה,false,1,25.50,25.50,true,1,
7290107974301,false,ליידי ספיד סטיק - דאודורנט ג'ל לאישה אלוורה 45 גרם,ליידי ספיד סטיק Lady Speed Stick,US,ליידי ספיד סטיק,גרמים,45.00,100 גרם,false,1,15.20,33.78,true,1,
7290107975285,false,דאו לנערות תות מתוק ליידי ספיד סטיק 65 ג,ליידי ספיד סטיק Lady Speed Stick,US,ספיד סטיק תות,גרמים,65.00,100 גרם,false,1,15.20,23.38,true,1,
7290107975292,false,ליידי ספיד סטיק - דאודורנט סטיק נערות ורוד 65 גרם,ליידי ספיד סטיק Lady Speed Stick,US,ספיד סטיק ורוד,גרמים,65.00,100 גרם,false,1,15.20,23.38,true,1,
7290107975360,false,ליידי ספיד סטיק פיור פרשנס ג'ל נשים 65ג',ליידי ספיד סטיק Lady Speed Stick,US,ליידי ספיד סטיק,גרמים,45.00,100 גרם,false,1,15.20,33.78,true,1,
7290107975544,false,"קולגייט משחת שיניים סמיילס ברבי לגילאי 6 50מ""ל",קולגייט- פלמוליב,PL,משחת שיניים,מיליליטרים,50.00,"100 מ""ל",false,1,13.50,27.00,true,1,
7290107977456,false,"פלמוליב - ג'ל רחצה ושמפו ספורט לגבר 750 מ""ל",קולגייט פלמוליב,TR,ג'ל רחצה פלמוליב,מיליליטרים,750.00,"100 מ""ל",false,1,15.20,2.03,true,1,
7290107977753,false,"משחת שיניים פרודונט אקספרס 75 מ""ל ""מרידול""",קולגייט פלמוליב,PL,משחת שיניים,מיליליטרים,75.00,"100 מ""ל",false,1,21.00,28.00,true,1,
7290108331585,false,"מספריים לשיער קייזר ""1990/6",,CN,"מספריים לשיער 1""",יחידה,1.00,יחידה,false,1,51.20,51.20,true,1,
7290108350746,false,מברשת שיניים חשמלית פיות אורביטול,החברה הדרומית,CN,מברשת חשמלית,יחידה,1.00,יחידה,false,1,33.20,33.20,true,1,
7290108352047,false,אורביטול - צמד מברשות שיניים 808 + חוט דנטלי במתנה,החברה הדרומית,CN,זוג מברשות+חוט,יחידה,1.00,יחידה,false,1,14.40,14.40,true,1,
7290108352078,false,"שטיפת פה protective salt אורביטול 500 מ""ל",טרופיקל דגיל תעשיות,IL,אורביטול שטיפה,מיליליטרים,500.00,"100 מ""ל",false,1,17.00,3.40,true,1,
7290108352092,false,משחת שיניים אורביטול פרוטקטיב סולט בטעם מנטה,טרופיקל דגיל תעשיות קוסמ,IL,משחת אורביטול,גרמים,145.00,100 גרם,false,1,11.00,7.59,true,1,
7290108352214,false,סנו - מקסימה קפסולות כביסה בניחוח בריזה מרעננת 40 יח',טרופיקל דגיל תעשיות,IL,קפסולות לכביסה,יחידה,1.00,יחידה,false,1,34.10,34.10,true,1,
7290108352498,false,מכשיר אוטומטי מעוצב ואלגנטי עם מילוי מלון בוטיק סנו פרש,"יצרן מכשיר: זובלה, יצרן",IL,סנו פרש אוטמטי,מיליליטרים,250.00,"100 מ""ל",false,1,42.60,17.04,true,1,
7290108352535,false,סנו - מקסימה דפי בישום לחים למייבש הכביסה בניחוח מרכך כביסה,טרופיגל דגיל תעשיות קוסמ,IL,דפי בישום למייבש,יחידה,1.00,יחידה,false,1,11.00,11.00,true,1,
7290108353372,false,אורביטול צמד מברשות שיניים 12000 סיבי פחם,"קוסמופארם בע""\מ",IL,מברשות שיניים2יח,יחידה,1.00,יחידה,false,1,25.50,25.50,true,1,
7290108353396,false,צמד מברשות שיניים עם סיבים דקים ורכים במיוחד,יבואן ומשווק: ש. שסט,IL,מברשות שיניים,יחידה,1.00,יחידה,false,1,14.40,14.40,true,1,
7290108353402,false,צמד מברשות שיניים עם סיבי פחם דקים במיוחד,יבואן ומשווק: ש. שסט,CN,מברשות שיניים,יחידה,1.00,יחידה,false,1,14.40,14.40,true,1,
7290108353419,false,צמד מברשות שיניים עם סיבי הלבנה ספירליים,החברה הדרומית,IL,מברשות שיניים,יחידה,1.00,יחידה,false,1,14.40,14.40,true,1,
7290108353426,false,צמד מברשות שיניים לחניכיים ושיניים רגישות,יבואן ומשווק: ש. שסט,IL,מברשות שיניים,יחידה,1.00,יחידה,false,1,14.40,14.40,true,1,
7290108353440,false,אורביטול מברשות שיניים נאנו לחניכיים 2יח,החברה הדרומית,CN,מברשות שיניים2יח,יחידה,1.00,יחידה,false,1,25.50,25.50,true,1,
7290108353716,false,"קרמה - תחליב רחצה חימר פיטאיה 500 מ""ל","קוסמופארם בע""\מn\",IL,תחליב רחצה חימר,מיליליטרים,500.00,"100 מ""ל",false,1,12.70,2.54,true,1,
7290108353723,false,"קרמה - תחליב רחצה חימר תה ירוק 500 מ""ל","קוסמופארם בע""\מn\",IL,תחליב רחצה קרמה,מיליליטרים,500.00,"100 מ""ל",false,1,12.70,2.54,true,1,
7290108353730,false,"קרמה - תחליב רחצה חימר אוכמניות כחולות 500 מ""ל","קוסמופארם בע""\מn\",IL,תחליב רחצה קרמה,מיליליטרים,500.00,"100 מ""ל",false,1,12.70,2.54,true,1,
7290108353747,false,"תחליב רחצה אירוודה, בניחוח טונקה 600 מ""ל קרימה","קוסמופארם בע""\מ",IL,קרמה תחליב רחצה,מיליליטרים,600.00,"100 מ""ל",false,1,17.00,2.83,true,1,
7290108353761,false,"תחליב רחצה זן, בניחוח קשמיר 600 מ""ל קרימה","קוסמופארם בע""\מ",IL,קרמה תחליב רחצה,מיליליטרים,600.00,"100 מ""ל",false,1,17.00,2.83,true,1,
7290108353785,false,תחליב רחצה נקה 7 מרוקו בניחוח טונקה 750,"אמיליה קוסמטיקס בע""מ",IL,תחליב רחצה,מיליליטרים,750.00,"100 מ""ל",false,1,11.00,1.47,true,1,
7290108353792,false,"תחליב רחצה יפן נקה 7 בניחוח פריחת הדובדבן 750 מ""ל","אמיליה קוסמטיקס בע""מ",IL,תחליב רחצה בניחו,מיליליטרים,750.00,"100 מ""ל",false,1,11.00,1.47,true,1,
7290108353808,false,"תחליב רחצה מדגסקר נקה 7 בניחוח אמבר 750 מ""ל","אמיליה קוסמטיקס בע""מ",IL,תחליב רחצה בניחו,מיליליטרים,750.00,"100 מ""ל",false,1,11.00,1.47,true,1,
7290108353891,false,"קרמה - דאודורנט רול און לאישה קרמה מאסק 75 מ""ל","קוסמופארם בע""\מ",IL,דאודורנט קרמה,מיליליטרים,75.00,"100 מ""ל",false,1,11.80,15.73,true,1,
7290108353907,false,"קרמה - דאודורנט רול און לאישה קרמה קלאסי 75 מ""ל","קוסמופארם בע""\מ",IL,דאודורנט קרמה,מיליליטרים,75.00,"100 מ""ל",false,1,11.80,15.73,true,1,
7290108353952,false,"קרמה - דאודורנט ספריי לאישה קרמה קלאסי 150 מ""ל",מיוצר עי : אמיליה קוסמטי,IL,דאודורנט קרמה,מיליליטרים,150.00,"100 מ""ל",false,1,14.40,9.60,true,1,
7290108353983,false,"קרמה - קרם גוף קרמה קלאסי 500 מ""ל",טרופיקל דגיל תעשיות,IL,קרם גוף קלאסי,מיליליטרים,500.00,"100 מ""ל",false,1,17.00,3.40,true,1,
7290108353990,false,"קרמה - קרם גוף קרמה מאסק 500 מ""ל",טרופיקל דגיל תעשיות,IL,קרם גוף מאסק,מיליליטרים,500.00,"100 מ""ל",false,1,17.00,3.40,true,1,
7290108354263,false,אורביטול גוניור משחת שיניים חד קרן 70גרם,טרופיקל דגיל תעשיות קוסמ,IL,משחה אורביטול +6,מיליליטרים,70.00,"100 מ""ל",false,1,10.10,14.43,true,1,
7290108354270,false,מרכך כביסה מרוכז בבישום עוצמתי 1 ל' סנו מקסימה,מיוצר עי קונדיטוריית,IL,מרכך מקסימה,ליטרים,1.00,ליטר,false,1,15.30,15.30,true,1,
7290108354416,false,"תחליב רחצה יוגה בניחוח ברגמוט+ משאבה 600 מ""ל","קוסמופארם בע""\מ",IL,קרמה תחליב רחצה,מיליליטרים,600.00,"100 מ""ל",false,1,17.00,2.83,true,1,
7290108354430,false,"שמפו כיף לשיקום והזנה שמן קוקוס וקרטין 700 מ""ל",קוסמופארם בעמ,IL,שמפו כיף,מיליליטרים,700.00,"100 מ""ל",false,1,10.10,1.44,false,1,
7290108354447,false,"מרכך כיף לשיקום והזנה שמן קוקוס וקרטין 700 מ""ל",גוד פוד פרודקטס S.p,IL,מרכך שיער כיף,מיליליטרים,700.00,"100 מ""ל",false,1,10.10,1.44,false,1,
7290108354492,false,"קרליין שמפו 10 לשיער שמן ארגן 700 מ""ל","קוסמופארם בע""\מ",IL,שמפו 10 ארגן,מיליליטרים,700.00,"100 מ""ל",false,1,12.70,1.81,true,1,
7290108354577,false,דאודורנט רול און קרמה וניל ופלפל ורוד,"קוסמופארם בע""\מ.",IL,דאודורנט קרמה,מיליליטרים,75.00,"100 מ""ל",false,1,11.80,15.73,true,1,
7290108354591,false,"תחליב רחצה בניחוח מי קקטוס ושמן באבאסו 750 מ""ל נקה 7","אמיליה קוסמטיקס בע""מ",IL,תחליב רחצה נקה 7,מיליליטרים,750.00,"100 מ""ל",false,1,11.00,1.47,true,1,
7290108354607,false,"שמפו בניחוח מי קקטוס ושמן באבאסו 750 מ""ל נקה 7","אמיליה קוסמטיקס בע""מ",IL,שמפו נקה 7 קקטוס,מיליליטרים,750.00,"100 מ""ל",false,1,10.10,1.35,true,1,
7290108354614,false,"מרכך בניחוח מי קקטוס ושמן באבאסו 750 מ""ל נקה 7","אמיליה קוסמטיקס בע""מ",IL,מרכך נקה 7 קקטוס,מיליליטרים,750.00,"100 מ""ל",false,1,10.10,1.35,true,1,
7290108354706,false,"קרמה - תחליב רחצה מאסק 500 מ""ל","קוסמופארם בע""\מ",IL,תחליב רחצה קרמה,מיליליטרים,500.00,"100 מ""ל",false,1,12.70,2.54,true,1,
7290108354713,false,"קרמה - תחליב רחצה קלאסי 500 מ""ל","קוסמופארם בע""\מn\",IL,תחליב רחצה קרמה,מיליליטרים,500.00,"100 מ""ל",false,1,12.70,2.54,true,1,
7290108354768,false,"קרמה קרם גוף דבש 500 מ""ל",מיוצר בסין.יבוא ושיו,IL,קרם גוף קרמה דבש,מיליליטרים,500.00,"100 מ""ל",false,1,17.00,3.40,true,1,
7290108354836,false,קרם ידיים מרוכז לידיים יבשות מאוד בבישום עדין,קוסמופארם,IL,קרם ידיים מרוכז,מיליליטרים,50.00,"100 מ""ל",false,1,11.00,22.00,true,1,
7290108354850,false,"קרמה דאודורנט רול און בריזת ים 75 מ""ל",החברה הדרומית,IL,דאודורנט קרמה,מיליליטרים,75.00,"100 מ""ל",false,1,11.80,15.73,true,1,
7290108354911,false,"שמפו, ג'ל רחצה וגילוח מועשר בתמצית אלוורה",טרופיקל דגיל תעשיות,IL,קרמה 3ב1,מיליליטרים,700.00,"100 מ""ל",false,1,19.50,2.79,true,1,
7290108355000,false,"שמפו מיניונים לילדים נקה 7 750 מ""ל",אמיליה קוסמטיקס,IL,שמפו נקה7,מיליליטרים,750.00,"100 מ""ל",false,1,11.80,1.57,true,1,
7290108355024,false,"נקה 7 שמפו ומרכך לילדים מיניונים 750 מ""ל",קוסמופארם בע'\'\מ,IL,שמפו +מרכך נקה7,מיליליטרים,750.00,"100 מ""ל",false,1,11.80,1.57,true,1,
7290108355031,false,"נקה 7 אל סבון לילדים מיניונים 750 מ""ל",קוסמופארם בע'\'\מ,IL,אל סבון נקה7,מיליליטרים,750.00,"100 מ""ל",false,1,11.80,1.57,true,1,
7290108355055,false,לחו.לשיער מקצועי גלייז נטורל פורמולה 400,נטורל פורמולה Natural Formula,IL,לחות נט.פורמולה,מיליליטרים,400.00,"100 מ""ל",false,1,25.50,6.38,true,1,
7290108355062,false,לחו.לשיער מקצועי קרטין נטורל פורמולה 400,אמיליה קוסמטיקס,IL,לחות נט.פורמולה,מיליליטרים,400.00,"100 מ""ל",false,1,25.50,6.38,true,1,
7290108355079,false,לחו.לשיער מקצועי קוקוס נטורל פורמולה 400,החברה הדרומית,IL,לחות נט.פורמולה,מיליליטרים,400.00,"100 מ""ל",false,1,25.50,6.38,true,1,
7290108355086,false,"גלייז מקצועי לשיער נטורל פורמולה 350 מ""ל",נטורל פורמולה Natural Formula,IL,גלייז נט.פורמולה,מיליליטרים,350.00,"100 מ""ל",false,1,34.10,9.74,true,1,
7290108355178,false,"קרמה - קרם ידיים חמאת שיאה וקוקוי 100 מ""ל",החברה הדרומית,IL,קרמה קרם ידיים,מיליליטרים,100.00,"100 מ""ל",false,1,6.70,6.70,true,1,
7290108355185,false,"נטורל מסיכת קרטין אינטנס למניעת קשקשים 350 מ""ל",נטורל פורמולה Natural Formula,IL,מסכה נטורל פורמו,מיליליטרים,350.00,"100 מ""ל",false,1,34.10,9.74,true,1,
7290108355192,false,"נטורל מרכך קרטין אינטנס למניעת קשקשים 400 מ""ל",נטורל פורמולה Natural Formula,IL,מרכך נטורל פורמו,מיליליטרים,400.00,"100 מ""ל",false,1,25.50,6.38,true,1,
7290108355208,false,"שמפו קרטין אינטנס למניעת קשקשים נטורל 400 מ""ל",נטורל פורמולה Natural Formula,IL,שמפו נטורל פורמו,מיליליטרים,400.00,"100 מ""ל",false,1,25.50,6.38,true,1,
7290108355215,false,נ.פורמולה קרטין אינטנס מסכה לשיער +משאבה,נטורל פורמולה,IL,מסכת קרטין,מיליליטרים,450.00,"100 מ""ל",false,1,37.50,8.33,true,1,
7290108355246,false,שמפו פיגמנט חום 250 מל,פארפארם בעמ,IL,שמפו פיגמנט חום,מיליליטרים,250.00,"100 מ""ל",false,1,19.80,7.92,true,1,
7290108355260,false,"נקה 7-שמפו 3ב1 שמפו ג'ל רחצה וסבון פנים לגבר 750 מ""ל","אמיליה קוסמטיקס בע""מ",IL,נקה7 שמפו/לרחצה,מיליליטרים,750.00,"100 מ""ל",false,1,12.70,1.69,true,1,
7290108355284,false,"תרסיס לשיער נקה 7 להתרת קשרים 750 מ""ל",קוסמופארם בעמ,IL,נקה 7,מיליליטרים,350.00,"100 מ""ל",false,1,13.50,3.86,true,1,
7290108355291,false,"קרם לשיער נקה 7 להתרת קשרים 750 מ""ל",קוסמופארם בעמ,IL,נקה 7 קרם,מיליליטרים,350.00,"100 מ""ל",false,1,13.50,3.86,true,1,
7290108355307,false,"נקה 7 - שמפו סירוק קל רוזמרין 750 מ""ל",גוד פוד פרודקטס S.p,IL,שמפו לסירוק קל,מיליליטרים,750.00,"100 מ""ל",false,1,13.50,1.80,true,1,
7290108355314,false,מרכך לסירוק קל בתוספת רוזמרין,גוד פוד פרודקטס S.p,IL,מרכך לסירוק קל,מיליליטרים,750.00,"100 מ""ל",false,1,13.50,1.80,true,1,
7290108355345,false,שמפו פיגמנט שחור 250 מל,פארפארם בעמ,IL,שמפו פיגמנט שחור,מיליליטרים,250.00,"100 מ""ל",false,1,19.80,7.92,true,1,
7290108355383,false,נ.פורמולה מרכך פיגמנט בלונד,החברה הדרומית,IL,מרכך פיגמנט בלונ,מיליליטרים,250.00,"100 מ""ל",false,1,19.80,7.92,true,1,
7290108355451,false,"קרמה - דאודורנט רול און לאישה קרמה ורד ווניל 75 מ""ל","קוסמופארם בע""\מ",IL,דאודורנט קרמה,מיליליטרים,75.00,"100 מ""ל",false,1,11.80,15.73,true,1,
7290108355482,false,"קרמה - דאודורנט רול און לאישה קרמה לבנדר ואקליפטוס 75 מ""ל","קוסמופארם בע""\מ",IL,דאודורנט קרמה,מיליליטרים,75.00,"100 מ""ל",false,1,11.80,15.73,true,1,
7290108355536,false,"קרמה - דאודורנט ספריי לאישה קרמה ורד וניל 150 מ""ל",מיוצר עי : אמיליה קוסמטי,IL,דאודורנט קרמה,מיליליטרים,150.00,"100 מ""ל",false,1,14.40,9.60,true,1,
7290108355710,false,"קרליין בודי מיסט BLUE HEAVEN מתז 250 מ""ל",פאר פארם בעמ,IL,קרליין בודי מיסט,מיליליטרים,250.00,"100 מ""ל",false,1,34.10,13.64,true,1,
7290108355765,false,דאודורנט ספריי קרמה בניחוח לבנדר ואקליפטוס,מיוצר עי : אמיליה קוסמטי,IL,דאודורנט קרמה,מיליליטרים,150.00,"100 מ""ל",false,1,14.40,9.60,true,1,
7290108355802,false,"תחליב רחצה קרמה ורד ווניל 700 מ""ל",גוד פוד פרודקטס S.p,IL,תחליב רחצה קרמה,מיליליטרים,700.00,"100 מ""ל",false,1,16.10,2.30,true,1,
7290108356021,false,כיף תחליב רחצה בניחוח גלידת קרם עוגיות,גוד פוד פרודקטס S.p,IL,כיף תחליב רחצה,מיליליטרים,700.00,"100 מ""ל",false,1,11.00,1.57,true,1,
7290108356106,false,כיף תחליב רחצה חלב שקדים 700 מל,החברה הדרומית,IL,כיף תחליב רחצה,מיליליטרים,700.00,"100 מ""ל",false,1,11.00,1.57,true,1,
7290108356113,false,"כיף תחליב רחצה דבש 700 מ""ל-מרכז",קוסמופארם בעמ,IL,כיף תחליב רחצה,מיליליטרים,700.00,"100 מ""ל",false,1,11.00,1.57,true,1,
7290108356120,false,"תחליב רחצה כיף קוקוס וניל 700 מ""ל",קוסמופארם,IL,כיף תחליב רחצה,מיליליטרים,700.00,"100 מ""ל",false,1,11.00,1.57,true,1,
7290108356151,false,"תחליב רחצה כיף מאסק יסמין 700 מ""ל",גוד פוד פרודקטס S.p,IL,כיף תחליב רחצה,מיליליטרים,700.00,"100 מ""ל",false,1,11.00,1.57,true,1,
7290108356168,false,"כיף - תחליב רחצה אוקיינוס 700 מ""ל",גוד פוד פרודקטס S.p,IL,כיף תחליב רחצה,מיליליטרים,700.00,"100 מ""ל",false,1,11.00,1.57,true,1,
7290108356229,false,ג'ל גילוח לכל סוגי העור מועשר בפחם פעיל,טרופיקל דגיל תעשיות,TR,ג'ל גילוח מטהר,מיליליטרים,200.00,"100 מ""ל",false,1,14.40,7.20,true,1,
7290108356274,false,"כיף - מוס רחצה בניחוח תותים ושמנת 150 מ""ל",החברה הדרומית,IL,כיף מוס רחצה,מיליליטרים,150.00,"100 מ""ל",false,1,10.10,6.74,true,1,
7290108356298,false,"כיף - מוס רחצה בניחוח קרם עוגיות 150 מ""ל",קוסטר אירוסול,IL,כיף מוס רחצה,מיליליטרים,150.00,"100 מ""ל",false,1,10.10,6.74,true,1,
7290108356359,false,"קרמה - מן קרם לחות לגוף לאחר גילוח 400 מ""ל",קוסמופארם בעמ,IL,קרם לחות,מיליליטרים,400.00,"100 מ""ל",false,1,21.20,5.30,true,1,
7290108356397,false,"כיף תחליב רחצה בניחוח מלבי מפנק 700 מ""ל",קוסמופארם בעמ,IL,כיף תחליב רחצה,מיליליטרים,700.00,"100 מ""ל",false,1,11.00,1.57,true,1,
7290108356403,false,כיף תחליב רחצה חד קרן700,קוסמופארם בעמ,IL,כיף תחליב רחצה,מיליליטרים,700.00,"100 מ""ל",false,1,11.00,1.57,true,1,
7290108356489,false,"כיף - תחליב רחצה אפרסק וחמאת מורומורו 700 מ""ל",קוסמופארם בעמ,IL,תחליב רחצה אפרסק,מיליליטרים,700.00,"100 מ""ל",false,1,11.00,1.57,true,1,
7290108356519,false,קרליין שמפו 10למניעת קשקשים 700מל,"קוסמופארם בע""\מ",IL,שמפו 10 קרליין,מיליליטרים,700.00,"100 מ""ל",false,1,12.70,1.81,true,1,
7290108356526,false,"קרליין - שמפו 10 לשיער יבש 700 מ""ל","קוסמופארם בע""\מ",IL,שמפו 10 קרליין,מיליליטרים,700.00,"100 מ""ל",false,1,12.70,1.81,true,1,
7290108356533,false,קרוליין 10 שמפו לשיער מתולתל 700 מל,"קוסמופארם בע""\מ",IL,שמפו 10 קרליין,מיליליטרים,700.00,"100 מ""ל",false,1,12.70,1.81,true,1,
7290108356564,false,"קרליין - מרכך 10 לשיער רגיל 700 מ""ל","קוסמופארם בע""\מn\",IL,מרכך 10 קרליין,מיליליטרים,700.00,"100 מ""ל",false,1,12.70,1.81,true,1,
7290108356571,false,"קרליין - מרכך 10 לשיער יבש 700 מ""ל","קוסמופארם בע""\מ",IL,מרכך 10 קרליין,מיליליטרים,700.00,"100 מ""ל",false,1,12.70,1.81,true,1,
7290108356588,false,קרוליין 10 מרכך לשיער מתולתל 700 מל,"קוסמופארם בע""\מ",IL,מרכך 10 קרליין,מיליליטרים,700.00,"100 מ""ל",false,1,12.70,1.81,true,1,
7290108357004,false,כיף שמפו ורד ושמן קוקוי לרכות וברק,טרופיקל דגיל תעשיות,IL,שמפו כיף,מיליליטרים,700.00,"100 מ""ל",false,1,10.10,1.44,true,1,
7290108357011,false,כיף קונדישינר לשיער שמן קוקוי 700 מל,טרופיקל דגיל תעשיות,IL,מרכך שיער כיף,מיליליטרים,700.00,"100 מ""ל",false,1,10.10,1.44,true,1,
7290108357059,false,"קרליין - נושם ביו דאודורנט רול און 75 מ""ל Secret Garden לאישה","קוסמופארם בע""\מ",IL,דאו.רול און ביו,מיליליטרים,75.00,"100 מ""ל",false,1,14.40,19.20,true,1,
7290108357073,false,"קרליין - נושם ביו דאודורנט ספריי 150 מ""ל Blossoms Citrus לאישה",קוסטר אירוסול,IL,דאו.ספריי ביו,מיליליטרים,150.00,"100 מ""ל",false,1,13.50,9.00,true,1,
7290108357080,false,"קרליין - נושם ביו דאודורנט ספריי 150 מ""ל Secret Garden לאישה",קוסטר אירוסול,IL,דאו.ספריי ביו,מיליליטרים,150.00,"100 מ""ל",false,1,13.50,9.00,true,1,
7290108357097,false,"קרליין - נושם ביו דאודורנט ספריי 150 מ""ל Velvet Rose לאישה",קוסטר אירוסול,IL,דאו.ספריי ביו,מיליליטרים,150.00,"100 מ""ל",false,1,13.50,9.00,true,1,
7290108357110,false,"קרליין - נושם ביו דאודורנט רול און 75 מ""ל Valvet Rose לאישה","קוסמופארם בע""\מ",IL,דאו.רולאון ביו,מיליליטרים,75.00,"100 מ""ל",false,1,14.40,19.20,true,1,
7290108357233,false,סנוקליר מטליות לחות לניקוי והברקה 50יח,"סנו מפעלי ברונוס בע""\מ",IL,קליר מטליות לחות,יחידה,1.00,יחידה,false,1,11.00,11.00,true,1,
7290108357240,false,"אוקסיג'ן פאוור תוסף להסרת כתמים קשים 1.4 ק""ג",החברה הדרומית,IL,אוקסיג'ן פאואר,קילוגרמים,1.40,"ק""ג",false,1,25.50,18.21,true,1,
7290108357394,false,"תחליב רחצה קרמה חלב ודבש 700 מ""ל",קוסמופארם בע'\'\מ,IL,תחליב רחצה קרמה,מיליליטרים,700.00,"100 מ""ל",false,1,16.10,2.30,true,1,
7290108357400,false,"תחליב רחצה קרמה לבנדר ואקליפטוס 700 מ""ל",קוסמופארם בעמ,IL,תחליב רחצה קרמה,מיליליטרים,700.00,"100 מ""ל",false,1,16.10,2.30,true,1,
7290108357417,false,"קרמה - קרם גוף קרמה ורד ווניל 500 מ""ל",טרופיקל דגיל תעשיות,IL,קרם גוף ורד ווני,מיליליטרים,500.00,"100 מ""ל",false,1,17.00,3.40,true,1,
7290108357448,false,"קרמה - קרם גוף קרמה לבנדר ואקליפטוס 500 מ""ל",קוסמופארם בע'\'\מ,IL,קרם גוף לבנדר,מיליליטרים,500.00,"100 מ""ל",false,1,17.00,3.40,true,1,
7290108357509,false,"קרם גוף קרמה וניל ופלפל ורוד 500 מ""ל",טרופיקל דגיל תעשיות,IL,קרם גוף קרמה,מיליליטרים,500.00,"100 מ""ל",false,1,17.00,3.40,true,1,
7290108357578,false,"קרמה קרם ידיים וניל ופלפל ורוד 100 מ""ל","קוסמופארם בע""\מ.",IL,קרם ידיים קרמה,מיליליטרים,100.00,"100 מ""ל",false,1,6.70,6.70,true,1,
7290108357707,false,"כיף שמפו לשיער רגיל- תפוח זרעי צ'יה 700 מ""ל",גוד פוד פרודקטס S.p,IL,כיף שמפו,מיליליטרים,700.00,"100 מ""ל",false,1,10.10,1.44,true,1,
7290108357714,false,"כיף שמפו לשיער יבש -רימונים ושמן ארגן 700 מ""ל",גוד פוד פרודקטס S.p,IL,כיף שמפו,מיליליטרים,700.00,"100 מ""ל",false,1,10.10,1.44,true,1,
7290108357745,false,שמפו ומרכך 2 ב-1 תאנה ומנטה לכל סוגי השיער,גוד פוד פרודקטס S.p,IL,כיף 2in1 שמפו,מיליליטרים,700.00,"100 מ""ל",false,1,10.10,1.44,true,1,
7290108357769,false,"מרכך לשיער רגיל תפוח וזרעי צ'יה 700 מ""ל כיף",גוד פוד פרודקטס S.p,IL,כיף מרכך שיער,מיליליטרים,700.00,"100 מ""ל",false,1,10.10,1.44,true,1,
7290108357776,false,"כיף מרכך לשיער יבש -רימונים ושמן ארגן 700 מ""ל",גוד פוד פרודקטס S.p,IL,כיף מרכך שיער,מיליליטרים,700.00,"100 מ""ל",false,1,10.10,1.44,true,1,
7290108357837,false,כיף אל סבון 1 ליטר ג'נסינג שקית מילוי + פקק,"קוסמופארם בע""\מ",IL,כיף שקית מילוי,ליטרים,1.00,ליטר,false,1,10.10,10.10,true,1,
7290108357844,false,כיף אל סבון 1 ליטר אצות ים שקית מילוי + פקק,"קוסמופארם בע""\מ",IL,כיף שקית מילוי,ליטרים,1.00,ליטר,false,1,10.10,10.10,true,1,
7290108357851,false,"כיף - ג'ל רחצה אליקסיר אוילס מועשר בשמן קוקוס 700 מ""ל","קוסמופארם בע""\מ",IL,כיף ג'ל רחצה,מיליליטרים,700.00,"100 מ""ל",false,1,11.00,1.57,true,1,
7290108357875,false,"כיף - שמפו לחות מוגברת עם אפרסק וחמאת מורומורו 700 מ""ל",קוסמופארם בעמ,IL,כיף שמפו אפרסק,מיליליטרים,700.00,"100 מ""ל",false,1,10.10,1.44,true,1,
7290108357882,false,"כיף - מרכך לחות מוגברת עם אפרסק וחמאת מורומורו 700 מ""ל",קוסמופארם בעמ,IL,כיף מרכך לשיער,מיליליטרים,700.00,"100 מ""ל",false,1,10.10,1.44,true,1,
7290108358070,false,"תחליב רחצה קרמה קלאסי 700 מ""ל",גוד פוד פרודקטס S.p,IL,קרמה תחליב רחצה,מיליליטרים,700.00,"100 מ""ל",false,1,16.10,2.30,true,1,
7290108358087,false,"תחליב רחצה קרמה מאסק 700 מ""ל",גוד פוד פרודקטס S.p,IL,תחליב רחצה קרמה,מיליליטרים,700.00,"100 מ""ל",false,1,16.10,2.30,true,1,
7290108359077,false,סנו - סופט לושן ממחטות אף בקופסא 3 שכבות 120 יח',"סנו מפעלו ברונוס בע""\מ",EG,סופט לושן ממחטות,יחידה,1.00,יחידה,false,1,8.40,8.40,true,1,
7290108359824,false,"כיף - בייבי כיף קרם 500 מ""ל",קוסמופארם בעמ,IL,קרם גוף בייבי,מיליליטרים,500.00,"100 מ""ל",false,1,21.20,4.24,true,1,
7290110327613,false,CASEINאב.חלבון גו ט.שוק,בעמק טכנולוגיות מתקדמות,IL,אבקת חלבון,קילוגרמים,2.56,"ק""ג",false,1,298.20,116.48,true,1,
7290110327798,false,חטיף חלבון GO - שוקולד 60 ג' חלב נוכרי - רבנות,"בלמונט קונפקציות בע""\מ.",US,חטיף חלבון,גרמים,60.00,100 גרם,false,1,11.80,19.67,true,1,
7290110327804,false,חטיף חלבון GO - עוגיות 60 ג' חלב נוכרי - רבנות,"בלמונט קונפקציות בע""\מ.",US,חטיף חלבון,גרמים,60.00,100 גרם,false,1,11.80,19.67,true,1,
7290110327811,false,חטיף חלבון GO - קוקוס 60 ג' חלב נוכרי - רבנות,"בלמונט קונפקציות בע""\מ.",US,חטיף חלבון,גרמים,60.00,100 גרם,false,1,11.80,19.67,true,1,
7290110450472,false,סומק ללא מראה איידיליק40,גייד,IL,סומק ללא מראה 40,יחידה,1.00,יחידה,false,0,64.10,64.10,true,1,
7290110450502,false,סומק עם מראה אידיליק40,גייד,IL,סומק עם מראה 40,יחידה,1.00,יחידה,false,0,76.00,76.00,true,1,
7290110450670,false,וולנטיין מעצב גבות 62 יח,דניה קוסמטיקס,IT,וולנטיין מעצב גב,יחידה,1.00,יחידה,false,1,50.40,50.40,true,1,
7290110451226,false,גייד פרו +קליר קרם יום נטול שומן 50 מל,דניה,CH,פרו+קליר קרם יום,מיליליטרים,50.00,"100 מ""ל",false,1,67.50,135.00,true,1,
7290110451233,false,גייד פרו +קליר מסכת לילה מרגיעה לעור הפנ,דניה,CH,מסיכת לילה,מיליליטרים,50.00,"100 מ""ל",false,1,67.50,135.00,true,1,
7290110451554,false,גייד אקווה גולט קרם לחות גל עור רגיל-יבש,דניה,CH,אקווה ג'ולט קרם,מיליליטרים,50.00,"100 מ""ל",false,1,93.10,186.20,true,1,
7290110451561,false,גייד אקווה גולט קרם לחות גל עור שמן-מעור,דניה,CH,אקווה ג'ולט קרם,מיליליטרים,50.00,"100 מ""ל",false,1,93.10,186.20,true,1,
7290110451578,false,גייד אקווה גולט קרם גל ממריץ לעיניים 15,דניה,CH,אקווה ג'ולט עיני,מיליליטרים,15.00,"100 מ""ל",false,1,76.00,506.67,true,1,
7290110451691,false,קונסילר אידיליק אקסטר18,דניה קוסמטיקס,IT,קונסילר אידיליק,מיליליטרים,10.00,"100 מ""ל",false,1,72.60,726.00,true,1,
7290110451721,false,שפתון טרו קולור 259 יח',דניה קוסמטיקס,IT,שפתון טרו קולור,יחידה,1.00,יחידה,false,1,58.90,58.90,true,1,
7290110451837,false,שפתון גלוס עמיד 81 יח',דניה קוסמטיקס,IT,שפתון גלוס עמיד,יחידה,1.00,יחידה,false,1,67.50,67.50,true,1,
7290110451936,false,מייק אפ קומפקט 120 יח',,IT,מייק אפ קומפקט,יחידה,1.00,יחידה,false,1,84.60,84.60,true,1,
7290110451974,false,מייק אפ לונגיוויטי 115יח,,IT,לונגיויטי עמיד,יחידה,1.00,יחידה,false,1,115.30,115.30,true,1,
7290110452001,false,מייק אפ לונגיוויטי 118יח,,IT,לונגיויטי עמיד,יחידה,1.00,יחידה,false,1,115.30,115.30,true,1,
7290110452636,false,גייד רויוליסט מסכה לטיהור וניקוי עמוק של,דניה,IL,רויוליסט מסכה לט,מיליליטרים,50.00,"100 מ""ל",false,1,84.60,169.20,true,1,
7290110452643,false,גייד רויוליסט מסכה מתקלפת להענקת זוהר וה,דניה,IL,רויוליסט מסכה מת,מיליליטרים,50.00,"100 מ""ל",false,1,84.60,169.20,true,1,
7290110453169,false,אסנשיילס פריימר לעיניים,,IT,אסנשיילס פריימר,יחידה,1.00,יחידה,false,1,76.00,76.00,true,1,
7290110453350,false,לונגיוויטי קונסילר 27,גייד,IT,לונגיוויטי קונסי,יחידה,1.00,יחידה,false,1,76.00,76.00,true,1,
7290110453596,false,גייד הידרה סובלים תמצית רימונים קרם עיני,דניה,CH,קרם עיניים רימונ,מיליליטרים,15.00,"100 מ""ל",false,1,110.20,734.67,true,1,
7290110453602,false,"אייקון פרנץ לייס 200מ""ל",,IL,אייקון פרנץ לייס,מיליליטרים,200.00,"100 מ""ל",false,1,58.90,29.45,true,1,
7290110453619,false,אייקון פרל תחליב גוף200מ,,IL,אייקון פרל תחליב,מיליליטרים,200.00,"100 מ""ל",false,1,39.00,19.50,true,1,
7290110453626,false,אייקון רוזסתחליב גוף 200,,IL,אייקון רוזס,מיליליטרים,200.00,"100 מ""ל",false,1,39.00,19.50,true,1,
7290110453640,false,אייקון מסק אויל ק.גוף200,,IL,אייקון מסק אויל,מיליליטרים,200.00,"100 מ""ל",false,1,39.00,19.50,true,1,
7290110453664,false,אייקון ונילה תחליב 200מל,,IL,אייקון ונילה בלא,מיליליטרים,200.00,"100 מ""ל",false,1,41.80,20.90,true,1,
7290110453923,false,BROWITY 14 ג'ל לגבות יח',,IT,BROWITY 14,יחידה,1.00,יחידה,false,1,58.90,58.90,true,1,
7290110453930,false,גייד הידרה סובלים תמצית רימונים קרם יום,דניה,IL,קרם יום רימונים,מיליליטרים,50.00,"100 מ""ל",false,1,152.90,305.80,true,1,
7290110454265,false,EXTREMITY מסקרה לנפח 12,,DE,EXTREMITY מסקרה,יחידה,1.00,יחידה,false,1,76.00,76.00,true,1,
7290110454302,false,גייד גולד פרמיום דאבל סרום למיצוק העור 5,דניה,CH,גולדפרימיום דאבל,מיליליטרים,50.00,"100 מ""ל",false,1,213.50,427.00,true,1,
7290110454357,false,גייד סנס 5 קרם הזנה אינטנסיבי לפנים ולצו,דניה,CH,סנס 5 אינטנסיבי,מיליליטרים,50.00,"100 מ""ל",false,1,84.60,169.20,true,1,
7290110454364,false,גייד גלו FX קרם למראה זוהר 50 מל,דניה,CH,גלו FX קרם למראה,מיליליטרים,50.00,"100 מ""ל",false,1,161.50,323.00,true,1,
7290110454449,false,שפתון סלפי 857 יח',,IT,שפתון סלפי 857,יחידה,1.00,יחידה,false,1,67.50,67.50,true,1,
7290110454463,false,שפתון סלפי 859 יח',,IT,שפתון סלפי 859,יחידה,1.00,יחידה,false,1,67.50,67.50,true,1,
7290110454678,false,אוורגלו מארז צלליות עיני,,IL,אוורגלו מארז צלל,יחידה,1.00,יחידה,false,1,101.70,101.70,true,1,
7290110454845,false,"אייקון פרייבט 02 50 מ""ל",,IL,אייקון פרייבט 02,מיליליטרים,50.00,"100 מ""ל",false,1,187.10,374.20,true,1,
7290110454968,false,שפתון גלוס עמיד 88 יח',,IT,שפתון גלוס עמיד,יחידה,1.00,יחידה,false,1,67.50,67.50,true,1,
7290110455002,false,לונגיוטי מייק אפ 552 30,,IT,לונגיוטי מייק אפ,מיליליטרים,30.00,"100 מ""ל",false,1,115.30,384.33,true,1,
7290110455019,false,לונגיוטי מייק אפ 553 30,,IL,לונגיוטי מייק אפ,מיליליטרים,30.00,"100 מ""ל",false,1,115.30,384.33,true,1,
7290110455262,false,לק קריסטל גלו 651 יח',,FR,לק קריסטל גלו 65,יחידה,1.00,יחידה,false,1,24.70,24.70,true,1,
7290110455453,false,לונגיויטי איילנר שחור יח,,IL,לונגיויטי איילנר,יחידה,1.00,יחידה,false,1,67.50,67.50,true,1,
7290110455460,false,היילש מסקרה המאריכה מפרי,,IL,היילש מסקרה המאר,יחידה,1.00,יחידה,false,1,76.00,76.00,true,1,
7290110455620,false,קריסטל לייטס ליפ 818 יח',,IL,קריסטל לייטס ליפ,יחידה,1.00,יחידה,false,1,67.50,67.50,true,1,
7290110455644,false,קריסטל לייטס ליפ 820 יח',,IL,קריסטל לייטס ליפ,יחידה,1.00,יחידה,false,1,67.50,67.50,true,1,
7290110455651,false,קריסטל לייטס ליפ 821 יח',,IL,קריסטל לייטס ליפ,יחידה,1.00,יחידה,false,1,67.50,67.50,true,1,
7290110455903,false,גלרי מארז צלליות עיניים,,IL,גלרי מארז צלליות,יחידה,1.00,יחידה,false,1,110.20,110.20,true,1,
7290110456139,false,ולווטין דואטסומק ושימר54,,IL,ולווטין דואטסומק,יחידה,1.00,יחידה,false,1,93.10,93.10,true,1,
7290110456290,false,שפתון גלוס עמיד 90 יח',,IL,שפתון גלוס שפתון,יחידה,1.00,יחידה,false,1,67.50,67.50,true,1,
7290110456474,false,גייד סיבי2 בוטניק קרם לילה עשיר להזנה 50,דניה,IL,CB2בוטניק קרם,מיליליטרים,50.00,"100 מ""ל",false,1,135.90,271.80,true,1,
7290110456627,false,שפתון סלפי 869 יח',,IL,שפתון סלפי 869,יחידה,1.00,יחידה,false,1,67.50,67.50,true,1,
7290110456719,false,"אייקון פרל מי גוף 250 מ""",,IL,אייקון פרל מי גו,מיליליטרים,250.00,"100 מ""ל",false,1,76.00,30.40,true,1,
7290110456818,false,און פוינט קונסילרסטיק 50,,IT,און פוינט קונסיל,יחידה,1.00,יחידה,false,1,76.00,76.00,true,1,
7290110457013,false,"אייקון בלאק בלאם 150 מ""ל",,IL,אייקון בלאק בלאם,מיליליטרים,150.00,"100 מ""ל",false,1,89.00,59.33,true,1,
7290110457044,false,גלו FX היילייטר להארה138,,IL,גלו FX שלושה גוו,יחידה,1.00,יחידה,false,1,76.00,76.00,true,1,
7290110457051,false,גלו FX היילייטר להארה140,,IL,גלו FX שלושה גוו,יחידה,1.00,יחידה,false,1,76.00,76.00,true,1,
7290110457105,false,לק קריסטל גלו 668 יח',,FR,לק קריסטל 668,יחידה,1.00,יחידה,false,1,24.70,24.70,true,1,
7290110457297,false,גלו FX שלושה גוונים 137,,IL,גלו FX שלושה גוו,יחידה,1.00,יחידה,false,1,84.60,84.60,true,1,
7290110457723,false,קריסטל לייטס גלוס 824יח,גייד,IL,קריסטל לייטס גלו,יחידה,1.00,יחידה,false,1,67.50,67.50,true,1,
7290110457730,false,אייקון/פרייבט10בושם לגבר,גייד בישום,IL,אייקון/פרייבט10ג,מיליליטרים,100.00,"100 מ""ל",false,1,187.10,187.10,true,1,
7290110457754,false,קריסטל לייטס גלוס 825יח,גייד,IL,קריסטל לייטס גלו,יחידה,1.00,יחידה,false,1,67.50,67.50,true,1,
7290110457822,false,סלפי עיפרון שפתיים 850,INTERCOS,IT,סלפי עיפרון שפתי,יחידה,1.00,יחידה,false,1,50.40,50.40,true,1,
7290110457839,false,סלפי עיפרון שפתיים 851,INTERCOS,IT,סלפי עיפרון שפתי,יחידה,1.00,יחידה,false,1,50.40,50.40,true,1,
7290110457853,false,סלפי עיפרון שפתיים 855,INTERCOS,IT,סלפי עיפרון שפתי,יחידה,1.00,יחידה,false,1,50.40,50.40,true,1,
7290110457891,false,סלפי עיפרון שפתיים 866,INTERCOS,IT,סלפי עיפרון שפתי,יחידה,1.00,יחידה,false,1,50.40,50.40,true,1,
7290110457907,false,סלפי עיפרון שפתיים 867,INTERCOS,IT,סלפי עיפרון שפתי,יחידה,1.00,יחידה,false,1,50.40,50.40,true,1,
7290110458133,false,אייקון פרל בושם+,,,אייקון פרל בושם+,יחידה,1.00,יחידה,false,0,170.00,170.00,true,1,
7290110458232,false,"אייקון מאסק מי גוף250מ""ל",גייד בישום,IL,אייקון מאסק אויל,מיליליטרים,250.00,"100 מ""ל",false,1,76.00,30.40,true,1,
7290110458379,false,ולווטין פלטת צלליות 55 י,,IL,ולווטין פלטת צלל,יחידה,1.00,יחידה,false,1,81.20,81.20,true,1,
7290110458447,false,אייקון רוזס בושם,,,אייקון רוזס בושם,יחידה,1.00,יחידה,false,0,170.00,170.00,true,1,
7290110458485,false,אייקון פרנץ' מי גוף250מל,דניה קוסמטיקס,IL,אייקון פרנץ' ליי,מיליליטרים,250.00,"100 מ""ל",false,1,76.00,30.40,true,1,
7290110458508,false,שפתון גלוס עמיד 94 יח',INTERCOS,IT,שפתון גלוס עמיד,יחידה,1.00,יחידה,false,1,67.50,67.50,true,1,
7290110459215,false,תיק מתנה אוקטובר 2022 יח,גייד,IL,תיק מתנה אוקטובר,יחידה,1.00,יחידה,false,1,50.40,50.40,true,1,
7290110459390,false,תיק מתנה דצמבר 2022 יח',גייד,IL,תיק מתנה דצמבר22,יחידה,1.00,יחידה,false,1,50.40,50.40,true,1,
7290110554729,false,קפסולות עלית אספרסו 04 תואמות למכונות NESPRESSO,שטראוס קפה בי.וי.,IL,קפסולות מס' 4,גרמים,50.00,100 גרם,false,1,17.00,34.00,true,1,
7290110559748,false,ריל מאגדת שקדים קוקוס ושוקולד מריר שטראוס 105 גרם,"ואמואליס פודס אס.איי,",GR,חטיפי ריל אנרגי,גרמים,105.00,100 גרם,false,1,11.00,10.48,true,1,
7290110559755,false,ריל מאגדת בוטנים פיסטוק וחמוציות שטראוס 105 גרם,"ואמואליס פודס אס.איי,",GR,חטיפי ריל אנרגי,גרמים,105.00,100 גרם,false,1,11.00,10.48,true,1,
7290110559762,false,ריל מאגדת אגוזים תמרים קוקוס שטראוס 105 גרם,"ואמואליס פודס אס.איי,",GR,חטיפי ריל אנרג'י,גרמים,105.00,100 גרם,false,1,11.00,10.48,true,1,
7290110572129,false,כיף כף מקלות שוקולד לבן 40 ג' עלית,סולן בעבור שטראוס,TR,כיף כף מקלות,גרמים,40.00,100 גרם,false,1,5.50,13.75,true,1,
7290110572969,false,כיף כף פצפצים עקרם לבן 40ג' עלית,שולן צ'\יקולטה גידה סאן.,TR,כיף כף פצפצים,גרמים,40.00,100 גרם,false,1,5.90,14.75,true,1,
7290110730109,false,נוטרילון קומפורט תרכובת מזון מגיל לידה,נוטרישיה קאלק,NL,נוטרילון 900 גרם,גרמים,900.00,100 גרם,false,1,87.00,9.67,true,1,
7290110804602,false,אוליב מסכה לשיער פגום 500מ'ל,א.פ.חורי,IL,אוליב מסכה לשיער,מיליליטרים,500.00,"100 מ""ל",false,0,23.80,4.76,true,1,
7290111090134,false,"I-CARE שלישיית מגבוני רענון לידיים,12 *3",נאופארם,IL,מגבוני רענון,יחידה,1.00,יחידה,false,0,4.20,4.20,true,1,
7290111093432,false,דר עור חמאת גוף אנטי אייגינג בניחוח סחלב,ניאופארם,IL,חמאת גוף 250,מיליליטרים,250.00,"100 מ""ל",false,1,18.70,7.48,true,1,
7290111094392,false,"טרופיקל תחליב רחצה קוקוס וליים 700 מ""ל דר' עור","אמיליה קוסמטיקס בע""\מ",IL,תחליב רחצה,מיליליטרים,700.00,"100 מ""ל",false,1,12.70,1.82,true,1,
7290111096945,false,בקבוק אימון מד טמפרטורה,נוק,IL,נוק בקבוק אימון,יחידה,1.00,יחידה,false,1,38.30,38.30,true,1,
7290111097041,false,מגבוני בייביסיטר מבושמים 66*8,קיבוץ עמיר dpl,IL,מגבוני בייביסיטר,יחידה,1.00,יחידה,false,1,17.00,17.00,true,1,
7290111097065,false,בקבוק אימון מד טמפרטורה,נוק,IL,נוק בקבוק אימון,יחידה,1.00,יחידה,false,1,38.30,38.30,true,1,
7290111170515,false,מטען כפול לרכב A 4.8 יח',פוג'יקום,CN,מטען כפול לרכב,יחידה,1.00,יחידה,false,1,42.60,42.60,true,1,
7290111170775,false,Fujicom כבל 2.0 USB Type C,פוג'יקום,CN,כבל USB 2.0,יחידה,1.00,יחידה,false,1,25.50,25.50,true,1,
7290111340109,false,דיפנד - מגן תחתון לנשים אקטיב 22 יח',קימברלי קלארק,IL,מגן תחתון דיפנד,יחידה,1.00,יחידה,false,1,18.70,18.70,true,1,
7290111341496,false,תחבושות דיפנד מיני אקטיב לנשים 14 יח,קימברלי קלארק,IL,תחבושות דיפנד,יחידה,1.00,יחידה,false,1,18.70,18.70,true,1,
7290111341984,false,לילי - מגבוני נייר טואלט לח פיור רביעייה,קימברלי,IL,נייר טואלט לח4יח,יחידה,1.00,יחידה,false,1,22.10,22.10,true,1,
7290111342738,false,לילי - מגבוני נייר טואלט לח קידס רביעייה,לילי נייר טואלט חוגלה,IL,נייר טואלט לח4יח,יחידה,1.00,יחידה,false,1,22.10,22.10,true,1,
7290111343117,false,"קלינקס לושן סופט פק זוגות 140 דף ""חדש""",קימברלי קלארק,IL,קלינקס ממחטות,יחידה,1.00,יחידה,false,1,13.50,13.50,true,1,
7290111343483,false,קוטקס יאנג נייט תחבושות עם כנפיים 20 יח,חוגלה,CZ,תחבושות קוטקס,יחידה,1.00,יחידה,false,1,17.80,17.80,true,1,
7290111343742,false,דיפנד תחתונים סופגים L נשים 9 יח,חוגלה,IL,דיפנד תחתון סופג,יחידה,1.00,יחידה,false,1,40.00,40.00,true,1,
7290111344206,false,האגיס נטורל קר מגבונים לחים בבישום עדין רביעייה,חוגלה קימברלי,IL,מגבונים האגיס 4*,יחידה,1.00,יחידה,false,1,16.80,16.80,true,1,
7290111344503,false,חיתולי האגיס אקסטרה קייר מידה +4 36 יח',חוגלה קימברלי,IL,האגיס אקסטרה קר,יחידה,1.00,יחידה,false,1,29.80,29.80,true,1,
7290111344732,false,קלינקס - טיישו אלרג'י קומפורט ניילון זוגות 140 דף,קימברלי קלארק,IL,קלינקס זוג,יחידה,1.00,יחידה,false,1,14.40,14.40,true,1,
7290111344824,false,מגן תחתון קוטקס אקסטרא אנטיבקטריאלי לארג',חוגלה,CN,מגן תחתון קוטקס,יחידה,1.00,יחידה,false,1,17.80,17.80,true,1,
7290111344831,false,קוטקס - מגיני יום אקסטרא פרוטקט נורמל ביג 60 יח',חוגלה קימברלי,CN,מגן תחתון קוטקס,יחידה,1.00,יחידה,false,1,17.80,17.80,true,1,
7290111344855,false,קוטקס - מגיני יום אקסטרא פרוטקט לארג' ביג 52 יח',חוגלה קימברלי,CN,מגן תחתון קוטקס,יחידה,1.00,יחידה,false,1,17.80,17.80,true,1,
7290111345722,false,ניקול שקיות לשמירה על הטריות 5 יחידות,ניקול,TR,שקיות למקרר,יחידה,1.00,יחידה,false,1,12.70,12.70,true,1,
7290111345753,false,תחבושות נטורל דואו נורמל 24 יח' קוטקס,קריות זול,CZ,תחבושות כותנה נו,יחידה,1.00,יחידה,false,1,17.80,17.80,true,1,
7290111345760,false,תחבושות נטורל דואו סופר 18 יח' קוטקס,קריות זול,CZ,תחבושות קוטקס,יחידה,1.00,יחידה,false,1,17.80,17.80,true,1,
7290111345777,false,תחבושת קוטקס כותנה לילה 16 יח' קוטקס,קריות זול,CZ,תחבושות קוטקס,יחידה,1.00,יחידה,false,1,17.80,17.80,true,1,
7290111930898,false,חטיף פוף כוכבים גריל אמריקאי 40 גרם,פוף POOF,IL,פוף כוכבים גריל,גרמים,40.00,100 גרם,false,1,4.10,10.25,true,1,
7290111930935,false,חטיף פוף טבעות קלאסי 40 גרם,פוף POOF,IL,פוף טבעות,גרמים,40.00,100 גרם,false,1,4.10,10.25,true,1,
7290111931321,false,"קולגייט משחת שיניים ילדים 6+ מיניונים 50 מ""ל",קולגייט- פלמוליב,PL,קולגייט מיניונים,מיליליטרים,50.00,"100 מ""ל",false,1,13.50,27.00,true,1,
7290111931338,false,"סבון נוזלי פלמוליב לומינוס תאנה 500 מ""ל",קולגייט פלמוליב,TR,סבון פלמוליב,מיליליטרים,500.00,"100 מ""ל",false,1,16.10,3.22,true,1,
7290111932502,false,"משחת שיניים קולגייט אופטיק וייט אקספרט וויט 75 מ""ל",קולגייט Colgate,MX,משחת שיניים,מיליליטרים,75.00,"100 מ""ל",false,1,21.20,28.27,true,1,
7290111932762,false,בלונס - ספוג סבון ונילה,,IL,בלונס- ספוג סבון,מיליליטרים,230.00,"100 מ""ל",false,1,25.50,11.09,true,1,
7290111935817,false,דאודורנט סטיק דרמה מכיל תמצית אם הפנינה,ליידי ספיד סטיק Lady Speed Stick,US,ליידי ספיד סטיק,גרמים,45.00,100 גרם,false,1,15.20,33.78,true,1,
7290111936203,false,"ליידי ספיד סטיק דרמה ספריי ויטמין אי 150 מ""ל",ליידי ספיד סטיק Lady Speed Stick,RU,ליידי ספיד סטיק,מיליליטרים,150.00,"100 מ""ל",false,1,12.70,8.47,true,1,
7290111936296,false,"פלמוליב סבון נוזלי בניחוח סנסיישן מסאז' ,750 מ""ל",קולגייט פלמוליב,TR,סבון פלמוליב,מיליליטרים,750.00,"100 מ""ל",false,1,15.20,2.03,true,1,
7290111937644,false,פצצת אמבט קוקוס לכל סוגי העור,בלונס Balloons,CN,בלונס - פצצת אמב,יחידה,1.00,יחידה,false,1,10.10,10.10,true,1,
7290111937651,false,פצצת אמבט מנגו לכל סוגי העור,בלונס Balloons,CN,בלונס - פצצת אמב,יחידה,1.00,יחידה,false,1,10.10,10.10,true,1,
7290111937668,false,פצצת אמבט תפוח לכל סוגי העור,בלונס Balloons,CN,בלונס - פצצת אמב,יחידה,1.00,יחידה,false,1,10.10,10.10,true,1,
7290112000736,false,פיניש טבליות aio 80 יח אריזת חסכון,רקיט בנקיזר,PL,פיניש 80 טבליות,יחידה,1.00,יחידה,false,1,51.20,51.20,true,1,
7290112001436,false,"פיניש מנקה מדיח כלים בניחוח לימון 250 מ""ל",רקיט בנקיזר,PL,פיניש מנקה מדיח,מיליליטרים,250.00,"100 מ""ל",false,1,9.30,3.72,true,1,
7290112002044,false,טבליות פיניש מנקה מדיח 3 יח,רקיט בנקיזר,HU,פיניש מנקה מדיח,יחידה,1.00,יחידה,false,1,9.30,9.30,true,1,
7290112002099,false,קולון גל כביסה מרוכז 2.5 ליטר קלאסי,רקיט בנקיזר,IL,ג'ל כביסה קולון,ליטרים,2.50,ליטר,false,1,24.70,9.88,true,1,
7290112003522,false,איירוויק בוטניקה נר ריחני בניחוח אננס ור,רקיט בנקיזר,CN,אירוויק נר ריחני,גרמים,205.00,100 גרם,false,1,27.20,13.27,true,1,
7290112003560,false,איירוויק בוטניקה נר ריחני בניחוח ורדים ו,רקיט בנקיזר,CN,אירוויק נר ריחני,גרמים,205.00,100 גרם,false,1,27.20,13.27,true,1,
7290112004413,false,"ספריי וניש קליה להסרת כתמים לבגדים לבנים 750 מ""ל",רקיט בנקיזר,PL,מסיר כתמים ספריי,מיליליטרים,750.00,"100 מ""ל",false,1,12.70,1.70,true,1,
7290112004970,false,פיניש אולטימייט קוואנטום 50 טבליות למדיח,רקיט בנקיזר,IL,פיניש אולטימייט,יחידה,1.00,יחידה,false,1,55.40,55.40,true,1,
7290112005045,false,וניש תוסף כביסה רב תכליתי לבגדים לבנים,קליה וניש Kalia Vanish,IT,וניש אבקה לכביסה,גרמים,480.00,100 גרם,false,1,12.70,2.64,true,1,
7290112005076,false,אבקה להסרת כתמים לכביסה צבעונית וניש קליה 480 גרם,קליה וניש Kalia Vanish,IT,וניש אבקה לכביסה,גרמים,480.00,100 גרם,false,1,12.70,2.64,true,1,
7290112192561,false,"משחת שיניים פרודונטקס הגנה מלאה מרעננת הלבנה 75 מ""ל",ג'י.אס.קיי קונסיומר,IE,משחה פרודונטקס,מיליליטרים,75.00,"100 מ""ל",false,1,29.80,39.73,true,1,
7290112192578,false,משחת שיניים פרודונטקס אקסטרה פרש הגנה מלאה,ג'י.אס.קיי קונסיומר,IE,משחת פרודונטקס,מיליליטרים,75.00,"100 מ""ל",false,1,29.80,39.73,true,1,
7290112192875,false,"סנסודיין - משחת שיניים רגישות וחניכיים 75 מ""ל",סנסודיין Sensodyne,GB,משחת סנסודיין,מיליליטרים,75.00,"100 מ""ל",false,1,29.80,39.73,true,1,
7290112192882,false,"סנסודיין - משחת שיניים רגישות וחניכיים מלבינה 75 מ""ל",ג'י.אס.קיי קונסיומר,GB,משחת סנסודיין,מיליליטרים,75.00,"100 מ""ל",false,1,29.80,39.73,true,1,
7290112192998,false,סטייל מתולתלות קרם לחות לשיער מקורזל 400,גורי,IL,קרם לחות לשיער,מיליליטרים,400.00,"100 מ""ל",false,1,23.80,5.95,true,1,
7290112193278,false,"סטייל - שמפו מתולתלות לניקוי יסודי 600 מ""ל",א.ל.ארמן ייצור תמרוקים ב,IL,שמפו מתולתלות,מיליליטרים,600.00,"100 מ""ל",false,1,18.70,3.12,true,1,
7290112193285,false,"סטייל - מרכך מתולתלות מגביר לחות 600 מ""ל",א.ל.ארמן ייצור תמרוקים ב,IL,מרכך מתולתלות,מיליליטרים,600.00,"100 מ""ל",false,1,18.70,3.12,true,1,
7290112193292,false,"סטייל - מתולתלות מסכה לטיפול עמוק 500 מ""ל",א.ל.ארמן ייצור תמרוקים ב,IL,מסכה מתולתלות,מיליליטרים,500.00,"100 מ""ל",false,1,23.80,4.76,true,1,
7290112193308,false,"סטייל - מתולתלות גלייז מעצב ומאיץ ברק לשיער 400 מ""ל",א.ל. ארמן,IL,גלייז מתולתלות,מיליליטרים,400.00,"100 מ""ל",false,1,23.80,5.95,true,1,
7290112193315,false,"סטייל - מתולתלות קרם לחות להורדת פריז 400 מ""ל",א.ל.ארמן ייצור תמרוקים ב,IL,קרם לחות מתולתלו,מיליליטרים,400.00,"100 מ""ל",false,1,23.80,5.95,true,1,
7290112193339,false,"סטייל - ספריי מתותלות 150 מ""ל",א.ל.ארמן ייצור תמרוקים ב,IL,ספריי סטייל שיער,מיליליטרים,150.00,"100 מ""ל",false,1,23.80,15.87,true,1,
7290112196729,false,סטייל שמפו קולור קונטרול לשיער בלונד 400,גורי,IL,שמפו קולור קונטר,מיליליטרים,400.00,"100 מ""ל",false,1,21.20,5.30,true,1,
7290112196743,false,סטייל קרם לחות קולור קונטרול לטיפול עמוק,גורי,IL,קרם לחות קולור,מיליליטרים,400.00,"100 מ""ל",false,1,25.50,6.37,true,1,
7290112197078,false,"סטייל - תחליב רחצה לניקוי וטיפוח הידיים חמאת שיאה 500 מ""ל",רנקסאן פלסטיק יאנגר,TR,תחליב ידיים,מיליליטרים,500.00,"100 מ""ל",false,1,7.60,1.52,true,1,
7290112332691,false,פינוקיות עוגיות קרם פסק זמן אגוזים 200 גרם,"הגביע מוצרי וופלים בע""\מ",IL,פינוקיות פסק זמן,גרמים,200.00,100 גרם,false,1,11.00,5.50,true,1,
7290112340245,false,צנצנת מסטיק מאסט בטעם דובדבן 66 ג' עלית,"שטראוס גרופ בע""\מ",IL,מסטיק דובדבן,גרמים,66.00,100 גרם,false,1,11.00,16.67,true,1,
7290112340252,false,צנצנת מסטיק מאסט בטעם אבטיח מלון 66 ג' עלית,"שטראוס גרופ בע""\מ",IL,מסטיק אבטיח מלון,גרמים,66.00,100 גרם,false,1,11.00,16.67,true,1,
7290112343499,false,חטיף צ'יטוס פאפס אפוי בטעם גבינה,"שטראוס פריטו ליי בע""\מ )",IL,חטיף צ'יטוס puff,גרמים,55.00,100 גרם,false,1,3.30,6.00,true,1,
7290112346360,false,בפלות אחת אחת ופל בטעם שוקולד מצופה שוקולד,הגביע מוצרי וופלים ב,GR,בפלות אחת אחת,גרמים,180.00,100 גרם,false,1,13.50,7.50,true,1,
7290112349538,false,קפה עלית טורקי 160 גרם,שטראוס קפה בי.וי.,IL,קפה טורקי עלית,גרמים,160.00,100 גרם,false,1,10.10,6.31,true,1,
7290112351463,false,שלישיית סוכריות מאסט FRESH פטל לימון 45 ג' עלית,"הליקון גידה בע""\מ",TR,"סוכריות לל""ס",גרמים,45.00,100 גרם,false,1,8.40,18.67,true,1,
7290112351470,false,סוכריות ללא סוכר בטעם תות רימון מאסט פרש,"הליקון גידה בע""\מ",TR,"סוכריות לל""ס",גרמים,45.00,100 גרם,false,1,8.40,18.67,true,1,
7290112354945,false,תפוצ'יפס wavy טבעי 50ג היתר מכירה,שטראוס פריטו ליי בע”,IL,תפוצ'יפס,גרמים,50.00,100 גרם,false,1,4.10,8.20,true,1,
7290112358004,false,פסק זמן קראנצ' עלית 32 גרם,שולן צ'\יקולטה גידה סאן.,TR,חטיף פסק זמן,גרמים,32.00,100 גרם,false,1,4.00,12.50,true,1,
7290112358561,false,קפה נמס פלטינום קלאסי 47 ג' עלית,"אינסטנטבה בע""\מ",PL,קפה פלטינום קלאס,גרמים,47.00,100 גרם,false,1,7.60,16.17,true,1,
7290112492470,false,"שמפו ומרכך 2 ב-1 לשיער יבש פינוק 700 מ""ל.",יוניליוור פארם,IL,פינוק 2ב1-,מיליליטרים,700.00,"100 מ""ל",false,1,11.80,1.69,true,1,
7290112492531,false,פינוק מרכך שיער רגיל 700 מל-חדש,יוניליוור פארם,IL,מרכך לשיער רגיל,מיליליטרים,700.00,"100 מ""ל",false,1,11.80,1.69,true,1,
7290112492548,false,"מרכך פינוק עם שמן חוחובה 700 מ""ל",יוניליוור פארם,IL,מרכך פינוק,מיליליטרים,700.00,"100 מ""ל",false,1,11.80,1.69,true,1,
7290112492685,false,פינוק מרכך לשיער רגיל אריזת נסיעות 100 מ,יוניליוור ישראל טיפוח אי,IL,מרכך פינוק,מיליליטרים,100.00,"100 מ""ל",false,1,5.50,5.50,true,1,
7290112492746,false,"פינוק מרכך ללא דמעות לסירוק קל לילדים 700 מ""ל",יוניליוור ישראל טיפוח אי,IL,מרכך פינוק ילדים,מיליליטרים,700.00,"100 מ""ל",false,1,12.70,1.81,true,1,
7290112492753,false,"פינוק לילדים אל סבון לרחצה 700 מ""ל",יוניליוור ישראל טיפוח אי,IL,אל סבון לילדים,מיליליטרים,700.00,"100 מ""ל",false,1,12.70,1.81,true,1,
7290112494795,false,בדין-ג'ל לכביסה לבנה וצבעונית בניחוח עדין כחול 2.5 ליטר,"זוהר דליה, קיבוץ דליה, 1",IL,בדין ג'ל כביסה,ליטרים,2.50,ליטר,false,1,30.60,12.24,true,1,
7290112494825,false,תרחיץ פנים לעור רגיש מכיל 25% קרם לחות,יוניליוור ישראל טיפוח אי,IL,דאב תרחיץ פנים,מיליליטרים,180.00,"100 מ""ל",false,1,13.50,7.50,true,1,
7290112494832,false,"דאב - תרחיץ פנים לעור רגיל 180 מ""ל",יוניליוור ישראל טיפוח אי,IL,דאב תרחיץ פנים,מיליליטרים,180.00,"100 מ""ל",false,1,13.50,7.50,true,1,
7290112496201,false,"אקס - בושם גוף טיקט לגבר שוקולד 17 מ""ל","קוסטר אירוסול, גבזה,",TR,אקס בושם כיס,מיליליטרים,17.00,"100 מ""ל",false,1,17.00,100.00,true,1,
7290112496430,false,קנור נמס בכוס אקסטרה עגבניות+אטריות 37 גרם - רבנות,יוניליוור ישראל מזון בע\,IL,נמס בכוס אקסטרה,גרמים,37.00,100 גרם,false,1,4.10,11.08,true,1,
7290112497369,false,"דאודורנט רול און טלק סופט, 50 מ""ל","יוניליוור אנגליה, דרך קו",GB,דאו דאב רול און,מיליליטרים,50.00,"100 מ""ל",false,1,11.80,23.60,false,1,
7290112497727,false,פינוק בייבי אל סבון אל דמע לתינוקות 700,יוניליוור ישראלn\טיפוח א,IL,אל סבון בייבי,מיליליטרים,700.00,"100 מ""ל",false,1,14.40,2.06,true,1,
7290112499493,false,"רקסונה - דאודורנט ספריי לאישה אלוורה 150 מ""ל","ארנסט, רחוב קומבינצקיה 6",RU,דאו רקסונה,מיליליטרים,150.00,"100 מ""ל",false,1,15.30,10.20,true,1,
7290112499509,false,"רקסונה - דאודורנט ספריי לאישה בניחוח אפרסק ולמון גראס 150 מ""ל","ארנסט, רחוב קומבינצקיה 6",RU,דאו ספריי רקסונה,מיליליטרים,150.00,"100 מ""ל",false,1,15.30,10.20,true,1,
7290112963918,false,פיטנס חטיפי קרקר דק רוזמרין 140 גרם,נסטלה Nestle,IL,קרקר דק פיטנס,גרמים,140.00,100 גרם,false,1,12.70,9.07,true,1,
7290112968807,false,פיטנס - קרקר דק סלק 140 גרם,מפעל אסם יקנעם,IL,קרקר דק פיטנס,גרמים,140.00,100 גרם,false,1,12.70,9.07,true,1,
7290113560055,false,פרודונטקס מי פה טיפול יומי לחניכיים 500,"מאסטרפוד אוסטריה בע""מ",GB,פרודונטקס מי פה,מיליליטרים,500.00,"100 מ""ל",false,1,27.20,5.44,true,1,
7290113560109,false,פרודונטקס מ.שיניים בטעם צמחי 75 מל,פרודונטקס Parodontax,SK,משחה פרודונטקס,מיליליטרים,75.00,"100 מ""ל",false,1,27.20,36.27,true,1,
7290113560277,false,זוג מברשות שיניים רפיד רליף סנסודיין,גלקסוס סמית קליין,GB,מברשות רפיד 2 יח,יחידה,1.00,יחידה,false,1,17.00,17.00,true,1,
7290114145831,false,אוליב שמפו לשיער יבש ופגום מועשר בשמן זית,אוליב Olive,IL,אוליב שמפו שמן ז,מיליליטרים,800.00,"100 מ""ל",false,0,17.00,2.13,true,1,
7290114146289,false,"אוליב - תחליב רחצה שמן זית 800 מ""ל",א.פ.חורי,IL,אוליב ת.רחצה שמן,מיליליטרים,800.00,"100 מ""ל",false,0,17.00,2.13,true,1,
7290114601917,false,שפתון HD היפר מאט יח',,IL,שפתון HD היפר מא,יחידה,1.00,יחידה,false,1,42.60,42.60,true,1,
7290114605342,false,פירסט סמייל רפידות הנקה גודל מדיום 110,צאנזו שאנג קאר פרודק,CN,רפידות הנקה,יחידה,1.00,יחידה,false,1,22.90,22.90,true,1,
7290114607391,false,"קולגייט משחת לילדים ברבי 2-5 שנים, 75 מ""ל",קולגייט פלמוליב,PL,קולגייט מינייוני,מיליליטרים,75.00,"100 מ""ל",false,1,14.40,19.20,true,1,
7290114659949,false,מארז מסיכות שמחה זה אנחנו,נ'יאנג יונג,CN,מסכת פנים חד פעמ,יחידה,1.00,יחידה,false,1,11.00,11.00,true,1,
7290114720007,false,קיט לעיניים יח',,IL,קיט לעיניים,יחידה,1.00,יחידה,false,1,128.10,128.10,true,1,
7290114720014,false,קיט לשפתיים יח',,IL,קיט לשפתיים,יחידה,1.00,יחידה,false,1,128.10,128.10,true,1,
7290114721608,false,מברשת שיניים חשמלית פוג'יקום חד קרן,פוג'יקום,CN,מברשת שיניים,יחידה,1.00,יחידה,false,1,25.50,25.50,true,1,
7290114721677,false,אוזניות מקרופון עם חיבור,פוג'יקום,CN,אוזניות מקרופון,יחידה,1.00,יחידה,false,1,51.20,51.20,true,1,
7290115073720,false,שלישיית ביצי שוקולד(חלב נוכרי)-לוני טונס,שמחה זה אנחנו,IT,ביצי שוקולד,גרמים,60.00,100 גרם,false,1,11.80,19.67,true,1,
7290115077131,false,מסכות ילדים צבעוני מעורב 40 יח',מ.פאנג,CN,מסכת פנים חד פעמ,יחידה,1.00,יחידה,false,1,12.70,12.70,true,1,
7290115205176,false,פיטנס - קרקר דק כפרי פיטנס 140 גרם,נסטלה Nestle,IL,קרקר דק פיטנס,גרמים,140.00,100 גרם,false,1,12.70,9.07,true,1,
7290115205312,false,קרקר פיטנס דק עם זיתי קלמטה ועשבי תיבול,"אסם השקעות בע""\מ",IL,קרקר דק פיטנס,גרמים,140.00,100 גרם,false,1,12.70,9.07,true,1,
7290115291872,false,"קונדישינר אויל 400 מ""ל",,IL,קונדישינר אויל,מיליליטרים,400.00,"100 מ""ל",false,1,68.20,17.05,true,1,
7290115291889,false,"שמפו אויל 400 מ""ל",,IL,שמפו אויל,מיליליטרים,400.00,"100 מ""ל",false,1,68.20,17.05,true,1,
7290115292633,false,פרולטה פירות יער קרם ידיים אינטנסיבי 100מ,,IL,פרולטה קרם ידיים,מיליליטרים,100.00,"100 מ""ל",false,1,5.90,5.90,true,1,
7290115295054,false,"תמצית בישום לגוף 50 מ""ל",,IL,תמצית בישום לגוף,מיליליטרים,50.00,"100 מ""ל",false,1,118.80,237.60,true,1,
7290115671353,false,מיני פינוקיות עוגיות קקאו במילוי קרם בטעם וניל,"הגביע מוצרי ופלים בע""\מ",IL,מיני פינוקיות,גרמים,180.00,100 גרם,false,1,11.00,6.11,true,1,
7290116244020,false,ליגת הצדק אצבעות שוקולד חלב 84 גרם,סטילנד שוקולד,NL,אצבעות שוקולד,גרמים,84.00,100 גרם,false,1,9.30,11.07,true,1,
7290116244051,false,אצבעות שוקולד חלב 84 גרם LOL,סטילנד שוקולד,NL,אצבעות שוקולד,גרמים,84.00,100 גרם,false,1,9.30,11.07,true,1,
7290116530215,false,דאודרנט סטיק לגבר דרק טמפטיישן 76 ג' אקס,יוניליוור פארם,US,דאו. סטיק אקס,גרמים,77.00,100 גרם,false,1,18.70,24.29,true,1,
7290116530239,false,אקס דאו סטיק לגבר בלאק 7 גרם,יוניליוור פארם,US,דאו.סטיק אקס,גרמים,77.00,100 גרם,false,1,18.70,24.29,true,1,
7290116531243,false,"שמפו ומרכך 2ב-1 למניעת קשקשים 700 מ""ל פינוק",יוניליוור ישראל טיפוח אי,IL,שמפו פינוק,מיליליטרים,700.00,"100 מ""ל",false,1,12.70,1.81,true,1,
7290116531762,false,דפים ריחניים למייבש כביסה בדין ורוד 40 יחידות,"קלינטסט - 3p ארה""ב",US,דפים למייבש,יחידה,1.00,יחידה,false,1,16.00,16.00,true,1,
7290116532622,false,פינוק מרכך לשיער בתוספת גוגי ברי 700 מל,יוניליוור ישראלn\טיפוח א,IL,מרכך עם גוגי ברי,מיליליטרים,700.00,"100 מ""ל",false,1,11.80,1.69,true,1,
7290116532868,false,פינוק בייבי שמפו אל דמע לתינוקות 900 מל,יוניליוור ישראלn\טיפוח א,IL,בייבי שמפו,מיליליטרים,900.00,"100 מ""ל",false,1,18.70,2.08,true,1,
7290116532875,false,פינוק בייבי אל סבון לתינוקות 970 מל-משאבה,יוניליוור ישראלn\טיפוח א,IL,אל סבון לתינוק,מיליליטרים,900.00,"100 מ""ל",false,1,18.70,2.08,true,1,
7290116533100,false,"פינוק מרכך שיער בניחוח ורדים לבנים 700 מ""ל",יוניליוור ישראל טיפוח אי,IL,מרכך פינוק ורדים,מיליליטרים,700.00,"100 מ""ל",false,1,11.80,1.69,true,1,
7290117382318,false,סלים דליס - חטיף חלבון מצופה שוקולד מריר 60 גרם,"י. מרבה ישראל בע""\מ",IT,חטיף חלבון מצופה,גרמים,60.00,100 גרם,false,1,11.00,18.33,true,1,
7290117824061,false,ממתק ליקריץ מקלות 35גר-בטעם פירות הלו קי,שמחה זה אנחנו,TR,ליקריץ מקלות פיר,גרמים,35.00,100 גרם,false,1,2.40,6.86,true,1,
7290117825914,false,ממתק מקלות קולה 35 גרם,,TR,ממתק מקלות קולה,גרמים,35.00,100 גרם,false,1,2.40,6.86,true,1,
7290117826058,false,ממתק ליקריץ חתוכים ממולאים 250גרם-צבעוני,שמחה זה אנחנו,TR,ממתק ליקריץ,גרמים,250.00,100 גרם,false,1,8.40,3.36,true,1,
7290117826065,false,ממתק ליקריץ שטיחים 250גרם-צבעוני בטעמי פ,שמחה זה אנחנו,TR,ממתק ליקריץ,גרמים,250.00,100 גרם,false,1,8.40,3.36,true,1,
7290117860038,false,"הוואי - תחליב רחצה יוגורט בניחוח אוכמניות 700 מ""ל","טרופיקל דגיל בע""\מ",IL,תחליב רחצה הוואי,מיליליטרים,700.00,"100 מ""ל",false,1,10.10,1.44,true,1,
7290117860045,false,שמפו תמציות אלוורה ותה ירוק לשיער רגיל,"טרופיקל דגיל בע""\מ",IL,שמפו הוואי,מיליליטרים,700.00,"100 מ""ל",false,1,10.10,1.44,true,1,
7290117860083,false,"הוואי קרם רחצה יוגורט בניחוח אירוס זהוב ודבש 700 מ""ל","טרופיקל דגיל בע""\מ",IL,קרם רחצה הוואי,מיליליטרים,700.00,"100 מ""ל",false,1,10.10,1.44,true,1,
7290117860090,false,מרכך תמציות אלוורה ותה ירוק לשיער רגיל,"טרופיקל דגיל בע""\מ",IL,מרכך מטפח לשיער,מיליליטרים,700.00,"100 מ""ל",false,1,10.10,1.44,true,1,
7290117860144,false,הוואי שמפו פירות אקזוטיים וקלנדולה 700,"טרופיקל דגיל בע""\מ",IL,שמפו הוואי,מיליליטרים,700.00,"100 מ""ל",false,1,10.10,1.44,true,1,
7290117860182,false,"הוואי - תחליב רחצה בניחוח מגנוליה ושמן שקדים 700 מ""ל","טרופיקל דגיל בע""\מ",IL,תחליב רחצה הוואי,מיליליטרים,700.00,"100 מ""ל",false,1,10.10,1.44,true,1,
7290117860199,false,שמפו שמן ורד הבר ושמן מקדמיה לשיער יבש,"טרופיקל דגיל בע""\מ",IL,שמפו הוואי,מיליליטרים,700.00,"100 מ""ל",false,1,10.10,1.44,true,1,
7290117860236,false,"הוואי - קרם רחצה בניחוח ויולה ורודה 700 מ""ל","טרופיקל דגיל בע""\מ",IL,קרם רחצה הוואי,מיליליטרים,700.00,"100 מ""ל",false,1,10.10,1.44,true,1,
7290117860243,false,"הוואי - מרכך מעניק לחות לשיער יבש 700 מ""ל","טרופיקל דגיל בע""\מ",IL,מרכך הוואי,מיליליטרים,700.00,"100 מ""ל",false,1,10.10,1.44,true,1,
7290117860281,false,"הוואי - ג'ל רחצה לגבר בניחוח עוצמתי 700 מ""ל","טרופיקל דגיל בע""\מ",IL,ג'ל רחצה לגבר,מיליליטרים,700.00,"100 מ""ל",false,1,10.10,1.44,true,1,
7290117860298,false,שמפו קומפלקס קרטין לשיער עדין או חלש,"טרופיקל דגיל בע""\מ",IL,שמפו הוואי,מיליליטרים,700.00,"100 מ""ל",false,1,10.10,1.44,true,1,
7290117860335,false,"הוואי ג'ל רחצה לגבר בניחוח מעורר 700 מ""ל","טרופיקל דגיל בע""\מ",IL,ג'ל רחצה לגבר,מיליליטרים,700.00,"100 מ""ל",false,1,10.10,1.44,true,1,
7290117860342,false,מרכך קומפלקס קרטין לשיער עדין או חלש,"טרופיקל דגיל בע""\מ",IL,מרכך הוואי,מיליליטרים,700.00,"100 מ""ל",false,1,10.10,1.44,true,1,
7290117860380,false,"תחליב רחצה יוגורט בניחוח אלוורה 700 מ""ל הוואי","טרופיקל דגיל בע""\מ",IL,תחליב רחצה הוואי,מיליליטרים,700.00,"100 מ""ל",false,1,10.10,1.44,true,1,
7290117860397,false,שמפו תמצית פריחת הדובדבן לשיער רגיל,"טרופיקל דגיל בע""\מ",IL,שמפו הוואי,מיליליטרים,700.00,"100 מ""ל",false,1,10.10,1.44,true,1,
7290117860441,false,"מרכך פריחת הדובדבן 700 מ""ל הוואי","טרופיקל דגיל בע""\מ",IL,מרכך פריחת הדובד,מיליליטרים,700.00,"100 מ""ל",false,1,10.10,1.44,true,1,
7290117860540,false,הוואי שמפו לילדים רוזמרין מנגו ומשמש 700,"טרופיקל דגיל בע""\מ",IL,שמפו עדין לילדים,מיליליטרים,700.00,"100 מ""ל",false,1,10.10,1.44,true,1,
7290117860595,false,הוואי מרכך לילדים רוזמרין מנגו ומשמש 700,"טרופיקל דגיל בע""\מ",IL,מרכך הוואי,מיליליטרים,700.00,"100 מ""ל",false,1,10.10,1.44,true,1,
7290117860649,false,הוואי שמפו קרטין קיק ללא סולפטים 700 מל,"טרופיקל דגיל בע""\מ",IL,שמפו הוואי,מיליליטרים,700.00,"100 מ""ל",false,1,10.10,1.44,true,1,
7290117860694,false,הוואי מרכך קרטין קיק ללא סולפטים 700 מל,"טרופיקל דגיל בע""\מ",IL,מרכך הוואי,מיליליטרים,700.00,"100 מ""ל",false,1,10.10,1.44,true,1,
7290117860748,false,הוואי שמפו תמצית יסמין מעניק נפח 700 מל,"טרופיקל דגיל בע""\מ",IL,שמפו הוואי,מיליליטרים,700.00,"100 מ""ל",false,1,10.10,1.44,true,1,
7290117860793,false,הוואי מרכך תמצית יסמין מעניק נפח 700 מל,"טרופיקל דגיל בע""\מ",IL,מרכך הוואי,מיליליטרים,700.00,"100 מ""ל",false,1,10.10,1.44,true,1,
7290117860892,false,"הוואי - תחליב רחצה יוגורט בניחוח וניל ודבש 700 מ""ל","טרופיקל דגיל בע""\מ",IL,תחליב רחצה הוואי,מיליליטרים,700.00,"100 מ""ל",false,1,10.10,1.44,true,1,
7290117860946,false,"תחליב רחצה יוגורט בניחוח קוקוס 700 מ""ל הוואי","טרופיקל דגיל בע""\מ",IL,תחליב רחצה הוואי,מיליליטרים,700.00,"100 מ""ל",false,1,10.10,1.44,true,1,
7290117860991,false,"תחליב רחצה יוגורט בניחוח שקדים 700 מ""ל הוואי","טרופיקל דגיל בע""\מ",IL,תחליב רחצה הוואי,מיליליטרים,700.00,"100 מ""ל",false,1,10.10,1.44,true,1,
7290118873082,false,בדיקות אנטיגן +שפעת 5יח,,IL,בדיקות אנטיגן מש,יחידה,1.00,יחידה,false,1,42.60,42.60,true,1,
7290347222156,false,"מיי שמן - שמן פלז'ר 30 מ""ל",,IL,שמן פלזר,מיליליטרים,30.00,"100 מ""ל",false,1,170.00,566.67,true,1,
7296073078838,false,6 כריות יפניות שופרסל,פלסטו פוליש,IL,כריות יפניות,יחידה,1.00,יחידה,false,0,7.90,7.90,true,1,
7296073095583,false,"אצטון שופרסל 100 מ""ל","ש. שוורץ )באר שבע( בע""\מ",IL,אצטון BE,מיליליטרים,100.00,"100 מ""ל",false,0,3.30,3.30,true,1,
7296073205975,false,מסיר לק,,IL,מסיר לק,מיליליטרים,100.00,"100 מ""ל",false,0,8.50,8.50,true,1,
7296073219941,false,חטיף דגנים שוקו+שוק23*6ג,back and Snack,AT,חטיף דגנים,גרמים,23.00,100 גרם,false,0,8.40,36.52,true,1,
7296073225508,false,כוסות קפה גדולות שופרסל,.,CN,כוסות קפה גדולות,יחידה,1.00,יחידה,false,0,16.10,16.10,true,1,
7296073230021,false,מנקה רצפות כחול 2 ליטר,קליר כימיקלים,IL,מנקה רצפות כחול,ליטרים,2.00,ליטר,false,0,12.90,6.45,true,1,
7296073230656,false,מגבות נייר שופרסל 6 גל.,"שניב תעשיות נייר בע""\מ",IL,מגבות נייר,מטרים,63.00,מטר,false,0,11.00,0.17,true,1,
7296073237556,false,ממחטות אף 100*5 יח',שניב תעשיות נייר,IL,ממחטות אף100*5יח,יחידה,1.00,יחידה,false,1,12.70,12.70,true,1,
7296073241393,false,טלק טיפולי לכף הרגל 200מ,ש.שוורץ,IL,טלק לכפות רגליים,מיליליטרים,200.00,"100 מ""ל",false,1,8.40,4.20,true,1,
7296073272496,false,נייר טואלט דו שכבתי32גל,שניב תעשיות נייר,IL,נייר טואלט 32גל,מטרים,573.00,100 מטר,false,1,25.50,4.45,true,1,
7296073273455,false,תרסיס אלוורה שופרסל250מל,ש.שוורץ,IL,תרסיס ג'ל אלוורה,מיליליטרים,250.00,"100 מ""ל",false,1,17.00,6.80,true,1,
7296073277255,false,מארז מגבונים לחים 6 יח,דינמיק,IL,מארז מגבוניםלחים,יחידה,1.00,יחידה,false,1,19.50,19.50,true,1,
7296073281696,false,מגבוני טואלט לילד 40*3יח,שופרסל,IL,"מגבוני נ""ט לילד",יחידה,1.00,יחידה,false,1,8.40,8.40,true,1,
7296073281702,false,מגבוני נ.טואלט למבוגרים,דינמיק תעשיות מגבונים,IL,מגבוני נייר לחים,יחידה,1.00,יחידה,false,1,8.40,8.40,true,1,
7296073289715,false,מגבוני אף עדינים תינוק30,שופרסל,IL,מגבוני אף לתינוק,יחידה,1.00,יחידה,false,1,8.40,8.40,true,1,
7296073291077,false,משטחי החתלה שופרסל 10יח,PAKTEN,TR,משטחי החתלה,יחידה,1.00,יחידה,false,1,14.40,14.40,true,1,
7296073295662,false,"שוק.מריר ללת""ס שופרסל100",,IT,שוקולד מריר ללתס,גרמים,100.00,100 גרם,false,1,8.40,8.40,true,1,
7296073322979,false,בוטנים מצופים קלויים50ג,ששון ושות'\ )ש.ת. תעשיות,IL,בוטנים אמריקאים,גרמים,50.00,100 גרם,false,1,2.50,5.00,true,1,
7296073330431,false,מברשת לאייליינר ומסרק,BE NOW,CN,מברשת לאייליינר,יחידה,1.00,יחידה,false,0,28.10,28.10,true,1,
7296073330462,false,מברשת קבוקי קטנטנה לתיק,BE NOW,CN,מברשת קבוקי לתיק,יחידה,1.00,יחידה,false,0,34.10,34.10,true,1,
7296073330554,false,מברשת לניקוי פנים מיוחדת,BE NOW,CN,מברשת ניקוי פנים,יחידה,1.00,יחידה,false,0,10.10,10.10,true,1,
7296073330639,false,ספוג לניקוי פנים 3 יח,BE NOW,CN,3ספוג ניקוי פנים,יחידה,1.00,יחידה,false,0,10.00,10.00,true,1,
7296073330653,false,ספוגית לטקס למייקאפ אובל,BE NOW,CN,ספוגית למייקאפ,יחידה,1.00,יחידה,false,0,11.00,11.00,true,1,
7296073330684,false,4 ספוגיות למייקאפ משולש,BE NOW,CN,4 ספוגיות משולש,יחידה,1.00,יחידה,false,0,8.40,8.40,true,1,
7296073330691,false,ספוגיות משולשות מתנפחות,BE NOW,CN,ספוגית מתנפחת מ.,יחידה,1.00,יחידה,false,0,15.00,15.00,true,1,
7296073330936,false,פינצטה אפורה קצה ישר,BE NOW,CN,פינצטה ישרה אפור,יחידה,1.00,יחידה,false,0,17.00,17.00,true,1,
7296073330950,false,פינצטה לבנה קצה אלכסון,BE NOW,CN,פינצטה א. לבן,יחידה,1.00,יחידה,false,0,12.00,12.00,true,1,
7296073330974,false,פינצטה לאב יו איכותית,BE NOW,CN,פינצטה לאב יו,יחידה,1.00,יחידה,false,0,17.00,17.00,true,1,
7296073331001,false,פינצטה כסופה מנומר,BE NOW,CN,פינצטה א.כסף,יחידה,1.00,יחידה,false,0,34.10,34.10,true,1,
7296073331025,false,פינצטה ידית מחוררת,BE NOW,CN,פינצטה חורים,יחידה,1.00,יחידה,false,0,34.10,34.10,true,1,
7296073331032,false,פינצטה עם תאורה,BE NOW,CN,פינצטה עם תאורה,יחידה,1.00,יחידה,false,0,34.10,34.10,true,1,
7296073331056,false,קוצץ קטן,BE NOW,CN,קוצץ קטן,יחידה,1.00,יחידה,false,0,7.60,7.60,true,1,
7296073331063,false,קוצץ גדול,BE NOW,CN,קוצץ גדול,יחידה,1.00,יחידה,false,0,8.40,8.40,true,1,
7296073331070,false,קוצץ עם אשפתון,BE NOW,CN,קוצץ עם אשפתון,יחידה,1.00,יחידה,false,0,12.70,12.70,true,1,
7296073331124,false,צבת מקצועית לציפורניים,BE NOW,CN,צבת לציפורניים,יחידה,1.00,יחידה,false,0,51.20,51.20,true,1,
7296073331131,false,מספריים לעור - מבריק,BE NOW,CN,מספריים לעור,יחידה,1.00,יחידה,false,0,25.50,25.50,true,1,
7296073331179,false,מספריים משולב מט פרימיום,BE NOW,CN,מספריים משולב מט,יחידה,1.00,יחידה,false,0,34.10,34.10,true,1,
7296073331209,false,מספריים לתינוק קצה מעוגל,BE NOW,CN,מספריים לתינוק,יחידה,1.00,יחידה,false,0,34.10,34.10,true,1,
7296073331216,false,מספריים אל חלד לשיער,BE NOW,CN,מספריים לשיער,יחידה,1.00,יחידה,false,0,34.10,34.10,true,1,
7296073331223,false,מספריים אל חלד לגבות,BE NOW,CN,מספריים לגבות,יחידה,1.00,יחידה,false,0,34.00,34.00,true,1,
7296073331377,false,מבריק ציפורניים 3 שלבים,BE NOW,CN,מבריק צ. 3 שלבים,יחידה,1.00,יחידה,false,0,15.00,15.00,true,1,
7296073331391,false,דוחף עור מתכת,BE NOW,CN,דוחף עור מתכת,יחידה,1.00,יחידה,false,0,21.00,21.00,true,1,
7296073331414,false,מגרדת סגולה לכף הרגל,BE NOW,CN,מגרדת סגולה כ.ר,יחידה,1.00,יחידה,false,0,21.20,21.20,true,1,
7296073331421,false,פומפיה לכף הרגל,BE NOW,CN,פומפיה לכף הרגל,יחידה,1.00,יחידה,false,0,12.70,12.70,true,1,
7296073331452,false,מכשיר פדיקור לכף הרגל,BE NOW,DE,מכשיר פדיקור כ.ר,יחידה,1.00,יחידה,false,0,21.00,21.00,true,1,
7296073331520,false,מברשת שיער שחור,BE NOW,CN,מברשת שיער שחור,יחידה,1.00,יחידה,false,0,17.00,17.00,true,1,
7296073331537,false,מברשת שיער סגול ורוד,BE NOW,CN,מברשת שיער סגול,יחידה,1.00,יחידה,false,0,17.00,17.00,true,1,
7296073331544,false,מברשת שיער אובלית מחורצת,BE NOW,CN,מברשת שיער אובל,יחידה,1.00,יחידה,false,0,21.00,21.00,true,1,
7296073331575,false,מברשת שיער מטקה ורודה L,BE NOW,CN,מברשת מטקה Lורוד,יחידה,1.00,יחידה,false,0,21.00,21.00,true,1,
7296073331582,false,מברשת שיער אובל ורודה L,BE NOW,CN,מברשת אובל Lורוד,יחידה,1.00,יחידה,false,0,21.00,21.00,true,1,
7296073331599,false,מברשת שיער מאורכת ורוד L,BE NOW,CN,מברשת מ. Lורוד,יחידה,1.00,יחידה,false,0,21.00,21.00,true,1,
7296073331605,false,מברשת שיער לתיק ורודה,BE NOW,CN,מברשת לתיק ורודה,יחידה,1.00,יחידה,false,0,17.00,17.00,true,1,
7296073331612,false,מברשת שיער מטקה שחורה,BE NOW,CN,מברשת מטקה שחורה,יחידה,1.00,יחידה,false,0,25.50,25.50,true,1,
7296073331629,false,מברשת שיער אובלית שחורה,BE NOW,CN,מברשת אובל שחורה,יחידה,1.00,יחידה,false,0,24.70,24.70,true,1,
7296073331636,false,מברשת שיער מאורכת שחורה,BE NOW,CN,מברשת מאורך שחור,יחידה,1.00,יחידה,false,0,21.00,21.00,true,1,
7296073331650,false,מברשת שיער לפן שחורה,BE NOW,CN,מברשת לפן שחורה,יחידה,1.00,יחידה,false,0,25.00,25.00,true,1,
7296073331674,false,מברשת קרמית לפן גדולה,BE NOW,CN,מברשת קרמית לפןL,יחידה,1.00,יחידה,false,0,32.30,32.30,true,1,
7296073331704,false,מברשת עץ לפן גדולה,BE NOW,CN,מברשת עץ לפן L,יחידה,1.00,יחידה,false,0,25.50,25.50,true,1,
7296073331742,false,מברשת אובלית שיער רטוב,BE NOW,CN,מברשת אובל רטוב,יחידה,1.00,יחידה,false,0,34.10,34.10,true,1,
7296073331766,false,מברשת ש.התרת קשרים ורודה,BE NOW,CN,מברשת קשרים,יחידה,1.00,יחידה,false,0,29.80,29.80,true,1,
7296073331810,false,מברשת שיער ספרים מקצועית,BE NOW,CN,מברשת שיער ספרים,יחידה,1.00,יחידה,false,0,25.00,25.00,true,1,
7296073331834,false,מברשת ש.עגולה עם שיערות,BE NOW,CN,מברשת עגולה שיער,יחידה,1.00,יחידה,false,0,34.00,34.00,true,1,
7296073331841,false,מסרק גדול שחור,BE NOW,CN,מסרק גדול שחור,יחידה,1.00,יחידה,false,0,8.00,8.00,true,1,
7296073331858,false,מסרק לתלתלים עם ידית,BE NOW,CN,מסרק לתלתלים,יחידה,1.00,יחידה,false,0,8.00,8.00,true,1,
7296073331865,false,מסרק כיס שחור,BE NOW,CN,מסרק כיס שחור,יחידה,1.00,יחידה,false,0,7.50,7.50,true,1,
7296073331889,false,מסרק שחור עם ידית,BE NOW,CN,מסרק שחור ידית,יחידה,1.00,יחידה,false,0,8.00,8.00,true,1,
7296073331896,false,מסרק חום עם ידית,BE NOW,CN,מסרק חום ידית,יחידה,1.00,יחידה,false,0,8.00,8.00,true,1,
7296073331902,false,2 מברשות למריחת צבע שיער,BE NOW,CN,זוג מברשות לצבע,יחידה,1.00,יחידה,false,0,11.00,11.00,true,1,
7296073331919,false,מסרק ומברשת לצבע שיער,BE NOW,CN,מסרק ומברשת לצבע,יחידה,1.00,יחידה,false,0,5.50,5.50,true,1,
7296073331926,false,קערית לצבע לשיער,BE NOW,CN,קערית לצבע לשיער,יחידה,1.00,יחידה,false,0,8.00,8.00,true,1,
7296073331940,false,גומיות שחורות 12 יח,BE NOW,CN,12 גומיות שחורות,יחידה,1.00,יחידה,false,0,8.40,8.40,true,1,
7296073331957,false,גומיות צבעוניות 12 יח,BE NOW,CN,12 גומיות צבעוני,יחידה,1.00,יחידה,false,0,8.40,8.40,true,1,
7296073331964,false,גומיות בלונד,,CN,גומיות בלונד,יחידה,1.00,יחידה,false,0,8.40,8.40,true,1,
7296073331988,false,גומיות שחורות דקות 12 יח,BE NOW,CN,12גומיות שחור דק,יחידה,1.00,יחידה,false,0,8.40,8.40,true,1,
7296073332091,false,מארז גומיות שחורות 32 יח,BE NOW,CN,מארז גומיות לשיע,יחידה,1.00,יחידה,false,0,17.00,17.00,true,1,
7296073332121,false,8 גומיות מגבת צבעוניות,BE NOW,CN,8ג.מגבת צבעוני,יחידה,1.00,יחידה,false,0,8.00,8.00,true,1,
7296073332169,false,16גומיות מגבת קטן צבעוני,BE NOW,CN,16ג.מגבת S צבע,יחידה,1.00,יחידה,false,0,8.00,8.00,true,1,
7296073332183,false,6 גומיות צבעוני פתוחות,BE NOW,CN,6גומיות צבע פתוח,יחידה,1.00,יחידה,false,0,8.00,8.00,true,1,
7296073332190,false,גומיות דקות לצמות 100 יח,BE NOW,CN,100 גומיות דקות,יחידה,1.00,יחידה,false,0,8.40,8.40,true,1,
7296073332206,false,3 גומיות סקונצים דק שחור,BE NOW,CN,3גומיות סקונצ'ים,יחידה,1.00,יחידה,false,0,8.00,8.00,true,1,
7296073332220,false,2גומיות סקונצים עבה שחור,BE NOW,CN,2גומיות סקונצי'ם,יחידה,1.00,יחידה,false,0,12.00,12.00,true,1,
7296073332237,false,2 סרט ילדות שחור וכוכבים,BE NOW,CN,2סרט ילדות כוכב,יחידה,1.00,יחידה,false,0,12.00,12.00,true,1,
7296073332244,false,גומיית דונטס שחור,BE NOW,CN,גומיית דונטס ש.,יחידה,1.00,יחידה,false,0,8.00,8.00,true,1,
7296073332251,false,3 גומיות מסולסלות שחורות,BE NOW,CN,3גומיות מסולסלות,יחידה,1.00,יחידה,false,0,8.00,8.00,true,1,
7296073332312,false,סרט סטנדרטי שחור,BE NOW,CN,סרט סטנדרטי שחור,יחידה,1.00,יחידה,false,0,12.00,12.00,true,1,
7296073332329,false,סרט פפיון טורקיז,BE NOW,CN,סרט פפיון טורקיז,יחידה,1.00,יחידה,false,0,12.00,12.00,true,1,
7296073332398,false,סיכות תיקתק לבבות,BE NOW,CN,תיקתק לבבות,יחידה,1.00,יחידה,false,0,15.00,15.00,true,1,
7296073332428,false,6 תיקתק לבבות ופינגווין,BE NOW,CN,6תיקתק פינגווין,יחידה,1.00,יחידה,false,0,17.00,17.00,true,1,
7296073332442,false,12 סיכות תיקתק מיני כוכב,BE NOW,CN,12תיקתק S כוכבים,יחידה,1.00,יחידה,false,0,17.00,17.00,true,1,
7296073332459,false,סיכות תיקתק חתול 4 יח,BE NOW,CN,סיכות חתול 4 יח,יחידה,1.00,יחידה,false,0,9.30,9.30,true,1,
7296073332473,false,סיכות תיקתק כסוף 6 יח,BE NOW,CN,6סיכות תיקתק כסף,יחידה,1.00,יחידה,false,0,11.00,11.00,true,1,
7296073332497,false,סיכות סבתא שחור 40 יח,BE NOW,CN,40סיכות שחורות,יחידה,1.00,יחידה,false,0,12.00,12.00,true,1,
7296073332503,false,40 סיכות סבתא בלונדיניות,BE NOW,CN,40סיכות בלונדיני,יחידה,1.00,יחידה,false,0,12.00,12.00,true,1,
7296073332558,false,קליפס בינוני 4 יח שחור,BE NOW,CN,4קליפס M שחור,יחידה,1.00,יחידה,false,0,12.00,12.00,true,1,
7296073332565,false,קליפס בינוני 4 יח חום,BE NOW,CN,4קליפס M חום,יחידה,1.00,יחידה,false,0,12.00,12.00,true,1,
7296073332589,false,"קליפס ענק 13 ס""מ",BE NOW,CN,קליפס ענק 13 סמ,יחידה,1.00,יחידה,false,0,12.00,12.00,true,1,
7296073332596,false,קליפס בננה,BE NOW,CN,קליפס בננה,יחידה,1.00,יחידה,false,0,12.00,12.00,true,1,
7296073332619,false,קליפס L גומי מונע החלקה,BE NOW,CN,קליפס ענק גומי,יחידה,1.00,יחידה,false,0,17.00,17.00,true,1,
7296073332664,false,תופסן ספרים 3 יח,BE NOW,CN,תופסן ספרים 3 יח,יחידה,1.00,יחידה,false,0,8.00,8.00,true,1,
7296073332701,false,שישיית קליפסים כוכבים,BE NOW,CN,6קליפסים כוכבים,יחידה,1.00,יחידה,false,0,12.00,12.00,true,1,
7296073332725,false,רשת לשיער,BE NOW,CN,רשת לשיער,יחידה,1.00,יחידה,false,0,8.00,8.00,true,1,
7296073332763,false,קשת עם שיניים גדולות,BE NOW,CN,קשת שיניים גדול,יחידה,1.00,יחידה,false,0,8.00,8.00,true,1,
7296073332893,false,ספוג רשת שלישייה,BE NOW,CN,ספוג רשת שלישיה,יחידה,1.00,יחידה,false,0,8.00,8.00,true,1,
7296073332978,false,ספוג רחצה טבעי פחם במבוק,BE NOW,CN,ספוג רחצה פחם,יחידה,1.00,יחידה,false,0,25.00,25.00,true,1,
7296073332985,false,ספוג רחצה לבנדר NOW,BE NOW,CN,ספוג רחצה לבנדר,יחידה,1.00,יחידה,false,0,25.00,25.00,true,1,
7296073333005,false,כובע אמבט כפול,BE NOW,CN,כובע אמבטיה כפול,יחידה,1.00,יחידה,false,0,14.40,14.40,true,1,
7296073333036,false,מגבת לייבוש שיער עם חוט,BE NOW,CN,מגבת לייבוש שיער,יחידה,1.00,יחידה,false,0,17.00,17.00,true,1,
7296073333272,false,סט בקבוקוני מילוי,BE NOW,CN,סט בקבוקי מילוי,יחידה,1.00,יחידה,false,0,17.00,17.00,true,1,
7296073333395,false,פצירת קריסטל,BE NOW,CN,פצירת קריסטל,יחידה,1.00,יחידה,false,0,34.00,34.00,true,1,
7296073333401,false,פצירת אקריל אפורה 5 יח',BE NOW,CN,5 פצירות אקריל,יחידה,1.00,יחידה,false,0,25.50,25.50,true,1,
7296073333418,false,מבריק ציפורניים 7 שלבים,BE NOW,CN,מבריק צ. 7 שלבים,יחידה,1.00,יחידה,false,0,17.00,17.00,true,1,
7296073333432,false,מברשת איפור לאבקה/קרםM-,BE NOW,CN,מברשת איפור M,יחידה,1.00,יחידה,false,0,34.00,34.00,true,1,
7296073333555,false,תיק איפור זהב,BE NOW,CN,תיק איפור זהב,יחידה,1.00,יחידה,false,0,25.50,25.50,true,1,
7296073333579,false,תיק איפור כתוביות,BE NOW,CN,תיק איפור כתובית,יחידה,1.00,יחידה,false,0,25.50,25.50,true,1,
7296073333616,false,תיק איפור גדול,BE NOW,CN,תיק איפור גדול,יחידה,1.00,יחידה,false,0,29.80,29.80,true,1,
7296073333623,false,זוג קשתות לשיער,BE NOW,CN,זוג קשתות לשיער,יחידה,1.00,יחידה,false,0,11.00,11.00,true,1,
7296073333647,false,ספוג רחצה מגבת אובלי,BE NOW,CN,ס.רחצה מגבת אובל,יחידה,1.00,יחידה,false,0,11.00,11.00,true,1,
7296073333654,false,מברשת שיער מטקה סגולה L,BE NOW,CN,מברשת מטקה Lסגול,יחידה,1.00,יחידה,false,0,21.00,21.00,true,1,
7296073333661,false,מברשת שיער אובל סגולה L,BE NOW,CN,מברשת אובל Lסגול,יחידה,1.00,יחידה,false,0,21.00,21.00,true,1,
7296073333678,false,מברשת שיער מאורכת סגול L,BE NOW,CN,מברשת מ. Lסגול,יחידה,1.00,יחידה,false,0,21.00,21.00,true,1,
7296073333739,false,ספוג מקצועי לניקוי פנים,BE NOW,CN,ספוג לניקוי פנים,יחידה,1.00,יחידה,false,0,21.00,21.00,true,1,
7296073340096,false,שמפו מפרץ הרפתקאות 1ליטר,,TR,שמפו לילדים,ליטרים,1.00,ליטר,false,1,12.70,12.70,true,1,
7296073341697,false,ממחטות אף לכיס 10 יחידות,שניב תעשיות נייר,IT,ממחטות אף לכיס,יחידה,1.00,יחידה,false,1,6.70,6.70,true,1,
7296073343134,false,אלסבון מ.הרפתקאות ורוד1ל,אמיליה קוסמטיקס,TR,אל סבון ורוד,ליטרים,1.00,ליטר,false,1,12.70,12.70,true,1,
7296073343264,false,פדים להסרת איפור-שלישיה,BE NOW,IL,פדים להסרת איפור,יחידה,1.00,יחידה,false,1,17.00,17.00,true,1,
7296073343288,false,צמר גפן 100 גר' יחידה,BE NOW,IL,צמר גפן 100 גר',גרמים,100.00,100 גרם,false,1,8.40,8.40,true,1,
7296073343295,false,קסמי אזניים פלסטיק 300 י,BE NOW,IL,קסמי אזניים פלסט,יחידה,1.00,יחידה,false,1,9.30,9.30,true,1,
7296073343301,false,קסמי אזניים פלסטיק 200 י,BE NOW,IL,קסמי אזניים פלסט,יחידה,1.00,יחידה,false,1,5.90,5.90,true,1,
7296073343462,false,"קרם חמצן 6% 60 מ""ל",,IL,קרם חמצן 6%,מיליליטרים,60.00,"100 מ""ל",false,1,4.10,6.83,true,1,
7296073343479,false,"קרם חמצן 9% 60 מ""ל",,IL,קרם חמצן 9%,מיליליטרים,60.00,"100 מ""ל",false,1,4.10,6.83,true,1,
7296073343486,false,אבקת הבהרה לשיער 10 גרם,,IL,אבקת הבהרה לשיער,גרמים,10.00,100 גרם,false,1,6.70,67.00,true,1,
7296073343493,false,כדורי צמר גפן 100 יח',BE NOW,IL,כדורי צמר גפן,יחידה,1.00,יחידה,false,1,8.40,8.40,true,1,
7296073343592,false,Be אל סבון לידיים מארז,BE NOW,IL,אל סבון לידיים פ,מיליליטרים,1500.00,"100 מ""ל",false,1,11.00,0.73,true,1,
7296073343660,false,Be מסיר לק לא אציטון175מ,,TR,מסיר לק ללא אציט,מיליליטרים,175.00,"100 מ""ל",false,1,6.70,3.83,true,1,
7296073343684,false,Be מסיר לק משאבה 150מל,,TR,מסיר לק משאבה,מיליליטרים,150.00,"100 מ""ל",false,1,9.30,6.20,true,1,
7296073343691,false,Beמסיר לק עם ספוגית75מל,,IL,מסיר לק עם ספוגי,מיליליטרים,75.00,"100 מ""ל",false,1,9.30,12.40,true,1,
7296073344018,false,מסיר צבע יחידה,BE NOW,IL,מסיר צבע,יחידה,1.00,יחידה,false,1,11.80,11.80,true,1,
7296073345299,false,משחת שיניים מלבינה 100מל,,BG,משחת שיניים,מיליליטרים,100.00,"100 מ""ל",false,1,6.70,6.70,true,1,
7296073345305,false,משחת שיניים פרופ+הרבל100,,BG,משחת שיניים הרבל,מיליליטרים,100.00,"100 מ""ל",false,1,6.70,6.70,true,1,
7296073345336,false,משחת שיניים לילדים 2-6,שופרסל,BG,משחת שיניים KIDS,מיליליטרים,50.00,"100 מ""ל",false,1,6.70,13.40,true,1,
7296073345404,false,מברשת שיניים חשמלית,,CN,מברשת שינ.חשמלית,יחידה,1.00,יחידה,false,1,25.50,25.50,true,1,
7296073345411,false,זוג ראשים מתחלפים,,CN,"זוג ראשים מבר""ש",יחידה,1.00,יחידה,false,1,18.70,18.70,true,1,
7296073345459,false,קיסמים עם חוט בשקית50יח,,CN,קיסמים עם חוט,יחידה,1.00,יחידה,false,1,9.30,9.30,true,1,
7296073345466,false,32 קיסמי פלסטיק מברשת,,CN,קיסמי פלסטיק,יחידה,1.00,יחידה,false,1,9.30,9.30,true,1,
7296073345473,false,חוט דנטלי שעווה 50 מטר,,CN,חוט דנטלי שעווה,מטרים,50.00,מטר,false,1,9.30,0.19,true,1,
7296073345480,false,חוט דנטלי שעווה מנטה 50מ,,CN,חוט דנטלי מנטה,מטרים,50.00,מטר,false,1,9.30,0.19,true,1,
7296073346333,false,עוגות אישיות קרם חלב350ג,קסליני,IT,עוגות אישיות,גרמים,350.00,100 גרם,false,1,12.70,3.63,true,1,
7296073346340,false,עוגות אישיות קרם שוקו350,קסליני,IT,עוגות אישיות,גרמים,350.00,100 גרם,false,1,12.70,3.63,true,1,
7296073348085,false,מברשת שיניים חשמלית,,CN,מברשת שיניים,יחידה,1.00,יחידה,false,1,25.50,25.50,true,1,
7296073363194,false,Be מסכה לשיער יבש500מל,א.משי תעשיות,IL,מסכה לשיער יבשBE,מיליליטרים,500.00,"100 מ""ל",false,1,25.50,5.10,true,1,
7296073363200,false,Be מסכה לשיער מוחלק 500מ,א.משי תעשיות,IL,מסכה לשיער יבשBE,מיליליטרים,500.00,"100 מ""ל",false,1,25.50,5.10,true,1,
7296073363217,false,Beשמפו לשיער מוחלק 500מל,,IL,שמפו לשיער יבשBE,מיליליטרים,500.00,"100 מ""ל",false,1,17.00,3.40,true,1,
7296073363224,false,שמפו לשיער יבש BE 500,א.משי תעשיות,IL,שמפו לשיער יבשBE,מיליליטרים,500.00,"100 מ""ל",false,1,17.00,3.40,true,1,
7296073363231,false,שמפו לשיער רגילBE 500,א.משי תעשיות,IL,שמפו לשיער רגיBE,מיליליטרים,500.00,"100 מ""ל",false,1,17.00,3.40,true,1,
7296073363255,false,מרכך לשיער יבש BE 500,א.משי תעשיות,IL,מרכך לשיער יבשBE,מיליליטרים,500.00,"100 מ""ל",false,1,17.00,3.40,true,1,
7296073363262,false,"מרכך לשיער מוחלק 500 מ""ל",א.משי תעשיות,IL,מרכך לשיער יבש,מיליליטרים,500.00,"100 מ""ל",false,1,17.00,3.40,true,1,
7296073363309,false,שמפו לשיער מתולתלBE 500,א.משי תעשיות,IL,שמפו לשיער מתולת,מיליליטרים,500.00,"100 מ""ל",false,1,17.00,3.40,true,1,
7296073363316,false,פרל קרם לשיער מתולתל BE,א.משי תעשיות,IL,קרם לשיער מתולתל,מיליליטרים,400.00,"100 מ""ל",false,1,18.70,4.67,true,1,
7296073363323,false,"פרל פרו' מסיכה250 מ""ל BE",א.משי תעשיות,IL,פרל פרו' מסיכה,מיליליטרים,250.00,"100 מ""ל",false,1,21.20,8.48,true,1,
7296073363446,false,מברשת צלליות אלכסון יח',,CN,מברשת צלליות אלכ,יחידה,1.00,יחידה,false,1,17.00,17.00,true,1,
7296073363859,false,מגבונים להסרת איפור 25יח,טרופיקל דגיל,IL,מגבונים להסרת אי,יחידה,1.00,יחידה,false,1,7.60,7.60,true,1,
7296073363866,false,מגבונים להסרת איפור פחם,טרופיקל דגיל,IL,מגבונים להסרת אי,יחידה,1.00,יחידה,false,1,9.30,9.30,true,1,
7296073363989,false,"סכיני גילוח חד""פ לאשה5יח",,US,"סכיני גילוח חד""פ",יחידה,1.00,יחידה,false,1,8.40,8.40,true,1,
7296073363996,false,"סכיני גילוח חד""פ לגבר5יח",,US,"סכיני גילוח חד""פ",יחידה,1.00,יחידה,false,1,8.40,8.40,true,1,
7296073364719,false,משחת שיניים לילדים גיל 6,MENUFACLURER,BG,משחת שיניים לילד,מיליליטרים,50.00,"100 מ""ל",false,1,6.70,13.40,true,1,
7296073374640,false,Beשעווה למיקרוגל 500גר,ש.שוורץ,IL,שעווה למיקרוגל,גרמים,500.00,100 גרם,false,1,17.00,3.40,true,1,
7296073375104,false,ג'ל רחצה מיסלרי ורוד500מ,BE NOW,IL,ג'ל רחצה מיסל,מיליליטרים,500.00,"100 מ""ל",false,1,11.00,2.20,true,1,
7296073380344,false,גומיות מנומרות שחורות יח,BE NOW,CN,גומיות מנומרות,יחידה,1.00,יחידה,false,1,12.70,12.70,true,1,
7296073380405,false,קליפסים בינונים שקופים 4,BE NOW,CN,קליפסים בינונים,יחידה,1.00,יחידה,false,1,12.70,12.70,true,1,
7296073380634,false,מברשת אובלית לשיער רטוב,BE NOW,CN,מברשת אובלית לשי,יחידה,1.00,יחידה,false,1,34.10,34.10,true,1,
7296073380665,false,מברשת התרת קשרים שחורה,BE NOW,CN,מברשת התרת קשרים,יחידה,1.00,יחידה,false,1,29.80,29.80,true,1,
7296073380825,false,Be ג'ל רחצה מקדמיה 700מ,קוסמטיקס,TR,Be ג'ל רחצה,מיליליטרים,700.00,"100 מ""ל",false,1,11.80,1.69,true,1,
7296073380832,false,Be ג'ל רחצה אורכידאה 700,קוסמטיקס,TR,Be ג'ל רחצה,מיליליטרים,700.00,"100 מ""ל",false,1,11.80,1.69,true,1,
7296073380870,false,דאו גברCookie Night 150,סאסא קוסמטיקס,IL,דאו לגבר,יחידה,1.00,יחידה,false,0,7.60,7.60,true,1,
7296073380894,false,דאו לגבר Vib Morning 150,סאסא קוסמטיקס,IL,דאו לגבר,יחידה,1.00,יחידה,false,0,7.60,7.60,true,1,
7296073380900,false,רצועות שעווה לע.עדין 16י,VIOCOX,ES,רצועות שעווה,יחידה,1.00,יחידה,false,1,18.70,18.70,true,1,
7296073380917,false,רצועות שעווה לפנים 12 יח,VIOCOX,ES,רצועות שעווה,יחידה,1.00,יחידה,false,1,18.70,18.70,true,1,
7296073380924,false,רצועות שעווה לעור יבש 16,VIOCOX,ES,רצועות שעווה,יחידה,1.00,יחידה,false,1,18.70,18.70,true,1,
7296073381174,false,מברשת ספרים עם שיער .,BE NOW,CN,מברשת ספרים,יחידה,1.00,יחידה,false,1,29.80,29.80,true,1,
7296073381228,false,"תחליב רחצה Rose 700 מ""ל",שופרסל,TR,תחליב רחצה,מיליליטרים,700.00,"100 מ""ל",false,1,11.00,1.57,true,1,
7296073381235,false,תחליב רחצה Vanilla 700מ,שופרסל,TR,תחליב רחצה,מיליליטרים,700.00,"100 מ""ל",false,1,11.00,1.57,true,1,
7296073381242,false,"תחליב רחצה Cotton700מ""",שופרסל,TR,תחליב רחצה,מיליליטרים,700.00,"100 מ""ל",false,1,11.00,1.57,true,1,
7296073381358,false,גומיות מסולסלות חומות 3*,BE NOW,CN,גומיות מסולסלות,יחידה,1.00,יחידה,false,1,8.40,8.40,true,1,
7296073381372,false,מברשת ציפורניים NOW יח',,CN,מברשת ציפורניים,יחידה,1.00,יחידה,false,1,8.40,8.40,true,1,
7296073386063,false,סכיני גילוח חד'פ לנשים 2,EDGEWELL,US,סכין גילוח 5 להב,יחידה,1.00,יחידה,false,1,17.00,17.00,true,1,
7296073386292,false,מספרים רב תכליתיים,,CN,מספרים רב תכליתי,יחידה,1.00,יחידה,false,1,15.30,15.30,true,1,
7296073391654,false,מגבונים לחיטוי וניקוי50י,טרופיקל דגיל,IL,מגבונים לניקוי,יחידה,1.00,יחידה,false,1,11.00,11.00,true,1,
7296073408918,false,כפפות L לטקס 100,WEIFANG,CN,כפפות לטקס,יחידה,1.00,יחידה,false,1,17.00,17.00,true,1,
7296073408925,false,כפפות XL לטקס100יח,WEIFANG,CN,כפפות לטקס,יחידה,1.00,יחידה,false,1,17.00,17.00,true,1,
7296073408932,false,מגבונים לחיטוי+ניקוי20יח,,IL,מגבונים לחיטוי20,יחידה,1.00,יחידה,false,1,11.00,11.00,true,1,
7296073415114,false,מגני תחתון נורמל 60 יח,קוראטקס,DE,מגני תחתון B,יחידה,1.00,יחידה,false,1,8.40,8.40,true,1,
7296073415121,false,מגני תחתון לארג' 52 יחיד,קוראטקס,DE,מגני תחתון B,יחידה,1.00,יחידה,false,1,8.40,8.40,true,1,
7296073415138,false,44 מגני תחתון לונג,קוראטקס,DE,מגני תחתון B,יחידה,1.00,יחידה,false,1,8.40,8.40,true,1,
7296073415145,false,60מגני תחתון נערות נורמל,קוראטקס,DE,מגני תחתון B,יחידה,1.00,יחידה,false,1,8.40,8.40,true,1,
7296073415152,false,60מגני תחתון לנערות פלקס,קוראטקס,DE,מגני תחתון B,יחידה,1.00,יחידה,false,1,8.40,8.40,true,1,
7296073441625,false,ג'ל רחצה לגבר 3 ב1- 700מ,טאהא קימיה,TR,ג'ל רחצה לגבר,יחידה,1.00,יחידה,false,0,9.30,9.30,true,1,
7296073441885,false,כריות יפניות אנטיבקטריאל,פלסטו פוליש,IL,כריות יפניות,יחידה,1.00,יחידה,false,1,9.30,9.30,true,1,
7296073444213,false,52 חיתולים שלב 3 שופרסל,די.פי.אל תעשיות מוצרים ח,IL,חיתולים שופרסל,יחידה,1.00,יחידה,false,1,25.50,25.50,true,1,
7296073444220,false,42 חיתולים שלב 4 שופרסל,די.פי.אל תעשיות מוצרים ח,IL,חיתולים שופרסל,יחידה,1.00,יחידה,false,1,25.50,25.50,true,1,
7296073444237,false,40חיתולים שלב 4+ שופרסל,די.פי.אל תעשיות מוצרים ח,IL,חיתולים שופרסל,יחידה,1.00,יחידה,false,1,25.50,25.50,true,1,
7296073444244,false,34 חיתולים שלב 5 שופרסל,די.פי.אל תעשיות מוצרים ח,IL,חיתולים שופרסל,יחידה,1.00,יחידה,false,1,25.50,25.50,true,1,
7296073444251,false,30 חיתולים שלב 6 שופרסל,די.פי.אל תעשיות מוצרים ח,IL,חיתולים שופרסל,יחידה,1.00,יחידה,false,1,25.50,25.50,true,1,
7296073445395,false,"תרחיץ פנים מיסלרי 150מ""ל",קוסמטיקס,TR,תרחיץ פנים מיסלר,יחידה,1.00,יחידה,false,0,8.40,8.40,true,1,
7296073445531,false,"מכשיר גילוח ר""פ גבר6+סכי",EDGEWELL,US,מכשיר גילוח6+סכ.,יחידה,1.00,יחידה,false,0,51.20,51.20,true,1,
7296073445548,false,"מכשיר גילוח ר""פ לנשים2+",EDGEWELL,US,מ.גילוח לנשים,יחידה,1.00,יחידה,false,1,25.50,25.50,true,1,
7296073445555,false,סכיני גילוח רב''פ לנשים,EDGEWELL,US,סכיני גילוח נשים,יחידה,1.00,יחידה,false,1,21.20,21.20,true,1,
7296073445692,false,"מחית תפו""ע בננה שופרסל90",DELAFRUIT,ES,"מחית תפו""ע ובננה",גרמים,90.00,100 גרם,false,1,4.10,4.56,true,1,
7296073449539,false,"סבון קוביה כחול 500 מ""ל",טאהא קימיה,TR,סבון קוביה כחול,מיליליטרים,500.00,"100 מ""ל",false,1,6.70,1.34,true,1,
7296073451181,false,מגבת רחצה עם כובע,SUN,CN,מגבת עם כובע,יחידה,1.00,יחידה,false,1,42.60,42.60,true,1,
7296073451228,false,שמיכת צילום,SUN,CN,שמיכת צילום,יחידה,1.00,יחידה,false,1,25.50,25.50,true,1,
7296073451266,false,דאו.ספריי פרש פאוו150מל,סאסא קוסמטיקס,IL,דאו.ספריי אישה,מיליליטרים,150.00,"100 מ""ל",false,1,9.30,6.20,true,1,
7296073451273,false,דאו.ספריי פרש שאוור150מ,סאסא קוסמטיקס,IL,דאו.ספריי אישה,מיליליטרים,150.00,"100 מ""ל",false,1,9.30,6.20,true,1,
7296073451280,false,דאו.ספרייאנטי פרספפו150מ,סאסא קוסמטיקס,IL,דאו.ספרייאנטי,מיליליטרים,150.00,"100 מ""ל",false,1,9.30,6.20,true,1,
7296073451297,false,"powder freshדאו רול50מ""ל",סאסא קוסמטיקס,IL,דאו.רול און אישה,מיליליטרים,50.00,"100 מ""ל",false,1,8.40,16.80,true,1,
7296073451303,false,"fresh showerדאו.רול50מ""ל",סאסא קוסמטיקס,IL,דאו.רול און אישה,מיליליטרים,50.00,"100 מ""ל",false,1,8.40,16.80,true,1,
7296073451310,false,"fresh pure דאו.רול 50מ""ל",,IL,דאו.רול און אישה,מיליליטרים,50.00,"100 מ""ל",false,1,8.40,16.80,true,1,
7296073456285,false,מחית תפוח מנגו 90 גרם,DELAFRUIT,ES,מחית תפוח וצ'יה,גרמים,90.00,100 גרם,false,1,4.10,4.56,true,1,
7296073457619,false,מחית תפוח דלעת ופשתן 90ג,DELAFRUIT,ES,מחית תפוח דלעת,גרמים,90.00,100 גרם,false,1,4.10,4.56,true,1,
7296073459262,false,"אל סבון לתינוק 750מ""ל",BFF,TR,אל סבון לתינוק,מיליליטרים,750.00,"100 מ""ל",false,1,12.70,1.69,true,1,
7296073459279,false,"תחליב רחצה לתינוק 750מ""ל",BFF,TR,ת.רחצה לתינוק,מיליליטרים,750.00,"100 מ""ל",false,1,12.70,1.69,true,1,
7296073459286,false,"שמפו לתינוק 750 מ""ל",BFF,TR,שמפו לתינוק,מיליליטרים,750.00,"100 מ""ל",false,1,12.70,1.69,true,1,
7296073460381,false,רולר דו צדדי מעסה לעור ה,,CN,רולר דו צדדי מעס,יחידה,1.00,יחידה,false,1,51.20,51.20,true,1,
7296073484462,false,"תחליב ושמפו 2 ב1- 750מ""ל",BFF,TR,תחליב ושמפו 2 ב1,מיליליטרים,750.00,"100 מ""ל",false,1,12.70,1.69,true,1,
7296073485056,false,מפיץ ריח chill ונילה מאס,דרימי,IL,מפיץ ריח chill ו,יחידה,1.00,יחידה,false,1,51.20,51.20,true,1,
7296073485094,false,נר Musk Vanilla,דרימי,IL,נר ונילה מאסק לב,גרמים,200.00,100 גרם,false,1,42.60,21.30,true,1,
7296073485100,false,נר ווד ספייסי שחור,דרימי,IL,נר ווד ספייסי שח,גרמים,200.00,100 גרם,false,1,42.60,21.30,true,1,
7296073485117,false,נר ואנילה מאסק לבן 450 ג,דרימי,IL,נר ואנילה מאסק ל,גרמים,450.00,100 גרם,false,1,59.70,13.27,true,1,
7296073485124,false,נר ספייסי שחור 450 גרם,דרימי,IL,נר ספייסי שחור,גרמים,450.00,100 גרם,false,1,59.70,13.27,true,1,
7296073485148,false,מבשם בית ווד ספייסי 200,דרימי,IL,מבשם בית ווד ספי,מיליליטרים,200.00,"100 מ""ל",false,1,34.10,17.05,true,1,
7296073495963,false,מארז זוגי passion Deep י,א.משי תעשיות,IL,מארז זוגי p Deep,יחידה,1.00,יחידה,false,1,68.20,68.20,true,1,
7296073496472,false,מגבוני נייר טואלט 56 יחי,דינמיק תעשיות מגבונים,IL,מגבוני נ.טואלט,יחידה,1.00,יחידה,false,1,6.70,6.70,true,1,
7296073514930,false,אגוז מלך טבעי בצנצנת140ג,דין שיווק,US,אגוז מלך טבעי,גרמים,140.00,100 גרם,false,1,12.70,9.07,true,1,
7296073514947,false,קשיו ענק טבעי בצנצנת170ג,דין שיווק,US,קשיו ענק,גרמים,170.00,100 גרם,false,1,21.20,12.47,true,1,
7296073514954,false,שקד ענק טבעי בצנצנת200ג,דין שיווק,IL,שקד ענק טבעי,גרמים,200.00,100 גרם,false,1,17.00,8.50,true,1,
7296073514961,false,פקאן טבעי בצנצנת 200גרם,דין שיווק,US,פקאן טבעי 200גרם,גרמים,200.00,100 גרם,false,1,22.90,11.45,true,1,
7296073515043,false,משחת שיניים פחם ומאצ'ה75,MENUFACLURER,BG,משחת שיניים,מיליליטרים,75.00,"100 מ""ל",false,1,12.70,16.94,true,1,
7296073515050,false,"משחת שיניים קוקוס 75 מ""ל",MENUFACLURER,BG,משחת שיניים,מיליליטרים,75.00,"100 מ""ל",false,1,12.70,16.94,true,1,
7296073516286,false,מגבונים לחים לילדים 72*4,"DPL בע""מ",IL,מגבונים לחים,יחידה,1.00,יחידה,false,1,14.40,14.40,true,1,
7296073526919,false,פרל שמפו לשיער מוחלק500מ,א.משי תעשיות,IL,שמפו פרל לשיער,מיליליטרים,500.00,"100 מ""ל",false,1,17.00,3.40,true,1,
7296073526926,false,פרל שמפו לשיער צבוע500מל,א.משי תעשיות,IL,שמפו פרל לשיער,מיליליטרים,500.00,"100 מ""ל",false,1,17.00,3.40,true,1,
7296073526957,false,פרל מסכה לשיער מוחלק500מ,א.משי תעשיות,IL,פרל מסכה לשיער,מיליליטרים,500.00,"100 מ""ל",false,1,25.50,5.10,true,1,
7296073526988,false,"קרם פנים SPF50 הגנה75מ""ל",סאסא קוסמטיקס,IL,קרם הגנה לפנים,מיליליטרים,75.00,"100 מ""ל",false,1,25.50,34.00,true,1,
7296073526995,false,קרם פנים SPF50 לילד75מל,סאסא קוסמטיקס,IL,קרם הגנה לפנים,מיליליטרים,75.00,"100 מ""ל",false,1,25.50,34.00,true,1,
7296073527046,false,סיכה בארט מנומר .,BE NOW,CN,סיכה בארט מנומר,יחידה,1.00,יחידה,false,1,15.30,15.30,true,1,
7296073527060,false,גומיות ורודות לשיער .,BE NOW,CN,גומיות ורודות לש,יחידה,1.00,יחידה,false,1,11.00,11.00,true,1,
7296073528531,false,פרל מסכות לשיער צבוע 500,א.משי תעשיות,IL,פרל מסכות לשיער,מיליליטרים,500.00,"100 מ""ל",false,1,25.50,5.10,true,1,
7296073528777,false,קיסמי אוזניים עץ שק300יח,אל ואי טי,CN,קיסמי אוזניים,יחידה,1.00,יחידה,false,1,5.90,5.90,true,1,
7296073530145,false,ערכת לידה,,IL,ערכת לידה,יחידה,1.00,יחידה,false,1,85.40,85.40,true,1,
7296073531050,false,ספוג הפלא+שכבה ירוקה 6יח,"סדובסקי בע""\מ",IL,ספוג הפלא 6 יח,יחידה,1.00,יחידה,false,1,7.60,7.60,true,1,
7296073531289,false,פדים להסרת איפור אובלי40,LTD CO S.T.O,TR,פדים להסרת איפור,יחידה,1.00,יחידה,false,1,6.70,6.70,true,1,
7296073552758,false,סבון נוזלי מעוצב שחור500,טאהא קימיה,TR,סבון נוזלי,מיליליטרים,500.00,"100 מ""ל",false,1,10.10,2.02,true,1,
7296073552833,false,"סבון נוזלי לבן 500 מ""ל",טאהא קימיה,TR,סבון נוזלי,מיליליטרים,500.00,"100 מ""ל",false,1,10.10,2.02,true,1,
7296073564683,false,BE אל סבון מאסק 1ליטר,טאהא קימיה,TR,BE אל סבון,ליטרים,1.00,ליטר,false,1,10.10,10.10,true,1,
7296073564690,false,BE אל סבון לבנדר 1 ליטר,טאהא קימיה,TR,BE אל סבון,ליטרים,1.00,ליטר,false,1,10.10,10.10,true,1,
7296073564898,false,סבון מוצק צורת כוכב 60גר,"מיידלע סבונים בע""מ",IL,סבון מוצק בצורת,גרמים,60.00,100 גרם,false,1,12.70,21.17,true,1,
7296073565161,false,קוצץ ציפורניים גדול מקצו,BE NOW,CN,קוצץ ציפורניים ג,יחידה,1.00,יחידה,false,1,17.00,17.00,true,1,
7296073566298,false,מטבעות שוקולד חלב 36 גרם,ואל קור קורסניני אס אנ ס,IT,מטבעות שוקולד,גרמים,37.00,100 גרם,false,1,3.30,8.92,true,1,
7296073578178,false,כפפות לטקס M 100 יחידות,COMPANY DR.BOO,TH,כפפות לטקס M,יחידה,1.00,יחידה,false,1,17.00,17.00,true,1,
7296168009631,false,SWEETIE מוצץ גומי אפרסק 0-6,מלאזיה מקס,MY,מוצץ גומי צבעוני,יחידה,1.00,יחידה,false,0,19.50,19.50,true,1,
7296168070600,false,קיסמי שיניים דנטלים+חוט,איתן כללי,IL,קיסמי שיניים דנט,יחידה,1.00,יחידה,false,0,11.00,11.00,true,1,
7296168089169,false,נשכן רשת לפירות,סוויטי,IL,נשכן רשת לפירות,יחידה,1.00,יחידה,false,0,25.50,25.50,true,1,
7296168089183,false,מספריים לתינוק סוויט,סוויטי,IL,מספריים לתינוק,יחידה,1.00,יחידה,false,0,17.00,17.00,true,1,
7296168120558,false,רצועת מסאג' איכותית,איתן כללי,JP,רצועת מסאג' איכו,יחידה,1.00,יחידה,false,0,28.10,28.10,true,1,
7296168705113,false,וולטרס קיסמי שיניים דנטליים,ארוינג טישו,CN,קיסמי שיניים,יחידה,1.00,יחידה,false,0,21.20,21.20,true,1,
7296169000613,false,פינצטה שחורה אלכסון רחבה קייזר,מג'יק,IL,פינצטה שחורה אלכ,יחידה,1.00,יחידה,false,0,21.00,21.00,true,1,
7296169000712,false,"פצירה 7"" כרום קייזר",.D.M.M סוכנויות ומפיצים,IL,"פצירה 7"" כרום קי",יחידה,1.00,יחידה,false,0,17.00,17.00,true,1,
7296169000736,false,מספריים לציפורניים אל-חל,,CN,"מספריים אל-חלד """,יחידה,1.00,יחידה,false,1,68.30,68.30,true,1,
7296169004246,false,מספריים לציפורניים כרום אל-חלד קייזר,.D.M.M סוכנויות ומפיצים,,מספרי קייזר,יחידה,1.00,יחידה,false,0,51.20,51.20,true,1,
7296169500090,false,קוצץ ציפורניים בינוני אל-חלד קייזר,מג'יק,IL,קוצץ ציפורניים ב,יחידה,1.00,יחידה,false,0,17.00,17.00,true,1,
7296169500106,false,קוצץ ציפורניים גדול אל-חלד קייזר,מג'יק,IL,קוצץ ציפורניים ב,יחידה,1.00,יחידה,false,0,25.50,25.50,true,1,
7296179006278,false,שיק לק עמיד 264 יח,שיק לקים,IL,שיק לק עמיד,יחידה,1.00,יחידה,false,0,11.80,11.80,true,1,
7296179006285,false,שיק לק עמיד 308 יח,שיק לקים,IL,שיק לק עמיד,יחידה,1.00,יחידה,false,0,11.80,11.80,true,1,
7296179006292,false,שיק לק עמיד 282 יח,שיק לקים,IL,שיק לק עמיד,יחידה,1.00,יחידה,false,0,11.80,11.80,true,1,
7296179006308,false,שיק לק עמיד 492 יח,שיק לקים,IL,שיק לק עמיד,יחידה,1.00,יחידה,false,0,11.80,11.80,true,1,
7296179007398,false,שיק.מסיר לק אלוורה250 מל,שיק לקים,IL,שיק.מסיר לק אלוו,מיליליטרים,250.00,"100 מ""ל",false,0,14.40,5.76,true,1,
7296179007411,false,שיק.מסיר לק לא אצטון250מ,שיק לקים,IL,שיק.מסיר לק ללא,מיליליטרים,250.00,"100 מ""ל",false,0,14.40,5.76,true,1,
7296179008012,false,שיק לק עמיד 463,שיק לקים,IL,שיק לק עמיד,יחידה,1.00,יחידה,false,0,11.80,11.80,true,1,
7296179008036,false,שיק לק עמיד 456,שיק לקים,IL,שיק לק עמיד,יחידה,1.00,יחידה,false,0,11.80,11.80,true,1,
7296179008043,false,שיק לק עמיד 485,שיק לקים,IL,שיק לק עמיד,יחידה,1.00,יחידה,false,0,11.80,11.80,true,1,
7296179008074,false,מייבש לק עם מברשת שי,שיק לקים,IL,מייבש לכה מהיר,יחידה,1.00,יחידה,false,0,25.50,25.50,true,1,
7296179008241,false,טופ קוט למראה ג'ל בת,שיק לקים,IL,לכה טופ למראה גל,יחידה,1.00,יחידה,false,0,28.10,28.10,true,1,
7296179008319,false,שיק לק עמיד 480 יח,שיק לקים,IL,שיק לק עמיד,יחידה,1.00,יחידה,false,0,11.80,11.80,true,1,
7296179008708,false,לק עמיד 257,שיק לקים,IL,לק 257,יחידה,1.00,יחידה,false,0,11.80,11.80,true,1,
7296179010152,false,שיק לק עמיד 016,שיק לקים,IL,שיק לק עמיד,יחידה,1.00,יחידה,false,0,11.80,11.80,true,1,
7296179010329,false,שיק לק עמיד 033,שיק לקים,IL,שיק לק עמיד,יחידה,1.00,יחידה,false,0,11.80,11.80,true,1,
7296179010435,false,שיק לק עמיד 044,שיק לקים,IL,שיק לק עמיד,יחידה,1.00,יחידה,false,0,11.80,11.80,true,1,
7296179010718,false,שיק לק עמיד 072,שיק לקים,IL,שיק לק עמיד,יחידה,1.00,יחידה,false,0,11.80,11.80,true,1,
7296179010930,false,שיק לק עמיד 094,שיק לקים,IL,שיק לק עמיד,יחידה,1.00,יחידה,false,0,11.80,11.80,true,1,
7296179011012,false,שיק לק עמיד 307,שיק לקים,IL,שיק לק עמיד,יחידה,1.00,יחידה,false,0,11.80,11.80,true,1,
7296179011029,false,שיק לק עמיד 314,שיק לקים,IL,שיק לק עמיד,יחידה,1.00,יחידה,false,0,11.80,11.80,true,1,
7296179011104,false,שיק לק עמיד 218,שיק לקים,IL,שיק לק עמיד,יחידה,1.00,יחידה,false,0,11.80,11.80,true,1,
7296179011142,false,שיק לק עמיד 237,שיק לקים,IL,שיק לק עמיד,יחידה,1.00,יחידה,false,0,11.80,11.80,true,1,
7296179011258,false,שיק לק עמיד 286,שיק לקים,IL,שיק לק עמיד,יחידה,1.00,יחידה,false,0,11.80,11.80,true,1,
7296179011272,false,שיק לק עמיד 230,שיק לקים,IL,שיק לק עמיד,יחידה,1.00,יחידה,false,0,11.80,11.80,true,1,
7296179011470,false,שיק לק עמיד 116,שיק לקים,IL,שיק לק עמיד,יחידה,1.00,יחידה,false,0,11.80,11.80,true,1,
7296179011494,false,שיק לק עמיד 118,שיק לקים,IL,שיק לק עמיד,יחידה,1.00,יחידה,false,0,11.80,11.80,true,1,
7296179011524,false,שיק לק עמיד 201,שיק לקים,IL,שיק לק עמיד,יחידה,1.00,יחידה,false,0,11.80,11.80,true,1,
7296179011685,false,שיק לק עמיד 245,שיק לקים,IL,שיק לק עמיד,יחידה,1.00,יחידה,false,0,11.80,11.80,true,1,
7296179011692,false,שיק לק עמיד 299,שיק לקים,IL,שיק לק עמיד,יחידה,1.00,יחידה,false,0,11.80,11.80,true,1,
7296179011715,false,שיק לק עמיד 214,שיק לקים,IL,שיק לק עמיד,יחידה,1.00,יחידה,false,0,11.80,11.80,true,1,
7296179011722,false,שיק לק עמיד 215,שיק לקים,IL,שיק לק עמיד,יחידה,1.00,יחידה,false,0,11.80,11.80,true,1,
7296179011784,false,לכה טופ מאט,שיק לקים,IL,לכה טופ מאט,יחידה,1.00,יחידה,false,0,18.70,18.70,true,1,
7296179011807,false,Coat Base לכת בסיס,שיק לקים,IL,בייס קוט,יחידה,1.00,יחידה,false,0,14.40,14.40,true,1,
7296179011814,false,לק שכבת הגנה,שיק לקים,IL,טופ קוד,יחידה,1.00,יחידה,false,0,14.40,14.40,true,1,
7296179011821,false,שיק.מדלל לק 20 מ'ל,שיק לקים,IL,שיק.מדלל לק 20 מ,יחידה,1.00,יחידה,false,0,10.10,10.10,true,1,
7296179012002,false,שיק לק עמיד 309,שיק לקים,IL,שיק לק עמיד,יחידה,1.00,יחידה,false,0,11.80,11.80,true,1,
7296179012064,false,שיק לק עמיד 251,שיק לקים,IL,שיק לק עמיד,יחידה,1.00,יחידה,false,0,11.80,11.80,true,1,
7296179012132,false,שיק לק עמיד 289,שיק לקים,IL,שיק לק עמיד,יחידה,1.00,יחידה,false,0,11.80,11.80,true,1,
7296179012309,false,שיק לק עמיד 407,שיק לקים,IL,שיק לק עמיד,יחידה,1.00,יחידה,false,0,11.80,11.80,true,1,
7296179012347,false,שיק לק עמיד 512,שיק לקים,IL,שיק לק עמיד,יחידה,1.00,יחידה,false,0,11.80,11.80,true,1,
7296179012699,false,שיק לק עמיד 420,שיק לקים,IL,שיק לק עמיד,יחידה,1.00,יחידה,false,0,11.80,11.80,true,1,
7296179012712,false,שיק לק עמיד 313,שיק לקים,IL,שיק לק עמיד,יחידה,1.00,יחידה,false,0,11.80,11.80,true,1,
7296179014778,false,לק עמיד 115,שיק לקים,IL,לק 115,יחידה,1.00,יחידה,false,0,11.80,11.80,true,1,
7296179014952,false,לק עמיד 410,שיק לקים,IL,שיק.לק 410,יחידה,1.00,יחידה,false,0,11.80,11.80,true,1,
7296179014969,false,לק עמיד 255,שיק לקים,IL,לק 255,יחידה,1.00,יחידה,false,0,11.80,11.80,true,1,
7296179021004,false,לק עמיד 413,שיק לקים,IL,לק 413,יחידה,1.00,יחידה,false,0,11.80,11.80,true,1,
7296179021035,false,לק עמיד 449,שיק לקים,IL,לק 449,יחידה,1.00,יחידה,false,0,11.80,11.80,true,1,
7296179021059,false,לק עמיד שיק 483,שיק לקים,IL,לק 483,יחידה,1.00,יחידה,false,0,11.80,11.80,true,1,
7296179021677,false,מידנייט WHITE חמאת גוף 300 מל,חלאבין,IL,חמאת גוף 300 מל,מיליליטרים,300.00,"100 מ""ל",false,0,42.60,14.20,true,1,
7296179024579,false,"מסיר לק לימון 100 מ""ל",,IL,מסיר לק לימון,מיליליטרים,100.00,"100 מ""ל",false,1,6.70,6.70,true,1,
7296179024586,false,"מסיר לק לילך י100 מ""ל",,IL,מסיר לק לילך,מיליליטרים,100.00,"100 מ""ל",false,1,6.70,6.70,true,1,
7296179024593,false,"מסיר לק קוקוס 100 מ""ל",,IL,מסיר לק קוקוס,מיליליטרים,100.00,"100 מ""ל",false,1,6.70,6.70,true,1,
7296179024609,false,"מסיר לק תפוח 100 מ""ל",,IL,מסיר לק תפוח,מיליליטרים,100.00,"100 מ""ל",false,1,6.70,6.70,true,1,
7296179028416,false,לק עמיד 818 יח',,IL,לק עמיד 818,יחידה,1.00,יחידה,false,1,11.80,11.80,true,1,
7296179028461,false,לק עמיד 823יח',,IL,לק עמיד 823,יחידה,1.00,יחידה,false,1,11.80,11.80,true,1,
7296179028607,false,סבון נשית קלאסי 250מל,חלאבין,IL,סבון נשית קלאסי,מיליליטרים,250.00,"100 מ""ל",false,1,23.80,9.52,true,1,
7296179028614,false,סבון נשית חמוציות 250מל,חלאבין,IL,סבון נשית חמוציו,מיליליטרים,250.00,"100 מ""ל",false,1,23.80,9.52,true,1,
7296179029642,false,מידנייט WILD דאודורנט רול און 80 מל,חלאבין,IL,רול און 80 מ'ל,מיליליטרים,80.00,"100 מ""ל",false,1,17.00,21.25,true,1,
7296179029673,false,מידנייט WILD דאודורנט ספריי 187 מל,חלאבין,IL,דאו ספריי 187 מל,מיליליטרים,187.00,"100 מ""ל",false,1,17.00,9.09,true,1,
7298074502220,false,בליסטקס ליפ אינפיוזן סגול NOURISH,מדיליין פריגו,US,בליסטקס אינפיוזן,יחידה,1.00,יחידה,false,1,12.70,12.70,true,1,
7298074502268,false,בליסטקס ליפ אינפיוזן כחול HYDRATION,מדיליין פריגו,US,בליסטקס אינפיוזן,יחידה,1.00,יחידה,false,1,12.70,12.70,true,1,
7298074502374,false,בליסטקס ליפ אינפיוזן כתום,מדיליין פריגו,US,בליסטקס אינפיוזן,יחידה,1.00,יחידה,false,1,12.70,12.70,true,1,
7501013101348,false,"נקטר בטעם מנגו 500 מ""ל JUMEX",חומקס קומר קומרסאליזדורה,MX,משקה ג'ומקס מנגו,מיליליטרים,473.00,"100 מ""ל",false,1,7.50,1.59,true,1,
7501013101355,false,"נקטר בטעם אפרסק 500 מ""ל JUMEX",חומקס קומר קומרסאליזדורה,MX,משקה גומקס אפרסק,מיליליטרים,473.00,"100 מ""ל",false,1,7.50,1.59,true,1,
7501013101362,false,"נקטר בטעם קוקוס ואננס 500 מ""ל JUMEX",חומקס קומר קומרסאליזדורה,MX,משקה קוקוס אננס,מיליליטרים,473.00,"100 מ""ל",false,1,7.50,1.59,true,1,
7501013101393,false,"נקטר בטעם אננס טבעי 500 מ""ל JUMEX",חומקס קומר קומרסאליזדורה,MX,משקה ג'ומקס אננס,מיליליטרים,473.00,"100 מ""ל",false,1,7.50,1.59,true,1,
7509546061160,false,"משחת שיניים לילדים מיניונים 2-5 75 מ""ל קולגייט",קולגייט פלמוליב,PL,קולגייט מינייוני,מיליליטרים,75.00,"100 מ""ל",false,1,14.40,19.20,true,1,
7509546061665,false,דאודורנט סטיק ג'ל לגבר 24/7 אקסטרים אינטנס,קולגייט פלמוליב,US,ספיד סטיק ג'ל,גרמים,85.00,100 גרם,false,1,15.20,17.88,true,1,
7509546061672,false,דאודורנט סטיק אקסטרים אינטנס,קולגייט פלמוליב,US,דאו.ספיד סטיק,גרמים,50.00,100 גרם,false,1,15.20,30.40,true,1,
7509546666846,false,"קולגייט טוטאל משחת שיניים פחם 75 מ""ל",קולגייט פלמוליב,MX,טוטאל פחם,מיליליטרים,75.00,"100 מ""ל",false,1,18.70,24.93,true,1,
7509546678702,false,קולגייט משחת שיניים טוטל אנטי טרטר 100 מ,קולגייט-פלמוליב,PL,משחת קולגייט,מיליליטרים,100.00,"100 מ""ל",false,1,13.50,13.50,true,1,
7610400068505,false,לינדט לינדור בונבוניירה שוקולד חלב 200 גרם,לינדט ושפרונגלי קילשברג,CH,בונבונירה לינדור,גרמים,200.00,100 גרם,false,0,19.50,9.75,true,1,
7610472853061,false,מוצצים ביבי סיליקון קצר,ביבי,IL,מוצצים ביבי סילי,יחידה,1.00,יחידה,false,1,17.00,17.00,true,1,
7613036880534,false,גרבר מחית ירקות מעורבים מטרנה 190 גר',נסטלה פולסקה אס.איי,PL,מחית מרק ירקות,גרמים,190.00,100 גרם,false,1,5.90,3.11,true,1,
7613037012200,false,גרבר מחית תפוח גזר ומנגו 90 גרם פאוץ,"מפעל סברס, נסטלה ספרד ס.",PL,גרבר תפוח פאוץ',גרמים,90.00,100 גרם,false,1,5.00,5.56,true,1,
7613039547632,false,גרבר מחית תפוח בננה ותות 90 גרם פאוץ,שוורצקוף& הנקל דיסלד,ES,פאוץ גרבר תפוח,גרמים,90.00,100 גרם,false,1,5.00,5.56,true,1,
7613039547731,false,גרבר מחית תפוח עץ ומשמש 90 גרם פאוץ,"מפעל סברס, נסטלה ספרד ס.",ES,פאוץ גרבר תפוח מ,גרמים,90.00,100 גרם,false,1,5.00,5.56,true,1,
7613039547922,false,גרבר מחית אגס תפוח ובננה 90 גרם פאוץ,נסטלה ספרד,ES,פאוץ גרבר אגס,גרמים,90.00,100 גרם,false,1,5.00,5.56,true,1,
7613039879382,false,גרבר - מחית תפוחי עץ 190 גרם,נסטלה פולסקה אס.איי,PL,גרבר מחי תפוח עץ,גרמים,190.00,100 גרם,false,1,5.90,3.11,false,1,
7613039881521,false,גרבר מחית מרק מנגו 190 גרם,נסטלה פולסקה אס.איי,PL,גרבר מנגו,גרמים,190.00,100 גרם,false,1,5.90,3.11,false,1,
7613039881965,false,גרבר מחית גזר תפוח ומנגו 190 גרם,נסטלה פולסקה אס.איי,PL,גרבר גזר תפוח,גרמים,190.00,100 גרם,false,1,5.90,3.11,false,1,
7613287155832,false,גרבר מחית תפוחי עץ 90 גרם פאוץ,"מפעל סברס, נסטלה ספרד ס.",ES,גרבר תפוח,גרמים,90.00,100 גרם,false,1,5.00,5.56,true,1,
7613287155863,false,מטרנה מחית אגס פאוץ' 90 גר',"מפעל סברס, נסטלה ספרד ס.",ES,גרבר אגס פאוץ,גרמים,90.00,100 גרם,false,1,5.00,5.56,true,1,
7613287155894,false,"גרבר - מחית אפרסק כל""פ פאוץ 90 גרם","מפעל סברס, נסטלה ספרד ס.",ES,גרבר אפרסק,גרמים,90.00,100 גרם,false,1,5.00,5.56,true,1,
7613287155924,false,מטרנה מחית תפוח וגזר פאוץ' 90 גר',"מפעל סברס, נסטלה ספרד ס.",ES,גרבר תפוח,גרמים,90.00,100 גרם,false,1,5.00,5.56,true,1,
7616500642577,false,שוקולד חלב עם אגוזים300ג,צוקולאט פריי אייץגיץ,CH,שוקולד אגוזים,גרמים,300.00,100 גרם,false,0,10.10,3.37,true,1,
7622010001858,false,עוגיות אוראו ממולאות קרם וניל 176 גרם.,פי אר ג'\יי אס אי מנדלז,UA,עוגיות אוראו,גרמים,176.00,100 גרם,false,1,9.30,5.28,true,1,
7622201808631,false,אוראו מיני עוגיות ממולאות קרם וניל 67גרם,פי.טי. מונדלז אינדונ,ID,עוגיות אוראו מינ,גרמים,67.00,100 גרם,false,1,8.90,13.28,true,1,
7622210117762,false,"קוטדור בונבונירה בושה, 200 גרם כשל""פ",מונדלייז,SK,בונבוניירת בושה,גרמים,200.00,100 גרם,false,0,12.70,6.35,true,1,
7622210137234,false,עוגיות אוראו עם דאבל קרים וניל 170 גר,מונדלייז,ES,עוגיות אוראו,גרמים,170.00,100 גרם,false,1,8.40,4.94,true,1,
7622210392589,false,טובלרון טייני שוקולד חלב 200 גרם,מונדלז סוויצרלנד פרודקשן,CH,טובלרון חלב,גרמים,200.00,100 גרם,false,1,11.80,5.90,true,1,
7622210826053,false,שוקולד מילקה אוראו סנדוויץ 92 גר',גיאורי קאקסז קייאףטי,HU,שוקולד מילקה,גרמים,92.00,100 גרם,false,1,8.40,9.13,true,1,
7622210835338,false,אוראו עוגיות ממולאות טעם בראוניז 176 גרם,מנדלז אספנה גאלטס פר,ES,עוגיות אוראו,גרמים,176.00,100 גרם,false,1,9.30,5.28,true,1,
7622300617820,false,מילקה שוקולד חלב במילוי קרם חלב ווניל ושבבי עוגיות אוראו 100 גרם,מנדלז דויצ'\לנד סנקס פרו,DE,שוקולד מילקה,גרמים,100.00,100 גרם,false,0,8.40,8.40,true,1,
7630477891592,false,סטארבקס קפסולות קפה האוס בלנד 10 יחידות,נסטלה שוויץ - קפה,CH,קפסולות Starbuck,גרמים,57.00,100 גרם,false,1,19.50,34.21,true,1,
7630477891615,false,סטארבקס קפסולות קפה סומטרה 10 יחידות,נסטלה שוויץ - קפה,CH,קפסולות Starbuck,גרמים,55.00,100 גרם,false,1,19.50,35.45,true,1,
7630477891691,false,סטארבקס קפסולות קפה קולמביה 10 יחידות,נסטלה שוויץ - קפה,CH,קפסולות Starbuck,גרמים,57.00,100 גרם,false,1,19.50,34.21,true,1,
7630477891714,false,סטארבקס קפסולות קפה אספרסו 10 יחידות,נסטלה שוויץ - קפה,CH,קפסולות Starbuck,גרמים,57.00,100 גרם,false,1,19.50,34.21,true,1,
7630477891738,false,סטארבקס קפסולות קפה אספרסו בלונד 10 יחיד,נסטלה שוויץ - קפה,CH,קפסולות Starbuck,גרמים,53.00,100 גרם,false,1,19.50,36.79,true,1,
7638900426663,false,סוללת אדוונס פורמולה,אנרג'ייזר,CN,סוללות ADVANCED,יחידה,1.00,יחידה,false,1,25.60,25.60,true,1,
7640111494027,false,Cabotine א.ד.ט לאשה,לילית בישום,,Cabotine א.ד.ט,מיליליטרים,100.00,"100 מ""ל",false,0,83.00,83.00,true,1,
7640233340554,false,לה פרפיום מארז לאשה,,IT,לה פרפיום מארז,יחידה,1.00,יחידה,false,1,195.70,195.70,true,1,
7702018085606,false,סכיני גילוח פרוגלייד 8יח,"פרוקטר אנד גמבל, גרמניה",DE,סכיני גילוח 8יח,יחידה,1.00,יחידה,false,1,164.00,164.00,true,1,
7702018321520,false,דאודורנט סטיק לגבר Pro G Arctic ice,תות ממתקי איכות,US,דאודורנט סטיק,מיליליטרים,45.00,"100 מ""ל",false,0,20.00,44.44,true,1,
7702018321582,false,דאודורנט סטיק לגבר Pro G Cool Wave,פרוקטר אנד גמבל,US,דאודורנט סטיק,מיליליטרים,45.00,"100 מ""ל",false,0,20.00,44.44,true,1,
7702018323531,false,ג'ילט - ונוס סמווט' ידית ו2 סכינים,פרוקטר & גמבל,IL,ונוס +SMOOTHסכינ,יחידה,1.00,יחידה,false,1,38.30,38.30,true,1,
7702018347629,false,ונוס אקסטרה סמוט סכיני גילוח רביעייה,ג'ילט ונוס Gillette Venus,PL,גילט רביעית,יחידה,1.00,יחידה,false,1,53.70,53.70,true,1,
7702018441075,false,גילט מארז סכינים פיוזן ידני 12 יחידות,דיפלומט,PL,סכיני גילוח,יחידה,1.00,יחידה,false,1,118.80,118.80,true,1,
7702018464081,false,מכשיר וונוס5+ סכינים,פרוקטר & גמבל,IL,מכשיר ונוס 5+ סכ,יחידה,1.00,יחידה,false,1,42.60,42.60,true,1,
7702018468447,false,גילט בלו 2 פלוס סכינים חד פעמיים עשירייה,פרוקטר אנד גמבל,PL,סכיני גילוח,יחידה,1.00,יחידה,false,1,25.50,25.50,true,1,
7702018469826,false,מכונת גילית פינוס נשים + 3 להבים כחול,ג'\ילט פרוקטר אנד גמבל,DE,ג'ילט מכשיר 3* ס,יחידה,1.00,יחידה,false,1,42.60,42.60,true,1,
7702018470884,false,גילט מארז פיוזן 16 סכיני גילוח,"פרוקטר אנד גמבל, גרמניה",PL,סכיני גילוח,יחידה,1.00,יחידה,false,1,161.50,161.50,true,1,
7702018482740,false,סכיני גילוח ג'ילט ונוס סימפלי 5 יחידות,ג'\ילט,US,ג'ילט ונוס סימפל,יחידה,1.00,יחידה,false,1,10.10,10.10,true,1,
7702018484768,false,מכשיר ונוס פלטינום2+ סכי,פרוקטר & גמבל,US,מכשיר ונוס פלטינ,יחידה,1.00,יחידה,false,1,34.10,34.10,true,1,
7702018489664,false,סכיני גילוח ג'ילט בלו 3,,DE,סכיני גילוח גילט,יחידה,1.00,יחידה,false,1,17.00,17.00,true,1,
7702018544738,false,קינג סי מכונה לעיצוב הזקן גילט,דיפלומט,CA,מכונה לעיצוב זקן,יחידה,1.00,יחידה,false,1,158.00,158.00,true,1,
7702018581443,false,ונוס מכשיר + 8 סכינים מא,ג'\ילט פרוקטר אנד גמבל,PL,ונוס מארז לגילוח,יחידה,1.00,יחידה,false,1,127.30,127.30,true,1,
7702018581467,false,ונוס סווירל מארז ידית מכשיר+8 סכינים,דיפלומט,US,סווירל מארז,יחידה,1.00,יחידה,false,1,127.30,127.30,true,1,
7702018607532,false,ג'ילט פרוגלייד מארז 14 סכינים,"פרוקטר אנד גמבל, גרמניה",DE,סכיני גילוח 14יח,יחידה,1.00,יחידה,false,1,161.50,161.50,true,1,
7702018609130,false,גילט מארז סקינגארד אלוורה 10 סכינים,"פרוקטר אנד גמבל, גרמניה",PL,סכיני גילוח,יחידה,1.00,יחידה,false,1,118.80,118.80,true,1,
7702018911981,false,דאודורנט גל פאוור בי,ג'\ילט פרוקטר אנד גמבל,DE,דאו.קליר ג'ל,מיליליטרים,75.00,"100 מ""ל",false,0,28.10,37.47,true,1,
7702018978106,false,"ג'ילט - דאודורנט ג'ל לגבר ארטיק אייס 70 מ""ל",פרוקטר אנד גמבל,PL,דאו.קליר ג'ל,מיליליטרים,70.00,"100 מ""ל",false,0,14.40,20.57,true,1,
7702018978120,false,"ג'ילט - דאודורנט ג'ל לגבר קול וייב 70 מ""ל",פרוקטר אנד גמבל,PL,דאו.קליר ג'ל,מיליליטרים,70.00,"100 מ""ל",false,0,14.40,20.57,true,1,
7792860006218,false,סוכריות לקקנים בייבי דול Baby Doll לריטר,גוד פוד פרודקטס S.p,AR,בייבי דול לקקן,גרמים,24.00,100 גרם,false,0,1.80,7.50,true,1,
7891024027998,false,קולגייט מי פה טוטאל הגנה מפני אבן 500 מל,קולגייט- פלמוליב,BR,מי פה קולגייט,מיליליטרים,500.00,"100 מ""ל",false,1,15.20,3.04,true,1,
7891024068007,false,קולגייט אורתוגארד מברשת שיניים לניקוי יס,קולגייט פלמוליב,CN,מברשת אורתוגארד,יחידה,1.00,יחידה,false,1,34.10,34.10,true,1,
7891024124826,false,קולגייט משחת אופטיק ספרקלינג וייט 75מל,הנסיך- מפעל לייצור ט,BR,משחת קולגייט,מיליליטרים,75.00,"100 מ""ל",false,0,17.00,22.67,true,1,
7891024179482,false,"שטיפת פה קולגייט אופטיק וייט 500מ""ל",יבואן ומשווק: ש. שסט,PL,מי פה קולגייט,מיליליטרים,500.00,"100 מ""ל",false,0,28.90,5.78,true,1,
8000380004676,false,קוביות וופל סנדוויץ Sandwich עם וניל וחלב,"א. לואקר, קונפקט ג'י",AT,ופלים לואקר,גרמים,200.00,100 גרם,false,0,11.60,5.80,true,1,
8000380004966,false,וופל קוארדטיני לואקר קוביות שוקולד 250ג',קריניציה ויטמינה אס,AT,ופל קואדרטיני,גרמים,250.00,100 גרם,false,0,14.40,5.76,true,1,
8000380007219,false,וופלים בטעם אגוזים לואקר 175 גרם,ליימן מותגים,AT,ופלים לואקר,גרמים,175.00,100 גרם,false,0,10.20,5.83,true,1,
8000380153442,false,וופל קלאסיק בטעם אגוזים לואקר 90 גרם,ליימן שליסל,IT,לואקר קלאסי,גרמים,90.00,100 גרם,false,0,7.50,8.33,true,1,
8000500026731,false,שוקולד ביצי הפתעה קינדר שלישייה,פררו אס.פי.אי,IT,ביצי הפתעה קינדר,גרמים,60.00,100 גרם,false,1,13.60,22.67,true,1,
8000500167656,false,קינדר שוקולד עם דגנים סיריאל 94 ג',פררו,IT,קינדר שוקולד,גרמים,94.00,100 גרם,false,1,7.60,8.09,true,1,
8000500256213,false,קינדר שוקולד מיני בשקית.,פררו - אלבה,IT,שוקולד מיני,גרמים,120.00,100 גרם,false,1,9.50,7.92,true,1,
8000500267103,false,קינדר דליס עוגת ספוג קקאו במילוי חלבי*10,קינדר Kinder,IT,עוגות קינדר דליס,גרמים,390.00,100 גרם,false,1,17.80,4.56,true,1,
8000500269169,false,קינדר קארדס Kinder Cards - חמישייה,קריות זול,IT,קינדר קארדס,גרמים,128.00,100 גרם,false,1,11.80,9.22,true,1,
8000500310397,false,נוטלה עוגיות נוטלה בגליל 12יח' - NUTELLA BISCUITTS,נוטלה Nutella,IT,ביסקוויט נוטלה,גרמים,166.00,100 גרם,false,1,13.50,8.13,true,1,
8000500359358,false,מארז שלישיית עוגיות נוטלה באריזה אישית - NUTELLA BISCUITTS,פררו,IT,ביסקוויט נוטלה,גרמים,41.00,100 גרם,false,1,4.60,11.22,true,1,
8000500366073,false,נוטלה עוגיות נוטלה בשקית 20 יח'- NUTELLA BISCUITTS,נוטלה Nutella,IT,ביסקוויט נוטלה,גרמים,276.00,100 גרם,false,1,20.40,7.39,true,1,
8001090222428,false,"הרבל אסנסס - שמפו חלב קוקוס 400 מ""ל",הרבל אסנס Herbal Essences,FR,שמפו הרבל אסנס,מיליליטרים,400.00,"100 מ""ל",false,1,17.00,4.25,true,1,
8001090222541,false,הרבל אסנסס שמפו תות שדה ומנטה 400 גרם,הרבל אסנס Herbal Essences,FR,שמפו הרבל אסנס,מיליליטרים,400.00,"100 מ""ל",false,1,17.00,4.25,true,1,
8001090222572,false,הרבל אסנסס מרכך תות שדה ומנטה 400 גרם,הרבל אסנס Herbal Essences,FR,מרכך הרבל אסנס,מיליליטרים,400.00,"100 מ""ל",false,1,17.00,4.25,true,1,
8001090222725,false,"הרבל אסנסס - שמפו שמן מורינגה 400 מ""ל",הרבל אסנס Herbal Essences,FR,שמפו הרבל אסנס,מיליליטרים,400.00,"100 מ""ל",false,1,17.00,4.25,true,1,
8001090222756,false,"הרבל אסנסס - מרכך שמן מורינגה 400 מ""ל",הרבל אסנס Herbal Essences,FR,מרכך הרבל אסנסס,מיליליטרים,400.00,"100 מ""ל",false,1,17.00,4.25,true,1,
8001090222848,false,"הרבל אסנסס - שמפו שיקום שמן ארגן 400 מ""ל",הרבל אסנס Herbal Essences,FR,שמפו הרבל אסנס,מיליליטרים,400.00,"100 מ""ל",false,1,17.00,4.25,true,1,
8001090222879,false,"הרבל אסנסס - מרכך שיקום שמן ארגן 400 מ""ל",הרבל אסנס Herbal Essences,FR,מרכך הרבל אסנס,מיליליטרים,400.00,"100 מ""ל",false,1,17.00,4.25,true,1,
8001090290830,false,"אוראל בי משחת שיניים- להלבנה פנינה בוהקת 75 מ""ל",פרוקטר אנד גמבל,DE,משחת אורל בי,מיליליטרים,75.00,"100 מ""ל",false,1,25.50,34.00,true,1,
8001090290939,false,"אוראל בי משחת שיניים- להלבנה לובן בוהק 75 מ""ל",פרוקטר אנד גמבל,DE,משחת אורל בי,מיליליטרים,75.00,"100 מ""ל",false,1,25.50,34.00,true,1,
8001090291035,false,"משחת שיניים 3D white להלבנה רעננות ארקטית 75 מ""ל אורל בי",פרוקטר אנד גמבל,DE,משחת אורל בי,מיליליטרים,75.00,"100 מ""ל",false,1,14.40,19.20,true,1,
8001090336408,false,חיתולים בייבי דריי מידה 3 38 יח' פמפרס,פרוקטר אנד גמבל,DE,פמפרס בייבי,יחידה,1.00,יחידה,false,1,31.50,31.50,true,1,
8001090336446,false,פמפרס בייבי דריי חיתולים מידה 4 34 יח,פרוקטר אנד גמבל,DE,פמפרס בייבי,יחידה,1.00,יחידה,false,1,31.50,31.50,true,1,
8001090336491,false,פמפרס בייבי דריי חיתולים מידה +4 31 יח,פרוקטר אנד גמבל,DE,פמפרס בייבי,יחידה,1.00,יחידה,false,1,31.50,31.50,true,1,
8001090336521,false,פמפרס בייבי דריי חיתולים מידה 5 30 יח,פרוקטר אנד גמבל,DE,פמפרס בייבי,יחידה,1.00,יחידה,false,1,31.50,31.50,true,1,
8001090336606,false,פמפרס בייבי דריי חיתולים מידה 6 26 יח,פרוקטר אנד גמבל,DE,פמפרס בייבי,יחידה,1.00,יחידה,false,1,31.50,31.50,true,1,
8001090364104,false,"משחת שיניים אורל בי G&E אורגינל 75 מ""ל",פרוקטר אנד גמבל,DE,משחת אורל בי,מיליליטרים,75.00,"100 מ""ל",false,1,14.40,19.20,true,1,
8001090364159,false,"משחת שיניים אורל בי G&E רעננות מוגברת 75 מ""ל",פרוקטר אנד גמבל,DE,משחת אורל בי,מיליליטרים,75.00,"100 מ""ל",false,1,14.40,19.20,true,1,
8001090364203,false,"משחת שיניים אורל בי G&E להלבנה עדינה 75 מ""ל",פרוקטר אנד גמבל,DE,משחת אורל בי,מיליליטרים,75.00,"100 מ""ל",false,1,14.40,19.20,true,1,
8001090375230,false,"מרכך מרוכז 200 מ""ל לחות מוגברת ""פנטן""",פרוקטר אנד גמבל,FR,מרכך פנטן,מיליליטרים,200.00,"100 מ""ל",false,1,24.70,12.35,true,1,
8001090375285,false,"מרכך מרוכז למגע רך כמשי 200 מ""ל פנטן",פרוקטר אנד גמבל,FR,מרכך פנטן,מיליליטרים,200.00,"100 מ""ל",false,1,24.70,12.35,true,1,
8001090377487,false,מסכה לשיער פנטן לחות מוגברת 300 מל,פרוקטר אנד גמבל,RO,מסיכה פנטן,מיליליטרים,300.00,"100 מ""ל",false,1,32.30,10.77,true,1,
8001090379337,false,פמפרס פרימיום קר חיתולים שלב 3 40 יח VP,פרוקטר אנד גמבל,PL,פמפרס פרימיום,יחידה,1.00,יחידה,false,1,35.80,35.80,true,1,
8001090379368,false,פמפרס פרימיום קר חיתולים שלב 4 34 יח VP,פרוקטר אנד גמבל,PL,פמפרס פרימיום,יחידה,1.00,יחידה,false,1,35.80,35.80,true,1,
8001090379399,false,פמפרס פרימיום קר חיתולים שלב 5 30 יח VP,פרוקטר אנד גמבל,PL,פמפרס פרימיום,יחידה,1.00,יחידה,false,1,35.80,35.80,true,1,
8001090540577,false,"מי פה אורל בי להלבנה 500 מ""ל",פרוקטר אנד גמבל,DE,מי פה WHITE D,מיליליטרים,500.00,"100 מ""ל",false,1,19.50,3.90,true,1,
8001090580122,false,"הד אנד שולדרס שמפו סופרים משקם 400 מ""ל",פרוקטר אנד גמבל,FR,שמפו הד&שולדרס,מיליליטרים,400.00,"100 מ""ל",false,1,22.90,5.73,true,1,
8001090632715,false,מש.שיניים אורל בי לילדים פרוזן וקארס120ג,פרוקטר אנד גמבל,DE,משחת שיניים לילד,מיליליטרים,75.00,"100 מ""ל",false,1,12.70,16.94,true,1,
8001090678195,false,"הד אנד שולדרס מרכך סופרים לחות 275 מ""ל",פרוקטר אנד גמבל,FR,מרכך הד&שולדרס,מיליליטרים,275.00,"100 מ""ל",false,1,16.10,5.85,true,1,
8001090678225,false,"הד אנד שולדרס מרכך סופרים משקם 275 מ""ל",פרוקטר אנד גמבל,FR,מרכך הד&שולדרס,מיליליטרים,275.00,"100 מ""ל",false,1,16.10,5.85,true,1,
8001090678614,false,"שמפו סופרים לחות הד אנד שולדרס 400 מ""ל",פרוקטר אנד גמבל,FR,שמפו הד&שולדרס,מיליליטרים,400.00,"100 מ""ל",false,1,22.90,5.73,true,1,
8001090832450,false,"שמפו פנטן הנוסחה הקלאסית 660 מ""ל",פרוקטר אנד גמבל,RO,שמפו פנטן,מיליליטרים,660.00,"100 מ""ל",false,1,20.40,3.09,true,1,
8001090832535,false,"שמפו פנטן שמן מרוקאי משקם 660 מ""ל",פרוקטר אנד גמבל,RO,שמפו פנטן,מיליליטרים,660.00,"100 מ""ל",false,1,20.40,3.09,true,1,
8001090832573,false,"שמפו פנטן לחות מוגברת 660 מ""ל",פרוקטר אנד גמבל,RO,שמפו פנטן,מיליליטרים,660.00,"100 מ""ל",false,1,20.40,3.09,true,1,
8001090832610,false,"שמפו פנטן למגע רך כמשי 660 מ""ל",פרוקטר אנד גמבל,RO,שמפו פנטן,מיליליטרים,660.00,"100 מ""ל",false,1,20.40,3.09,true,1,
8001090832696,false,"פנטן שמפו לתלתלים מושלמים 660 מ""ל",פרוקטר אנד גמבל,RO,שמפו פנטן,מיליליטרים,660.00,"100 מ""ל",false,1,20.40,3.09,true,1,
8001090832771,false,"פנטן שמפו להזנת קרטין 660 מ""ל",פרוקטר אנד גמבל,RO,שמפו פנטן,מיליליטרים,660.00,"100 מ""ל",false,1,20.40,3.09,true,1,
8001090832818,false,מרכך פנטן הנוסחה הקלאסית לשיער רגיל ומעורב,פרוקטר אנד גמבל,RO,מרכך פנטן,מיליליטרים,660.00,"100 מ""ל",false,1,20.40,3.09,true,1,
8001090832856,false,"פנטן 660 מ""ל קונדישינר מרוקאי משקם",פרוקטר אנד גמבל,RO,מרכך פנטן,מיליליטרים,660.00,"100 מ""ל",false,1,20.40,3.09,true,1,
8001090832894,false,מרכך לשיער חלש ופגום לחות מוגברת,פרוקטר אנד גמבל,RO,מרכך פנטן,מיליליטרים,660.00,"100 מ""ל",false,1,20.40,3.09,true,1,
8001090832931,false,"פנטן 660 מ""ל קונדישינר למגע רך כמשי",פרוקטר אנד גמבל,RO,מרכך פנטן,מיליליטרים,660.00,"100 מ""ל",false,1,20.40,3.09,true,1,
8001090856005,false,פאנטן 200 מרכך הקסם סופר פוד,פרוקטר אנד גמבל,RO,פנטן מרכך הקסם,מיליליטרים,200.00,"100 מ""ל",false,1,24.70,12.35,true,1,
8001090861276,false,"פנטן קונדישנר סופר פוד 660 מ""ל",פרוקטר אנד גמבל,RO,מרכך פנטן,מיליליטרים,660.00,"100 מ""ל",false,1,20.40,3.09,true,1,
8001090883490,false,הד&שולדרס קולור פרפקט400,פרוקטר אנד גמבל,FR,הד&שולדרס קולור,מיליליטרים,400.00,"100 מ""ל",false,1,22.90,5.73,true,1,
8001090899194,false,תחבושות אולוויז פלטינום נורמל 24 יחידות,פרוקטר אנד גמבל,DE,תחבושות אולוויז,יחידה,1.00,יחידה,false,1,22.10,22.10,true,1,
8001090899224,false,תחבושות אולוויז פלטינום לונג 20 יחידות,פרוקטר אנד גמבל,DE,תחבושות אולוייז,יחידה,1.00,יחידה,false,1,22.10,22.10,true,1,
8001090899255,false,תחבושות אולוויז פלטינום לילה 16 יחידות,פרוקטר אנד גמבל,DE,תחבשות אולוויז,יחידה,1.00,יחידה,false,1,22.10,22.10,true,1,
8001090899286,false,תחבושות אולוויז פלטינום לילה בטוח 14 יח',פרוקטר אנד גמבל,DE,תחבושות אולוויז,יחידה,1.00,יחידה,false,1,22.10,22.10,true,1,
8001090992338,false,פיירי טבליות למדיח פלטינום פלוס 50 יחידו,פרוקטר אנד גמבל,BE,פיירי טב' למדיח,יחידה,1.00,יחידה,false,1,58.80,58.80,true,1,
8001090993502,false,טמפקס כותנה סופר 16 יח',פרוקטר אנד גמבל,US,טמפקס כותנה סופר,יחידה,1.00,יחידה,false,1,20.40,20.40,true,1,
8001359108319,false,ספא פארמה קרם יום 50 SPF25מ'ל,ספא פארמה,IL,קרם לחות יום,מיליליטרים,50.00,"100 מ""ל",false,0,17.00,34.00,true,1,
8001359108326,false,ספא פארמה קרם לעור רגיל ומעורב 50מ'ל,פאר פארם.,IL,קרם לחות ים המלח,מיליליטרים,50.00,"100 מ""ל",false,0,16.60,33.20,true,1,
8001359108357,false,ספא פארמה קרם עיניים אינטנסיבי 30מ'ל,ספא פארמה,IL,קרם עיניים,מיליליטרים,30.00,"100 מ""ל",false,0,21.20,70.67,true,1,
8001359108579,false,ספא פארמה סרום אנטי אייג'ינג 30מ'ל,פאר פארם.,IL,סרום פנים ים המל,יחידה,1.00,יחידה,false,0,17.00,17.00,true,1,
8001620015636,false,"משקה פירות פרוטה-מיקס פירות 400 מ""ל סאן בנדטו",אקווה מינרלה סאן בנדטו ב,IT,משקה פרוטה,מיליליטרים,400.00,"100 מ""ל",false,1,6.80,1.70,true,1,
8001620018408,false,"משקה פירות בטעם מנגו תפוח 400 מ""ל פרוטה",אקווה מינרלה סאן בנדטו ב,IT,פרוטה מנגו תפוח,מיליליטרים,400.00,"100 מ""ל",false,1,6.80,1.70,true,1,
8001620019160,false,"סן בנדטו מים מינרלים בטעם אפרסק 500 מ""ל",אקווה מינרלה סאן בנדטו ב,IT,סאן בנדטו אפרסק,מיליליטרים,400.00,"100 מ""ל",false,1,5.90,1.48,true,1,
8001620019177,false,"סן בנדטו מים מינרלים בטעם ענבים 500 מ""ל",אקווה מינרלה סאן בנדטו ב,IT,סאן סנדטו ענבים,מיליליטרים,400.00,"100 מ""ל",false,1,5.90,1.48,true,1,
8001841006710,false,לנור כדוריות הריח בניחוח רענן 210 גרם,פרוקטר אנד גמבל,US,לנור מבשם כביסה,גרמים,210.00,100 גרם,false,1,29.80,14.19,true,1,
8001841053684,false,תחבושות אולוויז עבה לונג פלוס 12 יחידות,פרוקטר אנד גמבל )ראה קוד,HU,תחבושות אולוויז,יחידה,1.00,יחידה,false,1,11.80,11.80,true,1,
8001841053806,false,תחבושות היגייניות אולוויז מקסי עבה לילה,פרוקטר אנד גמבל,HU,תחבושות אולוויז,יחידה,1.00,יחידה,false,1,11.80,11.80,true,1,
8001841062624,false,פמפרס מגבונים לחים ללא בישום רביעייה,פרוקטר אנד גמבל.,DE,מגבוני פמפרס 4יח,יחידה,1.00,יחידה,false,1,15.20,15.20,true,1,
8001841077949,false,מארז מגבוני פמפרס בניחוח מרענן - רביעייה,פרוקטר אנד גמבל,DE,מגבוני פמפרס 4יח,יחידה,1.00,יחידה,false,1,15.20,15.20,true,1,
8001841104751,false,פמפרס פרימיום קר חיתולים שלב 1 52 יח VP,פרוקטר אנד גמבל,PL,פמפרס,יחידה,1.00,יחידה,false,1,34.10,34.10,true,1,
8001841104799,false,פמפרס פרימיום קר חיתולים שלב 2 46 יח VP,פרוקטר אנד גמבל,PL,פמפרס,יחידה,1.00,יחידה,false,1,34.10,34.10,true,1,
8001841105093,false,פמפרס פרימיום קר חיתולים שלב 6 26 יח VP,פרוקטר אנד גמבל,PL,פמפרס,יחידה,1.00,יחידה,false,1,35.80,35.80,true,1,
8001841137667,false,הד&שולדרס מרכך בניחוח תפוח 275 מל,פרוקטר אנד גמבל,RO,קונדיש.הד&שולדרס,מיליליטרים,275.00,"100 מ""ל",false,1,16.10,5.85,true,1,
8001841272757,false,אורל-בי משחת שיניים להלבנה פחם- לניקוי עמוק,פרוקטור אנד גמבל,DE,משחת אורל בי,מיליליטרים,75.00,"100 מ""ל",false,1,27.20,36.27,true,1,
8001841410524,false,שמפו הד&שולדרס קוקוס600מ,פרוקטר אנד גמבל,RO,שמפו הד&שולדרס,מיליליטרים,600.00,"100 מ""ל",false,1,22.10,3.68,true,1,
8001841413334,false,קונד.הד&שולדרס קוקוס275מ,פרוקטר אנד גמבל,RO,קונדיש.הד&שולדרס,מיליליטרים,275.00,"100 מ""ל",false,1,16.10,5.85,true,1,
8001841427164,false,אולוויז פרו פרש מגן תחתון 4ב-1 לארג 40,פרוקטר אנד גמבל,DE,מגן תחתון פרו פר,יחידה,1.00,יחידה,false,1,17.00,17.00,true,1,
8001841500799,false,"הרבל אסנסס - שמפו ללא סולפטים אלוורה ומנגו 380 מ""ל",הרבל אסנס Herbal Essences,FR,שמפו ללא סולפטים,מיליליטרים,380.00,"100 מ""ל",false,1,22.10,5.82,true,1,
8001841500942,false,"הרבל אסנסס - שמפו ללא סולפטים אלוורה ובמבוק 380 מ""ל",הרבל אסנס Herbal Essences,FR,שמפו ללא סולפטים,מיליליטרים,380.00,"100 מ""ל",false,1,22.10,5.82,true,1,
8001841502298,false,"הרבל אסנסס - מרכך ללא סולפטים אלוורה ומנגו 275 מ""ל",הרבל אסנס Herbal Essences,FR,מרכך ללא סולפטים,מיליליטרים,275.00,"100 מ""ל",false,1,22.10,8.04,true,1,
8001841502601,false,"הרבל אסנסס - מרכך ללא סולפטים אלוורה ובמבוק 275 מ""ל",הרבל אסנס Herbal Essences,FR,מרכך ללא סולפטים,מיליליטרים,275.00,"100 מ""ל",false,1,22.10,8.04,true,1,
8001841660257,false,מסכת מינרלס במבוק לשיער חזק וארוך,פנטן Pantene,FR,פנטן מיראקלס במב,מיליליטרים,160.00,"100 מ""ל",false,1,16.10,10.06,true,1,
8001841660530,false,קרם לחות מינרלס במבוק + חלבון משקם לשיער ארוך,פנטן Pantene,FR,קרמ פנטן מיראקלס,גרמים,270.00,100 גרם,false,1,20.40,7.56,true,1,
8001841669465,false,קפסולות לכביסה אריאל בניחוח לנור 24 יחידות,פרוקטר אנד גמבל,FR,קפסולות גל כביסה,יחידה,1.00,יחידה,false,1,32.30,32.30,true,1,
8001841722221,false,אולוויז מגן תחתון ביג פק לארג 48 יחידות,,DE,מגן תחתון אולווי,יחידה,1.00,יחידה,false,1,15.20,15.20,true,1,
8001841722306,false,אולוויז מגן תחתון וליופק לונג פלוס 40 יח,פרוקטר & גמבל,DE,מגן תחתון לונג פ,יחידה,1.00,יחידה,false,1,15.20,15.20,true,1,
8001841837239,false,הרבל אסנס מרכך ללא סולפטים שמן אבוקדו,דיפלומט,FR,מרכך הרבל,מיליליטרים,275.00,"100 מ""ל",false,1,22.10,8.04,true,1,
8001841841373,false,הרבל אסנס שמפו ללא סולפטים שמן אבוקדו,דיפלומט,FR,שמפו הרבל,מיליליטרים,380.00,"100 מ""ל",false,1,22.10,5.82,true,1,
8001841943961,false,לנור כדוריות בושם בניחוח אוקיינוס 210 גר,פרוקטר אנד גמבל,US,לנור מבשם כביסה,גרמים,210.00,100 גרם,false,1,29.80,14.19,true,1,
8001841971261,false,תחבושות אולוויז כפול נורמל 28 יח,פרוקטר & גמבל,DE,אולוויז תחבושות,יחידה,1.00,יחידה,false,1,15.20,15.20,true,1,
8002110383709,false,נוטרוגינה ס.נורבגית ק.ידיים לא מבושם 50מל,ניוטרוג'ינה Neutrogena,FR,קרם ידיים,מיליליטרים,50.00,"100 מ""ל",false,0,24.70,49.40,true,1,
8005200486526,false,"נסטי, תה קר בטעם אפרסק 500 מל",מפעל סאנפלגרינו S.p.,IT,נסטי בטעם אפרסק,מיליליטרים,500.00,"100 מ""ל",false,0,5.00,1.00,true,1,
8005610298924,false,בוס דה סנט א.אדפ100 מל,לילית-בוס,GR,בוס דה סנט א.אדפ,מיליליטרים,100.00,"100 מ""ל",false,0,323.90,323.90,true,1,
8005610328256,false,גוצי אוד אדפ 100מל,לילית בישום,GR,גוצי אוד אדפ 100,מיליליטרים,100.00,"100 מ""ל",false,1,597.40,597.40,true,1,
8005610481005,false,"בלום אדפ לאישה 100 מ""ל - גוצ'י",P&G לילית,GR,גוצ'י בלום אדפ,מיליליטרים,100.00,"100 מ""ל",false,0,494.80,494.80,true,1,
8006540051054,false,פנטן מיראקלס שמפו ללא סולפטים 225 מל,דיפלומט,BE,שמפו פנטן,מיליליטרים,225.00,"100 מ""ל",false,1,18.70,8.31,true,1,
8006540088692,false,הרבל אסנס מסכה אינטנסיבית ארגן 450 מל,S BLOIS GAMBLE & PROCTER,FR,הרבל אסנס מסכה,מיליליטרים,450.00,"100 מ""ל",false,1,41.70,9.27,true,1,
8006540110317,false,שמפו מינרלס ביוטין + במבוק לשיער חזק וארוך,פנטן Pantene,RO,פנטן מיראקלס,גרמים,400.00,100 גרם,false,1,16.10,4.02,true,1,
8006540112793,false,"מרכך כביסה מרוכז בניחוח יסמין לנור 900 מ""ל",פרוקטר אנד גמבל,US,לנור מרכך מרוכז,מיליליטרים,900.00,"100 מ""ל",false,1,17.00,1.89,true,1,
8006540112823,false,"לנור מרכך כביסה מרוכז בניחוח האוקיינוס 900 מ""ל",פרוקטר אנד גמבל,FR,לנור מרכך מרוכז,מיליליטרים,900.00,"100 מ""ל",false,1,17.00,1.89,true,1,
8006540157374,false,מרכך מינרלס ביוטין + במבוק לשיער חזק וארוך,פנטן Pantene,FR,פנטן מיראקלס,מיליליטרים,275.00,"100 מ""ל",false,1,16.10,5.85,true,1,
8006540221068,false,מגן תחתון אלוויז וליופק לונג פלוס 40 יחי',פרוקטר & גמבל,DE,מגן תחתון אולווי,יחידה,1.00,יחידה,false,1,15.20,15.20,true,1,
8006540221341,false,אולוויז מגן תחתון וליופק לארג' 48 יחידות,,DE,מגן תחתון אולווי,יחידה,1.00,יחידה,false,1,15.20,15.20,true,1,
8006540221426,false,מגן תחתון דייליס סלים 74,,DE,מגן תחתון דייליס,יחידה,1.00,יחידה,false,1,15.20,15.20,true,1,
8006540221464,false,מגן תחתון אולוויז וליופק נורמל 56 יחידות,,DE,מגן תחתון אולווי,יחידה,1.00,יחידה,false,1,15.20,15.20,true,1,
8006540222089,false,פמפרס מגבונים היגיינים לתינוקות וילדים TO GO 40 יח',פרוקטור אנד גמבל,DE,מגבוני פמפרס,יחידה,1.00,יחידה,false,1,6.70,6.70,true,1,
8006540358498,false,טמפקס פרל סופר-פלוס 18 יחידות חדש,פרוקטר אנד גמבל,HU,טמפקס,יחידה,1.00,יחידה,false,1,20.00,20.00,true,1,
8006540385029,false,הד&שולדרס MEN שמפו ומרכך 2ב-1 אולטרא 540,URLATI GAMBLE & PROCTER,RO,הד&שולדרס מן 2ב1,מיליליטרים,540.00,"100 מ""ל",false,1,22.90,4.24,true,1,
8006540385067,false,הד&שולדרס MEN שמפו אולטרא ספורט מרענן540,URLATI GAMBLE & PROCTER,RO,ה&ש שמפו מן,מיליליטרים,540.00,"100 מ""ל",false,1,22.90,4.24,true,1,
8006540404850,false,דיסקריט תחבושות לבריחת שתן לונג 10 יח,פרוקטר & גמבל,DE,דיסקריט תחבושות,יחידה,1.00,יחידה,false,1,20.40,20.40,true,1,
8006540404935,false,דיסקריט תחבושות לבריחת שתן נורמל 12 יח,פרוקטר & גמבל,DE,דיסקריט תחבושות,יחידה,1.00,יחידה,false,1,20.40,20.40,true,1,
8006540405031,false,דיסקריט תחבושות לבריחת שתן סמול פלוס 16,פרוקטר & גמבל,DE,דיסקריט תחבושות,יחידה,1.00,יחידה,false,1,20.40,20.40,true,1,
8006540406694,false,פמפרס בייבי דריי פנטס מידה 4 42 יח,דיפלומט,PL,פמפרס מכנסונים,יחידה,1.00,יחידה,false,1,46.90,46.90,true,1,
8006540406724,false,פמפרס בייבי דריי פנטס מידה 5 38 יח,דיפלומט,PL,פמפרס מכנסונים,יחידה,1.00,יחידה,false,1,46.90,46.90,true,1,
8006540406793,false,פמפרס בייבי דריי פנטס מידה 6 34 יח,דיפלומט,PL,פמפרס מכנסונים,יחידה,1.00,יחידה,false,1,46.90,46.90,true,1,
8006540407684,false,דיסקריט תחבושות לבריחת שתן לילה 8 יח,דיפלומט,DE,תחבושות לילה,יחידה,1.00,יחידה,false,1,20.40,20.40,true,1,
8006540410905,false,הד&שולדרס 7 יתרונות ב-1 עמידות השיער 450,S BLOIS GAMBLE & PROCTER,FR,ה&ש שמפו 7 ב1-,מיליליטרים,450.00,"100 מ""ל",false,1,22.10,4.91,true,1,
8006540410967,false,הד&שולדרס 7 יתרונות ב-1 רב פעולות 450,S BLOIS GAMBLE & PROCTER,FR,הד&שולדרס שמפו,גרמים,450.00,100 גרם,false,1,22.10,4.91,true,1,
8006540428368,false,חיתולי פמפרס בייבי דרי מידה 1 40 יחדות,פרוקטר אנד גמבל,TR,פמפרס בייבי דרי,יחידה,1.00,יחידה,false,1,31.50,31.50,true,1,
8006540495186,false,לנור מרכך כביסה מרוכז רגיש בייבי 900 מל,פרוקטר אנד גמבל,FR,מרכך כביסה בייבי,מיליליטרים,900.00,"100 מ""ל",false,1,17.00,1.89,true,1,
8006540592434,false,אולוויז תחבושות נורמל 28 יח,פרוקטר & גמבל,HU,תחבושות אולטרא,יחידה,1.00,יחידה,false,1,15.20,15.20,true,1,
8006540592465,false,אולוויז תחבושות לונג 24 יח,פרוקטר & גמבל,HU,תחבושות לונג,יחידה,1.00,יחידה,false,1,15.20,15.20,true,1,
8006540592496,false,תחבושות אולוויז אולטרא כפול לילה 20 יח,פרוקטר & גמבל,HU,תחבושות כפול ליל,יחידה,1.00,יחידה,false,1,15.20,15.20,true,1,
8011003801619,false,ורסאצה פור הום אדט200גבר,,IT,ורסאצה פור הום,מיליליטרים,200.00,"100 מ""ל",false,1,341.00,170.50,true,1,
8011003803132,false,"ורסצ'ה אדט 200 מ""ל",לילית בישום,IT,ורסצ'ה אדט 200,מיליליטרים,200.00,"100 מ""ל",false,0,323.90,161.95,true,1,
8011003804566,false,ורסצ'ה ילו דיאמונד 90 מל,לילית בישום,IT,ורסצ'ה ילו דיאמו,מיליליטרים,90.00,"100 מ""ל",false,0,272.60,302.89,true,1,
8011003809219,false,VERSACE EROS EDT 100 ML,לילית בישום,IT,EROS א.ד.ט לגבר,מיליליטרים,100.00,"100 מ""ל",false,0,229.90,229.90,true,1,
8011003813858,false,"ארוס אדט 200 מ""ל",,IT,"ארוס אדט 200 מ""ל",מיליליטרים,200.00,"100 מ""ל",false,1,341.00,170.50,true,1,
8011003817498,false,"ברייט קריסטל אדט 200 מ""ל",,IT,ברייט קריסטל אדט,מיליליטרים,200.00,"100 מ""ל",false,1,426.50,213.25,true,1,
8011003818112,false,BRIGHT CRYSTAL ABSOLU EDP 90 ML,לילית בישום,IT,CRYSTAL BRIGHT,מיליליטרים,90.00,"100 מ""ל",false,0,255.50,283.89,true,1,
8011003823093,false,יילו דיאמונד אינטנס 90מל,לילית בישום,IL,יילו דיאמונד אינ,מיליליטרים,90.00,"100 מ""ל",false,0,272.60,302.89,true,1,
8011003826490,false,"ורסצ'ה פור הום דילאן בלו א.ד.ט 200 מ""ל",לילית בישום,IT,ורסצ'ה דילן בלו,מיליליטרים,200.00,"100 מ""ל",false,0,341.00,170.50,true,1,
8011003838493,false,"מיסוני פור הום 100 מ""ל",לילית בישום,IT,מיסוני אדפ,מיליליטרים,100.00,"100 מ""ל",false,0,211.00,211.00,true,1,
8011003845705,false,"WOOD א.ד.ט לגבר 100 מ""ל",,IT,WOOD א.ד.ט לגבר,מיליליטרים,100.00,"100 מ""ל",false,1,314.50,314.50,true,1,
8011003861224,false,EROS א.ד.פ לגבר וסצ'ה,,IT,EROS א.ד.פ לגבר,מיליליטרים,100.00,"100 מ""ל",false,1,272.60,272.60,true,1,
8011003872077,false,EROS VERSACE א.ד.פ 100,,FR,EROS VERSACE א.,מיליליטרים,100.00,"100 מ""ל",false,1,341.00,341.00,true,1,
8011003876594,false,מארז ברייט קריסטל לאישה,EUROITALIA,IT,מארז ברייט קריסט,יחידה,1.00,יחידה,false,1,323.90,323.90,true,1,
8011003876709,false,מארז קריסטל נויר לאישה,EUROITALIA,IT,מארז קריסטל נויר,יחידה,1.00,יחידה,false,1,323.90,323.90,true,1,
8011003876761,false,מארז דילן בלו לאישה,EUROITALIA,IT,מארז דילן בלו לא,יחידה,1.00,יחידה,false,1,323.90,323.90,true,1,
8011003876808,false,מארז דילן טורקיז לאישה,EUROITALIA,IT,מארז דילן טורקיז,יחידה,1.00,יחידה,false,1,315.30,315.30,true,1,
8011003993819,false,"ורסצ'ה ברייט קריסטל א.ד.ט 50 מ""ל",לילית בישום,IT,CRYSTAL BRIGHT,מיליליטרים,50.00,"100 מ""ל",false,0,221.30,442.60,true,1,
8011003993826,false,RSACE BRIGHT CRYSTAL EDT VAPO 90ML,לילית בישום,IT,CRYSTAL BRIGHT,מיליליטרים,90.00,"100 מ""ל",false,0,323.90,359.89,true,1,
8011003995967,false,homme pour א.ד.ט לגבר,לילית בישום,IT,homme pour א.ד.ט,מיליליטרים,100.00,"100 מ""ל",false,0,229.90,229.90,true,1,
8011003997022,false,"ורסצ'ה ורסנס אדט 100 מ""ל",לילית בישום,IT,ורסצ'ה ורסנס אדט,מיליליטרים,100.00,"100 מ""ל",false,0,221.30,221.30,true,1,
8011530000134,false,רומא UOMO א.ד.ט לגבר125מ,דיפלומט-רומא,IL,UOMO א.ד.ט לגבר,מיליליטרים,125.00,"100 מ""ל",false,0,169.00,135.20,true,1,
8016741072482,false,קירקה אסקטריט אדפ 100מל,,IT,קירקה אסקטריט אד,מיליליטרים,100.00,"100 מ""ל",false,1,426.50,426.50,true,1,
8017331031407,false,"BIOREPAIR - משחת שיניים להגנה מלאה 75 מ""ל",זר טכנולוגיות,IT,ביוריפאיר מ.להגנ,מיליליטרים,75.00,"100 מ""ל",false,0,11.00,14.67,true,1,
8017331074039,false,בלנקס משחת שיניים פחם שחורה להלבנה 75 מל,זר הייטק,IT,משחת שיניים פחם,מיליליטרים,75.00,"100 מ""ל",false,1,15.20,20.27,true,1,
8018080355882,false,אוזניות בלוטוס סטיראו MUSIC SOUND שחור,פוג'יקום,CN,אוזניות בלוטות',יחידה,1.00,יחידה,false,1,85.30,85.30,true,1,
8018080412066,false,אוזניות בלוטוס סטיראו MUSIC SOUND לבן,פוג'יקום,CN,אוזניות בלוטות',יחידה,1.00,יחידה,false,1,85.30,85.30,true,1,
8018365500037,false,ורסצ'ה או פראש אדט 100מל,לילית בישום,IT,ורסצ'ה או פראש א,מיליליטרים,100.00,"100 מ""ל",false,0,212.80,212.80,true,1,
8028713240324,false,edc quercia colonia 180,,IL,quercia colonia,מיליליטרים,180.00,"100 מ""ל",false,1,1238.40,688.00,true,1,
8033488156329,false,XERJOFF ERBA PURA EDP 100ML,קסרג'וף,FR,ארבה פיורה אדפ,מיליליטרים,100.00,"100 מ""ל",false,0,853.80,853.80,true,1,
8053853182548,false,FROZENממחטות נייר מצויירות 6יח',,IL,ממחטות נייר 6 יח,יחידה,1.00,יחידה,false,1,8.40,8.40,true,1,
8058045432920,false,טרוסרדי לברירו אישה100מל,S.P.A BEAUTY ANGELINI,IT,טרוסרדי לברירו ק,מיליליטרים,100.00,"100 מ""ל",false,1,400.80,400.80,true,1,
8058045432937,false,לברירו קולקשיין גבר100מל,S.P.A BEAUTY ANGELINI,IT,טרוסרדי לברירו ק,מיליליטרים,100.00,"100 מ""ל",false,1,383.70,383.70,true,1,
8410076600622,false,חטיפי גרנולה קראנצ'י עם שוקולד מריר נייצ'ר ואלי 210 גרם,ג'נרל מילס סאן אדריאן,ES,נייצר וואלי שוקו,גרמים,210.00,100 גרם,false,0,13.50,6.43,true,1,
8410076610379,false,"חטיף בוטנים, חלבון סויה ושוקולד מריר עם ציפוי בטעם שוקולד",סריילטו ספיין פודס,ES,נייטשר וואלי,גרמים,160.00,100 גרם,false,1,22.90,14.31,true,1,
8410076610386,false,נייטשר ואלי פרוטאין בוטנים עם ציפוי בטעם קרמל מלוח 160 ג',ג'\נרל מילס סאן אדריאן S,ES,נייטשר וואלי 4יח,גרמים,160.00,100 גרם,false,1,22.90,14.31,true,1,
8410076610492,false,חטיף שיבולת שועל מלאה ובוטנים בציפוי עם חמאת בוטנים,יבואן ומשווק: ש. שסט,GB,חטיפי צ'ואי 5 יח,גרמים,150.00,100 גרם,false,1,13.50,9.00,true,1,
8410076610508,false,"חטיף שיבולת שועל מלאה עם בוטנים, שקדים ושוקולד מריר בציפוי בטעם שוקולד",נייצ'ר ואלי Nature Valley,ES,חטיפי צ'ואי 5 יח,גרמים,150.00,100 גרם,false,1,13.50,9.00,true,1,
8410076621047,false,עוגות אישיות בטעם שוקולד עם חתיכות בטעם שוקולד,"גלאטס סירו בע""\מ",ES,חטיפי פייבר 1,גרמים,120.00,100 גרם,false,1,11.00,9.17,true,1,
8410104511340,false,ויט רצועות שעווה מוכנות לעור יבש 12 יחידות,רקיט בנקיזר צרפת,FR,רצועות שעווה ויט,יחידה,1.00,יחידה,false,0,33.20,33.20,true,1,
8411061027837,false,בד בוי קובלט אדפ 100 מ,,ES,בד בוי קובלט,מיליליטרים,100.00,"100 מ""ל",false,1,358.90,358.90,true,1,
8411061043868,false,CAROLINA HERRERA MEN E.D.T SP. 100ML,לילית בישום,ES,212 א.ד.ט לגבר,מיליליטרים,100.00,"100 מ""ל",false,1,213.60,213.60,true,1,
8411061045756,false,ROSE 212VIPאדפ+תחליב גוף,PUIG בישום,ES,ROSE 212VIP אדפ,יחידה,1.00,יחידה,false,1,238.40,238.40,true,1,
8411061046203,false,סט גוד גירל א.ד.פ לאשה,PUIG בישום,ES,גוד גירל א.ד.פ ל,יחידה,1.00,יחידה,false,1,282.00,282.00,true,1,
8411061058466,false,ורי גוד גירל אשה אדפ50מל,,ES,G GIRL GOOD VERY,מיליליטרים,50.00,"100 מ""ל",false,1,324.70,649.40,true,1,
8411061711767,false,VIP 212 א.ד.פ לאשה,PUIG בישום,IL,VIP 212 א.ד.פ,מיליליטרים,80.00,"100 מ""ל",false,0,333.30,416.63,true,1,
8411061777176,false,ROSE VIP 212 א.ד.פ לאשה,PUIG בישום,IL,ROSE VIP 212,מיליליטרים,80.00,"100 מ""ל",false,0,323.90,404.88,true,1,
8411061777183,false,ROSE VIP 212 א.ד.פ לאשה,PUIG בישום,IL,ROSE VIP 212,מיליליטרים,50.00,"100 מ""ל",false,0,238.40,476.80,true,1,
8411061818961,false,GIRL GOOD א.ד.פ לאשה80מל,PUIG בישום,IL,GIRL GOOD א.ד.פ,מיליליטרים,80.00,"100 מ""ל",false,0,383.70,479.63,true,1,
8411061865583,false,"קרולינה הררה 212 סקסי א.ד.ט 100 מ""ל",PUIG בישום,IL,212 סקסי אדט,מיליליטרים,100.00,"100 מ""ל",false,0,213.60,213.60,true,1,
8411061972656,false,"HEROES 212 אדט 90 מ""ל",,ES,HEROES 212 אדט,מיליליטרים,90.00,"100 מ""ל",false,1,299.10,332.33,true,1,
8411061994696,false,"212HEROES א.ד.פ 80 מ""ל",,ES,212HEROES א.ד.פ,מיליליטרים,80.00,"100 מ""ל",false,1,350.40,438.00,true,1,
8412300801072,false,"קרם רב שימושי ניוואה 400 מ""ל",ביירסדורץ,DE,"ניוואה קרם רב""ש",מיליליטרים,400.00,"100 מ""ל",false,1,29.80,7.45,true,1,
8423207208697,false,חטיפי סלים דליס לילדים שוקולד לבן מרבה 6 יחידות,ביסנצ'ורי אס.אל.יו,ES,סלים דליס 6 יח,גרמים,120.00,100 גרם,false,1,13.50,11.25,true,1,
8423207210287,false,מרבה סלים דליס שוקולד לבן בטעם יוגורט 120 ג',סלים דליס Slim Delis,ES,סלים דליס 6 יח,גרמים,120.00,100 גרם,false,1,13.50,11.25,true,1,
8423207210928,false,חטיף דגנים מצופה שוקולד חלב ואגוזי לוז - 5 במארז,נוטרישן אנד סנטה קוב,ES,חטיפי דגנים מרבה,גרמים,90.00,100 גרם,false,1,13.50,15.00,true,1,
8427030005010,false,תרכובת מזון על בסיס חלב A.R מלידה ואילך,אבוט מעבדות רפואיות,ES,סימילאק AR,גרמים,375.00,100 גרם,false,0,38.30,10.21,true,1,
8427030007281,false,סימילאק גולד קומפורט 1 תרכובת מזון על בסיס חלב,סימילאק Similac,ES,סימילאק קומפורט,גרמים,820.00,100 גרם,false,1,91.30,11.13,true,1,
8431754341019,false,"הלווין (א) אדט 50 מ""ל",אלפא בישום,ES,HALLOWEEN א.ד.ט,מיליליטרים,50.00,"100 מ""ל",false,0,84.60,169.20,true,1,
8432225129778,false,"יוניק וואן מסכה 150 מ""ל",,ES,מסכה ללא שטיפה,מיליליטרים,150.00,"100 מ""ל",false,0,76.00,50.67,true,1,
8435137742226,false,D'ORANGER FLEUR אדפ100מל,,ES,פלור אורנג פראדה,מיליליטרים,100.00,"100 מ""ל",false,1,477.70,477.70,true,1,
8435137759781,false,LUNA ROSSA CARBON EDT V100ML,,FR,CARBON PLR,מיליליטרים,1.00,"100 מ""ל",false,0,281.20,28120.00,true,1,
8435415012669,false,לה מאל אדט125 מל,PUIG בישום,IL,לה מאל אדט125,מיליליטרים,125.00,"100 מ""ל",false,0,290.60,232.48,true,1,
8435415012690,false,"לה מאל אדט 200 מ""ל",PUIG בישום,IL,לה מאל אדט,מיליליטרים,200.00,"100 מ""ל",false,0,384.60,192.30,true,1,
8435495805168,false,"תינוקלין לכביסה לעור רגיש אולימפיק 1.25ק""ג",מולינו ניקולי s.p.a,PL,א.כביסה תינוקלין,גרמים,1250.00,100 גרם,false,1,21.20,1.70,true,1,
8435495807605,false,תינוקלין מרכך כביסה היפואלרגני מרוכז 1 ליטר,מולינו ניקולי s.p.a,TR,תינוקלין מרכך,ליטרים,1.00,ליטר,false,1,17.00,17.00,true,1,
8435495807636,false,ג'ל כביסה היפואלרגני 2 ל' תינוקלין,פרוקטר אנד גמבל,TR,תינוקלין ג'ל,ליטרים,2.00,ליטר,false,1,29.80,14.90,true,1,
8436038834935,false,טוס לאו אדפ 90 מל,אלפא בישום,ES,טוס לאו אדפ,מיליליטרים,90.00,"100 מ""ל",false,0,161.50,179.44,true,1,
8436550502589,false,"טאוס .לקולון 90 מ""ל",,ES,טאוס לקולון,מיליליטרים,90.00,"100 מ""ל",false,1,161.50,179.44,true,1,
8436550507584,false,"טוס לאב מי אדפ לאישה 90 מ""ל",PYD,ES,Me LOVE TOUS,מיליליטרים,90.00,"100 מ""ל",false,1,255.50,283.89,true,1,
8436550508918,false,"טוס לאב מי דה אוניקס פרפיום לאישה 90 מ""ל",,,לאב מי אומיקס,יחידה,1.00,יחידה,false,0,255.50,255.50,true,1,
8437002110628,false,טוס א.אדפ 100 מל,אלפא בישום,ES,טוס א.אדפ100,מיליליטרים,100.00,"100 מ""ל",false,0,178.60,178.60,true,1,
8681008055425,false,Amber 50NISHANEמל,נישאנה האסיבט,FR,אמברה קאלבריה,מיליליטרים,50.00,"100 מ""ל",false,0,546.90,1093.80,true,1,
8683130025574,false,"מרכך כביסה מרוכז אקסטרה לבנדר בדין 960 מ""ל",יבוא ושיווק: יוניליוור י,TR,מרכך בדין לבנדר,מיליליטרים,960.00,"100 מ""ל",false,1,17.00,1.77,true,1,
8690526029238,false,אתי מארז וופלים במילוי שוקולד מריר 50גרם,"GIDA ETI , טורקיה n\",TR,וופל מצופה שוקול,גרמים,150.00,100 גרם,false,1,9.30,6.20,true,1,
8690572778326,false,פה ד.ספרי אנטיפרספינט 200 מל 1/12,שוורצקופף והנקל,DE,דאודורנט פה,מיליליטרים,200.00,"100 מ""ל",false,1,12.70,6.35,true,1,
8690572783931,false,"פה - דאודורנט ספריי לגבר אינוויזיבל פאוואר 200 מ""ל",שוורצקופף והנקל,DE,דאודורנט פה,מיליליטרים,200.00,"100 מ""ל",false,1,12.70,6.35,true,1,
8690572784303,false,שמפו גליס Gliss לשיער ארוך Supreme Length,שוורצקופף והנקל,TR,שמפו גליס,מיליליטרים,400.00,"100 מ""ל",false,1,15.30,3.83,true,1,
8690572788851,false,"גליס - שמפו ביו טק 400 מ""ל",שוורצקופף והנקל,TR,שמפו גליס ביו טק,מיליליטרים,400.00,"100 מ""ל",false,1,15.30,3.83,true,1,
8690572788912,false,"גליס - ביו טק מרכך 400 מ""ל",שוורצקופף והנקל,TR,מרכך גליס ביו טק,מיליליטרים,400.00,"100 מ""ל",false,1,15.30,3.83,true,1,
8690572794692,false,"גליס - שמפו לאיזון והזנת הקרקפת 400 מ""ל","הובי קוסמטיק, חברת ייצור",TR,שמפו לאיזון והזנ,מיליליטרים,400.00,"100 מ""ל",false,1,15.30,3.83,true,1,
8690637505607,false,בדין אקסטרה מרכך כביסה בניחוח פינוק כחול,יוניליוור סנאיי וי טיקאר,TR,מרכך כביסה בדין,מיליליטרים,960.00,"100 מ""ל",false,1,17.00,1.77,true,1,
8690637704277,false,"שמפו ומרכך לשיער רגיל 600 מ""ל דאב",יוניליוור טורקיה. אזור ת,TR,שמפו דאב,מיליליטרים,600.00,"100 מ""ל",false,0,18.70,3.12,true,1,
8690637704376,false,"שמפו לטיפוח יום יומי דאב 600 מ""ל",יוניליוור סנאיי וי טיקאר,TR,שמפו דאב,מיליליטרים,600.00,"100 מ""ל",false,0,18.70,3.12,true,1,
8690637704390,false,"מרכך שיער לטיפוח יום יומי דאב 600 מ""ל",יוניליוור טורקיה. אזור ת,TR,דאב מרכך שיער,מיליליטרים,600.00,"100 מ""ל",false,0,18.70,3.12,true,1,
8690637704437,false,שמפו עם שמני הזנה לטיפוח לשיער יבש,יוניליוור סנאיי וי טיקאר,TR,שמפו דאב,מיליליטרים,600.00,"100 מ""ל",false,0,18.70,3.12,true,1,
8690637865589,false,"דאב תרחיץ ידיים בניחוח מלפפונים ותה ירוק 500 מ""ל",General,TR,דאב סבון ידיים,מיליליטרים,500.00,"100 מ""ל",false,1,14.40,2.88,true,1,
8690637871047,false,דאב שמפו בתוספת שמן קוקוס וכורכום 600 מל,יוניליוור סנאיי וי טיקאר,TR,שמפו דאב,מיליליטרים,600.00,"100 מ""ל",false,1,18.70,3.12,true,1,
8690637916977,false,מרכך עם שמן קוקוס וכורכום למראה שיער משוקם,יוניליוור סנאיי וי טיקאר,TR,מרכך דאב,מיליליטרים,600.00,"100 מ""ל",false,1,18.70,3.12,true,1,
8690637916991,false,מרכך דאב עם שמן אבוקדו ותמצית קלנדולה600,יונילוור - תורכיה,TR,מרכך שיער דאב,מיליליטרים,600.00,"100 מ""ל",false,1,18.70,3.12,true,1,
8690637946318,false,"מרכך כביסה בדין מרוכז אקסטרה בייבי טלק 960 מ""ל",יוניליוור סנאיי וי טיקאר,TR,מרכך בדין בייבי,מיליליטרים,960.00,"100 מ""ל",false,1,17.00,1.77,true,1,
8690637976995,false,"מרכך כביסה מרוכז אקסטרה ורוד סחלבים פראי בדין 960 מ""ל",יוניליוור סנאיי וי טיקאר,TR,בדין אקסטרה ורוד,מיליליטרים,960.00,"100 מ""ל",false,1,17.00,1.77,true,1,
8691900172175,false,קוטקס תחב.לילה אולטרה18י,חוגלה קימברלי,CZ,קוטקס תחבושת,יחידה,1.00,יחידה,false,1,17.00,17.00,true,1,
8691900172823,false,קוטקס תחבושות קוטקס נורמל,חוגלה קימברלי,CZ,קוטקס נורמל,יחידה,1.00,יחידה,false,1,17.00,17.00,true,1,
8693495037853,false,מברשת שיניים סלים סופט קולגייט 2 יחידות,הנסיך- מפעל לייצור ט,CN,2 מברשות קולגייט,יחידה,1.00,יחידה,false,0,25.00,25.00,true,1,
8693495041461,false,קולגייט זוג מברשות שיניים סלים סופט פחם,הנסיך- מפעל לייצור ט,CN,זוג מברשות,יחידה,1.00,יחידה,false,0,27.20,27.20,true,1,
8693495051255,false,מברשת שיניים סלים סופט זהב קולגייט זוג,קולגייט - פלמוליב,CN,2מברשות קולגייט,יחידה,1.00,יחידה,false,1,25.50,25.50,true,1,
8693495052177,false,פלמוליב נטורלס תחליב רחצה זיתים 750 מל,קולגייט פלמוליב,TR,סבון פלמוליב,מיליליטרים,750.00,"100 מ""ל",false,1,15.20,2.03,true,1,
8693495052931,false,זוג מברשות שיניים אדוונסט 360 לניקוי כל חלל הפה,קולגייט פלמוליב,CN,מברשות קולגייט,יחידה,1.00,יחידה,false,1,27.20,27.20,true,1,
8693495054058,false,פלמוליב ס.נוזלי לומינוס מקדמיה 750 משאבה,קולגייט פלמוליב,TR,פלמוליב ג'ל רחצה,מיליליטרים,750.00,"100 מ""ל",false,1,15.20,2.03,true,1,
8696630143792,false,"LADY BELLA - ספריי צבע שחור לכיסוי זמני של שורשי השיער 100 מ""ל",,TR,ספריי צבע לשיער,מיליליטרים,100.00,"100 מ""ל",false,1,21.20,21.20,true,1,
8697659244736,false,בושם וונדר וומן 100מ+אדט,רון ביוטיפול,TR,סט דיסני,יחידה,1.00,יחידה,false,1,51.20,51.20,true,1,
8697659244781,false,סט בושם סופרמן+דאו ספריי,רון ביוטיפול,TR,סט דיסני קרטון,יחידה,1.00,יחידה,false,1,59.70,59.70,true,1,
8697659244811,false,בושם סופרמן+שמפו מארז,רון ביוטיפול,TR,סט דיסני,יחידה,1.00,יחידה,false,1,59.70,59.70,true,1,
8699568531952,false,וולהפלקס מוס לשיער גלי ומתולתל 200 מל,פרוקטר אנד גמבל,FR,וולהפלקס מוס,מיליליטרים,200.00,"100 מ""ל",false,1,23.80,11.90,true,1,
8699568532171,false,וולהפלקס ספריי חזק 75 מל,THEORAT INTERSPRAY,DE,וולהפלקס ספריי,מיליליטרים,75.00,"100 מ""ל",false,1,8.40,11.20,true,1,
8699954702027,false,מסיכה לאפקט עור חלק יח',,TR,מסיכה לאפקט עור,יחידה,1.00,יחידה,false,1,6.70,6.70,true,1,
8699954702126,false,מסיכת פחם באפקט קירור יח,,IL,מסיכת פחם באפקט,יחידה,1.00,יחידה,false,1,6.70,6.70,true,1,
8699954702133,false,מסיכת פחם פעיל מנטול יח',,IL,מסיכת פחם פעיל מ,יחידה,1.00,יחידה,false,1,6.70,6.70,true,1,
8699954702140,false,מסיכת פחם פעיל לרענון יח,,IL,מסיכת פחם פעיל ל,יחידה,1.00,יחידה,false,1,6.70,6.70,true,1,
8699954702157,false,מסיכת פחם טיהור רעלים יח,,IL,מסיכת פחם טיהור,יחידה,1.00,יחידה,false,1,6.70,6.70,true,1,
8710103527800,false,אוונט מוצץ חיות טרומן 6-18 ללא ביספינול,פיליפס אוונט,GB,אוונט מוצץ חיות-,יחידה,1.00,יחידה,false,0,38.30,38.30,true,1,
8710103786689,false,אוונט כוס עם קש לגיל 12+ 300 מל בנים,כמיפל,ID,אוונט כוס לגן,יחידה,1.00,יחידה,false,1,42.60,42.60,true,1,
8710103797944,false,פיליפס ONE BLADE מכשיר לעיצוב זיפים,פילפס,ID,וואן בלייד 60 דק,יחידה,1.00,יחידה,false,1,213.50,213.50,true,1,
8710103831624,false,פיליפס זוג סכינים ONE BLADE לפנים ולגוף,פיליפס-גילוח,ID,וואן בלייד לפנים,יחידה,1.00,יחידה,false,1,170.80,170.80,true,1,
8710103845836,false,פיליפס זוג סכינים ONE BLADE,פילפס,ID,סכינים לוואן בלי,יחידה,1.00,יחידה,false,1,136.60,136.60,true,1,
8710103851820,false,חדש! מוצץ קלאסיק פיטר פן 6-18,פיליפס אוונט,GB,מוצץ קלאסיק פיטר,יחידה,1.00,יחידה,false,1,42.60,42.60,true,1,
8710103855514,false,אוונט כוס שתיה פיה קשיחה 12+ 300 מל בנים,כמיפל,ID,אוונט כוס לגן,מיליליטרים,300.00,"100 מ""ל",false,1,42.60,14.20,true,1,
8710103860204,false,פיליפס שלישיית סכינים ONE BLADE,פיליפס-גילוח,ID,סכינים לוואן בלי,יחידה,1.00,יחידה,false,1,170.80,170.80,true,1,
8710103868842,false,אוונט בקבוק פוליפרופילן קלאסי פינגווין,פיליפס אוונט,GB,בקבוק פינגווין,יחידה,1.00,יחידה,false,1,38.30,38.30,true,1,
8710103873877,false,אוונט זוג פטמות נטורל מעבר איטי,פיליפס אוונט,GB,פטמת נטורל מעבר,יחידה,1.00,יחידה,false,1,37.50,37.50,true,1,
8710103873990,false,אוונט זוג פטמות נטורל מעבר מהיר,פיליפס אוונט,GB,אוונט פטמת מעבר,יחידה,1.00,יחידה,false,1,37.50,37.50,true,1,
8710103874058,false,אוונט פטמה נטורל רב שלבית,פיליפס אוונט,GB,פטמה רב שלבית נט,יחידה,1.00,יחידה,false,1,37.50,37.50,true,1,
8710103875956,false,אוונט בקבוק נטורל 2 ורוד 260 מל,פיליפס אוונט,GB,אוונט בקבוק נטור,יחידה,1.00,יחידה,false,1,46.90,46.90,true,1,
8710103876526,false,אוונט בקבוק נטורל 2 דרקון 260 מל,פיליפס אוונט,GB,אוונט בקבוק,יחידה,1.00,יחידה,false,1,51.20,51.20,true,1,
8710103876540,false,אוונט בקבוק נטורל 2 חד קרן 260 מל,פיליפס אוונט,GB,בקבוק נטורל 2 חד,יחידה,1.00,יחידה,false,1,46.90,46.90,true,1,
8710103878995,false,פיליפס ONE BLADE 3 מכשיר לעיצוב 45+ 1סכי,פיליפס-גילוח,ID,וואן בלייד +45סכ,יחידה,1.00,יחידה,false,1,230.60,230.60,true,1,
8710103901716,false,אוונט מוצץ 0-6 אולטרה אייר לילה בנים,פיליפס אוונט,GB,מוצץ אולטרא אייר,יחידה,1.00,יחידה,false,1,46.90,46.90,true,1,
8710103901822,false,אוונט מוצץ 6-18 אולטרה אייר לילה בנות,פיליפס אוונט,GB,מוצץ אולטרא אייר,יחידה,1.00,יחידה,false,1,46.90,46.90,true,1,
8710103938422,false,אוונט מוצץ 0-6 ULTRA SOFT בנים הלו,פיליפס אוונט,NL,מוצץ הלו סופט,יחידה,1.00,יחידה,false,1,46.90,46.90,true,1,
8710103942702,false,אוונט מוצץ 0-6 אולטרה אייר ורוד-ורוד,פיליפס אוונט,NL,מוצץ אייר דיר או,יחידה,1.00,יחידה,false,1,46.90,46.90,true,1,
8710103949176,false,אוונט מוצץ 0-6 ULTRA AIR כחול צהוב HAPPY,פיליפס אוונט,NL,מוצץ הפי אייר קו,יחידה,1.00,יחידה,false,1,46.90,46.90,true,1,
8710428016355,false,אבקת משקה להשלמה תזונתית שוקו 400 ג' פדיאשור,אבוט מעבדות רפואיות,NL,פדיאשור שוקולד,גרמים,400.00,100 גרם,false,1,29.80,7.45,true,1,
8710447211052,false,טרזמה בוטניק שמפו להזנה ושיקום 400 מל,יוניליוור פולין,PL,שמפו טרזמה,מיליליטרים,400.00,"100 מ""ל",false,1,16.10,4.03,true,1,
8710447224205,false,"מרכך טרזמה משקם בתוספת ביוטין 400 מ""ל",יוניליוור פולין,PL,טרזמה מרכך משקם,מיליליטרים,400.00,"100 מ""ל",false,1,16.10,4.03,true,1,
8710447224311,false,מרכך בוטניק בתוספת שמן קוקוס ואלוורה,יוניליוור פולין,PL,מרכך טרזמה,מיליליטרים,400.00,"100 מ""ל",false,1,16.10,4.03,true,1,
8710447275313,false,דאב קרם ידיים שמן קוקוס וחלב שקדים,"יוניליוור פולין, רחוב קר",PL,קרם ידיים דאב,מיליליטרים,75.00,"100 מ""ל",false,1,11.80,15.73,true,1,
8710447331095,false,טרזמה בוטניק מסכה לשיער 300 מל,יוניליוור פולין,PL,מסכה טרזמה,מיליליטרים,300.00,"100 מ""ל",false,1,29.80,9.93,true,1,
8710502260032,false,מרבה עוגיות שוקוצ'יפס 150גרם,בנקטבקריי מרבה בי.וי,NL,עוגיות שוקולד,גרמים,150.00,100 גרם,false,0,9.30,6.20,true,1,
8710522584200,false,דאב תחליב רחצה אלוורה ומי ורדים 500 מל,"יוניליוור גרמניה, Gmbh &",DE,תחליב רחצה דאב,מיליליטרים,500.00,"100 מ""ל",false,1,15.30,3.06,true,1,
8710847860843,false,"רקסונה - דאודורנט רולאון לאישה אינביזיבל 50 מ""ל",יוניליוור אנגליה,GB,דאודורנט רקסונה,מיליליטרים,50.00,"100 מ""ל",false,1,15.30,30.60,true,1,
8710847942679,false,טרזמה שמפו לשיער יבש בתוספת שמן המפ,יוניליוור,PL,טרזמה שמפו,מיליליטרים,400.00,"100 מ""ל",false,1,16.10,4.03,true,1,
8710847942693,false,טרזמה מרכך לשיער יבש שמן המפ 400 מל,יוניליוור,PL,טרזמה מרכך,מיליליטרים,400.00,"100 מ""ל",false,1,16.10,4.03,true,1,
8710847973970,false,"תחליב רחצה דאב אלוורה מי עץ שדר, 750 מ""ל","יוניליוור גרמניה, Gmbh &",DE,תחליב רחצה דאב,מיליליטרים,750.00,"100 מ""ל",false,1,20.40,2.72,true,1,
8710847995590,false,רקסונה דאודורנט ספריי פרוט ספין 150 מל,"יוניליוור אנגליה, דרך קו",GB,דאודורנט רקסונה,מיליליטרים,150.00,"100 מ""ל",false,1,15.30,10.20,true,1,
8710847995729,false,"רקסונה - דאודורנט ספריי לאישה דייזי פאוור 150 מ""ל","יוניליוור אנגליה, דרך קו",GB,דאודורנט רקסונה,מיליליטרים,150.00,"100 מ""ל",false,1,15.30,10.20,true,1,
8710908326691,false,"תחליב רחצה פרח האדמונית דאב 750 מ""ל",יוניליוור גרמניה (בו,DE,תחליב רחצה דאב,מיליליטרים,750.00,"100 מ""ל",false,1,20.40,2.72,true,1,
8710908693809,false,"טרזמה מסכה טיפולית עם קרטין 300מ""ל","יוניליוור פולין, רחוב קר",PL,מסכה טרזמה,מיליליטרים,300.00,"100 מ""ל",false,1,29.80,9.93,true,1,
8710908882463,false,תחליב רחצה Invigorating Ritual עם שמן אבוקדו וקלנדולה,יוניליוור,DE,תחליב רחצה דאב,מיליליטרים,500.00,"100 מ""ל",false,1,15.30,3.06,true,1,
8712400802499,false,תרכובת מזון המשך לפעוטות על בסיס חלב שלב 1,נוטרישיה קאלק ב. ו.,NL,נוטרילון שלה1-,גרמים,800.00,100 גרם,false,0,44.20,5.52,true,1,
8712400802512,false,תרכובת מזון המשך לפעוטות על בסיס חלב שלב 2,נוטרישיה קאלק ב. ו.,NL,נוטרילון שלב2-,גרמים,800.00,100 גרם,false,0,44.20,5.52,true,1,
8712400802536,false,תרכובת מזון המשך לפעוטות על בסיס חלב שלב 3,נוטרישיה קאלק ב. ו.,NL,נוטרילון שלב3-,גרמים,800.00,100 גרם,false,0,44.20,5.52,true,1,
8712561594240,false,"דאב תחליב רחצה להזנה עמוקה500 מ""ל-מרכז","יוניליוור גרמניה, Gmbh &",DE,תחליב רחצה דאב,מיליליטרים,500.00,"100 מ""ל",false,1,15.30,3.06,true,1,
8712561609647,false,"דאב - תחליב רחצה חמאת שיאה 500 מ""ל","יוניליוור גרמניה, Gmbh &",DE,דאב תחליב רחצה,מיליליטרים,500.00,"100 מ""ל",false,1,15.30,3.06,true,1,
8712561611183,false,דאב סבון נוזלי 500 תמציות מלפפונים ותה,"יוניליוור גרמניה, Gmbh &",DE,תחליב רחצה דאב,מיליליטרים,500.00,"100 מ""ל",false,1,15.30,3.06,true,1,
8712561631570,false,"תחליב רחצה קוקוס ויסמין דאב 750 מ""ל",יוניליוור גרמניה (בו,DE,תחליב רחצה דאב,מיליליטרים,750.00,"100 מ""ל",false,1,20.40,2.72,true,1,
8714789177229,false,רבעיית מברשות שיניים קולגייט אקסטרה קלין 1 יחידה,הנסיך- מפעל לייצור ט,CN,4 מברשות שיניים,יחידה,1.00,יחידה,false,0,8.50,8.50,true,1,
8714789218465,false,מברשת שיניים 360 סופט קולגייט 2 יחידות,הנסיך- מפעל לייצור ט,CN,2 מברשות שיניים,יחידה,1.00,יחידה,false,0,25.50,25.50,true,1,
8714789260532,false,מברשת שיניים חשמלית קולגייט ברבי (סוללות)##,קולגייט-פלמוליב,CH,מברשת חשמלית,יחידה,1.00,יחידה,false,0,34.10,34.10,true,1,
8714789292939,false,2מברשת קולגייט מקס פרש S,קולגייט-פלמוליב,CN,2 מברשות שיניים,יחידה,1.00,יחידה,false,0,20.40,20.40,true,1,
8714789303925,false,מברשת שיניים 360 סנסטיב רכה במיוחד קולגייט 2 יחידות,קולגייט- פלמוליב,CH,2 מברשות שיניים,יחידה,1.00,יחידה,false,0,25.50,25.50,true,1,
8714789529561,false,"משחת שיניים סנסטיב פרו ריליף להלבנה קולגייט 75 מ""ל",קולגייט-פלמוליב,BR,משחת קולגייט,מיליליטרים,75.00,"100 מ""ל",false,0,17.00,22.67,true,1,
8714789831275,false,מברשת שיניים 360 אופטיק ווייט קולגייט 2 יחידות,קולגייט-פלמוליב,CN,מברשות קולגייט,יחידה,1.00,יחידה,false,0,25.50,25.50,true,1,
8714789930848,false,"משחת שיניים אופטיק וייט הלבנה מיידית קולגייט 75 מ""ל",הנסיך- מפעל לייצור ט,PL,משחת קולגייט,מיליליטרים,75.00,"100 מ""ל",false,0,17.00,22.67,true,1,
8714789966403,false,ליידי ספיד סטיק פיור פרשנס ג'ל,קולגייט פלמוליב,US,ליידי ספיד סטיק,גרמים,65.00,100 גרם,false,1,15.20,23.38,true,1,
8717163628812,false,מסכה טרזמה ללא סולפטים להחלקה ולצביעה300,"יוניליוור פולין, רחוב קר",PL,טרזמה מסכה משקמת,מיליליטרים,300.00,"100 מ""ל",false,1,29.80,9.93,true,1,
8717163655764,false,"רקסונה - דאודורנט ספריי לאישה שוואר פרש 150 מ""ל","קוסטר אירוסול, גבזה 4140",GB,דאודורנט רקסונה,מיליליטרים,150.00,"100 מ""ל",false,1,15.30,10.20,true,1,
8717163655825,false,"רקסונה דאו' ספריי לנשים בניחוח כותנה, 150 מ""ל","קוסטר אירוסול, גבזה 4140",GB,דאודורנט רקסונה,מיליליטרים,150.00,"100 מ""ל",false,1,15.30,10.20,true,1,
8717163842676,false,תח.רחצה דאב חימר ורוד ג500 RENEWING GLOW,יוניליוור גרמניה Gmb,DE,תחליב רחצה דאב,מיליליטרים,500.00,"100 מ""ל",false,1,15.30,3.06,true,1,
8718117607662,false,נוטרילון A.R תרכובת מזון מגיל לידה,נוטרישה-נוטרילון,NL,נוטרילון AR,גרמים,900.00,100 גרם,false,1,85.30,9.48,true,1,
8718951030169,false,"קולגייט סנסיטיב הלבנה המסייעת בהגנה לשיניים רגישות 75 מ""ל",קולגייט Colgate,PL,משחת קולגייט,מיליליטרים,75.00,"100 מ""ל",false,1,18.70,24.93,true,1,
8718951044913,false,מרידול משחת שיניים להלבנה 75 מל,קולגייט פלמוליב,PL,משחת מרידול,מיליליטרים,75.00,"100 מ""ל",false,1,17.00,22.67,true,1,
8718951093331,false,מרידול זוג מברשות שיניים אקסטרה סופט,קולגייט פלמוליב,CH,זוג מברשות מרידו,יחידה,1.00,יחידה,false,1,34.10,34.10,true,1,
8718951144064,false,מרידול מברשת שיניים פרודונט אקספרט זוג,"ש. שסטוביץ בע""\מ",CH,זוג מברשות מרידו,יחידה,1.00,יחידה,false,1,34.10,34.10,true,1,
8718951175280,false,"קולגייט טוטאל משחת שיניים פרו ויזבל אקשן עם קצף פעיל 75 מ""ל",קולגייט Colgate,PL,קולגייט טוטל,מיליליטרים,75.00,"100 מ""ל",false,1,13.50,18.00,true,1,
8718951176874,false,קולגייט שטיפת פה לילדים מיניונים 250 מל,קולגייט-פלמוליב,PL,מי פה מיניונים,מיליליטרים,250.00,"100 מ""ל",false,1,16.10,6.44,true,1,
8718951187115,false,זוג מברשות שיניים אלמקס לילדים גילאי 3-6,GABA TRISA SWIZ,CN,מברשות אלמקס 2יח,יחידה,1.00,יחידה,false,1,22.90,22.90,true,1,
8718951187122,false,זוג מברשות שיניים אלמקס לילדים גילאי 0-3,GABA TRISA SWIZ,CN,מברשות אלמקס,יחידה,1.00,יחידה,false,1,22.90,22.90,true,1,
8718951222779,false,"מרידול פור משחה לשיניים וחניכיים בריאות 75 מ""ל",קולגייט פלמוליב,PL,משחת מרידול,מיליליטרים,75.00,"100 מ""ל",false,1,21.00,28.00,true,1,
8718951236790,false,"קולגייט טוטאל משחת שיניים קלין מינט לפה בריא 100 מ""ל",קולגייט פלמוליב,PL,קולגייט טוטל,מיליליטרים,100.00,"100 מ""ל",false,1,13.50,13.50,true,1,
8718951236806,false,"קולגייט טוטאל הלבנה משחת שיניים המסייעת בהסרת כתמים 100 מ""ל",קולגייט Colgate,PL,קולגייט טוטל,מיליליטרים,100.00,"100 מ""ל",false,1,13.50,13.50,true,1,
8718951236813,false,"קולגייט טוטאל משחת שיניים ניקוי מתקדם לפה בריא יותר 100 מ""ל",קולגייט פלמוליב,PL,משחת קולגייט,מיליליטרים,100.00,"100 מ""ל",false,1,13.50,13.50,true,1,
8718951240742,false,"קולגייט טוטאל משחת שיניים פסים מרעננים 100 מ""ל",קולגייט פלמוליב,PL,קולגייט טוטל,מיליליטרים,100.00,"100 מ""ל",false,1,13.50,13.50,true,1,
8718951259409,false,"פלמוליב תחליב רחצה נטורלס לעור עדין 750 מ""ל",קולגייט פלמוליב,IT,תחליב רחצה נטורל,מיליליטרים,750.00,"100 מ""ל",false,1,15.20,2.03,true,1,
8718951264618,false,"קולגייט אופטיק וייט פחם צ'רקול משחת שיניים, 75 מ""ל",קולגייט-פלמוליב,PL,משחת קולגייט,מיליליטרים,75.00,"100 מ""ל",false,1,17.00,22.67,true,1,
8718951278851,false,מ.שיניים אדוונס וויט פחם,קולגייט,PL,מ.שיניים קולגייט,מיליליטרים,100.00,"100 מ""ל",false,1,17.00,17.00,true,1,
8718951281738,false,אלמקס סנסיטיב משחה לשיניים רגישות,CP-Poland swidnica,PL,משחת אלמקס,מיליליטרים,75.00,"100 מ""ל",false,1,16.00,21.33,true,1,
8718951286672,false,"משחת שיניים לחניכיים, 75 מ""ל קולגייט",קולגייט פלמוליב,PL,קולגייט מ.שיניים,מיליליטרים,75.00,"100 מ""ל",false,1,15.20,20.26,true,1,
8718951286733,false,"קולגייט אופטיק וייט לסטינג וייט משחת שיניים 75 מ""ל",קולגייט Colgate,PL,משחת אופטיק וויט,מיליליטרים,75.00,"100 מ""ל",false,1,21.20,28.27,true,1,
8718951314023,false,פלמוליב נטורלס תחליב רחצה אפרסק 750 מל,קולגייט פלמוליב,TR,תחליב רחצה אפרסק,מיליליטרים,750.00,"100 מ""ל",false,1,15.20,2.03,true,1,
8718951338128,false,"ליידי ספיד סטיק רול און שאוור פרש 50 מ""ל",קולגייט פלמוליב,IT,דאודורנט רול און,מיליליטרים,50.00,"100 מ""ל",false,1,12.70,25.40,true,1,
8718951365865,false,קולגייט זוג מברשות עם סיבי פחם בצפיפות ג,קולגייט פלמוליב,PL,מברשת עם סיבי פח,יחידה,1.00,יחידה,false,1,27.20,27.20,true,1,
8718951366015,false,"קולגייט - משחת שיניים אופטיק וויט אקס קומפ 75 מ""ל",CP-Poland swidnica,PL,קולגייט להלבנה,מיליליטרים,75.00,"100 מ""ל",false,1,46.00,61.33,true,1,
8718951370135,false,"סבון נוזלי ארומה סנסיישן גלואו 750 מ""ל פלמוליב",קולגייט פלמוליב,TR,סבון פלמוליב,מיליליטרים,750.00,"100 מ""ל",false,1,15.20,2.03,true,1,
8718951377998,false,קולגייט סופט פואם זוג מברשות שיניים לניק,קולגייט פלמוליב,CN,זוג מברשות סופט,יחידה,1.00,יחידה,false,1,27.20,27.20,true,1,
8718951381292,false,"משחת שיניים מקס דיטוקס פואם קולגייט 125 מ""ל",קולגייט Colgate,PL,משחת מקס דיטוקס,מיליליטרים,125.00,"100 מ""ל",false,1,19.50,15.60,true,1,
8718951382640,false,"פלמוליב ג'ל רחצה חימר ואלוורה 750 מ""ל",קולגייט פלמוליב,TR,סבון פמוליב,מיליליטרים,750.00,"100 מ""ל",false,1,15.20,2.03,true,1,
8718951382664,false,"פלמוליב ג'ל רחצה חימר ואקליפטוס 750 מ""ל",קולגייט פלמוליב,TR,סבון פמוליב,מיליליטרים,750.00,"100 מ""ל",false,1,15.20,2.03,true,1,
8718951382718,false,"פלמוליב ג'ל רחצה חימר התחדשות 750 מ""ל",קולגייט פלמוליב,TR,סבון פמוליב,מיליליטרים,750.00,"100 מ""ל",false,1,15.20,2.03,true,1,
8718951400597,false,"תחליב רחצה קוקוס וחלב ללא משאבה750 מ""ל פלמוליב",קולגייט פלמוליב,TR,תחליב רחצה קוקוס,מיליליטרים,750.00,"100 מ""ל",false,1,15.20,2.03,true,1,
8718951409798,false,זוג מברשות שיניים מקס וויט פחם קולגייט,הנסיך- מפעל לייצור ט,PL,מברשת שיניים פחם,יחידה,1.00,יחידה,false,1,23.80,23.80,true,1,
8718951412378,false,משחת שיניים לחניכיים רגישות ולנשימה רעננה,קולגייט פלמוליב,PL,מרידול משחה,מיליליטרים,75.00,"100 מ""ל",false,1,21.00,28.00,true,1,
8718951428492,false,"פלמוליב סבון רחצה לגבר 4ב1 מועשר בפחם 750 מ""ל",שסטוביץ,TR,סבון רחצה לגבר,מיליליטרים,750.00,"100 מ""ל",false,1,15.20,2.03,true,1,
8718951428522,false,"פלמוליב סבון רחצה לגבר 4 ב-1 המפ 750 מ""ל",שסטוביץ,TR,סבון פלמוליב,מיליליטרים,750.00,"100 מ""ל",false,1,15.20,2.03,true,1,
8718951431614,false,"סבון רחצה סו פירם מינרלים 750 מ""ל פלמוליב",קולגייט פלמוליב,TR,פלמוליב סב.רחצה,מיליליטרים,750.00,"100 מ""ל",false,1,15.20,2.03,true,1,
8718951452756,false,סבון גוף עדין קוקוס500מ,קולגייט פלמוליב,TR,סבון גוף פלמוליב,מיליליטרים,500.00,"100 מ""ל",false,1,16.10,3.22,true,1,
8718951452770,false,סבון גוף עדין שקדים500מל,קולגייט פלמוליב,TR,סבון גוף פלמוליב,מיליליטרים,500.00,"100 מ""ל",false,1,16.10,3.22,true,1,
8718951466371,false,"משחת שיניים מרידול 75 מ""ל",קולגייט פלמוליב,PL,מרידול משחה,מיליליטרים,75.00,"100 מ""ל",false,1,18.70,24.93,true,1,
8718951470323,false,קולגייט סופט פואם פחם זוג מברשות שיניים,קולגייט פלמוליב,CN,זוג מברשות שינים,יחידה,1.00,יחידה,false,1,27.20,27.20,true,1,
8718951477384,false,"קולגייט משחת שיניים טוטאל ג'ל מתקדם פיור 75 מ""ל",קולגייט פלמוליב,PL,משחת טוטאל ג'ל,מיליליטרים,75.00,"100 מ""ל",false,1,18.70,24.93,true,1,
8718951509627,false,"קולגייט אופטיק וייט לאוהבי קפה ותה משחת שיניים 75 מ""ל",קולגייט פלמוליב,PL,קולגייט משחה,מיליליטרים,75.00,"100 מ""ל",false,1,21.20,28.27,true,1,
8720181046605,false,דאב - דאודורנט ספריי לאישה אורגינל כחול 150מל,"יוניליוור אנגליה, דרך קו",GB,דאודורנט דאב,מיליליטרים,150.00,"100 מ""ל",false,1,11.80,7.87,true,1,
8720181090202,false,"תחליב רחצה דאב עם שמן זית, 750 מ""ל","יוניליוור גרמניה, Gmbh &",DE,תחליב רחצה דאב,מיליליטרים,750.00,"100 מ""ל",false,1,20.40,2.72,true,1,
8720181090219,false,תחליב רחצה רימונים ותמצית פרח היביסקוס,"יוניליוור גרמניה, Gmbh &",DE,תחליב רחצה דאב,מיליליטרים,750.00,"100 מ""ל",false,1,20.40,2.72,true,1,
8720182253156,false,דאב אל סבון מוצק מלפפונים 90 גרם רביעייה,יוניליוור ישראל טיפוח אי,DE,דאב סבון מוצק מל,גרמים,360.00,100 גרם,false,1,14.50,4.03,true,1,
8850006331699,false,שלישיית מברשת שיניים קולגייט סלים סופט,קולגייט פלמוליב,CN,3 מברשות קולגייט,יחידה,1.00,יחידה,false,1,28.90,28.90,true,1,
8850389103111,false,סאפי משקה אלוורה בטעם ענבים 300מל,סאפה פובליק קומפני ל,TH,משקה סאפה ענבים,מיליליטרים,300.00,"100 מ""ל",false,0,6.80,2.27,true,1,
8850389103128,false,"משקה קל סאפה בטעם תפוח 300 מ""ל",סאפה פובליק קומפני ל,TH,משקה סאפה תפוח,מיליליטרים,300.00,"100 מ""ל",false,0,6.80,2.27,true,1,
8850389103159,false,"משקה ליצ'י עם חתיכות גלי קוקוס 320 מ""ל מוגו מוגו",סאפה פובליק קומפני לימיט,TH,מוגו ליצ'י קוקוס,מיליליטרים,320.00,"100 מ""ל",false,1,5.90,1.84,true,1,
8850389104637,false,"משקה קל סאפה אלוורה אפרסק 300 מ""ל",סאפה פובליק קומפני ל,TH,סאפה אפרסק,מיליליטרים,300.00,"100 מ""ל",false,0,6.80,2.27,true,1,
8850389111352,false,"משקה מלון עם חתיכות גלי קוקוס 320 מ""ל מוגו מוגו",סאפה פובליק קומפני לימיט,TH,מוגו מלון קוקוס,מיליליטרים,320.00,"100 מ""ל",false,1,5.90,1.84,true,1,
8850389115312,false,"סאפה אלוורה מלון בקבוק 300 מ""ל",סאפה פובליק קומפני ל,TH,סאפה אלוורה,מיליליטרים,300.00,"100 מ""ל",false,1,6.80,2.27,true,1,
8888021200256,false,סוללות אנרג'ייזר AA מקס 8 יחידות,יצרן: אנרג'ייזר סינג,SG,שמינית סוללות,יחידה,1.00,יחידה,false,0,19.50,19.50,true,1,
8888021200720,false,סוללות אנרג'ייזר AAA מקס 8 יחידות,יצרן: אנרג'ייזר סינג,SG,8 סוללות AAA,יחידה,1.00,יחידה,false,0,19.50,19.50,true,1,
8901138500306,false,משחת שיניים איורודית עם פלואוריד מן הטבע,הימלאיה Himalaya,IN,מש.שיניים הימלאי,מיליליטרים,100.00,"100 מ""ל",false,0,21.00,21.00,true,1,
8901138825591,false,"משחת שיניים הימלאיה מלבינה 75 מ""ל",הימלאיה Himalaya,IN,משחת שיניים,מיליליטרים,75.00,"100 מ""ל",false,1,21.00,28.00,true,1,
8901138825614,false,"משחת שיניים הימלאיה מינט פרש 75 מ""ל",הימלאיה,IN,משחת שיניים מינט,מיליליטרים,75.00,"100 מ""ל",false,1,21.00,28.00,true,1,
8901138846626,false,מש.הימלאיה לילד מנטה80ג,הימלאיה,IN,משחת הימלאיה,גרמים,80.00,100 גרם,false,1,17.00,21.25,true,1,
8901314517487,false,קולגייט מברשת 4יח 3,,IN,מברשת קולגייט360,יחידה,1.00,יחידה,false,1,20.40,20.40,true,1,
8901314517999,false,מברשת קולגייט צ'רקואלי4י,,CN,מברשת קולגייט360,יחידה,1.00,יחידה,false,1,20.40,20.40,true,1,
8901571005833,false,מברשת שיניים סנסודיין שלישייה סנסטיב,,IN,מברשת שיניים 3יח,יחידה,1.00,יחידה,false,1,17.00,17.00,true,1,
9000100590693,false,"סאיוס - מוס לשיער לייצוב מקסימלי 250 מ""ל",שוורצקופ,DE,מוס לעיצוב סאיוס,מיליליטרים,250.00,"100 מ""ל",false,0,30.60,12.24,true,1,
9000100590938,false,"סאיוס - מוס לשיער ליצירת נפח 250 מ""ל",שוורצקוף,DE,מוס לעיצוב סאיוס,מיליליטרים,250.00,"100 מ""ל",false,0,30.60,12.24,true,1,
9000100591058,false,"סאיוס - ג'ל לשיער לייצוב מקסימלי 250 מ""ל",שוורצקוף,DE,ג'ל לעיצוב סאיוס,מיליליטרים,250.00,"100 מ""ל",false,0,27.20,10.88,true,1,
9000100806657,false,"פה - דאודורנט רול און לאישה בלתי נראה 50 מ""ל",שוורצקופף והנקל,DE,דאודורנט פה,מיליליטרים,50.00,"100 מ""ל",false,0,12.70,25.40,true,1,
9000100843256,false,"גליס תמציות שמן 6 פעולות משקמות 75 מ""ל",שוורצקוף Schwarzkopf,SK,גליס שמן משקם,מיליליטרים,75.00,"100 מ""ל",false,0,21.20,28.27,true,1,
9000101418163,false,שלישיית סבון אסלה בניחוח מתחלף תפוח ירוק ברף,ברף Bref,RS,ברף לאסלה 3 יח,גרמים,150.00,100 גרם,false,1,17.80,11.87,true,1,
9000101520965,false,"סבון אסלה בניחוח מתחלף לוטוס עדין במבוק, 3 יחידות",ברף Bref,RS,ברף לאסלה 3 יח,גרמים,150.00,100 גרם,false,1,17.80,11.87,true,1,
9000101548419,false,קולור קאצ`ר דפים למכונת לכביסה מחדש צבע לבן 18 יח',"הנקל סוד בע""\מ",IE,קולר קאצ'ר לבן,יחידה,1.00,יחידה,false,1,17.00,17.00,true,1,
9001616202100,false,מוצץ לתינוק ללא ביספנול 6+ מאם 2 יחידות,General,HU,זוג מוצצים מאמ,יחידה,1.00,יחידה,false,0,33.20,33.20,true,1,
9001616202117,false,מאם מוצצים סיליקון 0-6 זמן לאהבה אפור,טרופיקל דגיל תעשיות,HU,2 מוצצי סיליקון,יחידה,1.00,יחידה,false,0,33.20,33.20,true,1,
9001616202131,false,מוצץ לתינוק מיני ללא ביספנול 0-6 מאם,מאם Mam,HU,מאמ מוצץ מיני,יחידה,1.00,יחידה,false,0,33.20,33.20,true,1,
9001616202148,false,מאם מוצצים לטקס 16+ כחול,General,HU,זוג מוצצים,יחידה,1.00,יחידה,false,0,33.20,33.20,true,1,
9001616202155,false,מוצץ לתינוק אולטי סיליקון ללא ביספנול 16+ מאם,מאם Mam,HU,זוג מוצצים מאמ,יחידה,1.00,יחידה,false,0,33.20,33.20,true,1,
9001616202186,false,"בקבוק לתינוק 330 מ""ל 4+ חודשים Easy Active",טרופיקל דגיל תעשיות,AT,מאמ בקבוק,יחידה,1.00,יחידה,false,0,33.20,33.20,true,1,
9001616203626,false,מאם זוג פטמות מס 3 זרימה מהירה,General,AT,מאמ פטמות,יחידה,1.00,יחידה,false,0,25.50,25.50,true,1,
9001616205774,false,מאם אנימלס מוצצי סיליקון 0-6 תכלת,אלפא,HU,מוצץ מאמ,יחידה,1.00,יחידה,false,0,33.20,33.20,true,1,
9001616661099,false,"בקבוק לתינוק 270 מ""ל 2+ חודשים Easy Active",מאם Mam,AT,מאמ בקבוק,יחידה,1.00,יחידה,false,0,33.20,33.20,true,1,
9001616680991,false,"בקבוק לתינוק אנטי קוליק מאמ 260 מ""ל",מאם Mam,AT,בקבוק אנטי קוליק,יחידה,1.00,יחידה,false,1,33.20,33.20,true,1,
9001616681363,false,"בקבוק לתינוק אנטי קוליק מאמ 260 מ""ל",General,HU,בקבוק אנטי קוליק,מיליליטרים,260.00,"100 מ""ל",false,1,33.20,12.77,true,1,
9001616682223,false,מאם בקבוק אנטי קוליק 160 מל ורוד,אלפא,HU,בקבוק אנטי קוליק,מיליליטרים,160.00,"100 מ""ל",false,1,33.20,20.75,true,1,
9001616702600,false,זוג מוצצים סיליקון מאמ 0-2 ורוד,General,HU,זוג מוצצים 0-2 ב,יחידה,1.00,יחידה,false,1,33.20,33.20,true,1,
9001616702655,false,מאם מוצצים סיליקון 0-6 לילה זוהרים ורוד,General,HU,זוג מוצצים 0-6 ז,יחידה,1.00,יחידה,false,1,33.20,33.20,true,1,
9001616702662,false,זוג מוצצים סיליקון פרל מאמ 0-6 ורוד,General,HU,זוג מוצצים פרל 0,יחידה,1.00,יחידה,false,1,33.20,33.20,true,1,
9001616702679,false,זוג מוצצים סיליקון זמן לאהבה מאמ 0-6 ורוד,General,HU,זוג מוצצים 0-6 ז,יחידה,1.00,יחידה,false,1,33.20,33.20,true,1,
9001616702686,false,זוג מוצצים סיליקון אי לאב מאמי מאמ 0-6 ורוד,אלפא,HU,זוג מוצצים 0-6 א,יחידה,1.00,יחידה,false,1,33.20,33.20,true,1,
9001616702693,false,זוג מוצצי סיליקון בעלי חיים 0-6 ורוד,אלפא,HU,זוג מוצצים 0-6 ב,יחידה,1.00,יחידה,false,1,33.20,33.20,true,1,
9001616702716,false,זוג מוצצים סיליקון זוהרים בלילה מאמ +6 ורוד,General,HU,זוג מוצצים +6 זו,יחידה,1.00,יחידה,false,1,33.20,33.20,true,1,
9001616702723,false,מאם מוצצים סיליקון 6+ לילה זוהרים ירוק,General,HU,זוג מוצצים +6 זו,יחידה,1.00,יחידה,false,1,33.20,33.20,true,1,
9001616702730,false,זוג מוצצי סיליקון לאב אנד אפקשן 6+ ו רוד,General,HU,זוג מוצצים +6 או,יחידה,1.00,יחידה,false,1,33.20,33.20,true,1,
9001616702839,false,מאם מוצצים סיליקון 6+ ירוק קרם,General,HU,זוג מוצצים +6 קר,יחידה,1.00,יחידה,false,1,33.20,33.20,true,1,
9001616702846,false,מאם מוצצים סיליקון 0-6 אייר ורוד,General,AT,זוג מוצצים איר 0,יחידה,1.00,יחידה,false,1,33.20,33.20,true,1,
9001616702877,false,זוג מוצצים סיליקון מאמ +16 ורוד,General,HU,זוג מוצצים +16 ב,יחידה,1.00,יחידה,false,1,33.20,33.20,true,1,
9001616702921,false,מאם בקבוק אנטי קוליק 260 מל לבן,General,HU,בקבוק אנטי קוליק,יחידה,1.00,יחידה,false,1,33.20,33.20,true,1,
9001616702938,false,מאם בקבוק אנטי קוליק 320 מל ורוד,אלפא,AT,בקבוק אנטי קוליק,יחידה,1.00,יחידה,false,1,33.20,33.20,true,1,
9001616702945,false,מאם בקבוק אנטי קוליק 320 מל שמנת,אלפא,HU,בקבוק אנטי קוליק,יחידה,1.00,יחידה,false,1,33.20,33.20,true,1,
9001616702952,false,מאם בקבוק אנטי קוליק 320 מל ירוק,אלפא,AT,בקבוק אנטי קוליק,יחידה,1.00,יחידה,false,1,33.20,33.20,true,1,
9001616702969,false,"בקבוק תינוק 270 מ""ל סגול",General,HU,בקבוק תינוק וורו,יחידה,1.00,יחידה,false,1,33.20,33.20,true,1,
9001616702976,false,"בקבוק לתינוק מאם 270 מ""ל",General,HU,בקבוק תינוק,יחידה,1.00,יחידה,false,1,33.20,33.20,true,1,
9001616702983,false,"בקבוק לתינוק מאמ 330 מ""ל",General,HU,בקבוק תינוק סגול,מיליליטרים,330.00,"100 מ""ל",false,1,33.20,10.06,true,1,
9001616702990,false,"בקבוק לתינוק מאמ 330 מ""ל",General,HU,בקבוק תינוק ירו,מיליליטרים,330.00,"100 מ""ל",false,1,33.20,10.06,true,1,
9001616703027,false,בקבוק האכלה לתינוק מ,General,AT,בקבוק תינוק אפור,מיליליטרים,330.00,"100 מ""ל",false,1,33.20,10.06,true,1,
9001616703102,false,מאם בקבוק אימון 220 מל ירוק,General,AT,בקבוק אימון ירוק,מיליליטרים,220.00,"100 מ""ל",false,1,46.00,20.91,true,1,
9001616703249,false,מחזיק מוצץ יוניסקס יחידה,אלפא,AT,מחזיק מוצץ יוניס,יחידה,1.00,יחידה,false,1,24.70,24.70,true,1,
9001616804571,false,מאם זוג ידיות לבקבוק יום ולילה ורוד,אלפא,AT,ידיות לבקבוק ורו,יחידה,1.00,יחידה,false,1,29.80,29.80,true,1,
9001616813856,false,מוצצי +6 יום לילה מארז שלישיה,מאמ,AT,מוצצים יום ולילה,יחידה,1.00,יחידה,false,1,42.60,42.60,true,1,
9005800317021,false,ניוואה סקראב אורז עור מעורב אלוורה 75מל,אלפא,DE,פילינג אורז לעור,מיליליטרים,75.00,"100 מ""ל",false,1,17.00,22.67,true,1,
9005800343143,false,"ניוואה מן אפטר-שייב קול קיק פרש 100 מ""ל",ניואה,DE,אפטר שייב ניוואה,מיליליטרים,100.00,"100 מ""ל",false,1,34.10,34.10,true,1,
9310072028743,false,טים טם ביסקוויט במילוי שוקולד 200 גרם,"ארנוטס ביסקוויטס בע""",AU,טים טם אורגינל,גרמים,200.00,100 גרם,false,1,13.50,6.75,true,1,
9310072028750,false,טים טם Tim Tam וופל שוקולד ציפוי כפול,"ארנוטס ביסקוויטס בע""",AU,טים טם דאבל,גרמים,200.00,100 גרם,false,1,13.50,6.75,true,1,
