code,internal_code,name,manufacturer_name,manufacture_country,manufacturer_item_description,unit_qty,quantity,unit_of_measure,weighted,qty_in_package,price,unit_of_measure_price,allow_discount,status,item_id
44,true,שווארמה בבגט/פיתה,,,שווארמה בבגט/פיתה,אין,0.00,יחידה,false,,30.00,0.0000,true,1,22020
55,true,משלוחים לבית,,,משלוחים לבית,אין,0.00,יחידה,false,,29.90,0.0000,true,1,22021
64,true,תוספת משלוח לבית בקנ,,,תוספת משלוח לבית בקנ,אין,0.00,יחידה,false,,20.00,0.0000,true,1,26130
103,true,לחמניה בריאות,,,לחמניה בריאות,יח',1.00,יח',false,,4.20,4.2000,true,1,4977
116,true,פלסטונים,,,פלסטונים,אין,0.00,יחידה,false,,4.90,0.0000,true,1,12676
121,true,משלוח לקוח מוסדי,,,משלוח לקוח מוסדי,אין,0.00,יחידה,false,,45.00,0.0000,true,1,88509
161,true,קישוא עגול,,,קישוא עגול,קילוגרמים,1.00,"ק""ג",true,,12.90,12.9000,true,1,32442
163,true,פטריות שמפיניון תפזו,,,פטריות שמפיניון תפזו,קילוגרמים,1.00,"ק""ג",true,,39.90,39.9000,true,1,31164
164,true,פטריות חורש תפזורת,,,פטריות חורש תפזורת,קילוגרמים,1.00,"ק""ג",true,,39.90,39.9000,true,1,25687
173,true,דלעת ערמונים,,,דלעת ערמונים,קילוגרמים,1.00,"ק""ג",true,,11.90,11.9000,true,1,646
301,true,בקבוק ריק חוזר בירה,,,בקבוק ריק חוזר בירה,אין,0.00,יחידה,false,,1.20,0.0000,true,1,7303
352,true,לחמניית ראנצ`,,,לחמניית ראנצ`,אין,0.00,יחידה,false,,2.90,0.0000,true,1,6022
374,true,פטריות שמפניון,,,פטריות שמפניון,יח',1.00,יח',false,,8.90,8.9000,true,1,32443
395,true,לחמניה/כריך ילדים,,,לחמניה/כריך ילדים,יח',1.00,יח',false,,2.50,2.5000,true,1,4983
572,true,קופון מצטרף חדש למוע,,,קופון מצטרף חדש למוע,אין,0.00,יחידה,false,,0.01,0.0000,true,1,22033
573,true,קופון מצטרף חדש למוע,,,קופון מצטרף חדש למוע,אין,0.00,יחידה,false,,0.01,0.0000,true,1,22034
574,true,קופון מצטרף חדש למוע,,,קופון מצטרף חדש למוע,אין,0.00,יחידה,false,,0.01,0.0000,true,1,22035
652,true,כריך פרצל,,,כריך פרצל,יח',1.00,יח',false,,4.50,4.5000,true,1,4991
996,true,חלה קלועה,,,חלה קלועה,יח',1.00,יח',false,,11.90,11.9000,true,1,4994
998,true,חלה מתוקה קלועה,,,חלה מתוקה קלועה,יח',1.00,יח',false,,11.90,11.9000,true,1,4996
1009,true,בגט שלם,,,בגט שלם,יח',1.00,יח',false,,4.90,4.9000,true,1,5000
1014,true,בגט רוסטיק,,,בגט רוסטיק,יח',1.00,יח',false,,8.50,8.5000,true,1,5002
1020,true,שליש בגט,,,שליש בגט,יח',1.00,יח',false,,2.70,2.7000,true,1,5004
1025,true,בומבולונה ביס,,,בומבולונה ביס,גרמים,25.00,100 גרם,false,,3.30,0.1320,true,1,3173
1028,true,חצי בגט,,,חצי בגט,יח',1.00,יח',false,,3.50,3.5000,true,1,5005
1058,true,חלה רגילה/חלה ציפורי,,,חלה רגילה/חלה ציפורי,גרמים,500.00,100 גרם,false,,5.17,0.0103,true,1,6024
1091,true,צנונית בייבי,,,צנונית בייבי,גרמים,400.00,100 גרם,false,,5.90,0.0148,true,1,22684
1095,true,בייבי בטטה,,,בייבי בטטה,יח',1.00,יח',false,,6.90,6.9000,true,1,2699
1128,true,אגס חום,,,אגס חום,קילוגרמים,1.00,"ק""ג",true,,15.90,15.9000,true,1,32446
1476,true,לימון סיני,,,לימון סיני,קילוגרמים,1.00,"ק""ג",true,,12.90,12.9000,true,1,32448
1477,true,עגבניות מגי,,,עגבניות מגי,גרמים,450.00,100 גרם,false,,14.90,0.0331,true,1,32449
1481,true,שזיף שגיב,,,שזיף שגיב,קילוגרמים,1.00,"ק""ג",true,,17.90,17.9000,true,1,32451
1486,true,פומלה אדומה,,,פומלה אדומה,קילוגרמים,1.00,"ק""ג",true,,7.90,7.9000,true,1,32453
1488,true,אשכולית אדומה,,,אשכולית אדומה,קילוגרמים,1.00,"ק""ג",true,,6.90,6.9000,true,1,3240
1489,true,שום ירוק קצוץ,,,שום ירוק קצוץ,קילוגרמים,1.00,"ק""ג",true,,17.90,17.9000,true,1,32454
1494,true,תפו`א לבן תפזורת,,,תפו`א לבן תפזורת,קילוגרמים,1.00,"ק""ג",true,,4.90,4.9000,true,1,32457
1495,true,תפו`א  אדום תפזורת,,,תפו`א  אדום תפזורת,קילוגרמים,1.00,"ק""ג",true,,5.90,5.9000,true,1,2701
1499,true,עגבניות תמר,,,עגבניות תמר,קילוגרמים,1.00,"ק""ג",true,,4.90,4.9000,true,1,32459
1500,true,פלפל כתום,,,פלפל כתום,קילוגרמים,1.00,"ק""ג",true,,8.90,8.9000,true,1,32460
1501,true,עגבניות,,,עגבניות,קילוגרמים,1.00,"ק""ג",true,,6.90,6.9000,true,1,32461
1502,true,מלפפונים,,,מלפפונים,קילוגרמים,1.00,"ק""ג",true,,5.90,5.9000,true,1,2302
1503,true,גזר ארוז,,,גזר ארוז,קילוגרמים,1.00,"ק""ג",true,,3.90,3.9000,true,1,32462
1504,true,סלק,,,סלק,קילוגרמים,1.00,"ק""ג",true,,3.90,3.9000,true,1,32463
1505,true,כרוב לבן,,,כרוב לבן,קילוגרמים,1.00,"ק""ג",true,,3.90,3.9000,true,1,32464
1506,true,כרוב אדום,,,כרוב אדום,קילוגרמים,1.00,"ק""ג",true,,5.90,5.9000,true,1,2303
1507,true,כרובית,,,כרובית,קילוגרמים,1.00,"ק""ג",true,,8.90,8.9000,true,1,660
1510,true,קישואים,,,קישואים,קילוגרמים,1.00,"ק""ג",true,,7.90,7.9000,true,1,661
1511,true,חצילים,,,חצילים,קילוגרמים,1.00,"ק""ג",true,,7.90,7.9000,true,1,662
1513,true,פלפל ירוק,,,פלפל ירוק,קילוגרמים,1.00,"ק""ג",true,,8.90,8.9000,true,1,32466
1514,true,פלפל בהיר,,,פלפל בהיר,קילוגרמים,1.00,"ק""ג",true,,8.90,8.9000,true,1,32467
1515,true,פלפל חריף,,,פלפל חריף,קילוגרמים,1.00,"ק""ג",true,,8.90,8.9000,true,1,32468
1516,true,פלפל אדום,,,פלפל אדום,קילוגרמים,1.00,"ק""ג",true,,8.90,8.9000,true,1,239
1517,true,פלפל רומרו,,,פלפל רומרו,קילוגרמים,1.00,"ק""ג",true,,12.90,12.9000,true,1,32469
1518,true,מלון,,,מלון,קילוגרמים,1.00,"ק""ג",true,,6.90,6.9000,true,1,32470
1519,true,בצל יבש,,,בצל יבש,קילוגרמים,1.00,"ק""ג",true,,4.90,4.9000,true,1,2769
1521,true,קולורבי,,,קולורבי,קילוגרמים,1.00,"ק""ג",true,,7.90,7.9000,true,1,32471
1522,true,חסה ערבית,,,חסה ערבית,יח',1.00,יח',false,,4.90,4.9000,true,1,32472
1527,true,פטרוזיליה גומי,,,פטרוזיליה גומי,יח',1.00,יח',false,,3.50,3.5000,true,1,22685
1528,true,כוסברה גומי,,,כוסברה גומי,יח',1.00,יח',false,,3.50,3.5000,true,1,22686
1529,true,שמיר גומי,,,שמיר גומי,יח',1.00,יח',false,,3.50,3.5000,true,1,22687
1530,true,נענע גומי,,,נענע גומי,יח',1.00,יח',false,,3.50,3.5000,true,1,22688
1531,true,לפת,,,לפת,קילוגרמים,1.00,"ק""ג",true,,5.90,5.9000,true,1,32476
1535,true,תפו`א אדום ארוז,,,תפו`א אדום ארוז,קילוגרמים,1.00,"ק""ג",true,,4.90,4.9000,true,1,32478
1540,true,חזרת,,,חזרת,אלף,1.00,"ק""ג",false,,39.90,39.9000,true,1,32480
1542,true,ערמונים,,,ערמונים,קילוגרמים,1.00,"ק""ג",true,,16.90,16.9000,true,1,32482
1545,true,שום ארוז ייבוא יח',,,שום ארוז ייבוא יח',יח',1.00,יח',false,,4.90,4.9000,true,1,32485
1547,true,שומר,,,שומר,קילוגרמים,1.00,"ק""ג",true,,6.90,6.9000,true,1,32487
1550,true,תפו`א לבן ארוז,,,תפו`א לבן ארוז,קילוגרמים,1.00,"ק""ג",true,,3.90,3.9000,true,1,32488
1551,true,לימון,,,לימון,קילוגרמים,1.00,"ק""ג",true,,7.90,7.9000,true,1,32489
1552,true,תפוז,,,תפוז,קילוגרמים,1.00,"ק""ג",true,,5.90,5.9000,true,1,32490
1553,true,ענב לבן,,,ענב לבן,קילוגרמים,1.00,"ק""ג",true,,29.90,29.9000,true,1,3424
1555,true,תפוז ארוז,,,תפוז ארוז,קילוגרמים,1.00,"ק""ג",true,,4.90,4.9000,true,1,2771
1556,true,בננה מובחרת,,,בננה מובחרת,קילוגרמים,1.00,"ק""ג",true,,6.90,6.9000,true,1,2304
1557,true,צנון,,,צנון,קילוגרמים,1.00,"ק""ג",true,,6.90,6.9000,true,1,32492
1558,true,אשכולית צהובה,,,אשכולית צהובה,קילוגרמים,1.00,"ק""ג",true,,6.90,6.9000,true,1,32493
1560,true,דלעת ארוזה,,,דלעת ארוזה,קילוגרמים,1.00,"ק""ג",true,,9.90,9.9000,true,1,32494
1561,true,תפוח עץ זהוב,,,תפוח עץ זהוב,קילוגרמים,1.00,"ק""ג",true,,9.90,9.9000,true,1,32495
1562,true,תפוח עץ יונתן,,,תפוח עץ יונתן,קילוגרמים,1.00,"ק""ג",true,,9.90,9.9000,true,1,32496
1563,true,תפוח עץ חרמון,,,תפוח עץ חרמון,קילוגרמים,1.00,"ק""ג",true,,9.90,9.9000,true,1,663
1564,true,תפוח עץ סמיט,,,תפוח עץ סמיט,קילוגרמים,1.00,"ק""ג",true,,9.90,9.9000,true,1,32497
1568,true,רימון,,,רימון,קילוגרמים,1.00,"ק""ג",true,,8.90,8.9000,true,1,32499
1570,true,קלמנטינה,,,קלמנטינה,קילוגרמים,1.00,"ק""ג",true,,5.90,5.9000,true,1,2305
1571,true,פלפל שושקה,,,פלפל שושקה,קילוגרמים,1.00,"ק""ג",true,,9.90,9.9000,true,1,2719
1572,true,אבוקדו מובחר,,,אבוקדו מובחר,קילוגרמים,1.00,"ק""ג",true,,9.90,9.9000,true,1,32500
1573,true,מנגו,,,מנגו,קילוגרמים,1.00,"ק""ג",true,,11.90,11.9000,true,1,32501
1574,true,בטטה מתוקה,,,בטטה מתוקה,קילוגרמים,1.00,"ק""ג",true,,8.90,8.9000,true,1,32502
1576,true,אגס,,,אגס,קילוגרמים,1.00,"ק""ג",true,,11.90,11.9000,true,1,664
1577,true,אגס נאשי,,,אגס נאשי,קילוגרמים,1.00,"ק""ג",true,,15.90,15.9000,true,1,32503
1581,true,פלפל צהוב,,,פלפל צהוב,קילוגרמים,1.00,"ק""ג",true,,8.90,8.9000,true,1,32505
1585,true,קובו,,,קובו,קילוגרמים,1.00,"ק""ג",true,,23.90,23.9000,true,1,2720
1588,true,תירס ארוז,,,תירס ארוז,קילוגרמים,1.00,"ק""ג",true,,9.90,9.9000,true,1,2772
1590,true,פומלה,,,פומלה,קילוגרמים,1.00,"ק""ג",true,,7.90,7.9000,true,1,32509
1591,true,ענב אדום,,,ענב אדום,קילוגרמים,1.00,"ק""ג",true,,22.90,22.9000,true,1,3566
1595,true,חציל בלדי,,,חציל בלדי,קילוגרמים,1.00,"ק""ג",true,,9.90,9.9000,true,1,2773
1601,true,סלרי חתוך ליח,,,סלרי חתוך ליח,יח',1.00,יח',false,,6.90,6.9000,true,1,29351
1603,true,אבוקדו ברשת,,,אבוקדו ברשת,קילוגרמים,1.00,"ק""ג",true,,9.90,9.9000,true,1,32513
1604,true,אפרסמון,,,אפרסמון,קילוגרמים,1.00,"ק""ג",true,,15.90,15.9000,true,1,665
1605,true,גויאבה,,,גויאבה,קילוגרמים,1.00,"ק""ג",true,,15.90,15.9000,true,1,32514
1606,true,אנונה,,,אנונה,קילוגרמים,1.00,"ק""ג",true,,29.90,29.9000,true,1,32515
1607,true,תפו`א קטן אפיה ארוז,,,תפו`א קטן אפיה ארוז,קילוגרמים,1.00,"ק""ג",true,,3.90,3.9000,true,1,32516
1608,true,זנגוויל\גינגיר תפזור,,,זנגוויל\גינגיר תפזור,קילוגרמים,1.00,"ק""ג",true,,24.90,24.9000,true,1,32517
1610,true,שרי אשכולות לקג,,,שרי אשכולות לקג,קילוגרמים,1.00,"ק""ג",true,,18.90,18.9000,true,1,666
1613,true,דלורית,,,דלורית,קילוגרמים,1.00,"ק""ג",true,,5.90,5.9000,true,1,32518
1615,true,בצל אדום,,,בצל אדום,קילוגרמים,1.00,"ק""ג",true,,5.90,5.9000,true,1,32519
1617,true,אננס,,,אננס,יח',1.00,יח',false,,36.90,36.9000,true,1,32520
1618,true,אפרסמון קרמבו,,,אפרסמון קרמבו,קילוגרמים,1.00,"ק""ג",true,,15.90,15.9000,true,1,2774
1619,true,פומלית,,,פומלית,קילוגרמים,1.00,"ק""ג",true,,6.90,6.9000,true,1,32521
1620,true,קיווי,,,קיווי,קילוגרמים,1.00,"ק""ג",true,,18.90,18.9000,true,1,2775
1632,true,קישוא זוקיני ירוק,,,קישוא זוקיני ירוק,קילוגרמים,1.00,"ק""ג",true,,11.90,11.9000,true,1,2777
1636,true,פיטאיה,,,פיטאיה,גרמים,700.00,100 גרם,false,,17.90,0.0256,true,1,2836
1645,true,תפוח עץ גלה,,,תפוח עץ גלה,קילוגרמים,1.00,"ק""ג",true,,9.90,9.9000,true,1,32525
1668,true,ליצ`י,,,ליצ`י,גרמים,300.00,100 גרם,false,,11.90,0.0397,true,1,32528
1670,true,"בטטה קסביה (תפו""א יר",,,"בטטה קסביה (תפו""א יר",קילוגרמים,1.00,"ק""ג",true,,15.90,15.9000,true,1,32530
1683,true,תפוח עץ פינק קריפס,,,תפוח עץ פינק קריפס,קילוגרמים,1.00,"ק""ג",true,,12.90,12.9000,true,1,2528
1708,true,גזר תפזורת,,,גזר תפזורת,קילוגרמים,1.00,"ק""ג",true,,4.90,4.9000,true,1,32536
1814,true,בצלצלי שאלוט,,,בצלצלי שאלוט,גרמים,280.00,100 גרם,false,,14.90,0.0532,true,1,22689
1840,true,ברוקולי,,,ברוקולי,קילוגרמים,1.00,"ק""ג",true,,9.90,9.9000,true,1,32543
1841,true,תפוח פינק קריפס  מאר,,,תפוח פינק קריפס  מאר,גרמים,600.00,100 גרם,false,,10.90,0.0182,true,1,32544
1845,true,שעועית ירוקה יח`,,,שעועית ירוקה יח`,יח',1.00,יח',false,,15.90,15.9000,true,1,25688
1876,true,עירית ליח,,,עירית ליח,יח',1.00,יח',false,,5.90,5.9000,true,1,25690
1883,true,שום יבש תפזורת,,,שום יבש תפזורת,קילוגרמים,1.00,"ק""ג",true,,17.90,17.9000,true,1,32546
1941,true,ענב שחור,,,ענב שחור,קילוגרמים,1.00,"ק""ג",true,,22.90,22.9000,true,1,3568
1977,true,לימון,,,לימון,קילוגרמים,1.00,"ק""ג",true,,7.90,7.9000,true,1,461440
1989,true,תירס לבן ארוז יח',,,תירס לבן ארוז יח',אלף,1.20,"ק""ג",false,,8.90,7.4167,true,1,2755
1993,true,שרי תמר   תפזורת,,,שרי תמר   תפזורת,קילוגרמים,1.00,"ק""ג",true,,19.90,19.9000,true,1,2952
2024,true,מאפה פילו מתוק/מלוח,,,מאפה פילו מתוק/מלוח,קילוגרמים,1.00,"ק""ג",true,,39.00,39.0000,true,1,34071
2026,true,קוקיס חלבי,,,קוקיס חלבי,קילוגרמים,1.00,"ק""ג",true,,49.00,49.0000,true,1,34085
2027,true,קוקיס פרווה,,,קוקיס פרווה,קילוגרמים,1.00,"ק""ג",true,,49.00,49.0000,true,1,34086
2244,true,חלה וויזניץ 500 גרם,,,חלה וויזניץ 500 גרם,יח',1.00,יח',false,,17.90,17.9000,true,1,432627
3496,true,כפתורים טרי (שישליק),,,כפתורים טרי (שישליק),קילוגרמים,1.00,"ק""ג",true,,39.90,39.9000,true,1,17311
3500,true,עוף טרי שלם,,,עוף טרי שלם,קילוגרמים,1.00,"ק""ג",true,,18.90,18.9000,true,1,2944
3501,true,כרעיים עוף טרי,,,כרעיים עוף טרי,קילוגרמים,1.00,"ק""ג",true,,26.90,26.9000,true,1,2945
3502,true,חזה עוף טרי,,,חזה עוף טרי,קילוגרמים,1.00,"ק""ג",true,,31.90,31.9000,true,1,2967
3506,true,גרון הודו זכר טרי,,,גרון הודו זכר טרי,קילוגרמים,1.00,"ק""ג",true,,29.90,29.9000,true,1,17313
3507,true,שניצל עוף פרוס טרי,,,שניצל עוף פרוס טרי,קילוגרמים,1.00,"ק""ג",true,,34.90,34.9000,true,1,2968
3508,true,כנפים הודו טרי,,,כנפים הודו טרי,קילוגרמים,1.00,"ק""ג",true,,17.90,17.9000,true,1,17314
3511,true,חזה הודו טרי,,,חזה הודו טרי,קילוגרמים,1.00,"ק""ג",true,,28.90,28.9000,true,1,17315
3512,true,שוארמה נקבה טרי,,,שוארמה נקבה טרי,קילוגרמים,1.00,"ק""ג",true,,69.90,69.9000,true,1,17316
3515,true,שוקיים הודו טרי,,,שוקיים הודו טרי,קילוגרמים,1.00,"ק""ג",true,,24.90,24.9000,true,1,17318
3517,true,שוקיים פטם טרי,,,שוקיים פטם טרי,קילוגרמים,1.00,"ק""ג",true,,27.90,27.9000,true,1,2946
3520,true,ירכיים עוף טרי,,,ירכיים עוף טרי,קילוגרמים,1.00,"ק""ג",true,,26.90,26.9000,true,1,2947
3522,true,שוארמה פרגיות טרי,,,שוארמה פרגיות טרי,קילוגרמים,1.00,"ק""ג",true,,54.90,54.9000,true,1,17320
3523,true,טחון עגל מקפוא,,,טחון עגל מקפוא,קילוגרמים,1.00,"ק""ג",true,,34.90,34.9000,true,1,28884
3535,true,פילה עוף טרי,,,פילה עוף טרי,קילוגרמים,1.00,"ק""ג",true,,34.90,34.9000,true,1,2969
3540,true,שוק הודו מפורק טרי,,,שוק הודו מפורק טרי,קילוגרמים,1.00,"ק""ג",true,,54.90,54.9000,true,1,17326
3546,true,בשר עוף טרי טחון,,,בשר עוף טרי טחון,קילוגרמים,1.00,"ק""ג",true,,36.90,36.9000,true,1,3493
3611,true,זנבות הודו טרי,,,זנבות הודו טרי,קילוגרמים,1.00,"ק""ג",true,,5.90,5.9000,true,1,17328
4015,true,קוקוס ראש,,,קוקוס ראש,יח',1.00,יח',false,,5.90,5.9000,true,1,2783
5202,true,לחמניה שמיניה דגנים,,,לחמניה שמיניה דגנים,יח',1.00,יח',false,,3.90,3.9000,true,1,5041
5506,true,דונאטס בטעמים ממולא,,,דונאטס בטעמים ממולא,גרמים,65.00,100 גרם,false,,7.90,0.1215,true,1,455647
5850,true,קופון עובדי דולצ'ה ו,,,קופון עובדי דולצ'ה ו,אין,0.00,יחידה,false,,0.01,0.0000,true,1,22077
6013,true,"תרומה פתחון לב 10 ש""",,,"תרומה פתחון לב 10 ש""",אין,0.00,יחידה,false,,10.00,0.0000,true,1,285087
6164,true,אגוז מלך קלוף,,,אגוז מלך קלוף,קילוגרמים,1.00,"ק""ג",true,,89.00,89.0000,true,1,20429
6175,true,שישיית מי עדן  1.5 ל,,,שישיית מי עדן  1.5 ל,אין,0.00,יחידה,false,,0.01,0.0000,true,1,319561
6669,true,פאקן טבעי,,,פאקן טבעי,קילוגרמים,1.00,"ק""ג",true,,129.00,129.0000,true,1,20431
6683,true,חמניות קלופות,,,חמניות קלופות,קילוגרמים,1.00,"ק""ג",true,,45.00,45.0000,true,1,20432
6751,true,מנצ`יס,,,מנצ`יס,קילוגרמים,1.00,"ק""ג",true,,55.00,55.0000,true,1,20433
7147,true,תערובת פיצוחים,,,תערובת פיצוחים,קילוגרמים,1.00,"ק""ג",true,,89.00,89.0000,true,1,20434
7208,true,שקד טבעי ענק,,,שקד טבעי ענק,קילוגרמים,1.00,"ק""ג",true,,89.00,89.0000,true,1,20435
7444,true,חמצוצים לק`ג,,,חמצוצים לק`ג,קילוגרמים,1.00,"ק""ג",true,,46.00,46.0000,true,1,20438
7451,true,גרעין שחור קלוי,,,גרעין שחור קלוי,קילוגרמים,1.00,"ק""ג",true,,29.00,29.0000,true,1,20439
7664,true,שרי תמר תפזורת לובלו,,,שרי תמר תפזורת לובלו,קילוגרמים,1.00,"ק""ג",true,,19.90,19.9000,true,1,32548
7703,true,אגוז ברזיל טבעי,,,אגוז ברזיל טבעי,קילוגרמים,1.00,"ק""ג",true,,90.00,90.0000,true,1,20441
7949,true,בונדוק טבעי,,,בונדוק טבעי,קילוגרמים,1.00,"ק""ג",true,,110.00,110.0000,true,1,20442
8625,true,פרלינים במשקל,,,פרלינים במשקל,קילוגרמים,1.00,"ק""ג",true,,89.00,89.0000,true,1,20446
8731,true,בוטן טבעי,,,בוטן טבעי,קילוגרמים,1.00,"ק""ג",true,,28.00,28.0000,true,1,20447
8888,true,פיקדון זיכוי לקוח,,,פיקדון זיכוי לקוח,אין,0.00,יחידה,false,,0.30,0.0000,true,1,22146
9999,true,פיקדון בקבוקים,,,פיקדון בקבוקים,אין,0.00,יחידה,false,,0.30,0.0000,true,1,1844
77650,true,זית יווני שבור,,,זית יווני שבור,קילוגרמים,1.00,"ק""ג",true,,59.00,59.0000,true,1,153240
77667,true,מלפפון תפזורת,,,מלפפון תפזורת,קילוגרמים,1.00,"ק""ג",true,,30.00,30.0000,true,1,153254
5678585,true,ענב סקרלוטה,,,ענב סקרלוטה,קילוגרמים,1.00,"ק""ג",true,,22.90,22.9000,true,1,2842
14079243,false,גרגר נחלים ליח,,,גרגר נחלים ליח,יח',1.00,יח',false,,5.90,5.9000,true,1,29941
15983006,false,חסה רומית שדות בר,,,חסה רומית שדות בר,קילוגרמים,1.00,"ק""ג",true,,30.00,30.0000,true,1,30500
15983051,false,לוף/כרישה שטוף שדות,,,לוף/כרישה שטוף שדות,קילוגרמים,1.00,"ק""ג",true,,30.00,30.0000,true,1,30504
15983075,false,בצל ירוק שטוף שדות ב,,,בצל ירוק שטוף שדות ב,קילוגרמים,1.00,"ק""ג",true,,30.00,30.0000,true,1,30505
15983082,false,ירק שטוף שדות בר,,,ירק שטוף שדות בר,קילוגרמים,1.00,"ק""ג",true,,30.00,30.0000,true,1,30506
15983129,false,פלפלונים שדות בר,,,פלפלונים שדות בר,קילוגרמים,1.00,"ק""ג",true,,30.00,30.0000,true,1,30508
15983143,false,מלפפון בייבי שדות בר,,,מלפפון בייבי שדות בר,קילוגרמים,1.00,"ק""ג",true,,30.00,30.0000,true,1,30510
32147230,false,מיץ לימון סיצילייה 2,,,מיץ לימון סיצילייה 2,מיליליטרים,200.00,"100 מ""ל",false,,6.90,0.0345,true,1,6451
40099132,false,הובה בובה צאנק תות 3,,,הובה בובה צאנק תות 3,גרמים,35.00,100 גרם,false,,3.00,0.0857,true,1,14081
40111216,false,חטיף שוקולד באונטי 5,,,חטיף שוקולד באונטי 5,גרמים,57.00,100 גרם,false,,3.90,0.0684,true,1,14082
42123866,false,הובה בובה צ'אנק קלאס,,,הובה בובה צ'אנק קלאס,גרמים,35.00,100 גרם,false,,3.00,0.0857,true,1,14085
42246640,false,דאודורנט רול און פאו,,,דאודורנט רול און פאו,מיליליטרים,50.00,"100 מ""ל",false,,14.90,0.2980,true,1,228428
50398904,false,קרם חמצן 6% אינדולה,,,קרם חמצן 6% אינדולה,מיליליטרים,60.00,"100 מ""ל",false,,4.50,0.0750,true,1,7856
50398911,false,אינדולה קרם חמצן 9%,,,אינדולה קרם חמצן 9%,מיליליטרים,60.00,"100 מ""ל",false,,4.00,0.0667,true,1,7857
59082637,false,רקסונה רול-און אקסטר,,,רקסונה רול-און אקסטר,מיליליטרים,50.00,"100 מ""ל",false,,14.90,0.2980,true,1,8945
72940754,false,"מילקי וניל 170 מ""ל",,,"מילקי וניל 170 מ""ל",מיליליטרים,170.00,"100 מ""ל",false,,2.90,0.0171,true,1,15399
72940761,false,מילקי שוקולד מהדרין,,,מילקי שוקולד מהדרין,מיליליטרים,170.00,"100 מ""ל",false,,2.90,0.0171,true,1,15400
72940952,false,מילקי אקסטראה קצפת מ,,,מילקי אקסטראה קצפת מ,מיליליטרים,110.00,"100 מ""ל",false,,3.50,0.0318,true,1,15401
72940983,false,אחלה חומוס 250ג,,,אחלה חומוס 250ג,גרמים,250.00,100 גרם,false,,6.90,0.0276,true,1,15403
72941041,false,מיני מילקי שוקולד 70,,,מיני מילקי שוקולד 70,מיליליטרים,70.00,"100 מ""ל",false,,2.50,0.0357,true,1,15404
72945308,false,שמרית קוביות שמרים ל,,,שמרית קוביות שמרים ל,גרמים,50.00,100 גרם,false,,3.50,0.0700,true,1,15405
72961506,false,פרילי תות 1.5% 125מל,,,פרילי תות 1.5% 125מל,מיליליטרים,125.00,"100 מ""ל",false,,3.50,0.0280,true,1,16635
72961520,false,פרילי אננס 1.5% 125מ,,,פרילי אננס 1.5% 125מ,מיליליטרים,125.00,"100 מ""ל",false,,3.50,0.0280,true,1,16637
72961544,false,באדי תות 125מל,,,באדי תות 125מל,מיליליטרים,125.00,"100 מ""ל",false,,2.90,0.0232,true,1,16638
72963753,false,תנובה שמנת של פעם 27,,,תנובה שמנת של פעם 27,מיליליטרים,200.00,"100 מ""ל",false,,4.00,0.0200,true,1,16642
72986370,false,גלידת פיינטים וניל צ,,,גלידת פיינטים וניל צ,מיליליטרים,420.00,"100 מ""ל",false,,19.90,0.0474,true,1,10969
72986424,false,גלידת פיינטים קרם עו,,,גלידת פיינטים קרם עו,מיליליטרים,420.00,"100 מ""ל",false,,19.90,0.0474,true,1,10970
72986448,false,גלידת טופי קרנץ,,,גלידת טופי קרנץ,מיליליטרים,420.00,"100 מ""ל",false,,19.90,0.0474,true,1,10971
72986455,false,גלידת פיינטים ניו-יו,,,גלידת פיינטים ניו-יו,מיליליטרים,420.00,"100 מ""ל",false,,19.90,0.0474,true,1,10972
72986479,false,גלידת פיינטים צאנקי,,,גלידת פיינטים צאנקי,מיליליטרים,420.00,"100 מ""ל",false,,19.90,0.0474,true,1,10973
72989425,false,גלידת פיינטים שוקולד,,,גלידת פיינטים שוקולד,מיליליטרים,500.00,"100 מ""ל",false,,19.90,0.0398,true,1,10974
72991374,false,טיים רד,,,טיים רד,אין,0.00,יחידה,false,,28.90,0.0000,false,1,6085
80001287,false,חטיף גרדנה אגוז 38 ג,,,חטיף גרדנה אגוז 38 ג,גרמים,38.00,100 גרם,false,,3.50,0.0921,true,1,10022
80001485,false,גרדנה קוקוס 38 גרם,,,גרדנה קוקוס 38 גרם,גרמים,38.00,100 גרם,false,,3.50,0.0921,true,1,10024
80042556,false,עגבניות MUTTI מרוסקו,,,עגבניות MUTTI מרוסקו,גרמים,400.00,100 גרם,false,,5.90,0.0148,true,1,93078
80050025,false,טיק טק תפוז,,,טיק טק תפוז,גרמים,16.00,100 גרם,false,,2.90,0.1812,true,1,25632
80050124,false,טיק טק סוכריות,,,טיק טק סוכריות,גרמים,16.00,100 גרם,false,,2.90,0.1812,true,1,25633
80052760,false,חטיף קינדר בואנו שוק,,,חטיף קינדר בואנו שוק,גרמים,43.00,100 גרם,false,,3.90,0.0907,true,1,25637
80136194,false,הפי היפו 5*20ג,,,הפי היפו 5*20ג,גרמים,102.00,100 גרם,false,,12.90,0.1265,true,1,25638
80176800,false,ממרח שוקולד נוטלה 75,,,ממרח שוקולד נוטלה 75,גרמים,750.00,100 גרם,false,,25.90,0.0345,true,1,25640
80177173,false,ממרח נוטלה קקאו עם א,,,ממרח נוטלה קקאו עם א,גרמים,350.00,100 גרם,false,,14.90,0.0426,true,1,25641
80177609,false,קינדר אצבעות שוק.חלב,,,קינדר אצבעות שוק.חלב,גרמים,50.00,100 גרם,false,,4.90,0.0980,true,1,25643
80177616,false,אצבעות שוקולד קינדר,,,אצבעות שוקולד קינדר,גרמים,100.00,100 גרם,false,,7.90,0.0790,true,1,25644
80533962,false,פילה טונה בשמן זית כ,,,פילה טונה בשמן זית כ,גרמים,200.00,100 גרם,false,,49.90,0.2495,true,1,337579
80761761,false,קינדר בואנו לבן 39ג,,,קינדר בואנו לבן 39ג,גרמים,43.00,100 גרם,false,,3.90,0.0907,true,1,25646
80768838,false,מסטיק מנטוס וויט מנט,,,מסטיק מנטוס וויט מנט,גרמים,105.00,100 גרם,false,,16.90,0.1610,true,1,1284
80773429,false,מסטיק מנטוס בקבוק בט,,,מסטיק מנטוס בקבוק בט,גרמים,60.00,100 גרם,false,,10.90,0.1817,true,1,10031
80773443,false,מסטיק מנטוס בקבוק בט,,,מסטיק מנטוס בקבוק בט,גרמים,60.00,100 גרם,false,,10.90,0.1817,true,1,10032
80790990,false,מסטיק מנטוס בקבוק בט,,,מסטיק מנטוס בקבוק בט,גרמים,60.00,100 גרם,false,,10.90,0.1817,true,1,10033
80864295,false,מנטוס פיור וויט ללא,,,מנטוס פיור וויט ללא,גרמים,60.00,100 גרם,false,,10.90,0.1817,true,1,177198
80874652,false,קינדר קארדס חטיף בוד,,,קינדר קארדס חטיף בוד,גרמים,25.60,100 גרם,false,,3.90,0.1523,true,1,23062
80896081,false,מסטיק מנטוס בקבוק בט,,,מסטיק מנטוס בקבוק בט,גרמים,60.00,100 גרם,false,,10.90,0.1817,true,1,10039
80913467,false,מסטיק מנטוס בקבוק בט,,,מסטיק מנטוס בקבוק בט,גרמים,60.00,100 גרם,false,,10.90,0.1817,true,1,10040
80945468,false,מנטוס פיור וויט ללא,,,מנטוס פיור וויט ללא,גרמים,60.00,100 גרם,false,,10.90,0.1817,true,1,177213
80986348,false,מנטוס פיור וויט ללא,,,מנטוס פיור וויט ללא,גרמים,60.00,100 גרם,false,,10.90,0.1817,true,1,177199
87108538,false,מנטוס תות בגליל 37.5,,,מנטוס תות בגליל 37.5,גרמים,37.50,100 גרם,false,,2.90,0.0773,true,1,10043
87108651,false,סוכריות מנטוס מנטה 1,,,סוכריות מנטוס מנטה 1,גרמים,150.00,100 גרם,false,,10.90,0.0727,true,1,1228
87108712,false,סוכריות מנטוס פירות,,,סוכריות מנטוס פירות,גרמים,150.00,100 גרם,false,,10.90,0.0727,true,1,1229
87311396,false,מנטוס סוכריות גליל,,,מנטוס סוכריות גליל,גרמים,37.00,100 גרם,false,,2.90,0.0784,true,1,10046
90087011,false,מיץ תפוחים 1 ליטר,,,מיץ תפוחים 1 ליטר,ארגז,1.00,ליטר,false,,11.50,11.5000,true,1,16183
90087974,false,חומץ תפוחים 5% תומר,,,חומץ תפוחים 5% תומר,מיליליטרים,750.00,"100 מ""ל",false,,10.90,0.0145,true,1,16189
90162602,false,משקה אנרגיה RED BULL,,,משקה אנרגיה RED BULL,מיליליטרים,250.00,"100 מ""ל",false,,5.90,0.0236,true,1,6340
198888886,false,עיגול אגורות,,,עיגול אגורות,אין,0.00,יחידה,false,,1.00,0.0000,true,1,29126
8112100298,false,שמן שומשום טהור לא מ,,,שמן שומשום טהור לא מ,מיליליטרים,185.00,"100 מ""ל",false,,14.90,0.0805,true,1,431758
10900634069,false,שקיות אשפה חזקות במי,,,שקיות אשפה חזקות במי,גרמים,325.00,100 גרם,false,,12.90,0.0397,true,1,269028
10900678148,false,רדיד אלומיניום נון ס,,,רדיד אלומיניום נון ס,אין,0.00,יחידה,false,,14.90,0.0000,true,1,168768
10900681193,false,שקיות אשפה חזקות במי,,,שקיות אשפה חזקות במי,גרמים,325.00,100 גרם,false,,12.90,0.0397,true,1,269029
11210000094,false,טבסקו,,,טבסקו,מיליליטרים,60.00,"100 מ""ל",false,,9.90,0.1650,true,1,24179
11210009387,false,רוטב ירוק 60 מל,,,רוטב ירוק 60 מל,מיליליטרים,60.00,"100 מ""ל",false,,9.90,0.1650,true,1,24185
11210698055,false,רוטב טבסקו סרירצ'ה,,,רוטב טבסקו סרירצ'ה,מיליליטרים,566.00,"100 מ""ל",false,,28.90,0.0511,true,1,24187
13300609118,false,תערובת עוגה מיקס שוק,,,תערובת עוגה מיקס שוק,גרמים,432.00,100 גרם,false,,15.90,0.0368,true,1,371748
16000185517,false,פייבר1- דגני בוקר עת,,,פייבר1- דגני בוקר עת,גרמים,555.00,100 גרם,false,,24.90,0.0449,true,1,165282
16000423534,false,חטיף קראנצי שיבולת ש,,,חטיף קראנצי שיבולת ש,גרמים,210.00,100 גרם,false,,19.50,0.0929,true,1,10049
16000548404,false,חטיף קראנצי גרנולה ש,,,חטיף קראנצי גרנולה ש,גרמים,210.00,100 גרם,false,,19.50,0.0929,true,1,10051
16000548503,false,חטיף קראנצי גרנולה מ,,,חטיף קראנצי גרנולה מ,גרמים,210.00,100 גרם,false,,19.50,0.0929,true,1,10053
16000548602,false,חטיף שיבולת שועל מלא,,,חטיף שיבולת שועל מלא,גרמים,210.00,100 גרם,false,,19.50,0.0929,true,1,10054
16000548909,false,חטיף קראנצי גרנולה מ,,,חטיף קראנצי גרנולה מ,גרמים,210.00,100 גרם,false,,19.50,0.0929,true,1,10056
16229924263,false,"קרם קוקוס 250 מ""ל.",,,"קרם קוקוס 250 מ""ל.",מיליליטרים,250.00,"100 מ""ל",false,,9.90,0.0396,true,1,1337
18000701223,false,תערובת לעוגת שוק.דוי,,,תערובת לעוגת שוק.דוי,גרמים,500.00,100 גרם,false,,16.90,0.0338,true,1,10057
18000703494,false,תערובת לעוגת וניל פר,,,תערובת לעוגת וניל פר,גרמים,517.00,100 גרם,false,,16.90,0.0327,true,1,10058
18000766413,false,תערובת לעוגת בראוניס,,,תערובת לעוגת בראוניס,גרמים,550.00,100 גרם,false,,16.90,0.0307,true,1,10060
21723339994,false,טיפרוס רוטב דגים מזר,,,טיפרוס רוטב דגים מזר,מיליליטרים,300.00,"100 מ""ל",false,,9.90,0.0330,true,1,431418
22200956932,false,דאו' ג'ל כחול ספיד ס,,,דאו' ג'ל כחול ספיד ס,גרמים,85.00,100 גרם,false,,18.90,0.2224,true,1,14392
25675120037,false,חמצוצים מקלות תות 10,,,חמצוצים מקלות תות 10,גרמים,100.00,100 גרם,false,,8.90,0.0890,true,1,5658
25675120044,false,חמצוצים מקלות תפוח ע,,,חמצוצים מקלות תפוח ע,גרמים,100.00,100 גרם,false,,8.90,0.0890,true,1,5659
25675120068,false,חמצוצים מקלות קולה 1,,,חמצוצים מקלות קולה 1,גרמים,100.00,100 גרם,false,,8.90,0.0890,true,1,5660
25700005650,false,זיפלוק שקיות הקפאה ג,,,זיפלוק שקיות הקפאה ג,גרמים,201.00,100 גרם,false,,12.90,0.0642,true,1,33884
30000315958,false,פרוטאין בננה אגוזים,,,פרוטאין בננה אגוזים,גרמים,366.00,100 גרם,false,,21.30,0.0582,true,1,15881
30000315989,false,פרוטאין חמוציות ושקד,,,פרוטאין חמוציות ושקד,גרמים,372.00,100 גרם,false,,21.30,0.0573,true,1,15882
37600207188,false,סקיפי חמאת בוטנים קל,,,סקיפי חמאת בוטנים קל,גרמים,462.00,100 גרם,false,,17.90,0.0387,true,1,6343
37600207256,false,סקיפי חמאת בוטנים עם,,,סקיפי חמאת בוטנים עם,גרמים,462.00,100 גרם,false,,17.90,0.0387,true,1,6344
38000232152,false,פרינגלס ביג ברביקיו,,,פרינגלס ביג ברביקיו,גרמים,158.00,100 גרם,false,,8.90,0.0563,true,1,1379
38000232176,false,פרינגלס ביג שמנת בצל,,,פרינגלס ביג שמנת בצל,גרמים,158.00,100 גרם,false,,8.90,0.0563,true,1,1380
38000232183,false,פרינגלס ביג אורגינל,,,פרינגלס ביג אורגינל,גרמים,158.00,100 גרם,false,,8.90,0.0563,true,1,1381
38527591053,false,דגני בוקר מרובעים קי,,,דגני בוקר מרובעים קי,גרמים,412.00,100 גרם,false,,19.90,0.0483,true,1,15883
38527591060,false,דגני בוקר מרובעים קו,,,דגני בוקר מרובעים קו,גרמים,412.00,100 גרם,false,,19.90,0.0483,true,1,15884
42400108153,false,דגני פרוטיס פוסט 354,,,דגני פרוטיס פוסט 354,גרמים,354.00,100 גרם,false,,23.80,0.0672,true,1,38134
46214372250,false,מרבה עוגיות שטרודל פ,,,מרבה עוגיות שטרודל פ,גרמים,225.00,100 גרם,false,,7.90,0.0351,true,1,1243
46214382259,false,מרבה עוגיות בראוניס,,,מרבה עוגיות בראוניס,גרמים,225.00,100 גרם,false,,7.90,0.0351,true,1,1244
46214731552,false,מרבה עוגיות שוקולד צ,,,מרבה עוגיות שוקולד צ,גרמים,225.00,100 גרם,false,,7.90,0.0351,true,1,1245
50000084500,false,פריסקיז מעדני השף מנ,,,פריסקיז מעדני השף מנ,אלף,1.43,"ק""ג",false,,38.90,27.2028,true,1,12831
50000100347,false,פריסקיז מעדני החתול,,,פריסקיז מעדני החתול,אלף,1.40,"ק""ג",false,,38.90,27.7857,true,1,12833
50000574414,false,פריסקיז פארטי מיקס פ,,,פריסקיז פארטי מיקס פ,גרמים,60.00,100 גרם,false,,11.90,0.1983,true,1,430988
50000574438,false,פריסקיז פארטי מיקס מ,,,פריסקיז פארטי מיקס מ,גרמים,60.00,100 גרם,false,,11.90,0.1983,true,1,430989
51500255162,false,חמאת בוטנים קלאסית 4,,,חמאת בוטנים קלאסית 4,גרמים,454.00,100 גרם,false,,17.90,0.0394,true,1,81192
52100002453,false,תערובת תיבול לסטייק,,,תערובת תיבול לסטייק,גרמים,96.00,100 גרם,false,,19.90,0.2073,true,1,394977
52100002460,false,תערובת תיבול לעוף וד,,,תערובת תיבול לעוף וד,גרמים,77.00,100 גרם,false,,19.90,0.2584,true,1,394978
52100004488,false,פפריקה 60 גרם McCorm,,,פפריקה 60 גרם McCorm,גרמים,60.00,100 גרם,false,,22.90,0.3817,true,1,395711
52100034898,false,תמצית ליים טהורה 29,,,תמצית ליים טהורה 29,מיליליטרים,29.00,"100 מ""ל",false,,17.90,0.6172,true,1,381214
52100040806,false,תערובת תיבול שום בצל,,,תערובת תיבול שום בצל,גרמים,120.00,100 גרם,false,,25.90,0.2158,true,1,395888
52100041155,false,תערובת תיבול מלח הימ,,,תערובת תיבול מלח הימ,גרמים,184.00,100 גרם,false,,25.90,0.1408,true,1,395835
52100070766,false,תמצית מייפל טהורה 29,,,תמצית מייפל טהורה 29,מיליליטרים,29.00,"100 מ""ל",false,,29.90,1.0310,true,1,381231
52100070780,false,תמצית תפוז טהורה 29,,,תמצית תפוז טהורה 29,מיליליטרים,29.00,"100 מ""ל",false,,17.90,0.6172,true,1,381217
52100070865,false,תמצית וניל טהורה 29,,,תמצית וניל טהורה 29,מיליליטרים,29.00,"100 מ""ל",false,,29.90,1.0310,true,1,14021
54881000055,false,תה שחור מבחר פירות 2,,,תה שחור מבחר פירות 2,גרמים,695.00,100 גרם,false,,8.90,0.0128,true,1,44951
54881000062,false,תה שחור לימונית וקמו,,,תה שחור לימונית וקמו,גרמים,695.00,100 גרם,false,,8.90,0.0128,true,1,44952
54881003971,false,תה ירוקמ בחר 20 שקיו,,,תה ירוקמ בחר 20 שקיו,גרמים,180.00,100 גרם,false,,9.90,0.0550,true,1,44969
54881005654,false,תה ירוק יסמין 20 שקי,,,תה ירוק יסמין 20 שקי,גרמים,180.00,100 גרם,false,,9.90,0.0550,true,1,44970
54881006958,false,תה שחור קינמון 20 שק,,,תה שחור קינמון 20 שק,גרמים,695.00,100 גרם,false,,8.90,0.0128,true,1,44954
54881006972,false,תה שחור לימון וליים,,,תה שחור לימון וליים,אין,0.00,יחידה,false,,8.90,0.0000,true,1,44955
54881007511,false,תה ירוק בטעם מנטה 20,,,תה ירוק בטעם מנטה 20,גרמים,180.00,100 גרם,false,,9.90,0.0550,true,1,44971
54881008945,false,תה ירוק 20 שקיות - ת,,,תה ירוק 20 שקיות - ת,גרמים,180.00,100 גרם,false,,9.90,0.0550,true,1,44973
64144090013,false,תרסיס שמן פאם חמאה 1,,,תרסיס שמן פאם חמאה 1,מיליליטרים,148.00,"100 מ""ל",false,,16.90,0.1142,true,1,10066
64144090020,false,תרסיס שמן זית פאם 14,,,תרסיס שמן זית פאם 14,גרמים,148.00,100 גרם,false,,16.90,0.1142,true,1,10067
64144090051,false,תרסיס שמן קנולה פאם,,,תרסיס שמן קנולה פאם,מיליליטרים,148.00,"100 מ""ל",false,,16.90,0.1142,true,1,10068
70177077563,false,טווינינג ארל גריי 50,,,טווינינג ארל גריי 50,גרמים,50.00,100 גרם,false,,17.90,0.3580,true,1,10740
70177077693,false,טווינינג אינגליש ברק,,,טווינינג אינגליש ברק,גרמים,50.00,100 גרם,false,,17.90,0.3580,true,1,10741
70177078775,false,טווינינג ליידי גריי,,,טווינינג ליידי גריי,גרמים,50.00,100 גרם,false,,17.90,0.3580,true,1,10742
70177086664,false,טווינינג גרין פיור 5,,,טווינינג גרין פיור 5,גרמים,50.00,100 גרם,false,,18.90,0.3780,true,1,10743
76840002542,false,גלידת פיינטים נטפליק,,,גלידת פיינטים נטפליק,מיליליטרים,420.00,"100 מ""ל",false,,19.90,0.0474,true,1,10978
76840100156,false,בן&גרי גלידה צרי גרס,,,בן&גרי גלידה צרי גרס,גרמים,473.00,100 גרם,false,,19.90,0.0421,true,1,69643
76840100583,false,גלידה וניל +בצק עוגי,,,גלידה וניל +בצק עוגי,מיליליטרים,473.00,"100 מ""ל",false,,19.90,0.0421,true,1,10980
76840400218,false,בן&גריס גלידה תות שד,,,בן&גריס גלידה תות שד,מיליליטרים,475.00,"100 מ""ל",false,,19.90,0.0419,true,1,10983
77245110610,false,סוכריות מאסט ללא סוכ,,,סוכריות מאסט ללא סוכ,גרמים,80.00,100 גרם,false,,6.90,0.0863,true,1,2271
77975022757,false,סניידרס בייגלה אמריק,,,סניידרס בייגלה אמריק,גרמים,382.00,100 גרם,false,,14.90,0.0390,true,1,305595
77975034071,false,בייגלה סניידרס ניבלר,,,בייגלה סניידרס ניבלר,גרמים,255.00,100 גרם,false,,14.90,0.0584,true,1,10070
77975094631,false,סניידרס בייגלה סנדוו,,,סניידרס בייגלה סנדוו,גרמים,266.00,100 גרם,false,,14.90,0.0560,true,1,63634
85696608037,false,טופו משי (רך) ללא גל,,,טופו משי (רך) ללא גל,גרמים,340.00,100 גרם,false,,12.90,0.0379,true,1,430971
85696608044,false,טופו ללא גלוטן מזרח,,,טופו ללא גלוטן מזרח,גרמים,349.00,100 גרם,false,,12.90,0.0370,true,1,430955
611745285432,false,סט 3 מגבות מטבח,,,סט 3 מגבות מטבח,אין,0.00,יחידה,false,,14.90,0.0000,true,1,6761
611745285685,true,אבוקדו בשל יח,,,אבוקדו בשל יח,גרמים,470.00,100 גרם,false,,10.90,0.0232,true,1,31169
613008742348,false,אריזונה ג'נסנג ודבש,,,אריזונה ג'נסנג ודבש,ארגז,1.00,ליטר,false,,11.80,11.8000,true,1,24925
613008742409,false,אריזונה אפרסק בקבוק,,,אריזונה אפרסק בקבוק,ארגז,1.00,ליטר,false,,11.80,11.8000,true,1,24926
613008753290,false,"אריזונה אפרסק 450 מ""",,,"אריזונה אפרסק 450 מ""",מיליליטרים,450.00,"100 מ""ל",false,,8.30,0.0184,true,1,24927
613008753320,false,אריזונה ג'נסנג ודבש,,,אריזונה ג'נסנג ודבש,מיליליטרים,450.00,"100 מ""ל",false,,8.30,0.0184,true,1,24928
633016004023,false,ברוקולי פרחים 680 גר,,,ברוקולי פרחים 680 גר,גרמים,680.00,100 גרם,false,,24.90,0.0366,true,1,74876
633016004030,false,מיני ברוקולי פרחים א,,,מיני ברוקולי פרחים א,גרמים,680.00,100 גרם,false,,24.90,0.0366,true,1,242089
633016004047,false,כרובית פרחים 680 גרם,,,כרובית פרחים 680 גרם,גרמים,680.00,100 גרם,false,,24.90,0.0366,true,1,74877
645173911038,false,מלפפונים קורנישון מי,,,מלפפונים קורנישון מי,גרמים,720.00,100 גרם,false,,10.90,0.0151,true,1,16190
649660432020,false,הייל ויו שזיפים מיוב,,,הייל ויו שזיפים מיוב,גרמים,567.00,100 גרם,false,,29.90,0.0527,true,1,98579
651080647519,false,פלאקרס חוט דנטלי מנט,,,פלאקרס חוט דנטלי מנט,אין,0.00,יחידה,false,,9.90,0.0000,true,1,6462
693493065641,false,טחינת הר כנען 100% ש,,,טחינת הר כנען 100% ש,גרמים,500.00,100 גרם,false,,15.90,0.0318,true,1,188497
693493065658,false,טחינה שכם לבנה בעבוד,,,טחינה שכם לבנה בעבוד,קילוגרמים,1.00,"100 ק""ג",false,,27.90,27.9000,true,1,296311
693493065672,false,טחינה מלאה הר כנען -,,,טחינה מלאה הר כנען -,גרמים,500.00,100 גרם,false,,15.90,0.0318,true,1,369894
693493126281,false,קפה טורקי קלוי וטחון,,,קפה טורקי קלוי וטחון,גרמים,300.00,100 גרם,false,,14.90,0.0497,true,1,163713
710535495539,false,"אבאל אורז בסמטי 1 ק""",,,"אבאל אורז בסמטי 1 ק""",אלף,1.00,"ק""ג",false,,9.90,9.9000,true,1,29868
728229123811,false,טרה צ'יפס חטיף  ים ת,,,טרה צ'יפס חטיף  ים ת,גרמים,110.00,100 גרם,false,,15.50,0.1409,true,1,1279
728229124771,false,טרה צ'יפס חטיף מבטטה,,,טרה צ'יפס חטיף מבטטה,גרמים,110.00,100 גרם,false,,15.50,0.1409,true,1,1281
728229124795,false,טרה צ'יפס חטיף בטטה,,,טרה צ'יפס חטיף בטטה,גרמים,110.00,100 גרם,false,,15.50,0.1409,true,1,55226
728229130154,false,טרה צ'יפס חטיף בטטה,,,טרה צ'יפס חטיף בטטה,גרמים,110.00,100 גרם,false,,15.50,0.1409,true,1,1282
728229130444,false,טרה צ'יפס חטיף מירקו,,,טרה צ'יפס חטיף מירקו,גרמים,110.00,100 גרם,false,,15.50,0.1409,true,1,1283
768404001640,false,גלידה פיינטס קפה 473,,,גלידה פיינטס קפה 473,מיליליטרים,473.00,"100 מ""ל",false,,19.90,0.0421,true,1,10984
769904000997,false,דגש שקדי מרק ללא גלו,,,דגש שקדי מרק ללא גלו,גרמים,200.00,100 גרם,false,,13.90,0.0695,true,1,2020
786150000281,false,בירה חזקה לף בראון 3,,,בירה חזקה לף בראון 3,ארגז,1.98,ליטר,false,,49.90,25.2020,true,1,273977
787269088481,false,עגבניות שרי לובלו,,,עגבניות שרי לובלו,גרמים,700.00,100 גרם,false,,16.90,0.0241,true,1,112813
787269647763,false,קפה קר קפוצ'ינו 250,,,קפה קר קפוצ'ינו 250,מיליליטרים,250.00,"100 מ""ל",false,,6.90,0.0276,true,1,117003
787269647770,false,"קפה קר אספרסו 250 מ""",,,"קפה קר אספרסו 250 מ""",מיליליטרים,250.00,"100 מ""ל",false,,6.90,0.0276,true,1,117004
787269647787,false,"קפה קר לאטה 250 מ""ל",,,"קפה קר לאטה 250 מ""ל",מיליליטרים,250.00,"100 מ""ל",false,,6.90,0.0276,true,1,117005
833949000264,false,סירופ מייפל אמיתי 10,,,סירופ מייפל אמיתי 10,גרמים,330.00,100 גרם,false,,29.90,0.0906,true,1,2637
835811000396,false,נייר אפייה לתבנית מו,,,נייר אפייה לתבנית מו,אין,0.00,יחידה,false,,9.90,0.0000,true,1,7640
835811000419,false,כפיות 50 יח' קרם עבה,,,כפיות 50 יח' קרם עבה,אין,0.00,יחידה,false,,16.90,0.0000,true,1,7642
835811000426,false,מזלגות 50 יח' קרם עב,,,מזלגות 50 יח' קרם עב,אין,0.00,יחידה,false,,16.90,0.0000,true,1,7643
835811000433,false,סכינים 50 יח' קרם עב,,,סכינים 50 יח' קרם עב,אין,0.00,יחידה,false,,16.90,0.0000,true,1,7644
835811001522,false,כפיות 100 יח` לקפה ו,,,כפיות 100 יח` לקפה ו,אין,0.00,יחידה,false,,9.90,0.0000,true,1,7647
835811001676,false,תבנית גדולה 9 יח. R-,,,תבנית גדולה 9 יח. R-,אין,0.00,יחידה,false,,11.90,0.0000,true,1,7651
835811003489,false,כפיות  אלגנט שקוף 50,,,כפיות  אלגנט שקוף 50,אין,0.00,יחידה,false,,9.90,0.0000,true,1,430255
835811003588,false,צלחות קלאסי לבן גדול,,,צלחות קלאסי לבן גדול,אין,0.00,יחידה,false,,34.90,0.0000,true,1,270188
835811004066,false,צלחות מרובעות קטנות,,,צלחות מרובעות קטנות,יח',10.00,יח',false,,12.90,1.2900,true,1,140237
835811004073,false,צלחות מרובעות ענק מד,,,צלחות מרובעות ענק מד,יח',10.00,יח',false,,16.90,1.6900,true,1,140221
835811004523,false,הנמל קשים מיוחדים לש,,,הנמל קשים מיוחדים לש,יח',75.00,יח',false,,9.90,0.1320,true,1,7687
835811006060,false,כוסות קרטון 50 יח 2.,,,כוסות קרטון 50 יח 2.,אין,0.00,יחידה,false,,6.90,0.0000,true,1,7711
835811006497,false,אבקת סוכר 500 גר,,,אבקת סוכר 500 גר,גרמים,500.00,100 גרם,false,,8.90,0.0178,true,1,7714
835811006534,false,כוסות קרטון 50 יח 16,,,כוסות קרטון 50 יח 16,אין,0.00,יחידה,false,,23.90,0.0000,true,1,7716
835811007142,false,עדשים ירוקים הנמל 50,,,עדשים ירוקים הנמל 50,גרמים,500.00,100 גרם,false,,5.90,0.0118,true,1,129191
835811007180,false,פופ קורן הנמל 500 גר,,,פופ קורן הנמל 500 גר,גרמים,500.00,100 גרם,false,,5.90,0.0118,true,1,129192
835811007227,false,לקט חיטה בד'ץ מרובע,,,לקט חיטה בד'ץ מרובע,גרמים,500.00,100 גרם,false,,4.90,0.0098,true,1,129208
835811007357,false,סלטינות 25 יחידות,,,סלטינות 25 יחידות,אין,0.00,יחידה,false,,7.90,0.0000,true,1,7722
835811008699,false,כפות 50 יח שקוף עבה,,,כפות 50 יח שקוף עבה,אין,0.00,יחידה,false,,16.90,0.0000,true,1,7728
835811008934,false,מזלגות 50 יח עבה במי,,,מזלגות 50 יח עבה במי,אין,0.00,יחידה,false,,16.90,0.0000,true,1,7733
835811008941,false,סכינים 50 יח שקוף עב,,,סכינים 50 יח שקוף עב,אין,0.00,יחידה,false,,16.90,0.0000,true,1,7734
835811008958,false,כפיות 50 יח שקוף עבה,,,כפיות 50 יח שקוף עבה,אין,0.00,יחידה,false,,16.90,0.0000,true,1,7735
851621000043,false,בירה BLANC בקבוק 330,,,בירה BLANC בקבוק 330,מיליליטרים,330.00,"100 מ""ל",false,,7.80,0.0236,true,1,380316
851621000050,false,בירה BLANC שישיה 330,,,בירה BLANC שישיה 330,ארגז,1.98,ליטר,false,,41.70,21.0606,true,1,7216
859547004084,false,ספוג ניקוי בניחוח לי,,,ספוג ניקוי בניחוח לי,גרמים,34.00,100 גרם,false,,17.90,0.5265,true,1,257706
859547004466,false,ספוג ניקוי דו צדדי ס,,,ספוג ניקוי דו צדדי ס,גרמים,34.00,100 גרם,false,,17.90,0.5265,true,1,257678
884912102102,false,דגני בוקר אוכמניות ג,,,דגני בוקר אוכמניות ג,גרמים,382.00,100 גרם,false,,22.90,0.0599,true,1,14025
884912126115,false,דגני בוקר גרייט גריי,,,דגני בוקר גרייט גריי,גרמים,453.00,100 גרם,false,,22.90,0.0506,true,1,14027
884912359155,false,דגני בוקר שיבולת שוע,,,דגני בוקר שיבולת שוע,גרמים,340.00,100 גרם,false,,22.90,0.0674,true,1,274164
884912359162,false,דגני בוקר שיבולת שוע,,,דגני בוקר שיבולת שוע,גרמים,340.00,100 גרם,false,,22.90,0.0674,true,1,274150
884912359483,false,דגני בוקר שיבולת שוע,,,דגני בוקר שיבולת שוע,גרמים,311.00,100 גרם,false,,22.90,0.0736,true,1,274166
884912365200,false,דגני בוקר עם פירורי,,,דגני בוקר עם פירורי,גרמים,311.00,100 גרם,false,,22.90,0.0736,true,1,431804
3010470158221,false,פריסקיז פטה עוף וירק,,,פריסקיז פטה עוף וירק,גרמים,400.00,100 גרם,false,,9.90,0.0248,true,1,12855
3014260201753,false,סכיני גילוח חד פעמיי,,,סכיני גילוח חד פעמיי,אין,0.00,יחידה,false,,12.90,0.0000,true,1,17425
3014260228842,false,קצף גילוח רגיל ג'ילט,,,קצף גילוח רגיל ג'ילט,מיליליטרים,200.00,"100 מ""ל",false,,14.90,0.0745,true,1,17428
3014260289287,false,סכיני גילוח לאישה בל,,,סכיני גילוח לאישה בל,אין,0.00,יחידה,false,,14.90,0.0000,true,1,17437
3014409005471,false,אניס פסטיס פרדו 1 לי,,,אניס פסטיס פרדו 1 לי,ארגז,1.00,ליטר,false,,89.90,89.9000,true,1,10520
3046920010801,false,לינדט אקסלנס  100ג,,,לינדט אקסלנס  100ג,גרמים,100.00,100 גרם,false,,14.90,0.1490,true,1,1136
3046920028004,false,לינדט אקסלנס 70% 100,,,לינדט אקסלנס 70% 100,גרמים,100.00,100 גרם,false,,14.90,0.1490,true,1,1140
3046920028363,false,לינדט אקסלנס 85% 100,,,לינדט אקסלנס 85% 100,גרמים,100.00,100 גרם,false,,14.90,0.1490,true,1,1141
3046920028752,false,לינדט אקסלנס מריר מנ,,,לינדט אקסלנס מריר מנ,גרמים,100.00,100 גרם,false,,14.90,0.1490,true,1,1143
3046920029674,false,לינדט אקסלנס עם שבבי,,,לינדט אקסלנס עם שבבי,גרמים,100.00,100 גרם,false,,14.90,0.1490,true,1,1144
3046920029681,false,לינדט אקסלנס מילד 85,,,לינדט אקסלנס מילד 85,גרמים,100.00,100 גרם,false,,14.90,0.1490,true,1,1145
3046920029759,false,לינדט אקסלנס 90% 100,,,לינדט אקסלנס 90% 100,גרמים,100.00,100 גרם,false,,14.90,0.1490,true,1,1146
3059944025003,false,רצועות שעווה לעור רג,,,רצועות שעווה לעור רג,אין,0.00,יחידה,false,,40.90,0.0000,true,1,14187
3068320014067,false,מים מינרלים טבעיים מ,,,מים מינרלים טבעיים מ,מיליליטרים,750.00,"100 מ""ל",false,,9.90,0.0132,true,1,295091
3068320017846,false,מים מינרלים טבעיים מ,,,מים מינרלים טבעיים מ,ארגז,1.00,ליטר,false,,12.90,12.9000,true,1,18974
3068320055008,false,מים מינרלים טבעיים מ,,,מים מינרלים טבעיים מ,מיליליטרים,500.00,"100 מ""ל",false,,6.90,0.0138,true,1,295051
3073781161663,false,גבינת לה וואש קירי 8,,,גבינת לה וואש קירי 8,גרמים,128.00,100 גרם,false,,11.90,0.0930,true,1,83102
3073781161687,false,גבינה מותכת לה וואש,,,גבינה מותכת לה וואש,גרמים,256.00,100 גרם,false,,22.70,0.0887,true,1,83131
3073781161700,false,גבינה מותכת לה וואש,,,גבינה מותכת לה וואש,גרמים,480.00,100 גרם,false,,38.90,0.0810,true,1,83132
3073781162790,false,בייבי בל 24% אדום 12,,,בייבי בל 24% אדום 12,גרמים,120.00,100 גרם,false,,22.90,0.1908,true,1,358243
3073781177220,false,גבינת בייבי בל רול 1,,,גבינת בייבי בל רול 1,גרמים,102.00,100 גרם,false,,21.90,0.2147,true,1,423441
3141360054405,false,פיניש מפיץ ריח לימון,,,פיניש מפיץ ריח לימון,אין,0.00,יחידה,false,,14.90,0.0000,true,1,14189
3161911229199,false,אלוויר חמאה רכה 250ג,,,אלוויר חמאה רכה 250ג,גרמים,250.00,100 גרם,false,,21.90,0.0876,true,1,12016
3161911366429,false,אלוויר חמאה רכה מלוח,,,אלוויר חמאה רכה מלוח,גרמים,250.00,100 גרם,false,,21.90,0.0876,true,1,12017
3161911393210,false,חמאת נורמנדי מלוחה 2,,,חמאת נורמנדי מלוחה 2,גרמים,200.00,100 גרם,false,,21.90,0.1095,true,1,328926
3178530402353,false,עוגיות רכות מיני מדל,,,עוגיות רכות מיני מדל,גרמים,175.00,100 גרם,false,,12.90,0.0737,true,1,209580
3178530407938,false,עוגיות שוקולד צ'יפס,,,עוגיות שוקולד צ'יפס,גרמים,175.00,100 גרם,false,,12.90,0.0737,true,1,12022
3178530417357,false,בראוניז שוקולד לבן ס,,,בראוניז שוקולד לבן ס,גרמים,210.00,100 גרם,false,,16.90,0.0805,true,1,209624
3245412211393,false,שוקולד חלב מעולה קרפ,,FR,שוקולד חלב מעולה קרפ,גרמים,300.00,100 גרם,false,,7.90,0.0263,true,1,380094
3245412211409,false,שוקולד חלב מעולה עם,,FR,שוקולד חלב מעולה עם,גרמים,300.00,100 גרם,false,,15.90,0.0530,true,1,379557
3254550033279,false,גבינת קממבר 250 גרם,,,גבינת קממבר 250 גרם,גרמים,250.00,100 גרם,false,,30.90,0.1236,true,1,12028
3270190111108,false,קרפור מוזלי פירות 7,,,קרפור מוזלי פירות 7,גרמים,750.00,100 גרם,false,,15.90,0.0212,true,1,439974
3387390320244,false,פיטנס פירות דגני עם,,,פיטנס פירות דגני עם,גרמים,375.00,100 גרם,false,,19.90,0.0531,true,1,12856
3387390525960,false,דגני קראנץ' נסטלה 50,,,דגני קראנץ' נסטלה 50,גרמים,500.00,100 גרם,false,,22.90,0.0458,true,1,12857
3387390730852,false,דגני פיטנס נסטלה 375,,,דגני פיטנס נסטלה 375,גרמים,375.00,100 גרם,false,,19.90,0.0531,true,1,12858
3523230025638,false,גבינת עיזים בושה טבע,,,גבינת עיזים בושה טבע,גרמים,125.00,100 גרם,false,,26.90,0.2152,true,1,12033
3523230025652,false,גבינהת עזים מיני בוש,,,גבינהת עזים מיני בוש,גרמים,125.00,100 גרם,false,,26.90,0.2152,true,1,335152
3523230026888,false,פרמידה עיזים שום ועש,,,פרמידה עיזים שום ועש,גרמים,140.00,100 גרם,false,,26.90,0.1921,true,1,12035
3523230038959,false,גבינת עיזים מיני בוש,,,גבינת עיזים מיני בוש,גרמים,125.00,100 גרם,false,,26.90,0.2152,true,1,355130
3525490011093,false,לה ז'אמל שרדונה 750,,,לה ז'אמל שרדונה 750,מיליליטרים,750.00,"100 מ""ל",false,,59.90,0.0799,true,1,293855
3525490011116,false,לה ז'אמל קברנה סובינ,,,לה ז'אמל קברנה סובינ,מיליליטרים,750.00,"100 מ""ל",false,,59.90,0.0799,true,1,293857
3560070582884,false,קרפור סטייליס עם שוק,,,קרפור סטייליס עם שוק,גרמים,300.00,100 גרם,false,,8.90,0.0297,true,1,439943
3560070669981,false,שוקולד מריר מעולה 80,,FR,שוקולד מריר מעולה 80,גרמים,80.00,100 גרם,false,,4.90,0.0613,true,1,379530
3560070701407,false,שוקולד מריר מעולה עם,,FR,שוקולד מריר מעולה עם,גרמים,100.00,100 גרם,false,,5.90,0.0590,true,1,379575
3560070720859,false,שוקולד מריר מעולה 72,,FR,שוקולד מריר מעולה 72,גרמים,80.00,100 גרם,false,,4.90,0.0613,true,1,379559
3560070800230,false,קרפור שוקו קרלס 375,,,קרפור שוקו קרלס 375,גרמים,375.00,100 גרם,false,,6.90,0.0184,true,1,439990
3560070800322,false,קרפור סנופלקס 375 גר,,,קרפור סנופלקס 375 גר,גרמים,375.00,100 גרם,false,,6.90,0.0184,true,1,439991
3560070800353,false,קרפור הוני בולז 375,,,קרפור הוני בולז 375,גרמים,375.00,100 גרם,false,,6.90,0.0184,true,1,440023
3560071013127,false,קרפור סטייליס עם שוק,,,קרפור סטייליס עם שוק,גרמים,300.00,100 גרם,false,,8.90,0.0297,true,1,439958
3560071013196,false,קרפור סטייליס בטעם ט,,,קרפור סטייליס בטעם ט,גרמים,500.00,100 גרם,false,,9.90,0.0198,true,1,439959
3560071015725,false,קרפור פיברה עם 5 פיר,,,קרפור פיברה עם 5 פיר,גרמים,500.00,100 גרם,false,,11.90,0.0238,true,1,440007
3560071016074,false,קרפור קורונפלקס 500,,,קרפור קורונפלקס 500,גרמים,500.00,100 גרם,false,,6.90,0.0138,true,1,440008
3560071090821,false,קרפור שוקו בולז 375,,,קרפור שוקו בולז 375,גרמים,375.00,100 גרם,false,,6.90,0.0184,true,1,439992
3560071341947,false,שמן זית כתית מעולה ב,,FR,שמן זית כתית מעולה ב,מיליליטרים,750.00,"100 מ""ל",false,,11.50,0.0153,true,1,439011
3560071431914,false,קפסולות קפה קרפור עו,,FR,קפסולות קפה קרפור עו,גרמים,52.00,100 גרם,false,,6.90,0.1327,true,1,440994
3560071432065,false,קפסולות קפה קרפור עו,,FR,קפסולות קפה קרפור עו,גרמים,52.00,100 גרם,false,,6.90,0.1327,true,1,441028
3560071432096,false,קפסולות קפה קרפור עו,,FR,קפסולות קפה קרפור עו,גרמים,52.00,100 גרם,false,,6.90,0.1327,true,1,441029
3560071432157,false,קפסולות קפה וניל קרפ,,FR,קפסולות קפה וניל קרפ,גרמים,52.00,100 גרם,false,,6.90,0.1327,true,1,441030
3560071432188,false,קפסולות קפה קרמל קרפ,,FR,קפסולות קפה קרמל קרפ,גרמים,52.00,100 גרם,false,,6.90,0.1327,true,1,441031
3560071432218,false,קפסולות קפה אגוז קרפ,,FR,קפסולות קפה אגוז קרפ,גרמים,52.00,100 גרם,false,,6.90,0.1327,true,1,441032
3560071432270,false,קפסולות קפה קולומביה,,FR,קפסולות קפה קולומביה,גרמים,52.00,100 גרם,false,,6.90,0.1327,true,1,441034
3560071432300,false,קפסולות קפה אתיופיה,,FR,קפסולות קפה אתיופיה,גרמים,52.00,100 גרם,false,,6.90,0.1327,true,1,441035
3560071432331,false,קפסולות קפה לאוס קרפ,,FR,קפסולות קפה לאוס קרפ,גרמים,52.00,100 גרם,false,,6.90,0.1327,true,1,441036
3560071432362,false,קפסולות קפה קניה קרפ,,FR,קפסולות קפה קניה קרפ,גרמים,52.00,100 גרם,false,,6.90,0.1327,true,1,441037
3560071432393,false,קפסולות קפה קוסטה רי,,FR,קפסולות קפה קוסטה רי,גרמים,52.00,100 גרם,false,,6.90,0.1327,true,1,441038
3560071432515,false,קפסולות קפה קרפור עו,,FR,קפסולות קפה קרפור עו,גרמים,52.00,100 גרם,false,,6.90,0.1327,true,1,441039
3560071432690,false,קפסולות קפה קרפור עו,,FR,קפסולות קפה קרפור עו,גרמים,52.00,100 גרם,false,,6.90,0.1327,true,1,441040
3574660058857,false,גונסונס בייבי שמן 50,,,גונסונס בייבי שמן 50,מיליליטרים,500.00,"100 מ""ל",false,,30.90,0.0618,true,1,14397
3574661003924,false,מי פה טוטאל קאר ליסט,,,מי פה טוטאל קאר ליסט,מיליליטרים,500.00,"100 מ""ל",false,,19.90,0.0398,true,1,18863
3574661114637,false,מי פה זירו ליסטרין 5,,,מי פה זירו ליסטרין 5,מיליליטרים,500.00,"100 מ""ל",false,,22.90,0.0458,true,1,18867
3574661363998,false,מי פה תה ירוק ליסטרי,,,מי פה תה ירוק ליסטרי,מיליליטרים,500.00,"100 מ""ל",false,,19.90,0.0398,true,1,18877
3574661419435,false,תחבושות הגייניות מקס,,,תחבושות הגייניות מקס,אין,0.00,יחידה,false,,23.90,0.0000,true,1,415624
3574661552576,false,קרפרי רגיל טנגה לבן,,,קרפרי רגיל טנגה לבן,אין,0.00,יחידה,false,,13.90,0.0000,true,1,14430
3574661552811,false,קרפרי כותון אוורירי,,,קרפרי כותון אוורירי,אין,0.00,יחידה,false,,13.90,0.0000,true,1,14432
3574669907682,false,ג'ונסונס בייבי טלק 5,,,ג'ונסונס בייבי טלק 5,גרמים,500.00,100 גרם,false,,31.90,0.0638,true,1,14436
3574669907880,false,ג'ונסון  בייבי שמפו,,,ג'ונסון  בייבי שמפו,מיליליטרים,330.00,"100 מ""ל",false,,6.90,0.0209,true,1,117052
3600522344032,false,מסכת אלביב טוטל ריפי,,,מסכת אלביב טוטל ריפי,מיליליטרים,300.00,"100 מ""ל",false,,24.90,0.0830,true,1,118785
3600523193165,false,צבע ציער מג'יק ריטאצ,,,צבע ציער מג'יק ריטאצ,אין,0.00,יחידה,false,,34.90,0.0000,true,1,118974
3600523651900,false,מרכך ארגנין אלביב 55,,,מרכך ארגנין אלביב 55,מיליליטרים,550.00,"100 מ""ל",false,,14.90,0.0271,true,1,9980
3600523652297,false,מרכך 6 שמנים אלביב 5,,,מרכך 6 שמנים אלביב 5,מיליליטרים,550.00,"100 מ""ל",false,,14.90,0.0271,true,1,9986
3600523782581,false,מרכך דרים לונג אלביב,,,מרכך דרים לונג אלביב,מיליליטרים,500.00,"100 מ""ל",false,,14.90,0.0298,true,1,9990
3600540308603,false,קולור נטורלס שחור טב,,,קולור נטורלס שחור טב,אין,0.00,יחידה,false,,19.90,0.0000,true,1,118988
3600540928863,false,דאודורנט רול מיניראל,,,דאודורנט רול מיניראל,מיליליטרים,50.00,"100 מ""ל",false,,14.90,0.2980,true,1,119119
3600541029323,false,אסנשיאלס מסיר איפור,,,אסנשיאלס מסיר איפור,מיליליטרים,200.00,"100 מ""ל",false,,19.90,0.0995,true,1,9992
3600541928169,false,ג'ל ניקוי עם נגזרת פ,,,ג'ל ניקוי עם נגזרת פ,מיליליטרים,150.00,"100 מ""ל",false,,29.90,0.1993,true,1,353951
3600542326339,false,גרנייה מיסלר ורדים 4,,,גרנייה מיסלר ורדים 4,מיליליטרים,400.00,"100 מ""ל",false,,29.90,0.0747,true,1,365710
3600542385251,false,דאודורנט רול פרוטקשן,,,דאודורנט רול פרוטקשן,אין,50.00,יחידה,false,,14.90,0.2980,true,1,119120
3608580071389,false,ממרח ערמונים 370 גרם,,,ממרח ערמונים 370 גרם,גרמים,370.00,100 גרם,false,,19.90,0.0538,true,1,386764
3608580730255,false,קונפיטורה משמש 370 ג,,,קונפיטורה משמש 370 ג,גרמים,370.00,100 גרם,false,,19.90,0.0538,true,1,14035
3608580730279,false,מרמלדת תפוזים 370 גר,,,מרמלדת תפוזים 370 גר,גרמים,370.00,100 גרם,false,,19.90,0.0538,true,1,386750
3614224050986,false,דאודורנט ספריי לגבר,,,דאודורנט ספריי לגבר,מיליליטרים,150.00,"100 מ""ל",false,,12.90,0.0860,true,1,6476
3661163970448,false,דאו' ספריי לגבר פרש,,,דאו' ספריי לגבר פרש,מיליליטרים,200.00,"100 מ""ל",false,,15.90,0.0795,true,1,6479
3838824127163,false,סמי קיט בלונד כסוף 1,,,סמי קיט בלונד כסוף 1,אין,0.00,יחידה,false,,15.00,0.0000,true,1,7859
4000417025005,false,שוקולד ריטר ספורט מר,,,שוקולד ריטר ספורט מר,גרמים,100.00,100 גרם,false,,7.90,0.0790,true,1,10081
4000417026002,false,שוקולד חלב ממולא קרם,,,שוקולד חלב ממולא קרם,גרמים,100.00,100 גרם,false,,7.90,0.0790,true,1,10082
4000417101211,false,גלילי וופל עם קרם אג,,,גלילי וופל עם קרם אג,גרמים,150.00,100 גרם,false,,17.90,0.1193,true,1,251893
4000417222008,false,ריטר שוקולד ספורט חל,,,ריטר שוקולד ספורט חל,גרמים,100.00,100 גרם,false,,7.90,0.0790,true,1,10083
4000417224002,false,שוקולד ריטר ספורט מר,,,שוקולד ריטר ספורט מר,גרמים,100.00,100 גרם,false,,9.50,0.0950,true,1,10084
4000417294005,false,שוקולד חלב קרם קקאו,,,שוקולד חלב קרם קקאו,גרמים,100.00,100 גרם,false,,7.90,0.0790,true,1,242349
4000539280726,false,לינדט אקסלנס 70% 100,,,לינדט אקסלנס 70% 100,גרמים,100.00,100 גרם,false,,14.90,0.1490,true,1,418797
4000539280740,false,לינדט אקסלנס 78% 100,,,לינדט אקסלנס 78% 100,גרמים,100.00,100 גרם,false,,14.90,0.1490,true,1,418782
4001432773230,false,יין בלו נאן בלו וויי,,,יין בלו נאן בלו וויי,מיליליטרים,750.00,"100 מ""ל",false,,50.90,0.0679,true,1,25736
4001432775036,false,"גולדן פיק לבן 750 מ""",,,"גולדן פיק לבן 750 מ""",מיליליטרים,750.00,"100 מ""ל",false,,29.90,0.0399,true,1,25737
4002448017684,false,סיליט באנג ספריי רב,,,סיליט באנג ספריי רב,מיליליטרים,750.00,"100 מ""ל",false,,14.90,0.0199,true,1,14191
4002448019480,false,סיליט באנג ספריי מסי,,,סיליט באנג ספריי מסי,מיליליטרים,750.00,"100 מ""ל",false,,14.90,0.0199,true,1,14192
4002720005736,false,מליטה פרימיום קפה פי,,,מליטה פרימיום קפה פי,גרמים,250.00,100 גרם,false,,15.90,0.0636,true,1,6483
4005800001253,false,ניוואה קרם לחות רב ש,,,ניוואה קרם לחות רב ש,מיליליטרים,250.00,"100 מ""ל",false,,14.90,0.0596,true,1,177253
4005900555540,false,לבלו כחול,,,לבלו כחול,אין,0.00,יחידה,false,,9.90,0.0000,true,1,167939
4006387085407,false,שלישיית פילטר מקסטרה,,,שלישיית פילטר מקסטרה,יח',3.00,יח',false,,100.00,33.3333,true,1,12445
4008287058161,false,בירה קרומבכר פילס שי,,,בירה קרומבכר פילס שי,ארגז,1.98,ליטר,false,,30.90,15.6061,true,1,108196
4009300522935,false,פומפדור תה ירוק לימו,,,פומפדור תה ירוק לימו,גרמים,30.00,100 גרם,false,,14.90,0.4967,true,1,14447
4009300525684,false,פומפדור חליטת לימוןג,,,פומפדור חליטת לימוןג,גרמים,35.00,100 גרם,false,,15.90,0.4543,true,1,116100
4009309022399,false,כרוב כבוש אורגני 670,,,כרוב כבוש אורגני 670,גרמים,670.00,100 גרם,false,,15.90,0.0237,true,1,2513
4009309740422,false,רסק תפוחים אורגני 70,,,רסק תפוחים אורגני 70,גרמים,700.00,100 גרם,false,,15.90,0.0227,true,1,2514
4009900402965,false,אורביט וויט פירות בק,,,אורביט וויט פירות בק,גרמים,64.00,100 גרם,false,,10.50,0.1641,true,1,14112
4009900403023,false,אורביט וויט מנטה בקב,,,אורביט וויט מנטה בקב,גרמים,64.00,100 גרם,false,,10.50,0.1641,true,1,14113
4009900420129,false,אורביט פרופשייונל פפ,,,אורביט פרופשייונל פפ,גרמים,64.00,100 גרם,false,,10.50,0.1641,true,1,14115
4009900426121,false,בקבוקון בקבוקון מסטי,,,בקבוקון בקבוקון מסטי,גרמים,64.00,100 גרם,false,,9.70,0.1516,true,1,14117
4009900479998,false,אורביט מסטיק בקבוקון,,,אורביט מסטיק בקבוקון,גרמים,64.00,100 גרם,false,,10.50,0.1641,true,1,14120
4009900482417,false,אורביט באבל מינט בקב,,,אורביט באבל מינט בקב,גרמים,64.00,100 גרם,false,,10.50,0.1641,true,1,14122
4009900491044,false,אירוויבז בקבוק M מנט,,,אירוויבז בקבוק M מנט,גרמים,84.00,100 גרם,false,,12.50,0.1488,true,1,14131
4009900496247,false,אורביט בבלמינט בקבוק,,,אורביט בבלמינט בקבוק,גרמים,84.00,100 גרם,false,,10.90,0.1298,true,1,14132
4009900531122,false,אורביט פרופשייונל ספ,,,אורביט פרופשייונל ספ,גרמים,64.00,100 גרם,false,,10.50,0.1641,true,1,14145
4009900531573,false,סקיטלס סמודיס 174 גר,,,סקיטלס סמודיס 174 גר,גרמים,174.00,100 גרם,false,,7.90,0.0454,true,1,14146
4009900534611,false,איירוויבז בטעם מלון,,,איירוויבז בטעם מלון,גרמים,64.00,100 גרם,false,,10.50,0.1641,true,1,23439
4009900535519,false,אורביט רפרשרס אריזה,,,אורביט רפרשרס אריזה,גרמים,15.00,100 גרם,false,,3.90,0.2600,true,1,45050
4009900536288,false,מסטיק אורביט רפרשרס,,,מסטיק אורביט רפרשרס,גרמים,67.00,100 גרם,false,,11.90,0.1776,true,1,73027
4009900536486,false,מסטיק אורביט רפרשרס,,,מסטיק אורביט רפרשרס,גרמים,67.00,100 גרם,false,,11.90,0.1776,true,1,45066
4009900539432,false,מסטיק בטעם אבטיח פיי,,,מסטיק בטעם אבטיח פיי,גרמים,14.40,100 גרם,false,,3.90,0.2708,true,1,356550
4009900539685,false,מסטיק בטעם מנטה ללא,,,מסטיק בטעם מנטה ללא,גרמים,61.80,100 גרם,false,,11.90,0.1926,true,1,268480
4009900539746,false,מסטיק בטעם אבטיח ללא,,,מסטיק בטעם אבטיח ללא,גרמים,31.80,100 גרם,false,,11.90,0.3742,true,1,268481
4009900540551,false,אורביט רפרשרס טרופיק,,,אורביט רפרשרס טרופיק,גרמים,67.00,100 גרם,false,,11.90,0.1776,true,1,250589
4011800567613,false,חטיף דגנים סנדוויץ ש,,,חטיף דגנים סנדוויץ ש,גרמים,120.00,100 גרם,false,,10.90,0.0908,true,1,10757
4011800628512,false,חטיף דגנים עם שוקולד,,,חטיף דגנים עם שוקולד,גרמים,150.00,100 גרם,false,,10.90,0.0727,true,1,10762
4011800630515,false,חטיף דגנים עם שוקולד,,,חטיף דגנים עם שוקולד,גרמים,150.00,100 גרם,false,,10.90,0.0727,true,1,10764
4011800632519,false,חטיף דגנים עם שוקולד,,,חטיף דגנים עם שוקולד,גרמים,150.00,100 גרם,false,,10.90,0.0727,true,1,10765
4011800633516,false,חטיף דגנים שוקולד מר,,,חטיף דגנים שוקולד מר,גרמים,138.00,100 גרם,false,,10.90,0.0790,true,1,10766
4014400901191,false,בונבונירה מרסי 250 ג,,,בונבונירה מרסי 250 ג,גרמים,250.00,100 גרם,false,,24.90,0.0996,true,1,10091
4014400904277,false,סוכריות אייס פרש 425,,,סוכריות אייס פרש 425,גרמים,425.00,100 גרם,false,,14.90,0.0351,true,1,10095
4014400904376,false,סוכ.שטורק שוקולדן 32,,,סוכ.שטורק שוקולדן 32,גרמים,325.00,100 גרם,false,,14.90,0.0458,true,1,10096
4014400904390,false,סוכריות וולמליש 325ג,,,סוכריות וולמליש 325ג,גרמים,325.00,100 גרם,false,,14.90,0.0458,true,1,10097
4014400910063,false,סוכריות חמאה וורטר 1,,,סוכריות חמאה וורטר 1,גרמים,135.00,100 גרם,false,,8.90,0.0659,true,1,10100
4014400914696,false,80 סוכריות חמאה וורט,,,80 סוכריות חמאה וורט,גרמים,80.00,100 גרם,false,,8.90,0.1113,true,1,10102
4014400914924,false,80 סוכריות קפה וורטר,,,80 סוכריות קפה וורטר,גרמים,80.00,100 גרם,false,,8.90,0.1113,true,1,10103
4014400920857,false,וורטרס ללא סוכר טעם,,,וורטרס ללא סוכר טעם,גרמים,70.00,100 גרם,false,,8.90,0.1271,true,1,10104
4014400923711,false,טופיפי בונבונירה שוק,,,טופיפי בונבונירה שוק,גרמים,125.00,100 גרם,false,,11.90,0.0952,true,1,10105
4014400925319,false,חטיף פופקורן בציפוי,,,חטיף פופקורן בציפוי,גרמים,140.00,100 גרם,false,,14.90,0.1064,true,1,935
4014400929010,false,וופל מיני קנופרס 200,,,וופל מיני קנופרס 200,גרמים,200.00,100 גרם,false,,19.90,0.0995,true,1,286273
4014522180108,false,סוכריות אורגני צמחים,,,סוכריות אורגני צמחים,גרמים,75.00,100 גרם,false,,10.00,0.1333,true,1,411811
4014600202609,false,סוכריות בפח עם ליים,,,סוכריות בפח עם ליים,גרמים,150.00,100 גרם,false,,9.90,0.0660,true,1,416194
4014600202623,false,סוכריות בפח בטעם דוב,,,סוכריות בפח בטעם דוב,גרמים,150.00,100 גרם,false,,9.90,0.0660,true,1,416195
4014600204061,false,סוכריות בפח בטעם אפר,,,סוכריות בפח בטעם אפר,גרמים,150.00,100 גרם,false,,9.90,0.0660,true,1,416198
4015000031394,false,מסיר כתמים ספטיל 200,,,מסיר כתמים ספטיל 200,גרמים,200.00,100 גרם,false,,14.90,0.0745,true,1,22356
4015000280211,false,דאו' רולאון קריביין,,,דאו' רולאון קריביין,מיליליטרים,50.00,"100 מ""ל",false,,9.90,0.1980,true,1,7880
4015000615884,false,דאו ספריי קריביין לי,,,דאו ספריי קריביין לי,מיליליטרים,200.00,"100 מ""ל",false,,9.90,0.0495,true,1,7882
4015100190793,false,מסכה שיקום אולטימטיב,,,מסכה שיקום אולטימטיב,מיליליטרים,300.00,"100 מ""ל",false,,24.90,0.0830,true,1,7888
4015400564034,false,מגן תחתון לונג פלוס,,,מגן תחתון לונג פלוס,אין,0.00,יחידה,false,,18.90,0.0000,true,1,17444
4015400564454,false,מגן תחתון לארג מגה פ,,,מגן תחתון לארג מגה פ,אין,0.00,יחידה,false,,18.90,0.0000,true,1,17445
4015400598329,false,קוואטרו נורמל פלוס א,,,קוואטרו נורמל פלוס א,אין,0.00,יחידה,false,,36.90,0.0000,true,1,101
4015400598411,false,קוואטרו לילה אולוויז,,,קוואטרו לילה אולוויז,אין,0.00,יחידה,false,,36.90,0.0000,true,1,103
4015400690313,false,טמפון פרל רגולר טמפק,,,טמפון פרל רגולר טמפק,אין,0.00,יחידה,false,,19.90,0.0000,true,1,104
4015400990482,false,אבקת כביסה אריאל קול,,,אבקת כביסה אריאל קול,אלף,3.00,"ק""ג",false,,34.90,11.6333,true,1,17459
4015600762742,false,שמפו קלאסי הד&שולדרס,,,שמפו קלאסי הד&שולדרס,מיליליטרים,500.00,"100 מ""ל",false,,17.90,0.0358,true,1,17461
4015600762780,false,שמפו 2-ב1הד&שולדרס 5,,,שמפו 2-ב1הד&שולדרס 5,מיליליטרים,500.00,"100 מ""ל",false,,17.90,0.0358,true,1,17462
4015600763022,false,שמפו מגע המשי הד&שול,,,שמפו מגע המשי הד&שול,מיליליטרים,500.00,"100 מ""ל",false,,17.90,0.0358,true,1,17465
4015600972103,false,שמפו פנטן שמן מרוקאי,,,שמפו פנטן שמן מרוקאי,מיליליטרים,500.00,"100 מ""ל",false,,13.90,0.0278,true,1,115980
4017100210105,false,בלזן גלילי וופל מריר,,,בלזן גלילי וופל מריר,גרמים,100.00,100 גרם,false,,10.50,0.1050,true,1,25940
4017100364112,false,היט עוגיות סנדביץ בט,,,היט עוגיות סנדביץ בט,גרמים,220.00,100 גרם,false,,7.90,0.0359,true,1,25948
4018722100133,false,אלב גולד - איטריות כ,,,אלב גולד - איטריות כ,גרמים,250.00,100 גרם,false,,13.90,0.0556,true,1,2496
4018722102632,false,אלב גולד - ספגטי כוס,,,אלב גולד - ספגטי כוס,גרמים,500.00,100 גרם,false,,14.90,0.0298,true,1,2541
4018722343158,false,אלב גולד - פוזלי כוס,,,אלב גולד - פוזלי כוס,גרמים,500.00,100 גרם,false,,21.90,0.0438,true,1,2610
4018722344308,false,אלב גולד - טליאטלה כ,,,אלב גולד - טליאטלה כ,גרמים,500.00,100 גרם,false,,17.90,0.0358,true,1,2515
4022025261002,false,יין בלו נאן בלו וויי,,,יין בלו נאן בלו וויי,מיליליטרים,750.00,"100 מ""ל",false,,50.90,0.0679,true,1,25745
4025700001962,false,מילקה שוקולד לבן 100,,,מילקה שוקולד לבן 100,גרמים,100.00,100 גרם,false,,6.90,0.0690,true,1,6275
4045787068467,false,פרוטאין קולור 7 בלונ,,,פרוטאין קולור 7 בלונ,מיליליטרים,60.00,"100 מ""ל",false,,13.90,0.2317,true,1,7898
4065698201166,false,זוג דונאטס מילקה,,,זוג דונאטס מילקה,גרמים,146.00,100 גרם,false,,15.90,0.1089,true,1,156929
4066600999614,false,בירה פאולנר בקבוק 50,,,בירה פאולנר בקבוק 50,מיליליטרים,500.00,"100 מ""ל",false,,10.90,0.0218,true,1,8497
4084500065536,false,קרם לחות מוגברת פנטן,,,קרם לחות מוגברת פנטן,מיליליטרים,300.00,"100 מ""ל",false,,14.90,0.0497,true,1,107
4084500065598,false,קרם לחות לתלתלים פנט,,,קרם לחות לתלתלים פנט,מיליליטרים,300.00,"100 מ""ל",false,,14.90,0.0497,true,1,108
4084500149526,false,טייד גל 2.48 ליטר,,,טייד גל 2.48 ליטר,ארגז,2.48,ליטר,false,,29.90,12.0565,true,1,17476
4084500853836,false,פיירי נוזל כלים ורדי,,,פיירי נוזל כלים ורדי,מיליליטרים,515.00,"100 מ""ל",false,,8.90,0.0173,true,1,17481
4084500854048,false,פיירי נוזל כלים לימו,,,פיירי נוזל כלים לימו,ארגז,1.24,ליטר,false,,15.90,12.8226,true,1,109
4210201262183,false,אורל בי מברשת חשמלית,,,אורל בי מברשת חשמלית,אין,0.00,יחידה,false,,100.90,0.0000,true,1,17487
4260147890513,false,אטריות ביצים דקות במ,,,אטריות ביצים דקות במ,גרמים,500.00,100 גרם,false,,10.00,0.0200,true,1,121994
4602486002071,false,וודקה בלנקאיה גולד 7,,,וודקה בלנקאיה גולד 7,מיליליטרים,700.00,"100 מ""ל",false,,60.90,0.0870,true,1,3714
4640018993343,false,פיניש קוואנטום למדיח,,,פיניש קוואנטום למדיח,אין,0.00,יחידה,false,,40.90,0.0000,true,1,14198
4640018993350,false,פיניש קוואנטום לימון,,,פיניש קוואנטום לימון,אין,0.00,יחידה,false,,40.90,0.0000,true,1,14199
4640018993398,false,פיניש קוואנטום למדיח,,,פיניש קוואנטום למדיח,אין,0.00,יחידה,false,,59.90,0.0000,true,1,14201
4710068001715,false,מאסטר קפה טירמיסו 24,,,מאסטר קפה טירמיסו 24,מיליליטרים,240.00,"100 מ""ל",false,,5.90,0.0246,true,1,24937
4710068003313,false,מאסטר קפה אמריקנו בל,,,מאסטר קפה אמריקנו בל,מיליליטרים,240.00,"100 מ""ל",false,,5.90,0.0246,true,1,151784
4710964104916,false,שמן שומשום טהור לא מ,,,שמן שומשום טהור לא מ,מיליליטרים,370.00,"100 מ""ל",false,,22.90,0.0619,true,1,431759
4710964170799,false,שומשום שחור קלוי מזר,,,שומשום שחור קלוי מזר,גרמים,91.00,100 גרם,false,,16.90,0.1857,true,1,431729
4800888150080,false,דאו' רולאון מלפפונים,,,דאו' רולאון מלפפונים,מיליליטרים,50.00,"100 מ""ל",false,,14.90,0.2980,true,1,8968
4800888219534,false,דאורדורנט סטיק אוריג,,,דאורדורנט סטיק אוריג,גרמים,50.00,100 גרם,false,,14.90,0.2980,true,1,91211
4820080720584,false,וודקה חלבני דאר קלסי,,,וודקה חלבני דאר קלסי,מיליליטרים,700.00,"100 מ""ל",false,,60.90,0.0870,true,1,9438
4860009000014,false,תומר מיץ רימונים גרו,,,תומר מיץ רימונים גרו,ארגז,1.00,ליטר,false,,17.90,17.9000,true,1,16191
4903001925784,false,רוטב סויה יאמאסה דל,,,רוטב סויה יאמאסה דל,מיליליטרים,500.00,"100 מ""ל",false,,17.90,0.0358,true,1,10107
5000127533196,false,דגני בוקר ווראייטי ק,,,דגני בוקר ווראייטי ק,גרמים,191.00,100 גרם,false,,22.90,0.1199,true,1,6352
5000146401568,false,לכביסה ווליט דפים שו,,,לכביסה ווליט דפים שו,אין,0.00,יחידה,false,,9.90,0.0000,true,1,14205
5000157143365,false,מתבל בטעם מיונז וקטש,,,מתבל בטעם מיונז וקטש,מיליליטרים,425.00,"100 מ""ל",false,,14.90,0.0351,true,1,6353
5000159407236,false,חטיף מרס 51 גרם,,,חטיף מרס 51 גרם,גרמים,51.00,100 גרם,false,,3.90,0.0765,true,1,14158
5000159461122,false,חטיף סניקרס שוקולד 5,,,חטיף סניקרס שוקולד 5,גרמים,50.00,100 גרם,false,,3.90,0.0780,true,1,14164
5000189974579,false,קיט קט מיני 200 גרם,,,קיט קט מיני 200 גרם,גרמים,200.00,100 גרם,false,,10.00,0.0500,true,1,397163
5000204153729,false,גלייד מילוי אוטומטי,,,גלייד מילוי אוטומטי,מיליליטרים,269.00,"100 מ""ל",false,,15.90,0.0591,true,1,6509
5000204153903,false,גלייד מילוי אוטומטי,,,גלייד מילוי אוטומטי,מיליליטרים,269.00,"100 מ""ל",false,,15.90,0.0591,true,1,6510
5000204196924,false,רייד נוזל מילוי זוג,,,רייד נוזל מילוי זוג,אין,0.00,יחידה,false,,29.90,0.0000,true,1,288622
5000204243000,false,דאק ג'ל נוזל  לאסלה,,,דאק ג'ל נוזל  לאסלה,מיליליטרים,750.00,"100 מ""ל",false,,8.90,0.0119,true,1,283646
5000267014234,false,גוני ווקר רד לייבל 7,,,גוני ווקר רד לייבל 7,מיליליטרים,700.00,"100 מ""ל",false,,80.90,0.1156,true,1,31476
5000277001019,false,דיוארס ווייט לייבל 7,,,דיוארס ווייט לייבל 7,מיליליטרים,700.00,"100 מ""ל",false,,79.90,0.1141,true,1,56274
5000394137516,false,סוללות דורסל רבעיות,,,סוללות דורסל רבעיות,אין,0.00,יחידה,false,,21.90,0.0000,true,1,273944
5000394140820,false,סוללות דורסל שישיות,,,סוללות דורסל שישיות,אין,0.00,יחידה,false,,21.90,0.0000,true,1,273928
5000396037531,false,מקוויטיס מצופה שוקול,,,מקוויטיס מצופה שוקול,גרמים,200.00,100 גרם,false,,10.90,0.0545,true,1,16068
5000396037548,false,מקוויטיס מצופה שוקול,,,מקוויטיס מצופה שוקול,גרמים,200.00,100 גרם,false,,10.90,0.0545,true,1,16069
5000396037944,false,מקוויטים ביסקוויטים,,,מקוויטים ביסקוויטים,גרמים,250.00,100 גרם,false,,9.90,0.0396,true,1,16070
5010026519368,false,פתיתי שיבולת שועל -,,,פתיתי שיבולת שועל -,גרמים,500.00,100 גרם,false,,7.90,0.0158,true,1,76475
5010182997253,false,רייד ארוסול קוטל ג'ו,,,רייד ארוסול קוטל ג'ו,מיליליטרים,300.00,"100 מ""ל",false,,11.90,0.0397,true,1,6525
5010182997338,false,דאק ג'ל אסלה ניחוח ר,,,דאק ג'ל אסלה ניחוח ר,גרמים,55.00,100 גרם,false,,9.90,0.1800,true,1,6526
5010182997680,false,רייד ארוסול קוטל נמל,,,רייד ארוסול קוטל נמל,מיליליטרים,300.00,"100 מ""ל",false,,11.90,0.0397,true,1,6528
5010182997918,false,דאק ג'ל אסלה ניחוח י,,,דאק ג'ל אסלה ניחוח י,גרמים,55.00,100 גרם,false,,9.90,0.1800,true,1,6529
5010182998861,false,דאק ג'ל נוזל לניקוי,,,דאק ג'ל נוזל לניקוי,מיליליטרים,750.00,"100 מ""ל",false,,8.90,0.0119,true,1,6531
5010296002980,false,גרינאלס ג'ין לונדון,,,גרינאלס ג'ין לונדון,מיליליטרים,700.00,"100 מ""ל",false,,79.00,0.1129,true,1,411010
5010677551281,false,בקרדי בריזר לימון 27,,,בקרדי בריזר לימון 27,מיליליטרים,275.00,"100 מ""ל",false,,13.90,0.0505,true,1,8499
5010677551397,false,בקרדי בריזר ליים,,,בקרדי בריזר ליים,מיליליטרים,275.00,"100 מ""ל",false,,13.90,0.0505,true,1,8500
5010677552387,false,בקרדי בריזר אננס.,,,בקרדי בריזר אננס.,מיליליטרים,275.00,"100 מ""ל",false,,13.90,0.0505,true,1,8501
5010677554398,false,בקרדי בריזר אבטיח,,,בקרדי בריזר אבטיח,מיליליטרים,275.00,"100 מ""ל",false,,13.90,0.0505,true,1,8502
5010677850100,false,"גריי גוס 700 מ""ל",,,"גריי גוס 700 מ""ל",מיליליטרים,700.00,"100 מ""ל",false,,110.90,0.1584,true,1,10525
5011007003005,false,וויסקי אירי גיימסון,,,וויסקי אירי גיימסון,מיליליטרים,700.00,"100 מ""ל",false,,94.90,0.1356,true,1,21476
5011157630281,false,טילדה אורז הימשלי בס,,,טילדה אורז הימשלי בס,אלף,1.00,"ק""ג",false,,19.90,19.9000,true,1,14468
5011157730271,false,אורז יסמין טילדה 1 ק,,,אורז יסמין טילדה 1 ק,אלף,1.00,"ק""ג",false,,19.90,19.9000,true,1,289388
5013931015741,false,ידית הפלא לשטיפת כלי,,,ידית הפלא לשטיפת כלי,גרמים,44.00,100 גרם,false,,19.90,0.4523,true,1,44986
5013931015819,false,מארז כריות פלדה דיש,,,מארז כריות פלדה דיש,גרמים,66.00,100 גרם,false,,19.90,0.3015,true,1,45013
5014271310428,false,סאן דלפור מעדן דובדב,,,סאן דלפור מעדן דובדב,גרמים,284.00,100 גרם,false,,20.90,0.0736,true,1,12039
5014271330426,false,סאן דלפור מעדן אוכמנ,,,סאן דלפור מעדן אוכמנ,גרמים,284.00,100 גרם,false,,20.90,0.0736,true,1,12040
5014271350424,false,סאן דלפור מעדן ארבע,,,סאן דלפור מעדן ארבע,גרמים,284.00,100 גרם,false,,20.90,0.0736,true,1,12041
5014271360423,false,סאן דלפור מעדן תפוז,,,סאן דלפור מעדן תפוז,גרמים,284.00,100 גרם,false,,20.90,0.0736,true,1,12042
5014271400426,false,סאן דלפור מעדן תות ש,,,סאן דלפור מעדן תות ש,גרמים,284.00,100 גרם,false,,20.90,0.0736,true,1,12046
5014271560427,false,סאן דלפור מעדן תפוז,,,סאן דלפור מעדן תפוז,גרמים,284.00,100 גרם,false,,20.90,0.0736,true,1,12047
5029053002408,false,נייר טואלט קליניקס ל,,,נייר טואלט קליניקס ל,מטרים,275.00,מטר,false,,29.90,0.1087,true,1,8193
5029053002439,false,נייר טואלט קליניקס צ,,,נייר טואלט קליניקס צ,מטרים,243.00,מטר,false,,29.90,0.1230,true,1,8194
5029053510811,false,תחבושות אולטרה נורמל,,,תחבושות אולטרה נורמל,אין,0.00,יחידה,false,,15.90,0.0000,true,1,8197
5029053510828,false,תחבושת אולטרה סופר+כ,,,תחבושת אולטרה סופר+כ,אין,0.00,יחידה,false,,15.90,0.0000,true,1,8198
5029053523446,false,תחבושות אולטרה נייט+,,,תחבושות אולטרה נייט+,אין,0.00,יחידה,false,,15.90,0.0000,true,1,8199
5029053535227,false,טמפון עם מוליך נורמל,,,טמפון עם מוליך נורמל,אין,0.00,יחידה,false,,19.90,0.0000,true,1,8210
5035766044772,false,סטרונגבאו סיידר תפוח,,,סטרונגבאו סיידר תפוח,ארגז,1.32,ליטר,false,,32.90,24.9242,true,1,8504
5035766060253,false,מרפיס אייריש סטאוט פ,,,מרפיס אייריש סטאוט פ,מיליליטרים,500.00,"100 מ""ל",false,,11.90,0.0238,true,1,8506
5060250343765,false,ריזס ראונדס בוטנים 6,,,ריזס ראונדס בוטנים 6,גרמים,96.00,100 גרם,false,,10.90,0.1135,true,1,354868
5060319129422,false,הייר ליבינג - חליטת,,,הייר ליבינג - חליטת,גרמים,40.00,100 גרם,false,,16.90,0.4225,true,1,2559
5060517886486,false,מונסטר אנרג'י פחית 5,,,מונסטר אנרג'י פחית 5,מיליליטרים,500.00,"100 מ""ל",false,,6.90,0.0138,true,1,7220
5060751218173,false,מונסטר פייפלין פאנץ',,,מונסטר פייפלין פאנץ',מיליליטרים,500.00,"100 מ""ל",false,,6.90,0.0138,true,1,322658
5201004021328,false,קפריס רולס קלאסיק 11,,,קפריס רולס קלאסיק 11,גרמים,115.00,100 גרם,false,,8.90,0.0774,true,1,53786
5201261201532,false,"היינקן פחית 500 מ""ל",,,"היינקן פחית 500 מ""ל",ארגז,2.00,ליטר,false,,45.90,22.9500,true,1,153400
5201340003385,false,טונה מעושנת בשמן צמח,,,טונה מעושנת בשמן צמח,גרמים,160.00,100 גרם,false,,15.90,0.0994,true,1,146784
5201340003392,false,טונה מעושנת בלימון 1,,,טונה מעושנת בלימון 1,גרמים,160.00,100 גרם,false,,15.90,0.0994,true,1,146798
5201347160326,false,קלגון גל 750 מ'ל,,,קלגון גל 750 מ'ל,מיליליטרים,750.00,"100 מ""ל",false,,30.90,0.0412,true,1,14217
5201347175030,false,פיניש קוואנטום 32 יח,,,פיניש קוואנטום 32 יח,אין,0.00,יחידה,false,,34.90,0.0000,true,1,422454
5201940010110,false,זיתים שחורים קלמטה ו,,,זיתים שחורים קלמטה ו,גרמים,250.00,100 גרם,false,,13.90,0.0556,true,1,5306
5202175001515,false,נאצ'וס בטעם מלוח מזר,,,נאצ'וס בטעם מלוח מזר,גרמים,225.00,100 גרם,false,,10.90,0.0484,true,1,306318
5202175001546,false,נאצ'וס בטעם ברביקיו,,,נאצ'וס בטעם ברביקיו,גרמים,225.00,100 גרם,false,,10.90,0.0484,true,1,431243
5202175002451,false,טורטייה- מאפה על בסי,,,טורטייה- מאפה על בסי,גרמים,245.00,100 גרם,false,,8.90,0.0363,true,1,431006
5203064007632,false,תומר עוגיות שוקו צ'י,,,תומר עוגיות שוקו צ'י,גרמים,180.00,100 גרם,false,,9.90,0.0550,true,1,181316
5208049006594,false,פאל מאל אקסטרה כחול,,,פאל מאל אקסטרה כחול,אין,0.00,יחידה,false,,27.50,0.0000,false,1,425632
5391523057929,false,סימילאק גולדשלב 1  7,,,סימילאק גולדשלב 1  7,גרמים,700.00,100 גרם,false,,70.90,0.1013,true,1,18886
5391523057936,false,סימילאק גולד שלב 2,,,סימילאק גולד שלב 2,גרמים,700.00,100 גרם,false,,70.90,0.1013,true,1,18887
5391523057943,false,סימילאק גולד שלב 3 7,,,סימילאק גולד שלב 3 7,גרמים,700.00,100 גרם,false,,70.90,0.1013,true,1,18888
5410076933129,false,אריאל שושן צחור שקית,,,אריאל שושן צחור שקית,אלף,3.00,"ק""ג",false,,34.90,11.6333,true,1,17516
5410126006087,false,לוטוס עוגיות קרמל 70,,,לוטוס עוגיות קרמל 70,גרמים,700.00,100 גרם,false,,24.90,0.0356,true,1,6362
5410126116953,false,לוטוס ממרח ביסקוויט,,,לוטוס ממרח ביסקוויט,גרמים,400.00,100 גרם,false,,20.90,0.0522,true,1,6366
5410126666038,false,עוגיות לוטוס 279 גרם,,,עוגיות לוטוס 279 גרם,גרמים,279.00,100 גרם,false,,12.90,0.0462,true,1,6367
5410126716016,false,ביסקוויט בטעם קרמל ל,,,ביסקוויט בטעם קרמל ל,גרמים,250.00,100 גרם,false,,11.90,0.0476,true,1,6368
5410173210055,false,רומבוסט קפה טחון וקל,,,רומבוסט קפה טחון וקל,גרמים,70.00,100 גרם,false,,14.90,0.2129,true,1,10109
5410316983693,false,סמירנוף אייס בודד,,,סמירנוף אייס בודד,מיליליטרים,275.00,"100 מ""ל",false,,11.90,0.0433,true,1,7229
5411188081852,false,אלפרו משקה סויה בטעם,,,אלפרו משקה סויה בטעם,אין,0.00,יחידה,false,,11.80,0.0000,true,1,14875
5411188094159,false,אלפרו מעדן סויה שוק.,,,אלפרו מעדן סויה שוק.,מיליליטרים,500.00,"100 מ""ל",false,,14.90,0.0298,true,1,14876
5411188096108,false,אלפרו סויה לבישול 25,,,אלפרו סויה לבישול 25,מיליליטרים,250.00,"100 מ""ל",false,,9.90,0.0396,true,1,14877
5411188110835,false,אלפרו משקה שקדים 1 ל,,,אלפרו משקה שקדים 1 ל,ארגז,1.00,ליטר,false,,11.80,11.8000,true,1,14879
5411188112549,false,אלפרו משקה אורז 1ל,,,אלפרו משקה אורז 1ל,ארגז,1.00,ליטר,false,,11.80,11.8000,true,1,14881
5411188112709,false,אלפרו משקה שקדים ללא,,,אלפרו משקה שקדים ללא,אין,0.00,יחידה,false,,11.80,0.0000,true,1,14882
5411188115366,false,אלפרו משקה שיבולת שו,,,אלפרו משקה שיבולת שו,אין,0.00,יחידה,false,,11.80,0.0000,true,1,14883
5411188115434,false,אלפרו משקה בריסטה סו,,,אלפרו משקה בריסטה סו,ליטרים,1.00,100 ליטר,false,,11.80,11.8000,true,1,355353
5411188115472,false,אלפרו משקה סויה 1 לי,,,אלפרו משקה סויה 1 לי,ארגז,1.00,ליטר,false,,11.80,11.8000,true,1,14884
5411188120742,false,אלפרו משקה שקדים בטע,,,אלפרו משקה שקדים בטע,ארגז,1.00,ליטר,false,,11.80,11.8000,true,1,14887
5411188120957,false,אלפרו קוקוס לבישול 2,,,אלפרו קוקוס לבישול 2,מיליליטרים,250.00,"100 מ""ל",false,,9.90,0.0396,true,1,250666
5411188121923,false,אלפרו סויה סידן  שלש,,,אלפרו סויה סידן  שלש,מיליליטרים,750.00,"100 מ""ל",false,,14.50,0.0193,true,1,14888
5411188121978,false,אלפרו סויה  שוקו סיד,,,אלפרו סויה  שוקו סיד,מיליליטרים,750.00,"100 מ""ל",false,,14.50,0.0193,true,1,14889
5411188124689,false,אלפרו משקה שיבולת שו,,,אלפרו משקה שיבולת שו,אין,0.00,יחידה,false,,11.80,0.0000,true,1,41058
5411188124726,false,אלפרו משקה שיבולת שו,,,אלפרו משקה שיבולת שו,אין,0.00,יחידה,false,,11.90,0.0000,true,1,14892
5411188129899,false,אלפרו משקה בריסטה שק,,,אלפרו משקה בריסטה שק,אין,0.00,יחידה,false,,11.80,0.0000,true,1,14896
5411188133476,false,אלפרו משקה סויה שוקו,,,אלפרו משקה סויה שוקו,מיליליטרים,250.00,"100 מ""ל",false,,6.90,0.0276,true,1,138888
5411188133490,false,אלפרו משקה סויה קפה,,,אלפרו משקה סויה קפה,מיליליטרים,250.00,"100 מ""ל",false,,6.90,0.0276,true,1,138916
5411188134985,false,אלפרו 3.5% שומן NOT,,,אלפרו 3.5% שומן NOT,ארגז,1.00,ליטר,false,,12.90,12.9000,true,1,109144
5411188135005,false,אלפרו 1.8% שומן NOT,,,אלפרו 1.8% שומן NOT,ארגז,1.00,ליטר,false,,12.90,12.9000,true,1,113051
5411188513483,false,אלפרו סויה לבישול 14,,,אלפרו סויה לבישול 14,מיליליטרים,250.00,"100 מ""ל",false,,9.90,0.0396,true,1,250667
5411188543398,false,אלפרו משקה סויה ללא,,,אלפרו משקה סויה ללא,ארגז,1.00,ליטר,false,,11.80,11.8000,true,1,14898
5413121355082,false,שוקולד בלגי מריר 72%,,,שוקולד בלגי מריר 72%,גרמים,100.00,100 גרם,false,,11.90,0.1190,true,1,415141
5413121355099,false,שוקולד מריר 72% עם פ,,,שוקולד מריר 72% עם פ,גרמים,100.00,100 גרם,false,,11.90,0.1190,true,1,415127
5413149655522,false,אריאל אבקת כביסה שוש,,,אריאל אבקת כביסה שוש,אלף,1.25,"ק""ג",false,,17.90,14.3200,true,1,17517
5413149922907,false,אריאל אבקת כביסה קול,,,אריאל אבקת כביסה קול,אלף,5.00,"ק""ג",false,,45.90,9.1800,true,1,17518
5413548040479,false,בונבוניירה רפאלו 240,,,בונבוניירה רפאלו 240,גרמים,240.00,100 גרם,false,,22.40,0.0933,true,1,25656
5420066370001,false,טראפל שוקולד בלגי קר,,,טראפל שוקולד בלגי קר,גרמים,150.00,100 גרם,false,,14.90,0.0993,true,1,416286
5420066370018,false,טראפל שוקולד בלגי קק,,,טראפל שוקולד בלגי קק,גרמים,150.00,100 גרם,false,,14.90,0.0993,true,1,416243
5420066370049,false,טראפל שוקולד בלגי תפ,,,טראפל שוקולד בלגי תפ,גרמים,150.00,100 גרם,false,,14.90,0.0993,true,1,416303
5600289150332,false,צ'יפס תפוחי עץ מיובש,,,צ'יפס תפוחי עץ מיובש,גרמים,20.00,100 גרם,false,,5.90,0.2950,true,1,299657
5600289150349,false,צ'יפס תפוחי עץ מיובש,,,צ'יפס תפוחי עץ מיובש,גרמים,30.00,100 גרם,false,,5.90,0.1967,true,1,299658
5601008200444,false,גודיס עוגיות טבעת מצ,,,גודיס עוגיות טבעת מצ,גרמים,150.00,100 גרם,false,,4.90,0.0327,true,1,14469
5601008200468,false,גודיס עוגיות טבעת מצ,,,גודיס עוגיות טבעת מצ,גרמים,150.00,100 גרם,false,,4.90,0.0327,true,1,14471
5601010111035,false,סרדינים בשמן זית רמי,,,סרדינים בשמן זית רמי,גרמים,100.00,100 גרם,false,,11.90,0.1190,true,1,336996
5601010211070,false,סרדינים במי מלח רמיר,,,סרדינים במי מלח רמיר,גרמים,100.00,100 גרם,false,,10.90,0.1090,true,1,166768
5601036205626,false,אקסלנס קרם בלונד 6,,,אקסלנס קרם בלונד 6,אין,0.00,יחידה,false,,34.90,0.0000,true,1,118915
5604912415058,false,סרדינים בשמן חמניה ח,,,סרדינים בשמן חמניה ח,גרמים,125.00,100 גרם,false,,5.90,0.0472,true,1,6372
5701932026971,false,הוט פופ פופקורן בטעם,,,הוט פופ פופקורן בטעם,גרמים,600.00,100 גרם,false,,14.90,0.0248,true,1,10111
5701932026995,false,הוט פופ פופקורן לייט,,,הוט פופ פופקורן לייט,גרמים,510.00,100 גרם,false,,14.90,0.0292,true,1,10112
5711953106583,false,ארלה גבינת שמנת טבעי,,,ארלה גבינת שמנת טבעי,גרמים,200.00,100 גרם,false,,12.80,0.0640,true,1,15413
5711953106590,false,ארלה גבינת שמנת שום,,,ארלה גבינת שמנת שום,גרמים,200.00,100 גרם,false,,12.80,0.0640,true,1,15414
5711953106606,false,ארלה גבינת שמנת עשבי,,,ארלה גבינת שמנת עשבי,גרמים,200.00,100 גרם,false,,12.80,0.0640,true,1,15415
5711953148347,false,גבינת שמנת טבעי ארלה,,,גבינת שמנת טבעי ארלה,גרמים,300.00,100 גרם,false,,23.90,0.0797,true,1,438778
5740900403215,false,ממרח לורפק עם מלח 25,,,ממרח לורפק עם מלח 25,גרמים,250.00,100 גרם,false,,16.80,0.0672,true,1,15417
5740900403239,false,ממרח לורפק ללא מלח 2,,,ממרח לורפק ללא מלח 2,גרמים,250.00,100 גרם,false,,16.80,0.0672,true,1,15419
5740900403246,false,ממרח לורפק ללא מלח 5,,,ממרח לורפק ללא מלח 5,גרמים,500.00,100 גרם,false,,28.90,0.0578,true,1,15420
5740900403260,false,ממרח לורפק ללא מלח מ,,,ממרח לורפק ללא מלח מ,גרמים,250.00,100 גרם,false,,16.80,0.0672,true,1,15422
5740900403284,false,חמאת לורפק ללא מלח 2,,,חמאת לורפק ללא מלח 2,גרמים,200.00,100 גרם,false,,10.90,0.0545,true,1,15423
5740900403864,false,חמאת לורפק עם מלח 20,,,חמאת לורפק עם מלח 20,גרמים,200.00,100 גרם,false,,10.90,0.0545,true,1,109227
5900020012814,false,דגני בוקר נסקוויק נס,,,דגני בוקר נסקוויק נס,גרמים,500.00,100 גרם,false,,24.90,0.0498,true,1,12860
5900020015174,false,פיטנס חטיף דגנים שוק,,,פיטנס חטיף דגנים שוק,גרמים,141.00,100 גרם,false,,14.90,0.1057,true,1,12861
5900020018908,false,פיטנס חטיף דגנים קרם,,,פיטנס חטיף דגנים קרם,גרמים,141.00,100 גרם,false,,14.90,0.1057,true,1,12862
5900020020710,false,חטיף דגנים קראנץ בר,,,חטיף דגנים קראנץ בר,גרמים,150.00,100 גרם,false,,16.90,0.1127,true,1,12864
5900020022325,false,חטיף דגנים סיני מיני,,,חטיף דגנים סיני מיני,גרמים,150.00,100 גרם,false,,16.90,0.1127,true,1,12867
5900020024770,false,פיטנס בר דליס שוקולד,,,פיטנס בר דליס שוקולד,גרמים,135.00,100 גרם,false,,14.90,0.1104,true,1,12868
5900020024817,false,פיטנס בר דליס שוקולד,,,פיטנס בר דליס שוקולד,גרמים,135.00,100 גרם,false,,14.90,0.1104,true,1,12869
5900020025647,false,פיטנס בר דליס שוקולד,,,פיטנס בר דליס שוקולד,גרמים,135.00,100 גרם,false,,14.90,0.1104,true,1,12870
5900020026552,false,האני נאט ציריוס נסטל,,,האני נאט ציריוס נסטל,גרמים,625.00,100 גרם,false,,24.90,0.0398,true,1,12874
5900020029669,false,פיטנס חטיף דגנים פיר,,,פיטנס חטיף דגנים פיר,גרמים,141.00,100 גרם,false,,14.90,0.1057,true,1,12877
5900020031877,false,חטיף דגנים צ'יריוס ה,,,חטיף דגנים צ'יריוס ה,גרמים,132.00,100 גרם,false,,16.90,0.1280,true,1,12878
5900020032454,false,חטיף דגנים  עוגיות פ,,,חטיף דגנים  עוגיות פ,גרמים,188.00,100 גרם,false,,16.90,0.0899,true,1,84792
5900020032539,false,חטיף דגנים  שוקולד פ,,,חטיף דגנים  שוקולד פ,גרמים,188.00,100 גרם,false,,16.90,0.0899,true,1,84806
5900020033314,false,חטיף דגנים ליון נסטל,,,חטיף דגנים ליון נסטל,גרמים,150.00,100 גרם,false,,16.90,0.1127,true,1,12879
5900020034021,false,פיטנס חטיף דגנים שוק,,,פיטנס חטיף דגנים שוק,גרמים,141.00,100 גרם,false,,16.90,0.1199,true,1,12880
5900020034991,false,קראנץ' צדפים בטעם שו,,,קראנץ' צדפים בטעם שו,גרמים,450.00,100 גרם,false,,24.90,0.0553,true,1,12881
5900020036407,false,דגני בוקר שוקולד וקר,,,דגני בוקר שוקולד וקר,גרמים,480.00,100 גרם,false,,24.90,0.0519,true,1,12883
5900020039590,false,פיטנס חטיף דגנים קלא,,,פיטנס חטיף דגנים קלא,גרמים,141.00,100 גרם,false,,14.90,0.1057,true,1,152099
5900020039620,false,חטיף דגנים שקדים ודב,,,חטיף דגנים שקדים ודב,גרמים,141.00,100 גרם,false,,14.90,0.1057,true,1,152085
5900627063233,false,50 יח AIO טבליות פינ,,,50 יח AIO טבליות פינ,גרמים,800.00,100 גרם,false,,39.90,0.0499,true,1,14226
5900627066715,false,פיניש 100 טבליות AIO,,,פיניש 100 טבליות AIO,אין,0.00,יחידה,false,,59.90,0.0000,true,1,57343
5902198160403,false,אקס אל משקה אנרגיה ט,,,אקס אל משקה אנרגיה ט,מיליליטרים,250.00,"100 מ""ל",false,,4.50,0.0180,true,1,8508
5902768862553,true,עוגיות בוגטי שוקולד,,,עוגיות בוגטי שוקולד,גרמים,155.00,100 גרם,false,,5.50,0.0355,true,1,31807
5902768862683,true,עוגיות טוויט שוקולד,,,עוגיות טוויט שוקולד,גרמים,155.00,100 גרם,false,,5.50,0.0355,true,1,31808
5902768865677,true,עוגיות שוקולד צ'יפס,,,עוגיות שוקולד צ'יפס,גרמים,150.00,100 גרם,false,,5.50,0.0367,true,1,31810
5904941751302,false,בלו משקה אנרגיה 250,,,בלו משקה אנרגיה 250,מיליליטרים,250.00,"100 מ""ל",false,,4.50,0.0180,true,1,4591
5904941751715,false,בלו משקה אנרגיה קרנב,,,בלו משקה אנרגיה קרנב,מיליליטרים,250.00,"100 מ""ל",false,,4.50,0.0180,true,1,4593
5906485301012,false,אקס אל משקה אנרגיה 2,,,אקס אל משקה אנרגיה 2,מיליליטרים,250.00,"100 מ""ל",false,,4.50,0.0180,true,1,8509
5941021000639,false,טבלת היידי גראנדור ח,,,טבלת היידי גראנדור ח,גרמים,100.00,100 גרם,false,,9.50,0.0950,true,1,353992
5941021000899,false,טבלת היידי גראנדור מ,,,טבלת היידי גראנדור מ,גרמים,100.00,100 גרם,false,,9.50,0.0950,true,1,354021
5941021001247,false,טבלת היידי גראנדור ק,,,טבלת היידי גראנדור ק,גרמים,80.00,100 גרם,false,,9.50,0.1188,true,1,354134
5941021001254,false,טבלת היידי גראנדור ת,,,טבלת היידי גראנדור ת,גרמים,80.00,100 גרם,false,,9.50,0.1188,true,1,354135
5941021001674,false,טבלת היידי גראנדור 8,,,טבלת היידי גראנדור 8,גרמים,80.00,100 גרם,false,,9.50,0.1188,true,1,354007
5941021002190,false,טבלת היידי גראנדור ל,,,טבלת היידי גראנדור ל,גרמים,100.00,100 גרם,false,,9.50,0.0950,true,1,354119
5941021004309,false,טבלת היידי גראנדור פ,,,טבלת היידי גראנדור פ,גרמים,100.00,100 גרם,false,,9.50,0.0950,true,1,354151
5941021005139,false,טבלת היידי גראנדור ח,,,טבלת היידי גראנדור ח,גרמים,100.00,100 גרם,false,,9.50,0.0950,true,1,354022
5941021007577,false,טבלת היידי גראנדור פ,,,טבלת היידי גראנדור פ,גרמים,80.00,100 גרם,false,,9.50,0.1188,true,1,354137
5941021011147,false,טבלת היידי גראנדור פ,,,טבלת היידי גראנדור פ,גרמים,100.00,100 גרם,false,,9.50,0.0950,true,1,354152
5997321701806,false,"קלגון אבקה 1 ק""ג",,,"קלגון אבקה 1 ק""ג",אלף,1.00,"ק""ג",false,,30.90,30.9000,true,1,14228
5998623526739,false,יין סי גראס גוורצטרמ,,,יין סי גראס גוורצטרמ,מיליליטרים,750.00,"100 מ""ל",false,,40.90,0.0545,true,1,10528
5998623530644,false,פינו גריג'יו רוזה חצ,,,פינו גריג'יו רוזה חצ,מיליליטרים,750.00,"100 מ""ל",false,,39.90,0.0532,true,1,295423
6102017501939,false,מצת מהודר,,,מצת מהודר,אין,0.00,יחידה,false,,9.90,0.0000,true,1,19979
6111049002055,false,סרדין מרוקאי בשמן קפ,,,סרדין מרוקאי בשמן קפ,גרמים,125.00,100 גרם,false,,4.90,0.0392,true,1,8911
6111094000013,false,קוסקוס בינוני דארי 1,,,קוסקוס בינוני דארי 1,אלף,1.00,"ק""ג",false,,17.90,17.9000,true,1,16192
6111094000228,false,"קוסקוס דק דארי 1 ק""ג",,,"קוסקוס דק דארי 1 ק""ג",אלף,1.00,"ק""ג",false,,17.90,17.9000,true,1,16194
6111094000259,false,קוסקוס בינוני דארי 5,,,קוסקוס בינוני דארי 5,גרמים,500.00,100 גרם,false,,10.00,0.0200,true,1,16196
6111094000808,false,קוסקוס בינוני דארי 1,,,קוסקוס בינוני דארי 1,אלף,1.10,"ק""ג",false,,17.90,16.2727,true,1,16197
6224009175192,false,"תות שדה 1 ק""ג קפוא ב",,,"תות שדה 1 ק""ג קפוא ב",אלף,1.00,"ק""ג",false,,16.90,16.9000,true,1,31663
6910191800287,false,אצות נורי לסושי מזרח,,,אצות נורי לסושי מזרח,גרמים,25.00,100 גרם,false,,11.90,0.4760,true,1,306205
6912977000140,false,אטריות שעועית ללא גל,,,אטריות שעועית ללא גל,גרמים,250.00,100 גרם,false,,8.90,0.0356,true,1,29298
6924421202017,false,פטריות שי-מג'י חוות,,,פטריות שי-מג'י חוות,גרמים,150.00,100 גרם,false,,12.90,0.0860,true,1,31170
6936745600462,false,רוטב מירין לתיבול מז,,,רוטב מירין לתיבול מז,מיליליטרים,500.00,"100 מ""ל",false,,19.90,0.0398,true,1,431200
6936745600783,false,"חומץ אורז 500 מ""ל (ד",,,"חומץ אורז 500 מ""ל (ד",גרמים,500.00,100 גרם,false,,14.90,0.0298,true,1,430940
7038516140357,false,מב.שיניים טוטאל קלין,,,מב.שיניים טוטאל קלין,אין,0.00,יחידה,false,,10.00,0.0000,true,1,6535
7046110075036,false,מארז מב.שיניים אולטי,,,מארז מב.שיניים אולטי,אין,0.00,יחידה,false,,10.00,0.0000,true,1,6543
7290000000004,false,לחמניית אצבע עם נקני,,,לחמניית אצבע עם נקני,אין,0.00,יחידה,false,,9.90,0.0000,true,1,22018
7290000000104,false,סנדוויץ'  עובד,,,סנדוויץ'  עובד,אין,0.00,יחידה,false,,5.00,0.0000,true,1,22027
7290000001085,true,פרנה/פיתה מרוקאית /ל,,,פרנה/פיתה מרוקאית /ל,אין,0.00,יחידה,false,,5.90,0.0000,true,1,5170
7290000001104,false,פטריות  חורש  ארוז,,,פטריות  חורש  ארוז,יח',1.00,יח',false,,9.90,9.9000,true,1,27599
7290000001524,true,בצל ירוק כשר,,,בצל ירוק כשר,יח',1.00,יח',false,,6.90,6.9000,true,1,29365
7290000001593,true,נענע כשר,,,נענע כשר,יח',1.00,יח',false,,5.90,5.9000,true,1,29368
7290000001644,false,שורש פטרוזיליה,,,שורש פטרוזיליה,יח',1.00,יח',false,,5.90,5.9000,true,1,29850
7290000002023,false,מאפים מתוקים/מלוחים,,,מאפים מתוקים/מלוחים,קילוגרמים,1.00,"ק""ג",true,,39.00,39.0000,true,1,34070
7290000002247,false,חלומי גד 24% במשקל,,,חלומי גד 24% במשקל,קילוגרמים,1.00,"ק""ג",true,,79.00,79.0000,true,1,11037
7290000002858,false,פטה עזים גד 5% במשקל,,,פטה עזים גד 5% במשקל,קילוגרמים,1.00,"ק""ג",true,,120.00,120.0000,true,1,11039
7290000002872,false,צפתית במים גד 5% במש,,,צפתית במים גד 5% במש,קילוגרמים,1.00,"ק""ג",true,,64.00,64.0000,true,1,11040
7290000002964,false,פטה כבשים  גד 16% במ,,,פטה כבשים  גד 16% במ,קילוגרמים,1.00,"ק""ג",true,,105.00,105.0000,true,1,11042
7290000003035,false,פיתות אסלי חמישיה,,,פיתות אסלי חמישיה,גרמים,500.00,100 גרם,false,,7.50,0.0150,true,1,34057
7290000003043,false,לחם מחמצת,,,לחם מחמצת,גרמים,530.00,100 גרם,false,,16.90,0.0319,true,1,34002
7290000003285,false,פטינה מחלבת ארלה 21%,,,פטינה מחלבת ארלה 21%,קילוגרמים,1.00,"ק""ג",true,,29.00,29.0000,true,1,15396
7290000003286,false,בלוז דנאבלו מחלבת אר,,,בלוז דנאבלו מחלבת אר,קילוגרמים,1.00,"ק""ג",true,,65.00,65.0000,true,1,15397
7290000003503,false,כנפיים עוף טרי,,,כנפיים עוף טרי,קילוגרמים,1.00,"ק""ג",true,,10.00,10.0000,true,1,17312
7290000004006,false,קאשקבל משולשים גד 26,,,קאשקבל משולשים גד 26,קילוגרמים,1.00,"ק""ג",true,,128.00,128.0000,true,1,11043
7290000004045,false,חליות,,,חליות,יח',1.00,יח',false,,2.20,2.2000,true,1,34030
7290000004444,false,שקיות גופיה  20 מקרו,,,שקיות גופיה  20 מקרו,אין,0.00,יחידה,false,,0.10,0.0000,true,1,413537
7290000004655,false,מוצרלה מעושנת גד 22%,,,מוצרלה מעושנת גד 22%,קילוגרמים,1.00,"ק""ג",true,,80.00,80.0000,true,1,3064
7290000004754,false,מוצרלה כדור קטן גד 1,,,מוצרלה כדור קטן גד 1,קילוגרמים,1.00,"ק""ג",true,,95.00,95.0000,true,1,11044
7290000004792,false,בולגרית מעודנת גד 5%,,,בולגרית מעודנת גד 5%,קילוגרמים,1.00,"ק""ג",true,,56.00,56.0000,true,1,11045
7290000004815,false,מוצרלה גד 22% במשקל,,,מוצרלה גד 22% במשקל,קילוגרמים,1.00,"ק""ג",true,,80.00,80.0000,true,1,3035
7290000004921,false,ריקוטה גד 5% במשקל,,,ריקוטה גד 5% במשקל,קילוגרמים,1.00,"ק""ג",true,,52.00,52.0000,true,1,11048
7290000004969,false,גבינות שמנת טבעי גד,,,גבינות שמנת טבעי גד,קילוגרמים,1.00,"ק""ג",true,,47.00,47.0000,true,1,11049
7290000004990,false,כדור גדול מוצרלה גד,,,כדור גדול מוצרלה גד,קילוגרמים,1.00,"ק""ג",true,,95.00,95.0000,true,1,3051
7290000005025,false,בייגל בטעמים,,,בייגל בטעמים,יח',1.00,יח',false,,4.90,4.9000,true,1,22923
7290000005448,false,בולגרית מעודנת מהדרי,,,בולגרית מעודנת מהדרי,קילוגרמים,1.00,"ק""ג",true,,56.00,56.0000,true,1,11053
7290000005455,false,בולגרית מעודנת מהדרי,,,בולגרית מעודנת מהדרי,קילוגרמים,1.00,"ק""ג",true,,60.00,60.0000,true,1,11054
7290000005608,false,לאבנה מהדרין גד 5% ב,,,לאבנה מהדרין גד 5% ב,קילוגרמים,1.00,"ק""ג",true,,42.00,42.0000,true,1,11058
7290000006021,false,פטה מעדן סלט קוביות,,,פטה מעדן סלט קוביות,קילוגרמים,1.00,"ק""ג",true,,75.00,75.0000,true,1,6747
7290000006120,false,טאפאס ממולא גב.שמנת,,,טאפאס ממולא גב.שמנת,קילוגרמים,1.00,"ק""ג",true,,148.00,148.0000,true,1,48248
7290000008955,false,חמניות קלויות,,,חמניות קלויות,קילוגרמים,1.00,"ק""ג",true,,41.00,41.0000,true,1,20448
7290000009350,false,בשר טחון טרי,,,בשר טחון טרי,קילוגרמים,1.00,"ק""ג",true,,37.90,37.9000,true,1,426588
7290000009351,false,בשר טחון חלק טרי,,,בשר טחון חלק טרי,קילוגרמים,1.00,"ק""ג",true,,49.90,49.9000,true,1,426725
7290000009355,false,צלעות בקר חלק טרי,,,צלעות בקר חלק טרי,קילוגרמים,1.00,"ק""ג",true,,59.90,59.9000,true,1,427117
7290000009359,false,כתף חלק טרי,,,כתף חלק טרי,קילוגרמים,1.00,"ק""ג",true,,64.90,64.9000,true,1,427221
7290000009363,false,צלי כתף חלק טרי,,,צלי כתף חלק טרי,קילוגרמים,1.00,"ק""ג",true,,89.90,89.9000,true,1,427333
7290000009371,false,שריר חלק טרי,,,שריר חלק טרי,קילוגרמים,1.00,"ק""ג",true,,59.90,59.9000,true,1,427482
7290000009375,false,אנטריקוט חלק טרי,,,אנטריקוט חלק טרי,קילוגרמים,1.00,"ק""ג",true,,129.90,129.9000,true,1,427833
7290000009378,false,אנטריקוט פרימיום חלק,,,אנטריקוט פרימיום חלק,קילוגרמים,1.00,"ק""ג",true,,159.90,159.9000,true,1,427885
7290000009384,false,סטייק טומהוק חלק טרי,,,סטייק טומהוק חלק טרי,קילוגרמים,1.00,"ק""ג",true,,149.90,149.9000,true,1,428910
7290000009390,false,אסאדו חלק טרי,,,אסאדו חלק טרי,קילוגרמים,1.00,"ק""ג",true,,69.90,69.9000,true,1,427936
7290000009406,false,סינטה חלק טרי,,,סינטה חלק טרי,קילוגרמים,1.00,"ק""ג",true,,129.90,129.9000,true,1,430131
7290000009431,false,רבע כבש טרי,,,רבע כבש טרי,קילוגרמים,1.00,"ק""ג",true,,119.90,119.9000,true,1,428314
7290000009433,false,צלעות טלה טרי,,,צלעות טלה טרי,קילוגרמים,1.00,"ק""ג",true,,189.90,189.9000,true,1,428359
7290000009434,false,אסאדו טלה טרי,,,אסאדו טלה טרי,קילוגרמים,1.00,"ק""ג",true,,99.90,99.9000,true,1,428394
7290000009435,false,צוואר טלה טרי,,,צוואר טלה טרי,קילוגרמים,1.00,"ק""ג",true,,74.90,74.9000,true,1,428410
7290000009436,false,כתף טלה טרי,,,כתף טלה טרי,קילוגרמים,1.00,"ק""ג",true,,119.90,119.9000,true,1,428443
7290000009437,false,בשר טחון מחפוד טרי,,,בשר טחון מחפוד טרי,קילוגרמים,1.00,"ק""ג",true,,64.90,64.9000,true,1,428731
7290000009438,false,צלעות מחפוד טרי,,,צלעות מחפוד טרי,קילוגרמים,1.00,"ק""ג",true,,79.90,79.9000,true,1,428751
7290000009439,false,כתף מחפוד טרי,,,כתף מחפוד טרי,קילוגרמים,1.00,"ק""ג",true,,74.90,74.9000,true,1,428752
7290000009440,false,צלי כתף מחפוד טרי,,,צלי כתף מחפוד טרי,קילוגרמים,1.00,"ק""ג",true,,114.90,114.9000,true,1,428772
7290000009441,false,פילה מדומה מחפוד טרי,,,פילה מדומה מחפוד טרי,קילוגרמים,1.00,"ק""ג",true,,84.90,84.9000,true,1,428790
7290000009442,false,שריר מחפוד טרי,,,שריר מחפוד טרי,קילוגרמים,1.00,"ק""ג",true,,74.90,74.9000,true,1,428807
7290000009443,false,אוסובוקו מחפוד טרי,,,אוסובוקו מחפוד טרי,קילוגרמים,1.00,"ק""ג",true,,69.90,69.9000,true,1,428825
7290000009446,false,אסאדו ע.ע מחפוד טרי,,,אסאדו ע.ע מחפוד טרי,קילוגרמים,1.00,"ק""ג",true,,69.90,69.9000,true,1,428927
7290000009458,false,צוואר ע.ע  מחפוד,,,צוואר ע.ע  מחפוד,קילוגרמים,1.00,"ק""ג",true,,59.90,59.9000,true,1,437703
7290000009459,false,חזה ע.ע  מחפוד,,,חזה ע.ע  מחפוד,קילוגרמים,1.00,"ק""ג",true,,59.90,59.9000,true,1,437751
7290000009460,false,כתף ע.ע  מחפוד,,,כתף ע.ע  מחפוד,קילוגרמים,1.00,"ק""ג",true,,59.90,59.9000,true,1,437786
7290000009461,false,חזה ע.ע  טרי,,,חזה ע.ע  טרי,קילוגרמים,1.00,"ק""ג",true,,49.90,49.9000,true,1,437952
7290000009462,false,צוואר ע.ע  טרי,,,צוואר ע.ע  טרי,קילוגרמים,1.00,"ק""ג",true,,49.90,49.9000,true,1,437968
7290000009464,false,אנטריקוט ע.ע טרי,,,אנטריקוט ע.ע טרי,קילוגרמים,1.00,"ק""ג",true,,94.90,94.9000,true,1,438013
7290000009465,false,אנטריקוט ע.ע מחפוד ט,,,אנטריקוט ע.ע מחפוד ט,קילוגרמים,1.00,"ק""ג",true,,104.90,104.9000,true,1,438043
7290000009480,false,עצמות מח חלק טרי,,,עצמות מח חלק טרי,קילוגרמים,1.00,"ק""ג",true,,24.90,24.9000,true,1,438589
7290000009481,false,כתף ע.ע  כשר,,,כתף ע.ע  כשר,קילוגרמים,1.00,"ק""ג",true,,49.90,49.9000,true,1,438779
7290000009483,false,כבד בקר מחפוד טרי,,,כבד בקר מחפוד טרי,קילוגרמים,1.00,"ק""ג",true,,32.90,32.9000,true,1,438842
7290000009485,false,לשון בקר מחפוד טרי,,,לשון בקר מחפוד טרי,קילוגרמים,1.00,"ק""ג",true,,69.90,69.9000,true,1,438887
7290000009492,false,ריאות בקר מחפוד טרי,,,ריאות בקר מחפוד טרי,קילוגרמים,1.00,"ק""ג",true,,34.90,34.9000,true,1,439087
7290000009510,false,שפיץ צאך מחפוד טרי,,,שפיץ צאך מחפוד טרי,קילוגרמים,1.00,"ק""ג",true,,119.90,119.9000,true,1,439272
7290000009511,false,שייטל בקר מחפוד טרי,,,שייטל בקר מחפוד טרי,קילוגרמים,1.00,"ק""ג",true,,110.90,110.9000,true,1,439287
7290000009512,false,ויסברטן  בקר מחפוד ט,,,ויסברטן  בקר מחפוד ט,קילוגרמים,1.00,"ק""ג",true,,89.90,89.9000,true,1,439288
7290000009514,false,צאך בקר מחפוד טרי,,,צאך בקר מחפוד טרי,קילוגרמים,1.00,"ק""ג",true,,89.90,89.9000,true,1,439304
7290000009515,false,אווזית בקר מחפוד טרי,,,אווזית בקר מחפוד טרי,קילוגרמים,1.00,"ק""ג",true,,89.90,89.9000,true,1,439319
7290000011236,false,בולגרית מעודנת המושב,,,בולגרית מעודנת המושב,קילוגרמים,1.00,"ק""ג",true,,38.00,38.0000,true,1,11151
7290000011274,false,שמנת זיתים המושבה 30,,,שמנת זיתים המושבה 30,קילוגרמים,1.00,"ק""ג",true,,40.00,40.0000,true,1,11154
7290000011397,false,ברי בקר/קממבר המושבה,,,ברי בקר/קממבר המושבה,קילוגרמים,1.00,"ק""ג",true,,79.00,79.0000,true,1,11155
7290000011427,false,אצבעות שוקולד וניל ה,,,אצבעות שוקולד וניל ה,קילוגרמים,1.00,"ק""ג",true,,49.00,49.0000,true,1,11156
7290000011593,false,שזיף,,,שזיף,קילוגרמים,1.00,"ק""ג",true,,19.90,19.9000,true,1,32549
7290000013006,false,פסטרמה מקסיקנית 1% ז,,,פסטרמה מקסיקנית 1% ז,קילוגרמים,1.00,"ק""ג",true,,80.00,80.0000,true,1,24711
7290000013037,false,פסט. פרגיות על לבנים,,,פסט. פרגיות על לבנים,קילוגרמים,1.00,"ק""ג",true,,80.00,80.0000,true,1,24712
7290000013174,false,פסט. של פעם 2% זוגלו,,,פסט. של פעם 2% זוגלו,קילוגרמים,1.00,"ק""ג",true,,82.00,82.0000,true,1,24713
7290000014510,false,חסה עגולה,,,חסה עגולה,יח',1.00,יח',false,,6.90,6.9000,true,1,32550
7290000021003,false,עוף טרי שלם,,,עוף טרי שלם,קילוגרמים,1.00,"ק""ג",true,,18.90,18.9000,true,1,3006
7290000022085,false,גבינת פוקרינו מחלב כ,,,גבינת פוקרינו מחלב כ,קילוגרמים,1.00,"ק""ג",true,,129.00,129.0000,true,1,438478
7290000023007,false,"ברנדי שטוק 84 750 מ""",,,"ברנדי שטוק 84 750 מ""",מיליליטרים,750.00,"100 מ""ל",false,,70.90,0.0945,true,1,8514
7290000023083,false,"ערק אשקלון 700 מ""ל כ",,,"ערק אשקלון 700 מ""ל כ",מיליליטרים,700.00,"100 מ""ל",false,,50.90,0.0727,true,1,8515
7290000023809,false,קלאסיק קברנה סובניון,,,קלאסיק קברנה סובניון,מיליליטרים,750.00,"100 מ""ל",false,,32.90,0.0439,true,1,8521
7290000023816,false,קלאסיק אמרלד ריזלינג,,,קלאסיק אמרלד ריזלינג,מיליליטרים,750.00,"100 מ""ל",false,,32.90,0.0439,true,1,8522
7290000023977,false,קלאסיק מרלו 750מל.,,,קלאסיק מרלו 750מל.,מיליליטרים,750.00,"100 מ""ל",false,,32.90,0.0439,true,1,8528
7290000024202,false,קברנה סוביניון רזרבד,,,קברנה סוביניון רזרבד,מיליליטרים,750.00,"100 מ""ל",false,,42.90,0.0572,true,1,8529
7290000024240,false,"שרדונה רזרבד 750 מ""ל",,,"שרדונה רזרבד 750 מ""ל",מיליליטרים,750.00,"100 מ""ל",false,,42.90,0.0572,true,1,8532
7290000024523,false,תירוש של סגל 1 ליטר,,,תירוש של סגל 1 ליטר,ארגז,1.00,ליטר,false,,13.90,13.9000,true,1,8536
7290000024530,false,"גליה מתוק 750 מ""ל",,,"גליה מתוק 750 מ""ל",מיליליטרים,750.00,"100 מ""ל",false,,13.90,0.0185,true,1,8537
7290000024561,false,ברקן אסמבלאז' איתן 7,,,ברקן אסמבלאז' איתן 7,מיליליטרים,750.00,"100 מ""ל",false,,66.90,0.0892,true,1,8539
7290000024905,false,קגלביץ קלאסיקה 700 מ,,,קגלביץ קלאסיקה 700 מ,מיליליטרים,700.00,"100 מ""ל",false,,50.90,0.0727,true,1,8541
7290000025786,false,דניס נקי טרי,,,דניס נקי טרי,קילוגרמים,1.00,"ק""ג",true,,69.90,69.9000,true,1,29515
7290000026650,false,צפתית פיראוס 5% במשק,,,צפתית פיראוס 5% במשק,קילוגרמים,1.00,"ק""ג",true,,39.00,39.0000,true,1,16595
7290000026806,false,קרפיון נקי טרי,,,קרפיון נקי טרי,קילוגרמים,1.00,"ק""ג",true,,29.80,29.8000,true,1,29516
7290000026813,false,אמנון טרי נקי,,,אמנון טרי נקי,קילוגרמים,1.00,"ק""ג",true,,28.90,28.9000,true,1,29517
7290000026851,false,בורי נקי טרי,,,בורי נקי טרי,קילוגרמים,1.00,"ק""ג",true,,39.90,39.9000,true,1,29518
7290000026892,false,בס נקי,,,בס נקי,קילוגרמים,1.00,"ק""ג",true,,44.90,44.9000,true,1,29521
7290000026893,false,ברמונדי נקי,,,ברמונדי נקי,קילוגרמים,1.00,"ק""ג",true,,44.90,44.9000,true,1,29522
7290000027742,false,לברק נקי טרי,,,לברק נקי טרי,קילוגרמים,1.00,"ק""ג",true,,69.90,69.9000,true,1,29529
7290000027995,false,פילה סלמון טרי,,,פילה סלמון טרי,קילוגרמים,1.00,"ק""ג",true,,99.90,99.9000,true,1,2667
7290000035324,false,בולגרית חלב נוכרי פי,,,בולגרית חלב נוכרי פי,קילוגרמים,1.00,"ק""ג",true,,41.00,41.0000,true,1,16596
7290000039232,false,ויסברטן עגל טרי,,,ויסברטן עגל טרי,קילוגרמים,1.00,"ק""ג",true,,79.90,79.9000,true,1,4503
7290000039234,false,סינטה עגל טרי,,,סינטה עגל טרי,קילוגרמים,1.00,"ק""ג",true,,99.90,99.9000,true,1,4504
7290000039235,false,פילה מיניון עגל טרי,,,פילה מיניון עגל טרי,קילוגרמים,1.00,"ק""ג",true,,219.00,219.0000,true,1,4505
7290000039236,false,שייטל עגל טרי,,,שייטל עגל טרי,קילוגרמים,1.00,"ק""ג",true,,79.90,79.9000,true,1,4506
7290000039237,false,צאך עגל טרי,,,צאך עגל טרי,קילוגרמים,1.00,"ק""ג",true,,69.90,69.9000,true,1,4507
7290000039238,false,שפיץ צאך עגל טרי,,,שפיץ צאך עגל טרי,קילוגרמים,1.00,"ק""ג",true,,79.90,79.9000,true,1,4508
7290000040042,false,יופלה תות שובב 3% 15,,,יופלה תות שובב 3% 15,מיליליטרים,150.00,"100 מ""ל",false,,4.90,0.0327,true,1,16650
7290000040066,false,יופלה דובדבן פראי 3%,,,יופלה דובדבן פראי 3%,מיליליטרים,150.00,"100 מ""ל",false,,4.90,0.0327,true,1,16651
7290000040080,false,יופלה אפרסק מאוהב 3%,,,יופלה אפרסק מאוהב 3%,מיליליטרים,150.00,"100 מ""ל",false,,4.90,0.0327,true,1,16652
7290000040301,false,תנובה גבינת קממבר עי,,,תנובה גבינת קממבר עי,גרמים,125.00,100 גרם,false,,16.80,0.1344,true,1,16653
7290000040318,false,תנובה גבינת ברי 24%,,,תנובה גבינת ברי 24%,גרמים,125.00,100 גרם,false,,18.50,0.1480,true,1,16654
7290000040462,false,טוסטי טעם אדם 22% 20,,,טוסטי טעם אדם 22% 20,גרמים,200.00,100 גרם,false,,17.90,0.0895,true,1,16655
7290000040974,false,חלב תנובה קרטון דל ל,,,חלב תנובה קרטון דל ל,ארגז,1.00,ליטר,false,,7.10,7.1000,true,1,16656
7290000041858,false,יטבתה שמנת חמוצה 15%,,,יטבתה שמנת חמוצה 15%,מיליליטרים,200.00,"100 מ""ל",false,,2.50,0.0125,true,1,15424
7290000041865,false,יטבתה לבן 4.5% 200מל,,,יטבתה לבן 4.5% 200מל,מיליליטרים,200.00,"100 מ""ל",false,,2.50,0.0125,true,1,15425
7290000042015,false,חלב תנובה טרי שקית,,,חלב תנובה טרי שקית,אין,0.00,יחידה,false,,5.43,0.0000,true,1,16661
7290000042404,false,יטבתה חלב מועשר שקית,,,יטבתה חלב מועשר שקית,ארגז,1.00,ליטר,false,,5.90,5.9000,true,1,15426
7290000042435,false,חלב תנובה בקרטון 1%,,,חלב תנובה בקרטון 1%,ארגז,1.00,ליטר,false,,5.86,5.8600,true,1,16666
7290000042640,false,חלב תנובה עמיד 3% מה,,,חלב תנובה עמיד 3% מה,מיליליטרים,250.00,"100 מ""ל",false,,2.90,0.0116,true,1,16671
7290000042855,false,יטבתה שוקו שקית 225,,,יטבתה שוקו שקית 225,מיליליטרים,225.00,"100 מ""ל",false,,2.90,0.0129,true,1,15428
7290000043012,false,שוק שוקו עמיד 2% בקר,,,שוק שוקו עמיד 2% בקר,מיליליטרים,250.00,"100 מ""ל",false,,4.90,0.0196,true,1,16673
7290000043814,false,שף לבן שמנת לקצפת עמ,,,שף לבן שמנת לקצפת עמ,מיליליטרים,250.00,"100 מ""ל",false,,6.47,0.0259,true,1,16675
7290000043890,false,ריויון 1.5% 1ל,,,ריויון 1.5% 1ל,ארגז,1.00,ליטר,false,,10.90,10.9000,true,1,16676
7290000043944,false,יוגורט כדים תנובה 1.,,,יוגורט כדים תנובה 1.,ארגז,1.50,ליטר,false,,15.70,10.4667,true,1,16677
7290000044712,false,פרילי תות 1.5% 500מל,,,פרילי תות 1.5% 500מל,מיליליטרים,500.00,"100 מ""ל",false,,10.90,0.0218,true,1,16680
7290000044880,false,באדי תות 3% 500מל,,,באדי תות 3% 500מל,מיליליטרים,500.00,"100 מ""ל",false,,8.90,0.0178,true,1,16682
7290000045573,false,נעמה גבינת מותכת 25%,,,נעמה גבינת מותכת 25%,גרמים,200.00,100 גרם,false,,14.90,0.0745,true,1,16684
7290000045771,false,יוגורט כדים תנובה 3,,,יוגורט כדים תנובה 3,ארגז,3.00,ליטר,false,,29.90,9.9667,true,1,16686
7290000045917,false,תנובה גבינת פרומעז 2,,,תנובה גבינת פרומעז 2,גרמים,200.00,100 גרם,false,,24.90,0.1245,true,1,16687
7290000046020,false,גלבוע 22% במשקל,,,גלבוע 22% במשקל,קילוגרמים,1.00,"ק""ג",true,,42.58,42.5800,true,1,16599
7290000046327,false,גלבוע גבינה פרוסה 22,,,גלבוע גבינה פרוסה 22,גרמים,200.00,100 גרם,false,,12.60,0.0630,true,1,16688
7290000046549,false,מוצרלה חריץ תנובה במ,,,מוצרלה חריץ תנובה במ,קילוגרמים,1.00,"ק""ג",true,,75.00,75.0000,true,1,16601
7290000046563,false,גבע פרמזן תנובה במשק,,,גבע פרמזן תנובה במשק,קילוגרמים,1.00,"ק""ג",true,,106.00,106.0000,true,1,16602
7290000046662,false,סקנדינבית חריץ מעדני,,,סקנדינבית חריץ מעדני,קילוגרמים,1.00,"ק""ג",true,,76.00,76.0000,true,1,16603
7290000047027,false,קשקבל גלעד במשקל,,,קשקבל גלעד במשקל,קילוגרמים,1.00,"ק""ג",true,,119.00,119.0000,true,1,16604
7290000047034,false,רוקפור גליל במשקל,,,רוקפור גליל במשקל,קילוגרמים,1.00,"ק""ג",true,,118.00,118.0000,true,1,16605
7290000047485,false,בולגרית פיראוס 24% ב,,,בולגרית פיראוס 24% ב,קילוגרמים,1.00,"ק""ג",true,,55.00,55.0000,true,1,16606
7290000047546,false,שף לבן כנען 5% 500ג,,,שף לבן כנען 5% 500ג,גרמים,500.00,100 גרם,false,,23.90,0.0478,true,1,16689
7290000047621,false,"גבינה לבנה רכה בד""צ",,,"גבינה לבנה רכה בד""צ",גרמים,250.00,100 גרם,false,,4.98,0.0199,true,1,16690
7290000047730,false,סלמון פילה מעושן מצו,,,סלמון פילה מעושן מצו,קילוגרמים,1.00,"ק""ג",true,,189.00,189.0000,true,1,11963
7290000047942,false,תנובה גבינה לבנה 9%,,,תנובה גבינה לבנה 9%,גרמים,250.00,100 גרם,false,,4.75,0.0190,true,1,16691
7290000048185,false,גבינה לבנה רכה 5% תנ,,,גבינה לבנה רכה 5% תנ,גרמים,250.00,100 גרם,false,,4.98,0.0199,true,1,16692
7290000048192,false,גבינה לבנה רכה 9% בד,,,גבינה לבנה רכה 9% בד,גרמים,250.00,100 גרם,false,,4.70,0.0188,true,1,16693
7290000048207,false,פילה הרינג בסגנון מט,,,פילה הרינג בסגנון מט,קילוגרמים,1.00,"ק""ג",true,,70.00,70.0000,true,1,12493
7290000048214,false,הרינג כבוש עם בצל שמ,,,הרינג כבוש עם בצל שמ,קילוגרמים,1.00,"ק""ג",true,,70.00,70.0000,true,1,12494
7290000048221,false,מקרל בשמן שמיר מעדני,,,מקרל בשמן שמיר מעדני,קילוגרמים,1.00,"ק""ג",true,,139.00,139.0000,true,1,12495
7290000048269,false,מעדן מטיאס הולנד שמי,,,מעדן מטיאס הולנד שמי,קילוגרמים,1.00,"ק""ג",true,,70.00,70.0000,true,1,12496
7290000048413,false,פיראוס חמד 16% 250ג,,,פיראוס חמד 16% 250ג,גרמים,250.00,100 גרם,false,,17.90,0.0716,true,1,16695
7290000048437,false,פיראוס צפתית 5% 200,,,פיראוס צפתית 5% 200,גרמים,200.00,100 גרם,false,,13.80,0.0690,true,1,16696
7290000049458,false,פיראוס בולגרית עיזים,,,פיראוס בולגרית עיזים,גרמים,250.00,100 גרם,false,,27.90,0.1116,true,1,16699
7290000050447,false,יופלהYYY תות 3% 500מ,,,יופלהYYY תות 3% 500מ,מיליליטרים,500.00,"100 מ""ל",false,,12.20,0.0244,true,1,16701
7290000050454,false,יופלהYYY אפרסק 3% 50,,,יופלהYYY אפרסק 3% 50,מיליליטרים,500.00,"100 מ""ל",false,,12.20,0.0244,true,1,16702
7290000051307,false,חלב תנובה הפ.אוכל עו,,,חלב תנובה הפ.אוכל עו,מיליליטרים,150.00,"100 מ""ל",false,,9.50,0.0633,true,1,16704
7290000051349,false,חלבה,,,חלבה,קילוגרמים,1.00,"ק""ג",true,,41.00,41.0000,true,1,20451
7290000051376,false,יופלה דיאט אננס ספור,,,יופלה דיאט אננס ספור,מיליליטרים,150.00,"100 מ""ל",false,,4.90,0.0327,true,1,16706
7290000051431,false,פירות אקזוטיים,,,פירות אקזוטיים,קילוגרמים,1.00,"ק""ג",true,,92.00,92.0000,true,1,20452
7290000051462,false,מוסקט אניס,,,מוסקט אניס,קילוגרמים,1.00,"ק""ג",true,,154.00,154.0000,true,1,20453
7290000051710,false,פיראוס לאבנה עם שמן,,,פיראוס לאבנה עם שמן,גרמים,263.00,100 גרם,false,,13.90,0.0529,true,1,16708
7290000052311,false,עמק מהדרין 15% 200 ג,,,עמק מהדרין 15% 200 ג,גרמים,200.00,100 גרם,false,,14.80,0.0740,true,1,16712
7290000052649,false,פיראוס לאבנה 5% 500ג,,,פיראוס לאבנה 5% 500ג,גרמים,500.00,100 גרם,false,,19.90,0.0398,true,1,16713
7290000052946,false,יופלה בדץ מעודן 8*15,,,יופלה בדץ מעודן 8*15,ארגז,1.20,ליטר,false,,19.50,16.2500,true,1,16715
7290000053219,false,טל העמק 32% במשקל,,,טל העמק 32% במשקל,קילוגרמים,1.00,"ק""ג",true,,58.00,58.0000,true,1,16608
7290000055015,false,פיראוס גבינת פטה כבש,,,פיראוס גבינת פטה כבש,גרמים,250.00,100 גרם,false,,26.90,0.1076,true,1,16718
7290000055329,false,יופלה משקה יוגורט תו,,,יופלה משקה יוגורט תו,מיליליטרים,250.00,"100 מ""ל",false,,5.50,0.0220,true,1,16720
7290000055336,false,יופלה משקה יוגורט בנ,,,יופלה משקה יוגורט בנ,מיליליטרים,250.00,"100 מ""ל",false,,5.50,0.0220,true,1,16721
7290000055350,false,עמק קלאסית 28% במשקל,,,עמק קלאסית 28% במשקל,קילוגרמים,1.00,"ק""ג",true,,44.79,44.7900,true,1,16609
7290000055893,false,חמאה מהדרין תנובה 20,,,חמאה מהדרין תנובה 20,גרמים,200.00,100 גרם,false,,7.88,0.0394,true,1,16725
7290000056000,false,קדמי כבש טרי,,,קדמי כבש טרי,קילוגרמים,1.00,"ק""ג",true,,109.90,109.9000,true,1,4516
7290000056002,false,שקדים עגל טרי,,,שקדים עגל טרי,קילוגרמים,1.00,"ק""ג",true,,119.90,119.9000,true,1,4517
7290000056272,false,תנובה גבינה לבנה עם,,,תנובה גבינה לבנה עם,גרמים,250.00,100 גרם,false,,5.90,0.0236,true,1,16728
7290000056845,false,חלב תנובה בקרטון 3%,,,חלב תנובה בקרטון 3%,ארגז,1.50,ליטר,false,,9.34,6.2267,true,1,16732
7290000056890,false,יופלה דיאט טעמים שונ,,,יופלה דיאט טעמים שונ,אלף,1.20,"ק""ג",false,,29.90,24.9167,true,1,16734
7290000056906,false,יופלה לבן 1.5% 8*150,,,יופלה לבן 1.5% 8*150,ארגז,1.20,ליטר,false,,17.50,14.5833,true,1,16735
7290000056951,false,שף לבן שמנת לבישול +,,,שף לבן שמנת לבישול +,מיליליטרים,500.00,"100 מ""ל",false,,15.90,0.0318,true,1,16736
7290000057088,false,עמק דק דק 28% 200גר,,,עמק דק דק 28% 200גר,גרמים,200.00,100 גרם,false,,14.80,0.0740,true,1,16738
7290000057118,false,עמק  סמי  28% 400 גר,,,עמק  סמי  28% 400 גר,גרמים,400.00,100 גרם,false,,19.90,0.0497,true,1,16739
7290000057132,false,תנובה יוגורט טבעי 1.,,,תנובה יוגורט טבעי 1.,מיליליטרים,200.00,"100 מ""ל",false,,3.50,0.0175,true,1,16740
7290000057149,false,תנובה יוגורט טבעי 3%,,,תנובה יוגורט טבעי 3%,גרמים,200.00,100 גרם,false,,3.50,0.0175,true,1,16741
7290000057453,false,עמק בדץ 28%  במשקל,,,עמק בדץ 28%  במשקל,קילוגרמים,1.00,"ק""ג",true,,42.70,42.7000,true,1,16611
7290000057552,false,יופלה דיאט ע.גבינה ו,,,יופלה דיאט ע.גבינה ו,מיליליטרים,150.00,"100 מ""ל",false,,4.90,0.0327,true,1,16743
7290000058003,false,צלעות עגל חלק טרי,,,צלעות עגל חלק טרי,קילוגרמים,1.00,"ק""ג",true,,79.90,79.9000,true,1,4522
7290000058004,false,סטייק ע.ע עגל חלק טר,,,סטייק ע.ע עגל חלק טר,קילוגרמים,1.00,"ק""ג",true,,109.90,109.9000,true,1,4523
7290000058006,false,אסדו על עצם עגל חלק,,,אסדו על עצם עגל חלק,קילוגרמים,1.00,"ק""ג",true,,64.90,64.9000,true,1,4525
7290000058007,false,צלי כתף עגל חלק טרי,,,צלי כתף עגל חלק טרי,קילוגרמים,1.00,"ק""ג",true,,89.90,89.9000,true,1,4526
7290000058008,false,שריר עגל חלק טרי,,,שריר עגל חלק טרי,קילוגרמים,1.00,"ק""ג",true,,69.90,69.9000,true,1,4527
7290000058010,false,פילה מדומה עגל חלק ט,,,פילה מדומה עגל חלק ט,קילוגרמים,1.00,"ק""ג",true,,74.90,74.9000,true,1,4529
7290000058012,false,סרעפת עגל טרי.,,,סרעפת עגל טרי.,קילוגרמים,1.00,"ק""ג",true,,99.90,99.9000,true,1,4531
7290000058014,false,לשון עגל טרי,,,לשון עגל טרי,קילוגרמים,1.00,"ק""ג",true,,59.90,59.9000,true,1,4533
7290000058015,false,זנב עגל טרי,,,זנב עגל טרי,קילוגרמים,1.00,"ק""ג",true,,69.90,69.9000,true,1,4534
7290000058018,false,כבד עגל טרי לצליה בל,,,כבד עגל טרי לצליה בל,קילוגרמים,1.00,"ק""ג",true,,34.90,34.9000,true,1,4535
7290000058022,false,אוסובוקו עגל חלק טרי,,,אוסובוקו עגל חלק טרי,קילוגרמים,1.00,"ק""ג",true,,69.90,69.9000,true,1,4537
7290000058027,false,בשר ראש עגל טרי,,,בשר ראש עגל טרי,קילוגרמים,1.00,"ק""ג",true,,59.90,59.9000,true,1,4539
7290000058030,false,יופלה שטוזים משקה יו,,,יופלה שטוזים משקה יו,מיליליטרים,800.00,"100 מ""ל",false,,20.90,0.0261,true,1,16745
7290000058033,false,צוואר ע.ע  עגל חלק ט,,,צוואר ע.ע  עגל חלק ט,קילוגרמים,1.00,"ק""ג",true,,49.90,49.9000,true,1,4541
7290000058047,false,שף לבן שמנת מתוקה מה,,,שף לבן שמנת מתוקה מה,מיליליטרים,500.00,"100 מ""ל",false,,12.94,0.0259,true,1,16746
7290000058979,false,"גיל בטעם תות בד""צ 3%",,,"גיל בטעם תות בד""צ 3%",גרמים,125.00,100 גרם,false,,1.50,0.0120,true,1,16749
7290000059501,false,כתף כבש טרי,,,כתף כבש טרי,קילוגרמים,1.00,"ק""ג",true,,109.90,109.9000,true,1,4548
7290000059502,false,צואר כבש טרי,,,צואר כבש טרי,קילוגרמים,1.00,"ק""ג",true,,69.90,69.9000,true,1,4549
7290000059503,false,אסדו כבש טרי,,,אסדו כבש טרי,קילוגרמים,1.00,"ק""ג",true,,69.90,69.9000,true,1,4550
7290000059504,false,צלעות כבש טרי,,,צלעות כבש טרי,קילוגרמים,1.00,"ק""ג",true,,159.90,159.9000,true,1,4551
7290000060071,false,חטיפי פריכונים מאורז,,,חטיפי פריכונים מאורז,גרמים,80.00,100 גרם,false,,7.90,0.0988,true,1,12884
7290000060088,false,בייגלה אסם מקלות מלו,,,בייגלה אסם מקלות מלו,גרמים,400.00,100 גרם,false,,9.90,0.0248,true,1,231
7290000060163,false,אטריות דקות אסם 400,,,אטריות דקות אסם 400,גרמים,400.00,100 גרם,false,,6.90,0.0173,true,1,12886
7290000060200,false,פתיתים אפויים קוסקוס,,,פתיתים אפויים קוסקוס,גרמים,500.00,100 גרם,false,,6.90,0.0138,true,1,12887
7290000060217,false,פסטה מקרוני אסם 500,,,פסטה מקרוני אסם 500,גרמים,500.00,100 גרם,false,,5.90,0.0118,true,1,12888
7290000060248,false,פסטה תלתלים אסם 500,,,פסטה תלתלים אסם 500,גרמים,500.00,100 גרם,false,,5.90,0.0118,true,1,12889
7290000060316,false,פסטה ספגטי פרפקטו 50,,,פסטה ספגטי פרפקטו 50,גרמים,500.00,100 גרם,false,,6.50,0.0130,true,1,12890
7290000060330,false,פסטה ספירלי פרפקטו 5,,,פסטה ספירלי פרפקטו 5,גרמים,500.00,100 גרם,false,,6.50,0.0130,true,1,12892
7290000060408,false,פתיתים אפויים טבעות,,,פתיתים אפויים טבעות,גרמים,500.00,100 גרם,false,,6.90,0.0138,true,1,12893
7290000060415,false,לזאניה פרפקטו  500 ג,,,לזאניה פרפקטו  500 ג,גרמים,500.00,100 גרם,false,,9.90,0.0198,true,1,12894
7290000060576,false,פתיתים אפויים כוכבים,,,פתיתים אפויים כוכבים,גרמים,500.00,100 גרם,false,,6.90,0.0138,true,1,12897
7290000060781,false,פסטה מסולסלים אסם 50,,,פסטה מסולסלים אסם 50,גרמים,500.00,100 גרם,false,,5.90,0.0118,true,1,12898
7290000060828,false,פסטה קרניים בינוניות,,,פסטה קרניים בינוניות,גרמים,500.00,100 גרם,false,,5.90,0.0118,true,1,12899
7290000060842,false,פסטה צדפים גדולים אס,,,פסטה צדפים גדולים אס,גרמים,500.00,100 גרם,false,,5.90,0.0118,true,1,12900
7290000060880,false,ספגטי אסם 500 גרם,,,ספגטי אסם 500 גרם,גרמים,500.00,100 גרם,false,,5.90,0.0118,true,1,12902
7290000060903,false,פתיתים אפויים אורז א,,,פתיתים אפויים אורז א,גרמים,500.00,100 גרם,false,,6.90,0.0138,true,1,12903
7290000060958,false,אטריות בינוניות אסם,,,אטריות בינוניות אסם,גרמים,400.00,100 גרם,false,,6.90,0.0173,true,1,12905
7290000060965,false,אטריות רחבות אסם 400,,,אטריות רחבות אסם 400,גרמים,400.00,100 גרם,false,,6.90,0.0173,true,1,12906
7290000061025,false,בולגרית המושבה 5% במ,,,בולגרית המושבה 5% במ,קילוגרמים,1.00,"ק""ג",true,,48.00,48.0000,true,1,11159
7290000061056,false,צפתית פרח המושבה 5%,,,צפתית פרח המושבה 5%,קילוגרמים,1.00,"ק""ג",true,,42.00,42.0000,true,1,11160
7290000061061,false,אסם קרקר בצל 250גרם,,,אסם קרקר בצל 250גרם,גרמים,250.00,100 גרם,false,,9.90,0.0396,true,1,12908
7290000061063,false,קש המושבה 9% במשקל,,,קש המושבה 9% במשקל,קילוגרמים,1.00,"ק""ג",true,,39.00,39.0000,true,1,11161
7290000061070,false,צפתית קשה המושבה במש,,,צפתית קשה המושבה במש,קילוגרמים,1.00,"ק""ג",true,,65.00,65.0000,true,1,11162
7290000061085,false,אסם רוטב צ'ילי מתוק,,,אסם רוטב צ'ילי מתוק,מיליליטרים,290.00,"100 מ""ל",false,,8.90,0.0307,true,1,12909
7290000061245,false,אסם עוגיות שוקוצ'יפס,,,אסם עוגיות שוקוצ'יפס,גרמים,220.00,100 גרם,false,,9.90,0.0450,true,1,1076
7290000061278,false,גבינת שמנת טבעית המו,,,גבינת שמנת טבעית המו,קילוגרמים,1.00,"ק""ג",true,,40.00,40.0000,true,1,11164
7290000061285,false,טבורג המושבה 10% במש,,,טבורג המושבה 10% במש,קילוגרמים,1.00,"ק""ג",true,,34.00,34.0000,true,1,11165
7290000061315,false,לאבנה טבעי המושבה 5%,,,לאבנה טבעי המושבה 5%,קילוגרמים,1.00,"ק""ג",true,,37.00,37.0000,true,1,11166
7290000061360,false,צפתית קצח המושבה 5%,,,צפתית קצח המושבה 5%,קילוגרמים,1.00,"ק""ג",true,,41.00,41.0000,true,1,11167
7290000061450,false,פתיתים קוסקוס 3 צבעי,,,פתיתים קוסקוס 3 צבעי,גרמים,500.00,100 גרם,false,,6.90,0.0138,true,1,12913
7290000061520,false,גבינת שמנת בטעמים המ,,,גבינת שמנת בטעמים המ,קילוגרמים,1.00,"ק""ג",true,,26.00,26.0000,true,1,11171
7290000061764,false,נס קפה רד מאג טעם חד,,,נס קפה רד מאג טעם חד,גרמים,200.00,100 גרם,false,,18.90,0.0945,true,1,12914
7290000062952,false,מיני קרוטונים למרק ו,,,מיני קרוטונים למרק ו,גרמים,250.00,100 גרם,false,,13.90,0.0556,true,1,12917
7290000063102,false,קמח תופח קטן אסם 350,,,קמח תופח קטן אסם 350,גרמים,350.00,100 גרם,false,,4.90,0.0140,true,1,12919
7290000063133,false,שקדי מרק רכיבים טבעי,,,שקדי מרק רכיבים טבעי,גרמים,100.00,100 גרם,false,,5.90,0.0590,true,1,12920
7290000063140,false,שקדי מרק רכיבים טבעי,,,שקדי מרק רכיבים טבעי,גרמים,400.00,100 גרם,false,,10.90,0.0273,true,1,12921
7290000063157,false,קמח עוגה תופח מאליו,,,קמח עוגה תופח מאליו,אלף,1.00,"ק""ג",false,,7.90,7.9000,true,1,12922
7290000064758,false,קוסקוס אמיתי אסם 350,,,קוסקוס אמיתי אסם 350,גרמים,350.00,100 גרם,false,,7.90,0.0226,true,1,12925
7290000064871,false,"מנה חמה פירה תפו""א ו",,,"מנה חמה פירה תפו""א ו",גרמים,56.00,100 גרם,false,,5.90,0.1054,true,1,12926
7290000065090,false,מיני קרוטונים למרק ו,,,מיני קרוטונים למרק ו,גרמים,400.00,100 גרם,false,,20.90,0.0522,true,1,12927
7290000065335,false,מנה חמה פירה וירקות,,,מנה חמה פירה וירקות,גרמים,55.00,100 גרם,false,,5.90,0.1073,true,1,12928
7290000065540,false,מנה חמה פסטה מוקרמת,,,מנה חמה פסטה מוקרמת,גרמים,55.00,100 גרם,false,,5.90,0.1073,true,1,12929
7290000065557,false,מנה חמה קוסקוס וירקו,,,מנה חמה קוסקוס וירקו,גרמים,84.00,100 גרם,false,,5.90,0.0702,true,1,12930
7290000065977,false,חטיפי פריכונים תירס,,,חטיפי פריכונים תירס,גרמים,80.00,100 גרם,false,,7.90,0.0988,true,1,12934
7290000066141,false,ביסלי גריל 70 גר'.,,,ביסלי גריל 70 גר'.,גרמים,70.00,100 גרם,false,,3.90,0.0557,true,1,12936
7290000066196,false,ביסלי גריל 200גרם,,,ביסלי גריל 200גרם,גרמים,200.00,100 גרם,false,,6.50,0.0325,true,1,12941
7290000066295,false,במבה מתוקה מחומרים ט,,,במבה מתוקה מחומרים ט,גרמים,30.00,100 גרם,false,,2.90,0.0967,true,1,12946
7290000066318,false,במבה קלאסי 80 גרם,,,במבה קלאסי 80 גרם,גרמים,80.00,100 גרם,false,,4.50,0.0563,true,1,1029
7290000066332,false,אפרופו 50 גרם,,,אפרופו 50 גרם,גרמים,50.00,100 גרם,false,,5.00,0.1000,true,1,12948
7290000066349,false,אפרופו 100גרם,,,אפרופו 100גרם,גרמים,100.00,100 גרם,false,,8.90,0.0890,true,1,1236
7290000066431,false,פופקו חמאה ודבש 80גר,,,פופקו חמאה ודבש 80גר,גרמים,80.00,100 גרם,false,,4.90,0.0613,true,1,12949
7290000067407,false,פירורית מתובל שקית 2,,,פירורית מתובל שקית 2,גרמים,200.00,100 גרם,false,,6.50,0.0325,true,1,1094
7290000067544,false,אסם פירורית פירורי ל,,,אסם פירורית פירורי ל,גרמים,200.00,100 גרם,false,,6.50,0.0325,true,1,1095
7290000067599,false,מנה חמה ספגטי בולונז,,,מנה חמה ספגטי בולונז,גרמים,65.00,100 גרם,false,,5.90,0.0908,true,1,12957
7290000068138,false,אסם פודינג אינסטנט ו,,,אסם פודינג אינסטנט ו,גרמים,80.00,100 גרם,false,,5.90,0.0738,true,1,1032
7290000068190,false,אסם ג'לי תות שדה צבע,,,אסם ג'לי תות שדה צבע,גרמים,90.00,100 גרם,false,,5.90,0.0656,true,1,12961
7290000068206,false,אסם ג'לי משמש צבעים,,,אסם ג'לי משמש צבעים,גרמים,85.00,100 גרם,false,,5.90,0.0694,true,1,12962
7290000068237,false,אסם ג'לי פטל צבעים ט,,,אסם ג'לי פטל צבעים ט,גרמים,85.00,100 גרם,false,,5.90,0.0694,true,1,12963
7290000068251,false,אסם ג'לי אננס צבעים,,,אסם ג'לי אננס צבעים,גרמים,85.00,100 גרם,false,,5.90,0.0694,true,1,12964
7290000068299,false,"מנה חמה פירה תפ"" ופט",,,"מנה חמה פירה תפ"" ופט",גרמים,47.00,100 גרם,false,,5.90,0.1255,true,1,12966
7290000068343,false,פריכונים מאורז מלא א,,,פריכונים מאורז מלא א,גרמים,140.00,100 גרם,false,,6.90,0.0493,true,1,12967
7290000068394,false,קממבר בקר גלגל גד 25,,,קממבר בקר גלגל גד 25,קילוגרמים,1.00,"ק""ג",true,,95.00,95.0000,true,1,11062
7290000068701,false,שקדי מרק במיכל אסם 4,,,שקדי מרק במיכל אסם 4,גרמים,400.00,100 גרם,false,,14.90,0.0373,true,1,12968
7290000068787,false,במבה יום הולדת 25גרם,,,במבה יום הולדת 25גרם,גרמים,25.00,100 גרם,false,,2.50,0.1000,true,1,12969
7290000069258,false,פנה ריגאטה פרפקטו 50,,,פנה ריגאטה פרפקטו 50,גרמים,500.00,100 גרם,false,,6.50,0.0130,true,1,12971
7290000069364,false,פריכונים מאורז מלא ל,,,פריכונים מאורז מלא ל,גרמים,140.00,100 גרם,false,,6.90,0.0493,true,1,12972
7290000069715,false,אסם חטיפי קרקר מלוח,,,אסם חטיפי קרקר מלוח,גרמים,300.00,100 גרם,false,,10.90,0.0363,true,1,1036
7290000070308,false,מרק עוף אמיתי אסם 40,,,מרק עוף אמיתי אסם 40,גרמים,400.00,100 גרם,false,,16.90,0.0422,true,1,12975
7290000070322,false,אבקת מרק פטריות רכיב,,,אבקת מרק פטריות רכיב,גרמים,400.00,100 גרם,false,,19.90,0.0497,true,1,12976
7290000070353,false,אבקת מרק בצל רכיבים,,,אבקת מרק בצל רכיבים,גרמים,400.00,100 גרם,false,,19.90,0.0497,true,1,12977
7290000070919,false,בייגלה אסם רשתות מלח,,,בייגלה אסם רשתות מלח,גרמים,400.00,100 גרם,false,,11.90,0.0298,true,1,12985
7290000071008,false,בייגלה אסם שטוחים מל,,,בייגלה אסם שטוחים מל,גרמים,60.00,100 גרם,false,,3.50,0.0583,true,1,12986
7290000072067,false,במבה במילוי קרם חלבה,,,במבה במילוי קרם חלבה,גרמים,60.00,100 גרם,false,,4.50,0.0750,true,1,1038
7290000072623,false,אסם קטשופ בקבוק לחיץ,,,אסם קטשופ בקבוק לחיץ,גרמים,750.00,100 גרם,false,,10.90,0.0145,true,1,1237
7290000072630,false,אסם קטשופ חריף 750 ג,,,אסם קטשופ חריף 750 ג,גרמים,750.00,100 גרם,false,,11.90,0.0159,true,1,991
7290000072753,false,נס קפה טייסטרס צ'ויס,,,נס קפה טייסטרס צ'ויס,גרמים,200.00,100 גרם,false,,29.90,0.1495,true,1,12989
7290000072760,false,טייסטרס צ'וייס 100גר,,,טייסטרס צ'וייס 100גר,גרמים,100.00,100 גרם,false,,27.90,0.2790,true,1,12990
7290000072777,false,טייסטרס צוייס נטול ק,,,טייסטרס צוייס נטול ק,גרמים,200.00,100 גרם,false,,36.90,0.1845,true,1,12991
7290000072784,false,טייסטרס צוייס נטול ק,,,טייסטרס צוייס נטול ק,גרמים,100.00,100 גרם,false,,29.90,0.2990,true,1,12992
7290000072968,false,סיני מיניס דגני נסטל,,,סיני מיניס דגני נסטל,אין,500.00,יחידה,false,,24.90,0.0498,true,1,12993
7290000073125,false,מנה חמה פסטה עם עגבנ,,,מנה חמה פסטה עם עגבנ,גרמים,62.00,100 גרם,false,,5.90,0.0952,true,1,12994
7290000073330,false,קשיו ענק קלוי,,,קשיו ענק קלוי,קילוגרמים,1.00,"ק""ג",true,,92.00,92.0000,true,1,20458
7290000073415,false,מנה חמה פסטה ברוטב פ,,,מנה חמה פסטה ברוטב פ,גרמים,61.00,100 גרם,false,,5.90,0.0967,true,1,12995
7290000073699,false,צבר חומוס חלק 150ג,,,צבר חומוס חלק 150ג,גרמים,150.00,100 גרם,false,,5.50,0.0367,true,1,13597
7290000073750,false,מנה חמה נודלס בטעם ע,,,מנה חמה נודלס בטעם ע,גרמים,70.00,100 גרם,false,,5.90,0.0843,true,1,12996
7290000073767,false,מנה חמה נודלס בטעם ב,,,מנה חמה נודלס בטעם ב,גרמים,70.00,100 גרם,false,,5.90,0.0843,true,1,12997
7290000073774,false,מנה חמה נודלס בטעם פ,,,מנה חמה נודלס בטעם פ,גרמים,70.00,100 גרם,false,,5.90,0.0843,true,1,12998
7290000074153,false,אסם פתי בר שוקו 500ג,,,אסם פתי בר שוקו 500ג,גרמים,500.00,100 גרם,false,,13.90,0.0278,true,1,12999
7290000074184,false,אסם פתי בר 500גרם,,,אסם פתי בר 500גרם,גרמים,500.00,100 גרם,false,,10.90,0.0218,true,1,13000
7290000074245,false,אסם קרם קרקר 250גרם,,,אסם קרם קרקר 250גרם,גרמים,250.00,100 גרם,false,,8.90,0.0356,true,1,13001
7290000074252,false,אסם קרקר שומשום 250ג,,,אסם קרקר שומשום 250ג,גרמים,250.00,100 גרם,false,,7.90,0.0316,true,1,13002
7290000074276,false,טבעון קרקר פיקנטי 25,,,טבעון קרקר פיקנטי 25,גרמים,250.00,100 גרם,false,,9.90,0.0396,true,1,13003
7290000074375,false,אסם קרקר זהב 150גרם,,,אסם קרקר זהב 150גרם,גרמים,150.00,100 גרם,false,,7.50,0.0500,true,1,13005
7290000074481,false,לחמית אגוזים 160גרם,,,לחמית אגוזים 160גרם,גרמים,160.00,100 גרם,false,,9.90,0.0619,true,1,13006
7290000074696,false,אסם קרם קרקר 1קג,,,אסם קרם קרקר 1קג,אלף,1.00,"ק""ג",false,,19.90,19.9000,true,1,13008
7290000074764,false,קרקר זהב אסם 900 גרם,,,קרקר זהב אסם 900 גרם,גרמים,900.00,100 גרם,false,,19.90,0.0221,true,1,13011
7290000075204,false,לחמית חיטה מלאה 250ג,,,לחמית חיטה מלאה 250ג,גרמים,250.00,100 גרם,false,,7.90,0.0316,true,1,13014
7290000075693,false,עוגת שמרים בריוש שוק,,,עוגת שמרים בריוש שוק,גרמים,360.00,100 גרם,false,,14.90,0.0414,true,1,13015
7290000075761,false,גרעין אבטיח קלוי,,,גרעין אבטיח קלוי,קילוגרמים,1.00,"ק""ג",true,,61.00,61.0000,true,1,20460
7290000076126,false,אסם בייגלה שמיניות ק,,,אסם בייגלה שמיניות ק,גרמים,80.00,100 גרם,false,,3.50,0.0438,true,1,13016
7290000076133,false,בייגלה אסם שמיניות ק,,,בייגלה אסם שמיניות ק,גרמים,400.00,100 גרם,false,,9.90,0.0248,true,1,232
7290000076188,false,תבלינים קבוצה 4,,,תבלינים קבוצה 4,קילוגרמים,1.00,"ק""ג",true,,103.00,103.0000,true,1,20461
7290000076478,false,דלעת מקולפת טבעי,,,דלעת מקולפת טבעי,קילוגרמים,1.00,"ק""ג",true,,60.00,60.0000,true,1,20462
7290000076508,false,צימוק חום,,,צימוק חום,קילוגרמים,1.00,"ק""ג",true,,29.00,29.0000,true,1,20464
7290000076546,false,שקד ספרדי קלוי,,,שקד ספרדי קלוי,קילוגרמים,1.00,"ק""ג",true,,98.00,98.0000,true,1,20465
7290000076553,false,צנובר,,,צנובר,קילוגרמים,1.00,"ק""ג",true,,205.00,205.0000,true,1,20466
7290000076645,false,טוסטעים חיטה מלאה אס,,,טוסטעים חיטה מלאה אס,גרמים,100.00,100 גרם,false,,9.90,0.0990,true,1,13017
7290000076690,false,שקד מסוכר,,,שקד מסוכר,קילוגרמים,1.00,"ק""ג",true,,88.00,88.0000,true,1,20468
7290000076744,false,בונדוק קלוי,,,בונדוק קלוי,קילוגרמים,1.00,"ק""ג",true,,130.00,130.0000,true,1,20470
7290000076867,false,שקד מלובן,,,שקד מלובן,קילוגרמים,1.00,"ק""ג",true,,120.00,120.0000,true,1,20472
7290000076881,false,פקאן סיני,,,פקאן סיני,קילוגרמים,1.00,"ק""ג",true,,119.00,119.0000,true,1,20473
7290000077017,false,אסם קרמוגית במילוי ש,,,אסם קרמוגית במילוי ש,גרמים,200.00,100 גרם,false,,9.90,0.0495,true,1,13018
7290000077024,false,פיסטוק ענק קלוי,,,פיסטוק ענק קלוי,קילוגרמים,1.00,"ק""ג",true,,97.00,97.0000,true,1,20474
7290000077253,false,לחמית כפרית 190גרם,,,לחמית כפרית 190גרם,גרמים,190.00,100 גרם,false,,9.90,0.0521,true,1,13019
7290000077321,false,בוטן מסוכר,,,בוטן מסוכר,קילוגרמים,1.00,"ק""ג",true,,36.00,36.0000,true,1,20483
7290000077355,false,בוטן אמריקאי,,,בוטן אמריקאי,קילוגרמים,1.00,"ק""ג",true,,35.00,35.0000,true,1,20484
7290000077376,false,קוקוס,,,קוקוס,קילוגרמים,1.00,"ק""ג",true,,24.00,24.0000,true,1,20486
7290000077475,false,בוטנים קלויים,,,בוטנים קלויים,קילוגרמים,1.00,"ק""ג",true,,37.00,37.0000,true,1,20491
7290000077482,false,גרעין לבן קלוי,,,גרעין לבן קלוי,קילוגרמים,1.00,"ק""ג",true,,45.00,45.0000,true,1,20492
7290000077758,false,צימוק לבן ענק,,,צימוק לבן ענק,קילוגרמים,1.00,"ק""ג",true,,44.00,44.0000,true,1,20496
7290000077772,false,קבוקים,,,קבוקים,קילוגרמים,1.00,"ק""ג",true,,35.00,35.0000,true,1,20497
7290000077789,false,תאנים מיובשות,,,תאנים מיובשות,קילוגרמים,1.00,"ק""ג",true,,52.00,52.0000,true,1,20498
7290000077796,false,שזיף ללא גרעינים,,,שזיף ללא גרעינים,קילוגרמים,1.00,"ק""ג",true,,45.00,45.0000,true,1,20499
7290000077857,false,צימוק לבן,,,צימוק לבן,קילוגרמים,1.00,"ק""ג",true,,37.00,37.0000,true,1,20501
7290000077864,false,משמש אוזבקי,,,משמש אוזבקי,קילוגרמים,1.00,"ק""ג",true,,55.00,55.0000,true,1,20502
7290000077888,false,תפוח עץ מיובש,,,תפוח עץ מיובש,קילוגרמים,1.00,"ק""ג",true,,49.00,49.0000,true,1,20503
7290000077925,false,טוסטעים עגול חיטה מל,,,טוסטעים עגול חיטה מל,גרמים,125.00,100 גרם,false,,9.90,0.0792,true,1,13020
7290000077987,false,אננס פלחים,,,אננס פלחים,קילוגרמים,1.00,"ק""ג",true,,35.00,35.0000,true,1,20504
7290000078014,false,שזיפים אמריקאים,,,שזיפים אמריקאים,קילוגרמים,1.00,"ק""ג",true,,45.00,45.0000,true,1,20505
7290000078021,false,בננה צ`יפס,,,בננה צ`יפס,קילוגרמים,1.00,"ק""ג",true,,35.00,35.0000,true,1,20506
7290000078083,false,בוטן בקליפה,,,בוטן בקליפה,קילוגרמים,1.00,"ק""ג",true,,21.00,21.0000,true,1,20507
7290000078212,false,קרוטונים מתובלים אסם,,,קרוטונים מתובלים אסם,גרמים,250.00,100 גרם,false,,12.90,0.0516,true,1,13021
7290000078335,false,אוכמניות / חמוציות,,,אוכמניות / חמוציות,קילוגרמים,1.00,"ק""ג",true,,51.00,51.0000,true,1,20509
7290000078380,false,תמר מג`הול ענק,,,תמר מג`הול ענק,קילוגרמים,1.00,"ק""ג",true,,44.00,44.0000,true,1,20511
7290000078397,false,זנגויל מסוכר,,,זנגויל מסוכר,קילוגרמים,1.00,"ק""ג",true,,41.00,41.0000,true,1,20512
7290000078564,false,קשיו מסוכר,,,קשיו מסוכר,קילוגרמים,1.00,"ק""ג",true,,77.00,77.0000,true,1,20515
7290000078601,false,קשיו טבעי,,,קשיו טבעי,קילוגרמים,1.00,"ק""ג",true,,85.00,85.0000,true,1,20516
7290000078694,false,פירות טרופיים,,,פירות טרופיים,קילוגרמים,1.00,"ק""ג",true,,80.00,80.0000,true,1,20518
7290000078762,false,חטיפי פריכונים אורז,,,חטיפי פריכונים אורז,גרמים,80.00,100 גרם,false,,7.90,0.0988,true,1,13023
7290000078786,false,תבלינים קבוצה 1,,,תבלינים קבוצה 1,קילוגרמים,1.00,"ק""ג",true,,57.00,57.0000,true,1,20520
7290000078793,false,תבלין קבוצה 3,,,תבלין קבוצה 3,קילוגרמים,1.00,"ק""ג",true,,72.00,72.0000,true,1,20521
7290000079233,false,אסם קרם קרקר דל נתרן,,,אסם קרם קרקר דל נתרן,גרמים,250.00,100 גרם,false,,9.90,0.0396,true,1,13024
7290000079290,false,גבינה צהובה נעם טרה,,,גבינה צהובה נעם טרה,קילוגרמים,1.00,"ק""ג",true,,64.00,64.0000,true,1,96836
7290000079412,false,אמנטל נעם מהדרין במש,,,אמנטל נעם מהדרין במש,קילוגרמים,1.00,"ק""ג",true,,50.00,50.0000,true,1,6878
7290000080758,false,טוסטעים פת קלוי אסם,,,טוסטעים פת קלוי אסם,גרמים,100.00,100 גרם,false,,9.90,0.0990,true,1,13026
7290000080765,false,טוסטעים פת קלויה עם,,,טוסטעים פת קלויה עם,גרמים,100.00,100 גרם,false,,9.90,0.0990,true,1,13027
7290000081663,false,בייגלה אסם טבעות שומ,,,בייגלה אסם טבעות שומ,גרמים,300.00,100 גרם,false,,9.90,0.0330,true,1,233
7290000084899,false,פטינה  20% וילי פוד,,,פטינה  20% וילי פוד,קילוגרמים,1.00,"ק""ג",true,,19.00,19.0000,true,1,5287
7290000085180,false,גטניו - פתיבר וניל 4,,,גטניו - פתיבר וניל 4,גרמים,470.00,100 גרם,false,,9.90,0.0211,true,1,25537
7290000085196,false,רוקפור גליל גד מע,,,רוקפור גליל גד מע,קילוגרמים,1.00,"ק""ג",true,,120.00,120.0000,true,1,3065
7290000089272,false,איקרה שמיר מע.,,,איקרה שמיר מע.,קילוגרמים,1.00,"ק""ג",true,,49.00,49.0000,true,1,12504
7290000089274,false,נקניק מעושן מעדנייה,,,נקניק מעושן מעדנייה,קילוגרמים,1.00,"ק""ג",true,,41.90,41.9000,true,1,12805
7290000095408,false,נעם 28%  חריץ מעדניה,,,נעם 28%  חריץ מעדניה,קילוגרמים,1.00,"ק""ג",true,,44.79,44.7900,true,1,6879
7290000095415,false,נעם 9% חריץ מעדניה-,,,נעם 9% חריץ מעדניה-,קילוגרמים,1.00,"ק""ג",true,,71.00,71.0000,true,1,6880
7290000095422,false,גבינת נועם  22% חריץ,,,גבינת נועם  22% חריץ,קילוגרמים,1.00,"ק""ג",true,,42.58,42.5800,true,1,6881
7290000100128,false,סדרת פירות קפואים-תו,,,סדרת פירות קפואים-תו,גרמים,300.00,100 גרם,false,,12.90,0.0430,true,1,16477
7290000100135,false,סדרת פירות קפואים-דו,,,סדרת פירות קפואים-דו,גרמים,300.00,100 גרם,false,,12.90,0.0430,true,1,16478
7290000100593,false,פרוסות אנטיפסטי לתנו,,,פרוסות אנטיפסטי לתנו,גרמים,600.00,100 גרם,false,,19.90,0.0332,true,1,16486
7290000100609,false,קוביות אנטיפסטי להקפ,,,קוביות אנטיפסטי להקפ,גרמים,600.00,100 גרם,false,,19.90,0.0332,true,1,16487
7290000101132,false,לקט קטניות לחמין 800,,,לקט קטניות לחמין 800,גרמים,800.00,100 גרם,false,,17.90,0.0224,true,1,16489
7290000101927,false,אוכמניות כחולות מוקפ,,,אוכמניות כחולות מוקפ,גרמים,300.00,100 גרם,false,,12.90,0.0430,true,1,16490
7290000101941,false,אננס מוקפא 300 גרם,,,אננס מוקפא 300 גרם,גרמים,300.00,100 גרם,false,,12.90,0.0430,true,1,183331
7290000101958,false,מנגו מוקפא 300 גרם,,,מנגו מוקפא 300 גרם,גרמים,300.00,100 גרם,false,,12.90,0.0430,true,1,16492
7290000103365,false,סנפרוסט מרק ירקות 50,,,סנפרוסט מרק ירקות 50,גרמים,500.00,100 גרם,false,,14.90,0.0298,true,1,16495
7290000103433,false,לקט ירקות לתנור 800,,,לקט ירקות לתנור 800,גרמים,800.00,100 גרם,false,,21.90,0.0274,true,1,16496
7290000103457,false,מיני כרובית 600 גרם,,,מיני כרובית 600 גרם,גרמים,600.00,100 גרם,false,,14.90,0.0248,true,1,16497
7290000103471,false,סנפרוסט מיני ברוקולי,,,סנפרוסט מיני ברוקולי,גרמים,600.00,100 גרם,false,,14.90,0.0248,true,1,16498
7290000103846,false,סנפרוסט מרק אפונה קפ,,,סנפרוסט מרק אפונה קפ,גרמים,570.00,100 גרם,false,,14.90,0.0261,true,1,16510
7290000104072,false,סנפרוסט עדשים ירוקות,,,סנפרוסט עדשים ירוקות,גרמים,800.00,100 גרם,false,,14.90,0.0186,true,1,16513
7290000104188,false,סנפרוסט שעועית אדומה,,,סנפרוסט שעועית אדומה,גרמים,800.00,100 גרם,false,,15.90,0.0199,true,1,16514
7290000104201,false,אפונה עדינה סנפרוסט,,,אפונה עדינה סנפרוסט,גרמים,600.00,100 גרם,false,,14.90,0.0248,true,1,16515
7290000104218,false,סנפרוסט במיה 600גר,,,סנפרוסט במיה 600גר,גרמים,600.00,100 גרם,false,,15.90,0.0265,true,1,16516
7290000104287,false,לקט לפשטידה 800 גרם,,,לקט לפשטידה 800 גרם,גרמים,800.00,100 גרם,false,,19.90,0.0249,true,1,16518
7290000104676,false,אפונת גינה סנפרוסט 8,,,אפונת גינה סנפרוסט 8,גרמים,800.00,100 גרם,false,,14.90,0.0186,true,1,16519
7290000104683,false,שעועית שלמה סנפרוסט,,,שעועית שלמה סנפרוסט,גרמים,800.00,100 גרם,false,,19.90,0.0249,true,1,16520
7290000104690,false,תירס גרעינים 800גר,,,תירס גרעינים 800גר,גרמים,800.00,100 גרם,false,,15.90,0.0199,true,1,16521
7290000104706,false,גזר גמדי 800 גרם,,,גזר גמדי 800 גרם,גרמים,800.00,100 גרם,false,,14.90,0.0186,true,1,16522
7290000104713,false,פול ירוק 800גר,,,פול ירוק 800גר,גרמים,800.00,100 גרם,false,,20.90,0.0261,true,1,16523
7290000104720,false,שעועית ירוקה חתוכה ס,,,שעועית ירוקה חתוכה ס,גרמים,800.00,100 גרם,false,,15.90,0.0199,true,1,16524
7290000104737,false,שעועית צהובה חתוכה ס,,,שעועית צהובה חתוכה ס,גרמים,800.00,100 גרם,false,,15.90,0.0199,true,1,16525
7290000104744,false,כרובית 800גר,,,כרובית 800גר,גרמים,800.00,100 גרם,false,,23.90,0.0299,true,1,16526
7290000104751,false,כרוב ניצנים 800גר,,,כרוב ניצנים 800גר,גרמים,800.00,100 גרם,false,,19.90,0.0249,true,1,16527
7290000104768,false,תרד עלים 800 גרם,,,תרד עלים 800 גרם,גרמים,800.00,100 גרם,false,,19.90,0.0249,true,1,16528
7290000104775,false,תרד מדליונים 800גר,,,תרד מדליונים 800גר,גרמים,800.00,100 גרם,false,,21.90,0.0274,true,1,16529
7290000104799,false,שעועית לבנה מבושלת 8,,,שעועית לבנה מבושלת 8,גרמים,800.00,100 גרם,false,,14.80,0.0185,true,1,16530
7290000104805,false,גרגירי חומוס קפוא 80,,,גרגירי חומוס קפוא 80,גרמים,800.00,100 גרם,false,,14.80,0.0185,true,1,16531
7290000104829,false,"קלחוני תירס 1 ק""ג",,,"קלחוני תירס 1 ק""ג",אלף,1.00,"ק""ג",false,,14.90,14.9000,true,1,16532
7290000104836,false,שעועית עדינה שלמה סנ,,,שעועית עדינה שלמה סנ,גרמים,600.00,100 גרם,false,,21.90,0.0365,true,1,16533
7290000104874,false,לקט קוסקוס 800גר,,,לקט קוסקוס 800גר,גרמים,800.00,100 גרם,false,,21.90,0.0274,true,1,16534
7290000104881,false,אפונה וגזר 800 גרם ס,,,אפונה וגזר 800 גרם ס,גרמים,800.00,100 גרם,false,,13.90,0.0174,true,1,16535
7290000104904,false,לקט ירקות מעורבים 80,,,לקט ירקות מעורבים 80,גרמים,800.00,100 גרם,false,,22.90,0.0286,true,1,16536
7290000104911,false,לקט נורמנדי 800גר,,,לקט נורמנדי 800גר,גרמים,800.00,100 גרם,false,,19.90,0.0249,true,1,16537
7290000105145,false,צלעות מחפוד קפוא מס`,,,צלעות מחפוד קפוא מס`,קילוגרמים,1.00,"ק""ג",true,,49.90,49.9000,true,1,28942
7290000105190,false,פילה מדומה מחפוד קפו,,,פילה מדומה מחפוד קפו,קילוגרמים,1.00,"ק""ג",true,,63.90,63.9000,true,1,28945
7290000105312,false,שריר הזרוע מס` 8 K מ,,,שריר הזרוע מס` 8 K מ,קילוגרמים,1.00,"ק""ג",true,,59.90,59.9000,true,1,28950
7290000106526,false,סנפרוסט חגיגה ירוקה,,,סנפרוסט חגיגה ירוקה,גרמים,800.00,100 גרם,false,,19.90,0.0249,true,1,16538
7290000107165,false,פולי סויה אדממה קפוא,,,פולי סויה אדממה קפוא,גרמים,400.00,100 גרם,false,,11.90,0.0298,true,1,16540
7290000107189,false,תחתיות ארטישוק 400גר,,,תחתיות ארטישוק 400גר,גרמים,400.00,100 גרם,false,,19.90,0.0497,true,1,16541
7290000107295,false,תפרחות ברוקולי 800ג,,,תפרחות ברוקולי 800ג,גרמים,800.00,100 גרם,false,,24.90,0.0311,true,1,16542
7290000107615,false,סנפרוסט מנה אסייתי צ,,,סנפרוסט מנה אסייתי צ,גרמים,800.00,100 גרם,false,,19.90,0.0249,true,1,16543
7290000107622,false,סנפרוסט פסטה וירקות,,,סנפרוסט פסטה וירקות,גרמים,800.00,100 גרם,false,,19.90,0.0249,true,1,16544
7290000111063,false,מיונז אמיתי 250 ג צנ,,,מיונז אמיתי 250 ג צנ,גרמים,250.00,100 גרם,false,,6.90,0.0276,true,1,8980
7290000111186,false,מיונז אמיתי תלמה 500,,,מיונז אמיתי תלמה 500,גרמים,500.00,100 גרם,false,,9.90,0.0198,true,1,8982
7290000111353,false,מיונז 1 קג,,,מיונז 1 קג,אלף,1.00,"ק""ג",false,,16.90,16.9000,true,1,8983
7290000111360,false,חרדל אמיתי 250 גרם מ,,,חרדל אמיתי 250 גרם מ,גרמים,250.00,100 גרם,false,,5.90,0.0236,true,1,8984
7290000111384,false,חרדל אמיתי תלמה 550,,,חרדל אמיתי תלמה 550,גרמים,550.00,100 גרם,false,,7.50,0.0136,true,1,8985
7290000112220,false,בארכה טחינה 100% שומ,,,בארכה טחינה 100% שומ,גרמים,500.00,100 גרם,false,,13.90,0.0278,true,1,13028
7290000112237,false,בארכה טחינה 100% שומ,,,בארכה טחינה 100% שומ,אלף,1.00,"ק""ג",false,,22.90,22.9000,true,1,13029
7290000112497,false,מרק עשיר עוף עם אטרי,,,מרק עשיר עוף עם אטרי,גרמים,68.00,100 גרם,false,,9.90,0.1456,true,1,8986
7290000112503,false,מרק עשיר ירקות קנור,,,מרק עשיר ירקות קנור,גרמים,61.00,100 גרם,false,,9.90,0.1623,true,1,8987
7290000112619,false,מרק עוף אמיתי לתיבול,,,מרק עוף אמיתי לתיבול,גרמים,400.00,100 גרם,false,,14.90,0.0373,true,1,8989
7290000114187,false,סיף פנטסטיק אורנים 4,,,סיף פנטסטיק אורנים 4,ארגז,4.00,ליטר,false,,19.90,4.9750,true,1,8995
7290000116204,false,מרק דגש עוף קנור 1 ק,,,מרק דגש עוף קנור 1 ק,אלף,1.00,"ק""ג",false,,13.60,13.6000,true,1,8997
7290000116884,false,רוטב ברביקיו קנור 20,,,רוטב ברביקיו קנור 20,מיליליטרים,200.00,"100 מ""ל",false,,10.50,0.0525,true,1,8998
7290000116921,false,רוטב צילי מתוק קנור,,,רוטב צילי מתוק קנור,מיליליטרים,300.00,"100 מ""ל",false,,10.50,0.0350,true,1,8999
7290000116945,false,רוטב סויה קנור 300מל,,,רוטב סויה קנור 300מל,מיליליטרים,300.00,"100 מ""ל",false,,10.50,0.0350,true,1,9000
7290000117171,false,מרק נמס בכוס בטעם עו,,,מרק נמס בכוס בטעם עו,גרמים,48.00,100 גרם,false,,6.90,0.1438,true,1,9001
7290000117720,false,מרק נמס בכוס פטריות,,,מרק נמס בכוס פטריות,גרמים,43.00,100 גרם,false,,6.90,0.1605,true,1,9002
7290000120836,false,מיונז הלמנס 394 גרם,,,מיונז הלמנס 394 גרם,גרמים,394.00,100 גרם,false,,9.90,0.0251,true,1,9006
7290000120874,false,מיונז הלמנס לייט 424,,,מיונז הלמנס לייט 424,גרמים,424.00,100 גרם,false,,9.90,0.0233,true,1,9007
7290000121023,false,פסט.שלפעם יחיעם מעד.,,,פסט.שלפעם יחיעם מעד.,קילוגרמים,1.00,"ק""ג",true,,75.00,75.0000,true,1,11647
7290000121093,false,מון בלאן שויצרית 7%,,,מון בלאן שויצרית 7%,גרמים,120.00,100 גרם,false,,11.90,0.0992,true,1,12054
7290000121147,false,מון בלאן פיקנטי 7% 1,,,מון בלאן פיקנטי 7% 1,גרמים,120.00,100 גרם,false,,11.90,0.0992,true,1,193274
7290000121154,false,מון בלאן סלמון 7% 12,,,מון בלאן סלמון 7% 12,גרמים,120.00,100 גרם,false,,8.90,0.0742,true,1,12056
7290000121239,false,מיוקל 5% מופחת שומן,,,מיוקל 5% מופחת שומן,גרמים,500.00,100 גרם,false,,11.90,0.0238,true,1,9008
7290000122607,false,עמק לייט 9% חריץ כשר,,,עמק לייט 9% חריץ כשר,קילוגרמים,1.00,"ק""ג",true,,70.00,70.0000,true,1,16616
7290000125251,false,בדין שמפו לכביסה עדי,,,בדין שמפו לכביסה עדי,ארגז,2.00,ליטר,false,,23.90,11.9500,true,1,9012
7290000128401,false,פטה כבש 24% פיראוס,,,פטה כבש 24% פיראוס,קילוגרמים,1.00,"ק""ג",true,,109.00,109.0000,true,1,16617
7290000129457,false,רוטב פטריות 28גר,,,רוטב פטריות 28גר,גרמים,28.00,100 גרם,false,,3.90,0.1393,true,1,9013
7290000133070,false,קשקבל טורקי 22% שומר,,,קשקבל טורקי 22% שומר,קילוגרמים,1.00,"ק""ג",true,,109.00,109.0000,true,1,11141
7290000133087,false,בולג.צאן סופיה 20% ש,,,בולג.צאן סופיה 20% ש,קילוגרמים,1.00,"ק""ג",true,,68.00,68.0000,true,1,11142
7290000133094,false,בריזנה צאן מחלבת שומ,,,בריזנה צאן מחלבת שומ,קילוגרמים,1.00,"ק""ג",true,,75.00,75.0000,true,1,11143
7290000133117,false,בולגרית מעודנת השומר,,,בולגרית מעודנת השומר,קילוגרמים,1.00,"ק""ג",true,,39.00,39.0000,true,1,11144
7290000133148,false,צפתית רכה5% שומרון מ,,,צפתית רכה5% שומרון מ,קילוגרמים,1.00,"ק""ג",true,,49.00,49.0000,true,1,11145
7290000133193,false,בולג.קלאסית שומרון,,,בולג.קלאסית שומרון,קילוגרמים,1.00,"ק""ג",true,,50.00,50.0000,true,1,11146
7290000133645,false,משחת שיניים אורביטול,,,משחת שיניים אורביטול,גרמים,435.00,100 גרם,false,,16.90,0.0389,true,1,18995
7290000134123,false,טעם וריח פלפל שחור ט,,,טעם וריח פלפל שחור ט,גרמים,40.00,100 גרם,false,,6.80,0.1700,true,1,26159
7290000134147,false,טעם וריח מוסקט טחון,,,טעם וריח מוסקט טחון,גרמים,40.00,100 גרם,false,,12.90,0.3225,true,1,26160
7290000134314,false,תערובת תיבול לפיצה ט,,,תערובת תיבול לפיצה ט,גרמים,120.00,100 גרם,false,,9.00,0.0750,true,1,26162
7290000134338,false,תבלין אבקת שום טעם ו,,,תבלין אבקת שום טעם ו,גרמים,90.00,100 גרם,false,,10.20,0.1133,true,1,26163
7290000134352,false,טעם וריח קימנון טחון,,,טעם וריח קימנון טחון,גרמים,80.00,100 גרם,false,,9.00,0.1125,true,1,26164
7290000134376,false,טעם וריח פפריקה בשמן,,,טעם וריח פפריקה בשמן,גרמים,90.00,100 גרם,false,,9.00,0.1000,true,1,26165
7290000134550,false,טעם וריח עלי דפנה שק,,,טעם וריח עלי דפנה שק,גרמים,20.00,100 גרם,false,,4.10,0.2050,true,1,26166
7290000134826,false,תבלין זעתר טעם וריח,,,תבלין זעתר טעם וריח,גרמים,100.00,100 גרם,false,,9.00,0.0900,true,1,26168
7290000134833,false,טעם וריח ת.כמון במיכ,,,טעם וריח ת.כמון במיכ,גרמים,100.00,100 גרם,false,,9.00,0.0900,true,1,26169
7290000134840,false,טעם וריח ת.כורכום במ,,,טעם וריח ת.כורכום במ,גרמים,100.00,100 גרם,false,,9.00,0.0900,true,1,26170
7290000134857,false,טעם וריח ת.פפריקה מת,,,טעם וריח ת.פפריקה מת,גרמים,100.00,100 גרם,false,,9.00,0.0900,true,1,26171
7290000134864,false,תבלין פפריקה חריפה ט,,,תבלין פפריקה חריפה ט,גרמים,100.00,100 גרם,false,,9.00,0.0900,true,1,26172
7290000134871,false,טעם וריח ת. פלפל שחו,,,טעם וריח ת. פלפל שחו,גרמים,100.00,100 גרם,false,,13.90,0.1390,true,1,26173
7290000134970,false,תבלין חוואייג טעם ור,,,תבלין חוואייג טעם ור,גרמים,100.00,100 גרם,false,,9.00,0.0900,true,1,241164
7290000134987,false,טעם וריח פלפל שחור ג,,,טעם וריח פלפל שחור ג,גרמים,90.00,100 גרם,false,,13.90,0.1544,true,1,26174
7290000135045,false,אקס אל TEN פחית תפוח,,,אקס אל TEN פחית תפוח,מיליליטרים,250.00,"100 מ""ל",false,,4.50,0.0180,true,1,8544
7290000135068,false,חזה עוף פרוס (שניצל),,,חזה עוף פרוס (שניצל),קילוגרמים,1.00,"ק""ג",true,,34.90,34.9000,true,1,31514
7290000135151,false,סודה נגיעות לימון 27,,,סודה נגיעות לימון 27,מיליליטרים,275.00,"100 מ""ל",false,,3.50,0.0127,true,1,43191
7290000135465,false,מארז תריסר סודה טמפו,,,מארז תריסר סודה טמפו,ליטרים,6.00,100 ליטר,false,,30.90,5.1500,true,1,94012
7290000135595,false,פפסי מקס בטעם דובדבן,,,פפסי מקס בטעם דובדבן,ארגז,1.50,ליטר,false,,7.90,5.2667,true,1,71689
7290000135632,false,גולדסטאר לא מסונן פח,,,גולדסטאר לא מסונן פח,ארגז,2.00,ליטר,false,,33.90,16.9500,true,1,93410
7290000136141,false,פפסי קולה 1.5 ליטר,,,פפסי קולה 1.5 ליטר,ארגז,1.50,ליטר,false,,7.90,5.2667,true,1,156051
7290000136158,false,פפסי מקס 1.5 ליטר,,,פפסי מקס 1.5 ליטר,ארגז,1.50,ליטר,false,,7.90,5.2667,true,1,156067
7290000136165,false,מירינדה 1.5 ליטר,,,מירינדה 1.5 ליטר,ארגז,1.50,ליטר,false,,7.90,5.2667,true,1,155954
7290000136172,false,סבן אפ 1.5 ליטר,,,סבן אפ 1.5 ליטר,ארגז,1.50,ליטר,false,,7.90,5.2667,true,1,155970
7290000136189,false,סבן אפ דיאט 1.5 ליטר,,,סבן אפ דיאט 1.5 ליטר,ארגז,1.50,ליטר,false,,7.90,5.2667,true,1,155938
7290000136240,false,טמפו סודה 1.5 ליטר,,,טמפו סודה 1.5 ליטר,ארגז,1.50,ליטר,false,,2.90,1.9333,true,1,155429
7290000136257,false,טמפו פאנק טוניק 1.5,,,טמפו פאנק טוניק 1.5,ארגז,1.50,ליטר,false,,11.00,7.3333,true,1,155340
7290000136288,false,סיידר הגליל JUICER ס,,,סיידר הגליל JUICER ס,מיליליטרים,330.00,"100 מ""ל",false,,13.30,0.0403,true,1,383066
7290000136301,false,סיידר הגליל JUICER ס,,,סיידר הגליל JUICER ס,מיליליטרים,330.00,"100 מ""ל",false,,13.30,0.0403,true,1,383096
7290000136455,false,ג`אמפ אשכול 1.5 ליטר,,,ג`אמפ אשכול 1.5 ליטר,ארגז,1.50,ליטר,false,,7.90,5.2667,true,1,155384
7290000136516,false,ג`אמפ פסיפלורה 1.5 ל,,,ג`אמפ פסיפלורה 1.5 ל,ארגז,1.50,ליטר,false,,7.90,5.2667,true,1,155368
7290000136523,false,ג`אמפ ענבים 1.5 ליטר,,,ג`אמפ ענבים 1.5 ליטר,ארגז,1.50,ליטר,false,,7.90,5.2667,true,1,155385
7290000136585,false,ג`אמפ תפוז 1.5 ליטר,,,ג`אמפ תפוז 1.5 ליטר,ארגז,1.50,ליטר,false,,7.90,5.2667,true,1,155369
7290000136646,false,נשר מאלט 1.5 ליטר,,,נשר מאלט 1.5 ליטר,ארגז,1.50,ליטר,false,,8.90,5.9333,true,1,155226
7290000136653,false,נשר מאלט דיאט 1.5 לי,,,נשר מאלט דיאט 1.5 לי,ארגז,1.50,ליטר,false,,8.90,5.9333,true,1,155241
7290000136660,false,טמפו סודה 1.5 ליטר,,,טמפו סודה 1.5 ליטר,ארגז,1.50,ליטר,false,,2.90,1.9333,true,1,155829
7290000136684,false,פפסי מקס 1.5 ליטר,,,פפסי מקס 1.5 ליטר,ארגז,1.50,ליטר,false,,7.90,5.2667,true,1,156082
7290000136691,false,סבן אפ  6*1.5 ליטר,,,סבן אפ  6*1.5 ליטר,ארגז,9.00,ליטר,false,,38.90,4.3222,true,1,155971
7290000136752,false,סבן אפ דיאט 6*1.5 לי,,,סבן אפ דיאט 6*1.5 לי,ארגז,9.00,ליטר,false,,37.90,4.2111,true,1,155939
7290000136776,false,פפסי מקס 6*1.5 ליטר,,,פפסי מקס 6*1.5 ליטר,ארגז,9.00,ליטר,false,,37.90,4.2111,true,1,156068
7290000136790,false,טמפו סודה 6*1.5 ליטר,,,טמפו סודה 6*1.5 ליטר,ארגז,9.00,ליטר,false,,17.70,1.9667,true,1,155430
7290000136844,false,אקווה נובה 6*2 ליטר,,,אקווה נובה 6*2 ליטר,ארגז,12.00,ליטר,false,,11.90,0.9917,true,1,155282
7290000136868,false,מים סאן בנדטו 6* 1.5,,,מים סאן בנדטו 6* 1.5,ארגז,9.00,ליטר,false,,17.70,1.9667,true,1,155297
7290000136875,false,סאן בנדטו מים מינרלי,,,סאן בנדטו מים מינרלי,ארגז,9.00,ליטר,false,,17.90,1.9889,true,1,155414
7290000136936,false,סבן אפ דיאט 1.5 ליטר,,,סבן אפ דיאט 1.5 ליטר,ארגז,1.50,ליטר,false,,7.60,5.0667,true,1,155940
7290000137513,false,קרמיסימו גלידונית ש.,,,קרמיסימו גלידונית ש.,גרמים,700.00,100 גרם,false,,49.90,0.0713,true,1,5905
7290000137643,false,שלגוני טעמקור 8יח,,,שלגוני טעמקור 8יח,גרמים,416.00,100 גרם,false,,37.90,0.0911,true,1,5906
7290000141848,false,מחלבת פנחס גבינה בול,,,מחלבת פנחס גבינה בול,קילוגרמים,1.00,"ק""ג",true,,77.00,77.0000,true,1,11971
7290000143187,false,שמפו לגבר הוואי 700,,,שמפו לגבר הוואי 700,מיליליטרים,700.00,"100 מ""ל",false,,9.90,0.0141,true,1,7910
7290000143217,false,שמפו לשיער יבש הוואי,,,שמפו לשיער יבש הוואי,מיליליטרים,700.00,"100 מ""ל",false,,9.90,0.0141,true,1,7913
7290000143262,false,שמפו הוואי ילדים 700,,,שמפו הוואי ילדים 700,מיליליטרים,700.00,"100 מ""ל",false,,9.90,0.0141,true,1,7915
7290000144160,false,שמן זית כתית מעולה א,,,שמן זית כתית מעולה א,מיליליטרים,750.00,"100 מ""ל",false,,33.90,0.0452,true,1,18813
7290000144474,false,שמן קנולה בריאות עץ,,,שמן קנולה בריאות עץ,ארגז,1.00,ליטר,false,,15.90,15.9000,true,1,18815
7290000146669,false,סבון מוצק שמיים כחול,,,סבון מוצק שמיים כחול,גרמים,400.00,100 גרם,false,,11.90,0.0298,true,1,7921
7290000146676,false,סבון מוצק לגבר הוואי,,,סבון מוצק לגבר הוואי,גרמים,400.00,100 גרם,false,,11.90,0.0298,true,1,7922
7290000146683,false,סבון מוצק אפקט דאודו,,,סבון מוצק אפקט דאודו,גרמים,400.00,100 גרם,false,,11.90,0.0298,true,1,7923
7290000148748,false,גרעיני חמניה 200 גרם,,,גרעיני חמניה 200 גרם,גרמים,200.00,100 גרם,false,,5.90,0.0295,true,1,10117
7290000149615,false,אלסבון מוצק לתינוק נ,,,אלסבון מוצק לתינוק נ,גרמים,400.00,100 גרם,false,,10.90,0.0273,true,1,18996
7290000149851,false,סינטבון כפול 460גר,,,סינטבון כפול 460גר,גרמים,460.00,100 גרם,false,,10.90,0.0237,true,1,18999
7290000150369,false,מכסיקנית עוףטוב,,,מכסיקנית עוףטוב,קילוגרמים,1.00,"ק""ג",true,,82.00,82.0000,true,1,13581
7290000150956,false,עוף טוב מקלוני קבנוס,,,עוף טוב מקלוני קבנוס,גרמים,160.00,100 גרם,false,,9.90,0.0619,true,1,13600
7290000151885,false,נקניק הודו יחידה 700,,,נקניק הודו יחידה 700,גרמים,700.00,100 גרם,false,,14.90,0.0213,true,1,13606
7290000152943,false,עוף טוב סלמי פסטרמה,,,עוף טוב סלמי פסטרמה,גרמים,700.00,100 גרם,false,,21.90,0.0313,true,1,13609
7290000153469,false,עוף טוב קציצות עוף ק,,,עוף טוב קציצות עוף ק,גרמים,600.00,100 גרם,false,,29.90,0.0498,true,1,13611
7290000155524,false,פולנית עוף טוב,,,פולנית עוף טוב,קילוגרמים,1.00,"ק""ג",true,,82.00,82.0000,true,1,13589
7290000158105,false,עוף טוב שניצל עוף מי,,,עוף טוב שניצל עוף מי,גרמים,700.00,100 גרם,false,,24.90,0.0356,true,1,13618
7290000161358,false,מיונז אמיתי משמן קנו,,,מיונז אמיתי משמן קנו,גרמים,500.00,100 גרם,false,,13.90,0.0278,true,1,9016
7290000168173,false,ברנפלקס קרנצים תלמה,,,ברנפלקס קרנצים תלמה,גרמים,375.00,100 גרם,false,,20.90,0.0557,true,1,9033
7290000169538,false,נמס בכוס עגבניות וקר,,,נמס בכוס עגבניות וקר,גרמים,62.00,100 גרם,false,,6.90,0.1113,true,1,9039
7290000169798,false,עוגי מופחת סוכר 20%,,,עוגי מופחת סוכר 20%,גרמים,500.00,100 גרם,false,,19.90,0.0398,true,1,9040
7290000174723,false,שוקולית 500 גרם,,,שוקולית 500 גרם,גרמים,500.00,100 גרם,false,,11.90,0.0238,true,1,14903
7290000175760,false,מנציגו  כבשים ויליפו,,,מנציגו  כבשים ויליפו,קילוגרמים,1.00,"ק""ג",true,,79.00,79.0000,true,1,5288
7290000175777,false,איבריקו  ויליפוד31%,,,איבריקו  ויליפוד31%,קילוגרמים,1.00,"ק""ג",true,,95.00,95.0000,true,1,5289
7290000175906,false,גאודה עיזים ויליפוד,,,גאודה עיזים ויליפוד,קילוגרמים,1.00,"ק""ג",true,,99.00,99.0000,true,1,5290
7290000176079,false,טורקי עלית קפה עם הל,,,טורקי עלית קפה עם הל,גרמים,100.00,100 גרם,false,,8.90,0.0890,true,1,14906
7290000176413,false,עלית נמס 50 גר',,,עלית נמס 50 גר',גרמים,50.00,100 גרם,false,,8.90,0.1780,true,1,14911
7290000176420,false,קפה נמס עלית פחית 20,,,קפה נמס עלית פחית 20,גרמים,200.00,100 גרם,false,,18.90,0.0945,true,1,14912
7290000176468,false,האג קפה נטול קפאין 5,,,האג קפה נטול קפאין 5,גרמים,50.00,100 גרם,false,,10.90,0.2180,true,1,1014
7290000178707,false,תפוציפס טבעי 50 גרם,,,תפוציפס טבעי 50 גרם,גרמים,50.00,100 גרם,false,,3.90,0.0780,true,1,15887
7290000178721,false,תפוציפס טבעי 200 גרם,,,תפוציפס טבעי 200 גרם,גרמים,200.00,100 גרם,false,,9.90,0.0495,true,1,15888
7290000185224,false,סילאן בקבוק לחיץ תמר,,,סילאן בקבוק לחיץ תמר,גרמים,650.00,100 גרם,false,,13.90,0.0214,true,1,16073
7290000185590,false,סילאן 100% תמרים טבע,,,סילאן 100% תמרים טבע,גרמים,635.00,100 גרם,false,,19.90,0.0313,true,1,443236
7290000186931,false,ניקול כריות קרצוף חת,,,ניקול כריות קרצוף חת,אין,0.00,יחידה,false,,10.90,0.0000,true,1,8220
7290000187860,false,לילי נייר טואלט לח ד,,,לילי נייר טואלט לח ד,אין,0.00,יחידה,false,,7.90,0.0000,true,1,8222
7290000187921,false,"נייר טואלט ""לילי"" לב",,,"נייר טואלט ""לילי"" לב",מטרים,588.00,מטר,false,,37.90,0.0645,true,1,8224
7290000187952,false,נייר טאולט לילי טריו,,,נייר טאולט לילי טריו,מטרים,537.00,מטר,false,,41.90,0.0780,true,1,8226
7290000188270,false,קליניקס ממחטות אף או,,,קליניקס ממחטות אף או,אין,0.00,יחידה,false,,15.90,0.0000,true,1,8228
7290000188355,false,מגבות מטבח ניקול לבנ,,,מגבות מטבח ניקול לבנ,מטרים,64.80,מטר,false,,11.90,0.1836,true,1,8229
7290000188553,false,מגן תחתון סילק נורמל,,,מגן תחתון סילק נורמל,אין,0.00,יחידה,false,,15.90,0.0000,true,1,8231
7290000188591,false,מגן תחתון סילק יאנג,,,מגן תחתון סילק יאנג,אין,0.00,יחידה,false,,15.90,0.0000,true,1,8233
7290000189079,false,ניקול תבניות אינגליש,,,ניקול תבניות אינגליש,אין,0.00,יחידה,false,,9.90,0.0000,true,1,8236
7290000189482,false,ניקול תבנית אפייה מק,,,ניקול תבנית אפייה מק,אין,0.00,יחידה,false,,9.90,0.0000,true,1,8245
7290000189734,false,ניקול מטליות לחות לפ,,,ניקול מטליות לחות לפ,אין,0.00,יחידה,false,,10.90,0.0000,true,1,8252
7290000191393,false,מגבוני מולט לב אדום,,,מגבוני מולט לב אדום,אין,0.00,יחידה,false,,17.90,0.0000,true,1,8264
7290000191539,false,לילי צבעוני חמישיה-9,,,לילי צבעוני חמישיה-9,אין,0.00,יחידה,false,,12.90,0.0000,true,1,8265
7290000191966,false,לילי נייר טואלט לח נ,,,לילי נייר טואלט לח נ,אין,0.00,יחידה,false,,7.90,0.0000,true,1,8270
7290000192581,false,מגבת כפולה ניקול 6=1,,,מגבת כפולה ניקול 6=1,מטרים,129.70,מטר,false,,19.90,0.1534,true,1,8271
7290000193014,false,מגן תחתון אינטרלוד ל,,,מגן תחתון אינטרלוד ל,אין,0.00,יחידה,false,,9.90,0.0000,true,1,8272
7290000193083,false,תחבושות נובה לי לילי,,,תחבושות נובה לי לילי,אין,0.00,יחידה,false,,9.90,0.0000,true,1,8274
7290000193472,false,מגן תחתון נטורל נורמ,,,מגן תחתון נטורל נורמ,אין,0.00,יחידה,false,,14.90,0.0000,true,1,8276
7290000193540,false,מגן תחתון נטורל לונג,,,מגן תחתון נטורל לונג,אין,0.00,יחידה,false,,14.90,0.0000,true,1,8277
7290000193649,false,תחבושות נטורל אולטרה,,,תחבושות נטורל אולטרה,אין,0.00,יחידה,false,,14.90,0.0000,true,1,8279
7290000193656,false,תחבושות נטורל אולטרה,,,תחבושות נטורל אולטרה,אין,0.00,יחידה,false,,14.90,0.0000,true,1,8280
7290000194178,false,עוף מס' 1 קפוא מחפוד,,,עוף מס' 1 קפוא מחפוד,קילוגרמים,1.00,"ק""ג",true,,27.90,27.9000,true,1,28959
7290000194185,false,עוף מספר 2 קפוא חלק,,,עוף מספר 2 קפוא חלק,קילוגרמים,1.00,"ק""ג",true,,27.90,27.9000,true,1,28960
7290000194208,false,כרעיים עוף חלק רב מח,,,כרעיים עוף חלק רב מח,קילוגרמים,1.00,"ק""ג",true,,33.90,33.9000,true,1,28961
7290000194239,false,מחפוד-חזה עוף קפוא מ,,,מחפוד-חזה עוף קפוא מ,קילוגרמים,1.00,"ק""ג",true,,33.90,33.9000,true,1,28962
7290000194253,false,כנפיים עוף קפוא ארוז,,,כנפיים עוף קפוא ארוז,קילוגרמים,1.00,"ק""ג",true,,13.90,13.9000,true,1,28963
7290000194260,false,מחפוד-שוקיים עוף קפו,,,מחפוד-שוקיים עוף קפו,קילוגרמים,1.00,"ק""ג",true,,35.90,35.9000,true,1,28964
7290000194345,false,שניצל עוף ארוז מחפוד,,,שניצל עוף ארוז מחפוד,קילוגרמים,1.00,"ק""ג",true,,34.90,34.9000,true,1,28969
7290000194837,false,ניקול שקיות מזון עם,,,ניקול שקיות מזון עם,אין,0.00,יחידה,false,,11.90,0.0000,true,1,8284
7290000195216,false,ניקול נייר אפייה בשק,,,ניקול נייר אפייה בשק,אין,0.00,יחידה,false,,8.90,0.0000,true,1,8286
7290000195537,false,מגבוני האגיס דיילי ק,,,מגבוני האגיס דיילי ק,אין,0.00,יחידה,false,,18.90,0.0000,true,1,8288
7290000196763,false,ניקול השקית החזקה,,,ניקול השקית החזקה,אין,0.00,יחידה,false,,21.90,0.0000,true,1,8295
7290000197029,false,ניקול שקיות ניילון ר,,,ניקול שקיות ניילון ר,אין,0.00,יחידה,false,,12.90,0.0000,true,1,8297
7290000197081,false,ניילונית נצמד ניקול,,,ניילונית נצמד ניקול,מטרים,150.00,מטר,false,,30.90,0.2060,true,1,8298
7290000197326,false,ניקול רדיד אלומיניום,,,ניקול רדיד אלומיניום,מטרים,15.00,מטר,false,,9.90,0.6600,true,1,8304
7290000197432,false,ניקול שקיות אוכל זוג,,,ניקול שקיות אוכל זוג,אין,0.00,יחידה,false,,12.90,0.0000,true,1,8307
7290000197456,false,האגיס פרידום דריי של,,,האגיס פרידום דריי של,אין,0.00,יחידה,false,,42.90,0.0000,true,1,8308
7290000197548,false,האגיס פרידום דריי של,,,האגיס פרידום דריי של,אין,0.00,יחידה,false,,42.90,0.0000,true,1,8311
7290000197654,false,אשפתון שקיות אשפה ענ,,,אשפתון שקיות אשפה ענ,אין,0.00,יחידה,false,,19.90,0.0000,true,1,8312
7290000197753,false,ניקול ניילונית זוג,,,ניקול ניילונית זוג,מטרים,60.00,מטר,false,,10.90,0.1817,true,1,8314
7290000197883,false,ניקול תבניות אלומיני,,,ניקול תבניות אלומיני,אין,0.00,יחידה,false,,8.90,0.0000,true,1,8317
7290000197951,false,ניקול תבנית אלומיניו,,,ניקול תבנית אלומיניו,אין,0.00,יחידה,false,,8.90,0.0000,true,1,8318
7290000197999,false,ניקול רדיד אלומיניום,,,ניקול רדיד אלומיניום,מטרים,15.00,מטר,false,,14.90,0.9933,true,1,8320
7290000198053,false,פילה דג סול הולנדי א,,,פילה דג סול הולנדי א,קילוגרמים,1.00,"ק""ג",true,,34.90,34.9000,true,1,108781
7290000198109,false,צלעות אסאדו מעושנות,,,צלעות אסאדו מעושנות,קילוגרמים,1.00,"ק""ג",true,,139.90,139.9000,true,1,285616
7290000201818,false,טיטולים פרימיום שלב,,,טיטולים פרימיום שלב,אין,0.00,יחידה,false,,30.90,0.0000,true,1,8327
7290000201832,false,טיטולים פרימיום שלב,,,טיטולים פרימיום שלב,אין,0.00,יחידה,false,,30.90,0.0000,true,1,8328
7290000201856,false,טיטולים פרימיום שלב,,,טיטולים פרימיום שלב,אין,0.00,יחידה,false,,30.90,0.0000,true,1,8330
7290000201870,false,טיטולים פרימיום שלב,,,טיטולים פרימיום שלב,אין,0.00,יחידה,false,,30.90,0.0000,true,1,8332
7290000201979,false,מגבוני האגיס מהדורה,,,מגבוני האגיס מהדורה,יח',288.00,יח',false,,18.90,0.0656,true,1,3304
7290000204215,false,ניקול כריות יפניות 6,,,ניקול כריות יפניות 6,אין,0.00,יחידה,false,,9.90,0.0000,true,1,8337
7290000204253,false,מטלית רב שימושית תשע,,,מטלית רב שימושית תשע,אין,0.00,יחידה,false,,9.90,0.0000,true,1,8338
7290000204611,false,ניקול ספוגית הקסם*6,,,ניקול ספוגית הקסם*6,אין,0.00,יחידה,false,,10.90,0.0000,true,1,8341
7290000205915,false,האגיס אקסטרה קייר מי,,,האגיס אקסטרה קייר מי,אין,0.00,יחידה,false,,48.90,0.0000,true,1,8343
7290000207063,false,רוטב עגבניות פריכוז,,,רוטב עגבניות פריכוז,גרמים,240.00,100 גרם,false,,3.90,0.0162,true,1,8062
7290000207162,false,רוטב עגבניות 100 גרם,,,רוטב עגבניות 100 גרם,גרמים,100.00,100 גרם,false,,2.20,0.0220,true,1,8063
7290000207438,false,עגבניות לקוביות יכין,,,עגבניות לקוביות יכין,גרמים,800.00,100 גרם,false,,9.90,0.0124,true,1,8064
7290000207764,false,חטיף יפני,,,חטיף יפני,קילוגרמים,1.00,"ק""ג",true,,67.00,67.0000,true,1,20529
7290000208022,false,עגבניות מרוסקות יכין,,,עגבניות מרוסקות יכין,גרמים,800.00,100 גרם,false,,9.90,0.0124,true,1,8066
7290000208077,false,אפונת גינה גדולה L י,,,אפונת גינה גדולה L י,גרמים,335.00,100 גרם,false,,8.90,0.0266,true,1,8067
7290000208114,false,אפונת גינה וגזר יכין,,,אפונת גינה וגזר יכין,גרמים,330.00,100 גרם,false,,8.90,0.0270,true,1,8069
7290000208138,false,סירופ דייאט ענבים יכ,,,סירופ דייאט ענבים יכ,ארגז,1.00,ליטר,false,,16.90,16.9000,true,1,8070
7290000208145,false,גרעיני תירס לייט יכי,,,גרעיני תירס לייט יכי,גרמים,335.00,100 גרם,false,,9.90,0.0296,true,1,8071
7290000208213,false,שעועית לבנה ברוטב עג,,,שעועית לבנה ברוטב עג,גרמים,355.00,100 גרם,false,,8.90,0.0251,true,1,8073
7290000208220,false,שעועית צילי חריף יכי,,,שעועית צילי חריף יכי,גרמים,355.00,100 גרם,false,,9.90,0.0279,true,1,8074
7290000208312,false,גרעיני תירס מתוק יכי,,,גרעיני תירס מתוק יכי,גרמים,400.00,100 גרם,false,,6.90,0.0173,true,1,8078
7290000208329,false,גרעיני תירס מתוק יכי,,,גרעיני תירס מתוק יכי,גרמים,335.00,100 גרם,false,,8.90,0.0266,true,1,8079
7290000208336,false,רוטב עגבניות יכין 24,,,רוטב עגבניות יכין 24,גרמים,240.00,100 גרם,false,,4.50,0.0188,true,1,2749
7290000208343,false,עגבניות מרוסקות שום,,,עגבניות מרוסקות שום,גרמים,800.00,100 גרם,false,,9.90,0.0124,true,1,8080
7290000208367,false,עגבניות מרוסקות בזיל,,,עגבניות מרוסקות בזיל,גרמים,800.00,100 גרם,false,,9.90,0.0124,true,1,8082
7290000208404,false,פול מצרי יכין 550 גר,,,פול מצרי יכין 550 גר,גרמים,350.00,100 גרם,false,,8.90,0.0254,true,1,8083
7290000208428,false,חומוס שלם יכין 550 ג,,,חומוס שלם יכין 550 ג,גרמים,290.00,100 גרם,false,,8.90,0.0307,true,1,8084
7290000208534,false,גרעיני תירס קיד מתוק,,,גרעיני תירס קיד מתוק,גרמים,335.00,100 גרם,false,,9.90,0.0296,true,1,8087
7290000208800,false,תירס קיד מתוק יכין 4,,,תירס קיד מתוק יכין 4,גרמים,400.00,100 גרם,false,,6.90,0.0173,true,1,8088
7290000208855,false,רוטב לפסטה קלאסי יכי,,,רוטב לפסטה קלאסי יכי,גרמים,260.00,100 גרם,false,,5.50,0.0212,true,1,8089
7290000208893,false,תירס לייט יכין 400 ג,,,תירס לייט יכין 400 ג,גרמים,400.00,100 גרם,false,,6.90,0.0173,true,1,8090
7290000208930,false,עגבניות מרוסקות עם ש,,,עגבניות מרוסקות עם ש,גרמים,260.00,100 גרם,false,,5.50,0.0212,true,1,8091
7290000208947,false,עגבניות מרוסקות יכין,,,עגבניות מרוסקות יכין,אין,260.00,יחידה,false,,5.50,0.0212,true,1,8092
7290000208978,false,רוטב עגבניות פריכוז,,,רוטב עגבניות פריכוז,גרמים,100.00,100 גרם,false,,2.90,0.0290,true,1,8093
7290000209012,false,חומץ הדרים 5% יכין 1,,,חומץ הדרים 5% יכין 1,ארגז,1.00,ליטר,false,,5.90,5.9000,true,1,8094
7290000209043,false,מיץ לימון משומר יכין,,,מיץ לימון משומר יכין,ארגז,1.00,ליטר,false,,4.90,4.9000,true,1,8095
7290000209173,false,חומץ סינטטי 5% יכין,,,חומץ סינטטי 5% יכין,ארגז,1.00,ליטר,false,,4.70,4.7000,true,1,8096
7290000209371,false,תירס שלישיה יכין 3*1,,,תירס שלישיה יכין 3*1,גרמים,495.00,100 גרם,false,,14.90,0.0301,true,1,8099
7290000209388,false,תירס לייט שלישיה יכי,,,תירס לייט שלישיה יכי,גרמים,420.00,100 גרם,false,,14.90,0.0355,true,1,8100
7290000209531,false,סירופ דייאט אשכוליות,,,סירופ דייאט אשכוליות,ארגז,1.00,ליטר,false,,16.90,16.9000,true,1,8103
7290000209579,false,סירופ דייאט אננס יכי,,,סירופ דייאט אננס יכי,ארגז,1.00,ליטר,false,,16.90,16.9000,true,1,8105
7290000209722,false,רוטב עגבניות מרוכז מ,,,רוטב עגבניות מרוכז מ,גרמים,580.00,100 גרם,false,,9.90,0.0171,true,1,8108
7290000209906,false,עגבניות מרוסקות עם ב,,,עגבניות מרוסקות עם ב,גרמים,260.00,100 גרם,false,,5.50,0.0212,true,1,8109
7290000209913,false,עגבניות לקוביות יכין,,,עגבניות לקוביות יכין,גרמים,260.00,100 גרם,false,,5.50,0.0212,true,1,8110
7290000209944,false,רוטב לעגבניות לשקשוק,,,רוטב לעגבניות לשקשוק,גרמים,260.00,100 גרם,false,,5.50,0.0212,true,1,8111
7290000209951,false,רוטב עגבניות לפיצה י,,,רוטב עגבניות לפיצה י,מיליליטרים,260.00,"100 מ""ל",false,,5.50,0.0212,true,1,8112
7290000209968,false,רוטב ללזניה יכין 240,,,רוטב ללזניה יכין 240,גרמים,260.00,100 גרם,false,,5.50,0.0212,true,1,8113
7290000210469,false,עגבניות שלמות יכין 8,,,עגבניות שלמות יכין 8,גרמים,800.00,100 גרם,false,,9.90,0.0124,true,1,8114
7290000210896,false,רוטב לפסטה בולונז יכ,,,רוטב לפסטה בולונז יכ,גרמים,260.00,100 גרם,false,,5.50,0.0212,true,1,8115
7290000211138,false,סיימן גבינת עיזים הו,,,סיימן גבינת עיזים הו,קילוגרמים,1.00,"ק""ג",true,,179.00,179.0000,true,1,11972
7290000211145,false,סיימן גבינת גאודה במ,,,סיימן גבינת גאודה במ,קילוגרמים,1.00,"ק""ג",true,,119.00,119.0000,true,1,11973
7290000211169,false,אורז תאילנדי 1 ק'ג,,,אורז תאילנדי 1 ק'ג,אלף,1.00,"ק""ג",false,,6.90,6.9000,true,1,12288
7290000211312,false,אורז מלא אחד אחד 1קג,,,אורז מלא אחד אחד 1קג,אלף,1.00,"ק""ג",false,,7.90,7.9000,true,1,12289
7290000211374,false,"קמח מלא סוגת 1 ק""ג",,,"קמח מלא סוגת 1 ק""ג",אלף,1.00,"ק""ג",false,,6.90,6.9000,true,1,12290
7290000211442,false,סוגת אורז פרסי קלאסי,,,סוגת אורז פרסי קלאסי,אלף,1.00,"ק""ג",false,,10.90,10.9000,true,1,12292
7290000211503,false,"סוכר סוגת לבן 1 ק""ג",,,"סוכר סוגת לבן 1 ק""ג",אלף,1.00,"ק""ג",false,,4.50,4.5000,true,1,12293
7290000211626,false,"אורז חיש 1 ק""ג",,,"אורז חיש 1 ק""ג",אלף,1.00,"ק""ג",false,,9.90,9.9000,true,1,12294
7290000211985,false,סוגת אורז עגול 1קג,,,סוגת אורז עגול 1קג,אלף,1.00,"ק""ג",false,,9.90,9.9000,true,1,12295
7290000226552,false,עוגת טורט ריבת חלב ע,,,עוגת טורט ריבת חלב ע,אלף,1.00,"ק""ג",false,,65.90,65.9000,true,1,25148
7290000226569,false,עוגת טורט קצפת שוקול,,,עוגת טורט קצפת שוקול,אלף,1.00,"ק""ג",false,,65.90,65.9000,true,1,25149
7290000226613,false,עוגת דובוש מצופה בטע,,,עוגת דובוש מצופה בטע,גרמים,450.00,100 גרם,false,,40.90,0.0909,true,1,25152
7290000238029,false,"בצק עלים 1ק""ג",,,"בצק עלים 1ק""ג",אלף,1.00,"ק""ג",false,,17.90,17.9000,true,1,22740
7290000238036,false,מעדנות מלווח 700גר,,,מעדנות מלווח 700גר,גרמים,700.00,100 גרם,false,,15.90,0.0227,true,1,22741
7290000238173,false,בורקס גבינה מעדנות 8,,,בורקס גבינה מעדנות 8,גרמים,800.00,100 גרם,false,,14.90,0.0186,true,1,22742
7290000238180,false,"בורקס תפו""א 800גר",,,"בורקס תפו""א 800גר",גרמים,800.00,100 גרם,false,,14.90,0.0186,true,1,22743
7290000240541,false,ריבועי בצק בורקס 800,,,ריבועי בצק בורקס 800,גרמים,800.00,100 גרם,false,,22.90,0.0286,true,1,22744
7290000243566,false,שמן קנולה בריאות עץ,,,שמן קנולה בריאות עץ,מיליליטרים,750.00,"100 מ""ל",false,,11.90,0.0159,true,1,18819
7290000244082,false,סבון נוזלי כחול עמוק,,,סבון נוזלי כחול עמוק,ארגז,1.50,ליטר,false,,14.90,9.9333,true,1,7927
7290000245089,false,מרכך כביסה סוד סגול,,,מרכך כביסה סוד סגול,ארגז,4.00,ליטר,false,,16.90,4.2250,true,1,22362
7290000245287,false,אבקת כביסה פרסיל קול,,,אבקת כביסה פרסיל קול,אלף,1.25,"ק""ג",false,,15.90,12.7200,true,1,22365
7290000245294,false,אבקת כביסה פרסיל 2.5,,,אבקת כביסה פרסיל 2.5,אלף,2.50,"ק""ג",false,,26.90,10.7600,true,1,22366
7290000245478,false,סוד א.כ בייבי 1.25קג,,,סוד א.כ בייבי 1.25קג,אלף,1.25,"ק""ג",false,,12.90,10.3200,true,1,22367
7290000245782,false,מרכך כביסה סוד ורוד,,,מרכך כביסה סוד ורוד,ארגז,4.00,ליטר,false,,16.90,4.2250,true,1,22368
7290000245799,false,מרכך כביסה סוד כחול,,,מרכך כביסה סוד כחול,ארגז,4.00,ליטר,false,,16.90,4.2250,true,1,22369
7290000251113,false,פטה עיזים המושבה,,,פטה עיזים המושבה,קילוגרמים,1.00,"ק""ג",true,,99.00,99.0000,true,1,11172
7290000251128,false,בריזה צאן המושבה,,,בריזה צאן המושבה,קילוגרמים,1.00,"ק""ג",true,,74.00,74.0000,true,1,11173
7290000253220,false,שוקולד צ'יפס אופנהיי,,,שוקולד צ'יפס אופנהיי,גרמים,260.00,100 גרם,false,,10.90,0.0419,true,1,1258
7290000253251,false,שוקולד צ'יפס לבן אופ,,,שוקולד צ'יפס לבן אופ,גרמים,250.00,100 גרם,false,,10.90,0.0436,true,1,1259
7290000256197,false,גאודה עיזים הולנדית,,,גאודה עיזים הולנדית,קילוגרמים,1.00,"ק""ג",true,,99.00,99.0000,true,1,32236
7290000262031,false,נייר טואלט מולט לב 3,,,נייר טואלט מולט לב 3,מטרים,563.00,מטר,false,,30.90,0.0549,true,1,8344
7290000262413,false,האגיס אקסטרה קייר מי,,,האגיס אקסטרה קייר מי,אין,0.00,יחידה,false,,48.90,0.0000,true,1,8347
7290000263359,false,האגיס אקסטרא קייר של,,,האגיס אקסטרא קייר של,אין,0.00,יחידה,false,,29.90,0.0000,true,1,8353
7290000267500,false,קליפות הדר בציפוי שו,,,קליפות הדר בציפוי שו,גרמים,200.00,100 גרם,false,,10.90,0.0545,true,1,121542
7290000272443,false,סירופ דיאט תפוז עסיס,,,סירופ דיאט תפוז עסיס,אין,0.00,יחידה,false,,16.90,0.0000,true,1,13031
7290000272467,false,סירופ דיאט פטל עסיס,,,סירופ דיאט פטל עסיס,ארגז,1.00,ליטר,false,,16.90,16.9000,true,1,13032
7290000272696,false,מיץ לימון משומר עסיס,,,מיץ לימון משומר עסיס,ארגז,1.00,ליטר,false,,9.50,9.5000,true,1,13033
7290000272726,false,חומץ טבעי 5% עסיס 1,,,חומץ טבעי 5% עסיס 1,ארגז,1.00,ליטר,false,,5.90,5.9000,true,1,13034
7290000284316,false,קוקה קולה 1.5 ליטר,,,קוקה קולה 1.5 ליטר,ארגז,1.50,ליטר,false,,8.30,5.5333,true,1,7233
7290000286228,false,סנו סושי שישיות כריו,,,סנו סושי שישיות כריו,אין,0.00,יחידה,false,,11.90,0.0000,true,1,19003
7290000286297,false,סנו מסיר אבן מקומקום,,,סנו מסיר אבן מקומקום,מיליליטרים,700.00,"100 מ""ל",false,,10.90,0.0156,true,1,19004
7290000286298,false,פילה דג סלמון נורווג,,,פילה דג סלמון נורווג,קילוגרמים,1.00,"ק""ג",true,,79.90,79.9000,true,1,443947
7290000286549,false,סנו סושי מטליות לכל,,,סנו סושי מטליות לכל,אין,0.00,יחידה,false,,11.90,0.0000,true,1,19010
7290000286761,false,סנו סושי פלסטיק נצמד,,,סנו סושי פלסטיק נצמד,מטרים,60.00,מטר,false,,11.90,0.1983,true,1,19013
7290000286800,false,פילה דג סלמון נורווג,,,פילה דג סלמון נורווג,קילוגרמים,1.00,"ק""ג",true,,79.90,79.9000,true,1,448507
7290000286824,false,פילה דג נסיכת הנילוס,,,פילה דג נסיכת הנילוס,קילוגרמים,1.00,"ק""ג",true,,39.90,39.9000,true,1,443902
7290000286891,false,סנו מגן קריסטל  1 לי,,,סנו מגן קריסטל  1 לי,ארגז,1.00,ליטר,false,,22.90,22.9000,true,1,19015
7290000286921,false,סנוקל רסס כבס,,,סנוקל רסס כבס,מיליליטרים,750.00,"100 מ""ל",false,,12.90,0.0172,true,1,19018
7290000286945,false,"סנו רהיט נוזל 500 מ""",,,"סנו רהיט נוזל 500 מ""",מיליליטרים,500.00,"100 מ""ל",false,,24.90,0.0498,true,1,19019
7290000286947,false,פילה דג סלמון נורווג,,,פילה דג סלמון נורווג,קילוגרמים,1.00,"ק""ג",true,,89.90,89.9000,true,1,447011
7290000287102,false,סנו שמפו שטיחים אירו,,,סנו שמפו שטיחים אירו,מיליליטרים,600.00,"100 מ""ל",false,,21.90,0.0365,true,1,19020
7290000287195,false,סנו רהיט ספריי עשיר,,,סנו רהיט ספריי עשיר,מיליליטרים,305.00,"100 מ""ל",false,,14.90,0.0489,true,1,19021
7290000287492,false,סנובון נוזלי בניחוח,,,סנובון נוזלי בניחוח,מיליליטרים,750.00,"100 מ""ל",false,,9.90,0.0132,true,1,19026
7290000287621,false,סנו אנטי קאלק W.C מנ,,,סנו אנטי קאלק W.C מנ,מיליליטרים,750.00,"100 מ""ל",false,,11.90,0.0159,true,1,19028
7290000288024,false,סנו ז'אוול בריח לימו,,,סנו ז'אוול בריח לימו,ארגז,4.00,ליטר,false,,16.90,4.2250,true,1,19032
7290000288031,false,סנו אקנומיקה 4 ל,,,סנו אקנומיקה 4 ל,ארגז,4.00,ליטר,false,,10.90,2.7250,true,1,19033
7290000288048,false,סנו ג'אוול מרסס אילנ,,,סנו ג'אוול מרסס אילנ,ארגז,1.00,ליטר,false,,17.90,17.9000,true,1,19034
7290000288086,false,אבקת ניקוי ג'אוול לי,,,אבקת ניקוי ג'אוול לי,גרמים,600.00,100 גרם,false,,11.90,0.0198,true,1,19036
7290000288291,false,סנומט 30 טבליות,,,סנומט 30 טבליות,אין,0.00,יחידה,false,,12.80,0.0000,true,1,19039
7290000288352,false,K - 300,,,K - 300,מיליליטרים,630.00,"100 מ""ל",false,,20.90,0.0332,true,1,19041
7290000288383,false,K - 500,,,K - 500,מיליליטרים,405.00,"100 מ""ל",false,,19.90,0.0491,true,1,19042
7290000288413,false,סנו די רולאון,,,סנו די רולאון,מיליליטרים,50.00,"100 מ""ל",false,,19.90,0.3980,true,1,19044
7290000288642,false,מרכך כביסה סנו מקסימ,,,מרכך כביסה סנו מקסימ,ארגז,4.00,ליטר,false,,22.90,5.7250,true,1,19047
7290000288659,false,"סנו די ג'ונגל 50 מ""ל",,,"סנו די ג'ונגל 50 מ""ל",מיליליטרים,50.00,"100 מ""ל",false,,19.90,0.3980,true,1,19048
7290000288727,false,סנו מקסימה מאסק 1.25,,,סנו מקסימה מאסק 1.25,אלף,1.25,"ק""ג",false,,14.90,11.9200,true,1,19049
7290000289069,false,סנו ג'אוול מרסס לימו,,,סנו ג'אוול מרסס לימו,ארגז,1.00,ליטר,false,,17.90,17.9000,true,1,19052
7290000289380,false,סנו ג'אוול לימון לני,,,סנו ג'אוול לימון לני,מיליליטרים,750.00,"100 מ""ל",false,,11.90,0.0159,true,1,19054
7290000289472,false,סנו סושי שקיות HD 76,,,סנו סושי שקיות HD 76,אין,0.00,יחידה,false,,20.90,0.0000,true,1,19055
7290000289496,false,סנו ג'אוול ג'ל קרם ל,,,סנו ג'אוול ג'ל קרם ל,מיליליטרים,750.00,"100 מ""ל",false,,11.90,0.0159,true,1,19056
7290000289595,false,משחה לילדים טעם תות,,,משחה לילדים טעם תות,מיליליטרים,145.00,"100 מ""ל",false,,7.90,0.0545,true,1,19057
7290000289748,false,סנו פורטה פלוס לתנור,,,סנו פורטה פלוס לתנור,מיליליטרים,750.00,"100 מ""ל",false,,14.90,0.0199,true,1,19059
7290000289885,false,סנו פרש ענק אושן כחו,,,סנו פרש ענק אושן כחו,מיליליטרים,375.00,"100 מ""ל",false,,10.90,0.0291,true,1,19060
7290000289915,false,סנו פרש ענק קוקו וני,,,סנו פרש ענק קוקו וני,מיליליטרים,375.00,"100 מ""ל",false,,10.90,0.0291,true,1,19061
7290000291857,false,סנו פוליווקס לוטוס 2,,,סנו פוליווקס לוטוס 2,ארגז,2.00,ליטר,false,,20.90,10.4500,true,1,19062
7290000291932,false,סנובון נוזלי בניחוח,,,סנובון נוזלי בניחוח,מיליליטרים,750.00,"100 מ""ל",false,,9.90,0.0132,true,1,19063
7290000292137,false,נוזל ניקוי וטיפול במ,,,נוזל ניקוי וטיפול במ,מיליליטרים,500.00,"100 מ""ל",false,,30.90,0.0618,true,1,19066
7290000292533,false,סנו ג'ל לניקוי כללי,,,סנו ג'ל לניקוי כללי,ארגז,1.00,ליטר,false,,16.90,16.9000,true,1,19070
7290000292557,false,סנומט 45 נוזל מילוי,,,סנומט 45 נוזל מילוי,אין,0.00,יחידה,false,,18.90,0.0000,true,1,19071
7290000292564,false,K 2000 סנו ללא ריח,,,K 2000 סנו ללא ריח,מיליליטרים,750.00,"100 מ""ל",false,,31.90,0.0425,true,1,19072
7290000292687,false,סנובון כחול שלישיה,,,סנובון כחול שלישיה,גרמים,165.00,100 גרם,false,,15.90,0.0964,true,1,19073
7290000292915,false,סנו רסס ונגב אקדח 75,,,סנו רסס ונגב אקדח 75,מיליליטרים,750.00,"100 מ""ל",false,,12.90,0.0172,true,1,19075
7290000293073,false,מרכך כביסה סנו מקסימ,,,מרכך כביסה סנו מקסימ,ארגז,4.00,ליטר,false,,22.90,5.7250,true,1,19077
7290000293530,false,מילוי סופג לחות,,,מילוי סופג לחות,מיליליטרים,340.00,"100 מ""ל",false,,12.90,0.0379,true,1,19079
7290000293561,false,סנו מסיר עובש 750מל,,,סנו מסיר עובש 750מל,מיליליטרים,750.00,"100 מ""ל",false,,14.90,0.0199,true,1,19080
7290000293820,false,שמפו וג'ל רחצה קרבון,,,שמפו וג'ל רחצה קרבון,מיליליטרים,700.00,"100 מ""ל",false,,18.90,0.0270,true,1,19081
7290000293837,false,דאודורנט ג'ל קרמה מן,,,דאודורנט ג'ל קרמה מן,מיליליטרים,70.00,"100 מ""ל",false,,13.90,0.1986,true,1,80992
7290000293943,false,סנו אנטי קאלק+מתז  1,,,סנו אנטי קאלק+מתז  1,ארגז,1.00,ליטר,false,,19.90,19.9000,true,1,19082
7290000294773,false,סנו ז'אוול בריח אילנ,,,סנו ז'אוול בריח אילנ,ארגז,4.00,ליטר,false,,16.90,4.2250,true,1,19086
7290000294780,false,סנו ז'אוול סמיכה 4 ל,,,סנו ז'אוול סמיכה 4 ל,ארגז,4.00,ליטר,false,,16.90,4.2250,true,1,19087
7290000295121,false,מטלית זיגזג 3יח,,,מטלית זיגזג 3יח,אין,0.00,יחידה,false,,11.90,0.0000,true,1,19088
7290000295299,false,כריות יפניות סנו סוש,,,כריות יפניות סנו סוש,אין,0.00,יחידה,false,,11.90,0.0000,true,1,19089
7290000295343,false,סנו מקסימה ביו 1.25,,,סנו מקסימה ביו 1.25,אלף,1.25,"ק""ג",false,,14.90,11.9200,true,1,19092
7290000295367,false,אבקת כביסה סנו מקסימ,,,אבקת כביסה סנו מקסימ,אלף,2.50,"ק""ג",false,,26.90,10.7600,true,1,19093
7290000295404,false,שקיות אשפה נשלפות סנ,,,שקיות אשפה נשלפות סנ,אין,0.00,יחידה,false,,22.90,0.0000,true,1,19094
7290000295503,false,סנו סושי צמד שקיות א,,,סנו סושי צמד שקיות א,אין,0.00,יחידה,false,,14.90,0.0000,true,1,19095
7290000295541,false,סנו רב מגבת גמבו,,,סנו רב מגבת גמבו,אין,0.00,יחידה,false,,16.90,0.0000,true,1,19096
7290000295558,false,צמד רדיד אלומיניום ק,,,צמד רדיד אלומיניום ק,מטרים,15.00,מטר,false,,11.90,0.7933,true,1,19097
7290000295565,false,רדיד אלומיניום רחב ב,,,רדיד אלומיניום רחב ב,מטרים,15.00,מטר,false,,16.90,1.1267,true,1,19098
7290000295572,false,מנקה אסלות 00 צמד,,,מנקה אסלות 00 צמד,ארגז,1.50,ליטר,false,,17.90,11.9333,true,1,19099
7290000295794,false,ספוגיות אל חלד זוג,,,ספוגיות אל חלד זוג,אין,0.00,יחידה,false,,11.90,0.0000,true,1,19102
7290000295824,false,סנו סושי רדיד אלומינ,,,סנו סושי רדיד אלומינ,מטרים,100.00,מטר,false,,56.90,0.5690,true,1,19103
7290000300877,false,סיימן גבינת צדר אנגל,,,סיימן גבינת צדר אנגל,קילוגרמים,1.00,"ק""ג",true,,130.00,130.0000,true,1,11981
7290000300884,false,סיימן גבינת צ'דר אנג,,,סיימן גבינת צ'דר אנג,קילוגרמים,1.00,"ק""ג",true,,130.00,130.0000,true,1,11982
7290000300900,false,שניצל תירס טבעול רכי,,,שניצל תירס טבעול רכי,גרמים,750.00,100 גרם,false,,24.80,0.0331,true,1,13626
7290000305882,false,אס דגים עם ירקות ברו,,,אס דגים עם ירקות ברו,גרמים,120.00,100 גרם,false,,4.90,0.0408,true,1,17380
7290000313160,false,חברים זהבה ושלושת הד,,,חברים זהבה ושלושת הד,גרמים,250.00,100 גרם,false,,8.50,0.0340,true,1,13035
7290000313184,false,חברים ביסקויט גן חיו,,,חברים ביסקויט גן חיו,גרמים,250.00,100 גרם,false,,8.50,0.0340,true,1,13036
7290000315140,false,קורנפלקס מלא תלמה בד,,,קורנפלקס מלא תלמה בד,גרמים,500.00,100 גרם,false,,15.90,0.0318,true,1,9041
7290000318127,false,נקניקיות ביס 380 גרם,,,נקניקיות ביס 380 גרם,גרמים,380.00,100 גרם,false,,10.90,0.0287,true,1,11663
7290000318165,false,פסט.צ.על גחלים יחיעם,,,פסט.צ.על גחלים יחיעם,קילוגרמים,1.00,"ק""ג",true,,75.00,75.0000,true,1,11649
7290000318288,false,פסט.הודו בדבש יחיעם,,,פסט.הודו בדבש יחיעם,קילוגרמים,1.00,"ק""ג",true,,69.00,69.0000,true,1,11650
7290000318479,false,פרושטו בקר יחיעם 100,,,פרושטו בקר יחיעם 100,גרמים,100.00,100 גרם,false,,26.90,0.2690,true,1,11664
7290000318493,false,כתףבקר מפולפליחיעם מ,,,כתףבקר מפולפליחיעם מ,קילוגרמים,1.00,"ק""ג",true,,110.00,110.0000,true,1,11651
7290000318677,false,סלמי סרוולט 150גר יח,,,סלמי סרוולט 150גר יח,גרמים,150.00,100 גרם,false,,22.90,0.1527,true,1,11665
7290000318837,false,קורנדביףבקר מעדנ.יחי,,,קורנדביףבקר מעדנ.יחי,קילוגרמים,1.00,"ק""ג",true,,120.00,120.0000,true,1,11653
7290000318899,false,נקניק סלמי פיין יחיע,,,נקניק סלמי פיין יחיע,קילוגרמים,1.00,"ק""ג",true,,46.00,46.0000,true,1,11654
7290000318929,false,סלמי צרפתי יחיעם מעד,,,סלמי צרפתי יחיעם מעד,קילוגרמים,1.00,"ק""ג",true,,140.00,140.0000,true,1,11655
7290000319131,false,נקניקיות עוף יחיעם 4,,,נקניקיות עוף יחיעם 4,גרמים,400.00,100 גרם,false,,10.90,0.0273,true,1,11669
7290000319520,false,סאלמי צרפתי יחיעם 10,,,סאלמי צרפתי יחיעם 10,גרמים,100.00,100 גרם,false,,18.90,0.1890,true,1,11671
7290000319704,false,כתף בקר מעו. יחיעם מ,,,כתף בקר מעו. יחיעם מ,קילוגרמים,1.00,"ק""ג",true,,109.00,109.0000,true,1,11657
7290000319728,false,סלמי איטלקי מפולפל י,,,סלמי איטלקי מפולפל י,קילוגרמים,1.00,"ק""ג",true,,77.00,77.0000,true,1,11658
7290000319759,false,סלמי תה יחיעם מעדניה,,,סלמי תה יחיעם מעדניה,קילוגרמים,1.00,"ק""ג",true,,46.00,46.0000,true,1,11659
7290000319803,false,קבנוס קלאסי 125גר,,,קבנוס קלאסי 125גר,גרמים,125.00,100 גרם,false,,9.90,0.0792,true,1,11672
7290000327075,false,סודה בטעם למון ליים,,,סודה בטעם למון ליים,ארגז,3.00,ליטר,false,,14.90,4.9667,true,1,271569
7290000334325,false,תפוגן ציפס למיקרו מא,,,תפוגן ציפס למיקרו מא,גרמים,375.00,100 גרם,false,,12.80,0.0341,true,1,13632
7290000334684,false,טבעות בצל 700 גרם,,,טבעות בצל 700 גרם,גרמים,700.00,100 גרם,false,,16.90,0.0241,true,1,13634
7290000334745,false,"אמריקאן ציפס 1.5 ק""ג",,,"אמריקאן ציפס 1.5 ק""ג",אלף,1.50,"ק""ג",false,,24.90,16.6000,true,1,13635
7290000339191,false,אבקת הלבנה רן 350 גר,,,אבקת הלבנה רן 350 גר,גרמים,350.00,100 גרם,false,,17.90,0.0511,true,1,9042
7290000341071,false,בייבי בדין לבן 2 ליט,,,בייבי בדין לבן 2 ליט,ארגז,2.00,ליטר,false,,14.90,7.4500,true,1,9047
7290000342832,false,בדין מרכך כביסה צהוב,,,בדין מרכך כביסה צהוב,ארגז,4.00,ליטר,false,,19.90,4.9750,true,1,9048
7290000345215,false,תה ויסוצקי קלאסיק 10,,,תה ויסוצקי קלאסיק 10,גרמים,100.00,100 גרם,false,,15.90,0.1590,true,1,16080
7290000345260,false,תה ויסוצקי קלאסיק 25,,,תה ויסוצקי קלאסיק 25,גרמים,37.50,100 גרם,false,,6.90,0.1840,true,1,16081
7290000345284,false,תה ויסוצקי 1.5 קלאסי,,,תה ויסוצקי 1.5 קלאסי,גרמים,150.00,100 גרם,false,,15.90,0.1060,true,1,16083
7290000345291,false,תה ארל גריי 1.5/25,,,תה ארל גריי 1.5/25,גרמים,37.50,100 גרם,false,,15.90,0.4240,true,1,16084
7290000345307,false,תה ארל גריי 1.5/50,,,תה ארל גריי 1.5/50,גרמים,75.00,100 גרם,false,,28.90,0.3853,true,1,16085
7290000345536,false,תה נענע 25 שקיות 1.5,,,תה נענע 25 שקיות 1.5,גרמים,37.50,100 גרם,false,,16.90,0.4507,true,1,16086
7290000346021,false,תה קמומיל 50 שקיקים,,,תה קמומיל 50 שקיקים,גרמים,75.00,100 גרם,false,,35.90,0.4787,true,1,16088
7290000346120,false,תה קסם הקנמון 25 שקי,,,תה קסם הקנמון 25 שקי,גרמים,62.50,100 גרם,false,,17.50,0.2800,true,1,1169
7290000346137,false,תה הילולי פירות 25 ש,,,תה הילולי פירות 25 ש,גרמים,62.50,100 גרם,false,,17.50,0.2800,true,1,1170
7290000346168,false,תה חליטת שומר גן קסו,,,תה חליטת שומר גן קסו,גרמים,37.50,100 גרם,false,,17.50,0.4667,true,1,1172
7290000346199,false,תה פירות יער 25 שקיק,,,תה פירות יער 25 שקיק,גרמים,67.50,100 גרם,false,,17.50,0.2593,true,1,1173
7290000346205,false,תה קמומיל 25 שקיקים,,,תה קמומיל 25 שקיקים,גרמים,37.50,100 גרם,false,,17.50,0.4667,true,1,1174
7290000346212,false,תה מנטה 25 שקיקים,,,תה מנטה 25 שקיקים,גרמים,50.00,100 גרם,false,,17.50,0.3500,true,1,1175
7290000347738,false,תה ירוק נענע 25 שקיק,,,תה ירוק נענע 25 שקיק,גרמים,37.50,100 גרם,false,,23.90,0.6373,true,1,16090
7290000347752,false,תה ירוק לימונית ולוא,,,תה ירוק לימונית ולוא,גרמים,37.50,100 גרם,false,,23.90,0.6373,true,1,16091
7290000358753,false,לשון בקר ארוז חלק קפ,,,לשון בקר ארוז חלק קפ,קילוגרמים,1.00,"ק""ג",true,,39.90,39.9000,true,1,31541
7290000363011,false,נקניק קוניאק מובחר ט,,,נקניק קוניאק מובחר ט,קילוגרמים,1.00,"ק""ג",true,,75.00,75.0000,true,1,16360
7290000363189,false,סרוולד טירת צבי מעדנ,,,סרוולד טירת צבי מעדנ,קילוגרמים,1.00,"ק""ג",true,,139.00,139.0000,true,1,16361
7290000363363,false,קבנוס מיוחד 160 גרם,,,קבנוס מיוחד 160 גרם,גרמים,160.00,100 גרם,false,,14.90,0.0931,true,1,16385
7290000363400,false,סלמי פפרוני טירת צבי,,,סלמי פפרוני טירת צבי,קילוגרמים,1.00,"ק""ג",true,,75.00,75.0000,true,1,16362
7290000363462,false,סלמי מעושן איטלקי טי,,,סלמי מעושן איטלקי טי,קילוגרמים,1.00,"ק""ג",true,,75.00,75.0000,true,1,16363
7290000363486,false,נקניק תה טירת צבי מע,,,נקניק תה טירת צבי מע,קילוגרמים,1.00,"ק""ג",true,,50.00,50.0000,true,1,16364
7290000363899,false,נקניקיות פיקנטיות 40,,,נקניקיות פיקנטיות 40,גרמים,400.00,100 גרם,false,,11.90,0.0298,true,1,16386
7290000364278,false,סלסולי סלמי איטלקי מ,,,סלסולי סלמי איטלקי מ,גרמים,120.00,100 גרם,false,,13.90,0.1158,true,1,16389
7290000364285,false,טירת צבי סלסולי פסטר,,,טירת צבי סלסולי פסטר,גרמים,120.00,100 גרם,false,,13.90,0.1158,true,1,16390
7290000364292,false,סלסולי פסטרמה גחלים,,,סלסולי פסטרמה גחלים,גרמים,120.00,100 גרם,false,,13.90,0.1158,true,1,16391
7290000364803,false,נקניקיות קרנץ אמריקא,,,נקניקיות קרנץ אמריקא,גרמים,500.00,100 גרם,false,,26.90,0.0538,true,1,16394
7290000364810,false,נקנקיות עגל 500 גרם,,,נקנקיות עגל 500 גרם,גרמים,500.00,100 גרם,false,,26.90,0.0538,true,1,16395
7290000364858,false,נקניקיות עוף טרי 1 ק,,,נקניקיות עוף טרי 1 ק,אלף,1.00,"ק""ג",false,,22.90,22.9000,true,1,16396
7290000364872,false,נקניקיות עוף 400 גרם,,,נקניקיות עוף 400 גרם,גרמים,400.00,100 גרם,false,,11.90,0.0298,true,1,16397
7290000364957,false,נקנקיות מיני - מיני,,,נקנקיות מיני - מיני,גרמים,700.00,100 גרם,false,,20.90,0.0299,true,1,16398
7290000365046,false,כתף מעושן טירת צבי מ,,,כתף מעושן טירת צבי מ,קילוגרמים,1.00,"ק""ג",true,,89.00,89.0000,true,1,16367
7290000365398,false,חזה הודו בדבש ט.צבי,,,חזה הודו בדבש ט.צבי,קילוגרמים,1.00,"ק""ג",true,,79.00,79.0000,true,1,16370
7290000365749,false,פסט. טבעית ד.ש.ט.צבי,,,פסט. טבעית ד.ש.ט.צבי,קילוגרמים,1.00,"ק""ג",true,,79.00,79.0000,true,1,16371
7290000365756,false,פסט. עלגחלים ד.ש.ט.צ,,,פסט. עלגחלים ד.ש.ט.צ,קילוגרמים,1.00,"ק""ג",true,,79.00,79.0000,true,1,16372
7290000365909,false,פסט.טבעית ט.צבי מעדנ,,,פסט.טבעית ט.צבי מעדנ,קילוגרמים,1.00,"ק""ג",true,,79.00,79.0000,true,1,16373
7290000365954,false,פסט.על גחלים ט.צבי מ,,,פסט.על גחלים ט.צבי מ,קילוגרמים,1.00,"ק""ג",true,,79.00,79.0000,true,1,16374
7290000367590,false,צמד כפרי נק.סלמי+פסט,,,צמד כפרי נק.סלמי+פסט,גרמים,800.00,100 גרם,false,,25.40,0.0317,true,1,16399
7290000369037,false,ניצן פטה קוביות בטעמ,,,ניצן פטה קוביות בטעמ,גרמים,200.00,100 גרם,false,,16.90,0.0845,true,1,6749
7290000369341,false,לאבנה אבו גוש ניצן מ,,,לאבנה אבו גוש ניצן מ,קילוגרמים,1.00,"ק""ג",true,,50.00,50.0000,true,1,6748
7290000369365,false,ניצן גבינה מתובלת 9%,,,ניצן גבינה מתובלת 9%,גרמים,200.00,100 גרם,false,,13.50,0.0675,true,1,6750
7290000369617,false,ניצן כדורי פטה בשמני,,,ניצן כדורי פטה בשמני,גרמים,150.00,100 גרם,false,,16.90,0.1127,true,1,6751
7290000369709,false,ניצן חמאה ט.שונים 10,,,ניצן חמאה ט.שונים 10,גרמים,100.00,100 גרם,false,,12.90,0.1290,true,1,6752
7290000370130,false,גבינת ברי צרפתית שקי,,,גבינת ברי צרפתית שקי,קילוגרמים,1.00,"ק""ג",true,,99.00,99.0000,true,1,5293
7290000370420,false,גבינת גאודה מהולנד 3,,,גבינת גאודה מהולנד 3,קילוגרמים,1.00,"ק""ג",true,,65.00,65.0000,true,1,252057
7290000370475,false,גבינה כחולה עם עובש,,,גבינה כחולה עם עובש,קילוגרמים,1.00,"ק""ג",true,,59.00,59.0000,true,1,5298
7290000370734,false,צמות גבינה במי מלח ב,,,צמות גבינה במי מלח ב,קילוגרמים,1.00,"ק""ג",true,,80.00,80.0000,true,1,267683
7290000370925,false,גבינת גאודה עם עשבי,,,גבינת גאודה עם עשבי,קילוגרמים,1.00,"ק""ג",true,,99.00,99.0000,true,1,246746
7290000371571,false,פסט.פרגיות לבאגט ט.צ,,,פסט.פרגיות לבאגט ט.צ,קילוגרמים,1.00,"ק""ג",true,,79.00,79.0000,true,1,16377
7290000379258,false,חלת קונדיטורית אנגל,,,חלת קונדיטורית אנגל,גרמים,500.00,100 גרם,false,,15.90,0.0318,true,1,22620
7290000382210,false,שקיות גופיה ינות בית,,,שקיות גופיה ינות בית,אין,0.00,יחידה,false,,0.10,0.0000,true,1,3663
7290000382212,false,שקיות גופיה מגה מרקט,,,שקיות גופיה מגה מרקט,אין,0.00,יחידה,false,,0.10,0.0000,true,1,2510
7290000382234,false,שקיות גופיה מהדרין,,,שקיות גופיה מהדרין,אין,0.00,יחידה,false,,0.10,0.0000,true,1,3684
7290000382272,false,סל נשיאה זול שוק מהד,,,סל נשיאה זול שוק מהד,אין,0.00,יחידה,false,,3.50,0.0000,true,1,3685
7290000385738,false,מנצ`גו משולש. מע.,,,מנצ`גו משולש. מע.,קילוגרמים,1.00,"ק""ג",true,,137.00,137.0000,true,1,11064
7290000387043,false,צלעות 22 צרכני חלק ב,,,צלעות 22 צרכני חלק ב,קילוגרמים,1.00,"ק""ג",true,,34.90,34.9000,true,1,305949
7290000403238,false,סיימן ברי איסיני מעד,,,סיימן ברי איסיני מעד,קילוגרמים,1.00,"ק""ג",true,,130.00,130.0000,true,1,11985
7290000408316,false,דנונה טבעי 3% 200מל,,,דנונה טבעי 3% 200מל,מיליליטרים,200.00,"100 מ""ל",false,,3.70,0.0185,true,1,15429
7290000408354,false,דנונה קראנצ' פצפוצים,,,דנונה קראנצ' פצפוצים,מיליליטרים,175.00,"100 מ""ל",false,,4.60,0.0263,true,1,15430
7290000410874,false,רבעי פרגיות מלוח,,,רבעי פרגיות מלוח,קילוגרמים,1.00,"ק""ג",true,,49.80,49.8000,true,1,11990
7290000412481,false,מנקה אסלות 1 ליטר 00,,,מנקה אסלות 1 ליטר 00,ארגז,1.00,ליטר,false,,7.90,7.9000,true,1,19105
7290000416021,false,ממרח שוקולד השחר 500,,,ממרח שוקולד השחר 500,גרמים,500.00,100 גרם,false,,13.90,0.0278,true,1,18497
7290000416045,false,ממרח שוקולד השחר 1 ק,,,ממרח שוקולד השחר 1 ק,אלף,1.00,"ק""ג",false,,24.90,24.9000,true,1,18498
7290000416076,false,צימקאו לאפיה 400 גר',,,צימקאו לאפיה 400 גר',גרמים,400.00,100 גרם,false,,10.90,0.0273,true,1,18499
7290000416618,false,ממרח שוקולד פרווה הש,,,ממרח שוקולד פרווה הש,גרמים,400.00,100 גרם,false,,11.90,0.0298,true,1,18502
7290000416632,false,ממרח שוקולד פרווה הש,,,ממרח שוקולד פרווה הש,אלף,1.00,"ק""ג",false,,23.90,23.9000,true,1,18503
7290000416854,false,קקאו 150 גר',,,קקאו 150 גר',גרמים,150.00,100 גרם,false,,8.90,0.0593,true,1,18505
7290000416878,false,קקאו 500 גר',,,קקאו 500 גר',גרמים,500.00,100 גרם,false,,20.90,0.0418,true,1,18506
7290000419107,false,לנדוור מקורי קפה טחו,,,לנדוור מקורי קפה טחו,גרמים,100.00,100 גרם,false,,7.90,0.0790,true,1,14480
7290000419114,false,לנדוור המקורי קפה טח,,,לנדוור המקורי קפה טח,גרמים,200.00,100 גרם,false,,15.90,0.0795,true,1,14481
7290000419220,false,לנדוור כחול המקורי ק,,,לנדוור כחול המקורי ק,גרמים,300.00,100 גרם,false,,17.90,0.0597,true,1,14482
7290000419374,false,לנדוור לבוקר קפה טחו,,,לנדוור לבוקר קפה טחו,גרמים,300.00,100 גרם,false,,17.90,0.0597,true,1,14483
7290000419893,false,לנדוור חזק קפה טחון,,,לנדוור חזק קפה טחון,גרמים,100.00,100 גרם,false,,7.90,0.0790,true,1,14484
7290000420325,false,פופסטאר פופקורן טבעי,,,פופסטאר פופקורן טבעי,גרמים,500.00,100 גרם,false,,12.90,0.0258,true,1,6546
7290000420332,false,פופסטאר פופקורן חמאה,,,פופסטאר פופקורן חמאה,גרמים,500.00,100 גרם,false,,12.90,0.0258,true,1,6547
7290000420417,false,גלילונית שקיות אשפה,,,גלילונית שקיות אשפה,אין,0.00,יחידה,false,,17.90,0.0000,true,1,6548
7290000449128,false,סיף ניקוי כללי 4 ליט,,,סיף ניקוי כללי 4 ליט,ארגז,4.00,ליטר,false,,19.90,4.9750,true,1,9051
7290000450209,false,טונה בשמן פוסידון  1,,,טונה בשמן פוסידון  1,גרמים,108.00,100 גרם,false,,5.90,0.0546,true,1,12057
7290000453019,false,שמרית שמרים טריים לא,,,שמרית שמרים טריים לא,גרמים,50.00,100 גרם,false,,4.50,0.0900,true,1,15431
7290000453125,false,שמרית שמרים טריים לא,,,שמרית שמרים טריים לא,גרמים,100.00,100 גרם,false,,7.70,0.0770,true,1,15432
7290000453200,false,בלילה מצוננת פנקייק,,,בלילה מצוננת פנקייק,גרמים,750.00,100 גרם,false,,19.90,0.0265,true,1,109401
7290000453385,false,פאקא שמרים יבשים 500,,,פאקא שמרים יבשים 500,גרמים,500.00,100 גרם,false,,13.90,0.0278,true,1,993
7290000453408,false,שמרית בצק פיצה דק מצ,,,שמרית בצק פיצה דק מצ,גרמים,415.00,100 גרם,false,,17.50,0.0422,true,1,15433
7290000453415,false,שמרית בצק עלים מצונן,,,שמרית בצק עלים מצונן,גרמים,300.00,100 גרם,false,,15.90,0.0530,true,1,15434
7290000453422,false,שמרית בצק פילו מוכן,,,שמרית בצק פילו מוכן,גרמים,300.00,100 גרם,false,,15.90,0.0530,true,1,33089
7290000453484,false,בצק קדאיף מצונן שמרי,,,בצק קדאיף מצונן שמרי,גרמים,350.00,100 גרם,false,,14.90,0.0426,true,1,343728
7290000453798,false,שמרים יבשים אקטיביים,,,שמרים יבשים אקטיביים,גרמים,500.00,100 גרם,false,,12.90,0.0258,true,1,14922
7290000453866,false,נטורינה קוקוס שטראוס,,,נטורינה קוקוס שטראוס,גרמים,200.00,100 גרם,false,,7.70,0.0385,true,1,15435
7290000453897,false,מרגרינה בטעם חמאה 20,,,מרגרינה בטעם חמאה 20,גרמים,200.00,100 גרם,false,,4.90,0.0245,true,1,15437
7290000455456,false,נסיכת הנילוס פילה פר,,,נסיכת הנילוס פילה פר,קילוגרמים,1.00,"ק""ג",true,,69.90,69.9000,true,1,22489
7290000461047,false,סיימן ברי לה רוסטיק,,,סיימן ברי לה רוסטיק,קילוגרמים,1.00,"ק""ג",true,,179.00,179.0000,true,1,11991
7290000461625,false,ביגלה 8 8 400גר,,,ביגלה 8 8 400גר,גרמים,400.00,100 גרם,false,,9.90,0.0248,true,1,1128
7290000461656,false,מקלות מלוחים 400 גרם,,,מקלות מלוחים 400 גרם,גרמים,400.00,100 גרם,false,,9.90,0.0248,true,1,1129
7290000461700,false,ביגלה שמיניות גדולות,,,ביגלה שמיניות גדולות,גרמים,400.00,100 גרם,false,,11.90,0.0298,true,1,9052
7290000461793,false,ביגלה ארוך ארוך דל ש,,,ביגלה ארוך ארוך דל ש,גרמים,150.00,100 גרם,false,,5.90,0.0393,true,1,9053
7290000462103,false,סחוג אדום חריף עדין,,,סחוג אדום חריף עדין,גרמים,150.00,100 גרם,false,,7.90,0.0527,true,1,15438
7290000462141,false,סחוג אדום חריף מאוד,,,סחוג אדום חריף מאוד,גרמים,150.00,100 גרם,false,,7.90,0.0527,true,1,15439
7290000462172,false,סחוג ירוק חריף מאוד,,,סחוג ירוק חריף מאוד,גרמים,150.00,100 גרם,false,,7.90,0.0527,true,1,15441
7290000462310,false,סיימן סנט מור במשקל.,,,סיימן סנט מור במשקל.,קילוגרמים,1.00,"ק""ג",true,,175.00,175.0000,true,1,11992
7290000467320,false,צבר חומוס אבו מרוואן,,,צבר חומוס אבו מרוואן,גרמים,400.00,100 גרם,false,,13.90,0.0348,true,1,13640
7290000469638,false,מריטו ספריי לגיהוץ 5,,,מריטו ספריי לגיהוץ 5,מיליליטרים,500.00,"100 מ""ל",false,,19.90,0.0398,true,1,14487
7290000472821,false,גבינה צהובה  28% הר,,,גבינה צהובה  28% הר,קילוגרמים,1.00,"ק""ג",true,,31.00,31.0000,true,1,380369
7290000474090,false,טרה חלב בקרטון 1% 1ל,,,טרה חלב בקרטון 1% 1ל,ארגז,1.00,ליטר,false,,5.86,5.8600,true,1,6894
7290000474502,false,טרה גבינה לבנה 5% 25,,,טרה גבינה לבנה 5% 25,גרמים,250.00,100 גרם,false,,4.98,0.0199,true,1,6898
7290000474540,false,טוב טעם גבינה 3% 250,,,טוב טעם גבינה 3% 250,גרמים,250.00,100 גרם,false,,10.90,0.0436,true,1,6899
7290000474830,false,נעם גבינה צהובה מגור,,,נעם גבינה צהובה מגור,גרמים,500.00,100 גרם,false,,29.80,0.0596,true,1,6900
7290000478157,false,רבעי פרגיות מתוק,,,רבעי פרגיות מתוק,קילוגרמים,1.00,"ק""ג",true,,49.80,49.8000,true,1,316926
7290000480107,false,"קוואקר מהיר אטוס לל""",,,"קוואקר מהיר אטוס לל""",גרמים,500.00,100 גרם,false,,13.90,0.0278,true,1,15889
7290000480332,false,גאודה בקר משולש גד 3,,,גאודה בקר משולש גד 3,קילוגרמים,1.00,"ק""ג",true,,105.00,105.0000,true,1,250048
7290000480349,false,גאודה עיזים משולש גד,,,גאודה עיזים משולש גד,קילוגרמים,1.00,"ק""ג",true,,125.00,125.0000,true,1,250034
7290000480442,false,שיבולת שועל בשקית קו,,,שיבולת שועל בשקית קו,גרמים,500.00,100 גרם,false,,11.90,0.0238,true,1,15890
7290000481029,false,פיתות 10 יחידות בטעם,,,פיתות 10 יחידות בטעם,אלף,1.00,"ק""ג",false,,10.90,10.9000,true,1,6039
7290000481043,true,עשיריית פיתות כוסמין,,,עשיריית פיתות כוסמין,גרמים,700.00,100 גרם,false,,14.90,0.0213,true,1,57866
7290000481074,false,לחם טריו מלא דגנית 7,,,לחם טריו מלא דגנית 7,גרמים,750.00,100 גרם,false,,19.90,0.0265,true,1,411938
7290000481531,false,לחמניות 10 יחידות חי,,,לחמניות 10 יחידות חי,גרמים,750.00,100 גרם,false,,13.90,0.0185,true,1,6041
7290000481883,false,10 לחמניות דגנית,,,10 לחמניות דגנית,גרמים,750.00,100 גרם,false,,13.90,0.0185,true,1,6043
7290000484747,false,"עלית הארק 40% 700 מ""",,,"עלית הארק 40% 700 מ""",מיליליטרים,700.00,"100 מ""ל",false,,59.90,0.0856,true,1,18517
7290000490601,false,גלידל מאגדת בטעם וני,,,גלידל מאגדת בטעם וני,גרמים,400.00,100 גרם,false,,31.90,0.0797,true,1,22856
7290000490625,false,מאגדת שלגונים ציפוי,,,מאגדת שלגונים ציפוי,גרמים,560.00,100 גרם,false,,23.90,0.0427,true,1,22857
7290000504025,false,סוכרזית פטריה 300 טב,,,סוכרזית פטריה 300 טב,גרמים,246.00,100 גרם,false,,7.90,0.0321,true,1,14923
7290000504049,false,סוכרזית קנקן 1200 טב,,,סוכרזית קנקן 1200 טב,גרמים,984.00,100 גרם,false,,17.90,0.0182,true,1,14924
7290000504209,false,דיאט טיפ-ממתיק,,,דיאט טיפ-ממתיק,מיליליטרים,220.00,"100 מ""ל",false,,14.90,0.0677,true,1,14925
7290000504278,false,סוכרזית פטנט 700 טבל,,,סוכרזית פטנט 700 טבל,גרמים,574.00,100 גרם,false,,13.90,0.0242,true,1,14927
7290000511010,false,פרמז`נו בגלגל ויליפו,,,פרמז`נו בגלגל ויליפו,קילוגרמים,1.00,"ק""ג",true,,110.00,110.0000,true,1,5300
7290000511212,false,גבינה ערקית המושבה.,,,גבינה ערקית המושבה.,קילוגרמים,1.00,"ק""ג",true,,76.00,76.0000,true,1,11174
7290000511706,false,גבינת גאודה עם כמון,,,גבינת גאודה עם כמון,קילוגרמים,1.00,"ק""ג",true,,90.00,90.0000,true,1,246760
7290000511904,false,בייבי אדם הולנד וילי,,,בייבי אדם הולנד וילי,קילוגרמים,1.00,"ק""ג",true,,65.00,65.0000,true,1,5301
7290000518176,false,מתוק וקל ענק 250 שקי,,,מתוק וקל ענק 250 שקי,גרמים,250.00,100 גרם,false,,16.90,0.0676,true,1,11704
7290000518220,false,סוכרה דיאט 100 יח,,,סוכרה דיאט 100 יח,גרמים,80.00,100 גרם,false,,24.90,0.3112,true,1,11706
7290000518251,false,מתוק וקל זהב 100 שקי,,,מתוק וקל זהב 100 שקי,גרמים,100.00,100 גרם,false,,10.90,0.1090,true,1,11707
7290000521008,false,אדום יבש סגל.,,,אדום יבש סגל.,מיליליטרים,750.00,"100 מ""ל",false,,21.90,0.0292,true,1,8577
7290000521015,false,"לבן סגל 750 מ""ל",,,"לבן סגל 750 מ""ל",מיליליטרים,750.00,"100 מ""ל",false,,21.90,0.0292,true,1,8578
7290000521022,false,סגל לבן חצי יבש 750,,,סגל לבן חצי יבש 750,מיליליטרים,750.00,"100 מ""ל",false,,21.90,0.0292,true,1,8579
7290000521404,false,מרום גליל סינגל קברנ,,,מרום גליל סינגל קברנ,מיליליטרים,750.00,"100 מ""ל",false,,38.90,0.0519,true,1,8582
7290000521411,false,מרום גליל סינגל מרלו,,,מרום גליל סינגל מרלו,מיליליטרים,750.00,"100 מ""ל",false,,38.90,0.0519,true,1,8583
7290000521428,false,מרום גליל סינגל  שרד,,,מרום גליל סינגל  שרד,מיליליטרים,750.00,"100 מ""ל",false,,38.90,0.0519,true,1,8584
7290000522272,false,חלב הרים שמנת לקפה 1,,,חלב הרים שמנת לקפה 1,מיליליטרים,500.00,"100 מ""ל",false,,8.90,0.0178,true,1,16201
7290000523125,false,מלח ים יבש הארץ 250,,,מלח ים יבש הארץ 250,גרמים,250.00,100 גרם,false,,5.40,0.0216,true,1,12297
7290000523514,false,מלח 50% פחות נתרן הא,,,מלח 50% פחות נתרן הא,גרמים,250.00,100 גרם,false,,9.90,0.0396,true,1,12299
7290000523521,false,מלח מעושר ביוד הארץ,,,מלח מעושר ביוד הארץ,גרמים,250.00,100 גרם,false,,5.90,0.0236,true,1,12300
7290000523804,false,מלח עדין בצנצנת הארץ,,,מלח עדין בצנצנת הארץ,אלף,1.00,"ק""ג",false,,7.50,7.5000,true,1,12301
7290000523811,false,מלח גס בצנצנת הארץ 1,,,מלח גס בצנצנת הארץ 1,אלף,1.00,"ק""ג",false,,7.50,7.5000,true,1,12302
7290000525969,false,פרימור מיץ תפוזים 1ל,,,פרימור מיץ תפוזים 1ל,ארגז,1.00,ליטר,false,,15.70,15.7000,true,1,15444
7290000530024,false,תה מעושן זוגלובק,,,תה מעושן זוגלובק,קילוגרמים,1.00,"ק""ג",true,,47.00,47.0000,true,1,24716
7290000530031,false,סלמי פיין צר זוגלובק,,,סלמי פיין צר זוגלובק,קילוגרמים,1.00,"ק""ג",true,,50.00,50.0000,true,1,24717
7290000530048,false,סלמי פפרוני זוגלובק,,,סלמי פפרוני זוגלובק,קילוגרמים,1.00,"ק""ג",true,,50.00,50.0000,true,1,24718
7290000530062,false,סלמי מעו. איטלקי זוג,,,סלמי מעו. איטלקי זוג,קילוגרמים,1.00,"ק""ג",true,,82.00,82.0000,true,1,24719
7290000530086,false,סלמי מעושן 7000 א.מ.,,,סלמי מעושן 7000 א.מ.,גרמים,600.00,100 גרם,false,,33.00,0.0550,true,1,24742
7290000530109,false,זוג קבנוס בוואקום 36,,,זוג קבנוס בוואקום 36,גרמים,360.00,100 גרם,false,,24.90,0.0692,true,1,24743
7290000530116,false,סלמי מעושן בשן זוגלו,,,סלמי מעושן בשן זוגלו,גרמים,470.00,100 גרם,false,,22.90,0.0487,true,1,3121
7290000530178,false,סלמי קוניאק זוגלובק.,,,סלמי קוניאק זוגלובק.,קילוגרמים,1.00,"ק""ג",true,,85.00,85.0000,true,1,24721
7290000530192,false,נקניק סרבלד זוגלובק,,,נקניק סרבלד זוגלובק,קילוגרמים,1.00,"ק""ג",true,,123.00,123.0000,true,1,24722
7290000530260,false,נקניק מורטדלה זוגלוב,,,נקניק מורטדלה זוגלוב,קילוגרמים,1.00,"ק""ג",true,,38.00,38.0000,true,1,24723
7290000530369,false,פסט. גולן 3% זוגלובק,,,פסט. גולן 3% זוגלובק,קילוגרמים,1.00,"ק""ג",true,,80.00,80.0000,true,1,24724
7290000530413,false,המבורגר זהב 400גר,,,המבורגר זהב 400גר,גרמים,400.00,100 גרם,false,,19.90,0.0497,true,1,737
7290000530444,false,כתף בקר מעושן זוגלוב,,,כתף בקר מעושן זוגלוב,קילוגרמים,1.00,"ק""ג",true,,109.00,109.0000,true,1,24725
7290000530468,false,נקניקיות וינר טרי 1ק,,,נקניקיות וינר טרי 1ק,אלף,1.00,"ק""ג",false,,24.90,24.9000,true,1,24745
7290000530598,false,נקניקיות וינר טרי זו,,,נקניקיות וינר טרי זו,גרמים,500.00,100 גרם,false,,11.90,0.0238,true,1,24746
7290000530703,false,זוג תה 400 + חרמון 4,,,זוג תה 400 + חרמון 4,גרמים,800.00,100 גרם,false,,27.90,0.0349,true,1,24747
7290000531410,false,פסט. בדבש טהור 3% זו,,,פסט. בדבש טהור 3% זו,קילוגרמים,1.00,"ק""ג",true,,80.00,80.0000,true,1,24726
7290000531601,false,סטייק בורגר 400 גר'-,,,סטייק בורגר 400 גר'-,גרמים,400.00,100 גרם,false,,19.90,0.0497,true,1,738
7290000532400,false,ברביקיו חזה הודו זוג,,,ברביקיו חזה הודו זוג,קילוגרמים,1.00,"ק""ג",true,,80.00,80.0000,true,1,24727
7290000532585,false,רוסטביף 4% זוגלובק,,,רוסטביף 4% זוגלובק,קילוגרמים,1.00,"ק""ג",true,,120.00,120.0000,true,1,24728
7290000532721,false,כתף בקר מפולפל טורו,,,כתף בקר מפולפל טורו,קילוגרמים,1.00,"ק""ג",true,,109.00,109.0000,true,1,24729
7290000533353,false,זוגלובק בצק עלים 1קג,,,זוגלובק בצק עלים 1קג,אלף,1.00,"ק""ג",false,,13.90,13.9000,true,1,24749
7290000534718,false,תבור חזה מעושן ד.ש.,,,תבור חזה מעושן ד.ש.,קילוגרמים,1.00,"ק""ג",true,,80.00,80.0000,true,1,24732
7290000534800,false,פסטרמה רומנית 4% זוג,,,פסטרמה רומנית 4% זוג,קילוגרמים,1.00,"ק""ג",true,,80.00,80.0000,true,1,24733
7290000534824,false,חרמון 3% זוגלובק במש,,,חרמון 3% זוגלובק במש,קילוגרמים,1.00,"ק""ג",true,,53.00,53.0000,true,1,24734
7290000536316,false,"שניצל מן הצומח 1 ק""ג",,,"שניצל מן הצומח 1 ק""ג",אלף,1.00,"ק""ג",false,,23.90,23.9000,true,1,24750
7290000537566,false,נקניקיות עוף טרי 400,,,נקניקיות עוף טרי 400,גרמים,400.00,100 גרם,false,,11.50,0.0288,true,1,24753
7290000537603,false,"נקנקיות עוף 1 ק""ג -ז",,,"נקנקיות עוף 1 ק""ג -ז",אלף,1.00,"ק""ג",false,,24.90,24.9000,true,1,24754
7290000538709,false,תה מעושן 200 גרם,,,תה מעושן 200 גרם,גרמים,200.00,100 גרם,false,,14.90,0.0745,true,1,24755
7290000552194,false,קישקע קפוא 500 גרם,,,קישקע קפוא 500 גרם,גרמים,500.00,100 גרם,false,,12.90,0.0258,true,1,98829
7290000552569,false,סטייק בורגר 400 ג'-ט,,,סטייק בורגר 400 ג'-ט,גרמים,400.00,100 גרם,false,,16.90,0.0422,true,1,12059
7290000552989,false,בשר עגל טחון קפוא 50,,,בשר עגל טחון קפוא 50,גרמים,500.00,100 גרם,false,,21.90,0.0438,true,1,98843
7290000554402,false,גד מלבי 160מל.,,,גד מלבי 160מל.,מיליליטרים,160.00,"100 מ""ל",false,,5.90,0.0369,true,1,11066
7290000554457,false,גד צפתית מיני 5% 350,,,גד צפתית מיני 5% 350,גרמים,350.00,100 גרם,false,,19.90,0.0569,true,1,11067
7290000554471,false,גד מוצרלה נקניק טבעי,,,גד מוצרלה נקניק טבעי,גרמים,180.00,100 גרם,false,,15.90,0.0883,true,1,11068
7290000554532,false,גד צפתית מעודנת במלח,,,גד צפתית מעודנת במלח,גרמים,200.00,100 גרם,false,,14.90,0.0745,true,1,11069
7290000554600,false,גד מוצרלה מגורדת %18,,,גד מוצרלה מגורדת %18,גרמים,300.00,100 גרם,false,,24.90,0.0830,true,1,11070
7290000554624,false,גד ירח מתוק 150מל,,,גד ירח מתוק 150מל,גרמים,150.00,100 גרם,false,,5.90,0.0393,true,1,11071
7290000554686,false,גד לאבנה בשמן זית וז,,,גד לאבנה בשמן זית וז,גרמים,250.00,100 גרם,false,,13.90,0.0556,true,1,11072
7290000554822,false,גד ריקוטה טבעי 5% 25,,,גד ריקוטה טבעי 5% 25,גרמים,250.00,100 גרם,false,,14.50,0.0580,true,1,11073
7290000554839,false,גד מסקרפונה 40% 250ג,,,גד מסקרפונה 40% 250ג,גרמים,250.00,100 גרם,false,,20.50,0.0820,true,1,11074
7290000560295,false,אוסובוקו בקר פרוס אר,,,אוסובוקו בקר פרוס אר,קילוגרמים,1.00,"ק""ג",true,,59.90,59.9000,true,1,443814
7290000560533,false,ג'ל גילוח ירוק לעור,,,ג'ל גילוח ירוק לעור,מיליליטרים,200.00,"100 מ""ל",false,,12.90,0.0645,true,1,6550
7290000560540,false,ג'ל גילוח כתום לעור,,,ג'ל גילוח כתום לעור,מיליליטרים,200.00,"100 מ""ל",false,,12.90,0.0645,true,1,6551
7290000561141,false,מיקס אגוזים טבעי  15,,,מיקס אגוזים טבעי  15,גרמים,150.00,100 גרם,false,,14.90,0.0993,true,1,4305
7290000561202,false,גרעין חמניה קלוי 200,,,גרעין חמניה קלוי 200,גרמים,200.00,100 גרם,false,,6.90,0.0345,true,1,4308
7290000561561,false,פוסידון מנצ'יס 200ג,,,פוסידון מנצ'יס 200ג,גרמים,200.00,100 גרם,false,,9.90,0.0495,true,1,4320
7290000561714,false,צנובר 100 גרם,,,צנובר 100 גרם,גרמים,100.00,100 גרם,false,,24.90,0.2490,true,1,4323
7290000561981,false,אגוז מלך 200ג,,,אגוז מלך 200ג,גרמים,200.00,100 גרם,false,,19.90,0.0995,true,1,4326
7290000571109,false,פילה סלמון פרימיום ק,,,פילה סלמון פרימיום ק,קילוגרמים,1.00,"ק""ג",true,,64.90,64.9000,true,1,31569
7290000571119,false,גאודה טבעי המחלבה,,,גאודה טבעי המחלבה,קילוגרמים,1.00,"ק""ג",true,,103.00,103.0000,true,1,16619
7290000571126,false,גאודה כמון המחלבה,,,גאודה כמון המחלבה,קילוגרמים,1.00,"ק""ג",true,,104.00,104.0000,true,1,3037
7290000571188,false,גאודה תום עזים המחלב,,,גאודה תום עזים המחלב,קילוגרמים,1.00,"ק""ג",true,,135.00,135.0000,true,1,16620
7290000571294,false,גאודה מעושנת המחלבה,,,גאודה מעושנת המחלבה,קילוגרמים,1.00,"ק""ג",true,,101.00,101.0000,true,1,3020
7290000571386,false,יוגורמה דלי 5% 850 ג,,,יוגורמה דלי 5% 850 ג,גרמים,850.00,100 גרם,false,,26.90,0.0316,true,1,16758
7290000571393,false,יוגורמה יוגורט כבשים,,,יוגורמה יוגורט כבשים,גרמים,140.00,100 גרם,false,,6.50,0.0464,true,1,16759
7290000574028,false,לחם אחיד פרוס מועשר,,,לחם אחיד פרוס מועשר,גרמים,750.00,100 גרם,false,,8.90,0.0119,true,1,6046
7290000574035,false,לחם אחיד פרוס דגנית,,,לחם אחיד פרוס דגנית,גרמים,750.00,100 גרם,false,,7.11,0.0095,true,1,6047
7290000574066,false,לחם מלא עם שיפון דגנ,,,לחם מלא עם שיפון דגנ,אין,0.00,יחידה,false,,14.90,0.0000,true,1,6049
7290000574141,false,לחם חיטה מלאה דגנית,,,לחם חיטה מלאה דגנית,גרמים,750.00,100 גרם,false,,14.90,0.0199,true,1,6050
7290000574172,false,לחם קל חיטה מלאה דגנ,,,לחם קל חיטה מלאה דגנ,גרמים,750.00,100 גרם,false,,13.90,0.0185,true,1,6051
7290000574257,false,לחם שחור פרוס קל דגנ,,,לחם שחור פרוס קל דגנ,גרמים,750.00,100 גרם,false,,12.90,0.0172,true,1,6052
7290000574455,false,לחם חיטה מלא+כוסמין,,,לחם חיטה מלא+כוסמין,גרמים,750.00,100 גרם,false,,14.90,0.0199,true,1,6054
7290000574509,false,6 לחמניות חצויות דגנ,,,6 לחמניות חצויות דגנ,גרמים,450.00,100 גרם,false,,9.90,0.0220,true,1,6055
7290000578085,false,גבינת מוצרלה 21% ויל,,,גבינת מוצרלה 21% ויל,קילוגרמים,1.00,"ק""ג",true,,58.00,58.0000,true,1,5302
7290000578853,false,סיימן גבינת טרמנדס כ,,,סיימן גבינת טרמנדס כ,קילוגרמים,1.00,"ק""ג",true,,199.00,199.0000,true,1,77875
7290000578931,false,סולוגוני ראסטה 20% ו,,,סולוגוני ראסטה 20% ו,קילוגרמים,1.00,"ק""ג",true,,79.00,79.0000,true,1,5303
7290000596523,false,סטייק אנטריקוט משובח,,,סטייק אנטריקוט משובח,קילוגרמים,1.00,"ק""ג",true,,78.90,78.9000,true,1,11996
7290000604343,false,תמר דקל נור  400גר,,,תמר דקל נור  400גר,גרמים,400.00,100 גרם,false,,9.90,0.0248,true,1,26412
7290000610549,false,פילה מדומה 6 חלק אור,,,פילה מדומה 6 חלק אור,קילוגרמים,1.00,"ק""ג",true,,39.90,39.9000,true,1,299417
7290000611039,false,פילה סלמון נורבגי קפ,,,פילה סלמון נורבגי קפ,קילוגרמים,1.00,"ק""ג",true,,79.90,79.9000,true,1,68108
7290000611183,false,פילה סלמון נורבגי קפ,,,פילה סלמון נורבגי קפ,קילוגרמים,1.00,"ק""ג",true,,79.90,79.9000,true,1,81693
7290000611299,false,פילה נסיכת הנילוס 50,,,פילה נסיכת הנילוס 50,קילוגרמים,1.00,"ק""ג",true,,69.90,69.9000,true,1,420690
7290000614528,false,צלי כתף מס' 5 חלק אר,,,צלי כתף מס' 5 חלק אר,קילוגרמים,1.00,"ק""ג",true,,69.90,69.9000,true,1,196846
7290000614559,false,שריר הזרוע מס' 8 חלק,,,שריר הזרוע מס' 8 חלק,קילוגרמים,1.00,"ק""ג",true,,29.90,29.9000,true,1,196874
7290000616421,false,"סטייק טונה בד""ץ חתם",,,"סטייק טונה בד""ץ חתם",קילוגרמים,1.00,"ק""ג",true,,39.90,39.9000,true,1,31605
7290000628194,false,שריר הזרוע 8 חלק ברז,,,שריר הזרוע 8 חלק ברז,קילוגרמים,1.00,"ק""ג",true,,29.90,29.9000,true,1,156887
7290000632220,false,שריר הזרוע 8 מוכשר ב,,,שריר הזרוע 8 מוכשר ב,קילוגרמים,1.00,"ק""ג",true,,29.90,29.9000,true,1,31615
7290000644783,false,דגי תנובה נתחי פילה,,,דגי תנובה נתחי פילה,קילוגרמים,1.00,"ק""ג",true,,89.90,89.9000,true,1,17299
7290000646299,false,פילה נסיכה 100% דגי,,,פילה נסיכה 100% דגי,קילוגרמים,1.00,"ק""ג",true,,54.90,54.9000,true,1,87347
7290000652542,false,פילה אמנון 5-7 100%,,,פילה אמנון 5-7 100%,קילוגרמים,1.00,"ק""ג",true,,34.90,34.9000,true,1,17302
7290000654546,false,פילה אמנון 7-9 100%,,,פילה אמנון 7-9 100%,קילוגרמים,1.00,"ק""ג",true,,34.90,34.9000,true,1,17305
7290000655376,false,פילה דניס קפוא,,,פילה דניס קפוא,קילוגרמים,1.00,"ק""ג",true,,89.90,89.9000,true,1,87348
7290000658926,false,פילה מרלוזה קפוא 100,,,פילה מרלוזה קפוא 100,קילוגרמים,1.00,"ק""ג",true,,32.90,32.9000,true,1,87333
7290000659312,false,דגי תנובה פילה סלמון,,,דגי תנובה פילה סלמון,קילוגרמים,1.00,"ק""ג",true,,69.90,69.9000,true,1,17306
7290000663036,false,פילה אמנון ללא עור 1,,,פילה אמנון ללא עור 1,קילוגרמים,1.00,"ק""ג",true,,44.90,44.9000,true,1,87349
7290000663135,false,קוביות סלמון 300 גרם,,,קוביות סלמון 300 גרם,גרמים,300.00,100 גרם,false,,29.90,0.0997,true,1,114177
7290000663166,false,פילה הייק דרום אפריק,,,פילה הייק דרום אפריק,קילוגרמים,1.00,"ק""ג",true,,44.90,44.9000,true,1,114163
7290000679440,false,משחה לתינוק קמיל בלו,,,משחה לתינוק קמיל בלו,גרמים,100.00,100 גרם,false,,16.90,0.1690,true,1,18712
7290000680123,false,כנפיים עוף טרי ארוז,,,כנפיים עוף טרי ארוז,קילוגרמים,1.00,"ק""ג",true,,10.00,10.0000,true,1,30540
7290000680130,false,שוקיים עוף טרי ארוז,,,שוקיים עוף טרי ארוז,קילוגרמים,1.00,"ק""ג",true,,27.90,27.9000,true,1,3013
7290000680147,false,כרעיים עוף טרי ארוז,,,כרעיים עוף טרי ארוז,קילוגרמים,1.00,"ק""ג",true,,26.90,26.9000,true,1,3014
7290000680185,false,פילה עוף טרי ארוז,,,פילה עוף טרי ארוז,קילוגרמים,1.00,"ק""ג",true,,34.90,34.9000,true,1,3033
7290000680444,false,עוף שלם טרי ארוז,,,עוף שלם טרי ארוז,קילוגרמים,1.00,"ק""ג",true,,18.90,18.9000,true,1,3019
7290000680468,false,קורקבן עוף טרי ארוז,,,קורקבן עוף טרי ארוז,קילוגרמים,1.00,"ק""ג",true,,9.90,9.9000,true,1,30542
7290000681281,false,עוף טרי מחפוד ארוז-ק,,,עוף טרי מחפוד ארוז-ק,קילוגרמים,1.00,"ק""ג",true,,27.90,27.9000,true,1,30547
7290000681298,false,חזה עוף טרי מחפוד אר,,,חזה עוף טרי מחפוד אר,קילוגרמים,1.00,"ק""ג",true,,32.90,32.9000,true,1,30548
7290000681304,false,כרעיים עוף טרי מחפוד,,,כרעיים עוף טרי מחפוד,קילוגרמים,1.00,"ק""ג",true,,32.90,32.9000,true,1,30549
7290000681311,false,ירכיים עוף טרי מחפוד,,,ירכיים עוף טרי מחפוד,קילוגרמים,1.00,"ק""ג",true,,32.90,32.9000,true,1,30550
7290000681328,false,מחפוד שוקיים עוף טרי,,,מחפוד שוקיים עוף טרי,קילוגרמים,1.00,"ק""ג",true,,36.90,36.9000,true,1,30551
7290000681335,false,פרגיות עוף טרי מחפוד,,,פרגיות עוף טרי מחפוד,קילוגרמים,1.00,"ק""ג",true,,74.90,74.9000,true,1,30552
7290000681359,false,כבד עוף טרי ארוז מחפ,,,כבד עוף טרי ארוז מחפ,קילוגרמים,1.00,"ק""ג",true,,32.90,32.9000,true,1,30554
7290000681366,false,כנפיים עוף מחפוד ב-ק,,,כנפיים עוף מחפוד ב-ק,קילוגרמים,1.00,"ק""ג",true,,13.90,13.9000,true,1,30555
7290000681373,false,גרון עוף טרי מחפוד א,,,גרון עוף טרי מחפוד א,קילוגרמים,1.00,"ק""ג",true,,9.90,9.9000,true,1,30556
7290000681380,false,שניצל עוף טרי מחפוד,,,שניצל עוף טרי מחפוד,קילוגרמים,1.00,"ק""ג",true,,34.90,34.9000,true,1,30557
7290000684345,false,שלישיית פילטר,,,שלישיית פילטר,אין,0.00,יחידה,false,,120.00,0.0000,true,1,12451
7290000688084,false,מי עדן 1/2 ליטר ספור,,,מי עדן 1/2 ליטר ספור,מיליליטרים,500.00,"100 מ""ל",false,,2.90,0.0058,true,1,9580
7290000688374,false,"מי עדן בייבי 330 מ""ל",,,"מי עדן בייבי 330 מ""ל",ארגז,1.98,ליטר,false,,14.90,7.5253,true,1,9583
7290000688381,false,מי עדן פקק ספורט 6*5,,,מי עדן פקק ספורט 6*5,ארגז,3.00,ליטר,false,,13.90,4.6333,true,1,9584
7290000688466,false,מי עדן ג'ים 750מל,,,מי עדן ג'ים 750מל,מיליליטרים,750.00,"100 מ""ל",false,,2.90,0.0039,true,1,9586
7290000688503,false,מי עדן ג'ים 6*750מל,,,מי עדן ג'ים 6*750מל,ארגז,4.50,ליטר,false,,15.90,3.5333,true,1,9587
7290000692203,false,אג'קס ניקוי כללי ורצ,,,אג'קס ניקוי כללי ורצ,ארגז,2.00,ליטר,false,,22.90,11.4500,true,1,14492
7290000692210,false,אג'קס ניקוי כללי ורצ,,,אג'קס ניקוי כללי ורצ,ארגז,2.00,ליטר,false,,22.90,11.4500,true,1,14493
7290000692227,false,פלמוליב לכלים קלאסי-,,,פלמוליב לכלים קלאסי-,אין,0.00,יחידה,false,,13.90,0.0000,true,1,14494
7290000692456,false,אגקס חלונות זוג,,,אגקס חלונות זוג,ארגז,1.50,ליטר,false,,24.90,16.6000,true,1,14496
7290000704355,false,אננס טבעי ללא סוכר ל,,,אננס טבעי ללא סוכר ל,קילוגרמים,1.00,"ק""ג",true,,89.00,89.0000,true,1,311867
7290000707116,false,פטם שווארמה במגש קפו,,,פטם שווארמה במגש קפו,קילוגרמים,1.00,"ק""ג",true,,71.90,71.9000,true,1,449250
7290000707345,false,חזה עוף שלם טרי ארוז,,,חזה עוף שלם טרי ארוז,קילוגרמים,1.00,"ק""ג",true,,31.90,31.9000,true,1,12678
7290000707352,false,שניצל עוף טרי ארוז,,,שניצל עוף טרי ארוז,קילוגרמים,1.00,"ק""ג",true,,34.90,34.9000,true,1,12679
7290000707369,false,כרעיים עוף טרי ארוז,,,כרעיים עוף טרי ארוז,קילוגרמים,1.00,"ק""ג",true,,26.90,26.9000,true,1,12680
7290000707376,false,ירכיים עוף טרי ארוז,,,ירכיים עוף טרי ארוז,קילוגרמים,1.00,"ק""ג",true,,26.90,26.9000,true,1,12681
7290000707383,false,שוקיים עוף טרי ארוז,,,שוקיים עוף טרי ארוז,קילוגרמים,1.00,"ק""ג",true,,27.90,27.9000,true,1,12682
7290000707390,false,פרגית עוף טרי ארוז ש,,,פרגית עוף טרי ארוז ש,קילוגרמים,1.00,"ק""ג",true,,54.90,54.9000,true,1,12683
7290000707420,false,עוף שלם טרי ארוז,,,עוף שלם טרי ארוז,קילוגרמים,1.00,"ק""ג",true,,18.90,18.9000,true,1,12684
7290000707437,false,כנפיים עוף טרי ארוז,,,כנפיים עוף טרי ארוז,קילוגרמים,1.00,"ק""ג",true,,10.00,10.0000,true,1,12685
7290000707451,false,לבבות עוף טרי ארוז,,,לבבות עוף טרי ארוז,קילוגרמים,1.00,"ק""ג",true,,26.90,26.9000,true,1,12687
7290000707468,false,כבד עוף טרי ארוז,,,כבד עוף טרי ארוז,קילוגרמים,1.00,"ק""ג",true,,19.90,19.9000,true,1,12688
7290000707512,false,פטם חזה פרוס ארוז קפ,,,פטם חזה פרוס ארוז קפ,קילוגרמים,1.00,"ק""ג",true,,39.90,39.9000,true,1,449324
7290000707543,false,פילה עוף טרי ארוז,,,פילה עוף טרי ארוז,קילוגרמים,1.00,"ק""ג",true,,34.90,34.9000,true,1,12690
7290000708069,false,גרון הודו נקבה ארוז,,,גרון הודו נקבה ארוז,קילוגרמים,1.00,"ק""ג",true,,29.90,29.9000,true,1,12697
7290000708151,false,שניצל עוף טרי ארוז,,,שניצל עוף טרי ארוז,קילוגרמים,1.00,"ק""ג",true,,34.90,34.9000,true,1,12703
7290000728340,false,חזה למעשנה חלק טרי,,,חזה למעשנה חלק טרי,קילוגרמים,1.00,"ק""ג",true,,69.90,69.9000,true,1,67853
7290000728388,false,שורט ריב חלק טרי,,,שורט ריב חלק טרי,קילוגרמים,1.00,"ק""ג",true,,69.90,69.9000,true,1,67881
7290000728425,false,דנבר סטייק חלק טרי,,,דנבר סטייק חלק טרי,קילוגרמים,1.00,"ק""ג",true,,109.00,109.0000,true,1,67909
7290000728562,false,אונטריב חלק מחפוד טר,,,אונטריב חלק מחפוד טר,קילוגרמים,1.00,"ק""ג",true,,89.90,89.9000,true,1,67923
7290000728586,false,פילה עגלה חלק מחפוד,,,פילה עגלה חלק מחפוד,קילוגרמים,1.00,"ק""ג",true,,249.90,249.9000,true,1,67978
7290000739247,false,פסט. איטלקית זוגלובק,,,פסט. איטלקית זוגלובק,קילוגרמים,1.00,"ק""ג",true,,80.00,80.0000,true,1,24737
7290000740212,false,נקניקיות ג'מבו שקיל,,,נקניקיות ג'מבו שקיל,קילוגרמים,1.00,"ק""ג",true,,19.90,19.9000,true,1,24738
7290000803180,false,מי פה דנטלית מרידול,,,מי פה דנטלית מרידול,מיליליטרים,400.00,"100 מ""ל",false,,30.90,0.0772,true,1,14500
7290000835466,false,שריר הזרוע מס' 8 חלק,,,שריר הזרוע מס' 8 חלק,קילוגרמים,1.00,"ק""ג",true,,29.90,29.9000,true,1,271110
7290000835954,false,פילה אמנון 5-7 בוואק,,,פילה אמנון 5-7 בוואק,קילוגרמים,1.00,"ק""ג",true,,26.90,26.9000,true,1,31631
7290000835992,false,נסיכת הנילוס פילה פר,,,נסיכת הנילוס פילה פר,קילוגרמים,1.00,"ק""ג",true,,74.90,74.9000,true,1,31633
7290000900313,false,פסט. ספרדית ט.צבי מע,,,פסט. ספרדית ט.צבי מע,קילוגרמים,1.00,"ק""ג",true,,79.00,79.0000,true,1,16378
7290000907970,false,פסטרמה כפרית טירת צב,,,פסטרמה כפרית טירת צב,קילוגרמים,1.00,"ק""ג",true,,49.00,49.0000,true,1,16380
7290000910291,false,פלפל צ`ילי,,,פלפל צ`ילי,גרמים,100.00,100 גרם,false,,7.90,0.0790,true,1,28851
7290000913551,false,פסטרמה כפרית 400 גרם,,,פסטרמה כפרית 400 גרם,גרמים,400.00,100 גרם,false,,19.90,0.0497,true,1,16400
7290000934725,false,עצמות עגל כשר טרי,,,עצמות עגל כשר טרי,קילוגרמים,1.00,"ק""ג",true,,24.90,24.9000,true,1,4580
7290000956012,false,פטאקי 18% שומרון,,,פטאקי 18% שומרון,קילוגרמים,1.00,"ק""ג",true,,29.00,29.0000,true,1,11148
7290000977650,false,פיסטוק מקולף,,,פיסטוק מקולף,קילוגרמים,1.00,"ק""ג",true,,154.00,154.0000,true,1,20534
7290000978871,false,חמוציות ללא סוכר,,,חמוציות ללא סוכר,קילוגרמים,1.00,"ק""ג",true,,80.00,80.0000,true,1,20537
7290000982355,false,סיימן צ`דר טריפל למע,,,סיימן צ`דר טריפל למע,קילוגרמים,1.00,"ק""ג",true,,130.00,130.0000,true,1,3457
7290000982393,false,סיימן ברס בלו במשקל,,,סיימן ברס בלו במשקל,קילוגרמים,1.00,"ק""ג",true,,175.00,175.0000,true,1,12004
7290001041123,false,מיה שקד מולבן פרוס 1,,,מיה שקד מולבן פרוס 1,גרמים,100.00,100 גרם,false,,10.90,0.1090,true,1,11178
7290001041161,false,שעועית 1 ק'ג,,,שעועית 1 ק'ג,אלף,1.00,"ק""ג",false,,14.90,14.9000,true,1,11182
7290001041185,false,פופקורן 1 ק'ג,,,פופקורן 1 ק'ג,אלף,1.00,"ק""ג",false,,9.90,9.9000,true,1,11184
7290001041192,false,עדשים אדומות 1 ק'ג,,,עדשים אדומות 1 ק'ג,אלף,1.00,"ק""ג",false,,10.90,10.9000,true,1,11185
7290001041208,false,עדשים ירוקות 1 ק'ג,,,עדשים ירוקות 1 ק'ג,אלף,1.00,"ק""ג",false,,12.90,12.9000,true,1,11186
7290001041215,false,חיטה 1 ק'ג,,,חיטה 1 ק'ג,אלף,1.00,"ק""ג",false,,6.90,6.9000,true,1,11187
7290001041222,false,חומוס לבן ענק 1 ק'ג,,,חומוס לבן ענק 1 ק'ג,אלף,1.00,"ק""ג",false,,17.90,17.9000,true,1,11188
7290001041260,false,שומשום מיה 400 גרם,,,שומשום מיה 400 גרם,גרמים,400.00,100 גרם,false,,11.90,0.0298,true,1,11189
7290001041277,false,פרורי לחם 400 גרם,,,פרורי לחם 400 גרם,גרמים,400.00,100 גרם,false,,5.90,0.0148,true,1,11190
7290001041994,false,סוכר זהב דמררה צנצנת,,,סוכר זהב דמררה צנצנת,אלף,1.00,"ק""ג",false,,9.90,9.9000,true,1,11208
7290001045688,false,פרימור מיץ תפוזים 40,,,פרימור מיץ תפוזים 40,מיליליטרים,400.00,"100 מ""ל",false,,7.90,0.0197,true,1,15449
7290001121238,false,יחיעם קורנד ביף 180,,,יחיעם קורנד ביף 180,גרמים,180.00,100 גרם,false,,23.50,0.1306,true,1,11675
7290001121849,false,יחיעם פסטרמה הודו טב,,,יחיעם פסטרמה הודו טב,גרמים,250.00,100 גרם,false,,24.50,0.0980,true,1,11678
7290001121979,false,יחיעם סלמי הרץ 150ג,,,יחיעם סלמי הרץ 150ג,גרמים,150.00,100 גרם,false,,22.90,0.1527,true,1,11679
7290001123782,false,שווארמה הודו 500 גרם,,,שווארמה הודו 500 גרם,גרמים,500.00,100 גרם,false,,19.90,0.0398,true,1,12063
7290001136287,false,שמפו רגיל ירוק נקה 7,,,שמפו רגיל ירוק נקה 7,מיליליטרים,750.00,"100 מ""ל",false,,11.90,0.0159,true,1,19107
7290001136294,false,שמפו יבש אדום נקה 7,,,שמפו יבש אדום נקה 7,מיליליטרים,750.00,"100 מ""ל",false,,11.90,0.0159,true,1,19108
7290001136362,false,תחליב רחצה אלוורה ות,,,תחליב רחצה אלוורה ות,אין,0.00,יחידה,false,,13.90,0.0000,true,1,19110
7290001136683,false,מרכך רגיל ירוק נקה 7,,,מרכך רגיל ירוק נקה 7,מיליליטרים,750.00,"100 מ""ל",false,,11.90,0.0159,true,1,19111
7290001136799,false,תחליב רחצה ורד ויסמי,,,תחליב רחצה ורד ויסמי,אין,0.00,יחידה,false,,13.90,0.0000,true,1,19112
7290001136973,false,תחליב רחצה קמומיל נק,,,תחליב רחצה קמומיל נק,אין,0.00,יחידה,false,,13.90,0.0000,true,1,19113
7290001201589,false,12 ביצים L  מ.לסר,,,12 ביצים L  מ.לסר,אין,0.00,יחידה,false,,12.05,0.0000,true,1,10725
7290001201596,false,12 ביצים M  מ.לסר,,,12 ביצים M  מ.לסר,אין,0.00,יחידה,false,,11.15,0.0000,true,1,10726
7290001201602,false,18ביצים L  מ.לסר,,,18ביצים L  מ.לסר,אין,0.00,יחידה,false,,18.07,0.0000,true,1,183386
7290001201824,false,12 ביצים L  אורגני מ,,,12 ביצים L  אורגני מ,אין,0.00,יחידה,false,,21.90,0.0000,true,1,10732
7290001201855,false,12ביצים L  אומגה 3 מ,,,12ביצים L  אומגה 3 מ,אין,0.00,יחידה,false,,17.90,0.0000,true,1,10734
7290001201862,false,12 ביצים חופש L מ. ל,,,12 ביצים חופש L מ. ל,אין,0.00,יחידה,false,,17.90,0.0000,true,1,10735
7290001201893,false,12 ביצים M  אומגה 3,,,12 ביצים M  אומגה 3,אין,0.00,יחידה,false,,16.90,0.0000,true,1,10737
7290001216040,false,טחינה אל ארז 100% שו,,,טחינה אל ארז 100% שו,גרמים,500.00,100 גרם,false,,15.90,0.0318,true,1,22353
7290001216057,false,טחינה אל ארז 100% שו,,,טחינה אל ארז 100% שו,אלף,1.00,"ק""ג",false,,29.90,29.9000,true,1,22354
7290001216231,false,טחינה מלאה 100% שומש,,,טחינה מלאה 100% שומש,גרמים,500.00,100 גרם,false,,16.90,0.0338,true,1,22355
7290001230331,false,כאמל בוקס קופסא בודד,,,כאמל בוקס קופסא בודד,אין,0.00,יחידה,false,,32.00,0.0000,false,1,5772
7290001230739,false,כאמל קופסא בודדת כחו,,,כאמל קופסא בודדת כחו,אין,0.00,יחידה,false,,32.00,0.0000,false,1,5773
7290001231932,false,וינסטון קופסא בודדת,,,וינסטון קופסא בודדת,אין,0.00,יחידה,false,,32.00,0.0000,false,1,5777
7290001235938,false,וינסטון קופסא בודדת,,,וינסטון קופסא בודדת,אין,0.00,יחידה,false,,32.00,0.0000,false,1,5779
7290001245699,false,ג'ל אקונומיקה סמיכה,,,ג'ל אקונומיקה סמיכה,ארגז,4.00,ליטר,false,,12.50,3.1250,true,1,24216
7290001245705,false,אקונומיקה מבושמת 4 ל,,,אקונומיקה מבושמת 4 ל,ארגז,4.00,ליטר,false,,10.90,2.7250,true,1,24217
7290001245736,false,ג'ל כביסה כחול 3 ליט,,,ג'ל כביסה כחול 3 ליט,ארגז,1.00,ליטר,false,,17.90,17.9000,true,1,24220
7290001245798,false,נוזל כלים לימון 18%,,,נוזל כלים לימון 18%,ארגז,1.60,ליטר,false,,10.90,6.8125,true,1,24222
7290001245835,false,נוזל רצפות אורנים 4,,,נוזל רצפות אורנים 4,ארגז,4.00,ליטר,false,,12.90,3.2250,true,1,24224
7290001246061,false,מרכך פרימיום פנטזי 1,,,מרכך פרימיום פנטזי 1,ארגז,1.00,ליטר,false,,12.90,12.9000,true,1,24236
7290001246085,false,תרסיס מנקה חלונות 1,,,תרסיס מנקה חלונות 1,ארגז,1.00,ליטר,false,,5.90,5.9000,true,1,24238
7290001246108,false,תרסיס מסיר אבנית 750,,,תרסיס מסיר אבנית 750,מיליליטרים,750.00,"100 מ""ל",false,,12.90,0.0172,true,1,24240
7290001246122,false,תרסיס לניקוי כללי 75,,,תרסיס לניקוי כללי 75,מיליליטרים,750.00,"100 מ""ל",false,,12.90,0.0172,true,1,24242
7290001246290,false,תרסיס רסס נגב טאצ' 7,,,תרסיס רסס נגב טאצ' 7,מיליליטרים,750.00,"100 מ""ל",false,,12.90,0.0172,true,1,24245
7290001246528,false,מרכך כביסה מרוכז פרפ,,,מרכך כביסה מרוכז פרפ,ארגז,1.00,ליטר,false,,12.90,12.9000,true,1,24251
7290001246764,false,נוזל רצפות ספא מפנק,,,נוזל רצפות ספא מפנק,ארגז,2.00,ליטר,false,,17.90,8.9500,true,1,24254
7290001246979,false,אקופרנד - נוזל כלים,,,אקופרנד - נוזל כלים,ארגז,1.00,ליטר,false,,14.90,14.9000,true,1,2590
7290001247068,false,ספרינג תות בננה קרטו,,,ספרינג תות בננה קרטו,ארגז,1.00,ליטר,false,,6.90,6.9000,true,1,9599
7290001247082,false,ספרינג עגבניות קרטונ,,,ספרינג עגבניות קרטונ,ארגז,1.00,ליטר,false,,6.50,6.5000,true,1,9600
7290001247099,false,ספרינג מנגו קרטונית,,,ספרינג מנגו קרטונית,ארגז,1.00,ליטר,false,,6.90,6.9000,true,1,9601
7290001247105,false,ספרינג נקטר אפרסק 1ל,,,ספרינג נקטר אפרסק 1ל,ארגז,1.00,ליטר,false,,6.90,6.9000,true,1,9602
7290001247112,false,ספרינג לימונענע קרטו,,,ספרינג לימונענע קרטו,ארגז,1.00,ליטר,false,,6.90,6.9000,true,1,9603
7290001247129,false,ספרינג תפוז קרטונית,,,ספרינג תפוז קרטונית,ארגז,1.00,ליטר,false,,6.90,6.9000,true,1,9604
7290001247143,false,ספרינג תפוח קרטונית,,,ספרינג תפוח קרטונית,ארגז,1.00,ליטר,false,,6.90,6.9000,true,1,9605
7290001274583,false,גלידל בטעם שוקו פקאן,,,גלידל בטעם שוקו פקאן,גרמים,450.00,100 גרם,false,,21.90,0.0487,true,1,67255
7290001274934,false,פופסיקל בטעם לימון 8,,,פופסיקל בטעם לימון 8,גרמים,640.00,100 גרם,false,,24.90,0.0389,true,1,22862
7290001305058,false,סבון נוזלי חלב ודבש,,,סבון נוזלי חלב ודבש,מיליליטרים,500.00,"100 מ""ל",false,,15.90,0.0318,true,1,14502
7290001305188,false,פלמוליב לכלים פריחת,,,פלמוליב לכלים פריחת,מיליליטרים,750.00,"100 מ""ל",false,,11.90,0.0159,true,1,14503
7290001327180,false,קרמיסימו וניל ציפ 1.,,,קרמיסימו וניל ציפ 1.,ארגז,1.33,ליטר,false,,18.90,14.2105,true,1,5907
7290001407134,false,פרוסות חלבה שוקו וני,,,פרוסות חלבה שוקו וני,גרמים,350.00,100 גרם,false,,13.90,0.0397,true,1,1291
7290001407547,false,בארכה טחינה שומשום מ,,,בארכה טחינה שומשום מ,גרמים,500.00,100 גרם,false,,12.90,0.0258,true,1,13071
7290001407769,false,בארכה טחינה עם שומשו,,,בארכה טחינה עם שומשו,גרמים,500.00,100 גרם,false,,12.90,0.0258,true,1,13073
7290001407813,false,חלבה שאמית וניל עם פ,,,חלבה שאמית וניל עם פ,גרמים,350.00,100 גרם,false,,14.90,0.0426,true,1,1292
7290001407844,false,חלבה קלאסית וניל באר,,,חלבה קלאסית וניל באר,גרמים,350.00,100 גרם,false,,13.90,0.0397,true,1,1295
7290001415283,false,עוגת שמרים אגוזים 50,,,עוגת שמרים אגוזים 50,גרמים,400.00,100 גרם,false,,21.90,0.0547,true,1,5096
7290001419618,false,וופל עלמה בלגי שוקו,,,וופל עלמה בלגי שוקו,גרמים,200.00,100 גרם,false,,2.90,0.0145,true,1,25540
7290001419779,false,וופל עלמה קלאסי 200,,,וופל עלמה קלאסי 200,גרמים,200.00,100 גרם,false,,2.90,0.0145,true,1,25541
7290001419793,false,גביעים מגולגלים עלמה,,,גביעים מגולגלים עלמה,גרמים,120.00,100 גרם,false,,11.90,0.0992,true,1,25542
7290001459935,false,אפונה בלדי 800 גרם,,,אפונה בלדי 800 גרם,גרמים,800.00,100 גרם,false,,11.90,0.0149,true,1,436206
7290001459942,false,אפונה וקוביות גזר בל,,,אפונה וקוביות גזר בל,גרמים,800.00,100 גרם,false,,11.90,0.0149,true,1,436221
7290001461860,false,עשיריית פיתות פילסבר,,,עשיריית פיתות פילסבר,יח',1.00,יח',false,,12.90,12.9000,true,1,5104
7290001482094,false,וילי פוד פרמזן משולש,,,וילי פוד פרמזן משולש,גרמים,200.00,100 גרם,false,,17.90,0.0895,true,1,5308
7290001485019,false,טרה גבינת שמנת טבעי,,,טרה גבינת שמנת טבעי,גרמים,200.00,100 גרם,false,,10.90,0.0545,true,1,6903
7290001491010,false,תה ירוק עם יסמין T.T,,,תה ירוק עם יסמין T.T,גרמים,37.50,100 גרם,false,,23.90,0.6373,true,1,16092
7290001491096,false,תה ירוק בתוספת לימונ,,,תה ירוק בתוספת לימונ,גרמים,75.00,100 גרם,false,,45.90,0.6120,true,1,16093
7290001552025,false,קוסקוס 800גר,,,קוסקוס 800גר,גרמים,800.00,100 גרם,false,,14.90,0.0186,true,1,31667
7290001567555,false,פסטרמה מעודנת עם דבש,,,פסטרמה מעודנת עם דבש,גרמים,300.00,100 גרם,false,,19.90,0.0663,true,1,183387
7290001567708,false,נקניקיות עוף 400 גר`,,,נקניקיות עוף 400 גר`,גרמים,400.00,100 גרם,false,,9.90,0.0248,true,1,11680
7290001567760,false,פסטרמה של פעם 300 גר,,,פסטרמה של פעם 300 גר,גרמים,300.00,100 גרם,false,,24.50,0.0817,true,1,11681
7290001567814,false,סלמי מעושן בסגנון אי,,,סלמי מעושן בסגנון אי,גרמים,300.00,100 גרם,false,,19.90,0.0663,true,1,11683
7290001591703,false,קבב בקר אנגוס עגול ט,,,קבב בקר אנגוס עגול ט,גרמים,500.00,100 גרם,false,,22.90,0.0458,true,1,277114
7290001591710,false,המבורגר אנגוס טיבון,,,המבורגר אנגוס טיבון,גרמים,600.00,100 גרם,false,,22.90,0.0382,true,1,277115
7290001591734,false,נקניקיות מרגז בסגנון,,,נקניקיות מרגז בסגנון,גרמים,500.00,100 גרם,false,,22.90,0.0458,true,1,277117
7290001594025,false,קוקה קולה קלאסי 350,,,קוקה קולה קלאסי 350,מיליליטרים,350.00,"100 מ""ל",false,,6.90,0.0197,true,1,7242
7290001594032,false,קוקה קולה דיאט קלאסי,,,קוקה קולה דיאט קלאסי,מיליליטרים,350.00,"100 מ""ל",false,,6.90,0.0197,true,1,7243
7290001594155,false,קוקה קולה 500מל,,,קוקה קולה 500מל,מיליליטרים,500.00,"100 מ""ל",false,,6.90,0.0138,true,1,7250
7290001594179,false,פאנטה אורנג' 500 בקב,,,פאנטה אורנג' 500 בקב,מיליליטרים,500.00,"100 מ""ל",false,,6.90,0.0138,true,1,7252
7290001594377,false,פריגת משקה תפוזים 50,,,פריגת משקה תפוזים 50,מיליליטרים,500.00,"100 מ""ל",false,,6.50,0.0130,true,1,7259
7290001594810,false,מאלטי טובורג בקבוק 6,,,מאלטי טובורג בקבוק 6,ארגז,1.98,ליטר,false,,31.30,15.8081,true,1,7266
7290001594858,false,טובורג רד בקבוק פקדו,,,טובורג רד בקבוק פקדו,ארגז,1.98,ליטר,false,,43.90,22.1717,true,1,7267
7290001594865,false,קרלסברג בירה בקבוק 6,,,קרלסברג בירה בקבוק 6,ארגז,1.98,ליטר,false,,44.90,22.6768,true,1,7268
7290001670071,false,.סכום ח.פ.כפות 100יח,,,.סכום ח.פ.כפות 100יח,אין,0.00,יחידה,false,,12.90,0.0000,true,1,7766
7290001670255,false,כוסות שתיה חמה 50 יח,,,כוסות שתיה חמה 50 יח,יח',50.00,יח',false,,8.90,0.1780,true,1,215
7290001696736,false,פקאן סיני 100 גרם,,,פקאן סיני 100 גרם,גרמים,100.00,100 גרם,false,,17.90,0.1790,true,1,4331
7290001713150,false,אקונומיקה קצף ניקוי,,,אקונומיקה קצף ניקוי,ארגז,1.00,ליטר,false,,8.90,8.9000,true,1,13851
7290001713167,false,קצף לניקוי כלים סניט,,,קצף לניקוי כלים סניט,ארגז,1.00,ליטר,false,,8.90,8.9000,true,1,13852
7290001713242,false,"שקיות אשפה 25 י""ח 75",,,"שקיות אשפה 25 י""ח 75",אין,0.00,יחידה,false,,12.90,0.0000,true,1,283838
7290001791349,false,אקונומיקה ריחנית פסג,,,אקונומיקה ריחנית פסג,ארגז,4.00,ליטר,false,,11.90,2.9750,true,1,19116
7290001791776,false,סנו די רולאון עם אלו,,,סנו די רולאון עם אלו,מיליליטרים,50.00,"100 מ""ל",false,,19.90,0.3980,true,1,19119
7290001817728,false,ציטוס כאפה 55 גרם,,,ציטוס כאפה 55 גרם,גרמים,55.00,100 גרם,false,,3.50,0.0636,true,1,15892
7290001865439,false,סבון נוזלי וניל + מש,,,סבון נוזלי וניל + מש,אין,0.00,יחידה,false,,10.90,0.0000,true,1,6561
7290001865453,false,סבון נוזלי לבנדר+ מש,,,סבון נוזלי לבנדר+ מש,אין,0.00,יחידה,false,,10.90,0.0000,true,1,6562
7290001867600,false,"תפו""א בייבי  פרימיום",,,"תפו""א בייבי  פרימיום",קילוגרמים,1.00,"ק""ג",true,,6.90,6.9000,true,1,67202
7290001873489,false,קרפצ'יו בלאק אנגוס 1,,,קרפצ'יו בלאק אנגוס 1,גרמים,120.00,100 גרם,false,,14.90,0.1242,true,1,12072
7290001901656,false,צנצנת דגים 7 יח היימ,,,צנצנת דגים 7 יח היימ,גרמים,560.00,100 גרם,false,,10.90,0.0195,true,1,26313
7290001990094,false,סוכר חום בצנצנת קלאס,,,סוכר חום בצנצנת קלאס,אלף,1.00,"ק""ג",false,,13.90,13.9000,true,1,12303
7290001990117,false,שומשום 100 גרם,,,שומשום 100 גרם,גרמים,100.00,100 גרם,false,,3.90,0.0390,true,1,12304
7290001990148,false,סוכר גולדן קלאסי בצנ,,,סוכר גולדן קלאסי בצנ,אלף,1.00,"ק""ג",false,,12.90,12.9000,true,1,12305
7290001990261,false,"סוגת חומוס 1 ק""ג",,,"סוגת חומוס 1 ק""ג",אלף,1.00,"ק""ג",false,,12.90,12.9000,true,1,12306
7290001990278,false,סוגת שעועית לבנה 1 ק,,,סוגת שעועית לבנה 1 ק,אלף,1.00,"ק""ג",false,,18.90,18.9000,true,1,12307
7290001990391,false,"אפונה 1 ק""ג",,,"אפונה 1 ק""ג",אלף,1.00,"ק""ג",false,,11.90,11.9000,true,1,12308
7290001990407,false,עדשים ירוקים 1 קג,,,עדשים ירוקים 1 קג,אלף,1.00,"ק""ג",false,,14.90,14.9000,true,1,12309
7290001990414,false,סוגת עדשים אדומים 1,,,סוגת עדשים אדומים 1,אלף,1.00,"ק""ג",false,,14.90,14.9000,true,1,12310
7290001990421,false,"סוגת פופקורן 1 ק""ג",,,"סוגת פופקורן 1 ק""ג",אלף,1.00,"ק""ג",false,,9.90,9.9000,true,1,12311
7290002000143,false,קרם ידיים קלאסיק פנג,,,קרם ידיים קלאסיק פנג,מיליליטרים,100.00,"100 מ""ל",false,,6.90,0.0690,true,1,6567
7290002002857,false,נייר להסרת שיער מגע,,,נייר להסרת שיער מגע,אין,0.00,יחידה,false,,18.90,0.0000,true,1,6571
7290002007234,false,אבקת סוכר 100ג,,,אבקת סוכר 100ג,גרמים,100.00,100 גרם,false,,1.90,0.0190,true,1,7777
7290002007487,false,צמר פלדה 100 גר',,,צמר פלדה 100 גר',גרמים,100.00,100 גרם,false,,3.90,0.0390,true,1,7784
7290002007500,false,קיסמים חבית הנמל 500,,,קיסמים חבית הנמל 500,יח',500.00,יח',false,,3.90,0.0078,true,1,7785
7290002007975,false,צלחות קטן 50יח,,,צלחות קטן 50יח,אין,0.00,יחידה,false,,12.90,0.0000,true,1,7790
7290002007999,false,צלחות גדול 50יח הנמל,,,צלחות גדול 50יח הנמל,אין,0.00,יחידה,false,,15.90,0.0000,true,1,7792
7290002008187,false,קש לשתיה מתקפל 40יח,,,קש לשתיה מתקפל 40יח,אין,0.00,יחידה,false,,1.90,0.0000,true,1,7797
7290002008224,false,קישוט לעוגה גליד.,,,קישוט לעוגה גליד.,גרמים,60.00,100 גרם,false,,5.90,0.0983,true,1,7798
7290002008347,false,קורנפלור 500 גרם,,,קורנפלור 500 גרם,גרמים,500.00,100 גרם,false,,6.90,0.0138,true,1,7799
7290002008651,false,קמח תפוח אדמה הנמל 5,,,קמח תפוח אדמה הנמל 5,גרמים,500.00,100 גרם,false,,5.90,0.0118,true,1,48925
7290002008750,false,אבקת אפיה 10*10 גרם,,,אבקת אפיה 10*10 גרם,גרמים,100.00,100 גרם,false,,2.90,0.0290,true,1,7806
7290002026341,false,אריסטו קראנץ-ציפס בט,,,אריסטו קראנץ-ציפס בט,גרמים,500.00,100 גרם,false,,14.90,0.0298,true,1,10985
7290002026402,false,בראנץ אנד קראנץ בלינ,,,בראנץ אנד קראנץ בלינ,גרמים,350.00,100 גרם,false,,13.90,0.0397,true,1,10986
7290002026587,false,בראנץ אנד קראנץ וופל,,,בראנץ אנד קראנץ וופל,גרמים,28.00,100 גרם,false,,13.90,0.4964,true,1,10989
7290002026884,false,מאגדת צ'אנקי מיקס 40,,,מאגדת צ'אנקי מיקס 40,גרמים,400.00,100 גרם,false,,24.90,0.0622,true,1,118222
7290002026891,false,מאגדת קוקי מיקס 400,,,מאגדת קוקי מיקס 400,גרמים,400.00,100 גרם,false,,24.90,0.0622,true,1,10991
7290002026914,false,מאגדת קלאסיק מיקס 28,,,מאגדת קלאסיק מיקס 28,גרמים,288.00,100 גרם,false,,24.90,0.0865,true,1,60321
7290002043065,false,פריכוני אורז בציפוי,,,פריכוני אורז בציפוי,גרמים,70.00,100 גרם,false,,9.40,0.1343,true,1,3806
7290002043102,false,פריכיות 7 זרעי על אר,,,פריכיות 7 זרעי על אר,גרמים,200.00,100 גרם,false,,16.50,0.0825,true,1,3809
7290002043188,false,אקסטרא צ'יפס אורז חו,,,אקסטרא צ'יפס אורז חו,גרמים,60.00,100 גרם,false,,8.50,0.1417,true,1,63754
7290002043232,false,חטיף צ'יפס משפחתי בט,,,חטיף צ'יפס משפחתי בט,גרמים,120.00,100 גרם,false,,12.50,0.1042,true,1,275776
7290002043317,false,צ'יפס צ'ילי חריף אקס,,,צ'יפס צ'ילי חריף אקס,גרמים,25.00,100 גרם,false,,4.90,0.1960,true,1,3813
7290002043324,false,צ'יפס מלח ים אקסטרה,,,צ'יפס מלח ים אקסטרה,גרמים,25.00,100 גרם,false,,4.90,0.1960,true,1,3814
7290002043331,false,צ'יפס כוסמת אקסטרה 6,,,צ'יפס כוסמת אקסטרה 6,גרמים,60.00,100 גרם,false,,8.50,0.1417,true,1,47903
7290002043348,false,צ'יפס צ'יה וקינואה א,,,צ'יפס צ'יה וקינואה א,גרמים,60.00,100 גרם,false,,8.50,0.1417,true,1,38465
7290002043782,false,צ'יפס טקסס ברבקיו אק,,,צ'יפס טקסס ברבקיו אק,גרמים,60.00,100 גרם,false,,8.50,0.1417,true,1,3816
7290002043829,false,פריכיות מלח היהמלאיה,,,פריכיות מלח היהמלאיה,גרמים,200.00,100 גרם,false,,16.50,0.0825,true,1,3819
7290002053354,false,נודלס סיני אוריינט 3,,,נודלס סיני אוריינט 3,גרמים,300.00,100 גרם,false,,13.90,0.0463,true,1,5595
7290002053538,false,נודלס אוריינט 400 גר,,,נודלס אוריינט 400 גר,גרמים,500.00,100 גרם,false,,13.90,0.0278,true,1,5597
7290002057017,false,זיתים נובו ענק קבוצת,,,זיתים נובו ענק קבוצת,גרמים,560.00,100 גרם,false,,8.90,0.0159,true,1,32258
7290002057031,false,זיתים מבוקעים פיקנטי,,,זיתים מבוקעים פיקנטי,גרמים,560.00,100 גרם,false,,8.90,0.0159,true,1,32259
7290002057123,false,זיתים חרוזית ירוק קב,,,זיתים חרוזית ירוק קב,גרמים,275.00,100 גרם,false,,9.90,0.0360,true,1,32265
7290002057185,false,טבעות זיתים ירוקים ק,,,טבעות זיתים ירוקים ק,גרמים,540.00,100 גרם,false,,9.90,0.0183,true,1,32269
7290002057352,false,מלפפונים  במלח 7-9 ק,,,מלפפונים  במלח 7-9 ק,גרמים,560.00,100 גרם,false,,6.90,0.0123,true,1,32270
7290002057369,false,מלפפון במלח 10-12 קב,,,מלפפון במלח 10-12 קב,גרמים,560.00,100 גרם,false,,6.90,0.0123,true,1,32271
7290002057376,false,מלפפון במלח 13-17 קב,,,מלפפון במלח 13-17 קב,גרמים,560.00,100 גרם,false,,9.90,0.0177,true,1,32272
7290002057383,false,מלפפון 18-25במלח קבו,,,מלפפון 18-25במלח קבו,גרמים,560.00,100 גרם,false,,11.90,0.0213,true,1,32273
7290002057437,false,שיפקונית קבוצת יבנה,,,שיפקונית קבוצת יבנה,גרמים,560.00,100 גרם,false,,9.90,0.0177,true,1,38707
7290002057451,false,מלפפון בחומץ 7-9 קבו,,,מלפפון בחומץ 7-9 קבו,גרמים,560.00,100 גרם,false,,6.90,0.0123,true,1,32274
7290002057468,false,מלפפון בחומץ 10-12 ק,,,מלפפון בחומץ 10-12 ק,גרמים,560.00,100 גרם,false,,7.90,0.0141,true,1,32275
7290002057475,false,מלפפון בחומץ 13-17 ק,,,מלפפון בחומץ 13-17 ק,גרמים,560.00,100 גרם,false,,9.90,0.0177,true,1,32276
7290002057604,false,פלפל חריף שיפקה קבוצ,,,פלפל חריף שיפקה קבוצ,גרמים,560.00,100 גרם,false,,5.90,0.0105,true,1,32278
7290002057734,false,זיתים חרוזית מושחר ק,,,זיתים חרוזית מושחר ק,גרמים,560.00,100 גרם,false,,8.90,0.0159,true,1,3565
7290002065555,false,6 לחמניות רכות אנגל,,,6 לחמניות רכות אנגל,גרמים,450.00,100 גרם,false,,11.50,0.0256,true,1,22632
7290002065616,false,שיפון גרעינים אנגל 7,,,שיפון גרעינים אנגל 7,גרמים,750.00,100 גרם,false,,13.90,0.0185,true,1,22633
7290002065623,false,לחם שיפון כפרי אנגל,,,לחם שיפון כפרי אנגל,גרמים,750.00,100 גרם,false,,13.90,0.0185,true,1,22634
7290002077725,false,סלמון מעושן 100 ג,,,סלמון מעושן 100 ג,גרמים,100.00,100 גרם,false,,19.90,0.1990,true,1,12074
7290002079590,false,חלה רגילה 500 גרם,,,חלה רגילה 500 גרם,גרמים,500.00,100 גרם,false,,4.90,0.0098,true,1,26739
7290002105503,false,המבורגר טחון 500 גר,,,המבורגר טחון 500 גר,גרמים,500.00,100 גרם,false,,19.90,0.0398,true,1,29091
7290002105541,false,סטייק אנטריקוט 800 ג,,,סטייק אנטריקוט 800 ג,גרמים,800.00,100 גרם,false,,49.90,0.0624,true,1,29095
7290002105565,false,טחון הודו 500 גרם מח,,,טחון הודו 500 גרם מח,גרמים,500.00,100 גרם,false,,13.90,0.0278,true,1,29097
7290002105749,false,טחון בקר 100% בשר 1,,,טחון בקר 100% בשר 1,אלף,1.00,"ק""ג",false,,49.90,49.9000,true,1,29101
7290002107385,false,צוריאל גליל גבינת עי,,,צוריאל גליל גבינת עי,גרמים,180.00,100 גרם,false,,20.90,0.1161,true,1,6909
7290002107491,false,צוריאל גבינת עזים למ,,,צוריאל גבינת עזים למ,גרמים,250.00,100 גרם,false,,15.20,0.0608,true,1,6910
7290002107798,false,צוריאל בולגרית מעודנ,,,צוריאל בולגרית מעודנ,גרמים,250.00,100 גרם,false,,19.50,0.0780,true,1,6911
7290002107965,false,צוריאל טבורוג גבינה,,,צוריאל טבורוג גבינה,גרמים,500.00,100 גרם,false,,22.90,0.0458,true,1,6912
7290002109372,false,בורקס פילו אצבעות בו,,,בורקס פילו אצבעות בו,גרמים,700.00,100 גרם,false,,19.90,0.0284,true,1,12075
7290002109488,false,קבב אמיתי 100% 440 ג,,,קבב אמיתי 100% 440 ג,גרמים,440.00,100 גרם,false,,16.90,0.0384,true,1,12076
7290002111085,false,רוטב עגבניות 22% פרי,,,רוטב עגבניות 22% פרי,גרמים,100.00,100 גרם,false,,2.20,0.0220,true,1,8116
7290002111139,false,"רסק תפו""ע דיאט פרי מ",,,"רסק תפו""ע דיאט פרי מ",גרמים,560.00,100 גרם,false,,8.90,0.0159,true,1,8118
7290002111313,false,עגבניות קוביות פרי מ,,,עגבניות קוביות פרי מ,גרמים,800.00,100 גרם,false,,9.90,0.0124,true,1,8120
7290002111337,false,רוטב עגבניות 22% פרי,,,רוטב עגבניות 22% פרי,גרמים,240.00,100 גרם,false,,4.50,0.0188,true,1,2750
7290002111474,false,אפונת גדולה פרי מבור,,,אפונת גדולה פרי מבור,גרמים,335.00,100 גרם,false,,7.90,0.0236,true,1,8121
7290002111634,false,חומוס שלם פרי מבורך,,,חומוס שלם פרי מבורך,גרמים,550.00,100 גרם,false,,8.90,0.0162,true,1,8123
7290002111696,false,עגבניות מרוסקות פרי,,,עגבניות מרוסקות פרי,גרמים,800.00,100 גרם,false,,9.90,0.0124,true,1,8126
7290002111764,false,שעועית לבנה ברוטב עג,,,שעועית לבנה ברוטב עג,גרמים,580.00,100 גרם,false,,8.90,0.0153,true,1,8128
7290002111818,false,גרעיני תירס מתוק פרי,,,גרעיני תירס מתוק פרי,גרמים,246.00,100 גרם,false,,5.90,0.0240,true,1,8129
7290002111825,false,גרעיני תירס מתוק פרי,,,גרעיני תירס מתוק פרי,גרמים,335.00,100 גרם,false,,7.90,0.0236,true,1,8130
7290002129455,false,פיצה איטלקית   450 ג,,,פיצה איטלקית   450 ג,גרמים,450.00,100 גרם,false,,18.90,0.0420,true,1,12078
7290002130567,false,דבש טהור מפרחי בר בצ,,,דבש טהור מפרחי בר בצ,גרמים,350.00,100 גרם,false,,18.90,0.0540,true,1,14935
7290002130581,false,דבש טהור מפרחי בר בצ,,,דבש טהור מפרחי בר בצ,אלף,1.00,"ק""ג",false,,43.90,43.9000,true,1,14936
7290002157953,false,טונה בשמן קנולה וילי,,,טונה בשמן קנולה וילי,גרמים,560.00,100 גרם,false,,16.90,0.0302,true,1,12081
7290002190141,false,ריבת חלב קונדיטור 45,,,ריבת חלב קונדיטור 45,גרמים,450.00,100 גרם,false,,12.90,0.0287,true,1,16202
7290002190516,false,ממרח ריבת חלב קומידה,,,ממרח ריבת חלב קומידה,גרמים,500.00,100 גרם,false,,12.90,0.0258,true,1,16203
7290002195054,false,המבורגר בלדי 400ג,,,המבורגר בלדי 400ג,גרמים,400.00,100 גרם,false,,12.80,0.0320,true,1,22554
7290002204169,true,אגס נאשי מארז,,,אגס נאשי מארז,גרמים,500.00,100 גרם,false,,12.90,0.0258,true,1,441024
7290002232964,false,דגש ציפוי פז טחון דק,,,דגש ציפוי פז טחון דק,גרמים,500.00,100 גרם,false,,26.90,0.0538,true,1,2272
7290002253006,false,דורות שום כתוש טרי 2,,,דורות שום כתוש טרי 2,גרמים,200.00,100 גרם,false,,15.90,0.0795,true,1,13644
7290002253105,false,דורות מגשית קוביות ש,,,דורות מגשית קוביות ש,גרמים,80.00,100 גרם,false,,9.90,0.1238,true,1,13646
7290002253150,false,בזיליקום טרי קצוץ 70,,,בזיליקום טרי קצוץ 70,גרמים,70.00,100 גרם,false,,9.90,0.1414,true,1,13647
7290002253167,false,פטרוזליה טרייה קצוצה,,,פטרוזליה טרייה קצוצה,גרמים,70.00,100 גרם,false,,10.50,0.1500,true,1,13648
7290002253174,false,שמיר טרי קצוץ 70 גרם,,,שמיר טרי קצוץ 70 גרם,גרמים,70.00,100 גרם,false,,10.00,0.1429,true,1,107646
7290002253181,false,כוסברה טריה קצוצה 70,,,כוסברה טריה קצוצה 70,גרמים,70.00,100 גרם,false,,10.00,0.1429,true,1,13649
7290002253235,false,דורות רוטב פסטו 160,,,דורות רוטב פסטו 160,גרמים,160.00,100 גרם,false,,11.90,0.0744,true,1,13651
7290002253495,false,דורות תבל.לטחינה בית,,,דורות תבל.לטחינה בית,גרמים,70.00,100 גרם,false,,10.00,0.1429,true,1,107689
7290002255031,false,סיגרים במילוי בשר חט,,,סיגרים במילוי בשר חט,גרמים,800.00,100 גרם,false,,22.90,0.0286,true,1,31670
7290002255048,false,קובה למרק במילוי בשר,,,קובה למרק במילוי בשר,גרמים,800.00,100 גרם,false,,22.90,0.0286,true,1,31671
7290002255055,false,פלאפל חטיפי אלקיים 7,,,פלאפל חטיפי אלקיים 7,גרמים,700.00,100 גרם,false,,12.90,0.0184,true,1,31672
7290002255086,false,קובה ביתי במילוי בשר,,,קובה ביתי במילוי בשר,גרמים,700.00,100 גרם,false,,22.90,0.0327,true,1,31673
7290002255116,false,קרפלך במילוי בשר חטי,,,קרפלך במילוי בשר חטי,גרמים,800.00,100 גרם,false,,22.90,0.0286,true,1,31674
7290002255130,false,"סיגרים במילוי תפו""א",,,"סיגרים במילוי תפו""א",גרמים,800.00,100 גרם,false,,22.90,0.0286,true,1,31675
7290002255222,false,"פסטל במילוי תפו""א חט",,,"פסטל במילוי תפו""א חט",גרמים,800.00,100 גרם,false,,22.90,0.0286,true,1,31679
7290002255284,false,"קובה חמוסטה בד""צ חטי",,,"קובה חמוסטה בד""צ חטי",גרמים,800.00,100 גרם,false,,22.90,0.0286,true,1,31680
7290002255475,false,פסטלים במילוי בשר בד,,,פסטלים במילוי בשר בד,גרמים,800.00,100 גרם,false,,22.90,0.0286,true,1,31682
7290002255567,false,נקניקיות עטופות 700ג,,,נקניקיות עטופות 700ג,גרמים,700.00,100 גרם,false,,22.90,0.0327,true,1,31683
7290002259640,false,רדיד אלומיניום דאיימ,,,רדיד אלומיניום דאיימ,מטרים,7.60,מטר,false,,11.90,1.5658,true,1,5675
7290002263661,false,מיץ לימון 100% טבעי,,,מיץ לימון 100% טבעי,מיליליטרים,250.00,"100 מ""ל",false,,7.90,0.0316,true,1,3826
7290002278528,false,כריות ניקוי כלים לשב,,,כריות ניקוי כלים לשב,אין,0.00,יחידה,false,,7.90,0.0000,true,1,10595
7290002291046,false,בלדי המבורגר מסעדות,,,בלדי המבורגר מסעדות,גרמים,480.00,100 גרם,false,,22.90,0.0477,true,1,22558
7290002317081,false,זיתים נטולי גלעין 20,,,זיתים נטולי גלעין 20,גרמים,670.00,100 גרם,false,,10.90,0.0163,true,1,15970
7290002317128,false,מלפפון במלח 10-12 מו,,,מלפפון במלח 10-12 מו,גרמים,560.00,100 גרם,false,,10.90,0.0195,true,1,15971
7290002317135,false,מלפפון במלח 13-17 מו,,,מלפפון במלח 13-17 מו,גרמים,560.00,100 גרם,false,,10.90,0.0195,true,1,15972
7290002317166,false,מלפפון בחומץ 10-12 מ,,,מלפפון בחומץ 10-12 מ,גרמים,560.00,100 גרם,false,,10.90,0.0195,true,1,15974
7290002317265,false,מלפפון במלח 20% 7-9,,,מלפפון במלח 20% 7-9,גרמים,670.00,100 גרם,false,,9.90,0.0148,true,1,15981
7290002317289,false,חצילים מוטולה 560 גר,,,חצילים מוטולה 560 גר,גרמים,560.00,100 גרם,false,,9.90,0.0177,true,1,15982
7290002317296,false,פלפל שיפקה + 20% מוט,,,פלפל שיפקה + 20% מוט,גרמים,550.00,100 גרם,false,,9.90,0.0180,true,1,15983
7290002317319,false,מלפפון בחומץ 7-9 20%,,,מלפפון בחומץ 7-9 20%,גרמים,670.00,100 גרם,false,,9.90,0.0148,true,1,15985
7290002317326,false,זיתים מנזלינו 20% 12,,,זיתים מנזלינו 20% 12,גרמים,670.00,100 גרם,false,,9.90,0.0148,true,1,15986
7290002317388,false,צנצנת ירקות בתיבול מ,,,צנצנת ירקות בתיבול מ,קילוגרמים,1.65,"100 ק""ג",false,,29.90,18.1212,true,1,357261
7290002317579,false,טבעות זיתים ירוקים מ,,,טבעות זיתים ירוקים מ,גרמים,560.00,100 גרם,false,,10.90,0.0195,true,1,15997
7290002317609,false,כרוב כבוש מוטולה 560,,,כרוב כבוש מוטולה 560,גרמים,560.00,100 גרם,false,,6.90,0.0123,true,1,15998
7290002317661,false,זיתים מנזלינו גדול מ,,,זיתים מנזלינו גדול מ,גרמים,560.00,100 גרם,false,,10.90,0.0195,true,1,357169
7290002317678,false,זיתים נטולי גלעין צנ,,,זיתים נטולי גלעין צנ,גרמים,560.00,100 גרם,false,,10.90,0.0195,true,1,16001
7290002317753,false,טבעות זיתים ירוקים ב,,,טבעות זיתים ירוקים ב,גרמים,560.00,100 גרם,false,,10.90,0.0195,true,1,16002
7290002319016,false,אבקת אפיה 10 יח' מיה,,,אבקת אפיה 10 יח' מיה,גרמים,100.00,100 גרם,false,,1.90,0.0190,true,1,11209
7290002319023,false,1/10 סוכר וניל,,,1/10 סוכר וניל,גרמים,100.00,100 גרם,false,,1.90,0.0190,true,1,11210
7290002319054,false,פרג טחון 100ג,,,פרג טחון 100ג,גרמים,100.00,100 גרם,false,,4.90,0.0490,true,1,11213
7290002319061,false,.קוקוס טחון 100 גר.,,,.קוקוס טחון 100 גר.,גרמים,100.00,100 גרם,false,,3.90,0.0390,true,1,11214
7290002319078,false,שומשום 100ג,,,שומשום 100ג,גרמים,100.00,100 גרם,false,,3.90,0.0390,true,1,11215
7290002319092,false,קמח תפוחי אדמה מיה 5,,,קמח תפוחי אדמה מיה 5,גרמים,500.00,100 גרם,false,,5.00,0.0100,true,1,11217
7290002319115,false,חומוס גדול מיה 500 ג,,,חומוס גדול מיה 500 ג,גרמים,500.00,100 גרם,false,,8.90,0.0178,true,1,11218
7290002319122,false,גריסים מיה 500 גרם,,,גריסים מיה 500 גרם,גרמים,500.00,100 גרם,false,,4.90,0.0098,true,1,11219
7290002319139,false,שעועית מיה 500 גרם,,,שעועית מיה 500 גרם,גרמים,500.00,100 גרם,false,,7.90,0.0158,true,1,11220
7290002319146,false,שעועית אדומה מיה 500,,,שעועית אדומה מיה 500,גרמים,500.00,100 גרם,false,,8.90,0.0178,true,1,11221
7290002319160,false,אפונה יבשה מיה 500 ג,,,אפונה יבשה מיה 500 ג,גרמים,500.00,100 גרם,false,,4.90,0.0098,true,1,11222
7290002319177,false,פופקורן מיה 500 גרם,,,פופקורן מיה 500 גרם,גרמים,500.00,100 גרם,false,,5.90,0.0118,true,1,11223
7290002319184,false,עדשים אדומים מיה 500,,,עדשים אדומים מיה 500,גרמים,500.00,100 גרם,false,,8.90,0.0178,true,1,11224
7290002319191,false,עדשים ירוקים מיה 500,,,עדשים ירוקים מיה 500,גרמים,500.00,100 גרם,false,,6.90,0.0138,true,1,11225
7290002319207,false,כוסמת מיה 500 גרם,,,כוסמת מיה 500 גרם,גרמים,500.00,100 גרם,false,,7.90,0.0158,true,1,11226
7290002319221,false,חיטה מיה 500 גרם,,,חיטה מיה 500 גרם,גרמים,500.00,100 גרם,false,,5.50,0.0110,true,1,11228
7290002319528,false,קמח מצה מיה 200 גרם,,,קמח מצה מיה 200 גרם,גרמים,200.00,100 גרם,false,,2.90,0.0145,true,1,11242
7290002319610,false,שקדים טחונים 100 גרם,,,שקדים טחונים 100 גרם,גרמים,100.00,100 גרם,false,,10.90,0.1090,true,1,11246
7290002319740,false,אגוז טחון 100 גרם,,,אגוז טחון 100 גרם,גרמים,100.00,100 גרם,false,,10.90,0.1090,true,1,11255
7290002319771,false,תמצית אפיה וניל,,,תמצית אפיה וניל,מיליליטרים,50.00,"100 מ""ל",false,,2.90,0.0580,true,1,11257
7290002319788,false,תמצית אפיה רום,,,תמצית אפיה רום,מיליליטרים,60.00,"100 מ""ל",false,,2.90,0.0483,true,1,11258
7290002327042,false,"בורקס תפו""א 800 ג",,,"בורקס תפו""א 800 ג",גרמים,800.00,100 גרם,false,,19.90,0.0249,true,1,12087
7290002327059,false,בצק עלים 1 ק`ג,,,בצק עלים 1 ק`ג,אלף,1.00,"ק""ג",false,,19.90,19.9000,true,1,12088
7290002327073,false,בורקס גבינה 800 גרם,,,בורקס גבינה 800 גרם,גרמים,800.00,100 גרם,false,,19.90,0.0249,true,1,12090
7290002329626,false,עוגת שיש עוגל'ה 350,,,עוגת שיש עוגל'ה 350,גרמים,350.00,100 גרם,false,,5.90,0.0169,true,1,4600
7290002331025,false,נביעות 1/2 ליטר ספור,,,נביעות 1/2 ליטר ספור,מיליליטרים,500.00,"100 מ""ל",false,,3.90,0.0078,true,1,7276
7290002331322,false,מי נביעות שישייה 1.5,,,מי נביעות שישייה 1.5,ארגז,9.00,ליטר,false,,10.90,1.2111,true,1,7286
7290002331360,false,נביעות TO GO שישייה,,,נביעות TO GO שישייה,ארגז,3.00,ליטר,false,,13.90,4.6333,true,1,7287
7290002331421,false,נביעות 6*755מל,,,נביעות 6*755מל,ארגז,4.53,ליטר,false,,17.90,3.9514,true,1,7288
7290002344032,false,סחבות מיקרופייבר  מא,,,סחבות מיקרופייבר  מא,אין,0.00,יחידה,false,,12.90,0.0000,true,1,400110
7290002344056,false,מטליות מיקרופייבר  מ,,,מטליות מיקרופייבר  מ,אין,0.00,יחידה,false,,12.90,0.0000,true,1,400095
7290002345022,false,אנטריקוט  דקדק 250 ג,,,אנטריקוט  דקדק 250 ג,גרמים,250.00,100 גרם,false,,15.90,0.0636,true,1,12095
7290002348238,false,לפתן אננס חתוך ויליג,,,לפתן אננס חתוך ויליג,גרמים,830.00,100 גרם,false,,6.90,0.0083,true,1,12099
7290002353836,false,סרדינים רוברט בשמן ז,,,סרדינים רוברט בשמן ז,גרמים,120.00,100 גרם,false,,8.90,0.0742,true,1,127190
7290002360155,false,פומפדור חליטת שומר 2,,,פומפדור חליטת שומר 2,גרמים,40.00,100 גרם,false,,15.90,0.3975,true,1,116102
7290002360285,false,פומפדור חליטת קמומיל,,,פומפדור חליטת קמומיל,גרמים,30.00,100 גרם,false,,15.90,0.5300,true,1,14505
7290002371533,false,טירת צבי סלסולי פסטר,,,טירת צבי סלסולי פסטר,גרמים,120.00,100 גרם,false,,13.90,0.1158,true,1,16402
7290002371540,false,טירת צבי קורנדביף דק,,,טירת צבי קורנדביף דק,גרמים,120.00,100 גרם,false,,13.90,0.1158,true,1,16403
7290002371854,false,נקניקיות עוף מתובלות,,,נקניקיות עוף מתובלות,אלף,1.00,"ק""ג",false,,24.90,24.9000,true,1,16405
7290002371939,false,טירת צבי סרוולד צרפת,,,טירת צבי סרוולד צרפת,גרמים,120.00,100 גרם,false,,27.00,0.2250,true,1,16406
7290002374268,false,שמן חמניות מילומור 1,,,שמן חמניות מילומור 1,ארגז,1.00,ליטר,false,,9.90,9.9000,true,1,222228
7290002374312,false,שמן קנולה מילומור 1,,,שמן קנולה מילומור 1,ארגז,1.00,ליטר,false,,11.90,11.9000,true,1,18821
7290002374640,false,שמן קנולה פלוס אומגה,,,שמן קנולה פלוס אומגה,ארגז,1.00,ליטר,false,,16.90,16.9000,true,1,18822
7290002404576,false,"מוריה לייט 750 מ""ל",,,"מוריה לייט 750 מ""ל",מיליליטרים,750.00,"100 מ""ל",false,,16.90,0.0225,true,1,9854
7290002404620,false,יין וירטואוז מרלו 75,,,יין וירטואוז מרלו 75,מיליליטרים,750.00,"100 מ""ל",false,,45.90,0.0612,true,1,9859
7290002404828,false,תירוש ארזה 1 ליטר,,,תירוש ארזה 1 ליטר,ארגז,1.00,ליטר,false,,15.90,15.9000,true,1,110792
7290002407348,false,שמן זית כתית מעולה ג,,,שמן זית כתית מעולה ג,מיליליטרים,750.00,"100 מ""ל",false,,29.90,0.0399,true,1,195952
7290002407454,false,שמן זית כתית מעולה ס,,,שמן זית כתית מעולה ס,מיליליטרים,750.00,"100 מ""ל",false,,39.90,0.0532,true,1,195443
7290002410829,false,קבב מרוקאי 800 גרם,,,קבב מרוקאי 800 גרם,גרמים,800.00,100 גרם,false,,45.90,0.0574,true,1,12108
7290002461562,false,נקניקיות מיני מרגז 5,,,נקניקיות מיני מרגז 5,גרמים,500.00,100 גרם,false,,24.90,0.0498,true,1,12111
7290002507277,false,קציצות דג 700גר,,,קציצות דג 700גר,גרמים,700.00,100 גרם,false,,23.90,0.0341,true,1,12116
7290002512004,false,צנעני מלווח 900 גרם,,,צנעני מלווח 900 גרם,גרמים,900.00,100 גרם,false,,19.90,0.0221,true,1,31687
7290002512011,false,צנעני גחנון 900 גרם,,,צנעני גחנון 900 גרם,גרמים,900.00,100 גרם,false,,19.90,0.0221,true,1,31688
7290002512035,false,בצק עלים 1קג צנעני,,,בצק עלים 1קג צנעני,אלף,1.00,"ק""ג",false,,13.90,13.9000,true,1,31689
7290002512257,false,מלווח מופחת שומן 700,,,מלווח מופחת שומן 700,גרמים,700.00,100 גרם,false,,17.90,0.0256,true,1,31690
7290002512264,false,ג'חנון מופחת שומן 70,,,ג'חנון מופחת שומן 70,גרמים,700.00,100 גרם,false,,14.90,0.0213,true,1,31691
7290002515364,false,קמיל בלו אל סבון 500,,,קמיל בלו אל סבון 500,מיליליטרים,500.00,"100 מ""ל",false,,13.90,0.0278,true,1,18715
7290002515371,false,קמיל בלו משפחתי 1 לי,,,קמיל בלו משפחתי 1 לי,ארגז,1.00,ליטר,false,,26.90,26.9000,true,1,18716
7290002517283,false,טעם וריח פלפל שחור ג,,,טעם וריח פלפל שחור ג,גרמים,40.00,100 גרם,false,,6.80,0.1700,true,1,26175
7290002517337,false,תבלין אורגנו בשקית ט,,,תבלין אורגנו בשקית ט,גרמים,20.00,100 גרם,false,,6.80,0.3400,true,1,26176
7290002517375,false,תבלין בזיליקום בשקית,,,תבלין בזיליקום בשקית,גרמים,30.00,100 גרם,false,,6.80,0.2267,true,1,26177
7290002517566,false,תערובת תיבול לדג טעם,,,תערובת תיבול לדג טעם,גרמים,80.00,100 גרם,false,,10.50,0.1313,true,1,241900
7290002517726,false,תבלין מקל קינמון טעם,,,תבלין מקל קינמון טעם,גרמים,15.00,100 גרם,false,,7.40,0.4933,true,1,241829
7290002542506,false,קורונה בירה בקבוק 35,,,קורונה בירה בקבוק 35,מיליליטרים,355.00,"100 מ""ל",false,,6.90,0.0194,true,1,18975
7290002542780,false,סטלה ארטואה בקבוק 6*,,,סטלה ארטואה בקבוק 6*,ארגז,1.98,ליטר,false,,35.90,18.1313,true,1,89638
7290002542841,false,בירה לף בלונד -שישיה,,,בירה לף בלונד -שישיה,ארגז,1.98,ליטר,false,,49.90,25.2020,true,1,115481
7290002542865,false,בירה הוגרדן -שישיה *,,,בירה הוגרדן -שישיה *,ארגז,1.98,ליטר,false,,49.90,25.2020,true,1,115482
7290002543046,false,פרוסטיס דגני קלוגס 7,,,פרוסטיס דגני קלוגס 7,גרמים,750.00,100 גרם,false,,15.90,0.0212,true,1,6377
7290002543237,false,קורנפלקס קלוגס 750 ג,,,קורנפלקס קלוגס 750 ג,גרמים,750.00,100 גרם,false,,14.90,0.0199,true,1,6379
7290002603504,false,פיצת השף מאיטליה CHE,,,פיצת השף מאיטליה CHE,גרמים,200.00,100 גרם,false,,16.90,0.0845,true,1,12123
7290002628293,false,טחון עוף קפוא 500 גר,,,טחון עוף קפוא 500 גר,גרמים,500.00,100 גרם,false,,9.90,0.0198,true,1,22559
7290002651116,false,"גחנון חמסי 1 ק""ג",,,"גחנון חמסי 1 ק""ג",אלף,1.00,"ק""ג",false,,15.90,15.9000,true,1,12126
7290002651123,false,"מלווח חמסי 1 ק""ג",,,"מלווח חמסי 1 ק""ג",אלף,1.00,"ק""ג",false,,15.90,15.9000,true,1,12127
7290002651253,false,ג'חנון אפוי חמסי  60,,,ג'חנון אפוי חמסי  60,גרמים,600.00,100 גרם,false,,15.90,0.0265,true,1,12128
7290002661023,false,לחם אחיד ברמן 750 גר,,,לחם אחיד ברמן 750 גר,גרמים,750.00,100 גרם,false,,4.90,0.0065,true,1,26748
7290002692393,false,שמן קנולה מועשר עץ ה,,,שמן קנולה מועשר עץ ה,ארגז,1.00,ליטר,false,,15.90,15.9000,true,1,18824
7290002692478,false,שמן זית כתית מעולה מ,,,שמן זית כתית מעולה מ,מיליליטרים,750.00,"100 מ""ל",false,,33.90,0.0452,true,1,2970
7290002692768,false,תרסיס שמן קנולה עץ ה,,,תרסיס שמן קנולה עץ ה,מיליליטרים,200.00,"100 מ""ל",false,,15.90,0.0795,true,1,18827
7290002692775,false,תרסיס שמן קנולה בטעם,,,תרסיס שמן קנולה בטעם,מיליליטרים,200.00,"100 מ""ל",false,,15.90,0.0795,true,1,18828
7290002692782,false,תרסיס שמן זית עץ הזי,,,תרסיס שמן זית עץ הזי,מיליליטרים,200.00,"100 מ""ל",false,,15.90,0.0795,true,1,18829
7290002703068,false,צנצנת דבש עין חרוד 1,,,צנצנת דבש עין חרוד 1,אלף,1.00,"ק""ג",false,,41.90,41.9000,true,1,29277
7290002703310,false,צנצנת דבש עין חרוד 5,,,צנצנת דבש עין חרוד 5,גרמים,500.00,100 גרם,false,,21.90,0.0438,true,1,29278
7290002703358,false,צנצנת דבש עין חרוד 3,,,צנצנת דבש עין חרוד 3,גרמים,350.00,100 גרם,false,,16.50,0.0471,true,1,29279
7290002703402,false,דבש עין חרוד 400 גרם,,,דבש עין חרוד 400 גרם,גרמים,400.00,100 גרם,false,,19.90,0.0497,true,1,29280
7290002703426,false,דבש לחיץ מכוורת 250,,,דבש לחיץ מכוורת 250,גרמים,250.00,100 גרם,false,,12.90,0.0516,true,1,29281
7290002703617,false,סילאן 100% טבעי לחיץ,,,סילאן 100% טבעי לחיץ,גרמים,385.00,100 גרם,false,,12.90,0.0335,true,1,29282
7290002703655,false,סילאן 100% טבעי עין,,,סילאן 100% טבעי עין,גרמים,385.00,100 גרם,false,,12.90,0.0335,true,1,29283
7290002703679,false,סילאן 100% טבעי עין,,,סילאן 100% טבעי עין,גרמים,900.00,100 גרם,false,,18.90,0.0210,true,1,29285
7290002730262,false,פלמוליב לכלים קלאסי,,,פלמוליב לכלים קלאסי,מיליליטרים,750.00,"100 מ""ל",false,,11.90,0.0159,true,1,14506
7290002730675,false,משחת שיניים משפחתי ק,,,משחת שיניים משפחתי ק,מיליליטרים,100.00,"100 מ""ל",false,,10.90,0.1090,true,1,14510
7290002730811,false,משחת שיניים גל משפחת,,,משחת שיניים גל משפחת,מיליליטרים,100.00,"100 מ""ל",false,,13.10,0.1310,true,1,14511
7290002730941,false,צמר גפן פרוס בלונס 1,,,צמר גפן פרוס בלונס 1,גרמים,100.00,100 גרם,false,,5.90,0.0590,true,1,14513
7290002730958,false,סבון מוצק ירוק זית פ,,,סבון מוצק ירוק זית פ,גרמים,400.00,100 גרם,false,,16.90,0.0422,true,1,14514
7290002735007,false,"בצק עלים 1 ק""ג",,,"בצק עלים 1 ק""ג",אלף,1.00,"ק""ג",false,,13.80,13.8000,true,1,2476
7290002735014,false,ינון מלווח ארוז 800,,,ינון מלווח ארוז 800,גרמים,800.00,100 גרם,false,,12.80,0.0160,true,1,2477
7290002735021,false,ינון גחנון ארוז 750,,,ינון גחנון ארוז 750,גרמים,750.00,100 גרם,false,,11.90,0.0159,true,1,2478
7290002735113,false,בורקס גבינה ינון 800,,,בורקס גבינה ינון 800,גרמים,800.00,100 גרם,false,,15.80,0.0198,true,1,2479
7290002735120,false,"בורקס תפו""א ינון 800",,,"בורקס תפו""א ינון 800",גרמים,800.00,100 גרם,false,,13.80,0.0173,true,1,2480
7290002735274,false,ינון גחנון אפוי 600,,,ינון גחנון אפוי 600,גרמים,600.00,100 גרם,false,,14.80,0.0247,true,1,2481
7290002753223,false,טיק טק תפוז 4/1,,,טיק טק תפוז 4/1,גרמים,64.00,100 גרם,false,,9.90,0.1547,true,1,25659
7290002757139,false,שלושת האופים מלוואח,,,שלושת האופים מלוואח,גרמים,700.00,100 גרם,false,,12.90,0.0184,true,1,12135
7290002757511,false,דלידג קציצות דג לביש,,,דלידג קציצות דג לביש,גרמים,750.00,100 גרם,false,,30.90,0.0412,true,1,12136
7290002757535,false,בורקס פילו אצבעות גב,,,בורקס פילו אצבעות גב,גרמים,700.00,100 גרם,false,,19.90,0.0284,true,1,12137
7290002757665,false,קבב מזרחי 400 גרם,,,קבב מזרחי 400 גרם,גרמים,400.00,100 גרם,false,,9.80,0.0245,true,1,12139
7290002768043,false,מי פה ענק תיאדנט 150,,,מי פה ענק תיאדנט 150,מיליליטרים,150.00,"100 מ""ל",false,,15.90,0.1060,true,1,19123
7290002768074,false,סבון נוזלי דרמופון 1,,,סבון נוזלי דרמופון 1,אין,0.00,יחידה,false,,16.90,0.0000,true,1,19124
7290002768159,false,קצף אמבט בת אורן 500,,,קצף אמבט בת אורן 500,מיליליטרים,500.00,"100 מ""ל",false,,16.90,0.0338,true,1,19125
7290002787884,false,שלושת האופים מקלות פ,,,שלושת האופים מקלות פ,גרמים,600.00,100 גרם,false,,19.90,0.0332,true,1,12144
7290002787891,false,שלושת האופים מקלות ב,,,שלושת האופים מקלות ב,גרמים,600.00,100 גרם,false,,19.90,0.0332,true,1,12145
7290002793304,false,מיכל גז באריזה,,,מיכל גז באריזה,אין,0.00,יחידה,false,,109.00,0.0000,true,1,12452
7290002793311,false,מילוי למכשיר 50,,,מילוי למכשיר 50,אין,0.00,יחידה,false,,60.00,0.0000,true,1,12453
7290002805151,false,סיף פנטסטיק לרצפות ב,,,סיף פנטסטיק לרצפות ב,ארגז,4.00,ליטר,false,,24.90,6.2250,true,1,9056
7290002814054,false,אנטרקטיק במתז 1 ליטר,,,אנטרקטיק במתז 1 ליטר,ארגז,1.00,ליטר,false,,8.90,8.9000,true,1,13860
7290002814160,false,מסיר שומנים קר סנט מ,,,מסיר שומנים קר סנט מ,אין,0.00,יחידה,false,,18.90,0.0000,true,1,13862
7290002814603,false,מסיר שומנים קר מבושם,,,מסיר שומנים קר מבושם,מיליליטרים,750.00,"100 מ""ל",false,,10.90,0.0145,true,1,13873
7290002814870,false,מסיר שומנים קר מבושם,,,מסיר שומנים קר מבושם,מיליליטרים,750.00,"100 מ""ל",false,,10.90,0.0145,true,1,13876
7290002824183,false,גבינה לבנה 5% סקי 50,,,גבינה לבנה 5% סקי 50,גרמים,500.00,100 גרם,false,,8.90,0.0178,true,1,15451
7290002824466,false,דנונה יוגורט ביו 0%,,,דנונה יוגורט ביו 0%,מיליליטרים,200.00,"100 מ""ל",false,,3.70,0.0185,true,1,15452
7290002824640,false,גבינה 5% סקי 250 גרם,,,גבינה 5% סקי 250 גרם,גרמים,250.00,100 גרם,false,,4.98,0.0199,true,1,15453
7290002825722,false,אחלה כרוב אדום 500ג,,,אחלה כרוב אדום 500ג,גרמים,500.00,100 גרם,false,,12.90,0.0258,true,1,15454
7290002827306,false,עוף ירושלים נקניקיות,,,עוף ירושלים נקניקיות,גרמים,400.00,100 גרם,false,,10.90,0.0273,true,1,29111
7290002827337,false,עוף ירושלים נקניקיות,,,עוף ירושלים נקניקיות,גרמים,400.00,100 גרם,false,,10.90,0.0273,true,1,29113
7290002842002,false,מורנפלייק פתיתי שיבו,,,מורנפלייק פתיתי שיבו,גרמים,500.00,100 גרם,false,,9.90,0.0198,true,1,789
7290002868996,false,טרה קוטג מועשר 5% 25,,,טרה קוטג מועשר 5% 25,גרמים,250.00,100 גרם,false,,5.30,0.0212,true,1,6913
7290002871248,false,בירה טובורג רד בקבוק,,,בירה טובורג רד בקבוק,מיליליטרים,500.00,"100 מ""ל",false,,8.40,0.0168,true,1,7302
7290002871361,false,קרלסברג בירה בק.חוזר,,,קרלסברג בירה בק.חוזר,מיליליטרים,500.00,"100 מ""ל",false,,8.40,0.0168,true,1,7304
7290002881018,false,סן מורנו מעדן תות שד,,,סן מורנו מעדן תות שד,גרמים,284.00,100 גרם,false,,11.90,0.0419,true,1,16204
7290002881032,false,סן מורנו מעדן אוכמני,,,סן מורנו מעדן אוכמני,גרמים,284.00,100 גרם,false,,11.90,0.0419,true,1,16206
7290002881230,false,אננס חתוך תומר 850 ג,,,אננס חתוך תומר 850 ג,גרמים,850.00,100 גרם,false,,9.90,0.0116,true,1,16210
7290002881247,false,אננס שלם פרוסות תומר,,,אננס שלם פרוסות תומר,גרמים,850.00,100 גרם,false,,9.90,0.0116,true,1,16211
7290002881254,false,קוקטייל טרופי תומר 8,,,קוקטייל טרופי תומר 8,גרמים,850.00,100 גרם,false,,9.90,0.0116,true,1,16212
7290002881261,false,ליצי שלם תומר 565 גר,,,ליצי שלם תומר 565 גר,גרמים,565.00,100 גרם,false,,10.60,0.0188,true,1,16213
7290002881506,false,חמאת בוטנים 510 גרם,,,חמאת בוטנים 510 גרם,גרמים,510.00,100 גרם,false,,12.40,0.0243,true,1,16220
7290002881612,false,לפתן דובדבנים חמוצים,,,לפתן דובדבנים חמוצים,גרמים,700.00,100 גרם,false,,8.90,0.0127,true,1,16225
7290002881940,false,סרדין מרוקאי בשמן תו,,,סרדין מרוקאי בשמן תו,גרמים,125.00,100 גרם,false,,4.90,0.0392,true,1,16232
7290002881957,false,סרדין מרוקאי חריף תו,,,סרדין מרוקאי חריף תו,גרמים,125.00,100 גרם,false,,4.90,0.0392,true,1,16233
7290002909880,false,פולי סויה אדממה בלדי,,,פולי סויה אדממה בלדי,גרמים,400.00,100 גרם,false,,11.90,0.0298,true,1,22563
7290002909989,false,שעועית ירוקה חתוכה ב,,,שעועית ירוקה חתוכה ב,גרמים,800.00,100 גרם,false,,11.90,0.0149,true,1,436324
7290002909996,false,שעועית צהובה שלמה בל,,,שעועית צהובה שלמה בל,גרמים,800.00,100 גרם,false,,11.90,0.0149,true,1,436355
7290002921349,false,סופר גלו 3 זוגי,,,סופר גלו 3 זוגי,אין,0.00,יחידה,false,,13.90,0.0000,true,1,9494
7290002922117,false,מארז עוגיות אקלר 250,,,מארז עוגיות אקלר 250,100 יח',250.00,100 יח',false,,23.90,0.0956,true,1,237168
7290002929642,false,טונה בשמן ויליגר רבי,,,טונה בשמן ויליגר רבי,גרמים,560.00,100 גרם,false,,19.90,0.0355,true,1,12151
7290002946700,false,מצית פחם נוזלי מהדרי,,,מצית פחם נוזלי מהדרי,מיליליטרים,200.00,"100 מ""ל",false,,8.90,0.0445,true,1,7815
7290002971962,false,קמח מלא 100% ללא צור,,,קמח מלא 100% ללא צור,אלף,1.00,"ק""ג",false,,7.90,7.9000,true,1,184073
7290002971986,false,קמח שיפון ללא צורך ב,,,קמח שיפון ללא צורך ב,אלף,1.00,"ק""ג",false,,7.90,7.9000,true,1,8459
7290002971993,false,קמח כוסמין מלא ללא צ,,,קמח כוסמין מלא ללא צ,אלף,1.00,"ק""ג",false,,13.90,13.9000,true,1,8460
7290002972006,false,קמח בהיר 405 ללא צור,,,קמח בהיר 405 ללא צור,אלף,1.00,"ק""ג",false,,8.50,8.5000,true,1,8461
7290002972365,false,קמח תופח ללא צורך בנ,,,קמח תופח ללא צורך בנ,אלף,1.00,"ק""ג",false,,8.50,8.5000,true,1,8462
7290002972426,false,קמח מלא 80% ללא צורך,,,קמח מלא 80% ללא צורך,אלף,1.00,"ק""ג",false,,8.50,8.5000,true,1,8463
7290002973676,false,קמח לחלה ללא צורך בנ,,,קמח לחלה ללא צורך בנ,אלף,1.00,"ק""ג",false,,7.90,7.9000,true,1,8466
7290002973812,false,קמח כוסמין 80% ללא צ,,,קמח כוסמין 80% ללא צ,אלף,1.00,"ק""ג",false,,14.90,14.9000,true,1,8467
7290002973829,false,קמח כוסמין לבן ללא צ,,,קמח כוסמין לבן ללא צ,אלף,1.00,"ק""ג",false,,14.90,14.9000,true,1,8468
7290002974338,false,"קמח מניטובה מנופה ""0",,,"קמח מניטובה מנופה ""0",אלף,1.00,"ק""ג",false,,12.90,12.9000,true,1,124781
7290002986652,false,גטניו - פתיבר שוקו 4,,,גטניו - פתיבר שוקו 4,גרמים,470.00,100 גרם,false,,9.90,0.0211,true,1,25547
7290002987963,false,אחלה חומוס 1קג,,,אחלה חומוס 1קג,אלף,1.00,"ק""ג",false,,13.90,13.9000,true,1,15455
7290003009183,false,סירופ דיאט תפוחים פר,,,סירופ דיאט תפוחים פר,מיליליטרים,750.00,"100 מ""ל",false,,21.60,0.0288,true,1,7310
7290003009336,false,קבוקים מצופים 200 גר,,,קבוקים מצופים 200 גר,גרמים,200.00,100 גרם,false,,6.50,0.0325,true,1,10124
7290003009596,false,סירופ דיאט אשכוליות,,,סירופ דיאט אשכוליות,מיליליטרים,750.00,"100 מ""ל",false,,21.60,0.0288,true,1,7313
7290003009640,false,פריגת סחוט מיץ תפוזי,,,פריגת סחוט מיץ תפוזי,ארגז,1.00,ליטר,false,,15.90,15.9000,true,1,6914
7290003011087,false,אלסקה אורז בסמטי אלפ,,,אלסקה אורז בסמטי אלפ,אלף,1.00,"ק""ג",false,,9.90,9.9000,true,1,121365
7290003015641,false,ריצפז פרש יסמין 2 לי,,,ריצפז פרש יסמין 2 לי,ארגז,2.00,ליטר,false,,18.90,9.4500,true,1,19134
7290003015672,false,סנו סופט מפיות צבעונ,,,סנו סופט מפיות צבעונ,אין,0.00,יחידה,false,,7.90,0.0000,true,1,19135
7290003026029,false,קמיל בלו סנסיטיב שמפ,,,קמיל בלו סנסיטיב שמפ,גרמים,500.00,100 גרם,false,,17.90,0.0358,true,1,18717
7290003026036,false,קמיל בלו סנסיטיב מוע,,,קמיל בלו סנסיטיב מוע,אין,0.00,יחידה,false,,33.90,0.0000,true,1,18718
7290003026234,false,קמיל בלו תחליב לתינו,,,קמיל בלו תחליב לתינו,גרמים,500.00,100 גרם,false,,30.90,0.0618,true,1,18721
7290003029181,false,יטבתה שוקו בקבוק 1ל,,,יטבתה שוקו בקבוק 1ל,ארגז,1.00,ליטר,false,,10.90,10.9000,true,1,15457
7290003029372,false,יטבתה משקה חלב בננה,,,יטבתה משקה חלב בננה,ארגז,1.00,ליטר,false,,10.90,10.9000,true,1,15460
7290003029389,false,יטבתה משקה חלב בננה+,,,יטבתה משקה חלב בננה+,מיליליטרים,250.00,"100 מ""ל",false,,5.50,0.0220,true,1,15461
7290003029433,false,יטבתה שוקו +פקק 250,,,יטבתה שוקו +פקק 250,מיליליטרים,250.00,"100 מ""ל",false,,5.50,0.0220,true,1,15462
7290003029532,false,יטבתה מוקה 1ל,,,יטבתה מוקה 1ל,ארגז,1.00,ליטר,false,,10.90,10.9000,true,1,15463
7290003029792,false,יטבתה מהדרין שוקו שק,,,יטבתה מהדרין שוקו שק,ארגז,1.80,ליטר,false,,18.80,10.4444,true,1,15465
7290003029815,false,חלב מועשר בכד2 ליטר,,,חלב מועשר בכד2 ליטר,ארגז,2.00,ליטר,false,,14.90,7.4500,true,1,15466
7290003029907,false,יטבתה אייס קפה 1ל,,,יטבתה אייס קפה 1ל,ארגז,1.00,ליטר,false,,10.90,10.9000,true,1,15467
7290003047642,false,תה ליפטון יילו לייבל,,,תה ליפטון יילו לייבל,גרמים,150.00,100 גרם,false,,11.90,0.0793,true,1,9057
7290003054183,false,לחם שיפון מלא מסטמכר,,,לחם שיפון מלא מסטמכר,גרמים,500.00,100 גרם,false,,13.50,0.0270,true,1,6382
7290003054190,false,לחם שיפון 3 דגנים מס,,,לחם שיפון 3 דגנים מס,גרמים,500.00,100 גרם,false,,13.50,0.0270,true,1,6383
7290003054657,false,חרדל דיג'ון אקסטרא פ,,,חרדל דיג'ון אקסטרא פ,גרמים,370.00,100 גרם,false,,9.90,0.0268,true,1,6385
7290003072804,false,טירת צבי פסטרמה של פ,,,טירת צבי פסטרמה של פ,גרמים,200.00,100 גרם,false,,19.90,0.0995,true,1,16426
7290003072811,false,טירת צבי נקניקיות בר,,,טירת צבי נקניקיות בר,גרמים,320.00,100 גרם,false,,18.00,0.0563,true,1,16427
7290003072835,false,טירת צבי נקניקיות קנ,,,טירת צבי נקניקיות קנ,גרמים,320.00,100 גרם,false,,18.00,0.0563,true,1,16429
7290003072859,false,רוסטביף טירת צבי 120,,,רוסטביף טירת צבי 120,גרמים,120.00,100 גרם,false,,22.90,0.1908,true,1,16431
7290003072972,false,קבנוס בתיבול שום 120,,,קבנוס בתיבול שום 120,גרמים,120.00,100 גרם,false,,9.90,0.0825,true,1,55186
7290003102976,false,קיסמי אוזניים פלסטיק,,,קיסמי אוזניים פלסטיק,אין,0.00,יחידה,false,,4.40,0.0000,true,1,4072
7290003107216,false,"קמח לבן דגן 1 ק""ג",,,"קמח לבן דגן 1 ק""ג",אלף,1.00,"ק""ג",false,,6.50,6.5000,true,1,8472
7290003107223,false,"סולת חיטה דגן 1 ק""ג",,,"סולת חיטה דגן 1 ק""ג",אלף,1.00,"ק""ג",false,,6.50,6.5000,true,1,8473
7290003107315,false,"סולת  דגן 1 ק""ג",,,"סולת  דגן 1 ק""ג",אלף,1.00,"ק""ג",false,,4.50,4.5000,true,1,8476
7290003107346,false,קמח חיטה לבן דגן 1 ק,,,קמח חיטה לבן דגן 1 ק,אלף,1.00,"ק""ג",false,,4.50,4.5000,true,1,8477
7290003126712,false,צוריאל יוגורט עיזים,,,צוריאל יוגורט עיזים,מיליליטרים,150.00,"100 מ""ל",false,,5.90,0.0393,true,1,6915
7290003126958,false,צוריאל גבינה גוש טופ,,,צוריאל גבינה גוש טופ,גרמים,300.00,100 גרם,false,,11.90,0.0397,true,1,6916
7290003141159,false,יוגטה מרשמלו 180 גר',,,יוגטה מרשמלו 180 גר',גרמים,180.00,100 גרם,false,,6.80,0.0378,true,1,25957
7290003143146,false,ממרח תמרים 450 גרם,,,ממרח תמרים 450 גרם,גרמים,450.00,100 גרם,false,,6.50,0.0144,true,1,10132
7290003143276,false,יוגטה מרשמלו מגולגל,,,יוגטה מרשמלו מגולגל,גרמים,180.00,100 גרם,false,,6.80,0.0378,true,1,25958
7290003144419,false,סילאן טבעי קלית גת 7,,,סילאן טבעי קלית גת 7,גרמים,710.00,100 גרם,false,,20.90,0.0294,true,1,10136
7290003145782,false,צנובר טבעי 100 גרם,,,צנובר טבעי 100 גרם,גרמים,100.00,100 גרם,false,,27.90,0.2790,true,1,252
7290003163939,false,"נקניקיות גריל 1.5 ק""",,,"נקניקיות גריל 1.5 ק""",אלף,1.50,"ק""ג",false,,24.90,16.6000,true,1,12158
7290003185726,false,קבב מזרחי 500 גרם,,,קבב מזרחי 500 גרם,גרמים,500.00,100 גרם,false,,16.90,0.0338,true,1,12160
7290003208593,false,מרטיני אקסטרא דריי 7,,,מרטיני אקסטרא דריי 7,מיליליטרים,750.00,"100 מ""ל",false,,45.90,0.0612,true,1,10533
7290003208609,false,מרטיני רוסו 750 מל,,,מרטיני רוסו 750 מל,מיליליטרים,750.00,"100 מ""ל",false,,45.90,0.0612,true,1,10534
7290003217014,false,5 פיתות מזרחיות תנעמ,,,5 פיתות מזרחיות תנעמ,גרמים,500.00,100 גרם,false,,6.90,0.0138,true,1,6056
7290003217052,false,5 פיתות כפריות קלות,,,5 פיתות כפריות קלות,גרמים,500.00,100 גרם,false,,7.90,0.0158,true,1,6057
7290003220533,false,רוטב צ'ילי מתוק 700,,,רוטב צ'ילי מתוק 700,מיליליטרים,700.00,"100 מ""ל",false,,10.90,0.0156,true,1,25560
7290003220588,false,ווק רוטב צ'ילי מתוק,,,ווק רוטב צ'ילי מתוק,מיליליטרים,700.00,"100 מ""ל",false,,14.90,0.0213,true,1,183574
7290003220717,false,אצות נורי סילוור 10,,,אצות נורי סילוור 10,גרמים,25.00,100 גרם,false,,11.90,0.4760,true,1,183580
7290003220755,false,ווק רוטב סויה כהה 64,,,ווק רוטב סויה כהה 64,מיליליטרים,640.00,"100 מ""ל",false,,14.90,0.0233,true,1,183583
7290003220977,false,מעדני מלך ירח חצי מצ,,,מעדני מלך ירח חצי מצ,גרמים,175.00,100 גרם,false,,5.90,0.0337,true,1,65110
7290003229109,false,א.מ .פסטרמה בפפריקה,,,א.מ .פסטרמה בפפריקה,גרמים,400.00,100 גרם,false,,26.90,0.0672,true,1,16433
7290003229116,false,א.מ פסטרמה בדבש 400,,,א.מ פסטרמה בדבש 400,גרמים,400.00,100 גרם,false,,26.90,0.0672,true,1,16434
7290003229123,false,א.מ. פסטרמה על גחלים,,,א.מ. פסטרמה על גחלים,גרמים,400.00,100 גרם,false,,26.90,0.0672,true,1,16435
7290003229147,false,סלמי בסגנון איטלקי 3,,,סלמי בסגנון איטלקי 3,גרמים,300.00,100 גרם,false,,26.90,0.0897,true,1,16436
7290003229154,false,א.מ. סלמי קוניאק מוב,,,א.מ. סלמי קוניאק מוב,גרמים,300.00,100 גרם,false,,24.90,0.0830,true,1,16437
7290003229192,false,א.מ. כתף בקר מעושן 4,,,א.מ. כתף בקר מעושן 4,גרמים,400.00,100 גרם,false,,26.90,0.0672,true,1,16438
7290003268252,false,לחם חיטה מלא ללא גרע,,,לחם חיטה מלא ללא גרע,גרמים,750.00,100 גרם,false,,13.90,0.0185,true,1,6059
7290003268429,false,לחם מקמח מלא דגנית 7,,,לחם מקמח מלא דגנית 7,גרמים,750.00,100 גרם,false,,14.90,0.0199,true,1,6060
7290003287253,false,מרגז קצביה ארוז 600,,,מרגז קצביה ארוז 600,גרמים,600.00,100 גרם,false,,28.90,0.0482,true,1,22566
7290003287284,false,קבב ביתי קצביה ארוז,,,קבב ביתי קצביה ארוז,גרמים,600.00,100 גרם,false,,28.90,0.0482,true,1,22568
7290003287291,false,קבב טלה וצנובר קצביה,,,קבב טלה וצנובר קצביה,גרמים,600.00,100 גרם,false,,28.90,0.0482,true,1,183614
7290003332007,false,קפה נחלה סובחי 250ג,,,קפה נחלה סובחי 250ג,גרמים,250.00,100 גרם,false,,13.90,0.0556,true,1,21464
7290003332045,false,קפה נחלה סובחי 250 ג,,,קפה נחלה סובחי 250 ג,גרמים,250.00,100 גרם,false,,13.90,0.0556,true,1,21467
7290003411238,false,ברוגמן שמרים יבשים נ,,,ברוגמן שמרים יבשים נ,גרמים,500.00,100 גרם,false,,14.90,0.0298,true,1,7818
7290003411276,false,עמבה מובחרת 500 גרם,,,עמבה מובחרת 500 גרם,גרמים,500.00,100 גרם,false,,8.90,0.0178,true,1,7819
7290003411696,false,מרקיות חד פעמי 25 יח,,,מרקיות חד פעמי 25 יח,אין,0.00,יחידה,false,,9.90,0.0000,true,1,7825
7290003411993,false,גפרורים 10 יחידות,,,גפרורים 10 יחידות,אין,0.00,יחידה,false,,2.90,0.0000,true,1,7829
7290003414406,false,הרשי ריזס נטיפי אפיי,,,הרשי ריזס נטיפי אפיי,גרמים,283.00,100 גרם,false,,14.90,0.0527,true,1,10140
7290003427154,false,שמן זית כתית מעולה ז,,,שמן זית כתית מעולה ז,מיליליטרים,750.00,"100 מ""ל",false,,33.90,0.0452,true,1,16094
7290003438006,false,אוליביה ממרח פסטו אי,,,אוליביה ממרח פסטו אי,גרמים,180.00,100 גרם,false,,12.90,0.0717,true,1,32186
7290003438013,false,אוליביה ממרח זיתים א,,,אוליביה ממרח זיתים א,גרמים,190.00,100 גרם,false,,12.90,0.0679,true,1,32187
7290003438020,false,אוליביה ממרח עגבניות,,,אוליביה ממרח עגבניות,גרמים,190.00,100 גרם,false,,12.90,0.0679,true,1,32188
7290003438709,false,אוליביה ממרח זיתים ש,,,אוליביה ממרח זיתים ש,גרמים,190.00,100 גרם,false,,12.90,0.0679,true,1,32190
7290003438853,false,אוליביה ממרח אריסה ח,,,אוליביה ממרח אריסה ח,גרמים,185.00,100 גרם,false,,12.90,0.0697,true,1,32191
7290003450602,false,חרדל אמיתי צהוב בקבו,,,חרדל אמיתי צהוב בקבו,גרמים,255.00,100 גרם,false,,9.90,0.0388,true,1,6386
7290003457991,false,מאגדת קורנטו  קלאסיק,,,מאגדת קורנטו  קלאסיק,גרמים,300.00,100 גרם,false,,33.90,0.1130,true,1,5919
7290003514007,false,שקדי מרק מנה 400 גרם,,,שקדי מרק מנה 400 גרם,גרמים,400.00,100 גרם,false,,7.50,0.0188,true,1,14517
7290003521074,false,סרקל מרכך שיער לילדי,,,סרקל מרכך שיער לילדי,אין,0.00,יחידה,false,,29.90,0.0000,true,1,18722
7290003521081,false,סרקל שמפו לילדים 1 ל,,,סרקל שמפו לילדים 1 ל,ארגז,1.00,ליטר,false,,29.90,29.9000,true,1,18723
7290003521166,false,סרקל קרם רוזמרין 325,,,סרקל קרם רוזמרין 325,מיליליטרים,325.00,"100 מ""ל",false,,24.90,0.0766,true,1,18724
7290003525898,false,סלט טונה ויליגר שליש,,,סלט טונה ויליגר שליש,גרמים,480.00,100 גרם,false,,14.90,0.0310,true,1,12167
7290003527380,false,דובדבן ללא חרצן וילי,,,דובדבן ללא חרצן וילי,גרמים,680.00,100 גרם,false,,8.90,0.0131,true,1,12169
7290003550753,false,טונה בהירה בשמן פוסי,,,טונה בהירה בשמן פוסי,גרמים,308.00,100 גרם,false,,19.90,0.0646,true,1,12170
7290003570164,false,מינוט שוארמה פרגית 3,,,מינוט שוארמה פרגית 3,גרמים,300.00,100 גרם,false,,27.90,0.0930,true,1,22576
7290003570171,false,מינוט שניצל 300 גר',,,מינוט שניצל 300 גר',גרמים,300.00,100 גרם,false,,22.90,0.0763,true,1,22577
7290003570928,false,קבב  בלדי קצביה ארוז,,,קבב  בלדי קצביה ארוז,גרמים,500.00,100 גרם,false,,28.90,0.0578,true,1,22580
7290003578078,false,לפתן קוקטיל טרופי פי,,,לפתן קוקטיל טרופי פי,גרמים,850.00,100 גרם,false,,9.90,0.0116,true,1,5313
7290003578108,false,אננס חתוך ויליפוד 85,,,אננס חתוך ויליפוד 85,גרמים,490.00,100 גרם,false,,8.90,0.0182,true,1,5315
7290003578177,false,תירס גמדי שלם ויליפו,,,תירס גמדי שלם ויליפו,גרמים,210.00,100 גרם,false,,6.60,0.0314,true,1,5316
7290003578313,false,דובדבנים חמוצים ללא,,,דובדבנים חמוצים ללא,גרמים,350.00,100 גרם,false,,8.90,0.0254,true,1,5318
7290003578672,false,שמן חמניות 1 ליטר,,,שמן חמניות 1 ליטר,ארגז,1.00,ליטר,false,,12.90,12.9000,true,1,250493
7290003598311,false,מינוט סטייק 300 גר'/,,,מינוט סטייק 300 גר'/,גרמים,300.00,100 גרם,false,,35.90,0.1197,true,1,22582
7290003643004,false,"סוגת אורז בסמטי 1 ק""",,,"סוגת אורז בסמטי 1 ק""",אלף,1.00,"ק""ג",false,,12.90,12.9000,true,1,12312
7290003643134,false,סוגת סוכר וניל 10 יח,,,סוגת סוכר וניל 10 יח,גרמים,100.00,100 גרם,false,,2.50,0.0250,true,1,12314
7290003643165,false,קונפלור 500 גרם,,,קונפלור 500 גרם,גרמים,500.00,100 גרם,false,,4.90,0.0098,true,1,12316
7290003643172,false,סוגת אבקת סוכר 100 ג,,,סוגת אבקת סוכר 100 ג,גרמים,100.00,100 גרם,false,,1.90,0.0190,true,1,12317
7290003643325,false,קוסקוס בינוני סוגת 3,,,קוסקוס בינוני סוגת 3,גרמים,350.00,100 גרם,false,,4.80,0.0137,true,1,12318
7290003643387,false,סוכר לבן בצנצנת סוגת,,,סוכר לבן בצנצנת סוגת,אלף,1.00,"ק""ג",false,,7.90,7.9000,true,1,12320
7290003643646,false,סוכר דמררה בצנצנת חו,,,סוכר דמררה בצנצנת חו,אלף,1.00,"ק""ג",false,,12.90,12.9000,true,1,12321
7290003643684,false,אפונה יבשה 500 גרם,,,אפונה יבשה 500 גרם,גרמים,500.00,100 גרם,false,,5.90,0.0118,true,1,12322
7290003643707,false,סוגת גריסים 500גר,,,סוגת גריסים 500גר,גרמים,500.00,100 גרם,false,,5.50,0.0110,true,1,12323
7290003643714,false,חומוס 500 גרם,,,חומוס 500 גרם,גרמים,500.00,100 גרם,false,,7.90,0.0158,true,1,12324
7290003643738,false,סוגת חיטה 500 גר,,,סוגת חיטה 500 גר,גרמים,500.00,100 גרם,false,,5.50,0.0110,true,1,12325
7290003643745,false,כוסמת 500 גרם,,,כוסמת 500 גרם,גרמים,500.00,100 גרם,false,,7.90,0.0158,true,1,12326
7290003643752,false,עדשים ירוקות 500 גרם,,,עדשים ירוקות 500 גרם,גרמים,500.00,100 גרם,false,,7.90,0.0158,true,1,12327
7290003643769,false,עדשים אדומות 500 גרם,,,עדשים אדומות 500 גרם,גרמים,500.00,100 גרם,false,,7.90,0.0158,true,1,12328
7290003643776,false,סוגת פופקורן 500 גרם,,,סוגת פופקורן 500 גרם,גרמים,500.00,100 גרם,false,,5.50,0.0110,true,1,12329
7290003643783,false,קוקוס 100 גר,,,קוקוס 100 גר,גרמים,100.00,100 גרם,false,,3.90,0.0390,true,1,12330
7290003643806,false,שעועית לבנה 500 גרם,,,שעועית לבנה 500 גרם,גרמים,500.00,100 גרם,false,,10.90,0.0218,true,1,12331
7290003643813,false,שעועית אדומה 500 גרם,,,שעועית אדומה 500 גרם,גרמים,500.00,100 גרם,false,,10.90,0.0218,true,1,12332
7290003681211,false,צנובר מיה 80 גרם,,,צנובר מיה 80 גרם,גרמים,80.00,100 גרם,false,,26.70,0.3337,true,1,11275
7290003681259,false,.שבבי שום 50 גר,,,.שבבי שום 50 גר,גרמים,50.00,100 גרם,false,,7.90,0.1580,true,1,11279
7290003681334,false,קוקוס 400 גר. בדצ,,,קוקוס 400 גר. בדצ,גרמים,400.00,100 גרם,false,,11.90,0.0298,true,1,11282
7290003681365,false,70 סוכריות קישוט לעו,,,70 סוכריות קישוט לעו,גרמים,70.00,100 גרם,false,,4.90,0.0700,true,1,11284
7290003681693,false,חומוס לבן ענק מיה 50,,,חומוס לבן ענק מיה 50,גרמים,500.00,100 גרם,false,,10.90,0.0218,true,1,11290
7290003681716,false,גריסי פנינה 500 גרם,,,גריסי פנינה 500 גרם,גרמים,500.00,100 גרם,false,,4.90,0.0098,true,1,11291
7290003706167,false,בצל ירוק ארוז,,,בצל ירוק ארוז,יח',1.00,יח',false,,5.90,5.9000,true,1,22699
7290003718610,false,במיה מוקפאת בלדי 400,,,במיה מוקפאת בלדי 400,גרמים,400.00,100 גרם,false,,11.90,0.0298,true,1,436236
7290003718627,false,פול ירוק בלדי 400 גר,,,פול ירוק בלדי 400 גר,גרמים,400.00,100 גרם,false,,11.90,0.0298,true,1,436281
7290003726141,false,טופו משק גאיה  300ג,,,טופו משק גאיה  300ג,גרמים,300.00,100 גרם,false,,10.90,0.0363,true,1,11075
7290003726615,false,טופו ויילר 300 גרם.,,,טופו ויילר 300 גרם.,גרמים,300.00,100 גרם,false,,10.90,0.0363,true,1,15470
7290003726622,false,טופו קשה בטעם פיקנטי,,,טופו קשה בטעם פיקנטי,גרמים,300.00,100 גרם,false,,12.90,0.0430,true,1,250650
7290003726776,false,שניצל טופו בטעם עוף,,,שניצל טופו בטעם עוף,גרמים,420.00,100 גרם,false,,27.90,0.0664,true,1,432657
7290003726790,false,שניצל טופו בטעם עוף,,,שניצל טופו בטעם עוף,גרמים,420.00,100 גרם,false,,27.90,0.0664,true,1,432673
7290003726868,false,טופו חומוס עם עגבניו,,,טופו חומוס עם עגבניו,גרמים,300.00,100 גרם,false,,12.90,0.0430,true,1,250651
7290003726875,false,טופו חומוס עם פסטו 3,,,טופו חומוס עם פסטו 3,גרמים,300.00,100 גרם,false,,12.90,0.0430,true,1,250652
7290003781850,false,גבינת קשקבל פרוסות 2,,,גבינת קשקבל פרוסות 2,גרמים,200.00,100 גרם,false,,19.90,0.0995,true,1,134638
7290003804252,false,תיבולית בנוסח הודי ק,,,תיבולית בנוסח הודי ק,גרמים,72.00,100 גרם,false,,7.90,0.1097,true,1,9061
7290003804368,false,תיבולית בזיליקום קנו,,,תיבולית בזיליקום קנו,גרמים,72.00,100 גרם,false,,7.30,0.1014,true,1,9062
7290003805501,false,פתית שוודי חסכוני בד,,,פתית שוודי חסכוני בד,גרמים,300.00,100 גרם,false,,16.90,0.0563,true,1,9067
7290003805587,false,פתית חיטה מלאה בד'ץ,,,פתית חיטה מלאה בד'ץ,גרמים,250.00,100 גרם,false,,16.90,0.0676,true,1,9068
7290003807178,false,רוטב סויה בסגנון סינ,,,רוטב סויה בסגנון סינ,מיליליטרים,300.00,"100 מ""ל",false,,10.50,0.0350,true,1,9073
7290003864478,false,סרדין בשמן צמחי וילי,,,סרדין בשמן צמחי וילי,גרמים,110.00,100 גרם,false,,4.90,0.0445,true,1,5322
7290003864485,false,סרדינים ברוטב עגבניו,,,סרדינים ברוטב עגבניו,גרמים,120.00,100 גרם,false,,4.90,0.0408,true,1,5323
7290003864492,false,סרדין בשמן צמחי חריף,,,סרדין בשמן צמחי חריף,גרמים,120.00,100 גרם,false,,4.90,0.0408,true,1,5324
7290003882922,false,עלי גפן ממולאים באור,,,עלי גפן ממולאים באור,גרמים,360.00,100 גרם,false,,8.90,0.0247,true,1,5326
7290003976263,false,"די תיקן טאצ' 300 מ""ל",,,"די תיקן טאצ' 300 מ""ל",מיליליטרים,300.00,"100 מ""ל",false,,9.90,0.0330,true,1,24259
7290003976614,false,ג'ל אקונומיקה סמיכה,,,ג'ל אקונומיקה סמיכה,ארגז,4.00,ליטר,false,,12.50,3.1250,true,1,24265
7290003989096,false,אחלה חציל פיקנטי 500,,,אחלה חציל פיקנטי 500,גרמים,500.00,100 גרם,false,,14.90,0.0298,true,1,15471
7290003989539,false,EAT GOOD רביולי גבינ,,,EAT GOOD רביולי גבינ,גרמים,400.00,100 גרם,false,,16.90,0.0422,true,1,15472
7290003989553,false,שטראוס טורטליני פטרי,,,שטראוס טורטליני פטרי,גרמים,400.00,100 גרם,false,,16.90,0.0422,true,1,15473
7290004011338,false,ריצ קצפת במיכל 250מל,,,ריצ קצפת במיכל 250מל,מיליליטרים,250.00,"100 מ""ל",false,,8.90,0.0356,true,1,12173
7290004011345,false,קצפת ריץ במיכל פרווה,,,קצפת ריץ במיכל פרווה,מיליליטרים,238.00,"100 מ""ל",false,,8.90,0.0374,true,1,12174
7290004011826,false,אל גאוצ'ו מיני המבור,,,אל גאוצ'ו מיני המבור,גרמים,320.00,100 גרם,false,,21.90,0.0684,true,1,12179
7290004030100,false,מיץ תפוזים סחוט וולנ,,,מיץ תפוזים סחוט וולנ,ארגז,1.00,ליטר,false,,15.90,15.9000,true,1,30050
7290004030445,false,פרי ניב תפוז סחוט 1ל,,,פרי ניב תפוז סחוט 1ל,ארגז,1.00,ליטר,false,,13.90,13.9000,true,1,30055
7290004030612,false,פרי ניב מיץ קיוי אגס,,,פרי ניב מיץ קיוי אגס,ארגז,1.00,ליטר,false,,14.90,14.9000,true,1,30057
7290004030834,false,מיץ סחוט רימונים 100,,,מיץ סחוט רימונים 100,ארגז,1.00,ליטר,false,,23.80,23.8000,true,1,30064
7290004063016,false,"מלח שולחן סלית 1 ק""ג",,,"מלח שולחן סלית 1 ק""ג",אלף,1.00,"ק""ג",false,,1.70,1.7000,true,1,11629
7290004063115,false,מלח מטבח גס לבישול כ,,,מלח מטבח גס לבישול כ,אלף,1.00,"ק""ג",false,,1.70,1.7000,true,1,11630
7290004064099,false,מטחנה מלח מהרי ההימל,,,מטחנה מלח מהרי ההימל,גרמים,250.00,100 גרם,false,,15.90,0.0636,true,1,12336
7290004064174,false,מלח ההימלאיה דק בצנצ,,,מלח ההימלאיה דק בצנצ,אלף,1.00,"ק""ג",false,,16.90,16.9000,true,1,12337
7290004064228,false,מטחנת מלח אקסטרא תבל,,,מטחנת מלח אקסטרא תבל,גרמים,125.00,100 גרם,false,,15.90,0.1272,true,1,12340
7290004064303,false,מלח אטלנטי בצנצנת הא,,,מלח אטלנטי בצנצנת הא,גרמים,800.00,100 גרם,false,,17.90,0.0224,true,1,12343
7290004064310,false,מלח פלוס בצל מלחייה,,,מלח פלוס בצל מלחייה,גרמים,175.00,100 גרם,false,,9.90,0.0566,true,1,96645
7290004064334,false,מלח פלוס שום מלחייה,,,מלח פלוס שום מלחייה,גרמים,175.00,100 גרם,false,,9.90,0.0566,true,1,96647
7290004064365,false,מלח דק מועשר ביוד קר,,,מלח דק מועשר ביוד קר,אלף,1.00,"ק""ג",false,,5.90,5.9000,true,1,12345
7290004064372,false,מטחנת מלח אקסטרא תבל,,,מטחנת מלח אקסטרא תבל,גרמים,105.00,100 גרם,false,,15.90,0.1514,true,1,54940
7290004064389,false,מלח הימלאיה דק מלחיי,,,מלח הימלאיה דק מלחיי,גרמים,250.00,100 גרם,false,,9.90,0.0396,true,1,51638
7290004068011,false,גד יוגורט כבשים 5% 6,,,גד יוגורט כבשים 5% 6,מיליליטרים,600.00,"100 מ""ל",false,,15.90,0.0265,true,1,11076
7290004068028,false,גד משקה צזיקי 2% 500,,,גד משקה צזיקי 2% 500,מיליליטרים,500.00,"100 מ""ל",false,,9.90,0.0198,true,1,11077
7290004068035,false,גד משקה איירן בסגנון,,,גד משקה איירן בסגנון,גרמים,500.00,100 גרם,false,,7.90,0.0158,true,1,11078
7290004068172,false,גד יוגורט עיזים 5% 6,,,גד יוגורט עיזים 5% 6,מיליליטרים,600.00,"100 מ""ל",false,,15.90,0.0265,true,1,11079
7290004078225,false,מי פה פלקס סופט מינט,,,מי פה פלקס סופט מינט,מיליליטרים,500.00,"100 מ""ל",false,,30.90,0.0618,true,1,14521
7290004078263,false,צמרונים בקופסא זוג ב,,,צמרונים בקופסא זוג ב,אין,0.00,יחידה,false,,9.90,0.0000,true,1,14522
7290004078270,false,פלמוליב לכלים לימון-,,,פלמוליב לכלים לימון-,אין,0.00,יחידה,false,,13.90,0.0000,true,1,14523
7290004078690,false,אגקס כלורון נוזל לני,,,אגקס כלורון נוזל לני,מיליליטרים,750.00,"100 מ""ל",false,,14.90,0.0199,true,1,14524
7290004078942,false,דיאודורנט ג'ל מרענן,,,דיאודורנט ג'ל מרענן,גרמים,65.00,100 גרם,false,,17.90,0.2754,true,1,14525
7290004119133,false,יוגורט כדים תנובה 7%,,,יוגורט כדים תנובה 7%,ארגז,1.50,ליטר,false,,16.70,11.1333,true,1,16769
7290004119225,false,יופלה אננס 3% 150מל,,,יופלה אננס 3% 150מל,גרמים,150.00,100 גרם,false,,4.90,0.0327,true,1,16770
7290004119928,false,קרלו וניל 3% 125מל,,,קרלו וניל 3% 125מל,מיליליטרים,125.00,"100 מ""ל",false,,2.90,0.0232,true,1,16772
7290004119973,false,קרלו שוקולדה 3% 125מ,,,קרלו שוקולדה 3% 125מ,מיליליטרים,125.00,"100 מ""ל",false,,2.90,0.0232,true,1,16773
7290004120108,false,יופלה דיאט דובדבן 0%,,,יופלה דיאט דובדבן 0%,מיליליטרים,150.00,"100 מ""ל",false,,4.90,0.0327,true,1,16775
7290004120566,false,פיראוס בולגרית 24% 2,,,פיראוס בולגרית 24% 2,גרמים,250.00,100 גרם,false,,20.90,0.0836,true,1,16779
7290004120573,false,פיראוס בולגרית בקר 1,,,פיראוס בולגרית בקר 1,גרמים,250.00,100 גרם,false,,20.90,0.0836,true,1,16780
7290004120634,false,פיראוס בולגרית 5% 25,,,פיראוס בולגרית 5% 25,גרמים,250.00,100 גרם,false,,20.90,0.0836,true,1,16781
7290004121488,false,יופלה דיאט אפרסק 0%,,,יופלה דיאט אפרסק 0%,מיליליטרים,150.00,"100 מ""ל",false,,4.90,0.0327,true,1,16783
7290004121525,false,יופלה אפרסק תות 3% 8,,,יופלה אפרסק תות 3% 8,אלף,1.20,"ק""ג",false,,29.90,24.9167,true,1,16784
7290004121754,false,יופלה קרם גבינה ותות,,,יופלה קרם גבינה ותות,גרמים,150.00,100 גרם,false,,4.90,0.0327,true,1,16785
7290004121839,false,פיראוס פטה כבשים 20%,,,פיראוס פטה כבשים 20%,גרמים,250.00,100 גרם,false,,26.90,0.1076,true,1,16786
7290004121853,false,פיראוס בולגרית בקובי,,,פיראוס בולגרית בקובי,גרמים,200.00,100 גרם,false,,19.80,0.0990,true,1,16787
7290004122119,false,שף לבן פתיתי פרמזן ל,,,שף לבן פתיתי פרמזן ל,גרמים,100.00,100 גרם,false,,10.90,0.1090,true,1,16788
7290004122195,false,גוש חלב פרוס 28% 200,,,גוש חלב פרוס 28% 200,גרמים,200.00,100 גרם,false,,12.90,0.0645,true,1,16789
7290004122270,false,עמק פרוס סגירה חוזרת,,,עמק פרוס סגירה חוזרת,גרמים,200.00,100 גרם,false,,15.80,0.0790,true,1,16790
7290004122348,false,עמק לייט 9% 200ג,,,עמק לייט 9% 200ג,גרמים,200.00,100 גרם,false,,16.50,0.0825,true,1,16791
7290004122676,false,פיראוס חמד לייט 5% 2,,,פיראוס חמד לייט 5% 2,גרמים,250.00,100 גרם,false,,17.90,0.0716,true,1,16792
7290004122683,false,עמק אצבעות 172ג,,,עמק אצבעות 172ג,גרמים,172.00,100 גרם,false,,15.80,0.0919,true,1,16793
7290004124205,false,יופלה דיאט תות 0% 15,,,יופלה דיאט תות 0% 15,מיליליטרים,150.00,"100 מ""ל",false,,4.90,0.0327,true,1,16796
7290004124847,false,שף לבן קצפת צמחית 24,,,שף לבן קצפת צמחית 24,מיליליטרים,500.00,"100 מ""ל",false,,13.90,0.0278,true,1,16797
7290004125370,false,תנובה שמנת מופחתת 9%,,,תנובה שמנת מופחתת 9%,מיליליטרים,200.00,"100 מ""ל",false,,3.90,0.0195,true,1,16799
7290004125400,false,"אשל 4.5% בד""צ מהדרין",,,"אשל 4.5% בד""צ מהדרין",מיליליטרים,200.00,"100 מ""ל",false,,1.69,0.0084,true,1,16800
7290004125417,false,"גיל 3% בד""צ מהדרין",,,"גיל 3% בד""צ מהדרין",מיליליטרים,200.00,"100 מ""ל",false,,1.51,0.0076,true,1,16801
7290004125455,false,תנובה שמנת אורגינל מ,,,תנובה שמנת אורגינל מ,מיליליטרים,200.00,"100 מ""ל",false,,2.40,0.0120,true,1,16802
7290004125462,false,תנובה שמנת חמוצה 15%,,,תנובה שמנת חמוצה 15%,מיליליטרים,500.00,"100 מ""ל",false,,6.00,0.0120,true,1,16803
7290004125509,false,תנובה שמנת חצי מנה 1,,,תנובה שמנת חצי מנה 1,מיליליטרים,100.00,"100 מ""ל",false,,1.60,0.0160,true,1,16804
7290004125578,false,משקה סויה תנובה מועש,,,משקה סויה תנובה מועש,ארגז,1.00,ליטר,false,,9.90,9.9000,true,1,16805
7290004125585,false,סויה תנובה משקה סויה,,,סויה תנובה משקה סויה,ארגז,1.00,ליטר,false,,9.90,9.9000,true,1,16806
7290004125721,false,שף לבן שמנת לבישול 1,,,שף לבן שמנת לבישול 1,מיליליטרים,250.00,"100 מ""ל",false,,7.90,0.0316,true,1,16807
7290004125738,false,שף לבן שמנת להקצפה 3,,,שף לבן שמנת להקצפה 3,מיליליטרים,250.00,"100 מ""ל",false,,6.50,0.0260,true,1,16808
7290004125776,false,עמק גבינה קשה פרוסה,,,עמק גבינה קשה פרוסה,גרמים,400.00,100 גרם,false,,27.50,0.0688,true,1,16809
7290004126674,false,עמק טל לייט 9% 200ג,,,עמק טל לייט 9% 200ג,גרמים,200.00,100 גרם,false,,18.40,0.0920,true,1,16810
7290004126759,false,יופלה דיאט פירות יער,,,יופלה דיאט פירות יער,מיליליטרים,150.00,"100 מ""ל",false,,4.90,0.0327,true,1,16811
7290004126872,false,משקאות חלב תנובה שוק,,,משקאות חלב תנובה שוק,מיליליטרים,250.00,"100 מ""ל",false,,5.90,0.0236,true,1,16812
7290004127329,false,קוטג' 5% תנובה מהדרי,,,קוטג' 5% תנובה מהדרי,גרמים,250.00,100 גרם,false,,5.40,0.0216,true,1,16814
7290004127336,false,קוטג' תנובה מהדרין 9,,,קוטג' תנובה מהדרין 9,גרמים,250.00,100 גרם,false,,5.40,0.0216,true,1,16815
7290004127800,false,תנובה גבינה לבנה 5%,,,תנובה גבינה לבנה 5%,גרמים,500.00,100 גרם,false,,9.96,0.0199,true,1,16817
7290004127817,false,תנובה גבינה לבנה 9%,,,תנובה גבינה לבנה 9%,גרמים,500.00,100 גרם,false,,9.20,0.0184,true,1,16818
7290004127862,false,תנובה גבינה למריחה מ,,,תנובה גבינה למריחה מ,גרמים,750.00,100 גרם,false,,14.90,0.0199,true,1,16819
7290004128333,false,פיראוס לאבנה גביע %9,,,פיראוס לאבנה גביע %9,גרמים,500.00,100 גרם,false,,19.90,0.0398,true,1,16821
7290004128340,false,תנובה קרם גבינת שמנת,,,תנובה קרם גבינת שמנת,גרמים,200.00,100 גרם,false,,11.50,0.0575,true,1,16822
7290004128432,false,שף לבן פתיתי גבינה מ,,,שף לבן פתיתי גבינה מ,גרמים,500.00,100 גרם,false,,21.90,0.0438,true,1,16824
7290004129101,false,נפוליאון בטעם טבעי 2,,,נפוליאון בטעם טבעי 2,גרמים,225.00,100 גרם,false,,13.90,0.0618,true,1,16825
7290004129156,false,נפוליאון שום שמיר 25,,,נפוליאון שום שמיר 25,גרמים,225.00,100 גרם,false,,13.90,0.0618,true,1,16827
7290004129767,false,יופלה לבן מאגדת 3% 8,,,יופלה לבן מאגדת 3% 8,אלף,1.20,"ק""ג",false,,17.50,14.5833,true,1,16831
7290004130794,false,סויה תנובה טבעי במתי,,,סויה תנובה טבעי במתי,ארגז,1.00,ליטר,false,,9.90,9.9000,true,1,16835
7290004130916,false,יופלה בטעם פירות יער,,,יופלה בטעם פירות יער,גרמים,150.00,100 גרם,false,,4.90,0.0327,true,1,16836
7290004131074,false,חלב תנובה הומוגני מה,,,חלב תנובה הומוגני מה,ארגז,1.00,ליטר,false,,6.23,6.2300,true,1,16837
7290004131456,false,יופלה לבן 1.5% 200מל,,,יופלה לבן 1.5% 200מל,מיליליטרים,200.00,"100 מ""ל",false,,3.90,0.0195,true,1,16842
7290004131531,false,משקה חלב תנובה שוקו,,,משקה חלב תנובה שוקו,ארגז,1.00,ליטר,false,,12.90,12.9000,true,1,16843
7290004131814,false,פיראוס צפתית מעודנת,,,פיראוס צפתית מעודנת,גרמים,200.00,100 גרם,false,,13.80,0.0690,true,1,16844
7290004132552,false,סויה תנובה לייט בטעם,,,סויה תנובה לייט בטעם,ארגז,1.00,ליטר,false,,9.90,9.9000,true,1,16848
7290004132712,false,עמק אצבעות מוצרלה 20,,,עמק אצבעות מוצרלה 20,גרמים,174.00,100 גרם,false,,15.80,0.0908,true,1,16850
7290004133511,false,יופלה לבן מעודן 1.5%,,,יופלה לבן מעודן 1.5%,ארגז,1.20,ליטר,false,,19.50,16.2500,true,1,16854
7290004135614,false,פיראוס בולגרית מעודנ,,,פיראוס בולגרית מעודנ,גרמים,250.00,100 גרם,false,,19.80,0.0792,true,1,16864
7290004136598,false,מארז הפסקת אוכל חלב,,,מארז הפסקת אוכל חלב,גרמים,150.00,100 גרם,false,,9.50,0.0633,true,1,16868
7290004136857,false,ג'לי תנובה פטל 125מל,,,ג'לי תנובה פטל 125מל,מיליליטרים,125.00,"100 מ""ל",false,,2.50,0.0200,true,1,16869
7290004136864,false,ג'לי תנובה אננס עם ח,,,ג'לי תנובה אננס עם ח,מיליליטרים,125.00,"100 מ""ל",false,,2.90,0.0232,true,1,16870
7290004136871,false,ג'לי תנובה אפרסק עם,,,ג'לי תנובה אפרסק עם,מיליליטרים,125.00,"100 מ""ל",false,,2.90,0.0232,true,1,16871
7290004137021,false,שף לבן שמנת לבישול 1,,,שף לבן שמנת לבישול 1,מיליליטרים,250.00,"100 מ""ל",false,,7.90,0.0316,true,1,16872
7290004150112,false,חומוס מזרחי 300 גרם,,,חומוס מזרחי 300 גרם,גרמים,300.00,100 גרם,false,,14.90,0.0497,true,1,430626
7290004150136,false,חציל על האש 300 גרם,,,חציל על האש 300 גרם,גרמים,300.00,100 גרם,false,,14.90,0.0497,true,1,430628
7290004150143,false,חציל במיונז 300 גרם,,,חציל במיונז 300 גרם,גרמים,300.00,100 גרם,false,,14.90,0.0497,true,1,430629
7290004150150,false,חציל בטחינה 300 גרם,,,חציל בטחינה 300 גרם,גרמים,300.00,100 גרם,false,,14.90,0.0497,true,1,430630
7290004150167,false,"סלט תפו""א במיונז 300",,,"סלט תפו""א במיונז 300",גרמים,300.00,100 גרם,false,,14.90,0.0497,true,1,430631
7290004150174,false,סלט קולסלאו 300 גרם,,,סלט קולסלאו 300 גרם,גרמים,300.00,100 גרם,false,,14.90,0.0497,true,1,430632
7290004150211,false,סלט תורכי איסטנבול 3,,,סלט תורכי איסטנבול 3,גרמים,300.00,100 גרם,false,,14.90,0.0497,true,1,430636
7290004150228,false,סלט כרוב אדום במיונז,,,סלט כרוב אדום במיונז,גרמים,300.00,100 גרם,false,,14.90,0.0497,true,1,430637
7290004150235,false,חומוס עם חריף 300 גר,,,חומוס עם חריף 300 גר,גרמים,300.00,100 גרם,false,,14.90,0.0497,true,1,430638
7290004150372,false,חומוס עם וואסבי 300,,,חומוס עם וואסבי 300,גרמים,300.00,100 גרם,false,,14.90,0.0497,true,1,430644
7290004199326,false,כוס אימון מהפכנית פי,,,כוס אימון מהפכנית פי,אין,0.00,יחידה,false,,15.90,0.0000,true,1,364597
7290004199579,false,סאני פלסטר אינטרסן 1,,,סאני פלסטר אינטרסן 1,אין,0.00,יחידה,false,,9.90,0.0000,true,1,4081
7290004199784,false,כפפות לאטקס סייף טאצ,,,כפפות לאטקס סייף טאצ,אין,0.00,יחידה,false,,22.90,0.0000,true,1,4083
7290004199791,false,כפפות לאטקס סייף טאצ,,,כפפות לאטקס סייף טאצ,אין,0.00,יחידה,false,,22.90,0.0000,true,1,4084
7290004199807,false,כפפות לאטקס סייף טאצ,,,כפפות לאטקס סייף טאצ,אין,0.00,יחידה,false,,22.90,0.0000,true,1,4085
7290004200244,false,פרסים רמה 3,,,פרסים רמה 3,אין,0.00,יחידה,false,,9.50,0.0000,true,1,20764
7290004225285,false,סגנון דנאבלו 100 גרם,,,סגנון דנאבלו 100 גרם,גרמים,100.00,100 גרם,false,,9.90,0.0990,true,1,12180
7290004230081,false,שגב קציצות עוף ברוטב,,,שגב קציצות עוף ברוטב,גרמים,800.00,100 גרם,false,,24.90,0.0311,true,1,12184
7290004230333,false,שגב מקלות בורקס פילו,,,שגב מקלות בורקס פילו,גרמים,600.00,100 גרם,false,,19.90,0.0332,true,1,12186
7290004230364,false,שגב מקלות בורקס פילו,,,שגב מקלות בורקס פילו,גרמים,600.00,100 גרם,false,,19.90,0.0332,true,1,12189
7290004492274,false,טבעות מלוחות 400 גר,,,טבעות מלוחות 400 גר,גרמים,400.00,100 גרם,false,,9.90,0.0248,true,1,1130
7290004492762,false,נשנושים תירס 325 גר,,,נשנושים תירס 325 גר,גרמים,325.00,100 גרם,false,,11.90,0.0366,true,1,9081
7290004494131,false,"קברנה דלתון 750 מ""ל",,,"קברנה דלתון 750 מ""ל",מיליליטרים,750.00,"100 מ""ל",false,,58.90,0.0785,true,1,7601
7290004537241,false,אפונת גינה קפואה 800,,,אפונת גינה קפואה 800,גרמים,800.00,100 גרם,false,,11.90,0.0149,true,1,31696
7290004537258,false,אפונה וגזר 800 גר שד,,,אפונה וגזר 800 גר שד,גרמים,800.00,100 גרם,false,,11.90,0.0149,true,1,31697
7290004537272,false,פול קפוא 800גר שדה ב,,,פול קפוא 800גר שדה ב,גרמים,800.00,100 גרם,false,,17.90,0.0224,true,1,31699
7290004537296,false,שעועית ירוקה שלמה קפ,,,שעועית ירוקה שלמה קפ,גרמים,800.00,100 גרם,false,,7.20,0.0090,true,1,31701
7290004537326,false,לקט ירקות העונה 800,,,לקט ירקות העונה 800,גרמים,800.00,100 גרם,false,,11.90,0.0149,true,1,31703
7290004537333,false,חומוס גרגירים 800 גר,,,חומוס גרגירים 800 גר,גרמים,800.00,100 גרם,false,,11.90,0.0149,true,1,31704
7290004537357,false,גרעיני תירס 800 גר ש,,,גרעיני תירס 800 גר ש,גרמים,800.00,100 גרם,false,,11.90,0.0149,true,1,31706
7290004554903,false,פנטסיה שוקו וניל פרו,,,פנטסיה שוקו וניל פרו,מיליליטרים,900.00,"100 מ""ל",false,,19.90,0.0221,true,1,5926
7290004584306,false,גמדים תות בננה 4*100,,,גמדים תות בננה 4*100,מיליליטרים,400.00,"100 מ""ל",false,,10.80,0.0270,true,1,15474
7290004584351,false,סימפוניה חמישית 200ג,,,סימפוניה חמישית 200ג,גרמים,200.00,100 גרם,false,,11.50,0.0575,true,1,15475
7290004584528,false,דנונה יוגורט טבעי 1.,,,דנונה יוגורט טבעי 1.,מיליליטרים,200.00,"100 מ""ל",false,,3.70,0.0185,true,1,15476
7290004585907,false,דני וניל מהדרין 130מ,,,דני וניל מהדרין 130מ,מיליליטרים,130.00,"100 מ""ל",false,,2.90,0.0223,true,1,15477
7290004603175,false,מלח ים האדום גס הארץ,,,מלח ים האדום גס הארץ,גרמים,500.00,100 גרם,false,,7.90,0.0158,true,1,12346
7290004639006,false,קוסקוס ביתי קפוא,,,קוסקוס ביתי קפוא,גרמים,800.00,100 גרם,false,,14.90,0.0186,true,1,31707
7290004658847,false,"תירוש כרמל 187 מ""ל",,,"תירוש כרמל 187 מ""ל",מיליליטרים,187.00,"100 מ""ל",false,,5.90,0.0316,true,1,3924
7290004731076,false,אלסבון אלוורה כיף 1,,,אלסבון אלוורה כיף 1,ארגז,1.00,ליטר,false,,12.90,12.9000,true,1,19144
7290004731083,false,אלסבון ג'נסנג כיף 1,,,אלסבון ג'נסנג כיף 1,ארגז,1.00,ליטר,false,,12.90,12.9000,true,1,19145
7290004731410,false,כרית קרצוף סנו סושי,,,כרית קרצוף סנו סושי,אין,0.00,יחידה,false,,9.90,0.0000,true,1,19150
7290004731472,false,שלישיית אלסבון צבעונ,,,שלישיית אלסבון צבעונ,ארגז,1.50,ליטר,false,,19.90,13.2667,true,1,19151
7290004923181,false,מים מינרליים עין גדי,,,מים מינרליים עין גדי,מיליליטרים,500.00,"100 מ""ל",false,,3.90,0.0078,true,1,9632
7290005008184,false,סבון נוזלי חלב שקדים,,,סבון נוזלי חלב שקדים,מיליליטרים,500.00,"100 מ""ל",false,,15.90,0.0318,true,1,14527
7290005008191,false,סבון נוזלי ארומה סגו,,,סבון נוזלי ארומה סגו,מיליליטרים,500.00,"100 מ""ל",false,,15.90,0.0318,true,1,14528
7290005040993,false,ערמונים קלויים קלופי,,,ערמונים קלויים קלופי,יח',1.00,יח',false,,4.90,4.9000,true,1,679
7290005041167,false,קבב גמבו עגל וכבש 1,,,קבב גמבו עגל וכבש 1,אלף,1.00,"ק""ג",false,,45.90,45.9000,true,1,12199
7290005041402,false,שיפודי שוארמה פרגית,,,שיפודי שוארמה פרגית,גרמים,600.00,100 גרם,false,,55.90,0.0932,true,1,183632
7290005084355,false,משחת שיניים דואל קר,,,משחת שיניים דואל קר,מיליליטרים,75.00,"100 מ""ל",false,,20.90,0.2787,true,1,5680
7290005113222,false,זיתים מיקס יבנה 540,,,זיתים מיקס יבנה 540,גרמים,340.00,100 גרם,false,,9.90,0.0291,true,1,32281
7290005174513,false,חציל במיונז אחלה 500,,,חציל במיונז אחלה 500,גרמים,500.00,100 גרם,false,,14.90,0.0298,true,1,15478
7290005174551,false,אחלה חומוס 125ג,,,אחלה חומוס 125ג,גרמים,125.00,100 גרם,false,,4.90,0.0392,true,1,15479
7290005174568,false,אחלה חציל במיונז 125,,,אחלה חציל במיונז 125,גרמים,125.00,100 גרם,false,,4.90,0.0392,true,1,15480
7290005174575,false,אחלה טחינה 125גר,,,אחלה טחינה 125גר,גרמים,125.00,100 גרם,false,,4.90,0.0392,true,1,15481
7290005197758,false,חיוכים של שוקו,,,חיוכים של שוקו,גרמים,150.00,100 גרם,false,,4.90,0.0327,true,1,14943
7290005199578,false,עלית אוריגינס קפה נט,,,עלית אוריגינס קפה נט,גרמים,200.00,100 גרם,false,,33.90,0.1695,true,1,14946
7290005200786,false,תפוציפס שמנת ובצל 50,,,תפוציפס שמנת ובצל 50,גרמים,50.00,100 גרם,false,,3.90,0.0780,true,1,15894
7290005201455,false,ארומה קפה נמס 200 גר,,,ארומה קפה נמס 200 גר,גרמים,200.00,100 גרם,false,,21.90,0.1095,true,1,14949
7290005201882,false,טורקי עלית 200 גר',,,טורקי עלית 200 גר',גרמים,200.00,100 גרם,false,,14.90,0.0745,true,1,14950
7290005287206,false,טונה בשמן סטארקיסט ר,,,טונה בשמן סטארקיסט ר,גרמים,640.00,100 גרם,false,,24.90,0.0389,true,1,17387
7290005287213,false,טונה בשמן סטארקיסט ב,,,טונה בשמן סטארקיסט ב,גרמים,640.00,100 גרם,false,,24.90,0.0389,true,1,17388
7290005287251,false,טונה במים סטארקיסט ר,,,טונה במים סטארקיסט ר,גרמים,640.00,100 גרם,false,,24.90,0.0389,true,1,17389
7290005287930,false,טונה במים סטארקיסט ב,,,טונה במים סטארקיסט ב,גרמים,640.00,100 גרם,false,,24.90,0.0389,true,1,17395
7290005296246,false,יעקבי פותח סתימות אק,,,יעקבי פותח סתימות אק,מיליליטרים,946.00,"100 מ""ל",false,,26.90,0.0284,true,1,9496
7290005296260,false,אסטוניש רסס ונגב 750,,,אסטוניש רסס ונגב 750,מיליליטרים,750.00,"100 מ""ל",false,,11.90,0.0159,true,1,9497
7290005326387,false,עגבניות מיובשות בשמן,,,עגבניות מיובשות בשמן,גרמים,280.00,100 גרם,false,,16.90,0.0604,true,1,32193
7290005326523,false,אוליביה ממרח פסטו פט,,,אוליביה ממרח פסטו פט,גרמים,180.00,100 גרם,false,,12.90,0.0717,true,1,32194
7290005326585,false,אוליביה פסטו בזיליקו,,,אוליביה פסטו בזיליקו,גרמים,180.00,100 גרם,false,,11.90,0.0661,true,1,16876
7290005400155,false,פתיתים אפויים כוסמין,,,פתיתים אפויים כוסמין,גרמים,500.00,100 גרם,false,,14.90,0.0298,true,1,25206
7290005403965,false,פולי סויה 800 גר' שד,,,פולי סויה 800 גר' שד,גרמים,800.00,100 גרם,false,,14.90,0.0186,true,1,693
7290005403972,false,תחתיות ארטישוק 400 ג,,,תחתיות ארטישוק 400 ג,גרמים,400.00,100 גרם,false,,15.90,0.0398,true,1,31708
7290005403989,false,במיה קפואה 600 גרם ש,,,במיה קפואה 600 גרם ש,גרמים,600.00,100 גרם,false,,10.90,0.0182,true,1,31709
7290005423055,false,מתז פורטה פלוס בניחו,,,מתז פורטה פלוס בניחו,ליטרים,1.00,100 ליטר,false,,17.90,17.9000,true,1,19160
7290005423253,false,סנו מקסימה למייבש או,,,סנו מקסימה למייבש או,מיליליטרים,750.00,"100 מ""ל",false,,17.90,0.0239,true,1,19163
7290005423420,false,משמיד עש מבושם,,,משמיד עש מבושם,אין,0.00,יחידה,false,,21.90,0.0000,true,1,19168
7290005423499,false,סנו נירוסטה אירוסול,,,סנו נירוסטה אירוסול,מיליליטרים,476.00,"100 מ""ל",false,,19.90,0.0418,true,1,19170
7290005423567,false,סנו סושי מטלית לכל 3,,,סנו סושי מטלית לכל 3,אין,0.00,יחידה,false,,19.90,0.0000,true,1,19173
7290005423635,false,נוזל לניקוי רצפות דו,,,נוזל לניקוי רצפות דו,ארגז,2.00,ליטר,false,,21.90,10.9500,true,1,19174
7290005423734,false,מרכך כביסה סנו מקסימ,,,מרכך כביסה סנו מקסימ,ארגז,4.00,ליטר,false,,22.90,5.7250,true,1,19175
7290005423833,false,סנו פוליויקס פרקט 2,,,סנו פוליויקס פרקט 2,ארגז,2.00,ליטר,false,,21.90,10.9500,true,1,19176
7290005423871,false,משחת שיניים אורביטול,,,משחת שיניים אורביטול,גרמים,435.00,100 גרם,false,,16.90,0.0389,true,1,19177
7290005423918,false,מרכך כביסה סנו מקסימ,,,מרכך כביסה סנו מקסימ,ארגז,4.00,ליטר,false,,23.90,5.9750,true,1,19179
7290005424113,false,סנו סושי מטליות רצפה,,,סנו סושי מטליות רצפה,אין,0.00,יחידה,false,,12.90,0.0000,true,1,19181
7290005424403,false,אל סבון אצות ים כיף,,,אל סבון אצות ים כיף,ארגז,1.00,ליטר,false,,12.90,12.9000,true,1,19183
7290005424700,false,פורטה פלוס - קצף ברי,,,פורטה פלוס - קצף ברי,מיליליטרים,1.00,"100 מ""ל",false,,17.90,17.9000,true,1,19187
7290005424755,false,ריצפז פלוס מטליות לח,,,ריצפז פלוס מטליות לח,אין,0.00,יחידה,false,,14.90,0.0000,true,1,19188
7290005424847,false,סנו סופט מפיות 30*30,,,סנו סופט מפיות 30*30,אין,0.00,יחידה,false,,7.90,0.0000,true,1,19193
7290005425110,false,מתז מחטא ומשמיד 99.9,,,מתז מחטא ומשמיד 99.9,מיליליטרים,750.00,"100 מ""ל",false,,12.90,0.0172,true,1,2157
7290005425127,false,מתז 99.9% מנקה שומני,,,מתז 99.9% מנקה שומני,מיליליטרים,750.00,"100 מ""ל",false,,12.90,0.0172,true,1,183650
7290005425196,false,אבקת כביסה סנו מקסימ,,,אבקת כביסה סנו מקסימ,אלף,2.50,"ק""ג",false,,26.90,10.7600,true,1,19199
7290005425202,false,אבקת כביסה סנו מקסימ,,,אבקת כביסה סנו מקסימ,אלף,2.50,"ק""ג",false,,26.90,10.7600,true,1,19200
7290005425646,false,סנוקליר נוזל רב תכלי,,,סנוקליר נוזל רב תכלי,אין,0.00,יחידה,false,,11.90,0.0000,true,1,19202
7290005426193,false,סנו סושי ספוג הפלא,,,סנו סושי ספוג הפלא,אין,0.00,יחידה,false,,11.90,0.0000,true,1,19209
7290005426230,false,סנו סושי מטלית הפלא,,,סנו סושי מטלית הפלא,אין,0.00,יחידה,false,,12.90,0.0000,true,1,19210
7290005426940,false,סנו 300 K פלוס 8,,,סנו 300 K פלוס 8,מיליליטרים,400.00,"100 מ""ל",false,,19.90,0.0497,true,1,19221
7290005426971,false,סנובון כחול שלישיה ב,,,סנובון כחול שלישיה ב,גרמים,165.00,100 גרם,false,,15.90,0.0964,true,1,19223
7290005427107,false,סנו סושי מגבות הפלא,,,סנו סושי מגבות הפלא,מטרים,63.50,מטר,false,,11.90,0.1874,true,1,19224
7290005427725,false,ליטופים מגבונים מבוש,,,ליטופים מגבונים מבוש,אין,0.00,יחידה,false,,18.90,0.0000,true,1,19230
7290005428845,false,סנו סופט מפיות 33*33,,,סנו סופט מפיות 33*33,אין,0.00,יחידה,false,,7.90,0.0000,true,1,19239
7290005428852,false,סנו סופט מגבוני טישו,,,סנו סופט מגבוני טישו,אין,0.00,יחידה,false,,14.90,0.0000,true,1,19240
7290005429286,false,אבקת כביסה סנו מקסימ,,,אבקת כביסה סנו מקסימ,אלף,6.00,"ק""ג",false,,49.90,8.3167,true,1,19244
7290005430602,false,סנו אוקסיג'ן מסיר כת,,,סנו אוקסיג'ן מסיר כת,מיליליטרים,750.00,"100 מ""ל",false,,17.90,0.0239,true,1,19246
7290005430671,false,סנו פוליווקס קרמיקה,,,סנו פוליווקס קרמיקה,ארגז,2.00,ליטר,false,,20.90,10.4500,true,1,19247
7290005431883,false,עדן מלבי חלבי 165 גר,,,עדן מלבי חלבי 165 גר,גרמים,165.00,100 גרם,false,,6.90,0.0418,true,1,16881
7290005431906,false,עדן קדאיף 82 גרם,,,עדן קדאיף 82 גרם,גרמים,82.00,100 גרם,false,,6.90,0.0841,true,1,16883
7290005431913,false,קינוחי עדן עוגת גבינ,,,קינוחי עדן עוגת גבינ,גרמים,92.00,100 גרם,false,,6.90,0.0750,true,1,16884
7290005431920,false,עדן עוגת גבינה פירור,,,עדן עוגת גבינה פירור,גרמים,78.00,100 גרם,false,,6.90,0.0885,true,1,16885
7290005431937,false,עדן טירמיסו 82 גרם,,,עדן טירמיסו 82 גרם,גרמים,82.00,100 גרם,false,,6.90,0.0841,true,1,16886
7290005477669,false,סבון נוזלי מועשר בלח,,,סבון נוזלי מועשר בלח,אין,0.00,יחידה,false,,16.90,0.0000,true,1,19249
7290005500688,false,מסיכה לשיער פנינה רו,,,מסיכה לשיער פנינה רו,אלף,1.00,"ק""ג",false,,29.90,29.9000,true,1,12761
7290005559587,false,מאפה נקניקיות 800גר,,,מאפה נקניקיות 800גר,גרמים,800.00,100 גרם,false,,29.90,0.0374,true,1,22746
7290005559709,false,בורקס פיצה 700 גרם,,,בורקס פיצה 700 גרם,גרמים,700.00,100 גרם,false,,24.90,0.0356,true,1,22747
7290005559907,false,פיצה משפחתית גבינה 5,,,פיצה משפחתית גבינה 5,גרמים,500.00,100 גרם,false,,19.90,0.0398,true,1,22748
7290005559914,false,פיצה משפחתית זיתים 5,,,פיצה משפחתית זיתים 5,גרמים,550.00,100 גרם,false,,19.90,0.0362,true,1,22749
7290005559990,false,בצק פילאס תורכי מעדנ,,,בצק פילאס תורכי מעדנ,גרמים,600.00,100 גרם,false,,19.90,0.0332,true,1,22750
7290005576010,false,חסה מהדרין,,,חסה מהדרין,יח',1.00,יח',false,,7.90,7.9000,true,1,27617
7290005576027,false,פטרוזיליה גלאט עלים,,,פטרוזיליה גלאט עלים,יח',1.00,יח',false,,6.90,6.9000,true,1,27618
7290005576034,false,כוסברה מהדרין,,,כוסברה מהדרין,יח',1.00,יח',false,,6.90,6.9000,true,1,27619
7290005576041,false,שמיר מהדרין,,,שמיר מהדרין,יח',1.00,יח',false,,6.90,6.9000,true,1,27620
7290005576058,false,נענע מהדרין,,,נענע מהדרין,יח',1.00,יח',false,,6.90,6.9000,true,1,27621
7290005576065,false,סלרי מהדרין,,,סלרי מהדרין,יח',1.00,יח',false,,7.90,7.9000,true,1,27622
7290005576072,false,מנגולד מהדרין,,,מנגולד מהדרין,יח',1.00,יח',false,,7.90,7.9000,true,1,27623
7290005576089,false,בצל ירוק מהדרין,,,בצל ירוק מהדרין,יח',1.00,יח',false,,7.90,7.9000,true,1,27624
7290005576096,false,כרוב לבן גלאט,,,כרוב לבן גלאט,קילוגרמים,1.00,"ק""ג",true,,15.90,15.9000,true,1,27609
7290005576164,false,עשבי תיבול מהדרין,,,עשבי תיבול מהדרין,יח',1.00,יח',false,,8.90,8.9000,true,1,27627
7290005576201,false,כרוב לבן קצוץ 400 גר,,,כרוב לבן קצוץ 400 גר,גרמים,400.00,100 גרם,false,,12.90,0.0323,true,1,27629
7290005576218,false,כרוב אדום 400 גרם,,,כרוב אדום 400 גרם,גרמים,400.00,100 גרם,false,,12.90,0.0323,true,1,27630
7290005576225,false,קולסלאו 400 גרם בדץ,,,קולסלאו 400 גרם בדץ,גרמים,400.00,100 גרם,false,,12.90,0.0323,true,1,14043
7290005576591,false,עלי חסה שטופה,,,עלי חסה שטופה,יח',1.00,יח',false,,12.90,12.9000,true,1,27640
7290005591761,false,דבש טהור מפרחי בר בל,,,דבש טהור מפרחי בר בל,גרמים,400.00,100 גרם,false,,20.90,0.0522,true,1,14951
7290005610011,false,תפו`א אדום דוד משה,,,תפו`א אדום דוד משה,קילוגרמים,1.00,"ק""ג",true,,5.90,5.9000,true,1,32554
7290005610127,false,תפו`א גורמה  לבן דוד,,,תפו`א גורמה  לבן דוד,קילוגרמים,1.00,"ק""ג",true,,7.90,7.9000,true,1,32556
7290005610196,false,תפו`א בייבי גורמה,,,תפו`א בייבי גורמה,קילוגרמים,1.00,"ק""ג",true,,4.90,4.9000,true,1,32557
7290005838002,false,דניאלה מעדן גבינה 15,,,דניאלה מעדן גבינה 15,מיליליטרים,150.00,"100 מ""ל",false,,4.10,0.0273,true,1,15483
7290005838613,false,גבינה וניל 3% סקי 12,,,גבינה וניל 3% סקי 12,גרמים,125.00,100 גרם,false,,3.90,0.0312,true,1,15484
7290005838972,false,גבינת יום יום 5% סקי,,,גבינת יום יום 5% סקי,גרמים,125.00,100 גרם,false,,3.50,0.0280,true,1,15485
7290005839078,false,דנונה ביו מארז חסכון,,,דנונה ביו מארז חסכון,אלף,1.20,"ק""ג",false,,16.90,14.0833,true,1,15486
7290005839108,false,סימפוניה עם זיתים 5%,,,סימפוניה עם זיתים 5%,גרמים,200.00,100 גרם,false,,11.50,0.0575,true,1,15487
7290005839313,false,מילקי טופ מגולגלת 14,,,מילקי טופ מגולגלת 14,מיליליטרים,142.00,"100 מ""ל",false,,4.90,0.0345,true,1,15488
7290005896453,false,בירה מכבי 7.9 בקבוק,,,בירה מכבי 7.9 בקבוק,מיליליטרים,500.00,"100 מ""ל",false,,8.50,0.0170,true,1,8587
7290005896460,false,איגל בירה חזקה 7.8%,,,איגל בירה חזקה 7.8%,מיליליטרים,500.00,"100 מ""ל",false,,6.90,0.0138,true,1,8588
7290005901362,false,קבב רומני מעדני המנג,,,קבב רומני מעדני המנג,גרמים,400.00,100 גרם,false,,12.90,0.0323,true,1,31712
7290005901416,false,קבב הבית טעים טעים א,,,קבב הבית טעים טעים א,גרמים,500.00,100 גרם,false,,28.90,0.0578,true,1,31717
7290005901423,false,קבב קציצות ביתי טעים,,,קבב קציצות ביתי טעים,גרמים,500.00,100 גרם,false,,28.90,0.0578,true,1,31718
7290005901430,false,המבורגר מסעדות טעים,,,המבורגר מסעדות טעים,גרמים,480.00,100 גרם,false,,24.90,0.0519,true,1,31719
7290005901454,false,סטייק מינוט טעים טעי,,,סטייק מינוט טעים טעי,גרמים,300.00,100 גרם,false,,35.90,0.1197,true,1,31721
7290005902055,false,מגב גומי `רב מגבת,,,מגב גומי `רב מגבת,אין,0.00,יחידה,false,,59.90,0.0000,true,1,29301
7290005902185,false,יעה הפלא,,,יעה הפלא,אין,0.00,יחידה,false,,75.00,0.0000,true,1,29303
7290005902345,false,מטאטא גומי `רב מגב 2,,,מטאטא גומי `רב מגב 2,אין,0.00,יחידה,false,,59.90,0.0000,true,1,29305
7290005938238,false,פרסקו ממרח מצונן צ'י,,,פרסקו ממרח מצונן צ'י,גרמים,220.00,100 גרם,false,,17.90,0.0814,true,1,12201
7290005938245,false,פרסקו ממרח מצונן פסט,,,פרסקו ממרח מצונן פסט,גרמים,220.00,100 גרם,false,,17.90,0.0814,true,1,12202
7290005966033,false,יקבי רמת הגולן הר חר,,,יקבי רמת הגולן הר חר,מיליליטרים,750.00,"100 מ""ל",false,,32.90,0.0439,true,1,25747
7290005992018,false,גד יוגורט עיזים 3% 5,,,גד יוגורט עיזים 3% 5,מיליליטרים,500.00,"100 מ""ל",false,,12.90,0.0258,true,1,11080
7290005992575,false,גד בולגרית למריחה 5%,,,גד בולגרית למריחה 5%,גרמים,250.00,100 גרם,false,,15.80,0.0632,true,1,11081
7290005992735,false,גד לאבנה 5% 250ג,,,גד לאבנה 5% 250ג,גרמים,250.00,100 גרם,false,,10.90,0.0436,true,1,11082
7290005996078,false,סלמי סרוולט הונגרי 1,,,סלמי סרוולט הונגרי 1,גרמים,125.00,100 גרם,false,,27.90,0.2232,true,1,11686
7290005996160,true,נקניקיות צ'וריסו פרי,,,נקניקיות צ'וריסו פרי,גרמים,280.00,100 גרם,false,,20.90,0.0746,true,1,11688
7290006065018,false,אמנון 7-9 80% דג קפו,,,אמנון 7-9 80% דג קפו,קילוגרמים,1.00,"ק""ג",true,,34.90,34.9000,true,1,373151
7290006065391,false,פילה  דג נסיכת הנילו,,,פילה  דג נסיכת הנילו,קילוגרמים,1.00,"ק""ג",true,,43.90,43.9000,true,1,106383
7290006185518,false,אל סבון נוזלי כחול פ,,,אל סבון נוזלי כחול פ,אין,0.00,יחידה,false,,8.90,0.0000,true,1,12766
7290006199867,false,מנבו 20 יחידות,,,מנבו 20 יחידות,אין,0.00,יחידה,false,,32.90,0.0000,true,1,22866
7290006199942,false,פופסיקל בטעם דובדבן,,,פופסיקל בטעם דובדבן,גרמים,640.00,100 גרם,false,,24.90,0.0389,true,1,22867
7290006229427,false,"סאן בנדטו 6*500 מ""ל",,,"סאן בנדטו 6*500 מ""ל",ארגז,3.00,ליטר,false,,11.90,3.9667,true,1,8601
7290006229588,false,איגל בירה פחית זהב 5,,,איגל בירה פחית זהב 5,מיליליטרים,500.00,"100 מ""ל",false,,5.90,0.0118,true,1,8602
7290006241191,false,אגוזי מלך 150 גרם קל,,,אגוזי מלך 150 גרם קל,גרמים,150.00,100 גרם,false,,17.50,0.1167,true,1,10142
7290006241504,false,קפוא תפוזים 340 גרם,,,קפוא תפוזים 340 גרם,גרמים,340.00,100 גרם,false,,13.90,0.0409,true,1,6918
7290006241511,false,קפוא לימון נענע 340,,,קפוא לימון נענע 340,גרמים,340.00,100 גרם,false,,13.90,0.0409,true,1,6919
7290006241535,false,קפוא מנגו 340 גרם,,,קפוא מנגו 340 גרם,גרמים,340.00,100 גרם,false,,13.90,0.0409,true,1,6920
7290006241689,false,קפוא לימון 340 גרם,,,קפוא לימון 340 גרם,גרמים,340.00,100 גרם,false,,13.90,0.0409,true,1,6921
7290006251107,false,תה מסאלה ויסוצקי 2/2,,,תה מסאלה ויסוצקי 2/2,גרמים,50.00,100 גרם,false,,18.90,0.3780,true,1,16097
7290006251275,false,תה ירוק סיני,,,תה ירוק סיני,גרמים,37.50,100 גרם,false,,23.90,0.6373,true,1,16099
7290006251343,false,תה חליטה הגן הקסום פ,,,תה חליטה הגן הקסום פ,גרמים,62.50,100 גרם,false,,17.50,0.2800,true,1,1176
7290006251374,false,תה ירוק לימונית וג'י,,,תה ירוק לימונית וג'י,גרמים,25.00,100 גרם,false,,23.90,0.9560,true,1,16100
7290006251589,false,תה ירוק עם עלי נענע,,,תה ירוק עם עלי נענע,גרמים,75.00,100 גרם,false,,45.90,0.6120,true,1,16101
7290006256089,false,גאטו נגרו קברנה סובי,,,גאטו נגרו קברנה סובי,מיליליטרים,750.00,"100 מ""ל",false,,39.90,0.0532,true,1,234003
7290006256102,false,גאטו נגרו מרלו 750 מ,,,גאטו נגרו מרלו 750 מ,מיליליטרים,750.00,"100 מ""ל",false,,39.90,0.0532,true,1,234017
7290006265548,false,נבטים סינים,,,נבטים סינים,יח',1.00,יח',false,,6.90,6.9000,true,1,25695
7290006265890,false,נבטי חמניה יח,,,נבטי חמניה יח,יח',1.00,יח',false,,8.90,8.9000,true,1,22702
7290006271174,false,גחנון לאפיה בתנור מע,,,גחנון לאפיה בתנור מע,גרמים,700.00,100 גרם,false,,13.90,0.0199,true,1,22751
7290006271181,false,מעדנות גחנון אפוי 75,,,מעדנות גחנון אפוי 75,גרמים,750.00,100 גרם,false,,21.90,0.0292,true,1,22752
7290006271648,false,מיני בורקס תפו`א 800,,,מיני בורקס תפו`א 800,גרמים,800.00,100 גרם,false,,19.90,0.0249,true,1,22753
7290006271655,false,מיני בורקס גבינה 800,,,מיני בורקס גבינה 800,גרמים,800.00,100 גרם,false,,19.90,0.0249,true,1,22754
7290006272072,false,חטיפי פיצה מעדנות 65,,,חטיפי פיצה מעדנות 65,גרמים,650.00,100 גרם,false,,29.90,0.0460,true,1,22756
7290006272430,false,בצק עלים חמאה 600 גר,,,בצק עלים חמאה 600 גר,גרמים,600.00,100 גרם,false,,28.90,0.0482,true,1,22757
7290006306296,false,פסטה נונה פסטה נונה,,,פסטה נונה פסטה נונה,גרמים,400.00,100 גרם,false,,21.90,0.0547,true,1,11086
7290006306302,false,פסטה נונה ריביולי פר,,,פסטה נונה ריביולי פר,גרמים,400.00,100 גרם,false,,21.90,0.0547,true,1,11087
7290006306319,false,פסטה נונה פסטה נונה,,,פסטה נונה פסטה נונה,גרמים,400.00,100 גרם,false,,21.90,0.0547,true,1,11088
7290006306326,false,פסטה נונה ריביולי פט,,,פסטה נונה ריביולי פט,גרמים,400.00,100 גרם,false,,21.90,0.0547,true,1,11089
7290006306357,false,פסטה נונה ריביולי גב,,,פסטה נונה ריביולי גב,גרמים,400.00,100 גרם,false,,22.90,0.0572,true,1,11092
7290006342072,false,גרעין לבן 200 גרם,,,גרעין לבן 200 גרם,גרמים,200.00,100 גרם,false,,9.90,0.0495,true,1,32634
7290006342447,false,גרעיני אבטיח 200  גר,,,גרעיני אבטיח 200  גר,גרמים,200.00,100 גרם,false,,12.90,0.0645,true,1,32635
7290006342645,false,טורטייה 840 גרם,,,טורטייה 840 גרם,גרמים,840.00,100 גרם,false,,14.90,0.0177,true,1,6139
7290006374738,false,קונפיטורת תות יד מור,,,קונפיטורת תות יד מור,גרמים,340.00,100 גרם,false,,11.90,0.0350,true,1,1352
7290006449955,false,מלפפון בייבי,,,מלפפון בייבי,יח',1.00,יח',false,,9.90,9.9000,true,1,103939
7290006492432,false,גד בייבי מוצרלה 150ג,,,גד בייבי מוצרלה 150ג,גרמים,170.00,100 גרם,false,,13.90,0.0818,true,1,11094
7290006492616,false,גד בולגרית פרוסות 5%,,,גד בולגרית פרוסות 5%,גרמים,250.00,100 גרם,false,,26.90,0.1076,true,1,11095
7290006492630,false,גד גבינת גליל גד עזי,,,גד גבינת גליל גד עזי,גרמים,180.00,100 גרם,false,,21.80,0.1211,true,1,11096
7290006492685,false,גד לאבנה עזים 3% 250,,,גד לאבנה עזים 3% 250,גרמים,250.00,100 גרם,false,,16.90,0.0676,true,1,11098
7290006492852,false,גד גבינת עיזים למריח,,,גד גבינת עיזים למריח,גרמים,250.00,100 גרם,false,,16.50,0.0660,true,1,11099
7290006492913,false,לאבנה ציזיקי גד 250,,,לאבנה ציזיקי גד 250,גרמים,250.00,100 גרם,false,,12.90,0.0516,true,1,11100
7290006494917,false,טוסו וופל טעם שוקולד,,,טוסו וופל טעם שוקולד,גרמים,180.00,100 גרם,false,,10.50,0.0583,true,1,6582
7290006494924,false,מרמולייט ופל בטעם לי,,,מרמולייט ופל בטעם לי,גרמים,180.00,100 גרם,false,,10.50,0.0583,true,1,6583
7290006511157,false,פטריות שלמות שמפיניו,,,פטריות שלמות שמפיניו,גרמים,230.00,100 גרם,false,,6.90,0.0300,true,1,5335
7290006511751,false,פטריות חתוכות ויליפו,,,פטריות חתוכות ויליפו,גרמים,870.00,100 גרם,false,,11.90,0.0137,true,1,3438
7290006532008,false,צ'יפס טעים טעים 1.8,,,צ'יפס טעים טעים 1.8,אלף,1.80,"ק""ג",false,,22.90,12.7222,true,1,31723
7290006567048,false,קוסקוס ישראלי בשקית,,,קוסקוס ישראלי בשקית,גרמים,350.00,100 גרם,false,,7.90,0.0226,true,1,13075
7290006582799,false,ג'ינג'ר מסוכר 200 גר,,,ג'ינג'ר מסוכר 200 גר,גרמים,200.00,100 גרם,false,,14.90,0.0745,true,1,32639
7290006618078,false,אסטוניש מרסס ניקוי צ,,,אסטוניש מרסס ניקוי צ,מיליליטרים,750.00,"100 מ""ל",false,,11.90,0.0159,true,1,9500
7290006632111,false,ביצי דג זהבון 263 גר,,,ביצי דג זהבון 263 גר,גרמים,263.00,100 גרם,false,,25.90,0.0985,true,1,303885
7290006651730,false,20 אלכוויפס מגבונים,,,20 אלכוויפס מגבונים,אין,0.00,יחידה,false,,15.90,0.0000,true,1,42124
7290006652027,false,במבה יום הולדת מאח.1,,,במבה יום הולדת מאח.1,גרמים,300.00,100 גרם,false,,23.90,0.0797,true,1,13076
7290006653765,false,פטוציני פרפקטו 500 ג,,,פטוציני פרפקטו 500 ג,גרמים,500.00,100 גרם,false,,6.50,0.0130,true,1,13077
7290006653819,false,קוסקוס דק בשקית אסם,,,קוסקוס דק בשקית אסם,גרמים,350.00,100 גרם,false,,7.90,0.0226,true,1,13078
7290006660596,false,דגש קמח עדשים אדומות,,,דגש קמח עדשים אדומות,גרמים,500.00,100 גרם,false,,18.90,0.0378,true,1,2049
7290006660602,false,גרין קוקו - מי קוקוס,,,גרין קוקו - מי קוקוס,ארגז,1.00,ליטר,false,,16.90,16.9000,true,1,2112
7290006664037,false,גמדים ארוחת בוקר 4*1,,,גמדים ארוחת בוקר 4*1,מיליליטרים,400.00,"100 מ""ל",false,,10.80,0.0270,true,1,15489
7290006664051,false,אקטימל טבעי 14*100מל,,,אקטימל טבעי 14*100מל,ארגז,1.40,ליטר,false,,29.90,21.3571,true,1,15490
7290006664402,false,שטראוס גבינה 5% 750ג,,,שטראוס גבינה 5% 750ג,גרמים,750.00,100 גרם,false,,13.50,0.0180,true,1,15492
7290006664532,false,דנונה תות 3% 150מל,,,דנונה תות 3% 150מל,גרמים,150.00,100 גרם,false,,3.90,0.0260,true,1,15493
7290006664655,false,אקטימל טבעי 8*100מל,,,אקטימל טבעי 8*100מל,מיליליטרים,800.00,"100 מ""ל",false,,19.90,0.0249,true,1,15495
7290006664693,false,דנונה אפרסק 3% 150מל,,,דנונה אפרסק 3% 150מל,גרמים,150.00,100 גרם,false,,3.90,0.0260,true,1,15496
7290006664990,false,דנונה ביו מארז חיסכו,,,דנונה ביו מארז חיסכו,אלף,1.20,"ק""ג",false,,16.90,14.0833,true,1,15497
7290006704016,false,בזיליקום ארוז יחידה,,,בזיליקום ארוז יחידה,יח',1.00,יח',false,,5.90,5.9000,true,1,22703
7290006704047,false,רוזמרין,,,רוזמרין,יח',1.00,יח',false,,5.90,5.9000,true,1,25697
7290006704078,false,אורגנו,,,אורגנו,יח',1.00,יח',false,,5.90,5.9000,true,1,25698
7290006704092,false,מרווה יחידה,,,מרווה יחידה,יח',1.00,יח',false,,5.90,5.9000,true,1,25699
7290006704108,false,קורנית /טימין  יח',,,קורנית /טימין  יח',יח',1.00,יח',false,,5.90,5.9000,true,1,25700
7290006704511,false,תפוא ננסי מיקרוגל,,,תפוא ננסי מיקרוגל,גרמים,750.00,100 גרם,false,,6.90,0.0092,true,1,22705
7290006704733,false,אספרגוס ארוז,,,אספרגוס ארוז,יח',1.00,יח',false,,31.90,31.9000,true,1,25702
7290006739131,false,זוגלובק בצק פילו 500,,,זוגלובק בצק פילו 500,גרמים,500.00,100 גרם,false,,14.90,0.0298,true,1,823
7290006739346,false,נקניקיות פרגיות טרי,,,נקניקיות פרגיות טרי,גרמים,400.00,100 גרם,false,,11.90,0.0298,true,1,24759
7290006739407,false,שניצל תירס לייט 630,,,שניצל תירס לייט 630,גרמים,600.00,100 גרם,false,,21.90,0.0365,true,1,805
7290006739414,false,סלמי קוניאק זוגלובק,,,סלמי קוניאק זוגלובק,גרמים,300.00,100 גרם,false,,26.90,0.0897,true,1,24760
7290006739421,false,סלמי מעושן איטלקי  ז,,,סלמי מעושן איטלקי  ז,גרמים,300.00,100 גרם,false,,26.90,0.0897,true,1,24761
7290006739445,false,שניצל תירס קלאסי 750,,,שניצל תירס קלאסי 750,גרמים,750.00,100 גרם,false,,21.90,0.0292,true,1,806
7290006739544,false,כתף בקר זוגלובק 300,,,כתף בקר זוגלובק 300,גרמים,300.00,100 גרם,false,,29.90,0.0997,true,1,24762
7290006741363,false,"זוגלובק בורקס תפו""א",,,"זוגלובק בורקס תפו""א",גרמים,800.00,100 גרם,false,,13.90,0.0174,true,1,24764
7290006742278,false,פסטרממיה צלויה על לב,,,פסטרממיה צלויה על לב,גרמים,330.00,100 גרם,false,,27.90,0.0845,true,1,24765
7290006742292,false,פסטרממיה בדבש 1% 330,,,פסטרממיה בדבש 1% 330,גרמים,330.00,100 גרם,false,,27.90,0.0845,true,1,24766
7290006742315,false,חזה הודו ברביקיו 1%,,,חזה הודו ברביקיו 1%,גרמים,330.00,100 גרם,false,,27.90,0.0845,true,1,24767
7290006764072,false,גולדסטאר בירה בק חוז,,,גולדסטאר בירה בק חוז,מיליליטרים,500.00,"100 מ""ל",false,,7.90,0.0158,true,1,8605
7290006765765,false,פפאיה מיובשת מסוכרת,,,פפאיה מיובשת מסוכרת,גרמים,200.00,100 גרם,false,,11.90,0.0595,true,1,37469
7290006775016,false,עוגת תפוז מבית טוב 4,,,עוגת תפוז מבית טוב 4,גרמים,450.00,100 גרם,false,,10.90,0.0242,true,1,4001
7290006775030,false,עוגת שוקו-ציפס מבית,,,עוגת שוקו-ציפס מבית,גרמים,450.00,100 גרם,false,,10.90,0.0242,true,1,4003
7290006775047,false,עוגת שוקולד מבית טוב,,,עוגת שוקולד מבית טוב,גרמים,450.00,100 גרם,false,,10.90,0.0242,true,1,4004
7290006775795,false,אחווה עוגת תפוע ממול,,,אחווה עוגת תפוע ממול,גרמים,450.00,100 גרם,false,,11.90,0.0264,true,1,4011
7290006784308,false,"מבשם אוויר 400 מ""ל נ",,,"מבשם אוויר 400 מ""ל נ",מיליליטרים,400.00,"100 מ""ל",false,,9.90,0.0248,true,1,152648
7290006784483,false,"מבשם אוויר 400 מ""ל נ",,,"מבשם אוויר 400 מ""ל נ",מיליליטרים,400.00,"100 מ""ל",false,,9.90,0.0248,true,1,152649
7290006784865,false,ניקוי משטחי מטבח סנט,,,ניקוי משטחי מטבח סנט,ארגז,1.00,ליטר,false,,11.90,11.9000,true,1,13882
7290006788009,false,הנוסחה הקלאסית שמפו,,,הנוסחה הקלאסית שמפו,מיליליטרים,700.00,"100 מ""ל",false,,12.90,0.0184,true,1,19250
7290006788436,false,דאו' רולאון נושם פיו,,,דאו' רולאון נושם פיו,גרמים,75.00,100 גרם,false,,12.90,0.1720,true,1,19268
7290006788443,false,דאו' רולאון נושם אוק,,,דאו' רולאון נושם אוק,גרמים,75.00,100 גרם,false,,12.90,0.1720,true,1,19269
7290006788481,false,דאו' תרסיס נושם כתום,,,דאו' תרסיס נושם כתום,מיליליטרים,200.00,"100 מ""ל",false,,12.90,0.0645,true,1,19272
7290006788498,false,דאו' תרסיס נושם ורוד,,,דאו' תרסיס נושם ורוד,מיליליטרים,200.00,"100 מ""ל",false,,12.90,0.0645,true,1,19273
7290006788504,false,דאו' תרסיס נושם סגול,,,דאו' תרסיס נושם סגול,מיליליטרים,200.00,"100 מ""ל",false,,12.90,0.0645,true,1,19274
7290006805850,false,תערובת להכנת פנקייקס,,,תערובת להכנת פנקייקס,גרמים,500.00,100 גרם,false,,16.90,0.0338,true,1,10145
7290006822192,false,אושן ספרי דיאט חמוצי,,,אושן ספרי דיאט חמוצי,ארגז,1.00,ליטר,false,,11.90,11.9000,true,1,7347
7290006866363,false,פרימור מיץ אשכולית א,,,פרימור מיץ אשכולית א,ארגז,1.00,ליטר,false,,15.70,15.7000,true,1,15498
7290006908391,false,קשיו קלוי 150 גר` פי,,,קשיו קלוי 150 גר` פי,גרמים,150.00,100 גרם,false,,17.90,0.1193,true,1,4339
7290006908414,false,חמנייה 400 גרם,,,חמנייה 400 גרם,גרמים,400.00,100 גרם,false,,10.90,0.0273,true,1,4340
7290006983152,false,קרוטונים מתובלים אסם,,,קרוטונים מתובלים אסם,גרמים,400.00,100 גרם,false,,17.90,0.0447,true,1,13080
7290006983176,false,לחמית שיפון אסם 250,,,לחמית שיפון אסם 250,גרמים,230.00,100 גרם,false,,7.90,0.0343,true,1,13081
7290006983763,false,עוגת הבית שוקולד 400,,,עוגת הבית שוקולד 400,גרמים,400.00,100 גרם,false,,11.90,0.0298,true,1,13084
7290006983787,false,עוגת הבית שוקוציפס 4,,,עוגת הבית שוקוציפס 4,גרמים,400.00,100 גרם,false,,11.90,0.0298,true,1,13086
7290006983794,false,עוגת הבית תפוז 400גר,,,עוגת הבית תפוז 400גר,גרמים,400.00,100 גרם,false,,11.90,0.0298,true,1,13087
7290006992161,false,מטרנה דייסת קורנפלור,,,מטרנה דייסת קורנפלור,גרמים,200.00,100 גרם,false,,13.50,0.0675,true,1,13089
7290006992192,false,מטרנה דייסת סולת פרו,,,מטרנה דייסת סולת פרו,גרמים,200.00,100 גרם,false,,13.50,0.0675,true,1,13091
7290006992390,false,מטרנה דייסת וניל פרו,,,מטרנה דייסת וניל פרו,גרמים,200.00,100 גרם,false,,13.50,0.0675,true,1,13093
7290007811403,false,קנדה דריי גינגר בפחי,,,קנדה דריי גינגר בפחי,אין,0.00,יחידה,false,,7.10,0.0000,true,1,434865
7290008023542,false,סיף פנטסטיק שמפו רצפ,,,סיף פנטסטיק שמפו רצפ,ארגז,4.00,ליטר,false,,24.90,6.2250,true,1,9094
7290008101318,false,פירורי לחם זהוב קלאס,,,פירורי לחם זהוב קלאס,גרמים,300.00,100 גרם,false,,6.90,0.0230,true,1,355563
7290008101356,false,פירורי לחם פנקו זהוב,,,פירורי לחם פנקו זהוב,גרמים,300.00,100 גרם,false,,9.90,0.0330,true,1,372980
7290008102469,false,פירורי לחם זהוב קלאס,,,פירורי לחם זהוב קלאס,גרמים,800.00,100 גרם,false,,12.90,0.0161,true,1,355606
7290008116534,false,קולמינט מי פה ליסטרי,,,קולמינט מי פה ליסטרי,מיליליטרים,250.00,"100 מ""ל",false,,17.90,0.0716,true,1,18896
7290008116541,false,מי פה ליסטרין בטעם מ,,,מי פה ליסטרין בטעם מ,מיליליטרים,500.00,"100 מ""ל",false,,22.90,0.0458,true,1,18897
7290008116565,false,מי פה פרש ליסטרין 50,,,מי פה פרש ליסטרין 50,מיליליטרים,500.00,"100 מ""ל",false,,22.90,0.0458,true,1,18899
7290008154222,false,שניצלונים עוף טוב 70,,,שניצלונים עוף טוב 70,גרמים,700.00,100 גרם,false,,19.90,0.0284,true,1,13653
7290008175173,false,חמאה מפינלנד 200גר',,,חמאה מפינלנד 200גר',גרמים,200.00,100 גרם,false,,11.90,0.0595,true,1,5337
7290008175814,false,פטריות חתוכות שמפיני,,,פטריות חתוכות שמפיני,גרמים,400.00,100 גרם,false,,4.90,0.0123,true,1,5340
7290008268240,true,מארז תפוח קריפס פינק,,,מארז תפוח קריפס פינק,גרמים,900.00,100 גרם,false,,10.90,0.0121,true,1,258668
7290008268301,false,אוכמניות,,,אוכמניות,גרמים,120.00,100 גרם,false,,11.90,0.0992,true,1,29472
7290008300308,false,45 מפת שולחן ניילון,,,45 מפת שולחן ניילון,אין,0.00,יחידה,false,,35.90,0.0000,true,1,183509
7290008300599,false,70*50 'שקיות אשפה שר,,,70*50 'שקיות אשפה שר,אין,0.00,יחידה,false,,14.90,0.0000,true,1,183512
7290008300629,false,שקיות אוכל בקופסא של,,,שקיות אוכל בקופסא של,אין,0.00,יחידה,false,,11.90,0.0000,true,1,26710
7290008333115,false,.ג'לטין טהור 28 גר,,,.ג'לטין טהור 28 גר,גרמים,28.00,100 גרם,false,,9.90,0.3536,true,1,12207
7290008340618,false,סלמון 100 מעושן מצונ,,,סלמון 100 מעושן מצונ,גרמים,100.00,100 גרם,false,,19.90,0.1990,true,1,12209
7290008343466,false,בצק פילו 500 גרם,,,בצק פילו 500 גרם,גרמים,500.00,100 גרם,false,,19.90,0.0398,true,1,12210
7290008344258,false,המבורגר מזרחי 400 ג',,,המבורגר מזרחי 400 ג',גרמים,400.00,100 גרם,false,,16.90,0.0422,true,1,12212
7290008344272,false,המבורגר 100% 400 ג'-,,,המבורגר 100% 400 ג'-,גרמים,400.00,100 גרם,false,,16.90,0.0422,true,1,12213
7290008345118,false,מקרל בשמן דלידג 240,,,מקרל בשמן דלידג 240,גרמים,240.00,100 גרם,false,,24.90,0.1037,true,1,12214
7290008345583,false,300 איקרה ביתית ורוד,,,300 איקרה ביתית ורוד,גרמים,300.00,100 גרם,false,,19.90,0.0663,true,1,12216
7290008347211,false,דלידג אצבעות דג 700,,,דלידג אצבעות דג 700,גרמים,700.00,100 גרם,false,,19.90,0.0284,true,1,12217
7290008409124,false,מאמא עוף קפוא שניצל,,,מאמא עוף קפוא שניצל,גרמים,700.00,100 גרם,false,,30.90,0.0441,true,1,16554
7290008409216,false,מאמא עוף קפוא שניצל,,,מאמא עוף קפוא שניצל,גרמים,700.00,100 גרם,false,,35.90,0.0513,true,1,16555
7290008409223,false,שניצל דק מתובל מאמא,,,שניצל דק מתובל מאמא,גרמים,700.00,100 גרם,false,,35.90,0.0513,true,1,16556
7290008409315,false,מאמא עוף מיני דק שני,,,מאמא עוף מיני דק שני,גרמים,500.00,100 גרם,false,,24.90,0.0498,true,1,16557
7290008409407,false,מאמא עוף שניצל דק צי,,,מאמא עוף שניצל דק צי,גרמים,700.00,100 גרם,false,,35.90,0.0513,true,1,16559
7290008409551,false,שניצל עוף אמיתי בציפ,,,שניצל עוף אמיתי בציפ,גרמים,700.00,100 גרם,false,,29.90,0.0427,true,1,16563
7290008409582,false,שניצל אמיתי בציפוי ב,,,שניצל אמיתי בציפוי ב,גרמים,700.00,100 גרם,false,,29.90,0.0427,true,1,16565
7290008409773,false,מאמא עוף קפוא קציצות,,,מאמא עוף קפוא קציצות,גרמים,700.00,100 גרם,false,,28.90,0.0413,true,1,16569
7290008415071,false,צבר חומוס עם טחינה 1,,,צבר חומוס עם טחינה 1,גרמים,150.00,100 גרם,false,,4.90,0.0327,true,1,13655
7290008443616,false,מרכך לשיער יבש אדום,,,מרכך לשיער יבש אדום,מיליליטרים,750.00,"100 מ""ל",false,,11.90,0.0159,true,1,19281
7290008443647,false,מרכך לשיער מתולתל סג,,,מרכך לשיער מתולתל סג,מיליליטרים,750.00,"100 מ""ל",false,,11.90,0.0159,true,1,19283
7290008461221,false,סרדינים רוברט שמן חמ,,,סרדינים רוברט שמן חמ,גרמים,115.00,100 גרם,false,,6.90,0.0600,true,1,127204
7290008461238,false,סרדינים רוברט בשמן ח,,,סרדינים רוברט בשמן ח,גרמים,115.00,100 גרם,false,,6.90,0.0600,true,1,127205
7290008462204,false,חרדל דיזון מקורי 380,,,חרדל דיזון מקורי 380,גרמים,380.00,100 גרם,false,,17.90,0.0471,true,1,12219
7290008462259,false,חרדל דיזון חריף גרגי,,,חרדל דיזון חריף גרגי,גרמים,380.00,100 גרם,false,,16.90,0.0445,true,1,12220
7290008464024,false,גולדסטאר לא מסונן פח,,,גולדסטאר לא מסונן פח,מיליליטרים,500.00,"100 מ""ל",false,,8.90,0.0178,true,1,8623
7290008464222,false,מכבי 7.9 פחית 500 מל,,,מכבי 7.9 פחית 500 מל,מיליליטרים,500.00,"100 מ""ל",false,,7.90,0.0158,true,1,8626
7290008464338,false,"מכבי בקבוק ח""פ 330מ""",,,"מכבי בקבוק ח""פ 330מ""",מיליליטרים,330.00,"100 מ""ל",false,,8.10,0.0245,true,1,8630
7290008464345,false,"גולדסטאר בירה ח""פ 33",,,"גולדסטאר בירה ח""פ 33",אין,330.00,יחידה,false,,8.70,0.0264,true,1,8631
7290008464468,false,"גולדסטאר פחית 500מ""ל",,,"גולדסטאר פחית 500מ""ל",מיליליטרים,500.00,"100 מ""ל",false,,7.90,0.0158,true,1,8633
7290008464475,false,"מכבי פחית 500מ""ל",,,"מכבי פחית 500מ""ל",מיליליטרים,500.00,"100 מ""ל",false,,6.90,0.0138,true,1,8634
7290008464505,false,סן בנדטו 0.5ל. מים מ,,,סן בנדטו 0.5ל. מים מ,מיליליטרים,500.00,"100 מ""ל",false,,3.50,0.0070,true,1,8636
7290008464604,false,הייניקן בירה פח 500מ,,,הייניקן בירה פח 500מ,מיליליטרים,500.00,"100 מ""ל",false,,12.50,0.0250,true,1,8638
7290008464611,false,"מי סודה טמפו 275 מ""ל",,,"מי סודה טמפו 275 מ""ל",מיליליטרים,275.00,"100 מ""ל",false,,3.50,0.0127,true,1,8639
7290008464697,false,מכבי 7.9% בקבוק 6* 3,,,מכבי 7.9% בקבוק 6* 3,ארגז,1.98,ליטר,false,,37.90,19.1414,true,1,8641
7290008464703,false,בירה מכבי מארז 6 *33,,,בירה מכבי מארז 6 *33,ארגז,1.98,ליטר,false,,34.90,17.6263,true,1,8642
7290008464734,false,גולדסטאר SLOW BREW 3,,,גולדסטאר SLOW BREW 3,ארגז,1.98,ליטר,false,,35.90,18.1313,true,1,8643
7290008464741,false,"גולדסטאר ח""פ בקבוק 6",,,"גולדסטאר ח""פ בקבוק 6",ארגז,1.98,ליטר,false,,37.90,19.1414,true,1,8644
7290008464796,false,"הייניקן בקבוק ח""פ 6*",,,"הייניקן בקבוק ח""פ 6*",ארגז,1.98,ליטר,false,,38.90,19.6465,true,1,8645
7290008470766,false,אורביט סטיקס בטעם פפ,,,אורביט סטיקס בטעם פפ,אין,0.00,יחידה,false,,14.00,0.0000,true,1,14176
7290008634045,false,סאני פלסטר שקוף  30י,,,סאני פלסטר שקוף  30י,אין,0.00,יחידה,false,,6.90,0.0000,true,1,410525
7290008634700,false,כפפות לאטקס סייף טאצ,,,כפפות לאטקס סייף טאצ,אין,0.00,יחידה,false,,22.90,0.0000,true,1,4087
7290008636926,false,קקאו הולנדי 500גר. ב,,,קקאו הולנדי 500גר. ב,גרמים,500.00,100 גרם,false,,16.90,0.0338,true,1,11311
7290008644112,false,אחלה מטבוחה 125ג,,,אחלה מטבוחה 125ג,גרמים,125.00,100 גרם,false,,4.90,0.0392,true,1,15499
7290008644235,false,עלי בייבי 120 ג ירקו,,,עלי בייבי 120 ג ירקו,גרמים,120.00,100 גרם,false,,9.90,0.0825,true,1,15500
7290008644945,false,סלט המושבה 450 ג ירק,,,סלט המושבה 450 ג ירק,גרמים,450.00,100 גרם,false,,10.90,0.0242,true,1,15502
7290008670012,false,רקנאטי  קברנה סובניו,,,רקנאטי  קברנה סובניו,מיליליטרים,750.00,"100 מ""ל",false,,54.90,0.0732,true,1,25753
7290008670142,false,רקנאטי יסמין אדום 75,,,רקנאטי יסמין אדום 75,מיליליטרים,750.00,"100 מ""ל",false,,36.90,0.0492,true,1,25755
7290008670159,false,רקנאטי יסמין לבן 750,,,רקנאטי יסמין לבן 750,מיליליטרים,750.00,"100 מ""ל",false,,36.90,0.0492,true,1,25756
7290008670210,false,"רקנאטי שירז 750 מ""ל",,,"רקנאטי שירז 750 מ""ל",ליטרים,750.00,100 ליטר,false,,54.90,0.0732,true,1,25757
7290008690713,false,אושן ספרי חמוציות 1ל,,,אושן ספרי חמוציות 1ל,ארגז,1.00,ליטר,false,,11.90,11.9000,true,1,7362
7290008693134,false,דניאלה תות מעדן גבינ,,,דניאלה תות מעדן גבינ,מיליליטרים,150.00,"100 מ""ל",false,,4.10,0.0273,true,1,15504
7290008713900,false,לחם שיפון עגול אנגל,,,לחם שיפון עגול אנגל,גרמים,750.00,100 גרם,false,,13.90,0.0185,true,1,22639
7290008713917,false,לחם שיפון כהה אנגל 7,,,לחם שיפון כהה אנגל 7,גרמים,750.00,100 גרם,false,,13.90,0.0185,true,1,22640
7290008745239,false,תפוציפס קראנץ טבעי 5,,,תפוציפס קראנץ טבעי 5,גרמים,50.00,100 גרם,false,,3.90,0.0780,true,1,15895
7290008747547,false,תפוציפס קראנץ טבעי 2,,,תפוציפס קראנץ טבעי 2,גרמים,200.00,100 גרם,false,,9.90,0.0495,true,1,15896
7290008750264,false,מאסט דובדבן 28ג,,,מאסט דובדבן 28ג,גרמים,28.00,100 גרם,false,,4.30,0.1536,true,1,1099
7290008752244,false,תפוציפס קראנץ גריל 5,,,תפוציפס קראנץ גריל 5,גרמים,50.00,100 גרם,false,,3.90,0.0780,true,1,15897
7290008753111,false,תפוציפס מקסיקני 50גר,,,תפוציפס מקסיקני 50גר,גרמים,50.00,100 גרם,false,,3.90,0.0780,true,1,15898
7290008757034,false,"סודה שוופס 250 מ""ל ב",,,"סודה שוופס 250 מ""ל ב",מיליליטרים,250.00,"100 מ""ל",false,,3.90,0.0156,true,1,9659
7290008757072,false,שוופס פחית תות 330 מ,,,שוופס פחית תות 330 מ,מיליליטרים,330.00,"100 מ""ל",false,,4.50,0.0136,true,1,9661
7290008757980,false,ספרינג רימונים 1ל,,,ספרינג רימונים 1ל,ארגז,1.00,ליטר,false,,6.90,6.9000,true,1,9666
7290008775816,false,ערגליות שוקולד 300 ג,,,ערגליות שוקולד 300 ג,גרמים,300.00,100 גרם,false,,9.90,0.0330,true,1,13094
7290008775823,false,ערגליות תות שדה 300,,,ערגליות תות שדה 300,גרמים,300.00,100 גרם,false,,9.90,0.0330,true,1,13095
7290008792264,false,מפיות טאצ' 100,,,מפיות טאצ' 100,אין,0.00,יחידה,false,,4.90,0.0000,true,1,16010
7290008801010,false,יין  P.C  קברנה סובי,,,יין  P.C  קברנה סובי,מיליליטרים,750.00,"100 מ""ל",false,,39.90,0.0532,true,1,3928
7290008801157,false,יין סלקטד מרלו 750 מ,,,יין סלקטד מרלו 750 מ,מיליליטרים,750.00,"100 מ""ל",false,,29.90,0.0399,true,1,3931
7290008801478,false,"טופז זהב 750 מ""ל",,,"טופז זהב 750 מ""ל",מיליליטרים,750.00,"100 מ""ל",false,,20.90,0.0279,true,1,3932
7290008801522,false,יין קונקורד קינג דיו,,,יין קונקורד קינג דיו,מיליליטרים,750.00,"100 מ""ל",false,,21.90,0.0292,true,1,3933
7290008801546,false,יין קונקורד קינג דיו,,,יין קונקורד קינג דיו,מיליליטרים,750.00,"100 מ""ל",false,,21.90,0.0292,true,1,3935
7290008801843,false,יין סלקטד קברנה סובנ,,,יין סלקטד קברנה סובנ,מיליליטרים,750.00,"100 מ""ל",false,,29.90,0.0399,true,1,3936
7290008801850,false,יין סלקטד אמרלד ריזל,,,יין סלקטד אמרלד ריזל,מיליליטרים,750.00,"100 מ""ל",false,,29.90,0.0399,true,1,3937
7290008802291,false,"יין  P.C  מרלו 750מ""",,,"יין  P.C  מרלו 750מ""",מיליליטרים,750.00,"100 מ""ל",false,,39.90,0.0532,true,1,3938
7290008802512,false,יין וינו אדום יבש,,,יין וינו אדום יבש,מיליליטרים,750.00,"100 מ""ל",false,,21.90,0.0292,true,1,3939
7290008802895,false,יין  P.C  קברנה סובי,,,יין  P.C  קברנה סובי,מיליליטרים,750.00,"100 מ""ל",false,,39.90,0.0532,true,1,3941
7290008803090,false,מרלו סדרה אזורית,,,מרלו סדרה אזורית,מיליליטרים,750.00,"100 מ""ל",false,,59.90,0.0799,true,1,3943
7290008804189,false,קברנה סוביניון סדרה,,,קברנה סוביניון סדרה,מיליליטרים,750.00,"100 מ""ל",false,,59.90,0.0799,true,1,3944
7290008805384,false,יין סלקטד מוסקטו 750,,,יין סלקטד מוסקטו 750,מיליליטרים,750.00,"100 מ""ל",false,,29.90,0.0399,true,1,3951
7290008805520,false,יין סלקטד קברנה סובנ,,,יין סלקטד קברנה סובנ,מיליליטרים,750.00,"100 מ""ל",false,,29.90,0.0399,true,1,3952
7290008805964,false,קברנה/שיראז סדרה אזו,,,קברנה/שיראז סדרה אזו,מיליליטרים,750.00,"100 מ""ל",false,,59.90,0.0799,true,1,3953
7290008806961,false,קרמיסימו שוקולד שבבי,,,קרמיסימו שוקולד שבבי,ארגז,1.33,ליטר,false,,18.90,14.2105,true,1,5939
7290008806985,false,קרמיסימו נישנושים ש.,,,קרמיסימו נישנושים ש.,גרמים,630.00,100 גרם,false,,49.90,0.0792,true,1,5940
7290008830676,false,"פריט מבצע 5 ש""ח",,,"פריט מבצע 5 ש""ח",אין,0.00,יחידה,false,,5.00,0.0000,true,1,20539
7290008830690,false,"פריט מבצע 10 ש""ח.",,,"פריט מבצע 10 ש""ח.",אין,0.00,יחידה,false,,10.00,0.0000,true,1,20540
7290008849470,false,אוליביה ממרח פלפל צו,,,אוליביה ממרח פלפל צו,גרמים,185.00,100 גרם,false,,12.90,0.0697,true,1,32195
7290008849661,false,אוליביה ממרח עגבניות,,,אוליביה ממרח עגבניות,גרמים,180.00,100 גרם,false,,11.90,0.0661,true,1,16889
7290008849753,false,רוטב טריאקי עשיר אול,,,רוטב טריאקי עשיר אול,מיליליטרים,300.00,"100 מ""ל",false,,13.50,0.0450,true,1,32198
7290008849838,false,אוליביה טפנד זיתים 1,,,אוליביה טפנד זיתים 1,גרמים,180.00,100 גרם,false,,11.90,0.0661,true,1,16891
7290008849845,false,אוליביה אריסה פיקנטי,,,אוליביה אריסה פיקנטי,גרמים,185.00,100 גרם,false,,11.90,0.0643,true,1,16892
7290008909853,false,קוקה קולה זירו 500 מ,,,קוקה קולה זירו 500 מ,מיליליטרים,500.00,"100 מ""ל",false,,6.90,0.0138,true,1,7376
7290008909860,false,קוקה קולה זירו בקבוק,,,קוקה קולה זירו בקבוק,ארגז,1.50,ליטר,false,,8.00,5.3333,true,1,7377
7290008945172,false,גלילונית אשפה למטבח,,,גלילונית אשפה למטבח,אין,0.00,יחידה,false,,12.90,0.0000,true,1,6585
7290008945202,false,גלילונית לאשפה משרדי,,,גלילונית לאשפה משרדי,אין,0.00,יחידה,false,,12.90,0.0000,true,1,6586
7290008975551,false,מטרנה מהדרין  שלב 3,,,מטרנה מהדרין  שלב 3,גרמים,700.00,100 גרם,false,,49.90,0.0713,true,1,13097
7290009018004,false,פיקדון בקבוק/פחית בו,,,פיקדון בקבוק/פחית בו,אין,0.00,יחידה,false,,0.30,0.0000,true,1,773
7290009018011,false,פיקדון בקבוק/פחיות ש,,,פיקדון בקבוק/פחיות ש,אין,0.00,יחידה,false,,1.80,0.0000,true,1,3704
7290009018264,false,פיקדון בקבוק/פחית רב,,,פיקדון בקבוק/פחית רב,אין,0.00,יחידה,false,,1.20,0.0000,true,1,3712
7290009023480,false,פיקדון בקבוק 12 יח,,,פיקדון בקבוק 12 יח,אין,0.00,יחידה,false,,3.60,0.0000,true,1,29990
7290009174397,false,כריך עובד מגה,,,כריך עובד מגה,אין,0.00,יחידה,false,,1.50,0.0000,true,1,29125
7290009400108,false,סל נשיאה רב פעמי - מ,,,סל נשיאה רב פעמי - מ,אין,0.00,יחידה,false,,3.90,0.0000,true,1,127683
7290010002023,false,מימון כורכום הודי טח,,,מימון כורכום הודי טח,גרמים,100.00,100 גרם,false,,11.90,0.1190,true,1,3840
7290010002030,false,מימון כמון במיכל 100,,,מימון כמון במיכל 100,גרמים,100.00,100 גרם,false,,11.90,0.1190,true,1,3841
7290010002061,false,מימון פלפל לבן טחון,,,מימון פלפל לבן טחון,גרמים,100.00,100 גרם,false,,17.50,0.1750,true,1,3842
7290010002078,false,מימון פלפל שחור טחון,,,מימון פלפל שחור טחון,גרמים,100.00,100 גרם,false,,14.50,0.1450,true,1,3843
7290010002092,false,מימון פלפל שחור גרוס,,,מימון פלפל שחור גרוס,גרמים,90.00,100 גרם,false,,14.50,0.1611,true,1,3844
7290010002108,false,מימון פלפל שחור גרוס,,,מימון פלפל שחור גרוס,גרמים,90.00,100 גרם,false,,14.50,0.1611,true,1,3845
7290010002122,false,מימון פפריקה הונגרית,,,מימון פפריקה הונגרית,גרמים,100.00,100 גרם,false,,11.90,0.1190,true,1,3846
7290010002139,false,מימון פפריקה הונגרית,,,מימון פפריקה הונגרית,גרמים,100.00,100 גרם,false,,11.90,0.1190,true,1,3847
7290010002146,false,מימון פפריקה מרוקאית,,,מימון פפריקה מרוקאית,גרמים,100.00,100 גרם,false,,11.90,0.1190,true,1,3848
7290010002283,false,מימון תבלין על האש ב,,,מימון תבלין על האש ב,גרמים,100.00,100 גרם,false,,11.90,0.1190,true,1,3851
7290010002306,false,מימון תיבול לקציצות,,,מימון תיבול לקציצות,גרמים,100.00,100 גרם,false,,11.90,0.1190,true,1,3853
7290010002320,false,מימון תיבול לגריל עו,,,מימון תיבול לגריל עו,גרמים,100.00,100 גרם,false,,11.90,0.1190,true,1,3855
7290010002344,false,מימון תיבול לדג 100,,,מימון תיבול לדג 100,גרמים,100.00,100 גרם,false,,11.90,0.1190,true,1,3857
7290010002368,false,מימון תערובת חווג` ל,,,מימון תערובת חווג` ל,גרמים,100.00,100 גרם,false,,11.90,0.1190,true,1,3859
7290010002375,false,מימון קארי 100 גרם,,,מימון קארי 100 גרם,גרמים,100.00,100 גרם,false,,11.90,0.1190,true,1,3860
7290010002382,false,מימון אורגנו במיכל 4,,,מימון אורגנו במיכל 4,גרמים,40.00,100 גרם,false,,9.50,0.2375,true,1,1204
7290010002399,false,מימון בזיליקום 40 גר,,,מימון בזיליקום 40 גר,גרמים,40.00,100 גרם,false,,9.50,0.2375,true,1,1205
7290010002436,false,מימון פטרוזיליה במיכ,,,מימון פטרוזיליה במיכ,גרמים,25.00,100 גרם,false,,9.50,0.3800,true,1,1208
7290010002443,false,מימון רוזמרין במיכל,,,מימון רוזמרין במיכל,גרמים,40.00,100 גרם,false,,9.50,0.2375,true,1,1209
7290010002481,false,מימון שום טחון במיכל,,,מימון שום טחון במיכל,גרמים,100.00,100 גרם,false,,14.50,0.1450,true,1,3861
7290010002498,false,מימון שום גבישי 120,,,מימון שום גבישי 120,גרמים,120.00,100 גרם,false,,14.50,0.1208,true,1,3862
7290010002597,false,מימון כוסברה ירוקה ב,,,מימון כוסברה ירוקה ב,גרמים,20.00,100 גרם,false,,9.50,0.4750,true,1,1211
7290010002658,false,מימון פלפל יבש מתוק,,,מימון פלפל יבש מתוק,גרמים,150.00,100 גרם,false,,15.90,0.1060,true,1,3863
7290010002696,false,אקסטרא צ'יפס אורז חו,,,אקסטרא צ'יפס אורז חו,גרמים,60.00,100 גרם,false,,8.50,0.1417,true,1,355620
7290010002726,false,מימון תיבול לפרגיות,,,מימון תיבול לפרגיות,גרמים,100.00,100 גרם,false,,11.90,0.1190,true,1,3864
7290010003051,false,מימון פפריקה הונגרית,,,מימון פפריקה הונגרית,גרמים,400.00,100 גרם,false,,24.90,0.0622,true,1,3865
7290010003075,false,מימון פפריקה מרוקאית,,,מימון פפריקה מרוקאית,גרמים,400.00,100 גרם,false,,24.90,0.0622,true,1,3866
7290010003693,false,מימון פפריקה מתוקה ש,,,מימון פפריקה מתוקה ש,גרמים,80.00,100 גרם,false,,5.90,0.0738,true,1,1213
7290010003709,false,מימון פלפל שחור טחון,,,מימון פלפל שחור טחון,גרמים,50.00,100 גרם,false,,7.90,0.1580,true,1,3868
7290010003754,false,מימון כמון טחון שקית,,,מימון כמון טחון שקית,גרמים,50.00,100 גרם,false,,5.90,0.1180,true,1,1214
7290010003761,false,מימון כורכום טחון שק,,,מימון כורכום טחון שק,גרמים,80.00,100 גרם,false,,5.90,0.0738,true,1,1215
7290010003778,false,מימון תיבול לגריל עו,,,מימון תיבול לגריל עו,גרמים,80.00,100 גרם,false,,5.90,0.0738,true,1,1216
7290010003792,false,מימון מלח לימון שקית,,,מימון מלח לימון שקית,גרמים,100.00,100 גרם,false,,5.90,0.0590,true,1,1217
7290010003808,false,מימון זעתר ושומשום ש,,,מימון זעתר ושומשום ש,גרמים,80.00,100 גרם,false,,5.90,0.0738,true,1,1218
7290010003822,false,מימון פפריקה חריפה ש,,,מימון פפריקה חריפה ש,גרמים,80.00,100 גרם,false,,5.90,0.0738,true,1,1219
7290010003839,false,מימון קינמון טחון שק,,,מימון קינמון טחון שק,גרמים,80.00,100 גרם,false,,5.90,0.0738,true,1,1220
7290010003846,false,מימון אורגנו שקית 20,,,מימון אורגנו שקית 20,גרמים,20.00,100 גרם,false,,5.90,0.2950,true,1,1221
7290010023141,false,תה לימונענע 25 שק',,,תה לימונענע 25 שק',גרמים,50.00,100 גרם,false,,17.50,0.3500,true,1,1177
7290010045006,false,עוגיות חמאה פריכות ל,,,עוגיות חמאה פריכות ל,גרמים,200.00,100 גרם,false,,18.90,0.0945,true,1,16107
7290010045051,false,עוגיות מלבן שקדים לח,,,עוגיות מלבן שקדים לח,גרמים,200.00,100 גרם,false,,18.90,0.0945,true,1,16109
7290010045068,false,עוגיות הנסיכה לחמי 2,,,עוגיות הנסיכה לחמי 2,גרמים,250.00,100 גרם,false,,18.90,0.0756,true,1,16110
7290010065318,false,מחית פרינוק גוניור ת,,,מחית פרינוק גוניור ת,גרמים,190.00,100 גרם,false,,6.90,0.0363,true,1,5612
7290010065745,false,פרינוק ג'וניור לפתן,,,פרינוק ג'וניור לפתן,גרמים,190.00,100 גרם,false,,6.90,0.0363,true,1,5616
7290010066087,false,טונה בשמן זית פילטונ,,,טונה בשמן זית פילטונ,גרמים,160.00,100 גרם,false,,7.50,0.0469,true,1,17349
7290010066513,false,נתחי טונה בשמן צמחי,,,נתחי טונה בשמן צמחי,גרמים,632.00,100 גרם,false,,22.90,0.0362,true,1,17350
7290010066520,false,טונה בשמן קנולה פילט,,,טונה בשמן קנולה פילט,גרמים,158.00,100 גרם,false,,6.00,0.0380,true,1,17351
7290010066575,false,נתחי טונה במים פילטו,,,נתחי טונה במים פילטו,גרמים,632.00,100 גרם,false,,22.90,0.0362,true,1,17352
7290010066582,false,נתחי טונה בשמן קנולה,,,נתחי טונה בשמן קנולה,גרמים,632.00,100 גרם,false,,22.90,0.0362,true,1,17353
7290010066599,false,נתחי טונה בשמן זית פ,,,נתחי טונה בשמן זית פ,גרמים,632.00,100 גרם,false,,26.90,0.0426,true,1,17354
7290010116980,false,שוקולית 850 גרם,,,שוקולית 850 גרם,גרמים,850.00,100 גרם,false,,15.90,0.0187,true,1,14971
7290010117864,false,דוריטוס חריף אש 70 ג,,,דוריטוס חריף אש 70 ג,גרמים,70.00,100 גרם,false,,3.60,0.0514,true,1,15899
7290010118328,false,תפוצ'יפס טבעי 6*40 ג,,,תפוצ'יפס טבעי 6*40 ג,גרמים,240.00,100 גרם,false,,11.90,0.0496,true,1,15901
7290010124107,false,סטייק בורגר 400 גרם,,,סטייק בורגר 400 גרם,גרמים,400.00,100 גרם,false,,14.90,0.0373,true,1,22588
7290010124190,false,שניצל בקר מלינסה אל,,,שניצל בקר מלינסה אל,גרמים,250.00,100 גרם,false,,10.90,0.0436,true,1,22589
7290010129300,false,עוגיות רייף מרוקאיות,,,עוגיות רייף מרוקאיות,גרמים,350.00,100 גרם,false,,17.90,0.0511,true,1,13903
7290010129652,false,עוגיות לקפה דולצ'ה ו,,,עוגיות לקפה דולצ'ה ו,גרמים,350.00,100 גרם,false,,17.90,0.0511,true,1,13917
7290010129676,false,עוגיות מרוקאיות ארוך,,,עוגיות מרוקאיות ארוך,גרמים,350.00,100 גרם,false,,17.90,0.0511,true,1,13919
7290010129959,false,עוגיות שמרים רוגלעך,,,עוגיות שמרים רוגלעך,גרמים,400.00,100 גרם,false,,10.90,0.0273,true,1,13932
7290010153510,false,בורגול מיה 500 גרם,,,בורגול מיה 500 גרם,גרמים,500.00,100 גרם,false,,5.50,0.0110,true,1,11320
7290010153688,false,חומץ טבעי מיה 1 ליטר,,,חומץ טבעי מיה 1 ליטר,ארגז,1.00,ליטר,false,,6.90,6.9000,true,1,11324
7290010153695,false,מיה פול 500גר,,,מיה פול 500גר,גרמים,500.00,100 גרם,false,,7.90,0.0158,true,1,11325
7290010153770,false,ציפוי לשניצל פיקנטי,,,ציפוי לשניצל פיקנטי,גרמים,500.00,100 גרם,false,,8.90,0.0178,true,1,11327
7290010153787,false,ציפוי לשניצל עם שום,,,ציפוי לשניצל עם שום,גרמים,500.00,100 גרם,false,,8.90,0.0178,true,1,11328
7290010153794,false,ציפוי לשניצל עם עשבי,,,ציפוי לשניצל עם עשבי,גרמים,500.00,100 גרם,false,,8.90,0.0178,true,1,11329
7290010153800,false,ציפוי לשניצל עם תיבו,,,ציפוי לשניצל עם תיבו,גרמים,500.00,100 גרם,false,,8.90,0.0178,true,1,11330
7290010153817,false,ריבת חלב מיה 400 גרם,,,ריבת חלב מיה 400 גרם,גרמים,400.00,100 גרם,false,,12.50,0.0313,true,1,11331
7290010154005,false,סחוג תימני ירוק 250,,,סחוג תימני ירוק 250,גרמים,250.00,100 גרם,false,,12.90,0.0516,true,1,12222
7290010154012,false,לימון כבוש 250 ביטון,,,לימון כבוש 250 ביטון,גרמים,250.00,100 גרם,false,,12.90,0.0516,true,1,12223
7290010154029,false,250 אריסה מתוקה ביטו,,,250 אריסה מתוקה ביטו,גרמים,250.00,100 גרם,false,,12.90,0.0516,true,1,12224
7290010154241,false,סלט חזרת ביטון 250 ג,,,סלט חזרת ביטון 250 ג,גרמים,250.00,100 גרם,false,,12.90,0.0516,true,1,12226
7290010154418,false,יוחאי ביטון סחוג אדו,,,יוחאי ביטון סחוג אדו,גרמים,130.00,100 גרם,false,,7.90,0.0608,true,1,12228
7290010154678,false,יוחאי ביטון אריסה מר,,,יוחאי ביטון אריסה מר,גרמים,250.00,100 גרם,false,,12.90,0.0516,true,1,12230
7290010154685,false,סלט שום כתוש 250 גר',,,סלט שום כתוש 250 גר',גרמים,250.00,100 גרם,false,,12.90,0.0516,true,1,12231
7290010192007,false,פטרוזיליה,,,פטרוזיליה,יח',1.00,יח',false,,3.50,3.5000,true,1,22707
7290010192014,false,שמיר,,,שמיר,יח',1.00,יח',false,,3.50,3.5000,true,1,22708
7290010192021,false,כוסברה,,,כוסברה,יח',1.00,יח',false,,3.50,3.5000,true,1,22709
7290010192038,false,שורש פטרוזיליה ארוז,,,שורש פטרוזיליה ארוז,יח',1.00,יח',false,,5.90,5.9000,true,1,22710
7290010192045,false,נענע יחידה,,,נענע יחידה,יח',1.00,יח',false,,3.50,3.5000,true,1,22711
7290010192052,false,סלרי עלים (אמריקאי),,,סלרי עלים (אמריקאי),יח',1.00,יח',false,,5.90,5.9000,true,1,22712
7290010192069,false,סלרי ראש ארוז,,,סלרי ראש ארוז,יח',1.00,יח',false,,5.90,5.9000,true,1,22713
7290010192083,false,מנגולד ארוז,,,מנגולד ארוז,יח',1.00,יח',false,,6.90,6.9000,true,1,22714
7290010192137,false,לוף ארוז ליח,,,לוף ארוז ליח,יח',1.00,יח',false,,8.90,8.9000,true,1,22715
7290010195268,false,פופסטאר פופקורן מופח,,,פופסטאר פופקורן מופח,גרמים,425.00,100 גרם,false,,12.90,0.0304,true,1,6590
7290010237531,false,פפסי קולה 500 מ'ל,,,פפסי קולה 500 מ'ל,מיליליטרים,500.00,"100 מ""ל",false,,4.90,0.0098,true,1,8650
7290010237548,false,"פפסי מקס 500 מ""ל",,,"פפסי מקס 500 מ""ל",מיליליטרים,500.00,"100 מ""ל",false,,4.50,0.0090,true,1,8651
7290010237890,false,הייניקן בירה בקבוק ח,,,הייניקן בירה בקבוק ח,מיליליטרים,500.00,"100 מ""ל",false,,9.40,0.0188,true,1,8660
7290010259007,false,עוגיות בישקוטים וניל,,,עוגיות בישקוטים וניל,גרמים,200.00,100 גרם,false,,6.50,0.0325,true,1,821
7290010259823,false,נודלס בטעם עוף מנת ה,,,נודלס בטעם עוף מנת ה,גרמים,70.00,100 גרם,false,,4.90,0.0700,true,1,3439
7290010259854,false,נודלס בטעם פטריות מנ,,,נודלס בטעם פטריות מנ,גרמים,70.00,100 גרם,false,,4.90,0.0700,true,1,3442
7290010259861,false,נודלס בטעם ירקות מנת,,,נודלס בטעם ירקות מנת,גרמים,70.00,100 גרם,false,,4.90,0.0700,true,1,3443
7290010259977,false,שמן קנולה ויליפוד 1,,,שמן קנולה ויליפוד 1,ארגז,1.00,ליטר,false,,10.90,10.9000,true,1,242034
7290010259991,false,"צנימים בד""ץ וילי פוד",,,"צנימים בד""ץ וילי פוד",גרמים,250.00,100 גרם,false,,7.90,0.0316,true,1,5347
7290010279227,false,זיקוק 15 ס`מ 6 יח`,,,זיקוק 15 ס`מ 6 יח`,אין,0.00,יחידה,false,,14.00,0.0000,true,1,20783
7290010429554,false,שמן זית כתית מעולה 2,,,שמן זית כתית מעולה 2,מיליליטרים,750.00,"100 מ""ל",false,,33.90,0.0452,true,1,14972
7290010439287,false,מגבת גוף ענק חלק,,,מגבת גוף ענק חלק,אין,0.00,יחידה,false,,39.90,0.0000,true,1,11632
7290010471669,false,דנונה קראנצ' יוגורט,,,דנונה קראנצ' יוגורט,מיליליטרים,175.00,"100 מ""ל",false,,4.60,0.0263,true,1,15505
7290010472307,false,גמדים לשתיה תות בננה,,,גמדים לשתיה תות בננה,מיליליטרים,864.00,"100 מ""ל",false,,19.50,0.0226,true,1,15507
7290010472390,false,מארז  דני  שוקולד 8*,,,מארז  דני  שוקולד 8*,מיליליטרים,1000.00,"100 מ""ל",false,,16.90,0.0169,true,1,15508
7290010513727,false,פנקו פרורי לחם יפניי,,,פנקו פרורי לחם יפניי,גרמים,200.00,100 גרם,false,,7.90,0.0395,true,1,431386
7290010548514,false,דורות עשבי תיבול לבי,,,דורות עשבי תיבול לבי,גרמים,70.00,100 גרם,false,,10.00,0.1429,true,1,107675
7290010627004,false,טחינה ירושלים 500 גר,,,טחינה ירושלים 500 גר,גרמים,500.00,100 גרם,false,,14.50,0.0290,true,1,16111
7290010627844,false,טחינה ירושלים 500 מל,,,טחינה ירושלים 500 מל,גרמים,500.00,100 גרם,false,,14.50,0.0290,true,1,16113
7290010632558,false,נובי-כפית ארוכה 18יח,,,נובי-כפית ארוכה 18יח,אין,0.00,יחידה,false,,21.90,0.0000,true,1,4097
7290010632572,false,נשכן שרשרת חרוזים נו,,,נשכן שרשרת חרוזים נו,אין,0.00,יחידה,false,,35.90,0.0000,true,1,4098
7290010632787,false,צימרוני אוזניים עץ כ,,,צימרוני אוזניים עץ כ,אין,0.00,יחידה,false,,4.50,0.0000,true,1,4100
7290010650033,false,בצלצלי שאלוט,,,בצלצלי שאלוט,גרמים,350.00,100 גרם,false,,14.90,0.0426,true,1,31172
7290010650064,false,פטריות יער מיובשות 2,,,פטריות יער מיובשות 2,גרמים,25.00,100 גרם,false,,9.90,0.3960,true,1,31173
7290010650071,false,פטריות שיטאקי  מיובש,,,פטריות שיטאקי  מיובש,גרמים,25.00,100 גרם,false,,9.90,0.3960,true,1,31174
7290010650088,false,פטריות שמפיניון מיוב,,,פטריות שמפיניון מיוב,גרמים,25.00,100 גרם,false,,9.90,0.3960,true,1,31175
7290010650231,false,פטריות מאיטאקי מיובש,,,פטריות מאיטאקי מיובש,יח',1.00,יח',false,,11.90,11.9000,true,1,31179
7290010650255,false,לקט פטריות מיובשות ל,,,לקט פטריות מיובשות ל,גרמים,40.00,100 גרם,false,,16.90,0.4225,true,1,31180
7290010650279,false,לקט פיטריות לפסטה 25,,,לקט פיטריות לפסטה 25,גרמים,25.00,100 גרם,false,,16.90,0.6760,true,1,31181
7290010650354,false,שורש כורכום טרי,,,שורש כורכום טרי,יח',1.00,יח',false,,14.90,14.9000,true,1,30498
7290010650590,false,ריזוטו פטריות מיובשו,,,ריזוטו פטריות מיובשו,גרמים,285.00,100 גרם,false,,15.90,0.0558,true,1,31183
7290010650668,false,למון גראס,,,למון גראס,יח',1.00,יח',false,,12.90,12.9000,true,1,30499
7290010650798,false,לקט בורגול ופטריות,,,לקט בורגול ופטריות,יח',1.00,יח',false,,15.90,15.9000,true,1,31184
7290010650804,false,לקט פתיתים ופטריות,,,לקט פתיתים ופטריות,יח',1.00,יח',false,,15.90,15.9000,true,1,31185
7290010718634,false,אל סבון נוזלי לבן פנ,,,אל סבון נוזלי לבן פנ,אין,0.00,יחידה,false,,8.90,0.0000,true,1,12769
7290010757893,false,"בורקס תפו""א ללא גלוט",,,"בורקס תפו""א ללא גלוט",גרמים,500.00,100 גרם,false,,19.90,0.0398,true,1,214443
7290010757916,false,בורקס פיצה ללא גלוטן,,,בורקס פיצה ללא גלוטן,גרמים,500.00,100 גרם,false,,19.90,0.0398,true,1,214445
7290010757947,false,בורקס פיטריות ללא גל,,,בורקס פיטריות ללא גל,גרמים,500.00,100 גרם,false,,19.90,0.0398,true,1,214447
7290010766734,false,רוטב פיצה אוליביה 41,,,רוטב פיצה אוליביה 41,מיליליטרים,415.00,"100 מ""ל",false,,12.90,0.0311,true,1,32204
7290010777099,false,8 פיתות במרקם מיוחד,,,8 פיתות במרקם מיוחד,גרמים,800.00,100 גרם,false,,11.30,0.0141,true,1,14383
7290010777150,false,8 פיתות בריבוע חיטה,,,8 פיתות בריבוע חיטה,גרמים,500.00,100 גרם,false,,13.90,0.0278,true,1,14384
7290010777297,false,10 פיתות ביס,,,10 פיתות ביס,אלף,1.00,"ק""ג",false,,12.90,12.9000,true,1,14387
7290010777358,false,8 פיתות כוסמין מלא 1,,,8 פיתות כוסמין מלא 1,גרמים,400.00,100 גרם,false,,15.90,0.0398,true,1,14389
7290010777488,false,פיתה מחמצת מקמח מלא,,,פיתה מחמצת מקמח מלא,אין,0.00,יחידה,false,,15.90,0.0000,true,1,340914
7290010777525,false,פיתות קוסמין-פיתה אק,,,פיתות קוסמין-פיתה אק,גרמים,50.00,100 גרם,false,,15.90,0.3180,true,1,340900
7290010814251,false,שוקולד חלב אגו 3 יח',,,שוקולד חלב אגו 3 יח',גרמים,255.00,100 גרם,false,,9.90,0.0388,true,1,24608
7290010838431,false,דאק ג'ל נוזל 750 זוג,,,דאק ג'ל נוזל 750 זוג,ארגז,1.50,ליטר,false,,14.80,9.8667,true,1,6595
7290010839865,false,רוטב רימונים 320 גרם,,,רוטב רימונים 320 גרם,מיליליטרים,320.00,"100 מ""ל",false,,10.90,0.0341,true,1,5348
7290010849789,false,קוויקיולי קאווה די מ,,,קוויקיולי קאווה די מ,מיליליטרים,750.00,"100 מ""ל",false,,24.90,0.0332,true,1,90258
7290010883356,false,סנו סושי זוג כפפות א,,,סנו סושי זוג כפפות א,אין,0.00,יחידה,false,,9.90,0.0000,true,1,19286
7290010883363,false,סנו סושי זוג כפפות א,,,סנו סושי זוג כפפות א,אין,0.00,יחידה,false,,9.90,0.0000,true,1,19287
7290010883370,false,סנו סושי זוג כפפות א,,,סנו סושי זוג כפפות א,אין,0.00,יחידה,false,,9.90,0.0000,true,1,19288
7290010922949,false,תות שדה קפוא שייק אי,,,תות שדה קפוא שייק אי,גרמים,250.00,100 גרם,false,,10.00,0.0400,true,1,406138
7290010945450,false,טרה גבינה לבנה מהדרי,,,טרה גבינה לבנה מהדרי,גרמים,250.00,100 גרם,false,,4.98,0.0199,true,1,6931
7290010945481,false,טרה גבינה לבנה 5% 50,,,טרה גבינה לבנה 5% 50,גרמים,500.00,100 גרם,false,,9.96,0.0199,true,1,6932
7290011015862,false,סירופ דיאט לימונענע,,,סירופ דיאט לימונענע,מיליליטרים,750.00,"100 מ""ל",false,,21.60,0.0288,true,1,7380
7290011015985,false,פריגת סירופ דיאט אננ,,,פריגת סירופ דיאט אננ,מיליליטרים,750.00,"100 מ""ל",false,,21.90,0.0292,true,1,408599
7290011017866,false,קוקה קולה פחית סליק,,,קוקה קולה פחית סליק,מיליליטרים,330.00,"100 מ""ל",false,,5.50,0.0167,true,1,7394
7290011017873,false,ZERO קולה פחית סליק,,,ZERO קולה פחית סליק,מיליליטרים,330.00,"100 מ""ל",false,,5.50,0.0167,true,1,7395
7290011017880,false,קולה דיאט פחית סליק,,,קולה דיאט פחית סליק,מיליליטרים,330.00,"100 מ""ל",false,,5.50,0.0167,true,1,7396
7290011018368,false,ויינשטפן בירה לבנה 6,,,ויינשטפן בירה לבנה 6,ארגז,1.98,ליטר,false,,71.70,36.2121,true,1,7407
7290011026066,false,סרקל שמפו + מרכך ליל,,,סרקל שמפו + מרכך ליל,אין,0.00,יחידה,false,,29.90,0.0000,true,1,18744
7290011064075,false,ניצן אבו גוש מעדן לא,,,ניצן אבו גוש מעדן לא,גרמים,200.00,100 גרם,false,,13.10,0.0655,true,1,6753
7290011064099,false,נועם פלפלוני שרי ממו,,,נועם פלפלוני שרי ממו,גרמים,125.00,100 גרם,false,,19.90,0.1592,true,1,6754
7290011065416,true,פלפל שחור מטחנה 60 ג,,,פלפל שחור מטחנה 60 ג,גרמים,60.00,100 גרם,false,,17.90,0.2983,true,1,3874
7290011110000,false,חסה רומית שלמה,,,חסה רומית שלמה,גרמים,430.00,100 גרם,false,,8.90,0.0207,true,1,29476
7290011110024,false,חסה סלנובה,,,חסה סלנובה,יח',1.00,יח',false,,12.90,12.9000,true,1,29478
7290011110031,false,לבבות חסה,,,לבבות חסה,יח',1.00,יח',false,,10.90,10.9000,true,1,29479
7290011110048,false,פלפל סוויט בייט,,,פלפל סוויט בייט,גרמים,220.00,100 גרם,false,,9.90,0.0450,true,1,145194
7290011110079,false,בזיליקום.,,,בזיליקום.,יח',1.00,יח',false,,6.90,6.9000,true,1,29481
7290011110093,false,מנגולד,,,מנגולד,גרמים,250.00,גרם,false,,7.90,0.0316,true,1,29482
7290011110109,false,תירס סופרסוויט,,,תירס סופרסוויט,גרמים,800.00,100 גרם,false,,15.90,0.0199,true,1,29483
7290011110116,false,תרד ניו-זילנדי,,,תרד ניו-זילנדי,גרמים,200.00,גרם,false,,9.90,0.0495,true,1,29484
7290011110123,false,עירית,,,עירית,יח',1.00,יח',false,,6.90,6.9000,true,1,29485
7290011110130,false,רוקולה,,,רוקולה,יח',1.00,יח',false,,9.90,9.9000,true,1,29486
7290011110154,false,קורנית (טימין),,,קורנית (טימין),יח',1.00,יח',false,,6.90,6.9000,true,1,29488
7290011110215,false,מלפפון בייבי,,,מלפפון בייבי,גרמים,350.00,100 גרם,false,,9.90,0.0283,true,1,145210
7290011110390,false,חסה אייסברג -יגור,,,חסה אייסברג -יגור,יח',1.00,יח',false,,7.90,7.9000,true,1,29500
7290011110512,false,חסה לאליק   -יגור,,,חסה לאליק   -יגור,יח',1.00,יח',false,,12.90,12.9000,true,1,103288
7290011115166,false,תחליב רחצה לבנדר נקה,,,תחליב רחצה לבנדר נקה,אין,0.00,יחידה,false,,13.90,0.0000,true,1,19289
7290011115203,false,סבון מוצק ורוד נקה 7,,,סבון מוצק ורוד נקה 7,גרמים,400.00,100 גרם,false,,10.90,0.0273,true,1,19291
7290011115258,false,סבון מוצק ירוק נקה 7,,,סבון מוצק ירוק נקה 7,גרמים,400.00,100 גרם,false,,10.90,0.0273,true,1,19293
7290011126209,false,תה הגן הקסום תפוח וק,,,תה הגן הקסום תפוח וק,גרמים,55.00,100 גרם,false,,17.50,0.3182,true,1,1178
7290011126452,false,תה קמומיל ונענע 1.5ג,,,תה קמומיל ונענע 1.5ג,גרמים,37.50,100 גרם,false,,17.50,0.4667,true,1,1179
7290011126469,false,תה קמומיל ודבש 1.5גר,,,תה קמומיל ודבש 1.5גר,גרמים,37.50,100 גרם,false,,17.50,0.4667,true,1,1180
7290011126957,false,תה ירוק ארל גריי T.T,,,תה ירוק ארל גריי T.T,גרמים,37.50,100 גרם,false,,23.90,0.6373,true,1,16115
7290011131050,false,גרנולה פקאן גרין 1 ק,,,גרנולה פקאן גרין 1 ק,אלף,1.00,"ק""ג",false,,26.90,26.9000,true,1,10777
7290011131371,false,מיזלי קראנצ' שקדים ג,,,מיזלי קראנצ' שקדים ג,אלף,1.00,"ק""ג",false,,25.40,25.4000,true,1,10778
7290011131395,false,מיזלי קראנצ' 30% פיר,,,מיזלי קראנצ' 30% פיר,אלף,1.00,"ק""ג",false,,25.40,25.4000,true,1,10780
7290011131654,false,מיזלי ביג מיקס גרין,,,מיזלי ביג מיקס גרין,אלף,1.00,"ק""ג",false,,25.40,25.4000,true,1,10783
7290011132507,false,סאן בנדטו מוגז עדין,,,סאן בנדטו מוגז עדין,מיליליטרים,500.00,"100 מ""ל",false,,2.90,0.0058,true,1,8661
7290011132583,false,פפסי מקס שישייה 500,,,פפסי מקס שישייה 500,ארגז,3.00,ליטר,false,,21.00,7.0000,true,1,71398
7290011133375,false,מכבי שנדי אפרסק בקבו,,,מכבי שנדי אפרסק בקבו,ארגז,1.98,ליטר,false,,30.90,15.6061,true,1,8666
7290011133504,false,מכבי שנדי אפרסק בקבו,,,מכבי שנדי אפרסק בקבו,מיליליטרים,330.00,"100 מ""ל",false,,5.90,0.0179,true,1,8673
7290011133863,false,"פפסי שישייה 500 מ""ל",,,"פפסי שישייה 500 מ""ל",ארגז,3.00,ליטר,false,,15.90,5.3000,true,1,71361
7290011148911,false,פלפלים מתוקים טינקרב,,,פלפלים מתוקים טינקרב,גרמים,300.00,100 גרם,false,,9.90,0.0330,true,1,22717
7290011153885,false,נייר אכיל לעוגה ממות,,,נייר אכיל לעוגה ממות,אין,0.00,יחידה,false,,14.90,0.0000,true,1,20789
7290011194215,false,"דניאלה בננה 150 מ""ל",,,"דניאלה בננה 150 מ""ל",מיליליטרים,150.00,"100 מ""ל",false,,4.10,0.0273,true,1,15510
7290011194246,false,קוטג שטראוס 5% עם סי,,,קוטג שטראוס 5% עם סי,גרמים,250.00,100 גרם,false,,5.80,0.0232,true,1,15511
7290011223038,false,בונומי עלים לקרמשניט,,,בונומי עלים לקרמשניט,גרמים,300.00,100 גרם,false,,14.40,0.0480,true,1,230
7290011223205,false,דולקור ריבת חלב 454,,,דולקור ריבת חלב 454,גרמים,454.00,100 גרם,false,,14.90,0.0328,true,1,6600
7290011223229,false,דאק ג'ל אסלה ניחוח ט,,,דאק ג'ל אסלה ניחוח ט,מיליליטרים,55.00,"100 מ""ל",false,,9.90,0.1800,true,1,6601
7290011223243,false,דאק ג'ל אסלה ניחוח ל,,,דאק ג'ל אסלה ניחוח ל,מיליליטרים,55.00,"100 מ""ל",false,,9.90,0.1800,true,1,6602
7290011236649,false,שוקולד צ'יפס בלגי שק,,,שוקולד צ'יפס בלגי שק,גרמים,300.00,100 גרם,false,,9.90,0.0330,true,1,6143
7290011239213,false,עמוס חטיפים מתוקים מ,,,עמוס חטיפים מתוקים מ,גרמים,100.00,100 גרם,false,,5.90,0.0590,true,1,26358
7290011239237,false,חטיפי אגוזים ישראלי,,,חטיפי אגוזים ישראלי,גרמים,250.00,100 גרם,false,,18.90,0.0756,true,1,101504
7290011239336,false,מחרום חלבה ללא סוכר,,,מחרום חלבה ללא סוכר,גרמים,400.00,100 גרם,false,,21.90,0.0547,true,1,3538
7290011239404,false,עמוס חטיפים שונים אר,,,עמוס חטיפים שונים אר,גרמים,300.00,100 גרם,false,,13.90,0.0463,true,1,26360
7290011239596,false,בקלאווה בני בכר אל מ,,,בקלאווה בני בכר אל מ,גרמים,600.00,100 גרם,false,,36.90,0.0615,true,1,170980
7290011249755,false,רולים אגוז 100 גרם,,,רולים אגוז 100 גרם,גרמים,100.00,100 גרם,false,,3.90,0.0390,true,1,25568
7290011254018,false,שעועית מש 500 גרם,,,שעועית מש 500 גרם,גרמים,500.00,100 גרם,false,,8.90,0.0178,true,1,11341
7290011254032,false,קינואה 500 גרם,,,קינואה 500 גרם,גרמים,500.00,100 גרם,false,,12.90,0.0258,true,1,11343
7290011254773,false,שעועית ארגנטינאית 50,,,שעועית ארגנטינאית 50,גרמים,500.00,100 גרם,false,,8.90,0.0178,true,1,11378
7290011378028,false,בארכה חלבה וניל ללא,,,בארכה חלבה וניל ללא,גרמים,350.00,100 גרם,false,,14.90,0.0426,true,1,1296
7290011378233,false,בארכה בקטנה מאגדת ונ,,,בארכה בקטנה מאגדת ונ,גרמים,120.00,100 גרם,false,,10.90,0.0908,true,1,13098
7290011378769,false,בארכה בקטנה מאגדת ונ,,,בארכה בקטנה מאגדת ונ,גרמים,120.00,100 גרם,false,,10.90,0.0908,true,1,13102
7290011379018,false,פטריות צמד חמד,,,פטריות צמד חמד,גרמים,500.00,100 גרם,false,,15.90,0.0318,true,1,25707
7290011435226,false,דבש מפרחי בר לחיץ 65,,,דבש מפרחי בר לחיץ 65,גרמים,650.00,100 גרם,false,,34.90,0.0537,true,1,14973
7290011438142,false,יטבתה אייס קפה בבקבו,,,יטבתה אייס קפה בבקבו,מיליליטרים,350.00,"100 מ""ל",false,,6.50,0.0186,true,1,15513
7290011461058,false,גומא - מקלות ריחניים,,,גומא - מקלות ריחניים,אין,0.00,יחידה,false,,20.00,0.0000,true,1,10928
7290011473051,false,קוואקר עבה אורגני תב,,,קוואקר עבה אורגני תב,גרמים,500.00,100 גרם,false,,10.90,0.0218,true,1,213740
7290011473211,false,עדשים אדומות אורגני,,,עדשים אדומות אורגני,גרמים,500.00,100 גרם,false,,12.90,0.0258,true,1,213644
7290011473280,false,חומוס אורגני תבואות,,,חומוס אורגני תבואות,גרמים,500.00,100 גרם,false,,10.90,0.0218,true,1,213781
7290011473297,false,גריסי פנינה אורגנים,,,גריסי פנינה אורגנים,גרמים,500.00,100 גרם,false,,10.90,0.0218,true,1,420721
7290011473464,false,סובין שיבולת שועל או,,,סובין שיבולת שועל או,גרמים,400.00,100 גרם,false,,10.90,0.0273,true,1,420868
7290011473600,false,מלח הימליה דק תבואות,,,מלח הימליה דק תבואות,אלף,1.00,"ק""ג",false,,14.90,14.9000,true,1,420781
7290011473648,false,סוכר דמררה אורגני תב,,,סוכר דמררה אורגני תב,אלף,1.00,"ק""ג",false,,12.90,12.9000,true,1,213878
7290011473655,false,סוכר קנים אורגני תבו,,,סוכר קנים אורגני תבו,אלף,1.00,"ק""ג",false,,10.90,10.9000,true,1,5619
7290011473952,false,שבולת שועל דקה מהיר,,,שבולת שועל דקה מהיר,גרמים,400.00,100 גרם,false,,5.90,0.0148,true,1,420983
7290011474003,false,שמן קוקוס כתית אורגנ,,,שמן קוקוס כתית אורגנ,מיליליטרים,300.00,"100 מ""ל",false,,16.90,0.0563,true,1,421026
7290011474386,false,קוואקר דק אורגני תבו,,,קוואקר דק אורגני תבו,גרמים,500.00,100 גרם,false,,11.90,0.0238,true,1,5621
7290011474447,false,שיבולת שועל עבה טבעי,,,שיבולת שועל עבה טבעי,גרמים,400.00,100 גרם,false,,5.90,0.0148,true,1,214100
7290011499051,false,גד פטה כבשים גביע 20,,,גד פטה כבשים גביע 20,גרמים,250.00,100 גרם,false,,24.50,0.0980,true,1,11101
7290011499105,false,גד בולגרית 5% 250ג,,,גד בולגרית 5% 250ג,גרמים,250.00,100 גרם,false,,21.80,0.0872,true,1,11102
7290011499112,false,גד בולגרית 16% 250ג,,,גד בולגרית 16% 250ג,גרמים,250.00,100 גרם,false,,21.80,0.0872,true,1,11103
7290011499129,false,גד בולגרית מעודנת קו,,,גד בולגרית מעודנת קו,גרמים,200.00,100 גרם,false,,19.90,0.0995,true,1,11104
7290011499303,false,פטה עיזים מעודנת 5%,,,פטה עיזים מעודנת 5%,גרמים,250.00,100 גרם,false,,30.90,0.1236,true,1,11105
7290011499327,false,גד בולגרית בקר מעודנ,,,גד בולגרית בקר מעודנ,גרמים,250.00,100 גרם,false,,21.80,0.0872,true,1,11106
7290011499341,false,קשקבל מחלבות גד 200,,,קשקבל מחלבות גד 200,גרמים,250.00,100 גרם,false,,28.90,0.1156,true,1,11108
7290011499358,false,גד פטה עיזים 20% 200,,,גד פטה עיזים 20% 200,גרמים,200.00,100 גרם,false,,26.90,0.1345,true,1,11109
7290011499365,false,גד חלומי 24% 200ג,,,גד חלומי 24% 200ג,גרמים,200.00,100 גרם,false,,18.90,0.0945,true,1,11110
7290011499419,false,גבינה במרקם  שמנת 5%,,,גבינה במרקם  שמנת 5%,גרמים,200.00,100 גרם,false,,10.90,0.0545,true,1,11111
7290011499525,false,גד לאבנה דרוזית 9% 5,,,גד לאבנה דרוזית 9% 5,גרמים,500.00,100 גרם,false,,19.50,0.0390,true,1,11112
7290011499624,false,גד ניו יורק גבינת שמ,,,גד ניו יורק גבינת שמ,גרמים,200.00,100 גרם,false,,12.90,0.0645,true,1,11113
7290011499846,false,גד ריקוטה פרסקה 5% 3,,,גד ריקוטה פרסקה 5% 3,גרמים,300.00,100 גרם,false,,16.80,0.0560,true,1,11120
7290011501563,false,נקטר חמוציות דין שיו,,,נקטר חמוציות דין שיו,מיליליטרים,948.00,"100 מ""ל",false,,15.20,0.0160,true,1,6144
7290011515683,false,אקסטרים וניל מאגדת 6,,,אקסטרים וניל מאגדת 6,גרמים,432.00,100 גרם,false,,33.90,0.0785,true,1,11833
7290011515911,false,מאגדת לייט ריבת חלב,,,מאגדת לייט ריבת חלב,גרמים,312.00,100 גרם,false,,27.90,0.0894,true,1,11834
7290011518561,false,אקטימל תות משפחתי 14,,,אקטימל תות משפחתי 14,ארגז,1.40,ליטר,false,,29.90,21.3571,true,1,15514
7290011525712,false,קמיל בלו סנסיטיב לפנ,,,קמיל בלו סנסיטיב לפנ,אין,0.00,יחידה,false,,33.90,0.0000,true,1,18749
7290011530358,false,שייק איט(3*150 גר')-,,,שייק איט(3*150 גר')-,גרמים,450.00,100 גרם,false,,32.90,0.0731,true,1,22592
7290011530525,false,שייק איט יום שלישי 4,,,שייק איט יום שלישי 4,גרמים,450.00,100 גרם,false,,32.90,0.0731,true,1,22595
7290011530532,false,שייט איט יום שני 450,,,שייט איט יום שני 450,גרמים,450.00,100 גרם,false,,32.90,0.0731,true,1,22596
7290011530549,false,שייק איט יום ראשון 4,,,שייק איט יום ראשון 4,גרמים,450.00,100 גרם,false,,32.90,0.0731,true,1,22597
7290011530730,false,שייק איט יום חמישי 4,,,שייק איט יום חמישי 4,גרמים,450.00,100 גרם,false,,32.90,0.0731,true,1,22599
7290011530747,false,שייק איט יום רביעי 4,,,שייק איט יום רביעי 4,גרמים,450.00,100 גרם,false,,32.90,0.0731,true,1,22600
7290011530945,false,קרפציו עגל 210 גר',,,קרפציו עגל 210 גר',גרמים,210.00,100 גרם,false,,40.90,0.1948,true,1,22602
7290011570507,false,קמח נטול גלוטן כרגיל,,,קמח נטול גלוטן כרגיל,גרמים,450.00,100 גרם,false,,14.90,0.0331,true,1,16239
7290011587123,false,קרם קוקוס תומר 400 מ,,,קרם קוקוס תומר 400 מ,מיליליטרים,400.00,"100 מ""ל",false,,9.90,0.0248,true,1,16242
7290011587451,false,גרנולה + פירות ואגוז,,,גרנולה + פירות ואגוז,גרמים,600.00,100 גרם,false,,13.90,0.0232,true,1,16246
7290011587468,false,מוזלי קראנצ + אגוז ת,,,מוזלי קראנצ + אגוז ת,גרמים,600.00,100 גרם,false,,13.90,0.0232,true,1,16247
7290011587833,false,עגבניות מיובשות בשמן,,,עגבניות מיובשות בשמן,גרמים,340.00,100 גרם,false,,11.50,0.0338,true,1,16254
7290011587857,false,עגבניות מיובשות מתוב,,,עגבניות מיובשות מתוב,גרמים,250.00,100 גרם,false,,9.90,0.0396,true,1,16255
7290011593087,false,סבא חביב שמן זית כתי,,,סבא חביב שמן זית כתי,מיליליטרים,750.00,"100 מ""ל",false,,30.90,0.0412,true,1,182935
7290011593711,false,שמן זית קורונייקי סב,,,שמן זית קורונייקי סב,מיליליטרים,750.00,"100 מ""ל",false,,42.90,0.0572,true,1,447172
7290011598211,false,מנקה כללי אנטיקאלק 7,,,מנקה כללי אנטיקאלק 7,מיליליטרים,700.00,"100 מ""ל",false,,17.90,0.0256,true,1,19298
7290011598259,false,סנו פרש אוטומטיק מאס,,,סנו פרש אוטומטיק מאס,מיליליטרים,250.00,"100 מ""ל",false,,13.90,0.0556,true,1,19299
7290011598402,false,מרכך כביסה סנו מקסימ,,,מרכך כביסה סנו מקסימ,ארגז,4.00,ליטר,false,,22.90,5.7250,true,1,19301
7290011607180,false,"קולון 101 1.25 ק""ג",,,"קולון 101 1.25 ק""ג",אלף,1.25,"ק""ג",false,,14.90,11.9200,true,1,14236
7290011659004,false,צנצנת שום כתוש קפוא,,,צנצנת שום כתוש קפוא,גרמים,200.00,100 גרם,false,,11.90,0.0595,true,1,79647
7290011659059,false,קוביות כוסברה קפוא 7,,,קוביות כוסברה קפוא 7,גרמים,70.00,100 גרם,false,,9.90,0.1414,true,1,79633
7290011659066,false,קוביות בזיליקום קפוא,,,קוביות בזיליקום קפוא,גרמים,70.00,100 גרם,false,,9.90,0.1414,true,1,79620
7290011659073,false,קוביות שום קפוא 80 ג,,,קוביות שום קפוא 80 ג,גרמים,80.00,100 גרם,false,,9.90,0.1238,true,1,79634
7290011668570,false,חגיגת גרנולה פירות י,,,חגיגת גרנולה פירות י,גרמים,500.00,100 גרם,false,,26.90,0.0538,true,1,12774
7290011668587,false,גרנולה בטעם עשיר פני,,,גרנולה בטעם עשיר פני,גרמים,500.00,100 גרם,false,,26.90,0.0538,true,1,12775
7290011723200,false,טחינה הר ברכה טחינה,,,טחינה הר ברכה טחינה,גרמים,500.00,100 גרם,false,,19.90,0.0398,true,1,25573
7290011765408,false,שמפו+מרכך כיף בוב ספ,,,שמפו+מרכך כיף בוב ספ,מיליליטרים,750.00,"100 מ""ל",false,,11.90,0.0159,true,1,19314
7290011765446,false,משחת שיניים בוב ספוג,,,משחת שיניים בוב ספוג,מיליליטרים,50.00,"100 מ""ל",false,,7.90,0.1580,true,1,19315
7290011765620,false,"נוזל כלים 750 מ""ל GR",,,"נוזל כלים 750 מ""ל GR",מיליליטרים,750.00,"100 מ""ל",false,,9.90,0.0132,true,1,19317
7290011800840,false,צבר רפי כהן טחינה בל,,,צבר רפי כהן טחינה בל,גרמים,400.00,100 גרם,false,,14.90,0.0373,true,1,13662
7290011860271,false,תפוגן ביס בול טבעי 7,,,תפוגן ביס בול טבעי 7,גרמים,700.00,100 גרם,false,,15.90,0.0227,true,1,13664
7290011876494,false,מאמא עוף קפוא שניצל,,,מאמא עוף קפוא שניצל,גרמים,750.00,100 גרם,false,,30.90,0.0412,true,1,16571
7290011877088,false,סנו סושי צמד רדידי א,,,סנו סושי צמד רדידי א,מטרים,15.00,מטר,false,,16.90,1.1267,true,1,19318
7290011877095,false,סנו סושי צמד רדידי א,,,סנו סושי צמד רדידי א,מטרים,15.00,מטר,false,,19.90,1.3267,true,1,19319
7290011877156,false,סנו פרש ענק מאסק 375,,,סנו פרש ענק מאסק 375,מיליליטרים,375.00,"100 מ""ל",false,,10.90,0.0291,true,1,19321
7290011877446,false,קרם נגד גירויים בייב,,,קרם נגד גירויים בייב,גרמים,100.00,100 גרם,false,,11.90,0.1190,true,1,2158
7290011877859,false,סנו אינסטלטור פותח ס,,,סנו אינסטלטור פותח ס,מיליליטרים,200.00,"100 מ""ל",false,,15.90,0.0795,true,1,19324
7290011877866,false,אבקת כביסה סנו מקסימ,,,אבקת כביסה סנו מקסימ,אלף,6.00,"ק""ג",false,,49.90,8.3167,true,1,19325
7290011912642,false,מי פה טאגד ליסטרין 5,,,מי פה טאגד ליסטרין 5,מיליליטרים,500.00,"100 מ""ל",false,,22.90,0.0458,true,1,18900
7290011931162,false,סוכרלייט נוזלי 220מל,,,סוכרלייט נוזלי 220מל,מיליליטרים,220.00,"100 מ""ל",false,,27.90,0.1268,true,1,14981
7290011947316,false,זיתי קלמטה זיתא 215,,,זיתי קלמטה זיתא 215,גרמים,215.00,100 גרם,false,,11.90,0.0553,true,1,16119
7290011947743,false,מיקס זית ירוק וזית ק,,,מיקס זית ירוק וזית ק,גרמים,215.00,100 גרם,false,,11.90,0.0553,true,1,16123
7290011947798,false,זית קלמטה ללא גלעין,,,זית קלמטה ללא גלעין,גרמים,190.00,100 גרם,false,,13.90,0.0732,true,1,44756
7290011964344,false,שום גבישי 120 גר' במ,,,שום גבישי 120 גר' במ,גרמים,120.00,100 גרם,false,,10.90,0.0908,true,1,26181
7290011964702,false,תבלין לשווארמה ללא מ,,,תבלין לשווארמה ללא מ,גרמים,100.00,100 גרם,false,,9.70,0.0970,true,1,241195
7290012001994,false,חרדל דיגון גרעינים 3,,,חרדל דיגון גרעינים 3,גרמים,350.00,100 גרם,false,,9.90,0.0283,true,1,6397
7290012019258,false,"רסק תפו""ע מחית תפוחי",,,"רסק תפו""ע מחית תפוחי",גרמים,452.00,100 גרם,false,,10.90,0.0241,true,1,16260
7290012019265,false,"מחית תפו""ע ללא סוכר",,,"מחית תפו""ע ללא סוכר",גרמים,452.00,100 גרם,false,,10.90,0.0241,true,1,456
7290012022203,false,קליליות חיטה מלאה די,,,קליליות חיטה מלאה די,גרמים,100.00,100 גרם,false,,13.90,0.1390,true,1,20410
7290012022227,false,קליליות בטעם טבעי די,,,קליליות בטעם טבעי די,גרמים,60.00,100 גרם,false,,11.90,0.1983,true,1,20411
7290012022272,false,פריכיות קליליות קידס,,,פריכיות קליליות קידס,אין,0.00,יחידה,false,,10.90,0.0000,true,1,20412
7290012086113,false,עגבניות שרי,,,עגבניות שרי,גרמים,500.00,100 גרם,false,,9.90,0.0198,true,1,31187
7290012116025,false,שמפו כיף פיות 750 מל,,,שמפו כיף פיות 750 מל,מיליליטרים,750.00,"100 מ""ל",false,,11.90,0.0159,true,1,19328
7290012116063,false,אל סבון כיף פיות בתמ,,,אל סבון כיף פיות בתמ,מיליליטרים,750.00,"100 מ""ל",false,,11.90,0.0159,true,1,19330
7290012116537,false,אבקת כביסה סנו מקסימ,,,אבקת כביסה סנו מקסימ,אלף,2.50,"ק""ג",false,,26.90,10.7600,true,1,19334
7290012116612,false,מארז מברשות שיניים א,,,מארז מברשות שיניים א,אין,0.00,יחידה,false,,10.90,0.0000,true,1,2473
7290012116629,false,תחליב סנו די לתינוקו,,,תחליב סנו די לתינוקו,מיליליטרים,50.00,"100 מ""ל",false,,19.90,0.3980,true,1,19337
7290012116735,false,נייר טואלט סופט ג'מב,,,נייר טואלט סופט ג'מב,מטרים,900.00,מטר,false,,41.90,0.0466,true,1,19340
7290012117091,false,אבקת כביסה סנו מקסימ,,,אבקת כביסה סנו מקסימ,אלף,6.00,"ק""ג",false,,49.90,8.3167,true,1,19342
7290012117275,false,סנוקליר שקית מילוי 7,,,סנוקליר שקית מילוי 7,מיליליטרים,750.00,"100 מ""ל",false,,6.90,0.0092,true,1,19345
7290012117428,false,שמפו וג'ל רחצה לגבר,,,שמפו וג'ל רחצה לגבר,מיליליטרים,700.00,"100 מ""ל",false,,18.90,0.0270,true,1,19350
7290012117435,false,שמפו וג'ל רחצה אלוור,,,שמפו וג'ל רחצה אלוור,מיליליטרים,700.00,"100 מ""ל",false,,18.90,0.0270,true,1,19351
7290012117534,false,סנו מקסימה מרכך קומפ,,,סנו מקסימה מרכך קומפ,אין,0.00,יחידה,false,,18.90,0.0000,true,1,19353
7290012117541,false,סנו מקסימה מרכך קומפ,,,סנו מקסימה מרכך קומפ,אין,0.00,יחידה,false,,18.90,0.0000,true,1,19354
7290012117558,false,סנו מקסימה מרכך קומפ,,,סנו מקסימה מרכך קומפ,אין,0.00,יחידה,false,,18.90,0.0000,true,1,19355
7290012117565,false,סנו סושי 100 כפפות ל,,,סנו סושי 100 כפפות ל,אין,0.00,יחידה,false,,44.90,0.0000,true,1,19356
7290012117572,false,M סנו סושי כפפות לטק,,,M סנו סושי כפפות לטק,אין,0.00,יחידה,false,,44.90,0.0000,true,1,19357
7290012117589,false,L סנו סושי כפפות לטק,,,L סנו סושי כפפות לטק,אין,0.00,יחידה,false,,44.90,0.0000,true,1,19358
7290012117732,false,מרכך כביסה סנו מקסימ,,,מרכך כביסה סנו מקסימ,ארגז,4.00,ליטר,false,,22.90,5.7250,true,1,19360
7290012117916,false,סנו אינסטלאטור פותח,,,סנו אינסטלאטור פותח,אין,0.00,יחידה,false,,29.90,0.0000,true,1,19362
7290012191053,true,המנגליסט גפרור ארוך,,,המנגליסט גפרור ארוך,אין,0.00,יחידה,false,,5.90,0.0000,true,1,67484
7290012191084,false,המנגליסט גפרורים עשי,,,המנגליסט גפרורים עשי,אין,0.00,יחידה,false,,2.90,0.0000,true,1,67784
7290012191107,false,המנגליסט גפרורים XL,,,המנגליסט גפרורים XL,אין,0.00,יחידה,false,,5.90,0.0000,true,1,67785
7290012193125,false,מרמולייט סוכרלוז 150,,,מרמולייט סוכרלוז 150,גרמים,150.00,100 גרם,false,,23.90,0.1593,true,1,6612
7290012212154,false,מלפפון במלח קטן בצנצ,,,מלפפון במלח קטן בצנצ,גרמים,560.00,100 גרם,false,,12.90,0.0230,true,1,357050
7290012226021,false,סלמי מעושן פראג יבש,,,סלמי מעושן פראג יבש,גרמים,400.00,100 גרם,false,,16.90,0.0422,true,1,24770
7290012226120,false,זוגלובק קבנוס 135ג.,,,זוגלובק קבנוס 135ג.,גרמים,135.00,100 גרם,false,,10.90,0.0807,true,1,24771
7290012226342,false,נקניקיה מן הצומח טבע,,,נקניקיה מן הצומח טבע,גרמים,460.00,100 גרם,false,,24.90,0.0541,true,1,807
7290012226939,false,זוגלובק קבנוס בטעם צ,,,זוגלובק קבנוס בטעם צ,גרמים,135.00,100 גרם,false,,10.90,0.0807,true,1,24775
7290012227325,false,זוגלובק סלמי מעושן ד,,,זוגלובק סלמי מעושן ד,גרמים,120.00,100 גרם,false,,11.90,0.0992,true,1,24778
7290012227912,false,קבנוס מעודן  זוגלובק,,,קבנוס מעודן  זוגלובק,גרמים,135.00,100 גרם,false,,10.90,0.0807,true,1,24787
7290012227974,false,זוגלובק פסטרמה בדבש,,,זוגלובק פסטרמה בדבש,גרמים,120.00,100 גרם,false,,11.90,0.0992,true,1,24788
7290012227981,false,פסטרמה ברביקיו זוגלו,,,פסטרמה ברביקיו זוגלו,גרמים,120.00,100 גרם,false,,11.90,0.0992,true,1,24789
7290012227998,false,זוגלובק  חזה בקר  12,,,זוגלובק  חזה בקר  12,גרמים,120.00,100 גרם,false,,12.90,0.1075,true,1,24790
7290012228261,false,נקנקיות הודו קנקרס ר,,,נקנקיות הודו קנקרס ר,גרמים,300.00,100 גרם,false,,19.90,0.0663,true,1,24793
7290012228278,false,נקנקיות בוקוורסט הוד,,,נקנקיות בוקוורסט הוד,גרמים,300.00,100 גרם,false,,19.90,0.0663,true,1,24794
7290012260827,false,שערות קדאיף  475 גרם,,,שערות קדאיף  475 גרם,גרמים,475.00,100 גרם,false,,13.90,0.0293,true,1,30011
7290012309878,false,חלבה פיסטוק שקדיה 50,,,חלבה פיסטוק שקדיה 50,גרמים,500.00,100 גרם,false,,12.90,0.0258,true,1,121691
7290012313141,false,פרוסות מלפפון במלח י,,,פרוסות מלפפון במלח י,גרמים,540.00,100 גרם,false,,6.30,0.0117,true,1,32282
7290012313240,false,מיקס זית ירוק וקלמטה,,,מיקס זית ירוק וקלמטה,גרמים,560.00,100 גרם,false,,10.90,0.0195,true,1,38708
7290012367717,false,קרם ידיים אפקטיב קר,,,קרם ידיים אפקטיב קר,מיליליטרים,150.00,"100 מ""ל",false,,15.90,0.1060,true,1,18752
7290012372100,false,קמח חיטה 80% רובינפל,,,קמח חיטה 80% רובינפל,אלף,1.00,"ק""ג",false,,10.90,10.9000,true,1,296851
7290012372117,false,קמח חיטה מלא 100% רו,,,קמח חיטה מלא 100% רו,אלף,1.00,"ק""ג",false,,10.90,10.9000,true,1,296852
7290012372124,false,קמח כוסמין 100% רובי,,,קמח כוסמין 100% רובי,אלף,1.00,"ק""ג",false,,16.90,16.9000,true,1,296879
7290012372155,false,קמח כוסמין 80% רובינ,,,קמח כוסמין 80% רובינ,אלף,1.00,"ק""ג",false,,16.90,16.9000,true,1,296880
7290012372209,false,קמח חיטה לבן מנופה ר,,,קמח חיטה לבן מנופה ר,אלף,1.00,"ק""ג",false,,7.90,7.9000,true,1,296837
7290012372247,false,קמח כוסמין לבן רובינ,,,קמח כוסמין לבן רובינ,אלף,1.00,"ק""ג",false,,16.90,16.9000,true,1,296894
7290012404955,false,ספרינג נקטר חמוציות,,,ספרינג נקטר חמוציות,ארגז,1.25,ליטר,false,,12.50,10.0000,true,1,9702
7290012413636,false,תה ירוק צ'אי T.Tשמינ,,,תה ירוק צ'אי T.Tשמינ,גרמים,37.50,100 גרם,false,,23.90,0.6373,true,1,16126
7290012522581,false,טבעול שניצל תירס ללא,,,טבעול שניצל תירס ללא,גרמים,664.00,100 גרם,false,,19.90,0.0300,true,1,13667
7290012561313,false,בצל מטוגן דורות 400,,,בצל מטוגן דורות 400,גרמים,400.00,100 גרם,false,,16.90,0.0422,true,1,107717
7290012561405,false,בצל חצי מטוגן דורות,,,בצל חצי מטוגן דורות,גרמים,180.00,100 גרם,false,,10.50,0.0583,true,1,13668
7290012576362,false,קברנה סוביניון ספייש,,,קברנה סוביניון ספייש,מיליליטרים,750.00,"100 מ""ל",false,,59.90,0.0799,true,1,271796
7290012576607,false,ברקן יין פרמייר אדום,,,ברקן יין פרמייר אדום,מיליליטרים,750.00,"100 מ""ל",false,,26.90,0.0359,true,1,8685
7290012576614,false,ברקן יין פרמייר לבן,,,ברקן יין פרמייר לבן,מיליליטרים,750.00,"100 מ""ל",false,,26.90,0.0359,true,1,8686
7290012642586,false,ערמונים קלופים וקלוי,,,ערמונים קלופים וקלוי,גרמים,100.00,100 גרם,false,,5.90,0.0590,true,1,16264
7290012642852,false,פלפל אדום קלוי על הא,,,פלפל אדום קלוי על הא,גרמים,330.00,100 גרם,false,,11.90,0.0361,true,1,16265
7290012645068,false,ישראלה גבינת עיזים 1,,,ישראלה גבינת עיזים 1,גרמים,180.00,100 גרם,false,,22.90,0.1272,true,1,68904
7290012645075,false,יוגורט כבשים בסגנון,,,יוגורט כבשים בסגנון,גרמים,350.00,100 גרם,false,,11.50,0.0329,true,1,68905
7290012645112,false,יוגורט עיזים בדלי 75,,,יוגורט עיזים בדלי 75,מיליליטרים,750.00,"100 מ""ל",false,,18.90,0.0252,true,1,15517
7290012645129,false,יוגורט כבשים בדלי 75,,,יוגורט כבשים בדלי 75,מיליליטרים,750.00,"100 מ""ל",false,,18.90,0.0252,true,1,15518
7290012645174,false,גבינת עיזים 5% חלב ה,,,גבינת עיזים 5% חלב ה,גרמים,200.00,100 גרם,false,,13.90,0.0695,true,1,349480
7290012645280,false,יוגורט כבשים בסגנון,,,יוגורט כבשים בסגנון,מיליליטרים,150.00,"100 מ""ל",false,,5.90,0.0393,true,1,139465
7290012645297,false,סוסיא יוגורט עיזים ב,,,סוסיא יוגורט עיזים ב,מיליליטרים,150.00,"100 מ""ל",false,,5.90,0.0393,true,1,15519
7290012645389,false,חלב הארץ יוגורט ביו,,,חלב הארץ יוגורט ביו,ארגז,1.00,ליטר,false,,20.90,20.9000,true,1,15521
7290012697081,false,סוכרזית מהטבע סטיווי,,,סוכרזית מהטבע סטיווי,גרמים,100.00,100 גרם,false,,32.00,0.3200,true,1,14983
7290012803055,false,מרמולייט סוכרלוז 100,,,מרמולייט סוכרלוז 100,גרמים,100.00,100 גרם,false,,19.90,0.1990,true,1,6616
7290012803215,false,טוסו וופל בלגי שוקול,,,טוסו וופל בלגי שוקול,גרמים,200.00,100 גרם,false,,10.00,0.0500,true,1,6617
7290012803222,false,טוסו וופל בלגי לימון,,,טוסו וופל בלגי לימון,גרמים,200.00,100 גרם,false,,10.00,0.0500,true,1,6618
7290012803321,false,מרמולייט סוכרלוז 200,,,מרמולייט סוכרלוז 200,גרמים,200.00,100 גרם,false,,36.90,0.1845,true,1,2823
7290012803451,false,טוסו שוקלד מריר 62%,,,טוסו שוקלד מריר 62%,גרמים,100.00,100 גרם,false,,8.90,0.0890,true,1,6621
7290012803772,false,טוסו שוקלד חלב 100ג,,,טוסו שוקלד חלב 100ג,גרמים,100.00,100 גרם,false,,8.90,0.0890,true,1,6624
7290012803789,false,טוסו שוקלד מריר ואגו,,,טוסו שוקלד מריר ואגו,גרמים,100.00,100 גרם,false,,8.90,0.0890,true,1,6625
7290012823381,false,סנו מקסימה סנסטיב מר,,,סנו מקסימה סנסטיב מר,אין,0.00,יחידה,false,,18.90,0.0000,true,1,19367
7290012823398,false,ריצפז מטליות לחות בנ,,,ריצפז מטליות לחות בנ,אין,0.00,יחידה,false,,11.90,0.0000,true,1,19368
7290012823558,false,סנו סושי מטליות ענק,,,סנו סושי מטליות ענק,אין,0.00,יחידה,false,,10.90,0.0000,true,1,19371
7290012823565,false,פוליויקס פרקט מטליות,,,פוליויקס פרקט מטליות,אין,0.00,יחידה,false,,14.90,0.0000,true,1,19372
7290012823602,false,נייר טואלט סופט סילק,,,נייר טואלט סופט סילק,מטרים,588.00,מטר,false,,33.90,0.0577,true,1,19374
7290012823923,false,סנו מקסימה מרכך פרפי,,,סנו מקסימה מרכך פרפי,מיליליטרים,750.00,"100 מ""ל",false,,18.90,0.0252,true,1,19379
7290012823947,false,סנו מקסימה מרכך פרפי,,,סנו מקסימה מרכך פרפי,מיליליטרים,750.00,"100 מ""ל",false,,18.90,0.0252,true,1,19380
7290012838026,false,עוגיות מלוחות עדי 35,,,עוגיות מלוחות עדי 35,גרמים,350.00,100 גרם,false,,15.90,0.0454,true,1,281040
7290012884986,false,תפוגן ציפס לתנור עד,,,תפוגן ציפס לתנור עד,אלף,1.50,"ק""ג",false,,24.90,16.6000,true,1,13670
7290012931062,false,אטבי הדור החדש 10יח,,,אטבי הדור החדש 10יח,אין,0.00,יחידה,false,,7.90,0.0000,true,1,10626
7290012938580,false,משחת שיניים הלבנה עד,,,משחת שיניים הלבנה עד,מיליליטרים,75.00,"100 מ""ל",false,,20.90,0.2787,true,1,5693
7290012938740,false,משחת שיניים פרש מינט,,,משחת שיניים פרש מינט,מיליליטרים,75.00,"100 מ""ל",false,,20.90,0.2787,true,1,5694
7290012962912,false,כפפות ניטריל סייף טא,,,כפפות ניטריל סייף טא,אין,0.00,יחידה,false,,27.90,0.0000,true,1,309290
7290012962936,false,כפפות ניטריל סייף טא,,,כפפות ניטריל סייף טא,אין,0.00,יחידה,false,,27.90,0.0000,true,1,309292
7290012962943,false,כפפות ניטריל סייף טא,,,כפפות ניטריל סייף טא,אין,0.00,יחידה,false,,27.90,0.0000,true,1,310064
7290013010001,false,עגבניות מרוסקות פרי,,,עגבניות מרוסקות פרי,גרמים,260.00,100 גרם,false,,5.50,0.0212,true,1,8134
7290013010018,false,רוטב לפסטה פרי מבורך,,,רוטב לפסטה פרי מבורך,גרמים,260.00,100 גרם,false,,5.50,0.0212,true,1,8135
7290013010025,false,רוטב לפיצה פרי מבורך,,,רוטב לפיצה פרי מבורך,גרמים,260.00,100 גרם,false,,5.50,0.0212,true,1,8136
7290013027399,false,לחם 100 בתוספת שיפון,,,לחם 100 בתוספת שיפון,גרמים,750.00,100 גרם,false,,13.90,0.0185,true,1,22644
7290013117212,false,בורקס פילו גבינה מעד,,,בורקס פילו גבינה מעד,גרמים,600.00,100 גרם,false,,15.90,0.0265,true,1,22758
7290013117229,false,בורקס פילו תפוא מעדנ,,,בורקס פילו תפוא מעדנ,גרמים,600.00,100 גרם,false,,15.90,0.0265,true,1,22759
7290013117243,false,בורקס פילו בולגרית מ,,,בורקס פילו בולגרית מ,גרמים,600.00,100 גרם,false,,15.90,0.0265,true,1,22761
7290013117410,false,מעדנות בצק פריך מרוד,,,מעדנות בצק פריך מרוד,גרמים,900.00,100 גרם,false,,19.90,0.0221,true,1,22762
7290013117427,false,מעדנות בצק פריך מרוד,,,מעדנות בצק פריך מרוד,גרמים,900.00,100 גרם,false,,19.90,0.0221,true,1,22763
7290013117526,false,מעדנות בצק שמרים למא,,,מעדנות בצק שמרים למא,גרמים,900.00,100 גרם,false,,19.90,0.0221,true,1,22764
7290013121028,false,לחם לבן ללא גלוטן גר,,,לחם לבן ללא גלוטן גר,גרמים,500.00,100 גרם,false,,17.90,0.0358,true,1,32433
7290013121103,false,שליש בגט 4 יחידות גר,,,שליש בגט 4 יחידות גר,גרמים,400.00,100 גרם,false,,16.40,0.0410,true,1,2256
7290013121127,false,לחמניות מיני ללא גלו,,,לחמניות מיני ללא גלו,גרמים,480.00,100 גרם,false,,17.90,0.0373,true,1,32434
7290013121158,false,רביעיית לחמניות סנדב,,,רביעיית לחמניות סנדב,גרמים,460.00,100 גרם,false,,15.90,0.0346,true,1,32435
7290013121165,false,"לחמניות נקניקיה כשל""",,,"לחמניות נקניקיה כשל""",גרמים,460.00,100 גרם,false,,17.90,0.0389,true,1,32436
7290013144171,false,תערובת עוגת שוקולד 5,,,תערובת עוגת שוקולד 5,גרמים,560.00,100 גרם,false,,14.90,0.0266,true,1,11536
7290013144393,false,תמצית בטעם וניל 50גר,,,תמצית בטעם וניל 50גר,גרמים,50.00,100 גרם,false,,4.50,0.0900,true,1,11550
7290013144409,false,תמצית בטעם רום 50גר,,,תמצית בטעם רום 50גר,מיליליטרים,50.00,"100 מ""ל",false,,4.50,0.0900,true,1,11551
7290013144416,false,תמציתבטעם שקדים 50גר,,,תמציתבטעם שקדים 50גר,גרמים,50.00,100 גרם,false,,4.50,0.0900,true,1,11552
7290013144508,false,תמצית בטעם ורדים 50ג,,,תמצית בטעם ורדים 50ג,מיליליטרים,50.00,"100 מ""ל",false,,8.90,0.1780,true,1,11553
7290013144539,false,צבע מאכל אדום 50גר,,,צבע מאכל אדום 50גר,גרמים,50.00,100 גרם,false,,4.50,0.0900,true,1,11556
7290013144768,false,מימונס סירופ בטעם שו,,,מימונס סירופ בטעם שו,מיליליטרים,500.00,"100 מ""ל",false,,13.90,0.0278,true,1,11560
7290013144805,false,אייס קפה לייט להכנה,,,אייס קפה לייט להכנה,גרמים,245.00,100 גרם,false,,20.90,0.0853,true,1,402948
7290013145055,false,פרג שלם 100גר,,,פרג שלם 100גר,גרמים,100.00,100 גרם,false,,6.90,0.0690,true,1,11567
7290013145062,false,סירופ מייפל אמיתי %1,,,סירופ מייפל אמיתי %1,מיליליטרים,187.00,"100 מ""ל",false,,19.90,0.1064,true,1,11568
7290013145109,false,מימונס שקד מולבן טחו,,,מימונס שקד מולבן טחו,גרמים,100.00,100 גרם,false,,12.90,0.1290,true,1,11571
7290013145116,false,מימונס שקד מולבן מקל,,,מימונס שקד מולבן מקל,גרמים,100.00,100 גרם,false,,12.90,0.1290,true,1,11572
7290013145215,false,שומשום 400גר,,,שומשום 400גר,גרמים,400.00,100 גרם,false,,14.90,0.0373,true,1,11578
7290013145390,false,מימונס שוקולד ציפס מ,,,מימונס שוקולד ציפס מ,גרמים,250.00,100 גרם,false,,8.90,0.0356,true,1,11581
7290013145406,false,מימונס שוקולד ציפס ל,,,מימונס שוקולד ציפס ל,גרמים,250.00,100 גרם,false,,9.90,0.0396,true,1,11582
7290013145437,false,מימונס שוקולד ציפס 4,,,מימונס שוקולד ציפס 4,גרמים,250.00,100 גרם,false,,12.90,0.0516,true,1,11583
7290013145444,false,מימונס שוקולד ציפס 6,,,מימונס שוקולד ציפס 6,גרמים,250.00,100 גרם,false,,12.70,0.0508,true,1,11584
7290013145529,false,מימונס סוכריות צבעונ,,,מימונס סוכריות צבעונ,גרמים,90.00,100 גרם,false,,5.50,0.0611,true,1,11586
7290013145567,false,מיני מיני עדשים 90גר,,,מיני מיני עדשים 90גר,גרמים,90.00,100 גרם,false,,10.50,0.1167,true,1,11588
7290013145628,false,סוכריות צבעוניות לקי,,,סוכריות צבעוניות לקי,גרמים,200.00,100 גרם,false,,8.90,0.0445,true,1,11591
7290013145840,false,מימונס סוכר וניל 10*,,,מימונס סוכר וניל 10*,גרמים,100.00,100 גרם,false,,2.50,0.0250,true,1,11597
7290013145857,false,אבקת אפיה 10* 10 גרם,,,אבקת אפיה 10* 10 גרם,גרמים,100.00,100 גרם,false,,2.50,0.0250,true,1,11598
7290013145901,false,סודה לשתיה 100 גרם,,,סודה לשתיה 100 גרם,גרמים,100.00,100 גרם,false,,2.00,0.0200,true,1,11601
7290013145918,false,אבקת סוכר 100 גרם,,,אבקת סוכר 100 גרם,גרמים,100.00,100 גרם,false,,2.00,0.0200,true,1,11602
7290013145963,false,מימונס שמרים יבשים ב,,,מימונס שמרים יבשים ב,גרמים,125.00,100 גרם,false,,5.50,0.0440,true,1,11605
7290013145970,false,מימונס קורנפלור 200,,,מימונס קורנפלור 200,גרמים,200.00,100 גרם,false,,3.90,0.0195,true,1,11606
7290013146304,false,מימונס קורנפלור 500,,,מימונס קורנפלור 500,גרמים,500.00,100 גרם,false,,6.90,0.0138,true,1,11617
7290013146670,false,סוכריות לב צבעוניות,,,סוכריות לב צבעוניות,אין,0.00,יחידה,false,,11.90,0.0000,true,1,11625
7290013146762,false,קצפת לזילוף 24% שומן,,,קצפת לזילוף 24% שומן,גרמים,500.00,100 גרם,false,,6.80,0.0136,true,1,132981
7290013153418,false,פריגת מצונן סחוט לימ,,,פריגת מצונן סחוט לימ,אין,0.00,יחידה,false,,15.90,0.0000,true,1,6937
7290013153432,false,פריגת סחוט לימונענע,,,פריגת סחוט לימונענע,מיליליטרים,400.00,"100 מ""ל",false,,9.90,0.0248,true,1,6939
7290013153593,false,פריגת סחוט תפוזים מת,,,פריגת סחוט תפוזים מת,ארגז,1.00,ליטר,false,,11.90,11.9000,true,1,6943
7290013156006,false,עוגיות  מרוקאיות גיק,,,עוגיות  מרוקאיות גיק,גרמים,350.00,100 גרם,false,,16.90,0.0483,true,1,237305
7290013156822,false,עוגיות רייף גיקובס 3,,,עוגיות רייף גיקובס 3,גרמים,350.00,100 גרם,false,,16.90,0.0483,true,1,237306
7290013156846,false,עוגיות מלוחות גיקובס,,,עוגיות מלוחות גיקובס,גרמים,350.00,100 גרם,false,,16.90,0.0483,true,1,237307
7290013156914,false,עוגיות כעך טוניסאי ג,,,עוגיות כעך טוניסאי ג,גרמים,350.00,100 גרם,false,,16.90,0.0483,true,1,237308
7290013156921,false,"עוגיות  מרוקאיות לל""",,,"עוגיות  מרוקאיות לל""",גרמים,350.00,100 גרם,false,,16.90,0.0483,true,1,237309
7290013215031,false,פטריות פורטובלה למיל,,,פטריות פורטובלה למיל,יח',1.00,יח',false,,19.90,19.9000,true,1,175914
7290013215123,false,פטריות שמפניון למילו,,,פטריות שמפניון למילו,יח',1.00,יח',false,,19.90,19.9000,true,1,175915
7290013220042,false,מיקס טרופי 400 גרם ב,,,מיקס טרופי 400 גרם ב,גרמים,400.00,100 גרם,false,,19.90,0.0497,true,1,31790
7290013220103,false,דובדבן קפוא 500 גרם,,,דובדבן קפוא 500 גרם,גרמים,500.00,100 גרם,false,,19.90,0.0398,true,1,31791
7290013220134,false,פירות יער 500 גרם בק,,,פירות יער 500 גרם בק,גרמים,500.00,100 גרם,false,,19.90,0.0398,true,1,31794
7290013220349,false,דומדמנית אדומה 500 ג,,,דומדמנית אדומה 500 ג,גרמים,500.00,100 גרם,false,,19.90,0.0398,true,1,82847
7290013220899,false,תות שדה קפוא 500 גרם,,,תות שדה קפוא 500 גרם,גרמים,500.00,100 גרם,false,,19.90,0.0398,true,1,31797
7290013220929,false,אוכמנית  כחולות 400,,,אוכמנית  כחולות 400,גרמים,400.00,100 גרם,false,,19.90,0.0497,true,1,31798
7290013221056,false,אפרסק 500 גרם בקופסא,,,אפרסק 500 גרם בקופסא,גרמים,500.00,100 גרם,false,,19.90,0.0398,true,1,82820
7290013268020,false,סנו מקסימה אולטרא פר,,,סנו מקסימה אולטרא פר,אין,0.00,יחידה,false,,18.90,0.0000,true,1,19381
7290013268037,false,סנו מקסימה פצ'ולי מר,,,סנו מקסימה פצ'ולי מר,אין,0.00,יחידה,false,,18.90,0.0000,true,1,19382
7290013268242,false,ריצפז פרש הום בניחוח,,,ריצפז פרש הום בניחוח,ארגז,2.00,ליטר,false,,21.90,10.9500,true,1,19386
7290013268839,false,סנו פוליויקס פרקט בנ,,,סנו פוליויקס פרקט בנ,ארגז,2.00,ליטר,false,,21.90,10.9500,true,1,19391
7290013268884,false,ריצפז פרש מאסק 2 ליט,,,ריצפז פרש מאסק 2 ליט,ארגז,2.00,ליטר,false,,18.90,9.4500,true,1,19393
7290013268891,false,סנו אוקסיג'ן 3 ליטר,,,סנו אוקסיג'ן 3 ליטר,ארגז,3.00,ליטר,false,,30.90,10.3000,true,1,19394
7290013268907,false,מקסימה ג'ל כביסה ביו,,,מקסימה ג'ל כביסה ביו,ארגז,3.00,ליטר,false,,33.90,11.3000,true,1,19395
7290013268983,false,מקסימה מרכך כביסה בב,,,מקסימה מרכך כביסה בב,אין,0.00,יחידה,false,,18.90,0.0000,true,1,90145
7290013268990,false,סנו מקסימה מרכך מרוכ,,,סנו מקסימה מרכך מרוכ,אין,0.00,יחידה,false,,18.90,0.0000,true,1,19398
7290013269003,false,סנו מקסימה קר בייבי,,,סנו מקסימה קר בייבי,ארגז,1.00,ליטר,false,,19.90,19.9000,true,1,19399
7290013269263,false,מקסימה גל כביסה קריס,,,מקסימה גל כביסה קריס,ארגז,3.00,ליטר,false,,33.90,11.3000,true,1,19400
7290013269287,false,מקסימה מאסק גל כביסה,,,מקסימה מאסק גל כביסה,ארגז,3.00,ליטר,false,,33.90,11.3000,true,1,19401
7290013269621,false,ריצפז פרש הום בניחוח,,,ריצפז פרש הום בניחוח,ארגז,2.00,ליטר,false,,21.90,10.9500,true,1,19405
7290013269638,false,סנו סושי ספוג הפלא א,,,סנו סושי ספוג הפלא א,אין,0.00,יחידה,false,,9.70,0.0000,true,1,19406
7290013269645,false,ריצפז פרש מטליות לחו,,,ריצפז פרש מטליות לחו,אין,0.00,יחידה,false,,11.90,0.0000,true,1,19407
7290013269652,false,פוליויקס גרניט פורצל,,,פוליויקס גרניט פורצל,ארגז,2.00,ליטר,false,,20.90,10.4500,true,1,19408
7290013269669,false,ריצפז פנטזיה 3ל,,,ריצפז פנטזיה 3ל,ארגז,3.00,ליטר,false,,12.90,4.3000,true,1,19409
7290013269751,false,ריצפז מטליות לחות לנ,,,ריצפז מטליות לחות לנ,אין,0.00,יחידה,false,,11.90,0.0000,true,1,19412
7290013269850,false,סנו סושי נייר אפיה א,,,סנו סושי נייר אפיה א,אין,0.00,יחידה,false,,14.90,0.0000,true,1,19413
7290013269911,false,333 - k,,,333 - k,מיליליטרים,750.00,"100 מ""ל",false,,31.90,0.0425,true,1,19415
7290013284310,false,רוטב לפסטה לילדים פר,,,רוטב לפסטה לילדים פר,גרמים,240.00,100 גרם,false,,4.90,0.0204,true,1,25583
7290013284662,false,רוטב פיצה פיתה פריני,,,רוטב פיצה פיתה פריני,גרמים,240.00,100 גרם,false,,4.90,0.0204,true,1,25584
7290013310163,false,איזילייט מדליק פחם מ,,,איזילייט מדליק פחם מ,אין,0.00,יחידה,false,,6.50,0.0000,true,1,4117
7290013310323,false,קליפס עם מחזיק מוצץ,,,קליפס עם מחזיק מוצץ,אין,0.00,יחידה,false,,21.90,0.0000,true,1,357776
7290013358356,false,מאסטר שף פירורי לחם,,,מאסטר שף פירורי לחם,גרמים,350.00,100 גרם,false,,4.90,0.0140,true,1,525
7290013358363,false,מאסטר שף  פירורי לחם,,,מאסטר שף  פירורי לחם,גרמים,300.00,100 גרם,false,,9.90,0.0330,true,1,14533
7290013358417,false,מאסטר שף אסייאתי רוט,,,מאסטר שף אסייאתי רוט,מיליליטרים,300.00,"100 מ""ל",false,,11.90,0.0397,true,1,14535
7290013358486,false,מאסטר שף פירורים  מו,,,מאסטר שף פירורים  מו,גרמים,300.00,100 גרם,false,,4.90,0.0163,true,1,526
7290013358493,false,מאסטר שף אסייאתי קרם,,,מאסטר שף אסייאתי קרם,מיליליטרים,400.00,"100 מ""ל",false,,9.80,0.0245,true,1,14537
7290013358530,false,מאסטר שף רוטב צ'ילי,,,מאסטר שף רוטב צ'ילי,מיליליטרים,700.00,"100 מ""ל",false,,11.90,0.0170,true,1,14538
7290013358547,false,מאסטר שף רוטב צ'ילי,,,מאסטר שף רוטב צ'ילי,מיליליטרים,700.00,"100 מ""ל",false,,11.90,0.0170,true,1,14539
7290013358837,false,מאגדת פריכיות אורז ל,,,מאגדת פריכיות אורז ל,גרמים,264.00,100 גרם,false,,10.90,0.0413,true,1,14541
7290013366634,false,חסה סלנובה,,,חסה סלנובה,יח',1.00,יח',false,,11.90,11.9000,true,1,29384
7290013389381,false,"קמח תירס תומר 1 ק""ג",,,"קמח תירס תומר 1 ק""ג",אלף,1.00,"ק""ג",false,,10.80,10.8000,true,1,16272
7290013412966,false,תולי מגבונים לחים 4*,,,תולי מגבונים לחים 4*,אין,0.00,יחידה,false,,10.00,0.0000,true,1,18911
7290013424976,false,תות שדה שלם קפוא 500,,,תות שדה שלם קפוא 500,גרמים,500.00,100 גרם,false,,11.90,0.0238,true,1,68518
7290013430083,false,אלכסנדר בלונד בירה 3,,,אלכסנדר בלונד בירה 3,מיליליטרים,330.00,"100 מ""ל",false,,13.20,0.0400,true,1,54539
7290013430304,false,אלכסנדר גרין בירה 33,,,אלכסנדר גרין בירה 33,מיליליטרים,330.00,"100 מ""ל",false,,13.20,0.0400,true,1,56737
7290013440648,false,אבטיח קרחונים מאגדת,,,אבטיח קרחונים מאגדת,גרמים,540.00,100 גרם,false,,24.90,0.0461,true,1,11838
7290013472199,false,וילי פוד ערמונים 100,,,וילי פוד ערמונים 100,גרמים,100.00,100 גרם,false,,5.90,0.0590,true,1,5353
7290013525802,false,שמיר סחוג אדום 150ג,,,שמיר סחוג אדום 150ג,גרמים,150.00,100 גרם,false,,8.90,0.0593,true,1,12567
7290013531117,false,רוטב לפסטה לילדים יכ,,,רוטב לפסטה לילדים יכ,גרמים,260.00,100 גרם,false,,5.50,0.0212,true,1,8143
7290013531346,false,סירופ דיאט לימונענע,,,סירופ דיאט לימונענע,ארגז,1.00,ליטר,false,,16.90,16.9000,true,1,8144
7290013531582,false,זיתים חרוזית מגולעני,,,זיתים חרוזית מגולעני,גרמים,600.00,100 גרם,false,,11.90,0.0198,true,1,8147
7290013531759,false,שעועית אפויה במים יכ,,,שעועית אפויה במים יכ,גרמים,550.00,100 גרם,false,,9.90,0.0180,true,1,8150
7290013558800,false,עלי תרד,,,עלי תרד,גרמים,500.00,100 גרם,false,,12.90,0.0258,true,1,29942
7290013558824,false,תבלין טרי,,,תבלין טרי,גרמים,100.00,100 גרם,false,,8.90,0.0890,true,1,29943
7290013558855,false,לבבות פלמניגו,,,לבבות פלמניגו,יח',1.00,יח',false,,10.90,10.9000,true,1,29944
7290013579232,false,אוכמניות כחולות קפוא,,,אוכמניות כחולות קפוא,גרמים,250.00,100 גרם,false,,10.00,0.0400,true,1,406108
7290013580009,false,המבורגר זהב 400 גרם,,,המבורגר זהב 400 גרם,גרמים,400.00,100 גרם,false,,14.90,0.0373,true,1,22605
7290013581648,false,מינוט סטייק  אל מטאד,,,מינוט סטייק  אל מטאד,גרמים,250.00,100 גרם,false,,24.90,0.0996,true,1,22606
7290013585233,false,פחית סליק 330 מל ZER,,,פחית סליק 330 מל ZER,מיליליטרים,330.00,"100 מ""ל",false,,5.50,0.0167,true,1,7427
7290013585387,false,קולה זירו 1 ליטר,,,קולה זירו 1 ליטר,ארגז,1.00,ליטר,false,,6.90,6.9000,true,1,7437
7290013585394,false,קוקה קולה 1 ליטר,,,קוקה קולה 1 ליטר,ארגז,1.00,ליטר,false,,7.50,7.5000,true,1,7438
7290013608260,false,פרימור מיץ רימונים ס,,,פרימור מיץ רימונים ס,אין,0.00,יחידה,false,,22.90,0.0000,true,1,15524
7290013608864,false,פרימור משקה פירות הד,,,פרימור משקה פירות הד,ארגז,1.00,ליטר,false,,15.70,15.7000,true,1,15528
7290013615954,false,מדליוני תרד קפוא-1 ק,,,מדליוני תרד קפוא-1 ק,אלף,1.00,"ק""ג",false,,14.90,14.9000,true,1,31742
7290013645364,false,עוגיות מזרחיות ללא ג,,,עוגיות מזרחיות ללא ג,גרמים,200.00,100 גרם,false,,18.90,0.0945,true,1,421783
7290013645371,false,עוגיות שוקולד צ`יפס,,,עוגיות שוקולד צ`יפס,גרמים,200.00,100 גרם,false,,18.90,0.0945,true,1,421798
7290013652157,false,מגב.הסרת איפור ע.רגי,,,מגב.הסרת איפור ע.רגי,אין,0.00,יחידה,false,,24.90,0.0000,true,1,18758
7290013652171,false,נטורל קר מגב.הסרת אי,,,נטורל קר מגב.הסרת אי,אין,0.00,יחידה,false,,24.90,0.0000,true,1,115068
7290013675545,false,שניצל כלי תחבורה 700,,,שניצל כלי תחבורה 700,גרמים,700.00,100 גרם,false,,30.90,0.0441,true,1,16577
7290013675811,false,פסטה א-לה רומא להקפצ,,,פסטה א-לה רומא להקפצ,גרמים,450.00,100 גרם,false,,19.90,0.0442,true,1,16587
7290013675828,false,חגיגה אסייתית להקפצה,,,חגיגה אסייתית להקפצה,גרמים,450.00,100 גרם,false,,19.90,0.0442,true,1,16588
7290013675835,false,ירוק גלילי להקפצה מא,,,ירוק גלילי להקפצה מא,גרמים,450.00,100 גרם,false,,19.90,0.0442,true,1,16589
7290013675965,false,מאמא עוף רצועוף טבעו,,,מאמא עוף רצועוף טבעו,גרמים,500.00,100 גרם,false,,19.90,0.0398,true,1,36626
7290013677679,false,סודה לשתיה בשקית 80,,,סודה לשתיה בשקית 80,גרמים,80.00,100 גרם,false,,3.90,0.0487,true,1,11438
7290013702883,false,משקה פינק למונייד שו,,,משקה פינק למונייד שו,מיליליטרים,500.00,"100 מ""ל",false,,5.90,0.0118,true,1,9724
7290013713025,false,ג'מס בקבוקי פילס 330,,,ג'מס בקבוקי פילס 330,מיליליטרים,330.00,"100 מ""ל",false,,13.20,0.0400,true,1,9449
7290013713049,false,ג'מס בקבוקי 8.8 330,,,ג'מס בקבוקי 8.8 330,מיליליטרים,330.00,"100 מ""ל",false,,13.20,0.0400,true,1,9451
7290013787408,false,רביולי בטטה ריקו 330,,,רביולי בטטה ריקו 330,גרמים,330.00,100 גרם,false,,25.90,0.0785,true,1,16898
7290013793102,false,ערכת נוזלי עטרת מלכו,,,ערכת נוזלי עטרת מלכו,אין,0.00,יחידה,false,,70.90,0.0000,true,1,32251
7290013848345,false,מטליות לחות לחיטוי י,,,מטליות לחות לחיטוי י,אין,0.00,יחידה,false,,22.90,0.0000,true,1,19419
7290013848383,false,ג'ל רחצה אנטי בלוק ק,,,ג'ל רחצה אנטי בלוק ק,מיליליטרים,700.00,"100 מ""ל",false,,18.90,0.0270,true,1,19420
7290013848758,false,סנו מקסימה ג'ל כביסה,,,סנו מקסימה ג'ל כביסה,ארגז,3.00,ליטר,false,,36.90,12.3000,true,1,2159
7290013906205,false,טירת צבי פסטרמה שום,,,טירת צבי פסטרמה שום,גרמים,400.00,100 גרם,false,,26.90,0.0672,true,1,16443
7290013906212,false,טירת צבי נקניקיות וי,,,טירת צבי נקניקיות וי,אלף,1.00,"ק""ג",false,,22.90,22.9000,true,1,16444
7290013906441,false,טירת צבי קבנוס 120 ג,,,טירת צבי קבנוס 120 ג,גרמים,120.00,100 גרם,false,,9.90,0.0825,true,1,16454
7290013906458,false,טירת צבי קבנוס פיקנט,,,טירת צבי קבנוס פיקנט,גרמים,120.00,100 גרם,false,,9.90,0.0825,true,1,16455
7290013906489,false,טירת צבי חטיפי מיני,,,טירת צבי חטיפי מיני,גרמים,120.00,100 גרם,false,,9.90,0.0825,true,1,16456
7290013906496,false,טירת צבי פסטרמה עגל,,,טירת צבי פסטרמה עגל,גרמים,120.00,100 גרם,false,,13.90,0.1158,true,1,16457
7290013906519,false,טירת צבי פרשוטו בקר,,,טירת צבי פרשוטו בקר,גרמים,100.00,100 גרם,false,,24.90,0.2490,true,1,16458
7290013906687,false,טירת צבי צמד כפרית ב,,,טירת צבי צמד כפרית ב,גרמים,600.00,100 גרם,false,,24.90,0.0415,true,1,16460
7290013927200,false,אחווה עוגת שוקולד צי,,,אחווה עוגת שוקולד צי,גרמים,400.00,100 גרם,false,,11.90,0.0298,true,1,4028
7290013927996,false,עוגת שמרים קרנץ בטעם,,,עוגת שמרים קרנץ בטעם,גרמים,400.00,100 גרם,false,,10.90,0.0273,true,1,255289
7290014002197,false,תה חליטת קמומיל ולימ,,,תה חליטת קמומיל ולימ,גרמים,37.50,100 גרם,false,,17.50,0.4667,true,1,1181
7290014002203,false,תה חליטת לימונית ולו,,,תה חליטת לימונית ולו,גרמים,37.50,100 גרם,false,,17.50,0.4667,true,1,1182
7290014002944,false,תה גן קסום חליטת חמא,,,תה גן קסום חליטת חמא,גרמים,62.50,100 גרם,false,,17.50,0.2800,true,1,82070
7290014002982,false,תה ירוק לימונית סטיב,,,תה ירוק לימונית סטיב,גרמים,37.50,100 גרם,false,,23.90,0.6373,true,1,16134
7290014046757,false,סלמי תה `שרולה` 300,,,סלמי תה `שרולה` 300,גרמים,300.00,100 גרם,false,,19.90,0.0663,true,1,11699
7290014059085,false,משחה לשיקום והגנה סנ,,,משחה לשיקום והגנה סנ,מיליליטרים,75.00,"100 מ""ל",false,,23.90,0.3187,true,1,93
7290014059436,false,משחת שיניים לשיקום ס,,,משחת שיניים לשיקום ס,מיליליטרים,75.00,"100 מ""ל",false,,23.90,0.3187,true,1,94
7290014079014,false,לבבות קיסר,,,לבבות קיסר,גרמים,300.00,100 גרם,false,,10.90,0.0363,true,1,22719
7290014079076,false,נבטי אלפלפא,,,נבטי אלפלפא,יח',1.00,יח',false,,6.90,6.9000,true,1,25708
7290014079236,false,פטריות מיני חורש,,,פטריות מיני חורש,יח',1.00,יח',false,,8.90,8.9000,true,1,25709
7290014087385,false,קופסת איחסון ואקום ל,,,קופסת איחסון ואקום ל,אין,0.00,יחידה,false,,14.90,0.0000,true,1,29457
7290014087392,false,קופסת איחסון ואקום ל,,,קופסת איחסון ואקום ל,אין,0.00,יחידה,false,,14.90,0.0000,true,1,31939
7290014094338,false,גרעיני דלעת קלופים 2,,,גרעיני דלעת קלופים 2,גרמים,250.00,100 גרם,false,,14.90,0.0596,true,1,32642
7290014094345,false,ששון הקולה גרעיני חמ,,,ששון הקולה גרעיני חמ,גרמים,300.00,100 גרם,false,,9.90,0.0330,true,1,32643
7290014094369,false,ששון הקולה שקד טבעי,,,ששון הקולה שקד טבעי,גרמים,200.00,100 גרם,false,,21.90,0.1095,true,1,32645
7290014094376,false,שזיף ללא גלעין בקופס,,,שזיף ללא גלעין בקופס,גרמים,330.00,100 גרם,false,,23.90,0.0724,true,1,32646
7290014094383,false,שקדיה משמש מיובש 330,,,שקדיה משמש מיובש 330,גרמים,330.00,100 גרם,false,,23.90,0.0724,true,1,32647
7290014094390,false,חמוציות מסוכרות בקופ,,,חמוציות מסוכרות בקופ,גרמים,330.00,100 גרם,false,,14.90,0.0452,true,1,32648
7290014094406,false,צימוק בהיר  בקופסא 3,,,צימוק בהיר  בקופסא 3,גרמים,330.00,100 גרם,false,,16.90,0.0512,true,1,32649
7290014094505,false,אהרוני אורז בסמטי 1,,,אהרוני אורז בסמטי 1,אלף,1.00,"ק""ג",false,,9.90,9.9000,true,1,121350
7290014094611,false,שקד מולבן פרוס 200גר,,,שקד מולבן פרוס 200גר,גרמים,200.00,100 גרם,false,,19.90,0.0995,true,1,32650
7290014094628,false,פקאן טבעי 200גר ששון,,,פקאן טבעי 200גר ששון,גרמים,200.00,100 גרם,false,,24.90,0.1245,true,1,32651
7290014094635,false,אגוז ברזיל טבעי 250ג,,,אגוז ברזיל טבעי 250ג,גרמים,250.00,100 גרם,false,,39.90,0.1596,true,1,32652
7290014094642,false,קשיו טבעי 250 גר' שש,,,קשיו טבעי 250 גר' שש,גרמים,250.00,100 גרם,false,,24.90,0.0996,true,1,32653
7290014094659,false,אגוז לוז טבעי 250 גר,,,אגוז לוז טבעי 250 גר,גרמים,250.00,100 גרם,false,,24.90,0.0996,true,1,32654
7290014094895,false,אגוז מלך 150גר ששון,,,אגוז מלך 150גר ששון,גרמים,150.00,100 גרם,false,,10.90,0.0727,true,1,32657
7290014094901,false,פקאן טבעי 150 גרם,,,פקאן טבעי 150 גרם,גרמים,150.00,100 גרם,false,,19.90,0.1327,true,1,32658
7290014095861,false,שיבולת שועל דקה קווא,,,שיבולת שועל דקה קווא,גרמים,500.00,100 גרם,false,,4.90,0.0098,true,1,6160
7290014095960,false,שיבולת שועל עבה קווא,,,שיבולת שועל עבה קווא,גרמים,500.00,100 גרם,false,,4.90,0.0098,true,1,6163
7290014204027,false,פנינה שמפו יומי 750,,,פנינה שמפו יומי 750,מיליליטרים,750.00,"100 מ""ל",false,,9.90,0.0132,true,1,12778
7290014204560,false,סבון נוזלי פנינה רוז,,,סבון נוזלי פנינה רוז,ארגז,1.50,ליטר,false,,9.90,6.6000,true,1,12781
7290014204645,false,שמפו לאחר החלקה פ.רו,,,שמפו לאחר החלקה פ.רו,מיליליטרים,750.00,"100 מ""ל",false,,24.90,0.0332,true,1,12785
7290014204683,false,פנינה סבון נוזלי משא,,,פנינה סבון נוזלי משא,אין,0.00,יחידה,false,,9.90,0.0000,true,1,12787
7290014204690,false,סבון נוזלי משאבה ורו,,,סבון נוזלי משאבה ורו,אין,0.00,יחידה,false,,9.90,0.0000,true,1,12788
7290014217065,false,טעם וריח אורגנו מיכל,,,טעם וריח אורגנו מיכל,גרמים,30.00,100 גרם,false,,10.10,0.3367,true,1,26184
7290014217140,false,תבלין ראס אל חנות טע,,,תבלין ראס אל חנות טע,גרמים,100.00,100 גרם,false,,9.00,0.0900,true,1,26185
7290014217157,false,תבלין תערובת תיבול ט,,,תבלין תערובת תיבול ט,גרמים,120.00,100 גרם,false,,11.80,0.0983,true,1,241180
7290014217171,false,תבלין בתיבול גריל דג,,,תבלין בתיבול גריל דג,גרמים,100.00,100 גרם,false,,11.80,0.1180,true,1,241165
7290014217225,false,טעם וריח גריל עוף מי,,,טעם וריח גריל עוף מי,גרמים,120.00,100 גרם,false,,10.80,0.0900,true,1,26186
7290014217263,false,תבלין תיבול פרגית טע,,,תבלין תיבול פרגית טע,גרמים,100.00,100 גרם,false,,11.90,0.1190,true,1,26187
7290014217348,false,תבליני טעם וריח צילי,,,תבליני טעם וריח צילי,גרמים,70.00,100 גרם,false,,10.80,0.1543,true,1,26188
7290014217355,false,תבלין אבקת קרי טעם ו,,,תבלין אבקת קרי טעם ו,גרמים,100.00,100 גרם,false,,11.80,0.1180,true,1,241197
7290014217362,false,תערובת תיבול קציצות,,,תערובת תיבול קציצות,גרמים,100.00,100 גרם,false,,11.80,0.1180,true,1,241198
7290014218932,false,חטיפי פיצה בתוספת זי,,,חטיפי פיצה בתוספת זי,גרמים,710.00,100 גרם,false,,26.90,0.0379,true,1,22775
7290014256620,false,יין באזז קריניאנו 75,,,יין באזז קריניאנו 75,מיליליטרים,750.00,"100 מ""ל",false,,27.90,0.0372,true,1,3954
7290014256637,false,יין באזז מוסקטו 750מ,,,יין באזז מוסקטו 750מ,מיליליטרים,750.00,"100 מ""ל",false,,27.90,0.0372,true,1,3955
7290014325050,false,מיה קורנפלור 500גרם,,,מיה קורנפלור 500גרם,גרמים,500.00,100 גרם,false,,3.90,0.0078,true,1,11451
7290014369535,false,מאגדת מוג'ו תות שדה,,,מאגדת מוג'ו תות שדה,ארגז,1.00,ליטר,false,,28.90,28.9000,true,1,87211
7290014369597,false,פיינט מנגו אננס ופסי,,,פיינט מנגו אננס ופסי,מיליליטרים,500.00,"100 מ""ל",false,,30.90,0.0618,true,1,88255
7290014369610,false,פיינט פיסטוק טבעי מו,,,פיינט פיסטוק טבעי מו,מיליליטרים,500.00,"100 מ""ל",false,,30.90,0.0618,true,1,88257
7290014369627,false,פיינט שוקולד בלגי עם,,,פיינט שוקולד בלגי עם,מיליליטרים,500.00,"100 מ""ל",false,,30.90,0.0618,true,1,88258
7290014369634,false,פיינט אגוז לוז טבעי,,,פיינט אגוז לוז טבעי,מיליליטרים,500.00,"100 מ""ל",false,,30.90,0.0618,true,1,88259
7290014397200,false,מארז מברשות שיניים א,,,מארז מברשות שיניים א,אין,0.00,יחידה,false,,10.90,0.0000,true,1,19439
7290014397279,false,סנו סושי שקיות מזון,,,סנו סושי שקיות מזון,אין,0.00,יחידה,false,,13.90,0.0000,true,1,19440
7290014397453,false,סנו אוקסיג'ן לכביסה,,,סנו אוקסיג'ן לכביסה,ארגז,3.00,ליטר,false,,30.90,10.3000,true,1,19443
7290014397514,false,סנו פרש הום כותנה מל,,,סנו פרש הום כותנה מל,מיליליטרים,350.00,"100 מ""ל",false,,11.90,0.0340,true,1,19444
7290014397705,false,פוליויקס פרקט בניחוח,,,פוליויקס פרקט בניחוח,ארגז,2.00,ליטר,false,,21.90,10.9500,true,1,19449
7290014397767,false,ריצפז פרש הום כותנה,,,ריצפז פרש הום כותנה,ארגז,2.00,ליטר,false,,21.90,10.9500,true,1,19452
7290014397781,false,ריצפז פרש הום סבון מ,,,ריצפז פרש הום סבון מ,ארגז,2.00,ליטר,false,,21.90,10.9500,true,1,19454
7290014397873,false,מרכך כביסה סנו מקסימ,,,מרכך כביסה סנו מקסימ,ארגז,4.00,ליטר,false,,22.90,5.7250,true,1,19457
7290014435704,false,סלמון מעושן סלטי שמי,,,סלמון מעושן סלטי שמי,גרמים,100.00,100 גרם,false,,23.90,0.2390,true,1,12573
7290014435803,false,מטיאס הולנדי פרובנצי,,,מטיאס הולנדי פרובנצי,גרמים,180.00,100 גרם,false,,18.90,0.1050,true,1,12575
7290014435810,false,הרינג כבוש עם בצל במ,,,הרינג כבוש עם בצל במ,גרמים,180.00,100 גרם,false,,18.90,0.1050,true,1,12576
7290014435827,false,פילה מקרל מעושן בשמן,,,פילה מקרל מעושן בשמן,גרמים,180.00,100 גרם,false,,24.90,0.1383,true,1,12577
7290014435834,false,מקרל מעושן פרוס בשמן,,,מקרל מעושן פרוס בשמן,גרמים,180.00,100 גרם,false,,24.90,0.1383,true,1,12578
7290014435841,false,פילה מטיאס הולנדי  ב,,,פילה מטיאס הולנדי  ב,גרמים,180.00,100 גרם,false,,18.90,0.1050,true,1,12579
7290014435889,false,סלט מטיאס עם מיונז 1,,,סלט מטיאס עם מיונז 1,גרמים,180.00,100 גרם,false,,18.90,0.1050,true,1,12581
7290014455245,false,גד גרנה פדנו משולש כ,,,גד גרנה פדנו משולש כ,גרמים,200.00,100 גרם,false,,23.90,0.1195,true,1,11122
7290014455252,false,גד גרנה פדנו מגורד כ,,,גד גרנה פדנו מגורד כ,גרמים,100.00,100 גרם,false,,10.90,0.1090,true,1,11123
7290014455320,false,גד כדור מוצרלה פרסקה,,,גד כדור מוצרלה פרסקה,גרמים,100.00,100 גרם,false,,8.90,0.0890,true,1,11124
7290014455467,false,גד מעדן שיבולת שועל,,,גד מעדן שיבולת שועל,מיליליטרים,150.00,"100 מ""ל",false,,5.90,0.0393,true,1,11125
7290014459137,false,תפוגן סטייק ציפס 1.5,,,תפוגן סטייק ציפס 1.5,אלף,1.50,"ק""ג",false,,23.90,15.9333,true,1,13672
7290014459373,false,תפוגן ציפס קראנצי 1.,,,תפוגן ציפס קראנצי 1.,אלף,1.50,"ק""ג",false,,24.90,16.6000,true,1,13675
7290014459472,false,תפוגן צ`יפס קלאסי 2,,,תפוגן צ`יפס קלאסי 2,אלף,2.00,"ק""ג",false,,24.90,12.4500,true,1,13676
7290014459632,false,"טוגן 1.5 ק""ג",,,"טוגן 1.5 ק""ג",אלף,1.50,"ק""ג",false,,15.90,10.6000,true,1,13677
7290014466128,false,יקבי רמת הגולן הר חר,,,יקבי רמת הגולן הר חר,מיליליטרים,750.00,"100 מ""ל",false,,32.90,0.0439,true,1,25765
7290014466463,false,יקבי רמת הגולן הר חר,,,יקבי רמת הגולן הר חר,מיליליטרים,750.00,"100 מ""ל",false,,32.90,0.0439,true,1,25768
7290014471412,false,מוזלי בוטנים אגוזים,,,מוזלי בוטנים אגוזים,אלף,1.00,"ק""ג",false,,18.90,18.9000,true,1,6164
7290014472136,false,גרעין שחור קלוי 150,,,גרעין שחור קלוי 150,גרמים,150.00,100 גרם,false,,4.90,0.0327,true,1,32659
7290014472471,false,גרעין שחור ענק 200 ג,,,גרעין שחור ענק 200 ג,גרמים,200.00,100 גרם,false,,6.90,0.0345,true,1,32662
7290014472488,false,שקד קלוי פרימיום 250,,,שקד קלוי פרימיום 250,גרמים,250.00,100 גרם,false,,26.90,0.1076,true,1,32663
7290014472495,false,קשיו קלוי ענק פרימיו,,,קשיו קלוי ענק פרימיו,גרמים,250.00,100 גרם,false,,21.90,0.0876,true,1,32664
7290014472518,false,בוטן קלוי פרימיום 25,,,בוטן קלוי פרימיום 25,גרמים,250.00,100 גרם,false,,11.90,0.0476,true,1,32666
7290014472525,false,תערובת פיצוחים מובחר,,,תערובת פיצוחים מובחר,גרמים,250.00,100 גרם,false,,19.90,0.0796,true,1,32667
7290014472990,false,ממרח 100% שקדים שקדי,,,ממרח 100% שקדים שקדי,גרמים,300.00,100 גרם,false,,30.90,0.1030,true,1,6171
7290014525306,false,חטיף מרבה קריספי אוכ,,,חטיף מרבה קריספי אוכ,גרמים,125.00,100 גרם,false,,10.90,0.0872,true,1,14554
7290014525313,false,חטיף מרבה קריספי שוק,,,חטיף מרבה קריספי שוק,גרמים,125.00,100 גרם,false,,10.90,0.0872,true,1,14555
7290014636668,false,סט מצעים זוגי מיקרו,,,סט מצעים זוגי מיקרו,אין,0.00,יחידה,false,,70.90,0.0000,true,1,11642
7290014636675,false,מגבת גוף מנהטן 70*13,,,מגבת גוף מנהטן 70*13,אין,0.00,יחידה,false,,34.90,0.0000,true,1,11643
7290014636903,false,כרבולית מינק 130/170,,,כרבולית מינק 130/170,אין,0.00,יחידה,false,,49.90,0.0000,true,1,452383
7290014673359,false,מלח לימון 400 גר,,,מלח לימון 400 גר,גרמים,400.00,100 גרם,false,,21.90,0.0547,true,1,3892
7290014673366,false,מימון כורכום טחון 25,,,מימון כורכום טחון 25,גרמים,250.00,100 גרם,false,,21.90,0.0876,true,1,3893
7290014673373,false,מימון פפריקה הונגרית,,,מימון פפריקה הונגרית,גרמים,250.00,100 גרם,false,,21.90,0.0876,true,1,3894
7290014673380,false,מימון כמון טחון 250,,,מימון כמון טחון 250,גרמים,250.00,100 גרם,false,,21.90,0.0876,true,1,3895
7290014673397,false,מימון תיבול לגריל עו,,,מימון תיבול לגריל עו,גרמים,250.00,100 גרם,false,,21.90,0.0876,true,1,3896
7290014673403,false,מימון פלפל שחור טחון,,,מימון פלפל שחור טחון,גרמים,250.00,100 גרם,false,,30.00,0.1200,true,1,3897
7290014673434,false,פלפל שחור גרוס דק בש,,,פלפל שחור גרוס דק בש,גרמים,80.00,100 גרם,false,,8.90,0.1113,true,1,3899
7290014674004,false,פירורי לחם עם שומשום,,,פירורי לחם עם שומשום,גרמים,300.00,100 גרם,false,,7.90,0.0263,true,1,355577
7290014692299,false,גבינת ברי 125 גרם EU,,,גבינת ברי 125 גרם EU,גרמים,125.00,100 גרם,false,,14.90,0.1192,true,1,3409
7290014692305,false,גבינת קממבר 125 גרם,,,גבינת קממבר 125 גרם,גרמים,125.00,100 גרם,false,,14.90,0.1192,true,1,5360
7290014731264,false,כוסות לשתיה קרה חד פ,,,כוסות לשתיה קרה חד פ,יח',100.00,יח',false,,6.90,0.0690,true,1,32347
7290014747333,false,שניצל דק ענק כשל'פ 6,,,שניצל דק ענק כשל'פ 6,גרמים,650.00,100 גרם,false,,29.90,0.0460,true,1,13689
7290014748651,false,דג טוב פילה אמנון מצ,,,דג טוב פילה אמנון מצ,גרמים,360.00,100 גרם,false,,32.90,0.0914,true,1,13702
7290014749078,false,עוף טוב מקלוני קבנוס,,,עוף טוב מקלוני קבנוס,גרמים,200.00,100 גרם,false,,17.90,0.0895,true,1,13711
7290014749245,false,רצועות שניצל שומשום,,,רצועות שניצל שומשום,גרמים,600.00,100 גרם,false,,30.90,0.0515,true,1,13715
7290014749764,false,שניצל עוף ביתי כזה ע,,,שניצל עוף ביתי כזה ע,גרמים,700.00,100 גרם,false,,38.90,0.0556,true,1,13720
7290014749801,false,רצועות שניצל צ'ילי צ,,,רצועות שניצל צ'ילי צ,גרמים,600.00,100 גרם,false,,30.90,0.0515,true,1,13722
7290014749887,false,שניצל עוף דקיק ענקיס,,,שניצל עוף דקיק ענקיס,גרמים,720.00,100 גרם,false,,30.90,0.0429,true,1,74849
7290014758100,false,יוגורט תנובה 3% 8*15,,,יוגורט תנובה 3% 8*15,אלף,1.20,"ק""ג",false,,16.90,14.0833,true,1,16902
7290014758117,false,יוגורט תנובה 1.5% 8*,,,יוגורט תנובה 1.5% 8*,אלף,1.20,"ק""ג",false,,16.90,14.0833,true,1,16903
7290014758162,false,חלב תנובה עיזים מלא,,,חלב תנובה עיזים מלא,ארגז,1.00,ליטר,false,,14.90,14.9000,true,1,16904
7290014759084,false,נפוליאון 16% 225גר,,,נפוליאון 16% 225גר,גרמים,225.00,100 גרם,false,,13.90,0.0618,true,1,16907
7290014759534,false,פיראוס בולגרית למריח,,,פיראוס בולגרית למריח,גרמים,200.00,100 גרם,false,,13.90,0.0695,true,1,16910
7290014759701,false,יופלה יוגורט מעודן ט,,,יופלה יוגורט מעודן ט,אלף,1.20,"ק""ג",false,,19.50,16.2500,true,1,16911
7290014759978,false,גבינות תנובה קצקבל פ,,,גבינות תנובה קצקבל פ,גרמים,200.00,100 גרם,false,,24.90,0.1245,true,1,16913
7290014759985,false,גבינה קשה מחלב בקר 2,,,גבינה קשה מחלב בקר 2,גרמים,200.00,100 גרם,false,,23.90,0.1195,true,1,1934
7290014759992,false,גבינות תנובה רוקפור,,,גבינות תנובה רוקפור,גרמים,140.00,100 גרם,false,,18.40,0.1314,true,1,1935
7290014760134,false,גביע מעדן סויה בטעם,,,גביע מעדן סויה בטעם,גרמים,125.00,100 גרם,false,,3.90,0.0312,true,1,16914
7290014760141,false,תנובה משקה שקדים טרי,,,תנובה משקה שקדים טרי,אין,0.00,יחידה,false,,12.90,0.0000,true,1,16915
7290014760448,false,גלבוע 22% 400 גרם,,,גלבוע 22% 400 גרם,גרמים,400.00,100 גרם,false,,22.80,0.0570,true,1,16916
7290014760912,false,גוש חלב 28% מהדרין 4,,,גוש חלב 28% מהדרין 4,גרמים,400.00,100 גרם,false,,24.80,0.0620,true,1,16918
7290014761056,false,יולו שוקולד חלב מעול,,,יולו שוקולד חלב מעול,גרמים,122.00,100 גרם,false,,4.90,0.0402,true,1,16920
7290014761063,false,יולו שוקולד מריר מעו,,,יולו שוקולד מריר מעו,גרמים,122.00,100 גרם,false,,4.90,0.0402,true,1,16921
7290014761070,false,יולו שוקולד לבן מעול,,,יולו שוקולד לבן מעול,גרמים,122.00,100 גרם,false,,4.90,0.0402,true,1,16922
7290014761193,false,פרילי פירות יער 1.5%,,,פרילי פירות יער 1.5%,גרמים,125.00,100 גרם,false,,3.50,0.0280,true,1,16923
7290014761414,false,יולו מעדן שכבות שוקו,,,יולו מעדן שכבות שוקו,גרמים,122.00,100 גרם,false,,4.90,0.0402,true,1,16929
7290014761612,false,יולו שכבות שוקולד מר,,,יולו שכבות שוקולד מר,גרמים,122.00,100 גרם,false,,4.90,0.0402,true,1,16930
7290014762756,false,נפוליאון 16% עם בצל,,,נפוליאון 16% עם בצל,גרמים,225.00,100 גרם,false,,13.90,0.0618,true,1,16936
7290014762800,false,גביע מעדן סויה בטעם,,,גביע מעדן סויה בטעם,גרמים,125.00,100 גרם,false,,3.90,0.0312,true,1,16941
7290014762831,false,גבינת שמנת נפוליאון,,,גבינת שמנת נפוליאון,גרמים,225.00,100 גרם,false,,13.90,0.0618,true,1,16942
7290014762909,false,פתיתי מוצרלה 200 גר`,,,פתיתי מוצרלה 200 גר`,גרמים,200.00,100 גרם,false,,15.90,0.0795,true,1,16944
7290014762947,false,לאבנה גלילית פיראוס,,,לאבנה גלילית פיראוס,גרמים,750.00,100 גרם,false,,23.90,0.0319,true,1,16945
7290014763272,false,משקה סויה ביו עם תות,,,משקה סויה ביו עם תות,מיליליטרים,250.00,"100 מ""ל",false,,4.80,0.0192,true,1,16948
7290014791091,false,משקה למונייד שוופס 5,,,משקה למונייד שוופס 5,מיליליטרים,500.00,"100 מ""ל",false,,5.90,0.0118,true,1,9729
7290014855434,false,בייביסיטר פרפורמנס מ,,,בייביסיטר פרפורמנס מ,אין,0.00,יחידה,false,,14.90,0.0000,true,1,18913
7290014855458,false,מגבוני בייבי פרפורמנ,,,מגבוני בייבי פרפורמנ,אין,0.00,יחידה,false,,14.90,0.0000,true,1,18914
7290014860070,false,"מקלוני אורז 5 מ""מ לל",,,"מקלוני אורז 5 מ""מ לל",גרמים,454.00,100 גרם,false,,10.90,0.0240,true,1,306249
7290014860094,false,"מקלוני אורז 3 מ""מ לל",,,"מקלוני אורז 3 מ""מ לל",גרמים,454.00,100 גרם,false,,9.90,0.0218,true,1,306250
7290014860155,false,מחצלת במבו שטוחה מזר,,,מחצלת במבו שטוחה מזר,אין,0.00,יחידה,false,,7.90,0.0000,true,1,431185
7290014860247,false,שבבי אורז מרובעים לל,,,שבבי אורז מרובעים לל,גרמים,227.00,100 גרם,false,,9.90,0.0436,true,1,306480
7290014860988,false,שימורי קרם קוקוס 17%,,,שימורי קרם קוקוס 17%,מיליליטרים,400.00,"100 מ""ל",false,,9.90,0.0248,true,1,306221
7290014910515,false,שפרוטים מעושנים רויא,,,שפרוטים מעושנים רויא,גרמים,250.00,100 גרם,false,,10.90,0.0436,true,1,9456
7290014931008,false,פטרוזיליה עם שורש,,,פטרוזיליה עם שורש,יח',1.00,יח',false,,7.90,7.9000,true,1,29946
7290014931015,false,כוסברה עם שורש,,,כוסברה עם שורש,יח',1.00,יח',false,,7.90,7.9000,true,1,29947
7290014931053,false,בזיליקום עם שורש,,,בזיליקום עם שורש,יח',1.00,יח',false,,7.90,7.9000,true,1,29950
7290014931077,false,עירית עם שורש,,,עירית עם שורש,יח',1.00,יח',false,,7.90,7.9000,true,1,29952
7290014931084,false,אורגנו עם שורש,,,אורגנו עם שורש,יח',1.00,יח',false,,7.90,7.9000,true,1,29953
7290014931107,false,נענע עם שורש,,,נענע עם שורש,יח',1.00,יח',false,,7.90,7.9000,true,1,29955
7290014931190,false,באק-צוי,,,באק-צוי,יח',1.00,יח',false,,11.90,11.9000,true,1,29956
7290014931206,false,גרגר הנחלים,,,גרגר הנחלים,יח',1.00,יח',false,,9.90,9.9000,true,1,29957
7290014940901,false,לחם פשוט מלא אנגל 75,,,לחם פשוט מלא אנגל 75,גרמים,750.00,100 גרם,false,,14.90,0.0199,true,1,22647
7290014974562,false,עלמה גביעי גלידה 24,,,עלמה גביעי גלידה 24,גרמים,120.00,100 גרם,false,,6.90,0.0575,true,1,25587
7290015009362,false,רוטב חומץ בלסמי לבן,,,רוטב חומץ בלסמי לבן,מיליליטרים,250.00,"100 מ""ל",false,,21.90,0.0876,true,1,352936
7290015009393,false,זיתים שחורים מגולעני,,,זיתים שחורים מגולעני,גרמים,430.00,100 גרם,false,,19.90,0.0463,true,1,337133
7290015009447,false,זיתים שחורים מזן קלמ,,,זיתים שחורים מזן קלמ,גרמים,440.00,100 גרם,false,,19.90,0.0452,true,1,337175
7290015009478,false,שעועית אדומה במי מלח,,,שעועית אדומה במי מלח,גרמים,240.00,100 גרם,false,,9.90,0.0413,true,1,337760
7290015009508,false,סירופ מייפל טהור 250,,,סירופ מייפל טהור 250,מיליליטרים,250.00,"100 מ""ל",false,,39.90,0.1596,true,1,353033
7290015009645,false,רוטב פלפל הבנרו עם ח,,,רוטב פלפל הבנרו עם ח,גרמים,355.00,100 גרם,false,,24.90,0.0701,true,1,396189
7290015039499,false,ויליפוד עוגיות חמאה,,,ויליפוד עוגיות חמאה,אלף,1.00,"ק""ג",false,,10.90,10.9000,true,1,5367
7290015039642,false,גבינת פרמז'ן בשייקר,,,גבינת פרמז'ן בשייקר,גרמים,90.00,100 גרם,false,,18.90,0.2100,true,1,62530
7290015129121,false,סקיני פסטה קונג'אק ב,,,סקיני פסטה קונג'אק ב,גרמים,270.00,100 גרם,false,,11.90,0.0441,true,1,247588
7290015129145,false,סקיני פסטה קונג'אק ב,,,סקיני פסטה קונג'אק ב,גרמים,270.00,100 גרם,false,,11.90,0.0441,true,1,247572
7290015129220,false,סקיני פסטה קונג'אק ב,,,סקיני פסטה קונג'אק ב,גרמים,270.00,100 גרם,false,,11.90,0.0441,true,1,247589
7290015129251,false,סקיני - פסטה פטוצ'ינ,,,סקיני - פסטה פטוצ'ינ,גרמים,270.00,100 גרם,false,,11.90,0.0441,true,1,2307
7290015139229,false,לני מטבעות שוקולד חל,,,לני מטבעות שוקולד חל,גרמים,42.00,100 גרם,false,,4.90,0.1167,true,1,24628
7290015139250,false,חופשי שוקולד מריר עם,,,חופשי שוקולד מריר עם,גרמים,85.00,100 גרם,false,,5.90,0.0694,true,1,24629
7290015139267,false,חופשי שוקולד מריר עם,,,חופשי שוקולד מריר עם,גרמים,85.00,100 גרם,false,,5.90,0.0694,true,1,24630
7290015150088,false,מחית עגבניות בלה איט,,,מחית עגבניות בלה איט,גרמים,700.00,100 גרם,false,,11.90,0.0170,true,1,16136
7290015150118,false,עגבניות חתוכות דק בל,,,עגבניות חתוכות דק בל,גרמים,400.00,100 גרם,false,,16.90,0.0422,true,1,16137
7290015150200,false,עגבניות חתוכות דק  ו,,,עגבניות חתוכות דק  ו,גרמים,400.00,100 גרם,false,,6.50,0.0163,true,1,16138
7290015150903,false,תה ירוק קינמון ודבש,,,תה ירוק קינמון ודבש,גרמים,37.50,100 גרם,false,,23.90,0.6373,true,1,16141
7290015155823,false,פאוץ' פרינוק מחית תפ,,,פאוץ' פרינוק מחית תפ,גרמים,120.00,100 גרם,false,,5.90,0.0492,true,1,5631
7290015155847,false,פאוץ' פרינוק מחית סל,,,פאוץ' פרינוק מחית סל,גרמים,120.00,100 גרם,false,,5.90,0.0492,true,1,5633
7290015156769,false,פאוץ' פרינוק תפוח וא,,,פאוץ' פרינוק תפוח וא,גרמים,120.00,100 גרם,false,,5.90,0.0492,true,1,5636
7290015156776,false,פאוץ' פרינוק פירות ט,,,פאוץ' פרינוק פירות ט,גרמים,120.00,100 גרם,false,,5.90,0.0492,true,1,5637
7290015164856,false,מחית אדומה על בסיס ק,,,מחית אדומה על בסיס ק,גרמים,400.00,100 גרם,false,,19.90,0.0497,true,1,431051
7290015193566,false,אובלטים שומשום 300 ג,,,אובלטים שומשום 300 ג,גרמים,300.00,100 גרם,false,,9.90,0.0330,true,1,25596
7290015193634,false,אובלטים קימל 300 גרם,,,אובלטים קימל 300 גרם,גרמים,300.00,100 גרם,false,,9.90,0.0330,true,1,25598
7290015193849,false,ארומה קרקר עם מלח 30,,,ארומה קרקר עם מלח 30,גרמים,300.00,100 גרם,false,,8.70,0.0290,true,1,25603
7290015253321,false,"פחם 2 ק""ג ירוק פרימי",,,"פחם 2 ק""ג ירוק פרימי",אלף,2.00,"ק""ג",false,,13.90,6.9500,true,1,18015
7290015282000,false,איקרה אדומה סלטי שמי,,,איקרה אדומה סלטי שמי,גרמים,200.00,100 גרם,false,,13.90,0.0695,true,1,12584
7290015282024,false,איקרה לבנה סלטי שמיר,,,איקרה לבנה סלטי שמיר,גרמים,200.00,100 גרם,false,,13.90,0.0695,true,1,12586
7290015282390,false,סלט תורכי 200 ג שמיר,,,סלט תורכי 200 ג שמיר,גרמים,200.00,100 גרם,false,,12.90,0.0645,true,1,12597
7290015282581,false,חומוס אבו גוש עם חרי,,,חומוס אבו גוש עם חרי,גרמים,200.00,100 גרם,false,,10.90,0.0545,true,1,12599
7290015282598,false,חומוס מסעדות,,,חומוס מסעדות,גרמים,200.00,100 גרם,false,,10.90,0.0545,true,1,12600
7290015282604,false,טחינה מיוחדת,,,טחינה מיוחדת,גרמים,200.00,100 גרם,false,,10.90,0.0545,true,1,12601
7290015282628,false,חציל בטעם כבד סלטי ש,,,חציל בטעם כבד סלטי ש,גרמים,200.00,100 גרם,false,,12.90,0.0645,true,1,12603
7290015282635,false,חומוס מסבחה,,,חומוס מסבחה,גרמים,200.00,100 גרם,false,,10.90,0.0545,true,1,12604
7290015282642,false,חומוס אבו גוש,,,חומוס אבו גוש,גרמים,200.00,100 גרם,false,,10.90,0.0545,true,1,12605
7290015282666,false,סלט טונה בריאות 200,,,סלט טונה בריאות 200,גרמים,200.00,100 גרם,false,,17.90,0.0895,true,1,12606
7290015282673,false,חציל במיונז ביתי,,,חציל במיונז ביתי,גרמים,200.00,100 גרם,false,,10.90,0.0545,true,1,12607
7290015282680,false,קישוא בטעם כבד סלטי,,,קישוא בטעם כבד סלטי,גרמים,200.00,100 גרם,false,,12.90,0.0645,true,1,12608
7290015282697,false,סלט כרוב אדום 200ג ש,,,סלט כרוב אדום 200ג ש,גרמים,200.00,100 גרם,false,,12.90,0.0645,true,1,12609
7290015282710,false,קוביות סלק סלטי שמיר,,,קוביות סלק סלטי שמיר,גרמים,200.00,100 גרם,false,,10.90,0.0545,true,1,12610
7290015282734,false,מטבוחה ביתית.,,,מטבוחה ביתית.,גרמים,200.00,100 גרם,false,,12.90,0.0645,true,1,12612
7290015282741,false,חציל תילאנדי סלטי שמ,,,חציל תילאנדי סלטי שמ,גרמים,200.00,100 גרם,false,,12.90,0.0645,true,1,12613
7290015282796,false,סלט תפוח אדמה 200 ג,,,סלט תפוח אדמה 200 ג,גרמים,200.00,100 גרם,false,,12.90,0.0645,true,1,12617
7290015324007,false,טעם וריח פלפל שחור ג,,,טעם וריח פלפל שחור ג,גרמים,80.00,100 גרם,false,,12.40,0.1550,true,1,26190
7290015324014,false,טעם וריח פלפל שחור ט,,,טעם וריח פלפל שחור ט,גרמים,80.00,100 גרם,false,,12.40,0.1550,true,1,26191
7290015324038,false,טעם וריח פפריקה בשמן,,,טעם וריח פפריקה בשמן,גרמים,80.00,100 גרם,false,,6.50,0.0813,true,1,26192
7290015324045,false,תבלין פפריקה חריפה ב,,,תבלין פפריקה חריפה ב,גרמים,80.00,100 גרם,false,,6.50,0.0813,true,1,26193
7290015324052,false,טעם וריח פפריקה מתוק,,,טעם וריח פפריקה מתוק,גרמים,80.00,100 גרם,false,,6.50,0.0813,true,1,26194
7290015324069,false,טעם וריח גריל עוף שק,,,טעם וריח גריל עוף שק,גרמים,80.00,100 גרם,false,,6.50,0.0813,true,1,26195
7290015324076,false,טעם וריח זעתר שקית 8,,,טעם וריח זעתר שקית 8,גרמים,80.00,100 גרם,false,,6.00,0.0750,true,1,26196
7290015324083,false,טעם וריח מלח לימון ש,,,טעם וריח מלח לימון ש,גרמים,80.00,100 גרם,false,,6.50,0.0813,true,1,26197
7290015324090,false,טעם וריח כמון שקית 8,,,טעם וריח כמון שקית 8,גרמים,80.00,100 גרם,false,,6.80,0.0850,true,1,26198
7290015324106,false,טעם וריח כורכום שקית,,,טעם וריח כורכום שקית,גרמים,80.00,100 גרם,false,,6.80,0.0850,true,1,26199
7290015324113,false,טעם וריח בהרט שקית 8,,,טעם וריח בהרט שקית 8,גרמים,80.00,100 גרם,false,,6.00,0.0750,true,1,26200
7290015324120,false,טעם וריח שום גבישי ב,,,טעם וריח שום גבישי ב,גרמים,80.00,100 גרם,false,,10.10,0.1262,true,1,26201
7290015324151,false,תבלין חוויאג למרק  ב,,,תבלין חוויאג למרק  ב,גרמים,80.00,100 גרם,false,,6.00,0.0750,true,1,26202
7290015324168,false,תערובת תיבול על האש,,,תערובת תיבול על האש,גרמים,80.00,100 גרם,false,,7.00,0.0875,true,1,26203
7290015324175,false,תערובת תיבול לשווארמ,,,תערובת תיבול לשווארמ,גרמים,80.00,100 גרם,false,,7.00,0.0875,true,1,26204
7290015324748,false,מחית שום וג'ינג'ר 21,,,מחית שום וג'ינג'ר 21,גרמים,210.00,100 גרם,false,,13.90,0.0662,true,1,331690
7290015328531,false,להבונים 50 יח' 3 שעו,,,להבונים 50 יח' 3 שעו,אין,0.00,יחידה,false,,9.90,0.0000,true,1,10419
7290015328708,false,מנורת לד 15 וולט,,,מנורת לד 15 וולט,אין,0.00,יחידה,false,,12.90,0.0000,true,1,10429
7290015347174,false,אורז פרסי בוואקום סל,,,אורז פרסי בוואקום סל,אלף,1.00,"ק""ג",false,,16.80,16.8000,true,1,11459
7290015347259,false,פירורי לחם מוזהבים 4,,,פירורי לחם מוזהבים 4,גרמים,400.00,100 גרם,false,,5.90,0.0148,true,1,11465
7290015347273,false,נטיפי שוקולד מריר לא,,,נטיפי שוקולד מריר לא,גרמים,250.00,100 גרם,false,,9.90,0.0396,true,1,11466
7290015347464,false,מיה קינואה מעורבת 50,,,מיה קינואה מעורבת 50,גרמים,400.00,100 גרם,false,,14.90,0.0373,true,1,11476
7290015347488,false,סוכר דמררה בשקית מיה,,,סוכר דמררה בשקית מיה,אלף,1.00,"ק""ג",false,,8.90,8.9000,true,1,11477
7290015348089,false,למברוסקו אמיליאנו לב,,,למברוסקו אמיליאנו לב,מיליליטרים,750.00,"100 מ""ל",false,,25.20,0.0336,true,1,8692
7290015348096,false,למברוסקו אמיליאנו רו,,,למברוסקו אמיליאנו רו,מיליליטרים,750.00,"100 מ""ל",false,,25.20,0.0336,true,1,8693
7290015366663,false,מש.שיניים מנטה עדין,,,מש.שיניים מנטה עדין,גרמים,100.00,100 גרם,false,,7.90,0.0790,true,1,5711
7290015366670,false,מש.שיניים מנטה אקווה,,,מש.שיניים מנטה אקווה,גרמים,100.00,100 גרם,false,,7.90,0.0790,true,1,5712
7290015374316,false,אגרול סיני 400 גרם,,,אגרול סיני 400 גרם,גרמים,400.00,100 גרם,false,,12.90,0.0323,true,1,31746
7290015395045,false,קינואה שקדיה 400 גרם,,,קינואה שקדיה 400 גרם,גרמים,400.00,100 גרם,false,,9.90,0.0248,true,1,6173
7290015437431,false,רכז רימונים תומר  42,,,רכז רימונים תומר  42,גרמים,420.00,100 גרם,false,,19.90,0.0474,true,1,16281
7290015437646,false,מחית עגבניות איטלקיו,,,מחית עגבניות איטלקיו,גרמים,680.00,100 גרם,false,,11.00,0.0162,true,1,292979
7290015596817,false,קרם גוף  אפקטיב קר 4,,,קרם גוף  אפקטיב קר 4,מיליליטרים,450.00,"100 מ""ל",false,,24.90,0.0553,true,1,42295
7290015597210,false,מאגדת טילון קורנטו פ,,,מאגדת טילון קורנטו פ,גרמים,300.00,100 גרם,false,,33.90,0.1130,true,1,5954
7290015603188,false,אטריות ביצים מזרח ומ,,,אטריות ביצים מזרח ומ,גרמים,454.00,100 גרם,false,,9.90,0.0218,true,1,430821
7290015603201,false,אטריות מחיטה מלאה מז,,,אטריות מחיטה מלאה מז,גרמים,454.00,100 גרם,false,,10.90,0.0240,true,1,430836
7290015603218,false,אטריות עם עגבניות מז,,,אטריות עם עגבניות מז,גרמים,454.00,100 גרם,false,,9.90,0.0218,true,1,430866
7290015603522,false,נוזל אגוזי קוקוס 5-7,,,נוזל אגוזי קוקוס 5-7,מיליליטרים,400.00,"100 מ""ל",false,,6.90,0.0173,true,1,306413
7290015603546,false,שימורי קרם קוקוס 17-,,,שימורי קרם קוקוס 17-,מיליליטרים,400.00,"100 מ""ל",false,,8.90,0.0223,true,1,306277
7290015603560,false,שימורי קרם קוקוס 20-,,,שימורי קרם קוקוס 20-,מיליליטרים,400.00,"100 מ""ל",false,,9.90,0.0248,true,1,306291
7290015603584,false,ג'ינג'ר לבן כבוש ללא,,,ג'ינג'ר לבן כבוש ללא,גרמים,160.00,100 גרם,false,,7.90,0.0494,true,1,430895
7290015603591,false,ג'ינג'ר ורוד כבוש לל,,,ג'ינג'ר ורוד כבוש לל,גרמים,160.00,100 גרם,false,,7.90,0.0494,true,1,430910
7290015644297,false,6 לחמניות פשוט מלא א,,,6 לחמניות פשוט מלא א,אין,0.00,יחידה,false,,11.50,0.0000,true,1,22648
7290015644426,false,לחם מחמצת חיטה מלאה,,,לחם מחמצת חיטה מלאה,גרמים,600.00,100 גרם,false,,17.90,0.0298,true,1,22649
7290015644433,false,לחם מחמצת 100% שיפון,,,לחם מחמצת 100% שיפון,גרמים,600.00,100 גרם,false,,17.90,0.0298,true,1,22650
7290015652254,false,גרעיני חמניה קלויים,,,גרעיני חמניה קלויים,גרמים,400.00,100 גרם,false,,10.00,0.0250,true,1,6175
7290015652261,false,בוטנים קלויים ששון ה,,,בוטנים קלויים ששון ה,גרמים,300.00,100 גרם,false,,10.00,0.0333,true,1,6176
7290015652278,false,תערובת פיצוחים ששון,,,תערובת פיצוחים ששון,גרמים,250.00,100 גרם,false,,20.00,0.0800,true,1,6177
7290015652285,false,אגוזים קלופים 250 גר,,,אגוזים קלופים 250 גר,גרמים,250.00,100 גרם,false,,20.00,0.0800,true,1,121394
7290015652292,false,קבוקים עם שומשום ששו,,,קבוקים עם שומשום ששו,גרמים,400.00,100 גרם,false,,10.00,0.0250,true,1,6178
7290015652308,false,מנצ'ס ששון הקולה 300,,,מנצ'ס ששון הקולה 300,גרמים,300.00,100 גרם,false,,10.00,0.0333,true,1,6179
7290015652315,false,חמוציות מסוכרות ששון,,,חמוציות מסוכרות ששון,גרמים,300.00,100 גרם,false,,10.00,0.0333,true,1,6180
7290015652322,false,בוטנים אמריקאים מצופ,,,בוטנים אמריקאים מצופ,גרמים,400.00,100 גרם,false,,10.00,0.0250,true,1,6181
7290015652346,false,פלפלים חריפים מוחמצי,,,פלפלים חריפים מוחמצי,גרמים,680.00,100 גרם,false,,10.00,0.0147,true,1,122064
7290015652407,false,פיסטוק קלוי ששון הקו,,,פיסטוק קלוי ששון הקו,גרמים,250.00,100 גרם,false,,20.00,0.0800,true,1,6182
7290015733229,false,מטרנה אקסטרה קר מהדר,,,מטרנה אקסטרה קר מהדר,גרמים,700.00,100 גרם,false,,59.90,0.0856,true,1,13125
7290015766005,false,שרי וויטני יחידה,,,שרי וויטני יחידה,גרמים,500.00,100 גרם,false,,9.90,0.0198,true,1,32562
7290015766029,false,שרי כתום יח',,,שרי כתום יח',גרמים,460.00,100 גרם,false,,9.90,0.0215,true,1,31190
7290015781015,false,ויז'ן מלבק,,,ויז'ן מלבק,מיליליטרים,750.00,"100 מ""ל",false,,39.90,0.0532,true,1,397313
7290015781046,false,ויז'ן לבן חצי יבש 75,,,ויז'ן לבן חצי יבש 75,מיליליטרים,750.00,"100 מ""ל",false,,39.90,0.0532,true,1,397314
7290015781053,false,ויז'ן לבן יבש,,,ויז'ן לבן יבש,מיליליטרים,750.00,"100 מ""ל",false,,39.90,0.0532,true,1,397315
7290015781091,false,ויז'ן קברנה סובניון,,,ויז'ן קברנה סובניון,מיליליטרים,750.00,"100 מ""ל",false,,39.90,0.0532,true,1,397316
7290015781114,false,אימפרשן מרלו,,,אימפרשן מרלו,מיליליטרים,750.00,"100 מ""ל",false,,49.90,0.0665,true,1,9844
7290015781121,false,אימפרשן קברנה סובניו,,,אימפרשן קברנה סובניו,מיליליטרים,750.00,"100 מ""ל",false,,49.90,0.0665,true,1,9845
7290015781169,false,אימפרשן אדום חצי יבש,,,אימפרשן אדום חצי יבש,מיליליטרים,750.00,"100 מ""ל",false,,49.90,0.0665,true,1,397321
7290015855082,false,ברוקולי מיני,,,ברוקולי מיני,יח',1.00,יח',false,,9.90,9.9000,true,1,22720
7290015855143,false,שום קלוף,,,שום קלוף,גרמים,170.00,100 גרם,false,,11.90,0.0700,true,1,30000
7290015855181,false,ג'ינג'ר ארוז,,,ג'ינג'ר ארוז,יח',1.00,יח',false,,8.90,8.9000,true,1,22721
7290015855341,false,אנדיב  (עולש),,,אנדיב  (עולש),יח',1.00,יח',false,,15.90,15.9000,true,1,225347
7290015855495,false,חסה לאליק,,,חסה לאליק,יח',1.00,יח',false,,12.90,12.9000,true,1,252028
7290015858106,false,ממרח פסטו ביתי עללחם,,,ממרח פסטו ביתי עללחם,גרמים,180.00,100 גרם,false,,16.90,0.0939,true,1,15531
7290015858113,false,ממרח עגבניות מיובשות,,,ממרח עגבניות מיובשות,גרמים,180.00,100 גרם,false,,16.90,0.0939,true,1,161429
7290015858144,false,ממרח ארטישוק עללחם 1,,,ממרח ארטישוק עללחם 1,גרמים,180.00,100 גרם,false,,16.90,0.0939,true,1,15532
7290015858175,false,ממרח פלפלים קלויים ע,,,ממרח פלפלים קלויים ע,גרמים,180.00,100 גרם,false,,16.90,0.0939,true,1,15533
7290015858229,false,ממרח טפנד זיתי קלמטה,,,ממרח טפנד זיתי קלמטה,גרמים,180.00,100 גרם,false,,16.90,0.0939,true,1,15534
7290015858427,false,מארז שלישיית ממרחים,,,מארז שלישיית ממרחים,גרמים,240.00,100 גרם,false,,24.00,0.1000,true,1,387142
7290015858434,false,שום כתוש עללחם 250 ג,,,שום כתוש עללחם 250 ג,גרמים,250.00,100 גרם,false,,14.90,0.0596,true,1,15536
7290015865708,false,תענוג פרי אוכמניות ע,,,תענוג פרי אוכמניות ע,גרמים,400.00,100 גרם,false,,17.90,0.0447,true,1,187968
7290015865722,false,קונפיטורה לייט תות ש,,,קונפיטורה לייט תות ש,גרמים,400.00,100 גרם,false,,19.90,0.0497,true,1,187996
7290015865746,false,קונפיטורה לייט פירות,,,קונפיטורה לייט פירות,גרמים,400.00,100 גרם,false,,19.90,0.0497,true,1,187998
7290015951869,false,יקבי רמת הגולן הר חר,,,יקבי רמת הגולן הר חר,מיליליטרים,750.00,"100 מ""ל",false,,32.90,0.0439,true,1,25771
7290015968072,false,כוס מסדרת המעצבים עם,,,כוס מסדרת המעצבים עם,אין,0.00,יחידה,false,,47.90,0.0000,true,1,364413
7290015968393,false,נשכן בננה מברשת שיני,,,נשכן בננה מברשת שיני,אין,0.00,יחידה,false,,35.90,0.0000,true,1,360318
7290015968782,false,פדים להסרת איפור במא,,,פדים להסרת איפור במא,אין,0.00,יחידה,false,,16.90,0.0000,true,1,4132
7290016006025,false,שוופס סודה 500מל,,,שוופס סודה 500מל,מיליליטרים,500.00,"100 מ""ל",false,,3.90,0.0078,true,1,9752
7290016006292,false,ספרינג מנגו בננה מלו,,,ספרינג מנגו בננה מלו,אין,0.00,יחידה,false,,6.90,0.0000,true,1,9756
7290016006322,false,מי עדן 1 ליטר,,,מי עדן 1 ליטר,ארגז,1.00,ליטר,false,,2.90,2.9000,true,1,9757
7290016006339,false,מי עדן רביעייה 1 ליט,,,מי עדן רביעייה 1 ליט,ארגז,4.00,ליטר,false,,10.90,2.7250,true,1,9758
7290016006346,false,שוופס סודה שישייה 0.,,,שוופס סודה שישייה 0.,ארגז,3.00,ליטר,false,,13.90,4.6333,true,1,9759
7290016047301,false,קמח רב תכליתי שי של,,,קמח רב תכליתי שי של,גרמים,500.00,100 גרם,false,,24.90,0.0498,true,1,214158
7290016083088,false,"זיווה 500 גרם כשל""פ",,,"זיווה 500 גרם כשל""פ",גרמים,500.00,100 גרם,false,,21.90,0.0438,true,1,50760
7290016087239,false,רוטב עגבניות לשקשוקה,,,רוטב עגבניות לשקשוקה,גרמים,240.00,100 גרם,false,,4.90,0.0204,true,1,25611
7290016087475,false,עגבניות חתוכות דק פר,,,עגבניות חתוכות דק פר,גרמים,400.00,100 גרם,false,,4.00,0.0100,true,1,97788
7290016096675,false,טונה בשמן זית פילטונ,,,טונה בשמן זית פילטונ,גרמים,240.00,100 גרם,false,,17.90,0.0746,true,1,17366
7290016096705,false,טונה בשמן צמחי פילטו,,,טונה בשמן צמחי פילטו,גרמים,440.00,100 גרם,false,,17.90,0.0407,true,1,17367
7290016096811,false,ממרח טונה פילטונה רב,,,ממרח טונה פילטונה רב,גרמים,160.00,100 גרם,false,,19.90,0.1244,true,1,36342
7290016096934,false,סלט טונה 2 יח' פילטו,,,סלט טונה 2 יח' פילטו,גרמים,320.00,100 גרם,false,,11.90,0.0372,true,1,83146
7290016136111,false,תערובת קמח להכנת לחם,,,תערובת קמח להכנת לחם,גרמים,500.00,100 גרם,false,,16.90,0.0338,true,1,25217
7290016136142,false,תערובת להכנת פנקייק,,,תערובת להכנת פנקייק,גרמים,400.00,100 גרם,false,,19.90,0.0497,true,1,25218
7290016150117,false,מעדן סלק בוואקום 500,,,מעדן סלק בוואקום 500,גרמים,500.00,100 גרם,false,,5.90,0.0118,true,1,29158
7290016150711,false,AVEL נוזל קוקוס תאיל,,,AVEL נוזל קוקוס תאיל,מיליליטרים,400.00,"100 מ""ל",false,,5.90,0.0148,true,1,29907
7290016162219,false,כדורי שוקולד פרווה,,,כדורי שוקולד פרווה,גרמים,280.00,100 גרם,false,,30.90,0.1104,true,1,25163
7290016162233,false,עוגיות דיזרט פרימיום,,,עוגיות דיזרט פרימיום,גרמים,200.00,100 גרם,false,,19.90,0.0995,true,1,25165
7290016162264,false,עוגת גבינה רנסנס 450,,,עוגת גבינה רנסנס 450,גרמים,450.00,100 גרם,false,,40.90,0.0909,true,1,25167
7290016188585,false,רוזה מבעבע למברוסקו,,,רוזה מבעבע למברוסקו,מיליליטרים,750.00,"100 מ""ל",false,,24.90,0.0332,true,1,3962
7290016188592,false,למברוסקו אדום ג'אקוב,,,למברוסקו אדום ג'אקוב,מיליליטרים,750.00,"100 מ""ל",false,,24.90,0.0332,true,1,3963
7290016197877,false,שקית לפחי מטבח קטנים,,,שקית לפחי מטבח קטנים,אין,0.00,יחידה,false,,19.90,0.0000,true,1,8366
7290016217735,false,חציל על האש סלטי שמי,,,חציל על האש סלטי שמי,גרמים,200.00,100 גרם,false,,10.90,0.0545,true,1,12625
7290016217742,false,חציל בטחינה סלטי שמי,,,חציל בטחינה סלטי שמי,גרמים,200.00,100 גרם,false,,10.90,0.0545,true,1,12626
7290016217759,false,חצילים בסגנון מרוקאי,,,חצילים בסגנון מרוקאי,גרמים,200.00,100 גרם,false,,12.90,0.0645,true,1,12627
7290016233209,false,טונה מונטריי בשמן תו,,,טונה מונטריי בשמן תו,גרמים,560.00,100 גרם,false,,21.90,0.0391,true,1,16284
7290016233384,false,גפילטא פיש 7 קציצות,,,גפילטא פיש 7 קציצות,גרמים,555.00,100 גרם,false,,14.90,0.0268,true,1,16286
7290016246018,false,בארכה מיקס פינוקיות,,,בארכה מיקס פינוקיות,גרמים,200.00,100 גרם,false,,11.90,0.0595,true,1,13128
7290016246025,false,בארכה פנוקיות חלבה ל,,,בארכה פנוקיות חלבה ל,גרמים,200.00,100 גרם,false,,11.90,0.0595,true,1,13129
7290016246445,false,בארכה טחינה גולמית מ,,,בארכה טחינה גולמית מ,גרמים,310.00,100 גרם,false,,10.90,0.0352,true,1,13133
7290016246490,false,בארכה חלבה קלאסית 40,,,בארכה חלבה קלאסית 40,גרמים,400.00,100 גרם,false,,10.50,0.0263,true,1,13135
7290016277630,false,צנובר טבעי 150 גרם ש,,,צנובר טבעי 150 גרם ש,גרמים,150.00,100 גרם,false,,30.90,0.2060,true,1,32671
7290016319309,false,אל סבון מאסק+משאבה פ,,,אל סבון מאסק+משאבה פ,ארגז,1.00,ליטר,false,,10.90,10.9000,true,1,6645
7290016321661,false,מגבוני פרש וואנס רבי,,,מגבוני פרש וואנס רבי,אין,0.00,יחידה,false,,14.90,0.0000,true,1,6657
7290016321678,false,פרשוואנס רביעייה נטו,,,פרשוואנס רביעייה נטו,אין,0.00,יחידה,false,,14.90,0.0000,true,1,6658
7290016334500,false,לבבות חסה זוגות בשקי,,,לבבות חסה זוגות בשקי,יח',1.00,יח',false,,9.90,9.9000,true,1,29398
7290016334685,false,גינגר  יח',,,גינגר  יח',יח',1.00,יח',false,,9.90,9.9000,true,1,29400
7290016370270,false,זית קלמטה ללא גלעין,,,זית קלמטה ללא גלעין,גרמים,560.00,100 גרם,false,,11.90,0.0213,true,1,38709
7290016370300,false,זית קלמטה שלם בצנצנת,,,זית קלמטה שלם בצנצנת,גרמים,560.00,100 גרם,false,,14.90,0.0266,true,1,38532
7290016370959,false,חציל קלוי על האש בצנ,,,חציל קלוי על האש בצנ,גרמים,580.00,100 גרם,false,,10.90,0.0188,true,1,32284
7290016372335,false,עגבניות חתוכות לקובי,,,עגבניות חתוכות לקובי,גרמים,400.00,100 גרם,false,,7.00,0.0175,true,1,97774
7290016372342,false,עגבניות חתוכות לקובי,,,עגבניות חתוכות לקובי,גרמים,400.00,100 גרם,false,,16.90,0.0422,true,1,16143
7290016372373,false,רסק עגבניות איטליה ב,,,רסק עגבניות איטליה ב,גרמים,280.00,100 גרם,false,,5.90,0.0211,true,1,16145
7290016372496,false,סודות הצמחים ג'ינג'ר,,,סודות הצמחים ג'ינג'ר,גרמים,30.00,100 גרם,false,,17.50,0.5833,true,1,268935
7290016387339,false,2 מטליות מיקרופייבר,,,2 מטליות מיקרופייבר,אין,0.00,יחידה,false,,16.90,0.0000,true,1,10673
7290016408980,false,לני מטבעות שוקולד חל,,,לני מטבעות שוקולד חל,גרמים,36.00,100 גרם,false,,3.90,0.1083,true,1,3108
7290016416992,false,עוגת פס ביסקוויט 400,,,עוגת פס ביסקוויט 400,גרמים,400.00,100 גרם,false,,39.90,0.0997,true,1,25173
7290016437645,false,האגיס פרידום דריי 32,,,האגיס פרידום דריי 32,אין,0.00,יחידה,false,,43.90,0.0000,true,1,8371
7290016440881,false,ירקות חמוצים בטעם טב,,,ירקות חמוצים בטעם טב,גרמים,500.00,100 גרם,false,,19.90,0.0398,true,1,132859
7290016440911,false,מלפפונים ביתיים כבוש,,,מלפפונים ביתיים כבוש,גרמים,500.00,100 גרם,false,,19.90,0.0398,true,1,132844
7290016440928,false,ירקות כבושים חמוץ מת,,,ירקות כבושים חמוץ מת,גרמים,500.00,100 גרם,false,,19.90,0.0398,true,1,132860
7290016446043,false,רביולי בטעם בטטה קפו,,,רביולי בטעם בטטה קפו,גרמים,360.00,100 גרם,false,,21.90,0.0608,true,1,79661
7290016446319,false,רביולי בטעם תרד קפוא,,,רביולי בטעם תרד קפוא,גרמים,360.00,100 גרם,false,,24.90,0.0692,true,1,79676
7290016509342,false,סוד מארז שלישיה כדור,,,סוד מארז שלישיה כדור,גרמים,150.00,100 גרם,false,,16.90,0.1127,true,1,22375
7290016509786,false,פרסיל ג'ל 2.5 ליטר י,,,פרסיל ג'ל 2.5 ליטר י,ארגז,2.50,ליטר,false,,34.90,13.9600,true,1,22379
7290016509809,false,פרסיל ג'ל 2.5 ליטר ק,,,פרסיל ג'ל 2.5 ליטר ק,ארגז,2.50,ליטר,false,,34.90,13.9600,true,1,22381
7290016509823,false,פרסיל ג'ל 2.5 ליטר ב,,,פרסיל ג'ל 2.5 ליטר ב,ארגז,2.50,ליטר,false,,34.90,13.9600,true,1,22383
7290016509847,false,פרסיל ג'ל 2.5 ליטר ב,,,פרסיל ג'ל 2.5 ליטר ב,ארגז,2.50,ליטר,false,,34.90,13.9600,true,1,22385
7290016510232,false,תחליב רחצה יוגורט קו,,,תחליב רחצה יוגורט קו,מיליליטרים,700.00,"100 מ""ל",false,,8.90,0.0127,true,1,7935
7290016510249,false,תחליב רחצה יוגורט שק,,,תחליב רחצה יוגורט שק,מיליליטרים,700.00,"100 מ""ל",false,,8.90,0.0127,true,1,7936
7290016513974,false,קרפלך במילוי פטריות,,,קרפלך במילוי פטריות,יח',1.00,יח',false,,20.90,20.9000,true,1,422349
7290016513981,false,קרפלך במילוי תפוח אד,,,קרפלך במילוי תפוח אד,יח',1.00,יח',false,,17.90,17.9000,true,1,422334
7290016682052,false,"מיץ לימונענע 400 מ""ל",,,"מיץ לימונענע 400 מ""ל",מיליליטרים,400.00,"100 מ""ל",false,,9.50,0.0238,true,1,30070
7290016682182,false,שייק תמר בננה מופחת,,,שייק תמר בננה מופחת,אין,0.00,יחידה,false,,16.90,0.0000,true,1,30072
7290016682199,false,שייק תות בננה מופחת,,,שייק תות בננה מופחת,אין,0.00,יחידה,false,,16.90,0.0000,true,1,30073
7290016682243,false,פרי ניב מיץ אשכולית,,,פרי ניב מיץ אשכולית,ארגז,2.00,ליטר,false,,16.90,8.4500,true,1,30074
7290016682328,false,פרי ניב מיץ תפוזים ט,,,פרי ניב מיץ תפוזים ט,ארגז,2.00,ליטר,false,,20.60,10.3000,true,1,154277
7290016682359,false,פרי ניב מיץ 100% טבע,,,פרי ניב מיץ 100% טבע,ארגז,2.00,ליטר,false,,26.60,13.3000,true,1,154292
7290016682441,false,פריניב מיץ תפוזים סח,,,פריניב מיץ תפוזים סח,ארגז,1.00,ליטר,false,,13.90,13.9000,true,1,216545
7290016693577,false,יין עונות אמרלד ריזל,,,יין עונות אמרלד ריזל,מיליליטרים,750.00,"100 מ""ל",false,,30.90,0.0412,true,1,9889
7290016717631,false,יין  P.C  מוסקטו יין,,,יין  P.C  מוסקטו יין,מיליליטרים,750.00,"100 מ""ל",false,,39.90,0.0532,true,1,3971
7290016717754,false,"ישן נושן 750מ""ל.",,,"ישן נושן 750מ""ל.",מיליליטרים,750.00,"100 מ""ל",false,,18.90,0.0252,true,1,3972
7290016717976,false,יין באזז ספארקלינג א,,,יין באזז ספארקלינג א,מיליליטרים,750.00,"100 מ""ל",false,,27.90,0.0372,true,1,3973
7290016865943,false,אטריות ביצים פטוצ'ינ,,,אטריות ביצים פטוצ'ינ,גרמים,400.00,100 גרם,false,,13.90,0.0348,true,1,5640
7290016866643,false,מש.שיניים פרש פרודונ,,,מש.שיניים פרש פרודונ,מיליליטרים,75.00,"100 מ""ל",false,,31.90,0.4253,true,1,5731
7290016866650,false,מש.שיניים אוריגינל פ,,,מש.שיניים אוריגינל פ,מיליליטרים,75.00,"100 מ""ל",false,,31.90,0.4253,true,1,5732
7290016866674,false,"מש.שיניים מ""לבינה פר",,,"מש.שיניים מ""לבינה פר",מיליליטרים,75.00,"100 מ""ל",false,,31.90,0.4253,true,1,5734
7290016867008,false,לחם כוסמין מחמצת 700,,,לחם כוסמין מחמצת 700,גרמים,700.00,100 גרם,false,,17.90,0.0256,true,1,131569
7290016867046,false,פיתות קלות כוסמין במ,,,פיתות קלות כוסמין במ,גרמים,303.00,100 גרם,false,,14.90,0.0492,true,1,131632
7290016867053,false,לחם קל כוסמין בתוספת,,,לחם קל כוסמין בתוספת,גרמים,450.00,100 גרם,false,,18.90,0.0420,true,1,131570
7290016867114,false,לחם כוסמין קל מלא 50,,,לחם כוסמין קל מלא 50,גרמים,500.00,100 גרם,false,,17.90,0.0358,true,1,131571
7290016867145,false,פיתות קלות קמח מלא 3,,,פיתות קלות קמח מלא 3,גרמים,360.00,100 גרם,false,,13.90,0.0386,true,1,131634
7290016867152,false,פיתות קלות כוסמין 29,,,פיתות קלות כוסמין 29,גרמים,292.00,100 גרם,false,,13.90,0.0476,true,1,131635
7290016867176,false,לחמניות ק. כוסמין שו,,,לחמניות ק. כוסמין שו,גרמים,300.00,100 גרם,false,,13.90,0.0463,true,1,131617
7290016867244,false,לחמניות מחמצת כוסמין,,,לחמניות מחמצת כוסמין,גרמים,321.00,100 גרם,false,,14.90,0.0464,true,1,131601
7290016883091,false,חרדל דיז'ון שקדיה 35,,,חרדל דיז'ון שקדיה 35,גרמים,350.00,100 גרם,false,,10.00,0.0286,true,1,408055
7290016883176,false,מוזלי 47% דגנים מלאי,,,מוזלי 47% דגנים מלאי,אלף,1.00,"ק""ג",false,,18.90,18.9000,true,1,121023
7290016967074,false,חיטה מלאה אנגל 750 ג,,,חיטה מלאה אנגל 750 ג,גרמים,750.00,100 גרם,false,,16.90,0.0225,true,1,22651
7290016967456,false,לחם מחמצת כוסמין אנג,,,לחם מחמצת כוסמין אנג,גרמים,600.00,100 גרם,false,,17.90,0.0298,true,1,22652
7290016998184,false,עלי חסה ערבית שטופה,,,עלי חסה ערבית שטופה,גרמים,250.00,100 גרם,false,,10.90,0.0436,true,1,73277
7290016998320,false,לבבות קיסר  מארז,,,לבבות קיסר  מארז,יח',1.00,יח',false,,11.90,11.9000,true,1,73290
7290017023205,false,פחית שוופס גזוז בטעם,,,פחית שוופס גזוז בטעם,מיליליטרים,330.00,"100 מ""ל",false,,4.20,0.0127,true,1,23028
7290017023212,false,רביעיית משקה שוופס ב,,,רביעיית משקה שוופס ב,ארגז,1.32,ליטר,false,,13.90,10.5303,true,1,9766
7290017023229,false,רביעיית משקה שוופס ב,,,רביעיית משקה שוופס ב,ארגז,1.32,ליטר,false,,13.90,10.5303,true,1,9767
7290017023236,false,רביעיית משקה שוופס ב,,,רביעיית משקה שוופס ב,ארגז,1.32,ליטר,false,,13.90,10.5303,true,1,9768
7290017023663,false,רביעיית משקה שוופס ל,,,רביעיית משקה שוופס ל,ארגז,1.32,ליטר,false,,13.90,10.5303,true,1,9781
7290017023854,false,"שוופס סודה 250 מ""ל ר",,,"שוופס סודה 250 מ""ל ר",ארגז,1.00,ליטר,false,,9.90,9.9000,true,1,9790
7290017058573,false,פרוסות פלפל חלפיניו,,,פרוסות פלפל חלפיניו,גרמים,340.00,100 גרם,false,,8.90,0.0262,true,1,16299
7290017058689,false,זית שחור טבעי תומר 4,,,זית שחור טבעי תומר 4,גרמים,400.00,100 גרם,false,,14.90,0.0373,true,1,16300
7290017062662,false,מרכך כביסה מרוכז טאצ,,,מרכך כביסה מרוכז טאצ,ארגז,1.00,ליטר,false,,12.90,12.9000,true,1,38205
7290017062693,false,מרכך כביסה מרוכז טאצ,,,מרכך כביסה מרוכז טאצ,ארגז,1.00,ליטר,false,,12.90,12.9000,true,1,38207
7290017062747,false,נוזל כלים תפוח 36% 7,,,נוזל כלים תפוח 36% 7,מיליליטרים,750.00,"100 מ""ל",false,,8.90,0.0119,true,1,24299
7290017062754,false,נוזל כלים לימון 36%,,,נוזל כלים לימון 36%,מיליליטרים,750.00,"100 מ""ל",false,,8.90,0.0119,true,1,24300
7290017062914,false,קצף לכלים בניחוח לימ,,,קצף לכלים בניחוח לימ,מיליליטרים,500.00,"100 מ""ל",false,,21.90,0.0438,true,1,250740
7290017065137,false,גבינה ריקוטה למריחה,,,גבינה ריקוטה למריחה,גרמים,200.00,100 גרם,false,,9.90,0.0495,true,1,11127
7290017065212,false,קרם מסקרפונה להקצפה,,,קרם מסקרפונה להקצפה,גרמים,250.00,100 גרם,false,,20.50,0.0820,true,1,11131
7290017065236,false,בולגרית מעודנת 24% 2,,,בולגרית מעודנת 24% 2,גרמים,250.00,100 גרם,false,,21.80,0.0872,true,1,11132
7290017065380,false,גרנה פדנו שבבים 100,,,גרנה פדנו שבבים 100,גרמים,100.00,100 גרם,false,,12.90,0.1290,true,1,11135
7290017065434,false,גד פרוסות גאודה 200,,,גד פרוסות גאודה 200,גרמים,200.00,100 גרם,false,,19.90,0.0995,true,1,11137
7290017065441,false,גד פרוסות גאודה עיזי,,,גד פרוסות גאודה עיזי,גרמים,200.00,100 גרם,false,,30.90,0.1545,true,1,11138
7290017065526,false,גד קוואטרו פורמאג'י,,,גד קוואטרו פורמאג'י,גרמים,300.00,100 גרם,false,,28.90,0.0963,true,1,11139
7290017065663,false,גבינת פטה עיזים מעוד,,,גבינת פטה עיזים מעוד,גרמים,250.00,100 גרם,false,,30.90,0.1236,true,1,35300
7290017065731,false,גבינת שמנת ניו יורק,,,גבינת שמנת ניו יורק,גרמים,200.00,100 גרם,false,,12.90,0.0645,true,1,67811
7290017065786,false,גבינה אנגלית קשה צ'ד,,,גבינה אנגלית קשה צ'ד,גרמים,210.00,100 גרם,false,,18.40,0.0876,true,1,212753
7290017068350,false,עדשים שחורות בלוגה מ,,,עדשים שחורות בלוגה מ,גרמים,500.00,100 גרם,false,,7.90,0.0158,true,1,240952
7290017068367,false,מיה שמרים בוואקום 12,,,מיה שמרים בוואקום 12,גרמים,125.00,100 גרם,false,,4.90,0.0392,true,1,11507
7290017068374,false,מיה שמרים בוואקום 50,,,מיה שמרים בוואקום 50,גרמים,500.00,100 גרם,false,,10.90,0.0218,true,1,11508
7290017068978,false,שיבולת שועל מלאה להכ,,,שיבולת שועל מלאה להכ,אלף,1.00,"ק""ג",false,,9.90,9.9000,true,1,386979
7290017068985,false,שיבולת שועל מלאה עבה,,,שיבולת שועל מלאה עבה,אלף,1.00,"ק""ג",false,,9.90,9.9000,true,1,386965
7290017088631,false,מגבון Tooly רביעייה,,,מגבון Tooly רביעייה,אין,0.00,יחידה,false,,10.00,0.0000,true,1,18928
7290017088693,false,מגבונים לניקוי וחיטו,,,מגבונים לניקוי וחיטו,יח',10.00,יח',false,,10.90,1.0900,true,1,18930
7290017088839,false,תחבושות Breeze לבריח,,,תחבושות Breeze לבריח,יח',12.00,יח',false,,18.90,1.5750,true,1,78566
7290017088846,false,תחבושות Breeze לבריח,,,תחבושות Breeze לבריח,יח',12.00,יח',false,,18.90,1.5750,true,1,78567
7290017088914,false,מגבונים מבושם בייביס,,,מגבונים מבושם בייביס,אין,0.00,יחידה,false,,16.90,0.0000,true,1,18934
7290017088983,false,חיתולי בייביסיטר  NB,,,חיתולי בייביסיטר  NB,אין,0.00,יחידה,false,,29.90,0.0000,true,1,140089
7290017094199,false,מעדן חצילים  200 גרם,,,מעדן חצילים  200 גרם,גרמים,200.00,100 גרם,false,,10.90,0.0545,true,1,63648
7290017105048,false,טבעות ירוקים זיתים י,,,טבעות ירוקים זיתים י,גרמים,200.00,100 גרם,false,,11.90,0.0595,true,1,8154
7290017105062,false,חומוס 6OZ יכין 200 ג,,,חומוס 6OZ יכין 200 ג,גרמים,200.00,100 גרם,false,,3.90,0.0195,true,1,8155
7290017105079,false,שעועית אפויה 6OZ יכי,,,שעועית אפויה 6OZ יכי,גרמים,200.00,100 גרם,false,,3.90,0.0195,true,1,8156
7290017105086,false,שעועית צ'ילי 6OZ יכי,,,שעועית צ'ילי 6OZ יכי,גרמים,200.00,100 גרם,false,,3.90,0.0195,true,1,8157
7290017105116,false,תורמוס 6OZ יכין 200,,,תורמוס 6OZ יכין 200,גרמים,200.00,100 גרם,false,,3.90,0.0195,true,1,8159
7290017105123,false,פול מצרי 6OZ יכין 20,,,פול מצרי 6OZ יכין 20,גרמים,200.00,100 גרם,false,,3.90,0.0195,true,1,8160
7290017105468,false,אפונה יכין 3*120 גרם,,,אפונה יכין 3*120 גרם,גרמים,360.00,100 גרם,false,,13.90,0.0386,true,1,8162
7290017105550,false,מאגדת רסק עגבניות יכ,,,מאגדת רסק עגבניות יכ,גרמים,400.00,100 גרם,false,,11.90,0.0298,true,1,8163
7290017105895,false,גרגרי חומוס מסעדות י,,,גרגרי חומוס מסעדות י,גרמים,550.00,100 גרם,false,,9.90,0.0180,true,1,8170
7290017106069,false,קוביות סלק יכין 550,,,קוביות סלק יכין 550,גרמים,550.00,100 גרם,false,,9.90,0.0180,true,1,8171
7290017121048,false,ממרח פלפל צ'ומה עללח,,,ממרח פלפל צ'ומה עללח,גרמים,250.00,100 גרם,false,,14.90,0.0596,true,1,15537
7290017121093,false,ממרח אריסה חריפה עלל,,,ממרח אריסה חריפה עלל,גרמים,250.00,100 גרם,false,,14.90,0.0596,true,1,15538
7290017129273,false,מטבעות שוקולד חלב כר,,,מטבעות שוקולד חלב כר,גרמים,500.00,100 גרם,false,,29.90,0.0598,true,1,916
7290017140056,false,קמח חומוס שי של הטבע,,,קמח חומוס שי של הטבע,גרמים,500.00,100 גרם,false,,15.90,0.0318,true,1,214128
7290017140063,false,קמח עדשים אדומות שי,,,קמח עדשים אדומות שי,גרמים,500.00,100 גרם,false,,15.90,0.0318,true,1,214129
7290017140254,false,קמח כוסמת ירוקה שי ש,,,קמח כוסמת ירוקה שי ש,גרמים,500.00,100 גרם,false,,15.90,0.0318,true,1,214130
7290017140667,false,תערובת לפנקייק וקרפ,,,תערובת לפנקייק וקרפ,גרמים,500.00,100 גרם,false,,19.90,0.0398,true,1,420488
7290017142111,false,פתיתי טונה בהירה בשמ,,,פתיתי טונה בהירה בשמ,גרמים,85.00,100 גרם,false,,6.90,0.0812,true,1,18838
7290017142128,false,שמן זית כתית מעולה ק,,,שמן זית כתית מעולה ק,מיליליטרים,750.00,"100 מ""ל",false,,33.90,0.0452,true,1,2971
7290017142159,false,נתחי טונה בהירה בשמן,,,נתחי טונה בהירה בשמן,גרמים,240.00,100 גרם,false,,23.90,0.0996,true,1,18839
7290017142166,false,פילה טונה פרוס עם בש,,,פילה טונה פרוס עם בש,גרמים,120.00,100 גרם,false,,11.90,0.0992,true,1,18840
7290017142180,false,פילה טונה פרוס זית ל,,,פילה טונה פרוס זית ל,גרמים,120.00,100 גרם,false,,11.90,0.0992,true,1,18841
7290017142234,false,פתיתי טונה בהירה בשמ,,,פתיתי טונה בהירה בשמ,גרמים,85.00,100 גרם,false,,6.90,0.0812,true,1,18843
7290017142289,false,תרסיס שמן חמניות עץ,,,תרסיס שמן חמניות עץ,מיליליטרים,200.00,"100 מ""ל",false,,15.90,0.0795,true,1,18847
7290017142340,false,שמן זרעי ענבים מזוכך,,,שמן זרעי ענבים מזוכך,ארגז,1.00,ליטר,false,,29.90,29.9000,true,1,18851
7290017142371,false,שמן שומשום לא מזוכך,,,שמן שומשום לא מזוכך,מיליליטרים,250.00,"100 מ""ל",false,,29.90,0.1196,true,1,18853
7290017142388,false,שמן חמניות פלוס אומג,,,שמן חמניות פלוס אומג,ארגז,1.00,ליטר,false,,15.90,15.9000,true,1,18854
7290017142395,false,פסטה עם טונה בשמן זי,,,פסטה עם טונה בשמן זי,גרמים,160.00,100 גרם,false,,12.90,0.0806,true,1,18855
7290017142500,false,תרסיס שמן זית כתית ב,,,תרסיס שמן זית כתית ב,מיליליטרים,150.00,"100 מ""ל",false,,19.90,0.1327,true,1,408124
7290017142609,false,תרסיס שמן זית כתית ב,,,תרסיס שמן זית כתית ב,מיליליטרים,150.00,"100 מ""ל",false,,19.90,0.1327,true,1,408125
7290017217338,false,נרות חימום ריחניים ב,,,נרות חימום ריחניים ב,אין,0.00,יחידה,false,,12.90,0.0000,true,1,414400
7290017217413,false,סבון אסלה מבושם בניח,,,סבון אסלה מבושם בניח,אין,0.00,יחידה,false,,11.90,0.0000,true,1,410630
7290017239200,false,סלמון נורווגי מעושן,,,סלמון נורווגי מעושן,גרמים,100.00,100 גרם,false,,12.90,0.1290,true,1,70283
7290017239767,false,מקלות סורימי ארוז 54,,,מקלות סורימי ארוז 54,גרמים,150.00,100 גרם,false,,19.90,0.1327,true,1,250209
7290017304885,false,לחם שיפון וחיטה מלאה,,,לחם שיפון וחיטה מלאה,גרמים,750.00,100 גרם,false,,16.90,0.0225,true,1,22658
7290017374857,false,מטאטא דבורה BUZZZ +,,,מטאטא דבורה BUZZZ +,אין,0.00,יחידה,false,,22.90,0.0000,true,1,431917
7290017389028,false,אננס מיובש ללא סוכר,,,אננס מיובש ללא סוכר,גרמים,160.00,100 גרם,false,,19.90,0.1244,true,1,32677
7290017440248,false,סרקל מתולתל  מרכך 1,,,סרקל מתולתל  מרכך 1,ארגז,1.00,ליטר,false,,28.90,28.9000,true,1,18800
7290017457574,false,סוד סבון 4 כדוריות ל,,,סוד סבון 4 כדוריות ל,גרמים,150.00,100 גרם,false,,16.90,0.1127,true,1,22391
7290017457611,false,ג'ל כביסה  ירוק סוד,,,ג'ל כביסה  ירוק סוד,ארגז,2.50,ליטר,false,,24.90,9.9600,true,1,22395
7290017457727,false,מרכך כביסה מרוכז סוד,,,מרכך כביסה מרוכז סוד,מיליליטרים,900.00,"100 מ""ל",false,,9.90,0.0110,true,1,22400
7290017477169,false,קשיו קלוי ששון הקולה,,,קשיו קלוי ששון הקולה,גרמים,250.00,100 גרם,false,,20.00,0.0800,true,1,6200
7290017513850,false,תה ירוק נענע בתוספת,,,תה ירוק נענע בתוספת,גרמים,37.50,100 גרם,false,,23.90,0.6373,true,1,16164
7290017513867,false,תה ירוק לימונית לואי,,,תה ירוק לימונית לואי,גרמים,37.50,100 גרם,false,,23.90,0.6373,true,1,16165
7290017589565,false,"קלאסיק גוורץ 750 מ""ל",,,"קלאסיק גוורץ 750 מ""ל",מיליליטרים,750.00,"100 מ""ל",false,,32.90,0.0439,true,1,8704
7290017589633,false,יין רזרב קברנה גולד,,,יין רזרב קברנה גולד,מיליליטרים,750.00,"100 מ""ל",false,,48.90,0.0652,true,1,8705
7290017599250,false,סוכרזית קלאסי ממתיק,,,סוכרזית קלאסי ממתיק,גרמים,120.00,100 גרם,false,,16.90,0.1408,true,1,430717
7290017616490,false,פילה ברבוניה ארוז 40,,,פילה ברבוניה ארוז 40,גרמים,400.00,100 גרם,false,,29.90,0.0747,true,1,53749
7290017616902,false,שעועית ירוקה שלמה עד,,,שעועית ירוקה שלמה עד,גרמים,800.00,100 גרם,false,,7.20,0.0090,true,1,82790
7290017617046,false,טונה בשמן זית סטארקי,,,טונה בשמן זית סטארקי,גרמים,560.00,100 גרם,false,,24.90,0.0445,true,1,17407
7290017617084,false,סטארקיסט מיקס 185 גר,,,סטארקיסט מיקס 185 גר,גרמים,185.00,100 גרם,false,,12.90,0.0697,true,1,156320
7290017617107,false,סטארקיסט מיקס 185 גר,,,סטארקיסט מיקס 185 גר,גרמים,185.00,100 גרם,false,,12.90,0.0697,true,1,153538
7290017618111,false,עוגיות מלבן שקדים עם,,,עוגיות מלבן שקדים עם,גרמים,180.00,100 גרם,false,,18.90,0.1050,true,1,16166
7290017619316,false,מפיץ ריח אפור UV גבו,,,מפיץ ריח אפור UV גבו,מיליליטרים,120.00,"100 מ""ל",false,,24.90,0.2075,true,1,125427
7290017637150,false,ג'ל אלכוהול נובו 500,,,ג'ל אלכוהול נובו 500,מיליליטרים,500.00,"100 מ""ל",false,,21.90,0.0438,true,1,24303
7290017637563,false,שמפו CURLS לתלתלים מ,,,שמפו CURLS לתלתלים מ,מיליליטרים,500.00,"100 מ""ל",false,,24.90,0.0498,true,1,359771
7290017637570,false,מרכך CURLS לשיער מתו,,,מרכך CURLS לשיער מתו,מיליליטרים,500.00,"100 מ""ל",false,,24.90,0.0498,true,1,344473
7290017641096,false,שוקולד מריר מעולה קל,,,שוקולד מריר מעולה קל,גרמים,100.00,100 גרם,false,,9.90,0.0990,true,1,267887
7290017641997,false,שוקולד מריר מעולה עם,,,שוקולד מריר מעולה עם,גרמים,100.00,100 גרם,false,,9.90,0.0990,true,1,267888
7290017677804,false,קיקומן רוטב סויה ללא,,,קיקומן רוטב סויה ללא,מיליליטרים,444.00,"100 מ""ל",false,,19.90,0.0448,true,1,6400
7290017682563,false,שיפוד עובי 5 אורך 30,,,שיפוד עובי 5 אורך 30,אין,0.00,יחידה,false,,4.00,0.0000,true,1,10687
7290017715346,false,זית שחור טאסוס תומר,,,זית שחור טאסוס תומר,גרמים,400.00,100 גרם,false,,14.90,0.0373,true,1,16311
7290017715506,false,חומץ תומר 1 ליטר,,,חומץ תומר 1 ליטר,ארגז,1.00,ליטר,false,,5.90,5.9000,true,1,16317
7290017715735,false,זית סורי מבוקע תומר,,,זית סורי מבוקע תומר,גרמים,560.00,100 גרם,false,,9.90,0.0177,true,1,16327
7290017715834,false,זית נובו מבוקע ג.מאו,,,זית נובו מבוקע ג.מאו,גרמים,560.00,100 גרם,false,,10.90,0.0195,true,1,16331
7290017724003,false,עוגיות גרסיני אקלר 2,,,עוגיות גרסיני אקלר 2,גרמים,250.00,100 גרם,false,,23.90,0.0956,true,1,237267
7290017724027,false,עוגיות אלפא חורס אקל,,,עוגיות אלפא חורס אקל,גרמים,300.00,100 גרם,false,,23.90,0.0797,true,1,237110
7290017724072,false,עוגיות רולדה שוקו/תמ,,,עוגיות רולדה שוקו/תמ,גרמים,200.00,100 גרם,false,,23.90,0.1195,true,1,237197
7290017724119,false,עוגיות אוזניים אקלר,,,עוגיות אוזניים אקלר,גרמים,200.00,100 גרם,false,,23.90,0.1195,true,1,260601
7290017724164,false,"עוגיות אוזניים לל""תס",,,"עוגיות אוזניים לל""תס",גרמים,200.00,100 גרם,false,,23.90,0.1195,true,1,237284
7290017724201,false,"עוגיות ואן גוך לל""תס",,,"עוגיות ואן גוך לל""תס",גרמים,200.00,100 גרם,false,,23.90,0.1195,true,1,237286
7290017724232,false,עוגיות שומשומית אקלר,,,עוגיות שומשומית אקלר,גרמים,200.00,100 גרם,false,,23.90,0.1195,true,1,237268
7290017724256,false,"עוגיות שומשומית לל""ת",,,"עוגיות שומשומית לל""ת",גרמים,200.00,100 גרם,false,,23.90,0.1195,true,1,237288
7290017724287,false,עוגיות אצבעות פקאן ל,,,עוגיות אצבעות פקאן ל,גרמים,250.00,100 גרם,false,,23.90,0.0956,true,1,237290
7290017724300,false,עוגיות גרנולה אקלר 2,,,עוגיות גרנולה אקלר 2,גרמים,200.00,100 גרם,false,,23.90,0.1195,true,1,260602
7290017812052,false,אקסלנס שיראז קברנה ס,,,אקסלנס שיראז קברנה ס,מיליליטרים,750.00,"100 מ""ל",false,,25.90,0.0345,true,1,3974
7290017812069,false,אקסלנס ריזלינג שרדונ,,,אקסלנס ריזלינג שרדונ,מיליליטרים,750.00,"100 מ""ל",false,,25.90,0.0345,true,1,3975
7290017812380,false,תירוש מיץ ענבים אדום,,,תירוש מיץ ענבים אדום,מיליליטרים,750.00,"100 מ""ל",false,,12.90,0.0172,true,1,3981
7290017812571,false,תירוש מיץ ענבים אדום,,,תירוש מיץ ענבים אדום,ארגז,1.00,ליטר,false,,19.90,19.9000,true,1,3982
7290017812588,false,תירוש מיץ ענבים לבן,,,תירוש מיץ ענבים לבן,ארגז,1.00,ליטר,false,,19.90,19.9000,true,1,3983
7290017812595,false,יין ישן נושן לייט 75,,,יין ישן נושן לייט 75,מיליליטרים,750.00,"100 מ""ל",false,,18.90,0.0252,true,1,3984
7290017812663,false,תירוש לבן מבעבע יקבי,,,תירוש לבן מבעבע יקבי,מיליליטרים,750.00,"100 מ""ל",false,,20.90,0.0279,true,1,108156
7290017812885,false,יין פרייבט קולקשן גו,,,יין פרייבט קולקשן גו,מיליליטרים,750.00,"100 מ""ל",false,,39.90,0.0532,true,1,83367
7290017816081,false,טורטיה מקור הכוסמין,,,טורטיה מקור הכוסמין,גרמים,320.00,100 גרם,false,,15.90,0.0497,true,1,214261
7290017816135,false,פריכיות כוסמין ללא ת,,,פריכיות כוסמין ללא ת,גרמים,90.00,100 גרם,false,,9.90,0.1100,true,1,214232
7290017871363,true,סבון ידיים מועשר בשמ,,,סבון ידיים מועשר בשמ,מיליליטרים,500.00,"100 מ""ל",false,,8.90,0.0178,true,1,6663
7290017871370,true,סבון ידיים מועשר בשמ,,,סבון ידיים מועשר בשמ,מיליליטרים,500.00,"100 מ""ל",false,,8.90,0.0178,true,1,6664
7290017871462,false,טוסו חטיף פצפוצי אור,,,טוסו חטיף פצפוצי אור,גרמים,0.00,גרם,false,,16.90,0.0000,true,1,6670
7290017871974,false,ג'ילי בטעם תות שדה 2,,,ג'ילי בטעם תות שדה 2,גרמים,25.00,100 גרם,false,,10.90,0.4360,true,1,1800
7290017871981,false,ג'ילי בטעם משמש 25 ג,,,ג'ילי בטעם משמש 25 ג,גרמים,25.00,100 גרם,false,,10.90,0.4360,true,1,1801
7290017871998,false,פודינג אינסטנט בטעם,,,פודינג אינסטנט בטעם,גרמים,30.00,100 גרם,false,,10.90,0.3633,true,1,1802
7290017872049,false,פמלי אל סבון שלישייה,,,פמלי אל סבון שלישייה,ארגז,1.50,ליטר,false,,13.50,9.0000,true,1,6689
7290017872056,false,פמלי אל סבון סידרה ל,,,פמלי אל סבון סידרה ל,מיליליטרים,500.00,"100 מ""ל",false,,13.50,0.0270,true,1,6690
7290017872070,false,פרשוואנס מגבונים מאר,,,פרשוואנס מגבונים מאר,אין,0.00,יחידה,false,,12.90,0.0000,true,1,381597
7290017872179,false,עוגיות טחינה טוסו 20,,,עוגיות טחינה טוסו 20,גרמים,200.00,100 גרם,false,,14.90,0.0745,true,1,6696
7290017873008,false,גלילונית שקיות רב שי,,,גלילונית שקיות רב שי,אין,0.00,יחידה,false,,11.90,0.0000,true,1,169704
7290017873039,false,גלילונית שקיות אוכל,,,גלילונית שקיות אוכל,אין,0.00,יחידה,false,,10.90,0.0000,true,1,169731
7290017873169,false,תחליב רחצה לטיפוח עו,,,תחליב רחצה לטיפוח עו,מיליליטרים,500.00,"100 מ""ל",false,,9.90,0.0198,true,1,288962
7290017888026,false,פרוט & וג' אננס תפוח,,,פרוט & וג' אננס תפוח,מיליליטרים,330.00,"100 מ""ל",false,,7.90,0.0239,true,1,9803
7290017888033,false,פרוט & וג' בננה מלון,,,פרוט & וג' בננה מלון,מיליליטרים,330.00,"100 מ""ל",false,,7.90,0.0239,true,1,9804
7290017888095,false,רביעיית מ.עדין שוופס,,,רביעיית מ.עדין שוופס,ארגז,1.32,ליטר,false,,10.90,8.2576,true,1,9807
7290017888101,false,רביעיית מ.עדין שוופס,,,רביעיית מ.עדין שוופס,ארגז,1.32,ליטר,false,,10.90,8.2576,true,1,9808
7290017888644,false,פרוט & וג' אננס בננה,,,פרוט & וג' אננס בננה,גרמים,330.00,100 גרם,false,,7.90,0.0239,true,1,9825
7290017888729,false,שוופס סודה 1 ליטר,,,שוופס סודה 1 ליטר,ארגז,1.00,ליטר,false,,4.50,4.5000,true,1,9826
7290017888972,false,מי עדן פקק ספורט 1 ל,,,מי עדן פקק ספורט 1 ל,ארגז,1.00,ליטר,false,,4.90,4.9000,true,1,9829
7290017894041,false,דגש פתיתי שיבולת שוע,,,דגש פתיתי שיבולת שוע,גרמים,400.00,100 גרם,false,,19.90,0.0497,true,1,2050
7290017894065,false,דגש - תערובת רב תכלי,,,דגש - תערובת רב תכלי,גרמים,500.00,100 גרם,false,,15.90,0.0318,true,1,2653
7290017894126,false,דגש פוזלי טריקולור ל,,,דגש פוזלי טריקולור ל,גרמים,400.00,100 גרם,false,,9.90,0.0248,true,1,2289
7290017917450,false,קמיל בלו סנסטיב אל ס,,,קמיל בלו סנסטיב אל ס,אין,0.00,יחידה,false,,33.90,0.0000,true,1,18808
7290017917467,false,קמיל בלו אל סבון שיב,,,קמיל בלו אל סבון שיב,אין,0.00,יחידה,false,,33.90,0.0000,true,1,18809
7290017928043,false,גריסיני קראנץ' מלח מ,,,גריסיני קראנץ' מלח מ,גרמים,175.00,100 גרם,false,,11.90,0.0680,true,1,6402
7290017928432,false,גריסיני קראנץ' פרג מ,,,גריסיני קראנץ' פרג מ,גרמים,175.00,100 גרם,false,,11.90,0.0680,true,1,6407
7290017928463,false,שברי בייגלה דבש חרדל,,,שברי בייגלה דבש חרדל,גרמים,300.00,100 גרם,false,,12.90,0.0430,true,1,49067
7290017928616,false,שטוחלה שומשום מאיר ב,,,שטוחלה שומשום מאיר ב,גרמים,300.00,100 גרם,false,,11.90,0.0397,true,1,1399
7290017928661,false,שברי בייגלה בטעם צ'ד,,,שברי בייגלה בטעם צ'ד,גרמים,300.00,100 גרם,false,,12.90,0.0430,true,1,49225
7290017928685,false,בייגלה שמיניות עם מל,,,בייגלה שמיניות עם מל,גרמים,400.00,100 גרם,false,,11.90,0.0298,true,1,134709
7290017928807,false,אצבעות שומשום מאיר ב,,,אצבעות שומשום מאיר ב,גרמים,300.00,100 גרם,false,,11.90,0.0397,true,1,1400
7290017928821,false,מקלות גריסיני קלאסי,,,מקלות גריסיני קלאסי,גרמים,200.00,100 גרם,false,,11.90,0.0595,true,1,6412
7290017941196,false,סכינים עבות 100 יח',,,סכינים עבות 100 יח',אין,0.00,יחידה,false,,11.90,0.0000,true,1,60489
7290017941226,false,מזלגות 40 יח' עבה במ,,,מזלגות 40 יח' עבה במ,אין,0.00,יחידה,false,,7.90,0.0000,true,1,55736
7290017941240,false,כפיות 40 יח' עבה במי,,,כפיות 40 יח' עבה במי,אין,0.00,יחידה,false,,7.90,0.0000,true,1,55708
7290017941288,false,נר נשמה 24 שעות,,,נר נשמה 24 שעות,אין,0.00,יחידה,false,,1.90,0.0000,true,1,102379
7290017941332,false,נרונים 66 יח' 6 שעות,,,נרונים 66 יח' 6 שעות,אין,0.00,יחידה,false,,24.90,0.0000,true,1,115935
7290017941349,false,נרונים 72 יח' 4 שעות,,,נרונים 72 יח' 4 שעות,אין,0.00,יחידה,false,,21.90,0.0000,true,1,115936
7290017941356,false,נר שבת 72 יח',,,נר שבת 72 יח',אין,0.00,יחידה,false,,31.90,0.0000,true,1,115921
7290017941370,false,להבונים 50 יח' 3 שעו,,,להבונים 50 יח' 3 שעו,אין,0.00,יחידה,false,,9.90,0.0000,true,1,102396
7290017941387,false,להבונים בקופסא 100 י,,,להבונים בקופסא 100 י,אין,0.00,יחידה,false,,22.90,0.0000,true,1,115938
7290017941394,false,נייר סנדוויץ 100 יח',,,נייר סנדוויץ 100 יח',אין,0.00,יחידה,false,,9.90,0.0000,true,1,68488
7290017941400,false,כוסות 4OZ אספרסו 50,,,כוסות 4OZ אספרסו 50,אין,0.00,יחידה,false,,9.90,0.0000,true,1,87830
7290017941455,false,כוסות 9oz לשתיה חמה,,,כוסות 9oz לשתיה חמה,אין,0.00,יחידה,false,,14.90,0.0000,true,1,72732
7290017941462,false,כוסות שתיה חמה 8B  י,,,כוסות שתיה חמה 8B  י,אין,0.00,יחידה,false,,9.90,0.0000,true,1,63673
7290017941509,false,שקיות פס סגור 15 יח',,,שקיות פס סגור 15 יח',אין,0.00,יחידה,false,,8.90,0.0000,true,1,83014
7290017941516,false,שקיות זיפר S לאחסון-,,,שקיות זיפר S לאחסון-,אין,0.00,יחידה,false,,6.90,0.0000,true,1,83015
7290017941523,false,שקיות זיפר L לאחסון-,,,שקיות זיפר L לאחסון-,אין,0.00,יחידה,false,,7.90,0.0000,true,1,83016
7290017941530,false,כוסות TO-GO לשתייה ח,,,כוסות TO-GO לשתייה ח,אין,0.00,יחידה,false,,12.90,0.0000,true,1,72543
7290017941578,false,"צלחות קטנות 7"" לבן 5",,,"צלחות קטנות 7"" לבן 5",אין,0.00,יחידה,false,,10.90,0.0000,true,1,55116
7290017941660,false,מארז תבניות לחלה עבו,,,מארז תבניות לחלה עבו,אין,0.00,יחידה,false,,12.90,0.0000,true,1,55082
7290017941684,false,מארז תבניות רוסטר ענ,,,מארז תבניות רוסטר ענ,אין,0.00,יחידה,false,,12.90,0.0000,true,1,55084
7290017941691,false,מפת שולחן מהודרת 270,,,מפת שולחן מהודרת 270,אין,0.00,יחידה,false,,8.90,0.0000,true,1,102411
7290017941714,false,שקיות רב שימושיות זו,,,שקיות רב שימושיות זו,אין,0.00,יחידה,false,,8.90,0.0000,true,1,91789
7290017941790,false,ניילון נצמד 30*30 עם,,,ניילון נצמד 30*30 עם,מטרים,30.00,מטר,false,,8.90,0.2967,true,1,102397
7290017941820,false,כוסות שתיה קרה  כחול,,,כוסות שתיה קרה  כחול,אין,0.00,יחידה,false,,13.90,0.0000,true,1,46917
7290017941837,false,כוסות יהלום 40 יח' W,,,כוסות יהלום 40 יח' W,אין,0.00,יחידה,false,,9.90,0.0000,true,1,48036
7290017941844,false,מגש איכותי מרובע 12*,,,מגש איכותי מרובע 12*,אין,0.00,יחידה,false,,14.90,0.0000,true,1,46943
7290017941875,false,קערת פלסטיק עגולה 9.,,,קערת פלסטיק עגולה 9.,אין,0.00,יחידה,false,,8.90,0.0000,true,1,46958
7290017941899,false,קערת פלסטיק עגולה ענ,,,קערת פלסטיק עגולה ענ,אין,0.00,יחידה,false,,9.90,0.0000,true,1,46960
7290017941905,false,קיסמים במלחיה 300 יח,,,קיסמים במלחיה 300 יח,אין,0.00,יחידה,false,,2.90,0.0000,true,1,58214
7290017941929,false,"שיפודי יקטורי 18 ס""מ",,,"שיפודי יקטורי 18 ס""מ",אין,0.00,יחידה,false,,7.90,0.0000,true,1,58232
7290017941967,false,שקיות אוכל XL  300 י,,,שקיות אוכל XL  300 י,אין,0.00,יחידה,false,,8.90,0.0000,true,1,91804
7290017941981,false,כוסות 12OZ לשתייה חמ,,,כוסות 12OZ לשתייה חמ,אין,0.00,יחידה,false,,16.90,0.0000,true,1,283274
7290017946368,false,סוד כדוריות לאסלה P.,,,סוד כדוריות לאסלה P.,גרמים,150.00,100 גרם,false,,16.90,0.1127,true,1,41670
7290017946542,false,סוד מרכך כביסה  מרוכ,,,סוד מרכך כביסה  מרוכ,ארגז,1.80,ליטר,false,,21.90,12.1667,true,1,22417
7290017946764,false,מנקה מכונת כביסה,,,מנקה מכונת כביסה,גרמים,150.00,100 גרם,false,,19.90,0.1327,true,1,41657
7290017946979,false,פרסיל ג'ל פרימיום 2.,,,פרסיל ג'ל פרימיום 2.,ארגז,2.40,ליטר,false,,34.90,14.5417,true,1,46998
7290017947105,false,לחם בסגנון אמריקה אנ,,,לחם בסגנון אמריקה אנ,גרמים,500.00,100 גרם,false,,14.90,0.0298,true,1,22659
7290017947464,false,שמיניית פיתות כוסמין,,,שמיניית פיתות כוסמין,גרמים,400.00,100 גרם,false,,15.90,0.0398,true,1,22669
7290017947495,false,6 לחמניות כוסמין אנג,,,6 לחמניות כוסמין אנג,גרמים,450.00,100 גרם,false,,15.90,0.0353,true,1,35497
7290017947891,false,לחם כוסמין וחיטה מלא,,,לחם כוסמין וחיטה מלא,גרמים,750.00,100 גרם,false,,16.90,0.0225,true,1,22670
7290017947921,true,מארז לחמניות המבורגר,,,מארז לחמניות המבורגר,גרמים,450.00,100 גרם,false,,14.90,0.0331,true,1,22671
7290017947938,false,8 לחמניות המבורגר בס,,,8 לחמניות המבורגר בס,גרמים,4000.00,100 גרם,false,,14.90,0.0037,true,1,36046
7290017969602,false,כיסוי למדפים בגליל 4,,,כיסוי למדפים בגליל 4,אין,0.00,יחידה,false,,11.90,0.0000,true,1,29796
7290017978017,false,ריאו קרמבו 16 יחידות,,,ריאו קרמבו 16 יחידות,אין,0.00,יחידה,false,,16.90,0.0000,true,1,14077
7290018043196,false,חטיף חלבון בטעם שוקו,,,חטיף חלבון בטעם שוקו,גרמים,60.00,100 גרם,false,,13.90,0.2317,true,1,296215
7290018045497,false,דגנים במילוי קרם שוק,,,דגנים במילוי קרם שוק,גרמים,480.00,100 גרם,false,,23.90,0.0498,true,1,209808
7290018045893,false,דגנים במילוי קרם נוג,,,דגנים במילוי קרם נוג,גרמים,480.00,100 גרם,false,,23.90,0.0498,true,1,209810
7290018071205,false,כפפות ניטרו-V כחולות,,,כפפות ניטרו-V כחולות,אין,0.00,יחידה,false,,19.90,0.0000,true,1,309412
7290018071212,false,כפפות ניטרו-V כחולות,,,כפפות ניטרו-V כחולות,אין,0.00,יחידה,false,,19.90,0.0000,true,1,309413
7290018071229,false,כפפות ניטרו-V כחולות,,,כפפות ניטרו-V כחולות,אין,0.00,יחידה,false,,19.90,0.0000,true,1,309414
7290018071236,false,כפפות ניטרו-V כחולות,,,כפפות ניטרו-V כחולות,אין,0.00,יחידה,false,,19.90,0.0000,true,1,309415
7290018071571,false,פדים אובליים להסרת א,,,פדים אובליים להסרת א,אין,0.00,יחידה,false,,7.90,0.0000,true,1,442651
7290018091074,false,בצק עוגיות שוקולד צ',,,בצק עוגיות שוקולד צ',גרמים,300.00,100 גרם,false,,16.90,0.0563,true,1,319756
7290018091272,false,בצק עוגיות טריפל שוק,,,בצק עוגיות טריפל שוק,גרמים,300.00,100 גרם,false,,16.90,0.0563,true,1,319757
7290018091616,false,מקלות פילו גבינה 450,,,מקלות פילו גבינה 450,גרמים,450.00,100 גרם,false,,14.90,0.0331,true,1,22784
7290018127407,false,"מצות תפו""א ללא גלוטן",,,"מצות תפו""א ללא גלוטן",גרמים,300.00,100 גרם,false,,27.90,0.0930,true,1,29917
7290018127469,false,פתי בר בטעם שוקולד ל,,,פתי בר בטעם שוקולד ל,גרמים,200.00,100 גרם,false,,15.90,0.0795,true,1,49053
7290018131855,false,אקסטרים מאגדת טילון,,,אקסטרים מאגדת טילון,גרמים,432.00,100 גרם,false,,36.90,0.0854,true,1,78026
7290018131879,false,אקסטרים מאגדת טילון,,,אקסטרים מאגדת טילון,גרמים,432.00,100 גרם,false,,36.90,0.0854,true,1,78027
7290018131893,false,אקסטרים מאגדת טילון,,,אקסטרים מאגדת טילון,גרמים,432.00,100 גרם,false,,36.90,0.0854,true,1,78028
7290018131954,false,לה פרוטה מאגדת בטעם,,,לה פרוטה מאגדת בטעם,גרמים,350.00,100 גרם,false,,30.90,0.0883,true,1,53697
7290018132388,false,מטרנה גולד בדץ שלב 2,,,מטרנה גולד בדץ שלב 2,גרמים,700.00,100 גרם,false,,75.90,0.1084,true,1,412798
7290018132425,false,מטרנה גולד בדץ שלב,,,מטרנה גולד בדץ שלב,גרמים,700.00,100 גרם,false,,75.90,0.1084,true,1,412799
7290018156087,false,שמפו אקטיב סרקל 450,,,שמפו אקטיב סרקל 450,מיליליטרים,450.00,"100 מ""ל",false,,34.90,0.0776,true,1,42153
7290018156094,false,מרכך  אקטיב סרקל 450,,,מרכך  אקטיב סרקל 450,גרמים,450.00,100 גרם,false,,34.90,0.0776,true,1,42154
7290018156490,false,"מרכך קיץ סרקל 750 מ""",,,"מרכך קיץ סרקל 750 מ""",מיליליטרים,750.00,"100 מ""ל",false,,28.90,0.0385,true,1,300185
7290018165560,false,תירוש לבן של סגל 1 ל,,,תירוש לבן של סגל 1 ל,ארגז,1.00,ליטר,false,,12.90,12.9000,true,1,271677
7290018213216,false,סט שרותים אורבן URBA,,,סט שרותים אורבן URBA,אין,0.00,יחידה,false,,10.90,0.0000,true,1,432178
7290018225264,false,בלנדר שיייקר,,,בלנדר שיייקר,אין,0.00,יחידה,false,,95.90,0.0000,true,1,29847
7290018236086,false,ע.ט. נקניקיות עוף 12,,,ע.ט. נקניקיות עוף 12,אלף,1.00,"ק""ג",false,,27.90,27.9000,true,1,89980
7290018236635,false,צ'ונגו פופקורן מצופה,,,צ'ונגו פופקורן מצופה,גרמים,600.00,100 גרם,false,,30.90,0.0515,true,1,41488
7290018236659,false,רצועות צ'ונגו פופקור,,,רצועות צ'ונגו פופקור,גרמים,600.00,100 גרם,false,,30.90,0.0515,true,1,41489
7290018237281,false,נקניק סלמי ירדן עוף,,,נקניק סלמי ירדן עוף,גרמים,550.00,100 גרם,false,,21.90,0.0398,true,1,130471
7290018237373,false,פסטרמה צרובה על הגרי,,,פסטרמה צרובה על הגרי,גרמים,300.00,100 גרם,false,,27.90,0.0930,true,1,101140
7290018237397,false,פסטרמה מקורמלת נתח ש,,,פסטרמה מקורמלת נתח ש,גרמים,300.00,100 גרם,false,,27.90,0.0930,true,1,101141
7290018237410,false,פסטרמה במעשנה נתח של,,,פסטרמה במעשנה נתח של,גרמים,300.00,100 גרם,false,,27.90,0.0930,true,1,101142
7290018237489,false,עוף טוב דק דק פסטרמה,,,עוף טוב דק דק פסטרמה,גרמים,220.00,100 גרם,false,,21.90,0.0995,true,1,182962
7290018237496,false,עוף טוב דק דק פסטרמה,,,עוף טוב דק דק פסטרמה,גרמים,220.00,100 גרם,false,,21.90,0.0995,true,1,182976
7290018237502,false,עוף טוב דק דק כתף בק,,,עוף טוב דק דק כתף בק,גרמים,200.00,100 גרם,false,,20.90,0.1045,true,1,182990
7290018237922,false,שניצלונים ציפוי ציפס,,,שניצלונים ציפוי ציפס,גרמים,700.00,100 גרם,false,,19.90,0.0284,true,1,407710
7290018237939,false,שניצלונים ציפוי שומש,,,שניצלונים ציפוי שומש,גרמים,700.00,100 גרם,false,,19.90,0.0284,true,1,407724
7290018237960,false,כתף בקר עסיסי עוף טו,,,כתף בקר עסיסי עוף טו,גרמים,265.00,100 גרם,false,,24.90,0.0940,true,1,429981
7290018249123,false,כמו סוכר אינסטנט פוד,,,כמו סוכר אינסטנט פוד,גרמים,50.00,100 גרם,false,,11.90,0.2380,true,1,29920
7290018249994,false,סוויטאנגו ממתיק אריז,,,סוויטאנגו ממתיק אריז,גרמים,700.00,100 גרם,false,,56.90,0.0813,true,1,461017
7290018294000,false,יין קינג דיוויד רוזה,,,יין קינג דיוויד רוזה,מיליליטרים,750.00,"100 מ""ל",false,,21.90,0.0292,true,1,82957
7290018294352,false,"ארק יקבי כרמל 700 מ""",,,"ארק יקבי כרמל 700 מ""",מיליליטרים,700.00,"100 מ""ל",false,,55.20,0.0789,true,1,252001
7290018294383,false,יין פינו גרי הסדרה ה,,,יין פינו גרי הסדרה ה,מיליליטרים,750.00,"100 מ""ל",false,,59.90,0.0799,true,1,273991
7290018333624,false,גרנולפלקס חלבה ושקדי,,,גרנולפלקס חלבה ושקדי,גרמים,500.00,100 גרם,false,,22.90,0.0458,true,1,264630
7290018333631,false,גרנולפלקס קשיו ופירו,,,גרנולפלקס קשיו ופירו,גרמים,500.00,100 גרם,false,,22.90,0.0458,true,1,264631
7290018343296,false,"אלכוג'ל 100 מ""ל  H",,,"אלכוג'ל 100 מ""ל  H",מיליליטרים,100.00,"100 מ""ל",false,,9.90,0.0990,true,1,42267
7290018344101,false,חטיף חלבון קקאו וקפה,,,חטיף חלבון קקאו וקפה,גרמים,50.00,100 גרם,false,,9.90,0.1980,true,1,141534
7290018344125,false,חטיף חלבון אגוזי לוז,,,חטיף חלבון אגוזי לוז,גרמים,50.00,100 גרם,false,,9.90,0.1980,true,1,141520
7290018359129,false,פאסאטה מחית עגבניות,,,פאסאטה מחית עגבניות,גרמים,690.00,100 גרם,false,,8.90,0.0129,true,1,53553
7290018359334,false,רכז עגבניות טבעי פרי,,,רכז עגבניות טבעי פרי,גרמים,580.00,100 גרם,false,,9.90,0.0171,true,1,8178
7290018359495,false,תירס מהשדה בלי תוספת,,,תירס מהשדה בלי תוספת,גרמים,550.00,100 גרם,false,,8.90,0.0162,true,1,8179
7290018359686,false,חומוס ענק יכין 550 ג,,,חומוס ענק יכין 550 ג,גרמים,550.00,100 גרם,false,,9.90,0.0180,true,1,120695
7290018359716,false,רוטב פיצה טוסקנה יכי,,,רוטב פיצה טוסקנה יכי,גרמים,240.00,100 גרם,false,,5.50,0.0229,true,1,64242
7290018359853,false,עדשים שחורות יכין 40,,,עדשים שחורות יכין 40,גרמים,400.00,100 גרם,false,,7.90,0.0198,true,1,120681
7290018359860,false,רסק עגבניות ליקופן י,,,רסק עגבניות ליקופן י,גרמים,400.00,100 גרם,false,,10.00,0.0250,true,1,219544
7290018359877,false,רסק עגבניות טבעי יכי,,,רסק עגבניות טבעי יכי,גרמים,600.00,100 גרם,false,,15.90,0.0265,true,1,219558
7290018359938,false,רוטב עגבניות לשקשוקה,,,רוטב עגבניות לשקשוקה,גרמים,400.00,100 גרם,false,,11.90,0.0298,true,1,397203
7290018359952,false,רוטב עגבניות לפסטה י,,,רוטב עגבניות לפסטה י,גרמים,400.00,100 גרם,false,,11.90,0.0298,true,1,397205
7290018359969,false,רוטב עגבניות לפיצה י,,,רוטב עגבניות לפיצה י,גרמים,400.00,100 גרם,false,,11.90,0.0298,true,1,397206
7290018376416,false,פילה ברבוניה ארוז 40,,,פילה ברבוניה ארוז 40,גרמים,400.00,100 גרם,false,,29.90,0.0747,true,1,448492
7290018380871,false,פטיסון כבוש שלם תומר,,,פטיסון כבוש שלם תומר,גרמים,670.00,100 גרם,false,,12.90,0.0193,true,1,274872
7290018400036,false,ירקות מוקפאים מעורבי,,,ירקות מוקפאים מעורבי,גרמים,800.00,100 גרם,false,,19.90,0.0249,true,1,111058
7290018400456,false,שייק smoothie עם פיט,,,שייק smoothie עם פיט,גרמים,300.00,100 גרם,false,,12.90,0.0430,true,1,278401
7290018400661,false,לקט פאייה בסגנון ספר,,,לקט פאייה בסגנון ספר,גרמים,800.00,100 גרם,false,,19.90,0.0249,true,1,100573
7290018440193,false,ביגלה בציפוי קרם בטע,,,ביגלה בציפוי קרם בטע,גרמים,140.00,100 גרם,false,,7.90,0.0564,true,1,71169
7290018440209,false,חטיף בייגלה אפוי בצי,,,חטיף בייגלה אפוי בצי,גרמים,140.00,100 גרם,false,,7.90,0.0564,true,1,71182
7290018440223,false,חווית הצ'אי- מסאלה ע,,,חווית הצ'אי- מסאלה ע,גרמים,50.00,100 גרם,false,,19.90,0.3980,true,1,148474
7290018440230,false,חווית הצ'אי- ורדים 2,,,חווית הצ'אי- ורדים 2,גרמים,50.00,100 גרם,false,,19.90,0.3980,true,1,148489
7290018440247,false,חווית הצ'אי- שקדים 2,,,חווית הצ'אי- שקדים 2,גרמים,50.00,100 גרם,false,,19.90,0.3980,true,1,148475
7290018440254,false,חווית הצ'אי- קרמל מל,,,חווית הצ'אי- קרמל מל,גרמים,50.00,100 גרם,false,,19.90,0.3980,true,1,148490
7290018440438,false,טונה  easy flip בשמן,,,טונה  easy flip בשמן,גרמים,195.00,100 גרם,false,,25.90,0.1328,true,1,414227
7290018440445,false,נתחי טונה בהירה בשמן,,,נתחי טונה בהירה בשמן,גרמים,160.00,100 גרם,false,,16.90,0.1056,true,1,381085
7290018440490,false,סלט טונה עם ירקות וק,,,סלט טונה עם ירקות וק,גרמים,150.00,100 גרם,false,,14.90,0.0993,true,1,414169
7290018440513,false,סלט טונה עם ירקות בס,,,סלט טונה עם ירקות בס,גרמים,150.00,100 גרם,false,,14.90,0.0993,true,1,414171
7290018440896,false,חליטת ג'ינג'ר וכורכו,,,חליטת ג'ינג'ר וכורכו,גרמים,37.50,100 גרם,false,,17.50,0.4667,true,1,251894
7290018441626,false,גלידת שמנת בטעם מנטה,,,גלידת שמנת בטעם מנטה,גרמים,430.00,100 גרם,false,,19.90,0.0463,true,1,228759
7290018441664,false,מאגדת טילונים קוקי מ,,,מאגדת טילונים קוקי מ,גרמים,400.00,100 גרם,false,,24.90,0.0622,true,1,275109
7290018468326,false,נקניקיות צמחוניות בס,,,נקניקיות צמחוניות בס,גרמים,400.00,100 גרם,false,,39.90,0.0997,true,1,337522
7290018468401,false,פסטרמה צמחונית בטעם,,,פסטרמה צמחונית בטעם,גרמים,120.00,100 גרם,false,,15.90,0.1325,true,1,447247
7290018468418,false,פסטרמה צמחונית מפולפ,,,פסטרמה צמחונית מפולפ,גרמים,120.00,100 גרם,false,,15.90,0.1325,true,1,447248
7290018468425,false,נקניק טבעוני בטעם מע,,,נקניק טבעוני בטעם מע,גרמים,100.00,100 גרם,false,,15.90,0.1590,true,1,447249
7290018471029,false,שוופס סודה לימון שיש,,,שוופס סודה לימון שיש,ארגז,3.00,ליטר,false,,13.90,4.6333,true,1,9833
7290018471180,false,פרוט ווג אננס תפוח ו,,,פרוט ווג אננס תפוח ו,ארגז,1.00,ליטר,false,,13.50,13.5000,true,1,60244
7290018471197,false,פרוט ווג תפוח בננה מ,,,פרוט ווג תפוח בננה מ,ארגז,1.00,ליטר,false,,13.50,13.5000,true,1,60245
7290018471210,false,קרטונית אגס תפוח וסב,,,קרטונית אגס תפוח וסב,ארגז,1.00,ליטר,false,,6.90,6.9000,true,1,61429
7290018471395,false,פרוט ווג תפוח רימון,,,פרוט ווג תפוח רימון,ארגז,1.00,ליטר,false,,13.50,13.5000,true,1,60246
7290018471401,false,פרוט ווג אננס בננה כ,,,פרוט ווג אננס בננה כ,ארגז,1.00,ליטר,false,,13.50,13.5000,true,1,60247
7290018471463,false,נקטר תפוזינה ENJOY ב,,,נקטר תפוזינה ENJOY ב,ארגז,1.00,ליטר,false,,6.90,6.9000,true,1,77642
7290018471470,false,נקטר תפוזינה ENJOY ב,,,נקטר תפוזינה ENJOY ב,ארגז,1.00,ליטר,false,,6.90,6.9000,true,1,77643
7290018471487,false,נקטר תפוזינה ENJOY ב,,,נקטר תפוזינה ENJOY ב,ארגז,1.00,ליטר,false,,6.90,6.9000,true,1,77644
7290018471494,false,נקטר תפוזינה ENJOY ב,,,נקטר תפוזינה ENJOY ב,ארגז,1.00,ליטר,false,,6.90,6.9000,true,1,77645
7290018471616,false,שוופס טוניק קלאסי 1,,,שוופס טוניק קלאסי 1,ארגז,1.00,ליטר,false,,9.10,9.1000,true,1,80884
7290018471623,false,שוופס טוניק אשכוליות,,,שוופס טוניק אשכוליות,ארגז,1.00,ליטר,false,,9.10,9.1000,true,1,80885
7290018471906,false,שוופס מוגז לימונדה ו,,,שוופס מוגז לימונדה ו,ארגז,1.50,ליטר,false,,9.50,6.3333,true,1,156152
7290018471913,false,שוופס פרוטס תפוחים 1,,,שוופס פרוטס תפוחים 1,ארגז,1.50,ליטר,false,,9.50,6.3333,true,1,156166
7290018471920,false,שוופס ענבים מוגז 1.5,,,שוופס ענבים מוגז 1.5,ארגז,1.50,ליטר,false,,9.50,6.3333,true,1,156167
7290018471937,false,שוופס מוגז פירות תות,,,שוופס מוגז פירות תות,ארגז,1.50,ליטר,false,,9.50,6.3333,true,1,156168
7290018471944,false,שוופס מוגז למונייד 1,,,שוופס מוגז למונייד 1,ארגז,1.50,ליטר,false,,9.50,6.3333,true,1,156182
7290018471951,false,שוופס פרוטס אשכולית,,,שוופס פרוטס אשכולית,ארגז,1.50,ליטר,false,,9.50,6.3333,true,1,156183
7290018493045,false,קרם ידיים אפקטיב קר,,,קרם ידיים אפקטיב קר,מיליליטרים,100.00,"100 מ""ל",false,,15.90,0.1590,true,1,341559
7290018493144,false,אל סבון ארגאן סגול,,,אל סבון ארגאן סגול,ארגז,1.00,ליטר,false,,14.90,14.9000,true,1,47839
7290018500231,false,לחם וויקאנד אנג'ל 75,,,לחם וויקאנד אנג'ל 75,גרמים,750.00,100 גרם,false,,18.90,0.0252,true,1,381071
7290018500361,false,לחם אחיד פרוס מאפיית,,,לחם אחיד פרוס מאפיית,גרמים,900.00,100 גרם,false,,8.32,0.0092,true,1,403619
7290018500385,true,חלה רגילה אנגל 650 ג,,,חלה רגילה אנגל 650 ג,גרמים,650.00,100 גרם,false,,6.50,0.0100,true,1,432703
7290018500392,true,חלה קלועה אנגל 650 ג,,,חלה קלועה אנגל 650 ג,גרמים,650.00,100 גרם,false,,6.50,0.0100,true,1,432704
7290018540329,false,פיתה פיתה אנגל 880 ג,,,פיתה פיתה אנגל 880 ג,יח',10.00,יח',false,,12.90,1.2900,true,1,51687
7290018540817,false,לחם ארטיזנל כוסמין א,,,לחם ארטיזנל כוסמין א,גרמים,500.00,100 גרם,false,,18.90,0.0378,true,1,286489
7290018540824,false,לחם מחמצת כפרי artis,,,לחם מחמצת כפרי artis,גרמים,500.00,100 גרם,false,,18.90,0.0378,true,1,286490
7290018540831,false,לחם מחמצת חיטה מלאה,,,לחם מחמצת חיטה מלאה,גרמים,500.00,100 גרם,false,,18.90,0.0378,true,1,287475
7290018556382,false,ארק בן חיים אבטיח 70,,,ארק בן חיים אבטיח 70,מיליליטרים,700.00,"100 מ""ל",false,,39.90,0.0570,true,1,213010
7290018556467,false,ארק בן חיים פסיפלורה,,,ארק בן חיים פסיפלורה,מיליליטרים,700.00,"100 מ""ל",false,,39.90,0.0570,true,1,213012
7290018564707,false,ממרח פלפל קלוי שף הט,,,ממרח פלפל קלוי שף הט,גרמים,200.00,100 גרם,false,,11.90,0.0595,true,1,270271
7290018571507,false,סוכריות ויטמין C ליל,,,סוכריות ויטמין C ליל,גרמים,175.00,100 גרם,false,,39.90,0.2280,true,1,444034
7290018571613,false,סוכריות אומגה 3- מבו,,,סוכריות אומגה 3- מבו,גרמים,210.00,100 גרם,false,,39.90,0.1900,true,1,444040
7290018571637,false,סוכריות מולטי ויטמין,,,סוכריות מולטי ויטמין,גרמים,220.00,100 גרם,false,,39.90,0.1814,true,1,444042
7290018571705,false,"אורז יסמין 1 ק""ג",,,"אורז יסמין 1 ק""ג",אלף,1.00,"ק""ג",false,,11.90,11.9000,true,1,386921
7290018571729,false,אורז ריזווטו עגול 1,,,אורז ריזווטו עגול 1,אלף,1.00,"ק""ג",false,,9.90,9.9000,true,1,386936
7290018571736,false,"אורז בסמטי 1 ק""ג",,,"אורז בסמטי 1 ק""ג",אלף,1.00,"ק""ג",false,,11.90,11.9000,true,1,386937
7290018626078,false,"צלחות קטנות ""7 שקוף",,,"צלחות קטנות ""7 שקוף",אין,0.00,יחידה,false,,10.90,0.0000,true,1,55086
7290018626085,false,לפתניות 4.5 שקוף 50,,,לפתניות 4.5 שקוף 50,אין,0.00,יחידה,false,,8.90,0.0000,true,1,55101
7290018626108,false,קערות אובליות שקוף 5,,,קערות אובליות שקוף 5,אין,0.00,יחידה,false,,10.90,0.0000,true,1,55102
7290018626238,false,קינוחית אישית מלבנית,,,קינוחית אישית מלבנית,אין,0.00,יחידה,false,,12.50,0.0000,true,1,60952
7290018626306,false,פיצה מרגריטה פיטריות,,,פיצה מרגריטה פיטריות,גרמים,400.00,100 גרם,false,,11.90,0.0298,true,1,113097
7290018626443,false,אובלים וינטג' 10 יח',,,אובלים וינטג' 10 יח',אין,0.00,יחידה,false,,9.90,0.0000,true,1,69756
7290018626474,false,כוסות מעוטרות 40 יח',,,כוסות מעוטרות 40 יח',אין,0.00,יחידה,false,,8.90,0.0000,true,1,46930
7290018626481,false,"כוסות בירה 330 מ""ל",,,"כוסות בירה 330 מ""ל",אין,0.00,יחידה,false,,9.90,0.0000,true,1,60533
7290018626504,false,שקיות L שרוך 80 יח',,,שקיות L שרוך 80 יח',אין,0.00,יחידה,false,,22.90,0.0000,true,1,62319
7290018626528,false,ניילון נצמד 30*150 ע,,,ניילון נצמד 30*150 ע,מטרים,150.00,מטר,false,,18.90,0.1260,true,1,79725
7290018626535,false,שקיות נייר לכריכים 5,,,שקיות נייר לכריכים 5,אין,0.00,יחידה,false,,7.90,0.0000,true,1,68489
7290018626573,false,ניילון נצמד 40*100 ע,,,ניילון נצמד 40*100 ע,מטרים,100.00,מטר,false,,18.90,0.1890,true,1,79726
7290018626597,false,צימרונים לאוזנים איכ,,,צימרונים לאוזנים איכ,אין,0.00,יחידה,false,,4.90,0.0000,true,1,108580
7290018626603,false,צימרונים לאוזנים לתי,,,צימרונים לאוזנים לתי,אין,0.00,יחידה,false,,4.50,0.0000,true,1,108581
7290018626627,false,מארז תבניות מאפינס 7,,,מארז תבניות מאפינס 7,אין,0.00,יחידה,false,,14.90,0.0000,true,1,206262
7290018626672,false,מארז צלחות  12+12 מא,,,מארז צלחות  12+12 מא,אין,0.00,יחידה,false,,49.90,0.0000,true,1,139888
7290018626696,false,מארז צלחות  12+12 מא,,,מארז צלחות  12+12 מא,אין,0.00,יחידה,false,,49.90,0.0000,true,1,135371
7290018626788,false,קערות אובליות נקודות,,,קערות אובליות נקודות,אין,0.00,יחידה,false,,11.90,0.0000,true,1,136339
7290018626795,false,מגש עגול מחולק ל-6 ג,,,מגש עגול מחולק ל-6 ג,אין,0.00,יחידה,false,,9.90,0.0000,true,1,136353
7290018626856,false,כוסות ליקר 50 יח' WI,,,כוסות ליקר 50 יח' WI,אין,0.00,יחידה,false,,8.90,0.0000,true,1,136370
7290018626887,false,כוסות P.P יהלום שוחר,,,כוסות P.P יהלום שוחר,אין,0.00,יחידה,false,,9.90,0.0000,true,1,108647
7290018626894,false,כוסות P.P יהלום כסף,,,כוסות P.P יהלום כסף,אין,0.00,יחידה,false,,9.90,0.0000,true,1,108648
7290018626900,false,מפיות תלת שכבתיות 20,,,מפיות תלת שכבתיות 20,אין,0.00,יחידה,false,,4.90,0.0000,true,1,129356
7290018626917,false,מפיות תלת שכבתיות 20,,,מפיות תלת שכבתיות 20,אין,0.00,יחידה,false,,4.90,0.0000,true,1,129357
7290018626948,false,מפיות תלת שכבתיות 20,,,מפיות תלת שכבתיות 20,אין,0.00,יחידה,false,,4.90,0.0000,true,1,129359
7290018626955,false,מפיות תלת שכבתיות 20,,,מפיות תלת שכבתיות 20,אין,0.00,יחידה,false,,4.90,0.0000,true,1,129373
7290018703311,false,חטיף חלבון בטעם קרם,,,חטיף חלבון בטעם קרם,גרמים,60.00,100 גרם,false,,13.90,0.2317,true,1,301556
7290018720110,false,עוגיות ממולאות בקרם,,,עוגיות ממולאות בקרם,גרמים,150.00,100 גרם,false,,6.90,0.0460,true,1,141658
7290018720219,false,פיצפוצי אורז ללא סוכ,,,פיצפוצי אורז ללא סוכ,גרמים,250.00,100 גרם,false,,12.90,0.0516,true,1,419903
7290018720226,false,פיצפוצי אורז עם סוכר,,,פיצפוצי אורז עם סוכר,גרמים,250.00,100 גרם,false,,12.90,0.0516,true,1,419888
7290018777268,false,חטיף חלבון קקאו בננה,,,חטיף חלבון קקאו בננה,גרמים,50.00,100 גרם,false,,9.90,0.1980,true,1,184587
7290018792841,false,אבקת קקאו דל שומן 15,,,אבקת קקאו דל שומן 15,גרמים,150.00,100 גרם,false,,10.90,0.0727,true,1,443206
7290018818275,false,פיצה קונו מרגריטה 26,,,פיצה קונו מרגריטה 26,גרמים,260.00,100 גרם,false,,14.90,0.0573,true,1,353909
7290018818305,false,פיצה אובליינה 260 גר,,,פיצה אובליינה 260 גר,גרמים,260.00,100 גרם,false,,14.90,0.0573,true,1,353910
7290018835005,false,אקסטרא צ'יפס אורז חו,,,אקסטרא צ'יפס אורז חו,גרמים,60.00,100 גרם,false,,8.50,0.1417,true,1,355621
7290018886120,false,מפיות תלת שכבתיות 20,,,מפיות תלת שכבתיות 20,אין,0.00,יחידה,false,,4.90,0.0000,true,1,129393
7290018886144,false,מפיות תלת שכבתיות 20,,,מפיות תלת שכבתיות 20,אין,0.00,יחידה,false,,4.90,0.0000,true,1,129395
7290018886168,false,מפיות תלת שכבתיות 20,,,מפיות תלת שכבתיות 20,אין,0.00,יחידה,false,,4.90,0.0000,true,1,129397
7290018886175,false,כפיות עבות 50 יח'  ש,,,כפיות עבות 50 יח'  ש,אין,0.00,יחידה,false,,9.90,0.0000,true,1,108609
7290018886182,false,כפיות עבות 50 יח'  ק,,,כפיות עבות 50 יח'  ק,אין,0.00,יחידה,false,,9.90,0.0000,true,1,108610
7290018886199,false,סכינים עבות 50 יח',,,סכינים עבות 50 יח',אין,0.00,יחידה,false,,9.90,0.0000,true,1,108611
7290018886205,false,סכינים עבות 50 יח',,,סכינים עבות 50 יח',אין,0.00,יחידה,false,,9.90,0.0000,true,1,108612
7290018886243,false,כפות עבות 50 יח'  קר,,,כפות עבות 50 יח'  קר,אין,0.00,יחידה,false,,9.90,0.0000,true,1,108616
7290018886250,false,מגש איכותי מחולק ל 4,,,מגש איכותי מחולק ל 4,אין,0.00,יחידה,false,,8.90,0.0000,true,1,197696
7290018886267,false,מגש איכותי מחולק ל 4,,,מגש איכותי מחולק ל 4,אין,0.00,יחידה,false,,8.90,0.0000,true,1,197697
7290018886281,false,זוג כפות הגשה שקוף W,,,זוג כפות הגשה שקוף W,אין,0.00,יחידה,false,,5.90,0.0000,true,1,197589
7290018886304,false,פת דגנים סגנון שוודי,,,פת דגנים סגנון שוודי,גרמים,340.00,100 גרם,false,,11.90,0.0350,true,1,134937
7290018886311,false,פת דגנים סגנון שוודי,,,פת דגנים סגנון שוודי,גרמים,170.00,100 גרם,false,,7.90,0.0465,true,1,134921
7290018886366,false,סכינים מהודרים שקוף,,,סכינים מהודרים שקוף,אין,0.00,יחידה,false,,6.90,0.0000,true,1,197395
7290018886380,false,סכינים מהודרים זהב 1,,,סכינים מהודרים זהב 1,אין,0.00,יחידה,false,,6.90,0.0000,true,1,197449
7290018886403,false,מזלגות מהודרים שקוף,,,מזלגות מהודרים שקוף,אין,0.00,יחידה,false,,6.90,0.0000,true,1,197464
7290018886427,false,מזלגות מהודרים זהב 1,,,מזלגות מהודרים זהב 1,אין,0.00,יחידה,false,,6.90,0.0000,true,1,197478
7290018886441,false,כפות מהודרות שקוף 10,,,כפות מהודרות שקוף 10,אין,0.00,יחידה,false,,6.90,0.0000,true,1,197507
7290018886458,false,כפות מהודרות פנינה 1,,,כפות מהודרות פנינה 1,אין,0.00,יחידה,false,,6.90,0.0000,true,1,197508
7290018886465,false,כפות מהודרות זהב 10,,,כפות מהודרות זהב 10,אין,0.00,יחידה,false,,6.90,0.0000,true,1,197509
7290018886496,false,כפיות מהודרות פנינה,,,כפיות מהודרות פנינה,אין,0.00,יחידה,false,,5.90,0.0000,true,1,197366
7290018886519,false,כפיות מהודרות כסף 10,,,כפיות מהודרות כסף 10,אין,0.00,יחידה,false,,5.90,0.0000,true,1,197381
7290018886601,false,כוסות דמוי שיש 40 יח,,,כוסות דמוי שיש 40 יח,אין,0.00,יחידה,false,,8.90,0.0000,true,1,108630
7290018886625,false,כוסות דמוי שיש 40 יח,,,כוסות דמוי שיש 40 יח,אין,0.00,יחידה,false,,8.90,0.0000,true,1,108632
7290018886632,false,כוסות דמוי שיש 40 יח,,,כוסות דמוי שיש 40 יח,אין,0.00,יחידה,false,,8.90,0.0000,true,1,108633
7290018886649,false,כוס קינוח משולשת 20,,,כוס קינוח משולשת 20,אין,0.00,יחידה,false,,10.90,0.0000,true,1,197808
7290018886663,false,כוס קינוח מרובעת 20,,,כוס קינוח מרובעת 20,אין,0.00,יחידה,false,,10.90,0.0000,true,1,197823
7290018886939,false,מזלגות מוכספים  20 י,,,מזלגות מוכספים  20 י,אין,0.00,יחידה,false,,8.90,0.0000,true,1,136450
7290018886953,false,כפיות מוכספים  20 יח,,,כפיות מוכספים  20 יח,אין,0.00,יחידה,false,,8.90,0.0000,true,1,136452
7290018886991,false,שמן קנולה אלומות 1 ל,,,שמן קנולה אלומות 1 ל,ארגז,1.00,ליטר,false,,10.90,10.9000,true,1,126935
7290018893081,false,צ'וקטה מגולגלות חלב,,,צ'וקטה מגולגלות חלב,גרמים,222.00,100 גרם,false,,7.90,0.0356,true,1,137243
7290018893098,false,צ'וקטה עוגיות מצופות,,,צ'וקטה עוגיות מצופות,גרמים,100.00,100 גרם,false,,7.90,0.0790,true,1,331759
7290018893111,false,צ'וקטה שוקולד מריר מ,,,צ'וקטה שוקולד מריר מ,גרמים,100.00,100 גרם,false,,8.90,0.0890,true,1,411431
7290018893135,false,צ'וקטה גריסיני מלח 1,,,צ'וקטה גריסיני מלח 1,גרמים,120.00,100 גרם,false,,8.90,0.0742,true,1,411266
7290018893142,false,צ'וקטה גריסיני שמן ז,,,צ'וקטה גריסיני שמן ז,גרמים,120.00,100 גרם,false,,8.90,0.0742,true,1,411267
7290018893258,false,צ'וקטה עוגות אישיות,,,צ'וקטה עוגות אישיות,גרמים,300.00,100 גרם,false,,9.90,0.0330,true,1,113795
7290018893272,false,צדפי שוקולד צ'וקטה,,,צדפי שוקולד צ'וקטה,גרמים,125.00,100 גרם,false,,9.90,0.0792,true,1,306708
7290018893289,false,צ'וקטה מגולגלות קקאו,,,צ'וקטה מגולגלות קקאו,גרמים,222.00,100 גרם,false,,7.90,0.0356,true,1,137226
7290018893319,false,צ'וקטה שוקולד מריר מ,,,צ'וקטה שוקולד מריר מ,גרמים,100.00,100 גרם,false,,8.90,0.0890,true,1,411239
7290018893340,false,צ'וקטה גריסיני שומשו,,,צ'וקטה גריסיני שומשו,גרמים,120.00,100 גרם,false,,8.90,0.0742,true,1,411268
7290018893456,false,צ'וקטה עוגות אישיות,,,צ'וקטה עוגות אישיות,אין,300.00,יחידה,false,,9.90,0.0330,true,1,113781
7290018893500,false,צ'וקטה עוגיות סנדביץ,,,צ'וקטה עוגיות סנדביץ,גרמים,180.00,100 גרם,false,,4.90,0.0272,true,1,331704
7290018893517,false,בייגלה שטוח מצופה שו,,,בייגלה שטוח מצופה שו,גרמים,80.00,100 גרם,false,,6.90,0.0863,true,1,288418
7290018893647,false,עוגיות סנדויץ' מצופו,,,עוגיות סנדויץ' מצופו,גרמים,150.00,100 גרם,false,,8.90,0.0593,true,1,214114
7290018893654,false,צ'וקטה חטיף בייגלה ב,,,צ'וקטה חטיף בייגלה ב,גרמים,200.00,100 גרם,false,,6.90,0.0345,true,1,137228
7290018893708,false,צ'וקטה עוגיות סנדביץ,,,צ'וקטה עוגיות סנדביץ,גרמים,250.00,100 גרם,false,,7.90,0.0316,true,1,331744
7290018893715,false,בייגלה שטוח מצופה שו,,,בייגלה שטוח מצופה שו,גרמים,80.00,100 גרם,false,,6.90,0.0863,true,1,231630
7290018893852,false,צ'וקטה חטיף בייגלה ב,,,צ'וקטה חטיף בייגלה ב,גרמים,200.00,100 גרם,false,,6.90,0.0345,true,1,137229
7290018893906,false,צ'וקטה עוגיות סנדביץ,,,צ'וקטה עוגיות סנדביץ,גרמים,250.00,100 גרם,false,,7.90,0.0316,true,1,331745
7290018894002,false,בלקוני קוביות וופל ק,,,בלקוני קוביות וופל ק,גרמים,250.00,100 גרם,false,,12.50,0.0500,true,1,378621
7290018894019,false,עוגות אישיות מיקס מק,,,עוגות אישיות מיקס מק,גרמים,350.00,100 גרם,false,,14.90,0.0426,true,1,342251
7290018894217,false,עוגות אישיות מיקס מק,,,עוגות אישיות מיקס מק,גרמים,350.00,100 גרם,false,,14.90,0.0426,true,1,342292
7290018894408,false,בלקוני קוביות וופל א,,,בלקוני קוביות וופל א,גרמים,250.00,100 גרם,false,,12.50,0.0500,true,1,378623
7290018894606,false,וופל במילוי קרם קקאו,,,וופל במילוי קרם קקאו,גרמים,175.00,100 גרם,false,,7.90,0.0451,true,1,342307
7290018894804,false,וופל במילוי קרם אגוז,,,וופל במילוי קרם אגוז,גרמים,175.00,100 גרם,false,,7.90,0.0451,true,1,342321
7290018921067,false,תחליב רחצה לגוף מועש,,,תחליב רחצה לגוף מועש,מיליליטרים,700.00,"100 מ""ל",false,,16.90,0.0241,true,1,191158
7290018921166,false,אל סבון ניקיון ולחות,,,אל סבון ניקיון ולחות,ארגז,1.00,ליטר,false,,14.90,14.9000,true,1,140453
7290018921265,false,תחליב רחצה לגוף מועש,,,תחליב רחצה לגוף מועש,מיליליטרים,700.00,"100 מ""ל",false,,16.90,0.0241,true,1,191172
7290018921654,false,תחליב רחצה לגוף מועש,,,תחליב רחצה לגוף מועש,מיליליטרים,700.00,"100 מ""ל",false,,16.90,0.0241,true,1,191174
7290018925065,false,פרימור מיץ תפוזים סח,,,פרימור מיץ תפוזים סח,ארגז,2.00,ליטר,false,,27.90,13.9500,true,1,174038
7290018925089,false,פרימור מיץ תפוחים צל,,,פרימור מיץ תפוחים צל,ארגז,2.00,ליטר,false,,27.90,13.9500,true,1,174052
7290018925409,false,משקה קל לימון אננס פ,,,משקה קל לימון אננס פ,מיליליטרים,400.00,"100 מ""ל",false,,7.90,0.0197,true,1,423321
7290018925416,false,משקה קל לימון פסיפלו,,,משקה קל לימון פסיפלו,מיליליטרים,400.00,"100 מ""ל",false,,7.90,0.0197,true,1,423336
7290018989005,false,פולפה טבעית יכין  3*,,,פולפה טבעית יכין  3*,אלף,1.20,"ק""ג",false,,16.90,14.0833,true,1,219530
7290018989081,false,חומוס הבית יכין 400,,,חומוס הבית יכין 400,גרמים,400.00,100 גרם,false,,7.90,0.0198,true,1,394909
7290018989128,false,סירופ בטעם ענבים יכי,,,סירופ בטעם ענבים יכי,אין,0.00,יחידה,false,,18.90,0.0000,true,1,397393
7290019014041,false,נוזל רצפות פסגה מושל,,,נוזל רצפות פסגה מושל,ארגז,2.00,ליטר,false,,17.90,8.9500,true,1,211511
7290019014089,false,נוזל רצפות דיונה פרא,,,נוזל רצפות דיונה פרא,ארגז,2.00,ליטר,false,,17.90,8.9500,true,1,211527
7290019014348,false,קצף לניקוי והברקה ני,,,קצף לניקוי והברקה ני,מיליליטרים,500.00,"100 מ""ל",false,,29.90,0.0598,true,1,250784
7290019014386,false,קצף לניקוי והברקת רה,,,קצף לניקוי והברקת רה,מיליליטרים,500.00,"100 מ""ל",false,,29.90,0.0598,true,1,250786
7290019031000,false,WIZ מארז חמישיית ניי,,,WIZ מארז חמישיית ניי,אין,0.00,יחידה,false,,10.90,0.0000,true,1,206361
7290019031031,false,להבונים ריחניים מנגו,,,להבונים ריחניים מנגו,אין,0.00,יחידה,false,,11.90,0.0000,true,1,299690
7290019031062,false,תבנית R-2 מלבנית 7 י,,,תבנית R-2 מלבנית 7 י,אין,0.00,יחידה,false,,9.90,0.0000,true,1,269392
7290019031079,false,תבנית R-29 מרובעת קט,,,תבנית R-29 מרובעת קט,אין,0.00,יחידה,false,,9.90,0.0000,true,1,269393
7290019031086,false,תבנית R-31 גדולה 7 י,,,תבנית R-31 גדולה 7 י,אין,0.00,יחידה,false,,9.90,0.0000,true,1,269394
7290019031093,false,תבנית R-64 בינונית 7,,,תבנית R-64 בינונית 7,אין,0.00,יחידה,false,,9.90,0.0000,true,1,269395
7290019031116,false,תבנית R-99 ענקית 3 י,,,תבנית R-99 ענקית 3 י,אין,0.00,יחידה,false,,9.90,0.0000,true,1,269397
7290019031123,false,תבנית אלומינים A-14,,,תבנית אלומינים A-14,אין,0.00,יחידה,false,,9.90,0.0000,true,1,269398
7290019031147,false,WIZ תבניות מאפינס אל,,,WIZ תבניות מאפינס אל,אין,0.00,יחידה,false,,17.90,0.0000,true,1,345829
7290019031178,false,כפפות לטקס 100 יח' S,,,כפפות לטקס 100 יח' S,אין,0.00,יחידה,false,,30.90,0.0000,true,1,242470
7290019031215,false,כוסות 10OZ לשתייה חמ,,,כוסות 10OZ לשתייה חמ,אין,0.00,יחידה,false,,9.90,0.0000,true,1,283232
7290019031222,false,כוסות 12OZ לשתייה חמ,,,כוסות 12OZ לשתייה חמ,אין,0.00,יחידה,false,,11.90,0.0000,true,1,283260
7290019031239,false,כוסות 16OZ לשתייה חמ,,,כוסות 16OZ לשתייה חמ,אין,0.00,יחידה,false,,14.90,0.0000,true,1,283246
7290019031314,false,קערות אובליות לבנות,,,קערות אובליות לבנות,אין,0.00,יחידה,false,,6.90,0.0000,true,1,254966
7290019031321,false,"מרקיות 7"" לבנות 25 י",,,"מרקיות 7"" לבנות 25 י",אין,0.00,יחידה,false,,9.90,0.0000,true,1,254967
7290019031338,false,"צלחות קטנות 7"" לבנות",,,"צלחות קטנות 7"" לבנות",אין,0.00,יחידה,false,,8.90,0.0000,true,1,254981
7290019031345,false,צלחות גדולות 9 לבן 2,,,צלחות גדולות 9 לבן 2,אין,0.00,יחידה,false,,12.90,0.0000,true,1,214187
7290019031352,false,"צלחות ענקיות 10"" לבנ",,,"צלחות ענקיות 10"" לבנ",אין,0.00,יחידה,false,,23.90,0.0000,true,1,254995
7290019031369,false,"צלחות גדולות 9"" קרם",,,"צלחות גדולות 9"" קרם",אין,0.00,יחידה,false,,14.90,0.0000,true,1,254996
7290019031376,false,סבון ידיים אוקיינוס,,,סבון ידיים אוקיינוס,ליטרים,1.00,100 ליטר,false,,9.90,9.9000,true,1,254844
7290019031390,false,סבון ידיים אביבי 1 ל,,,סבון ידיים אביבי 1 ל,ליטרים,1.00,100 ליטר,false,,9.90,9.9000,true,1,254846
7290019031406,false,רביעיית מגבונים לחים,,,רביעיית מגבונים לחים,אין,0.00,יחידה,false,,9.90,0.0000,true,1,283074
7290019031413,false,נייר טואלט לח שלישיי,,,נייר טואלט לח שלישיי,אין,0.00,יחידה,false,,11.90,0.0000,true,1,283008
7290019031420,false,אל סבון נוזלי שלישיי,,,אל סבון נוזלי שלישיי,מיליליטרים,500.00,"100 מ""ל",false,,11.90,0.0238,true,1,282955
7290019031437,false,אשפתון 65X75  XL חזק,,,אשפתון 65X75  XL חזק,אין,0.00,יחידה,false,,18.90,0.0000,true,1,326354
7290019031444,false,אשפתון 65X54 XL חזקו,,,אשפתון 65X54 XL חזקו,אין,0.00,יחידה,false,,17.90,0.0000,true,1,326355
7290019031475,false,WIZ צלחות מתכלות גדו,,,WIZ צלחות מתכלות גדו,אין,0.00,יחידה,false,,9.90,0.0000,true,1,422163
7290019031543,false,שמן זית כתית מעולה א,,,שמן זית כתית מעולה א,מיליליטרים,750.00,"100 מ""ל",false,,29.90,0.0399,true,1,282162
7290019031604,false,מארז 5 מכלים + מכסים,,,מארז 5 מכלים + מכסים,ארגז,1.00,ליטר,false,,9.90,9.9000,true,1,272214
7290019031611,false,מארז 4 מכלים + מכסים,,,מארז 4 מכלים + מכסים,ארגז,1.00,ליטר,false,,9.90,9.9000,true,1,272308
7290019031642,false,WIZ צלחות ענקיות שקו,,,WIZ צלחות ענקיות שקו,אין,0.00,יחידה,false,,21.90,0.0000,true,1,422197
7290019031659,false,WIZ צלחות גדולות  שק,,,WIZ צלחות גדולות  שק,אין,0.00,יחידה,false,,13.90,0.0000,true,1,422198
7290019031666,false,WIZ צלחות קטנות שקופ,,,WIZ צלחות קטנות שקופ,אין,0.00,יחידה,false,,9.90,0.0000,true,1,422213
7290019031673,false,"WIZ מרקיות שקופות 7""",,,"WIZ מרקיות שקופות 7""",אין,0.00,יחידה,false,,9.90,0.0000,true,1,422214
7290019031680,false,WIZ קערות אובליות שק,,,WIZ קערות אובליות שק,אין,0.00,יחידה,false,,8.90,0.0000,true,1,422215
7290019056027,false,שוופס מוגז פירות תפו,,,שוופס מוגז פירות תפו,ארגז,1.50,ליטר,false,,8.50,5.6667,true,1,156197
7290019056034,false,שוופס מוגז פירות אננ,,,שוופס מוגז פירות אננ,ארגז,1.50,ליטר,false,,8.50,5.6667,true,1,156198
7290019056041,false,שוופס מוגז פירות ללא,,,שוופס מוגז פירות ללא,ארגז,1.50,ליטר,false,,8.50,5.6667,true,1,156199
7290019056058,false,שוופס מוגז עדין תפוח,,,שוופס מוגז עדין תפוח,ארגז,1.50,ליטר,false,,8.50,5.6667,true,1,155415
7290019056065,false,שוופס מוגז עדין פירו,,,שוופס מוגז עדין פירו,ארגז,1.50,ליטר,false,,8.50,5.6667,true,1,155431
7290019056072,false,שוופס מוגז עדין אננס,,,שוופס מוגז עדין אננס,ארגז,1.50,ליטר,false,,8.50,5.6667,true,1,155446
7290019056096,false,שוופס מוגז עדין אפרס,,,שוופס מוגז עדין אפרס,ארגז,1.50,ליטר,false,,8.50,5.6667,true,1,155448
7290019056133,false,שוופס סודה נענע ליים,,,שוופס סודה נענע ליים,ארגז,1.50,ליטר,false,,3.50,2.3333,true,1,156214
7290019056164,false,שוופס סודה 4*1.5ליטר,,,שוופס סודה 4*1.5ליטר,ארגז,6.00,ליטר,false,,12.10,2.0167,true,1,155283
7290019056171,false,שוופס סודה לימון 4*1,,,שוופס סודה לימון 4*1,ארגז,6.00,ליטר,false,,12.10,2.0167,true,1,155312
7290019056188,false,שוופס סודה נענע ליים,,,שוופס סודה נענע ליים,ארגז,6.00,ליטר,false,,12.10,2.0167,true,1,155326
7290019056201,false,שוופס פירות יער סודה,,,שוופס פירות יער סודה,ארגז,6.00,ליטר,false,,12.10,2.0167,true,1,155370
7290019056232,false,שוופס ליים מוחיטו 1.,,,שוופס ליים מוחיטו 1.,ארגז,1.50,ליטר,false,,9.50,6.3333,true,1,155463
7290019056249,false,שוופס וואטר ענבים 1.,,,שוופס וואטר ענבים 1.,ארגז,1.50,ליטר,false,,8.50,5.6667,true,1,155198
7290019056256,false,שוופס וואטר בטעם תפו,,,שוופס וואטר בטעם תפו,ארגז,1.50,ליטר,false,,8.50,5.6667,true,1,155212
7290019056263,false,שוופס וואטר אפרסק 1.,,,שוופס וואטר אפרסק 1.,ארגז,1.50,ליטר,false,,8.50,5.6667,true,1,155227
7290019056270,false,שוופס וואטר פירות יע,,,שוופס וואטר פירות יע,ארגז,1.50,ליטר,false,,8.50,5.6667,true,1,160747
7290019056300,false,שוופס ביטר לימון 1.5,,,שוופס ביטר לימון 1.5,ארגז,1.50,ליטר,false,,12.50,8.3333,true,1,156256
7290019056317,false,שוופס ראשן 1.5 ליטר,,,שוופס ראשן 1.5 ליטר,ארגז,1.50,ליטר,false,,12.50,8.3333,true,1,156257
7290019056324,false,שוופס מי טוניק 1.5 ל,,,שוופס מי טוניק 1.5 ל,ארגז,1.50,ליטר,false,,12.50,8.3333,true,1,156271
7290019056331,false,שוופס טוניק ללא סוכר,,,שוופס טוניק ללא סוכר,ארגז,1.50,ליטר,false,,11.90,7.9333,true,1,156272
7290019056355,false,תפוזינה לימונדה נענע,,,תפוזינה לימונדה נענע,ארגז,1.50,ליטר,false,,8.50,5.6667,true,1,154697
7290019056362,false,תפוזינה ענבים 1.5 לי,,,תפוזינה ענבים 1.5 לי,ארגז,1.50,ליטר,false,,8.50,5.6667,true,1,154838
7290019056379,false,תפוזינה תפוזים 1.5 ל,,,תפוזינה תפוזים 1.5 ל,ארגז,1.50,ליטר,false,,8.50,5.6667,true,1,154896
7290019056393,false,תפוזינה תות בננה 1.5,,,תפוזינה תות בננה 1.5,ארגז,1.50,ליטר,false,,8.50,5.6667,true,1,154930
7290019056409,false,תפוזינה מנגו עסיסי 1,,,תפוזינה מנגו עסיסי 1,ארגז,1.50,ליטר,false,,8.50,5.6667,true,1,154931
7290019056416,false,תפוזינה לימונדה 1.5,,,תפוזינה לימונדה 1.5,ארגז,1.50,ליטר,false,,8.50,5.6667,true,1,154946
7290019056423,false,תפוזינה תפוח רענן 1.,,,תפוזינה תפוח רענן 1.,ארגז,1.50,ליטר,false,,8.50,5.6667,true,1,154986
7290019056430,false,תפוזינה תפוז 1.5 ליט,,,תפוזינה תפוז 1.5 ליט,ארגז,1.50,ליטר,false,,7.90,5.2667,true,1,155013
7290019056447,false,תפוזינה אשכוליות 1.5,,,תפוזינה אשכוליות 1.5,ארגז,1.50,ליטר,false,,7.90,5.2667,true,1,155027
7290019056508,false,פרוט ווטר ענבים 1.5,,,פרוט ווטר ענבים 1.5,ארגז,1.50,ליטר,false,,8.90,5.9333,true,1,155113
7290019056515,false,פרוט ווטר אננס 1.5 ל,,,פרוט ווטר אננס 1.5 ל,ארגז,1.50,ליטר,false,,8.90,5.9333,true,1,155154
7290019056522,false,פרוט ווטר תות 1.5 לי,,,פרוט ווטר תות 1.5 לי,ארגז,1.50,ליטר,false,,8.90,5.9333,true,1,155169
7290019056539,false,פרוט ווטר אפרסק 1.5,,,פרוט ווטר אפרסק 1.5,ארגז,1.50,ליטר,false,,8.90,5.9333,true,1,155183
7290019056546,false,פרוט ווטר אבטיח 1.5,,,פרוט ווטר אבטיח 1.5,ארגז,1.50,ליטר,false,,8.90,5.9333,true,1,155184
7290019056553,false,עין גדי מים מינרלים,,,עין גדי מים מינרלים,ארגז,12.00,ליטר,false,,13.30,1.1083,true,1,156438
7290019056560,false,עין גדי מים מינרלים,,,עין גדי מים מינרלים,ארגז,2.00,ליטר,false,,3.50,1.7500,true,1,156439
7290019056577,false,ספרינג מנגו 1.5 ליטר,,,ספרינג מנגו 1.5 ליטר,ארגז,1.50,ליטר,false,,8.50,5.6667,true,1,154517
7290019056584,false,ספרינג תפוזים 1.5 לי,,,ספרינג תפוזים 1.5 לי,ארגז,1.50,ליטר,false,,8.50,5.6667,true,1,154560
7290019056591,false,ספרינג ענבים 1.5 ליט,,,ספרינג ענבים 1.5 ליט,ארגז,1.50,ליטר,false,,8.50,5.6667,true,1,154574
7290019056607,false,ספרינג תפוחים 1.5 לי,,,ספרינג תפוחים 1.5 לי,ארגז,1.50,ליטר,false,,8.50,5.6667,true,1,154575
7290019056614,false,ספרינג אפרסק 1.5 ליט,,,ספרינג אפרסק 1.5 ליט,ארגז,1.50,ליטר,false,,8.50,5.6667,true,1,154589
7290019056621,false,ספרינג פירות טרופיים,,,ספרינג פירות טרופיים,ארגז,1.50,ליטר,false,,8.50,5.6667,true,1,154590
7290019056638,false,ספרינג תות בננה 1.5,,,ספרינג תות בננה 1.5,ארגז,1.50,ליטר,false,,8.50,5.6667,true,1,154591
7290019056645,false,ספרינג אגס סברס תפוח,,,ספרינג אגס סברס תפוח,ארגז,1.50,ליטר,false,,8.50,5.6667,true,1,154607
7290019056652,false,ספרינג אננס בננה 1.5,,,ספרינג אננס בננה 1.5,ארגז,1.50,ליטר,false,,8.50,5.6667,true,1,154657
7290019056669,false,ספרינג תפוחים דיאט 1,,,ספרינג תפוחים דיאט 1,ארגז,1.50,ליטר,false,,7.90,5.2667,true,1,154678
7290019056676,false,ספרינג דיאט אשכוליות,,,ספרינג דיאט אשכוליות,ארגז,1.50,ליטר,false,,7.90,5.2667,true,1,183303
7290019056720,false,קריסטל מיץ ענבים 2 ל,,,קריסטל מיץ ענבים 2 ל,ארגז,2.00,ליטר,false,,7.90,3.9500,true,1,156273
7290019056737,false,קריסטל מיץ אשכוליות,,,קריסטל מיץ אשכוליות,ארגז,2.00,ליטר,false,,7.90,3.9500,true,1,156287
7290019056744,false,קריסטל מיץ תפוזים 2,,,קריסטל מיץ תפוזים 2,ארגז,2.00,ליטר,false,,7.90,3.9500,true,1,156288
7290019056751,false,קריסטל דיאט מיץ אשכו,,,קריסטל דיאט מיץ אשכו,ארגז,2.00,ליטר,false,,6.90,3.4500,true,1,156302
7290019056768,false,קריסטל מיץ מנגו 2 לי,,,קריסטל מיץ מנגו 2 לי,ארגז,2.00,ליטר,false,,7.90,3.9500,true,1,156303
7290019056775,false,קריסטל ענבים מוגז 2,,,קריסטל ענבים מוגז 2,ארגז,2.00,ליטר,false,,7.90,3.9500,true,1,156304
7290019056782,false,קריסטל למון ליים 2 ל,,,קריסטל למון ליים 2 ל,ארגז,2.00,ליטר,false,,7.90,3.9500,true,1,156318
7290019056799,false,קריסטל אקזוטי 2 ליטר,,,קריסטל אקזוטי 2 ליטר,ארגז,2.00,ליטר,false,,7.90,3.9500,true,1,156319
7290019056805,false,משקה מוגז קריסטל תפו,,,משקה מוגז קריסטל תפו,ארגז,2.00,ליטר,false,,7.90,3.9500,true,1,156336
7290019056812,false,קריסטל מנטה 2 ליטר,,,קריסטל מנטה 2 ליטר,ארגז,2.00,ליטר,false,,7.90,3.9500,true,1,156337
7290019056836,false,תות קריסטל 2 ליטר,,,תות קריסטל 2 ליטר,ארגז,2.00,ליטר,false,,7.90,3.9500,true,1,156352
7290019056959,false,מי עדן 1.5 ליטר,,,מי עדן 1.5 ליטר,ארגז,1.50,ליטר,false,,3.90,2.6000,true,1,183304
7290019056973,false,מי עדן 6*1.5 ליטר,,,מי עדן 6*1.5 ליטר,ארגז,9.00,ליטר,false,,12.90,1.4333,true,1,156382
7290019075899,false,קמיל בלו אקסטרה סופט,,,קמיל בלו אקסטרה סופט,ליטרים,1000.00,100 ליטר,false,,32.90,0.0329,true,1,420458
7290019153214,false,שוופס פחית מנטה 330,,,שוופס פחית מנטה 330,מיליליטרים,330.00,"100 מ""ל",false,,4.50,0.0136,true,1,382687
7290019153252,false,שוופס סודה תפוח 4*1.,,,שוופס סודה תפוח 4*1.,ארגז,6.00,ליטר,false,,12.10,2.0167,true,1,337026
7290019153269,false,שוופס סודה אננס 4*1.,,,שוופס סודה אננס 4*1.,ארגז,6.00,ליטר,false,,12.10,2.0167,true,1,337027
7290019153313,false,פרוט & וג' תפוח חמוצ,,,פרוט & וג' תפוח חמוצ,מיליליטרים,330.00,"100 מ""ל",false,,7.90,0.0239,true,1,382714
7290019153375,false,תפוזינה מוחיטו 1.5 ל,,,תפוזינה מוחיטו 1.5 ל,ארגז,1.50,ליטר,false,,8.50,5.6667,true,1,363245
7290019203001,false,טורטייה מעדשים כתומו,,,טורטייה מעדשים כתומו,גרמים,180.00,100 גרם,false,,23.90,0.1328,true,1,296015
7290019203018,false,טורטייה מחומוס מונבט,,,טורטייה מחומוס מונבט,גרמים,180.00,100 גרם,false,,23.90,0.1328,true,1,296016
7290019204305,false,פסטרמה ברביקיו עוף ט,,,פסטרמה ברביקיו עוף ט,גרמים,350.00,100 גרם,false,,24.90,0.0711,true,1,429952
7290019230007,false,חלה כוסמין ארוזה ביי,,,חלה כוסמין ארוזה ביי,גרמים,500.00,100 גרם,false,,15.90,0.0318,true,1,160950
7290019230014,false,חלה קמח מלא ארוזה בי,,,חלה קמח מלא ארוזה בי,גרמים,500.00,100 גרם,false,,15.90,0.0318,true,1,160951
7290019230021,false,חלה גדולה ארוזה בייק,,,חלה גדולה ארוזה בייק,גרמים,500.00,100 גרם,false,,13.90,0.0278,true,1,160965
7290019233008,false,רוטב עגבניות עם קובי,,,רוטב עגבניות עם קובי,גרמים,420.00,100 גרם,false,,13.90,0.0331,true,1,424256
7290019233046,false,זית קלמטה בלונד עם ש,,,זית קלמטה בלונד עם ש,גרמים,215.00,100 גרם,false,,11.90,0.0553,true,1,242527
7290019245001,false,שמן קנולה אלומות 1 ל,,,שמן קנולה אלומות 1 ל,ארגז,1.00,ליטר,false,,10.90,10.9000,true,1,319995
7290019297161,false,טורטיות ראפ מקמח תיר,,,טורטיות ראפ מקמח תיר,גרמים,540.00,100 גרם,false,,9.90,0.0183,true,1,6209
7290019297239,false,צימוק כהה 330 גרם,,,צימוק כהה 330 גרם,גרמים,330.00,100 גרם,false,,13.90,0.0421,true,1,32706
7290019297451,false,מי ורדים שקדיה 500 מ,,,מי ורדים שקדיה 500 מ,מיליליטרים,500.00,"100 מ""ל",false,,13.90,0.0278,true,1,6211
7290019297536,false,חמאת בוטנים עם שברי,,,חמאת בוטנים עם שברי,גרמים,510.00,100 גרם,false,,11.90,0.0233,true,1,412535
7290019297543,false,חמאת בוטנים שקדיה 51,,,חמאת בוטנים שקדיה 51,גרמים,510.00,100 גרם,false,,9.90,0.0194,true,1,121625
7290019297628,false,שקד טבעי 150 גרם ששו,,,שקד טבעי 150 גרם ששו,גרמים,150.00,100 גרם,false,,13.90,0.0927,true,1,32707
7290019302414,false,מארז בירה רביעיה בלו,,,מארז בירה רביעיה בלו,ארגז,1.32,ליטר,false,,51.10,38.7121,true,1,393603
7290019303657,false,פינוקיות שומשום מיקס,,,פינוקיות שומשום מיקס,גרמים,220.00,100 גרם,false,,18.90,0.0859,true,1,441144
7290019303756,false,פינוקיות שומשום וגרע,,,פינוקיות שומשום וגרע,גרמים,220.00,100 גרם,false,,18.90,0.0859,true,1,441160
7290019308027,false,שעועית ירוקה שלמה עד,,,שעועית ירוקה שלמה עד,גרמים,800.00,100 גרם,false,,7.20,0.0090,true,1,445498
7290019308058,false,שעועית ירוקה חתוכה 8,,,שעועית ירוקה חתוכה 8,גרמים,800.00,100 גרם,false,,7.20,0.0090,true,1,416820
7290019319382,false,פירות קפואים 400 גרם,,,פירות קפואים 400 גרם,גרמים,400.00,100 גרם,false,,16.90,0.0422,true,1,332583
7290019393061,false,קמח כוסמין מלא מנופה,,,קמח כוסמין מלא מנופה,אלף,1.00,"ק""ג",false,,16.90,16.9000,true,1,451965
7290022005562,false,פירורי לחם עם שום קר,,,פירורי לחם עם שום קר,גרמים,300.00,100 גרם,false,,7.90,0.0263,true,1,355578
7290100240137,false,בדין תרסיס למייבש כב,,,בדין תרסיס למייבש כב,מיליליטרים,500.00,"100 מ""ל",false,,14.90,0.0298,true,1,9101
7290100240144,false,בדין תרסיס למייבש כב,,,בדין תרסיס למייבש כב,מיליליטרים,500.00,"100 מ""ל",false,,14.90,0.0298,true,1,9102
7290100240632,false,פתית 6 דגנים תלמה 25,,,פתית 6 דגנים תלמה 25,גרמים,250.00,100 גרם,false,,16.90,0.0676,true,1,9103
7290100240656,false,פתית שיפון תלמה 300,,,פתית שיפון תלמה 300,גרמים,300.00,100 גרם,false,,16.90,0.0563,true,1,9104
7290100243671,false,בדין אקסטרא כחול-960,,,בדין אקסטרא כחול-960,מיליליטרים,960.00,"100 מ""ל",false,,15.90,0.0166,true,1,9106
7290100245231,false,נמס בכוס ועוד טעם עו,,,נמס בכוס ועוד טעם עו,גרמים,50.00,100 גרם,false,,6.90,0.1380,true,1,9107
7290100249598,false,רוטב לעוף שום ודבש ב,,,רוטב לעוף שום ודבש ב,גרמים,310.00,100 גרם,false,,10.50,0.0339,true,1,9121
7290100249659,false,רוטב לעוף צילי שום ב,,,רוטב לעוף צילי שום ב,גרמים,310.00,100 גרם,false,,10.50,0.0339,true,1,9122
7290100411278,false,תפוח ואגס 190גרם BEL,,,תפוח ואגס 190גרם BEL,גרמים,190.00,100 גרם,false,,5.90,0.0311,true,1,18936
7290100412343,false,מגבונים לניקוי וחיטו,,,מגבונים לניקוי וחיטו,אין,0.00,יחידה,false,,8.90,0.0000,true,1,18939
7290100412442,false,קוויק מגבונים לניקוי,,,קוויק מגבונים לניקוי,אין,0.00,יחידה,false,,8.90,0.0000,true,1,18941
7290100412459,false,מגבונים לניקוי וחיטו,,,מגבונים לניקוי וחיטו,אין,0.00,יחידה,false,,8.90,0.0000,true,1,18942
7290100412770,false,תחליב רחצה קלאסי מאס,,,תחליב רחצה קלאסי מאס,מיליליטרים,700.00,"100 מ""ל",false,,14.90,0.0213,true,1,18949
7290100412800,false,תחליב רחצה עור יבש פ,,,תחליב רחצה עור יבש פ,מיליליטרים,700.00,"100 מ""ל",false,,14.90,0.0213,true,1,1683
7290100412831,false,תחליב רחצה אנטי איגי,,,תחליב רחצה אנטי איגי,מיליליטרים,700.00,"100 מ""ל",false,,14.90,0.0213,true,1,18951
7290100570234,false,אביזרי מטבח,,,אביזרי מטבח,אין,0.00,יחידה,false,,12.90,0.0000,true,1,21904
7290100572146,false,כ.סט מקפיאון,,,כ.סט מקפיאון,אין,0.00,יחידה,false,,24.90,0.0000,true,1,21911
7290100572368,false,אביזרי מטבח,,,אביזרי מטבח,אין,0.00,יחידה,false,,19.90,0.0000,true,1,21913
7290100572702,false,אביזרי מטבח ב-11.00,,,אביזרי מטבח ב-11.00,אין,0.00,יחידה,false,,10.90,0.0000,true,1,21916
7290100573396,false,אביזרי מטבח,,,אביזרי מטבח,אין,0.00,יחידה,false,,9.90,0.0000,true,1,21918
7290100573402,false,אביזרי מטבח,,,אביזרי מטבח,אין,0.00,יחידה,false,,14.90,0.0000,true,1,21919
7290100575055,false,אבזרי מטבח,,,אבזרי מטבח,אין,0.00,יחידה,false,,29.90,0.0000,true,1,21922
7290100653586,false,דיאודורנט ליידי ספיד,,,דיאודורנט ליידי ספיד,גרמים,65.00,100 גרם,false,,17.90,0.2754,true,1,14562
7290100658338,false,פלמוליב לכלים אוקסי-,,,פלמוליב לכלים אוקסי-,מיליליטרים,750.00,"100 מ""ל",false,,11.90,0.0159,true,1,14564
7290100659090,false,פרי חטיפים ללא סוכר,,,פרי חטיפים ללא סוכר,גרמים,100.00,100 גרם,false,,14.90,0.1490,true,1,14565
7290100680650,false,מנה חמה נודלס תאילנד,,,מנה חמה נודלס תאילנד,גרמים,76.00,100 גרם,false,,5.90,0.0776,true,1,13137
7290100680667,false,מנה חמה נודלס ירקות,,,מנה חמה נודלס ירקות,גרמים,76.00,100 גרם,false,,5.90,0.0776,true,1,13138
7290100680711,false,אסם פירורית זהב 350,,,אסם פירורית זהב 350,גרמים,350.00,100 גרם,false,,7.90,0.0226,true,1,13139
7290100680728,false,פירורית רגילה שקית 3,,,פירורית רגילה שקית 3,גרמים,350.00,100 גרם,false,,7.90,0.0226,true,1,13140
7290100681015,false,אסם פודינג אינסטנט ר,,,אסם פודינג אינסטנט ר,גרמים,84.00,100 גרם,false,,5.90,0.0702,true,1,1040
7290100681138,false,אפרופו מאח 3*50 גר',,,אפרופו מאח 3*50 גר',גרמים,150.00,100 גרם,false,,12.90,0.0860,true,1,13143
7290100681503,false,סירופ דיאט לימונענע,,,סירופ דיאט לימונענע,ארגז,1.00,ליטר,false,,16.90,16.9000,true,1,13144
7290100683880,false,פירה אסם 260 גרם,,,פירה אסם 260 גרם,גרמים,260.00,100 גרם,false,,13.90,0.0535,true,1,13149
7290100684139,false,מיני מקרוני אסם 500,,,מיני מקרוני אסם 500,גרמים,500.00,100 גרם,false,,5.90,0.0118,true,1,13150
7290100685068,false,אסם פדנג.אינס.ונל.פצ,,,אסם פדנג.אינס.ונל.פצ,גרמים,110.00,100 גרם,false,,5.90,0.0536,true,1,1041
7290100685136,false,מרק בטעם עוף אסם 1 ק,,,מרק בטעם עוף אסם 1 ק,אלף,1.00,"ק""ג",false,,11.90,11.9000,true,1,13154
7290100685341,false,מרק זך טעם עוף רכיבי,,,מרק זך טעם עוף רכיבי,גרמים,400.00,100 גרם,false,,13.90,0.0348,true,1,13157
7290100685600,false,פירורית זהב חיטה מלא,,,פירורית זהב חיטה מלא,גרמים,200.00,100 גרם,false,,7.90,0.0395,true,1,13159
7290100686171,false,ביסלי גריל מאח.8 6*3,,,ביסלי גריל מאח.8 6*3,גרמים,210.00,100 גרם,false,,12.90,0.0614,true,1,13162
7290100687109,false,במבה במילוי קרם נוגט,,,במבה במילוי קרם נוגט,גרמים,60.00,100 גרם,false,,4.50,0.0750,true,1,1339
7290100689301,false,מרק בטעם עוף זך אסם,,,מרק בטעם עוף זך אסם,גרמים,400.00,100 גרם,false,,13.90,0.0348,true,1,13164
7290100700006,false,"סוגת חיטה 1 ק""ג",,,"סוגת חיטה 1 ק""ג",אלף,1.00,"ק""ג",false,,8.90,8.9000,true,1,12347
7290100700020,false,סוגת גריסי פנינה 500,,,סוגת גריסי פנינה 500,גרמים,500.00,100 גרם,false,,4.90,0.0098,true,1,12348
7290100700075,false,פירורי לחם מוזהבים ש,,,פירורי לחם מוזהבים ש,גרמים,200.00,100 גרם,false,,3.90,0.0195,true,1,12349
7290100700242,false,סוגת אורז מלא עגול 1,,,סוגת אורז מלא עגול 1,אלף,1.00,"ק""ג",false,,9.90,9.9000,true,1,12350
7290100700273,false,קינואה סוגת 500 גרם,,,קינואה סוגת 500 גרם,גרמים,500.00,100 גרם,false,,12.90,0.0258,true,1,12352
7290100700310,false,כוסמת 1 ק'ג,,,כוסמת 1 ק'ג,אלף,1.00,"ק""ג",false,,14.90,14.9000,true,1,12353
7290100700334,false,סוגת קינואה 1קג,,,סוגת קינואה 1קג,אלף,1.00,"ק""ג",false,,19.90,19.9000,true,1,12354
7290100700372,false,אורז בסמטי מלא 1 ק'ג,,,אורז בסמטי מלא 1 ק'ג,אלף,1.00,"ק""ג",false,,10.00,10.0000,true,1,12355
7290100700389,false,אורז אדום 1 ק'ג,,,אורז אדום 1 ק'ג,אלף,1.00,"ק""ג",false,,12.90,12.9000,true,1,12356
7290100700396,false,סוגת אורז יסמין קלאס,,,סוגת אורז יסמין קלאס,אלף,1.00,"ק""ג",false,,11.90,11.9000,true,1,12357
7290100700402,false,חומוס ענק 1 ק'ג,,,חומוס ענק 1 ק'ג,אלף,1.00,"ק""ג",false,,19.90,19.9000,true,1,12358
7290100700563,false,אורז מיקס קלאסי 1 ק',,,אורז מיקס קלאסי 1 ק',אלף,1.00,"ק""ג",false,,12.90,12.9000,true,1,12361
7290100700587,false,סוגת בורגול 500 גר,,,סוגת בורגול 500 גר,גרמים,500.00,100 גרם,false,,5.90,0.0118,true,1,12362
7290100701157,false,אורז סושי 1 קג,,,אורז סושי 1 קג,אלף,1.00,"ק""ג",false,,11.90,11.9000,true,1,12363
7290100701300,false,סוגת קינואה אדומה 50,,,סוגת קינואה אדומה 50,גרמים,500.00,100 גרם,false,,12.90,0.0258,true,1,140022
7290100701331,false,קמח רב תכליתי סוגת,,,קמח רב תכליתי סוגת,אלף,1.00,"ק""ג",false,,6.90,6.9000,true,1,12365
7290100701454,false,גרישה 500 גרם,,,גרישה 500 גרם,גרמים,500.00,100 גרם,false,,5.90,0.0118,true,1,12369
7290100701577,false,קמח לחם מועשר בויטמי,,,קמח לחם מועשר בויטמי,אלף,1.00,"ק""ג",false,,6.90,6.9000,true,1,12370
7290100701874,false,"קמח כוסמין סוגת 1 ק""",,,"קמח כוסמין סוגת 1 ק""",אלף,1.00,"ק""ג",false,,12.90,12.9000,true,1,12371
7290100701881,false,קמח פיצה ופוקצה סוגת,,,קמח פיצה ופוקצה סוגת,אלף,1.00,"ק""ג",false,,6.90,6.9000,true,1,12372
7290100702277,false,קוסקוס עבה סוגת 350,,,קוסקוס עבה סוגת 350,גרמים,350.00,100 גרם,false,,4.80,0.0137,true,1,12374
7290100702284,false,קוסקוס מלא סוגת 350,,,קוסקוס מלא סוגת 350,גרמים,350.00,100 גרם,false,,4.80,0.0137,true,1,12375
7290100702611,false,פתיתים אפויים אורז ס,,,פתיתים אפויים אורז ס,גרמים,500.00,100 גרם,false,,4.90,0.0098,true,1,12379
7290100702628,false,פתיתים אפויים קוסקוס,,,פתיתים אפויים קוסקוס,גרמים,500.00,100 גרם,false,,4.90,0.0098,true,1,12380
7290100702635,false,פתיתים אפויים כוכבים,,,פתיתים אפויים כוכבים,גרמים,500.00,100 גרם,false,,4.90,0.0098,true,1,12381
7290100702741,false,סוכר חום בהיר בצנצנת,,,סוכר חום בהיר בצנצנת,אלף,1.00,"ק""ג",false,,12.90,12.9000,true,1,12387
7290100702987,false,פתיתי שיבולת שועל סו,,,פתיתי שיבולת שועל סו,גרמים,500.00,100 גרם,false,,5.90,0.0118,true,1,12393
7290100702994,false,סוכר דמררה בשקית סוג,,,סוכר דמררה בשקית סוג,גרמים,500.00,100 גרם,false,,6.90,0.0138,true,1,12394
7290100703007,false,סוגת עדשים שחורות בל,,,סוגת עדשים שחורות בל,גרמים,500.00,100 גרם,false,,6.50,0.0130,true,1,12395
7290100703533,false,קמח קסם רב תכליתי סו,,,קמח קסם רב תכליתי סו,אלף,1.00,"ק""ג",false,,7.90,7.9000,true,1,12400
7290100703564,false,שיבולת שועל עבה סוגת,,,שיבולת שועל עבה סוגת,גרמים,500.00,100 גרם,false,,5.90,0.0118,true,1,12402
7290100703632,false,קמח מלא ללא ניפוי סו,,,קמח מלא ללא ניפוי סו,אלף,1.00,"ק""ג",false,,7.90,7.9000,true,1,12404
7290100703915,false,מארז פופקורן למיקרוג,,,מארז פופקורן למיקרוג,גרמים,540.00,100 גרם,false,,9.90,0.0183,true,1,12413
7290100703922,false,מארז פופקורן למיקרוג,,,מארז פופקורן למיקרוג,גרמים,540.00,100 גרם,false,,9.90,0.0183,true,1,12414
7290100704578,false,קמח כוסמין לבן סוגת,,,קמח כוסמין לבן סוגת,אלף,1.00,"ק""ג",false,,12.90,12.9000,true,1,64282
7290100704608,false,שעועית לבנה עדינה 50,,,שעועית לבנה עדינה 50,גרמים,500.00,100 גרם,false,,6.90,0.0138,true,1,101477
7290100704615,false,סוכר לבן דק דק בצנצנ,,,סוכר לבן דק דק בצנצנ,גרמים,500.00,100 גרם,false,,7.90,0.0158,true,1,148077
7290100704660,false,קינואה מיקס סוגת 500,,,קינואה מיקס סוגת 500,גרמים,500.00,100 גרם,false,,12.90,0.0258,true,1,80605
7290100850909,false,דוריטוס נאצו מקסיקני,,,דוריטוס נאצו מקסיקני,גרמים,70.00,100 גרם,false,,3.60,0.0514,true,1,15903
7290100850916,false,דוריטוס חמוץ חריף 70,,,דוריטוס חמוץ חריף 70,גרמים,70.00,100 גרם,false,,3.60,0.0514,true,1,15904
7290100850923,false,דוריטוס גריל 70 גרם,,,דוריטוס גריל 70 גרם,גרמים,70.00,100 גרם,false,,3.60,0.0514,true,1,15905
7290100850930,false,דוריטוס טבעי 70 גרם,,,דוריטוס טבעי 70 גרם,גרמים,70.00,100 גרם,false,,3.60,0.0514,true,1,15906
7290100858592,false,עלית קקאו 150ג,,,עלית קקאו 150ג,גרמים,150.00,100 גרם,false,,9.90,0.0660,true,1,15004
7290100858608,false,עלית קקאו 500ג,,,עלית קקאו 500ג,גרמים,500.00,100 גרם,false,,23.90,0.0478,true,1,15005
7290100921418,false,מרכך קרטין מחזק הווא,,,מרכך קרטין מחזק הווא,מיליליטרים,700.00,"100 מ""ל",false,,9.90,0.0141,true,1,7954
7290100921609,false,סוד סבון 4 כדוריות ל,,,סוד סבון 4 כדוריות ל,גרמים,50.00,100 גרם,false,,7.90,0.1580,true,1,22420
7290100921623,false,סוד סבון 4 כדוריות ל,,,סוד סבון 4 כדוריות ל,גרמים,50.00,100 גרם,false,,7.90,0.1580,true,1,22422
7290100922569,false,80*3 ולוטה קרם ידיים,,,80*3 ולוטה קרם ידיים,מיליליטרים,300.00,"100 מ""ל",false,,19.90,0.0663,true,1,120006
7290100922637,false,הוואי אל סבון נוזלי,,,הוואי אל סבון נוזלי,ארגז,1.50,ליטר,false,,14.90,9.9333,true,1,7961
7290100924204,false,פרסיל אבקת כביסה 8 ק,,,פרסיל אבקת כביסה 8 ק,אלף,8.00,"ק""ג",false,,50.90,6.3625,true,1,22423
7290100924457,false,סוד סבון 4 כדוריות ל,,,סוד סבון 4 כדוריות ל,גרמים,150.00,100 גרם,false,,16.90,0.1127,true,1,22424
7290100924464,false,סוד סבון 4 כדוריות ל,,,סוד סבון 4 כדוריות ל,גרמים,150.00,100 גרם,false,,16.90,0.1127,true,1,22425
7290100925676,false,קולור קאצ'ר 20 דפים,,,קולור קאצ'ר 20 דפים,אין,0.00,יחידה,false,,22.90,0.0000,true,1,22433
7290100926147,false,אבקת כביסה פרסיל קול,,,אבקת כביסה פרסיל קול,אלף,2.50,"ק""ג",false,,26.90,10.7600,true,1,22435
7290100926598,false,פרסיל אבקת כביסה 5 ק,,,פרסיל אבקת כביסה 5 ק,אלף,5.00,"ק""ג",false,,43.90,8.7800,true,1,22436
7290101110279,false,בליסימו בטעם שוקולד,,,בליסימו בטעם שוקולד,ארגז,1.30,ליטר,false,,21.90,16.8462,true,1,67282
7290101110460,false,בליסימו בטעם וניל צר,,,בליסימו בטעם וניל צר,ארגז,1.30,ליטר,false,,21.90,16.8462,true,1,67283
7290101110811,false,גלידל מאגדת בטעם פסי,,,גלידל מאגדת בטעם פסי,גרמים,600.00,100 גרם,false,,31.90,0.0532,true,1,22868
7290101112600,false,בליסימו בטעם מילקשיי,,,בליסימו בטעם מילקשיי,ארגז,1.30,ליטר,false,,21.90,16.8462,true,1,67284
7290101112921,false,פופסיקל בטעם פירות ט,,,פופסיקל בטעם פירות ט,גרמים,640.00,100 גרם,false,,24.90,0.0389,true,1,67163
7290101113157,false,גלידל חלבי וניל עוגי,,,גלידל חלבי וניל עוגי,גרמים,672.00,100 גרם,false,,25.90,0.0385,true,1,22874
7290101113430,false,מאגדת גלידל סירופ שו,,,מאגדת גלידל סירופ שו,גרמים,312.00,100 גרם,false,,25.90,0.0830,true,1,67393
7290101113591,false,מאגדת טילון  YOLO בט,,,מאגדת טילון  YOLO בט,גרמים,400.00,100 גרם,false,,24.90,0.0622,true,1,67420
7290101113638,false,מאגדת סנקור ארוך 8 י,,,מאגדת סנקור ארוך 8 י,גרמים,560.00,100 גרם,false,,31.90,0.0570,true,1,67446
7290101113768,false,מאגדת רביעייה שלגון,,,מאגדת רביעייה שלגון,גרמים,200.00,100 גרם,false,,19.90,0.0995,true,1,264700
7290101113904,false,מנבו וניל 12 יח 288,,,מנבו וניל 12 יח 288,גרמים,288.00,100 גרם,false,,20.90,0.0726,true,1,448164
7290101459880,false,נרות אותיות- יום הול,,,נרות אותיות- יום הול,אין,0.00,יחידה,false,,9.90,0.0000,true,1,20872
7290101501237,true,עגבניה מגי -בטעם של,,,עגבניה מגי -בטעם של,קילוגרמים,1.00,"ק""ג",true,,14.90,14.9000,true,1,365475
7290101551027,false,קפסולות אספרסו 14 למ,,,קפסולות אספרסו 14 למ,גרמים,50.00,100 גרם,false,,16.90,0.3380,true,1,15006
7290101551263,false,סילאן טבעי יד מרדכי,,,סילאן טבעי יד מרדכי,גרמים,700.00,100 גרם,false,,19.90,0.0284,true,1,15008
7290101551300,false,סילאן טבעי לחיץ יד מ,,,סילאן טבעי לחיץ יד מ,גרמים,380.00,100 גרם,false,,13.90,0.0366,true,1,15009
7290101551539,false,דנונה פרו 20 אפרסק 2,,,דנונה פרו 20 אפרסק 2,גרמים,200.00,100 גרם,false,,5.90,0.0295,true,1,15543
7290101551584,false,מארז תפוצ'יפס קידס 1,,,מארז תפוצ'יפס קידס 1,גרמים,200.00,100 גרם,false,,12.90,0.0645,true,1,15908
7290101551614,false,מארז צ'יטוס קראנצ' ג,,,מארז צ'יטוס קראנצ' ג,גרמים,240.00,100 גרם,false,,13.90,0.0579,true,1,15910
7290101551638,false,מארז צ'יטוס כאפה 10*,,,מארז צ'יטוס כאפה 10*,גרמים,200.00,100 גרם,false,,12.90,0.0645,true,1,1407
7290101863410,false,סיליט באנג ספריי אקו,,,סיליט באנג ספריי אקו,מיליליטרים,750.00,"100 מ""ל",false,,14.90,0.0199,true,1,14239
7290101864127,false,קליה אוקסי ספריי 750,,,קליה אוקסי ספריי 750,מיליליטרים,750.00,"100 מ""ל",false,,16.90,0.0225,true,1,14241
7290101865261,false,פיניש הברקה 800 מל,,,פיניש הברקה 800 מל,מיליליטרים,800.00,"100 מ""ל",false,,19.90,0.0249,true,1,14244
7290101866633,false,וניש קליה ג'ל 3 ליטר,,,וניש קליה ג'ל 3 ליטר,ארגז,3.00,ליטר,false,,29.90,9.9667,true,1,14247
7290101866787,false,וניש נוזל מסיר כתמים,,,וניש נוזל מסיר כתמים,ארגז,3.00,ליטר,false,,29.90,9.9667,true,1,14248
7290101868958,false,פיניש נוזל הברקה לימ,,,פיניש נוזל הברקה לימ,מיליליטרים,800.00,"100 מ""ל",false,,19.90,0.0249,true,1,14251
7290101869702,false,פיניש ג'ל 600 מלAIO,,,פיניש ג'ל 600 מלAIO,מיליליטרים,600.00,"100 מ""ל",false,,32.90,0.0548,true,1,14255
7290101869726,false,ג'ל 1 ליטר AIO פיניש,,,ג'ל 1 ליטר AIO פיניש,ארגז,1.00,ליטר,false,,42.90,42.9000,true,1,14257
7290101869733,false,ג'ל 1 ליטר לימון AIO,,,ג'ל 1 ליטר לימון AIO,ארגז,1.00,ליטר,false,,42.90,42.9000,true,1,14258
7290101869788,false,איירוויק מילוי מבשם,,,איירוויק מילוי מבשם,מיליליטרים,250.00,"100 מ""ל",false,,15.90,0.0636,true,1,14263
7290101869825,false,איירוויק מילוי מבשם,,,איירוויק מילוי מבשם,מיליליטרים,19.00,"100 מ""ל",false,,16.90,0.8895,true,1,14267
7290101869917,false,איירוויק מילוי מבשם,,,איירוויק מילוי מבשם,מיליליטרים,250.00,"100 מ""ל",false,,15.90,0.0636,true,1,14270
7290101985365,false,בקבוק אלומיניום גדול,,,בקבוק אלומיניום גדול,אין,0.00,יחידה,false,,22.50,0.0000,true,1,20905
7290101999720,false,נרות מטה לבבות פו,,,נרות מטה לבבות פו,אין,0.00,יחידה,false,,7.50,0.0000,true,1,21017
7290102030330,false,תפוצ'יפס קראנץ מקסיק,,,תפוצ'יפס קראנץ מקסיק,גרמים,200.00,100 גרם,false,,9.90,0.0495,true,1,15912
7290102031276,false,אקטימל תות בננה 8*10,,,אקטימל תות בננה 8*10,מיליליטרים,800.00,"100 מ""ל",false,,19.90,0.0249,true,1,15549
7290102032334,false,קפה נמס עלית בטעם ונ,,,קפה נמס עלית בטעם ונ,גרמים,200.00,100 גרם,false,,19.90,0.0995,true,1,15011
7290102060764,false,זוג מברשות שיניים עד,,,זוג מברשות שיניים עד,אין,0.00,יחידה,false,,35.90,0.0000,true,1,2413
7290102062195,false,אלמקס משחת שיניים אל,,,אלמקס משחת שיניים אל,מיליליטרים,75.00,"100 מ""ל",false,,15.90,0.2120,true,1,2414
7290102300822,false,סיימן גבינת צדר אנגל,,,סיימן גבינת צדר אנגל,גרמים,200.00,100 גרם,false,,23.90,0.1195,true,1,12233
7290102300860,false,שביק גבינת צדר אנגלי,,,שביק גבינת צדר אנגלי,גרמים,200.00,100 גרם,false,,23.90,0.1195,true,1,12234
7290102302246,false,גבינת גאודה 200 גר',,,גבינת גאודה 200 גר',גרמים,200.00,100 גרם,false,,22.90,0.1145,true,1,12236
7290102302864,false,גבינה הולנדית חצי קש,,,גבינה הולנדית חצי קש,גרמים,200.00,100 גרם,false,,29.90,0.1495,true,1,323224
7290102302888,false,גבינה הולנדית עם כמו,,,גבינה הולנדית עם כמו,גרמים,200.00,100 גרם,false,,29.90,0.1495,true,1,323209
7290102302932,false,גבינה טבעונית קלאסית,,,גבינה טבעונית קלאסית,גרמים,150.00,100 גרם,false,,23.90,0.1593,true,1,39725
7290102303878,false,חמאת נורמנדי 200 גרם,,,חמאת נורמנדי 200 גרם,גרמים,200.00,100 גרם,false,,21.90,0.1095,true,1,323238
7290102390427,false,מולר פרופ תות 3% 150,,,מולר פרופ תות 3% 150,גרמים,150.00,100 גרם,false,,4.90,0.0327,true,1,6950
7290102390465,false,מולר פרופ אפרסק פסיפ,,,מולר פרופ אפרסק פסיפ,גרמים,150.00,100 גרם,false,,4.90,0.0327,true,1,6951
7290102390489,false,מולר פרופ לימון 3% 1,,,מולר פרופ לימון 3% 1,גרמים,150.00,100 גרם,false,,4.90,0.0327,true,1,6952
7290102391844,false,מולר פרופ לבן+קציפת,,,מולר פרופ לבן+קציפת,גרמים,150.00,100 גרם,false,,4.90,0.0327,true,1,6953
7290102392049,false,צוריאל תבור 5% 500ג,,,צוריאל תבור 5% 500ג,גרמים,500.00,100 גרם,false,,22.90,0.0458,true,1,6954
7290102392094,false,צוריאל חלב עיזים 1ל,,,צוריאל חלב עיזים 1ל,ארגז,1.00,ליטר,false,,15.50,15.5000,true,1,6955
7290102392254,false,טרה חלב 1% 2ל,,,טרה חלב 1% 2ל,ארגז,2.00,ליטר,false,,11.72,5.8600,true,1,6956
7290102393039,false,מולר מיקס בתוספת פצפ,,,מולר מיקס בתוספת פצפ,מיליליטרים,170.00,"100 מ""ל",false,,5.90,0.0347,true,1,6960
7290102393169,false,מולר סימפלי פרוט תות,,,מולר סימפלי פרוט תות,גרמים,150.00,100 גרם,false,,4.90,0.0327,true,1,6962
7290102393176,false,מולר סימפלי פרוט אפר,,,מולר סימפלי פרוט אפר,גרמים,150.00,100 גרם,false,,4.90,0.0327,true,1,6963
7290102393190,false,מולר סימפלי פרוט פיר,,,מולר סימפלי פרוט פיר,גרמים,150.00,100 גרם,false,,4.90,0.0327,true,1,6964
7290102393268,false,טרה גבינה לבנה אריזת,,,טרה גבינה לבנה אריזת,גרמים,750.00,100 גרם,false,,14.90,0.0199,true,1,6965
7290102393299,false,צוריאל יוגורט עיזים,,,צוריאל יוגורט עיזים,מיליליטרים,500.00,"100 מ""ל",false,,11.90,0.0238,true,1,6966
7290102393855,false,צוריאל יוגורט עיזים,,,צוריאל יוגורט עיזים,מיליליטרים,150.00,"100 מ""ל",false,,5.90,0.0393,true,1,285248
7290102393947,false,מולר סימפלי פרוט קיו,,,מולר סימפלי פרוט קיו,מיליליטרים,150.00,"100 מ""ל",false,,4.90,0.0327,true,1,6968
7290102394258,false,צוריאל מה עז 9% 180ג,,,צוריאל מה עז 9% 180ג,גרמים,180.00,100 גרם,false,,20.90,0.1161,true,1,6970
7290102394463,false,נעם גבינה צהובה וואק,,,נעם גבינה צהובה וואק,גרמים,500.00,100 גרם,false,,23.80,0.0476,true,1,6971
7290102394821,false,נעם גבינה צהובה דק ד,,,נעם גבינה צהובה דק ד,גרמים,200.00,100 גרם,false,,15.20,0.0760,true,1,6973
7290102394845,false,נעם גבינה צהובה דק ד,,,נעם גבינה צהובה דק ד,גרמים,200.00,100 גרם,false,,16.20,0.0810,true,1,6974
7290102395217,false,מולר ביאנקו במתיקות,,,מולר ביאנקו במתיקות,אלף,1.20,"ק""ג",false,,18.50,15.4167,true,1,6976
7290102395224,false,מולר נטורל 1.7% 8*15,,,מולר נטורל 1.7% 8*15,אלף,1.20,"ק""ג",false,,14.90,12.4167,true,1,6977
7290102395231,false,מולר נטורל 2.8% 8*15,,,מולר נטורל 2.8% 8*15,אלף,1.20,"ק""ג",false,,14.90,12.4167,true,1,6978
7290102395262,false,מולר תות שדה ואפרסק,,,מולר תות שדה ואפרסק,אלף,1.20,"ק""ג",false,,30.90,25.7500,true,1,6979
7290102395378,false,נעם גבינה צהובה ואקו,,,נעם גבינה צהובה ואקו,גרמים,360.00,100 גרם,false,,19.80,0.0550,true,1,6981
7290102395439,false,מולר סימפלי פירות יע,,,מולר סימפלי פירות יע,אלף,1.20,"ק""ג",false,,30.90,25.7500,true,1,6982
7290102395446,false,מוו וניל קצפת 123מל,,,מוו וניל קצפת 123מל,מיליליטרים,123.00,"100 מ""ל",false,,2.90,0.0236,true,1,6983
7290102395477,false,מוו שוקולד קצפת 123מ,,,מוו שוקולד קצפת 123מ,מיליליטרים,123.00,"100 מ""ל",false,,2.90,0.0236,true,1,6984
7290102395521,false,טרה שמנת לבישול 15%+,,,טרה שמנת לבישול 15%+,מיליליטרים,500.00,"100 מ""ל",false,,16.50,0.0330,true,1,6985
7290102396399,false,מוו מעדן שוקולד 100*,,,מוו מעדן שוקולד 100*,גרמים,800.00,100 גרם,false,,11.80,0.0148,true,1,6991
7290102396405,false,מוו מעדן וניל 100*8,,,מוו מעדן וניל 100*8,גרמים,800.00,100 גרם,false,,11.80,0.0148,true,1,6992
7290102396436,false,מוו מעדן שוקולד 1.5%,,,מוו מעדן שוקולד 1.5%,גרמים,125.00,100 גרם,false,,2.90,0.0232,true,1,6995
7290102396443,false,מוו מעדן וניל 1.5% 1,,,מוו מעדן וניל 1.5% 1,גרמים,125.00,100 גרם,false,,2.90,0.0232,true,1,6996
7290102396580,false,מוו מעדן שוקולד ומוס,,,מוו מעדן שוקולד ומוס,גרמים,118.00,100 גרם,false,,2.90,0.0246,true,1,6998
7290102396665,false,גבנ`צ דקדק פתח סגור,,,גבנ`צ דקדק פתח סגור,גרמים,200.00,100 גרם,false,,15.20,0.0760,true,1,7001
7290102396672,false,נעם צהובה דק דק 9% 3,,,נעם צהובה דק דק 9% 3,גרמים,360.00,100 גרם,false,,25.80,0.0717,true,1,7002
7290102396719,false,מולר סימפלי פרוט תות,,,מולר סימפלי פרוט תות,גרמים,170.00,100 גרם,false,,4.90,0.0288,true,1,7003
7290102396740,false,מולר סימפלי פרוט 0%,,,מולר סימפלי פרוט 0%,אלף,1.20,"ק""ג",false,,30.90,25.7500,true,1,7006
7290102397204,false,נעם צהובה דק דק 22%,,,נעם צהובה דק דק 22%,גרמים,200.00,100 גרם,false,,15.20,0.0760,true,1,7018
7290102397464,false,מולר יוגורט נטורל +,,,מולר יוגורט נטורל +,גרמים,150.00,100 גרם,false,,5.90,0.0393,true,1,7031
7290102397600,false,מולר מיקס שקדים ובוט,,,מולר מיקס שקדים ובוט,גרמים,168.00,100 גרם,false,,5.90,0.0351,true,1,7037
7290102397617,false,מולר מיקס קליק 168 ג,,,מולר מיקס קליק 168 ג,גרמים,168.00,100 גרם,false,,5.90,0.0351,true,1,7038
7290102397730,false,גבינת אמנטל נעם פתיח,,,גבינת אמנטל נעם פתיח,גרמים,200.00,100 גרם,false,,15.90,0.0795,true,1,7043
7290102397747,false,מוצרלה נעם  רכיבים ט,,,מוצרלה נעם  רכיבים ט,גרמים,200.00,100 גרם,false,,18.90,0.0945,true,1,7044
7290102397891,false,רביעייה גבינה מותכת,,,רביעייה גבינה מותכת,גרמים,100.00,100 גרם,false,,7.50,0.0750,true,1,7048
7290102398065,false,טרה חלב קרטון 3% מהד,,,טרה חלב קרטון 3% מהד,אין,0.00,יחידה,false,,12.46,0.0000,true,1,7056
7290102398331,false,חלב מועשר  1 ליטר דל,,,חלב מועשר  1 ליטר דל,ארגז,1.00,ליטר,false,,7.50,7.5000,true,1,7069
7290102398478,false,לאבנה 9% טרה 500 גרם,,,לאבנה 9% טרה 500 גרם,גרמים,500.00,100 גרם,false,,18.90,0.0378,true,1,7072
7290102398560,false,שוקו טרה מועשר בבקבו,,,שוקו טרה מועשר בבקבו,ארגז,1.00,ליטר,false,,11.90,11.9000,true,1,7079
7290102398577,false,שוקו טרה מועשר בבקבו,,,שוקו טרה מועשר בבקבו,מיליליטרים,250.00,"100 מ""ל",false,,5.50,0.0220,true,1,7080
7290102398614,false,משקה חלב בטעם בננה 1,,,משקה חלב בטעם בננה 1,ארגז,1.00,ליטר,false,,11.90,11.9000,true,1,7081
7290102398638,false,משקה חלב בטעם מוקה 1,,,משקה חלב בטעם מוקה 1,ארגז,1.00,ליטר,false,,11.90,11.9000,true,1,7082
7290102398669,false,אייס קפוצ'ינו מווו ט,,,אייס קפוצ'ינו מווו ט,ארגז,1.00,ליטר,false,,11.90,11.9000,true,1,7084
7290102398782,false,משקה סויה קלאסי משק,,,משקה סויה קלאסי משק,ארגז,1.00,ליטר,false,,9.90,9.9000,true,1,7088
7290102398799,false,משקה סויה במתיקות מו,,,משקה סויה במתיקות מו,ארגז,1.00,ליטר,false,,9.90,9.9000,true,1,7089
7290102398805,false,משקה סויה בטעם וניל,,,משקה סויה בטעם וניל,ארגז,1.00,ליטר,false,,9.90,9.9000,true,1,7090
7290102398836,false,משקה שקדים קלאסי משק,,,משקה שקדים קלאסי משק,ארגז,1.00,ליטר,false,,9.90,9.9000,true,1,7092
7290102399048,false,קשקבל נעם פתיחה חוזר,,,קשקבל נעם פתיחה חוזר,גרמים,200.00,100 גרם,false,,21.90,0.1095,true,1,7099
7290102399772,false,מולר ממרח חמאה במליח,,,מולר ממרח חמאה במליח,גרמים,250.00,100 גרם,false,,14.90,0.0596,true,1,7148
7290102399789,false,מולר ממרח חמאה ללא מ,,,מולר ממרח חמאה ללא מ,גרמים,250.00,100 גרם,false,,14.90,0.0596,true,1,7149
7290102399796,false,יוגורט חלבון לבן 250,,,יוגורט חלבון לבן 250,גרמים,200.00,100 גרם,false,,5.90,0.0295,true,1,7150
7290102399802,false,יוגורט חלבון תות 20,,,יוגורט חלבון תות 20,גרמים,200.00,100 גרם,false,,5.90,0.0295,true,1,7151
7290102399819,false,יוגורט חלבון פ.יער 2,,,יוגורט חלבון פ.יער 2,גרמים,200.00,100 גרם,false,,5.90,0.0295,true,1,7152
7290102399857,false,יוגורט מולר אקטיב לי,,,יוגורט מולר אקטיב לי,גרמים,150.00,100 גרם,false,,5.90,0.0393,true,1,7155
7290102840175,false,פודינג וניל 85 גר מי,,,פודינג וניל 85 גר מי,גרמים,85.00,100 גרם,false,,3.80,0.0447,true,1,11516
7290103124588,false,תחליב רחצה ארומה סגו,,,תחליב רחצה ארומה סגו,מיליליטרים,750.00,"100 מ""ל",false,,19.90,0.0265,true,1,14573
7290103124601,false,תחליב רחצה חלב ודבש,,,תחליב רחצה חלב ודבש,מיליליטרים,750.00,"100 מ""ל",false,,19.90,0.0265,true,1,14574
7290103128739,false,בלונס צימרוני אוזניי,,,בלונס צימרוני אוזניי,אין,0.00,יחידה,false,,5.90,0.0000,true,1,14576
7290103129392,false,דאו' פרח הפרזיה לייד,,,דאו' פרח הפרזיה לייד,גרמים,65.00,100 גרם,false,,19.30,0.2969,true,1,14578
7290103400194,false,כרוב לבן 400 ג בדצ י,,,כרוב לבן 400 ג בדצ י,גרמים,400.00,100 גרם,false,,8.90,0.0223,true,1,15551
7290103400255,false,סלט קולסלאו 400 ג בד,,,סלט קולסלאו 400 ג בד,גרמים,400.00,100 גרם,false,,8.90,0.0223,true,1,15553
7290103401429,false,קפה אוריגינס קצב ברז,,,קפה אוריגינס קצב ברז,גרמים,200.00,100 גרם,false,,24.90,0.1245,true,1,15018
7290103404758,false,אחלה כרוב אדום 120ג,,,אחלה כרוב אדום 120ג,גרמים,120.00,100 גרם,false,,5.50,0.0458,true,1,15554
7290103408206,false,עלי חסה ערבית שטופים,,,עלי חסה ערבית שטופים,גרמים,250.00,100 גרם,false,,9.90,0.0396,true,1,15556
7290103681173,false,הר תבור קברנה סוביני,,,הר תבור קברנה סוביני,מיליליטרים,750.00,"100 מ""ל",false,,33.90,0.0452,true,1,7164
7290103681180,false,"הר תבור מרלו 750 מ""ל",,,"הר תבור מרלו 750 מ""ל",מיליליטרים,750.00,"100 מ""ל",false,,33.90,0.0452,true,1,7165
7290103700195,false,טאצ רדיד אלומיניום ק,,,טאצ רדיד אלומיניום ק,מטרים,15.00,מטר,false,,11.90,0.7933,true,1,16012
7290103700225,false,טאצ רדיד אלומיניום ר,,,טאצ רדיד אלומיניום ר,אין,0.00,יחידה,false,,16.90,0.0000,true,1,16013
7290103700386,false,טאצ' כריות יפניות 6י,,,טאצ' כריות יפניות 6י,אין,0.00,יחידה,false,,9.90,0.0000,true,1,16015
7290103700393,false,טאצ' כריות יפניות עב,,,טאצ' כריות יפניות עב,אין,0.00,יחידה,false,,8.90,0.0000,true,1,16016
7290103700997,false,לאבלי נייר טואלט 40,,,לאבלי נייר טואלט 40,מטרים,716.00,מטר,false,,38.90,0.0543,true,1,16019
7290103701017,false,טאצ' נייר אפייה נשלף,,,טאצ' נייר אפייה נשלף,אין,0.00,יחידה,false,,9.90,0.0000,true,1,16020
7290103701093,false,טאצ מטליות מקרופייבר,,,טאצ מטליות מקרופייבר,אין,0.00,יחידה,false,,13.90,0.0000,true,1,16021
7290103701130,false,טאצ מטליות מקרופייבר,,,טאצ מטליות מקרופייבר,אין,0.00,יחידה,false,,13.90,0.0000,true,1,16022
7290103701147,false,טאצ רדידי אלומיניום,,,טאצ רדידי אלומיניום,מטרים,60.90,מטר,false,,35.90,0.5895,true,1,16023
7290103701178,false,טאצ ספוג הפלא בלוק,,,טאצ ספוג הפלא בלוק,אין,0.00,יחידה,false,,7.90,0.0000,true,1,16025
7290103702212,false,טאצ ממחטות כיס,,,טאצ ממחטות כיס,אין,0.00,יחידה,false,,6.90,0.0000,true,1,16026
7290103702229,false,טאצ מפות עבות במיוחד,,,טאצ מפות עבות במיוחד,אין,0.00,יחידה,false,,8.90,0.0000,true,1,16027
7290103702304,false,טאצ אשפתון בגליל 35,,,טאצ אשפתון בגליל 35,אין,0.00,יחידה,false,,15.90,0.0000,true,1,16030
7290103702328,false,טאצ אשפתון בגליל 25,,,טאצ אשפתון בגליל 25,אין,0.00,יחידה,false,,15.90,0.0000,true,1,16032
7290103702540,false,נייר טואלט  30 יח' מ,,,נייר טואלט  30 יח' מ,אין,0.00,יחידה,false,,23.90,0.0000,true,1,16034
7290103702779,false,מפיות אירוח  טאצ` 15,,,מפיות אירוח  טאצ` 15,אין,0.00,יחידה,false,,8.90,0.0000,true,1,16037
7290103703219,false,טאצ' מטליות לחות לני,,,טאצ' מטליות לחות לני,אין,0.00,יחידה,false,,20.90,0.0000,true,1,24304
7290103703226,false,טאצ' מטליות לחות לני,,,טאצ' מטליות לחות לני,יח',50.00,יח',false,,7.90,0.1580,true,1,16041
7290103703233,false,טאצ' מטליות לחות לני,,,טאצ' מטליות לחות לני,אין,0.00,יחידה,false,,20.90,0.0000,true,1,24305
7290103703240,false,טאצ' מטליות לחות לרי,,,טאצ' מטליות לחות לרי,יח',10.00,יח',false,,9.90,0.9900,true,1,16042
7290103703370,false,טאצ' מגבוני נייר טוא,,,טאצ' מגבוני נייר טוא,יח',3.00,יח',false,,14.90,4.9667,true,1,16043
7290103703578,false,לובלי נייר טואלט תלת,,,לובלי נייר טואלט תלת,אין,0.00,יחידה,false,,42.90,0.0000,true,1,16046
7290103703738,false,טאצ' מפות עבות במיוח,,,טאצ' מפות עבות במיוח,מטרים,45.00,מטר,false,,30.90,0.6867,true,1,16048
7290103703899,false,מפיות טאצ' 80 יחידות,,,מפיות טאצ' 80 יחידות,אין,0.00,יחידה,false,,4.90,0.0000,true,1,33596
7290103704155,false,מגבות נייר 6 גלילים,,,מגבות נייר 6 גלילים,מטרים,63.00,מטר,false,,9.90,0.1571,true,1,95491
7290103704162,false,נייר טואלט טאצ' 32 ג,,,נייר טואלט טאצ' 32 ג,יח',0.00,יח',false,,28.90,0.0000,true,1,65023
7290103704186,false,מגבות טאצ' גליל כפול,,,מגבות טאצ' גליל כפול,אין,0.00,יחידה,false,,19.90,0.0000,true,1,211453
7290103704681,false,שקיות קוקי 10 יח' טא,,,שקיות קוקי 10 יח' טא,אין,0.00,יחידה,false,,4.90,0.0000,true,1,410995
7290103746001,false,ממחטות טאצ' חמישייה,,,ממחטות טאצ' חמישייה,אין,0.00,יחידה,false,,11.90,0.0000,true,1,16056
7290104061417,false,אחלה חומוס טחינה 400,,,אחלה חומוס טחינה 400,גרמים,400.00,100 גרם,false,,9.90,0.0248,true,1,15557
7290104061424,false,אחלה חומוס זעתר 400,,,אחלה חומוס זעתר 400,גרמים,400.00,100 גרם,false,,10.90,0.0273,true,1,15558
7290104061431,false,אחלה חומוס צנובר 400,,,אחלה חומוס צנובר 400,גרמים,400.00,100 גרם,false,,10.90,0.0273,true,1,15559
7290104062599,false,גמדים תות בננה 8*100,,,גמדים תות בננה 8*100,מיליליטרים,800.00,"100 מ""ל",false,,18.90,0.0236,true,1,15561
7290104065187,false,קפה נמס עלית בטעם מו,,,קפה נמס עלית בטעם מו,גרמים,200.00,100 גרם,false,,19.90,0.0995,true,1,15028
7290104065934,false,שטראוס עלי רוקט 150ג,,,שטראוס עלי רוקט 150ג,גרמים,150.00,100 גרם,false,,9.90,0.0660,true,1,15562
7290104066566,false,אחלה טחינה 500ג,,,אחלה טחינה 500ג,גרמים,500.00,100 גרם,false,,13.90,0.0278,true,1,15564
7290104067693,false,אחלה חומוס עם חריף 1,,,אחלה חומוס עם חריף 1,גרמים,150.00,100 גרם,false,,5.90,0.0393,true,1,15566
7290104068539,false,מאסט מלון ואבטיח 28ג,,,מאסט מלון ואבטיח 28ג,גרמים,28.00,100 גרם,false,,4.30,0.1536,true,1,1105
7290104068546,false,מאסט קולה 28 גרם,,,מאסט קולה 28 גרם,גרמים,28.00,100 גרם,false,,4.30,0.1536,true,1,1106
7290104500572,false,אפרופו איטלקי 36*50ג,,,אפרופו איטלקי 36*50ג,גרמים,50.00,100 גרם,false,,5.00,0.1000,true,1,13165
7290104501661,false,אסם פודינג בטעם וניל,,,אסם פודינג בטעם וניל,גרמים,80.00,100 גרם,false,,5.90,0.0738,true,1,1042
7290104504228,false,דובונים קדמ.מארז אחי,,,דובונים קדמ.מארז אחי,גרמים,100.00,100 גרם,false,,13.90,0.1390,true,1,13167
7290104508189,false,גביעי גלידה ממותקים,,,גביעי גלידה ממותקים,0   יח',24.00,0   יח',false,,12.90,0.5375,true,1,13170
7290104508943,false,במבה קלאסי 18*200 גר,,,במבה קלאסי 18*200 גר,גרמים,200.00,100 גרם,false,,8.90,0.0445,true,1,13172
7290104570131,false,"תמר מג'הול 1 ק""ג",,,"תמר מג'הול 1 ק""ג",אלף,1.00,"ק""ג",false,,17.90,17.9000,true,1,26419
7290104570162,false,תמר כבוש 500 גרם,,,תמר כבוש 500 גרם,גרמים,500.00,100 גרם,false,,12.90,0.0258,true,1,26420
7290104721762,false,טורקי עלית 3*85 גר'.,,,טורקי עלית 3*85 גר'.,גרמים,255.00,100 גרם,false,,18.90,0.0741,true,1,15031
7290104721953,false,לקט מסולסלים ירקות 3,,,לקט מסולסלים ירקות 3,גרמים,350.00,100 גרם,false,,12.90,0.0369,true,1,15570
7290104722530,false,תפוציפס שמנת בצל 200,,,תפוציפס שמנת בצל 200,גרמים,200.00,100 גרם,false,,9.90,0.0495,true,1,15914
7290104726262,false,דני שוקולד לשתייה מא,,,דני שוקולד לשתייה מא,מיליליטרים,500.00,"100 מ""ל",false,,10.90,0.0218,true,1,15572
7290104726712,false,מילקי שמינייה מארז 8,,,מילקי שמינייה מארז 8,אלף,1.06,"ק""ג",false,,19.90,18.7736,true,1,1016
7290104728310,false,יטבתה שמנת עמידה לקצ,,,יטבתה שמנת עמידה לקצ,מיליליטרים,250.00,"100 מ""ל",false,,6.47,0.0259,true,1,15574
7290104729010,false,יטבתה לבן בטעם תות 3,,,יטבתה לבן בטעם תות 3,מיליליטרים,100.00,"100 מ""ל",false,,1.50,0.0150,true,1,15575
7290104960239,false,תחליב רחצה קמומיל נק,,,תחליב רחצה קמומיל נק,מיליליטרים,750.00,"100 מ""ל",false,,11.90,0.0159,true,1,19463
7290104960246,false,תחליב רחצה ורד ויסמי,,,תחליב רחצה ורד ויסמי,מיליליטרים,750.00,"100 מ""ל",false,,11.90,0.0159,true,1,19464
7290104960338,false,תחליב רחצה אלוורה ות,,,תחליב רחצה אלוורה ות,מיליליטרים,750.00,"100 מ""ל",false,,11.90,0.0159,true,1,19466
7290104961540,false,טיטניום דאודורנט ספר,,,טיטניום דאודורנט ספר,מיליליטרים,150.00,"100 מ""ל",false,,11.90,0.0793,true,1,19476
7290104961892,false,מסכת קרטין אינטנס נט,,,מסכת קרטין אינטנס נט,מיליליטרים,350.00,"100 מ""ל",false,,39.90,0.1140,true,1,19479
7290104962073,false,דאו' ספריי גולד טיטנ,,,דאו' ספריי גולד טיטנ,מיליליטרים,180.00,"100 מ""ל",false,,15.90,0.0883,true,1,19482
7290104962080,false,ספריי גוף גולד טיטני,,,ספריי גוף גולד טיטני,מיליליטרים,150.00,"100 מ""ל",false,,11.90,0.0793,true,1,19483
7290104963223,false,סופטקר אלסבון קלאסי,,,סופטקר אלסבון קלאסי,אין,0.00,יחידה,false,,17.90,0.0000,true,1,19500
7290104964008,false,סקינגארד ספריי תחליב,,,סקינגארד ספריי תחליב,מיליליטרים,300.00,"100 מ""ל",false,,40.90,0.1363,true,1,19507
7290104964015,false,סטיק הגנה לפנים סקינ,,,סטיק הגנה לפנים סקינ,מיליליטרים,50.00,"100 מ""ל",false,,39.90,0.7980,true,1,19508
7290104965647,false,דאו' רול און נושם לב,,,דאו' רול און נושם לב,מיליליטרים,50.00,"100 מ""ל",false,,12.90,0.2580,true,1,90104
7290105360250,false,עלית קפסולות מקיאטו,,,עלית קפסולות מקיאטו,גרמים,50.00,100 גרם,false,,16.90,0.3380,true,1,15040
7290105360328,false,עלית קפסולות אספרסו,,,עלית קפסולות אספרסו,גרמים,50.00,100 גרם,false,,16.90,0.3380,true,1,15041
7290105360335,false,עלית קפסולות אספרסו,,,עלית קפסולות אספרסו,גרמים,50.00,100 גרם,false,,16.90,0.3380,true,1,15042
7290105360755,false,שמן זית 3 חזק כתית י,,,שמן זית 3 חזק כתית י,מיליליטרים,750.00,"100 מ""ל",false,,33.90,0.0452,true,1,15043
7290105360762,false,שמן זית 1 עדין כתית,,,שמן זית 1 עדין כתית,מיליליטרים,750.00,"100 מ""ל",false,,33.90,0.0452,true,1,15044
7290105360878,false,תפוציפס מארז 4*50ג,,,תפוציפס מארז 4*50ג,גרמים,200.00,100 גרם,false,,10.90,0.0545,true,1,15917
7290105362339,false,יטבתה שמנת לבישול 15,,,יטבתה שמנת לבישול 15,מיליליטרים,250.00,"100 מ""ל",false,,7.90,0.0316,true,1,15576
7290105363602,false,כיף כף מקלות קלאסי 4,,,כיף כף מקלות קלאסי 4,גרמים,40.00,100 גרם,false,,4.90,0.1225,true,1,15045
7290105364289,false,כיף כף מקלות פצפוצים,,,כיף כף מקלות פצפוצים,גרמים,40.00,100 גרם,false,,4.90,0.1225,true,1,15046
7290105364302,false,כיף כף מקלות אגוזים,,,כיף כף מקלות אגוזים,גרמים,42.00,100 גרם,false,,4.90,0.1167,true,1,15047
7290105366023,false,אחלה חציל בטעם כבד 4,,,אחלה חציל בטעם כבד 4,גרמים,400.00,100 גרם,false,,14.90,0.0373,true,1,15577
7290105366993,false,סימפוניה פלפל שיפקה,,,סימפוניה פלפל שיפקה,גרמים,200.00,100 גרם,false,,11.50,0.0575,true,1,15580
7290105368331,false,"מילקי תות 170 מ""ל",,,"מילקי תות 170 מ""ל",מיליליטרים,170.00,"100 מ""ל",false,,2.90,0.0171,true,1,15583
7290105368904,false,יטבתה שמנת עמידה לקצ,,,יטבתה שמנת עמידה לקצ,מיליליטרים,250.00,"100 מ""ל",false,,7.50,0.0300,true,1,15585
7290105368928,false,יטבתה שמנת 9% 200מל,,,יטבתה שמנת 9% 200מל,מיליליטרים,200.00,"100 מ""ל",false,,2.90,0.0145,true,1,15586
7290105369130,false,סימפוניה שטראוס בצל,,,סימפוניה שטראוס בצל,גרמים,200.00,100 גרם,false,,11.50,0.0575,true,1,15588
7290105431516,false,פרי חטיפי תמרים ובוט,,,פרי חטיפי תמרים ובוט,גרמים,125.00,100 גרם,false,,14.90,0.1192,true,1,14583
7290105434050,false,דאו' ירוק רגיולר ספי,,,דאו' ירוק רגיולר ספי,גרמים,85.00,100 גרם,false,,13.90,0.1635,true,1,14588
7290105436382,false,פרי חטיפי בריאות תמר,,,פרי חטיפי בריאות תמר,גרמים,100.00,100 גרם,false,,16.90,0.1690,true,1,14590
7290105439499,false,מיונז הולנדי מאסטר ש,,,מיונז הולנדי מאסטר ש,גרמים,480.00,100 גרם,false,,11.90,0.0248,true,1,992
7290105439505,false,מאסטר שף  קרם בטעם מ,,,מאסטר שף  קרם בטעם מ,גרמים,479.00,100 גרם,false,,9.90,0.0207,true,1,554
7290105439581,false,מאסטר שף מאסטר שף חר,,,מאסטר שף מאסטר שף חר,מיליליטרים,370.00,"100 מ""ל",false,,9.90,0.0268,true,1,14592
7290105500151,false,וודקה פינלנדיה 700 מ,,,וודקה פינלנדיה 700 מ,מיליליטרים,700.00,"100 מ""ל",false,,60.90,0.0870,true,1,10538
7290105500236,false,גק דניאלס וויסקי 700,,,גק דניאלס וויסקי 700,מיליליטרים,700.00,"100 מ""ל",false,,99.90,0.1427,true,1,10539
7290105500984,false,ארק בוכא בוקובזה לבנ,,,ארק בוכא בוקובזה לבנ,מיליליטרים,700.00,"100 מ""ל",false,,124.90,0.1784,true,1,10542
7290105691224,false,חטיפי פריכונים טורטי,,,חטיפי פריכונים טורטי,גרמים,60.00,100 גרם,false,,7.50,0.1250,true,1,13178
7290105691248,false,חטיפי פריכונים טורטי,,,חטיפי פריכונים טורטי,גרמים,60.00,100 גרם,false,,7.50,0.1250,true,1,13179
7290105691897,false,קוסקוס עם חיטה מלאה,,,קוסקוס עם חיטה מלאה,גרמים,350.00,100 גרם,false,,7.40,0.0211,true,1,13183
7290105691934,false,"קמח שמרים אסם 1 ק""ג",,,"קמח שמרים אסם 1 ק""ג",אלף,1.00,"ק""ג",false,,8.90,8.9000,true,1,13184
7290105693341,false,במבה מאח.15 10*25גרם,,,במבה מאח.15 10*25גרם,גרמים,250.00,100 גרם,false,,14.90,0.0596,true,1,13191
7290105693457,false,עוגת הבית דמקה שוקו,,,עוגת הבית דמקה שוקו,גרמים,320.00,100 גרם,false,,11.90,0.0372,true,1,13192
7290105693952,false,פירורית זהב שומשום 2,,,פירורית זהב שומשום 2,גרמים,200.00,100 גרם,false,,6.50,0.0325,true,1,1096
7290105695024,false,פתיתים אפויים אורז ע,,,פתיתים אפויים אורז ע,גרמים,500.00,100 גרם,false,,6.90,0.0138,true,1,13196
7290105695321,false,הבית עוגות בראוניס פ,,,הבית עוגות בראוניס פ,גרמים,380.00,100 גרם,false,,15.90,0.0418,true,1,13197
7290105962331,false,סחוג חריף מאוד זהבי,,,סחוג חריף מאוד זהבי,גרמים,220.00,100 גרם,false,,10.90,0.0495,true,1,15590
7290105964564,false,אחלה חומוס אחלה 400ג,,,אחלה חומוס אחלה 400ג,גרמים,400.00,100 גרם,false,,7.90,0.0198,true,1,15594
7290105965738,false,דנונה משקה תות בננה,,,דנונה משקה תות בננה,גרמים,267.00,100 גרם,false,,4.90,0.0184,true,1,15595
7290105966469,false,חומץ בלסמי יד מרדכי,,,חומץ בלסמי יד מרדכי,גרמים,250.00,100 גרם,false,,13.90,0.0556,true,1,15055
7290105968098,false,אחלה קולסלאו 500ג,,,אחלה קולסלאו 500ג,גרמים,500.00,100 גרם,false,,14.90,0.0298,true,1,15596
7290105968654,false,שטראוס רביולי בטטה 4,,,שטראוס רביולי בטטה 4,גרמים,400.00,100 גרם,false,,16.90,0.0422,true,1,15597
7290105968777,false,פריכיות תחתית שוקלד,,,פריכיות תחתית שוקלד,גרמים,70.00,100 גרם,false,,7.90,0.1129,true,1,15056
7290106520066,false,רבע לשבע 160 גרם,,,רבע לשבע 160 גרם,גרמים,160.00,100 גרם,false,,10.90,0.0681,true,1,15057
7290106520288,false,דנונה פרו תות 150 גר,,,דנונה פרו תות 150 גר,גרמים,150.00,100 גרם,false,,4.90,0.0327,true,1,15598
7290106520912,false,יטבתה שמנת לבישול 9%,,,יטבתה שמנת לבישול 9%,מיליליטרים,250.00,"100 מ""ל",false,,7.90,0.0316,true,1,15600
7290106521049,false,אחלה קוביות סלק 400,,,אחלה קוביות סלק 400,גרמים,400.00,100 גרם,false,,14.90,0.0373,true,1,15601
7290106521926,false,קפה טורקי עלית 150 ג,,,קפה טורקי עלית 150 ג,גרמים,150.00,100 גרם,false,,12.90,0.0860,true,1,15061
7290106524439,false,תפוציפס פופס 60 גרם,,,תפוציפס פופס 60 גרם,גרמים,60.00,100 גרם,false,,3.90,0.0650,true,1,15919
7290106525405,false,עלית קפסולות נטול למ,,,עלית קפסולות נטול למ,גרמים,50.00,100 גרם,false,,16.90,0.3380,true,1,15066
7290106526822,false,פריכיות עם תחתית שוק,,,פריכיות עם תחתית שוק,גרמים,80.00,100 גרם,false,,7.90,0.0988,true,1,15067
7290106528567,false,דוריטוס גריל 185 גר`,,,דוריטוס גריל 185 גר`,גרמים,185.00,100 גרם,false,,7.50,0.0405,true,1,15920
7290106528628,false,דוריטוס טבעי 185 גר`,,,דוריטוס טבעי 185 גר`,גרמים,185.00,100 גרם,false,,7.50,0.0405,true,1,15921
7290106528949,false,לקט ערוגות,,,לקט ערוגות,גרמים,450.00,100 גרם,false,,11.50,0.0256,true,1,15603
7290106571921,false,פיטנס עוגיות חמוציות,,,פיטנס עוגיות חמוציות,גרמים,180.00,100 גרם,false,,11.90,0.0661,true,1,1342
7290106572027,false,לחמית חמישה דגנים אס,,,לחמית חמישה דגנים אס,גרמים,190.00,100 גרם,false,,7.90,0.0416,true,1,13206
7290106572065,false,טורטיה בטעם תירס חמו,,,טורטיה בטעם תירס חמו,גרמים,60.00,100 גרם,false,,7.50,0.1250,true,1,13207
7290106572997,false,קמח שמרים לפיצה אסם,,,קמח שמרים לפיצה אסם,אלף,1.00,"ק""ג",false,,8.90,8.9000,true,1,13211
7290106573277,false,אסם קריספי טאפאס זית,,,אסם קריספי טאפאס זית,גרמים,150.00,100 גרם,false,,11.50,0.0767,true,1,13214
7290106573314,false,אסם קריספי טאפאס כפר,,,אסם קריספי טאפאס כפר,גרמים,150.00,100 גרם,false,,11.50,0.0767,true,1,13215
7290106573598,false,צבר חומוס לבנוני 400,,,צבר חומוס לבנוני 400,גרמים,400.00,100 גרם,false,,11.90,0.0298,true,1,13737
7290106573628,false,צבר חומוס עם טחינה 4,,,צבר חומוס עם טחינה 4,גרמים,400.00,100 גרם,false,,11.90,0.0298,true,1,13738
7290106574793,false,עוגת הבית שוקו שוקוצ,,,עוגת הבית שוקו שוקוצ,גרמים,350.00,100 גרם,false,,11.90,0.0340,true,1,13219
7290106574953,false,אסם בייגלה שטוחים שו,,,אסם בייגלה שטוחים שו,גרמים,300.00,100 גרם,false,,10.90,0.0363,true,1,13220
7290106574977,false,אסם בייגלה שטוחים עם,,,אסם בייגלה שטוחים עם,גרמים,300.00,100 גרם,false,,10.90,0.0363,true,1,13221
7290106575257,false,עוגת הבית סופלה בטעם,,,עוגת הבית סופלה בטעם,גרמים,340.00,100 גרם,false,,11.90,0.0350,true,1,13223
7290106575431,false,עוגת הבית סופלה בטעם,,,עוגת הבית סופלה בטעם,גרמים,340.00,100 גרם,false,,11.90,0.0350,true,1,13225
7290106576513,false,צבר חומוס 400 גרם,,,צבר חומוס 400 גרם,גרמים,400.00,100 גרם,false,,9.90,0.0248,true,1,13742
7290106576537,false,צבר חומוס מסעדה 700,,,צבר חומוס מסעדה 700,גרמים,700.00,100 גרם,false,,10.90,0.0156,true,1,13743
7290106576810,false,לה קרמריה ריבת חלב 1,,,לה קרמריה ריבת חלב 1,ארגז,1.40,ליטר,false,,22.90,16.3571,true,1,11861
7290106576834,false,גלידה קרמריה פונטש ב,,,גלידה קרמריה פונטש ב,ארגז,1.40,ליטר,false,,22.90,16.3571,true,1,11862
7290106576858,false,גלידה קרמריה תותים ב,,,גלידה קרמריה תותים ב,ארגז,1.40,ליטר,false,,22.90,16.3571,true,1,11863
7290106576919,false,גלידה קרמריה סורבה ת,,,גלידה קרמריה סורבה ת,ארגז,1.40,ליטר,false,,22.90,16.3571,true,1,11864
7290106576971,false,לה קרמריה שוקולד בלג,,,לה קרמריה שוקולד בלג,ארגז,1.40,ליטר,false,,22.90,16.3571,true,1,11866
7290106577039,false,לה קרמריה שוקו וניל,,,לה קרמריה שוקו וניל,ארגז,1.40,ליטר,false,,22.90,16.3571,true,1,11868
7290106577282,false,צבר מרובע טחינה 400ג,,,צבר מרובע טחינה 400ג,גרמים,400.00,100 גרם,false,,12.90,0.0323,true,1,13744
7290106577541,false,צבר מרובע כרוב אדום,,,צבר מרובע כרוב אדום,גרמים,400.00,100 גרם,false,,12.50,0.0313,true,1,13748
7290106577572,false,צבר מרובע מטבוחה  40,,,צבר מרובע מטבוחה  40,גרמים,400.00,100 גרם,false,,12.90,0.0323,true,1,13749
7290106578692,false,במבה ביסלי מיקס 36*8,,,במבה ביסלי מיקס 36*8,גרמים,80.00,100 גרם,false,,4.50,0.0563,true,1,1344
7290106578821,false,עוגת הבית שמרים קלאס,,,עוגת הבית שמרים קלאס,גרמים,350.00,100 גרם,false,,16.90,0.0483,true,1,13232
7290106652996,false,כיף כף מקלות קוקוס 4,,,כיף כף מקלות קוקוס 4,גרמים,40.00,100 גרם,false,,4.90,0.1225,true,1,457468
7290106653689,false,לקט לסלט אסייתי שטרא,,,לקט לסלט אסייתי שטרא,גרמים,350.00,100 גרם,false,,10.90,0.0311,true,1,15604
7290106654099,false,עוגות אישיות מילקי ק,,,עוגות אישיות מילקי ק,גרמים,272.00,100 גרם,false,,19.90,0.0732,true,1,15605
7290106656734,false,"חיוכים וניל בד""צ 600",,,"חיוכים וניל בד""צ 600",גרמים,600.00,100 גרם,false,,17.40,0.0290,true,1,15075
7290106663091,false,שטראוס לאבנה 9% 500,,,שטראוס לאבנה 9% 500,גרמים,500.00,100 גרם,false,,17.90,0.0358,true,1,15607
7290106663503,false,קונפיטורת לייט תות 2,,,קונפיטורת לייט תות 2,גרמים,230.00,100 גרם,false,,11.90,0.0517,true,1,1107
7290106663558,false,יד מרדכי רוטב טריאקי,,,יד מרדכי רוטב טריאקי,מיליליטרים,280.00,"100 מ""ל",false,,13.90,0.0496,true,1,15090
7290106664067,false,שטראוס לאבנה שמן זית,,,שטראוס לאבנה שמן זית,גרמים,400.00,100 גרם,false,,14.90,0.0373,true,1,15609
7290106664555,false,יטבתה רוטב שמנת עם ע,,,יטבתה רוטב שמנת עם ע,מיליליטרים,250.00,"100 מ""ל",false,,9.90,0.0396,true,1,15611
7290106664562,false,יטבתה רוטב שמנת עם פ,,,יטבתה רוטב שמנת עם פ,גרמים,250.00,100 גרם,false,,9.90,0.0396,true,1,15612
7290106666788,false,סוכריות נוסטלגיה דבש,,,סוכריות נוסטלגיה דבש,גרמים,80.00,100 גרם,false,,4.90,0.0613,true,1,15093
7290106667266,false,דוריטוס חמוץ חריף 18,,,דוריטוס חמוץ חריף 18,גרמים,185.00,100 גרם,false,,7.50,0.0405,true,1,15932
7290106668577,false,מיץ לימון טבעי יד מר,,,מיץ לימון טבעי יד מר,מיליליטרים,250.00,"100 מ""ל",false,,7.80,0.0312,true,1,15095
7290106668713,false,דנונה פירות יער3% 15,,,דנונה פירות יער3% 15,מיליליטרים,150.00,"100 מ""ל",false,,3.90,0.0260,true,1,15613
7290106669857,false,עלית קפסולות בטעם ונ,,,עלית קפסולות בטעם ונ,גרמים,50.00,100 גרם,false,,16.90,0.3380,true,1,15099
7290106720626,false,ציטוס  גבינה 80 גרם,,,ציטוס  גבינה 80 גרם,גרמים,80.00,100 גרם,false,,4.90,0.0613,true,1,15933
7290106721913,false,מאסט צנצנת ריח פה צ',,,מאסט צנצנת ריח פה צ',גרמים,66.00,100 גרם,false,,9.90,0.1500,true,1,1354
7290106721920,false,מאסט צנצנת ספירמינט,,,מאסט צנצנת ספירמינט,גרמים,66.00,100 גרם,false,,9.90,0.1500,true,1,1355
7290106723689,false,שטראוס תרד בייבי 200,,,שטראוס תרד בייבי 200,גרמים,200.00,100 גרם,false,,9.90,0.0495,true,1,15616
7290106725867,false,יד מרדכי סירופ מייפל,,,יד מרדכי סירופ מייפל,מיליליטרים,189.00,"100 מ""ל",false,,30.90,0.1635,true,1,15106
7290106725874,false,יד מרדכי סירופ מייפל,,,יד מרדכי סירופ מייפל,מיליליטרים,236.00,"100 מ""ל",false,,39.90,0.1691,true,1,15107
7290106726178,false,דנונה פרו בטעם פירות,,,דנונה פרו בטעם פירות,גרמים,150.00,100 גרם,false,,4.90,0.0327,true,1,15618
7290106727984,false,כיף כף פצפצים 135 גר,,,כיף כף פצפצים 135 גר,גרמים,135.00,100 גרם,false,,9.90,0.0733,true,1,15108
7290106729650,false,דנונה יוגורט תות 8יח,,,דנונה יוגורט תות 8יח,אלף,1.20,"ק""ג",false,,24.90,20.7500,true,1,15622
7290107280013,false,ליטופים  מגבונים ללא,,,ליטופים  מגבונים ללא,אין,0.00,יחידה,false,,18.90,0.0000,true,1,19523
7290107280020,false,סנו סושי מגבונים לני,,,סנו סושי מגבונים לני,אין,0.00,יחידה,false,,19.90,0.0000,true,1,19524
7290107280068,false,2 תבניות אלומיניום X,,,2 תבניות אלומיניום X,אין,0.00,יחידה,false,,9.90,0.0000,true,1,19526
7290107280075,false,4 תבניות אלומיניום L,,,4 תבניות אלומיניום L,אין,0.00,יחידה,false,,9.90,0.0000,true,1,145422
7290107280082,false,7 תבניות אינגליש קיי,,,7 תבניות אינגליש קיי,אין,0.00,יחידה,false,,9.90,0.0000,true,1,145436
7290107280099,false,סנו סופט מגבוני טואל,,,סנו סופט מגבוני טואל,אין,0.00,יחידה,false,,15.90,0.0000,true,1,19527
7290107280341,false,ריצפז מטליות לחות לנ,,,ריצפז מטליות לחות לנ,אין,0.00,יחידה,false,,11.90,0.0000,true,1,19533
7290107280389,false,סנו ג'ט מתז לאמבט 75,,,סנו ג'ט מתז לאמבט 75,מיליליטרים,750.00,"100 מ""ל",false,,12.90,0.0172,true,1,19534
7290107280563,false,סנו ג'ל אוקסיג'ן ביי,,,סנו ג'ל אוקסיג'ן ביי,ארגז,3.00,ליטר,false,,30.90,10.3000,true,1,2160
7290107280570,false,מקסימה ג'ל כביסה מיק,,,מקסימה ג'ל כביסה מיק,ארגז,3.00,ליטר,false,,33.90,11.3000,true,1,19543
7290107280600,false,סנו ספארק טבליות למד,,,סנו ספארק טבליות למד,אין,0.00,יחידה,false,,60.90,0.0000,true,1,19546
7290107280709,false,סנו ספארק נוזל הברקה,,,סנו ספארק נוזל הברקה,מיליליטרים,700.00,"100 מ""ל",false,,14.90,0.0213,true,1,19548
7290107280716,false,סנו ספארק מלח למדיח,,,סנו ספארק מלח למדיח,אלף,2.00,"ק""ג",false,,12.90,6.4500,true,1,19549
7290107280723,false,סנו ספארק נוזל לניקו,,,סנו ספארק נוזל לניקו,מיליליטרים,700.00,"100 מ""ל",false,,8.90,0.0127,true,1,19550
7290107280730,false,סנו ספארק נוזל לניקו,,,סנו ספארק נוזל לניקו,מיליליטרים,700.00,"100 מ""ל",false,,8.90,0.0127,true,1,19552
7290107280747,false,סנו ספארק נוזל לניקו,,,סנו ספארק נוזל לניקו,מיליליטרים,700.00,"100 מ""ל",false,,8.90,0.0127,true,1,19553
7290107280754,false,ספארק נוזל לכלים עדי,,,ספארק נוזל לכלים עדי,מיליליטרים,700.00,"100 מ""ל",false,,8.90,0.0127,true,1,19554
7290107280761,false,ספארק נוזל לכלים לימ,,,ספארק נוזל לכלים לימ,אין,0.00,יחידה,false,,11.90,0.0000,true,1,19555
7290107341356,false,כבל אייפון,,,כבל אייפון,אין,0.00,יחידה,false,,19.90,0.0000,true,1,298009
7290107341370,false,כבל  טייפ סי,,,כבל  טייפ סי,אין,0.00,יחידה,false,,19.90,0.0000,true,1,321168
7290107342087,false,אוזניות חיבור ישיר ט,,,אוזניות חיבור ישיר ט,אין,0.00,יחידה,false,,49.90,0.0000,true,1,321203
7290107645584,false,מרק עוף אמיתי רכיבים,,,מרק עוף אמיתי רכיבים,גרמים,400.00,100 גרם,false,,19.90,0.0497,true,1,9144
7290107645591,false,מרק טעם עוף רכיבים ט,,,מרק טעם עוף רכיבים ט,גרמים,400.00,100 גרם,false,,14.80,0.0370,true,1,9145
7290107646062,false,מרק בצל רכיבים טבעיי,,,מרק בצל רכיבים טבעיי,גרמים,400.00,100 גרם,false,,19.90,0.0497,true,1,9147
7290107646154,false,חטיף קוקומן פצפוצים,,,חטיף קוקומן פצפוצים,גרמים,126.00,100 גרם,false,,12.90,0.1024,true,1,9149
7290107646826,false,חטיף שוגי שוקו שוקו,,,חטיף שוגי שוקו שוקו,גרמים,156.00,100 גרם,false,,12.90,0.0827,true,1,9154
7290107646833,false,חטיף שוגי פצפוצים שו,,,חטיף שוגי פצפוצים שו,גרמים,138.00,100 גרם,false,,12.90,0.0935,true,1,9155
7290107646918,false,קנור רוטב שקשוקה עגב,,,קנור רוטב שקשוקה עגב,מיליליטרים,415.00,"100 מ""ל",false,,9.90,0.0239,true,1,9157
7290107647656,false,מאגדת מיני סולרו קוק,,,מאגדת מיני סולרו קוק,גרמים,245.00,100 גרם,false,,21.90,0.0894,true,1,5968
7290107647731,false,קוקומן חום לבן 20% ת,,,קוקומן חום לבן 20% ת,גרמים,375.00,100 גרם,false,,18.90,0.0504,true,1,9167
7290107647755,false,קורנפלקס תלמה 750 גר,,,קורנפלקס תלמה 750 גר,גרמים,750.00,100 גרם,false,,14.90,0.0199,true,1,9169
7290107647816,false,ברנפלקס ללא סוכר בד',,,ברנפלקס ללא סוכר בד',גרמים,500.00,100 גרם,false,,20.90,0.0418,true,1,9172
7290107647823,false,"ברנפלקס תלמה בד""ץ 50",,,"ברנפלקס תלמה בד""ץ 50",גרמים,500.00,100 גרם,false,,20.90,0.0418,true,1,9173
7290107647854,false,שוגי 20% סוכר תלמה ב,,,שוגי 20% סוכר תלמה ב,גרמים,500.00,100 גרם,false,,19.90,0.0398,true,1,9174
7290107649100,false,בייגלה טבעות שומשום,,,בייגלה טבעות שומשום,גרמים,300.00,100 גרם,false,,9.90,0.0330,true,1,1131
7290107649605,false,טבלה קליק קורנפלקס ח,,,טבלה קליק קורנפלקס ח,גרמים,85.00,100 גרם,false,,4.90,0.0576,true,1,9187
7290107749947,false,"קערה נירוסטה 28 ס""מ.",,,"קערה נירוסטה 28 ס""מ.",אין,0.00,יחידה,false,,29.00,0.0000,true,1,101776
7290107871532,false,מאגדת שלגוני דובדבן,,,מאגדת שלגוני דובדבן,גרמים,750.00,100 גרם,false,,18.90,0.0252,true,1,11870
7290107871990,false,פסטה צינורות אסם 500,,,פסטה צינורות אסם 500,גרמים,500.00,100 גרם,false,,5.90,0.0118,true,1,13237
7290107874502,false,ביסלי גריל 4*55 גרם,,,ביסלי גריל 4*55 גרם,גרמים,220.00,100 גרם,false,,12.90,0.0586,true,1,13249
7290107875004,false,פופקו חמאה ודבש מארז,,,פופקו חמאה ודבש מארז,גרמים,240.00,100 גרם,false,,18.90,0.0787,true,1,13250
7290107875271,false,ביסלי ברבקיו מארז 4*,,,ביסלי ברבקיו מארז 4*,גרמים,220.00,100 גרם,false,,12.90,0.0586,true,1,13253
7290107876889,false,במבה במילוי קרם נוגט,,,במבה במילוי קרם נוגט,גרמים,45.00,100 גרם,false,,4.50,0.1000,true,1,1345
7290107877619,false,במבה במילוי קרם נוגט,,,במבה במילוי קרם נוגט,גרמים,150.00,100 גרם,false,,13.90,0.0927,true,1,13261
7290107879132,false,מיני פריכיות שוקולד,,,מיני פריכיות שוקולד,גרמים,22.00,100 גרם,false,,4.90,0.2227,true,1,13756
7290107879569,false,לה פרוטה מנגו 5 יח,,,לה פרוטה מנגו 5 יח,גרמים,350.00,100 גרם,false,,23.90,0.0683,true,1,11872
7290107930321,false,יד מרדכי קונפיטורה ד,,,יד מרדכי קונפיטורה ד,גרמים,340.00,100 גרם,false,,11.90,0.0350,true,1,1356
7290107931397,false,כיף כף פצפצים 40גר`,,,כיף כף פצפצים 40גר`,גרמים,40.00,100 גרם,false,,4.90,0.1225,true,1,15112
7290107932080,false,יטבתה חלב בבקבוק 3%,,,יטבתה חלב בבקבוק 3%,ארגז,1.00,ליטר,false,,7.70,7.7000,true,1,15624
7290107932134,false,יטבתה חלב בבקבוק 1%,,,יטבתה חלב בבקבוק 1%,ארגז,1.00,ליטר,false,,7.70,7.7000,true,1,15625
7290107933155,false,לקט סלנובה 200 גרם,,,לקט סלנובה 200 גרם,גרמים,200.00,100 גרם,false,,12.90,0.0645,true,1,15626
7290107933193,false,שטראוס סלק מבושל בוו,,,שטראוס סלק מבושל בוו,גרמים,500.00,100 גרם,false,,7.90,0.0158,true,1,15627
7290107936309,false,דנונה יווני לבן 130,,,דנונה יווני לבן 130,גרמים,130.00,100 גרם,false,,3.10,0.0238,true,1,15637
7290107937542,false,משקה אקטיביה תות 1.2,,,משקה אקטיביה תות 1.2,מיליליטרים,265.00,"100 מ""ל",false,,4.90,0.0185,true,1,15639
7290107937627,false,צנצנת קוביות ספירמינ,,,צנצנת קוביות ספירמינ,גרמים,58.00,100 גרם,false,,9.90,0.1707,true,1,1357
7290107937856,false,עלית קפסולות בטעם נס,,,עלית קפסולות בטעם נס,גרמים,50.00,100 גרם,false,,16.90,0.3380,true,1,15125
7290107938396,false,דנונה Actimel בנים ב,,,דנונה Actimel בנים ב,גרמים,864.00,100 גרם,false,,20.90,0.0242,true,1,15640
7290107939027,false,גזרדק דק 250 גרם בד`,,,גזרדק דק 250 גרם בד`,גרמים,250.00,100 גרם,false,,7.90,0.0316,true,1,15644
7290107940030,false,חומוס אחלה 650 גר,,,חומוס אחלה 650 גר,גרמים,650.00,100 גרם,false,,8.90,0.0137,true,1,15647
7290107940467,false,דנונה אקטיביה יוגורט,,,דנונה אקטיביה יוגורט,גרמים,200.00,100 גרם,false,,3.90,0.0195,true,1,15649
7290107941259,false,עדשים ירוקות מבושלות,,,עדשים ירוקות מבושלות,גרמים,475.00,100 גרם,false,,11.90,0.0251,true,1,15650
7290107941266,false,שעועית אדומה מבושלת,,,שעועית אדומה מבושלת,גרמים,475.00,100 גרם,false,,14.90,0.0314,true,1,15651
7290107941273,false,חומוס מבושל 475 גרם,,,חומוס מבושל 475 גרם,גרמים,475.00,100 גרם,false,,11.90,0.0251,true,1,15652
7290107944472,false,סימפוניה 5% שום שמיר,,,סימפוניה 5% שום שמיר,גרמים,200.00,100 גרם,false,,11.50,0.0575,true,1,15659
7290107945165,false,יד מרדכי קונפיטורת מ,,,יד מרדכי קונפיטורת מ,גרמים,340.00,100 גרם,false,,11.90,0.0350,true,1,1360
7290107950190,false,מעדן דיאט שוקולד מרי,,,מעדן דיאט שוקולד מרי,גרמים,130.00,100 גרם,false,,3.50,0.0269,true,1,15678
7290107950206,false,מעדן דיאט שוקולד % 0,,,מעדן דיאט שוקולד % 0,גרמים,130.00,100 גרם,false,,3.50,0.0269,true,1,15679
7290107951104,false,בפלות 200 גרם שוקולד,,,בפלות 200 גרם שוקולד,גרמים,200.00,100 גרם,false,,4.50,0.0225,true,1,15165
7290107951715,false,מאסט צנצנת קוביות ענ,,,מאסט צנצנת קוביות ענ,גרמים,58.00,100 גרם,false,,9.90,0.1707,true,1,1363
7290107954709,false,יד מרדכי קונפיטורת פ,,,יד מרדכי קונפיטורת פ,גרמים,340.00,100 גרם,false,,11.90,0.0350,true,1,1364
7290107954976,false,משקה פרו בטעם קפה יט,,,משקה פרו בטעם קפה יט,מיליליטרים,350.00,"100 מ""ל",false,,6.90,0.0197,true,1,15692
7290107956901,false,עלית קפסולות אספרסו,,,עלית קפסולות אספרסו,גרמים,150.00,100 גרם,false,,16.90,0.1127,true,1,15196
7290107956925,false,עלית קפסולות אוגנדה,,,עלית קפסולות אוגנדה,גרמים,50.00,100 גרם,false,,16.90,0.3380,true,1,15197
7290107956932,false,עלית קפסולות אידונזי,,,עלית קפסולות אידונזי,גרמים,50.00,100 גרם,false,,16.90,0.3380,true,1,15198
7290107957069,false,מסטיק עלמה בטעם אוכמ,,,מסטיק עלמה בטעם אוכמ,גרמים,66.00,100 גרם,false,,9.90,0.1500,true,1,1365
7290107957076,false,מסטיק עמלה בטעם ספיר,,,מסטיק עמלה בטעם ספיר,גרמים,66.00,100 גרם,false,,9.90,0.1500,true,1,1366
7290107957991,false,"מילקי מייניס 9*16 מ""",,,"מילקי מייניס 9*16 מ""",גרמים,144.00,100 גרם,false,,12.90,0.0896,true,1,15707
7290107958035,false,8 דנונה מתיקות מעודנ,,,8 דנונה מתיקות מעודנ,אלף,1.20,"ק""ג",false,,18.50,15.4167,true,1,15708
7290107971751,false,קולגייט מי פה טוטל כ,,,קולגייט מי פה טוטל כ,מיליליטרים,500.00,"100 מ""ל",false,,30.90,0.0618,true,1,14598
7290107972307,false,משחת שיניים אופטיק ו,,,משחת שיניים אופטיק ו,מיליליטרים,75.00,"100 מ""ל",false,,29.90,0.3987,true,1,14600
7290107973014,false,פלמוליב סבון ידיים ח,,,פלמוליב סבון ידיים ח,מיליליטרים,300.00,"100 מ""ל",false,,9.90,0.0330,true,1,14601
7290107973038,false,סבון ידיים אקווריום,,,סבון ידיים אקווריום,מיליליטרים,300.00,"100 מ""ל",false,,9.90,0.0330,true,1,14602
7290107973793,false,עגבניות שלמות מאסטר,,,עגבניות שלמות מאסטר,גרמים,400.00,100 גרם,false,,4.90,0.0123,true,1,14604
7290107973816,false,עגבניות קצוצות דק מא,,,עגבניות קצוצות דק מא,גרמים,400.00,100 גרם,false,,6.30,0.0157,true,1,97746
7290107973861,false,עגבניות קצוצות דק מא,,,עגבניות קצוצות דק מא,אלף,1.20,"ק""ג",false,,15.90,13.2500,true,1,14606
7290107974066,false,עלי טורטיה קמח מלא מ,,,עלי טורטיה קמח מלא מ,גרמים,320.00,100 גרם,false,,9.90,0.0309,true,1,14611
7290107974073,false,עלי טורטיה קמח לבן מ,,,עלי טורטיה קמח לבן מ,גרמים,320.00,100 גרם,false,,9.90,0.0309,true,1,14612
7290107974080,false,עלי טורטיה קמח לבן מ,,,עלי טורטיה קמח לבן מ,גרמים,820.00,100 גרם,false,,15.90,0.0194,true,1,14613
7290107974806,false,אורז בסמטי מאסטר שף,,,אורז בסמטי מאסטר שף,אלף,1.00,"ק""ג",false,,11.90,11.9000,true,1,14618
7290107974820,false,מאסטר שף ממרח מתובל,,,מאסטר שף ממרח מתובל,גרמים,252.00,100 גרם,false,,7.90,0.0313,true,1,14620
7290107975346,false,דאו' ג'ל כח הטבע אול,,,דאו' ג'ל כח הטבע אול,גרמים,65.00,100 גרם,false,,14.90,0.2292,true,1,14624
7290107977456,false,פלמוליב לגבר 2 ב-1 ג,,,פלמוליב לגבר 2 ב-1 ג,מיליליטרים,750.00,"100 מ""ל",false,,19.90,0.0265,true,1,116477
7290107978330,false,איטריות דקות מאסטר ש,,,איטריות דקות מאסטר ש,גרמים,400.00,100 גרם,false,,5.90,0.0148,true,1,393
7290107978347,false,איטריות בינוניות מאס,,,איטריות בינוניות מאס,גרמים,400.00,100 גרם,false,,5.90,0.0148,true,1,394
7290107978453,false,קראנצו'ס גריל 55 גרם,,,קראנצו'ס גריל 55 גרם,גרמים,55.00,100 גרם,false,,3.90,0.0709,true,1,14640
7290107978637,false,משחת שיניים מרידול 7,,,משחת שיניים מרידול 7,מיליליטרים,75.00,"100 מ""ל",false,,19.90,0.2653,true,1,14642
7290108070316,false,שקית 50 פסטל,,,שקית 50 פסטל,אין,0.00,יחידה,false,,11.90,0.0000,true,1,21117
7290108201864,false,קולון קפסולות לכביסה,,,קולון קפסולות לכביסה,אין,0.00,יחידה,false,,24.90,0.0000,true,1,14289
7290108350128,false,סנו סושי שקיות חזקות,,,סנו סושי שקיות חזקות,אין,0.00,יחידה,false,,24.90,0.0000,true,1,19559
7290108350142,false,סנו סושי שקיות רב שי,,,סנו סושי שקיות רב שי,אין,0.00,יחידה,false,,13.90,0.0000,true,1,19560
7290108350180,false,סנו סושי מפיות מודפס,,,סנו סושי מפיות מודפס,אין,0.00,יחידה,false,,7.90,0.0000,true,1,19561
7290108350203,false,כריות קרצוף עם ספוג,,,כריות קרצוף עם ספוג,אין,0.00,יחידה,false,,9.90,0.0000,true,1,19562
7290108350210,false,סושי שקיות אקסטרא חז,,,סושי שקיות אקסטרא חז,אין,0.00,יחידה,false,,24.90,0.0000,true,1,19563
7290108350531,false,סנו ספארק משאבה בניח,,,סנו ספארק משאבה בניח,ארגז,1.00,ליטר,false,,11.90,11.9000,true,1,19569
7290108350548,false,סנו ספארק משאבה בניח,,,סנו ספארק משאבה בניח,ארגז,1.00,ליטר,false,,11.90,11.9000,true,1,19570
7290108350555,false,סנו ספארק משאבה בניח,,,סנו ספארק משאבה בניח,ארגז,1.00,ליטר,false,,11.90,11.9000,true,1,19571
7290108350586,false,ספארק נוזל כלים בניח,,,ספארק נוזל כלים בניח,ארגז,1.50,ליטר,false,,14.90,9.9333,true,1,3253
7290108350616,false,מרכך כביסה מקסימה סו,,,מרכך כביסה מקסימה סו,אין,0.00,יחידה,false,,18.90,0.0000,true,1,19572
7290108350623,false,מרכך כביסה מקסימה סו,,,מרכך כביסה מקסימה סו,אין,0.00,יחידה,false,,18.90,0.0000,true,1,19573
7290108351149,false,סנו ג`ט פלוס לניקוי,,,סנו ג`ט פלוס לניקוי,אין,0.00,יחידה,false,,12.90,0.0000,true,1,19589
7290108351156,false,סנו ג`ט פלוס לניקוי,,,סנו ג`ט פלוס לניקוי,אין,0.00,יחידה,false,,12.90,0.0000,true,1,19590
7290108351491,false,סנו אוקסיג` אבקה עוצ,,,סנו אוקסיג` אבקה עוצ,גרמים,720.00,100 גרם,false,,14.90,0.0207,true,1,496
7290108351507,false,מרכך כביסה סנו מקסימ,,,מרכך כביסה סנו מקסימ,ארגז,4.00,ליטר,false,,22.90,5.7250,true,1,19591
7290108351514,false,מרכך כביסה סנו מקסימ,,,מרכך כביסה סנו מקסימ,ארגז,4.00,ליטר,false,,22.90,5.7250,true,1,19592
7290108351521,false,סנו מקסימה ג`ל כביסה,,,סנו מקסימה ג`ל כביסה,ארגז,5.00,ליטר,false,,47.90,9.5800,true,1,19593
7290108351538,false,סנו פרש הום -מבשם יב,,,סנו פרש הום -מבשם יב,מיליליטרים,200.00,"100 מ""ל",false,,11.90,0.0595,true,1,19594
7290108351552,false,סנו ג'ט מתז חומץ 750,,,סנו ג'ט מתז חומץ 750,מיליליטרים,750.00,"100 מ""ל",false,,12.90,0.0172,true,1,19596
7290108351583,false,סנו ג'ט+לניקוי אסלות,,,סנו ג'ט+לניקוי אסלות,מיליליטרים,750.00,"100 מ""ל",false,,11.90,0.0159,true,1,19598
7290108351590,false,סנו פרש BLUE BLOSSOM,,,סנו פרש BLUE BLOSSOM,מיליליטרים,350.00,"100 מ""ל",false,,11.90,0.0340,true,1,19599
7290108351613,false,ריצפז פרש הום מלון ח,,,ריצפז פרש הום מלון ח,ארגז,2.00,ליטר,false,,21.90,10.9500,true,1,19601
7290108351682,false,ג'ל כביסה סנו מקסימה,,,ג'ל כביסה סנו מקסימה,ארגז,5.00,ליטר,false,,47.90,9.5800,true,1,19607
7290108351699,false,מגבונים ג'ט+חומץ מאר,,,מגבונים ג'ט+חומץ מאר,אין,0.00,יחידה,false,,16.90,0.0000,true,1,19608
7290108351804,false,סנו מקסימה מרכך כביס,,,סנו מקסימה מרכך כביס,אין,0.00,יחידה,false,,18.90,0.0000,true,1,19616
7290108351811,false,סנו מקסימה מרכך כביס,,,סנו מקסימה מרכך כביס,אין,0.00,יחידה,false,,18.90,0.0000,true,1,19617
7290108351835,false,מרכך כביסה סנו מקסימ,,,מרכך כביסה סנו מקסימ,ארגז,4.00,ליטר,false,,22.90,5.7250,true,1,19619
7290108351972,false,סנו פרש הום יבש לבית,,,סנו פרש הום יבש לבית,אין,200.00,יחידה,false,,11.90,0.0595,true,1,19631
7290108351996,false,מתז בייבי 99.9% לחיט,,,מתז בייבי 99.9% לחיט,מיליליטרים,750.00,"100 מ""ל",false,,12.90,0.0172,true,1,2163
7290108352009,false,קפסולות למדיח ספארק,,,קפסולות למדיח ספארק,יח',50.00,יח',false,,40.90,0.8180,true,1,19633
7290108352047,false,אורביטול מברשת לחניכ,,,אורביטול מברשת לחניכ,אין,0.00,יחידה,false,,19.00,0.0000,true,1,264645
7290108352054,false,אורביטול מברשת לניקו,,,אורביטול מברשת לניקו,אין,0.00,יחידה,false,,19.00,0.0000,true,1,264659
7290108352108,false,אורביטול משחת שיניים,,,אורביטול משחת שיניים,גרמים,145.00,100 גרם,false,,14.90,0.1028,true,1,19636
7290108352146,false,סנובון נוזלי בניחוח,,,סנובון נוזלי בניחוח,מיליליטרים,750.00,"100 מ""ל",false,,11.90,0.0159,true,1,19639
7290108352207,false,קפס' כביסה בניחוח פל,,,קפס' כביסה בניחוח פל,גרמים,840.00,100 גרם,false,,35.90,0.0427,true,1,19641
7290108352214,false,קפסולות כביסה בניחוח,,,קפסולות כביסה בניחוח,גרמים,840.00,100 גרם,false,,35.90,0.0427,true,1,19642
7290108352221,false,סנו פרש הום מלון מפנ,,,סנו פרש הום מלון מפנ,מיליליטרים,350.00,"100 מ""ל",false,,11.90,0.0340,true,1,19643
7290108352252,false,ספארק נוזל לכלים  1,,,ספארק נוזל לכלים  1,אין,0.00,יחידה,false,,11.90,0.0000,true,1,19644
7290108352269,false,מטליות לחיטוי ולניקו,,,מטליות לחיטוי ולניקו,אין,0.00,יחידה,false,,30.90,0.0000,true,1,19645
7290108352337,false,סנו פרש הום אוטומטיק,,,סנו פרש הום אוטומטיק,גרמים,250.00,100 גרם,false,,13.90,0.0556,true,1,19651
7290108352429,false,סנו פרש הום מטהר אוי,,,סנו פרש הום מטהר אוי,מיליליטרים,300.00,"100 מ""ל",false,,12.90,0.0430,true,1,19657
7290108352498,false,מכשיר אוטומטי לבישום,,,מכשיר אוטומטי לבישום,מיליליטרים,250.00,"100 מ""ל",false,,44.90,0.1796,true,1,100678
7290108352528,false,מתז לחיטוי וניקוי חד,,,מתז לחיטוי וניקוי חד,מיליליטרים,750.00,"100 מ""ל",false,,12.90,0.0172,true,1,79891
7290108352535,false,דפי בישום לחים למייב,,,דפי בישום לחים למייב,אין,0.00,יחידה,false,,12.90,0.0000,true,1,142969
7290108352566,false,מרכך JOY בבישום עוצמ,,,מרכך JOY בבישום עוצמ,ארגז,4.00,ליטר,false,,22.90,5.7250,true,1,142886
7290108352573,false,מרכך כביסה  CALM בבי,,,מרכך כביסה  CALM בבי,ארגז,4.00,ליטר,false,,22.90,5.7250,true,1,283785
7290108352597,false,מגבונים בדלי 400 יח',,,מגבונים בדלי 400 יח',אין,0.00,יחידה,false,,30.90,0.0000,true,1,19662
7290108352641,false,סנו סושי מטלית הפלא,,,סנו סושי מטלית הפלא,אין,0.00,יחידה,false,,14.90,0.0000,true,1,19666
7290108352672,false,סנו סושי זוג מטלית ה,,,סנו סושי זוג מטלית ה,אין,0.00,יחידה,false,,19.90,0.0000,true,1,19669
7290108352702,false,שלישיית מגבוני טואלט,,,שלישיית מגבוני טואלט,אין,0.00,יחידה,false,,15.90,0.0000,true,1,19672
7290108352795,false,סנו סושי שקיות זיפר,,,סנו סושי שקיות זיפר,אין,0.00,יחידה,false,,12.90,0.0000,true,1,19674
7290108352801,false,סנו סושי 100 שקיות א,,,סנו סושי 100 שקיות א,יח',100.00,יח',false,,19.90,0.1990,true,1,19675
7290108352825,false,סנו סושי-ספוג הפלא נ,,,סנו סושי-ספוג הפלא נ,יח',3.00,יח',false,,9.90,3.3000,true,1,19677
7290108352849,false,סנו סושי מטלית הפלא,,,סנו סושי מטלית הפלא,אין,0.00,יחידה,false,,14.90,0.0000,true,1,19679
7290108352863,false,סנו סושי-20 שקיות צל,,,סנו סושי-20 שקיות צל,אין,0.00,יחידה,false,,7.90,0.0000,true,1,19681
7290108352887,false,סנו סושי זוג מפות שו,,,סנו סושי זוג מפות שו,אין,0.00,יחידה,false,,8.90,0.0000,true,1,19683
7290108352894,false,סנוסושי מפת שולחן חג,,,סנוסושי מפת שולחן חג,אין,0.00,יחידה,false,,7.90,0.0000,true,1,19684
7290108352900,false,סנו סושי מגבות נייר,,,סנו סושי מגבות נייר,אין,0.00,יחידה,false,,21.90,0.0000,true,1,19685
7290108353006,false,סנו סושי 250 שקיות א,,,סנו סושי 250 שקיות א,אין,0.00,יחידה,false,,13.90,0.0000,true,1,19695
7290108353020,false,סנו-סושי-4 תבניות אפ,,,סנו-סושי-4 תבניות אפ,אין,0.00,יחידה,false,,12.90,0.0000,true,1,19697
7290108353037,false,סנו-סושי-4 תבניות אפ,,,סנו-סושי-4 תבניות אפ,אין,0.00,יחידה,false,,12.90,0.0000,true,1,19698
7290108353075,false,סנו סושי 50 מפיות אי,,,סנו סושי 50 מפיות אי,אין,0.00,יחידה,false,,10.90,0.0000,true,1,19702
7290108353082,false,סנו סופט 120 ממחטות,,,סנו סופט 120 ממחטות,אין,0.00,יחידה,false,,8.90,0.0000,true,1,19703
7290108353099,false,סנו סופט 500 ממחטות,,,סנו סופט 500 ממחטות,אין,0.00,יחידה,false,,11.90,0.0000,true,1,19704
7290108353372,false,אורביטול מברשת שיניי,,,אורביטול מברשת שיניי,אין,0.00,יחידה,false,,30.90,0.0000,true,1,420227
7290108353440,false,צמד מברשות  שיניים 1,,,צמד מברשות  שיניים 1,אין,0.00,יחידה,false,,30.90,0.0000,true,1,120102
7290108353471,false,סנובון דזיין בניחוח,,,סנובון דזיין בניחוח,אין,0.00,יחידה,false,,6.90,0.0000,true,1,19713
7290108353495,false,חוט דנטלי אורביטול,,,חוט דנטלי אורביטול,אין,0.00,יחידה,false,,10.90,0.0000,true,1,383038
7290108353501,false,שקיות אשפה עם ידיות,,,שקיות אשפה עם ידיות,אין,0.00,יחידה,false,,19.90,0.0000,true,1,19715
7290108353518,false,סנו סושי 2 תבניות אל,,,סנו סושי 2 תבניות אל,אין,0.00,יחידה,false,,12.90,0.0000,true,1,19716
7290108353525,false,סנו סושי 4 תבניות אל,,,סנו סושי 4 תבניות אל,אין,0.00,יחידה,false,,12.90,0.0000,true,1,19717
7290108353532,false,שקיות אשפה בגליל סנו,,,שקיות אשפה בגליל סנו,אין,0.00,יחידה,false,,30.90,0.0000,true,1,19718
7290108353549,false,נייר אפיה סנו סושי 1,,,נייר אפיה סנו סושי 1,אין,0.00,יחידה,false,,19.90,0.0000,true,1,19719
7290108353648,false,סנו סושי 70 שקיות או,,,סנו סושי 70 שקיות או,אין,0.00,יחידה,false,,10.90,0.0000,true,1,19725
7290108353655,false,סנו סושי 50 מפיות אי,,,סנו סושי 50 מפיות אי,אין,0.00,יחידה,false,,10.90,0.0000,true,1,19726
7290108353662,false,סנוסושי מפת שולחן מו,,,סנוסושי מפת שולחן מו,אין,0.00,יחידה,false,,10.90,0.0000,true,1,381443
7290108353686,false,סנו סושי מטלית לריצפ,,,סנו סושי מטלית לריצפ,אין,0.00,יחידה,false,,12.90,0.0000,true,1,19728
7290108353716,false,תחליב רחצה חימר פיטא,,,תחליב רחצה חימר פיטא,מיליליטרים,500.00,"100 מ""ל",false,,12.90,0.0258,true,1,285784
7290108353723,false,תחליב רחצה חימר תה י,,,תחליב רחצה חימר תה י,מיליליטרים,500.00,"100 מ""ל",false,,12.90,0.0258,true,1,285770
7290108353730,false,תחליב רחצה חימר אוכמ,,,תחליב רחצה חימר אוכמ,מיליליטרים,500.00,"100 מ""ל",false,,12.90,0.0258,true,1,285756
7290108353785,false,תחליב רחצה מרוקו טונ,,,תחליב רחצה מרוקו טונ,מיליליטרים,750.00,"100 מ""ל",false,,11.90,0.0159,true,1,19731
7290108353808,false,תחליב רחצה מדגסקר אמ,,,תחליב רחצה מדגסקר אמ,מיליליטרים,750.00,"100 מ""ל",false,,11.90,0.0159,true,1,19733
7290108353969,false,דאודורנט ספריי ReFre,,,דאודורנט ספריי ReFre,מיליליטרים,150.00,"100 מ""ל",false,,12.90,0.0860,true,1,130511
7290108353983,false,קרם גוף קרמה קלאסי 5,,,קרם גוף קרמה קלאסי 5,מיליליטרים,500.00,"100 מ""ל",false,,24.90,0.0498,true,1,19737
7290108353990,false,קרם גוף קרמה מאסק 50,,,קרם גוף קרמה מאסק 50,מיליליטרים,500.00,"100 מ""ל",false,,24.90,0.0498,true,1,19738
7290108354225,false,סנו מדיק ג'ל לניקוי,,,סנו מדיק ג'ל לניקוי,מיליליטרים,100.00,"100 מ""ל",false,,9.90,0.0990,true,1,19743
7290108354270,false,מרכך בבישום עוצמתי מ,,,מרכך בבישום עוצמתי מ,ארגז,1.00,ליטר,false,,18.90,18.9000,true,1,142872
7290108354355,false,סנו מדיק מגבונים לני,,,סנו מדיק מגבונים לני,אין,0.00,יחידה,false,,9.90,0.0000,true,1,19744
7290108354430,false,שמפו כיף לשיקום והזנ,,,שמפו כיף לשיקום והזנ,מיליליטרים,700.00,"100 מ""ל",false,,11.90,0.0170,true,1,49469
7290108354447,false,מרכך כיף לשיקום והזנ,,,מרכך כיף לשיקום והזנ,מיליליטרים,700.00,"100 מ""ל",false,,11.90,0.0170,true,1,49470
7290108354492,false,שמפו לשיער רגיל קרלי,,,שמפו לשיער רגיל קרלי,מיליליטרים,700.00,"100 מ""ל",false,,13.90,0.0199,true,1,264797
7290108354706,false,תחליב רחצה מאסק קרמה,,,תחליב רחצה מאסק קרמה,מיליליטרים,500.00,"100 מ""ל",false,,12.90,0.0258,true,1,142927
7290108354911,false,שמפו  ג'ל רחצה וגילו,,,שמפו  ג'ל רחצה וגילו,מיליליטרים,700.00,"100 מ""ל",false,,18.90,0.0270,true,1,19753
7290108355000,false,שמפו מיניונים נקה 7,,,שמפו מיניונים נקה 7,מיליליטרים,750.00,"100 מ""ל",false,,11.90,0.0159,true,1,19757
7290108355062,false,לחות מקצועית עם קרטי,,,לחות מקצועית עם קרטי,מיליליטרים,400.00,"100 מ""ל",false,,30.90,0.0772,true,1,19761
7290108355499,false,דאודורנט סטיק קרמה ו,,,דאודורנט סטיק קרמה ו,מיליליטרים,70.00,"100 מ""ל",false,,17.90,0.2557,true,1,75342
7290108355543,false,דאודורנט ספריי ReFre,,,דאודורנט ספריי ReFre,מיליליטרים,150.00,"100 מ""ל",false,,12.90,0.0860,true,1,130527
7290108356113,false,תחליב רחצה דבש כיף 7,,,תחליב רחצה דבש כיף 7,מיליליטרים,700.00,"100 מ""ל",false,,11.90,0.0170,true,1,19820
7290108356137,false,תחליב רחצה לבנדר כיף,,,תחליב רחצה לבנדר כיף,מיליליטרים,700.00,"100 מ""ל",false,,11.90,0.0170,true,1,19822
7290108356151,false,תחליב רחצה מאסק יסמי,,,תחליב רחצה מאסק יסמי,מיליליטרים,700.00,"100 מ""ל",false,,11.90,0.0170,true,1,19824
7290108356168,false,תחליב רחצה אוקיינוס,,,תחליב רחצה אוקיינוס,מיליליטרים,700.00,"100 מ""ל",false,,11.90,0.0170,true,1,19825
7290108356342,false,סנו מדיק ג'ל הגייני,,,סנו מדיק ג'ל הגייני,מיליליטרים,500.00,"100 מ""ל",false,,19.90,0.0398,true,1,49417
7290108356519,false,שמפו לשיער בתוספת שמ,,,שמפו לשיער בתוספת שמ,מיליליטרים,700.00,"100 מ""ל",false,,13.90,0.0199,true,1,210509
7290108356526,false,שמפו לשיער יבש קרליי,,,שמפו לשיער יבש קרליי,מיליליטרים,700.00,"100 מ""ל",false,,13.90,0.0199,true,1,210549
7290108356533,false,שמפו לשיער מתולתל קר,,,שמפו לשיער מתולתל קר,מיליליטרים,700.00,"100 מ""ל",false,,13.90,0.0199,true,1,210563
7290108356564,false,מרכך לשיער רגיל קרלי,,,מרכך לשיער רגיל קרלי,מיליליטרים,700.00,"100 מ""ל",false,,13.90,0.0199,true,1,210579
7290108356571,false,מרכך לשיער יבש קרליי,,,מרכך לשיער יבש קרליי,מיליליטרים,700.00,"100 מ""ל",false,,13.90,0.0199,true,1,210580
7290108356588,false,מרכך לשיער מתולתל קר,,,מרכך לשיער מתולתל קר,מיליליטרים,700.00,"100 מ""ל",false,,13.90,0.0199,true,1,210581
7290108356816,false,סבון בוטני גרניום לנ,,,סבון בוטני גרניום לנ,ארגז,1.00,ליטר,false,,15.90,15.9000,true,1,422319
7290108357004,false,כיף שמפו לשיער ורד ו,,,כיף שמפו לשיער ורד ו,מיליליטרים,700.00,"100 מ""ל",false,,11.90,0.0170,true,1,19836
7290108357011,false,כיף מרכך לשיער ורד ו,,,כיף מרכך לשיער ורד ו,מיליליטרים,700.00,"100 מ""ל",false,,11.90,0.0170,true,1,19837
7290108357073,false,דיאודורנט ספריי בניח,,,דיאודורנט ספריי בניח,מיליליטרים,150.00,"100 מ""ל",false,,12.90,0.0860,true,1,285701
7290108357202,false,סנו קליר אקדח בניחוח,,,סנו קליר אקדח בניחוח,ארגז,1.00,ליטר,false,,11.90,11.9000,true,1,54756
7290108357226,false,אוקסיג'ן אבקה  להסרת,,,אוקסיג'ן אבקה  להסרת,אלף,1.40,"ק""ג",false,,29.90,21.3571,true,1,250533
7290108357240,false,אוקסיג'ן אבקה תוסף ל,,,אוקסיג'ן אבקה תוסף ל,אלף,1.40,"ק""ג",false,,29.90,21.3571,true,1,250534
7290108357257,false,מכשיר אוטומטי לבישום,,,מכשיר אוטומטי לבישום,מיליליטרים,250.00,"100 מ""ל",false,,44.90,0.1796,true,1,382862
7290108357271,false,סנובון ג'ל לניקוי אס,,,סנובון ג'ל לניקוי אס,מיליליטרים,750.00,"100 מ""ל",false,,11.90,0.0159,true,1,382904
7290108357295,false,מרסס אוקסיג'ן מסיר כ,,,מרסס אוקסיג'ן מסיר כ,מיליליטרים,750.00,"100 מ""ל",false,,17.90,0.0239,true,1,382890
7290108357301,false,סנו קיי-301 צהוב 300,,,סנו קיי-301 צהוב 300,מיליליטרים,300.00,"100 מ""ל",false,,12.90,0.0430,true,1,381400
7290108357431,false,קרם גוף  קרמה בריזת,,,קרם גוף  קרמה בריזת,מיליליטרים,500.00,"100 מ""ל",false,,24.90,0.0498,true,1,19843
7290108357653,false,סנובון סבון ג'ל לאסל,,,סנובון סבון ג'ל לאסל,גרמים,315.00,100 גרם,false,,16.90,0.0537,true,1,459432
7290108357660,false,סנובון סבון ג'ל לאסל,,,סנובון סבון ג'ל לאסל,גרמים,315.00,100 גרם,false,,16.90,0.0537,true,1,459433
7290108357707,false,שמפו לשיער רגיל תפוח,,,שמפו לשיער רגיל תפוח,מיליליטרים,700.00,"100 מ""ל",false,,11.90,0.0170,true,1,19844
7290108357714,false,שמפו לשיער יבש רימונ,,,שמפו לשיער יבש רימונ,מיליליטרים,700.00,"100 מ""ל",false,,11.90,0.0170,true,1,19845
7290108357745,false,שמפו ומרכך תאנה ומנט,,,שמפו ומרכך תאנה ומנט,מיליליטרים,700.00,"100 מ""ל",false,,11.90,0.0170,true,1,19847
7290108357769,false,מרכך לשיער רגיל תפוח,,,מרכך לשיער רגיל תפוח,מיליליטרים,700.00,"100 מ""ל",false,,11.90,0.0170,true,1,19849
7290108357776,false,מרכך לשיער יבש רימונ,,,מרכך לשיער יבש רימונ,מיליליטרים,700.00,"100 מ""ל",false,,11.90,0.0170,true,1,19850
7290108357875,false,שמפו לחות מוגברת אפר,,,שמפו לחות מוגברת אפר,מיליליטרים,700.00,"100 מ""ל",false,,11.90,0.0170,true,1,285574
7290108357882,false,מרכך לחות מוגברת אפר,,,מרכך לחות מוגברת אפר,מיליליטרים,700.00,"100 מ""ל",false,,11.90,0.0170,true,1,285588
7290108358124,false,דפי בישום לחים למייב,,,דפי בישום לחים למייב,אין,0.00,יחידה,false,,12.90,0.0000,true,1,459403
7290108359015,false,שקיות זיפר עם סליידר,,,שקיות זיפר עם סליידר,אין,0.00,יחידה,false,,14.90,0.0000,true,1,214043
7290108359039,false,שקיות אשפה לפח גבוהה,,,שקיות אשפה לפח גבוהה,יח',100.00,יח',false,,19.90,0.1990,true,1,74903
7290108359060,false,כריות ניקוי לשבת 4 י,,,כריות ניקוי לשבת 4 י,אין,0.00,יחידה,false,,11.90,0.0000,true,1,147042
7290108359077,false,ממחטות אף בקופסא 3 ש,,,ממחטות אף בקופסא 3 ש,אין,0.00,יחידה,false,,12.90,0.0000,true,1,214057
7290108359084,false,סנו סושי כיסוי ניילו,,,סנו סושי כיסוי ניילו,אין,0.00,יחידה,false,,11.90,0.0000,true,1,446639
7290108359091,false,סנו סושי כיסוי ניילו,,,סנו סושי כיסוי ניילו,אין,0.00,יחידה,false,,11.90,0.0000,true,1,446654
7290108359114,false,סנו סושי חמגשית אלומ,,,סנו סושי חמגשית אלומ,אין,0.00,יחידה,false,,10.90,0.0000,true,1,383052
7290108359121,false,שקיות אשפה חזקות במי,,,שקיות אשפה חזקות במי,אין,0.00,יחידה,false,,59.90,0.0000,true,1,250695
7290108359138,false,שקיות אשפה עם שרוך ס,,,שקיות אשפה עם שרוך ס,אין,0.00,יחידה,false,,59.90,0.0000,true,1,250696
7290108359152,false,סנו סושי-6 תבניות אל,,,סנו סושי-6 תבניות אל,אין,0.00,יחידה,false,,11.90,0.0000,true,1,443411
7290108359169,false,סנו סושי-6 תבניות אל,,,סנו סושי-6 תבניות אל,אין,0.00,יחידה,false,,11.90,0.0000,true,1,443412
7290108359183,false,שקיות אשפה L  עם ידי,,,שקיות אשפה L  עם ידי,אין,0.00,יחידה,false,,22.90,0.0000,true,1,442517
7290108359879,false,אלסבון HYDROMOIST  ב,,,אלסבון HYDROMOIST  ב,מיליליטרים,750.00,"100 מ""ל",false,,15.90,0.0212,true,1,19858
7290108359893,false,תחליב רחצה HYDROMOIS,,,תחליב רחצה HYDROMOIS,מיליליטרים,750.00,"100 מ""ל",false,,15.90,0.0212,true,1,19860
7290108359985,false,אקונומיקה מרסס עם ממ,,,אקונומיקה מרסס עם ממ,ארגז,1.00,ליטר,false,,17.90,17.9000,true,1,255080
7290108501353,false,פילה אנשובי ארוך בשמ,,,פילה אנשובי ארוך בשמ,גרמים,45.00,100 גרם,false,,5.90,0.1311,true,1,5372
7290108501360,false,גבינת צ'דר בשלה 200,,,גבינת צ'דר בשלה 200,גרמים,200.00,100 גרם,false,,17.90,0.0895,true,1,3574
7290108501490,false,גבינה מוצרלה פרוסות,,,גבינה מוצרלה פרוסות,גרמים,150.00,100 גרם,false,,12.90,0.0860,true,1,5373
7290108501971,false,חטיף שקדים ומשמש HAP,,,חטיף שקדים ומשמש HAP,גרמים,140.00,100 גרם,false,,9.90,0.0707,true,1,5397
7290108502305,false,גבינת גרנה פדנו משול,,,גבינת גרנה פדנו משול,גרמים,150.00,100 גרם,false,,15.90,0.1060,true,1,5403
7290108502336,false,גבינת גורגונזולה איט,,,גבינת גורגונזולה איט,גרמים,150.00,100 גרם,false,,24.90,0.1660,true,1,5404
7290108502381,false,תחתיות לפיצה קוטר 26,,,תחתיות לפיצה קוטר 26,אין,0.00,יחידה,false,,12.90,0.0000,true,1,5405
7290108503043,false,מארז רביעייה תפוחוני,,,מארז רביעייה תפוחוני,גרמים,88.00,100 גרם,false,,10.00,0.1136,true,1,5426
7290108503791,false,ניוקי תפוחי אדמה 3 צ,,,ניוקי תפוחי אדמה 3 צ,גרמים,500.00,100 גרם,false,,11.90,0.0238,true,1,59785
7290108503982,false,פרוסות גבינה בטעם צ',,,פרוסות גבינה בטעם צ',גרמים,150.00,100 גרם,false,,8.90,0.0593,true,1,5450
7290108504286,false,איבריקו צ'אנק 150 גר,,,איבריקו צ'אנק 150 גר,גרמים,150.00,100 גרם,false,,16.90,0.1127,true,1,5459
7290108504293,false,מנצ'גו צ'אנק 150 גר',,,מנצ'גו צ'אנק 150 גר',גרמים,150.00,100 גרם,false,,16.90,0.1127,true,1,5460
7290108504934,false,דפי אורז למילוי קוטר,,,דפי אורז למילוי קוטר,גרמים,300.00,100 גרם,false,,9.90,0.0330,true,1,267613
7290108505160,false,יוגורט יווני עם אגסי,,,יוגורט יווני עם אגסי,גרמים,150.00,100 גרם,false,,4.90,0.0327,true,1,5481
7290108505184,false,יוגורט יווני עם קוקו,,,יוגורט יווני עם קוקו,גרמים,150.00,100 גרם,false,,4.90,0.0327,true,1,5483
7290108505191,false,י.יווני עם פצפוצי שו,,,י.יווני עם פצפוצי שו,גרמים,150.00,100 גרם,false,,4.90,0.0327,true,1,5484
7290108505207,false,יוגורט יווני עם אוכמ,,,יוגורט יווני עם אוכמ,גרמים,150.00,100 גרם,false,,4.90,0.0327,true,1,5485
7290108505214,false,יוגורט יווני עם אפרס,,,יוגורט יווני עם אפרס,גרמים,150.00,100 גרם,false,,4.90,0.0327,true,1,5486
7290108505726,false,אצבעות גבינה חצי קשה,,,אצבעות גבינה חצי קשה,גרמים,200.00,100 גרם,false,,12.80,0.0640,true,1,5494
7290108505740,false,גבינת קשקבל חצי קשה,,,גבינת קשקבל חצי קשה,גרמים,200.00,100 גרם,false,,12.80,0.0640,true,1,5496
7290108506426,false,סימיט בייגלה קפוא 40,,,סימיט בייגלה קפוא 40,גרמים,400.00,100 גרם,false,,19.90,0.0497,true,1,5509
7290108506488,false,סופלה שוקולד קפוא 20,,,סופלה שוקולד קפוא 20,גרמים,200.00,100 גרם,false,,14.90,0.0745,true,1,5510
7290108506495,false,כנאפה קפוא 192.5 גרם,,,כנאפה קפוא 192.5 גרם,גרמים,192.50,100 גרם,false,,11.90,0.0618,true,1,5511
7290108506969,false,מ.בורקס מים תורכי גב,,,מ.בורקס מים תורכי גב,גרמים,300.00,100 גרם,false,,9.90,0.0330,true,1,5525
7290108507058,false,ביסקויט פריך בשוקולד,,,ביסקויט פריך בשוקולד,גרמים,100.00,100 גרם,false,,6.90,0.0690,true,1,238365
7290108507065,false,גבינת פרמגיאנו רגיאנ,,,גבינת פרמגיאנו רגיאנ,גרמים,100.00,100 גרם,false,,13.90,0.1390,true,1,62516
7290108507911,false,קינואה עם טונה וירקו,,,קינואה עם טונה וירקו,גרמים,160.00,100 גרם,false,,11.90,0.0744,true,1,83992
7290108507942,false,ירקות גינה עם טונה 1,,,ירקות גינה עם טונה 1,גרמים,160.00,100 גרם,false,,11.90,0.0744,true,1,83993
7290108508499,false,משקה יוגורט בסגנון ט,,,משקה יוגורט בסגנון ט,גרמים,293.00,100 גרם,false,,4.90,0.0167,true,1,62474
7290108508543,false,אפונה מבושלת 700 גרם,,,אפונה מבושלת 700 גרם,גרמים,700.00,100 גרם,false,,10.00,0.0143,true,1,83995
7290108508567,false,שעועית אדומה מבושלת,,,שעועית אדומה מבושלת,גרמים,700.00,100 גרם,false,,10.00,0.0143,true,1,83996
7290108509090,false,גבינה מותכת משולשים,,,גבינה מותכת משולשים,גרמים,200.00,100 גרם,false,,14.90,0.0745,true,1,102610
7290108509106,false,גבינה בולגרית מעודנת,,,גבינה בולגרית מעודנת,גרמים,200.00,100 גרם,false,,11.90,0.0595,true,1,102624
7290108509120,false,גבינה בולגרית מעודנת,,,גבינה בולגרית מעודנת,גרמים,500.00,100 גרם,false,,19.90,0.0398,true,1,102718
7290108509137,false,גבינה בולגרית מעודנת,,,גבינה בולגרית מעודנת,גרמים,250.00,100 גרם,false,,11.90,0.0476,true,1,102625
7290108509199,false,גבינה פטה 500 גרם -,,,גבינה פטה 500 גרם -,גרמים,500.00,100 גרם,false,,22.90,0.0458,true,1,94026
7290108509205,false,חטיף אורז אפוי לתינו,,,חטיף אורז אפוי לתינו,גרמים,50.00,100 גרם,false,,11.90,0.2380,true,1,198643
7290108509212,false,חטיף אורז אפוי לתינו,,,חטיף אורז אפוי לתינו,גרמים,50.00,100 גרם,false,,11.90,0.2380,true,1,198658
7290108509250,false,אנטיפסטי ארטישוק  עג,,,אנטיפסטי ארטישוק  עג,גרמים,580.00,100 גרם,false,,21.90,0.0378,true,1,83939
7290108509267,false,ארוחת פסטה עם רוטב ג,,,ארוחת פסטה עם רוטב ג,גרמים,206.00,100 גרם,false,,7.90,0.0383,true,1,108073
7290108509359,false,פופקורן בציפוי בטעם,,,פופקורן בציפוי בטעם,גרמים,90.00,100 גרם,false,,7.90,0.0878,true,1,214716
7290108509656,false,מיקס זיתים פרוסים במ,,,מיקס זיתים פרוסים במ,גרמים,800.00,100 גרם,false,,9.90,0.0124,true,1,127725
7290108509700,false,"אורז פרסי 1 ק""ג DAAW",,,"אורז פרסי 1 ק""ג DAAW",אלף,1.00,"ק""ג",false,,9.90,9.9000,true,1,150255
7290108509939,false,פרוסות פילה טונה 120,,,פרוסות פילה טונה 120,גרמים,120.00,100 גרם,false,,12.90,0.1075,true,1,198754
7290108509960,false,שלישיית נתחי טונה בה,,,שלישיית נתחי טונה בה,גרמים,240.00,100 גרם,false,,14.90,0.0621,true,1,198727
7290109351025,false,מלך החומוס חומוס טחי,,,מלך החומוס חומוס טחי,גרמים,400.00,100 גרם,false,,13.90,0.0348,true,1,13757
7290109352916,false,בר פריכיות שוקולד לב,,,בר פריכיות שוקולד לב,גרמים,84.00,100 גרם,false,,11.90,0.1417,true,1,13761
7290109354057,false,"מאגדת 5 י""ח לה פרוטה",,,"מאגדת 5 י""ח לה פרוטה",גרמים,350.00,100 גרם,false,,23.90,0.0683,true,1,11878
7290109354972,false,אסם פתי בר ללא גלוטן,,,אסם פתי בר ללא גלוטן,גרמים,200.00,100 גרם,false,,9.90,0.0495,true,1,13276
7290109354996,false,אסם פתי בר ללא גלוטן,,,אסם פתי בר ללא גלוטן,גרמים,200.00,100 גרם,false,,9.90,0.0495,true,1,13277
7290109358284,false,טבעול שניצל  תירס  ע,,,טבעול שניצל  תירס  ע,גרמים,664.00,100 גרם,false,,30.90,0.0465,true,1,13769
7290109490274,false,משטח לייבוש כלים,,,משטח לייבוש כלים,אין,0.00,יחידה,false,,12.90,0.0000,true,1,53134
7290109580043,false,זוגלובק שניצל תירס 1,,,זוגלובק שניצל תירס 1,אלף,1.75,"ק""ג",false,,49.90,28.5143,true,1,24811
7290109580067,false,טחון מן הצומח וונדרס,,,טחון מן הצומח וונדרס,גרמים,340.00,100 גרם,false,,29.90,0.0879,true,1,60734
7290109580098,false,קבנוס בטעם סרירצ'ה ז,,,קבנוס בטעם סרירצ'ה ז,גרמים,135.00,100 גרם,false,,10.90,0.0807,true,1,273535
7290109580104,false,רוסטביף זוגלובק פרמי,,,רוסטביף זוגלובק פרמי,גרמים,150.00,100 גרם,false,,24.90,0.1660,true,1,62275
7290109580111,false,צלעות אסאדו מעושנות,,,צלעות אסאדו מעושנות,גרמים,180.00,100 גרם,false,,24.90,0.1383,true,1,249963
7290109580159,false,פסטרמה בנוסח טוסקנה,,,פסטרמה בנוסח טוסקנה,גרמים,180.00,100 גרם,false,,24.90,0.1383,true,1,62278
7290109580166,false,סרוולד קלאסי זוגלובק,,,סרוולד קלאסי זוגלובק,גרמים,150.00,100 גרם,false,,24.90,0.1660,true,1,62279
7290109580210,false,נקנקיות  ריינהולד'ס,,,נקנקיות  ריינהולד'ס,גרמים,300.00,100 גרם,false,,19.90,0.0663,true,1,184787
7290109580227,false,נקנקיות ריינהולד'ס ק,,,נקנקיות ריינהולד'ס ק,גרמים,300.00,100 גרם,false,,19.90,0.0663,true,1,184801
7290109580241,false,נאגטס מן הצומח זוגלו,,,נאגטס מן הצומח זוגלו,גרמים,500.00,100 גרם,false,,19.90,0.0398,true,1,381261
7290109580319,false,בורגר מן הצומח וונדר,,,בורגר מן הצומח וונדר,גרמים,280.00,100 גרם,false,,29.90,0.1068,true,1,210755
7290109580432,false,פסטרמה אקסטרה מעושנת,,,פסטרמה אקסטרה מעושנת,גרמים,120.00,100 גרם,false,,13.50,0.1125,true,1,381527
7290109640464,false,פתיתים טבעוניים בסגנ,,,פתיתים טבעוניים בסגנ,גרמים,150.00,100 גרם,false,,20.90,0.1393,true,1,132995
7290109640778,false,מאפה פילאס טבעוני במ,,,מאפה פילאס טבעוני במ,גרמים,600.00,100 גרם,false,,22.90,0.0382,true,1,133038
7290109921372,false,משחת אסטוניש+ספוג 25,,,משחת אסטוניש+ספוג 25,גרמים,250.00,100 גרם,false,,14.90,0.0596,true,1,9547
7290109923024,false,אסטוניש פרימיום ארומ,,,אסטוניש פרימיום ארומ,מיליליטרים,750.00,"100 מ""ל",false,,14.90,0.0199,true,1,281962
7290109923147,false,אסטוניש מרסס פלא של,,,אסטוניש מרסס פלא של,מיליליטרים,750.00,"100 מ""ל",false,,11.90,0.0159,true,1,410846
7290110058814,false,שלישיית ביצי שוקולד,,,שלישיית ביצי שוקולד,גרמים,60.00,100 גרם,false,,12.90,0.2150,true,1,21284
7290110110277,false,רביעיית סמרסבי סיידר,,,רביעיית סמרסבי סיידר,ארגז,1.32,ליטר,false,,36.90,27.9545,true,1,7485
7290110110352,false,קרסלברג  0% אלכהל בו,,,קרסלברג  0% אלכהל בו,מיליליטרים,330.00,"100 מ""ל",false,,5.90,0.0179,true,1,772
7290110110369,false,שישיית בירה קרלסברג,,,שישיית בירה קרלסברג,ארגז,1.98,ליטר,false,,35.90,18.1313,true,1,7486
7290110110574,false,פחית סליק קולה ZERO,,,פחית סליק קולה ZERO,מיליליטרים,330.00,"100 מ""ל",false,,5.50,0.0167,true,1,7497
7290110113476,false,קרלסברג 0.0 בקבוק 6*,,,קרלסברג 0.0 בקבוק 6*,ארגז,1.98,ליטר,false,,30.90,15.6061,true,1,7561
7290110114787,false,נביעות + תפוח 1.5 לי,,,נביעות + תפוח 1.5 לי,ארגז,1.50,ליטר,false,,8.90,5.9333,true,1,154334
7290110114794,false,נביעות + אפרסק 1.5 ל,,,נביעות + אפרסק 1.5 ל,ארגז,1.50,ליטר,false,,8.90,5.9333,true,1,154335
7290110114800,false,נביעות + ענבים 1.5 ל,,,נביעות + ענבים 1.5 ל,ארגז,1.50,ליטר,false,,8.90,5.9333,true,1,154350
7290110114855,false,מי נביעות שישייה 1.5,,,מי נביעות שישייה 1.5,ארגז,9.00,ליטר,false,,13.90,1.5444,true,1,154404
7290110114893,false,פריגת סחוט תפוזים 2,,,פריגת סחוט תפוזים 2,ארגז,2.00,ליטר,false,,29.20,14.6000,true,1,154217
7290110114916,false,פריגת סחוט לימונענע,,,פריגת סחוט לימונענע,ארגז,2.00,ליטר,false,,29.20,14.6000,true,1,154233
7290110114954,false,מיץ תפוזים מתקתק 100,,,מיץ תפוזים מתקתק 100,ארגז,2.00,ליטר,false,,22.20,11.1000,true,1,154234
7290110114961,false,פריגת תפוזים 1.5 ליט,,,פריגת תפוזים 1.5 ליט,ארגז,1.50,ליטר,false,,8.90,5.9333,true,1,154418
7290110114985,false,פריגת אשכולית 1.5 לי,,,פריגת אשכולית 1.5 לי,ארגז,1.50,ליטר,false,,8.90,5.9333,true,1,154433
7290110114992,false,פריגת דיאט אשכולית 1,,,פריגת דיאט אשכולית 1,ארגז,1.50,ליטר,false,,8.50,5.6667,true,1,154447
7290110115005,false,פריגת ענבים 1.5 ליטר,,,פריגת ענבים 1.5 ליטר,ארגז,1.50,ליטר,false,,8.90,5.9333,true,1,154474
7290110115029,false,פריגת תפוחים 1.5 ליט,,,פריגת תפוחים 1.5 ליט,ארגז,1.50,ליטר,false,,8.90,5.9333,true,1,154516
7290110115036,false,פריגת מנגו 1.5 ליטר,,,פריגת מנגו 1.5 ליטר,ארגז,1.50,ליטר,false,,8.90,5.9333,true,1,154531
7290110115043,false,פריגת לימונענע 1.5 ל,,,פריגת לימונענע 1.5 ל,ארגז,1.50,ליטר,false,,8.90,5.9333,true,1,154532
7290110115050,false,פריגת מיקס תות בננה,,,פריגת מיקס תות בננה,ארגז,1.50,ליטר,false,,8.90,5.9333,true,1,154546
7290110115081,false,פריגת צלול ענבים 1.5,,,פריגת צלול ענבים 1.5,ארגז,1.50,ליטר,false,,8.50,5.6667,true,1,154652
7290110115104,false,פריגת צלול אפרסק 1.5,,,פריגת צלול אפרסק 1.5,ארגז,1.50,ליטר,false,,8.50,5.6667,true,1,154654
7290110115111,false,פריגת צלול אננס 1.5,,,פריגת צלול אננס 1.5,ארגז,1.50,ליטר,false,,8.50,5.6667,true,1,154655
7290110115128,false,פריגת צלול בטעם לימו,,,פריגת צלול בטעם לימו,ארגז,1.50,ליטר,false,,8.50,5.6667,true,1,154656
7290110115180,false,נביעות 1.5 ליטר,,,נביעות 1.5 ליטר,ארגז,1.50,ליטר,false,,3.20,2.1333,true,1,193565
7290110115203,false,קוקה קולה 1.5 ליטר,,,קוקה קולה 1.5 ליטר,ארגז,1.50,ליטר,false,,8.90,5.9333,true,1,154673
7290110115210,false,דיאט קוקה קולה 1.5 ל,,,דיאט קוקה קולה 1.5 ל,ארגז,1.50,ליטר,false,,8.50,5.6667,true,1,154674
7290110115227,false,קוקה קולה זירו בקבוק,,,קוקה קולה זירו בקבוק,ארגז,1.50,ליטר,false,,8.50,5.6667,true,1,154675
7290110115234,false,קולה ZERO נטול 1.5 ל,,,קולה ZERO נטול 1.5 ל,ארגז,1.50,ליטר,false,,8.50,5.6667,true,1,154676
7290110115241,false,קולה ZERO לימון 1.5,,,קולה ZERO לימון 1.5,ארגז,1.50,ליטר,false,,8.50,5.6667,true,1,154692
7290110115258,false,קוקה קולה זירו מנגו,,,קוקה קולה זירו מנגו,ארגז,1.50,ליטר,false,,8.50,5.6667,true,1,154693
7290110115265,false,ספרייט 1.5 ליטר LIME,,,ספרייט 1.5 ליטר LIME,ארגז,1.50,ליטר,false,,8.90,5.9333,true,1,154778
7290110115272,false,ספרייט זירו 1.5 ליטר,,,ספרייט זירו 1.5 ליטר,ארגז,1.50,ליטר,false,,8.50,5.6667,true,1,154779
7290110115289,false,ספרייט 19 קלוריות לי,,,ספרייט 19 קלוריות לי,ארגז,1.50,ליטר,false,,8.50,5.6667,true,1,154821
7290110115296,false,פאנטה אורנג' 1.5 ליט,,,פאנטה אורנג' 1.5 ליט,ארגז,1.50,ליטר,false,,8.90,5.9333,true,1,154822
7290110115302,false,פאנטה זירו בטעם אורנ,,,פאנטה זירו בטעם אורנ,ארגז,1.50,ליטר,false,,8.90,5.9333,true,1,154836
7290110115319,false,פאנטה אקזוטיק 1.5 לי,,,פאנטה אקזוטיק 1.5 לי,ארגז,1.50,ליטר,false,,8.90,5.9333,true,1,154852
7290110115326,false,פאנטה אורנג' מנגו 1.,,,פאנטה אורנג' מנגו 1.,ארגז,1.50,ליטר,false,,8.90,5.9333,true,1,154853
7290110115340,false,פאנטה ענבים 1.5 ליטר,,,פאנטה ענבים 1.5 ליטר,ארגז,1.50,ליטר,false,,8.90,5.9333,true,1,154868
7290110115357,false,קינלי סודה 1.5 ליטר,,,קינלי סודה 1.5 ליטר,ארגז,1.50,ליטר,false,,3.50,2.3333,true,1,154895
7290110115364,false,קוקה קולה 6*1.5 ליטר,,,קוקה קולה 6*1.5 ליטר,ארגז,9.00,ליטר,false,,49.90,5.5444,true,1,154694
7290110115371,false,קוקה קולה דיאט  6*1.,,,קוקה קולה דיאט  6*1.,ארגז,9.00,ליטר,false,,47.10,5.2333,true,1,154695
7290110115388,false,ספרייט  6*1.5 ליטר L,,,ספרייט  6*1.5 ליטר L,ארגז,9.00,ליטר,false,,49.90,5.5444,true,1,154793
7290110115395,false,ספרייט זירו 6* 1.5 ל,,,ספרייט זירו 6* 1.5 ל,ארגז,9.00,ליטר,false,,47.10,5.2333,true,1,154807
7290110115401,false,קינלי סודה 6*1.5 ליט,,,קינלי סודה 6*1.5 ליט,ארגז,9.00,ליטר,false,,14.90,1.6556,true,1,179783
7290110115418,false,קוקה קולה זירו שישיי,,,קוקה קולה זירו שישיי,ארגז,9.00,ליטר,false,,46.90,5.2111,true,1,154696
7290110115425,false,פיוז טי לימון נענע 1,,,פיוז טי לימון נענע 1,ארגז,1.50,ליטר,false,,8.90,5.9333,true,1,154910
7290110115449,false,פיוז טי מנגו אננס 1.,,,פיוז טי מנגו אננס 1.,ארגז,1.50,ליטר,false,,9.50,6.3333,true,1,154912
7290110115456,false,פיוז טי אפרסק  19 קל,,,פיוז טי אפרסק  19 קל,ארגז,1.50,ליטר,false,,8.90,5.9333,true,1,154913
7290110115463,false,פיוז טי אפרסק 1.5 לי,,,פיוז טי אפרסק 1.5 לי,ארגז,1.50,ליטר,false,,9.50,6.3333,true,1,154928
7290110115494,false,פיוז טי ענבים 1.5 לי,,,פיוז טי ענבים 1.5 לי,ארגז,1.50,ליטר,false,,9.50,6.3333,true,1,154945
7290110115531,false,פאנטה זירו בטעם תפוח,,,פאנטה זירו בטעם תפוח,ארגז,1.50,ליטר,false,,8.90,5.9333,true,1,154837
7290110115586,false,משקה קל בטעם תפוזים,,,משקה קל בטעם תפוזים,ארגז,1.50,ליטר,false,,8.50,5.6667,true,1,154636
7290110115593,false,משקה קל בטעם אשכוליו,,,משקה קל בטעם אשכוליו,ארגז,1.50,ליטר,false,,8.50,5.6667,true,1,154637
7290110115616,false,פיוז טי ZERO גרין אנ,,,פיוז טי ZERO גרין אנ,ארגז,1.50,ליטר,false,,8.90,5.9333,true,1,227131
7290110115869,false,קוקה קולה זירו בקבוק,,,קוקה קולה זירו בקבוק,ארגז,1.50,ליטר,false,,8.50,5.6667,true,1,449773
7290110116125,false,סירופ פריגת טעם פטל,,,סירופ פריגת טעם פטל,מיליליטרים,750.00,"100 מ""ל",false,,18.90,0.0252,true,1,382793
7290110116132,false,סירופ פריגת טעם לימו,,,סירופ פריגת טעם לימו,מיליליטרים,750.00,"100 מ""ל",false,,18.90,0.0252,true,1,382794
7290110116149,false,סירופ פריגת טעם ענבי,,,סירופ פריגת טעם ענבי,מיליליטרים,750.00,"100 מ""ל",false,,18.90,0.0252,true,1,382795
7290110116194,false,נביעות+ לימון ליים 0,,,נביעות+ לימון ליים 0,ארגז,1.50,ליטר,false,,9.90,6.6000,true,1,420165
7290110116217,false,נביעות+ אשכולית 0 קל,,,נביעות+ אשכולית 0 קל,ארגז,1.50,ליטר,false,,8.90,5.9333,true,1,420166
7290110116385,false,סליק זירו  מרשמלו 33,,,סליק זירו  מרשמלו 33,מיליליטרים,330.00,"100 מ""ל",false,,5.50,0.0167,true,1,422074
7290110116392,false,סירופ בטעם תפוזים 75,,,סירופ בטעם תפוזים 75,מיליליטרים,750.00,"100 מ""ל",false,,18.90,0.0252,true,1,420197
7290110320591,false,בולגרית 16% במרקם מע,,,בולגרית 16% במרקם מע,גרמים,250.00,100 גרם,false,,19.80,0.0792,true,1,16995
7290110320683,false,משקה יופלה שמיניה בט,,,משקה יופלה שמיניה בט,מיליליטרים,856.00,"100 מ""ל",false,,16.90,0.0197,true,1,16997
7290110320850,false,עמק פתיתים  200 גרם,,,עמק פתיתים  200 גרם,גרמים,200.00,100 גרם,false,,14.90,0.0745,true,1,17003
7290110320867,false,עמק פתיתים למאפים 28,,,עמק פתיתים למאפים 28,גרמים,500.00,100 גרם,false,,28.90,0.0578,true,1,17004
7290110320935,false,פרוסות מוצרלה 150 גר,,,פרוסות מוצרלה 150 גר,גרמים,150.00,100 גרם,false,,15.80,0.1053,true,1,17005
7290110321277,false,קוטג' תנובה בקטנה  5,,,קוטג' תנובה בקטנה  5,גרמים,100.00,100 גרם,false,,2.30,0.0230,true,1,17019
7290110321284,false,קוטג' תנובה בקטנה  9,,,קוטג' תנובה בקטנה  9,גרמים,100.00,100 גרם,false,,2.30,0.0230,true,1,17020
7290110321680,false,יופלה גו בטעם תות 20,,,יופלה גו בטעם תות 20,גרמים,200.00,100 גרם,false,,5.90,0.0295,true,1,17033
7290110321697,false,יופלה גו בטעם  אפרסק,,,יופלה גו בטעם  אפרסק,מיליליטרים,200.00,"100 מ""ל",false,,5.90,0.0295,true,1,17034
7290110321789,false,גבינת מסקרפונה 38% ש,,,גבינת מסקרפונה 38% ש,גרמים,250.00,100 גרם,false,,18.80,0.0752,true,1,17040
7290110322014,false,טופו טבעי 300 גרם,,,טופו טבעי 300 גרם,גרמים,300.00,100 גרם,false,,11.80,0.0393,true,1,17048
7290110322038,false,טופו  פיקנטי 300 גרם,,,טופו  פיקנטי 300 גרם,גרמים,300.00,100 גרם,false,,11.80,0.0393,true,1,17050
7290110322946,false,יופלה טיוב יוגורט במ,,,יופלה טיוב יוגורט במ,מיליליטרים,348.00,"100 מ""ל",false,,11.80,0.0339,true,1,17070
7290110323301,false,גבינת עמק טל 32% שומ,,,גבינת עמק טל 32% שומ,גרמים,200.00,100 גרם,false,,17.80,0.0890,true,1,17087
7290110323585,false,יופלה GO לייט עם דוב,,,יופלה GO לייט עם דוב,גרמים,200.00,100 גרם,false,,5.90,0.0295,true,1,17105
7290110323714,false,תנובה משקה קוקוס שקד,,,תנובה משקה קוקוס שקד,אין,0.00,יחידה,false,,12.90,0.0000,true,1,17114
7290110323998,false,מאגדת  8 מיני קרלו ק,,,מאגדת  8 מיני קרלו ק,גרמים,616.00,100 גרם,false,,11.90,0.0193,true,1,89622
7290110324070,false,גבינת חלומי מחלב בקר,,,גבינת חלומי מחלב בקר,גרמים,200.00,100 גרם,false,,18.90,0.0945,true,1,68570
7290110324353,false,יופלה גו לייט בטעם א,,,יופלה גו לייט בטעם א,גרמים,200.00,100 גרם,false,,5.90,0.0295,true,1,17146
7290110324551,false,יופלה טיוב יוגורט במ,,,יופלה טיוב יוגורט במ,מיליליטרים,348.00,"100 מ""ל",false,,11.80,0.0339,true,1,17157
7290110324711,false,ממרח סויה 9% בטעם טב,,,ממרח סויה 9% בטעם טב,גרמים,250.00,100 גרם,false,,7.80,0.0312,true,1,17167
7290110324841,false,מעדן שקדים עם שוקולד,,,מעדן שקדים עם שוקולד,גרמים,125.00,100 גרם,false,,4.50,0.0360,true,1,17175
7290110324858,false,מעדן שקדים בטעם אגוז,,,מעדן שקדים בטעם אגוז,גרמים,125.00,100 גרם,false,,4.50,0.0360,true,1,17176
7290110324872,false,גלבוע גבינה פרוסה 5%,,,גלבוע גבינה פרוסה 5%,גרמים,200.00,100 גרם,false,,17.50,0.0875,true,1,17177
7290110324926,false,משקה סויה ללא תוספת,,,משקה סויה ללא תוספת,אין,0.00,יחידה,false,,9.90,0.0000,true,1,17181
7290110325114,false,יופלה משקה יוגורט גו,,,יופלה משקה יוגורט גו,מיליליטרים,250.00,"100 מ""ל",false,,6.50,0.0260,true,1,17193
7290110325169,false,פרוסות גאודה 170 גרם,,,פרוסות גאודה 170 גרם,גרמים,170.00,100 גרם,false,,16.90,0.0994,true,1,17195
7290110325305,false,יופלה סויה גו 20 גרם,,,יופלה סויה גו 20 גרם,גרמים,200.00,100 גרם,false,,5.90,0.0295,true,1,17199
7290110325312,false,יופלה סויה גו 20 גרם,,,יופלה סויה גו 20 גרם,גרמים,200.00,100 גרם,false,,5.90,0.0295,true,1,17200
7290110325510,false,יופלה טיוב יוגורט במ,,,יופלה טיוב יוגורט במ,מיליליטרים,348.00,"100 מ""ל",false,,11.80,0.0339,true,1,17205
7290110325619,false,תנובה משקה שיבולת שו,,,תנובה משקה שיבולת שו,אין,0.00,יחידה,false,,12.90,0.0000,true,1,17208
7290110325701,false,פיראוס צזיקי יווני 9,,,פיראוס צזיקי יווני 9,גרמים,250.00,100 גרם,false,,11.80,0.0472,true,1,17214
7290110325893,false,משקה תנובה GO אייס ק,,,משקה תנובה GO אייס ק,גרמים,340.00,100 גרם,false,,7.90,0.0232,true,1,17229
7290110326210,false,יופלה און טופ פצפוצי,,,יופלה און טופ פצפוצי,גרמים,157.00,100 גרם,false,,4.90,0.0312,true,1,17242
7290110326234,false,יופלה און טופ כוכבים,,,יופלה און טופ כוכבים,גרמים,157.00,100 גרם,false,,4.90,0.0312,true,1,17244
7290110326241,false,יופלה און טופ גרנולה,,,יופלה און טופ גרנולה,אין,157.00,יחידה,false,,4.90,0.0312,true,1,17245
7290110326333,false,פרוסות גבינה סקנדינב,,,פרוסות גבינה סקנדינב,גרמים,170.00,100 גרם,false,,17.50,0.1029,true,1,78515
7290110327064,false,אייס קפה שיבולת שועל,,,אייס קפה שיבולת שועל,ליטרים,1.00,100 ליטר,false,,12.90,12.9000,true,1,17282
7290110327514,false,משקה שיבולת שועל בטע,,,משקה שיבולת שועל בטע,אין,0.00,יחידה,false,,12.90,0.0000,true,1,103953
7290110327545,false,יופלה און טופ בטעם ת,,,יופלה און טופ בטעם ת,גרמים,157.00,100 גרם,false,,4.90,0.0312,true,1,36179
7290110327798,false,GO חטיף חלבון בטעם ש,,,GO חטיף חלבון בטעם ש,גרמים,60.00,100 גרם,false,,11.90,0.1983,true,1,84201
7290110327811,false,GO חטיף חלבון עם קוק,,,GO חטיף חלבון עם קוק,גרמים,60.00,100 גרם,false,,11.90,0.1983,true,1,84203
7290110327828,false,GO חטיף חלבון עם חמא,,,GO חטיף חלבון עם חמא,גרמים,60.00,100 גרם,false,,11.90,0.1983,true,1,84204
7290110328016,false,משקה סויה מעושר בחלב,,,משקה סויה מעושר בחלב,גרמים,250.00,100 גרם,false,,5.90,0.0236,true,1,49197
7290110328092,false,פיראוס פטה יוונית קו,,,פיראוס פטה יוונית קו,גרמים,150.00,100 גרם,false,,17.90,0.1193,true,1,111241
7290110328474,false,פלח פרמג'יאנו רג'יאנ,,,פלח פרמג'יאנו רג'יאנ,גרמים,150.00,100 גרם,false,,26.90,0.1793,true,1,68398
7290110328481,false,פתיתי פרמג'יאנו רג'י,,,פתיתי פרמג'יאנו רג'י,גרמים,100.00,100 גרם,false,,13.90,0.1390,true,1,68557
7290110328627,false,יוגורט גו סמיך 0% בנ,,,יוגורט גו סמיך 0% בנ,גרמים,200.00,100 גרם,false,,5.90,0.0295,true,1,89592
7290110328641,false,טופו טבעי  2 יחידות,,,טופו טבעי  2 יחידות,גרמים,500.00,100 גרם,false,,17.90,0.0358,true,1,110752
7290110328764,false,יוגורט גו סמיך 0% תו,,,יוגורט גו סמיך 0% תו,גרמים,200.00,100 גרם,false,,5.90,0.0295,true,1,89607
7290110328771,false,יוגורט גו סמיך 0% פי,,,יוגורט גו סמיך 0% פי,גרמים,200.00,100 גרם,false,,5.90,0.0295,true,1,89608
7290110328788,false,יוגורט גו סמיך 0% אפ,,,יוגורט גו סמיך 0% אפ,גרמים,200.00,100 גרם,false,,5.90,0.0295,true,1,89593
7290110328955,false,קוביות גבינת עזים בש,,,קוביות גבינת עזים בש,גרמים,350.00,100 גרם,false,,26.90,0.0769,true,1,322564
7290110329136,false,מעדן חלב גו בטעם שוק,,,מעדן חלב גו בטעם שוק,גרמים,120.00,100 גרם,false,,4.60,0.0383,true,1,164650
7290110329143,false,מעדן חלב גו בטעם וני,,,מעדן חלב גו בטעם וני,גרמים,120.00,100 גרם,false,,4.60,0.0383,true,1,164623
7290110329266,false,יוגורט מחלב עיזים מל,,,יוגורט מחלב עיזים מל,גרמים,140.00,100 גרם,false,,5.90,0.0421,true,1,110806
7290110329273,false,יוגורט מחלב עיזים מל,,,יוגורט מחלב עיזים מל,גרמים,750.00,100 גרם,false,,18.90,0.0252,true,1,110885
7290110329716,false,קפה קר בטעם קפוצ'ינו,,,קפה קר בטעם קפוצ'ינו,מיליליטרים,230.00,"100 מ""ל",false,,6.90,0.0300,true,1,317429
7290110329723,false,קפה קר בטעם לאטה תנו,,,קפה קר בטעם לאטה תנו,מיליליטרים,230.00,"100 מ""ל",false,,6.90,0.0300,true,1,319576
7290110329792,false,סויה BIO אפרסק גביע,,,סויה BIO אפרסק גביע,גרמים,150.00,100 גרם,false,,4.50,0.0300,true,1,226305
7290110329808,false,סויה BIO תות גביע 15,,,סויה BIO תות גביע 15,גרמים,150.00,100 גרם,false,,4.50,0.0300,true,1,226306
7290110329815,false,סויה BIO מתיקות מעוד,,,סויה BIO מתיקות מעוד,גרמים,150.00,100 גרם,false,,4.50,0.0300,true,1,226307
7290110329822,false,סויה BIO פירות יער ג,,,סויה BIO פירות יער ג,גרמים,150.00,100 גרם,false,,4.50,0.0300,true,1,226308
7290110329839,false,פרוסות צהובה בטעם זי,,,פרוסות צהובה בטעם זי,גרמים,200.00,100 גרם,false,,21.90,0.1095,true,1,165466
7290110329846,false,סויה BIO טבעי גביע 1,,,סויה BIO טבעי גביע 1,גרמים,150.00,100 גרם,false,,4.50,0.0300,true,1,226309
7290110329914,false,מאגדת משקה שיבולת שו,,,מאגדת משקה שיבולת שו,גרמים,618.00,100 גרם,false,,18.90,0.0306,true,1,411501
7290110550202,false,מטבעות שוקולד חלב לא,,,מטבעות שוקולד חלב לא,גרמים,400.00,100 גרם,false,,29.90,0.0747,true,1,319159
7290110550226,false,מטבעות שוקולד מריר ל,,,מטבעות שוקולד מריר ל,גרמים,400.00,100 גרם,false,,29.90,0.0747,true,1,319161
7290110550363,false,משולש קינואה ומלח ים,,,משולש קינואה ומלח ים,גרמים,65.00,100 גרם,false,,9.90,0.1523,true,1,216715
7290110550370,false,אנרגי פריכיות משולשו,,,אנרגי פריכיות משולשו,גרמים,65.00,100 גרם,false,,9.90,0.1523,true,1,448149
7290110552121,false,היוגורט הראשון שלי 5,,,היוגורט הראשון שלי 5,גרמים,100.00,100 גרם,false,,2.30,0.0230,true,1,353777
7290110552220,false,דנונה PRO 20 גרם חלב,,,דנונה PRO 20 גרם חלב,גרמים,200.00,100 גרם,false,,5.90,0.0295,true,1,210126
7290110552237,false,דנונה PRO 20 גרם חלב,,,דנונה PRO 20 גרם חלב,גרמים,200.00,100 גרם,false,,5.90,0.0295,true,1,210112
7290110552817,false,מסטיק ללא סוכר בטעם,,,מסטיק ללא סוכר בטעם,גרמים,66.00,100 גרם,false,,9.90,0.1500,true,1,382313
7290110553104,false,נמס קפוצינו -אבקה לה,,,נמס קפוצינו -אבקה לה,גרמים,130.00,100 גרם,false,,16.90,0.1300,true,1,457543
7290110553180,false,פריכיות עם תפוח וקינ,,,פריכיות עם תפוח וקינ,גרמים,40.00,100 גרם,false,,6.90,0.1725,true,1,448301
7290110553340,false,ICE נמס מילקשייק בטע,,,ICE נמס מילקשייק בטע,גרמים,200.00,100 גרם,false,,14.90,0.0745,true,1,343838
7290110553425,false,קפה נמס עלית פחית מו,,,קפה נמס עלית פחית מו,גרמים,240.00,100 גרם,false,,18.90,0.0787,true,1,220682
7290110554125,false,נודלס בסגנון סצ'ואן,,,נודלס בסגנון סצ'ואן,גרמים,350.00,100 גרם,false,,27.90,0.0797,true,1,146132
7290110554477,false,קפסולות קפה עלית לאפ,,,קפסולות קפה עלית לאפ,גרמים,50.00,100 גרם,false,,16.90,0.3380,true,1,343824
7290110554507,false,קפה טורקי תימני עלית,,,קפה טורקי תימני עלית,גרמים,100.00,100 גרם,false,,8.90,0.0890,true,1,394547
7290110554514,false,קפה טורקי אתיופי עלי,,,קפה טורקי אתיופי עלי,גרמים,100.00,100 גרם,false,,8.90,0.0890,true,1,394548
7290110554545,false,קפסולות קפה עלית לאפ,,,קפסולות קפה עלית לאפ,גרמים,50.00,100 גרם,false,,16.90,0.3380,true,1,343809
7290110554583,false,מארז צ'יטוס PUFFS בט,,,מארז צ'יטוס PUFFS בט,גרמים,200.00,100 גרם,false,,12.90,0.0645,true,1,187777
7290110554699,false,"שת""פ קפה 50 גרם עולה",,,"שת""פ קפה 50 גרם עולה",גרמים,50.00,100 גרם,false,,19.90,0.3980,true,1,442666
7290110554705,false,"קפסולות שת""פ קפה 50",,,"קפסולות שת""פ קפה 50",גרמים,50.00,100 גרם,false,,19.90,0.3980,true,1,442667
7290110554712,false,"שת""פ קפה 50 גרם נחת",,,"שת""פ קפה 50 גרם נחת",גרמים,50.00,100 גרם,false,,19.90,0.3980,true,1,442668
7290110555009,false,פסאטה זוגות 700 גרם,,,פסאטה זוגות 700 גרם,גרמים,700.00,100 גרם,false,,11.90,0.0170,true,1,432266
7290110555092,false,לאבנה עם שמן זית וצ',,,לאבנה עם שמן זית וצ',גרמים,250.00,100 גרם,false,,10.90,0.0436,true,1,343657
7290110555306,false,רבע לשבע טבעוני סינמ,,,רבע לשבע טבעוני סינמ,גרמים,120.00,100 גרם,false,,10.90,0.0908,true,1,330504
7290110555603,false,אבקה להכנת שוקולטה ס,,,אבקה להכנת שוקולטה ס,גרמים,360.00,100 גרם,false,,22.90,0.0636,true,1,458914
7290110555665,false,אבקת קקאו דל שומן 22,,,אבקת קקאו דל שומן 22,גרמים,220.00,100 גרם,false,,18.90,0.0859,true,1,457619
7290110556242,false,שוקולד מריר מעולה 10,,,שוקולד מריר מעולה 10,גרמים,100.00,100 גרם,false,,4.90,0.0490,true,1,436441
7290110557027,false,חומוס הסדרה עשיר ב50,,,חומוס הסדרה עשיר ב50,גרמים,400.00,100 גרם,false,,12.90,0.0323,true,1,162598
7290110557102,false,מעדן פרו חלב עם שוקו,,,מעדן פרו חלב עם שוקו,גרמים,150.00,100 גרם,false,,5.50,0.0367,true,1,133811
7290110557133,false,מעדן הגולן מעדן חלב,,,מעדן הגולן מעדן חלב,גרמים,125.00,100 גרם,false,,2.90,0.0232,true,1,151665
7290110557317,false,היוגורט הראשון שלי ש,,,היוגורט הראשון שלי ש,גרמים,100.00,100 גרם,false,,2.30,0.0230,true,1,353778
7290110557478,false,חומוס גלילי אחלה  60,,,חומוס גלילי אחלה  60,גרמים,600.00,100 גרם,false,,12.90,0.0215,true,1,286071
7290110558130,false,אקטיביה עם דבש ושיבו,,,אקטיביה עם דבש ושיבו,גרמים,150.00,100 גרם,false,,4.50,0.0300,true,1,344533
7290110558154,false,דנונה לייט אנד פרי ת,,,דנונה לייט אנד פרי ת,גרמים,150.00,100 גרם,false,,4.90,0.0327,true,1,408600
7290110558222,false,WOW יוגורט בטעם בנופ,,,WOW יוגורט בטעם בנופ,גרמים,150.00,100 גרם,false,,4.90,0.0327,true,1,408570
7290110558253,false,יוגורט עם אננס בננה,,,יוגורט עם אננס בננה,גרמים,250.00,100 גרם,false,,5.50,0.0220,true,1,344547
7290110558284,false,דנונה מולטי 3% שומן,,,דנונה מולטי 3% שומן,מיליליטרים,200.00,"100 מ""ל",false,,4.20,0.0210,true,1,381288
7290110558307,false,דנונה פרו עם שיבולת,,,דנונה פרו עם שיבולת,מיליליטרים,200.00,"100 מ""ל",false,,6.30,0.0315,true,1,346136
7290110558314,false,דנונה פרו ללא סוכר 2,,,דנונה פרו ללא סוכר 2,גרמים,200.00,100 גרם,false,,5.90,0.0295,true,1,408601
7290110558338,false,דנונה פרו 25 גרם חלב,,,דנונה פרו 25 גרם חלב,מיליליטרים,200.00,"100 מ""ל",false,,6.30,0.0315,true,1,346137
7290110558666,false,דניאלה בטעם תפוח 88,,,דניאלה בטעם תפוח 88,גרמים,88.00,100 גרם,false,,4.10,0.0466,true,1,438663
7290110559748,false,מאגדת חטיף Real  אנר,,,מאגדת חטיף Real  אנר,גרמים,105.00,100 גרם,false,,15.90,0.1514,true,1,409282
7290110559755,false,מאגדת חטיף Real  אנר,,,מאגדת חטיף Real  אנר,גרמים,105.00,100 גרם,false,,15.90,0.1514,true,1,409296
7290110559762,false,מאגדת חטיף Real  אנר,,,מאגדת חטיף Real  אנר,גרמים,105.00,100 גרם,false,,15.90,0.1514,true,1,409323
7290110560300,false,פריכיות משולשות פלפל,,,פריכיות משולשות פלפל,גרמים,30.00,100 גרם,false,,4.90,0.1633,true,1,15210
7290110560317,false,פריכיות משולשות מלח,,,פריכיות משולשות מלח,גרמים,30.00,100 גרם,false,,4.90,0.1633,true,1,15211
7290110560324,false,פריכיות משולשות אפונ,,,פריכיות משולשות אפונ,גרמים,30.00,100 גרם,false,,4.90,0.1633,true,1,15212
7290110561352,false,דנונה ביו דל לקטוז ב,,,דנונה ביו דל לקטוז ב,גרמים,200.00,100 גרם,false,,3.90,0.0195,true,1,15718
7290110561604,false,שמיניית גמדים תות בנ,,,שמיניית גמדים תות בנ,גרמים,800.00,100 גרם,false,,18.90,0.0236,true,1,15720
7290110563431,false,יטבתה משקה קפה קר בס,,,יטבתה משקה קפה קר בס,מיליליטרים,230.00,"100 מ""ל",false,,7.40,0.0322,true,1,15722
7290110563448,false,יטבתה משקה קפה קר בס,,,יטבתה משקה קפה קר בס,מיליליטרים,230.00,"100 מ""ל",false,,7.40,0.0322,true,1,15723
7290110563462,false,יטבתה חלב בבקבוק נטו,,,יטבתה חלב בבקבוק נטו,ארגז,1.00,ליטר,false,,7.90,7.9000,true,1,15724
7290110564339,false,חומוס הסדרה המובחרת,,,חומוס הסדרה המובחרת,גרמים,400.00,100 גרם,false,,12.90,0.0323,true,1,15728
7290110564360,false,חומוס אחלה עשיר ב 40,,,חומוס אחלה עשיר ב 40,גרמים,400.00,100 גרם,false,,12.90,0.0323,true,1,15729
7290110564414,false,חומוס הסדרה המובחרת,,,חומוס הסדרה המובחרת,גרמים,600.00,100 גרם,false,,14.90,0.0248,true,1,15732
7290110565435,false,לימבו בטעם פטל 0% שו,,,לימבו בטעם פטל 0% שו,גרמים,125.00,100 גרם,false,,2.50,0.0200,true,1,15737
7290110565527,false,דנונה PRO 20 גרם חלב,,,דנונה PRO 20 גרם חלב,גרמים,200.00,100 גרם,false,,5.90,0.0295,true,1,15739
7290110566623,false,עלית קפסולות קולומבי,,,עלית קפסולות קולומבי,גרמים,50.00,100 גרם,false,,16.90,0.3380,true,1,15231
7290110566975,false,דנונה PRO 20 גרם חלב,,,דנונה PRO 20 גרם חלב,גרמים,200.00,100 גרם,false,,5.90,0.0295,true,1,15746
7290110568238,false,קצפת צימחית 21% במתי,,,קצפת צימחית 21% במתי,מיליליטרים,250.00,"100 מ""ל",false,,7.90,0.0316,true,1,15755
7290110568276,false,משקה פרו  וניל יטבתה,,,משקה פרו  וניל יטבתה,מיליליטרים,350.00,"100 מ""ל",false,,6.90,0.0197,true,1,15756
7290110568559,false,מארז דוריטוס חמוץ חר,,,מארז דוריטוס חמוץ חר,גרמים,250.00,100 גרם,false,,13.90,0.0556,true,1,15948
7290110570224,false,משקה קפה קר בטעם עוג,,,משקה קפה קר בטעם עוג,מיליליטרים,230.00,"100 מ""ל",false,,7.40,0.0322,true,1,381499
7290110570569,false,פולי אספרסו עשירים ו,,,פולי אספרסו עשירים ו,גרמים,500.00,100 גרם,false,,74.90,0.1498,true,1,275381
7290110571375,false,מיקס מאגדת צימוקים ת,,,מיקס מאגדת צימוקים ת,גרמים,100.00,100 גרם,false,,17.90,0.1790,true,1,408885
7290110571382,false,מעדן חלב מועשר בחלבו,,,מעדן חלב מועשר בחלבו,גרמים,150.00,100 גרם,false,,5.00,0.0333,true,1,300266
7290110571405,false,מיני פינוקיות פסק זמ,,,מיני פינוקיות פסק זמ,גרמים,180.00,100 גרם,false,,10.90,0.0606,true,1,457453
7290110571412,false,מיני פינוקיות בגביע,,,מיני פינוקיות בגביע,גרמים,180.00,100 גרם,false,,10.90,0.0606,true,1,457438
7290110571474,false,רבע לשבע טבעוני פופק,,,רבע לשבע טבעוני פופק,גרמים,125.00,100 גרם,false,,10.90,0.0872,true,1,423264
7290110571481,false,קפה נמס עלית 200 גרם,,,קפה נמס עלית 200 גרם,גרמים,200.00,100 גרם,false,,18.90,0.0945,true,1,382328
7290110571535,false,קפה עלית טורקי הל מא,,,קפה עלית טורקי הל מא,גרמים,300.00,100 גרם,false,,24.90,0.0830,true,1,319070
7290110572129,false,כיף כף מקלות שוקולד,,,כיף כף מקלות שוקולד,גרמים,40.00,100 גרם,false,,4.90,0.1225,true,1,460007
7290110572969,false,כיף כף פצפצים קרם לב,,,כיף כף פצפצים קרם לב,גרמים,40.00,100 גרם,false,,4.90,0.1225,true,1,408775
7290110572976,false,כיף כף פצפצים קרם לב,,,כיף כף פצפצים קרם לב,גרמים,135.00,100 גרם,false,,9.90,0.0733,true,1,408642
7290110576318,false,מארז שלישיית אגוז  ל,,,מארז שלישיית אגוז  ל,גרמים,300.00,100 גרם,false,,21.90,0.0730,true,1,439683
7290110576370,false,מארז שלישיית אגוז  מ,,,מארז שלישיית אגוז  מ,גרמים,300.00,100 גרם,false,,21.90,0.0730,true,1,439684
7290110576387,false,מארז שלישיית אגוז  ח,,,מארז שלישיית אגוז  ח,גרמים,300.00,100 גרם,false,,21.90,0.0730,true,1,439685
7290110576752,false,שוקולד ספלנדיד מריר,,,שוקולד ספלנדיד מריר,גרמים,100.00,100 גרם,false,,10.90,0.1090,true,1,457677
7290110576776,false,שוקולד ספלנדיד מריר,,,שוקולד ספלנדיד מריר,גרמים,100.00,100 גרם,false,,10.90,0.1090,true,1,457678
7290110576868,false,גמדים סלט פירות רביע,,,גמדים סלט פירות רביע,מיליליטרים,400.00,"100 מ""ל",false,,10.80,0.0270,true,1,440292
7290111091520,false,תחליב רחצה קלאסי קוק,,,תחליב רחצה קלאסי קוק,מיליליטרים,700.00,"100 מ""ל",false,,14.90,0.0213,true,1,18961
7290111092985,false,מגבוני בייבי פרפורמנ,,,מגבוני בייבי פרפורמנ,אין,0.00,יחידה,false,,14.90,0.0000,true,1,374056
7290111093470,false,קוויק מבריק פלא להסר,,,קוויק מבריק פלא להסר,אין,0.00,יחידה,false,,10.90,0.0000,true,1,387102
7290111093760,false,קוויק מגבונים לניקוי,,,קוויק מגבונים לניקוי,יח',10.00,יח',false,,10.90,1.0900,true,1,258930
7290111093982,false,תחליב רחצה פסיפלורה,,,תחליב רחצה פסיפלורה,מיליליטרים,700.00,"100 מ""ל",false,,14.90,0.0213,true,1,440687
7290111094248,false,שקיות אשפה XL עם שרו,,,שקיות אשפה XL עם שרו,אין,0.00,יחידה,false,,19.90,0.0000,true,1,18964
7290111094361,false,קוויק שקיות אשפה XL,,,קוויק שקיות אשפה XL,אין,0.00,יחידה,false,,12.90,0.0000,true,1,147095
7290111094651,false,קוויק שקיות אשפה L ח,,,קוויק שקיות אשפה L ח,אין,0.00,יחידה,false,,12.90,0.0000,true,1,147109
7290111096921,false,מטליות לחות לניקוי ב,,,מטליות לחות לניקוי ב,אין,0.00,יחידה,false,,8.90,0.0000,true,1,152608
7290111097836,false,קוויק מגבונים לניקוי,,,קוויק מגבונים לניקוי,אין,0.00,יחידה,false,,8.90,0.0000,true,1,258916
7290111098536,false,מגבונים לחים לתינוק,,,מגבונים לחים לתינוק,אין,0.00,יחידה,false,,14.90,0.0000,true,1,296377
7290111285370,false,קערה במבוק ספיידרמן.,,,קערה במבוק ספיידרמן.,אין,0.00,יחידה,false,,9.90,0.0000,true,1,21299
7290111340178,false,מטליות לחות לניקוי כ,,,מטליות לחות לניקוי כ,אין,0.00,יחידה,false,,9.90,0.0000,true,1,8379
7290111340185,false,ניקול לחות לניקוי רצ,,,ניקול לחות לניקוי רצ,אין,0.00,יחידה,false,,9.90,0.0000,true,1,8380
7290111340956,false,מטליות לחות לרצפה מר,,,מטליות לחות לרצפה מר,אין,0.00,יחידה,false,,9.90,0.0000,true,1,8387
7290111341984,false,לילי טואלט לח PURE מ,,,לילי טואלט לח PURE מ,אין,0.00,יחידה,false,,19.90,0.0000,true,1,8407
7290111342004,false,לילי נייר טואלט לח ק,,,לילי נייר טואלט לח ק,אין,0.00,יחידה,false,,7.90,0.0000,true,1,8409
7290111342042,false,כריות יפניות אנטיבקט,,,כריות יפניות אנטיבקט,אין,0.00,יחידה,false,,9.90,0.0000,true,1,8410
7290111342738,false,לילי טואלט לח KIDS מ,,,לילי טואלט לח KIDS מ,אין,0.00,יחידה,false,,19.90,0.0000,true,1,8416
7290111343797,false,ניקול מטליות לחות לנ,,,ניקול מטליות לחות לנ,יח',50.00,יח',false,,9.90,0.1980,true,1,8420
7290111343827,false,ניקול מטליות רב שימו,,,ניקול מטליות רב שימו,יח',9.00,יח',false,,9.90,1.1000,true,1,8421
7290111344206,false,מגבוני האגיס נטורל ק,,,מגבוני האגיס נטורל ק,אין,0.00,יחידה,false,,18.90,0.0000,true,1,146568
7290111344558,false,שקיות אשפה נשלפות לא,,,שקיות אשפה נשלפות לא,יח',100.00,יח',false,,29.90,0.2990,true,1,188552
7290111344930,false,מטליות לחות לניקוי ר,,,מטליות לחות לניקוי ר,יח',10.00,יח',false,,10.90,1.0900,true,1,188566
7290111345753,false,תחבושות כותנה  נורמל,,,תחבושות כותנה  נורמל,אין,0.00,יחידה,false,,15.90,0.0000,true,1,258207
7290111345777,false,תחבושות כותנה נייט +,,,תחבושות כותנה נייט +,אין,0.00,יחידה,false,,15.90,0.0000,true,1,258222
7290111345814,false,נייר טואלט נטורל קר,,,נייר טואלט נטורל קר,יח',30.00,יח',false,,32.90,1.0967,true,1,188524
7290111345821,false,נייר טואלט נטורל קר,,,נייר טואלט נטורל קר,יח',16.00,יח',false,,34.90,2.1812,true,1,188538
7290111346293,false,מגבות מטבח ניקול לבנ,,,מגבות מטבח ניקול לבנ,מטרים,64.80,מטר,false,,11.80,0.1821,true,1,347045
7290111350726,false,הוטפופ נאצ'וס בסגנון,,,הוטפופ נאצ'וס בסגנון,גרמים,322.00,100 גרם,false,,14.90,0.0463,true,1,10151
7290111352973,false,יוגטה קוביות חמוציות,,,יוגטה קוביות חמוציות,גרמים,220.00,100 גרם,false,,6.90,0.0314,true,1,26018
7290111353055,false,יוגטה סוכריות גומי ד,,,יוגטה סוכריות גומי ד,גרמים,200.00,100 גרם,false,,8.90,0.0445,true,1,26019
7290111353079,false,סוכריות גומי דובונים,,,סוכריות גומי דובונים,גרמים,180.00,100 גרם,false,,9.90,0.0550,true,1,41356
7290111353123,false,יוגטה סוכריות גומי נ,,,יוגטה סוכריות גומי נ,גרמים,200.00,100 גרם,false,,8.90,0.0445,true,1,26021
7290111353550,false,חמאת בוטנים טבעית קל,,,חמאת בוטנים טבעית קל,גרמים,300.00,100 גרם,false,,14.90,0.0497,true,1,408069
7290111534140,false,מיני נשיקות צבעוני -,,,מיני נשיקות צבעוני -,גרמים,150.00,100 גרם,false,,19.90,0.1327,true,1,25178
7290111564277,false,פריכיות 3 דגנים דקות,,,פריכיות 3 דגנים דקות,גרמים,120.00,100 גרם,false,,10.90,0.0908,true,1,13303
7290111564291,false,פריכיות קינואה דקות,,,פריכיות קינואה דקות,גרמים,120.00,100 גרם,false,,10.90,0.0908,true,1,13304
7290111566226,false,טבעול שניצל ברוקולי,,,טבעול שניצל ברוקולי,גרמים,667.00,100 גרם,false,,30.90,0.0463,true,1,13785
7290111566240,false,שניצל דק צמחוני  בטע,,,שניצל דק צמחוני  בטע,גרמים,564.00,100 גרם,false,,30.90,0.0548,true,1,13786
7290111566271,false,חטיפי תירס טבעול  65,,,חטיפי תירס טבעול  65,גרמים,657.00,100 גרם,false,,30.90,0.0470,true,1,13787
7290111566318,false,שניצל דק צמחוני   בט,,,שניצל דק צמחוני   בט,גרמים,564.00,100 גרם,false,,30.90,0.0548,true,1,13789
7290111566332,false,נקניקיה וינר  680 גר,,,נקניקיה וינר  680 גר,גרמים,680.00,100 גרם,false,,30.90,0.0454,true,1,13790
7290111566417,false,טחון  מן  הצומח  500,,,טחון  מן  הצומח  500,גרמים,500.00,100 גרם,false,,30.90,0.0618,true,1,13791
7290111566547,false,חזה  בגריל  מו הצומח,,,חזה  בגריל  מו הצומח,גרמים,560.00,100 גרם,false,,30.90,0.0552,true,1,13793
7290111566561,false,טבעול שניצל ברוקולי,,,טבעול שניצל ברוקולי,גרמים,630.00,100 גרם,false,,30.90,0.0490,true,1,13794
7290111566585,false,שניצל מן הצומח  מופח,,,שניצל מן הצומח  מופח,גרמים,650.00,100 גרם,false,,30.90,0.0475,true,1,13795
7290111566660,false,קציצות עדשים כתומות,,,קציצות עדשים כתומות,גרמים,530.00,100 גרם,false,,30.90,0.0583,true,1,13796
7290111566752,false,שניצל תירס לייט טבעו,,,שניצל תירס לייט טבעו,גרמים,693.00,100 גרם,false,,30.90,0.0446,true,1,13799
7290111566776,false,נקנקיות  קוקטייל  מן,,,נקנקיות  קוקטייל  מן,גרמים,680.00,100 גרם,false,,30.90,0.0454,true,1,13800
7290111568206,false,ביסלי פארטי מיקס ברב,,,ביסלי פארטי מיקס ברב,גרמים,150.00,100 גרם,false,,6.50,0.0433,true,1,13325
7290111568466,false,אסם רוטב אסיאתי למוק,,,אסם רוטב אסיאתי למוק,מיליליטרים,290.00,"100 מ""ל",false,,12.90,0.0445,true,1,1347
7290111870897,false,מרשמלו מסולסל ארוך 1,,,מרשמלו מסולסל ארוך 1,גרמים,432.00,100 גרם,false,,29.90,0.0692,true,1,142136
7290111870927,false,מרשמלו מסולסל ארוך 1,,,מרשמלו מסולסל ארוך 1,גרמים,432.00,100 גרם,false,,29.90,0.0692,true,1,142119
7290111879074,false,בקבוק טריטן מרובע 60,,,בקבוק טריטן מרובע 60,אין,0.00,יחידה,false,,24.90,0.0000,true,1,21304
7290111930805,false,קראנצו'ס ברביקיו 55,,,קראנצו'ס ברביקיו 55,גרמים,55.00,100 גרם,false,,3.90,0.0709,true,1,14651
7290111930911,false,פוף לבבות קלאסי 40 ג,,,פוף לבבות קלאסי 40 ג,גרמים,40.00,100 גרם,false,,3.90,0.0975,true,1,14657
7290111930928,false,"פוף לבבות גריל 40 ג""",,,"פוף לבבות גריל 40 ג""",גרמים,40.00,100 גרם,false,,3.90,0.0975,true,1,14658
7290111932380,false,מרידול משחות שיניים,,,מרידול משחות שיניים,גרמים,150.00,100 גרם,false,,29.90,0.1993,true,1,14665
7290111932502,false,מש.שיניים אופטיק ויי,,,מש.שיניים אופטיק ויי,מיליליטרים,75.00,"100 מ""ל",false,,29.90,0.3987,true,1,14666
7290111933462,false,רוטב צ'ילי מתוק 300,,,רוטב צ'ילי מתוק 300,מיליליטרים,300.00,"100 מ""ל",false,,9.90,0.0330,true,1,14670
7290111936296,false,פלמוליב ארומה סנסייש,,,פלמוליב ארומה סנסייש,מיליליטרים,750.00,"100 מ""ל",false,,19.90,0.0265,true,1,14691
7290111936647,false,קולגייט מקס זוג 2*12,,,קולגייט מקס זוג 2*12,מיליליטרים,250.00,"100 מ""ל",false,,29.90,0.1196,true,1,2417
7290111937231,false,פרי מארז חטיפים תמרי,,,פרי מארז חטיפים תמרי,גרמים,125.00,100 גרם,false,,14.90,0.1192,true,1,880
7290111937248,false,פרי מארז חטיפים תמרי,,,פרי מארז חטיפים תמרי,גרמים,125.00,100 גרם,false,,14.90,0.1192,true,1,881
7290111937255,false,פרי מארז חטיפים תמרי,,,פרי מארז חטיפים תמרי,גרמים,125.00,100 גרם,false,,14.90,0.1192,true,1,882
7290111937262,false,פרי מארז חטיפים תמרי,,,פרי מארז חטיפים תמרי,גרמים,125.00,100 גרם,false,,14.90,0.1192,true,1,883
7290112000385,false,תרסיס ניקוי וחיטוי ל,,,תרסיס ניקוי וחיטוי ל,מיליליטרים,750.00,"100 מ""ל",false,,11.90,0.0159,true,1,14308
7290112000408,false,תרסיס ניקוי וחיטוי ר,,,תרסיס ניקוי וחיטוי ר,מיליליטרים,750.00,"100 מ""ל",false,,11.90,0.0159,true,1,14310
7290112000880,false,מגבונים למטבח 60 יח',,,מגבונים למטבח 60 יח',יח',60.00,יח',false,,11.90,0.1983,true,1,14319
7290112001238,false,מנקה מכונות כביסה קו,,,מנקה מכונות כביסה קו,אין,0.00,יחידה,false,,19.90,0.0000,true,1,14326
7290112001436,false,פיניש מנקה מדיח בניח,,,פיניש מנקה מדיח בניח,מיליליטרים,250.00,"100 מ""ל",false,,14.90,0.0596,true,1,14328
7290112002099,false,קולון ג'ל 2.5 ליטר ב,,,קולון ג'ל 2.5 ליטר ב,ארגז,2.50,ליטר,false,,24.90,9.9600,true,1,14340
7290112002112,false,קולון ג'ל 2.5 ליטר ב,,,קולון ג'ל 2.5 ליטר ב,ארגז,2.50,ליטר,false,,24.90,9.9600,true,1,14342
7290112002143,false,קולון ג'ל 4 ליטר ליל,,,קולון ג'ל 4 ליטר ליל,ארגז,4.00,ליטר,false,,34.90,8.7250,true,1,14345
7290112002150,false,קולון ג'ל 4 ליטר בני,,,קולון ג'ל 4 ליטר בני,ארגז,4.00,ליטר,false,,34.90,8.7250,true,1,14346
7290112002167,false,קולון ג'ל 4 ליטר בני,,,קולון ג'ל 4 ליטר בני,ארגז,4.00,ליטר,false,,34.90,8.7250,true,1,14347
7290112002990,false,סיליט אבקת סודה להסר,,,סיליט אבקת סודה להסר,מיליליטרים,750.00,"100 מ""ל",false,,19.90,0.0265,true,1,14360
7290112003140,false,איירוויק פרשמטיק מיל,,,איירוויק פרשמטיק מיל,מיליליטרים,250.00,"100 מ""ל",false,,15.90,0.0636,true,1,14362
7290112003188,false,קולון קפסולות למכונת,,,קולון קפסולות למכונת,אין,0.00,יחידה,false,,57.90,0.0000,true,1,14363
7290112003966,false,וניש מסיר כתמים אבקה,,,וניש מסיר כתמים אבקה,מיליליטרים,470.00,"100 מ""ל",false,,16.90,0.0360,true,1,111311
7290112004208,false,טבליות למדיח כלים פי,,,טבליות למדיח כלים פי,גרמים,800.00,100 גרם,false,,39.90,0.0499,true,1,266265
7290112004413,false,מסיר כתמים ספריי כבי,,,מסיר כתמים ספריי כבי,מיליליטרים,750.00,"100 מ""ל",false,,16.90,0.0225,true,1,276770
7290112004611,false,ג'ל מרוכז מולטי פאוו,,,ג'ל מרוכז מולטי פאוו,מיליליטרים,200.00,"100 מ""ל",false,,17.90,0.0895,true,1,252603
7290112004772,false,מילוי למבשם אוויר אי,,,מילוי למבשם אוויר אי,מיליליטרים,19.00,"100 מ""ל",false,,16.90,0.8895,true,1,420242
7290112004970,false,פיניש אולטימייט 50 י,,,פיניש אולטימייט 50 י,אין,0.00,יחידה,false,,59.90,0.0000,true,1,424226
7290112004987,false,איירוויק מילוי אוטומ,,,איירוויק מילוי אוטומ,מיליליטרים,250.00,"100 מ""ל",false,,15.90,0.0636,true,1,381568
7290112004994,false,איירוויק מילוי אוטומ,,,איירוויק מילוי אוטומ,מיליליטרים,250.00,"100 מ""ל",false,,15.90,0.0636,true,1,381569
7290112005045,false,וניש אבקה לכביסה לבנ,,,וניש אבקה לכביסה לבנ,מיליליטרים,480.00,"100 מ""ל",false,,16.90,0.0352,true,1,410915
7290112005052,false,וניש אבקה לכביסה לבנ,,,וניש אבקה לכביסה לבנ,ליטרים,1500.00,100 ליטר,false,,39.90,0.0266,true,1,410888
7290112005076,false,וניש אבקה לכביסה צבע,,,וניש אבקה לכביסה צבע,גרמים,480.00,100 גרם,false,,16.90,0.0352,true,1,410916
7290112005083,false,וניש אבקה לכביסה צבע,,,וניש אבקה לכביסה צבע,ליטרים,1.50,100 ליטר,false,,39.90,26.6000,true,1,410874
7290112005168,false,פיניש קוואנטום למדיח,,,פיניש קוואנטום למדיח,אין,0.00,יחידה,false,,59.90,0.0000,true,1,424211
7290112190468,false,"שמן זית 750 מ""ל G FO",,,"שמן זית 750 מ""ל G FO",מיליליטרים,750.00,"100 מ""ל",false,,30.90,0.0412,true,1,118314
7290112192509,false,ג'י-פרי פירורי לחם 2,,,ג'י-פרי פירורי לחם 2,גרמים,250.00,100 גרם,false,,15.90,0.0636,true,1,25233
7290112192561,false,מש.שיניים פרמיום הגנ,,,מש.שיניים פרמיום הגנ,מיליליטרים,75.00,"100 מ""ל",false,,35.90,0.4787,true,1,5756
7290112195579,false,שמן זית איטליה 750 מ,,,שמן זית איטליה 750 מ,מיליליטרים,750.00,"100 מ""ל",false,,30.90,0.0412,true,1,174339
7290112196514,false,חטיף קרקר מקור הכוסמ,,,חטיף קרקר מקור הכוסמ,גרמים,180.00,100 גרם,false,,9.90,0.0550,true,1,214385
7290112196644,false,פירורי לחם כוסמין 20,,,פירורי לחם כוסמין 20,גרמים,200.00,100 גרם,false,,8.90,0.0445,true,1,421724
7290112196798,false,קמח כוסמין מלא מנופה,,,קמח כוסמין מלא מנופה,אלף,1.00,"ק""ג",false,,17.90,17.9000,true,1,421538
7290112196804,false,קמח כוסמין 80% מנופה,,,קמח כוסמין 80% מנופה,אלף,1.00,"ק""ג",false,,17.90,17.9000,true,1,421232
7290112197061,false,תחליב רחצה לידיים סט,,,תחליב רחצה לידיים סט,מיליליטרים,500.00,"100 מ""ל",false,,11.90,0.0238,true,1,275232
7290112330352,false,דנונה פרו 20 גר וניל,,,דנונה פרו 20 גר וניל,גרמים,200.00,100 גרם,false,,5.90,0.0295,true,1,15759
7290112330390,false,דנונה פרו 20 גר פירו,,,דנונה פרו 20 גר פירו,גרמים,200.00,100 גרם,false,,5.90,0.0295,true,1,15760
7290112330420,false,דנונה פרו לבן 2.9% 1,,,דנונה פרו לבן 2.9% 1,גרמים,150.00,100 גרם,false,,4.90,0.0327,true,1,15761
7290112332585,false,"פריכיות הטעימות תפו""",,,"פריכיות הטעימות תפו""",גרמים,30.00,100 גרם,false,,4.90,0.1633,true,1,15247
7290112332691,false,פינוקיות עוגיית קרם,,,פינוקיות עוגיית קרם,גרמים,200.00,100 גרם,false,,9.90,0.0495,true,1,15251
7290112334749,false,עלית טורקי שקית 200,,,עלית טורקי שקית 200,גרמים,220.00,100 גרם,false,,14.90,0.0677,true,1,15254
7290112335487,false,פריכיות הטעימות קצח,,,פריכיות הטעימות קצח,גרמים,135.00,100 גרם,false,,10.90,0.0807,true,1,15259
7290112335494,false,פריכיות הטעימות פוטט,,,פריכיות הטעימות פוטט,גרמים,135.00,100 גרם,false,,10.90,0.0807,true,1,15260
7290112335500,false,פריכיות הטעימות עשיר,,,פריכיות הטעימות עשיר,גרמים,135.00,100 גרם,false,,10.90,0.0807,true,1,15261
7290112336637,false,"סוכריות מאסט לל""ס יו",,,"סוכריות מאסט לל""ס יו",גרמים,80.00,100 גרם,false,,6.90,0.0863,true,1,15274
7290112336712,false,דנונה פרו 21 0% שומן,,,דנונה פרו 21 0% שומן,גרמים,200.00,100 גרם,false,,5.90,0.0295,true,1,15781
7290112337474,false,"סוכריות מאסט לל""ס פט",,,"סוכריות מאסט לל""ס פט",גרמים,80.00,100 גרם,false,,6.90,0.0863,true,1,15277
7290112337481,false,"סוכריות מאסט לל""ס קפ",,,"סוכריות מאסט לל""ס קפ",גרמים,80.00,100 גרם,false,,6.90,0.0863,true,1,15278
7290112338877,false,גבינת סקי תות 3% 125,,,גבינת סקי תות 3% 125,גרמים,125.00,100 גרם,false,,3.90,0.0312,true,1,15782
7290112339867,false,גמדים סקוויז בודד תו,,,גמדים סקוויז בודד תו,גרמים,100.00,100 גרם,false,,5.90,0.0590,true,1,15803
7290112339874,false,גמדים סקוויז בודד תו,,,גמדים סקוויז בודד תו,גרמים,100.00,100 גרם,false,,5.90,0.0590,true,1,15804
7290112340122,false,פריכיות הטעימות 3 דג,,,פריכיות הטעימות 3 דג,גרמים,135.00,100 גרם,false,,10.90,0.0807,true,1,15283
7290112340245,false,צנצנת מאסט בטעם דובד,,,צנצנת מאסט בטעם דובד,גרמים,66.00,100 גרם,false,,9.90,0.1500,true,1,1370
7290112340276,false,פינוקיות עוגיית קרם,,,פינוקיות עוגיית קרם,גרמים,200.00,100 גרם,false,,9.90,0.0495,true,1,15286
7290112341556,false,אקטיביה עם צ'יה ותות,,,אקטיביה עם צ'יה ותות,גרמים,150.00,100 גרם,false,,4.90,0.0327,true,1,15809
7290112341679,false,דנונה אקטיביה 3% 200,,,דנונה אקטיביה 3% 200,גרמים,200.00,100 גרם,false,,3.90,0.0195,true,1,15810
7290112342102,false,סימפוניה 5% בצל מקור,,,סימפוניה 5% בצל מקור,גרמים,200.00,100 גרם,false,,11.50,0.0575,true,1,15815
7290112343499,false,ציטוס Puffs בטעם גבי,,,ציטוס Puffs בטעם גבי,גרמים,55.00,100 גרם,false,,3.50,0.0636,true,1,137051
7290112344564,false,EAT GOOD רביולי גבינ,,,EAT GOOD רביולי גבינ,גרמים,400.00,100 גרם,false,,16.90,0.0422,true,1,15822
7290112344724,false,מילקי בטעם שוקולד בל,,,מילקי בטעם שוקולד בל,מיליליטרים,170.00,"100 מ""ל",false,,3.50,0.0206,true,1,15824
7290112344786,false,פלטינום קלאסיק עלית,,,פלטינום קלאסיק עלית,גרמים,200.00,100 גרם,false,,24.90,0.1245,true,1,15312
7290112346360,false,בפלות אחת אחת בציפוי,,,בפלות אחת אחת בציפוי,גרמים,180.00,100 גרם,false,,12.90,0.0717,true,1,15323
7290112346537,false,פינוקיות עוגיות בטעם,,,פינוקיות עוגיות בטעם,גרמים,200.00,100 גרם,false,,9.90,0.0495,true,1,15324
7290112346773,false,דנונה לייט אנד פריי,,,דנונה לייט אנד פריי,מיליליטרים,150.00,"100 מ""ל",false,,4.90,0.0327,true,1,44469
7290112347008,false,גמדים ארוחת בוקר תות,,,גמדים ארוחת בוקר תות,גרמים,100.00,100 גרם,false,,5.90,0.0590,true,1,15837
7290112347473,false,דנונה לייט אנד פריי,,,דנונה לייט אנד פריי,אלף,1.20,"ק""ג",false,,27.90,23.2500,true,1,15841
7290112348142,false,שעועית לבנה טעם הטבע,,,שעועית לבנה טעם הטבע,גרמים,380.00,100 גרם,false,,6.90,0.0182,true,1,15333
7290112348999,false,פריכיות טעימות תירס,,,פריכיות טעימות תירס,גרמים,135.00,100 גרם,false,,10.90,0.0807,true,1,42847
7290112349606,false,דניאלה תות בננה 150,,,דניאלה תות בננה 150,מיליליטרים,150.00,"100 מ""ל",false,,4.10,0.0273,true,1,210153
7290112349705,false,רוטב עגבניות פומודרו,,,רוטב עגבניות פומודרו,גרמים,350.00,100 גרם,false,,10.90,0.0311,true,1,15349
7290112349736,false,רוטב עגבניות בזיליקו,,,רוטב עגבניות בזיליקו,גרמים,350.00,100 גרם,false,,10.90,0.0311,true,1,15350
7290112349743,false,רוטב עגבניות ארביאטה,,,רוטב עגבניות ארביאטה,גרמים,350.00,100 גרם,false,,10.90,0.0311,true,1,15351
7290112349750,false,רוטב עגבניות לפיצה 3,,,רוטב עגבניות לפיצה 3,גרמים,350.00,100 גרם,false,,10.90,0.0311,true,1,15352
7290112349897,false,מאסט קוביות מנטה 86,,,מאסט קוביות מנטה 86,גרמים,86.00,100 גרם,false,,13.90,0.1616,true,1,1257
7290112350275,false,קפסולות LUNGO למכונו,,,קפסולות LUNGO למכונו,גרמים,50.00,100 גרם,false,,16.90,0.3380,true,1,15355
7290112350312,false,עלית קפסולות  15 למכ,,,עלית קפסולות  15 למכ,גרמים,50.00,100 גרם,false,,16.90,0.3380,true,1,15357
7290112351067,false,סילאן טבעי לחיץ יד מ,,,סילאן טבעי לחיץ יד מ,גרמים,630.00,100 גרם,false,,23.90,0.0379,true,1,15359
7290112351258,false,פינוקיות עוגיית שחור,,,פינוקיות עוגיית שחור,גרמים,200.00,100 גרם,false,,9.90,0.0495,true,1,15364
7290112351463,false,שלישיית סוכריות FRES,,,שלישיית סוכריות FRES,גרמים,45.00,100 גרם,false,,7.90,0.1756,true,1,15365
7290112353887,false,קפה קר יטבתה בטעם אג,,,קפה קר יטבתה בטעם אג,מיליליטרים,230.00,"100 מ""ל",false,,7.90,0.0343,true,1,15869
7290112354174,false,פסטה רוזה שטראוס דלי,,,פסטה רוזה שטראוס דלי,גרמים,280.00,100 גרם,false,,21.90,0.0782,true,1,146116
7290112354204,false,ספגטי עגבניות שטראוס,,,ספגטי עגבניות שטראוס,גרמים,280.00,100 גרם,false,,21.90,0.0782,true,1,146118
7290112354211,false,פיצה מרגריטה שטראוס,,,פיצה מרגריטה שטראוס,גרמים,400.00,100 גרם,false,,26.90,0.0672,true,1,146313
7290112354242,false,קונוס פיצה שטראוס דל,,,קונוס פיצה שטראוס דל,גרמים,280.00,100 גרם,false,,25.90,0.0925,true,1,146354
7290112354945,false,תפוצ'יפס wavy 50 גר,,,תפוצ'יפס wavy 50 גר,גרמים,50.00,100 גרם,false,,3.90,0.0780,true,1,460986
7290112354952,false,תפוצ'יפס wavy פפריקה,,,תפוצ'יפס wavy פפריקה,גרמים,50.00,100 גרם,false,,3.90,0.0780,true,1,460987
7290112354969,false,תפוצ'יפס וויבי 200 ג,,,תפוצ'יפס וויבי 200 ג,גרמים,200.00,100 גרם,false,,9.90,0.0495,true,1,460881
7290112355102,false,סקוויז גמדים לדרך סל,,,סקוויז גמדים לדרך סל,גרמים,100.00,100 גרם,false,,5.90,0.0590,true,1,44429
7290112355775,false,סימפוניה עירית 200 ג,,,סימפוניה עירית 200 ג,גרמים,200.00,100 גרם,false,,11.50,0.0575,true,1,408615
7290112357045,false,עגבניות איטלקיות מרו,,,עגבניות איטלקיות מרו,גרמים,390.00,100 גרם,false,,6.60,0.0169,true,1,15382
7290112357069,false,מחית עגבניות איטלקיו,,,מחית עגבניות איטלקיו,גרמים,500.00,100 גרם,false,,7.50,0.0150,true,1,15383
7290112357083,false,אפונה ירוקה טעם הטבע,,,אפונה ירוקה טעם הטבע,גרמים,380.00,100 גרם,false,,6.90,0.0182,true,1,125386
7290112357113,false,גרגרי חומוס טעם הטבע,,,גרגרי חומוס טעם הטבע,גרמים,380.00,100 גרם,false,,6.90,0.0182,true,1,15385
7290112357175,false,קפסולות BOOST למכונו,,,קפסולות BOOST למכונו,גרמים,50.00,100 גרם,false,,16.90,0.3380,true,1,15386
7290112358127,false,דנונה פרו 20 גר עם מ,,,דנונה פרו 20 גר עם מ,גרמים,200.00,100 גרם,false,,6.50,0.0325,true,1,1550
7290112358219,false,יד מורדכי רוטב צ'ילי,,,יד מורדכי רוטב צ'ילי,מיליליטרים,300.00,"100 מ""ל",false,,13.90,0.0463,true,1,15391
7290112358233,false,יד מורדכי רוטב צ'ילי,,,יד מורדכי רוטב צ'ילי,מיליליטרים,300.00,"100 מ""ל",false,,13.90,0.0463,true,1,53670
7290112358240,false,יד מורדכי רוטב גריל,,,יד מורדכי רוטב גריל,מיליליטרים,300.00,"100 מ""ל",false,,13.90,0.0463,true,1,53671
7290112358431,false,דאבל ביסקוויט עם שוק,,,דאבל ביסקוויט עם שוק,גרמים,200.00,100 גרם,false,,12.90,0.0645,true,1,71297
7290112490032,false,נמס בכוס תירס קנור 2,,,נמס בכוס תירס קנור 2,גרמים,45.00,100 גרם,false,,6.90,0.1533,true,1,9188
7290112490117,false,טבלה קליק וופל ואגוז,,,טבלה קליק וופל ואגוז,גרמים,85.00,100 גרם,false,,4.90,0.0576,true,1,9192
7290112490209,false,נמס בכוס מרק עגבניות,,,נמס בכוס מרק עגבניות,גרמים,56.00,100 גרם,false,,6.90,0.1232,true,1,9194
7290112490216,false,נמס בכוס בטעם עוף קר,,,נמס בכוס בטעם עוף קר,אין,48.00,יחידה,false,,6.90,0.1438,true,1,9195
7290112490230,false,נמס בכוס אפונה רכיבי,,,נמס בכוס אפונה רכיבי,גרמים,50.00,100 גרם,false,,6.90,0.1380,true,1,9196
7290112490650,false,קונפיטורה 778 תות שד,,,קונפיטורה 778 תות שד,גרמים,340.00,100 גרם,false,,11.90,0.0350,true,1,9200
7290112490827,false,בדין בייבי תרסיס למי,,,בדין בייבי תרסיס למי,מיליליטרים,500.00,"100 מ""ל",false,,14.90,0.0298,true,1,9207
7290112491701,false,ברנפלקס אקסטרה פרוטא,,,ברנפלקס אקסטרה פרוטא,גרמים,400.00,100 גרם,false,,21.90,0.0547,true,1,9219
7290112491787,false,בייגלה דקים דקים עם,,,בייגלה דקים דקים עם,גרמים,300.00,100 גרם,false,,9.90,0.0330,true,1,9221
7290112491794,false,בייגלה דקים דקים בטע,,,בייגלה דקים דקים בטע,גרמים,300.00,100 גרם,false,,9.90,0.0330,true,1,9222
7290112492449,false,פינוק שמפו לשיער רגי,,,פינוק שמפו לשיער רגי,מיליליטרים,700.00,"100 מ""ל",false,,11.90,0.0170,true,1,9227
7290112492456,false,פינוק שמפו שיער יבש,,,פינוק שמפו שיער יבש,מיליליטרים,700.00,"100 מ""ל",false,,11.90,0.0170,true,1,9228
7290112492463,false,פינוק 2ב1 לשיער רגיל,,,פינוק 2ב1 לשיער רגיל,מיליליטרים,700.00,"100 מ""ל",false,,11.90,0.0170,true,1,9229
7290112492548,false,פינוק מרכך לשיער יבש,,,פינוק מרכך לשיער יבש,מיליליטרים,700.00,"100 מ""ל",false,,11.90,0.0170,true,1,9233
7290112492579,false,פינוק מרכך שמן קוקוס,,,פינוק מרכך שמן קוקוס,מיליליטרים,700.00,"100 מ""ל",false,,11.90,0.0170,true,1,9234
7290112492593,false,פינוק תחליב רחצה קלא,,,פינוק תחליב רחצה קלא,מיליליטרים,700.00,"100 מ""ל",false,,9.90,0.0141,true,1,9235
7290112492609,false,פינוק תחליב רחצה לבנ,,,פינוק תחליב רחצה לבנ,מיליליטרים,700.00,"100 מ""ל",false,,9.90,0.0141,true,1,9236
7290112492715,false,פינוק שמפו לילדים 70,,,פינוק שמפו לילדים 70,מיליליטרים,700.00,"100 מ""ל",false,,11.80,0.0169,true,1,90900
7290112492746,false,פינוק מרכך ילדים 700,,,פינוק מרכך ילדים 700,מיליליטרים,700.00,"100 מ""ל",false,,11.80,0.0169,true,1,90902
7290112492982,false,מרק פטריות 100% רכיב,,,מרק פטריות 100% רכיב,יח',400.00,יח',false,,19.90,0.0497,true,1,9247
7290112492999,false,מרק טעם עוף קנור 400,,,מרק טעם עוף קנור 400,גרמים,400.00,100 גרם,false,,11.80,0.0295,true,1,9248
7290112493927,false,קרמיסימו ריבת חלב 1.,,,קרמיסימו ריבת חלב 1.,ארגז,1.33,ליטר,false,,18.90,14.2105,true,1,5985
7290112493965,false,קרמיסימו מסטיגם 1.33,,,קרמיסימו מסטיגם 1.33,אין,1.33,יחידה,false,,18.90,14.2105,true,1,5987
7290112494153,false,תיבוליות ניחוח צלי ק,,,תיבוליות ניחוח צלי ק,גרמים,72.00,100 גרם,false,,7.90,0.1097,true,1,133995
7290112494221,false,קליק ביסקוויט 65 גרם,,,קליק ביסקוויט 65 גרם,גרמים,65.00,100 גרם,false,,5.90,0.0908,true,1,9266
7290112494238,false,קליק כדורים חלב 65 ג,,,קליק כדורים חלב 65 ג,גרמים,65.00,100 גרם,false,,5.90,0.0908,true,1,9267
7290112494344,false,קורנפלקס של אלופים ת,,,קורנפלקס של אלופים ת,גרמים,850.00,100 גרם,false,,16.80,0.0198,true,1,9271
7290112494351,false,קורנפלקס של אלופים ת,,,קורנפלקס של אלופים ת,גרמים,850.00,100 גרם,false,,16.80,0.0198,true,1,9272
7290112494382,false,פירה בטעם ביתי קנור,,,פירה בטעם ביתי קנור,גרמים,260.00,100 גרם,false,,9.90,0.0381,true,1,9273
7290112494610,false,רוטב פיקנטי לדג קנור,,,רוטב פיקנטי לדג קנור,מיליליטרים,415.00,"100 מ""ל",false,,9.90,0.0239,true,1,9279
7290112494795,false,ג'ל לכביסה לבנה וצבע,,,ג'ל לכביסה לבנה וצבע,ארגז,2.50,ליטר,false,,30.90,12.3600,true,1,9282
7290112494818,false,ג'ל לכביסה לבנה וצבע,,,ג'ל לכביסה לבנה וצבע,ארגז,2.50,ליטר,false,,30.90,12.3600,true,1,9284
7290112494993,false,"כריות וניל תלמה בד""ץ",,,"כריות וניל תלמה בד""ץ",גרמים,686.00,100 גרם,false,,24.90,0.0363,true,1,9286
7290112495037,false,קוקומן כדורים תלמה ב,,,קוקומן כדורים תלמה ב,גרמים,375.00,100 גרם,false,,18.90,0.0504,true,1,9290
7290112495044,false,קוקומן פצפוצים תלמה,,,קוקומן פצפוצים תלמה,גרמים,375.00,100 גרם,false,,18.90,0.0504,true,1,9291
7290112495105,false,נשנושים שמנת בצל 260,,,נשנושים שמנת בצל 260,גרמים,260.00,100 גרם,false,,11.90,0.0458,true,1,9292
7290112495112,false,נשנושים זעתר 260 גרם,,,נשנושים זעתר 260 גרם,גרמים,260.00,100 גרם,false,,11.90,0.0458,true,1,9293
7290112495143,false,נשנושים קוקטייל מלוח,,,נשנושים קוקטייל מלוח,גרמים,300.00,100 גרם,false,,12.90,0.0430,true,1,9294
7290112495150,false,נשנושים עגול מלוח 30,,,נשנושים עגול מלוח 30,גרמים,300.00,100 גרם,false,,12.90,0.0430,true,1,9295
7290112495167,false,נשנושים משולש שומשום,,,נשנושים משולש שומשום,גרמים,300.00,100 גרם,false,,12.90,0.0430,true,1,9296
7290112495174,false,נשנושים קוקטייל שומש,,,נשנושים קוקטייל שומש,גרמים,300.00,100 גרם,false,,12.90,0.0430,true,1,9297
7290112495228,false,קורנפלקס דבש תלמה תל,,,קורנפלקס דבש תלמה תל,גרמים,448.00,100 גרם,false,,17.90,0.0400,true,1,9298
7290112495242,false,קורנפלקס מייפל תלמה,,,קורנפלקס מייפל תלמה,גרמים,448.00,100 גרם,false,,17.90,0.0400,true,1,9300
7290112495280,false,ריבועי ברנפלקס קינמו,,,ריבועי ברנפלקס קינמו,גרמים,400.00,100 גרם,false,,20.90,0.0522,true,1,9301
7290112495433,false,"דליפקאן תלמה בד""ץ 40",,,"דליפקאן תלמה בד""ץ 40",גרמים,400.00,100 גרם,false,,21.90,0.0547,true,1,9302
7290112495488,false,קורנפלקס ללא גלוטן ד,,,קורנפלקס ללא גלוטן ד,גרמים,500.00,100 גרם,false,,14.50,0.0290,true,1,447099
7290112495662,false,קרקר חיטה מלאה עם פש,,,קרקר חיטה מלאה עם פש,גרמים,300.00,100 גרם,false,,8.90,0.0297,true,1,1439
7290112495686,false,קרקר שומשום 220 גר',,,קרקר שומשום 220 גר',גרמים,220.00,100 גרם,false,,8.90,0.0405,true,1,1440
7290112495754,false,רוטב אלף האיים הלמנס,,,רוטב אלף האיים הלמנס,גרמים,305.00,100 גרם,false,,10.50,0.0344,true,1,9307
7290112495761,false,רוטב אלף האיים לייט,,,רוטב אלף האיים לייט,גרמים,305.00,100 גרם,false,,10.90,0.0357,true,1,445255
7290112495792,false,רוטב שום לייט הלמנס,,,רוטב שום לייט הלמנס,גרמים,300.00,100 גרם,false,,10.90,0.0363,true,1,445284
7290112495808,false,הלמנס רוטב לסלט חרדל,,,הלמנס רוטב לסלט חרדל,מיליליטרים,305.00,"100 מ""ל",false,,9.90,0.0325,true,1,1074
7290112495815,false,הלמנס רוטב לסלט חרדל,,,הלמנס רוטב לסלט חרדל,מיליליטרים,305.00,"100 מ""ל",false,,9.90,0.0325,true,1,1075
7290112495822,false,"כריות בלאק תלמה בד""ץ",,,"כריות בלאק תלמה בד""ץ",גרמים,686.00,100 גרם,false,,24.90,0.0363,true,1,9310
7290112495938,false,קרקר משפחתי 6 דגנים,,,קרקר משפחתי 6 דגנים,גרמים,250.00,100 גרם,false,,8.90,0.0356,true,1,1442
7290112495976,false,פתית פריכיות אורז מצ,,,פתית פריכיות אורז מצ,גרמים,35.00,100 גרם,false,,3.90,0.1114,true,1,9314
7290112495983,false,פתית פריכיות תירס שו,,,פתית פריכיות תירס שו,גרמים,39.00,100 גרם,false,,3.90,0.1000,true,1,9315
7290112496027,false,"סירופ שוקולד 600 מ""ל",,,"סירופ שוקולד 600 מ""ל",מיליליטרים,600.00,"100 מ""ל",false,,11.90,0.0198,true,1,1133
7290112496287,false,פתית צ'יפס בטטה בטעם,,,פתית צ'יפס בטטה בטעם,גרמים,21.00,100 גרם,false,,4.90,0.2333,true,1,101040
7290112496294,false,פתית צ'יפס עם אפונה,,,פתית צ'יפס עם אפונה,גרמים,22.00,100 גרם,false,,4.90,0.2227,true,1,130417
7290112496331,false,קורנפלקס בננה תלמה ב,,,קורנפלקס בננה תלמה ב,גרמים,448.00,100 גרם,false,,17.90,0.0400,true,1,87611
7290112496430,false,נמס בכוס אקסטרה מרק,,,נמס בכוס אקסטרה מרק,גרמים,37.00,100 גרם,false,,3.90,0.1054,true,1,134158
7290112496461,false,מרק נמס בכוס אקסטרה,,,מרק נמס בכוס אקסטרה,גרמים,35.00,100 גרם,false,,3.90,0.1114,true,1,35212
7290112497000,false,סיף פנטסטיק ניקוי כל,,,סיף פנטסטיק ניקוי כל,אין,0.00,יחידה,false,,10.90,0.0000,true,1,9316
7290112497031,false,רוטב עגבניות לקציצות,,,רוטב עגבניות לקציצות,גרמים,415.00,100 גרם,false,,12.90,0.0311,true,1,445240
7290112497123,false,קנור סחלב 112 גרם,,,קנור סחלב 112 גרם,גרמים,112.00,100 גרם,false,,11.90,0.1063,true,1,33107
7290112497826,false,דגני שוגי תלמה 850 ג,,,דגני שוגי תלמה 850 ג,גרמים,850.00,100 גרם,false,,27.90,0.0328,true,1,36368
7290112497864,false,מרק בטעם עוף רכיבים,,,מרק בטעם עוף רכיבים,גרמים,400.00,100 גרם,false,,19.90,0.0497,true,1,133968
7290112497994,false,גרנולה PROTEIN בתוספ,,,גרנולה PROTEIN בתוספ,גרמים,300.00,100 גרם,false,,16.90,0.0563,true,1,112104
7290112498007,false,גרנולה PROTEIN בתוספ,,,גרנולה PROTEIN בתוספ,גרמים,300.00,100 גרם,false,,16.90,0.0563,true,1,149306
7290112498267,false,אל סבון לידיים בניחו,,,אל סבון לידיים בניחו,מיליליטרים,950.00,"100 מ""ל",false,,11.90,0.0125,true,1,95844
7290112498274,false,אל סבון לידיים בניחו,,,אל סבון לידיים בניחו,מיליליטרים,950.00,"100 מ""ל",false,,11.90,0.0125,true,1,97509
7290112498298,false,אל סבון לידיים בתוספ,,,אל סבון לידיים בתוספ,מיליליטרים,950.00,"100 מ""ל",false,,11.90,0.0125,true,1,95846
7290112498526,false,פתית צ'יפס עם בטטה ס,,,פתית צ'יפס עם בטטה ס,גרמים,21.00,100 גרם,false,,4.90,0.2333,true,1,101041
7290112498632,false,מאגדת ילדים קרצופים,,,מאגדת ילדים קרצופים,גרמים,365.00,100 גרם,false,,29.90,0.0819,true,1,5988
7290112498649,false,שטראוס פיינט פסק זמן,,,שטראוס פיינט פסק זמן,גרמים,290.00,100 גרם,false,,16.90,0.0583,true,1,33086
7290112498915,false,מאגדת מיני מגנום שקד,,,מאגדת מיני מגנום שקד,גרמים,310.00,100 גרם,false,,27.90,0.0900,true,1,84554
7290112498922,false,מאגדת מיני מגנום לבן,,,מאגדת מיני מגנום לבן,גרמים,310.00,100 גרם,false,,27.90,0.0900,true,1,84540
7290112499097,false,מאגדת מיני מגנום מרי,,,מאגדת מיני מגנום מרי,גרמים,240.00,100 גרם,false,,27.90,0.1162,true,1,212890
7290112499189,false,קרמיסימו חד קרן בטעמ,,,קרמיסימו חד קרן בטעמ,ארגז,1.33,ליטר,false,,18.90,14.2105,true,1,418606
7290112499448,false,מרכך בתוספת שמן מרוק,,,מרכך בתוספת שמן מרוק,מיליליטרים,700.00,"100 מ""ל",false,,11.90,0.0170,true,1,84608
7290112499462,false,תחליב רחצה בתוספת שמ,,,תחליב רחצה בתוספת שמ,מיליליטרים,700.00,"100 מ""ל",false,,9.90,0.0141,true,1,84636
7290112499943,false,מגנום מאגדת מיני שוק,,,מגנום מאגדת מיני שוק,גרמים,250.00,100 גרם,false,,27.90,0.1116,true,1,6010
7290112961266,false,בייגלה כפיות בסגנון,,,בייגלה כפיות בסגנון,גרמים,300.00,100 גרם,false,,10.90,0.0363,true,1,13343
7290112961372,false,חטיפי פריכיות דקות ק,,,חטיפי פריכיות דקות ק,גרמים,60.00,100 גרם,false,,7.90,0.1317,true,1,13345
7290112961440,false,פיטנס בר פריכיות שוק,,,פיטנס בר פריכיות שוק,גרמים,84.00,100 גרם,false,,11.90,0.1417,true,1,76488
7290112962287,false,שווארמה טבעונית טבעו,,,שווארמה טבעונית טבעו,גרמים,450.00,100 גרם,false,,30.90,0.0687,true,1,13817
7290112962324,false,טבעול שניצל כרובית 5,,,טבעול שניצל כרובית 5,גרמים,500.00,100 גרם,false,,30.90,0.0618,true,1,13818
7290112962737,false,טבעול שניצל מן הצומח,,,טבעול שניצל מן הצומח,גרמים,664.00,100 גרם,false,,30.90,0.0465,true,1,13819
7290112963000,false,רוטב צ'ילי מתוק מופח,,,רוטב צ'ילי מתוק מופח,מיליליטרים,290.00,"100 מ""ל",false,,8.90,0.0307,true,1,13357
7290112963918,false,פיטנס חטיפי קרקר דק,,,פיטנס חטיפי קרקר דק,גרמים,140.00,100 גרם,false,,11.90,0.0850,true,1,1403
7290112964410,false,אסם רוטב אלף האיים ל,,,אסם רוטב אלף האיים ל,מיליליטרים,290.00,"100 מ""ל",false,,8.90,0.0307,true,1,13370
7290112964434,false,אסם רוטב קיסר לסלט 2,,,אסם רוטב קיסר לסלט 2,מיליליטרים,295.00,"100 מ""ל",false,,8.90,0.0302,true,1,13371
7290112964458,false,אסם רוטב ויניגרט לסל,,,אסם רוטב ויניגרט לסל,מיליליטרים,295.00,"100 מ""ל",false,,8.90,0.0302,true,1,13372
7290112964502,false,אסם רוטב אלף האיים ל,,,אסם רוטב אלף האיים ל,מיליליטרים,600.00,"100 מ""ל",false,,14.90,0.0248,true,1,254
7290112964564,false,אסם רוטב אלף האיים ל,,,אסם רוטב אלף האיים ל,מיליליטרים,295.00,"100 מ""ל",false,,8.90,0.0302,true,1,13375
7290112964625,false,אסם רוטב שום לייט לס,,,אסם רוטב שום לייט לס,מיליליטרים,295.00,"100 מ""ל",false,,8.90,0.0302,true,1,13377
7290112964724,false,טבעול המבורגר טבעוני,,,טבעול המבורגר טבעוני,גרמים,580.00,100 גרם,false,,30.90,0.0533,true,1,13821
7290112965103,false,קוסקוס עם ירקות אסם,,,קוסקוס עם ירקות אסם,גרמים,146.00,100 גרם,false,,11.90,0.0815,true,1,13381
7290112965264,false,זוג מרק נמס אפונה בד,,,זוג מרק נמס אפונה בד,גרמים,30.00,100 גרם,false,,5.70,0.1900,true,1,35588
7290112965288,false,זוג מרק נמס ירקות בד,,,זוג מרק נמס ירקות בד,גרמים,30.00,100 גרם,false,,5.70,0.1900,true,1,35589
7290112965301,false,זוג מרק נמס טעם עוף,,,זוג מרק נמס טעם עוף,גרמים,38.00,100 גרם,false,,5.70,0.1500,true,1,13388
7290112965325,false,אורז ספרדי אסם 140 ג,,,אורז ספרדי אסם 140 ג,גרמים,140.00,100 גרם,false,,11.90,0.0850,true,1,13389
7290112965585,false,פסטה קסרצה פרפקטו 50,,,פסטה קסרצה פרפקטו 50,גרמים,500.00,100 גרם,false,,6.50,0.0130,true,1,13393
7290112965660,false,פיטנס חטיף מולטיגריי,,,פיטנס חטיף מולטיגריי,גרמים,25.00,100 גרם,false,,4.90,0.1960,true,1,36923
7290112965684,false,פיטנס חטיף מולטיגריי,,,פיטנס חטיף מולטיגריי,גרמים,25.00,100 גרם,false,,4.90,0.1960,true,1,36924
7290112965707,false,פיטנס חטיף מולטיגריי,,,פיטנס חטיף מולטיגריי,גרמים,25.00,100 גרם,false,,4.90,0.1960,true,1,36925
7290112965868,false,אסם קרם קרקר במליחות,,,אסם קרם קרקר במליחות,גרמים,250.00,100 גרם,false,,8.90,0.0356,true,1,13397
7290112965905,false,אסם בייגלה שמיניות ב,,,אסם בייגלה שמיניות ב,גרמים,400.00,100 גרם,false,,9.90,0.0248,true,1,236
7290112965929,false,אסם דובלה 250 גרם,,,אסם דובלה 250 גרם,גרמים,250.00,100 גרם,false,,9.90,0.0396,true,1,237
7290112965943,false,טבעול נאגטס ירקות יר,,,טבעול נאגטס ירקות יר,גרמים,500.00,100 גרם,false,,30.90,0.0618,true,1,35510
7290112965981,false,טבעול גורמה ארוחת דג,,,טבעול גורמה ארוחת דג,גרמים,450.00,100 גרם,false,,34.90,0.0776,true,1,412742
7290112966001,false,טבעול גורמה ארוחת יר,,,טבעול גורמה ארוחת יר,גרמים,450.00,100 גרם,false,,34.90,0.0776,true,1,412756
7290112966094,false,עוגת הבית תפוז מופחת,,,עוגת הבית תפוז מופחת,גרמים,400.00,100 גרם,false,,11.90,0.0298,true,1,13400
7290112966124,false,אסם פתי בר מופחת סוכ,,,אסם פתי בר מופחת סוכ,גרמים,500.00,100 גרם,false,,10.90,0.0218,true,1,13401
7290112966445,false,במבה מתוקה אריזה גדו,,,במבה מתוקה אריזה גדו,גרמים,100.00,100 גרם,false,,7.90,0.0790,true,1,13405
7290112966766,false,צבר טחינה בלאדי חציל,,,צבר טחינה בלאדי חציל,גרמים,350.00,100 גרם,false,,15.90,0.0454,true,1,13826
7290112966803,false,אסם פודינג אינסטנט ש,,,אסם פודינג אינסטנט ש,גרמים,88.00,100 גרם,false,,5.90,0.0670,true,1,1051
7290112966841,false,אסם פודינג בטעם שוקו,,,אסם פודינג בטעם שוקו,גרמים,90.00,100 גרם,false,,5.90,0.0656,true,1,1053
7290112967138,false,אסם בייגלה שמיניות ל,,,אסם בייגלה שמיניות ל,גרמים,250.00,100 גרם,false,,13.90,0.0556,true,1,13410
7290112967220,false,ביסלי ברביקיו מארז 1,,,ביסלי ברביקיו מארז 1,גרמים,200.00,100 גרם,false,,13.90,0.0695,true,1,1079
7290112967244,false,ביסלי גריל מארז 10*,,,ביסלי גריל מארז 10*,גרמים,200.00,100 גרם,false,,12.90,0.0645,true,1,13412
7290112968203,false,סלט טחינה בלאדי צבר,,,סלט טחינה בלאדי צבר,גרמים,250.00,100 גרם,false,,10.90,0.0436,true,1,13833
7290112968340,false,חומוס גרוס גס גס צבר,,,חומוס גרוס גס גס צבר,גרמים,400.00,100 גרם,false,,13.90,0.0348,true,1,13834
7290112968449,false,סלט כרוב אדום צבר 25,,,סלט כרוב אדום צבר 25,גרמים,250.00,100 גרם,false,,10.90,0.0436,true,1,13837
7290112968708,false,שניצל  תירס עדה חרדי,,,שניצל  תירס עדה חרדי,אלף,1.30,"ק""ג",false,,40.90,31.4615,true,1,13841
7290112968807,false,פיטנס קרקר דק סלק 14,,,פיטנס קרקר דק סלק 14,גרמים,140.00,100 גרם,false,,11.90,0.0850,true,1,45165
7290112968821,false,פיטנס קרקר דק בטטה 1,,,פיטנס קרקר דק בטטה 1,גרמים,140.00,100 גרם,false,,11.90,0.0850,true,1,45166
7290112969248,false,אוסם בישולים רוטב סי,,,אוסם בישולים רוטב סי,גרמים,335.00,100 גרם,false,,16.90,0.0504,true,1,41371
7290112969286,false,אוסם בישולים רוטב חר,,,אוסם בישולים רוטב חר,גרמים,330.00,100 גרם,false,,16.90,0.0512,true,1,41305
7290112969903,false,טבעול נאגטס ירקות לב,,,טבעול נאגטס ירקות לב,גרמים,500.00,100 גרם,false,,30.90,0.0618,true,1,35512
7290113100138,false,מסננת גודל 26 + ידית,,,מסננת גודל 26 + ידית,אין,0.00,יחידה,false,,26.90,0.0000,true,1,30575
7290113100145,false,מסננת גודל 10.5 + יד,,,מסננת גודל 10.5 + יד,אין,0.00,יחידה,false,,10.00,0.0000,true,1,30576
7290113100152,false,מסננת גודל 16 + ידית,,,מסננת גודל 16 + ידית,אין,0.00,יחידה,false,,16.90,0.0000,true,1,30577
7290113100169,false,מסננת גודל 20 + ידית,,,מסננת גודל 20 + ידית,אין,0.00,יחידה,false,,19.90,0.0000,true,1,30578
7290113100176,false,מסננת גודל 24 + ידית,,,מסננת גודל 24 + ידית,אין,0.00,יחידה,false,,24.90,0.0000,true,1,30579
7290113100589,false,מחבת 28 ס`מ אינדוקצי,,,מחבת 28 ס`מ אינדוקצי,אין,0.00,יחידה,false,,349.90,0.0000,true,1,30621
7290113100985,false,קרש חיתוך דגם יהלום,,,קרש חיתוך דגם יהלום,אין,0.00,יחידה,false,,16.90,0.0000,true,1,30661
7290113101012,false,מגרדת ידנית,,,מגרדת ידנית,אין,0.00,יחידה,false,,19.90,0.0000,true,1,30664
7290113101296,false,פותחן בקבוקים סיליקו,,,פותחן בקבוקים סיליקו,אין,0.00,יחידה,false,,29.90,0.0000,true,1,30692
7290113102170,false,תרבד איכותי,,,תרבד איכותי,אין,0.00,יחידה,false,,20.90,0.0000,true,1,30780
7290113102187,false,כף מסננת,,,כף מסננת,אין,0.00,יחידה,false,,24.90,0.0000,true,1,30781
7290113102194,false,כף מרק,,,כף מרק,אין,0.00,יחידה,false,,20.90,0.0000,true,1,30782
7290113102200,false,כף שטוחה,,,כף שטוחה,אין,0.00,יחידה,false,,20.90,0.0000,true,1,30783
7290113102217,false,מטרפה,,,מטרפה,אין,0.00,יחידה,false,,20.90,0.0000,true,1,30784
7290113102934,false,קולפן איכותי,,,קולפן איכותי,אין,0.00,יחידה,false,,18.90,0.0000,true,1,30853
7290113103177,false,סט עזרי מטבח,,,סט עזרי מטבח,אין,0.00,יחידה,false,,26.90,0.0000,true,1,30877
7290113178298,false,סט 4 ספלי זכוכית,,,סט 4 ספלי זכוכית,אין,0.00,יחידה,false,,54.90,0.0000,true,1,436943
7290113190375,false,סילאן סירופ תמרים טב,,,סילאן סירופ תמרים טב,גרמים,900.00,100 גרם,false,,17.90,0.0199,true,1,121583
7290113190757,false,חלבה תלתלים בטעם וני,,,חלבה תלתלים בטעם וני,גרמים,300.00,100 גרם,false,,14.90,0.0497,true,1,412549
7290113190771,false,חלבה מסולסלת בטעם שו,,,חלבה מסולסלת בטעם שו,גרמים,300.00,100 גרם,false,,14.90,0.0497,true,1,6217
7290113192300,false,זיתים חרוזית מושחר ב,,,זיתים חרוזית מושחר ב,גרמים,275.00,100 גרם,false,,9.90,0.0360,true,1,13437
7290113192317,false,טבעות זיתים מושחרים,,,טבעות זיתים מושחרים,גרמים,280.00,100 גרם,false,,10.90,0.0389,true,1,13438
7290113192324,false,זית ירוק בית השיטה 3,,,זית ירוק בית השיטה 3,גרמים,340.00,100 גרם,false,,8.90,0.0262,true,1,13439
7290113192331,false,זיתים ירוק גדול בית,,,זיתים ירוק גדול בית,גרמים,340.00,100 גרם,false,,8.90,0.0262,true,1,13440
7290113192348,false,זית ירוק שום 17-19בי,,,זית ירוק שום 17-19בי,גרמים,560.00,100 גרם,false,,9.90,0.0177,true,1,13441
7290113192355,false,זיתים חרוזית ירוק בי,,,זיתים חרוזית ירוק בי,גרמים,275.00,100 גרם,false,,9.90,0.0360,true,1,13442
7290113192362,false,טבעות זיתים ירוקים ב,,,טבעות זיתים ירוקים ב,גרמים,280.00,100 גרם,false,,8.90,0.0318,true,1,13443
7290113192379,false,זיתים ירוקים מבוקעים,,,זיתים ירוקים מבוקעים,גרמים,340.00,100 גרם,false,,9.90,0.0291,true,1,13444
7290113192386,false,זית סורי מבוקע בית ה,,,זית סורי מבוקע בית ה,גרמים,340.00,100 גרם,false,,10.90,0.0321,true,1,13445
7290113192393,false,קוקטייל זיתים בית הש,,,קוקטייל זיתים בית הש,גרמים,336.00,100 גרם,false,,10.90,0.0324,true,1,13446
7290113192478,false,מלפפון במלח 10-12 בי,,,מלפפון במלח 10-12 בי,גרמים,320.00,100 גרם,false,,7.90,0.0247,true,1,13454
7290113192485,false,מלפפון בחומץ 12-10 ב,,,מלפפון בחומץ 12-10 ב,גרמים,290.00,100 גרם,false,,7.90,0.0272,true,1,13455
7290113192492,false,מלפפון בחומץ 13-17 ב,,,מלפפון בחומץ 13-17 ב,גרמים,290.00,100 גרם,false,,8.90,0.0307,true,1,13456
7290113192508,false,מלפפון במלח 13-17 בי,,,מלפפון במלח 13-17 בי,גרמים,320.00,100 גרם,false,,8.90,0.0278,true,1,13457
7290113192515,false,מלפפון במלח 18-25 בי,,,מלפפון במלח 18-25 בי,גרמים,320.00,100 גרם,false,,10.80,0.0338,true,1,13458
7290113192539,false,מלפפון במלח 7-9 בית,,,מלפפון במלח 7-9 בית,גרמים,560.00,100 גרם,false,,5.90,0.0105,true,1,13460
7290113192553,false,מלפפון במלח בלדי 13-,,,מלפפון במלח בלדי 13-,גרמים,320.00,100 גרם,false,,10.80,0.0338,true,1,13462
7290113192560,false,פלפל שיפקה בית השיטה,,,פלפל שיפקה בית השיטה,גרמים,230.00,100 גרם,false,,6.90,0.0300,true,1,13463
7290113192577,false,כרוב כבוש בית השיטה,,,כרוב כבוש בית השיטה,אין,430.00,יחידה,false,,6.90,0.0160,true,1,13464
7290113192881,false,טורטיה חיטה מופחתת ק,,,טורטיה חיטה מופחתת ק,גרמים,270.00,100 גרם,false,,9.90,0.0367,true,1,121323
7290113192997,false,זית מרוקאי בית השיטה,,,זית מרוקאי בית השיטה,גרמים,340.00,100 גרם,false,,12.90,0.0379,true,1,13465
7290113193000,false,פלפל שיפקונית בית הש,,,פלפל שיפקונית בית הש,גרמים,230.00,100 גרם,false,,11.90,0.0517,true,1,13466
7290113193017,false,בית השיטה קוקטייל זי,,,בית השיטה קוקטייל זי,גרמים,275.00,100 גרם,false,,12.90,0.0469,true,1,13467
7290113193321,false,שמן זית כתית מעולה ב,,,שמן זית כתית מעולה ב,מיליליטרים,750.00,"100 מ""ל",false,,30.90,0.0412,true,1,151838
7290113193406,false,טבעות קוקטיל זיתים ב,,,טבעות קוקטיל זיתים ב,גרמים,560.00,100 גרם,false,,10.70,0.0191,true,1,13469
7290113193888,false,בית השיטה חצילים מוח,,,בית השיטה חצילים מוח,גרמים,320.00,100 גרם,false,,9.90,0.0309,true,1,95342
7290113194359,false,זיתים מגולענים בנוסח,,,זיתים מגולענים בנוסח,גרמים,215.00,100 גרם,false,,12.90,0.0600,true,1,69226
7290113194632,false,שקדיה ממרח 100% שקדי,,,שקדיה ממרח 100% שקדי,גרמים,500.00,100 גרם,false,,48.90,0.0978,true,1,121597
7290113195073,false,חלבה טורקית עם פיסטו,,,חלבה טורקית עם פיסטו,גרמים,400.00,100 גרם,false,,13.90,0.0348,true,1,121747
7290113195172,false,רצועות קולורבי בתחמי,,,רצועות קולורבי בתחמי,גרמים,215.00,100 גרם,false,,7.90,0.0367,true,1,69228
7290113195424,false,אטריות אורז דקות 5 מ,,,אטריות אורז דקות 5 מ,גרמים,400.00,100 גרם,false,,8.90,0.0223,true,1,121979
7290113195967,false,שיבולת שועל להכנה מי,,,שיבולת שועל להכנה מי,גרמים,500.00,100 גרם,false,,9.90,0.0198,true,1,121270
7290113196353,false,אטריות אורז דקות 1 מ,,,אטריות אורז דקות 1 מ,גרמים,400.00,100 גרם,false,,8.90,0.0223,true,1,121980
7290113196902,false,מנה חמה אטריות אורז,,,מנה חמה אטריות אורז,גרמים,60.00,100 גרם,false,,7.90,0.1317,true,1,434899
7290113196919,false,מנה חמה אטריות אורז,,,מנה חמה אטריות אורז,גרמים,60.00,100 גרם,false,,7.90,0.1317,true,1,434900
7290113196933,false,מנה חמה אטריות אורז,,,מנה חמה אטריות אורז,גרמים,60.00,100 גרם,false,,7.90,0.1317,true,1,434902
7290113196940,false,חטיפי תירס טורטיה בט,,,חטיפי תירס טורטיה בט,גרמים,300.00,100 גרם,false,,13.90,0.0463,true,1,381000
7290113196957,false,חטיפי תירס טורטיה בט,,,חטיפי תירס טורטיה בט,גרמים,300.00,100 גרם,false,,13.90,0.0463,true,1,381001
7290113197169,false,חמאת בוטנים טבעית שק,,,חמאת בוטנים טבעית שק,גרמים,510.00,100 גרם,false,,15.90,0.0312,true,1,434917
7290113198562,false,סוכריות גומי בטעמי ת,,,סוכריות גומי בטעמי ת,גרמים,200.00,100 גרם,false,,9.90,0.0495,true,1,266560
7290113198593,false,סוכריות גומי מסוכר ב,,,סוכריות גומי מסוכר ב,גרמים,200.00,100 גרם,false,,9.90,0.0495,true,1,266563
7290113198609,false,סוכריות גומי  נחשים,,,סוכריות גומי  נחשים,גרמים,200.00,100 גרם,false,,9.90,0.0495,true,1,266564
7290113198616,false,ברנפלקס דגנים מחיטה,,,ברנפלקס דגנים מחיטה,גרמים,500.00,100 גרם,false,,14.90,0.0298,true,1,383272
7290113199774,false,ממרח 100% בוטנים 300,,,ממרח 100% בוטנים 300,גרמים,300.00,100 גרם,false,,14.90,0.0497,true,1,381042
7290113199927,false,סוכריות חמצוצים בטעם,,,סוכריות חמצוצים בטעם,גרמים,180.00,100 גרם,false,,9.90,0.0550,true,1,266582
7290113199934,false,סוכריות חמצוצים בטעם,,,סוכריות חמצוצים בטעם,גרמים,180.00,100 גרם,false,,9.90,0.0550,true,1,266583
7290113288836,false,כפפות ויטריל  100 יח,,,כפפות ויטריל  100 יח,אין,0.00,יחידה,false,,19.90,0.0000,true,1,122532
7290113288850,false,כפפות ויטריל  100 יח,,,כפפות ויטריל  100 יח,אין,0.00,יחידה,false,,19.90,0.0000,true,1,122534
7290113289017,false,צלחות גדולות אלגנט ק,,,צלחות גדולות אלגנט ק,אין,0.00,יחידה,false,,12.90,0.0000,true,1,129770
7290113289055,false,צלחות קטנות אלגנט זה,,,צלחות קטנות אלגנט זה,אין,0.00,יחידה,false,,7.90,0.0000,true,1,129786
7290113289109,false,קערות אלגנט קרם 25 י,,,קערות אלגנט קרם 25 י,אין,0.00,יחידה,false,,5.90,0.0000,true,1,129830
7290113289123,false,קערות אלגנט כסף 25 י,,,קערות אלגנט כסף 25 י,אין,0.00,יחידה,false,,5.90,0.0000,true,1,129832
7290113289161,false,קערות ענקיות אלגנט ק,,,קערות ענקיות אלגנט ק,אין,0.00,יחידה,false,,9.90,0.0000,true,1,129875
7290113289215,false,צלחות מתכלות יהלום ע,,,צלחות מתכלות יהלום ע,אין,0.00,יחידה,false,,19.90,0.0000,true,1,175631
7290113289222,false,מרקיות מתכלות יהלום,,,מרקיות מתכלות יהלום,אין,0.00,יחידה,false,,12.90,0.0000,true,1,175658
7290113289338,false,צלחות דקל מרובעות ענ,,,צלחות דקל מרובעות ענ,אין,0.00,יחידה,false,,17.90,0.0000,true,1,262377
7290113289345,false,צלחות דקל מרובעות גד,,,צלחות דקל מרובעות גד,אין,0.00,יחידה,false,,16.90,0.0000,true,1,262404
7290113289505,false,רדיד אלומיניום כוכבי,,,רדיד אלומיניום כוכבי,אין,0.00,יחידה,false,,32.90,0.0000,true,1,206248
7290113289543,false,כוסות שקופות 150 יחי,,,כוסות שקופות 150 יחי,אין,0.00,יחידה,false,,14.90,0.0000,true,1,261880
7290113289550,false,צלחות מתכלות גדולות,,,צלחות מתכלות גדולות,אין,0.00,יחידה,false,,29.90,0.0000,true,1,175601
7290114310215,false,שמנת מתוקה 38% בקבוק,,,שמנת מתוקה 38% בקבוק,מיליליטרים,250.00,"100 מ""ל",false,,6.47,0.0259,true,1,38221
7290114310222,false,חלב מועשר בסידן 1.5,,,חלב מועשר בסידן 1.5,ארגז,1.50,ליטר,false,,10.90,7.2667,true,1,7199
7290114310239,false,חלב נטול לקטוז  1.5,,,חלב נטול לקטוז  1.5,ארגז,1.50,ליטר,false,,10.90,7.2667,true,1,7200
7290114310246,false,גרנה פדנו צ'אנק 125,,,גרנה פדנו צ'אנק 125,גרמים,125.00,100 גרם,false,,17.90,0.1432,true,1,49365
7290114310253,false,גרנה פדנו מגורדת 100,,,גרנה פדנו מגורדת 100,גרמים,100.00,100 גרם,false,,11.90,0.1190,true,1,49265
7290114310338,false,צפתית מעודנת 5% משק,,,צפתית מעודנת 5% משק,גרמים,225.00,100 גרם,false,,16.90,0.0751,true,1,39638
7290114310536,false,מולר אקטיב לייט יוגו,,,מולר אקטיב לייט יוגו,גרמים,25.00,100 גרם,false,,5.90,0.2360,true,1,69081
7290114310550,false,פטה עיזים מעודנת 5%,,,פטה עיזים מעודנת 5%,גרמים,200.00,100 גרם,false,,22.90,0.1145,true,1,69054
7290114310567,false,לאבנה עיזים 5% משק צ,,,לאבנה עיזים 5% משק צ,גרמים,200.00,100 גרם,false,,13.90,0.0695,true,1,69029
7290114310628,false,משקה חלב וניל עוגיות,,,משקה חלב וניל עוגיות,ארגז,1.00,ליטר,false,,11.90,11.9000,true,1,76013
7290114310673,false,לאבנה מחלב בקר 9% 25,,,לאבנה מחלב בקר 9% 25,גרמים,250.00,100 גרם,false,,11.90,0.0476,true,1,69095
7290114310895,false,מאגדת שמינייה סימפלי,,,מאגדת שמינייה סימפלי,אלף,1.20,"ק""ג",false,,30.90,25.7500,true,1,133544
7290114310901,false,גבינה לבנה טרה 5% וו,,,גבינה לבנה טרה 5% וו,גרמים,250.00,100 גרם,false,,4.98,0.0199,true,1,110274
7290114310963,false,יוגורט עיזים בדלי 3.,,,יוגורט עיזים בדלי 3.,גרמים,500.00,100 גרם,false,,14.90,0.0298,true,1,254149
7290114311014,false,משקה חלב אייס קפוצ'י,,,משקה חלב אייס קפוצ'י,מיליליטרים,250.00,"100 מ""ל",false,,5.50,0.0220,true,1,331447
7290114311038,false,שמנת מתוקה 32% בקבוק,,,שמנת מתוקה 32% בקבוק,מיליליטרים,250.00,"100 מ""ל",false,,6.90,0.0276,true,1,331433
7290114311069,false,יוגורט בטעם טבעי 25,,,יוגורט בטעם טבעי 25,גרמים,200.00,100 גרם,false,,4.90,0.0245,true,1,272158
7290114311076,false,חמאה צהובה עם שום מו,,,חמאה צהובה עם שום מו,גרמים,200.00,100 גרם,false,,10.90,0.0545,true,1,319506
7290114311298,false,מולר פרופ תות בננה מ,,,מולר פרופ תות בננה מ,גרמים,150.00,100 גרם,false,,4.90,0.0327,true,1,412375
7290114311304,false,מולר פרופ מנגו פסיפל,,,מולר פרופ מנגו פסיפל,גרמים,150.00,100 גרם,false,,4.90,0.0327,true,1,412376
7290114311328,false,חלב נטול לקטוז טרה 1,,,חלב נטול לקטוז טרה 1,ארגז,1.00,ליטר,false,,7.10,7.1000,true,1,423470
7290114311359,false,מולר פרופ מנגו 3% 15,,,מולר פרופ מנגו 3% 15,גרמים,150.00,100 גרם,false,,4.90,0.0327,true,1,412377
7290114311458,false,קרטון חלב מועשר ויטמ,,,קרטון חלב מועשר ויטמ,ארגז,1.00,ליטר,false,,8.90,8.9000,true,1,440949
7290114600927,false,עלי טורטיה חיטה מלאה,,,עלי טורטיה חיטה מלאה,גרמים,320.00,100 גרם,false,,9.90,0.0309,true,1,122504
7290114600941,false,מאסטר שף מאסטר שף  מ,,,מאסטר שף מאסטר שף  מ,גרמים,435.00,100 גרם,false,,13.90,0.0320,true,1,555
7290114600996,false,מאסטר שף רוטב שום 25,,,מאסטר שף רוטב שום 25,מיליליטרים,250.00,"100 מ""ל",false,,9.90,0.0396,true,1,708
7290114602785,false,FREE סלייסים צ'יפס ב,,,FREE סלייסים צ'יפס ב,גרמים,900.00,100 גרם,false,,14.90,0.0166,true,1,84041
7290114603041,false,פרי גרנולה בוטנים אג,,,פרי גרנולה בוטנים אג,גרמים,300.00,100 גרם,false,,14.90,0.0497,true,1,36499
7290114603508,false,מאסטר שף רוטב להקפצה,,,מאסטר שף רוטב להקפצה,מיליליטרים,300.00,"100 מ""ל",false,,9.90,0.0330,true,1,633
7290114603522,false,מאסטר שף רוטב קארי י,,,מאסטר שף רוטב קארי י,גרמים,340.00,100 גרם,false,,13.90,0.0409,true,1,53618
7290114603539,false,מאסטר שף קרוטונים למ,,,מאסטר שף קרוטונים למ,גרמים,350.00,100 גרם,false,,17.90,0.0511,true,1,127838
7290114603591,false,פוף PLAY בטעם קטשופ,,,פוף PLAY בטעם קטשופ,גרמים,40.00,100 גרם,false,,3.90,0.0975,true,1,14719
7290114604116,false,צימרוני אוזניים ענני,,,צימרוני אוזניים ענני,אין,0.00,יחידה,false,,9.90,0.0000,true,1,109039
7290114604840,false,דפי אורז קוטר 16 כשל,,,דפי אורז קוטר 16 כשל,גרמים,400.00,100 גרם,false,,9.90,0.0248,true,1,53219
7290114604857,false,דפי אורז קוטר 22 כשל,,,דפי אורז קוטר 22 כשל,גרמים,400.00,100 גרם,false,,9.90,0.0248,true,1,53233
7290114604864,false,קוסקוס דק מאסטר שף 3,,,קוסקוס דק מאסטר שף 3,גרמים,350.00,100 גרם,false,,5.90,0.0169,true,1,122934
7290114604871,false,קוסקוס בינוני מאסטר,,,קוסקוס בינוני מאסטר,גרמים,350.00,100 גרם,false,,5.90,0.0169,true,1,122616
7290114604895,false,מאסטר שף ממרח ספייסי,,,מאסטר שף ממרח ספייסי,גרמים,446.00,100 גרם,false,,13.90,0.0312,true,1,70999
7290114604901,false,מאסטר שף ממרח שום לח,,,מאסטר שף ממרח שום לח,גרמים,242.00,100 גרם,false,,13.90,0.0574,true,1,71000
7290114604932,false,מאסטר שף רוטב ברביקי,,,מאסטר שף רוטב ברביקי,מיליליטרים,520.00,"100 מ""ל",false,,12.90,0.0248,true,1,70970
7290114604949,false,מאסטר שף רוטב ברביקי,,,מאסטר שף רוטב ברביקי,מיליליטרים,524.00,"100 מ""ל",false,,12.90,0.0246,true,1,70971
7290114606530,false,מאסטר שף רוטב בטעם מ,,,מאסטר שף רוטב בטעם מ,גרמים,515.00,100 גרם,false,,13.90,0.0270,true,1,70984
7290114606547,false,מאסטר שף מיונז עם כמ,,,מאסטר שף מיונז עם כמ,גרמים,242.00,100 גרם,false,,13.90,0.0574,true,1,70985
7290114606554,false,מאסטר שף מיונז לייט,,,מאסטר שף מיונז לייט,גרמים,470.00,100 גרם,false,,13.90,0.0296,true,1,70986
7290114606578,false,שקדי מרק מאסטר שף 40,,,שקדי מרק מאסטר שף 40,גרמים,400.00,100 גרם,false,,9.90,0.0248,true,1,127824
7290114607315,false,מקס וויט מארז זוג 2*,,,מקס וויט מארז זוג 2*,מיליליטרים,250.00,"100 מ""ל",false,,29.90,0.1196,true,1,115866
7290114607391,false,משחת שיניים קולגייט,,,משחת שיניים קולגייט,מיליליטרים,75.00,"100 מ""ל",false,,15.90,0.2120,true,1,342453
7290114608060,false,ליידי ספיד סטיק אלוו,,,ליידי ספיד סטיק אלוו,גרמים,90.00,100 גרם,false,,23.90,0.2656,true,1,64324
7290114655354,true,מארז 10 מסכות כירוגי,,,מארז 10 מסכות כירוגי,אין,0.00,יחידה,false,,3.90,0.0000,true,1,21320
7290115073676,true,מארז מסכות 3 שכבות צ,,,מארז מסכות 3 שכבות צ,אין,0.00,יחידה,false,,9.90,0.0000,true,1,1482
7290115074987,true,מסכה  לילדים ממותג-,,,מסכה  לילדים ממותג-,אין,0.00,יחידה,false,,4.90,0.0000,true,1,21326
7290115075410,true,מסכה  ילדים ממותג- ע,,,מסכה  ילדים ממותג- ע,אין,0.00,יחידה,false,,4.90,0.0000,true,1,34882
7290115190076,false,סיגריות מרלבורו  חפי,,,סיגריות מרלבורו  חפי,אין,0.00,יחידה,false,,35.00,0.0000,false,1,35145
7290115190083,false,מרלבורו  גולד פאקט 1,,,מרלבורו  גולד פאקט 1,אין,0.00,יחידה,false,,335.00,0.0000,false,1,18674
7290115190090,false,סיגריות מרלבורו  חפי,,,סיגריות מרלבורו  חפי,אין,0.00,יחידה,false,,35.00,0.0000,false,1,18675
7290115190137,false,מרלבורו פיין טאצ בוד,,,מרלבורו פיין טאצ בוד,אין,0.00,יחידה,false,,31.00,0.0000,false,1,18679
7290115190144,false,מרלבורו טאצ  פאקט 10,,,מרלבורו טאצ  פאקט 10,אין,0.00,יחידה,false,,300.00,0.0000,false,1,18680
7290115190199,false,סיגריות פרלמנט (חפיס,,,סיגריות פרלמנט (חפיס,אין,0.00,יחידה,false,,40.00,0.0000,false,1,73755
7290115190212,false,סיגריות פרלמנט (חפיס,,,סיגריות פרלמנט (חפיס,אין,0.00,יחידה,false,,40.00,0.0000,false,1,18685
7290115190250,false,סיגריות פרלמנט (חפיס,,,סיגריות פרלמנט (חפיס,אין,0.00,יחידה,false,,40.00,0.0000,false,1,18689
7290115190335,false,אל אם בלו ארוך,,,אל אם בלו ארוך,אין,0.00,יחידה,false,,31.00,0.0000,false,1,76699
7290115190359,false,אל אם בלו לייבל קצר,,,אל אם בלו לייבל קצר,אין,0.00,יחידה,false,,31.00,0.0000,false,1,18693
7290115190397,false,אל אם רד לייבל קצר,,,אל אם רד לייבל קצר,אין,0.00,יחידה,false,,31.00,0.0000,false,1,18697
7290115190458,false,נקסט אדג` בודד,,,נקסט אדג` בודד,אין,0.00,יחידה,false,,26.00,0.0000,false,1,35147
7290115190472,false,נקסט פיין אדג` בודד,,,נקסט פיין אדג` בודד,אין,0.00,יחידה,false,,26.00,0.0000,false,1,40982
7290115190595,false,סיגריות נקסט(בודד),,,סיגריות נקסט(בודד),אין,0.00,יחידה,false,,30.00,0.0000,false,1,18708
7290115200003,false,פתי בר פינוקי וניל 2,,,פתי בר פינוקי וניל 2,גרמים,220.00,100 גרם,false,,9.90,0.0450,true,1,36754
7290115200027,false,פתי בר פינוקי שוקו 2,,,פתי בר פינוקי שוקו 2,גרמים,220.00,100 גרם,false,,9.90,0.0450,true,1,36755
7290115200881,false,אסם בייגלה שטוחים שו,,,אסם בייגלה שטוחים שו,גרמים,300.00,100 גרם,false,,10.90,0.0363,true,1,50303
7290115201031,false,אסם פתיבר דובי שוקול,,,אסם פתיבר דובי שוקול,גרמים,175.00,100 גרם,false,,9.90,0.0566,true,1,69279
7290115201451,false,טבעול גורמה לביבות ב,,,טבעול גורמה לביבות ב,גרמים,455.00,100 גרם,false,,34.90,0.0767,true,1,412726
7290115201680,false,ביסלי ברביקיו 70 גרם,,,ביסלי ברביקיו 70 גרם,גרמים,70.00,100 גרם,false,,3.90,0.0557,true,1,44415
7290115201741,false,ביסלי בצל  70 גרם,,,ביסלי בצל  70 גרם,גרמים,70.00,100 גרם,false,,3.90,0.0557,true,1,38160
7290115202236,false,טבעול טופו קראנצ'ים,,,טבעול טופו קראנצ'ים,גרמים,470.00,100 גרם,false,,30.90,0.0657,true,1,107577
7290115202250,false,טבעול טופו קראנצ'ים,,,טבעול טופו קראנצ'ים,גרמים,470.00,100 גרם,false,,30.90,0.0657,true,1,107578
7290115202786,false,מנה חמה פאוצ' נדלסאט,,,מנה חמה פאוצ' נדלסאט,גרמים,70.00,100 גרם,false,,4.90,0.0700,true,1,69198
7290115202816,false,מנה חמה פאוצ' נדלסאט,,,מנה חמה פאוצ' נדלסאט,גרמים,70.00,100 גרם,false,,4.90,0.0700,true,1,69199
7290115202847,false,מנה חמה פאוצ' נדלסאט,,,מנה חמה פאוצ' נדלסאט,גרמים,70.00,100 גרם,false,,4.90,0.0700,true,1,69200
7290115202953,false,מנה חמה רייס נודלס ק,,,מנה חמה רייס נודלס ק,גרמים,55.00,100 גרם,false,,7.90,0.1436,true,1,161697
7290115202977,false,מנה חמה רייס נודלס ר,,,מנה חמה רייס נודלס ר,גרמים,55.00,100 גרם,false,,7.90,0.1436,true,1,161698
7290115203134,false,פופקו פופקורן במבה 4,,,פופקו פופקורן במבה 4,גרמים,80.00,100 גרם,false,,4.90,0.0613,true,1,89418
7290115203172,false,במבה אסם 80 גרם PRO,,,במבה אסם 80 גרם PRO,גרמים,80.00,100 גרם,false,,4.50,0.0563,true,1,408774
7290115203295,false,פרפקטו פסטה ריציאולי,,,פרפקטו פסטה ריציאולי,גרמים,400.00,100 גרם,false,,9.90,0.0248,true,1,69185
7290115204056,false,אסם קטשופ מופחת סוכר,,,אסם קטשופ מופחת סוכר,גרמים,690.00,100 גרם,false,,10.50,0.0152,true,1,78605
7290115204155,false,סחוג אדום המעדנייה ש,,,סחוג אדום המעדנייה ש,גרמים,190.00,100 גרם,false,,10.90,0.0574,true,1,296988
7290115204261,false,אריסה חריפה המעדנייה,,,אריסה חריפה המעדנייה,גרמים,190.00,100 גרם,false,,10.90,0.0574,true,1,296989
7290115205176,false,פיטנס קרקר THIN כפרי,,,פיטנס קרקר THIN כפרי,גרמים,140.00,100 גרם,false,,11.90,0.0850,true,1,157025
7290115205312,false,פיטנס קרקר Thin Deli,,,פיטנס קרקר Thin Deli,גרמים,140.00,100 גרם,false,,11.90,0.0850,true,1,375004
7290115205527,false,פיטנס חטיף מולטגריין,,,פיטנס חטיף מולטגריין,גרמים,25.00,100 גרם,false,,4.90,0.1960,true,1,381369
7290115205541,false,פיטנס חטיף מולטיגריי,,,פיטנס חטיף מולטיגריי,גרמים,25.00,100 גרם,false,,4.90,0.1960,true,1,381370
7290115205695,false,בצק מצונן לפיצה בונז,,,בצק מצונן לפיצה בונז,גרמים,460.00,100 גרם,false,,17.90,0.0389,true,1,207924
7290115205978,false,פתי בר אצבעות שוקולד,,,פתי בר אצבעות שוקולד,גרמים,180.00,100 גרם,false,,9.90,0.0550,true,1,275095
7290115206135,false,טבעול גורמה ארוחת קי,,,טבעול גורמה ארוחת קי,גרמים,450.00,100 גרם,false,,34.90,0.0776,true,1,412757
7290115207163,false,ניוקי בזיליקום ושום,,,ניוקי בזיליקום ושום,גרמים,500.00,100 גרם,false,,12.90,0.0258,true,1,207832
7290115207323,false,פסטה ספירלי ללא גלוט,,,פסטה ספירלי ללא גלוט,גרמים,400.00,100 גרם,false,,13.90,0.0348,true,1,272435
7290115207484,false,חציל על האש היתר צבר,,,חציל על האש היתר צבר,גרמים,400.00,100 גרם,false,,14.90,0.0373,true,1,224927
7290115207620,false,אסם רוטב בסגנון סויה,,,אסם רוטב בסגנון סויה,מיליליטרים,320.00,"100 מ""ל",false,,12.90,0.0403,true,1,374700
7290115207668,false,אסם רוטב בסגנון סויה,,,אסם רוטב בסגנון סויה,מיליליטרים,680.00,"100 מ""ל",false,,14.90,0.0219,true,1,374671
7290115207682,false,אסם רוטב בסגנון סויה,,,אסם רוטב בסגנון סויה,מיליליטרים,330.00,"100 מ""ל",false,,8.90,0.0270,true,1,374644
7290115207811,false,נקניקיות טבעוניות טב,,,נקניקיות טבעוניות טב,גרמים,418.00,100 גרם,false,,34.90,0.0835,true,1,407738
7290115207941,false,ויטמינצ'יק אננס 1 לי,,,ויטמינצ'יק אננס 1 לי,ארגז,1.00,ליטר,false,,22.50,22.5000,true,1,240486
7290115207989,false,ויטמינצ'יק לימון 1 ל,,,ויטמינצ'יק לימון 1 ל,ארגז,1.00,ליטר,false,,22.50,22.5000,true,1,240488
7290115208009,false,ויטמינצ'יק ענבים 1 ל,,,ויטמינצ'יק ענבים 1 ל,ארגז,1.00,ליטר,false,,22.50,22.5000,true,1,240489
7290115208047,false,ויטמינצ'יק פטל 1 ליט,,,ויטמינצ'יק פטל 1 ליט,ארגז,1.00,ליטר,false,,22.50,22.5000,true,1,240472
7290115209174,false,במבה אורירית 60 גרם,,,במבה אורירית 60 גרם,גרמים,80.00,100 גרם,false,,4.50,0.0563,true,1,427102
7290115209198,false,במבה אורירית 80 גרם,,,במבה אורירית 80 גרם,גרמים,80.00,100 גרם,false,,4.50,0.0563,true,1,381414
7290115403299,false,עוגיות פרפריות אדל 4,,,עוגיות פרפריות אדל 4,גרמים,450.00,100 גרם,false,,15.90,0.0353,true,1,337287
7290115403343,false,עוגיות פסים עלים מסו,,,עוגיות פסים עלים מסו,גרמים,450.00,100 גרם,false,,15.90,0.0353,true,1,337291
7290115403367,false,עוגיות קוואקר פריכות,,,עוגיות קוואקר פריכות,גרמים,500.00,100 גרם,false,,15.90,0.0318,true,1,337293
7290115403404,false,עוגיות פרפריות שוקו,,,עוגיות פרפריות שוקו,גרמים,450.00,100 גרם,false,,15.90,0.0353,true,1,337297
7290115403435,false,עוגיות מעמול תמר אדל,,,עוגיות מעמול תמר אדל,גרמים,500.00,100 גרם,false,,15.90,0.0318,true,1,337300
7290115403442,false,עוגיות ממולאות בטעם,,,עוגיות ממולאות בטעם,גרמים,500.00,100 גרם,false,,15.90,0.0318,true,1,337301
7290115403459,false,עוגיות נסיכה בטעם תו,,,עוגיות נסיכה בטעם תו,גרמים,500.00,100 גרם,false,,15.90,0.0318,true,1,337302
7290115403466,false,עוגיות נסיכה מיקס אד,,,עוגיות נסיכה מיקס אד,גרמים,500.00,100 גרם,false,,15.90,0.0318,true,1,337303
7290115403473,false,עוגיות עינוגי שוקולד,,,עוגיות עינוגי שוקולד,גרמים,500.00,100 גרם,false,,15.90,0.0318,true,1,337304
7290115403480,false,עוגיות בסגנון מרוקאי,,,עוגיות בסגנון מרוקאי,גרמים,500.00,100 גרם,false,,15.90,0.0318,true,1,337305
7290115403510,false,עוגיות מגולגלות תמרי,,,עוגיות מגולגלות תמרי,גרמים,500.00,100 גרם,false,,15.90,0.0318,true,1,337307
7290115403527,false,עוגיות עינוגי תמרים,,,עוגיות עינוגי תמרים,גרמים,500.00,100 גרם,false,,15.90,0.0318,true,1,337308
7290115403565,false,עוגיות קיפל וניל אדל,,,עוגיות קיפל וניל אדל,גרמים,500.00,100 גרם,false,,15.90,0.0318,true,1,337312
7290115405118,false,קינוח אישי תענוג תות,,,קינוח אישי תענוג תות,גרמים,200.00,100 גרם,false,,14.90,0.0745,true,1,25199
7290115405781,false,פחזניות בטעם שוקולד,,,פחזניות בטעם שוקולד,גרמים,180.00,100 גרם,false,,14.90,0.0828,true,1,365290
7290115405798,false,פחזניות בטעם ריבת חל,,,פחזניות בטעם ריבת חל,גרמים,180.00,100 גרם,false,,14.90,0.0828,true,1,365291
7290115405804,false,פחזניות בטעם תות תופ,,,פחזניות בטעם תות תופ,גרמים,180.00,100 גרם,false,,14.90,0.0828,true,1,365305
7290115410068,false,חציל במיונז 400 גרם,,,חציל במיונז 400 גרם,גרמים,400.00,100 גרם,false,,10.90,0.0273,true,1,120497
7290115410075,false,טחינה 400 גרם סלטי ה,,,טחינה 400 גרם סלטי ה,גרמים,400.00,100 גרם,false,,10.90,0.0273,true,1,120498
7290115410082,false,טורקי 400 גרם סלטי ה,,,טורקי 400 גרם סלטי ה,גרמים,400.00,100 גרם,false,,10.90,0.0273,true,1,120499
7290115410099,false,מטבוחה 400 גרם סלטי,,,מטבוחה 400 גרם סלטי,גרמים,400.00,100 גרם,false,,10.90,0.0273,true,1,120515
7290115410549,false,חומוס מסעדות המעדניה,,,חומוס מסעדות המעדניה,גרמים,250.00,100 גרם,false,,10.90,0.0436,true,1,120393
7290115410556,false,חומוס מסבחה 250 גרם,,,חומוס מסבחה 250 גרם,גרמים,250.00,100 גרם,false,,10.90,0.0436,true,1,120420
7290115410563,false,חומוס מסבחה חריף 250,,,חומוס מסבחה חריף 250,גרמים,250.00,100 גרם,false,,10.90,0.0436,true,1,120434
7290115410570,false,טחינה ירוקה 250 גרם,,,טחינה ירוקה 250 גרם,גרמים,250.00,100 גרם,false,,10.90,0.0436,true,1,120435
7290115410587,false,טחינה לבנה 250 גרם -,,,טחינה לבנה 250 גרם -,גרמים,250.00,100 גרם,false,,10.90,0.0436,true,1,120436
7290115410594,false,חציל תאילנדי 250 גרם,,,חציל תאילנדי 250 גרם,גרמים,250.00,100 גרם,false,,10.90,0.0436,true,1,120450
7290115410600,false,חציל במיונז 250 גרם-,,,חציל במיונז 250 גרם-,גרמים,250.00,100 גרם,false,,10.90,0.0436,true,1,120451
7290115410655,false,מטבוחה 250 גרם המעדנ,,,מטבוחה 250 גרם המעדנ,גרמים,250.00,100 גרם,false,,10.90,0.0436,true,1,120454
7290115411928,false,"תפו""א 400 גרם סלטי ה",,,"תפו""א 400 גרם סלטי ה",גרמים,400.00,100 גרם,false,,10.90,0.0273,true,1,120501
7290115480016,false,סוד קפסולות ג'ל 3+1,,,סוד קפסולות ג'ל 3+1,100 יח',26.00,100 יח',false,,29.90,1.1500,true,1,374002
7290115670707,false,אנרג'י גרנולה שיבולת,,,אנרג'י גרנולה שיבולת,גרמים,400.00,100 גרם,false,,13.90,0.0348,true,1,76297
7290115671223,false,מסטיק קוביות ללא סוכ,,,מסטיק קוביות ללא סוכ,גרמים,58.00,100 גרם,false,,9.90,0.1707,true,1,216851
7290115671308,false,מסטיק קוביות ללס במי,,,מסטיק קוביות ללס במי,גרמים,58.00,100 גרם,false,,9.90,0.1707,true,1,216837
7290115671339,false,מיני פינוקיות בראוני,,,מיני פינוקיות בראוני,גרמים,180.00,100 גרם,false,,10.90,0.0606,true,1,107495
7290115671346,false,מיני פינוקיות במילוי,,,מיני פינוקיות במילוי,גרמים,180.00,100 גרם,false,,10.90,0.0606,true,1,107509
7290115671353,false,מיני פינוקיות שחור ל,,,מיני פינוקיות שחור ל,גרמים,180.00,100 גרם,false,,10.90,0.0606,true,1,198255
7290115675559,false,מארז קפה טורקי לדרך,,,מארז קפה טורקי לדרך,גרמים,70.00,100 גרם,false,,7.90,0.1129,true,1,45464
7290115675696,false,דגני בוקר קוואקר שיב,,,דגני בוקר קוואקר שיב,גרמים,375.00,100 גרם,false,,19.90,0.0531,true,1,101083
7290115675702,false,דגני בוקר קוואקר שיב,,,דגני בוקר קוואקר שיב,גרמים,375.00,100 גרם,false,,19.90,0.0531,true,1,101084
7290115675719,false,דגני בוקר קוואקר שיב,,,דגני בוקר קוואקר שיב,גרמים,375.00,100 גרם,false,,19.90,0.0531,true,1,101069
7290115676037,false,דנונה ריפרש יוגורט ע,,,דנונה ריפרש יוגורט ע,גרמים,250.00,100 גרם,false,,5.90,0.0236,true,1,80243
7290115676051,false,משקה אקטיביה עם שיבו,,,משקה אקטיביה עם שיבו,גרמים,265.00,100 גרם,false,,4.90,0.0185,true,1,139330
7290115676082,false,משקה יוגורט עם חלבון,,,משקה יוגורט עם חלבון,גרמים,255.00,100 גרם,false,,6.90,0.0271,true,1,80282
7290115676099,false,משקה יוגורט עם חלבון,,,משקה יוגורט עם חלבון,גרמים,265.00,100 גרם,false,,6.90,0.0260,true,1,80257
7290115676273,false,עלית קקאו 500 גרם +1,,,עלית קקאו 500 גרם +1,גרמים,500.00,100 גרם,false,,23.90,0.0478,true,1,71246
7290115677140,false,תפוצ'יפס wavy פפריקה,,,תפוצ'יפס wavy פפריקה,גרמים,200.00,100 גרם,false,,9.90,0.0495,true,1,460882
7290115677362,false,נודלס טריאקי שטראוס,,,נודלס טריאקי שטראוס,גרמים,350.00,100 גרם,false,,27.90,0.0797,true,1,146133
7290115677423,false,אורז קארי ירוק חריף,,,אורז קארי ירוק חריף,גרמים,350.00,100 גרם,false,,27.90,0.0797,true,1,146149
7290115677959,false,גוואקמולי אחלה 220 ג,,,גוואקמולי אחלה 220 ג,גרמים,220.00,100 גרם,false,,17.90,0.0814,true,1,142446
7290115677966,false,ממרח אבוקדו אחלה 200,,,ממרח אבוקדו אחלה 200,גרמים,200.00,100 גרם,false,,14.90,0.0745,true,1,130444
7290115678222,false,מארז שמינייה יוגורט,,,מארז שמינייה יוגורט,גרמים,130.00,100 גרם,false,,23.90,0.1838,true,1,80333
7290115678376,false,מעדן הגולן מעדן חלב,,,מעדן הגולן מעדן חלב,גרמים,125.00,100 גרם,false,,2.90,0.0232,true,1,109373
7290115678383,false,מעדן הגולן מעדן חלב,,,מעדן הגולן מעדן חלב,גרמים,125.00,100 גרם,false,,2.90,0.0232,true,1,109387
7290115678598,false,חסה אייסברג חיתוך גס,,,חסה אייסברג חיתוך גס,גרמים,300.00,100 גרם,false,,9.90,0.0330,true,1,141450
7290115678635,false,נשנושי גבינה 16% עם,,,נשנושי גבינה 16% עם,גרמים,67.00,100 גרם,false,,10.90,0.1627,true,1,383024
7290115678888,false,שוקולית טופי קרמל 50,,,שוקולית טופי קרמל 50,גרמים,500.00,100 גרם,false,,14.90,0.0298,true,1,235974
7290115679878,false,פיצה מבצק עם סלק שטר,,,פיצה מבצק עם סלק שטר,גרמים,320.00,100 גרם,false,,19.90,0.0622,true,1,146382
7290115679885,false,פיצה מבצק עם כרובית,,,פיצה מבצק עם כרובית,גרמים,320.00,100 גרם,false,,19.90,0.0622,true,1,146355
7290115679915,false,פיצה מבצק עם דלעת שט,,,פיצה מבצק עם דלעת שט,גרמים,320.00,100 גרם,false,,19.90,0.0622,true,1,146396
7290116244044,false,אצבעות שוקולד חלב מי,,,אצבעות שוקולד חלב מי,גרמים,84.00,100 גרם,false,,7.90,0.0940,true,1,255237
7290116244075,false,אצבעות שוקולד חלב סמ,,,אצבעות שוקולד חלב סמ,גרמים,84.00,100 גרם,false,,7.90,0.0940,true,1,255240
7290116244082,false,אצבעות שוקולד חלב מפ,,,אצבעות שוקולד חלב מפ,גרמים,84.00,100 גרם,false,,7.90,0.0940,true,1,255241
7290116270715,false,פילה ברבוניה ארוז בו,,,פילה ברבוניה ארוז בו,אין,0.00,יחידה,false,,24.90,0.0000,true,1,276348
7290116512426,false,גרבי נשים נגד החלקה,,,גרבי נשים נגד החלקה,אין,0.00,יחידה,false,,14.90,0.0000,true,1,150014
7290116530062,false,רוטב לסלט ויניגרטה 2,,,רוטב לסלט ויניגרטה 2,גרמים,295.00,100 גרם,false,,10.50,0.0356,true,1,101436
7290116530161,false,תחליב רחצה בניחוח שי,,,תחליב רחצה בניחוח שי,מיליליטרים,700.00,"100 מ""ל",false,,9.90,0.0141,true,1,84654
7290116530185,false,דגני בוקר דלישקד קרמ,,,דגני בוקר דלישקד קרמ,גרמים,400.00,100 גרם,false,,21.90,0.0547,true,1,219612
7290116530482,false,מארז קורנפלקס של אלו,,,מארז קורנפלקס של אלו,גרמים,150.00,100 גרם,false,,11.90,0.0793,true,1,139158
7290116530871,false,חטיף נשנושים מיקס+בי,,,חטיף נשנושים מיקס+בי,גרמים,240.00,100 גרם,false,,11.90,0.0496,true,1,419827
7290116531083,false,דגני בוקר ברנפלקס לל,,,דגני בוקר ברנפלקס לל,גרמים,500.00,100 גרם,false,,20.90,0.0418,true,1,220909
7290116531090,false,דג דג חטיף אפוי במלי,,,דג דג חטיף אפוי במלי,גרמים,250.00,100 גרם,false,,10.00,0.0400,true,1,242241
7290116531243,false,שמפו ומרכך 2 ב-1 למנ,,,שמפו ומרכך 2 ב-1 למנ,מיליליטרים,700.00,"100 מ""ל",false,,11.80,0.0169,true,1,174024
7290116531496,false,דגני בוקר קינמונים ת,,,דגני בוקר קינמונים ת,גרמים,375.00,100 גרם,false,,18.90,0.0504,true,1,273298
7290116531519,false,קוקומן בטעם שוקו בננ,,,קוקומן בטעם שוקו בננ,גרמים,375.00,100 גרם,false,,18.90,0.0504,true,1,220723
7290116531564,false,מאגדת פריכיות תירס ד,,,מאגדת פריכיות תירס ד,גרמים,150.00,100 גרם,false,,14.90,0.0993,true,1,224287
7290116531762,false,בדין דפי מייבש ורוד,,,בדין דפי מייבש ורוד,אין,0.00,יחידה,false,,14.90,0.0000,true,1,217283
7290116531779,false,בדין דפי מייבש כחול,,,בדין דפי מייבש כחול,אין,0.00,יחידה,false,,14.90,0.0000,true,1,217284
7290116531793,false,רוטב לסלט קיסר הלמנס,,,רוטב לסלט קיסר הלמנס,גרמים,295.00,100 גרם,false,,10.90,0.0369,true,1,445299
7290116532011,false,חטיף נוגט קליק  35 ג,,,חטיף נוגט קליק  35 ג,גרמים,35.00,100 גרם,false,,5.00,0.1429,true,1,264603
7290116532264,false,מאגדת שלגון מופחת שו,,,מאגדת שלגון מופחת שו,100 יח',6.00,100 יח',false,,29.90,4.9833,true,1,344768
7290116532271,false,מאגדת סנדוויץ שוקולד,,,מאגדת סנדוויץ שוקולד,100 יח',10.00,100 יח',false,,27.90,2.7900,true,1,344753
7290116532370,false,מרכך כביסה מרוכז בדי,,,מרכך כביסה מרוכז בדי,מיליליטרים,960.00,"100 מ""ל",false,,29.90,0.0311,true,1,269286
7290116532387,false,אל סבון לידיים בתוספ,,,אל סבון לידיים בתוספ,מיליליטרים,950.00,"100 מ""ל",false,,11.90,0.0125,true,1,277159
7290116532721,false,רוטב לסלט לימון וזעת,,,רוטב לסלט לימון וזעת,גרמים,295.00,100 גרם,false,,9.90,0.0336,true,1,443499
7290116532769,false,גרנולה פרוטאין בתוספ,,,גרנולה פרוטאין בתוספ,גרמים,300.00,100 גרם,false,,16.90,0.0563,true,1,382167
7290116532882,false,נשנושים איירביס חטיף,,,נשנושים איירביס חטיף,גרמים,155.00,100 גרם,false,,11.90,0.0768,true,1,456542
7290116532899,false,נשנושים איירביס חטיף,,,נשנושים איירביס חטיף,גרמים,155.00,100 גרם,false,,11.90,0.0768,true,1,456543
7290116930022,false,חטיף חלבון בטעם קרם,,,חטיף חלבון בטעם קרם,גרמים,60.00,100 גרם,false,,11.90,0.1983,true,1,312911
7290116930282,false,לאבנה 9% שומן עם קרק,,,לאבנה 9% שומן עם קרק,גרמים,150.00,100 גרם,false,,7.90,0.0527,true,1,411446
7290116930459,false,יופלה SHAKE בננה  אנ,,,יופלה SHAKE בננה  אנ,מיליליטרים,230.00,"100 מ""ל",false,,7.90,0.0343,true,1,411503
7290116930466,false,יופלה SHAKE מנגו  בנ,,,יופלה SHAKE מנגו  בנ,מיליליטרים,230.00,"100 מ""ל",false,,7.90,0.0343,true,1,411504
7290116930480,false,יופלה SHAKE בננה  קי,,,יופלה SHAKE בננה  קי,מיליליטרים,230.00,"100 מ""ל",false,,7.90,0.0343,true,1,411505
7290116930626,false,ציזיקי עם קרקרים תנו,,,ציזיקי עם קרקרים תנו,גרמים,150.00,100 גרם,false,,7.90,0.0527,true,1,411447
7290116931074,false,גבינת טל העמק 32% שו,,,גבינת טל העמק 32% שו,גרמים,300.00,100 גרם,false,,26.90,0.0897,true,1,422832
7290117260227,false,קפה טורקי אמיתי מטור,,,קפה טורקי אמיתי מטור,גרמים,100.00,100 גרם,false,,5.90,0.0590,true,1,232285
7290117260449,false,גבינה בולגרית מעודנת,,,גבינה בולגרית מעודנת,גרמים,200.00,100 גרם,false,,11.90,0.0595,true,1,413494
7290117260456,false,גבינה בולגרית מעודנת,,,גבינה בולגרית מעודנת,גרמים,200.00,100 גרם,false,,11.90,0.0595,true,1,413508
7290117260470,false,גבינה בולגרית מעודנת,,,גבינה בולגרית מעודנת,גרמים,200.00,100 גרם,false,,11.90,0.0595,true,1,413509
7290117260890,false,פופקורן בטעם קוקוס ו,,,פופקורן בטעם קוקוס ו,גרמים,90.00,100 גרם,false,,7.90,0.0878,true,1,252735
7290117261347,false,תן בו בציפוי בטעם שו,,,תן בו בציפוי בטעם שו,גרמים,300.00,100 גרם,false,,19.90,0.0663,true,1,338693
7290117261422,false,יוגורט פרוביוטי עם ת,,,יוגורט פרוביוטי עם ת,גרמים,125.00,100 גרם,false,,2.90,0.0232,true,1,460529
7290117261439,false,יוגורט פרוביוטי עם פ,,,יוגורט פרוביוטי עם פ,גרמים,125.00,100 גרם,false,,2.90,0.0232,true,1,460530
7290117261521,false,סלמון אטלנטי בשמן קנ,,,סלמון אטלנטי בשמן קנ,גרמים,120.00,100 גרם,false,,10.90,0.0908,true,1,440853
7290117261552,false,סלמון אטלנטי ברוטב ע,,,סלמון אטלנטי ברוטב ע,גרמים,120.00,100 גרם,false,,10.90,0.0908,true,1,440856
7290117261569,false,סלמון אטלנטי מעושן ב,,,סלמון אטלנטי מעושן ב,גרמים,120.00,100 גרם,false,,10.90,0.0908,true,1,440857
7290117261583,false,סרדינים בריסלינג מעו,,,סרדינים בריסלינג מעו,גרמים,185.00,100 גרם,false,,13.90,0.0751,true,1,440836
7290117261590,false,סרדינים בריסלינג מעו,,,סרדינים בריסלינג מעו,גרמים,185.00,100 גרם,false,,13.90,0.0751,true,1,440837
7290117261613,false,צהובה טבעונית מגורדת,,,צהובה טבעונית מגורדת,גרמים,200.00,100 גרם,false,,14.90,0.0745,true,1,438552
7290117261675,false,צהובה טבעונית מגורדת,,,צהובה טבעונית מגורדת,גרמים,200.00,100 גרם,false,,14.90,0.0745,true,1,438558
7290117262221,false,משקה יוגורט עם אננס,,,משקה יוגורט עם אננס,מיליליטרים,200.00,"100 מ""ל",false,,4.90,0.0245,true,1,421099
7290117262245,false,משקה יוגורט עם אפרסק,,,משקה יוגורט עם אפרסק,מיליליטרים,200.00,"100 מ""ל",false,,4.90,0.0245,true,1,421100
7290117380864,false,סלים דליס פייבר - עו,,,סלים דליס פייבר - עו,גרמים,120.00,100 גרם,false,,10.90,0.0908,true,1,382140
7290117380871,false,סלים דליס פייבר - עו,,,סלים דליס פייבר - עו,גרמים,120.00,100 גרם,false,,10.90,0.0908,true,1,382125
7290117381205,false,מאסטר שף שמן שומשום,,,מאסטר שף שמן שומשום,מיליליטרים,370.00,"100 מ""ל",false,,22.90,0.0619,true,1,457998
7290117383711,false,פלמוליב חלב ודבש 750,,,פלמוליב חלב ודבש 750,ליטרים,1500.00,100 ליטר,false,,30.00,0.0200,true,1,453336
7290117383728,false,פלמוליב לומינוס אבוק,,,פלמוליב לומינוס אבוק,ליטרים,1500.00,100 ליטר,false,,30.00,0.0200,true,1,453337
7290117383735,false,פלמוליב חימר ורדים 7,,,פלמוליב חימר ורדים 7,ליטרים,1500.00,100 ליטר,false,,30.00,0.0200,true,1,453338
7290117383742,false,פלמוליב גבר מרענן 75,,,פלמוליב גבר מרענן 75,ליטרים,1500.00,100 ליטר,false,,30.00,0.0200,true,1,453339
7290117383780,false,פלמוליב ארומה מסאג',,,פלמוליב ארומה מסאג',ליטרים,1500.00,100 ליטר,false,,30.00,0.0200,true,1,453340
7290117761052,false,מנקה חלונות 1 ליטר ז,,,מנקה חלונות 1 ליטר ז,ארגז,1.00,ליטר,false,,14.90,14.9000,true,1,275205
7290117823798,false,בדיקה עצמית מהירה לז,,,בדיקה עצמית מהירה לז,אין,0.00,יחידה,false,,39.90,0.0000,true,1,238043
7290117860038,false,תחליב רחצה יוגורט בנ,,,תחליב רחצה יוגורט בנ,מיליליטרים,700.00,"100 מ""ל",false,,14.90,0.0213,true,1,454249
7290117860083,false,תחליב רחצה בניחוח אי,,,תחליב רחצה בניחוח אי,מיליליטרים,700.00,"100 מ""ל",false,,14.90,0.0213,true,1,454250
7290117860090,false,מרכך מטפח לשיער רגיל,,,מרכך מטפח לשיער רגיל,מיליליטרים,700.00,"100 מ""ל",false,,14.90,0.0213,true,1,450437
7290117860137,false,תחליב רחצה בניחוח פר,,,תחליב רחצה בניחוח פר,מיליליטרים,700.00,"100 מ""ל",false,,14.90,0.0213,true,1,454251
7290117860144,false,שמפו נגד קשקשים הווא,,,שמפו נגד קשקשים הווא,מיליליטרים,700.00,"100 מ""ל",false,,14.90,0.0213,true,1,450438
7290117860182,false,תחליב רחצה בניחוח מג,,,תחליב רחצה בניחוח מג,מיליליטרים,700.00,"100 מ""ל",false,,14.90,0.0213,true,1,454252
7290117860236,false,תחליב רחצה בניחוח וי,,,תחליב רחצה בניחוח וי,מיליליטרים,700.00,"100 מ""ל",false,,14.90,0.0213,true,1,454253
7290117860243,false,מרכך לשיער יבש הוואי,,,מרכך לשיער יבש הוואי,מיליליטרים,700.00,"100 מ""ל",false,,14.90,0.0213,true,1,450440
7290117860281,false,ג'ל רחצה לגבר בניחוח,,,ג'ל רחצה לגבר בניחוח,מיליליטרים,700.00,"100 מ""ל",false,,14.90,0.0213,true,1,454254
7290117860335,false,ג'ל רחצה לגבר בניחוח,,,ג'ל רחצה לגבר בניחוח,מיליליטרים,700.00,"100 מ""ל",false,,14.90,0.0213,true,1,454255
7290117860380,false,תחליב רחצה יוגורט בנ,,,תחליב רחצה יוגורט בנ,מיליליטרים,700.00,"100 מ""ל",false,,14.90,0.0213,true,1,454256
7290117860496,false,שמפו לגבר + מרכך 2ב-,,,שמפו לגבר + מרכך 2ב-,מיליליטרים,700.00,"100 מ""ל",false,,14.90,0.0213,true,1,450443
7290117860649,false,שמפו ללא סולפטים הוו,,,שמפו ללא סולפטים הוו,מיליליטרים,700.00,"100 מ""ל",false,,14.90,0.0213,true,1,456211
7290117860694,false,מרכך ללא סולפטים הוו,,,מרכך ללא סולפטים הוו,מיליליטרים,700.00,"100 מ""ל",false,,14.90,0.0213,true,1,456212
7290117860748,false,שמפו מעניק נפח הוואי,,,שמפו מעניק נפח הוואי,מיליליטרים,700.00,"100 מ""ל",false,,14.90,0.0213,true,1,456213
7290117860892,false,תחליב רחצה יוגורט בנ,,,תחליב רחצה יוגורט בנ,מיליליטרים,700.00,"100 מ""ל",false,,14.90,0.0213,true,1,454257
7290117860946,false,תחליב רחצה יוגורט בנ,,,תחליב רחצה יוגורט בנ,מיליליטרים,700.00,"100 מ""ל",false,,14.90,0.0213,true,1,454258
7290117860991,false,תחליב רחצה יוגורט בנ,,,תחליב רחצה יוגורט בנ,מיליליטרים,700.00,"100 מ""ל",false,,14.90,0.0213,true,1,454259
7290117900956,false,תערובת פיצוחים קלויי,,,תערובת פיצוחים קלויי,גרמים,180.00,100 גרם,false,,15.90,0.0883,true,1,385477
7290117900963,false,בוטנים קלויים 270 גר,,,בוטנים קלויים 270 גר,גרמים,270.00,100 גרם,false,,10.90,0.0404,true,1,385478
7290117900970,false,שקד קלוי 180 גרם,,,שקד קלוי 180 גרם,גרמים,180.00,100 גרם,false,,15.90,0.0883,true,1,385479
7290117900987,false,פקאן קלוף 140 גרם,,,פקאן קלוף 140 גרם,גרמים,140.00,100 גרם,false,,15.90,0.1136,true,1,385480
7290117900994,false,פקאן סיני מסוכר 140,,,פקאן סיני מסוכר 140,גרמים,140.00,100 גרם,false,,15.90,0.1136,true,1,385481
7290117901007,false,פיסטוק קלוי 130 גרם,,,פיסטוק קלוי 130 גרם,גרמים,130.00,100 גרם,false,,15.90,0.1223,true,1,385482
7290117901014,false,קשיו קלוי 160 גרם,,,קשיו קלוי 160 גרם,גרמים,160.00,100 גרם,false,,15.90,0.0994,true,1,385483
7290117901021,false,קבוקים בוטנים מצופים,,,קבוקים בוטנים מצופים,גרמים,220.00,100 גרם,false,,10.90,0.0495,true,1,385484
7290117901038,false,אגוז מלך קלוף 190 גר,,,אגוז מלך קלוף 190 גר,גרמים,190.00,100 גרם,false,,15.90,0.0837,true,1,385485
7290117901045,false,בוטן רביולי 200 גרם,,,בוטן רביולי 200 גרם,גרמים,200.00,100 גרם,false,,15.90,0.0795,true,1,385486
7290117901052,false,שקד קלוף 180 גרם,,,שקד קלוף 180 גרם,גרמים,180.00,100 גרם,false,,15.90,0.0883,true,1,385487
7290118520023,true,"חמדוראה עץ מ""ס 12",,,"חמדוראה עץ מ""ס 12",אין,0.00,יחידה,false,,19.90,0.0000,true,1,444160
7290118520115,true,"זאמיקולקס עץ מ""ס 12",,,"זאמיקולקס עץ מ""ס 12",אין,0.00,יחידה,false,,39.90,0.0000,true,1,444227
7290118520146,true,פיקוס גומי שחור עץ מ,,,פיקוס גומי שחור עץ מ,אין,0.00,יחידה,false,,39.90,0.0000,true,1,444230
7290118520207,true,סנסיבריה חרבות פס צה,,,סנסיבריה חרבות פס צה,אין,0.00,יחידה,false,,49.90,0.0000,true,1,444309
7290900010367,false,טורטייה אבאל 360 גרם,,,טורטייה אבאל 360 גרם,גרמים,360.00,100 גרם,false,,8.90,0.0247,true,1,29924
7291008084915,false,תמר מג'הול  500גר,,,תמר מג'הול  500גר,גרמים,500.00,100 גרם,false,,10.00,0.0200,true,1,281582
7296021040023,false,מרית 20 יח,,,מרית 20 יח,אין,0.00,יחידה,false,,17.90,0.0000,true,1,27759
7296021103889,false,קערה 30 ס'מ נירוסטה,,,קערה 30 ס'מ נירוסטה,אין,0.00,יחידה,false,,39.90,0.0000,true,1,274891
7296021131394,false,סכין  מולטי משוננת מ,,,סכין  מולטי משוננת מ,אין,0.00,יחידה,false,,19.90,0.0000,true,1,117081
7296021133701,false,קישואן זוקיני ידית ש,,,קישואן זוקיני ידית ש,אין,0.00,יחידה,false,,9.90,0.0000,true,1,27919
7296021140945,false,מצקת נירוסטה ידית מש,,,מצקת נירוסטה ידית מש,אין,0.00,יחידה,false,,27.90,0.0000,true,1,273675
7296021170669,false,פותחן יין נירוסטה,,,פותחן יין נירוסטה,אין,0.00,יחידה,false,,33.90,0.0000,true,1,274217
7296021170713,false,כותש שום איכותי ZINK,,,כותש שום איכותי ZINK,אין,0.00,יחידה,false,,26.90,0.0000,true,1,274245
7296021171031,false,סט 3 קולפנים,,,סט 3 קולפנים,אין,0.00,יחידה,false,,16.90,0.0000,true,1,274287
7296021266720,false,"מסננת ידית עץ 26 ס""מ",,,"מסננת ידית עץ 26 ס""מ",אין,0.00,יחידה,false,,43.90,0.0000,true,1,274391
7296021266942,false,כף פריזיאן ידית אפור,,,כף פריזיאן ידית אפור,אין,0.00,יחידה,false,,7.90,0.0000,true,1,274743
7296021268526,false,"מחבת לטיגון 28 ס""מ B",,,"מחבת לטיגון 28 ס""מ B",אין,0.00,יחידה,false,,599.90,0.0000,true,1,273012
7296021268557,false,סיר עם מכסה לבישול 2,,,סיר עם מכסה לבישול 2,אין,0.00,יחידה,false,,899.90,0.0000,true,1,273028
7296021288623,false,"סיר בישוול 20 ס""מ 3.",,,"סיר בישוול 20 ס""מ 3.",אין,0.00,יחידה,false,,333.00,0.0000,true,1,429303
7296021288647,false,"סיר בישוול 24 ס""מ 5.",,,"סיר בישוול 24 ס""מ 5.",אין,0.00,יחידה,false,,399.90,0.0000,true,1,429321
7296021288685,false,"מחבת לטיגון 24 ס""מ C",,,"מחבת לטיגון 24 ס""מ C",אין,0.00,יחידה,false,,229.90,0.0000,true,1,429354
7296102210703,false,סט 4 קופסאות מלבני,,,סט 4 קופסאות מלבני,אין,0.00,יחידה,false,,19.90,0.0000,true,1,235045
7296102210710,false,סט 4 קופסאות מרובע,,,סט 4 קופסאות מרובע,אין,0.00,יחידה,false,,19.90,0.0000,true,1,235046
7296102266014,false,קרש חיתוך פלסטיק,,,קרש חיתוך פלסטיק,אין,0.00,יחידה,false,,18.90,0.0000,true,1,238150
7296102521755,false,סט 4 קופסאות פלסטיק,,,סט 4 קופסאות פלסטיק,אין,0.00,יחידה,false,,19.90,0.0000,true,1,153878
7296102521762,false,סט 4 קופסאות פלסטיק,,,סט 4 קופסאות פלסטיק,אין,0.00,יחידה,false,,19.90,0.0000,true,1,153879
7296102831540,false,סט 4 קערות מילאנו 13,,,סט 4 קערות מילאנו 13,אין,0.00,יחידה,false,,15.00,0.0000,true,1,234542
7297028174841,false,קרסוליות נשים COSY,,,קרסוליות נשים COSY,אין,0.00,יחידה,false,,19.90,0.0000,true,1,179674
7297094019787,false,כרבולית פליז חלקה 16,,,כרבולית פליז חלקה 16,אין,0.00,יחידה,false,,17.90,0.0000,true,1,26915
7297094020974,false,מצעים דאימונד זוגי 2,,,מצעים דאימונד זוגי 2,אין,0.00,יחידה,false,,90.90,0.0000,true,1,110900
7297094101321,false,סט דאימונד פרימיום ז,,,סט דאימונד פרימיום ז,אין,0.00,יחידה,false,,99.00,0.0000,true,1,57481
7297461005986,false,מפת שולחן ג'אקרד ( 1,,,מפת שולחן ג'אקרד ( 1,אין,0.00,יחידה,false,,49.90,0.0000,true,1,235919
7297478002985,false,גרבי נוער,,,גרבי נוער,אין,0.00,יחידה,false,,15.90,0.0000,true,1,165798
7297488098015,false,דגש גרנולה קרנצי שוק,,,דגש גרנולה קרנצי שוק,גרמים,250.00,100 גרם,false,,14.50,0.0580,true,1,1876
7297488098152,false,דגש קמח חומוס ללא גל,,,דגש קמח חומוס ללא גל,גרמים,500.00,100 גרם,false,,15.90,0.0318,true,1,2035
7297488098305,false,דגש קמח שקדים 250 גר,,,דגש קמח שקדים 250 גר,גרמים,250.00,100 גרם,false,,24.90,0.0996,true,1,2066
7297488098688,false,דגש פצפוצי אורז מלא,,,דגש פצפוצי אורז מלא,גרמים,450.00,100 גרם,false,,19.90,0.0442,true,1,2051
7297488099821,false,דגש גרנולה ללא תוספו,,,דגש גרנולה ללא תוספו,גרמים,250.00,100 גרם,false,,14.50,0.0580,true,1,1877
7297488199859,false,מצות מקמח תפוחי אדמה,,,מצות מקמח תפוחי אדמה,גרמים,300.00,100 גרם,false,,25.90,0.0863,true,1,53003
7298171185418,false,גרבי בנות מגבת מיני,,,גרבי בנות מגבת מיני,אין,0.00,יחידה,false,,19.90,0.0000,true,1,179675
7298171185470,false,גרבי בנים מיקי מאוס,,,גרבי בנים מיקי מאוס,אין,0.00,יחידה,false,,19.90,0.0000,true,1,179689
7298171185487,false,גרבי בנים מיקי מאוס,,,גרבי בנים מיקי מאוס,אין,0.00,יחידה,false,,19.90,0.0000,true,1,179690
7298171185524,false,גרבי בנים מגבת מיקי,,,גרבי בנים מגבת מיקי,אין,0.00,יחידה,false,,19.90,0.0000,true,1,179660
7312040017683,false,אבסולוט וודקה 700 מל,,,אבסולוט וודקה 700 מל,מיליליטרים,700.00,"100 מ""ל",false,,60.90,0.0870,true,1,21479
7394376615825,false,משקה שיבולת שועל מוע,,,משקה שיבולת שועל מוע,ארגז,1.00,ליטר,false,,13.90,13.9000,true,1,14723
7394376615832,false,משקה שיבולת שועל בטע,,,משקה שיבולת שועל בטע,ארגז,1.00,ליטר,false,,15.90,15.9000,true,1,14724
7394376616778,false,משקה שיבולת שועל להק,,,משקה שיבולת שועל להק,ארגז,1.00,ליטר,false,,15.90,15.9000,true,1,14725
7501013101393,false,ג'ומקס נקטר אננס 473,,,ג'ומקס נקטר אננס 473,מיליליטרים,473.00,"100 מ""ל",false,,8.10,0.0171,true,1,24956
7501013122039,false,ג'ומקס נקטר מנגו קרט,,,ג'ומקס נקטר מנגו קרט,ארגז,1.00,ליטר,false,,10.50,10.5000,true,1,24959
7501013122053,false,ג'ומקס נקטר אפרסק קר,,,ג'ומקס נקטר אפרסק קר,ארגז,1.00,ליטר,false,,10.50,10.5000,true,1,24960
7501013122114,false,ג'ומקס נקטר אננס קרט,,,ג'ומקס נקטר אננס קרט,ארגז,1.00,ליטר,false,,10.50,10.5000,true,1,24961
7501013122190,false,ג'ומקס משקה תפוחים ק,,,ג'ומקס משקה תפוחים ק,ארגז,1.00,ליטר,false,,10.50,10.5000,true,1,24962
7501013122992,false,ג'ומקס משקה קוקוס אנ,,,ג'ומקס משקה קוקוס אנ,ארגז,1.00,ליטר,false,,10.50,10.5000,true,1,24963
7501049936945,false,מארז שישייה בירה סול,,,מארז שישייה בירה סול,ארגז,1.98,ליטר,false,,36.90,18.6364,true,1,8710
7501064191398,false,קורונה מארז שישיה 6*,,,קורונה מארז שישיה 6*,ארגז,2.13,ליטר,false,,38.90,18.2629,true,1,18976
7503012779306,false,נטורפוד סירופ אגבה כ,,,נטורפוד סירופ אגבה כ,גרמים,330.00,100 גרם,false,,19.90,0.0603,true,1,2178
7509546061160,false,משחת שיניים קולגייט,,,משחת שיניים קולגייט,מיליליטרים,75.00,"100 מ""ל",false,,15.90,0.2120,true,1,342454
7509546061672,false,דאודורנט ספיד סטיק,,,דאודורנט ספיד סטיק,גרמים,50.00,100 גרם,false,,19.90,0.3980,true,1,442000
7509546663135,false,קולגייט זירו משחת שי,,,קולגייט זירו משחת שי,מיליליטרים,75.00,"100 מ""ל",false,,34.90,0.4653,true,1,41827
7509546663265,false,קולגייט זירו משחת שי,,,קולגייט זירו משחת שי,מיליליטרים,75.00,"100 מ""ל",false,,34.90,0.4653,true,1,41828
7509546678702,false,משחת שיניים קולגייט,,,משחת שיניים קולגייט,מיליליטרים,100.00,"100 מ""ל",false,,16.90,0.1690,true,1,397596
7610008059073,false,טבלת רגוסה קלאסי חדש,,,טבלת רגוסה קלאסי חדש,גרמים,100.00,100 גרם,false,,15.90,0.1590,true,1,354691
7610008059097,false,טבלת רגוסה בלונד חדש,,,טבלת רגוסה בלונד חדש,גרמים,100.00,100 גרם,false,,15.90,0.1590,true,1,354719
7610100034084,false,מיונז טומי 265 גרם,,,מיונז טומי 265 גרם,גרמים,265.00,100 גרם,false,,9.90,0.0374,true,1,10164
7610113011652,false,בקרדי בריזר תפוח 275,,,בקרדי בריזר תפוח 275,מיליליטרים,275.00,"100 מ""ל",false,,13.90,0.0505,true,1,8711
7610113013250,false,פחית בקרדי מוחיטו 25,,,פחית בקרדי מוחיטו 25,מיליליטרים,250.00,"100 מ""ל",false,,13.20,0.0528,true,1,168860
7610400014649,false,לינדט לינדור שוק.חלב,,,לינדט לינדור שוק.חלב,גרמים,100.00,100 גרם,false,,14.90,0.1490,true,1,10789
7610400068505,false,לינדור בונבוניירה חל,,,לינדור בונבוניירה חל,גרמים,200.00,100 גרם,false,,29.90,0.1495,true,1,10792
7610400068529,false,לינדור בונבוניירה אס,,,לינדור בונבוניירה אס,גרמים,200.00,100 גרם,false,,29.90,0.1495,true,1,10793
7610400074155,false,לינדט לינדור 60% 100,,,לינדט לינדור 60% 100,גרמים,100.00,100 גרם,false,,14.90,0.1490,true,1,10794
7610400085946,false,לינדט לה גרנד ד.אלמו,,,לינדט לה גרנד ד.אלמו,גרמים,150.00,100 גרם,false,,23.90,0.1593,true,1,10797
7610400091060,false,לינדט מריר אקסלנס תפ,,,לינדט מריר אקסלנס תפ,גרמים,100.00,100 גרם,false,,14.90,0.1490,true,1,1149
7613030979647,false,דגני בוקר טריקס 480,,,דגני בוקר טריקס 480,גרמים,480.00,100 גרם,false,,24.90,0.0519,true,1,13470
7613031608850,false,דגני בוקר פיטנס נסטל,,,דגני בוקר פיטנס נסטל,גרמים,625.00,100 גרם,false,,27.90,0.0446,true,1,13472
7613032045753,false,דגני פיטנס שוקולד נס,,,דגני פיטנס שוקולד נס,גרמים,375.00,100 גרם,false,,19.90,0.0531,true,1,13473
7613033548192,false,דגני בוקר פיטנס שוקו,,,דגני בוקר פיטנס שוקו,גרמים,375.00,100 גרם,false,,19.90,0.0531,true,1,13482
7613035379817,false,דנטלייף גזע קטן 7 6*,,,דנטלייף גזע קטן 7 6*,גרמים,690.00,100 גרם,false,,13.90,0.0201,true,1,161626
7613035514430,false,פורינה ONE חתול בוגר,,,פורינה ONE חתול בוגר,אלף,3.00,"ק""ג",false,,119.00,39.6667,true,1,13492
7613035548374,false,דגני בוקר גולדן מיני,,,דגני בוקר גולדן מיני,גרמים,570.00,100 גרם,false,,24.90,0.0437,true,1,13494
7613035622623,false,פיטנס גרנולה שקדים ו,,,פיטנס גרנולה שקדים ו,גרמים,300.00,100 גרם,false,,15.90,0.0530,true,1,13497
7613035635845,false,פיטנס גרנולה שוקולד,,,פיטנס גרנולה שוקולד,גרמים,300.00,100 גרם,false,,15.90,0.0530,true,1,13498
7613035758834,false,פיטנס גרנולה חמוציות,,,פיטנס גרנולה חמוציות,גרמים,300.00,100 גרם,false,,15.90,0.0530,true,1,13499
7613035807778,false,פרפקטו רוטב עגבניות,,,פרפקטו רוטב עגבניות,גרמים,400.00,100 גרם,false,,8.90,0.0223,true,1,13500
7613035809109,false,פרפקטו רוטב עגבניות,,,פרפקטו רוטב עגבניות,גרמים,400.00,100 גרם,false,,8.90,0.0223,true,1,13501
7613035809857,false,פרפקטו רוטב עגבניות,,,פרפקטו רוטב עגבניות,גרמים,400.00,100 גרם,false,,8.90,0.0223,true,1,13503
7613036105545,false,דוגלי בטעם בקר גזע ק,,,דוגלי בטעם בקר גזע ק,אלף,3.00,"ק""ג",false,,49.90,16.6333,true,1,13506
7613036314114,false,נסקפה גולד 200 גרם,,,נסקפה גולד 200 גרם,גרמים,200.00,100 גרם,false,,45.90,0.2295,true,1,13519
7613036387798,false,דגני פיטנס יוגורט נס,,,דגני פיטנס יוגורט נס,גרמים,375.00,100 גרם,false,,19.90,0.0531,true,1,13520
7613036520492,false,פרפקטו רוטב עגבניות,,,פרפקטו רוטב עגבניות,גרמים,400.00,100 גרם,false,,8.90,0.0223,true,1,13521
7613036725286,false,דנטלייף חתול סלמון 8,,,דנטלייף חתול סלמון 8,גרמים,320.00,100 גרם,false,,9.90,0.0309,true,1,161656
7613036880534,false,גרבר מחית מרק ירקות,,,גרבר מחית מרק ירקות,גרמים,190.00,100 גרם,false,,5.90,0.0311,true,1,13529
7613037012200,false,פאוץ' גרבר מחית בטעם,,,פאוץ' גרבר מחית בטעם,גרמים,90.00,100 גרם,false,,5.90,0.0656,true,1,13545
7613037204889,false,סטארבקס פולי קפה אספ,,,סטארבקס פולי קפה אספ,גרמים,450.00,100 גרם,false,,49.90,0.1109,true,1,81140
7613037686906,false,פיטנס שקדים ודבש נסט,,,פיטנס שקדים ודבש נסט,גרמים,355.00,100 גרם,false,,19.90,0.0561,true,1,13552
7613037687132,false,דגני פיטנס שקדים ודב,,,דגני פיטנס שקדים ודב,גרמים,585.00,100 גרם,false,,26.90,0.0460,true,1,13553
7613037811629,false,קורנפלקס גו פרי 500,,,קורנפלקס גו פרי 500,גרמים,500.00,100 גרם,false,,10.90,0.0218,true,1,2269
7613038268262,false,האני נאט ציריוס מופח,,,האני נאט ציריוס מופח,גרמים,410.00,100 גרם,false,,19.90,0.0485,true,1,13554
7613038451954,false,קראנץ שוקולד מופחת ס,,,קראנץ שוקולד מופחת ס,גרמים,410.00,100 גרם,false,,19.90,0.0485,true,1,13555
7613039770450,false,בורגר צמחוני טבעוני,,,בורגר צמחוני טבעוני,גרמים,226.00,100 גרם,false,,30.90,0.1367,true,1,13848
7613039771174,false,טחון צמחוני טבעוני,,,טחון צמחוני טבעוני,גרמים,400.00,100 גרם,false,,30.90,0.0772,true,1,13849
7613039879382,false,גרבר מחית תפוחי עץ 1,,,גרבר מחית תפוחי עץ 1,גרמים,190.00,100 גרם,false,,5.90,0.0311,true,1,106653
7613039880807,false,גרבר מחית תפוח גזר 1,,,גרבר מחית תפוח גזר 1,גרמים,190.00,100 גרם,false,,5.90,0.0311,true,1,171394
7613039881521,false,גרבר מחית מנגו  190,,,גרבר מחית מנגו  190,גרמים,190.00,100 גרם,false,,5.90,0.0311,true,1,58669
7613287155894,false,מחית אפרסק גרבר פאוץ,,,מחית אפרסק גרבר פאוץ,גרמים,90.00,100 גרם,false,,5.90,0.0656,true,1,56995
7613287155924,false,מחית בטעם תפוח גזר פ,,,מחית בטעם תפוח גזר פ,גרמים,90.00,100 גרם,false,,5.90,0.0656,true,1,58697
7613287182357,false,פאוץ אגס תפוח ופירות,,,פאוץ אגס תפוח ופירות,גרמים,110.00,100 גרם,false,,4.90,0.0445,true,1,117534
7613287302373,false,קפסולות סטארבקס איטל,,,קפסולות סטארבקס איטל,גרמים,56.00,100 גרם,false,,21.90,0.3911,true,1,72261
7613287325808,false,רוטב איולי שום לחיץ,,,רוטב איולי שום לחיץ,גרמים,295.00,100 גרם,false,,14.90,0.0505,true,1,158524
7613287325853,false,רוטב ספייסי איולי לח,,,רוטב ספייסי איולי לח,גרמים,295.00,100 גרם,false,,14.90,0.0505,true,1,158526
7613287325952,false,רוטב ברביקיו לחיץ אס,,,רוטב ברביקיו לחיץ אס,גרמים,345.00,100 גרם,false,,14.90,0.0432,true,1,158495
7613287394323,false,מולטי צ'יריוס 100% ד,,,מולטי צ'יריוס 100% ד,גרמים,600.00,100 גרם,false,,20.90,0.0348,true,1,91478
7613287476494,false,מיונז לחיץ אסם 280 ג,,,מיונז לחיץ אסם 280 ג,גרמים,280.00,100 גרם,false,,14.90,0.0532,true,1,158510
7613287476678,false,סינימיניס צ'ורוס 360,,,סינימיניס צ'ורוס 360,גרמים,360.00,100 גרם,false,,24.90,0.0692,true,1,103644
7613287525789,false,"פרייה מים 500 מ""ל שי",,,"פרייה מים 500 מ""ל שי",ארגז,3.00,ליטר,false,,25.90,8.6333,true,1,150108
7613287821348,false,נתחוני עוף טבעוני סנ,,,נתחוני עוף טבעוני סנ,גרמים,350.00,100 גרם,false,,29.90,0.0854,true,1,178160
7622010001858,false,עוגיות אוראו  סנדביץ,,,עוגיות אוראו  סנדביץ,גרמים,176.00,100 גרם,false,,9.90,0.0563,true,1,1223
7622201137052,false,מיני קוקיז מילקה 110,,,מיני קוקיז מילקה 110,גרמים,110.00,100 גרם,false,,7.90,0.0718,true,1,158333
7622201139278,false,פילדלפיה גבינת שמנת,,,פילדלפיה גבינת שמנת,גרמים,150.00,100 גרם,false,,11.90,0.0793,true,1,12244
7622201502515,false,קוקי לופ מילקה 132 ג,,,קוקי לופ מילקה 132 ג,גרמים,110.00,100 גרם,false,,12.90,0.1173,true,1,158387
7622201521493,false,גבינת שמנת עם שום וע,,,גבינת שמנת עם שום וע,גרמים,150.00,100 גרם,false,,11.90,0.0793,true,1,414062
7622201798154,false,פילדלפיה גבינת שמנת,,,פילדלפיה גבינת שמנת,גרמים,150.00,100 גרם,false,,11.90,0.0793,true,1,140008
7622201801809,false,מילקה שוקוד חלב עם א,,,מילקה שוקוד חלב עם א,גרמים,100.00,100 גרם,false,,6.90,0.0690,true,1,109025
7622201802363,false,מילקה שוקולד חלב עם,,,מילקה שוקולד חלב עם,גרמים,100.00,100 גרם,false,,6.90,0.0690,true,1,109011
7622201802394,false,מילקה שוקולד חלב 100,,,מילקה שוקולד חלב 100,גרמים,100.00,100 גרם,false,,6.90,0.0690,true,1,108997
7622201808631,false,אוראו מיני כוסות בטע,,,אוראו מיני כוסות בטע,גרמים,67.00,100 גרם,false,,6.90,0.1030,true,1,115694
7622201809188,false,מילקה ביסקויט 150 גר,,,מילקה ביסקויט 150 גר,גרמים,150.00,100 גרם,false,,9.90,0.0660,true,1,102596
7622201813390,false,מילקה וואפל במילוי ק,,,מילקה וואפל במילוי ק,גרמים,150.00,100 גרם,false,,9.90,0.0660,true,1,93228
7622201819170,false,מילקה דארק שקדים 85,,,מילקה דארק שקדים 85,גרמים,85.00,100 גרם,false,,7.90,0.0929,true,1,149277
7622201819552,false,מילקה דארק  85 גרם,,,מילקה דארק  85 גרם,גרמים,85.00,100 גרם,false,,7.90,0.0929,true,1,149279
7622210453327,false,מילקה סנסיישן 156 גר,,,מילקה סנסיישן 156 גר,גרמים,156.00,100 גרם,false,,9.90,0.0635,true,1,6284
7622210637994,false,קראנצ'י בייטס אוראו,,,קראנצ'י בייטס אוראו,גרמים,110.00,100 גרם,false,,7.90,0.0718,true,1,158360
7622300270506,false,מילקה גריינס עוגיות,,,מילקה גריינס עוגיות,גרמים,168.00,100 גרם,false,,9.90,0.0589,true,1,6300
7622300489427,false,אוראו פאג שוקולד לבן,,,אוראו פאג שוקולד לבן,גרמים,246.00,100 גרם,false,,15.90,0.0646,true,1,6304
7622300489434,false,אוראו פאג שוקולד חלב,,,אוראו פאג שוקולד חלב,גרמים,246.00,100 גרם,false,,15.90,0.0646,true,1,6305
7622300503079,false,מילקה מוו - ביסקוויט,,,מילקה מוו - ביסקוויט,גרמים,200.00,100 גרם,false,,9.90,0.0495,true,1,6308
7622300617820,false,מילקה שוקולד אוראו 1,,,מילקה שוקולד אוראו 1,גרמים,100.00,100 גרם,false,,6.90,0.0690,true,1,6309
7630311507016,false,סטארבקס קפסולות סאני,,,סטארבקס קפסולות סאני,גרמים,57.00,100 גרם,false,,21.90,0.3842,true,1,381428
7630477891592,false,קפסולות האוס בלנד סט,,,קפסולות האוס בלנד סט,גרמים,57.00,100 גרם,false,,21.90,0.3842,true,1,34509
7630477891639,false,סטארבקס קפסולות ורונ,,,סטארבקס קפסולות ורונ,גרמים,55.00,100 גרם,false,,21.90,0.3982,true,1,13564
7630477891653,false,סטארבקס קפסולות אספר,,,סטארבקס קפסולות אספר,גרמים,57.00,100 גרם,false,,21.90,0.3842,true,1,13565
7630477891677,false,קפס' פייק פלייס סטאר,,,קפס' פייק פלייס סטאר,גרמים,53.00,100 גרם,false,,21.90,0.4132,true,1,34510
7630477891691,false,סטארבקס קפסולות קולו,,,סטארבקס קפסולות קולו,גרמים,57.00,100 גרם,false,,21.90,0.3842,true,1,13566
7630477891714,false,קפסולות אספרסו סטארב,,,קפסולות אספרסו סטארב,גרמים,57.00,100 גרם,false,,21.90,0.3842,true,1,34511
7640175743451,false,פחית ג'ין בומביי ספי,,,פחית ג'ין בומביי ספי,מיליליטרים,250.00,"100 מ""ל",false,,13.20,0.0528,true,1,168861
7702018441075,false,סכיני גילוח פיוזן יד,,,סכיני גילוח פיוזן יד,אין,0.00,יחידה,false,,120.90,0.0000,true,1,17546
7702018980826,false,ג'ל גילוח GILLETTE S,,,ג'ל גילוח GILLETTE S,מיליליטרים,200.00,"100 מ""ל",false,,14.90,0.0745,true,1,12731
7702024074625,false,פיטנס חטיפי קרקר חיט,,,פיטנס חטיפי קרקר חיט,גרמים,234.00,100 גרם,false,,11.90,0.0509,true,1,1405
7702174066631,false,יוגטה פינפופ לקקן 10,,,יוגטה פינפופ לקקן 10,גרמים,180.00,100 גרם,false,,7.90,0.0439,true,1,26022
7702174068826,false,יוגטה לקקן חדש 12יח,,,יוגטה לקקן חדש 12יח,גרמים,216.00,100 גרם,false,,8.90,0.0412,true,1,26023
7702174070201,false,לקקן בטעם מסטיק ממול,,,לקקן בטעם מסטיק ממול,גרמים,216.00,100 גרם,false,,8.90,0.0412,true,1,26025
7702174073783,false,לקקן פינפופ קולה 10,,,לקקן פינפופ קולה 10,גרמים,180.00,100 גרם,false,,7.90,0.0439,true,1,26026
7790040420076,false,אלפחורס עוגיות סנדבי,,,אלפחורס עוגיות סנדבי,גרמים,117.00,100 גרם,false,,8.90,0.0761,true,1,2903
7791875005353,false,הוואנה ריבת חלב 450,,,הוואנה ריבת חלב 450,גרמים,450.00,100 גרם,false,,19.90,0.0442,true,1,218475
7798109100075,false,אוכמניות,,,אוכמניות,גרמים,100.00,100 גרם,false,,11.90,0.1190,true,1,114032
7798141877836,false,גאטו נגרו סוביניון ב,,,גאטו נגרו סוביניון ב,מיליליטרים,750.00,"100 מ""ל",false,,39.90,0.0532,true,1,234044
7804414000877,false,דון חולין מרלו,,,דון חולין מרלו,מיליליטרים,750.00,"100 מ""ל",false,,28.90,0.0385,true,1,7620
7840392000454,false,"פחם בריקאפאר 5 ק""ג",,,"פחם בריקאפאר 5 ק""ג",אלף,5.00,"ק""ג",false,,49.90,9.9800,true,1,441796
7860001950123,false,מפזר סוכר רשת נירוסט,,,מפזר סוכר רשת נירוסט,אין,0.00,יחידה,false,,14.90,0.0000,true,1,21929
8000070003774,false,קפסולת LAVAZZA INTEN,,,קפסולת LAVAZZA INTEN,גרמים,120.00,100 גרם,false,,29.90,0.2492,true,1,433808
8000070003842,false,קפסולת LAVAZZA DEKCR,,,קפסולת LAVAZZA DEKCR,גרמים,120.00,100 גרם,false,,29.90,0.2492,true,1,433811
8000070064577,false,קפסולת LAVAZZA ORO ר,,,קפסולת LAVAZZA ORO ר,גרמים,120.00,100 גרם,false,,29.90,0.2492,true,1,433815
8000070081017,false,לוואצ'ה קפסולות קפה,,,לוואצ'ה קפסולות קפה,גרמים,50.00,100 גרם,false,,16.90,0.3380,true,1,1422
8000215204219,false,משקה אורז אורגני 1 ל,,,משקה אורז אורגני 1 ל,ארגז,1.00,ליטר,false,,12.90,12.9000,true,1,2080
8000215204240,false,משקה שקדים ואורז אור,,,משקה שקדים ואורז אור,ארגז,1.00,ליטר,false,,12.90,12.9000,true,1,2096
8000215204370,false,ויטריז לבישול - תחלי,,,ויטריז לבישול - תחלי,מיליליטרים,200.00,"100 מ""ל",false,,4.90,0.0245,true,1,2081
8000215204387,false,ויטריז לבישול - רוטב,,,ויטריז לבישול - רוטב,מיליליטרים,500.00,"100 מ""ל",false,,14.90,0.0298,true,1,2082
8000215204653,false,משקה סויה 1 ליטר  -,,,משקה סויה 1 ליטר  -,ארגז,1.00,ליטר,false,,11.90,11.9000,true,1,2083
8000215204677,false,משקה שיבולת שועל אור,,,משקה שיבולת שועל אור,ארגז,1.00,ליטר,false,,12.90,12.9000,true,1,238029
8000215204714,false,משקה שיבולת שועל אור,,,משקה שיבולת שועל אור,ארגז,1.00,ליטר,false,,12.90,12.9000,true,1,2099
8000380003723,false,גרנד פטיסרי ופל אגוז,,,גרנד פטיסרי ופל אגוז,גרמים,100.00,100 גרם,false,,11.50,0.1150,true,1,10166
8000380003761,false,גרנד פטיסרי ופל קוקו,,,גרנד פטיסרי ופל קוקו,גרמים,100.00,100 גרם,false,,11.50,0.1150,true,1,10167
8000380004669,false,לואקר וופל סנדוויץ',,,לואקר וופל סנדוויץ',גרמים,200.00,100 גרם,false,,12.90,0.0645,true,1,10168
8000380004676,false,לואקר וופל קרם וניל,,,לואקר וופל קרם וניל,גרמים,200.00,100 גרם,false,,12.90,0.0645,true,1,10169
8000380004911,false,וופל קואדרטיני אגוז,,,וופל קואדרטיני אגוז,גרמים,250.00,100 גרם,false,,13.90,0.0556,true,1,1230
8000380004966,false,וופל קואדרטיני קקאו,,,וופל קואדרטיני קקאו,גרמים,250.00,100 גרם,false,,13.90,0.0556,true,1,1231
8000380005598,false,טורטינה מריר 6יח,,,טורטינה מריר 6יח,גרמים,125.00,100 גרם,false,,14.90,0.1192,true,1,10170
8000380007219,false,וופל לואקר אגוז 175,,,וופל לואקר אגוז 175,גרמים,175.00,100 גרם,false,,10.50,0.0600,true,1,10173
8000380007264,false,וופל לואקר קקאו 175,,,וופל לואקר קקאו 175,גרמים,175.00,100 גרם,false,,10.50,0.0600,true,1,10175
8000380007271,false,וופל לואקר חלב 175 ג,,,וופל לואקר חלב 175 ג,גרמים,175.00,100 גרם,false,,10.50,0.0600,true,1,10176
8000380106028,false,1/6 טורטינה אורגינל,,,1/6 טורטינה אורגינל,גרמים,125.00,100 גרם,false,,14.90,0.1192,true,1,10177
8000380142484,false,וופל קואדרטיני שוקול,,,וופל קואדרטיני שוקול,גרמים,250.00,100 גרם,false,,13.90,0.0556,true,1,1232
8000380144044,false,וופל גרדנה שוקולד 20,,,וופל גרדנה שוקולד 20,גרמים,200.00,100 גרם,false,,12.80,0.0640,true,1,10178
8000380180721,false,וופל לואקר קלאסיק שו,,,וופל לואקר קלאסיק שו,גרמים,175.00,100 גרם,false,,10.50,0.0600,true,1,10182
8000380180745,false,וופל קואדרטיני לואקר,,,וופל קואדרטיני לואקר,גרמים,250.00,100 גרם,false,,13.90,0.0556,true,1,1233
8000380187119,false,עוגיות לואקר אגוזי ל,,,עוגיות לואקר אגוזי ל,גרמים,100.00,100 גרם,false,,13.90,0.1390,true,1,23782
8000380187249,false,עוגיות לואקר שקדים 1,,,עוגיות לואקר שקדים 1,גרמים,100.00,100 גרם,false,,13.90,0.1390,true,1,23783
8000380187300,false,עוגיות לואקר פתיתי ש,,,עוגיות לואקר פתיתי ש,גרמים,120.00,100 גרם,false,,13.90,0.1158,true,1,23784
8000380192151,false,טורטינה טריפל שוקולד,,,טורטינה טריפל שוקולד,גרמים,125.00,100 גרם,false,,14.90,0.1192,true,1,242268
8000380192243,false,וופל לואקר מקסי אגוז,,,וופל לואקר מקסי אגוז,גרמים,200.00,100 גרם,false,,12.90,0.0645,true,1,10184
8000380201396,false,טורטינה קרמל לואקר 1,,,טורטינה קרמל לואקר 1,גרמים,125.00,100 גרם,false,,14.90,0.1192,true,1,242282
8000380207183,false,טורטינה 1/6 חמאת בוט,,,טורטינה 1/6 חמאת בוט,גרמים,126.00,100 גרם,false,,14.90,0.1183,true,1,397639
8000392503136,false,פומפה+מקל,,,פומפה+מקל,אין,0.00,יחידה,false,,8.50,0.0000,true,1,10699
8000500009673,false,רושר בונבוניירה 300,,,רושר בונבוניירה 300,גרמים,300.00,100 גרם,false,,45.90,0.1530,true,1,996
8000500023624,false,הפי היפו 5*20ג,,,הפי היפו 5*20ג,גרמים,102.00,100 גרם,false,,12.90,0.1265,true,1,25661
8000500023976,false,בונבוניירת רפאלו 150,,,בונבוניירת רפאלו 150,גרמים,150.00,100 גרם,false,,14.50,0.0967,true,1,25662
8000500026731,false,קינדר ביצי שוקולד 3*,,,קינדר ביצי שוקולד 3*,גרמים,60.00,100 גרם,false,,14.90,0.2483,true,1,25663
8000500029350,false,קינדר בואנו 3*43 גרם,,,קינדר בואנו 3*43 גרם,גרמים,129.00,100 גרם,false,,8.90,0.0690,true,1,25664
8000500037874,false,בונבוניירת רושר 200ג,,,בונבוניירת רושר 200ג,גרמים,200.00,100 גרם,false,,25.90,0.1295,true,1,25667
8000500071083,false,קינדר אצבעות שוקולד,,,קינדר אצבעות שוקולד,גרמים,200.00,100 גרם,false,,12.50,0.0625,true,1,25669
8000500075708,false,קינדר גוי 1/3 כחול 3,,,קינדר גוי 1/3 כחול 3,גרמים,60.00,100 גרם,false,,14.90,0.2483,true,1,1382
8000500121436,false,קינדר בואנו לבן 3*43,,,קינדר בואנו לבן 3*43,גרמים,117.00,100 גרם,false,,8.90,0.0761,true,1,25672
8000500172810,false,טיק טק תות שדה 4*16ג,,,טיק טק תות שדה 4*16ג,גרמים,64.00,100 גרם,false,,9.90,0.1547,true,1,25675
8000500227848,false,'וופל מלוח במילוי ממ,,,'וופל מלוח במילוי ממ,גרמים,132.00,100 גרם,false,,9.90,0.0750,true,1,25679
8000500247167,false,פררו קולקשיין 249.5,,,פררו קולקשיין 249.5,גרמים,249.50,100 גרם,false,,45.90,0.1840,true,1,25681
8000500256213,false,פרר-קינדר שוקולד מינ,,,פרר-קינדר שוקולד מינ,גרמים,120.00,100 גרם,false,,8.90,0.0742,true,1,25683
8000500267103,false,פררו-קינדר דליס עשיר,,,פררו-קינדר דליס עשיר,אין,0.00,יחידה,false,,17.90,0.0000,true,1,3535
8000500269169,false,קינדר קארדס 128 גרם,,,קינדר קארדס 128 גרם,גרמים,128.00,100 גרם,false,,12.90,0.1008,true,1,38481
8000500386941,false,ממרח קקאו עם אגוזי ל,,,ממרח קקאו עם אגוזי ל,גרמים,900.00,100 גרם,false,,31.90,0.0354,true,1,331631
8001003100164,false,יוגטה סוכריות ג'לי פ,,,יוגטה סוכריות ג'לי פ,גרמים,450.00,100 גרם,false,,9.90,0.0220,true,1,26027
8001090222725,false,שמפו שמן מורינגה הרב,,,שמפו שמן מורינגה הרב,מיליליטרים,400.00,"100 מ""ל",false,,14.90,0.0373,true,1,114
8001090222756,false,מרכך שמן מורינגה הרב,,,מרכך שמן מורינגה הרב,מיליליטרים,400.00,"100 מ""ל",false,,14.90,0.0373,true,1,115
8001090222848,false,שמפו שיקום שמן ארגן,,,שמפו שיקום שמן ארגן,מיליליטרים,400.00,"100 מ""ל",false,,14.90,0.0373,true,1,116
8001090336446,false,פמפרס בייבי דריי מיד,,,פמפרס בייבי דריי מיד,אין,0.00,יחידה,false,,31.90,0.0000,true,1,17576
8001090336521,false,פמפרס בייבי דריי מיד,,,פמפרס בייבי דריי מיד,אין,0.00,יחידה,false,,31.90,0.0000,true,1,17578
8001090364203,false,אורל בי משחה G&E - ל,,,אורל בי משחה G&E - ל,מיליליטרים,75.00,"100 מ""ל",false,,15.90,0.2120,true,1,106932
8001090375285,false,פנטן מרכך מרוכז 200,,,פנטן מרכך מרוכז 200,מיליליטרים,200.00,"100 מ""ל",false,,21.90,0.1095,true,1,17582
8001090379368,false,חיתולי פמפרס פרימיום,,,חיתולי פמפרס פרימיום,אין,0.00,יחידה,false,,31.90,0.0000,true,1,17584
8001090379399,false,חיתולי פמפרס פרימיום,,,חיתולי פמפרס פרימיום,אין,0.00,יחידה,false,,31.90,0.0000,true,1,17585
8001090458322,false,פיירי ורדים ומשי 101,,,פיירי ורדים ומשי 101,ארגז,1.01,ליטר,false,,15.90,15.7426,true,1,118
8001090493637,false,שמפו אולטרא טוטאל קר,,,שמפו אולטרא טוטאל קר,מיליליטרים,450.00,"100 מ""ל",false,,17.90,0.0398,true,1,17587
8001090721099,false,אריאל פודס קפסולות 2,,,אריאל פודס קפסולות 2,יח',27.00,יח',false,,33.90,1.2556,true,1,17593
8001090745903,false,אבקת כביסה טייד אלפי,,,אבקת כביסה טייד אלפי,אלף,4.00,"ק""ג",false,,29.90,7.4750,true,1,17601
8001090802385,false,טייד קפסולות ג'ל בני,,,טייד קפסולות ג'ל בני,אין,0.00,יחידה,false,,29.90,0.0000,true,1,17607
8001090832450,false,שמפו הנוסחה הקלאסית,,,שמפו הנוסחה הקלאסית,מיליליטרים,660.00,"100 מ""ל",false,,18.90,0.0286,true,1,17616
8001090832535,false,שמפו שמן מרוקאי משקם,,,שמפו שמן מרוקאי משקם,מיליליטרים,660.00,"100 מ""ל",false,,18.90,0.0286,true,1,17617
8001090832573,false,שמפו לחות מוגברת פנט,,,שמפו לחות מוגברת פנט,מיליליטרים,660.00,"100 מ""ל",false,,18.90,0.0286,true,1,17618
8001090832818,false,מרכך נוסחה קלאסית פנ,,,מרכך נוסחה קלאסית פנ,מיליליטרים,660.00,"100 מ""ל",false,,18.90,0.0286,true,1,17619
8001090832856,false,מרכך שמן מרוקאי משקם,,,מרכך שמן מרוקאי משקם,מיליליטרים,660.00,"100 מ""ל",false,,18.90,0.0286,true,1,17620
8001090832894,false,מרכך לחות מוגברת פנט,,,מרכך לחות מוגברת פנט,מיליליטרים,660.00,"100 מ""ל",false,,18.90,0.0286,true,1,17621
8001090833136,false,אריאל ג'ל כביסה בייב,,,אריאל ג'ל כביסה בייב,ארגז,2.26,ליטר,false,,29.90,13.2301,true,1,17622
8001090833167,false,אריאל ג'ל כביסה ניחו,,,אריאל ג'ל כביסה ניחו,ארגז,2.37,ליטר,false,,29.90,12.6160,true,1,17623
8001090833198,false,אריאל ג'ל כביסה ניחו,,,אריאל ג'ל כביסה ניחו,ארגז,2.37,ליטר,false,,29.90,12.6160,true,1,17624
8001090899194,false,תחבושות פלטינום נורמ,,,תחבושות פלטינום נורמ,אין,0.00,יחידה,false,,19.90,0.0000,true,1,122
8001090899255,false,תחבושות פלטינום לילה,,,תחבושות פלטינום לילה,אין,0.00,יחידה,false,,19.90,0.0000,true,1,124
8001090899286,false,תחבושות פלטינום לילה,,,תחבושות פלטינום לילה,אין,0.00,יחידה,false,,19.90,0.0000,true,1,125
8001100067964,false,וואפל קוביות BALOCCO,,,וואפל קוביות BALOCCO,גרמים,125.00,100 גרם,false,,9.90,0.0792,true,1,62613
8001505000306,false,מעדן פירות יער אורגנ,,,מעדן פירות יער אורגנ,גרמים,250.00,100 גרם,false,,17.90,0.0716,true,1,2128
8001505000313,false,ממרח אגוזי לוז אורגנ,,,ממרח אגוזי לוז אורגנ,גרמים,270.00,100 גרם,false,,17.90,0.0663,true,1,2574
8001505001105,false,ממרח אגוזי לוז אורגנ,,,ממרח אגוזי לוז אורגנ,גרמים,270.00,100 גרם,false,,17.90,0.0663,true,1,2575
8001620011935,false,סאן בנדטו מוגז 6*500,,,סאן בנדטו מוגז 6*500,ארגז,3.00,ליטר,false,,11.90,3.9667,true,1,8712
8001620017456,false,סאן בנדטו פקק ספורט,,,סאן בנדטו פקק ספורט,ארגז,3.00,ליטר,false,,14.50,4.8333,true,1,8714
8001620018408,false,סן בנדטו מנגו תפוח פ,,,סן בנדטו מנגו תפוח פ,מיליליטרים,400.00,"100 מ""ל",false,,7.50,0.0188,true,1,217366
8001620019177,false,סאן בנדטו משקה בטעם,,,סאן בנדטו משקה בטעם,מיליליטרים,400.00,"100 מ""ל",false,,5.90,0.0147,true,1,383124
8001841006710,false,לנור כדוריות הבושם ב,,,לנור כדוריות הבושם ב,גרמים,210.00,100 גרם,false,,27.90,0.1329,true,1,1714
8001841053806,false,תחבושות עבה לילה אול,,,תחבושות עבה לילה אול,אין,0.00,יחידה,false,,12.90,0.0000,true,1,17646
8001841096889,false,פיירי קלאסיק לימון 9,,,פיירי קלאסיק לימון 9,מיליליטרים,900.00,"100 מ""ל",false,,6.90,0.0077,true,1,17647
8001841104799,false,חיתולי פמפרס פרימיום,,,חיתולי פמפרס פרימיום,אין,0.00,יחידה,false,,31.90,0.0000,true,1,17649
8001841137216,false,מרכך למגע רך כמשי הד,,,מרכך למגע רך כמשי הד,מיליליטרים,275.00,"100 מ""ל",false,,16.90,0.0615,true,1,17652
8001841625188,false,פיירי נוזל כלים פלטי,,,פיירי נוזל כלים פלטי,מיליליטרים,515.00,"100 מ""ל",false,,8.90,0.0173,true,1,17659
8001841625287,false,פיירי נוזל כלים פלטי,,,פיירי נוזל כלים פלטי,ארגז,1.01,ליטר,false,,15.90,15.7426,true,1,127
8001841625362,false,פיירי נוזל כלים פלטי,,,פיירי נוזל כלים פלטי,מיליליטרים,780.00,"100 מ""ל",false,,12.90,0.0165,true,1,344725
8001841625461,false,פיירי נוזל כלים פלטי,,,פיירי נוזל כלים פלטי,מיליליטרים,515.00,"100 מ""ל",false,,8.90,0.0173,true,1,17660
8001841625508,false,פיירי נוזל כלים פלטי,,,פיירי נוזל כלים פלטי,ארגז,1.01,ליטר,false,,15.90,15.7426,true,1,128
8001841663654,false,פיירי נוזל כלים 650,,,פיירי נוזל כלים 650,מיליליטרים,650.00,"100 מ""ל",false,,9.90,0.0152,true,1,426516
8001841663692,false,פיירי נוזל כלים  לימ,,,פיירי נוזל כלים  לימ,מיליליטרים,900.00,"100 מ""ל",false,,11.90,0.0132,true,1,400066
8001841669465,false,אריאל קפסולות 24 יחי,,,אריאל קפסולות 24 יחי,גרמים,646.00,100 גרם,false,,32.90,0.0509,true,1,163413
8001841716312,false,ג'ל רחצה ושמפו ספורט,,,ג'ל רחצה ושמפו ספורט,מיליליטרים,360.00,"100 מ""ל",false,,16.90,0.0469,true,1,141673
8001841716435,false,ג'ל רחצה ושמפו לעור,,,ג'ל רחצה ושמפו לעור,מיליליטרים,360.00,"100 מ""ל",false,,16.90,0.0469,true,1,141674
8001841941929,false,אולוויז וליו פק לילה,,,אולוויז וליו פק לילה,אין,0.00,יחידה,false,,16.90,0.0000,true,1,269536
8002267016475,false,צ'וקטה ביצת הפתעה בו,,,צ'וקטה ביצת הפתעה בו,יח',60.00,יח',false,,10.90,0.1817,true,1,26034
8002270866524,false,סאן פלנגרינו מים מינ,,,סאן פלנגרינו מים מינ,ארגז,1.00,ליטר,false,,8.90,8.9000,true,1,8720
8002450206003,false,ורדי ספרקלטיני רימון,,,ורדי ספרקלטיני רימון,מיליליטרים,750.00,"100 מ""ל",false,,24.90,0.0332,true,1,7628
8002910043476,false,רצועות שעווה לבית הש,,,רצועות שעווה לבית הש,אין,0.00,יחידה,false,,30.90,0.0000,true,1,14369
8003012013633,false,קפסולות ברזיל גריבלד,,,קפסולות ברזיל גריבלד,גרמים,55.00,100 גרם,false,,9.90,0.1800,true,1,198575
8003477500044,false,"פרימלוצ'י ספגטי מ""ס",,,"פרימלוצ'י ספגטי מ""ס",גרמים,500.00,100 גרם,false,,5.90,0.0118,true,1,439622
8003477500051,false,"פרימלוצ'י ספגטי מ""ס",,,"פרימלוצ'י ספגטי מ""ס",גרמים,500.00,100 גרם,false,,5.90,0.0118,true,1,439623
8003477500327,false,פרימלוצ'י קורנטי 500,,,פרימלוצ'י קורנטי 500,גרמים,500.00,100 גרם,false,,5.90,0.0118,true,1,439624
8003477500365,false,פרימלוצ'י קונקילייה,,,פרימלוצ'י קונקילייה,גרמים,500.00,100 גרם,false,,5.90,0.0118,true,1,439625
8003477500556,false,פרימלוצ'י פוסילי 500,,,פרימלוצ'י פוסילי 500,גרמים,500.00,100 גרם,false,,5.90,0.0118,true,1,439913
8003477500594,false,פרימלוצ'י פנה ריגאטה,,,פרימלוצ'י פנה ריגאטה,גרמים,500.00,100 גרם,false,,5.90,0.0118,true,1,439914
8003753158556,false,אילי קפסולות אספרסו,,,אילי קפסולות אספרסו,גרמים,57.00,100 גרם,false,,25.90,0.4544,true,1,267764
8003753158587,false,אילי  קפסולות אספרסו,,,אילי  קפסולות אספרסו,גרמים,57.00,100 גרם,false,,25.90,0.4544,true,1,267765
8003753900438,false,אילי אספרסו טחון בפח,,,אילי אספרסו טחון בפח,גרמים,250.00,100 גרם,false,,41.90,0.1676,true,1,14733
8004030022010,false,טונה וירקות גינה ריו,,,טונה וירקות גינה ריו,גרמים,160.00,100 גרם,false,,16.90,0.1056,true,1,14735
8004030044005,false,נתחי טונה בשמן זית ר,,,נתחי טונה בשמן זית ר,גרמים,160.00,100 גרם,false,,18.90,0.1181,true,1,14737
8004030081024,false,נתחי טונה שמן זית שו,,,נתחי טונה שמן זית שו,גרמים,160.00,100 גרם,false,,18.90,0.1181,true,1,14738
8004030102033,false,טונה בשמן עם לימון ו,,,טונה בשמן עם לימון ו,גרמים,240.00,100 גרם,false,,27.90,0.1162,true,1,14739
8004030177000,false,טונה בשמן זית עם צ'י,,,טונה בשמן זית עם צ'י,גרמים,240.00,100 גרם,false,,27.90,0.1162,true,1,14741
8004030180000,false,ריו מרה טונה בשמן זי,,,ריו מרה טונה בשמן זי,גרמים,240.00,100 גרם,false,,27.90,0.1162,true,1,460666
8004030381681,false,טונה בשמן זית ריו מר,,,טונה בשמן זית ריו מר,גרמים,320.00,100 גרם,false,,32.90,0.1028,true,1,14745
8004030845046,false,אינסלטיסימי אורז עם,,,אינסלטיסימי אורז עם,גרמים,160.00,100 גרם,false,,16.90,0.1056,true,1,14746
8004030860001,false,קוסקוס וטונה ריו מרה,,,קוסקוס וטונה ריו מרה,גרמים,160.00,100 גרם,false,,16.90,0.1056,true,1,14747
8004123002509,false,שמן זרעי ענבים מזוכך,,,שמן זרעי ענבים מזוכך,ליטרים,1.00,100 ליטר,false,,39.90,39.9000,true,1,357850
8004123010726,false,שמן זית כתית מעולה ב,,,שמן זית כתית מעולה ב,מיליליטרים,750.00,"100 מ""ל",false,,39.90,0.0532,true,1,336870
8004708048816,false,פלפל 4 עונות במטחנה,,,פלפל 4 עונות במטחנה,גרמים,85.00,100 גרם,false,,29.90,0.3518,true,1,418547
8004800000064,false,גלילי ופל במילוי קרם,,,גלילי ופל במילוי קרם,גרמים,100.00,100 גרם,false,,10.90,0.1090,true,1,441435
8004800004802,false,לאגו פלאסיר- גלילי ו,,,לאגו פלאסיר- גלילי ו,גרמים,100.00,100 גרם,false,,10.90,0.1090,true,1,463651
8004800004826,false,ופלים במילוי קרם קוק,,,ופלים במילוי קרם קוק,גרמים,98.00,100 גרם,false,,10.90,0.1112,true,1,441436
8004800005502,false,לאגו מיני רול- גלילי,,,לאגו מיני רול- גלילי,גרמים,125.00,100 גרם,false,,9.90,0.0792,true,1,443455
8004800005519,false,לאגו מיני רול- גלילי,,,לאגו מיני רול- גלילי,גרמים,125.00,100 גרם,false,,9.90,0.0792,true,1,443456
8005110002243,false,תרכיז MUTTI עגבניות,,,תרכיז MUTTI עגבניות,גרמים,185.00,100 גרם,false,,6.90,0.0373,true,1,31867
8005110060007,false,עגבניות MUTTI מקולפו,,,עגבניות MUTTI מקולפו,גרמים,400.00,100 גרם,false,,6.90,0.0173,true,1,31868
8005110170300,false,עגבניות MUTTI מרוסקו,,,עגבניות MUTTI מרוסקו,אלף,1.20,"ק""ג",false,,16.90,14.0833,true,1,31870
8005200256587,false,נסטי אפרסק 1.5 ליטר,,,נסטי אפרסק 1.5 ליטר,ארגז,1.50,ליטר,false,,8.90,5.9333,true,1,156097
8005200286584,false,נסטי מנגו אננס 1.5 ל,,,נסטי מנגו אננס 1.5 ל,ארגז,1.50,ליטר,false,,8.90,5.9333,true,1,156124
8005200316588,false,נסטי דיאט אפרסק 1.5,,,נסטי דיאט אפרסק 1.5,ארגז,1.50,ליטר,false,,8.50,5.6667,true,1,156125
8005360002185,false,דה לה נונה - רוטב עג,,,דה לה נונה - רוטב עג,גרמים,350.00,100 גרם,false,,11.90,0.0340,true,1,2482
8005803010357,false,גריסיני בטעם קלאסי 1,,,גריסיני בטעם קלאסי 1,גרמים,125.00,100 גרם,false,,8.50,0.0680,true,1,69615
8005803010371,false,גריסיני עם רוזמרין 1,,,גריסיני עם רוזמרין 1,גרמים,125.00,100 גרם,false,,8.50,0.0680,true,1,69616
8005803010661,false,גריסיני עם שומשום 12,,,גריסיני עם שומשום 12,גרמים,125.00,100 גרם,false,,8.50,0.0680,true,1,69617
8006227000405,false,לחם מחמצת פרוס חיטה,,,לחם מחמצת פרוס חיטה,גרמים,400.00,100 גרם,false,,16.90,0.0422,true,1,412293
8006227000412,false,לחם מחמצת פרוס חיטה,,,לחם מחמצת פרוס חיטה,גרמים,400.00,100 גרם,false,,16.90,0.0422,true,1,412294
8006227000429,false,לחם מחמצת פרוס 8 דגנ,,,לחם מחמצת פרוס 8 דגנ,גרמים,400.00,100 גרם,false,,16.90,0.0422,true,1,412295
8006540091937,false,לנור כדוריות הבושם ב,,,לנור כדוריות הבושם ב,גרמים,210.00,100 גרם,false,,27.90,0.1329,true,1,141860
8006540112823,false,לנור מרכך מרוכז בניח,,,לנור מרכך מרוכז בניח,מיליליטרים,900.00,"100 מ""ל",false,,14.90,0.0166,true,1,84526
8006540112854,false,לנור מרכך מרוכז בניח,,,לנור מרכך מרוכז בניח,מיליליטרים,900.00,"100 מ""ל",false,,14.90,0.0166,true,1,77405
8006540425930,false,אריאל קפסולות 24 יחי,,,אריאל קפסולות 24 יחי,גרמים,646.00,100 גרם,false,,32.90,0.0509,true,1,338988
8006540429327,false,"פיירי לימון 440 מ""ל",,,"פיירי לימון 440 מ""ל",מיליליטרים,440.00,"100 מ""ל",false,,10.90,0.0248,true,1,210943
8006540458013,false,פיירי נוזל כלים 650,,,פיירי נוזל כלים 650,מיליליטרים,650.00,"100 מ""ל",false,,9.90,0.0152,true,1,446198
8006540495216,false,לנור מרכך מרוכז בניח,,,לנור מרכך מרוכז בניח,מיליליטרים,900.00,"100 מ""ל",false,,14.90,0.0166,true,1,398384
8006540592465,false,תחבושות אולוויז סגול,,,תחבושות אולוויז סגול,100 יח',16.00,100 יח',false,,18.90,1.1812,true,1,423571
8006540592496,false,תחבושות אולוויז כחול,,,תחבושות אולוויז כחול,100 יח',16.00,100 יח',false,,18.90,1.1812,true,1,423572
8006540628737,false,שמפו הד שולדרס קלאסי,,,שמפו הד שולדרס קלאסי,מיליליטרים,350.00,"100 מ""ל",false,,16.90,0.0483,true,1,433990
8008245004861,true,ממרח אגוזי לוז עם חל,,,ממרח אגוזי לוז עם חל,גרמים,300.00,100 גרם,false,,14.90,0.0497,true,1,47061
8008620009276,false,קרקר מלוח 500 גרם קר,,,קרקר מלוח 500 גרם קר,גרמים,500.00,100 גרם,false,,19.90,0.0398,true,1,25010
8008620009290,false,קרקר חיטה מלאה 500 ג,,,קרקר חיטה מלאה 500 ג,גרמים,500.00,100 גרם,false,,19.90,0.0398,true,1,25011
8008660210038,false,מעדן תות שדה 300 גר`,,,מעדן תות שדה 300 גר`,גרמים,300.00,100 גרם,false,,15.90,0.0530,true,1,16176
8008660210045,false,מעדן פירות יער 300 ג,,,מעדן פירות יער 300 ג,גרמים,300.00,100 גרם,false,,15.90,0.0530,true,1,16177
8008912010034,false,פסטה ספגטי מספר 3 -,,,פסטה ספגטי מספר 3 -,גרמים,500.00,100 גרם,false,,7.90,0.0158,true,1,381099
8008912010072,false,פסטה לינגוויני מספר,,,פסטה לינגוויני מספר,גרמים,500.00,100 גרם,false,,7.90,0.0158,true,1,381100
8008912010270,false,פסטה קסרצ'ה מספר 27,,,פסטה קסרצ'ה מספר 27,גרמים,500.00,100 גרם,false,,7.90,0.0158,true,1,381101
8008912010300,false,פסטה פרפלה מספר 30 -,,,פסטה פרפלה מספר 30 -,גרמים,500.00,100 גרם,false,,7.90,0.0158,true,1,381102
8008912010317,false,פסטה פוזלי מספר 31 -,,,פסטה פוזלי מספר 31 -,גרמים,500.00,100 גרם,false,,7.90,0.0158,true,1,381103
8008912010331,false,פסטה ניוקטי סרדי בצו,,,פסטה ניוקטי סרדי בצו,גרמים,500.00,100 גרם,false,,7.90,0.0158,true,1,450775
8008912010423,false,פסטה פנה ריגטה מספר,,,פסטה פנה ריגטה מספר,גרמים,500.00,100 גרם,false,,7.90,0.0158,true,1,381104
8010024006003,false,השקד - 100% חמאת שקד,,,השקד - 100% חמאת שקד,גרמים,250.00,100 גרם,false,,32.90,0.1316,true,1,2639
8015997000911,false,בישקוטים פריכים 200,,,בישקוטים פריכים 200,גרמים,200.00,100 גרם,false,,6.90,0.0345,true,1,412278
8017938005122,false,חומץ תפוחים אורגני 7,,,חומץ תפוחים אורגני 7,מיליליטרים,750.00,"100 מ""ל",false,,18.90,0.0252,true,1,1964
8023788030610,false,שוקולד חלב  300 גרם,,,שוקולד חלב  300 גרם,גרמים,300.00,100 גרם,false,,17.90,0.0597,true,1,420705
8023788030627,false,שוקולד מריר מעולה  3,,,שוקולד מריר מעולה  3,גרמים,300.00,100 גרם,false,,17.90,0.0597,true,1,420706
8023788030634,false,שוקולד חלב עם שברי א,,,שוקולד חלב עם שברי א,גרמים,300.00,100 גרם,false,,18.90,0.0630,true,1,420722
8023788030658,false,עוגיות מלוחות בטעם ט,,,עוגיות מלוחות בטעם ט,גרמים,400.00,100 גרם,false,,12.90,0.0323,true,1,449740
8023788030672,false,עוגיות מלוחות בתוספת,,,עוגיות מלוחות בתוספת,גרמים,400.00,100 גרם,false,,12.90,0.0323,true,1,449742
8023788030689,false,עוגיות מלוחות בטעם ע,,,עוגיות מלוחות בטעם ע,גרמים,400.00,100 גרם,false,,12.90,0.0323,true,1,450162
8024985000086,false,נטורה נובה - מחית תפ,,,נטורה נובה - מחית תפ,גרמים,200.00,100 גרם,false,,8.90,0.0445,true,1,2379
8024985000093,false,נטורה נובה - מחית תפ,,,נטורה נובה - מחית תפ,גרמים,200.00,100 גרם,false,,8.90,0.0445,true,1,299895
8024985000109,false,נטורה נובה - מחית אג,,,נטורה נובה - מחית אג,גרמים,200.00,100 גרם,false,,8.90,0.0445,true,1,2380
8024985000116,false,נטורה נובה - מחית תפ,,,נטורה נובה - מחית תפ,גרמים,200.00,100 גרם,false,,8.90,0.0445,true,1,299909
8024985002783,false,נטורה נובה - סמוזי ג,,,נטורה נובה - סמוזי ג,גרמים,100.00,100 גרם,false,,4.90,0.0490,true,1,2339
8024985002943,false,נטורה נובה - סמוזי ת,,,נטורה נובה - סמוזי ת,גרמים,100.00,100 גרם,false,,4.90,0.0490,true,1,2340
8024985002967,false,נטורה נובה - סמוזי ב,,,נטורה נובה - סמוזי ב,גרמים,100.00,100 גרם,false,,4.90,0.0490,true,1,299925
8024985005234,false,נטורה נובה - סמוזי ת,,,נטורה נובה - סמוזי ת,גרמים,100.00,100 גרם,false,,4.90,0.0490,true,1,2354
8024985008037,false,נטורה נובה - סמוזי ת,,,נטורה נובה - סמוזי ת,גרמים,100.00,100 גרם,false,,4.90,0.0490,true,1,2355
8024985008044,false,נטורה נובה - סמוזי א,,,נטורה נובה - סמוזי א,גרמים,100.00,100 גרם,false,,4.90,0.0490,true,1,2356
8024985008051,false,נטורה נובה - סמוזי פ,,,נטורה נובה - סמוזי פ,גרמים,100.00,100 גרם,false,,4.90,0.0490,true,1,2357
8032804430976,false,פליסיה - ריגטוני שיב,,,פליסיה - ריגטוני שיב,גרמים,340.00,100 גרם,false,,16.90,0.0497,true,1,44187
8032804432000,false,פליסיה קופסא - פנה כ,,,פליסיה קופסא - פנה כ,גרמים,340.00,100 גרם,false,,14.90,0.0438,true,1,2325
8032804432024,false,פליסיה קופסא - לזניה,,,פליסיה קופסא - לזניה,גרמים,250.00,100 גרם,false,,18.90,0.0756,true,1,2326
8032804435643,false,פליסיה קופסא - פוזיל,,,פליסיה קופסא - פוזיל,גרמים,340.00,100 גרם,false,,11.90,0.0350,true,1,2309
8032880800243,false,פיקניק הפתעה 50ג,,,פיקניק הפתעה 50ג,גרמים,50.00,100 גרם,false,,6.70,0.1340,true,1,10186
8076800105056,false,פסטה ספגטי בקופסה בר,,,פסטה ספגטי בקופסה בר,אלף,1.00,"ק""ג",false,,12.90,12.9000,true,1,419782
8076800195019,false,ספגטי קפליני מס' 1 ב,,,ספגטי קפליני מס' 1 ב,גרמים,500.00,100 גרם,false,,6.90,0.0138,true,1,424
8076800195033,false,ספגטי מס' 3 ברילה 50,,,ספגטי מס' 3 ברילה 50,גרמים,500.00,100 גרם,false,,6.90,0.0138,true,1,425
8076800195057,false,ספגטיני מס' 5 ברילה,,,ספגטיני מס' 5 ברילה,גרמים,500.00,100 גרם,false,,6.90,0.0138,true,1,426
8076800195132,false,ספגטי בבטה מס' 13 בר,,,ספגטי בבטה מס' 13 בר,גרמים,500.00,100 גרם,false,,6.90,0.0138,true,1,427
8076800315097,false,ספגטי בוקטיני מס' 9,,,ספגטי בוקטיני מס' 9,גרמים,500.00,100 גרם,false,,6.90,0.0138,true,1,428
8076802085738,false,פנה רגטה מס' 73 בריל,,,פנה רגטה מס' 73 בריל,גרמים,500.00,100 גרם,false,,6.90,0.0138,true,1,430
8076802085981,false,פסטה פוזילי 98 ברילה,,,פסטה פוזילי 98 ברילה,גרמים,500.00,100 גרם,false,,6.90,0.0138,true,1,431
8076808050440,false,פסטה מקרוני מס' 44 ב,,,פסטה מקרוני מס' 44 ב,גרמים,500.00,100 גרם,false,,6.90,0.0138,true,1,432
8076808070882,false,קנלוני ברילה 250 גרם,,,קנלוני ברילה 250 גרם,גרמים,250.00,100 גרם,false,,11.90,0.0476,true,1,14748
8076808150072,false,ספגטי מס' 7 ברילה 50,,,ספגטי מס' 7 ברילה 50,גרמים,500.00,100 גרם,false,,6.90,0.0138,true,1,434
8076809501415,false,ברילה פסטה פנה טריקו,,,ברילה פסטה פנה טריקו,גרמים,500.00,100 גרם,false,,11.90,0.0238,true,1,342054
8076809512268,false,פסטה גירנדולה מס' 34,,,פסטה גירנדולה מס' 34,גרמים,500.00,100 גרם,false,,6.90,0.0138,true,1,435
8076809513388,false,ברילה רוטב ארביאטה 4,,,ברילה רוטב ארביאטה 4,גרמים,400.00,100 גרם,false,,14.90,0.0373,true,1,14749
8076809513395,false,ברילה רוטב פורמודרו,,,ברילה רוטב פורמודרו,גרמים,400.00,100 גרם,false,,14.90,0.0373,true,1,14750
8076809513654,false,ברילה רוטב עגבניות ל,,,ברילה רוטב עגבניות ל,גרמים,400.00,100 גרם,false,,14.90,0.0373,true,1,14751
8076809513692,false,ברילה רוטב נפוליטנה,,,ברילה רוטב נפוליטנה,גרמים,400.00,100 גרם,false,,14.90,0.0373,true,1,14752
8076809513739,false,ברילה רוטב בזיליקום,,,ברילה רוטב בזיליקום,גרמים,400.00,100 גרם,false,,14.90,0.0373,true,1,14754
8076809514774,false,ברילה פפרדלה ביצים 2,,,ברילה פפרדלה ביצים 2,גרמים,250.00,100 גרם,false,,17.90,0.0716,true,1,76574
8076809523738,false,לזניה ברילה 500 גרם,,,לזניה ברילה 500 גרם,גרמים,500.00,100 גרם,false,,20.90,0.0418,true,1,395
8076809529419,false,ספגטי מחיטה מלאה ברי,,,ספגטי מחיטה מלאה ברי,גרמים,500.00,100 גרם,false,,14.90,0.0298,true,1,14756
8076809529433,false,פנה רגטה מחיטה מלאה,,,פנה רגטה מחיטה מלאה,גרמים,500.00,100 גרם,false,,14.90,0.0298,true,1,14757
8121300207004,false,טרוביה - סטיביה ממתי,,,טרוביה - סטיביה ממתי,גרמים,270.00,100 גרם,false,,33.90,0.1256,true,1,39441
8410076600622,false,חטיף קראנצי שבבי שוק,,,חטיף קראנצי שבבי שוק,גרמים,210.00,100 גרם,false,,19.50,0.0929,true,1,10188
8410076610379,false,פרוטאין בוטנים ושבבי,,,פרוטאין בוטנים ושבבי,גרמים,160.00,100 גרם,false,,22.90,0.1431,true,1,10189
8410076610492,false,חטיף בוטנים ושיבולת,,,חטיף בוטנים ושיבולת,גרמים,150.00,100 גרם,false,,14.90,0.0993,true,1,10191
8410076620354,false,חטיף ממולא נאט קרים,,,חטיף ממולא נאט קרים,גרמים,120.00,100 גרם,false,,19.50,0.1625,true,1,10195
8410076621009,false,חטיף פייבר 1 בטעם קר,,,חטיף פייבר 1 בטעם קר,גרמים,120.00,100 גרם,false,,14.90,0.1242,true,1,37011
8410076621047,false,חטיף פייבר 1 בטעם שו,,,חטיף פייבר 1 בטעם שו,גרמים,120.00,100 גרם,false,,14.90,0.1242,true,1,37012
8410104039134,false,פיניש מנקה ומחדש מדי,,,פיניש מנקה ומחדש מדי,מיליליטרים,250.00,"100 מ""ל",false,,14.90,0.0596,true,1,14371
8410104045111,false,"פיניש מלח למדיח 2 ק""",,,"פיניש מלח למדיח 2 ק""",אלף,2.00,"ק""ג",false,,14.90,7.4500,true,1,14373
8410128768324,false,ויוה סוי שקדים קרטונ,,,ויוה סוי שקדים קרטונ,ארגז,1.00,ליטר,false,,11.90,11.9000,true,1,24976
8410128768355,false,ויוה סוי סויה 1 ליטר,,,ויוה סוי סויה 1 ליטר,ארגז,1.00,ליטר,false,,10.90,10.9000,true,1,24977
8410128783587,false,ויוה סוי שיבולת שועל,,,ויוה סוי שיבולת שועל,ארגז,1.00,ליטר,false,,10.90,10.9000,true,1,413120
8410182420114,false,בצלצלי פנינה בחומץ ד,,,בצלצלי פנינה בחומץ ד,גרמים,370.00,100 גרם,false,,11.90,0.0322,true,1,336925
8410376006070,false,גולון ביסקויט מריה 8,,,גולון ביסקויט מריה 8,גרמים,800.00,100 גרם,false,,11.60,0.0145,true,1,354722
8410376011203,false,עוגיות מיני רולינו ג,,,עוגיות מיני רולינו ג,גרמים,100.00,100 גרם,false,,5.90,0.0590,true,1,354841
8410376037784,false,עוגיות סנדוויץ' במיל,,,עוגיות סנדוויץ' במיל,גרמים,250.00,100 גרם,false,,12.90,0.0516,true,1,371221
8410376037883,false,עוגיות עם שבבי שוקול,,,עוגיות עם שבבי שוקול,גרמים,130.00,100 גרם,false,,10.90,0.0838,true,1,371440
8410376052633,false,עוגיות שוקוצ'יפס ללא,,,עוגיות שוקוצ'יפס ללא,גרמים,150.00,100 גרם,false,,11.90,0.0793,true,1,371357
8410628460605,false,טונה ספרדית בשמן זית,,,טונה ספרדית בשמן זית,גרמים,190.00,100 גרם,false,,27.90,0.1468,true,1,16341
8410628460612,false,טונה ספרדית בשמן זית,,,טונה ספרדית בשמן זית,גרמים,190.00,100 גרם,false,,27.90,0.1468,true,1,16342
8410655000423,false,סאן מיגל בקבוק 4*330,,,סאן מיגל בקבוק 4*330,ארגז,1.32,ליטר,false,,21.90,16.5909,true,1,218368
8410655001147,false,סן מיגל בירה 4.5% כה,,,סן מיגל בירה 4.5% כה,מיליליטרים,500.00,"100 מ""ל",false,,8.90,0.0178,true,1,442456
8410793001764,false,בירה אסטרייה דאם רבע,,,בירה אסטרייה דאם רבע,ארגז,1.32,ליטר,false,,30.80,23.3333,true,1,412771
8412300801072,false,קרם רב שימושי ניוואה,,,קרם רב שימושי ניוואה,מיליליטרים,400.00,"100 מ""ל",false,,27.90,0.0697,true,1,31289
8413664611611,false,ARGENTE  חטיף תפוח א,,,ARGENTE  חטיף תפוח א,גרמים,180.00,100 גרם,false,,16.90,0.0939,true,1,411767
8413664611956,false,ARGENTE  חטיף תפוח א,,,ARGENTE  חטיף תפוח א,גרמים,160.00,100 גרם,false,,16.90,0.1056,true,1,412000
8413664811844,false,ARGENTE  חטיף תפוח א,,,ARGENTE  חטיף תפוח א,גרמים,160.00,100 גרם,false,,16.90,0.1056,true,1,411768
8420822130600,false,ספריי סופר מסיר שומנ,,,ספריי סופר מסיר שומנ,מיליליטרים,750.00,"100 מ""ל",false,,16.90,0.0225,true,1,210889
8423207206488,false,סלים דליס חטיף דגנים,,,סלים דליס חטיף דגנים,גרמים,120.00,100 גרם,false,,10.90,0.0908,true,1,14762
8423207206495,false,סלים דליס חטיף דגנים,,,סלים דליס חטיף דגנים,גרמים,120.00,100 גרם,false,,10.90,0.0908,true,1,14763
8423207206501,false,סלים דליס חטיף דגנים,,,סלים דליס חטיף דגנים,גרמים,120.00,100 גרם,false,,10.90,0.0908,true,1,14764
8423207207362,false,סלים דליס חטיף דגנים,,,סלים דליס חטיף דגנים,גרמים,120.00,100 גרם,false,,10.90,0.0908,true,1,14765
8423207208260,false,סלים דליס ללא גלוטן,,,סלים דליס ללא גלוטן,גרמים,78.00,100 גרם,false,,10.90,0.1397,true,1,14766
8423207208697,false,סלים דליס קידס עוגיו,,,סלים דליס קידס עוגיו,גרמים,120.00,100 גרם,false,,10.90,0.0908,true,1,14768
8423207208703,false,סלים דליס אקסטרא חטי,,,סלים דליס אקסטרא חטי,גרמים,120.00,100 גרם,false,,10.90,0.0908,true,1,14769
8423207208888,false,פריכיות תירס בטעם עג,,,פריכיות תירס בטעם עג,גרמים,123.00,100 גרם,false,,8.90,0.0724,true,1,5646
8423207208895,false,פריכיות תירס זיתים ו,,,פריכיות תירס זיתים ו,גרמים,123.00,100 גרם,false,,8.90,0.0724,true,1,5647
8423207209748,false,סלים דליס חטיף דגנים,,,סלים דליס חטיף דגנים,גרמים,120.00,100 גרם,false,,10.90,0.0908,true,1,14770
8423207209885,false,סלים דליס אקסטרא חטי,,,סלים דליס אקסטרא חטי,גרמים,120.00,100 גרם,false,,10.90,0.0908,true,1,14771
8423207210287,false,סלים דליס חטיף דגנים,,,סלים דליס חטיף דגנים,גרמים,120.00,100 גרם,false,,10.90,0.0908,true,1,14772
8423207210928,false,סלים דליס טופינג בטע,,,סלים דליס טופינג בטע,גרמים,90.00,100 גרם,false,,10.90,0.1211,true,1,14773
8423207210942,false,סלים דליס טופינג פיר,,,סלים דליס טופינג פיר,גרמים,90.00,100 גרם,false,,10.90,0.1211,true,1,14774
8424842050016,false,חטיף צ'יפס בטעם כמהי,,,חטיף צ'יפס בטעם כמהי,גרמים,130.00,100 גרם,false,,12.90,0.0992,true,1,239650
8424842050030,false,חטיף צ'יפס עם שמן זי,,,חטיף צ'יפס עם שמן זי,גרמים,125.00,100 גרם,false,,12.90,0.1032,true,1,239651
8424842050085,false,חטיף צ'יפס דבש וחרדל,,,חטיף צ'יפס דבש וחרדל,גרמים,125.00,100 גרם,false,,12.90,0.1032,true,1,239652
8424842201340,false,חטיף צ'יפס רביו 130,,,חטיף צ'יפס רביו 130,גרמים,130.00,100 גרם,false,,12.90,0.0992,true,1,239653
8427030007281,false,סימילאק גולד קומפורט,,,סימילאק גולד קומפורט,גרמים,820.00,100 גרם,false,,101.90,0.1243,true,1,252911
8436575292205,false,מאגדת חמשושים אננס מ,,,מאגדת חמשושים אננס מ,גרמים,180.00,100 גרם,false,,19.90,0.1106,true,1,11904
8681863065270,false,מלח ים מים האגאי 350,,,מלח ים מים האגאי 350,גרמים,350.00,100 גרם,false,,24.90,0.0711,true,1,394562
8681863065362,false,מלח ים עם פלפל שחור,,,מלח ים עם פלפל שחור,גרמים,350.00,100 גרם,false,,24.90,0.0711,true,1,394567
8682655100513,false,מארז 3 קופסאות פלסטי,,,מארז 3 קופסאות פלסטי,אין,0.00,יחידה,false,,19.90,0.0000,true,1,153862
8683130008355,false,מיונז עם שום הלמנס 4,,,מיונז עם שום הלמנס 4,גרמים,400.00,100 גרם,false,,13.90,0.0348,true,1,444956
8683130008935,false,ממרח קטשיונז הלמנס 4,,,ממרח קטשיונז הלמנס 4,גרמים,425.00,100 גרם,false,,13.90,0.0327,true,1,444957
8683323063024,false,יוגטה חיספוסים שטיחי,,,יוגטה חיספוסים שטיחי,גרמים,220.00,100 גרם,false,,6.90,0.0314,true,1,26044
8690120060170,false,וופלים אגוזים רויאל,,,וופלים אגוזים רויאל,גרמים,35.00,100 גרם,false,,1.90,0.0543,true,1,126617
8690120060408,false,וופלים אגוזי לוז רוי,,,וופלים אגוזי לוז רוי,גרמים,35.00,100 גרם,false,,1.90,0.0543,true,1,126603
8690120129006,false,וופלים מריר רויאל קנ,,,וופלים מריר רויאל קנ,גרמים,35.00,100 גרם,false,,1.90,0.0543,true,1,126618
8690120160177,false,מארז וופלים רויאל קנ,,,מארז וופלים רויאל קנ,גרמים,840.00,100 גרם,false,,28.90,0.0344,true,1,117518
8690504081920,false,טינס מצופה שוקולד מר,,,טינס מצופה שוקולד מר,גרמים,150.00,100 גרם,false,,9.90,0.0660,true,1,370691
8690504153740,false,טבלת שוקולד מריר עם,,,טבלת שוקולד מריר עם,גרמים,86.00,100 גרם,false,,13.90,0.1616,true,1,16180
8690526009278,false,חטיף קרמל מצופה שוקו,,,חטיף קרמל מצופה שוקו,אין,0.00,יחידה,false,,9.90,0.0000,true,1,864
8690526009308,false,חטיף קוקוס מצופה שוק,,,חטיף קוקוס מצופה שוק,אין,0.00,יחידה,false,,9.90,0.0000,true,1,865
8690526019147,false,וופל קקאו במילוי קרם,,,וופל קקאו במילוי קרם,אין,0.00,יחידה,false,,7.90,0.0000,true,1,802
8690526019178,false,וופל קקאו במילוי קרם,,,וופל קקאו במילוי קרם,אין,0.00,יחידה,false,,7.90,0.0000,true,1,803
8690531032377,false,פלפל שיפקונית במי מל,,,פלפל שיפקונית במי מל,גרמים,340.00,100 גרם,false,,10.00,0.0294,true,1,11818
8690637073434,false,תה ליפטון ארל גריי 1,,,תה ליפטון ארל גריי 1,גרמים,200.00,100 גרם,false,,24.90,0.1245,true,1,9322
8690637503856,false,ממרח הלמנ'ס בקבוק לח,,,ממרח הלמנ'ס בקבוק לח,גרמים,355.00,100 גרם,false,,13.90,0.0392,true,1,444958
8690637505607,false,מרכך כביסה אקסטרה כח,,,מרכך כביסה אקסטרה כח,מיליליטרים,960.00,"100 מ""ל",false,,15.90,0.0166,true,1,110354
8690637505614,false,מרכך כביסה מרוכז בדי,,,מרכך כביסה מרוכז בדי,מיליליטרים,960.00,"100 מ""ל",false,,15.90,0.0166,true,1,110368
8690637555084,false,בדין אקסטרה לבן 960,,,בדין אקסטרה לבן 960,מיליליטרים,960.00,"100 מ""ל",false,,15.90,0.0166,true,1,9323
8690637704291,false,"שמפו משקם דאב 600 מ""",,,"שמפו משקם דאב 600 מ""",מיליליטרים,600.00,"100 מ""ל",false,,16.90,0.0282,true,1,9331
8690637704376,false,שמפו יום יומי דאב 60,,,שמפו יום יומי דאב 60,מיליליטרים,600.00,"100 מ""ל",false,,16.90,0.0282,true,1,9332
8690637842399,false,מיני מגנום דאבל  פרי,,,מיני מגנום דאבל  פרי,גרמים,329.00,100 גרם,false,,27.90,0.0848,true,1,6018
8690637858734,false,סיף ג'ל אקונומיקה לי,,,סיף ג'ל אקונומיקה לי,מיליליטרים,750.00,"100 מ""ל",false,,9.90,0.0132,true,1,9340
8690637858758,false,סיף ג'ל אקונומיקה או,,,סיף ג'ל אקונומיקה או,מיליליטרים,750.00,"100 מ""ל",false,,9.90,0.0132,true,1,9341
8690637890666,false,מיני מגנום דאבל פיסט,,,מיני מגנום דאבל פיסט,גרמים,282.00,100 גרם,false,,27.90,0.0989,true,1,6020
8690637946301,false,בדין אקסטרה בייבי  כ,,,בדין אקסטרה בייבי  כ,מיליליטרים,960.00,"100 מ""ל",false,,15.90,0.0166,true,1,9354
8690637971310,false,בדין אקסטרא פריחת הת,,,בדין אקסטרא פריחת הת,מיליליטרים,960.00,"100 מ""ל",false,,15.90,0.0166,true,1,34524
8690637976995,false,בדין אקסטרא ורוד- 96,,,בדין אקסטרא ורוד- 96,מיליליטרים,960.00,"100 מ""ל",false,,15.90,0.0166,true,1,34508
8690637994029,false,בדין אקסטרא מכך כביס,,,בדין אקסטרא מכך כביס,ארגז,1.44,ליטר,false,,19.90,13.8194,true,1,51123
8690637994036,false,בדין אקסטרא מרכך כבי,,,בדין אקסטרא מרכך כבי,ארגז,1.44,ליטר,false,,19.90,13.8194,true,1,51124
8690766156374,false,גודייבה שוקולד מריר,,,גודייבה שוקולד מריר,גרמים,90.00,100 גרם,false,,15.90,0.1767,true,1,1416
8690766156381,false,גודייבה ש.מריר מעולה,,,גודייבה ש.מריר מעולה,גרמים,90.00,100 גרם,false,,15.90,0.1767,true,1,1417
8690766156404,false,גודייבה שוקולד מריר,,,גודייבה שוקולד מריר,גרמים,90.00,100 גרם,false,,15.90,0.1767,true,1,1419
8690777204071,false,פלפל חריף סרה 640 גר,,,פלפל חריף סרה 640 גר,גרמים,640.00,100 גרם,false,,10.90,0.0170,true,1,5541
8690777206051,false,חציל קלוי על האש סרה,,,חציל קלוי על האש סרה,גרמים,650.00,100 גרם,false,,10.90,0.0168,true,1,5542
8690777221405,false,פלפל אדום קלוי על הא,,,פלפל אדום קלוי על הא,גרמים,650.00,100 גרם,false,,10.90,0.0168,true,1,5543
8690946270074,false,פסטה ספגטי 500 גרם B,,,פסטה ספגטי 500 גרם B,גרמים,500.00,100 גרם,false,,3.90,0.0078,true,1,451060
8690946270111,false,פסטה פוזלי 500 גרם B,,,פסטה פוזלי 500 גרם B,גרמים,500.00,100 גרם,false,,3.90,0.0078,true,1,451061
8690946270241,false,פסטה קונכיות גדולות,,,פסטה קונכיות גדולות,גרמים,500.00,100 גרם,false,,3.90,0.0078,true,1,451062
8690946272207,false,פסטה פנה 500 גרם BAH,,,פסטה פנה 500 גרם BAH,גרמים,500.00,100 גרם,false,,3.90,0.0078,true,1,451063
8690946272320,false,פסטה מקרוני 500 גרם,,,פסטה מקרוני 500 גרם,גרמים,500.00,100 גרם,false,,3.90,0.0078,true,1,451064
8691058141238,false,AVEL ערמונים שלמים ק,,,AVEL ערמונים שלמים ק,גרמים,100.00,100 גרם,false,,4.90,0.0490,true,1,29927
8691530924670,false,סירופ רימונים  נטרוס,,,סירופ רימונים  נטרוס,מיליליטרים,345.00,"100 מ""ל",false,,19.30,0.0559,true,1,352880
8691900174056,false,תחבושות קוטקס לילה,,,תחבושות קוטקס לילה,100 יח',16.00,100 יח',false,,16.90,1.0562,true,1,400203
8692952157165,false,"VEGA-מאג 300 מ""ל",,,"VEGA-מאג 300 מ""ל",אין,0.00,יחידה,false,,5.90,0.0000,true,1,142673
8693323099107,false,יוגטה מרשמלו לבבות 1,,,יוגטה מרשמלו לבבות 1,גרמים,150.00,100 גרם,false,,6.80,0.0453,true,1,26050
8693495052177,false,פלמוליב נטורלס תחליב,,,פלמוליב נטורלס תחליב,מיליליטרים,750.00,"100 מ""ל",false,,19.90,0.0265,true,1,116108
8693804012519,false,עלי בצק פילו-יופקה ל,,,עלי בצק פילו-יופקה ל,גרמים,500.00,100 גרם,false,,16.90,0.0338,true,1,354637
8697409841741,false,מגב שיש 20.5 CM,,,מגב שיש 20.5 CM,אין,0.00,יחידה,false,,6.90,0.0000,true,1,165668
8697418280333,false,שערות קדאיף מיובשות,,,שערות קדאיף מיובשות,גרמים,500.00,100 גרם,false,,19.90,0.0398,true,1,336709
8697434520239,false,גוד משקה בטעם גינגר,,,גוד משקה בטעם גינגר,ארגז,1.98,ליטר,false,,12.90,6.5152,true,1,24314
8697826469092,false,טורטיה  540 גרם tort,,,טורטיה  540 גרם tort,גרמים,540.00,100 גרם,false,,8.90,0.0165,true,1,6220
8698996000207,false,מגבות נייר 1/6,,,מגבות נייר 1/6,מטרים,0.00,מטר,false,,10.90,0.0000,true,1,453788
8710428016355,false,משקה להשלמה תזונתית,,,משקה להשלמה תזונתית,גרמים,400.00,100 גרם,false,,39.90,0.0997,true,1,252953
8710502060021,false,מרבה פטיסרי - עוגיות,,,מרבה פטיסרי - עוגיות,גרמים,210.00,100 גרם,false,,10.90,0.0519,true,1,422532
8710502064814,false,מרבה עוגיות שוקוציפס,,,מרבה עוגיות שוקוציפס,גרמים,175.00,100 גרם,false,,7.90,0.0451,true,1,1247
8710502100864,false,מרבה פטיסרי דאבל שוק,,,מרבה פטיסרי דאבל שוק,גרמים,200.00,100 גרם,false,,10.90,0.0545,true,1,422533
8710502139017,false,מרבה עוגיות טריפל שו,,,מרבה עוגיות טריפל שו,גרמים,180.00,100 גרם,false,,7.90,0.0439,true,1,1248
8710502231018,false,מרבה עוגיות שוקולד צ,,,מרבה עוגיות שוקולד צ,גרמים,175.00,100 גרם,false,,8.90,0.0509,true,1,48313
8710502260032,false,מרבה עוגיות שוקולד צ,,,מרבה עוגיות שוקולד צ,גרמים,150.00,100 גרם,false,,5.90,0.0393,true,1,402882
8710502279010,false,מרבה עוגיות שוקולד צ,,,מרבה עוגיות שוקולד צ,גרמים,175.00,100 גרם,false,,7.90,0.0451,true,1,53220
8710502285509,false,מרבה עוגיה רכה לימון,,,מרבה עוגיה רכה לימון,גרמים,175.00,100 גרם,false,,7.90,0.0451,true,1,243666
8710502470028,false,מרבה עוגיות נוגטלי 1,,,מרבה עוגיות נוגטלי 1,גרמים,160.00,100 גרם,false,,7.90,0.0494,true,1,1249
8710800027573,false,מיני מנטוס שקית,,,מיני מנטוס שקית,גרמים,178.00,100 גרם,false,,12.30,0.0691,true,1,10201
8710908326691,false,תחליב רחצה אדמונית ד,,,תחליב רחצה אדמונית ד,מיליליטרים,750.00,"100 מ""ל",false,,15.90,0.0212,true,1,9373
8711000362679,false,לור קפסולות קפה אספר,,,לור קפסולות קפה אספר,גרמים,52.00,100 גרם,false,,15.90,0.3058,true,1,6316
8711000362747,false,לור קפסולות קפה אספר,,,לור קפסולות קפה אספר,גרמים,52.00,100 גרם,false,,15.90,0.3058,true,1,6318
8711000371176,false,ג'ייקובס קפסולות קפה,,,ג'ייקובס קפסולות קפה,גרמים,52.00,100 גרם,false,,12.90,0.2481,true,1,6319
8711000371183,false,ג'ייקובס קפסולות קפה,,,ג'ייקובס קפסולות קפה,גרמים,52.00,100 גרם,false,,12.90,0.2481,true,1,6320
8711000371206,false,ג'ייקובס קפסולות קפה,,,ג'ייקובס קפסולות קפה,גרמים,52.00,100 גרם,false,,12.90,0.2481,true,1,6321
8711000371244,false,ג'ייקובס קפסולות קפה,,,ג'ייקובס קפסולות קפה,גרמים,52.00,100 גרם,false,,12.90,0.2481,true,1,6322
8711327475618,false,גלידת שמנת בטעם וניל,,,גלידת שמנת בטעם וניל,מיליליטרים,304.00,"100 מ""ל",false,,21.90,0.0720,true,1,78450
8711327475762,false,גלידת שמנת שוקולד לב,,,גלידת שמנת שוקולד לב,גרמים,260.00,100 גרם,false,,21.90,0.0842,true,1,78453
8712400802512,false,נוטרילון שלב 2- 800,,,נוטרילון שלב 2- 800,גרמים,800.00,100 גרם,false,,64.90,0.0811,true,1,6336
8712561594240,false,דאב תחליב רחצה להזנה,,,דאב תחליב רחצה להזנה,מיליליטרים,500.00,"100 מ""ל",false,,17.90,0.0358,true,1,9387
8712561594608,false,תחליב רחצה להזנה עמו,,,תחליב רחצה להזנה עמו,מיליליטרים,750.00,"100 מ""ל",false,,15.90,0.0212,true,1,9388
8712561611183,false,דאב תחליב רחצה תה יר,,,דאב תחליב רחצה תה יר,מיליליטרים,500.00,"100 מ""ל",false,,17.90,0.0358,true,1,9389
8712561611411,false,תחליב רחצה תה ירוק ו,,,תחליב רחצה תה ירוק ו,מיליליטרים,750.00,"100 מ""ל",false,,15.90,0.0212,true,1,9390
8712561626286,false,תחליב רחצה זוהר כמשי,,,תחליב רחצה זוהר כמשי,מיליליטרים,750.00,"100 מ""ל",false,,15.90,0.0212,true,1,9392
8712561631570,false,תחליב רחצה חלב קוקוס,,,תחליב רחצה חלב קוקוס,מיליליטרים,750.00,"100 מ""ל",false,,15.90,0.0212,true,1,9393
8712561646024,false,תחליב רחצה קרם פיסטו,,,תחליב רחצה קרם פיסטו,מיליליטרים,750.00,"100 מ""ל",false,,15.90,0.0212,true,1,255492
8714599412336,false,ג'ייקובס בריסטה אמרי,,,ג'ייקובס בריסטה אמרי,גרמים,160.00,100 גרם,false,,26.90,0.1681,true,1,160923
8714599512159,false,קפה ג'ייקובס 190 גרם,,,קפה ג'ייקובס 190 גרם,גרמים,190.00,100 גרם,false,,22.90,0.1205,true,1,32184
8714599513781,false,קפה ג'יקובס גולד 200,,,קפה ג'יקובס גולד 200,גרמים,200.00,100 גרם,false,,26.90,0.1345,true,1,6330
8714599513835,false,קפה ג`יקובס נטול קופ,,,קפה ג`יקובס נטול קופ,גרמים,200.00,100 גרם,false,,33.90,0.1695,true,1,6331
8714599513866,false,קפה ג'יקובס קרונונג,,,קפה ג'יקובס קרונונג,גרמים,200.00,100 גרם,false,,26.90,0.1345,true,1,6332
8714789177229,false,מב.שיניים אקסטרא קלי,,,מב.שיניים אקסטרא קלי,אין,0.00,יחידה,false,,9.90,0.0000,true,1,14785
8714789303925,false,זוג מברשת שיניים 360,,,זוג מברשת שיניים 360,אין,0.00,יחידה,false,,24.90,0.0000,true,1,14789
8714789402918,false,חגיגת הפרחים אדום אג,,,חגיגת הפרחים אדום אג,ארגז,1.50,ליטר,false,,19.90,13.2667,true,1,14790
8714789402932,false,אג'קס חגיגת הפרחים ו,,,אג'קס חגיגת הפרחים ו,ארגז,1.50,ליטר,false,,19.90,13.2667,true,1,14791
8714789402970,false,אג'קס חגיגת הפרחים י,,,אג'קס חגיגת הפרחים י,ארגז,1.50,ליטר,false,,19.90,13.2667,true,1,14792
8714789450315,false,פלמוליב שקוף לימון 1,,,פלמוליב שקוף לימון 1,ארגז,1.50,ליטר,false,,15.90,10.6000,true,1,14793
8714789529561,false,מש.שיניים סנסטיב הלב,,,מש.שיניים סנסטיב הלב,גרמים,75.00,100 גרם,false,,21.90,0.2920,true,1,14794
8714789582764,false,אגקס חלונות 750מל,,,אגקס חלונות 750מל,מיליליטרים,750.00,"100 מ""ל",false,,14.90,0.0199,true,1,1495
8714789834467,false,פלמוליב נוזל כלים 1.,,,פלמוליב נוזל כלים 1.,ארגז,1.50,ליטר,false,,15.90,10.6000,true,1,14800
8714789930848,false,משחת שיניים אופטיק ו,,,משחת שיניים אופטיק ו,מיליליטרים,75.00,"100 מ""ל",false,,19.90,0.2653,true,1,14802
8715700110141,false,מיונז היינץ אמיתי צנ,,,מיונז היינץ אמיתי צנ,גרמים,460.00,100 גרם,false,,9.90,0.0215,true,1,1226
8715700110158,false,מיונז היינץ לייט צנצ,,,מיונז היינץ לייט צנצ,גרמים,490.00,100 גרם,false,,9.90,0.0202,true,1,1227
8715700419732,false,היינץ קטשופ 700 גרם,,,היינץ קטשופ 700 גרם,גרמים,700.00,100 גרם,false,,10.90,0.0156,true,1,6431
8715700423906,false,מתבל עגבניות היינץ 2,,,מתבל עגבניות היינץ 2,גרמים,555.00,100 גרם,false,,10.90,0.0196,true,1,6436
8717163663493,false,רקסונה ספריי אקטיב ל,,,רקסונה ספריי אקטיב ל,מיליליטרים,150.00,"100 מ""ל",false,,13.90,0.0927,true,1,9417
8718114734484,false,מיונז מיילי 320 גרם,,,מיונז מיילי 320 גרם,גרמים,320.00,100 גרם,false,,13.90,0.0434,true,1,12254
8718951001596,false,אגקס ספריי כחול אמבט,,,אגקס ספריי כחול אמבט,מיליליטרים,600.00,"100 מ""ל",false,,9.90,0.0165,true,1,14803
8718951030169,false,משחת קולגייט סנסטיב,,,משחת קולגייט סנסטיב,מיליליטרים,75.00,"100 מ""ל",false,,17.90,0.2387,true,1,14804
8718951030206,false,משחת קולגייט סנסטיב,,,משחת קולגייט סנסטיב,מיליליטרים,75.00,"100 מ""ל",false,,17.90,0.2387,true,1,14805
8718951093331,false,מברשת שיניים מרידול,,,מברשת שיניים מרידול,אין,0.00,יחידה,false,,35.90,0.0000,true,1,2418
8718951159808,false,מארז שלישייה מברשת 3,,,מארז שלישייה מברשת 3,אין,0.00,יחידה,false,,30.90,0.0000,true,1,14815
8718951166288,false,קולגייט משחת שיניים,,,קולגייט משחת שיניים,מיליליטרים,125.00,"100 מ""ל",false,,17.90,0.1432,true,1,14818
8718951166561,false,קולגייט משחת שיניים,,,קולגייט משחת שיניים,מיליליטרים,125.00,"100 מ""ל",false,,17.90,0.1432,true,1,14819
8718951190191,false,אג'קס טריגר בוסט לימ,,,אג'קס טריגר בוסט לימ,מיליליטרים,500.00,"100 מ""ל",false,,14.90,0.0298,true,1,14828
8718951236783,false,משחת שיניים טוטאל פס,,,משחת שיניים טוטאל פס,מיליליטרים,100.00,"100 מ""ל",false,,13.90,0.1390,true,1,31937
8718951236790,false,משחת שיניים קלין מינ,,,משחת שיניים קלין מינ,מיליליטרים,100.00,"100 מ""ל",false,,16.90,0.1690,true,1,14831
8718951236806,false,מש.שיניים להלבנה קול,,,מש.שיניים להלבנה קול,מיליליטרים,100.00,"100 מ""ל",false,,16.90,0.1690,true,1,14832
8718951240742,false,מש.שיניים פסים מרעננ,,,מש.שיניים פסים מרעננ,גרמים,128.00,100 גרם,false,,16.90,0.1320,true,1,14834
8718951264618,false,קולגייט אופטיק וייט,,,קולגייט אופטיק וייט,מיליליטרים,75.00,"100 מ""ל",false,,29.90,0.3987,true,1,14837
8718951288492,false,מרידול משחת שיניים ב,,,מרידול משחת שיניים ב,מיליליטרים,150.00,"100 מ""ל",false,,30.90,0.2060,true,1,54203
8718951315303,false,משחת שיניים קולגייט,,,משחת שיניים קולגייט,מיליליטרים,200.00,"100 מ""ל",false,,19.90,0.0995,true,1,14843
8718951333048,false,סבון ידיים  פלמוליב,,,סבון ידיים  פלמוליב,מיליליטרים,300.00,"100 מ""ל",false,,9.90,0.0330,true,1,54216
8718951334151,false,סופלין מרכך כביסה מר,,,סופלין מרכך כביסה מר,מיליליטרים,650.00,"100 מ""ל",false,,11.90,0.0183,true,1,381541
8718951345119,false,אג'קס ניקוי כללי עוצ,,,אג'קס ניקוי כללי עוצ,ארגז,2.00,ליטר,false,,22.90,11.4500,true,1,41620
8718951381292,false,קולגייט משחת שיניים,,,קולגייט משחת שיניים,מיליליטרים,125.00,"100 מ""ל",false,,17.90,0.1432,true,1,40078
8718951382664,false,ג'ל רחצה חימר טונוס,,,ג'ל רחצה חימר טונוס,מיליליטרים,750.00,"100 מ""ל",false,,19.90,0.0265,true,1,14853
8718951382718,false,ג'ל רחצה חימר התחדשו,,,ג'ל רחצה חימר התחדשו,מיליליטרים,750.00,"100 מ""ל",false,,19.90,0.0265,true,1,14854
8718951385290,false,אג'קס ניקוי כללי עוצ,,,אג'קס ניקוי כללי עוצ,ארגז,2.00,ליטר,false,,22.90,11.4500,true,1,57115
8718951400474,false,תחליב רחצה קמליה ושק,,,תחליב רחצה קמליה ושק,מיליליטרים,750.00,"100 מ""ל",false,,19.90,0.0265,true,1,398185
8718951409798,false,קולגייט מברשת שיניים,,,קולגייט מברשת שיניים,אין,0.00,יחידה,false,,24.90,0.0000,true,1,83899
8718951428492,false,תחליב רחצה לגבר 4 ב-,,,תחליב רחצה לגבר 4 ב-,מיליליטרים,750.00,"100 מ""ל",false,,19.90,0.0265,true,1,252589
8718951428522,false,סבון רחצה לגבר 4 ב-1,,,סבון רחצה לגבר 4 ב-1,מיליליטרים,750.00,"100 מ""ל",false,,19.90,0.0265,true,1,245073
8718951431614,false,ג'ל רחצה פלמוליב So,,,ג'ל רחצה פלמוליב So,מיליליטרים,750.00,"100 מ""ל",false,,19.90,0.0265,true,1,136547
8718951433120,false,משחת שיניים קולגייט,,,משחת שיניים קולגייט,מיליליטרים,50.00,"100 מ""ל",false,,17.90,0.3580,true,1,420257
8718951443358,false,פלמוליב סבון ידיים ה,,,פלמוליב סבון ידיים ה,מיליליטרים,900.00,"100 מ""ל",false,,24.90,0.0277,true,1,84012
8718951466371,false,משחת שיניים מרידול 7,,,משחת שיניים מרידול 7,מיליליטרים,75.00,"100 מ""ל",false,,19.90,0.2653,true,1,420766
8719128117249,false,סירופ פפסי מקס סודה,,,סירופ פפסי מקס סודה,מיליליטרים,440.00,"100 מ""ל",false,,22.90,0.0520,true,1,76077
8719128117294,false,סירופ  Free סבן אפ ס,,,סירופ  Free סבן אפ ס,מיליליטרים,440.00,"100 מ""ל",false,,22.90,0.0520,true,1,76080
8719200997998,false,בלו בנד לבישול וטיגו,,,בלו בנד לבישול וטיגו,גרמים,200.00,100 גרם,false,,4.90,0.0245,true,1,6437
8719200998001,false,בלו בנד ללא מלח 200,,,בלו בנד ללא מלח 200,גרמים,200.00,100 גרם,false,,4.90,0.0245,true,1,6438
8719200998018,false,מחמאה מרגרינה בטעם ח,,,מחמאה מרגרינה בטעם ח,גרמים,200.00,100 גרם,false,,4.90,0.0245,true,1,6439
8719200998032,false,מזולה בטעם חמאה 250,,,מזולה בטעם חמאה 250,גרמים,250.00,100 גרם,false,,9.20,0.0368,true,1,6441
8719200998094,false,מזולה מרגרינה לאפייה,,,מזולה מרגרינה לאפייה,גרמים,200.00,100 גרם,false,,6.90,0.0345,true,1,6445
8719200998100,false,מזולה מרגרינה לאפייה,,,מזולה מרגרינה לאפייה,גרמים,200.00,100 גרם,false,,6.90,0.0345,true,1,6446
8720181201332,false,סבון מוצק גרגירים דא,,,סבון מוצק גרגירים דא,גרמים,400.00,100 גרם,false,,11.90,0.0298,true,1,399920
8720182253156,false,סבון מוצק  מלפפון ות,,,סבון מוצק  מלפפון ות,גרמים,400.00,100 גרם,false,,11.90,0.0298,true,1,399934
8720182256850,false,סבון מוצק לבן דאב 4*,,,סבון מוצק לבן דאב 4*,גרמים,400.00,100 גרם,false,,11.90,0.0298,true,1,399935
8721200060107,false,סטרופ וופל הולנדי 25,,,סטרופ וופל הולנדי 25,גרמים,250.00,100 גרם,false,,9.90,0.0396,true,1,412165
8723400756552,false,RAINBOW רביעית סוכרי,,,RAINBOW רביעית סוכרי,גרמים,150.00,100 גרם,false,,10.90,0.0727,true,1,1235
8801055707966,false,נס קפה טייסטרס צ'ויס,,,נס קפה טייסטרס צ'ויס,גרמים,180.00,100 גרם,false,,29.90,0.1661,true,1,13577
8801055709458,false,נסקפה קפוצ'ינו קרמל,,,נסקפה קפוצ'ינו קרמל,גרמים,170.00,100 גרם,false,,18.90,0.1112,true,1,384961
8801055709465,false,נסקפה קפוצ'ינו וניל,,,נסקפה קפוצ'ינו וניל,גרמים,185.00,100 גרם,false,,18.90,0.1022,true,1,273461
8801055709489,false,נסקפה קפוצ'ינו אגוזי,,,נסקפה קפוצ'ינו אגוזי,גרמים,185.00,100 גרם,false,,18.90,0.1022,true,1,273463
8809168840471,false,חטיף אצות מיובשות 9,,,חטיף אצות מיובשות 9,גרמים,4.50,100 גרם,false,,24.90,5.5333,true,1,306414
8850180040028,false,קמח טמפורה להכנת בלי,,,קמח טמפורה להכנת בלי,גרמים,500.00,100 גרם,false,,10.90,0.0218,true,1,431021
8850206280049,false,רוטב צ'ילי חריף צ'יל,,,רוטב צ'ילי חריף צ'יל,גרמים,250.00,100 גרם,false,,16.90,0.0676,true,1,431654
8850367992164,false,קרם קוקוס ללא גלוטן,,,קרם קוקוס ללא גלוטן,גרמים,250.00,100 גרם,false,,7.90,0.0316,true,1,306235
8850367994021,false,רוטב צ'ילי מתוק ללא,,,רוטב צ'ילי מתוק ללא,מיליליטרים,280.00,"100 מ""ל",false,,10.90,0.0389,true,1,431698
8850389103159,false,ליצי' משקה עם חתיכות,,,ליצי' משקה עם חתיכות,מיליליטרים,320.00,"100 מ""ל",false,,6.90,0.0216,true,1,271812
8850389104637,false,סאפה משקה אלוורה אפר,,,סאפה משקה אלוורה אפר,מיליליטרים,300.00,"100 מ""ל",false,,6.40,0.0213,true,1,24983
8850389105825,false,סאפה משקה אלוורה ענב,,,סאפה משקה אלוורה ענב,ארגז,1.00,ליטר,false,,13.50,13.5000,true,1,24984
8850389105832,false,סאפה משקה אלוורה תפו,,,סאפה משקה אלוורה תפו,ארגז,1.00,ליטר,false,,13.50,13.5000,true,1,24985
8850389105849,false,סאפה משקה אלוורה אפר,,,סאפה משקה אלוורה אפר,ארגז,1.00,ליטר,false,,13.50,13.5000,true,1,24986
8850389111352,false,מלון משקה עם חתיכות,,,מלון משקה עם חתיכות,מיליליטרים,320.00,"100 מ""ל",false,,6.90,0.0216,true,1,271813
8850389115336,false,סאפה משקה מלון 1ל,,,סאפה משקה מלון 1ל,ארגז,1.00,ליטר,false,,13.50,13.5000,true,1,24992
8850632604259,false,יוגטה חיספוסים מקלות,,,יוגטה חיספוסים מקלות,גרמים,50.00,100 גרם,false,,3.90,0.0780,true,1,26052
8850632604266,false,יוגטה חיספוסים מקלות,,,יוגטה חיספוסים מקלות,גרמים,50.00,100 גרם,false,,3.90,0.0780,true,1,26053
8850632604372,false,יוגטה ממתק תות שדה ב,,,יוגטה ממתק תות שדה ב,גרמים,50.00,100 גרם,false,,3.90,0.0780,true,1,26054
8850632604402,false,יוגטה ממתק תות ענבים,,,יוגטה ממתק תות ענבים,גרמים,50.00,100 גרם,false,,3.90,0.0780,true,1,26055
8851613101378,false,משקה קוקוס ארוי-די,,,משקה קוקוס ארוי-די,מיליליטרים,250.00,"100 מ""ל",false,,9.90,0.0396,true,1,1338
8858271002887,false,רוטב טריאקי MAXCHUP,,,רוטב טריאקי MAXCHUP,מיליליטרים,250.00,"100 מ""ל",false,,10.90,0.0436,true,1,431522
8858271003020,false,רוטב סויה MAXCHUP מז,,,רוטב סויה MAXCHUP מז,מיליליטרים,700.00,"100 מ""ל",false,,14.90,0.0213,true,1,29299
8858271003075,false,רוטב סויה מתוק MAXCH,,,רוטב סויה מתוק MAXCH,מיליליטרים,700.00,"100 מ""ל",false,,16.90,0.0241,true,1,431581
8858271003921,false,רוטב קארי אדום MAXCH,,,רוטב קארי אדום MAXCH,מיליליטרים,250.00,"100 מ""ל",false,,9.90,0.0396,true,1,431713
8858271004034,false,רוטב צ'ילי חריף MAXC,,,רוטב צ'ילי חריף MAXC,מיליליטרים,700.00,"100 מ""ל",false,,15.90,0.0227,true,1,431669
8858271004126,false,רוטב חמוץ מתוק MAXCH,,,רוטב חמוץ מתוק MAXCH,מיליליטרים,700.00,"100 מ""ל",false,,14.90,0.0213,true,1,431449
8858271004300,false,רוטב טריאקי MAXCHUP,,,רוטב טריאקי MAXCHUP,מיליליטרים,700.00,"100 מ""ל",false,,10.90,0.0156,true,1,431551
8858271004799,false,רוטב צ'ילי מתוק מזרח,,,רוטב צ'ילי מתוק מזרח,מיליליטרים,700.00,"100 מ""ל",false,,12.90,0.0184,true,1,306345
8858271005451,false,רוטב סויה בהיר-פורמו,,,רוטב סויה בהיר-פורמו,מיליליטרים,700.00,"100 מ""ל",false,,9.90,0.0141,true,1,431610
8858271005772,false,רוטב סויה ללא גלוטן,,,רוטב סויה ללא גלוטן,מיליליטרים,300.00,"100 מ""ל",false,,16.90,0.0563,true,1,306372
8888021200256,false,AAאנרג'ייזר סוללות מ,,,AAאנרג'ייזר סוללות מ,אין,0.00,יחידה,false,,24.90,0.0000,true,1,6739
8888021200720,false,AAAאנרג'ייזר סוללות,,,AAAאנרג'ייזר סוללות,אין,0.00,יחידה,false,,24.90,0.0000,true,1,6740
8901314532022,false,רביעיית מברשת שיניים,,,רביעיית מברשת שיניים,אין,0.00,יחידה,false,,14.90,0.0000,true,1,262348
8901537024014,false,וילי פוד אורז בסמטי,,,וילי פוד אורז בסמטי,גרמים,1000.00,100 גרם,false,,12.90,0.0129,true,1,5550
8934868127130,false,נוזל כלים סאן בניחוח,,,נוזל כלים סאן בניחוח,מיליליטרים,750.00,"100 מ""ל",false,,9.90,0.0132,true,1,76051
8934878081811,false,דפים על בסיס קמח טפי,,,דפים על בסיס קמח טפי,גרמים,400.00,100 גרם,false,,11.90,0.0298,true,1,305022
8997206332016,false,סוכר קוקוס אורגני 45,,,סוכר קוקוס אורגני 45,גרמים,454.00,100 גרם,false,,19.90,0.0438,true,1,1965
9000101380255,false,פרסיל דיסקס לכביסה ל,,,פרסיל דיסקס לכביסה ל,יח',22.00,יח',false,,34.90,1.5864,true,1,112892
9000101418163,false,ברף בניחוח מתחלף תפו,,,ברף בניחוח מתחלף תפו,גרמים,150.00,100 גרם,false,,19.90,0.1327,true,1,366269
9000101512526,false,פרסיל פאוור קאפס לכב,,,פרסיל פאוור קאפס לכב,יח',26.00,יח',false,,34.90,1.3423,true,1,365962
9000101521436,false,כדוריות לאסלה Bref,,,כדוריות לאסלה Bref,גרמים,50.00,100 גרם,false,,9.90,0.1980,true,1,130581
9000101537581,false,פרסיל פאוור קאפס קפס,,,פרסיל פאוור קאפס קפס,אין,0.00,יחידה,false,,58.90,0.0000,true,1,352257
9001616202186,false,"בקבוק תינוק 330 מ""ל",,,"בקבוק תינוק 330 מ""ל",אין,0.00,יחידה,false,,37.90,0.0000,true,1,4150
9001616702716,false,זוג מוצצים סיליקון 6,,,זוג מוצצים סיליקון 6,יח',2.00,יח',false,,38.70,19.3500,true,1,4176
9001616703232,false,מחזיק מוצץ יוניסקס,,,מחזיק מוצץ יוניסקס,אין,0.00,יחידה,false,,24.90,0.0000,true,1,33857
9002859036644,false,גונץ שוקולד עם ק. טר,,,גונץ שוקולד עם ק. טר,גרמים,100.00,100 גרם,false,,9.90,0.0990,true,1,415980
9002859037221,false,שוקולד מריר אספרסו 7,,,שוקולד מריר אספרסו 7,גרמים,100.00,100 גרם,false,,9.90,0.0990,true,1,415921
9002859050671,false,לבבות שוקולד ברשת 10,,,לבבות שוקולד ברשת 10,גרמים,100.00,100 גרם,false,,9.90,0.0990,true,1,416116
9002859050763,false,חיפושיות שוקולד ברשת,,,חיפושיות שוקולד ברשת,גרמים,100.00,100 גרם,false,,9.90,0.0990,true,1,416117
9002859053825,false,שוקולד סטיקס מריר קפ,,,שוקולד סטיקס מריר קפ,גרמים,75.00,100 גרם,false,,11.90,0.1587,true,1,416421
9002859058172,false,בננה ציפוי שוקולד מר,,,בננה ציפוי שוקולד מר,גרמים,300.00,100 גרם,false,,14.90,0.0497,true,1,416319
9002859073298,false,גונץ כדורגל שוקולד ב,,,גונץ כדורגל שוקולד ב,גרמים,100.00,100 גרם,false,,9.90,0.0990,true,1,416011
9002859105630,false,מרציפן מצופה שוקולד,,,מרציפן מצופה שוקולד,גרמים,75.00,100 גרם,false,,10.90,0.1453,true,1,416363
9002975393843,false,סוכריות גומי בטעמי פ,,,סוכריות גומי בטעמי פ,גרמים,70.00,100 גרם,false,,6.90,0.0986,true,1,74339
9005835313609,false,טבליות למדיח כלים 15,,,טבליות למדיח כלים 15,גרמים,350.00,100 גרם,false,,14.90,0.0426,true,1,269230
9044400820180,false,סוכריות פז -סוכריות,,,סוכריות פז -סוכריות,גרמים,25.50,100 גרם,false,,9.90,0.3882,true,1,127055
9044400822320,false,סוכריות פז שקית 85 ג,,,סוכריות פז שקית 85 ג,אין,0.00,יחידה,false,,13.90,0.0000,true,1,76976
9044400851672,false,פז דמויות מתחלפות 25,,,פז דמויות מתחלפות 25,גרמים,25.50,100 גרם,false,,10.90,0.4275,true,1,386735
9120025839896,false,חטיף מילקה מצונן 128,,,חטיף מילקה מצונן 128,גרמים,128.00,100 גרם,false,,14.90,0.1164,true,1,423541
9120097310583,false,חטיף שוקו בננה מיניו,,,חטיף שוקו בננה מיניו,גרמים,108.00,100 גרם,false,,14.90,0.1380,true,1,422934
9322969000039,false,פריכיות תירס עם 4 דג,,,פריכיות תירס עם 4 דג,גרמים,150.00,100 גרם,false,,11.90,0.0793,true,1,277281
9322969000046,false,פריכיות תירס אורגניו,,,פריכיות תירס אורגניו,גרמים,150.00,100 גרם,false,,11.90,0.0793,true,1,6746
9322969000053,false,פריכיות אורז מלא ריל,,,פריכיות אורז מלא ריל,גרמים,150.00,100 גרם,false,,11.90,0.0793,true,1,214315
9414202045911,false,תיק צדנית 5.5 ליטר,,,תיק צדנית 5.5 ליטר,אין,0.00,יחידה,false,,49.90,0.0000,true,1,393393
9720188050109,false,טופוטי ממרח טופו בטע,,,טופוטי ממרח טופו בטע,גרמים,225.00,100 גרם,false,,18.90,0.0840,true,1,7207
9720188060108,false,טופוטי ממרח טופו בטע,,,טופוטי ממרח טופו בטע,גרמים,340.00,100 גרם,false,,18.90,0.0556,true,1,7208
9771565038326,false,ידיעות אחרונות יום ב,,,ידיעות אחרונות יום ב,אין,0.00,יחידה,false,,0.50,0.0000,true,1,8916
9771565038333,false,ידיעות אחרונות יום ג,,,ידיעות אחרונות יום ג,אין,0.00,יחידה,false,,0.50,0.0000,true,1,8917
9771565038340,false,ידיעות אחרונות יום ד,,,ידיעות אחרונות יום ד,אין,0.00,יחידה,false,,0.50,0.0000,true,1,8918
9771565038357,false,ידיעות אחרונות יום ה,,,ידיעות אחרונות יום ה,אין,0.00,יחידה,false,,0.50,0.0000,true,1,8919
9771565051066,false,ידיעות אחרונות יום ו,,,ידיעות אחרונות יום ו,אין,0.00,יחידה,false,,12.00,0.0000,true,1,8931
