code,internal_code,name,manufacturer_name,manufacture_country,manufacturer_item_description,unit_qty,quantity,unit_of_measure,weighted,qty_in_package,price,unit_of_measure_price,allow_discount,status,item_id
18389423,false,סינטה עגל,,,סינטה עגל,קילוגרמים,1.00,"ק""ג",true,,129.00,129.0000,true,1,247215
18389430,false,סינטה עגל,,,סינטה עגל,קילוגרמים,1.00,"ק""ג",true,,129.00,129.0000,true,1,247216
18389621,false,סינטה עגל,,,סינטה עגל,קילוגרמים,1.00,"ק""ג",true,,129.00,129.0000,true,1,247217
18389638,false,סינטה עגל,,,סינטה עגל,קילוגרמים,1.00,"ק""ג",true,,129.00,129.0000,true,1,247218
32147230,false,לימונית - מיץ לימון משומר,ג'נרל מילס סאן אדריא,CH,מיץ לימון סיצילייה 2,,200.00,,false,,8.90,0.0445,true,1,206256
40084107,false,ביצת שוקולד הפתעה קינדר,קריות זול,IT,ביצת הפתעה קינדר 20ג,,20.00,,false,,6.50,0.3250,true,1,214794
40111216,false,באונטי חטיף קוקוס ושוקולד 57ג',"נארז ע""י : א.ג. גילר",NL,באונטי חטיף 57גר,,57.00,,false,,3.90,0.0684,true,1,205282
54051140,false,מעדן סויה טעם וניל אלפרו רביעיה * 125 ג',הנסיך- מפעל לייצור ט,BE,אלפרו מעדן סויה וניל,,500.00,,false,,18.90,0.0378,true,1,185121
72917367,false,טעמי חטיף במילוי קרם נוגט וקרמל,"שטראוס גרופ בע""מ",IL,טעמי 40 גרם,,40.00,100 גרם,false,,4.90,0.1225,true,1,207509
72940754,false,מעדן מילקי בטעם וניל עם קצפת,"שטראוס גרופ בע""מ",IL,מילקי וניל,,170.00,,false,,3.00,0.0176,true,1,194962
72940761,false,מעדן מילקי בטעם שוקולד עם קצפת,מיוצר עי קונדיטוריית,IL,מילקי שוקו,,170.00,,false,,3.00,0.0176,true,1,194963
72940952,false,מעדן מילקי בטעם שוקולד עם אקסטרה קצפת,"שטראוס גרופ בע""מ",IL,מילקי פי 2 קצפת,,110.00,100 גרם,false,,3.90,0.0355,true,1,194965
72941041,false,מעדן מילקי מיני בטעם שוקולד עם קצפת,"שטראוס גרופ בע""מ",IL,מיני מילקי שוקולד 70,,70.00,,false,,2.40,0.0343,true,1,194969
72945308,false,קוביות שמרים לאפיה שמרית 2*25 ג',"פאקא תעשיות בע""מ",IL,שמרית קוביות שמרים,,50.00,,false,,4.20,0.0840,true,1,194970
72961223,false,"גילה גדול 200 מ""ל",תנובה מרכז שיתופי לש,IL,"גיל 3% 200 מ""ל בדצ",,200.00,100 גרם,false,,1.51,0.0076,true,1,228357
72961506,false,יוגורט עם תות 1.5% שומן 125 ג' פרילי,מיוצר עי קונדיטוריית,IL,יוגורט עם תות 1.5% פ,,125.00,,false,,3.60,0.0288,true,1,188476
72961520,false,יוגורט עם אננס 1.5% שומן 125 ג' פרילי,מיוצר עי קונדיטוריית,IL,יוגורט עם אננס 1.5%,,125.00,100 גרם,false,,3.60,0.0288,true,1,188478
72961544,false,באדי יוגורט בטעם תות שדה 3%,מחלבת אלון תבור,IL,יוגורט בטעם תות שדה,,125.00,100 גרם,false,,3.10,0.0248,true,1,188479
72963753,false,שמנת אורגינל של פעם 27% שומן 200 ג' תנובה,תנובה מרכז שיתופי לש,IL,שמנת של פעם 27% תנוב,,200.00,100 גרם,false,,4.50,0.0225,true,1,188486
72964132,false,פרילי טבע עם גרנולה 1.5% 200מל,מיוצר עי קונדיטוריית,IL,פרילי טבעי עם גרנולה,,150.00,100 גרם,false,,5.40,0.0360,true,1,188488
72964422,false,תנובה יוגורט פרחים 4.5% 200מל,מחלבת תנובה,IL,יוגורט פרחים תנובה 4,,200.00,,false,,3.00,0.0150,true,1,188490
72986240,false,מעדן שוקו 2% שומן 125 ג' באדי,מחלבת אלון תבור,IL,באדי שוקו בדץ 125מל,,125.00,,false,,3.10,0.0248,true,1,188494
72986370,false,"גלידת בן & ג'ריס פיינטים וניל 500מ""ל",מוצרי איכות אמריקאים,IL,בן&גריס גלידה פיינטי,,420.00,100 גרם,false,,19.90,0.0474,true,1,173911
72986448,false,"גלידת בן & ג'ריס פיינטים טופי קראנץ 500מ""ל",מוצרי איכות אמריקאיי,IL,בן&גריס גלידה טופי ק,יחידה,420.00,יחידה,false,,19.90,0.0474,true,1,173913
72986455,false,"ניו יורק סופר גלידת שוקולד, חתיכות פאדג' ואגוזים",מוצרי איכות אמריקאיי,IL,בן&גריס גלידה פיינטי,,420.00,100 גרם,false,,19.90,0.0474,true,1,173914
72989425,false,"גלידת בן & ג'ריס פיינטים שוקולד בראוניז 500מ""ל",מוצרי איכות אמריקאיי,IL,בן&גריס גלידה פיינטי,יחידה,500.00,יחידה,false,,19.90,0.0398,true,1,173916
72991008,false,פסק זמן חלב מגדים 45גרם,"שטראוס גרופ בע""מ",IL,פסק זמן חלב מגדים 45,,45.00,100 גרם,false,,5.90,0.1311,true,1,207521
72991886,false,"גלידת דולצ'ה בטעם ריבת חלב עם פאדג' בן וג'ירי 500 מ""ל",מוצרי איכות אמריקאיי,IL,בן&גריס גלידה ריבת ח,,750.00,100 גרם,false,,19.90,0.0265,true,1,173917
72993637,false,מעדן חלב בטעם שוקולד 125 ג' דני,מחלבת אחיהוד,IL,דני מהדרין שוקו בודד,,125.00,100 גרם,false,,2.70,0.0216,true,1,194987
72994061,false,חטיף פסק זמן Z Good ופל מגולגל,שולן צ'יקולטה גידה ס,TR,פסק זמן to good,,36.00,,false,,5.90,0.1639,true,1,207534
80001287,false,וופל חטיף לואקר אגוז 38 גר',לואקר Loacker,AT,גרדנה אגוז 38 גרם,,38.00,,false,,4.50,0.1184,true,1,191399
80001461,false,לואקר חטיף שוקולד 38 גר',"א. לואקר קונפקט בע""מ",AT,לואקר גרדנה שוקולד 3,,38.00,,false,,4.50,0.1184,true,1,191404
80001485,false,גרדנה קוקוס 38 גר'25X יח',קריניציה ויטמינה אס,IT,לואקר גרדנה קוקוס,,38.00,,false,,4.50,0.1184,true,1,191405
80042563,false,רסק עגבניות 700 ג' (צהוב) MUTTI,"איי, בי, אינבוו",IT,רסק עגבניות 700 גרם,,700.00,,false,,13.90,0.0199,true,1,215431
80050025,false,סוכריות תפוז 16 ג' טיק טק,קריות זול,ZA,טיק טק תפוז 16גר,,16.00,100 גרם,false,,3.90,0.2437,true,1,214796
80050124,false,סוכריות מנטה 16 ג' טיק טק,קריות זול,ZA,טיק טק מנטה 16גר,,16.00,100 גרם,false,,3.90,0.2437,true,1,214797
80176800,false,"ממרח שוקולד נוטלה, 750 גר",פררו תעשיות איטליה ס,IT,ממרח אגוזי לוז נוטלה,,750.00,,false,,27.90,0.0372,true,1,214807
80177173,false,ממרח אגוזי לוז עם קקאו,נוטלה Nutella,IT,ממרח אגוזי לוז נוטלה,,350.00,,false,,14.90,0.0426,true,1,214809
80177609,false,אצבעות שוקולד קינדר Kinder ארבע יחידות,קריות זול,IT,קינדר אצבעות שוקולד,,50.00,100 גרם,false,,4.90,0.0980,true,1,214811
80177616,false,אצבעות שוקולד קינדר Kinder שמונה יחידות,קריות זול,IT,קינדר אצבעות שוקולד,,100.00,100 גרם,false,,8.90,0.0890,true,1,214812
80310891,false,ביצת הפתעה קינדר ג'וי כתום,קריות זול,ZA,קינדר ג'וי 20 גרם,,20.00,,false,,6.50,0.3250,true,1,252217
80773429,false,מסטיק מנטוס פיור פרש בבקבוק בינוני בטעם תות 60 ג',פרפטי ואן מלה הולנד,TR,מסטיק מנטוס פיור פרש,,60.00,,false,,9.90,0.1650,true,1,222959
80773443,false,מסטיק מנטוס בבקבוק מעוגל בטעם מנטה מעודנת 60 ג',פרפטי ואן מלה הולנד,TR,מסטיק מנטוס בקבוק מע,,60.00,,false,,9.90,0.1650,true,1,220809
80790990,false,מסטיק מנטוס בבקבוק מעוגל בטעם פירות -מנטה 60 ג',פרפטי ואן מלה הולנד,TR,מסטיק מנטוס בקבוק מע,,60.00,,false,,9.90,0.1650,true,1,220810
80850885,false,מסטיק מנטוס -מנטוס וויט מנטה עדינה,"אינסטנטה בע""מ",TR,מנטוס וויט מנטה עדינ,,60.00,100 גרם,false,,9.90,0.1650,true,1,191433
80864059,false,וופל גרדנה עם קרם חמאת בוטנים בציפוי שוקולד חלב,לואקר Loacker,AT,גרדנה חטיף חמאת בוטנ,,38.00,100 גרם,false,,4.50,0.1184,true,1,251348
80864295,false,סוכריות פיור וויט טעם מנטה עדינה 60 ג' מנטוס,פרפטי ואן מלה הולנד,TR,גומי לעיסה ללא סוכר,,60.00,,false,,9.90,0.1650,true,1,248817
80896081,false,מסטיק מנטוס פיור פרש בבקבוק בינוני בטעם אבטיח 60 ג',פרפטי ואן מלה הולנד,TR,מנטוס מסטיק פיור פרש,,60.00,100 גרם,false,,9.90,0.1650,true,1,223782
80913467,false,מסטיק מנטו בבקבוק מעוגל בטעם מנטה 60 ג',פרפטי ואן מלה הולנד,TR,מסטיק מנטוס בבקבוק מ,,60.00,,false,,9.90,0.1650,true,1,220811
80936848,false,סוכריות טיק טק תות שדה 24 יח',קדבורי,ZA,טיק טק בטעם תות שדה,,16.00,,false,,3.90,0.2437,true,1,214817
80945468,false,סוכריות פיור וויט טעם מנטה מתוקה 60 ג' מנטוס,פרפטי ואן מלה הולנד,TR,מנטוס גומי לעיסה ללא,,60.00,,false,,9.90,0.1650,true,1,248818
80957706,false,מסטיק pure white XXL -מנטה 150 גרם,פרפטי ואן מלה ברדה,TR,מנטוס מסטיק פיור ווי,יחידה,0.00,יחידה,false,,18.50,0.0000,true,1,251434
80979128,false,מסטיק מנטוס פיור בטעם דובדבן 60 ג',פרפטי ואן מלה הולנד,TR,מסטיק מנטוס פיור פרש,,60.00,100 גרם,false,,9.90,0.1650,true,1,248341
80982470,false,מסטיק מנטוס פיור פרוסט בטעם מנטה חזק 60 גר',פרפטי ואן מלה ברדה,TR,מנטוס מסטיק פיור פרו,,60.00,,false,,9.90,0.1650,true,1,247478
80986348,false,סוכריות פיור וויט טעם מנטה 60 ג' מנטוס,פרפטי ואן מלה הולנד,TR,גומי לעיסה ללא סוכר,,60.00,,false,,9.90,0.1650,true,1,248816
80995128,false,מנטוס - מסטיק בטעם הדרים בתוספת ויטמינים 60 גרם,פרפטי ואן מלה הולנד,TR,מנטוס מסטיק בטעם הדר,,60.00,100 גרם,false,,9.90,0.1650,true,1,252393
87108538,false,סוכריות מנטוס Mentos תות שדה,הדקלאים אגודת שיתופי,NL,מנטוס תות בגליל בודד,,37.50,100 גרם,false,,3.90,0.1040,true,1,191453
87108651,false,מארז סוכריות מנטוס Mentos מנטה,הדקלאים אגודת שיתופי,NL,סוכריות מנטוס מנטה ר,,37.50,100 גרם,false,,12.90,0.3440,true,1,191454
87108712,false,מארז סוכריות מנטוס Mentos פירות,פרפטי ואן מלה ברדה,NL,סוכריות מנטוס רביעיי,,37.50,100 גרם,false,,12.90,0.3440,true,1,191455
90087974,false,"חומץ תפוחים 5% 750 מ""ל",ראוך פרוכטסאפה,,חומץ תפוחים 5% 750מל,,750.00,,false,,13.90,0.0185,true,1,174593
96137130,false,"דאו' רול און אנטי פרספירנט אגס ואלוורה 50 מ""ל",יוניליוור,TR,"דאב רולאון אגס 50 מ""",,50.00,,false,,14.90,0.2980,true,1,225360
8112100298,false,שמן שומשום טהור לא מ,Flavor full foods in,,שמן שומשום טהור 185מ,,185.00,,false,,14.90,0.0805,true,1,204680
9800800056,false,חטיף שוקולד עם מקלות לחם אנד גו,נוטלה Nutella,DE,נוטלה&גו חטיף 52גר,,52.00,,false,,6.50,0.1250,true,1,214819
11210000094,false,"רוטב ""טבסקו"" על בסיס פלפל אדום 60 מ""ל",מקאילהייני אייבורי,US,טבסקו אדום 60מל,,60.00,100 גרם,false,,10.90,0.1817,true,1,218151
11210006508,false,"רוטב טבסקו הברנו 60 מ""ל",מקאילהייני Mc.Ilhenn,US,טבסקו הבנרו אקסטרא ח,,60.00,,false,,15.90,0.2650,true,1,221775
11210009387,false,"רוטב ""טבסקו"" על בסיס פלפל ירוק חריף 60 מ""ל",מקאילהייני אייבורי,US,טבסקו ירוק 60מל,,60.00,,false,,10.90,0.1817,true,1,218153
16000185517,false,דגני בוקר פייבר וואן עתירי סובין FIBRE1,בטר אנד דיפרנט,US,*מבצע* פייבר וואן דג,,555.00,100 גרם,false,,20.00,0.0360,true,1,250357
16000548404,false,ניטשר ואלי חטיף קראנצי גרנולה שיבולת שועל 210 ג',ג'נרל מילס סאן אדריא,ES,ניטשר וואלי חטיף קרא,,210.00,100 גרם,false,,21.90,0.1043,true,1,191488
18000701223,false,תערובת להכנת עוגה בטעם שוקולד,הדקלאים אגודת שיתופי,IL,תערובת עוגת שוקולד פ,,550.00,100 גרם,false,,19.50,0.0355,true,1,191496
18000703494,false,תערובת עוגת וניל פיסברי 500 גר',הדקלאים אגודת שיתופי,IL,פילסברי עוגה בטעם ונ,,500.00,100 גרם,false,,19.50,0.0390,true,1,191497
18000703517,false,תערובת עוגת שיש פילסברי 500 גר',הדקלאים אגודת שיתופי,IL,תערובת עוגת שיש 550ג,,550.00,100 גרם,false,,19.50,0.0355,true,1,191498
21000052387,false,רוטב ברביקיו קראפט ד,,,רוטב ברביקיו דבש מתו,,510.00,,false,,10.00,0.0196,true,1,235763
25675301153,false,סאוור סטיקס Sour Sticks בטעם אוכמניות,פשקז Paskesz,NL,מקלות חמוצים פטל 50,,50.00,100 גרם,false,,5.90,0.1180,true,1,233160
25675301184,false,פשקס - חמצוצים מקלות קולה 50 גרם,פשקז Paskesz,NL,מקלות חמוצים קולה 50,,50.00,100 גרם,false,,5.90,0.1180,true,1,198888
29424000854,false,גלילי וופל מנעמים שו,,,גלילי וופל מנעמים שו,,100.00,100 גרם,false,,5.90,0.0590,true,1,190354
34000470563,false,ריסז מיניס פאוצ'215גרם,,,ריסז מיניס פאוצ 215ג,,215.00,100 גרם,false,,19.90,0.0926,true,1,251438
37600207188,false,חמאת בוטנים סקיפי קלאסי 462 גר',חברת המזון אלגוד,US,חמאת בוטנים קלאסי סק,,462.00,,false,,24.90,0.0539,true,1,178973
37600207256,false,חמאת בוטנים סקיפי עם שברי בוטנים 462 גר',חברת המזון אלגוד,US,חמאת בוטנים עם שברי,,462.00,100 גרם,false,,24.90,0.0539,true,1,178974
38000138638,false,חטיף צ'יפס בטעם פיצה,פרינגלס מנופקצורינג,US,פרינגלס פיצה 158גר,,158.00,100 גרם,false,,10.90,0.0690,true,1,219786
38000197840,false,פרינגלס גלי בטעם חריף מתוק 137 ג',פרינגלס מניופקצ'ורינ,US,פרינגלס גלי בטעם חרי,,137.00,100 גרם,false,,10.90,0.0796,true,1,245974
38000202278,false,חטיף צ'יפס גלי בטעם אורגינל מלוח,פרינגלס מניופקצ'ורינ,US,פרינגלס גלי בטעם אור,,130.00,100 גרם,false,,10.90,0.0838,true,1,245981
38000232152,false,פרינגלס ברביקיו 158 גרם – חדש,פרינגלס מניופקצ'ורינ,US,פרינגלס ביג ברביקיו,,158.00,,false,,10.90,0.0690,true,1,243182
38000232176,false,חטיף צ'יפס שמנת חמוצה ובצל,פרינגלס מניופקצ'ורינ,US,פרינגלס ביג שמנת ובצ,,149.00,,false,,10.90,0.0732,true,1,243181
38000232183,false,פרינגלס אורגינל 149 גרם,פרינגלס מניופקצ'ורינ,US,פרינגלס ביג אורגינל,,149.00,,false,,10.90,0.0732,true,1,243180
41390010309,false,רוטב קיקומן טריאקי 4,ראקוטו קאסיי,,רוטב טריאקי קיקומן 4,,444.00,,false,,29.90,0.0673,true,1,179005
41500013183,false,רוטב וורצ'סטר פרנצס,,,רוטב וורצ'סטר פרנצס,,443.00,,false,,24.90,0.0562,true,1,251175
42400108153,false,דגני בוקר צבעוניים בטעם פירות טוטי פרוטיס,פוסט Post,US,דגני פוסט טוטי פרוטי,,354.00,100 גרם,false,,22.90,0.0647,true,1,246882
46214731552,false,עוגיות שוקולד ציפס מובחרות 225 ג',קריניציה ויטמינה אס,NL,מרבה עוגיות 37% שוקו,,225.00,,false,,11.90,0.0529,true,1,185142
50000100347,false,"פריסקיז - מעדני החתול מועשר בחלב 1.40 ק""ג",נסטלה פורינה USA מק,US,פריסקיז מעדני החתול,קילוגרמים,1.40,"ק""ג",false,,39.90,28.5000,true,1,175920
50000168583,false,"פריסקיז אקסטרא קראנץ 1.43 ק""ג",פורינה,US,פריסקיז אקסטרא קראנץ,,1430.00,100 גרם,false,,39.90,0.0279,true,1,247487
54881000062,false,תה שחור לימונית וקמומי 20 שקיות AHMAD TEA,תה אחמד Ahmad tea,,תה אנגלי שחור לימוני,יחידה,0.00,יחידה,false,,9.90,0.0000,true,1,225318
54881000109,false,תה דומדמניות שחורות,תה אחמד Ahmad tea,,תה אנגלי עם ענבי שוע,יחידה,0.00,יחידה,false,,9.90,0.0000,true,1,225326
54881003995,false,תה שחור 4 סוגי פירות,תה אחמד Ahmad tea,,תה פירות אנגלי 20שק,יחידה,0.00,יחידה,false,,9.90,0.0000,true,1,225314
54881004787,false,תה אהמאד ירוק 100יח',Sunshine tea (pvt) l,,תה ירוק אחמד 100יח,יחידה,0.00,יחידה,false,,15.90,0.0000,true,1,174614
54881005654,false,תה אהמאד ירוק יסמין מארז 2X20ג',תה אחמד Ahmad tea,,תה אנגלי ירוק יסמין,יחידה,0.00,יחידה,false,,9.90,0.0000,true,1,225328
54881006996,false,תה שחור בטעם אפרסק ופסיפלורה,תה אחמד Ahmad tea,,תה אנגלי אפרסק ופסיפ,יחידה,0.00,יחידה,false,,9.90,0.0000,true,1,225322
54881007108,false,תה אהמאד שחור דומדמניות מארז 2X20ג',תה אחמד Ahmad tea,,תה אנגלי שחור דומדמנ,יחידה,0.00,יחידה,false,,9.90,0.0000,true,1,225316
54881007511,false,תה ירוק בטעם מנטה 20 שקיות AHMAD TEA,תה אחמד Ahmad tea,,תה אנגלי ירוק בטעם מ,יחידה,0.00,יחידה,false,,9.90,0.0000,true,1,225329
54881007535,false,תה ירוק בטעם לימון 20 שקיות AHMAD TEA,תה אחמד Ahmad tea,,תה אנגלי ירוק בטעם ל,יחידה,0.00,יחידה,false,,9.90,0.0000,true,1,225330
54881008167,false,תה אינגליש ברקפסט 100 שקיות AHMAD TEA,תה אחמד Ahmad tea,,תה אינגליש ברק אחמד,,200.00,100 גרם,false,,15.90,0.0795,true,1,174620
54881008174,false,תה ארל גריי 100 שקיות AHMAD TEA,תה אחמד Ahmad tea,,תה ארל גריי אחמד 100,יחידה,0.00,יחידה,false,,15.90,0.0000,true,1,174621
54881008181,false,תה אינגליש 100 שקיות AHMAD TEA,תה אחמד Ahmad tea,,תה אינגליש אחמד 100י,,0.00,100 גרם,false,,15.90,0.0000,true,1,174622
54881008945,false,תה ירוק 20 שקיות AHMAD TEA,תה אחמד Ahmad tea,,תה אנגלי ירוק 20שק,יחידה,0.00,יחידה,false,,9.90,0.0000,true,1,225331
73490130359,false,אפיפית קרם קרקר 250 ג,אפיפית נצרת,IL,קרם קרקר 250גר,,250.00,,false,,6.90,0.0276,true,1,201734
73490130946,false,ביסקוויט פתיבר 500 ג,אפיפית נצרת,IL,פתי בר וניל 500 גרם,,500.00,,false,,8.90,0.0178,true,1,201735
73490130953,false,פתי בר ביסקוויט בטעם שוקו,אפיפית נצרת,IL,פתי בר שוקו 500 גרם,,500.00,100 גרם,false,,8.90,0.0178,true,1,201736
76840002542,false,"גלידת בן & ג'ריס פיינט נטפליקס וצ'ילד 500מ""ל",מוצרי איכות אמריקאים,IL,בן&גריס גלידה פיינט,יחידה,0.00,יחידה,false,,19.90,0.0000,true,1,244422
76840100156,false,"גלידה צרי גרסיה בן וג'ירי 500 מ""ל",מוצרי איכות אמריקאיי,IL,גלידת בן אנד ג'ריס ד,,473.00,100 גרם,false,,19.90,0.0421,true,1,247316
76840100583,false,"גלידת וניל עם בצק עוגיות בן וג'ירי 473 מ""ל",מוצרי איכות אמריקאיי,IL,בן&גריס גלידה וניל+ב,,473.00,,false,,19.90,0.0421,true,1,173930
77245110610,false,סוכריות מאסט ללא סוכר בטעם מנטה 80 ג'עלית,MIESZKO S.A - MS. JO,IL,מאסט סוכריות ללא סוכ,,80.00,,false,,8.90,0.1113,true,1,207553
77343000233,false,נרות חימום אורה 50,קריות זול,IL,להבונים 50יח,יחידה,0.00,יחידה,false,,9.90,0.0000,true,1,173360
77975094631,false,סנדביץ בייגלה במילוי קרם בטעם צ'דר 226 גרם סניידרס,סניידרס Snyder's,,סניידרס צ'דר סנדוויץ,,266.00,,false,,16.90,0.0635,true,1,245506
77975094761,false,שברי בייגלה בטעם צ'דר 340 גרם סניידרס,סניידרס Snyder's,US,שברי בייגל בטעם גבינ,,340.00,100 גרם,false,,16.90,0.0497,true,1,247258
80432402931,false,"שיבאס וויסקי ריגאל 12 שנה 700 מ""ל",מזקקת האחים שיבאס,GB,*מבצע* וויסקי שיבאס,,700.00,,false,,109.90,0.1570,true,1,172802
80518532743,false,שקית בלון 50 בלונים,NORTHERN,,בלוני גומי רמה 3,יחידה,0.00,יחידה,false,,11.90,0.0000,true,1,186369
628154383659,false,דגני בוקר פרוטי פבלס 311 ג' POST,פוסט לקיוויל,PL,דגני פוסט פרוטי פבלס,,311.00,100 גרם,false,,22.90,0.0736,true,1,251161
645173911038,false,קורנישון מלפפוןן מיני 720 גרם - תומר,קלמן אינדיה,,קורנישון מיני 720גר,,720.00,,false,,11.90,0.0165,true,1,174632
693493084949,false,שמן קנולה מזוכך oro 1ליטר.,קובנסקי אלווטו,RU,שמן קנולה מזוכך 1 לי,,1000.00,,false,,10.90,0.0109,true,1,250077
768404001640,false,"גלידה בן&ג'ריס קפה משפחתית 500מ""ל",מוצרי איכות אמריקאיי,IL,גלידת בן אנד ג'רי בט,,473.00,,false,,19.90,0.0421,true,1,173952
835811005728,false,עלים לקרמשניט 400 גר`,רונית מאפים בעמ,IL,עלים לקרמשניט 2*200ג,,300.00,100 גרם,false,,19.90,0.0663,true,1,191046
835811006497,false,אבקת סוכר הנמל 500גר,ר.ס. חברה ליבוא ויצו,IL,אבקת סוכר הנמל 500גר,,500.00,100 גרם,false,,6.90,0.0138,true,1,228422
835811006695,false,קוקטים לאפייה 20 יח` 5.50 OZ,הנמל,,קוקטים לאפייה 20יח,,20.00,,false,,9.90,0.4950,true,1,191085
839762000641,false,משקה איילנד מנגו נקטר 1 ל',"פאראגאלה,דה אג'יפשן",EG,איילנד מנגו 1 ליטר,,1000.00,100 גרם,false,,13.90,0.0139,true,1,172815
839762000658,false,משקה נקטר איילנד גויאבה 1 ל',The Egyptian Co. for,EG,איילנד גויאבה המשקה,,1000.00,,false,,13.90,0.0139,true,1,172816
856591000055,false,עוגיות מזרחיות קריספי שרוף במיוחד,עבאדי,IL,עוגיות עבאדי מזרחיות,,400.00,100 גרם,false,,19.90,0.0497,true,1,190369
856591000062,false,עוגיות מזרחיות מלח 400 ג' עבאדי,מאפיית יוסף ושמחה עב,IL,עוגיות עבאדי מזרחיות,,400.00,100 גרם,false,,19.90,0.0497,true,1,190370
856591000109,false,עבאדי עוגיות מזרחיות פריכות 400ג',מאפיית יוסף ושמחה עב,IL,עוגיות עבאדי עוגיות,,400.00,,false,,19.90,0.0497,true,1,190374
856591000512,false,עוגיות עבאדי מיני מזרחי מקלות 400ג',מאפיית יוסף ושמחה עב,IL,עוגיות מזרחיות מקלות,,400.00,,false,,19.90,0.0497,true,1,190388
884912126115,false,פוסט גרייט גריינט דייטס 453 גר',הנסיך- מפעל לייצור ט,US,דגני פוסט גרייט גריי,,453.00,,false,,25.90,0.0572,true,1,202804
884912129512,false,פוסט קוקו פבלס דגני בוקר 311 גרם,פוסט לקיוויל,US,דגני פוסט קוקו פבלס,,311.00,100 גרם,false,,22.90,0.0736,true,1,202805
884912359414,false,דגני בוקר האני באנצס קינמון 340 ג' POST,פוסט לקיוויל,US,דגני פוסט האני בנצ'ס,,340.00,,false,,23.90,0.0703,true,1,251156
884912359421,false,דגני בוקר האני באנצס פקאן ומייפל 340 ג' POST,פוסט לקיוויל,US,דגני פוסט האני בנצ'ס,,340.00,,false,,23.90,0.0703,true,1,251157
884912359483,false,דגני בוקר האני באנצס תות 312 ג' POST,,,דגני פוסט האני בנצ'ס,,312.00,100 גרם,false,,23.90,0.0766,true,1,251158
884912365200,false,דגני בוקר אוראו הדור הבא 311 ג',פוסט לקיוויל,US,דגני בוקר אוראו 311,,311.00,100 גרם,false,,19.90,0.0640,true,1,252095
884912365217,false,דגני בוקר אוראו הדור הבא 311 ג',פוסט,US,דגני בוקר אוראו 311,,311.00,100 גרם,false,,19.90,0.0640,true,1,247261
884912377142,false,דגני בוקר האני באנצס וניל 340 ג' POST,פוסט לקיוויל,US,דגני פוסט האני בנצ'ס,,340.00,,false,,23.90,0.0703,true,1,251159
887930413397,false,סוללות קודאק זוג AAA,,,סוללות קודאק זוג AAA,יחידה,0.00,יחידה,false,,5.90,0.0000,true,1,250368
887930951998,false,סוללות קודאק 4יח AAA,,,סוללות קודאק 4יח AAA,יחידה,0.00,יחידה,false,,7.90,0.0000,true,1,222311
3014260228842,false,"ג'ילט קצף גילוח רגיל - 200 מ""ל",מולינו ניקולי s.p.a,GB,גילט קצף גילוח רגיל,,200.00,,false,,13.90,0.0695,true,1,202962
3014260240226,false,"ג'ילט קצף גילוח רגיש - 200 מ""ל",פרוקטר אנד גמבל,GB,גילט קצף גילוח לעור,,200.00,100 גרם,false,,13.90,0.0695,true,1,202963
3014260262709,false,סכיני גילוח לאישה 3 להבים,ג'ילט ונוס Gillette Venus,DE,וונוס סכיני גילוח 4י,יחידה,0.00,יחידה,false,,39.90,0.0000,true,1,207358
3014260287030,false,גילט בלו ח.פעמי חמישייה,פרוקטר אנד גמבל,MD,חמישיית סכיני גילוח,יחידה,0.00,יחידה,false,,9.90,0.0000,true,1,207359
3014260289287,false,סכיני גילוח לאישה בלו 2 Blue,פרוקטר אנד גמבל,RU,גילט בלו סכיני גילוח,יחידה,0.00,יחידה,false,,9.90,0.0000,true,1,202987
3046920028363,false,שוקולד מריר אקסלנס 85%,לינדט ושפרונגלי,FR,85% שוקולד לינדט אקל,,100.00,,false,,15.90,0.1590,true,1,190764
3059943015104,false,מבשם אוויר נטול גז אקווה מיסט בניחוח פריסיה ויסמין,איירוויק Air Wick,PL,איירויק נטול גז פריס,,345.00,100 גרם,false,,14.90,0.0432,true,1,199359
3059943015128,false,מבשם אוויר נטול גז אקווה מיסט בניחוח לבנדר פראי ואוויר הרים,הדקלאים אגודת שיתופי,PL,איירוויק ספריי נטול,,345.00,,false,,14.90,0.0432,true,1,199360
3059943016507,false,"אירוויק ספריי בניחוח לבנדר וקמומיל 240 מ""ל",איירוויק Air Wick,GB,איירוויק ספריי לבנדר,,240.00,,false,,9.90,0.0413,true,1,199361
3073781162790,false,גבינת בייבי בל אדם 1,מחלבות בל,FR,בייבי בל 120 גרם,,120.00,100 גרם,false,,21.90,0.1825,true,1,253324
3161911229199,false,אלוויר חמאה רכה 250ג,אלל אה וויר,FR,אלוויר חמאה רכה 250ג,,250.00,,false,,21.90,0.0876,true,1,200999
3161911366429,false,חמאה רכה מלוחה אלווי,ארזינא,FR,אלוויר חמאה רכה מלוח,,250.00,100 גרם,false,,21.90,0.0876,true,1,238900
3178530407938,false,עוגיות מיני מדלן עם פצפוצי שוקולד,סן מישל St Michel,FR,מיני מדלן עם פיצפוצי,,175.00,,false,,12.90,0.0737,true,1,223818
3387390525960,false,קראנץ' Crunch דגנים פריכים עם שוקולד,הנסיך- מפעל לייצור ט,FR,דגני קראנץ' נסטלה 50,,500.00,100 גרם,false,,26.90,0.0538,true,1,175951
3523230025638,false,גבינת עיזים מיני בוש,אוריאל,FR,גבינת עיזים מיני בוש,,125.00,100 גרם,false,,24.90,0.1992,true,1,253318
3574660389128,false,"שטיפת ליסטרין 500 מ""ל קוול מנת",,,ליסטרין מי פה קול מי,,500.00,,false,,19.90,0.0398,true,1,252311
3574660389142,false,"ליסטרין מי פה ירוק פרש בורסט 500 מ""ל",,,ליסטרין מי פה פרש יר,,500.00,100 גרם,false,,19.90,0.0398,true,1,252312
3574660415506,false,"ליסטרין טוטאל קר סגול 500 מ""ל",,,ליסטרין טוטאל קייר ס,,500.00,,false,,19.90,0.0398,true,1,252314
3574661401140,false,"מי פה ליסטרין נייטלי ריסט 400 מ""ל",,,"מי פה ליסטרין 400 מ""",,400.00,,false,,19.90,0.0497,true,1,230272
3574661487625,false,מגני תחתון פלוס לארג' בניחוח עדין L,הדקלאים אגודת שיתופי,IT,קרפרי תחתוניות מקסי,יחידה,0.00,יחידה,false,,14.90,0.0000,true,1,235230
3574661491721,false,"ליסטרין - מי פה הלבנה 500 מ""ל",,,ליסטרין מי פה לבן,,500.00,,false,,19.90,0.0398,true,1,252313
3574661500355,false,קרפרי מגן תחתון מקסי לונג רגיל 40 יח',ג'ויה מעבדות לקוסמטי,IT,קרפרי תחתוניות לונג,יחידה,0.00,יחידה,false,,14.90,0.0000,true,1,235231
3574661552576,false,קרפרי מגן תחתון רגיל טנגה לבן 56 יח חדש,הדקלאים אגודת שיתופי,IT,קרפרי מגן תחתון רגיל,,56.00,,false,,14.90,0.2661,true,1,244539
3574661552811,false,קרפרי כותון אוורירי 56 יח',הדקלאים אגודת שיתופי,GR,קרפרי כותון אוורירי,יחידה,0.00,יחידה,false,,14.90,0.0000,true,1,244537
3607343817547,false,"אדידס - דאודורנט ספריי לגבר קליימקול 150 מ""ל",קולפ,PT,אדידס דאודורנט ספריי,,150.00,100 גרם,false,,13.90,0.0927,true,1,248392
3608580075646,false,קונפיטורת שזיפים בון,,FR,קונפיטורה שזיפים 370,,370.00,100 גרם,false,,19.90,0.0538,true,1,251171
3614223736003,false,"אדידס - דאודורנט ספריי לגבר אדיפיור 150 מ""ל",איגפק אס.איי,PT,אדידס דאודורנט ספריי,,150.00,,false,,13.90,0.0927,true,1,248394
3800016701239,false,פלפל סבא פפרוני 580,,,פלפל סבא פפרוני 580,,580.00,,false,,9.90,0.0171,true,1,205296
3800020403631,false,חטיף שוקולד צאנקי חמאת בוטנים 42ג' קיט קט,נסטלה בולגריה A.D.,BG,קיט קט צ'אנקי חמאת ב,,42.00,,false,,4.90,0.1167,true,1,216137
3800020423578,false,חטיף שוקולד חלב צאנקי 40 ג' קיט קט,נסטלה Nestle,BG,קיט קאט צאנקי 40 גרם,,40.00,100 גרם,false,,4.90,0.1225,true,1,216139
3800020472569,false,קיט קט צ'אנקי קרמל 43.5ג,,,קיט קט צ'אנקי קרמל 4,,43.50,100 גרם,false,,4.90,0.1126,true,1,252185
3838824127200,false,צבע לשיער פלטה - 3-0 חום כהה,שוורצקוף Schwarzkopf,DE,פאלטה-צבע לשיער חום,יחידה,0.00,יחידה,false,,19.90,0.0000,true,1,224547
3838824127224,false,פלטה סמי קיט חום בינוני 4-0 צבע שיער,שוורצקוף Schwarzkopf,DE,פאלטה-צבע לשיער חום,יחידה,0.00,יחידה,false,,19.90,0.0000,true,1,224548
3838824127248,false,פלטה סמי קיט חום בהיר 5-0 צבע שיער,שוורצקוף Schwarzkopf,DE,פאלטה-צבע לשיער חום,יחידה,0.00,יחידה,false,,19.90,0.0000,true,1,224549
3838824127507,false,פלטה סמי קיט חום קטיפתי 4-60 צבע שיער,שוורצקוף Schwarzkopf,DE,פאלטה-צבע לשיער חום,יחידה,0.00,יחידה,false,,19.90,0.0000,true,1,189952
3838824127583,false,צבע לשיער פלטה - 6-88 אדום בוער,שוורצקוף Schwarzkopf,DE,פאלטה-צבע לשיער אדום,יחידה,0.00,יחידה,false,,19.90,0.0000,true,1,189954
3838824240275,false,פאלטה סמי קיט 6-65 נוגט,הנקל סוד,DE,פאלטה-צבע לשיער נוגט,יחידה,0.00,יחידה,false,,19.90,0.0000,true,1,189972
3838824276007,false,פלטה סמי קיט 9-0 בלונד בהיר מאוד,הנקל סוד,DE,פאלטה-צבע לשיער בלונ,יחידה,0.00,יחידה,false,,19.90,0.0000,true,1,224553
3838824381022,false,צבעי שיער חום שוקולד כהה 3-65 סמי קיט פאלטה,,,פאלטה-צבע לשיער סמי,יחידה,0.00,יחידה,false,,19.90,0.0000,true,1,248853
4000415111908,false,שוקולד שוגטן 100 גר,,,שוגטן גלידה 100 ג,,100.00,100 גרם,false,,6.90,0.0690,true,1,231186
4000417211002,false,שוקולד ריטר ספורט מוס קרמל 100 גרם חלב נוכרי,ריטר ספורט Ritter sport,DE,שוקולד חלב מעולה ממו,,100.00,100 גרם,false,,8.90,0.0890,true,1,191568
4000417212009,false,שוקולד ריטר ספורט מריר תפוז שקד 100 ג' חלב נוכרי,ריטר ספורט Ritter sport,,שוקולד ריטר ספורט מר,,100.00,100 גרם,false,,8.90,0.0890,true,1,226395
4000417222008,false,שוקולד ריטר ספורט חלב+שברי אגוזים 100 גרם חלב נוכרי,ריטר ספורט Ritter sport,DE,ריטר ספורט שוקולד חל,,100.00,,false,,8.90,0.0890,true,1,191571
4000522009747,false,"בייגלה צ'יו מקלות תפו""א 80 גר'",טרופיקל דגיל תעשיות,HU,ציו חטיף תפוחי אדמה,,80.00,100 גרם,false,,4.90,0.0613,true,1,202820
4000522061752,false,בייגלה צ'יו מקלות מלוחים 100 גרם,צ'יו Chio,,בייגלה צ'יו מקלות 10,,100.00,,false,,4.90,0.0490,true,1,202822
4000869032569,false,הפי פרש מטהר אוויר 150 ג',רלוי,,הפי פרש מבשם ומטהר א,,150.00,100 גרם,false,,8.90,0.0593,true,1,183453
4001683011525,false,אובה פרו קומפורט מינ,,,אובה פרו קומפורט מינ,,32.00,,false,,19.90,0.6219,true,1,235123
4002448017684,false,"סיליט באנג ספריי רב שימושי כתום 750 מ""ל",הדקלאים אגודת שיתופי,PL,סיליט באנג ספריי רב,,750.00,,false,,12.90,0.0172,true,1,199374
4002448019480,false,"סיליט באנג ספריי מסיר שומנים 750 מ""ל",סיליט באנג Cillit Bang,PL,סיליט באנג ספריי מסי,,750.00,100 גרם,false,,12.90,0.0172,true,1,199376
4002590000022,false,סוכריות קלפני פירות יער אוכמניות 150 ג',קלפני Kalfany,DE,סוכריות קלפני פירות,,150.00,,false,,10.90,0.0727,true,1,191588
4002631025069,false,בירה גרמנית קוניגסבכר Konigsbacher,קרלסברג יבוא יצוא,DE,בירה קוניגסבכר פחית,,500.00,100 גרם,false,,5.90,0.0118,true,1,221774
4003754081000,false,חטיף מרציפן קארסטנס,Erasmi & Carstens Gm,DE,מרציפן 100גר,,100.00,,false,,8.90,0.0890,true,1,194807
4003754092006,false,סרגל מרציפן מצופה 12,,,סרגל מרציפן מצופה 12,,125.00,,false,,11.90,0.0952,true,1,253255
4004715020755,false,קישוטי עוגה פרינס אנד פרינסס 75 ג',היינץ צפון אמריקה מק,DE,פרינס אנד פרינסס קיש,,75.00,100 גרם,false,,14.90,0.1987,true,1,191603
4005808366392,false,שפתון כחול בליסטר לבלו,טרופיקל דגיל תעשיות,DE,שפתון לבלו כחול בליס,יחידה,0.00,יחידה,false,,10.00,0.0000,true,1,218225
4005808368280,false,לבלו דובדבן בליסטר שפתון,טרופיקל דגיל תעשיות,DE,שפתון לבלו פירות בטע,יחידה,0.00,יחידה,false,,10.00,0.0000,true,1,218226
4005808698103,false,ניוואה תחליב גוף משאבה 500מל,בטר אנד דיפרנט,ES,ניוואה תחליב גוף סמו,,500.00,,false,,19.90,0.0398,true,1,246456
4005808817405,false,"ניוואה גל גילוח רגיש 200 מ""ל",פרוטרופיק סיה.,DE,ניוואה ג'ל גילוח לעו,,200.00,,false,,17.90,0.0895,true,1,234469
4005808890576,false,"ניוואה קרם ידיים סופט, 75 מ""ל",ניוואה Nivea,DE,ניוואה קרם ידיים שפו,יחידה,0.00,יחידה,false,,11.90,0.0000,true,1,218242
4005900036483,false,"ניוואה - דאודורנט ספריי לגבר שקוף בלק וווי 150 מ""ל",בטר אנד דיפרנט,DE,ניוואה דאו ספריי שקו,,150.00,,false,,14.90,0.0993,true,1,218245
4005900036506,false,"ניוואה - דאודורנט רול און לגבר שקוף בלק 50 מ""ל",טרופיקל דגיל תעשיות,DE,ניוואה דאו רול און ש,,50.00,,false,,12.90,0.2580,true,1,218246
4005900138842,false,"ניוואה - תחליב רחצה סמוט 750 מ""ל",NIVEA,DE,ניוואה תחליב רחצה סמ,,750.00,,false,,14.90,0.0199,true,1,248245
4005900555915,false,"ניוואה - תחליב רחצה קוקוס וחוחובה 750 מ""ל",ביירסדורף AG,DE,ניוואה תחליב רחצה קו,,750.00,,false,,14.90,0.0199,true,1,244682
4005900633125,false,"ניוואה - דאודורנט ספריי לגבר דיפ אספרסו 150 מ""ל",,,ניוואה מן דאו ספריי,,150.00,,false,,14.90,0.0993,true,1,251196
4005900648181,false,"ניוואה - תחליב רחצה אלוורה 750 מ""ל",ביירסדורף AG,DE,ניוואה תחליב רחצה אל,,750.00,,false,,14.90,0.0199,true,1,248244
4005900828088,false,"ניוואה - דאודורנט רול און לגבר פרש 50 מ""ל",טרופיקל דגיל תעשיות,DE,ניוואה דאו רול און פ,,50.00,,false,,12.90,0.2580,true,1,218254
4005900978974,false,לבלו - סופט רוז שפתון לחות מטפח מהדורת נסיכות דיסני,,,לבלו סופט רוז שפתון,יחידה,0.00,יחידה,false,,10.00,0.0000,true,1,252709
4006529002170,false,עוגיות גולד רינג 400,,,עוגיות גולד רינג 400,,400.00,100 גרם,false,,8.90,0.0223,true,1,173600
4008102002867,false,מילפורד תה גרגרים בטעם לימון 400גר',מילפורד Milford,DE,גרגרי להכנת משקה בטע,,400.00,100 גרם,false,,17.90,0.0447,true,1,191604
4008287058161,false,בירה קרומבאכר פילס 4.8% שישיה 6 * 330 מל,מנדלז סי.אר. פרודקשן,DE,שישיית בירת קרומבכר,,1980.00,,false,,29.90,0.0151,true,1,248260
4009300522935,false,תה פומפדור תה ירוק לימונית ולואיזה 20 יח',"איטיליאן פוד, אס.פי.",DE,פומפדור תה ירוק לימו,,30.00,100 גרם,false,,17.90,0.5967,true,1,185222
4009300524588,false,תה פומפדור חליטת צמחים פירות יער 20 יח',פומפדור Pompadour,DE,פומפדור חליטת תה פיר,,60.00,100 גרם,false,,14.90,0.2483,true,1,185226
4009300528821,false,תה ירוק ג'ינג'ר קינמון פומפדור 30 ג',פומפדור Pompadour,DE,פומפדור תה ירוק גינג,,30.00,100 גרם,false,,17.90,0.5967,true,1,235833
4009300595106,false,חליטת צמחים קמומיל דבש פומפדור 45 ג',,,פומפדור חליטת צמחים,,30.00,100 גרם,false,,14.90,0.4967,true,1,245731
4009300595120,false,חליטת צמחים בטעם ג'ינג'ר מנגו פומפדור 45 ג',TEEKANNE- POMPADOU,DE,פומפדור חליטת צמחים,,30.00,100 גרם,false,,14.90,0.4967,true,1,245732
4009900402965,false,מסטיק אורביט וויט בטעם פירות ללא סוכר,ריגלי פולין,PL,אורביט ווייט בקבוקון,,65.00,,false,,10.90,0.1677,true,1,214680
4009900403023,false,מסטיק אורביט בקבוקון דאבל white קלאסי 64ג',"ב.א מזון בע""מ",PL,אורביט ווייט בקבוקון,,64.00,,false,,10.90,0.1703,true,1,214681
4009900420129,false,מסטיק אורביט פרופשנל פפרמינט בקבוקון 64 גר',מרס נדרלנד,PL,אורביט פרופשיונל פפר,,64.00,,false,,10.90,0.1703,true,1,225991
4009900455299,false,סוכריות סקיטלס בטעם פירות,סקיטלס Skittles,CZ,סקיטלס סוכריות לעיסה,,174.00,100 גרם,false,,9.90,0.0569,true,1,214713
4009900465304,false,סוכריות סקיטלס פירות חמוצים 174 גרם,סקיטלס Skittles,CZ,סוכריות סקיטלס בטעם,,174.00,,false,,9.90,0.0569,true,1,214721
4009900479998,false,מסטיק אורביט בטעם אוכמניות ללא סוכר,ריגלי פולין,PL,אורביט אוכמניות בקבו,יחידה,0.00,יחידה,false,,10.90,0.0000,true,1,214733
4009900482417,false,מסטיק אורביט פירות מנטה בקבוקון באבל מינט 45יח,ריגלי פולין,PL,אורביט באבל מינט בקב,יחידה,0.00,יחידה,false,,10.90,0.0000,true,1,214735
4009900487283,false,אורביט ילדים קלאסי סט' משפחתי-חמישיות,אורביט Orbit,,אורביט סטיקס בטעם פי,יחידה,0.00,יחידה,false,,9.90,0.0000,true,1,214740
4009900531122,false,"מסטיק בטעם מנטה ספירמינט, 64 ג' פרופשיונל אורפיט",מרס נדרלנד,PL,אורביט פרופשיונל פפר,,64.00,,false,,10.90,0.1703,true,1,225992
4009900536257,false,מסטיק אורביט רפרשרס ספירמינט בקבוקון ללא סוכר 67 גר',מרס ריגלי קונפקשונרי,PL,אורביט רפרשרס ספירמי,,67.00,,false,,11.90,0.1776,true,1,247491
4009900536288,false,מסטיק אורביט רפרשרס פפרמינט בקבוקון ללא סוכר 67 גר',מרס ריגלי קונפקשונרי,PL,אורביט רפרשרס פפרמינ,,67.00,100 גרם,false,,11.90,0.1776,true,1,247493
4009900536486,false,מסטיק אורביט רפרשרס באבלמינט בקבוקון ללא סוכר 67 גר',מרס ריגלי קונפקשונרי,PL,אורביט רפרשרס באבלמי,,67.00,100 גרם,false,,11.90,0.1776,true,1,247495
4009900539746,false,"מסטיק פייב באונס בטעם אבטיח בקבוקון, 61.8 גרם",ריגלי בעמ רוסיה,PL,מסטיק פייב באונס בטע,,61.80,,false,,11.90,0.1926,true,1,252123
4009900540551,false,מסטיק אורביט רפרשרס טרופיקל בקבוקון ללא סוכר,מרס פולין,PL,אורביט רפרשרס טרופיק,,67.00,100 גרם,false,,11.90,0.1776,true,1,250538
4011800567613,false,חטיף קורני מילק Corny milk שחור לבן,מיוצר עי קונדיטוריית,DE,קורני סנדביץ שחור לב,,120.00,100 גרם,false,,12.90,0.1075,true,1,206407
4011800628512,false,חטיף דגנים עם שוקולד חלב,מיוצר עי קונדיטוריית,DE,קורני חטיף דגנים עם,,150.00,100 גרם,false,,12.90,0.0860,true,1,206414
4011800630515,false,חטיף דגנים עם שוקולד חלב ובננה,מיוצר עי קונדיטוריית,DE,קורני חטיף דגנים עם,,150.00,100 גרם,false,,12.90,0.0860,true,1,206416
4011800632519,false,חטיף דגנים עם שוקולד חלב וקוקוס,מיוצר עי קונדיטוריית,DE,קורני חטיף דגנים עם,,150.00,100 גרם,false,,12.90,0.0860,true,1,206418
4013227013414,false,פינה קולדה Surfers pina colada,קוימנס,,פינה קולדה-סרפרס פינ,,750.00,,false,,49.90,0.0665,true,1,192402
4014400900217,false,בונבונירה מרסי 400 גרם חלבי - נוכרי,קריניציה ויטמינה אס,DE,בונבונירה מרסי 400גר,,400.00,100 גרם,false,,55.90,0.1397,true,1,191618
4014400901191,false,בונבונירה מרסי קלאסי 250 גרם חלב נוכרי,אוגוסט שטורק,DE,בונבונירה מרסי 250גר,,250.00,100 גרם,false,,27.90,0.1116,true,1,191621
4014400904277,false,סוכריות אייס פרש 425 ג',תות ממתקי איכות,DE,סוכריות אייס פרש 425,,425.00,,false,,16.90,0.0398,true,1,191626
4014400904376,false,סוכריות טופי שוקולדן שטורק 325 ג',קריניציה ויטמינה אס,DE,סוכריות שוקולדן 325ג,,325.00,100 גרם,false,,16.90,0.0520,true,1,191629
4014400907902,false,סוכריות חמאה ללא סוכר בטעם קרמל בקופסא,תות ממתקי איכות,DE,סוכריות וורטר ללא סו,,42.00,,false,,7.50,0.1786,true,1,191632
4014400910063,false,סוכריות וורטר טופי חמאה 135ג',אוגוסט שטורק,DE,וורטרס אורגינל סוכרי,,135.00,,false,,9.90,0.0733,true,1,191638
4014400913910,false,סוכריות וורטר במליוי קרם 125 ג',תות ממתקי איכות,DE,סוכריות וורטר ללא סו,,125.00,100 גרם,false,,9.90,0.0792,true,1,191644
4014400914696,false,וורטר אורגינל סוכריות ללא סוכר 80 ג',אוגוסט שטורק,DE,סוכריות וורטר ללא סו,,80.00,,false,,9.90,0.1238,true,1,191650
4014400920857,false,סוכריות וורטר Werther's בטעם שוקולד ללא סוכר,קריניציה ויטמינה אס,DE,סוכריות וורטר בטעם ש,,70.00,100 גרם,false,,9.90,0.1414,true,1,191655
4014400923711,false,טופיפי 125 גר' - חלב נוכרי,אוגוסט שטורק,DE,טופיפי 125גרם,,125.00,100 גרם,false,,12.90,0.1032,true,1,191656
4014400925319,false,סוכריות וורטר פופקורן קרמל 140 גר',וורטרס Werther's,DE,פופקורן קרמל וורטרס,,140.00,100 גרם,false,,14.90,0.1064,true,1,246139
4015000031394,false,"ספטיל - משחה להסרת כתמים 200 מ""ל",קריות זול,IL,ספטיל מסיר כתמים 200,,200.00,,false,,18.90,0.0945,true,1,209973
4015000615884,false,"פה - דאודורנט ספריי לאישה קריביין לימון 200 מ""ל",קריות זול,DE,פה ספריי קריביין לימ,,200.00,,false,,15.90,0.0795,true,1,190026
4015000615921,false,"פה - דאודורנט ספריי לגבר ספורט 200 מ""ל",הנקל סוד,DE,פה ספריי ספורט 200מל,,200.00,,false,,15.90,0.0795,true,1,190029
4015000940955,false,שמפו גליס Gliss שיקום נזק קיצוני אולטימט ריפייר,שוורצקוף Schwarzkopf,DE,גליס אולטימט ריפייר,,400.00,,false,,15.90,0.0398,true,1,228383
4015000995122,false,פה ספריי כח המשיכה force attractio,הנקל סוד,DE,פה ספריי כח משיכה 20,,200.00,,false,,15.90,0.0795,true,1,190066
4015000996273,false,מרכך גליס Gliss תמצית שמן אולטימטיבי,שוורצקוף Schwarzkopf,DE,מרכך גליס אולטימטיב,,400.00,,false,,15.90,0.0398,true,1,215559
4015100190762,false,"גליס - מסכה שיקום שמן אלקסיר 300 מ""ל",שוורצקוף Schwarzkopf,,גליס מסכה שיקום שמן,,300.00,,false,,19.90,0.0663,true,1,224437
4015100298000,false,"גליס - מסיכה ביוטק 300 מ""ל",,,גליס מסכה עשירה גליס,,300.00,,false,,19.90,0.0663,true,1,243831
4015400681670,false,תחבושות היגייניות אולטרה לילה בטוח,פרוקטר אנד גמבל,UA,אולוויז תחבושות לילה,יחידה,0.00,יחידה,false,,19.90,0.0000,true,1,203098
4015400731719,false,תחבושות היגייניות אולוויז יום ולילה Day & Night,פרוקטר אנד גמבל,UA,אולוויז תחבושות דואו,יחידה,0.00,יחידה,false,,19.90,0.0000,true,1,203106
4015400755241,false,תחבושות היגייניות אולוויז אולטרה נורמל - 28 יח',פרוקטר אנד גמבל,UA,אולוויז תחבושות דואו,יחידה,0.00,יחידה,false,,19.90,0.0000,true,1,203114
4015400755487,false,תחבושות היגייניות אולוויז אולטרה לונג - 24 יח',פרוקטר אנד גמבל,UA,אולוויז תחבושות דואו,יחידה,0.00,יחידה,false,,19.90,0.0000,true,1,203116
4015600762780,false,שמפו וקונדישינר יומיומי למניעת קשקשים הנוסחה הקלאסית 2in1,פרוקטר אנד גמבל,RO,הד&שולדרס שמפו קלאסי,,500.00,,false,,21.90,0.0438,true,1,203138
4015600762902,false,"שמפו מנטול הד אנד שולדרס 500 מ""ל",פרוקטר אנד גמבל,RO,הד&שולדרס שמפו מנטול,,500.00,,false,,21.90,0.0438,true,1,203141
4015600763022,false,שמפו יומיומי למניעת קשקשים לשיער יבש/פגום לשיער רך כמשי,פרוקטר אנד גמבל,RO,הד&שולדרס שמפו מגע מ,,500.00,,false,,21.90,0.0438,true,1,203144
4015600766900,false,"שמפו ומרכ ך נגד קשקשים 500 מ""ל הד אנד שולדרס",פרוקטל אנד גמבל,RO,הד&שולדרס שמפו 2ב1 מ,,500.00,,false,,21.90,0.0438,true,1,203150
4017100364112,false,עוגיות היט Hit במילוי קרם בטעם שוקולד,הדקלאים אגודת שיתופי,PL,בלזן עוגיות סנדוויץ,,220.00,,false,,8.90,0.0405,true,1,191682
4018344511188,false,לרסן סלמון פראי ברוט,,,לרסן סלמון פראי ברוט,,200.00,100 גרם,false,,11.90,0.0595,true,1,252542
4022025001905,false,יין בלו ווין מבעבע זהב כשר 750 מל,היי סישל סוהן טראבן,DE,בלו וויין מבעבע זהב,,750.00,,false,,57.90,0.0772,true,1,248538
4022025261002,false,יין בלו ווין גוורצטרמינר 750 מל,לנגוט טראבן,DE,בלו וויין גוורצטרמינ,,750.00,,false,,54.90,0.0732,true,1,245580
4025700001962,false,שוקולד מילקה לבן 100 גר',פי אר ג'יי אס סי מונ,HU,מילקה טבלת שוקולד לב,,100.00,,false,,7.90,0.0790,true,1,252245
4033100024146,false,סיגריות וינסטון קוד,Unknown,,וינסטון קוד,יחידה,0.00,יחידה,false,,32.00,0.0000,false,1,229038
4053700288205,false,"ויט קרם הסרת שיער לעור עדין 100 מ""ל",,,ויט קרם להסרת שיער ל,,100.00,,false,,21.90,0.2190,true,1,199379
4067700014849,false,ליקר ייגרייסטר 700 מ,מסט-יגרמייסטר,DE,*מבצע* ייגרמייסטר 70,,700.00,,false,,85.00,0.1214,true,1,192404
4084500065536,false,"קרם לחות לחות מוגברת פנטן 300 מ""ל",פרוקטר אנד גמבל,FR,פנטן קרם לחות לשיער,,300.00,,false,,18.90,0.0630,true,1,214969
4084500065598,false,"קרם לחות לתלתלים מושלמים פנטן 300מ""ל",פנטן Pantene,,פנטן קרם לחות לתלתלי,,300.00,,false,,18.90,0.0630,true,1,214970
4084500088917,false,"נוזל כלים פיירי לימון 650 מ""ל",פרוקטר אנד גמבל,GB,פיירי נוזל לכלים צהו,,650.00,100 גרם,false,,10.90,0.0168,true,1,203180
4084500149526,false,טייד נוזל כביסה 2.48 ליטר,פרוקטר אנד גמבל,FR,טייד גל כביסה 2.48לי,ליטרים,2.48,ליטר,false,,33.90,13.6694,true,1,203181
4100130937163,false,מארז בירה בקס שישייה,"איי, בי, אינבוו",DE,בירה גרמנית בקס שישי,,1650.00,,false,,29.90,0.0181,true,1,243448
4210201262183,false,מברשת שיניים חשמלית ויטליטי Vitality נטענת,פרוקטר & גמבל,DE,אורל בי מברשת חשמלית,יחידה,0.00,יחידה,false,,79.90,0.0000,true,1,244962
4210201403319,false,אורל בי מברשת חשמלית נטענת ויטליטי פחם,פרוקטר & גמבל,DE,אורל בי מברשת חשמלית,יחידה,0.00,יחידה,false,,79.90,0.0000,true,1,249356
4260099274232,false,עגבניות בחומץ עם שום,דבורק,,עגבניות בחומץ עם שום,,860.00,,false,,13.90,0.0162,true,1,251419
4260147890513,false,אטריות ביצים דקות ורמיצ'לי 500ג',דין שיווק,PL,אטריות ורמיצ'לי ביצי,,500.00,,false,,9.90,0.0198,true,1,200074
4260147890537,false,אטריות ביצים רחבות 500גר,דין שיווק,PL,אטריות ביצים ברצועות,,500.00,100 גרם,false,,9.90,0.0198,true,1,200075
4260147890551,false,איטריות ביצים רצועות,דין שיווק,PL,אטריות ביצים רצועות,,500.00,100 גרם,false,,9.90,0.0198,true,1,200076
4605362008716,false,גרעינים בבקיני 300 ג,קה דה או קרסנודר,,גרעיני חמניה 300 גרם,,300.00,100 גרם,false,,18.90,0.0630,true,1,247976
4605362008839,false,גרעיני חמניות קלויים,קה דה או קרסנודר,,גרעינים מלח ים 250 ג,,250.00,100 גרם,false,,16.90,0.0676,true,1,247977
4605561010305,false,פילה הרינג עם שמיר בשמן חתיכות 500גר RS,,,פילה הרינג עם שמיר ב,,500.00,100 גרם,false,,29.90,0.0598,true,1,247955
4605561010343,false,פילה הרינג בשמן חתיכות 500גר RS,,,פילה דג הרינג בשמן ח,,500.00,100 גרם,false,,29.90,0.0598,true,1,247956
4605561012613,false,פילה הרינג (קצוץ) בשמן 400 גר RS,,,פילה הרינג (קצוץ) בש,,400.00,100 גרם,false,,18.90,0.0472,true,1,245663
4605561013009,false,פילה הרינג בשמן 400 גר RS,,,פילה הרינג בשמן 400,,400.00,100 גרם,false,,18.90,0.0472,true,1,245664
4607051158221,false,תה שחור ארל גריי 20,או א.או מאי קומפני,,תה שחור ארל גריי 20,יחידה,0.00,יחידה,false,,10.90,0.0000,true,1,235786
4607051158269,false,תה שחור סאנני לינון,או א.או מאי קומפני,,תה שחור סאנני לינון,יחידה,0.00,יחידה,false,,10.90,0.0000,true,1,235787
4607051158481,false,תה ירוק 20 שקיקים,או א.או מאי קומפני,,תה ירוק 20 שקיקים,יחידה,0.00,יחידה,false,,10.90,0.0000,true,1,235789
4607051158672,false,תה קורטיס ברייס 34 ג,או א.או מאי קומפני,,תה שחור 20 שקיקים,יחידה,0.00,יחידה,false,,10.90,0.0000,true,1,235793
4607054451718,false,גרעינים טמבובסקי וול,או.או.או אגרוסווז,,גרעינים שחורים 230 ג,,230.00,,false,,10.90,0.0474,true,1,235784
4607054451831,false,גרעינים טמבובסקי וול,או.או.או אגרוסווז,,גרעינים שחורים עם מל,,200.00,,false,,10.90,0.0545,true,1,235785
4607132825004,false,חלבה חמניות טימושה 5,,,חלבה חמניות טימושה 5,,500.00,,false,,14.90,0.0298,true,1,248008
4620015850351,false,תה ירוק אוגו קוקטייל,או א.או מאי קומפני,,תה ירוק אוגו קוקטייל,יחידה,0.00,יחידה,false,,10.90,0.0000,true,1,235796
4620015851860,false,תה שחור ריצארד רויאל,או א.או מאי קומפני,,תה שחור גריי ריצ'ארד,יחידה,0.00,יחידה,false,,10.90,0.0000,true,1,235797
4620015851877,false,תה שחור ריצארד רויאל,או א.או מאי קומפני,,תה שחור ריצ'ארד 20 ש,יחידה,0.00,יחידה,false,,10.90,0.0000,true,1,235798
4620015852553,false,תה שחור קורטיס אוכמנ,או א.או מאי קומפני,,תה שחור 20 שקיקים,יחידה,0.00,יחידה,false,,10.90,0.0000,true,1,235799
4620015852973,false,תה פירות ריצרד רואיל,או א.או מאי קומפני,,תה פירות ריצ'ארד ראד,יחידה,0.00,יחידה,false,,10.90,0.0000,true,1,235800
4640018993398,false,קפסולות ג'יל רגיל קואנטום 60 יח' פיניש,רקיט בנקיזר,PL,פיניש קוואנטום 60 קפ,,60.00,,false,,54.90,0.9150,true,1,245743
4710068001715,false,"מאסטר קפה טרמיסו 240 מ""ל",יוני פרזינדנט אנטרפר,,מאסטר קפה קר טרמיסו,,240.00,100 גרם,false,,8.20,0.0342,true,1,172822
4710068001739,false,"מאסטר קפה קולומביאני 240 מ""ל",יוני פרזינדנט אנטרפר,,מאסטר קפה קולומביאני,,240.00,100 גרם,false,,8.20,0.0342,true,1,172823
4710964170799,false,שומשום שחור קלוי 91 גרם,פלייבור פול פודס טיי,TH,שומשום שחור קלוי 91ג,,91.00,100 גרם,false,,15.90,0.1747,true,1,204696
4751003924003,false,סלט טונה עם ירקות איטלקי 185 ג' לארסן,,,לרסן סלט טונה בסגנון,,185.00,100 גרם,false,,11.90,0.0643,true,1,252544
4751003924010,false,סלט טונה עם ירקות מקסיקני 185 ג' לארסן,,,לרסן סלט טונה בסגנון,,185.00,100 גרם,false,,11.90,0.0643,true,1,252545
4751007738064,false,שפרוטים מעושנים בשמן,,,לרסן שפרוטים מעושנים,,160.00,100 גרם,false,,11.90,0.0744,true,1,252540
4751007738095,false,סלט סלמון עם ירקות מקסיקני 220 ג' לארסן,,,לרסן סלט סלמון מקסיק,,220.00,100 גרם,false,,11.90,0.0541,true,1,252541
4751007738101,false,סלט סלמון עם ירקות איטלקי 220 ג' לארסן,,,לרסן סלט סלמון איטלק,,220.00,100 גרם,false,,11.90,0.0541,true,1,252547
4751007739924,false,סלמון ברוטב עגבניות,,,סלמון ברוטב עגבניות,,185.00,100 גרם,false,,10.90,0.0589,true,1,251603
4770179106976,false,שוקולד פרגלה מריר עם,,,שוקולד פרגלה מריר עם,,93.00,,false,,5.90,0.0634,true,1,224482
4770179120620,false,סוכריות ג'לי בטעם פי,,,סוכריות ג'לי בטעם פי,,1000.00,100 גרם,false,,24.90,0.0249,true,1,251914
4770179125076,false,שוקולד פרגלה מריר עם,PERGALE,,שוקולד פרגלה מריר עם,,100.00,100 גרם,false,,5.90,0.0590,true,1,224486
4770179125120,false,שוקולד פרגלה מריר100,PERGALE,,שוקולד פרגלה מריר100,,100.00,100 גרם,false,,5.90,0.0590,true,1,224487
4770237052092,false,גלידת שמנת בטעם וניל בציפוי צימקאו בגביע וופל אישי 85 גר' SVALIA,,,"גלידה סליבוצ""נאיה בג",יחידה,0.00,יחידה,false,,5.90,0.0000,true,1,219710
4770237056748,false,גלידת שמנת משובחת בטעם וניל בציפוי בטעם מסטיק SVALIA גר 58,ז'יטומרסקי זאבוד,,אסקימו עגול פלומביר,,58.00,100 גרם,false,,5.90,0.1017,true,1,244794
4779021230654,false,שוקולד אקסקלוסיב מרי,,,שוקולד אקסקלוסיב מרי,,100.00,,false,,9.90,0.0990,true,1,230305
4810168000011,false,פילה דג הרינג מלוח מצונן 250ג',,,פילה דג הרינג מלוח מ,,250.00,100 גרם,false,,16.90,0.0676,true,1,226078
4810168000066,false,פילה דג הרינג מלוח מצונן עם תבלין 250ג,SANTA BREMOR,,פילה דג הרינג מלוח מ,,250.00,100 גרם,false,,16.90,0.0676,true,1,226079
4810168018795,false,חתיכות פילה דג הרינג מלוח מצונן 200ג',SANTA BREMOR,,חתיכות פילה דג הרינג,,200.00,100 גרם,false,,16.90,0.0845,true,1,226082
4810168019051,false,חתיכות פילה דג הרינג מלוח מצונן עם תבלין 200ג',SANTA BREMOR,,חתיכות פילה דג הרינג,,200.00,,false,,16.90,0.0845,true,1,226083
4810168024512,false,פילה דג הרינג מלוח מצונן עם תבלין בצנצנת חתיכות 260ג,,,חתיכות פילה דג הרינג,,260.00,,false,,19.90,0.0765,true,1,226084
4810168038984,false,גלידת שמנת משובחת בטעם וניל וופל בין השכבות 80 גר YUKKI,,,גלידה YUKKI פלומביר,,70.00,100 גרם,false,,5.90,0.0843,true,1,224973
4810168045555,false,פילה דג סלמון מלוח פ,,,פילה דג סלמון מלוח פ,,100.00,100 גרם,false,,22.90,0.2290,true,1,249384
4810168053031,false,גלידה פלומביר יוקי ב,,,גלידה YUKKI פלומביר,,80.00,100 גרם,false,,5.90,0.0738,true,1,245509
4810168057435,false,חתיכות פילה דג הרינג מלוח בשמן מצונן 400 גר,,,חתיכות פילה דג הרינג,,400.00,100 גרם,false,,29.90,0.0747,true,1,249383
4810168057510,false,חתיכות פילה דג הרינג מתובל מלוח בשמן 400 גר,,,חתיכות פילה דג הרינג,,400.00,,false,,29.90,0.0747,true,1,250185
4810168058982,false,חתיכות פילה דג הרינג סקנדינבי מלוח בשמן 400 גר,,,חתיכות פילה דג הרינג,,400.00,100 גרם,false,,29.90,0.0747,true,1,251756
4810168058999,false,פילה דג הרינג סקנדינבי מלוח מצונן 250ג',,,פילה דג הרינג סקנדינ,,250.00,100 גרם,false,,16.90,0.0676,true,1,251308
4810322005944,false,שמן קנולה מזוכך 850מ,,,שמן קנולה מזוכך 850מ,,850.00,100 גרם,false,,10.90,0.0128,true,1,249363
4820015165206,false,גלידת שמנת משובחת בטעם וניל בגביע וופל אישי פלומביר מס' 1 70 גר',ז'יטומרסקי זאבוד,,גלידת שמנת טעם וניל,,70.00,100 גרם,false,,5.90,0.0843,true,1,247890
4820034925546,false,"בירה לאגר צאזז לייט בקבוק 500 מ""ל -בודד",,,בירה לאגר צאזז לייט,,500.00,,false,,4.90,0.0098,true,1,251920
4820198874063,false,חליטת פירות וצמחים ש,,,חליטת פירות וצמחים 2,יחידה,0.00,יחידה,false,,10.90,0.0000,true,1,252724
4823077604331,false,סוכריות ציטרוס מיקס,,,סוכריות ציטרוס מיקס,,1000.00,100 גרם,false,,17.90,0.0179,true,1,219666
4823077612732,false,סוכריות קשות ממולאות,קייב קרמנציק,,סוכריות בים בום 200,,200.00,,false,,7.90,0.0395,true,1,226611
4823077613630,false,חטיף שוקולד חלב במילוי קרם ברולה,רושן Roshen,,חטיף שוקולד רושן ממו,,43.00,,false,,3.90,0.0907,true,1,247208
4823077614675,false,ביסקוויט לקפה רושן18,קייב קרמנציק,,ביסקוויט לקפה רושן18,,185.00,100 גרם,false,,3.90,0.0211,true,1,252061
4823077614767,false,שוקולד רושן חלב נוגט,רושן,,שוקולד רושן חלב נוגט,,90.00,100 גרם,false,,6.90,0.0767,true,1,251403
4823077614804,false,שוקולד חלב בטעם אוכמניות,רושן Roshen,,שוקולד חלב נוגט בטעם,,90.00,100 גרם,false,,6.90,0.0767,true,1,219692
4823077617041,false,חטיף שוקולד חלב במילוי קרמל,רושן Roshen,,באטונציק קרמל 40גר,,40.00,,false,,3.90,0.0975,true,1,219699
4823077621635,false,וופל רושן בטעם חלב 7,Unknown,,וופל רושן בטעם חלב 7,,72.00,,false,,3.90,0.0542,true,1,248974
4823077621642,false,וופל רושן בטעם שוקול,Unknown,,וופל רושן בטעם שוקול,,72.00,100 גרם,false,,3.90,0.0542,true,1,248975
4823077621659,false,וופל רושן בטעם אגוז,Unknown,,וופל רושן בטעם אגוז,,72.00,100 גרם,false,,3.90,0.0542,true,1,248976
4823077624391,false,רושן סוכריות טופי מי,רושן,,רושן סוכריות טופי מי,,185.00,,false,,7.90,0.0427,true,1,248410
4823077625145,false,ממתקי שוקולד מריר עם דובדבן בליקר דובדבן,רושן Roshen,,בונבוניירה דובדבן+לי,,155.00,100 גרם,false,,12.90,0.0832,true,1,226431
4823077625589,false,וופל רושן בטעם חלב 2,,,וופל רושן בטעם חלב 2,,216.00,,false,,6.90,0.0319,true,1,247910
4823077625602,false,וופל רושן בטעם שוקול,,,וופל רושן בטעם שוקול,,216.00,,false,,6.90,0.0319,true,1,247912
4823077625626,false,וופל רושן בטעם אגוז,,,וופל רושן בטעם אגוז,,216.00,,false,,6.90,0.0319,true,1,247913
4823077626203,false,שוקולד רושן אוורירי,רושן Roshen,,שוקולד רושן אוורירי,,80.00,,false,,6.90,0.0863,true,1,234957
4823077626227,false,שוקולד רושן אוורירי,רושן Roshen,,שוקולד רושן אוורירי,,80.00,,false,,6.90,0.0863,true,1,234958
4823077626241,false,שוקולד אורירי לבן קרמל,רושן Roshen,,שוקולד רושן אוורירי,,80.00,,false,,6.90,0.0863,true,1,234959
4823077629136,false,שוקולד חלב לקמי רושן,,,שוקולד רושן חלב 90 ג,,90.00,100 גרם,false,,6.90,0.0767,true,1,251865
4823077630057,false,חמאת רושן 200 גרם,,,חמאת רושן 200 גרם,,200.00,,false,,10.90,0.0545,true,1,247512
4823077631467,false,קרקר עם מלח ים רושן,רושן,,קרקר עם מלח ים רושן,,168.00,,false,,6.90,0.0411,true,1,248459
4823077631474,false,קרקר קלאסי רושן 168,רושן,,קרקר קלאסי רושן 168,,168.00,,false,,6.90,0.0411,true,1,248460
4823077632112,false,וופל רושן בטעם קקאו,,,וופל רושן בטעם קקאו,,216.00,,false,,6.90,0.0319,true,1,247914
4823077632259,false,חטיף שוקולד חלב ובוטנים,רושן Roshen,,חטיף שוקולד רושן עם,,43.00,,false,,3.90,0.0907,true,1,247209
4823077632570,false,שוקולד רושן מריר 85,רושן,,שוקולד רושן מריר 85,,85.00,100 גרם,false,,6.90,0.0812,true,1,248408
4823077632594,false,שוקולד רושן חלב אגוז,רושן,,שוקולד רושן חלב עם א,,90.00,,false,,8.90,0.0989,true,1,248407
4823077633317,false,עוגיות לוויטה שוקולד,,,עוגיות לוויטה שוקולד,,150.00,,false,,7.90,0.0527,true,1,247920
4823077633324,false,עוגיות שוקוציפס לווי,,,עוגיות שוקוציפס לווי,,150.00,100 גרם,false,,7.90,0.0527,true,1,247921
4823077633331,false,עוגיות רושן לוויטהבט,,,עוגיות רושן לוויטהבט,,150.00,100 גרם,false,,7.90,0.0527,true,1,247916
4823077633348,false,עוגיות רושן לוויטה ע,,,עוגיות רושן לוויטה ע,,150.00,,false,,7.90,0.0527,true,1,247917
4823077633690,false,בונבוניירה רושן שוטר,רושן,,בונבוניירה רושן שוטר,,150.00,100 גרם,false,,12.90,0.0860,true,1,249018
4823077634178,false,עוגיות רושן לוויטה ב,,,עוגיות רושן לוויטה ב,,168.00,100 גרם,false,,7.90,0.0470,true,1,249351
4823077634192,false,עוגיות במילוי דובדבן,,,עוגיות רושן לוויטה ב,,168.00,100 גרם,false,,7.90,0.0470,true,1,249353
4823077634222,false,עוגיות Lovita ממולאות ג'לי תפוז מצופות צימקאו,רושן Roshen,,עוגיות תפוז לוויטה 1,,135.00,100 גרם,false,,7.90,0.0585,true,1,249023
4823077634246,false,עוגיות Lovita ממולאות ג'לי פטל מצופות צימקאו,רושן Roshen,,עוגיות פטל לוויטה 13,,135.00,,false,,7.90,0.0585,true,1,249021
4823077634277,false,עוגיות Lovita ממולאות ג'לי תות שדה מצופות צימקאו,רושן Roshen,,עוגיות תות שדה לוויט,,135.00,,false,,7.90,0.0585,true,1,249022
4823077634376,false,שוקולד רושן חלב אוור,,,שוקולד רושן חלב אוור,,85.00,,false,,6.90,0.0812,true,1,251867
4823077634741,false,עוגיות רושן לוויטה ב,,,עוגיות רושן לוויטה ב,,168.00,100 גרם,false,,7.90,0.0470,true,1,249352
4823077635533,false,חטיף וופל רושן קרם ח,,,חטיף וופל רושן קרם ח,,350.00,100 גרם,false,,17.90,0.0511,true,1,250243
4823077636004,false,עוגיות Lovita ממולאות ג'לי דובדבן מצופות צימקאו,רושן Roshen,,עוגיות קקאו דובדבן ל,,135.00,100 גרם,false,,7.90,0.0585,true,1,250053
4823077636172,false,וופל רושן בטעם לימון,,,וופל רושן בטעם לימון,,216.00,100 גרם,false,,6.90,0.0319,true,1,251404
4823077636332,false,עוגיות לוויטה במילוי,,,עוגיות לוויטה במילוי,,127.00,100 גרם,false,,7.90,0.0622,true,1,253086
4823077636417,false,עוגיות לוויטה במילוי,,,עוגיות לוויטה במילוי,,127.00,100 גרם,false,,7.90,0.0622,true,1,253088
4823097809754,false,גלידת שמנת משובחת וניל עם צימוקים שכבות וופל 90 גר',ז'יטומרסקי זאבוד,,גלידת שמנת משובחת ונ,,90.00,100 גרם,false,,5.90,0.0656,true,1,247899
4823097809815,false,גלידה חלבית עם אוכמניות כחולות ושחורות 85ג',ז'יטומרסקי זאבוד,,גלידה חלבית עם אוכמנ,,85.00,,false,,5.90,0.0694,true,1,247898
4903001945706,false,רוטב סויה ימאסה פונז,יאמאסה yamasa,,רוטב פונדו יאמסה 500,,500.00,100 גרם,false,,19.90,0.0398,true,1,251441
5000127533196,false,"קלוגס ווראייטי, 191 גרם",חברת קלוגס בריטניה,GB,קלוגס מנות אישיות וו,,191.00,100 גרם,false,,22.90,0.1199,true,1,225501
5000146401568,false,וולייט דפים למניעת העברת צבע 10 דפים,ווליט Woolite,IT,ווליט לכביסה שומרי צ,יחידה,0.00,יחידה,false,,16.90,0.0000,true,1,199391
5000157143365,false,מתבל בטעם מיונז וקטשופ היינץ 425 ג',היינץ Heinz,PL,מתבל בטעם מיונז וקטש,,425.00,,false,,14.90,0.0351,true,1,243114
5000267014234,false,וויסקי ג'וני ווקר רד לייבל Red label,ג'וני ווקר Johnnie walker,,וויסקי ג'וני ווקר רד,,700.00,100 גרם,false,,89.90,0.1284,true,1,173297
5000267024202,false,ויסקי גוני ווקר בלאק,אלכוהול (איי.בי.בי),,*מבצע* וויסקי גוני ו,,700.00,,false,,120.00,0.1714,true,1,230170
5010182996799,false,ג'ל אסלה מנטרל ריחות בניחוח פרחי בר ורודים,דאופלור אס.פי.אי איט,IT,טואלט דאק ג'ל אסלה ב,,55.00,,false,,9.90,0.1800,true,1,206473
5010182997253,false,"רייד ארוסול קוטל ג''וקים - 300 מ""ל",אס.סי.ג'ונסון מידרכט,NL,רייד קוטל ג'וקים 400,,400.00,,false,,13.90,0.0348,true,1,206475
5010182997338,false,"טואלט דאק ג'ל אסלה ניחוח רענן 55 מ""ל","איטיליאן פוד, אס.פי.",IT,טואלט דאק ג'ל אסלה ב,,55.00,,false,,9.90,0.1800,true,1,206476
5010182998847,false,"טואלט דאק נוזל לאסלה כחול 750 מ""ל",מיוצר עי קונדיטוריית,NL,טואלט דאק נוזל לאסלה,,750.00,,false,,9.90,0.0132,true,1,206486
5010182998861,false,"טואלט דאק נוזל לאסלה ירוק 750 מ""ל",מיוצר עי קונדיטוריית,NL,טואלט דאק נוזל לאסלה,,750.00,100 גרם,false,,9.90,0.0132,true,1,206487
5010327000046,false,וויסקי גרנט'ס סקוטי,"איי, בי, אינבוו",,*מבצע* וויסקי גרנטס,,700.00,,false,,69.90,0.0999,true,1,192407
5010677552387,false,"בקרדי בריזר אננס 275 מ""ל בקבוק",בקרדי בריזר Bacardi Breezer,BE,בריזר אננס בקבוק 275,,275.00,100 גרם,false,,15.90,0.0578,true,1,172835
5010677554398,false,"בקרדי בריזר אבטיח 275 מ""ל בקבוק",בקרדי בריזר Bacardi Breezer,BE,בקרדי בריזר אבטיח 27,,275.00,,false,,15.90,0.0578,true,1,172836
5010677850100,false,וודקה גריי גוס בקבוק,בקרדי מרטיני,FR,וודקה גריי גוס 700 מ,,700.00,,false,,119.90,0.1713,true,1,226643
5014271330426,false,"מעדן סנט דלפור אוכמניות לל""ס 284ג'",סנדלפור St.dalfour,FR,מעדן אוכמניות 284 גר,,284.00,100 גרם,false,,19.90,0.0701,true,1,174417
5014271350424,false,מעדן ארבע פירות סאנת דלפור 284 ג',המאפיה של הרמן,FR,מעדן ארבעה פירות ח 2,,284.00,100 גרם,false,,19.90,0.0701,true,1,223824
5014271400426,false,מעדן סנט דלפור תות שדה 284גר',המאפיה של הרמן,FR,מעדן תות 284 גר',,284.00,,false,,19.90,0.0701,true,1,223826
5029053002439,false,נייר טואלט קלינקס פרימיום צהוב - מארז 9 גלילים,חוגלה קימברלי,,קלינקס נייר טואולט צ,,1184.00,100 גרם,false,,39.90,0.0337,true,1,181173
5029053032658,false,קלינקס ממחטות שמיניי,KC Italy,,קלינקס ממחטות שמיניי,יחידה,0.00,יחידה,false,,11.90,0.0000,true,1,221397
5029053510811,false,קוטקס - תחבושות אולטרה נורמל + כנפיים 30 יח',קימברלי קלארק,,קוטקס תחבושות אולטרה,,28.00,,false,,18.90,0.6750,true,1,181177
5029053510828,false,קוטקס - תחבושות אולטרה סופר + כנפיים 22 יח',קימברלי קלארק,,קוטקס תחבושות אולטרה,,24.00,,false,,18.90,0.7875,true,1,181178
5029053523446,false,קוטקס - תחבושות אולטרה נייט + כנפיים 20 יח',קימברלי קלארק,,קוטקס תחבושות אולטרה,,20.00,,false,,18.90,0.9450,true,1,181182
5029053527574,false,תחתוני ספיגה לילדים Drynites בנים לגילאי 4-7,האגיס Huggies,CZ,האגיס פרידום דריי ני,יחידה,0.00,יחידה,false,,35.90,0.0000,true,1,181183
5029053527581,false,תחתוני ספיגה לילדים Drynites בנות לגילאי 4-7,האגיס Huggies,CZ,האגיס פרידום דריי ני,,10.00,,false,,35.90,3.5900,true,1,181184
5029053527598,false,האגיס דריי נייטס 15-8 בנים 9יח,KC Czech,CZ,האגיס פרידום דריי ני,יחידה,0.00,יחידה,false,,35.90,0.0000,true,1,181185
5029053534589,false,קוטקס טמפוני מיני 32 יח',חוגלה קימברלי,,טמפוני קוטקס מיני לל,יחידה,0.00,יחידה,false,,26.90,0.0000,true,1,181194
5029053534596,false,קוטקס טמפוני נורמל ללא מוליך 32 יח,KC Czech,,טמפוני קוטקס נורמל ל,יחידה,0.00,יחידה,false,,26.90,0.0000,true,1,231820
5029053535227,false,קוטקס טמפון עם מוליך נורמל 16 יח',KC Czech,,קוטקס טמפון+מוליך נו,יחידה,0.00,יחידה,false,,26.90,0.0000,true,1,181198
5029053538426,false,"ליטל סווימרס 12-18 L ק""ג 11 יח' האגיס",חוגלה קימברלי,CZ,האגיס ליטל סווימרס L,יחידה,0.00,יחידה,false,,35.90,0.0000,true,1,181201
5029053578309,false,קופסת ממחטות אולטרה סופט 48 דף קלינקס,קימברלי,IL,קלינקס טישו אולטרה ס,,48.00,,false,,7.90,0.1646,true,1,249250
5050083559761,false,קלוגס קוקו פופס שוקו 500ג',קלוגס מניופקטורינג א,ES,*מבצע* קוקו פופס שוק,,500.00,100 גרם,false,,18.00,0.0360,true,1,179237
5060250343765,false,ריסז ראונדס בוטנים 96ג',,,ריסז ראונדס בוטנים 6,,96.00,100 גרם,false,,9.90,0.1031,true,1,251948
5060517886486,false,"משקה אנרגיה מונסטר פח 500 מ""ל",מונסטר אנרג'י Monster Energy,RU,מונסטר אנרגי פח 500מ,,500.00,,false,,7.90,0.0158,true,1,243161
5060639128051,false,"משקה אנרגיה מונסטר אולטרה פחית 500 מ""ל",מונסטר אנרג'י Monster Energy,RS,מונסטר אולטרה פחית 5,,500.00,100 גרם,false,,7.90,0.0158,true,1,244940
5060751218173,false,"משקה אנרגיה מונסטר Pipline punch פח 500 מ""ל",Monster energy סרביה,IE,משקה אנרגיה מונסטר פ,,500.00,100 גרם,false,,7.90,0.0158,true,1,251106
5201085540084,false,סוכריות ג'ילי מיקס שקית 800 גר',אולמפיק,GR,סוכריות גלי מיקס 800,,800.00,100 גרם,false,,19.90,0.0249,true,1,171990
5201347400545,false,רצועות שעווה מוכנות לשימוש לפנים ולאזורים רגישים,רקיט בנקיזר,FR,ויט רצועות שעווה לפנ,יחידה,0.00,יחידה,false,,29.90,0.0000,true,1,199427
5201583115098,false,סוכריות ג'לי פירות 1,,,סוכריות ג'לי פירות 1,,1000.00,100 גרם,false,,24.90,0.0249,true,1,194838
5391523057929,false,סימילאק גולד שלב 1 תרכובת מזון על בסיס חלב,אבוט לבורטיז,IE,סימילאק גולד 700 גרם,,700.00,,false,,72.90,0.1041,true,1,224369
5391523057936,false,סימילאק גולד שלב 2 תרכובת מזון על בסיס חלב,אבוט לבורטיז,IE,סימילאק גולד 700 גרם,,700.00,100 גרם,false,,72.90,0.1041,true,1,224370
5391523057943,false,סימילאק גולד שלב 3 תרכובת מזון על בסיס חלב,אבוט לבורטיז,IE,סימילאק גולד 700 גרם,,700.00,,false,,72.90,0.1041,true,1,224371
5391523058070,false,סימילאק אדבנס פלוס 3 תרכובת מזון על בסיס חלב,טרופיקל דגיל תעשיות,IE,סימילאק אדוונס פלוס,,700.00,100 גרם,false,,64.90,0.0927,true,1,224714
5391523058087,false,סימילאק אדבנס פלוס 2 תרכובת מזון על בסיס חלב,טרופיקל דגיל תעשיות,IE,סימילאק אדוונס פלוס,,700.00,100 גרם,false,,64.90,0.0927,true,1,224715
5400265032993,false,נשיקות מרנג לבן המלט,,,נשיקות מרנג לבן המלט,,100.00,,false,,9.90,0.0990,true,1,205736
5400265033006,false,נשיקות מרנג צבעוני ה,,,נשיקות מרנג צבעוני ה,,100.00,100 גרם,false,,9.90,0.0990,true,1,205737
5410126006360,false,לוטוס עוגיות סנדוויץ' במילוי לוטוס 150 גר',לוטוס ביקרי בלגיה נ.,BE,לוטוס עוגיות סנדוויץ,,150.00,,false,,9.90,0.0660,true,1,252164
5410126006377,false,לוטוס עוגיות סנדוויץ במילוי וניל 150 גרם,לוטוס ביקרי בלגיה נ.,BE,לוטוס עוגיות סנדוויץ,,150.00,100 גרם,false,,9.90,0.0660,true,1,252165
5410126106022,false,לוטוס מארז חגים 250X2 גר',לוטוס בייקרי,BE,לוטוס מארז חגים 2*25,,500.00,,false,,17.90,0.0358,true,1,252202
5410126116953,false,ממרח עוגיות קרמל 400 ג' לוטוס,לוטוס בייקרי בלגיה נ,BE,ממרח ביסקוויט לוטוס,,400.00,,false,,22.90,0.0572,true,1,179278
5410126666038,false,עוגיות לוטוס 18*2 279 גרם,לוטוס ביקרי,BE,עוגיות לוטוס 279 גרם,,279.00,100 גרם,false,,12.90,0.0462,true,1,225268
5410316983693,false,"אייס סמירנוף בודד 275 מ""ל",סמירנוף אייס Smirnoff ice,IT,סמירנוף אייס בקבוק,,275.00,100 גרם,false,,13.90,0.0505,true,1,209204
5410316994019,false,"וודקה סמירנוף אדום 700מ""ל",דיאג'ו אופריישנס איט,US,*מבצע* וודקה סמירנוף,,700.00,,false,,50.00,0.0714,true,1,173310
5411188110835,false,אלפרו חלב סויה שקדים וניל 1ל',הנסיך- מפעל לייצור ט,BE,אלפרו משקה משקה שקדי,,1000.00,,false,,15.50,0.0155,true,1,185290
5411188112709,false,משקה אלפרו שקדים ללא סוכר 1 ליטר,הנסיך- מפעל לייצור ט,BE,אלפרו משקה שקדים ללא,,1000.00,,false,,15.50,0.0155,true,1,185294
5411188115472,false,אלפרו משקה סויה 1 ליטר,הנסיך- מפעל לייצור ט,BE,אלפרו משקה סויה 1 לי,,1000.00,,false,,15.50,0.0155,true,1,245572
5411188118732,false,אלפרו חלב משקה קוקוס שקדים 1 ל',הנסיך- מפעל לייצור ט,BE,אלפרו משקה קוקוס שקד,,1000.00,,false,,15.90,0.0159,true,1,232478
5411188121978,false,"משקה סויה בטעם שוקולד 3 * 250 מ""ל אלפרו",אלפרו C.V.A,BE,אלפרו משקה סויה סידן,,750.00,,false,,18.50,0.0247,true,1,222642
5411188127697,false,משקה בריסטה שיבולת שועל 1ל' אלפרו,הנסיך- מפעל לייצור ט,BE,אלפרו בריסטה שיבולת,,1000.00,,false,,15.90,0.0159,true,1,245570
5411188134985,false,אלפרו 3.5% NOT M*LK שיבולת שועל 1 ליטר בית יוסף,הנסיך- מפעל לייצור ט,BE,אלפרו נוט מילק 3.5%,,1000.00,100 גרם,false,,15.90,0.0159,true,1,249530
5411188135005,false,אלפרו 1.8% NOT M*LK שיבולת שועל 1 ליטר בית יוסף,הנסיך- מפעל לייצור ט,BE,אלפרו 1.8% שומן NOT,,1000.00,100 גרם,false,,15.90,0.0159,true,1,249528
5411188543398,false,משקה סויה ללא סוכר 1 ל' אלפרו,הנסיך- מפעל לייצור ט,BE,אלפרו משקה סויה ללא,,1000.00,100 גרם,false,,15.50,0.0155,true,1,245573
5411616002190,false,בירה מרטינס סטרונג 8,מבשלת מרטנס,BE,בירה מרטינס סטרונג 8,,500.00,100 גרם,false,,6.90,0.0138,true,1,173312
5411616133245,false,בירה מרטנס לאגר פחית,מבשלת מרטנס,BE,בירה מרטנס ירוק פחית,,500.00,,false,,6.90,0.0138,true,1,173313
5411616148546,false,בירה מרטנס גולד פחית,מבשחת מרטנס,BE,בירה מרטינס גולד פחי,,500.00,,false,,6.90,0.0138,true,1,173314
5413149655522,false,"אבקת כביסה שושן צחור 1.25 ק""ג אריאל",פרוקטר אנד גמבל,,איראל אבקת כביסה שוש,קילוגרמים,1.25,"ק""ג",false,,19.90,15.9200,true,1,203394
5413548280189,false,קינדר שוקובון 125 גרם,פררו,BE,קינדר שוקובון 125גר,,125.00,,false,,13.90,0.1112,true,1,214825
5601008200444,false,גודיס Goodies עוגיות טבעת מצופות שוקולד חלב,הנסיך- מפעל לייצור ט,PT,עוגיות טבעת גודיס מצ,,150.00,,false,,9.90,0.0660,true,1,185306
5601008200468,false,גודיס Goodies עוגיות טבעת מצופות שוקולד לבן,קריניציה ויטמינה אס,PT,עוגיות טבעת גודיס מצ,,150.00,100 גרם,false,,9.90,0.0660,true,1,185308
5701932026964,false,פופקורן להכנה במיקרוגל בטעם טבעי 6 שקיות,הוט פופ Hot pop,US,הוטפופ פופקורן בתוספ,,600.00,100 גרם,false,,16.90,0.0282,true,1,191706
5701932026971,false,פופקורן להכנה במיקרוגל בטעם חמאה 6 שקיות,הוט פופ Hot pop,US,הוטפופ פופקורן בטעם,,600.00,100 גרם,false,,16.90,0.0282,true,1,191707
5701932026995,false,פופקורן להכנה במיקרוגל בטעם טבעי מופחת שומן 6 שקיות,קריניציה ויטמינה אס,US,הוטפופ גרעיני תירס ל,,510.00,,false,,16.90,0.0331,true,1,191708
5711953106583,false,גבינת שמנת בטעם טבעי 200 גרם ארלה,ארלה פודס אמבה,DK,גבינת שמנת טבעי ארלה,,200.00,100 גרם,false,,16.90,0.0845,true,1,235083
5740900403215,false,ממרח לורפק חמאה עם מלח 250 ג',לורפאק Lurpak,,לורפק ממרח עם מלח 25,,250.00,100 גרם,false,,19.90,0.0796,true,1,225516
5740900403222,false,ממרח לורפק חמאה עם מלח מופחת שומן 250 ג,לורפאק Lurpak,,לורפק ממרח עם מלח מו,,250.00,100 גרם,false,,19.90,0.0796,true,1,225517
5740900403239,false,ממרח לורפק חמאה בלי מלח 250 ג',לורפאק Lurpak,,ממרח לורפק בלי מלח 2,,250.00,,false,,19.90,0.0796,true,1,225520
5740900403246,false,ממרח לורפק חמאה בלי מלח 500 ג',לורפאק Lurpak,,לורפק ממרח ללא מלח 5,,500.00,100 גרם,false,,34.90,0.0698,true,1,225518
5740900403253,false,ממרח לורפק חמאה עם מלח 500 ג',לורפאק Lurpak,,לורפק ממרח עם מלח 50,,500.00,100 גרם,false,,34.90,0.0698,true,1,225519
5740900403260,false,ממרח מחמאת לורפק ללא מלח 27% פחות שומן,ארלה פודס אמבה,DK,לורפק ממרח עם מלח מו,,250.00,100 גרם,false,,19.90,0.0796,true,1,225521
5900017062419,false,"ניוואה - תחליב רחצה ורדים ושמן שקדים 750 מ""ל",,,ניוואה תחליב רחצה ור,,750.00,,false,,14.90,0.0199,true,1,247709
5900020012814,false,דגני בוקר בטעם שוקולד נסקוויק Nesquik,מיוצר עי קונדיטוריית,PL,דגני בוקר נסקוויק נס,,500.00,100 גרם,false,,26.90,0.0538,true,1,175956
5900020015174,false,חטיף דגנים פיטנס Fitness עם שוקולד מריר,מיוצר עי קונדיטוריית,PL,פיטנס חטיף דגנים שוק,,141.00,100 גרם,false,,16.90,0.1199,true,1,175957
5900020018908,false,חטיף פיטנס דגנים עם עוגיות ופצפוצי שוקולד לבן,מיוצר עי קונדיטוריית,PL,פיטנס חטיף דגנים עוג,,141.00,100 גרם,false,,16.90,0.1199,true,1,175964
5900020020710,false,נסטלה - קראנץ' שוקו וניל חטיף דגנים 25 גרם * 6,נסטלה פולין ברים,PL,חטיף דגנים קראנץ בר,,150.00,100 גרם,false,,16.90,0.1127,true,1,175965
5900020024817,false,פיטנס דליס Fitness Delice חטיף דגנים עם שוקולד לבן,נסטלה פולין ברים,PL,פיטנס בר דליס שוקולד,,135.00,100 גרם,false,,16.90,0.1252,true,1,175970
5900020026552,false,דגני בוקר האני נאט צ'יריוס בטעם דבש ושקדים,נסטלה צרפת איטנקורט,FR,צ׳יריוס האני נאט נסט,,625.00,100 גרם,false,,26.90,0.0430,true,1,175980
5900020026859,false,דגני האני נאט צ'יריו,Unknown,,דגני האני נאט צ'יריו,,375.00,100 גרם,false,,12.90,0.0344,true,1,175981
5900020033314,false,חטיף דגני בוקר Lion בטעם קרמל ושוקולד על קרם חלב,נסטלה פולין ברים,PL,חטיף דגנים ליון 6*25,,150.00,100 גרם,false,,16.90,0.1127,true,1,225297
5900020039590,false,פיטנס חטיף דגנים קלאסי פרווה 6 יח',נסטלה פולין דגני בוק,IL,פיטנס חטיף דגנים קלא,,141.00,100 גרם,false,,16.90,0.1199,true,1,248162
5900020039620,false,פיטנס חטיף דגנים שקדים ודבש פרווה,נסטלה פולין ברים,IL,פיטנס חטיף דגנים שק,,141.00,100 גרם,false,,16.90,0.1199,true,1,248163
5900020041142,false,קורנפלקס פיטנס 500 ג' אסם,נסטלה צרפת איטנקורט,PL,פיטנס קורנפלקס 500 ג,,500.00,100 גרם,false,,12.90,0.0258,true,1,252506
5900352000770,false,שוקולד חלב ממולא ג'לי דובדבן Mella,,,גלרטקה דובדבן 190 ג,,190.00,100 גרם,false,,7.90,0.0416,true,1,173614
5900352001814,false,שוקולד במילוי ג'לי תפוז Mella,,,גלרטקה תפוז 190 ג,,190.00,100 גרם,false,,7.90,0.0416,true,1,173615
5900352001821,false,שוקולד חלב ממולא ג'לי לימון Mella,,,גלרטקה לימון 190 ג,,190.00,100 גרם,false,,7.90,0.0416,true,1,226790
5900352002361,false,עוגיות יזיקי קלאסיק,,,יזיקי קלאסיק 140 ג,,140.00,,false,,7.90,0.0564,true,1,227876
5900352002866,false,חטיף שוקולד אליבי מק,אליבי מקס Alibi Max,,חטיף אליבי 49 ג,יחידה,0.00,יחידה,false,,4.50,0.0000,true,1,173619
5900352014449,false,וופל בלגי וניל 130 ג,,,וופל בלגי וניל 130 ג,,130.00,,false,,4.90,0.0377,true,1,226781
5900352014456,false,וופל בלגי שוקולד 130,,,וופל בלגי שוקולד 130,,130.00,100 גרם,false,,4.90,0.0377,true,1,226782
5900352014470,false,וופל בלגי קרמל 140 ג,,,וופל בלגי קרמל 140 ג,,140.00,100 גרם,false,,4.90,0.0350,true,1,226783
5900352015576,false,וופל בלגי קרם קוקוס,,,וופל בלגי קרם קוקוס,,130.00,100 גרם,false,,4.90,0.0377,true,1,252501
5900627063233,false,טבליות למדיח AIO 50 יח פיניש,רקיט בנקיזר,PL,פיניש טבליות למדיח 5,,50.00,,false,,34.90,0.6980,true,1,199444
5901677007611,false,שוקולד ברון חלב 300ג,,,שוקולד ברון חלב 300ג,,300.00,,false,,11.90,0.0397,true,1,250382
5901677009011,false,שוקולד ברון מריר 70%,,,שוקולד ברון מריר 70%,,100.00,100 גרם,false,,6.90,0.0690,true,1,252653
5902198160403,false,"משקה אנרגיה XL TEN פחית לל""ס 250מ""ל","טמפו משקאות בע""מ",IL,אקסל משקה אנרגיה טן,,250.00,100 גרם,false,,5.00,0.0200,true,1,220258
5902581683816,false,שוקולד חלב ממולא תות,,,שוקולד חלב ממולא תות,,100.00,,false,,4.90,0.0490,true,1,252259
5904603190654,false,עגבניות צהוב אדום בח,דבורק,,עגבניות צהוב אדום בח,,880.00,100 גרם,false,,13.90,0.0158,true,1,251409
5904603190715,false,עגבניות בחומץ פיקנטי,דבורק,,עגבניות בחומץ עם פיק,,880.00,,false,,13.90,0.0158,true,1,251421
5904603191323,false,מלפפונים כבושים דוור,דבורק,,מלפפונים כבושים דוור,,850.00,100 גרם,false,,13.90,0.0164,true,1,251412
5904941750312,false,"משקה אנרגיה BLU מוחיטו 250 מ""ל",אקו - ביט,PL,בלו דיי משקה אנרגיה,,250.00,100 גרם,false,,4.90,0.0196,true,1,171994
5904941751302,false,"משקה אנרגיה בלו 250 מ""ל- בודד",אקו - ביט,PL,בלו משקה אנרגיה 250מ,,250.00,100 גרם,false,,4.90,0.0196,true,1,171995
5904941751920,false,בלו משקה אנרגיה דיי חצי מכמות הקלו250 מל,אקו - ביט,PL,בלו דיי משקה אנרגיה,,250.00,,false,,4.90,0.0196,true,1,172004
5906485301012,false,"משקה אנרגיה XL פחית 250 מ""ל","טמפו משקאות בע""מ",IL,אקסל משקה אנרגיה 250,,250.00,100 גרם,false,,5.00,0.0200,true,1,172860
5941021001254,false,טבלת שוקולד בטעם תפוז היידי גראנדור 80 ג',,,שוקולד היידי גראנדור,,80.00,,false,,10.90,0.1363,true,1,207466
5941021001674,false,טבלת שוקולד היידי גראנדור 80% 80 ג',,,שוקולד היידי גראנדור,,80.00,100 גרם,false,,10.90,0.1363,true,1,207468
5941021004309,false,"שוקולד היידי גראנדור פלורנטין, 100 ג'",,,שוקולד היידי גראנדור,,100.00,,false,,10.90,0.1090,true,1,207471
5941021007577,false,טבלת שוקולד פיסטוק היידי גראנדור 80 ג',,,שוקולד היידי גראנדור,,80.00,,false,,10.90,0.1363,true,1,207477
5941021016401,false,טבלת שוקולד מריר שקד היידי גראנדור 100 ג',,,טבלת היידי שוקולד גר,,100.00,100 גרם,false,,10.90,0.1090,true,1,235354
5998710132201,false,בונבוניירה שרי קווין,קריות זול,,בונבוניירה שרי קווין,,132.00,100 גרם,false,,14.90,0.1129,true,1,250369
6001067024446,false,קולגייט אקסטרה קלין שלישיה,COLGATE ($) -PALMOLI,,קולגייט מברשת שיניים,יחידה,0.00,יחידה,false,,10.00,0.0000,true,1,207392
6008165003984,false,סיגריות פאל מאל כחול סטרים פילט בודד,אמריקן גרדן,,פאל מאל כחול סטרים,יחידה,0.00,יחידה,false,,28.00,0.0000,false,1,202327
6008165274629,false,סיגריות פאל מאל כחול ארוך סטרים,יושלם,,פאל מאל כחול ארוך,יחידה,0.00,יחידה,false,,28.00,0.0000,false,1,202330
6111094000198,false,קוסקוס דק 350 ג' דארי,דארי Dari,,קוסקוס דארי דק 350 ג,יחידה,0.00,יחידה,false,,7.90,0.0000,true,1,245606
6111094000259,false,קוסקוס דארי בינוני ת,דארי Dari,,קוסקוס דארי בינוני ת,,500.00,100 גרם,false,,8.90,0.0178,true,1,252570
6112012100075,false,קולפן פלסטיק איכותי,,,קולפן פלסטיק יקר,יחידה,0.00,יחידה,false,,12.90,0.0000,true,1,214408
6112012100358,false,שישיית קולבי פלסטיק,,,שישיית קולבי פלסטיק,יחידה,0.00,יחידה,false,,10.90,0.0000,true,1,214412
6112012100655,false,מגב לשיש מהודר,,,מגבלשיש מהודר,יחידה,0.00,יחידה,false,,7.90,0.0000,true,1,227358
6112012100969,false,פורס ביצים איכותי מפלסטיק,,,פורס ביצים איכותי פל,יחידה,0.00,יחידה,false,,11.90,0.0000,true,1,229674
6112013100388,false,פותחן ליין,,,פותחן ליין,יחידה,0.00,יחידה,false,,9.90,0.0000,true,1,214447
6112015100294,false,"מגב מתכת 40 ס""מ",,,"מגב מתכת 40 ס""מ",יחידה,0.00,יחידה,false,,21.90,0.0000,true,1,214474
6112017101350,false,מצע לירקות ופירות מטורקיה,,,מצע לירקות ופירות מט,יחידה,0.00,יחידה,false,,9.90,0.0000,true,1,227300
6112017101534,false,מברשת לאסלה,,,מברשת לאסלה,יחידה,0.00,יחידה,false,,21.90,0.0000,true,1,227339
6112017103354,false,אטבי כביסה סיליקון 12 יח',,,אטבי כביסה סיליקון 1,יחידה,0.00,יחידה,false,,9.90,0.0000,true,1,227308
6112017103491,false,קולפן איכותי,,,קולפן איכותי,יחידה,0.00,יחידה,false,,8.90,0.0000,true,1,227594
6112017103897,false,שלישיית סכיני מטבח צבעוני,,,שלישיית סכינים,יחידה,0.00,יחידה,false,,9.90,0.0000,true,1,227289
6112017104153,false,ספוג מסאג',,,ספוג מסאז,יחידה,0.00,יחידה,false,,8.90,0.0000,true,1,227335
6112017104566,false,מטאטא כסף אדום,,,מטאטא כסף אדום,יחידה,0.00,יחידה,false,,26.90,0.0000,true,1,234927
6112017104573,false,מטאטא שחור לבן,,,מטאטא שחור לבן,יחידה,0.00,יחידה,false,,24.90,0.0000,true,1,227602
6112017105778,false,"מגב סיליקון 40 ס""מ",,,"מגב לריצפה 40 ס""מ",יחידה,0.00,יחידה,false,,20.90,0.0000,true,1,234987
6112017106232,false,מתלה קיר למטאטא/ מגב,,,מתלה למטאטאים,יחידה,0.00,יחידה,false,,19.90,0.0000,true,1,243241
6118000061090,false,סרדינים מרוקאים בשמן סויה -טנגיר 125,,,סרדין מרוקאי בשמן סו,,125.00,100 גרם,false,,6.90,0.0552,true,1,200090
6118000240501,false,סרדינים מרוקאים בשמן סויה עם פלפל חריף - 125 גרם,,,סרדין מרוקאי בשמן סו,,125.00,100 גרם,false,,6.90,0.0552,true,1,215637
6224008178194,false,במיה כפתורים קפוא לח,,,במיה כפתורים קפוא לח,,400.00,100 גרם,false,,7.00,0.0175,true,1,253586
6315280312069,false,טוסטר 2 פרוסות נירוסטה BENATON BT-206,,,טוסטר 2 פרוסות נירוס,יחידה,0.00,יחידה,false,,89.00,0.0000,true,1,251095
6910191800287,false,אצות נורי בלו 10 דף (ננגטונג),ננטונג היידה אקווטוק,CN,דפי סושי אצות נורי ב,,10.00,,false,,12.90,1.2900,true,1,204717
6912977000140,false,אטריות שעועית 250 גר' ( Yantai)ללא גלוטן,יאנטאי ינסידה לנוגקא,CN,אטריות שעועית 250גר,,250.00,,false,,9.90,0.0396,true,1,204718
6921850653113,false,תאורת חרום נטענת ניידת 10 לדים +פנס 1W שקע AC,,,תאורת חירום ניידת WI,יחידה,0.00,יחידה,false,,39.90,0.0000,true,1,253147
6922276100083,false,מחית וואסבי -חזרת 43 גרם (דליאן),דליאן ג'ינדה קונדימנ,CN,מחית וואסבי 43גר,,43.00,100 גרם,false,,10.90,0.2535,true,1,204720
6925374202437,false,מתלים מפלסטיק - שלישייה,,,מתלים פלסטיק שלישייה,יחידה,0.00,יחידה,false,,8.90,0.0000,true,1,234908
6931191500076,false,מספריים מקצועיות למטבח,,,מספריים ממקצועיות למ,יחידה,0.00,יחידה,false,,11.90,0.0000,true,1,214505
6931191500878,false,מקלף פלסטיק,,,מקלף פלסטיק,יחידה,0.00,יחידה,false,,5.90,0.0000,true,1,214514
6934931267246,false,מצת לכיריים,,,מצת לכיריים,יחידה,0.00,יחידה,false,,9.90,0.0000,true,1,248508
6934931272196,false,מטאטא מאלזיה גב עץ,,,מטאטא מאלזיה גב עץ,יחידה,0.00,יחידה,false,,19.90,0.0000,true,1,248503
6935487561246,false,מסיכה כירורגית שחורה מארז 50 יח',,,מסכות חד פעמי 50 יח,,50.00,,false,,9.90,0.1980,true,1,246921
6935673035612,false,כפפות אלוורה להקלה על עור יבש - קטן S,מ.א ייצור ושיווק מטל,CN,כפפות אלוורה שאיני S,יחידה,0.00,יחידה,false,,7.90,0.0000,true,1,197169
6935673035629,false,כפפות אלוורה להקלה על עור יבש - בינוני M,מ.א ייצור ושיווק מטל,CN,כפפות אלוורה שאיני M,יחידה,0.00,יחידה,false,,7.90,0.0000,true,1,197170
6935673035636,false,כפפות אלוורה להקלה על עור יבש - גדול L,מ.א ייצור ושיווק מטל,CN,כפפות אלוורה שאיני L,יחידה,0.00,יחידה,false,,7.90,0.0000,true,1,197171
6936745600462,false,רוטב מירין לתיבול מז,דאנינג יוה פודס קו,CN,מירין דאניינג 500מל,,500.00,100 גרם,false,,19.90,0.0398,true,1,204740
6936745600783,false,"חומץ אורז 500 מ""ל (דאניינג)",דאנינג יוה פודס קו,CN,חומץ אורז דאניינג 50,,500.00,100 גרם,false,,15.90,0.0318,true,1,204741
6939924820989,false,מפזר חום עגול לבן MI,,,מפזר חום מידאה 9103,יחידה,0.00,יחידה,false,,79.90,0.0000,true,1,242847
6985425120028,false,ספוגים רחצה רביעייה,,,ספוגים רחצה רביעייה,יחידה,0.00,יחידה,false,,9.90,0.0000,true,1,214527
6985425120103,false,דבק סלוטייפ,,,דבק סלוטייפ,יחידה,0.00,יחידה,false,,9.90,0.0000,true,1,214529
6985425120301,false,אטבי כביסה 30 יחידות,,,אטבי כביסה 30 יחידות,יחידה,0.00,יחידה,false,,9.90,0.0000,true,1,227295
6985425120592,false,קרש חיתוך מעץ,,,קרש חיתוך עץ,יחידה,0.00,יחידה,false,,17.90,0.0000,true,1,229713
6985425120677,false,מסננת איכותית מאלומניום,,,מסננת איכותית מאלומי,יחידה,0.00,יחידה,false,,16.90,0.0000,true,1,229714
7271730901261,false,ווקי מאק ארוחת אטריות עם גבינה 156 גרם,ניו וורלד פסטה קומפנ,US,תערובת להכנת פסטה+גב,,156.00,100 גרם,false,,12.90,0.0827,true,1,174436
7290000013206,false,זנב בקר,,,זנב בקר,קילוגרמים,1.00,"ק""ג",true,,69.90,69.9000,true,1,197950
7290000013954,false,צוואר עע,,,צוואר עע,קילוגרמים,1.00,"ק""ג",true,,69.00,69.0000,true,1,197951
7290000013961,false,כתף עגל פריים עע,,,כתף עגל פריים עע,קילוגרמים,1.00,"ק""ג",true,,69.00,69.0000,true,1,230337
7290000023083,false,ערק אשקלון 40% בקבוק,"יקבי ברקן בע""מ",IL,ערק אשקלון 700 מל,,700.00,100 גרם,false,,49.90,0.0713,true,1,172874
7290000023809,false,"יין ברקן קלאסיק קברנה סובניון 750מ""ל",יקבי ברקן שיווק והפצ,IL,יין קלאסיק קברנה סוב,,750.00,,false,,39.90,0.0532,true,1,172899
7290000023816,false,"יין ברקן קלאסיק אמרלד ריזלינג 750מ""ל",יקבי ברקן שיווק והפצ,IL,קלאסיק אמרלד ריזלינג,,750.00,100 גרם,false,,39.90,0.0532,true,1,172900
7290000023830,false,קלאסיק שיראז רוזה 75,,,קלאסיק רוזה ברקן,,750.00,100 גרם,false,,39.90,0.0532,true,1,172902
7290000023847,false,יין ברקן קלאסיק שרדו,יקבי ברקן שיווק והפצ,IL,קלאסיק שרדונה ברקן,,750.00,100 גרם,false,,39.90,0.0532,true,1,172903
7290000023977,false,"יין ברקן קלאסיק מרלו 750 מ""ל",יקבי ברקן שיווק והפצ,IL,יין קלאסיק מרלו 750מ,,750.00,,false,,39.90,0.0532,true,1,172906
7290000024523,false,מיץ ענבים תירוש אדום,כרמי צבי - האחים סגל,IL,מיץ ענבים של סגל 1 ל,,1000.00,100 גרם,false,,13.90,0.0139,true,1,172918
7290000024530,false,יין אדום מתוק של סגל,כרמי צבי - אחים סגל,IL,יין אדום מתוק קידוש,,750.00,,false,,16.90,0.0225,true,1,172919
7290000033976,false,כתף טלה טרי,,,כתף טלה טרי,קילוגרמים,1.00,"ק""ג",true,,109.00,109.0000,true,1,197952
7290000034256,false,ביסקוויט תירוש חצי מצופה הדר 175ג',אפיפית נצרת תעשיות ב,IL,ביסקויט תירוש 175גרם,,175.00,,false,,7.90,0.0451,true,1,201742
7290000034973,false,חזה טלה ספרייס טרי,,,חזה טלה ספרייס טרי,קילוגרמים,1.00,"ק""ג",true,,79.00,79.0000,true,1,197954
7290000036977,false,צוואר כבש טרי,קצביית פרימיום,IL,צוואר כבש טרי,קילוגרמים,1.00,"ק""ג",true,,79.90,79.9000,true,1,194636
7290000037066,false,פרגית טרי,,,פרגית טרי,קילוגרמים,1.00,"ק""ג",true,,64.90,64.9000,true,1,210289
7290000040042,false,יוגורט תות %3 גביע 150 ג' יופלה,תנובה בעמ,IL,יופלה תות שובב 3% 15,,150.00,,false,,5.20,0.0347,true,1,188499
7290000040066,false,יוגורט דובדבן 3% שומן 150 ג' יופלה,תנובה בעמ,IL,יופלה דובדבן פראי 3%,,150.00,,false,,5.20,0.0347,true,1,188501
7290000040080,false,יוגורט אפרסק 3% שומן 150 ג' יופלה,תנובה בעמ,IL,יופלה אפרסק מאוהב 3%,,150.00,,false,,5.20,0.0347,true,1,188502
7290000040974,false,חלב תנובה קרטון דל לקטוז 2% 1ל,תנובה מרכז שיתופי לש,IL,חלב קרטון דל לקטוז ת,,1000.00,100 גרם,false,,7.50,0.0075,true,1,188511
7290000041407,false,"גיל לבן 3% תנובה 125 מ""ל בד""צ",תנובה מרכז שיתופי לש,IL,גיל 125 גרם תנובה,,125.00,,false,,0.94,0.0075,true,1,188512
7290000041452,false,קוטג תנובה מהדרין 9% 250ג,תנובה מרכז שיתופי לש,IL,קוטג' 9% בדצ 250גר,,250.00,,false,,5.90,0.0236,true,1,188514
7290000041858,false,"שמנת חמוצה 15% יטבתה 200 מ""ל מהדרין",שטראוס גרופ,IL,שמנת חמוצה מעושר 15%,,200.00,,false,,2.70,0.0135,true,1,195034
7290000041865,false,"לבן 4.5% יטבתה מהדרין 200מ""ל",מחלבת יטבתה,IL,אשל 4.5% יטבתה 200מל,,200.00,100 גרם,false,,2.00,0.0100,true,1,195035
7290000041872,false,"לבן 3% יטבתה 200מ""ל מהדרין",מחלבת יטבתה,IL,לבן 3% 200מל,,200.00,100 גרם,false,,2.00,0.0100,true,1,195036
7290000042015,false,חלב טרי 3% תנובה שקית 1ל' מהדרין,תנובה מרכז שיתופי לש,IL,חלב טרי בשקית 3% בדצ,,1000.00,,false,,5.43,0.0054,true,1,188517
7290000042435,false,חלב טרי 1% קרטון פקק 1ל' תנובה,תנובה מרכז שיתופי לש,IL,חלב דל שומן 1% בקרטו,,1000.00,100 גרם,false,,5.86,0.0059,true,1,188526
7290000042640,false,"חלב תנובה עמיד 3% קרטון 250 מ""ל",תנובה מרכז שיתופי לש,IL,חלב עמיד תנובה 3% 25,,250.00,,false,,3.30,0.0132,true,1,188534
7290000042855,false,יוטבתה שוקו שקית 225מל,שטראוס גרופ,IL,שוקו שקית 250,,250.00,,false,,3.00,0.0120,true,1,195039
7290000043012,false,"שוקו עמיד 2% בקרטון 250 מ""ל תנובה",תנובה מרכז שיתופי לש,IL,שוקו עמיד 2% תנובה 2,,250.00,,false,,5.20,0.0208,true,1,188538
7290000043814,false,"שמנת מתוקה להקצפה 38% 250 מ""ל תנובה",תנובה מרכז שיתופי לש,IL,השף הלבן שמנת עמידה,,250.00,100 גרם,false,,6.47,0.0259,true,1,188541
7290000043890,false,רויון בקרטון 1 ליטר,תנובה מרכז שיתופי לש,IL,רויון תנובה 1.5% 1לי,,1000.00,,false,,12.20,0.0122,true,1,188543
7290000043944,false,כד יוגורט תנובה 4% שומן 1.5 ליטר,מיוצר עי קונדיטוריית,IL,יוגורט כדים תנובה 1.,,1500.00,100 גרם,false,,17.90,0.0119,true,1,188544
7290000044712,false,יוגורט עם תות 1.5% שומן 500 ג' פרילי,מיוצר עי קונדיטוריית,IL,יוגורט פרילי תות 1.5,,500.00,100 גרם,false,,11.50,0.0230,true,1,188551
7290000045573,false,גבינת מותכת משולשים 25% שומן 200 ג' נעמה,קריות זול,IL,גבינה מותכת נעמה 25%,,200.00,100 גרם,false,,15.70,0.0785,true,1,188555
7290000045580,false,"גבינת מותכת נעמה חורש 25%, 240 ג'",תנובה מרכז שיתופי לש,IL,גבינת חורש 16 יחידות,,240.00,100 גרם,false,,18.90,0.0787,true,1,188556
7290000045771,false,יוגורט 4% שומן 3 ל' תנובה,תנובה מרכז שיתופי לש,IL,יוגורט כדים תנובה 3ל,,3000.00,,false,,29.90,0.0100,true,1,188557
7290000046006,false,גבינה צהובה עמק בלוק,תנובה מרכז שיתופי לש,,עמק 28% תנובה,קילוגרמים,1.00,"ק""ג",true,,44.79,44.7900,true,1,188421
7290000046020,false,"גבינה גלבוע בלוק ק""ג",תנובה מרכז שיתופי לש,,גלבוע 22% תנובה,קילוגרמים,1.00,"ק""ג",true,,42.58,42.5800,true,1,188422
7290000046136,false,גלבוע 22% תנובה,קריות זול,,גלבוע 22% תנובה,קילוגרמים,1.00,"ק""ג",true,,42.58,42.5800,true,1,243314
7290000046563,false,גבע פרמזן תנובה במשק,תנובה מרכז שיתופי לש,,פרמזן קולאז 23% תנוב,קילוגרמים,1.00,"ק""ג",true,,119.00,119.0000,true,1,188430
7290000046662,false,עמק דליקטס סקנדינבית,תנובה מרכז שיתופי לש,,עמק דליקטס סקנדינבית,קילוגרמים,1.00,"ק""ג",true,,81.00,81.0000,true,1,188433
7290000047027,false,גבינה גלעד קצקאבל27%,תנובה מרכז שיתופי לש,,קאשקבל 28% תנובה חלב,קילוגרמים,1.00,"ק""ג",true,,129.00,129.0000,true,1,230680
7290000047485,false,בולגרית פיראוס 24% ב,תנובה מרכז שיתופי לש,,בולגרית 24% תנובה,קילוגרמים,1.00,"ק""ג",true,,55.00,55.0000,true,1,188437
7290000047546,false,כנען גבינה לבנה ללא מלח 5% 500 ג',תנובה מרכז שיתופי לש,IL,גבינה לבנה ללא תוספת,,500.00,100 גרם,false,,26.50,0.0530,true,1,188565
7290000048185,false,גבינה לבנה 5% שומן 250 ג' תנובה,מיוצר עי קונדיטוריית,IL,גבינה לבנה 5% תנובה,,250.00,,false,,4.98,0.0199,true,1,188572
7290000048192,false,גבינה לבנה 9% שומן 250 ג' תנובה,מחלבת אלון תבור,IL,גבינה לבנה 9% תנובה,,250.00,,false,,5.20,0.0208,true,1,188573
7290000048307,false,קוטג' 5% וזיתים ירוקים 250ג' תנובה,מיוצר עי קונדיטוריית,IL,גבינת קוטג׳ 5% עם זי,,250.00,,false,,5.90,0.0236,true,1,188575
7290000048437,false,גבינה צפתית 5% 200 ג' פיראוס,פארייפאבה אגרואינדוס,IL,פיראוס צפתית 5% שומן,,200.00,,false,,15.90,0.0795,true,1,188577
7290000049458,false,גבינת פטה עיזים 16% גביע פיראוס 250 ג',תנובה מרכז שיתופי לש,IL,פטה עיזים פיראוס 16,,250.00,100 גרם,false,,29.90,0.1196,true,1,188579
7290000050454,false,יוגורט אפרסק 500 ג' יופלה,מיוצר עי קונדיטוריית,IL,יופלה YYY אפרסק 3% 5,,500.00,,false,,14.30,0.0286,true,1,188593
7290000051352,false,חלב מלא בטעם של פעם 3.4% תנובה קרטון 1 ל',תנובה מרכז שיתופי לש,IL,חלב בטעם של פעם 3.4%,,1000.00,100 גרם,false,,8.00,0.0080,true,1,188621
7290000051376,false,יופלה דיאט אננס גביע 150 ג',תנובה מרכז שיתופי לש,IL,יופלה דיאט אננס ספור,,150.00,,false,,5.20,0.0347,true,1,188623
7290000051710,false,לאבנה 9% עם שמן זית וזעתר 263 ג' פיראוס,"תנובה, מחלבת אלון תב",IL,לאבנה עם שמן זית וזע,,263.00,100 גרם,false,,14.90,0.0567,true,1,188630
7290000052311,false,גבינה צהובה לייט 15% 200 ג' עמק,תנובה מרכז שיתופי לש,IL,גבינה צהובה עמק לייט,,200.00,,false,,17.50,0.0875,true,1,188649
7290000052649,false,גבינת לאבנה 5% שומן 500 ג' פיראוס,תנובה מרכז שיתופי לש,IL,פיראוס לאבנה 5% גביע,,500.00,,false,,20.90,0.0418,true,1,188663
7290000052717,false,קוטג' 5%עם שום שמיר 250 ג' תנובה,מיוצר עי קונדיטוריית,IL,קוטג' שום שמיר 5% 25,,250.00,100 גרם,false,,5.90,0.0236,true,1,188668
7290000055015,false,גבינת פיראוס פטה כבשים 5% 250 ג' פיראוס,תנובה מרכז שיתופי לש,IL,פטה כבשים 5% שומן פי,,250.00,100 גרם,false,,28.90,0.1156,true,1,227533
7290000055329,false,יופלה משקה יוגורט תות מלון 1.5% 250מל.,תנובה מרכז שיתופי לש,IL,יופלה משקה יוגורט תו,,250.00,100 גרם,false,,5.90,0.0236,true,1,188771
7290000055336,false,יופלה משקה יוגורט בננה אפרסק 1.5% 250מל,תנובה מרכז שיתופי לש,IL,יופלה משקה יוגורט בנ,,250.00,,false,,5.90,0.0236,true,1,188772
7290000055343,false,יופלה משקה יוגורט טרופי 1.5% 250מל,תנובה מרכז שיתופי לש,IL,יופלה משקה יוגורט טר,,250.00,,false,,5.90,0.0236,true,1,188773
7290000055350,false,גבינה צהובה חריץ עמק,תנובה מרכז שיתופי לש,,עמק 28% תנובה,קילוגרמים,1.00,"ק""ג",true,,44.79,44.7900,true,1,243828
7290000055893,false,חמאה משמנת מפוסטרת 200ג' כ.מהדרין,תנובה מרכז שיתופי לש,IL,חמאה מהדרין תנובה 20,,200.00,100 גרם,false,,8.70,0.0435,true,1,188787
7290000056845,false,חלב טרי 3% הומוגני קרטון 1.5 ל' תנובה,פארייפאבה אגרואינדוס,IL,חלב טרי 3% תנובה 1.5,,1500.00,100 גרם,false,,9.35,0.0062,true,1,188818
7290000056906,false,מאגדת לבן טבעי 1.5% שומן 8 יח' * 150 ג' יופלה,מחלבת אלון תבור,IL,יופלה לבן מאגדת שמינ,,1200.00,100 גרם,false,,18.90,0.0157,true,1,188822
7290000056951,false,"שמנת לבישול 15% שומן 500 מ""ל תנובה",תנובה מרכז שיתופי לש,IL,שמנת עמידה לבישול 15,,500.00,,false,,18.50,0.0370,true,1,188825
7290000057118,false,עמק סמי מעדנייה כשרות מהדרין,תנובה מרכז שיתופי לש,IL,המעדניה של עמק 28% 4,,400.00,,false,,23.90,0.0597,true,1,188833
7290000057132,false,יוגורט טבעי 1.5% שומן 200 ג' תנובה,מחלבת אלון תבור,IL,יוגורט טבעי 1.5%תנוב,,200.00,100 גרם,false,,3.20,0.0160,true,1,188834
7290000057149,false,יוגורט טבעי 3% שומן 200 ג' תנובה,מיוצר עי קונדיטוריית,IL,יוגורט טבעי 3% תנובה,,200.00,,false,,3.20,0.0160,true,1,188835
7290000058030,false,"יופלה שטוזים משקה יוגורט תות 8 יח' * 100 מ""ל",מיוצר עי קונדיטוריית,IL,יופלה שטוזים משקה יו,,800.00,100 גרם,false,,21.90,0.0274,true,1,188870
7290000058047,false,**שף לבן שמנת מתוקה מהדרין 38% פקק 500מ,תנובה מרכז שיתופי לש,IL,השף הלבן שמנת 38% 5ע,,500.00,,false,,12.94,0.0259,true,1,188871
7290000060088,false,בייגלה אסם מקלות מלוחים 400 גרם,מיוצר עי קונדיטוריית,IL,בייגלה מקלות מלוחים,,300.00,100 גרם,false,,12.90,0.0430,true,1,176022
7290000060156,false,פסטה אסם אטריות ביצים דקות 200גר,"אסם השקעות בע""מ",IL,אסם אטריות ביצים דקו,,200.00,100 גרם,false,,7.50,0.0375,true,1,176025
7290000060163,false,פסטה אסם אטריות דקות 400גר,"אסם השקעות בע""מ",IL,אטריות דקות אסם 400ג,,400.00,100 גרם,false,,7.50,0.0188,true,1,176026
7290000060200,false,פסטה אסם פתיתים אפויים קוסקוס 500גר,"אסם השקעות בע""מ",IL,פתיתים אפויים קוסקוס,,500.00,100 גרם,false,,8.60,0.0172,true,1,176028
7290000060217,false,פסטה אסם מקרוני 7 500 גר,קריות זול,IT,פסטה מקרוני 7 אסם 50,,500.00,100 גרם,false,,6.90,0.0138,true,1,176029
7290000060248,false,פסטה אסם פתיתים תלתלים 500גר,קריות זול,IT,פסטה תלתלים אסם 500,,500.00,100 גרם,false,,6.90,0.0138,true,1,176030
7290000060316,false,פסטה פרפקטו ספגטי 500ג' אסם,קריות זול,IT,ספגטי אסם פרפקטו 500,,500.00,100 גרם,false,,8.60,0.0172,true,1,176033
7290000060330,false,פרפקטו פרפקטו ספיראלי גירף 500 גר,קריות זול,IT,פסטה פרפקטו ספיראלי,,500.00,100 גרם,false,,8.60,0.0172,true,1,176035
7290000060408,false,פסטה אסם פתיתים אפויים טבעות 500 גר,"אסם השקעות בע""מ",IL,פתיתים אפויים טבעות,,500.00,100 גרם,false,,8.60,0.0172,true,1,176039
7290000060415,false,פסטה פרפקטו לזאניה אסם 500ג',קריות זול,IT,לזניה פרפקטו 500גר,,500.00,100 גרם,false,,17.40,0.0348,true,1,176040
7290000060576,false,פסטה אסם פתיתים אפוי כוכב 500גר,"אסם השקעות בע""מ",IL,פתיתים אפויים כוכב א,,500.00,100 גרם,false,,8.60,0.0172,true,1,176050
7290000060781,false,פסטה אסם פתיתים מסולסלים 500גר,קריות זול,IT,פסטה מסולסלים אסם 50,,500.00,100 גרם,false,,6.90,0.0138,true,1,176053
7290000060828,false,פסטה קרניים בינוניות 500 ג' אסם,קריות זול,IT,פסטה קרניים בינוניות,,500.00,100 גרם,false,,6.90,0.0138,true,1,176056
7290000060842,false,פסטה אסם פתיתים צדפים גדולים 500גר,קריות זול,IT,פסטה צדפים גדולים אס,,500.00,100 גרם,false,,6.90,0.0138,true,1,176058
7290000060880,false,פסטה מס' 8 ספגטי אסם 500ג',קריות זול,IT,פסטה ספגטי אסם 500גר,,500.00,100 גרם,false,,6.90,0.0138,true,1,176061
7290000060903,false,פסטה אסם פתיתים אפויים אורז 500גר,"אסם השקעות בע""מ",IL,פתיתים אפויים אורז א,,500.00,100 גרם,false,,8.60,0.0172,true,1,176062
7290000060958,false,פסטה אסם אטריות בינוניות 400 גרם,"אסם השקעות בע""מ",IL,אטריות בינוניות אסם,,400.00,100 גרם,false,,7.50,0.0188,true,1,176065
7290000060965,false,פסטה אסם אטריות רחבות 400גר,"אסם השקעות בע""מ",IL,אטריות רחבות אסם 400,,400.00,100 גרם,false,,7.50,0.0188,true,1,176066
7290000060972,false,פסטה אסם אטריות דקיקות 400 גרם,קריות זול,IT,אטריות דקיקות אסם 40,,400.00,100 גרם,false,,7.50,0.0188,true,1,176067
7290000061061,false,קרקר בצל אסם 250 גרם,"אסם השקעות בע""מ",IL,אסם קרקר בצל 250 גרם,,250.00,100 גרם,false,,12.90,0.0516,true,1,176068
7290000061085,false,"רוטב צ'ילי מתוק אסם 290מ""ל",אסם תעשיות,IL,רוטב צילי מתוק אסם 2,,290.00,,false,,13.90,0.0479,true,1,176070
7290000061108,false,"רוטב טריאקי 290 מ""ל אסם","אסם השקעות בע""מ",IL,רוטב טריאקי אסם 290מ,,290.00,,false,,13.90,0.0479,true,1,176071
7290000061214,false,פתיתים אפויים קוסקוס עם בצל אסם 500 גר',"אסם השקעות בע""מ",IL,פתיתים אפויים קוסקוס,,500.00,100 גרם,false,,8.90,0.0178,true,1,176073
7290000061245,false,עוגיות שוקוצ'יפס ממולאו שוקו' אסם 220ג',מיוצר עי קונדיטוריית,IL,עוגיות שוקוציפס ממול,,220.00,100 גרם,false,,13.50,0.0614,true,1,176074
7290000061450,false,פתיתים אפויים קוסקוס צבעוני אסם 500 גר',"אסם השקעות בע""מ",IL,פתיתים אפויים קוסקוס,,500.00,100 גרם,false,,8.60,0.0172,true,1,176078
7290000061764,false,נסקפה רד מאג טעם חדש 200ג',נסטלה ספרד קפה,ES,רד מאג נסקפה 200גר,,200.00,100 גרם,false,,24.90,0.1245,true,1,176087
7290000062242,false,דובונים שמנת בצל 40 גר' אסם,"אסם השקעות בע""מ",IL,דובונים שמנת בצל אסם,,40.00,100 גרם,false,,5.10,0.1275,true,1,176097
7290000062952,false,אוסם - מיני קרוטונים למרק ולסלט 250 גרם,עינת תעשיות מזון,IL,אסם מיני קרוטונים למ,,250.00,100 גרם,false,,18.50,0.0740,true,1,176104
7290000063102,false,קמח עוגה אסם תופח מאליו 350ג',"אסם השקעות בע""מ",IL,קמח תופח אסם 350גר,,350.00,100 גרם,false,,5.50,0.0157,true,1,176109
7290000063140,false,שקדי מרק רכיבים טבעיים בשקית 400 ג' אסם,"אסם השקעות בע""מ",IL,שקדי מרק רכיבים טבעי,,400.00,100 גרם,false,,14.90,0.0373,true,1,176111
7290000063157,false,"קמח תופח מאליו אסם 1 ק""ג","אסם השקעות בע""מ",IL,קמח תופח מאליו אסם 1,,1000.00,100 גרם,false,,10.90,0.0109,true,1,176112
7290000064758,false,קוסקוס בינוני אמיתי אסם 350 ג',"מיוצר ע""י קוד יצרן K",IL,קוסקוס בינוני אסם 35,,350.00,100 גרם,false,,8.90,0.0254,true,1,176146
7290000064871,false,"אוסם - מנה חמה פירה תפו""א עם בצל 56 גרם","אסם השקעות בע""מ",IL,מנה חמה אסם פירה תפו,,56.00,100 גרם,false,,7.50,0.1339,true,1,176151
7290000065335,false,אוסם - מנה חמה פירה עם ירקות 55 גרם,"אסם השקעות בע""מ",IL,מנה חמה אסם פירה עם,,55.00,100 גרם,false,,7.50,0.1364,true,1,176157
7290000065557,false,אוסם - מנה חמה קוסקוס עם ירקות 84 גרם,"אסם תעשיות מזון בע""מ",IL,מנה חמה אסם קוסקוס ע,,84.00,100 גרם,false,,7.50,0.0893,true,1,176159
7290000066134,false,ביסלי בטעם פלאפל אסם,"אסם השקעות בע""מ",IL,ביסלי בטעם פלאפל אסם,,70.00,100 גרם,false,,5.30,0.0757,true,1,176173
7290000066141,false,ביסלי בטעם גריל אסם,"אסם השקעות בע""מ",IL,ביסלי בטעם גריל אסם,,70.00,100 גרם,false,,5.30,0.0757,true,1,176174
7290000066172,false,ביסלי בטעם פיצה אסם,"אסם השקעות בע""מ",IL,ביסלי בטעם פיצה אסם,,70.00,100 גרם,false,,5.30,0.0757,true,1,176177
7290000066196,false,ביסלי גדול בטעם גריל 200 ג' אסם,מיוצר עי קונדיטוריית,IL,ביסלי גדול טעם גריל,,200.00,100 גרם,false,,9.50,0.0475,true,1,176179
7290000066226,false,ביסלי בטעם פיצה 200 ג' אסם,מיוצר עי קונדיטוריית,IL,ביסלי בטעם פיצה אסם,,200.00,100 גרם,false,,9.50,0.0475,true,1,176182
7290000066295,false,אסם במבה תות מחומרים טבעיים 30גר,מיוצר עי קונדיטוריית,IL,במבה תות מחומרים טבע,,30.00,100 גרם,false,,2.90,0.0967,true,1,176184
7290000066318,false,במבה קלאסי 80 גרם,"אסם השקעות בע""מ",IL,במבה אסם 80 גרם,,80.00,,false,,4.90,0.0613,true,1,176186
7290000066332,false,אפרופו חטיף אסם 50ג',מיוצר עי קונדיטוריית,IL,אפרופו אסם 50גר,,50.00,100 גרם,false,,5.50,0.1100,true,1,176187
7290000066431,false,פופקו חטיף תירס בטעם חמאה ודבש 80 גרם,מיוצר עי קונדיטוריית,IL,פופקו חטיף אסם 80גר,,80.00,100 גרם,false,,5.70,0.0713,true,1,176190
7290000067544,false,פירורית זהב שקית 200גר,עינת תעשיות מזון,IL,פירורית זהב שקית אסם,,200.00,100 גרם,false,,6.90,0.0345,true,1,176213
7290000067599,false,אוסם - מנה חמה ספגטי רוטב בולנז 65 גרם,"אסם השקעות בע""מ",IL,מנה חמה אסם ספגטי רו,,65.00,100 גרם,false,,7.50,0.1154,true,1,176217
7290000068138,false,אסם פודינג אינסטנט וניל 80 גרם,מיוצר עי קונדיטוריית,IL,פודינג וניל אסם 80גר,,80.00,100 גרם,false,,6.30,0.0787,true,1,176226
7290000068190,false,ג'לי תות שדה צבע טבעי 85 ג',מיוצר עי קונדיטוריית,IL,ג'לי תות אסם 85 גר,,85.00,100 גרם,false,,7.50,0.0882,true,1,176230
7290000068206,false,ג'לי משמש אסם צבע טבעי 85 ג',מיוצר עי קונדיטוריית,IL,ג'לי משמש אסם 85 גר,,85.00,100 גרם,false,,7.50,0.0882,true,1,176231
7290000068237,false,ג'לי פטל צבע טבעי 85ג' אסם,מיוצר עי קונדיטוריית,IL,אסם ג'לי פטל צבעים ט,,85.00,100 גרם,false,,7.50,0.0882,true,1,176232
7290000068251,false,ג'לי אננס אסם צבע טבעי 85 ג',מיוצר עי קונדיטוריית,IL,ג'לי אננס אסם 85 גר,,85.00,100 גרם,false,,7.50,0.0882,true,1,176234
7290000068343,false,אוסם - פירכונים מאורז מלא 140 גרם,"מיוצר ע""י PT, משווק",IL,פריכונים מאורז מלא א,,140.00,100 גרם,false,,9.90,0.0707,true,1,176242
7290000068770,false,במבה יום הולדת אסם 8,"אסם השקעות בע""מ",IL,במבה יום הולדת אסם 8,,80.00,,false,,4.90,0.0613,true,1,176249
7290000069258,false,פסטה פרפקטו פנה ריגאטה 500ג' אסם,קריות זול,IT,פסטה פרפקטו פנה ריגא,,500.00,100 גרם,false,,8.60,0.0172,true,1,176263
7290000069364,false,פריכונים עגולים אורז דל נתרן אסם 140 גרם,"מיוצר ע""י PT, משווק",IL,פריכונים מאורז מלא ל,,140.00,100 גרם,false,,9.90,0.0707,true,1,176267
7290000070308,false,אבקת מרק עוף אמיתי במיכל 400 גרם,"אסם השקעות בע""מ",IL,מרק עוף אמיתי אסם 40,,400.00,100 גרם,false,,19.50,0.0488,true,1,176292
7290000072241,false,אסם רוטב לפיצה בקבוק,"אסם השקעות בע""מ",IL,רוטב פיצה-בקבוק 290מ,,290.00,,false,,13.90,0.0479,true,1,176324
7290000072623,false,אסם קטשופ בקבוק לחיץ,"אסם השקעות בע""מ",IL,קטשופ אסם 750 גרם,,750.00,100 גרם,false,,10.90,0.0145,true,1,176327
7290000072630,false,קטשופ חריף אוסם 750 ג',"אסם השקעות בע""מ",IL,אסם קטשופ חריף 750 ג,,750.00,100 גרם,false,,12.90,0.0172,true,1,176328
7290000072753,false,קפה טייסטר צ'ויס קפה מגורען 200ג',נסטלה קוריאה - קפה,IL,קפה טייסטרס צ׳ויס נס,,200.00,,false,,29.90,0.1495,true,1,176333
7290000072777,false,קפה טייסטר צ'ויס מגור' נ.קפאין 200ג',נסטלה קוריאה - קפה,IL,טסטרס צויס נטול קפאי,,200.00,,false,,39.90,0.1995,true,1,176335
7290000072968,false,דגני בוקר סיני מיניס נסטלה 500 ג',נסטלה פולין דגני בוק,PL,סיני מיניס 500 גרם,,500.00,,false,,26.90,0.0538,true,1,176343
7290000073125,false,אוסם - מנה חמה פסטה עם עגבניות 62 גרם,"אסם השקעות בע""מ",IL,מנה חמה אסם פסטה עם,,62.00,100 גרם,false,,7.50,0.1210,true,1,176346
7290000073415,false,אוסם - מנה חמה פסטה ברוטב פיצה 61 גרם,"אסם השקעות בע""מ",IL,מנה חמה אסם פסטה ברו,,61.00,100 גרם,false,,7.50,0.1230,true,1,176352
7290000073750,false,אוסם - מנה חמה נודלס בטעם עוף 70 גרם,טאי רזידנט,CN,מנה חמה נודלס בטעם ע,,70.00,100 גרם,false,,7.50,0.1071,true,1,176355
7290000073767,false,אוסם - מנה חמה נודלס בטעם בקר 70 גרם,טאי רזידנט,CN,מנה חמה נודלס בטעם ב,,70.00,100 גרם,false,,7.50,0.1071,true,1,176356
7290000073774,false,אוסם - מנה חמה נודלס בטעם פיקנטי 70 גרם,טאי רזידנט,CN,מנה חמה נודלס בטעם פ,,70.00,100 גרם,false,,7.50,0.1071,true,1,176357
7290000074153,false,ביסקוויט פתיבר שוקו,מיוצר עי קונדיטוריית,IL,פתי בר שוקו אסם 500ג,,500.00,100 גרם,false,,15.90,0.0318,true,1,176364
7290000074184,false,אוסם - פתי בר בינוני 500 גרם,"אסם השקעות בע""מ",IL,פתי בר וניל אסם 500ג,,500.00,100 גרם,false,,12.90,0.0258,true,1,176366
7290000074245,false,אוסם - קרם קרקר אסם 250 גרם,"אסם השקעות בע""מ",IL,קרם קרקר אסם 250גר,,250.00,100 גרם,false,,9.60,0.0384,true,1,176367
7290000074252,false,קרקר אסם שומשום 250 גרם,"אסם השקעות בע""מ",IL,קרקר שומשום אסם 250ג,,250.00,100 גרם,false,,10.90,0.0436,true,1,176368
7290000074276,false,קרקר פיקנטי טבעון 250 ג' אסם,"אסם השקעות בע""מ",IL,קרקר פיקנטי טבעון אס,,250.00,100 גרם,false,,12.90,0.0516,true,1,176369
7290000074375,false,אוסם - קרקר זהב 150 גרם,"אסם השקעות בע""מ",IL,קרקר זהב אסם 150 גרם,,150.00,100 גרם,false,,8.90,0.0593,true,1,176374
7290000074481,false,לחמית אגוזים אסם 160 ג',"אסם השקעות בע""מ",IL,לחמית אגוזים אסם 160,,160.00,100 גרם,false,,12.50,0.0781,true,1,176376
7290000074696,false,"קרם קרקר 1 ק""ג אוסם","אסם השקעות בע""מ",IL,קרם קרקר אסם 1 ק״ג,,1000.00,100 גרם,false,,32.20,0.0322,true,1,176379
7290000074764,false,קרקר זהב אסם 900 גרם,אסם תעשיות,IL,קרקר זהב אסם 900גר,,900.00,100 גרם,false,,28.90,0.0321,true,1,176383
7290000075204,false,אוסם - לחמית חיטה מלאה 250 גרם,"אסם השקעות בע""מ",IL,לחמית חיטה מלאה אסם,,250.00,100 גרם,false,,10.90,0.0436,true,1,176393
7290000075693,false,עוגת הבית שמרים בריוש שוקולד 360ג',מיוצר עי קונדיטוריית,IL,עוגת הבית שמרים בריו,,360.00,100 גרם,false,,19.90,0.0553,true,1,176400
7290000076133,false,בייגלה שמיניות קטנות 400 גרם אסם,"אסם השקעות בע""מ",IL,בייגלה שמיניות קטנות,,400.00,100 גרם,false,,12.90,0.0323,true,1,176402
7290000076645,false,אוסם - טוסטעים חיטה מלאה 100 גרם,ון דר מולן האלום,NL,אסם טוסטים חיטה מלאה,,100.00,100 גרם,false,,11.90,0.1190,true,1,176414
7290000077017,false,עוגיות קרמוגית וקרם שוקולד אסם 200 גרם,מיוצר עי קונדיטוריית,IL,קרמוגית במילוי שוקול,,200.00,100 גרם,false,,13.50,0.0675,true,1,176425
7290000077253,false,אוסם - לחמית כפרית עם דגנים מלאים 190 גרם,"אסם השקעות בע""מ",IL,לחמית כפרית עם דגנים,,190.00,100 גרם,false,,12.50,0.0658,true,1,176431
7290000078762,false,אוסם - חטיפי פריכונים מאורז מלא בטעם דבש 80גר,סנורייס בלגיום אן. ו,BE,חטיפי פריכונים מאורז,,80.00,100 גרם,false,,9.90,0.1238,true,1,176448
7290000079233,false,קרקר קרם דל נתרן 250 ג' אסם,אסם תעשיות,IL,קרם דל נתרן אסם 250ג,,250.00,100 גרם,false,,12.90,0.0516,true,1,176452
7290000080406,false,אסאדו עע,,,אסאדו עע,קילוגרמים,1.00,"ק""ג",true,,69.90,69.9000,true,1,197955
7290000081663,false,בייגלה אסם טבעות שומשום 300 גרם,מיוצר עי קונדיטוריית,IL,בייגלה טבעות שומשום,,300.00,100 גרם,false,,12.90,0.0430,true,1,176474
7290000100128,false,פירות קפואים תות סנפרוסט 300 ג',סנפרוסט בעמ,IL,תות שדה מוקפא 300גר,,300.00,,false,,15.90,0.0530,true,1,224842
7290000100135,false,פירות קפואים דובדבן סנפרוסט 300 ג',סנפרוסט בעמ,IL,דובדבן מתוק קפוא 300,,300.00,100 גרם,false,,15.90,0.0530,true,1,224849
7290000100296,false,תערובת להכנת Smoothie ורוד תות ובננה,"סנפרוסט בע""מ",IL,סמוזי תערובת תות בננ,,300.00,,false,,15.90,0.0530,true,1,226850
7290000100302,false,פול ירוק ללא קליפה 600ג',"סנפרוסט בע""מ",IL,פול ירוק ללא קליפה ס,,600.00,100 גרם,false,,26.90,0.0448,true,1,226232
7290000101927,false,אוכמניות כחולות מוקפאות סנפרוסט 300 גרם,"איי, בי, אינבוו",IL,אוכמניות כחולות מוקפ,,300.00,,false,,15.90,0.0530,true,1,224843
7290000101934,false,מיקס פירות יער מוקפאות 300 ג' סנפרוסט,"סנפרוסט בע""מ",IL,מיקס פירות יער מוקפא,,300.00,,false,,15.90,0.0530,true,1,224844
7290000101941,false,אננס חתוך מוקפא סנפרוסט 300ג',"סנפרוסט בע""מ",IL,אננס מוקפא 300 גרם ס,,300.00,,false,,15.90,0.0530,true,1,224846
7290000101958,false,מנגו חתוך מוקפא סנפרוסט 300ג',"סנפרוסט בע""מ",IL,מנגו מוקפא 300 גרם ס,,300.00,,false,,15.90,0.0530,true,1,224847
7290000103730,false,לקט להקפצה עם פסטה פוזילי סנפרוסט 800 ג',"איי, בי, אינבוו",IL,לקט להקפצה עם פסטה פ,,800.00,100 גרם,false,,23.90,0.0299,true,1,188026
7290000103815,false,סנפרוסט לקט להקפצה תאילנדי 800 גר,"סנפרוסט בע""מ",IL,לקט להקפצה תאילנדי ס,,800.00,100 גרם,false,,23.90,0.0299,true,1,188034
7290000103839,false,מרק כתום קפוא 570 ג' סנפרוסט,"סנפרוסט בע""מ",IL,מרק כתום קפוא סנפרוס,,570.00,100 גרם,false,,17.90,0.0314,true,1,188036
7290000103846,false,מרק אפונה 570 ג' סנפרוסט,"סנפרוסט בע""מ",IL,מרק אפונה קפוא סנפרו,,570.00,100 גרם,false,,17.90,0.0314,true,1,188037
7290000103877,false,מרק שעועית קפוא 640 ג' סנפרוסט,"סנפרוסט בע""מ",IL,מרק שעועית קפוא סנפר,,640.00,100 גרם,false,,17.90,0.0280,true,1,188040
7290000104201,false,אפונה עדינה קפואה 600 גרם סנפרוסט,"איי, בי, אינבוו",IL,אפונה עדינה סנפרוסט,,600.00,100 גרם,false,,19.90,0.0332,true,1,188050
7290000104218,false,במיה סנפרוסט 600 גרם,"איי, בי, אינבוו",IL,במיה סנפרוסט 600גר,,600.00,,false,,16.90,0.0282,true,1,188051
7290000104225,false,בצל קצוץ סנפרוסט 600 גר',"סנפרוסט בע""מ",IL,בצל קצוץ סנפרוסט 600,,600.00,100 גרם,false,,18.90,0.0315,true,1,188052
7290000104676,false,אפונה קפואה סנפרוסט 800 גרם,"איי, בי, אינבוו",IL,אפונה גינה סנפרוסט 8,,800.00,,false,,16.90,0.0211,true,1,188054
7290000104683,false,שעועית שלמה 800 ג' סנפרוסט,"סנפרוסט בע""מ",IL,שעועית שלמה ירוקה סנ,,800.00,100 גרם,false,,19.90,0.0249,true,1,188055
7290000104690,false,תירס גרעינים 800 ג' סנפרוסט,"איי, בי, אינבוו",IL,גרעיני תירס סנפרוסט,,800.00,100 גרם,false,,17.90,0.0224,true,1,188056
7290000104706,false,גזר גמדי סנפרוסט 800ג',"סנפרוסט בע""מ",IL,גזר גמדי סנפרוסט 800,,800.00,100 גרם,false,,17.90,0.0224,true,1,188057
7290000104713,false,פול ירוק סנפרוסט 800 ג',"איי, בי, אינבוו",IL,פול ירוק סנפרוסט 800,,800.00,100 גרם,false,,26.90,0.0336,true,1,188058
7290000104720,false,שעועית ירוקה סנפרוסט 800ג',"סנפרוסט בע""מ",IL,שעועית ירוקה חתוכה ס,,800.00,,false,,18.90,0.0236,true,1,188059
7290000104744,false,כרובית סנפרוסט 800גר,"סנפרוסט בע""מ",IL,כרובית סנפרוסט 800גר,,800.00,100 גרם,false,,25.90,0.0324,true,1,188061
7290000104799,false,שעועית לבנה מבושלת סנפרוסט 800גר,"איי, בי, אינבוו",IL,שעועית לבנה מבושלת ס,,800.00,,false,,19.90,0.0249,true,1,188065
7290000104805,false,גרגירי חומוס קפוא סנפרוסט 800 ג',"איי, בי, אינבוו",IL,גרגירי חומוס קפוא סנ,,800.00,100 גרם,false,,19.90,0.0249,true,1,188066
7290000104829,false,"קלחוני תירס 1 ק""ג סנפרוסט","סנפרוסט בע""מ",IL,קלחוני תירס סנפרוסט,,1000.00,100 גרם,false,,21.90,0.0219,true,1,188067
7290000104836,false,שעועית עדינה שלמה סנפרוסט 600ג',"סנפרוסט בע""מ",IL,שעועית עדינה שלמה סנ,,600.00,100 גרם,false,,23.90,0.0398,true,1,188068
7290000104874,false,ירקות לקוסקוס של אמא סנפרוסט 800ג',"סנפרוסט בע""מ",IL,לקט לקוסקוס סנפרוסט,,800.00,,false,,23.90,0.0299,true,1,188071
7290000104904,false,לקט ירקות מעורבים 800 ג' סנפרוסט,"איי, בי, אינבוו",IL,לקט ירקות מעורבים סנ,,800.00,100 גרם,false,,23.90,0.0299,true,1,188074
7290000104911,false,לקט נורמנדי סנפרוסט 800ג',"איי, בי, אינבוו",IL,לקט נורמנדי סנפרוסט,,800.00,100 גרם,false,,23.90,0.0299,true,1,188075
7290000106526,false,ירקות מעורבים מוקפאים חגיגה ירוקה להקפצה,"איי, בי, אינבוו",IL,חגיגה ירוקה להקפצה ס,,800.00,100 גרם,false,,23.90,0.0299,true,1,227652
7290000107165,false,פולי סויה אדממה סנפרוסט 400 ג',"איי, בי, אינבוו",IL,פולי סויה קפוא סנפרו,,400.00,100 גרם,false,,14.90,0.0373,true,1,188084
7290000107189,false,תחתיות ארטישוק סנפרוסט 400גר,"איי, בי, אינבוו",IL,תחתיות ארטישוק 400גר,,400.00,100 גרם,false,,23.90,0.0597,true,1,188085
7290000107295,false,תפרחות ברוקולי סנפרוסט 800 ג',"איי, בי, אינבוו",IL,תפרחות ברוקולי סנפרו,,800.00,100 גרם,false,,25.90,0.0324,true,1,188090
7290000107622,false,פסטה וירקות א-לה איטליה סנפרוסט 800 ג',"איי, בי, אינבוו",IL,פסטה וירקות א-לה איט,,800.00,100 גרם,false,,23.90,0.0299,true,1,227651
7290000112220,false,טחינה גולמית 100%בארכה 500ג',רושדי תעשיות מזון בע,IL,טחינה 100% שומשום בא,,500.00,,false,,15.90,0.0318,true,1,176479
7290000112503,false,מרק עשיר ירקות 61 ג' קנור,יוניליוור ישראל מזון,IL,מרק עשיר ירקות קנור,,61.00,,false,,10.90,0.1787,true,1,181894
7290000116204,false,"אבקת מרק דגש בטעם עוף 1ק""ג קנור",יוניליוור ישראל מזון,IL,מרק דגש זך בטעם עוף,,1000.00,100 גרם,false,,17.90,0.0179,true,1,181941
7290000116884,false,רוטב ברביקיו 350 ג' קנור,יוניליוור ישראל מזון,IL,רוטב ברביקיו קנור 30,,300.00,,false,,14.90,0.0497,true,1,181943
7290000116921,false,רוטב צ'ילי מתוק 370ג'12x קנור,יוניליוור ישראל מזון,IL,רוטב צילי מתוק קנור,,340.00,,false,,14.90,0.0438,true,1,181944
7290000116945,false,קנור סויה קלאסי בדצ 350ג PAL,יוניליוור ישראל מזון,IL,רוטב סויה קנור 300מל,,300.00,,false,,14.90,0.0497,true,1,181945
7290000118277,false,כופתאות מצה להכנת מהירה 65 ג' קנור,יוניליוור ישראל מזון,IL,קניידלך קנור 2*65 גר,,130.00,100 גרם,false,,10.90,0.0838,true,1,181961
7290000129457,false,אבקת רוטב פטריות קנור 28 ג' שקית,יוניליוור ישראל מזון,IL,רוטב פטריות קנור 28ג,,28.00,100 גרם,false,,5.90,0.2107,true,1,182075
7290000131009,false,בצק פילו שחף 500 גרם,מאפית אריאל,,בצק פילו שחף 500גר,,500.00,100 גרם,false,,15.90,0.0318,true,1,202618
7290000131122,false,"בצק עלים שחף 1.5 ק""ג",יושלם,,בצק עלים שחף 1.5קג,,1500.00,100 גרם,false,,19.90,0.0133,true,1,202620
7290000133904,false,"סנו דואופרש פסיפלורה ותפוז 300 מ""ל",קריות זול,IL,סנו דואופרש פסיפלורה,,300.00,,false,,13.90,0.0463,true,1,179829
7290000134307,false,תבלין קינמון טחון 50 גר',תות ממתקי איכות,IL,קינמון טחון 50גר,,50.00,100 גרם,false,,5.90,0.1180,true,1,197773
7290000134550,false,טעם וריח עלי דפנה שק,תות ממתקי איכות,IL,עלי דפנה 20גר,,20.00,100 גרם,false,,4.90,0.2450,true,1,197783
7290000134673,false,תבלין זנגביל טעם ורי,תות ממתקי איכות,IL,זנגביל 30גר,,30.00,100 גרם,false,,6.90,0.2300,true,1,197785
7290000134680,false,תבלין קמיל שלם טעם ו,תות ממתקי איכות,IL,קימל שלם 40גר,,40.00,100 גרם,false,,6.90,0.1725,true,1,197786
7290000134758,false,"תבלין תיבול לתפו""א 100 ג'",תות ממתקי איכות,IL,"תיבול לתפו""א 100גר",,100.00,100 גרם,false,,10.90,0.1090,true,1,197788
7290000134826,false,תבלין זעתר מעורב 100 גר',תות ממתקי איכות,IL,זעתר 100 גרם טעם ורי,,100.00,,false,,9.90,0.0990,true,1,197791
7290000134833,false,תבלין כמון טחון 100 גר',תות ממתקי איכות,IL,כמון טחון במיכל 100ג,,100.00,,false,,9.90,0.0990,true,1,197792
7290000134840,false,תבלין כורכום טחון 100 גר',תות ממתקי איכות,IL,כורכום במיכל 100גר,,100.00,100 גרם,false,,9.90,0.0990,true,1,197793
7290000134857,false,תבלין פפריקה מתוקה 100 גר',תות ממתקי איכות,IL,פפריקה מתוקה במיכל 1,,100.00,100 גרם,false,,9.90,0.0990,true,1,197794
7290000134864,false,תבלין פפריקה חריפה 100 גר',"תבליני טעם וריח בע""מ",IL,פפריקה חריפה במיכל 1,,100.00,100 גרם,false,,9.90,0.0990,true,1,197795
7290000134871,false,תבלין פלפל שחור טחון 100 גר',תות ממתקי איכות,IL,פלפל שחור טחון 100גר,,100.00,100 גרם,false,,14.90,0.1490,true,1,197796
7290000134970,false,תבלין חוואייג טעם ור,תות ממתקי איכות,IL,חוואייג 100גר,,100.00,100 גרם,false,,9.90,0.0990,true,1,197799
7290000136141,false,משקה בטעם קולה 1.5ל' פפסי,פפסי Pepsi,IL,פפסי 1.5 ליטר,,1500.00,100 גרם,false,,7.90,0.0053,true,1,249664
7290000136158,false,פפסי מקס 1.5 ליטר פיקדון,פפסי Pepsi,IL,פפסי מקס 1.5 ליטר,,1500.00,100 גרם,false,,7.90,0.0053,true,1,249665
7290000136165,false,מירינדה בקבוק 1.5 לי,מירינדה Mirinda,IL,טמפו מירינדה 1.5 ליט,,1500.00,100 גרם,false,,7.90,0.0053,true,1,249666
7290000136172,false,סבן אפ בקבוק 1.5 ליט,סבן אפ 7up,IL,סבן אפ 1.5 ליטר,,1500.00,100 גרם,false,,7.90,0.0053,true,1,249667
7290000136240,false,סודה 1.5 ליטר שישייה בודד,טמפו,IL,סודה טמפו 1.5ליטר,,1500.00,100 גרם,false,,3.90,0.0026,true,1,249663
7290000136257,false,פאנק טוניק גזוז בטעם פירות,טמפו,,ראש&טוניק טמפו 1.5לי,,1500.00,,false,,13.00,0.0087,true,1,249653
7290000136431,false,משקה בטעם אפרסק צלול תריסר 1.5 ל' ג'אמפ,ג'אמפ,,גאמפ אפרסק צלול 1.5ל,,1500.00,100 גרם,false,,8.90,0.0059,true,1,249659
7290000136455,false,משקה בטעם אשכוליות תריסר 1.5 ל' ג'אמפ,ג'אמפ,IL,גאמפ אשכוליות 1.5ליט,,1500.00,,false,,8.90,0.0059,true,1,249654
7290000136516,false,משקה בטעם מנגו פסיפלורה תריסר 1.5 ל' ג'אמפ,ג'אמפ,IL,גאמפ מנגו פסיפלורה 1,,1500.00,,false,,8.90,0.0059,true,1,249655
7290000136523,false,משקה בטעם ענבים תריסר 1.5 ל' ג'אמפ,ג'אמפ,IL,גאמפ ענבים 1.5ליטר ת,,1500.00,100 גרם,false,,8.90,0.0059,true,1,249656
7290000136561,false,משקה בטעם תות בננה תריסר 1.5 ל' ג'אמפ,ג'אמפ,IL,גאמפ תות בננה 1.5 לי,,1500.00,,false,,8.90,0.0059,true,1,249658
7290000136585,false,משקה בטעם תפוזים תריסר 1.5 ל' ג'אמפ,ג'אמפ,IL,גאמפ תפוזים 1.5 ליטר,,1500.00,100 גרם,false,,8.90,0.0059,true,1,249657
7290000136608,false,משקה בטעם תפוח צלול תריסר 1.5 ל' ג'אמפ,ג'אמפ,IL,גאמפ תפוח צלול 1.5לי,,1500.00,,false,,8.90,0.0059,true,1,249661
7290000136646,false,משקה מאלט תריסר 1.5 ל' נשר,טמפו,IL,נשר מאלט 1.5ליטר תרי,,1500.00,,false,,10.90,0.0073,true,1,249650
7290000136653,false,משקה מאלט דיאט תריסר 1.5 ל' נשר,טמפו,IL,נשר מאלט דיאט 1.5ליט,,1500.00,,false,,10.90,0.0073,true,1,249651
7290000136677,false,פפסי קולה פיקדון 1.5 ליטר,טמפו,IL,פפסי 1.5 ליטר,,1500.00,100 גרם,false,,7.90,0.0053,true,1,250278
7290000136684,false,פפסי מקס פיקדון 1.5 ליטר,טמפו,IL,פפסי מקס 1.5 ליטר,,1500.00,100 גרם,false,,7.90,0.0053,true,1,250094
7290000136752,false,סבן אפ דיאט מארז שישייה 1.5 ל' FREE,"טמפו משקאות בע""מ",IL,דיאט סבן אפ פרי 6*1.,,9000.00,100 גרם,false,,38.90,0.0043,true,1,249645
7290000136769,false,מארז שישיה בטעם קולה 1.5 ל' פפסי,פפסי Pepsi,IL,פפסי 6*1.5ליטר,,9000.00,,false,,41.90,0.0047,true,1,249646
7290000136776,false,מארז פפסי מקס שישיה 1.5ל',פפסי Pepsi,IL,פפסי מקס 6*1.5ליטר,,9000.00,100 גרם,false,,38.90,0.0043,true,1,249647
7290000136783,false,מארז שישייה מרינדה 1.5 ל',מירינדה Mirinda,IL,מירנדה 6*1.5ליטר,,9000.00,100 גרם,false,,41.90,0.0047,true,1,249648
7290000136790,false,מארז סודה שישייה 1.5 ל' טמפו,טמפו,IL,סודה טמפו 6* 1.5 ליט,,9000.00,100 גרם,false,,18.90,0.0021,true,1,249639
7290000136806,false,מארז סודה רביעייה לימון ליים 1.5 ל' טמפו,טמפו,IL,סודה לימון ליים טמפו,,6000.00,,false,,12.90,0.0021,true,1,249640
7290000136813,false,סודה בטעם אננס מארז רביעייה 1.5 ל' טמפו,טמפו,IL,סודה אננס טמפו 4* 1.,,6000.00,,false,,12.90,0.0021,true,1,249641
7290000136820,false,סודה בטעם פירות יער מארז ריבעיה * 1.5 ל' טמפו,טמפו,IL,סודה פירות יער טמפו,,6000.00,,false,,12.90,0.0021,true,1,249642
7290000136837,false,גזוז בנגיעות טעם אפרסק - מארז רביעייה,טמפו,IL,סודה בנגיעות אפרסק ט,,6000.00,,false,,12.90,0.0021,true,1,249643
7290000136844,false,מארז מים מזוככים אקווה נובה שישיית 2 ליטר,אקווה נובה Aqua Nova,IL,מי אקווה נובה 2 ליטר,,12000.00,100 גרם,false,,12.90,0.0011,true,1,249636
7290000136851,false,סבן אפ פיקדון 1.5 ליטר,טמפו,IL,סבן אפ 1.5 ליטר,,1500.00,100 גרם,false,,7.90,0.0053,true,1,251031
7290000136868,false,שישיית מים מינרלים סאן בנדטו,סאן בנדטו San Benedetto,IL,מים סאן בנדטו 6* 1.5,,9000.00,,false,,21.90,0.0024,true,1,249637
7290000136875,false,מארז מים מינרלים מוגז 6* 1.5 ל' סאן בנדטו,סאן בנדטו San Benedetto,IL,מים סאן בנדטו מוגז 6,,9000.00,100 גרם,false,,22.90,0.0025,true,1,249638
7290000137643,false,מאגדת שלגוני טעמקור 8 יח' שטראוס,"גלידת שטראוס בע""מ, ר",IL,?מאגדת טעמקור שוקו ו,,8.00,,false,,39.90,4.9875,true,1,187334
7290000139180,false,שלווה טבעי אשבול 140 גר',"אשב""ל בע""מ",,חטיף שלווה נטו 140 ג,,140.00,100 גרם,false,,8.90,0.0636,true,1,205251
7290000139258,false,חיטה תפוחה+סוכר חום,"אשב""ל בע""מ",,שלווה טבעי 200 גרם,,200.00,,false,,8.90,0.0445,true,1,205256
7290000144160,false,שמן זית כתית מעולה ארומתי מודגש 750מל,"מרקאולאו, ספרד.אבסה,",IT,שמן זית כתית מעולה א,,750.00,,false,,34.90,0.0465,true,1,198071
7290000144467,false,שמן חמניות מועשר בנוגדי חמצון 1 ל' עץ הזית,"נארז ע""י : א.ג. גילר",GR,שמן חמניות בריאות מה,,1000.00,100 גרם,false,,17.90,0.0179,true,1,198075
7290000144474,false,שמן קנולה בריאות מהטבע 1 ליטר,שמן תעשיות,EE,שמן קנולה בריאות מהט,,1000.00,100 גרם,false,,16.90,0.0169,true,1,198076
7290000146928,false,"טום וגרי משחת שיניים בטעם ענבים 50 מ""ל",שוורצקוף& הנקל דיסלד,IL,טום וגרי משחת שיניים,,50.00,100 גרם,false,,10.90,0.2180,true,1,190125
7290000146997,false,"טום וג'רי - משחת שיניים מסטיק 50 מ""ל",שוורצקוף& הנקל דיסלד,IL,טום וגרי משחת שיניים,,50.00,,false,,10.90,0.2180,true,1,190127
7290000149615,false,נקה 7 סבון מוצק לתינוק רביעיה * 100 ג',גליל כימיקלים בעממשו,IL,נקה 7 סבון מוצק לתינ,,400.00,100 גרם,false,,11.90,0.0298,true,1,179837
7290000149905,false,טקסטיל שמפו לכביסה ביד 1 ליטר,מיוצר עי קונדיטוריית,IL,טקסטיל שמפו 1ליטר,,1000.00,,false,,14.90,0.0149,true,1,179842
7290000149943,false,"טקסטיל שמפו-שקית 1 ק""ג",קריות זול,IL,טקסטיל שמפו שקית 1קג,,1000.00,100 גרם,false,,14.90,0.0149,true,1,179843
7290000153445,false,קציצות בקר מתובלות עוף טוב 500 ג',מולינו ניקולי s.p.a,IL,קציצות בקר מתובלות ע,,500.00,100 גרם,false,,29.90,0.0598,true,1,176513
7290000153469,false,עוף טוב קציצות עוף קלאסיות 600 גר',מוצרי עוף טוב (2001),IL,קציצות עוף קלאסיות ע,,600.00,,false,,29.90,0.0498,true,1,176514
7290000158105,false,שניצל עוף טוב מיני דינוזאור 700 גרם,מוצרי עוף טוב (2001),IL,שניצל מיני דינוזאור,,700.00,100 גרם,false,,37.90,0.0541,true,1,176541
7290000170053,false,שוקולד פרה 100 ג' חלב.,"תופינית בע""מ",IL,שוקולד פרה חלב 100גר,,100.00,100 גרם,false,,6.50,0.0650,true,1,207588
7290000174723,false,אבקת שוקולית עלית קופסא 500ג',הנסיך- מפעל לייצור ט,IL,שוקולית אבקת שוקו על,,500.00,100 גרם,false,,12.90,0.0258,true,1,207602
7290000176062,false,קפה טורקי בצלופן 100,שטראוס קפה בי.וי.,IL,קפה טורקי עלית 100 ג,,100.00,,false,,7.90,0.0790,true,1,207609
7290000176079,false,קפה טורקי עם היל עלית 100 ג',הנסיך- מפעל לייצור ט,IL,קפה טורקי עם הל עלית,,100.00,100 גרם,false,,9.90,0.0990,true,1,207610
7290000176413,false,קפה נמס אבקתי עלית 50 ג',הנסיך- מפעל לייצור ט,IL,קפה נמס עלית 50 גרם,,50.00,,false,,8.90,0.1780,true,1,207616
7290000176420,false,קפה נמס אבקתי 200ג עלית,שטראוס קפה בי.וי,IL,קפה נמס עלית 200 גרם,,200.00,,false,,19.90,0.0995,true,1,207617
7290000176468,false,קפה נמס נטול קפאין 50 ג' קפה האג,"איי, בי, אינבוו",IL,האג קפה נטול קפאין 5,,50.00,,false,,10.90,0.2180,true,1,207618
7290000176475,false,קפה נמס האג נטול קפאין 200 ג',קריות זול,IL,האג קפה נטול קפאין 2,,200.00,100 גרם,false,,35.90,0.1795,true,1,207619
7290000178707,false,חטיף תפוציפס טבעי 50,"שטראוס פריטו ליי בע""",IL,תפוציפס טבעי 50גר,,50.00,100 גרם,false,,4.10,0.0820,true,1,183917
7290000178721,false,חטיף תפוציפס טבעי 20,"שטראוס פריטו ליי בע""",IL,תפוציפס טבעי 200גר,,200.00,100 גרם,false,,12.30,0.0615,true,1,183919
7290000180212,false,שוקולוד פרה מריר אגוזים 100ג' עלית,"שטראוס גרופ בע""מ",IL,שוקולד פרה מריר עם א,,100.00,100 גרם,false,,6.50,0.0650,true,1,207627
7290000185330,false,סילאן טבעי תמר כנרת,,,סילאן טבעי 900 גרם,,900.00,100 גרם,false,,23.90,0.0266,true,1,252600
7290000185590,false,סילאן טבעי לחיץ כנרת 650 גר',,,סילאן טבעי בבקבוק לח,,650.00,100 גרם,false,,19.90,0.0306,true,1,252593
7290000187952,false,נייר טואלט טריו לילי פרימיום 32גליל,קימברלי קלארק,IL,לילי טריו נייר טאולט,יחידה,0.00,יחידה,false,,49.90,0.0000,true,1,181225
7290000188355,false,מגבות מטבח ניקול לבנה שישייה,קימברלי-קלארק,IL,שישיית מגבות נייר ני,יחידה,0.00,יחידה,false,,12.90,0.0000,true,1,181232
7290000188591,false,קוטקס - מגן תחתון סילק יאנג 60 יח',קימברלי קלארק,CN,קוטקס יאנג מגני תחתו,,60.00,,false,,18.90,0.3150,true,1,181239
7290000189192,false,מגבת רב שימושית סופר ניקול 64 דף,קימברלי קלארק,CO,סופר מגבת רב פעמית נ,,11.00,,false,,22.90,2.0818,true,1,181249
7290000189215,false,מטלית קסם לרצפה ניקו,קריות זול,CN,מטלית הקסם לרצפה ניק,יחידה,0.00,יחידה,false,,12.90,0.0000,true,1,181251
7290000189277,false,ניקול תבניות מלבניות 41*30*5.4,בראבו,,תבנית מלבנית גדולה ח,יחידה,0.00,יחידה,false,,11.90,0.0000,true,1,181256
7290000189550,false,אשפתון 78X90 ענק ניקול 20יח',קריות זול,IL,אשפתון זוג ענק 20 מת,,20.00,,false,,25.90,1.2950,true,1,181265
7290000189598,false,מטליות לחות חד פעמיות לניקוי כללי 50 יח' ניקול,עלבד משואות יצחק בעמ,IL,מטליות לחות 50 יחידו,,50.00,,false,,10.90,0.2180,true,1,181267
7290000190068,false,מפיות לבנות ניקול 10,חוגלה קימברלי,IL,מפיות ניקול 100 יח,,100.00,,false,,7.90,0.0790,true,1,181280
7290000190198,false,מטליות לניקוי וחיטוי חדרי שירותים ואמבטיה,עלבד משואות יצחק בעמ,IL,מטליות לחות לניקוי ו,יחידה,0.00,יחידה,false,,10.90,0.0000,true,1,181286
7290000190853,false,נייר טואלט לילי דו שכבתי 30 גליל,לילי Lily,,לילי לבן נייר טואלט,יחידה,0.00,יחידה,false,,38.90,0.0000,true,1,181300
7290000191225,false,האגיס - רך נולד מידה 2 מוקטן 44 יח',קימברלי קלארק שיווק,IL,האגיס ליטל בייביס ני,יחידה,0.00,יחידה,false,,35.90,0.0000,true,1,181303
7290000191539,false,ממחטות טישו לילי צבעוני חמישיה,חוגלה קימברלי,IL,לילי צבעוני חמישיה 5,,593.00,100 גרם,false,,17.50,0.0295,true,1,181307
7290000191546,false,ממחטות טישו צבעוני 2 שכבות לילי מארז 100X3יח',חוגלה קימברלי,,מגבוני אף רכים צבעונ,,420.00,,false,,11.90,0.0283,true,1,181308
7290000191652,false,קלינקס ממחטות טישו אולטרא סופט מארז 90X3יח',חוגלה קימברלי,IL,קלינקס קלאסיק ניילון,יחידה,0.00,יחידה,false,,11.90,0.0000,true,1,181313
7290000193014,false,פדיות אינטרלוד מגיני יום לילי 50יח',חוגלה קימברלי,IL,לילי אינטרלוד מגני ת,,50.00,,false,,10.90,0.2180,true,1,181320
7290000193083,false,לילי - תחבושות נובה לי 28 יח',חוגלה קימברלי,IL,נובה לי לילי תחבושות,,28.00,,false,,10.90,0.3893,true,1,181323
7290000193205,false,לילי תחבושות נטורל לילה 20 יח',קריות זול,,לילי תחבושות נטורל ל,,20.00,,false,,14.90,0.7450,true,1,181324
7290000193540,false,לילי אינטימייט מגן תחתון לונג 52יח',חוגלה קימברלי,IL,לילי מגני תחתון נטור,,52.00,,false,,14.90,0.2865,true,1,181327
7290000193649,false,לילי תחבושות נטורל אולטרה סופר 24 יח',קריות זול,,לילי תחבושות נורמל א,יחידה,0.00,יחידה,false,,14.90,0.0000,true,1,181330
7290000193656,false,לילי תחבושות נטורל אולטרה סופר פלוס 24 יח',קריות זול,,לילי תחבושות נטורל א,יחידה,0.00,יחידה,false,,14.90,0.0000,true,1,181331
7290000193793,false,לילי תחבושות אינטימי נורמל אולט' 24 יח',קריות זול,,לילי תחבושות אולטרה,יחידה,0.00,יחידה,false,,14.90,0.0000,true,1,181336
7290000194172,false,חטיפי ממתקים ללא סוכ,ממתקי השלום,IL,חטיפי ממתקים ללא סוכ,יחידה,0.00,יחידה,false,,13.50,0.0000,true,1,173881
7290000194288,false,משטחי החתלה האגיס פר,Ontex,BE,משטחי החתלה האגיס פר,יחידה,0.00,יחידה,false,,21.90,0.0000,true,1,181342
7290000195216,false,נייר אפייה בשקית ניקול 50 יח',אופל,IL,נייר אפיה 50יח ניקול,,50.00,,false,,11.90,0.2380,true,1,181349
7290000196039,false,"מפות שולחן איריס ח""פ ניקול 2 יח'",קריות זול,IL,מפות שולחן זוג ניקול,,250.00,100 גרם,false,,9.90,0.0396,true,1,181370
7290000197081,false,ניקול ניילון נצמד חסכון 150 מ',אופל,IL,ניילון נצמד 150 מטר,יחידה,150.00,יחידה,false,,26.90,0.1793,true,1,181383
7290000197326,false,רדיד אלומניום ניקול זוגי 30X7.5מ',קריות זול,IL,ניקול רדיד אלומיניום,,15.00,,false,,11.90,0.7933,true,1,181391
7290000197340,false,רדיד אלומניום ניקול זוגי 45X7.5מ',קריות זול,IL,ניקול רדיד אלומיניום,,15.00,,false,,16.90,1.1267,true,1,181392
7290000197425,false,האגיס - פרידום דריי שלב 3 52 יח',קימברלי קלארק ישראל,IL,האגיס פרידום דריי של,יחידה,0.00,יחידה,false,,48.90,0.0000,true,1,181396
7290000197432,false,שקיות אוכל סנדביצ'ון ניקול מארז 150X2יח',אשלפסט תעשיות בעמ,IL,ניקול שקיות אוכל זוג,,150.00,100 גרם,false,,14.90,0.0993,true,1,181397
7290000197456,false,האגיס - פרידום דריי שלב 4 44 יח',קימברלי קלארק ישראל,IL,האגיס פרידום דריי של,יחידה,0.00,יחידה,false,,48.90,0.0000,true,1,181398
7290000197463,false,האגיס - פרידום דריי שלב 4+ 40 יח',קימברלי קלארק ישראל,IL,האגיס פרידום דריי של,יחידה,0.00,יחידה,false,,48.90,0.0000,true,1,181399
7290000197470,false,מקפיאון שקיות הקפאה מתכלות ניקול 250יח',אשלפסט תעשיות בעמ,IL,"שקיות רב""ש להקפאה",,50.00,,false,,14.90,0.2980,true,1,181400
7290000197548,false,האגיס - פרידום דריי שלב 5 36 יח',קימברלי קלארק ישראל,IL,האגיס פרידום דריי של,יחידה,0.00,יחידה,false,,48.90,0.0000,true,1,181401
7290000197678,false,האגיס - פרידום פלוס שלב 6 30 יח',קימברלי קלארק ישראל,IL,האגיס פרידום דריי של,יחידה,0.00,יחידה,false,,48.90,0.0000,true,1,181403
7290000197753,false,ניילון נצמד אנטי בטקריאלי ניקול 30X2מ',קריות זול,,ניילונית זוג ניקול,,60.00,,false,,11.90,0.1983,true,1,181405
7290000197982,false,רדיד אלומיניום עבה 45 ניקול 7.5 מ' זוגי,אופל,IL,ניקול רדיד אלומיניום,,15.00,,false,,19.90,1.3267,true,1,181407
7290000197999,false,רדיד אלומיניום עבה ניקול זוגי 30X7.5מ',קריות זול,IL,ניקול רדיד אלומיניום,יחידה,0.00,יחידה,false,,14.90,0.0000,true,1,181408
7290000199313,false,קוטקס - תחבושות יאנג 30 יח',KC Turkey,,קוטקס תחבושות נורמל,,28.00,,false,,18.90,0.6750,true,1,181410
7290000201849,false,טיטולים פרימיום שלב 4 40 יח',חוגלה קימברלי,IL,טיטולים פרימיום שלב,יחידה,0.00,יחידה,false,,34.90,0.0000,true,1,181417
7290000201863,false,טיטולים פרימיום שלב 5 34 יח',חוגלה קימברלי,IL,טיטולים פרימיום שלב,יחידה,0.00,יחידה,false,,34.90,0.0000,true,1,181419
7290000201870,false,טיטולים פרימיום שלב 6 30 יח',חוגלה קימברלי,IL,טיטולים פרימיום שלב,יחידה,0.00,יחידה,false,,34.90,0.0000,true,1,181420
7290000204086,false,כרית קרצוף סקוטש ניקול 1+2,חוגלה קימברלי,US,כרית קרצוף ניקול 3 י,יחידה,0.00,יחידה,false,,12.90,0.0000,true,1,181441
7290000204147,false,ניקול כריות יפניות 2 ב 1 רביעייה,פלסטו פוליש (ברקן),IL,כריות יפניות 2ב1 ניק,יחידה,0.00,יחידה,false,,12.90,0.0000,true,1,181442
7290000204215,false,ניקול כריות יפניות 6 יח',פלסטו פוליש (ברקן),IL,שישיית כריות יפניות,,4.00,,false,,12.90,3.2250,true,1,181444
7290000204253,false,מטליות ניקול רב שימושיות 9יח',נועם אורים-קיבוץ אור,IL,מטלית רב שימושית ניק,,9.00,,false,,12.90,1.4333,true,1,181446
7290000204611,false,ספוגיות הקסם ניקול 6יח',קריות זול,US,ספוגית הקסם ניקול 6י,,6.00,,false,,12.90,2.1500,true,1,181449
7290000205915,false,חיתולי האגיס אקסטרה קייר מידה 4 40יח,חוגלה קימברלי,IL,האגיס אקסטרא קייר מי,יחידה,0.00,יחידה,false,,47.90,0.0000,true,1,231840
7290000207063,false,רסק עגבניות פריכוז 28% 240 גרם יכין,היינץ צפון אמריקה מק,IL,רסק עגבניות פריכוז 2,,260.00,100 גרם,false,,4.90,0.0188,true,1,174140
7290000207162,false,רוטב עגבניות מרכיב טבעי 100 ג' יכין,"זנלכל בע""מ",IL,רוטב עגבניות 22% 100,,100.00,100 גרם,false,,2.50,0.0250,true,1,174144
7290000208022,false,עגבניות מרוסקות פריכוז 800 ג' יכין,"זנלכל בע""מ",IL,עגבניות מרוסקות 800ג,,800.00,100 גרם,false,,9.90,0.0124,true,1,174148
7290000208077,false,אפונת גינה גדולה 550 גרם יכין,"זנלכל בע""מ",IL,אפונה גדולה יכין 550,,550.00,,false,,8.90,0.0162,true,1,174150
7290000208114,false,אפונת גינה וגזר 550 ג' יכין,"זנלכל בע""מ",IL,אפונה וגזר יכין 550ג,,550.00,100 גרם,false,,8.90,0.0162,true,1,174153
7290000208138,false,סירופ ענבים דיאט 1 ליטר יכין,"זנלכל בע""מ",IL,סירופ דייאט ענבים יכ,,1000.00,100 גרם,false,,16.90,0.0169,true,1,174155
7290000208176,false,"תפו""א קלופים א-2 יכין 550 ג'","זנלכל בע""מ",IL,"תפו""א קלופים יכין 55",,550.00,100 גרם,false,,9.90,0.0180,true,1,174157
7290000208213,false,שעועית לבנה אפויה A2 ברוטב עגבניות יכין 560ג',היינץ צפון אמריקה מק,IL,שעועית לבנה ברוטב עג,,580.00,100 גרם,false,,9.90,0.0171,true,1,174159
7290000208220,false,שעועית צילי חריף 550 ג' יכין,היינץ צפון אמריקה מק,IL,שעועית צילי יכין 550,,550.00,100 גרם,false,,9.90,0.0180,true,1,174160
7290000208312,false,גרעיני תירס מתוק בואקום יכין 400 גר',"זנלכל בע""מ",IL,תירס מתוק ואקום יכין,,400.00,,false,,6.90,0.0173,true,1,174166
7290000208329,false,גרעיני תירס מתוק A2 יכין 550ג',"זנלכל בע""מ",IL,תירס מתוק יכין 550גר,,550.00,100 גרם,false,,8.90,0.0162,true,1,174167
7290000208336,false,רסק עגבניות 22% יכין 240ג',"זנלכל בע""מ",IL,רוטב עגבניות יכין 22,,240.00,100 גרם,false,,4.50,0.0188,true,1,174168
7290000208404,false,A2 פול מצרי 550 גרם יכין,"זנלכל בע""מ",IL,פול 550 גרם יכין,,550.00,,false,,9.90,0.0180,true,1,174173
7290000208428,false,גרגרי חומוס שלם 550 גרם יכין,"זנלכל בע""מ",IL,חומוס שלם יכין 550גר,,550.00,,false,,9.90,0.0180,true,1,174174
7290000208534,false,גרעיני תירס ילדים 550 גרם יכין,"זנלכל בע""מ",IL,תירס קיד 550 גרם יכי,,550.00,,false,,9.90,0.0180,true,1,174184
7290000208800,false,תירס קיד מתוק יכין 4,,,תירס קיד יכין מתוק 2,,285.00,100 גרם,false,,6.90,0.0242,true,1,227916
7290000208855,false,רוטב פסטה עגבניות יכין 240 ג',"זנלכל בע""מ",IL,רוטב לפסטה קלאסי יכי,,240.00,100 גרם,false,,5.90,0.0246,true,1,174191
7290000208930,false,עגבניות מרוסקות בתוספת שום 240 ג' יכין,"זנלכל בע""מ",IL,עגבניות מרוסקות ושום,,240.00,100 גרם,false,,5.90,0.0246,true,1,174194
7290000208947,false,עגבניות מרוסקות 240 גרם יכין,היינץ צפון אמריקה מק,IL,עגבניות מרוסקות יכין,,240.00,100 גרם,false,,5.90,0.0246,true,1,174195
7290000208978,false,רסק עגבניות פריכוז 28% 100 גרם יכין,היינץ צפון אמריקה מק,IL,רסק עגבניות פריכוז %,,100.00,100 גרם,false,,2.90,0.0290,true,1,174196
7290000209012,false,חומץ הדרים יכין 1 לי,"זנלכל בע""מ",IL,חומץ הדרים יכין 1 לי,,1000.00,100 גרם,false,,5.90,0.0059,true,1,174198
7290000209043,false,מיץ לימון משומר 1 ל' יכין,היינץ צפון אמריקה מק,IL,מיץ לימון משומר 1ל,,1000.00,100 גרם,false,,5.90,0.0059,true,1,174199
7290000209371,false,שלישיית תירס קטן יכי,היינץ צפון אמריקה מק,IL,תירס יכין שלישייה 3*,,495.00,100 גרם,false,,14.90,0.0301,true,1,174213
7290000209517,false,סירופ יכין לימון דיא,היינץ צפון אמריקה מק,IL,סירופ דייאט לימון יכ,,1000.00,,false,,16.90,0.0169,true,1,174218
7290000209524,false,סירופ דייאט פטל יכין,זנלכל,IL,סירופ דיאט פטל יכין,,1000.00,,false,,16.90,0.0169,true,1,174219
7290000209531,false,סירופ דיאט אשכוליות 1ל,זנלכל,IL,סירופ דייאט אשכוליות,,1000.00,,false,,16.90,0.0169,true,1,174220
7290000209555,false,סירופ יכין דיאט בטעם תפוח 1ל',זנלכל,IL,"סירופ דייאט תפוח""ע י",,1000.00,,false,,16.90,0.0169,true,1,174221
7290000209579,false,סירופ דיאט אננס 1 ליטר,"זנלכל בע""מ",IL,סירופ דייאט אננס יכי,,1000.00,,false,,16.90,0.0169,true,1,174223
7290000209708,false,עגבניות מרוסקות עם בזיליקום 240 גרם יכין,היינץ צפון אמריקה מק,IL,עגבניות מרוסקות בזיל,,240.00,100 גרם,false,,5.90,0.0246,true,1,174225
7290000209722,false,רסק עגבניות 28% פריכוז 580 גרם יכין,"זנלכל בע""מ",IL,רסק עגבניות פריכוז 2,,580.00,,false,,10.90,0.0188,true,1,174227
7290000209944,false,רוטב לעגבניות בסיס לשקשוקה 240 ג' יכין,"זנלכל בע""מ",IL,רוטב שקשוקה יכין 240,,240.00,100 גרם,false,,5.90,0.0246,true,1,174230
7290000209951,false,רוטב עגבניות לפיצה 240 גרם יכין,"זנלכל בע""מ",IL,רוטב פיצה יכין 240 ג,,240.00,100 גרם,false,,5.90,0.0246,true,1,174231
7290000210469,false,עגבניות שלמות 700 ג' יכין,יכין,,עגבניות שלמות יכין 7,,700.00,100 גרם,false,,9.90,0.0141,true,1,174244
7290000211169,false,"אורז תאילנדי אחד אחד סוגת 1 ק""ג",האי נאם סי או אל.טי.,IL,אורז תאילנדי סוגת 1ק,,1000.00,,false,,8.90,0.0089,true,1,192102
7290000211374,false,"קמח מלא סוגת 1 ק""ג",תחנות קמח דגן 2006 ב,IL,"קמח מלא 1 ק""ג סוגת",,1000.00,,false,,7.90,0.0079,true,1,192104
7290000211381,false,"סוכר חום כהה בשקית סוגת 1 ק""ג",טונגאט היולט שוגר בע,ZA,סוכר חום כהה בשקית ס,,1000.00,100 גרם,false,,10.90,0.0109,true,1,192105
7290000211442,false,"סוגת אורז פרסי קלאסי שקית 1 ק""ג",האי נאם סי או אל.טי.,IL,אורז בסגנון פרסי קלא,,1000.00,,false,,10.90,0.0109,true,1,192107
7290000211503,false,סוכר לבן ארוז בשקית,"סוגת תעשיות בע""מ",IL,"סוכר סוגת 1 ק""ג",,1000.00,100 גרם,false,,4.90,0.0049,true,1,192108
7290000211985,false,"אורז ריזוטו עגול סוגת 1 ק""ג","סוגת תעשיות בע""מ",IL,אורז עגול סוגת 1קג,,1000.00,100 גרם,false,,12.90,0.0129,true,1,192112
7290000212173,false,וופל טעם שוקולד מנעמ,קריות זול,,וופל טעם שוקולד מנעמ,,200.00,100 גרם,false,,9.90,0.0495,true,1,190399
7290000212401,false,וופל מצופית מנעמים 400ג',קריות זול,,וופל מצופית מנעמים 4,,400.00,100 גרם,false,,10.90,0.0273,true,1,190401
7290000212579,false,וופל מצופה מנעמים מארז 40X20ג',,,וופל מצופה מנעמים 40,,800.00,,false,,18.90,0.0236,true,1,190402
7290000214115,false,מרק עוף בצנצנת 400 ג' ויטה,"פרי הגליל בע""""מ",IL,מרק עוף ויטה 400 גר,,400.00,100 גרם,false,,12.90,0.0323,true,1,200487
7290000226514,false,עוגת דובוש ריבת חלב 400 גר',קפולסקי שיווק וקמעונ,IL,עוגת דובוש ריבת חלב,,450.00,100 גרם,false,,39.90,0.0887,true,1,214251
7290000226576,false,עוגת טורט מצופה שוקולד 1 קג',קפולסקי שיווק וקמעונ,IL,עוגת טורט מצופה שוקו,,1000.00,100 גרם,false,,64.90,0.0649,true,1,214256
7290000226613,false,עוגות דובוש מצופה שוקולד 400 גר',קפולסקי שיווק וקמעונ,IL,עוגת דובוש מצופה בטע,,450.00,100 גרם,false,,39.90,0.0887,true,1,214258
7290000238029,false,"בצק עלים צרפתי מרודד מעדנות 1ק""ג",מיוצר עי קונדיטוריית,IL,בצק עלים מרודד מעדנו,,1000.00,100 גרם,false,,19.90,0.0199,true,1,188095
7290000238036,false,מלאווח 6יח' מעדנות 700ג',מיוצר עי קונדיטוריית,IL,מלווח מעדנות קופסא 7,,700.00,100 גרם,false,,15.90,0.0227,true,1,188096
7290000238173,false,בורקס גבינה 800 ג' מעדנות,מיוצר עי קונדיטוריית,IL,בורקס גבינה מעדנות 8,,800.00,,false,,19.90,0.0249,true,1,188097
7290000238180,false,בורקס תפוחי אדמה מעדנות 800ג',מיוצר עי קונדיטוריית,IL,"בורקס תפו""א מעדנות 8",,800.00,,false,,17.90,0.0224,true,1,188098
7290000243566,false,"שמן קנולה בריאות 750 מ""ל",סקנולה,EE,שמן קנולה בריאות עץ,,750.00,100 גרם,false,,13.90,0.0185,true,1,198092
7290000244761,false,"ולוטה - קרם ידיים 100 מ""ל",תאי פרזידנט פוד פאבל,IL,ולוטה קרם ידיים 80מל,,100.00,,false,,13.90,0.1390,true,1,190150
7290000245072,false,סוד מרכך לכביסה סופט בייבי 4 ל',"הנקל סוד בע""מ",IL,סוד מרכך כביסה בייבי,ליטרים,4.00,ליטר,false,,16.90,4.2250,true,1,209992
7290000245157,false,סוד סופט מרכך כביסה סנסיישן 4 ליטר,"הנקל סוד בע""מ",IL,סוד מרכך כביסה סנסיי,ליטרים,4.00,ליטר,false,,16.90,4.2250,true,1,209994
7290000245270,false,"פרסיל אבקת כביסה סופרא 1.250 ק""ג","הנקל סוד בע""מ",IL,פרסיל 1.25 ק״ג שקית,קילוגרמים,1.25,"ק""ג",false,,14.90,11.9200,true,1,209997
7290000245287,false,"פרסיל אבקת כביסה 1.250 ק""ג קולור ויניגר","הנקל סוד בע""מ",IL,פרסיל קולור שקית אבק,קילוגרמים,1.25,"ק""ג",false,,14.90,11.9200,true,1,209998
7290000245478,false,"אבקת כביסה לבגדי תינוקות 1.25 ק""ג סוד","הנקל סוד בע""מ",IL,סוד בייבי אבקת כביסה,קילוגרמים,1.25,"ק""ג",false,,12.90,10.3200,true,1,210004
7290000245508,false,"קומפקט סוד 1.25ק""ג שושו מרענן -מרכז","הנקל סוד בע""מ",IL,סוד פרפקט אבקת כביסה,קילוגרמים,1.25,"ק""ג",false,,12.90,10.3200,true,1,210006
7290000245515,false,"אבקת כביסה בניחוח לבנדר 1.25 ק""ג סוד","הנקל סוד בע""מ",IL,סוד קומפורט פרפיום א,קילוגרמים,1.25,"ק""ג",false,,12.90,10.3200,true,1,210007
7290000245782,false,סוד סופט מרכך כביסה ורוד 4 ליטר,"הנקל סוד בע""מ",IL,סוד מרכך כביסה ורדי,ליטרים,4.00,ליטר,false,,16.90,4.2250,true,1,210016
7290000245799,false,סוד סופט מרכך כביסה כחול 4 ליטר,"הנקל סוד בע""מ",IL,סוד מרכך כביסה פעמונ,ליטרים,4.00,ליטר,false,,16.90,4.2250,true,1,210017
7290000253220,false,שוקולד צ'יפס חום אופנהיימר 260 גר',אופנהיימר,IL,שוקולד ציפס 300גר,,300.00,,false,,14.50,0.0483,true,1,190837
7290000253251,false,שוקולד צ'יפס לבן אופנהיימר 300ג',אופנהיימר,IL,שוקו צ'יפס לבן,,250.00,,false,,14.50,0.0580,true,1,215322
7290000262031,false,נייר טואלט מולט לב 32 גליל,חוגלה קימברלי,,מולט לב נייר טואלט 3,,1850.00,,false,,29.90,0.0162,true,1,181453
7290000262413,false,חיתולי האגיס אקסטרה קייר מידה 5 34יח,חוגלה קימברלי,IL,האגיס אקסטרא קייר מי,יחידה,0.00,יחידה,false,,47.90,0.0000,true,1,231842
7290000263359,false,האגיס - פיור נטורל שלב 1 ניו בורן 40 יח',קימברלי קלארק שיווק,IL,האגיס ליטל בייביס ני,יחידה,0.00,יחידה,false,,35.90,0.0000,true,1,181472
7290000267036,false,שקדים משובבים השף 100 ג',"דין שיווק וקליה בע""מ",IL,שקדים מולבנים שבבים,,100.00,100 גרם,false,,10.90,0.1090,true,1,200093
7290000267043,false,שקדים מולבנים פרוסים,"דין שיווק וקליה בע""מ",IL,שקד פרוס השף 100גר,,100.00,100 גרם,false,,10.90,0.1090,true,1,200094
7290000267586,false,גרעייני חמניה קלופים 150 גר,"דין שיווק וקליה בע""מ",IL,גרעייני חמניה קלופים,,150.00,,false,,5.90,0.0393,true,1,200102
7290000267678,false,גרעיני דלעת טבעי קלוף שקדיה 150 ג',"דין שיווק וקליה בע""מ",IL,גרעיני דלעת טבעי קלו,,150.00,100 גרם,false,,7.90,0.0527,true,1,200103
7290000272696,false,עסיס מיץ לימון טבעי משומר 1 ל' אסם,בית-השיטה עסיס תעשיו,IL,מיץ לימון טבעי משומר,,1000.00,,false,,13.00,0.0130,true,1,176574
7290000272726,false,חומץ טבעי 5% עסיס 1 ל' אסם,בית השיטה עסיס תעשיו,IL,חומץ טבעי 5% עסיס 1,,1000.00,,false,,8.60,0.0086,true,1,176576
7290000286228,false,כרית קרצוף לכלים סנו סושי 6יח',סנו מפעלי ברונו בעמ,IL,סנו סושי ספוגיות לני,יחידה,0.00,יחידה,false,,11.90,0.0000,true,1,179852
7290000286549,false,סנו סושי מטליות לניקוי כללי 9 יח',טרופיקל דגיל תעשיות,IL,מטליות לכל סנו סושי,,9.00,,false,,11.90,1.3222,true,1,179859
7290000286631,false,"סנו אבקה לניקוי ומירוק בריח לימון 600 מ""ל",קריות זול,IL,סנו X אבקה לניקוי לי,,600.00,100 גרם,false,,7.90,0.0132,true,1,179862
7290000286921,false,"סנוקל רסס וכבס 750 מ""ל",סנו מפעלי ברונוס בעמ,IL,סנוקל רסס כבס להסרת,,750.00,,false,,17.90,0.0239,true,1,179869
7290000287102,false,"סנו שמפו שטיחים אירוסול 600 מ""ל",מיוצר עי קונדיטוריית,IL,סנו שמפו שטיחים 540מ,,540.00,,false,,21.90,0.0406,true,1,179873
7290000287195,false,"סנו רהיט ספריי עשיר בווקס להברקה 305 מ""ל",מיוצר עי קונדיטוריית,IL,סנו רהיט מבריק רהיטי,,300.00,,false,,15.90,0.0530,true,1,179874
7290000287409,false,סנובון שלישיה תות 3 יח' *55 ג',סנו מפעלי ברונוס בעמ,IL,סנובון שלישיה תות 3*,,165.00,,false,,12.90,0.0782,true,1,179882
7290000287430,false,סנובון צבעוני לאסלה בריח לימון שלישייה,סנו מפעלי ברונו בעמ,IL,סנובון שלישיה צבעוני,,165.00,100 גרם,false,,12.90,0.0782,true,1,179883
7290000287492,false,"סנו - סנובון נוזלי לימון 750 מ""ל","איי, בי, אינבוו",IL,סנובון נוזלי לימון 7,,750.00,,false,,10.90,0.0145,true,1,179885
7290000288017,false,אקונומיקה בריח לימון,"סנו מפעלי ברונוס בע""",IL,אקונומיקה סנו ז'אוול,,1000.00,100 גרם,false,,8.90,0.0089,true,1,179896
7290000288024,false,סנו - ז'אוול אקונומיקה בריח לימון 4 ליטר,"סנו מפעלי ברונוס בע""",IL,אקונומיקה סנו ז'אוול,ליטרים,4.00,ליטר,false,,17.90,4.4750,true,1,179897
7290000288048,false,סנו ז'אוול קצף לבנדר מרסס 1ל',קריות זול,IL,סנו ז'אוול מרסס מונט,,1000.00,,false,,19.90,0.0199,true,1,179899
7290000288109,false,"אבקת כביסה מקסימה אפקט ג''אוול 1.25 ק""ג סנו",סנו מפעלי ברונוס בעמ,IL,סנו מקסימה אבקת כביס,קילוגרמים,1.25,"ק""ג",false,,14.90,11.9200,true,1,179904
7290000288352,false,"סנו K-300 חרקים ונמלים 630מ""ל","סנו מפעלי ברונוס בע""",IL,K-300 לקטילת גוקים נ,,630.00,,false,,23.90,0.0379,true,1,179909
7290000288383,false,קוטל K500 נמלים סנו,מיוצר עי קונדיטוריית,IL,נמלים K - 500,יחידה,0.00,יחידה,false,,23.90,0.0000,true,1,179910
7290000288390,false,"סנו K-600 מעופפים 500מ""ל","סנו מפעלי ברונוס בע""",IL,מעופפים K - 600,יחידה,0.00,יחידה,false,,21.90,0.0000,true,1,179911
7290000288642,false,סנו - מקסימה מרכך כביסה סנסטיב ורוד 4 ליטר,"סנו מפעלי ברונוס בע""",IL,סנו מקסימה מרכך כביס,ליטרים,4.00,ליטר,false,,22.90,5.7250,true,1,179917
7290000289069,false,סנו - ז'אוול מרסס קצף ניקוי בתוספת אקונומיקה בריח לימון 1 ליטר,"סנו מפעלי ברונוס בע""",IL,סנו ז'אוול מרסס לימו,,1000.00,,false,,19.90,0.0199,true,1,179923
7290000289496,false,"סנו - ז'אוול ג'ל קרם לניקוי כללי לימון 750 מ""ל",הורביץ סחר,IL,סנו ז'אוול ג'ל קרם מ,,750.00,,false,,12.90,0.0172,true,1,179932
7290000289748,false,"סנו פורטה פלוס מסיר שומנים לתנור 750מ""ל","סנו מפעלי ברונוס בע""",IL,סנו פורטה פלוס לתנור,,750.00,,false,,14.90,0.0199,true,1,179938
7290000291932,false,"סנובון לניקוי לבנדר 750מ""ל",קריות זול,IL,סנובון נוזלי תפוח וק,,750.00,100 גרם,false,,10.90,0.0145,true,1,179950
7290000292311,false,סנו פוליווקס לרצפות סחלבים 2ל',"סנו מפעלי ברונוס בע""",IL,פוליויקס סחלבים 2ליט,ליטרים,2.00,ליטר,false,,21.90,10.9500,true,1,179956
7290000292687,false,סנובון לאסלה כחול אפרסק נתלה 55X3ג',מיוצר עי קונדיטוריית,IL,סנובון לאסלה כחול של,,165.00,,false,,16.90,0.1024,true,1,179965
7290000293073,false,מרכך כביסה מקסימה ביו לבן 4 ל' סנו,"סנו מפעלי ברונוס בע""",IL,סנו מקסימה מרכך כביס,ליטרים,4.00,ליטר,false,,22.90,5.7250,true,1,179971
7290000293561,false,"סנו מסיר עובש 750 מ""ל","סנו מפעלי ברונוס בע""",IL,סנו מסיר עובש 750מל,,750.00,,false,,15.90,0.0212,true,1,179975
7290000293820,false,"קרמה מן שמפו וג'ל גל רחצה אקטיב בלוק 700מ""ל",קוסמופארם בעמ,IL,קרמה מן ג'ל רחצה אקט,,700.00,,false,,17.90,0.0256,true,1,224393
7290000293943,false,סנו אנטי קאלק מסיר אבנית וחלודה 1ל',מיוצר עי קונדיטוריית,IL,אנטי קאלק מרסס 1ליטר,,1000.00,,false,,20.90,0.0209,true,1,179978
7290000294391,false,סנו ג'ט יכול הכל סחלבים 4 ל',סנו,IL,סנו ג'ט יכול הכל סחל,,4000.00,,false,,19.90,0.0050,true,1,179979
7290000294780,false,סנו - ז'אוול אקונומיקה סמיכה מבושמת 4 ליטר,"סנו מפעלי ברונוס בע""",IL,אקונומיקה סנו ז'אוול,ליטרים,4.00,ליטר,false,,17.90,4.4750,true,1,179987
7290000295121,false,מטליות זיגזג סנו סושי לניקוי רצפות 3יח',קריות זול,IL,מטלית זיגזג 3יח,,3.00,,false,,11.90,3.9667,true,1,179989
7290000295336,false,"סנו - מקסימה אבקת כביסה סנסטיב 1.25 ק""ג",סנו מפעלי ברונוס בעמ,IL,מקסימה סנסטיב אבקת כ,קילוגרמים,1.25,"ק""ג",false,,14.90,11.9200,true,1,179993
7290000295343,false,"אבקת כביסה מקסימה ביו 1.25 ק""ג סנו",קריות זול,IL,סנו מקסימה ביו אבקת,קילוגרמים,1.25,"ק""ג",false,,14.90,11.9200,true,1,179994
7290000295404,false,סנו סושי שקית אשפה חזקות 70*50 60 יח',מיוצר עי קונדיטוריית,IL,שקיות אשפה 60 יח סנו,,60.00,,false,,24.90,0.4150,true,1,179996
7290000295541,false,סנו רב מגבת גמבו 75 דפים בגליל,מיוצר עי קונדיטוריית,IL,סנו רב מגבת ג'מבו,יחידה,0.00,יחידה,false,,19.90,0.0000,true,1,231627
7290000295558,false,רדיד אלומיניום סנו סושי זוגי 30X7.5מ',מולינו ניקולי s.p.a,CN,סנו סושי צמד רדידי א,,0.30,,false,,10.90,36.3333,true,1,180001
7290000295749,false,ספוג כייף סאקי מסאז 1יח',גוד פוד פרודקטס S.p,IL,ספוג סאקי סנו,יחידה,0.00,יחידה,false,,12.90,0.0000,true,1,180006
7290000300900,false,טבעול שניצל תירס 8*750גרם רכיבים טבעיים,עיצובים 2020 (4.8),IL,שניצל תירס טבעול 750,,750.00,100 גרם,false,,29.90,0.0399,true,1,176590
7290000303581,false,פול מצרי A-2 פרי הגליל 560ג',"פרי הגליל בע""""מ",IL,פול מיצרי 560גר,,560.00,,false,,7.90,0.0141,true,1,200524
7290000303598,false,שעועית אפוייה A2 פרי גליל 570 ג',"פרי הגליל בע""""מ",IL,שעועית אפוייה 550גר,,550.00,,false,,7.90,0.0144,true,1,200525
7290000303604,false,חומוס גרגירים A2 פרי גליל 550ג',"פרי הגליל בע""""מ",IL,חומוס גרגירים 550גר,,550.00,,false,,7.90,0.0144,true,1,200526
7290000307015,false,אפונת גינה גדול A2 פרי גליל 550ג',"פרי הגליל בע""""מ",IL,אפונת גינה גדולה 550,,550.00,,false,,7.90,0.0144,true,1,200527
7290000307046,false,אפונה גינה וגזר 550 ג' פרי הגליל,"פרי הגליל בע""""מ",IL,אפונה וגזר 550גר,,550.00,,false,,7.90,0.0144,true,1,200528
7290000307220,false,גרעיני תירס מתוק בוואקום פרי גליל 340ג',"פרי הגליל בע""""מ",IL,תירס מתוק ואקום 340ג,,340.00,,false,,6.90,0.0203,true,1,200529
7290000307237,false,גרעיני תירס מתוק 550 ג' פרי הגליל,"פרי הגליל בע""""מ",IL,תירס גרעינים 550 גר,,550.00,,false,,7.90,0.0144,true,1,200530
7290000307343,false,שעועית ירוקה חתוכה A2 פרי גליל 550ג',"פרי הגליל בע""""מ",IL,שעועית ירוקה חתוכה 5,,550.00,100 גרם,false,,7.90,0.0144,true,1,200535
7290000307800,false,פול ירוק 800 ג' פרי הגליל,"פרי הגליל בע""""מ",IL,פול ירוק 800גר,,800.00,100 גרם,false,,13.90,0.0174,true,1,200536
7290000307985,false,גרעיני תירס מתוק 340 ג' פרי הגליל,"פרי הגליל בע""""מ",IL,תירס ללא תוספת סוכר,,340.00,,false,,7.90,0.0232,true,1,200537
7290000311203,false,וופלים מן שוקולד 200 גר,תות ממתקי איכות,IL,וופל מן שוקו 200גר,,200.00,,false,,5.90,0.0295,true,1,216884
7290000311227,false,וופלים מן 200 גר קפה,רוקחמן,IL,וופל מן קפה 200גר,,200.00,100 גרם,false,,5.90,0.0295,true,1,216886
7290000311234,false,וופל בטעם וניל 200 ג,רוקחמן,IL,וופל מן וניל 200גר,,200.00,,false,,5.90,0.0295,true,1,216887
7290000311272,false,מן-וופלים במילוי חלווה 180 ג,רוקחמן,IL,וופל מן במילוי חלווה,,180.00,,false,,5.90,0.0328,true,1,216888
7290000311319,false,"וופלים מצופים מן 1 ק""ג",,,וופל מן מצופה 1קג,,1000.00,,false,,28.90,0.0289,true,1,216890
7290000311357,false,מאגדת מן אגוזים עשיריה 20* 10,רוקחמן,IL,וופל מן בטעם אגוזים,,280.00,100 גרם,false,,12.90,0.0461,true,1,216891
7290000311425,false,מאגדת מן וופל מצופה כחול -עשירה 24*10,תות ממתקי איכות,IL,וופל מן מצופים עשירי,,220.00,,false,,8.90,0.0405,true,1,216892
7290000311500,false,וופלים מן 500 גר שוקו,רוקחמן,IL,וופל מן שוקו 500גר,,500.00,100 גרם,false,,10.90,0.0218,true,1,216893
7290000311517,false,וופלים מן 500 גר לימון,רוקחמן,IL,וופל מן לימון 500גר,,500.00,,false,,10.90,0.0218,true,1,196846
7290000311708,false,עוגיות מן חיטה מלאה 300 גרם,תות ממתקי איכות,IL,עוגיות חיטה מלאה 300,,300.00,,false,,7.90,0.0263,true,1,201021
7290000311715,false,עוגיות בטעם שוקו מן 300 גר,תות ממתקי איכות,IL,עוגיות בטעם שוקולד 3,,300.00,100 גרם,false,,7.90,0.0263,true,1,201022
7290000311722,false,עוגיות מן כוכבים וניל 300 גר',תות ממתקי איכות,IL,עוגיות כוכבים בטעם ו,,300.00,100 גרם,false,,7.90,0.0263,true,1,216895
7290000311746,false,עוגיות טעם קרמל מן 300 גר,רוקחמן,IL,עוגיות בטעם קרמל 300,,300.00,100 גרם,false,,7.90,0.0263,true,1,205972
7290000311845,false,עוגיות קמח מלא ללא תוספת סוכר מן 200ג,רוקחמן,IL,עוגיות קמח מלא ללא ס,,200.00,,false,,10.90,0.0545,true,1,205973
7290000311869,false,מן-וופלים בטעם שוק ללא תוספת סוכר 180ג,תות ממתקי איכות,IL,וופל מן בטעם שוקולד,,180.00,,false,,8.90,0.0494,true,1,205974
7290000311876,false,מן-וופלים בטעם וניל ללא תוספת סוכר 180ג,רוקחמן,IL,וופל מן בטעם וניל לל,,180.00,,false,,8.90,0.0494,true,1,216896
7290000311883,false,"עוגיות גרנולה לל""ס גרנולה 200 גרם",תות ממתקי איכות,IL,עוגיות גרנולה ללא סו,,200.00,100 גרם,false,,10.90,0.0545,true,1,215323
7290000313160,false,עוגיות חברים זהבה ו-3 הדובים שוקו' אסם 250 גר',היינץ צפון אמריקה מק,IL,חברים זהבה ושלושת הד,,250.00,100 גרם,false,,9.90,0.0396,true,1,176600
7290000313290,false,אסם נודלס נודלס אטריות מסולסלות 200גר,תאי פרזידנט פוד בנגק,TH,נודלס איטריות מסולסל,,200.00,100 גרם,false,,11.90,0.0595,true,1,176603
7290000315133,false,קנור ציר בקר משפחתי,יוניליוור ישראל מזון,IL,ציר בקר קנור 300גר,,300.00,100 גרם,false,,26.90,0.0897,true,1,182344
7290000318127,false,נקניקיות ביס 380 ג' יחיעם,מעדני יחיעם 1993,IL,נקניקיות ביס יחיעם 3,,380.00,,false,,11.90,0.0313,true,1,172096
7290000318493,false,כתףבקר מפולפליחיעם מ,מעדני יחיעם,IL,כתף בקר מפולפל יחיעם,קילוגרמים,1.00,"ק""ג",true,,139.00,139.0000,true,1,172064
7290000318677,false,סלמי סרוולט 150 ג' יחיעם,מעדני יחיעם 1993,IL,סלמי סרוולט יחיעם 15,,150.00,100 גרם,false,,29.90,0.1993,true,1,172113
7290000318943,false,יחיעם פסטרמה של פעם,תאי פרזידנט פוד פאבל,IL,פסטרמה של פעם 200 גר,,200.00,,false,,23.90,0.1195,true,1,172124
7290000319049,false,פסטרמה מעודנת בפפריק,,,פסטרמה מעודנת בפפריק,קילוגרמים,1.00,"ק""ג",true,,55.00,55.0000,true,1,172077
7290000319124,false,סלמי סרוולד יחיעם 25,מעדני יחיעם 1993,IL,סלמי סרוולט 250 גרם,,250.00,100 גרם,false,,41.90,0.1676,true,1,172129
7290000319131,false,נקניקיות עוף 400 ג' יחיעם,מעדני יחיעם 1993,IL,נקניקיות עוף יחיעם 4,,400.00,100 גרם,false,,11.90,0.0298,true,1,172130
7290000319704,false,נקניק כתף בקר מעושן,מעדני יחיעם,IL,כתף בקר מעושן יחיעם,קילוגרמים,1.00,"ק""ג",true,,139.00,139.0000,true,1,172082
7290000319759,false,סלמי תה יחיעם מעדניה,מעדני יחיעם,IL,סלמי תה יחיעם,קילוגרמים,1.00,"ק""ג",true,,55.00,55.0000,true,1,172084
7290000319803,false,קבנוס קלאסי 125 ג' יחיעם,תאי פרזידנט פוד פאבל,IL,קבנוס קלאסי יחיעם 12,,125.00,100 גרם,false,,14.90,0.1192,true,1,172155
7290000319834,false,קבנוס פפרוני 125 ג' יחיעם,תאי פרזידנט פוד פאבל,IL,קבנוס פפרוני קלאסי י,,125.00,,false,,14.90,0.1192,true,1,172157
7290000334684,false,טבעות בצל 700 ג' תפוגן,"תעשיות תפוגן בע""מ",IL,טבעות בצל תפוגן 700ג,,700.00,,false,,18.90,0.0270,true,1,176618
7290000334745,false,"אמריקאן צ'יפס תפוגן 1.5 ק""ג","תעשיות תפוגן בע""מ",IL,"ציפס אמריקאן 1.5ק""ג",,1500.00,100 גרם,false,,26.90,0.0179,true,1,176621
7290000336053,false,"תרכיז טבעי סיידר הגליל 330 מ""ל","טמפו משקאות בע""מ",IL,תרכיז סיידר הגליל מי,,330.00,100 גרם,false,,17.90,0.0542,true,1,172967
7290000341071,false,בדין - מרכך כביסה בייבי לבן 2 ליטר,יוניליוור ישראל טיפו,IL,בדין בייבי מרכך כביס,ליטרים,2.00,ליטר,false,,17.90,8.9500,true,1,182396
7290000345055,false,תה ויסוצקי ארל גריי 100 ג',מולינו ניקולי s.p.a,IL,תה ארל גריי עלים ויס,,100.00,,false,,14.90,0.1490,true,1,190409
7290000345116,false,תה ירוק ויסוצקי 125ג,תה ויסוצקי,IL,תה ירוק ויסוצקי 125ג,,125.00,100 גרם,false,,15.90,0.1272,true,1,190412
7290000345208,false,תה ויסוצקי קלאסיק מעודן 25X1.0יח',קריות זול,IL,תה ויסוצקי קלאסיק 25,,25.00,,false,,6.90,0.2760,true,1,190414
7290000345215,false,תה ויסוצקי קלאסיק 100/1 כחול מעודן,מולינו ניקולי s.p.a,IL,תה ויסוצקי קלאסיק כח,,100.00,100 גרם,false,,17.90,0.1790,true,1,190415
7290000345260,false,תה ויסוצקי קלאסיק 25X1.50יח',מולינו ניקולי s.p.a,IL,תה ויסוצקי קלאסיק 25,,25.00,,false,,7.90,0.3160,true,1,190416
7290000345284,false,תה ויסוצקי קלאסיק טעם עשיר 100/1.5יח',מולינו ניקולי s.p.a,IL,תה ויסוצקי קלאסיק יר,,150.00,100 גרם,false,,17.90,0.1193,true,1,190418
7290000345291,false,תה ארל גריי 25 שקיקים ויסוצקי,קריות זול,IL,תה ארל גריי ויסוצקי,,25.00,,false,,16.90,0.6760,true,1,190419
7290000345307,false,תה ארל גריי 50 שקיקים ויסוצקי,מולינו ניקולי s.p.a,IL,תה ארל גריי ויסוצקי,,75.00,,false,,29.90,0.3987,true,1,190420
7290000345536,false,תה נענע 25 שקיקים *1.5 ג',מולינו ניקולי s.p.a,IL,תה נענע 25יח,,37.50,100 גרם,false,,19.90,0.5307,true,1,190423
7290000346120,false,תה ויסוצקי חליטת קסם הקינמון 25יח',קריות זול,IL,תה קסם הקנמון 25יח,,62.50,100 גרם,false,,19.90,0.3184,true,1,190430
7290000346137,false,תה הגן הקסום הילולי פירות 25 שקיקים,קריות זול,IL,תה הילולי פירות 25יח,,62.50,100 גרם,false,,19.90,0.3184,true,1,190431
7290000346199,false,תה הגן הקסום תה פירות יער 25 יח',קריות זול,IL,תה פירות היער ויסוצק,,67.50,,false,,19.90,0.2948,true,1,190435
7290000346205,false,תה הגן הקסום תה קמומיל 25 יח',קריות זול,IL,תה קמומיל ויסוצקי הג,,37.50,,false,,19.90,0.5307,true,1,190436
7290000346960,false,תה ויסוצקי נענע 1.7 גרם 50יח',בית ויסוצקי,IL,תה נענע ויסוצקי 50יח,,75.00,100 גרם,false,,34.90,0.4653,true,1,190443
7290000347738,false,תה ירוק נענע 25 שקיקים 1.5 גרם,קריות זול,IL,תה ירוק נענע 25יח,,37.50,100 גרם,false,,25.90,0.6907,true,1,190448
7290000347752,false,תה ירוק לימונית ולואיזה 25 שקיקים *1.5 ג'' ויסוצקי,קריות זול,IL,תה ירוק לימונית ולוא,,37.50,100 גרם,false,,25.90,0.6907,true,1,190450
7290000355382,false,עגבניות מרוסק' ובזלי' A2.5 טל וטרי 800ג',"מילוז(1989)בע""""מ",IL,עגבניות מרוסקות עם ב,,800.00,100 גרם,false,,9.90,0.0124,true,1,200540
7290000355405,false,עגבניות מרוסקות עם בצל 800ג',"מילוז(1989)בע""""מ",IL,עגבניות מרוסקות בצל,,800.00,100 גרם,false,,9.90,0.0124,true,1,200542
7290000355498,false,רוטב עגבניות A2 BX28 טומטו 580ג',"מילוז(1989)בע""""מ",IL,רסק עגבניות 28% טומט,,580.00,100 גרם,false,,8.90,0.0153,true,1,230484
7290000355757,false,עגבניות מרוסקות 800 ג' טל,"מילוז(1989)בע""""מ",IL,עגבניות מרוסקות 800ג,,800.00,100 גרם,false,,9.90,0.0124,true,1,200548
7290000364131,false,סלמי פריזר כפרי טירת 400 ג' צבי,טירת צבי,IL,סלמי פריזר כפרי טירת,,400.00,,false,,18.90,0.0472,true,1,188108
7290000364858,false,"נקניקיות עוף טרי 1 ק""ג טירת צבי",הנסיך- מפעל לייצור ט,IL,נקניקיות עוף טירת צב,,1000.00,,false,,25.90,0.0259,true,1,188114
7290000364872,false,נקניקיות עוף טירת צבי 400 ג',טיב טירת צבי 2000,IL,נקניקיות עוף טירת צב,,400.00,,false,,14.90,0.0373,true,1,188115
7290000367590,false,צמד כפרי סלמי+פסטרמה 800 גרם טירת צבי,טיב טירת צבי 2000,IL,פסטרמה צמד סלמי 400ג,,800.00,,false,,29.90,0.0374,true,1,188117
7290000369341,false,לאבנה אבו גוש ניצן מ,יושלם,,לאבנה אבו גוש 17% ני,קילוגרמים,1.00,"ק""ג",true,,44.00,44.0000,true,1,236066
7290000369617,false,כדורי מעדן גבינה בשמן 225 ג' ניצן,"ניצן מותגי מזון בע""מ",IL,כדורי רחוב 150 גרם,,150.00,100 גרם,false,,17.90,0.1193,true,1,233550
7290000369709,false,ממרח חמאה בטעם שום 1,"ניצן מותגי מזון בע""מ",,ממרח חמאה 100 גרם,,100.00,100 גרם,false,,12.90,0.1290,true,1,233551
7290000379432,false,לחמניה אצבע אנג'ל 75 ג',מאפיית אנג'ל,IL,לחמניה רגילה,,75.00,100 גרם,false,,1.90,0.0253,true,1,194658
7290000408316,false,דנונה ביו יוגורט טבעי 3% 200 ג',מיוצר עי קונדיטוריית,IL,דנונה טבעי 3% 200גר,,200.00,100 גרם,false,,3.90,0.0195,true,1,195109
7290000408354,false,יוגורט עם אורז מצופה שוקולד קקאו 175 ג' דנונה,"שטראוס בריאות בע""מ",IL,דנונה בר פיצפוצים 17,,173.00,100 גרם,false,,5.10,0.0295,true,1,195110
7290000412481,false,סנו - מנקה אסלות 00 1 ליטר,מיוצר עי קונדיטוריית,IL,מנקה אסלות 00 סנו 1ל,,1000.00,100 גרם,false,,8.90,0.0089,true,1,180013
7290000416021,false,ממרח שוקולד השחר חלבי 500 גר',השחר העולה,IL,ממרח בטעם שוקולד השח,,500.00,,false,,13.90,0.0278,true,1,181139
7290000416045,false,ממרח שוקולד השחר דלי,השחר העולה,IL,ממרח השחר העולה חלבי,,1000.00,,false,,24.90,0.0249,true,1,181141
7290000416076,false,שוקולד צימקאו לבישול השחר 400 ג',השחר העולה,IL,צימקאו לבישול השחר 4,,400.00,100 גרם,false,,13.90,0.0348,true,1,181142
7290000416618,false,"ממרח שוקולד השחר פרווה בד""צ 400 גר'",השחר העולה בעמ,IL,השחר העולה קרם מובחר,,400.00,,false,,12.90,0.0323,true,1,181145
7290000416632,false,ממרח שוקולד פרווה הש,השחר העולה תעשית ממת,IL,ממרח השחר פרווה 1קג,,1000.00,,false,,24.90,0.0249,true,1,181146
7290000416809,false,ממרח חלב קרם חצי מובחרלמריחה 350 ג' השחר,,,ממרח חצי חצי קרם חלב,,350.00,100 גרם,false,,12.90,0.0369,true,1,222916
7290000416854,false,אבקת קקאו השחר העולה 150ג',אף.סי תבליני בגליל ב,IL,קקאו השחר 150גר,,150.00,100 גרם,false,,10.90,0.0727,true,1,181148
7290000418155,false,תחבושות סופר פלוס טופ-פד 16 יח',מוצרי נייר עמיר,IL,תחבושות טופ פד סופר,יחידה,0.00,יחידה,false,,6.90,0.0000,true,1,171791
7290000419220,false,לנדוור כחול המקורי קפה טחון טורקי 3*100 גרם 16 יח',קפה לנדוור,IL,לנדוור קפה כחול מארז,,300.00,100 גרם,false,,17.90,0.0597,true,1,176631
7290000419374,false,לנדוור לבוקר טחון טורקי 3*100גר,קפה לנדוור,IL,לנדוור קפה טחון טורק,,300.00,100 גרם,false,,17.90,0.0597,true,1,176633
7290000419893,false,לנדוור חזק - קפה טחון טורקי 100 גרם,מולינו ניקולי s.p.a,IL,קפה לנדוור לבוקר 100,,100.00,,false,,7.90,0.0790,true,1,176641
7290000419909,false,לנדוור לבוקר - קפה טחון טורקי 100 גרם,מולינו ניקולי s.p.a,IL,לנדוור קפה שחור טעם,,100.00,100 גרם,false,,7.90,0.0790,true,1,176642
7290000420325,false,פופ קורן טבעי למיקרוגל 5 יח',קריות זול,US,פופסטאר בטעם טבעי 5י,,500.00,,false,,13.90,0.0278,true,1,206537
7290000420332,false,פופ קורן חמאה למיקרוגל 5יח',קריות זול,US,פופסטאר בטעם חמאה 5י,,500.00,,false,,13.90,0.0278,true,1,206538
7290000436203,false,עוגיות ברמן שוקו צ'פס 200 גר',קריות זול,,עוגיות שוקו ציפס ברמ,,180.00,100 גרם,false,,6.90,0.0383,true,1,176645
7290000453408,false,בצק פיצה דק מצונן ומוכן לאפייה שמרית,"פאקא תעשיות בע""מ",GR,בצק פיצה דק שמרית מצ,,415.00,100 גרם,false,,17.90,0.0431,true,1,235084
7290000453422,false,בצק פילו מצונן ומרודד מוכן לאפיה,"פאקא תעשיות בע""מ",GR,בצק פילו שמרית מצונן,,300.00,100 גרם,false,,17.90,0.0597,true,1,235086
7290000453798,false,שמרים יבשים אקטיביים שימרית 500 ג',"גי' בי' רכיבים בע""מ",,שמרים יבשים אקטיביים,,500.00,,false,,14.90,0.0298,true,1,207648
7290000453866,false,נטורינה קוקוס לאפייה שמרית 200ג',גרונבאנג- גרונדנסק א,DK,שמרית תחליף מרגרינה,,200.00,,false,,8.90,0.0445,true,1,221848
7290000453880,false,"מרגרינה לל""מ לאפיה ובישול שימרית 200 ג'","פאקא תעשיות בע""מ",IL,מרגרינה ללא מלח לאפי,,200.00,100 גרם,false,,6.50,0.0325,true,1,195118
7290000453897,false,מרגרינה בטעם חמאה שימרית 200 ג',גרונבאנג- גרונדנסק א,IL,מרגרינה בטעם חמאה 20,,200.00,,false,,6.50,0.0325,true,1,195119
7290000461625,false,בייגלה שמיניות מלח בייגל בייגל 400 ג',בייגל את בייגל מזון,IL,בייגלה שמיניות מלוחו,,400.00,100 גרם,false,,10.90,0.0273,true,1,182407
7290000462103,false,סחוג אדום חריף עדין (מכסה לבן) 150 גרם,קריניסה ויטמין אס אי,IL,סחוג אדום חריף עדין,,150.00,,false,,10.90,0.0727,true,1,195120
7290000462141,false,סחוג אדום חריף מאוד (מכסה אדום) 150 גרם,קריניסה ויטמין אס אי,IL,סחוג אדום חריף מאוד,,150.00,100 גרם,false,,10.90,0.0727,true,1,195122
7290000462172,false,סחוג ירוק חריף מאוד מ.ירוק 150 גרם,קריניסה ויטמין אס אי,IL,סחוג ירוק חריף מאוד,,150.00,,false,,10.90,0.0727,true,1,195124
7290000462981,false,סחוג חריף אש 150 גרם,זהבי הכרם,,זחוק חריף אש 150 גרם,,150.00,,false,,10.90,0.0727,true,1,244437
7290000464985,false,לשון בקר קפוא,,,לשון בקר קפוא,קילוגרמים,1.00,"ק""ג",true,,39.90,39.9000,true,1,197312
7290000467153,false,צבר חומוס סמיר הגדול 400גר,סלטי צבר,IL,חומוס סמיר הגדול צבר,,400.00,100 גרם,false,,15.90,0.0398,true,1,176706
7290000474090,false,חלב הומוגני 1% קרטון טרה 1ל',מילקו תעשיות בעמ,IL,חלב 1% בקרטון טרה 1,,1000.00,100 גרם,false,,5.86,0.0059,true,1,184328
7290000474502,false,גבינה לבנה 5% 250ג' טרה מהדרין,קריות זול,IL,גבינה לבנה 5% טרה 25,,250.00,,false,,4.98,0.0199,true,1,184339
7290000474540,false,גבינה טוב טעם 3% טרה 250ג' מהדרין,קריות זול,IL,גבינת 3% טוב טעם 250,,250.00,100 גרם,false,,11.90,0.0476,true,1,184341
7290000480442,false,קוואקר שיבולת שועל שקית 500 גר',פריטו ליי FRITO-LAY,IL,קואקר שבולת שועל שקי,,500.00,100 גרם,false,,14.30,0.0286,true,1,183922
7290000481029,false,עשיריית פיתות תנעמי,יוניליוור גרמניה Gm,IL,פיתות בטעם ביתי 10 י,,1000.00,,false,,10.90,0.0109,true,1,246518
7290000481043,false,עשריית פיתות כוסמין,,,פיתות כוסמין מארז 10,,700.00,100 גרם,false,,15.90,0.0227,true,1,247087
7290000481074,false,לחם משלושה קמחים מלאים 750 גר,,,לחם טריו דגנית 750גר,,750.00,100 גרם,false,,17.90,0.0239,true,1,251296
7290000481180,false,לחם מחמצת שאור דגנית,,,לחם מחמצת שאור דגנית,,550.00,100 גרם,false,,17.90,0.0325,true,1,252846
7290000481197,false,לחם מחמצת גרעינים וש,,,לחם מחמצת גרעינים וש,,550.00,100 גרם,false,,17.90,0.0325,true,1,252847
7290000481203,false,לחם מחמצת מקמח מלא ד,,,לחם מחמצת מקמח מלא ד,,550.00,100 גרם,false,,17.90,0.0325,true,1,252848
7290000481487,false,חלה רגילה 500גר,,,חלה רגילה 500גר,,500.00,,false,,6.26,0.0125,true,1,194644
7290000481517,false,פוקצות 2יח עם שמן זי,,,פוקצות 2יח עם שמן זי,,320.00,100 גרם,false,,11.90,0.0372,true,1,252845
7290000481555,false,לחמניה רגילה,,,לחמניה רגילה,,75.00,100 גרם,false,,1.90,0.0253,true,1,194645
7290000482033,false,שקיות קוקי ענק בתנור ובמיקרוגל 5 יח,הנסיך- מפעל לייצור ט,IL,קוקי שקיות ענק בתנור,,5.00,,false,,10.90,2.1800,true,1,185327
7290000484747,false,עראק עלית 700 מל 40% כהל,יקב הגליל שווק בעמ,IL,הארק עלית 40% 700מל,,700.00,100 גרם,false,,58.90,0.0841,true,1,210701
7290000490717,false,גלית מאגדת שמיניה 560 ג',הגלידות של פלדמן,IL,גלית שרבט בטעם תות 8,,8.00,,false,,21.90,2.7375,true,1,246691
7290000493176,false,אבקת רוטב צלי לבשר 22ג' אסם,"אסם השקעות בע""מ",IL,אבקת רוטב צלי אסם 22,,22.00,100 גרם,false,,5.90,0.2682,true,1,176729
7290000493183,false,אבקת רוטב פיטריות 30 ג' אסם,"אסם השקעות בע""מ",IL,אבקת רוטב פטריות אסם,,30.00,100 גרם,false,,5.90,0.1967,true,1,176730
7290000494760,false,קפה טורקי בוואקום כת,רוני רג'ואן,IL,קפה טורקי כתר 1קג,,1000.00,100 גרם,false,,44.90,0.0449,true,1,234882
7290000497044,false,ברמן אקטיב לחם ארוז,מאפית י את א ברמן בע,IL,לחם אקטיב ברמן 750גר,,750.00,,false,,16.90,0.0225,true,1,199187
7290000497112,false,לחם ברמן אחיד פרוס 750ג',מאפית י את א ברמן בע,IL,לחם אחיד פרוס ברמן,,750.00,,false,,7.91,0.0105,true,1,199191
7290000497228,false,לחמניה רגילה בשקית ברמן 6יח',מאפית י את א ברמן בע,IL,לחמניות בשקית 6יח,,450.00,,false,,10.90,0.0242,true,1,199198
7290000497273,false,לחמניות אקטיב מארז 6 יח',מאפית י את א ברמן בע,IL,לחמניות אקטיב 6 יח',,450.00,,false,,13.50,0.0300,true,1,199199
7290000497358,false,חלה מתוקה ארוזה חלומית 500 גר',מאפית י את א ברמן בע,IL,חלומית חלה מתוקה ארו,,500.00,100 גרם,false,,14.90,0.0298,true,1,199202
7290000497426,false,לחם לעניין פלוס 500 גר',מאפית י את א ברמן בע,IL,לחם ברמן לענין פלוס,,500.00,100 גרם,false,,16.90,0.0338,true,1,199204
7290000497532,false,"לחם מקמח מלא""לעניין"" 750 גר'",מאפית י את א ברמן בע,IL,לחם ברמן לעניין 750ג,,750.00,100 גרם,false,,14.90,0.0199,true,1,199210
7290000497570,false,לחם דגנים פלוס 500 גר',מאפית י את א ברמן בע,IL,לחם דגנים פלוס ברמן,,500.00,,false,,16.90,0.0338,true,1,199212
7290000498034,false,לחם אי פרי קמח כוסמין מלא 750 גר',מאפית י את א ברמן בע,IL,לחם מקמח כוסמין מלא,,750.00,,false,,16.90,0.0225,true,1,235147
7290000498256,false,עשיריית לחמניות ברמן,מאפיות ברמן,IL,מארז 10יח לחמניות בר,יחידה,0.00,יחידה,false,,13.90,0.0000,true,1,199248
7290000504025,false,סוכרזית פטריה 300 טבליות,אף.סי תבליני בגליל ב,IL,סוכרזית פטריה 300 טב,,300.00,,false,,9.90,0.0330,true,1,207657
7290000504049,false,סוכרזית קנקן 1200 טבליות,אף.סי תבליני בגליל ב,IL,סוכרזית קנקן 1200 טב,,1200.00,,false,,28.90,0.0241,true,1,207659
7290000504278,false,סוכרזית - קלאסי פטנט 700 טבליות,אף.סי תבליני בגליל ב,IL,סוכרזית פטנט 700 טבל,,700.00,,false,,18.90,0.0270,true,1,207662
7290000518169,false,ממתיק מתוק וקל בקבוק,קריות זול,IL,מתוק וקל 1000 טבליות,,1000.00,,false,,9.90,0.0099,true,1,206242
7290000518190,false,מתוק וקל סטיביה 100 שקיות,מתוק וקל,,*מבצע* מתוק וקל סטיב,יחידה,0.00,יחידה,false,,21.90,0.0000,true,1,220672
7290000518220,false,סוכרה דיאט ממתיק 100 שקיות,פתח תקווה,IL,סוכרה דיאט 100 שקיות,יחידה,0.00,יחידה,false,,27.90,0.0000,true,1,220674
7290000518251,false,מתוק וקל ממתיק זהב 100 שקיות,קריות זול,IL,מתוק וקל זהב 100 שקי,,100.00,100 גרם,false,,14.90,0.1490,true,1,206244
7290000521008,false,"יין אדום יבש סגל 750 מ""ל",כרמי צבי - אחים סגל,IL,יין סגל אדום יבש 750,,750.00,100 גרם,false,,24.90,0.0332,true,1,172978
7290000521015,false,"יין סגל לבן יבש 750מ""ל","מיוצר ע""י כרמי צבי-",IL,לבן יבש סגל,,750.00,100 גרם,false,,24.90,0.0332,true,1,172979
7290000523125,false,מלח הארץ הים האדום 250 ג' עדין,חברת מלח הארץ אילת ב,IL,מלח הארץ ים יבש 250,,250.00,100 גרם,false,,6.90,0.0276,true,1,190452
7290000523224,false,מלח הארץ הים האדום 500 ג' עדין,חברת מלח הארץ אילת ב,IL,מלח הארץ ים יבש 500,,500.00,100 גרם,false,,9.90,0.0198,true,1,190453
7290000523514,false,מלח הארץ 50% מכמות הנתרן 250 גרם,חברת מלח הארץ אילת ב,IL,מלח הארץ 50% מכמות ה,,250.00,100 גרם,false,,11.90,0.0476,true,1,190454
7290000523804,false,"מלח עדין צנצנת 1 ק""ג מלח הארץ",חברת מלח הארץ אילת ב,IL,מלח הארץ עדין צנצנת,,1000.00,100 גרם,false,,8.90,0.0089,true,1,190456
7290000523811,false,"צנצנת מלח גס 1 ק""ג מלח הארץ",חברת מלח הארץ אילת ב,IL,מלח הארץ גס צנצנת 1ק,,1000.00,,false,,8.90,0.0089,true,1,190457
7290000525969,false,פרימור סחוט תפוזים טבעי 1ל',"גניר (1992) בע""מ",IL,פרימור תפוזים 1ליטר,,1000.00,,false,,16.90,0.0169,true,1,195126
7290000530024,false,נקניק תה מעושן רחב,זוגלובק,IL,תה מעושן זוגלובק,קילוגרמים,1.00,"ק""ג",true,,60.00,60.0000,true,1,211306
7290000530048,false,סלמי פפרוני זוגלובק,כצט,IL,סלמי פפרוני זוגלובק,קילוגרמים,1.00,"ק""ג",true,,65.00,65.0000,true,1,211308
7290000530062,false,נקניק מעושן איטלקי ז,זוגלובק,IL,נקניק מעושן איטלקי ז,קילוגרמים,1.00,"ק""ג",true,,95.00,95.0000,true,1,211309
7290000530086,false,נקניק סלמי מעושן 600 ג' זוגלובק,נקניק נהריה כשר זוגל,IL,*מבצע* נקניק סלמי מע,,600.00,100 גרם,false,,26.90,0.0448,true,1,211357
7290000530116,false,נקניק סלמי מעושן בשן 470 ג' זוגלובק,נקניק נהריה כשר זוגל,IL,*מבצע* נקניק בשן זוג,,470.00,100 גרם,false,,16.90,0.0360,true,1,211359
7290000530178,false,נקניק קוניאק זוגלובק,זוגלובק,IL,נקניק קוניאק זוגלובק,קילוגרמים,1.00,"ק""ג",true,,95.00,95.0000,true,1,211311
7290000530192,false,נקניק סרבלד זוגלובק,כצט,IL,נקניק סרבלד זוגלובק,קילוגרמים,1.00,"ק""ג",true,,145.00,145.0000,true,1,211312
7290000530260,false,נקניק מורטדלה זוגלוב,,,מורטודלה זוגלובק,קילוגרמים,1.00,"ק""ג",true,,50.00,50.0000,true,1,211313
7290000530291,false,נקניק מבשר הודו קטן 800 ג' זוגלובק,נקניק נהריה כשר זוגל,IL,נקניק מבשר הודו קטן,,750.00,100 גרם,false,,22.90,0.0305,true,1,211360
7290000530369,false,פסטרמה גולן הודו מעו,כצט,IL,פסטרמה גולן הודו מעו,קילוגרמים,1.00,"ק""ג",true,,95.00,95.0000,true,1,211315
7290000530413,false,המבורגר זהב זוגלובק 400 גר',נקניק נהריה כשר זוגל,IL,המבורגר זהב זוגלובק,,400.00,100 גרם,false,,27.90,0.0697,true,1,211361
7290000530444,false,כתף בקר מעושן זוגלוב,זוגלובק,IL,כתף בקר מעושן זוגלוב,קילוגרמים,1.00,"ק""ג",true,,125.00,125.0000,true,1,211316
7290000530598,false,נקניקיות וינר 500 ג' טרי זוגלובק,נקניק נהריה כשר זוגל,IL,נקניקיות וינר גוליבר,,500.00,100 גרם,false,,17.90,0.0358,true,1,211366
7290000530604,false,נקניקיות וינר חריפות גוליבר 500ג זוגלובק,נקניק נהריה כשר זוגל,,נקניקיות חריפות זוגל,,400.00,100 גרם,false,,16.90,0.0422,true,1,211367
7290000530703,false,זוג במארז חרמון הודו + סלמי תה זוגלובק 800 גר',נקניק נהריה כשר זוגל,IL,*מבצע* נקניק תה 400ג,,800.00,100 גרם,false,,26.90,0.0336,true,1,211369
7290000531410,false,פסטרממיה בדבש טהור,זוגלובק,IL,פסטרממיה בדבש טהור,קילוגרמים,1.00,"ק""ג",true,,95.00,95.0000,true,1,211320
7290000531601,false,סטייק בורגר זהב זוגלובק 400ג',נקניק נהריה כשר זוגל,IL,סטייק בורגר זוגלובק,,400.00,100 גרם,false,,27.90,0.0697,true,1,211380
7290000532400,false,פסטרמה ברביקיו זוגלו,זוגלובק,IL,פסטרמה ברביקיו זוגלו,קילוגרמים,1.00,"ק""ג",true,,95.00,95.0000,true,1,211322
7290000533636,false,פסטרממיה צלויה על גח,,,פסטרממיה צלויה על גח,קילוגרמים,1.00,"ק""ג",true,,95.00,95.0000,true,1,211327
7290000533681,false,פסטרממיה מעושנת זוגל,כצט,IL,פסטרממיה מעושנת זוגל,קילוגרמים,1.00,"ק""ג",true,,95.00,95.0000,true,1,211328
7290000534718,false,פסטרמה חזה תבור זוגל,זוגלובק,IL,פסטרמה חזה תבור זוגל,קילוגרמים,1.00,"ק""ג",true,,95.00,95.0000,true,1,211330
7290000534800,false,פסטרמה הודו רומני זו,כצט,IL,פסטרמה הודו רומני זו,קילוגרמים,1.00,"ק""ג",true,,85.00,85.0000,true,1,211331
7290000534824,false,חרמון-חזה הודו מעושן,,,חרמון הודו מעושן זוג,קילוגרמים,1.00,"ק""ג",true,,65.00,65.0000,true,1,211332
7290000536743,false,קריספי סטיקס תירס 500 ג' זוגלובק,נקניק נהריה כשר זוגל,IL,קריספי סטיקס תירס זו,,500.00,100 גרם,false,,24.90,0.0498,true,1,211418
7290000537566,false,נקניקיות עוף טרי 400 ג' זוגלובק,נקניק נהריה כשר זוגל,IL,נקניקיות עוף זוגלובק,,400.00,100 גרם,false,,16.90,0.0422,true,1,211427
7290000554402,false,מלבי 160גר מחלבות גד,"מיוצר ע""י קוד יצרן E",IL,מלבי 160גר מחלבות גד,,160.00,100 גרם,false,,5.90,0.0369,true,1,171581
7290000554532,false,גבינה צפתית מעודנת במלח ים 5% 200 ג' גד,הנסיך- מפעל לייצור ט,IL,צפתית מעודנת במלח ים,,200.00,100 גרם,false,,14.90,0.0745,true,1,171585
7290000554600,false,מוצרלה מגורדת 18% 300 גרם - רובין,מחלבות גד בעמ,IL,מוצרלה 22% מגורדת 30,,300.00,100 גרם,false,,27.90,0.0930,true,1,171586
7290000554624,false,ירח מתוק 3% 150 גרם רובין,"מיוצר ע""י קוד יצרן E",IL,ירח מתוק 150גר מחלבו,,150.00,100 גרם,false,,5.90,0.0393,true,1,171587
7290000554822,false,גבינת ריקוטה טבעית 5% גד 250ג',מחלבות גד בעמ,IL,ריקוטה טבעי 5% 250גר,,250.00,,false,,15.70,0.0628,true,1,171589
7290000554839,false,שמנת מתוקה קשה בסגנון איטלקי 40% שומן 250 ג' גד,מחלבות גד בעמ,IL,גבינה מסקרפונה 40% 2,,250.00,100 גרם,false,,22.70,0.0908,true,1,171590
7290000560540,false,אדג' ג'ל כתום לעור רגיש 198גרם,המאפיה של הרמן,US,ג'ל גילוח אדג' לעור,,200.00,,false,,17.90,0.0895,true,1,206547
7290000572208,false,חלבה חטיף וניל אחווה 100ג',שוורצקוף& הנקל דיסלד,IL,חלבה אחווה 100גר,,100.00,,false,,3.90,0.0390,true,1,202693
7290000572222,false,חלבה וניל בבלוק אחווה 500ג',שוורצקוף& הנקל דיסלד,IL,חלבה בבלוק אחווה 500,,500.00,100 גרם,false,,11.90,0.0238,true,1,202694
7290000572529,false,חלבה פיסטוק מגש אחווה 400ג',אחדות ביחר לטחינה חל,IL,חלבה פיסטוק אחווה 40,,400.00,100 גרם,false,,14.90,0.0373,true,1,202695
7290000572536,false,חלבה וניל מגש אחווה 400ג'',אחדות ביחר לטחינה חל,IL,חלבה וניל אחווה 400,,400.00,100 גרם,false,,12.90,0.0323,true,1,202696
7290000572628,false,חלבה חטיף ללא סוכר בקופסה 276 ג',שוורצקוף& הנקל דיסלד,IL,חטיף חלבה ללא סוכר 1,,275.00,,false,,13.90,0.0505,true,1,202698
7290000572673,false,אחווה חטיף חלווה ט.שונים 12*25גר,שוורצקוף& הנקל דיסלד,IL,חטיף חלבה אחווה 12*2,,300.00,100 גרם,false,,13.90,0.0463,true,1,202700
7290000574011,false,מארז 8 לחמניות חיטה,,,מארז 8 לחמניות חיטה,,8.00,,false,,11.90,1.4875,true,1,245921
7290000574028,false,לחם שחור מועשר פלוס 750 גר'.,יוניליוור גרמניה Gm,IL,לחם שחור מועשר פלוס,,750.00,100 גרם,false,,8.90,0.0119,true,1,235351
7290000574035,false,לחם אחיד פרוס 750ג' דגנית עין בר,יוניליוור גרמניה Gm,IL,לחם אחיד פרוס 750גרם,,750.00,,false,,7.10,0.0095,true,1,194680
7290000574066,false,לחם מלא פלוס שיפון 750 ג' דגנית עין בר,יוניליוור גרמניה Gm,IL,לחם חיטה מלאה עם שיפ,,750.00,100 גרם,false,,15.90,0.0212,true,1,194683
7290000574097,false,מארז לחמניות מיוחדות,,,מארז לחמניות מיוחדות,,8.00,,false,,11.90,1.4875,true,1,245922
7290000574141,false,לחם חיטה מלא 750ג' דגנית עין בר,דגנית עין בר תעשיות,IL,לחם חיטה מלאה 750גר,,750.00,,false,,13.90,0.0185,true,1,194687
7290000574158,false,מארז 8 לחמניות לוסי,,,מארז 8 לחמניות לוסי,,8.00,,false,,11.90,1.4875,true,1,245923
7290000574172,false,לחם קל מחיטה מלאה 750 ג' דגנית עין בר,יוניליוור גרמניה Gm,IL,לחם קל חיטה מלאה 750,,750.00,,false,,16.90,0.0225,true,1,194689
7290000574189,false,מארז 6 לחמניות קלועו,,,מארז 6 לחמניות קלועו,,6.00,,false,,11.90,1.9833,true,1,245924
7290000574226,false,לחמניות אצבע דגנית מ,,,לחמניות אצבע דגנית מ,יחידה,0.00,יחידה,false,,11.90,0.0000,true,1,246054
7290000574233,false,לחמניה רגילה,,,לחמניה רגילה,,75.00,100 גרם,false,,1.90,0.0253,true,1,228634
7290000574301,false,לחמניות 10יח חיטה מל,,,לחמניות 10יח חיטה מל,יחידה,0.00,יחידה,false,,11.90,0.0000,true,1,246517
7290000574455,false,לחם חיטה מלא פלוס כוסמין 750 ג' דגנית עין בר,דגנית עין בר,IL,לחם חיטה מלאה כוסמין,,750.00,100 גרם,false,,16.90,0.0225,true,1,194700
7290000574509,false,6 לחמניות חצויות דגנ,דגנית עין בר,,לחמניות חצויות 6יח 4,,450.00,100 גרם,false,,9.90,0.0220,true,1,194702
7290000599847,false,רב מגבת מויסקו,,,רב מגבת גליל,יחידה,0.00,יחידה,false,,10.90,0.0000,true,1,197192
7290000599946,false,6 ספוגי הפלא SHINY,,,ספוג הפלא 6יח,,6.00,,false,,7.90,1.3167,true,1,197195
7290000599977,false,שייני כריות יפניות 9 יח',,,כרית יפנית 9יח,יחידה,0.00,יחידה,false,,10.90,0.0000,true,1,197197
7290000611099,false,כבד עוף לצליה בלבד,,,כבד עוף לצליה בלבד,קילוגרמים,1.00,"ק""ג",true,,24.90,24.9000,true,1,210302
7290000611181,false,כנפיים עוף טרי,,,כנפיים עוף טרי,קילוגרמים,1.00,"ק""ג",true,,11.90,11.9000,true,1,210308
7290000611242,false,פילה עוף טרי,,,פילה עוף טרי,קילוגרמים,1.00,"ק""ג",true,,39.90,39.9000,true,1,210312
7290000611419,false,קורקבן עוף טרי,,,קורקבן עוף טרי,קילוגרמים,1.00,"ק""ג",true,,10.90,10.9000,true,1,210319
7290000631059,false,כבד עוף לצליה בלבד,,,כבד עוף לצליה בלבד,קילוגרמים,1.00,"ק""ג",true,,24.90,24.9000,true,1,229399
7290000644356,false,גרון הודו נ. טרי,,,גרון הודו נ. טרי,קילוגרמים,1.00,"ק""ג",true,,29.90,29.9000,true,1,210351
7290000644783,false,נתחי פילה סלמון בואק,X MAK,DK,מנות סלמון קפוא תנוב,קילוגרמים,1.00,"ק""ג",true,,89.90,89.9000,true,1,187995
7290000645278,false,זנב הודו מוכשר,,,זנב הודו מוכשר,קילוגרמים,1.00,"ק""ג",true,,6.90,6.9000,true,1,210352
7290000646299,false,פילה נסיכת הנילוס קפ,,ZA,פילה נסיכת הנילוס קפ,קילוגרמים,1.00,"ק""ג",true,,59.90,59.9000,true,1,243571
7290000654546,false,פילה אמנון 7-9 100% דג,תנובה,IL,פילה אמנון קפוא 7-9,קילוגרמים,1.00,"ק""ג",true,,34.90,34.9000,true,1,243569
7290000659312,false,דגי תנובה פילה סלומון קפוא בוואקום,PEQUERA DEL,,פילה סלמון פרמיום קפ,קילוגרמים,1.00,"ק""ג",true,,84.90,84.9000,true,1,188000
7290000688084,false,מים מינרליים פקק ספו,מופק ממקור בזלתי עדן,IL,"מי עדן ספורט 500מ""ל",,500.00,,false,,3.00,0.0060,true,1,181550
7290000688374,false,"מי עדן בייבי מארז 330X6 מ""ל","מי עדן בע""מ",,מי עדן בייבי שישיה 6,,1980.00,,false,,15.90,0.0080,true,1,181554
7290000688381,false,מי עדן פקק ספורט 6*500 מל.,"מי עדן בע""מ",IL,מי עדן ספורט שישייה,,3000.00,100 גרם,false,,13.90,0.0046,true,1,181555
7290000688503,false,מים מינרליים מי עדן,"מי עדן בע""מ",IL,מי עדן ג'ים שישייה 6,,4500.00,,false,,15.90,0.0035,true,1,181557
7290000692227,false,נוזל כלים פלמוליב צילינדר קלאסי 1 ליטר,יבואן ומשווק: ש. שסט,GR,פלמוליב לכלים קלאסי,,1000.00,,false,,14.90,0.0149,true,1,185332
7290000739247,false,פסטרמה איטלקית זוגלו,,,פסטרמה איטלקית זוגלו,קילוגרמים,1.00,"ק""ג",true,,85.00,85.0000,true,1,211339
7290000805597,false,בונזו 7+ לכלבים 3קג,קריות זול,FR,בונזו 7+ לכלבים 3קג,קילוגרמים,3.00,"ק""ג",false,,54.90,18.3000,true,1,179328
7290000805795,false,חול לחתולים יורו קיט,קריות זול,IL,חול חתולים 10קג,קילוגרמים,10.00,"ק""ג",false,,35.90,3.5900,true,1,179330
7290000909387,false,ניוקי תפוח אדמה 1 קג,סיאם אלימינטרי,IT,ניוקי 1 קג אבאל,,1000.00,,false,,10.90,0.0109,true,1,235151
7290000979427,false,עגבניות שרי כתום ליח',אראל תוצרת חקלאית בע,IL,שרי כתום ארוז בלב,,460.00,100 גרם,false,,9.90,0.0215,true,1,251535
7290000991527,false,פטרוזיליה בגומי,,,פטרוזיליה בגומי,יחידה,0.00,יחידה,false,,3.90,0.0000,true,1,204421
7290000991528,false,כוסברה בגומי,,,כוסברה בגומי,יחידה,0.00,יחידה,false,,3.90,0.0000,true,1,204422
7290000991530,false,נענע בגומי,,,נענע בגומי,יחידה,0.00,יחידה,false,,3.90,0.0000,true,1,204424
7290000991961,false,תפוח ברשת,,,תפוח ברשת,קילוגרמים,1.00,"ק""ג",true,,6.90,6.9000,true,1,211633
7290000992381,false,אפרסמון,,,אפרסמון,קילוגרמים,1.00,"ק""ג",true,,14.90,14.9000,true,1,211635
7290000993461,false,עגבניות שרי צהוב ליח',אראל תוצרת חקלאית בע,IL,שרי צהוב ארוז בלב,,460.00,100 גרם,false,,9.90,0.0215,true,1,251536
7290000995410,false,נבטים סיניים נבטי הע,חקלאי,IL,נבטים סיניים נבטי הע,,1000.00,100 גרם,false,,7.90,0.0079,true,1,204445
7290000999350,false,תפוז ארוז ברשת,,,תפוז ארוז ברשת,קילוגרמים,1.00,"ק""ג",true,,3.90,3.9000,true,1,211644
7290000999358,false,אשכולית אדומה,,,אשכולית אדומה,קילוגרמים,1.00,"ק""ג",true,,5.90,5.9000,true,1,211646
7290000999361,false,"תפו""ע פינק גולד",,,"תפו""ע פינק גולד",קילוגרמים,1.00,"ק""ג",true,,15.90,15.9000,true,1,211647
7290000999419,false,אבוקדו ארוז ברשת,,,אבוקדו ארוז ברשת,קילוגרמים,1.00,"ק""ג",true,,7.90,7.9000,true,1,211651
7290000999626,false,ברוקולי ארוז,,,ברוקולי ארוז,,1000.00,,false,,7.90,0.0079,true,1,211657
7290000999748,false,גינגר תפזורת,,,גינגר תפזורת,קילוגרמים,1.00,"ק""ג",true,,24.90,24.9000,true,1,211665
7290000999752,false,רימון,,,רימון,קילוגרמים,1.00,"ק""ג",true,,8.90,8.9000,true,1,211666
7290000999753,false,קוסבייה(ארטישוק ירוש,,,קוסבייה(ארטישוק ירוש,קילוגרמים,1.00,"ק""ג",true,,14.90,14.9000,true,1,211667
7290000999819,false,קלמנטינה/מנדרינה.,,,קלמנטינה/מנדרינה,קילוגרמים,1.00,"ק""ג",true,,5.90,5.9000,true,1,211672
7290000999821,false,קיווי,,,קיווי,קילוגרמים,1.00,"ק""ג",true,,19.90,19.9000,true,1,211673
7290000999825,false,עגבניה שרי מנומר,,,עגבניה שרי מנומר,קילוגרמים,1.00,"ק""ג",true,,16.90,16.9000,true,1,211674
7290000999834,false,דלורית,,,דלורית,קילוגרמים,1.00,"ק""ג",true,,4.90,4.9000,true,1,211679
7290000999877,false,"תפו""א לאפיה קטן",,,"תפו""א לאפיה קטן",קילוגרמים,1.00,"ק""ג",true,,2.90,2.9000,true,1,211685
7290000999890,false,פלפל שושקה,,,פלפל שושקה,קילוגרמים,1.00,"ק""ג",true,,12.90,12.9000,true,1,211686
7290000999896,false,ענבים אדום,,,ענבים אדום,קילוגרמים,1.00,"ק""ג",true,,24.90,24.9000,true,1,211687
7290000999901,false,עגבניה אשכולות,,,עגבניה אשכולות,קילוגרמים,1.00,"ק""ג",true,,5.90,5.9000,true,1,211689
7290000999902,false,עגבניה שרי,,,עגבניה שרי,קילוגרמים,1.00,"ק""ג",true,,12.90,12.9000,true,1,211690
7290000999903,false,מלפפון,,,מלפפון,קילוגרמים,1.00,"ק""ג",true,,5.90,5.9000,true,1,211691
7290000999904,false,פלפל ירוק,,,פלפל ירוק,קילוגרמים,1.00,"ק""ג",true,,8.90,8.9000,true,1,211692
7290000999905,false,פלפל בהיר,,,פלפל בהיר,קילוגרמים,1.00,"ק""ג",true,,8.90,8.9000,true,1,211693
7290000999906,false,פלפל אדום,,,פלפל אדום,קילוגרמים,1.00,"ק""ג",true,,7.90,7.9000,true,1,211694
7290000999907,false,פלפל צהוב,,,פלפל צהוב,קילוגרמים,1.00,"ק""ג",true,,8.90,8.9000,true,1,211695
7290000999908,false,פלפל חריף,,,פלפל חריף,קילוגרמים,1.00,"ק""ג",true,,8.90,8.9000,true,1,211696
7290000999909,false,כרוב לבן,,,כרוב לבן,קילוגרמים,1.00,"ק""ג",true,,3.90,3.9000,true,1,211697
7290000999910,false,כרוב אדום,,,כרוב אדום,קילוגרמים,1.00,"ק""ג",true,,4.90,4.9000,true,1,211698
7290000999911,false,כרובית,,,כרובית,קילוגרמים,1.00,"ק""ג",true,,9.90,9.9000,true,1,211699
7290000999912,false,קישואים,,,קישואים,קילוגרמים,1.00,"ק""ג",true,,6.90,6.9000,true,1,211700
7290000999913,false,חציל,,,חציל,קילוגרמים,1.00,"ק""ג",true,,4.90,4.9000,true,1,211701
7290000999914,false,גזר ארוז,,,גזר ארוז,קילוגרמים,1.00,"ק""ג",true,,3.90,3.9000,true,1,211702
7290000999915,false,צנונית ארוזה,,,צנונית ארוזה,,1000.00,,false,,6.90,0.0069,true,1,211703
7290000999916,false,סלק אדום,,,סלק,קילוגרמים,1.00,"ק""ג",true,,5.90,5.9000,true,1,211704
7290000999917,false,בטטה,,,בטטה,קילוגרמים,1.00,"ק""ג",true,,8.90,8.9000,true,1,211705
7290000999918,false,דלעת,,,דלעת,קילוגרמים,1.00,"ק""ג",true,,9.90,9.9000,true,1,211706
7290000999919,false,בצל יבש,,,בצל יבש,קילוגרמים,1.00,"ק""ג",true,,3.90,3.9000,true,1,211707
7290000999920,false,בצל אדום,,,בצל אדום,קילוגרמים,1.00,"ק""ג",true,,6.90,6.9000,true,1,211708
7290000999921,false,חסה ערבית,,,חסה ערבית,,1000.00,100 גרם,false,,4.90,0.0049,true,1,214118
7290000999924,false,שום יבש,,,שום יבש,,1000.00,100 גרם,false,,8.90,0.0089,true,1,211709
7290000999925,false,"תפו""א לבן",,,"תפו""א לבן",קילוגרמים,1.00,"ק""ג",true,,3.90,3.9000,true,1,211710
7290000999926,false,"תפו""א אדום",,,"תפו""א אדום",קילוגרמים,1.00,"ק""ג",true,,4.90,4.9000,true,1,211711
7290000999934,false,עגבניה שרי תמר,,,עגבניה שרי תמר,קילוגרמים,1.00,"ק""ג",true,,16.90,16.9000,true,1,211712
7290000999936,false,תירס,,,תירס,קילוגרמים,1.00,"ק""ג",true,,9.90,9.9000,true,1,211713
7290000999942,false,תפו'ע זהוב,,,תפו'ע זהוב,קילוגרמים,1.00,"ק""ג",true,,9.90,9.9000,true,1,211715
7290000999943,false,תפו'ע סמיט,,,תפו'ע סמיט,קילוגרמים,1.00,"ק""ג",true,,9.90,9.9000,true,1,211716
7290000999944,false,תפו'ע חרמון/גלה,,,תפו'ע חרמון/גלה,קילוגרמים,1.00,"ק""ג",true,,9.90,9.9000,true,1,211717
7290000999945,false,אגס,,,אגס,קילוגרמים,1.00,"ק""ג",true,,13.90,13.9000,true,1,211718
7290000999947,false,שזיף אדום,,,שזיף אדום,קילוגרמים,1.00,"ק""ג",true,,19.90,19.9000,true,1,211719
7290000999949,false,בננה,,,בננה,קילוגרמים,1.00,"ק""ג",true,,4.90,4.9000,true,1,211721
7290000999950,false,מלון,,,מלון,קילוגרמים,1.00,"ק""ג",true,,7.90,7.9000,true,1,211722
7290000999952,false,ענבים לבנים,,,ענבים לבנים,קילוגרמים,1.00,"ק""ג",true,,24.90,24.9000,true,1,211724
7290000999953,false,לימון,,,לימון,קילוגרמים,1.00,"ק""ג",true,,4.90,4.9000,true,1,211725
7290000999955,false,קולורבי,,,קולורבי,קילוגרמים,1.00,"ק""ג",true,,5.90,5.9000,true,1,211727
7290000999956,false,פלפל כתום,,,פלפל כתום,קילוגרמים,1.00,"ק""ג",true,,8.90,8.9000,true,1,211728
7290000999957,false,אבוקדו,,,אבוקדו,קילוגרמים,1.00,"ק""ג",true,,9.90,9.9000,true,1,211729
7290000999961,false,שומר,,,שומר,קילוגרמים,1.00,"ק""ג",true,,5.90,5.9000,true,1,211732
7290000999967,false,פומלה,,,פומלה,קילוגרמים,1.00,"ק""ג",true,,7.90,7.9000,true,1,211734
7290000999972,false,לפת,,,לפת,קילוגרמים,1.00,"ק""ג",true,,7.90,7.9000,true,1,211736
7290000999974,false,תות שדה,,,תות שדה,יחידה,0.00,יחידה,false,,19.90,0.0000,true,1,214120
7290000999976,false,תפו'ע ענה,,,תפו'ע ענה,קילוגרמים,1.00,"ק""ג",true,,9.90,9.9000,true,1,211737
7290000999987,false,אשכולית צהובה,,,אשכולית צהובה,קילוגרמים,1.00,"ק""ג",true,,5.90,5.9000,true,1,211740
7290000999988,false,תפוז,,,תפוז,קילוגרמים,1.00,"ק""ג",true,,5.90,5.9000,true,1,211741
7290000999989,false,ארטישוק,,,ארטישוק,קילוגרמים,1.00,"ק""ג",true,,14.90,14.9000,true,1,211742
7290000999990,false,פומלית,,,פומלית,קילוגרמים,1.00,"ק""ג",true,,3.90,3.9000,true,1,211743
7290000999999,false,צנון,,,צנון,קילוגרמים,1.00,"ק""ג",true,,6.90,6.9000,true,1,211748
7290001009123,false,לחם כוסמין 100% 600,,,לחם כוסמין 100% 600,,600.00,100 גרם,false,,15.90,0.0265,true,1,221500
7290001009178,false,לחם שיפון לחמנו 900ג,,,לחם שיפון לחמנו 900ג,,900.00,100 גרם,false,,15.90,0.0177,true,1,207308
7290001041147,false,חומוס גדול יבש מיה 1 ק'ג,מיה,IL,חומוס גדול 1קג,,1000.00,100 גרם,false,,12.90,0.0129,true,1,202093
7290001041161,false,"שעועית לבנה יבשה מיה 1 ק""ג",מיה,IL,שעועית לבנה 1קג,,1000.00,100 גרם,false,,15.90,0.0159,true,1,202095
7290001041185,false,"פופקורן גרעינים מיה 1 ק""ג",מיה,IL,פופקורן מיה 1קג,,1000.00,100 גרם,false,,10.90,0.0109,true,1,202097
7290001041192,false,"עדשים אדומים יבשים מיה 1 ק""ג",מיה,IL,עדשים אדומות 1 קג,,1000.00,100 גרם,false,,12.90,0.0129,true,1,202098
7290001041208,false,"עדשים ירוקים יבשים מיה 1 ק""ג",מיה,IL,עדשים ירוקות 1 קג,,1000.00,100 גרם,false,,12.90,0.0129,true,1,202099
7290001041222,false,"חומוס לבן ענק יבש מיה 1 ק""ג",מיה,IL,חומוס לבן ענק 1קג,,1000.00,,false,,18.90,0.0189,true,1,202101
7290001041260,false,שומשום מיה 400 גרם,מיה תעשיות מזון בעמ,IL,שומשום 400 גרם,,400.00,,false,,11.90,0.0298,true,1,202102
7290001041994,false,"סוכר חום דמררה מיה 1 ק""ג",מיה תעשיות מזון,IL,סוכר דמררה צנצנת 1 ק,,1000.00,,false,,11.90,0.0119,true,1,223011
7290001050019,false,קמח תפוחי אדמה פירמי,,,"קמח תפו""א פרימיום 50",,500.00,100 גרם,false,,5.90,0.0118,true,1,226333
7290001072011,false,"תרסיס דאודרנט נובו מאן 150 מ""ל BREEZE",,,דאודורנט נובו מאן 15,,150.00,,false,,9.90,0.0660,true,1,242989
7290001072028,false,"תרסיס דאודרנט נובו מאן 150 מ""ל FORCE",,,דאודורנט נובו מאן 15,,150.00,,false,,9.90,0.0660,true,1,242990
7290001072035,false,"תרסיס דאודרנט נובו מאן 150 מ""ל VICTORY",,,דאודורנט נובו מאן 15,,150.00,,false,,9.90,0.0660,true,1,242988
7290001072042,false,"תרסיס דאודרנט נובו מאן 150 מ""ל ENERGY",,,דאודורנט נובו מאן 15,,150.00,,false,,9.90,0.0660,true,1,242991
7290001072059,false,"דאודרנט נובו לנשים 150 מ""ל SENSUAL SENSE",,,דאודורנט נובו לנשים,,150.00,,false,,9.90,0.0660,true,1,244217
7290001072066,false,"דאודרנט נובו לנשים 150 מ""ל",,,דאודורנט נובו לנשים,,150.00,100 גרם,false,,9.90,0.0660,true,1,244218
7290001072110,false,אל סבון כחול+משאבה 1ל נובו,,,סבון ידיים כחול+משאב,,1000.00,,false,,10.90,0.0109,true,1,202502
7290001072134,false,אל סבון סגול+משאבה 1ל נובו,,,סבון ידיים סגול+משאב,,1000.00,,false,,10.90,0.0109,true,1,202504
7290001072882,false,"שמפו לסירוק קל נובו 700 מ""ל",סאסאטק,IL,נובו שמפו לסירוק קל,,700.00,,false,,14.90,0.0213,true,1,244831
7290001072905,false,"תרסיס לסירוק קל נובו 200 מ""ל",,,נובו תרסיס לסירוק קל,,200.00,,false,,14.90,0.0745,true,1,244833
7290001121023,false,פסטרמה של פעם יחיעם,מעדני יחיעם,IL,פסטרמה של פעם יחיעם,קילוגרמים,1.00,"ק""ג",true,,85.00,85.0000,true,1,172086
7290001121054,false,צמד חמד יחיעם 700 גר,תאי פרזידנט פוד פאבל,IL,צמד חמד יחיעם 700 גר,,700.00,100 גרם,false,,29.90,0.0427,true,1,172162
7290001121238,false,קורנדביף יחיעם 180 ג',מעדני יחיעם 1993,IL,נקניק קורנדביף 180 ג,,180.00,,false,,29.90,0.1661,true,1,172165
7290001121672,false,פסטרמה מעודנת בפפריקה 300 ג' יחיעם,מעדני יחיעם 1993,IL,פסטרמה מעודנת בפפריק,,300.00,100 גרם,false,,25.90,0.0863,true,1,172166
7290001133484,false,פילה סלמון נורבגי קפ,לאטי עזרא,IL,פילה סלמון נורבגי קפ,קילוגרמים,1.00,"ק""ג",true,,79.90,79.9000,true,1,225091
7290001136287,false,"נקה 7 - שמפו רגיל ירוק 750 מ""ל","קוסמופארם בעמ, ח.פ 5",IL,נקה 7 שמפו לשיער רגי,,750.00,,false,,12.90,0.0172,true,1,180021
7290001136294,false,"שמפו נקה 7 לשיער יבש אדום 750מ""ל",גוד פוד פרודקטס S.p,IL,נקה 7 שמפו לשיער יבש,,750.00,,false,,12.90,0.0172,true,1,180022
7290001136683,false,"מרכך לשיער רגיל ירוק 750 מ""ל נקה 7",אמיליה קוסמטיקס בעמ,IL,נקה 7 מרכך לשיער רגי,,750.00,100 גרם,false,,12.90,0.0172,true,1,180029
7290001216040,false,טחינה גולמית אל ארז,דולפין ספא,IL,טחינה גולמית אל ארז,,500.00,,false,,16.90,0.0338,true,1,214405
7290001231932,false,סיגריות וינסטון כחול,Unknown,,וינסטון כחול בוקס,יחידה,0.00,יחידה,false,,34.00,0.0000,false,1,202243
7290001245699,false,אקונומיקה סמיכה בניחוח לימון 4 ל' טאצ',,,אקונומיקה סמיכה 4 לי,ליטרים,4.00,ליטר,false,,10.90,2.7250,true,1,235493
7290001245705,false,אקונומיקה מבושמת טאצ' 4 ליטר,סאסאטק,IL,אקונומיקה מבושמת טאצ,,4000.00,100 גרם,false,,10.90,0.0027,true,1,243663
7290001245729,false,ג'ל כביסה ירוקה טאצ 3 ליטר סלקט,,,ג'ל כביסה ירוק 3ל טא,ליטרים,3.00,ליטר,false,,17.90,5.9667,true,1,235510
7290001245842,false,נוזל רצפות מאסק 4 ל' טאצ,,,נוזל רצפות מאסק 4ל ט,,4000.00,100 גרם,false,,11.90,0.0030,true,1,235512
7290001245897,false,נוזל רצפות יסמין 4 ל' טאצ,,,נוזל רצפות יסמין 4ל,,4000.00,100 גרם,false,,11.90,0.0030,true,1,235513
7290001245958,false,מרכך כביסה ורוד טאצ' 4 ליטר,,,מרכך כביסה ורוד 4 לי,ליטרים,4.00,ליטר,false,,12.90,3.2250,true,1,235495
7290001245965,false,מרכך כביסה כחול טאצ' 4 ליטר,,,מרכך כביסה כחול 4 לי,ליטרים,4.00,ליטר,false,,12.90,3.2250,true,1,235494
7290001245972,false,מרכך כביסה לבן טאצ' 4 ליטר,,,מרכך כביסה לבן 4 ליט,ליטרים,4.00,ליטר,false,,12.90,3.2250,true,1,235496
7290001245989,false,מרכך כביסה סגול טאצ' 4 ליטר,,,מרכך כביסה סגול 4 לי,ליטרים,4.00,ליטר,false,,12.90,3.2250,true,1,235497
7290001246153,false,"טאצ' מבשם נטול גז לבנדר 350 מ""ל",,,מבשם נטול גז ורוד 35,,350.00,,false,,7.90,0.0226,true,1,235520
7290001246160,false,"מבשם נטול גז פרש 350 מ""ל טאצ",,,מבשם נטול גז ירוק 35,,350.00,,false,,7.90,0.0226,true,1,235521
7290001246177,false,"מבשם נטול גז מאסק 350 מ""ל טאצ",,,מבשם נטול גז סגול 35,,350.00,,false,,7.90,0.0226,true,1,235522
7290001246221,false,"טאצ' תרסיס מטהר אוויר לימון 300 מ""ל",,,תרסיס מטהר אוויר לימ,,300.00,,false,,4.90,0.0163,true,1,235528
7290001246238,false,"טאצ' תרסיס מטהר אוויר פריחה 300 מ""ל",,,תרסיס מטהר אוויר פרי,,300.00,,false,,4.90,0.0163,true,1,235529
7290001246269,false,"טאצ' תרסיס מטהר אוויר לבנדר 300 מ""ל",,,תרסיס מטהר אוויר 300,,300.00,,false,,4.90,0.0163,true,1,235534
7290001246276,false,"טאצ' תרסיס מטהר אוויר אורנים 300 מ""ל",,,תרסיס מטהר אוויר אור,,300.00,,false,,4.90,0.0163,true,1,235527
7290001246290,false,"תרסיס רסס נגב טאצ 750 מ""ל",סאסאטק,IL,"תרסיס רסס נגב 750 מ""",,750.00,,false,,9.90,0.0132,true,1,235526
7290001246351,false,נוזל רצפות לבנדר 4 ל' טאצ,,,נוזל רצפות לבנדר 4ל,,4000.00,100 גרם,false,,11.90,0.0030,true,1,235514
7290001246634,false,"נוזל אסלות ע""ב חומצה 1 ליטר טאצ",,,נוזל אסלות 1 ליטר טא,ליטרים,1.00,ליטר,false,,6.90,6.9000,true,1,235516
7290001246825,false,ג'ל כביסה ירוק 5 ליט,,,ג'ל כביסה ירוק 5 ליט,ליטרים,5.00,ליטר,false,,25.90,5.1800,true,1,235535
7290001246832,false,ג'ל כביסה כחול 5 ליט,,,ג'ל כביסה כחול 5 ליט,ליטרים,5.00,ליטר,false,,25.90,5.1800,true,1,246072
7290001247068,false,נקטר ספרינג תות בננה קרטונית 1 ל',"יפאורה תבורי בע""מ",IL,ספרינג תות בננה קרטו,,1000.00,,false,,7.90,0.0079,true,1,181572
7290001247082,false,נקטר ספרינג עגבניות קרטונית 1 ל',"יפאורה תבורי בע""מ",IL,ספרינג עגבניות קרטונ,,1000.00,100 גרם,false,,7.90,0.0079,true,1,181574
7290001247099,false,נקטר ספרינג מנגו קרטונית 1 ל',"יפאורה תבורי בע""מ",IL,ספרינג מנגו קרטונית,,1000.00,,false,,7.90,0.0079,true,1,181575
7290001247105,false,נקטר ספרינג אפרסק קרטונית 1 ל',"יפאורה תבורי בע""מ",IL,ספרינג נקטר אפרסק 1,,1000.00,100 גרם,false,,7.90,0.0079,true,1,181576
7290001247112,false,נקטר ספרינג לימונענע קרטונית 1 ל',"יפאורה תבורי בע""מ",IL,ספרינג לימונענע קרטו,,1000.00,100 גרם,false,,7.90,0.0079,true,1,181577
7290001247129,false,נקטר ספרינג תפוזים קרטונית 1 ל',"יפאורה תבורי בע""מ",IL,ספרינג תפוז קרטונית,,1000.00,,false,,7.90,0.0079,true,1,181578
7290001247143,false,נקטר ספרינג תפוחים קרטונית 1 ל',"יפאורה תבורי בע""מ",IL,ספרינג תפוח קרטונית,,1000.00,,false,,7.90,0.0079,true,1,181579
7290001274941,false,פופסיקל גלידה פטל 640 ג',הגלידות של פלדמן,IL,שמיניית גלידל פרי פט,,8.00,,false,,22.90,2.8625,true,1,236308
7290001305188,false,פלמוליב כלים שקוף לימון 750 בקבוק חדש,יבואן ומשווק: ש. שסט,GR,פלמוליב נוזל לכלים פ,,750.00,,false,,11.90,0.0159,true,1,185349
7290001327791,false,שטראוס קרמיסימו עוגיות 1.33 ליטר,"גלידת שטראוס בע""מ, ר",IL,קרמיסימו 1.33 ליטר ו,,1330.00,100 גרם,false,,21.90,0.0165,true,1,187342
7290001356418,false,פילה הרינג בשמן שקיל,,,פילה הרינג בשמן שקיל,קילוגרמים,1.00,"ק""ג",true,,55.00,55.0000,true,1,248369
7290001356630,false,פילה הרינג כבוש שקיל,,,פילה הרינג כבוש שקיל,קילוגרמים,1.00,"ק""ג",true,,55.00,55.0000,true,1,248371
7290001407547,false,טחינה גולמית משומשום מלא פי 6 בארכה 500ג',רושדי תעשיות מזון בע,IL,טחינה משומשום מלא פי,,500.00,100 גרם,false,,17.90,0.0358,true,1,176755
7290001407752,false,טחינה גולמית עם פטרוזליה בארכה 500ג',רושדי תעשיות מזון,IL,טחינה עם פטרוזיליה ב,,500.00,100 גרם,false,,17.90,0.0358,true,1,176756
7290001407769,false,טחינה גולמית שומשום מלא בארכה 500ג',רושדי תעשיות מזון בע,IL,טחינה משומשום מלא בא,,500.00,100 גרם,false,,17.90,0.0358,true,1,176757
7290001419793,false,גביעי גלידה מגולגל עלמה גילרו 30 יח',"גילרו בע""מ",,גביעי גלידה מגולגל 1,יחידה,0.00,יחידה,false,,12.90,0.0000,true,1,247754
7290001423321,false,כתף עגל פריים עע,,,כתף עגל פריים עע,קילוגרמים,1.00,"ק""ג",true,,69.00,69.0000,true,1,245775
7290001436790,false,נקנקיות מרגז מיני אקסטרה חריף ארוז בלדי 500 ג',יוליניבר,IL,נקניקיות מרגז מיני א,,500.00,100 גרם,false,,29.90,0.0598,true,1,198562
7290001455456,false,"פילה נסיכת הנילוס פרוס בד""ץ.",,,פילה נסיכת הנילוס פר,קילוגרמים,1.00,"ק""ג",true,,69.90,69.9000,true,1,230910
7290001482094,false,גבינה פרמז'נו משולשים ויליפוד 200ג',זנטי אס. אי לאלין,IT,פרמז'נו וילי פוד 200,,200.00,,false,,22.90,0.1145,true,1,178411
7290001491096,false,תה ירוק בתוספת לימונית ולואיזה 50 שקיקים ויסוצקי,קריות זול,IL,תה ירוק בתוספת לימונ,,50.00,,false,,45.90,0.9180,true,1,190463
7290001567043,false,פסטרמה מעודנת על גחל,,,פסטרמה מעודנת על גחל,קילוגרמים,1.00,"ק""ג",true,,55.00,55.0000,true,1,172092
7290001567555,false,פסטרמה מעודנת עם דבש 300 ג' יחיעם,,,פסטרמה מעודנת עם דבש,,300.00,100 גרם,false,,25.90,0.0863,true,1,172186
7290001567708,false,נקנקיות וינר 400 ג' יחיעם,יחיעם,IL,נקניקיות עוף ללא חומ,,400.00,100 גרם,false,,12.90,0.0323,true,1,172187
7290001567814,false,סלמי מעושן בסגנון איטלקי 300 ג' יחיעם,פ.פ.ח. שאביט,IL,סלמי מעושן בסגנון אי,,300.00,100 גרם,false,,25.90,0.0863,true,1,172198
7290001567920,false,סלמי תה יחיעם 200 גר,,,סלמי תה יחיעם 200 גר,,200.00,100 גרם,false,,12.90,0.0645,true,1,223713
7290001567937,false,איטליקי מפולפל 200 ג' יחיעם,,,איטלקי מפולפל יחיעם,,200.00,100 גרם,false,,12.90,0.0645,true,1,223714
7290001594117,false,"פחית סליק פאנטה ענבים 330 מ""ל",קוקה קולה,IL,סליק פאנטה ענבים 330,,330.00,100 גרם,false,,6.50,0.0197,true,1,224764
7290001594230,false,"קינלי סודה בקבוק 250 מ""ל",החברה המרכזית לייצור,IL,קינלי סודה קלאסי 250,,250.00,100 גרם,false,,4.50,0.0180,true,1,209238
7290001594568,false,"בירה קרלסברג פחית 500 מ""ל",מבשלות בירה בינלאומי,RO,בירה קרלסברג פחית 50,,500.00,100 גרם,false,,9.90,0.0198,true,1,209251
7290001594575,false,"בירה טובורג פחית 500 מ""ל",מבשלות בירה בינלאומי,IL,בירה טובורג בפחית,,500.00,,false,,9.90,0.0198,true,1,209252
7290001594865,false,"קרלסברג בירה בקבוק 6* 330 מ""ל",קרלסברג ישראל,IL,בירה קרלסברג שישייה,,1980.00,100 גרם,false,,39.90,0.0202,true,1,209261
7290001598085,false,"לחם קסטן משפחתי 1 ק""ג הברון",מאפיית יוסף ברון,,לחם משפחתי 1.1 קג,,1100.00,,false,,15.90,0.0145,true,1,233591
7290001598122,false,"לחם קל מקמח שיפון מלא, 550 גרם",קונדיטוריית ברון,,לחם מיוחד 550 גרם,,550.00,100 גרם,false,,13.50,0.0245,true,1,233593
7290001598276,false,"לחם 7 דגנים קל מקמח חיטה מלא ללא שמרים 1.1 ק""ג הברון",מאפיית יוסף ברון,,"לחם 7 דגנים 1.1 ק""ג",,1100.00,,false,,15.90,0.0145,true,1,233597
7290001598580,false,פיתה כוסמין 100% 375ג' הברון,מאפיית יוסף ברון בעמ,,פיתות 6 יח כוסמין 37,,372.00,100 גרם,false,,15.90,0.0427,true,1,248115
7290001648919,false,קפה כתר 3*70גר,,,קפה כתר 3*70גר,,210.00,,false,,10.00,0.0476,true,1,198219
7290001648995,false,קפה טורקי רג'ואן 3*1,,,קפה טורקי רג'ואן 3*1,,300.00,100 גרם,false,,14.90,0.0497,true,1,212616
7290001670224,false,מלית פרג 400 גרם פוליבה,"פוליבה בע""מ",IL,מלית פרג 400 גר,,400.00,100 גרם,false,,13.90,0.0348,true,1,191211
7290001670521,false,"מלית תפו""ע וקינמון 4","פוליבה בע""מ",IL,"מלית תפו""ע וקינמון 4",,400.00,100 גרם,false,,11.90,0.0298,true,1,191224
7290001670668,false,שקיות להכנת קרחונים 12 יח' הנמל,"איטיליאן פוד, אס.פי.",TR,קרחונית 12יח,,12.00,,false,,3.90,0.3250,true,1,191227
7290001670736,false,כפפות נילון שקוף 100 יחידות,יבוא ושיווק: הנמל אר,IL,כפפות ניילון שקוף הנ,יחידה,0.00,יחידה,false,,5.90,0.0000,true,1,191228
7290001713150,false,סנט מוריץ מתז אקונומיקה Bleach קצף לימון 1 ליטר,קומפלקס כימיקלים,IL,אקונומיקה קצף ניקוי,ליטרים,1.00,ליטר,false,,11.90,11.9000,true,1,226569
7290001713167,false,סנט מוריץ - מרסס קצף ניקוי 1 ליטר סניטרי אפור,קומפלקס כימיקלים,IL,קצף לניקוי כלים סניט,ליטרים,1.00,ליטר,false,,11.90,11.9000,true,1,226570
7290001713372,false,"תרסיס לניקוי מוצרי עור 400 מ""ל",,,תרסיס לניקוי מוצרי ע,,400.00,100 גרם,false,,15.90,0.0398,true,1,225827
7290001714034,false,שריר עגל,,,שריר עגל,קילוגרמים,1.00,"ק""ג",true,,69.90,69.9000,true,1,201424
7290001714072,false,צלעות עגל,,,צלעות עגל,קילוגרמים,1.00,"ק""ג",true,,69.90,69.9000,true,1,197961
7290001714089,false,צוואר עגל,,,צוואר עגל,קילוגרמים,1.00,"ק""ג",true,,69.90,69.9000,true,1,197962
7290001714096,false,חזה עגל,,,חזה עגל,קילוגרמים,1.00,"ק""ג",true,,69.90,69.9000,true,1,197963
7290001714133,false,גולש עגל,,,גולש עגל,קילוגרמים,1.00,"ק""ג",true,,69.00,69.0000,true,1,246555
7290001714140,false,חזה עע עגל,,,חזה עע עגל,קילוגרמים,1.00,"ק""ג",true,,69.90,69.9000,true,1,246556
7290001817728,false,צ'יטוס חטיף כאפה קטשופ 55 גרם,"שטראוס פריטו ליי בע""",IL,ציטוס כאפה אפוי 55גר,,55.00,100 גרם,false,,3.90,0.0709,true,1,183926
7290001855935,false,שמן חמניות לבוניה 90,,,שמן חמניות מזוכך 900,,900.00,100 גרם,false,,10.90,0.0121,true,1,230920
7290001865439,false,פמלי לקשרי 1ליטר וניל טהור +משאבה,אף.סי תבליני בגליל ב,IL,פמלי סבון נוזלי וניל,,1000.00,,false,,14.90,0.0149,true,1,206582
7290001867655,false,תפוא לבן פרמיום לאפי,אראל תוצרת חקלאית בע,IL,"תפו""א גורמה חוות גלי",קילוגרמים,1.00,"ק""ג",true,,5.90,5.9000,true,1,247535
7290001881095,false,עגבניות שרי יחידה 60,,,עגבניות שרי יחידה 60,,600.00,,false,,28.90,0.0482,true,1,249632
7290001881873,false,"מאמא מרי כרוב עם חמוציות 1 ק""ג",,,כרוב עם חמוציות מאמא,,1000.00,,false,,19.90,0.0199,true,1,197270
7290001989272,false,איקרא אדום\לבן במשקל,,,איקרא אדום\לבן במשקל,קילוגרמים,1.00,"ק""ג",true,,59.00,59.0000,true,1,197592
7290001990094,false,"סוכר חום כהה צנצנת קלאסי סוגת 1ק""ג",האי נאם סי או אל.טי.,IL,סוכר חום בצנצנת קלאס,,1000.00,100 גרם,false,,15.90,0.0159,true,1,192114
7290001990117,false,שומשום סוגת 100 גרם,האי נאם סי או אל.טי.,IL,שומשום סוגת 100גר,,100.00,100 גרם,false,,4.90,0.0490,true,1,192115
7290001990148,false,"סוכר גולדן קלאסי צנצנת 1ק""ג סוגת",האי נאם סי או אל.טי.,IL,סוכר גולדן קלאסי בצנ,,1000.00,100 גרם,false,,12.90,0.0129,true,1,192116
7290001990261,false,"סוגת חומוס 1 ק""ג",,,חומוס סוגת 1קג,,1000.00,100 גרם,false,,15.90,0.0159,true,1,192117
7290001990278,false,"שעועית לבנה סוגת 1 ק""ג",סוגת,,שעועית לבנה סוגת 1קג,,1000.00,100 גרם,false,,18.90,0.0189,true,1,192118
7290001990391,false,"אפונה 1 ק""ג סוגת",,,אפונה סוגת 1קג,,1000.00,100 גרם,false,,11.90,0.0119,true,1,192122
7290001990407,false,"עדשים ירוקים 1 ק""ג סוגת",סוגת,,עדשים ירוקים סוגת 1,,1000.00,100 גרם,false,,15.90,0.0159,true,1,192123
7290001990414,false,"עדשים אדומים 1 ק""ג סוגת",,,עדשים אדומים סוגת 1,,1000.00,,false,,15.90,0.0159,true,1,192124
7290001990421,false,"פופקורן גרעינים סוגת 1 ק""ג",,,פופקורן סוגת 1 קג,,1000.00,,false,,10.90,0.0109,true,1,192125
7290002002635,false,מגע המשי שעווה לפנים 80גר,"ש. שוורץ (ב""ש) בע""מ",IL,מגע המשי שעווה לפנים,,80.00,,false,,19.90,0.2487,true,1,206593
7290002007234,false,אבקת סוכר 100 ג' הנמל,"מיוצר וארוז ע""י: ר.ס",IL,אבקת סוכר הנמל 100 ג,,100.00,100 גרם,false,,2.00,0.0200,true,1,191252
7290002007357,false,שקיות צליה דליקטס מיקרוגל הנמל 10 יח',הנמל,IL,שקיות לצליה דליקטס ק,,10.00,,false,,4.90,0.4900,true,1,191256
7290002007487,false,צמר פלדה הנמל 100 גר,"איטיליאן פוד, אס.פי.",IL,צמר פלדה 100גר,,100.00,,false,,3.90,0.0390,true,1,191262
7290002007500,false,קיסמי שיניים במבוק בחבית 500 יח',הנמל אריזות ושיווק ב,IL,קיסמי שיניים במבוק 5,,500.00,,false,,3.90,0.0078,true,1,191263
7290002008170,false,עטרות חום 3 מספר הנמל,הנמל,IL,עטרות חום 3,יחידה,0.00,יחידה,false,,5.90,0.0000,true,1,191291
7290002008224,false,סוכריות לקישוט צבעונית הנמל 100 ג',ממתקי עלה בעמ,IL,קישוט לעוגה גליד 100,,100.00,100 גרם,false,,5.90,0.0590,true,1,191294
7290002008460,false,עטרות חום 1.5 מספר הנמל,קריות זול,IL,עטרות חום 1.5,יחידה,0.00,יחידה,false,,5.90,0.0000,true,1,191308
7290002008491,false,סוכריות לקישוט שוקולד 100 ג' הנמל,ממתקי עלה יצור שיווק,IL,סוכריות מזרה שוקולד,,100.00,100 גרם,false,,5.90,0.0590,true,1,228445
7290002008507,false,נייר אפייה 50 יח' הנמל,הנמל אריזות ושיווק ב,IL,נייר אפיה 50יח,,50.00,,false,,9.90,0.1980,true,1,191311
7290002008620,false,"צבע מאכל ירוק 55 מ""ל הנמל",ממתקי עלה יצור שיווק,IL,צבע מאכל ירוק 55 מל,,55.00,100 גרם,false,,3.50,0.0636,true,1,191315
7290002008828,false,סוכריות שוקולד לבן ג'מבו לקישוט הנמל 200ג' בדצ,ממתקי עלה ייצור שיוו,IL,סוכריות לעוגה גמבו ש,,200.00,100 גרם,false,,9.50,0.0475,true,1,191323
7290002008934,false,סוכריות צבעוניות לקישוט לעוגה 200 גר,ממתקי עלה יצור שיווק,IL,סוכריות צבעוניות לקי,,200.00,100 גרם,false,,9.50,0.0475,true,1,191326
7290002013037,false,פסטרמה פרגית זוגלובק,זוגלובק,IL,פסטרמה פרגית זוגלובק,קילוגרמים,1.00,"ק""ג",true,,95.00,95.0000,true,1,211341
7290002013174,false,פסטרמה של פעם זוגלוב,כצט,IL,פסטרמה של פעם זוגלוב,קילוגרמים,1.00,"ק""ג",true,,95.00,95.0000,true,1,211343
7290002014232,false,סלט טורקי 200 גרם מעדני מיקי,,,סלט טורקי 200 גר,,200.00,100 גרם,false,,8.90,0.0445,true,1,187184
7290002019183,false,עגבניות שלמות פריניר,פריניר,,עגבניות שלמות פריניר,,800.00,,false,,7.90,0.0099,true,1,194535
7290002019763,false,פריניר עגב מרוסקות A2.5,פריניר ( הדס 1987) ב,IL,עגבניות מרוסקות פרינ,,800.00,100 גרם,false,,7.90,0.0099,true,1,194537
7290002019787,false,רסק עגבניות טבע טרי 260 ג' פריניר,פריניר ( הדס 1987) ב,IL,רסק עגבניות22% פריני,,260.00,,false,,4.50,0.0173,true,1,194538
7290002019794,false,רסק עגבניות טבע טרי פריניר 100ג',פריניר ( הדס 1987) ב,IL,רוטב עגבניות מרוכז מ,,100.00,,false,,2.50,0.0250,true,1,194539
7290002026440,false,פרצלס בייגלה בראנץ אנד קראנץ 280 ג',מוצרי איכות אמריקאיי,IL,פרצלס קפוא 280גר,,280.00,,false,,14.90,0.0532,true,1,173960
7290002037637,false,חליות מתוקות מארז 4יח',מאפית י את א ברמן בע,IL,חליות מתוקות 4יח,,400.00,100 גרם,false,,12.90,0.0323,true,1,199272
7290002053095,false,אטריות ביצים מס 10 200 ג',קריות זול,PL,אטריות ביצים מס 10 2,,200.00,100 גרם,false,,9.90,0.0495,true,1,192582
7290002053118,false,אוריינט אטריות ביצים מס 14 200 ג',האי נאם סי או אל.טי.,PL,אטריות ביצים מס 14 2,,200.00,100 גרם,false,,9.90,0.0495,true,1,228503
7290002053538,false,נודלס בסגנון תאילנדי 25% תוספת 400 ג',,,נודלס תאילנדי 400גר+,יחידה,0.00,יחידה,false,,19.90,0.0000,true,1,230280
7290002057017,false,זיתים נובו ענק A2 יבנה 330ג',קריות זול,IL,זית נובו יבנה 330גר,,330.00,,false,,9.90,0.0300,true,1,210474
7290002057048,false,זיתים סורי מבוקע A2 יבנה 560ג',קריות זול,IL,זית סורי מבוקע 540גר,,540.00,100 גרם,false,,9.90,0.0183,true,1,210476
7290002057086,false,"מנזנילו גדול 1.3 ק""ג יבנה",,,זית מנזולינו גדול יב,,1250.00,,false,,18.90,0.0151,true,1,210480
7290002057093,false,זיתים מנזנילו ירוק A2 יבנה 540ג',קדבורי,IL,זית מנזלינו ירוק יבנ,,540.00,100 גרם,false,,8.90,0.0165,true,1,210481
7290002057123,false,זיתים חרוזית ירוק A2 יבנה 540ג',קריות זול,IL,חרוזית ירוק 540 גר,,540.00,100 גרם,false,,9.90,0.0183,true,1,210484
7290002057154,false,"זית חרוזית 3 ק""ג יבנה",,,חרוזית פח 3קג,,3000.00,100 גרם,false,,39.90,0.0133,true,1,210487
7290002057178,false,זיתים מנזנילו טבעי גדול A2 יבנה 540 ג',קריות זול,,זית מנזולינו טבעי גד,,540.00,100 גרם,false,,9.90,0.0183,true,1,210489
7290002057185,false,טבעות זיתים ירוקים 560 ג' יבנה,קריות זול,IL,טבעות זיתים ירוק 540,,540.00,,false,,9.90,0.0183,true,1,210490
7290002057352,false,מלפפון במלח 7-9 560 ג' יבנה,אף.סי תבליני בגליל ב,IL,מלפפון 7-9 במלח 540ג,,540.00,,false,,6.90,0.0128,true,1,210503
7290002057369,false,מלפפון במלח ‏12‏-‏10‏ 560 ג' יבנה,קבוצת יבנה,IL,מלפפון 10-12 במלח 54,,540.00,,false,,7.90,0.0146,true,1,210504
7290002057376,false,מלפפון במלח ‏17‏-‏13‏ 560 ג' יבנה,קבוצת יבנה,IL,מלפפון 13-17 במלח 54,,540.00,100 גרם,false,,9.90,0.0183,true,1,210505
7290002057383,false,מלפפון במלח ‏25‏-‏18‏ 560 ג' יבנה,קריות זול,IL,מלפפון 18-25 במלח 54,,540.00,100 גרם,false,,12.90,0.0239,true,1,210506
7290002057451,false,מלפפון בחומץ ‏9‏-‏7‏ %‏20‏ 560 ג' יבנה,אף.סי תבליני בגליל ב,IL,מלפפון 7-9 בחומץ 540,,540.00,100 גרם,false,,6.90,0.0128,true,1,210510
7290002057468,false,מלפפון חומץ ‏12‏-‏10‏ 560 ג' יבנה,קבוצת יבנה,IL,מלפפון 10-12 בחומץ 5,,540.00,,false,,7.90,0.0146,true,1,210511
7290002057475,false,מלפפונים בחומץ 13-17 קטן A2 יבנה 540ג',קבוצת יבנה,IL,מלפפון 13-17 בחומץ 5,,540.00,,false,,9.90,0.0183,true,1,210512
7290002057482,false,מלפפון חומץ ‏25‏-‏18‏ 560 ג' יבנה,קריות זול,IL,מלפפון 18-25 חומץ 54,,540.00,,false,,12.90,0.0239,true,1,210513
7290002057604,false,שיפקה פלפל חריף A2 יבנה 600ג',קבוצת יבנה,IL,פלפל חריף שיפקה יבנה,,540.00,100 גרם,false,,6.50,0.0120,true,1,210517
7290002057703,false,חצילים ‏2‏-‏A‏ יבנה 560 גר',קבוצת יבנה,IL,חציל במלח יבנה 540גר,,540.00,,false,,6.90,0.0128,true,1,210523
7290002057734,false,זיתים חרוזית שחור A2 יבנה 540ג',קריות זול,IL,חרוזית מושחר יבנה 27,,275.00,100 גרם,false,,9.90,0.0360,true,1,210525
7290002079590,false,חלה רגילה 500 גרם,מאפיית דוידוביץ,,חלה רגילה 500גר,,500.00,,false,,6.26,0.0125,true,1,194650
7290002079606,false,חלה רגילה 500גר,,,חלה רגילה 500גר,,500.00,,false,,6.26,0.0125,true,1,228637
7290002079675,false,לחמניה רגילה 75 גר,יושלם,,לחמניה רגילה,,75.00,100 גרם,false,,1.90,0.0253,true,1,228638
7290002079699,false,לחמניה רגילה,,,לחמניה רגילה,,75.00,100 גרם,false,,1.90,0.0253,true,1,228639
7290002107965,false,טבורוג גבינה לאפייה 5% צוריאל 500 ג',מחלבת משק צוריאל,IL,גבינה טבורוג לאפייה,,500.00,100 גרם,false,,27.90,0.0558,true,1,184420
7290002118398,false,צמרוני אוזניים בקופסא מרובעת 200 יח',,,צימרוני אוזניים 'בקו,,200.00,,false,,4.90,0.0245,true,1,228448
7290002128045,false,נר הבדלה שטוח רגיל,מנורה,IL,נר הבדלה שטוח רגיל,יחידה,0.00,יחידה,false,,5.90,0.0000,true,1,173363
7290002128083,false,נרות חנוכה רגיל 44יח-מנורה,,,נרות חנוכה רגיל 44 י,יחידה,0.00,יחידה,false,,2.90,0.0000,true,1,173364
7290002128311,false,נר נשמה בכוס ל-7 ימי,קריות זול,IL,נר נשמה בכוס ל-7 ימי,,72.00,,false,,10.90,0.1514,true,1,173369
7290002128403,false,נרות שבת אורה מספר 4,קריות זול,IL,נרות שבת מס 4,יחידה,0.00,יחידה,false,,3.50,0.0000,true,1,173370
7290002128410,false,נרות שולחן 6 יח,קריות זול,,נרות שולחן 6 יח,,6.00,,false,,3.50,0.5833,true,1,173371
7290002128434,false,נרות שבת אורה מספר 1,קריות זול,IL,נרות שולחן 10 יח,,10.00,,false,,3.50,0.3500,true,1,173373
7290002128618,false,נר הבדלה דקורטיבי עש,,,נר הבדלה דקורטיבי עש,יחידה,0.00,יחידה,false,,22.90,0.0000,true,1,248858
7290002128762,false,נר נשמה בכוס 72 שעות - מנורה,מנורה,IL,נר נשמה בכוס 72 שעות,יחידה,0.00,יחידה,false,,5.90,0.0000,true,1,173380
7290002130567,false,דבש טהור מפרחי בר בזכוכית 350 גרם,מכוורת יד מרדכי שטרא,IL,דבש טהור מפרחי בר יד,,350.00,,false,,19.90,0.0569,true,1,207694
7290002130574,false,דבש טהור מפרחי בר בזכוכית 500 ג' יד מרדכי,מכוורת יד מרדכי שטרא,IL,דבש טהור מפרחי בר בז,,500.00,100 גרם,false,,29.90,0.0598,true,1,207695
7290002132011,false,עוגיות מזרחיות 400 ג' עבאדי,מאפיית יוסף ושמחה עב,IL,עוגיות עבאדי מזרחיות,,400.00,100 גרם,false,,19.90,0.0497,true,1,190467
7290002133117,false,בולגרית מעודנת מחלבת,מחלבת השומרון בעמ,,בולגרית 5% מעודנת שו,קילוגרמים,1.00,"ק""ג",true,,39.00,39.0000,true,1,174092
7290002133148,false,צפתית רכה 5% שומרון,מחלבת השומרון בעמ,,צפתית רכה 5% שומרון,קילוגרמים,1.00,"ק""ג",true,,39.00,39.0000,true,1,174094
7290002133162,false,בולגרית גביע 5% 250ג,מחלבת שומרון,IL,בולגרית גביע 5% 250ג,,250.00,100 גרם,false,,18.90,0.0756,true,1,174104
7290002133193,false,בולגרית שומרון,מחלבת השומרון בעמ,,בולגרית שומרון,קילוגרמים,1.00,"ק""ג",true,,39.00,39.0000,true,1,174095
7290002133216,false,גבינת שמנת 25% שומרו,,,גבינת שמנת 25% שומרו,קילוגרמים,1.00,"ק""ג",true,,39.00,39.0000,true,1,174097
7290002133247,false,לאבנה עם זעתר ושמן 5,מחלבת שומרון,IL,לאבנה עם זעתר ושמן 5,,250.00,100 גרם,false,,10.90,0.0436,true,1,174105
7290002133551,false,לאבנה עם שמן זית וזע,מחלבת השומרון,IL,לאבנה עם זעתר ושמן ז,,500.00,100 גרם,false,,16.90,0.0338,true,1,174110
7290002133889,false,גבינה בולגרית מעודנת,מחלבת השומרון,IL,בולגרית מעודנת בקר 5,,250.00,100 גרם,false,,18.90,0.0756,true,1,174118
7290002150077,false,פלאפל חמים וטעים 400,,,פלאפל חמים וטעים 400,,400.00,,false,,15.90,0.0398,true,1,172342
7290002150732,false,קרפלך במילוי בשר חמי,,,קרפלך במילוי בשר חמי,,400.00,100 גרם,false,,16.90,0.0422,true,1,172367
7290002150794,false,סיגר בשר חמים וטעים,,,סיגר בשר חמים וטעים,,400.00,100 גרם,false,,16.90,0.0422,true,1,172368
7290002150817,false,"סיגר תפו""א חמים וטעי",יושלם,,"סיגר תפו""א חמים וטעי",,400.00,,false,,15.90,0.0398,true,1,172369
7290002150831,false,"פסטל תפו""א חמים וטעי",,,"פסטל תפו""א חמים וטעי",,400.00,100 גרם,false,,15.90,0.0398,true,1,172370
7290002150848,false,אגרול סיני חמים וטעי,,,אגרול סיני חמים וטעי,,400.00,100 גרם,false,,15.90,0.0398,true,1,172371
7290002150862,false,קובה בשר מטוגן חמים,,,קובה בשר מטוגן חמים,,400.00,100 גרם,false,,16.90,0.0422,true,1,172372
7290002153801,false,אובלטים מלוחים דקיקי,,,אובלטים שומשום 300 ג,,300.00,100 גרם,false,,10.90,0.0363,true,1,224964
7290002153825,false,אובלטים מלוחים דקיקי,,,אובלטים מלוחים 300 ג,,300.00,100 גרם,false,,10.90,0.0363,true,1,224965
7290002153887,false,אובלטים מלוחים 300 גר,,,אובלטים קימל 300גר,,300.00,100 גרם,false,,10.90,0.0363,true,1,224966
7290002195054,false,המבורגר בלדי 400 גרם ארוז,יוליניבר,IL,המבורגר בלדי 400גר,,400.00,,false,,13.90,0.0348,true,1,198572
7290002195078,false,קבב כבש בלדי קפוא 400 ג',,,בלדי קבב כבש 400גר,,400.00,,false,,13.90,0.0348,true,1,198574
7290002195085,false,קבב מזרחי בלדי 400 ג'- 8 יח',יוליניבר,IL,קבב מזרחי 400גר,,400.00,,false,,13.90,0.0348,true,1,198575
7290002195092,false,קבב רומני 400 גרם ארוז,,,קבב רומני 400גר,,400.00,,false,,13.90,0.0348,true,1,198576
7290002198062,false,פסטרמה הודו אקסטרה מ,זוגלובק,IL,פסטרמה הודו אקסטרה מ,קילוגרמים,1.00,"ק""ג",true,,95.00,95.0000,true,1,249971
7290002211044,false,"סולת - חום רוט 1 ק""ג",,,"סולת 1ק""ג",,1000.00,,false,,6.50,0.0065,true,1,217785
7290002211112,false,קמח רוט כחול לבן 1קג,,,קמח רוט כחול לבן 1קג,,1000.00,,false,,5.90,0.0059,true,1,217788
7290002239185,false,אפונת גינה קפואה פרי גליל 800 גרם,"פרי הגליל בע""""מ",IL,אפונה מוקפאת 800גר,,800.00,100 גרם,false,,12.90,0.0161,true,1,200564
7290002239215,false,אפונה וגזר קפוא פרי גליל 800 גרם,"פרי הגליל בע""""מ",IL,אפונה וגזר 800גר,,800.00,100 גרם,false,,12.90,0.0161,true,1,200565
7290002239307,false,שעועית צהובה 800 ג ' פרי הגליל,"פרי הגליל בע""""מ",IL,שעועית צהובה 800גר,,800.00,100 גרם,false,,12.90,0.0161,true,1,200567
7290002239338,false,שעועית ירוקה 800 ג' פרי הגליל,"פרי הגליל בע""""מ",IL,שעועית ירוקה 800גר,,800.00,100 גרם,false,,12.90,0.0161,true,1,200568
7290002239369,false,שעועית שלמה 800 ג ' פרי הגליל,"פרי הגליל בע""""מ",IL,שעועית שלמה 800גר,,800.00,100 גרם,false,,12.90,0.0161,true,1,200570
7290002239420,false,תירס גרעינים 800 ג ' פרי הגליל,"פרי הגליל בע""""מ",IL,גרעיני תירס 800גר,,800.00,100 גרם,false,,12.90,0.0161,true,1,200571
7290002253006,false,דורות שום כתוש טרי 200 גרם,עיצובים 2020 (3.8),IL,שום כתוש דורות 200גר,,200.00,100 גרם,false,,16.90,0.0845,true,1,176763
7290002253105,false,מגשית קוביות שום טרי דורות 80 ג',עיצובים 2020 (3.8),IL,קוביות שום דורות 80ג,,80.00,100 גרם,false,,11.90,0.1488,true,1,176768
7290002253150,false,בזיליקום טרי קצוץ דורות 70 ג',עיצובים 2020 (3.8),IL,קוביות בזיליקום קצוץ,,70.00,100 גרם,false,,11.90,0.1700,true,1,176769
7290002253167,false,פטרוזליה קצוצה דורות 70 גר',עיצובים 2020 (3.8),IL,פטרוזליה קצוצה דורות,,70.00,100 גרם,false,,11.90,0.1700,true,1,176770
7290002253174,false,שמיר קצוץ דורות 70 גר',עיצובים 2020 (3.8),IL,קוביות שמיר קצוץ דור,,70.00,100 גרם,false,,11.90,0.1700,true,1,176771
7290002253181,false,כוסברה טריה קצוצה 70 ג' דורות,עיצובים 2020 (3.8),IL,כוסברה קצוצה דורות 7,,70.00,100 גרם,false,,11.90,0.1700,true,1,176772
7290002259640,false,"רדיד אלומניום דיימונד 084- 7.50 מ""ר *0.3",ריינולדס מוצרי צריכה,CN,דאיימונד 30*7.60,,7.62,,false,,11.90,1.5617,true,1,198917
7290002259664,false,רדיד אלומיניום דיימונד גדול 60X0.60מ',ריינולדס מוצרי צריכה,US,רדיד אלומניום 30*61,,60.00,,false,,54.90,0.9150,true,1,198919
7290002265269,false,הרינג בעישון קר שקיל,,,הרינג בעישון קר שקיל,קילוגרמים,1.00,"ק""ג",true,,45.00,45.0000,true,1,252449
7290002278528,false,כרית קרצוף לכלים שבת כלין 2 יח',פלסטו פוליש (ברקן),IL,כרית ניקוי כלים 2יח,יחידה,0.00,יחידה,false,,7.90,0.0000,true,1,197198
7290002319016,false,אבקת אפיה מיה מארז 10X10 ג',מיה תעשיות מזון בעמ,IL,אבקת אפיה 10*10גרם,,100.00,,false,,2.00,0.0200,true,1,202109
7290002319023,false,סוכר וניל מיה עשיריו,מיה תעשיות מזון בעמ,IL,סוכר וניל מיה 10*10ג,,100.00,,false,,2.00,0.0200,true,1,202110
7290002319054,false,פרג טחון מיה 100 גרם,מיה תעשיות מזון,IL,פרג טחון 100 גרם מיה,,100.00,100 גרם,false,,5.90,0.0590,true,1,202112
7290002319061,false,קוקוס טחון מיה 100 ג,מיה,IL,קוקוס טחון מיה 100 ג,,100.00,,false,,4.90,0.0490,true,1,202113
7290002319078,false,שומשום מיה 100 גרם,מיה,IL,שומשום מיה 100 גר,,100.00,,false,,4.90,0.0490,true,1,202114
7290002319122,false,גריסים יבשים מיה 500 גר',מיה,IL,גריסים מיה 500 גר,,500.00,100 גרם,false,,5.90,0.0118,true,1,202116
7290002319139,false,שעועית לבנה יבשה מיה 500 ג',מיה,IL,שעועית לבנה 500גר,,500.00,,false,,8.90,0.0178,true,1,202117
7290002319160,false,אפונה ירוקה יבשה מיה 500 ג',מיה,IL,אפונה מאה 500 גר,,500.00,100 גרם,false,,6.90,0.0138,true,1,202119
7290002319177,false,פופקורן גרעינים מיה 500 גר',מיה,IL,פופקורן מיה 500 גר,,500.00,100 גרם,false,,6.90,0.0138,true,1,202120
7290002319184,false,עדשים אדומים יבשים מיה 500 גר',מיה,IL,עדשים אדומות 500 גר,,500.00,100 גרם,false,,8.90,0.0178,true,1,202121
7290002319191,false,עדשים ירוקים יבשים מיה 500 גר',מיה,IL,עדשים ירוקות 500 גר,,500.00,,false,,8.90,0.0178,true,1,202122
7290002319221,false,חיטה מיה 500 גרם,מיה,IL,חיטה מיה 500 גר,,500.00,100 גרם,false,,6.90,0.0138,true,1,202125
7290002319375,false,"קורנפלור 200 ג' בד""ץ מיה",מיה תעשיות מזון,IL,קורנפלור 200 גרם,,200.00,100 גרם,false,,3.90,0.0195,true,1,202127
7290002319528,false,קמח מצה 200גרם,מיה תעשיות מזון,IL,קמח מצה 200גר,,200.00,,false,,2.90,0.0145,true,1,197999
7290002319771,false,"תמצית אפיה וניל 50מ""ל מיה",מיה תעשיות מזון בעמ,IL,"תמצית אפיה וניל 50מ""",,50.00,100 גרם,false,,3.50,0.0700,true,1,202137
7290002319788,false,"תמצית אפיה רום 50 מ""ל מיה",מיה תעשיות מזון,IL,תמצית אפיה בטעם רום,,50.00,,false,,3.50,0.0700,true,1,202138
7290002319825,false,אבקת סוכר מיה 100גרם,מיה תעשיות מזון,IL,אבקת סוכר מיה 100גרם,,100.00,100 גרם,false,,2.00,0.0200,true,1,202141
7290002321750,false,"פילה אמנון קפוא בד""ץ מאסטר פוד",,,פילה אמנון קפוא,קילוגרמים,1.00,"ק""ג",true,,29.90,29.9000,true,1,197321
7290002321767,false,פילה אמנון קפוא,,,פילה אמנון קפוא,קילוגרמים,1.00,"ק""ג",true,,29.90,29.9000,true,1,197322
7290002329602,false,עוגת שוקולד עוגל'ה 350 גר,,,עוגה בחושה שוקולד עו,,350.00,,false,,8.90,0.0254,true,1,227522
7290002329619,false,עוגת שוקולד צ'יפס עוגל'ה 350 גר,,,עוגה בחושה שוקו צ'יפ,,350.00,,false,,8.90,0.0254,true,1,227523
7290002329626,false,עוגת שיש עוגל'ה 350 גר,,,עוגה בחושה שיש עוגל',,350.00,,false,,8.90,0.0254,true,1,227524
7290002329657,false,עוגת תפוז עוגלה 350 גר',,,עוגה בחושה תפוז עוגל,,350.00,100 גרם,false,,8.90,0.0254,true,1,227525
7290002329664,false,עוגה אנגלית עוגלה 350 גר',,,עוגה בחושה אנגלית עו,,350.00,,false,,8.90,0.0254,true,1,227526
7290002329961,false,עוגת שוקוצ''ינו 350 ג' עוגלה,,,עוגת שוקוצ'ינו 350 ג,,350.00,,false,,8.90,0.0254,true,1,227604
7290002331124,false,"נביעות+ מים טעם תפוח 500מ""ל",נביעות טבע הגליל בעמ,IL,נביעות+ בטעם תפוח,,500.00,100 גרם,false,,6.90,0.0138,true,1,209276
7290002331155,false,"נביעות+ בטעם אפרסק 500 מ""ל",נביעות טבע הגליל בעמ,IL,נביעות+ בטעם אפרסק,,500.00,100 גרם,false,,6.90,0.0138,true,1,209279
7290002331360,false,"נביעות מים מינרליים טו גו מארז 500X6מ""ל",קריות זול,IL,נביעות טו גו שישייה,,3000.00,100 גרם,false,,15.90,0.0053,true,1,209284
7290002331490,false,מים מינרלים נביעות 1 ליטר,נביעות טבע הגליל בעמ,IL,נביעות 1 ליטר,,1000.00,100 גרם,false,,4.00,0.0040,true,1,209288
7290002331711,false,נביעות פלוס בטעם ענבים 500מל,נביעות טבע הגליל בעמ,IL,נביעות+ בטעם ענבים,,500.00,100 גרם,false,,6.90,0.0138,true,1,209300
7290002336686,false,אסאדו עע,,,אסאדו עע,קילוגרמים,1.00,"ק""ג",true,,69.90,69.9000,true,1,243371
7290002360124,false,חליטת תה ורד הבר פומפדור 20 שקיקים,TEEKANNE- POMPADOU,DE,חליטת תה פומפדור ורד,,30.00,100 גרם,false,,14.90,0.4967,true,1,185358
7290002360278,false,חליטת תה מנטה פומפדור 20 שקיקים,"איטיליאן פוד, אס.פי.",DE,חליטת תה פומפדור מנט,,45.00,100 גרם,false,,14.90,0.3311,true,1,185364
7290002360285,false,תה פומפדור חליטת צמחים קמומיל 20 שק,TEEKANNE- POMPADOU,DE,חליטת תה פומפדור קמו,,30.00,100 גרם,false,,14.90,0.4967,true,1,185365
7290002370055,false,גבינת גאודה עיזים חצ,,,גאודה עיזים ויליפוד,קילוגרמים,1.00,"ק""ג",true,,115.00,115.0000,true,1,178275
7290002370284,false,גבינת קשקבל מבולגריה,,,גבינת קשקבל מבולגריה,קילוגרמים,1.00,"ק""ג",true,,99.00,99.0000,true,1,226766
7290002371854,false,"נקניקיות עוף מתובלות 1 ק""ג טירת צבי",הנסיך- מפעל לייצור ט,IL,נקניקיות עוף חריפות,,1000.00,100 גרם,false,,29.90,0.0299,true,1,188141
7290002374268,false,שמן חמניות מילומור 1 ליטר,שמן תעשיות,IL,שמן חמניות מילומור 1,,1000.00,100 גרם,false,,10.90,0.0109,true,1,240184
7290002374640,false,שמן קנולה פלוס אומגה 3 1ל' עץ הזית,שמן תעשיות,IL,שמן קנולה פלוס אומגה,,1000.00,,false,,17.90,0.0179,true,1,198102
7290002407034,false,"זית סורי מבוקע ג""השא",ג'השאן,IL,זית סורי מבוקע 800גר,,800.00,100 גרם,false,,19.90,0.0249,true,1,179351
7290002407102,false,זית סנטה גדול ג'השאן 800 ג',ג'השאן,IL,זית סנטה 800גר,,800.00,,false,,19.90,0.0249,true,1,179353
7290002407348,false,"שמן זית כתית מעולה 750 מ""ל ג'השאן",,,שמן זית ג'השאן כתית,,750.00,,false,,29.90,0.0399,true,1,224378
7290002408000,false,גאודה מולן הכפר,,,גאודה מולן הכפר,קילוגרמים,1.00,"ק""ג",true,,79.00,79.0000,true,1,202648
7290002409014,false,ציפור השרון גחנון אפוי 600גר,ציפור השרון,,גחנון אפוי ציפור השר,,600.00,,false,,19.90,0.0332,true,1,200442
7290002409038,false,בורקס גבינה 800גר,,,בורקס גבינה 800גר,,800.00,100 גרם,false,,17.90,0.0224,true,1,200444
7290002409045,false,"בורקס תפו""א ציפור השרון 800ג'",,,"בורקס תפו""א 800גר",,800.00,,false,,17.90,0.0224,true,1,200445
7290002409052,false,בורקס תרד 800גר,,,בורקס תרד 800גר,,800.00,100 גרם,false,,21.90,0.0274,true,1,200446
7290002409076,false,ציפור השרון גחנון בצק 800גר,ציפור השרון,,גחנון בצק ציפור השרו,,800.00,,false,,14.90,0.0186,true,1,200448
7290002409175,false,"בצק עלים צרפתי צפ.השרון 1 ק""ג",ציפור השרון,,בצק עלים 1קג,,1000.00,,false,,14.90,0.0149,true,1,200454
7290002409274,false,מלוואח ציפור השרון 5 יחי',,,מלווח ציפור השרון 80,,800.00,,false,,14.90,0.0186,true,1,249233
7290002409281,false,סבבה ציפור השרון 750,פילסברי,,סבבה ציפור השרון 750,,750.00,100 גרם,false,,19.90,0.0265,true,1,200455
7290002410768,false,ריאות בקר,,,ריאות בקר,קילוגרמים,1.00,"ק""ג",true,,19.90,19.9000,true,1,194638
7290002447498,false,ויסבראטן עגל טרי,,,ויסבראטן עגל,קילוגרמים,1.00,"ק""ג",true,,89.90,89.9000,true,1,197973
7290002447535,false,בשר ראש עגל,,,בשר ראש עגל,קילוגרמים,1.00,"ק""ג",true,,69.00,69.0000,true,1,197975
7290002447559,false,סינטה עגל,,,סינטה עגל,קילוגרמים,1.00,"ק""ג",true,,129.00,129.0000,true,1,197976
7290002447573,false,שייטל עגל טרי,,,שייטל עגל,קילוגרמים,1.00,"ק""ג",true,,89.90,89.9000,true,1,197977
7290002453383,false,מרגז טלה קצביית פרימ,קצביית פרימיום,IL,מרגז טלה 500גר,,500.00,100 גרם,false,,29.90,0.0598,true,1,199941
7290002453512,false,קבב קציצות ישראלי 80,,,קבב קציצות ישראלי 80,,800.00,100 גרם,false,,37.90,0.0474,true,1,228911
7290002453529,false,המבורגר אנטריקוט 400 ג',קצביית פרימיום,IL,אנטריקוט בורגר 400גר,,400.00,100 גרם,false,,25.90,0.0647,true,1,199943
7290002453680,false,נקניקיות אסדו ארגנטנ,קצביית פרימיום,IL,נקניקיה אסאדו ארגנטי,,500.00,,false,,29.90,0.0598,true,1,220402
7290002453697,false,קבב אנטריקוט קצבים עם שומן כבש,קצביית פרימיום,IL,קבב אנטריקוט קצבים ע,,400.00,100 גרם,false,,25.90,0.0647,true,1,220403
7290002453802,false,קבב אסלי בוואקום קפו,קצביית פרימיום,IL,קבב אסלי בוואקום קפו,,1000.00,100 גרם,false,,39.90,0.0399,true,1,230385
7290002479352,false,דבש עמק חפר 350גרם,מכוורת עמק חפר,,דבש עמק חפר 350גרם,,350.00,100 גרם,false,,16.90,0.0483,true,1,172734
7290002511229,false,בולגרית מעודנת המושב,מחלבת המושבה,IL,בולגרית מעודנת המושב,קילוגרמים,1.00,"ק""ג",true,,44.00,44.0000,true,1,197514
7290002511236,false,בולגרית מעודנת 5% המ,,,בולגרית מעודנת 5% המ,קילוגרמים,1.00,"ק""ג",true,,44.00,44.0000,true,1,222546
7290002511243,false,גבינה בולגרית 16% המ,,,גבינה בולגרית 16% המ,קילוגרמים,1.00,"ק""ג",true,,52.00,52.0000,true,1,250358
7290002511250,false,שמנת 30% שום שמיר המ,,,שמנת 30% שום שמיר המ,קילוגרמים,1.00,"ק""ג",true,,44.00,44.0000,true,1,222547
7290002511274,false,שמנת 30% זיתים המושב,,,שמנת 30% זיתים המושב,קילוגרמים,1.00,"ק""ג",true,,44.00,44.0000,true,1,222549
7290002511427,false,אצבעות שוקולד וניל ה,מחלבת המושבה,IL,אצבעות שוקולד וניל ה,קילוגרמים,1.00,"ק""ג",true,,59.00,59.0000,true,1,222550
7290002511571,false,מוצרלה 22% המושבה,,,מוצרלה 22% המושבה,קילוגרמים,1.00,"ק""ג",true,,87.00,87.0000,true,1,222560
7290002512004,false,מלוואח צנעני 900 גרם,צנעני,IL,מלווח צנעני 900גר,,900.00,100 גרם,false,,19.90,0.0221,true,1,230465
7290002512011,false,צנעני גחנון 900 גרם,צנעני,IL,גחנון בצק 900גר,,900.00,100 גרם,false,,19.90,0.0221,true,1,230462
7290002515371,false,קמיל בלו אל סבון מעושר בלחות 1 ל',,,קמיל בלו קלאסיק 1 לי,,1000.00,,false,,29.90,0.0299,true,1,203651
7290002517276,false,תבלין פלפל אנגלי שלם 25ג',תות ממתקי איכות,IL,פלפל אנגלי שלם 25גר,,25.00,100 גרם,false,,7.90,0.3160,true,1,197810
7290002517337,false,תבלין אורגנו עלים 20 גר',תות ממתקי איכות,IL,אורגנו עלים 20גר,,20.00,100 גרם,false,,7.90,0.3950,true,1,197813
7290002517375,false,תבלין בזיליקום 30 גר' שק',תות ממתקי איכות,IL,בזיליקום עלים 30גר,,30.00,100 גרם,false,,7.90,0.2633,true,1,197814
7290002517566,false,תערובת תיבול לדג- 80 ג',תות ממתקי איכות,IL,תערובת תיבול לדג 80ג,,80.00,100 גרם,false,,12.90,0.1613,true,1,197824
7290002517580,false,תערובת תיבול לעוף - 80 ג',תות ממתקי איכות,IL,תערובת תיבול לעוף 80,,80.00,100 גרם,false,,12.90,0.1613,true,1,197826
7290002517726,false,תבלין מקלות קינמון 15ג',תות ממתקי איכות,IL,מקל קינמון טעם וריח,,15.00,,false,,6.90,0.4600,true,1,197838
7290002517825,false,תבלין פלפל לבן טחון 40ג',תות ממתקי איכות,IL,פלפל לבן טחון 40 גרם,,40.00,100 גרם,false,,12.90,0.3225,true,1,197847
7290002517863,false,תבלין ציפורן טחון 80ג',תות ממתקי איכות,IL,ציפורן טחון 40גר,,40.00,100 גרם,false,,9.90,0.2475,true,1,197851
7290002519768,false,לב עגל,,,לב עגל,קילוגרמים,1.00,"ק""ג",true,,24.90,24.9000,true,1,197984
7290002543046,false,קלוגס פרוסטיס דגנים וסוכר 750ג',קלוג מנייופרטורינג א,ES,פרוסטיס 750 גרם קלוג,,750.00,,false,,23.90,0.0319,true,1,179365
7290002552772,false,מאגדת ארטיק קרח 10 יח' ריאו,"גלידות ריאו ביח""ר לג",IL,ארטיק קרח עשיריות,יחידה,0.00,יחידה,false,,9.90,0.0000,true,1,198137
7290002560036,false,רדיד אלומיניום מעוצב,,,רדיד אלומיניום מעוצב,יחידה,0.00,יחידה,false,,11.90,0.0000,true,1,244298
7290002560050,false,אשפתון 52/65 100 יח',,,אשפתון 52/65 100 יח',יחידה,0.00,יחידה,false,,19.90,0.0000,true,1,221316
7290002560159,false,שקיות אשפה עבות נשלפ,קריות זול,,שקיות אשפה עבות נשלפ,יחידה,0.00,יחידה,false,,19.90,0.0000,true,1,244300
7290002560227,false,אשפתון גופיה 75/90 2,קריות זול,,אשפתון גופיה 75/90 2,יחידה,0.00,יחידה,false,,10.90,0.0000,true,1,223203
7290002560524,false,נייר אפייה בגליל 25,,,נייר אפייה בגליל 25,יחידה,0.00,יחידה,false,,10.90,0.0000,true,1,252503
7290002581536,false,"וופל בטעם שוקולד לל""ס הדר 250ג'",אפיפית נצרת,IL,וופל נפוליטנה ללא סו,,250.00,100 גרם,false,,9.90,0.0396,true,1,216911
7290002599029,false,תבליני יונה פפריקה מתוקה בשמן 80ג,תבליני יונה,IL,תבלינים בשקית 80גר,,80.00,100 גרם,false,,5.50,0.0688,true,1,203599
7290002599036,false,פלפל לבן/שחור 50גר,תבליני יונה,IL,פלפל לבן/שחור 50גר,,50.00,100 גרם,false,,5.50,0.1100,true,1,203600
7290002599081,false,תבליני יונה תבלינים,תבליני יונה,IL,תבלינים בשקית,יחידה,0.00,יחידה,false,,5.50,0.0000,true,1,203603
7290002599104,false,תבליני יונה תבלינים,תבליני יונה,IL,תבלינים בשקית 50גר,,50.00,100 גרם,false,,5.50,0.1100,true,1,203605
7290002599197,false,פלפל לבן/שחור 50גר,תבליני יונה,IL,פלפל לבן/שחור 50גר,,50.00,100 גרם,false,,5.50,0.1100,true,1,203611
7290002599326,false,פלפל שחור/לבן בצנצנת,,,פלפל שחור/לבן בצנצנת,,80.00,100 גרם,false,,10.90,0.1363,true,1,227178
7290002599333,false,כמון בצנצנת 80גר,,,כמון בצנצנת 80גר,,80.00,100 גרם,false,,10.90,0.1363,true,1,227179
7290002599371,false,פפריקה חריפה בצנצנת,,,פפריקה חריפה בצנצנת,,80.00,100 גרם,false,,10.90,0.1363,true,1,227185
7290002599401,false,גריל דג בצנצנת 80גר,,,גריל דג בצנצנת 80גר,,80.00,100 גרם,false,,10.90,0.1363,true,1,227188
7290002599425,false,כורכום בצנצנת 80גר,,,כורכום בצנצנת 80גר,,80.00,100 גרם,false,,10.90,0.1363,true,1,227190
7290002599449,false,פפריקה מתוקה בשמן בצ,,,פפריקה מתוקה בשמן בצ,,80.00,100 גרם,false,,10.90,0.1363,true,1,227192
7290002599487,false,תבלין לשווארמה בצנצנ,,,תבלין לשווארמה בצנצנ,,80.00,,false,,10.90,0.1363,true,1,227196
7290002599494,false,גריל עוף בצנצנת 80גר,,,גריל עוף בצנצנת 80גר,,80.00,100 גרם,false,,10.90,0.1363,true,1,227197
7290002627371,false,צלעות עגל,,,צלעות עגל,קילוגרמים,1.00,"ק""ג",true,,69.90,69.9000,true,1,243353
7290002627388,false,חזה עגל,,,חזה עגל,קילוגרמים,1.00,"ק""ג",true,,69.90,69.9000,true,1,243354
7290002627432,false,צוואר עגל,,,צוואר עגל,קילוגרמים,1.00,"ק""ג",true,,69.90,69.9000,true,1,243374
7290002627487,false,חזה עגל,,,חזה עגל,קילוגרמים,1.00,"ק""ג",true,,69.90,69.9000,true,1,243367
7290002628064,false,טחון בקר בלדי קפוא 500 ג' /16 יח',יוליניבר,IL,טחון בקר בלדי קפוא 5,,500.00,,false,,19.90,0.0398,true,1,198579
7290002628088,false,טחון הודו בלדי קפוא,,,טחון הודו בלדי קפוא,,1000.00,100 גרם,false,,10.90,0.0109,true,1,198581
7290002628293,false,טחון עוף בלדי קפוא 5,,,טחון עוף בלדי קפוא 5,,1000.00,,false,,10.90,0.0109,true,1,198582
7290002628989,false,נקניקיות מרגז קפוא 500 ג' 16 יח',,,נקניקיות מרגז בלדי 5,,500.00,,false,,25.90,0.0518,true,1,198585
7290002661115,false,לחם שיפון הולנדי 1.2 מהדרין,מאפית י את א ברמן בע,IL,לחם הולנדי 1.2קג,,1200.00,,false,,17.90,0.0149,true,1,199284
7290002661153,false,"לחם דני קל ברמן 1 ק""",מאפית י את א ברמן בע,IL,לחם דני קל 1 קג,,1000.00,100 גרם,false,,17.90,0.0179,true,1,199285
7290002661184,false,לחם אחיד כהה פרוס 75,,,לחם אחיד פרוס ברמן,,750.00,,false,,7.91,0.0105,true,1,230916
7290002661443,false,פירורי לחם מוזהבים עדינים 200 גר.,,,פירורי לחם זהוב עדין,,200.00,,false,,4.50,0.0225,true,1,199291
7290002661474,false,פרורי לחם עם שומשום 200 ג',,,פירורי לחם זהוב עם ש,,200.00,,false,,4.50,0.0225,true,1,199292
7290002661856,false,מיני קרוטונים מתובלים למרק וסלט 350 גר',מאפית י את א ברמן בע,IL,מיני קרוטונים מתובלי,,350.00,100 גרם,false,,16.90,0.0483,true,1,235145
7290002661863,false,קרוטונים מתובלים למרק 350 גר'.,מאפית י את א ברמן בע,IL,קרוטונים מתובלים למר,,350.00,100 גרם,false,,15.90,0.0454,true,1,235144
7290002661962,false,קרקר תירס פריך בתוספ,אבונט ק.פ.ט,HU,קרקר פריך קינואה 100,,100.00,100 גרם,false,,6.90,0.0690,true,1,244819
7290002661979,false,קרקר תירס פריך בתוספ,אבונט ק.פ.ט,HU,קרקר פריך פשתן 100 ג,,100.00,,false,,6.90,0.0690,true,1,244820
7290002692393,false,שמן קנולה מועשר עץ ה,שמן תעשיות,IL,שמן קנולה מועשר עץ ה,,1000.00,,false,,16.90,0.0169,true,1,198104
7290002692478,false,"שמן זית כתית מעולה קלאסי מעודן 750 מ""ל עץ הזית","מרקאולאו, ספרד.אבסה,",IT,שמן זית כתית מעולה ע,,750.00,,false,,34.90,0.0465,true,1,198108
7290002692775,false,"תרסיס שמן קנולה בטעם חמאה 200 מ""ל עץ הזית",,,תרסיס שמן קנולה בטעם,,200.00,,false,,17.90,0.0895,true,1,225838
7290002730262,false,פלמוליב כלים שקוף קלאסי 750 בקבוק חדש,יבואן ומשווק: ש. שסט,GR,פלמוליב נוזל לכלים ק,,750.00,,false,,11.90,0.0159,true,1,185382
7290002735007,false,"בצק עלים 1 ק""ג ינון",,,בצק עלים ינון 1קג,,1000.00,100 גרם,false,,15.90,0.0159,true,1,171456
7290002735014,false,מלוואח ארוז ינון 800 גר',ג'נרל מילס סאן אדריא,IL,מלווח ארוז ינון 800ג,,800.00,100 גרם,false,,14.90,0.0186,true,1,171457
7290002735021,false,ינון גחנון ארוז 750גר,ג'נרל מילס סאן אדריא,IL,גחנון ארוז ינון 750ג,,750.00,100 גרם,false,,14.90,0.0199,true,1,171458
7290002735113,false,בורקס גבינה ינון 800 גר,,,בורקס גבינה ינון 800,,800.00,100 גרם,false,,16.90,0.0211,true,1,171459
7290002735120,false,"בורקס תפו""א ינון 800 גר",,,"בורקס תפו""א ינון 800",,800.00,100 גרם,false,,14.90,0.0186,true,1,171460
7290002735274,false,ינון גחנון אפוי 600 גר,ג'נרל מילס סאן אדריא,IL,גחנון אפוי ינון 600ג,,600.00,100 גרם,false,,16.90,0.0282,true,1,171463
7290002752332,false,"סוכריות מנטוס פירות בגליל, 37.5 גרם",הדקלאים אגודת שיתופי,NL,מנטוס גליל פירות בוד,,37.50,100 גרם,false,,3.90,0.1040,true,1,191722
7290002752349,false,סוכריות מנטוס מנטה 40יח' בגליל 38ג',פרפטי ואן מלה,NL,מנטוס גליל מנטה בודד,,37.50,100 גרם,false,,3.90,0.1040,true,1,191723
7290002752493,false,רביעיה סוכריות מנטה 4* 16 ג' טיק טק,קריות זול,ZA,טיקטק מנטה רביעייה 4,,64.00,100 גרם,false,,11.90,0.1859,true,1,214826
7290002766056,false,עגבניות שרי קופסא ליח',אראל תוצרת חקלאית בע,IL,עגבניות שרי וויטני א,,460.00,,false,,9.90,0.0215,true,1,234818
7290002768043,false,"תיאדנט מי-פה ענק פלאוריד 150 מ""ל",טרופיקל דגיל תעשיות,IL,תיאדנט מי פה סנו 150,,150.00,,false,,15.90,0.1060,true,1,180082
7290002768074,false,דרמופון - סבון נוזלי 1 ליטר,טרופיקל דגיל תעשיות,IL,דרמופון סבון ללא סבו,,1000.00,,false,,18.90,0.0189,true,1,180083
7290002769316,false,עוגת קראנץ 500 גרם,,,עוגת קראנץ 500 גרם,,500.00,,false,,17.90,0.0358,true,1,233310
7290002769347,false,עוגיות מובחרות בדלי --600-500 גרם,עוגיות הזהב,,עוגיות מובחרות 500 ג,,500.00,,false,,15.90,0.0318,true,1,233538
7290002769514,false,עוגיות מובחרות 350 ג,,,עוגיות מובחרות 350 ג,,350.00,,false,,12.90,0.0369,true,1,244431
7290002769910,false,עוגיות ללא תוספת סוכר 350 גר',,,עוגיות ללא תוספת סוכ,,350.00,,false,,12.90,0.0369,true,1,244432
7290002782131,false,"פנינה רוזנבלום - דאודורנט ספריי לאישה מס' 1 150 מ""ל",ביסקול תמרוקים,IL,דאודורנט פנינה רוזנב,,150.00,100 גרם,false,,24.90,0.1660,true,1,233912
7290002782759,false,"פנינה קרם גוף רוזנבלום 400 מ""ל",א.ל ארמן,IL,קרם גוף פנינה רוזנבל,,340.00,,false,,24.90,0.0732,true,1,233913
7290002814016,false,"מסיר שומנים קר מתז סנט מוריץ 750מ""ל",קומפלקס כימיקלים,IL,מסיר שומנים סנט מורי,,750.00,,false,,15.90,0.0212,true,1,217801
7290002814054,false,סנט מוריץ מתז אנטרטיק מתז 1 ליטר,קומפלקס כימיקלים,IL,אנטרטיק במתז 1 ליטר,ליטרים,1.00,ליטר,false,,11.90,11.9000,true,1,226571
7290002814078,false,סנט מוריץ נוזל לניקוי אמבט אנטרטיק 1ל',קומפלקס כימיקלים,IL,אנטרטיק נוזל לניקוי,,1000.00,100 גרם,false,,6.90,0.0069,true,1,217804
7290002814412,false,סנט מוריץ נוזל כלים 1.6 ליטר לימון ליים 18%,,,נוזל כלים ירוק 1.5 ל,ליטרים,1500.00,ליטר,false,,11.90,0.0079,true,1,224100
7290002814436,false,סנט מוריץ נוזל כלים 1.6 ליטר לימון 18%,,,נוזל כלים צהוב 1.6 ל,ליטרים,1600.00,ליטר,false,,11.90,0.0074,true,1,224101
7290002814528,false,נוזל לניקוי האסלה סנט מוריץ 1 ליטר,קומפלקס כימיקלים,IL,נוזל אסלות מס'1 1ליט,,1000.00,100 גרם,false,,6.90,0.0069,true,1,217811
7290002814603,false,"סנט מוריץ - מרסס מסיר שומנים קר מבושם לימון 750 מ""ל",אלמוג דיל בעמ,IL,מסיר שומנים סנט מורי,,750.00,100 גרם,false,,15.90,0.0212,true,1,222046
7290002814917,false,סנט מוריץ שמפו רצפות בניחוח לבנדר 4 ליטר,קומפלקס כימיקלים,IL,נוזל רצפות בניחוח לב,ליטרים,4.00,ליטר,false,,12.90,3.2250,true,1,217813
7290002824183,false,גבינה לבנה 5% שומן 500 ג' שטראוס,מיוצר עי קונדיטוריית,IL,קרם גבינה 5% סקי 500,,500.00,,false,,9.96,0.0199,true,1,195170
7290002824466,false,דנונה יוגורט ביו 0% 200מל,"שטראוס בריאות בע""מ",IL,דנונה יוגורט ביו 0%,,200.00,100 גרם,false,,3.90,0.0195,true,1,195171
7290002824640,false,גבינה שטראוס 5% 250 ג',מיוצר עי קונדיטוריית,IL,גבינה 5% סקי 250 גרם,,250.00,100 גרם,false,,4.98,0.0199,true,1,195173
7290002825722,false,סלט כרוב אדום אחלה 5,מיוצר עי קונדיטוריית,IL,כרוב אדום אחלה 500גר,,500.00,100 גרם,false,,16.90,0.0338,true,1,195177
7290002842002,false,"שבולת שועל אנגלי מורנפלייק לל""ס 500גר",,,שבולת שועל אנגלי מור,,500.00,100 גרם,false,,10.90,0.0218,true,1,174460
7290002868996,false,קוטג' 5% מועשר טרה 250ג' מהדרין,קריות זול,IL,קוטג מועשר 5% 250גר,,250.00,100 גרם,false,,6.20,0.0248,true,1,184435
7290002881407,false,נודלס אטריות ביצים דק תומר 400ג',קריות זול,,נודלס דק תומר 400גר,,400.00,,false,,10.90,0.0273,true,1,174866
7290002881414,false,תומר נודלס עבה 400 גרם,אופאל,,נודלס עבה תומר 400גר,,400.00,100 גרם,false,,10.90,0.0273,true,1,174867
7290002881506,false,חמאת בוטנים תומר 510 ג',Niza s a,,חמאת בוטנים 510גר,,510.00,,false,,10.90,0.0214,true,1,174871
7290002881612,false,לפתן דובדבנים חמוצים,Fructo sliven jsc,,לפתן דובדבנים חמוצים,,680.00,100 גרם,false,,9.90,0.0146,true,1,226523
7290002881742,false,לבבות דקל פרוסות תומר 400 ג',Inaexpo,,לבבות דקל פרוסות תומ,,400.00,100 גרם,false,,9.90,0.0248,true,1,174878
7290002881872,false,פטריות חתוכות תומר 2,,,פטריות חתוכות תומר 2,,290.00,,false,,4.90,0.0169,true,1,174883
7290002881919,false,פטריות שלמות תומר 40,גיבונג אינדסקיאלס,,פטריות שלמות תומר 40,,400.00,,false,,8.90,0.0223,true,1,174884
7290002881957,false,סרדינים מרוקאי חריף בשמן חמניות 125ג' תומר,Union des pecheries,,סרדין מרוקאי חריף 12,,125.00,100 גרם,false,,6.90,0.0552,true,1,174887
7290002909804,false,פילה בקלה (מרלוזה ) ללא עור ארגנטיני,,,מרלוזה פילה ללא עור,קילוגרמים,1.00,"ק""ג",true,,34.90,34.9000,true,1,198371
7290002909880,false,פולי סויה אדממה קפוא 400 גר',,,פולי סויה אדממה קפוא,,400.00,100 גרם,false,,9.90,0.0248,true,1,198597
7290002919179,false,"פילה אמנון 5-7 בוואקום ללא עור בד""ץ עד""ח",בלאדי,IL,אמנון פילה 5-7 ללא ע,קילוגרמים,1.00,"ק""ג",true,,37.90,37.9000,true,1,252140
7290002927044,false,צלי כתף מס' 5 קפוא,,,צלי כתף מס' 5 קפוא,קילוגרמים,1.00,"ק""ג",true,,43.90,43.9000,true,1,199909
7290002927051,false,פילה מדומה מס' 6 קפו,,,פילה מדומה מס' 6 קפו,קילוגרמים,1.00,"ק""ג",true,,39.90,39.9000,true,1,199910
7290002927105,false,צלי עגל ברשת קפוא,,,צלי עגל ברשת קפוא,קילוגרמים,1.00,"ק""ג",true,,37.90,37.9000,true,1,199912
7290002927198,false,טחון בקר קפוא 500 גר,,,טחון בקר קפוא 500 גר,,500.00,100 גרם,false,,13.90,0.0278,true,1,199953
7290002927358,false,סטיק אנטריקוט 800גר,,,סטיק אנטריקוט 800גר,,800.00,100 גרם,false,,39.90,0.0499,true,1,230388
7290002927389,false,טחון עוף קפוא 500 גר,,,טחון עוף קפוא 500 גר,,500.00,100 גרם,false,,11.90,0.0238,true,1,236056
7290002927464,false,גולש עגל קפוא,,,גולש עגל קפוא,קילוגרמים,1.00,"ק""ג",true,,34.90,34.9000,true,1,199921
7290002927471,false,צלי עגל חצוי קפוא,,,צלי עגל חצוי קפוא,קילוגרמים,1.00,"ק""ג",true,,39.90,39.9000,true,1,199922
7290002927518,false,טבעות פילה עגל קפוא,,,טבעות פילה עגל קפוא,קילוגרמים,1.00,"ק""ג",true,,39.90,39.9000,true,1,199925
7290002927631,false,טחון הודו קפוא 500 ג,,,טחון הודו קפוא 500 ג,,500.00,100 גרם,false,,11.90,0.0238,true,1,236057
7290002927655,false,שניצל עגל קפוא,,,שניצל עגל קפוא,קילוגרמים,1.00,"ק""ג",true,,39.90,39.9000,true,1,199931
7290003006021,false,קוביות גבינת פטה לסל,גבינות ניצן,,פטה קוביות 24% ניצן,קילוגרמים,1.00,"ק""ג",true,,69.00,69.0000,true,1,236065
7290003006120,false,טאפס עירוני פלפל ממו,גבינות ניצן,,פטה בציפוי פלפל 20%,קילוגרמים,1.00,"ק""ג",true,,149.00,149.0000,true,1,236069
7290003009183,false,"פריגת סירופ דיאט תפוחים 750מ""ל",סירופ - גבעת חיים,IL,סירופ דיאט תפוחים פר,,750.00,100 גרם,false,,23.90,0.0319,true,1,209326
7290003011087,false,"אורז בסמטי 1 ק""ג אלפנט",,IN,אורז בסמטי אלפנט 1קג,,1000.00,100 גרם,false,,12.90,0.0129,true,1,200113
7290003015627,false,ריצפז פרש 2 ליטר אפרסק מרכז,"סנו מפעלי ברונוס בע""",IL,ריצפז פרש אפרסק 2ליט,ליטרים,2.00,ליטר,false,,21.90,10.9500,true,1,180105
7290003015634,false,ריצפז פרש 2 ליטר פסיפלורה,קריות זול,IL,ריצפז פרש פסיפלורה 2,ליטרים,2.00,ליטר,false,,21.90,10.9500,true,1,180106
7290003015641,false,ריצפז סנו פרש יסמין 2ל',קריות זול,IL,ריצפז פרש יסמין 2 לי,ליטרים,2.00,ליטר,false,,21.90,10.9500,true,1,180107
7290003026227,false,"ד""ר פישר - קמיל בלו סנסיטיב שמפו אלדמע 1 ליטר","ד""ר פישר Dr fischer",IL,קמיל בלו סנסיטיב שמפ,,1000.00,,false,,32.90,0.0329,true,1,203655
7290003026234,false,"ד""ר פישר - קמיל בלו תחליב לתינוק 500 מ""ל",פישר מעבדות פרמצבטיו,IL,קמיל בלו תחליב לתינו,,500.00,100 גרם,false,,29.90,0.0598,true,1,203656
7290003026319,false,"ד""ר פישר - קמיל משחה לתינוק 120 מ""ל","ד""ר פישר Dr fischer",IL,משחה לתינוק קמיל בלו,,120.00,100 גרם,false,,19.90,0.1658,true,1,203657
7290003029181,false,משקה יטבתה שוקו' בקבוק 1ל מהדרין,מחלבת יטבתה,IL,שוקו 2% בבקבוק יטבתה,,1000.00,,false,,12.50,0.0125,true,1,195184
7290003029433,false,"משקה יטבתה שוקו פקק 250 מ""ל מהדרין",מחלבת יטבתה,IL,שוקו יטבתה 250מל,,250.00,,false,,5.90,0.0236,true,1,195193
7290003029617,false,יטבתה שמנת מנה אישית 15% 125מל,STRAUSS-ISRAEL,IL,שמנת מנה אישית 100מל,,100.00,,false,,2.10,0.0210,true,1,195203
7290003029792,false,"משקה יטבתה שוקו שקיות מהדרין מארז 225X8מ""ל",שטראוס גרופ,IL,שוקו 2% יטבתה 225x8,,1800.00,,false,,20.90,0.0116,true,1,195205
7290003029815,false,חלב יוטבתה מועשר 3% בכד 2ל',מחלבת יטבתה,IL,חלב מועשר 3% בכד יטב,,2000.00,,false,,16.70,0.0083,true,1,195207
7290003031740,false,טירתצבי פסטרמה בדבש קופ. מחפוד 400ג,טירת צבי,IL,"פסטרמה בדבש בד""צ טיר",,400.00,100 גרם,false,,35.90,0.0897,true,1,188147
7290003031788,false,צמד כפרי סלמי+פסטרמה טירת צבי 400X2ג' מחפוד,טירת צבי,IL,מארז צמד כפרית 400גר,,800.00,100 גרם,false,,35.90,0.0449,true,1,188148
7290003054657,false,חרדל דיזון אקסטרה פורטה 370 גרם,מרום את קונפינו,FR,חרדל דיזון אקסטרא פו,,370.00,100 גרם,false,,12.90,0.0349,true,1,179386
7290003060009,false,קמח בהיר טחנות ישראל,טחנות ישראליות,IL,קמח בהיר בשקיות 1קג,,1000.00,,false,,5.90,0.0059,true,1,210438
7290003060023,false,"סולת חיטה 1 ק""ג אריזות ירושלים",טחנות ישראליות,IL,"סולת בשקיות 1ק""ג",,1000.00,,false,,6.50,0.0065,true,1,210440
7290003060078,false,קמח שיפון מלא ישראלי,טחנות ישראל,IL,קמח שיפון מלא ישראלי,,1000.00,100 גרם,false,,7.90,0.0079,true,1,210444
7290003060290,false,קמח מלא מועשר מנופה,,,קמח מלא מועשר מנופה,,1000.00,,false,,9.90,0.0099,true,1,221520
7290003060320,false,"קמח לחם וחלות מנופה טחנות ישראל 1 ק""ג",,,קמח ללחם וחלות מועשר,,1000.00,100 גרם,false,,9.90,0.0099,true,1,221522
7290003060344,false,"קמח חיטה לפיצה מנופה 1 ק""ג",,,קמח לפיצה מנופה 1 קג,,1.00,,false,,9.90,9.9000,true,1,235810
7290003091768,false,רבע כבש טרי,,,רבע כבש טרי,קילוגרמים,1.00,"ק""ג",true,,99.90,99.9000,true,1,194639
7290003102136,false,צמר גפן COTTON SOFT רפואי 100 גר' 3102136,הדקלאים אגודת שיתופי,TR,צמר גפן רפואי 100 גר,,100.00,,false,,4.90,0.0490,true,1,228532
7290003102976,false,צימרוני אוז' פל' בקופסה 200יח',הדקלאים אגודת שיתופי,CN,צימרוני אוזניים בקופ,,200.00,,false,,3.90,0.0195,true,1,193840
7290003126712,false,יוגורט עיזים בגביע 3% צוריאל 150 ג',מחלבת משק צוריאל,IL,יוגורט עיזים בגביע 3,,150.00,,false,,6.70,0.0447,true,1,184460
7290003189045,false,בסיגנון גבינה הולנדי,,,הולנדית כפיר א.ח.נוכ,קילוגרמים,1.00,"ק""ג",true,,39.00,39.0000,true,1,174055
7290003189168,false,בסיגנון גבינה מעושנת,,,מעושנת כפיר א.ח.נוכ,קילוגרמים,1.00,"ק""ג",true,,45.00,45.0000,true,1,250127
7290003189199,false,בסיגנון גבינה חריפה.,,,חריפה כפיר א.ח.נוכרי,קילוגרמים,1.00,"ק""ג",true,,39.00,39.0000,true,1,174058
7290003189267,false,צהובה הטובה קלאסית כ,,,כפיר הצהובה הטובה קל,,200.00,100 גרם,false,,12.90,0.0645,true,1,174074
7290003189274,false,מעושנת בסיגנון גבינה,,,מעושנת כפיר א.ח.נוכ,קילוגרמים,1.00,"ק""ג",true,,45.00,45.0000,true,1,174060
7290003208586,false,וורמוט מרטיני ביאנקו,מרטיני ורוסי,IT,מרטיני ביאנקו 750מל,,750.00,,false,,49.90,0.0665,true,1,171357
7290003212965,false,עוגיות רוגלך הזהב במארז 400 גר',,,מובחרות שמרים 400 גר,,400.00,100 גרם,false,,12.90,0.0323,true,1,227579
7290003217014,false,תנעמי פיתות מיזרחיות 5*100גר,יוניליוור גרמניה Gm,IL,פיתות מיזרחיות 5*100,,500.00,,false,,5.90,0.0118,true,1,194717
7290003224036,false,אוכמניות כחולות גולוביקה,מאמא מרי,US,אוכמניות כחולות קפוא,,300.00,100 גרם,false,,19.90,0.0663,true,1,197272
7290003224128,false,"כיסונים תפו""א 800 ג' מאמא מרי",מאמא מרי,,"כיסוני תפו""א 800גר",,800.00,100 גרם,false,,18.90,0.0236,true,1,197274
7290003224142,false,"בלינצ'ס תפ""א ופטריות 7 יחידות",מאמא מרי,IL,"בלינצס תפו""א+ פטריות",,700.00,,false,,18.90,0.0270,true,1,228743
7290003224159,false,בלינצ'יס בשר 7 יחידות,מאמא מרי,IL,בלינצס בשר מאמא מרי,,700.00,,false,,21.90,0.0313,true,1,228744
7290003224654,false,מיקס פירות יער קפוא,מאמא מרי,,מיקס פירות יער קפוא,,300.00,,false,,13.90,0.0463,true,1,197293
7290003224753,false,דמדמניות אדומות קפוא,,,דמדמניות אדומות קפוא,,300.00,100 גרם,false,,13.90,0.0463,true,1,197296
7290003224807,false,אוכמניות אדומות קפוא,,,אוכמניות אדומות קפוא,,300.00,100 גרם,false,,19.90,0.0663,true,1,197299
7290003229116,false,פסטרמה בדבש טירת צבי 400 ג',הנסיך- מפעל לייצור ט,IL,פסטרמה בדבש טירת צבי,,400.00,100 גרם,false,,27.90,0.0697,true,1,188150
7290003229123,false,פסטרמה על גחלים טירת צבי 400 ג',הנסיך- מפעל לייצור ט,IL,פסטרמה גחלים 400 גרם,,400.00,100 גרם,false,,27.90,0.0697,true,1,188151
7290003244331,false,"עגבניות קוביות 800ג בד""ץ פריניר *",פריניר,,עגבניות קוביות פריני,יחידה,0.00,יחידה,false,,7.90,0.0000,true,1,194540
7290003268030,false,חלה רגילה 500גר,,,חלה רגילה 500גר,,500.00,,false,,6.26,0.0125,true,1,228640
7290003268252,false,לחם חיטה מלא לילדים 750 ג' דגנית עין בר,יוניליוור גרמניה Gm,IL,לחם חיטה מלאה ללא גר,,750.00,100 גרם,false,,15.90,0.0212,true,1,194724
7290003268429,false,לחם ירוק מקמח מלא 750 ג' דגנית עין בר,מולינו ניקולי s.p.a,IL,לחם חיטה מלאה ירוק 7,,750.00,100 גרם,false,,15.90,0.0212,true,1,194726
7290003268641,false,דגנית עין בר חלה מתוקה מיוחדת 500 גרם,מולינו ניקולי s.p.a,IL,חאלע חלה מתוקה מיוחד,יחידה,0.00,יחידה,false,,14.90,0.0000,true,1,223470
7290003268764,false,חלה רגילה 500 גרם,מולינו ניקולי s.p.a,IL,חלה רגילה 500גר,,500.00,,false,,6.26,0.0125,true,1,194736
7290003268795,false,לחמניה רגילה,דגנית עין בר,,לחמניה רגילה,,75.00,100 גרם,false,,1.90,0.0253,true,1,228642
7290003287123,false,צלעות מס 22 צרכני בעדני ברזיל,,,צלעות מס 2 צרכני קפו,קילוגרמים,1.00,"ק""ג",true,,39.90,39.9000,true,1,253217
7290003287253,false,נקנקיות מרגז בלאדי 500 ג',קרלו,IL,נקניקיות מרגז בלדי 5,,500.00,100 גרם,false,,29.90,0.0598,true,1,198605
7290003287260,false,נקניקיות צ'וריסוס ארוז קפוא בלדי 600 ג',,,נקניקיות צוריסוס הקצ,,600.00,100 גרם,false,,29.90,0.0498,true,1,198606
7290003287284,false,קבב ביתי קצביה ארוז 600 ג' - 8 יח',,,קבב ביתי ארוז 600גר,,600.00,100 גרם,false,,29.90,0.0498,true,1,198608
7290003287291,false,קבב טלה וצנובר קצביה ארוז 600 ג' - 8 יח',יוליניבר,IL,קבב טלה וצנובר 600גר,,600.00,,false,,29.90,0.0498,true,1,198609
7290003287307,false,קבב רומני קצביה ארוז 600 ג' - 8 יח',,,קבב רומני ארוז 600גר,,600.00,,false,,29.90,0.0498,true,1,198610
7290003287314,false,קבב על מקל קינמון קצביה ארוז 520 ג' - 8 יח',,,קבב על מקל קינמון אר,,520.00,100 גרם,false,,29.90,0.0575,true,1,198611
7290003287796,false,סינטה עגל,,,סינטה עגל,קילוגרמים,1.00,"ק""ג",true,,129.00,129.0000,true,1,247804
7290003318100,false,וופל בטעם שוקולד מנעמים 200 ג',מנעמים תעשיות מזון,IL,וופל טעם שוקו מנעמים,,200.00,,false,,4.90,0.0245,true,1,190468
7290003318131,false,ופל קלאסיק אגוז 200 גרם מנעמים,מנעמים תעשיות מזון,IL,וופל אגוז מנעמים 200,,200.00,,false,,4.90,0.0245,true,1,190469
7290003318599,false,וופל וניל 200 גרם מנעמים,מנעמים תעשיות מזון,IL,וופל וניל מנעמים 200,,200.00,100 גרם,false,,4.90,0.0245,true,1,190471
7290003321155,false,יוגורט בר עם פקאן מצופה שוקולד 183 ג' דנונה,"שטראוס בריאות בע""מ",IL,דנונה בר פקאן 183גר,,183.00,,false,,5.10,0.0279,true,1,195223
7290003321292,false,גבינה לבנה 9% שומן 250 ג' שטראוס,מיוצר עי קונדיטוריית,IL,קרם גבינה 9% סקי 250,,250.00,100 גרם,false,,5.20,0.0208,true,1,195224
7290003329502,false,צלי כתף מס'5 מוכשר ח,,,צלי כתף מס'5 מוכשר ח,קילוגרמים,1.00,"ק""ג",true,,69.90,69.9000,true,1,230841
7290003332007,false,קפה נחלה סובחי 250גר,סובחי נחלה ובניו,,קפה נחלה סובחי 250גר,,250.00,100 גרם,false,,15.90,0.0636,true,1,204912
7290003387205,false,דאו' ספיד סטיק בסיסי ירוק רגיל לגבר 63ג',הנסיך- מפעל לייצור ט,US,ספיד סטיק ירוק לגבר,,56.00,100 גרם,false,,19.90,0.3554,true,1,185398
7290003401376,false,"קרם לחות ועיצוב לשיער אלוורה נטורל 400 מ""ל",מיוצר עי אמיליה קוסמ,IL,נטורל קרם לשיער רגיל,,400.00,,false,,21.90,0.0547,true,1,180115
7290003401642,false,"נטורל קרם לחות לתלתול טבעי נטורל, 400 מ""ל",מיוצר עי אמיליה קוסמ,IL,נטורל פורמולה לחות ל,,400.00,,false,,23.90,0.0597,true,1,180118
7290003411948,false,צמר גפן הנמל 100 גרם,ספה,TR,צמר גפן הנמל 100גרם,,100.00,,false,,4.90,0.0490,true,1,191375
7290003414406,false,הרשי ריזס נטיפי אפייה בוטנים 283 גר',,,נטיפי אפייה מקרם בוט,,283.00,100 גרם,false,,14.90,0.0527,true,1,191391
7290003438006,false,ממרח אולביה פסטו וצנובר איטלקי 190ג',מיוצר עי קונדיטוריית,IL,פסטו איטלקי אוליביה,,180.00,100 גרם,false,,14.90,0.0828,true,1,192632
7290003438013,false,ממרח זיתים ירוקים 190 ג' אוליביה,קריות זול,IL,ממרח זיתים ירוקים 19,,190.00,100 גרם,false,,14.90,0.0784,true,1,192633
7290003438020,false,ממרח עגבניות מיובשות 190 ג' אוליביה,מיוצר עי קונדיטוריית,IL,ממרח עגבניות מיובשות,,190.00,,false,,14.90,0.0784,true,1,192634
7290003438853,false,אוליביה ממרח אריסה חריפה 185 גר ',אוליביה,IL,אריסה חריפה 185 גרם,,185.00,100 גרם,false,,14.90,0.0805,true,1,192647
7290003444009,false,ריזס חטיף שוקולד 42 גרם,הרשי,US,ריזס חטיף שוקולד במי,,42.00,100 גרם,false,,4.90,0.1167,true,1,220856
7290003450602,false,חרדל אמיתי צהוב בקבוק לחיץ 255 גר,היינץ צפון אמריקה -,US,חרדל אמיתי צהוב בקבו,,255.00,,false,,12.90,0.0506,true,1,179400
7290003475124,false,עננים צמר גפן 100 גר',קריות זול,GR,צמר גפן 100גר,,100.00,100 גרם,false,,7.90,0.0790,true,1,185403
7290003514007,false,שקדי מרק מאסטר שף 40,מנה Mana,IL,שקדי מרק מאסטר שף 40,,400.00,100 גרם,false,,8.90,0.0223,true,1,185404
7290003521074,false,"ד""ר פישר - סרקל מרכך שיער לילדים 1 ליטר",הדקלאים אגודת שיתופי,IL,סרקל מרכך שיער לילדי,,1000.00,,false,,29.90,0.0299,true,1,203658
7290003521081,false,"ד""ר פישר - סרקל שמפו לילדים 1 ליטר","ד""ר פישר Dr fischer",IL,סרקל שמפו לילדים 1לי,,1000.00,,false,,29.90,0.0299,true,1,203659
7290003521166,false,"ד""ר פישר - סרקל קרם רוזמרין לילדים 325 מ""ל",פישר מעבדות פרמצבטיו,IL,סרקל קרם רוזמרין 325,,325.00,100 גרם,false,,27.90,0.0858,true,1,203660
7290003521395,false,קמיל בלו אל סבון ורוד 2 ל',פישר מעבדות פרמצבטיו,IL,קמיל בלו סנסטיב אל ס,,2000.00,,false,,39.90,0.0199,true,1,193843
7290003521463,false,קמיל בלו שמפו שיער אל דמע 2 ליטר,פישר מעבדות פרמצבטיו,IL,קמיל בלו שמפו שיער א,,2000.00,,false,,39.90,0.0199,true,1,174913
7290003560165,false,כבד עגל פרוס קפוא,,,כבד עגל פרוס קפוא,קילוגרמים,1.00,"ק""ג",true,,19.90,19.9000,true,1,248077
7290003560202,false,רגליים עגל פרוס ארוז,,,רגליים עגל פרוס ארוז,קילוגרמים,1.00,"ק""ג",true,,39.90,39.9000,true,1,246912
7290003570164,false,מינוט בלדי שווארמה פרגית 300 ',"בלדי בע""מ",IL,שווארמה פרגית מינוט,,300.00,100 גרם,false,,29.90,0.0997,true,1,223993
7290003572465,false,מוח בקר לא מוכשר קפו,,,מוח בקר לא מוכשר קפו,קילוגרמים,1.00,"ק""ג",true,,119.00,119.0000,true,1,250686
7290003578061,false,לבבות דקל שלם ויליפוד 400ג',אלימנטוס אי קונסרבס,EC,לבבות דקל שלם 400 גר,,400.00,100 גרם,false,,12.90,0.0323,true,1,178426
7290003578108,false,אננס חתיכות ויליפוד 850 ג',טקרנג פינאפל אינדסטר,TH,אננס חתיכות ויליפוד,,850.00,,false,,9.90,0.0116,true,1,178429
7290003578177,false,תירס גמדי שלם ויליפוד 410 ג',מגסטיק פוד אידסטרי ק,TH,תירס גמדי ויליפוד 41,,410.00,,false,,8.90,0.0217,true,1,178432
7290003578313,false,דובדבנים חמוצים ללא חרצנים 680גר,דל מונטה היילס אס.אי,HU,דובדבנים חמוצים ללא,,680.00,,false,,10.90,0.0160,true,1,178436
7290003598311,false,מינוט סטייק חלק ריאה 300 ג',בלדי,IL,*מבצע* בלדי מינוט סט,,300.00,100 גרם,false,,29.90,0.0997,true,1,221757
7290003598472,false,מנות פילה סלמון נורבגי.,לאטי עזרא,IL,פילה סלמון מנות נורב,קילוגרמים,1.00,"ק""ג",true,,84.90,84.9000,true,1,221359
7290003643004,false,"אורז בסמטי קלאסי 1 ק""ג סוגת",האי נאם סי או אל.טי.,IL,אורז בסמטי סוגת 1קג,,1000.00,100 גרם,false,,14.90,0.0149,true,1,192129
7290003643134,false,סוגת סוכר וניל 10 יח,גוד פוד פרודקטס S.p,IL,סוכר וניל סוגת 10*10,,100.00,,false,,2.20,0.0220,true,1,192131
7290003643325,false,קוסקוס בינוני 350 גרם סוגת,קריות זול,IL,קוסקוס בינוני סוגת 3,,350.00,100 גרם,false,,6.90,0.0197,true,1,192139
7290003643387,false,"סוכר לבן בצנצנת 1 ק""ג סוגת",האי נאם סי או אל.טי.,IL,סוכר לבן בצנצנת סוגת,,1000.00,100 גרם,false,,9.90,0.0099,true,1,192142
7290003643646,false,"סוכר דמררה קלאסי בצנצנת סוגת 1 ק""ג",האי נאם סי או אל.טי.,IL,סוכר דמררה בצנצנת סו,,1000.00,100 גרם,false,,12.90,0.0129,true,1,192144
7290003643684,false,אפונה יבשה סוגת 500 גר',האי נאם סי או אל.טי.,IL,אפונה סוגת 500גר,,500.00,100 גרם,false,,6.90,0.0138,true,1,192145
7290003643707,false,גריסים 500 גרם סוגת,"סוגת תעשיות בע""מ",IL,גריסים סוגת 500גר,,500.00,100 גרם,false,,6.90,0.0138,true,1,192146
7290003643714,false,חומוס סוגת 500 גרם,האי נאם סי או אל.טי.,IL,חומוס סוגת 500גר,,500.00,100 גרם,false,,8.90,0.0178,true,1,192147
7290003643738,false,סוגת חיטה 500 גרם,האי נאם סי או אל.טי.,IL,חיטה סוגת 500 גר,,500.00,,false,,6.90,0.0138,true,1,192148
7290003643745,false,סוגת כוסמת 500 גרם,האי נאם סי או אל.טי.,IL,כוסמת סוגת 500גר,,500.00,,false,,8.90,0.0178,true,1,192149
7290003643752,false,עדשים ירוקים יבש סוגת 500 גר',האי נאם סי או אל.טי.,IL,עדשים ירוקים סוגת 50,,500.00,,false,,8.90,0.0178,true,1,192150
7290003643769,false,עדשים אדומים יבש סוגת 500 גר',"סוגת תעשיות בע""מ",IL,עדשים אדומים סוגת 50,,500.00,,false,,8.90,0.0178,true,1,192151
7290003643776,false,"פופקורן גרעינים סוגת 500 ג' כשל""פ",האי נאם סי או אל.טי.,IL,פופקורן סוגת 500 גר,,500.00,,false,,6.90,0.0138,true,1,192152
7290003643783,false,קוקוס סוגת 100 גרם,האי נאם סי או אל.טי.,IL,קוקוס סוגת 100 גר,,100.00,100 גרם,false,,4.90,0.0490,true,1,192153
7290003643806,false,שעועית לבנה יבשה סוגת 500 ג',האי נאם סי או אל.טי.,IL,שעועית לבנה סוגת 500,,500.00,,false,,10.90,0.0218,true,1,192155
7290003643820,false,חומוס ענק יבש סוגת 500 גרם,Unknown,,חומוס ענק סוגת 500גר,,500.00,100 גרם,false,,12.90,0.0258,true,1,192157
7290003681303,false,שעועית מעורבת יבשה מיה 500 גר',מיה,IL,שעועית מעורבת 500גר,,500.00,100 גרם,false,,8.90,0.0178,true,1,202148
7290003681334,false,קוקוס טחון 400 גרם ב,מיה,IL,קוקוס מיה 400גרם,,400.00,100 גרם,false,,11.90,0.0298,true,1,202149
7290003681532,false,דובדבנים מסוכרים 80 גר' מיה,מיה תעשיות מזון,IL,דובדבנים מסוכרים 80,,80.00,100 גרם,false,,7.90,0.0988,true,1,202153
7290003681693,false,חומוס לבן ענק יבש מיה 500 גר',מיה,IL,חומוס לבן ענק 500גר,,500.00,,false,,10.90,0.0218,true,1,202155
7290003726141,false,טופו משק גאיה 300גרם,ג'נרל מילס סאן אדריא,IL,טופו משק גאיה,,300.00,100 גרם,false,,12.90,0.0430,true,1,171595
7290003726615,false,טופו הבית משק ויילר,הדקלאים אגודת שיתופי,IL,טופו ויילר 300 גרם ש,,300.00,,false,,12.90,0.0430,true,1,227121
7290003796458,false,כתף מס' 4 חלק קפוא,,,כתף מס' 4 חלק קפוא,קילוגרמים,1.00,"ק""ג",true,,39.90,39.9000,true,1,248462
7290003796656,false,חזה בקר מס 3 מוכשר ק,,,חזה בקר מס 3 מוכשר ק,קילוגרמים,1.00,"ק""ג",true,,34.90,34.9000,true,1,246358
7290003796953,false,בשר מוכשר 3 חזה מוכש,,,בשר מוכשר 3 חזה מוכש,קילוגרמים,1.00,"ק""ג",true,,34.90,34.9000,true,1,246454
7290003804320,false,תיבולית שום ופטרוזיליה 72 ג' קנור,יוניליוור ישראל מזון,IL,תיבולית קנור שום פטר,,72.00,100 גרם,false,,10.90,0.1514,true,1,182497
7290003882922,false,עלי גפן ממולאים באורז ויליפוד 400ג',הזה פלאקספו פוד קו ב,CN,עלי גפן ממולא 400 גר,,400.00,100 גרם,false,,9.90,0.0248,true,1,178461
7290003903771,false,קפוצ'ינו פחית עלית 200ג',שטראס קפה בי.וי,IL,קפוצינו עלית 200גר,,200.00,100 גרם,false,,25.90,0.1295,true,1,207739
7290003956012,false,פטאקי 16% שומרון,מחלבת השומרון בעמ,IL,פטאקי 16% שומרון,קילוגרמים,1.00,"ק""ג",true,,39.00,39.0000,true,1,174100
7290003976270,false,"די תוש טאצ' 300 מ""ל",,,"די תוש 300 מ""ל טאצ'",,300.00,,false,,11.90,0.0397,true,1,244090
7290003976607,false,ג'ל אקונומיקה סמיכה לבנדר 4 ל' טאצ',,,אקונומיקה סמיכה טאצ',ליטרים,4000.00,ליטר,false,,10.90,0.0027,true,1,244834
7290003976614,false,גל אקונומיקה סמיכה פרחים טאצ' לבנדר 4 ל',,,אקונומיקה סמיכה טאצ',ליטרים,4000.00,ליטר,false,,10.90,0.0027,true,1,244835
7290003976768,false,"מרסס מסיר כתמים אוקסי פאואר 750 מ""ל טאצ'",,,טאצ' מרסס מסיר כתמים,,750.00,,false,,10.00,0.0133,true,1,244836
7290003976775,false,מסיר כתמים אוקסי פאואר לכביסה צבעונית טאצ 3 ליטר,,,טאצ' מסיר כתמים אוקס,ליטרים,3000.00,ליטר,false,,14.90,0.0050,true,1,244838
7290003976782,false,מסיר כתמים אוקסי פאואר לכביסה לבנה טאצ 3 ליטר,,,טאצ' מסיר כתמים אוקס,ליטרים,3000.00,ליטר,false,,14.90,0.0050,true,1,244837
7290003989096,false,סלט חציל פיקנטי אחלה,מיוצר עי קונדיטוריית,IL,חציל פיקנטי אחלה 500,,500.00,100 גרם,false,,16.90,0.0338,true,1,195230
7290003989539,false,לורנצו רביולי במילוי גבינה,מיוצר עי קונדיטוריית,IL,רביולי גבינה שטראוס,,400.00,100 גרם,false,,21.90,0.0547,true,1,195231
7290003989553,false,"פסטה טורטליני פטריות, 400 גרם",מיוצר עי קונדיטוריית,IL,טורטליני פטריות שטרא,,400.00,100 גרם,false,,21.90,0.0547,true,1,195232
7290004030100,false,מיץ תפוזים ולנסיה סחוט 1 ליטר100%,,,מיץ תפוזים סחוט ולנס,,1000.00,,false,,15.90,0.0159,true,1,253423
7290004030216,false,פריניב נקטר חמוציות 1ליטר,פריניב בעמ,IL,מיץ חמוציות 1 ליטר,,1000.00,,false,,12.90,0.0129,true,1,253426
7290004033705,false,הבורגריה – 6 לחמניות המבורגר בשקית,מאפית י את א ברמן בע,IL,לחמניות המבורגר ביג,,600.00,100 גרם,false,,14.90,0.0248,true,1,247880
7290004033712,false,לחם עננים מקמח מלא עם פרוסות עבות,מאפית י את א ברמן בע,IL,לחם עננים מקמח מלא 7,,750.00,100 גרם,false,,15.90,0.0212,true,1,247878
7290004033729,false,לחם עננים מקמח כוסמין עם פרוסות עבות,מאפית י את א ברמן בע,IL,לחם עננים כוסמין 750,,750.00,100 גרם,false,,15.90,0.0212,true,1,247879
7290004033736,false,"עננים לחם לבן בסגנון בריוש עם פרוסות עבות, 500 גרם",מאפית י את א ברמן בע,IL,לחם עננים סגנון בריו,,500.00,,false,,15.90,0.0318,true,1,249230
7290004061449,false,שף העוף שניצל אמרקאי 700 גר,,,שניצל אמרקאי 700גר,,700.00,100 גרם,false,,11.90,0.0170,true,1,171470
7290004061463,false,שניצל עוף אמיתי שומש,,,שניצל עוף אמיתי שומש,,700.00,100 גרם,false,,28.90,0.0413,true,1,171471
7290004061487,false,טבעות עוף 700 גר,,,טבעות עוף 700גר,,700.00,100 גרם,false,,15.90,0.0227,true,1,171473
7290004061494,false,נגיסי עוף 700 גר,,,נגיסי עוף 700גר,,700.00,100 גרם,false,,15.90,0.0227,true,1,171474
7290004063016,false,מלח שולחן מעולה דק 1,האי נאם סי או אל.טי.,IL,מלח שולחן 1קג,,1000.00,100 גרם,false,,1.90,0.0019,true,1,206236
7290004063115,false,"מלח מטבח עבה להמלחת בשר ובישול 1 ק""ג",האי נאם סי או אל.טי.,IL,מלח למליחות בשר וביש,,1000.00,100 גרם,false,,1.90,0.0019,true,1,206237
7290004064174,false,"תבלין מלח ההימלאיה דק בצנצנת 1 ק""ג",מלח הארץ,IL,מלח ההימלאיה דק בצנצ,,1000.00,100 גרם,false,,17.90,0.0179,true,1,221568
7290004064181,false,"תבלין מלח ההימלאיה גס בצנצנת 1 ק""ג",חברת מלח הארץ אילת ב,IL,מלח ההימלאיה גס בצנצ,,1000.00,100 גרם,false,,17.90,0.0179,true,1,221569
7290004064280,false,מלח מופחת נתרן צנצנת 600 גרם,חברת מלח הארץ אילת ב,IL,מלח מופחת נתרן צנצנת,,600.00,,false,,18.90,0.0315,true,1,244791
7290004068028,false,"ציזיקי יוגורט לשתיה גד 500 מ""ל",מיוצר על ידי קוד יצר,IL,גד צזיקי לשתיה בסגנו,,500.00,100 גרם,false,,9.90,0.0198,true,1,171597
7290004068035,false,"משקה יוגורט איירן גד 500 מ""ל","מיוצר ע""י קוד יצרן M",IL,אירן משקה יוגורט 500,,500.00,,false,,8.50,0.0170,true,1,171598
7290004078225,false,"שטיפת פה קולגייט פלקס מינט ירוק 500מ""ל",קולגייט- פלמוליב,PL,קולגייט מי פה פלקס ס,,500.00,,false,,19.90,0.0398,true,1,185440
7290004078270,false,נוזל כלים פלמוליב צילינדר לימון 1 ליטר,יבואן ומשווק: ש. שסט,GR,פלמוליב לכלים לימון,,1000.00,,false,,14.90,0.0149,true,1,185443
7290004078942,false,ליידי ספיד סטיק - דאודורנט ג'ל לאישה 65 גרם,קולגייט פלמוליב,BY,ליידי ספיד סטיק 24/7,,65.00,100 גרם,false,,19.90,0.3062,true,1,185452
7290004119133,false,כד יוגורט תנובה 6.5% שומן 1.5 ליטר,מיוצר עי קונדיטוריית,IL,יוגורט 7% תנובה 1.5,,1500.00,100 גרם,false,,18.90,0.0126,true,1,189033
7290004119225,false,יוגורט אננס 3% שומן 150 ג' יופלה,תנובה מרכז שיתופי לש,IL,יופלה אננס 3% 150גר,,150.00,,false,,5.20,0.0347,true,1,189034
7290004119928,false,מעדן וניל גביע 1.5% שומן 125 ג' קרלו,מחלבת אלון תבור,IL,קרלו וניל 1.5% 125גר,,125.00,,false,,3.10,0.0248,true,1,189041
7290004119973,false,מעדן שוקו 1.5% שומן 125 ג' קרלו,תנובה מרכז שיתופי לש,IL,קרלו שוקולדה 1.5% 12,,125.00,,false,,3.10,0.0248,true,1,189042
7290004120108,false,יופלה דיאט יוגורט דובדבן %0 גביע 150ג',תנובה מרכז שיתופי לש,IL,יופלה דיאט דובדבן 0%,,150.00,100 גרם,false,,5.20,0.0347,true,1,189045
7290004120634,false,גבינה בולגרית %5 250 ג' פיראוס,תנובה מרכז שיתופי לש,IL,פיראוס בולגרית 5% 25,,250.00,100 גרם,false,,24.90,0.0996,true,1,189063
7290004120832,false,חלב תנובה טרי 3% מהדרין כד 2 ל',תנובה מרכז שיתופי לש,IL,חלב 3% מהדרין תנובה,,2000.00,100 גרם,false,,12.46,0.0062,true,1,189066
7290004121488,false,יופלה דיאט אפרסק 0% גביע 150 ג',תנובה מרכז שיתופי לש,IL,יופלה דיאט אפרסק 0%,,150.00,,false,,5.20,0.0347,true,1,189079
7290004121754,false,יוגורט עוגת גבינה ותות 3% שומן 150 ג' יופלה,תנובה בעמ,IL,יופלה קרם גבינה ותות,,150.00,100 גרם,false,,5.20,0.0347,true,1,189090
7290004122119,false,פתיתי פרמזן לפסטה %23 100 ג' השף הלבן,פ.פ.ח. שאביט,IL,פתיתי פרמזן לפסטה 10,,100.00,,false,,13.90,0.1390,true,1,189099
7290004122195,false,"גבינת גוש חלב פרוס 28%, כשרות מהדרין, 200 ג'",קריות זול,IL,גבינה גוש חלב פרוס 2,,200.00,100 גרם,false,,14.90,0.0745,true,1,189100
7290004122270,false,גבינה צהובה פרוס בקופסא %28 200 ג' עמק,תנובה מרכז שיתופי לש,IL,גבינה צהובה עמק 28%,,200.00,,false,,17.50,0.0875,true,1,189101
7290004122348,false,עמק לייט 9% פרוס בקופסא,תנובה מרכז שיתופי לש,IL,גבינה צהובה מופחתת ש,,200.00,,false,,18.70,0.0935,true,1,189103
7290004122607,false,עמק לייט חריץ 9% תנו,תנובה מרכז שיתופי לש,,עמק לייט חריץ 9% תנו,קילוגרמים,1.00,"ק""ג",true,,76.00,76.0000,true,1,188454
7290004122676,false,גבינת חמד לייט 5% פיראוס 250 ג',"תנובה,מחלבת טנא נוגה",IL,פיראוס חמד 5% 250 גר,,250.00,100 גרם,false,,18.90,0.0756,true,1,189110
7290004124205,false,יוגורט דיאט תות %0 שומן 150 ג' יופלה,תנובה מרכז שיתופי לש,IL,יופלה דיאט תות 0% 15,,150.00,,false,,5.20,0.0347,true,1,189139
7290004124847,false,"קצפת צמחית השף הלבן 500 מ""ל תנובה",תנובה מרכז שיתופי לש,IL,קצפת צמחית 24% 500מל,,500.00,,false,,16.70,0.0334,true,1,189147
7290004125370,false,שמנת חמוצה מופחתת שומן 9%,תנובה מרכז שיתופי לש,IL,שמנת קלה 9% 200מל תנ,,200.00,100 גרם,false,,4.00,0.0200,true,1,189155
7290004125400,false,"שלי אשל 4.5% תנובה 200מ""ל מהדרין",פארייפאבה אגרואינדוס,IL,אשל 4.5% מהדרין תנוב,,200.00,,false,,1.69,0.0084,true,1,189156
7290004125417,false,"שלי גיל 3% תנובה 200מ""ל מהדרין",תנובה מרכז שיתופי לש,IL,גיל 3% מהדרין תנובה,,200.00,,false,,1.51,0.0076,true,1,189157
7290004125455,false,**תנובה שמנת אורגינל מהדרין 15% 200מל,תנובה מרכז שיתופי לש,IL,שמנת חמוצה 15% מהדרי,,200.00,,false,,2.40,0.0120,true,1,189158
7290004125462,false,"שמנת אורגינל 15% מהדרין 500 מ""ל",תנובה מרכז שיתופי לש,IL,שמנת חמוצה 15% מהדרי,,500.00,,false,,6.00,0.0120,true,1,189159
7290004125509,false,"שמנת 15% חצי מנה 100 מ""ל תנובה",תנובה מרכז שיתופי לש,IL,שמנת חצי מנה 15% תנו,,100.00,100 גרם,false,,2.10,0.0210,true,1,189161
7290004125578,false,משקה סויה מעושר בסידן תנובה 1ל',תנובה מרכז שיתופי לש,IL,משקה סויה מועשר בסיד,,1000.00,,false,,10.90,0.0109,true,1,189162
7290004125585,false,משקה סויה וניל תנובה E אלטרנטיב,תנובה מרכז שיתופי לש,IL,משקה סויה על הבוקר ת,,1000.00,100 גרם,false,,11.90,0.0119,true,1,189163
7290004125721,false,"שמנת לבישול 15% שומן 250 מ""ל תנובה",תנובה מרכז שיתופי לש,IL,שמנת לבישול 15% 250מ,,250.00,,false,,9.30,0.0372,true,1,189171
7290004125738,false,שמנת מתוקה עמידה להקצפה 32% השף הלבן,תנובה מרכז שיתופי לש,IL,שמנת להקצפה 32% 250מ,,250.00,,false,,7.20,0.0288,true,1,189172
7290004125776,false,גבינה צהובה 28% שומן 400 ג' עמק,קריות זול,IL,גבינה צהובה עמק 28%,,400.00,,false,,31.90,0.0797,true,1,189175
7290004126674,false,פרוסות גבינה חצי קשה 9% שומן 200 ג' עמק,תנובה מרכז שיתופי לש,IL,*מבצע* טל העמק לייט,,200.00,100 גרם,false,,17.90,0.0895,true,1,189193
7290004126872,false,משקאות חלב תנובה שוקו בקבוק 250מל,קריות זול,IL,שוקו תנובה בקבוק 250,,250.00,,false,,5.90,0.0236,true,1,189198
7290004127077,false,קוטג' 3% שומן 250 ג' תנובה,מיוצר עי קונדיטוריית,IL,גבינת קוטג׳ 3% תנובה,,250.00,,false,,5.90,0.0236,true,1,189199
7290004127329,false,קוטג' 5% תנובה 250ג' מהדרין,מיוצר עי קונדיטוריית,IL,גבינת קוטג׳ 5% תנובה,,250.00,,false,,5.90,0.0236,true,1,189201
7290004127336,false,קוטג' 9% תנובה 250 ג' הדרין,מיוצר עי קונדיטוריית,IL,גבינת קוטג׳ 9% תנובה,,250.00,,false,,5.90,0.0236,true,1,189202
7290004127800,false,גבינה לבנה 5% שומן 500 ג' תנובה,מיוצר עי קונדיטוריית,IL,גבינה לבנה 5% תנובה,,500.00,,false,,9.96,0.0199,true,1,189206
7290004127817,false,גבינה לבנה 9% שומן 500 ג' תנובה,מיוצר עי קונדיטוריית,IL,גבינה לבנה 9% תנובה,,500.00,,false,,10.40,0.0208,true,1,189207
7290004127862,false,**תנובה גבינה למריחה מהדרין 5% 750ג,תנובה מרכז שיתופי לש,IL,גבינה לבנה 5% תנובה,,750.00,,false,,14.94,0.0199,true,1,189208
7290004127916,false,גבינה לבנה 0.5% שומן 500 ג' תנובה,תנובה מרכז שיתופי לש,IL,גבינה לבנה 0.5% בדצ,,500.00,,false,,10.40,0.0208,true,1,189210
7290004128333,false,לאבנה על בסיס יוגורט %9 שומן 500 ג' פיראוס,קריות זול,IL,לאבנה גביע %9 500גר,,500.00,100 גרם,false,,20.90,0.0418,true,1,189223
7290004128340,false,קרם גבינת שמנת %5 בטעם טבעי 200 ג' תנובה,קריות זול,IL,גבינת שמנת בטעם טבעי,,200.00,,false,,12.00,0.0600,true,1,189224
7290004128364,false,קרם גבינת שמנת 5% עם זיתים ירוקים 200 ג' תנובה,"תנובה, מחלבת תל יוסף",IL,גבינת שמנת בטעם זיתי,,200.00,100 גרם,false,,12.00,0.0600,true,1,189225
7290004128432,false,פתיתים מיוחדים לפיצה על בסיס גבינה 500 ג',תנובה,IL,פתיתי גבינה מותכת הש,,500.00,100 גרם,false,,24.90,0.0498,true,1,189230
7290004129101,false,גבינת שמנת 25% בטעם טבעי 225 ג' נפוליאון,תנובה מרכז שיתופי לש,IL,גבינת נפוליאון בטעם,,225.00,100 גרם,false,,14.50,0.0644,true,1,189243
7290004129118,false,גבינת שמנת 24% עם זיתים ירוקים 225 ג' נפוליאון,תנובה מרכז שיתופי לש,IL,גבינת נפוליאון בטעם,,225.00,100 גרם,false,,14.50,0.0644,true,1,189244
7290004129156,false,גבינת שמנת25% עם שום שמיר 225 ג' נפוליאון,תנובה מרכז שיתופי לש,IL,גבינת נפוליאון שום ש,,225.00,100 גרם,false,,14.50,0.0644,true,1,189245
7290004129545,false,גבינה לבנה 3% שומן 250 ג' תנובה,מחלבת אלון תבור,IL,גבינה לבנה 3% תנובה,,250.00,100 גרם,false,,5.20,0.0208,true,1,189258
7290004129736,false,יוגורט במתיקות מעודנת 1.5% שומן 200 ג' יופלה,תנובה מרכז שיתופי לש,IL,יופלה קרם יוגרט מעוד,,200.00,100 גרם,false,,4.70,0.0235,true,1,189266
7290004130794,false,משקה סויה טבעי במתיקות מופחתת 1 ליטר,תנובה מרכז שיתופי לש,IL,משקה סויה מועשר 1 לי,,1000.00,,false,,11.90,0.0119,true,1,189280
7290004130916,false,יוגורט 3% פירות יער בשמנת 150 ג' יופלה,תנובה מרכז שיתופי לש,IL,יופלה בטעם פירות יער,,150.00,,false,,5.20,0.0347,true,1,189284
7290004131074,false,**חלב תנובה טרי מהדרין קרטון 3% 1ל,תנובה מרכז שיתופי לש,IL,חלב 3% מהדרין תנובה,,1000.00,100 גרם,false,,6.23,0.0062,true,1,189290
7290004131432,false,יוגורט ביו 3% שומן 200 ג' יופלה,מיוצר עי קונדיטוריית,IL,יופלה לבן 3% 200מל,,200.00,,false,,4.20,0.0210,true,1,189299
7290004131814,false,גבינה צפתית 5% מעודנת 200 ג' פיראוס,פארייפאבה אגרואינדוס,IL,פיראוס צפתית 5% מעוד,,200.00,100 גרם,false,,15.90,0.0795,true,1,189316
7290004131845,false,גבינת לאבנה 9% שומן 750 ג' פיראוס,תנובה מרכז שיתופי לש,IL,לאבנה גביע 9% 750גר,,750.00,,false,,24.50,0.0327,true,1,189317
7290004132552,false,משקה סויה לייט בטעם טבעי טרי 1 ליטר,תנובה מרכז שיתופי לש,IL,משקה סויה דיאט וניל,,1000.00,100 גרם,false,,11.90,0.0119,true,1,189329
7290004132712,false,חטיף אצבעות גבינת מוצרלה 20% 172 ג' עמק,תנובה מרכז שיתופי לש,IL,אצבעות גבינת מוצרלה,,172.00,100 גרם,false,,17.90,0.1041,true,1,189336
7290004133511,false,יופלה מאגדת לבן 1.5% מעודן 8 יח' * 150 ג',מחלבת אלון תבור,IL,יוגורט לבן מעודן מאר,,1200.00,,false,,21.90,0.0182,true,1,189358
7290004135225,false,מעדן תנובה דיאט שוקולדה 0% 150מל,תנובה מרכז שיתופי לש,IL,מעדן תנובה דיאט שוקו,,150.00,,false,,4.30,0.0287,true,1,189401
7290004136598,false,מארז הפסקת אוכל עם קורנפלקס ומשקה חלב עמיד בטעם וניל,פארייפאבה אגרואינדוס,IL,הפסקת אוכל חלב ודגני,,150.00,,false,,9.90,0.0660,true,1,189456
7290004136857,false,מעדן גלי בטעם פטל 12,תנובה מרכז שיתופי לש,IL,ג'לי תנובה פטל 125גר,,125.00,100 גרם,false,,2.60,0.0208,true,1,189460
7290004136864,false,ג'לי תנובה אננס עם חתיכות אננס 125מל,קריות זול,IL,ג'לי תנובה אננס עם ח,,125.00,100 גרם,false,,3.00,0.0240,true,1,189461
7290004136871,false,ג'לי תנובה אפרסק עם חתיכות אפרסק 125מל,תנובה מרכז שיתופי לש,IL,ג'לי תנובה אפרסק עם,,125.00,100 גרם,false,,3.00,0.0240,true,1,189462
7290004137021,false,"שמנת לבישול 10% עמיד השף הלבן 250 מ""ל",תנובה מרכז שיתופי לש,IL,שמנת לבישול 10% 250מ,,250.00,,false,,9.30,0.0372,true,1,189465
7290004137311,false,עמק לייט משפחתית 9% 400ג-ועדת מהדרין,תנובה,IL,גבינה צהובה עמק ליי,,400.00,,false,,31.90,0.0797,true,1,189480
7290004137809,false,לאבנה 5% שומן 250 ג' פיראוס,"תנובה, מחלבת אלון תב",IL,לאבנה 5% 250גר פיראו,,250.00,100 גרם,false,,13.50,0.0540,true,1,189494
7290004146986,false,"נקה 7 - שמפו צבוע כתום 750 מ""ל",אמיליה קוסמטיקס,IL,נקה 7 שמפו לשיער צבו,,750.00,,false,,12.90,0.0172,true,1,180138
7290004194536,false,חזה עוף טרי מחפוד ארוז,,,חזה עוף טרי מחפוד אר,קילוגרמים,1.00,"ק""ג",true,,35.90,35.9000,true,1,228987
7290004194543,false,כרעיים עוף טרי מחפוד ארוז,,,כרעיים עוף טרי מחפוד,קילוגרמים,1.00,"ק""ג",true,,31.90,31.9000,true,1,228988
7290004194550,false,כנפיים עוף טרי מחפוד ארוז,,,כנפיים עוף טרי מחפוד,קילוגרמים,1.00,"ק""ג",true,,13.90,13.9000,true,1,228989
7290004198589,false,סינטה בקר קפוא מוכשר,,,סינטה בקר קפוא מוכשר,קילוגרמים,1.00,"ק""ג",true,,69.90,69.9000,true,1,242285
7290004199203,false,קיסמ' שיניים מבמבוק מלחיה 300 יח',הדקלאים אגודת שיתופי,CN,קיסמי שיניים מבמבוק,,300.00,,false,,3.90,0.0130,true,1,193861
7290004200077,false,שקית פרסים 2,,,שקית פרסים 2,יחידה,0.00,יחידה,false,,7.90,0.0000,true,1,186412
7290004200930,false,זיקוקים זהב 2 זוגות,שמחה זה אנחנו,,זיקוק עבה 2 בשקית,יחידה,0.00,יחידה,false,,8.90,0.0000,true,1,186422
7290004200961,false,זיקוק דק 3X בשקית,Unknown,,זיקוק דק 3 שקיות,יחידה,0.00,יחידה,false,,4.90,0.0000,true,1,186424
7290004219079,false,לבבות דקל פרוסות ויליפוד400 גר',אלימנטוס אי קונסרבס,EC,לבבות דקל חתוך 400גר,,400.00,,false,,11.90,0.0298,true,1,178462
7290004219819,false,קומפלטה מלבין קפה הולנדי 200ג,פריזלנד פודס קיוויט,NL,מלבין קפה קומפלטה 20,,200.00,100 גרם,false,,12.90,0.0645,true,1,178465
7290004239893,false,דנוור סטייק,,,דנוור סטייק,קילוגרמים,1.00,"ק""ג",true,,99.00,99.0000,true,1,248346
7290004255305,false,נר נשמה שבועי בפלסטיק,,,נר נשמה בכוס פלסטיק,יחידה,0.00,יחידה,false,,9.90,0.0000,true,1,248345
7290004255428,false,נר נשמה 24 שעות - מנורה,מנורה,IL,נר נשמה מנורה פחית 2,יחידה,0.00,יחידה,false,,1.90,0.0000,true,1,243312
7290004267094,false,עוגיות שוקו ביס 180 גרם ברמן,,,שוקו ביס עוגיות 180,,180.00,100 גרם,false,,6.90,0.0383,true,1,253259
7290004267124,false,עוגיות במילוי תות שדה ברמן 200ג',קריות זול,,עוגיות ממולאות בטעמי,,200.00,,false,,6.90,0.0345,true,1,176827
7290004267216,false,עוגיות ברמן ריבה בשקית 200 גר',,,עוגיות ריבה ברמן 200,,200.00,100 גרם,false,,6.90,0.0345,true,1,215048
7290004267667,false,עוגיות ברמן שוקו צ'יפס 600 גר',,,עוגיות שוקו צ'יפס בר,,600.00,100 גרם,false,,15.90,0.0265,true,1,199310
7290004456108,false,פילה סלמון נורבגי קפ,,,פילה סלמון נורבגי קפ,קילוגרמים,1.00,"ק""ג",true,,79.90,79.9000,true,1,252602
7290004532048,false,גרעיני דלעת קלויים ומומלחים 200 גר',דין שיווק,,גרעין לבן 200גר,,200.00,100 גרם,false,,7.90,0.0395,true,1,211033
7290004532062,false,הטיב גרעיני אבטיח 200ג בשקית,דין שיווק,,גרעיני אבטיח 200גר,,200.00,100 גרם,false,,12.90,0.0645,true,1,211034
7290004532086,false,הטיב קשיו 200ג בשקית,g&g,,קשיו 200גר,,200.00,100 גרם,false,,16.90,0.0845,true,1,211036
7290004532093,false,הטיב בוטנים בקליפה 250ג בשקית,g&g,,בוטנים בקליפה 250גר,,250.00,100 גרם,false,,7.90,0.0316,true,1,211037
7290004532123,false,הטיב פיסטוק חלבי 200ג בשקית,g&g,,פיסטוק חלבי 200גר,,200.00,100 גרם,false,,19.90,0.0995,true,1,211040
7290004532130,false,הטיב בוטן אמריקאי 200ג בשקית,"גיי אנג גי פקאנס בע""",IL,בוטן אמריקאי 200גר,,200.00,100 גרם,false,,4.90,0.0245,true,1,211041
7290004532147,false,הטיב קבוקים 200ג בשקית,"גיי אנג גי פקאנס בע""",IL,קבוקים 200גר,,200.00,100 גרם,false,,4.90,0.0245,true,1,211042
7290004532161,false,אלמנדוס 200 גרם הטיב בשקית,יושלם,,חטיף מנצס 200גר,,200.00,,false,,8.90,0.0445,true,1,211043
7290004532574,false,הטיב גרעין שחור 200ג בשקית,"גיי אנג גי פקאנס בע""",IL,גרעין שחור 200גר,,200.00,,false,,5.90,0.0295,true,1,211068
7290004575007,false,טילון וניל וופך ושברי אגוז ריאו מארז 70X5ג',"גלידות ריאו ביח""ר לג",IL,טילונים ריאו חמישייה,יחידה,0.00,יחידה,false,,15.90,0.0000,true,1,198140
7290004575069,false,גלידה מיניס חטיפים וניל ציפוי שוקו' ופצפוצי נ.חיטה ריאו מארז 32יח',"גלידות ריאו ביח""ר לג",IL,חטיפי גלידה מיניס בט,,700.00,100 גרם,false,,34.90,0.0499,true,1,198141
7290004575229,false,גלידת סנקור ריאו מארז חמישייה,"גלידות ריאו ביח""ר לג",IL,גלידה סנקור 5יח,,500.00,100 גרם,false,,17.90,0.0358,true,1,198150
7290004575335,false,ארטיק מגיק מיני וניל ציפוי שוקו' ופצפוצי נ.חיטה ריאו מארז 45X8ג'באריזה,"גלידות ריאו ביח""ר לג",IL,שלגונים מיני מגי'ק 8,יחידה,0.00,יחידה,false,,16.90,0.0000,true,1,198155
7290004575373,false,שלגוני ריאו מצופים ש,"גלידות ריאו ביח""ר לג",IL,שלגונים מצופים 6יח,יחידה,0.00,יחידה,false,,14.90,0.0000,true,1,198159
7290004575397,false,גלידה בטעמי מוקה וניל פיסטוק 1.8 ל' ריאו,"גלידות ריאו ביח""ר לג",IL,גלידה טריו חלבי/ילדו,,1800.00,,false,,14.90,0.0083,true,1,198160
7290004575403,false,גלידת פרווה בטעמים 1.8 ל' ריאו,"גלידות ריאו ביח""ר לג",IL,גלידה טריו פרווה בטע,,1800.00,100 גרם,false,,14.90,0.0083,true,1,198161
7290004575632,false,קרמבו ריאו בטעם וניל 16יח',"גלידות ריאו ביח""ר לג",IL,קרמבו ריאו 16יח,יחידה,0.00,יחידה,false,,22.90,0.0000,true,1,198166
7290004584306,false,רבעיית גמדים בטעם תות בננה * 100 ג' שטראוס,מיוצר עי קונדיטוריית,IL,גמדים תות בננה 5% מא,,400.00,100 גרם,false,,12.30,0.0308,true,1,195249
7290004584351,false,גבינה במרקם שמנת 5% טבעי 200 ג' סימפוניה,"שטראוס בריאות בע""מ",IL,סימפוניה במרקם שמנת,,200.00,100 גרם,false,,11.90,0.0595,true,1,195250
7290004584528,false,דנונה ביו יוגורט טבעי 1.5% 200 ג',מיוצר עי קונדיטוריית,IL,דנונה ביו 1.5% 200גר,,200.00,100 גרם,false,,3.90,0.0195,true,1,195251
7290004585907,false,דני ועדן וניל 1.5% 125ג' שטראוס,מיוצר עי קונדיטוריית,IL,דני וניל 125 גר,,125.00,100 גרם,false,,2.70,0.0216,true,1,195255
7290004586171,false,תירוש אדום 650מל כרמ,,,תירוש אדום 650מל כרמ,,650.00,100 גרם,false,,13.90,0.0214,true,1,242258
7290004658960,false,אמרלד ריזלינג לבן חצי יבש,אגודת הכורמים הקואופ,IL,יין אמרלד ריזלינג לב,,750.00,,false,,39.90,0.0532,true,1,171227
7290004685010,false,לחם 100% שיפון פלוס לחם הארץ 500 גר',מאפית י את א ברמן בע,IL,לחם הארץ שיפון פלוס,,500.00,100 גרם,false,,16.90,0.0338,true,1,199319
7290004685089,false,לחם הארץ לחם חמניות 500 גר',מאפית י את א ברמן בע,IL,לחם הארץ חמניות 500ג,,500.00,100 גרם,false,,16.90,0.0338,true,1,199323
7290004685157,false,לחם שיפון 100% 750 גרם לחם הארץ,מאפית י את א ברמן בע,IL,לחם הארץ שיפון 100%,,750.00,100 גרם,false,,16.90,0.0225,true,1,199329
7290004685195,false,לחם 10 דגנים לחם הארץ 750 גרם,מאפית י את א ברמן בע,IL,לחם הארץ 10 דגנים 75,,750.00,100 גרם,false,,16.90,0.0225,true,1,199331
7290004685225,false,לחם פומפרניקל לחם הארץ 750 גרם,מאפית י את א ברמן בע,IL,לחם הארץ פומפרניקל 7,,750.00,100 גרם,false,,16.90,0.0225,true,1,199334
7290004685430,false,לחם כוסמין לחם הארץ,מאפית י את א ברמן בע,IL,לחם הארץ כוסמין 100%,,500.00,100 גרם,false,,16.90,0.0338,true,1,220054
7290004685447,false,לחמניות כוסמין 6 יחי' 450 גר',מאפית י את א ברמן בע,IL,לחמניות כוסמין 6יח ש,,450.00,100 גרם,false,,13.50,0.0300,true,1,235148
7290004685454,false,לחם שיבולת שועל 500 גר'.,מאפית י את א ברמן בע,IL,לחם הארץ שיבולת שועל,,500.00,100 גרם,false,,16.50,0.0330,true,1,244825
7290004731076,false,אל סבון אלוורה כיף 1 ל',טרופיקל דגיל תעשיות,IL,כיף אל סבון אלוורה 1,,1000.00,,false,,13.90,0.0139,true,1,231650
7290004731083,false,כיף - סבון ידיים ג'ינסנג 1 ליטר,טרופיקל דגיל תעשיות,IL,כיף אלסבון ג'נסנג 1ל,,1000.00,100 גרם,false,,13.90,0.0139,true,1,180143
7290004731090,false,אל סבון קמומיל כיף 1 ל',קוסמופארם,IL,כיף אלסבון קמומיל 1,,1000.00,,false,,13.90,0.0139,true,1,180144
7290004731472,false,"אל סבון צבעוני כיף שלישיה* 500 מ""ל",טרופיקל דגיל תעשיות,IL,כיף אל סבון שלישיה צ,,1500.00,,false,,21.90,0.0146,true,1,180158
7290004731519,false,"מרכך ומבשם מקסימה למייבש אולטרה פרש 750 מ""ל סנו",קריות זול,IL,סנו מקסימה למייבש סנ,,750.00,100 גרם,false,,19.90,0.0265,true,1,180161
7290004731557,false,"סנו מקסימה למייבש מאסק 750 מ""ל",סנו,IL,סנו מקסימה למייבש מא,,750.00,100 גרם,false,,19.90,0.0265,true,1,180163
7290004731564,false,"סנו - מקסימה מרסס למייבש כביסה פריחה כחולה 750 מ""ל",סנו,IL,סנו מקסימה למייבש בל,,750.00,100 גרם,false,,19.90,0.0265,true,1,221270
7290004731687,false,"סנו דואופרש וניל 300 מ""ל",קריות זול,IL,"דואופרש וניל 300 מ""ל",,300.00,,false,,13.90,0.0463,true,1,180169
7290004737900,false,וילי פוד חלב מרוכז ממותק397ג,יו.איי.בי מאריג'אמפו,LT,חלב מרוכז ממותק 397,,397.00,100 גרם,false,,11.90,0.0300,true,1,178473
7290004846237,false,צלי כתף מס' 5 לא מעו,,,צלי כתף מס' 5 לא מעו,קילוגרמים,1.00,"ק""ג",true,,54.90,54.9000,true,1,223322
7290004861025,false,בולגרית מעודנת 5%,מחלבת המושבה,IL,בולגרית 5% המושבה,קילוגרמים,1.00,"ק""ג",true,,52.00,52.0000,true,1,230670
7290004861063,false,גבינת קש 9% המושבה,מחלבת המושבה,IL,גבינת קש 9% המושבה,קילוגרמים,1.00,"ק""ג",true,,44.00,44.0000,true,1,222555
7290004861070,false,צפתית 24% קשה מושבה,,,צפתית 24% קשה מושבה,קילוגרמים,1.00,"ק""ג",true,,75.00,75.0000,true,1,230672
7290004861278,false,שמנת 30% טבעי המושבה,,,שמנת 30% טבעי המושבה,קילוגרמים,1.00,"ק""ג",true,,44.00,44.0000,true,1,197516
7290004861315,false,לאבנה 5% המושבה,מחלבת המושבה,IL,לאבנה 5% המושבה,קילוגרמים,1.00,"ק""ג",true,,39.90,39.9000,true,1,222552
7290004861360,false,צפתית 5% המושבה,,,צפתית 5% המושבה,קילוגרמים,1.00,"ק""ג",true,,49.00,49.0000,true,1,222557
7290004861520,false,קרם שמנת 5% המושבה,מחלבת המושבה,IL,קרם שמנת 5% המושבה,קילוגרמים,1.00,"ק""ג",true,,39.00,39.0000,true,1,197517
7290004944049,false,טחינה אסלי שמיר 400 ג',סלטי שמיר 2006 בעמ,IL,טחינה אסלי 400גר,,400.00,100 גרם,false,,13.90,0.0348,true,1,197647
7290004944056,false,חציל במיונז אסלי שמיר 400 ג',סלטי שמיר 2006 בעמ,IL,חציל במיונז אסלי 400,,400.00,100 גרם,false,,13.90,0.0348,true,1,197648
7290004944063,false,סלט תורכי אסלי שמיר 400 ג',סלטי שמיר 2006 בעמ,IL,תורכי אסלי 400גר,,400.00,,false,,13.90,0.0348,true,1,197649
7290004982355,false,צדר טריפל סיימן במשק,,,צדר טריפל סיימן במשק,קילוגרמים,1.00,"ק""ג",true,,129.00,129.0000,true,1,229892
7290005008184,false,"פלמוליב - תחליב רחצה נטורלס שקדים 500 מ""ל",הנסיך- מפעל לייצור ט,TR,פלמוליב תחליב רחצה ס,,500.00,,false,,16.90,0.0338,true,1,185458
7290005040641,false,"ערמונים טריים כ-1 ק""",,,"ערמונים טריים כ-1 ק""",,1000.00,100 גרם,false,,27.90,0.0279,true,1,235460
7290005068058,false,תירס קל מופחת קלוריות 550 ג' פרי הגליל,"פרי הגליל בע""""מ",IL,תירס קל מופחת קלוריו,,550.00,100 גרם,false,,8.90,0.0162,true,1,200616
7290005068492,false,לקט ירקות מעורבים 700 ג' פרי הגליל,"פרי הגליל בע""""מ",IL,לקט ירקות מעורבים 70,,700.00,100 גרם,false,,12.90,0.0184,true,1,200618
7290005068553,false,לקט ירקות בורגנדי 700 ג' פרי הגליל,"פרי הגליל בע""""מ",IL,לקט ירקות בורגנדי 70,,700.00,100 גרם,false,,12.90,0.0184,true,1,200619
7290005068621,false,ברוקולי קפוא פרי גליל 800ג',"פרי הגליל בע""""מ",IL,ברוקולי 800גר,,800.00,,false,,15.90,0.0199,true,1,200620
7290005111761,false,מזון לכלבים בשר בונז,קריות זול,FR,בונזו בשר 3קג,קילוגרמים,3.00,"ק""ג",false,,54.90,18.3000,true,1,179420
7290005113222,false,זיתים קוקטייל וגמבה יבנה 350ג',קדבורי,IL,זיתים מיקס יבנה 340,,340.00,100 גרם,false,,9.90,0.0291,true,1,210536
7290005174513,false,חציל אחלה במיונז 500 ג' אחלה+ 33% תוספת,מיוצר עי קונדיטוריית,IL,חציל במיונז אחלה 500,,500.00,100 גרם,false,,16.90,0.0338,true,1,195258
7290005174551,false,סלט חומוס עם צנוברים 125 ג' אחלה,מיוצר עי קונדיטוריית,IL,סלט חומוס אחלה 125גר,,125.00,,false,,5.30,0.0424,true,1,195259
7290005174568,false,חציל אחלה במיונז 125 גר',"שטראוס גרופ בע""מ",IL,חצילים במיונז יום יו,,125.00,,false,,5.30,0.0424,true,1,228660
7290005174575,false,טחינה אחלה יום יום משובחת 125ג',מיוצר עי קונדיטוריית,IL,סלט טחינה אחלה 125גר,,125.00,,false,,5.30,0.0424,true,1,195261
7290005175428,false,"קמח תירס לל""ג ריבארה 500 ג'",קריות זול,AR,קמח תירס ויליפוד 500,,500.00,100 גרם,false,,5.90,0.0118,true,1,178474
7290005175589,false,וילי פוד קמח תירס ללא גלוטן 1קג,קריות זול,AR,קמח תירס ויליפוד 1 ק,,1000.00,100 גרם,false,,9.90,0.0099,true,1,178475
7290005197758,false,עוגיות חיוכים שוקו שוקו 150ג',אפיפית נצרת תעשיות ב,IL,עוגיות חיוכים שוקו 1,,150.00,100 גרם,false,,5.50,0.0367,true,1,207758
7290005199288,false,גומי מאסט בטעם פטל לימון 28 ג' עלית,"שטראוס גרופ בע""מ",IL,מסטיק מאסט פטל לימון,,28.00,100 גרם,false,,5.00,0.1786,true,1,207763
7290005199578,false,"קפה פלאטינום עלית נטול 200ג' כש""לפ",קריות זול,IL,קפה נטול קפאין עלית,,200.00,100 גרם,false,,29.90,0.1495,true,1,207769
7290005199738,false,גומי מאסט בטעם פפרמינט ריח פה נעים פליפטופ 28 ג' עלית,"שטראוס גרופ בע""מ",IL,מסטיק מאסט פפרמינט ר,,28.00,100 גרם,false,,5.00,0.1786,true,1,207771
7290005200786,false,תפוצ'יפס שמנת ובצל 50 גרם,"שטראוס פריטו ליי בע""",IL,תפוצ'יפס בטעם שמנת ב,,50.00,,false,,4.10,0.0820,true,1,183931
7290005270000,false,עלי סיגר מרוקאי 500,חמים וטעים,IL,עלי סיגר 500גר,,500.00,,false,,16.90,0.0338,true,1,172375
7290005287206,false,טונה בשמן סטארקיסט 4*160 ג',"סטארקיסט פודור בע""מ",,טונה בשמן רביעייה סט,,640.00,,false,,24.90,0.0389,true,1,179429
7290005287251,false,טונה במים סטארקיסט 4*160 ג',"איטיליאן פוד, אס.פי.",,טונה במים רביעייה סט,,640.00,,false,,24.90,0.0389,true,1,179432
7290005287510,false,טונה בשמן עם בפלפל חריף 160 ג' סטארקיסט,תאי יוניון גרופ,TH,טונה סטארקיסט בשמן פ,,160.00,100 גרם,false,,7.80,0.0487,true,1,179436
7290005287527,false,טונה בשמן עם לימון 160 ג' סטארקיסט,תאי יוניון גרופ,TH,טונה סטארקיסט בשמן ל,,160.00,100 גרם,false,,7.80,0.0487,true,1,179437
7290005287534,false,טונה בשמן עישון טבעי 160 ג' סטארקיסט,תאי יוניון גרופ,TH,טונה סטארקיסט בשמן ע,,160.00,100 גרם,false,,7.80,0.0487,true,1,179438
7290005287657,false,סטארקיסט ממרח טונה 160 ג',סטארקיסט,IL,ממרח טונה סטארקיסט 1,,160.00,100 גרם,false,,7.50,0.0469,true,1,179446
7290005317125,false,ביסקוויט חצי מצופה 175 גר',אפיפית נצרת תעשיות ב,IL,ביסקוויט חצי מצופה 1,,175.00,,false,,5.90,0.0337,true,1,201753
7290005317194,false,בסקויט מתוק רגיל/שוקו 110 גר,אפיפית נצרת,IL,בסקוויט פתי בר מתוק,,110.00,,false,,3.50,0.0318,true,1,201754
7290005317200,false,קרקר טופז טעמים שונים 110 גר,אפיפית נצרת,IL,קרקר טופז מלח 110גר,,110.00,,false,,3.50,0.0318,true,1,201755
7290005326523,false,ממרח פסטו פטרוזיליה ונענע 180 ג' אוליביה,אוליביה,IL,ממרח פסטו פטרוזיליה,,185.00,100 גרם,false,,14.90,0.0805,true,1,192679
7290005384851,false,וילי פוד מיץ לימון בדץ 200מל,קריות זול,IT,מיץ לימון ויליפוד 20,,200.00,,false,,4.90,0.0245,true,1,224034
7290005384868,false,בסגנון דנאבלו ויליפו,,,בסגנון דנאבלו ויליפו,קילוגרמים,1.00,"ק""ג",true,,79.00,79.0000,true,1,178286
7290005384899,false,בסיגנון פטה ים תיכונ,יושלם,DK,פטינה ויליפוד,קילוגרמים,1.00,"ק""ג",true,,39.00,39.0000,true,1,178287
7290005387043,false,צלעות מס' 2 חלק קפוא,,,צלעות מס' 2 חלק קפוא,קילוגרמים,1.00,"ק""ג",true,,39.90,39.9000,true,1,250203
7290005423253,false,"סנו - מקסימה מרסס למייבש כביסה אולטרה פרש 750 מ""ל","סנו מפעלי ברונוס בע""",IL,סנו מקסימה למייבש או,,750.00,100 גרם,false,,19.90,0.0265,true,1,180185
7290005423567,false,מטליות לניקוי כללי בגליל 40 יח' סנו סושי,אסותא תעשיות אלבד בע,IL,סנו סושי בגליל 40יח,יחידה,0.00,יחידה,false,,21.90,0.0000,true,1,231663
7290005423635,false,ריצפז נוזל לניקוי רצפות דוחה חרקים 2 ל',מיוצר עי קונדיטוריית,IL,ריצפז פלוס דוחה חרקי,ליטרים,2.00,ליטר,false,,23.90,11.9500,true,1,180200
7290005423734,false,סנו - מקסימה מרכך כביסה אולטרה פרש 4 ליטר,"סנו מפעלי ברונוס בע""",IL,סנו מקסימה מרכך כביס,ליטרים,4.00,ליטר,false,,22.90,5.7250,true,1,180201
7290005423871,false,אורביטול שלשות משחת שיניים מנטול מרכז,טרופיקל דגיל תעשיות,IL,אורביטול משחת שיניים,,435.00,,false,,18.90,0.0434,true,1,180203
7290005423918,false,סנו - מקסימה מרכך כביסה היפואלרגני אלוורה 4 ליטר,"סנו מפעלי ברונוס בע""",IL,סנו מקסימה מרכך כביס,ליטרים,4.00,ליטר,false,,22.90,5.7250,true,1,180205
7290005424311,false,קוטל חרקים זוחלים ומ,מיוצר עי קונדיטוריית,IL,סנו K רב קוטל,יחידה,475.00,יחידה,false,,23.90,0.0503,true,1,180211
7290005424847,false,מפיות סנו סושי לבן לאירוח 150יח',מיוצר עי קונדיטוריית,TR,מפיות סנו סושי 150יח,יחידה,0.00,יחידה,false,,8.90,0.0000,true,1,180223
7290005424915,false,"סנומוד לבנדר פצ''ולי 150 מ""ל",סנו מפעלי בורונוס בע,IL,סנו מוד לבנדר פצ'ולי,,150.00,,false,,12.90,0.0860,true,1,180226
7290005425127,false,"חיטוי משטחים 99.9% מתז לשומנים ואבנית 750 מ""ל","סנו מפעלי ברונוס בע""",IL,מתז לחיטוי ולניקוי י,,750.00,,false,,16.90,0.0225,true,1,243434
7290005425646,false,סנו קליר ספריי אקדח לניקוי והברקת חלונות 1ל',"סנו מפעלי ברונוס בע""",IL,סנוקליר לניקוי חלונו,,1000.00,,false,,9.90,0.0099,true,1,180246
7290005425714,false,לשטיחים סנופלוס ספרי,"איי, בי, אינבוו",IL,סנו פלוס שמפו שטיחים,יחידה,600.00,יחידה,false,,25.90,0.0432,true,1,180250
7290005426575,false,"קרמה לחות לשיער יבש ללא שטיפה 400 מ""ל",טרופיקל דגיל תעשיות,IL,קרמה לחות לשיער יבש,,400.00,,false,,21.90,0.0547,true,1,180275
7290005426803,false,סנו מקסימה מרכך כביסה פצ''ולי סגול 4 ל',קריות זול,,סנו מקסימה מרכך כביס,ליטרים,4.00,ליטר,false,,22.90,5.7250,true,1,180284
7290005426971,false,סנובון כחול בריח תפוח 3 יח' * 55 ג',קריות זול,IL,סנובון כחול בריח תפו,,150.00,100 גרם,false,,16.90,0.1127,true,1,180292
7290005427107,false,סנו - סושי מגבות נייר הפלא 6 יחידות,מיוצר עי קונדיטוריית,IL,סנו סושי מגבות הפלא,,6.00,,false,,13.90,2.3167,true,1,180296
7290005427725,false,מגבונים ליטופים מארז חמישיה,טרופיקל דגיל,IL,מגבוני ליטופים מבושם,,5.00,,false,,21.90,4.3800,true,1,231685
7290005427787,false,"קרמה - קרם לחות לשיער מתולתל 400 מ""ל",טרופיקל דגיל תעשיות,IL,קרמה לחות לשיער מתול,,400.00,100 גרם,false,,21.90,0.0547,true,1,180337
7290005429279,false,"אבקת כביסה מקסימה אפקט 6 ק""ג סנו",סנו,IL,סנו מקסימה אבקת כביס,קילוגרמים,6.00,"ק""ג",false,,49.90,8.3167,true,1,180368
7290005429286,false,"אבקת כביסה מקסימה ביו 6 ק""ג סנו",סנו,IL,סנו מקסימה ביו אבקת,קילוגרמים,6.00,"ק""ג",false,,49.90,8.3167,true,1,180369
7290005430602,false,"סנו - אוקסיג'ן מרסס מסיר כתמים 750 מ""ל","סנו מפעלי ברונוס בע""",IL,סנו אוקסיגן מסיר כתמ,,750.00,,false,,17.90,0.0239,true,1,180374
7290005431159,false,תותים בקצפת לייט 80 ג' עדן,עדן קינוחים,IL,תותים בקצפת לייט 80,,80.00,100 גרם,false,,7.30,0.0912,true,1,249466
7290005431883,false,קינוח מלבי חלבי עדן,עדן קינוחים Eden,IL,מלבי חלבי 165 גרם,,165.00,100 גרם,false,,7.30,0.0442,true,1,242720
7290005431906,false,קינוח קדאיף עדן 82 ג,עדן קינוחים Eden,IL,קדאיף 82 גרם,,92.00,100 גרם,false,,7.30,0.0793,true,1,242721
7290005431913,false,עוגת גבינה פירורים 92 גרם.,עדן קינוחים Eden,IL,עוגת גבינה פירורים 9,,92.00,100 גרם,false,,7.30,0.0793,true,1,242722
7290005431920,false,עוגת גבינה פירורים ללא תוספת סוכר,עדן קינוחים Eden,IL,עוגת גבינה פירורים ל,,165.00,100 גרם,false,,7.30,0.0442,true,1,242723
7290005431937,false,קינוח טירמיסו עדן 82,עדן קינוחים Eden,IL,טירמיסו 82 גרם,,82.00,100 גרם,false,,7.30,0.0890,true,1,242724
7290005431968,false,מלבי שמנת עדן קינוחי,עדן קינוחים Eden,IL,מלבי שמנת 150 גרם,,150.00,100 גרם,false,,7.90,0.0527,true,1,244403
7290005437540,false,פיטריות חתוך טעמן 290 גר',,,פטריות חתוכות טעמן 2,,290.00,,false,,4.90,0.0169,true,1,194298
7290005437762,false,"פסטה ספירלה 500 ג' בד""ץ טעמן",מוטלו,TR,פסטה ספירלה טעמן 500,,500.00,,false,,4.90,0.0098,true,1,228552
7290005437861,false,קוקטייל פירות טרופי 900ג',פ.ת גרייט פנאפל,ID,קוקטייל פירות טרופיי,,825.00,100 גרם,false,,12.90,0.0156,true,1,228553
7290005437939,false,פסטה ספגטיני 500 גר' טעמן,,,פסטה ספגטיני מס'10 ט,,500.00,,false,,4.90,0.0098,true,1,228555
7290005509445,false,מיני קוקיס בטעם חמאה 600 גר',כרמית תעשיות ממתקים,IL,מיני קוקיס בטעם חמאה,,600.00,100 גרם,false,,16.90,0.0282,true,1,214159
7290005559587,false,מאפה נקניקיה בבצק מעדנות 800ג',מיוצר עי קונדיטוריית,IL,מאפה נקניקיות מעדנות,,800.00,100 גרם,false,,28.90,0.0361,true,1,188158
7290005559709,false,בורקס פיצה מעדנות 700 ג',"מעדנות בע""מ",IL,בורקס פיצה מעדנות 70,,700.00,100 גרם,false,,27.90,0.0399,true,1,188163
7290005559907,false,פיצה משפחתית גבינה 500 ג' מעדנות,מיוצר עי קונדיטוריית,IL,פיצה משפחתית גבינה מ,,500.00,100 גרם,false,,19.90,0.0398,true,1,188167
7290005559914,false,פיצה משפחתית זיתים 550 ג' מעדנות,מיוצר עי קונדיטוריית,IL,פיצה משפחתית זיתים מ,,550.00,100 גרם,false,,19.90,0.0362,true,1,188168
7290005559990,false,בצק פילאס תורכי מעדנות 600 גרם,מיוצר עי קונדיטוריית,IL,בצק פילאס תורכי מעדנ,,600.00,100 גרם,false,,21.90,0.0365,true,1,188176
7290005591761,false,דבש טהור מפרחי בר בלחיץ 400 ג' יד מרדכי,מכוורת יד מרדכי שטרא,IL,דבש טהור מפרחי בר בל,,400.00,100 גרם,false,,29.90,0.0747,true,1,207785
7290005610127,false,תפו`א גורמה לבן דוד,אראל תוצרת חקלאית בע,IL,"תפו""א גורמה דוד משה",קילוגרמים,1.00,"ק""ג",true,,5.90,5.9000,true,1,225226
7290005610509,false,צנוניות ארוזות דוד מ,חקלאי,IL,צנוניות יח,יחידה,0.00,יחידה,false,,4.90,0.0000,true,1,215052
7290005651366,false,מזון כלבים כבד בונזו,קריות זול,FR,בונזו כבד 3קג,קילוגרמים,3.00,"ק""ג",false,,55.90,18.6333,true,1,179459
7290005651427,false,מעדני בונזו מולטיפק שלישיה * 410 ג',קריות זול,FR,בונזו מולטי פק 3*400,,1200.00,,false,,22.90,0.0191,true,1,179460
7290005658464,false,עוגיות מקלות מרוקאיות 350ג',,,עוגיות מובחרות עד 35,,350.00,,false,,11.90,0.0340,true,1,201838
7290005689369,false,סינטה עגל,,,סינטה עגל,קילוגרמים,1.00,"ק""ג",true,,129.00,129.0000,true,1,251769
7290005838002,false,מעדן גבינה ויוגורט בטעם וניל 88 ג' דניאלה,"שטראוס בריאות בע""מ",IL,דניאלה מעדן בטעם וני,,150.00,,false,,4.10,0.0273,true,1,195268
7290005838613,false,שטראוס גבינת וניל 3% 125ג,"שטראוס בריאות בע""מ",IL,קרם גבינה 3% בטעם ונ,,125.00,100 גרם,false,,4.20,0.0336,true,1,195273
7290005838972,false,גבינת יום יום 5% שטראוס 125ג',מיוצר עי קונדיטוריית,IL,סקי גבינת לבנה 5% 12,,125.00,100 גרם,false,,3.60,0.0288,true,1,195274
7290005839078,false,"דנונה יוגורט ביו 3% לבן מארז 150X8מ""ל",מיוצר עי קונדיטוריית,IL,דנונה ביו מארז שמיני,,1200.00,100 גרם,false,,18.50,0.0154,true,1,195275
7290005839108,false,סימפוניה 5% עם זיתים 200 ג' שטראוס,"שטראוס בריאות בע""מ",IL,סימפוניה זיתים 5% 20,,200.00,100 גרם,false,,11.90,0.0595,true,1,195276
7290005839313,false,"מילקי טופ שוקולד מגולגל 170 מ""ל",מיוצר עי קונדיטוריית,IL,מילקי טופ מגולגלת 14,,142.00,,false,,5.10,0.0359,true,1,195277
7290005896620,false,מים מוגז ' סאן בנדטו ' יחידה,אקווה מינרלה סאן בנד,IT,סאן בנדטו מים מינרלי,,1500.00,,false,,3.90,0.0026,true,1,173010
7290005996221,false,פסטרמה של פעם דק דק 120 גר',פ.פ.ח. שאביט,IL,פסטרמה של פעם דק דק,,120.00,100 גרם,false,,13.90,0.1158,true,1,244344
7290005996238,false,פסטרמה בדבש דק דק 120 גר',פ.פ.ח. שאביט,IL,פסטרמה בדבש דק דק 12,,120.00,100 גרם,false,,13.90,0.1158,true,1,244342
7290005996276,false,פסטרמה ברבקיו דק דק 120 גר',פ.פ.ח. שאביט,IL,פסטרמה ברביקיו דק דק,,120.00,100 גרם,false,,13.90,0.1158,true,1,244345
7290006040619,false,"גבינת טבורוג 5% בד""צ",,,טבורוג כפיר5%,קילוגרמים,1.00,"ק""ג",true,,28.00,28.0000,true,1,174065
7290006040621,false,טבורוג כפיר5%,,,טבורוג כפיר5%,קילוגרמים,1.00,"ק""ג",true,,28.00,28.0000,true,1,250202
7290006040621,false,טבורוג כפיר5%,,,טבורוג כפיר5%,קילוגרמים,1.00,"ק""ג",true,,28.00,28.0000,true,1,250128
7290006041043,false,טבורוג עם צימוקים כפ,,,טבורוג עם צימוקים כפ,קילוגרמים,1.00,"ק""ג",true,,28.00,28.0000,true,1,174066
7290006131287,false,פילה בקלה (מרלוזה) א,,,פילה בקלה (מרלוזה) א,קילוגרמים,1.00,"ק""ג",true,,34.90,34.9000,true,1,216537
7290006131591,false,פילה ברבוניה בוואקום,,,פילה ברבוניה בוואקום,,400.00,,false,,24.90,0.0622,true,1,229809
7290006185501,false,"פנינה רוזנבלום -אל סבון נוזלי ורוד,1 ליטר",,,אל סבון ורוד פנינה ר,,1000.00,,false,,10.90,0.0109,true,1,233915
7290006185518,false,"פנינה רוזנבלום -אל סבון נוזלי כחול,1 ליטר",,,אל סבון כחול פנינה ר,,1000.00,,false,,10.90,0.0109,true,1,233916
7290006229427,false,"סאן בנדטו מים מהאלפים מארז 500X6מ""ל",קריות זול,,סאן בנדטו שישייה 6*5,,3000.00,,false,,14.90,0.0050,true,1,173021
7290006243577,false,"בורקס תפו""א שחף 800ג",,,"בורקס תפו""א שחף 800ג",,800.00,100 גרם,false,,14.90,0.0186,true,1,202622
7290006243713,false,בורקס גבינה שחף 800ג,,,בורקס גבינה שחף 800ג,,800.00,,false,,14.90,0.0186,true,1,202623
7290006243737,false,גחנון שחף 800גר,,,גחנון שחף 800גר,,800.00,100 גרם,false,,14.90,0.0186,true,1,202624
7290006251107,false,תה ויסוצקי צ'אי מסאלה 25 יח',מולינו ניקולי s.p.a,IL,תה מסאלה ויסוצקי 25י,,25.00,,false,,19.90,0.7960,true,1,190498
7290006251275,false,תה ויסוצקי ירוק סיני 25יח',קריות זול,IL,תה ירוק סיני 25יח,,37.50,100 גרם,false,,25.90,0.6907,true,1,190500
7290006251374,false,תה ירוק לימונית וגינגר 25 שקיקים ויסוצקי,קריות זול,IL,תה ירוק לימונית וגינ,,25.00,100 גרם,false,,25.90,1.0360,true,1,190504
7290006271174,false,ג'חנון לאפיה בתנור מעדנות 700 ג',מיוצר עי קונדיטוריית,IL,גחנון לאפיה בתנור מע,,700.00,100 גרם,false,,18.90,0.0270,true,1,188180
7290006271181,false,מעדנות גחנון אפוי 750 גרם,מיוצר עי קונדיטוריית,IL,גחנון אפוי מעדנות 75,,750.00,100 גרם,false,,25.90,0.0345,true,1,188181
7290006271648,false,"מיני בורקס תפו""א 800 ג' מעדנות","מעדנות בע""מ",IL,"מיני בורקס תפו""א מעד",,800.00,100 גרם,false,,24.90,0.0311,true,1,188196
7290006271655,false,מיני בורקס גבינה 800 ג' מעדנות,מיוצר עי קונדיטוריית,IL,מיני בורקס גבינה מעד,,800.00,100 גרם,false,,27.90,0.0349,true,1,188197
7290006272072,false,חטיפי פיצה בשקית מעדנות 650ג',"מעדנות בע""מ",IL,חטיפי פיצה מעדנות 65,,650.00,100 גרם,false,,29.90,0.0460,true,1,188209
7290006272430,false,בצק עלים חמאה מעדנות 600 ג',מיוצר עי קונדיטוריית,IL,בצק עלים חמאה מעדנות,,600.00,,false,,28.90,0.0482,true,1,188214
7290006342072,false,גרעין דלעת קלוי ששון,דין שיווק,IL,גרעין דלעת קלוי ששון,,200.00,,false,,7.90,0.0395,true,1,200122
7290006342447,false,גרעיני אבטיח ששון הק,דין שיווק,IL,גרעיני אבטיח 200גרם,,200.00,100 גרם,false,,12.90,0.0645,true,1,200124
7290006342553,false,קבוקים עם שומשום ששו,"דין שיווק וקליה בע""מ",,קבוקים 200גר,,200.00,100 גרם,false,,5.00,0.0250,true,1,200127
7290006374738,false,קונפיטורה תות 340 ג' יד מרדכי,אף.סי תבליני בגליל ב,IL,קונפיטורת תות יד מרד,,340.00,100 גרם,false,,15.50,0.0456,true,1,207806
7290006376091,false,סודה לשתייה קרטונית,,,סודה לשתיה פרימיום 5,,50.00,100 גרם,false,,2.10,0.0420,true,1,226335
7290006376688,false,עשיריית סוכר וניל,,,סוכר וניל 10*10גרם פ,,100.00,,false,,2.20,0.0220,true,1,226337
7290006376695,false,עשיריית אבקת אפיה 10,,,אבקת אפיה 10*10גר פר,,100.00,,false,,2.20,0.0220,true,1,226334
7290006376718,false,גלטין לעוגה פרימיום 24 יח,,,ג'לטין שקיות 24 גר,,24.00,100 גרם,false,,9.90,0.4125,true,1,198005
7290006464293,false,כבד בקר לצליה לא מוכ,,,כבד בקר לצליה לא מוכ,קילוגרמים,1.00,"ק""ג",true,,29.90,29.9000,true,1,197993
7290006492432,false,גבינת מוצרלה בייבי 18% 300 ג' גד,מחלבות גד בעמ,IL,בייבי מוצרלה מחלבות,,100.00,100 גרם,false,,15.70,0.1570,true,1,171634
7290006492685,false,לאבנה עיזים 5% 250 גרם - רובין,מחלבות גד בעמ,IL,לאבנה עזים 5% 250גר,,250.00,100 גרם,false,,17.90,0.0716,true,1,171639
7290006492852,false,גבינת עיזים למריחה 5% שומן 250 ג' גד,קריות זול,IL,גבינת עיזים 5 % למרי,,250.00,,false,,18.90,0.0756,true,1,171645
7290006492913,false,לאבנה ציזיקי למריחה 5% שומן 250 ג' גד,מחלבות גד בעמ,IL,לאבנה ציזיקי 5% 250,,250.00,,false,,13.90,0.0556,true,1,171648
7290006494917,false,מרמולייט ופל בטעם שוקולד 180 ג',"איטיליאן פוד, אס.פי.",IL,וופל מרמולייט ופל בט,,180.00,100 גרם,false,,10.90,0.0606,true,1,206660
7290006498052,false,דנונה ביו יוגורט טבעי מהדרין 3% 150 ג',שטראוס גרופ,,יוגורט טבעי מהדרין 3,,150.00,,false,,2.90,0.0193,true,1,195289
7290006511683,false,פולי סויה מאנצ`ו קפוא 454 ג' וילפוד,קו.אל.טי.די.קיאוניונ,CN,פולי סויה מאנצו קפוא,,454.00,,false,,9.90,0.0218,true,1,178493
7290006546371,false,במיה 600 ג' פרי הגליל,"פרי הגליל בע""""מ",IL,במיה 600גר,,600.00,100 גרם,false,,13.90,0.0232,true,1,200652
7290006546395,false,לקט העונה קפוא פרי הגליל 800ג',"פרי הגליל בע""""מ",IL,לקט העונה 800גר,,800.00,100 גרם,false,,12.90,0.0161,true,1,200654
7290006546982,false,לקט סיני 800 ג' פרי הגליל,"פרי הגליל בע""""מ",IL,לקט סיני 800גר,,800.00,100 גרם,false,,13.90,0.0174,true,1,200670
7290006567048,false,קוסקוס ישראלי מפתול אסם 350ג',"מיוצר ע""י קוד יצרן K",IL,אסם פתיתי קוסקוס ישר,,350.00,100 גרם,false,,8.60,0.0246,true,1,176875
7290006582355,false,סילאן דבש תמרים כשר,"דין שיווק וקליה בע""מ",IL,סילאן 900 גרם,,900.00,100 גרם,false,,11.90,0.0132,true,1,200135
7290006618085,false,"אסטוניש - מרסס לחדר האמבט עם אקונומיקה 750 מ""ל",אסטוניש Astonish,GB,אסטוניש מרסס לאמבט 7,,750.00,,false,,15.90,0.0212,true,1,183487
7290006618146,false,"הפי-מדליק פחמים 500 מ""ל",תות תעשיות מזון (201,NL,נוזל מדליק פחמים הפי,,500.00,,false,,14.90,0.0298,true,1,183489
7290006652027,false,במבה מארז 20 יח' *15ג' אסם,מיוצר עי קונדיטוריית,IL,במבה יום הולדת מארז,,300.00,,false,,19.90,0.0663,true,1,176891
7290006653765,false,פסטה פרפקטו פטוציני 500ג' אסם,קריות זול,IT,פסטה פרפקטו פטוציני,,500.00,100 גרם,false,,8.60,0.0172,true,1,176899
7290006653819,false,קוסקוס דק בשקית אסם,"מיוצר ע""י קוד יצרן K",IL,קוסקוס דק אסם 350 גר,,350.00,100 גרם,false,,8.60,0.0246,true,1,176900
7290006664037,false,גמדים דגנים ארוחת בוקר מארז 100X4ג',"שטראוס בריאות בע""מ",IL,גמדים תפוח בננה 5% מ,,400.00,100 גרם,false,,12.30,0.0308,true,1,195326
7290006664051,false,"אקטימל לבן מארז 100X14 מ""ל",מיוצר עי קונדיטוריית,IL,אקטימל טבעי 14*100מל,,1400.00,,false,,32.90,0.0235,true,1,195328
7290006664310,false,גבינה לבנה 3% שומן 250 ג' שטראוס,מיוצר עי קונדיטוריית,IL,קרם גבינה 3% סקי 250,,250.00,100 גרם,false,,5.20,0.0208,true,1,195335
7290006664402,false,גבינה 5% שומן 750 ג' שטראוס,מיוצר עי קונדיטוריית,IL,גבינה לבנה סקי 5% 75,,750.00,100 גרם,false,,14.94,0.0199,true,1,195338
7290006664532,false,יוגורט עם תות 3% שומן 150 ג' דנונה,מיוצר עי קונדיטוריית,IL,דנונה תות 1.5% 150 מ,,150.00,,false,,4.20,0.0280,true,1,195343
7290006664655,false,"אקטימל לבן טבעי מארז 100X8 מ""ל",מיוצר עי קונדיטוריית,IL,?אקטימל דנונה 100x8,,800.00,100 גרם,false,,21.90,0.0274,true,1,195347
7290006664693,false,יוגורט עם אפרסק 3% שומן 150 ג' דנונה,מיוצר עי קונדיטוריית,IL,דנונה אפרסק 1.5% 150,,150.00,100 גרם,false,,4.20,0.0280,true,1,195349
7290006664990,false,דנונה ביו מארז חיסכון 1.5% 8 יח' *150 ג',מיוצר עי קונדיטוריית,IL,דנונה ביו מארז שמיני,,1200.00,100 גרם,false,,18.50,0.0154,true,1,195360
7290006681553,false,שטראוס קרמבו ווניל 8יח,"גלידת שטראוס בע""מ",IL,קרמבו וניל שטראוס 8י,,8.00,,false,,15.90,1.9875,true,1,187386
7290006712981,false,"קולגייט משחת שיניים סמיילס לגילאי 6 50 מ""ל",הנסיך- מפעל לייצור ט,PL,קולגייט משחת שיניים,,50.00,,false,,13.90,0.2780,true,1,185490
7290006739247,false,פסטרמה איטלקית זוגלו,כצט,IL,פסטרמה איטלקית זוגלו,קילוגרמים,1.00,"ק""ג",true,,85.00,85.0000,true,1,211350
7290006739292,false,נקניק פסטרמה פרגיות ציפוי תירס,נקניק נהריה כשר זוגל,IL,פסטרמה תבור זוגלובק,,330.00,100 גרם,false,,33.90,0.1027,true,1,211474
7290006739407,false,שניצל תירס לייט 630 ג' זוגלובק,נקניק נהריה כשר זוגל,IL,שניצל תירס 98 קל 630,,630.00,,false,,29.90,0.0475,true,1,211479
7290006739414,false,סלמי קוניאק 300 ג' זוגלובק,נקניק נהריה כשר זוגל,IL,סלמי קוניאק 300 גרם,,300.00,,false,,33.90,0.1130,true,1,211480
7290006739421,false,סלמי מעושן איטלקי 300 ג' זוגלובק,נקניק נהריה כשר זוגל,IL,סלמי מעושן איטלקי 30,,300.00,,false,,33.90,0.1130,true,1,211481
7290006739445,false,שניצל תירס קלאסי 750 ג' זוגלובק,נקניק נהריה כשר זוגל,IL,שניצל תירס קלאסי זוג,,750.00,100 גרם,false,,29.90,0.0399,true,1,211483
7290006741363,false,"בורקס תפו""א זוגלובק בד""צ 800ג'",מאפיית אריאל וגידרון,IL,"בורקס תפו""א בדץ זוגל",,800.00,100 גרם,false,,21.90,0.0274,true,1,211516
7290006742162,false,המבורגר מזרחי זוגלובק 400 גר',נקניק נהריה כשר זוגל,IL,המבורגר מזרחי זוגלוב,,400.00,100 גרם,false,,24.90,0.0622,true,1,211533
7290006742179,false,קבב מזרחי זוגלובק 400 גר',נקניק נהריה כשר זוגל,IL,קבב מזרחי זוגלובק 40,,400.00,,false,,24.90,0.0622,true,1,211534
7290006742278,false,פסטרמה הודו צלויה על לבנים 330 ג' זוגלובק,נקניק נהריה כשר זוגל,IL,פסטרמה הודו בטעם צלי,,330.00,,false,,33.90,0.1027,true,1,211535
7290006742315,false,פסטרמה חזה הודו ברביקיו זוגלובק 330 ג',נקניק נהריה כשר זוגל,IL,פסטרמה הודו ברביקיו,,330.00,,false,,33.90,0.1027,true,1,211539
7290006764485,false,"בירה נשר מאלט שחורה מארז 330X6מ""ל",קריות זול,,נשר מאלט בקבוק שישיי,,1980.00,,false,,31.90,0.0161,true,1,173034
7290006765000,false,טורטיות חיטה מלאה 8יח 540 ג',אלקטי קוראבייכיסיגיד,TR,טורטיות מקמח חיטה מל,,540.00,,false,,10.00,0.0185,true,1,227450
7290006775016,false,עוגה מבית טוב 450 גרם תפוז,אחדות ביחר לטחינה חל,IL,עוגת תפוז 450גר,,450.00,,false,,10.90,0.0242,true,1,202701
7290006775023,false,"עוגה מבית טוב"" 450 גרם אנגלית",אחדות ביחר לטחינה חל,IL,עוגת אנגלית 450גר,,450.00,100 גרם,false,,10.90,0.0242,true,1,202702
7290006775030,false,"עוגה מבית טוב"" 450 גרם שוקו-ציפס",אחדות ביחר לטחינה חל,IL,עוגת שוקולד 450גר,,450.00,,false,,10.90,0.0242,true,1,202703
7290006775047,false,"עוגה מבית טוב"" 450 גרם שוקולד",אחדות ביחר לטחינה חל,IL,עוגת שוקולד 450גר,,450.00,100 גרם,false,,10.90,0.0242,true,1,202704
7290006775054,false,עוגת שיש אחווה 450 ג' אחוה,אחדות ביחר לטחינה חל,IL,עוגת שיש 450גר,,450.00,100 גרם,false,,10.90,0.0242,true,1,202705
7290006775085,false,עוגת שמרים במילוי שוקולד 400גר,אחדות ביחר לטחינה חל,IL,עוגת שמרים שוקולד 40,,400.00,,false,,12.90,0.0323,true,1,202707
7290006775191,false,מאפין ממולא בטעם שוקולד 50 גרם אחוה,אחדות ביחר לטחינה חל,IL,מאפין ממולא שוקולד 5,,50.00,,false,,2.90,0.0580,true,1,202708
7290006775337,false,עוגת שמרים פרג 400 ג אחוה,אחדות ביחר לטחינה חל,IL,עוגת שמרים פרג 400גר,,400.00,100 גרם,false,,12.90,0.0323,true,1,202710
7290006775344,false,עוגת שמרים קינמון ואגוזי מלך 400 גרם,אחדות ביחר לטחינה חל,IL,עוגת שמרים קינמון וא,,400.00,,false,,12.90,0.0323,true,1,202711
7290006775764,false,"עוגת שוקוצ'יפס לל""ס אחדות 400 גר'",אחדות ביחר לטחינה חל,IL,עוגת שוקוציפס ללא סו,,400.00,100 גרם,false,,12.90,0.0323,true,1,202717
7290006775894,false,אחדות עוגת שיש ללא תוספת סוכר 400 גרם,"אחדות ביח""ר לטחינה ח",IL,עוגה שיש ללא סוכר 40,,400.00,,false,,12.90,0.0323,true,1,202720
7290006775900,false,עוגיות מיני מרוקאיות אחווה 500 ג',,,עוגיות מיני מרוקאיות,,500.00,100 גרם,false,,11.90,0.0238,true,1,202721
7290006784360,false,חלונית לניקוי והברקה 1ל-סנט מוריץ,קומפלקס כימיקלים,IL,נוזל חלונות 1 ליטר ס,ליטרים,1.00,ליטר,false,,5.90,5.9000,true,1,217822
7290006788399,false,"קרליין דאודורנט רול און נושם טורקיז 75 מ""ל",אמיליה קוסמטיקס,IL,דאודורנט קרליין רול,,75.00,,false,,13.90,0.1853,true,1,231701
7290006788429,false,"קרליין - נושם סאן רייס דאודורנט רול און לאישה כתום 75 מ""ל",אמיליה קוסמטיקס בעמ,IL,קרליין רולאון נושם כ,,75.00,,false,,13.90,0.1853,true,1,180415
7290006788467,false,"קרליין - נושם אקטיב דאודורנט ספריי לאישה בורדו 200 מ""ל",מיוצר עי : אמיליה קו,IL,קרליין ספריי רקטיב נ,,200.00,,false,,13.90,0.0695,true,1,180418
7290006788481,false,"קרליין - נושם סאן רייס דאודורנט ספריי לאישה כתום 200 מ""ל",מיוצר עי : אמיליה קו,IL,קרליין ספריי רקטיב נ,,200.00,,false,,13.90,0.0695,true,1,180420
7290006788504,false,"קרליין - נושם אוקסיג'ן דאודורנט ספריי לאישה סגול 200 מ""ל",מיוצר עי : אמיליה קו,IL,קרליין ספריי רקטיב נ,,200.00,100 גרם,false,,13.90,0.0695,true,1,180422
7290006788559,false,"טיטניום ICE דאודורנט תרסיס ספריי 180 מ""ל",,,טיטניום ספריי בלו אי,,180.00,,false,,17.90,0.0994,true,1,180423
7290006789631,false,"קרליין קרם לחות לשיער רגיל 400 מ""ל",אמיליה קוסמטיקס,IL,קרם לחות לשיער רגיל,,400.00,,false,,17.90,0.0447,true,1,231706
7290006805850,false,תערובת להכנת פנקייקס 500ג' פילסברי,הדקלאים אגודת שיתופי,IL,פילסברי פנקייק תערוב,,500.00,100 גרם,false,,19.50,0.0390,true,1,191877
7290006873620,false,מיץ ענבים אדום טבעי,,,מיץ ענבים אדום טבעי,,1000.00,100 גרם,false,,12.90,0.0129,true,1,211618
7290006873958,false,יין קרניאן אדום יבש,,,יין קרניאן אדום יבש,,1000.00,100 גרם,false,,22.90,0.0229,true,1,211621
7290006920355,false,גליל בסגנון מוצרלה כ,,,גליל בסגנון מוצרלה כ,קילוגרמים,1.00,"ק""ג",true,,79.00,79.0000,true,1,244812
7290006920553,false,כפיר הצהובה הטובה 5%,,,כפיר הצהובה הטובה 5%,,400.00,100 גרם,false,,19.90,0.0497,true,1,220776
7290006920836,false,"תחליפי גבינ""צ מעושן פרוס 350 גר'",,,מעושן פרוס 350 גרם,,350.00,100 גרם,false,,15.90,0.0454,true,1,227899
7290006920843,false,"תחליפי גבינ""צ מוצרלה פרוס 350 גר'",,,מוצרלה פרוס 350 גרם,,350.00,100 גרם,false,,19.90,0.0569,true,1,227900
7290006920997,false,כדורי מוצרלה 18% כפי,,,כדורי מוצרלה 18% כפי,קילוגרמים,1.00,"ק""ג",true,,79.00,79.0000,true,1,174069
7290006960023,false,כרוב כבוש מאמא מרי,,,כרוב כבוש מאמא מרי,יחידה,0.00,יחידה,false,,19.90,0.0000,true,1,197301
7290006960429,false,"מאמא מרי כרוב בולגרי 1 ק""ג",,,כרוב כבוש בולגרי מאמ,יחידה,0.00,יחידה,false,,19.90,0.0000,true,1,228747
7290006983152,false,קרוטונים מתובלים למרק 400 ג' אסם,עינת תעשיות מזון,IL,אסם קרוטונים מתובלים,,400.00,100 גרם,false,,22.80,0.0570,true,1,176927
7290006983176,false,אוסם - לחמית שיפון 250 גרם,"אסם השקעות בע""מ",IL,לחמית שיפון אסם 250ג,,250.00,100 גרם,false,,10.90,0.0436,true,1,176928
7290006983763,false,עוגת הבית שוקולד 400 גרם אסם.,מיוצר עי קונדיטוריית,IL,עוגת הבית שוקולד אסם,,400.00,100 גרם,false,,14.90,0.0373,true,1,176938
7290006983770,false,עוגת הבית שיש 400 ג' אסם,מיוצר עי קונדיטוריית,IL,עוגת הבית שיש אסם 40,,400.00,100 גרם,false,,14.90,0.0373,true,1,176939
7290006983787,false,עוגת הבית שוקוציפס 400 גרם אסם,מיוצר עי קונדיטוריית,IL,עוגת הבית שוקוציפס א,,400.00,100 גרם,false,,14.90,0.0373,true,1,176940
7290006983794,false,עוגת הבית תפוז 400 ג' אסם,מיוצר עי קונדיטוריית,IL,עוגת הבית תפוז אסם 4,,400.00,100 גרם,false,,14.90,0.0373,true,1,176941
7290006992161,false,מטרנה - דייסת קורנפלור פרוביוטי 200 גרם,מולינו ניקולי s.p.a,IL,דייסת קורנפלור מטרנה,,200.00,100 גרם,false,,15.90,0.0795,true,1,176950
7290006992185,false,"מטרנה - דייסת אורז פרוביוטי כשל""פ 200 גרם",מולינו ניקולי s.p.a,IL,דייסת אורז מטרנה 200,,200.00,100 גרם,false,,15.90,0.0795,true,1,176952
7290006992192,false,מטרנה - דייסת סולת 200 גרם,קריות זול,IL,דייסת סולת מטרנה 220,,200.00,100 גרם,false,,15.90,0.0795,true,1,176953
7290006992208,false,מטרנה - דייסת דגנים מעורבים 200 גרם,מטרנה תעשיות ש.מ,IL,דייסת דגנים מעורבים,,200.00,100 גרם,false,,15.90,0.0795,true,1,176954
7290006992390,false,"מטרנה - דייסת וניל פרוביוטי כשל""פ 200 גרם",מולינו ניקולי s.p.a,IL,דייסת וניל מטרנה 200,,200.00,100 גרם,false,,15.90,0.0795,true,1,176957
7290008000826,false,משחת שיניים ילדיים בארביי 50 גרם,כצט נוביס,IL,ברבי משחת שיניים ליל,,50.00,,false,,10.90,0.2180,true,1,198950
7290008104050,false,"פמינה - שטיפה אינטימית קלאסית 220 מ""ל",כצט נוביס סעמ,IL,פימינה נוזל שטיפה אי,,200.00,,false,,22.90,0.1145,true,1,198955
7290008154222,false,שניצלונים עוף טוב 700 גרם,מולינו ניקולי s.p.a,IL,שניצלונים עוף טוב 70,,700.00,100 גרם,false,,18.90,0.0270,true,1,176964
7290008175210,false,גבינת פרמזן מגורדת 90ג' ויליפוד,זנטי אס.איי.,IT,פרמזנו מגורדת ויליפו,,90.00,,false,,15.90,0.1767,true,1,178504
7290008175760,false,מנצגו כבשים ויליפוד,אלפסטור,ES,מנצגו כבשים ויליפוד,קילוגרמים,1.00,"ק""ג",true,,99.00,99.0000,true,1,178297
7290008175777,false,גבינת איברקו חלב ישר,יושלם,ES,איבריקו ויליפוד,קילוגרמים,1.00,"ק""ג",true,,99.00,99.0000,true,1,178298
7290008190909,false,מיני קוקיס שוקולד ציפס 600גר,כרמית תעשיות ממתקים,IL,מיני קוקיס שוקולד צי,,600.00,,false,,16.90,0.0282,true,1,214165
7290008194266,false,מארזים מתוקים א.אטיא,ממתקי השלום,IL,חטיפים מעורבים 350 ג,,350.00,,false,,13.50,0.0386,true,1,173884
7290008286244,false,רגל פרוס קפוא,,,רגל פרוס קפוא,קילוגרמים,1.00,"ק""ג",true,,39.90,39.9000,true,1,246203
7290008329033,false,צלחת 7 לבן אר 50 דנט,,,צלחת 7 לבן אר 50 דנט,,50.00,,false,,8.90,0.1780,true,1,196973
7290008329224,false,מרקיה צבעוני 20יח דנ,,,מרקיה צבעוני 20יח דנ,יחידה,0.00,יחידה,false,,8.90,0.0000,true,1,196979
7290008329231,false,קסרול צבעוני 20 יח ד,,,קסרול צבעוני 20 יח ד,יחידה,0.00,יחידה,false,,6.90,0.0000,true,1,196980
7290008329255,false,מזלגות אר 100 דנטס,,,מזלגות אר 100 דנטס,יחידה,0.00,יחידה,false,,8.90,0.0000,true,1,196982
7290008329279,false,לפתנית לבן 25 יחי דנטס,,,ליפתנית לבן 25 יח' ד,יחידה,0.00,יחידה,false,,4.90,0.0000,true,1,196984
7290008329309,false,מזלגות פרמיום שקוף/קרם/לבן/זהב דנטס אר 50 יח,,,מזלגות פרימיום שקוף/,יחידה,0.00,יחידה,false,,9.90,0.0000,true,1,196987
7290008329316,false,כפות פרימיום שקוף/קרם/לבן/זהב דנטס 50 יח,,,כפות פרימיום שקוף/קר,יחידה,0.00,יחידה,false,,9.90,0.0000,true,1,196988
7290008329347,false,צלחת צבעונית ענקית 2,,,צלחת 10 צבעוני 20 יח,יחידה,0.00,יחידה,false,,14.90,0.0000,true,1,196991
7290008329354,false,צלחות 9 ציבעוני 25 יח,,,צלחת (9) ציבעוני 20י,יחידה,0.00,יחידה,false,,11.90,0.0000,true,1,196992
7290008329378,false,קסרול לבן אר' 25 יח',,,קסרול לבן אר' 25 יח',,25.00,,false,,7.90,0.3160,true,1,196993
7290008329415,false,צלחת 8 לבן אר 50 דנט,,,צלחת 8 לבן אר 50 דנט,,50.00,,false,,11.90,0.2380,true,1,196996
7290008403832,false,רוטרדם מיושנת סיימן,הנרי ויליך,NL,רוטרדם מיושנת סיימן,קילוגרמים,1.00,"ק""ג",true,,159.00,159.0000,true,1,253291
7290008409049,false,מיני שניצלונים ושומשום מאמא עוף 500 ג',תנובה גליל שותפות מו,IL,שניצלונים מיני מיני,,500.00,,false,,28.90,0.0578,true,1,188249
7290008409100,false,אצבעות שניצל ציפוי שומשום 700 ג' מאמא עוף,תנובה גליל שותפות מו,IL,אצבעות שניצל שומשום,,700.00,,false,,37.90,0.0541,true,1,188255
7290008409124,false,מאמא עוף קפוא שניצל ג'ונגל פריך 700 גרם,תנובה גליל שותפות מו,IL,שניצל גונגל פריך מאמ,,700.00,,false,,37.90,0.0541,true,1,188257
7290008409216,false,מאמא עוף קפוא שניצל דק פריך 700 גרם,תנובה גליל,IL,שניצל דק פריך מאמא ע,,700.00,100 גרם,false,,44.90,0.0641,true,1,188262
7290008409315,false,מיני מיני דק שניצלונים בציפוי פריך מאמא עוף 500 ג',תנובה גליל,IL,שניצלונים מיני מיני,,500.00,100 גרם,false,,28.90,0.0578,true,1,188270
7290008409407,false,שניצל דק ציפס מאמא עוף 700 ג',תנובה גליל שותפות מו,IL,שניצל דק בציפוי ציפס,,700.00,100 גרם,false,,44.90,0.0641,true,1,188275
7290008409551,false,שניצל עוף אמיתי בציפוי מעודן 700 ג' מאמא עוף,תנובה גליל שותפות מו,IL,שניצל עוף אמיתי מעוד,,700.00,100 גרם,false,,44.90,0.0641,true,1,188283
7290008409568,false,שניצל ציפס אמיתי מאמא עוף 700 ג',תנובה גליל שותפות מו,IL,שניצל ציפס אמיתי מאמ,,700.00,,false,,44.90,0.0641,true,1,188284
7290008409582,false,שניצל אמיתי בציפוי ביתי מאמא עוף 700 ג',תנובה גליל שותפות מו,IL,שניצל אמיתי ביתי מאמ,,700.00,,false,,44.90,0.0641,true,1,188286
7290008409605,false,כוכבי עוף מאמא עוף 700 גר',תנובה גליל שותפות מו,IL,כוכבי עוף בציפוי מעו,,700.00,100 גרם,false,,37.90,0.0541,true,1,188288
7290008443616,false,"מרכך לשיער יבש אדום 750 מ""ל נקה 7",אמיליה קוסמטיקס בעמ,IL,נקה 7 מרכך לשיער יבש,,750.00,,false,,12.90,0.0172,true,1,180484
7290008443630,false,"נקה 7 - שמפו מתולתל סגול 750 מ""ל",טרופיקל דגיל תעשיות,IL,נקה 7 שמפו לשיער מתו,,750.00,100 גרם,false,,12.90,0.0172,true,1,180486
7290008464130,false,"בירה גולדסטאר לא מסונן 330X6מ""ל",טמפו,IL,גולדסטאר לא מסונן 33,,1980.00,100 גרם,false,,35.90,0.0181,true,1,173045
7290008464475,false,"בירה מכבי פחית 500 מ""ל","טמפו משקאות בע""מ",IL,בירה מכבי פחית 500 מ,,500.00,100 גרם,false,,8.50,0.0170,true,1,173057
7290008464604,false,"בירה היינקן פחית 500מ""ל",טמפו משקאות בע''מ,NL,בירה היינקן הולנד פח,,500.00,,false,,9.90,0.0198,true,1,173063
7290008464734,false,"בירה גולדסטאר SLOW BREW מארז 330X6מ""ל",טמפו משקאות בע''מ,IL,בירה גולדסטאר SLOW B,,1980.00,,false,,37.90,0.0191,true,1,173068
7290008464741,false,"בירה גולדסטאר בק' מארז 330X6מ""ל",קריות זול,IL,בירה גולדסטאר בקבוק,,1980.00,100 גרם,false,,35.90,0.0181,true,1,173069
7290008464796,false,"בירה היינקין ח""פ בקבוק 330X6מ""ל",קריות זול,IL,בירה היינקן בקבוק 6*,,1980.00,,false,,35.90,0.0181,true,1,173073
7290008469128,false,סטייק עין קפוא,,,סטייק עין קפוא,קילוגרמים,1.00,"ק""ג",true,,59.90,59.9000,true,1,247357
7290008469715,false,חזה בקר מס 3 חלק קפו,,,חזה בקר מס 3 חלק קפו,קילוגרמים,1.00,"ק""ג",true,,34.90,34.9000,true,1,246455
7290008469760,false,שריר הזרוע מס 8 חלק,,,שריר הזרוע מס 8 חלק,קילוגרמים,1.00,"ק""ג",true,,29.90,29.9000,true,1,244204
7290008469890,false,פילה אמנון 5-7 ארוז,,,פילה אמנון 5-7 ארוז,קילוגרמים,1.00,"ק""ג",true,,29.90,29.9000,true,1,235543
7290008590129,false,שעועית ירוקה שלמה שף,משק ויילר,BE,שעועית ירוקה שלמה שף,,800.00,,false,,9.90,0.0124,true,1,251394
7290008590136,false,שעועית צהובה חתוכה ק,משק ויילר,BE,שעועית צהובה חתוכה ק,,800.00,100 גרם,false,,9.90,0.0124,true,1,250022
7290008590150,false,אפונת גינה קטנה שף ה,משק ויילר,BE,אפונת גינה קטנה שף ה,,800.00,100 גרם,false,,9.90,0.0124,true,1,249635
7290008590167,false,אפונה וגזר שף הטבע,משק ויילר,BE,אפונה וגזר 800 גרם ש,,800.00,100 גרם,false,,9.90,0.0124,true,1,250023
7290008590198,false,שעועית ירוקה חתוכה ש,משק ויילר,BE,שעועית ירוקה חתוכה 8,,800.00,100 גרם,false,,9.90,0.0124,true,1,250021
7290008614498,false,צלעות מס'2 קפוא,,,צלעות מס'2 קפוא,קילוגרמים,1.00,"ק""ג",true,,39.90,39.9000,true,1,226549
7290008614528,false,צלי כתף מס 5 חלק מהד,,,צלי כתף מס 5 חלק מהד,קילוגרמים,1.00,"ק""ג",true,,69.90,69.9000,true,1,247304
7290008614559,false,שריר הזרוע מס 8 חלק,,,שריר הזרוע מס 8 חלק,קילוגרמים,1.00,"ק""ג",true,,29.90,29.9000,true,1,244202
7290008614726,false,לשון בקר חלק קפוא,,,לשון בקר חלק קפוא,קילוגרמים,1.00,"ק""ג",true,,39.90,39.9000,true,1,244890
7290008618229,false,חזה בקר מס'3 חלק קפו,,,חזה בקר מס'3 חלק קפו,קילוגרמים,1.00,"ק""ג",true,,34.90,34.9000,true,1,250229
7290008636919,false,קקאו הולנדי שקית 250גרם מיה,מיה תעשיות מזון,IL,קקאו הולנדי 200 גר,,200.00,100 גרם,false,,8.90,0.0445,true,1,223012
7290008636926,false,קקאו הולנדי 500גרם מיה,מיה תעשיות מזון,IL,קקאו הולנדי 500 גרם,,500.00,100 גרם,false,,15.90,0.0318,true,1,193931
7290008644112,false,סלט מטבוחה יום יום אחלה 125 ג',"שטראוס גרופ בע""מ",IL,סלט מטבוחה אחלה 125ג,,125.00,,false,,5.30,0.0424,true,1,195384
7290008644235,false,עלי בייבי טעם הטבע 1,שטראוס בריאות ירקות,IL,עלי בייבי 120 גר שטר,,120.00,,false,,11.50,0.0958,true,1,195385
7290008644945,false,סלט המושבה שטופים שט,שטראוס בריאות ירקות,IL,סלט המושבה שטראוס,,450.00,,false,,12.90,0.0287,true,1,195393
7290008690713,false,פריגת אושן ספריי חמוציות 1ל',מבשלות בירה בינלאומי,IL,אושן ספריי חמוציות 1,,1000.00,100 גרם,false,,13.50,0.0135,true,1,209434
7290008693134,false,מעדן גבינה ויוגורט בטעם תות 5% שומן 88 ג' דניאלה,"שטראוס בריאות בע""מ",IL,דניאלה מעדן בטעם תות,,150.00,100 גרם,false,,4.10,0.0273,true,1,195405
7290008736022,false,צלעות מס' 2 קפוא חלק,,,צלעות מס' 2 קפוא חלק,קילוגרמים,1.00,"ק""ג",true,,39.90,39.9000,true,1,252090
7290008736053,false,חזה בקר מס'3 חלק קפו,,,חזה בקר מס'3 חלק קפו,קילוגרמים,1.00,"ק""ג",true,,34.90,34.9000,true,1,249571
7290008736244,false,סינטה בקר קפוא,,,סינטה בקר קפוא,קילוגרמים,1.00,"ק""ג",true,,69.90,69.9000,true,1,250062
7290008736312,false,לשון בקר קפוא,,,לשון בקר קפוא,קילוגרמים,1.00,"ק""ג",true,,39.90,39.9000,true,1,249006
7290008745239,false,תפוצ'יפס אקסטרא טבעי 50 ג',"שטראוס פריטו ליי בע""",IL,תפוציפס אקסטרא טבעי,,50.00,100 גרם,false,,4.10,0.0820,true,1,183934
7290008747547,false,תפוצ'יפס אקסטרא 200גר טבעי,"שטראוס פריטו ליי בע""",IL,תפוציפס אקסטרא טבעי,,200.00,100 גרם,false,,12.30,0.0615,true,1,183936
7290008750264,false,גומי מאסט בטעם דובדבן 28 ג' עלית,"שטראוס גרופ בע""מ",IL,מסטיק מאסט דובדבן 28,,28.00,100 גרם,false,,5.00,0.1786,true,1,207874
7290008752244,false,תפוצ'יפס אקסטרא גריל 50 גרם,"שטראוס פריטו ליי בע""",IL,תפוציפס אקסטרא גריל,,50.00,100 גרם,false,,4.10,0.0820,true,1,183939
7290008752435,false,צ'יטוס קראנצי גבינה עלית 30 ג',קריות זול,,ציטוס קראנצי גבינה 3,,30.00,100 גרם,false,,2.10,0.0700,true,1,183940
7290008753111,false,תפוציפס קראנץ מקסיקנ,"שטראוס פריטו ליי בע""",IL,תפוציפס מקסיקני 50גר,,50.00,100 גרם,false,,4.10,0.0820,true,1,183942
7290008754040,false,ממרח פרה שוקולד 850 גר - מגדים,STRAUSS-ISRAEL,IL,ממרח בטעם שוקולד מגד,,850.00,100 גרם,false,,18.90,0.0222,true,1,207891
7290008754415,false,גומי מאסט בטעם ספירמינט עדין פליפטופ 28 ג' עלית,"שטראוס גרופ בע""מ",IL,מסטיק מאסט מנטה עדין,,28.00,,false,,5.00,0.1786,true,1,207893
7290008754422,false,גומי מאסט בטעם פפרמינט קלאסי פליפטופ 28 ג' עלית,"שטראוס גרופ בע""מ",IL,מסטיק מאסט פפרמינט ק,,28.00,100 גרם,false,,5.00,0.1786,true,1,207894
7290008757980,false,נקטר ספרינג רימונים קרטונית 1 ל',"יפאורה תבורי בע""מ",IL,ספרינג רימונים 1 ליט,,1000.00,,false,,7.90,0.0079,true,1,181646
7290008775816,false,ערגליות שוקו חדש12*300גרם 2020,מיוצר עי קונדיטוריית,IL,ערגליות שוקו אסם 300,,300.00,100 גרם,false,,11.90,0.0397,true,1,177004
7290008775823,false,ערגליות תות חדש12*300גרם 2020,מיוצר עי קונדיטוריית,IL,ערגליות תות אסם 300ג,,300.00,100 גרם,false,,11.90,0.0397,true,1,177005
7290008792264,false,מפיות טישיו טאצ' 100יח',"שניב תעשיות נייר בע""",,טאצ מפיות 100,,100.00,,false,,4.90,0.0490,true,1,201861
7290008801157,false,מרלו סלקטד כרמל מזרחי 750 מל,קריות זול,IL,יין מרלו כרמל SELECT,,750.00,,false,,28.90,0.0385,true,1,171231
7290008801461,false,יין הנצחון לקידוש,יקבי כרמל Carmel Winery,,יין הניצחון 750מל,,750.00,,false,,19.90,0.0265,true,1,171236
7290008801478,false,יין טופז זהב אדום מת,קריות זול,,יין טופז זהב 750מל,,750.00,,false,,19.90,0.0265,true,1,171237
7290008801539,false,כרמל קינג דיוויד מתוק כרמל 750 מל,אגודת הכורמים הקואופ,IL,יין קינג דיוויד מתוק,,750.00,100 גרם,false,,19.90,0.0265,true,1,171239
7290008801546,false,"יין מוסקט קינג דויד 750 מ""ל",אגודת הכורמים הקואופ,IL,יין קינג דיוויד מוסק,,750.00,,false,,19.90,0.0265,true,1,171240
7290008801843,false,"יין סלקטד קברנה סובניון 750מ""ל","כד בני דרום בע""מ",IL,?יין קברנה סובניון כ,,750.00,,false,,28.90,0.0385,true,1,171242
7290008801850,false,"יין סלקטד אמרלד ריזלינג 750מ""ל",אגודת הכורמים הקואופ,IL,יין אמרלד ריזינג כרמ,,750.00,100 גרם,false,,28.90,0.0385,true,1,171243
7290008802291,false,"יין מרלו פרייוט קולקשן 750 מ""ל",אגודת הכורמים הקואופ,IL,יין מרלו כרמל .P.C,,750.00,,false,,39.90,0.0532,true,1,171244
7290008802512,false,"יין וינו אדום יבש 750 מ""ל","כד בני דרום בע""מ",IL,יין וינו אדום יבש 75,,750.00,,false,,19.90,0.0265,true,1,171245
7290008802895,false,יין קברנה סוביניון פרייוט קולקשן,אגודת הכורמים הקאופו,IL,יין קברנה סוביניון פ,,750.00,,false,,39.90,0.0532,true,1,171247
7290008807029,false,יין טבע אמרלד רזלינג,אליעז בנימינה,IL,יין טבע אמרלד רזלינג,,750.00,,false,,24.90,0.0332,true,1,199963
7290008807050,false,יין טבע קברנה סוביני,אליעז בנימינה,IL,יין טבע קברנה סוביני,,750.00,,false,,24.90,0.0332,true,1,199965
7290008807067,false,יין טבע מרלו בינימינ,אליעז בנימינה,IL,"יין טבע מרלו 750 מ""ל",,750.00,,false,,24.90,0.0332,true,1,230492
7290008807777,false,יין בנימינה טבע שירא,אליעז בנימינה,IL,"יין טבע שיראז 750 מ""",יחידה,0.00,יחידה,false,,24.90,0.0000,true,1,199984
7290008835954,false,"פילה אמנון 5-7 וואקום בד""ץ.",בלאדי,IL,פילה אמנון 5-7 וואקו,קילוגרמים,1.00,"ק""ג",true,,29.90,29.9000,true,1,244418
7290008836494,false,יקבי אפרת תירוש טבעי אדום 1 ליטר,יקב טפרברג 1870 בעמ,IL,תירוש טבעי אדום 1 לי,,1000.00,,false,,17.90,0.0179,true,1,172695
7290008849470,false,ממרחפלפל צומה 185 ג' אוליביה,אוליביה גורמה בעמ,IL,פלפל צומה חריף אוליב,,185.00,,false,,14.90,0.0805,true,1,192716
7290008849661,false,אוליביה ממרח עגבניות מיובשות פיקנטי 180 גרם,טרופיקל דגיל תעשיות,IL,ממרח עגבניות מיובשות,,140.00,100 גרם,false,,12.90,0.0921,true,1,224585
7290008849739,false,"רוטב סויה קלאסי אוליביה 290 מ""ל",קריות זול,IL,רוטב סויה קלאסי אולי,,290.00,,false,,13.90,0.0479,true,1,192726
7290008849777,false,רוטב צילי מתוק אוליביה 350 ג',קריות זול,IL,רוטב צילי מתוק 350 מ,,290.00,,false,,13.90,0.0479,true,1,192730
7290008849845,false,ממרח אוליביה אריסה פיקנטי 180 ג',"אוליביה גרומה בע""מ",IL,אריסה פיקנטית אוליבי,,140.00,100 גרם,false,,12.90,0.0921,true,1,224588
7290008863001,false,עוגת גינגי בציפוי פי,קונדיטוריה וולפסון,,עוגה ג'ינגי בציפוי פ,,450.00,100 גרם,false,,38.90,0.0864,true,1,222729
7290008863063,false,עוגיות עם ריבת חלב(א,קונדיטוריה וולפסון,,עוגיות עם ריבת חלב(א,,600.00,100 גרם,false,,42.90,0.0715,true,1,222731
7290008863070,false,אקלרים 350 גר,קונדיטוריה וולפסון,,אקלרים 350גר,,350.00,100 גרם,false,,26.90,0.0769,true,1,222735
7290008863087,false,נשיקות 130 גר,קונדיטוריה וולפסון,,נשיקות 130גר,,130.00,100 גרם,false,,19.90,0.1531,true,1,222736
7290008863100,false,עוגת פראג 600 גר,קונדיטוריה וולפסון,,עוגת פראג 600גר,,600.00,100 גרם,false,,54.90,0.0915,true,1,222732
7290008863117,false,עוגת אריסטוקרט 380גר,קונדיטוריה וולפסון,,עוגת אריסטוקרט 380גר,,380.00,100 גרם,false,,38.90,0.1024,true,1,222733
7290008863179,false,עוגת אריסטוקרט 600גר,קונדיטוריה וולפסון,,עוגת אריסטוקרט 600גר,,600.00,100 גרם,false,,59.90,0.0998,true,1,222734
7290008975551,false,מטרנה מהדרין חסכון שלב 3 700 גרם,מולינו ניקולי s.p.a,IL,מטרנה מהדרין שלב 3 7,,700.00,100 גרם,false,,59.90,0.0856,true,1,177024
7290008975780,false,מזון לכלבים מגזע קטן,קריות זול,FR,בונזו גזע קטן 3קג,קילוגרמים,3.00,"ק""ג",false,,55.90,18.6333,true,1,179489
7290010023141,false,תה לימונענע הגן הקסום 25 שיקיקים,קריות זול,IL,תה לימונענע הגן הקסו,,50.00,100 גרם,false,,19.90,0.3980,true,1,190526
7290010051021,false,בזיליקום,,,בזיליקום,יחידה,0.00,יחידה,false,,5.90,0.0000,true,1,204465
7290010051045,false,סלט ביבי מיקס בנספק,חקלאי,IL,סלט ביבי מיקס בנספק,יחידה,0.00,יחידה,false,,8.90,0.0000,true,1,204467
7290010051052,false,פטרוזליה,,,פטרוזליה,יחידה,0.00,יחידה,false,,3.90,0.0000,true,1,204468
7290010051076,false,לבבות חסה ארוז,,,לבבות חסה,יחידה,0.00,יחידה,false,,9.90,0.0000,true,1,204470
7290010051113,false,קורנית (טימין),,,קורנית (טימין),יחידה,0.00,יחידה,false,,5.90,0.0000,true,1,204472
7290010051144,false,תרד עלים 180גר,,,תרד עלים 180גר,,180.00,,false,,8.90,0.0494,true,1,204475
7290010051168,false,כוסברה ארוז,חקלאי,IL,כוסברה,יחידה,0.00,יחידה,false,,3.90,0.0000,true,1,204477
7290010051175,false,כוסברה/שמיר ארוז,חקלאי,IL,כוסברה/שמיר ארוז,,1000.00,,false,,4.00,0.0040,true,1,204479
7290010051182,false,נענע ארוזה,חקלאי,IL,נענע ארוזה,יחידה,0.00,יחידה,false,,3.90,0.0000,true,1,204480
7290010051199,false,שורש פטרוזיליה,,,שורש פטרוזיליה,יחידה,0.00,יחידה,false,,4.90,0.0000,true,1,204481
7290010051205,false,סלרי אמריקאי.,,,סלרי אמריקאי.,,200.00,100 גרם,false,,5.90,0.0295,true,1,204482
7290010051212,false,סלרי ראש,,,סלרי ראש,יחידה,0.00,יחידה,false,,5.90,0.0000,true,1,204483
7290010051250,false,אורגנו,,,אורגנו,יחידה,0.00,יחידה,false,,5.90,0.0000,true,1,204487
7290010051267,false,פרסה לוף שלם,חקלאי,IL,פרסה לוף שלם,יחידה,0.00,יחידה,false,,6.90,0.0000,true,1,204488
7290010051281,false,עלי רוקולה/רוקט,ביכורי שדה דרום,IL,עלי רוקולה,יחידה,0.00,יחידה,false,,4.90,0.0000,true,1,204489
7290010051298,false,סלק עלים ארוז,,,סלק עלים ארוז,יחידה,0.00,יחידה,false,,6.90,0.0000,true,1,204490
7290010051311,false,סלרי חתוך,,,סלרי חתוך,,110.00,,false,,5.90,0.0536,true,1,204491
7290010051335,false,בצל ירוק,,,בצל ירוק,,110.00,100 גרם,false,,5.90,0.0536,true,1,204492
7290010051403,false,סלרי אמריקאי ארוז,,,שיבה,יחידה,0.00,יחידה,false,,4.90,0.0000,true,1,204493
7290010065295,false,פרינוק - מחית תפוחי עץ ובננה 130 גרם,פרינוק,CZ,"פרינוק מחית תפו""ע+בנ",,130.00,100 גרם,false,,4.90,0.0377,true,1,185095
7290010065318,false,פרינוק - ג'וניור תפוחי עץ 190 גרם,פרינוק,CZ,פרינוק מחית גוניור ת,,190.00,,false,,6.50,0.0342,true,1,192745
7290010065332,false,פרינוק - ג'וניור פתוחי עץ ובננה 190 גרם,פרינוק,CZ,פרינוק מחית גוניור ת,,190.00,100 גרם,false,,6.50,0.0342,true,1,192747
7290010065349,false,פרינוק גרבר גוניור סלט פירות 190 גר',כלורוקס אוקלנד,CZ,פרינוק מחית גוניור ס,,190.00,100 גרם,false,,6.50,0.0342,true,1,192748
7290010065721,false,פרינוק - מחית לפתן פירות 130 גרם,fruta,CZ,פרינוק מחית לפתן פיר,,130.00,100 גרם,false,,4.90,0.0377,true,1,185099
7290010066513,false,נתחי טונה בשמן צמחי רביעיה *158ג' פילטונה,,,נתחי טונה בשמן פילטו,,632.00,,false,,22.90,0.0362,true,1,203780
7290010066575,false,נתחי טונה במים רביעיה *158ג' פילטונה,,,נתחי טונה במים פילטו,,632.00,,false,,22.90,0.0362,true,1,203783
7290010066582,false,נתחי טונה בשמן קנולה רביעיה * 158 ג' פילטונה,,,נתחי טונה בשמן קנולה,,632.00,,false,,22.90,0.0362,true,1,203784
7290010066599,false,נתחי טונה בשמן זית 4*158ג' פילטונה,תעשיות פילטונה,IL,נתחי טונה בשמן זית פ,,632.00,,false,,29.90,0.0473,true,1,203785
7290010066957,false,נתחי טונה קטנה בשמן צמחי 960ג' פרינס,,,טונה פרינס בשמן 960ג,,960.00,,false,,29.90,0.0311,true,1,203787
7290010116980,false,אבקת שוקולית שקית עלית 850 ג',הנסיך- מפעל לייצור ט,IL,שוקולית עלית 850גר,,820.00,100 גרם,false,,17.90,0.0218,true,1,207918
7290010117864,false,דוריטוס בטעם חריף אש,שטראוס פריטו ליי בע,IL,דוריטוס חריף אש 70גר,,70.00,100 גרם,false,,4.40,0.0629,true,1,183951
7290010117970,false,סבבה בוטנים קלויים מצופים - אריזה אישית,"שטראוס פריטו ליי בע""",IL,בוטנים טבעי 50 גרם,,50.00,100 גרם,false,,3.40,0.0680,true,1,227158
7290010118328,false,מארז תפוצ'יפס בטעם טבעי,שטראוס,IL,תפוציפס טעם טבעי מאר,,240.00,100 גרם,false,,15.20,0.0633,true,1,183956
7290010124213,false,סינטה בקר דק דק אל מטאדור 250 ג',בלאדי,IL,סינטה בקר דק דק אל מ,,250.00,,false,,19.90,0.0796,true,1,226658
7290010126323,false,חציל במיונז 400 גרם,,,חציל במיונז 400 גרם,,400.00,100 גרם,false,,12.90,0.0323,true,1,230504
7290010126330,false,תירס במיונז 400 גרם,,,תירס במיונז 400 גרם,,400.00,,false,,12.90,0.0323,true,1,230516
7290010126408,false,חציל בטחינה 400 גרם,,,חציל בטחינה 400 גרם,,400.00,100 גרם,false,,12.90,0.0323,true,1,230505
7290010126477,false,טחינה ירוקה 400 גרם,,,טחינה ירוקה 400 גרם,,400.00,100 גרם,false,,12.90,0.0323,true,1,230506
7290010126484,false,מטבוחה 400 גרם כיד ה,,,מטבוחה 400 גרם כיד ה,,400.00,100 גרם,false,,12.90,0.0323,true,1,230511
7290010126491,false,סלט סלק 400 גרם כיד,,,סלט סלק 400 גרם כיד,,400.00,100 גרם,false,,12.90,0.0323,true,1,230512
7290010126507,false,סלט טורקי 400 גרם כי,,,סלט טורקי 400 גרם כי,,400.00,100 גרם,false,,12.90,0.0323,true,1,230513
7290010126873,false,סלט קולוסלו 400 גרם,,,סלט קולוסלו 400 גרם,,400.00,100 גרם,false,,12.90,0.0323,true,1,230508
7290010126958,false,"סלט תפו""א במיונז 400",,,"סלט תפו""א במיונז 400",,400.00,100 גרם,false,,12.90,0.0323,true,1,230517
7290010126972,false,טחינה לבנה 400 גרם כ,,,טחינה לבנה 400 גרם כ,,400.00,,false,,12.90,0.0323,true,1,230510
7290010153510,false,בורגול יבש מיה 500 גר',מיה,IL,בורגול מיה 500 גר,,500.00,,false,,6.90,0.0138,true,1,202169
7290010153527,false,גריש מיה 500 גרם,מיה,IL,ג'ריש מיה 500 גר,,500.00,,false,,6.90,0.0138,true,1,202170
7290010153787,false,ציפוי לשניצל עם שום מיה 500 גר',מיה תעשיות מזון,IL,ציפוי לשניצל שום 500,,500.00,100 גרם,false,,9.90,0.0198,true,1,233398
7290010153794,false,ציפוי לשניצל עם עשבי תיבול מיה 500 גר',מיה תעשיות מזון,IL,ציפוי לשניצל עשבי תי,,500.00,100 גרם,false,,9.90,0.0198,true,1,233399
7290010153800,false,ציפוי לשניצל עם תיבול עדין מיה 500 גר',מיה תעשיות מזון,IL,ציפוי לשניצל תיבול ע,,500.00,100 גרם,false,,9.90,0.0198,true,1,233400
7290010173044,false,"יין הרי גליל מרלו 750 מ""ל",יקב הרי גליל,IL,יין הרי גליל מרלו 75,,750.00,,false,,39.90,0.0532,true,1,216399
7290010173068,false,יין בר הרי גליל קברנה סוביניון 750 מל,יקב הרי גליל,IL,יין הרי גליל קברנה ס,,750.00,,false,,39.90,0.0532,true,1,216400
7290010175840,false,לבבות דקל שלמים במי מלח,אינאקספו,UY,לבבות דקל שלם 400גר,,400.00,100 גרם,false,,12.90,0.0323,true,1,193940
7290010176229,false,נודלס בטעם בקר בכוס 65 גר' טעמן,זיזיאנג גרין הום פוד,CN,נודלס בטעם בשר 65 גר,,65.00,100 גרם,false,,5.90,0.0908,true,1,228564
7290010176236,false,נודלס בטעם ירקות בכוס 65 גר' טעמן,זיזיאנג גרין הום פוד,CN,נודלס בטעם ירקות 65ג,,65.00,100 גרם,false,,5.90,0.0908,true,1,228565
7290010195275,false,פופקורן להכנה במיקרוגל בטעם חמאה מופחת שומן,פופ סטאר,US,פופסטאר חמאה מופחת ש,,425.00,,false,,13.90,0.0327,true,1,206708
7290010237531,false,"פפסי קולה פלסטיק 500 מ""ל","טמפו משקאות בע""ם.",IL,"פפסי בקבוק 500 מ""ל",,500.00,,false,,4.90,0.0098,true,1,173081
7290010237548,false,פפסי מקס בקבוק 500 מ``ל,טמפו משקאות בעמ,IL,פפסי מקס בקבוק 500 מ,,500.00,,false,,4.90,0.0098,true,1,173082
7290010259823,false,מנת השף מרק עם נודלס טעם עוף בדץ 70ג,נמצ'או(תאילנד) בעמ,TH,נודלס בטעם עוף מנת ה,,70.00,100 גרם,false,,5.90,0.0843,true,1,178526
7290010259830,false,מנת השף נודלס בסגנון סיני פיקנטי,נמצ'או(תאילנד) בעמ,TH,נודלס סגנון סיני פיק,,70.00,100 גרם,false,,5.90,0.0843,true,1,178527
7290010259847,false,מנת השף מרק עם נודלס טעם תירס בדץ 70ג,קריות זול,TH,נודלס בטעם תירס מנת,,70.00,100 גרם,false,,5.90,0.0843,true,1,178528
7290010259854,false,מנת השף נודלס בטעם פטריות בדץ 70ג,נמצ'או(תאילנד) בעמ,TH,נודלס בטעם פטריות מנ,,70.00,100 גרם,false,,5.90,0.0843,true,1,178529
7290010259861,false,מנת השף מרק עם נודלס בטעם ירקות בדץ 70ג,קריות זול,TH,נודלס בטעם ירקות מנת,,70.00,100 גרם,false,,5.90,0.0843,true,1,178530
7290010259991,false,וילי פוד צנימים בדץ 250ג,קריות זול,PT,צנימים ויליפוד 250גר,,250.00,100 גרם,false,,7.90,0.0316,true,1,178537
7290010328093,false,ממרח חלווה אחווה 400 ג' מהדרין,אחדות בית חרושת לטחי,IL,ממרח חלבה 400גר,,400.00,100 גרם,false,,10.90,0.0273,true,1,202723
7290010328246,false,טחינה גולמית שומשום מלא אחווה 500 ג',,IL,טחינה משומשום מלא 50,,500.00,,false,,12.90,0.0258,true,1,202725
7290010328253,false,טחינה משומשום טבעי 500 גר מהדרין,"אחדות ביח""ר בעמ",IL,טחינה גולמית 500 גרם,,500.00,,false,,11.90,0.0238,true,1,202726
7290010328505,false,"חלבה חטיפי מיני לייטר לל""ס אחוה 150ג'",אחדות ביחר לטחינה חל,IL,חטיפי מיני חלבה ללא,,15.00,,false,,11.90,0.7933,true,1,202730
7290010328710,false,קיצפיות אחווה 180 גר,אחדות ביחר לטחינה חל,IL,קצפיות במגש 180גר,,180.00,100 גרם,false,,10.90,0.0606,true,1,202740
7290010328727,false,ממרח טחינה עם שוקולד אחווה 400 ג',אחדות ביחר לטחינה חל,IL,ממרח טחינה עם שוקולד,,400.00,100 גרם,false,,10.90,0.0273,true,1,202741
7290010328819,false,"ממרח טחינה עם שוקולד לל""ס 400 ג' אחדות!.",אחדות ביחר לטחינה חל,IL,ממרח טחינה עם שוקולד,,400.00,100 גרם,false,,10.90,0.0273,true,1,202748
7290010328901,false,מאפין בטעם וניל 45 גרם אחוה,אחדות ביחר לטחינה חל,IL,מאפין בטעם וניל 45גר,,45.00,,false,,2.90,0.0644,true,1,219971
7290010429554,false,"שמן זית כתית מעולה יד מרדכי 2 קלאסי, 750 מ""ל",מכוורת יד מרדכי שטרא,IL,שמן זית כתית מעולה ח,,750.00,100 גרם,false,,35.90,0.0479,true,1,207953
7290010454051,false,מפיות טרנדי תלת-שכבת,,,מפיות טרנדי תלת-שכבת,יחידה,0.00,יחידה,false,,6.90,0.0000,true,1,206191
7290010454402,false,מפות שולחן,,,מפות שולחן,יחידה,0.00,יחידה,false,,6.90,0.0000,true,1,206200
7290010471669,false,יוגורט תות עם קורנפלקס מצופה שוקולד ללא גלוטן 3.9%,"שטראוס בריאות בע""מ",IL,דנונה בר תות קורנפלק,,173.00,,false,,5.10,0.0295,true,1,195436
7290010472307,false,מארז 8 יחידות משקה גמדים בטעם תות בננה,"שטראוס בריאות בע""מ",IL,מארז שמינייה גמדים ת,,800.00,,false,,22.50,0.0281,true,1,195445
7290010472390,false,מארז 8 יחידות מעדן דני בטעם שוקולד 1.5%,מיוצר עי קונדיטוריית,IL,דני שוקולד מארז 8*12,,1000.00,100 גרם,false,,17.90,0.0179,true,1,195450
7290010513703,false,צ'ופסטיקס צפצפה - 20 יחידות,גולין פנגזו,CN,מקלות צ'ופסטיקס 20יח,יחידה,0.00,יחידה,false,,7.90,0.0000,true,1,204746
7290010513727,false,פנקו פרורי לחם יפניי,קינגדאו גוניון פודס,CN,פירורי לחם פנקו 200ג,,200.00,,false,,8.90,0.0445,true,1,204747
7290010613953,false,דלי מטליות לניקוי וחיטוי בניחוח מלון בוטיק 250 יח' טאצ',סאסאטק,IL,דלי מטליות לניקוי וח,יחידה,0.00,יחידה,false,,10.90,0.0000,true,1,248645
7290010613977,false,מטליות רצפה לפרקט 10 יח' טאצ',,,טאצ' מטליות רצפה חד,יחידה,0.00,יחידה,false,,10.00,0.0000,true,1,249608
7290010613984,false,מטליות רצפה בניחוח ורד פראי 10 יח' טאצ',,,טאצ' מטליות רצפה חד,יחידה,0.00,יחידה,false,,10.00,0.0000,true,1,249609
7290010632787,false,צימרוני אוזניים עץ 300יח',הדקלאים אגודת שיתופי,CN,צימרוני אוזניים עץ ב,,300.00,,false,,3.90,0.0130,true,1,193967
7290010711123,false,"ננס רביעיה ""שייני"" ח",,,"ננס רביעיה ""שייני""",יחידה,0.00,יחידה,false,,6.90,0.0000,true,1,197207
7290010711208,false,שייני גליל מטליות צהוב 33 יח',,,מטליות שיאני בגליל,,33.00,,false,,17.90,0.5424,true,1,197209
7290010711437,false,4 סרטי קרצוף לניקוי,,,4 סרטי קרצוף לניקוי,יחידה,0.00,יחידה,false,,10.90,0.0000,true,1,228729
7290010711932,false,שייני מטליות אינטנסיב רב שימושית 9 יח',,,מטליות רב שימושיות 9,,9.00,,false,,9.90,1.1000,true,1,197220
7290010718634,false,"פנינה רוזנבלום -אל סבון נוזלי לבן,1 ליטר",,,אל סבון לבן פנינה רו,,1000.00,100 גרם,false,,10.90,0.0109,true,1,233918
7290010777150,false,פיתה חיטה מלאה בריבוע 8יח' שקית 800 גר',מגוון שיווק והפצת מא,IL,פיתה קמח מלא מארז 8י,יחידה,0.00,יחידה,false,,13.90,0.0000,true,1,207039
7290010777488,false,פיתות מחמצת 100% קמח מלא 10 יח,מאפיית ביכורים מזון,IL,פיתה מחמצת מחיטה מלא,יחידה,0.00,יחידה,false,,16.90,0.0000,true,1,252589
7290010777525,false,פיתות 100% כוסמין דק 99 קל 6 יח,מאפיית ביכורים מזון,IL,פיתות כוסמין מלא 100,יחידה,0.00,יחידה,false,,16.90,0.0000,true,1,253233
7290010791552,false,מזון חתולים דליקטס נ,"הייקיו, תאילנד",TH,לה קט דליקטס טונה בר,,85.00,100 גרם,false,,5.90,0.0694,true,1,179500
7290010814244,false,שלשות שוקולד מריר 85 גרם*3 בלמינט *18 בקרטון,כרמית תעשיות ממתקים,IL,שוקולד מריר כרמית מא,,255.00,,false,,9.90,0.0388,true,1,214170
7290010814695,false,שוקולד מריר ללא תוספת סוכר וסטהיים,כרמית תעשיות ממתקים,IL,שוקולד מריר ללא סוכר,,85.00,,false,,6.90,0.0812,true,1,214174
7290010814701,false,שוקולד חלב ללא תוספת סוכר וסטהיים,כרמית תעשיות ממתקים,IL,שוקולד חלב ללא סוכר,,85.00,100 גרם,false,,6.90,0.0812,true,1,214175
7290010838219,false,ממתיק על בסיס צמח הסטיביה - שקיות,תות ממתקי איכות,IL,סטיביה 100 שק,יחידה,0.00,יחידה,false,,29.90,0.0000,true,1,206727
7290010839865,false,רוטב רכז רימונים ויליפוד 320 ג',ניו ג'רסי סטאר סנקס,TR,רכז רימונים 320 גר,,320.00,100 גרם,false,,10.90,0.0341,true,1,178562
7290010849529,false,יין למברוסקו די לואיג'י ביאנקו,פארייפאבה אגרואינדוס,IT,למברוסקו די לואיג'י,,750.00,100 גרם,false,,31.90,0.0425,true,1,192426
7290010903917,false,שניצל תירס שף הטבע 1,משק ויילר,IL,"שניצל תירס בד""ץ 1 ק""",,1000.00,100 גרם,false,,21.90,0.0219,true,1,235120
7290010903924,false,שניצל צמחי שף הטבע 1,משק ויילר,IL,"שניצל צמחי בד""ץ 1 ק""",,1000.00,,false,,21.90,0.0219,true,1,235816
7290010922871,false,טחון בקר 1 קג ארוז קפוא -אשפר,,,טחון בקר אשפר קפוא 1,,1000.00,100 גרם,false,,29.90,0.0299,true,1,248129
7290010931330,false,סלט מטבוחה אחלה 500ג,מיוצר עי קונדיטוריית,IL,סלט מטבוחה אחלה 500ג,,500.00,100 גרם,false,,16.90,0.0338,true,1,195477
7290010945146,false,קוטג' 3% מועשר בסידן טרה 250 ג' מהדרין,קריות זול,IL,קוטג מועשר 3% 250גר,,250.00,100 גרם,false,,6.20,0.0248,true,1,184505
7290010945450,false,טרה גבינה לבנה מהדרין 3% 250ג,קריות זול,IL,גבינה לבנה מהדרין 3%,,250.00,,false,,4.98,0.0199,true,1,184521
7290011015862,false,"פריגת סירופ דיאט לימונענע 750 מ""ל",סירופ - גבעת חיים,IL,סירופ דיאט לימונענע,,750.00,,false,,23.90,0.0319,true,1,209489
7290011017866,false,קוקה קולה קלאסי בפחית,החברה המרכזית לייצור,IL,קוקה קולה סליק 330מל,,330.00,,false,,6.50,0.0197,true,1,209527
7290011017873,false,"קוקה קולה זירו פחית 330 מ""ל",החברה המרכזית לייצור,IL,קוקה קולה זירו סילק,,330.00,,false,,6.50,0.0197,true,1,209528
7290011018214,false,"פיוז תה מנגו אננס 500מ""ל",מבשלות בירה בעמ,IL,פיוז טי תה קר בטעם מ,,500.00,,false,,7.00,0.0140,true,1,209540
7290011018467,false,פאנטה אקזוטיק סליק 330מל,קוקה קולה,,פאנטה אקזוטיק סליק 3,,330.00,100 גרם,false,,6.50,0.0197,true,1,209554
7290011022457,false,תבנית 90 ארוז 8 ר2,,,תבנית 90 ארוז 8 ר2,יחידה,0.00,יחידה,false,,9.90,0.0000,true,1,244349
7290011022464,false,תבנית 210 ר99 ארוז 4,,,תבנית 210 ר99 ארוז 4,יחידה,0.00,יחידה,false,,9.90,0.0000,true,1,244347
7290011022495,false,תבנית 8A ארוז 10יח',,,תבנית 8A ארוז 10יח',יחידה,0.00,יחידה,false,,9.90,0.0000,true,1,244350
7290011022563,false,ניילון נצמד צר 150/3,,,ניילון נצמד צר 150/3,יחידה,0.00,יחידה,false,,17.90,0.0000,true,1,244358
7290011022921,false,תבנית 105 ארוז 8יח',,,תבנית 105 ארוז 8יח',יחידה,0.00,יחידה,false,,9.90,0.0000,true,1,244348
7290011022938,false,תבנית 8B ארוז 15 ר29,,,תבנית 8B ארוז 15 ר29,יחידה,0.00,יחידה,false,,9.90,0.0000,true,1,244351
7290011022945,false,תבנית אינגליש ארוז 1,,,תבנית אינגליש ארוז 1,יחידה,0.00,יחידה,false,,9.90,0.0000,true,1,244352
7290011022952,false,תבנית עגולה ארוז 6יח,,,תבנית עגולה ארוז 6יח,יחידה,0.00,יחידה,false,,9.90,0.0000,true,1,244353
7290011022976,false,נייר אלומיניום אור 1,גי.טי,IL,רדיד אלומיניום 30/16,יחידה,0.00,יחידה,false,,39.90,0.0000,true,1,251667
7290011064020,false,בולגרית למריחה 13% 200 ג' ניצן,גבינות ניצן,,בולגרית בעיר 200 גרם,,200.00,100 גרם,false,,12.90,0.0645,true,1,233552
7290011064075,false,מעדן לאבנה ניצן אבו גוש 200 ג',גבינות עמיר ניצן,,לאבנה אבו גוש 200 גר,,200.00,100 גרם,false,,12.90,0.0645,true,1,233553
7290011064099,false,טאפס פלפלוני שרי ממולאים במעדן גבינה,"ניצן מותגי מזון בע""מ",IL,פלפלוני שרי ממולא 12,,125.00,100 גרם,false,,19.90,0.1592,true,1,233554
7290011081690,false,קרמיסימו פרווה שוקו ציפ+וניל ציפ 1.33ל,"גלידת שטראוס בע""מ, ר",IL,קרמיסימו פרווה שוקו,,1330.00,,false,,21.90,0.0165,true,1,187439
7290011108038,false,פטרוזליה מהדרין,,,פטרוזליה מהדרין,,1000.00,100 גרם,false,,5.90,0.0059,true,1,224604
7290011108045,false,סלרי עלים מהדרין,,,סלרי עלים מהדרין,יחידה,0.00,יחידה,false,,6.90,0.0000,true,1,224609
7290011108106,false,סלק עלים מהדרין,,,סלק עלים מהדרין,,1000.00,,false,,6.90,0.0069,true,1,224611
7290011108113,false,חסה מהדרין קטיף הארץ,,,חסה מהדרין קטיף הארץ,יחידה,0.00,יחידה,false,,6.90,0.0000,true,1,224605
7290011108892,false,כרוב לבן מהדרין,,,כרוב לבן מהדרין,קילוגרמים,1.00,"ק""ג",true,,12.90,12.9000,true,1,248995
7290011115203,false,אל סבון מוצק מבושם בניחוח עדין קלאסיק - מארז רביעיה,טרופיקל דגיל תעשיות,IL,נקה 7 סבון מוצק ורוד,,400.00,,false,,11.90,0.0298,true,1,180566
7290011115258,false,אל סבון מוצק מבושם בניחוח עדין קלאסיק - מארז רביעיה,גליל כימיקלים בעמ,IL,נקה 7 סבון מוצק ירוק,,400.00,100 גרם,false,,11.90,0.0298,true,1,180569
7290011115289,false,אל סבון מוצק מבושם בניחוח עדין קלאסיק - מארז רביעיה,"גליל כימיכלים בע""מ",IL,נקה 7 סבון מוצק לילך,,400.00,100 גרם,false,,11.90,0.0298,true,1,180572
7290011115296,false,אל סבון מוצק מועשר בקרם לחות לבנדר - מארז רביעיה,נקה 7,,נקה 7 סבון מוצק לחות,,400.00,100 גרם,false,,11.90,0.0298,true,1,180573
7290011126209,false,תה הגן הקסום תפוח וקינמון - סיידר 25 שקיקים,קריות זול,IL,תה תפוח וקינמון סייד,,55.00,100 גרם,false,,19.90,0.3618,true,1,190547
7290011126452,false,תה הגן הקסום קמומיל ונענע 25 יח',קריות זול,IL,תה הגן הקסום קמומיל,,37.50,100 גרם,false,,19.90,0.5307,true,1,190555
7290011126469,false,תה קמומיל ודבש 1.5ג' *25 שקיקים,קריות זול,IL,תה קמומיל ודבש הגן ה,,37.50,,false,,19.90,0.5307,true,1,190556
7290011126940,false,תה ירוק בתוספת מרווה 25 שקיקים,ויסוצקי ירוק,IL,תה ירוק בתוספת מרווה,,37.50,100 גרם,false,,25.90,0.6907,true,1,190567
7290011153885,false,נייר אכיל לקישוט עוג,גילרוי,,נייר אכיל לקישוט עוג,יחידה,0.00,יחידה,false,,15.90,0.0000,true,1,186438
7290011174866,false,צ'יפס בטטה 700 ג' פרי הגליל,פרי הגליל,IL,צ'יפס בטטה קפוא 700ג,,700.00,100 גרם,false,,17.90,0.0256,true,1,230476
7290011174897,false,אפונה עדינה פרי גליל 600 גר',"פרי הגליל בע""""מ",IL,אפונה עדינה 600גר,,600.00,100 גרם,false,,12.90,0.0215,true,1,200712
7290011194215,false,מעדן גבינה ויוגורט בטעם בננה 5% שומן 88 ג' דניאלה,"שטראוס בריאות בע""מ",IL,דניאלה מעדן בטעם בננ,,150.00,100 גרם,false,,4.10,0.0273,true,1,195508
7290011194246,false,קוטג שטראוס 5% עם סידן 250ג,מיוצר עי קונדיטוריית,IL,גבינת קוטג׳ 5% שטראו,,250.00,,false,,5.90,0.0236,true,1,195510
7290011223038,false,עלים לקרמשניט - בונומי 300גרם,בונומי ס.פ.א,IT,עלים לקרמשניט 300גר,,400.00,100 גרם,false,,16.90,0.0422,true,1,206740
7290011236649,false,שקדיה שוקולד צ'יפס בלגי 300 ג',קריות זול,,נטיפי שוקולד צ'יפס א,,300.00,100 גרם,false,,9.90,0.0330,true,1,232269
7290011239404,false,עמוס חטיפים שונים אר,ממתקי מחרום,,חטיפי מחרום 330גרם,,330.00,,false,,15.90,0.0482,true,1,248084
7290011254001,false,זרעי פשתן 450 גר,מיה תעשיות מזון,IL,זרעי פשתן 450 גר,,450.00,100 גרם,false,,6.90,0.0153,true,1,202180
7290011254452,false,סוכריות מנטה ללא סוכר 80גרם,מיה תעשיות מזון,IL,סוכריות ללא סוכר מנט,,80.00,100 גרם,false,,5.90,0.0738,true,1,231293
7290011254469,false,סוכריות לימון ללא סוכר 80גרם,מיה תעשיות מזון,IL,סוכריות ללא סוכר לימ,,80.00,100 גרם,false,,5.90,0.0738,true,1,231294
7290011254476,false,סוכריות תפוח דובדבן ללא סוכר 80גרם,מיה תעשיות מזון,IL,סוכריות ללא סוכר תפו,,80.00,100 גרם,false,,5.90,0.0738,true,1,231295
7290011254490,false,סוכריות פירות יער ללא סוכר 80גרם,מיה תעשיות מזון,IL,סוכריות ללא סוכר פיר,,80.00,100 גרם,false,,5.90,0.0738,true,1,231297
7290011254728,false,ג'לטין טהור 25גרם בקרטונית,מיה תעשיות מזון,IL,גלטין טהור מיה 25 גר,,25.00,100 גרם,false,,10.90,0.4360,true,1,202200
7290011369200,false,צינור למקלחת 1.5 מטר,,,צינור למקלחת 1.5 מטר,יחידה,0.00,יחידה,false,,25.90,0.0000,true,1,227322
7290011378257,false,חטיף חלבה בטעם וניל ללא תוספת סוכר בתוספת פיסטוק ופקאן,רושדי תעשיות מזון בע,IL,בארכה חטיף חלבה פקאן,,126.00,100 גרם,false,,13.90,0.1103,true,1,177102
7290011379018,false,מארז משפחתי שמפיניון 500 ג' מרינה,מרינה פטריות הגליל,IL,פטריות צמד חמד איטלק,,500.00,100 גרם,false,,15.90,0.0318,true,1,172558
7290011431341,false,"מזלג איכות יח""פ 100 יח'",,,מזלגות 100יח שמאי,יחידה,0.00,יחידה,false,,8.90,0.0000,true,1,230208
7290011431358,false,כפיות איכותי ר. שמאי 100 יחי' כשל''פ עד''ח,,,כפיות 100יח שמאי,יחידה,0.00,יחידה,false,,8.90,0.0000,true,1,230209
7290011431365,false,סכין חד פעמי איכותי 100יח,,TR,סכין 100יח שמאי,יחידה,0.00,יחידה,false,,8.90,0.0000,true,1,230210
7290011431853,false,מפות שמיניה עבה קריסטלי ר.שמאי,,,מפות שמיניות עבה כתו,יחידה,0.00,יחידה,false,,7.90,0.0000,true,1,244341
7290011438142,false,"משקה יטבתה אייס קפה בבקבוק אישי 350 מ""ל",שטראוס גרופ,IL,אייס קפה יטבתה בבקבו,,350.00,,false,,6.90,0.0197,true,1,195567
7290011447014,false,מטרנה דייסת סלט פירות 200גרם,קריות זול,IL,דייסת סלט פירות מטרנ,,200.00,100 גרם,false,,15.90,0.0795,true,1,177109
7290011447267,false,תרכובת מזון המשך לפעוטות שלב 1 חלבי,מטרנה תעשיות ש.מ,IL,מטרנה חלבי שלב 1 700,,700.00,100 גרם,false,,59.90,0.0856,true,1,177118
7290011447281,false,תרכובת מזון המשך לפעוטות שלב 2 חלבי,מטרנה תעשיות ש.מ,IL,מטרנה חלבי שלב 2 700,,700.00,,false,,59.90,0.0856,true,1,177120
7290011447304,false,תרכובת מזון המשך לפעוטות שלב 3 חלבי,מטרנה תעשיות ש.מ,IL,מטרנה חלבי שלב 3 700,,700.00,100 גרם,false,,59.90,0.0856,true,1,177122
7290011447748,false,"סופר-קט בטעם אוקיאנוס וטונה 3 ק""ג",קריות זול,IL,סופר קט דגי אוקיאנוס,קילוגרמים,3.00,"ק""ג",false,,54.90,18.3000,true,1,179522
7290011447908,false,"סופר-קט בטעם עוף כבד 3 ק""ג",קריות זול,IL,סופר קט עוף כבד 3קג,קילוגרמים,3.00,"ק""ג",false,,54.90,18.3000,true,1,179524
7290011489533,false,בייגלה שמיניות עם מל,,,בייגלה שמיניות עם מל,,300.00,,false,,5.90,0.0197,true,1,201771
7290011489595,false,טופז קרקר שומשום 110גר,אפיפית נצרת,IL,קרקר טופז שומשום 110,,110.00,,false,,3.50,0.0318,true,1,201776
7290011489601,false,קרקר טופז בטעם בצל ה,אפיפית נצרת,IL,קרקר טופז בצל 110גר,,110.00,,false,,3.50,0.0318,true,1,201777
7290011489625,false,פתי בר ביסקויט בטעם שוקו,אפיפית נצרת,IL,ביסקוויט פתי בר קקאו,,110.00,,false,,3.50,0.0318,true,1,201779
7290011499051,false,פטה כבשים מסורתית 20% בגביע 250 גרם - רובין,MKN עבור מחלבות גד ב,IL,פטה כבשים בגביע 250,,250.00,,false,,28.90,0.1156,true,1,171650
7290011499105,false,בולגרית מסורתית 5% 250 גרם -רבנות,ג'נרל מילס סאן אדריא,IL,5% בולגרית גד בגביע,,250.00,,false,,23.90,0.0956,true,1,171654
7290011499112,false,בולגרית מסורתית 16% 250 גרם - רבנות,"מיוצר ע""י dsh",IL,בולגרית 16% מסורתית,,250.00,100 גרם,false,,23.90,0.0956,true,1,171655
7290011499327,false,גבינה בולגרית מעודנת 5% 250 גרם - רבנות,מיוצר על ידי DSH עבו,IL,בולגרית בקר מעודנת 2,,250.00,,false,,23.90,0.0956,true,1,171666
7290011499358,false,פטה עיזים מסורתית 20% בגביע 200 גרם - רובין,מיוצר על ידי קוד יצר,IL,גד פטה עיזים 20% שומ,,200.00,100 גרם,false,,28.90,0.1445,true,1,171669
7290011499365,false,גד חלומי 24% 200 גרם רובין,"מחלבות גד בע""מ",IL,גבינת חלומי מחלבות ג,,200.00,100 גרם,false,,22.70,0.1135,true,1,171670
7290011499419,false,גבינה במרקם שמנת בטעם טבעי 5% ניו יורק,מחלבות גד,IL,קרם שמנת ניו יורק טב,,200.00,100 גרם,false,,13.90,0.0695,true,1,224513
7290011499624,false,שמנת 30% ניו יורק טבעי 200 גרם רבנות,מחלבות גד,IL,גבינת שמנת ניו יורק,,200.00,100 גרם,false,,13.90,0.0695,true,1,171680
7290011499853,false,גבינת שמנת עם זיתים 30% ניו יורק,מחלבות גד (שיווק 199,IL,גבינת שמנת ניו יורק,,200.00,,false,,13.90,0.0695,true,1,171697
7290011501617,false,חמוציות ברכז פרי ללא,אף.סי תבליני בגליל ב,IL,חמוציות דל סוכר 250ג,,250.00,,false,,16.90,0.0676,true,1,200164
7290011502850,false,דלישס מיזלי עם פירות 500גר,"דין שיווק וקליה בע""מ",,דלישס מוזלי עם פירות,,500.00,100 גרם,false,,10.00,0.0200,true,1,224347
7290011514440,false,קולב על דלת,,,קולב על דלת,יחידה,0.00,יחידה,false,,29.90,0.0000,true,1,227603
7290011514464,false,גומיות צבעוניות,,,גומיות צבעוניות,יחידה,0.00,יחידה,false,,7.90,0.0000,true,1,214544
7290011514761,false,סיכות ביטחון 3 גדלים,,,סיכות ביטחון 3 גדלים,יחידה,0.00,יחידה,false,,6.90,0.0000,true,1,234902
7290011514990,false,מספריים איכותיות,,,מספריים איכותיות,יחידה,0.00,יחידה,false,,10.90,0.0000,true,1,214546
7290011518561,false,"אקטימל תות משפחתי מארז 14X100מ""ל",מיוצר עי קונדיטוריית,IL,אקטימל תות משפחתי 14,,1400.00,,false,,32.90,0.0235,true,1,195608
7290011524555,false,שעועית לבנה אפויה 800 ג' פרי הגליל,"פרי הגליל בע""""מ",IL,שעועית לבנה אפויה 80,,800.00,100 גרם,false,,12.90,0.0161,true,1,200729
7290011525712,false,"קמיל בלו סנסיטיב אל סבון לפני השינה, 1 ליטר","ד""ר פישר Dr fischer",IL,קמיל בלו סנסיטיב לפנ,,1000.00,,false,,32.90,0.0329,true,1,203707
7290011575007,false,"הפי מרסס שומר ברק למקלחון 750 מ""ל",מיפא,DE,הפי מרסס לאמבט 750 מ,,750.00,,false,,19.90,0.0265,true,1,183506
7290011587079,false,חרדל דיז'ון גרגירים 370 ג' PICCATA,Covinor sas,,חרדל דיז'ון גרגרים 3,,370.00,,false,,8.90,0.0241,true,1,175084
7290011587093,false,תירס גמדי תומר 400 ג,איידונג יוזו,,תירס גמדי תומר 400 ג,,400.00,100 גרם,false,,8.90,0.0223,true,1,175085
7290011587598,false,שימורי אנשובי בפח 45 ג' תומר,אינוורסיונס פריסקו,,פילה אנשובי 45גר,,45.00,100 גרם,false,,7.90,0.1756,true,1,175101
7290011587697,false,ממרח עגבניות מיובשות פסטו תומר 340 ג',,,עגבניות מיובשות פסטו,,340.00,,false,,12.90,0.0379,true,1,215076
7290011587826,false,חרדל דיז'ון תומר 370ג',Covinor sas,,חרדל דיז'ון 370 גר,,370.00,,false,,8.90,0.0241,true,1,175113
7290011587994,false,רוטב סויה 700 ג' תומר,,,רוטב סויה 750מל,,750.00,100 גרם,false,,10.90,0.0145,true,1,175118
7290011598211,false,"סנו - אנטי קאלק מרסס ניקוי כללי 4 ב-1 700 מ""ל",מיוצר עי קונדיטוריית,IL,סנו אנטי קאלק ניקוי,,700.00,,false,,19.90,0.0284,true,1,180604
7290011607180,false,"קולון 101 לכביסה 1.25 ק""ג",ריקט בנקיזר ( ניר אי,IL,קולון 101כתמים אבקת,קילוגרמים,1.25,"ק""ג",false,,10.90,8.7200,true,1,199514
7290011607197,false,"אבקת כביסה קולון 5 ק""ג",רקיט בנקיזר,IL,קולון 101כתמים אבקת,קילוגרמים,5.00,"ק""ג",false,,34.90,6.9800,true,1,199515
7290011618025,false,חטיף אורז אפוי לתינוקות בטעם טבעי +6,גואנז'ו יונג וואנט פ,CN,נגיסי אורז לתינוק בט,,150.00,100 גרם,false,,12.90,0.0860,true,1,206776
7290011618124,false,חטיף אורז אפוי לתינוקות בטעם ירקות +6,גואנז'ו יונג וואנט פ,CN,בייבי ביס נגסי אורז,,50.00,,false,,12.90,0.2580,true,1,206784
7290011622664,false,כתמטמינים - חטיף אצבעות טחינה אורז ותירס 45 גרם,אלס נוטרישן,IL,כתמטמינים טחינה 45 ג,,45.00,100 גרם,false,,7.90,0.1756,true,1,252518
7290011622701,false,טבעונים - חטיף טבעות דגנים מלאים בטעם גזר וסלק 45 גרם,,,חטיף גזר וסלק טבעוני,,45.00,100 גרם,false,,7.90,0.1756,true,1,252516
7290011725006,false,פטרוזיליה ארוזה למהדרין,ברכת קטיף,IL,פטרוזליה גלאט,,1000.00,,false,,5.90,0.0059,true,1,204517
7290011725013,false,כוסברה ארוזה למהדרין,ברכת קטיף,IL,כוסברה גלאט,,1000.00,,false,,5.90,0.0059,true,1,204518
7290011725020,false,שמיר ארוז למהדרין,ברכת קטיף,IL,שמיר גלאט,,1000.00,100 גרם,false,,5.90,0.0059,true,1,204519
7290011725037,false,נענע ארוזה למהדרין,ברכת קטיף,IL,נענע גלאט,,1000.00,100 גרם,false,,5.90,0.0059,true,1,204520
7290011725044,false,סלרי אמרקאי גוש קטיף,ברכת קטיף,IL,סלרי,יחידה,0.00,יחידה,false,,6.90,0.0000,true,1,204521
7290011725051,false,חסה גוש קטיף,ברכת קטיף,IL,חסה מהדרין,יחידה,0.00,יחידה,false,,6.90,0.0000,true,1,204522
7290011725457,false,בצל ירוק למהדרין הית,,,בצל ירוק מהדרין,יחידה,0.00,יחידה,false,,6.90,0.0000,true,1,248899
7290011725464,false,סלרי למהדרין היתר מכ,,,סלרי עלים מהדרין,יחידה,0.00,יחידה,false,,6.90,0.0000,true,1,248895
7290011800840,false,טחינה בלאדי רפי כהן 400 ג' צבר,סלטי צבר,IL,טחינה בלאדי צבר 400ג,,400.00,100 גרם,false,,17.90,0.0447,true,1,177155
7290011860271,false,ביסבול כדורי פירה בציפוי פריך,"תעשיות תפוגן בע""מ",IL,ביסבול טבעי תפוגן 70,,700.00,,false,,16.90,0.0241,true,1,177160
7290011877446,false,"כיף - בייבי כיף קרם גירויים 100 מ""ל",קוסמופארם בע''מ,IL,קרם נגד גירויים בייב,,100.00,100 גרם,false,,10.90,0.1090,true,1,180651
7290011877859,false,סנו אינסטלטור חדש פותח סתימות 200ג',מיוצר עי קונדיטוריית,IL,פותח סתימות סנו אינס,,200.00,,false,,16.90,0.0845,true,1,180661
7290011877866,false,אבקת כביסה סנו מקסימה בניחוח Musk,"איי, בי, אינבוו",IL,סנו מקסימה מאסק אבקת,קילוגרמים,6.00,"ק""ג",false,,49.90,8.3167,true,1,180662
7290011885007,false,הטיב פקאן סיני 200ג בשקית,דין שיווק,,פקאן סיני 200גר,,200.00,100 גרם,false,,21.90,0.1095,true,1,211090
7290011947316,false,זיתא זיתי קלמטה בשמן זית כתית מעולה 215ג,סטאר סנקס,IL,זיתי קלמטה 215 גרם ז,,215.00,100 גרם,false,,13.90,0.0647,true,1,190582
7290011964344,false,תבלין שום גבישי 120 ג',תות ממתקי איכות,IL,שום גבישי 120גר,,120.00,,false,,11.90,0.0992,true,1,197856
7290011964542,false,תבלין פפריקה מתוקה 400ג',תות ממתקי איכות,IL,פפריקה מתוקה 400גר,,400.00,,false,,22.90,0.0572,true,1,197857
7290011964597,false,תבלין כמון טחון 400גר,תבליני טעם וריח,IL,כמון טחון 400גר,,400.00,,false,,24.90,0.0622,true,1,197861
7290011964603,false,תבלין כרכום 400 גר',תבליני טעם וריח,IL,כורכום 400גר,,400.00,100 גרם,false,,22.90,0.0572,true,1,197862
7290011964658,false,תבלין מלח לימון טעם,תות ממתקי איכות,IL,מלח לימון 170גר,,170.00,100 גרם,false,,9.90,0.0582,true,1,197865
7290011964702,false,תבלין תיבול לשווארמה ללא מונוסו' 100ג',תות ממתקי איכות,IL,תיבול לשווארמה ללא מ,,100.00,,false,,9.90,0.0990,true,1,197868
7290011977627,false,סרדינים בשמן צמחי 125 גר',טעים,MA,סרדין בשמן צמחי 125,,125.00,100 גרם,false,,6.90,0.0552,true,1,194368
7290011977634,false,סרדינים פלפל חריף 125ג - רובין טעים,טעים,MA,סרדין פלפל חריף 125,,125.00,100 גרם,false,,6.90,0.0552,true,1,228580
7290011977641,false,סרדינים בלימון 125 גרם - רובין טעים,טעים,MA,סרדין בלימון 125 גר,,125.00,100 גרם,false,,6.90,0.0552,true,1,194370
7290012001994,false,חרדל דיז'ון גרעינים 350 ג' ריין דיזון,ריין דיז'ון reine dijon,FR,חרדל דיז'ון גרעינים,,350.00,,false,,14.90,0.0426,true,1,179536
7290012019258,false,מחית תפוחי עץ רביעיה 4 * 113 ג' תומר,Cherry growers inc,,"מחית תפו""ע 4*113גר",,452.00,100 גרם,false,,11.90,0.0263,true,1,175143
7290012019265,false,"רסק תפו""ע דיאט תומר מארז 113X4ג'",Cherry growers inc,,"מחית תפו""ע ללא סוכר",,452.00,,false,,11.90,0.0263,true,1,175144
7290012022203,false,פריכיות קליליות חיטה,דילייט,,קליליות (פריכיות) חי,,100.00,100 גרם,false,,14.90,0.1490,true,1,210470
7290012022227,false,פריכיות קליליות בטעם,דילייט,,קליליות (פריכיות) חי,,100.00,100 גרם,false,,12.90,0.1290,true,1,210471
7290012022272,false,פריכיות קליליות קידס,דילייט,,קליליות קידס 30גר,,30.00,,false,,11.90,0.3967,true,1,220673
7290012025822,false,סלט סלק אסלי 400 גרם,סלטי שמיר 2006 בעמ,IL,סלק אסלי 400גר,,400.00,100 גרם,false,,13.90,0.0348,true,1,197668
7290012086113,false,עגבניות שרי צימן קופסא 500ג',מרינה,IL,שרי קלמר ארוז 450 גר,,450.00,,false,,9.90,0.0220,true,1,234944
7290012116025,false,שמפו פיית הפרפרים לסירוק קל מכיל רוזמרין,קוסמופארם בע''מ,IL,כיף שמפו פיות 750מל,,750.00,,false,,11.90,0.0159,true,1,180668
7290012116032,false,מרכך לסירוק קל פיית הפרפרים,טרופיקל דגיל תעשיות,IL,כיף מרכך פיות 750מל,,750.00,,false,,11.90,0.0159,true,1,180669
7290012117039,false,מסיר אבנית ומנקה לאמבטיה 00,סנו,IL,נוזל 00 לאמבטיה 1ליט,,1000.00,,false,,8.90,0.0089,true,1,180716
7290012117091,false,אבקת -כביסה סנו מקסימה סנסיטיב 6 קג,סנו מקסימה,IL,סנו מקסימה אבקת כביס,קילוגרמים,6.00,"ק""ג",false,,49.90,8.3167,true,1,180720
7290012117350,false,ריצפז פרש 2 ליטר לילך לבנדר,"סנו מפעלי ברונוס בע""",IL,ריצפז פרש לילך לבנדר,ליטרים,2.00,ליטר,false,,21.90,10.9500,true,1,180724
7290012117428,false,"קרמה - שמפו וג'ל רחצה 2 ב-1 מנטה 700 מ""ל",טרופיקל דגיל תעשיות,IL,קרמה שמפו גל רחצה לג,,700.00,,false,,17.90,0.0256,true,1,180729
7290012117435,false,"קרמה - שמפו וג'ל רחצה 2 ב-1 אלוורה 700 מ""ל",טרופיקל דגיל תעשיות,IL,קרמה גל רחצה לגבר אל,,700.00,,false,,17.90,0.0256,true,1,180730
7290012117541,false,מרכך כביסה מקסימה קומפקט צהוב 1 ל' סנו,סנו מקסימה,IL,סנו מקסימה קומפקט צה,,1000.00,,false,,18.90,0.0189,true,1,180735
7290012117732,false,סנו - מקסימה מרכך כביסה קול שחור 4 ליטר,"סנו מפעלי ברונוס בע""",IL,סנו מקסימה מרכך כביס,ליטרים,4.00,ליטר,false,,22.90,5.7250,true,1,180752
7290012139482,false,עצם לחוצה מעושנת בצי,PINGYANG LELE PET PR,CN,בונזו ג'וי חטיפי עצם,,160.00,100 גרם,false,,23.90,0.1494,true,1,228063
7290012191855,false,גפרור רגיל עשיריות,,IN,גפרור רגיל עשיריות,יחידה,0.00,יחידה,false,,2.90,0.0000,true,1,243127
7290012191985,false,גפרור קטן מנורה,,,גפרור קטן מנורה,יחידה,0.00,יחידה,false,,2.90,0.0000,true,1,173411
7290012226014,false,נקניקיות וינר זוגלובק 800 גרם,נקניק נהריה כשר זוגל,,נקניקיות וינר זוגלוב,,800.00,100 גרם,false,,25.90,0.0324,true,1,211547
7290012226021,false,סלמי מעושן פראג יבש 400 ג' זוגלובק,נקניק נהריה כשר זוגל,IL,סלמי מעושן פראג יבש,,400.00,100 גרם,false,,22.90,0.0572,true,1,211548
7290012226120,false,קבנוס זוגלובק 135גר,נקניק נהריה כשר זוגל,IL,קבנוס זוגלובק 135גר,,135.00,100 גרם,false,,13.90,0.1030,true,1,211550
7290012226939,false,קבנוס עם צ'ילי חריף 135ג' זוגלובק,נקניק נהריה כשר זוגל,IL,קבנוס בטעם צילי זוגל,,135.00,100 גרם,false,,13.90,0.1030,true,1,211556
7290012226991,false,"נקניקיות עוף באריזת ג''מבו 1.5 ק""ג זוגלובק",נקניק נהריה כשר זוגל,IL,נקניקיות באריזה ג'מב,,1000.00,100 גרם,false,,31.90,0.0319,true,1,240725
7290012227325,false,סלמי דק דק מעושן איטלקי 120 ג' זוגלובק,זוגלובק,IL,סלמי מעושן דק דק 120,,120.00,100 גרם,false,,16.90,0.1408,true,1,222984
7290012227400,false,נקניקיות עוף זוגלובק 800 גרם,נקניק נהריה כשר זוגל,,נקניקיות עוף זוגלובק,,800.00,100 גרם,false,,25.90,0.0324,true,1,211575
7290012227592,false,פסט' חרמון כפרי וסלמי תה זוגי זוגלובק 300X2ג' מחפוד,זוגלובק,IL,חרמון כפרית+תה מחפוד,,700.00,100 גרם,false,,38.90,0.0556,true,1,211579
7290012227608,false,מארז חרמון 300 גר' +חרמון ברבקיו 300ג' זוגלובק,זוגלובק,IL,חרמון כפרית זוג מחפו,,600.00,100 גרם,false,,38.90,0.0648,true,1,211580
7290012227615,false,נקניקיות עוף זוגלובק 800 ג' מחפוד,זוגלובק,IL,נקניקיות עוף מחפוד 8,,800.00,100 גרם,false,,25.90,0.0324,true,1,211581
7290012227912,false,קבנוס עודן 135 ג' זוגלובק,זוגלובק,,קבנוס מעודן זוגלובק,,135.00,100 גרם,false,,13.90,0.1030,true,1,211596
7290012227974,false,פסטרמה הודו בדבש טהור דק דק דק,זוגלובק,IL,פסטרמה בדבש דק דק 12,,120.00,100 גרם,false,,16.90,0.1408,true,1,222985
7290012227981,false,פסטרמה דק דק ברביקיו 120 ג' זוגלובק,זוגלובק,IL,פסטרמה ברביקיו דק דק,,120.00,,false,,16.90,0.1408,true,1,222986
7290012227998,false,פסטרמה דק דק חזה בקר 120 ג' זוגלובק,זוגלובק,IL,חזה בקר דק דק 120גר,,120.00,100 גרם,false,,16.90,0.1408,true,1,222987
7290012228766,false,קבנוס מחפוד זוגלובק,זוגלובק,IL,קבנוס מחפוד זוגלובק,,120.00,100 גרם,false,,13.90,0.1158,true,1,245585
7290012245176,false,וופל ציפס קריספי 700,אגריסטו,BE,וופל ציפס קריספי 700,,700.00,100 גרם,false,,14.90,0.0213,true,1,253404
7290012245183,false,ציפס קריספי קלאסי 70,אגריסטו,BE,ציפס קלאסי 700 גרם ק,,700.00,100 גרם,false,,12.90,0.0184,true,1,253405
7290012245244,false,"ציפס קלאסייק 2.5 ק""ג גולדן",,,גולד ציפס משפחתי קלא,,2500.00,100 גרם,false,,29.90,0.0120,true,1,253403
7290012245312,false,"צ'יפס אמריקאי 1.5 ק""ג גולד שארית",יוליניבר,BE,גולד ציפס אמריקאי 1.,קילוגרמים,1.50,"ק""ג",false,,19.90,13.2667,true,1,242302
7290012245329,false,"צ'יפס קלאסי 1.5 ק""ג גולד שארית",יוליניבר,BE,גולד צ'יפס קלאסי1.5,,1500.00,,false,,19.90,0.0133,true,1,242303
7290012245336,false,"גולד צ'יפס סטייק 1.5 ק""ג גולד שארית",אגריסטו,NL,גולד סטייק צ'יפס -1.,,1500.00,100 גרם,false,,19.90,0.0133,true,1,242304
7290012309311,false,ערמונים קלופים וקלויים,"דין שיווק וקליה בע""מ",CN,ערמונים קלופים שלמים,,100.00,100 גרם,false,,6.90,0.0690,true,1,200172
7290012309939,false,חלבה מסולסלת דין שיווק 500 ג',אף.סי תבליני בגליל ב,IL,חלבה מסולסלת 500גר,,500.00,100 גרם,false,,14.90,0.0298,true,1,200185
7290012313141,false,מלפפון פרוס במלח A2 ק.יבנה 540ג',אף.סי תבליני בגליל ב,IL,פרוסות מלפפון במלח 5,,540.00,,false,,6.30,0.0117,true,1,210562
7290012404955,false,ספרינג קולקשן נקטר חמוציות 1.25 ל',"יפאורה תבורי בע""מ",IL,ספרינג קולקשיין נקטר,,1250.00,,false,,13.90,0.0111,true,1,181702
7290012413643,false,תה ויסוצקי ירוק קמומיל 25 יח',ויסוצקי ירוק,IL,תה ירוק קמומיל 25יח,,25.00,,false,,25.90,1.0360,true,1,190604
7290012426100,false,מפיץ ריח לרכב,,,מפיץ ריח לרכב,יחידה,0.00,יחידה,false,,14.90,0.0000,true,1,213065
7290012426407,false,אבן תלייה ריחני לרכב,,,אבן תלייה ריחני לרכב,יחידה,0.00,יחידה,false,,9.90,0.0000,true,1,213071
7290012454172,false,סוכריות ללא סוכר בטעם יוגורט- תות שדה,מיה תעשיות מזון,IL,סוכריות ללא סוכר יוג,,80.00,100 גרם,false,,5.90,0.0738,true,1,231305
7290012454202,false,סוכריות ריבת חלב ללא סוכר 80גרם,מיה תעשיות מזון,IL,סוכריות ללא סוכר ריב,,80.00,,false,,5.90,0.0738,true,1,231308
7290012483011,false,פולי סויה אדממה וילי,קו אל טי די קיאוניונ,CN,פולי סויה קפואים 1 ק,,1000.00,,false,,19.90,0.0199,true,1,248700
7290012483608,false,"אורז בסמטי מובחר 5 ק""ג",הנסיך- מפעל לייצור ט,IN,אורז בסמטי ויליפוד 5,,5000.00,100 גרם,false,,49.90,0.0100,true,1,178655
7290012522581,false,טבעול שניצל תירס ללא גלוטן טבעול 664 גרם,עיצובים 2020 (4.8),IL,שניצל תירס ללא גלוטן,,664.00,100 גרם,false,,33.90,0.0511,true,1,177188
7290012561337,false,כורכום טרי כתוש 70 ג' דורות,גוד פוד פרודקטס S.p,IL,דורות כורכום טרי כתו,,70.00,100 גרם,false,,11.90,0.1700,true,1,226801
7290012576607,false,"יין פרימייר אדום קברנה סובניון ומלבק 750 מ""ל","ברקן שיווק והפצה בע""",IL,יין פרימייר אדום קבר,,750.00,,false,,29.90,0.0399,true,1,173177
7290012576614,false,יין Premieur לבן חצי יבש אמרלד ריזלינג קולומברד,יקבי ברקן שיווק והפצ,IL,יין פרימייר לבן ריזל,,750.00,100 גרם,false,,29.90,0.0399,true,1,173178
7290012642036,false,פסטה לה פסטה 5 ספגטי,,,פסטה לה פסטה 5 ספגטי,,400.00,,false,,4.90,0.0123,true,1,175188
7290012642869,false,פלפלים קטנים חריפים כבושים שלמים,תומר,,פלפל חריף פעמון אדום,,530.00,100 גרם,false,,9.90,0.0187,true,1,175207
7290012642876,false,פלפלים קטנים חריפים כבושים שלמים,יושלם,,פלפלונים מעורבים כבו,,530.00,100 גרם,false,,9.90,0.0187,true,1,175208
7290012645020,false,"יוגורט עיזים טבעי חלב הארץ 500 מ""ל",חלב הארץ,,משקה יוגורט עיזים חל,,500.00,,false,,14.50,0.0290,true,1,246141
7290012645112,false,"יוגורט עיזים בדלי חלב הארץ 750מ""ל",מחלבות סוסיא,IL,יוגורט עיזים בדלי 75,,750.00,,false,,22.90,0.0305,true,1,195663
7290012645129,false,"יוגורט כבשים בדלי חלב הארץ 750מ""ל",מחלבות סוסיא,IL,יוגורט כבשים 750מל ב,,750.00,,false,,22.90,0.0305,true,1,195664
7290012645389,false,יוגורט עיזים טבעי חלב הארץ 1 ל',מחלבות סוסיא,IL,יוגורט טבעי בקבוק 1ל,,1000.00,,false,,25.90,0.0259,true,1,195672
7290012665059,false,קובה למרק חמים וטעים,,,קובה למרק חמים וטעים,,400.00,100 גרם,false,,16.90,0.0422,true,1,172376
7290012697081,false,סוכרזית מהטבע סטיוויה 100 שקיות,"סוכרזית בע""מ",IL,סוכרזית מהטבע סטיווי,יחידה,0.00,יחידה,false,,34.90,0.0000,true,1,215361
7290012803055,false,ממתיק על בסיס סוכרלוז - שקיות,תות ממתקי איכות,IL,סוכרלוז מרמולייט 100,,100.00,,false,,29.90,0.2990,true,1,206832
7290012803215,false,וופל בלגי בטעם שוקולד ללא תוספת סוכר,בטר אנד דיפרנט,IL,וופל טוסו וופל בלגי,,200.00,100 גרם,false,,10.90,0.0545,true,1,206840
7290012803789,false,שוקולד מריר עם אגוזים ללא תוספת סוכר,האי נאם סי או אל.טי.,TR,שוקולד טוסו מריר ואג,,100.00,,false,,12.90,0.1290,true,1,206868
7290012823381,false,מרכך כביסה מקסימה סנסיטיב מרוכז ורוד 1 ל' סנו,"סנו מפעלי ברונוס בע""",IL,סנו מקסימה ורוד סנסט,,1000.00,100 גרם,false,,18.90,0.0189,true,1,180791
7290012823541,false,מטליות ריצפז פרש בריח לבנדר 10 יח' סנו,"סנו מפעלי ברונוס בע""",IL,מטליות ריצפז פרש סגו,יחידה,0.00,יחידה,false,,13.90,0.0000,true,1,231747
7290012823602,false,נייר טואלט סופט סילק לבן - מארז 32 גלילים,טרופיקל דגיל תעשיות,IL,סופט סילק נייר טואלט,,1950.00,,false,,36.90,0.0189,true,1,180799
7290012823923,false,מרכך כביסה סופר מרוכז פרפיום גולדן סנרייז,סנו מפעלי ברונוס בעמ,IL,סנו מקסימה פרפיום גו,,750.00,,false,,18.90,0.0252,true,1,180815
7290012823947,false,"סנו - מרכך כביסה מרוכז פרפיום קריסטל נואר 750 מ""ל",מיוצר עי קונדיטוריית,IL,סנו מקסימה פרפיום קר,,750.00,,false,,18.90,0.0252,true,1,180817
7290012864001,false,נביטי חמניה 170ג',חקלאי,IL,נבטי חמניות,יחידה,0.00,יחידה,false,,8.90,0.0000,true,1,204528
7290012901355,false,דודלס ארוחת אטריות עם גבינה 206 גרם,האי נאם סי או אל.טי.,US,פסטה מקרוני עם גבינה,,206.00,100 גרם,false,,12.90,0.0626,true,1,174545
7290012929779,false,פסטה ספירלה מקמח מלא טעמן 500 ג',מוטלו,TR,פסטה ספירלה חיטה מלא,,500.00,100 גרם,false,,6.90,0.0138,true,1,228584
7290012929793,false,פסטה ספגטי מקמח מלא טעמן 500 גר',מוטלו,TR,ספגטי מחיטה מלאה 500,,500.00,,false,,6.90,0.0138,true,1,228586
7290012931611,false,שייני כריות ברזל שלשייה,,,כריות ברזל 3יח,,3.00,,false,,6.90,2.3000,true,1,197232
7290012931734,false,"שייני מבשם נוזלי לבנדר 400 מ""ל",מ.א ייצור ושיווק מטל,,מבשם אוויר נטול גז ב,,400.00,,false,,9.90,0.0248,true,1,197237
7290012938405,false,רדיד אלומניום דיימונד 087- עבה במיוחד,,,דאיימונד נייר כסף 87,,0.45,,false,,19.90,44.2222,true,1,199044
7290012938580,false,"סנסודיין משחת שיניים להלבנה עדינה 75 מ""ל",גלקסוסמית'קליין קונס,GB,סנסודיין משחת שיניים,,75.00,,false,,21.90,0.2920,true,1,199048
7290012938740,false,"משחת שיניים פרש מינט מנטה 75מ""ל סנסודיין",גלקסו סמית קליין,GB,סנסודיין משחת שיניים,,75.00,,false,,21.90,0.2920,true,1,199053
7290012962912,false,כפפות ניטרל סייף טאץ,,,כפפות ניטרל סייף טאץ,,100.00,,false,,19.90,0.1990,true,1,253154
7290012962929,false,כפפות ניטרל סייף טאץ,,,כפפות ניטרל סייף טאץ,,100.00,,false,,19.90,0.1990,true,1,253155
7290012962936,false,כפפות ניטריל סייף טא,,,כפפות ניטריל 100יח L,יחידה,0.00,יחידה,false,,24.90,0.0000,true,1,253128
7290012983160,false,סילאן לחיץ חצר כנרת,מנדלז סי.אר. פרודקשן,IL,סילאן לחיץ חצר כנרת,,400.00,100 גרם,false,,10.00,0.0250,true,1,215459
7290012996450,false,הפי מרכך לכביסה מרוכז כחול 1ל',קרלו,BE,הפי מרכך כביסה מרוכז,,1000.00,100 גרם,false,,10.90,0.0109,true,1,183515
7290013031051,false,אורז יסמין לבן שוקחה,,,אורז יסמין לבן שוקחה,,5000.00,100 גרם,false,,29.90,0.0060,true,1,172025
7290013083661,false,תרכובת מזון המשך לפעוטות שלב 1 Extra Care,מטרנה תעשיות ש.מ,IL,מטרנה אקסטרא קר שלב,,700.00,100 גרם,false,,59.90,0.0856,true,1,177208
7290013083678,false,תרכובת מזון המשך לפעוטות שלב 2 Extra Care,מולינו ניקולי s.p.a,IL,מטרנה אקסטרא קר שלב,,700.00,100 גרם,false,,59.90,0.0856,true,1,177209
7290013083685,false,תרכובת מזון המשך לפעוטות שלב 3 Extra Care,מטרנה תעשיות ש.מ,IL,מטרנה אקסטרא קר שלב,,700.00,,false,,59.90,0.0856,true,1,177210
7290013117212,false,בורקס פילו גבינה מעדנות מעדנות 600 ג',מיוצר עי קונדיטוריית,IL,בורקס פילו גבינה מעד,,600.00,,false,,19.90,0.0332,true,1,188339
7290013117236,false,בורקס פילו פיצה מעדנות 600 ג',מיוצר עי קונדיטוריית,IL,בורקס פילו פיצה מעדנ,,600.00,100 גרם,false,,19.90,0.0332,true,1,188341
7290013117243,false,בורקס פילו בולגרית מעדנות 600 ג',מיוצר עי קונדיטוריית,IL,בורקס פילו בולגרית מ,,600.00,100 גרם,false,,19.90,0.0332,true,1,188342
7290013117410,false,בצק פריך מרודד למאפים מתוקים 900 ג' מעדנות,מיוצר עי קונדיטוריית,IL,בצק פריך מרודד למאפי,,900.00,100 גרם,false,,23.90,0.0266,true,1,188345
7290013117427,false,בצק פריך מרודד למאפים מלוחים 900 ג' מעדנות,מיוצר עי קונדיטוריית,IL,בצק פריך מרודד למאפי,,900.00,100 גרם,false,,23.90,0.0266,true,1,188346
7290013117526,false,מעדנות בצק שמרים למאפים מתוקים 900 גרם,"מעדנות בע""מ",IL,בצק שמרים למאפים מתו,,900.00,100 גרם,false,,23.90,0.0266,true,1,188351
7290013268020,false,סנו - מקסימה מרכך כביסה מרוכז אולטרה פרש 1 ליטר,"סנו מפעלי ברונוס בע""",IL,סנו מקסימה אולטרא פר,,1000.00,,false,,18.90,0.0189,true,1,180823
7290013268242,false,תרכיז ריחני לניקוי רצפות בריח מלון מפנק ריצפז פרש,"סנו מפעלו ברונוס בע""",IL,ריצפז פרש הום בניחוח,,2000.00,,false,,23.90,0.0119,true,1,242818
7290013268884,false,ריצפז פרש בניחוח מאסק,מיוצר עי קונדיטוריית,IL,ריצפז פרש מאסק 2ליטר,ליטרים,2.00,ליטר,false,,21.90,10.9500,true,1,180872
7290013268891,false,מסיר כתמים ג'ל אוקסיג'ן ללא אקונומיקה,"סנו מפעלי ברונוס בע""",IL,סנו אוקסיגן 3ליטר,,3000.00,100 גרם,false,,32.90,0.0110,true,1,180873
7290013268907,false,ג'ל כביסה מרוכז מקסימה Bio cold water,"סנו מפעלי ברונוס בע""",IL,סנו מקסימה גל כביסה,ליטרים,3.00,ליטר,false,,32.90,10.9667,true,1,180874
7290013268938,false,סנובון סבון אסלה בניחוח מאסק - מארז 3 יח',סנו,IL,סנובון שלישיה מאסק 3,,195.00,,false,,12.90,0.0662,true,1,180876
7290013268990,false,סנו - מקסימה מרכך כביסה מרוכז ביו 1 ליטר,"סנו מפעלי ברונוס בע""",IL,סנו מקסימה ביו 1ליטר,,1000.00,,false,,18.90,0.0189,true,1,219238
7290013269003,false,מרכך כביסה סופר מרוכז בייבי לתינוקות ולעור רגיש,"סנו מפעלי ברונוס בע""",IL,סנו מקסימה קר בייבי,,1000.00,,false,,19.90,0.0199,true,1,180877
7290013269157,false,"מרכך ומבשם מקסימה למייבש לבנדר 750 מ""ל סנו",סנו מקסימה,,סנו מקסימה למייבש לב,,750.00,100 גרם,false,,19.90,0.0265,true,1,180885
7290013269287,false,סנו - מקסימה ג'ל כביסה מרוכז מאסק 3 ליטר,"סנו מפעלי ברונוס בע""",IL,סנו מקסימה גל כביסה,ליטרים,3.00,ליטר,false,,32.90,10.9667,true,1,180890
7290013269621,false,ריצפז פרש לניקוי רצפות בניחוח מלון בוטיק,מיוצר עי קונדיטוריית,IL,ריצפז פרש הום תרכיז,ליטרים,2.00,ליטר,false,,23.90,11.9500,true,1,225543
7290013269638,false,ספוג הפלא אקסטרה Extra- מארז 6 יח',סנו סושי,US,סנו סושי ספוג הפלא א,יחידה,0.00,יחידה,false,,11.90,0.0000,true,1,180902
7290013269645,false,מטליות לחות לניקוי הרצפה בניחוח מאסק ריצפז פרש,סנו מפעלי ברונוס בעמ,IL,מטליות ריצפז פרש מסק,יחידה,0.00,יחידה,false,,13.90,0.0000,true,1,180903
7290013269652,false,פולייויקס גרניט פורצלן בניתוח מאסק 2 ל',סנו פוליויקס,IL,פוליויקס גרניט פורצל,ליטרים,2.00,ליטר,false,,21.90,10.9500,true,1,180904
7290013269669,false,ריצפז בניחוח פנטזיה לניקוי הרצפה,"סנו מפעלי ברונוס בע""",IL,ריצפז פנטזיה 3ליטר,ליטרים,3.00,ליטר,false,,14.90,4.9667,true,1,180905
7290013269690,false,סנובון /פיסגה ג'ל בניחוח לימון-מרכז,Nicolas polandמשווק,PL,סנובון ג'ל אסלה לימו,,55.00,,false,,7.90,0.1436,true,1,180906
7290013269706,false,סנובון ג'ל לניקוי האסלה בניחוח אוקיינוס,סנו,PL,סנובון ג'ל אסלה ריח,,55.00,,false,,7.90,0.1436,true,1,180907
7290013284075,false,זיתים פריניר טבעות מ,פריניר,,זיתים מושחרים טבעות,,560.00,100 גרם,false,,9.90,0.0177,true,1,213173
7290013284136,false,מלפפונים פריניר במלח,פריניר,,מלפפון במלח 7-9 פרינ,,560.00,,false,,6.90,0.0123,true,1,213178
7290013284150,false,מלפפונים פריניר במלח,פריניר,,מלפפון במלח 13-17 פר,,560.00,,false,,9.90,0.0177,true,1,215111
7290013284167,false,מלפפונים פריניר במלח,פרי ניר,,מלפפון במלח 18-25 פר,,560.00,,false,,12.90,0.0230,true,1,213180
7290013284174,false,מלפפונים פריניר בחומ,פריניר,,מלפפון בחומץ 7-9 פרי,,560.00,,false,,6.90,0.0123,true,1,213181
7290013284662,false,רוטב פיצה פיתה לילדים 240 ג' פריניר,פריניר ( הדס 1987) ב,IL,רוטב פיצה פריניר 240,,240.00,100 גרם,false,,5.90,0.0246,true,1,215366
7290013302014,false,"אבקה שוקו שוקו טעמן 1 ק""ג",,,"שוקו שוקו בד""צ טעמן",,1000.00,100 גרם,false,,11.90,0.0119,true,1,194396
7290013310163,false,מדליק פחם מוצק 40 יח' EASY LIGHT,הדקלאים אגודת שיתופי,DE,מדליק פחם מוצק 40 יח,,40.00,,false,,6.90,0.1725,true,1,194180
7290013358356,false,מאסטר שף - פירורי לחם מוזהבים 320 גרם,מנה י.א בעמ,IL,פירורי לחם מוזהבים מ,,320.00,100 גרם,false,,6.90,0.0216,true,1,185614
7290013358363,false,פירורי לחם פנקו מזוהבים מאסטר שף מנה 300 ג',קריניציה ויטמינה אס,IL,מאסטר שף פירורי לחם,,300.00,,false,,8.90,0.0297,true,1,185615
7290013358431,false,קרוטונים לסלט בתיבול עגבניות ובזיליקום,"עינת תעשיות מזון אג""",IL,קרוטונים לסלט עגבניו,,200.00,100 גרם,false,,12.90,0.0645,true,1,185621
7290013358448,false,"קרוטונים לסלט אקסטרה ארוכים בתיבול שום, בצל ופטרוזיליה",מאסטר שף,IL,קרוטונים לסלט אקסטרה,,200.00,100 גרם,false,,12.90,0.0645,true,1,185622
7290013358462,false,"מיני קרוטונים למרק בתיבול שום, בצל ופטרוזיליה","עינת תעשיות מזון, אג",IL,מיני קרוטונים למרק ש,,350.00,100 גרם,false,,16.90,0.0483,true,1,185624
7290013358486,false,פירורי לחם מוזהבים ללא צורך בביצה,"מיוצר ע""י מנה י.א בע",IL,פירורי לחם מוזהבים ל,,300.00,,false,,6.90,0.0230,true,1,185625
7290013358516,false,"מיקסלט חמוציות, גרעינים, קטניות ואגוזים",המאפיה של הרמן,IL,מיקסלט עם חמוציות מא,,200.00,100 גרם,false,,14.90,0.0745,true,1,185628
7290013358530,false,מאסטר שף אסייאתי רוטב צ'ילי מתוק 700 מל,קריניציה ויטמינה אס,TH,רוטב צילי מתוק מאסטר,,700.00,,false,,14.90,0.0213,true,1,185630
7290013358547,false,מאסטר שף אסייאתי רוטב צ'ילי חריף 700 מל,קי אר אס ספייסי פוד,TH,רוטב צילי חריף מאסטר,,700.00,,false,,14.90,0.0213,true,1,185631
7290013389114,false,ניוקי תפוח אדמה 500 ג' לה פסטה,לה פסטה La' Pasta,,ניוקי תפוא 500 גר,,500.00,100 גרם,false,,9.90,0.0198,true,1,175230
7290013389138,false,ניוקי שלושה צבעים 500 ג' לה פסטה,Ciemme alimentari sr,,ניוקי שלושה צבעים 50,,500.00,100 גרם,false,,9.90,0.0198,true,1,175232
7290013389381,false,"קמח תירס פולנטה מולינו 1 ק""ג",פיקטה piccata,,"קמח תירס 1 ק""ג",,1000.00,100 גרם,false,,10.90,0.0109,true,1,175247
7290013389398,false,"קמח תירס דק 1 ק""ג פולנטה",פיקטה piccata,,"קמח תירס דק 1 ק""ג",,1000.00,,false,,10.90,0.0109,true,1,175248
7290013472908,false,גבינה בולגרית קוביות ו.פוד 400 ג,וילי פוד,TW,הבולגריה בקוביות ויל,,400.00,100 גרם,false,,19.90,0.0497,true,1,228040
7290013492005,false,אמא אדמה תפוח אדמה למיקרו 700 גר',ברכת קטיף,IL,"תפו""א למיקרו",יחידה,0.00,יחידה,false,,7.90,0.0000,true,1,204538
7290013525789,false,אריסה מרוקאית שמיר 150 גר',סלטי שמיר,,סלט עריסה מרוקאית שמ,,150.00,100 גרם,false,,11.90,0.0793,true,1,197675
7290013531117,false,רוטב פסטה לילדים 240 גרם יכין,"זנלכל בע""מ",IL,רוטב פסטה לילדים יכי,,240.00,100 גרם,false,,5.90,0.0246,true,1,174314
7290013531377,false,תורמוס יכין 560 גרם,היינץ צפון אמריקה מק,IL,תורמוס יכין 560 גרם,,560.00,,false,,9.90,0.0177,true,1,174321
7290013534057,false,"צ'יפס בטטה טבעי מיה 100ג' 'כשל""פ",מיה תעשיות מזון בעמ,IL,חטיף צ'יפס בטטה 100,,100.00,100 גרם,false,,8.90,0.0890,true,1,235539
7290013539892,false,אל סבון נוזלי משאבה תה ירוק סטייל 1 ל',סטייל Style,TR,אל סבון נוזלי משאבה,,1000.00,,false,,9.90,0.0099,true,1,239269
7290013540874,false,טונה בשמן קנולה 414 גרם פילטונה,,,נתחי טונה בהירה בשמן,,414.00,100 גרם,false,,12.90,0.0312,true,1,230332
7290013542106,false,כוסות לונג דרינק גמי,,,כוסות לונג דרינק גמי,,10.00,,false,,12.90,1.2900,true,1,228665
7290013542144,false,כוסות קרטון 4OZ אר50 יח',,,כוסות נייר 4אוז 50יח,,50.00,,false,,6.90,0.1380,true,1,197009
7290013542236,false,כוסות חד פעמי .א'ר 100 יח',,,כוסות ח.פ א'ר 100 דנ,,100.00,100 גרם,false,,7.90,0.0790,true,1,197013
7290013542342,false,נייר אפייה ביתי אר 5,,,נייר אפייה ביתי אר 5,יחידה,0.00,יחידה,false,,7.90,0.0000,true,1,249497
7290013542526,false,כוס נייר 8BOZ אר 50 יח',,,כוס נייר 8 אוז 50יח,,50.00,,false,,8.90,0.1780,true,1,197028
7290013579751,false,בשר ראש מוכשר קפוא,,,בשר ראש מוכשר קפוא,קילוגרמים,1.00,"ק""ג",true,,59.90,59.9000,true,1,248256
7290013579867,false,סינטה מוכשר ברזיל קפ,,,סינטה מוכשר ברזיל קפ,קילוגרמים,1.00,"ק""ג",true,,69.90,69.9000,true,1,253567
7290013580009,false,המבורגר זהב 400 ג' 12 יח',,,המבורגר זהב ארוז 400,,400.00,100 גרם,false,,19.90,0.0497,true,1,227447
7290013581648,false,מינוט סטייק אל מטאד,,,סטייק מינוט 250 גרם,,250.00,,false,,19.90,0.0796,true,1,246101
7290013585387,false,קוקה קולה זירו בקבוק,החברה המרכזית לייצור,IL,קוקה קולה זירו 1 ליט,,1000.00,100 גרם,false,,7.50,0.0075,true,1,209601
7290013585394,false,קוקה קולה קלאסי,החברה המרכזית לייצור,IL,קוקה קולה 1ליטר,,1000.00,100 גרם,false,,7.50,0.0075,true,1,209602
7290013608260,false,פרימור מיץ רימונים 100% סחוט טרי 1ל',"גניר (1992) בע""מ",IL,פרימור רימונים סחוט,,1000.00,,false,,24.90,0.0249,true,1,195693
7290013608482,false,פרימור נקטר מנגו 1לי,פרימור,,פרימור נקטר מנגו 1לי,,1000.00,,false,,8.90,0.0089,true,1,179561
7290013608550,false,נקטר תפוזים 1 ל' פרימור,סטאר סנקס,IL,פרימור נקטר תפוזים 1,,1000.00,,false,,8.90,0.0089,true,1,179565
7290013608604,false,"משקה קל תפוחי עץ פרימור 500 מ""ל",סטאר סנקס,IL,פרימור תפוחי עץ 500,,500.00,100 גרם,false,,5.90,0.0118,true,1,242865
7290013608628,false,פרימור משקה קל ענבים,,,"פרימור ענבים 500 מ""ל",,500.00,100 גרם,false,,5.90,0.0118,true,1,242866
7290013608635,false,משקה לימונים עם נענע 1ל' פרימור,סטאר סנקס,IL,פרימור נקטר לימונים,,1000.00,,false,,8.90,0.0089,true,1,219758
7290013608680,false,מיץ עגבניות 1ל' פרימור,סטאר סנקס,IL,פרימור מיץ עגבניות 1,,1000.00,100 גרם,false,,8.90,0.0089,true,1,179568
7290013608703,false,"משקה קל אשכליות 500 מ""ל פרימור",סטאר סנקס,IL,פרימור אשכולית 500 מ,,500.00,100 גרם,false,,5.90,0.0118,true,1,242867
7290013608772,false,"משקה קל תפוזים פרימור 500 מ""ל",סטאר סנקס,IL,"פרימור תפוזים 500 מ""",,500.00,100 גרם,false,,5.90,0.0118,true,1,242868
7290013608796,false,"משקה קל תות בננה 500 מ""ל פרימור",,,פרימור תות בננה 500,,500.00,100 גרם,false,,5.90,0.0118,true,1,242869
7290013625670,false,סינטטי חומצה אצטית מדוללת למזון 5%,טעמן,,חומץ סנטטי טעמן 1ליט,,1000.00,100 גרם,false,,5.90,0.0059,true,1,228601
7290013625922,false,אטריות דקות טעמן 400 ג,מוטלו,TR,איטריות דקות טעמן 40,,400.00,,false,,5.90,0.0148,true,1,194420
7290013625939,false,אטריות דקיקות טעמן 400 גר',מוטלו,TR,איטריות דקיקות טעמן,,400.00,,false,,5.90,0.0148,true,1,194421
7290013652157,false,"ד""ר פישר - נטורל קר מגבונים להסרת איפור לעור רגיל יבש 30 יח' * 3","ד""ר פישר Dr fischer",IL,נטורל קר מגבונים להס,יחידה,0.00,יחידה,false,,25.90,0.0000,true,1,203720
7290013652881,false,מרכך נטורל קר לשיער יבש ופגום חינה ושמן ארגאן,"ד""ר פישר Dr fischer",IL,נטורל קר מרכך לשיער,,700.00,100 גרם,false,,18.90,0.0270,true,1,203734
7290013675545,false,שניצל כלי תחבורה מאמא עוף 700 ג',,,שניצל כלי תחבורה 700,,700.00,,false,,37.90,0.0541,true,1,224115
7290013677839,false,"בורגול יבש מיה 1 ק""ג",מיה,IL,בורגול מיה 1קג,,1000.00,100 גרם,false,,7.90,0.0079,true,1,202220
7290013677846,false,כוסמת מיה 1 קג,מיה,IL,"כוסמת 1 ק""ג",,1000.00,100 גרם,false,,12.90,0.0129,true,1,233411
7290013678010,false,כרוב לבן 400 גרם כיד,,,כרוב לבן 400 גרם כיד,,400.00,,false,,12.90,0.0323,true,1,230523
7290013678034,false,פלפל מרוקאי 400 גרם,,,פלפל מרוקאי 400 גרם,,400.00,100 גרם,false,,12.90,0.0323,true,1,230524
7290013678041,false,פלפל רצועות 400 גרם,,,פלפל רצועות 400 גרם,,400.00,100 גרם,false,,12.90,0.0323,true,1,230525
7290013678058,false,סלסה אדומה 400 גרם כ,,,סלסה אדומה 400 גרם כ,,400.00,100 גרם,false,,12.90,0.0323,true,1,230526
7290013678065,false,חציל עם פלפל חריף 40,,,חציל עם פלפל חריף 40,,400.00,100 גרם,false,,12.90,0.0323,true,1,230521
7290013678171,false,חציל המלך 400 גרם כי,,,חציל המלך 400 גרם כי,,400.00,100 גרם,false,,12.90,0.0323,true,1,230522
7290013702883,false,"שוויפס למונדה ורודה 500 מ""ל",,,שוופס לימונדה ורודה,,500.00,,false,,5.90,0.0118,true,1,181740
7290013724939,false,חטיף חמוציות בשוקולד מריר 160,דין שיווק,IL,משוקלדים חמוציות מרי,,160.00,100 גרם,false,,9.90,0.0619,true,1,200190
7290013724946,false,משוקלדים שקד מריר 160 גר' קופסא,"דין שיווק וקליה בע""מ",IL,משוקלדים שקד מריר קו,,160.00,100 גרם,false,,9.90,0.0619,true,1,200191
7290013724953,false,חמוציות בשוקולד חלב 160ג,שקדיה,IL,משוקולדים חמוציות חל,,160.00,100 גרם,false,,9.90,0.0619,true,1,200192
7290013724991,false,משוקולדים לוז חלב 160 גר' סקופסא,דין שיווק,IL,משוקולדים לוז חלב קו,,160.00,100 גרם,false,,9.90,0.0619,true,1,200196
7290013725752,false,אטריות ביצים צרות לה,,CN,נודלס דק סו שף 400גר,,400.00,100 גרם,false,,8.90,0.0223,true,1,200199
7290013725820,false,משוקלדים לוז מריר 160 גר' קופסא,"דין שיווק וקליה בע""מ",IL,משוקלדים לוז מריר קו,,160.00,,false,,9.90,0.0619,true,1,200201
7290013771216,false,תחליף גבינה פטאקי 25,מיוצר עי קונדיטוריית,IL,פטאקי 16% 250גר השומ,,250.00,100 גרם,false,,14.90,0.0596,true,1,174126
7290013771261,false,גבינה בולגרית מעודנת,מחלבת השומרון,IL,בולגרית מעודנת 5% 25,,250.00,,false,,14.90,0.0596,true,1,174127
7290013771292,false,גבינה פטאקי 16% שומר,מחלבת השומרון,IL,פטאקי 16% 250גר הסדר,,250.00,,false,,14.90,0.0596,true,1,174129
7290013787163,false,רוטב ריקו רוזה 200 ג,קריניסה ויטמין אס אי,IL,רוטב ריקו רוזה 200 ג,,200.00,100 גרם,false,,13.90,0.0695,true,1,246171
7290013787170,false,רוטב שמנת פטריות ריק,קריניסה ויטמין אס אי,IL,רוטב ריקו שמנת פטריו,,200.00,100 גרם,false,,13.90,0.0695,true,1,246172
7290013787392,false,רביולי גבינות קלאסי 330 גרם ריקו בית יוסף,יוניליוור גרמניה Gm,IL,רביולי ריקו גבינות ק,,330.00,,false,,27.50,0.0833,true,1,246164
7290013787408,false,רביולי בטטה 330 גרם ריקו בית יוסף,יוניליוור גרמניה Gm,IL,רביולי ריקו בטטה 330,,330.00,100 גרם,false,,27.50,0.0833,true,1,246165
7290013847102,false,נתחי טונה בהירה בשמן - מארז שלישיה,סטארקיסט Starkist,,טונה סטארקיסט בשמן 3,,240.00,,false,,12.90,0.0538,true,1,179576
7290013847454,false,טונה בשמן קנולה סטארקיסט 4*160 ג',קריות זול,,טונה בשמן קנולה רביע,,640.00,,false,,24.90,0.0389,true,1,248722
7290013847553,false,נתחי טונה בהירה במים דל נתרן - מארז רביעיה,"סטארקיסט פודור בע""מ",TH,סטארקיסט טונה רביעיי,,640.00,100 גרם,false,,24.90,0.0389,true,1,250496
7290013847867,false,מארז זוג טונה בשמן סויה 140 ג' סטארקיסט,טונה ויטנאם קו. אל.ט,IL,טונה סטארקיסט בשמן ס,,140.00,100 גרם,false,,12.90,0.0921,true,1,243223
7290013848383,false,ג'ל רחצה לגבר 12 שעות של הגנה Active block,טרופיקל דגיל תעשיות,IL,קרמה מן ג'ל רחצה אקט,,700.00,,false,,17.90,0.0256,true,1,180928
7290013906205,false,פסטרמה עם שום וצילי טירת צבי 400 ג',הנסיך- מפעל לייצור ט,IL,פסטרמה שום וצ'ילי פי,,400.00,100 גרם,false,,27.90,0.0697,true,1,188375
7290013906212,false,"נקנקיות וינר טירת 1 ק""ג טירת צבי",הנסיך- מפעל לייצור ט,IL,נקניקיות וינר טירת צ,,1000.00,100 גרם,false,,29.90,0.0299,true,1,188376
7290013906441,false,קבנוס 120 ג' טירת צבי,הנסיך- מפעל לייצור ט,IL,טירת צבי קבנוס 120 ג,,120.00,,false,,11.90,0.0992,true,1,188383
7290013906687,false,פסט' צמד כפרית ברביקיו ודבש 300X2ג' טירת צבי,הנסיך- מפעל לייצור ט,IL,פסטרמה צמד מארז כפרי,,600.00,,false,,27.90,0.0465,true,1,188386
7290013927002,false,עוגיות דיקליות בטעם שוקו אחווה 400 ג',,,דקליות שוקו במגש 400,,400.00,100 גרם,false,,11.90,0.0298,true,1,202753
7290013927026,false,עוגיות דקליות וניל אחווה 400 ג',,,דקליות אחווה 400גר,,400.00,100 גרם,false,,11.90,0.0298,true,1,202755
7290013927101,false,אחווה עוגה תפוחים ללא תוספת סוכר 450גר,אחדות ביחר לטחינה חל,IL,עוגת תפוחים ללא תוספ,,450.00,100 גרם,false,,13.90,0.0309,true,1,202761
7290013927156,false,אחוה בטעם פירות יער ללא תוספת סוכר 450 גרם.,אחדות ביחר לטחינה חל,IL,עוגה בטעם פירות יער,,450.00,100 גרם,false,,13.90,0.0309,true,1,202765
7290013927200,false,עוגת שוקולד צ'יפס עשירה אחווה 400ג',אחדות ביחר לטחינה חל,IL,עוגת שוקולד צ'יפס עש,,400.00,100 גרם,false,,12.90,0.0323,true,1,202768
7290013927637,false,חלווה ללא תוספת סוכר 400 גר' אחוה,אחדות ביחר לטחינה חל,IL,חלווה ללא תוספת סוכר,,400.00,100 גרם,false,,13.90,0.0348,true,1,226027
7290013927996,false,עוגת שמרים קראץ' בטעם שוקולד 400 גר',אחדות ביחר לטחינה חל,IL,עוגת שמרים קרנץ בטעם,,400.00,,false,,12.90,0.0323,true,1,243985
7290013946089,false,מג'יק ניקוי חלונות 1 ל',סאסאטק,IL,מבריק חלונות מגיק 1ל,,1000.00,,false,,6.90,0.0069,true,1,202554
7290014002203,false,תה ויסוצקי חליטת לימונית ולואיזה 20יח',HIQ FOOD PRODUCTS,IL,חליטת לימונית לואיזה,,25.00,,false,,19.90,0.7960,true,1,190621
7290014002944,false,גן קסום חליטת פירות וצמחים חמדת שקד 25 שקיקים,HIQ FOOD PRODUCTS,IL,תה הגן הקסום חליטת פ,,57.50,100 גרם,false,,19.90,0.3461,true,1,232416
7290014002982,false,תה ירוק לימונית לואיזה בתוספת עלי סטיביה 25 שקיקים,ויסוצקי ירוק,IL,תה ירוק לימונית לואי,יחידה,0.00,יחידה,false,,25.90,0.0000,true,1,190634
7290014046016,false,פסטרמה של פעם דל שומן 2% רכיבים טבעיים,מעדני יחיעם,IL,פסטרמה של פעם 250 גר,,250.00,,false,,26.90,0.1076,true,1,172204
7290014046047,false,צמד פסטרמות 600 ג' יחיעם,מעדני יחיעם 1993,IL,צמד פסטרמות פפריקה ו,,600.00,100 גרם,false,,29.90,0.0498,true,1,172207
7290014046474,false,"נקניקיות עוף 1.5 ק""ג יחיעם",יחיעם,IL,*מבצע* נקניקיות עוף,,1500.00,100 גרם,false,,28.00,0.0187,true,1,172210
7290014046580,false,פסטרמה מעודנת על גחלים 300 ג' יחיעם,מעדני יחיעם 1993,IL,פסטרמה מעודנת על גחל,,300.00,100 גרם,false,,25.90,0.0863,true,1,172218
7290014046757,false,סלמי תה מעדני יחיעם,פ.פ.ח. שאביט,IL,סלמי תה יחיעם 300 גר,,300.00,100 גרם,false,,24.90,0.0830,true,1,172222
7290014059085,false,"סנוסדין משחת שיניים לשיקום והגנה 75 מ""ל",סמית קליין ביצ'ם,GB,משחת שיניים סנסודיין,,75.00,,false,,19.90,0.2653,true,1,233176
7290014059436,false,"סנסודיין משחת שיניים לשיקום והגנה מלבינה 75 מ""ל",סמית קליין ביצ'ם,GB,משחת סנסודיין לשיקום,,75.00,,false,,19.90,0.2653,true,1,233177
7290014066380,false,לנדוור-קפסולות אספרסו סופרימו(10) - 10יח'12X יח,קפה לנדוור,IL,לנדוור קפסולות אספרס,,50.00,100 גרם,false,,14.90,0.2980,true,1,243977
7290014066526,false,לנדוור-קפסולות אספרסו תערובת הבית(11) - 10יח'12X יח,קפה לנדוור,IL,לנדוור קפסולות אספרס,,50.00,,false,,14.90,0.2980,true,1,243979
7290014066533,false,לנדוור-קפסולות אספרסו קלייה כפולה(12) - 10יח'12X יח,לנדוור,IL,לנדוור קפסולות אספרס,,50.00,100 גרם,false,,14.90,0.2980,true,1,243980
7290014079847,false,צמד פטריות בייבי בלה,"מרינה פטריות הגליל בע""מ",IL,צמד פטריות בייבי בלה,,500.00,100 גרם,false,,15.90,0.0318,true,1,172592
7290014083479,false,גבינת גאודה פרוסות 150 גרם 29% שומן,ג.וילי פוד אינטרנשיו,IL,גבינת גאודה פרוסה חצ,,150.00,100 גרם,false,,9.90,0.0660,true,1,178710
7290014083813,false,וילי פוד מריגה שפרוטים מעושנים בשמן 190ג,הנסיך- מפעל לייצור ט,LV,שפרוטים מעושנים בשמן,,190.00,,false,,9.90,0.0521,true,1,178727
7290014088955,false,קקאו 500 גרם חילדה,,,קקאו 500 גרם חילדה,,500.00,,false,,14.90,0.0298,true,1,249167
7290014094352,false,אגוזי מלך בקופסא 200 ג',"דין שיווק וקליה בע""מ",,אגוזי מלך בקופסא 200,,200.00,100 גרם,false,,16.90,0.0845,true,1,200223
7290014094383,false,משמש מיובש ששון הקול,"דין שיווק וקליה בע""מ",,משמש 250 גרם בקופסא,,250.00,,false,,21.90,0.0876,true,1,200226
7290014094390,false,חמוציות מסוכרות ששון,"דין שיווק וקליה בע""מ",,חמוציות 250 גרם קופס,,250.00,100 גרם,false,,16.90,0.0676,true,1,200227
7290014094406,false,צימוק לבן 330 ג' בקופסא,"דין שיווק וקליה בע""מ",,צימוק לבן קופסא 250ג,,250.00,,false,,17.90,0.0716,true,1,200228
7290014094505,false,אורז בסמתי טהור אהרוני 1 ק''ג,האי נאם סי או אל.טי.,IN,אורז בסמטי טהור אהרו,,1000.00,,false,,11.90,0.0119,true,1,200234
7290014094628,false,פקאן טבעי 200 ג' בקופסא,ששון הקולה,,פקאן טבעי בקופסא 200,,200.00,100 גרם,false,,22.90,0.1145,true,1,200241
7290014094659,false,בונדוק טבעי בקופסא 2,דין שיווק,IL,בונדוק טבעי בקופסא 2,,250.00,100 גרם,false,,22.90,0.0916,true,1,200244
7290014094796,false,משמש מיובש ששון הקול,"דין שיווק וקליה בע""מ",,משמש בשקית 300גר,,300.00,,false,,20.00,0.0667,true,1,200251
7290014094895,false,אגוזים קלופים ששון הקולה 150 ג',,,אגוזי מלך שקית 150גר,,150.00,,false,,10.90,0.0727,true,1,200260
7290014095861,false,שיבולת שועל דקה להכנה מהירה,"דין שיווק וקליה בע""מ",IL,קוואקר שיבולת שועל ד,,500.00,100 גרם,false,,7.90,0.0158,true,1,200272
7290014095953,false,משוקלדים פקאן בשוקולד חלב 140 ג',שקדיה גבע בתעשיות עמ,IL,משוקלדים פקאן חלב קו,,160.00,100 גרם,false,,9.90,0.0619,true,1,200274
7290014095960,false,שיבולת שועל עבה להכנה מהירה,"דין שיווק וקליה בע""מ",IL,קוואקר שיבולת שועל ע,,500.00,100 גרם,false,,7.90,0.0158,true,1,200275
7290014204560,false,"סבון נוזלי שלישייה * 500 מ""ל פנינה",,,סבון שלישייה פנינה *,ליטרים,1.50,ליטר,false,,11.90,7.9333,true,1,253102
7290014204683,false,"פנינה רוזנבלום- סבון נוזלי משאבה סגול,1 ליטר",,,סבון נוזלי משאבה סגו,,1000.00,,false,,10.90,0.0109,true,1,233938
7290014204690,false,פנינה סבון נוזלי ורוד משאבה 1 ליטר,,,סבון נוזלי משאבה ורו,,1000.00,,false,,10.90,0.0109,true,1,233939
7290014217065,false,תבלין אורגנו עלים 30 גר',תות ממתקי איכות,IL,אורגנו מיכל גדול 30ג,,30.00,,false,,9.90,0.3300,true,1,197881
7290014217119,false,תערובת לצ'יפס מיכל 100 ג',תות ממתקי איכות,IL,מיכל תערובת לצ'יפס 1,,100.00,100 גרם,false,,9.90,0.0990,true,1,197884
7290014217171,false,תערובת תיבול תיבול גריל דג מיכל 100ג',תות ממתקי איכות,IL,מיכל תערובת תיבול תי,,100.00,,false,,10.90,0.1090,true,1,197890
7290014217225,false,תבלין גריל עוף מיכל 120גר,תות ממתקי איכות,IL,גריל עוף מיכל 120גר,,120.00,100 גרם,false,,11.90,0.0992,true,1,197892
7290014217348,false,צ'ילי כתוש חריף (פלפל קיינה),תות ממתקי איכות,IL,צ'ילי כתוש מיכל 70גר,,70.00,100 גרם,false,,9.90,0.1414,true,1,197896
7290014217355,false,תבלין אבקת קרי מיכל 100ג',תות ממתקי איכות,IL,אבקת קרי מיכל 100גר,,100.00,100 גרם,false,,9.90,0.0990,true,1,197897
7290014217515,false,תבלין ציפוי ללחם מלוח טעם וריח 90 ג',תות ממתקי איכות,IL,ציפוי מאפה מלוח מיכל,,90.00,100 גרם,false,,10.90,0.1211,true,1,225083
7290014217522,false,תערובת ללחם שום טעם וריח 100 ג',תות ממתקי איכות,IL,לחם שום תערובת מיכל,,100.00,100 גרם,false,,10.90,0.1090,true,1,225084
7290014218321,false,בורקס אישי גבינה מעדנות 600 ג',מיוצר עי קונדיטוריית,IL,בורקס יפו גבינה מעדנ,,600.00,100 גרם,false,,18.90,0.0315,true,1,188400
7290014218338,false,בורקס יפו במילוי תפוחי אדמה,מיוצר עי קונדיטוריית,IL,"בורקס יפו תפו""א מעדנ",,600.00,100 גרם,false,,15.90,0.0265,true,1,188401
7290014218536,false,"בצק עלים מופחת שומן מעדנות 1 ק""ג","מעדנות בע""מ",IL,בצק עלים מופחת שומן,,1000.00,100 גרם,false,,21.90,0.0219,true,1,188410
7290014218932,false,חטיפי פיצה בתוספת זיתים 710 ג' מעדנות,מיוצר עי קונדיטוריית,IL,חטיפי פיצה בתוספת זי,,710.00,,false,,29.90,0.0421,true,1,226544
7290014256620,false,יין אדום מתוק מבעבע Buzz קריניאנו,יקבי כרמל Carmel Winery,IL,באז משקה מבוסס יין מ,,750.00,,false,,25.90,0.0345,true,1,171294
7290014325050,false,קורנפלור מיה 500 גרם,מיה תעשיות מזון בעמ,IL,קורנפלור 500 גרם,,500.00,100 גרם,false,,6.90,0.0138,true,1,202222
7290014397675,false,סנו מקסימה מרכך כביסה חלב ודבש 4 ל',סנו,IL,סנו מקסימה מרכך כביס,ליטרים,4.00,ליטר,false,,22.90,5.7250,true,1,180993
7290014397705,false,פוליויקס פרקט בניחוח מאסק,סנו פוליויקס,IL,פוליויקס פרקט בניחוח,ליטרים,2.00,ליטר,false,,21.90,10.9500,true,1,180996
7290014397873,false,מרכך כביסה בבישום עוצמתי ג'נטל בריז,סנו מקסימה,IL,סנו מקסימה מרכך כביס,,4000.00,,false,,22.90,0.0057,true,1,242819
7290014435810,false,הרינג כבוש ובצל במרינת חמוץ מתוק שמיר 180 ג',שבעת הימים - שמיר,IL,הרינג כבוש עם בצל במ,,180.00,100 גרם,false,,22.90,0.1272,true,1,197686
7290014435834,false,מקרל מעושן פרוס בשמן 180 גרם,שבעת הימים - שמיר,IL,מקרל מעושן פרוס בשמן,,180.00,,false,,24.90,0.1383,true,1,197688
7290014435841,false,פילה מטיאס הולנדי בשמן שמיר 180ג',סלטי שמיר 2006 בעמ,IL,פילה מטיאס הולנדי בש,,180.00,100 גרם,false,,22.90,0.1272,true,1,197689
7290014455252,false,גבינה קשה מגורדת גרנה פדנו 29% שומן,מחלבות גד שיווק 1992,IT,גרנה פדנו מגורד 100ג,,100.00,,false,,12.50,0.1250,true,1,171703
7290014455467,false,ירח מתוק מעדן חלב 2% ושיבולת שועל גד 150ג',מחלבות גד,IL,מעדן שיבולת שועל וחל,,150.00,100 גרם,false,,5.90,0.0393,true,1,171714
7290014459137,false,"צ'יפס תפוגן סטייק 1.5 ק""ג","תעשיות תפוגן בע""מ",IL,ציפס סטייק תפוגן 1.5,,1500.00,,false,,26.90,0.0179,true,1,177269
7290014471429,false,"מוזלי עם פירות 1 ק""ג - 429 סגול שקדיה",דין שיווק,IL,מוזלי עם פירות שקדיה,,1000.00,,false,,19.90,0.0199,true,1,200279
7290014471443,false,"גרנולה צימוקים אגוזים ושקדים1 ק""ג חדש - 443 כתום שקדיה (כתום)",דין שיווק,IL,גרנולה עם צימוקים אג,,1000.00,100 גרם,false,,19.90,0.0199,true,1,200281
7290014472136,false,גרעין שחור קלוי ששון הקולה 150 ג',דין שיווק,IL,גרעין שחור קלוי 150ג,,150.00,,false,,3.90,0.0260,true,1,200288
7290014472228,false,תאנים בקופסא 330גרם,"דין שיווק וקליה בע""מ",,תאנים בקופסא 330גרם,,330.00,100 גרם,false,,21.90,0.0664,true,1,200290
7290014472235,false,פקאן סיני מסוכר בקופ,ששון הקולה,,פקאן סיני מסוכר בקופ,,200.00,,false,,22.90,0.1145,true,1,200291
7290014472426,false,קונפיטורה דובדבן חמוץ 450 ג' שקדיה,"דין שיווק וקליה בע""מ",IL,קונפיטורה דובדבן חמו,,450.00,,false,,12.90,0.0287,true,1,200297
7290014472433,false,קונפיטורה תות שדה 450 ג' שקדיה,"דין שיווק וקליה בע""מ",IL,קונפיטורה תות שדה 45,,450.00,,false,,12.90,0.0287,true,1,200298
7290014472440,false,קונפיטורה שקדיה תפוז 450 ג',"דין שיווק וקליה בע""מ",IL,קונפיטורה תפוז 450גר,,450.00,100 גרם,false,,12.90,0.0287,true,1,200299
7290014472464,false,קונפיטורה משמש 450גר,"דין שיווק וקליה בע""מ",IL,קונפיטורה משמש 450גר,,450.00,100 גרם,false,,12.90,0.0287,true,1,200301
7290014472990,false,ממרח 100% שקדים שקדיה 300 ג',דין שיווק,IL,ממרח 100% שקדים 300ג,,300.00,100 גרם,false,,34.90,0.1163,true,1,200308
7290014525023,false,מרבה סלים פרוט בטעם יוגורט ופירות יער,סלים דליס Slim Delis,ES,סלים פרוט חטיף דגנים,,215.00,100 גרם,false,,15.90,0.0740,true,1,185652
7290014525306,false,מרבה סלים דליס קריספי אוכמניות 125 גר,סלים דליס Slim Delis,NL,חטיפי מרבה סלים דליס,,125.00,100 גרם,false,,15.90,0.1272,true,1,232155
7290014534650,false,פסטה 55 צינור 400 ג' לה פסטה,,,פסטה לה פסטה צינור 4,,400.00,,false,,4.90,0.0123,true,1,175284
7290014534667,false,פסטה קונכיה 53 400 ג' לה פסטה,,,פסטה לה פסטה קונכיה,,400.00,,false,,4.90,0.0123,true,1,175285
7290014534674,false,ספגטי לה פסטה פרפר 4,,,פסטה לה פסטה פרפר 40,,400.00,,false,,4.90,0.0123,true,1,175286
7290014534681,false,פסטה בורג 64 400 ג' לה פסטה,,,פסטה לה פסטה בורג 40,,400.00,,false,,4.90,0.0123,true,1,175287
7290014534698,false,פסטה תלתל 65 400 ג' לה פסטה,,,פסטה לה פסטה תלתל 40,,400.00,,false,,4.90,0.0123,true,1,175288
7290014534704,false,פסטה 25 אטריות מרק 400 ג' לה פסטה,,,פסטה לה פסטה אטריות,,400.00,,false,,4.90,0.0123,true,1,175289
7290014555648,false,שמפו לשיער ולגוף 4 ליטר נובו,,,שמפו לשיער ולגוף נוב,ליטרים,4.00,ליטר,false,,19.90,4.9750,true,1,213362
7290014555730,false,"תחליב רחצה דבש 700 מ""ל נובו.",סאסאטק,IL,נובו תחליב רחצה דבש,,700.00,,false,,10.00,0.0143,true,1,202574
7290014555747,false,"תחליב רחצה נובו הרבל 700 מ""ל",סאסאטק,IL,נובו תחליב רחצה הרבל,,700.00,,false,,10.00,0.0143,true,1,202575
7290014555778,false,"נובו ג'ל רחצה לגבר בלייז 700מ""ל",סאסאטק,IL,נובו תחליב רחצה לגבר,,700.00,,false,,10.00,0.0143,true,1,202578
7290014555785,false,"נובו ג'ל רחצה לגבר וויב 700מ""ל",סאסאטק,IL,נובו תחליב רחצה לגבר,,700.00,100 גרם,false,,10.00,0.0143,true,1,202579
7290014581036,false,"פחם דליק 2 ק""ג",,,"פחמים כ- 2 ק""ג",יחידה,0.00,יחידה,false,,11.90,0.0000,true,1,210695
7290014581531,false,מארז פחמים 100% עץ טבעי,,,פחמים סופר גריל כ-2,,2000.00,,false,,11.90,0.0060,true,1,247105
7290014648005,false,לה בלה מסיר לק ללא אציטון,,,לה בלה מסיר לק ללא א,,250.00,100 גרם,false,,9.90,0.0396,true,1,226938
7290014651807,false,בוטן אמריקאי בדיספלי,,,בוטן אמריקאי בדיספלי,,50.00,,false,,2.00,0.0400,true,1,219814
7290014692299,false,גבינת ברי 125 ג' קסטיאלו ויליפוד,יורו צ'יז Euro Cheese,DK,גבינת ברי קאסטללו יו,,125.00,100 גרם,false,,21.90,0.1752,true,1,178737
7290014692305,false,גבינת קממבר 125ג' CASTELLO ויליפוד,הנסיך- מפעל לייצור ט,DK,גבינת קממבר יורוציז,,125.00,,false,,21.90,0.1752,true,1,178738
7290014692541,false,גבינה צהובה מגורדת 500 גר' GOLDEN,ג.וילי פוד אינטרנשיו,IL,אמה מגורדת 500גר,,500.00,100 גרם,false,,19.90,0.0398,true,1,178752
7290014692817,false,גבינת מוצרלה מגורדת 200 ג' EURO CHEESE ויליפוד,הנסיך- מפעל לייצור ט,IL,גבינת מוצרלה מגורדת,,200.00,,false,,15.90,0.0795,true,1,178766
7290014731264,false,כוסות לשתייה קרה 100 יחי',,,כוסות פלסטיק לשתיה ק,יחידה,0.00,יחידה,false,,7.90,0.0000,true,1,216855
7290014731707,false,צלחות פלסטיק גדול 50,,,צלחות פלסטיק גדול 50,יחידה,0.00,יחידה,false,,14.90,0.0000,true,1,227607
7290014748590,false,מקלוני דגים בציפוי צ,עיצובים 2020 (4.9),IL,מקלוני דגים בציפוי צ,,600.00,100 גרם,false,,27.90,0.0465,true,1,225165
7290014749245,false,ספיישל רצועות שניצל שומשום עוף טוב 600 גרם,מוצרי עוף טוב (2001),IL,צ'ונגו רצועות שניצל,,600.00,,false,,34.90,0.0582,true,1,244357
7290014749764,false,עוף טוב שניצל עוף ביתי עדין 700,מוצרי עוף טוב (2001),IL,שניצל עוף ביתי מעודן,,700.00,100 גרם,false,,43.90,0.0627,true,1,243531
7290014749863,false,שניצל דק ענק קריספי צ'יפס עוף טוב 720 גר',מוצרי עוף טוב (2001),IL,שניצל דק ענק קריספי,,720.00,100 גרם,false,,37.90,0.0526,true,1,247469
7290014758100,false,מאגדת יוגורט ביו 3% שומן 8 יח' *150ג' תנובה,מיוצר עי קונדיטוריית,IL,יוגורט ביו מאגדת שמי,,1200.00,,false,,16.90,0.0141,true,1,189697
7290014758117,false,מאגדת יוגורט ביו 1.5% שומן 8 יח' *150 ג' תנובה,מיוצר עי קונדיטוריית,IL,יוגורט ביו מאגדת שמי,,1200.00,,false,,16.90,0.0141,true,1,189698
7290014758162,false,חלב עיזים מלא 3.6% קרטון 1 ל' תנובה,תנובה מרכז שיתופי לש,IL,חלב עיזים מלא 3.6% ש,,1000.00,,false,,16.50,0.0165,true,1,189700
7290014758681,false,קוטג' תנובה 1% גביע 250 ג',מיוצר עי קונדיטוריית,IL,גבינת קוטג׳ 1% בגביע,,250.00,,false,,5.90,0.0236,true,1,189729
7290014759084,false,גבינת שמנת 16% בטעם טבעי 225 ג' נפוליאון,תנובה מרכז שיתופי לש,IL,גבינת נפוליאון 16% 2,,225.00,100 גרם,false,,14.50,0.0644,true,1,189743
7290014759978,false,"גבינת קצקבל פלח גלעד 27%, 200 ג'",תנובה,IL,קאשקבל פלח 200 גר,,200.00,100 גרם,false,,28.90,0.1445,true,1,189759
7290014760134,false,מעדן סויה בטעם וניל אלטרנטיב,תנובה Alternative,IL,מעדן סויה בטעם וניל,,125.00,,false,,4.10,0.0328,true,1,189766
7290014760141,false,משקה שקדים תנובה E אלטרנטיב,תנובה Alternative,IL,משקה שקדים טרי 1ליטר,,1000.00,100 גרם,false,,13.00,0.0130,true,1,189767
7290014761018,false,גיל בטעם וניל תנובה,תנובה מרכז שיתופי לש,IL,גיל בטעם וניל 3% 125,,125.00,,false,,1.50,0.0120,true,1,189793
7290014761056,false,מעדן שוקולד חלב מעולה 123 ג' יולו,מיוצר עי קונדיטוריית,IL,מעדן שוקולד חלב יולו,,123.00,100 גרם,false,,4.60,0.0374,true,1,189794
7290014761063,false,מעדן שוקולד מריר מעולה 123 ג' יולו,מיוצר עי קונדיטוריית,IL,מעדן שוקולד מריר יול,,123.00,100 גרם,false,,4.60,0.0374,true,1,189795
7290014761070,false,מעדן שוקולד לבן מעולה 123 ג' יולו,מיוצר עי קונדיטוריית,IL,מעדן שוקולד לבן יולו,,123.00,100 גרם,false,,4.60,0.0374,true,1,189796
7290014761414,false,מעדן שכבות שוקולד חלב ולבן 123 ג' יולו,מיוצר עי קונדיטוריית,IL,יולו מעדן שכבות שוקו,,123.00,100 גרם,false,,4.60,0.0374,true,1,189811
7290014761612,false,מעדן עם שוקולד מריר ולבן 122 ג' יולו,מיוצר עי קונדיטוריית,IL,יולו מעדן שכבות שוקו,,123.00,,false,,4.60,0.0374,true,1,189818
7290014762756,false,נפוליאון גבינת שמנת עם בצל 16% שומן,הרדוף חלב,IL,גבינת נפוליאון 16% ב,,225.00,,false,,14.50,0.0644,true,1,189866
7290014762800,false,מעדן סויה שוקולד גביע 125 גרם אלטרנטיב,תנובה מרכז שיתופי לש,IL,מעדן סויה בטעם שוקול,,125.00,,false,,4.10,0.0328,true,1,221327
7290014762831,false,גבינת שמנת חלפיניו 24% שומן 225 ג' נפוליאון,תנובה מרכז שיתופי לש,IL,גבינת נפוליאון 25% ע,,225.00,100 גרם,false,,14.50,0.0644,true,1,189868
7290014763098,false,קרם גבינת שמנת 5% עם פלפל שום ובצל 200 ג' תנובה,תנובה,IL,קרם גבינה שמנת 5% טו,,200.00,100 גרם,false,,12.00,0.0600,true,1,189879
7290014791091,false,"שוויפס לימונייד 500 מ""ל",,,שוופס לימונייד 500מל,,500.00,100 גרם,false,,5.90,0.0118,true,1,181745
7290014791336,false,מים מינרליים מי עדן,יושלם,,מי עדן 1ליטר,,1000.00,,false,,3.90,0.0039,true,1,222397
7290014791725,false,"שוויפס תפוחים מוגז 500 מ""ל",,,שוופס מוגז תפוח 500,,500.00,,false,,5.90,0.0118,true,1,181768
7290014855434,false,מגבונים בייביסיטר פרפורמנס מבושם רביעיה,בייביסיטר Babysitter,,מגבוני בייביסיטר פרפ,יחידה,0.00,יחידה,false,,15.90,0.0000,true,1,171927
7290014855458,false,מגבוני בייביסיטר פרפורמנס ללא בישום מארז 72X4יח',בייביסיטר Babysitter,,מגבוני בייביסיטר פרפ,יחידה,0.00,יחידה,false,,15.90,0.0000,true,1,171928
7290014860094,false,מקלוני אורז ללא גלוט,ניינטי נודל קו,TH,מקלוני אורז ללא גלוט,,454.00,100 גרם,false,,10.90,0.0240,true,1,204749
7290014860155,false,מחצלת במבו שטוחה 24X24 ס'מ,גולין פנגזו,CN,מחצלת במבו שטוחה 24*,יחידה,0.00,יחידה,false,,7.90,0.0000,true,1,204751
7290014901247,false,"סטייל שמפו 0חר החלקה מועשר בקרטין, 750 מ""ל",א.ל. ארמן ייצור תמרו,IL,שמפו סטייל קרטין 750,,750.00,100 גרם,false,,19.90,0.0265,true,1,233179
7290014905207,false,הפי גל לניקוי אסלה 7,אורו,,הפי גל לניקוי אסלה 7,,750.00,,false,,10.90,0.0145,true,1,183545
7290014905689,false,"נוזל כלים הפי מרוכז 24% תפוח 750 מ""ל",וונדפוט,BE,הפי נוזל כלים ירוק ת,,750.00,100 גרם,false,,7.90,0.0105,true,1,183551
7290014905696,false,"נוזל כלים הפי מרוכז 24% לימון 750 מ""ל",וונדפוט,BE,הפי נוזל כלים צהוב ל,,750.00,100 גרם,false,,7.90,0.0105,true,1,183552
7290014945388,false,אטבי כביסה סופר מילנ,,,אטבי כביסה סופר מילנ,יחידה,0.00,יחידה,false,,8.90,0.0000,true,1,197247
7290014945753,false,"שייני מבשם נוזלי פרחי אביב 400 מ""ל",,,מבשם אוויר נטול גז ב,יחידה,400.00,יחידה,false,,9.90,0.0248,true,1,197249
7290014945807,false,קיסמי שיניים דנטליים,,,קיסמי שיניים דנטליים,,200.00,,false,,6.90,0.0345,true,1,228736
7290015008020,false,נר נשמה ר. שמאי 24 שעות,,CN,נר נשמה 24 שעות שמאי,יחידה,0.00,יחידה,false,,1.90,0.0000,true,1,230217
7290015008037,false,להבונים 50 יח ר.שמאי,,,להבונים 50 יח',,50.00,,false,,9.90,0.1980,true,1,227674
7290015008372,false,"כוס קרטון לשתיה חמה 8OZ ח""פ 50יח'",,,כוסות שתיה חמה 50 יח,יחידה,0.00,יחידה,false,,8.90,0.0000,true,1,243184
7290015008587,false,"קערה ענקית שקופה קשיחה לאירוח ח""פ",,CN,קערה לאירוח קשיחה וש,יחידה,0.00,יחידה,false,,11.90,0.0000,true,1,234785
7290015008631,false,שקיות צליה ר. שמאי 10+2יח',,,שקיות צליה 12יח' ר.ש,,12.00,,false,,4.90,0.4083,true,1,248241
7290015008655,false,כפות שקוף/קרם ארוז 50 יח,,,כפות ארוז 50 יח,יחידה,0.00,יחידה,false,,9.90,0.0000,true,1,230213
7290015008662,false,"מזלג שקוף ארוז ח""פ 50יח'",,,מזלג ארוז 50 יח,יחידה,0.00,יחידה,false,,9.90,0.0000,true,1,230214
7290015008679,false,"סכין שקוף/קרם ארוז 50 יחי' כשל""פ",,,סכין ארוז 50 יח,יחידה,0.00,יחידה,false,,9.90,0.0000,true,1,230215
7290015008686,false,כפיות שקוף 50 יח',,,כפיות ארוז 50 יח,יחידה,0.00,יחידה,false,,9.90,0.0000,true,1,230216
7290015008822,false,"כוסות קרטון אספרסו 4OZ ח""פ 50יח'",,,כוסות קרטון 50 יח' O,יחידה,0.00,יחידה,false,,7.90,0.0000,true,1,247786
7290015008976,false,שקיות למזון מארז 150X3יח',,,שקיות אוכל בקרטון של,יחידה,0.00,יחידה,false,,10.90,0.0000,true,1,227614
7290015039253,false,וילי פוד עלי גפן במי מלח 620 גר,קוראהן פזלרמה וי דיס,TR,עלי גפן במי מלח 620ג,,620.00,100 גרם,false,,10.90,0.0176,true,1,178784
7290015057066,false,טעמן עלי גפן 400 גרם,,,עלי גפן טעים 400גר,,400.00,100 גרם,false,,9.90,0.0248,true,1,194437
7290015139267,false,שוקולד מריר עם שקדים ללא תוספת סוכר וסטהיים,כרמית תעשיות ממתקים,IL,שוקולד מריר עם שקדים,,85.00,,false,,6.90,0.0812,true,1,214187
7290015150088,false,מחית עגבניות גרנד איטליה 700גרם,שוורצקוף& הנקל דיסלד,IT,מחית עגבניות גרנד אי,,700.00,100 גרם,false,,12.90,0.0184,true,1,190667
7290015150118,false,עגבניות חתוכות דק בלה איטליה 3*400 ג',אמיליאנה קונסרב ס.פ.,IT,עגבניות חתוכות 3* 40,,1200.00,,false,,13.90,0.0116,true,1,190670
7290015150361,false,תה ירוק נענע סטיביה 25 שקיקים ויסוצקי,ויסוצקי ירוק,IL,תה ירוק נענע סטיביה,יחידה,0.00,יחידה,false,,25.90,0.0000,true,1,190671
7290015155830,false,מחית תפוחי עץ ובננה חטיפטף ללא תוספת סוכר,פרוטה פודיווין,CZ,פרינוק פאוץ' בטעם תפ,,120.00,100 גרם,false,,5.90,0.0492,true,1,242858
7290015155847,false,מחית סלט פירות חטיפטף ללא תוספת סוכר,פרוטה פודיווין איי.א,CZ,פרינוק פאוץ' בטעם סל,,120.00,100 גרם,false,,5.90,0.0492,true,1,242859
7290015156776,false,מחית פירות טרופיים חטיפטף ללא תוספת סוכר,פרינוק,,פרינוק פאוץ פירות טר,,120.00,100 גרם,false,,5.90,0.0492,true,1,242861
7290015161541,false,קוואקר שיבולת שועל אינסטנט ללא גלוטן - 400 גרם,נוטרה זן NutraZen,DK,קוואקר דק ללא גלוטן,,400.00,,false,,19.90,0.0497,true,1,247406
7290015251174,false,"שלישיית סבון ידים ירוק נובו 500 מ""ל",סאסאטק,IL,נובו אל סבון ירוק של,,1500.00,,false,,10.00,0.0067,true,1,202581
7290015251204,false,"נובו שלישיית סבון ידיים ורוד 500מ""ל",סאסאטק,IL,נובו אל סבון ורוד של,,1500.00,100 גרם,false,,10.00,0.0067,true,1,202584
7290015251259,false,תחליב רחצה דבש+משאבה 1ל נובו,,,נובו תחליב רחצה דבש+,,1000.00,,false,,10.00,0.0100,true,1,202585
7290015251273,false,תחליב רחצה פירות+משאבה 1ל נובו,,,נובו תחליב רחצה פירו,,1000.00,100 גרם,false,,10.00,0.0100,true,1,202586
7290015251280,false,תחליב רחצה הרבל+משאבה 1ל נובו,,,נובו תחליב רחצה הרבל,,1000.00,100 גרם,false,,10.00,0.0100,true,1,202587
7290015251341,false,תחליב רחצה אקזוטי+משאבה1ל נובו,,,נובו תחליב רחצה אקזו,,1000.00,100 גרם,false,,10.00,0.0100,true,1,202588
7290015282000,false,איקרה אדומה שמיר 200 ג',שבעת הימים - שמיר,,איקרה אדומה 200גר שמ,,200.00,100 גרם,false,,16.90,0.0845,true,1,197695
7290015282024,false,איקרה לבנה סלטי שמיר,שבעת הימים - שמיר,,איקרה לבנה 200גר שמי,,200.00,100 גרם,false,,16.90,0.0845,true,1,197697
7290015282581,false,חומוס שמיר אבו גוש עם חריף 200 גר',"סלטי שמיר 2006 בע""מ",IL,חומוס אבו גוש עם חרי,,200.00,100 גרם,false,,14.90,0.0745,true,1,197716
7290015282598,false,חומוס שמיר מסעדות 200 גר',"סלטי שמיר 2006 בע""מ",IL,חומוס מסעדות 200 גר,,200.00,100 גרם,false,,14.90,0.0745,true,1,197717
7290015282604,false,טחינה שמיר מיוחדת גורמה 200ג',"סלטי שמיר 2006 בע""מ",IL,טחינה מיוחדת 200 גר,,200.00,,false,,14.90,0.0745,true,1,220189
7290015282628,false,חציל שמיר בטעם כבד 200 גר',"סלטי שמיר 2006 בע""מ",IL,חציל בטעם כבד 200 גר,,200.00,100 גרם,false,,14.90,0.0745,true,1,197719
7290015282673,false,חציל שמיר במיונז ביתי 200 גורמה גר',"סלטי שמיר 2006 בע""מ",IL,חציל במיונז ביתי שמי,,200.00,,false,,14.90,0.0745,true,1,197722
7290015282680,false,קישוא בטעם כבד שמיר 200 גר',"סלטי שמיר 2006 בע""מ",IL,קישוא בטעם כבד 200 ג,,200.00,100 גרם,false,,14.90,0.0745,true,1,197723
7290015282697,false,כרוב אדום שמיר גורמה 200גר,"סלטי שמיר 2006 בע""מ",IL,כרוב אדום 200 גר,,200.00,,false,,14.90,0.0745,true,1,220196
7290015282710,false,קוביות סלק שמיר 200 גר',"סלטי שמיר 2006 בע""מ",IL,קוביות סלק 200 גר,,200.00,100 גרם,false,,14.90,0.0745,true,1,220191
7290015282734,false,מטבוחה שמיר ביתית גורמה 200 ג ',"סלטי שמיר 2006 בע""מ",IL,מטבוחה ביתית 200 גרם,,200.00,100 גרם,false,,14.90,0.0745,true,1,220193
7290015282741,false,חציל תאילנדי אסלי שמיר 200 ג',"סלטי שמיר 2006 בע""מ",IL,חציל תאילנדי 200 גר,,200.00,100 גרם,false,,14.90,0.0745,true,1,220198
7290015320009,false,שוקולד מריר 3*100 ג' השקדיה,קריות זול,,שוקולד מריר שקדיה 3*,,300.00,,false,,10.90,0.0363,true,1,250671
7290015320047,false,עוגיות בטעם חמאה 114,,,עוגיות בטעם חמאה 114,,114.00,100 גרם,false,,5.90,0.0518,true,1,173660
7290015320054,false,עןגיות טעם חמאה בארי,,,עוגיות בטעם חמאה 340,,340.00,,false,,10.90,0.0321,true,1,173661
7290015320481,false,שוקולד מריר 60% יעד,,,שוקולד מריר 60% יעד,,100.00,,false,,4.90,0.0490,true,1,243761
7290015324007,false,תבלין פלפל שחור גרוס 80 ג',תות ממתקי איכות,IL,פלפל שחור גרוס שקית,,80.00,100 גרם,false,,11.90,0.1488,true,1,197903
7290015324014,false,תבלין פלפל שחור טחון 80 ג',תות ממתקי איכות,IL,פלפל שחור טחון שקית,,80.00,100 גרם,false,,11.90,0.1488,true,1,197904
7290015324038,false,פפריקה מרוקאית מתוקה בשמן,תות ממתקי איכות,IL,פפריקה בשמן שקית 80ג,,80.00,,false,,6.90,0.0863,true,1,197905
7290015324045,false,תבלין פפריקה חריפה 80 גר' שק',תות ממתקי איכות,IL,פפריקה חריפה שקית 80,,80.00,100 גרם,false,,6.90,0.0863,true,1,197906
7290015324052,false,תבלין פפריקה מתוקה 80 ג',תות ממתקי איכות,IL,פפריקה מתוקה שקית 80,,80.00,,false,,6.90,0.0863,true,1,197907
7290015324069,false,תערובת תיבול גריל עוף,תות ממתקי איכות,IL,גריל עוף שקית 80גר,,80.00,100 גרם,false,,6.90,0.0863,true,1,197908
7290015324076,false,טעם וריח זעתר שקית 8,תות ממתקי איכות,IL,זעתר שקית 80גר,,80.00,,false,,7.90,0.0988,true,1,197909
7290015324090,false,תבלין כמון טחון 80 ג',תות ממתקי איכות,IL,כמון שקית 80גר,,80.00,100 גרם,false,,6.90,0.0863,true,1,197911
7290015324106,false,תבלין כורכום טחון 80 גר',תות ממתקי איכות,IL,כורכום שקית 80גר,,80.00,,false,,6.90,0.0863,true,1,197912
7290015324120,false,טעם וריח שום גבישי ב,תות ממתקי איכות,IL,שום גבישי שקית 80גר,,80.00,100 גרם,false,,9.90,0.1238,true,1,197914
7290015324151,false,תבלין חוויאג למרק ב,תות ממתקי איכות,IL,חוואג' 80גר,,80.00,100 גרם,false,,8.90,0.1113,true,1,197915
7290015324168,false,תבלין על האש תיבול 80 גר' שק',תות ממתקי איכות,IL,על האש ללא מונוסודיו,,80.00,,false,,7.90,0.0988,true,1,197916
7290015324533,false,רוזמרין מיכל גדול 55 ג',"תבליני טעם וריח בע""מ",IL,רוזמרין מיכל גדול 55,,55.00,,false,,9.90,0.1800,true,1,235482
7290015324540,false,טימין מיכל גדול 30 ג',"תבליני טעם וריח בע""מ",IL,טימין מיכל גדול 30 ג,,30.00,100 גרם,false,,9.90,0.3300,true,1,235485
7290015324557,false,בהרט לבישול מיכל גדול 80 ג',"תבליני טעם וריח בע""מ",IL,בהרט לבישול מיכל גדו,,80.00,100 גרם,false,,9.90,0.1238,true,1,235486
7290015339551,false,פסטה פתיתים קוסקוס טעמן 500 גר',טעמן,,פתיתים אפויים קוסקוס,,500.00,100 גרם,false,,5.90,0.0118,true,1,194463
7290015339568,false,פסטה פתיתים אורז טעמן 500 גר',,,פתיתים אפויים אורז ט,,500.00,100 גרם,false,,5.90,0.0118,true,1,194464
7290015339629,false,שוקולד חלב שברי אגוזים,הלל תעשיות,IL,שוקולד חלב שברי אגוז,,100.00,100 גרם,false,,8.90,0.0890,true,1,251107
7290015339933,false,טעמן ריבת חלב 340 גרם,,,ריבת חלב טעמן 340גר,,340.00,100 גרם,false,,12.90,0.0379,true,1,228611
7290015347273,false,נטיפי שוקולד אמיתי לאפיה 250 גר',,,נטיפי שוקולד אמיתי 2,,250.00,,false,,10.90,0.0436,true,1,223013
7290015347464,false,קינואה מעורבת 400גרם,,,קינואה מעורבת 400 גר,,400.00,100 גרם,false,,10.90,0.0273,true,1,249979
7290015366663,false,"אקווה פרש משחת שיניים מנטה עדין 100מ""ל",אקווה פרש Aquafresh,SK,אקווה פרש עדין משחת,,100.00,100 גרם,false,,8.90,0.0890,true,1,199133
7290015366670,false,משחת שיניים הגנה משולשת מנטה מרענן,אקווה פרש Aquafresh,SK,אקווה פרש מנטה משחת,,100.00,100 גרם,false,,8.90,0.0890,true,1,199134
7290015374309,false,"פסטל במילוי תפו""א בד",,,"פסטל במילוי תפו""א בד",,400.00,100 גרם,false,,12.90,0.0323,true,1,173865
7290015374316,false,"אגרול סיני בד""צ 400ג",,,"אגרול סיני בד""צ 400ג",,400.00,100 גרם,false,,12.90,0.0323,true,1,173866
7290015374323,false,קובה ביתי במילוי בשר,,,קובה ביתי במילוי בשר,,400.00,,false,,12.90,0.0323,true,1,173867
7290015374330,false,"קובה מרק בד""צ 400גר",,,"קובה מרק בד""צ 400גר",,400.00,100 גרם,false,,12.90,0.0323,true,1,173868
7290015374378,false,סמבוסק במילוי חומוס,,,סמבוסק במילוי חומוס,,400.00,,false,,12.90,0.0323,true,1,173872
7290015374392,false,בלינצס במילוי בשר בד,,,בלינצס במילוי בשר בד,,400.00,100 גרם,false,,12.90,0.0323,true,1,173873
7290015374439,false,"שניצלונים תפו""א במיל",,,"שניצלונים תפו""א במיל",,400.00,100 גרם,false,,12.90,0.0323,true,1,173877
7290015395045,false,קינואה שקדיה 400 גרם,"דין שיווק וקליה בע""מ",IL,קינואה 400גר,,400.00,,false,,9.90,0.0248,true,1,200310
7290015470094,false,טוסו שוקולד מריר תפוז ללא סוכר 100 ג',ALTINMARKA,TR,שוקולד טוסו מריר תפו,,100.00,100 גרם,false,,12.90,0.1290,true,1,206938
7290015528573,false,גביע 500 ארוז 10 יח',,,גביע 500 ארוז 10 יח',יחידה,0.00,יחידה,false,,6.90,0.0000,true,1,228689
7290015528641,false,מיכל 1 ליטר ארוז 3 י,,,מיכל 1 ליטר ארוז 3 י,יחידה,0.00,יחידה,false,,8.90,0.0000,true,1,235018
7290015528658,false,מיכל 2 ליטר ארוז 3 י,,,מיכל 2 ליטר ארוז 3 י,יחידה,0.00,יחידה,false,,8.90,0.0000,true,1,235019
7290015528665,false,מיכל 3 ליטר ארוז 2 י,,,מיכל 3 ליטר ארוז 2 י,יחידה,0.00,יחידה,false,,8.90,0.0000,true,1,235020
7290015528825,false,צלחת 7 מתכלה אר 25 יח' דנטס,,,צלחת 7 מתכלה אר 25 י,יחידה,0.00,יחידה,false,,11.90,0.0000,true,1,228698
7290015528849,false,צלחת 10 מתכלה אר' 25 יח' דנטס,,,צלחת 10 מתכלה אר' 25,יחידה,0.00,יחידה,false,,18.90,0.0000,true,1,228700
7290015528993,false,קינוחי סופלה אר' 12 יח',,,קינוחי סופלה אר' 12,יחידה,0.00,יחידה,false,,15.90,0.0000,true,1,197099
7290015603188,false,אטריות ביצים 454ג' (כ) (fu),פוגקן לונגהי אנלידה,CN,אטריות ביצים 454גר,,454.00,100 גרם,false,,10.90,0.0240,true,1,204754
7290015603546,false,"שימורי קרם קוקוס 17-19% 400 מ""ל (ASIATIC)(כ)",אסיאטיק אגרו אינדסטר,TH,קרם קוקוס 17-19% 400,,400.00,,false,,9.90,0.0248,true,1,224424
7290015603560,false,שימורי קרם קוקוס 400,אסי אטיק גרו אינדוסט,TH,קרם קוקוס 20-22% 400,,400.00,,false,,9.90,0.0248,true,1,226652
7290015603591,false,ג'ינגר כבוש ורוד מזר,ננטונג הידה אקוטיק פ,CN,גינגר ורוד כבוש ללא,,190.00,100 גרם,false,,8.90,0.0468,true,1,221494
7290015603638,false,"אורז קלרוז 1 ק""ג (כ) (Minh)",מינה פונג גרין אגריק,CN,*מבצע* אורז קלרוז 1ק,,1000.00,100 גרם,false,,11.00,0.0110,true,1,204765
7290015640749,false,קרם ידיים קלאסיק 100,,,קרם ידיים קלאסיק 100,,150.00,,false,,7.90,0.0527,true,1,245913
7290015652070,false,אגוזי קשיו קלויים שש,דין שיווק,IL,קשיו קלוי 150גרם,,150.00,100 גרם,false,,11.90,0.0793,true,1,200323
7290015652087,false,תערובת פיצוחים 150 גר' שקדיה,דין שיווק,IL,תערובת פיצוחים 150גר,,150.00,100 גרם,false,,11.90,0.0793,true,1,200324
7290015652254,false,גרעיני חמניה קלויים 500 ג',דין שיווק,IL,גרעינים שחורים 400 ג,,400.00,100 גרם,false,,10.00,0.0250,true,1,200328
7290015652261,false,בוטנים קלויים 350 ג' ששון הקולה,דין שיווק,IL,בוטנים קלויים 300 גר,,300.00,,false,,10.00,0.0333,true,1,200329
7290015652278,false,תערובת פיצוחים ששון,"דין שיווק וקליה בע""מ",IL,תערובת פיצוחים 250גר,,250.00,,false,,20.00,0.0800,true,1,200330
7290015652285,false,אגוזים קלופים 250 גר,"דין שיווק וקליה בע""מ",IL,אגוזי מלך קלופים 250,,250.00,100 גרם,false,,19.90,0.0796,true,1,200331
7290015652292,false,קבוקים עם שומשום 400גר,"דין שיווק וקליה בע""מ",IL,קבוקים עם שומשום 500,,500.00,,false,,10.00,0.0200,true,1,200332
7290015652308,false,מנצ'ס ששון הקולה 300,,,מנצס ששון הקולה 300,,300.00,,false,,10.00,0.0333,true,1,200333
7290015652322,false,בוטנים אמריקאים מצופים 400 ג',דין שיווק,IL,בוטנים אמריקאים מצופ,,400.00,,false,,10.00,0.0250,true,1,200335
7290015652407,false,פיסטוק קלוי ששון הקו,"דין שיווק וקליה בע""מ",IL,פיסטוק 250גר,,250.00,100 גרם,false,,20.00,0.0800,true,1,200340
7290015733144,false,מטרנה גולד שלב שתיים 700 ג',מטרנה,IL,מטרנה גולד שלב 2 700,,700.00,100 גרם,false,,74.90,0.1070,true,1,243444
7290015733205,false,תרכובת מזון לתינוקות חלבי שלב 1 אקסטרה קר מהדרין,מטרנה,IL,מטרנה אקסטרה קר שלב,,700.00,100 גרם,false,,59.90,0.0856,true,1,247248
7290015733229,false,תרכובת מזון לתינוקות חלבי שלב 2 אקסטרה קר מהדרין,מטרנה,IL,מטרנה אקסטרה קר שלב,,700.00,,false,,59.90,0.0856,true,1,247242
7290015733243,false,מטרנה אקסטרה קר מהדרין שלב 3 700ג',מטרנה,IL,מטרנה אקסטרה קר שלב,,700.00,100 גרם,false,,59.90,0.0856,true,1,247243
7290015775632,false,חמאת בוטנים הטיב 35,g&g,IL,חמאת בוטנים 350גר,,350.00,100 גרם,false,,15.90,0.0454,true,1,249216
7290015781015,false,"יין ויז'ן מלבק 750 מ""ל",יקב טפרברג 1870 בעמ,IL,"יין ויז'ן מלבק 750מ""",,750.00,100 גרם,false,,39.90,0.0532,true,1,172713
7290015781107,false,"סנגובזה אימפרשיאון 750 מ""ל",יקב טפרברג 1870 בעמ,IL,יין אימפרזיון סנגובז,,750.00,,false,,49.90,0.0665,true,1,172717
7290015781145,false,יין אימפרשיין ריזלינ,יקב טפרברג,,יין אימפרוזיון ריזלי,,750.00,,false,,49.90,0.0665,true,1,172721
7290015781169,false,"יין קברנה סוביניון - חצי יבש אימפרשן 750מ""ל",יקב טפרברג 1870 בעמ,IL,יין אדום חצי יבש אימ,,750.00,,false,,49.90,0.0665,true,1,215937
7290015781268,false,"יין מוסקטו אדום 750 מ""ל",יקב טפרברג 1870 בעמ,IL,יין מוסקטו אדום 750מ,,750.00,,false,,39.90,0.0532,true,1,172723
7290015804400,false,עגבניות מרוסקות טל 260 ג',טל,,עגבניות מרוסקות 250ג,,250.00,100 גרם,false,,4.90,0.0196,true,1,200794
7290015804417,false,עגבניות מרוסקות מתובלות עם שום,טל,,עגבניות מרוסקות שום,,250.00,,false,,4.90,0.0196,true,1,200795
7290015804486,false,עגבניות מרוסקות בטעם שקשוקה טל 260 ג',טל,,עגבניות מרוסקות שקשו,,250.00,100 גרם,false,,4.90,0.0196,true,1,200799
7290015842631,false,"כוס ברד 330 מ""ל ח""פ 40יח'",,GR,כוס לברד 40 יח,יחידה,0.00,יחידה,false,,10.90,0.0000,true,1,234778
7290015855013,false,פלפל טינקרבל ארוז,,,פלפל טינקרבל ארוז,יחידה,0.00,יחידה,false,,7.90,0.0000,true,1,204540
7290015855037,false,פלפל צ'ילי.,,,פלפל צ'ילי.,יחידה,0.00,יחידה,false,,6.90,0.0000,true,1,204542
7290015855051,false,מלפפון מיני ארוז,,,מלפפון מיני ארוז,יחידה,0.00,יחידה,false,,7.90,0.0000,true,1,204543
7290015855143,false,שום קלוף 170גרם,,,שום קלוף 170גרם,יחידה,0.00,יחידה,false,,11.90,0.0000,true,1,204551
7290015855358,false,בצלצלי שאלוט,,,בצלצלי שאלוט,יחידה,0.00,יחידה,false,,9.90,0.0000,true,1,226749
7290015855945,false,חסה עגולה מגשית,,,חסה עגולה מגשית,יחידה,0.00,יחידה,false,,6.90,0.0000,true,1,253439
7290015856171,false,בייגלה שמיניות מלח 200 גרם הדר,,,בייגלה שמיניות עם מל,,200.00,,false,,5.90,0.0295,true,1,249123
7290015856515,false,חטיפי קרקר בטעם בצל הדר,,,קרקר חטיפית בצל 180,,180.00,100 גרם,false,,4.40,0.0244,true,1,226622
7290015856539,false,חטיפי ביסקוויט בצורת חיות,הדר,,ביסקוויט גן חיות 180,,180.00,,false,,4.40,0.0244,true,1,226625
7290015856621,false,ביסקוויט תירוש בטעם קרמל 175 גר'.,אפיפית נצרת תעשיות ב,IL,ביסקוויט תירוש קרמל,,175.00,100 גרם,false,,7.90,0.0451,true,1,243053
7290015856935,false,ביסקוויט אקסטרא בטעם חמאה 400 גר',הדר,,ביסקוויט אקסטרה בטעם,,400.00,100 גרם,false,,7.90,0.0198,true,1,249131
7290015856942,false,קרם קרקר עם זעתר 250,,,קרם קרקר עם זעתר 250,,250.00,100 גרם,false,,6.90,0.0276,true,1,250095
7290015856973,false,פתי בר ללא סוכר 150 גר הדר וניל,,,תה ביסקוויט וניל ללא,,150.00,100 גרם,false,,6.90,0.0460,true,1,251133
7290015856980,false,פתי בר ללא סוכר 150 גר הדר שוקו,,,תה ביסקוויט שוקו ללא,,150.00,100 גרם,false,,6.90,0.0460,true,1,251134
7290015858106,false,ממרח פסטו ביתי 180 ג' עללחם,"מדשא תעשיות מזון בע""",IL,ממרח פסטו ביתי 180 ג,,180.00,,false,,15.90,0.0883,true,1,226822
7290015858229,false,טפנד זיתי קלמטה 180 גרם עללחם,"מדשא תעשיות מזון בע""",IL,טפנד זיתי קלמטה 180,,180.00,100 גרם,false,,15.90,0.0883,true,1,226831
7290015858243,false,ממרח צימיצורי עללחם 180 ג',זאביק יצור ושיווק מז,IL,ממרח צ'ימיצ'ורי 180,,180.00,,false,,15.90,0.0883,true,1,226832
7290015858328,false,ממרח איולי פסטו 295 ג' עללחם,עלית,IL,עללחם ממרח איולי פסט,,295.00,100 גרם,false,,15.90,0.0539,true,1,252471
7290015858687,false,ממרח איולי שום 295 ג' עללחם,עלית,IL,עללחם ממרח איולי שום,,295.00,100 גרם,false,,15.90,0.0539,true,1,252474
7290015858694,false,"עללחם איולי שום לימון, 295 גרם",אסם,,עללחם ממרח איולי שום,,295.00,100 גרם,false,,15.90,0.0539,true,1,252473
7290015865692,false,תענוג פרי תות שדה ענ,קריות זול,IL,קונפיטורה תענוג פרי,,400.00,100 גרם,false,,16.90,0.0422,true,1,252414
7290015865722,false,קונפיטורת תות שדה ענ,ענבי ציון,IL,קונפיטורת לייט תות ש,,400.00,100 גרם,false,,18.90,0.0472,true,1,252418
7290015865739,false,קונפיטורת לייט אוכמנ,,,קונפיטורת לייט אוכמנ,,400.00,100 גרם,false,,18.90,0.0472,true,1,252421
7290015951869,false,יקבי רמת הגולן הר חר,מיוצר וממולא על ידי,IL,יין הר חרמון רוזה עב,,750.00,,false,,37.90,0.0505,true,1,245054
7290016006148,false,"שוופס מוגז עדין ענבים בקבוק 500מ""ל",,,שוופס מוגז ענבים 500,,500.00,100 גרם,false,,5.90,0.0118,true,1,181780
7290016006292,false,נקטר מנגו בננה מלון קרטונית 1 ל' ספרינג,"יפאורה תבורי בע""מ",IL,ספרינג מנגו בננה מלו,,1000.00,100 גרם,false,,7.90,0.0079,true,1,181787
7290016006322,false,מים מינרליים מי עדן,מופק ממקור בזלתי עדן,IL,מי עדן 1 ליטר,,1000.00,,false,,3.90,0.0039,true,1,181788
7290016006339,false,מים מינרלים - מארז רביעייה,מופק ממקור בזלתי עדן,IL,מי עדן רביעייה 4*1לי,,4000.00,,false,,11.90,0.0030,true,1,181789
7290016006346,false,שוופס סודה מארז שישייה * 0.5 ל',יפאורה תבורי בעמ,IL,שוופס סודה מארז שישי,,3000.00,100 גרם,false,,15.90,0.0053,true,1,181790
7290016028348,false,מפת אל בד חתוך 11/18,,,מפת אל בד חתוך 11/18,יחידה,0.00,יחידה,false,,4.90,0.0000,true,1,220912
7290016028836,false,קש מתקפל צבעוני אר' 150 יח' דנטס,,,קש מתקפל צבעוני אר',יחידה,0.00,יחידה,false,,7.90,0.0000,true,1,249501
7290016087147,false,רוטב פיצה מרגריטה 240 ג' פריניר,,,רוטב עגבניות לפיצה מ,,240.00,100 גרם,false,,5.90,0.0246,true,1,225710
7290016087222,false,רוטב עגבניות לשקשוקה 230 ג' פריניר,פריניר ( הדס 1987) ב,IL,רוטב עגבניות מרוכז ל,,230.00,100 גרם,false,,5.90,0.0257,true,1,225709
7290016087499,false,עגבניות חתוכות מארז 400X3ג' אריזות ירושלים,פריניר,,עגבניות חתוכות דק של,יחידה,0.00,יחידה,false,,14.90,0.0000,true,1,225720
7290016096583,false,נתחי טונה בשמן שלישיה 3*80ג' פרינס,,,טונה פרינס שלישייה 3,,240.00,,false,,10.90,0.0454,true,1,222074
7290016102352,false,קערה אובלית שקופה קש,,CN,קערה אובלית שקופה קש,יחידה,0.00,יחידה,false,,11.90,0.0000,true,1,234779
7290016102635,false,"קינוחית גביע שקופה +מכסה ח""פ 12יח",,,קינוחית גביע שקופה 1,יחידה,0.00,יחידה,false,,14.90,0.0000,true,1,234790
7290016144000,false,"קמח חיטה מלאה נפלאות 80% 1 ק""ג","קמח מלכים בע""מ",IL,קמח נפלאות חיטה 80%,,1000.00,100 גרם,false,,9.90,0.0099,true,1,250658
7290016144017,false,"קמח חיטה מלאה נפלאות 100% 1 ק""ג",קמח מלכים,IL,קמח נפלאות חיטה מלא,,1000.00,100 גרם,false,,9.90,0.0099,true,1,250660
7290016150117,false,סלק אדום מבושל 500 ג' בוואקום,חקלאי,IL,סלק וואקום,,500.00,,false,,6.90,0.0138,true,1,211753
7290016150711,false,Avel -נוזל קוקוס תאילנדי בפחית 400 גרם,,,נוזל קוקוס אבאל 400,,400.00,100 גרם,false,,6.90,0.0173,true,1,235202
7290016162264,false,עוגת גבינה רנססנס 450 גר',קפולסקי שיווק וקמעונ,IL,עוגת גבינה רנסנס 450,,450.00,,false,,39.90,0.0887,true,1,214316
7290016188585,false,יין מבעבע למברוסקו רוזה חצי יבש,יקב גאקובזי,,יין למברוסקו רוזה חצ,,750.00,,false,,24.90,0.0332,true,1,171336
7290016188592,false,"יין למברוסקו אדום חצי יבש 750 מ""ל","כד בני דרום בע""מ",IT,יין למברוסקו אדום חצ,,750.00,,false,,24.90,0.0332,true,1,171337
7290016188608,false,"יין למברוסקו לבן חצי יבש 750מ""ל",יקב גאקובזי,IT,יין למברוסקו לבן חצי,,750.00,,false,,24.90,0.0332,true,1,171338
7290016197839,false,ניקול השקית החזקה 20 יח' XL,אשפלסט תעשיות בעמ,IL,השקית החזקה 20יח XL,יחידה,0.00,יחידה,false,,22.90,0.0000,true,1,181522
7290016217735,false,חציל על האש סלטי שמי,"סלטי שמיר 2006 בע""מ",IL,חציל אש 200 גר שמיר,,200.00,100 גרם,false,,14.90,0.0745,true,1,220200
7290016217742,false,חציל בטחינה שמיר 200 ג',"סלטי שמיר 2006 בע""מ",IL,חציל אש בטחינה 200 ג,,200.00,100 גרם,false,,14.90,0.0745,true,1,220201
7290016217759,false,חצילים בסגנון מרוקאי,"סלטי שמיר 2006 בע""מ",IL,סלט חציל מרוקאי 200,,200.00,100 גרם,false,,14.90,0.0745,true,1,220202
7290016233384,false,גפילטע פיש 7קציצות מ,,,גפילטע פיש 7קציצות מ,,550.00,100 גרם,false,,14.90,0.0271,true,1,175317
7290016233575,false,שיבולת שועל 600 גר,,,שיבולת שועל 600גר,,600.00,100 גרם,false,,6.90,0.0115,true,1,175321
7290016233711,false,פסטה לינגוויני לה פס,,,פסטה לה פסטה לינגווי,,400.00,100 גרם,false,,4.90,0.0123,true,1,224023
7290016233995,false,שימורי אנשובי עם שמן זית 45 ג' תומר,Inversiones prisco s,,אנשובי בפח עם שמן זי,,45.00,100 גרם,false,,7.90,0.1756,true,1,221249
7290016255300,false,"נובו ג'ל רחצה לגבר ספורט 700מ""ל",,,נובו תחליב רחצה לגבר,,700.00,,false,,10.00,0.0143,true,1,202605
7290016276756,false,מעדן 4 פירות 100% רכיבי פרי 284 גר' ללא תוספת סוכר,שקדיה,IL,מעדן 4 פירות 100% רכ,,284.00,,false,,11.90,0.0419,true,1,200374
7290016276787,false,מעדן אננס 100% רכיבי פרי ללא סוכר שקדיה 284 ג',שקדיה,IL,מעדן אננס 100% רכיבי,,284.00,100 גרם,false,,11.90,0.0419,true,1,200377
7290016276794,false,מעדן פירות ללא סוכר שקדיה 284 ג',שקדיה,IL,מעדן תפוז 100% רכיבי,,284.00,100 גרם,false,,11.90,0.0419,true,1,200378
7290016276848,false,מנה חמה אטריות טעם עוף 70ג',טיאן הונג,TH,תבשיל איטריות בטעם ע,,70.00,100 גרם,false,,6.90,0.0986,true,1,200381
7290016321661,false,מגבונים פרש וואנס סנסיטיב קר רביעיה,עלבד משואות יצחק,IL,מגבוני פרשוואנס רביע,יחידה,0.00,יחידה,false,,18.90,0.0000,true,1,234889
7290016321722,false,פרש וואנס מגבונים בו,על בד,,פרש וואנס מגבונים בו,יחידה,0.00,יחידה,false,,5.90,0.0000,true,1,227516
7290016329308,false,"ד""ר פישר - סרקל קרם רוזמרין לשיער מתולתל 325 מ""ל",,,סרקל קרם רוזמרין לשי,,325.00,100 גרם,false,,27.90,0.0858,true,1,220061
7290016372342,false,עגבניות חתוך קוביות גראנד איטליה מארז 400X3ג',גרנד איטליה Grand Italia,,עגבניות חתוכות לקובי,,1200.00,100 גרם,false,,13.90,0.0116,true,1,221573
7290016387483,false,שייני כריות יפניות דו צדדיות 3 יח',,,כריות יפניות דו צדדי,,3.00,,false,,6.90,2.3000,true,1,222478
7290016387841,false,אטבי כביסה ג`וי צבעוניים 50 יח',,,אטבי כביסה ג'וי צבעו,יחידה,0.00,יחידה,false,,12.90,0.0000,true,1,222480
7290016408294,false,"מרשמלו ורוד לבן וסטהיים 150 ג', 26 בקרטון",מנדלז סי.אר. פרודקשן,IL,מרשמלו ורוד לבן כרמי,,150.00,100 גרם,false,,5.90,0.0393,true,1,214221
7290016408744,false,"מרשמלו טוויסטר בד""צ 150 גר",כרמית,,"מרשמלו טוויסטר בד""ץ",,150.00,,false,,5.90,0.0393,true,1,250957
7290016408980,false,"מטבעות שוקולד חלב 36 ג' כשל""פ בד""ץ",כרמית,IL,מטבעות שוקולד חלב 36,,36.00,100 גרם,false,,4.90,0.1361,true,1,225277
7290016416961,false,מוס גבינה תות שדה 400 גר',קפולסקי שיווק וקמעונ,IL,פס גבינה שמנת בציפוי,,400.00,100 גרם,false,,39.90,0.0997,true,1,226932
7290016440911,false,מלפפונים ביתיים כבושים,מעדני עופר,,מלפפונים ביתיים כבוש,,0.00,,false,,21.90,0.0000,true,1,247775
7290016440928,false,ירקות כבושים חמוץ מתוק (סיני),מעדני עופר,IL,ירקות כבושים חומץ מת,,0.00,,false,,19.90,0.0000,true,1,247776
7290016448917,false,ביצקי מטוגנים ברוטב,,,ביצ'קי מטוגן ברוטב ח,,240.00,100 גרם,false,,7.90,0.0329,true,1,244304
7290016509342,false,סוד שלישייה סבון לאסל כחול אקטיבי אקנומיקה,הנקל סוד,IL,כדוריות סוד סבון לאס,,0.00,,false,,16.90,0.0000,true,1,248224
7290016509786,false,פרסיל - ג'ל כביסה ירוק 2.50 ליטר,פרסיל Persil,IL,פרסיל ג'ל 2.5ליטר יר,ליטרים,2.50,ליטר,false,,32.90,13.1600,true,1,224528
7290016509809,false,ג'ל מרוכז לכביסה קולור 2.5 ל' פרסיל,פרסיל Persil,IL,פרסיל ג'ל 2.5 ליטר ק,ליטרים,2.50,ליטר,false,,32.90,13.1600,true,1,224529
7290016542509,false,"טוסקנה 750 מ""ל מבעבעת יבש 10%-בודד",,,טוסקניה שיכר מבעבע י,,750.00,,false,,14.90,0.0199,true,1,224076
7290016542516,false,"טוסקנה 750 מ""ל מבעבעת חצי יבש 10%-בודד",,,טוסקניה שיכר מבעבע ח,,750.00,,false,,14.90,0.0199,true,1,224078
7290016580174,false,צלחות 9 צבעומיות דנט,,,צלחת 9 צבעוני לבן/ ק,,100.00,,false,,39.90,0.3990,true,1,225961
7290016580716,false,"צלחת פרח שקופה 7."" א",,,"צלחת פרח שקופה 7."" א",יחידה,0.00,יחידה,false,,25.90,0.0000,true,1,226285
7290016621341,false,אל סבון היגייני לניקוי יסודי קמיל Clean & Moisture,"ד""ר פישר Dr fischer",,קמיל אל סבון ניקיון,,1000.00,100 גרם,false,,15.90,0.0159,true,1,221899
7290016621358,false,"ד""ר פישר - קמיל אל סבון ניקיון והזנה ורוד 1 ליטר","ד""ר פישר Dr fischer",,קמיל אל סבון ניקיון,,1000.00,,false,,15.90,0.0159,true,1,221900
7290016621365,false,אל סבון היגייני לניקוי יסודי קמיל Clean & Moisture,"ד""ר פישר Dr fischer",,קמיל אל סבון ניקיון,,1000.00,,false,,15.90,0.0159,true,1,221901
7290016717099,false,"יין כרמל סלקטד אדום חצי יבש, 750 מ""ל",יקבי כרמל Carmel Winery,IL,יין סלקטד אדום חצי י,,750.00,,false,,28.90,0.0385,true,1,171344
7290016717631,false,יין מוסקטו בעל חוזק אלכוהול נמוך פרייבט קולקשן,אגודת הכורמים הקואופ,IL,מוסקטו פרייבט קולקשי,,750.00,,false,,39.90,0.0532,true,1,222659
7290016717754,false,"יין ישן נושן היובל 750 מ""ל",אגודת הכורמים הקואופ,IL,"יין ישן נושן 750 מ""ל",,750.00,100 גרם,false,,17.90,0.0239,true,1,224879
7290016866643,false,משחת שיניים פרודונטקס אקסטרה פרש,פרודונטקס Parodontax,SK,פרודונטקס משחת שיניי,,75.00,,false,,29.90,0.3987,true,1,225681
7290016866650,false,"פרודונטקס - משחת שיניים אוריג'ינל 75 מ""ל",פרודונטקס Parodontax,SK,פרודונטקס משחת שיניי,,75.00,,false,,29.90,0.3987,true,1,225682
7290016882407,false,מחית חציל קלוי על האש 560 ג',אונטד גידה,TR,ממרח חצילים קלויים 5,,550.00,,false,,9.90,0.0180,true,1,245900
7290016882414,false,קונפיטורה שזיפים 70%,דין שיווק,IL,קונפיטורה שזיף 70 %,,450.00,100 גרם,false,,12.90,0.0287,true,1,230197
7290017023212,false,"שוויפס מוגז פירות תפוח מארז רביעייה* 330 מ""ל",יפאורה תבורי,IL,שוופס מוגז פירות רבי,,1320.00,100 גרם,false,,15.90,0.0120,true,1,223947
7290017023229,false,רביעיית פחיות שוופס מוגז פירות תות ליים 330 מל.,יפאורה תבורי,IL,שוופס מוגז פירות רבי,,1320.00,,false,,15.90,0.0120,true,1,223948
7290017023236,false,רביעיית פחיות שוופס מוגז פירות ענבים 330 מל.,יפאורה תבורי,IL,שוופס מוגז פירות ענב,,1320.00,,false,,15.90,0.0120,true,1,223949
7290017023663,false,"שוופס מיץ פירות לימונייד פחית מארז 330X4מ""ל",יפאורה תבורי,IL,שוופס מוגז פירות למו,,1320.00,,false,,15.90,0.0120,true,1,226871
7290017023809,false,"ספרינג אגס סברס תפוח רביעיה * 250 מ""ל",יפאורה תבורי,IL,ספרינג אגס סברס תפוח,,1000.00,,false,,14.90,0.0149,true,1,226864
7290017023816,false,"רביעיית ספרינג פירות טרופיים 250 מ""ל",יפאורה תבורי,IL,ספרינג פירות טרופיים,,1000.00,100 גרם,false,,14.90,0.0149,true,1,226865
7290017023823,false,"רביעיית ספרינג תות בננה 250 מ""ל",יפאורה תבורי,IL,ספרינג תות בננה 4*25,,1000.00,,false,,14.90,0.0149,true,1,226866
7290017023854,false,מי סודה בקבוקים אישיים - מארז 4 יח',יפאורה תבורי בעמ,IL,"שוופס סודה 4*250מ""ל",,1000.00,,false,,13.90,0.0139,true,1,226868
7290017023861,false,סודה בטעם לימון בקבוקים אישיים - מארז 4 יח',יפאורה תבורי בעמ,IL,שוופס סודה לימון 4*2,,1000.00,100 גרם,false,,13.90,0.0139,true,1,226869
7290017023878,false,סודה בטעם נענע ליים בקבוקים אישיים - מארז 4 יח',יפאורה תבורי בעמ,IL,שוופס סודה נענע ליים,,1000.00,,false,,13.90,0.0139,true,1,226870
7290017031477,false,"סנסודיין משחת שיניים רפיד רליף להלבנה 75 מ""ל","סמיתקליין ביצ'ם בע""מ",GB,משחת שיניים סנסודיין,,75.00,,false,,21.90,0.2920,true,1,246564
7290017031705,false,"סנסודיין - משחת שיניים קלין&פרש 75 מ""ל",DE MICLEN,SK,סנסודיין משחת שיניים,,75.00,100 גרם,false,,21.90,0.2920,true,1,225677
7290017058009,false,שימורי אנשובי עם צלפים 45 ג' תומר,,,אנשובי בפח עם צלפים,,45.00,100 גרם,false,,7.90,0.1756,true,1,221250
7290017058139,false,"רביעיית רסק תפו""ע תות שדה",Cherry growers inc,,רסק תפוח עץ עם תות ש,יחידה,0.00,יחידה,false,,11.90,0.0000,true,1,224415
7290017058177,false,אנשובי עם צילי צנצנת,,,אנשובי צנצנת עם צ'יל,,100.00,100 גרם,false,,12.90,0.1290,true,1,221252
7290017058573,false,תומר פרוסות פלפל חלפיניו בחומץ 340 גרם,,,פרוסות פלפל חלפיניו,,340.00,100 גרם,false,,7.90,0.0232,true,1,225885
7290017062037,false,ג'ל אלוורה נובו 200מ,,,ג'ל אלוורה נובו 200מ,,200.00,,false,,9.90,0.0495,true,1,220731
7290017062976,false,מטליות רצפה לגרניט פורצלן 10 יח' טאצ',,,טאצ' מטליות רצפה חד,יחידה,0.00,יחידה,false,,10.00,0.0000,true,1,249611
7290017062983,false,מטליות רצפה בתוספת ווקס 10 יח' טאצ',,,טאצ' מטליות רצפה חד,יחידה,0.00,יחידה,false,,10.00,0.0000,true,1,249612
7290017065137,false,ריקוטה למריחה 5% טבעית 200 גרם - רובין,האי נאם סי או אל.טי.,IL,ריקוטה למריחה 5% טבע,,200.00,100 גרם,false,,10.70,0.0535,true,1,222662
7290017065236,false,גבינה בולגרית מעודנת 24% גד 250 ג',הנסיך- מפעל לייצור ט,IL,גד בולגרית מעודנת גב,,250.00,,false,,23.90,0.0956,true,1,223494
7290017065526,false,קוואטרו פורמאג'י 4 גבינות מגוררות 26%,מחלבות גד בעמ,IL,קוואטרו פורמאג'י 300,,300.00,100 גרם,false,,29.90,0.0997,true,1,227155
7290017065663,false,פטה עיזים מעודנת 16% 250 ג',ג'נרל מילס סאן אדריא,IL,גד פטה עיזים מעודנת,,250.00,100 גרם,false,,31.90,0.1276,true,1,245772
7290017065731,false,גבינת שמנת 30% ניו יורק +כמהין 200 גרם רבנות,פ.פ.ח. שאביט,IL,גד גבינת שמנת NEW YO,,200.00,,false,,13.90,0.0695,true,1,247253
7290017088112,false,טיטלי בייביסיטר מידה 4 36 י ח,די.פי.אל תעשיות מוצר,IL,בייביסיטר פרפורמנס נ,,36.00,,false,,29.90,0.8306,true,1,223890
7290017088327,false,מגבוני בייביסיטר extra soft ללא בישום 4*64 יח',,,מגבוני בייביסיטר אקס,יחידה,0.00,יחידה,false,,15.90,0.0000,true,1,244168
7290017094847,false,סלט תפוחי אדמה אסלי שמיר 400 ג',סלטי שמיר 2006 בעמ,IL,סלט תפוחי אדמה 400 ג,,400.00,100 גרם,false,,13.90,0.0348,true,1,225941
7290017094861,false,חומוס עם רוטב מסבחה אסלי שמיר 400 ג',סלטי שמיר 2006 בעמ,IL,חומוס עם רוטב מסבחה,,400.00,,false,,13.90,0.0348,true,1,225943
7290017121093,false,אריסה חריפה 250 גרם עללחם,"מדשא תעשיות מזון בע""",IL,ממרח אריסה חריפה 250,,250.00,,false,,12.90,0.0516,true,1,226845
7290017129754,false,"שוקולד מריר מעולה 70% מוצקי קקאו 100 גר בד""ץ","כד בני דרום בע""מ",IL,אגו שוקולד פרימיום 7,,100.00,100 גרם,false,,7.90,0.0790,true,1,224799
7290017129761,false,"שוקולד פרימיום 70% בטעם תפוז בד""ץ 100 גר'",כרמית תעשיות ממתקים,IL,אגו שוקולד פרימיום 7,,100.00,,false,,7.90,0.0790,true,1,224800
7290017129822,false,מטבעות שוקולד מריר 36 ג' !..,כרמית,IL,מטבעות שוקולד מריר 3,,36.00,100 גרם,false,,4.90,0.1361,true,1,225278
7290017129839,false,"שוקולד פרימיום 70% בטעם פטל בד""ץ 100 גר'.",כרמית תעשיות ממתקים,IL,אגו שוקולד פרימיום 7,,100.00,,false,,7.90,0.0790,true,1,224802
7290017129846,false,מיני קוקיס בטעם קרמל 600 גר',קריות זול,IL,מיני קוקיס בטעם קרמל,,600.00,100 גרם,false,,16.90,0.0282,true,1,224806
7290017142012,false,שמן קוקוס אורגני כתית מכבישה קרה,עץ הזית,,שמן קוקוס אורגני כתי,,500.00,100 גרם,false,,39.90,0.0798,true,1,220929
7290017142166,false,פילה טונה בשמן זית עץ הזית 120 גר',"יוניקורד ח.צ בע""מ",TH,פילה טונה פרוס עם שמ,,120.00,100 גרם,false,,14.90,0.1242,true,1,226603
7290017142180,false,פילה פרוס ושמן זית בנגיעות טעם לימון ופלפל שחור,"יוניקורד ח.צ בע""מ",TH,פילה טונה פרוס עם שמ,,120.00,100 גרם,false,,14.90,0.1242,true,1,226604
7290017142203,false,פילה טונה בשמן זית בטעם מעושן עץ המוצר 120 ג',"יוניקורד ח.צ בע""מ",TH,פילה טונה פרוס עם שמ,,120.00,100 גרם,false,,14.90,0.1242,true,1,226605
7290017142371,false,"שמן שומשום 250 מ""ל עץ הזית",עץ הזית,,"שמן שומשום ""עץ הזית""",,250.00,100 גרם,false,,29.90,0.1196,true,1,248687
7290017239101,false,סלמון אטלנטי בעישון,,,סלמון אטלנטי בעישון,,100.00,100 גרם,false,,22.90,0.2290,true,1,243643
7290017275338,false,טחינה גולמית 500 גרם-טורקיז,אחדות ביחר לטחינה חל,IL,טחינה גולמית טורקיז,,500.00,100 גרם,false,,14.90,0.0298,true,1,249222
7290017275345,false,טחינה אחווה בבקבוק לחיץ 350 גר',אחדות ביחר לטחינה חל,IL,טחינה גולמית בקבוק ל,,350.00,100 גרם,false,,9.90,0.0283,true,1,252213
7290017275369,false,טחינה משומשום מלא 500 גרם-טורקיז,אחדות ביחר לטחינה חל,IL,טחינה גולמית משומשום,,500.00,100 גרם,false,,14.90,0.0298,true,1,249223
7290017297330,false,"טל רוטב עגבניות מרוכז, 240 גרם",טל וטרי,,רוטב עגבניות מרוכז ט,,260.00,,false,,4.90,0.0188,true,1,252851
7290017297620,false,רסק עגבניות A2 BX22 טל וטרי 570 גר',"מילוז(1989)בע""""מ",,רוטב עגבניות מרוכז 2,,570.00,100 גרם,false,,7.90,0.0139,true,1,249547
7290017297637,false,רוטב עגבניות מרוכז 2,"מילוז(1989)בע""""מ",,רוטב עגבניות מרוכז 2,,580.00,100 גרם,false,,8.90,0.0153,true,1,249548
7290017297644,false,ברוקולי קפוא גרין אנד פרש 800 גר',גרין אנד פרש Green & Fresh,,ברוקולי גרין אנד פרש,,800.00,100 גרם,false,,15.90,0.0199,true,1,249563
7290017303482,false,מלאווח 700 גרם-שחף,,,מלאווח 700 גרם שחף,,700.00,100 גרם,false,,14.90,0.0213,true,1,251712
7290017440965,false,אל סבון היגייני לניקוי יסודי ולהזנת העור clean & nourish,"ד""ר פישר Dr fischer",,קמיל אל סבון 1 ליטר,,1000.00,,false,,15.90,0.0159,true,1,235293
7290017457703,false,"מרכך כביסה סוד מרוכז ארומתרפי זהב 900 מ""ל",הנקל סוד,IL,סוד מרכך מרוכז ארומת,,900.00,,false,,13.90,0.0154,true,1,227212
7290017457727,false,"סוד - מרכך כביסה מרוכז פרש סקיי 900 מ""ל",הנקל סוד,IL,סוד מרכך מרוכז כחול,,900.00,100 גרם,false,,13.90,0.0154,true,1,227209
7290017457734,false,"סוד - מרכך כביסה מרוכז ווילד רוז 900 מ""ל",הנקל סוד,IL,סוד מרכך מרוכז ורוד,,900.00,,false,,13.90,0.0154,true,1,227214
7290017457925,false,סוד מרכך כביסה מרוכז פרש קונטרול ורוד,הנקל סוד,IL,סוד מרכך מרוכז פרש ב,,900.00,,false,,13.90,0.0154,true,1,246350
7290017457932,false,סוד מרכך כביסה מרוכז פרש קונטרול כחול,הנקל סוד,IL,סוד מרכך מרוכז פרש ב,,900.00,,false,,13.90,0.0154,true,1,246351
7290017470252,false,"כוסות ח""פ שתיה חמה 50 יח'",,,כוסות נייר 50 יח 8B,יחידה,0.00,יחידה,false,,8.90,0.0000,true,1,234764
7290017470634,false,"צלחות קטן לבן ח""פ 10 יח' קלאסיק",,CN,צלחות קלאסיק קטן ורו,יחידה,0.00,יחידה,false,,17.90,0.0000,true,1,242694
7290017470641,false,"מרקיות לבן ח""פ 10 יח' קלאסיק",,,מרקיות קלאסיק קרם/לב,יחידה,0.00,יחידה,false,,19.90,0.0000,true,1,242696
7290017477169,false,קשיו קלוי ששון הקולה,ששון,IL,קשיו קלוי ששון הקולה,,250.00,100 גרם,false,,20.00,0.0800,true,1,251075
7290017477305,false,זרעי ציה 250 גר שקדי,דין שיווק,IL,זרעי צ'יה 250 גרם.,,250.00,100 גרם,false,,10.00,0.0400,true,1,224312
7290017477350,false,תערובת לסלט ירוק 200גר,דין שיווק,,תערובת לסלט ירוק 200,,200.00,100 גרם,false,,10.00,0.0500,true,1,224317
7290017477558,false,"שמן זית כתית מעולה 750 מ""ל",,,שמן זית ספרדי לה איס,,750.00,100 גרם,false,,29.90,0.0399,true,1,225462
7290017513485,false,מחית עגבניות רוסטיקה בלה איטליה 680 ג',היצרן: ס.פ. פודנצנו,IT,מחית עגבניות רוסטיקה,,680.00,100 גרם,false,,12.90,0.0190,true,1,242855
7290017513775,false,פליפז בייגלה מצופה שוקולד חלב 140 גרם,אולקר מקבוצת פלאדיס,TR,בייגלה מצופה שוקולד,,140.00,100 גרם,false,,9.90,0.0707,true,1,245514
7290017513782,false,פליפז בייגלה מצופה שוקולד מריר 140 גרם,אולקר מקבוצת פלאדיס,TR,פליפז בייגלה מצופה ש,,140.00,100 גרם,false,,9.90,0.0707,true,1,245515
7290017589565,false,"יין קלאסיק גוורצטרמינר 750 מ""ל.",יקבי ברקן שיווק והפצ,IL,יין קלאסיק ברקן גוור,,750.00,,false,,39.90,0.0532,true,1,243379
7290017589633,false,יין רזרב קברנה סוביניון Gold Edition,יקבי ברקן Barkan,IL,יין רזרב ברקן גולד א,,750.00,,false,,49.90,0.0665,true,1,226524
7290017599229,false,ממתיק סוכרלוז 200 טבליות סוכרזית,"סוכרזית בע""מ",IL,סוכרזית סוכרלוז 200,,200.00,,false,,24.90,0.1245,true,1,249194
7290017599267,false,סוכרלוז 120 שקיות ממתיק שולחני,סוכרזית Sucrazit,IL,סוכרזית סוכרלוז 120,יחידה,0.00,יחידה,false,,29.90,0.0000,true,1,252169
7290017617138,false,נתחי טונה בהירה בשמן קנולה דל נתרן - מארז 4 יח',סטארקיסט פודור,,טונה סטארקיסט בשמן ק,,640.00,,false,,24.90,0.0389,true,1,246389
7290017675015,false,טחינה היונה 450 גרם,היוצר,IL,טחינה היונה 450 גרם,,450.00,100 גרם,false,,14.90,0.0331,true,1,243195
7290017682563,false,"שיפוד עובי 30 ס""מ 50 יח'",,,שיפוד עובי 5 אורך 30,יחידה,0.00,יחידה,false,,7.90,0.0000,true,1,245652
7290017715261,false,פתיתים בצורת אורז תו,קריות זול,,פתיתים בצורת אורז תו,,500.00,,false,,5.90,0.0118,true,1,253172
7290017715278,false,פתיתים בצורת קוסקוס,קריות זול,,פתיתים בצורת קוסקוס,,500.00,100 גרם,false,,5.90,0.0118,true,1,253173
7290017812052,false,יין שיראז קברנה סוביניון אקסלנס Excellence,יקבי כרמל Carmel Winery,IL,יין אקסלנס שיראז-קבר,,750.00,100 גרם,false,,25.90,0.0345,true,1,226036
7290017812571,false,מיץ ענבים אדום 100% טבעי 1 ליטר,יקבי כרמל Carmel Winery,IL,מיץ ענבים אדום 100%,,1000.00,100 גרם,false,,19.90,0.0199,true,1,243074
7290017812618,false,מיץ ענבים תירוש רוזה 1 ליטר.,קריות זול,,תירוש מיץ ענבים רוזה,,1000.00,,false,,19.90,0.0199,true,1,243082
7290017812847,false,יין סלקטד פרנץ גוורצטרמינר 750 מל,"כד בני דרום בע""מ",IL,יין סלקטד פרנץ' גוור,,750.00,100 גרם,false,,28.90,0.0385,true,1,246961
7290017812861,false,"יין וינו לבן יבש 750 מ""ל",קריות זול,IL,יין וינו לבן יבש 750,,750.00,,false,,19.90,0.0265,true,1,246963
7290017870625,false,"כוס יהלום 250 מ""ל א",,,"כוס יהלום 250 מ""ל א",יחידה,0.00,יחידה,false,,14.90,0.0000,true,1,247927
7290017872193,false,עוגיות שקדים וקינמון ללא תוספת סוכר,היינץ צפון אמריקה מק,IL,טוסו עוגיות שקדים וק,,200.00,,false,,15.90,0.0795,true,1,244445
7290017872667,false,פמלי יהלום סבון ידיי,המאפיה של הרמן,TR,פמלי יהלום סבון ידיי,,500.00,,false,,9.90,0.0198,true,1,244905
7290017888354,false,מים מינרליים בקבוק ס,"מי עדן בע""מ",,מי עדן 750מל,,750.00,100 גרם,false,,3.50,0.0047,true,1,246560
7290017888729,false,שוופס סודה בקבוק 1 ל',"יפאורה תבורי בע""מ",IL,שוופס סודה בקבוק 1 ל,,1000.00,100 גרם,false,,3.90,0.0039,true,1,244311
7290017888972,false,מי עדן 1 ליטר פקק ספורט בודד,מופק ממקור בזלתי עדן,IL,מי עדן 1 ליטר פקק ספ,,1000.00,100 גרם,false,,3.90,0.0039,true,1,244576
7290017928661,false,סמאש שבורים בטעם צ'דר ובצל 300 גרם,מאיר בייגל,,סמאש- שבורים בטעם צ',,300.00,100 גרם,false,,12.90,0.0430,true,1,248398
7290017938264,false,"חומוס בתוספת רוטב פיקנטי, 200 גרם",,,חומוס עם חריף 200 גר,,200.00,100 גרם,false,,8.90,0.0445,true,1,251945
7290017946399,false,"מרכך כביסה מרוכז ארומתרפי אדום 900 מ""ל סוד",הנקל סוד,IL,סוד מרכך מרוכז ארומת,,900.00,,false,,13.90,0.0154,true,1,249469
7290017969084,false,מרקיות 25 יח שמאי,,,מרקיות 25 יחידות,יחידה,0.00,יחידה,false,,8.90,0.0000,true,1,243422
7290017969107,false,קעריות אובלי 25 יח',,,קעריות אובלי 25 יח',יחידה,0.00,יחידה,false,,7.90,0.0000,true,1,243423
7290017969244,false,פלסטרים 25 יח בצבעים שונים ר. שמאי,,,פלסטרים 25יח צבעים ש,יחידה,0.00,יחידה,false,,4.90,0.0000,true,1,244809
7290017978215,false,קרמבו ריאו בטעם מוקה 16יח',"גלידות ריאו ביח""ר לג",IL,קרמבו ריאו מוקה 16 י,יחידה,0.00,יחידה,false,,22.90,0.0000,true,1,245059
7290018023013,false,זית סורי שבור 215 ג' סבא חביב,,,זית סורי שבור סבא חב,,215.00,100 גרם,false,,10.00,0.0465,true,1,249443
7290018023037,false,זיתים מתובלים צ'ימושים 215 ג' סבא חביב,,,זיתים צ'ימישום סבא ח,,215.00,100 גרם,false,,10.00,0.0465,true,1,249444
7290018023044,false,זיתים לימון כבוש סבא,,,זיתים עם לימון כבוש,,215.00,100 גרם,false,,10.00,0.0465,true,1,249445
7290018023495,false,טחינה גולמית 500ג' סבא חביב,,,טחינה גולמית סבא חבי,,500.00,100 גרם,false,,15.90,0.0318,true,1,251924
7290018045084,false,דגנים במילוי קרם בטעם בראוניז 480 ג' BON & BON,,DE,דגני בוקר בון בון במ,,480.00,,false,,22.90,0.0477,true,1,250250
7290018045497,false,דגנים במילוי קרם שוקולד 480 ג' BON & BON,מונדיי Monday,,דגני בוקר בון בון במ,,480.00,,false,,22.90,0.0477,true,1,250247
7290018045695,false,דגנים במילוי קרם קרמל מלוח 480 ג' BON & BON,מונדיי Monday,DE,דגני בוקר בון בון במ,,480.00,100 גרם,false,,22.90,0.0477,true,1,250249
7290018050262,false,אגוזי מלך 200 גרם קו,,,אגוזי מלך 200 גרם קו,,200.00,100 גרם,false,,15.90,0.0795,true,1,246321
7290018050309,false,חמוציות ברכז פרי קופ,,,חמוציות ברכז פרי קופ,,250.00,100 גרם,false,,16.90,0.0676,true,1,246328
7290018050316,false,משמש 330 גרם קופסא,,,משמש 330 גרם קופסא,,330.00,100 גרם,false,,21.90,0.0664,true,1,246332
7290018050354,false,צימוק לבן 330 גרם קו,,,צימוק לבן 330 גרם קו,,330.00,100 גרם,false,,16.90,0.0512,true,1,246339
7290018050361,false,שזיף ללא גלעין 330 ג,,,שזיף ללא גלעין 330 ג,,330.00,100 גרם,false,,21.90,0.0664,true,1,246343
7290018050408,false,אגוזי פיסטוק קלויים ומומלחים 160 גרם,,,אגוזי פיסטוק קלויים,,160.00,100 גרם,false,,15.00,0.0938,true,1,245472
7290018050453,false,קשיו טבעי קופסא 220,שקרצי,IL,קשיו טבעי קופסא 220,,220.00,100 גרם,false,,15.00,0.0682,true,1,245477
7290018050460,false,קשיו קלוי קופסא 200,,,קשיו קלוי קופסא 200,,200.00,100 גרם,false,,15.00,0.0750,true,1,245478
7290018050484,false,אגוזי מלך קלופים טבעיים 150 גרם,,,אגוז מלך קלופים טבעי,,150.00,100 גרם,false,,10.00,0.0667,true,1,245438
7290018050514,false,בוטן מטוגן קופסא 240,,,בוטן מטוגן קופסא 240,,240.00,,false,,10.00,0.0417,true,1,245440
7290018050521,false,אגוזי לוז טבעי קופסא,,,אגוזי לוז טבעי קופסא,,180.00,100 גרם,false,,10.00,0.0556,true,1,245441
7290018050545,false,גרעיני אבטיח קלויים ומומלחים 140 גרם,,,גרעיני אבטיח קלויים,,140.00,100 גרם,false,,10.00,0.0714,true,1,245443
7290018050569,false,גרעיני חמניה קלופיים טבעי 400 גר',,,גרעיני חמנייה קלופים,,400.00,100 גרם,false,,10.00,0.0250,true,1,245445
7290018050613,false,צימוקים כהים קופסא 3,שקרצי,IL,צימוקים כהים קופסא 3,,300.00,100 גרם,false,,10.00,0.0333,true,1,245450
7290018050620,false,צימוקים בהירים קןפסא,,,צימוקים בהירים קןפסא,,220.00,100 גרם,false,,10.00,0.0455,true,1,245451
7290018050637,false,בוטנים אמריקאים - בוטנים מצופים 300 גרם,,,בוטנים אמריקאים מצופ,,300.00,100 גרם,false,,10.00,0.0333,true,1,245452
7290018050644,false,קבוקים - בוטנים מצופים 300 גרם,,,קבוקים-בוטנים מצופים,,300.00,100 גרם,false,,10.00,0.0333,true,1,245453
7290018050675,false,שקד קלוי קופסא 210 ג,,,שקד קלוי קופסא 210 ג,,210.00,100 גרם,false,,15.00,0.0714,true,1,245455
7290018050682,false,שקד חצאים מולבן 130 גרם,,,שקד חצאים מולבן קופס,,130.00,100 גרם,false,,10.00,0.0769,true,1,245456
7290018050699,false,שקדים טבעיים קלופים 230 גרם,,,שקדים טבעיים קלופים,,230.00,100 גרם,false,,15.00,0.0652,true,1,245457
7290018050705,false,שבבי שקדים מולבנים 130 גרם,,,שבבי שקדים מולבנים ק,,130.00,100 גרם,false,,10.00,0.0769,true,1,245458
7290018050712,false,שקדים מולבנים פרוסים 130 גרם,,,שקדים מולבנים פרוסים,,130.00,100 גרם,false,,10.00,0.0769,true,1,245459
7290018050750,false,מיקס אגוזים וחמוציות מיובשות ומסוכרות 130 גרם,,,מיקס אגוזים חמצוציות,,130.00,100 גרם,false,,10.00,0.0769,true,1,245462
7290018050774,false,מיאסי (בוטנים מצופים,,,מיאסי (בוטנים מצופים,,270.00,100 גרם,false,,10.00,0.0370,true,1,245464
7290018050781,false,אפונה מטוגנת קופסא 3,,,אפונה מטוגנת קופסא 3,,320.00,100 גרם,false,,10.00,0.0313,true,1,245465
7290018050811,false,חטיף תירס ברביקיו 220 גר',,,חטיף תירס ברביקיו קו,,220.00,100 גרם,false,,10.00,0.0455,true,1,245466
7290018050828,false,חטיף חטיפול קופסא 22,,,חטיף חטיפול קופסא 22,,220.00,100 גרם,false,,10.00,0.0455,true,1,245467
7290018050835,false,בוטנים קלויים ומומלחים 250 גרם,,,בוטנים קלויים ומומלח,,250.00,100 גרם,false,,10.00,0.0400,true,1,245468
7290018091029,false,מקלות פילו תפוחי אדמה מעדנות 450 ג',"מעדנות בע""מ",IL,מקלות פילו תפוחי אדמ,,450.00,100 גרם,false,,16.90,0.0376,true,1,244930
7290018091616,false,מקלות פילו גבינה מעדנות 450 ג',מיוצר עי קונדיטוריית,IL,מקלות פילו גבינה 450,,450.00,100 גרם,false,,16.90,0.0376,true,1,244931
7290018091876,false,"מאפה פילו גבינה, 320 גרם מעדנות","מעדנות בע""מ",IL,מאפה פילו גבינה מעדנ,,320.00,100 גרם,false,,19.90,0.0622,true,1,251147
7290018131558,false,מאגדת מיני בייטס אור,שוורצקוף& הנקל דיסלד,PL,מאגדת מיני בייטס אור,,240.00,100 גרם,false,,19.90,0.0829,true,1,248051
7290018131831,false,שלגוני מילקה בטעם וניל - מארז 4 יח',שוורצקוף& הנקל דיסלד,PL,מאגדת שלגון מילקה ונ,,284.00,100 גרם,false,,34.90,0.1229,true,1,248054
7290018165447,false,"יין רזרב גולד מרלו 750 מ""ל",יקבי ברקן שיווק והפצ,IL,יין רזרב גולד מרלו 7,,750.00,,false,,49.90,0.0665,true,1,246927
7290018192658,false,מארז זוג פטריות פורטובלה ושמפיניון מרינה,"מרינה פטריות הגליל בע""מ",IL,פטריות צמד חמד איטלק,יחידה,0.00,יחידה,false,,15.90,0.0000,true,1,245904
7290018195178,false,שוקולד מריר 62% קקאו 100 גר' טעמן,אס.קיי ראיס אינטרנשי,PL,שוקולד מריר 62% 100,,100.00,,false,,6.90,0.0690,true,1,251114
7290018195345,false,טעים שמן קנולה 1 ליטר,טעים,,שמן קנולה טעים 1 ליט,,1000.00,100 גרם,false,,11.90,0.0119,true,1,251908
7290018198056,false,"קוביות תפוחי אדמה תפוגן 1.5 ק""ג",עיצובים 2020 (4.5),,תפוגן קוביות תפוחי א,,1500.00,100 גרם,false,,26.90,0.0179,true,1,244139
7290018198148,false,"תפוגן קריספי צ'יפס קלאסי 1.25 ק""ג",עיצובים 2020 (4.5),,תפוגן קריספי צ'יפס ק,,1250.00,,false,,25.90,0.0207,true,1,247474
7290018198254,false,"תפוגן קריספי צ'יפס פוטטוס 1.25 ק""ג",עיצובים 2020 (4.5),,תפוגן קריספי צ'יפס פ,,1250.00,100 גרם,false,,25.90,0.0207,true,1,247475
7290018204108,false,כוסות שתיה חמה 16 אוז 25 יח'',,,כוסות קרטון ענק OZ16,יחידה,0.00,יחידה,false,,15.90,0.0000,true,1,246770
7290018213247,false,מטליות לרצפה בניחוח,,,מטליות לחות לרצפה 10,יחידה,0.00,יחידה,false,,9.90,0.0000,true,1,244409
7290018213995,false,3 מטליות מיקרופייבר,,,3 מטליות מיקרופייבר,יחידה,0.00,יחידה,false,,12.90,0.0000,true,1,251713
7290018237922,false,שניצלונים ציפוי ציפס עוף טוב 700 גר',עיצובים 2020 (4.9),IL,שניצלונים בציפוי ציפ,,700.00,,false,,18.90,0.0270,true,1,250940
7290018237939,false,שניצלונים ציפוי שומשום עוף טוב 700 גר',עיצובים 2020 (4.9),IL,שניצלונים בציפוי שומ,,700.00,100 גרם,false,,18.90,0.0270,true,1,250941
7290018294208,false,"סלקטד אדום יין ישראלי, 750 מ""ל","כד בני דרום בע""מ",IL,יין סלקטד אדום ישראל,,750.00,,false,,28.90,0.0385,true,1,248584
7290018294352,false,"ארק יקבי כרמל 700 מ""",יקבי כרמל Carmel Winery,IL,ארק 37.5% כרמל 700,,700.00,,false,,49.90,0.0713,true,1,251977
7290018307212,false,תבנית רוסטר גדול 2 י,,,תבנית רוסטר גדול 2 י,יחידה,0.00,יחידה,false,,10.90,0.0000,true,1,250192
7290018307250,false,תבנית רוסטר אובלית 5,,,תבנית רוסטר אובלית 5,יחידה,0.00,יחידה,false,,10.90,0.0000,true,1,246543
7290018359938,false,"רוטב עגבניות לשקשוקה יכין, 400 גרם",יכין,IL,רוטב עגבניות לשקשוקה,,400.00,100 גרם,false,,11.90,0.0298,true,1,252654
7290018359945,false,חאריפה רוטב פיקנטי מפלפלים וירקות 400גר,יכין,IL,חאריפה רוטב פיקנטי מ,,400.00,100 גרם,false,,11.90,0.0298,true,1,252656
7290018359952,false,רוטב עגבניות לפסטה יכין 400 גרם,יכין,IL,רוטב עגבניות לפסטה י,,400.00,100 גרם,false,,11.90,0.0298,true,1,252657
7290018380505,false,"אורז פרסי לבן ארוך 1 קג ""20X",,,"אורז פרסי ארוך 1 ק""ג",,1000.00,,false,,9.90,0.0099,true,1,248180
7290018380925,false,פרוזן שעועית ירוקה עדינה 800 גר' רובין,,,פרוזן שעועית ירוקה ע,,800.00,100 גרם,false,,11.90,0.0149,true,1,252577
7290018380932,false,פרוזן אפונה אקסטרא עדין 600 גר' רובין,,,פרוזן אפונה אקסטרא ע,,600.00,100 גרם,false,,11.90,0.0198,true,1,252575
7290018380949,false,פרוזן אפונה עדינה 800 גר' רובין,,,פרוזן אפונה עדינה 80,,800.00,100 גרם,false,,11.90,0.0149,true,1,252576
7290018380956,false,פרוזן גזר גמדי 800 גר' רובין,,,פרוזן גזר גמדי 800 ג,,800.00,100 גרם,false,,11.90,0.0149,true,1,252580
7290018380987,false,פרוזן אפונה וגזר 800 גרם רובין,,,פרוזן אפונה גזר 800,,800.00,100 גרם,false,,11.90,0.0149,true,1,253211
7290018440209,false,בייגלה בציפוי פאדג' לבן פליפז 140 גר',אולקר מקבוצת פלאדיס,TR,בייגלה בציפוי פאד'ג,,140.00,,false,,9.90,0.0707,true,1,246586
7290018440247,false,צ'אי שקדים 25 שק' ויסוצקי,קריות זול,IL,תה צאי שקדים 25שק,יחידה,0.00,יחידה,false,,19.90,0.0000,true,1,250199
7290018440391,false,תה ירוק מאטה נענע גוארנה 25 שק' ויסוצקי,ויסוצקי,IL,תה ירוק מאטה נענע גו,יחידה,0.00,יחידה,false,,25.90,0.0000,true,1,249221
7290018440476,false,בייגלה מצופה קרם עוגת גבינה ותותים פליפז 140 גר',אולקר מקבוצת פלאדיס,TR,בייגלה מצופה בקרם עו,,140.00,100 גרם,false,,9.90,0.0707,true,1,248520
7290018440483,false,בייגלה מצופה קרמל מלוח ושוקולד פליפז 140 גר',שוורצקוף& הנקל דיסלד,TR,חטיף בייגלה אפוי בצי,,140.00,100 גרם,false,,9.90,0.0707,true,1,248519
7290018440896,false,חליטת צמחים ג'ינג'ר וכורכום - אפקט הג'ינג'ר,ויסוצקי,IL,חליטת ג'ינג'ר וכורכו,,37.50,,false,,19.90,0.5307,true,1,249869
7290018468432,false,"נקניק טבעוני בטעם מעושן, 100 גרם",טיב טירת צבי 2000,IL,נקניק טבעוני בטעם מע,,100.00,100 גרם,false,,19.90,0.1990,true,1,253283
7290018471029,false,"סודה בטעם לימון - מארז 6 בקבוקים 500 מ""ל",יפאורה תבורי בעמ,IL,שוופס סודה לימון מאר,,3000.00,,false,,15.90,0.0053,true,1,246116
7290018471210,false,ספרינג קרטונית אגס סברס תפוח 1 ליטר,"יפאורה תבורי בע""מ",IL,ספרינג אגס סברס תפוח,,1000.00,,false,,7.90,0.0079,true,1,247276
7290018471395,false,פרוט&ווג' תפוח רימון סלק ג'ינג'ר 1 ליטר,פרוט אנד וג' Fruit & Veg,IL,פרוט & ווג' תפוח רימ,,1000.00,,false,,13.90,0.0139,true,1,247279
7290018471470,false,תפוזינה נקטר תפוז פסיפלורה קרטונית 1 ליטר,"יפאורה תבורי בע""מ",IL,תפוזינה נקטר תפוז פס,,1000.00,,false,,7.90,0.0079,true,1,247815
7290018471487,false,תפוזינה נקטר תפוז אננס קרטונית 1 ליטר,"יפאורה תבורי בע""מ",IL,תפוזינה נקטר תפוז אנ,,1000.00,,false,,7.90,0.0079,true,1,247812
7290018471906,false,שוופס מוגז פירות לימונדה ורודה 1.5 ליטר פיקדון,"יפאורה תבורי בע""מ",IL,שוופס מוגז לימונדה ו,,1500.00,100 גרם,false,,9.90,0.0066,true,1,249739
7290018471913,false,שוופס מוגז פירות תפוחים 1.5 ל',"יפאורה תבורי בע""מ",IL,שוופס מוגז תפוחים 1.,,1500.00,,false,,9.90,0.0066,true,1,249736
7290018471920,false,שוופס מוגז פירות ענבים 1.5 ליטר פיקדון,"יפאורה תבורי בע""מ",IL,שוופס מוגז ענבים 1.5,,1500.00,100 גרם,false,,9.90,0.0066,true,1,249740
7290018471937,false,שוופס מוגז פירות תות ליים 1.5 ליטר פיקדון,"יפאורה תבורי בע""מ",IL,שוופס מוגז פירות תות,,1500.00,100 גרם,false,,9.90,0.0066,true,1,249741
7290018471944,false,שוופס מוגז פירות לימונייד 1.5 ליטר פיקדון,"יפאורה תבורי בע""מ",IL,שוופס מוגז למונייד 1,,1500.00,,false,,9.90,0.0066,true,1,249737
7290018542965,false,"צלחת מתכלה 9"" סדרת שמש אר 20 יח' דנטס",,,"צלחת מתכלה 9"" סדרת ש",יחידה,0.00,יחידה,false,,15.90,0.0000,true,1,252897
7290018542972,false,"צלחת מתכלה 10"" סדרת שמש אר 20 יח' דנטס",,,צלחת מתכלה 10' סדרת,יחידה,0.00,יחידה,false,,19.90,0.0000,true,1,252898
7290018542989,false,"קערה עגולה מתכלה 7.5"" סדרת שמש אר 20 יח' דנטס",,,קערה עגולה מתכלה 7.5,יחידה,0.00,יחידה,false,,14.90,0.0000,true,1,252899
7290018542996,false,"קערה אובלית מתכלה 7.5"" סדרת שמש אר 20 יח' דנטס",,,קערה אובלית מתכלה 7.,יחידה,0.00,יחידה,false,,14.90,0.0000,true,1,252901
7290018652671,false,גלידה קרמריה שוקולד ווניל 1.4 ליטר,נסטלה,IL,לה קרמריה שוקו וניל,,1.40,,false,,21.90,15.6429,true,1,250458
7290018652688,false,לה קרמריה טרופי ופירות אדומים 1.4 ל' נסטלה,גלידות נסטלה,IL,לה קרמריה פירות טרופ,,1.40,100 גרם,false,,21.90,15.6429,true,1,250461
7290018703311,false,חטיף חלבון קרם עוגיות קראנץ 60 ג' פראוד,v.s.i,NL,פראוד בוטנים קרמל 60,,60.00,,false,,12.90,0.2150,true,1,251556
7290018703496,false,פראוד - חטיף חלבון בטעם בננה טופי 60 גרם,פראוד PROUD,,חטיף חלבון בננה טופי,,60.00,,false,,12.90,0.2150,true,1,251560
7290018770252,false,זית ירוק מגולען בטעם,,,זית ירוק מגולען בטעם,,190.00,,false,,13.90,0.0732,true,1,251838
7290018770276,false,זית עריביקה עם שמן ז,,,זית עריביקה עם שמן ז,,215.00,,false,,13.90,0.0647,true,1,251840
7290018770344,false,טחינה משומשום אתיופי,,,טחינה 100% שומשום את,,500.00,100 גרם,false,,16.90,0.0338,true,1,251923
7290018790007,false,עוגיות סנדוויץ אמריקאיות וניל 150 גר',,,עוגיות סנדוויץ אמריק,,150.00,100 גרם,false,,4.90,0.0327,true,1,252946
7290018792841,false,אבקת קקאו טבעי 150ג גאנה,גאנס לודרס,IL,אבקת קקאו טבעי 150 ג,,150.00,100 גרם,false,,9.90,0.0660,true,1,252620
7290018860984,false,אטריות ביצים דקות מז,Xiamen zhongshi impo,CN,אטריות ביצים דקות 40,,400.00,,false,,9.90,0.0248,true,1,251715
7290018893005,false,"חטיפי בייגלה אפוי בטעם חרדל ודבש, 160 גרם",צ'וקטה Chocketa,RO,בייגלה שטוח חרדל ודב,,160.00,100 גרם,false,,8.90,0.0556,true,1,250034
7290018893036,false,עוגיות סנדוויץ' בטעם שוקולד ממולאות קרם בטעם וניל,צ'וקטה Chocketa,ES,צ'וקטה ביסקוויט שוקו,,176.00,100 גרם,false,,8.90,0.0506,true,1,250404
7290018893074,false,עוגת שכבות עם ליקר וניל -צ'וקטה,בלקוני,,צ'וקטה עוגת שכבות שו,,400.00,100 גרם,false,,13.90,0.0348,true,1,252963
7290018893081,false,עוגות מגולגלות במילוי קרם חלבי וציפוי בטעם שוקולד,צ'וקטה Chocketa,,עוגות אישיות מגולגלו,,222.00,100 גרם,false,,10.90,0.0491,true,1,250042
7290018893135,false,מקלות אפויים בתוספת מלח Salty,צ'וקטה Chocketa,,צ'וקטה גריסיני מלח 1,,120.00,100 גרם,false,,7.90,0.0658,true,1,252298
7290018893289,false,עוגות מגולגלות בטעם קקאו - 6 יחידות במארז,צ'וקטה Chocketa,,עוגות אישיות מגולגלו,,222.00,100 גרם,false,,10.90,0.0491,true,1,250043
7290018893296,false,עוגיות חמאה מצופות שוקולד חלב בעיטור שוקולד לבן,צ'וקטה Chocketa,BE,צ'וקטה עוגיות מיני ח,,100.00,100 גרם,false,,9.90,0.0990,true,1,252287
7290018893319,false,צ'וקטה שוקולד מריר בלגי 85% 100 גרם משולש K,צ'וקטה Chocketa,BE,שוקולד מריר בלגי 85,,100.00,100 גרם,false,,9.90,0.0990,true,1,250046
7290018893340,false,מקלות אפויים בתוספת שומשום Salty,צ'וקטה Chocketa,,צ'וקטה גריסיני שומשו,,120.00,100 גרם,false,,7.90,0.0658,true,1,252300
7290018893401,false,שוקולד מריר פרימיום 70% 100 גרם צ'וקטה איגוד רבנים,צ'וקטה Chocketa,ES,צ'וקטה שוקולד מריר מ,,100.00,100 גרם,false,,9.90,0.0990,true,1,250405
7290018893456,false,צ'וקטה מארז עוגות אישיות במילוי קרם ובציפוי שוקולד 10*30ג,פרדי קונדטוריה אס.פי,IT,עוגות אישיות חלב צוק,,300.00,100 גרם,false,,13.90,0.0463,true,1,250040
7290018893487,false,צ'וקטה עוגה אישית בטעם קוקוס 350 ג' נוכרי,צ'וקטה Chocketa,,עוגות אישיות קוקוס צ,,350.00,100 גרם,false,,13.90,0.0397,true,1,250044
7290018893616,false,שוקולד מריר 48% 6 יח' *100 ג' צ'וקטה,צוקטה,ES,שוקולד מריר 48% צ'וק,,600.00,100 גרם,false,,19.90,0.0332,true,1,252964
7290018893647,false,צ'וקטה עוגיות סנדביץ מצופות 150 גרם חלב נוכרי,צ'וקטה Chocketa,,עוגיות סנדביץ מצופות,,150.00,100 גרם,false,,9.90,0.0660,true,1,250061
7290018893654,false,חטיפי בייגלה דקיקים ופריכים מלח צ'וקטה 200 ג',צ'וקטה Chocketa,RO,בייגלה בתוספת מלח צו,,200.00,100 גרם,false,,8.90,0.0445,true,1,250032
7290018893753,false,צ'וקטה וופל חמאה בטעם לימון 100 ג,,,צ'וקטה וופל בלגי ט.ל,,100.00,100 גרם,false,,10.90,0.1090,true,1,252297
7290018893807,false,צ'וקטה - שוקולד מריר שלישייה 3 * 100 גרם,צ'וקטה Chocketa,,צוקטה בטעם שוקולד מר,,300.00,,false,,12.90,0.0430,true,1,250045
7290018893814,false,צ'וקטה שוקולד מריר 48% 5 יח' *100 ג',הדקלאים אגודת שיתופי,ES,שוקולד מריר 48% צוקט,,500.00,100 גרם,false,,18.90,0.0378,true,1,250047
7290018893876,false,עוגות אישיות רכות עם מילוי קרם בטעם וניל,פרדי קונדיטוריה אס פ,IT,עוגות אישיות וניל ונ,,200.00,100 גרם,false,,13.90,0.0695,true,1,250037
7290018894002,false,קוביות וופל במילוי קרם קקאו - חלבי,בלקוני Balconi,IT,בלקוני וופל קוביות ק,,250.00,,false,,13.90,0.0556,true,1,252290
7290018894019,false,עוגות אישיות במילוי קרם חלבי ובציפוי קרם קקאו,בלקוני Balconi,IT,בלקוני עוגות אישיות,,350.00,100 גרם,false,,15.90,0.0454,true,1,252295
7290018894200,false,בלקוני וופל קוביות ויל 250 גרם חלבי OU,בלקוני Balconi,IT,בלקוני וופל קוביות ו,,250.00,,false,,13.90,0.0556,true,1,252291
7290018894217,false,עוגות אישיות במילוי קרם קקאו ובציפוי קרם קקאו,בלקוני Balconi,IT,בלקוני עוגות מיקס מק,,350.00,100 גרם,false,,15.90,0.0454,true,1,252296
7290018894248,false,צ'וקטה - שוקולד חלב שלישייה 3 * 100 גרם,צ'וקטה Chocketa,FR,צוקטה שוקול חלב שליש,,100.00,,false,,12.90,0.1290,true,1,252301
7290018894606,false,בלקוני וופל קקאו 175 גרם חלבי OU,בלקוני Balconi,IT,בלקוני וופל קקאו 175,,175.00,100 גרם,false,,8.90,0.0509,true,1,252292
7290018894804,false,וופלים במילוי קרם אגוזי לוז - חלבי,בלקוני Balconi,IT,בלקוני וופל אגוזי ל,,175.00,100 גרם,false,,8.90,0.0509,true,1,252293
7290018925065,false,פרימור מיץ תפוזים סחוט 2 ליטר,פרימור,IL,פרימור מיץ תפוזים סח,,2000.00,100 גרם,false,,32.90,0.0164,true,1,249870
7290018925096,false,משקה קל תפוזים 1.5 ל' פרימור,פרימור,IL,משקה קל תפוזים ‏5‏.‏,,1500.00,100 גרם,false,,8.90,0.0059,true,1,249697
7290018925102,false,משקה קל ענבים 1.5 ל' פרימור,פרימור,IL,משקה קל ענבים ‏5‏.‏1,,1500.00,100 גרם,false,,8.90,0.0059,true,1,249698
7290018925126,false,משקה קל תפוחי עץ 1.5ל' פרימור,פרימור,IL,משקה קל תפוחי עץ ‏5‏,,1500.00,100 גרם,false,,8.90,0.0059,true,1,249699
7290018925133,false,משקה קל מנגו 1.5ל' פרימור,פרימור,IL,משקה קל מנגו ‏5‏.‏1‏,,1500.00,100 גרם,false,,8.90,0.0059,true,1,249703
7290018925140,false,משקה קל אשכוליות 1.5ל' פרימור,פרימור,IL,משקה קל אשכולית ‏5‏.,,1500.00,100 גרם,false,,8.90,0.0059,true,1,249700
7290018925157,false,משקה קל לימונים 1.5ל' פרימור,פרימור,IL,משקה קל לימונים 1.5,,1500.00,,false,,8.90,0.0059,true,1,249704
7290018925164,false,משקה קל תות-בננה 1.5ל' פרימור,פרימור,IL,משקה קל תות-בננה ‏5‏,,1500.00,100 גרם,false,,8.90,0.0059,true,1,249701
7290018929001,false,5 מטליות מיקרופייבר,,,5 מטליות מיקרופייבר,יחידה,0.00,יחידה,false,,8.90,0.0000,true,1,251714
7290018972335,false,פרוזן שעועית ירוקה אקסטרא עדין 600 גר',,,פרוזן שעועית ירוקה א,,600.00,100 גרם,false,,11.90,0.0198,true,1,252578
7290018972366,false,"פרוזן אדממה 1 ק""ג",,,"פרוזן אדממה 1 ק""ג",,1000.00,,false,,15.90,0.0159,true,1,250871
7290018972625,false,פרוזן במיה 600 גר' קהילות,,,פרוזן במיה 600 גרם,,600.00,100 גרם,false,,11.90,0.0198,true,1,252572
7290018972632,false,ארטישוק תחתיות 400 גר' קהילות,,,פרוזן ארטישוק תחתיות,,400.00,100 גרם,false,,11.90,0.0298,true,1,252573
7290018972649,false,פרוזן פול ירוק 600 גר' קהילות,,,פרוזן פול ירוק 600 ג,,600.00,100 גרם,false,,11.90,0.0198,true,1,252574
7290018972762,false,נודלס טעם עוף להכנה מהירה 72 גרם,,,נודלס טעם עוף להכנה,,72.00,100 גרם,false,,6.90,0.0958,true,1,251607
7290018972779,false,נודלס מנה חמה בקר תו,,,נודלס טעם בקר להכנה,,72.00,100 גרם,false,,6.90,0.0958,true,1,251608
7290018972786,false,נודלס טעם ירקות להכנה מהירה 72 גרם,,,נודלס טעם ירקות להכנ,,72.00,100 גרם,false,,6.90,0.0958,true,1,251609
7290018989005,false,יכין פולפה טבעית 400*3 גר,זנלכל,IL,פולפה טבעית יכין 400,,1200.00,100 גרם,false,,14.90,0.0124,true,1,251459
7290018989081,false,חומוס הבית להכנת חומוס טרי יכין,זנלכל,IL,חומוס הבית -להכנת חו,,410.00,100 גרם,false,,9.90,0.0241,true,1,251454
7290018989135,false,סירופ בטעם פטל יכין 1 ליטר,זנלכל,IL,סירופ בטעם פטל יכין,,1000.00,,false,,18.90,0.0189,true,1,251461
7290019014409,false,פלירוסול ניקוי ושימו,,,ניקוי ושימור משטחי ע,,500.00,,false,,29.90,0.0598,true,1,250589
7290019026754,false,מגהץ אדים 8088-DY,,,מגהץ אדים 8088-DY,יחידה,0.00,יחידה,false,,99.00,0.0000,true,1,253135
7290019056027,false,שוופס מוגז פירות תפוחים ללא סוכר 1.5 ליטר פיקדון,"יפאורה תבורי בע""מ",IL,שוופס מוגז פירות תפו,,1500.00,,false,,9.90,0.0066,true,1,249742
7290019056034,false,שוופס מוגז פירות אננס ללא סוכר 1.5 ליטר פיקדון,"יפאורה תבורי בע""מ",IL,שוופס מוגז פירות אננ,,1500.00,100 גרם,false,,9.90,0.0066,true,1,249743
7290019056041,false,שוופס מוגז פירות לימונייד ללא סוכר 1.5 ליטר פיקדון,"יפאורה תבורי בע""מ",IL,שוופס מוגז פירות ללא,,1500.00,,false,,9.90,0.0066,true,1,249744
7290019056058,false,שוופס מוגז עדין תפוח ליים 1.5 ליטר פיקדון,"יפאורה תבורי בע""מ",IL,שוופס מוגז עדין תפוח,,1500.00,,false,,8.90,0.0059,true,1,249731
7290019056065,false,שוופס מוגז עדין פירות יער 1.5 ליטר פיקדון,"יפאורה תבורי בע""מ",IL,שוופס מוגז עדין פירו,,1500.00,100 גרם,false,,8.90,0.0059,true,1,249732
7290019056072,false,שוופס מוגז עדין אננס 1.5 ליטר פיקדון,"יפאורה תבורי בע""מ",IL,שוופס מוגז עדין אננס,,1500.00,100 גרם,false,,8.90,0.0059,true,1,249733
7290019056089,false,שוופס מוגז עדין ענבי ריזלינג 1.5 ליטר פיקדון,"יפאורה תבורי בע""מ",IL,שוופס מוגז עדין טעם,,1500.00,100 גרם,false,,8.90,0.0059,true,1,249734
7290019056096,false,שוופס מוגז עדין אפרסק 1.5 ליטר פיקדון,"יפאורה תבורי בע""מ",IL,שוופס מוגז עדין אפרס,,1500.00,100 גרם,false,,8.90,0.0059,true,1,249735
7290019056119,false,שוופס סודה 1.5 ליטר פיקדון,"יפאורה תבורי בע""מ",IL,שוופס סודה 1.5ליטר,,1500.00,,false,,4.20,0.0028,true,1,249720
7290019056126,false,שוופס סודה לימון 1.5 ליטר בק' בודד פיקדון,"יפאורה תבורי בע""מ",IL,שוופס סודה לימון 1.5,,1500.00,100 גרם,false,,4.20,0.0028,true,1,249807
7290019056164,false,שוופס סודה 1.5 ליטר רביעייה פיקדון,"יפאורה תבורי בע""מ",IL,שוופס סודה מארז 4*1.,,6000.00,100 גרם,false,,12.90,0.0021,true,1,249780
7290019056171,false,שוופס סודה לימון 1.5 ליטר רביעייה פיקדון,"יפאורה תבורי בע""מ",IL,שוופס סודה לימון מאר,,6000.00,,false,,12.90,0.0021,true,1,249781
7290019056188,false,שוופס סודה נענע ליים 1.5 ליטר רביעייה פיקדון,"יפאורה תבורי בע""מ",IL,שוופס סודה נענע ליים,,6000.00,,false,,12.90,0.0021,true,1,249782
7290019056195,false,שוופס סודה למון גראס ג'ינג'ר 1.5 ליטר רביעייה פיקדון,"יפאורה תבורי בע""מ",,שוופס סודה למון גראס,,6000.00,100 גרם,false,,12.90,0.0021,true,1,249783
7290019056232,false,משקה מוגז בטעם ליים מוחיטו 1.5 ל' שוופס,"יפאורה תבורי בע""מ",IL,שוופס ליים מוחיטו 1.,,1500.00,100 גרם,false,,9.90,0.0066,true,1,249746
7290019056249,false,שוופס מים בטעמים ענבים 1.5 ליטר פיקדון,"יפאורה תבורי בע""מ",IL,שוופס וואטר ענבים 1.,,1500.00,,false,,8.90,0.0059,true,1,249766
7290019056256,false,שוופס מים בטעמים תפוחים 1.5 ליטר פיקדון,"יפאורה תבורי בע""מ",IL,שוופס וואטר תפוח 1.5,,1500.00,,false,,8.90,0.0059,true,1,249767
7290019056263,false,שוופס מים בטעמים אפרסק 1.5 ליטר פיקדון,"יפאורה תבורי בע""מ",IL,שוופס וואטר אפרסק 1.,,1500.00,,false,,8.90,0.0059,true,1,249768
7290019056270,false,שוופס מים בטעמים פירות יער 1.5 ליטר פיקדון,"יפאורה תבורי בע""מ",IL,שוופס וואטר פירות יע,,1500.00,,false,,8.90,0.0059,true,1,249769
7290019056294,false,שוופס ג'ינג'ר אייל 1.5 ליטר פיקדון,"יפאורה תבורי בע""מ",IL,שוופס ג'ינג'ר אייל 1,,1500.00,100 גרם,false,,13.90,0.0093,true,1,249775
7290019056317,false,שוופס ראשן 1.5 ליטר פיקדון,"יפאורה תבורי בע""מ",IL,שוופס ראשן 1.5 ליטר,,1500.00,100 גרם,false,,13.90,0.0093,true,1,249777
7290019056324,false,שוופס טוניק 1.5 ליטר פיקדון,"יפאורה תבורי בע""מ",IL,שוופס מי טוניק 1.5לי,,1500.00,,false,,13.90,0.0093,true,1,249778
7290019056362,false,תפוזינה ענבים 1.5 ליטר פיקדון,"יפאורה תבורי בע""מ",IL,תפוזינה ענבים 1.5ליט,,1500.00,,false,,9.90,0.0066,true,1,249721
7290019056379,false,תפוזינה תפוזים 1.5 ליטר פיקדון,"יפאורה תבורי בע""מ",IL,תפוזינה תפוזים 1.5לי,,1500.00,100 גרם,false,,9.90,0.0066,true,1,249722
7290019056386,false,פתוזינה אשכולית 1.5 ליטר פיקדון,"יפאורה תבורי בע""מ",IL,תפוזינה אשכוליות 1.5,,1500.00,,false,,9.90,0.0066,true,1,249723
7290019056393,false,תפוזינה תות בננה 1.5 ליטר פיקדון,"יפאורה תבורי בע""מ",IL,תפוזינה תות בננה 1.5,,1500.00,,false,,9.90,0.0066,true,1,249726
7290019056409,false,תפוזינה מנגו 1.5 ליטר פיקדון,"יפאורה תבורי בע""מ",IL,תפוזינה מנגו עסיסי 1,,1500.00,,false,,9.90,0.0066,true,1,249727
7290019056416,false,מיץ בטעם לימונדה ורודה 1.5 ל' תפוזינה,"יפאורה תבורי בע""מ",IL,תפוזינה לימונים 1.5ל,,1500.00,,false,,9.90,0.0066,true,1,249728
7290019056430,false,תפוזינה תפוזים לייט 1.5 ליטר פיקדון,"יפאורה תבורי בע""מ",IL,תפוזינה דיאט תפוזים,,1500.00,,false,,9.90,0.0066,true,1,249730
7290019056447,false,תפוזינה אשכוליות לייט 1.5 ליטר פיקדון,"יפאורה תבורי בע""מ",IL,תפוזינה דיאט אשכוליו,,1500.00,,false,,9.90,0.0066,true,1,249724
7290019056461,false,מארז משקה בטעם קולה שישייה * 1.5 ל' אר.סי,"יפאורה תבורי בע""מ",IL,אר.סי קולה שישייה 6*,,9000.00,,false,,39.90,0.0044,true,1,249747
7290019056485,false,ספריג תה ירוק לימון לואיזה 1.5 ליטר פיקדון,"יפאורה תבורי בע""מ",IL,ספרינג טי קר לימון ל,,1500.00,,false,,9.90,0.0066,true,1,249772
7290019056508,false,פרוט ווטר ענבים 1.5 ליטר פיקדון,"יפאורה תבורי בע""מ",IL,משקה וואטר פרוט ענבי,,1500.00,100 גרם,false,,8.90,0.0059,true,1,249748
7290019056515,false,פרוט ווטר אננס 1.5 ליטר פיקדון,"יפאורה תבורי בע""מ",IL,משקה וואטר פרוט אננס,,1500.00,,false,,8.90,0.0059,true,1,249749
7290019056522,false,פרוט ווטר תות 1.5 ליטר פיקדון,"יפאורה תבורי בע""מ",IL,משקה וואטר פרוט תות,,1500.00,100 גרם,false,,8.90,0.0059,true,1,249750
7290019056539,false,פרוט ווטר אפרסק 1.5 ליטר פיקדון,"יפאורה תבורי בע""מ",IL,משקה וואטר פרוט אפרס,,1500.00,100 גרם,false,,8.90,0.0059,true,1,249751
7290019056546,false,פרוט ווטר אבטיח 1.5 ליטר פיקדון,"יפאורה תבורי בע""מ",IL,משקה וואטר פרוט אבטי,,1500.00,,false,,8.90,0.0059,true,1,249752
7290019056553,false,עין גדי מים מינרלים 2 ליטר*6 יח',עין גדי מים מינרליים,IL,עין גדי מים מינרלים,,12000.00,100 גרם,false,,13.80,0.0012,true,1,249708
7290019056560,false,עין גדי 2 ליטר בק' בודד פיקדון,יפאורה תבורי,IL,עין גדי 2ליטר,,2000.00,,false,,3.30,0.0016,true,1,249706
7290019056577,false,ספרינג מנגו 1.5 ליטר פיקדון,"יפאורה תבורי בע""מ",IL,ספרינג מנגו 1.5ליטר,,1500.00,100 גרם,false,,9.90,0.0066,true,1,249709
7290019056584,false,ספרינג תפוזים 1.5 ליטר פיקדון,"יפאורה תבורי בע""מ",IL,ספרינג תפוזים 1.5ליט,,1500.00,100 גרם,false,,9.90,0.0066,true,1,249710
7290019056591,false,ספרינג ענבים 1.5 ליטר פיקדון,"יפאורה תבורי בע""מ",IL,ספרינג ענבים 1.5ליטר,,1500.00,100 גרם,false,,9.90,0.0066,true,1,249713
7290019056607,false,ספרינג תפוחים 1.5 ליטר פיקדון,"יפאורה תבורי בע""מ",IL,ספרינג תפוחים 1.5ליט,,1500.00,,false,,9.90,0.0066,true,1,249714
7290019056614,false,ספרינג אפרסק 1.5 ליטר פיקדון,"יפאורה תבורי בע""מ",IL,ספרינג אפרסק 1.5ליטר,,1500.00,,false,,9.90,0.0066,true,1,249711
7290019056621,false,ספרינג פירות טרופיים 1.5 ליטר פיקדון,"יפאורה תבורי בע""מ",IL,ספרינג פירות טרופיים,,1500.00,100 גרם,false,,9.90,0.0066,true,1,249715
7290019056638,false,ספרינג תות בננה 1.5 ליטר פיקדון,"יפאורה תבורי בע""מ",IL,ספרינג תות בננה 1.5ל,,1500.00,100 גרם,false,,9.90,0.0066,true,1,249716
7290019056645,false,ספרחנג אגס תפוח סברס 1.5 ליטר פיקדון,"יפאורה תבורי בע""מ",IL,ספרינג אגס סברס תפוח,,1500.00,100 גרם,false,,9.90,0.0066,true,1,249717
7290019056652,false,ספרינג אננס בננה 1.5 ליטר פיקדון,"יפאורה תבורי בע""מ",IL,ספרינג אננס בננה 1.5,,1500.00,,false,,9.90,0.0066,true,1,249719
7290019056676,false,מיץ דיאט בטעם אשכוליות ואננס 1.5ל' ספרינג,"יפאורה תבורי בע""מ",IL,ספרינג דיאט אשכוליות,,1500.00,,false,,9.90,0.0066,true,1,249712
7290019056720,false,קריסטל מיץ ענבים 2 ליטר פיקדון,יפאורה תבורי,IL,קריסטל מיץ ענבים 2 ל,,2000.00,100 גרם,false,,7.90,0.0039,true,1,249761
7290019056737,false,מיץ בטעם אשכוליות 2 ל' קריסטל,יפאורה תבורי,IL,קריסטל מיץ אשכוליות,,2000.00,100 גרם,false,,7.90,0.0039,true,1,249753
7290019056744,false,קריסטל מיץ תפוזים 2 ליטר פיקדון,יפאורה תבורי,IL,קריסטל מיץ תפוזים 2,,2000.00,,false,,7.90,0.0039,true,1,249754
7290019056751,false,קריסטל מיץ אשכוליות דיאט 2 ליטר פיקדון,יפאורה תבורי,IL,קריסטל דיאט מיץ אשכו,,2000.00,,false,,7.90,0.0039,true,1,249764
7290019056768,false,קריסטל מיץ מנגו 2 ליטר פיקדון,יפאורה תבורי,IL,קריסטל מיץ מנגו 2 לי,,2000.00,100 גרם,false,,7.90,0.0039,true,1,249762
7290019056775,false,קריסטל מוגז ענבים 2 ליטר פיקדון,יפאורה תבורי,IL,קריסטל ענבים 2 ליטר,,2000.00,100 גרם,false,,7.90,0.0039,true,1,249755
7290019056782,false,משקה מוגז בטעם לימון ליים 2 ל' קריסטל,יפאורה תבורי,IL,קריסטל למון ליים 2 ל,,2000.00,,false,,7.90,0.0039,true,1,249756
7290019056799,false,קריסטל מוגז אקזוטי 2 ליטר פיקדון,יפאורה תבורי,IL,קריסטל אקזוטי 2ליטר,,2000.00,100 גרם,false,,7.90,0.0039,true,1,249765
7290019056805,false,קריסטל מוגז תפוחים 2 ליטר פיקדון,יפאורה תבורי,IL,קריסטל תפוח 2 ליטר,,2000.00,,false,,7.90,0.0039,true,1,249763
7290019056812,false,קריסטל מוגז מנטה 2 ליטר פיקדון,יפאורה תבורי,IL,קריסטל מנטה 2 ליטר,,2000.00,100 גרם,false,,7.90,0.0039,true,1,249757
7290019056829,false,קריסטל מוגז תפוזים 2 ליטר פיקדון,קריות זול,,קריסטל אורנג' 2 ליטר,,2000.00,,false,,7.90,0.0039,true,1,249758
7290019056836,false,קריסטל מוגז תות 2 ליטר פיקדון,יפאורה תבורי,IL,קריסטל תות 2 ליטר,,2000.00,100 גרם,false,,7.90,0.0039,true,1,249759
7290019056843,false,קריסטל מוגז קולה 2 ליטר פיקדון,קריות זול,,קריסטל קולה 2 ליטר,,2000.00,,false,,7.90,0.0039,true,1,249760
7290019056898,false,שוופס סודה לימון 1.5,"כד בני דרום בע""מ",IL,שוופס סודה לימון 1.5,,1500.00,100 גרם,false,,4.20,0.0028,true,1,250096
7290019056966,false,מי עדן בקבוק פיקדון 1.5 ליטר,"מי עדן בע""מ",IL,מי עדן 1.5ליטר,,1500.00,,false,,3.30,0.0022,true,1,249877
7290019056973,false,מי עדן 1.5 ליטר שישייה פיקדון,מופק ממקור בזלתי עדן,IL,מי עדן שישייה 6*1.5,,9000.00,100 גרם,false,,13.70,0.0015,true,1,249707
7290019153085,false,"שוופס ללא סוכר מוחיטו, 1.5 ליטר פקדון","יפאורה תבורי בע""מ",IL,שוופס מוחיטו ללא סוכ,,1500.00,,false,,8.90,0.0059,true,1,250280
7290019153252,false,שוופס סודה תפוח 1.5 ליטר רביעייה פיקדון,"יפאורה תבורי בע""מ",IL,שוופס סודה תפוח מארז,,6000.00,,false,,12.90,0.0021,true,1,251188
7290019153269,false,שוופס סודה אננס 1.5 ליטר רביעייה פיקדון,"יפאורה תבורי בע""מ",IL,שוופס סודה אננס מארז,,6000.00,,false,,12.90,0.0021,true,1,251187
7290019153375,false,מיץ בטעם מוחיטו 1.5 ל' תפוזינה,"יפאורה תבורי בע""מ",IL,תפוזינה מוחיטו 1.5 ל,,1500.00,,false,,9.90,0.0066,true,1,251390
7290019232162,false,"חליטת ""לילה טוב"" קמומיל מליסה 25 שקיקים ויסוצקי",ויסוצקי,IL,תה ירוק קמומיל מליסה,,25.00,,false,,26.90,1.0760,true,1,252672
7290019232384,false,חווית הצ'אי תה שחור בטעם מוקה 25*50 ג' ויסוצקי,קריות זול,IL,תה חווית הצ'אי מוקה,יחידה,0.00,יחידה,false,,19.90,0.0000,true,1,253082
7290019232827,false,הולגריין ביסקוויט במילוי אגוזי לוז 300 גרם רבנות,"אולקר ביסקווי סנאי,",TR,הולגריין ביסקוויט במ,,300.00,100 גרם,false,,10.90,0.0363,true,1,252599
7290019232834,false,בייגלה מצופה קרם עוגיות ושוקולד 140 גרם פליפז - רבנות,אולקר מקבוצת פלאדיס,TR,בייגלה מצופה עוגיות,,140.00,,false,,9.90,0.0707,true,1,251391
7290019297239,false,צימוק חום 250 גרם בק,"דין שיווק וקליה בע""מ",,צימוק חום 250 גר קופ,,250.00,100 גרם,false,,17.90,0.0716,true,1,200399
7290019297406,false,מעדן דובדובן ללא סוכר שקדיה 284 ג',,CN,מעדן דובדבן שקדיה 10,,284.00,100 גרם,false,,11.90,0.0419,true,1,200403
7290019297413,false,מעדן אפרסק ללא סוכר שקדיה 284 ג',,CN,מעדן אפרסק שקדיה 100,,284.00,,false,,11.90,0.0419,true,1,200404
7290019297420,false,מעדן תות שדה 100% רכיבי פרי 284 גר' ללא תוספת סוכר,,CN,מעדן תות שדה שקדיה 1,,284.00,100 גרם,false,,11.90,0.0419,true,1,200405
7290019297437,false,מעדן אוכמניות ללא סוכר שקדיה 284 ג',,CN,מעדן אוכמניות שקדיה,,284.00,100 גרם,false,,11.90,0.0419,true,1,200406
7290019297512,false,רוטב רימונים שקדיה 340 ג',דין שיווק,TR,רוטב רימונים שקדיה 3,,350.00,100 גרם,false,,11.90,0.0340,true,1,200408
7290019297543,false,חמאת בוטנים שקדיה 51,דין שיווק,,חמאת בוטנים 510גרם,,510.00,100 גרם,false,,10.90,0.0214,true,1,200410
7290055090801,false,שוקולד לבן ללא סוכר 85 גר',כרמית תעשיות ממתקים,IL,שוקולד לבן ללא סוכר,,85.00,,false,,6.90,0.0812,true,1,214242
7290100240656,false,"פתית שיפון תלמה 300ג' בד""צ",יוניליוור ישראל מזון,IL,פתית שיפון,,300.00,,false,,18.90,0.0630,true,1,182792
7290100243671,false,מרכך כביסה אקסטרא בניחוח יסמין מרענן,יוניליוור סנאיי וי ט,TR,בדין אקסטרא כחול 960,,960.00,,false,,17.90,0.0186,true,1,182878
7290100243688,false,מרכך כביסה מרוכז ורו,יונילוור - תורכיה,TR,בדין אקסטרא ורוד 960,,960.00,,false,,17.90,0.0186,true,1,182879
7290100249598,false,"רוטב לבישול שום ודבש קנור 320ג' בד""צ",יוניליוור ישראל מזון,IL,רוטב לעוף שום ודבש ק,,320.00,100 גרם,false,,14.90,0.0466,true,1,183042
7290100249659,false,רוטב לעוף צ'ילי ושום 320 ג' קנור,יוניליוור ישראל מזון,IL,רוטב לעוף צילי שום ק,,320.00,100 גרם,false,,14.90,0.0466,true,1,183048
7290100412343,false,קוויק מגבונים לניקוי כללי בניחוח לימון 50 יח',,,קוויק מגבונים לניקוי,יחידה,0.00,יחידה,false,,8.90,0.0000,true,1,171959
7290100412459,false,קוויק לניקוי שירותים ואמבטיה - בריח לוונדר 50 יח,,,קוויק מגבונים לניקוי,יחידה,0.00,יחידה,false,,8.90,0.0000,true,1,171962
7290100412800,false,"תחליב רחצה לעור יבש וילד פלאור דר עור 700 מ""ל","ד""ר עור DOCTOR OR",,"תחליב רחצה ד""ר עור ל",,700.00,,false,,15.90,0.0227,true,1,225058
7290100658338,false,נוזל כלים אוקסי פלוס עם נוסחת החמצן הפעיל,הנסיך- מפעל לייצור ט,GR,פלמוליב נוזל לכלים א,,750.00,,false,,11.90,0.0159,true,1,185747
7290100680650,false,מנה חמה נודלס-אטריות ירקות טעם תאילנדי אסם 76 ג',THAI PRESIDENT FOODS,TH,מנה חמה נודלס ירקות,,76.00,100 גרם,false,,7.50,0.0987,true,1,177331
7290100680667,false,מנה חמה נודלס-אטריות+ירקות טעם סצ'ואן,THAI PRESIDENT FOODS,TH,מנה חמה נודלס בסגנון,,76.00,100 גרם,false,,7.50,0.0987,true,1,177332
7290100680728,false,פירורית רגילה שקית 350 גרם,מיוצר עי קונדיטוריית,IL,פירורית אסם שקית 350,,350.00,100 גרם,false,,8.20,0.0234,true,1,177335
7290100681138,false,מארז אפרופו חטיף תירס 3 יחידות,"אסם השקעות בע""מ",IL,אפרופו מארז אסם 3*50,,150.00,100 גרם,false,,13.30,0.0887,true,1,177341
7290100683880,false,אבקה להכנת פירה 260 ג' אסם,"אסם השקעות בע""מ",IL,תערובת להכנת פירה אס,,260.00,100 גרם,false,,16.90,0.0650,true,1,177402
7290100685068,false,פודינג וניל עם פצפוצי שוקולד 110 ג' אסם,אסם תעשיות,IL,אסם פודינג אינסטנס ו,,110.00,100 גרם,false,,8.50,0.0773,true,1,177423
7290100685136,false,"מרק בטעם עוף 1 ק""ג אסם","אסם השקעות בע""מ",IL,*מבצע* אבקת מרק בטעם,,1000.00,100 גרם,false,,13.90,0.0139,true,1,177425
7290100685334,false,אבקת מרק עוף אמיתי ר.טבעיים 400ג' אסם,"אסם השקעות בע""מ",IL,מרק עוף רכיבים טבעיי,,400.00,100 גרם,false,,28.90,0.0722,true,1,177435
7290100685341,false,מרק בטעם עוף זך רכיבים טבעיים 400 ג' אסם,"אסם השקעות בע""מ",IL,אסם מרק זך טעם עוף ר,,400.00,100 גרם,false,,21.70,0.0542,true,1,177436
7290100686164,false,ביסלי ברביקיו מארז 6 יח' * 35 ג' אסם,מיוצר עי קונדיטוריית,IL,ביסלי ברביקיו מארז 6,,210.00,100 גרם,false,,15.90,0.0757,true,1,177467
7290100686171,false,ביסלי גריל מארז 6 יח' * 35 ג' אסם,אסם תעשיות,IL,ביסלי גריל מארז 6 יח,,210.00,100 גרם,false,,15.90,0.0757,true,1,177468
7290100687109,false,במבה במילוי קרם נוגט 60ג' אסם,"אסם השקעות בע""מ",IL,במבה במילוי נוגט אסם,,60.00,100 גרם,false,,4.90,0.0817,true,1,177487
7290100689301,false,אבקת מרק עוף זך עדיף אסם 400 גר',"אסם השקעות בע""מ",IL,*מבצע* אסם עדיף זך ט,,400.00,100 גרם,false,,13.90,0.0348,true,1,177552
7290100700006,false,"סוגת חיטה 1 ק""ג",,,חיטה סוגת 1קג,,1000.00,100 גרם,false,,8.90,0.0089,true,1,192161
7290100700020,false,סוגת גריסי פנינה 500גרם,האי נאם סי או אל.טי.,IL,גריסי פנינה סוגת 500,,500.00,100 גרם,false,,6.90,0.0138,true,1,192162
7290100700068,false,סוגת שעועית צבעונית 500גרם,,,שעועית צבעונית סוגת,,500.00,,false,,10.90,0.0218,true,1,192163
7290100700075,false,פירורי לחם מוזהבים 200 ג' סוגת,"סוגת תעשיות בע""מ",IL,פירורי לחם מוזהבים ס,,200.00,100 גרם,false,,4.90,0.0245,true,1,192164
7290100700242,false,"אורז מלא עגול סוגת 1 ק""ג","סוגת תעשיות בע""מ",IL,אורז מלא עגול סוגת 1,,1000.00,100 גרם,false,,12.90,0.0129,true,1,192171
7290100700273,false,קינואה סוגת 500 גרם,האי נאם סי או אל.טי.,IL,קינואה סוגת 500 גר,,500.00,100 גרם,false,,15.90,0.0318,true,1,192173
7290100700310,false,"כוסמת 1ק""ג סוגת",,,כוסמת סוגת 1קג,,1000.00,100 גרם,false,,15.90,0.0159,true,1,192176
7290100700327,false,"גריסי פנינה סוגת 1 ק""ג",,,גריסי פנינה סוגת 1קג,,1000.00,100 גרם,false,,7.90,0.0079,true,1,192177
7290100700396,false,"סוגת אורז יסמין קלאסי 1 ק""ג",האי נאם סי או אל.טי.,IL,אורז יסמין קלאסי סוג,,1000.00,,false,,12.90,0.0129,true,1,192182
7290100700419,false,"בורגול סוגת 1 ק""ג",,,בורגול סוגת 1קג,,1000.00,100 גרם,false,,7.90,0.0079,true,1,192184
7290100700563,false,אורז מיקס קלאסי 1 ק',סוגת תעשיות,IL,אורז מיקס סוגת 1קג,,1000.00,,false,,15.50,0.0155,true,1,192189
7290100700587,false,סוגת בורגול 500 גרם,האי נאם סי או אל.טי.,IL,בורגול סוגת 500 גר,,500.00,100 גרם,false,,6.90,0.0138,true,1,192190
7290100701140,false,"אורז ריזוטו 1 ק""ג סוגת","סוגת תעשיות בע""מ",IL,אורז ארבוריו סוגת 1ק,,1000.00,100 גרם,false,,14.90,0.0149,true,1,192209
7290100701157,false,אורז להכנת סושי סוגת,Unknown,,אורז להכנת סושי סוגת,,1000.00,100 גרם,false,,14.90,0.0149,true,1,192210
7290100701348,false,"קמח שיפון מלא 1ק""ג סוגת",טחנות קמח שטיבל באר,IL,קמח שיפון מלא סוגת 1,,1000.00,100 גרם,false,,7.90,0.0079,true,1,192220
7290100701454,false,גרישה - בורגול דק,"סוגת תעשיות בע""מ",IL,גרישה סוגת 500גר,,500.00,,false,,6.90,0.0138,true,1,192226
7290100701577,false,קמח לחם קמח חיטה לבן שטיבל,שטיבל טחנות קמח,IL,"קמח לחם 1 ק""ג סוגת",,1000.00,100 גרם,false,,7.90,0.0079,true,1,192227
7290100702253,false,שמרים יבשים בפחית סו,,,שמרים יבשים בפחית סו,,100.00,,false,,8.90,0.0890,true,1,244753
7290100702260,false,קוסקוס דק סוגת 350 גר',סוגת,IL,קוסקוס דק סוגת 350 ג,,350.00,,false,,6.90,0.0197,true,1,192248
7290100702277,false,קוסקוס עבה סוגת 350 גר',סוגת,IL,קוסקוס עבה סוגת 350,,350.00,,false,,6.90,0.0197,true,1,192249
7290100702284,false,קוסקוס מלא סוגת 350 גרם,סוגת,IL,קוסקוס מלא סוגת 350,,350.00,,false,,6.90,0.0197,true,1,192250
7290100702611,false,פתיתים אפויים אורז סוגת 500 ג',אסיף,,פתיתים אפויים אורז ס,,500.00,,false,,6.90,0.0138,true,1,192266
7290100702628,false,פתיתים אפויים קוסקוס סוגת 500 ג',יושלם,,פתיתים אפויים קוסקוס,,500.00,,false,,6.90,0.0138,true,1,192267
7290100702635,false,פתיתים אפויים כוכבים סוגת 500 ג',,,פתיתים אפויים כוכבים,,500.00,100 גרם,false,,6.90,0.0138,true,1,192268
7290100702642,false,פתיתים אפויים טבעת 500 ג' סוגת,,,פתיתים אפויים טבעות,,500.00,100 גרם,false,,6.90,0.0138,true,1,192269
7290100702673,false,פתיתים אפויים 3 צבעים 400 ג' סוגת,,,פתיתים אפויים 3 צבעי,,400.00,100 גרם,false,,6.90,0.0173,true,1,192272
7290100702741,false,"סוכר חום בהיר בצנצנת 1 ק""ג סוגת",סוגת,IL,סוכר חום קלאסי בקופס,,1000.00,,false,,12.90,0.0129,true,1,192278
7290100702987,false,פתיתי שיבולת שועל דק סוגת 500ג',סוגת תעשיות,,פתיתי שיבולת שועל סו,,500.00,,false,,5.90,0.0118,true,1,192289
7290100703007,false,עדשים שחורות בלוגה סוגת 500 גר',האי נאם סי או אל.טי.,IL,עדשים שחורות בלוגה ס,,500.00,100 גרם,false,,8.90,0.0178,true,1,192290
7290100703533,false,קמח קסם תערובת קמח עם שמרים,"שטיבל בע""מ",IL,קמח קסם סוגת 1קג,,1000.00,100 גרם,false,,9.90,0.0099,true,1,192310
7290100703564,false,פתיתי שיבולת שועל עבה סוגת 500 ג',,,פתיתי שיבולת שועל עב,,500.00,,false,,5.90,0.0118,true,1,192312
7290100703625,false,קמח חיטה לבן ללא צורך בניפוי,סוגת,,קמח חלה ללא צורך ניפ,,1000.00,100 גרם,false,,8.90,0.0089,true,1,225523
7290100703632,false,קמח חיטה מלא ללא צורך בניפוי,סוגת,,קמח חיטה מלא ללא צור,,1000.00,100 גרם,false,,8.90,0.0089,true,1,225558
7290100703649,false,"קמח מלא 80% חיטה ללא ניפוי סוגת 1ק""ג",סוגת,,קמח חיטה 80% ללא צור,,1000.00,100 גרם,false,,8.90,0.0089,true,1,225524
7290100703670,false,"קמח כוסמין ללא ניפוי 1 ק""ג סוגת",Unknown,,קמח כוסמין מלא ללא צ,,1000.00,,false,,13.90,0.0139,true,1,225526
7290100703687,false,"קמח חלה ללא ניפוי 1 ק""ג סוגת",סוגת,,קמח חלה ללא צורך ניפ,,1000.00,,false,,8.90,0.0089,true,1,225527
7290100703908,false,סוכר דמררה סוגת בשקי,,,סוכר דמררה סוגת בשקי,,1000.00,,false,,8.90,0.0089,true,1,244754
7290100703915,false,פופקורן להכנה במיקרוגל בטעם חמאה - מארז 6 שקיות,סוגת,,פופקורן למיקרו מארז,,90.00,100 גרם,false,,10.90,0.1211,true,1,224882
7290100704141,false,סודה לשתייה 100 ג' סוגת,א.ל. ייצור ושיווק תב,IL,סודה לשתיה סוגת 100ג,,100.00,100 גרם,false,,2.90,0.0290,true,1,225529
7290100704493,false,"קמח שמרים פיצה ללא ניפוי סוגת 1 ק""ג","שטיבל בע""מ - טחנת קמ",IL,קמח שמרים לפיצה ללא,,1000.00,100 גרם,false,,9.90,0.0099,true,1,245945
7290100704530,false,סוגת קמח כוסמין לבן ללא צורך בניפוי 1 קג,טחנות קמח שטיבל באר,IL,קמח כוסמין לבן ללא צ,,1000.00,,false,,15.90,0.0159,true,1,247728
7290100704660,false,קינואה מיקס סוגת 500 ג',"סוגת תעשיות בע""מ",IL,קינואה מיקס סוגת 500,,500.00,100 גרם,false,,15.90,0.0318,true,1,247537
7290100850909,false,דוריטוס בטעם נאצ'ו מקסיקני,שטראוס פריטו ליי בע,IL,דוריטוס נאצו מקסיקני,,70.00,100 גרם,false,,4.40,0.0629,true,1,183960
7290100850916,false,דוריטוס בטעם חמוץ חריף,"שטראוס פריטו ליי בע""",IL,דוריטוס חמוץ חריף 70,,70.00,100 גרם,false,,4.40,0.0629,true,1,183961
7290100850923,false,דוריטוס גריל 70 גרם,שטראוס פריטו ליי בע,IL,דוריטוס גריל 70גר,,70.00,100 גרם,false,,4.40,0.0629,true,1,183962
7290100850930,false,דוריטוס דיפ טבעי 70ג,שטראוס פריטו ליי בע,IL,דוריטוס דיפ טבעי 70ג,,70.00,100 גרם,false,,4.40,0.0629,true,1,183963
7290100924457,false,כדוריות סבון נתלה לאסלה לימון רענן - 3 יח',הנקל סוד,HU,כדוריות סוד סבון לאס,,0.00,,false,,16.90,0.0000,true,1,233897
7290100924464,false,כדוריות סבון נתלה לאסלה עם אקונומיקה - 3 יח',הנקל סוד,HU,כדוריות סוד סבון לאס,,0.00,,false,,16.90,0.0000,true,1,233898
7290100925751,false,"סוד נוזל כלים תפוח 650 מ""ל",סוד,,סוד נוזל לכלים תפוח,,650.00,100 גרם,false,,6.90,0.0106,true,1,210121
7290101112518,false,מאגדת שלגונים אייס ק,,,גרניטה מאגדת גלידה א,,6.00,,false,,19.90,3.3167,true,1,246683
7290101112921,false,גלידל פרי קרחון מופחת קלוריות פירות טרופיים - 8 יח',הגלידות של פלדמן,IL,גלידל פרי מאגדת בטעם,,8.00,,false,,22.90,2.8625,true,1,246700
7290101450900,false,נרות ג'מבו כוכבים ממ,Unknown,,נרות ג'מבו כוכבים ממ,יחידה,0.00,יחידה,false,,7.90,0.0000,true,1,186443
7290101451105,false,נרות מטה כוכבים ממות,,,נרות מטה כוכבים ממות,יחידה,0.00,יחידה,false,,5.90,0.0000,true,1,186446
7290101488286,false,"ליידי ספיד סטיק - דאודורנט ספריי לאישה 24/7 פרש פיוזן ורוד 150 מ""ל",ליידי ספיד סטיק Lady Speed Stick,RU,ליידי ספיד סטיק 24/7,,150.00,,false,,14.90,0.0993,true,1,185829
7290101551263,false,סילאן טבעי ללא תוספת סוכר,"פוליבה בע""מ",IL,*מבצע* סילאן טבעי יד,,700.00,100 גרם,false,,19.90,0.0284,true,1,224993
7290101551300,false,סילאן טבעי ללא תוספת סוכר בקבוק לחיץ,"פוליבה בע""מ",IL,סילאן טבעי לחיץ יד מ,,380.00,,false,,17.90,0.0471,true,1,224994
7290101551539,false,יוגורט PRO בטעם אפרסק 0% 20 גרם חלבון בגביע,דנונה - שטראוס,IL,דנונה פרו אפרסק 20 ג,,200.00,100 גרם,false,,6.80,0.0340,true,1,225119
7290101551584,false,תפוצ'יפס קידס מארז 10 יח' * 20 ג',"שטראוס פריטו ליי בע""",IL,תפוציפס קידס מארז 10,,200.00,100 גרם,false,,14.50,0.0725,true,1,225632
7290101551614,false,חטיף צ'יטוס קראנץ בטעם גבינה - מארז 8 יח',הנסיך- מפעל לייצור ט,IL,ציטוס קראנץ גבינה מא,,240.00,100 גרם,false,,14.50,0.0604,true,1,225634
7290101551645,false,צ'יטוס איקס עיגול עלית מארז 10 יח' *20ג',הנסיך- מפעל לייצור ט,IL,ציטוס איקס עיגול מאר,,200.00,100 גרם,false,,14.50,0.0725,true,1,225630
7290101821151,false,דבק מגע,,,דבק מגע,יחידה,0.00,יחידה,false,,4.90,0.0000,true,1,227320
7290101863410,false,"סיליט ניקוי עוצמתי מכיל אקונומיקה 750 מ""ל",סיליט באנג Cillit Bang,PL,ספריי מכיל אקונומיקה,,750.00,100 גרם,false,,12.90,0.0172,true,1,199569
7290101864127,false,"ספריי להסרת כתמים 750 מ""ל וניש קליה",קליה וניש Kalia Vanish,IL,קליה אוקסי ספריי 750,,750.00,,false,,23.90,0.0319,true,1,199582
7290101865261,false,"פיניש נוזל הברקה 800 מ""ל",רקיט בנקיזר,PL,פיניש נוזל הברקה 800,,800.00,100 גרם,false,,19.90,0.0249,true,1,199608
7290101866633,false,ווניש קליה ג`ל להסרת כתמים 3 ל',קליה וניש Kalia Vanish,IL,קליה גל ורוד 3ליטר,,3000.00,100 גרם,false,,29.90,0.0100,true,1,199636
7290101866787,false,מסיר כתמים ומלבין לכביסה לבנה 3 ל וניש קליה,קליה וניש Kalia Vanish,PL,קליה גל לבן 3ליטר,,3000.00,,false,,29.90,0.0100,true,1,199643
7290101869788,false,מילוי למכשיר ספריי אוטומטי אואזיס,איירוויק Air Wick,GB,איירוויק מילוי מבשם,,250.00,,false,,19.90,0.0796,true,1,199706
7290101869795,false,מילוי למכשיר ספריי אוטומטי חלום ליל קיץ,איירוויק Air Wick,GB,איירוויק מילוי מבשם,,250.00,,false,,19.90,0.0796,true,1,199707
7290101869801,false,איירוויק מכשיר מבשם חשמלי אואזיס,רקיט בנקיזר,GB,אירוויק מבשם אויר מכ,,19.00,,false,,24.90,1.3105,true,1,199708
7290101869818,false,אירוויק מכשיר חשמלי מבשם חלום ליל קיץ,איירוויק Air Wick,GB,אירוויק מבשם אויר חש,,19.00,,false,,24.90,1.3105,true,1,199709
7290101869825,false,מילוי למכשיר מבשם אויר חשמלי אואזיס,איירוויק Air Wick,PL,איירוויק מילוי מבשם,,19.00,,false,,17.90,0.9421,true,1,199710
7290101869832,false,מילוי למכשיר מבשם אויר חשמלי חלום ליל קיץ,איירוויק Air Wick,PL,איירוויק מילוי מבשם,,19.00,,false,,17.90,0.9421,true,1,199711
7290101869917,false,מילוי למכשיר ספריי אוטומטי היער הקסום,איירוויק Air Wick,GB,איירוויק מילוי מבשם,,250.00,100 גרם,false,,19.90,0.0796,true,1,199714
7290102031276,false,מארז 8 יחידות אקטימל משקה יוגורט בטעם תות בננה,מיוצר עי קונדיטוריית,IL,אקטימל תות בננה 8*10,,800.00,100 גרם,false,,21.90,0.0274,true,1,195754
7290102032334,false,אבקה להכנת משקה קפה בטעם וניל,STRAUSS-ISRAEL,IL,קפה נמס עלית בטעם ונ,,200.00,100 גרם,false,,28.90,0.1445,true,1,208172
7290102302246,false,גאודה הנרי ויליך 200,מיוצר עי קונדיטוריית,NL,גאודה הנרי ויליך 200,,200.00,100 גרם,false,,24.90,0.1245,true,1,253320
7290102303984,false,טונה במי מלח רוברט 1,Ramirez,PT,טונה רוברט במיים,,0.00,,false,,11.90,0.0000,true,1,253304
7290102390427,false,יוגורט ביו עם קציפת תות 3% שומן 150 ג' מולר,מולר Muller,IL,מולר פרופ תות 3% 150,,150.00,100 גרם,false,,5.50,0.0367,true,1,184577
7290102390465,false,יוגורט ביו עם קציפת אפרסק ופסיפלורה 3% שומן 150 ג' מולר,מולר Muller,IL,מולר פרופ אפרסק פסיפ,,150.00,100 גרם,false,,5.50,0.0367,true,1,184580
7290102390489,false,יוגורט ביו עם קציפת לימון 3% שומן 150 ג' מולר,מולר Muller,IL,מולר פרופ לימון 3% 1,,150.00,100 גרם,false,,5.50,0.0367,true,1,184582
7290102391844,false,יוגורט ביו עם קציפת פירות יער3% שומן 150 ג' מולר,מולר Muller,IL,מולר פרופ לבן+קציפת,,150.00,100 גרם,false,,5.50,0.0367,true,1,184642
7290102392049,false,גבינה תבור לאפייה 5% 500 ג' צוריאל,מחלבת משק צוריאל,IL,גבינה תבור לאפייה 5%,,500.00,100 גרם,false,,27.90,0.0558,true,1,184651
7290102393039,false,מולר מיקס יוגורט קרמי בתוספת פצפוצי שוקולד 170 ג',קריות זול,IL,מולר מיקס בתוספת פצפ,,150.00,100 גרם,false,,6.40,0.0427,true,1,184716
7290102393060,false,מיקס יוגורט גליליות וופל קרם אגוזים 170 ג' מולר,קריות זול,IL,מולר מיקס גליליות 15,,150.00,,false,,6.40,0.0427,true,1,184717
7290102393169,false,סימפלי פרוט יוגורט תות 3% שומן 150 ג' מולר,מולר Muller,IL,מולר סימפלי פרוט תות,,150.00,100 גרם,false,,5.50,0.0367,true,1,184726
7290102393176,false,סימפלי פרוט יוגורט אפרסק 3% שומן 150 ג' מולר,מילקו תעשיות בעמ,IL,מולר סימפלי פרוט אפר,,150.00,100 גרם,false,,5.50,0.0367,true,1,184727
7290102393190,false,סימפלי פרוט פירות היער 3% שומן 150 ג' מולר,מילקו תעשיות בעמ,IL,מולר סימפלי פרוט פיר,,150.00,100 גרם,false,,5.50,0.0367,true,1,184729
7290102393268,false,**טרה גבינה לבנה אריזת חיסכון 5% 750ג,טרה,IL,גבינה לבנה 5% טרה 75,,750.00,,false,,14.94,0.0199,true,1,184733
7290102393299,false,יוגורט עיזים לשתייה 3% שומן 500 ג' צוריאל,מיוצר עי קוד יצרן HG,IL,יוגורט עיזים לשתייה,,500.00,100 גרם,false,,14.50,0.0290,true,1,184734
7290102393947,false,סימפלי פרוט יוגורט בטעם קיווי 3% שומן 150 ג' מולר,מילקו תעשיות בעמ,IL,מולר סימפלי פרוט קיו,,150.00,100 גרם,false,,5.50,0.0367,true,1,184760
7290102394081,false,מולר מיקס יוגורט קרמי עם קורנפלקס מצופה שוקולד,מילקו תעשייה בעמ,IL,מולר מיקס קורנפקלס מ,יחידה,0.00,יחידה,false,,6.40,0.0000,true,1,184772
7290102394463,false,נעם גבינה צהובה וואקום 28% 500גרם,Unknown,IL,גבינה צהובה נעם ואקו,,500.00,100 גרם,false,,29.90,0.0598,true,1,184794
7290102394821,false,נעם גבינה צהובה דק דק פ.ח 28% 200גר,מילקו תעשיות בעמ,IL,גבינה צהובה נעם 28%,,200.00,100 גרם,false,,17.90,0.0895,true,1,184803
7290102395231,false,מולר נטורל 2.8% ביאנקו מאגדת 8 יח' * 150 ג',מולר Muller,IL,יוגורט מולר ביו לבן,,1200.00,100 גרם,false,,19.50,0.0163,true,1,184828
7290102395262,false,מארז 8 גביעים יוגורט בטעם תות שדה ואפרסק 3% Simply Fruit,מולר Muller,IL,מולר סימפלי פרוט מאג,יחידה,0.00,יחידה,false,,31.90,0.0000,true,1,184831
7290102395439,false,מארז 8 גביעים יוגורט בטעם פירות יער וקיווי 3% Simply Fruit,מילקו תעשיות בעמ,IL,מולר סימפלי פרוט מאג,,1200.00,100 גרם,false,,31.90,0.0266,true,1,184837
7290102395446,false,מעדן חלב בטעם וניל עם קצפת 123 ג' טרה,טרה,IL,מוו וניל קצפת 123גר,,123.00,100 גרם,false,,3.20,0.0260,true,1,184838
7290102395477,false,מעדן חלב בטעם שוקולד עם קצפת 123 ג' טרה,Unknown,IL,מוו שוקולד קצפת 123ג,,123.00,100 גרם,false,,3.20,0.0260,true,1,184841
7290102396399,false,מארז 8 יחידות מעדן חלב בטעם שוקולד 1.5%,טרה,IL,מוו מעדן שוקולד מארז,,800.00,100 גרם,false,,14.90,0.0186,true,1,184895
7290102396580,false,מעדן שוקולד ומוס שוקולד 123 ג' טרה,טרה,IL,מוו שוקולד ומוס שוקו,,118.00,,false,,3.20,0.0271,true,1,184908
7290102396597,false,מעדן חלב עם מוס בטעם שוקו וניל,טרה,IL,מוו וניל ומוס שוקולד,,118.00,100 גרם,false,,3.20,0.0271,true,1,184909
7290102396665,false,פרוסות גבינת נעם מופחתת שומן 15%,מילקו תעשיות בעמ,IL,גבינה צהובה נעם 15%,,200.00,,false,,17.90,0.0895,true,1,184914
7290102397204,false,פרוסות גבינה 22% שומן 200 ג' נעם,מילקו תעשיות בעמ,IL,גבינה צהובה נעם 22%ד,,200.00,,false,,17.90,0.0895,true,1,184950
7290102397464,false,יוגורט ביו בתוספת גרעינים אגוזים וחמוציות 170 ג' מולר,מולר Muller,IL,מולר מיקס גרעינים פק,יחידה,0.00,יחידה,false,,6.40,0.0000,true,1,219934
7290102397600,false,מיקס יוגורט בתוספת שקדים ובוטנים מקורמלים 170 ג' מולר,מילקו תעשייה בעמ,IL,מולר מיקס+ שקדים ובו,,170.00,100 גרם,false,,6.40,0.0376,true,1,184974
7290102397617,false,יוגורט ביו קרמי עם כדורים מצופים שוקולד חום לבן,מולר Muller,IL,מולר מיקס קליק 150גר,,150.00,,false,,6.40,0.0427,true,1,184975
7290102397679,false,קוטג' וחצי 5% טרה 375 ג',Unknown,IL,קוטג 5% 375גר טרה,,375.00,100 גרם,false,,8.50,0.0227,true,1,184977
7290102397891,false,גבינת מותכת 18% צוריאל 100ג',משק צוריאל,IL,גבינה מותכת צוריאל 1,,100.00,,false,,8.50,0.0850,true,1,219938
7290102398065,false,**חלב בקרטון 2 ליטר 3% מהדרין - טרה,Unknown,IL,חלב קרטון 2 ליטר 3%,,2000.00,,false,,12.46,0.0062,true,1,221079
7290102398331,false,חלב דל לקטוז 2% מועשר בויטמין D,Unknown,IL,חלב מועשר דל לקטוז 1,,1000.00,,false,,8.40,0.0084,true,1,222667
7290102398560,false,שוקו מעושר בבקבוק 1ל' טרה,מילקו תעשיות בעמ,IL,שוקו טרה מועשר 1 ליט,,1000.00,100 גרם,false,,12.90,0.0129,true,1,224507
7290102398577,false,משקה חלב בטעם שוקו 2% בבקבוק אישי,מילקו תעשיות בעמ,IL,שוקו טרה מועשר 250 מ,,250.00,,false,,5.70,0.0228,true,1,224506
7290102398614,false,משקה חלב בטעם בננה 1 ליטר טרה,מילקו תעשיות בעמ,IL,טרה משקה חלב בטעם בנ,,1000.00,100 גרם,false,,12.90,0.0129,true,1,224508
7290102398669,false,משקה חלב עם קפה אייס קפוצ'ינו 1.5%,מילקו תעשיות בעמ,IL,אייס קפוצ'ינו 1 ליטר,,1000.00,,false,,12.90,0.0129,true,1,243917
7290102398805,false,משקה סויה - וניל 1 ליטר משק צוריאל,משק צוריאל,IT,משקה סויה בטעם וניל,,1000.00,,false,,11.90,0.0119,true,1,235931
7290102399635,false,"מולר פרופ יוגורט ביו עם קציפת קוקוס ואננס 150 מ""ל",מולר Muller,IL,מולר פרופ טרופיקל 4.,,150.00,100 גרם,false,,5.50,0.0367,true,1,244735
7290102399802,false,יוגורט עם תות מולר אקטיב מועשר בחלבון 200 גר',מולר Muller,IL,מולר אקטיב יוגורט 20,,200.00,100 גרם,false,,6.40,0.0320,true,1,235940
7290102399819,false,יוגורט עם פירות יער מולר אקטיב מועשר בחלבון 200 גר',מולר Muller,IL,מולר אקטיב יוגורט 20,,200.00,100 גרם,false,,6.40,0.0320,true,1,235941
7290102586479,false,מפצל 3 T,,,מפצל 3 T,יחידה,0.00,יחידה,false,,9.90,0.0000,true,1,224521
7290102601547,false,כפיות פרמיום שקוף/קרם/לבן/זהב א'ר 50 דנטס,,,כפיות פרמיום שקוף/קר,יחידה,0.00,יחידה,false,,9.90,0.0000,true,1,197122
7290102611904,false,"כפות אמריקאי איכותי ח""פ 100 יח'",,TR,כפות אמריקאי שמאי 10,יחידה,0.00,יחידה,false,,8.90,0.0000,true,1,230211
7290103243340,false,מאפנס ממולא שוקולד 4,,,מאפנס ממולא שוקולד 4,,45.00,100 גרם,false,,1.30,0.0289,true,1,244618
7290103404758,false,כרוב אדום במיונז אחל,מיוצר עי קונדיטוריית,IL,סלט כרוב אדום אחלה 1,,200.00,,false,,5.70,0.0285,true,1,195930
7290103408206,false,עלי חסה ערבית שטופים,שטראוס בריאות ירקות,IL,עלי חסה ערבית שטופים,,250.00,100 גרם,false,,11.50,0.0460,true,1,195966
7290103681401,false,יין תבור טיפסי אדום,,,יין טיפסי אדום 750מל,,750.00,,false,,34.90,0.0465,true,1,226426
7290103700195,false,רדיד אלומיניום טאצ ק,"שניב תעשיות נייר בע""",,רדיד אלומיניום צר 30,,2.00,,false,,9.90,4.9500,true,1,201869
7290103700225,false,רדיד אלומיניום טאצ א,שניב תעשיות,,שאפו רדיד אלומיניום,יחידה,0.00,יחידה,false,,12.90,0.0000,true,1,201870
7290103700324,false,שאפו זוג שקיות אוכל מתכלות בקרטון 300יח',,,טאצ זוג שקיות אוכל ב,יחידה,0.00,יחידה,false,,9.90,0.0000,true,1,201872
7290103700331,false,שאפו שקית אוכל רב תכ,,,שאפו שקית אוכל רב תכ,יחידה,0.00,יחידה,false,,10.90,0.0000,true,1,201873
7290103700379,false,כריות קרצוף טאצ' 3 יח',"שניב תעשיות נייר בע""",,טאצ' כריות קרצוף 3יח,,3.00,,false,,8.90,2.9667,true,1,201875
7290103700386,false,כריות יפניות טאצ' מארז 6יח',"שניב תעשיות נייר בע""",,טאצ' כריות קרצוף 6יח,יחידה,0.00,יחידה,false,,8.90,0.0000,true,1,201876
7290103700652,false,טאצ' ספוג הפלא מארז שישייה,"שניב תעשיות נייר בע""",,טאצ' ספוג הפלא 6יח,יחידה,0.00,יחידה,false,,8.90,0.0000,true,1,201879
7290103701017,false,נייר אפייה נשלף טאצ 50 יחידות כשלפ,"שניב תעשיות נייר בע""",,טאצ' נייר אפייה 50 י,יחידה,0.00,יחידה,false,,9.90,0.0000,true,1,201884
7290103701055,false,כוסות קרטון 8 אוז שניב,"שניב תעשיות נייר בע""",,כוס קרטון טאץ' ב8 או,יחידה,0.00,יחידה,false,,8.90,0.0000,true,1,244312
7290103701093,false,טאצ' מטליות מיקרופייבר לרצפה 2 יח',"שניב תעשיות נייר בע""",,טאצ מטליות מיקרופייב,,7.00,,false,,10.90,1.5571,true,1,201885
7290103701130,false,טאצ' מטליות מיקרופייבר לניקוי כללי 7 יח',,,טאצ מטליות מיקרופייב,,7.00,,false,,10.90,1.5571,true,1,201886
7290103702212,false,ממחטות טישיו כיס טאצ,"שניב תעשיות נייר בע""",,טאצ ממחטות כיס,יחידה,0.00,יחידה,false,,6.90,0.0000,true,1,201890
7290103702229,false,מפות שולחן עבות במיו,"שניב תעשיות נייר בע""",,טאצ מפות עבות במיוחד,,8.00,,false,,6.90,0.8625,true,1,201891
7290103702236,false,מפות שולחן עבות במיו,"שניב תעשיות נייר בע""",,טאצ מפות עבות במיוחד,,6.00,,false,,6.90,1.1500,true,1,201892
7290103702298,false,טאצ' אשפתון עבה בגליל 77*90 50 יח',"שניב תעשיות נייר בע""",,טאצ אשפתון עבה 50יח',,50.00,,false,,15.90,0.3180,true,1,201893
7290103702304,false,טאצ' אשפתון עבה במיוחד 35 יח',"שניב תעשיות נייר בע""",,טאצ אשפתון בגליל 35,,35.00,,false,,15.90,0.4543,true,1,201894
7290103702328,false,שקיות אשפה עבות במיו,"שניב תעשיות נייר בע""",,טאצ אשפתון בגליל 25,,25.00,,false,,15.90,0.6360,true,1,201896
7290103702649,false,מארז חמישייה מגבוני טישו דו שכבתי,שניב,IL,ממחטות חמישיה עדן,יחידה,0.00,יחידה,false,,10.90,0.0000,true,1,224957
7290103702724,false,"טאצ' שקיות אשפה 52*65 ס""מ עם שרוך 60 יח'",,,טאצ שקיות אשפה 52*65,,60.00,,false,,15.90,0.2650,true,1,201901
7290103703080,false,טאצ זוג שקיות אשפה ע,,,טאצ זוג שקיות אשפה ע,יחידה,0.00,יחידה,false,,15.90,0.0000,true,1,201905
7290103703226,false,מטליות לחות לניקוי כ,,,טאצ מטליות לחות לניק,,50.00,,false,,9.90,0.1980,true,1,225239
7290103703370,false,טאצ מגבוני טואלט לחים מארז שלישיה,,,טאצ מגבוני טואלט לחי,יחידה,0.00,יחידה,false,,14.90,0.0000,true,1,224834
7290103703684,false,נייר טאולט לובלי 30,Unknown,,לאבלי נייר טואלט 30,יחידה,0.00,יחידה,false,,29.90,0.0000,true,1,226501
7290103704155,false,נייר מגבת טאצ' 6 גלילים מהדורת 2021,"שניב תעשיות נייר בע""",IL,מגבות טאצ 6 מהדורת 2,יחידה,0.00,יחידה,false,,11.90,0.0000,true,1,252950
7290104061417,false,חומוס טחינה אחלה 400 ג',"שטראוס גרופ בע""מ",IL,חומוס טחינה אחלה קלא,,400.00,,false,,10.90,0.0273,true,1,195996
7290104061424,false,חומוס אחלה עם זעתר 400 ג',מיוצר עי קונדיטוריית,IL,חומוס זעתר אחלה קלאס,,400.00,100 גרם,false,,10.90,0.0273,true,1,195997
7290104061431,false,חומוס אחלה עם צנובר 400 ג',"שטראוס גרופ בע""מ",IL,חומוס צנובר אחלה קלא,,400.00,,false,,10.90,0.0273,true,1,195998
7290104061448,false,חומוס עם חריף 400 ג' אחלה,מיוצר עי קונדיטוריית,IL,חומוס חריף אחלה קלאס,,400.00,,false,,10.90,0.0273,true,1,195999
7290104062599,false,מארז 8 יחידות מעדן גמדים בטעמי תות ובננה,STRAUSS-ISRAEL,IL,גמדים תות בננה 8*100,,800.00,,false,,20.90,0.0261,true,1,196008
7290104065187,false,אבקה להכנת משקה קפה בטעם מוקה,STRAUSS-ISRAEL,IL,קפה נמס בטעם מוקה על,,200.00,100 גרם,false,,21.90,0.1095,true,1,208396
7290104065934,false,שטראוס עלי רוקט 150ג,שטראוס בריאות ירקות,IL,שטראוס עלי רוקט 150ג,,150.00,100 גרם,false,,11.50,0.0767,true,1,196036
7290104066566,false,טחינה משומשום מלא אח,מיוצר עי קונדיטוריית,IL,טחינה משומשום מלא אח,,400.00,,false,,16.90,0.0422,true,1,196044
7290104068539,false,גומי מאסט בטעם מלון ואבטיח 28 ג' עלית,"שטראוס גרופ בע""מ",IL,מסטיק מאסט מלון ואבט,,28.00,100 גרם,false,,5.00,0.1786,true,1,208445
7290104068546,false,גומי מאסט בטעם לימון קולה ללא סוכר 28 ג' עלית,"שטראוס גרופ בע""מ",IL,מסטיק מאסט קולה 28גר,,28.00,100 גרם,false,,5.00,0.1786,true,1,208446
7290104500572,false,אפרופו חטיף איטליאנו 50 ג' אסם,מיוצר עי קונדיטוריית,IL,אפרופו חטיף איטליאנו,,50.00,100 גרם,false,,5.50,0.1100,true,1,177582
7290104501661,false,אינסטנט פודינג בטעם וניל צרפתי,מיוצר עי קונדיטוריית,IL,אסם פודינג בטעם וניל,,80.00,100 גרם,false,,6.30,0.0787,true,1,177586
7290104503184,false,עוגת הבית שבת בראוניס שוק' ריבת חלב 380ג',מיוצר עי קונדיטוריית,IL,עוגת הבית בראוניס שו,,380.00,100 גרם,false,,19.90,0.0524,true,1,177612
7290104504228,false,מארז אריזות מיני חטיף דובונים - 5 יח',"אסם השקעות בע""מ",IL,דובונים מולטיפק אסם,,100.00,100 גרם,false,,14.90,0.1490,true,1,177627
7290104508943,false,במבה אריזת חסכון 200 גרם,"אסם השקעות בע""מ",IL,במבה אסם 200 גרם,,200.00,,false,,9.90,0.0495,true,1,246822
7290104720499,false,מארז 8 יחידות מעדן דני בטעם וניל 1.5%,מיוצר עי קונדיטוריית,IL,דני וניל מארז 8*125ג,,1000.00,100 גרם,false,,17.90,0.0179,true,1,196072
7290104721533,false,רצועות פלפלים קלויים אחלה 400 ג',מיוצר עי קונדיטוריית,IL,פלפלים קלויים אחלה ט,,400.00,,false,,16.90,0.0422,true,1,196085
7290104721762,false,קפה טורקי עלית מארז 85X3ג',,,קפה טורקי עלית מארז,,255.00,,false,,17.90,0.0702,true,1,208475
7290104726262,false,מארז 4 יחידות דני לשתייה בטעם שוקולד + קשים,מיוצר עי קונדיטוריית,IL,דני תות לשתיה מארז ר,יחידה,500.00,יחידה,false,,12.50,0.0250,true,1,196139
7290104726712,false,מארז 8 יחידות מעדן מילקי בטעם שוקולד עם קצפת,"שטראוס גרופ בע""מ",IL,מילקי שמינייה מארז 8,,1064.00,100 גרם,false,,22.90,0.0215,true,1,196148
7290104728310,false,"שמנת עמידה לקצפת 38% שומן 250 מ""ל יוטבתה",מחלבת יטבתה,IL,שמנת עמידה לקצפת 38%,,250.00,100 גרם,false,,6.47,0.0259,true,1,196162
7290104729010,false,"לבן בטעם תות 3% יוטבתה 100 מ""ל",STRAUSS-ISRAEL,IL,לבן בטעם תות 3% 100מ,,100.00,100 גרם,false,,1.50,0.0150,true,1,196178
7290104960239,false,"תחליב רחצה נקה 7 ארומה לבן 750 מ""ל",טרופיקל דגיל תעשיות,IL,נקה 7 תחליב רחצה ארו,,750.00,,false,,12.90,0.0172,true,1,181011
7290104960253,false,"תחליב רחצה נקה 7 לבנדר סגול 750מ""ל",טרופיקל דגיל תעשיות,IL,נקה 7 תחליב רחצה ארו,,750.00,100 גרם,false,,12.90,0.0172,true,1,181013
7290104960338,false,"נקה 7 תחליב רחצה ארומה אלוורה ותה ירוק 750מ""ל",אמיליה קוסמטיקס,IL,נקה 7 תחליב רחצה ארו,,750.00,,false,,12.90,0.0172,true,1,181014
7290104961205,false,"נקה 7 תחליב רחצה מגע קטיפה מ""לפפון קיווי 750 מ""ל",טרופיקל דגיל תעשיות,IL,נקה 7 תחליב רחצה מגע,,750.00,,false,,12.90,0.0172,true,1,181019
7290104961250,false,"נקה 7 תחליב רחצה מגע קטיפה וניל מאסק 750 מ""ל",טרופיקל דגיל תעשיות,IL,נקה 7 תחליב רחצה מגע,,750.00,,false,,12.90,0.0172,true,1,181022
7290104961533,false,דאודורנט ספריי גוף טיטניום בלק Titanium Black,אמיליה קוסמטיקס,IL,טיטניום דאודורנט ספר,,150.00,,false,,11.90,0.0793,true,1,181026
7290104961540,false,דאודורנט ספריי גוף טיטניום מטאל Titanium Metal,אמיליה קוסמטיקס,IL,טיטניום דאודורנט ספר,,150.00,,false,,11.90,0.0793,true,1,181027
7290104961878,false,"שמפו לשיער קרטין אינטנס פורמולה 400 מ""ל נטורל",נטורל פורמולה Natural Formula,IL,שמפו קרטין אינטנס נט,,400.00,,false,,31.90,0.0797,true,1,181030
7290104961885,false,מרכך קרטין טהור לשיער שעבר החלקה או עיצוב בחום,נטורל פורמולה Natural Formula,IL,מרכך קרטין אינטנס נט,,400.00,,false,,31.90,0.0797,true,1,181031
7290104962684,false,"קרליין - נושם דאודורנט רול און לאישה ללא אלומיניום 75 מ""ל",אמיליה קוסמטיקס,IL,קרליין דאו רול און נ,,75.00,,false,,13.90,0.1853,true,1,215216
7290104963223,false,סופטקר - אל סבון עדין לתינוק לעור רגיש 1 ליטר,סופטקר Softcare,,אל סבון קלאסי לתינוק,,1000.00,,false,,15.90,0.0159,true,1,181052
7290104963667,false,סופטקר 2 ב1 אלסבון ושמפו אלדמע 1ל',קוסמופארם בע''מ,IL,סופטקר אל סבון ושמפו,,1000.00,,false,,15.90,0.0159,true,1,181054
7290104965647,false,קרליין דיאודורנט בנות רולאון סוויט קיס,מיוצר עי : אמיליה קו,IL,דאודורנט רול און נו,,75.00,,false,,13.90,0.1853,true,1,247649
7290105360250,false,קפסולות 09 עשיר וארומטי למכונת נספרסו עלית 10יח',הנסיך- מפעל לייצור ט,IL,קפסולות מס9 עשיר ואר,יחידה,0.00,יחידה,false,,18.90,0.0000,true,1,208559
7290105360328,false,קפסולות אספרסו חזק למכונות נספרסו 10 יח',הנסיך- מפעל לייצור ט,IL,קפסולות מס'10 חזק וע,יחידה,0.00,יחידה,false,,18.90,0.0000,true,1,208560
7290105360335,false,קפסולות קפה אספרסו עדין וקטיפתי,הנסיך- מפעל לייצור ט,IL,קפסולות מס7 עדין וקט,יחידה,0.00,יחידה,false,,18.90,0.0000,true,1,208561
7290105363602,false,כיף כף - מקלות קלאסי 40 גרם,"איי, בי, אינבוו",TR,כיף כף מקלות קלאסי 4,,40.00,100 גרם,false,,6.30,0.1575,true,1,208595
7290105364289,false,כיף כף - מקלות פצפוצים 40 גרם,"איי, בי, אינבוו",TR,כיף כף מקלות פצפוצים,,40.00,100 גרם,false,,6.30,0.1575,true,1,208598
7290105364302,false,"עלית חטיף שוקולד כיף כף מקלות אגוזים, 40 גרם","איי, בי, אינבוו",TR,כיף כף מקלות אגוזים,,40.00,100 גרם,false,,6.30,0.1575,true,1,208599
7290105364678,false,משקה אקטיביה בטעם אפרסק 1.3% שומן 265 ג' דנונה,מיוצר עי קונדיטוריית,IL,אקטיביה משקה בטעם אפ,,250.00,,false,,5.70,0.0228,true,1,196236
7290105366023,false,חציל אחלה בטעם כבד 400 גר' אחלה,מיוצר עי קונדיטוריית,IL,חציל טעם כבד אחלה טע,,400.00,100 גרם,false,,16.90,0.0422,true,1,196255
7290105366047,false,טחינה אחלה לבנה 400 גר',מיוצר עי קונדיטוריית,IL,טחינה לבנה אחלה טעמי,,400.00,100 גרם,false,,16.90,0.0422,true,1,196257
7290105366993,false,סימפוניה גבינה במרקם שמנת פלפל שיפקה חריף 5%,"שטראוס בריאות בע""מ",IL,סימפוניה פלפל שיפקה,,200.00,100 גרם,false,,11.90,0.0595,true,1,196266
7290105368331,false,מעדן מילקי בטעם תות עם קצפת,מחלבת אחיהוד,IL,מילקי תות,,170.00,,false,,3.00,0.0176,true,1,196300
7290105368928,false,"שמנת 9% שומן 200 מ""ל יוטבתה",מחלבת יטבתה,IL,שמנת 9% יטבתה 200מל,,200.00,,false,,3.60,0.0180,true,1,196319
7290105439499,false,מיונז הולנדי 481 ג' מאסטר שף,רמיה סי.וי. הולנד,NL,מיונז מאסטר שף 480 ג,,480.00,100 גרם,false,,11.90,0.0248,true,1,185962
7290105474124,false,מזון לכלבים בונזו מז,united pet food,FR,בונזו בשר 12קג,קילוגרמים,12.00,"ק""ג",false,,145.00,12.0833,true,1,179629
7290105500151,false,וודקה פינלנדיה בקבוק,"אלטיה קורפ, הלסינקי,",FI,וודקה פינלנדיה 700 מ,,700.00,100 גרם,false,,69.90,0.0999,true,1,171373
7290105500236,false,וויסקי ג'ק דניאלס מס' 7 Brand No,ג'ק דניאלס Jack Daniel's,US,וויסקי ג'ק דניאלס 70,,700.00,,false,,109.90,0.1570,true,1,171374
7290105691248,false,פריכונים חטיפי טורטיה תירס 60 ג' אוסם,"מיוצר ע""י PT, משווק",IL,פריכונים חטיפי טורטי,,60.00,100 גרם,false,,9.90,0.1650,true,1,177698
7290105691712,false,עוגיות הפסקת קפה חיטה מלאה אסם 230 גר',היינץ צפון אמריקה מק,IL,אסם עוגיות הפסקת קפה,,230.00,100 גרם,false,,14.00,0.0609,true,1,177707
7290105693341,false,במבה מארז 10 יח' * 25 ג' אסם,"אסם השקעות בע""מ",IL,*מבצע* במבה מארז אסם,,250.00,100 גרם,false,,15.00,0.0600,true,1,177738
7290105693952,false,פירורית זהב אסם זהב שומשום 200 ג',מיוצר עי קונדיטוריית,IL,פירורית זהב שומשום א,,200.00,100 גרם,false,,6.90,0.0345,true,1,177750
7290105695024,false,אסם פתיתים אפויים אורז עם אטריות 500 גר,"אסם השקעות בע""מ",IL,פתיתים אפויים אורז ע,,500.00,100 גרם,false,,8.90,0.0178,true,1,177775
7290105962331,false,זחוק אדום תימני מקורי חריף מאוד,קריניסה ויטמין אס אי,IL,סחוג חריף אדום מאוד,,220.00,100 גרם,false,,12.90,0.0586,true,1,196347
7290105965738,false,יוגורט לשתיה בטעם תות בננה267 ג' דנונה,מיוצר עי קונדיטוריית,IL,דנונה לשתיה תות בננה,,250.00,,false,,5.50,0.0220,true,1,196376
7290105966469,false,"חומץ בלסמי יד מרדכי 250מ""ל",אצטייה ג'וזפה קרמוני,IT,חומץ בלסמי יד מרדכי,,2500.00,,false,,18.90,0.0076,true,1,208711
7290105968654,false,רביולי בטטה פרווה פסטה נונה 400 ג',מיוצר עי קונדיטוריית,IL,רביולי בטטה שטראוס 4,,400.00,100 גרם,false,,21.90,0.0547,true,1,196402
7290105968777,false,פריכיות עם תחתית שוקולד מריר 70 ג' אנרגי,"טחנת האבן תעשיות בע""",IL,פרכיות 5 דגנים בטעם,,80.00,,false,,9.50,0.1188,true,1,208729
7290106520066,false,רבע לשבע במילוי קרם אגוזים ובציפוי שוקולד חלב,הגביע מוצרי וופלים ב,IL,רבע לשבע גלילי וופל,,160.00,100 גרם,false,,12.90,0.0806,true,1,208732
7290106520288,false,יוגורט פרו חלבון עם תות 2.4% שומן 150 ג' דנונה,"שטראוס בריאות בע""מ",IL,דנונה WOW תות 150 ג,,150.00,100 גרם,false,,5.10,0.0340,true,1,196404
7290106520905,false,סלט טורקי עם פלפל קל,"שטראוס גרופ בע""מ",IL,סלט טורקי אחלה טעמי,,400.00,100 גרם,false,,16.90,0.0422,true,1,196420
7290106521049,false,קוביות סלק אחלה 400 גר',מיוצר עי קונדיטוריית,IL,סלטי קוביות סלק אחלה,,400.00,,false,,16.90,0.0422,true,1,196430
7290106524439,false,תפוצ'יפס טבעי פופס 60גר',"שטראוס פריטו ליי בע""",IL,תפוציפס פופס 60גר,,60.00,100 גרם,false,,4.10,0.0683,true,1,222723
7290106525320,false,אבקת שוקולית לאפייה קופסא 500ג' עלית,הנסיך- מפעל לייצור ט,IL,שוקולית לאפיה 500גר,,500.00,100 גרם,false,,17.90,0.0358,true,1,215227
7290106526822,false,פריכיות אורז עם תחתית שוקולד חלב 80 ג' אנרגי,"טחנת האבן תעשיות בע""",IL,פריכיות עם תחתית שוק,,80.00,100 גרם,false,,9.50,0.1188,true,1,208787
7290106528949,false,סלט ערוגות טעם הטבע,שטראוס בריאות ירקות,IL,סלט ערוגות שטראוס,,450.00,,false,,12.90,0.0287,true,1,196482
7290106571921,false,עוגיות פיטנס עוגיות חמוציות 180 גר',מיוצר עי קונדיטוריית,IL,פיטנס עוגיות חמוציות,,180.00,100 גרם,false,,14.00,0.0778,true,1,177809
7290106572027,false,אוסם - לחמית חמישה דגנים 190 גרם,"אסם השקעות בע""מ",IL,לחמית חמישה דגנים אס,,190.00,100 גרם,false,,10.90,0.0574,true,1,177813
7290106573598,false,צבר חומוס לבנוני 400גרם,סלטי צבר,IL,חומוס לבנוני צבר 400,,400.00,100 גרם,false,,13.90,0.0348,true,1,177838
7290106573642,false,צבר חומוס צנובר 400גרם,סלטי צבר,IL,חומוס צנובר צבר 400ג,,400.00,100 גרם,false,,13.90,0.0348,true,1,177840
7290106574793,false,עוגת הבית שוקו שוקוצ''יפס 350 ג' אסם,מיוצר עי קונדיטוריית,IL,עוגת הבית שוקו שוקוצ,,350.00,100 גרם,false,,14.90,0.0426,true,1,177861
7290106574953,false,בייגלה שטוחים כעכים שטוחים עם שומשום,מיוצר עי קונדיטוריית,IL,בייגלה שטוחים שומשום,,300.00,100 גרם,false,,12.90,0.0430,true,1,177862
7290106574977,false,בייגלה שטוחים כעכים שטוחים עם מלח,מיוצר עי קונדיטוריית,IL,בייגלה שטוחים עם מלח,,300.00,100 גרם,false,,12.90,0.0430,true,1,177863
7290106575431,false,עוגת הבית סופלה בטעם שוקוניל 340 ג' אסם,מיוצר עי קונדיטוריית,IL,עוגת הבית סופלה בטעם,,340.00,100 גרם,false,,14.90,0.0438,true,1,177875
7290106576223,false,אפרופו מצופה שוקולד 40 ג',מיוצר עי קונדיטוריית,IL,אפרופו שוקולד אסם 40,,40.00,100 גרם,false,,5.50,0.1375,true,1,177886
7290106576513,false,סלט חומוס צבר 400 גר,סלטי צבר,IL,חומוס צבר 400גר,,400.00,100 גרם,false,,11.90,0.0298,true,1,177893
7290106576537,false,צבר חומוס מסעדה 700 גר,סלטי צבר,IL,*מבצע* חומוס מסעדות,,700.00,100 גרם,false,,11.90,0.0170,true,1,177894
7290106576810,false,גלידה לה קרמריה ריבת חלב 1.4 ל' נסטלה,המאפיה של הרמן,IL,לה קרמריה ריבת חלב 1,,1400.00,,false,,21.90,0.0156,true,1,183828
7290106576834,false,גלידה לה קרמריה פונטש בננה1.4 ל' נסטלה,תות תעשיות מזון (201,IL,לה קרמריה פונטש בננה,,1400.00,,false,,21.90,0.0156,true,1,183829
7290106576971,false,גלידה לה קרמריה שוקולד בלגי 1.4 ל' נסטלה,תות תעשיות מזון (201,IL,לה קרמריה שוקולד בלג,,1400.00,,false,,21.90,0.0156,true,1,183835
7290106577039,false,גלידה לה קרמריה שוקו וניל פליק 1.4 ל' נסטלה,תות תעשיות מזון (201,IL,לה קרמריה וניל שוקו,,1400.00,100 גרם,false,,21.90,0.0156,true,1,183837
7290106577282,false,צבר טחינה מרובע 400גרם,סלטי צבר,IL,טחינה צבר 400גרם,,400.00,100 גרם,false,,13.90,0.0348,true,1,177899
7290106577527,false,סלט קולסלאו כרוב לבן וגזר 400 ג' צבר,סלטי צבר,IL,סלט קולסלאו צבר 400,,400.00,100 גרם,false,,13.90,0.0348,true,1,231417
7290106577541,false,כרוב אדום מרובע 400 ג' צבר,סלטי צבר,IL,כרוב אדום צבר 400גרם,,400.00,100 גרם,false,,13.90,0.0348,true,1,177908
7290106577572,false,צבר מטבוחה מרובע 400גרם,סלטי צבר,IL,מטבוחה צבר 400גרם,,400.00,100 גרם,false,,13.90,0.0348,true,1,177909
7290106578692,false,אוסם - במבה ביסלי מיקס 80 גרם,פרו מן יו פתרונות אר,IL,במבה ביסלי מיקס 80 ג,,80.00,,false,,4.90,0.0613,true,1,177921
7290106654099,false,מילקי CAKE עוגות אישיות במילוי קרם חלב,STRAUSS-ISRAEL,,מארז מילקי קייק שמינ,,272.00,100 גרם,false,,21.90,0.0805,true,1,196517
7290106656734,false,עוגיות חיוכים וניל 600 ג'רם,אפיפית נצרת,IL,עוגיות חיוכים וניל ב,,600.00,100 גרם,false,,19.90,0.0332,true,1,208847
7290106658479,false,עלית וופל בטעם טורטית אגוזים 40ג,"שטראוס גרופ בע""מ",IL,טורטית מגדים 40גר,,40.00,,false,,4.90,0.1225,true,1,208859
7290106663558,false,"רוטב טריאקי ורימון יד מרדכי 280מ""ל",אף.סי תבליני בגליל ב,IL,רוטב טריאקי רימון יד,,320.00,100 גרם,false,,14.90,0.0466,true,1,208919
7290106664555,false,"רוטב שמנת עם עגבניות 9% שומן 250 מ""ל יוטבתה",מחלבת יטבתה,IL,רוטב שמנת עם עגבניות,,250.00,,false,,11.90,0.0476,true,1,196584
7290106666788,false,עלית - סוכריות נוסטלגיה דבש ממולאות 80 גרם,פלזנסקי,IL,סוכריות נוסטלגיה דבש,,80.00,,false,,6.50,0.0813,true,1,208938
7290106668577,false,"מיץ לימון טבעי יד מרדכי 250 מ""ל",האי נאם סי או אל.טי.,IT,מיץ לימון טבעי 250 מ,,250.00,,false,,9.50,0.0380,true,1,215405
7290106668713,false,יוגורט עם פירות יער 3% שומן 150 ג' דנונה,מיוצר עי קונדיטוריית,IL,דנונה פירות יער 3% 1,,150.00,100 גרם,false,,4.20,0.0280,true,1,196607
7290106720626,false,צ'יטוס קראנצ' בטעם גבינה - חלבי,"שטראוס פריטו ליי בע""",IL,ציטוס קראנצ בטעם גבי,,80.00,100 גרם,false,,4.80,0.0600,true,1,220139
7290106723689,false,עלי תרד בייבי שטראוס,שטראוס בריאות ירקות,IL,עלי תרד בייבי שטראוס,,200.00,,false,,11.50,0.0575,true,1,196624
7290106725867,false,"סירופ מייפל טהור 189 מ""ל יד מרדכי",קוסלסי פוד,CA,*מבצע* סירופ מייפל ט,,189.00,,false,,25.00,0.1323,true,1,209049
7290106726178,false,יוגורט PRO עם פירות יער 2.4% 10 גרם חלבון בגביע,מיוצר עי קונדיטוריית,IL,דנונה WOW פירות יער,,150.00,100 גרם,false,,5.10,0.0340,true,1,196635
7290107280013,false,מגבונים ליטופים ללא בושם חמישיה,,,מגבוני ליטופים חמישי,,5.00,,false,,21.90,4.3800,true,1,231799
7290107280020,false,מטליות לחות סנו סושי לניקוי כללי שלישיה *50 יח',טרופיקל דגיל- תעשיות,IL,?סנו סושי מטליות לחו,יחידה,0.00,יחידה,false,,21.90,0.0000,true,1,231800
7290107280570,false,סנו - מקסימה ג'ל כביסה מרוכז לכביסה צבעונית 3 ליטר,מיוצר עי קונדיטוריית,IL,סנו מקסימה גל לכביסה,ליטרים,3.00,ליטר,false,,32.90,10.9667,true,1,181085
7290107280655,false,אבקת כביסה Baby לתינוקות ולעור רגיש,סנו מקסימה,IL,סנו מקסימה בייבי אבק,קילוגרמים,3.25,"ק""ג",false,,32.90,10.1231,true,1,181091
7290107280761,false,נוזל לניקוי כלים בניחוח לימון רענן סנו ספארק Spark,מיוצר עי קונדיטוריית,IL,סנו ספארק משאבה לימו,,1000.00,,false,,12.90,0.0129,true,1,181099
7290107280822,false,סנו ריצפז פרש הום 2 ליטר בניחוח ספא,סנו פרש Fresh,IL,ריצפז פרש הום ספא מר,ליטרים,2.00,ליטר,false,,23.90,11.9500,true,1,181102
7290107646062,false,אבקת מרק בצל רכיבים טבעיים קנור 400 ג',יוניליוור ישראל מזון,IL,מרק בצל רכיבים טבעיי,,400.00,100 גרם,false,,22.90,0.0572,true,1,223745
7290107646154,false,חטיף דגנים קוקומן פצפוצים טעם שוקו שישיה* 21 ג',יוניליוור ישראל מזון,IL,קוקומן פצפוצים מאגדת,,126.00,100 גרם,false,,14.90,0.1183,true,1,223741
7290107647731,false,קוקומן חום לבן מופחת סוכר 375 ג',אתר שפע,,קוקומן חום לבן בדצ 3,,375.00,100 גרם,false,,21.90,0.0584,true,1,221747
7290107647854,false,"שוגי מופחת סוכר תלמה 500 ג' בד""צ",יוניליוור ישראל מזון,IL,שוגי בדצ 500 גר,,500.00,100 גרם,false,,21.90,0.0438,true,1,221834
7290107648981,false,רוטב עגבניות קלאסי פומודורו 415 ג' קנור,מיוצר עי קונסורזייו,IT,רוטב לפסטה פומודורו,,415.00,100 גרם,false,,11.90,0.0287,true,1,223614
7290107871990,false,פסטה צינורות 500 ג' אסם,פסטה זארה,IT,פסטה צינורות אסם 500,,500.00,100 גרם,false,,6.90,0.0138,true,1,177965
7290107874427,false,אוסם - מיני פריכונים זעתר 25 גרם,פרח תעשיות מזון,IL,אסם פריכונים מיני זע,,25.00,100 גרם,false,,4.90,0.1960,true,1,178003
7290107874441,false,פריכונים מיני בצל מקורמל אסם 25ג',"מיוצר ע""י PT, משווק",IL,פריכונים מיני בצל מק,,25.00,100 גרם,false,,4.90,0.1960,true,1,178004
7290107874502,false,ביסלי גריל מארז 4 יח' * 55 ג' אסם,מיוצר עי קונדיטוריית,IL,ביסלי גריל מארז אסם,,220.00,100 גרם,false,,13.30,0.0605,true,1,178005
7290107875271,false,ביסלי ברביקיו מארז 4 יח' * 55 ג' אסם,,,ביסלי ברביקיו מארז א,,220.00,100 גרם,false,,13.30,0.0605,true,1,178016
7290107876889,false,אוסם - במבה במילוי קרם נוגט 45 גרם,"אסם השקעות בע""מ",IL,במבה במילוי קרם נוגט,,45.00,100 גרם,false,,4.30,0.0956,true,1,250514
7290107877619,false,מארז במבה במילוי קרם נוגט 5*30ג' אסם,אסם תעשיות,IL,במבה במילוי קרם נוגט,,150.00,100 גרם,false,,13.90,0.0927,true,1,178052
7290107931397,false,כיף כף פצפוצים ביסקוויט 40ג',שולן צ'יקולטה גידה ס,TR,כיף כף פצפצים 40גר,,40.00,,false,,6.30,0.1575,true,1,209082
7290107932080,false,חלב בבקבוק 3% שומן 1 ל' יוטבתה,מחלבת יטבתה,IL,חלב 3% מועשר בבקבוק,,1000.00,,false,,8.20,0.0082,true,1,196673
7290107932134,false,חלב בבקבוק 1% שומן 1 ל' יוטבתה,מחלבת יטבתה,IL,חלב מועשר 1% בבקבוק,,1000.00,,false,,8.20,0.0082,true,1,196675
7290107934473,false,מארז 8 יח' אקטיביה יוגורט קרמי 1.5% שומן,דנונה - שטראוס,IL,אקטיביה מארז שמינייה,,1200.00,100 גרם,false,,22.50,0.0188,true,1,196692
7290107936309,false,דנונה יוגורט 7% יווני לבן 130 ג',"שטראוס בריאות בע""מ",IL,דנונה יווני לבן 130ג,,130.00,100 גרם,false,,3.70,0.0285,true,1,196703
7290107936958,false,עד חצות ביסקוויט אצבעות שוקולד 125 גרם,הדקלאים אגודת שיתופי,FR,עד חצות ביסקוויט אצב,,125.00,100 גרם,false,,11.90,0.0952,true,1,221868
7290107937542,false,משקה יוגורט אקטיביה עם תות 1.2% שומן,מיוצר עי קונדיטוריית,IL,אקטיביה משקה תות 1.2,,265.00,,false,,5.70,0.0215,true,1,196710
7290107937627,false,מסטיק מאסט Must קוביות ללא סוכר בטעם מנטה עדינה,אסקום קונפקשיין,DE,מסטיק מאסט קוביות ספ,,58.00,100 גרם,false,,10.90,0.1879,true,1,209122
7290107938396,false,"אקטימל משקה פרוביוטי תות 100X8 מ""ל",מיוצר עי קונדיטוריית,IL,אקטימל תות שמינייה ב,,864.00,,false,,21.90,0.0253,true,1,196716
7290107940030,false,חומוס אחלה 650 גר',,,*מבצע* חומוס אחלה 65,,650.00,100 גרם,false,,8.90,0.0137,true,1,223463
7290107940467,false,אקטיביה יוגורט 1.5% שומן 200 ג' דנונה,מיוצר עי קונדיטוריית,IL,אקטיביה יוגורט קרמי,,200.00,,false,,4.20,0.0210,true,1,196744
7290107941259,false,עדשים ירוקות מבושלות,הורקסה לס לגונס דה ס,IL,עדשים ירוקות מבושלות,,475.00,100 גרם,false,,11.90,0.0251,true,1,196754
7290107941266,false,שעועית מבושלת אדומה,הורקסה לס לגונס דה ס,IL,שעועית מבושלת אדומה,,475.00,100 גרם,false,,13.90,0.0293,true,1,196755
7290107941273,false,חומוס מבושל טעם הטבע,הורקסה לס לגונס דה ס,IL,חומוס מבושל שטראוס,,475.00,,false,,11.90,0.0251,true,1,196756
7290107943192,false,"שמנת חמוצה מהערבה 27% שומן 200 מ""ל יטבתה",יטבתה,,שמנת חמוצה מהערבה 27,,200.00,,false,,4.50,0.0225,true,1,221845
7290107944472,false,סימפוניה גבינה במרקם שמנת 5% שום שמיר,"שטראוס בריאות בע""מ",IL,סימפוניה שום שמיר 5%,,200.00,100 גרם,false,,11.90,0.0595,true,1,196784
7290107945165,false,קונפיטורה משמש יד מרדכי 340 ג',אף.סי תבליני בגליל ב,IL,קונפיטורת משמש יד מר,,340.00,100 גרם,false,,15.50,0.0456,true,1,219775
7290107950190,false,מעדן חלב דל קלוריות בטעם שוקולד מריר 0.5% שומן,מיוצר עי קונדיטוריית,IL,מעדן שטראוס דיאט שוק,,130.00,100 גרם,false,,3.60,0.0277,true,1,196796
7290107950206,false,מעדן חלב דל קלוריות בטעם שוקולד 0% שומן,מיוצר עי קונדיטוריית,IL,מעדן שטראוס דיאט שוק,,130.00,100 גרם,false,,3.60,0.0277,true,1,196797
7290107953559,false,קפה טורקי עלית לדרך שקיות 24X7ג',הנסיך- מפעל לייצור ט,IL,מארז קפה טורקי לדרך,,168.00,100 גרם,false,,18.90,0.1125,true,1,233863
7290107956901,false,קפסולות אגוזי לוז למוכנת נספרסו,עלית,,קפסולות אספרסו בטעם,,150.00,100 גרם,false,,18.90,0.1260,true,1,222230
7290107957113,false,סימפוניה 5% זיתים פיקנטיים 200 ג' שטראוס,קריות זול,IL,גבינת סימפוניה זיתים,,200.00,,false,,11.90,0.0595,true,1,225125
7290107957991,false,מילקי CAKE מיניס קרם חלב בציפוי שוקולד חלב שקית 16X9ג',בובארד איטליה אס.פי.,IT,מארז מילקי מיניס קיי,,144.00,100 גרם,false,,15.90,0.1104,true,1,225007
7290107958035,false,יוגורט במתיקות מעודנת 2% ללא תוספת סוכר- מארז 8 יח,דנונה - שטראוס,IL,דנונה מארז שמינייה מ,,1200.00,100 גרם,false,,20.90,0.0174,true,1,222242
7290107958639,false,מטבוחה אחלה מרוקאית חריפה 400 גר',מיוצר עי קונדיטוריית,IL,מטבוחה מרוקאית חריפה,,400.00,100 גרם,false,,16.90,0.0422,true,1,222243
7290107973861,false,מאסטר שף - עגבניות קצוצות דק שלישיה 400 גרם * 3,קונסרזיו קאסאלאסקו ד,IT,עגבניות קצוצות דק מא,,1200.00,100 גרם,false,,16.90,0.0141,true,1,186004
7290107974301,false,ליידי ספיד סטיק - דאודורנט ג'ל לאישה אלוורה 45 גרם,ליידי ספיד סטיק Lady Speed Stick,US,ליידי ספיד סטיק אלוו,,65.00,100 גרם,false,,19.90,0.3062,true,1,253074
7290107974837,false,ממרח מתובל שום מאסטר שף 253ג',מאסטר שף,,ממרח מתובל שום מאסטר,,250.00,100 גרם,false,,8.90,0.0356,true,1,186016
7290107977456,false,"פלמוליב - ג'ל רחצה ושמפו ספורט לגבר 750 מ""ל",קולגייט פלמוליב,TR,פלמוליב לגבר ג'ל רחצ,,750.00,100 גרם,false,,21.90,0.0292,true,1,236026
7290107978453,false,חטיף קראנצ'וס גריל 5,קראנצ'וס,IL,קראנצוס גריל 55 גרם,,55.00,100 גרם,false,,3.90,0.0709,true,1,221791
7290107978460,false,קראנצוס פלאפל 55 גרם,מנה,IL,קראנצוס פלאפל 55 גר,,55.00,100 גרם,false,,3.90,0.0709,true,1,221792
7290108350531,false,סנו ספארק נוזל כלים בניחוח קלאסי עם משאבה 1 ל',מיוצר עי קונדיטוריית,IL,סנו ספארק משאבה קלאס,,1000.00,,false,,12.90,0.0129,true,1,232553
7290108350722,false,אורביטול - משחת שיניים 6+ בוב ספוג 70 גרם,טרופיקל דגיל תעשיות,IL,אורביטול משחת שיניים,,70.00,100 גרם,false,,7.90,0.1129,true,1,246412
7290108351149,false,סנו - ג'ט לניקוי כללי ורצפות בתוספת אבקת סודה 1.5 ליטר,"סנו מפעלי ברונוס בע""",IL,סנו ג'ט פלוס לניקוי,ליטרים,1.50,ליטר,false,,13.90,9.2667,true,1,219803
7290108351156,false,סנו - ג'ט לניקוי כללי ורצפות בתוספת חומץ 1.5 ליטר,"סנו מפעלי ברונוס בע""",IL,סנו ג'ט פלוס לניקוי,ליטרים,1.50,ליטר,false,,13.90,9.2667,true,1,219804
7290108351552,false,"סנו - ג'ט לניקוי כללי בתוספת חומץ בניחוח לבנדר 750 מ""ל","סנו מפעלי ברונוס בע""",IL,סנו ג'ט פלוס עם חומץ,,750.00,,false,,12.90,0.0172,true,1,222280
7290108351569,false,מבשם ומרכך למייבש כביסה Baby לתינוקות ולעור רגיש,"איי, בי, אינבוו",IL,סנו מקסימה למייבש בי,,750.00,,false,,19.90,0.0265,true,1,221271
7290108351613,false,סנו ריצפז פרש הום 2 ליטר בניחוח מלון חלומי,"סנו מפעלי ברונוס בע""",IL,ריצפז פרש הום בניחוח,ליטרים,2.00,ליטר,false,,23.90,11.9500,true,1,222290
7290108351699,false,סנו - ג'ט מטליות לחות לניקוי כללי בתוספת חומץ לבנדר שלישיה,סנו מפעלי ברונוס על,IL,מגבוני ניקוי ג'ט +חו,יחידה,0.00,יחידה,false,,21.90,0.0000,true,1,242812
7290108352207,false,קפסולות כביסה מקסימה פלורל 40 יח' סנו,טרופיקל דגיל תעשיות,IL,סנו מקסימה 40 קפסולו,,40.00,,false,,34.90,0.8725,true,1,244578
7290108352320,false,מבשם אוויר פרש הום נטול גז בניחוח מלון בוטיק,מיוצר עי קונדיטוריית,IL,סנו פרש הום מלון בוט,,350.00,,false,,14.90,0.0426,true,1,244234
7290108352344,false,"סנו - פרש מילוי למטהר אוויר מלון בוטיק 250 מ""ל",מיוצר עי קונדיטוריית,IL,סנו פרש הום אוטומטיק,,250.00,,false,,15.90,0.0636,true,1,244236
7290108352399,false,ריצפז פרש הום בניחוח מרכך כביסה פלורל טאצ',"סנו מפעלי ברונוס בע""",IL,ריצפז פרש הום בניחוח,,2000.00,,false,,23.90,0.0119,true,1,250001
7290108352450,false,ריצפז פרש הום בניחוח מרכך כביסה בלו בלוסום,סנו מפעלי ברונוס בעמ,IL,ריצפז פרש הום בלוסום,ליטרים,2.00,ליטר,false,,23.90,11.9500,true,1,246105
7290108352672,false,מטלית הפלא לריצפה זוג סנו סושי,סנו מפעלי ברונוס.,CN,מטלית הפלא לריצפה סנ,יחידה,0.00,יחידה,false,,21.90,0.0000,true,1,243225
7290108353099,false,ממחטות אף במארז ניילון סנו סופט 5 יח' * 100 דף,טרופיקל דגיל תעשיות,CN,סנו סופט ממחטות אף ב,יחידה,0.00,יחידה,false,,16.90,0.0000,true,1,243008
7290108353747,false,"תחליב רחצה אירוודה, בניחוח טונקה 600 מ""ל קרימה",קוסמופארם,IL,קרמה תחליב רחצה ספא,,600.00,,false,,17.90,0.0298,true,1,251926
7290108353778,false,"תחליב רחצה נקה שוודיה בניחות פיטנגו 750 מ""ל",קוסמופארם בע''מ,IL,נקה 7 תחליב רחצה - נ,,750.00,,false,,12.90,0.0172,true,1,245699
7290108353792,false,"תחליב רחצה נקה יפן פריחת הדובדבנים 750 מ""ל",קוסמופארם בע''מ,IL,נקה 7 תחליב רחצה - פ,,750.00,,false,,12.90,0.0172,true,1,245700
7290108353990,false,"קרמה - קרם גוף קרמה מאסק 500 מ""ל",טרופיקל דגיל תעשיות,IL,קרמה קרם גוף מאסק 50,,500.00,,false,,25.90,0.0518,true,1,245709
7290108354416,false,"תחליב רחצה יוגה, בניחוח ברגמוט 600מ""ל קרימה",קוסמופארם,IL,קרמה תחליב רחצה ספא,,600.00,,false,,17.90,0.0298,true,1,251928
7290108354430,false,"שמפו כיף לשיקום והזנה שמן קוקוס וקרטין 700 מ""ל",קוסמופארם בעמ,IL,כיף שמפו לשיער שמן ק,,700.00,100 גרם,false,,12.90,0.0184,true,1,246414
7290108354447,false,"מרכך כיף לשיקום והזנה שמן קוקוס וקרטין 700 מ""ל",גוד פוד פרודקטס S.p,IL,כיף מרכך לשיער שמן ק,,700.00,100 גרם,false,,12.90,0.0184,true,1,246415
7290108354492,false,"קרליין - שמפו 10 שמן ארגן 700 מ""ל",קרליין Careline,IL,קרליין שמפו 10 שמן א,,700.00,,false,,13.90,0.0199,true,1,250551
7290108354751,false,"סנו - ג'ט מרסס לניקוי כללי בתוספת אבקת סודה 750 מ""ל","סנו מפעלי ברונוס בע""",IL,סנו ג'ט פלוס עם חומץ,,750.00,,false,,12.90,0.0172,true,1,225789
7290108354911,false,"שמפו, ג'ל רחצה וגילוח מועשר בתמצית אלוורה",טרופיקל דגיל תעשיות,IL,קרמה מן 3 ב-1 -שמפו,,700.00,,false,,17.90,0.0256,true,1,243833
7290108355000,false,"שמפו מיניונים לילדים נקה 7 750 מ""ל",נקה 7,,נקה 7 קידס שמפו מיני,,750.00,,false,,11.90,0.0159,true,1,181133
7290108355024,false,"שמפו ומרכך מיניונים קידס נקה 7 750 מ""ל",קוסמופארם בע''מ,IL,נקה 7 קידס שמפו+מרכך,,750.00,,false,,11.90,0.0159,true,1,181135
7290108355161,false,"מרכך שיער שמני הזנה 750 מ""ל נקה 7",אמיליה קוסמטיקס,IL,נקה 7 מרכך שמני הזנה,,750.00,100 גרם,false,,12.90,0.0172,true,1,224397
7290108355178,false,"קרמה - קרם ידיים חמאת שיאה וקוקוי 100 מ""ל",קוסמופארם,IL,קרמה קרם ידיים חמאת,,100.00,,false,,10.00,0.1000,true,1,246387
7290108355307,false,"נקה 7 - שמפו סירוק קל רוזמרין 750 מ""ל",גוד פוד פרודקטס S.p,IL,נקה 7 שמפו סירוק קל,,750.00,,false,,11.90,0.0159,true,1,243011
7290108356106,false,"תחליב רחצה כיף שקדים 700 מ""ל",קריות זול,IL,כיף תחליב רחצה שקד 7,,700.00,100 גרם,false,,12.90,0.0184,true,1,225841
7290108356113,false,"כיף תחליב רחצה דבש 700 מ""ל-מרכז",קוסמופארם בעמ,IL,כיף תחליב רחצה דבש 7,,700.00,,false,,12.90,0.0184,true,1,225842
7290108356120,false,"כיף תחליב רחצה קוקוס וניל 700 מ""ל",קריות זול,IL,כיף תחליב רחצה קוקוס,,700.00,,false,,12.90,0.0184,true,1,225843
7290108356137,false,"כיף - תחליב רחצה לבנדר 700 מ""ל",קריות זול,IL,כיף תחליב רחצה לבנדר,,700.00,,false,,12.90,0.0184,true,1,225844
7290108356151,false,"תחליב רחצה כיף מאסק יסמין 700 מ""ל",גוד פוד פרודקטס S.p,IL,כיף תחליב רחצה מאסק,,700.00,100 גרם,false,,12.90,0.0184,true,1,225845
7290108356519,false,קרליין שמפו 10למניעת קשקשים 700מל,קרליין Careline,IL,קרליין שמפו 10 לשיער,,700.00,100 גרם,false,,13.90,0.0199,true,1,250316
7290108356526,false,"קרליין - שמפו 10 לשיער יבש 700 מ""ל",קרליין Careline,IL,קרליין שמפו 10 לשיער,,700.00,,false,,13.90,0.0199,true,1,250317
7290108356533,false,"שמפו 10 לשיער מתולתל 700 מ""ל קרליין",קרליין Careline,IL,קרליין שמפו 10 לשיער,,700.00,,false,,13.90,0.0199,true,1,250318
7290108356540,false,"שמפו 10 לשיער צבוע 700 מ""ל קרליין",סנו,IL,קרליין שמפו 10 לשיער,,700.00,,false,,13.90,0.0199,true,1,250319
7290108356564,false,"קרליין - מרכך 10 לשיער רגיל 700 מ""ל",קרליין Careline,IL,קרליין מרכך 10 לשיער,,700.00,,false,,13.90,0.0199,true,1,250321
7290108356595,false,"מרכך 10 לשיער צבוע 700 מ""ל קרליין",קרליין Careline,IL,קרליין מרכך 10 לשיער,,700.00,,false,,13.90,0.0199,true,1,250324
7290108357004,false,"שמפו כיף ורד ושמן קוקוי 700 מ""ל",טרופיקל דגיל תעשיות,IL,כיף שמפו לשיער ורד ו,,700.00,,false,,12.90,0.0184,true,1,242822
7290108357011,false,"מרכך כיף ורד ושמן קוקוי 700 מ""ל",טרופיקל דגיל תעשיות,IL,כיף מרכך לשיער ורד ו,,700.00,100 גרם,false,,12.90,0.0184,true,1,242823
7290108357028,false,"כיף תחליב רחצה ורד ושמן קוקוי 700 מ""ל",קוסמופארם בעמ,IL,כיף תחליב רחצה ורד ו,,700.00,100 גרם,false,,12.90,0.0184,true,1,242824
7290108357226,false,"אוקסיגן POWER אבקה לכביסה לבנה והסרת כתמים 1.4 ק""ג סנו",,IL,סנו אוקסיג'ן פאוור א,,1400.00,100 גרם,false,,29.90,0.0214,true,1,250326
7290108357240,false,"אוקסיג'ן פאוור תוסף להסרת כתמים קשים 1.4 ק""ג",סנו,IL,סנו אוקסיג'ן פאוור א,,1400.00,100 גרם,false,,29.90,0.0214,true,1,250327
7290108357301,false,"סנו - K300 קוטל חרקים תיקנים ונמלים 300 מ""ל","סנו מפעלי ברונוס בע""",IL,סנו 300-K קוטל נמלים,,300.00,,false,,14.90,0.0497,true,1,250614
7290108357653,false,סבון ג'ל לאסלה בניחוח אוקיינוס 3 יח' סנו,קריות זול,,סנובון באבלס בניחוח,,0.00,,false,,16.90,0.0000,true,1,252640
7290108357707,false,"כיף שמפו לשיער רגיל-תפוח זרעי צ'יה 700 מ""ל",גוד פוד פרודקטס S.p,IL,כיף שמפו לשיער רגיל,,700.00,,false,,12.90,0.0184,true,1,226458
7290108357714,false,"כיף שמפו לשיער יבש -רימונים ושמן ארגן 700 מ""ל",גוד פוד פרודקטס S.p,IL,כיף שמפו לשיער יבש ר,,700.00,100 גרם,false,,12.90,0.0184,true,1,226459
7290108357769,false,"מרכך לשיער רגיל תפוח וזרעי צ'יה 700 מ""ל כיף",גוד פוד פרודקטס S.p,IL,כיף מרכך לשיער רגיל,,700.00,,false,,12.90,0.0184,true,1,226463
7290108357776,false,"כיף מרכך לשיער יבש -רימונים ושמן ארגן 700 מ""ל",גוד פוד פרודקטס S.p,IL,כיף מרכך לשיער יבש ר,,700.00,,false,,12.90,0.0184,true,1,226464
7290108357875,false,"כיף - שמפו לחות מוגברת עם אפרסק וחמאת מורומורו 700 מ""ל",קוסמופארם,IL,כיף שמפו לחות מוגברת,,700.00,100 גרם,false,,12.90,0.0184,true,1,250539
7290108357882,false,"כיף - מרכך לחות מוגברת עם אפרסק וחמאת מורומורו 700 מ""ל",קוסמופארם,IL,כיף מרכך לחות מוגברת,,700.00,,false,,12.90,0.0184,true,1,250541
7290108358070,false,"תחליב רחצה קרמה קלאסי 700 מ""ל",גוד פוד פרודקטס S.p,IL,קרמה תחליב רחצה קלאס,,700.00,,false,,18.90,0.0270,true,1,245706
7290108358087,false,"תחליב רחצה קרמה מאסק 700 מ""ל",גוד פוד פרודקטס S.p,IL,קרמה תחליב רחצה מאסק,,700.00,,false,,18.90,0.0270,true,1,245707
7290108358124,false,דפי בישום לחים למייבש הכביסה בניחוח מרכך כביסה 20 יח' מקסימה,קוסמופארם,IL,מקסימה דפי בישום לחי,,20.00,,false,,12.90,0.6450,true,1,252637
7290108359183,false,שקית אשפה חזקות 70*50 60 יח' סנו סושי,,,שקיות אשפה עם ידית 6,יחידה,0.00,יחידה,false,,24.90,0.0000,true,1,251930
7290108359190,false,סושי מגבת הפלא 4 יח' = 12 גליל ארוך פי 3,סנו סושי,IL,סנו סושי מגבות הפלא,יחידה,0.00,יחידה,false,,25.90,0.0000,true,1,253056
7290108359213,false,נייר טואלט סופט דו שכבתי 18 גלילים כפולים,סנו סופט Soft,IL,סנו סופט נייר טואלט,יחידה,0.00,יחידה,false,,39.90,0.0000,true,1,253345
7290108359824,false,"כיף - בייבי כיף קרם 500 מ""ל",קוסמופארם בעמ,IL,בייבי כיף קרם גוף 50,,500.00,100 גרם,false,,23.90,0.0478,true,1,225566
7290108359831,false,"כיף - בייבי כיף שמן 500 מ""ל","מיוצר ומשווק ע""י קוס",IL,בייבי כיף שמן גוף 5,,500.00,,false,,23.90,0.0478,true,1,225567
7290108359879,false,"כיף - בייבי אלסבון 750 מ""ל",קוסמופארם בעמ,IL,בייבי כיף אל סבון 7,,750.00,,false,,15.90,0.0212,true,1,225561
7290108501346,false,גבינה מגורדת גאודה 500 גר',Euro יורו מחלבות אירופה,IL,גבינת גאודה מגורדת 2,,500.00,100 גרם,false,,24.90,0.0498,true,1,223563
7290108501407,false,גבינת צ'דר מיושנת 200גרם VINTAGE,וויקה פארמס אל.טי.די,GB,גבינת צדר מיושנת וינ,,200.00,,false,,19.90,0.0995,true,1,225033
7290108501490,false,גבינה מוצרלה פרוסות ו.פוד 150ג',,,גבינת מוצרלה פרוסות,,150.00,100 גרם,false,,13.90,0.0927,true,1,225036
7290108501827,false,קדאיף שערות בצק 450 גר',הנסיך- מפעל לייצור ט,GR,שערות קדאיף בצק 450ג,,450.00,100 גרם,false,,19.90,0.0442,true,1,228052
7290108502541,false,גבינת שמנת טבעי 200ג' EURO CHEESE,קסוס אל פסטור,TR,גבינת שמנת טבעי יורו,,200.00,100 גרם,false,,12.90,0.0645,true,1,225020
7290108503043,false,תפוחונים חטיף פלחים מיובשים מארז 22X4ג',ינטאי זונגקאן פוד קו,CN,מארז תפוחונים 4*22 ג,,88.00,100 גרם,false,,14.90,0.1693,true,1,225587
7290108503647,false,"אורז בסמטי מובחר 1 ק""ג",אל.טי.פודס בעמ,IN,אורז בסמטי דאווט 1 ק,,1000.00,100 גרם,false,,12.90,0.0129,true,1,235134
7290108503982,false,פרוסות גבינה 150גרם בטעם צ'דר לכריכים וטוסטים,,ES,פרוסות גבינה 150ג בט,,150.00,,false,,9.90,0.0660,true,1,246532
7290108504293,false,גבינה מנצ'גו צ'אנק 150 גר',ג.וילי פוד אינטרנשיו,ES,מנצ'גו צ'אנק יורו צי,,150.00,100 גרם,false,,14.90,0.0993,true,1,227591
7290108505153,false,יוגורט בטעם טבעי 2% שומן 150 ג',Euro יורו מחלבות אירופה,GR,יוגורט בטעם טבעי 10%,,150.00,100 גרם,false,,5.90,0.0393,true,1,244482
7290108505160,false,יוגורט עם אגסים 4% שומן 150 ג',Euro יורו מחלבות אירופה,GR,יוגורט יווני עם אגסי,,150.00,,false,,5.90,0.0393,true,1,244487
7290108505184,false,יוגורט עם קוקוס 5% שומן 150 ג',Euro יורו מחלבות אירופה,GR,יוגורט עם קוקוס 5% ש,,150.00,100 גרם,false,,5.90,0.0393,true,1,244488
7290108505191,false,יוגורט עם פצפוצי שוקולד 5% שומן 150 ג',Euro יורו מחלבות אירופה,GR,יוגורט עם פצפוצי שוק,,150.00,100 גרם,false,,5.90,0.0393,true,1,244489
7290108505207,false,יוגורט עם אוכמניות 0% שומן 150 ג',Euro יורו מחלבות אירופה,GR,יוגורט עם אוכמניות 0,,150.00,100 גרם,false,,5.90,0.0393,true,1,244484
7290108505214,false,יוגורט עם אפרסק 0% שומן 150 ג',Euro יורו מחלבות אירופה,GR,יוגורט עם אפרסק 0% ש,,150.00,100 גרם,false,,5.90,0.0393,true,1,244485
7290108505726,false,גבינה חצי קשה-אצבעות,סאסו פטוראגס קומטויס,TR,אצבעות גבינה חצי קשה,,200.00,100 גרם,false,,14.90,0.0745,true,1,244476
7290108505733,false,צמות - גבינה חצי קשה 25% שומן 200 ג',אונטד גידה,TR,צמות גבינה חצי קשה 2,,200.00,100 גרם,false,,14.90,0.0745,true,1,244475
7290108505740,false,גבינת קשקבל קשה למחצה 25% שומן,Euro יורו מחלבות אירופה,TR,גבינת קשקבל חצי קשה,,200.00,,false,,14.90,0.0745,true,1,244478
7290108506495,false,"כנאפה מאפה בצק ""שערות"" קדאיף וגבינה",ארמה גרופ,TR,פינוקים כנאפה קפוא 1,,192.50,100 גרם,false,,12.90,0.0670,true,1,244182
7290108506518,false,אצבעות בצק פילו ממולאות גבינה ותרד 500 ג' ויליפוד,וילי פוד,,אצבעות בצק פילו במיל,,500.00,100 גרם,false,,15.90,0.0318,true,1,250501
7290108506709,false,גבינת פרמג'יאנו רג'יאנו 150 גר' רבנות,וילי פוד,IT,גבינת פרמז'נו רג'יאנ,,150.00,,false,,24.90,0.1660,true,1,244479
7290108506969,false,מאפה בורקס מים תורכי - גבינה 300 ג',וילי פוד,TR,מאפה בורקס מים תורכי,,300.00,,false,,9.90,0.0330,true,1,245925
7290108507188,false,"כנאפה קפוא 657 גרם אריזה משפחתית חתם סופר פ""ת",ארמה גרופ,TR,כנאפה אריזה משפחתית,,657.50,100 גרם,false,,29.90,0.0455,true,1,245933
7290108508499,false,"איירן משקה יוגורט בסגנון טורקי יורו 293 מ""ל",Euro יורו מחלבות אירופה,TR,איירן משקה יוגורט בס,,293.00,,false,,5.90,0.0201,true,1,247694
7290108508963,false,גבינת קשקבל מגורדת 25% שומן,Euro יורו מחלבות אירופה,TR,גבינת קשקבל מגורדת ח,,200.00,100 גרם,false,,14.90,0.0745,true,1,247699
7290108509106,false,"גבינה בולגרית מעודנת בקוביות 13% שומן 200 ג' חת""ס פ""ת",קוליוס,TW,גבינה בולגרית מעודנת,,500.00,100 גרם,false,,11.90,0.0238,true,1,250113
7290108509113,false,"גבינה בולגרית מעודנת 18% שומן 250 גרם חת""ס פ""ת",Euro יורו מחלבות אירופה,TR,גבינה בולגרית מעודנת,,250.00,100 גרם,false,,11.90,0.0476,true,1,250114
7290108509267,false,ארוחת פסטה עם רוטב גבינה,הנסיך- מפעל לייצור ט,UA,ארוחת פסטה עם רוטב ע,,206.00,100 גרם,false,,9.90,0.0481,true,1,252548
7290108509700,false,אורז פרסי דאווט 1 קג,אל טי פוד,IN,"אורז פרסי דאווט 1 ק""",,1000.00,,false,,9.90,0.0099,true,1,250110
7290109351025,false,מלך החומוס חומוסטחינה 40% טחינה גולמית,סלטי צבר,IL,חומוסטחינה צבר 400גר,,400.00,100 גרם,false,,15.90,0.0398,true,1,178094
7290109352916,false,פריכיות דגנים פיטנס מצופות שוקולד לבן,נסטלה Nestle,IL,פריכיות שוקולד לבן פ,,84.00,100 גרם,false,,15.90,0.1893,true,1,178106
7290109354101,false,לחמית ללא גלוטן 200 ג' אסם,אסם,IL,לחמית ללא גלוטן אסם,,200.00,100 גרם,false,,12.50,0.0625,true,1,220964
7290109580043,false,"שניצל תירס קלאסי זוגלובק 1.75 ק""ג",זוגלובק,IL,"שניצל תירס 1.75ק""ג ז",,1750.00,100 גרם,false,,49.90,0.0285,true,1,246050
7290109580166,false,פרימיום סרוולד קלאסי זוגלובק 150 ג',זוגלובק,IL,זוגלובק פרימיום סרוו,,150.00,100 גרם,false,,27.90,0.1860,true,1,247092
7290109580432,false,פסטרמה חזה הודו מעושן 120 גר' זוגלובק,זוגלובק,IL,פסטרמה בדחזה הודו מע,,120.00,100 גרם,false,,16.90,0.1408,true,1,251498
7290109920757,false,הפי מרכך לכביסה מרוכז ורדים 1ל',מיפא,,הפי מרכך כביסה מרוכז,,1000.00,100 גרם,false,,10.90,0.0109,true,1,222053
7290109920849,false,"אסטוניש - מרסס לניקוי כללי בניחוח תפוז 750 מ""ל",יעקבי- אסטוניש Astonish,,אסטוניש תפוז לניקוי,,750.00,,false,,15.90,0.0212,true,1,228153
7290109921129,false,מרכך כביסה סופר מרוכז בניחות סיגליות 1 ל' יעקבי,מיפא,,הפי מרכך כביסה סופר,,1000.00,,false,,10.90,0.0109,true,1,224648
7290109921563,false,יעקבי רצפות שיש 1.25 ליטר,וונדפוט,BE,יעקובי רצפות שיש מבר,,1250.00,,false,,14.90,0.0119,true,1,235003
7290109923147,false,"פלא של אקונומיקה 750 מ""ל אסטוניש",יעקבי- אסטוניש Astonish,,אסטוניש מרסס פלא של,,750.00,,false,,15.90,0.0212,true,1,251259
7290110110024,false,"פאנטה תות פחית סליק 330מ""ל",,,פאנטה תות סליק 330מל,,330.00,100 גרם,false,,6.50,0.0197,true,1,221934
7290110110277,false,סיידר תפוחים מוגז - מארז רביעייה,"קרלסברג קרואטיה , יב",RO,סיידר סומרסבי רביעיי,,1320.00,100 גרם,false,,37.90,0.0287,true,1,224227
7290110110369,false,בירה קרלסברג לומה LUMA שישייה,מבשלות בירה בינלאומי,IL,בירה קרלסברג לומה בק,,1980.00,100 גרם,false,,37.90,0.0191,true,1,245029
7290110110574,false,"קוקה קולה זירו לימון פחית 330 מ""ל",החברה המרכזית לייצור,IL,קוקה קולה זירו לימון,,330.00,100 גרם,false,,6.50,0.0197,true,1,224399
7290110110659,false,"ספרייט לימון ליים פחית 330מ""ל",החברה המרכזית לייצור,IL,"פחית ספרייט 330 מ""ל",,330.00,100 גרם,false,,6.50,0.0197,true,1,223566
7290110111809,false,"מארז פאנטה אורנג' 330 מ""ל * 6 יח'",החברה המרכזית לייצור,IL,פאנטה אורנג' פחיות ש,,1980.00,100 גרם,false,,28.90,0.0146,true,1,227007
7290110114787,false,נביעות + תפוח 1.5 ליטר פיקדון,נביעות טבע הגליל בעמ,IL,נביעות+ תפוח 1.5ליטר,,1500.00,100 גרם,false,,9.90,0.0066,true,1,249811
7290110114794,false,נביעות + אפרסק 1.5 ליטר פיקדון,"נביעות טבע הגליל בע""",IL,נביעות+ אפרסק 1.5ליט,,1500.00,100 גרם,false,,9.90,0.0066,true,1,249812
7290110114800,false,נביעות + ענבים 1.5 ליטר פיקדון,"נביעות טבע הגליל בע""",IL,נביעות+ ענבים 1.5ליט,,1500.00,100 גרם,false,,9.90,0.0066,true,1,249813
7290110114855,false,"נביעות מים מינרליים, שישיה 6 * 1.5 ליטר פקדון",נביעות טבע הגליל בעמ,IL,נביעות שישייה 6*1.5ל,,9000.00,100 גרם,false,,13.70,0.0015,true,1,249682
7290110114886,false,מיץ סחוט קלמנטינה 2 ל' פריגת,גת,IL,סחוט קלמנטינה 2ליטר,,2000.00,,false,,29.90,0.0150,true,1,249675
7290110114893,false,מיץ סחוט תפוז 2 ל' פריגת,פריגת,IL,סחוט תפוז 2ליטר,,2000.00,100 גרם,false,,29.90,0.0150,true,1,249676
7290110114961,false,מיץ בטעם תפוזים 1.5ל' פריגת,מבשלות בירה בינלאומי,IL,משקה קל בטעם תפוזים,,1500.00,100 גרם,false,,9.90,0.0066,true,1,249818
7290110114985,false,פריגת אשכולית 1.5 ליטר פיקדון,מבשלות בירה בינלאומי,IL,משקה קל בטעם אשכוליו,,1500.00,100 גרם,false,,9.90,0.0066,true,1,249820
7290110114992,false,פריגת light אשכולית 1.5 ליטר פיקדון,מבשלות בירה בינלאומי,IL,פריגת אשכולית לייט 1,,1500.00,,false,,9.90,0.0066,true,1,249821
7290110115005,false,פריגת ענבים 1.5 ליטר פיקדון,מבשלות בירה בינלאומי,IL,משקה קל בטעם ענבים פ,,1500.00,100 גרם,false,,9.90,0.0066,true,1,249822
7290110115012,false,מיץ ענבים בניחוח מרלו 1.5 ל' פריגת,פריגת,IL,משקה קל בטעם מרלו ענ,,1500.00,,false,,9.90,0.0066,true,1,249823
7290110115029,false,"פריגת משק""ל תפוח 1.5 ליטר פיקדון",מבשלות בירה בינלאומי,IL,פריגת משקה קל תפוחים,,1500.00,,false,,9.90,0.0066,true,1,249824
7290110115036,false,פריגת מנגו 1.5 ליטר פיקדון,מבשלות בירה בינלאומי,IL,פריגת משקה קל מנגו,,1500.00,100 גרם,false,,9.90,0.0066,true,1,249825
7290110115043,false,פריגת לימונענע 1.5 ליטר פיקדון,מבשלות בירה בינלאומי,IL,משקה קל בטעם לימונענ,,1500.00,100 גרם,false,,9.90,0.0066,true,1,249826
7290110115050,false,פריגת מיקס תות בננה 1.5 ליטר פיקדון,מבשלות בירה בינלאומי,IL,פריגת משקה קל תות-בנ,,1500.00,100 גרם,false,,9.90,0.0066,true,1,249827
7290110115067,false,פריגת אפרסק 1.5 ליטר פיקדון,מבשלות בירה בינלאומי,IL,פריגת אפרסק 1.5ליטר,,1500.00,100 גרם,false,,9.90,0.0066,true,1,249828
7290110115074,false,פריגת תפוח דובדבן 1.5 ליטר פיקדון,מבשלות בירה בינלאומי,IL,פריגת תפוח דובדבן 1.,,1500.00,,false,,9.90,0.0066,true,1,249829
7290110115203,false,קוקה קולה 1.5 ליטר פיקדון,קוקה קולה Coca Cola,IL,קוקה קולה 1.5 ליטר,,1500.00,100 גרם,false,,8.90,0.0059,true,1,249688
7290110115210,false,דיאט קוקה קולה 1.5 ליטר פיקדון,קוקה קולה Coca Cola,IL,קוקה קולה דיאט 1.5ל,,1500.00,,false,,8.90,0.0059,true,1,249689
7290110115227,false,קולה ZERO 1.5 ליטר פיקדון,קוקה קולה Coca Cola,IL,קוקה קולה זירו בקבוק,,1500.00,100 גרם,false,,8.90,0.0059,true,1,249690
7290110115234,false,קולה ZERO נטול 1.5 ליטר פיקדון,החברה המרכזית לייצור,IL,קוקה קולה זירו נטול,,1500.00,100 גרם,false,,8.90,0.0059,true,1,249691
7290110115241,false,קוקה קולה זירו לימון 1.5 ליטר,החברה המרכזית לייצור,IL,קוקה קולה זירו לימון,,1500.00,100 גרם,false,,8.90,0.0059,true,1,249692
7290110115265,false,ספרייט 1.5 ליטר LIME פיקדון,החברה המרכזית לייצור,IL,ספרייט ליים 1.5ליטר,,1500.00,100 גרם,false,,8.90,0.0059,true,1,249786
7290110115272,false,ZERO ספרייט זירו 1.5 ליטר פיקדון,החברה המרכזית לייצור,IL,ספרייט זירו 1.5 ליטר,,1500.00,100 גרם,false,,8.90,0.0059,true,1,249787
7290110115289,false,ספרייט 19 קל' לימון-נענע 1.5 ליטר פיקדון,החברה המרכזית לייצור,IL,ספרייט 19 קלוריות לי,,1500.00,100 גרם,false,,8.90,0.0059,true,1,249790
7290110115296,false,פאנטה אורנג' 1.5 ליטר פיקדון,החברה המרכזית לייצור,IL,פאנטה אורנג׳ 1.5 ליט,,1500.00,100 גרם,false,,8.90,0.0059,true,1,249839
7290110115302,false,פאנטה ZERO אורנג' 1.5 ליטר פיקדון,החברה המרכזית לייצור,IL,פאנטה אורנג׳ זירו 1.,,1500.00,100 גרם,false,,8.90,0.0059,true,1,249840
7290110115319,false,פאנטה אקזוטיק 1.5 ליטר פיקדון,החברה המרכזית לייצור,IL,פאנטה אקזוטי 1.5 ליט,,1500.00,,false,,8.90,0.0059,true,1,249841
7290110115333,false,פאנטה תות 1.5 ליטר פיקדון,החברה המרכזית לייצור,IL,פאנטה תות 1.5 ליטר,,1500.00,,false,,8.90,0.0059,true,1,249843
7290110115340,false,פאנטה ענבים 1.5 ליטר פיקדון,קוקה קולה,IL,פאנטה ענבים 1.5ליטר,,1500.00,100 גרם,false,,8.90,0.0059,true,1,249844
7290110115357,false,קינלי סודה 1.5 ליטר פיקדון,קריות זול,,קינלי סודה 1.5ליטר,,1500.00,,false,,4.50,0.0030,true,1,249792
7290110115364,false,קוקה קולה שישיות 1.5 ליטר פיקדון,החברה המרכזית לייצור,IL,קוקה קולה שישייה 6*1,,9000.00,,false,,49.90,0.0055,true,1,249694
7290110115371,false,דיאט קוקה קולה שישיות 1.5 ליטר פיקדון,החברה המרכזית לייצור,IL,קוקה קולה דיאט שישיי,,9000.00,,false,,49.90,0.0055,true,1,249695
7290110115388,false,ספרייט ליים שישיות 1.5 ליטר פיקדון,החברה המרכזית לייצור,IL,ספרייט ליים שישייה 6,,9000.00,,false,,49.90,0.0055,true,1,249837
7290110115395,false,ZERO ספרייט שישיות 1.5 ליטר פיקדון,החברה המרכזית לייצור,IL,ספרייט זירו שישייה 6,,9000.00,,false,,49.90,0.0055,true,1,249838
7290110115401,false,קינלי סודה שישייה 1.5 ליטר פיקדון,החברה המרכזית לייצור,IL,קינלי סודה מארז שישי,,9000.00,100 גרם,false,,21.70,0.0024,true,1,249846
7290110115418,false,מארז שישייה קוקה קולה זירו 1.5 ל',החברה המרכזית לייצור,IL,קוקה קולה זירו שישיי,,9000.00,100 גרם,false,,49.90,0.0055,true,1,249785
7290110115449,false,אייס תה בטעם מנגו אננס 1.5ל' FUZE TEA,מבשלות בירה בינלאומי,IL,פיוז טי תה קר בטעם מ,,1500.00,100 גרם,false,,10.90,0.0073,true,1,249795
7290110115456,false,"תה קר בטעם אפרסק 19 קלוריות ב- 100 מ""ל",מבשלות בירה בינלאומי,IL,פיוז טי אפרסק 19קלור,,1500.00,100 גרם,false,,10.90,0.0073,true,1,249796
7290110115463,false,אייס תה בטעם אפרסק 1.5ל' FUZE TEA,מבשלות בירה בינלאומי,IL,פיוז תה 1.5 ליטר בטע,,1500.00,100 גרם,false,,10.90,0.0073,true,1,249797
7290110115494,false,אייס תה בטעם ענבים 1.5ל' FUZE TEA,מבשלות בירה בינלאומי,IL,פיוז טי תה קר בטעם ע,,1500.00,100 גרם,false,,10.90,0.0073,true,1,249799
7290110115500,false,קוקה קולה שישיות 2 ליטר פיקדון,קוקה קולה,,קוקה קולה שישיות 6*2,,12000.00,100 גרם,false,,59.90,0.0050,true,1,249788
7290110115531,false,פאנטה ZERO תפוח 1.5 ליטר פיקדון,החברה המרכזית לייצור,IL,פאנטה ZERO תפוח 1.5,,1500.00,100 גרם,false,,8.90,0.0059,true,1,249845
7290110115623,false,משקה פיוז טי זירו ZERO בטעם אפרסק,מבשלות בירה בינלאומי,IL,פיוז טי זירו אפרסק 1,,1500.00,100 גרם,false,,10.90,0.0073,true,1,249803
7290110115821,false,"ספרייט לימון, 1.5 ליטר פקדון",כלורוקס אוקלנד,IL,ספרייט ליים 1.5ליטר,,1500.00,,false,,8.90,0.0059,true,1,249945
7290110115838,false,"ספרייט זירו, 1.5 ליטר פקדון","אינסטנטה בע""מ",IL,ספרייט זירו 1.5 ליטר,,1500.00,100 גרם,false,,8.90,0.0059,true,1,249946
7290110115845,false,קוקה קולה 1.5 ליטר פיקדון,"אינסטנטה בע""מ",IL,קוקה קולה 1.5 ליטר,,1500.00,100 גרם,false,,8.90,0.0059,true,1,249915
7290110115852,false,קוקה קולה דיאט בקבוק,תות תעשיות מזון (201,IL,קוקה קולה דיאט 1.5ל,,1500.00,,false,,8.90,0.0059,true,1,249947
7290110115869,false,קוקה קולה זירו 1.5 ליטר פיקדון,תות תעשיות מזון (201,IL,קוקה קולה זירו בקבוק,,1500.00,100 גרם,false,,8.90,0.0059,true,1,249916
7290110115876,false,סודה קינלי 1.5 ליטר,"אינסטנטה בע""מ",IL,קינלי סודה 1.5ליטר,,1500.00,,false,,4.50,0.0030,true,1,249948
7290110115968,false,קוקה קולה 1ליטר,קוקה קולה,,קוקה קולה 1ליטר,,1000.00,100 גרם,false,,7.50,0.0075,true,1,250543
7290110115975,false,קוקה קולה זירו בקבוק,החברה המרכזית לייצור,IL,קוקה קולה זירו 1 ליט,,1000.00,100 גרם,false,,7.50,0.0075,true,1,250549
7290110116156,false,נביעות+ רכיבי פרי מנגו פסיפלורה 1.5 ליטר,נביעות,IL,נביעות+רכיבי פרי מנג,,1500.00,100 גרם,false,,10.90,0.0073,true,1,252135
7290110116194,false,"מים לימון ליים 0 קלוריות, 1.5 ל נביעות","נביעות טבע הגליל בע""",IL,נביעות+לימון ליים 0,,1500.00,,false,,10.90,0.0073,true,1,252137
7290110116217,false,נביעות+ אשכוליות 0קלוריות 1.5 ליטר,"נביעות טבע הגליל בע""",IL,נביעות+אשכולית 0 קלו,,1500.00,100 גרם,false,,10.90,0.0073,true,1,252134
7290110116392,false,מיץ תפוזים 750 מל פריגת,סירופ גבעת חיים,IL,סירופ תפוזים פריגת 7,,750.00,,false,,24.90,0.0332,true,1,253414
7290110116552,false,ספרייט לימון היט 1.5 ליטר LIME פיקדון,החברה המרכזית לייצור,IL,ספרייט למון היט 1.5ל,,1500.00,,false,,8.90,0.0059,true,1,252856
7290110116569,false,"ספרייט זירו ZERO בק LEMON HIT, 1.5 ליטר",החברה המרכזית לייצור,IL,ספרייט למון היט זירו,,1500.00,,false,,8.90,0.0059,true,1,252857
7290110320591,false,גבינה בולגרית מעודנת 16%,פיראוס,IL,בולגרית 16% במרקם מע,,250.00,100 גרם,false,,24.90,0.0996,true,1,220225
7290110320850,false,פתיתים גבינה חצי קשה מגורדת 28% שומן,תנובה מרכז שיתופי לש,IL,פתיתי עמק 28% שומן 2,,200.00,100 גרם,false,,16.50,0.0825,true,1,221910
7290110320867,false,פתיתים גבינה חצי קשה מגורדת 28% שומן,תנובה מרכז שיתופי לש,IL,פתיתי עמק 28% שומן 5,,500.00,100 גרם,false,,37.90,0.0758,true,1,222834
7290110320935,false,גבינת מוצרלה תנובה 150ג' פרוסות,תנובה מרכז שיתופי לש,IL,פרוסות מוצרלה 150גר,,200.00,,false,,16.90,0.0845,true,1,221601
7290110321277,false,קוטג' בקטנה % 5 100 ג' תנובה,פארייפאבה אגרואינדוס,IL,קוטג בקטנה 5% מהדרין,,100.00,,false,,2.90,0.0290,true,1,222790
7290110321284,false,קוטג' בקטנה 9% 100 ג' תנובה,פארייפאבה אגרואינדוס,IL,קוטג בקטנה 9% מהדרין,,100.00,100 גרם,false,,2.90,0.0290,true,1,222791
7290110321680,false,יוגורט GO בטעם תות 20 גרם חלבון בגביע,מיוצר עי קונדיטוריית,IL,יוגורט גו תות 200 מל,,200.00,,false,,6.20,0.0310,true,1,223009
7290110321697,false,יוגורט GO בטעם אפרסק 20 גרם חלבון בגביע,מיוצר עי קונדיטוריית,IL,יוגורט גו אפרסק 200,,200.00,100 גרם,false,,6.20,0.0310,true,1,223010
7290110321789,false,גבינת מסקרפונה 38% השף הלבן 250 ג',תנובה,IL,גבינה מסקרפונה 38% ה,,250.00,100 גרם,false,,21.50,0.0860,true,1,223898
7290110322014,false,טופו בטעם טבעי תנובה ALTERNATIVE,שוורצקוף& הנקל דיסלד,IL,טופו טבעי 300 גרם,,300.00,100 גרם,false,,13.40,0.0447,true,1,224578
7290110323301,false,טל העמק בסגנון אמנטל 32% שומן 200 גרם,עמק - תנובה,IL,*מבצע* גבינת טל עמק,,200.00,100 גרם,false,,17.90,0.0895,true,1,226235
7290110323585,false,יופלה יוגורט עם דובדבן מופחת קלוריות 200 ג' GO,יופלה Yoplait,,יוגורט גו לייט דובדב,,200.00,100 גרם,false,,6.20,0.0310,true,1,225732
7290110323592,false,יופלה יוגורט עם אפרסק מופחת קלוריות 200 ג' GO,יופלה Yoplait,,יוגורט גו לייט אפרסק,,200.00,100 גרם,false,,6.20,0.0310,true,1,225733
7290110323714,false,משקה קוקוס שקדים תנובה E אלטרנטיב,מיוצר עי קונדיטוריית,IL,משקה קוקוס שקדים 1 ל,,1000.00,,false,,13.00,0.0130,true,1,226229
7290110324353,false,יוגורט GO לייט בטעם אננס 20 גרם חלבון בגביע,"תנובה בע""מ",IL,יוגורט גו לייט אננס,,200.00,100 גרם,false,,6.20,0.0310,true,1,226854
7290110324711,false,ממרח סויה בטעם טבעי 9% שומן אלטרנטיב,מיוצר עי קונדיטוריית,IL,ממרח סויה 9% בטעם טב,,250.00,100 גרם,false,,9.40,0.0376,true,1,227538
7290110324728,false,ממרח סויה עם שום שמיר 9% שומן אלטרנטיב,מיוצר עי קונדיטוריית,IL,ממרח סויה 9% עם שום,,250.00,100 גרם,false,,9.40,0.0376,true,1,227539
7290110324872,false,גבינה צהובה גלבוע 5% שומן 200 גרם,גלבוע - תנובה,IL,גבינה צהובה גלבוע 5%,,200.00,100 גרם,false,,19.30,0.0965,true,1,235310
7290110324926,false,משקה סויה ללא תוספת סוכר E אלטרנטיב,תנובה מרכז שיתופי לש,IL,משקה סויה ללא תוספת,,1000.00,,false,,11.90,0.0119,true,1,235058
7290110325169,false,פרוסות גבינת גאודה 30%,תנובה,IL,פרוסות גאודה 170 גרם,,170.00,100 גרם,false,,19.90,0.1171,true,1,244011
7290110325312,false,מעדן סויה GO מועשר בחלבון בטעם תות,"תנובה בע""מ",IL,מעדן גו סויה בטעם תו,,200.00,,false,,6.10,0.0305,true,1,235317
7290110325619,false,משקה שיבולת שועל תנובה E אלטרנטיב,מיוצר עי קונדיטוריית,IL,משקה שיבולת שועל 1 ל,,1000.00,100 גרם,false,,13.00,0.0130,true,1,242729
7290110325879,false,פתיתי גאודה 200 ג' תנובה,תנובה- השף הלבן,IL,פתיתי גאודה 200 גרם,,200.00,100 גרם,false,,17.90,0.0895,true,1,244062
7290110325893,false,משקה חלב GO מועשר בחלבון בטעם אייס קפה,מיוצר עי קונדיטוריית,IL,משקה חלב גו אייס קפה,,340.00,100 גרם,false,,8.30,0.0244,true,1,242726
7290110326210,false,יופלה און טופ פצפוצים 157 גרם.,מיוצר עי קונדיטוריית,IL,יוגורט און טופ פצפוצ,,157.00,,false,,5.20,0.0331,true,1,244003
7290110326227,false,יוגורט און טופ קורנפלקס 157 ג' יופלה,מיוצר עי קונדיטוריית,IL,יופלה און טופ קורנפל,,157.00,,false,,5.20,0.0331,true,1,244009
7290110326234,false,יוגורט און טופ כוכבים 157 ג' יופלה,מיוצר עי קונדיטוריית,IL,יופלה און טופ כוכבים,,157.00,,false,,5.20,0.0331,true,1,244005
7290110326241,false,יופלה און טופ גרנולה 157 גרם.,מיוצר עי קונדיטוריית,IL,יופלה און טופ גרנולה,,157.00,,false,,5.20,0.0331,true,1,244006
7290110326876,false,לאבנה עיזים פיראוס 2,Unknown,,לאבנה עיזים 250 גרם,,250.00,100 גרם,false,,17.90,0.0716,true,1,253335
7290110326906,false,חלב נטול לקטוז 3% 1 ליטר,מיוצר עי קונדיטוריית,IL,חלב נטול לקטוז 3% שו,,1000.00,100 גרם,false,,7.60,0.0076,true,1,245881
7290110327514,false,משקה שיבולת שועל בטעם אגוזי לוז 1 ליטר אלטרנטיב,תנובה מרכז שיתופי לש,IL,משקה שיבולת שועל בטע,,1000.00,100 גרם,false,,13.00,0.0130,true,1,248430
7290110327545,false,מעדן און טופ תות פצפוצים מצופים שוקולד 157ג' יופלה,מיוצר עי קונדיטוריית,IL,יופלה און טופ בטעם ת,,157.00,,false,,4.80,0.0306,true,1,246287
7290110327637,false,יוגורט דיאט יופלה קיווי 0% שומן 150 ג' יופלה,תנובה מרכז שיתופי לש,IL,יופלה דיאט בטעם קיוו,,150.00,100 גרם,false,,4.90,0.0327,true,1,246217
7290110327804,false,חטיף חלבון GO - עוגיות 60 ג' חלב נוכרי - רבנות,"בלמונט קונפקציות בע""",US,חטיף חלבון גו בטעם ע,יחידה,0.00,יחידה,false,,11.90,0.0000,true,1,248138
7290110328221,false,יוגורט תנובה נטול לקטוז 200 ג',מיוצר עי קונדיטוריית,IL,יוגורט לבן נטול לקטו,,200.00,100 גרם,false,,4.30,0.0215,true,1,246909
7290110328627,false,יוגורט יופלה GO במרקם סמיך בטעם בננה קרמל 0%,מיוצר עי קונדיטוריית,IL,יוגורט גו סמיך בננה,,200.00,,false,,6.20,0.0310,true,1,248055
7290110328764,false,יוגורט יופלה GO במרקם סמיך עם תות 0%,מיוצר עי קונדיטוריית,IL,יוגורט גו סמיך תות 0,,200.00,,false,,6.20,0.0310,true,1,248056
7290110328771,false,יוגורט יופלה GO במרקם סמיך עם פירות יער 0%,מיוצר עי קונדיטוריית,IL,יוגורט גו סמיך פירות,,200.00,,false,,6.20,0.0310,true,1,248057
7290110328788,false,יוגורט יופלה GO במרקם סמיך בטעם אפרסק 0%,תנובה מרכז שיתופי לש,IL,יוגורט גו סמיך אפרסק,,200.00,,false,,6.20,0.0310,true,1,248058
7290110329266,false,יוגורט תנובה מחלב עיזים מלא תנובה 140 ג',קריות זול,IL,יוגורט תנובה מחלב עי,,140.00,,false,,6.50,0.0464,true,1,248428
7290110329273,false,יוגורט מחלב עיזים מלא תנובה 750 ג',תנובה,IL,יוגורט תנובה מחלב עי,,750.00,100 גרם,false,,21.90,0.0292,true,1,248429
7290110329303,false,פרוסות צהובה 200 גרם אלטרנטיב אלטרנטיב,תנובה Alternative,IL,פרוסות בטעם גבינה צה,,200.00,,false,,21.90,0.1095,true,1,248431
7290110329426,false,טופו טבעי 250 גרם עם קרם קוקוס קארי,תנובה,IL,טופו טבעי עם רוטב קר,,250.00,,false,,13.90,0.0556,true,1,251250
7290110329686,false,"משקה חלב בטעם עוגיות 340 מ""ל GO",מיוצר עי קונדיטוריית,IL,משקה חלב גו בטעם עוג,,340.00,,false,,8.30,0.0244,true,1,249461
7290110329709,false,יוגורט ביו 0% 200 ג' תנובה,מיוצר עי קונדיטוריית,IL,יוגורט טבעי 0% תנובה,,200.00,100 גרם,false,,3.20,0.0160,true,1,249536
7290110329730,false,"משקה חלב עם שוקולד וקפה בסגנון לאטה 2.7%  230 מ""ל תנובה",תנובה מרכז שיתופי לש,IL,משקה חלב עם שוקולד ו,,230.00,,false,,7.90,0.0343,true,1,251143
7290110329792,false,יוגורט סויה BIO Alternative אפרסק 150 ג' תנובה,מיוצר עי קונדיטוריית,IL,סויה ביו אפרסק 150 ג,,150.00,100 גרם,false,,5.00,0.0333,true,1,249995
7290110329808,false,יוגורט סויה BIO Alternative תות 150 ג' תנובה,מיוצר עי קונדיטוריית,IL,סויה ביו תות 150 ג א,,150.00,100 גרם,false,,5.00,0.0333,true,1,249991
7290110329815,false,סויה BIO מתיקות מעודנת גביע 150 גרם אלטרנטיב,מיוצר עי קונדיטוריית,IL,סויה ביו מתיקות מעוד,,150.00,100 גרם,false,,5.00,0.0333,true,1,249992
7290110329822,false,יוגורט סויה BIO Alternative פירות יער 150 ג' תנובה,מיוצר עי קונדיטוריית,IL,סויה ביו פירות יער ג,,150.00,100 גרם,false,,5.00,0.0333,true,1,249993
7290110329846,false,יוגורט סויה BIO Alternative בטעם טבעי 150 ג' תנובה,תנובה Alternative,IL,סויה ביו טבעי 150 גר,,150.00,100 גרם,false,,5.00,0.0333,true,1,249997
7290110550363,false,פריכיות משולשות קינואה ומלח ים 65 גרם,Unknown,,פרכיות משולשות קינוא,,65.00,,false,,10.90,0.1677,true,1,250157
7290110550394,false,שוקולד PERFECT BITE קרם אגוזים ושברי אגוזים 234 ג' עלית,"שטראוס גרופ בע""מ",IL,חטיפי שוקולד פרפקט ב,,234.00,100 גרם,false,,21.90,0.0936,true,1,249197
7290110552121,false,יוגורט בתוספת סידן וויטמין ד 100 ג' דנונה,תנובה מרכז שיתופי לש,IL,היוגורט הראשון שלי 1,,100.00,100 גרם,false,,2.70,0.0270,true,1,251183
7290110552220,false,יוגורט PRO בטעם תות 0% סוכר לבן 20 גרם חלבון בגביע,"שטראוס בריאות בע""מ",IL,דנונה פרו 20 גרם חלב,,200.00,100 גרם,false,,6.80,0.0340,true,1,249955
7290110552237,false,יוגורט פרו בטעם אפרסק מנגו ללא סוכר 200 ג' דנונה,"שטראוס בריאות בע""מ",IL,דנונה פרו 20 גרם חלב,,200.00,100 גרם,false,,6.80,0.0340,true,1,249956
7290110552817,false,עלית - צנצנת מאסט בטעם גלידה לימון,STRAUSS-ISRAEL,,מסטיק מאסט קוביות גל,,58.00,,false,,9.90,0.1707,true,1,251523
7290110553173,false,אנרג'י - פריכיות בטעם קרמל 40 גרם,סאנורייס בלגיום,IL,פריכיות אנרגי בטעם כ,,40.00,100 גרם,false,,7.50,0.1875,true,1,252173
7290110553180,false,אנרג'י - פריכיות בטעם תפוח קינמון 40 גרם,סאנורייס בלגיום,IL,פריכיות אנרגי בטעם ת,,40.00,100 גרם,false,,7.50,0.1875,true,1,252174
7290110553623,false,צ'יטוס קראנצ'י בטעם צ'דר חלפיניו - חלבי,"שטראוס פריטו ליי בע""",IL,ציטוס קראנץ צ'דר חלפ,,80.00,100 גרם,false,,4.80,0.0600,true,1,251597
7290110554262,false,חלבית מלבין קפה חלבי 350 ג' עלית,עלית,,מלבין קפה חלבית 350,,350.00,,false,,22.90,0.0654,true,1,250396
7290110554422,false,רוטב עגבניות ופלפלים לשקשוקה 350 גר' יד מרדכי,אימילאנה,IT,רוטב עגבניות ופלפלים,,350.00,100 גרם,false,,13.90,0.0397,true,1,250164
7290110554514,false,עלית - קפה טורקי אתיופי 100 גרם,שטראוס קפה בי.וי,IL,קפה טורקי אתיופי 100,,100.00,100 גרם,false,,8.90,0.0890,true,1,251530
7290110554583,false,מארז חטיפי צ'יטוס פאפס בטעם גבינה - 10 יחידות,שטראוס,IL,מארז ציטוס PUFFS בטע,,200.00,100 גרם,false,,14.50,0.0725,true,1,249896
7290110555597,false,קקאו פרימיום בקופסא,,,קקאו פרימיום בקופסא,,250.00,,false,,24.90,0.0996,true,1,253521
7290110555665,false,קקאו דל שומן קופסא 220 ג' עלית,,,קקאו דל שומן עלית בק,,220.00,100 גרם,false,,19.90,0.0905,true,1,252496
7290110556242,false,"שוקולד מריר פרווה 100 גר' בד""ץ תוצרת חוץ","שטראוס גרופ בע""מ.",IL,שוקולד מריר פרווה בד,,100.00,100 גרם,false,,6.50,0.0650,true,1,252175
7290110557027,false,חומוס עשיר 50% טחינה גולמית 400 ג' אחלה,מיוצר עי קונדיטוריית,IL,חומוס 50% טחינה 400,,400.00,100 גרם,false,,13.90,0.0348,true,1,249519
7290110557102,false,מעדן חלב עם שוקולד מועשר בחלבון 150 ג' שטראוס,מיוצר עי קונדיטוריית,IL,מעדן חלב עם שוקולד 1,,150.00,100 גרם,false,,5.70,0.0380,true,1,248866
7290110557133,false,מעדן הגולן וניל 125 ג' שטראוס,מיוצר עי קונדיטוריית,IL,מעדן הגולן וניל 125,,125.00,100 גרם,false,,3.20,0.0256,true,1,249402
7290110557317,false,יוגורט בתוספת סידן וויטמין ד עם שיבולת שועל 100 ג' דנונה,תנובה מרכז שיתופי לש,IL,היוגורט הראשון שלי ש,,100.00,100 גרם,false,,2.70,0.0270,true,1,251184
7290110557478,false,חומוס גלילי במרקם מעודן 600 גרם,שטראוס,IL,אחלה חומוס גלילי 600,,600.00,100 גרם,false,,12.90,0.0215,true,1,250989
7290110558130,false,אקטיביה עם שיבולת שועל ודבש 150 ג' דנונה,"שטראוס בריאות בע""מ",IL,אקטיביה עם שיבולת שו,,150.00,100 גרם,false,,5.10,0.0340,true,1,251505
7290110558253,false,"דנונה ריפרש בננה אננס וצ`יה, 250 גרם","שטראוס בריאות בע""מ",IL,דנונה ריפרש עם אננס,,250.00,,false,,6.30,0.0252,true,1,251506
7290110558307,false,יוגורט דנונה PRO עם שיבולת שועל במתיקות מעודנת,"שטראוס בריאות בע""מ",IL,דנונה פרו עם שיבולת,,200.00,,false,,6.90,0.0345,true,1,250904
7290110558338,false,יוגורט PRO בטעם מתיקות מעודנת 1.5% שומן,"שטראוס בריאות בע""מ",IL,דנונה פרו 25 גרם חלב,,200.00,,false,,6.80,0.0340,true,1,251182
7290110560324,false,"הפריכיות הטעימות תפו""א, אורז, אפונה ומלח ים","פרח תעשיו מזון בע""מ",IL,פריכיות משולשות-אפונ,,30.00,100 גרם,false,,5.90,0.1967,true,1,225826
7290110561352,false,דנונה יוגורט ביו פרוביוטי 3% דל לקטוז 150ג',"שטראוס בריאות בע""מ",IL,דנונה דל לקטוז 200 ג,,200.00,,false,,3.90,0.0195,true,1,224007
7290110561604,false,מארז 8 יחידות מעדן גמדים בטעם תות בננה,שטראוס,IL,גמדים תות בננה מעורב,,800.00,,false,,20.90,0.0261,true,1,223019
7290110563448,false,"משקה קפה קר בסגנון מעודן 230 מ""ל 1.6% יוטבתה",האי נאם סי או אל.טי.,AT,משקה קפה קר בסיגנון,,230.00,100 גרם,false,,8.50,0.0370,true,1,226184
7290110563462,false,חלב בבקבוק נטול לקטוז 2% יטבתה 1 ל',מחלבת יטבתה,IL,חלב 2% בבקבוק נטול ל,,1000.00,,false,,9.50,0.0095,true,1,226497
7290110564339,false,חומוס אחלה הסידרה המובחר 30% טחינה 400 גר',מיוצר עי קונדיטוריית,IL,חומוס אבי עשיר ב30%,,400.00,100 גרם,false,,13.90,0.0348,true,1,223025
7290110564360,false,חומוס אחלה הסידרה המובחר 40% טחינה 400 גר',מיוצר עי קונדיטוריית,IL,חומוס אבי עשיר ב40%,,400.00,100 גרם,false,,13.90,0.0348,true,1,223026
7290110564414,false,חומוס אחלה הסידרה המובחר 30% טחינה 600 גר',מיוצר עי קונדיטוריית,IL,חומוס עשיר ב 30% טחי,,600.00,100 גרם,false,,15.90,0.0265,true,1,244411
7290110564742,false,"משקה קפה קר בסגנון חזק 230 מ""ל 1.2% יוטבתה",האי נאם סי או אל.טי.,AT,משקה קפה קר בסיגנון,,230.00,100 גרם,false,,8.50,0.0370,true,1,226185
7290110565435,false,ג'לי לימבו פטל חלבי שטראוס 125ג',STRAUSS-ISRAEL,,לימבו פטל חלבי 125גר,,125.00,100 גרם,false,,2.30,0.0184,true,1,222671
7290110565527,false,יוגורט PRO פרו 1.5% 20 גרם חלבון בגביע,"שטראוס בריאות בע""מ",IL,דנונה פרו 20 גרם חלב,,200.00,100 גרם,false,,6.80,0.0340,true,1,222254
7290110566975,false,דנונה פרו יוגורט 0% תות עשיר בחלבון 200ג',"שטראוס בריאות בע""מ",IL,דנונה פרו 20 גרם חלב,,200.00,100 גרם,false,,6.80,0.0340,true,1,224008
7290110568238,false,"קצפת צמחית 21% שומן 250 מ""ל יוטבתה",מחלבת יטבתה,IL,קצפת צמחית 21% שומן,,250.00,,false,,8.90,0.0356,true,1,224712
7290110568559,false,דוריטוס עלית מארז חמוץ חריף 10 יח' *25 ג',שטראוס פריטוליי,IL,דוריטוס בטעם טבעי מא,,250.00,100 גרם,false,,16.80,0.0672,true,1,224677
7290110568566,false,דוריטוס גריל עלית מארז 10 יח' *25 ג',שטראוס גרופ,IL,דוריטוס חמוץ חריף מא,,250.00,100 גרם,false,,16.80,0.0672,true,1,224678
7290110568627,false,עלית - פסק זמן רול שוקולד חלב עם קרם אגוזים 26 גרם,STRAUSS-ISRAEL,,פסק זמן רול שוקולד ח,,28.00,100 גרם,false,,4.90,0.1750,true,1,243580
7290110568924,false,עלית - פסק זמן רול שוקולד חלב עם קרם חלב וקוקוס 26 גרם,STRAUSS-ISRAEL,,פסק זמן רול שוקולד ח,,26.00,,false,,4.90,0.1885,true,1,243581
7290110571375,false,"אנרג'י מיקס תערובת צימוקים, תמרים, טופי ושברי פקאן",אנרג'י Energy - שטראוס,,אנרג'י מיקס צימוקים,,100.00,100 גרם,false,,17.90,0.1790,true,1,251854
7290110571382,false,מעדן חלב בטעם וניל מעושר בחלבון 150 ג' שטראוס,"שטראוס בריאות בע""מ",IL,מעדן חלב בטעם וניל 1,,150.00,100 גרם,false,,5.70,0.0380,true,1,250806
7290110571474,false,רבע לשבע טבעוני פופקורן 125 ג' עלית,הגביע מוצרי וופלים ב,IL,רבע לשבע טבעוני פופק,,125.00,100 גרם,false,,11.90,0.0952,true,1,251527
7290110572129,false,כיף כף מקלות שוקולד לבן 40 ג' עלית,עלית,,כיף כיף מקלות שוקולד,,40.00,100 גרם,false,,6.30,0.1575,true,1,252464
7290110572884,false,"קפסולות קפה מספר 20 למכונת אספרס אספרסו, 50 גרם",שטראוס קפה בי.וי.,IL,קפסולות קפה נספרסו 2,יחידה,0.00,יחידה,false,,18.90,0.0000,true,1,252498
7290110572969,false,כיף כף פצפצים עקרם לבן 40ג' עלית,שולן צ'יקולטה גידה ס,TR,כיף כף פצפצים קרם לב,,40.00,100 גרם,false,,6.30,0.1575,true,1,251848
7290110574413,false,עלית - פופקורן בטעם טעמי 70 גרם,סראנו עבור שטראוס,קפריסין,פופקורן בטעם טעמי על,,70.00,100 גרם,false,,8.50,0.1214,true,1,252465
7290110576318,false,מאגדת שלישיית שוקולד אגוז לבן 300 ג' עלית,עלית,FR,מארז שלישייה שוקולד,,300.00,100 גרם,false,,24.90,0.0830,true,1,252178
7290110576370,false,מארז שלישייה שוקולד מריר חלבי עם אגוזי לוז,עלית,FR,מארז שלישייה שוקולד,,300.00,,false,,24.90,0.0830,true,1,252179
7290110576752,false,טבלאות שוקולד ספלנדיד מריר 70% 100 ג' עלית,קימ'ס גריפלנן,BE,שוקולד ספלנדיד 70% מ,,100.00,100 גרם,false,,10.90,0.1090,true,1,252467
7290110576776,false,טבלאות שוקולד ספלנדיד מריר 85% 100 ג' עלית,קימ'ס גריפלנן,BE,שוקולד ספלנדיד 85% מ,,100.00,100 גרם,false,,10.90,0.1090,true,1,252468
7290110577629,false,עלית - רבע לשבע טבעוני טורטית 125 גרם,הגביע מוצרי וופלים ב,IL,רבע לשבע טבעוני טורט,,125.00,100 גרם,false,,12.90,0.1032,true,1,253516
7290110577636,false,עלית - רבע לשבע טבעוני חמאת בוטנים 125 גרם,הגביע מוצרי וופלים ב,IL,רבע לשבע טבעוני חמאת,,125.00,,false,,11.90,0.0952,true,1,253517
7290110578398,false,צנצנת מנטה עדינה בנגיעות אלוורה 66 ג' עלית,אסקום קונפקשיין,DE,צנצנת מנטה עדינה בנג,,66.00,,false,,10.90,0.1652,true,1,253518
7290111010194,false,מגבוני תינוקות בייבי,,,מגבוני תינוקות בייבי,יחידה,0.00,יחידה,false,,11.90,0.0000,true,1,226671
7290111010200,false,תיק רב סל,,,תיק רב סל,יחידה,0.00,יחידה,false,,4.90,0.0000,true,1,226471
7290111010248,false,"שמן זית בורגתא 750מ""",Unknown,,"שמן זית בורגתא 750מ""",,750.00,,false,,29.90,0.0399,true,1,227621
7290111010262,false,מגבות נייר פייפר טאו,Unknown,,מגבות נייר פייפר טאו,יחידה,0.00,יחידה,false,,11.90,0.0000,true,1,235141
7290111010279,false,מגבונים לניקוי כללי,,,מגבונים לניקוי כללי,יחידה,0.00,יחידה,false,,10.00,0.0000,true,1,235921
7290111010293,false,נייר טואלט טוטו 48 ג,,,נייר טואלט טוטו 48 ג,,48.00,,false,,32.90,0.6854,true,1,242848
7290111010323,false,פפריקה מתוקה בשמן סו,,,פפריקה מתוקה בשמן סו,,400.00,100 גרם,false,,19.90,0.0497,true,1,243417
7290111010330,false,מגבונים להסרת איפור,,,מגבונים להסרת איפור,יחידה,0.00,יחידה,false,,7.90,0.0000,true,1,244675
7290111010378,false,מגבות נייר טוטו 8יח,,,מגבות נייר טוטו 8יח,יחידה,0.00,יחידה,false,,12.90,0.0000,true,1,248559
7290111010439,false,יין פרינס רויאל גוור,,,יין פרינס רויאל גוור,,750.00,100 גרם,false,,39.90,0.0532,true,1,246530
7290111010491,false,אקונומיקה 4 ליטר סן,,,אקונומיקה 4 ליטר סן,,4000.00,100 גרם,false,,14.90,0.0037,true,1,251617
7290111010507,false,נוזל כלים 18% תפוח 1,,,נוזל כלים 18% תפוח 1,,1600.00,100 גרם,false,,11.90,0.0074,true,1,251638
7290111010514,false,נוזל כלים 18% לימון,,,נוזל כלים 18% לימון,,1600.00,100 גרם,false,,11.90,0.0074,true,1,251639
7290111010545,false,כמון סולטנה 400גר,,,כמון סולטנה 400גר,,400.00,100 גרם,false,,19.90,0.0497,true,1,252228
7290111010569,false,פפריקה מתוקה סולטנה,,,פפריקה מתוקה סולטנה,,400.00,100 גרם,false,,19.90,0.0497,true,1,252229
7290111010576,false,מגבות נייר כפול טוטו,,,מגבות נייר כפול טוטו,יחידה,0.00,יחידה,false,,19.90,0.0000,true,1,249542
7290111010583,false,נייר טואלט טוטו דו ש,,,נייר טואלט טוטו דו ש,יחידה,0.00,יחידה,false,,32.90,0.0000,true,1,249543
7290111010590,false,תמרים מלך המגהול 1קג,,,תמרים מלך המגהול 1קג,,1000.00,,false,,19.90,0.0199,true,1,249209
7290111010613,false,"שמן זית בשן 750מ""ל",,,"שמן זית בשן 750מ""ל",,750.00,100 גרם,false,,29.90,0.0399,true,1,249580
7290111010668,false,יין לוטן בלנד אדום75,,,יין לוטן בלנד אדום75,,750.00,100 גרם,false,,29.90,0.0399,true,1,250360
7290111010675,false,יין לוטן לבן חצי יבש,,,יין לוטן לבן חצי יבש,,750.00,100 גרם,false,,29.90,0.0399,true,1,250361
7290111010682,false,יין לוטן שיראז קברנה,,,יין לוטן שיראז קברנה,,750.00,100 גרם,false,,29.90,0.0399,true,1,250362
7290111010699,false,יין יערה קברנה סובינ,,,יין יערה קברנה סובינ,,750.00,100 גרם,false,,29.90,0.0399,true,1,250363
7290111010705,false,יין יערה אמרלד ריזלי,,,יין יערה אמרלד ריזלי,,750.00,,false,,29.90,0.0399,true,1,250364
7290111010712,false,יין יערה שיראז קברנה,,,יין יערה שיראז קברנה,,750.00,100 גרם,false,,29.90,0.0399,true,1,250365
7290111010736,false,יין קברנה סוביניון ש,,,יין קברנה סוביניון ש,,750.00,,false,,29.90,0.0399,true,1,250592
7290111010743,false,יין מרלו שאטו רפאלו,,,יין מרלו שאטו רפאלו,,750.00,100 גרם,false,,29.90,0.0399,true,1,250593
7290111010750,false,יין ריזלינג/שרדונה ש,,,יין ריזלינג/שרדונה ש,,750.00,100 גרם,false,,29.90,0.0399,true,1,250594
7290111010767,false,אקונומיקה סן רמו מבו,,,אקונומיקה סן רמו מבו,,4000.00,100 גרם,false,,14.90,0.0037,true,1,251618
7290111010774,false,מרכך כביסה בייבי פרש,,,מרכך כביסה בייבי פרש,,4000.00,100 גרם,false,,16.90,0.0042,true,1,251619
7290111010781,false,מרכך כביסה פרש מונקו,,,מרכך כביסה פרש מונקו,,4000.00,100 גרם,false,,16.90,0.0042,true,1,251620
7290111010798,false,מרכך כביסה פרש אורנג,,,מרכך כביסה פרש אורנג,,4000.00,,false,,16.90,0.0042,true,1,251621
7290111010804,false,מרכך כביסה פרש לבנדר,,,מרכך כביסה פרש לבנדר,,4000.00,100 גרם,false,,16.90,0.0042,true,1,251622
7290111010811,false,מרכך כביסה פרש בליסי,,,מרכך כביסה פרש בליסי,,4000.00,100 גרם,false,,16.90,0.0042,true,1,251623
7290111010828,false,מרכך כביסה פרש לאונר,,,מרכך כביסה פרש לאונר,,4000.00,100 גרם,false,,16.90,0.0042,true,1,251624
7290111010842,false,מרכך כביסה בייבי פרש,,,מרכך כביסה בייבי פרש,,1000.00,100 גרם,false,,12.90,0.0129,true,1,251626
7290111010859,false,מרכך כביסה פרש מונקו,,,מרכך כביסה פרש מונקו,,1000.00,100 גרם,false,,12.90,0.0129,true,1,251627
7290111010866,false,מרכך כביסה פרש אורנג,,,מרכך כביסה פרש אורנג,,1000.00,100 גרם,false,,12.90,0.0129,true,1,251628
7290111010873,false,מרכך כביסה פרש לבנדר,,,מרכך כביסה פרש לבנדר,,1000.00,100 גרם,false,,12.90,0.0129,true,1,251629
7290111010880,false,מרכך כביסה פרש בליסי,,,מרכך כביסה פרש בליסי,,1000.00,100 גרם,false,,12.90,0.0129,true,1,251630
7290111010897,false,מרכך כביסה פרש לאונר,,,מרכך כביסה פרש לאונר,,1000.00,100 גרם,false,,12.90,0.0129,true,1,251631
7290111010903,false,מרכך כביסה פרש ונילה,,,מרכך כביסה פרש ונילה,,1000.00,100 גרם,false,,12.90,0.0129,true,1,251632
7290111010910,false,נוזל רצפות מרוכז מאס,,,נוזל רצפות מרוכז מאס,,2000.00,100 גרם,false,,16.90,0.0084,true,1,251633
7290111010934,false,נוזל רצפות מרוכז ספא,,,נוזל רצפות מרוכז ספא,,2000.00,100 גרם,false,,16.90,0.0084,true,1,251635
7290111010941,false,נוזל רצפות מרוכז לבנ,,,נוזל רצפות מרוכז לבנ,,2000.00,100 גרם,false,,16.90,0.0084,true,1,251636
7290111010958,false,נוזל רצפות מרוכז בית,,,נוזל רצפות מרוכז בית,,2000.00,,false,,16.90,0.0084,true,1,251637
7290111010965,false,נוזל רצפות לבנדר 4 ל,,,נוזל רצפות לבנדר 4 ל,,4000.00,100 גרם,false,,12.90,0.0032,true,1,251640
7290111010972,false,נוזל רצפות מאסק 4 לי,,,נוזל רצפות מאסק 4 לי,,4000.00,100 גרם,false,,12.90,0.0032,true,1,251641
7290111010989,false,נוזל רצפות מרענן 4 ל,,,נוזל רצפות מרענן 4 ל,,4000.00,100 גרם,false,,12.90,0.0032,true,1,251642
7290111010996,false,תמר מלך המגהול גולד,,,תמר מלך המגהול גולד,,500.00,,false,,19.90,0.0398,true,1,251109
7290111011023,false,שמן זית כתית מעולה צ,,,שמן זית כתית מעולה צ,,750.00,100 גרם,false,,29.90,0.0399,true,1,251571
7290111011030,false,ממחטות טו טו סופט 10,,,ממחטות טו טו סופט 10,יחידה,0.00,יחידה,false,,9.90,0.0000,true,1,253452
7290111011085,false,מטליות לחות לרצפה לב,,,מטליות לחות לרצפה לב,יחידה,0.00,יחידה,false,,10.90,0.0000,true,1,252326
7290111011092,false,מטליות לחות לרצפה מר,,,מטליות לחות לרצפה מר,יחידה,0.00,יחידה,false,,10.90,0.0000,true,1,252327
7290111012099,false,גריל עוף סולטנה 400ג,,,גריל עוף סולטנה 400ג,,400.00,100 גרם,false,,19.90,0.0497,true,1,253231
7290111091513,false,קוויק XLלניקוי שירותים ואמבטיה - בריח לוונדר 40 יח,קוויק,,קוויק מטליות XL לאמב,יחידה,0.00,יחידה,false,,8.90,0.0000,true,1,221206
7290111092985,false,מגב'וני ביביסיטר רבעיה מהדורה מעוצבת,,,מגבוני בייביסיטר מהד,יחידה,0.00,יחידה,false,,15.90,0.0000,true,1,251616
7290111093470,false,"קוויק מסיר הפלא ספוגית להסרת כתמים, 3 יחידות",,,קוויק ספוגית מסיר הפ,יחידה,0.00,יחידה,false,,10.90,0.0000,true,1,251925
7290111096921,false,מגבונים לניקוי כללי קוויק חומץ ומלח לימון 50 יחי',,,קוויק מגבונים לניקוי,יחידה,0.00,יחידה,false,,8.90,0.0000,true,1,249052
7290111097546,false,מגבונים ניקוי כללי למשטחים בניחוח מרכך כביסה 50 יח' קוויק,,,קוויק מגבונים לניקוי,יחידה,0.00,יחידה,false,,8.90,0.0000,true,1,250494
7290111097836,false,מגבונים דוחה אבק למשטחים בניחוח מרכך כביסה 50 יח' קוויק,,,קוויק מגבונים דוחה א,יחידה,0.00,יחידה,false,,8.90,0.0000,true,1,250495
7290111341991,false,מגבוני טואלט לח סופרים לילי 48 יח',עלבד,,ליל מגבוני נייר טואל,יחידה,0.00,יחידה,false,,8.90,0.0000,true,1,230420
7290111343841,false,ספוגית הקסם נירוסטה - מארז 3 יחידות,ניקול,CN,ספוגית הקסם נירוסטה,יחידה,0.00,יחידה,false,,10.90,0.0000,true,1,244953
7290111344503,false,חיתולי האגיס אקסטרה קייר מידה +4 36 יח',חוגלה קימברלי,IL,האגיס אקסטרא קייר מי,יחידה,0.00,יחידה,false,,47.90,0.0000,true,1,247161
7290111344831,false,קוטקס - מגיני יום אקסטרא פרוטקט נורמל ביג 60 יח',חוגלה קימברלי,CN,קוטקס מגן תחתון אקסט,יחידה,0.00,יחידה,false,,18.90,0.0000,true,1,250233
7290111344879,false,קוטקס - מגן תחתון 2 ב-1 לארג' 44 יח',,CN,קוטקס מגן תחתון 2 ב,יחידה,0.00,יחידה,false,,18.90,0.0000,true,1,250236
7290111345753,false,תחבושות נטורל דואו נורמל 24 יח' קוטקס,קריות זול,CN,קוטקס תחבושות כותנה,,24.00,,false,,18.90,0.7875,true,1,251772
7290111346125,false,מארז שלישייה מגבוני דיילי קר ללא בישום *56 יח' האגיס,קימברלי,IL,מגבוני האגיס דיילי ק,יחידה,0.00,יחידה,false,,18.90,0.0000,true,1,251757
7290111346132,false,מארז שלישייה מגבוני סנסטיב קר ללא בישום *56 יח' האגיס,עלבד,IL,מגבוני האגיס סנסטיב,יחידה,0.00,יחידה,false,,18.90,0.0000,true,1,251759
7290111346347,false,מגבוני אף אוריגינל סופט חמישיה קלינקס,קימברלי,IL,קלינקס טישו אוריגינל,יחידה,0.00,יחידה,false,,17.90,0.0000,true,1,252957
7290111346453,false,כריות קרצוף עם סיבי נירוסטה,,,כריות קרצוף עם סיבי,יחידה,0.00,יחידה,false,,10.90,0.0000,true,1,253289
7290111350726,false,נאצוס הופופ בטעם מקסיקני 322ג',הוט פופ Hot pop,US,נאצ׳וס בסגנון מקסיקנ,,322.00,,false,,15.90,0.0494,true,1,247896
7290111352966,false,יוגטה סוכריות ממולאות בטעם פירות 250 גרם ללא ג'לטין,סאדאט,TR,סוכריות גומי ממולאות,,250.00,100 גרם,false,,7.90,0.0316,true,1,244746
7290111353055,false,"גומי דובי 200 גר' וסטהיים (כש""לפ בית יוסף)",,,סוכריות גומי דובונים,,200.00,100 גרם,false,,8.90,0.0445,true,1,246222
7290111353109,false,"גומי נחש מבריק 200 גר' וסטהיים (כש""לפ בית יוסף).",,,סוכריות גומי נחשים מ,,200.00,100 גרם,false,,8.90,0.0445,true,1,246221
7290111534010,false,פס גבינה שמנת ופירורים 400 ג',קריניציה ויטמינה אס,IL,פס גבינה שמנת ופירור,,450.00,100 גרם,false,,39.90,0.0887,true,1,220062
7290111564277,false,פריכיות דקות ונימוחות 3 דגנים פיטנס Fitness,פרח תעשיות,IL,פריכיות 3 דגנים דקות,,120.00,100 גרם,false,,12.90,0.1075,true,1,221214
7290111564291,false,פריכיות דקות ונימוחות 3 דגנים וקינואה פיטנס Fitness,פרח תעשיות,IL,פריכיות דקות עם קינו,,120.00,100 גרם,false,,12.90,0.1075,true,1,221215
7290111564727,false,עוגיות אסם קרמוגית וקרם אגוזים אסם 200ג',מיוצר עי קונדיטוריית,IL,קרמוגית במילוי קרם א,,200.00,100 גרם,false,,13.50,0.0675,true,1,222363
7290111566127,false,מעדן אוראו קפוא בטעם וניל עם עוגיות בטעם שוקולד,ג'נרל מילס סאן אדריא,IT,מאגדת אוראו מיני סנד,,198.00,100 גרם,false,,25.90,0.1308,true,1,222937
7290111566271,false,טבעול חטיפי תירס 657 גר',עיצובים 2020 (4.8),IL,טבעול חטיפי תירס 657,,657.00,,false,,33.90,0.0516,true,1,222896
7290111566318,false,טבעול שניצל דק מן הצומח 564 גר',עיצובים 2020 (4.8),IL,טבעול שניצל דק מן הצ,,564.00,100 גרם,false,,36.90,0.0654,true,1,222897
7290111566547,false,טבעול חזה בגריל צמחוני 99 קלוריות 560ג',עיצובים 2020 (4.8),IL,טבעול חזה בגריל צמחו,,560.00,100 גרם,false,,36.90,0.0659,true,1,222908
7290111566752,false,טבעול שניצל תירס 99 קלוריות 693 גר',עיצובים 2020 (4.8),IL,טבעול שניצל תירס 99,,693.00,100 גרם,false,,36.90,0.0532,true,1,222903
7290111568206,false,"מיקס ביסלי, אפרופו ופיצוחים מתובלים",פרו מן יו פתרונות אר,IL,ביסלי פארטי מיקס אסם,,150.00,100 גרם,false,,9.50,0.0633,true,1,224234
7290111568466,false,רוטב אסייתי למוקפץ הסדרה האסייתית,אסיף תעשיות מזון בעמ,IL,רוטב אסייתי למוקפץ א,,290.00,,false,,17.40,0.0600,true,1,224042
7290111568961,false,בייגלה טבעות מלח 400 ג' אסם,אסם,IL,בייגלה טבעות מלח אסם,,400.00,100 גרם,false,,12.90,0.0323,true,1,224337
7290111930898,false,פוף כוכבים גריל אמריקאי 40 גר',פוף POOF,IL,חטיף פוף כוכבים גריל,,40.00,,false,,4.20,0.1050,true,1,221992
7290111930904,false,פוף כוכבים בצל 40 גר',פוף POOF,IL,חטיף פוף כוכבים בצל,,40.00,100 גרם,false,,4.20,0.1050,true,1,221993
7290111930911,false,פוף חטיף לבבות קלאסי 40 ג',פוף POOF,IL,חטיף פוף לבבות קלאסי,,40.00,,false,,4.20,0.1050,true,1,221994
7290111930928,false,פוף חטיף לבבות גריל 40 ג',פוף POOF,IL,חטיף פוף לבבות גריל,,40.00,,false,,4.20,0.1050,true,1,221995
7290111930935,false,פוף חטיף טבעות קלאסי 40 ג',פוף POOF,IL,חטיף פוף טבעות קלאסי,,40.00,100 גרם,false,,4.20,0.1050,true,1,221996
7290111932380,false,"מרידול משחת שיניים מארז 75X2מ""ל כשל""פ",,,מרידול מארז זוג משחו,,150.00,100 גרם,false,,29.90,0.1993,true,1,246665
7290111933554,false,עגבניות איטלקיות קוביות - מארז שלישיה,פראנו אנריקו ופיגלי,IT,עגבניות קוביות מאסטר,,1200.00,100 גרם,false,,16.90,0.0141,true,1,225631
7290111937248,false,פרי מארז חטיפי 5יח תמרים קשיו ונגיעת לוז 125ג',הדקלאים אגודת שיתופי,IL,פרי חטיפי תמרים קשיו,,125.00,100 גרם,false,,18.90,0.1512,true,1,226970
7290111938498,false,"מאסטר שף רוטב סויה בהירה 700 מ""ל",תאי סופרים,TH,רוטב סויה בהירה מאסט,,700.00,,false,,14.90,0.0213,true,1,243687
7290112000286,false,"סיליט באנג לשירותים לימון 750 מ""ל",סיליט באנג Cillit Bang,,סיליט באנג גל לניקוי,,750.00,,false,,9.90,0.0132,true,1,222625
7290112000293,false,"סיליט באנג ג'ל לחיטוי וניקוי האסלה פרש, 750 מ""ל",סיליט באנג Cillit Bang,,סיליט באנג גל לניקוי,,750.00,,false,,9.90,0.0132,true,1,222626
7290112000385,false,מנקה ומחטא עוצמתי למטבח ללא אקונומיקה,רקיט בנקיזר,PL,מנקה ומחטא למטבח 750,,750.00,,false,,14.90,0.0199,true,1,225545
7290112000842,false,דטול מגבונים לניקוי כללי בניחות לימון 60 יח',דטול Dettol,,מטליות לחות מנקה ומח,יחידה,0.00,יחידה,false,,14.90,0.0000,true,1,225547
7290112001870,false,"סיליט באנג ספריי ניקוי אמבטיה 750 מ""ל",רקיט בנקיזר,PL,סיליט באנג ספריי לני,,750.00,,false,,12.90,0.0172,true,1,235099
7290112002099,false,ג'ל כביסה מרוכז קולון 101 קלאסי,רקיט בנקיזר,IL,קולון גל מרוכז רגיל,ליטרים,2.50,ליטר,false,,24.90,9.9600,true,1,235280
7290112002129,false,ג'ל כביסה מרוכז קולון 101 בניחוח פריחה מרענן,קולון Colon,,קולון ג'ל מרוכז פריח,ליטרים,2.50,ליטר,false,,24.90,9.9600,true,1,235283
7290112003959,false,וניש מסיר כתמים אבקה לכביסה צבעונית 470 גרם,רקיט בנקיזר,IT,וניש מסיר כתמים אבקה,,470.00,100 גרם,false,,19.90,0.0423,true,1,248527
7290112004314,false,"דטול - תרסיס חיטוי וניקוי בניחוח לימון רימונים 750 מ""ל",,,דטול תרסיס מנקה ומחט,,750.00,100 גרם,false,,14.90,0.0199,true,1,248613
7290112004413,false,"אבקה מסיר כתמים לכביסה לבנה 750 מ""ל וניש",רקיט בנקיזר,PL,*מבצע* וניש ספריי לה,,750.00,,false,,17.90,0.0239,true,1,250896
7290112004703,false,ג'ל וניש שקוף לכביסה צבעונית ועדינה 750מל',,,ג'ל וניש מרוכז לכביס,,750.00,,false,,19.90,0.0265,true,1,252779
7290112004710,false,"ג'ל וניש שקוף לכביסה לבנה ועדינה 750 מ""ל",,,ג'ל וניש שקוף לכביסה,,750.00,,false,,19.90,0.0265,true,1,252781
7290112004970,false,פיניש אולטימייט 50 קפסולות גיל,,,פיניש אולטימייט טבלי,,50.00,,false,,59.90,1.1980,true,1,252382
7290112005045,false,וניש תוסף כביסה רב תכליתי לבגדים לבנים,קליה וניש Kalia Vanish,IT,וניש אבקה לכביסה לבנ,,480.00,100 גרם,false,,19.90,0.0415,true,1,251515
7290112005052,false,וניש תוסף כביסה רב תכליתי לבגדים לבנים,קליה וניש Kalia Vanish,IT,וניש אבקה לכביסה לבנ,,1500.00,100 גרם,false,,39.90,0.0266,true,1,251513
7290112005076,false,וניש תוסף כביסה רב תכליתי לכביסה צבעונית,קליה וניש Kalia Vanish,IT,וניש אבקה לכביסה צבע,,480.00,100 גרם,false,,19.90,0.0415,true,1,251516
7290112005083,false,וניש תוסף כביסה רב תכליתי לכביסה צבעונית,קליה וניש Kalia Vanish,IT,וניש אבקה לכביסה צבע,,1500.00,,false,,39.90,0.0266,true,1,251514
7290112330352,false,"יוגורט PRO בטעם וניל 0% , 20 גרם חלבון בגביע","שטראוס בריאות בע""מ",IL,דנונה פרו 20 גרם וני,,200.00,,false,,6.80,0.0340,true,1,226701
7290112330390,false,יוגורט PRO בטעם פירות יער 0% 20 גרם חלבון בגביע,"שטראוס בריאות בע""מ",IL,דנונה פרו 20 גרם פיר,,200.00,100 גרם,false,,6.80,0.0340,true,1,226702
7290112330420,false,דנונה פרו לבן 2.9% שומן 150 ג',מיוצר עי קונדיטוריית,IL,דנונה פרו לבן 150 ג,,150.00,100 גרם,false,,5.10,0.0340,true,1,226188
7290112332585,false,"פריכיות תפו""א, אורז בתיבול סלק ומלח חי 30 גר'","פרח תעשיו מזון בע""מ",IL,"פריכיות תפו""א/אורז/ב",,30.00,100 גרם,false,,5.90,0.1967,true,1,227239
7290112334305,false,סלט כרובית בטחינה אחלה 330 ג',STRAUSS-ISRAEL,IL,סלט כרובית בטחינה 33,,330.00,100 גרם,false,,16.90,0.0512,true,1,226180
7290112335487,false,פריכיות טעימות קצח ודגנים 135 ג' שטראוס,אנרג'י Energy - שטראוס,IL,פריכיות הטעימות קצח,,135.00,100 גרם,false,,14.30,0.1059,true,1,227245
7290112335494,false,הפריכיות הטעימות תפוחי אדמה בטעם פוטטוס,"פרח תעשיות מזון בע""מ",IL,פריכיות הטעימות פוטט,,135.00,,false,,14.30,0.1059,true,1,227236
7290112336613,false,עוגיות עד חצות סנדוויץ 135 ג' עלית,STRAUSS-ISRAEL,,עד חצות סנדוויץ עלית,,135.00,100 גרם,false,,11.90,0.0881,true,1,236014
7290112336637,false,סוכריות מאסט Must ללא סוכר יוגורט תות ואוכניות,MIESZKO S.A - MS. JO,PL,מאסט סוכריות יוגורט,,80.00,,false,,8.90,0.1113,true,1,235107
7290112336644,false,סוכריות מאסט ללא סוכר לימון 80 ג' עלית,MIESZKO S.A - MS. JO,PL,סוכריות ללס לימון 80,,80.00,,false,,8.90,0.1113,true,1,235108
7290112336712,false,יוגורט PRO לבן 0% 21 גרם חלבון בגביע,"שטראוס בריאות בע""מ",IL,דנונה פרו 21 גרם 0%,,200.00,100 גרם,false,,6.80,0.0340,true,1,226496
7290112337474,false,סוכריות מאסט ללא סוכר פטל לימון 80 ג' עלית,MIESZKO S.A - MS. JO,PL,סוכריות ללס פטל לימו,,80.00,,false,,8.90,0.1113,true,1,235109
7290112338877,false,מעדן גבינה בטעם תות 3% 125ג' סקי,"שטראוס בריאות בע""מ",IL,סקי תות 3% דנונה 125,,125.00,100 גרם,false,,4.20,0.0336,true,1,226013
7290112339362,false,דנונה לייט אנד פריי בטעם קפוצינו 150 גר',דנונה - שטראוס,IL,דנונה לייט אנד פרייי,,150.00,100 גרם,false,,4.80,0.0320,true,1,235406
7290112339867,false,גמדים לדרך גבינה לבנה עם מחית תות,שטראוס,IL,גמדים סקוויז תות 100,,100.00,100 גרם,false,,5.90,0.0590,true,1,226181
7290112339874,false,גמדים לדרך גבינה לבנה עם מחיות תות ובננה,שטראוס,IL,גמדים סקוויז תות בננ,,100.00,100 גרם,false,,5.90,0.0590,true,1,226182
7290112340122,false,הפריכיות הטעימות 3 דגנים 135 גרם.,אנרג'י Energy - שטראוס,IL,פריכיות הטעימות 3 דג,,135.00,100 גרם,false,,14.30,0.1059,true,1,227238
7290112340245,false,צנצנת מסטיק מאסט בטעם דובדבן 66 ג' עלית,"שטראוס גרופ בע""מ",IL,מסטיק מאסט דובדבן מג,,66.00,100 גרם,false,,10.90,0.1652,true,1,226626
7290112340252,false,צנצנת מסטיק מאסט בטעם אבטיח מלון 66 ג' עלית,"שטראוס גרופ בע""מ",IL,מסטיק מאסט אבטיח מלו,,66.00,100 גרם,false,,10.90,0.1652,true,1,226627
7290112341556,false,אקטיביה עם צ'יה ותות 150 ג' דנונה,דנונה - שטראוס,IL,אקטיביה צ'יה ותות 15,,150.00,100 גרם,false,,5.10,0.0340,true,1,235063
7290112341679,false,אקטיביה 3% שומן 200 ג' דנונה,מיוצר עי קונדיטוריית,IL,אקטיביה יוגורט 3% דנ,,150.00,,false,,4.20,0.0280,true,1,235064
7290112341686,false,מארז שמיניה אקטיביה 3% 150 ג',מיוצר עי קונדיטוריית,IL,אקטיביה 3% מארז שמינ,,1200.00,100 גרם,false,,22.50,0.0188,true,1,235068
7290112342102,false,סימפוניה גבינה במרקם שמנת בצל מקורמל 5%,"שטראוס בריאות בע""מ",IL,גבינת סימפוניה בצל מ,,200.00,100 גרם,false,,11.90,0.0595,true,1,242768
7290112342270,false,קפה פלטינום אינטנס מחוזק ב- 10% אספרסו,שטראוס קפה בי.וי,IL,קפה פלטינום אינטנס 1,,200.00,100 גרם,false,,18.90,0.0945,true,1,242488
7290112342508,false,דוריטוס קול ראנץ Cool Ranch,STRAUSS-ISRAEL,IL,דוריטוס קול ראנצ' 70,,70.00,100 גרם,false,,4.40,0.0629,true,1,235893
7290112343260,false,"יטבתה רוטב שמנת קלאסי 9% שומן 260 מ""ל",STRAUSS-ISRAEL,IL,רוטב שמנת קלאסי 9% י,,250.00,100 גרם,false,,11.90,0.0476,true,1,236036
7290112343420,false,"משקה חלב עם דגנים מלאים ובננה פרו יטבתה 350מ""ל",מחלבת יטבתה,IL,שייק פרו ארוחת בוקר,,350.00,100 גרם,false,,8.20,0.0234,true,1,236039
7290112343499,false,חטיף צ'יטוס פאפס אפוי בטעם גבינה,"שטראוס פריטו ליי בע""",IL,ציטוס פופס 55גרם,,55.00,100 גרם,false,,3.90,0.0709,true,1,249093
7290112344755,false,מילקי שוקולד 26% פחות סוכר 135 גרם,מיוצר עי קונדיטוריית,IL,מילקי עם 26% פחות סו,,135.00,100 גרם,false,,3.00,0.0222,true,1,246508
7290112344786,false,קפה פלטינום קלאסיק 200 ג' עלית,שטראוס קפה בי.וי.,IL,קפה פלטינום קלאסיק ע,,200.00,100 גרם,false,,29.90,0.1495,true,1,243796
7290112346537,false,עוגיות פינוקיות בטעם טורטית 200 ג' עלית,הגביע מוצרי ופלים בע,IL,עוגיות פינוקיות בטעם,,200.00,,false,,11.90,0.0595,true,1,236013
7290112346629,false,דנונה בר יוגורט+קורנפלקס מצופה שוקולד חלב ולבן 172 גרם,"שטראוס בריאות בע""מ",IL,דנונה עם קורנפלקס מצ,,172.00,100 גרם,false,,5.10,0.0297,true,1,244470
7290112346797,false,יוגורט אקטיביה עם שיבולת שועל ושזיף 2.5%,מיוצר עי קונדיטוריית,IL,אקטיביה שיבולת שועל,,150.00,100 גרם,false,,5.10,0.0340,true,1,243991
7290112347008,false,גמדים לדרך גבינה לבנה עם מחית תות ושיבולת שועל,מיוצר עי קונדיטוריית,IL,גמדים סקוויז ארוחת ב,,100.00,100 גרם,false,,5.90,0.0590,true,1,236040
7290112348142,false,שעועית לבנה 380 גר' בקופסה טעם הטבע,שטראוס טעם הטבע,,שעועית לבנה ט.הטבע ק,,380.00,100 גרם,false,,7.90,0.0208,true,1,244271
7290112348616,false,עלית - קפה נמס אגוזי לוז 100 גרם,עלית,,קפה נמס אגוזי לוז על,,100.00,,false,,15.90,0.1590,true,1,245969
7290112349606,false,מעדן גבינה ויוגורט תות בננה 88 ג' דניאלה,"שטראוס בריאות בע""מ",IL,דניאלה בטעם תות בננה,,88.00,100 גרם,false,,4.10,0.0466,true,1,249957
7290112349705,false,פומודורו רוטב עגבניות קלאסי לפסטה 350 גר' יד מרדכי,אמיליאנה קונסרב סוסי,IT,רוטב עגבניות קלאסי ל,,350.00,100 גרם,false,,13.90,0.0397,true,1,243170
7290112350589,false,אבקה להכנת משקה ציקוריה ציקו 65ג',עלית,IL,אבקה ציקו 65 גרם,,65.00,100 גרם,false,,11.90,0.1831,true,1,244772
7290112351104,false,שוקולד פרה ממולא פיצפוצי אורז 100 ג' עלית,STRAUSS-ISRAEL,IL,שוקולד פרה פיצפוצי א,,100.00,100 גרם,false,,6.50,0.0650,true,1,244206
7290112351128,false,שוקולד פרה סוכריות קופצות 100 ג' עלית,"שטראוס גרופ בע""מ",IL,שוקולד פרה סוכריות ק,,100.00,100 גרם,false,,6.50,0.0650,true,1,244763
7290112353412,false,"פריכיות משולשות תפו""א,תירס.אפונה,סלק ומלח 30 גר","פרח תעשיו מזון בע""מ",IL,פריכיות משולשות תפוא,,30.00,100 גרם,false,,5.90,0.1967,true,1,245574
7290112354204,false,ארוחה אישית ספגטי עגבניות,גסטרונומיה פרוסט אס.,IT,ספגטי עגבניות 280גרם,,280.00,,false,,22.90,0.0818,true,1,252700
7290112355027,false,יוגורט פרו בטעם קרמל מלוח 200 ג' דנונה,"שטראוס בריאות בע""מ",IL,דנונה פרו 20 בטעם קר,,200.00,100 גרם,false,,6.80,0.0340,true,1,246506
7290112355102,false,גמדים פאוץ סלט פירות 100 ג' שטראוס,"שטראוס בריאות בע""מ",IL,גמדים סקוויז סלט פיר,,100.00,100 גרם,false,,5.90,0.0590,true,1,247072
7290112355812,false,מעדן מילקי עם טופ קורנפלקס מצופה שוקולד,"שטראוס גרופ בע""מ",IL,מילקי טופ קורנפלקס 1,,141.00,100 גרם,false,,5.10,0.0362,true,1,251511
7290112356536,false,אבקת קקאו עלית 150+10% גר',הנסיך- מפעל לייצור ט,IL,קקאו עלית 150 גרם+10,,150.00,,false,,10.90,0.0727,true,1,244774
7290112357045,false,עגבניות איטלקיות מרוסקות 390 גר' בקופסה טעם הטבע,שטראוס טעם הטבע,IT,עגבניות איטלקיות מרו,,390.00,100 גרם,false,,7.90,0.0203,true,1,244268
7290112357069,false,מחית עגבניות איטלקיות בקופסה 500 גר' טעם הטבע,שטראוס טעם הטבע,IT,מחית עגבניות איטלקיו,,500.00,100 גרם,false,,8.50,0.0170,true,1,244267
7290112357083,false,אפונת גינה טעם הטבע 380 גר' בקופסה,שטראוס טעם הטבע,,אפונת גינה ט.הטבע קו,,380.00,100 גרם,false,,7.90,0.0208,true,1,244270
7290112357106,false,שעועית אדומה 380 גר' בקופסה טעם הטבע,שטראוס טעם הטבע,,שעועית אדומה ט.הטבע,,380.00,100 גרם,false,,7.90,0.0208,true,1,244272
7290112357113,false,גרגרי חומוס בקופסה 380 גר' טעם הטבע,שטראוס טעם הטבע,IT,גרגרי חומוס 380 ט.הט,,380.00,,false,,7.90,0.0208,true,1,244266
7290112358257,false,רוטב לעוף עם שזיפים יד מרדכי 300 גר',יד מרדכי,,רוטב לעוף עם שזיפים,,300.00,,false,,14.90,0.0497,true,1,244211
7290112358431,false,עד חצות דאבל ביסקוויט עם שוקולד חלב -8 אריזות אישיות,הדקלאים אגודת שיתופי,FR,עד חצות ביסקוויט דאב,,200.00,,false,,14.90,0.0745,true,1,247681
7290112359353,false,קפה טורקי קלוי וטחון אלדין,STRAUSS-ISRAEL,IL,אלדין קפה טורקי 200ג,,200.00,100 גרם,false,,18.90,0.0945,true,1,250560
7290112415400,false,עוגיות אלפחורס קפולסקי 280 גר',קפולסקי אדל בעמ,IL,עוגיות אלפאחורס 280ג,,280.00,100 גרם,false,,29.90,0.1068,true,1,242794
7290112490117,false,טבלת קליק XL אגוז וופל 85 ג' ורד הגליל,יוניליוור ישראל מזון,IL,קליק שוקולד וופל ואג,,85.00,100 גרם,false,,6.90,0.0812,true,1,225401
7290112490674,false,קונפיטורת דובדבן 340 גר' 778 כשלפ,אתר חיפה 778,BE,קונפיטורה 778 דובדבן,,340.00,100 גרם,false,,14.90,0.0438,true,1,225382
7290112490742,false,מרק עשיר פטריות עם גריסים רכיבים טבעיים 104 ג' קנור,יוניליוור,IL,מרק עשיר פטריות גריס,,104.00,,false,,12.90,0.1240,true,1,225354
7290112490759,false,מרק עשיר עוף עם אטריות רכיבים טבעיים 74 ג' קנור,יוניליוור,IL,מרק עשיר עוף איטריות,,74.00,100 גרם,false,,12.90,0.1743,true,1,225355
7290112490827,false,"תרסיס למייבש כביסה בייבי 500 מ""ל בדין","זוהר דליה, קיבוץ דלי",IL,בדין תרסיס בייבי למי,,500.00,,false,,19.90,0.0398,true,1,225361
7290112492548,false,"פינוק - מרכך לשיער יבש 700 מ""ל",יוניליוור,IL,פינוק מרכך לשיער יבש,,700.00,,false,,13.90,0.0199,true,1,235860
7290112492982,false,"אבקת מרק פטריות כשל""פ 100% רכיבים טבעיים 400 גרם",יוניליוור ישראל מזון,IL,קנור א.מרק פטריות רכ,,400.00,100 גרם,false,,22.90,0.0572,true,1,235857
7290112492999,false,מרק בטעם עוף קנור 400 ג' צנצנת,יוניליוור ישראל מזון,IL,"מרק טעם עוף קנור בד""",,400.00,100 גרם,false,,15.90,0.0398,true,1,235952
7290112493088,false,נמס בכוס עדשים מרק רכיבים טבעיים קנור 54 ג',יוניליוור,IL,נמס בכוס קנור עדשים,,54.00,100 גרם,false,,6.90,0.1278,true,1,227669
7290112493095,false,נמס בכוס מרק עגבניות חריף רכיבים טבעיים קנור 48 ג',יוניליוור,IL,נמס בכוס קנורעגבניות,,48.00,100 גרם,false,,6.90,0.1438,true,1,227670
7290112493316,false,מרק אפונה רכיבים טבעיים 117 ג' קנור,יוניליוור,IL,מרק היום אפונה 100%,,117.00,100 גרם,false,,12.90,0.1103,true,1,227672
7290112493927,false,גלידה בטעם ריבת חלב 1.33ל' קרמיסימו,"גלידת שטראוס בע""מ, ר",IL,קרמיסימו רית חלב 1.3,,1300.00,,false,,21.90,0.0168,true,1,235870
7290112493934,false,גלידה וניל צרפתי 1.33ל' קרמיסימו,"גלידת שטראוס בע""מ, ר",IL,קרמיסימו וניל 1.33 ל,,1330.00,,false,,21.90,0.0165,true,1,235871
7290112494313,false,קליק - קורנפלקס תפזורת 65 גרם,יוניליוור ישראל מזון,IL,קליק קורנפלקס תפזורת,,65.00,100 גרם,false,,6.90,0.1062,true,1,235430
7290112494801,false,ג'ל לכביסה לבנה וצבעונית ורוד 2.5 ל' בדין,זוהר דליה,IL,בדין גל כביסה לבנה ו,ליטרים,2.50,ליטר,false,,32.90,13.1600,true,1,235955
7290112494993,false,דגני בוקר וניל 686ג' כריות,יוניליוור שפע ישראל,IL,כריות וניל תלמה 686,,686.00,100 גרם,false,,26.90,0.0392,true,1,235412
7290112495174,false,נשנושים קוקטייל שומשום 300ג' ב.בייגל,בייגל את בייגל מזון,IL,קוקטייל שומשום 300גר,,300.00,,false,,13.90,0.0463,true,1,235422
7290112495433,false,דגני דליפקאן תוספת אגוזי פקאן ושקדים 400 גר,יוניליור שפע ישראל ב,IL,דליפקאן בתוספת אגוזי,,400.00,100 גרם,false,,22.90,0.0572,true,1,230824
7290112496027,false,"סירופ שוקולד 580 מ""ל אפיכל",יוניליוור ישראל מזון,IL,אפיכל סירופ שוקולד 5,,580.00,100 גרם,false,,14.90,0.0257,true,1,242907
7290112499189,false,"גלידת קרמיסימו חד קרן וניל תות, 1.33 ליטר","גלידת שטראוס בע""מ, ר",IL,קרמיסימו חד קרן 1.33,,1330.00,,false,,21.90,0.0165,true,1,251611
7290112499493,false,"רקסונה - דאודורנט ספריי לאישה אלוורה 150 מ""ל",,,רקסונה דאו אלוורה 15,,150.00,100 גרם,false,,14.90,0.0993,true,1,250376
7290112700407,false,נר גדול מנצנץ זהב ענ,,,נר גדול מנצנץ זהב ענ,יחידה,0.00,יחידה,false,,8.90,0.0000,true,1,224707
7290112960115,false,אסם שקדי מרק 30% קמח חיטה מלא 12*350גרם,אסם,IL,שקדי מרק 30% קמח חיט,,350.00,100 גרם,false,,14.90,0.0426,true,1,224934
7290112961266,false,בייגלה כפיות פיזור איטלקי 300 ג' אסם,Unknown,IL,בייגלה כפיות פיוזור,,300.00,100 גרם,false,,12.90,0.0430,true,1,226598
7290112961372,false,פיטנס חטיפי פריכיות דגנים עם קינמון,"פרח תעשיות מזון בע""מ",IL,פיטנס חטיפי פריכיות,,60.00,100 גרם,false,,9.60,0.1600,true,1,226277
7290112961464,false,פיטנס חטיפי פריכיות דגנים וחומוס מתובלות,"פרח תעשיות מזון בע""מ",IL,פיטנס חטיפי פריכיות,,60.00,100 גרם,false,,9.60,0.1600,true,1,226278
7290112963321,false,בייגלה שטוח ללא גלוטן 300 גר',מיוצר עי קונדיטוריית,IL,כעכים שטוחים ללא גלו,,300.00,100 גרם,false,,18.30,0.0610,true,1,244162
7290112963918,false,חטיפי קרקר דק רוזמרין 140 ג' פיטנס,נסטלה Nestle,IL,פיטנס קרקר דק רוזמרי,,140.00,100 גרם,false,,14.00,0.1000,true,1,230227
7290112964410,false,רוטב אוסם אלף האיים לסלט 290 ג' אסם,Unknown,IL,רוטב אלף האיים לסלט,,290.00,100 גרם,false,,13.90,0.0479,true,1,227395
7290112964458,false,רוטב וינגרט לסלט 295 ג' אסם,אסם,IL,רוטב ויניגרט לסלט אס,,295.00,100 גרם,false,,13.90,0.0471,true,1,227397
7290112964472,false,רוטב שום לסלט 290 ג' אסם,Unknown,IL,רוטב שום לסלט אסם 29,,290.00,100 גרם,false,,13.90,0.0479,true,1,227398
7290112964564,false,רוטב אלף האיים לייט לסלט 310 ג' אסם,אסם,IL,רוטב אלף האיים לייט,,295.00,100 גרם,false,,13.90,0.0471,true,1,227399
7290112964601,false,רוטב בנוסח סצ'ואן הסדרה האסייתית,"אסם השקעות בע""מ",IL,אסם רוטב בנוסח סצואן,,290.00,,false,,17.40,0.0600,true,1,226800
7290112964625,false,רוטב שום לייט לסלט 310 ג' אסם,אסם,IL,רוטב שום לייט לסלט א,,310.00,100 גרם,false,,13.90,0.0448,true,1,227400
7290112965141,false,תבשיל פתיתים אפויים עם ירקות 130 גר',אסם,IL,תבשיל פתיתים אפויים,,130.00,100 גרם,false,,12.90,0.0992,true,1,235967
7290112965240,false,מרק נמס בטעם עגבניות זוג * 44 ג' אסם,Unknown,IL,זוג מרק נמס עגבניות,,44.00,100 גרם,false,,6.90,0.1568,true,1,230415
7290112965264,false,אוסם - מרק נמס אפונה זוג 26 גרם * 2,Unknown,,זוג מרק נמס אפונה בד,,52.00,100 גרם,false,,6.90,0.1327,true,1,246124
7290112965288,false,אוסם - מרק נמס ירקות זוג 28 גרם * 2,Unknown,IL,זוג מרק נמס ירקות בד,,56.00,100 גרם,false,,6.90,0.1232,true,1,246121
7290112965301,false,זוג מרק נמס בטעם עוף עם שקדי מרק רגע חם,Unknown,IL,זוג מרק נמס טעם עוף,,38.00,100 גרם,false,,6.90,0.1816,true,1,230409
7290112965660,false,פיטנס - חטיף מולטיגריין מלח פלפל 25 גרם,מיוצר עי קונדיטוריית,IL,פיטנס חטיף מולטיגריי,,25.00,100 גרם,false,,6.10,0.2440,true,1,245763
7290112965745,false,אוסם - ביסלי פריסטייל בצל מעושן 60 גרם,"אסם השקעות בע""מ",IL,ביסלי פריסטייל בצל מ,,60.00,100 גרם,false,,5.30,0.0883,true,1,247808
7290112965783,false,אוסם - ביסלי פריסטייל על האש 60 גרם,"אסם השקעות בע""מ",IL,ביסלי פריסטייל על הא,,60.00,100 גרם,false,,5.30,0.0883,true,1,247809
7290112965806,false,אוסם - ביסלי פריסטייל חמוץ חריף 60 גרם,Unknown,IL,ביסלי פריסטייל חמוץ,,60.00,100 גרם,false,,5.30,0.0883,true,1,247807
7290112966094,false,עוגת הבית בטעם תפוז - פחות סוכר,מיוצר עי קונדיטוריית,IL,עוגת הבית תפוז מופחת,,400.00,100 גרם,false,,14.90,0.0373,true,1,235990
7290112966247,false,לחמית כוסמין 200 ג' אסם,אסם יקנעם,IL,לחמית כוסמין אסם 200,,200.00,100 גרם,false,,12.50,0.0625,true,1,243530
7290112966445,false,במבה מתוקה אריזה גדולה 100 ג' אסם,"אסם השקעות בע""מ",IL,במבה מתוקה אסם 100 ג,,100.00,100 גרם,false,,8.90,0.0890,true,1,234875
7290112966780,false,טחינה באלדי עם חציל קלוי צבר 350 גר',שוורצקוף& הנקל דיסלד,IL,טחינה באלדי עם חציל,,350.00,100 גרם,false,,17.50,0.0500,true,1,236003
7290112966803,false,פודינג אינסטנט שוקולד 88 ג' אסם,"אסם השקעות בע""מ",IL,פודינג שוקולד אסם 88,,88.00,100 גרם,false,,6.30,0.0716,true,1,235960
7290112967114,false,חטיפי פריכיות פיטנס קטניות ופלפל 60 גר',"פרח תעשיות מזון בע""מ",IL,פיטנס חטיפי פריכיות,,60.00,100 גרם,false,,9.60,0.1600,true,1,243280
7290112967138,false,בייגלה שמיניות ללא גלוטן 250 גר' אסם,מיוצר עי קונדיטוריית,IL,בייגלה שמיניות ללא ג,,250.00,100 גרם,false,,15.00,0.0600,true,1,235980
7290112967381,false,פיטנס חטיפי פריכיות קטניות ומלח ים 60 גר',"פרח תעשיות מזון בע""מ",IL,פיטנס חטיפי פריכיות,,60.00,100 גרם,false,,9.60,0.1600,true,1,243281
7290112967572,false,"אסם רוטב ברביקיו 290 מ""ל אסם",אסם,IL,רוטב ברבקיו אוסם 290,,290.00,,false,,13.90,0.0479,true,1,235964
7290112967848,false,ג'לי תות שדה מופחת סוכר 90 גר אסם,מיוצר עי קונדיטוריית,IL,אסם ג'לי תות שדה מופ,,68.00,100 גרם,false,,7.50,0.1103,true,1,247463
7290112968203,false,סלט טחינה בלאדי צבר 250 גרם,שוורצקוף& הנקל דיסלד,IL,סלט טחינה באלדי צבר,,250.00,100 גרם,false,,11.80,0.0472,true,1,243282
7290112968524,false,סלט חומוס גרגירים רכים צבר 250 גרם,שוורצקוף& הנקל דיסלד,IL,סלט חומוס סמיר צבר 2,,250.00,100 גרם,false,,11.80,0.0472,true,1,243291
7290112968685,false,חומוס גרגרים בתטבילה צבר 400 גרם,שוורצקוף& הנקל דיסלד,IL,חומוס גרגרים בתטבילה,,400.00,100 גרם,false,,15.90,0.0398,true,1,243069
7290112968807,false,פיטנס - קרקר דק סלק 140 גרם,מפעל אסם יקנעם,IL,פיטנס קרקר דק סלק 14,,140.00,100 גרם,false,,14.00,0.1000,true,1,245761
7290112968821,false,פיטנס - קרקר דק בטטה 140 גרם,מפעל אסם יקנעם,IL,פיטנס קרקר דק בטטה 1,,140.00,100 גרם,false,,14.00,0.1000,true,1,245762
7290112969248,false,אסם בישולים רוטב סילאן ובצל 335 גר'.,"אסם השקעות בע""מ",IL,רוטב סילאן ובצל אסם,,335.00,100 גרם,false,,18.90,0.0564,true,1,246134
7290112969286,false,אסם בישולים רוטב חרדל ודבש 330 גר'.,"אסם השקעות בע""מ",IL,רוטב חרדל ודבש אסם 3,,330.00,100 גרם,false,,18.90,0.0573,true,1,246132
7290113190375,false,סילאן סירופ תמרים טב,שקדיה,TR,סילאן טבעי 900 גרם,,900.00,100 גרם,false,,17.90,0.0199,true,1,227452
7290113190450,false,ממרח תמרים שקדיה 450,פוליבה,IL,ממרח תמרים 450 גרם ש,,450.00,,false,,5.90,0.0131,true,1,226490
7290113192225,false,תערובת להכנה מהירה סופלה שוקולד 200 גר',קריות זול,,תערובת להכנת סופלה ש,,200.00,100 גרם,false,,12.90,0.0645,true,1,244778
7290113192232,false,תערובת להכנה מהירה פנקייק'ס 400 גר',קריות זול,,תערובת להכנת פנקייקס,,400.00,,false,,12.90,0.0323,true,1,244779
7290113192300,false,זיתים חרוזית מושחר A2 בית השיטה 275 גר',בית השיטה,IL,חרוזית מושחר 275גרם,,275.00,,false,,10.90,0.0396,true,1,244030
7290113192317,false,בית השיטה טבעות זיתים מושחרים 280 גר',בית השיטה,IL,טבעות זיתים מושחרים,,280.00,100 גרם,false,,11.90,0.0425,true,1,244031
7290113192324,false,זיתים ירוקים שלמים בינוניים,בית השיטה,IL,זית ירוק 340גרם בית,,340.00,100 גרם,false,,9.90,0.0291,true,1,243641
7290113192331,false,זיתים ירוק גדול A2 בית השיטה 340ג',בית השיטה,IL,זיתים ירוקים שלמים ג,,560.00,,false,,9.90,0.0177,true,1,245527
7290113192355,false,חרוזית זיתים ירוקים ללא גלעין 275 ג' בית השיטה,בית השיטה,IL,חרוזית ירוק 275גרם ב,,275.00,100 גרם,false,,10.90,0.0396,true,1,244033
7290113192362,false,טבעות זיתים ירוקים 280 ג' בית השיטה,בית השיטה,IL,טבעות זיתים ירוקים 2,,280.00,100 גרם,false,,10.90,0.0389,true,1,244034
7290113192379,false,בית השיטה זיתים ירוקים מבוקעים א2 340גר',בית השיטה,IL,זיתים ירוקים מבוקעים,,340.00,100 גרם,false,,10.90,0.0321,true,1,244035
7290113192386,false,זיתים סורי מבוקע A2 בית השיטה 340ג',בית השיטה,IL,בית השיטה זית סורי מ,,340.00,,false,,11.50,0.0338,true,1,244036
7290113192478,false,בית השיטה מלפפונים במלח בינוני 10-12 320 גרם,בית השיטה,IL,מלפפון במלח בינוניים,,320.00,,false,,8.90,0.0278,true,1,244046
7290113192485,false,בית השיטה מלפפונים בחומץ בינוני 10-12 290 גרם,בית השיטה,IL,מלפפון בחומץ 10-12 2,,290.00,,false,,8.90,0.0307,true,1,244047
7290113192508,false,בית השיטה מלפפונים במלח קטן 1317 320 גרם,בית השיטה,IL,מלפפון במלח קטנים 13,,320.00,,false,,10.90,0.0341,true,1,244049
7290113192515,false,בית השיטה מלפפונים במלח קטן מאוד 1825 320 גרם,בית השיטה,IL,מלפפון במלח 18-25 קט,,320.00,,false,,12.90,0.0403,true,1,244052
7290113192522,false,בית השיטה מלפפונים בחומץ קטן מאוד 1825 290 גרם,בית השיטה,IL,מלפפון בחומץ 18-25 ק,,290.00,100 גרם,false,,12.90,0.0445,true,1,244053
7290113192539,false,בית השיטה מלפפונים במלח גדול 79 320 גרם,בית השיטה,IL,מלפפון במלח גדולים 7,,320.00,,false,,6.90,0.0216,true,1,244056
7290113192546,false,בית השיטה מלפפונים בחומץ גדול 79 290 גרם,בית השיטה,IL,מלפפון בחומץ גדולים,,290.00,,false,,6.90,0.0238,true,1,244057
7290113192577,false,בית השיטה כרוב כבוש חתוך 430 גרם,בית השיטה,IL,כרוב כבוש א2 430 גרם,,430.00,100 גרם,false,,7.90,0.0184,true,1,245011
7290113192881,false,"טורטיה חיטה מופחת קלוריות, קוטר 20 ס""מ - 6 יח'",דין שיווק,IL,טורטיה חיטה מופחתת ק,,270.00,100 גרם,false,,9.90,0.0367,true,1,244786
7290113192997,false,בית השיטה זית מרוקאי 340 גר',בית השיטה,IL,זית שחור יבש 340 גרם,,340.00,100 גרם,false,,13.90,0.0409,true,1,245012
7290113193000,false,בית השיטהפלפל שיפקונית 230 גר',שוורצקוף& הנקל דיסלד,IL,פלפל שיפקונית 230 גר,,230.00,,false,,11.50,0.0500,true,1,245013
7290113193017,false,בית השיטה קוקטייל זיתים 275 גר',בית השיטה,IL,קוקטייל זיתים חרוזית,,275.00,,false,,13.90,0.0505,true,1,245014
7290113193031,false,חרוזית קלמטה - זיתים שחורים ללא גלעין קלמטה,שוורצקוף& הנקל דיסלד,IL,בית השיטה חרוזית קלמ,,275.00,,false,,13.90,0.0505,true,1,245015
7290113193406,false,"קוקטייל טבעות זיתים - זיתים ירוקים, שחורים מרינד",בית השיטה,IL,קוקטייל זיתים טבעות,,280.00,100 גרם,false,,13.90,0.0496,true,1,245016
7290113193888,false,חצילים מוחמצים בית השיטה 320 גר',שוורצקוף& הנקל דיסלד,IL,חצילים מוחמצים 320 ג,,320.00,100 גרם,false,,11.50,0.0359,true,1,247132
7290113195080,false,חלבה טורקית בטעם שוקו וניל 400 גרם,,,חלבה טורקית בטעם שוק,,400.00,100 גרם,false,,11.90,0.0298,true,1,246990
7290113195196,false,רסק תפוחי עץ 710 גרם,,,רסק תפוחי עץ 710 גרם,,710.00,100 גרם,false,,9.90,0.0139,true,1,246991
7290113195264,false,ממרח פלפלים קלויים 360 ג',דין שיווק,,ממרח פלפלים קלויים 3,,360.00,100 גרם,false,,11.90,0.0331,true,1,246998
7290113195363,false,שמן חמניות מזוכך בית,בית השיטה,,שמן חמניות מזוכך בית,,1000.00,,false,,11.90,0.0119,true,1,248789
7290113195967,false,שיבולת שועל שקדיה פח,דין שיווק,IL,שיבולת שועל 500גרם פ,,500.00,100 גרם,false,,9.90,0.0198,true,1,246999
7290113196001,false,פסטה ספגטי 500 ג' שקדיה,,,פסטה ספגטי שקדיה 500,,500.00,,false,,4.90,0.0098,true,1,251742
7290113196018,false,פסטה ביסלי 500 ג' שקדיה,,,פסטה ביסלי שקדיה 500,,500.00,,false,,4.90,0.0098,true,1,251745
7290113196025,false,פסטה צינורות 500 ג' שקדיה,,,פסטה צינורות שקדיה 5,,500.00,100 גרם,false,,4.90,0.0098,true,1,251746
7290113196032,false,פסטה צדפים 500 ג' שקדיה,,,פסטה צדפים 500 גרם,,500.00,100 גרם,false,,4.90,0.0098,true,1,251744
7290113196414,false,"אורז בסמטי שקדיה 1 ק""ג",קריות זול,IN,"אורז בסמטי 1 ק""ג שקד",,1000.00,100 גרם,false,,12.90,0.0129,true,1,249248
7290113196490,false,פריכיות כוסמת בתוספת זרעי ציה שקדיה 150 ג',דין שיווק,IL,פריכיות כוסמת עם זרע,,150.00,100 גרם,false,,10.90,0.0727,true,1,249242
7290113196506,false,פריכיות כוסמת ללא מלח שקדיה 150 ג',דין שיווק,IL,פריכיות כוסמת ללא מל,,150.00,,false,,10.90,0.0727,true,1,249245
7290113196513,false,פריכיות כוסמת בתוספת שקדים שקדיה 150 ג',דין שיווק,IL,פריכיות כוסמת בתוספת,,150.00,100 גרם,false,,10.90,0.0727,true,1,249243
7290113196520,false,פריכיות כוסמין ללא מלח שקדיה 150 ג',דין שיווק,IL,פריכיות כוסמין ללא מ,,150.00,100 גרם,false,,9.90,0.0660,true,1,249244
7290113196919,false,מנה חמה אטריות אורז בטעם עוף70 ג' סו שף,קריות זול,VN,מנה חמה אטריות אורז,,60.00,100 גרם,false,,7.90,0.1317,true,1,251751
7290113196926,false,מנה חמה אטריות אורז בטעם ירקות 70 ג' סו שף,קריות זול,VN,מנה חמה אטריות אורז,יחידה,0.00,יחידה,false,,7.90,0.0000,true,1,251749
7290113196933,false,מנה חמה אטריות אורז בטעם טום יאס70 ג' סו שף,קריות זול,VN,מנה חמה אטריות אורז,,60.00,,false,,7.90,0.1317,true,1,251752
7290113197152,false,לבבות דקל שלם בצנצנת,שקדיה,IL,לבבות דקל שלם במי מל,,410.00,100 גרם,false,,12.90,0.0315,true,1,249249
7290113197169,false,חמאת בוטנים טבעית שק,,,חמאת בוטנים טבעית 51,,510.00,,false,,16.90,0.0331,true,1,251753
7290113197176,false,חמאת בוטנים טבעית עם,,,חמאת בוטנים טבעית עם,,510.00,,false,,16.90,0.0331,true,1,251754
7290113198562,false,סוכריות גומי בטעם תות שדה 200 ג' שקדיה,טופ גלוב,IL,סוכריות גומי בטעם תו,,200.00,,false,,10.00,0.0500,true,1,250674
7290113198579,false,סוכריות גומי דובונים בטעמי פירות 200 ג' שקדיה,טופ גלוב,IL,סוכריות גומי דובונים,,200.00,100 גרם,false,,10.00,0.0500,true,1,250675
7290113198586,false,סוכריות גומי מסוכרות בטעם אפרסק 200 ג' שקדיה,טופ גלוב,IL,סוכריות גומי מסוכרות,,200.00,100 גרם,false,,10.00,0.0500,true,1,250676
7290113198609,false,סוכריות גומי נחשים בטעמי פירות 200 ג' שקדיה,טופ גלוב,IL,סוכריות גומי נחשים ב,,200.00,,false,,10.00,0.0500,true,1,250672
7290113199613,false,חטיף שומשום עם שקדים וחמוציות ללא.ס 220 ג' שקדיה,שקדיה,IL,חטיף שומשום עם שקדים,,0.00,,false,,14.90,0.0000,true,1,250684
7290113199767,false,ממרח 100% שקדים שקדי,פפאיינס,TW,ממרח 100 % שקדים 300,,300.00,100 גרם,false,,27.90,0.0930,true,1,251307
7290113199774,false,ממרח 100% בוטנים שקד,פפאיינס,TW,ממרח 100 % בוטנים 30,,300.00,,false,,14.90,0.0497,true,1,251304
7290113199903,false,סוכריות חמצוצים בטעם תות בננה 180 ג' שקדיה,,,סוכריות חמצוצים בטעם,,200.00,,false,,10.00,0.0500,true,1,250677
7290113199910,false,סוכריות חמצוצים בטעם קולה 180 ג' שקדיה,,,סוכריות חמצוצים בטעם,,200.00,,false,,10.00,0.0500,true,1,250678
7290113199934,false,סוכריות חמצוצים בטעם אוכמניות 180 ג' שקדיה,,,סוכריות חמצוצים בטעם,,200.00,100 גרם,false,,10.00,0.0500,true,1,250681
7290113594333,false,בקבוק נירוסטה 450 מל עם קש מתקפל- מיקי,,,בקבוק נירוסטה עם קש,,450.00,,false,,19.90,0.0442,true,1,252017
7290113594340,false,בקבוק נירוסטה 450 מל עם קש מתקפל- מיני,,,בקבוק נירוסטה עם קש,,450.00,,false,,19.90,0.0442,true,1,252018
7290114310222,false,חלב 1.5 ליטר 3% מועשר בסידן וויטמין D.,מילקו תעשיות בעמ,IL,חלב מועשר בסידן וויט,,1500.00,100 גרם,false,,12.90,0.0086,true,1,252251
7290114310239,false,חלב טרה נטול לקטוז מועשר בוויטמין D 2% 1.5 ל',מילקו תעשיות בעמ,IL,חלב נטול לקטוז מועשר,,1500.00,100 גרם,false,,12.90,0.0086,true,1,252250
7290114310390,false,"מולר פרופ קציפת יוגורט בננה לוטי 5% 150 מ""ל",מולר Muller,IL,מולר פרופ קציפת יוג,,97.00,100 גרם,false,,5.20,0.0536,true,1,252375
7290114310536,false,יוגורט לייט מעושר בחלבון בטעם וניל מולר 200 ג',מולר Muller,IL,מולר אקטיב לייט יוגו,,200.00,,false,,6.40,0.0320,true,1,247748
7290114310895,false,סימפלי מולר מאגדת שמינייה מנגו תות 1.5% 150X8 גר',מולר Muller,IL,מאגדת שמינייה סימפלי,,1200.00,,false,,31.90,0.0266,true,1,248754
7290114311038,false,שמנת מתוקה עמידה 32% 250מל בקבוק,מילקו,IL,שמנת להקצפה טרה 32%,,250.00,,false,,7.50,0.0300,true,1,251054
7290114311069,false,יוגורט לבן מועשר בחלבון 0% שומן 200 גרם muller active,מולר Muller,IL,מולר אקטיב 25ג חלבון,,200.00,100 גרם,false,,5.90,0.0295,true,1,250367
7290114311298,false,יוגורט קציפת תות בננה מלון 150 ג' מולר,מולר Muller,IL,מולר פרופ קציפת תות,,150.00,100 גרם,false,,5.50,0.0367,true,1,251502
7290114311304,false,יוגורט קציפת מנגו פסיפלורה בננה 150 ג' מולר,מולר Muller,IL,מולר פרופ קציפת מנגו,,150.00,100 גרם,false,,5.50,0.0367,true,1,251503
7290114311458,false,"חלב מועשר 3% וויטמין קרטון, 1 ל טרה",Unknown,IL,חלב 3% מועשר ויטמין-,,1000.00,,false,,7.90,0.0079,true,1,252098
7290114311502,false,"משקה חלב בקבוק בטעם סחלב, 1 ליטר",מילקו תעשיות בעמ,IL,משקה חלב בטעם סחלב 1,,1000.00,,false,,12.90,0.0129,true,1,252370
7290114311526,false,מולר יוגורט פרופ עם קציפת תפוז ג'ינג'ר 3%,מולר Muller,IL,מולר פרופ קציפת תפוז,,150.00,100 גרם,false,,5.50,0.0367,true,1,253273
7290114311533,false,מולר יוגורט פרופ עם קציפה בטעם סנגריה 3%,מולר Muller,IL,מולר פרופ קציפת פרי,,150.00,100 גרם,false,,5.50,0.0367,true,1,253274
7290114311557,false,יוגורט נטורל ו גרנולה בתוספת סירופ מייפל 170 ג' מולר,מולר Muller,IL,מולר נטורל+גרנולה וס,,170.00,,false,,6.80,0.0400,true,1,253275
7290114600941,false,מיונז מאסטר שף מיונז לחיץ 435 ג',קפה לנדוור,NL,מיונז הולנדי לחיץ מא,,435.00,100 גרם,false,,15.90,0.0366,true,1,253120
7290114604895,false,ממרח ספייסי לחיץ 446 גר' מאסטר שף,מאסטר שף,NL,ממרח ספייסי לחיץ מאס,,446.00,100 גרם,false,,15.90,0.0357,true,1,253111
7290114604901,false,ממרח שום לחיץ מאסטר שף444 ג',מאסטר שף,NL,ממרח שום לחיץ מאסטר,,444.00,100 גרם,false,,15.90,0.0358,true,1,253113
7290114606530,false,רוטב בטעם מיונז וקטשופ מאסטר שף 515 ג',מאסטר שף,NL,רוטב בטעם מיונז וקטש,,515.00,100 גרם,false,,15.90,0.0309,true,1,253115
7290114651806,false,בקבוק טריטן עם צמידי,,,בקבוק טריטן עם צמידי,,700.00,,false,,19.90,0.0284,true,1,252009
7290115074826,false,בקבוק פלסטיק עם צמיד,,,בקבוק פלסטיק עם צמיד,,500.00,,false,,19.90,0.0398,true,1,251355
7290115076127,false,בקבוק נירוסטה 450 מל עם קש מתקפל- LOL,,,בקבוק נירוסטה עם קש,,450.00,,false,,19.90,0.0442,true,1,252021
7290115190014,false,סיגריות מרלבורו רד קצר בוקס,פיליפ מוריס,,מרלבורו אדום קצר,יחידה,0.00,יחידה,false,,35.50,0.0000,false,1,246011
7290115190038,false,סיגריות מרלבורו רד קצר סופט,פיליפ מוריס,,מרלבורו אדום קצר סופ,יחידה,0.00,יחידה,false,,35.50,0.0000,false,1,246004
7290115190090,false,סיגריות מרלבורו גולד קצר בוקס,פיליפ מוריס,,מרלבורו גולד קצר,יחידה,0.00,יחידה,false,,35.50,0.0000,false,1,245991
7290115190250,false,סיגריות פרלמנט נייטP,פיליפ מוריס,,פרלמנט קצר,יחידה,0.00,יחידה,false,,42.00,0.0000,false,1,245791
7290115190335,false,ל.מ כחול לייבל ארוך,פיליפ מוריס,,אל אם בלו 100,יחידה,0.00,יחידה,false,,32.00,0.0000,false,1,247746
7290115190359,false,סיגריות ל.מ בלוPP חפ,פיליפ מוריס,,אל אם כחול קצר,יחידה,0.00,יחידה,false,,32.00,0.0000,false,1,245792
7290115190502,false,נקסט פיין קצר פאקט 1,פיליפ מוריס,,נקסט פיין פאקט PP,יחידה,0.00,יחידה,false,,300.00,0.0000,false,1,245998
7290115190519,false,סיגריות נקסט פיין חפ,פיליפ מוריס,,נקסט פיין,יחידה,0.00,יחידה,false,,30.00,0.0000,false,1,245999
7290115200003,false,פתי בר פינוקי וניל 220 גר' אסם,תאי פרזידנט פוד פאבל,PL,פתי בר פינוקי וניל 2,,220.00,100 גרם,false,,13.50,0.0614,true,1,244720
7290115200027,false,פתי בר פינוקי שוקו 220 גר' אסם.,קריות זול,PL,פתי בר פינוקי שוקו 2,,220.00,100 גרם,false,,13.50,0.0614,true,1,244721
7290115201031,false,אסם פתיבר דובוני שוקולד 175 גרם,טרופיקל דגיל תעשיות,PL,פתי בר דובי שוקולד 1,,175.00,100 גרם,false,,13.50,0.0771,true,1,247473
7290115201550,false,ביסלי קרנבל מיקס 150 ג' אסם,פרו מן יו פתרונות אר,IL,ביסלי קרנבל מיקס 150,,150.00,100 גרם,false,,9.50,0.0633,true,1,245754
7290115201680,false,ביסלי ברביקיו אסם 70,"אסם השקעות בע""מ",IL,ביסלי ברביקיו אסם 70,,70.00,100 גרם,false,,5.30,0.0757,true,1,245760
7290115201741,false,ביסלי בטעם בצל אסם 7,"אסם השקעות בע""מ",IL,ביסלי בטעם בצל אסם 7,,70.00,100 גרם,false,,5.30,0.0757,true,1,245759
7290115203134,false,פופקו פופקורן במבה - פופקורן בציפוי קרמל ובוטנים,"אסם השקעות בע""מ",IL,פופקו פופקורן במבה א,,80.00,100 גרם,false,,5.70,0.0713,true,1,247810
7290115203172,false,במבה PRO מכיל 18 גרם חלבון בשקית,"אסם השקעות בע""מ",IL,במבה פרו 80 גרם,,80.00,100 גרם,false,,4.90,0.0613,true,1,251827
7290115203486,false,פירורית בטעם ביסלי גריל אסם 200 גר',קיבוץ עינת,IL,פירורית אסם בטעם ביס,,200.00,100 גרם,false,,6.90,0.0345,true,1,250929
7290115204018,false,מנה חמה איטלקי פסטה בסגנון אלפרדו 60 ג' אסם,נסטלה,IL,מנה חמה איטלקי פסטה,,60.00,100 גרם,false,,7.50,0.1250,true,1,252507
7290115204056,false,אסם קטשופ מופחת סוכר 690 גר',קריות זול,IL,אסם קטשופ מופחת סוכר,,690.00,100 גרם,false,,11.90,0.0172,true,1,248522
7290115204131,false,צבר סחוג ירוק 6*190גרם חדש,צבר,,סחוג ירוק צבר 190גר,,190.00,100 גרם,false,,13.90,0.0732,true,1,251130
7290115204261,false,אריסה חריפה המעדנייה,צבר,,אריסה צבר 190גר,,190.00,100 גרם,false,,13.90,0.0732,true,1,251132
7290115205022,false,אוסם - שקדי מרק מקלונים 350 גרם,אסם,IL,שקדי מרק מקלונים אסם,,350.00,100 גרם,false,,14.90,0.0426,true,1,249961
7290115205176,false,פיטנס - קרקר דק כפרי פיטנס 140 גרם,נסטלה Nestle,IL,פיטנס קרקר דק כפרי 1,,140.00,100 גרם,false,,14.00,0.1000,true,1,249141
7290115205251,false,פיטנס בר פריכיות קרמל מלוח 84 גרם,כרמית,IL,פיטנס בר פריכיות קרמ,,84.00,100 גרם,false,,15.90,0.1893,true,1,252181
7290115205312,false,קרקר פיטנס דק עם זיתי קלמטה ועשבי תיבול,"אסם השקעות בע""מ",IL,פיטנס קרקר דק זיתים,,140.00,100 גרם,false,,14.00,0.1000,true,1,250934
7290115205978,false,פתיבר ואצבעות שוקולד 180 גרם - רבנות,"ד""ר ג'רארד בע""מ",PL,פתי בר אצבעות שוקולד,,180.00,100 גרם,false,,13.50,0.0750,true,1,250476
7290115207484,false,צבר חציל על האש היתר 6*400גרם.,ג'נרל מילס סאן אדריא,IL,סלט חציל על האש 400,,360.00,100 גרם,false,,17.90,0.0497,true,1,251128
7290115207682,false,"רוטב בסגנון סויה סיני 290 מ""ל",Unknown,,רוטב בסגנון סויה סינ,,290.00,,false,,13.90,0.0479,true,1,250937
7290115207774,false,טבעול המבורגר פטריות 480 גר,קריות זול,IL,טבעול המבורגר פטריות,,480.00,100 גרם,false,,36.90,0.0769,true,1,250483
7290115207941,false,סירופ אננס 1 ל' ויטמינצ'יק,בית-השיטה עסיס תעשיו,IL,ויטמינציק אננס 1 ליט,,1000.00,,false,,23.60,0.0236,true,1,250144
7290115207965,false,סירופ מנגו ואפרסק 1 ל' ויטמינצ'יק,בית-השיטה עסיס תעשיו,IL,ויטמינציק מנגו אפרסק,,1000.00,,false,,23.60,0.0236,true,1,250147
7290115207989,false,סירופ לימון 1 ל' ויטמינצ'יק,בית-השיטה עסיס תעשיו,IL,ויטמינצ'יק לימון 1 ל,,1000.00,,false,,23.60,0.0236,true,1,250145
7290115208009,false,סירופ ענבים 1ל' ויטמינצ'יק,בית-השיטה עסיס תעשיו,IL,ויטמינציק ענבים 1 ל,,1000.00,,false,,23.60,0.0236,true,1,250146
7290115208047,false,סירופ פטל 1 ל' ויטמינצ'יק,בית-השיטה עסיס תעשיו,IL,ויטמינציק פטל 1 ליטר,,1000.00,,false,,23.90,0.0239,true,1,250143
7290115208061,false,סירופ תפוח 1ל' ויטמינצ'יק,בית השיטה עסיס תעשיו,IL,ויטמינציק תפוח 1 ליט,,1000.00,,false,,23.60,0.0236,true,1,250148
7290115208801,false,לחמית דבש ואגוזים 190ג אסם,Unknown,IL,לחמית דבש ואגוזים 19,,190.00,100 גרם,false,,12.50,0.0658,true,1,251830
7290115208849,false,"מנה חמה פסטה מוקרמת ט.עוף בד""צ 55גר",קריות זול,IL,מנה חמה אסם פירה עם,,51.00,100 גרם,false,,7.50,0.1471,true,1,252508
7290115209198,false,במבה אורירית 80 ג' אסם,אסם השקעות בעמ,IL,במבה אורירית אסם 80,,80.00,100 גרם,false,,4.90,0.0613,true,1,251314
7290115209235,false,אסם פתי בר קפה 500 גרם,קריות זול,IL,פתי בר קפה 500 גרם א,,500.00,100 גרם,false,,15.90,0.0318,true,1,252183
7290115405774,false,פחזניות ממולאות בטעם וניל 180 גרם,תופינים מקבוצת קפולס,IL,פחזניות ממולאות בטעם,,180.00,,false,,14.90,0.0828,true,1,251701
7290115405781,false,פחזניות ממולאות בטעם שוקולד 180 גר',תופינים מקבוצת קפולס,IL,פחזניות ממולאות טעם,,180.00,100 גרם,false,,14.90,0.0828,true,1,251702
7290115405798,false,פחזניות ממולאות בטעם ריבת חלב 180 גרם,קפולסקי אדל בעמ,IL,פחזניות ממולאות טעם,,180.00,,false,,14.90,0.0828,true,1,251703
7290115480016,false,קפסולות ג'ל כביסה 26 יח' סוד,סוד,,*מבצע* סוד קפסולות ג,יחידה,0.00,יחידה,false,,19.90,0.0000,true,1,251671
7290115671339,false,מיני פינוקיות בראוניז בייגל בוטן עלית 180 ג' עלית,הגביע מוצרי ופלים בע,IL,מיני פינוקיות בראוני,,180.00,100 גרם,false,,11.90,0.0661,true,1,248495
7290115671346,false,מיני פינוקיות טופי קרמל מלוח 180 ג' עלית,הגביע מוצרי ופלים בע,IL,מיני פינוקיות טופי,,180.00,100 גרם,false,,11.90,0.0661,true,1,248496
7290115675986,false,יוגורט עם אגוזי לוז ושקדים בקרמל מלוח 4.5%,"שטראוס בריאות בע""מ",IL,דנונה בר עם אגוזים מ,,173.00,100 גרם,false,,5.10,0.0295,true,1,246783
7290115676037,false,דנונה ריפרש יוגורט עם תות ודומדמניות 1.6% שומן,מיוצר עי קונדיטוריית,IL,דנונה ריפרש יוגורט ב,,250.00,100 גרם,false,,6.30,0.0252,true,1,247857
7290115676082,false,משקה דנונה פרו 20 יוגורט תות 255 ג' רבנות,"שטראוס בריאות בע""מ.",IL,דנונה פרו משקה בטעם,,255.00,100 גרם,false,,7.80,0.0306,true,1,247859
7290115676099,false,משקה דנונה פרו 20 יוגורט וניל 255 ג' רבנות,"שטראוס בריאות בע""מ.",IL,דנונה פרו משקה בטעם,,255.00,100 גרם,false,,7.80,0.0306,true,1,247860
7290115676273,false,קקאו 500גר' +10% תוספת,שטראוס גרופ,IL,קקאו עלית 500 גרם+10,,550.00,100 גרם,false,,25.90,0.0471,true,1,247686
7290115676341,false,אריזות דבש אישיות טו גו 18 * 162 ג' יד מרדכי,קריות זול,IL,דבש טהור באריזות איש,,162.00,100 גרם,false,,21.90,0.1352,true,1,251851
7290115677362,false,נודלס טריאקי 350 ג' דלישס,"טרופיקל דגיל בע""מ אז",IL,נודלס טריאקי 350גרם,,350.00,100 גרם,false,,27.90,0.0797,true,1,252695
7290115678376,false,מעדן הגולן שוקולד 125 גרם,מיוצר עי קונדיטוריית,IL,מעדן הגולן שוקולד 12,,125.00,100 גרם,false,,3.20,0.0256,true,1,248488
7290115678383,false,מעדן הגולן שוקולד מריר 125 גר,מיוצר עי קונדיטוריית,IL,מעדן הגולן שוקולד מר,,125.00,100 גרם,false,,3.20,0.0256,true,1,248489
7290116530895,false,"תרסיס ריחני למייבש כביסה פינוק כחול בדין 500 מ""ל","זוהר דליה, קיבוץ דלי",IL,בדין תרסיס פינוק כחו,,500.00,,false,,19.90,0.0398,true,1,248050
7290116531038,false,שוקולד ורד הגליל מרי,יוניליוור ישראל מזון,IL,ורד הגליל טבלה שוקול,,100.00,100 גרם,false,,4.90,0.0490,true,1,250013
7290116531496,false,דגני בוקר קינמונים 375 ג' תלמה,נאוג'אזיס נווזיס UAB,LT,קינמונים דגנים פריכי,,375.00,100 גרם,false,,21.90,0.0584,true,1,250473
7290116531762,false,בדין - דפים למייבש כביסה ורוד 40 יחידות,קריות זול,US,בדין דפים למייבש וור,יחידה,0.00,יחידה,false,,19.90,0.0000,true,1,250377
7290116851365,false,יעה + מקל,,,יעה+מקל,יחידה,0.00,יחידה,false,,13.90,0.0000,true,1,250347
7290116851372,false,כף אשפה קטן,,,כף אשפה קטן,יחידה,0.00,יחידה,false,,5.90,0.0000,true,1,250348
7290116914459,false,מארז סוכריות על מקל,,,מארז סוכריות על מקל,,600.00,100 גרם,false,,19.90,0.0332,true,1,252027
7290116914503,false,מארז סוכריות על מקל 12 גרם בטעמי פירות מיניונים 50 יח',,,מארז סוכריות על מקל,,600.00,100 גרם,false,,19.90,0.0332,true,1,252028
7290116930015,false,חטיף חלבון GO קרמל ח.בוטנים קריספי 20 גרם חלבון,תנובה,IL,חטיף חלבון גו בטעם ק,,60.00,100 גרם,false,,11.90,0.1983,true,1,250928
7290116930435,false,יוגורט יופלה GO במרקם סמיך עם דובדבן 0%,תנובה מרכז שיתופי לש,IL,יוגורט גו סמיך 0% דו,,200.00,100 גרם,false,,6.20,0.0310,true,1,251140
7290116930459,false,"משקה SHAKE בננה אננס וקוקוס 230 מ""ל יופלה",יופלה Yoplait,IL,יופלה שייק בננה אננ,,230.00,100 גרם,false,,8.50,0.0370,true,1,251246
7290116930466,false,"משקה SHAKE בננה מנגן פסיפלורה והל 230 מ""ל יופלה",יופלה Yoplait,IL,יופלה שייק מנגו בננ,,230.00,,false,,8.50,0.0370,true,1,251247
7290116930718,false,מעדן תנובה דיאט בטעם שוקולד וקרמל מלוח 0% 150ג' תנובה,"תנובה בע""מ",IL,מעדן תנובה דיאט שוקו,,150.00,100 גרם,false,,4.30,0.0287,true,1,251645
7290116931012,false,יופלה דיאט 0% שומן תפוח וקינמון 150 גרם,תנובה מרכז שיתופי לש,IL,יופלה דיאט 0% 150ג ת,,150.00,100 גרם,false,,5.20,0.0347,true,1,253333
7290116931081,false,מעדן סויה - טופי קרמל 125 גרם אלטרנטיב,תנובה מרכז שיתופי לש,IL,מעדן סויה בטעם טופי,,125.00,100 גרם,false,,3.90,0.0312,true,1,251844
7290116931159,false,יופלה דיאט 0% שומן תות בננה 150 גרם,תנובה מרכז שיתופי לש,IL,יופלה דיאט 0% תות ב,,150.00,100 גרם,false,,5.20,0.0347,true,1,253334
7290116931289,false,יוגורט GO סמיך אלפחורס 200 גרם,תנובה מרכז שיתופי לש,IL,יוגורט גו סמיך אלפחו,,200.00,100 גרם,false,,6.20,0.0310,true,1,253342
7290117260029,false,קונפיטורה דובדבנים 380 ג' ויליפוד,וילי פוד,,קונפיטורה דובדבנים 3,,380.00,100 גרם,false,,9.90,0.0261,true,1,251284
7290117260074,false,שעועית ירוקה חתוכה מוקפאת 800 ג' וילי פוד,,,שעועית ירוקה חתוכה מ,,800.00,,false,,9.90,0.0124,true,1,252215
7290117260494,false,ניוקי תפוחי אדמה 3 צבעים מצונן 500 גרם,,,ניוקי תפוחי אדמה 3 צ,,500.00,100 גרם,false,,14.90,0.0298,true,1,252531
7290117260500,false,מיני ניוקי תפוחי אדמה מצונן 500 גרם קהילות,,,מיני ניוקי תפוחי אדמ,,500.00,100 גרם,false,,14.90,0.0298,true,1,252532
7290117260579,false,חטיף קראנצ'י על בסיס קמח עדשים בטעם שמנת חמוצה ובצל 80 ג',וילי פוד,,חטיף קראנצ'י על בסיס,,80.00,100 גרם,false,,7.90,0.0988,true,1,252051
7290117261101,false,זוג קינוחים בטעם שוקולד ואגוזי לוז 140ג',,,זוג קינוחים בטעם שוק,,140.00,100 גרם,false,,11.90,0.0850,true,1,251709
7290117261118,false,זוג קינוחים בטעם שוקולד בציפוי שוקולד חלב 140ג',Euro יורו מחלבות אירופה,,זוג קינוחים בטעם שוק,,140.00,100 גרם,false,,11.90,0.0850,true,1,251706
7290117261132,false,זוג קינוחים בטעם קרמל מלוח 140ג',,,זוג קינוחים בטעם קרמ,,140.00,,false,,11.90,0.0850,true,1,251705
7290117261521,false,סלמון אטלנטי בשמן קנולה 120 גרם,קריות זול,LV,סלמון אטלנטי בשמן קנ,,120.00,100 גרם,false,,11.90,0.0992,true,1,252102
7290117261545,false,סלמון אטלנטי ברוטב טריאקי 120 גרם,קריות זול,LV,סלמון אטלנטי ברוטב ט,,120.00,100 גרם,false,,11.90,0.0992,true,1,252107
7290117261552,false,סלמון אטלנטי ברוטב עגבניות 120 גרם,קריות זול,,סלמון אטלנטי ברוטב ע,,120.00,100 גרם,false,,11.90,0.0992,true,1,252108
7290117261583,false,סרדינים בריסלינג מעושנים בשמן קנולה 129 גרם (צנצנת),קריות זול,,סרדינים בריסלינג מעו,,185.00,100 גרם,false,,13.90,0.0751,true,1,252536
7290117261590,false,סרדינים בריסלינג מעושנים בשמן זית 129 גרם,קריות זול,,סרדינים בריסלינג מעו,,185.00,100 גרם,false,,13.90,0.0751,true,1,252539
7290117262221,false,"משקה יוגורט פרוביוטי עם אננס 200מ""ל 2.3%שומן יורו",Euro יורו מחלבות אירופה,TR,משקה יוגורט פרוביוטי,,200.00,,false,,5.90,0.0295,true,1,252039
7290117262245,false,"משקה יוגורט פרוביוטי עם אפרסק ומשמש 200מ""ל 2.3%שומן יורו",Euro יורו מחלבות אירופה,TR,משקה יוגורט פרוביוטי,,200.00,100 גרם,false,,5.90,0.0295,true,1,252040
7290117262931,false,"קינוח בטעם מנגו, 85 גרם",,,קינוח בטעם מנגו יורו,,85.00,,false,,12.90,0.1518,true,1,253158
7290117262979,false,קינוח בטעם שוקולד ופירות יער 85 גרם,,,קינוח בטעם שוקולד ופ,,85.00,,false,,12.90,0.1518,true,1,253162
7290117383179,false,מארז משחות שיניים 3 טריפל אקשן 3 מברשות שיניים אקסטרה קלין,,,קולגייט מארז 3 טריפל,,150.00,,false,,19.90,0.1327,true,1,253002
7290117860038,false,"הוואי - תחליב רחצה יוגורט בניחוח אוכמניות 700 מ""ל",הוואי,,הוואי תחליב רחצה יוג,,700.00,100 גרם,false,,14.90,0.0213,true,1,252828
7290117860045,false,שמפו תמציות אלוורה ותה ירוק לשיער רגיל,"טרופיקל גליל בע""מ",IL,הוואי שמפו מטפח לשיע,,700.00,100 גרם,false,,14.90,0.0213,true,1,252806
7290117860083,false,"קרם רחצה בניחוח אירוס זהוב ודבש 700 מ""ל הוואי",הוואי,,הוואי קרם בניחוח איר,,700.00,,false,,14.90,0.0213,true,1,252831
7290117860090,false,מרכך תמציות אלוורה ותה ירוק לשיער רגיל,"טרופיקל גליל בע""מ",IL,הוואי מרכך מטפח לשיע,,700.00,100 גרם,false,,14.90,0.0213,true,1,252814
7290117860144,false,שמפו למניעת קשקשים לשימוש יומיומי,"טרופיקל גליל בע""מ",IL,הוואי שמפו למניעת קש,,700.00,,false,,14.90,0.0213,true,1,252808
7290117860182,false,"הוואי - תחליב רחצה בניחוח מגנוליה ושמן שקדים 700 מ""ל",הוואי,,הוואי תחליב רחצה בני,,700.00,,false,,14.90,0.0213,true,1,252826
7290117860199,false,שמפו שמן ורד הבר ושמן מקדמיה לשיער יבש,קריות זול,,הוואי שמפו מעניק לחו,,700.00,,false,,14.90,0.0213,true,1,252807
7290117860236,false,"הוואי - קרם רחצה בניחוח ויולה ורודה 700 מ""ל",הוואי,,הוואי קרם רחצה בניחו,,700.00,,false,,14.90,0.0213,true,1,252827
7290117860243,false,"הוואי - מרכך מעניק לחות לשיער יבש 700 מ""ל","טרופיקל גליל בע""מ",IL,הוואי מרכך מעניק לחו,,700.00,100 גרם,false,,14.90,0.0213,true,1,252815
7290117860281,false,"הוואי - ג'ל רחצה לגבר בניחוח עוצמתי 700 מ""ל",הוואי,,הוואי ג'ל רחצה לגבר,,700.00,,false,,14.90,0.0213,true,1,252822
7290117860298,false,שמפו קומפלקס קרטין לשיער עדין או חלש,הוואי,,הוואי שמפו קרטין מחז,,700.00,100 גרם,false,,14.90,0.0213,true,1,252809
7290117860335,false,"ג'ל רחצה לגבר בניחוח מעורר 700 מ""ל הוואי",,,הוואי ג'ל רחצה לגבר,,700.00,,false,,14.90,0.0213,true,1,252823
7290117860342,false,מרכך קומפלקס קרטין לשיער עדין או חלש,"טרופיקל גליל בע""מ",IL,הוואי מרכך קרטין מחז,,700.00,100 גרם,false,,14.90,0.0213,true,1,252816
7290117860380,false,"תחליב רחצה יוגורט בניחוח אלוורה 700 מ""ל הוואי",הוואי,,הוואי תחליב רחצה יוג,,700.00,,false,,14.90,0.0213,true,1,252832
7290117860397,false,שמפו תמצית פריחת הדובדבן לשיער רגיל,קריות זול,,הוואי שמפו לשיער פרי,,700.00,100 גרם,false,,14.90,0.0213,true,1,252804
7290117860441,false,"מרכך פריחת הדובדבן 700 מ""ל הוואי",קריות זול,,הוואי מרכך לשיער פרי,,700.00,100 גרם,false,,14.90,0.0213,true,1,252817
7290117860496,false,שמפו + מרכך 2 ב 1 לגבר תמצית ג'ינג'ר,קריות זול,,הוואי שמפו+מרכך 2 ב-,,700.00,100 גרם,false,,14.90,0.0213,true,1,252805
7290117860649,false,"שמפו קרטין, שמן קיק ומי ורדים",טרופיקל דגיל,IL,הוואי שמפו ללא סולפט,,700.00,,false,,14.90,0.0213,true,1,252811
7290117860694,false,"מרכך קרטין, שמן קיק ומי ורדים","טרופיקל גליל בע""מ",IL,הוואי מרכך ללא סולפט,,700.00,,false,,14.90,0.0213,true,1,252820
7290117860748,false,שמפו תמצית יסמין מעניק נפח לשיער דק,קריות זול,,הוואי שמפו מעניק נפח,,700.00,100 גרם,false,,14.90,0.0213,true,1,252812
7290117860793,false,מרכך תמצית יסמין מעניק נפח לשיער דק,קריות זול,,הוואי מרכך מעניק נפח,,700.00,,false,,14.90,0.0213,true,1,252819
7290117860847,false,"הוואי רעננות מושלמת לגבר לשיער, גוף, פנים וזקן",קריות זול,,הוואי שמפו 4 ב-1 לגב,,700.00,,false,,14.90,0.0213,true,1,252813
7290117860892,false,"הוואי - תחליב רחצה יוגורט בניחוח וניל ודבש 700 מ""ל",הוואי,,הוואי תחליב רחצה יוג,,700.00,,false,,14.90,0.0213,true,1,252824
7290117860946,false,"תחליב רחצה יוגורט בניחוח קוקוס 700 מ""ל הוואי",הוואי,,הוואי תחליב רחצה יוג,,700.00,,false,,14.90,0.0213,true,1,252825
7290117860991,false,"תחליב רחצה יוגורט בניחוח שקדים 700 מ""ל הוואי",,,הוואי תחליב רחצה יוג,,700.00,,false,,14.90,0.0213,true,1,252829
7290117901250,false,ממרח עגבניות מיובשות בתוספת זיתים ירוקים 290 ג' גורמה,,,ממרח עגבניות מיובשות,,290.00,100 גרם,false,,14.90,0.0514,true,1,252316
7290118420378,false,פתיבר פינוקים בטעם תותים בשמנת - חלבי,קריות זול,IL,פתי בר פינוקים תותים,,220.00,100 גרם,false,,13.50,0.0614,true,1,252515
7290118420477,false,בייגלה שטוחים בטעם ביסלי בצל 300ג' אסם,אסם,IL,בייגלה שטוחים בטעם ב,,300.00,100 גרם,false,,12.90,0.0430,true,1,252514
7290118420514,false,אינסטנט פודינג נוגט 75ג' אסם,"אסם השקעות בע""מ",IL,אסם אינסטנט פודינג נ,,75.00,100 גרם,false,,6.30,0.0840,true,1,252509
7296049224603,false,ניקולטי סט 3 מגבות מ,,,ניקולטי סט 3 מגבות מ,יחידה,0.00,יחידה,false,,10.90,0.0000,true,1,252197
7296049226959,false,לקיטשן מאג זכוכית טו,,,לקיטשן מאג זכוכית טו,יחידה,0.00,יחידה,false,,6.90,0.0000,true,1,252201
7296058000526,false,פרח פרכיות כוסמת 130 גרם,פרח תעשיות,IL,פריכיות כוסמת 130גר,,130.00,,false,,7.90,0.0608,true,1,217248
7296058110010,false,"פריכיות אורז פרח כשל""פ 110 גר'",,,פריכיות אורז מלא 110,,110.00,,false,,4.90,0.0445,true,1,246851
7296077003102,false,מפיץ ריח בקבוק,,,מפיץ ריח בקבוק,יחידה,0.00,יחידה,false,,9.90,0.0000,true,1,213939
7296082000035,false,ביצים פלוס אומגה3 6י,המכון למיון ושיווק ב,IL,ביצים פלוס אומגה3 6י,,6.00,,false,,15.90,2.6500,true,1,174004
7296082000066,false,ביצים פלוס 12יח L,,,ביצים פלוס 12יח L,,12.00,,false,,16.90,1.4083,true,1,174005
7296082000080,false,ביצים חופש 12יח,המכון למיון ושיווק ב,IL,ביצים חופש 12יח,,12.00,,false,,21.90,1.8250,true,1,189922
7296082000103,false,ביצים סופר טריות מדי,,,ביצים סופר טריות מדי,,30.00,,false,,27.87,0.9290,true,1,189923
7296082000134,false,ביצים רגילות לארג' 1,המכון למיון ושיווק ב,IL,ביצים רגילות לארג' 1,,12.00,,false,,12.05,1.0042,true,1,189926
7296082000141,false,ביצים רגילות מדיום 1,המכון למיון ושיווק ב,IL,ביצים רגילות מדיום 1,יחידה,0.00,יחידה,false,,11.15,0.0000,true,1,189927
7296082000165,false,ביצים אורגניות 12יח,המכון למיון ושיווק ב,IL,ביצים אורגניות 12יח,,12.00,,false,,25.90,2.1583,true,1,189928
7296082000172,false,ביצים פלוס 30יח M,,,ביצים פלוס 30יח M,,30.00,,false,,39.90,1.3300,true,1,174006
7296082000189,false,ביצים פלוס 30יח L,,,ביצים פלוס 30יח L,,30.00,100 גרם,false,,39.90,1.3300,true,1,174007
7296102108260,false,מתקן כביסה מתכת,,,מתקן כביסה מתכת,יחידה,0.00,יחידה,false,,69.90,0.0000,true,1,245046
7296102300473,false,"שטיח בד 75*45ס""מ מרב",,,"שטיח בד 75*45ס""מ מרב",יחידה,0.00,יחידה,false,,29.90,0.0000,true,1,250873
7296102673508,false,"מחבת יציקה שחור 22ס""",,,"מחבת יציקה שחור 22ס""",יחידה,0.00,יחידה,false,,59.90,0.0000,true,1,250863
7296107000002,false,מלפפון 9-7 במלח 600 ג' פרי חן,,,מלפפון במלח 7-9 20%,,670.00,,false,,6.90,0.0103,true,1,234819
7296107000033,false,מלפפון חמוץ 7-9 בחומ,,,מלפפון חמוץ 7-9 בחומ,,670.00,,false,,6.90,0.0103,true,1,233354
7296107000439,false,זיתים חרוזית ירוק 56,,,זיתים חרוזית ירוק 56,,560.00,,false,,9.90,0.0177,true,1,234825
7296107000958,false,קוקטייל זיתים פרי חן,,,קוקטייל זיתים פרי חן,,560.00,100 גרם,false,,9.90,0.0177,true,1,234843
7296155150698,false,דלי פיה סופר,,,דלי פיה סופר,יחידה,0.00,יחידה,false,,9.90,0.0000,true,1,214553
7297529239506,false,גרב ספורט ילד לבן (2,,,גרב ספורט ילד לבן (2,יחידה,0.00,יחידה,false,,14.90,0.0000,true,1,246449
7297529242582,false,חמישיית גרבי גברים פ,,,חמישיית גרבי גברים פ,יחידה,0.00,יחידה,false,,19.90,0.0000,true,1,246376
7312040017683,false,וודקה אבסולוט בקבוק,חברת אבסולוט,SE,*מבצע* וודקה אבסולוט,,700.00,,false,,59.90,0.0856,true,1,173202
7394376615832,false,אוטלי משקה שיבולת שועל בטעם שוקולד 1 ליטר,אוטלי OATLY,SE,משקה שיבולת שועל בטע,,1000.00,,false,,15.90,0.0159,true,1,244842
7394376616778,false,אוטלי משקה שיבולת שועל להקצפה בריסטה 1 ליטר,אוטלי OATLY,SE,משקה שיבולת שועל להק,,1000.00,100 גרם,false,,15.90,0.0159,true,1,244843
7501013122039,false,ג'ומקס מיץ מנגו קרטונית ליטר תריסר,חומקס קומר קומרסאליז,MX,נקטר ג'ומקס מנגו קרט,,1000.00,,false,,9.90,0.0099,true,1,235461
7501013122053,false,ג'ומקס מיץ אפרסק קרטונית ליטר תריסר,חומקס קומר קומרסאליז,MX,נקטר ג'ומקס אפרסק קר,,1000.00,,false,,9.90,0.0099,true,1,235462
7501013122114,false,"נקטר משקה אננס בקרטונית ג'ומקס, 1 ל'",חומקס קומר קומרסאליז,MX,ג'ומקס אננס 1 ליטר,,1000.00,100 גרם,false,,9.90,0.0099,true,1,235463
7501013122190,false,ג'ומקס מיץ תפוחים קרטונית ליטר תריסר,חומקס קומר קומרסאליז,MX,נקטר ג'ומקס תפוחים ק,,1000.00,,false,,9.90,0.0099,true,1,235464
7501013122992,false,ג'ומקס מיץ קוקוס אננס קרטונית ליטר תריסר,חומקס קומר קומרסאליז,MX,גומקס קוקוס אננס קרט,,1000.00,100 גרם,false,,9.90,0.0099,true,1,235465
7501064191398,false,שישיית בירה קורונה אקסטרא *355 מל,קריניציה ויטמינה אס,MX,בירה קורונה בקבוק שי,,2130.00,100 גרם,false,,35.90,0.0169,true,1,227576
7610008059080,false,טבלת שוקולד מריר רגוסה 100 ג',,,שוקולד רגוסה מריר 10,,100.00,100 גרם,false,,15.90,0.1590,true,1,245931
7610243004463,false,"דורגול - מרסס להסרת אבנית במקלחון 600 מ""ל",יעקבי- דורגול Durgol,CH,דורגול מסיר אבן מרסס,,500.00,,false,,19.90,0.0398,true,1,183568
7610400014632,false,שוקולד שויצרי לבן בו,לינדט Lindt,CH,שוקולד לינדט לינדור,,100.00,,false,,16.90,0.1690,true,1,228404
7610400068505,false,בונבוניירת לינדור Lindor שוקולד חלב,לינדט ושפרונגלי,CH,לינדור בונבוניירה חל,,200.00,100 גרם,false,,25.90,0.1295,true,1,190911
7610400068529,false,בונבוניירת לינדור Lindor מעורבב,לינדט ושפרונגלי,CH,לינדור בונבוניירה אס,,200.00,100 גרם,false,,25.90,0.1295,true,1,190912
7613030979647,false,דגני בוקר טריקס פירות עולם היורה 480 ג',ג'נרל מילס סאן אדריא,IL,טריקס 480 גרם,,480.00,,false,,26.90,0.0560,true,1,224614
7613032045753,false,פיטנס - דגני בוקר שוקולד 375 גרם,נסטלה צרפת איטנקורט,FR,פיטנס שוקולד 375 גרם,,375.00,100 גרם,false,,23.90,0.0637,true,1,178160
7613034146502,false,מזון לכלבים קטנים בטעם עוף פורינה ONE,פורינה Purina,US,פורינה מיני אקטיב עו,,1500.00,100 גרם,false,,54.90,0.0366,true,1,236004
7613034146656,false,פורינה ONE מיני בוגר בקר 1.5קג,פורינה,US,פורינה מיני בוגר בקר,,1500.00,100 גרם,false,,54.90,0.0366,true,1,236005
7613035378643,false,דנטלייף חטיף דנטלי לכלבים מגזע גדול - 4 יחידות,פורינה Purina,US,דנטלייף גזע גדול,,142.00,100 גרם,false,,14.90,0.1049,true,1,251815
7613035379794,false,דנטלייף חטיף דנטלי לכלבים מגזע בינוני - 4 יחידות,פורינה Purina,US,דנטלייף גזע בינוני,,115.00,100 גרם,false,,14.90,0.1296,true,1,251816
7613035807778,false,פרפקטו רוטב עגבניות לבולונז 400 ג' אסם,אסם פרפקטו Perfecto,ES,רוטב עגבניות לבולונז,,400.00,100 גרם,false,,10.90,0.0273,true,1,178227
7613035809109,false,פרפקטו רוטב עגבניות ובזיליקום 400 ג'אסם,אסם פרפקטו Perfecto,ES,רוטב עגבניות ובזיליק,,400.00,100 גרם,false,,10.90,0.0273,true,1,178228
7613035809123,false,פרפקטו רוטב עגבניות עם פלפלים 400 ג' אסם,אסם פרפקטו Perfecto,ES,רוטב עגבניות עם פלפל,,400.00,100 גרם,false,,10.90,0.0273,true,1,178229
7613035809857,false,פרפקטו רוטב עגבניות לפסטה ולבישול 400 ג' אסם,אסם פרפקטו Perfecto,ES,רוטב עגבניות לפסטה ו,,40.00,100 גרם,false,,10.90,0.2725,true,1,178230
7613036105545,false,דוגלי בטעם בקר גזע ק,נסטלה פורינה באק הונ,HU,דוגלי גזע קטן 3קג,קילוגרמים,3.00,"ק""ג",false,,54.90,18.3000,true,1,221707
7613036105651,false,"דוגלי בקר לכלבים בוגרים 12 ק""ג",נסטלה פורינה באק הונ,,דוגלי בוגר בקר 12קג,קילוגרמים,12.00,"ק""ג",false,,139.90,11.6583,true,1,221710
7613036710879,false,מארז מיני חטיפי קיט קט צ'אנקי Kit Kat Chanky,נסטלה Nestle,,קיט קט צ'אנקי מיני 1,,194.00,100 גרם,false,,10.90,0.0562,true,1,226200
7613036737623,false,דגני בוקר קראנץ מקס,,,דגני בוקר קראנץ מקס,,410.00,100 גרם,false,,26.90,0.0656,true,1,225743
7613036880534,false,גרבר מחית ירקות מעורבים מטרנה 190 גר',נסטלה פולסקה אס.איי,PL,גרבר מחית מרק ירקות,,190.00,100 גרם,false,,5.90,0.0311,true,1,244131
7613037012200,false,גרבר - מחית תפוח מנגו גזר פאוץ 90 גרם,כלורוקס אוקלנד,ES,גרבר מחית תפוח מנגו,,90.00,,false,,6.10,0.0678,true,1,242929
7613037276091,false,נסטלה מיקס מיני אריזות דגני בוקר 200 ג',נסטלה Nestle,FR,נסטלה מיקס מיני אריז,יחידה,0.00,יחידה,false,,21.90,0.0000,true,1,230275
7613037686906,false,פיטנס - דגני בוקר שקדים ודבש 355 גרם,נסטלה צרפת איטנקורט,FR,פיטנס שקדים ודבש 355,,355.00,,false,,23.90,0.0673,true,1,242921
7613038451954,false,דגני בוקר שוקולד מופחת סוכר 410 ג' קראנץ',סי. פי. צרפת,FR,קראנץ שוקולד דגני בו,,410.00,100 גרם,false,,23.90,0.0583,true,1,242924
7613039547632,false,גרבר מחית תפוח בננה תות פאוץ' 90 גר',שוורצקוף& הנקל דיסלד,ES,גרבר מחית תפוחבננה ת,,90.00,100 גרם,false,,6.10,0.0678,true,1,245006
7613039547922,false,גרבר מחית תפוח בננה אגס פאוץ' 90 גר',,ES,גרבר מחית תפוח בננה,,90.00,,false,,6.10,0.0678,true,1,245009
7613039879382,false,גרבר - מחית תפוחי עץ 190 גרם,מטרנה,PL,גרבר מחית תפוחי עץ 1,,190.00,100 גרם,false,,5.90,0.0311,true,1,248331
7613039880807,false,גרבר מחית תפוח גזר 190 גר',נסטלה פולסקה אס.איי,PL,גרבר מחית תפוח גזר 1,,190.00,100 גרם,false,,5.90,0.0311,true,1,246756
7613039881965,false,גרבר מחית גזר תפוח ומנגו 190 גר',נסטלה פולסקה אס.איי,PL,גרבר מחית גזר תפוח מ,,190.00,100 גרם,false,,5.90,0.0311,true,1,246757
7613287121783,false,חטיף סמרטיס מיני מאר,נסטלה Nestle,,סמארטיס מיני 187גרם,,187.00,,false,,10.90,0.0583,true,1,247824
7613287155832,false,מטרנה מחית תפוח פאוץ' 90 גר',כלורוקס אוקלנד,IL,גרבר מחית תפוח פאוץ,,90.00,100 גרם,false,,6.10,0.0678,true,1,248330
7613287155894,false,"גרבר - מחית אפרסק כל""פ פאוץ 90 גרם",גרבר Gerber,IL,גרבר מחית אפרסק פאוץ,,90.00,100 גרם,false,,6.10,0.0678,true,1,250524
7613287182456,false,מחית אגס תפוח בננה ויטמינצ'יק 110 ג',"נסטלה ספרד ס.א, מפעל",ES,ויטמינצ'יק פאוץ אגס,,110.00,,false,,5.90,0.0536,true,1,252211
7613287186928,false,קפסולות סטארבקס ברקפסט רוסט 12 יח',נסטלה שוויץ - קפה,CH,סטארבקס קפסולות ברקפ,יחידה,0.00,יחידה,false,,21.90,0.0000,true,1,248452
7613287325808,false,אוסם - דיפ אנד ספרד מטבל איולי שום 295 גרם,נסטלה פולין,PL,רוטב איולי שום לחיץ,,295.00,100 גרם,false,,17.40,0.0590,true,1,249116
7613287325822,false,אוסם - דיפ אנד ספרד מטבל מיקס 295 גרם,אסם,PL,רוטב מיקס לחיץ אסם 2,,295.00,100 גרם,false,,17.40,0.0590,true,1,249117
7613287325853,false,אוסם - דיפ אנד ספרד מטבל איולי ספייסי 295 גרם,נסטלה פולין,PL,רוטב ספייסי איולי לח,,295.00,100 גרם,false,,17.40,0.0590,true,1,249118
7622010001858,false,עוגיות אוראו ממולאות קרם וניל 176 ג',פי אר ג'יי אס אי מנד,UA,אוראו עוגיות ממולאות,,176.00,,false,,9.90,0.0563,true,1,179652
7622201401900,false,עוגיות מילקה סנסיישן אוראו 156 גר',מונדלז פולסקה פרודקש,PL,עוגיות מילקה סנסיישן,,156.00,,false,,13.90,0.0891,true,1,245983
7622201801809,false,שוקלד מילקה טבלת חלב ואגוזים 100ג',מנדלז דויצ'לנד סנקס,DE,שוקולד חלב מילקה אגו,,100.00,,false,,7.90,0.0790,true,1,248413
7622201802394,false,שוקולד מילקה טבלה חלב 100 ג',מנדלז דויצ'לנד סנקס,DE,שוקולד מילקה חלב 100,,100.00,,false,,7.90,0.0790,true,1,248411
7622201808631,false,מיני עוגיות אוראו במילוי קרם בטעם וניל,פי.טי. מונדלז אינדונ,ID,אוראו מיני כוסות בטע,,67.00,100 גרם,false,,8.90,0.1328,true,1,248416
7622201813390,false,וופל במילוי קרם קקאו בציפוי שוקולד חלב,מונדליז סי.אר. ביסקו,,מילקה וואפל במילוי ק,,150.00,100 גרם,false,,13.90,0.0927,true,1,248422
7622201823733,false,עוגיות ת`ינס דקות 151 ג' מילקה,,,עוגיות מילקה תינס דק,,151.00,100 גרם,false,,13.90,0.0921,true,1,253072
7622210078131,false,מילקה שוקולד חלב במילוי קרם שמנת 100 ג',מנדלז דויצ'לנד סנקס,DE,מילקה שוקולד חלב עם,,100.00,,false,,7.90,0.0790,true,1,220346
7622210163899,false,שוקולד חלב במילוי סוכריות עדשים,מונדלז דויצ'לנד סנקס,DE,שוקולד מילקה חלב עם,,100.00,100 גרם,false,,7.90,0.0790,true,1,224390
7622210392589,false,טובלרון טייני חלב 200 גרם,,,טובלרון טייני חלב 20,,200.00,100 גרם,false,,14.90,0.0745,true,1,252193
7622210453327,false,עוגיות שוקוצ'יפס במילוי שוקולד סנסיישן,מנדלז פולסקה פרודקשן,PL,עוגיות מילקה סנסיישן,,156.00,,false,,13.90,0.0891,true,1,221876
7622210826053,false,שוקולד מילקה אוראו סנדוויץ 92 גר',גיאורי קאקסז קייאףטי,HU,שוקולד מילקה אוראו ס,,92.00,100 גרם,false,,7.90,0.0859,true,1,245986
7622300200237,false,מילקה שוקולד חלב 250 גרם,מונדליז אוסטרייך פרו,AT,שוקולד מילקה חלב250ג,,250.00,100 גרם,false,,12.90,0.0516,true,1,179668
7622300489427,false,עוגיות אוראו בציפוי שוקולד לבן 246 ג',מנדלז אספנה גאלטס פר,ES,עוגיות אוראו בציפוי,,246.00,,false,,14.90,0.0606,true,1,223417
7622300489434,false,"עוגיות אוראו פאדג' בציפוי שוקולד חלב, 246 גרם",מנדלז אספנה גאלטס פר,ES,אוריאו פאג' שוקולד ח,,246.00,,false,,14.90,0.0606,true,1,223416
7622300495046,false,מילקה אקסטרא קקאו 100 ג',מנדלז דויצ'לנד סנקס,DE,שוקולד מילקה אקסטרה,,100.00,100 גרם,false,,7.90,0.0790,true,1,179679
7622300503079,false,"מילקה, עוגיות ביסקוויט מצופות שוקולד - 200 גרם",מונדלז פולסקה פרודקש,PL,מילקה מוו ביסקוויט מ,,200.00,100 גרם,false,,13.90,0.0695,true,1,179681
7622300617820,false,שוקלד מילקה טבלת חלב אוראו 100ג',מנדלז דויצ'לנד סנקס,DE,שוקולד מילקה אוראו 1,,100.00,,false,,7.90,0.0790,true,1,179682
7622400005190,false,שוקולד חלב ושוקולד לבן Happy Cow,מנדלז דויצ'לנד סנקס,DE,שוקולד מילקה 100גר,,100.00,100 גרם,false,,7.90,0.0790,true,1,179688
7630477891592,false,קפסולות האוס בלנד לונגו עוצמה 8 - 10 יח',נסטלה שוויץ - קפה,CH,סטארבקס קפסולות האוס,יחידה,0.00,יחידה,false,,21.90,0.0000,true,1,244990
7702018462032,false,גילט מאך 3 סטארט סכינים 4 יח',פרוקטור אנד גמבל,DE,מאך 3 סכיני גילוח רב,יחידה,0.00,יחידה,false,,29.90,0.0000,true,1,247742
7702018980833,false,"ג'ילט ג'ל גילוח סירייס מועשר בלחות - 200 מ""ל",פרוקטר & גמבל,,גילט גל גילוח מועשר,,200.00,,false,,19.90,0.0995,true,1,203528
7702024074625,false,פיטנס - חטיפי קרקר חיטה מלאה 234 גרם,קומסטיבלס לה רוזה אס,CO,פיטנס חטיפי קרקר חיט,,234.00,100 גרם,false,,14.00,0.0598,true,1,224769
7702174066631,false,לקקן פין פופ 10 יח' 170 גר' וסטהיים,הדקלאים אגודת שיתופי,CO,לקקן פינפופ מהדרין י,,180.00,100 גרם,false,,7.90,0.0439,true,1,191911
7702174068826,false,סוכריות לקקן במילוי טופי בטעמי יוגורט פירות,יוגטה yogueta,CO,לקקן עם סוכריות טופי,יחידה,0.00,יחידה,false,,11.90,0.0000,true,1,191914
7702174070201,false,סוכריות לקקן במילוי טופי בטעם מסטיק,יוגטה yogueta,CO,לקקן מג'יק יוגטה 12י,יחידה,0.00,יחידה,false,,11.90,0.0000,true,1,191918
7702174073783,false,סוכריות על מקל בטעם קולה במילוי גומי לעיסה,הדקלאים אגודת שיתופי,CO,לקקן פינפופ קולה יוג,,180.00,,false,,7.90,0.0439,true,1,191919
7792860006218,false,סוכריות לקקנים בייבי דול Baby Doll לריטר,גוד פוד פרודקטס S.p,AR,סוכריות לקקנים בייבי,,24.00,,false,,2.50,0.1042,true,1,190932
7891024030974,false,"קולגייט משחת שיניים טריפל אקשן 75 מ""ל",הנסיך- מפעל לייצור ט,BR,קולגייט טריפל אקשן מ,,75.00,100 גרם,false,,7.90,0.1053,true,1,186027
7891024130063,false,"קולגייט מי פה פלאקס ללא אלכוהול 500 מ""ל מהדרין",קולגייט Colgate,BR,קלוגייט מי פה פלאקס,,500.00,,false,,19.90,0.0398,true,1,186032
8000020000365,false,ורמוט צינזאנו ביאנקו,דויד קמפרי,IT,*מבצע* וורמוט צינזנו,,750.00,,false,,26.00,0.0347,true,1,173317
8000113003402,false,"קמח תירס בוואקום 1 ק""ג",מולינו ניקולי אס.פי.,IT,קמח תירס בוואקום 1 ק,,1000.00,100 גרם,false,,15.90,0.0159,true,1,192965
8000300389067,false,באצ'י שוקולד מריר ש,,,באצ'י שוקולד מריר ש,,125.00,100 גרם,false,,10.90,0.0872,true,1,253061
8000380003723,false,גרנד פטיסרי עוגיות וופל אגוזים 100ג',קריניציה ויטמינה אס,IT,גרנד פטיסרי וופל אגו,,100.00,100 גרם,false,,13.90,0.1390,true,1,191921
8000380004669,false,וופל לואקר סנדוויץ קוביות ושוקולד 200ג',"א. לואקר, קונפקט ג'י",AT,וופל לואקר קוביות סנ,,200.00,100 גרם,false,,13.90,0.0695,true,1,191924
8000380004676,false,קוביות וופל סנדוויץ Sandwich עם וניל וחלב,"א. לואקר, קונפקט ג'י",AT,וופל לואקר קוביות סנ,,200.00,,false,,13.90,0.0695,true,1,191925
8000380004911,false,קוביות וופל קואדרטיני Quadratini קרם אגוזים,קריניציה ויטמינה אס,AT,וופל קואדרטיני אגוז,,250.00,,false,,14.90,0.0596,true,1,191928
8000380004966,false,וופל קוארדטיני לואקר קוביות שוקולד 250ג',קריניציה ויטמינה אס,AT,וופל לואקר קוביות קק,,250.00,,false,,14.90,0.0596,true,1,191931
8000380007219,false,וופל לואקר אגוז קלאסי 175ג',קריות זול,AT,וופל לואקר אגוז 175ג,,175.00,100 גרם,false,,11.90,0.0680,true,1,191935
8000380007257,false,וופל גרנדה מצופה שוקולד 200ג',קריניציה ויטמינה אס,IT,וופל גרדנה אגוז 200ג,,200.00,,false,,14.90,0.0745,true,1,191937
8000380007271,false,וופל לואקר קרם חלב 175ג',לואקר Loacker,AT,וופל לואקר חלב 175גר,,175.00,100 גרם,false,,11.90,0.0680,true,1,191939
8000380106028,false,טורטינה לואקר וופל שוקולד ואגוזים שישיה 125ג',קריניציה ויטמינה אס,IT,טורטינה שישיה חלב 12,,125.00,100 גרם,false,,18.90,0.1512,true,1,191941
8000380144044,false,וופל גרדנה לואקר שוקולד 200ג',"א. לואקר , AG/SpA, ו",IT,לואקר גרדנה שוקולד,,200.00,,false,,14.90,0.0745,true,1,191945
8000380152704,false,וופל אצבעות גרדנה חטיפי אגוז שוקו' 125גר,"אינסטנטה בע""מ",IT,לואקר גרדנה אצבעות ו,,125.00,100 גרם,false,,15.90,0.1272,true,1,191954
8000380153534,false,מארז וופל שוקולד טורטינה Tortina שוקולד לבן,לואקר Loacker,IT,לואקר טורטינה שוקולד,,125.00,,false,,18.90,0.1512,true,1,191959
8000380157570,false,וופל קלאסי לואקר 262,,,וופל קלאסי לואקר 262,,262.50,100 גרם,false,,13.90,0.0530,true,1,221979
8000380180745,false,קוביות וופל קואדרטיני קקאו במילוי קר חלב,"א. לואקר, קונפקט ג'י",AT,לואקר קואדרטיני שוקו,,250.00,,false,,14.90,0.0596,true,1,191973
8000380180837,false,וופל שוקולד לבן וקוקוס גראן פטיסרי Gran Pasticceria,"אינסטנטה בע""מ",IT,גרנד פטיסרי במילוי ק,,100.00,100 גרם,false,,13.90,0.1390,true,1,191974
8000380184644,false,לואקר מיניס טעמים שונים 250ג',,,וופל לואקר מיניס טעמ,,150.00,100 גרם,false,,12.90,0.0860,true,1,243567
8000380192243,false,וופלים לואקר מקסי בטעם אגוז 200 גר',לואקר Loacker,AT,לואקר מקסי טעם אגוז,,200.00,100 גרם,false,,12.90,0.0645,true,1,235302
8000380192250,false,וופלים לואקר מקסי בטעם שוקולד 200 גר',לואקר Loacker,AT,וופל לואקר מקסי שוק,,200.00,100 גרם,false,,12.90,0.0645,true,1,235303
8000380192588,false,קוביות וופל קואדרטיני דאבל שוקולד,קריניציה ויטמינה אס,AT,לואקר קוארדטיני דאבל,,250.00,,false,,14.90,0.0596,true,1,226867
8000380206896,false,וופל גרדנה בטעם חמאת בוטנים מצופה,לואקר Loacker,,וופל גרדנה חמאת בוטנ,,200.00,100 גרם,false,,14.90,0.0745,true,1,250887
8000380207183,false,טורטינה חמאת בוטנים לואקר 6*21גר,לואקר Loacker,,טורטינה חמאת בוטנים,,126.00,100 גרם,false,,18.90,0.1500,true,1,250888
8000500023624,false,חטיפי הפי היפו Happy Hippo במילוי קרם חלב וקקאו,קינדר Kinder,DE,קינדר הפי היפו חמישי,,102.00,,false,,14.90,0.1461,true,1,214836
8000500023976,false,בונבוניירת רפאלו Raffaello,קריות זול,PL,בונבוניירת רפאלו 150,,150.00,,false,,17.90,0.1193,true,1,214837
8000500026731,false,שוקולד ביצי הפתעה קינדר שלישייה,קריות זול,IT,קינדר ביצי שוקולד 3*,,60.00,100 גרם,false,,15.90,0.2650,true,1,214838
8000500029350,false,מארז וופל מצופה 3יח' *43 גרם קינדר בואנו,קינדר Kinder,PL,קינדר בואנו שלישייה,,129.00,,false,,11.90,0.0922,true,1,214840
8000500032237,false,בונבוניירה פררו רושר 375ג',פררו Ferrero,IT,פררו רושר בונבוניירה,,372.00,100 גרם,false,,47.90,0.1288,true,1,214841
8000500037874,false,בונבוניירה פררו רושה 200ג',קריות זול,IT,פררו רושר בונבוניירה,,200.00,100 גרם,false,,27.90,0.1395,true,1,214843
8000500071083,false,אצבעות שוקולד קינדר Kinder שש עשרה יחידות,קינדר Kinder,IT,*מבצע* קינדר אצבעות,,200.00,100 גרם,false,,12.90,0.0645,true,1,214845
8000500121436,false,מארז קינדר בואנו Kinder Bueno לבן שלוש יחידות,קינדר Kinder,PL,קינדר בואנו לבן שליש,,117.00,,false,,11.90,0.1017,true,1,214849
8000500249352,false,קינדר בואנו מיני מיקס שקית 205 ג',קינדר Kinder,PL,קינדר בואנו מיני מיק,,205.00,100 גרם,false,,21.90,0.1068,true,1,222385
8000500256213,false,קינדר שוקולד מיני בשקית.,קדבורי,IT,קינדר שוקולד מיני 12,,120.00,100 גרם,false,,11.90,0.0992,true,1,226053
8000500267103,false,קינדר דליס שוקול' אישי מארז 10 יח' 420 גר',קינדר Kinder,,קינדר דליס 390 גרם,,390.00,,false,,19.90,0.0510,true,1,226042
8000500269169,false,קינדר קארדס Kinder Cards - חמישייה,קריות זול,IT,קינדר קארדס חמישייה,,128.00,,false,,14.90,0.1164,true,1,251859
8000500294345,false,שוקולד איש שלג פררו,,,איש שלג פררו 90גר,,90.00,100 גרם,false,,15.90,0.1767,true,1,246290
8000500310397,false,נוטלה עוגיות נוטלה בגליל 12יח' - NUTELLA BISCUITTS,נוטלה Nutella,IT,נוטלה ביסקוויט גליל,,166.00,100 גרם,false,,15.90,0.0958,true,1,253068
8000500366073,false,נוטלה עוגיות נוטלה בשקית 20 יח'- NUTELLA BISCUITTS,נוטלה Nutella,IT,נוטלה ביסקוויט שקית,,276.00,,false,,21.90,0.0793,true,1,253067
8000500386941,false,"ממרח קקאו עם אגוזי לוז, 900 גרם",קדבורי,IT,נוטלה ממרח קקאו עם א,,900.00,100 גרם,false,,29.90,0.0332,true,1,251860
8001090196224,false,הד&שולדרס שמפו קלאסי,,,הד&שולדרס שמפו קלאסי,,360.00,,false,,18.90,0.0525,true,1,253569
8001090222541,false,"שמפו תות שדה ומנטה 400 מ""ל הרבל אסנסס",הרבל אסנס Herbal Essences,,הרבל אסנסס שמפו תות,,400.00,,false,,18.90,0.0472,true,1,230235
8001090222572,false,"מרכך תות שדה ומנטה 400 מ""ל הרבל אסנסס",הרבל אסנס Herbal Essences,,הרבל אסנסס מרכך תותו,,400.00,100 גרם,false,,18.90,0.0472,true,1,230237
8001090222879,false,"הרבל אסנסס - מרכך שיקום שמן ארגן 400 מ""ל",הרבל אסנס Herbal Essences,,הרבל אסנסס מרכך שיקו,,400.00,100 גרם,false,,18.90,0.0472,true,1,230241
8001090312150,false,אריאל קפסולות גל כבי,,,אריאל קפסולות גל כבי,יחידה,0.00,יחידה,false,,59.90,0.0000,true,1,253225
8001090318428,false,אריאל קפסולות גל כבי,,,אריאל קפסולות גל כבי,יחידה,0.00,יחידה,false,,59.90,0.0000,true,1,253227
8001090336408,false,חיתולים בייבי דריי מידה 3 38 יח' פמפרס,פרוקטר אנד גמבל,DE,פמפרס בייבי דריי מיד,יחידה,0.00,יחידה,false,,34.90,0.0000,true,1,242492
8001090336446,false,טיטולי פמפרס בייבי דריי מידה 4 34 יח',פרוקטר אנד גמבל,DE,פמפרס בייבי דריי מיד,יחידה,0.00,יחידה,false,,34.90,0.0000,true,1,242493
8001090336491,false,טיטולי פמפרס בייבי דריי מידה 4+ 31 יח',פרוקטר אנד גמבל,DE,פמפרס בייבי דריי מיד,יחידה,0.00,יחידה,false,,34.90,0.0000,true,1,242494
8001090336521,false,טיטולי פמפרס בייבי דריי מידה 5 30 יח',פרוקטר אנד גמבל,DE,פמפרס בייבי דריי מיד,יחידה,0.00,יחידה,false,,34.90,0.0000,true,1,242495
8001090375230,false,"מרכך מרוכז לחות מוגברת 200 מ""ל פנטן",פנטן Pantene,,פנטן מרכך מרוכז 200,,200.00,100 גרם,false,,18.90,0.0945,true,1,222376
8001090375285,false,"מרכך מרוכז למגע רך כמשי 200 מ""ל פנטן",פנטן Pantene,,פנטן מרכך מרוכז 200,,200.00,,false,,18.90,0.0945,true,1,222377
8001090493637,false,"הד אנד שולדרס שמפו אולטרא טוטאל קר 450 מ""ל",הד אנד שולדרס H&S,,הד&שולדרס שמפו אולטר,,450.00,,false,,21.90,0.0487,true,1,221681
8001090810120,false,פנטן קונדישנר מרוקאי,פרוקטר אנד גמבל,RO,פנטן מרכך שמן מרוקאי,,500.00,100 גרם,false,,18.90,0.0378,true,1,225075
8001090810205,false,"שמפו פנטן נוסחה קלאסית 500 מ""ל",פרוקטר אנד גמבל,RO,פנטן שמפו נוסחה קלאס,,500.00,,false,,18.90,0.0378,true,1,225068
8001090810281,false,פנטן שמפו שמן מרוקאי.,פרוקטר אנד גמבל,RO,פנטן שמפו שמן מרוקאי,,500.00,,false,,18.90,0.0378,true,1,225076
8001090810403,false,שמפו למגע רך כמשי פנ,פרוקטר אנד גמבל,RO,פנטן שמפו למגע רך כמ,,500.00,,false,,18.90,0.0378,true,1,225069
8001090833167,false,אריאל ג'ל כביסה ניחוח הרים 2.365 ליטר,פרוקטור אנד גמבל,FR,אריאל גל כביסה ניחוח,ליטרים,2.37,ליטר,false,,35.90,15.1477,true,1,225808
8001090833198,false,אריאל ג'ל כביסה ניחוח מרענן 2.365 ליטר,פרוקטור אנד גמבל,FR,אריאל גל כביסה ניחוח,ליטרים,2.37,ליטר,false,,35.90,15.1477,true,1,225809
8001090833228,false,אריאל ג'ל כביסה קולור 2.365 ליטר,אריאל Ariel,FR,אריאל גל כביסה קולור,ליטרים,2.37,ליטר,false,,35.90,15.1477,true,1,225810
8001090899194,false,תחבושות אולוויז פלטינום נורמל 24 יח',אולוויז Always,,תחבושות אולוויז פלטי,יחידה,0.00,יחידה,false,,19.90,0.0000,true,1,235219
8001090899224,false,תחבושות אולוויז פלטינום לונג 20 יח',אולוויז Always,,תחבושות אולוויז פלטי,יחידה,0.00,יחידה,false,,19.90,0.0000,true,1,235220
8001090899255,false,תחבושות אולוויז פלטינום לילה 16 יח',Unknown,,תחבושות אולוויז פלטי,יחידה,0.00,יחידה,false,,19.90,0.0000,true,1,235221
8001090988362,false,"שמפו לחות מוגברת פנטן 500 מ""ל","פרוקטר אנד גמבל, רומ",RO,פנטן שמפו לחות מוגבר,,500.00,100 גרם,false,,18.90,0.0378,true,1,225065
8001090988447,false,מרכך לתלתלים מושלמים,,,פנטן מרכך לתלתלים מו,,500.00,,false,,18.90,0.0378,true,1,225071
8001090988843,false,"פנטן קונדישנר לחות מרכך מוגברת 500 מ""ל",פרוקטר אנד גמבל,,פנטן קונדישנר לחות מ,,500.00,,false,,18.90,0.0378,true,1,225066
8001090988881,false,מרכך פנטן קונדישנר למגע רך כמשי 500 מל,פרוקטר אנד גמבל,,פנטן קונדישנר למגע ר,,500.00,100 גרם,false,,18.90,0.0378,true,1,225072
8001090988966,false,שמפו לתלתלים מושלמים,,,פנטן שמפו לתלתלים מו,,500.00,,false,,18.90,0.0378,true,1,225074
8001100011752,false,וואפל בטעם קקאו באלוקו 175 ג',,,וופל שכבות175ג באלוק,,175.00,100 גרם,false,,9.90,0.0566,true,1,252411
8001100011769,false,וופל שכבות 175 ג באל,,,וופל שכבות 175 ג באל,,175.00,100 גרם,false,,9.90,0.0566,true,1,252410
8001100011776,false,וופל שכבות 175ג באלו,,,וופל שכבות 175ג באלו,,175.00,100 גרם,false,,9.90,0.0566,true,1,252412
8001100059242,false,שקיות וופל ריבועי פלוקו במילוי קרם קקאו 250 ג',,,וופל קוביות 250 ג בא,,250.00,100 גרם,false,,12.90,0.0516,true,1,252405
8001100059259,false,שקיות וופל ריבועי פלוקו עם מילוי קרם אגוזי לוז 250 ג',,,וופל קוביות 250ג באל,,250.00,,false,,12.90,0.0516,true,1,252404
8001100067940,false,וואפל בטעם קקאו באלוקו 125 ג',,,וופל קוביות 125ג באל,,125.00,,false,,8.90,0.0712,true,1,252408
8001100067957,false,שקיות וופל פאלוקו סקוור אגוזי לוז 125 ג',,,וופל קוביות125ג באלו,,125.00,100 גרם,false,,8.90,0.0712,true,1,252407
8001100067964,false,שקיות וופל פלוקו וניל ריבועים 125 ג',,,וופל קוביות 125ג באל,,125.00,100 גרם,false,,8.90,0.0712,true,1,252409
8001620011935,false,מים מינרלים מוגזים שישייה בקבוק אישי,אקווה מינרלה סאן בנד,IT,סאן בנדטו מוגז שישיי,,3000.00,,false,,14.90,0.0050,true,1,173218
8001841096889,false,"נוזל לניקוי כלים לימון קלאסי 900 מ""ל",פרוקטר & גמבל,TR,פיירי לבן לימון 900,,900.00,100 גרם,false,,9.90,0.0110,true,1,224753
8001841291086,false,"אבקת כביסה אריאל 5 ק""ג ירוק מעורב.",,,אבקת כביסה אריאל 5 ק,,5000.00,100 גרם,false,,44.90,0.0090,true,1,253579
8001841625188,false,סבון כלים פלטינום לימון X3 פעולות להסרת שומנים,פרוקטר אנד גמבל,GB,פיירי פלטינום לימון,,515.00,100 גרם,false,,10.90,0.0212,true,1,244195
8001841625461,false,סבון כלים פלטינום X3 פעולות להסרת שומנים,פרוקטר אנד גמבל,GB,פיירי פלטינום אורגינ,,515.00,100 גרם,false,,10.90,0.0212,true,1,244196
8001841722146,false,אולוויז מגן תחתון וליופק נורמל 56 יחידות,דיפלומט,DE,מגן תחתון אולוויז נו,יחידה,0.00,יחידה,false,,17.90,0.0000,true,1,245654
8001841941929,false,תחבושות אולוייז וליו,פרוקטר אנד גמבל,,אולוויז תחבושות פלטי,,14.00,,false,,19.90,1.4214,true,1,248247
8001841960258,false,פיירי פלטיניום למדיח,,,פיירי פלטיניום למדיח,יחידה,0.00,יחידה,false,,59.90,0.0000,true,1,253224
8002450202005,false,ורדי ספרקלטיני אסאי Verdi acai Sparkletini,בוסקה Bosca,,ורדי משקה כהלי מוגז,,750.00,,false,,24.90,0.0332,true,1,192460
8002450206003,false,ורדי רימונים ספרקלטיני,"איי, בי, אינבוו",IT,ורדי משקה כהלי מוגז,,750.00,100 גרם,false,,24.90,0.0332,true,1,192462
8002450208007,false,ורדי גרין אפל ספרקלטיני,בוסקה Bosca,,ורדי משקה כהלי מוגז,,750.00,,false,,24.90,0.0332,true,1,192466
8002450209004,false,ורדי משקה כהלי מוגז,בוסקה Bosca,,ורדי משקה כהלי מוגז,,750.00,,false,,24.90,0.0332,true,1,192467
8004030344938,false,טונה בשמן זית ריו מרה שלישיה * 80 ג',"בולטון אלימנטרי בע""מ",IT,טונה ריו מרה שמן זית,,240.00,100 גרם,false,,28.90,0.1204,true,1,235773
8004690050507,false,פסטה איטלקית פטוציני,למוליזנה,IT,פסטה לאמוליזנה פטוצ',,500.00,,false,,8.90,0.0178,true,1,224642
8004690050620,false,פסטה לאמוליזנה לינגו,למוליזנה,IT,פסטה לאמוליזנה לינגו,,500.00,100 גרם,false,,8.90,0.0178,true,1,238306
8004690051573,false,פסטה לאמוליזנה ספגטי,למוליזנה,IT,פסטה לאמוליזנה ספגטי,,500.00,100 גרם,false,,8.90,0.0178,true,1,190937
8004690052044,false,פסטה לאמוליזנה פנה ז,למוליזנה,IT,פסטה לאמוליזנה פנה ז,,500.00,100 גרם,false,,8.90,0.0178,true,1,190938
8004690052600,false,פסטה לאמוליזנה קונכי,למוליזנה,IT,פסטה לאמוליזנה קונכי,,500.00,,false,,8.90,0.0178,true,1,243532
8004690052846,false,פסטה פוסילי למוליזנה,למוליזנה,IT,פסטה לאמוליזנה פוסיל,,500.00,100 גרם,false,,8.90,0.0178,true,1,190939
8004690053195,false,פסטה לאמוליזנה ריגטו,למוליזנה,IT,פסטה לאמוליזנה ריגטו,,500.00,100 גרם,false,,8.90,0.0178,true,1,224888
8004690055601,false,פסטה לאמוליזנה צ'ינס,למוליזנה,IT,פסטה לאמוליזנה צ'ינס,,500.00,,false,,8.90,0.0178,true,1,243533
8004690057308,false,פסטה לאמוליזנה רדיאט,למוליזנה,IT,פסטה לאמוליזנה רדיאט,,500.00,,false,,8.90,0.0178,true,1,224890
8004690058008,false,פסטה לאמוליזנה גמלי,למוליזנה,IT,פסטה לאמוליזנה גמלי,,500.00,,false,,8.90,0.0178,true,1,229731
8004690106600,false,פסטה לאמוליזנה פארפא,למוליזנה,IT,פסטה לאמוליזנה פארפא,,500.00,,false,,8.90,0.0178,true,1,224643
8005110000416,false,מוטי פולפה דאטריני ע,,,מוטי פולפה דאטריני ע,,800.00,100 גרם,false,,13.90,0.0174,true,1,253415
8005110170300,false,עגבניות מרוסקות חתוכות מוטי MUTTI שלישיה *400,מוטי Mutti,IT,עגבניות מרוסקות מוטי,,1200.00,,false,,18.90,0.0157,true,1,215450
8005110191015,false,רסק עגבניות ובזיליקום 700 ג' (ירוק) MUTTI,"איי, בי, אינבוו",IT,רסק עגבניות ובזיליקו,,700.00,100 גרם,false,,13.90,0.0199,true,1,224864
8005110200014,false,רסק עגבניות 210 ג' CONCENTRATO MUTTI,"איי, בי, אינבוו",IT,רכז עגבניות מוטי 210,,210.00,,false,,9.90,0.0471,true,1,215452
8005110551253,false,רוטב עגבניות לפיצה MUTTI,"איי, בי, אינבוו",IT,רוטב לפיצה מוטי 400ג,,400.00,100 גרם,false,,9.90,0.0248,true,1,244231
8005200256587,false,משקה תה בטעם אפרסק 1.5ל' NESTEA,מפעל סאנפלגרינו S.P.,IT,נסטי אפרסק 1.5ליטר,,1500.00,100 גרם,false,,9.50,0.0063,true,1,249668
8005803010357,false,אמור די פאן - קלאסי 125 גרם,"אינסטנטה בע""מ",IT,גריסיני אמור די פאן,,125.00,100 גרם,false,,7.90,0.0632,true,1,220791
8005803010371,false,מקלות גריסיני עם רוזמרין,"אינסטנטה בע""מ",IT,גריסיני אמור די פאן,,125.00,100 גרם,false,,7.90,0.0632,true,1,220792
8005803010661,false,אמור די פאן - שומשום 125 גרם,"הוסטה איטליה, ס.ר.ל.",IT,גריסיני אמור די פאן,,125.00,,false,,7.90,0.0632,true,1,220794
8006423362406,false,שוקולד טופ זהב שקית,,,שוקולד טופ זהב שקית,,250.00,100 גרם,false,,16.90,0.0676,true,1,248323
8006540112793,false,"מרכך כביסה מרוכז בניחוח יסמין לנור 900 מ""ל",פרוקטר & גמבל,FR,לנור מרכך מרוכז בניח,,900.00,,false,,15.90,0.0177,true,1,247768
8006540112823,false,"לנור מרכך כביסה מרוכז בניחוח האוקיינוס 900 מ""ל",פרוקטר אנד גמבל,FR,לנור מרכך מרוכז בניח,,900.00,,false,,15.90,0.0177,true,1,247767
8006540112854,false,"מרכך כביסה מרוכז בניחוח סחלב לנור 900 מ""ל",פרוקטר & גמבל,FR,לנור מרכך מרוכז בניח,,900.00,,false,,15.90,0.0177,true,1,247769
8006540221068,false,מגן תחתון אלוויז וליופק לונג פלוס 40 יחי',פרוקטר,DE,אולוויז מגני תחתון ל,יחידה,0.00,יחידה,false,,17.90,0.0000,true,1,251401
8006540221341,false,אולוויז מגן תחתון וליופק לארג' 48 יחידות,,DE,אולוויז מגן תחתון אק,יחידה,0.00,יחידה,false,,17.90,0.0000,true,1,250373
8006540221464,false,אולוויז מגן תחתון וליופק נורמל 56 יחידות,,,אולוויז מגני תחתון נ,יחידה,0.00,יחידה,false,,17.90,0.0000,true,1,249968
8006540302538,false,הד&שולדרס שמפו קלאסי,,,הד&שולדרס שמפו קלאסי,,350.00,100 גרם,false,,18.90,0.0540,true,1,252284
8006540495186,false,"לנור מרכך כביסה בניחוח בייבי 900 מ""ל",פרוקטר & גמבל,FR,לנור מרכך כביסה בייב,,900.00,,false,,15.90,0.0177,true,1,251656
8006540620403,false,"אבקת כביסה אפקט פיירי 7 ק""ג טייד",פרוקטר & גמבל,TR,טייד אבקת כביסה אפקט,,7000.00,,false,,59.90,0.0086,true,1,253229
8008620009337,false,קריץ-קרקר חיטה מלאה 250ג',,,קריץ קרקר חיטה מלאה,,250.00,100 גרם,false,,7.90,0.0316,true,1,246188
8008857200194,false,פסטה רג'ייה ספגטי 500 גר',,,פסטה רג'ייה ספגטי 50,,500.00,,false,,6.90,0.0138,true,1,175357
8008857300481,false,פסטה רג'ייה בורג 500 גר',,,פסטה רג'ייה בורג 500,,500.00,,false,,6.90,0.0138,true,1,175361
8008857300627,false,פסטה רג'ייה צדף 500 גר',,,פסטה רג'ייה צדף 500,,500.00,100 גרם,false,,6.90,0.0138,true,1,175365
8008857300641,false,פסטה רג'ייה כובע 500 גר',,,פסטה רג'ייה פסטה רגי,,500.00,100 גרם,false,,6.90,0.0138,true,1,175367
8008857300771,false,פסטה רג'ייה אט' מרק 500 גר',,,פסטה רג'ייה אטריות מ,,500.00,100 גרם,false,,6.90,0.0138,true,1,228005
8008857400655,false,פסטה רג'ייה בורג 3 צבעים 500 גר',,,פסטה רג'ייה בורג שלו,,500.00,100 גרם,false,,7.90,0.0158,true,1,228006
8008857406152,false,פסטה רג'ייה אט' עגולות עבות 500 גר',,,פסטה רג'ייה אטריות ע,,500.00,,false,,7.90,0.0158,true,1,175372
8008857500003,false,רג'יה פסטה 609 אטריות עגולות דקות 500ג,פסטה רג'יה Pasta Reggia,,פסטה רג'ייה אטריות ע,,500.00,100 גרם,false,,7.90,0.0158,true,1,175373
8008857601052,false,פסטה לזניה דפים רג'יה 500ג',פסטה רג'יה Pasta Reggia,,*מבצע* לזניה רגיה 50,,500.00,100 גרם,false,,7.90,0.0158,true,1,225237
8011033011279,false,"קוסקוס מרקש 1 ק""ג",,,קוסקוס 1 קג,,1000.00,100 גרם,false,,12.90,0.0129,true,1,200428
8032880800243,false,פיקניק הפתעה 50 גרם-איגוד רבנים,"הוסטה איטליה, ס.ר.ל.",IT,פיקניק הפתעה אגוזי ל,,50.00,100 גרם,false,,7.90,0.1580,true,1,192000
8033102690079,false,עוגיות וישנזי במילוי,קריות זול,IT,עוגיות וישנזי במילוי,,150.00,100 גרם,false,,10.90,0.0727,true,1,251568
8076800195033,false,ברילה - צ.א ספגטיני מס3 חדש 500 גרם,ברילה גי.אי.אר פרטלי,IT,פסטה ספגטי ברילה מס',,500.00,100 גרם,false,,8.90,0.0178,true,1,186049
8076800195057,false,ברילה - צ.א ספגטי מס5 חדש 500 גרם,ברילה גי.אי.אר פרטלי,IT,פסטה ספגטיני מס 5 בר,,500.00,100 גרם,false,,8.90,0.0178,true,1,186050
8076800195071,false,ספגטי מס 7 ברילה 500,,,ספגטי מס 7 ברילה 500,,500.00,,false,,8.90,0.0178,true,1,250237
8076802085738,false,ברילה - צ.ק פנה רגטה חדש 500 גרם,ברילה גי.אי.אר פרטלי,IT,פסטה פנה רגטה ברילה,,500.00,,false,,8.90,0.0178,true,1,186055
8076802085981,false,ברילה - צ.ק פוזילי חדש 500 גרם,ברילה גי.אי.אר פרטלי,IT,פסטה פתיתי פוזליני ב,,500.00,100 גרם,false,,8.90,0.0178,true,1,186060
8076809513395,false,רוטב פסטה ברילה פורמודרו 400ג',ברילה גי.אי.אר פרטלי,IT,רוטב פורמודרו ברילה,,400.00,100 גרם,false,,15.50,0.0388,true,1,186070
8076809513654,false,בסיס רוטב עגבניות לבולונז 400 ג' ברילה,ברילה גי.אי.אר פרטלי,IT,בסיס לבולונז 400 גרם,,400.00,100 גרם,false,,15.50,0.0388,true,1,186071
8076809513692,false,רוטב פסטה ברילה נפוליטנה 400ג',ברילה גי.אי.אר פרטלי,IT,רוטב נפולטנה 400 גרם,,400.00,,false,,15.50,0.0388,true,1,186072
8076809523561,false,רוטב עגבניות עם עשבי תיבול 400 ג' ברילה,ברילה גי.אי.אר פרטלי,IT,רוטב פסטה טוסקנה 400,,400.00,100 גרם,false,,15.50,0.0388,true,1,186082
8076809523738,false,פסטה ברילה לזניה 500ג',ברילה גי.אי.אר פרטלי,IT,ברילה לזניה 500 גרם,,500.00,100 גרם,false,,24.90,0.0498,true,1,186085
8121300209466,false,תחליף סוכר חום 320 ג' טרוביה,טרוביה Truvia,,טרוביה תחליף סוכר חו,,360.00,100 גרם,false,,29.90,0.0831,true,1,253004
8352063440203,false,מצנם BENATON דגם 402,,,מצנם BENATON דגם 402,יחידה,0.00,יחידה,false,,99.90,0.0000,true,1,250883
8410104039134,false,"פיניש מנקה ומחדש מדיח 250מ""ל",הדקלאים אגודת שיתופי,PL,פיניש מנקה ומחדש מדי,,250.00,,false,,21.90,0.0876,true,1,199746
8410104045111,false,"פיניש מלח למדיח כלים 2ק""ג",פ.פ.ח. שאביט,IL,"פיניש מלח למדיח 2 ק""",,2000.00,,false,,14.90,0.0075,true,1,239360
8410376064438,false,גולון ביסקוויט פיינס,,,גולון ביסקוויט פיינס,,150.00,100 גרם,false,,16.90,0.1127,true,1,251967
8410644611203,false,יין קאווה איבריקה לבן יבש Cava Iberica,יוסף מסאקס ס.ל.,ES,קאווה איבריקה לבן יב,,750.00,,false,,29.90,0.0399,true,1,215278
8410644611210,false,יין קאווה איבריקה לבן חצי יבש Cava Iberica,יוסף מסאקס ס.ל.,ES,קאווה איבריקה לבן חצ,,750.00,,false,,29.90,0.0399,true,1,221767
8410721443772,false,פפריקה מתוקה צנצנת 4,,,פפריקה מתוקה צנצנת 4,,40.00,100 גרם,false,,6.90,0.1725,true,1,244330
8412497595327,false,בקבוק פלסטיק 450מל,,,בקבוק פלסטיק 450מל,יחידה,0.00,יחידה,false,,19.90,0.0000,true,1,187063
8420822130600,false,"ספריי סופר מסיר שומנים 750מ""ל יעקבי",יעקבי,,סופר מסיר שומנים KH-,,750.00,100 גרם,false,,14.90,0.0199,true,1,250579
8420822131270,false,"יעקבי - מרסס סופר מסיר כתמים KH7 410 מ""ל",,,רסס וכבס לכתמים בכבי,,410.00,,false,,11.90,0.0290,true,1,252271
8423207206488,false,מרבה סלים דליס שוקולד חלב חדש,אף.סי תבליני בגליל ב,ES,סלים דליס חטיף דגנים,,120.00,100 גרם,false,,15.90,0.1325,true,1,186107
8423207207362,false,סלים דליס חטיף דגנים שוקולד לבן 120 ג',ביסנצ'ורי אס.אל.יו,ES,סלים דליס חטיף שוקול,,120.00,100 גרם,false,,15.90,0.1325,true,1,186111
8423207208680,false,מרבה סלים דליס לילדים עם שוקולד חלב,ביסנצ'ורי אס.אל.יו,ES,סלים דליס קידס חטיף,,78.00,100 גרם,false,,15.90,0.2038,true,1,186119
8424842050016,false,חטיף ציפס בטעם כמהין,רביו,ES,ציפס רוביו כמהין 125,,125.00,100 גרם,false,,12.90,0.1032,true,1,253306
8424842050030,false,ציפס רוביו מלח הימלא,רביו,ES,ציפס רוביו מלח הימלא,,125.00,100 גרם,false,,12.90,0.1032,true,1,253307
8424842050085,false,ציפס רוביו חרדל ודבש,רביו,ES,ציפס רוביו חרדל ודבש,,125.00,100 גרם,false,,12.90,0.1032,true,1,253308
8425206000081,false,ריבת חלב מרדל 450 גר,כלורוקס אוקלנד,ES,ריבת חלב מרדל 450גר,,450.00,,false,,19.90,0.0442,true,1,192993
8435495805168,false,"תינוקלין לכביסה לעור רגיש אולימפיק 1.25ק""ג",מולינו ניקולי s.p.a,TR,תינוקלין אבקת כביסה,קילוגרמים,1.25,"ק""ג",false,,21.90,17.5200,true,1,223942
8435495807636,false,ג'ל כביסה היפואלרגני 2 ל' תינוקלין,תינוקלין,TR,תינוקלין ג'ל כביסה ב,ליטרים,2.00,ליטר,false,,28.90,14.4500,true,1,226201
8436562150013,false,וודקה מון בלאן 700מל,,,וודקה מון בלאן 700מל,,700.00,,false,,99.90,0.1427,true,1,250073
8436575292205,false,ארטיק חמשושים מאגדת 15*12 גר',שוורצקוף& הנקל דיסלד,IL,חמשושים מאגדת 15יח,,180.00,100 גרם,false,,22.90,0.1272,true,1,227505
8437000906209,false,טורטייה קמח חיטה 320,Azteca foods europe,,עלי טורטיה 320ר,,325.00,100 גרם,false,,10.90,0.0335,true,1,175390
8680530572660,false,מי סודה ריבר מארז 6*,,,מי סודה ריבר מארז 6*,,1200.00,100 גרם,false,,10.90,0.0091,true,1,252194
8683130008935,false,ממרח קטשיונז הלמנס ל,יוניליוור ישראל שיוו,TR,הלמנס קטשיונז 425 גר,,425.00,100 גרם,false,,15.90,0.0374,true,1,249478
8683130025581,false,"בדין - מרכך כביסה אקסטרא ענבר 960 מ""ל",יונילוור - תורכיה,TR,בדין אקסטרא ענבר 960,,960.00,,false,,17.90,0.0186,true,1,250819
8683323063024,false,ממתק בטעם תותי פרוטי בצורת שטיח,מוטקה החולב,TR,סוכריות יוגטה שטיחים,,220.00,,false,,7.90,0.0359,true,1,192025
8686868600037,false,המותג אביזרי שיער,,,המותג אביזרי שיער,יחידה,0.00,יחידה,false,,5.90,0.0000,true,1,202890
8686868600068,false,המותג אביזרי שיער,,,המותג אביזרי שיער,יחידה,0.00,יחידה,false,,8.90,0.0000,true,1,202893
8686868600075,false,המותג אביזרי שיער,,,המותג אביזרי שיער,יחידה,0.00,יחידה,false,,9.90,0.0000,true,1,202894
8686868600112,false,המותג אביזרי שיער,,,המותג אביזרי שיער,יחידה,0.00,יחידה,false,,13.90,0.0000,true,1,202898
8686868600129,false,המותג אביזרי שיער,,,סרט לשיער,יחידה,0.00,יחידה,false,,12.90,0.0000,true,1,202899
8686868600150,false,המותג אביזרי שיער,,,המותג אביזרי שיער,יחידה,0.00,יחידה,false,,17.90,0.0000,true,1,202902
8686868600174,false,המותג אביזרי שיער,,,המותג אביזרי שיער,יחידה,0.00,יחידה,false,,19.90,0.0000,true,1,202903
8686868600204,false,המותג אביזרי שיער,,,המותג אביזרי שיער,יחידה,0.00,יחידה,false,,9.90,0.0000,true,1,202906
8686868600235,false,המותג אביזרי שיער,,,המותג אביזרי שיער,יחידה,0.00,יחידה,false,,12.90,0.0000,true,1,202908
8686868600259,false,מטריה גדולה /כפולה,,,מטריה גדולה /כפולה,יחידה,0.00,יחידה,false,,29.90,0.0000,true,1,219468
8690531401722,false,פלפל אדום קלוי צנצנת,,,פלפל אדום קלוי צנצנת,,550.00,,false,,9.90,0.0180,true,1,247073
8690572785928,false,סאיוס שמפו לשיער גלי,,,סאיוס שמפו לשיער גלי,,600.00,100 גרם,false,,11.90,0.0198,true,1,224854
8690572799499,false,"סאיוס - מרכך אולאו 500 מ""ל",,,סאיוס מרכך שמני הזנה,,500.00,100 גרם,false,,12.90,0.0258,true,1,250435
8690572799505,false,"סאיוס - מרכך לשיער דליל 500 מ""ל",,,סאיוס מרכך לחיזוק שו,,500.00,100 גרם,false,,12.90,0.0258,true,1,250436
8690572799536,false,"שמפו שמני הזנה סאיוס 500מ""ל",,,סאיוס שמפו שמני הזנה,,500.00,,false,,12.90,0.0258,true,1,250434
8690572799543,false,"שמפו לחזיק שורשי סיב השערה סאיוס 500מ""ל",,,סאיוס שמפו לחיזוק שו,,500.00,100 גרם,false,,12.90,0.0258,true,1,250432
8690637946301,false,"בדין - מרכך כביסה אקסטרא בייביי כחול 960 מ""ל",יוניליוור סנאיי וי ט,TR,בדין אקסטרא בייבי 96,,960.00,100 גרם,false,,17.90,0.0186,true,1,243375
8690637971310,false,"מרכך כביסה אקסטרה בניחוח יערת הדבש 960 מ""ל בדין",יוניליוור סנאיי וי ט,TR,בדין אקסטרא יערת הדב,,960.00,100 גרם,false,,17.90,0.0186,true,1,245747
8690637976995,false,"בדין - מרכך כביסה אקסטרא ורוד סחלבים פראי 960 מ""ל",יוניליוור סנאיי וי ט,TR,?בדין אקסטרא ורוד במ,,960.00,,false,,17.90,0.0186,true,1,245746
8690766156374,false,שוקולד גודייבה מריר 72% מוצרי קקאו 90 גר,"אולקר מקבוצת פלאדיס,",TR,שוקולד מריר מעולה 72,,90.00,,false,,14.90,0.1656,true,1,242829
8690766156381,false,שוקולד גודייבה מריר מעולה 90% קקאו 90 גר,"אולקר מקבוצת פלאדיס,",TR,שוקולד מריר מעולה 90,,90.00,,false,,14.90,0.1656,true,1,242830
8690770322598,false,"שמרים יבשים 125 גר` בד""צ",בראבו Bravo,,"שמרים יבשים 125 ג""ר.",,125.00,100 גרם,false,,4.90,0.0392,true,1,191388
8690777206051,false,חצילים קלויים על האש סארה 650 גר',קוראהן פזלרמה וי דיס,TR,חציל קלוי על האש ויל,,650.00,,false,,12.90,0.0198,true,1,178895
8690777221405,false,פלפל אדום קלוי על האש סארה 650גרם,קוראהן פזלרמה וי דיס,TR,פלפל אדום קלוי על הא,,650.00,,false,,12.90,0.0198,true,1,178897
8690799022899,false,ריבת תפוזים מתין 1 ק,בוזטופרק גידה סאנאי,,ריבת תפוזים מתין 1 ק,,1000.00,,false,,17.90,0.0179,true,1,249422
8691058141238,false,ערמונים שלמים קלויים וקלופים 100 ג' Avel,,,ערמונים שלמים 100 גר,,100.00,,false,,6.90,0.0690,true,1,235206
8692440001086,false,כוסות פלסטיק חד פעמי 100 יח',"שניב תעשיות נייר בע""",,כוסות לשתיה קרה טאץ',יחידה,0.00,יחידה,false,,7.90,0.0000,true,1,193264
8697420697914,false,זיתים שחורים יבשים במלח 700 ג',אונטד גידה,TR,זיתים שחורים בפח 700,,700.00,100 גרם,false,,19.90,0.0284,true,1,224948
8697431460064,false,קונפיטורה משמש 70% פרי פרופה 454 גר',פרוטנגו Fruitango,,קונפיטורה 70% משמש 4,,450.00,100 גרם,false,,13.90,0.0309,true,1,175416
8697431460217,false,קונפיטורה 70% תפוזים 450 ג' FRUPPA,פרוטנגו Fruitango,,קונפיטורה 70% פרי תפ,,450.00,100 גרם,false,,13.90,0.0309,true,1,175418
8697431460378,false,קונפיטורה70% שזיף 450 ג' FRUPPA,פרוטנגו Fruitango,,קונפיטורה 70% פרי -,,450.00,100 גרם,false,,13.90,0.0309,true,1,175421
8697431921701,false,קונפיטורה תות שדה 70% פרי פרופה 454 גר',פרוטנגו Fruitango,,קונפיטורה תות שדה פר,,450.00,100 גרם,false,,13.90,0.0309,true,1,175424
8697431921718,false,קונפיטורה דובדבן חמוץ 70% פרי פרופה 454 גר',Barhan gida sanayi v,,קונפיטורה 70 % דובדב,,450.00,,false,,13.90,0.0309,true,1,175425
8697530910750,false,סיגריות פאל מאל כחול ארוך האוס,Unknown,,פאל מאל כחול ארוך,יחידה,0.00,יחידה,false,,28.00,0.0000,false,1,202352
8697659224035,false,מטהר אוויר אקווה 400,אטאק,,מטהר אוויר אקווה 400,,400.00,,false,,9.90,0.0248,true,1,183570
8697826469092,false,טורטיות ראפ בקוטר 20,דין שיווק,TR,טורטיה קטנה 540גר,,540.00,,false,,9.90,0.0183,true,1,200441
8699250035041,false,זית שחור טבעי יבש במ,,,זית שחור טבעי יבש במ,,700.00,,false,,19.90,0.0284,true,1,224022
8710502064814,false,עוגיות שוקולד ציפס במרקם רך 175 ג',בנקטבקריי מרבה בי.וי,NL,עוגיות שוקולד ציפס ר,,175.00,,false,,11.90,0.0680,true,1,186143
8710502139017,false,עוגיות מרבה טריפל שוקולד שוקוצ'יפס 180ג',בנקטבקריי מרבה בי.וי,NL,עוגיות טריפל שוקולד,,180.00,100 גרם,false,,11.90,0.0661,true,1,186145
8710502194801,false,עוגיות שוקולד צ'יפס במרקם רך עם פירות יער,בנקטבקריי מרבה בי.וי,NL,עוגיות שוקולד ציפס פ,,175.00,100 גרם,false,,11.90,0.0680,true,1,186147
8710502279010,false,מרבה עוגיות שוקולד צ'יפס מצופות שוקולד 175 ג',"מרבה בע""מ",NL,עוגיות שוקולד צ'יפס,,175.00,100 גרם,false,,11.90,0.0680,true,1,246797
8710502470028,false,עוגיות שוקולד צ'יפס ממולאות בקרם נוגט,COLGATE PALMOLIVE,NL,עוגיות שוקוציפס נוגט,,160.00,100 גרם,false,,11.90,0.0744,true,1,186155
8710522584200,false,"דאב - תחליב רחצה ורדים ואלוורה 500 מ""ל",דאב Dove,,דאב תחליב רחצה ורדים,,500.00,,false,,13.90,0.0278,true,1,251047
8710800961310,false,סוכריות מנטוס תות מארז 37.5X4ג',פרפטי ואן מלה ברדה,NL,סוכריות מנטוס רביעיי,,37.50,,false,,12.90,0.3440,true,1,192071
8710847860829,false,"רקסונה - דאודורנט רול און לאישה כותנה 50 מ""ל",יוניליוור,,רקסונה רול און כותנה,,50.00,,false,,14.90,0.2980,true,1,234826
8710847860843,false,"רקסונה - דאודורנט רולאון לאישה אינביזיבל 50 מ""ל",,,רקסונה רול און אינבי,,50.00,,false,,14.90,0.2980,true,1,235060
8710847974199,false,"תחליב רחצה דאב קקאו 500 מ""ל",,,דאב תחליב רחצה קקאו,,500.00,,false,,13.90,0.0278,true,1,245964
8711000362679,false,לור קפסולות קפה אספרסו קולומביה 52 גר,קריניציה ויטמינה אס,FR,קפסולות קפה לור קולמ,,10.00,,false,,19.90,1.9900,true,1,227370
8711000362747,false,קפסולות אספרסו ריסטרטו 10* 52 ג' LOR,גיקובס דאו אגברטס צר,FR,קפסולות קפה לור ריסט,,10.00,,false,,19.90,1.9900,true,1,225449
8711000371176,false,קפסולות קפה אספרסו קלאסיקו 10*52 ג' ג'ייקובס,קריניציה ויטמינה אס,FR,גקובס קפסולות קפה אס,,52.00,100 גרם,false,,16.90,0.3250,true,1,226401
8711000371183,false,קפסולות קפה אספרסו אינטנסו 10*52 ג' ג'ייקובס,קריניציה ויטמינה אס,FR,גקובס קפסולות קפה אס,,52.00,100 גרם,false,,16.90,0.3250,true,1,226402
8711000371206,false,קפסולות קפה אספרסו ריסטרטו 10*52 ג' ג'ייקובס,קריניציה ויטמינה אס,FR,גקובס קפסולות קפה אס,,52.00,100 גרם,false,,16.90,0.3250,true,1,226403
8711000371244,false,קפסולות קפה אספרסו לונגו 10*52 ג' ג'ייקובס,ג'ייקובס Jacobs,FR,גקובס קפסולות קפה אס,,52.00,100 גרם,false,,16.90,0.3250,true,1,235942
8712000051099,false,"בירה הייניקן 0% אלכהול 330 מ""ל*6 יח'",פארייפאבה אגרואינדוס,NL,בירה היינקן שישייה 0,,1980.00,,false,,29.90,0.0151,true,1,227443
8712400802499,false,תרכובת מזון המשך לפעוטות על בסיס חלב שלב 1,פרוטרופיק סיה.,NL,נוטרילון -טבע שלב 1,,800.00,100 גרם,false,,64.90,0.0811,true,1,179758
8712400802512,false,תרכובת מזון המשך לפעוטות על בסיס חלב שלב 2,פרוטרופיק סיה.,NL,נוטרילון -טבע שלב 2,,800.00,100 גרם,false,,64.90,0.0811,true,1,179760
8712400802536,false,תרכובת מזון המשך לפעוטות על בסיס חלב שלב 3,פרוטרופיק סיה.,NL,נוטרילון -טבע שלב 3,,800.00,100 גרם,false,,64.90,0.0811,true,1,179762
8712561594240,false,"דאב תחליב רחצה להזנה עמוקה500 מ""ל-מרכז","יוניליוור גרמניה, Gm",DE,תחליב רחצה להזנה עמו,,500.00,,false,,13.90,0.0278,true,1,183353
8712561609647,false,"דאב - תחליב רחצה חמאת שיאה 500 מ""ל",,,דאב תחליב רחצה חמאת,,500.00,,false,,13.90,0.0278,true,1,252163
8712561611183,false,"דאב - תחליב רחצה תה ירוק ומלפפון 500 מ""ל","יוניליוור גרמניה, Gm",DE,דאב תחליב רחצה תה יר,,500.00,100 גרם,false,,13.90,0.0278,true,1,183355
8714599513781,false,קפה נמס גולד מיובש בהקפאה 200 ג' ג'ייקובס,אל.אל. סי ג''יקובס ד,RU,גייקובס גולד קפה נמס,,200.00,,false,,24.90,0.1245,true,1,224645
8714599513835,false,קפה ג'יקובס נטול קופאין מיובש בהקפאה 200 ג',ג'ייקובס Jacobs,,גקובס נטול קפאין מיו,,200.00,100 גרם,false,,35.90,0.1795,true,1,179763
8714599513866,false,"ג'ייקובס קרוננג מיובש בהקפאה כשל""פ 200 ג'",אל.אל.סי גייקובס דאו,DE,קפה נמס קרוננג ג׳יקו,,200.00,,false,,24.90,0.1245,true,1,179764
8714789303925,false,מברשת שיניים 360 Sensitive אקסטרא סופט - מארז זוג,קולגייט- פלמוליב,CH,קולגייט 360 מברשת שי,יחידה,0.00,יחידה,false,,33.90,0.0000,true,1,186187
8714789402970,false,נוזל לניקוי כללי ולרצפה בניחוח פרחי אביב,הנסיך- מפעל לייצור ט,GR,אגקס חגיגת הפרחים יר,ליטרים,1.50,ליטר,false,,19.90,13.2667,true,1,186192
8714789582764,false,"אג'קס ספריי חלונות פעולה משולשת 750מ""ל","ש. שסטוביץ בע""מ",GR,אגקס לניקוי חלונות 7,,750.00,,false,,15.90,0.0212,true,1,186207
8714789930848,false,"משחת שיניים אופטיק וויט אינסטנט 75 מ""ל קולגייט",הנסיך- מפעל לייצור ט,PL,קולגייט אופטיק וויט,,75.00,,false,,21.90,0.2920,true,1,186229
8715700110141,false,מיונז קרמי היינץ צנצנת 460ג',ה.י.היינץ הולדינג בי,NL,מיונז היינץ צנצנת 46,,460.00,,false,,11.90,0.0259,true,1,221874
8715700110158,false,מיונז לייט היינץ צנצנת 490 גר',ה.י.היינץ הולדינג בי,NL,מיונז היינץ לייט צנצ,,490.00,100 גרם,false,,11.90,0.0243,true,1,221875
8715700115641,false,ממרח מיונז לחיץ לייט במרקם קרמי 420 ג' היינץ,היינץ Heinz,,היינץ ממרח לחיץ לייט,,420.00,,false,,14.90,0.0355,true,1,252204
8715700117805,false,"קטשופ היינץ מתבל עגבניות ללא תוספת סוכר ומלח 425 מ""ל",ה.י היינץ הולדינג בי,NL,היינץ מתבל עגבניות ל,,400.00,,false,,12.90,0.0323,true,1,250156
8715700419732,false,מתבל עגבניות היינץ 7,ה.י. היינץ,NL,*מבצע* קטשופ היינץ 7,,700.00,100 גרם,false,,10.90,0.0156,true,1,179768
8715700422473,false,ממרח מיונז ללא חומרים משמרים 395 ג' היינץ,היינץ Heinz,NL,היינץ ממרח לחיץ ללא,,395.00,,false,,14.90,0.0377,true,1,252205
8715700423906,false,קטשופ מתובל עגבניות 50% פחות סוכר 555ג' היינץ,היינץ צפון אמריקה מק,NL,מתבל עגבניות היינץ 5,,555.00,100 גרם,false,,11.90,0.0214,true,1,223456
8718114734484,false,מיונז מיילי 320 גרם,MAILLE,,*מבצע* מיונז פיין 3,,320.00,100 גרם,false,,12.90,0.0403,true,1,194277
8718951175600,false,"משחת שיניים קלין מינט 75 מ""ל קולגייט טוטאל",Unknown,,קולגייט משחת טוטל קל,,75.00,,false,,14.90,0.1987,true,1,245062
8718951240742,false,"קולגייט טוטאל משחת שיניים פסים מרעננים 100 מ""ל",קולגייט Colgate,PL,קולגייט טוטל משחת שי,,100.00,,false,,13.90,0.1390,true,1,226228
8718951264618,false,"קולגייט אופטיק וייט פחם צ'רקול משחת שיניים, 75 מ""ל",קולגייט-פלמוליב,PL,קולגייט אופטיק וייט,,75.00,,false,,19.90,0.2653,true,1,243999
8718951278851,false,"קולגייט הלבנה פחם 100 מ""ל",,,קולגייט הלבנה פחם 10,,100.00,100 גרם,false,,13.90,0.1390,true,1,251921
8718951286733,false,"קולגייט אופטיק וייט לסטינג וויט 75 מ""ל",קולגייט Colgate,PL,קולגייט אופטיק וייט,,75.00,,false,,19.90,0.2653,true,1,252322
8718951313576,false,קולגייט משחת שיניים מקס פרש קול קריסטל 100 מל,קולגייט פלמוליב,PL,קולגייט משחת שיניים,,100.00,100 גרם,false,,10.00,0.1000,true,1,249583
8718951315303,false,משחת שיניים קולגייט הגנה מקסימלית - מארז זוג,קולגייט-פלמוליב,PL,קולגייט משחת שיניים,,200.00,,false,,19.90,0.0995,true,1,245057
8718951382640,false,"פלמוליב ג'ל רחצה חימר דיטוקס 750 מ""ל",קולגייט פלמוליב,TR,פלמוליב סבון גוף חימ,,750.00,100 גרם,false,,18.90,0.0252,true,1,252858
8718951385290,false,אגקס לניקוי כללי כחול 2 ל',קולגייט פלמוליב,GR,אגקס לניקוי כללי ניח,,2000.00,,false,,24.90,0.0124,true,1,246804
8719200997998,false,מרגרינה למריחה בישול וטיגון 200 ג' בלו בנד,יוניליוור,IL,בלו בנד לבישול וטיגו,,200.00,100 גרם,false,,4.90,0.0245,true,1,235434
8719200998001,false,מרגרינה לאפיה ובישול בלי מלח 200 ג' בלו בנד,מיוצר עי קונדיטוריית,IL,בלו בנד בלי מלח 200ג,,200.00,,false,,4.90,0.0245,true,1,235437
8719200998018,false,מחמאה מרגרינה בטעם חמאה 200 ג' בלו בנד,פארייפאבה אגרואינדוס,IL,מרגרינה מחמאה בטעם ח,,200.00,,false,,4.90,0.0245,true,1,235435
8719200998100,false,מרגרינה בטעם חמאה לאפייה 200 ג' מזולה,פארייפאבה אגרואינדוס,IL,מזולה אפייה טעם חמאה,,200.00,100 גרם,false,,6.90,0.0345,true,1,235441
8720181046605,false,דאב - דאודורנט ספריי לאישה אורגינל כחול 150מל,"קוסטר אירוסול, גבזה",TR,דאב ספריי אוריגינל ל,,150.00,,false,,14.90,0.0993,true,1,246059
8720181201332,false,דאב רביעיית סבון מוצק גרגירים,קריות זול,,דאב סבון מוצק דאב גר,,360.00,,false,,17.90,0.0497,true,1,252150
8720181204111,false,"אקס תחליב רחצה אפיק פרש 400 מ""ל",יוניליוור,DE,אקס ג'ל רחצה אפיק פר,,400.00,,false,,14.90,0.0373,true,1,251048
8720182253156,false,דאב רביעיית סבון מוצק ירוק,,,דאב סבון מוצק דאב יר,,360.00,,false,,17.90,0.0497,true,1,252148
8720182256850,false,דאב רביעיית סבון מוצק,קריות זול,,דאב סבון מוצק דאב לב,,360.00,100 גרם,false,,17.90,0.0497,true,1,252149
8801055709458,false,אבקה להכנת משקה קפה בטעם קפוצ'ינו קרמל,נסטלה קוריאה - קפה,,נסקפה קפוצינו קרמל 1,,170.00,,false,,21.90,0.1288,true,1,251117
8801055709465,false,אבקה להכנת משקה קפה בטעם קפוצ'ינו וניל,נסטלה קוריאה - קפה,DE,נסקפה קפוצינו וניל 1,,185.00,,false,,21.90,0.1184,true,1,251119
8801055709489,false,אבקה להכנת משקה קפה בטעם קפוצ'ינו אגוזים,נסטלה קוריאה - קפה,,נסקפה קפוצינו אגוזים,,180.00,100 גרם,false,,21.90,0.1217,true,1,251121
8809168840471,false,חטיף אצות מיובשות מז,Theppadungporn cocon,KR,חטיף אצות מיובשות 4.,,40.00,,false,,24.90,0.6225,true,1,247193
8850180040028,false,קמח טמפורה להכנת בלי,קרנחם אוטאי פחרה,TH,טמפורה 500גר,,500.00,100 גרם,false,,10.90,0.0218,true,1,204771
8850206250592,false,רוטב צ'ילי סריראצ'ה 540 גרם (מזרח ומערב),יאן וואל יון קו.לטד,TH,רוטב צ'ילי סריראצ'ה,,540.00,,false,,19.90,0.0369,true,1,222833
8850367992164,false,קרם קוקוס ללא גלוטן,טאפ פאד ונגפורן,CN,קרם קוקוס 20-22% 250,,250.00,,false,,8.90,0.0356,true,1,204776
8850389105825,false,סאפה אלוורה ענבים 1ליטר,סאפה פובליק קומפני ל,TH,סאפה משקה אלוורה בטע,,1000.00,,false,,15.90,0.0159,true,1,173235
8850389105832,false,משקה אלוורה בטעם תפוחים,סאפה פובליק קומפני ל,TH,סאפה משקה אלוורה בטע,,1000.00,,false,,15.90,0.0159,true,1,173236
8850389105849,false,משקה אלוורה בטעם אפרסק,סאפה פובליק קומפני ל,TH,סאפה משקה אלוורה מופ,,1000.00,100 גרם,false,,15.90,0.0159,true,1,173237
8850632604266,false,יוגטה מקלות חמוצות בטעם קולה 50 גרם 24 יח',ג'נרל קנדי בעמ,TH,חמצוצים מקלות בטעם ק,,50.00,,false,,4.90,0.0980,true,1,192085
8850632606390,false,חיספוסים ממתק חמוץ בטעם אבטיח בצורת שטיח,ג'נרל קנדי בעמ,TH,חיספוסים בטעם אבטיח,,50.00,100 גרם,false,,4.90,0.0980,true,1,192093
8852633020403,false,פניני טפיוקה מזרח ומ,Super J Internationa,TH,פניני טפיוקה 500גר,,500.00,100 גרם,false,,11.90,0.0238,true,1,225533
8858271002870,false,רוטב פאד תאי מזרח ומ,"ייאן וואל יון בע""מ",TH,רוטב פאד תאי 250מל,,2500.00,100 גרם,false,,11.90,0.0048,true,1,204784
8858271002887,false,רוטב טריאקי 250 מ'ל - מקסצ'אפ,דאנינג יוה פודס קו,TH,רוטב טריאקי 250מל,,250.00,,false,,11.90,0.0476,true,1,204785
8858271003020,false,רוטב סויה פורמולה 1 - 700 מ'ל מקסצ'אפ,יאן ונזל יון,TH,רוטב סויה פורמולה מק,,700.00,,false,,15.90,0.0227,true,1,204786
8858271004034,false,רוטב צילי חריף מקסצו,דאנינג יוה פודס קו,TH,רוטב צילי חריף מקסצ,,700.00,,false,,15.90,0.0227,true,1,204795
8858271004126,false,רוטב חמוץ מתוק 700 מ'ל - מקסצ'אפ,יאן ונזל יון,TH,רוטב חמוץ מתוק מקסצא,,700.00,100 גרם,false,,15.90,0.0227,true,1,204797
8858271004799,false,רוטב צ'ילי מתוק מזרח,יאן ונזל יון,TH,רוטב צילי מתוק 700 מ,,700.00,,false,,11.90,0.0170,true,1,204800
8858271005451,false,רוטב סויה פורמולה מק,Yan Wal Yun Corpora,TH,רוטב סויה פורמולה מק,,250.00,,false,,10.90,0.0436,true,1,204801
8888111030053,false,"מיץ אננס SW טבעי מארז 240X4מ""ל פרימיום",S&W,PH,מיץ אננס רביעיית 4*2,,960.00,100 גרם,false,,15.90,0.0166,true,1,219590
8901314525055,false,רביעיית מברשת שיניים,,,מברשת שיניים קולגייט,יחידה,0.00,יחידה,false,,10.90,0.0000,true,1,252706
8901537024014,false,"אורז בסמטי מובחר 1 ק""ג - דוואט) יורה דיעה",הנסיך- מפעל לייצור ט,IN,אורז בסמטי דאווט 1קג,,1000.00,,false,,12.90,0.0129,true,1,178922
8901537076679,false,"אורז בסמטי חום מלא 1 ק""ג דאוואט",האי נאם סי או אל.טי.,IN,אורז בסמטי חום מלא ד,,1.00,100 גרם,false,,14.90,14.9000,true,1,224003
8934878081798,false,"דפי אורז 16 ס""מ 400",Chanh Khang Company,,"דפי אורז 16 ס""מ 400",,400.00,,false,,14.90,0.0373,true,1,227290
8934878081811,false,"דפי אורז 22 ס""מ 400 גר'(Trav) ללא גלוטן",דאנינג יוה פודס קו,CN,"דפי אורז 22 ס""מ 400ג",,400.00,100 גרם,false,,14.90,0.0373,true,1,227291
9000101375268,false,ברף סבון אסלה בניחוח,,,ברף דקלס בניחוח יסמי,יחידה,0.00,יחידה,false,,16.90,0.0000,true,1,252683
9000101375299,false,ברף סבון אסלה בניחוח,,,ברף דלקס בניחוח מגנו,יחידה,0.00,יחידה,false,,16.90,0.0000,true,1,252682
9000101509069,false,ברף - סבון אסלה ג'ל גשם אביב שלשות,,,ברף בריליאנט ג'ל גשם,יחידה,0.00,יחידה,false,,16.90,0.0000,true,1,252684
9000101509151,false,ברף - סבון אסלה ג'ל אוקיינוס הקרח הצפוני שלשות,,,ברף בריליאנט ג'ל אוק,יחידה,0.00,יחידה,false,,16.90,0.0000,true,1,252685
9000101520965,false,"סבון אסלה בניחוח מתחלף לוטוס עדין במבוק, 3 יחידות",ברף Bref,,סבון אסלה שלישייה -ב,יחידה,0.00,יחידה,false,,16.90,0.0000,true,1,250838
9000101537550,false,פרסיל קאפסולות לכביסה לבנה וצבעונית 52 יח',הנקל סוד,HU,פרסיל פאוור קאפס יונ,יחידה,0.00,יחידה,false,,54.90,0.0000,true,1,250839
9000101537581,false,פרסיל קאפסולות לכביסה צבעונית 52 יחידו,הנקל סוד,HU,פרסיל פאוור קאפס לכב,יחידה,0.00,יחידה,false,,54.90,0.0000,true,1,250840
9002859054099,false,מוצרט-שוקולד ממולא 300ג',Gunz BV,,בונבונירה מוצרט משוש,,300.00,100 גרם,false,,29.90,0.0997,true,1,205888
9002859058172,false,גונץ-בננה ציפוי שוקולד מריר 300ג',GUNZ WARENHANDELS,AT,בננה ציפוי שוקולד מר,,300.00,100 גרם,false,,14.90,0.0497,true,1,205889
9002859100536,false,בונבוניירה אצבעות שו,,,בונבוניירה אצבעות שו,,200.00,100 גרם,false,,14.90,0.0745,true,1,222921
9005835313609,false,קלרו טבליות למדיח כלים 15 יחידות CLARO,,,טבליות למדיח כלים קל,יחידה,0.00,יחידה,false,,10.00,0.0000,true,1,250568
9008700155458,false,נקטר ראוך גויאבה 1 ל,Rauch fruchtsafte gm,,הפי דיי נקטר גויאבה,,1000.00,,false,,12.90,0.0129,true,1,227249
9310072028750,false,טים טם Tim Tam וופל שוקולד ציפוי כפול,"ארנוטס ביסקוויטס בע""",AU,טים טם דאבל,,200.00,,false,,19.90,0.0995,true,1,190980
9771565051066,false,ידיעות אחרונות יום ו,,,ידיעות שבת,יחידה,0.00,יחידה,false,,11.90,0.0000,true,1,172766
9780204022251,false,קומקום צבעוני בנטון,,,קומקום צבעוני בנטון,יחידה,0.00,יחידה,false,,99.00,0.0000,true,1,253138
