code,internal_code,name,manufacturer_name,manufacture_country,manufacturer_item_description,unit_qty,quantity,unit_of_measure,weighted,qty_in_package,price,unit_of_measure_price,allow_discount,status,item_id
96,true,משלוח אינטרנטי.,,,משלוח אינטרנטי.,אין,0.00,יחידה,false,,29.00,0.0000,true,1,19359
374,true,פטריות שמפניון,,,פטריות שמפניון,יח',1.00,יח',false,,9.90,9.9000,true,1,30528
1494,true,תפו`א לבן תפזורת,,,תפו`א לבן תפזורת,קילוגרמים,1.00,"ק""ג",true,,4.90,4.9000,true,1,30550
1500,true,פלפל כתום,,,פלפל כתום,קילוגרמים,1.00,"ק""ג",true,,9.90,9.9000,true,1,30554
1501,true,עגבניות,,,עגבניות,קילוגרמים,1.00,"ק""ג",true,,7.90,7.9000,true,1,30555
1502,true,מלפפונים,,,מלפפונים,קילוגרמים,1.00,"ק""ג",true,,7.90,7.9000,true,1,30556
1503,true,גזר ארוז,,,גזר ארוז,קילוגרמים,1.00,"ק""ג",true,,4.90,4.9000,true,1,30557
1505,true,כרוב לבן,,,כרוב לבן,קילוגרמים,1.00,"ק""ג",true,,4.90,4.9000,true,1,30559
1510,true,קישואים,,,קישואים,קילוגרמים,1.00,"ק""ג",true,,9.90,9.9000,true,1,30564
1511,true,חצילים,,,חצילים,קילוגרמים,1.00,"ק""ג",true,,8.90,8.9000,true,1,30565
1516,true,פלפל אדום,,,פלפל אדום,קילוגרמים,1.00,"ק""ג",true,,9.90,9.9000,true,1,30569
1519,true,בצל יבש,,,בצל יבש,קילוגרמים,1.00,"ק""ג",true,,4.90,4.9000,true,1,30572
1535,true,תפו`א אדום ארוז,,,תפו`א אדום ארוז,קילוגרמים,1.00,"ק""ג",true,,4.90,4.9000,true,1,30581
1548,true,תות שדה ביח',,,תות שדה ביח',יח',1.00,יח',false,,19.90,19.9000,true,1,31693
1550,true,תפו`א לבן ארוז,,,תפו`א לבן ארוז,קילוגרמים,1.00,"ק""ג",true,,4.90,4.9000,true,1,30592
1552,true,תפוז,,,תפוז,קילוגרמים,1.00,"ק""ג",true,,5.90,5.9000,true,1,30594
1553,true,ענב לבן,,,ענב לבן,קילוגרמים,1.00,"ק""ג",true,,29.90,29.9000,true,1,30595
1556,true,בננה מובחרת,,,בננה מובחרת,קילוגרמים,1.00,"ק""ג",true,,7.90,7.9000,true,1,30598
1557,true,צנון,,,צנון,קילוגרמים,1.00,"ק""ג",true,,7.90,7.9000,true,1,30599
1560,true,דלעת ארוזה,,,דלעת ארוזה,קילוגרמים,1.00,"ק""ג",true,,9.90,9.9000,true,1,30602
1570,true,קלמנטינה,,,קלמנטינה,קילוגרמים,1.00,"ק""ג",true,,6.90,6.9000,true,1,30610
1572,true,אבוקדו מובחר,,,אבוקדו מובחר,קילוגרמים,1.00,"ק""ג",true,,11.90,11.9000,true,1,30612
1574,true,בטטה מתוקה,,,בטטה מתוקה,קילוגרמים,1.00,"ק""ג",true,,9.90,9.9000,true,1,30614
1604,true,אפרסמון,,,אפרסמון,קילוגרמים,1.00,"ק""ג",true,,12.90,12.9000,true,1,30632
1613,true,דלורית,,,דלורית,קילוגרמים,1.00,"ק""ג",true,,6.90,6.9000,true,1,30637
1683,true,תפוח עץ פינק קריפס,,,תפוח עץ פינק קריפס,קילוגרמים,1.00,"ק""ג",true,,14.90,14.9000,true,1,30664
1708,true,גזר תפזורת,,,גזר תפזורת,קילוגרמים,1.00,"ק""ג",true,,4.90,4.9000,true,1,30670
3517,true,שוקיים פטם טרי,,,שוקיים פטם טרי,קילוגרמים,1.00,"ק""ג",true,,34.90,34.9000,true,1,28269
72963753,false,שמנת אורגינל של פעם 27% שומן 200 ג' תנובה,תנובה מרכז שיתופי לש,IL,תנובה שמנת של פעם 27,מיליליטרים,200.00,"100 מ""ל",false,,4.30,0.0215,true,1,13700
80176800,false,נוטלה ממרח שוקולד 750 גרם,פררו תעשיות איטליה ס,IT,ממרח שוקולד נוטלה 75,גרמים,750.00,100 גרם,false,,27.90,0.0372,true,1,23143
88888000,true,Temp SuperDept,,,Temp SuperDept,,0.00,,false,,0.00,0.0000,true,1,31701
88888001,true,יסוד,,,יסוד,,0.00,,false,,0.00,0.0000,true,1,31702
88888002,true,לחם ותחליפיו,,,לחם ותחליפיו,,0.00,,false,,0.00,0.0000,true,1,31703
88888003,true,דגנים,,,דגנים,,0.00,,false,,0.00,0.0000,true,1,31704
88888004,true,מחלקה טרייה,,,מחלקה טרייה,,0.00,,false,,0.00,0.0000,true,1,31705
88888005,true,שימורים,,,שימורים,,0.00,,false,,0.00,0.0000,true,1,31706
88888006,true,רקים תבשילים ותוספים,,,רקים תבשילים ותוספים,,0.00,,false,,0.00,0.0000,true,1,31707
88888007,true,דגים טריים,,,דגים טריים,,0.00,,false,,0.00,0.0000,true,1,31708
88888008,true,/פתיתים/אטריות/נודלס,,,/פתיתים/אטריות/נודלס,,0.00,,false,,0.00,0.0000,true,1,31709
88888009,true,וקולד/דבש/ריבות/חלבה,,,וקולד/דבש/ריבות/חלבה,,0.00,,false,,0.00,0.0000,true,1,31710
88888010,true,קפה ושוקו,,,קפה ושוקו,,0.00,,false,,0.00,0.0000,true,1,31711
88888012,true,תרכיזים/סירופים,,,תרכיזים/סירופים,,0.00,,false,,0.00,0.0000,true,1,31712
88888013,true,בעלי חיים,,,בעלי חיים,,0.00,,false,,0.00,0.0000,true,1,31713
88888014,true,תה,,,תה,,0.00,,false,,0.00,0.0000,true,1,31714
88888015,true,תינוקות וילדים,,,תינוקות וילדים,,0.00,,false,,0.00,0.0000,true,1,31715
88888016,true,עזרי מזון ובישול,,,עזרי מזון ובישול,,0.00,,false,,0.00,0.0000,true,1,31716
88888017,true,תבלינים ארוזים,,,תבלינים ארוזים,,0.00,,false,,0.00,0.0000,true,1,31717
88888018,true,בית מאפה,,,בית מאפה,,0.00,,false,,0.00,0.0000,true,1,31718
88888019,true,חומרי ניקוי,,,חומרי ניקוי,,0.00,,false,,0.00,0.0000,true,1,31719
88888020,true,חד פעמי,,,חד פעמי,,0.00,,false,,0.00,0.0000,true,1,31720
88888021,true,מעדניית סלטים,,,מעדניית סלטים,,0.00,,false,,0.00,0.0000,true,1,31721
88888022,true,היגיינה וטיפוח הגוף,,,היגיינה וטיפוח הגוף,,0.00,,false,,0.00,0.0000,true,1,31722
88888023,true,ביצים,,,ביצים,,0.00,,false,,0.00,0.0000,true,1,31723
88888024,true,בירות,,,בירות,,0.00,,false,,0.00,0.0000,true,1,31724
88888025,true,מעדנייה חלבית,,,מעדנייה חלבית,,0.00,,false,,0.00,0.0000,true,1,31725
88888026,true,פיצוחים ארוזים,,,פיצוחים ארוזים,,0.00,,false,,0.00,0.0000,true,1,31726
88888027,true,קטניות ואורז,,,קטניות ואורז,,0.00,,false,,0.00,0.0000,true,1,31727
88888028,true,חטיפים,,,חטיפים,,0.00,,false,,0.00,0.0000,true,1,31728
88888029,true,קים ונקניקיות ארוזים,,,קים ונקניקיות ארוזים,,0.00,,false,,0.00,0.0000,true,1,31729
88888030,true,גלידות,,,גלידות,,0.00,,false,,0.00,0.0000,true,1,31730
88888031,true,"פירות ירקות ללא מע""מ",,,"פירות ירקות ללא מע""מ",,0.00,,false,,0.00,0.0000,true,1,31731
88888032,true,יבשים פיצוחים ארוז,,,יבשים פיצוחים ארוז,,0.00,,false,,0.00,0.0000,true,1,31732
88888033,true,סלטים ארוזים,,,סלטים ארוזים,,0.00,,false,,0.00,0.0000,true,1,31733
88888034,true,יצוחיה/תבלינים במשקל,,,יצוחיה/תבלינים במשקל,,0.00,,false,,0.00,0.0000,true,1,31734
88888035,true,קוסמטיקה,,,קוסמטיקה,,0.00,,false,,0.00,0.0000,true,1,31735
88888036,true,קופונים/מתנות,,,קופונים/מתנות,,0.00,,false,,0.00,0.0000,true,1,31736
88888037,true,"פירות יבשים ללא מע""מ",,,"פירות יבשים ללא מע""מ",,0.00,,false,,0.00,0.0000,true,1,31737
88888038,true,עיתונים,,,עיתונים,,0.00,,false,,0.00,0.0000,true,1,31738
88888039,true,ציוד משרדי,,,ציוד משרדי,,0.00,,false,,0.00,0.0000,true,1,31739
88888040,true,שתיה קלה,,,שתיה קלה,,0.00,,false,,0.00,0.0000,true,1,31740
88888041,true,מיץ סחוט טרי,,,מיץ סחוט טרי,,0.00,,false,,0.00,0.0000,true,1,31741
88888042,true,קפואים,,,קפואים,,0.00,,false,,0.00,0.0000,true,1,31742
88888044,true,מוצרי חלב ותחליפיו,,,מוצרי חלב ותחליפיו,,0.00,,false,,0.00,0.0000,true,1,31743
88888045,true,חגים,,,חגים,,0.00,,false,,0.00,0.0000,true,1,31744
88888046,true,בריאות וטבע,,,בריאות וטבע,,0.00,,false,,0.00,0.0000,true,1,31745
88888047,true,עוגות ועוגיות,,,עוגות ועוגיות,,0.00,,false,,0.00,0.0000,true,1,31746
88888048,true,רטבים ואסייתי,,,רטבים ואסייתי,,0.00,,false,,0.00,0.0000,true,1,31747
88888049,true,מוצרי אימפלס,,,מוצרי אימפלס,,0.00,,false,,0.00,0.0000,true,1,31748
88888050,true,שוקולד ומתוקים,,,שוקולד ומתוקים,,0.00,,false,,0.00,0.0000,true,1,31749
88888051,true,מעדניית דגים,,,מעדניית דגים,,0.00,,false,,0.00,0.0000,true,1,31750
88888052,true,אפייה,,,אפייה,,0.00,,false,,0.00,0.0000,true,1,31751
88888053,true,תרופות ותוספי תזונה,,,תרופות ותוספי תזונה,,0.00,,false,,0.00,0.0000,true,1,31752
88888054,true,אוכל מוכן,,,אוכל מוכן,,0.00,,false,,0.00,0.0000,true,1,31753
88888055,true,מוצרי נייר,,,מוצרי נייר,,0.00,,false,,0.00,0.0000,true,1,31754
88888056,true,עוגות מצוננות,,,עוגות מצוננות,,0.00,,false,,0.00,0.0000,true,1,31755
88888057,true,משקאות חריפים,,,משקאות חריפים,,0.00,,false,,0.00,0.0000,true,1,31756
88888059,true,סיגריות,,,סיגריות,,0.00,,false,,0.00,0.0000,true,1,31757
88888060,true,"פירות וירקות עם מע""מ",,,"פירות וירקות עם מע""מ",,0.00,,false,,0.00,0.0000,true,1,31758
88888061,true,לוגיסטי,,,לוגיסטי,,0.00,,false,,0.00,0.0000,true,1,31759
88888062,true,"פיקדון ללא מע""מ",,,"פיקדון ללא מע""מ",,0.00,,false,,0.00,0.0000,true,1,31760
88888063,true,מעדניית חמוצים,,,מעדניית חמוצים,,0.00,,false,,0.00,0.0000,true,1,31761
88888064,true,ב.ע.ד קפואים,,,ב.ע.ד קפואים,,0.00,,false,,0.00,0.0000,true,1,31762
88888065,true,דגים מעושנים ארוזים,,,דגים מעושנים ארוזים,,0.00,,false,,0.00,0.0000,true,1,31763
88888066,true,מעדניית נקניקים,,,מעדניית נקניקים,,0.00,,false,,0.00,0.0000,true,1,31764
88888067,true,בסטות,,,בסטות,,0.00,,false,,0.00,0.0000,true,1,31765
88888069,true,כביסה,,,כביסה,,0.00,,false,,0.00,0.0000,true,1,31766
88888070,true,טיפוח השיער,,,טיפוח השיער,,0.00,,false,,0.00,0.0000,true,1,31767
88888071,true,היגיינת הפה,,,היגיינת הפה,,0.00,,false,,0.00,0.0000,true,1,31768
88888072,true,יינות,,,יינות,,0.00,,false,,0.00,0.0000,true,1,31769
88888081,true,"ירקות ללא מע""מ",,,"ירקות ללא מע""מ",,0.00,,false,,0.00,0.0000,true,1,228036
88888082,true,"מצוננים ללא מע""מ",,,"מצוננים ללא מע""מ",,0.00,,false,,0.00,0.0000,true,1,228037
88888092,true,"תרומות -ללא מע""מ",,,"תרומות -ללא מע""מ",,0.00,,false,,0.00,0.0000,true,1,142672
88888095,true,טופמרקט,,,טופמרקט,,0.00,,false,,0.00,0.0000,true,1,31770
88888097,true,קודים כללים,,,קודים כללים,,0.00,,false,,0.00,0.0000,true,1,31771
88888100,true,מנה ביגוד -יבוא לבית,,,אריזות,,0.00,,false,,0.00,0.0000,true,1,31772
88888101,true,מנה ביגוד -יבוא לבית,,,מנה ביגוד -יבוא לבית,,0.00,,false,,0.00,0.0000,true,1,31775
88888102,true,זמנה שילוט-יבוא לבית,,,זמנה שילוט-יבוא לבית,,0.00,,false,,0.00,0.0000,true,1,31785
88888200,true,זמנה שילוט-יבוא לבית,,,פריטים חדשים בהמתנה,,0.00,,false,,0.00,0.0000,true,1,31786
88888365,true,INTERNET,,,INTERNET,,0.00,,false,,0.00,0.0000,true,1,2
7290000009350,false,בשר טחון טרי,,,בשר טחון טרי,קילוגרמים,1.00,"ק""ג",true,,39.90,39.9000,true,1,184915
7290000043814,false,"שמנת מתוקה להקצפה 38% 250 מ""ל תנובה",תנובה מרכז שיתופי לש,IL,שף לבן שמנת לקצפת עמ,מיליליטרים,250.00,"100 מ""ל",false,,6.47,0.0259,true,1,13728
7290000055893,false,חמאה משמנת מפוסטרת 200ג' כ.מהדרין,תנובה מרכז שיתופי לש,IL,חמאה מהדרין תנובה 20,גרמים,200.00,100 גרם,false,,7.90,0.0395,true,1,13777
7290000057118,false,עמק סמי מעדנייה כשרות מהדרין,תנובה מרכז שיתופי לש,IL,עמק סמי 28% 400 גר,גרמים,400.00,100 גרם,false,,23.90,0.0597,true,1,13791
7290000058047,false,**שף לבן שמנת מתוקה מהדרין 38% פקק 500מ,תנובה מרכז שיתופי לש,IL,שף לבן שמנת מתוקה מה,מיליליטרים,500.00,"100 מ""ל",false,,12.94,0.0259,true,1,13798
7290000061764,false,נסקפה רד מאג טעם חדש 200ג',נסטלה ספרד קפה,ES,נס קפה רד מאג טעם חד,גרמים,200.00,100 גרם,false,,19.90,0.0995,true,1,9504
7290000063102,false,קמח עוגה אסם תופח מאליו 350ג',"אסם תעשיות בע""מ",IL,קמח תופח קטן אסם 350,גרמים,350.00,100 גרם,false,,4.90,0.0140,true,1,9510
7290000068138,false,אסם פודינג אינסטנט וניל 80 גרם,מיוצר עי קונדיטוריית,IL,אסם פודינג אינסטנט ו,גרמים,80.00,100 גרם,false,,6.50,0.0813,true,1,9557
7290000072623,false,קטשופ אסם בקבוק לחיץ 750 גרם,"אסם תעשיות בע""מ",IL,אסם קטשופ בקבוק לחיץ,גרמים,750.00,100 גרם,false,,12.50,0.0167,true,1,9591
7290000104676,false,אפונה קפואה סנפרוסט 800 גרם,"איי, בי, אינבוו",IL,אפונת גינה סנפרוסט 8,גרמים,800.00,100 גרם,false,,17.90,0.0224,true,1,13566
7290000189659,false,מטליות לחות לרצפה ניקול 10 יח'-מרכז,עלבד משואות יצחק בעמ,IL,ניקול מטליות לחות לר,אין,0.00,יחידה,false,,11.50,0.0000,true,1,4694
7290000191539,false,ממחטות טישו לילי צבעוני חמישיה,חוגלה קימברלי,IL,לילי צבעוני חמישיה-9,אין,0.00,יחידה,false,,13.90,0.0000,true,1,4708
7290000204215,false,ניקול כריות יפניות 6 יח',פלסטו פוליש (ברקן),IL,ניקול כריות יפניות 6,אין,0.00,יחידה,false,,12.90,0.0000,true,1,4783
7290000204512,false,מטליות לחות לרצפה בניחוח לימון 10 יח' ניקול,עלבד משואות יצחק בעמ,IL,מטליות לחות לרצפה בר,אין,0.00,יחידה,false,,11.50,0.0000,true,1,4786
7290000207162,false,רוטב עגבניות מרכיב טבעי 100 ג' יכין,"זנלכל בע""מ",IL,רוטב עגבניות 100 גרם,גרמים,100.00,100 גרם,false,,2.50,0.0250,true,1,4507
7290000208022,false,עגבניות 2.5 A מרוסקות 850 גרם יכין,"זנלכל בע""מ",IL,עגבניות מרוסקות יכין,גרמים,800.00,100 גרם,false,,10.90,0.0136,true,1,4509
7290000208329,false,גרעיני תירס מתוק 550 גרם יכין,"זנלכל בע""מ",IL,גרעיני תירס מתוק יכי,גרמים,335.00,100 גרם,false,,9.90,0.0296,true,1,4520
7290000262031,false,נייר טואלט מולט לב 32 גלילים,חוגלה קימברלי,IL,נייר טואלט מולט לב 3,מטרים,563.00,מטר,false,,30.90,0.0549,true,1,4790
7290000287430,false,סנובון צבעוני לאסלה בריח לימון שלישייה,סנו מפעלי ברונו בעמ,IL,סנובון שלישיה צבעוני,גרמים,165.00,100 גרם,false,,12.90,0.0782,true,1,16250
7290000293073,false,מרכך כביסה מקסימה ביו לבן 4 ל' סנו,"סנו מפעלי ברונוס בע""",IL,מרכך כביסה סנו מקסימ,ליטר,4.00,ליטר,false,,23.90,5.9750,true,1,16303
7290000347752,false,תה ירוק לימונית ולואיזה 25 שקיקים *1.5 ג'' ויסוצקי,תה ויסוצקי,IL,תה ירוק לימונית ולוא,גרמים,37.50,100 גרם,false,,26.90,0.7173,true,1,13103
7290000493176,false,אבקת רוטב צלי לבשר 22ג' אסם,"אסם תעשיות בע""מ",IL,אסם אבקת רוטב צלי לב,גרמים,22.00,100 גרם,false,,4.00,0.1818,true,1,9671
7290000493183,false,אבקת רוטב פטריות לבשר-30 גרם,"אסם תעשיות בע""מ",IL,אסם אבקת רוטב פטריות,גרמים,30.00,100 גרם,false,,4.00,0.1333,true,1,9672
7290000523804,false,"מלח עדין צנצנת 1 ק""ג מלח הארץ",חברת מלח הארץ אילת ב,IL,מלח עדין בצנצנת הארץ,אלף,1.00,"ק""ג",false,,7.50,7.5000,true,1,8882
7290000574141,false,לחם חיטה מלא 750ג' דגנית עין בר,דגנית עין בר תעשיות,IL,לחם חיטה מלאה דגנית,גרמים,750.00,100 גרם,false,,15.90,0.0212,true,1,2471
7290000646299,false,פילה נסיכת הנילוס קפוא,דגי תנובה,ZA,פילה נסיכה 100% דגי,קילוגרמים,1.00,"ק""ג",true,,69.90,69.9000,true,1,37784
7290000654546,false,פילה אמנון קפוא 100% דג,תנובה,IL,פילה אמנון 7-9 100%,קילוגרמים,1.00,"ק""ג",true,,39.90,39.9000,true,1,14393
7290000663036,false,פילה אמנון קפוא ללא עור 100% דג תנובה,דגי תנובה,IL,פילה אמנון ללא עור 1,קילוגרמים,1.00,"ק""ג",true,,44.90,44.9000,true,1,37785
7290001201589,false,ביצים אריזון 12 גדול,"מ.לסר בע""מ",IL,12 ביצים L מ.לסר,אין,0.00,יחידה,false,,12.05,0.0000,true,1,7289
7290001201596,false,ביצים אריזון 12 בינוני,,,12 ביצים M מ.לסר,אין,0.00,יחידה,false,,11.15,0.0000,true,1,7290
7290001201602,false,ביצים 18 יח גדול לסר,לסר,IL,18ביצים L מ.לסר,אין,0.00,יחידה,false,,18.07,0.0000,true,1,97638
7290001459935,false,"אפונה 800 גר' בד""ץ (ממותג)",,,אפונה בלדי 800 גרם,גרמים,800.00,100 גרם,false,,12.90,0.0161,true,1,195394
7290002008507,false,נייר אפייה 50 יח' הנמל,הנמל אריזות ושיווק ב,IL,נייר אפיה 50יח,אין,0.00,יחידה,false,,9.90,0.0000,true,1,4257
7290002008743,false,סוכר וניל 10*10 ג' הנמל,"מיוצר וארוז ע""י: ר.ס",IL,סוכר וניל 10*10 גרם,גרמים,100.00,100 גרם,false,,3.90,0.0390,true,1,4259
7290002008750,false,אבקת אפיה הנמל מארז 10X10 ג',"מיוצר ע""י:ר.ס. חברה",IL,אבקת אפיה 10*10 גרם,גרמים,100.00,100 גרם,false,,3.90,0.0390,true,1,4260
7290002253105,false,מגשית קוביות שום טרי דורות 80 ג',עיצובים 2020 (3.8),IL,דורות מגשית קוביות ש,גרמים,80.00,100 גרם,false,,9.90,0.1238,true,1,10353
7290002374312,false,"שמן קנולה מילומור 1 ל' עד""ח","נארז ע""י : א.ג. גילר",IL,שמן קנולה מילומור 1,ליטר,1.00,ליטר,false,,12.90,12.9000,true,1,16019
7290002868996,false,קוטג' 5% מועשר טרה 250ג' מהדרין,טרה,IL,טרה קוטג מועשר 5% 25,גרמים,250.00,100 גרם,false,,5.40,0.0216,true,1,3375
7290003126958,false,טופו גבינה גוש בואקום צוריאל 300 ג',א.י.ן תעשיות מזון בע,IL,צוריאל גבינה גוש טופ,גרמים,300.00,100 גרם,false,,13.90,0.0463,true,1,3378
7290003681365,false,סוכריות קישוט לעוגה צבעוני 70 גר' מיה,"מיה תעשיות מזון בע""מ",IL,70 סוכריות קישוט לעו,גרמים,70.00,100 גרם,false,,5.90,0.0843,true,1,7836
7290004026776,false,לחם מחמצת אגוזים וצי,פילסברי,,לחם מחמצת אגוזים וצי,גרמים,530.00,100 גרם,false,,18.90,0.0357,true,1,1482
7290004102326,false,תרד בקופסא יחידה,,,תרד לא שטוף,גרמים,180.00,100 גרם,false,,11.90,0.0661,true,1,20112
7290004120634,false,גבינה פיראוס בולגרית 5% 250 גרם,תנובה מרכז שיתופי לש,IL,פיראוס בולגרית 5% 25,גרמים,250.00,100 גרם,false,,26.90,0.1076,true,1,13831
7290004125400,false,"שלי אשל 4.5% תנובה 200מ""ל מהדרין",פארייפאבה אגרואינדוס,IL,"אשל 4.5% בד""צ מהדרין",מיליליטרים,200.00,"100 מ""ל",false,,1.69,0.0084,true,1,13847
7290004125509,false,"שמנת 15% חצי מנה 100 מ""ל תנובה",תנובה מרכז שיתופי לש,IL,תנובה שמנת חצי מנה 1,מיליליטרים,100.00,"100 מ""ל",false,,1.90,0.0190,true,1,13851
7290004125738,false,שמנת מתוקה להקצפה32% 250מל עמיד השף הלבן,תנובה מרכז שיתופי לש,IL,שף לבן שמנת להקצפה 3,מיליליטרים,250.00,"100 מ""ל",false,,7.20,0.0288,true,1,13855
7290004127329,false,קוטג' 5% תנובה 250ג' מהדרין,מיוצר עי קונדיטוריית,IL,קוטג' 5% תנובה מהדרי,גרמים,250.00,100 גרם,false,,5.50,0.0220,true,1,13861
7290004127817,false,גבינה לבנה 9% שומן 500 ג' תנובה,מיוצר עי קונדיטוריית,IL,תנובה גבינה לבנה 9%,גרמים,500.00,100 גרם,false,,9.50,0.0190,true,1,13864
7290004131074,false,**חלב תנובה טרי מהדרין קרטון 3% 1ל,תנובה מרכז שיתופי לש,IL,חלב תנובה הומוגני מה,ליטר,1.00,ליטר,false,,6.23,6.2300,true,1,13881
7290004135614,false,גבינה בולגרית מעודנת 5% 250 ג' פיראוס,תנובה חלב,IL,פיראוס בולגרית מעודנ,גרמים,250.00,100 גרם,false,,21.90,0.0876,true,1,13906
7290005610127,false,תפוח אדמה לבן דוד משה,אראל תוצרת חקלאית בע,IL,תפו`א גורמה לבן דוד,קילוגרמים,1.00,"ק""ג",true,,7.90,7.9000,true,1,30744
7290006449955,false,מלפפון בייבי מארז,"מרינה פטריות הגליל בע""מ",IL,מלפפון בייבי,יח',1.00,יח',false,,9.90,9.9000,true,1,49413
7290006983770,false,עוגת הבית שיש 400 ג' אסם,מיוצר עי קונדיטוריית,IL,עוגת הבית שיש 400גר,גרמים,400.00,100 גרם,false,,14.90,0.0373,true,1,9698
7290008268455,false,קיווי ישראלי ארוז 4,חקלאי,IL,קיווי ארוז בראשית,יח',1.00,יח',false,,12.90,12.9000,true,1,90498
7290009018004,false,פיקדון בקבוק/פחית בו,,,פיקדון בקבוק/פחית בו,אין,0.00,יחידה,false,,0.30,0.0000,true,1,46
7290009018011,false,פיקדון בקבוק/פחיות ש,,,פיקדון בקבוק/פחיות ש,אין,0.00,יחידה,false,,1.80,0.0000,true,1,62
7290010066513,false,נתחי טונה בשמן צמחי רביעיה *158ג' פילטונה,תעשיות פילטונה,IL,נתחי טונה בשמן צמחי,גרמים,632.00,100 גרם,false,,25.90,0.0410,true,1,14433
7290010192007,false,פטרוזיליה,,,פטרוזיליה,יח',1.00,יח',false,,4.90,4.9000,true,1,20119
7290010192014,false,שמיר ארוז,חקלאי,IL,שמיר,יח',1.00,יח',false,,4.90,4.9000,true,1,20120
7290010192021,false,כוסברה ארוז,חקלאי,IL,כוסברה,יח',1.00,יח',false,,4.90,4.9000,true,1,20121
7290010192045,false,נענע יחידה,,,נענע יחידה,יח',1.00,יח',false,,4.90,4.9000,true,1,20123
7290013145918,false,אבקת סוכר מימונס 100 גר',א.ל. ייצור ושיווק תב,IL,אבקת סוכר 100 גרם,גרמים,100.00,100 גרם,false,,2.90,0.0290,true,1,8168
7290013203182,false,שרי מנומר -ליקופן,,,שרי מנומר -ליקופן,גרמים,200.00,100 גרם,false,,10.90,0.0545,true,1,30757
7290013269645,false,מטליות לחות לניקוי הרצפה בניחוח מאסק ריצפז פרש,סנו מפעלי ברונוס בעמ,IL,ריצפז פרש מטליות לחו,אין,0.00,יחידה,false,,12.90,0.0000,true,1,16645
7290014855434,false,מגבונים בייביסיטר פרפורמנס מבושם רביעיה,בייביסיטר Babysitter,IL,בייביסיטר פרפורמנס מ,אין,0.00,יחידה,false,,17.40,0.0000,true,1,16118
7290015156813,false,מחית פרינוק פאוץ' פירות מעורבים 120 גרם,פרוטה פודווין איי.אס,CZ,פאוץ' פרינוק פירות מ,גרמים,120.00,100 גרם,false,,6.50,0.0542,true,1,30337
7290015855181,false,ג'ינג'ר ארוז,,,ג'ינג'ר ארוז,יח',1.00,יח',false,,9.90,9.9000,true,1,20134
7290016006346,false,שישיית שרינק 500 מל שוופס סודה,יפאורה תבורי בעמ,IL,שוופס סודה שישייה 0.,ליטר,3.00,ליטר,false,,16.30,5.4333,true,1,6285
7290016114300,false,נייר טואלט לילי לבן דאבל 16 גל=32 גל,חוגלה קימברלי,IL,לילי גליל כפול 16 גל,מטרים,588.00,מטר,false,,34.90,0.0594,true,1,4801
7290016321661,false,מגבונים פרש וואנס סנסיטיב קר רביעייה,עלבד משואות יצחק,IL,מגבוני פרש וואנס רבי,אין,0.00,יחידה,false,,14.90,0.0000,true,1,3085
7290016998238,false,כרוב לבן קצוץ 400 גר,נטורזה,,כרוב לבן קצוץ 400 גר,גרמים,400.00,100 גרם,false,,8.90,0.0223,true,1,28084
7290016998276,false,גזר חתוך דק 250 גרם,נטורזה,,גזר חתוך דק 250 גר,גרמים,250.00,100 גרם,false,,7.90,0.0316,true,1,28088
7290018500361,false,לחם אנג'ל אחיד פרוס 900 גר',מאפיית שלמה א. אנג'ל,IL,לחם אחיד פרוס מאפיית,גרמים,900.00,100 גרם,false,,8.53,0.0095,true,1,167812
7290019056553,false,עין גדי מים מינרלים 2 ליטר*6 יח',עין גדי מים מינרליים,IL,עין גדי מים מינרלים,ליטר,12.00,ליטר,false,,13.80,1.1500,true,1,86415
7290019056973,false,שישיית מי עדן 1.5 ליטר משפחתי,מופק ממקור בזלתי עדן,IL,מי עדן 6*1.5 ליטר,ליטר,9.00,ליטר,false,,14.90,1.6556,true,1,86363
7290100680711,false,פירורית זהב אסם זהב 350ג',עינת תעשיות מזון אגו,IL,אסם פירורית זהב 350,גרמים,350.00,100 גרם,false,,8.80,0.0251,true,1,9759
7290104062599,false,מארז 8 יחידות מעדן גמדים בטעמי תות ובננה,שטראוס דנונה,IL,גמדים תות בננה 8*100,מיליליטרים,800.00,"100 מ""ל",false,,18.90,0.0236,true,1,12580
7290106574793,false,עוגת הבית שוקו שוקוצ''יפס 350 ג' אסם,מיוצר עי קונדיטוריית,IL,עוגת הבית שוקו שוקוצ,גרמים,350.00,100 גרם,false,,14.90,0.0426,true,1,9846
7290106577039,false,גלידה לה קרמריה שוקו וניל פליק 1.4 ל' נסטלה,תות תעשיות מזון (201,IL,לה קרמריה שוקו וניל,ליטר,1.40,ליטר,false,,25.90,18.5000,true,1,8433
7290106726178,false,יוגורט PRO עם פירות יער 2.4% 10 גרם חלבון בגביע,מיוצר עי קונדיטוריית,IL,דנונה פרו בטעם פירות,גרמים,150.00,100 גרם,false,,4.90,0.0327,true,1,12630
7290107973861,false,מאסטר שף עגבניות חתוך דק אריזת שלישייה,קונסרזיו קאסאלאסקו ד,IT,עגבניות קצוצות דק מא,אלף,1.20,"ק""ג",false,,17.90,14.9167,true,1,11398
7290108359190,false,סנו סושי מגבות נייר בגליל כפול פי 3,סנו סושי,IL,סנו סושי מגבות הפלא,אין,0.00,יחידה,false,,27.90,0.0000,true,1,223139
7290110115227,false,קוקה קולה זירו 1.5 ליטר -,קוקה קולה Coca Cola,IL,קוקה קולה זירו בקבוק,ליטר,1.50,ליטר,false,,9.90,6.6000,true,1,85069
7290110115418,false,מארז שישייה קוקה קולה זירו 1.5 ל',החברה המרכזית לייצור,IL,קוקה קולה זירו שישיי,ליטר,9.00,ליטר,false,,49.90,5.5444,true,1,85087
7290110328627,false,יוגורט יופלה GO במרקם סמיך בטעם בננה קרמל 0%,מיוצר עי קונדיטוריית,IL,יוגורט גו סמיך 0% בנ,גרמים,200.00,100 גרם,false,,6.20,0.0310,true,1,39280
7290110556242,false,"שוקולד מריר פרווה 100 גר' בד""ץ תוצרת חוץ","שטראוס גרופ בע""מ.",IL,שוקולד מריר מעולה 10,גרמים,100.00,100 גרם,false,,6.00,0.0600,true,1,195665
7290110558222,false,"וואו יוגורט עם שכבה בטעם בנופי פאי 5.4%, 150ג דנונה","שטראוס בריאות בע""מ",IL,WOW יוגורט בטעם בנופ,גרמים,150.00,100 גרם,false,,4.90,0.0327,true,1,168825
7290110558239,false,"וואו יוגורט עם שכבה בטעם קראק פאי 5.4%, 150 ג דנונה","שטראוס בריאות בע""מ",IL,WOW יוגורט בטעם קראק,גרמים,150.00,100 גרם,false,,4.90,0.0327,true,1,168838
7290110571382,false,מעדן חלב בטעם וניל מעושר בחלבון 150 ג' שטראוס,"שטראוס בריאות בע""מ",IL,מעדן חלב מועשר בחלבו,גרמים,150.00,100 גרם,false,,5.50,0.0367,true,1,138924
7290111340185,false,מטליות לחות ניקול לניקוי רצפות בניחוח מרכך 10 יח',ניקול,IL,ניקול לחות לניקוי רצ,אין,0.00,יחידה,false,,11.50,0.0000,true,1,4827
7290111346293,false,מגבות ניקול שישייה מהדורה חגיגית,קימברלי קלארק,IL,מגבות מטבח ניקול לבנ,מטרים,64.80,מטר,false,,12.90,0.1991,true,1,152377
7290112002143,false,ג'ל כביסה מרוכז קולון 101 בניחוח לילך,רקיט בנקיזר,IL,קולון ג'ל 4 ליטר ליל,ליטר,4.00,ליטר,false,,38.90,9.7250,true,1,11081
7290112332691,false,פינוקיות עוגיות קרם פסק זמן אגוזים 200 גרם,הגביע מוצרי ופלים בע,IL,פינוקיות עוגיית קרם,גרמים,200.00,100 גרם,false,,12.90,0.0645,true,1,12209
7290112964564,false,"רוטב אלף האיים לייט לסלט 290 מ""ל אסם","אסם תעשיות בע""מ",IL,אסם רוטב אלף האיים ל,מיליליטרים,295.00,"100 מ""ל",false,,12.90,0.0437,true,1,10011
7290113192393,false,קוקטייל זיתים A2 בית השיטה 336 גרם,בית השיטה,IL,קוקטייל זיתים בית הש,גרמים,336.00,100 גרם,false,,12.90,0.0384,true,1,10111
7290113192515,false,בית השיטה מלפפונים במלח קטן מאוד 1825 320 גרם,בית השיטה,IL,מלפפון במלח 18-25 בי,גרמים,320.00,100 גרם,false,,13.90,0.0434,true,1,10122
7290113469952,false,גבינה צהובה גאודה 28% מגורדת 300 גרם,מלקוויטה,PL,גבינה צהובה גאודה 28,גרמים,300.00,100 גרם,false,,15.90,0.0530,true,1,158288
7290115200782,true,חמישיית פיתות 10*500,,,חמישיית פיתות 10*500,גרמים,500.00,100 גרם,false,,7.90,0.0158,true,1,19104
7613035635845,false,פיטנס גרנולה שוקולד 14*300 גרם,שוורצקוף& הנקל דיסלד,LT,פיטנס גרנולה שוקולד,גרמים,300.00,100 גרם,false,,15.90,0.0530,true,1,10194
7622201139278,false,גבינת שמנת 27% שומן 150 ג' פילדלפיה,מיודלז אספניה פרודוק,ES,פילדלפיה גבינת שמנת,גרמים,150.00,100 גרם,false,,13.90,0.0927,true,1,8823
8690637505607,false,מרכך כביסה מרוכז בדין אקסטרה בניחוח פינוק כחול,יוניליוור סנאיי וי ט,TR,מרכך כביסה אקסטרה כח,מיליליטרים,960.00,"100 מ""ל",false,,15.90,0.0166,true,1,54883
8690637946301,false,"בדין - מרכך כביסה אקסטרא בייביי כחול 960 מ""ל",יוניליוור סנאיי וי ט,TR,בדין אקסטרה בייבי כ,מיליליטרים,960.00,"100 מ""ל",false,,15.90,0.0166,true,1,5875
8690637946318,false,מרכך כביסה אקסטרה בייבי היפואלרגני בריח טלק,יוניליוור סנאיי וי ט,IL,בדין אקסטרא בייבי צ,מיליליטרים,960.00,"100 מ""ל",false,,15.90,0.0166,true,1,5876
