code,internal_code,name,manufacturer_name,manufacture_country,manufacturer_item_description,unit_qty,quantity,unit_of_measure,weighted,qty_in_package,price,unit_of_measure_price,allow_discount,status,item_id
1439253,true,כ.בז 130*170 סמ,Unknown,,כ.בז 130*170 סמ,,0.00,,false,,39.90,0.00,false,1,25120
3561032,true,בייגל רול דגנים,Unknown,,בייגל רול דגנים,,130.00,100 גרם,false,,4.00,3.08,false,1,23634
8000040,true,כובע רחב שוליים-שחור,Unknown,,כובע רחב שוליים-שחור,,0.00,,false,,29.90,0.00,false,1,26878
8000061,true,כובע מצחיה-לבן,Unknown,,כובע מצחיה-לבן,,0.00,,false,,24.90,0.00,false,1,26882
8466318,true,רוגלך ירושלמי,Unknown,,רוגלך ירושלמי,,0.00,,false,,16.90,0.00,true,1,23171
10002078,false,מימון פלפל שחור טחון,Unknown,,מימון פלפל שחור טחון,,100.00,100 גרם,false,1,17.50,17.50,true,1,23914
10002146,false,מימון פפריקה מרוקאית,Unknown,,מימון פפריקה מרוקאית,,100.00,100 גרם,false,1,14.50,14.50,true,1,23919
10002207,false,מימון קינמון טחון,Unknown,,מימון קינמון טחון,,100.00,100 גרם,false,1,14.50,14.50,true,1,23920
10002351,false,מימון זעתר ושומשום,Unknown,,מימון זעתר ושומשום,,100.00,100 גרם,false,1,14.50,14.50,true,1,23915
10064663,false,עירית נספק,Unknown,,עירית נספק,,1.00,יחידה,false,1,5.00,5.00,true,1,25732
10113651,false,בסט טישו בקופסא 150,Unknown,,בסט טישו בקופסא 150,,100.00,יחידה,false,1,7.00,0.07,true,1,18165
10116348,false,מיקס חטיפי עלית 390ג,Unknown,,מיקס חטיפי עלית 390ג,,390.00,100 גרם,false,1,30.00,7.69,true,1,22895
10117864,false,דוריטוס חריף אש 70גר,Unknown,,דוריטוס חריף אש 70גר,,70.00,100 גרם,false,1,6.90,9.86,true,1,8783
10117970,false,סבבה בוטנים 50 גר,Unknown,,סבבה בוטנים 50 גר,,50.00,100 גרם,false,1,3.00,6.00,true,1,5389
10124503,false,שומן כבש 200ג ארוז,Unknown,,שומן כבש 200ג ארוז,,200.00,100 גרם,false,1,13.90,6.95,false,1,25733
10125524,false,עוגת דבש ארוך אנטיקב,Unknown,,עוגת דבש ארוך אנטיקב,,0.00,,false,1,15.90,0.00,false,1,28001
10133574,false,SMART אוכמניות אייס,Unknown,,SMART אוכמניות אייס,,0.00,,false,1,89.90,0.00,false,1,27855
10133581,false,SMART3000 תות אייס,Unknown,,SMART3000 תות אייס,,0.00,,false,1,89.90,0.00,false,1,27853
10133598,false,SMART 3000 Mango,Unknown,,SMART 3000 Mango,,0.00,,false,1,89.90,0.00,false,1,27856
10133604,false,SMART3000 ענבים אייס,Unknown,,SMART3000 ענבים אייס,,0.00,,false,1,89.90,0.00,false,1,27852
10133611,false,SMART3000 פירות אייס,Unknown,,SMART3000 פירות אייס,,0.00,,false,1,89.90,0.00,false,1,27851
10133628,false,SMART 3000 מלון אייס,Unknown,,SMART 3000 מלון אייס,,0.00,,false,1,89.90,0.00,false,1,27857
10154005,false,סחוג תימני ירוק,Unknown,,סחוג תימני ירוק,,250.00,100 גרם,false,1,17.00,6.80,true,1,24974
10154012,false,לימון כבוש 250 ביטון,Unknown,,לימון כבוש 250 ביטון,,250.00,100 גרם,false,1,17.00,6.80,true,1,24968
10154029,false,250 אריסה מתוקה,Unknown,,250 אריסה מתוקה,,250.00,100 גרם,false,1,17.00,6.80,true,1,24975
10154036,false,עמבה ביטון 250 ג,Unknown,,עמבה ביטון 250 ג,,250.00,100 גרם,false,1,17.00,6.80,true,1,24976
10154265,false,פלפל צומה 250 גרם,Unknown,,פלפל צומה 250 גרם,,250.00,100 גרם,false,1,17.00,6.80,true,1,24977
10154685,false,סלט שום כתוש 250,Unknown,,סלט שום כתוש 250,,250.00,100 גרם,false,1,17.00,6.80,true,1,24969
10157037,false,עלי סלק,Unknown,,עלי סלק,,1.00,יחידה,false,1,6.90,6.90,true,1,25734
10192120,false,צנונית ארוזה ליח,Unknown,,צנונית ארוזה ליח,,400.00,100 גרם,false,1,6.90,1.72,true,1,23249
10192144,false,סלרי חתוך,Unknown,,סלרי חתוך,,1.00,יחידה,false,1,6.00,6.00,true,1,25424
10237531,false,פפסי 500מל,Unknown,,פפסי 500מל,,500.00,"100 מ""ל",false,1,7.90,1.52,true,1,19354
10237548,false,פפסי מקס בקבוק 500 מ,Unknown,,פפסי מקס בקבוק 500 מ,,500.00,"100 מ""ל",false,1,7.90,1.52,true,1,6121
10237562,false,מירנדה 500מל,Unknown,,מירנדה 500מל,,500.00,"100 מ""ל",false,1,7.90,1.52,true,1,18676
10237579,false,סבן אפ 500מל,Unknown,,סבן אפ 500מל,,500.00,"100 מ""ל",false,1,7.90,1.52,true,1,18675
10237685,false,הייניקן בקבוק 330,Unknown,,הייניקן בקבוק 330,,330.00,"100 מ""ל",false,1,16.90,5.03,true,1,4783
10237784,false,שנדי לימון ליים *6,Unknown,,שנדי לימון ליים *6,,1.98,1 ליטר,false,1,49.90,24.29,true,1,24705
10259823,false,מנת השף- בטעם עוף,Unknown,,מנת השף- בטעם עוף,,70.00,100 גרם,false,1,6.90,9.86,true,1,24679
10259830,false,מנת השף-סיני פיקנטי,Unknown,,מנת השף-סיני פיקנטי,,70.00,100 גרם,false,1,6.90,9.86,true,1,24680
10259854,false,מנת השף נודלס,Unknown,,מנת השף נודלס,,70.00,100 גרם,false,1,6.90,9.86,true,1,24877
10259977,false,ויליפוד שמן קנולה 1ל,Unknown,,ויליפוד שמן קנולה 1ל,,1.00,1 ליטר,false,1,12.50,12.50,true,1,12167
10300304,false,תרד נספק,Unknown,,תרד נספק,,1.00,יחידה,false,1,14.00,14.00,true,1,25735
10322145,false,ראש סלרי,Unknown,,ראש סלרי,,1.00,יחידה,false,1,9.90,9.90,true,1,25736
10322268,false,עירית,Unknown,,עירית,,1.00,יחידה,false,1,5.00,5.00,true,1,25737
10322879,false,טימין נספק,Unknown,,טימין נספק,,1.00,יחידה,false,1,5.00,5.00,true,1,25738
10322978,false,עלי תרד,Unknown,,עלי תרד,,1.00,יחידה,false,1,10.00,10.00,true,1,25739
10328093,false,אחוה ממרח חלוה,Unknown,,אחוה ממרח חלוה,,400.00,100 גרם,false,1,13.90,3.48,true,1,24878
10328246,false,טחינה שומשום מלא,Unknown,,טחינה שומשום מלא,,500.00,100 גרם,false,1,13.90,2.78,true,1,24879
10328468,false,אחוה חטיפי מיני חלוה,Unknown,,אחוה חטיפי מיני חלוה,,216.00,100 גרם,false,1,13.90,6.44,true,1,24880
10328505,false,אחוה חטיפי מיני חלוה,Unknown,,אחוה חטיפי מיני חלוה,,150.00,100 גרם,false,1,11.00,7.33,true,1,24937
10376506,false,שזיף אבטיח יח,Unknown,,שזיף אבטיח יח,,700.00,100 גרם,false,1,19.90,2.84,false,1,27659
10376520,false,שזיף לב אדום יח,Unknown,,שזיף לב אדום יח,,700.00,100 גרם,false,1,19.90,2.84,false,1,27660
10376537,false,שזיף צהוב יח,Unknown,,שזיף צהוב יח,,700.00,100 גרם,false,1,24.90,3.56,true,1,27670
10429301,false,יד מרדכי מעדן תות,Unknown,,יד מרדכי מעדן תות,,265.00,100 גרם,false,1,14.90,5.62,true,1,25649
10464005,false,לורד סלט קוסקוס+ירקו,Unknown,,לורד סלט קוסקוס+ירקו,,350.00,100 גרם,false,1,18.00,5.14,true,1,2658
10464098,false,לורד טוסט צהובה,Unknown,,לורד טוסט צהובה,,220.00,100 גרם,false,1,18.00,8.18,true,1,2667
10464197,false,כריך טונה כשלפ,Unknown,,כריך טונה כשלפ,,0.00,,false,1,18.00,0.00,true,1,8763
10464258,false,כריך פסטרמה-כשלפ,Unknown,,כריך פסטרמה-כשלפ,,0.00,,false,1,18.00,0.00,true,1,3123
10464265,false,כריך ג.צהובה כשלפ,Unknown,,כריך ג.צהובה כשלפ,,0.00,,false,1,18.00,0.00,true,1,8871
10464388,false,לורד מוזלי-בריאות 3%,Unknown,,לורד מוזלי-בריאות 3%,,300.00,100 גרם,false,1,16.00,5.33,true,1,3143
10464968,false,כריך מיני צהובה בדצ,Unknown,,כריך מיני צהובה בדצ,,1.00,יחידה,false,1,11.00,11.00,true,1,13353
10464982,false,לורד סלט פסטה ושרי,Unknown,,לורד סלט פסטה ושרי,,250.00,100 גרם,false,1,18.00,7.20,true,1,14849
10471669,false,דנונה בר תות קורנפלק,Unknown,,דנונה בר תות קורנפלק,,170.00,100 גרם,false,1,6.20,3.65,true,1,3588
10472307,false,גמדים לשתיה תות בננה,Unknown,,גמדים לשתיה תות בננה,,800.00,"100 מ""ל",false,1,24.00,3.00,true,1,24297
10472390,false,דני מארז  8*125מל,Unknown,,דני מארז  8*125מל,,1.00,1 ליטר,false,1,17.90,17.90,false,1,26701
10569120,false,גלידה פסק זמןנוגט+קר,Unknown,,גלידה פסק זמןנוגט+קר,,73.00,100 גרם,false,1,11.50,15.75,true,1,3497
10582037,false,פלפל גמדי טינקרבל,Unknown,,פלפל גמדי טינקרבל,,500.00,100 גרם,false,1,12.90,2.58,true,1,23468
10582228,false,אפרסמון באריזה ליח,Unknown,,אפרסמון באריזה ליח,,550.00,100 גרם,false,1,18.90,3.44,true,1,23479
10627004,false,טחינה ירושלים 500ג,Unknown,,טחינה ירושלים 500ג,,500.00,100 גרם,false,1,16.90,3.38,false,1,25740
10650026,false,גינגר יחידה,Unknown,,גינגר יחידה,,1.00,יחידה,false,1,10.90,10.90,true,1,25741
10650033,false,בצלצלי שאלוט ארוז יח,Unknown,,בצלצלי שאלוט ארוז יח,,1.00,יחידה,false,1,16.90,16.90,true,1,25496
10650095,false,פטריות פורציני,Unknown,,פטריות פורציני,,1.00,יחידה,false,1,28.90,28.90,true,1,25713
10650118,false,עגבניות לחות,Unknown,,עגבניות לחות,,110.00,100 גרם,false,1,9.90,9.00,true,1,23250
10650354,false,שורש כורכום ליח,Unknown,,שורש כורכום ליח,,130.00,100 גרם,false,1,14.90,11.46,true,1,23289
10650415,false,עגבניות לחות,Unknown,,עגבניות לחות,,1.00,יחידה,false,1,14.90,14.90,true,1,25425
10650538,false,תירס מתוק ליח,Unknown,,תירס מתוק ליח,,500.00,100 גרם,false,1,21.90,4.38,true,1,23381
10650576,false,פטריות שינוקי,Unknown,,פטריות שינוקי,,1.00,יחידה,false,1,14.90,14.90,true,1,25426
10650880,false,מיקס גינגר וכורכום,Unknown,,מיקס גינגר וכורכום,,150.00,100 גרם,false,1,12.90,8.60,true,1,23382
10672943,false,1/3 בגט כשלפ,Unknown,,1/3 בגט כשלפ,,140.00,100 גרם,false,1,6.90,4.93,false,1,26466
10690022,false,שמיר ארוז ליח,Unknown,,שמיר ארוז ליח,,100.00,100 גרם,false,1,4.90,4.90,false,1,23451
10690053,false,ראש סלרי ארוז ליח,Unknown,,ראש סלרי ארוז ליח,,150.00,100 גרם,false,1,7.90,5.27,true,1,23290
10690152,false,סלק עלים רגיל,Unknown,,סלק עלים רגיל,,1.00,יחידה,false,1,10.00,10.00,true,1,25742
10690428,false,לבבות קיסר / חסה יח,Unknown,,לבבות קיסר / חסה יח,,280.00,100 גרם,false,1,9.90,3.54,true,1,23251
10777020,false,פרנה עבודת יד 5 יח,Unknown,,פרנה עבודת יד 5 יח,,5.00,יחידה,false,1,14.30,2.86,true,1,25010
10777099,false,פיתה ע.יד קמח מחמצת,Unknown,,פיתה ע.יד קמח מחמצת,,8.00,יחידה,false,1,12.00,1.50,true,1,25011
10777150,false,פיתה קמח מלא בריבוע,Unknown,,פיתה קמח מלא בריבוע,,8.00,יחידה,false,1,13.00,1.62,true,1,25012
10777228,false,פיתה ביס קמח מלא,Unknown,,פיתה ביס קמח מלא,,12.00,יחידה,false,1,13.00,1.08,true,1,25013
10777297,false,פיתה ביס עבודת יד,Unknown,,פיתה ביס עבודת יד,,12.00,יחידה,false,1,13.00,1.08,true,1,25015
10777327,false,פיתה קלה 79 קלוריות,Unknown,,פיתה קלה 79 קלוריות,,12.00,יחידה,false,1,15.00,1.25,true,1,25016
10777358,false,פיתה 100% כ.מלא,Unknown,,פיתה 100% כ.מלא,,8.00,יחידה,false,1,16.00,2.00,true,1,25017
10827220,false,מגבוני ניקוי וחיטוי,Unknown,,מגבוני ניקוי וחיטוי,,1.00,יחידה,false,1,25.00,25.00,false,1,20851
10827480,false,מגבונים לחים FRESH,Unknown,,מגבונים לחים FRESH,,72.00,יחידה,false,1,4.90,0.07,true,1,16776
10849505,false,למברוסקו רוסו די לוא,Unknown,,למברוסקו רוסו די לוא,,750.00,"100 מ""ל",false,1,38.00,5.03,true,1,11407
10849512,false,למברוסקו רוזאטו די,Unknown,,למברוסקו רוזאטו די,,750.00,100 גרם,false,1,38.00,5.03,true,1,11677
10849529,false,למברוסקו ביאנקו די ל,Unknown,,למברוסקו ביאנקו די ל,,750.00,"100 מ""ל",false,1,38.00,5.03,false,1,13156
10945146,false,קוטג טרה 140 גר,Unknown,,קוטג טרה 140 גר,,140.00,100 גרם,false,1,5.90,4.21,true,1,15394
10945306,false,חלב טרה קרטון 3% 2ל,Unknown,,חלב טרה קרטון 3% 2ל,,2.00,1 ליטר,false,1,12.46,6.23,true,1,22987
10945450,false,טרה ג.לבנה 3% מהדרין,Unknown,,טרה ג.לבנה 3% מהדרין,,250.00,100 גרם,false,1,4.75,1.90,false,1,23844
10945481,false,גבינה לבנה טרה 5%,Unknown,,גבינה לבנה טרה 5%,,520.00,100 גרם,false,1,9.96,1.92,true,1,22984
11017866,false,קוקה קולה סליק פחית,Unknown,,קוקה קולה סליק פחית,,330.00,"100 מ""ל",false,1,8.90,2.61,true,1,13872
11017873,false,קולה זירו סליק פחית,Unknown,,קולה זירו סליק פחית,,330.00,"100 מ""ל",false,1,8.90,2.61,true,1,13874
11017880,false,קולה דיאט סליק פחית,Unknown,,קולה דיאט סליק פחית,,330.00,"100 מ""ל",false,1,8.90,2.61,true,1,13873
11018184,false,פיוז טי אפרסק 0.5 ל,Unknown,,פיוז טי אפרסק 0.5 ל,,500.00,"100 מ""ל",false,1,9.90,1.92,true,1,13823
11018214,false,פיוז טי מנגו אננס0.5,Unknown,,פיוז טי מנגו אננס0.5,,500.00,"100 מ""ל",false,1,9.90,1.92,true,1,13826
11018368,false,ויינשטפן בירת חיטה*6,Unknown,,ויינשטפן בירת חיטה*6,,1.98,1 ליטר,false,1,86.70,42.88,true,1,26697
11018443,false,פאנטה אורנג סליק,Unknown,,פאנטה אורנג סליק,,330.00,"100 מ""ל",false,1,8.90,2.61,true,1,24603
11018474,false,סומרסבי סיידר 4.5%,Unknown,,סומרסבי סיידר 4.5%,,330.00,"100 מ""ל",false,1,14.90,4.42,true,1,15787
11018832,false,מארז 6 קוקה קולה,Unknown,,מארז 6 קוקה קולה,,1.98,1 ליטר,false,1,27.90,13.18,true,1,16900
11018917,false,מארז 6 קולה ZERO,Unknown,,מארז 6 קולה ZERO,,1.98,1 ליטר,false,1,26.60,12.53,true,1,16901
11018924,false,מארז6 דיאט קוקה קולה,Unknown,,מארז6 דיאט קוקה קולה,,1.98,1 ליטר,false,1,26.60,12.53,true,1,16902
11051358,false,שוופס סודה לימון 250,Unknown,,שוופס סודה לימון 250,,250.00,"100 מ""ל",false,1,6.90,2.64,true,1,7329
11051389,false,שוופס פירות יער 1.5,Unknown,,שוופס פירות יער 1.5,,1.50,1 ליטר,false,1,11.90,7.93,true,1,7999
11051396,false,שוופס אפרסק 1.5 מוגז,Unknown,,שוופס אפרסק 1.5 מוגז,,1.50,1 ליטר,false,1,11.90,7.93,true,1,7998
11051433,false,שוופס אפרסק 0.5 מוגז,Unknown,,שוופס אפרסק 0.5 מוגז,,500.00,"100 מ""ל",false,1,10.90,2.12,true,1,7705
11051440,false,שוופס פירות יער 0.5,Unknown,,שוופס פירות יער 0.5,,500.00,"100 מ""ל",false,1,10.90,2.12,true,1,7706
11064020,false,מעדן גבינה בולגרית,Unknown,,מעדן גבינה בולגרית,,200.00,100 גרם,false,1,18.90,9.45,true,1,26897
11064075,false,מעדן לבנה מסבחה,Unknown,,מעדן לבנה מסבחה,,200.00,100 גרם,false,1,18.90,9.45,true,1,26895
11064099,false,טאפס שכונתי 125 ג,Unknown,,טאפס שכונתי 125 ג,,125.00,100 גרם,false,1,24.90,19.92,false,1,26899
11064273,false,חמאת פוציני 100 ג,Unknown,,חמאת פוציני 100 ג,,100.00,100 גרם,false,1,18.90,18.90,false,1,26900
11064327,false,מעדן פתיתי בולגרית,Unknown,,מעדן פתיתי בולגרית,,200.00,100 גרם,false,1,22.90,11.45,false,1,26901
11064990,false,חמאה מתוקה 100 ג,Unknown,,חמאה מתוקה 100 ג,,100.00,100 גרם,false,1,14.90,14.90,false,1,26902
11081492,false,קרמיסימו שלושה שוקול,Unknown,,קרמיסימו שלושה שוקול,,1.33,1 ליטר,false,1,25.00,18.80,true,1,9563
11081690,false,קרמיסימו וניל ציפ,Unknown,,קרמיסימו וניל ציפ,,1.33,1 ליטר,false,1,25.00,18.80,true,1,9748
11126452,false,תה קמומיל נענע 25 יח,Unknown,,תה קמומיל נענע 25 יח,,38.00,100 גרם,false,1,25.90,68.16,true,1,24413
11126469,false,תה קמומיל ודבש,Unknown,,תה קמומיל ודבש,,25.00,יחידה,false,1,25.90,1.04,true,1,24359
11128012,false,גזר צבעוני מיקס,Unknown,,גזר צבעוני מיקס,,0.00,,false,1,9.90,0.00,true,1,23389
11131371,false,מיזלי 1 קג קראנצ,Unknown,,מיזלי 1 קג קראנצ,,1.00,"1 ק""ג",false,1,31.00,31.00,true,1,24706
11132552,false,בירת פלאונר 330*4,Unknown,,בירת פלאונר 330*4,,1.32,1 ליטר,false,1,34.90,25.53,true,1,27908
11133061,false,גולדסטאר בקבוק 6+2,Unknown,,גולדסטאר בקבוק 6+2,,2.64,1 ליטר,false,1,39.90,14.20,true,1,21904
11133368,false,מכבי ת.שנדי*6 330 מל,Unknown,,מכבי ת.שנדי*6 330 מל,,1.98,1 ליטר,false,1,49.90,24.29,true,1,26339
11133375,false,שנדי אפרסק 330*6,Unknown,,שנדי אפרסק 330*6,,1.98,1 ליטר,false,1,49.90,24.29,true,1,24707
11133504,false,שנדי אפרסק 330מל,Unknown,,שנדי אפרסק 330מל,,1.98,1 ליטר,false,1,49.90,24.29,true,1,11474
11133634,false,פפסי מקס 330*6 כשלפ,Unknown,,פפסי מקס 330*6 כשלפ,,1.98,1 ליטר,false,1,26.90,12.68,true,1,26827
11148164,false,עלי חסה רומית ליחידה,Unknown,,עלי חסה רומית ליחידה,,280.00,100 גרם,false,1,8.90,3.18,true,1,23291
11148591,false,כרובית ארוזה,Unknown,,כרובית ארוזה,,500.00,100 גרם,false,1,14.90,2.98,true,1,26660
11148812,false,צנון בשקית,Unknown,,צנון בשקית,,1.00,יחידה,false,1,6.90,6.90,true,1,25427
11148898,false,ברוקולי,Unknown,,ברוקולי,,500.00,100 גרם,false,1,14.90,2.98,true,1,23339
11148904,false,פלפל צילי ארוז ליח,Unknown,,פלפל צילי ארוז ליח,,9.00,100 גרם,false,1,9.90,110.00,true,1,23252
11148911,false,פלפל גמדי ליח,Unknown,,פלפל גמדי ליח,,285.00,100 גרם,false,1,12.90,4.53,true,1,23253
11148935,false,מלפפון בייבי ארוז,Unknown,,מלפפון בייבי ארוז,,330.00,100 גרם,false,1,12.90,3.91,true,1,23175
11148973,false,אנדיב ארוז לבן,Unknown,,אנדיב ארוז לבן,,1.00,יחידה,false,1,15.90,15.90,true,1,25428
11180157,false,פלפל חריף,Unknown,,פלפל חריף,קילוגרמים,1.00,"ק""ג",true,1,9.90,9.90,true,1,25593
11194215,false,דניאלה בננה 100 גר,Unknown,,דניאלה בננה 100 גר,,150.00,"100 מ""ל",false,1,4.50,3.00,true,1,5903
11194246,false,שטראוס קוטג5% סידן,Unknown,,שטראוס קוטג5% סידן,,250.00,100 גרם,false,1,6.10,2.44,true,1,6245
11223205,false,ריבת חלב,Unknown,,ריבת חלב,,454.00,100 גרם,false,1,20.00,4.41,true,1,24368
11235055,false,בזיליקום נספק,Unknown,,בזיליקום נספק,,1.00,יחידה,false,1,5.00,5.00,true,1,25744
11256845,false,סט צידניות קשיחות,Unknown,,סט צידניות קשיחות,,0.00,,false,1,199.00,0.00,true,1,20702
11276263,false,בייבי סלט ארוז ליח,Unknown,,בייבי סלט ארוז ליח,,0.00,,false,1,6.90,0.00,true,1,23390
11276287,false,לבבות קיסר / חסה יח,Unknown,,לבבות קיסר / חסה יח,,0.00,,false,1,15.90,0.00,true,1,23391
11276416,false,שמיר ארוז ליח,Unknown,,שמיר ארוז ליח,,0.00,,false,1,3.90,0.00,true,1,23392
11276423,false,פטרוזליה ארוז ליח,Unknown,,פטרוזליה ארוז ליח,,0.00,,false,1,4.90,0.00,true,1,23393
11276478,false,מנגולד ארוז ליח,Unknown,,מנגולד ארוז ליח,,0.00,,false,1,6.90,0.00,true,1,23394
11276485,false,חסה עגולה,Unknown,,חסה עגולה,,0.00,,false,1,9.90,0.00,true,1,23395
11276805,false,טימין / קורנית ארוז,Unknown,,טימין / קורנית ארוז,,0.00,,false,1,5.90,0.00,true,1,23396
11276812,false,עירית ארוז ליח,Unknown,,עירית ארוז ליח,,0.00,,false,1,5.90,0.00,true,1,23397
11276836,false,רוזמרין ארוז ליח,Unknown,,רוזמרין ארוז ליח,,0.00,,false,1,5.90,0.00,true,1,23398
11402129,false,ציפס פלחים קילו,Unknown,,ציפס פלחים קילו,,1.00,"1 ק""ג",false,1,18.00,18.00,true,1,27237
11431396,false,צלחות קטן צבעוני,Unknown,,צלחות קטן צבעוני,,25.00,יחידה,false,1,9.90,0.40,false,1,20945
11431419,false,צלחות גדול צבעוני,Unknown,,צלחות גדול צבעוני,,25.00,יחידה,false,1,16.90,0.68,true,1,22049
11431426,false,מגש אובלי צבעוני,Unknown,,מגש אובלי צבעוני,,25.00,יחידה,false,1,28.90,1.16,true,1,24195
11431433,false,קעריות אובלי צ.,Unknown,,קעריות אובלי צ.,,25.00,יחידה,false,1,7.50,0.30,true,1,24196
11438142,false,יטבתה קפה קר בקבוק,Unknown,,יטבתה קפה קר בקבוק,,350.00,"100 מ""ל",false,1,8.00,2.29,true,1,7460
11447359,false,מטרנה שלב 1,Unknown,,מטרנה שלב 1,,700.00,100 גרם,false,1,65.00,9.29,true,1,24709
11447373,false,מטרנה מהדרין שלב 2,Unknown,,מטרנה מהדרין שלב 2,,700.00,100 גרם,false,1,65.00,9.29,true,1,24542
11462000,false,חומוס ביתי,Unknown,,חומוס ביתי,,250.00,100 גרם,false,1,11.90,4.76,false,1,26478
11462017,false,סלט ביצים ביתי,Unknown,,סלט ביצים ביתי,,250.00,100 גרם,false,1,21.90,8.76,false,1,26479
11462024,false,בולגרית בצל5% בוארון,Unknown,,בולגרית בצל5% בוארון,,250.00,100 גרם,false,1,26.90,10.76,false,1,26480
11462048,false,בולגרית דורית פסטו,Unknown,,בולגרית דורית פסטו,,250.00,100 גרם,false,1,28.90,11.56,false,1,26481
11462062,false,ציזיקי יווני בוארון,Unknown,,ציזיקי יווני בוארון,,250.00,100 גרם,false,1,21.90,8.76,false,1,26482
11462079,false,גזר לימון חי חריף,Unknown,,גזר לימון חי חריף,,250.00,100 גרם,false,1,13.90,5.56,false,1,26483
11462086,false,גזר מרוקאי בוארון,Unknown,,גזר מרוקאי בוארון,,250.00,100 גרם,false,1,14.90,5.96,false,1,26484
11462093,false,גמבה חריף שום בוארון,Unknown,,גמבה חריף שום בוארון,,250.00,100 גרם,false,1,21.90,8.76,false,1,26485
11462123,false,גמבה רצועות,Unknown,,גמבה רצועות,,250.00,100 גרם,false,1,21.90,8.76,false,1,26486
11462154,false,דג כבוש גביעים,Unknown,,דג כבוש גביעים,,250.00,100 גרם,false,1,17.90,7.16,false,1,26487
11462161,false,סלט טונה במיונז,Unknown,,סלט טונה במיונז,,250.00,100 גרם,false,1,25.90,10.36,false,1,26488
11462178,false,לאפים מטיאס הולנדי,Unknown,,לאפים מטיאס הולנדי,,250.00,100 גרם,false,1,17.90,7.16,false,1,26489
11462215,false,סלט מטיאס פרובנציאל,Unknown,,סלט מטיאס פרובנציאל,,250.00,100 גרם,false,1,32.90,13.16,false,1,26490
11462222,false,חומוס אסלי-500 גרם,Unknown,,חומוס אסלי-500 גרם,,500.00,100 גרם,false,1,18.90,3.78,false,1,26491
11462239,false,חומוס ביתי - 500 גרם,Unknown,,חומוס ביתי - 500 גרם,,500.00,100 גרם,false,1,18.90,3.78,false,1,26492
11462246,false,לבנה זעתר בוארון,Unknown,,לבנה זעתר בוארון,,250.00,100 גרם,false,1,26.90,10.76,false,1,26493
11462277,false,אריסה ביתית בוארון,Unknown,,אריסה ביתית בוארון,,200.00,100 גרם,false,1,18.90,9.45,false,1,26494
11462284,false,חזרת ביתית,Unknown,,חזרת ביתית,,250.00,100 גרם,false,1,18.90,7.56,false,1,26495
11462291,false,זיתים ביתיים בוארון,Unknown,,זיתים ביתיים בוארון,,500.00,100 גרם,false,1,17.90,3.58,false,1,26661
11462345,false,חציל בטחינה,Unknown,,חציל בטחינה,,250.00,100 גרם,false,1,18.90,7.56,false,1,26496
11462352,false,חציל בטעם כבד,Unknown,,חציל בטעם כבד,,250.00,100 גרם,false,1,24.90,9.96,false,1,26497
11462383,false,חציל טבעי,Unknown,,חציל טבעי,,250.00,100 גרם,false,1,18.90,7.56,false,1,26498
11462406,false,חציל יווני על האש,Unknown,,חציל יווני על האש,,250.00,100 גרם,false,1,18.90,7.56,false,1,26499
11462437,false,חציל סביח,Unknown,,חציל סביח,,250.00,100 גרם,false,1,11.90,4.76,false,1,26500
11462529,false,חצילים אפויים במיונז,Unknown,,חצילים אפויים במיונז,,250.00,100 גרם,false,1,13.90,5.56,false,1,26501
11462543,false,מעדן חציל פיקנטי,Unknown,,מעדן חציל פיקנטי,,250.00,100 גרם,false,1,19.90,7.96,false,1,26502
11462574,false,טחינה ירוקה,Unknown,,טחינה ירוקה,,250.00,100 גרם,false,1,11.90,4.76,false,1,26503
11462604,false,טורקי מיוחד-גביעים,Unknown,,טורקי מיוחד-גביעים,,250.00,100 גרם,false,1,19.90,7.96,false,1,26504
11462659,false,סלט טבולה,Unknown,,סלט טבולה,,250.00,100 גרם,false,1,19.90,7.96,false,1,26505
11462703,false,כרוב אדום ביתי,Unknown,,כרוב אדום ביתי,,250.00,100 גרם,false,1,13.90,5.56,false,1,26506
11462734,false,כרוב במיונז קולסלאו,Unknown,,כרוב במיונז קולסלאו,,250.00,100 גרם,false,1,13.90,5.56,false,1,26507
11462741,false,סלט כרוב מזרחי,Unknown,,סלט כרוב מזרחי,,250.00,100 גרם,false,1,14.90,5.96,false,1,26508
11462796,false,מטבוחה ביתית,Unknown,,מטבוחה ביתית,,250.00,100 גרם,false,1,18.90,7.56,false,1,26509
11462826,false,סלט סלק אדום,Unknown,,סלט סלק אדום,,250.00,100 גרם,false,1,13.90,5.56,false,1,26510
11462901,false,קישואים בטעם כבד,Unknown,,קישואים בטעם כבד,,250.00,100 גרם,false,1,24.90,9.96,false,1,26511
11463090,false,סלט צימיצורי,Unknown,,סלט צימיצורי,,250.00,100 גרם,false,1,21.90,8.76,false,1,26512
11463380,false,חציל תאילנדי צילי,Unknown,,חציל תאילנדי צילי,,250.00,100 גרם,false,1,18.90,7.56,false,1,26513
11463397,false,קוביות בולגרית בפסטו,Unknown,,קוביות בולגרית בפסטו,,250.00,100 גרם,false,1,25.90,10.36,false,1,26514
11463472,false,מסבחה ירוקה בוארון,Unknown,,מסבחה ירוקה בוארון,,250.00,100 גרם,false,1,18.90,7.56,false,1,26515
11463625,false,סלט תירס בוארון,Unknown,,סלט תירס בוארון,,250.00,100 גרם,false,1,18.90,7.56,false,1,26516
11463632,false,סלט טונה סלרי,Unknown,,סלט טונה סלרי,,250.00,100 גרם,false,1,26.90,10.76,false,1,26517
11463724,false,טאפאס שמנת פלפל,Unknown,,טאפאס שמנת פלפל,,250.00,100 גרם,false,1,26.90,10.76,false,1,26518
11463786,false,צ`רשי מעדן דלעת,Unknown,,צ`רשי מעדן דלעת,,250.00,100 גרם,false,1,18.90,7.56,false,1,26519
11463847,false,סלט משוויה,Unknown,,סלט משוויה,,250.00,100 גרם,false,1,19.90,7.96,false,1,26520
11463861,false,חומוס של פעם,Unknown,,חומוס של פעם,,250.00,100 גרם,false,1,12.90,5.16,false,1,26521
11463878,false,טחינה פעם גביעים,Unknown,,טחינה פעם גביעים,,250.00,100 גרם,false,1,12.90,5.16,false,1,26522
11464875,false,עלי גפן בצזיקי,Unknown,,עלי גפן בצזיקי,,250.00,100 גרם,false,1,24.90,9.96,false,1,26523
11465018,false,טחינה מסבחה,Unknown,,טחינה מסבחה,,250.00,100 גרם,false,1,16.90,6.76,false,1,26524
11480615,false,בייבי סלט ארוז ליח,Unknown,,בייבי סלט ארוז ליח,,130.00,100 גרם,false,1,9.90,7.62,true,1,23254
11480622,false,קיסר נספק,Unknown,,קיסר נספק,,1.00,יחידה,false,1,10.90,10.90,true,1,25429
11488062,false,בצלצלי שאלוט ארוז יח,Unknown,,בצלצלי שאלוט ארוז יח,,1.00,יחידה,false,1,16.90,16.90,true,1,25497
11499129,false,גד קוביות בולגרית מע,Unknown,,גד קוביות בולגרית מע,,200.00,100 גרם,false,1,24.00,12.00,true,1,24332
11499303,false,גד בולגרית עזים,Unknown,,גד בולגרית עזים,,250.00,100 גרם,false,1,33.50,13.40,false,1,25973
11499327,false,בולגרית מעודנת,Unknown,,בולגרית מעודנת,,250.00,100 גרם,false,1,28.00,11.20,true,1,24363
11499358,false,גד פטה עיזים 20%,Unknown,,גד פטה עיזים 20%,,200.00,100 גרם,false,1,29.50,14.75,true,1,26028
11499365,false,חלומי גד בחפיסה 24%,Unknown,,חלומי גד בחפיסה 24%,,200.00,100 גרם,false,1,24.00,12.00,true,1,24350
11499419,false,קרם שמנת,Unknown,,קרם שמנת,,200.00,100 גרם,false,1,14.00,7.00,true,1,24882
11499624,false,גבינת שמנת ניו יורק,Unknown,,גבינת שמנת ניו יורק,,200.00,100 גרם,false,1,14.00,7.00,true,1,24652
11499846,false,גד ריקוטה פרסקה 9%,Unknown,,גד ריקוטה פרסקה 9%,,300.00,100 גרם,false,1,19.90,6.63,false,1,25974
11499853,false,גד ניו יורק ג.שמנת,Unknown,,גד ניו יורק ג.שמנת,,200.00,100 גרם,false,1,14.50,7.25,false,1,25975
11515683,false,מאגדת אקסטרים וניל,Unknown,,מאגדת אקסטרים וניל,,432.00,100 גרם,false,1,36.90,8.54,true,1,24365
11515911,false,מאגדת לייט ר.חלב,Unknown,,מאגדת לייט ר.חלב,,312.00,100 גרם,false,1,30.90,9.90,true,1,24366
11530945,false,קרפציו עגל פרימיום,Unknown,,קרפציו עגל פרימיום,,210.00,100 גרם,false,1,39.90,19.00,false,1,25745
11598211,false,מנקה כללי אנטיקאלק,Unknown,,מנקה כללי אנטיקאלק,,700.00,"100 מ""ל",false,1,21.90,3.13,true,1,24418
11607180,false,קולון101 1.25קג,Unknown,,קולון101 1.25קג,,1.25,"1 ק""ג",false,1,13.00,10.40,false,1,24514
11687014,false,פרנה עגולה 3 יח,Unknown,,פרנה עגולה 3 יח,,3.00,יחידה,false,1,13.00,4.33,true,1,25018
11714871,false,בליסטיקס פטל לימון,Unknown,,בליסטיקס פטל לימון,,4.25,100 גרם,false,1,11.00,258.82,true,1,17898
11765446,false,מ.שיניים בוב ספוג,Unknown,,מ.שיניים בוב ספוג,,50.00,"100 מ""ל",false,1,12.90,25.80,false,1,24343
11776039,false,לבבות קיסר / חסה יח,Unknown,,לבבות קיסר / חסה יח,,280.00,100 גרם,false,1,12.90,4.61,true,1,23255
11776046,false,עלי חסה רומית ליחידה,Unknown,,עלי חסה רומית ליחידה,,280.00,100 גרם,false,1,8.90,3.18,true,1,23292
11776053,false,טימין קורנית ארוז,Unknown,,טימין קורנית ארוז,,45.00,100 גרם,false,1,8.90,19.78,true,1,23256
11776060,false,גינגר באריזה ליח,Unknown,,גינגר באריזה ליח,,260.00,100 גרם,false,1,14.90,5.73,true,1,23257
11776077,false,בזיליקום ארוז ליח,Unknown,,בזיליקום ארוז ליח,,48.00,100 גרם,false,1,6.90,14.38,true,1,23258
11776091,false,נבטים סיניים עבים,Unknown,,נבטים סיניים עבים,,35.00,100 גרם,false,1,11.90,34.00,true,1,23259
11776107,false,נבטי אלפלפא ארוז ליח,Unknown,,נבטי אלפלפא ארוז ליח,,180.00,100 גרם,false,1,6.90,3.83,true,1,23260
11776138,false,נבטי עדשים שחורות,Unknown,,נבטי עדשים שחורות,,280.00,100 גרם,false,1,11.90,4.25,true,1,23261
11776145,false,רוזמרין ארוז ליח,Unknown,,רוזמרין ארוז ליח,,75.00,100 גרם,false,1,7.90,10.53,true,1,23262
11776176,false,נבטוטים ליח,Unknown,,נבטוטים ליח,,30.00,100 גרם,false,1,11.90,39.67,true,1,23263
11776183,false,תרד ניוזילנדי ארוז,Unknown,,תרד ניוזילנדי ארוז,,280.00,100 גרם,false,1,12.90,4.61,true,1,23264
11776190,false,חסה ערבית ליח,Unknown,,חסה ערבית ליח,,0.00,,false,1,6.90,0.00,true,1,23400
11776213,false,מלפפון בייבי ארוז יח,Unknown,,מלפפון בייבי ארוז יח,,330.00,100 גרם,false,1,12.90,3.91,true,1,23293
11776220,false,נענע ארוז ליח,Unknown,,נענע ארוז ליח,,100.00,100 גרם,false,1,4.90,4.90,true,1,23265
11776244,false,שורש פטרוזיליה ארוז,Unknown,,שורש פטרוזיליה ארוז,,90.00,100 גרם,false,1,7.90,8.78,true,1,23294
11776251,false,כרובית באריזה ליח,Unknown,,כרובית באריזה ליח,,500.00,100 גרם,false,1,15.90,3.18,true,1,23295
11776312,false,בצל ירוק מובחר,Unknown,,בצל ירוק מובחר,,250.00,100 גרם,false,1,9.90,3.96,true,1,23296
11776350,false,פלפל רמזור,Unknown,,פלפל רמזור,,700.00,100 גרם,false,1,10.90,1.56,true,1,23309
11776381,false,תפוח פינק באריזה ליח,Unknown,,תפוח פינק באריזה ליח,,530.00,100 גרם,false,1,19.90,3.75,true,1,23310
11776428,false,תירס ארוז,Unknown,,תירס ארוז,,1.30,"1 ק""ג",false,1,14.90,11.46,true,1,23311
11776435,false,תפוא אדום שק איכות,Unknown,,תפוא אדום שק איכות,,800.00,100 גרם,false,1,8.90,1.11,true,1,23312
11776442,false,עציץ תבלין,Unknown,,עציץ תבלין,,1.00,יחידה,false,1,9.90,9.90,true,1,23313
11776473,false,אבוקדו מובחר,Unknown,,אבוקדו מובחר,,500.00,100 גרם,false,1,13.90,2.78,true,1,23314
11776480,false,שום יבש,Unknown,,שום יבש,,200.00,100 גרם,false,1,9.90,4.95,true,1,23340
11776510,false,תות שדה 500 גר,Unknown,,תות שדה 500 גר,,500.00,100 גרם,false,1,13.90,2.78,true,1,23315
11776527,false,בננה איכות מעולה,Unknown,,בננה איכות מעולה,,500.00,100 גרם,false,1,13.90,2.78,true,1,23316
11776534,false,מלפפון איכות מעולה,Unknown,,מלפפון איכות מעולה,,350.00,100 גרם,false,1,9.90,2.83,true,1,23317
11776541,false,עגבנייה אשכולות אכות,Unknown,,עגבנייה אשכולות אכות,,500.00,100 גרם,false,1,11.90,2.38,true,1,23318
11776558,false,בטטה ייצוא איכות,Unknown,,בטטה ייצוא איכות,,500.00,100 גרם,false,1,13.90,2.78,true,1,23319
11776565,false,ברוקולי ארוז  ליח,Unknown,,ברוקולי ארוז  ליח,,400.00,100 גרם,false,1,15.90,3.98,true,1,23297
11776572,false,פלפל,Unknown,,פלפל,,500.00,100 גרם,false,1,13.90,2.78,true,1,23320
11776589,false,עגבניות שרי,Unknown,,עגבניות שרי,,300.00,100 גרם,false,1,11.90,3.97,true,1,23321
11776596,false,לימון איכות מעולה,Unknown,,לימון איכות מעולה,,500.00,100 גרם,false,1,11.90,2.38,true,1,23322
11776602,false,גזר ארוז מובחר,Unknown,,גזר ארוז מובחר,,450.00,100 גרם,false,1,5.90,1.31,true,1,23323
11776619,false,קישוא איכות מעולה,Unknown,,קישוא איכות מעולה,,500.00,100 גרם,false,1,11.90,2.38,true,1,23324
11776626,false,בצל יבש איכות מעולה,Unknown,,בצל יבש איכות מעולה,,650.00,100 גרם,false,1,6.90,1.06,true,1,23325
11776633,false,אגס ספדונה 60 איכות,Unknown,,אגס ספדונה 60 איכות,,550.00,100 גרם,false,1,14.90,2.71,true,1,23326
11776640,false,חציל חממה איכות,Unknown,,חציל חממה איכות,,500.00,100 גרם,false,1,12.90,2.58,true,1,23327
11776657,false,תפוז איכות מעולה,Unknown,,תפוז איכות מעולה,,500.00,100 גרם,false,1,12.90,2.58,true,1,23328
11776664,false,כוסברה ארוז ליח,Unknown,,כוסברה ארוז ליח,,100.00,100 גרם,false,1,4.90,4.90,true,1,23266
11776671,false,פטרוזיליה ארוז ליח,Unknown,,פטרוזיליה ארוז ליח,,100.00,100 גרם,false,1,3.90,3.90,true,1,23267
11776688,false,שמיר ארוז ליח,Unknown,,שמיר ארוז ליח,,100.00,100 גרם,false,1,2.90,2.90,true,1,23298
11776695,false,נבטי חמניה כ-150 גר,Unknown,,נבטי חמניה כ-150 גר,,150.00,100 גרם,false,1,11.90,7.93,true,1,23268
11776732,false,פלפל גמדי ליח,Unknown,,פלפל גמדי ליח,,285.00,100 גרם,false,1,12.90,4.53,true,1,23299
11776749,false,לוף באריזה ליח,Unknown,,לוף באריזה ליח,,400.00,100 גרם,false,1,14.90,3.72,true,1,23269
11776763,false,פלפל חריף איכות,Unknown,,פלפל חריף איכות,,300.00,100 גרם,false,1,12.90,4.30,true,1,23329
11776787,false,קיווי ישראלי ארוז,Unknown,,קיווי ישראלי ארוז,,350.00,100 גרם,false,1,9.90,2.83,true,1,28217
11776824,false,שרי מיקס ארוז,Unknown,,שרי מיקס ארוז,,500.00,100 גרם,false,1,17.90,3.58,true,1,27331
11776831,false,עלי קייל שחור טוסקנה,Unknown,,עלי קייל שחור טוסקנה,,180.00,100 גרם,false,1,14.90,8.28,true,1,23270
11776862,false,ארטישוק ירושלמי,Unknown,,ארטישוק ירושלמי,,500.00,100 גרם,false,1,19.90,3.98,true,1,23342
11776879,false,תפוא לבן שק איכות,Unknown,,תפוא לבן שק איכות,,800.00,100 גרם,false,1,6.90,0.86,true,1,23330
11776923,false,כרוב לבן/אדום,Unknown,,כרוב לבן/אדום,,500.00,100 גרם,false,1,9.90,1.98,true,1,23331
11776930,false,מנדרינה מיכל 65 אכות,Unknown,,מנדרינה מיכל 65 אכות,,500.00,100 גרם,false,1,11.90,2.38,true,1,23332
11776947,false,תפוח חרמון באריזה,Unknown,,תפוח חרמון באריזה,,500.00,100 גרם,false,1,12.90,2.58,true,1,23333
11776961,false,קולורבי איכות מעולה,Unknown,,קולורבי איכות מעולה,,500.00,100 גרם,false,1,11.90,2.38,true,1,23334
11776978,false,אפרסמון 65 איכות,Unknown,,אפרסמון 65 איכות,,600.00,100 גרם,false,1,19.90,3.32,true,1,23335
11776985,false,בצל אדום מובחר,Unknown,,בצל אדום מובחר,,500.00,100 גרם,false,1,7.90,1.58,true,1,23336
11776992,false,שומר איכות מעולה,Unknown,,שומר איכות מעולה,,400.00,100 גרם,false,1,9.90,2.48,true,1,23337
11778118,false,12 ביצים טריות L בפי,Unknown,,12 ביצים טריות L בפי,,12.00,יחידה,false,1,12.05,1.00,false,1,22197
11778125,false,12 ביצים טריות M בפי,Unknown,,12 ביצים טריות M בפי,,12.00,יחידה,false,1,11.15,0.93,false,1,22198
11778132,false,12 ביצים טריות XL בפ,Unknown,,12 ביצים טריות XL בפ,,12.00,יחידה,false,1,13.10,1.09,false,1,22199
11778354,false,תבנית חופש 20L,Unknown,,תבנית חופש 20L,,20.00,יחידה,false,1,31.90,1.60,true,1,22031
11778378,false,12 ביצים אומגה 3 L,Unknown,,12 ביצים אומגה 3 L,,12.00,יחידה,false,1,21.00,1.75,true,1,22200
11778385,false,ת.ביצים XL אומגה 3,Unknown,,ת.ביצים XL אומגה 3,,12.00,יחידה,false,1,39.00,3.25,true,1,22204
11778491,false,שישית ביצי אומגה,Unknown,,שישית ביצי אומגה,,6.00,יחידה,false,1,14.00,2.33,true,1,22303
11870249,false,פוגיקום 12 סוללוAAA,Unknown,,פוגיקום 12 סוללוAAA,,12.00,יחידה,false,1,19.80,1.65,true,1,13304
11870270,false,פוגיקום 12 סוללותAA,Unknown,,פוגיקום 12 סוללותAA,,12.00,יחידה,false,1,19.80,1.65,true,1,13303
11870720,false,פוגיקום סוללה D,Unknown,,פוגיקום סוללה D,,0.00,,false,1,19.90,0.00,true,1,16786
11870737,false,פוגיקום סוללה C,Unknown,,פוגיקום סוללה C,,0.00,,false,1,19.90,0.00,true,1,16785
11870744,false,פוגיקום סוללה 9וולט,Unknown,,פוגיקום סוללה 9וולט,,0.00,,false,1,14.90,0.00,true,1,15026
11876609,false,שניצל דק כשלפ 700 ג,Unknown,,שניצל דק כשלפ 700 ג,,700.00,100 גרם,false,1,48.90,6.99,true,1,23933
11877156,false,סנופרש מאסק 375מל,Unknown,,סנופרש מאסק 375מל,,375.00,"100 מ""ל",false,1,15.00,4.00,true,1,24710
11947262,false,זית ירוק בתיבול גליל,Unknown,,זית ירוק בתיבול גליל,,215.00,100 גרם,false,1,16.00,7.44,true,1,24457
11947309,false,זית סורי לימון כבוש,Unknown,,זית סורי לימון כבוש,,230.00,100 גרם,false,1,16.00,6.96,true,1,24456
11947316,false,זיתי קלמטה  215 גרם,Unknown,,זיתי קלמטה  215 גרם,,215.00,100 גרם,false,1,16.00,7.44,true,1,24614
11947781,false,זית ירוק וזית קלמטה,Unknown,,זית ירוק וזית קלמטה,,190.00,100 גרם,false,1,16.00,8.42,false,1,25747
11947804,false,זית ירוק ללא גלעין,Unknown,,זית ירוק ללא גלעין,,190.00,100 גרם,false,1,16.00,8.42,false,1,25748
11964344,false,שום גבישי 120 גר,Unknown,,שום גבישי 120 גר,,120.00,100 גרם,false,1,10.90,9.08,false,1,23058
11964658,false,מלח לימון 170 גר,Unknown,,מלח לימון 170 גר,,170.00,100 גרם,false,1,9.50,5.59,false,1,26031
11964702,false,תבלין שווארמה 100גר,Unknown,,תבלין שווארמה 100גר,,100.00,100 גרם,false,1,9.50,9.50,true,1,26030
11982058,false,שורש פטרוזיליה,Unknown,,שורש פטרוזיליה,,1.00,יחידה,false,1,6.00,6.00,true,1,25749
11996062,false,אורז לסושי 1 קג,Unknown,,אורז לסושי 1 קג,,1.00,"1 ק""ג",false,1,13.90,13.90,true,1,24382
11996109,false,צילי מתוק 700 מל,Unknown,,צילי מתוק 700 מל,,700.00,"100 מ""ל",false,1,9.90,1.41,true,1,24383
11996123,false,אצות נורי גולד,Unknown,,אצות נורי גולד,,25.00,100 גרם,false,1,10.90,43.60,true,1,25060
11996130,false,אצות נורי סילבר,Unknown,,אצות נורי סילבר,,25.00,100 גרם,false,1,10.90,43.60,true,1,25635
11996178,false,ר.סויה בסגנון יפני,Unknown,,ר.סויה בסגנון יפני,,300.00,"100 מ""ל",false,1,10.90,3.63,true,1,25061
11996185,false,חומץ אורז לסושי,Unknown,,חומץ אורז לסושי,,250.00,"100 מ""ל",false,1,8.99,3.60,true,1,24384
11996222,false,חלב קוקוס 400 מל,Unknown,,חלב קוקוס 400 מל,,400.00,"100 מ""ל",false,1,6.90,1.72,true,1,24381
11996499,false,אטריות אורז דקות,Unknown,,אטריות אורז דקות,,400.00,100 גרם,false,1,9.50,2.38,false,1,25861
11996512,false,אטריות אורז,Unknown,,אטריות אורז,,400.00,100 גרם,false,1,8.90,2.22,false,1,25924
11996529,false,אטריות אורז 400ג,Unknown,,אטריות אורז 400ג,,400.00,100 גרם,false,1,8.90,2.22,false,1,25862
11996581,false,רוטב חמוץ מתוק,Unknown,,רוטב חמוץ מתוק,,300.00,100 גרם,false,1,10.90,3.63,false,1,25925
11996604,false,רוטב פד-תאי 300מל,Unknown,,רוטב פד-תאי 300מל,,300.00,100 גרם,false,1,17.90,5.97,false,1,25926
11996703,false,אצות וואקמה,Unknown,,אצות וואקמה,,100.00,100 גרם,false,1,15.90,15.90,false,1,25863
11996758,false,תערובת קמחים,Unknown,,תערובת קמחים,,500.00,100 גרם,false,1,10.90,2.18,false,1,25927
11996789,false,פנקו 200 גר,Unknown,,פנקו 200 גר,,200.00,100 גרם,false,1,7.90,3.95,true,1,25634
11996819,false,אטריות שעועית סיני,Unknown,,אטריות שעועית סיני,,250.00,100 גרם,false,1,5.50,2.20,false,1,25864
11996888,false,רוטב טריאקי 300מל,Unknown,,רוטב טריאקי 300מל,,300.00,"100 מ""ל",false,1,11.90,3.97,true,1,23875
12001994,false,חרדל דיזון ריין350,Unknown,,חרדל דיזון ריין350,,350.00,100 גרם,false,1,19.90,5.69,true,1,24409
12031137,false,ל.מ מושן נייט,Unknown,,ל.מ מושן נייט,,0.00,,false,1,27.00,0.00,false,1,20061
12031151,false,ל.מ מושן בלו,Unknown,,ל.מ מושן בלו,,0.00,,false,1,27.00,0.00,false,1,20063
12032127,false,טימין נספק,Unknown,,טימין נספק,,1.00,יחידה,false,1,5.00,5.00,true,1,25750
12032141,false,רוזמרין נספק,Unknown,,רוזמרין נספק,,1.00,יחידה,false,1,5.00,5.00,true,1,25751
12032509,false,רומית שטראוס,Unknown,,רומית שטראוס,,1.00,יחידה,false,1,11.90,11.90,true,1,25752
12032639,false,שום טרי,Unknown,,שום טרי,,1.00,יחידה,false,1,13.90,13.90,true,1,25715
12032707,false,טרגון,Unknown,,טרגון,,1.00,יחידה,false,1,5.00,5.00,true,1,25754
12032714,false,אורגנו,Unknown,,אורגנו,,1.00,יחידה,false,1,5.00,5.00,true,1,25755
12032974,false,גינגר יחידה,Unknown,,גינגר יחידה,,1.00,יחידה,false,1,10.90,10.90,true,1,25757
12040283,false,ל.מ נייט מושייןPP,Unknown,,ל.מ נייט מושייןPP,,0.00,,false,1,260.00,0.00,false,1,20415
12116629,false,סנודי ילדים רולאון,Unknown,,סנודי ילדים רולאון,,50.00,"100 מ""ל",false,1,22.90,45.80,true,1,17899
12117558,false,מקסימה מרכך מאסק 1ל,Unknown,,מקסימה מרכך מאסק 1ל,,1.00,1 ליטר,false,1,20.90,20.90,true,1,24414
12117732,false,מרכך מקסימה קול 4ל,Unknown,,מרכך מקסימה קול 4ל,,4.00,1 ליטר,false,1,27.90,6.98,true,1,24712
12139482,false,בונזו עצם מ.צ.פירורי,Unknown,,בונזו עצם מ.צ.פירורי,,1.00,יחידה,false,1,19.00,19.00,true,1,24633
12191091,false,מדליק פחם מוצק,Unknown,,מדליק פחם מוצק,,20.00,יחידה,false,1,7.00,0.35,false,1,21372
12226120,false,זוגלובק קבנוס 135ג,Unknown,,זוגלובק קבנוס 135ג,,135.00,100 גרם,false,1,13.00,9.63,true,1,24497
12226939,false,קבנוס בטעם צילי 135ג,Unknown,,קבנוס בטעם צילי 135ג,,135.00,100 גרם,false,1,15.00,11.11,true,1,24498
12227974,false,פסטרמה בדבש דק 120ג,Unknown,,פסטרמה בדבש דק 120ג,,120.00,100 גרם,false,1,18.50,15.42,false,1,23881
12227981,false,פסטרמה ברביקיו 120ג,Unknown,,פסטרמה ברביקיו 120ג,,120.00,100 גרם,false,1,18.50,15.42,true,1,24568
12227998,false,חזה בקר 120 גרם,Unknown,,חזה בקר 120 גרם,,120.00,100 גרם,false,1,18.50,15.42,true,1,24569
12228230,false,פסטרמה חזה עוף 120ג,Unknown,,פסטרמה חזה עוף 120ג,,120.00,100 גרם,false,1,18.50,15.42,true,1,24570
12245183,false,קריספי קלאסי,Unknown,,קריספי קלאסי,,700.00,100 גרם,false,1,13.90,1.99,true,1,27236
12245312,false,גולד ציפס אמריקאי,Unknown,,גולד ציפס אמריקאי,,1.50,"1 ק""ג",false,1,22.90,15.27,true,1,27235
12404177,false,שוופס פרוטס תפוח330,Unknown,,שוופס פרוטס תפוח330,,330.00,"100 מ""ל",false,1,9.90,2.91,true,1,11947
12404184,false,שוופס פרוטס לימונ330,Unknown,,שוופס פרוטס לימונ330,,330.00,"100 מ""ל",false,1,9.90,2.91,true,1,15293
12413643,false,ויסוצקי תה י.קמומיל,Unknown,,ויסוצקי תה י.קמומיל,,1.00,יחידה,false,1,21.90,21.90,false,1,25758
12483233,false,אנשובי ארוך בש.זית,Unknown,,אנשובי ארוך בש.זית,,80.00,100 גרם,false,1,15.90,19.88,true,1,25731
12525452,false,אקסטרים טילון ש.וניל,Unknown,,אקסטרים טילון ש.וניל,,70.00,100 גרם,false,1,10.90,15.57,true,1,11469
12553011,false,מדליק פחם נוזלי,Unknown,,מדליק פחם נוזלי,,0.00,,false,1,15.00,0.00,false,1,28215
12576607,false,פרמיר קברנה סוביניון,Unknown,,פרמיר קברנה סוביניון,,750.00,"100 מ""ל",false,1,33.00,4.36,true,1,22522
12588242,false,מים כדורגל 500*6,Unknown,,מים כדורגל 500*6,,3.00,1 ליטר,false,1,11.90,3.37,true,1,27909
12588570,false,ווטר בוקס 500 מל,Unknown,,ווטר בוקס 500 מל,,500.00,"100 מ""ל",false,1,7.90,1.52,true,1,28079
12588617,false,מארז 2 גטורייד+בק,Unknown,,מארז 2 גטורייד+בק,,1.00,1 ליטר,false,1,49.90,49.30,true,1,27910
12588907,false,איילנד גויאבה 300מל,Unknown,,איילנד גויאבה 300מל,,350.00,"100 מ""ל",false,1,9.90,2.74,true,1,28232
12588914,false,איילנד מנגו 300מל,Unknown,,איילנד מנגו 300מל,,350.00,"100 מ""ל",false,1,9.90,2.74,true,1,28233
12600036,false,פחם 2 קג,Unknown,,פחם 2 קג,,2.00,"1 ק""ג",false,1,20.00,10.00,true,1,21294
12645174,false,גבינת עיזים  5%,Unknown,,גבינת עיזים  5%,,200.00,100 גרם,false,1,15.90,7.95,false,1,27023
12645181,false,.אבנה עיזים  5%,Unknown,,.אבנה עיזים  5%,,200.00,100 גרם,false,1,15.90,7.95,false,1,27024
12645280,false,יוגורט כבשים יווני,Unknown,,יוגורט כבשים יווני,,150.00,100 גרם,false,1,6.20,4.13,false,1,23073
12697081,false,סטיוויה 100 שקיות,Unknown,,סטיוויה 100 שקיות,,100.00,יחידה,false,1,36.00,0.36,true,1,24475
12759017,false,מארז קשיו שקד פיסטוק,Unknown,,מארז קשיו שקד פיסטוק,,50.00,100 גרם,false,1,9.90,19.80,true,1,27087
12759024,false,מארז חמוציות א.מלך,Unknown,,מארז חמוציות א.מלך,,55.00,100 גרם,false,1,9.90,18.00,true,1,27088
12759031,false,מארז ח.בננה פקאן,Unknown,,מארז ח.בננה פקאן,,51.00,100 גרם,false,1,9.90,19.41,true,1,27089
12759215,false,מארז קינואה אגוזים,Unknown,,מארז קינואה אגוזים,,53.00,100 גרם,false,1,9.90,18.68,true,1,27090
12759468,false,מארז ח.חמאת בוטנים,Unknown,,מארז ח.חמאת בוטנים,,54.00,100 גרם,false,1,9.90,18.33,true,1,27091
12759475,false,חטיף קינואה אננס,Unknown,,חטיף קינואה אננס,,57.00,100 גרם,false,1,9.90,17.37,true,1,27092
12759635,false,רגע פינוק כדורי קקאו,Unknown,,רגע פינוק כדורי קקאו,,60.00,100 גרם,false,1,9.90,16.50,true,1,27093
12759710,false,חטיף בראוניז ת.קוקוס,Unknown,,חטיף בראוניז ת.קוקוס,,56.00,100 גרם,false,1,9.90,17.68,true,1,27094
12759727,false,חטיף בראוניז ת.פקאן,Unknown,,חטיף בראוניז ת.פקאן,,52.00,100 גרם,false,1,9.90,19.04,true,1,27095
12759949,false,חטיף חלבון תמר לוז,Unknown,,חטיף חלבון תמר לוז,,58.00,100 גרם,false,1,9.90,17.07,true,1,27096
12759956,false,חטיף חלבון תמר פקאן,Unknown,,חטיף חלבון תמר פקאן,,59.00,100 גרם,false,1,9.90,16.78,true,1,27097
12779060,false,גרגיר הנחל,Unknown,,גרגיר הנחל,,1.00,יחידה,false,1,12.90,12.90,true,1,25759
12779138,false,עלי חסה רומית ליחידה,Unknown,,עלי חסה רומית ליחידה,,280.00,100 גרם,false,1,8.90,3.18,true,1,23271
12779220,false,נבטי חמניה כ-120ג יח,Unknown,,נבטי חמניה כ-120ג יח,,120.00,100 גרם,false,1,8.90,7.42,true,1,23300
12823381,false,מקסימה מרוכז ורוד1,Unknown,,מקסימה מרוכז ורוד1,,1.00,1 ליטר,false,1,20.90,20.90,true,1,24714
12823398,false,ריצפז מטליות לרצפה,Unknown,,ריצפז מטליות לרצפה,,10.00,יחידה,false,1,15.50,1.55,true,1,24715
12823602,false,נייר טואלט סופט 32,Unknown,,נייר טואלט סופט 32,,32.00,יחידה,false,1,36.00,1.12,true,1,24716
12864025,false,נבטי אלפלפא ארוז ליח,Unknown,,נבטי אלפלפא ארוז ליח,,180.00,100 גרם,false,1,6.90,3.83,true,1,23272
12864131,false,נבטי עדשים שחורות,Unknown,,נבטי עדשים שחורות,,0.00,,false,1,9.90,0.00,true,1,23401
12864155,false,מיקס נבטים ליח,Unknown,,מיקס נבטים ליח,,220.00,100 גרם,false,1,13.90,6.32,true,1,23273
12911156,false,רוטב טריאקי שומשום,Unknown,,רוטב טריאקי שומשום,,300.00,100 גרם,false,1,13.50,4.50,false,1,25928
12911293,false,דפי אורז עגולים 22,Unknown,,דפי אורז עגולים 22,,300.00,100 גרם,false,1,11.90,3.97,false,1,25865
12911415,false,ממרח קארי ירוק 400ג,Unknown,,ממרח קארי ירוק 400ג,,400.00,100 גרם,false,1,18.90,4.72,false,1,25866
12911422,false,ממרח קארי אדום,Unknown,,ממרח קארי אדום,,400.00,100 גרם,false,1,18.90,4.72,false,1,25867
12911439,false,ממרח קארי צהוב,Unknown,,ממרח קארי צהוב,,400.00,100 גרם,false,1,18.90,4.72,false,1,25929
12911477,false,קרם קוקוס 400 מל,Unknown,,קרם קוקוס 400 מל,,400.00,"100 מ""ל",false,1,8.90,2.22,true,1,25063
12911620,false,מחצלת מקצועית לסושי,Unknown,,מחצלת מקצועית לסושי,,200.00,100 גרם,false,1,6.90,3.45,false,1,25930
12911644,false,סריראגה צילי,Unknown,,סריראגה צילי,,435.00,100 גרם,false,1,23.90,5.49,false,1,25931
12911675,false,פטריות שיטאקי,Unknown,,פטריות שיטאקי,,85.00,100 גרם,false,1,17.90,21.06,false,1,25868
12911729,false,גינגר לסושי (ורוד),Unknown,,גינגר לסושי (ורוד),,250.00,100 גרם,false,1,9.50,3.80,false,1,25932
12911804,false,שמן שומשום 150מל,Unknown,,שמן שומשום 150מל,,150.00,"100 מ""ל",false,1,12.90,8.60,false,1,25869
12911866,false,דפי אורז מרובעים,Unknown,,דפי אורז מרובעים,,300.00,100 גרם,false,1,15.90,5.30,false,1,25933
12911941,false,רוטב צילי מתוק 700מ,Unknown,,רוטב צילי מתוק 700מ,,700.00,"100 מ""ל",false,1,18.90,2.70,false,1,25870
12921025,false,בירה מלכה בהירה,Unknown,,בירה מלכה בהירה,,330.00,"100 מ""ל",false,1,19.90,5.94,true,1,24428
12921032,false,בירה מלכה אדמונית,Unknown,,בירה מלכה אדמונית,,330.00,"100 מ""ל",false,1,19.90,5.94,true,1,24429
12921049,false,מלכה כהה 330מל,Unknown,,מלכה כהה 330מל,,330.00,"100 מ""ל",false,1,22.00,6.58,true,1,26759
12921056,false,מלכה בירה חיטה 330,Unknown,,מלכה בירה חיטה 330,,330.00,"100 מ""ל",false,1,22.00,6.58,true,1,26758
12921063,false,מלכה הינדי IPA,Unknown,,מלכה הינדי IPA,,330.00,"100 מ""ל",false,1,23.00,6.88,true,1,26757
12938580,false,משחת סנסודיין הלבנה,Unknown,,משחת סנסודיין הלבנה,,75.00,"100 מ""ל",false,1,22.90,30.53,false,1,24543
12965043,false,סופר מיקס נספק,Unknown,,סופר מיקס נספק,,1.00,יחידה,false,1,10.00,10.00,true,1,25760
12965098,false,פינוקט,Unknown,,פינוקט,,1.00,יחידה,false,1,10.90,10.90,true,1,25761
12982101,false,שוק גאווז ארוז 12 ק,Unknown,,שוק גאווז ארוז 12 ק,קילוגרמים,1.00,"ק""ג",true,1,44.90,0.00,true,1,25871
13083661,false,מטרנה אקסטרא קר,Unknown,,מטרנה אקסטרא קר,,700.00,100 גרם,false,1,68.50,9.79,true,1,24884
13083678,false,מטרנה אקסטרא קר 2,Unknown,,מטרנה אקסטרא קר 2,,700.00,100 גרם,false,1,70.00,10.00,true,1,24717
13083685,false,מטרנה אקסטרא קר 3,Unknown,,מטרנה אקסטרא קר 3,,700.00,100 גרם,false,1,70.00,10.00,true,1,24718
13117212,false,מעדנות ב. פילו גבינה,Unknown,,מעדנות ב. פילו גבינה,,600.00,100 גרם,false,1,25.90,4.32,true,1,24394
13117229,false,מעדנות ב.פילו תפוא,Unknown,,מעדנות ב.פילו תפוא,,600.00,100 גרם,false,1,25.90,4.32,true,1,24395
13117410,false,מעדנות בצק פריך מתוק,Unknown,,מעדנות בצק פריך מתוק,,900.00,100 גרם,false,1,28.90,3.21,false,1,25762
13117526,false,מעדנות בצק שמרים,Unknown,,מעדנות בצק שמרים,,900.00,100 גרם,false,1,27.90,3.10,true,1,25699
13128324,false,ענב אדום איכות מ.,Unknown,,ענב אדום איכות מ.,קילוגרמים,1.00,"ק""ג",true,1,39.90,0.00,true,1,23461
13144171,false,ת.עוגת שוקולד 560גר,Unknown,,ת.עוגת שוקולד 560גר,,560.00,100 גרם,false,1,17.90,3.20,true,1,25680
13144195,false,ת.כדורי שוקולד 500גר,Unknown,,ת.כדורי שוקולד 500גר,,500.00,100 גרם,false,1,17.90,3.58,true,1,25681
13144201,false,תערובת פנקייק 400גר,Unknown,,תערובת פנקייק 400גר,,400.00,100 גרם,false,1,16.90,4.22,false,1,25872
13144232,false,פודינג וניל,Unknown,,פודינג וניל,,80.00,100 גרם,false,1,7.00,8.75,true,1,24719
13144393,false,תמצית בטעם וניל,Unknown,,תמצית בטעם וניל,,50.00,100 גרם,false,1,4.90,9.80,false,1,25873
13144409,false,תמצית בטעם רום,Unknown,,תמצית בטעם רום,,50.00,100 גרם,false,1,4.90,9.80,false,1,25874
13144614,false,מייפל אמיתי 100%,Unknown,,מייפל אמיתי 100%,,236.00,"100 מ""ל",false,1,45.00,19.07,true,1,24720
13144751,false,סירופ בטעם מייפל 500,Unknown,,סירופ בטעם מייפל 500,,500.00,100 גרם,false,1,16.00,3.20,true,1,24721
13145024,false,אגוז מלך טחון,Unknown,,אגוז מלך טחון,,100.00,100 גרם,false,1,16.50,16.50,true,1,24573
13145055,false,פרג שלם,Unknown,,פרג שלם,,100.00,100 גרם,false,1,8.50,8.50,true,1,24574
13145109,false,שקד מולבן טחון,Unknown,,שקד מולבן טחון,,100.00,100 גרם,false,1,16.50,16.50,true,1,24575
13145123,false,שקד מולבן פרוס,Unknown,,שקד מולבן פרוס,,100.00,100 גרם,false,1,13.90,13.90,true,1,25682
13145178,false,קוקוס טחון לבן 100גר,Unknown,,קוקוס טחון לבן 100גר,,100.00,100 גרם,false,1,5.00,5.00,true,1,20249
13145277,false,עלים לקרמשניט 300 ג,Unknown,,עלים לקרמשניט 300 ג,,300.00,100 גרם,false,1,20.00,6.67,true,1,24722
13145437,false,שוקולד ציפס אמיתי48,Unknown,,שוקולד ציפס אמיתי48,,250.00,100 גרם,false,1,17.00,6.80,true,1,24723
13145444,false,שוקולד ציפס אמיתי66,Unknown,,שוקולד ציפס אמיתי66,,250.00,100 גרם,false,1,18.00,7.20,true,1,24724
13145628,false,ס.צבעוניות לקישוט,Unknown,,ס.צבעוניות לקישוט,,200.00,100 גרם,false,1,12.00,6.00,true,1,24576
13145840,false,סוכר וניל 10יחבצלופן,Unknown,,סוכר וניל 10יחבצלופן,,100.00,100 גרם,false,1,3.00,3.00,true,1,20250
13145857,false,אבקת אפיה 10יחבצלופן,Unknown,,אבקת אפיה 10יחבצלופן,,100.00,100 גרם,false,1,3.00,3.00,true,1,20251
13145918,false,אבקת סוכר,Unknown,,אבקת סוכר,,100.00,100 גרם,false,1,3.00,3.00,true,1,20252
13146274,false,מימונס תחתיות מרנג,Unknown,,מימונס תחתיות מרנג,,100.00,100 גרם,false,1,19.90,19.90,false,1,25875
13153432,false,פריגת סחוט לימונדה,Unknown,,פריגת סחוט לימונדה,,400.00,"100 מ""ל",false,1,12.90,3.15,true,1,16544
13153616,false,פריגת בוסט סלק 400,Unknown,,פריגת בוסט סלק 400,,400.00,"100 מ""ל",false,1,10.00,2.42,true,1,27334
13153623,false,פריגת בוסט גזר,Unknown,,פריגת בוסט גזר,,400.00,"100 מ""ל",false,1,12.90,3.15,true,1,26745
13170583,false,אסם פירורית זהב כשלפ,Unknown,,אסם פירורית זהב כשלפ,,350.00,100 גרם,false,1,11.90,3.40,true,1,23671
13176004,false,יוגורט עיזים טבעי500,Unknown,,יוגורט עיזים טבעי500,,500.00,"100 מ""ל",false,1,16.90,3.38,false,1,26343
13176028,false,יוגורט עיזים תות 500,Unknown,,יוגורט עיזים תות 500,,500.00,"100 מ""ל",false,1,16.90,3.38,false,1,26344
13176042,false,יוגורט עיזים פ.יער,Unknown,,יוגורט עיזים פ.יער,,500.00,"100 מ""ל",false,1,16.90,3.38,false,1,26345
13176059,false,ארבלה ג.עיזים טבעי,Unknown,,ארבלה ג.עיזים טבעי,,200.00,100 גרם,false,1,16.50,8.25,false,1,26346
13176073,false,ארבלה שום שמיר 200גר,Unknown,,ארבלה שום שמיר 200גר,,200.00,100 גרם,false,1,16.50,8.25,false,1,26347
13176080,false,ארבלה זיתים 200 גרם,Unknown,,ארבלה זיתים 200 גרם,,200.00,100 גרם,false,1,16.50,8.25,false,1,26348
13176097,false,לבנה עיזים ארבלה200ג,Unknown,,לבנה עיזים ארבלה200ג,,200.00,100 גרם,false,1,16.90,8.45,false,1,26349
13176257,false,יוגורט עזים פרוביוטי,Unknown,,יוגורט עזים פרוביוטי,,150.00,"100 מ""ל",false,1,6.50,4.33,false,1,26350
13176264,false,יוגורט עיזים תות שדה,Unknown,,יוגורט עיזים תות שדה,,150.00,"100 מ""ל",false,1,6.50,4.33,false,1,26351
13176271,false,יוגורט עיזים אפרסק3%,Unknown,,יוגורט עיזים אפרסק3%,,150.00,"100 מ""ל",false,1,6.50,4.33,false,1,26352
13176288,false,יוגורט עזים תמר בננה,Unknown,,יוגורט עזים תמר בננה,,150.00,"100 מ""ל",false,1,6.50,4.33,false,1,26353
13267665,false,מאגדת סולרו טרופי,Unknown,,מאגדת סולרו טרופי,,295.00,100 גרם,false,1,27.00,9.15,true,1,23636
13268020,false,מקסימה אולטרא פרש1ל,Unknown,,מקסימה אולטרא פרש1ל,,1.00,1 ליטר,false,1,20.90,20.90,true,1,24502
13268242,false,ריצפז בניחוח מלון 2ל,Unknown,,ריצפז בניחוח מלון 2ל,,2.00,1 ליטר,false,1,27.00,13.50,true,1,24725
13268884,false,ריצפז פרש מאסק 2 ל,Unknown,,ריצפז פרש מאסק 2 ל,,2.00,1 ליטר,false,1,23.90,11.95,true,1,24478
13268891,false,סנו אוקסיגן 3 ליטר,Unknown,,סנו אוקסיגן 3 ליטר,,3.00,1 ליטר,false,1,36.00,12.00,true,1,24503
13268983,false,מרכך כביסה ליטר JOY,Unknown,,מרכך כביסה ליטר JOY,,1.00,1 ליטר,false,1,20.90,20.90,false,1,25089
13268990,false,מקסימה ביו מרוכז 1ל,Unknown,,מקסימה ביו מרוכז 1ל,,1.00,1 ליטר,false,1,20.90,20.90,true,1,24726
13269621,false,ריצפז פרש הום מלון 2,Unknown,,ריצפז פרש הום מלון 2,,2.00,1 ליטר,false,1,27.00,13.50,true,1,24727
13269751,false,ריצפז מטליות לחות,Unknown,,ריצפז מטליות לחות,,10.00,יחידה,false,1,15.50,1.55,true,1,24728
13358417,false,מאסטר שף טריאקי 300,Unknown,,מאסטר שף טריאקי 300,,300.00,"100 מ""ל",false,1,14.00,4.67,true,1,24729
13358530,false,רוטב צילי מתוק,Unknown,,רוטב צילי מתוק,,700.00,"100 מ""ל",false,1,15.90,2.27,true,1,23876
13366009,false,אספרגוס ליחידה,Unknown,,אספרגוס ליחידה,,400.00,100 גרם,false,1,36.00,9.00,true,1,23274
13366221,false,נבטי חמניה כ-150 גר,Unknown,,נבטי חמניה כ-150 גר,,150.00,100 גרם,false,1,8.90,5.93,true,1,23275
13366252,false,נבטוטים ליח,Unknown,,נבטוטים ליח,,0.00,,false,1,9.90,0.00,true,1,23402
13366634,false,חסה סלנובה ראשים ליח,Unknown,,חסה סלנובה ראשים ליח,,280.00,100 גרם,false,1,14.90,5.32,true,1,23186
13366641,false,רוקט שקית,Unknown,,רוקט שקית,,1.00,יחידה,false,1,13.90,13.90,true,1,25763
13440648,false,מאגדת אבטיח 5יח,Unknown,,מאגדת אבטיח 5יח,,540.00,100 גרם,false,1,26.90,4.98,true,1,24471
13472199,false,וילי פוד ערמונים 105,Unknown,,וילי פוד ערמונים 105,,105.00,100 גרם,false,1,7.50,7.14,true,1,24730
13492005,false,תפוא זעיר למיקרו,Unknown,,תפוא זעיר למיקרו,,670.00,100 גרם,false,1,11.90,1.78,true,1,23276
13492241,false,אוכמניות 170 גרם,Unknown,,אוכמניות 170 גרם,,1.00,יחידה,false,1,35.00,35.00,true,1,25764
13520067,false,לחמניה אצבע ארוז 10י,Unknown,,לחמניה אצבע ארוז 10י,,750.00,100 גרם,false,1,16.90,2.25,false,1,23074
13520463,false,לחם בריאות כוסמין,Unknown,,לחם בריאות כוסמין,,600.00,100 גרם,false,1,16.90,2.82,false,1,23075
13520500,false,לחמניה כוסמין מלא 8,Unknown,,לחמניה כוסמין מלא 8,,400.00,100 גרם,false,1,16.90,4.22,false,1,23076
13558916,false,פטריות שמפיניון,Unknown,,פטריות שמפיניון,,250.00,100 גרם,false,1,12.90,5.16,true,1,23426
13558923,false,פטריות פורטובלה,Unknown,,פטריות פורטובלה,,250.00,100 גרם,false,1,12.90,5.16,true,1,23429
13583185,false,5 מטר - מטר,Unknown,,5 מטר - מטר,,0.00,,false,1,10.00,0.00,true,1,14393
13585233,false,ספרייט ZERO סליק,Unknown,,ספרייט ZERO סליק,,330.00,"100 מ""ל",false,1,8.90,2.61,true,1,24003
13585257,false,ספרייט זירו 500 מל,Unknown,,ספרייט זירו 500 מל,,500.00,"100 מ""ל",false,1,9.90,1.92,true,1,16052
13585349,true,שישיית בירה קרלסברג,Unknown,,שישיית בירה קרלסברג,,1.98,1 ליטר,false,,39.90,19.24,true,1,15948
13585387,false,קוקה קולה זירו 1ל,Unknown,,קוקה קולה זירו 1ל,,1.00,1 ליטר,false,1,10.90,10.60,true,1,15972
13585394,false,קוקה קולה 1 ל,Unknown,,קוקה קולה 1 ל,,1.00,1 ליטר,false,1,10.90,10.60,true,1,15971
13585653,false,פריגת אסקטרה אננס,Unknown,,פריגת אסקטרה אננס,,420.00,"100 מ""ל",false,1,10.00,2.31,true,1,17763
13585677,false,פריגת אקסטרה מנגו,Unknown,,פריגת אקסטרה מנגו,,420.00,"100 מ""ל",false,1,10.00,2.31,true,1,17754
13585899,false,ויסוצקי ICE לימונית,Unknown,,ויסוצקי ICE לימונית,,350.00,"100 מ""ל",false,1,7.90,2.17,true,1,16813
13586285,false,ויסוצקי ICE נענע,Unknown,,ויסוצקי ICE נענע,,350.00,"100 מ""ל",false,1,7.90,2.17,true,1,16814
13608260,false,מיץ רימונים סחוט טרי,Unknown,,מיץ רימונים סחוט טרי,,1.00,1 ליטר,false,1,22.90,22.60,true,1,23720
13668134,false,צידנית קשיחה 32 ל,Unknown,,צידנית קשיחה 32 ל,,0.00,,false,1,149.00,0.00,false,1,21282
13668141,false,גריקן מים 6 ליטרים,Unknown,,גריקן מים 6 ליטרים,,0.00,,false,1,59.00,0.00,true,1,20734
13668509,false,צידנית קשיחה 11 ל,Unknown,,צידנית קשיחה 11 ל,,0.00,,false,1,99.00,0.00,false,1,21283
13668516,false,קלקר מים לטיולים חדש,Unknown,,קלקר מים לטיולים חדש,,0.00,,false,1,34.90,0.00,false,1,22696
13702418,false,שוופס מוגז עדין אפרס,Unknown,,שוופס מוגז עדין אפרס,,330.00,"100 מ""ל",false,1,8.00,2.33,true,1,17494
13702425,false,שוופס פרוטס פ.יער,Unknown,,שוופס פרוטס פ.יער,,330.00,"100 מ""ל",false,1,9.90,2.91,true,1,17495
13702708,false,שוופס פרוטס אננס 330,Unknown,,שוופס פרוטס אננס 330,,330.00,"100 מ""ל",false,1,9.90,2.91,true,1,17188
13726001,false,לורד טונה שמינייה,Unknown,,לורד טונה שמינייה,,230.00,100 גרם,false,1,18.00,7.83,true,1,12073
13726025,false,לורד ג.צהובה שמינייה,Unknown,,לורד ג.צהובה שמינייה,,210.00,100 גרם,false,1,18.00,8.57,true,1,12075
13726100,false,לורד טוניסאי שמינייה,Unknown,,לורד טוניסאי שמינייה,,250.00,100 גרם,false,1,18.00,7.20,true,1,13336
13726124,false,לורד שניצל שמינייה,Unknown,,לורד שניצל שמינייה,,260.00,100 גרם,false,1,18.00,6.92,true,1,13337
13726179,false,כריך מיני טונה בדצ,Unknown,,כריך מיני טונה בדצ,,1.00,יחידה,false,1,11.00,11.00,true,1,13463
13787156,false,רוטב שמנת גראנהפדאנו,Unknown,,רוטב שמנת גראנהפדאנו,,200.00,"100 מ""ל",false,1,13.90,6.95,false,1,26108
13787163,false,ריקו רוטב רוזה 200מל,Unknown,,ריקו רוטב רוזה 200מל,,200.00,"100 מ""ל",false,1,13.90,6.95,false,1,26109
13787170,false,רוטב שמנת פטריות,Unknown,,רוטב שמנת פטריות,,200.00,"100 מ""ל",false,1,13.90,6.95,false,1,26110
13787194,false,רוטב שמנת בטטה 200מל,Unknown,,רוטב שמנת בטטה 200מל,,200.00,"100 מ""ל",false,1,13.90,6.95,false,1,26111
13847812,false,סטארקיסט בשמן זית,Unknown,,סטארקיסט בשמן זית,,140.00,100 גרם,false,1,10.90,7.79,true,1,20591
13848345,false,סנו מטליות לחות 99.9,Unknown,,סנו מטליות לחות 99.9,,150.00,יחידה,false,1,26.90,0.18,true,1,24731
13906052,false,טירת צבי נקניקיות,Unknown,,טירת צבי נקניקיות,,300.00,100 גרם,false,1,18.00,6.00,true,1,23724
13906441,false,ט.צבי קבנוס 120 ג,Unknown,,ט.צבי קבנוס 120 ג,,120.00,100 גרם,false,1,13.50,11.25,true,1,24213
13906458,false,ט.צבי קבנוס פיקנטי,Unknown,,ט.צבי קבנוס פיקנטי,,120.00,100 גרם,false,1,13.50,11.25,true,1,24214
13906489,false,חטיפי מיני קבנוס,Unknown,,חטיפי מיני קבנוס,,120.00,100 גרם,false,1,13.50,11.25,true,1,23532
13971555,false,מארז ס.קומבו AA/AAA,Unknown,,מארז ס.קומבו AA/AAA,,0.00,,false,1,19.80,0.00,false,1,19988
14002135,false,ויסוצקי תה ירוק מיקס,Unknown,,ויסוצקי תה ירוק מיקס,,25.00,יחידה,false,1,21.90,0.88,false,1,25644
14002203,false,חליטת לימונית לואיזה,Unknown,,חליטת לימונית לואיזה,,25.00,יחידה,false,1,25.90,1.04,false,1,24476
14002982,false,ויסוצקי תה ל.לואיזה,Unknown,,ויסוצקי תה ל.לואיזה,,1.00,יחידה,false,1,21.90,21.90,false,1,25765
14056008,false,שפירא פייל אייל 330,Unknown,,שפירא פייל אייל 330,,330.00,"100 מ""ל",false,1,18.00,5.36,true,1,26354
14056039,false,ח.שפירא חפ 330 בק,Unknown,,ח.שפירא חפ 330 בק,,330.00,"100 מ""ל",false,1,18.00,5.36,true,1,26355
14056046,false,ל.שפירא חפ 330 בק,Unknown,,ל.שפירא חפ 330 בק,,330.00,"100 מ""ל",false,1,18.00,5.36,true,1,26356
14056053,false,שפירא חפ בק 330,Unknown,,שפירא חפ בק 330,,330.00,"100 מ""ל",false,1,18.00,5.36,true,1,26357
14069121,false,עוגת דבש,Unknown,,עוגת דבש,,1.00,יחידה,false,1,49.00,49.00,false,1,28040
14069336,false,עוגיות תמרים,Unknown,,עוגיות תמרים,,1.00,יחידה,false,1,35.00,35.00,false,1,25977
14069350,false,בראוניז קריסטלית,Unknown,,בראוניז קריסטלית,,0.00,,false,1,35.00,0.00,false,1,26131
14069411,false,קנטוציני שוקולד,Unknown,,קנטוציני שוקולד,,1.00,יחידה,false,1,35.00,35.00,false,1,27889
14069435,false,עוגיות חמאת שקדים,Unknown,,עוגיות חמאת שקדים,,1.00,יחידה,false,1,35.00,35.00,false,1,25980
14069459,false,קרקר כוסמין קריסטלית,Unknown,,קרקר כוסמין קריסטלית,,1.00,יחידה,false,1,26.00,26.00,false,1,25981
14069831,false,עוגיות גרנולה,Unknown,,עוגיות גרנולה,,1.00,יחידה,false,1,35.00,35.00,false,1,27864
14069909,false,פס גבינה קלאסי,Unknown,,פס גבינה קלאסי,,1.00,יחידה,false,1,69.00,69.00,false,1,27310
14069916,false,טארט ליים אישי,Unknown,,טארט ליים אישי,,1.00,יחידה,false,1,30.00,30.00,false,1,27865
14079076,false,נבטי אלפלפא ארוז ליח,Unknown,,נבטי אלפלפא ארוז ליח,,180.00,100 גרם,false,1,9.90,5.50,true,1,23177
14079236,false,פטריות פורטובלה,Unknown,,פטריות פורטובלה,,250.00,100 גרם,false,1,12.90,5.16,true,1,23277
14083479,false,גבינת גאודה 150ג,Unknown,,גבינת גאודה 150ג,,150.00,100 גרם,false,1,10.00,6.67,true,1,23703
14083769,false,גבינה אמנטל פרוסות,Unknown,,גבינה אמנטל פרוסות,,150.00,100 גרם,false,1,10.90,7.27,false,1,25982
14217140,false,ראס אל חנות 100 גר,Unknown,,ראס אל חנות 100 גר,,100.00,100 גרם,false,1,9.50,9.50,false,1,26032
14217225,false,גריל עוף 120 גר,Unknown,,גריל עוף 120 גר,,120.00,100 גרם,false,1,10.90,9.08,false,1,23059
14217348,false,צילי כתוש 70 גר,Unknown,,צילי כתוש 70 גר,,70.00,100 גרם,false,1,10.90,15.57,false,1,23060
14218932,false,חטיפי פיצה עם זיתים,Unknown,,חטיפי פיצה עם זיתים,,710.00,100 גרם,false,1,42.90,6.04,true,1,24607
14256637,false,מוסקטו  BUzZ,Unknown,,מוסקטו  BUzZ,,750.00,"100 מ""ל",false,1,35.00,4.63,true,1,22520
14455245,false,גרנה פדנו משולש 29%,Unknown,,גרנה פדנו משולש 29%,,200.00,100 גרם,false,1,32.00,16.00,true,1,24733
14455252,false,גרנה פדנו מגוררת,Unknown,,גרנה פדנו מגוררת,,100.00,100 גרם,false,1,13.00,13.00,true,1,24653
14455320,false,כדור מוצרלה פרסקה,Unknown,,כדור מוצרלה פרסקה,,100.00,100 גרם,false,1,10.00,10.00,true,1,24654
14455467,false,גד מעדן ש.שועל וחלב,Unknown,,גד מעדן ש.שועל וחלב,,150.00,"100 מ""ל",false,1,5.90,3.93,false,1,25983
14459632,false,ציפס טוגן 8*1.5קג,Unknown,,ציפס טוגן 8*1.5קג,,1.50,"1 ק""ג",false,1,22.90,15.27,true,1,28225
14459854,false,ציפס קלאסי 1.5 קג,Unknown,,ציפס קלאסי 1.5 קג,,1.50,"1 ק""ג",false,1,18.00,12.00,true,1,23516
14459939,false,טוגן ציפס  1.7קג,Unknown,,טוגן ציפס  1.7קג,,1.70,"1 ק""ג",false,1,26.00,15.29,true,1,23518
14462311,false,דובדבן אדום ארוז-חדש,Unknown,,דובדבן אדום ארוז-חדש,,300.00,100 גרם,false,1,24.90,8.30,true,1,27271
14462533,false,ליצי במארז,Unknown,,ליצי במארז,,310.00,100 גרם,false,1,19.90,6.42,false,1,23475
14462847,false,תירס ארוז,Unknown,,תירס ארוז,קילוגרמים,1.00,"ק""ג",true,1,15.90,0.00,true,1,23455
14466128,false,ירדן הר חרמון אינדיג,Unknown,,ירדן הר חרמון אינדיג,,750.00,"100 מ""ל",false,1,44.90,5.95,true,1,22519
14466463,false,הר חרמון מוסקטו,Unknown,,הר חרמון מוסקטו,,750.00,"100 מ""ל",false,1,44.90,5.95,true,1,27382
14466609,false,יין גמלא מרלו,Unknown,,יין גמלא מרלו,,750.00,"100 מ""ל",false,1,80.00,10.63,true,1,22523
14503137,false,כנען אדום -דלתון,Unknown,,כנען אדום -דלתון,,750.00,"100 מ""ל",false,1,50.00,6.63,true,1,19831
14503144,false,כנען לבן - דלתון,Unknown,,כנען לבן - דלתון,,750.00,"100 מ""ל",false,1,50.00,6.63,true,1,19832
14525313,false,מרבה קריספי שוקולד,Unknown,,מרבה קריספי שוקולד,,164.00,100 גרם,false,1,14.90,9.09,true,1,24597
14553040,false,תרסיס גז פלפל,Unknown,,תרסיס גז פלפל,,0.00,,false,1,59.00,0.00,false,1,26969
14581036,false,פחם 2 קג להבה,Unknown,,פחם 2 קג להבה,,2.00,"1 ק""ג",false,1,21.90,10.95,false,1,27099
14603028,false,סולרו תות יחידתי,Unknown,,סולרו תות יחידתי,,76.00,100 גרם,false,1,12.90,16.97,true,1,14199
14603776,false,קרמבו וניל 20 יח,Unknown,,קרמבו וניל 20 יח,,584.00,100 גרם,false,1,44.90,7.69,true,1,15430
14603783,false,קרמבו מוקה 20 יח,Unknown,,קרמבו מוקה 20 יח,,584.00,100 גרם,false,1,44.90,7.69,true,1,15431
14648906,false,אציטון La Belle 100,Unknown,,אציטון La Belle 100,,100.00,"100 מ""ל",false,1,5.90,5.90,true,1,23414
14692299,false,יורוציז גבינת ברי,Unknown,,יורוציז גבינת ברי,,125.00,100 גרם,false,1,19.90,15.92,false,1,25984
14692565,false,גרעיני תירס מתוק,Unknown,,גרעיני תירס מתוק,,320.00,100 גרם,false,1,5.50,1.72,true,1,23704
14692817,false,גבינת מוצרלה מגורדת,Unknown,,גבינת מוצרלה מגורדת,,200.00,100 גרם,false,1,13.90,6.95,false,1,25985
14725294,false,סוכרזית סוכרלוז 100ש,Unknown,,סוכרזית סוכרלוז 100ש,,100.00,יחידה,false,1,25.00,0.25,true,1,24734
14749245,false,רצועות שניצל,Unknown,,רצועות שניצל,,600.00,100 גרם,false,1,41.90,6.98,true,1,24885
14749726,false,עוף טוב שניצל קריספי,Unknown,,עוף טוב שניצל קריספי,,700.00,100 גרם,false,1,47.90,6.84,false,1,25766
14749764,false,עוף טוב ש.עוף עדין,Unknown,,עוף טוב ש.עוף עדין,,700.00,100 גרם,false,1,41.90,5.99,false,1,25767
14758100,false,מארז יוגורט תנובה*8,Unknown,,מארז יוגורט תנובה*8,,1.20,"1 ק""ג",false,1,18.90,15.75,false,1,26145
14758117,false,יוגורט תנובה1.5%*8,Unknown,,יוגורט תנובה1.5%*8,,1.20,"1 ק""ג",false,1,18.90,15.75,false,1,26146
14758162,false,תנובה חלב עיזים 1ל,Unknown,,תנובה חלב עיזים 1ל,,1.00,1 ליטר,false,1,17.00,17.00,true,1,23811
14758544,false,חמאה 200 גרם בדצ,Unknown,,חמאה 200 גרם בדצ,,200.00,100 גרם,false,1,7.88,3.94,false,1,23774
14758681,false,קוטג תנובה 1% 250ג,Unknown,,קוטג תנובה 1% 250ג,,250.00,100 גרם,false,1,6.00,2.40,true,1,23776
14759084,false,נפוליאון 16% 225גר,Unknown,,נפוליאון 16% 225גר,,225.00,100 גרם,false,1,14.90,6.62,true,1,23777
14759534,false,בולגרית למריחה טבעי,Unknown,,בולגרית למריחה טבעי,,200.00,100 גרם,false,1,15.90,7.95,true,1,26270
14759909,false,פ.פטה עזים פיראוס,Unknown,,פ.פטה עזים פיראוס,,250.00,100 גרם,false,1,30.00,12.00,true,1,23778
14759978,false,גבינת קולאז קצקבל,Unknown,,גבינת קולאז קצקבל,,200.00,100 גרם,false,1,28.50,14.25,true,1,23766
14759985,false,גבינת קולאז פרמזן,Unknown,,גבינת קולאז פרמזן,,200.00,100 גרם,false,1,26.00,13.00,true,1,23767
14759992,false,רוקפור פלח 140ג,Unknown,,רוקפור פלח 140ג,,140.00,100 גרם,false,1,20.00,14.29,true,1,23815
14760134,false,מעדן סויה בטעם וניל,Unknown,,מעדן סויה בטעם וניל,,125.00,100 גרם,false,1,5.00,4.00,false,1,26147
14760141,false,משקה שקדים טרי 1 ל,Unknown,,משקה שקדים טרי 1 ל,,1.00,1 ליטר,false,1,13.50,13.50,true,1,22224
14761056,false,YOLO שוקולד חלב,Unknown,,YOLO שוקולד חלב,,123.00,100 גרם,false,1,5.20,4.23,true,1,15757
14761063,false,YOLOמעדן שוקולד מריר,Unknown,,YOLOמעדן שוקולד מריר,,123.00,100 גרם,false,1,5.20,4.23,true,1,15758
14761070,false,YOLO שוקולד לבן,Unknown,,YOLO שוקולד לבן,,123.00,100 גרם,false,1,5.20,4.23,true,1,15756
14761193,false,פרילי פירות יער 1.5%,Unknown,,פרילי פירות יער 1.5%,,125.00,100 גרם,false,1,4.00,3.20,true,1,26271
14761414,false,YOLO שוקולד חלב ולבן,Unknown,,YOLO שוקולד חלב ולבן,,123.00,100 גרם,false,1,5.20,4.23,true,1,15759
14761612,false,YOLO שכבות מריר ולבן,Unknown,,YOLO שכבות מריר ולבן,,122.00,100 גרם,false,1,5.20,4.26,true,1,18031
14762756,false,נפוליאון ע.בצל 225 ג,Unknown,,נפוליאון ע.בצל 225 ג,,225.00,100 גרם,false,1,14.90,6.62,true,1,23779
14762770,false,ג.מעדן סויה ט.אפרסק,Unknown,,ג.מעדן סויה ט.אפרסק,,125.00,"100 מ""ל",false,1,5.00,4.00,true,1,23780
14762787,false,מעדן סויה טעם תות,Unknown,,מעדן סויה טעם תות,,125.00,"100 מ""ל",false,1,5.00,4.00,true,1,23781
14762794,false,מעדן סויה ביו מתיקות,Unknown,,מעדן סויה ביו מתיקות,,125.00,100 גרם,false,1,5.00,4.00,true,1,23808
14762800,false,מעדן סויה ט.שוקולד,Unknown,,מעדן סויה ט.שוקולד,,125.00,"100 מ""ל",false,1,5.00,4.00,true,1,23782
14762831,false,נפוליאון פ. חליפינו,Unknown,,נפוליאון פ. חליפינו,,200.00,100 גרם,false,1,14.90,7.45,true,1,23783
14762848,false,ג.צהובה מגורדת גלבוע,Unknown,,ג.צהובה מגורדת גלבוע,,500.00,100 גרם,false,1,36.90,7.38,false,1,26148
14762909,false,ה.הלבן פתיתי מוצרלה,Unknown,,ה.הלבן פתיתי מוצרלה,,200.00,100 גרם,false,1,18.00,9.00,true,1,23784
14763098,false,ג.שמנת פלפל שום בצל,Unknown,,ג.שמנת פלפל שום בצל,,200.00,100 גרם,false,1,12.90,6.45,false,1,25768
14763272,false,סויה BIO תות ובננה,Unknown,,סויה BIO תות ובננה,,236.00,"100 מ""ל",false,1,6.50,2.75,true,1,26272
14763579,false,מעדן סויה ביו,Unknown,,מעדן סויה ביו,,125.00,100 גרם,false,1,5.00,4.00,true,1,23807
14763678,false,משקה בטעם וניל GO,Unknown,,משקה בטעם וניל GO,,250.00,"100 מ""ל",false,1,7.50,3.00,true,1,18034
14785076,false,קרם קוקוס 400מל,Unknown,,קרם קוקוס 400מל,,400.00,"100 מ""ל",false,1,8.90,2.22,false,1,25878
14785441,false,א.ביצים להקפצה,Unknown,,א.ביצים להקפצה,,450.00,100 גרם,false,1,9.90,2.20,true,1,25064
14785564,false,אטריות אודון מוכנות,Unknown,,אטריות אודון מוכנות,,200.00,100 גרם,false,1,4.50,2.25,false,1,25934
14785571,false,אטריות להקפצה,Unknown,,אטריות להקפצה,,200.00,100 גרם,false,1,4.50,2.25,false,1,25935
14785588,false,אטריות ראמן,Unknown,,אטריות ראמן,,180.00,100 גרם,false,1,4.50,2.50,false,1,25936
14785991,false,רוטב סויה ל.גלוטן,Unknown,,רוטב סויה ל.גלוטן,,500.00,"100 מ""ל",false,1,15.90,3.18,true,1,25062
14791336,false,מי עדן 1 ל,Unknown,,מי עדן 1 ל,,1.00,1 ליטר,false,1,8.90,8.60,true,1,16927
14791572,false,שוופס ענבים מוגז 330,Unknown,,שוופס ענבים מוגז 330,,330.00,"100 מ""ל",false,1,9.90,2.91,true,1,16079
14791626,false,שוופס סודה נענע ליים,Unknown,,שוופס סודה נענע ליים,,250.00,"100 מ""ל",false,1,6.90,2.64,true,1,16016
14791787,false,פרוט ווטר אננס 1.5,Unknown,,פרוט ווטר אננס 1.5,,1.50,1 ליטר,false,1,11.90,7.93,true,1,17208
14791817,false,פרוט ווטר אבטיח 1.5,Unknown,,פרוט ווטר אבטיח 1.5,,1.50,1 ליטר,false,1,11.90,7.93,true,1,16630
14791848,false,פרוט ווטר אננס 0.5 ל,Unknown,,פרוט ווטר אננס 0.5 ל,,500.00,"100 מ""ל",false,1,10.90,2.12,false,1,16330
14791879,false,פרוט ווטר אבטיח 0.5,Unknown,,פרוט ווטר אבטיח 0.5,,500.00,"100 מ""ל",false,1,10.90,2.12,true,1,16329
14821057,false,כבל אודיו AUX,Unknown,,כבל אודיו AUX,,0.00,,false,1,32.90,0.00,true,1,18689
14821064,false,כבל סנכרון MICRO USB,Unknown,,כבל סנכרון MICRO USB,,0.00,,false,1,34.90,0.00,true,1,18690
14821088,false,כבל סנכרון+טעינה איפ,Unknown,,כבל סנכרון+טעינה איפ,,0.00,,false,1,49.90,0.00,true,1,18691
14821095,false,מטעו רכב איפון 6,Unknown,,מטעו רכב איפון 6,,0.00,,false,1,79.90,0.00,false,1,18692
14821101,false,מעמד לרכב-לבן,Unknown,,מעמד לרכב-לבן,,0.00,,false,1,99.90,0.00,false,1,14617
14821118,false,מעמד לרכב-שחור,Unknown,,מעמד לרכב-שחור,,0.00,,false,1,99.90,0.00,false,1,14616
14821347,false,אוזניות כפתור ARTOS,Unknown,,אוזניות כפתור ARTOS,,0.00,,false,1,54.90,0.00,false,1,14818
14821507,false,מטען קיר איפון 6,Unknown,,מטען קיר איפון 6,,0.00,,false,1,79.90,0.00,false,1,18693
14821569,false,כבל סנכרון אלומניום,Unknown,,כבל סנכרון אלומניום,,0.00,,false,1,34.90,0.00,false,1,18698
14821682,false,זרוע א. TOUCH צהוב,Unknown,,זרוע א. TOUCH צהוב,,0.00,,false,1,49.00,0.00,false,1,20470
14821699,false,זרוע לרכב,Unknown,,זרוע לרכב,,0.00,,false,1,49.00,0.00,true,1,20443
14890183,false,ציידנית משפ נוספת,Unknown,,ציידנית משפ נוספת,,0.00,,false,1,119.00,0.00,false,1,27490
14910461,false,ערק יודה 40% 700 מל,Unknown,,ערק יודה 40% 700 מל,,700.00,"100 מ""ל",false,1,69.90,9.94,false,1,24010
14935006,false,בזיליקום נספק 50,Unknown,,בזיליקום נספק 50,,1.00,יחידה,false,1,5.00,5.00,true,1,25430
14935020,false,עירית נספק 30,Unknown,,עירית נספק 30,,1.00,יחידה,false,1,5.00,5.00,true,1,25431
14935037,false,טימין נספק 40,Unknown,,טימין נספק 40,,1.00,יחידה,false,1,5.00,5.00,true,1,25432
14935044,false,רוזמרין נספק 40,Unknown,,רוזמרין נספק 40,,1.00,יחידה,false,1,5.00,5.00,true,1,25433
14935051,false,עלי בייבי נספק 150,Unknown,,עלי בייבי נספק 150,,1.00,יחידה,false,1,8.00,8.00,true,1,25434
14935068,false,עלי בייבי נספק 150,Unknown,,עלי בייבי נספק 150,,1.00,יחידה,false,1,12.90,12.90,true,1,25435
14935082,false,תרד נספק 300,Unknown,,תרד נספק 300,,1.00,יחידה,false,1,14.00,14.00,true,1,25436
14935099,false,רוקולה,Unknown,,רוקולה,,1.00,יחידה,false,1,12.00,12.00,true,1,26702
14935105,false,חסה ליטל גים מגשית,Unknown,,חסה ליטל גים מגשית,,1.00,יחידה,false,1,11.90,11.90,true,1,25437
14935112,false,חסה משי נספק רגבים,Unknown,,חסה משי נספק רגבים,,1.00,יחידה,false,1,9.90,9.90,true,1,25438
14935129,false,לבבות קיסר נספק,Unknown,,לבבות קיסר נספק,,1.00,יחידה,false,1,12.90,12.90,true,1,25439
14935136,false,ברוקולי ארוז מגשית,Unknown,,ברוקולי ארוז מגשית,,1.00,יחידה,false,1,14.90,14.90,true,1,25440
14935150,false,סלרי עלים,Unknown,,סלרי עלים,,1.00,יחידה,false,1,7.90,7.90,true,1,25441
14935167,false,סלרי ראש רגבים,Unknown,,סלרי ראש רגבים,,1.00,יחידה,false,1,10.00,10.00,true,1,25442
14935198,false,פטרוזיליה ארוז רגבים,Unknown,,פטרוזיליה ארוז רגבים,,1.00,יחידה,false,1,4.50,4.50,true,1,25443
14935204,false,כוסברה ארוז רגבים,Unknown,,כוסברה ארוז רגבים,,1.00,יחידה,false,1,4.50,4.50,true,1,25444
14935211,false,שמיר ארוז רגבים,Unknown,,שמיר ארוז רגבים,,1.00,יחידה,false,1,4.50,4.50,true,1,25445
14935228,false,נענע ארוז רגבים,Unknown,,נענע ארוז רגבים,,1.00,יחידה,false,1,4.50,4.50,true,1,25446
14935235,false,אורגנו נספק 50,Unknown,,אורגנו נספק 50,,1.00,יחידה,false,1,5.00,5.00,true,1,25447
14935242,false,מרווה נספק 40,Unknown,,מרווה נספק 40,,1.00,יחידה,false,1,5.00,5.00,true,1,25448
14935273,false,חסה ערבית,Unknown,,חסה ערבית,,1.00,יחידה,false,1,6.90,6.90,true,1,26703
14935280,false,שורש פטרוזיליה ארוז,Unknown,,שורש פטרוזיליה ארוז,,0.00,,false,1,5.90,0.00,true,1,23403
14935297,false,חסה אייסברג ארוז,Unknown,,חסה אייסברג ארוז,,1.00,יחידה,false,1,6.90,6.90,true,1,25449
14935303,false,חסה סלנובה ארוז,Unknown,,חסה סלנובה ארוז,,1.00,יחידה,false,1,15.00,15.00,true,1,25450
14935327,false,שיבא נספק 50,Unknown,,שיבא נספק 50,,1.00,יחידה,false,1,5.00,5.00,true,1,25451
14935334,false,פלפל צילי נספק,Unknown,,פלפל צילי נספק,,1.00,יחידה,false,1,10.00,10.00,true,1,25452
14935341,false,רוקולה נספק 150,Unknown,,רוקולה נספק 150,,1.00,יחידה,false,1,10.00,10.00,true,1,25453
14935365,false,אספרגוס ארוז 230 גרם,Unknown,,אספרגוס ארוז 230 גרם,,1.00,יחידה,false,1,32.90,32.90,true,1,25454
14935372,false,ארטישוק ירושלים ארוז,Unknown,,ארטישוק ירושלים ארוז,,1.00,יחידה,false,1,12.90,12.90,true,1,25455
14935396,false,אפונה שלג,Unknown,,אפונה שלג,,1.00,יחידה,false,1,21.90,21.90,true,1,25456
14935433,false,שום קלוף,Unknown,,שום קלוף,,1.00,יחידה,false,1,16.00,16.00,true,1,25457
14935457,false,כרוב קייל,Unknown,,כרוב קייל,,1.00,יחידה,false,1,15.00,15.00,true,1,25458
14935464,false,קיסר נספק,Unknown,,קיסר נספק,,1.00,יחידה,false,1,10.90,10.90,true,1,25459
14935488,false,בייבי שקית 250 גרם,Unknown,,בייבי שקית 250 גרם,,1.00,יחידה,false,1,11.90,11.90,true,1,25460
14935495,false,מלפפון מיני,Unknown,,מלפפון מיני,,1.00,יחידה,false,1,12.90,12.90,true,1,25461
14935501,false,פלפל סוויט בייט,Unknown,,פלפל סוויט בייט,,1.00,יחידה,false,1,13.90,13.90,true,1,25462
14935518,false,פטריות שמפיניון א.א,Unknown,,פטריות שמפיניון א.א,,1.00,יחידה,false,1,11.90,11.90,true,1,25463
14935525,false,פטריות פורטובלו מיני,Unknown,,פטריות פורטובלו מיני,,1.00,יחידה,false,1,12.00,12.00,true,1,25464
14935532,false,פטריות חצי חצי דואט,Unknown,,פטריות חצי חצי דואט,,1.00,יחידה,false,1,20.00,20.00,true,1,25465
14935549,false,פטריות פורטובלו מגה,Unknown,,פטריות פורטובלו מגה,,1.00,יחידה,false,1,29.90,29.90,true,1,25466
14935556,false,נבטים סיניים ארוז יח,Unknown,,נבטים סיניים ארוז יח,,1.00,יחידה,false,1,6.90,6.90,true,1,25467
14935563,false,נבטי אלפלפא ארוז יח,Unknown,,נבטי אלפלפא ארוז יח,,1.00,יחידה,false,1,6.90,6.90,true,1,25468
14935570,false,נבטי חמניה ארוז יח,Unknown,,נבטי חמניה ארוז יח,,1.00,יחידה,false,1,11.90,11.90,true,1,25469
14935587,false,נבטוטים רגבים,Unknown,,נבטוטים רגבים,,1.00,יחידה,false,1,12.00,12.00,true,1,25470
14935655,false,לבבות קיסר -רגבים,Unknown,,לבבות קיסר -רגבים,,1.00,יחידה,false,1,12.90,12.90,true,1,25471
14935662,false,חסה סלנובה רגבים,Unknown,,חסה סלנובה רגבים,,1.00,יחידה,false,1,13.90,13.90,true,1,25472
14935693,false,עלי בייבי נספק רגבים,Unknown,,עלי בייבי נספק רגבים,,1.00,יחידה,false,1,8.00,8.00,true,1,25473
14935709,false,רוקולה נספק 150,Unknown,,רוקולה נספק 150,,1.00,יחידה,false,1,10.00,10.00,true,1,25474
14935723,false,תרד נספק 300,Unknown,,תרד נספק 300,,1.00,יחידה,false,1,14.00,14.00,true,1,25475
14935747,false,חסה ליטל גם רגבים,Unknown,,חסה ליטל גם רגבים,,1.00,יחידה,false,1,11.90,11.90,true,1,25476
14935754,false,פאקצוי רגבים,Unknown,,פאקצוי רגבים,,1.00,יחידה,false,1,10.90,10.90,true,1,25477
14935778,false,כרוב קייל רגבים,Unknown,,כרוב קייל רגבים,,1.00,יחידה,false,1,15.00,15.00,true,1,25478
14961203,false,לורד שווארמה שמינייה,Unknown,,לורד שווארמה שמינייה,,270.00,100 גרם,false,1,18.00,6.67,true,1,14756
14961258,false,לורד-דאבל פסטרמה+בקר,Unknown,,לורד-דאבל פסטרמה+בקר,,240.00,100 גרם,false,1,18.00,7.50,true,1,15717
14961265,false,לורד ביצה קשה שמיניי,Unknown,,לורד ביצה קשה שמיניי,,0.00,,false,1,18.00,0.00,true,1,15716
15008020,false,נרות נשמה,Unknown,,נרות נשמה,,1.00,יחידה,false,1,2.50,2.50,false,1,20955
15008037,false,נרות חימום 50 יח,Unknown,,נרות חימום 50 יח,,50.00,יחידה,false,1,12.90,0.26,false,1,28000
15008105,false,צלחות קטן 50 יח עבות,Unknown,,צלחות קטן 50 יח עבות,,50.00,יחידה,false,1,16.90,0.34,true,1,24191
15008273,false,כוסות פלסטיק,Unknown,,כוסות פלסטיק,,100.00,יחידה,false,1,13.90,0.14,false,1,20952
15008372,false,כוסות קרטון 50 יח,Unknown,,כוסות קרטון 50 יח,,50.00,יחידה,false,1,12.90,0.26,false,1,20950
15008525,false,קיסמי שיניים 300 יח,Unknown,,קיסמי שיניים 300 יח,,300.00,יחידה,false,1,4.00,0.01,true,1,24886
15008655,false,כפות 50 יח,Unknown,,כפות 50 יח,,50.00,יחידה,false,1,11.90,0.24,false,1,20946
15008662,false,מזלג  50 יח,Unknown,,מזלג  50 יח,,50.00,יחידה,false,1,10.90,0.22,false,1,20948
15008679,false,סכין 50 יח,Unknown,,סכין 50 יח,,50.00,יחידה,false,1,10.90,0.22,false,1,20949
15008686,false,כפיות 50 יח,Unknown,,כפיות 50 יח,,50.00,יחידה,false,1,8.90,0.18,false,1,20947
15008693,false,צלחות ענק צבעוני,Unknown,,צלחות ענק צבעוני,,25.00,יחידה,false,1,22.90,0.92,false,1,20944
15008839,false,צ.עמוקות ע.במיוחד,Unknown,,צ.עמוקות ע.במיוחד,,30.00,יחידה,false,1,20.90,0.70,true,1,24198
15014267,false,פסיפלורה ליחידה,Unknown,,פסיפלורה ליחידה,,680.00,100 גרם,false,1,24.90,3.66,true,1,23301
15014274,false,צנון בשקית,Unknown,,צנון בשקית,,1.00,יחידה,false,1,6.90,6.90,true,1,25479
15039246,false,נתחי טונה*4 בהירה,Unknown,,נתחי טונה*4 בהירה,,160.00,100 גרם,false,1,22.90,14.31,true,1,24681
15039338,false,טונה בהירה במי מלח,Unknown,,טונה בהירה במי מלח,,640.00,100 גרם,false,1,22.90,3.58,false,1,25770
15116008,false,בצל ירוק מובחר,Unknown,,בצל ירוק מובחר,,250.00,100 גרם,false,1,4.90,1.96,true,1,23190
15116015,false,ברוקולי ארוז,Unknown,,ברוקולי ארוז,,0.00,,false,1,14.90,0.00,true,1,23404
15116756,false,תירס לבן ארוז,Unknown,,תירס לבן ארוז,,1.10,"1 ק""ג",false,1,19.90,18.09,true,1,23462
15150118,false,עגבניות שלישייה,Unknown,,עגבניות שלישייה,,1.20,"1 ק""ג",false,1,22.00,18.33,false,1,23880
15155823,false,פאוץ פרינוק תפוח,Unknown,,פאוץ פרינוק תפוח,,120.00,100 גרם,false,1,7.00,5.83,true,1,24938
15155830,false,פרינוק תפוח בננה,Unknown,,פרינוק תפוח בננה,,120.00,100 גרם,false,1,7.00,5.83,true,1,24939
15155847,false,פרינוק סלט פירות,Unknown,,פרינוק סלט פירות,,120.00,100 גרם,false,1,7.00,5.83,true,1,24940
15253321,false,פחם AFRICAN BBQ,Unknown,,פחם AFRICAN BBQ,,1.00,יחידה,false,1,21.90,21.90,false,1,27253
15309011,false,פומלה מקולפת,Unknown,,פומלה מקולפת,,1.00,יחידה,false,1,19.90,19.90,true,1,25480
15324014,false,פלפל שחור טחון שקית,Unknown,,פלפל שחור טחון שקית,,80.00,100 גרם,false,1,12.90,16.12,false,1,26033
15324038,false,פפריקה בשמן שקית 80ג,Unknown,,פפריקה בשמן שקית 80ג,,80.00,100 גרם,false,1,6.90,8.62,false,1,26034
15324052,false,פפריקה מתוקה שקית80ג,Unknown,,פפריקה מתוקה שקית80ג,,80.00,100 גרם,false,1,6.90,8.62,false,1,26035
15324083,false,מלח לימון שקית 80 ג,Unknown,,מלח לימון שקית 80 ג,,80.00,100 גרם,false,1,6.90,8.62,false,1,26036
15324090,false,טעם וריח כמון שקית,Unknown,,טעם וריח כמון שקית,,80.00,100 גרם,false,1,6.90,8.62,false,1,26037
15324113,false,טעם וריח בהרט לבישול,Unknown,,טעם וריח בהרט לבישול,,80.00,100 גרם,false,1,6.90,8.62,false,1,26038
15324281,false,בצל מטוגן שקית 200גר,Unknown,,בצל מטוגן שקית 200גר,,200.00,100 גרם,false,1,12.90,6.45,false,1,26039
15324588,false,פלפל לבן טחון 100ג,Unknown,,פלפל לבן טחון 100ג,,100.00,100 גרם,false,1,15.00,15.00,false,1,26040
15341004,false,עוגיות שקדים Emma,Unknown,,עוגיות שקדים Emma,,85.00,100 גרם,false,1,9.90,11.65,true,1,18395
15341011,false,עוגיות גרנולה Emma,Unknown,,עוגיות גרנולה Emma,,85.00,100 גרם,false,1,9.90,11.65,true,1,18396
15341028,false,עוגיות שוקו ציפס,Unknown,,עוגיות שוקו ציפס,,85.00,100 גרם,false,1,9.90,11.65,true,1,18397
15341097,false,בייגלה טבעי Emma,Unknown,,בייגלה טבעי Emma,,85.00,100 גרם,false,1,9.90,11.65,true,1,18624
15341318,false,עוגיות בוטנים,Unknown,,עוגיות בוטנים,,350.00,100 גרם,false,1,15.90,4.54,true,1,17496
15341356,false,עוגיות קוקוס 400ג,Unknown,,עוגיות קוקוס 400ג,,350.00,100 גרם,false,1,15.90,4.54,true,1,17497
15341394,false,מיוחדים 3 טעמים,Unknown,,מיוחדים 3 טעמים,,400.00,100 גרם,false,1,15.90,3.98,true,1,18554
15366663,false,משחת א.פרש מנטה עדין,Unknown,,משחת א.פרש מנטה עדין,,100.00,"100 מ""ל",false,1,7.90,7.90,false,1,23931
15366670,false,אקווה פרש מ.שיניים,Unknown,,אקווה פרש מ.שיניים,,100.00,"100 מ""ל",false,1,7.90,7.90,true,1,17774
15446242,false,אולאין חטיף ק.עוגיות,Unknown,,אולאין חטיף ק.עוגיות,,50.00,100 גרם,false,1,13.90,27.80,true,1,20522
15446341,false,אולאין ח.בננה טופי,Unknown,,אולאין ח.בננה טופי,,60.00,100 גרם,false,1,13.90,23.17,true,1,20523
15446488,true,אולאין  חמאת בוטנים,Unknown,,אולאין  חמאת בוטנים,,0.00,,false,,15.00,0.00,true,1,20535
15446495,false,אולאין שוקולד פאדג,Unknown,,אולאין שוקולד פאדג,,100.00,100 גרם,false,1,20.00,20.00,true,1,22729
15446921,false,אול אין קרמל מלוח,Unknown,,אול אין קרמל מלוח,,60.00,100 גרם,false,1,14.90,24.83,true,1,22725
15475013,false,פחם 2 קג בשקית נייר,Unknown,,פחם 2 קג בשקית נייר,,2.00,"1 ק""ג",false,1,20.00,10.00,true,1,18573
15493192,false,נביעות+פרי אבטיח0.5,Unknown,,נביעות+פרי אבטיח0.5,,500.00,"100 מ""ל",false,1,9.90,1.92,true,1,18993
15493208,false,נביעות+פרי אננס 0.5,Unknown,,נביעות+פרי אננס 0.5,,500.00,"100 מ""ל",false,1,7.90,1.52,true,1,18994
15500357,false,מדליק פחם נוזלי,Unknown,,מדליק פחם נוזלי,,200.00,יחידה,false,1,15.00,0.08,false,1,20959
15519144,false,מטען קיר GALAXY,Unknown,,מטען קיר GALAXY,,0.00,,false,1,52.90,0.00,true,1,18694
15519205,false,מעמד מגנטי לסלולרי,Unknown,,מעמד מגנטי לסלולרי,,0.00,,false,1,29.90,0.00,false,1,15672
15519298,false,אוהל זוגי CAMP & GO,Unknown,,אוהל זוגי CAMP & GO,,0.00,,false,1,100.00,0.00,true,1,15849
15519304,false,אוהל ל-4 אנשים,Unknown,,אוהל ל-4 אנשים,,0.00,,false,1,129.00,0.00,true,1,15850
15519311,false,אוהל ל-6 אנשים,Unknown,,אוהל ל-6 אנשים,,0.00,,false,1,199.00,0.00,true,1,15851
15519335,false,שק שינה ירוק,Unknown,,שק שינה ירוק,,0.00,,false,1,69.00,0.00,true,1,15852
15519359,false,מיטה מתנפחת ליחיד,Unknown,,מיטה מתנפחת ליחיד,,0.00,,false,1,79.00,0.00,true,1,15853
15519434,false,מזרן קמפינג 0.7,Unknown,,מזרן קמפינג 0.7,,0.00,,false,1,29.00,0.00,true,1,15857
15519526,false,כסא במאי-ירוק,Unknown,,כסא במאי-ירוק,,0.00,,false,1,69.00,0.00,true,1,15860
15519533,false,כסא ים -ירוק\כחול,Unknown,,כסא ים -ירוק\כחול,,0.00,,false,1,69.00,0.00,true,1,19069
15519656,false,צידנית רכה 24ל-אפור,Unknown,,צידנית רכה 24ל-אפור,,0.00,,false,1,49.00,0.00,true,1,15897
15519694,false,חצובה + 2 פנסים,Unknown,,חצובה + 2 פנסים,,0.00,,false,1,299.00,0.00,false,1,16032
15519717,false,פרוזקטור נטען 10W,Unknown,,פרוזקטור נטען 10W,,0.00,,false,1,99.00,0.00,true,1,16712
15519793,false,מחצלת 2*3 CAMP & GO,Unknown,,מחצלת 2*3 CAMP & GO,,0.00,,false,1,50.00,0.00,true,1,15862
15519809,false,מחצלת 3*3 CAMP & GO,Unknown,,מחצלת 3*3 CAMP & GO,,0.00,,false,1,99.00,0.00,true,1,15863
15519816,false,מזרון שטח - חדש,Unknown,,מזרון שטח - חדש,,0.00,,false,1,99.00,0.00,true,1,15906
15597210,false,טילון קורנטו פרווה-מ,Unknown,,טילון קורנטו פרווה-מ,,430.00,100 גרם,false,1,36.00,8.37,true,1,24571
15597326,false,מאגדת קלי קלות,Unknown,,מאגדת קלי קלות,,710.00,100 גרם,false,1,27.00,3.80,true,1,24735
15597937,false,קורנטו קלאסיק חדש,Unknown,,קורנטו קלאסיק חדש,,70.00,100 גרם,false,1,10.00,14.29,true,1,18584
15667769,false,פחם 2 קג הדר השרון,Unknown,,פחם 2 קג הדר השרון,,2.00,"1 ק""ג",false,1,20.00,10.00,true,1,21641
15781008,false,מרלו - VISION,Unknown,,מרלו - VISION,,750.00,"100 מ""ל",false,1,37.90,5.01,false,1,25937
15781046,false,טפרברג לבן VISION,Unknown,,טפרברג לבן VISION,,750.00,"100 מ""ל",false,1,37.90,5.01,false,1,25938
15781091,false,טפרברג קברנה סובניון,Unknown,,טפרברג קברנה סובניון,,750.00,"100 מ""ל",false,1,37.90,5.01,false,1,25939
15781114,false,מרלו - IMPRESSION,Unknown,,מרלו - IMPRESSION,,750.00,"100 מ""ל",false,1,47.90,6.35,false,1,25940
15781121,false,טפרברג קברנה סובניון,Unknown,,טפרברג קברנה סובניון,,750.00,"100 מ""ל",false,1,47.90,6.35,false,1,25941
15781138,false,שרדונה - IMPRESSION,Unknown,,שרדונה - IMPRESSION,,750.00,"100 מ""ל",false,1,47.90,6.35,false,1,25942
15781152,false,טפרברג רוזה יבש,Unknown,,טפרברג רוזה יבש,,750.00,"100 מ""ל",false,1,47.90,6.35,false,1,25943
15781169,false,טפרברג קברנה סובניון,Unknown,,טפרברג קברנה סובניון,,750.00,"100 מ""ל",false,1,47.90,6.35,false,1,25944
15781268,false,טפרברג מוסקטו אדום,Unknown,,טפרברג מוסקטו אדום,,750.00,"100 מ""ל",false,1,37.90,5.01,false,1,25945
15781275,false,טפרברג מוסקטו לבן,Unknown,,טפרברג מוסקטו לבן,,750.00,"100 מ""ל",false,1,37.90,5.01,false,1,25946
15781664,false,אלגרו למברוסקו,Unknown,,אלגרו למברוסקו,,750.00,"100 מ""ל",false,1,49.70,6.63,false,1,27891
15790000,false,רימון קלוף ארוז 250,Unknown,,רימון קלוף ארוז 250,,250.00,100 גרם,false,1,23.30,9.32,true,1,23478
15790017,false,פומלה קלופה,Unknown,,פומלה קלופה,,250.00,100 גרם,false,1,19.90,7.96,true,1,24160
15842631,false,כוסות לברד 40 יח,Unknown,,כוסות לברד 40 יח,,40.00,יחידה,false,1,11.90,0.30,false,1,20953
15848862,false,אולטרסול 50 תחליב250,Unknown,,אולטרסול 50 תחליב250,,250.00,"100 מ""ל",false,1,39.90,15.96,true,1,24941
15848886,false,אולטרסול קידס 250מל,Unknown,,אולטרסול קידס 250מל,,250.00,"100 מ""ל",false,1,39.90,15.96,true,1,24942
15848909,false,אולטרסול תחליב קידס,Unknown,,אולטרסול תחליב קידס,,250.00,"100 מ""ל",false,1,39.90,15.96,true,1,26763
15848923,false,אולטרסול 30 מבוגרים,Unknown,,אולטרסול 30 מבוגרים,,250.00,"100 מ""ל",false,1,39.90,15.96,true,1,24943
15848978,false,אולטרסול קרם פנים,Unknown,,אולטרסול קרם פנים,,75.00,"100 מ""ל",false,1,29.90,39.87,true,1,21011
15858106,false,מצונן פסטו ביתי 180ג,Unknown,,מצונן פסטו ביתי 180ג,,180.00,100 גרם,false,1,21.90,12.17,false,1,25381
15858113,false,מצונן עגבנות מיובשות,Unknown,,מצונן עגבנות מיובשות,,180.00,100 גרם,false,1,21.90,12.17,false,1,25382
15858144,false,ממרח ארטישוק 180 ג,Unknown,,ממרח ארטישוק 180 ג,,180.00,100 גרם,false,1,21.90,12.17,false,1,25383
15858151,false,עללחם ממרח שום 180גר,Unknown,,עללחם ממרח שום 180גר,,180.00,100 גרם,false,1,21.90,12.17,false,1,26704
15858175,false,ממרח פלפלים קלויים,Unknown,,ממרח פלפלים קלויים,,180.00,100 גרם,false,1,21.90,12.17,false,1,26705
15858229,false,מצונן טפנד זיתים,Unknown,,מצונן טפנד זיתים,,180.00,100 גרם,false,1,21.90,12.17,false,1,25384
15858243,false,עללחם ממרח צימיצורי,Unknown,,עללחם ממרח צימיצורי,,180.00,100 גרם,false,1,21.90,12.17,false,1,26706
15858434,false,עללחם שום כתוש 250גר,Unknown,,עללחם שום כתוש 250גר,,250.00,100 גרם,false,1,15.90,6.36,false,1,26707
15859004,false,עירית ארוז ליח,Unknown,,עירית ארוז ליח,,61.00,100 גרם,false,1,6.90,11.31,true,1,23278
15859042,false,לבבות קיסר,Unknown,,לבבות קיסר,,280.00,100 גרם,false,1,15.90,5.68,true,1,23286
15859059,false,עלי חסה רומית בכור,Unknown,,עלי חסה רומית בכור,,200.00,100 גרם,false,1,13.90,6.95,true,1,23471
15859202,false,בזיליקום ארוז ליח,Unknown,,בזיליקום ארוז ליח,,48.00,100 גרם,false,1,5.90,12.29,true,1,23338
15859288,false,בייבי סלט איכות,Unknown,,בייבי סלט איכות,,130.00,100 גרם,false,1,14.90,11.46,true,1,23364
15951869,false,יין הר חרמון רוזה,Unknown,,יין הר חרמון רוזה,,750.00,"100 מ""ל",false,1,44.90,5.95,true,1,27383
15951890,false,יין הר חרמון קברנה,Unknown,,יין הר חרמון קברנה,,750.00,"100 מ""ל",false,1,44.90,5.95,true,1,22524
15979559,false,חסה ערבית ליח,Unknown,,חסה ערבית ליח,,650.00,100 גרם,false,1,6.90,1.06,true,1,23308
15979641,false,ברוקולי ארוז  ליח,Unknown,,ברוקולי ארוז  ליח,,550.00,100 גרם,false,1,14.90,2.71,true,1,23302
15979665,false,חסה עגולה מובחרת ליח,Unknown,,חסה עגולה מובחרת ליח,,500.00,100 גרם,false,1,9.90,1.98,true,1,23303
15988841,false,טבק לנרגילה תפוח 60,Unknown,,טבק לנרגילה תפוח 60,,60.00,100 גרם,false,1,35.00,58.33,false,1,20256
15988889,false,טבק לנרגילה אבטיח 60,Unknown,,טבק לנרגילה אבטיח 60,,60.00,100 גרם,false,1,35.00,58.33,false,1,20257
15995566,false,ערמונים אלטאי,Unknown,,ערמונים אלטאי,,1.00,"1 ק""ג",false,1,34.90,34.90,true,1,23445
16006322,false,מי עדן 1ליטר בודד,Unknown,,מי עדן 1ליטר בודד,,1.00,1 ליטר,false,1,8.90,8.60,true,1,17149
16006339,false,מי עדן 1ל רביעייה,Unknown,,מי עדן 1ל רביעייה,,4.00,1 ליטר,false,1,12.90,2.92,true,1,22186
16006377,false,שוופס פרוטס תות ליים,Unknown,,שוופס פרוטס תות ליים,,330.00,"100 מ""ל",false,1,9.90,2.91,true,1,16758
16041064,false,ס.התנעה לרכב 12000MA,Unknown,,ס.התנעה לרכב 12000MA,,0.00,,false,1,299.00,0.00,false,1,18434
16077766,false,היינץ שעועית,Unknown,,היינץ שעועית,,453.00,100 גרם,false,1,12.00,2.65,true,1,24888
16081008,false,אוהל פתיחה ל4 אנשים,Unknown,,אוהל פתיחה ל4 אנשים,,0.00,,false,1,199.00,0.00,false,1,16132
16081206,false,ערסל זוגי,Unknown,,ערסל זוגי,,0.00,,false,1,99.00,0.00,true,1,17730
16081213,false,ערסל ישיבה,Unknown,,ערסל ישיבה,,0.00,,false,1,99.00,0.00,true,1,17731
16081237,false,גזיבו  3*3,Unknown,,גזיבו  3*3,,0.00,,false,1,299.00,0.00,true,1,18511
16081244,false,סט 3 כלים לגריל נרוס,Unknown,,סט 3 כלים לגריל נרוס,,0.00,,false,1,39.00,0.00,true,1,16680
16081268,false,מערכת ישיבה במאים,Unknown,,מערכת ישיבה במאים,,0.00,,false,1,99.90,0.00,false,1,16977
16081619,false,אוזניית בלוטות שחור,Unknown,,אוזניית בלוטות שחור,,0.00,,false,1,99.90,0.00,false,1,16884
16081626,false,אוזניית בלוטות לבן,Unknown,,אוזניית בלוטות לבן,,0.00,,false,1,99.90,0.00,false,1,16885
16094008,false,אולטרסול קרם פנים 50,Unknown,,אולטרסול קרם פנים 50,,75.00,"100 מ""ל",false,1,29.90,39.87,true,1,24945
16094015,false,אולטרסול קידס ק.פנים,Unknown,,אולטרסול קידס ק.פנים,,75.00,"100 מ""ל",false,1,29.90,39.87,true,1,18629
16094022,false,אולטרסול ספריי שקוף,Unknown,,אולטרסול ספריי שקוף,,200.00,"100 מ""ל",false,1,39.90,19.95,true,1,22127
16094039,false,אולסטרסול שקוף קידס,Unknown,,אולסטרסול שקוף קידס,,200.00,"100 מ""ל",false,1,39.90,19.95,true,1,22128
16094091,false,ספריי שקוף קידס,Unknown,,ספריי שקוף קידס,,200.00,"100 מ""ל",false,1,39.90,19.95,true,1,17776
16102307,false,ערכת מנגל חד פעמי,Unknown,,ערכת מנגל חד פעמי,,1.00,יחידה,false,1,15.00,15.00,false,1,20957
16102772,false,צלחות גדול 50 יח,Unknown,,צלחות גדול 50 יח,,50.00,יחידה,false,1,17.90,0.36,false,1,20943
16150117,false,סלק ארוז בוואקום,Unknown,,סלק ארוז בוואקום,,500.00,100 גרם,false,1,7.90,1.58,true,1,23279
16162219,false,כדורי שוקולד 280ג,Unknown,,כדורי שוקולד 280ג,,280.00,100 גרם,false,1,31.90,11.39,false,1,28032
16162264,false,עוגת גבינה רנססנס,Unknown,,עוגת גבינה רנססנס,,450.00,100 גרם,false,1,42.90,9.53,false,1,28035
16197488,false,מטליות מיקרופייבר,Unknown,,מטליות מיקרופייבר,,3.00,יחידה,false,1,17.90,5.97,false,1,24529
16197495,false,מטליות מיקרופייבר ני,Unknown,,מטליות מיקרופייבר ני,,2.00,יחידה,false,1,25.90,12.95,false,1,24530
16197839,false,השקית החזקה XL,Unknown,,השקית החזקה XL,,20.00,יחידה,false,1,25.00,1.25,true,1,24946
16230888,false,סוללה CR2032 3V,Unknown,,סוללה CR2032 3V,,0.00,,false,1,3.90,0.00,true,1,20077
16246209,false,חלבה וניל 100 ג,Unknown,,חלבה וניל 100 ג,,100.00,100 גרם,false,1,6.90,6.90,false,1,20656
16284003,false,חסה רומית שלמה,Unknown,,חסה רומית שלמה,,280.00,100 גרם,false,1,10.90,3.89,true,1,23280
16284058,false,חסה סלנובה ראשים ליח,Unknown,,חסה סלנובה ראשים ליח,,0.00,,false,1,13.90,0.00,true,1,23405
16291032,false,קוקוס מקולף 180 גרם,Unknown,,קוקוס מקולף 180 גרם,,1.00,יחידה,false,1,18.90,18.90,true,1,25481
16291049,false,פומלה מקולפת,Unknown,,פומלה מקולפת,,1.00,יחידה,false,1,19.90,19.90,true,1,25482
16334050,false,סלרי חתוך,Unknown,,סלרי חתוך,,1.00,יחידה,false,1,8.00,8.00,true,1,25483
16334180,false,מלפפון מיני,Unknown,,מלפפון מיני,,1.00,יחידה,false,1,12.90,12.90,true,1,25484
16334623,false,סלרי עלים,Unknown,,סלרי עלים,,1.00,יחידה,false,1,7.90,7.90,true,1,25485
16372397,false,ויסוצקי תה ירוק תפוז,Unknown,,ויסוצקי תה ירוק תפוז,,1.00,יחידה,false,1,21.90,21.90,false,1,25772
16411232,false,חסה סלנובה גלאט,Unknown,,חסה סלנובה גלאט,,280.00,100 גרם,false,1,13.90,4.96,true,1,23420
16411539,false,נבטים עדשים שחורות,Unknown,,נבטים עדשים שחורות,,1.00,יחידה,false,1,12.00,12.00,true,1,25486
16509786,false,פרסיל גל 2.5ל ירוק,Unknown,,פרסיל גל 2.5ל ירוק,,2.50,1 ליטר,false,1,37.90,15.16,false,1,24580
16509809,false,פרסיל גל 2.5ל  קולור,Unknown,,פרסיל גל 2.5ל  קולור,,2.50,1 ליטר,false,1,37.90,15.16,false,1,24581
16584004,false,גיזרונים-חטיפוני גזר,Unknown,,גיזרונים-חטיפוני גזר,,130.00,100 גרם,false,1,7.90,6.08,true,1,23436
16584011,false,נישנושי גזרונים 350ג,Unknown,,נישנושי גזרונים 350ג,,1.00,יחידה,false,1,14.90,14.90,true,1,25716
16584219,false,שעועית ירוקה שלמה,Unknown,,שעועית ירוקה שלמה,,400.00,100 גרם,false,1,19.90,4.97,true,1,23421
16584273,false,גזר צבעוני מובחר,Unknown,,גזר צבעוני מובחר,,1.00,יחידה,false,1,19.90,19.90,true,1,25773
16621617,false,אולטרסול קידס שקוף,Unknown,,אולטרסול קידס שקוף,,300.00,"100 מ""ל",false,1,39.90,13.30,true,1,18013
16621624,false,אולטרסול קידס שקוף,Unknown,,אולטרסול קידס שקוף,,300.00,"100 מ""ל",false,1,44.90,14.97,true,1,24947
16667769,false,פחם 2 קג הדר השרון,Unknown,,פחם 2 קג הדר השרון,,2.00,"1 ק""ג",false,1,20.00,10.00,true,1,21647
16682083,false,פריניב ת.בננה 400מל,Unknown,,פריניב ת.בננה 400מל,,400.00,"100 מ""ל",false,1,10.90,2.65,true,1,27100
16682090,false,פריניב תמר בננה400,Unknown,,פריניב תמר בננה400,,400.00,"100 מ""ל",false,1,10.90,2.65,true,1,27101
16682144,false,פריניב קיווי תפוח400,Unknown,,פריניב קיווי תפוח400,,400.00,"100 מ""ל",false,1,10.90,2.65,true,1,27102
16682168,false,פריניב תפוזים 400מל,Unknown,,פריניב תפוזים 400מל,,400.00,"100 מ""ל",false,1,10.90,2.65,true,1,27103
16717631,false,מוסקטו  PC,Unknown,,מוסקטו  PC,,750.00,"100 מ""ל",false,1,50.00,6.63,true,1,22525
16717754,false,יין היובל ישן נושן,Unknown,,יין היובל ישן נושן,,750.00,"100 מ""ל",false,1,26.00,3.43,true,1,22526
16809008,false,מלפפון בייבי ארוז,Unknown,,מלפפון בייבי ארוז,,0.00,,false,1,12.90,0.00,true,1,23406
16809015,false,פלפל גמדי ליח,Unknown,,פלפל גמדי ליח,,0.00,,false,1,12.90,0.00,true,1,23407
16809374,false,שרי כתום ארוז 400,Unknown,,שרי כתום ארוז 400,,400.00,100 גרם,false,1,12.90,3.22,true,1,23368
16809381,false,שרי לובלו (בקבוקים),Unknown,,שרי לובלו (בקבוקים),,400.00,100 גרם,false,1,12.90,3.22,true,1,23369
16809404,false,שרי מיקס ארוז,Unknown,,שרי מיקס ארוז,,400.00,100 גרם,false,1,13.90,3.48,true,1,23370
16809428,false,חצילון בייבי מנומר,Unknown,,חצילון בייבי מנומר,,350.00,100 גרם,false,1,10.90,3.11,true,1,23371
16866650,false,משחת אוריגינל 75מ,Unknown,,משחת אוריגינל 75מ,,75.00,"100 מ""ל",false,1,28.90,38.53,false,1,24587
16898200,false,נרות חנוכה 44 יחידות,Unknown,,נרות חנוכה 44 יחידות,,44.00,יחידה,false,1,5.00,0.11,true,1,21642
16948158,false,40 מסכות שחורות,Unknown,,40 מסכות שחורות,,40.00,יחידה,false,1,14.30,0.36,false,1,21901
16948189,false,מארז 40 מסכות ילדים,Unknown,,מארז 40 מסכות ילדים,,40.00,יחידה,false,1,18.90,0.47,false,1,22701
16948271,false,מסכות מבוגר הדפס*10,Unknown,,מסכות מבוגר הדפס*10,,10.00,יחידה,false,1,9.90,0.99,false,1,21683
16998092,false,מלפפון בייבי ארוז,Unknown,,מלפפון בייבי ארוז,,330.00,100 גרם,false,1,12.90,3.91,true,1,23412
17023212,false,שוופס מוגז תפוח 4X,Unknown,,שוופס מוגז תפוח 4X,,1.32,1 ליטר,false,1,13.90,9.62,true,1,25049
17023236,false,שוופס מוגז ענבים4X,Unknown,,שוופס מוגז ענבים4X,,1.32,1 ליטר,false,1,13.90,9.62,true,1,25051
17023663,false,שוופס מוגז למונייד4X,Unknown,,שוופס מוגז למונייד4X,,1.32,1 ליטר,false,1,13.90,9.62,true,1,25052
17023809,false,ספרינג ס.תפוח*4,Unknown,,ספרינג ס.תפוח*4,,1.00,1 ליטר,false,1,15.90,14.70,true,1,27812
17023816,false,ספרינג פ.טרופיים*4,Unknown,,ספרינג פ.טרופיים*4,,1.00,1 ליטר,false,1,15.90,14.70,true,1,27811
17023823,false,ספרינג תות בננה*4,Unknown,,ספרינג תות בננה*4,,1.00,1 ליטר,false,1,15.90,14.70,true,1,27810
17023854,false,רביעייה שוופס סודה,Unknown,,רביעייה שוופס סודה,,250.00,"100 מ""ל",false,1,19.90,7.48,true,1,28080
17023861,false,ר.שוופס סודה לימון,Unknown,,ר.שוופס סודה לימון,,250.00,"100 מ""ל",false,1,19.90,7.48,true,1,28081
17023878,false,ר.שוופס נענע ליים,Unknown,,ר.שוופס נענע ליים,,250.00,"100 מ""ל",false,1,19.90,7.48,true,1,28082
17036014,false,מלפפון מיני ארוז,Unknown,,מלפפון מיני ארוז,,1.00,יחידה,false,1,11.90,11.90,true,1,25774
17065007,false,פרוסות מוצרלה 22%,Unknown,,פרוסות מוצרלה 22%,,200.00,100 גרם,false,1,19.00,9.50,true,1,24655
17065212,false,קרם מסקרפונה,Unknown,,קרם מסקרפונה,,250.00,100 גרם,false,1,21.00,8.40,true,1,24890
17065236,false,גד בולגרית מעודנת24%,Unknown,,גד בולגרית מעודנת24%,,250.00,100 גרם,false,1,25.50,10.20,false,1,25987
17065304,false,ג.שמנת ניו יורק טבעי,Unknown,,ג.שמנת ניו יורק טבעי,,200.00,100 גרם,false,1,14.50,7.25,false,1,25988
17065441,false,גד פרוסות גאודה עזים,Unknown,,גד פרוסות גאודה עזים,,200.00,100 גרם,false,1,35.90,17.95,false,1,25989
17065526,false,גד קוואטרו פורמאגי,Unknown,,גד קוואטרו פורמאגי,,300.00,100 גרם,false,1,31.50,10.50,false,1,25990
17065731,false,גבינת שמנת,Unknown,,גבינת שמנת,,200.00,100 גרם,false,1,14.50,7.25,true,1,23740
17065854,false,רוטב ביאנקה,Unknown,,רוטב ביאנקה,,200.00,100 גרם,false,1,16.90,8.45,false,1,27323
17065861,false,קאציו אה פפה,Unknown,,קאציו אה פפה,,200.00,100 גרם,false,1,16.90,8.45,false,1,27322
17065878,false,מק אנד ציז,Unknown,,מק אנד ציז,,200.00,100 גרם,false,1,16.90,8.45,false,1,27324
17088242,false,מגב בייבי בייסיק,Unknown,,מגב בייבי בייסיק,,72.00,יחידה,false,1,4.90,0.07,false,1,27506
17100401,false,כפפות לטקס עם אבקה M,Unknown,,כפפות לטקס עם אבקה M,,100.00,יחידה,false,1,42.00,0.42,true,1,21140
17100418,false,כפפות לטקס עם אבקה L,Unknown,,כפפות לטקס עם אבקה L,,100.00,יחידה,false,1,42.00,0.42,true,1,21139
17105895,false,יכין גרגרי חומוס,Unknown,,יכין גרגרי חומוס,,560.00,100 גרם,false,1,10.50,1.88,true,1,24891
17121048,false,עללחם פלפל צומה250ג,Unknown,,עללחם פלפל צומה250ג,,250.00,100 גרם,false,1,15.90,6.36,false,1,26708
17121086,false,אריסה ביתית מתוקה,Unknown,,אריסה ביתית מתוקה,,250.00,100 גרם,false,1,15.90,6.36,false,1,25385
17121093,false,מצונן אריסה חריפה,Unknown,,מצונן אריסה חריפה,,250.00,100 גרם,false,1,15.90,6.36,false,1,25386
17121390,false,עללחם לימון כבוש250ג,Unknown,,עללחם לימון כבוש250ג,,250.00,100 גרם,false,1,15.90,6.36,false,1,26709
17142128,false,שמן זית כתית 750 מל,Unknown,,שמן זית כתית 750 מל,,750.00,"100 מ""ל",false,1,42.00,5.60,true,1,24736
17185132,false,בייבי תרד ארוז,Unknown,,בייבי תרד ארוז,,200.00,100 גרם,false,1,12.90,6.45,true,1,23428
17247007,false,מלפפון בייבי,Unknown,,מלפפון בייבי,,330.00,100 גרם,false,1,12.90,3.91,true,1,25104
17275147,false,מאפה קינמון אחווה,Unknown,,מאפה קינמון אחווה,,120.00,100 גרם,false,1,7.50,6.25,true,1,27715
17275598,false,מאפה רוגלך אחווה,Unknown,,מאפה רוגלך אחווה,,120.00,100 גרם,false,1,7.50,6.25,true,1,27716
17275604,false,מאפה שוקוציפס אחווה,Unknown,,מאפה שוקוציפס אחווה,,120.00,100 גרם,false,1,7.50,6.25,true,1,27717
17275697,false,מאפה קקאו אחווה,Unknown,,מאפה קקאו אחווה,,120.00,100 גרם,false,1,7.50,6.25,true,1,27848
17291123,false,שום ייבוא ליח,Unknown,,שום ייבוא ליח,,200.00,100 גרם,false,1,9.90,4.95,false,1,23442
17291406,false,תמר מגהול 400 גר,Unknown,,תמר מגהול 400 גר,,400.00,100 גרם,false,1,19.90,4.97,false,1,23470
17295697,false,מאפה קקאו 120גרם,Unknown,,מאפה קקאו 120גרם,,120.00,100 גרם,false,1,7.50,6.25,true,1,27718
17330020,false,שמיר ארוז ליח,Unknown,,שמיר ארוז ליח,,0.00,,false,1,3.90,0.00,true,1,23408
17330037,false,נענע ארוז ליח,Unknown,,נענע ארוז ליח,,100.00,100 גרם,false,1,3.90,3.90,true,1,23304
17330051,false,ראש סלרי ארוז ליח,Unknown,,ראש סלרי ארוז ליח,,0.00,,false,1,6.90,0.00,true,1,23409
17330082,false,בצל ירוק מובחר,Unknown,,בצל ירוק מובחר,,250.00,100 גרם,false,1,4.90,1.96,true,1,23380
17470146,false,שיפודים במבוק עבים,Unknown,,שיפודים במבוק עבים,,100.00,יחידה,false,1,5.50,0.06,true,1,20958
17470252,false,כוסות קרטון 50 יח,Unknown,,כוסות קרטון 50 יח,,50.00,יחידה,false,1,11.90,0.24,false,1,21983
17470320,false,מדליק פחם מוצק,Unknown,,מדליק פחם מוצק,,20.00,יחידה,false,1,7.00,0.35,false,1,20934
17513775,false,בייגלה שוקולד חלב,Unknown,,בייגלה שוקולד חלב,,140.00,100 גרם,false,1,9.90,7.07,true,1,22875
17513829,false,תה ירוק לימונית,Unknown,,תה ירוק לימונית,,25.00,יחידה,false,1,32.00,1.28,true,1,24699
17589565,false,יין קלא גוורץ 750מל,Unknown,,יין קלא גוורץ 750מל,,750.00,"100 מ""ל",false,1,38.00,5.03,true,1,19730
17589633,false,רזרב קברנה סוביניון,Unknown,,רזרב קברנה סוביניון,,750.00,"100 מ""ל",false,1,50.00,6.63,true,1,22527
17599250,false,סוכרזית קלאסי 120 ש,Unknown,,סוכרזית קלאסי 120 ש,,120.00,יחידה,false,1,19.90,0.17,true,1,27679
17617008,false,טונה בשמן 140 ג 3 יח,Unknown,,טונה בשמן 140 ג 3 יח,,140.00,100 גרם,false,1,19.90,14.21,false,1,24011
17617015,false,סטארקיסט טונה במים 3,Unknown,,סטארקיסט טונה במים 3,,140.00,100 גרם,false,1,19.90,14.21,false,1,24012
17617046,false,טונה בשמן זית כתית,Unknown,,טונה בשמן זית כתית,,560.00,100 גרם,false,1,29.90,5.34,true,1,24892
17617091,false,ס. מ. טוגו טונה עם פ,Unknown,,ס. מ. טוגו טונה עם פ,,185.00,100 גרם,false,1,14.50,7.84,true,1,24982
17617107,false,ס. מ. טוגו טונה,Unknown,,ס. מ. טוגו טונה,,185.00,100 גרם,false,1,14.50,7.84,true,1,24983
17617411,false,מיקס סלמון עם אורז,Unknown,,מיקס סלמון עם אורז,,160.00,100 גרם,false,1,15.90,9.94,false,1,27915
17617428,false,מיקס סלמון עם פסטה,Unknown,,מיקס סלמון עם פסטה,,160.00,100 גרם,false,1,15.90,9.94,false,1,27916
17617459,false,טונה ס.ק רביעיות 120,Unknown,,טונה ס.ק רביעיות 120,,120.00,100 גרם,false,1,22.90,19.08,false,1,27384
17617466,false,טונה ס.ק מים 120,Unknown,,טונה ס.ק מים 120,,120.00,100 גרם,false,1,22.90,19.08,false,1,27385
17627205,false,כריך טונה כוסמין,Unknown,,כריך טונה כוסמין,,130.00,100 גרם,false,1,15.00,11.54,true,1,22784
17627335,false,כריך חביתה כוסמין,Unknown,,כריך חביתה כוסמין,,140.00,100 גרם,false,1,15.00,10.71,true,1,22803
17627342,false,כריך גאודה כוסמין,Unknown,,כריך גאודה כוסמין,,100.00,100 גרם,false,1,15.00,15.00,true,1,22783
17627663,false,ראפ טוניסאי,Unknown,,ראפ טוניסאי,,250.00,100 גרם,false,1,23.00,9.20,true,1,21219
17627731,false,לורד סלט יאסו יווני,Unknown,,לורד סלט יאסו יווני,,470.00,100 גרם,false,1,23.00,4.89,true,1,22502
17627755,false,לורד סלט טונה,Unknown,,לורד סלט טונה,,500.00,100 גרם,false,1,23.00,4.60,true,1,22503
17627762,false,לורד סלט גאודה,Unknown,,לורד סלט גאודה,,450.00,100 גרם,false,1,23.00,5.11,true,1,22504
17627779,false,לורד סלט בטטה,Unknown,,לורד סלט בטטה,,380.00,100 גרם,false,1,23.00,6.05,true,1,22505
17627816,false,ראפ עוף סצואן,Unknown,,ראפ עוף סצואן,,220.00,100 גרם,false,1,23.00,10.45,true,1,21221
17627823,false,כריך בריסקט לורד,Unknown,,כריך בריסקט לורד,,350.00,100 גרם,false,1,23.00,6.57,true,1,22506
17627830,false,כריך הודו בריבוע,Unknown,,כריך הודו בריבוע,,330.00,100 גרם,false,1,23.00,6.97,true,1,22507
17627854,false,סלט הקיסר לורד,Unknown,,סלט הקיסר לורד,,0.00,,false,1,23.00,0.00,true,1,22508
17627878,false,כריך סיאסטה לורד,Unknown,,כריך סיאסטה לורד,,260.00,100 גרם,false,1,23.00,8.85,true,1,27995
17627885,false,כריך חביתוש לורד,Unknown,,כריך חביתוש לורד,,260.00,100 גרם,false,1,23.00,8.85,true,1,22510
17627892,false,כריך גאקומלי,Unknown,,כריך גאקומלי,,300.00,100 גרם,false,1,23.00,7.67,true,1,22511
17627915,false,כריך סר סביח,Unknown,,כריך סר סביח,,290.00,100 גרם,false,1,23.00,7.93,true,1,22512
17627922,false,כריך פריקסה,Unknown,,כריך פריקסה,,270.00,100 גרם,false,1,23.00,8.52,true,1,22513
17641744,false,איגלו סטיקס,Unknown,,איגלו סטיקס,,800.00,"100 מ""ל",false,1,6.00,0.75,true,1,21073
17647425,false,יין גמלא קברנה,Unknown,,יין גמלא קברנה,,750.00,"100 מ""ל",false,1,87.90,11.68,true,1,22528
17668017,false,T.A סושי צמחוני,Unknown,,T.A סושי צמחוני,,1.00,יחידה,false,1,29.00,29.00,false,1,27994
17668024,false,סושי דגים,Unknown,,סושי דגים,,1.00,יחידה,false,1,29.00,29.00,false,1,27993
17791142,false,קרקר כוסמין מלא,Unknown,,קרקר כוסמין מלא,,225.00,100 גרם,false,1,22.90,10.18,true,1,25056
17791203,false,קרקר כ. מלא - סלק,Unknown,,קרקר כ. מלא - סלק,,225.00,100 גרם,false,1,22.90,10.18,true,1,25057
17800004,false,זוקיני ארוז השפם,Unknown,,זוקיני ארוז השפם,,1.30,"1 ק""ג",false,1,13.90,10.69,true,1,24170
17800011,false,מלפפון בייבי ארוז,Unknown,,מלפפון בייבי ארוז,,300.00,100 גרם,false,1,12.90,4.30,true,1,25500
17800028,false,פלפל מתוק קפיה,Unknown,,פלפל מתוק קפיה,,500.00,100 גרם,false,1,10.90,2.18,true,1,24171
17800066,false,מלפפון רוסי קורנישון,Unknown,,מלפפון רוסי קורנישון,,350.00,100 גרם,false,1,10.90,3.11,true,1,24172
17840000,false,פלפל מתוק ללא גרענים,Unknown,,פלפל מתוק ללא גרענים,,1.00,יחידה,false,1,9.90,9.90,true,1,25775
17845203,false,פיטריות כללי (לבן),Unknown,,פיטריות כללי (לבן),,1.00,יחידה,false,1,11.90,11.90,true,1,25487
17845210,false,פטריות ערד/פורטובלו,Unknown,,פטריות ערד/פורטובלו,,1.00,יחידה,false,1,12.00,12.00,true,1,25488
17888019,false,משקה תפוח רימון סלק,Unknown,,משקה תפוח רימון סלק,,350.00,"100 מ""ל",false,1,9.90,2.74,true,1,19877
17888026,false,משקה אננס תפוח וגזר,Unknown,,משקה אננס תפוח וגזר,,350.00,"100 מ""ל",false,1,12.90,3.60,true,1,19878
17888033,false,משקה בננה מלון נענע,Unknown,,משקה בננה מלון נענע,,350.00,"100 מ""ל",false,1,12.90,3.60,true,1,19879
17888354,false,מי עדן 750 בק בודד,Unknown,,מי עדן 750 בק בודד,,750.00,"100 מ""ל",false,1,9.50,1.23,true,1,21425
17888644,false,משקה אננס בננה,Unknown,,משקה אננס בננה,,350.00,"100 מ""ל",false,1,12.90,3.60,true,1,21074
17888873,false,שוופס אבטיח ליים,Unknown,,שוופס אבטיח ליים,,330.00,"100 מ""ל",false,1,8.00,2.33,true,1,21009
17888880,false,שוופס אננס קוקוס,Unknown,,שוופס אננס קוקוס,,330.00,"100 מ""ל",false,1,8.00,2.33,true,1,21008
17888972,false,מי עדן 1 ל פ.ספורט,Unknown,,מי עדן 1 ל פ.ספורט,,1.00,1 ליטר,false,1,8.90,8.60,true,1,21438
17917993,false,אולטרסול Free ספרי50,Unknown,,אולטרסול Free ספרי50,,200.00,"100 מ""ל",false,1,39.90,19.95,true,1,22899
17925028,false,צרי שוף 330 מארז 3,Unknown,,צרי שוף 330 מארז 3,,990.00,"100 מ""ל",false,1,49.00,4.86,true,1,26755
17925318,false,רביעיית בלומון 330מל,Unknown,,רביעיית בלומון 330מל,,1.32,1 ליטר,false,1,49.30,36.44,true,1,26756
17925356,false,באדווזיר פחית 500 4י,Unknown,,באדווזיר פחית 500 4י,,1.00,"100 מ""ל",false,1,35.90,3470.00,true,1,26748
17928821,false,גריסיני קלאסי 200 ג,Unknown,,גריסיני קלאסי 200 ג,,200.00,100 גרם,false,1,12.90,6.45,true,1,23823
17930046,false,פומלה מקולפת,Unknown,,פומלה מקולפת,,1.00,יחידה,false,1,19.90,19.90,true,1,25489
17930060,false,גרגירי רימון מקולף,Unknown,,גרגירי רימון מקולף,,1.00,יחידה,false,1,19.90,19.90,true,1,25490
17930084,false,אננס מקולף,Unknown,,אננס מקולף,,1.00,יחידה,false,1,31.90,31.90,true,1,25491
17969633,false,צלחות גדול 100יח לבן,Unknown,,צלחות גדול 100יח לבן,,100.00,יחידה,false,1,17.60,0.18,true,1,24193
17969817,false,כוסות לונג דרינק,Unknown,,כוסות לונג דרינק,,10.00,יחידה,false,1,11.90,1.19,true,1,21433
17971940,false,לורד טוסט פטריות אלפ,Unknown,,לורד טוסט פטריות אלפ,,220.00,100 גרם,false,1,18.00,8.18,true,1,20739
17994024,false,שזיף אדום באריזה,Unknown,,שזיף אדום באריזה,,350.00,100 גרם,false,1,14.90,4.26,false,1,23365
17994031,false,שזיף צהוב ארוז,Unknown,,שזיף צהוב ארוז,,500.00,100 גרם,false,1,12.90,2.58,false,1,23366
17994055,false,שסק באריזה ליח,Unknown,,שסק באריזה ליח,,1.00,יחידה,false,1,19.90,19.90,true,1,23352
17994062,false,משמש באריזה ליח,Unknown,,משמש באריזה ליח,,350.00,100 גרם,false,1,15.90,4.54,true,1,23353
17994079,false,נקטרינה באריזה ליח,Unknown,,נקטרינה באריזה ליח,,500.00,100 גרם,false,1,12.90,2.58,true,1,23354
17994086,false,אפרסק באריזה ליח,Unknown,,אפרסק באריזה ליח,,500.00,100 גרם,false,1,15.90,3.18,true,1,23355
17994093,false,ענב ירוק באריזה ליח,Unknown,,ענב ירוק באריזה ליח,,500.00,100 גרם,false,1,22.90,4.58,true,1,23356
17994109,false,ענב אדום באריזה ליח,Unknown,,ענב אדום באריזה ליח,,500.00,100 גרם,false,1,22.90,4.58,true,1,23357
17994116,false,שרי צהוב באריזה ליח,Unknown,,שרי צהוב באריזה ליח,,300.00,100 גרם,false,1,11.90,3.97,false,1,23372
17994123,false,שרי שוקולד באריזהליח,Unknown,,שרי שוקולד באריזהליח,,300.00,100 גרם,false,1,11.90,3.97,false,1,23373
17994130,false,שרי בקבוקים באריזה,Unknown,,שרי בקבוקים באריזה,,300.00,100 גרם,false,1,11.90,3.97,false,1,23374
17994147,false,שרי תמר באריזה ליח,Unknown,,שרי תמר באריזה ליח,,300.00,100 גרם,false,1,11.90,3.97,false,1,23375
17994185,false,פרחי ברוקולי וכרובי,Unknown,,פרחי ברוקולי וכרובי,,500.00,100 גרם,false,1,16.90,3.38,true,1,23388
17994215,false,מנגו באריזה ליח,Unknown,,מנגו באריזה ליח,,500.00,100 גרם,false,1,19.90,3.98,true,1,23464
17994260,false,תמר בהרי ארוז,Unknown,,תמר בהרי ארוז,,580.00,100 גרם,false,1,14.90,2.57,true,1,23472
17994307,false,תפוח גרנד באריזה,Unknown,,תפוח גרנד באריזה,,500.00,100 גרם,false,1,12.90,2.58,true,1,23432
17994314,false,תפוח זהוב באריזה,Unknown,,תפוח זהוב באריזה,,500.00,100 גרם,false,1,12.90,2.58,true,1,23433
17994437,false,זוקיני מיני ארוז ליח,Unknown,,זוקיני מיני ארוז ליח,,300.00,100 גרם,false,1,16.90,5.63,true,1,23444
17994611,false,אגס אדום באריזה,Unknown,,אגס אדום באריזה,,350.00,100 גרם,false,1,12.90,3.69,false,1,23473
17994666,false,תות שדה א.מעולה 250ג,Unknown,,תות שדה א.מעולה 250ג,,250.00,100 גרם,false,1,29.90,11.96,true,1,24168
17994673,false,פלפל שישקה אדום,Unknown,,פלפל שישקה אדום,,350.00,100 גרם,false,1,9.90,2.83,true,1,25619
17994680,false,פלפל שישקה צהוב,Unknown,,פלפל שישקה צהוב,,350.00,100 גרם,false,1,9.90,2.83,true,1,25620
17994949,false,קיווי עגול היוורד,Unknown,,קיווי עגול היוורד,קילוגרמים,1.00,"ק""ג",true,1,22.90,0.00,true,1,25296
18043110,false,אול אין קשיו קרמל,Unknown,,אול אין קשיו קרמל,,60.00,100 גרם,false,1,14.90,24.83,true,1,22572
18043134,false,אול אין ש.לבן עוגיות,Unknown,,אול אין ש.לבן עוגיות,,60.00,100 גרם,false,1,14.90,24.83,true,1,22573
18043196,false,פראוד ש.לבן עוגיות,Unknown,,פראוד ש.לבן עוגיות,,60.00,100 גרם,false,1,13.00,21.67,false,1,25124
18043295,false,פראוד ונילה קראנץ,Unknown,,פראוד ונילה קראנץ,,60.00,100 גרם,false,1,13.00,21.67,false,1,25125
18043301,false,אול אין ונילה קראנץ,Unknown,,אול אין ונילה קראנץ,,60.00,100 גרם,false,1,14.90,24.83,true,1,22574
18043592,false,אול אין משקה אפרסק20,Unknown,,אול אין משקה אפרסק20,,500.00,"100 מ""ל",false,1,19.00,3.74,true,1,22551
18043608,false,אול אין משקה פ.יער20,Unknown,,אול אין משקה פ.יער20,,500.00,"100 מ""ל",false,1,19.00,3.74,true,1,22552
18043639,false,פראוד שוקולד קריספ,Unknown,,פראוד שוקולד קריספ,,20.00,100 גרם,false,1,9.90,49.50,false,1,25126
18043899,false,חטיף חלבון ב.קרמל,Unknown,,חטיף חלבון ב.קרמל,,60.00,100 גרם,false,1,14.90,24.83,true,1,26527
18091074,false,בצק עוגיות שוקולד,Unknown,,בצק עוגיות שוקולד,,300.00,100 גרם,false,1,22.90,7.63,false,1,27104
18091234,false,פיצה מקסיקנית מעדנות,Unknown,,פיצה מקסיקנית מעדנות,,260.00,100 גרם,false,1,18.90,7.27,true,1,24693
18091272,false,בצק עוגיות קקאו,Unknown,,בצק עוגיות קקאו,,300.00,100 גרם,false,1,22.90,7.63,false,1,27105
18091470,false,גלילת ביסקוויטים,Unknown,,גלילת ביסקוויטים,,300.00,100 גרם,false,1,22.90,7.63,false,1,27106
18091821,false,פיצה נפוליטנה מעדנות,Unknown,,פיצה נפוליטנה מעדנות,,200.00,100 גרם,false,1,18.90,9.45,true,1,24694
18131039,false,שלגון שוקו עוגיות5יח,Unknown,,שלגון שוקו עוגיות5יח,,360.00,100 גרם,false,1,30.90,8.58,true,1,23383
18131077,false,שלגון מילקה וניל,Unknown,,שלגון מילקה וניל,,71.00,100 גרם,false,1,13.90,19.58,true,1,22333
18131138,false,קרמריה ש.וניל וולנס,Unknown,,קרמריה ש.וניל וולנס,,775.00,100 גרם,false,1,26.90,3.47,true,1,23384
18131251,false,אקסטרים מטבע שוקולד,Unknown,,אקסטרים מטבע שוקולד,,115.00,100 גרם,false,1,12.90,11.22,true,1,20741
18131312,false,קרמריה שוקו וניל,Unknown,,קרמריה שוקו וניל,,1.40,1 ליטר,false,1,25.00,17.86,true,1,26966
18131336,false,ליון שלגון נסטלה,Unknown,,ליון שלגון נסטלה,,66.00,100 גרם,false,1,13.90,21.06,true,1,22335
18131343,false,קרמריה וניל שוקו.חתס,Unknown,,קרמריה וניל שוקו.חתס,,1.40,1 ליטר,false,1,25.00,17.86,true,1,26967
18131428,false,אקסטרים מסקרפונה תות,Unknown,,אקסטרים מסקרפונה תות,,115.00,100 גרם,false,1,12.90,11.22,true,1,20598
18131534,false,מא.מיני בייטס מילקה,Unknown,,מא.מיני בייטס מילקה,,250.00,100 גרם,false,1,24.00,9.60,true,1,23417
18131558,false,מא.מיני בייטס אוראו,Unknown,,מא.מיני בייטס אוראו,,240.00,100 גרם,false,1,24.00,10.00,true,1,23418
18131572,false,מיני בייטס מילקה,Unknown,,מיני בייטס מילקה,,85.00,100 גרם,false,1,12.00,14.12,true,1,20926
18131596,false,מיני בייטס אוראו,Unknown,,מיני בייטס אוראו,,85.00,100 גרם,false,1,12.00,14.12,true,1,20925
18131640,false,קראנץ בלונד,Unknown,,קראנץ בלונד,,100.00,100 גרם,false,1,12.90,12.90,true,1,22332
18131756,false,מאגדת וניל מצופה,Unknown,,מאגדת וניל מצופה,,440.00,100 גרם,false,1,33.90,7.70,true,1,23446
18131770,false,שלגון וניל מצופה,Unknown,,שלגון וניל מצופה,,55.00,100 גרם,false,1,7.90,14.36,true,1,21907
18131794,false,קראנץ וניל ש.מריר,Unknown,,קראנץ וניל ש.מריר,,100.00,100 גרם,false,1,12.90,12.90,true,1,21908
18131817,false,לה פרוטה הדרים אדומי,Unknown,,לה פרוטה הדרים אדומי,,70.00,100 גרם,false,1,9.90,14.14,true,1,21909
18131831,false,מילקה שלגון וניל מאג,Unknown,,מילקה שלגון וניל מאג,,264.00,100 גרם,false,1,36.00,13.64,true,1,22376
18131855,false,מ.אקסטרים בראוניז,Unknown,,מ.אקסטרים בראוניז,,322.00,100 גרם,false,1,36.90,11.46,true,1,22339
18131879,false,מ.אקסטרים ריבת חלב,Unknown,,מ.אקסטרים ריבת חלב,,322.00,100 גרם,false,1,36.90,11.46,true,1,22338
18131893,false,מ.אקסטרים פקאן,Unknown,,מ.אקסטרים פקאן,,322.00,100 גרם,false,1,36.90,11.46,true,1,22340
18131930,false,לה פרוטה בננה,Unknown,,לה פרוטה בננה,,325.00,100 גרם,false,1,30.90,9.51,true,1,23447
18131954,false,לה פרוטה תות,Unknown,,לה פרוטה תות,,350.00,100 גרם,false,1,27.00,7.71,true,1,23448
18131978,false,טילון אוראו,Unknown,,טילון אוראו,,68.50,100 גרם,false,1,9.90,14.45,true,1,22334
18156018,false,אולטרסול Free Kids,Unknown,,אולטרסול Free Kids,,200.00,"100 מ""ל",false,1,39.90,19.95,true,1,22898
18165010,false,ברקן גוורצטרמינר,Unknown,,ברקן גוורצטרמינר,,750.00,"100 מ""ל",false,1,50.00,6.63,true,1,21075
18165027,false,רזרב גולד רוזה 750,Unknown,,רזרב גולד רוזה 750,,750.00,"100 מ""ל",false,1,50.00,6.63,true,1,27917
18165447,false,ברקן רזרב מרלו,Unknown,,ברקן רזרב מרלו,,750.00,"100 מ""ל",false,1,50.00,6.63,true,1,22532
18194928,false,וודקה טראמפ 700מל,Unknown,,וודקה טראמפ 700מל,,700.00,"100 מ""ל",false,1,89.90,12.80,false,1,26984
18198506,false,תפוגן ציפס 1.25 קג,Unknown,,תפוגן ציפס 1.25 קג,,1.25,"1 ק""ג",false,1,28.90,23.12,false,1,27658
18204986,false,שיפודי במבוק 90יח,Unknown,,שיפודי במבוק 90יח,,90.00,יחידה,false,1,4.50,0.05,false,1,21222
18237434,false,צונגו ביסלי גריל,Unknown,,צונגו ביסלי גריל,,600.00,100 גרם,false,1,41.90,6.98,false,1,25776
18237922,false,שניצלוני ציפס,Unknown,,שניצלוני ציפס,,700.00,100 גרם,false,1,22.00,3.14,false,1,27028
18237939,false,שניצלוני שומשום,Unknown,,שניצלוני שומשום,,700.00,100 גרם,false,1,22.00,3.14,false,1,27029
18296042,false,לחם טוסט אמריקה,Unknown,,לחם טוסט אמריקה,,500.00,100 גרם,false,1,14.90,2.98,false,1,23079
18296608,false,לחם 9 דגנים קל,Unknown,,לחם 9 דגנים קל,,600.00,100 גרם,false,1,14.50,2.42,false,1,23080
18296615,false,פיתה ביס כוסמין 10יח,Unknown,,פיתה ביס כוסמין 10יח,,450.00,100 גרם,false,1,16.90,3.76,false,1,23081
18296646,false,חלת כוסמין,Unknown,,חלת כוסמין,,400.00,100 גרם,false,1,17.90,4.47,false,1,23082
18296806,false,לחם מעושר בסיבים,Unknown,,לחם מעושר בסיבים,,600.00,100 גרם,false,1,14.50,2.42,false,1,23083
18296813,false,פיתה קלה ביס 10יח,Unknown,,פיתה קלה ביס 10יח,,450.00,100 גרם,false,1,14.90,3.31,false,1,23084
18301364,false,טוסטיה פיצה,Unknown,,טוסטיה פיצה,,0.00,,false,1,18.00,0.00,false,1,27987
18343463,false,אלכוגל פורטה 200 מל,Unknown,,אלכוגל פורטה 200 מל,,200.00,"100 מ""ל",false,1,16.90,8.45,true,1,21296
18440193,false,בייגלה חמאת בוטנים,Unknown,,בייגלה חמאת בוטנים,,140.00,100 גרם,false,1,9.90,7.07,true,1,22876
18440209,false,בייגלה פאדג לבן,Unknown,,בייגלה פאדג לבן,,140.00,100 גרם,false,1,9.90,7.07,true,1,22877
18440384,false,תה ירוק לימון נענע,Unknown,,תה ירוק לימון נענע,,1.00,יחידה,false,1,21.90,21.90,false,1,25777
18440407,false,תה ירוק קקאו א.לוז,Unknown,,תה ירוק קקאו א.לוז,,1.00,יחידה,false,1,21.90,21.90,false,1,25778
18441626,false,פיינט מנטה עוגיות,Unknown,,פיינט מנטה עוגיות,,430.00,100 גרם,false,1,31.00,7.21,true,1,24013
18441886,false,שורטי דולצה דה לצה,Unknown,,שורטי דולצה דה לצה,,150.00,"100 מ""ל",false,1,11.80,7.87,true,1,23085
18468319,false,נקניקיה צמחית מדריד,Unknown,,נקניקיה צמחית מדריד,,400.00,100 גרם,false,1,44.90,11.22,false,1,27031
18471111,false,שוופס ל.מוחיטו 330מל,Unknown,,שוופס ל.מוחיטו 330מל,,330.00,"100 מ""ל",false,1,8.00,2.33,true,1,27809
18471128,false,ספרינג שייק אננס,Unknown,,ספרינג שייק אננס,,330.00,"100 מ""ל",false,1,12.90,3.82,true,1,22544
18471135,false,ספרינג שייק בננה,Unknown,,ספרינג שייק בננה,,330.00,"100 מ""ל",false,1,12.90,3.82,true,1,22545
18471142,false,ספרינג שייק קוקוס,Unknown,,ספרינג שייק קוקוס,,330.00,"100 מ""ל",false,1,12.90,3.82,true,1,22546
18471180,false,משקה תפוח גזר 1ל,Unknown,,משקה תפוח גזר 1ל,,1.00,1 ליטר,false,1,15.90,15.60,true,1,25001
18471197,false,מ.תפוח בננה מלון 1ל,Unknown,,מ.תפוח בננה מלון 1ל,,1.00,1 ליטר,false,1,15.90,15.60,true,1,25002
18471401,false,משקה אננס בננה 1ל,Unknown,,משקה אננס בננה 1ל,,1.00,1 ליטר,false,1,15.90,15.60,true,1,25003
18471548,false,ספרינג ענבים*4,Unknown,,ספרינג ענבים*4,,1.00,1 ליטר,false,1,15.90,14.70,true,1,27813
18471753,false,מ.אלוורה ב.אננס,Unknown,,מ.אלוורה ב.אננס,,350.00,"100 מ""ל",false,1,8.90,2.46,true,1,22804
18471760,false,מ.אלוורה ב.ליצי,Unknown,,מ.אלוורה ב.ליצי,,350.00,"100 מ""ל",false,1,8.90,2.46,true,1,22805
18471777,false,מ.אלוורה ב.פטל,Unknown,,מ.אלוורה ב.פטל,,350.00,"100 מ""ל",false,1,8.90,2.46,true,1,22806
18471784,false,מ.אלוורה ב.קווי,Unknown,,מ.אלוורה ב.קווי,,350.00,"100 מ""ל",false,1,8.90,2.46,true,1,22807
18471913,false,שוופס פ.תפוח 1.5 פ,Unknown,,שוופס פ.תפוח 1.5 פ,,1.50,1 ליטר,false,1,10.90,7.07,true,1,24106
18471920,false,שוופס מ.ענבים 1.5 פ,Unknown,,שוופס מ.ענבים 1.5 פ,,1.50,1 ליטר,false,1,10.90,7.07,true,1,24107
18471944,false,שוופס למונייד 1.5 פ,Unknown,,שוופס למונייד 1.5 פ,,1.50,1 ליטר,false,1,10.90,7.07,true,1,24108
18593004,false,פטה שקדים טבעי 200גר,Unknown,,פטה שקדים טבעי 200גר,,200.00,100 גרם,false,1,31.90,15.95,false,1,26360
18593011,false,פטה שקדים עשבי תיבול,Unknown,,פטה שקדים עשבי תיבול,,200.00,100 גרם,false,1,31.90,15.95,false,1,26361
18593035,false,כמוצרלה קשיו 200 גרם,Unknown,,כמוצרלה קשיו 200 גרם,,200.00,100 גרם,false,1,26.90,13.45,false,1,26362
18593059,false,אגוזנו בסגנון פרמזן,Unknown,,אגוזנו בסגנון פרמזן,,115.00,100 גרם,false,1,24.90,21.65,false,1,26363
18593066,false,אגוזנו עשבי תיבול,Unknown,,אגוזנו עשבי תיבול,,115.00,100 גרם,false,1,24.90,21.65,false,1,26364
18593080,false,קשיו צדר 200 גרם,Unknown,,קשיו צדר 200 גרם,,200.00,100 גרם,false,1,26.90,13.45,false,1,26365
18593097,false,גבנצ קשיו 200 גרם,Unknown,,גבנצ קשיו 200 גרם,,200.00,100 גרם,false,1,25.90,12.95,false,1,26366
18593110,false,רביולי גבינות שקדים,Unknown,,רביולי גבינות שקדים,,400.00,100 גרם,false,1,36.90,9.22,false,1,26367
18593127,false,רביולי תרד גבינות,Unknown,,רביולי תרד גבינות,,400.00,100 גרם,false,1,36.90,9.22,false,1,26368
18593134,false,רביולי בטטה גבינות,Unknown,,רביולי בטטה גבינות,,400.00,100 גרם,false,1,36.90,9.22,false,1,26369
18608494,false,תבניות R31 7 יח,Unknown,,תבניות R31 7 יח,,7.00,יחידה,false,1,11.00,1.57,true,1,23649
18608500,false,תבניות R2  7 יח,Unknown,,תבניות R2  7 יח,,7.00,יחידה,false,1,11.00,1.57,true,1,23651
18608531,false,תבניות R88 12 יח,Unknown,,תבניות R88 12 יח,,12.00,יחידה,false,1,11.00,0.92,true,1,23648
18652015,false,שלגון סופר רולר,Unknown,,שלגון סופר רולר,,75.00,100 גרם,false,1,10.90,14.53,true,1,22336
18652039,false,לה קרמריה ק.מלוח,Unknown,,לה קרמריה ק.מלוח,,1.40,1 ליטר,false,1,26.90,19.21,true,1,22337
18652053,false,ביסקולידה אקסטרה,Unknown,,ביסקולידה אקסטרה,,100.00,100 גרם,false,1,10.90,10.90,true,1,22331
18652190,false,קראנץ בר,Unknown,,קראנץ בר,,60.00,100 גרם,false,1,9.90,16.50,true,1,26528
18652213,false,קראנץ בר מאגדת,Unknown,,קראנץ בר מאגדת,,246.00,100 גרם,false,1,27.00,10.98,true,1,26529
18652657,false,מאגדת מניוגו לייט,Unknown,,מאגדת מניוגו לייט,,312.00,100 גרם,false,1,29.90,9.58,true,1,26530
18652671,false,לה קרמריה שוקו וניל,Unknown,,לה קרמריה שוקו וניל,,700.00,100 גרם,false,1,25.00,3.57,true,1,26531
18652688,false,לה קרמריה פ.טרופיים,Unknown,,לה קרמריה פ.טרופיים,,700.00,100 גרם,false,1,25.00,3.57,true,1,26532
18652695,false,ביסקולידה שוקו בננה,Unknown,,ביסקולידה שוקו בננה,,90.00,100 גרם,false,1,10.00,11.11,true,1,26533
18652718,false,שלגון מילקה אגוזים,Unknown,,שלגון מילקה אגוזים,,71.00,100 גרם,false,1,13.90,19.58,true,1,26534
18652756,false,שתותי טרופי,Unknown,,שתותי טרופי,,55.00,100 גרם,false,1,7.90,14.36,true,1,26535
18652770,false,טילון בייגלה מלוח,Unknown,,טילון בייגלה מלוח,,115.00,100 גרם,false,1,12.50,10.87,true,1,26536
18652817,false,שלגון פרווה ו.עוגיות,Unknown,,שלגון פרווה ו.עוגיות,,55.00,100 גרם,false,1,7.90,14.36,true,1,26537
18652862,false,באבל גאם,Unknown,,באבל גאם,,60.00,100 גרם,false,1,9.90,16.50,true,1,26538
18652886,false,מאגדת מ.שוקו בננה*8,Unknown,,מאגדת מ.שוקו בננה*8,,476.00,100 גרם,false,1,32.00,6.72,true,1,27107
18652909,false,מאגדת קפה ש.פקאן,Unknown,,מאגדת קפה ש.פקאן,,225.00,100 גרם,false,1,29.90,13.29,true,1,26539
18652923,false,מאגדת תות שוקלד לבן,Unknown,,מאגדת תות שוקלד לבן,,225.00,100 גרם,false,1,29.90,13.29,true,1,26540
18703052,false,פראוד עוגיות קראנץ,Unknown,,פראוד עוגיות קראנץ,,29.00,100 גרם,false,1,9.90,34.14,false,1,25127
18703076,false,חטיף חלבון ד.שוקולד,Unknown,,חטיף חלבון ד.שוקולד,,60.00,100 גרם,false,1,14.90,24.83,true,1,26541
18703304,false,אול אין ק.עוגיות,Unknown,,אול אין ק.עוגיות,,50.00,100 גרם,false,1,13.90,27.80,true,1,26903
18703489,false,אול אין בננה טופי,Unknown,,אול אין בננה טופי,,60.00,100 גרם,false,1,13.90,23.17,true,1,26904
18785010,false,צנונית ארוזה ליח,Unknown,,צנונית ארוזה ליח,,450.00,100 גרם,false,1,5.90,1.31,true,1,23443
18825464,false,אבוקדו מיני האס יח,Unknown,,אבוקדו מיני האס יח,,500.00,100 גרם,false,1,8.90,1.78,true,1,24211
18848005,false,יין רוזה בפחית 250מל,Unknown,,יין רוזה בפחית 250מל,,250.00,"100 מ""ל",false,1,17.90,7.04,false,1,25387
18848012,false,יין לבן בפחית 250 מל,Unknown,,יין לבן בפחית 250 מל,,250.00,"100 מ""ל",false,1,17.90,7.04,false,1,25388
18848029,false,יין רוזה בפחית,Unknown,,יין רוזה בפחית,,1.00,1 ליטר,false,1,68.00,66.80,false,1,25415
18848036,false,יין לבן בפחית*4,Unknown,,יין לבן בפחית*4,,1.00,1 ליטר,false,1,68.00,66.80,false,1,25389
18894019,false,בלקוני עוגות חלב,Unknown,,בלקוני עוגות חלב,,350.00,100 גרם,false,1,19.90,5.69,true,1,27808
18925003,false,מיץ ת.דובדבן 750 מל,Unknown,,מיץ ת.דובדבן 750 מל,,750.00,"100 מ""ל",false,1,19.90,2.61,true,1,27108
18925041,false,מיץ ת.רימון 750 מל,Unknown,,מיץ ת.רימון 750 מל,,750.00,"100 מ""ל",false,1,19.90,2.61,true,1,27109
18925058,false,מיץ ת.חמוציות 750 מל,Unknown,,מיץ ת.חמוציות 750 מל,,750.00,"100 מ""ל",false,1,19.90,2.61,true,1,27110
18925065,false,פרימור סחוט תפוז 2 פ,Unknown,,פרימור סחוט תפוז 2 פ,,2.00,1 ליטר,false,1,29.20,14.45,true,1,24109
18949009,false,גרופר תפוזזה 330מל,Unknown,,גרופר תפוזזה 330מל,,330.00,"100 מ""ל",false,1,12.90,3.82,true,1,27111
18949016,false,גרופר תפוחחה 330מל,Unknown,,גרופר תפוחחה 330מל,,330.00,"100 מ""ל",false,1,12.90,3.82,true,1,27112
18949023,false,גרופר לימוננדה 330מל,Unknown,,גרופר לימוננדה 330מל,,330.00,"100 מ""ל",false,1,12.90,3.82,true,1,27113
19038368,false,מארז 6 בלו בצידנית,Unknown,,מארז 6 בלו בצידנית,,1.50,1 ליטר,false,1,29.90,18.73,true,1,27114
19056065,false,שוופס פ.יער 1.5 פ,Unknown,,שוופס פ.יער 1.5 פ,,1.50,1 ליטר,false,1,13.90,9.07,true,1,24110
19056096,false,שוופס מ.אפרסק 1.5פ,Unknown,,שוופס מ.אפרסק 1.5פ,,1.50,1 ליטר,false,1,13.90,9.07,true,1,24111
19056119,false,שוופס סודה 1.5 פ,Unknown,,שוופס סודה 1.5 פ,,1.50,1 ליטר,false,1,8.90,5.73,true,1,24112
19056164,false,סודה רביעייה פ,Unknown,,סודה רביעייה פ,,6.00,1 ליטר,false,1,12.20,1.83,true,1,24113
19056362,false,תפוזינה ענבים 1.5 פ,Unknown,,תפוזינה ענבים 1.5 פ,,1.50,1 ליטר,false,1,10.90,7.07,true,1,24114
19056379,false,תפוזינה תפוזים 1.5 פ,Unknown,,תפוזינה תפוזים 1.5 פ,,1.50,1 ליטר,false,1,10.90,7.07,true,1,24115
19056515,false,פרוט ו.אננס 1.5 פ,Unknown,,פרוט ו.אננס 1.5 פ,,1.50,1 ליטר,false,1,13.90,9.07,true,1,24116
19056546,false,פרוט ו.אבטיח 1.5 פ,Unknown,,פרוט ו.אבטיח 1.5 פ,,1.50,1 ליטר,false,1,13.90,9.07,true,1,24117
19056553,false,עין גדי 2 ל שישיה פ,Unknown,,עין גדי 2 ל שישיה פ,,12.00,1 ליטר,false,1,13.80,1.00,true,1,24118
19056577,false,ספרינג מנגו 1.5 פ,Unknown,,ספרינג מנגו 1.5 פ,,1.50,1 ליטר,false,1,13.90,9.07,true,1,24119
19056584,false,ספרינג תפוז 1.5 פ,Unknown,,ספרינג תפוז 1.5 פ,,1.50,1 ליטר,false,1,11.90,7.73,true,1,24120
19056591,false,ספרינג ענבים 1.5 פ,Unknown,,ספרינג ענבים 1.5 פ,,1.50,1 ליטר,false,1,11.90,7.73,true,1,24121
19056621,false,ספרינג פ.טרופיים פ,Unknown,,ספרינג פ.טרופיים פ,,1.50,1 ליטר,false,1,11.90,7.73,true,1,24122
19056638,false,ספרינג ת.בננה 1.5 פ,Unknown,,ספרינג ת.בננה 1.5 פ,,1.50,1 ליטר,false,1,11.90,7.73,true,1,24123
19056645,false,ספרינג ס.תפוח 1.5 פ,Unknown,,ספרינג ס.תפוח 1.5 פ,,1.50,1 ליטר,false,1,11.90,7.73,true,1,24124
19056959,false,מי עדן 1.5 בודד פ,Unknown,,מי עדן 1.5 בודד פ,,1.50,1 ליטר,false,1,9.90,6.40,true,1,24125
19056980,false,מי עדן שמינייה 1.5 פ,Unknown,,מי עדן שמינייה 1.5 פ,,12.00,1 ליטר,false,1,26.00,1.97,true,1,24164
19153221,false,אננס שוופס חצי ליטר,Unknown,,אננס שוופס חצי ליטר,,500.00,"100 מ""ל",false,1,9.90,1.92,true,1,27115
19153238,false,תפוח שוופס חצי ליטר,Unknown,,תפוח שוופס חצי ליטר,,500.00,"100 מ""ל",false,1,9.90,1.92,true,1,27116
19153245,false,לימון שוופס חצי ליטר,Unknown,,לימון שוופס חצי ליטר,,500.00,"100 מ""ל",false,1,9.90,1.92,true,1,27117
19153313,false,פרוט&ווג ת.חמוציות,Unknown,,פרוט&ווג ת.חמוציות,,350.00,"100 מ""ל",false,1,9.90,2.74,true,1,26853
19153368,false,תפוזינה מוחיטו 330,Unknown,,תפוזינה מוחיטו 330,,330.00,"100 מ""ל",false,1,8.90,2.61,true,1,27386
19153382,false,תפוזינה סנגרייה 330,Unknown,,תפוזינה סנגרייה 330,,330.00,"100 מ""ל",false,1,8.90,2.61,true,1,27387
19153399,false,תפוזינה פ.אוזו 330,Unknown,,תפוזינה פ.אוזו 330,,330.00,"100 מ""ל",false,1,7.00,2.03,true,1,27388
19203100,false,ראפ פלאפל,Unknown,,ראפ פלאפל,,0.00,,false,1,18.00,0.00,false,1,27986
19203148,false,מוזלי כשלפ,Unknown,,מוזלי כשלפ,,300.00,100 גרם,false,1,16.00,5.33,true,1,27001
19232834,false,בייגלה ק.עוגיות שוק,Unknown,,בייגלה ק.עוגיות שוק,,140.00,100 גרם,false,1,9.90,7.07,true,1,27719
19310280,false,אול אין סינמון רול,Unknown,,אול אין סינמון רול,,60.00,100 גרם,false,1,14.90,24.83,true,1,28210
19341000,false,סלופי סלט ביצים,Unknown,,סלופי סלט ביצים,,1.00,יחידה,false,1,29.00,29.00,false,1,26424
19341031,false,דגנים טבעוני אנטפסטי,Unknown,,דגנים טבעוני אנטפסטי,,1.00,יחידה,false,1,29.00,29.00,false,1,26425
19341048,false,דגנים חביתה שמנת,Unknown,,דגנים חביתה שמנת,,1.00,יחידה,false,1,29.00,29.00,false,1,26426
19341055,false,אברהם גבינת עיזים,Unknown,,אברהם גבינת עיזים,,1.00,יחידה,false,1,24.00,24.00,false,1,26427
19341062,false,פרנה סביח,Unknown,,פרנה סביח,,1.00,יחידה,false,1,24.00,24.00,false,1,26428
19341093,false,לחם דגנים חביתה שמנת,Unknown,,לחם דגנים חביתה שמנת,,1.00,יחידה,false,1,24.00,24.00,false,1,26429
19341116,false,כוסמין בולגרית,Unknown,,כוסמין בולגרית,,1.00,יחידה,false,1,24.00,24.00,false,1,26430
19341123,false,לחם דגנים  טבעוני,Unknown,,לחם דגנים  טבעוני,,1.00,יחידה,false,1,24.00,24.00,false,1,26431
19341130,false,כוסמין צהובה,Unknown,,כוסמין צהובה,,1.00,יחידה,false,1,24.00,24.00,false,1,26432
19341147,false,לחם דגנים אישי  סביח,Unknown,,לחם דגנים אישי  סביח,,1.00,יחידה,false,1,24.00,24.00,false,1,26433
19341154,false,בוקר שאור צהובה,Unknown,,בוקר שאור צהובה,,1.00,יחידה,false,1,19.00,19.00,false,1,26434
19341161,false,בוקר שאור אנטיפסטי,Unknown,,בוקר שאור אנטיפסטי,,1.00,יחידה,false,1,19.00,19.00,false,1,26435
19341178,false,בוקר שאור טונה,Unknown,,בוקר שאור טונה,,1.00,יחידה,false,1,19.00,19.00,false,1,26436
19341185,false,בוקר שאור בולגרית,Unknown,,בוקר שאור בולגרית,,1.00,יחידה,false,1,19.00,19.00,false,1,26437
19341192,false,פיתה טוסט צהובה,Unknown,,פיתה טוסט צהובה,,1.00,יחידה,false,1,29.00,29.00,false,1,26438
19341208,false,טוסט פולפארט קפרזה,Unknown,,טוסט פולפארט קפרזה,,1.00,יחידה,false,1,29.00,29.00,false,1,26439
19341215,false,סלט טונה ניס,Unknown,,סלט טונה ניס,,1.00,יחידה,false,1,29.00,29.00,false,1,26440
19341222,false,סלט יווני,Unknown,,סלט יווני,,1.00,יחידה,false,1,29.00,29.00,false,1,26441
19341239,false,סלט קינואה וחיטה,Unknown,,סלט קינואה וחיטה,,1.00,יחידה,false,1,29.00,29.00,false,1,26442
19341246,false,סלט עדשים שחורות,Unknown,,סלט עדשים שחורות,,1.00,יחידה,false,1,29.00,29.00,false,1,26443
19341253,false,מוזלי,Unknown,,מוזלי,,1.00,יחידה,false,1,19.00,19.00,false,1,26444
30107014,false,נ.ג סלים+פילטר 32יח,Unknown,,נ.ג סלים+פילטר 32יח,,0.00,,false,1,8.50,0.00,false,1,15461
30112902,false,נייר גלגול קטן+פילטר,Unknown,,נייר גלגול קטן+פילטר,,0.00,,false,1,7.00,0.00,false,1,16115
30112919,false,נ.ג בינוני+פילטר24יח,Unknown,,נ.ג בינוני+פילטר24יח,,0.00,,false,1,7.00,0.00,false,1,15460
33121077,false,עוגה קוקוס תפוז,Unknown,,עוגה קוקוס תפוז,,1.00,יחידה,false,1,40.00,40.00,false,1,27892
40052403,false,קיט קאט אצבעות 41.5,Unknown,,קיט קאט אצבעות 41.5,,41.50,100 גרם,false,1,6.90,16.63,true,1,16915
40084107,false,ביצת הפתעה קינדר,Unknown,,ביצת הפתעה קינדר,,20.00,100 גרם,false,1,8.00,40.00,true,1,543
40084725,false,קינדר מילק סלייס,Unknown,,קינדר מילק סלייס,,28.00,100 גרם,false,1,5.00,17.86,true,1,22500
40099606,false,אורביט ספירמינט סטיק,Unknown,,אורביט ספירמינט סטיק,,16.00,100 גרם,false,1,3.50,21.88,true,1,656
40099705,false,אורביט פפרמינט סטיק,Unknown,,אורביט פפרמינט סטיק,,16.00,100 גרם,false,1,3.50,21.88,true,1,657
40111216,false,באונטי חטיף שוקולד,Unknown,,באונטי חטיף שוקולד,,57.68,100 גרם,false,1,6.50,11.27,true,1,409
40144061,false,וופל קנופרס,Unknown,,וופל קנופרס,,25.00,100 גרם,false,1,5.50,22.00,true,1,24015
40677804,false,יגרמייסטר 200 מל,Unknown,,יגרמייסטר 200 מל,,200.00,"100 מ""ל",false,1,32.90,16.30,false,1,27722
41001356,false,בקס בירה  500 מל,Unknown,,בקס בירה  500 מל,,500.00,"100 מ""ל",false,1,18.00,3.54,true,1,26747
42061939,false,בקס בקבוק 500מל,Unknown,,בקס בקבוק 500מל,,500.00,"100 מ""ל",false,1,17.00,3.34,true,1,26761
42101666,false,איירוויז מנטה אקליפט,Unknown,,איירוויז מנטה אקליפט,,39.00,100 גרם,false,1,7.90,20.26,true,1,16989
42113263,false,אורביט תות סטיק,Unknown,,אורביט תות סטיק,,16.00,100 גרם,false,1,3.50,21.88,true,1,8132
42138105,false,וינסטון ס.סלימס כחול,Unknown,,וינסטון ס.סלימס כחול,,0.00,,false,1,34.00,0.00,false,1,10721
42138129,false,וינסטון ס.ס מנטול,Unknown,,וינסטון ס.ס מנטול,,0.00,,false,1,34.00,0.00,false,1,10722
42139430,false,כאמל שחור חפיסה,Unknown,,כאמל שחור חפיסה,,0.00,,false,1,32.00,0.00,false,1,15428
42139447,false,כאמל לבן חפיסה,Unknown,,כאמל לבן חפיסה,,0.00,,false,1,32.00,0.00,false,1,15429
42154662,false,אורביט מעטפה ספירמינ,Unknown,,אורביט מעטפה ספירמינ,,35.00,100 גרם,false,1,7.50,21.43,true,1,8140
42174479,false,אורביט תות מעטפה,Unknown,,אורביט תות מעטפה,,35.00,100 גרם,false,1,7.50,21.43,true,1,16408
42182108,false,פייב מסטיק מנטה,Unknown,,פייב מסטיק מנטה,,36.00,100 גרם,false,1,8.00,22.22,true,1,11396
42182115,false,פייב מסטיק מ.עדינה,Unknown,,פייב מסטיק מ.עדינה,,36.00,100 גרם,false,1,8.00,22.22,true,1,11395
42188889,false,פייב מסטיק אבטיח,Unknown,,פייב מסטיק אבטיח,,36.00,100 גרם,false,1,8.00,22.22,true,1,12650
42212119,false,אורביט פפרמינט מעטפה,Unknown,,אורביט פפרמינט מעטפה,,35.00,100 גרם,false,1,7.50,21.43,true,1,16681
42212287,false,פייב סטיקס אבטיח,Unknown,,פייב סטיקס אבטיח,,14.00,100 גרם,false,1,3.50,25.00,true,1,14474
42212294,false,פייב סטיקס מנטה,Unknown,,פייב סטיקס מנטה,,14.00,100 גרם,false,1,3.50,25.00,true,1,14475
42306788,false,איירוויז אכמניות מנט,Unknown,,איירוויז אכמניות מנט,,39.00,100 גרם,false,1,7.90,20.26,true,1,16993
49814521,false,צופה צופס לקקן,Unknown,,צופה צופס לקקן,,1.76,"1 ק""ג",false,1,2.10,1.19,true,1,21284
52070082,false,פאל מאל ס.ס ויולט טי,Unknown,,פאל מאל ס.ס ויולט טי,,0.00,,false,1,30.50,0.00,false,1,19252
54051140,false,מעדן סויה וניל*4,Unknown,,מעדן סויה וניל*4,,500.00,"100 מ""ל",false,1,20.90,4.18,true,1,26698
54051157,false,מעדן סויה שוקו*4,Unknown,,מעדן סויה שוקו*4,,500.00,"100 מ""ל",false,1,20.90,4.18,false,1,26715
54509955,false,מרילנד אדום- חפיסה,Unknown,,מרילנד אדום- חפיסה,,0.00,,false,1,28.50,0.00,false,1,17060
54509962,false,מרילנד כחול- חפיסה,Unknown,,מרילנד כחול- חפיסה,,0.00,,false,1,28.50,0.00,false,1,17061
59039549,false,ווג מנטה חפיסה,Unknown,,ווג מנטה חפיסה,,0.00,,false,1,40.00,0.00,false,1,12663
59068907,false,פאל מאל כחול דמי סלי,Unknown,,פאל מאל כחול דמי סלי,,0.00,,false,1,26.50,0.00,false,1,19103
59068914,false,פאל מאל סילבר דמי ס,Unknown,,פאל מאל סילבר דמי ס,,0.00,,false,1,26.50,0.00,false,1,19104
59455233,false,ווג כחול,Unknown,,ווג כחול,,0.00,,false,1,40.00,0.00,false,1,13134
59455240,false,ווג לילך חפיסה,Unknown,,ווג לילך חפיסה,,0.00,,false,1,40.00,0.00,false,1,13115
67642005,false,גולדסטאר slow brew,Unknown,,גולדסטאר slow brew,,330.00,"100 מ""ל",false,1,13.00,3.85,true,1,17739
70010215,false,לווצה DELICATO ח.4,Unknown,,לווצה DELICATO ח.4,,10.00,יחידה,false,1,17.90,1.79,true,1,22271
72909768,false,פסק זמן פליי 40 גר,Unknown,,פסק זמן פליי 40 גר,,40.00,100 גרם,false,1,7.50,18.75,true,1,2070
72909799,false,קליק ok חדש35,Unknown,,קליק ok חדש35,,35.00,100 גרם,false,1,7.50,21.43,true,1,2321
72917329,false,אגוזי 45 גרם,Unknown,,אגוזי 45 גרם,,45.00,100 גרם,false,1,6.90,15.33,true,1,435
72917367,false,טעמי 40 גר,Unknown,,טעמי 40 גר,,40.00,100 גרם,false,1,6.90,17.25,true,1,478
72917589,false,מקופלת חלב 25,Unknown,,מקופלת חלב 25,,25.00,100 גרם,false,1,6.90,27.60,true,1,436
72918388,false,טוויסט 28 גר,Unknown,,טוויסט 28 גר,,28.00,100 גרם,false,1,6.90,24.64,true,1,481
72940754,false,מילקי וניל 130,Unknown,,מילקי וניל 130,,137.00,"100 מ""ל",false,1,3.90,2.85,true,1,1010
72940761,false,מילקי שוקו 130 גר,Unknown,,מילקי שוקו 130 גר,,130.00,"100 מ""ל",false,1,3.90,3.00,true,1,1011
72940952,false,מילקי פי 2 שוקולד,Unknown,,מילקי פי 2 שוקולד,,170.00,100 גרם,false,1,4.00,2.35,true,1,24378
72940976,false,אחלה כרוב אדום 250,Unknown,,אחלה כרוב אדום 250,,250.00,100 גרם,false,1,10.20,4.08,true,1,4078
72940983,false,אחלה חומוס 250 גר,Unknown,,אחלה חומוס 250 גר,,250.00,100 גרם,false,1,10.00,4.00,true,1,1217
72961209,false,שמנת חמוצה 15% 200מל,Unknown,,שמנת חמוצה 15% 200מל,,200.00,"100 מ""ל",false,1,2.40,1.20,false,1,23798
72961506,false,פרילי תות 1.5% 125ג,Unknown,,פרילי תות 1.5% 125ג,,125.00,100 גרם,false,1,4.00,3.20,true,1,1013
72961520,false,פרילי אננס 1.5% 125ג,Unknown,,פרילי אננס 1.5% 125ג,,125.00,100 גרם,false,1,4.00,3.20,true,1,1015
72963104,false,תנובה חמאה 100גר,Unknown,,תנובה חמאה 100גר,,100.00,100 גרם,false,1,3.94,3.94,false,1,987
72963128,false,חמאה 100 גרם בדצ,Unknown,,חמאה 100 גרם בדצ,,100.00,100 גרם,false,1,3.94,3.94,false,1,19982
72963753,false,שמנת של פעם27% 200מל,Unknown,,שמנת של פעם27% 200מל,,200.00,"100 מ""ל",false,1,4.10,2.05,true,1,20703
72964132,false,פרילי טבעי 1.9% 200ג,Unknown,,פרילי טבעי 1.9% 200ג,,200.00,100 גרם,false,1,5.90,2.95,true,1,13069
72964422,false,יוגורט פרחים 4.5%,Unknown,,יוגורט פרחים 4.5%,,200.00,100 גרם,false,1,3.50,1.75,true,1,23008
72983225,false,מילקי הפוך,Unknown,,מילקי הפוך,,130.00,"100 מ""ל",false,1,4.00,3.08,true,1,5317
72983454,false,גולף סופר סלימס חפיס,Unknown,,גולף סופר סלימס חפיס,,0.00,,false,1,32.00,0.00,false,1,5633
72983928,false,גולף סופר סלים חפיסה,Unknown,,גולף סופר סלים חפיסה,,0.00,,false,1,32.00,0.00,false,1,6237
72983997,false,גולף גולד 100 חפיסה,Unknown,,גולף גולד 100 חפיסה,,0.00,,false,1,32.00,0.00,false,1,6574
72984000,false,גולף סילבר 100 חפיסה,Unknown,,גולף סילבר 100 חפיסה,,0.00,,false,1,32.00,0.00,false,1,6575
72986240,false,באדי שוקו 1.5% 125ג,Unknown,,באדי שוקו 1.5% 125ג,,125.00,100 גרם,false,1,3.50,2.80,false,1,26266
72986370,false,בן&גריס פיינט וניל,Unknown,,בן&גריס פיינט וניל,,500.00,"100 מ""ל",false,1,31.00,6.20,true,1,11589
72986424,false,בן&גריס קרם עוגיות,Unknown,,בן&גריס קרם עוגיות,,500.00,"100 מ""ל",false,1,31.00,6.20,true,1,11590
72986448,false,בן&גריס טופי קראנץ,Unknown,,בן&גריס טופי קראנץ,,500.00,"100 מ""ל",false,1,31.00,6.20,true,1,11591
72986455,false,בן&גריס ניו-יורק סו,Unknown,,בן&גריס ניו-יורק סו,,420.00,"100 מ""ל",false,1,31.00,7.38,true,1,11592
72986479,false,בן&גריס פיינט צאנקי,Unknown,,בן&גריס פיינט צאנקי,,500.00,"100 מ""ל",false,1,31.00,6.20,true,1,11593
72989395,false,בן&גריס טילון עוגיה,Unknown,,בן&גריס טילון עוגיה,,100.00,100 גרם,false,1,10.90,10.90,true,1,8644
72989425,false,בן&גריס פיינט שוקול,Unknown,,בן&גריס פיינט שוקול,,500.00,"100 מ""ל",false,1,31.00,6.20,true,1,11597
72991008,false,פסק זמן מגדים 45 גר,Unknown,,פסק זמן מגדים 45 גר,,45.00,100 גרם,false,1,7.50,16.67,true,1,5165
72991374,false,טיים רד חפיסה,Unknown,,טיים רד חפיסה,,0.00,,false,1,31.00,0.00,false,1,37
72991381,false,טיים רד 100 חפיסה,Unknown,,טיים רד 100 חפיסה,,0.00,,false,1,31.00,0.00,false,1,38
72991398,false,טיים בלו חפיסה,Unknown,,טיים בלו חפיסה,,0.00,,false,1,31.00,0.00,false,1,39
72991404,false,אירופה חפיסה,Unknown,,אירופה חפיסה,,0.00,,false,1,31.00,0.00,false,1,40
72991411,false,ברודווי 80 חפיסה,Unknown,,ברודווי 80 חפיסה,,0.00,,false,1,31.00,0.00,false,1,41
72991428,false,ברודווי 100 חפיסה,Unknown,,ברודווי 100 חפיסה,,0.00,,false,1,31.00,0.00,false,1,42
72991459,false,גולף חפיסה,Unknown,,גולף חפיסה,,0.00,,false,1,32.00,0.00,false,1,43
72991466,false,גולף ארוך סופט,Unknown,,גולף ארוך סופט,,0.00,,false,1,32.00,0.00,false,1,44
72991473,false,שרתון חפיסה,Unknown,,שרתון חפיסה,,0.00,,false,1,31.00,0.00,false,1,45
72991480,false,נלסון חפיסה,Unknown,,נלסון חפיסה,,0.00,,false,1,31.00,0.00,false,1,46
72991497,false,נובלס חפיסה,Unknown,,נובלס חפיסה,,0.00,,false,1,31.00,0.00,false,1,47
72991503,false,נובלס בלנד חפיסה,Unknown,,נובלס בלנד חפיסה,,0.00,,false,1,31.00,0.00,false,1,48
72991510,false,מונטנה חפיסה,Unknown,,מונטנה חפיסה,,0.00,,false,1,32.00,0.00,false,1,49
72991527,false,מוסטנג חפיסה,Unknown,,מוסטנג חפיסה,,0.00,,false,1,26.50,0.00,false,1,50
72991824,false,טיים בלו 100 חפיסה,Unknown,,טיים בלו 100 חפיסה,,0.00,,false,1,31.00,0.00,false,1,51
72991886,false,בן&גריס דולצה לצה,Unknown,,בן&גריס דולצה לצה,,500.00,"100 מ""ל",false,1,31.00,6.20,true,1,11594
72992357,false,פסק זמן ביג בייט 50,Unknown,,פסק זמן ביג בייט 50,,50.00,100 גרם,false,1,7.50,15.00,true,1,483
72993637,false,דני שוקולד בודד,Unknown,,דני שוקולד בודד,,125.00,"100 מ""ל",false,1,3.20,2.56,true,1,12582
72994061,false,פסק זמן  2 GOOD,Unknown,,פסק זמן  2 GOOD,,36.00,100 גרם,false,1,7.50,20.83,true,1,11990
72994122,false,היי-ווי בלו,Unknown,,היי-ווי בלו,,0.00,,false,1,27.00,0.00,false,1,13048
72994139,false,היי-ווי סילבר,Unknown,,היי-ווי סילבר,,0.00,,false,1,27.00,0.00,false,1,13049
72994146,false,היי-ווי רד חפיסה,Unknown,,היי-ווי רד חפיסה,,0.00,,false,1,27.00,0.00,false,1,13047
72994221,false,פסק זמן גלילית מגדים,Unknown,,פסק זמן גלילית מגדים,,40.00,100 גרם,false,1,7.50,18.75,true,1,18561
72994306,false,רויאל אדום -חפיסה,Unknown,,רויאל אדום -חפיסה,,0.00,,false,1,26.50,0.00,false,1,13893
72994313,false,רויאל כחול - חפיסה,Unknown,,רויאל כחול - חפיסה,,0.00,,false,1,26.50,0.00,false,1,13894
72994566,false,רויאל רד,Unknown,,רויאל רד,,0.00,,false,1,26.50,0.00,false,1,25250
72994573,false,רויאל בלו,Unknown,,רויאל בלו,,0.00,,false,1,26.50,0.00,false,1,25251
76136184,false,פאל מאל ס.ס כחול טיו,Unknown,,פאל מאל ס.ס כחול טיו,,0.00,,false,1,30.50,0.00,false,1,7461
80001027,false,טורטינה וופל שוק 21ג,Unknown,,טורטינה וופל שוק 21ג,,21.00,100 גרם,false,1,5.50,26.19,true,1,488
80001072,false,לואקר שוקולד חלב,Unknown,,לואקר שוקולד חלב,,50.00,100 גרם,false,1,7.20,14.40,true,1,18332
80001089,false,לואקר שוקולד מריר,Unknown,,לואקר שוקולד מריר,,50.00,100 גרם,false,1,7.20,14.40,true,1,18333
80001256,false,לואקר שוקולד אגוז 55,Unknown,,לואקר שוקולד אגוז 55,,55.00,100 גרם,false,1,7.20,13.09,true,1,17127
80001287,false,גרדנה וופל לואקר 38ג,Unknown,,גרדנה וופל לואקר 38ג,,38.00,100 גרם,false,1,5.50,14.47,true,1,490
80001461,false,גרדנה וופל מצופה,Unknown,,גרדנה וופל מצופה,,38.00,100 גרם,false,1,5.50,14.47,true,1,6565
80001485,false,גרדנה קוקוס,Unknown,,גרדנה קוקוס,,38.00,100 גרם,false,1,5.50,14.47,true,1,8031
80001799,false,טורטינה שוקולד לבן,Unknown,,טורטינה שוקולד לבן,,21.00,100 גרם,false,1,5.50,26.19,true,1,14936
80001911,false,גרדנה ש.לבן 38 גר,Unknown,,גרדנה ש.לבן 38 גר,,38.00,100 גרם,false,1,5.50,14.47,true,1,17128
80042563,false,מוטי רסק עגבניות 700,Unknown,,מוטי רסק עגבניות 700,,700.00,100 גרם,false,1,12.90,1.84,false,1,25084
80050025,false,טיק טק תפוז,Unknown,,טיק טק תפוז,,16.00,100 גרם,false,1,5.00,31.25,true,1,361
80050124,false,טיק טק מנטה,Unknown,,טיק טק מנטה,,16.00,100 גרם,false,1,5.00,31.25,true,1,362
80050278,false,רושה חטיף שלישיה,Unknown,,רושה חטיף שלישיה,,37.50,100 גרם,false,1,9.00,24.00,true,1,440
80052760,false,קינדר בואנו,Unknown,,קינדר בואנו,,43.00,100 גרם,false,1,7.90,18.37,true,1,491
80052883,false,טיק טק מנטה חזק,Unknown,,טיק טק מנטה חזק,,16.00,100 גרם,false,1,5.00,31.25,true,1,21936
80136194,false,הפי היפו אגוזים5*21,Unknown,,הפי היפו אגוזים5*21,,105.00,100 גרם,false,1,16.90,16.10,true,1,24861
80176732,false,הפי היפו 21 גר,Unknown,,הפי היפו 21 גר,,21.00,100 גרם,false,1,5.00,23.81,true,1,6257
80177173,false,נוטלה 350 גר,Unknown,,נוטלה 350 גר,,350.00,100 גרם,false,1,17.00,4.86,true,1,10105
80177180,false,שוקולד קינדר דגנים,Unknown,,שוקולד קינדר דגנים,,23.50,100 גרם,false,1,5.00,21.28,true,1,443
80177609,false,אצבעות קינדר 50 גר,Unknown,,אצבעות קינדר 50 גר,,50.00,100 גרם,false,1,5.00,10.00,true,1,444
80177616,false,קינדר אצבעות 100גר,Unknown,,קינדר אצבעות 100גר,,100.00,100 גרם,false,1,10.00,10.00,true,1,445
80310549,false,הפי היפו אגוזים,Unknown,,הפי היפו אגוזים,,21.00,100 גרם,false,1,5.00,23.81,true,1,21953
80310891,false,קינדר גוי,Unknown,,קינדר גוי,,0.00,,false,1,8.90,0.00,true,1,7707
80761761,false,קינדר בואנו לבן,Unknown,,קינדר בואנו לבן,,39.00,100 גרם,false,1,7.90,20.26,true,1,12833
80768258,false,קינדר גוי ורוד-חדש,Unknown,,קינדר גוי ורוד-חדש,,20.00,100 גרם,false,1,8.00,40.00,true,1,15441
80773429,false,מסטיק מנטוס תות,Unknown,,מסטיק מנטוס תות,,60.00,100 גרם,false,1,11.00,18.33,true,1,18673
80773443,false,מנטוס מסטיק מ.עדינה,Unknown,,מנטוס מסטיק מ.עדינה,,60.00,100 גרם,false,1,11.00,18.33,true,1,18051
80790990,false,מנטוס מסטיק פירות,Unknown,,מנטוס מסטיק פירות,,60.00,100 גרם,false,1,11.00,18.33,true,1,18052
80809265,false,טורטינה ח.בוטנים 21,Unknown,,טורטינה ח.בוטנים 21,,21.00,100 גרם,false,1,5.50,26.19,true,1,27215
80820956,false,לואקר פטיסרי אגוז,Unknown,,לואקר פטיסרי אגוז,,21.00,100 גרם,false,1,5.50,26.19,true,1,22563
80820970,false,טורטינה קרמל 21ג,Unknown,,טורטינה קרמל 21ג,,21.00,100 גרם,false,1,5.50,26.19,true,1,22361
80831402,false,סוכריות מנטוס,Unknown,,סוכריות מנטוס,,21.00,100 גרם,false,1,7.90,37.62,true,1,21938
80832560,false,מנטוס קלין פירות יער,Unknown,,מנטוס קלין פירות יער,,21.00,100 גרם,false,1,7.90,37.62,true,1,28171
80833468,false,לואקר פטיסרי קוקוס,Unknown,,לואקר פטיסרי קוקוס,,22.00,100 גרם,false,1,5.50,25.00,true,1,22564
80843184,false,מ.פיורפרש ב.ענבים,Unknown,,מ.פיורפרש ב.ענבים,,60.00,100 גרם,false,1,11.00,18.33,true,1,22578
80854753,false,סוכריות מנטוס מנטה,Unknown,,סוכריות מנטוס מנטה,,21.00,100 גרם,false,1,7.90,37.62,true,1,21270
80862130,false,מנטוס פיור אבטיח,Unknown,,מנטוס פיור אבטיח,,28.00,100 גרם,false,1,6.00,21.43,false,1,21896
80864059,false,גרדנה ח.בוטנים 38ג,Unknown,,גרדנה ח.בוטנים 38ג,,38.00,100 גרם,false,1,5.50,14.47,true,1,27216
80864295,false,מנטוס ב.פיור מ.עדינה,Unknown,,מנטוס ב.פיור מ.עדינה,,60.00,100 גרם,false,1,11.00,18.33,true,1,23155
80874652,false,קינדר קארדס,Unknown,,קינדר קארדס,,25.60,100 גרם,false,1,5.00,19.53,true,1,27974
80887744,false,מנטוס בקבוקון מנטה,Unknown,,מנטוס בקבוקון מנטה,,28.00,100 גרם,false,1,6.00,21.43,true,1,22579
80896081,false,מנטוס מסטיק אבטיח,Unknown,,מנטוס מסטיק אבטיח,,60.00,100 גרם,false,1,11.00,18.33,true,1,18674
80913467,false,מנטוס מסטיק מנטה,Unknown,,מנטוס מסטיק מנטה,,60.00,100 גרם,false,1,11.00,18.33,true,1,18053
80936848,false,טיק טק תות שדה,Unknown,,טיק טק תות שדה,,16.00,100 גרם,false,1,5.00,31.25,true,1,15098
80945468,false,מנטוס ב.פיור מ.מתוקה,Unknown,,מנטוס ב.פיור מ.מתוקה,,60.00,100 גרם,false,1,11.00,18.33,true,1,23156
80954521,false,מנטוס פיור תות,Unknown,,מנטוס פיור תות,,28.00,100 גרם,false,1,6.00,21.43,false,1,21897
80974482,false,קינדר גוי-חדש,Unknown,,קינדר גוי-חדש,,20.00,100 גרם,false,1,8.00,40.00,true,1,15326
80977070,false,מנטוס פיור טרופי,Unknown,,מנטוס פיור טרופי,,28.00,100 גרם,false,1,6.00,21.43,false,1,21898
80977278,false,מנטוס בקבוקון פ.מנטה,Unknown,,מנטוס בקבוקון פ.מנטה,,28.00,100 גרם,false,1,6.00,21.43,true,1,22580
80979128,false,מנטוס בקבוקון דובדבן,Unknown,,מנטוס בקבוקון דובדבן,,60.00,100 גרם,false,1,11.00,18.33,false,1,25195
80982470,false,מסטיק מנטוס פיור,Unknown,,מסטיק מנטוס פיור,,60.00,100 גרם,false,1,11.00,18.33,true,1,22367
80986348,false,מנטוס ב.פיור ו.מנטה,Unknown,,מנטוס ב.פיור ו.מנטה,,0.00,,false,1,11.00,0.00,true,1,23157
87108538,false,מנטוס תות גליל,Unknown,,מנטוס תות גליל,,37.50,100 גרם,false,1,5.00,13.33,true,1,7644
87311396,false,מנטוס גליל Rainbow,Unknown,,מנטוס גליל Rainbow,,37.50,100 גרם,false,1,5.00,13.33,true,1,13976
87354041,false,מנטוס גליל דובדבן,Unknown,,מנטוס גליל דובדבן,,37.50,100 גרם,false,1,5.00,13.33,true,1,22364
90162602,false,רד בול פחית 250 מל,Unknown,,רד בול פחית 250 מל,,250.00,"100 מ""ל",false,1,9.90,3.84,true,1,8154
90162800,false,רד בול פחית מ.סוכר,Unknown,,רד בול פחית מ.סוכר,,250.00,"100 מ""ל",false,1,9.90,3.84,true,1,8155
90446269,false,רד בול אבטיח - חדש,Unknown,,רד בול אבטיח - חדש,,330.00,"100 מ""ל",false,1,6.00,1.73,true,1,22677
90448867,false,רד בול ללא.פ 250 מל,Unknown,,רד בול ללא.פ 250 מל,,250.00,"100 מ""ל",false,1,9.90,3.84,true,1,27218
90453427,false,רד בול פיטאיה 250 מל,Unknown,,רד בול פיטאיה 250 מל,,250.00,"100 מ""ל",false,1,6.00,2.28,true,1,27219
120325097,false,עלי חסה שטופים,Unknown,,עלי חסה שטופים,,1.00,יחידה,false,1,14.90,14.90,true,1,25753
555019908,false,סברס מקולף,Unknown,,סברס מקולף,,1.00,יחידה,false,1,29.90,29.90,true,1,25493
9073102314,false,סורבה קוקוס,Unknown,,סורבה קוקוס,,420.00,"100 מ""ל",false,1,31.00,7.38,true,1,18128
9349305793,false,אבוקדו מוכן לאכילה,Unknown,,אבוקדו מוכן לאכילה,,500.00,100 גרם,false,1,12.90,2.58,true,1,25094
9800800056,false,נוטלה טו גו,Unknown,,נוטלה טו גו,,52.00,100 גרם,false,1,8.00,15.38,true,1,18445
12300102131,false,פאקט כאמל רך,Unknown,,פאקט כאמל רך,,0.00,,false,1,310.00,0.00,false,1,2588
12300103138,false,כאמל צהוב בוקס,Unknown,,כאמל צהוב בוקס,,0.00,,false,1,310.00,0.00,false,1,2587
12300107136,false,כאמל כחול לייט פאקט,Unknown,,כאמל כחול לייט פאקט,,0.00,,false,1,290.00,0.00,false,1,2586
12300111133,false,פאקט וינסטון לייט רך,Unknown,,פאקט וינסטון לייט רך,,0.00,,false,1,320.00,0.00,false,1,2582
12300112130,false,פאקט וינסטון רגיל,Unknown,,פאקט וינסטון רגיל,,0.00,,false,1,330.00,0.00,false,1,2591
12300119139,false,פאקט וינסטון לייט,Unknown,,פאקט וינסטון לייט,,0.00,,false,1,330.00,0.00,false,1,2584
12300141130,false,כאמל כתום פאקט,Unknown,,כאמל כתום פאקט,,0.00,,false,1,295.00,0.00,false,1,10069
12300159135,false,וינסטון כחול ארוך,Unknown,,וינסטון כחול ארוך,,0.00,,false,1,330.00,0.00,false,1,16787
12300253864,false,וינסטון סילבר חפיסה,Unknown,,וינסטון סילבר חפיסה,,0.00,,false,1,33.00,0.00,false,1,95
12300253871,false,פקאט ווינסטון סופר,Unknown,,פקאט ווינסטון סופר,,0.00,,false,1,320.00,0.00,false,1,2583
16000142220,false,נייטשר ואלי ק.מלוח,Unknown,,נייטשר ואלי ק.מלוח,,60.00,100 גרם,false,1,13.90,23.17,true,1,26525
16000185517,false,פייבר וואן 555 גרם,Unknown,,פייבר וואן 555 גרם,,555.00,100 גרם,false,1,36.90,6.65,false,1,25771
16000281684,false,נייצר וואלי פקאן5יח,Unknown,,נייצר וואלי פקאן5יח,,210.00,100 גרם,false,1,19.00,9.05,true,1,25630
16000423534,false,קראנצי 1/5 ש.שועל,Unknown,,קראנצי 1/5 ש.שועל,,210.00,100 גרם,false,1,19.00,9.05,true,1,22180
16000507777,false,נייטשר וואלי שוקולד,Unknown,,נייטשר וואלי שוקולד,,42.00,100 גרם,false,1,6.00,14.29,true,1,13033
16000515420,false,נייטשר ואלי שוקולד,Unknown,,נייטשר ואלי שוקולד,,60.00,100 גרם,false,1,13.90,23.17,true,1,26526
16000548404,false,קראנצי שיבולת שועל,Unknown,,קראנצי שיבולת שועל,,210.00,100 גרם,false,1,19.00,9.05,true,1,22171
16000548497,false,נייטשר וואלי ש.שועל,Unknown,,נייטשר וואלי ש.שועל,,42.00,100 גרם,false,1,6.00,14.29,true,1,2164
16000548503,false,נייצר וואלי מייפל5י,Unknown,,נייצר וואלי מייפל5י,,210.00,100 גרם,false,1,19.00,9.05,true,1,22172
16000548596,false,נייטשר וואלי מייפל,Unknown,,נייטשר וואלי מייפל,,42.00,100 גרם,false,1,6.00,14.29,true,1,2163
16000548602,false,קראנצ חטיף קנמון1/5,Unknown,,קראנצ חטיף קנמון1/5,,210.00,100 גרם,false,1,19.00,9.05,true,1,25625
16000548909,false,נייצר וואלי מעורב5י,Unknown,,נייצר וואלי מעורב5י,,210.00,100 גרם,false,1,19.00,9.05,true,1,13058
17170000227,false,סט כלים רב פ. ל-6 ס.,Unknown,,סט כלים רב פ. ל-6 ס.,,0.00,,false,1,69.90,0.00,false,1,22051
18000701223,false,פילסברי ת. לע.שוקולד,Unknown,,פילסברי ת. לע.שוקולד,,500.00,100 גרם,false,1,19.90,3.98,true,1,22179
18000703494,false,ת.לעוגה בטעם וניל,Unknown,,ת.לעוגה בטעם וניל,,500.00,100 גרם,false,1,19.90,3.98,true,1,18612
18000766413,false,פילסברי ת.לע.בראוניס,Unknown,,פילסברי ת.לע.בראוניס,,550.00,100 גרם,false,1,19.90,3.62,true,1,25638
22200956932,false,ספיד סטיק 24/7 גל כח,Unknown,,ספיד סטיק 24/7 גל כח,,85.00,100 גרם,false,1,21.90,25.76,true,1,24279
30100487197,false,סנדוויץ קרקר ג. צדר,Unknown,,סנדוויץ קרקר ג. צדר,,39.00,100 גרם,false,1,5.90,15.13,true,1,15790
30100545101,false,ס.קרקר במילוי צדר,Unknown,,ס.קרקר במילוי צדר,,39.00,100 גרם,false,1,5.90,15.13,true,1,15789
31200001597,false,חמוציות בשקית 170 גר,Unknown,,חמוציות בשקית 170 גר,,150.00,100 גרם,false,1,17.90,11.93,true,1,24257
36000516890,false,קלינקס לושן 3שכבות,Unknown,,קלינקס לושן 3שכבות,,120.00,יחידה,false,1,20.90,0.17,false,1,20915
37600207188,false,סקיפי ממרח 462 גרם,Unknown,,סקיפי ממרח 462 גרם,,462.00,100 גרם,false,1,24.90,5.39,true,1,20244
37600297943,false,סלסה - חריף,Unknown,,סלסה - חריף,,300.00,100 גרם,false,1,17.90,5.97,true,1,28083
37600297967,false,סלסה - עדין,Unknown,,סלסה - עדין,,300.00,100 גרם,false,1,17.90,5.97,true,1,28084
38000138638,false,פרינגלס ביג פיצה 158,Unknown,,פרינגלס ביג פיצה 158,,158.00,100 גרם,false,1,13.00,8.23,true,1,23705
38000183690,false,פרינגלס מידי ברביקיו,Unknown,,פרינגלס מידי ברביקיו,,71.00,100 גרם,false,1,6.00,8.45,true,1,19017
38000232152,false,פרינגלס ביג ברביקיו,Unknown,,פרינגלס ביג ברביקיו,,158.00,100 גרם,false,1,13.00,8.23,true,1,20697
38000232169,false,פרינגלס מידי אורגינל,Unknown,,פרינגלס מידי אורגינל,,67.00,100 גרם,false,1,6.00,8.96,true,1,20698
38000232176,false,פרינגלס ביג שמנת בצל,Unknown,,פרינגלס ביג שמנת בצל,,158.00,100 גרם,false,1,13.00,8.23,true,1,20699
38000232183,false,פרינגלס ביג אורגינל,Unknown,,פרינגלס ביג אורגינל,,149.00,100 גרם,false,1,13.00,8.72,true,1,20700
38000845253,false,פרינגלס מידי ש.בצל,Unknown,,פרינגלס מידי ש.בצל,,71.00,100 גרם,false,1,6.00,8.45,true,1,16888
38527591053,false,דגנים מרובעים קינמון,Unknown,,דגנים מרובעים קינמון,,411.00,100 גרם,false,1,23.90,5.82,true,1,22182
38527591060,false,קוואקר מרובעים בסוכר,Unknown,,קוואקר מרובעים בסוכר,,411.00,100 גרם,false,1,23.90,5.82,true,1,24067
40000513568,false,M&Ms שוקולד 156 גרם,Unknown,,M&Ms שוקולד 156 גרם,,156.00,100 גרם,false,1,14.90,9.55,false,1,25316
40000513582,false,M&Ms בוטנים 156 גרם,Unknown,,M&Ms בוטנים 156 גרם,,156.00,100 גרם,false,1,14.90,9.55,false,1,25314
40000514480,false,אמ אנד אמס שוקו,Unknown,,אמ אנד אמס שוקו,,47.78,100 גרם,false,1,6.50,13.60,true,1,17210
40000514510,false,אמ אנד אמס פינאט,Unknown,,אמ אנד אמס פינאט,,51.70,100 גרם,false,1,6.50,12.57,true,1,17148
40000555391,false,M&M בראוניז 40 גרם,Unknown,,M&M בראוניז 40 גרם,,40.00,100 גרם,false,1,6.50,16.25,true,1,24014
41570006726,false,בלו דיאמנד ש.מעושן,Unknown,,בלו דיאמנד ש.מעושן,,150.00,100 גרם,false,1,29.90,19.93,true,1,28085
41570071731,false,בלו דיאמנד ש.קלויים,Unknown,,בלו דיאמנד ש.קלויים,,150.00,100 גרם,false,1,29.90,19.93,true,1,28086
46214731552,false,עוגיות שוקולד ציפס,Unknown,,עוגיות שוקולד ציפס,,225.00,100 גרם,false,1,10.90,4.84,true,1,1106
50000429646,false,פנסי פיסט דג  85 גר,Unknown,,פנסי פיסט דג  85 גר,,85.00,100 גרם,false,1,7.50,8.82,true,1,27860
50000434640,false,פנסי פיסט נתחי עוף,Unknown,,פנסי פיסט נתחי עוף,,85.00,100 גרם,false,1,7.50,8.82,true,1,27859
51131978393,false,גל סופר גלו 4 גר,Unknown,,גל סופר גלו 4 גר,,4.00,100 גרם,false,1,20.00,500.00,true,1,17358
51135807514,false,סופר גלו 2 גר *4,Unknown,,סופר גלו 2 גר *4,,4.00,100 גרם,false,1,20.00,500.00,true,1,17359
64144090020,false,תרסיס שמן פאם זית,Unknown,,תרסיס שמן פאם זית,,148.00,100 גרם,false,1,20.90,14.12,true,1,24906
64144090051,false,תרסיס שמן פאם 148 מל,Unknown,,תרסיס שמן פאם 148 מל,,148.00,"100 מ""ל",false,1,22.00,14.86,true,1,24774
70382008949,false,מנקה שטיחים,Unknown,,מנקה שטיחים,,296.00,"100 מ""ל",false,1,74.00,25.00,false,1,21902
70382013905,false,מנקה שטיחים ור. בד,Unknown,,מנקה שטיחים ור. בד,,560.00,"100 מ""ל",false,1,74.90,13.38,false,1,22283
70382101237,false,מחדש פנסים נוזלי,Unknown,,מחדש פנסים נוזלי,,539.00,100 גרם,false,1,69.00,12.80,false,1,21903
70970471254,false,מייק&הייק פירות 141ג,Unknown,,מייק&הייק פירות 141ג,,141.00,100 גרם,false,1,12.90,9.15,true,1,20029
70970471261,false,מייק & הייק טרופי,Unknown,,מייק & הייק טרופי,,141.00,100 גרם,false,1,12.90,9.15,true,1,20487
70970471278,false,מייק אנד הייק פירות,Unknown,,מייק אנד הייק פירות,,141.00,100 גרם,false,1,12.90,9.15,true,1,20488
70970471285,false,בינס דובדבן אדום,Unknown,,בינס דובדבן אדום,,141.00,100 גרם,false,1,12.90,9.15,true,1,27899
70970471308,false,סוכריות בינס ענבים,Unknown,,סוכריות בינס ענבים,,141.00,100 גרם,false,1,12.90,9.15,true,1,27900
70970473562,false,מייק&הייק מגה מיקס,Unknown,,מייק&הייק מגה מיקס,,141.00,100 גרם,false,1,12.90,9.15,true,1,20030
70970473609,false,מייק&הייק מיקס חמוץ,Unknown,,מייק&הייק מיקס חמוץ,,141.00,100 גרם,false,1,12.90,9.15,true,1,21082
72600062306,false,הר חטיף גבינה 198 ג,Unknown,,הר חטיף גבינה 198 ג,,198.00,100 גרם,false,1,21.90,11.06,true,1,28097
72600062313,false,הר חטיף ג.כחולה 198,Unknown,,הר חטיף ג.כחולה 198,,198.00,100 גרם,false,1,21.90,11.06,true,1,28098
72600062320,false,הר ח.גבינה פיצה 198ג,Unknown,,הר ח.גבינה פיצה 198ג,,198.00,100 גרם,false,1,21.90,11.06,true,1,28099
74570004003,false,האגן דאז פיינט וניל,Unknown,,האגן דאז פיינט וניל,,473.00,"100 מ""ל",false,1,30.00,6.34,true,1,21811
74570024001,false,האגן דאז פיינט תות,Unknown,,האגן דאז פיינט תות,,473.00,"100 מ""ל",false,1,30.00,6.34,true,1,21816
74570174003,false,האגן דאז מקדמיה,Unknown,,האגן דאז מקדמיה,,473.00,"100 מ""ל",false,1,30.00,6.34,true,1,21812
74570274000,false,האגן דאז ק. עוגיות,Unknown,,האגן דאז ק. עוגיות,,473.00,"100 מ""ל",false,1,30.00,6.34,true,1,21813
74570610051,false,האגן דאז שוקולד בלגי,Unknown,,האגן דאז שוקולד בלגי,,473.00,"100 מ""ל",false,1,30.00,6.34,true,1,21814
74570703890,false,האגן דאז פרלינים,Unknown,,האגן דאז פרלינים,,473.00,"100 מ""ל",false,1,30.00,6.34,true,1,21809
74570950010,false,פיינט האגן עו גבינה,Unknown,,פיינט האגן עו גבינה,,473.00,"100 מ""ל",false,1,30.00,6.34,true,1,21815
76501324020,false,סט שלוש צידניות,Unknown,,סט שלוש צידניות,,0.00,,false,1,259.00,0.00,false,1,22113
76840000661,false,בן&גריס באטר ח.אפוי,Unknown,,בן&גריס באטר ח.אפוי,,473.00,"100 מ""ל",false,1,33.00,6.98,true,1,21818
76840001767,false,בן&גריס ake no bake,Unknown,,בן&גריס ake no bake,,423.00,100 גרם,false,1,31.00,7.33,true,1,21268
76840001774,false,בן&גריס בצק עוגיות,Unknown,,בן&גריס בצק עוגיות,,431.00,100 גרם,false,1,31.00,7.19,true,1,21269
76840002306,false,בן&גריס ח.ב.עוגיות,Unknown,,בן&גריס ח.ב.עוגיות,,227.00,100 גרם,false,1,24.90,10.97,true,1,22372
76840002351,false,בן&גריס גימי סמור,Unknown,,בן&גריס גימי סמור,,444.00,100 גרם,false,1,31.00,6.98,true,1,21935
76840002535,false,בן&גריס ח.חצי אפוי,Unknown,,בן&גריס ח.חצי אפוי,,180.00,100 גרם,false,1,24.90,13.83,true,1,22373
76840002542,false,פיינט חמאת בוטנים,Unknown,,פיינט חמאת בוטנים,,473.00,"100 מ""ל",false,1,31.00,6.55,true,1,21110
76840100125,false,בן&גריס צאבי האבי,Unknown,,בן&גריס צאבי האבי,,500.00,"100 מ""ל",false,1,31.00,6.20,true,1,14453
76840100156,false,בן&גריס צרי גרסיה,Unknown,,בן&גריס צרי גרסיה,,441.00,100 גרם,false,1,31.00,7.03,true,1,15823
76840100583,false,בן&גריס בצק עוגיות,Unknown,,בן&גריס בצק עוגיות,,500.00,"100 מ""ל",false,1,31.00,6.20,true,1,11604
76840100811,false,בן&גריס פינט באטר ק,Unknown,,בן&גריס פינט באטר ק,,500.00,"100 מ""ל",false,1,31.00,6.20,true,1,14459
76840100989,false,בן&גריס פיש פוד,Unknown,,בן&גריס פיש פוד,,473.00,"100 מ""ל",false,1,31.00,6.55,true,1,11602
76840101542,false,בן&גריס קרמל סוטרא,Unknown,,בן&גריס קרמל סוטרא,,441.00,100 גרם,false,1,31.00,7.03,true,1,13859
76840102051,false,פיינט קינמון באנס,Unknown,,פיינט קינמון באנס,,500.00,"100 מ""ל",false,1,31.00,6.20,true,1,14452
76840400027,false,בן&גריס פיינט שוקולד,Unknown,,בן&גריס פיינט שוקולד,,420.00,"100 מ""ל",false,1,31.00,7.38,true,1,11595
76840400218,false,בן&גריס גבינה ותות,Unknown,,בן&גריס גבינה ותות,,431.00,100 גרם,false,1,31.00,7.19,true,1,15045
76840620029,false,פיינט תות שדה כשלפ,Unknown,,פיינט תות שדה כשלפ,,500.00,"100 מ""ל",false,1,31.00,6.20,true,1,15824
76840620036,false,בן&גריס חצי אפוי,Unknown,,בן&גריס חצי אפוי,,433.00,100 גרם,false,1,31.00,7.16,true,1,18384
76840657841,false,סלייס בצק עוגיות,Unknown,,סלייס בצק עוגיות,,82.00,100 גרם,false,1,12.80,15.61,true,1,20770
77245110610,false,מאסט סוכר מנטה 80גר,Unknown,,מאסט סוכר מנטה 80גר,,80.00,100 גרם,false,1,10.50,13.12,true,1,2494
77975036976,false,מטבל ס.סניידרס עדין,Unknown,,מטבל ס.סניידרס עדין,,439.00,100 גרם,false,1,21.50,4.90,false,1,25848
77975036983,false,מטבל ס.סניידרס חריף,Unknown,,מטבל ס.סניידרס חריף,,439.00,100 גרם,false,1,21.50,4.90,false,1,25849
77975094006,false,סניידרס פרמזן ושום,Unknown,,סניידרס פרמזן ושום,,283.00,100 גרם,false,1,17.90,6.33,true,1,21111
77975094631,false,סניידרס צדר 226גר,Unknown,,סניידרס צדר 226גר,,226.00,100 גרם,false,1,17.90,7.92,true,1,21358
77975094761,false,סניידרס צדר,Unknown,,סניידרס צדר,,340.00,100 גרם,false,1,17.90,5.26,true,1,22160
77975094778,false,סניידרס דבש חרדל340,Unknown,,סניידרס דבש חרדל340,,340.00,100 גרם,false,1,17.90,5.26,true,1,22436
77975095157,false,סניידרס חלפיניו,Unknown,,סניידרס חלפיניו,,340.00,100 גרם,false,1,17.90,5.26,true,1,26971
77975095393,false,סניידרס פיקנטי,Unknown,,סניידרס פיקנטי,,283.00,100 גרם,false,1,17.90,6.33,true,1,26972
77975095409,false,סניידרס פרמזן ושום,Unknown,,סניידרס פרמזן ושום,,283.00,100 גרם,false,1,17.90,6.33,true,1,26973
80432402931,false,שיבאס ריגל 700 מל,Unknown,,שיבאס ריגל 700 מל,,700.00,"100 מ""ל",false,1,119.90,17.09,true,1,16058
80480015701,false,רום בקרדי 200,Unknown,,רום בקרדי 200,,200.00,"100 מ""ל",false,1,36.90,18.30,false,1,25957
80480280048,false,גריי גוס 200 מל,Unknown,,גריי גוס 200 מל,,200.00,"100 מ""ל",false,1,69.90,34.80,true,1,22346
80518532743,false,בלונים 50 יח,Unknown,,בלונים 50 יח,,0.00,,false,1,15.00,0.00,true,1,1287
82184090510,false,גק דניאלס 375 מל,Unknown,,גק דניאלס 375 מל,,375.00,"100 מ""ל",false,1,82.90,22.03,true,1,22330
91400000028,false,פ.ריח קל משב רוח ים,Unknown,,פ.ריח קל משב רוח ים,,0.00,,false,1,20.00,0.00,false,1,19609
91400000073,false,פחית קלפורניה דובדבן,Unknown,,פחית קלפורניה דובדבן,,0.00,,false,1,20.00,0.00,true,1,16543
91400000103,false,פחית ריח קליפ לימון,Unknown,,פחית ריח קליפ לימון,,0.00,,false,1,20.00,0.00,false,1,19610
91400000226,false,פחית קליפורניה מסטיק,Unknown,,פחית קליפורניה מסטיק,,0.00,,false,1,20.00,0.00,true,1,16542
91400000288,false,פחית ריח קליפו וניל,Unknown,,פחית ריח קליפו וניל,,0.00,,false,1,20.00,0.00,false,1,19611
91400001230,false,פחית ריח קליפ קוקוס,Unknown,,פחית ריח קליפ קוקוס,,0.00,,false,1,20.00,0.00,false,1,19612
91400001292,false,פחית ריח קל רכב חדש,Unknown,,פחית ריח קל רכב חדש,,0.00,,false,1,20.00,0.00,false,1,19613
91400032203,false,פחית ריח ק עשן נמוג,Unknown,,פחית ריח ק עשן נמוג,,0.00,,false,1,20.00,0.00,false,1,19614
91400032210,false,פ.ריח קל מבשם כביסה,Unknown,,פ.ריח קל מבשם כביסה,,0.00,,false,1,20.00,0.00,false,1,19615
91400032739,false,פחית ריח קליפו אייס,Unknown,,פחית ריח קליפו אייס,,0.00,,false,1,20.00,0.00,false,1,19616
97643083040,false,רוזמרי נוסטלגיה 100ג,Unknown,,רוזמרי נוסטלגיה 100ג,,100.00,100 גרם,false,1,13.90,13.90,true,1,27796
251071736388,false,פחמים לנרגילה,Unknown,,פחמים לנרגילה,,0.00,,false,1,5.00,0.00,false,1,16461
302206150016,false,ס.אלקטרוניות בלו ברי,Unknown,,ס.אלקטרוניות בלו ברי,,0.00,,false,1,99.00,0.00,false,1,28192
302206150023,false,ס.אלקטרוניות תות,Unknown,,ס.אלקטרוניות תות,,0.00,,false,1,99.00,0.00,false,1,28191
302206150030,false,ס.אלקטרוניות אבטיח,Unknown,,ס.אלקטרוניות אבטיח,,0.00,,false,1,99.00,0.00,false,1,28183
302206150047,false,ס.אלקטרוניות -ענבים,Unknown,,ס.אלקטרוניות -ענבים,,0.00,,false,1,99.00,0.00,false,1,28189
302206150054,false,ס.אלקטרוניות תפוח,Unknown,,ס.אלקטרוניות תפוח,,0.00,,false,1,99.00,0.00,false,1,28193
305210256712,false,וזלין מיני לשפתיים,Unknown,,וזלין מיני לשפתיים,,7.00,100 גרם,false,1,12.90,184.29,false,1,20352
402700001775,false,פרנסיסקנר פחית 500,Unknown,,פרנסיסקנר פחית 500,,500.00,"100 מ""ל",false,1,21.00,4.14,true,1,26762
608614253692,false,תמר מגהול 1 קג ארוז,Unknown,,תמר מגהול 1 קג ארוז,,1.00,"1 ק""ג",false,1,34.90,34.90,true,1,23411
608614307135,false,חסה סלנובה,Unknown,,חסה סלנובה,,1.00,יחידה,false,1,14.90,14.90,true,1,25799
608614310456,false,אוכמניות ליח,Unknown,,אוכמניות ליח,,125.00,100 גרם,false,1,19.90,15.92,true,1,23435
608614310654,false,ענב שחור בנספק,Unknown,,ענב שחור בנספק,,500.00,100 גרם,false,1,18.90,3.78,true,1,26970
608614311002,false,פטל,Unknown,,פטל,,1.00,יחידה,false,1,35.00,35.00,true,1,25800
608614324422,false,פולי קפה 500ג מולאטו,Unknown,,פולי קפה 500ג מולאטו,,500.00,100 גרם,false,1,39.00,7.80,true,1,20476
608614324439,false,פולי קפה 500ג ריקו,Unknown,,פולי קפה 500ג ריקו,,500.00,100 גרם,false,1,39.00,7.80,true,1,20477
611745285685,false,אבוקדו מוכן לאכילה,Unknown,,אבוקדו מוכן לאכילה,,500.00,100 גרם,false,1,15.90,3.18,true,1,24224
613008742348,false,אריזונה גינסנג ודבש,Unknown,,אריזונה גינסנג ודבש,,1.00,1 ליטר,false,1,10.90,10.60,true,1,22515
613008753290,false,אריזונה אפרסק,Unknown,,אריזונה אפרסק,,450.00,"100 מ""ל",false,1,9.90,2.13,true,1,19896
613008753320,false,אריזונה גינסנג דבש,Unknown,,אריזונה גינסנג דבש,,450.00,"100 מ""ל",false,1,9.90,2.13,true,1,19897
613008753382,false,אריזונה אוכמניות,Unknown,,אריזונה אוכמניות,,450.00,"100 מ""ל",false,1,9.90,2.13,true,1,19898
613008755461,false,אריזונה אוכמניות 1 ל,Unknown,,אריזונה אוכמניות 1 ל,,1.00,1 ליטר,false,1,10.90,10.60,true,1,22516
619659069193,false,דיסק און קי 32GB,Unknown,,דיסק און קי 32GB,,0.00,,false,1,35.00,0.00,true,1,13979
638102201010,false,זון קלאסיק ח.בוטנים,Unknown,,זון קלאסיק ח.בוטנים,,50.00,100 גרם,false,1,14.90,29.80,true,1,21066
638102203090,false,זון קלאסיק פאדג,Unknown,,זון קלאסיק פאדג,,50.00,100 גרם,false,1,14.90,29.80,true,1,21067
638102532817,false,זון דאבל שוקולד,Unknown,,זון דאבל שוקולד,,45.00,100 גרם,false,1,14.90,33.11,true,1,21068
638102582737,false,זון קלאסיק קינמון,Unknown,,זון קלאסיק קינמון,,50.00,100 גרם,false,1,14.90,29.80,true,1,21069
641938390711,false,פחם 2 קג הדר השרון,Unknown,,פחם 2 קג הדר השרון,,2.00,"1 ק""ג",false,1,20.00,10.00,true,1,20975
651080647519,false,קיסם חוט מנטה 36יח,Unknown,,קיסם חוט מנטה 36יח,,36.00,יחידה,false,1,13.90,0.39,false,1,24532
656874247340,false,סיגריה 5000 שאיפות,Unknown,,סיגריה 5000 שאיפות,,0.00,,false,1,99.90,0.00,false,1,27830
684678107522,false,גריל גז פיטבוס 2 מבע,Unknown,,גריל גז פיטבוס 2 מבע,,0.00,,false,1,1950.00,0.00,false,1,22778
693493057936,false,אבוקדו לאכילה יח,Unknown,,אבוקדו לאכילה יח,,500.00,100 גרם,false,1,14.90,2.98,true,1,23474
693493065344,false,פלפל גמדי טינקרבל,Unknown,,פלפל גמדי טינקרבל,,474.00,100 גרם,false,1,12.90,2.72,true,1,23424
693493065351,false,מלפפון בייבי ארוז,Unknown,,מלפפון בייבי ארוז,,474.00,100 גרם,false,1,12.90,2.72,true,1,23425
693493085809,false,מסיכות כירורגיות,Unknown,,מסיכות כירורגיות,,50.00,יחידה,false,1,19.90,0.40,false,1,21230
693493104685,false,מסיכות כירורגיות,Unknown,,מסיכות כירורגיות,,50.00,יחידה,false,1,19.90,0.40,false,1,21231
693493104692,false,מסיכות כירורגיות,Unknown,,מסיכות כירורגיות,,50.00,יחידה,false,1,19.90,0.40,false,1,21232
693493111218,false,המלבי של רויטל,Unknown,,המלבי של רויטל,,1.00,יחידה,false,1,7.50,7.50,false,1,26773
693493130837,true,מארז 5 בדיקות אנטיגן,Unknown,,מארז 5 בדיקות אנטיגן,,1.00,יחידה,false,,49.00,49.00,false,1,26196
693493158930,false,בירה POP UP 330לימון,Unknown,,בירה POP UP 330לימון,,330.00,"100 מ""ל",false,1,8.90,2.61,false,1,28173
716165174011,false,RAW נייר גדול ופילטר,Unknown,,RAW נייר גדול ופילטר,,0.00,,false,1,8.50,0.00,true,1,27665
716165174578,false,RAW קונוס 3 גדול,Unknown,,RAW קונוס 3 גדול,,0.00,,false,1,7.00,0.00,true,1,27668
716165176107,false,נייר בינוני ופילטר,Unknown,,נייר בינוני ופילטר,,0.00,,false,1,7.00,0.00,true,1,27667
716165177111,false,RAW קונוס 6 בינוני,Unknown,,RAW קונוס 6 בינוני,,0.00,,false,1,9.00,0.00,true,1,27669
716165202547,false,RAW נייר קטן ופילטר,Unknown,,RAW נייר קטן ופילטר,,0.00,,false,1,7.00,0.00,true,1,27666
721733000739,false,פטרון סילבר (כשר),Unknown,,פטרון סילבר (כשר),,700.00,"100 מ""ל",false,1,169.90,24.23,true,1,22456
726754770401,false,פילטר פחם 50pcs/box,Unknown,,פילטר פחם 50pcs/box,,0.00,,false,1,39.90,0.00,true,1,26905
726754770500,false,קונוס אחסון PUFFIZ,Unknown,,קונוס אחסון PUFFIZ,,0.00,,false,1,5.00,0.00,true,1,26906
726754770944,false,PUFFIZ Rolling מגש,Unknown,,PUFFIZ Rolling מגש,,0.00,,false,1,14.90,0.00,true,1,26907
726754770951,false,שקיות אחסון 3.5גרם,Unknown,,שקיות אחסון 3.5גרם,,0.00,,false,1,4.00,0.00,true,1,26908
728229123590,false,טרה ירקות שורש 110ג,Unknown,,טרה ירקות שורש 110ג,,110.00,100 גרם,false,1,16.90,15.36,true,1,7852
728229123811,false,טרה ציפס ים תיכוני,Unknown,,טרה ציפס ים תיכוני,,110.00,100 גרם,false,1,16.90,15.36,true,1,12082
728229124795,false,טרה בטטה 110 גרם,Unknown,,טרה בטטה 110 גרם,,110.00,100 גרם,false,1,16.90,15.36,true,1,26555
728229130444,false,טרה ירקות שורש,Unknown,,טרה ירקות שורש,,110.00,100 גרם,false,1,16.90,15.36,true,1,24781
729010501138,false,כרובית ארוזה,Unknown,,כרובית ארוזה,,1.00,יחידה,false,1,19.90,19.90,true,1,25811
729010653689,false,לקט לסלט אסייתי,Unknown,,לקט לסלט אסייתי,,1.00,יחידה,false,1,14.90,14.90,true,1,25727
732494000500,false,קרטורס פופקורן קרמל,Unknown,,קרטורס פופקורן קרמל,,277.00,100 גרם,false,1,24.90,8.99,true,1,28158
732494000524,false,קרטורס פופקורן גבינה,Unknown,,קרטורס פופקורן גבינה,,213.00,100 גרם,false,1,24.90,11.69,true,1,28159
734896879883,true,קלפי משחק איכותיים,Unknown,,קלפי משחק איכותיים,,0.00,,false,,19.90,0.00,true,1,26084
734896881183,true,מצוף ספגטי,Unknown,,מצוף ספגטי,,0.00,,false,,19.90,0.00,false,1,27013
736140140725,false,ופורייזר,Unknown,,ופורייזר,,0.00,,false,1,399.90,0.00,true,1,26912
736140161508,false,PUFFIZ Single Wide,Unknown,,PUFFIZ Single Wide,,0.00,,false,1,6.00,0.00,true,1,26913
736140161522,false,PUFFIZ 1¼ נייר גלגול,Unknown,,PUFFIZ 1¼ נייר גלגול,,0.00,,false,1,6.00,0.00,true,1,26914
736140161546,false,PUFFIZ King Size,Unknown,,PUFFIZ King Size,,0.00,,false,1,6.00,0.00,true,1,26915
736140161560,false,נייר גלגול + פילטר,Unknown,,נייר גלגול + פילטר,,0.00,,false,1,10.00,0.00,true,1,26916
736140161584,false,Tips ניר גלגול+פילטר,Unknown,,Tips ניר גלגול+פילטר,,0.00,,false,1,10.00,0.00,true,1,26917
736140161607,false,PUFFIZ Tips Wide,Unknown,,PUFFIZ Tips Wide,,0.00,,false,1,5.00,0.00,true,1,26918
736140161997,false,גריינדר פאפיז 75 ממ,Unknown,,גריינדר פאפיז 75 ממ,,0.00,,false,1,29.90,0.00,true,1,26919
736140162000,false,גריינדר פאפיז 40 ממ,Unknown,,גריינדר פאפיז 40 ממ,,0.00,,false,1,26.90,0.00,true,1,26920
736140162079,false,קופסת אחסון פלסטיק,Unknown,,קופסת אחסון פלסטיק,,0.00,,false,1,10.00,0.00,true,1,26921
753182231761,false,בלו משקה אנרגיה זירו,Unknown,,בלו משקה אנרגיה זירו,,250.00,"100 מ""ל",false,1,5.00,1.88,true,1,11743
768404001640,false,בן&גריס פיינט קפה,Unknown,,בן&גריס פיינט קפה,,420.00,"100 מ""ל",false,1,31.00,7.38,true,1,15864
786150000274,false,לף בראון בק 330 מל,Unknown,,לף בראון בק 330 מל,,330.00,"100 מ""ל",false,1,13.00,3.85,true,1,26752
786150000281,false,לף בראון*6 330 מל,Unknown,,לף בראון*6 330 מל,,1.98,1 ליטר,false,1,49.90,24.29,true,1,26753
810607023551,false,פופקורנרס צילי מתוק,Unknown,,פופקורנרס צילי מתוק,,28.00,100 גרם,false,1,9.90,35.36,true,1,27815
835811005322,false,פחם דרום אמריקאי 2ק,Unknown,,פחם דרום אמריקאי 2ק,,2.00,"1 ק""ג",false,1,21.90,10.95,true,1,13522
835811005728,false,עלים לקרמשניט,Unknown,,עלים לקרמשניט,,400.00,100 גרם,false,1,24.00,6.00,true,1,24867
838948005968,false,שניידרס גלילים 200ג,Unknown,,שניידרס גלילים 200ג,,200.00,100 גרם,false,1,11.90,5.95,true,1,27802
838948006798,false,שניידרס לקריץ 200ג,Unknown,,שניידרס לקריץ 200ג,,200.00,100 גרם,false,1,11.90,5.95,true,1,27801
839762002379,false,איילנד מנגו 350 מל,Unknown,,איילנד מנגו 350 מל,,350.00,"100 מ""ל",false,1,9.90,2.74,true,1,11643
839762002386,false,איילנד גויאבה 350מל,Unknown,,איילנד גויאבה 350מל,,350.00,"100 מ""ל",false,1,9.90,2.74,true,1,11626
842387000736,false,מטען רכב GALAXY,Unknown,,מטען רכב GALAXY,,0.00,,false,1,44.90,0.00,true,1,18696
850004207789,false,מיטבולס ביונד מיט,Unknown,,מיטבולס ביונד מיט,,290.00,100 גרם,false,1,34.90,12.03,false,1,26403
851621000050,false,בלאנק בירה 1664 6יח,Unknown,,בלאנק בירה 1664 6יח,,1.98,1 ליטר,false,1,64.90,31.87,true,1,26608
852629004750,false,נקנקיות חריפות ביונד,Unknown,,נקנקיות חריפות ביונד,,400.00,100 גרם,false,1,39.90,9.98,false,1,26404
852629004774,false,נקנקיות ביונד מיט*4,Unknown,,נקנקיות ביונד מיט*4,,400.00,100 גרם,false,1,39.90,9.98,false,1,26405
855074007086,false,טנא פלפלונים,Unknown,,טנא פלפלונים,,1.00,יחידה,false,1,11.90,11.90,true,1,25495
856591000062,false,עבאדי ע.מלוחות 400גר,Unknown,,עבאדי ע.מלוחות 400גר,,400.00,100 גרם,false,1,20.50,5.12,true,1,5178
856591000109,false,עבאדי פריך במיוחד400,Unknown,,עבאדי פריך במיוחד400,,400.00,100 גרם,false,1,20.50,5.12,true,1,13137
856591000574,false,עבאדי חטיפים 40ג,Unknown,,עבאדי חטיפים 40ג,,40.00,100 גרם,false,1,4.90,12.25,true,1,16056
888849010103,false,מ.חלבון QUEST ק.מלוח,Unknown,,מ.חלבון QUEST ק.מלוח,,330.00,"100 מ""ל",false,1,19.90,6.03,true,1,24055
893594002051,false,פופקורנרס גבינת צדר,Unknown,,פופקורנרס גבינת צדר,,28.00,100 גרם,false,1,9.90,35.36,true,1,27814
893594002068,false,פופקורנרס מלח ים,Unknown,,פופקורנרס מלח ים,,28.00,100 גרם,false,1,9.90,35.36,true,1,27789
944683366159,false,ערמונים קלופים ליח,Unknown,,ערמונים קלופים ליח,,100.00,100 גרם,false,1,7.90,7.90,true,1,23441
1230000068116,false,המבורגר טבעוני ביונד,Unknown,,המבורגר טבעוני ביונד,,226.00,100 גרם,false,1,34.90,15.44,false,1,26341
1230000068314,false,בשר טחון ביונד מיט,Unknown,,בשר טחון ביונד מיט,,300.00,100 גרם,false,1,36.90,12.30,false,1,26342
1724826114510,false,סטון וואלי זינפנדל,Unknown,,סטון וואלי זינפנדל,,750.00,"100 מ""ל",false,1,52.90,7.01,false,1,25879
1724826154516,false,סטון וואלי קברנה,Unknown,,סטון וואלי קברנה,,750.00,"100 מ""ל",false,1,52.90,7.01,false,1,25880
2900179949705,false,אפרסק פיתה יח,Unknown,,אפרסק פיתה יח,,700.00,100 גרם,false,1,24.90,3.56,false,1,27661
2900179949873,false,נקטרינה פיתה יח,Unknown,,נקטרינה פיתה יח,,700.00,100 גרם,false,1,24.90,3.56,false,1,27662
3014260246693,false,גילט סימפלי ונוס,Unknown,,גילט סימפלי ונוס,,4.00,יחידה,false,1,9.90,2.48,true,1,28243
3014260287030,false,גילט 2 חמישייה,Unknown,,גילט 2 חמישייה,,4.00,100 גרם,false,1,9.90,247.50,true,1,9717
3014260289287,false,בלו 2 סכינים לנשים5י,Unknown,,בלו 2 סכינים לנשים5י,,5.00,יחידה,false,1,15.90,3.18,true,1,24997
3017621821669,false,פררו 200 גרם,Unknown,,פררו 200 גרם,,200.00,100 גרם,false,1,24.90,12.45,true,1,27919
3030050153552,false,מסיר שיער אלחוטי גוף,Unknown,,מסיר שיער אלחוטי גוף,,0.00,,false,1,199.00,0.00,false,1,22056
3046920010047,false,לינדט אקסלנס 100ג,Unknown,,לינדט אקסלנס 100ג,,100.00,100 גרם,false,1,16.90,16.90,true,1,27460
3046920028004,false,לינדט אקסלנס 70%,Unknown,,לינדט אקסלנס 70%,,100.00,100 גרם,false,1,19.90,19.90,true,1,24345
3046920028363,false,לינדט אקסלנס 85%,Unknown,,לינדט אקסלנס 85%,,100.00,100 גרם,false,1,19.90,19.90,true,1,24346
3046920029674,false,לינדט אקסלנס סולט,Unknown,,לינדט אקסלנס סולט,,100.00,100 גרם,false,1,19.90,19.90,true,1,24752
3046920029759,false,לינדט אקסלנס 90%,Unknown,,לינדט אקסלנס 90%,,100.00,100 גרם,false,1,16.90,16.90,true,1,27462
3059943015128,false,ספריי נטול גז לבנדר,Unknown,,ספריי נטול גז לבנדר,,345.00,"100 מ""ל",false,1,14.00,4.06,true,1,24515
3068320014067,false,אויאן מים 750,Unknown,,אויאן מים 750,,750.00,"100 מ""ל",false,1,9.90,1.28,true,1,27086
3068320055008,false,אויאן מים 500,Unknown,,אויאן מים 500,,500.00,"100 מ""ל",false,1,10.90,2.12,true,1,27118
3073780828628,false,גבינת בייבי בל אדום,Unknown,,גבינת בייבי בל אדום,,120.00,100 גרם,false,1,19.90,16.58,true,1,26150
3086123128323,false,מצת מעוצב BIC-בודד,Unknown,,מצת מעוצב BIC-בודד,,1.00,יחידה,false,1,7.00,7.00,true,1,22657
3120581456267,false,שבלי מ.דה ליני יבש,Unknown,,שבלי מ.דה ליני יבש,,750.00,"100 מ""ל",false,1,109.90,14.61,true,1,22327
3120581458759,false,דה ליני יין לבן יבש,Unknown,,דה ליני יין לבן יבש,,750.00,"100 מ""ל",false,1,79.90,10.61,false,1,25947
3138522089306,false,אוהל 4 פתיחה מהירה,Unknown,,אוהל 4 פתיחה מהירה,,0.00,,false,1,599.00,0.00,false,1,22060
3142640618102,false,מאס דה לה סורס,Unknown,,מאס דה לה סורס,,750.00,"100 מ""ל",false,1,79.90,10.61,false,1,25884
3142640618867,false,סטורי פרובנס כשר,Unknown,,סטורי פרובנס כשר,,750.00,"100 מ""ל",false,1,99.90,13.28,false,1,25885
3161911229199,false,חמאה רכה 250 גרם,Unknown,,חמאה רכה 250 גרם,,250.00,100 גרם,false,1,19.90,7.96,true,1,905
3161911366429,false,חמאה רכה מלוחה 250ג,Unknown,,חמאה רכה מלוחה 250ג,,250.00,100 גרם,false,1,19.90,7.96,true,1,906
3175460000017,false,גבינה שום ע.תיבול,Unknown,,גבינה שום ע.תיבול,,150.00,100 גרם,false,1,19.90,13.27,true,1,26151
3175460000062,false,גבינת עם פלפל 40%,Unknown,,גבינת עם פלפל 40%,,150.00,100 גרם,false,1,19.90,13.27,true,1,26152
3175460000864,false,גבינת טבעית 150 גרם,Unknown,,גבינת טבעית 150 גרם,,150.00,100 גרם,false,1,19.90,13.27,true,1,26153
3175460030083,false,גבינה עם בצל ועירית,Unknown,,גבינה עם בצל ועירית,,150.00,100 גרם,false,1,19.90,13.27,true,1,26154
3179730011024,false,פרייה 330 מל,Unknown,,פרייה 330 מל,,330.00,"100 מ""ל",false,1,9.00,2.64,true,1,16581
3254550033217,false,גבינת ברי 220 גרם,Unknown,,גבינת ברי 220 גרם,,220.00,100 גרם,false,1,33.90,15.41,true,1,26155
3254550033279,false,גבינת קממבר 250ג,Unknown,,גבינת קממבר 250ג,,250.00,100 גרם,false,1,33.90,13.56,true,1,26156
3272770003148,false,שברוקס ג.עיזים 150ג,Unknown,,שברוקס ג.עיזים 150ג,,150.00,100 גרם,false,1,21.90,14.60,true,1,26157
3296324219007,false,דומיין ברון דה רוטש,Unknown,,דומיין ברון דה רוטש,,750.00,"100 מ""ל",false,1,109.90,14.61,false,1,25886
3387390320244,false,פיטנס פירות,Unknown,,פיטנס פירות,,375.00,100 גרם,false,1,26.90,7.17,true,1,25627
3387390525960,false,קראנץ דגנים 500 גר,Unknown,,קראנץ דגנים 500 גר,,500.00,100 גרם,false,1,26.90,5.38,true,1,13022
3387390730852,false,פיטנס דגנים 375גר,Unknown,,פיטנס דגנים 375גר,,375.00,100 גרם,false,1,26.90,7.17,true,1,25628
3415581114126,false,פיינט האגן קרמל+מלח,Unknown,,פיינט האגן קרמל+מלח,,396.00,100 גרם,false,1,30.00,7.58,false,1,21819
3415581117110,false,פיינט האגן ביס קרמל,Unknown,,פיינט האגן ביס קרמל,,398.00,100 גרם,false,1,30.00,7.54,false,1,21820
3415581187113,false,האגן דאז קרמל,Unknown,,האגן דאז קרמל,,473.00,"100 מ""ל",false,1,30.00,6.34,true,1,21810
3415587149924,false,האגן דאז בראוני,Unknown,,האגן דאז בראוני,,386.00,100 גרם,false,1,30.00,7.77,true,1,21821
3415587400186,false,שלגון האגן דאז מקדמ,Unknown,,שלגון האגן דאז מקדמ,,104.50,100 גרם,false,1,13.90,13.30,true,1,19539
3415587403057,false,האגן דאז שלגון,Unknown,,האגן דאז שלגון,,70.00,100 גרם,false,1,13.90,19.86,true,1,21766
3415587404054,false,שלגון האגן שוק ושקד,Unknown,,שלגון האגן שוק ושקד,,104.50,100 גרם,false,1,13.90,13.30,true,1,19540
3415587405181,false,שלגון האגן תות שדה,Unknown,,שלגון האגן תות שדה,,104.50,100 גרם,false,1,13.90,13.30,true,1,19541
3417840007590,false,שרייה סאנסר כשר,Unknown,,שרייה סאנסר כשר,,750.00,"100 מ""ל",false,1,109.90,14.61,false,1,25887
3451790940217,false,חמאה אלוויר גורמה,Unknown,,חמאה אלוויר גורמה,,250.00,100 גרם,false,1,18.90,7.56,true,1,26042
3451790940729,false,חמאה מלוחה אלוויר,Unknown,,חמאה מלוחה אלוויר,,250.00,100 גרם,false,1,18.90,7.56,true,1,26043
3523230016230,false,גבינת קממבר 240ג,Unknown,,גבינת קממבר 240ג,,240.00,100 גרם,false,1,21.90,9.12,true,1,26174
3523230025638,false,גבינת עיזים ב.טבעי,Unknown,,גבינת עיזים ב.טבעי,,125.00,100 גרם,false,1,21.90,17.52,true,1,26175
3523230025652,false,גבינת מ.בושה שום,Unknown,,גבינת מ.בושה שום,,125.00,100 גרם,false,1,20.90,16.72,true,1,26176
3523230026826,false,גבינת עיזים למריחה,Unknown,,גבינת עיזים למריחה,,140.00,100 גרם,false,1,22.90,16.36,true,1,26177
3523230026888,false,גבינת עיזים פירמידה,Unknown,,גבינת עיזים פירמידה,,200.00,100 גרם,false,1,22.90,11.45,true,1,26178
3523230032278,false,גבינת עיזים למריחה,Unknown,,גבינת עיזים למריחה,,150.00,100 גרם,false,1,19.90,13.27,true,1,26179
3525490011093,false,לה זאמל שרדונה,Unknown,,לה זאמל שרדונה,,750.00,"100 מ""ל",false,1,69.90,9.28,false,1,25889
3525490011109,false,יין לה זאמל רוזה,Unknown,,יין לה זאמל רוזה,,750.00,"100 מ""ל",false,1,69.90,9.28,false,1,25890
3525490011116,false,לה זאמל קברנה,Unknown,,לה זאמל קברנה,,750.00,"100 מ""ל",false,1,69.90,9.28,false,1,25891
3574660089547,false,או בה נורמל,Unknown,,או בה נורמל,,32.00,יחידה,false,1,36.50,1.14,true,1,15978
3574660239973,false,או בה פרו קומפ נורמ,Unknown,,או בה פרו קומפ נורמ,,32.00,יחידה,false,1,37.50,1.17,true,1,12192
3574660333466,false,טמפונים או בה סופר,Unknown,,טמפונים או בה סופר,,32.00,יחידה,false,1,37.50,1.17,true,1,24432
3574661359885,false,טמפוני אובה  32יח,Unknown,,טמפוני אובה  32יח,,32.00,יחידה,false,1,37.50,1.17,true,1,24755
3574661485201,false,או בה סופר פלוס,Unknown,,או בה סופר פלוס,,32.00,יחידה,false,1,36.50,1.14,true,1,28251
3574661485218,false,או בה קו.נורמל 32 יח,Unknown,,או בה קו.נורמל 32 יח,,32.00,יחידה,false,1,37.50,1.17,true,1,28250
3760125946719,false,רוזה אור פרובאנס,Unknown,,רוזה אור פרובאנס,,750.00,"100 מ""ל",false,1,70.00,9.29,true,1,22531
3760235771003,false,דומיין בומון פטיט,Unknown,,דומיין בומון פטיט,,750.00,"100 מ""ל",false,1,99.90,13.28,false,1,25895
3760235771010,false,דומיין בומון שאבלי,Unknown,,דומיין בומון שאבלי,,750.00,"100 מ""ל",false,1,109.90,14.61,false,1,25896
3800020418130,false,קיט קט קרמל מלוח 42,Unknown,,קיט קט קרמל מלוח 42,,42.00,100 גרם,false,1,6.90,16.43,true,1,21439
3800020423578,false,קיט קט צאנקי 40גר,Unknown,,קיט קט צאנקי 40גר,,40.00,100 גרם,false,1,6.90,17.25,true,1,10700
3800020472712,false,קיט קט צ.פופקורן,Unknown,,קיט קט צ.פופקורן,,42.00,100 גרם,false,1,6.90,16.43,true,1,23090
3800020491393,false,קיט קט צאנקי,Unknown,,קיט קט צאנקי,,41.50,100 גרם,false,1,6.90,16.63,true,1,21784
3800034965965,false,פחית ריח מגוון ריחות,Unknown,,פחית ריח מגוון ריחות,,0.00,,false,1,12.90,0.00,true,1,16042
3800034967181,false,מקלות בישום לרכב,Unknown,,מקלות בישום לרכב,,0.00,,false,1,16.90,0.00,false,1,17624
4000417022004,false,ריטר חלב צ.אגוזים,Unknown,,ריטר חלב צ.אגוזים,,100.00,100 גרם,false,1,6.90,6.90,true,1,7400
4000417025005,false,ריטר מרציפן,Unknown,,ריטר מרציפן,,100.00,100 גרם,false,1,6.90,6.90,true,1,7392
4000417026002,false,ריטר פרלין,Unknown,,ריטר פרלין,,100.00,100 גרם,false,1,6.90,6.90,true,1,7401
4000417101211,false,אמיצלי 150 גרם,Unknown,,אמיצלי 150 גרם,,150.00,100 גרם,false,1,14.90,9.93,true,1,25340
4000417101310,false,אמיצלי קקאו ש.חלב,Unknown,,אמיצלי קקאו ש.חלב,,150.00,100 גרם,false,1,10.90,7.27,true,1,28182
4000417222008,false,ריטר חלב אגוזים,Unknown,,ריטר חלב אגוזים,,100.00,100 גרם,false,1,6.90,6.90,true,1,27624
4000539363108,false,לינדור סטיק 38ג,Unknown,,לינדור סטיק 38ג,,38.00,100 גרם,false,1,6.90,18.16,true,1,27465
4001686101148,false,הריבו ליקריץ סלילים,Unknown,,הריבו ליקריץ סלילים,,200.00,100 גרם,false,1,12.90,6.45,true,1,27278
4001686208076,false,הריבו ליקריץ חתול,Unknown,,הריבו ליקריץ חתול,,200.00,100 גרם,false,1,12.90,6.45,true,1,27279
4001686216125,false,הריבו ליקריץ מלוח,Unknown,,הריבו ליקריץ מלוח,,200.00,100 גרם,false,1,12.90,6.45,true,1,27280
4001686265239,false,הריבו ליקריץ פיראטים,Unknown,,הריבו ליקריץ פיראטים,,200.00,100 גרם,false,1,12.90,6.45,true,1,27281
4001686270530,false,הריבו פירות ליקריץ,Unknown,,הריבו פירות ליקריץ,,200.00,100 גרם,false,1,12.90,6.45,true,1,27282
4001686324837,false,הריבו מצופה סוכר 200,Unknown,,הריבו מצופה סוכר 200,,200.00,100 גרם,false,1,12.90,6.45,true,1,27283
4001686324851,false,הריבו גומי קולה 200ג,Unknown,,הריבו גומי קולה 200ג,,200.00,100 גרם,false,1,12.90,6.45,true,1,27284
4001686324875,false,הריבו טבעות 200ג,Unknown,,הריבו טבעות 200ג,,200.00,100 גרם,false,1,12.90,6.45,true,1,27285
4001686332023,false,הריבו דרדסים 200ג,Unknown,,הריבו דרדסים 200ג,,200.00,100 גרם,false,1,12.90,6.45,true,1,27286
4001686343333,false,הריבו גומי ב.קרו,Unknown,,הריבו גומי ב.קרו,,175.00,100 גרם,false,1,12.90,7.37,true,1,27287
4001686345306,false,הריבו קורקודיל חמוץ,Unknown,,הריבו קורקודיל חמוץ,,200.00,100 גרם,false,1,12.90,6.45,true,1,27288
4001686345337,false,הריבו גומי טעמים 200,Unknown,,הריבו גומי טעמים 200,,200.00,100 גרם,false,1,12.90,6.45,true,1,27289
4001686359013,false,הריבו ספגטי תות,Unknown,,הריבו ספגטי תות,,200.00,100 גרם,false,1,12.90,6.45,true,1,27290
4001686359037,false,הריבו ספגטי קולה,Unknown,,הריבו ספגטי קולה,,200.00,100 גרם,false,1,12.90,6.45,true,1,27291
4001686359051,false,הריבו ספגטי תפוח,Unknown,,הריבו ספגטי תפוח,,200.00,100 גרם,false,1,12.90,6.45,true,1,27292
4001686359822,false,הריבו פסטה פרוטה,Unknown,,הריבו פסטה פרוטה,,175.00,100 גרם,false,1,12.90,7.37,true,1,27293
4001686374191,false,הריבו גומי רך 175ג,Unknown,,הריבו גומי רך 175ג,,175.00,100 גרם,false,1,12.90,7.37,true,1,27294
4001686392515,false,הריבו פ.פירות יער,Unknown,,הריבו פ.פירות יער,,175.00,100 גרם,false,1,12.90,7.37,true,1,27295
4001686392553,false,הריבו פ.לימון 175ג,Unknown,,הריבו פ.לימון 175ג,,175.00,100 גרם,false,1,12.90,7.37,true,1,27296
4001686392645,false,הריבו פ.יוגורט,Unknown,,הריבו פ.יוגורט,,175.00,100 גרם,false,1,12.90,7.37,true,1,27297
4001686393581,false,הריבו קקאו 175 ג,Unknown,,הריבו קקאו 175 ג,,175.00,100 גרם,false,1,12.90,7.37,true,1,27298
4002590000022,false,קלפני פירות יער,Unknown,,קלפני פירות יער,,150.00,100 גרם,false,1,12.00,8.00,true,1,5482
4002590000046,false,קלפני מרענן 150 גר,Unknown,,קלפני מרענן 150 גר,,150.00,100 גרם,false,1,12.00,8.00,true,1,330
4002590000633,false,קלפני פירות 150 גר,Unknown,,קלפני פירות 150 גר,,150.00,100 גרם,false,1,12.00,8.00,true,1,332
4005808650002,false,לבלו שפתון כחול,Unknown,,לבלו שפתון כחול,,4.80,100 גרם,false,1,13.90,289.58,true,1,17988
4005808650712,false,לבלו שפתון דובדבן,Unknown,,לבלו שפתון דובדבן,,4.80,100 גרם,false,1,13.90,289.58,true,1,21694
4006396046932,false,טבק לגלגול אורגני,Unknown,,טבק לגלגול אורגני,,0.00,,false,1,70.00,0.00,false,1,28073
4006396046963,false,מניטו פיין ירוק אורג,Unknown,,מניטו פיין ירוק אורג,,0.00,,false,1,70.00,0.00,false,1,28174
4008400170428,false,פררו רושה לב,Unknown,,פררו רושה לב,,0.00,,false,1,19.90,0.00,true,1,25492
4008400230726,false,ביצת הפתעה מקסי בנים,Unknown,,ביצת הפתעה מקסי בנים,,100.00,100 גרם,false,1,27.90,27.90,true,1,26548
4008400284620,false,קינדר שוקובון 46 גר,Unknown,,קינדר שוקובון 46 גר,,46.00,100 גרם,false,1,6.90,15.00,true,1,18969
4008400290126,false,קינדר פינגווי בודד,Unknown,,קינדר פינגווי בודד,,30.00,100 גרם,false,1,5.00,16.67,true,1,22362
4009900379564,false,הובה בובה טייפ פירות,Unknown,,הובה בובה טייפ פירות,,71.00,100 גרם,false,1,8.50,11.97,true,1,6959
4009900402965,false,אורביט וויט פירות בק,Unknown,,אורביט וויט פירות בק,,80.00,100 גרם,false,1,13.00,16.25,true,1,14473
4009900403023,false,אורביט וויט מנטה בקב,Unknown,,אורביט וויט מנטה בקב,,80.00,100 גרם,false,1,13.00,16.25,true,1,14472
4009900406918,false,הובה בובה טריפל מיקס,Unknown,,הובה בובה טריפל מיקס,,71.00,100 גרם,false,1,8.50,11.97,true,1,9435
4009900420129,false,אורביט פפרמינט בקבוק,Unknown,,אורביט פפרמינט בקבוק,,80.00,100 גרם,false,1,13.00,16.25,true,1,19584
4009900426039,false,איירוייז אקליפטוס בק,Unknown,,איירוייז אקליפטוס בק,,64.00,100 גרם,false,1,13.00,20.31,true,1,17463
4009900426121,false,איירוויז אוכמניות בק,Unknown,,איירוויז אוכמניות בק,,64.00,100 גרם,false,1,13.00,20.31,true,1,17448
4009900479998,false,אורביט אוכמניות בקבו,Unknown,,אורביט אוכמניות בקבו,,80.00,100 גרם,false,1,13.00,16.25,true,1,16822
4009900482417,false,אורביט באבל מינט בקב,Unknown,,אורביט באבל מינט בקב,,80.00,100 גרם,false,1,13.00,16.25,true,1,14652
4009900500166,false,סקיטלס פירות בבקבוק,Unknown,,סקיטלס פירות בבקבוק,,137.00,100 גרם,false,1,12.00,8.76,true,1,17570
4009900512329,false,פייב בוקס ספירימנט,Unknown,,פייב בוקס ספירימנט,,82.00,100 גרם,false,1,13.00,15.85,true,1,16987
4009900512350,false,פייב בוקס אבטיח,Unknown,,פייב בוקס אבטיח,,82.00,100 גרם,false,1,13.00,15.85,true,1,16988
4009900514996,false,אורביט תות בקבוקון,Unknown,,אורביט תות בקבוקון,,80.00,100 גרם,false,1,13.00,16.25,true,1,17449
4009900523288,false,פייב בוקס תות,Unknown,,פייב בוקס תות,,82.00,100 גרם,false,1,13.00,15.85,true,1,18324
4009900525138,false,א. וויט תות בקבוקון,Unknown,,א. וויט תות בקבוקון,,80.00,100 גרם,false,1,13.00,16.25,true,1,20457
4009900531122,false,אורביט ספירמינט בקבק,Unknown,,אורביט ספירמינט בקבק,,80.00,100 גרם,false,1,13.00,16.25,true,1,19585
4009900534581,false,איירוויז דובדבן בקב,Unknown,,איירוויז דובדבן בקב,,64.00,100 גרם,false,1,13.00,20.31,false,1,20654
4009900534611,false,איירוויז מלון ומנטה,Unknown,,איירוויז מלון ומנטה,,64.00,100 גרם,false,1,13.00,20.31,false,1,20655
4009900535519,false,אורביט רפרשרס,Unknown,,אורביט רפרשרס,,20.00,100 גרם,false,1,5.50,27.50,true,1,21787
4009900535540,false,אורביט רפרשרס,Unknown,,אורביט רפרשרס,,20.00,100 גרם,false,1,5.50,27.50,true,1,21789
4009900535823,false,אורביט רפרשרס,Unknown,,אורביט רפרשרס,,20.00,100 גרם,false,1,5.50,27.50,true,1,21792
4009900536257,false,אורביט רפרשרס,Unknown,,אורביט רפרשרס,,50.00,100 גרם,false,1,14.90,29.80,true,1,21793
4009900536288,false,אורביט רפרשרס,Unknown,,אורביט רפרשרס,,50.00,100 גרם,false,1,14.90,29.80,true,1,21795
4009900536486,false,אורביט רפרשרס,Unknown,,אורביט רפרשרס,,50.00,100 גרם,false,1,14.90,29.80,true,1,21797
4009900539401,false,פייב באונס מנטה HP,Unknown,,פייב באונס מנטה HP,,14.40,100 גרם,false,1,6.00,41.67,true,1,26854
4009900539432,false,פייב באונס אבטיח HP,Unknown,,פייב באונס אבטיח HP,,14.40,100 גרם,false,1,6.00,41.67,true,1,26855
4009900539685,false,פייב באונס מנטה בק,Unknown,,פייב באונס מנטה בק,,61.80,100 גרם,false,1,14.90,24.11,true,1,27126
4009900539746,false,פייב באונס אבטיח בק,Unknown,,פייב באונס אבטיח בק,,61.80,100 גרם,false,1,14.90,24.11,true,1,27127
4009900540551,false,אורביט ר.טרופיקל,Unknown,,אורביט ר.טרופיקל,,67.00,100 גרם,false,1,14.90,22.24,true,1,25341
4011800617615,false,קורני ביג שוקו 50,Unknown,,קורני ביג שוקו 50,,50.00,100 גרם,false,1,7.50,15.00,true,1,20538
4011800617714,false,קורני ביג שוקו בננה,Unknown,,קורני ביג שוקו בננה,,50.00,100 גרם,false,1,7.50,15.00,true,1,20539
4011800617813,false,קורני ביג בראוני,Unknown,,קורני ביג בראוני,,50.00,100 גרם,false,1,7.50,15.00,true,1,20540
4011800617912,false,קורני ביג נאטס,Unknown,,קורני ביג נאטס,,50.00,100 גרם,false,1,7.50,15.00,true,1,20541
4011800618216,false,קורני ביג מילק,Unknown,,קורני ביג מילק,,50.00,100 גרם,false,1,7.50,15.00,true,1,20542
4011800618315,false,קורני ביג דארק&וואיט,Unknown,,קורני ביג דארק&וואיט,,50.00,100 גרם,false,1,7.50,15.00,true,1,20543
4011800628512,false,קורני שוקולד חלב-6יח,Unknown,,קורני שוקולד חלב-6יח,,150.00,100 גרם,false,1,12.00,8.00,false,1,15139
4011800630515,false,קורני  שוקול בננה 6י,Unknown,,קורני  שוקול בננה 6י,,150.00,100 גרם,false,1,12.00,8.00,false,1,15140
4011800633516,false,קורני ש.מריר6יח-מארז,Unknown,,קורני ש.מריר6יח-מארז,,138.00,100 גרם,false,1,12.00,8.70,true,1,16824
4014400901191,false,מרסי בונבונירה 250ג,Unknown,,מרסי בונבונירה 250ג,,250.00,100 גרם,false,1,34.50,13.80,true,1,779
4014400901405,false,מרסי חלב 250 גר,Unknown,,מרסי חלב 250 גר,,250.00,100 גרם,false,1,34.50,13.80,true,1,9317
4014400904376,false,סוכריות שוקולדן 325,Unknown,,סוכריות שוקולדן 325,,325.00,100 גרם,false,1,19.90,6.12,true,1,7176
4014400907902,false,וורטר אורגינל בקופסא,Unknown,,וורטר אורגינל בקופסא,,42.00,100 גרם,false,1,9.00,21.43,true,1,11664
4014400910063,false,וורטר סוכריות 135,Unknown,,וורטר סוכריות 135,,135.00,100 גרם,false,1,13.50,10.00,true,1,18214
4014400914696,false,וורטר סוכ ל.סוכר 80ג,Unknown,,וורטר סוכ ל.סוכר 80ג,,80.00,100 גרם,false,1,12.50,15.62,true,1,13565
4014400920857,false,וורטס  שוקולד ללס,Unknown,,וורטס  שוקולד ללס,,70.00,100 גרם,false,1,12.50,17.86,true,1,20126
4014400923711,false,טופיפי 125 גר.,Unknown,,טופיפי 125 גר.,,125.00,100 גרם,false,1,17.70,14.16,true,1,17467
4014400925319,false,וורטר פופקורן,Unknown,,וורטר פופקורן,,140.00,100 גרם,false,1,17.90,12.79,true,1,21808
4015400563747,false,מגן תחתון אולוויז,Unknown,,מגן תחתון אולוויז,,60.00,יחידה,false,1,23.90,0.40,true,1,24756
4015400564034,false,מגן אולוויז מגהפק לו,Unknown,,מגן אולוויז מגהפק לו,,58.00,יחידה,false,1,21.90,0.38,false,1,24516
4015400564324,false,מגן תחתון אולוויז,Unknown,,מגן תחתון אולוויז,,52.00,יחידה,false,1,23.90,0.46,true,1,24757
4015400564454,false,מגן אולוויז מגה פק L,Unknown,,מגן אולוויז מגה פק L,,0.00,,false,1,21.90,0.00,false,1,24517
4015400690313,false,טמפקס קומפאק רגולר,Unknown,,טמפקס קומפאק רגולר,,18.00,יחידה,false,1,25.90,1.44,true,1,20246
4015400731719,false,א.תחבושות לילה חדש,Unknown,,א.תחבושות לילה חדש,,20.00,יחידה,false,1,23.90,1.20,true,1,17176
4015400746812,false,מגן אולוויז מגה פק N,Unknown,,מגן אולוויז מגה פק N,,80.00,יחידה,false,1,21.90,0.27,false,1,24518
4015400755241,false,ת.אולוויז פלוס 28 יח,Unknown,,ת.אולוויז פלוס 28 יח,,28.00,יחידה,false,1,23.90,0.85,true,1,17143
4015400755487,false,ת.אולוויז פלוס 24 יח,Unknown,,ת.אולוויז פלוס 24 יח,,24.00,יחידה,false,1,23.90,1.00,true,1,17144
4015400824725,false,טמפקס פלאש סופר,Unknown,,טמפקס פלאש סופר,,30.00,יחידה,false,1,30.50,1.02,true,1,27528
4015600762742,false,שמפו הד&שולדרס קלאסי,Unknown,,שמפו הד&שולדרס קלאסי,,500.00,"100 מ""ל",false,1,23.90,4.78,false,1,22194
4015600762780,false,שמפו ה&ש 2ב1 הקלאסי,Unknown,,שמפו ה&ש 2ב1 הקלאסי,,500.00,"100 מ""ל",false,1,23.90,4.78,false,1,24519
4015600762940,false,ה&ש שמפו תפוח 500 מל,Unknown,,ה&ש שמפו תפוח 500 מל,,500.00,"100 מ""ל",false,1,23.90,4.78,true,1,24758
4015600763022,false,ה&ש שמפו משי 500,Unknown,,ה&ש שמפו משי 500,,500.00,"100 מ""ל",false,1,23.90,4.78,true,1,24759
4022025001905,false,בלו ווין,Unknown,,בלו ווין,,750.00,"100 מ""ל",false,1,70.00,9.29,true,1,21806
4022025002025,false,בלו נאן מבעבע גולד,Unknown,,בלו נאן מבעבע גולד,,200.00,"100 מ""ל",false,1,27.90,13.80,false,1,25342
4022025002254,false,בלו נאן רוזה 24K,Unknown,,בלו נאן רוזה 24K,,200.00,"100 מ""ל",false,1,27.90,13.80,false,1,25343
4022025261002,false,בלו ווין גוורצטרמינר,Unknown,,בלו ווין גוורצטרמינר,,750.00,"100 מ""ל",false,1,60.00,7.96,true,1,21770
4022025262436,false,בלו נאן כשר 250מל,Unknown,,בלו נאן כשר 250מל,,250.00,"100 מ""ל",false,1,27.90,11.04,false,1,25344
4025700001962,false,מילקה שוקולד לבן 100,Unknown,,מילקה שוקולד לבן 100,,100.00,100 גרם,false,1,7.90,7.90,true,1,23831
4030600227473,false,דוידוף קלאסיק OCB,Unknown,,דוידוף קלאסיק OCB,,0.00,,false,1,35.00,0.00,false,1,20393
4030600227503,false,דוידוף גולד OCB,Unknown,,דוידוף גולד OCB,,0.00,,false,1,35.00,0.00,false,1,20394
4030600228562,false,דוידוף סלימס גולד,Unknown,,דוידוף סלימס גולד,,0.00,,false,1,35.00,0.00,false,1,20395
4032900104508,false,אל.די סופרסלימס כחול,Unknown,,אל.די סופרסלימס כחול,,0.00,,false,1,27.00,0.00,false,1,21191
4032900104515,false,אל די סופר סלימס*10,Unknown,,אל די סופר סלימס*10,,0.00,,false,1,265.00,0.00,false,1,21192
4032900111292,false,וינסטון קומפקט כחול,Unknown,,וינסטון קומפקט כחול,,0.00,,false,1,29.50,0.00,false,1,19951
4032900111308,false,וינסטון קומפקט סילבר,Unknown,,וינסטון קומפקט סילבר,,0.00,,false,1,29.00,0.00,false,1,19952
4032900111315,false,וינסטון ק.סילבר פאקט,Unknown,,וינסטון ק.סילבר פאקט,,0.00,,false,1,285.00,0.00,false,1,19956
4032900111322,false,וינסטון קומפ. כחול פ,Unknown,,וינסטון קומפ. כחול פ,,0.00,,false,1,285.00,0.00,false,1,19957
4032900112824,false,כאמל קומפקט תכלת בהי,Unknown,,כאמל קומפקט תכלת בהי,,0.00,,false,1,28.50,0.00,false,1,19958
4032900112831,false,כאמל ק.תכלת פאקט,Unknown,,כאמל ק.תכלת פאקט,,0.00,,false,1,275.00,0.00,false,1,19959
4032900112862,false,כאמל ק.כחול פאקט,Unknown,,כאמל ק.כחול פאקט,,0.00,,false,1,275.00,0.00,false,1,19960
4032900112879,false,כאמל קומפקט כהה,Unknown,,כאמל קומפקט כהה,,0.00,,false,1,28.50,0.00,false,1,19961
4032900124193,false,כאמל צהוב ארוך,Unknown,,כאמל צהוב ארוך,,0.00,,false,1,32.00,0.00,false,1,20782
4032900124209,false,כאמל צהוב ארוך,Unknown,,כאמל צהוב ארוך,,0.00,,false,1,310.00,0.00,false,1,20783
4032900124254,false,וינסטון קומפקט ברי,Unknown,,וינסטון קומפקט ברי,,0.00,,false,1,29.50,0.00,false,1,21161
4032900124261,false,וינסטון קומפקט*10,Unknown,,וינסטון קומפקט*10,,0.00,,false,1,285.00,0.00,false,1,21162
4032900128108,false,טבק נרגילה תפוח 60,Unknown,,טבק נרגילה תפוח 60,,0.00,,false,1,45.00,0.00,false,1,21194
4033100003493,false,וינסטון סלימס כ.פאקט,Unknown,,וינסטון סלימס כ.פאקט,,0.00,,false,1,330.00,0.00,false,1,16788
4033100003530,false,וינסטון ס.סלימס מנטו,Unknown,,וינסטון ס.סלימס מנטו,,0.00,,false,1,330.00,0.00,false,1,16789
4033100013348,false,אל.די ארוך,Unknown,,אל.די ארוך,,0.00,,false,1,29.00,0.00,false,1,11546
4033100013355,false,LD 100 פאקט כחול,Unknown,,LD 100 פאקט כחול,,0.00,,false,1,280.00,0.00,false,1,11620
4033100014468,false,אל.די אדום,Unknown,,אל.די אדום,,0.00,,false,1,29.00,0.00,false,1,11545
4033100014475,false,פאקט אל די אדום,Unknown,,פאקט אל די אדום,,0.00,,false,1,280.00,0.00,false,1,11549
4033100014499,false,אל.די כחול חפיסה,Unknown,,אל.די כחול חפיסה,,0.00,,false,1,29.00,0.00,false,1,11544
4033100014505,false,פאקט אל די כחול,Unknown,,פאקט אל די כחול,,0.00,,false,1,280.00,0.00,false,1,11548
4033100014529,false,אל די סלימס חפיסה,Unknown,,אל די סלימס חפיסה,,0.00,,false,1,27.00,0.00,false,1,11547
4033100014536,false,פאקט אל די סלים,Unknown,,פאקט אל די סלים,,0.00,,false,1,265.00,0.00,false,1,14132
4033100014642,false,כאמל שחור פאקט,Unknown,,כאמל שחור פאקט,,0.00,,false,1,310.00,0.00,false,1,16790
4033100014666,false,כאמל לבן פאקט,Unknown,,כאמל לבן פאקט,,0.00,,false,1,310.00,0.00,false,1,16791
4033100024146,false,וינסטון קוד-חפיסה,Unknown,,וינסטון קוד-חפיסה,,0.00,,false,1,32.00,0.00,false,1,14082
4033100024153,false,וינסטון קוד-פאקט,Unknown,,וינסטון קוד-פאקט,,0.00,,false,1,310.00,0.00,false,1,14084
4033100024252,false,וינסטון אקווה חפיסה,Unknown,,וינסטון אקווה חפיסה,,0.00,,false,1,32.00,0.00,false,1,14083
4033100024269,false,וינסטון קוד אקווה -פ,Unknown,,וינסטון קוד אקווה -פ,,0.00,,false,1,310.00,0.00,false,1,14085
4033100038914,false,טבק כאמל צהוב,Unknown,,טבק כאמל צהוב,,0.00,,false,1,84.00,0.00,false,1,15021
4033100046490,false,וינסטון אקווה ארוך,Unknown,,וינסטון אקווה ארוך,,0.00,,false,1,32.00,0.00,false,1,14842
4033100046506,false,וינסטון קוד אקווה-פא,Unknown,,וינסטון קוד אקווה-פא,,0.00,,false,1,310.00,0.00,false,1,14843
4033100047350,false,טבק כאמל כחול,Unknown,,טבק כאמל כחול,,0.00,,false,1,84.00,0.00,false,1,15022
4033100064036,false,וינסטון כחול טבק,Unknown,,וינסטון כחול טבק,,0.00,,false,1,81.00,0.00,false,1,16286
4043058008778,false,אמריקן ספיריט כ. טבק,Unknown,,אמריקן ספיריט כ. טבק,,0.00,,false,1,85.00,0.00,false,1,15109
4043058010412,false,אמריקן ספיריט צ. טבק,Unknown,,אמריקן ספיריט צ. טבק,,0.00,,false,1,85.00,0.00,true,1,17765
4050328191924,false,ענב ירוק ארוז ייבוא,Unknown,,ענב ירוק ארוז ייבוא,,500.00,100 גרם,false,1,18.90,3.78,true,1,25621
4066600999614,false,ב.בירה פאולנר 500 מל,Unknown,,ב.בירה פאולנר 500 מל,,500.00,"100 מ""ל",false,1,18.00,3.54,true,1,26389
4067700014856,false,ייגרמייסטר-חדש,Unknown,,ייגרמייסטר-חדש,,500.00,"100 מ""ל",false,1,69.90,13.92,true,1,17416
4084500088917,false,פיירי לימון 650 מל,Unknown,,פיירי לימון 650 מל,,650.00,"100 מ""ל",false,1,12.90,1.98,true,1,21348
4084500371453,false,אבקת טייד אלפיין,Unknown,,אבקת טייד אלפיין,,8.00,"1 ק""ג",false,1,68.00,8.50,true,1,24520
4105120623941,false,ויינשטפן בק חפ500מל,Unknown,,ויינשטפן בק חפ500מל,,500.00,"100 מ""ל",false,1,17.90,3.52,true,1,26549
4260399984503,false,מדליק פחם מוצק,Unknown,,מדליק פחם מוצק,,0.00,,false,1,7.00,0.00,false,1,27978
4600659010854,false,וודקה סטולי 700,Unknown,,וודקה סטולי 700,,700.00,100 גרם,false,1,74.90,10.66,true,1,12070
4600680013800,false,קיט קט זברה 4 אצבעות,Unknown,,קיט קט זברה 4 אצבעות,,0.00,,false,1,6.90,0.00,true,1,23093
4602486002071,false,וודקה בלנקאיה גולד,Unknown,,וודקה בלנקאיה גולד,,700.00,"100 מ""ל",false,1,69.90,9.94,true,1,22559
4603400000043,false,וודקה רוסקי סטנדרט,Unknown,,וודקה רוסקי סטנדרט,,700.00,"100 מ""ל",false,1,87.90,12.51,true,1,14909
4603400001521,false,רוסקי סטנדרט 200 מל,Unknown,,רוסקי סטנדרט 200 מל,,200.00,"100 מ""ל",false,1,34.90,17.30,false,1,16481
4603928000976,false,וודקה בלוגה 700 מל,Unknown,,וודקה בלוגה 700 מל,,700.00,"100 מ""ל",false,1,165.00,23.53,true,1,22444
4607109409619,false,פיניש טבל מדיח 25יח,Unknown,,פיניש טבל מדיח 25יח,,25.00,יחידה,false,1,30.00,1.20,true,1,23641
4710068001692,false,מאסטר קפה לאטה,Unknown,,מאסטר קפה לאטה,,250.00,"100 מ""ל",false,1,10.90,4.36,true,1,15357
4710068001715,false,מאסטר ק.טירמיסו,Unknown,,מאסטר ק.טירמיסו,,250.00,"100 מ""ל",false,1,10.90,4.36,true,1,15359
4710068001739,false,מאסטר קפה קולומביאני,Unknown,,מאסטר קפה קולומביאני,,250.00,"100 מ""ל",false,1,10.90,4.36,true,1,15358
4710068002798,false,מאסטר קפה וניל,Unknown,,מאסטר קפה וניל,,250.00,"100 מ""ל",false,1,10.00,4.00,true,1,20028
4710068003313,false,מאסטר קפה אמריקנו,Unknown,,מאסטר קפה אמריקנו,,250.00,"100 מ""ל",false,1,10.90,4.24,true,1,22383
4714739000106,false,מראה פנימית,Unknown,,מראה פנימית,,0.00,,false,1,39.00,0.00,true,1,17357
4750021000904,false,סטולי פרימיום 200,Unknown,,סטולי פרימיום 200,,200.00,"100 מ""ל",false,1,29.90,14.80,false,1,27820
4750021005725,false,סטולי כשלפ ל.גלוטן,Unknown,,סטולי כשלפ ל.גלוטן,,700.00,100 גרם,false,1,89.90,12.80,true,1,18402
4800888150080,false,דאב ד.רול און מ.,Unknown,,דאב ד.רול און מ.,,50.00,"100 מ""ל",false,1,26.90,53.80,true,1,14468
4800888219534,false,דאב סטיק אוריגינל,Unknown,,דאב סטיק אוריגינל,,50.00,100 גרם,false,1,23.90,47.80,false,1,23821
4823077613630,false,ש.רושן קרם ברולה,Unknown,,ש.רושן קרם ברולה,,43.00,100 גרם,false,1,5.00,11.63,true,1,27246
4823077617041,false,רושן ממולה ק.קרמל,Unknown,,רושן ממולה ק.קרמל,,43.00,100 גרם,false,1,5.00,11.63,true,1,27247
4823077621635,false,וופל רושן בטעם חלב,Unknown,,וופל רושן בטעם חלב,,72.00,100 גרם,false,1,5.00,6.94,true,1,27249
4823077621642,false,וופל רושן שוקולד,Unknown,,וופל רושן שוקולד,,72.00,100 גרם,false,1,5.00,6.94,true,1,27250
4823077621659,false,וופל רושן בטעם אגוז,Unknown,,וופל רושן בטעם אגוז,,72.00,100 גרם,false,1,5.00,6.94,true,1,27251
4823077625145,false,בובונבוניירה ל.שרי,Unknown,,בובונבוניירה ל.שרי,,155.00,100 גרם,false,1,19.90,12.84,true,1,27920
4823077632259,false,חטיף ש.רושן בוטנים,Unknown,,חטיף ש.רושן בוטנים,,43.00,100 גרם,false,1,5.00,11.63,true,1,27248
4823077632396,false,וופל רושן קקאו חלב,Unknown,,וופל רושן קקאו חלב,,72.00,100 גרם,false,1,5.00,6.94,true,1,27252
4823077633690,false,בונבוניירה ו.רושן,Unknown,,בונבוניירה ו.רושן,,150.00,100 גרם,false,1,19.90,13.27,true,1,27921
4891228430092,false,שיק אקסטרים3 ס.גילוח,Unknown,,שיק אקסטרים3 ס.גילוח,,4.00,יחידה,false,1,24.00,6.00,true,1,24761
4895060592307,false,פלורידה נטורל בקבוק,Unknown,,פלורידה נטורל בקבוק,,43.00,100 גרם,false,1,9.90,23.02,true,1,6981
4895151823518,false,מצת ZENGAS,Unknown,,מצת ZENGAS,,0.00,,false,1,16.90,0.00,false,1,28222
4903001904192,false,יאמאסה פרמיום 500,Unknown,,יאמאסה פרמיום 500,,500.00,"100 מ""ל",false,1,29.90,5.98,true,1,24900
5000157143365,false,מתבל מיונז וקטשופ,Unknown,,מתבל מיונז וקטשופ,,425.00,"100 מ""ל",false,1,15.90,3.74,true,1,24763
5000159376655,false,סקיטלס פירות 38 גר,Unknown,,סקיטלס פירות 38 גר,,39.00,100 גרם,false,1,4.00,10.26,true,1,14476
5000159376792,false,סקיטלס חמוץ 38 גר,Unknown,,סקיטלס חמוץ 38 גר,,39.00,100 גרם,false,1,4.00,10.26,true,1,14477
5000159407236,false,מרס חטיף  51 גר,Unknown,,מרס חטיף  51 גר,,51.73,100 גרם,false,1,6.50,12.57,true,1,9445
5000159414197,false,מלטיזרס 135 גרם,Unknown,,מלטיזרס 135 גרם,,135.00,100 גרם,false,1,17.90,13.26,true,1,27392
5000159452977,false,מיני מיקס חטיפי מארס,Unknown,,מיני מיקס חטיפי מארס,,400.00,100 גרם,false,1,24.90,6.22,true,1,24764
5000159459228,false,טוויקס 50 גר,Unknown,,טוויקס 50 גר,,50.84,100 גרם,false,1,6.50,12.79,true,1,14497
5000159460866,false,חטיף מארס  XL,Unknown,,חטיף מארס  XL,,51.00,100 גרם,false,1,11.50,22.55,true,1,27618
5000159460880,false,חטיף סניקרס  XL,Unknown,,חטיף סניקרס  XL,,60.50,100 גרם,false,1,11.50,19.01,true,1,27619
5000159461122,false,סניקרס חטיף שוקולד50,Unknown,,סניקרס חטיף שוקולד50,,50.73,100 גרם,false,1,6.50,12.81,true,1,14498
5000159472760,false,טוויקס מ.בשקית 170ג,Unknown,,טוויקס מ.בשקית 170ג,,170.00,100 גרם,false,1,9.90,5.82,true,1,27799
5000159473200,false,באונטי מ.בשקית 170ג,Unknown,,באונטי מ.בשקית 170ג,,170.00,100 גרם,false,1,9.90,5.82,true,1,27798
5000159473866,false,סניקרס מ.שקית 170ג,Unknown,,סניקרס מ.שקית 170ג,,170.00,100 גרם,false,1,9.90,5.82,true,1,27797
5000159474771,false,מרס מיני בשקית 170ג,Unknown,,מרס מיני בשקית 170ג,,170.00,100 גרם,false,1,9.90,5.82,true,1,27800
5000159483049,false,חטיף באונטי  XL,Unknown,,חטיף באונטי  XL,,51.60,100 גרם,false,1,11.50,22.29,true,1,27620
5000159484640,false,חטיף טוויקס   XL,Unknown,,חטיף טוויקס   XL,,51.00,100 גרם,false,1,11.50,22.55,true,1,27621
5000159486972,false,טוויקס לבן,Unknown,,טוויקס לבן,,48.00,100 גרם,false,1,6.50,13.54,true,1,17064
5000159509671,false,חטיף סניקרס לבן XL,Unknown,,חטיף סניקרס לבן XL,,60.50,100 גרם,false,1,11.50,19.01,true,1,27622
5000159541152,false,טוויקס לבן,Unknown,,טוויקס לבן,,48.00,100 גרם,false,1,6.50,13.54,true,1,25130
5000168199245,false,ש.חלב עם קרמל מלוח,Unknown,,ש.חלב עם קרמל מלוח,,90.00,100 גרם,false,1,17.90,19.89,true,1,27501
5000213000359,false,בירה גינס בק 330 מל,Unknown,,בירה גינס בק 330 מל,,330.00,"100 מ""ל",false,1,19.90,5.94,true,1,26551
5000219009295,false,פאל מאל אדום ארוך פ,Unknown,,פאל מאל אדום ארוך פ,,0.00,,false,1,297.00,0.00,false,1,14702
5000219023772,false,פאל מאל כחול סטרים,Unknown,,פאל מאל כחול סטרים,,0.00,,false,1,297.00,0.00,false,1,14901
5000219120112,false,פאל מאל א.סטרים,Unknown,,פאל מאל א.סטרים,,0.00,,false,1,297.00,0.00,false,1,16363
5000267014203,false,גוני ווקר אדום 700,Unknown,,גוני ווקר אדום 700,,700.00,"100 מ""ל",false,1,89.90,12.80,false,1,4227
5000267014234,false,גוני ווקר אדום 700,Unknown,,גוני ווקר אדום 700,,700.00,"100 מ""ל",false,1,89.90,12.80,false,1,21773
5000267024202,false,גוני ווקר שחור 700,Unknown,,גוני ווקר שחור 700,,700.00,"100 מ""ל",false,1,169.00,24.10,false,1,16606
5000267024233,false,גוני ווקר שחור 700,Unknown,,גוני ווקר שחור 700,,700.00,"100 מ""ל",false,1,169.00,24.10,false,1,21686
5000267171579,false,גוני ווקר אדום 200,Unknown,,גוני ווקר אדום 200,,200.00,"100 מ""ל",false,1,40.00,19.85,true,1,21149
5000267171654,false,גוני ווקר שחור 200,Unknown,,גוני ווקר שחור 200,,200.00,"100 מ""ל",false,1,60.00,29.85,true,1,21148
5000289925440,false,גין גורדון 700 מל,Unknown,,גין גורדון 700 מל,,700.00,"100 מ""ל",false,1,99.90,14.23,true,1,22560
5000394098756,false,דורסל 6 סוללות AA +P,Unknown,,דורסל 6 סוללות AA +P,,0.00,,false,1,22.00,0.00,false,1,19478
5000394098886,false,דורסל 6סוללות AAA +P,Unknown,,דורסל 6סוללות AAA +P,,0.00,,false,1,22.00,0.00,false,1,19479
5000394140820,false,דורסל שישיות AA פלוס,Unknown,,דורסל שישיות AA פלוס,,0.00,,false,1,22.00,0.00,false,1,23095
5000394140851,false,דורסל רביעיות AAפלוס,Unknown,,דורסל רביעיות AAפלוס,,0.00,,false,1,9.90,0.00,false,1,27393
5000394141117,false,דורסל רביעיות AAA פ,Unknown,,דורסל רביעיות AAA פ,,0.00,,false,1,9.90,0.00,false,1,27394
5000394141209,false,דורסל שישיות AAA +,Unknown,,דורסל שישיות AAA +,,0.00,,false,1,22.00,0.00,false,1,22945
5010103943024,false,גיי אנד בי 200 מל,Unknown,,גיי אנד בי 200 מל,,200.00,"100 מ""ל",false,1,40.00,19.85,true,1,21147
5010106113493,false,וויסקי בלנטיינס 200,Unknown,,וויסקי בלנטיינס 200,,200.00,"100 מ""ל",false,1,36.90,18.30,true,1,22328
5010232964211,false,דורקס Extra Safe 12,Unknown,,דורקס Extra Safe 12,,12.00,יחידה,false,1,49.90,4.16,true,1,11558
5010232964228,false,דורקס Thin Feel 12,Unknown,,דורקס Thin Feel 12,,12.00,יחידה,false,1,49.90,4.16,true,1,11555
5010232967588,false,Durex extra safe,Unknown,,Durex extra safe,,0.00,,false,1,20.00,0.00,true,1,5818
5010327000046,false,וויסקי גרנטס 700,Unknown,,וויסקי גרנטס 700,,700.00,"100 מ""ל",false,1,102.00,14.53,true,1,850
5010327208107,false,גרנטס 200 מל,Unknown,,גרנטס 200 מל,,200.00,"100 מ""ל",false,1,29.90,14.80,false,1,27724
5010677551281,false,בקרדי בריזר לימון275,Unknown,,בקרדי בריזר לימון275,,275.00,"100 מ""ל",false,1,18.90,6.76,true,1,301
5010677551397,false,בקרדי בריזר ליים,Unknown,,בקרדי בריזר ליים,,275.00,"100 מ""ל",false,1,18.90,6.76,true,1,4601
5010677552387,false,בקרדי בריזר אננס 275,Unknown,,בקרדי בריזר אננס 275,,275.00,"100 מ""ל",false,1,18.90,6.76,true,1,303
5010677554398,false,בקרדי בריזר אבטיח275,Unknown,,בקרדי בריזר אבטיח275,,275.00,"100 מ""ל",false,1,18.90,6.76,true,1,304
5010677850100,false,וודקה גרייגוס 700מל,Unknown,,וודקה גרייגוס 700מל,,700.00,"100 מ""ל",false,1,165.00,23.53,false,1,19894
5011007003005,false,וויסקי גיימסון,Unknown,,וויסקי גיימסון,,700.00,"100 מ""ל",false,1,139.90,19.94,true,1,10251
5011417577011,false,Durex Ultra Thin,Unknown,,Durex Ultra Thin,,0.00,,false,1,49.90,0.00,true,1,28175
5014271300429,false,מעדן פרי משמש,Unknown,,מעדן פרי משמש,,284.00,100 גרם,false,1,21.90,7.71,true,1,912
5014271310428,false,מעדן דובדבנים שחורים,Unknown,,מעדן דובדבנים שחורים,,284.00,100 גרם,false,1,21.90,7.71,true,1,3323
5014271350424,false,מעדן ארבעה פירות,Unknown,,מעדן ארבעה פירות,,284.00,100 גרם,false,1,21.90,7.71,true,1,1923
5014271360423,false,סנדלפור תפוז ל.סוכר,Unknown,,סנדלפור תפוז ל.סוכר,,284.00,100 גרם,false,1,23.00,8.10,true,1,3325
5014271400426,false,מעדן פרי תות שדה,Unknown,,מעדן פרי תות שדה,,284.00,100 גרם,false,1,21.90,7.71,true,1,3327
5014379009972,false,באדוויזר פחית 500 מל,Unknown,,באדוויזר פחית 500 מל,,500.00,"100 מ""ל",false,1,17.00,3.34,true,1,25073
5024546366609,false,ויסקי לאודרס 0.7,Unknown,,ויסקי לאודרס 0.7,,700.00,"100 מ""ל",false,1,89.90,12.80,true,1,22561
5029053032658,false,ממחטות קלינקס,Unknown,,ממחטות קלינקס,,8.00,יחידה,false,1,11.00,1.38,true,1,24610
5029053510811,false,קוטקס תחבושות נורמל,Unknown,,קוטקס תחבושות נורמל,,30.00,יחידה,false,1,22.90,0.76,true,1,24304
5029053510828,false,תחבושות קוטקס סופר,Unknown,,תחבושות קוטקס סופר,,22.00,יחידה,false,1,22.90,1.04,true,1,24303
5029053523446,false,תחבושות קוטקס נייט,Unknown,,תחבושות קוטקס נייט,,20.00,יחידה,false,1,22.90,1.14,true,1,24305
5029053535227,false,קוטקס טמפון עם מוליך,Unknown,,קוטקס טמפון עם מוליך,,16.00,יחידה,false,1,27.90,1.74,false,1,24461
5029053575575,false,מגבונים,Unknown,,מגבונים,,24.00,יחידה,false,1,12.90,0.54,true,1,24766
5029053576114,false,גל הייגיני,Unknown,,גל הייגיני,,220.00,"100 מ""ל",false,1,23.00,10.45,true,1,24767
5035766044772,false,סיידר תפוחים *4,Unknown,,סיידר תפוחים *4,,1.32,1 ליטר,false,1,44.90,33.11,true,1,15631
5038483207949,false,דורקס  Intimate Feel,Unknown,,דורקס  Intimate Feel,,12.00,יחידה,false,1,49.90,4.16,true,1,18551
5038483574386,false,דורקס Thin Feel,Unknown,,דורקס Thin Feel,,12.00,יחידה,false,1,20.00,1.67,true,1,10639
5038483574416,false,דורקס Extra Safe,Unknown,,דורקס Extra Safe,,12.00,יחידה,false,1,20.00,1.67,true,1,10437
5038483578780,false,דורקס Intimate Feel,Unknown,,דורקס Intimate Feel,,12.00,יחידה,false,1,20.00,1.67,true,1,12824
5038483683248,false,Durex Pleasure,Unknown,,Durex Pleasure,,0.00,,false,1,20.00,0.00,true,1,28176
5038483867198,false,Fetherlite Ultra 3,Unknown,,Fetherlite Ultra 3,,0.00,,false,1,20.00,0.00,true,1,28177
5052197045215,false,Durex Extra Safe 12,Unknown,,Durex Extra Safe 12,,0.00,,false,1,49.90,0.00,true,1,28178
5053744535265,false,ש.משקפות מבוגרים,Unknown,,ש.משקפות מבוגרים,,0.00,,false,1,99.00,0.00,false,1,22410
5056357900925,false,סניקרס פרוטאין,Unknown,,סניקרס פרוטאין,,57.00,100 גרם,false,1,17.90,31.40,true,1,21911
5056357901427,false,ח.חלבון m&m שוקולד,Unknown,,ח.חלבון m&m שוקולד,,51.00,100 גרם,false,1,17.90,35.10,true,1,24016
5056357901441,false,ח.חלבון m&m בוטנים,Unknown,,ח.חלבון m&m בוטנים,,51.00,100 גרם,false,1,17.90,35.10,true,1,24017
5056357903834,false,באונטי מ.חלבון 52ג,Unknown,,באונטי מ.חלבון 52ג,,52.00,100 גרם,false,1,17.90,34.42,true,1,26891
5060122034401,false,משקה מרס 350 מל,Unknown,,משקה מרס 350 מל,,350.00,"100 מ""ל",false,1,13.90,3.97,true,1,27793
5060122034487,false,משקה באונטי 350 מל,Unknown,,משקה באונטי 350 מל,,350.00,"100 מ""ל",false,1,13.90,3.97,true,1,27794
5060122036849,false,משקה סניקרס 350 מל,Unknown,,משקה סניקרס 350 מל,,350.00,"100 מ""ל",false,1,13.90,3.97,true,1,27795
5060221201391,false,גרנייד קרמל 60 גרם,Unknown,,גרנייד קרמל 60 גרם,,60.00,100 גרם,false,1,17.90,29.83,true,1,27395
5060221201575,false,ח.חלבון גרנייד ק.עוג,Unknown,,ח.חלבון גרנייד ק.עוג,,60.00,100 גרם,false,1,17.90,29.83,true,1,24018
5060221201605,false,ח.חלבון גרנייד פאדג,Unknown,,ח.חלבון גרנייד פאדג,,60.00,100 גרם,false,1,17.90,29.83,true,1,24019
5060221201810,false,גרנייד ש.לבן 60ג,Unknown,,גרנייד ש.לבן 60ג,,60.00,100 גרם,false,1,17.90,29.83,true,1,27396
5060221203753,false,ח.חלבון גרנייד בוטן,Unknown,,ח.חלבון גרנייד בוטן,,60.00,100 גרם,false,1,17.90,29.83,true,1,24020
5060221203937,false,גרנייד שוקוציפס 60ג,Unknown,,גרנייד שוקוציפס 60ג,,60.00,100 גרם,false,1,17.90,29.83,true,1,27397
5060221206860,false,ח.חלבון גרנייד קרמל,Unknown,,ח.חלבון גרנייד קרמל,,60.00,100 גרם,false,1,17.90,29.83,true,1,24021
5060317322122,false,מ.חלבון קרמל מלוח,Unknown,,מ.חלבון קרמל מלוח,,330.00,"100 מ""ל",false,1,14.90,4.52,true,1,27816
5060317322146,false,מ.חלבון ש.לבן UFIT,Unknown,,מ.חלבון ש.לבן UFIT,,330.00,"100 מ""ל",false,1,14.90,4.52,true,1,27817
5060402908248,false,סניקרס פרוטאין 55 ג,Unknown,,סניקרס פרוטאין 55 ג,,55.00,100 גרם,false,1,17.90,32.55,true,1,21912
5060402908286,false,מארס פרוטאין,Unknown,,מארס פרוטאין,,59.00,100 גרם,false,1,17.90,30.34,true,1,21913
5060402909542,false,מארס פרוטאין קרמל,Unknown,,מארס פרוטאין קרמל,,59.00,100 גרם,false,1,17.90,30.34,true,1,21914
5060424705368,false,WARRIOR קרמל מלוח,Unknown,,WARRIOR קרמל מלוח,,64.00,100 גרם,false,1,14.90,23.28,true,1,27491
5060424705467,false,WARRIOR ש.לבן,Unknown,,WARRIOR ש.לבן,,64.00,100 גרם,false,1,14.90,23.28,true,1,27492
5060424705511,false,WARRIOR שוקולד קוקוס,Unknown,,WARRIOR שוקולד קוקוס,,64.00,100 גרם,false,1,14.90,23.28,true,1,27493
5060424705535,false,WARRIOR ש.מריר בו,Unknown,,WARRIOR ש.מריר בו,,64.00,100 גרם,false,1,14.90,23.28,true,1,27494
5060517886486,false,מונסטר אנרגי 500,Unknown,,מונסטר אנרגי 500,,500.00,"100 מ""ל",false,1,10.90,2.12,true,1,20601
5060517886516,false,מונסטר אנרגי זירו,Unknown,,מונסטר אנרגי זירו,,500.00,"100 מ""ל",false,1,10.90,2.12,true,1,20602
5060517886547,false,מונסטר רוסי 500,Unknown,,מונסטר רוסי 500,,500.00,"100 מ""ל",false,1,9.90,1.92,true,1,20603
5060639128051,false,מונסטר אולטרה 500מל,Unknown,,מונסטר אולטרה 500מל,,500.00,"100 מ""ל",false,1,10.90,2.12,true,1,21226
5060639129102,false,מונסטר מנגו לוקו,Unknown,,מונסטר מנגו לוקו,,500.00,"100 מ""ל",false,1,10.90,2.12,true,1,21915
5060751218173,false,מונסטר פייפליין פאנץ,Unknown,,מונסטר פייפליין פאנץ,,500.00,"100 מ""ל",false,1,10.90,2.12,true,1,27128
5060751219033,false,מונסטר אולטרה פר,Unknown,,מונסטר אולטרה פר,,500.00,"100 מ""ל",false,1,10.90,2.12,true,1,27129
5060756341005,false,WARRIOR אפוי ק.מלוח,Unknown,,WARRIOR אפוי ק.מלוח,,75.00,100 גרם,false,1,9.90,13.20,true,1,27495
5060756342781,false,WARRIOR קרם עוגיות,Unknown,,WARRIOR קרם עוגיות,,64.00,100 גרם,false,1,14.90,23.28,true,1,27496
5060756342972,false,WARRIORאפוי ק.עוגיות,Unknown,,WARRIORאפוי ק.עוגיות,,75.00,100 גרם,false,1,9.90,13.20,true,1,27497
5060756343702,false,WARRIOR פ.שוקולד,Unknown,,WARRIOR פ.שוקולד,,64.00,100 גרם,false,1,14.90,23.28,true,1,27671
5060902991818,false,ס.א אייס נענע,Unknown,,ס.א אייס נענע,,0.00,,false,1,99.90,0.00,false,1,28054
5060902991870,false,ס.א. אייס אוכמניות,Unknown,,ס.א. אייס אוכמניות,,0.00,,false,1,99.90,0.00,false,1,28058
5060902991887,false,ס.א אייס מלון,Unknown,,ס.א אייס מלון,,0.00,,false,1,99.90,0.00,false,1,28055
5060902991917,false,ס.א. חמוציות,Unknown,,ס.א. חמוציות,,0.00,,false,1,99.90,0.00,false,1,28053
5060902991924,false,ס.א .אייס ענבים,Unknown,,ס.א .אייס ענבים,,0.00,,false,1,99.90,0.00,false,1,28051
5060902991948,false,ס. א.סוכריה,Unknown,,ס. א.סוכריה,,0.00,,false,1,99.90,0.00,false,1,28052
5060902991962,false,ס.א.אייס אפרסק,Unknown,,ס.א.אייס אפרסק,,0.00,,false,1,99.90,0.00,false,1,28056
5060902991993,false,ס.תות בננה 3000 שאיפ,Unknown,,ס.תות בננה 3000 שאיפ,,0.00,,false,1,99.90,0.00,false,1,28252
5060902992013,false,ס.א.אייס אננס,Unknown,,ס.א.אייס אננס,,0.00,,false,1,99.90,0.00,false,1,28057
5099873017623,false,גק דניאלס תפוח,Unknown,,גק דניאלס תפוח,,700.00,"100 מ""ל",false,1,139.00,19.81,false,1,22810
5099873046173,false,גק דניאלס 200מל,Unknown,,גק דניאלס 200מל,,200.00,"100 מ""ל",false,1,44.90,22.30,false,1,25950
5200133120476,false,גלילות וופלים ק.אגוז,Unknown,,גלילות וופלים ק.אגוז,,400.00,100 גרם,false,1,21.00,5.25,true,1,24634
5200133120483,false,גלילות וופלים מ.קרם,Unknown,,גלילות וופלים מ.קרם,,0.00,,false,1,21.00,0.00,true,1,24635
5200133120506,false,גליליות גולדן ברייק,Unknown,,גליליות גולדן ברייק,,150.00,100 גרם,false,1,9.50,6.33,true,1,18725
5201184011775,false,זר יום הולדת לראש,Unknown,,זר יום הולדת לראש,,0.00,,false,1,11.00,0.00,true,1,24347
5201184066508,false,נר מספרים,Unknown,,נר מספרים,,0.00,,false,1,3.00,0.00,true,1,12243
5201360521241,false,סבן דייז ק.שוקולד,Unknown,,סבן דייז ק.שוקולד,,65.00,100 גרם,false,1,5.50,8.46,true,1,22878
5201360528769,false,סבן דייז ק.וניל,Unknown,,סבן דייז ק.וניל,,65.00,100 גרם,false,1,5.50,8.46,true,1,22879
5201583750411,false,ZERO סוכריות לימון,Unknown,,ZERO סוכריות לימון,,32.00,100 גרם,false,1,8.90,27.81,true,1,23096
5201583751418,false,ZEROסוכריות א.בלו,Unknown,,ZEROסוכריות א.בלו,,32.00,100 גרם,false,1,8.90,27.81,true,1,23097
5201583752118,false,Z ס.חמאה ק.שוקולד,Unknown,,Z ס.חמאה ק.שוקולד,,36.00,100 גרם,false,1,8.90,24.72,true,1,23098
5201583752217,false,ZERO.מנטה ק.שוקולד,Unknown,,ZERO.מנטה ק.שוקולד,,36.00,100 גרם,false,1,8.90,24.72,true,1,23099
5201940010110,false,וילי פוד זית קלמטה,Unknown,,וילי פוד זית קלמטה,,454.00,100 גרם,false,1,16.90,3.72,false,1,25795
5208049000639,false,רוטמנס כחול ארוך,Unknown,,רוטמנס כחול ארוך,,0.00,,false,1,29.00,0.00,false,1,19895
5208049000646,false,רוטמנס כ.ארוך פאקט,Unknown,,רוטמנס כ.ארוך פאקט,,0.00,,false,1,277.00,0.00,false,1,23872
5208049000660,false,פאל מאל הוואנה,Unknown,,פאל מאל הוואנה,,0.00,,false,1,30.50,0.00,false,1,20155
5208049000677,false,פאלמאל דאבל  פאקט,Unknown,,פאלמאל דאבל  פאקט,,0.00,,false,1,297.00,0.00,false,1,20156
5208049001452,false,גולדן.ו ירוק 30+נייר,Unknown,,גולדן.ו ירוק 30+נייר,,0.00,,false,1,71.00,0.00,true,1,20391
5208049001483,false,גולדן.ו לבן 30ג+נייר,Unknown,,גולדן.ו לבן 30ג+נייר,,0.00,,false,1,71.00,0.00,true,1,20295
5208049001513,false,גולדן.ו צהוב30ג+נייר,Unknown,,גולדן.ו צהוב30ג+נייר,,0.00,,false,1,71.00,0.00,true,1,20296
5208049001841,false,פאל מאל דמי קפסולה,Unknown,,פאל מאל דמי קפסולה,,0.00,,false,1,26.50,0.00,false,1,20276
5208049001858,false,פאל מאל דמי- פאקט,Unknown,,פאל מאל דמי- פאקט,,0.00,,false,1,257.00,0.00,false,1,20277
5208049002473,false,קנט ארוך חפיסה,Unknown,,קנט ארוך חפיסה,,0.00,,false,1,38.50,0.00,false,1,20306
5208049002480,false,קנט ארוך חפיסה קשה,Unknown,,קנט ארוך חפיסה קשה,,0.00,,false,1,372.00,0.00,false,1,20307
5208049004408,false,רוטמנס סילבר חפיסה,Unknown,,רוטמנס סילבר חפיסה,,0.00,,false,1,29.00,0.00,false,1,21681
5208049004415,false,רוטמנס סילבר פאקט,Unknown,,רוטמנס סילבר פאקט,,0.00,,false,1,277.00,0.00,false,1,21682
5208049004781,false,פאל מאל ברי דמי,Unknown,,פאל מאל ברי דמי,,0.00,,false,1,26.50,0.00,false,1,21569
5208049004798,false,פאל מאל ברי דמי,Unknown,,פאל מאל ברי דמי,,0.00,,false,1,257.00,0.00,false,1,21570
5208049005719,false,ס.דמי אננס מאל חפיסה,Unknown,,ס.דמי אננס מאל חפיסה,,0.00,,false,1,26.50,0.00,false,1,24095
5208049005726,false,ס.דמי אננס מאל פאקט,Unknown,,ס.דמי אננס מאל פאקט,,0.00,,false,1,257.00,0.00,false,1,24098
5208049006594,false,פאל מאל א.כחול חפיסה,Unknown,,פאל מאל א.כחול חפיסה,,0.00,,false,1,29.00,0.00,false,1,27837
5208049006600,false,פאל מאל א.כחול פאקט,Unknown,,פאל מאל א.כחול פאקט,,0.00,,false,1,277.00,0.00,false,1,27839
5208049006624,false,פאלמאל א.סילבר חפיסה,Unknown,,פאלמאל א.סילבר חפיסה,,0.00,,false,1,29.00,0.00,false,1,27838
5208049006631,false,פאל מאל א.סילבר פאקט,Unknown,,פאל מאל א.סילבר פאקט,,0.00,,false,1,277.00,0.00,false,1,27840
5208049006655,false,פאל מאל א.מנדרינה,Unknown,,פאל מאל א.מנדרינה,,0.00,,false,1,29.00,0.00,false,1,28223
5208049006662,false,פ.מאל א.מנדרינה פאקט,Unknown,,פ.מאל א.מנדרינה פאקט,,0.00,,false,1,277.00,0.00,false,1,28224
5310329002261,true,סט דלי ממותג- באטמן,Unknown,,סט דלי ממותג- באטמן,,0.00,,false,,29.90,0.00,false,1,22676
5391523057929,false,סימילאק גולד שלב 1,Unknown,,סימילאק גולד שלב 1,,700.00,100 גרם,false,1,94.90,13.56,true,1,24962
5391523057936,false,סימילאק גולד שלב 2,Unknown,,סימילאק גולד שלב 2,,700.00,100 גרם,false,1,94.90,13.56,true,1,24964
5391523057943,false,סימילאק גולד שלב 3,Unknown,,סימילאק גולד שלב 3,,700.00,100 גרם,false,1,94.90,13.56,true,1,24963
5391523058063,false,סימילאק אדוונס+שלב1,Unknown,,סימילאק אדוונס+שלב1,,700.00,100 גרם,false,1,79.90,11.41,true,1,24959
5391523058070,false,סימילאק אדוונס+שלב3,Unknown,,סימילאק אדוונס+שלב3,,700.00,100 גרם,false,1,79.90,11.41,true,1,24961
5391523058087,false,סימילאק אדוונס+שלב2,Unknown,,סימילאק אדוונס+שלב2,,700.00,100 גרם,false,1,79.90,11.41,true,1,24960
5410126006339,false,לוטוס ביסקוויט 124ג,Unknown,,לוטוס ביסקוויט 124ג,,124.00,100 גרם,false,1,11.00,8.87,true,1,22184
5410126006360,true,לוטוס ע.סנדוויץ 150ג,Unknown,,לוטוס ע.סנדוויץ 150ג,,0.00,,false,,10.90,0.00,true,1,24022
5410126106022,false,מארז לוטוס 250*2,Unknown,,מארז לוטוס 250*2,,500.00,100 גרם,false,1,19.90,3.98,true,1,27922
5410126116953,false,לוטוס ממרח ביסקוויט,Unknown,,לוטוס ממרח ביסקוויט,,400.00,100 גרם,false,1,23.00,5.75,true,1,24465
5410126666038,false,עוגיות לוטוס 279ג,Unknown,,עוגיות לוטוס 279ג,,279.00,100 גרם,false,1,16.90,6.06,true,1,23832
5410126716016,false,לוטוס ביסקוויט 250,Unknown,,לוטוס ביסקוויט 250,,250.00,100 גרם,false,1,15.90,6.36,true,1,8509
5410126726947,false,ממרח עוגיות,Unknown,,ממרח עוגיות,,380.00,100 גרם,false,1,25.00,6.58,true,1,24901
5410228217732,false,סטלה פחית 440 מל,Unknown,,סטלה פחית 440 מל,,400.00,"100 מ""ל",false,1,17.00,4.18,true,1,25074
5410228267508,false,באדווייזר בירה בקבוק,Unknown,,באדווייזר בירה בקבוק,,330.00,"100 מ""ל",false,1,15.00,4.45,true,1,20899
5410228267515,false,בירה באדווייזר 6יח,Unknown,,בירה באדווייזר 6יח,,1.98,1 ליטר,false,1,49.90,24.29,true,1,21076
5410316233446,false,וודקה סמירנוף 200 מל,Unknown,,וודקה סמירנוף 200 מל,,200.00,"100 מ""ל",false,1,25.00,12.35,true,1,18634
5410316983693,false,סמירנוף אייס,Unknown,,סמירנוף אייס,,275.00,"100 מ""ל",false,1,22.00,7.89,true,1,2590
5410316994019,false,וודקה סמירנוף 700מל,Unknown,,וודקה סמירנוף 700מל,,700.00,"100 מ""ל",false,1,85.00,12.10,true,1,14448
5411081003654,false,קסטיל רוז 330 מל,Unknown,,קסטיל רוז 330 מל,,330.00,"100 מ""ל",false,1,12.00,3.55,true,1,27803
5411188081852,false,אלפרו משקה סויה וניל,Unknown,,אלפרו משקה סויה וניל,,1.00,1 ליטר,false,1,19.00,19.00,false,1,26716
5411188094159,false,אלפרו סויה שוקו מריר,Unknown,,אלפרו סויה שוקו מריר,,500.00,"100 מ""ל",false,1,20.90,4.18,true,1,26699
5411188096108,false,שמנת צמחית סויה250מל,Unknown,,שמנת צמחית סויה250מל,,250.00,"100 מ""ל",false,1,12.90,5.16,false,1,26717
5411188110835,false,אלפרו משקה שקדים 1 ל,Unknown,,אלפרו משקה שקדים 1 ל,,1.00,1 ליטר,false,1,17.00,17.00,true,1,22891
5411188112549,false,אלפרו משקה אורז 1ל,Unknown,,אלפרו משקה אורז 1ל,,1.00,1 ליטר,false,1,17.00,17.00,false,1,26718
5411188112709,false,אלפרו מ.שקדים ללא.ס,Unknown,,אלפרו מ.שקדים ללא.ס,,1.00,1 ליטר,false,1,17.00,17.00,true,1,24612
5411188115366,false,אלפרו שיבולת שועל 1ל,Unknown,,אלפרו שיבולת שועל 1ל,,1.00,1 ליטר,false,1,19.00,19.00,true,1,22893
5411188115472,false,אלפרו חלב סויה 1ל,Unknown,,אלפרו חלב סויה 1ל,,1.00,1 ליטר,false,1,17.00,17.00,true,1,22892
5411188120957,false,אלפרו קוקוס לבישול,Unknown,,אלפרו קוקוס לבישול,,250.00,"100 מ""ל",false,1,10.90,4.36,false,1,25391
5411188124689,false,אלפרו משקה ש.שועל 1ל,Unknown,,אלפרו משקה ש.שועל 1ל,,1.00,1 ליטר,false,1,19.00,19.00,false,1,26719
5411188127697,false,אלפרו בריסטה ש שועל,Unknown,,אלפרו בריסטה ש שועל,,1.00,1 ליטר,false,1,19.00,19.00,true,1,23883
5411188130031,false,אלפרו מ.סויה חלבון 1,Unknown,,אלפרו מ.סויה חלבון 1,,1.00,1 ליטר,false,1,19.00,19.00,false,1,24697
5411188133476,false,אלפרו סויה שוקו 250,Unknown,,אלפרו סויה שוקו 250,,250.00,100 גרם,false,1,8.20,3.28,true,1,24008
5411188133490,false,אלפרו פרוטאין ק.קרמל,Unknown,,אלפרו פרוטאין ק.קרמל,,250.00,"100 מ""ל",false,1,8.20,3.28,true,1,23722
5411188134985,false,אלפרו NM 3.5% ש.שועל,Unknown,,אלפרו NM 3.5% ש.שועל,,1.00,1 ליטר,false,1,17.00,17.00,true,1,23567
5411188135005,false,אלפרו NM ש.שועל 1.8%,Unknown,,אלפרו NM ש.שועל 1.8%,,1.00,1 ליטר,false,1,17.00,17.00,true,1,23568
5411188300328,false,אלפרו משקה סויה שוקו,Unknown,,אלפרו משקה סויה שוקו,,1.00,1 ליטר,false,1,19.00,19.00,false,1,26721
5411188513483,false,אלפרו סויה לבישול14%,Unknown,,אלפרו סויה לבישול14%,,250.00,"100 מ""ל",false,1,9.90,3.96,false,1,25392
5411188543398,false,אלפרו סויה ל.סוכר,Unknown,,אלפרו סויה ל.סוכר,,1.00,1 ליטר,false,1,17.00,17.00,true,1,24691
5411686700118,false,ליפמנס פ.רוקס 250מל,Unknown,,ליפמנס פ.רוקס 250מל,,250.00,"100 מ""ל",false,1,21.00,8.28,true,1,26760
5413149655522,false,אריאל א.כ שושן צחור,Unknown,,אריאל א.כ שושן צחור,,1.25,"1 ק""ג",false,1,22.00,17.60,true,1,13023
5450524055997,false,מרילנד אדום -פאקט,Unknown,,מרילנד אדום -פאקט,,0.00,,false,1,275.00,0.00,false,1,17625
5450524056017,false,מרילנד בלו,Unknown,,מרילנד בלו,,0.00,,false,1,275.00,0.00,false,1,25238
5701932026964,false,הוטפופ מלוח 600 גר,Unknown,,הוטפופ מלוח 600 גר,,600.00,100 גרם,false,1,24.90,4.15,true,1,24261
5701932026971,false,הוטפופ פופקורן חמאה,Unknown,,הוטפופ פופקורן חמאה,,600.00,100 גרם,false,1,24.90,4.15,true,1,2010
5701932026995,false,הוטפופ לייט 510 גר,Unknown,,הוטפופ לייט 510 גר,,510.00,100 גרם,false,1,24.90,4.88,true,1,23826
5710840126130,false,טבק באלי שאג תכלת,Unknown,,טבק באלי שאג תכלת,,0.00,,false,1,99.00,0.00,false,1,16705
5710840186615,false,באלי סילבר 40 גר,Unknown,,באלי סילבר 40 גר,,0.00,,false,1,99.00,0.00,true,1,24094
5710840209437,false,טבק באלי נטורל 40גר,Unknown,,טבק באלי נטורל 40גר,,0.00,,false,1,99.00,0.00,false,1,20440
5710840210013,false,טבק באלי לבן40גר,Unknown,,טבק באלי לבן40גר,,0.00,,false,1,99.00,0.00,false,1,20441
5710840210075,true,באלי תכלת 40גר,Unknown,,באלי תכלת 40גר,,0.00,,false,,96.00,0.00,false,1,20572
5710840210136,false,באלי אדום 40 גר,Unknown,,באלי אדום 40 גר,,0.00,,false,1,99.00,0.00,true,1,20573
5710840210167,false,באלי צהוב 40 גר,Unknown,,באלי צהוב 40 גר,,0.00,,false,1,99.00,0.00,false,1,20574
5711953106583,false,ארלה גבינת שמנת טבעי,Unknown,,ארלה גבינת שמנת טבעי,,200.00,100 גרם,false,1,18.90,9.45,false,1,26722
5711953106590,false,ארלה גבינת שמנת ושום,Unknown,,ארלה גבינת שמנת ושום,,200.00,100 גרם,false,1,18.90,9.45,false,1,26723
5711953106606,false,ג.שמנת עשבי תיבול,Unknown,,ג.שמנת עשבי תיבול,,200.00,100 גרם,false,1,18.90,9.45,false,1,26724
5711953113277,false,ג.שמנת זיתים שחורים,Unknown,,ג.שמנת זיתים שחורים,,200.00,100 גרם,false,1,18.90,9.45,false,1,26725
5740900403215,false,לורפק חמאה עם מלח250,Unknown,,לורפק חמאה עם מלח250,,250.00,100 גרם,false,1,19.00,7.60,true,1,24619
5740900403222,false,ממרח מחמאת לורפק מלח,Unknown,,ממרח מחמאת לורפק מלח,,250.00,100 גרם,false,1,19.00,7.60,false,1,26726
5740900403239,false,לורפק חמאה ללא מלח,Unknown,,לורפק חמאה ללא מלח,,250.00,100 גרם,false,1,20.00,8.00,true,1,24624
5740900403284,false,לורפק חמאה ללא מלח,Unknown,,לורפק חמאה ללא מלח,,200.00,100 גרם,false,1,12.50,6.25,true,1,21174
5740900403864,false,לורפק חמאה מלח 200 ג,Unknown,,לורפק חמאה מלח 200 ג,,200.00,100 גרם,false,1,12.50,6.25,true,1,23721
5900020012814,false,נסקוויק 500 גר,Unknown,,נסקוויק 500 גר,,500.00,100 גרם,false,1,22.90,4.58,true,1,25637
5900020015181,false,פיטנס בר אישי שוקולד,Unknown,,פיטנס בר אישי שוקולד,,25.00,100 גרם,false,1,6.00,24.00,true,1,12533
5900020018892,false,פיטנס קרם עוגיות,Unknown,,פיטנס קרם עוגיות,,25.00,100 גרם,false,1,6.00,24.00,true,1,24096
5900020020710,false,קראנץ בר שוקו וניל,Unknown,,קראנץ בר שוקו וניל,,25.00,100 גרם,false,1,18.90,75.60,true,1,25674
5900020025807,false,סיני מיניס 375 גרם,Unknown,,סיני מיניס 375 גרם,,375.00,100 גרם,false,1,15.90,4.24,true,1,23513
5900020026859,false,צריוס האני נאט 375ג,Unknown,,צריוס האני נאט 375ג,,375.00,100 גרם,false,1,15.90,4.24,true,1,23695
5900020031877,false,מ.דגנים האני ציריוס,Unknown,,מ.דגנים האני ציריוס,,22.00,100 גרם,false,1,18.90,85.91,true,1,25684
5900020036407,false,דגני שוקולד וקרמל,Unknown,,דגני שוקולד וקרמל,,480.00,100 גרם,false,1,22.90,4.77,false,1,25797
5900020037916,false,ציריוס שיבולת שועל,Unknown,,ציריוס שיבולת שועל,,375.00,100 גרם,false,1,19.90,5.31,false,1,25798
5900020039132,false,ציריוס תפוח קינמון,Unknown,,ציריוס תפוח קינמון,,320.00,100 גרם,false,1,19.00,5.94,true,1,25065
5900020039613,false,פיטנס שקדים ודבש,Unknown,,פיטנס שקדים ודבש,,25.00,100 גרם,false,1,6.00,24.00,true,1,24097
5900020041142,false,פיטנס קורנפלקס,Unknown,,פיטנס קורנפלקס,,500.00,100 גרם,false,1,20.00,4.00,true,1,28235
5900617035882,false,נוטרישיין טעם שוקולד,Unknown,,נוטרישיין טעם שוקולד,,50.00,100 גרם,false,1,12.90,25.80,true,1,27499
5900617035905,false,נוטרישיין קרמל מלוח,Unknown,,נוטרישיין קרמל מלוח,,50.00,100 גרם,false,1,12.90,25.80,true,1,27500
5900617035929,false,נוטרישיין וניל ת.יער,Unknown,,נוטרישיין וניל ת.יער,,50.00,100 גרם,false,1,12.90,25.80,true,1,27507
5900951283963,false,סניקרס ח.בוטנים,Unknown,,סניקרס ח.בוטנים,,36.50,100 גרם,false,1,6.50,17.81,true,1,25131
5902198160403,false,משקה אנרגיהXL TEN,Unknown,,משקה אנרגיהXL TEN,,250.00,"100 מ""ל",false,1,8.90,3.44,true,1,17740
5903141006694,false,ווג פריזון מנטה פאקט,Unknown,,ווג פריזון מנטה פאקט,,0.00,,false,1,382.00,0.00,false,1,21138
5903141082766,false,פאל מאל דמי כחול פ,Unknown,,פאל מאל דמי כחול פ,,0.00,,false,1,257.00,0.00,false,1,19101
5903141082780,false,פאל מאל דמי סילבר פא,Unknown,,פאל מאל דמי סילבר פא,,0.00,,false,1,257.00,0.00,false,1,19102
5904941750312,false,בלו מוחיטו 250 מל,Unknown,,בלו מוחיטו 250 מל,,250.00,"100 מ""ל",false,1,8.90,3.44,true,1,14421
5904941751241,false,בלו דיי 6 קלוריות,Unknown,,בלו דיי 6 קלוריות,,250.00,"100 מ""ל",false,1,5.00,1.88,true,1,22241
5904941751302,false,משקה אנרגיה בלו,Unknown,,משקה אנרגיה בלו,,250.00,"100 מ""ל",false,1,8.90,3.44,true,1,11079
5904941751371,false,בלו די אקזוטיק,Unknown,,בלו די אקזוטיק,,250.00,"100 מ""ל",false,1,8.90,3.44,true,1,18152
5904941751524,false,בלו די אבטיח 250 מל,Unknown,,בלו די אבטיח 250 מל,,250.00,"100 מ""ל",false,1,8.90,3.44,true,1,14478
5904941751920,false,בלו דיי מ.אנרגיה,Unknown,,בלו דיי מ.אנרגיה,,250.00,"100 מ""ל",false,1,8.90,3.44,true,1,13032
5906485301012,false,משקה אנרגיהXL,Unknown,,משקה אנרגיהXL,,250.00,"100 מ""ל",false,1,8.90,3.44,true,1,7643
5908302600377,false,כסא ים,Unknown,,כסא ים,,0.00,,false,1,69.00,0.00,false,1,20259
5948530002130,false,ווג לידי כחול פאקט,Unknown,,ווג לידי כחול פאקט,,0.00,,false,1,382.00,0.00,false,1,13118
5948530002147,false,ווג לידי לילך -פאקט,Unknown,,ווג לידי לילך -פאקט,,0.00,,false,1,382.00,0.00,false,1,13117
5997270730315,false,ש.עצי ריח דובדבן,Unknown,,ש.עצי ריח דובדבן,,0.00,,false,1,10.00,0.00,false,1,19993
5997270730322,false,ש.עצי ריח מסטיק,Unknown,,ש.עצי ריח מסטיק,,0.00,,false,1,10.00,0.00,false,1,19994
5997270730339,false,ש.עצי ריח יהלום שחור,Unknown,,ש.עצי ריח יהלום שחור,,0.00,,false,1,10.00,0.00,false,1,19995
5997270780044,false,ש.עצי ריח  וניל,Unknown,,ש.עצי ריח  וניל,,0.00,,false,1,10.00,0.00,false,1,19996
5997270780051,false,ש.עצי ריח רכב חדש,Unknown,,ש.עצי ריח רכב חדש,,0.00,,false,1,10.00,0.00,false,1,19997
5997270780068,false,ש.עצי ריח אריג צחור,Unknown,,ש.עצי ריח אריג צחור,,0.00,,false,1,10.00,0.00,false,1,19998
5997270780075,false,ש.עצי ריח קוקוס,Unknown,,ש.עצי ריח קוקוס,,0.00,,false,1,10.00,0.00,false,1,19999
5998623526739,false,סי. גראס גוורצטרמינר,Unknown,,סי. גראס גוורצטרמינר,,750.00,"100 מ""ל",false,1,42.90,5.68,false,1,25951
5998623530620,false,אדלמה שרדונה לבן,Unknown,,אדלמה שרדונה לבן,,750.00,"100 מ""ל",false,1,47.90,6.35,false,1,25952
5998623530637,false,אדלמה קברנה סובניון,Unknown,,אדלמה קברנה סובניון,,750.00,"100 מ""ל",false,1,47.90,6.35,false,1,25953
5998623530644,false,אדלמה פינו גרגיו,Unknown,,אדלמה פינו גרגיו,,750.00,"100 מ""ל",false,1,47.90,6.35,false,1,25954
5999071007719,false,מצת אלקטרוני חדש,Unknown,,מצת אלקטרוני חדש,,0.00,,false,1,4.00,0.00,true,1,25116
6001051001514,false,לבלו שפתון אוכמניות,Unknown,,לבלו שפתון אוכמניות,,4.80,100 גרם,false,1,13.90,289.58,true,1,21703
6001067022558,false,קולגייט אקסטרא בודד,Unknown,,קולגייט אקסטרא בודד,,1.00,יחידה,false,1,7.90,7.90,true,1,19451
6008165003984,false,פאל מאל כחול טיוב,Unknown,,פאל מאל כחול טיוב,,0.00,,false,1,30.50,0.00,false,1,14900
6008165271192,false,פאל מאל אדום ארוך ח,Unknown,,פאל מאל אדום ארוך ח,,0.00,,false,1,30.50,0.00,false,1,14701
6008165274629,false,פאל מאל טיוב ארוך כח,Unknown,,פאל מאל טיוב ארוך כח,,0.00,,false,1,30.50,0.00,false,1,16362
6008165276098,false,רוטמנס כחול חפיסה,Unknown,,רוטמנס כחול חפיסה,,0.00,,false,1,29.00,0.00,false,1,18247
6008165276128,false,רוטמנס כחול פאקט,Unknown,,רוטמנס כחול פאקט,,0.00,,false,1,277.00,0.00,false,1,25249
6010528824846,false,עוגיות בטעם חמאה,Unknown,,עוגיות בטעם חמאה,,227.00,100 גרם,false,1,9.90,4.36,true,1,23104
6412709021660,false,פינלנדיה 375 מל,Unknown,,פינלנדיה 375 מל,,375.00,"100 מ""ל",false,1,62.90,16.69,true,1,22455
6540056915566,false,מארז מסיכות,Unknown,,מארז מסיכות,,50.00,יחידה,false,1,19.90,0.40,false,1,21295
6908235694404,false,אוזניות אוניברסליות,Unknown,,אוזניות אוניברסליות,,0.00,,false,1,29.90,0.00,false,1,18699
6923432585010,false,תרסיס תיקון פנצר,Unknown,,תרסיס תיקון פנצר,,450.00,"100 מ""ל",false,1,15.00,3.33,true,1,17360
6924994135057,false,מארז מסכות 50יח,Unknown,,מארז מסכות 50יח,,50.00,יחידה,false,1,19.90,0.40,false,1,21129
6928542902795,false,פרש ד.רענון פפרמינט,Unknown,,פרש ד.רענון פפרמינט,,14.40,100 גרם,false,1,8.90,61.81,true,1,26856
6928542902801,false,פרש ד.רענון ספירמנט,Unknown,,פרש ד.רענון ספירמנט,,14.40,100 גרם,false,1,8.90,61.81,true,1,26857
6928542902818,false,פרש דפי רענון תות,Unknown,,פרש דפי רענון תות,,14.40,100 גרם,false,1,8.90,61.81,true,1,26858
6930299230113,false,פטריות האטאקי,Unknown,,פטריות האטאקי,,1.00,יחידה,false,1,14.90,14.90,true,1,25806
6935347607329,false,כ.הגה M אלקנטרה שחור,Unknown,,כ.הגה M אלקנטרה שחור,,0.00,,false,1,45.00,0.00,true,1,17361
6935347607411,false,מכסה דלק אוניברסלי,Unknown,,מכסה דלק אוניברסלי,,0.00,,false,1,10.00,0.00,true,1,17362
6935347607787,false,מדחס מתכת HD,Unknown,,מדחס מתכת HD,,0.00,,false,1,179.00,0.00,false,1,21064
6941607306260,true,שרוול ים ספיידרמן,Unknown,,שרוול ים ספיידרמן,,0.00,,false,,19.90,0.00,true,1,26071
6942138967449,true,גלגל דונאטס שוקולד,Unknown,,גלגל דונאטס שוקולד,,0.00,,false,,49.90,0.00,true,1,26074
6956583171528,false,בריכה מתנפחת ארטוס,Unknown,,בריכה מתנפחת ארטוס,,0.00,,false,1,99.00,0.00,false,1,21291
6958211252876,false,שום ייבוא ליח,Unknown,,שום ייבוא ליח,,200.00,100 גרם,false,1,7.90,3.95,true,1,23453
6971578990625,false,ס.א תפוח HQD,Unknown,,ס.א תפוח HQD,,0.00,,false,1,99.00,0.00,false,1,24076
6971578992155,false,HQD שאיפות בננה,Unknown,,HQD שאיפות בננה,,0.00,,false,1,99.00,0.00,false,1,27227
6971578993220,false,ס.א אבטיח אייס HQD,Unknown,,ס.א אבטיח אייס HQD,,0.00,,false,1,99.00,0.00,false,1,24077
6971578993503,false,HQD מיאמי ויייס,Unknown,,HQD מיאמי ויייס,,0.00,,false,1,99.00,0.00,false,1,27233
6971578994272,false,ס.א מנטה אייס HQD,Unknown,,ס.א מנטה אייס HQD,,0.00,,false,1,99.00,0.00,false,1,24078
6971578994289,false,ס.אלקטרונית תות HQD,Unknown,,ס.אלקטרונית תות HQD,,0.00,,false,1,52.90,0.00,false,1,24079
6971578994296,false,ס.א אננס אייס HQD,Unknown,,ס.א אננס אייס HQD,,0.00,,false,1,52.90,0.00,false,1,24080
6971578994302,false,ס.אלקטרונית מלון HQD,Unknown,,ס.אלקטרונית מלון HQD,,0.00,,false,1,52.90,0.00,false,1,24081
6971578994340,false,ס.א מנגו אייס HQD,Unknown,,ס.א מנגו אייס HQD,,0.00,,false,1,99.00,0.00,false,1,24082
6971578994425,false,ס.א ענבים HQD,Unknown,,ס.א ענבים HQD,,0.00,,false,1,52.90,0.00,false,1,24083
6971578994548,false,ס.א אוכמניות HQD,Unknown,,ס.א אוכמניות HQD,,0.00,,false,1,99.00,0.00,false,1,24084
6971578996733,false,ס.א פטל אוכמניות HQD,Unknown,,ס.א פטל אוכמניות HQD,,0.00,,false,1,52.90,0.00,false,1,24085
6971578996757,false,HQD שאיפות גויאבה,Unknown,,HQD שאיפות גויאבה,,0.00,,false,1,99.00,0.00,false,1,27229
6971578996818,false,HQD  ליצי,Unknown,,HQD  ליצי,,0.00,,false,1,99.00,0.00,false,1,27232
6971578997181,false,ס.א אוכמניות שחורות,Unknown,,ס.א אוכמניות שחורות,,0.00,,false,1,99.00,0.00,false,1,24086
6971578998683,false,HQD  פירות יער,Unknown,,HQD  פירות יער,,0.00,,false,1,99.00,0.00,false,1,27230
6972595228357,false,סוללת גיבוי 10000MAH,Unknown,,סוללת גיבוי 10000MAH,,0.00,,false,1,79.00,0.00,false,1,27725
6972622640374,false,ג.מתנפח חד קרן,Unknown,,ג.מתנפח חד קרן,,0.00,,false,1,79.00,0.00,false,1,22709
6972622640381,false,גלגל מתנפח פלמינגו,Unknown,,גלגל מתנפח פלמינגו,,0.00,,false,1,79.00,0.00,false,1,22710
6973729940282,false,ס. CIGGY BAR ב.טעמים,Unknown,,ס. CIGGY BAR ב.טעמים,,0.00,,false,1,89.90,0.00,false,1,27898
6973826700345,false,ס.א אבטיח ותות HQD,Unknown,,ס.א אבטיח ותות HQD,,0.00,,false,1,52.90,0.00,false,1,24087
6973826701229,false,HQD למונדה אוכמניות,Unknown,,HQD למונדה אוכמניות,,0.00,,false,1,99.00,0.00,false,1,27228
6973826701519,false,HQD  פטל לימון,Unknown,,HQD  פטל לימון,,0.00,,false,1,99.00,0.00,false,1,27231
6974129603401,false,Buzz מסטיק,Unknown,,Buzz מסטיק,,0.00,,false,1,89.90,0.00,false,1,26949
6974129603418,false,Buzz בזוקה,Unknown,,Buzz בזוקה,,0.00,,false,1,89.90,0.00,false,1,26950
6974129603425,false,Buzz שיק פירות,Unknown,,Buzz שיק פירות,,0.00,,false,1,89.90,0.00,false,1,26959
6974129603432,false,Buzz פינה קולדה,Unknown,,Buzz פינה קולדה,,0.00,,false,1,89.90,0.00,false,1,27009
6974129603449,false,buzz תות,Unknown,,buzz תות,,0.00,,false,1,89.90,0.00,false,1,26952
6974129603456,false,Buzz  מנגו,Unknown,,Buzz  מנגו,,0.00,,false,1,89.90,0.00,false,1,26953
6974129603470,false,Buzz בננה,Unknown,,Buzz בננה,,0.00,,false,1,89.90,0.00,false,1,26960
6974129603487,false,Buzz סוכריה,Unknown,,Buzz סוכריה,,0.00,,false,1,89.90,0.00,false,1,26954
6974129603494,false,Buzz אננס,Unknown,,Buzz אננס,,0.00,,false,1,89.90,0.00,false,1,26955
6974227021206,false,ס.אלקטרונית אוכמניות,Unknown,,ס.אלקטרונית אוכמניות,,0.00,,false,1,49.90,0.00,false,1,25417
6974227021213,false,ס.אלקטרונית  אבטיח,Unknown,,ס.אלקטרונית  אבטיח,,0.00,,false,1,49.90,0.00,false,1,25418
6974227021220,false,ס.אלקטרונית תות,Unknown,,ס.אלקטרונית תות,,0.00,,false,1,49.90,0.00,false,1,25419
6974227021237,false,ס.אלקטרונית קול בר,Unknown,,ס.אלקטרונית קול בר,,0.00,,false,1,49.90,0.00,false,1,25420
6974227021251,false,ס.אלקטרונית ליצי,Unknown,,ס.אלקטרונית ליצי,,0.00,,false,1,49.90,0.00,false,1,25421
6974227021268,false,ס.אלקטרונית אפרסק,Unknown,,ס.אלקטרונית אפרסק,,0.00,,false,1,49.90,0.00,false,1,25422
6974356170097,false,SWICH מ. אידוי קולה,Unknown,,SWICH מ. אידוי קולה,,0.00,,false,1,99.90,0.00,false,1,28226
6974356170103,false,SWICH מ.אידוי פטל,Unknown,,SWICH מ.אידוי פטל,,0.00,,false,1,99.90,0.00,false,1,28227
6974356170110,false,SWICH מ.אידוי תות ק,Unknown,,SWICH מ.אידוי תות ק,,0.00,,false,1,99.90,0.00,false,1,28228
6974356170127,false,SWICH מ.אידוי אייס,Unknown,,SWICH מ.אידוי אייס,,0.00,,false,1,99.90,0.00,false,1,28229
6974356170134,false,SWICH מ.אידוי תות,Unknown,,SWICH מ.אידוי תות,,0.00,,false,1,99.90,0.00,false,1,28230
6974678291944,false,Qweet ענבים 2500,Unknown,,Qweet ענבים 2500,,0.00,,false,1,59.90,0.00,false,1,27876
6974678291951,false,Qweet אבטיח 2500,Unknown,,Qweet אבטיח 2500,,0.00,,false,1,59.90,0.00,false,1,27877
6974678291968,false,Qweet פטל 2500,Unknown,,Qweet פטל 2500,,0.00,,false,1,59.90,0.00,false,1,27878
6974678291975,false,Qweet מנגו 2500,Unknown,,Qweet מנגו 2500,,0.00,,false,1,59.90,0.00,false,1,27879
6974678291982,false,Qweet אוכמניות 2500,Unknown,,Qweet אוכמניות 2500,,0.00,,false,1,59.90,0.00,false,1,27880
6974678291999,false,Qweetתות וקיווי 2500,Unknown,,Qweetתות וקיווי 2500,,0.00,,false,1,59.90,0.00,false,1,27881
6974678292002,false,Qweet אהבה 66 2500,Unknown,,Qweet אהבה 66 2500,,0.00,,false,1,59.90,0.00,false,1,27882
6974678292019,false,Qweet אל פטרון 2500,Unknown,,Qweet אל פטרון 2500,,0.00,,false,1,59.90,0.00,false,1,27883
6974678292026,false,Qweetלימון תפוז 2500,Unknown,,Qweetלימון תפוז 2500,,0.00,,false,1,59.90,0.00,false,1,27884
6974678292033,false,Qweet דובדבן 2500,Unknown,,Qweet דובדבן 2500,,0.00,,false,1,59.90,0.00,false,1,27885
6974706640027,false,SMART3000 אבטיח אייס,Unknown,,SMART3000 אבטיח אייס,,0.00,,false,1,89.90,0.00,false,1,27854
7280109380880,false,ריידר מתנפח ליוויתן,Unknown,,ריידר מתנפח ליוויתן,,0.00,,false,1,69.00,0.00,false,1,22711
7280138800007,false,פחם הגחל הדליק חדש,Unknown,,פחם הגחל הדליק חדש,,2.00,"1 ק""ג",false,1,21.90,10.95,true,1,20976
7290000000068,false,פטריות ערד/פורטובלו,Unknown,,פטריות ערד/פורטובלו,,1.00,יחידה,false,1,12.00,12.00,true,1,26553
7290000000240,false,סלרי עלים,Unknown,,סלרי עלים,,1.00,יחידה,false,1,7.90,7.90,true,1,26542
7290000000249,false,פיטריות כללי (לבן),Unknown,,פיטריות כללי (לבן),,1.00,יחידה,false,1,11.90,11.90,true,1,26543
7290000000374,false,פטריות שמפיניון ליח,Unknown,,פטריות שמפיניון ליח,,250.00,100 גרם,false,1,12.90,5.16,true,1,23282
7290000000411,false,שום יבש,Unknown,,שום יבש,,200.00,100 גרם,false,1,9.90,4.95,true,1,23341
7290000000695,false,אספרגוס ארוז,Unknown,,אספרגוס ארוז,,1.00,יחידה,false,1,29.90,29.90,true,1,26554
7290000000794,false,סלרי אמריקאי קצוץ,Unknown,,סלרי אמריקאי קצוץ,,800.00,100 גרם,false,1,7.90,0.99,true,1,23469
7290000000846,false,מלפפון מיני,Unknown,,מלפפון מיני,,1.00,יחידה,false,1,12.90,12.90,true,1,26607
7290000000848,false,תירס ארוז,Unknown,,תירס ארוז,,550.00,100 גרם,false,1,12.90,2.35,true,1,23191
7290000001104,false,פטריות פורטבלה ארוז,Unknown,,פטריות פורטבלה ארוז,,250.00,100 גרם,false,1,12.90,5.16,true,1,23176
7290000007413,false,כוס חדפ היטל 10אג,Unknown,,כוס חדפ היטל 10אג,,3000.00,יחידה,false,1,0.10,0.00,false,1,4338
7290000008672,false,תירס מתוק,Unknown,,תירס מתוק,קילוגרמים,1.00,"ק""ג",true,1,14.90,14.90,true,1,25592
7290000008700,false,פיקדון מעין,Unknown,,פיקדון מעין,,0.00,,false,1,0.30,0.00,false,1,25618
7290000010474,false,בקבוק רימונדה 330מל,Unknown,,בקבוק רימונדה 330מל,,330.00,"100 מ""ל",false,1,8.00,2.42,false,1,21414
7290000018004,false,פיקדון בקבוק תנובה,Unknown,,פיקדון בקבוק תנובה,,0.00,,false,1,0.30,0.00,false,1,28253
7290000023007,false,ברנדי סטוק 84,Unknown,,ברנדי סטוק 84,,750.00,"100 מ""ל",false,1,95.00,12.63,true,1,3639
7290000023083,false,ערק אשקלון 700מל,Unknown,,ערק אשקלון 700מל,,700.00,"100 מ""ל",false,1,68.00,9.67,true,1,15771
7290000023809,false,ברקן קברנה קלאסיק750,Unknown,,ברקן קברנה קלאסיק750,,750.00,"100 מ""ל",false,1,38.00,5.03,true,1,3640
7290000023816,false,ברקן אמרלד ריזלינג,Unknown,,ברקן אמרלד ריזלינג,,750.00,"100 מ""ל",false,1,38.00,5.03,true,1,3641
7290000023977,false,ברקן מרלו קלאסיק 750,Unknown,,ברקן מרלו קלאסיק 750,,750.00,"100 מ""ל",false,1,38.00,5.03,true,1,5323
7290000024264,false,ברקן רזרב מרלו,Unknown,,ברקן רזרב מרלו,,750.00,"100 מ""ל",false,1,50.00,6.63,true,1,7843
7290000024523,false,תירוש של סגל 1 ליטר,Unknown,,תירוש של סגל 1 ליטר,,1.00,1 ליטר,false,1,16.90,16.60,true,1,19830
7290000038925,false,כרטיס 012 MSIM,Unknown,,כרטיס 012 MSIM,,0.00,,false,1,38.60,0.00,true,1,13722
7290000038926,false,כרטיסUSIM 012,Unknown,,כרטיסUSIM 012,,0.00,,false,1,38.60,0.00,true,1,13723
7290000039794,false,כרטיס  012 nano sim,Unknown,,כרטיס  012 nano sim,,0.00,,false,1,38.60,0.00,true,1,14081
7290000040042,false,יופלה תות 3% 150 מל,Unknown,,יופלה תות 3% 150 מל,,150.00,"100 מ""ל",false,1,5.20,3.47,true,1,3535
7290000040066,false,יופלה דובדבן 3% 150מ,Unknown,,יופלה דובדבן 3% 150מ,,150.00,"100 מ""ל",false,1,5.20,3.47,true,1,3536
7290000040080,false,יופלה אפרסק,Unknown,,יופלה אפרסק,,150.00,"100 מ""ל",false,1,5.20,3.47,true,1,7733
7290000040301,false,עין-גדי קממבר גבינה,Unknown,,עין-גדי קממבר גבינה,,125.00,100 גרם,false,1,21.00,16.80,true,1,23756
7290000040318,false,גבינת ברי 24%,Unknown,,גבינת ברי 24%,,125.00,100 גרם,false,1,21.90,17.52,true,1,23751
7290000040462,false,טוסטי בסגנון אמריקאי,Unknown,,טוסטי בסגנון אמריקאי,,200.00,100 גרם,false,1,21.50,10.75,true,1,26269
7290000040974,false,חלב דל לקטוז 2% 1 ל,Unknown,,חלב דל לקטוז 2% 1 ל,,1.00,1 ליטר,false,1,7.40,7.40,true,1,20712
7290000041407,false,גיל 3% 125מל,Unknown,,גיל 3% 125מל,,125.00,"100 מ""ל",false,1,0.91,0.73,true,1,23810
7290000041445,false,תנובה קוטג 5% בדצ,Unknown,,תנובה קוטג 5% בדצ,,250.00,100 גרם,false,1,6.00,2.40,true,1,12789
7290000041452,false,קוטג תנובה גביע 250ג,Unknown,,קוטג תנובה גביע 250ג,,250.00,100 גרם,false,1,6.00,2.40,false,1,26187
7290000041858,false,שמנת חמוצה מועשרת15%,Unknown,,שמנת חמוצה מועשרת15%,,200.00,"100 מ""ל",false,1,2.70,1.35,false,1,969
7290000042008,false,תנובה חלב שקית 3%,Unknown,,תנובה חלב שקית 3%,,1.00,1 ליטר,false,1,5.43,5.43,false,1,4033
7290000042015,false,תנובה חלב שקית מהדרי,Unknown,,תנובה חלב שקית מהדרי,,1.00,1 ליטר,false,1,5.43,5.43,false,1,5863
7290000042022,false,תנובה חלב טעם וניל1%,Unknown,,תנובה חלב טעם וניל1%,,1.00,1 ליטר,false,1,9.50,9.50,true,1,3562
7290000042244,false,תנובה חלב טרי 2 ליטר,Unknown,,תנובה חלב טרי 2 ליטר,,2.00,1 ליטר,false,1,12.46,6.23,false,1,932
7290000042367,false,חלב 3% בקבוק 1 ליטר,Unknown,,חלב 3% בקבוק 1 ליטר,,1.00,1 ליטר,false,1,6.23,6.23,false,1,933
7290000042404,false,יטבתה חלב 3% שקית 1ל,Unknown,,יטבתה חלב 3% שקית 1ל,,1.00,1 ליטר,false,1,7.00,7.00,false,1,935
7290000042411,false,יטבתה חלב 3% 1ל-דרום,Unknown,,יטבתה חלב 3% 1ל-דרום,,1.00,1 ליטר,false,1,6.23,6.23,false,1,936
7290000042435,false,תנובה חלב בקרטון 1%,Unknown,,תנובה חלב בקרטון 1%,,1.00,1 ליטר,false,1,5.86,5.86,false,1,3994
7290000042442,false,תנובה חלב 3% 1 ליטר,Unknown,,תנובה חלב 3% 1 ליטר,,1.00,1 ליטר,false,1,6.23,6.23,false,1,937
7290000042503,false,תנובה חלב עמיד 3%,Unknown,,תנובה חלב עמיד 3%,,1.00,1 ליטר,false,1,8.00,8.00,true,1,938
7290000042541,false,חלב עמיד 1% שומן 1ל,Unknown,,חלב עמיד 1% שומן 1ל,,1.00,1 ליטר,false,1,9.50,9.50,true,1,940
7290000042640,false,חלב עמיד 3% 250 מל,Unknown,,חלב עמיד 3% 250 מל,,250.00,"100 מ""ל",false,1,3.00,1.20,false,1,26188
7290000042855,false,יטבתה שוקו שקית 225,Unknown,,יטבתה שוקו שקית 225,,225.00,"100 מ""ל",false,1,3.50,1.56,true,1,941
7290000043111,false,תנובה חמאה 200 גר,Unknown,,תנובה חמאה 200 גר,,200.00,100 גרם,false,1,7.88,3.94,false,1,19981
7290000043814,false,השף הלבן שמנת 38%,Unknown,,השף הלבן שמנת 38%,,250.00,"100 מ""ל",false,1,6.47,2.59,false,1,970
7290000043890,false,תנובה רויון לבן 1.5%,Unknown,,תנובה רויון לבן 1.5%,,1.00,1 ליטר,false,1,12.70,12.70,true,1,12577
7290000043944,false,יוגורט 1.5ל 4.5%,Unknown,,יוגורט 1.5ל 4.5%,,1.50,1 ליטר,false,1,21.00,14.00,true,1,23760
7290000044231,false,יוגורט תנובה 4% שומן,Unknown,,יוגורט תנובה 4% שומן,,500.00,100 גרם,false,1,9.50,1.90,false,1,26189
7290000044248,false,רוויון קרטון %1.5,Unknown,,רוויון קרטון %1.5,,500.00,"100 מ""ל",false,1,7.70,1.54,true,1,944
7290000044712,false,יוגורט פרילי תות1.5%,Unknown,,יוגורט פרילי תות1.5%,,500.00,100 גרם,false,1,12.50,2.50,true,1,998
7290000045580,false,נעמה כחול-חורש 240,Unknown,,נעמה כחול-חורש 240,,240.00,100 גרם,false,1,19.00,7.92,true,1,23758
7290000045917,false,קולאז פורמעז,Unknown,,קולאז פורמעז,,200.00,100 גרם,false,1,27.60,13.80,true,1,24325
7290000046327,false,ג.צהובה גלבוע 22%,Unknown,,ג.צהובה גלבוע 22%,,200.00,100 גרם,false,1,13.90,6.95,true,1,973
7290000047546,false,כנען גבינה,Unknown,,כנען גבינה,,500.00,100 גרם,false,1,27.00,5.40,true,1,23757
7290000047621,false,גבינה לבנה 5% 250גרם,Unknown,,גבינה לבנה 5% 250גרם,,250.00,100 גרם,false,1,4.98,1.99,true,1,26258
7290000047942,false,גבינה לבנה 9% 250ג,Unknown,,גבינה לבנה 9% 250ג,,250.00,100 גרם,false,1,4.98,1.99,true,1,26259
7290000048185,false,תנובה גבינה לבנה 5%,Unknown,,תנובה גבינה לבנה 5%,,250.00,100 גרם,false,1,4.98,1.99,false,1,3565
7290000048192,false,תנובה גבינה לבנה 9%,Unknown,,תנובה גבינה לבנה 9%,,250.00,100 גרם,false,1,4.98,1.99,false,1,975
7290000048307,false,תנובה קוטג זיתים 5%,Unknown,,תנובה קוטג זיתים 5%,,250.00,100 גרם,false,1,6.00,2.40,true,1,23753
7290000048413,false,פיראוס חמד 16%,Unknown,,פיראוס חמד 16%,,250.00,100 גרם,false,1,20.00,8.00,true,1,23754
7290000048437,false,פיראוס צפתית %200 5,Unknown,,פיראוס צפתית %200 5,,200.00,100 גרם,false,1,16.50,8.25,true,1,4419
7290000048937,false,כרטיס Triple SIM 012,Unknown,,כרטיס Triple SIM 012,,0.00,,false,1,38.60,0.00,true,1,16878
7290000049458,false,פיראוס פטה עזים 16%,Unknown,,פיראוס פטה עזים 16%,,250.00,100 גרם,false,1,31.90,12.76,true,1,4420
7290000050447,false,יוגורט יופלה תות 3%,Unknown,,יוגורט יופלה תות 3%,,500.00,100 גרם,false,1,14.90,2.98,true,1,10424
7290000050454,false,יוגורט יופלה אפרסק3%,Unknown,,יוגורט יופלה אפרסק3%,,500.00,100 גרם,false,1,14.90,2.98,true,1,26265
7290000051307,false,הפסקת אוכל עוגי-מארז,Unknown,,הפסקת אוכל עוגי-מארז,,150.00,"100 מ""ל",false,1,10.00,6.67,true,1,10809
7290000051352,false,חלב מלא של פעם 1ל,Unknown,,חלב מלא של פעם 1ל,,1.00,1 ליטר,false,1,8.90,8.90,true,1,26267
7290000051376,false,יופלה דיאט אננס ספור,Unknown,,יופלה דיאט אננס ספור,,150.00,"100 מ""ל",false,1,5.20,3.47,true,1,23763
7290000051710,false,פיראוס לבנה עם ש.זית,Unknown,,פיראוס לבנה עם ש.זית,,263.00,100 גרם,false,1,14.80,5.63,true,1,23762
7290000052304,false,תנובה משקה מוקה340,Unknown,,תנובה משקה מוקה340,,340.00,"100 מ""ל",false,1,7.70,2.26,true,1,11493
7290000052311,false,עמק פרוס בקופסא 15%,Unknown,,עמק פרוס בקופסא 15%,,200.00,100 גרם,false,1,17.90,8.95,true,1,23530
7290000052649,false,פיראוס לאבנה 5% 500ג,Unknown,,פיראוס לאבנה 5% 500ג,,500.00,100 גרם,false,1,21.00,4.20,true,1,23788
7290000052717,false,קוטג שום שמיר 5%,Unknown,,קוטג שום שמיר 5%,,250.00,100 גרם,false,1,6.00,2.40,true,1,23769
7290000052946,false,מארז יוגורט לבן8*150,Unknown,,מארז יוגורט לבן8*150,,1.20,"1 ק""ג",false,1,23.50,19.58,false,1,26190
7290000053981,false,מאגדת יופלה תותאפרסק,Unknown,,מאגדת יופלה תותאפרסק,,1.20,"1 ק""ג",false,1,30.50,25.42,false,1,26191
7290000053998,false,מארז יוגורט לבן טבעי,Unknown,,מארז יוגורט לבן טבעי,,1.20,"1 ק""ג",false,1,19.90,16.58,false,1,26192
7290000055015,false,פיראוס פטה כבשים,Unknown,,פיראוס פטה כבשים,,250.00,100 גרם,false,1,29.00,11.60,true,1,23813
7290000055206,false,גבינה לבנה בטעם בצל,Unknown,,גבינה לבנה בטעם בצל,,250.00,100 גרם,false,1,6.00,2.40,true,1,13402
7290000055329,false,יופלה משקה תות מלון,Unknown,,יופלה משקה תות מלון,,250.00,100 גרם,false,1,6.50,2.60,true,1,12913
7290000055336,false,יופלה  משקה בננה אפר,Unknown,,יופלה  משקה בננה אפר,,250.00,100 גרם,false,1,6.50,2.60,true,1,12914
7290000055343,false,יופלה משקה טרופי,Unknown,,יופלה משקה טרופי,,250.00,100 גרם,false,1,6.50,2.60,true,1,12915
7290000055565,false,מאגדת מצופים שוקו,Unknown,,מאגדת מצופים שוקו,,600.00,100 גרם,false,1,32.00,5.33,true,1,24263
7290000055893,false,חמאה 200 גרם מהדרין,Unknown,,חמאה 200 גרם מהדרין,,200.00,100 גרם,false,1,7.88,3.94,false,1,21951
7290000056081,false,מארז יוגורט פרילי*6,Unknown,,מארז יוגורט פרילי*6,,1.20,"1 ק""ג",false,1,25.50,21.25,false,1,26193
7290000056272,false,גבינה לבנה עם זיתים,Unknown,,גבינה לבנה עם זיתים,,250.00,100 גרם,false,1,5.90,2.36,true,1,13400
7290000056845,false,תנובה חלב 3% 1.5ל,Unknown,,תנובה חלב 3% 1.5ל,,1.50,1 ליטר,false,1,9.34,6.23,false,1,20848
7290000056890,false,יופלה דיאט 8יח,Unknown,,יופלה דיאט 8יח,,1.20,"1 ק""ג",false,1,33.00,27.50,true,1,24953
7290000056906,false,מארז יוגרט יופלה לבן,Unknown,,מארז יוגרט יופלה לבן,,1.20,"1 ק""ג",false,1,19.90,16.58,false,1,26195
7290000056951,false,השף הלבן ש.לבישול15%,Unknown,,השף הלבן ש.לבישול15%,,500.00,"100 מ""ל",false,1,16.60,3.32,true,1,23806
7290000056968,false,שף לבן ש.מתוקה38%,Unknown,,שף לבן ש.מתוקה38%,,500.00,"100 מ""ל",false,1,12.94,2.59,true,1,23789
7290000057088,false,עמק דק דק 28% 200גר,Unknown,,עמק דק דק 28% 200גר,,200.00,100 גרם,false,1,17.90,8.95,true,1,21351
7290000057118,false,המעדניה של עמק 400ג,Unknown,,המעדניה של עמק 400ג,,400.00,100 גרם,false,1,24.00,6.00,true,1,24615
7290000057132,false,יוגורט תנובה 1.5%,Unknown,,יוגורט תנובה 1.5%,,200.00,100 גרם,false,1,3.60,1.80,true,1,20709
7290000057149,false,יוגורט תנובה 3%,Unknown,,יוגורט תנובה 3%,,200.00,100 גרם,false,1,3.60,1.80,true,1,20710
7290000057477,false,חלב טרי 1.5 ליטר,Unknown,,חלב טרי 1.5 ליטר,,1.50,1 ליטר,false,1,9.34,6.23,false,1,22900
7290000057552,false,יופלה דיאט ע.גבינה,Unknown,,יופלה דיאט ע.גבינה,,150.00,100 גרם,false,1,5.20,3.47,true,1,23764
7290000057934,false,שוקו תנובה 1 ליטר,Unknown,,שוקו תנובה 1 ליטר,,1.00,1 ליטר,false,1,13.50,13.50,true,1,26273
7290000058030,false,שטוזים מ.יוגורט תות,Unknown,,שטוזים מ.יוגורט תות,,848.00,100 גרם,false,1,22.00,2.59,true,1,23790
7290000058047,false,שמנת 38% מהדרין,Unknown,,שמנת 38% מהדרין,,500.00,"100 מ""ל",false,1,12.94,2.59,true,1,27269
7290000058580,false,קוקילידה וניל,Unknown,,קוקילידה וניל,,80.00,100 גרם,false,1,12.90,16.12,true,1,3599
7290000058979,false,גיל בטעם תות,Unknown,,גיל בטעם תות,,125.00,"100 מ""ל",false,1,2.00,1.60,true,1,24991
7290000060071,false,פריכונים-טבעי,Unknown,,פריכונים-טבעי,,80.00,100 גרם,false,1,9.90,12.38,true,1,3689
7290000060088,false,בייגלה מקלות מלוחים,Unknown,,בייגלה מקלות מלוחים,,400.00,100 גרם,false,1,14.50,3.62,true,1,3499
7290000060163,false,אטריות דקות 400 גר,Unknown,,אטריות דקות 400 גר,,400.00,100 גרם,false,1,9.90,2.48,true,1,24231
7290000060200,false,פתיתים אפוים קוסקוס,Unknown,,פתיתים אפוים קוסקוס,,500.00,100 גרם,false,1,9.90,1.98,true,1,23529
7290000060217,false,פסטה אסם,Unknown,,פסטה אסם,,500.00,100 גרם,false,1,7.00,1.40,true,1,24905
7290000060248,false,פסטה אסם תלתלים,Unknown,,פסטה אסם תלתלים,,500.00,100 גרם,false,1,7.00,1.40,true,1,24477
7290000060316,false,פרפקטו-ספגטי 500 גר,Unknown,,פרפקטו-ספגטי 500 גר,,500.00,100 גרם,false,1,8.90,1.78,true,1,23657
7290000060330,false,פרפקטו ספרילי 500 ג,Unknown,,פרפקטו ספרילי 500 ג,,500.00,100 גרם,false,1,8.90,1.78,true,1,24240
7290000060408,false,פסטה פתיתים טבעות500,Unknown,,פסטה פתיתים טבעות500,,500.00,100 גרם,false,1,9.90,1.98,true,1,24252
7290000060576,false,פסטה פתיתים כוכב 500,Unknown,,פסטה פתיתים כוכב 500,,500.00,100 גרם,false,1,9.90,1.98,true,1,24251
7290000060781,false,פסטה מסולסלים 500 גר,Unknown,,פסטה מסולסלים 500 גר,,500.00,100 גרם,false,1,7.00,1.40,true,1,12138
7290000060811,false,אקסטרים מטבע ענק,Unknown,,אקסטרים מטבע ענק,,120.00,100 גרם,false,1,12.90,10.75,true,1,14261
7290000060828,false,פסטה קרניים בינוני,Unknown,,פסטה קרניים בינוני,,500.00,100 גרם,false,1,7.00,1.40,true,1,20641
7290000060842,false,פסטה צדפים גדול 500,Unknown,,פסטה צדפים גדול 500,,500.00,100 גרם,false,1,7.00,1.40,true,1,24248
7290000060859,false,פסטה צדף קטן 500 גר,Unknown,,פסטה צדף קטן 500 גר,,500.00,100 גרם,false,1,7.00,1.40,true,1,24249
7290000060880,false,ספגטי אסם -500 גר,Unknown,,ספגטי אסם -500 גר,,500.00,100 גרם,false,1,7.00,1.40,true,1,12139
7290000060903,false,פתיתים אפוים אורז,Unknown,,פתיתים אפוים אורז,,500.00,100 גרם,false,1,9.90,1.98,true,1,13018
7290000060958,false,פסטה אטריות בינוניות,Unknown,,פסטה אטריות בינוניות,,400.00,100 גרם,false,1,9.90,2.48,true,1,23907
7290000060965,false,אטריות רחבות 400 גר,Unknown,,אטריות רחבות 400 גר,,400.00,100 גרם,false,1,9.90,2.48,true,1,24250
7290000060972,false,איטריות דקיקות 400 ג,Unknown,,איטריות דקיקות 400 ג,,400.00,100 גרם,false,1,9.90,2.48,true,1,24244
7290000061061,false,קרקר בצל,Unknown,,קרקר בצל,,250.00,100 גרם,false,1,13.50,5.40,true,1,24284
7290000061085,false,רוטב צילי מתוק,Unknown,,רוטב צילי מתוק,,290.00,"100 מ""ל",false,1,12.90,4.45,true,1,24286
7290000061108,false,רוטב טריאקי 290 מל,Unknown,,רוטב טריאקי 290 מל,,290.00,"100 מ""ל",false,1,12.90,4.45,true,1,23655
7290000061245,false,עוגיות שוקולד ציפס,Unknown,,עוגיות שוקולד ציפס,,220.00,100 גרם,false,1,15.90,7.23,true,1,14585
7290000061764,false,רד מאג נסקפה 200,Unknown,,רד מאג נסקפה 200,,200.00,100 גרם,false,1,29.00,14.50,true,1,1176
7290000063102,false,קמח תופח אסם 350 גר,Unknown,,קמח תופח אסם 350 גר,,350.00,100 גרם,false,1,5.90,1.69,true,1,23654
7290000063140,false,שקדי מרק שקית 400 גר,Unknown,,שקדי מרק שקית 400 גר,,400.00,100 גרם,false,1,15.90,3.98,true,1,12147
7290000063157,false,קמח עוגה תופח 1 קג,Unknown,,קמח עוגה תופח 1 קג,,1.00,"1 ק""ג",false,1,11.50,11.50,true,1,4625
7290000064758,false,קוסקוס אמיתי בשקית,Unknown,,קוסקוס אמיתי בשקית,,350.00,100 גרם,false,1,9.90,2.83,true,1,13052
7290000064871,false,מנה חמה פירה ובצל,Unknown,,מנה חמה פירה ובצל,,56.00,100 גרם,false,1,10.00,17.86,true,1,1939
7290000065090,false,קרוטונים למרק - מיני,Unknown,,קרוטונים למרק - מיני,,400.00,100 גרם,false,1,27.90,6.98,true,1,24255
7290000065335,false,מנה חמה פירה+ירקות,Unknown,,מנה חמה פירה+ירקות,,55.00,100 גרם,false,1,10.00,18.18,true,1,1067
7290000065557,false,מנה חמה קוסקוס וירקו,Unknown,,מנה חמה קוסקוס וירקו,,84.00,100 גרם,false,1,10.00,11.90,true,1,1069
7290000065977,false,פריכוני תירס שומשום,Unknown,,פריכוני תירס שומשום,,80.00,100 גרם,false,1,9.90,12.38,true,1,20057
7290000066134,false,ביסלי פלאפל 70 גר,Unknown,,ביסלי פלאפל 70 גר,,70.00,100 גרם,false,1,7.50,10.71,true,1,572
7290000066141,false,ביסלי גריל 70 גר,Unknown,,ביסלי גריל 70 גר,,70.00,100 גרם,false,1,7.50,10.71,true,1,573
7290000066172,false,ביסלי פיצה 70גר,Unknown,,ביסלי פיצה 70גר,,70.00,100 גרם,false,1,7.50,10.71,true,1,576
7290000066189,false,ביסלי פלאפל 200 גר,Unknown,,ביסלי פלאפל 200 גר,,200.00,100 גרם,false,1,12.50,6.25,true,1,577
7290000066196,false,ביסלי  גריל 200 גר,Unknown,,ביסלי  גריל 200 גר,,200.00,100 גרם,false,1,12.50,6.25,true,1,578
7290000066226,false,ביסלי פיצה 200 גר,Unknown,,ביסלי פיצה 200 גר,,200.00,100 גרם,false,1,12.50,6.25,true,1,546
7290000066264,false,דובונים היסטרי 40,Unknown,,דובונים היסטרי 40,,40.00,100 גרם,false,1,7.00,17.50,true,1,596
7290000066295,false,במבה תות 25 גר,Unknown,,במבה תות 25 גר,,30.00,100 גרם,false,1,4.50,15.00,true,1,558
7290000066318,false,במבה אסם 80 גר,Unknown,,במבה אסם 80 גר,,80.00,100 גרם,false,1,7.90,9.88,true,1,560
7290000066332,false,אפרופו 50 גר,Unknown,,אפרופו 50 גר,,50.00,100 גרם,false,1,8.00,16.00,true,1,581
7290000066349,false,אפרופו 100 גר,Unknown,,אפרופו 100 גר,,100.00,100 גרם,false,1,12.50,12.50,true,1,582
7290000066431,false,פופקו תירס 80,Unknown,,פופקו תירס 80,,80.00,100 גרם,false,1,7.60,9.50,true,1,520
7290000067070,false,עוגיות מיני שוקולד,Unknown,,עוגיות מיני שוקולד,,300.00,100 גרם,false,1,13.90,4.63,true,1,1108
7290000067131,false,אסם גלי בזק תות כשלפ,Unknown,,אסם גלי בזק תות כשלפ,,88.00,100 גרם,false,1,7.90,8.98,true,1,26408
7290000067537,false,ביסלי גריל 70ג,Unknown,,ביסלי גריל 70ג,,70.00,100 גרם,false,1,7.50,10.71,true,1,10284
7290000067544,false,פירורית זהב 200 גר,Unknown,,פירורית זהב 200 גר,,200.00,100 גרם,false,1,7.90,3.95,true,1,13020
7290000067551,false,ביסלי בצל 70גר,Unknown,,ביסלי בצל 70גר,,70.00,100 גרם,false,1,7.50,10.71,true,1,10285
7290000067568,false,ביסלי ברביקיו,Unknown,,ביסלי ברביקיו,,70.00,100 גרם,false,1,7.50,10.71,true,1,10283
7290000067599,false,מנה חמה ספגטי בולונז,Unknown,,מנה חמה ספגטי בולונז,,65.00,100 גרם,false,1,10.00,15.38,true,1,1070
7290000067735,false,ניוקי,Unknown,,ניוקי,,500.00,100 גרם,false,1,15.00,3.00,true,1,23483
7290000067742,false,אסם פודינג וניל כשלפ,Unknown,,אסם פודינג וניל כשלפ,,80.00,100 גרם,false,1,7.90,9.88,true,1,26410
7290000068138,false,פודינג וניל אסם 80ג,Unknown,,פודינג וניל אסם 80ג,,80.00,100 גרם,false,1,6.90,8.62,true,1,12129
7290000068152,false,אבקת רוטב צלי כשלפ,Unknown,,אבקת רוטב צלי כשלפ,,22.00,100 גרם,false,1,5.90,26.82,true,1,26409
7290000068190,false,גלי בזק תות שדה,Unknown,,גלי בזק תות שדה,,90.00,100 גרם,false,1,7.90,8.78,true,1,12143
7290000068237,false,גלי בזק פטל צמחי,Unknown,,גלי בזק פטל צמחי,,85.00,100 גרם,false,1,7.90,9.29,true,1,24254
7290000068251,false,גלי בזק אננס צמחי,Unknown,,גלי בזק אננס צמחי,,85.00,100 גרם,false,1,7.90,9.29,true,1,24253
7290000068282,false,מ.ח פירה וירקות כלפ,Unknown,,מ.ח פירה וירקות כלפ,,47.00,100 גרם,false,1,10.00,21.28,true,1,10193
7290000068299,false,מ.ח פירה ופטרי כלפ,Unknown,,מ.ח פירה ופטרי כלפ,,47.00,100 גרם,false,1,10.00,21.28,true,1,10194
7290000068343,false,פריכונים אורז מלא140,Unknown,,פריכונים אורז מלא140,,140.00,100 גרם,false,1,10.90,7.79,true,1,3691
7290000068701,false,שקדי מרק 400 גר,Unknown,,שקדי מרק 400 גר,,400.00,100 גרם,false,1,19.90,4.97,true,1,24256
7290000068770,false,במבה יום הולדת80,Unknown,,במבה יום הולדת80,,80.00,100 גרם,false,1,7.90,9.88,true,1,561
7290000068787,false,במבה יומולדת 25 גר,Unknown,,במבה יומולדת 25 גר,,25.00,100 גרם,false,1,3.90,15.60,true,1,562
7290000069258,false,פרפקטו פנה ריגאטה,Unknown,,פרפקטו פנה ריגאטה,,500.00,100 גרם,false,1,8.90,1.78,true,1,13055
7290000069968,false,קמח עוגה תופח כשלפ,Unknown,,קמח עוגה תופח כשלפ,,200.00,100 גרם,false,1,8.90,4.45,true,1,14201
7290000070308,false,אבקת מרק עוף במיכל,Unknown,,אבקת מרק עוף במיכל,,400.00,100 גרם,false,1,29.00,7.25,true,1,23656
7290000070322,false,אבקת מרק פטריות 400,Unknown,,אבקת מרק פטריות 400,,400.00,100 גרם,false,1,33.90,8.48,true,1,3753
7290000070353,false,אבקת מרק בצל במיכל,Unknown,,אבקת מרק בצל במיכל,,400.00,100 גרם,false,1,33.90,8.48,true,1,4653
7290000070384,false,אסם עדיף ח.סופר כשלפ,Unknown,,אסם עדיף ח.סופר כשלפ,,400.00,100 גרם,false,1,19.90,4.97,true,1,3754
7290000071008,false,שטוחים עם מלח 60 גר,Unknown,,שטוחים עם מלח 60 גר,,60.00,100 גרם,false,1,5.00,8.33,true,1,12068
7290000072067,false,במבה במילוי חלבה,Unknown,,במבה במילוי חלבה,,60.00,100 גרם,false,1,7.90,13.17,true,1,11180
7290000072227,false,רוטב סויה בסגנון סינ,Unknown,,רוטב סויה בסגנון סינ,,290.00,"100 מ""ל",false,1,12.90,4.45,true,1,22168
7290000072333,false,לחמנית דגנים,Unknown,,לחמנית דגנים,,0.00,,false,1,3.00,0.00,true,1,23542
7290000072623,false,קטשופ אסם ב.לחיץ 750,Unknown,,קטשופ אסם ב.לחיץ 750,,750.00,100 גרם,false,1,13.90,1.85,true,1,4125
7290000072630,false,קטשופ אסם חריף 750גר,Unknown,,קטשופ אסם חריף 750גר,,750.00,100 גרם,false,1,15.90,2.12,true,1,24241
7290000072753,false,טסטרס צויס 200 גר,Unknown,,טסטרס צויס 200 גר,,200.00,100 גרם,false,1,36.00,18.00,true,1,3604
7290000072777,false,טסטרס צויס נטול,Unknown,,טסטרס צויס נטול,,200.00,100 גרם,false,1,50.00,25.00,true,1,4655
7290000073125,false,מנה חמה פסטה ועגבניו,Unknown,,מנה חמה פסטה ועגבניו,,62.00,100 גרם,false,1,10.00,16.13,true,1,6943
7290000073750,false,מנה חמה נודלס עוף+יר,Unknown,,מנה חמה נודלס עוף+יר,,70.00,100 גרם,false,1,10.00,14.29,true,1,1952
7290000073767,false,מנה חמה נודלס בקר,Unknown,,מנה חמה נודלס בקר,,70.00,100 גרם,false,1,10.00,14.29,true,1,3504
7290000073774,false,מנה חמה נודלס פיקנטי,Unknown,,מנה חמה נודלס פיקנטי,,70.00,100 גרם,false,1,10.00,14.29,true,1,3505
7290000074153,false,פתי בר שוקו 500 גר,Unknown,,פתי בר שוקו 500 גר,,500.00,100 גרם,false,1,16.90,3.38,true,1,12136
7290000074184,false,פתי בר קלאסי 500 גר,Unknown,,פתי בר קלאסי 500 גר,,500.00,100 גרם,false,1,16.90,3.38,true,1,12132
7290000074245,false,קרם קרקר 250 גר,Unknown,,קרם קרקר 250 גר,,250.00,100 גרם,false,1,11.50,4.60,true,1,3756
7290000074252,false,קרקר שומשום,Unknown,,קרקר שומשום,,250.00,100 גרם,false,1,11.50,4.60,true,1,3757
7290000074276,false,טיבעון קרקר פיקנטי,Unknown,,טיבעון קרקר פיקנטי,,250.00,100 גרם,false,1,12.50,5.00,true,1,3758
7290000074375,false,קרקר זהב 150 גר,Unknown,,קרקר זהב 150 גר,,150.00,100 גרם,false,1,9.00,6.00,true,1,1081
7290000074481,false,לחמית אגוזים 160גר,Unknown,,לחמית אגוזים 160גר,,160.00,100 גרם,false,1,12.90,8.06,true,1,24479
7290000074962,false,עוגיות שוקוציפס 225,Unknown,,עוגיות שוקוציפס 225,,225.00,100 גרם,false,1,12.90,5.73,true,1,1112
7290000075143,false,עוגיות שוקוציפס 200,Unknown,,עוגיות שוקוציפס 200,,200.00,100 גרם,false,1,15.90,7.95,true,1,1114
7290000075204,false,לחמית חיטה מלאה 250,Unknown,,לחמית חיטה מלאה 250,,250.00,100 גרם,false,1,11.50,4.60,true,1,6507
7290000075693,false,ע.שמרים בריוש שוקולד,Unknown,,ע.שמרים בריוש שוקולד,,360.00,100 גרם,false,1,22.50,6.25,true,1,22185
7290000076126,false,בייגלה שמיניות 80 גר,Unknown,,בייגלה שמיניות 80 גר,,80.00,100 גרם,false,1,5.00,6.25,true,1,613
7290000076133,false,בייגלה שמיניות 400 ג,Unknown,,בייגלה שמיניות 400 ג,,400.00,100 גרם,false,1,14.50,3.62,true,1,614
7290000077017,false,קרמוגית  שוקולד 200,Unknown,,קרמוגית  שוקולד 200,,200.00,100 גרם,false,1,14.90,7.45,true,1,1115
7290000077253,false,לחמית כפרית 190ג,Unknown,,לחמית כפרית 190ג,,190.00,100 גרם,false,1,12.90,6.79,true,1,12967
7290000078762,false,פריכונים דבש 80,Unknown,,פריכונים דבש 80,,80.00,100 גרם,false,1,9.90,12.38,true,1,6877
7290000080758,false,טוסטעים פת קלויה,Unknown,,טוסטעים פת קלויה,,100.00,100 גרם,false,1,12.50,12.50,true,1,3695
7290000081663,false,בייגלה שומשום 300 גר,Unknown,,בייגלה שומשום 300 גר,,300.00,100 גרם,false,1,14.50,4.83,true,1,615
7290000083803,false,פ.בקבוק גלוברדנס,Unknown,,פ.בקבוק גלוברדנס,,0.00,,false,1,0.30,0.00,false,1,25252
7290000083807,false,ג.פיקדון רביעייה,Unknown,,ג.פיקדון רביעייה,,0.00,,false,1,1.20,0.00,false,1,27844
7290000098546,false,פיקדון זוג,Unknown,,פיקדון זוג,,0.00,,false,1,0.60,0.00,false,1,806
7290000098678,false,פיקדון שישיה,Unknown,,פיקדון שישיה,,0.00,,false,1,1.80,0.00,false,1,1403
7290000099748,false,פיקדון רבעיייה,Unknown,,פיקדון רבעיייה,,0.00,,false,1,1.20,0.00,false,1,1442
7290000100128,false,סנפרוסט תות שדה קפוא,Unknown,,סנפרוסט תות שדה קפוא,,300.00,100 גרם,false,1,22.00,7.33,true,1,24676
7290000101927,false,סנפרוסט אוכמניות כחל,Unknown,,סנפרוסט אוכמניות כחל,,300.00,100 גרם,false,1,22.00,7.33,true,1,24677
7290000101934,false,סנפרוסט תערובת פ.יער,Unknown,,סנפרוסט תערובת פ.יער,,300.00,100 גרם,false,1,21.90,7.30,true,1,23018
7290000101941,false,סנפרוסט אננס קפוא,Unknown,,סנפרוסט אננס קפוא,,300.00,100 גרם,false,1,21.90,7.30,true,1,25701
7290000101958,false,סנפרוסט מנגו מוקפא,Unknown,,סנפרוסט מנגו מוקפא,,300.00,100 גרם,false,1,21.90,7.30,true,1,25700
7290000103365,false,מרק ירקות סנפרוסט,Unknown,,מרק ירקות סנפרוסט,,550.00,100 גרם,false,1,20.90,3.80,true,1,23045
7290000103457,false,מיני כרובית,Unknown,,מיני כרובית,,600.00,100 גרם,false,1,20.00,3.33,true,1,27302
7290000103471,false,מיני ברוקולי 600,Unknown,,מיני ברוקולי 600,,600.00,100 גרם,false,1,20.00,3.33,true,1,27303
7290000104201,false,סנפרוסט אפונה עדינה,Unknown,,סנפרוסט אפונה עדינה,,600.00,100 גרם,false,1,23.90,3.98,true,1,23667
7290000104218,false,סנפרוסט במיה,Unknown,,סנפרוסט במיה,,600.00,100 גרם,false,1,20.90,3.48,true,1,25639
7290000104676,false,סנפורסט אפונה 800גר,Unknown,,סנפורסט אפונה 800גר,,800.00,100 גרם,false,1,22.90,2.86,true,1,24266
7290000104683,false,סנפרוסט שעועית שלמה,Unknown,,סנפרוסט שעועית שלמה,,800.00,100 גרם,false,1,26.00,3.25,true,1,24267
7290000104690,false,סנפרוסט תירס גרעינים,Unknown,,סנפרוסט תירס גרעינים,,800.00,100 גרם,false,1,21.90,2.74,true,1,24313
7290000104706,false,סנפרוסט גזר גמדי,Unknown,,סנפרוסט גזר גמדי,,800.00,100 גרם,false,1,21.90,2.74,true,1,25654
7290000104713,false,פול ירוק סנפרוסט,Unknown,,פול ירוק סנפרוסט,,800.00,100 גרם,false,1,30.00,3.75,true,1,24400
7290000104720,false,שעועית חתוכה סנפרוסט,Unknown,,שעועית חתוכה סנפרוסט,,800.00,100 גרם,false,1,22.90,2.86,true,1,24404
7290000104737,false,שעועית צהובה חתוכה,Unknown,,שעועית צהובה חתוכה,,800.00,100 גרם,false,1,22.90,2.86,false,1,25712
7290000104744,false,סנפרוסט כרובית,Unknown,,סנפרוסט כרובית,,800.00,100 גרם,false,1,30.00,3.75,true,1,24675
7290000104768,false,תרד עלים 800,Unknown,,תרד עלים 800,,800.00,100 גרם,false,1,30.00,3.75,true,1,27304
7290000104799,false,שעועית לבנה מבושלת,Unknown,,שעועית לבנה מבושלת,,800.00,100 גרם,false,1,23.90,2.99,true,1,23674
7290000104805,false,סנפרוסט גרגירי חומוס,Unknown,,סנפרוסט גרגירי חומוס,,800.00,100 גרם,false,1,23.90,2.99,true,1,24402
7290000104836,false,סנפרוסט שעועית עדינה,Unknown,,סנפרוסט שעועית עדינה,,600.00,100 גרם,false,1,27.90,4.65,true,1,24407
7290000104881,false,סנפרוסט אפונה וגזר,Unknown,,סנפרוסט אפונה וגזר,,800.00,100 גרם,false,1,21.90,2.74,true,1,25626
7290000104911,false,סנפרוסט-לקט נורמנדי,Unknown,,סנפרוסט-לקט נורמנדי,,800.00,100 גרם,false,1,27.90,3.49,true,1,25629
7290000106526,false,סנפרוסט ח.ירוקה 800,Unknown,,סנפרוסט ח.ירוקה 800,,800.00,100 גרם,false,1,32.90,4.11,true,1,25702
7290000107165,false,סנפרוסט חטיף פ.סויה,Unknown,,סנפרוסט חטיף פ.סויה,,400.00,100 גרם,false,1,17.90,4.47,true,1,9701
7290000107189,false,תחתיות ארטישוק,Unknown,,תחתיות ארטישוק,,400.00,100 גרם,false,1,27.00,6.75,true,1,24399
7290000107288,false,ברוקלי,Unknown,,ברוקלי,,1.00,יחידה,false,1,13.80,13.80,true,1,25743
7290000107295,false,סנפרוסט ברוקלי 800גר,Unknown,,סנפרוסט ברוקלי 800גר,,800.00,100 גרם,false,1,29.90,3.74,true,1,24268
7290000107615,false,סנפרוסט לקט אסייתי,Unknown,,סנפרוסט לקט אסייתי,,800.00,100 גרם,false,1,26.90,3.36,false,1,25714
7290000110844,false,כיפלי גריל בדצ,Unknown,,כיפלי גריל בדצ,,70.00,100 גרם,false,1,7.90,11.29,true,1,563
7290000110851,false,כיפלי בצל בדצ,Unknown,,כיפלי בצל בדצ,,70.00,100 גרם,false,1,7.90,11.29,true,1,564
7290000111063,false,מיונז 250,Unknown,,מיונז 250,,250.00,100 גרם,false,1,9.00,3.60,true,1,24367
7290000111186,false,תלמה מיונז 500 גר,Unknown,,תלמה מיונז 500 גר,,500.00,100 גרם,false,1,13.50,2.70,true,1,12130
7290000111360,false,תלמה חרדל 250 גר,Unknown,,תלמה חרדל 250 גר,,250.00,100 גרם,false,1,8.90,3.56,true,1,12131
7290000112220,false,בארכה טחינה 500,Unknown,,בארכה טחינה 500,,500.00,100 גרם,false,1,18.50,3.70,true,1,12343
7290000112503,false,קנור מרק ירקות עשיר,Unknown,,קנור מרק ירקות עשיר,,61.00,100 גרם,false,1,10.90,17.87,true,1,12640
7290000112619,false,מרק עוף 400 גרם,Unknown,,מרק עוף 400 גרם,,400.00,100 גרם,false,1,29.90,7.48,true,1,24469
7290000113180,false,כפלי ציפס בדצ 50 גרם,Unknown,,כפלי ציפס בדצ 50 גרם,,50.00,100 גרם,false,1,7.90,15.80,true,1,24344
7290000113203,false,כיפלי קטשופ בדצ,Unknown,,כיפלי קטשופ בדצ,,50.00,100 גרם,false,1,7.90,15.80,true,1,21063
7290000116884,false,רוטב ברביקיו קנור,Unknown,,רוטב ברביקיו קנור,,350.00,100 גרם,false,1,14.50,4.14,true,1,25641
7290000116921,false,רוטב צילי מתוק,Unknown,,רוטב צילי מתוק,,370.00,100 גרם,false,1,12.90,3.49,true,1,24883
7290000116945,false,רוטב סויה קלאסי,Unknown,,רוטב סויה קלאסי,,300.00,"100 מ""ל",false,1,15.90,5.30,false,1,25746
7290000117720,false,קנור נמס בכוס פטריות,Unknown,,קנור נמס בכוס פטריות,,43.00,100 גרם,false,1,9.00,20.93,true,1,6524
7290000118277,false,קניידלך 65 גר,Unknown,,קניידלך 65 גר,,130.00,100 גרם,false,1,14.00,10.77,true,1,24334
7290000120836,false,הלמנס מיונז 417 גר,Unknown,,הלמנס מיונז 417 גר,,433.00,100 גרם,false,1,14.90,3.44,true,1,24306
7290000120874,false,הלמנס מיונז לייט 433,Unknown,,הלמנס מיונז לייט 433,,476.00,100 גרם,false,1,14.90,3.13,true,1,2126
7290000124841,false,ורד הגליל שוק.חלב*3,Unknown,,ורד הגליל שוק.חלב*3,,300.00,100 גרם,false,1,20.00,6.67,true,1,24713
7290000134147,false,מוסקט טחון,Unknown,,מוסקט טחון,,40.00,100 גרם,false,1,14.90,37.25,true,1,22991
7290000134338,false,אבקת שום 90,Unknown,,אבקת שום 90,,90.00,100 גרם,false,1,9.50,10.56,true,1,26029
7290000134352,false,קינמון טחון 80,Unknown,,קינמון טחון 80,,90.00,100 גרם,false,1,10.90,12.11,true,1,23052
7290000134666,false,רוזמרין-מיכל קטן,Unknown,,רוזמרין-מיכל קטן,,15.00,100 גרם,false,1,5.90,39.33,true,1,23000
7290000134673,false,זנגביל-מיכל קטן,Unknown,,זנגביל-מיכל קטן,,30.00,100 גרם,false,1,5.90,19.67,true,1,23001
7290000134826,false,מיכל זעתר 100 גר,Unknown,,מיכל זעתר 100 גר,,100.00,100 גרם,false,1,9.50,9.50,true,1,5969
7290000134833,false,מיכל כמון 100 גר,Unknown,,מיכל כמון 100 גר,,100.00,100 גרם,false,1,10.90,10.90,true,1,5970
7290000134840,false,מיכל כורכום 100 גר,Unknown,,מיכל כורכום 100 גר,,100.00,100 גרם,false,1,10.90,10.90,true,1,23053
7290000134857,false,פפריקה מתוקה 100 גר,Unknown,,פפריקה מתוקה 100 גר,,100.00,100 גרם,false,1,11.90,11.90,true,1,5973
7290000134864,false,פפריקה חריפה במיכל,Unknown,,פפריקה חריפה במיכל,,100.00,100 גרם,false,1,10.90,10.90,true,1,23054
7290000134871,false,מיכל פלפל שחור 100 ג,Unknown,,מיכל פלפל שחור 100 ג,,100.00,100 גרם,false,1,14.50,14.50,true,1,5971
7290000134987,false,פלפל שחור גרוס 90 ג,Unknown,,פלפל שחור גרוס 90 ג,,90.00,100 גרם,false,1,14.50,16.11,true,1,23055
7290000134994,false,טימין-מיכל קטן,Unknown,,טימין-מיכל קטן,,20.00,100 גרם,false,1,7.50,37.50,true,1,24337
7290000135045,false,משקה אנרגיה XL תפוח,Unknown,,משקה אנרגיה XL תפוח,,250.00,"100 מ""ל",false,1,8.90,3.44,true,1,19867
7290000135052,false,משקה אנרגיה XL מנגו,Unknown,,משקה אנרגיה XL מנגו,,250.00,"100 מ""ל",false,1,8.90,3.44,true,1,19868
7290000135113,false,XL נענע ליים 250,Unknown,,XL נענע ליים 250,,250.00,"100 מ""ל",false,1,8.90,3.44,true,1,20590
7290000135151,false,סודה נגיעות לימון,Unknown,,סודה נגיעות לימון,,275.00,"100 מ""ל",false,1,6.90,2.40,true,1,22238
7290000135168,false,פפסי מקס ליים 330*6,Unknown,,פפסי מקס ליים 330*6,,1.98,1 ליטר,false,1,26.90,12.68,false,1,22253
7290000135175,false,פפסי מקס לימון פחית,Unknown,,פפסי מקס לימון פחית,,330.00,"100 מ""ל",false,1,6.90,2.00,true,1,22239
7290000135182,false,סבן אפ דיאט 330*6,Unknown,,סבן אפ דיאט 330*6,,1.98,1 ליטר,false,1,26.90,12.68,true,1,26832
7290000135342,false,סודה 500 מל בקבוק,Unknown,,סודה 500 מל בקבוק,,500.00,"100 מ""ל",false,1,6.90,1.32,true,1,27992
7290000135557,false,גולדסטאר WILD 330*6,Unknown,,גולדסטאר WILD 330*6,,1.98,1 ליטר,false,1,44.90,21.77,true,1,28072
7290000135625,false,גולדסטאר פחית 500 4י,Unknown,,גולדסטאר פחית 500 4י,,500.00,"100 מ""ל",false,1,29.90,5.74,true,1,22808
7290000135632,false,גולדסטאר UF פחית 4יח,Unknown,,גולדסטאר UF פחית 4יח,,500.00,"100 מ""ל",false,1,35.90,6.94,true,1,22809
7290000135663,false,פפסי מ.דובדבן 330*6,Unknown,,פפסי מ.דובדבן 330*6,,1.98,1 ליטר,false,1,26.90,12.68,true,1,27911
7290000136158,false,פפסי מקס 1.5 ל פ,Unknown,,פפסי מקס 1.5 ל פ,,1.50,1 ליטר,false,1,12.90,8.40,true,1,24101
7290000136240,false,סודה טמפו 1.5 ל פ,Unknown,,סודה טמפו 1.5 ל פ,,1.50,1 ליטר,false,1,8.90,5.73,true,1,24102
7290000136639,false,ערק נח 12 לימונים,Unknown,,ערק נח 12 לימונים,,200.00,"100 מ""ל",false,1,39.90,19.80,false,1,26851
7290000136646,false,נשר מאלט 1.5 ל פ,Unknown,,נשר מאלט 1.5 ל פ,,1.50,1 ליטר,false,1,12.60,8.20,true,1,24103
7290000136776,false,פפסי מקס 6*1.5ל פ,Unknown,,פפסי מקס 6*1.5ל פ,,9.00,1 ליטר,false,1,42.10,4.48,true,1,24104
7290000136790,false,טמפו סודה 6*1.5ל פ,Unknown,,טמפו סודה 6*1.5ל פ,,9.00,1 ליטר,false,1,20.70,2.10,true,1,24105
7290000136806,false,סודה למון ליים 1.5*4,Unknown,,סודה למון ליים 1.5*4,,6.00,1 ליטר,false,1,19.90,3.12,true,1,27912
7290000136813,false,סודה אננס 1.5*4,Unknown,,סודה אננס 1.5*4,,6.00,1 ליטר,false,1,19.90,3.12,true,1,27913
7290000136837,false,סודה נ.אפרסק 1.5*4,Unknown,,סודה נ.אפרסק 1.5*4,,6.00,1 ליטר,false,1,19.90,3.12,true,1,27914
7290000136882,false,ערק נח 12 200 מל,Unknown,,ערק נח 12 200 מל,,200.00,"100 מ""ל",false,1,39.90,19.80,false,1,26852
7290000137513,false,גלידונית וניל 60יח,Unknown,,גלידונית וניל 60יח,,700.00,100 גרם,false,1,50.00,7.14,true,1,15163
7290000137643,false,מאגדת טעמקור,Unknown,,מאגדת טעמקור,,880.00,"100 מ""ל",false,1,40.00,4.55,true,1,23637
7290000143200,false,הוואי מרכך לשיער יבש,Unknown,,הוואי מרכך לשיער יבש,,700.00,"100 מ""ל",false,1,12.00,1.71,true,1,23925
7290000143217,false,הוואי שמפו לשיער יבש,Unknown,,הוואי שמפו לשיער יבש,,700.00,"100 מ""ל",false,1,12.00,1.71,true,1,23926
7290000143255,false,שמפו הוואי רגיל 700,Unknown,,שמפו הוואי רגיל 700,,700.00,"100 מ""ל",false,1,12.00,1.71,true,1,24508
7290000143279,false,שמפו הוואי נ.קשקשים,Unknown,,שמפו הוואי נ.קשקשים,,700.00,"100 מ""ל",false,1,12.00,1.71,false,1,24509
7290000143286,false,מרכך הוואי רגיל 700,Unknown,,מרכך הוואי רגיל 700,,700.00,"100 מ""ל",false,1,12.00,1.71,true,1,24510
7290000144467,false,שמן חמניות בריאות,Unknown,,שמן חמניות בריאות,,1.00,1 ליטר,false,1,18.00,18.00,true,1,24732
7290000144474,false,שמן בריאות קנולה,Unknown,,שמן בריאות קנולה,,1.00,1 ליטר,false,1,18.00,18.00,true,1,20822
7290000148380,false,פיסטוק שקית 200 גרם,Unknown,,פיסטוק שקית 200 גרם,,200.00,100 גרם,false,1,23.90,11.95,true,1,745
7290000148489,false,גרעיני דלעת שקית 200,Unknown,,גרעיני דלעת שקית 200,,200.00,100 גרם,false,1,13.90,6.95,true,1,746
7290000148748,false,גרעיני חמניה שקית200,Unknown,,גרעיני חמניה שקית200,,200.00,100 גרם,false,1,9.00,4.50,true,1,748
7290000161631,false,קליק IN נוגט 38 גר,Unknown,,קליק IN נוגט 38 גר,,38.00,100 גרם,false,1,7.50,19.74,true,1,5589
7290000161648,false,קליק IN חלב 38 גר,Unknown,,קליק IN חלב 38 גר,,38.00,100 גרם,false,1,7.50,19.74,true,1,5591
7290000168173,false,קרנצים תלמה 375 גרם,Unknown,,קרנצים תלמה 375 גרם,,375.00,100 גרם,false,1,28.90,7.71,true,1,24452
7290000169538,false,מרק נמס בכוס עגבניות,Unknown,,מרק נמס בכוס עגבניות,,62.00,100 גרם,false,1,9.00,14.52,false,1,24578
7290000169798,false,עוגי 20% מופחת סוכר,Unknown,,עוגי 20% מופחת סוכר,,500.00,100 גרם,false,1,19.90,3.98,true,1,24058
7290000170053,false,פרה שוקולד חלב 100,Unknown,,פרה שוקולד חלב 100,,100.00,100 גרם,false,1,9.00,9.00,true,1,394
7290000170077,false,פרה שוקולד מריר 100ג,Unknown,,פרה שוקולד מריר 100ג,,100.00,100 גרם,false,1,9.00,9.00,true,1,395
7290000174099,false,עלית ופל שוקולד 500ג,Unknown,,עלית ופל שוקולד 500ג,,500.00,100 גרם,false,1,16.90,3.38,true,1,1090
7290000174723,false,שוקולית 500 גר,Unknown,,שוקולית 500 גר,,500.00,100 גרם,false,1,16.00,3.20,true,1,1171
7290000176062,false,עלית קפה טורקי 100,Unknown,,עלית קפה טורקי 100,,100.00,100 גרם,false,1,10.90,10.90,true,1,1172
7290000176079,false,קפה טורקי עם הל 100ג,Unknown,,קפה טורקי עם הל 100ג,,100.00,100 גרם,false,1,11.00,11.00,true,1,10895
7290000176420,false,עלית קפה נמס 200,Unknown,,עלית קפה נמס 200,,200.00,100 גרם,false,1,28.00,14.00,true,1,1072
7290000178103,false,רביעיה שוקולד חלב,Unknown,,רביעיה שוקולד חלב,,400.00,100 גרם,false,1,25.00,6.25,true,1,16001
7290000178134,false,מאגדת שוקולד מריר*4,Unknown,,מאגדת שוקולד מריר*4,,400.00,100 גרם,false,1,25.00,6.25,true,1,12430
7290000178707,false,תפוציפס טבעי 50 גר,Unknown,,תפוציפס טבעי 50 גר,,50.00,100 גרם,false,1,5.90,11.80,true,1,584
7290000178721,false,תפוציפס טבעי 200 גר,Unknown,,תפוציפס טבעי 200 גר,,200.00,100 גרם,false,1,10.00,5.00,true,1,586
7290000180212,false,פרה שוקול מריר אגוז,Unknown,,פרה שוקול מריר אגוז,,100.00,100 גרם,false,1,9.00,9.00,true,1,402
7290000181103,false,עד חצות ביסקוויט 200,Unknown,,עד חצות ביסקוויט 200,,200.00,100 גרם,false,1,17.90,8.95,true,1,1093
7290000186337,false,ניקול מטליות לחות,Unknown,,ניקול מטליות לחות,,3.00,יחידה,false,1,30.00,10.00,true,1,24948
7290000187860,false,לילי נייר טואלט לח,Unknown,,לילי נייר טואלט לח,,56.00,יחידה,false,1,8.90,0.16,true,1,22169
7290000187921,false,לילי נ.ט קלאסי לבן32,Unknown,,לילי נ.ט קלאסי לבן32,,588.00,100 מטר,false,1,42.00,7.14,true,1,24349
7290000187938,false,לילי נ.ט פסטל 32גליל,Unknown,,לילי נ.ט פסטל 32גליל,,588.00,100 מטר,false,1,42.00,7.14,true,1,20826
7290000188355,false,ניקול מגבת 1/6,Unknown,,ניקול מגבת 1/6,,64.80,1 מטר,false,1,13.90,0.21,true,1,13059
7290000188553,false,קוטקס מ.תחתון נורמל,Unknown,,קוטקס מ.תחתון נורמל,,60.00,יחידה,false,1,22.90,0.38,true,1,24450
7290000189192,false,מטלית חכמה יומית 64,Unknown,,מטלית חכמה יומית 64,,192.00,יחידה,false,1,25.00,0.13,true,1,24609
7290000189215,false,מטלית קסם לרצפה,Unknown,,מטלית קסם לרצפה,,1.00,יחידה,false,1,12.90,12.90,true,1,13026
7290000189260,false,תבנית מלבנית חזקה,Unknown,,תבנית מלבנית חזקה,,34.00,100 גרם,false,1,12.90,37.94,true,1,25687
7290000189277,false,תבנית מלבנית ג.חזקה,Unknown,,תבנית מלבנית ג.חזקה,,57.00,100 גרם,false,1,12.90,22.63,true,1,25688
7290000189505,false,נ.תבנית אפיה אינגליש,Unknown,,נ.תבנית אפיה אינגליש,,214.00,100 גרם,false,1,12.90,6.03,false,1,25779
7290000189536,false,ניקול שקיות אשפה,Unknown,,ניקול שקיות אשפה,,40.00,יחידה,false,1,24.90,0.62,true,1,14093
7290000189550,false,זוג אשפתון ענק XL,Unknown,,זוג אשפתון ענק XL,,760.00,100 גרם,false,1,27.90,3.67,true,1,25689
7290000189598,false,ניקול מט לחות שיש,Unknown,,ניקול מט לחות שיש,,50.00,יחידה,false,1,12.90,0.26,true,1,12464
7290000189659,false,ניקול מטלית לרצפה,Unknown,,ניקול מטלית לרצפה,,10.00,יחידה,false,1,13.50,1.35,true,1,24388
7290000190068,false,ניקול מפיות 100,Unknown,,ניקול מפיות 100,,100.00,יחידה,false,1,9.90,0.10,true,1,7759
7290000190198,false,מטליות לחות לחיטוי,Unknown,,מטליות לחות לחיטוי,,50.00,יחידה,false,1,12.90,0.26,false,1,24531
7290000191225,false,האגיס רך נולד מידה 2,Unknown,,האגיס רך נולד מידה 2,,44.00,יחידה,false,1,40.00,0.91,true,1,24188
7290000191539,false,לילי צבעוני טישו 4+1,Unknown,,לילי צבעוני טישו 4+1,,5.00,יחידה,false,1,19.90,3.98,true,1,24200
7290000191546,false,לילי צבעוני טישו 3יח,Unknown,,לילי צבעוני טישו 3יח,,420.00,100 גרם,false,1,12.90,3.07,true,1,6743
7290000191652,false,מגבוני טישו קליניקס,Unknown,,מגבוני טישו קליניקס,,270.00,יחידה,false,1,13.90,0.05,true,1,24201
7290000195216,false,נייר אפייה 50 יח,Unknown,,נייר אפייה 50 יח,,312.00,100 גרם,false,1,12.90,4.13,true,1,25690
7290000195452,false,האגיס מגבון מבושם די,Unknown,,האגיס מגבון מבושם די,,480.00,100 גרם,false,1,11.90,2.48,true,1,8149
7290000195537,false,האגיס מגבונים רביעיה,Unknown,,האגיס מגבונים רביעיה,,256.00,יחידה,false,1,26.00,0.10,true,1,13057
7290000196039,false,ניקול מפות זוג,Unknown,,ניקול מפות זוג,,2.00,יחידה,false,1,12.90,6.45,true,1,24180
7290000196763,false,השקית החזקה - ניקול,Unknown,,השקית החזקה - ניקול,,618.00,100 גרם,false,1,27.90,4.51,true,1,25691
7290000197425,false,פרידום דריי שלב 3,Unknown,,פרידום דריי שלב 3,,52.00,יחידה,false,1,50.90,0.98,true,1,24183
7290000197432,false,סנדוויצון זוג,Unknown,,סנדוויצון זוג,,300.00,יחידה,false,1,18.50,0.06,true,1,24179
7290000197456,false,פרידום דריי שלב 4,Unknown,,פרידום דריי שלב 4,,44.00,יחידה,false,1,50.90,1.16,true,1,24184
7290000197463,false,פרידום דריי שלב 4 +,Unknown,,פרידום דריי שלב 4 +,,40.00,יחידה,false,1,50.90,1.27,true,1,24185
7290000197548,false,פרידום דריי שלב 5,Unknown,,פרידום דריי שלב 5,,36.00,יחידה,false,1,50.90,1.41,true,1,24186
7290000197654,false,ניקול אשפתון 45 XL,Unknown,,ניקול אשפתון 45 XL,,700.00,100 גרם,false,1,24.90,3.56,true,1,25692
7290000197678,false,האגיס פרידום שלב 6,Unknown,,האגיס פרידום שלב 6,,30.00,יחידה,false,1,50.90,1.70,true,1,24187
7290000197753,false,ניקול נילון נצמד זוג,Unknown,,ניקול נילון נצמד זוג,,30.00,1 מטר,false,1,12.90,0.43,true,1,24276
7290000197876,false,ניקול תבנית אלומניום,Unknown,,ניקול תבנית אלומניום,,155.00,100 גרם,false,1,12.90,8.32,true,1,25651
7290000197883,false,מגשיות אלומיניום 100,Unknown,,מגשיות אלומיניום 100,,155.00,100 גרם,false,1,12.90,8.32,true,1,25640
7290000197951,false,מגשיות אלומיניום כסף,Unknown,,מגשיות אלומיניום כסף,,141.00,100 גרם,false,1,12.90,9.15,true,1,25631
7290000199313,false,קוטקס יאנג תחבושות,Unknown,,קוטקס יאנג תחבושות,,30.00,יחידה,false,1,22.90,0.76,true,1,24340
7290000201795,false,מג האגיס שלישייה,Unknown,,מג האגיס שלישייה,,32.00,יחידה,false,1,20.90,0.65,true,1,24949
7290000204086,false,ניקול סקוטש ארוך שלי,Unknown,,ניקול סקוטש ארוך שלי,,3.00,יחידה,false,1,13.00,4.33,false,1,24302
7290000204215,false,כריות יפניות 6יח ניק,Unknown,,כריות יפניות 6יח ניק,,6.00,יחידה,false,1,12.90,2.15,true,1,24275
7290000204239,false,ניקול מטליות רצפה 4,Unknown,,ניקול מטליות רצפה 4,,4.00,יחידה,false,1,12.90,3.22,true,1,22992
7290000204253,false,ניקול מטליות 9יח,Unknown,,ניקול מטליות 9יח,,9.00,יחידה,false,1,12.90,1.43,true,1,24274
7290000204512,false,ניקול מטלית לימון,Unknown,,ניקול מטלית לימון,,10.00,יחידה,false,1,12.90,1.29,true,1,24739
7290000204611,false,ניקול ספוגית הקסם*6,Unknown,,ניקול ספוגית הקסם*6,,6.00,יחידה,false,1,12.90,2.15,true,1,24420
7290000207162,false,יכין רסק עגבניות 100,Unknown,,יכין רסק עגבניות 100,,100.00,100 גרם,false,1,2.00,2.00,true,1,3938
7290000208077,false,אפונה יכין 50גר,Unknown,,אפונה יכין 50גר,,550.00,100 גרם,false,1,8.00,1.45,true,1,3939
7290000208114,false,יכין אפונה וגזר 540ג,Unknown,,יכין אפונה וגזר 540ג,,550.00,100 גרם,false,1,8.00,1.45,true,1,3940
7290000208138,false,יכין סירופ דיאט ענב1,Unknown,,יכין סירופ דיאט ענב1,,1.00,1 ליטר,false,1,19.90,19.90,true,1,24741
7290000208213,false,יכין שעועית אפויה580,Unknown,,יכין שעועית אפויה580,,580.00,100 גרם,false,1,9.90,1.71,true,1,3941
7290000208329,false,תירס יכין,Unknown,,תירס יכין,,550.00,100 גרם,false,1,7.00,1.27,true,1,3942
7290000208336,false,יכין רוטב עגבניות260,Unknown,,יכין רוטב עגבניות260,,260.00,100 גרם,false,1,4.00,1.54,true,1,24742
7290000208428,false,יכין חומוס 540 גר,Unknown,,יכין חומוס 540 גר,,550.00,100 גרם,false,1,9.90,1.80,true,1,3943
7290000208893,false,יכין גרעיני תירס 400,Unknown,,יכין גרעיני תירס 400,,400.00,100 גרם,false,1,6.50,1.62,true,1,24743
7290000209371,false,יכין גרעיני תירס*3,Unknown,,יכין גרעיני תירס*3,,600.00,100 גרם,false,1,13.90,2.32,true,1,24744
7290000209524,false,יכין סירופ דיאט פטל1,Unknown,,יכין סירופ דיאט פטל1,,1.00,1 ליטר,false,1,19.90,19.90,true,1,24745
7290000209722,false,רסק עגבניות פריכון,Unknown,,רסק עגבניות פריכון,,580.00,100 גרם,false,1,10.50,1.81,true,1,24360
7290000209951,false,רוטב פיצה יכין,Unknown,,רוטב פיצה יכין,,240.00,100 גרם,false,1,6.00,2.50,true,1,13732
7290000211169,false,סוגת אורז תאילנדי 1ק,Unknown,,סוגת אורז תאילנדי 1ק,,1.00,"1 ק""ג",false,1,9.00,9.00,true,1,20832
7290000211312,false,אורז פרסי מלא 1 קג,Unknown,,אורז פרסי מלא 1 קג,,1.00,"1 ק""ג",false,1,11.00,11.00,true,1,24312
7290000211374,false,קמח מלא 1 קג,Unknown,,קמח מלא 1 קג,,1.00,"1 ק""ג",false,1,8.50,8.50,true,1,24746
7290000211442,false,אורז פרסי 1 קג,Unknown,,אורז פרסי 1 קג,,1.00,"1 ק""ג",false,1,13.90,13.90,true,1,3908
7290000211503,false,סוכר סוגת 1 קג-שקית,Unknown,,סוכר סוגת 1 קג-שקית,,1.00,"1 ק""ג",false,1,6.00,6.00,true,1,1059
7290000211985,false,אורז ריזוטו 1 קג,Unknown,,אורז ריזוטו 1 קג,,1.00,"1 ק""ג",false,1,12.00,12.00,true,1,5637
7290000226514,false,עוגת דובוש ר.חלב,Unknown,,עוגת דובוש ר.חלב,,450.00,100 גרם,false,1,42.90,9.53,false,1,28037
7290000226613,false,עוגת דובוש מ.שוקולד,Unknown,,עוגת דובוש מ.שוקולד,,450.00,100 גרם,false,1,42.90,9.53,false,1,28038
7290000238029,false,מעדנות בצק עלים 1קג,Unknown,,מעדנות בצק עלים 1קג,,1.00,"1 ק""ג",false,1,29.00,29.00,true,1,5934
7290000238036,false,מעדנות מלוואח 700גר,Unknown,,מעדנות מלוואח 700גר,,700.00,100 גרם,false,1,21.90,3.13,true,1,5935
7290000238173,false,מעדנות בורקס גבינ800,Unknown,,מעדנות בורקס גבינ800,,800.00,100 גרם,false,1,27.90,3.49,true,1,5932
7290000238180,false,מעדנות בורקס תפוא800,Unknown,,מעדנות בורקס תפוא800,,800.00,100 גרם,false,1,24.90,3.11,true,1,5933
7290000240541,false,ריבועי ב.בורקס 800ג,Unknown,,ריבועי ב.בורקס 800ג,,800.00,100 גרם,false,1,28.90,3.61,false,1,25781
7290000243177,false,שמן סויה מזוכך,Unknown,,שמן סויה מזוכך,,920.00,"100 מ""ל",false,1,9.50,1.03,false,1,20836
7290000253220,false,שוק ציפס,Unknown,,שוק ציפס,,260.00,100 גרם,false,1,14.00,5.38,true,1,24373
7290000253251,false,שוקולד ציפס לבן,Unknown,,שוקולד ציפס לבן,,200.00,100 גרם,false,1,14.00,7.00,true,1,24700
7290000260853,false,ספרינג מנגו 1.5 ל,Unknown,,ספרינג מנגו 1.5 ל,,1.50,1 ליטר,false,1,11.90,7.93,true,1,3955
7290000262031,false,מולט לב אדום נ.טואלט,Unknown,,מולט לב אדום נ.טואלט,,736.00,100 מטר,false,1,35.90,4.88,true,1,20825
7290000263359,false,האגיס פרידום NB,Unknown,,האגיס פרידום NB,,40.00,יחידה,false,1,40.00,1.00,false,1,24182
7290000266107,false,כריך טונה,Unknown,,כריך טונה,,0.00,,false,1,18.00,0.00,true,1,14948
7290000266206,false,עינת טוניסאי שמינייה,Unknown,,עינת טוניסאי שמינייה,,260.00,100 גרם,false,1,18.00,6.92,true,1,12076
7290000272696,false,מיץ לימון משומר-עסיס,Unknown,,מיץ לימון משומר-עסיס,,1.00,1 ליטר,false,1,14.90,14.90,true,1,24243
7290000272726,false,חומץ טבעי 1 ל עסיס,Unknown,,חומץ טבעי 1 ל עסיס,,1.00,1 ליטר,false,1,9.90,9.90,true,1,3519
7290000281414,false,ברוקלי,Unknown,,ברוקלי,,1.00,יחידה,false,1,12.80,12.80,true,1,25785
7290000285849,false,שוופס סודה 1.5 ליטר,Unknown,,שוופס סודה 1.5 ליטר,,1.50,1 ליטר,false,1,8.00,5.33,true,1,6054
7290000286228,false,סנו סושי שישיית ספוג,Unknown,,סנו סושי שישיית ספוג,,6.00,יחידה,false,1,14.50,2.42,true,1,24749
7290000286549,false,מטליות לכל 9 יח,Unknown,,מטליות לכל 9 יח,,9.00,יחידה,false,1,14.80,1.64,false,1,23909
7290000286761,false,סנו סושי פלסטיק נצמד,Unknown,,סנו סושי פלסטיק נצמד,,15.00,1 מטר,false,1,14.80,0.99,true,1,23911
7290000287430,false,סנובון שלישיה צבעוני,Unknown,,סנובון שלישיה צבעוני,,3.00,יחידה,false,1,15.00,5.00,true,1,24750
7290000288017,false,1ל לימון JAVEL,Unknown,,1ל לימון JAVEL,,1.00,1 ליטר,false,1,10.00,10.00,true,1,12427
7290000288024,false,זאוול  לימון 4 ליטר,Unknown,,זאוול  לימון 4 ליטר,,4.00,1 ליטר,false,1,20.00,5.00,false,1,24091
7290000288079,false,סנו זאוול לימון 2ל,Unknown,,סנו זאוול לימון 2ל,,2.00,1 ליטר,false,1,15.00,7.50,true,1,24326
7290000288109,false,מקסימה גאוול 1.25 ק,Unknown,,מקסימה גאוול 1.25 ק,,1.25,"1 ק""ג",false,1,17.90,14.32,true,1,24751
7290000288352,false,K - 300,Unknown,,K - 300,,630.00,"100 מ""ל",false,1,28.90,4.59,false,1,24238
7290000288413,false,סנו די - רולאון,Unknown,,סנו די - רולאון,,50.00,"100 מ""ל",false,1,22.90,45.80,true,1,1854
7290000289069,false,גאוול מרסס לימון,Unknown,,גאוול מרסס לימון,,1.00,1 ליטר,false,1,21.90,21.90,false,1,24417
7290000289748,false,פורטה פלוס לתנורים,Unknown,,פורטה פלוס לתנורים,,750.00,"100 מ""ל",false,1,19.00,2.53,true,1,24330
7290000292311,false,פוליוקס 2 ל סחלבים,Unknown,,פוליוקס 2 ל סחלבים,,2.00,1 ליטר,false,1,25.00,12.50,true,1,24293
7290000292687,false,סנובון כחול שלישיה,Unknown,,סנובון כחול שלישיה,,165.00,100 גרם,false,1,20.00,12.12,true,1,24295
7290000293943,false,סנו אנטי קאלק+מתז 1ל,Unknown,,סנו אנטי קאלק+מתז 1ל,,1.00,1 ליטר,false,1,23.90,23.90,true,1,24416
7290000295336,false,מקסימה סנסיטיב 1.25ק,Unknown,,מקסימה סנסיטיב 1.25ק,,1.25,"1 ק""ג",false,1,17.90,14.32,true,1,24392
7290000295404,false,50/70  רב שקית 60,Unknown,,50/70  רב שקית 60,,60.00,יחידה,false,1,28.90,0.48,false,1,24511
7290000295503,false,סנו סושי 150 שקיות ב,Unknown,,סנו סושי 150 שקיות ב,,300.00,יחידה,false,1,19.00,0.06,true,1,24296
7290000295558,false,צמד רדיד אלומיניום,Unknown,,צמד רדיד אלומיניום,,0.00,,false,1,14.90,0.00,true,1,24329
7290000300900,false,טבעול תירס 750גר,Unknown,,טבעול תירס 750גר,,750.00,100 גרם,false,1,36.90,4.92,true,1,23659
7290000302027,false,פאקט טיים RED,Unknown,,פאקט טיים RED,,0.00,,false,1,300.00,0.00,false,1,2529
7290000302041,false,פאקט טיים RED 100,Unknown,,פאקט טיים RED 100,,0.00,,false,1,300.00,0.00,false,1,2531
7290000302065,false,ברודווי 80,Unknown,,ברודווי 80,,0.00,,false,1,300.00,0.00,false,1,25227
7290000302089,false,ברודווי 100,Unknown,,ברודווי 100,,0.00,,false,1,300.00,0.00,false,1,25228
7290000302102,false,מונטנה פילטר,Unknown,,מונטנה פילטר,,0.00,,false,1,310.00,0.00,false,1,25229
7290000302126,false,אירופה פאקט,Unknown,,אירופה פאקט,,0.00,,false,1,300.00,0.00,false,1,20920
7290000302188,false,שרתון,Unknown,,שרתון,,0.00,,false,1,300.00,0.00,false,1,25230
7290000302201,false,נלסון,Unknown,,נלסון,,0.00,,false,1,300.00,0.00,false,1,25231
7290000302225,false,פאקט נובלס פילטר,Unknown,,פאקט נובלס פילטר,,0.00,,false,1,300.00,0.00,false,1,2535
7290000302287,false,גולף,Unknown,,גולף,,0.00,,false,1,310.00,0.00,false,1,25232
7290000302294,false,פאקט גולף 100 GOLD,Unknown,,פאקט גולף 100 GOLD,,0.00,,false,1,310.00,0.00,false,1,2953
7290000302300,false,פאקט נובלס בלנד,Unknown,,פאקט נובלס בלנד,,0.00,,false,1,300.00,0.00,false,1,2536
7290000302409,false,פאקט טיים BLUE,Unknown,,פאקט טיים BLUE,,0.00,,false,1,300.00,0.00,false,1,2532
7290000302515,false,מוסטנג רד,Unknown,,מוסטנג רד,,0.00,,false,1,260.00,0.00,false,1,25233
7290000302621,false,פאקט טיים BLUE 100,Unknown,,פאקט טיים BLUE 100,,0.00,,false,1,300.00,0.00,false,1,2533
7290000302805,false,גולף סופר סלימס,Unknown,,גולף סופר סלימס,,0.00,,false,1,310.00,0.00,false,1,25234
7290000302874,false,גולף סלימס מנטול,Unknown,,גולף סלימס מנטול,,0.00,,false,1,310.00,0.00,false,1,25235
7290000302881,false,גולף גולד 100 פ.ע,Unknown,,גולף גולד 100 פ.ע,,0.00,,false,1,310.00,0.00,false,1,25236
7290000302898,false,גולף סילבר 100 פ.ע,Unknown,,גולף סילבר 100 פ.ע,,0.00,,false,1,310.00,0.00,false,1,25237
7290000304663,false,סלט טונה 160 גר,Unknown,,סלט טונה 160 גר,,160.00,100 גרם,false,1,7.00,4.38,true,1,23726
7290000313160,false,עוגיות זהבה ו3הדובים,Unknown,,עוגיות זהבה ו3הדובים,,250.00,100 גרם,false,1,10.50,4.20,true,1,23672
7290000313290,false,נודלס-אטריות מסולסלו,Unknown,,נודלס-אטריות מסולסלו,,200.00,100 גרם,false,1,12.50,6.25,true,1,24285
7290000318127,false,נקניקיות ביס 380ג,Unknown,,נקניקיות ביס 380ג,,380.00,100 גרם,false,1,13.00,3.42,true,1,25068
7290000318479,false,יחיעם פרושטו בקר 100,Unknown,,יחיעם פרושטו בקר 100,,100.00,100 גרם,false,1,29.00,29.00,true,1,24444
7290000318677,false,יחיעם סלמי סרוולט150,Unknown,,יחיעם סלמי סרוולט150,,150.00,100 גרם,false,1,24.00,16.00,true,1,24447
7290000318943,false,יחיעם פסטרמה של פעם,Unknown,,יחיעם פסטרמה של פעם,,200.00,100 גרם,false,1,24.90,12.45,true,1,28060
7290000319063,false,כתף בקר מפולפל 150ג,Unknown,,כתף בקר מפולפל 150ג,,150.00,100 גרם,false,1,12.90,8.60,true,1,28061
7290000319131,false,נקניקיות עוף 400גר,Unknown,,נקניקיות עוף 400גר,,400.00,100 גרם,false,1,13.00,3.25,true,1,25069
7290000319520,false,יחיעם סלמי צרפתי 100,Unknown,,יחיעם סלמי צרפתי 100,,150.00,100 גרם,false,1,18.00,12.00,true,1,24445
7290000319803,false,יחיעם קבנוס קלאסי125,Unknown,,יחיעם קבנוס קלאסי125,,125.00,100 גרם,false,1,17.50,14.00,true,1,24753
7290000319834,false,קבנוס פפרוני קלאסי,Unknown,,קבנוס פפרוני קלאסי,,125.00,100 גרם,false,1,17.90,14.32,true,1,24499
7290000327020,false,פפסי פחית 330*6 כשלפ,Unknown,,פפסי פחית 330*6 כשלפ,,1.98,1 ליטר,false,1,26.90,12.68,true,1,26826
7290000327037,false,מירנדה 330*6 כשלפ,Unknown,,מירנדה 330*6 כשלפ,,1.98,1 ליטר,false,1,26.90,12.68,true,1,26825
7290000327044,false,סבן אפ 330*6 כשלפ,Unknown,,סבן אפ 330*6 כשלפ,,1.98,1 ליטר,false,1,26.90,12.68,true,1,26828
7290000327051,false,סודה אננס 500*6,Unknown,,סודה אננס 500*6,,500.00,"100 מ""ל",false,1,18.90,3.42,true,1,27121
7290000327075,false,סודה לימון 500*6,Unknown,,סודה לימון 500*6,,500.00,"100 מ""ל",false,1,18.90,3.42,true,1,27122
7290000327112,false,סודה אננס 500 מל,Unknown,,סודה אננס 500 מל,,500.00,"100 מ""ל",false,1,7.90,1.52,true,1,27123
7290000327129,false,סודה לימון 500 מל,Unknown,,סודה לימון 500 מל,,500.00,"100 מ""ל",false,1,7.90,1.52,true,1,27124
7290000327136,false,גולד סטאר b.roast*6,Unknown,,גולד סטאר b.roast*6,,1.98,"100 מ""ל",false,1,44.90,2176.77,false,1,27455
7290000334042,false,תפוגן טוגן 6*2קג,Unknown,,תפוגן טוגן 6*2קג,,2.00,"1 ק""ג",false,1,27.00,13.50,true,1,24692
7290000334684,false,תפוגן טבעות בצל,Unknown,,תפוגן טבעות בצל,,700.00,100 גרם,false,1,21.00,3.00,true,1,23665
7290000334745,false,אמריקן ציפס תפוגן,Unknown,,אמריקן ציפס תפוגן,,1.50,"1 ק""ג",false,1,25.00,16.67,false,1,23510
7290000334912,false,תפוגן טוגן 800 גר,Unknown,,תפוגן טוגן 800 גר,,800.00,100 גרם,false,1,12.50,1.56,true,1,23666
7290000336282,false,סיידר תפוח 300 מל,Unknown,,סיידר תפוח 300 מל,,300.00,"100 מ""ל",false,1,10.90,3.53,false,1,3249
7290000339566,false,בדיו ורוד מ.כ. 4 ל,Unknown,,בדיו ורוד מ.כ. 4 ל,,4.00,1 ליטר,false,1,24.90,6.22,true,1,24369
7290000342856,false,בדין כחול 4 ל,Unknown,,בדין כחול 4 ל,,4.00,1 ליטר,false,1,24.90,6.22,true,1,24389
7290000345260,false,תה ויסוצקי קלאסי 25י,Unknown,,תה ויסוצקי קלאסי 25י,,38.00,100 גרם,false,1,9.00,23.68,true,1,1864
7290000345284,false,תה קלאסי קופסא 100יח,Unknown,,תה קלאסי קופסא 100יח,,150.00,100 גרם,false,1,27.90,18.60,true,1,24245
7290000345291,false,תה ארל גריי 25שקיקים,Unknown,,תה ארל גריי 25שקיקים,,38.00,100 גרם,false,1,20.90,55.00,true,1,1865
7290000345536,false,תה נענע 25 שקיות,Unknown,,תה נענע 25 שקיות,,25.00,יחידה,false,1,21.90,0.88,true,1,1866
7290000346120,false,קסם הקינמון 25 שקיק,Unknown,,קסם הקינמון 25 שקיק,,25.00,יחידה,false,1,25.90,1.04,true,1,24246
7290000346137,false,הילולי פירות 25 שקיק,Unknown,,הילולי פירות 25 שקיק,,25.00,יחידה,false,1,25.90,1.04,true,1,1868
7290000346199,false,חליטת פירות יער,Unknown,,חליטת פירות יער,,25.00,יחידה,false,1,25.90,1.04,true,1,1870
7290000346205,false,תה ויסוצקי קמומיל,Unknown,,תה ויסוצקי קמומיל,,38.00,100 גרם,false,1,25.90,68.16,true,1,1871
7290000347738,false,ויסוצקי תה ירוק+נענע,Unknown,,ויסוצקי תה ירוק+נענע,,38.00,100 גרם,false,1,21.90,57.63,true,1,1873
7290000347752,false,ויסוצקי ירוק לימונית,Unknown,,ויסוצקי ירוק לימונית,,38.00,100 גרם,false,1,21.90,57.63,true,1,1874
7290000363363,false,ט.צבי קבנוס 160 ג,Unknown,,ט.צבי קבנוס 160 ג,,160.00,100 גרם,false,1,19.50,12.19,true,1,1228
7290000364261,false,ט.צבי סלסולי כתף בקר,Unknown,,ט.צבי סלסולי כתף בקר,,120.00,100 גרם,false,1,19.00,15.83,true,1,22183
7290000364285,false,ט.צבי סלסולי פס.הודו,Unknown,,ט.צבי סלסולי פס.הודו,,120.00,100 גרם,false,1,19.00,15.83,true,1,18029
7290000364292,false,ט.צבי סלסולי פ. גחלי,Unknown,,ט.צבי סלסולי פ. גחלי,,120.00,100 גרם,false,1,19.00,15.83,true,1,18030
7290000364858,false,ט.צבי נקנקיות 1 קג,Unknown,,ט.צבי נקנקיות 1 קג,,1.00,"1 ק""ג",false,1,35.90,35.90,true,1,5928
7290000364872,false,ט.צבי נקנקיות עוף400,Unknown,,ט.צבי נקנקיות עוף400,,400.00,100 גרם,false,1,17.00,4.25,true,1,5927
7290000367590,false,ט.צבי צמד כפרי 800גר,Unknown,,ט.צבי צמד כפרי 800גר,,800.00,100 גרם,false,1,42.00,5.25,true,1,12580
7290000369037,false,סלט קוביות בולגרית,Unknown,,סלט קוביות בולגרית,,200.00,100 גרם,false,1,18.90,9.45,true,1,26898
7290000369365,false,סלט חצילים,Unknown,,סלט חצילים,,200.00,100 גרם,false,1,16.90,8.45,true,1,26893
7290000369617,false,כדורי מעדן גבינה,Unknown,,כדורי מעדן גבינה,,150.00,100 גרם,false,1,22.90,15.27,true,1,26896
7290000369709,false,חמאה מתובלת,Unknown,,חמאה מתובלת,,100.00,100 גרם,false,1,16.90,16.90,true,1,26894
7290000377209,false,בוטן מטוגן 200 גר,Unknown,,בוטן מטוגן 200 גר,,200.00,100 גרם,false,1,11.90,5.95,true,1,762
7290000377445,false,נאש צאנס שקית 200 ג,Unknown,,נאש צאנס שקית 200 ג,,200.00,100 גרם,false,1,11.00,5.50,true,1,765
7290000377452,false,גרעיני אבטיח שקית 20,Unknown,,גרעיני אבטיח שקית 20,,200.00,100 גרם,false,1,18.00,9.00,true,1,766
7290000377612,false,פריגת סחוט תפוז 400,Unknown,,פריגת סחוט תפוז 400,,400.00,"100 מ""ל",false,1,12.90,3.15,true,1,258
7290000390888,false,אפונה סינית,Unknown,,אפונה סינית,,1.00,יחידה,false,1,24.90,24.90,true,1,25787
7290000390901,false,תרד נטו,Unknown,,תרד נטו,,1.00,יחידה,false,1,10.00,10.00,true,1,25788
7290000390918,false,ביבי נספק מיקס,Unknown,,ביבי נספק מיקס,,1.00,יחידה,false,1,10.00,10.00,true,1,25789
7290000408316,false,דנונה ביו טבעי 200גר,Unknown,,דנונה ביו טבעי 200גר,,200.00,"100 מ""ל",false,1,3.90,1.95,true,1,4100
7290000408354,false,דנונה בר פיצפוצים180,Unknown,,דנונה בר פיצפוצים180,,175.00,"100 מ""ל",false,1,6.20,3.54,true,1,993
7290000412481,false,00 מנקה אסלות 1 ל,Unknown,,00 מנקה אסלות 1 ל,,1.00,1 ליטר,false,1,9.00,9.00,true,1,24294
7290000416021,false,השחר מ.שוקולד,Unknown,,השחר מ.שוקולד,,500.00,100 גרם,false,1,16.00,3.20,true,1,2422
7290000416618,false,ממרח שוקולד בדצ 400,Unknown,,ממרח שוקולד בדצ 400,,400.00,100 גרם,false,1,14.00,3.50,true,1,4764
7290000419107,false,לנדוור קפה כחול 100,Unknown,,לנדוור קפה כחול 100,,100.00,100 גרם,false,1,8.50,8.50,true,1,9348
7290000419220,false,קפה טחון טורקי,Unknown,,קפה טחון טורקי,,300.00,100 גרם,false,1,23.00,7.67,true,1,24955
7290000420325,false,פופ סטאר טבעי,Unknown,,פופ סטאר טבעי,,500.00,100 גרם,false,1,14.90,2.98,true,1,24998
7290000420332,false,פופ סטאר חמאה,Unknown,,פופ סטאר חמאה,,500.00,100 גרם,false,1,14.90,2.98,true,1,24999
7290000430102,false,שקית קרח 2 קג,Unknown,,שקית קרח 2 קג,,2.00,"1 ק""ג",false,1,12.90,6.45,true,1,1421
7290000450209,false,טונה פוסידון,Unknown,,טונה פוסידון,,108.00,100 גרם,false,1,6.90,6.39,false,1,1047
7290000453019,false,שמרית (שקית) 500 גר,Unknown,,שמרית (שקית) 500 גר,,500.00,100 גרם,false,1,5.00,1.00,true,1,24314
7290000453200,false,שמרית בלילה לפנקייק,Unknown,,שמרית בלילה לפנקייק,,750.00,100 גרם,false,1,22.90,3.05,false,1,26711
7290000453408,false,שמרית בצק פיצה,Unknown,,שמרית בצק פיצה,,415.00,100 גרם,false,1,19.90,4.80,true,1,25897
7290000453415,false,שמרית בצק עלים,Unknown,,שמרית בצק עלים,,300.00,100 גרם,false,1,17.50,5.83,true,1,25898
7290000453422,false,שמרית בצק פילו,Unknown,,שמרית בצק פילו,,300.00,100 גרם,false,1,17.50,5.83,true,1,25899
7290000453439,false,שמרית בצק פריך,Unknown,,שמרית בצק פריך,,280.00,100 גרם,false,1,17.50,6.25,true,1,25900
7290000453446,false,שמרית פיצה קראסט500ג,Unknown,,שמרית פיצה קראסט500ג,,500.00,100 גרם,false,1,22.90,4.58,false,1,26714
7290000453798,false,שמרים אקטיבים,Unknown,,שמרים אקטיבים,,500.00,100 גרם,false,1,17.50,3.50,true,1,24481
7290000453866,false,שמרית נטורינה קוקוס,Unknown,,שמרית נטורינה קוקוס,,200.00,100 גרם,false,1,8.90,4.45,true,1,24760
7290000453897,false,מרגרינה בטעם חמאה,Unknown,,מרגרינה בטעם חמאה,,200.00,100 גרם,false,1,6.50,3.25,true,1,24482
7290000461625,false,ביגלה שמונה 400 גרם,Unknown,,ביגלה שמונה 400 גרם,,400.00,100 גרם,false,1,14.00,3.50,true,1,1103
7290000461656,false,בייגלה מקלות 400,Unknown,,בייגלה מקלות 400,,400.00,100 גרם,false,1,14.00,3.50,true,1,1089
7290000461700,false,ביגלה גדול גדול 400,Unknown,,ביגלה גדול גדול 400,,400.00,100 גרם,false,1,17.00,4.25,true,1,1078
7290000462141,false,סחוג אדום חריף מאוד,Unknown,,סחוג אדום חריף מאוד,,150.00,100 גרם,false,1,10.00,6.67,true,1,24412
7290000462172,false,סחוג זהבי ירוק,Unknown,,סחוג זהבי ירוק,,150.00,100 גרם,false,1,9.90,6.60,true,1,25633
7290000467153,false,צבר חומוס סמיר חדש,Unknown,,צבר חומוס סמיר חדש,,400.00,100 גרם,false,1,16.90,4.22,true,1,25646
7290000467320,false,צבר חומוס אבו מרוואן,Unknown,,צבר חומוס אבו מרוואן,,400.00,100 גרם,false,1,16.90,4.22,true,1,25647
7290000474014,false,טרה חלב בשקית 1%,Unknown,,טרה חלב בשקית 1%,,1.00,1 ליטר,false,1,5.04,5.04,false,1,14193
7290000474021,false,טרה חלב בשקית 3% 1ל,Unknown,,טרה חלב בשקית 3% 1ל,,1.00,1 ליטר,false,1,5.43,5.43,false,1,945
7290000474076,false,טרה חלב3% קרטון בדצ1,Unknown,,טרה חלב3% קרטון בדצ1,,1.00,1 ליטר,false,1,6.23,6.23,false,1,948
7290000474090,false,טרה חלב קרטון1% בדצ1,Unknown,,טרה חלב קרטון1% בדצ1,,1.00,1 ליטר,false,1,5.86,5.86,false,1,949
7290000474373,false,שמנת חמוצה,Unknown,,שמנת חמוצה,,232.00,100 גרם,false,1,2.40,1.03,true,1,22175
7290000474410,false,טרה חמאה מהדרין 100ג,Unknown,,טרה חמאה מהדרין 100ג,,100.00,100 גרם,false,1,3.94,3.94,false,1,1540
7290000474502,false,טרה גבינה לבנה 5%,Unknown,,טרה גבינה לבנה 5%,,250.00,100 גרם,false,1,4.98,1.99,false,1,974
7290000474540,false,טוב טעם גבינה 3%,Unknown,,טוב טעם גבינה 3%,,250.00,100 גרם,false,1,12.80,5.12,true,1,23849
7290000474830,false,גבינה צהובה מגורדת,Unknown,,גבינה צהובה מגורדת,,500.00,100 גרם,false,1,36.90,7.38,true,1,23565
7290000480107,false,קווקר פחית 500 ג,Unknown,,קווקר פחית 500 ג,,500.00,100 גרם,false,1,17.50,3.50,true,1,23999
7290000480442,false,קוואקר 500 גר (שקית,Unknown,,קוואקר 500 גר (שקית,,500.00,100 גרם,false,1,15.90,3.18,true,1,24181
7290000484747,false,עלית הארק,Unknown,,עלית הארק,,700.00,"100 מ""ל",false,1,80.00,11.39,true,1,21010
7290000493176,false,רוטב צלי באבקה,Unknown,,רוטב צלי באבקה,,22.00,100 גרם,false,1,5.90,26.82,true,1,25624
7290000493183,false,רוטב פטריות לבשר באב,Unknown,,רוטב פטריות לבשר באב,,30.00,100 גרם,false,1,6.50,21.67,true,1,23661
7290000497013,false,חלה מרובעת ודש,Unknown,,חלה מרובעת ודש,,500.00,100 גרם,false,1,5.17,1.03,false,1,23869
7290000497044,false,ברמן אקטיב לחם ארוז,Unknown,,ברמן אקטיב לחם ארוז,,750.00,100 גרם,false,1,20.00,2.67,true,1,24648
7290000497112,false,ברמן לחם אחיד פרוס,Unknown,,ברמן לחם אחיד פרוס,,750.00,100 גרם,false,1,7.11,0.95,false,1,3793
7290000497136,false,ברמן חלה פרוסה,Unknown,,ברמן חלה פרוסה,,500.00,100 גרם,false,1,10.50,2.10,true,1,24264
7290000497198,false,ברמן אסלי 10 פיתות,Unknown,,ברמן אסלי 10 פיתות,,10.00,יחידה,false,1,15.00,1.50,true,1,24762
7290000497204,false,פיתות בשקית - 5 יח,Unknown,,פיתות בשקית - 5 יח,,500.00,100 גרם,false,1,9.00,1.80,true,1,3795
7290000497228,false,ברמן לחמניות 6יח 75ג,Unknown,,ברמן לחמניות 6יח 75ג,,75.00,100 גרם,false,1,14.00,18.67,true,1,4068
7290000497303,false,לחמניות מקמח מלא 6,Unknown,,לחמניות מקמח מלא 6,,540.00,100 גרם,false,1,14.00,2.59,true,1,24324
7290000497358,false,ברמן חלומית חלה מתוק,Unknown,,ברמן חלומית חלה מתוק,,500.00,100 גרם,false,1,16.00,3.20,true,1,3798
7290000497426,false,ברמן לחם קל,Unknown,,ברמן לחם קל,,500.00,100 גרם,false,1,19.00,3.80,true,1,23484
7290000497488,false,חלה קלה,Unknown,,חלה קלה,,500.00,100 גרם,false,1,19.00,3.80,true,1,24265
7290000497532,false,ברמן לחם לעניין 750ג,Unknown,,ברמן לחם לעניין 750ג,,750.00,100 גרם,false,1,16.00,2.13,true,1,15559
7290000497570,false,ברמן לחם דגני קלות,Unknown,,ברמן לחם דגני קלות,,500.00,100 גרם,false,1,19.00,3.80,true,1,3803
7290000497952,false,ברמן מאפה רוגלך,Unknown,,ברמן מאפה רוגלך,,120.00,100 גרם,false,1,7.50,6.25,true,1,2619
7290000497969,false,ברמן מאפה פרג,Unknown,,ברמן מאפה פרג,,120.00,100 גרם,false,1,7.50,6.25,true,1,2618
7290000497976,false,ברמן מאפה קקאו,Unknown,,ברמן מאפה קקאו,,120.00,100 גרם,false,1,7.50,6.25,true,1,2615
7290000497983,false,ברמן מאפה קינמון,Unknown,,ברמן מאפה קינמון,,120.00,100 גרם,false,1,7.50,6.25,true,1,2617
7290000498034,false,לחם כוסמין E-FREE,Unknown,,לחם כוסמין E-FREE,,750.00,100 גרם,false,1,20.50,2.73,true,1,23900
7290000498201,false,ברמן מאפה שוק.ציפס,Unknown,,ברמן מאפה שוק.ציפס,,120.00,100 גרם,false,1,7.50,6.25,true,1,15072
7290000498256,false,לחמניות 10 בשקית,Unknown,,לחמניות 10 בשקית,,750.00,100 גרם,false,1,23.00,3.07,true,1,24233
7290000498317,false,חלה עגולה ברמן,Unknown,,חלה עגולה ברמן,,500.00,100 גרם,false,1,5.17,1.03,false,1,23870
7290000498393,false,ברמן חלה,Unknown,,ברמן חלה,,500.00,100 גרם,false,1,5.17,1.03,false,1,4061
7290000498430,false,חלה קלועה ברמן,Unknown,,חלה קלועה ברמן,,500.00,100 גרם,false,1,5.17,1.03,false,1,23871
7290000504278,false,סוכרזית פטנט 700 טבל,Unknown,,סוכרזית פטנט 700 טבל,,574.00,100 גרם,false,1,19.90,3.47,true,1,13019
7290000521008,false,סגל יין אדום 750 מל,Unknown,,סגל יין אדום 750 מל,,750.00,100 גרם,false,1,26.00,3.43,true,1,3643
7290000523125,false,מלח הארץ 250 גר,Unknown,,מלח הארץ 250 גר,,250.00,100 גרם,false,1,7.50,3.00,true,1,4211
7290000525969,false,פרימור תפוזים בקבוק1,Unknown,,פרימור תפוזים בקבוק1,,1.00,1 ליטר,false,1,18.00,17.70,true,1,257
7290000530413,false,זוגלובק המבורגר זהב,Unknown,,זוגלובק המבורגר זהב,,400.00,100 גרם,false,1,32.90,8.22,true,1,3852
7290000530598,false,גוליבר נקניקיות וינר,Unknown,,גוליבר נקניקיות וינר,,500.00,100 גרם,false,1,21.00,4.20,true,1,3853
7290000531601,false,סטייק בורגר 400ג,Unknown,,סטייק בורגר 400ג,,400.00,100 גרם,false,1,26.90,6.72,true,1,23016
7290000537566,false,זוגלובק נקניקיות עוף,Unknown,,זוגלובק נקניקיות עוף,,400.00,100 גרם,false,1,21.00,5.25,true,1,3870
7290000538709,false,תה מעושן 200 א.מ.,Unknown,,תה מעושן 200 א.מ.,,200.00,100 גרם,false,1,15.00,7.50,true,1,24611
7290000552569,false,סטייק בורגר 400 גרם,Unknown,,סטייק בורגר 400 גרם,,400.00,100 גרם,false,1,25.00,6.25,true,1,24463
7290000554402,false,גד מלבי 160 גר,Unknown,,גד מלבי 160 גר,,160.00,"100 מ""ל",false,1,6.00,3.75,true,1,24311
7290000554457,false,גד צפתית 5% 350 גר,Unknown,,גד צפתית 5% 350 גר,,350.00,100 גרם,false,1,24.00,6.86,true,1,3336
7290000554471,false,מוצרלה 22%,Unknown,,מוצרלה 22%,,180.00,100 גרם,false,1,21.00,11.67,true,1,2157
7290000554532,false,צפתית מעודנת 5%,Unknown,,צפתית מעודנת 5%,,200.00,100 גרם,false,1,16.00,8.00,true,1,24370
7290000554600,false,גד מוצרלה מגורדת 300,Unknown,,גד מוצרלה מגורדת 300,,300.00,100 גרם,false,1,28.00,9.33,true,1,24271
7290000554624,false,גד ירח מתוק 150 גר,Unknown,,גד ירח מתוק 150 גר,,150.00,"100 מ""ל",false,1,6.00,4.00,true,1,24270
7290000554686,false,גד לבנה שמן+זעתר 250,Unknown,,גד לבנה שמן+זעתר 250,,250.00,100 גרם,false,1,15.00,6.00,true,1,977
7290000554822,false,גד ריקוטה 250 גר,Unknown,,גד ריקוטה 250 גר,,250.00,100 גרם,false,1,16.00,6.40,true,1,978
7290000554839,false,מסקרפונה 40%,Unknown,,מסקרפונה 40%,,250.00,100 גרם,false,1,23.00,9.20,true,1,23702
7290000557622,false,קולסלאו,Unknown,,קולסלאו,,1.00,יחידה,false,1,11.90,11.90,true,1,25717
7290000560540,false,אדג גל כתום,Unknown,,אדג גל כתום,,210.00,"100 מ""ל",false,1,25.90,12.33,true,1,12344
7290000571232,false,גאודה טבעי 200 גרם,Unknown,,גאודה טבעי 200 גרם,,200.00,100 גרם,false,1,25.90,12.95,true,1,25078
7290000571300,false,ג.גאודה מעושנת פרוסה,Unknown,,ג.גאודה מעושנת פרוסה,,200.00,100 גרם,false,1,24.90,12.45,false,1,26011
7290000571386,false,יוגורמה דלי כבשים,Unknown,,יוגורמה דלי כבשים,,850.00,100 גרם,false,1,27.90,3.28,false,1,23101
7290000571393,false,יוגורמה,Unknown,,יוגורמה,,140.00,100 גרם,false,1,6.50,4.64,true,1,24299
7290000571478,false,גאודה עזים 200 ג,Unknown,,גאודה עזים 200 ג,,200.00,100 גרם,false,1,39.90,19.95,true,1,25079
7290000571843,false,יוגורמה עזים גביע,Unknown,,יוגורמה עזים גביע,,140.00,100 גרם,false,1,6.50,4.64,true,1,25080
7290000571881,false,משקה יוגורט עזים,Unknown,,משקה יוגורט עזים,,500.00,"100 מ""ל",false,1,12.50,2.50,true,1,23744
7290000571928,false,יוגורמה כבשים,Unknown,,יוגורמה כבשים,,142.00,100 גרם,false,1,6.50,4.58,true,1,25081
7290000571935,false,יוגורמה כבשים גרנולה,Unknown,,יוגורמה כבשים גרנולה,,142.00,100 גרם,false,1,6.50,4.58,true,1,25082
7290000572222,false,רולדת חלבה 500 גר,Unknown,,רולדת חלבה 500 גר,,500.00,100 גרם,false,1,14.90,2.98,true,1,24902
7290000572628,false,חטיף חלווה לייט ללס,Unknown,,חטיף חלווה לייט ללס,,275.00,100 גרם,false,1,18.90,6.87,true,1,24903
7290000572673,false,אחווה חטיף חלווה,Unknown,,אחווה חטיף חלווה,,300.00,100 גרם,false,1,18.90,6.30,true,1,24904
7290000591728,false,מצות ראשלצ 1 קג,Unknown,,מצות ראשלצ 1 קג,,1.00,"1 ק""ג",false,1,18.90,18.90,true,1,13475
7290000591742,false,קמח מצה 500 גרם כשלפ,Unknown,,קמח מצה 500 גרם כשלפ,,500.00,100 גרם,false,1,8.50,1.70,true,1,14252
7290000649580,false,תרד נטו,Unknown,,תרד נטו,,1.00,יחידה,false,1,10.00,10.00,true,1,25803
7290000678165,false,ענב ירוק איכות,Unknown,,ענב ירוק איכות,קילוגרמים,1.00,"ק""ג",true,1,29.90,0.00,true,1,27349
7290000688077,false,מי עדן 500 מל שטוח,Unknown,,מי עדן 500 מל שטוח,,500.00,"100 מ""ל",false,1,7.90,1.52,true,1,275
7290000688084,false,מי-עדן 500 פקק בודד,Unknown,,מי-עדן 500 פקק בודד,,500.00,"100 מ""ל",false,1,7.00,1.34,true,1,276
7290000688381,false,מי עדן 500 פקק 6יח,Unknown,,מי עדן 500 פקק 6יח,,3.00,1 ליטר,false,1,12.90,3.70,true,1,1402
7290000688503,false,מי עדן גים 750 6יח,Unknown,,מי עדן גים 750 6יח,,4.50,1 ליטר,false,1,16.00,3.16,true,1,2459
7290000689180,false,בליסטיקס מנטה,Unknown,,בליסטיקס מנטה,,25.53,100 גרם,false,1,11.00,43.09,true,1,5354
7290000690027,false,חסה מיקס נספק,Unknown,,חסה מיקס נספק,,1.00,יחידה,false,1,11.90,11.90,true,1,25805
7290000801281,false,ערכה לגריל פזגז,Unknown,,ערכה לגריל פזגז,,0.00,,false,1,99.00,0.00,false,1,22749
7290000807033,false,ערכת חיבור לגריל כלל,Unknown,,ערכת חיבור לגריל כלל,,0.00,,false,1,99.00,0.00,false,1,22750
7290000876609,false,שניצל דק כשלפ 700ג,Unknown,,שניצל דק כשלפ 700ג,,700.00,100 גרם,false,1,44.90,6.41,true,1,26414
7290000888000,false,מצת אבן,Unknown,,מצת אבן,,0.00,,false,1,4.00,0.00,false,1,5002
7290000888001,false,מצת אלקטרוני,Unknown,,מצת אלקטרוני,,0.00,,false,1,5.00,0.00,false,1,5003
7290000888011,false,מצת קליפר,Unknown,,מצת קליפר,,0.00,,false,1,8.00,0.00,false,1,9425
7290000888012,false,מצת עגול,Unknown,,מצת עגול,,0.00,,false,1,7.00,0.00,false,1,22126
7290000895387,false,שניצל ביתי כשלפ 700,Unknown,,שניצל ביתי כשלפ 700,,700.00,100 גרם,false,1,44.90,6.41,true,1,26415
7290000943035,false,ציפס 800 גר מילוטל,Unknown,,ציפס 800 גר מילוטל,,800.00,100 גרם,false,1,14.50,1.81,true,1,24670
7290000964652,false,קיווי צהוב ארוז ליח,Unknown,,קיווי צהוב ארוז ליח,,500.00,100 גרם,false,1,24.90,4.98,true,1,23285
7290000964942,false,אגס עדן גורמה,Unknown,,אגס עדן גורמה,,500.00,100 גרם,false,1,19.90,3.98,false,1,23873
7290000965277,false,שזיף צהוב יח,Unknown,,שזיף צהוב יח,,700.00,100 גרם,false,1,19.90,2.84,false,1,27664
7290000966694,false,דובדבן אדום 300ג,Unknown,,דובדבן אדום 300ג,,300.00,100 גרם,false,1,16.90,5.63,false,1,27270
7290000978369,false,ביבי נספק מיקס,Unknown,,ביבי נספק מיקס,,1.00,יחידה,false,1,10.00,10.00,true,1,25855
7290000986708,false,ענב אדום ייבוא ליח,Unknown,,ענב אדום ייבוא ליח,,500.00,100 גרם,false,1,19.90,3.98,true,1,25923
7290000986906,false,חסה עגולה איכות  ליח,Unknown,,חסה עגולה איכות  ליח,,900.00,100 גרם,false,1,10.90,1.21,true,1,23307
7290000993195,false,ענב ירוק ייבוא ליח,Unknown,,ענב ירוק ייבוא ליח,,500.00,100 גרם,false,1,19.90,3.98,true,1,21982
7290000993621,false,קיווי ירוק ארוז ליח,Unknown,,קיווי ירוק ארוז ליח,,500.00,100 גרם,false,1,24.90,4.98,true,1,25288
7290000995410,false,נבטים סיניים עבים,Unknown,,נבטים סיניים עבים,,350.00,100 גרם,false,1,6.90,1.97,true,1,23284
7290000996462,false,עלי ביבי,Unknown,,עלי ביבי,,1.00,יחידה,false,1,13.00,13.00,true,1,25856
7290000998251,false,תות שדה 500 ג,Unknown,,תות שדה 500 ג,,500.00,100 גרם,false,1,13.90,2.78,true,1,25306
7290001009086,false,לחם בריוש,Unknown,,לחם בריוש,,600.00,100 גרם,false,1,16.00,2.67,true,1,25008
7290001045169,false,פרימור תפוחים צלול 1,Unknown,,פרימור תפוחים צלול 1,,1.00,1 ליטר,false,1,15.00,14.70,true,1,1784
7290001045633,false,פרימור לימונענע 400,Unknown,,פרימור לימונענע 400,,400.00,"100 מ""ל",false,1,12.90,3.15,true,1,241
7290001045657,false,פרימור תפוחים 400מל,Unknown,,פרימור תפוחים 400מל,,400.00,"100 מ""ל",false,1,12.90,3.15,true,1,243
7290001045688,false,פרימור תפוזים 400מל,Unknown,,פרימור תפוזים 400מל,,400.00,"100 מ""ל",false,1,12.90,3.15,true,1,245
7290001121238,false,יחיעם קורנד ביף 180,Unknown,,יחיעם קורנד ביף 180,,180.00,100 גרם,false,1,29.00,16.11,true,1,24446
7290001121979,false,יחיעם סלמי הרץ 150,Unknown,,יחיעם סלמי הרץ 150,,150.00,100 גרם,false,1,24.00,16.00,true,1,24496
7290001133484,false,סלמון נורבגי פילה,Unknown,,סלמון נורבגי פילה,קילוגרמים,1.00,"ק""ג",true,1,79.90,0.00,true,1,25860
7290001136287,false,נקה 7-שמפו רגיל ירוק,Unknown,,נקה 7-שמפו רגיל ירוק,,750.00,"100 מ""ל",false,1,13.90,1.85,true,1,28203
7290001136294,false,נקה 7-שמפו יבש אדום,Unknown,,נקה 7-שמפו יבש אדום,,750.00,"100 מ""ל",false,1,13.90,1.85,true,1,28204
7290001176829,false,בזיליקום ארוז ליח,Unknown,,בזיליקום ארוז ליח,,0.00,,false,1,5.90,0.00,true,1,23399
7290001203275,false,קיסר ואקום 1/2,Unknown,,קיסר ואקום 1/2,,1.00,יחידה,false,1,13.90,13.90,true,1,25756
7290001216040,false,טחינה 1/2 קג,Unknown,,טחינה 1/2 קג,,500.00,100 גרם,false,1,18.90,3.78,false,1,25071
7290001216231,false,טחינה מלאה 1/2 קג,Unknown,,טחינה מלאה 1/2 קג,,500.00,100 גרם,false,1,19.90,3.98,false,1,25072
7290001230234,false,כאמל צהוב סופט חפיסה,Unknown,,כאמל צהוב סופט חפיסה,,0.00,,false,1,32.00,0.00,false,1,97
7290001230331,false,כאמל צהוב בוקס,Unknown,,כאמל צהוב בוקס,,0.00,,false,1,32.00,0.00,false,1,98
7290001230739,false,כאמל כחול חפיסה,Unknown,,כאמל כחול חפיסה,,0.00,,false,1,29.00,0.00,false,1,99
7290001231136,false,וינסטון כחול סופט,Unknown,,וינסטון כחול סופט,,0.00,,false,1,33.00,0.00,false,1,101
7290001231233,false,וינסטון אדום חפיסה,Unknown,,וינסטון אדום חפיסה,,0.00,,false,1,34.00,0.00,false,1,102
7290001231932,false,וינסטון כחול בוקס,Unknown,,וינסטון כחול בוקס,,0.00,,false,1,34.00,0.00,false,1,103
7290001234133,false,כאמל כתום חפיסה,Unknown,,כאמל כתום חפיסה,,0.00,,false,1,30.50,0.00,false,1,6499
7290001235938,false,וינסטון כחול ארוך,Unknown,,וינסטון כחול ארוך,,0.00,,false,1,34.00,0.00,false,1,9122
7290001247723,false,ספרינג תות בננה,Unknown,,ספרינג תות בננה,,330.00,"100 מ""ל",false,1,8.90,2.61,true,1,3951
7290001247730,false,ספרינג מנגו פחית,Unknown,,ספרינג מנגו פחית,,330.00,"100 מ""ל",false,1,8.90,2.61,true,1,3952
7290001247952,false,תפוזינה ענבים 1.5ל,Unknown,,תפוזינה ענבים 1.5ל,,1.50,1 ליטר,false,1,11.50,7.67,true,1,24065
7290001274361,false,שלגון גלידל שוקו,Unknown,,שלגון גלידל שוקו,,50.00,100 גרם,false,1,9.90,19.80,true,1,27623
7290001305058,false,פלמוליב-ס.נוזלי חלב,Unknown,,פלמוליב-ס.נוזלי חלב,,500.00,"100 מ""ל",false,1,22.00,4.40,true,1,4529
7290001305188,false,פלמוליב כלים שקוף,Unknown,,פלמוליב כלים שקוף,,750.00,"100 מ""ל",false,1,14.50,1.93,true,1,24956
7290001327180,false,קרמיסימו וניל ציפ,Unknown,,קרמיסימו וניל ציפ,,1.33,1 ליטר,false,1,25.00,18.80,true,1,14772
7290001327791,false,קרמיסימו עוגיות 1.33,Unknown,,קרמיסימו עוגיות 1.33,,1.33,1 ליטר,false,1,25.00,18.80,true,1,24237
7290001407769,false,טחינה שומשום מלא,Unknown,,טחינה שומשום מלא,,500.00,100 גרם,false,1,18.50,3.70,true,1,23007
7290001407844,false,בארכה חלבה וניל,Unknown,,בארכה חלבה וניל,,350.00,100 גרם,false,1,17.00,4.86,true,1,23669
7290001407936,false,בארכה טחינה מעודנת,Unknown,,בארכה טחינה מעודנת,,310.00,100 גרם,false,1,14.00,4.52,true,1,22187
7290001419779,false,ופל 200 גר שוקו עלמה,Unknown,,ופל 200 גר שוקו עלמה,,200.00,100 גרם,false,1,5.50,2.75,true,1,23828
7290001436790,false,מרגז מ.אקסטרה חריף,Unknown,,מרגז מ.אקסטרה חריף,,500.00,100 גרם,false,1,29.90,5.98,true,1,25676
7290001455302,false,טונה פילה פרוס,Unknown,,טונה פילה פרוס,קילוגרמים,1.00,"ק""ג",true,1,41.90,0.00,true,1,25876
7290001455418,false,טונה סטייק בוואקום,Unknown,,טונה סטייק בוואקום,קילוגרמים,1.00,"ק""ג",true,1,41.90,0.00,true,1,25877
7290001476208,false,ברי פקאן משולשים,Unknown,,ברי פקאן משולשים,קילוגרמים,1.00,"ק""ג",true,1,145.00,0.00,true,1,27239
7290001482094,false,וילי פוד פרמזן משולש,Unknown,,וילי פוד פרמזן משולש,,200.00,100 גרם,false,1,21.90,10.95,false,1,25986
7290001482186,false,אננס חתוך בסירופ,Unknown,,אננס חתוך בסירופ,,565.00,100 גרם,false,1,8.00,1.42,false,1,23723
7290001485019,false,טרה גבינת שמנת טבעי,Unknown,,טרה גבינת שמנת טבעי,,200.00,100 גרם,false,1,13.00,6.50,true,1,26779
7290001485026,false,טרה גבינת שמנת זיתים,Unknown,,טרה גבינת שמנת זיתים,,200.00,100 גרם,false,1,13.00,6.50,true,1,26777
7290001485033,false,טרה קרם שמנת,Unknown,,טרה קרם שמנת,,200.00,100 גרם,false,1,13.00,6.50,false,1,26786
7290001500926,false,עלי תרד,Unknown,,עלי תרד,,1.00,יחידה,false,1,10.00,10.00,true,1,25769
7290001594025,false,קוקה קולה קלאסי 330,Unknown,,קוקה קולה קלאסי 330,,330.00,"100 מ""ל",false,1,9.90,2.91,true,1,224
7290001594032,false,דיאט קולה קלאסי330,Unknown,,דיאט קולה קלאסי330,,330.00,"100 מ""ל",false,1,9.90,2.91,true,1,211
7290001594155,false,קוקה קולה בקבוק 0.5,Unknown,,קוקה קולה בקבוק 0.5,,500.00,"100 מ""ל",false,1,9.90,1.92,true,1,215
7290001594179,false,פאנטה בקבוק 0.5 ל,Unknown,,פאנטה בקבוק 0.5 ל,,500.00,"100 מ""ל",false,1,9.90,1.92,true,1,217
7290001594186,false,קולה דיאט בקבוק 0.5ל,Unknown,,קולה דיאט בקבוק 0.5ל,,500.00,"100 מ""ל",false,1,9.90,1.92,true,1,218
7290001594230,false,סודה קינלי 250 מל,Unknown,,סודה קינלי 250 מל,,250.00,"100 מ""ל",false,1,6.90,2.64,true,1,222
7290001594377,false,פריגת תפוזים 0.5 ל,Unknown,,פריגת תפוזים 0.5 ל,,500.00,"100 מ""ל",false,1,9.90,1.92,true,1,247
7290001594384,false,פריגת אשכולית 0.5 ל,Unknown,,פריגת אשכולית 0.5 ל,,500.00,"100 מ""ל",false,1,9.90,1.92,true,1,248
7290001594391,false,פריגת ענבים 0.5 ל,Unknown,,פריגת ענבים 0.5 ל,,500.00,"100 מ""ל",false,1,9.90,1.92,true,1,249
7290001594520,false,טובורג RED בק 330 מ,Unknown,,טובורג RED בק 330 מ,,330.00,"100 מ""ל",false,1,14.00,4.15,true,1,295
7290001594568,false,קרלסברג 500 פחית,Unknown,,קרלסברג 500 פחית,,500.00,"100 מ""ל",false,1,17.90,3.52,true,1,298
7290001594575,false,טובורג פחית 500 מל,Unknown,,טובורג פחית 500 מל,,500.00,"100 מ""ל",false,1,15.50,3.04,true,1,293
7290001594803,false,טובורג גרין נצרה*6,Unknown,,טובורג גרין נצרה*6,,1.98,1 ליטר,false,1,54.90,26.82,true,1,1418
7290001594858,false,בירה בבקבוק טובורג*6,Unknown,,בירה בבקבוק טובורג*6,,1.98,1 ליטר,false,1,49.90,24.29,true,1,1417
7290001594865,false,קרלסברג 6* 330מל,Unknown,,קרלסברג 6* 330מל,,1.98,1 ליטר,false,1,49.90,24.29,true,1,1416
7290001778118,false,12 ביצים טריות L,Unknown,,12 ביצים טריות L,,12.00,יחידה,false,1,12.05,1.00,false,1,26771
7290001778125,false,12 ביצים טריות M,Unknown,,12 ביצים טריות M,,12.00,יחידה,false,1,11.15,0.93,false,1,26772
7290001778422,false,18 ביצים טריות L,Unknown,,18 ביצים טריות L,,18.00,יחידה,false,1,18.05,1.00,false,1,22250
7290001780428,false,מאגדת לייט שוקו,Unknown,,מאגדת לייט שוקו,,312.00,100 גרם,false,1,30.90,9.90,true,1,24262
7290001780800,false,קראנץ ליבת נוגט,Unknown,,קראנץ ליבת נוגט,,100.00,100 גרם,false,1,12.90,12.90,true,1,3901
7290001791349,false,אקונומיקה פסגה 4 ל,Unknown,,אקונומיקה פסגה 4 ל,,4.00,1 ליטר,false,1,15.00,3.75,true,1,24093
7290001791776,false,סנו די אלוורה 50 מל,Unknown,,סנו די אלוורה 50 מל,,50.00,"100 מ""ל",false,1,23.90,47.80,true,1,24737
7290001813881,false,פתי בר עלית  500 גר,Unknown,,פתי בר עלית  500 גר,,500.00,100 גרם,false,1,12.90,2.58,true,1,24283
7290001814147,false,פרה-ממרח שוקלד 500 ג,Unknown,,פרה-ממרח שוקלד 500 ג,,500.00,100 גרם,false,1,13.90,2.78,true,1,7237
7290001817063,false,סו.טופי מזל וברכה,Unknown,,סו.טופי מזל וברכה,,850.00,100 גרם,false,1,17.90,2.11,true,1,4950
7290001817377,false,ציטוס איקס עיגול 60,Unknown,,ציטוס איקס עיגול 60,,60.00,100 גרם,false,1,5.90,9.83,true,1,528
7290001817728,false,ציטוס כאפה 55 גר,Unknown,,ציטוס כאפה 55 גר,,55.00,100 גרם,false,1,5.90,10.73,true,1,2563
7290001975992,false,ווינשטפן 330 מל,Unknown,,ווינשטפן 330 מל,,330.00,"100 מ""ל",false,1,14.45,4.29,true,1,26696
7290001985007,false,מצופה שוקו שוק יטבתה,Unknown,,מצופה שוקו שוק יטבתה,,70.00,100 גרם,false,1,7.90,11.29,true,1,699
7290001990261,false,חומוס סוגת 1 קג,Unknown,,חומוס סוגת 1 קג,,1.00,"1 ק""ג",false,1,18.00,18.00,true,1,24893
7290001990278,false,שעועית לבנה 1 קג,Unknown,,שעועית לבנה 1 קג,,1.00,"1 ק""ג",false,1,18.00,18.00,true,1,24300
7290002000143,false,פנגל ק.ידיים קלאסיק,Unknown,,פנגל ק.ידיים קלאסיק,,80.00,"100 מ""ל",false,1,8.90,11.12,true,1,24354
7290002007029,false,קוקוס 100 גר,Unknown,,קוקוס 100 גר,,100.00,100 גרם,false,1,3.90,3.90,true,1,28194
7290002007234,false,אבקת סוכר 100 גר,Unknown,,אבקת סוכר 100 גר,,100.00,100 גרם,false,1,2.30,2.30,true,1,28196
7290002007852,false,תמצית וניל,Unknown,,תמצית וניל,,50.00,"100 מ""ל",false,1,5.00,10.00,true,1,20241
7290002008224,false,מזרה עגול 100 גר,Unknown,,מזרה עגול 100 גר,,100.00,100 גרם,false,1,6.90,6.90,true,1,28197
7290002008743,false,סוכר וניל 10 יח,Unknown,,סוכר וניל 10 יח,,100.00,100 גרם,false,1,2.90,2.90,true,1,28195
7290002008750,false,אבקת אפיה 10 יח,Unknown,,אבקת אפיה 10 יח,,100.00,100 גרם,false,1,2.90,2.90,true,1,28198
7290002008774,false,שומשום 200 גר,Unknown,,שומשום 200 גר,,200.00,100 גרם,false,1,8.90,4.45,true,1,22173
7290002019114,false,תרכיז עגבניות 580גר,Unknown,,תרכיז עגבניות 580גר,,580.00,100 גרם,false,1,8.50,1.47,true,1,24307
7290002019787,false,רסק עגבניות ט.טרי260,Unknown,,רסק עגבניות ט.טרי260,,260.00,100 גרם,false,1,4.00,1.54,true,1,20238
7290002019794,false,רסק עגבניות פריניר,Unknown,,רסק עגבניות פריניר,,100.00,100 גרם,false,1,2.00,2.00,true,1,1843
7290002026303,false,שורטי קרם עוגיות,Unknown,,שורטי קרם עוגיות,,150.00,"100 מ""ל",false,1,11.80,7.87,true,1,16586
7290002026372,false,טילון בצק עוגיות,Unknown,,טילון בצק עוגיות,,100.00,100 גרם,false,1,10.90,10.90,true,1,18731
7290002026778,false,בן&גריס קון סויט,Unknown,,בן&גריס קון סויט,,500.00,"100 מ""ל",false,1,31.00,6.20,true,1,16877
7290002026976,false,בן&גריס פיינט &קוקי,Unknown,,בן&גריס פיינט &קוקי,,420.00,"100 מ""ל",false,1,31.00,7.38,true,1,19883
7290002026983,false,בן&גריס פיינט ב.עוג,Unknown,,בן&גריס פיינט ב.עוג,,420.00,"100 מ""ל",false,1,31.00,7.38,true,1,19884
7290002027843,false,ח. תמרים עם אגוזי ל.,Unknown,,ח. תמרים עם אגוזי ל.,,120.00,100 גרם,false,1,13.90,11.58,true,1,25055
7290002037057,false,לחם לבן פרוס ודש,Unknown,,לחם לבן פרוס ודש,,500.00,100 גרם,false,1,6.10,1.22,false,1,24738
7290002037125,false,חלה פרוסה ודש,Unknown,,חלה פרוסה ודש,,500.00,100 גרם,false,1,10.50,2.10,true,1,3777
7290002037163,false,אחיד פרוס ודש,Unknown,,אחיד פרוס ודש,,750.00,100 גרם,false,1,7.11,0.95,false,1,12836
7290002037309,false,לחמניה המבורגר 2+6,Unknown,,לחמניה המבורגר 2+6,,300.00,100 גרם,false,1,16.00,5.33,true,1,24260
7290002037569,false,לחמנית באניס*6,Unknown,,לחמנית באניס*6,,450.00,100 גרם,false,1,16.00,3.56,true,1,24393
7290002037637,false,חלות מתוקה רבעייה,Unknown,,חלות מתוקה רבעייה,,360.00,100 גרם,false,1,16.00,4.44,true,1,3782
7290002040019,false,קוסקוס רגיל הנמל,Unknown,,קוסקוס רגיל הנמל,,350.00,100 גרם,false,1,7.90,2.26,true,1,24894
7290002040064,false,קוסקוס דק הנמל,Unknown,,קוסקוס דק הנמל,,350.00,100 גרם,false,1,7.90,2.26,true,1,24895
7290002040071,false,קוסקוס עבה הנמל,Unknown,,קוסקוס עבה הנמל,,350.00,100 גרם,false,1,7.90,2.26,true,1,24896
7290002043065,false,אקסטרה פריכונ ש.מריר,Unknown,,אקסטרה פריכונ ש.מריר,,70.00,100 גרם,false,1,9.50,13.57,false,1,27033
7290002043072,false,אקסטרה פריכוני ש.חלב,Unknown,,אקסטרה פריכוני ש.חלב,,70.00,100 גרם,false,1,9.50,13.57,false,1,27034
7290002043096,false,אקסטרה פריכוני ש.לבן,Unknown,,אקסטרה פריכוני ש.לבן,,70.00,100 גרם,false,1,9.50,13.57,false,1,27035
7290002043218,false,ציפס אורז מלח 60ג,Unknown,,ציפס אורז מלח 60ג,,60.00,100 גרם,false,1,7.90,13.17,true,1,22348
7290002043782,false,ציפס אורז ברביקיו60,Unknown,,ציפס אורז ברביקיו60,,60.00,100 גרם,false,1,7.90,13.17,true,1,22349
7290002057123,false,זית מנזלינו ל.גרעין,Unknown,,זית מנזלינו ל.גרעין,,540.00,100 גרם,false,1,10.50,1.94,true,1,3934
7290002057185,false,טבעות זיתים ירוק,Unknown,,טבעות זיתים ירוק,,540.00,100 גרם,false,1,10.90,2.02,true,1,24358
7290002057284,false,יבנה זיתים חרוזית540,Unknown,,יבנה זיתים חרוזית540,,540.00,100 גרם,false,1,10.50,1.94,true,1,24740
7290002057352,false,מלפפון 9-7 במלח 320ג,Unknown,,מלפפון 9-7 במלח 320ג,,650.00,100 גרם,false,1,7.90,1.22,true,1,3935
7290002057369,false,מלפפון 10-12 מלח 320,Unknown,,מלפפון 10-12 מלח 320,,650.00,100 גרם,false,1,8.90,1.37,true,1,3936
7290002057451,false,מלפפון בחומץ 9-7,Unknown,,מלפפון בחומץ 9-7,,540.00,100 גרם,false,1,7.50,1.39,true,1,24357
7290002057468,false,מלפפון חומץ 10-12,Unknown,,מלפפון חומץ 10-12,,650.00,100 גרם,false,1,8.90,1.37,true,1,24361
7290002107071,false,צוריאל פטה עיזים,Unknown,,צוריאל פטה עיזים,,200.00,100 גרם,false,1,28.90,14.45,true,1,25650
7290002107385,false,צוריאל גליל ג.עיזים,Unknown,,צוריאל גליל ג.עיזים,,180.00,100 גרם,false,1,27.90,15.50,true,1,25643
7290002107491,false,צוריאל עזים למריחה,Unknown,,צוריאל עזים למריחה,,250.00,100 גרם,false,1,16.80,6.72,true,1,23846
7290002107798,false,צוריאל ג. בולגרית5%,Unknown,,צוריאל ג. בולגרית5%,,250.00,100 גרם,false,1,27.90,11.16,true,1,23845
7290002129479,false,פיצה איטלקית דקה,Unknown,,פיצה איטלקית דקה,,320.00,100 גרם,false,1,15.00,4.69,true,1,24970
7290002130567,false,יד מרדכי-דבש 350 גרם,Unknown,,יד מרדכי-דבש 350 גרם,,350.00,100 גרם,false,1,25.50,7.29,true,1,911
7290002130574,false,דבש טהור מפרחי בר,Unknown,,דבש טהור מפרחי בר,,500.00,100 גרם,false,1,34.00,6.80,true,1,24747
7290002132011,false,עבאדי מזרחיות 400,Unknown,,עבאדי מזרחיות 400,,400.00,100 גרם,false,1,20.50,5.12,true,1,5174
7290002195054,false,בלדי המבורגר 400ג,Unknown,,בלדי המבורגר 400ג,,400.00,100 גרם,false,1,13.90,3.48,true,1,25658
7290002195085,false,בלדי קבב מזרחי 400,Unknown,,בלדי קבב מזרחי 400,,400.00,100 גרם,false,1,13.90,3.48,true,1,25659
7290002204169,false,אגס נאשי ארוז יח,Unknown,,אגס נאשי ארוז יח,,700.00,100 גרם,false,1,14.90,2.13,true,1,28218
7290002204213,false,דובדבן אדום,Unknown,,דובדבן אדום,,300.00,100 גרם,false,1,24.90,8.30,false,1,8905
7290002204275,false,קיווי עגול היוורד,Unknown,,קיווי עגול היוורד,קילוגרמים,1.00,"ק""ג",true,1,22.90,0.00,true,1,26041
7290002204886,false,ליצי ארוז יח,Unknown,,ליצי ארוז יח,,310.00,100 גרם,false,1,14.90,4.81,false,1,23178
7290002253105,false,דורות קוביות שום טרי,Unknown,,דורות קוביות שום טרי,,80.00,100 גרם,false,1,15.00,18.75,true,1,23662
7290002253150,false,דורות בזיליקום קצוץ,Unknown,,דורות בזיליקום קצוץ,,70.00,100 גרם,false,1,11.50,16.43,true,1,23917
7290002253167,false,פטרוזיליה טריה קצוצה,Unknown,,פטרוזיליה טריה קצוצה,,70.00,100 גרם,false,1,11.50,16.43,true,1,23017
7290002253181,false,כוסברה טריה קצוצה,Unknown,,כוסברה טריה קצוצה,,70.00,100 גרם,false,1,11.50,16.43,false,1,25780
7290002291046,false,בלדי המבורגר מסעדות,Unknown,,בלדי המבורגר מסעדות,,480.00,100 גרם,false,1,24.90,5.19,true,1,25660
7290002331018,false,נביעות 500 מל שטוח,Unknown,,נביעות 500 מל שטוח,,500.00,"100 מ""ל",false,1,7.90,1.52,true,1,271
7290002331025,false,נביעות ספורט 500מל,Unknown,,נביעות ספורט 500מל,,3.00,1 ליטר,false,1,7.90,2.53,true,1,272
7290002331094,false,נביעות 755 מל,Unknown,,נביעות 755 מל,,755.00,"100 מ""ל",false,1,8.90,1.14,true,1,2020
7290002331124,false,נביעות תפוח עדין 0.5,Unknown,,נביעות תפוח עדין 0.5,,500.00,"100 מ""ל",false,1,9.90,1.92,true,1,6346
7290002331155,false,נביעות אפרסק 0.5 ל,Unknown,,נביעות אפרסק 0.5 ל,,500.00,"100 מ""ל",false,1,9.90,1.92,true,1,6345
7290002331360,false,שישיית נביעות ספורט,Unknown,,שישיית נביעות ספורט,,3.00,1 ליטר,false,1,16.00,4.73,true,1,1399
7290002331421,false,נביעות 755 מל שישייה,Unknown,,נביעות 755 מל שישייה,,4.53,1 ליטר,false,1,16.00,3.13,true,1,2620
7290002331490,false,נביעות 1 ליטר,Unknown,,נביעות 1 ליטר,,1.00,1 ליטר,false,1,7.90,7.60,true,1,15310
7290002331711,false,נביעות ענבים 0.5ל,Unknown,,נביעות ענבים 0.5ל,,500.00,"100 מ""ל",false,1,9.90,1.92,true,1,8786
7290002345022,false,אנטריקוט דקדק 250 גר,Unknown,,אנטריקוט דקדק 250 גר,,250.00,100 גרם,false,1,25.00,10.00,true,1,24622
7290002348139,false,תחתיות ארטישוק,Unknown,,תחתיות ארטישוק,,390.00,100 גרם,false,1,11.50,2.95,true,1,24487
7290002371533,false,פסטרמה בדבש פרוס דק,Unknown,,פסטרמה בדבש פרוס דק,,120.00,100 גרם,false,1,19.00,15.83,true,1,24500
7290002371540,false,קורנביף 120 גר,Unknown,,קורנביף 120 גר,,120.00,100 גרם,false,1,19.00,15.83,true,1,24549
7290002374268,false,שמן חמניות מילומור,Unknown,,שמן חמניות מילומור,,1.00,1 ליטר,false,1,12.90,12.90,true,1,25115
7290002374312,false,מילומור שמן קנולה,Unknown,,מילומור שמן קנולה,,1.00,1 ליטר,false,1,12.50,12.50,true,1,12347
7290002385738,false,מנצגו משולשים,Unknown,,מנצגו משולשים,קילוגרמים,1.00,"ק""ג",true,1,164.00,0.00,true,1,27240
7290002385745,false,פ.משולשים מהדרין,Unknown,,פ.משולשים מהדרין,קילוגרמים,1.00,"ק""ג",true,1,164.00,0.00,true,1,27241
7290002421115,false,כדורי לבנה חלב בקר,Unknown,,כדורי לבנה חלב בקר,,200.00,100 גרם,false,1,29.90,14.95,false,1,26370
7290002421122,false,כדורי לבנה 10% עיזים,Unknown,,כדורי לבנה 10% עיזים,,200.00,100 גרם,false,1,34.90,17.45,false,1,26371
7290002421153,false,חלומי חלב עיזים 180ג,Unknown,,חלומי חלב עיזים 180ג,,180.00,100 גרם,false,1,22.90,12.72,false,1,26372
7290002421160,false,פטה עיזים 19% 160ג,Unknown,,פטה עיזים 19% 160ג,,160.00,100 גרם,false,1,21.90,13.69,false,1,26373
7290002421177,false,היידי בת הרים 160גרם,Unknown,,היידי בת הרים 160גרם,,160.00,100 גרם,false,1,32.90,20.56,false,1,26374
7290002421184,false,היידי בת הרים ביין,Unknown,,היידי בת הרים ביין,,160.00,100 גרם,false,1,33.90,21.19,false,1,26375
7290002421375,false,גאודה בקר 200 גרם,Unknown,,גאודה בקר 200 גרם,,200.00,100 גרם,false,1,31.90,15.95,false,1,26376
7290002421443,false,צדר חלב בקר 180 גרם,Unknown,,צדר חלב בקר 180 גרם,,180.00,100 גרם,false,1,21.90,12.17,false,1,26377
7290002421498,false,חלומי חלב בקר 180ג,Unknown,,חלומי חלב בקר 180ג,,180.00,100 גרם,false,1,16.90,9.39,false,1,26378
7290002421542,false,קשקבל חלב בקר 240גרם,Unknown,,קשקבל חלב בקר 240גרם,,240.00,100 גרם,false,1,29.90,12.46,false,1,26379
7290002421559,false,רוקפור חלב בקר 180ג,Unknown,,רוקפור חלב בקר 180ג,,180.00,100 גרם,false,1,29.90,16.61,false,1,26380
7290002421603,false,מוצרלה חלב בקר 240ג,Unknown,,מוצרלה חלב בקר 240ג,,240.00,100 גרם,false,1,26.90,11.21,false,1,26381
7290002421610,false,פרמזן בקר 200 גרם,Unknown,,פרמזן בקר 200 גרם,,200.00,100 גרם,false,1,34.90,17.45,false,1,26382
7290002421658,false,צדר חלב עיזים 180ג,Unknown,,צדר חלב עיזים 180ג,,180.00,100 גרם,false,1,31.90,17.72,false,1,26383
7290002421672,false,גאודה עיזים 24% 180ג,Unknown,,גאודה עיזים 24% 180ג,,180.00,100 גרם,false,1,31.90,17.72,false,1,26384
7290002496557,false,תמר לח ארוז ליח,Unknown,,תמר לח ארוז ליח,,510.00,100 גרם,false,1,14.90,2.92,true,1,23281
7290002502043,false,לחמניה לבנה,Unknown,,לחמניה לבנה,,120.00,100 גרם,false,1,2.50,2.08,true,1,16474
7290002502067,false,חלה קלועה בונזור,Unknown,,חלה קלועה בונזור,,560.00,100 גרם,false,1,12.90,2.30,false,1,23543
7290002502166,false,בונזור- חצי באגט,Unknown,,בונזור- חצי באגט,,0.00,,false,1,4.50,0.00,true,1,22170
7290002502296,false,לחמניה קלועה,Unknown,,לחמניה קלועה,,0.00,,false,1,2.90,0.00,true,1,23537
7290002517108,false,אורגנו מיכל קטן,Unknown,,אורגנו מיכל קטן,,10.00,100 גרם,false,1,7.50,75.00,true,1,24338
7290002517269,false,פלפל שחור שלם מיכל,Unknown,,פלפל שחור שלם מיכל,,35.00,100 גרם,false,1,9.50,27.14,true,1,23004
7290002517283,false,פלפל שחור גרוס-קט,Unknown,,פלפל שחור גרוס-קט,,40.00,100 גרם,false,1,9.50,23.75,true,1,23005
7290002517603,false,בזיליקום טעם וריח,Unknown,,בזיליקום טעם וריח,,10.00,100 גרם,false,1,7.50,75.00,true,1,24335
7290002517634,false,כוסברה מיכל קטן,Unknown,,כוסברה מיכל קטן,,30.00,100 גרם,false,1,5.90,19.67,true,1,22994
7290002517726,false,מקלות קינמון-קטן,Unknown,,מקלות קינמון-קטן,,15.00,100 גרם,false,1,7.50,50.00,true,1,24336
7290002517733,false,קצח- מיכל קטן,Unknown,,קצח- מיכל קטן,,40.00,100 גרם,false,1,5.90,14.75,true,1,22996
7290002517849,false,שום גבישי- מיכל קטן,Unknown,,שום גבישי- מיכל קטן,,50.00,100 גרם,false,1,7.90,15.80,true,1,22999
7290002542506,false,קורונה אקסטרא בירה,Unknown,,קורונה אקסטרא בירה,,355.00,"100 מ""ל",false,1,17.00,4.70,true,1,11725
7290002542773,false,בירה בבקבוק סטלה 330,Unknown,,בירה בבקבוק סטלה 330,,330.00,"100 מ""ל",false,1,17.00,5.06,true,1,21899
7290002542780,false,בירה בבקבוק סטלה*6,Unknown,,בירה בבקבוק סטלה*6,,1.98,1 ליטר,false,1,39.90,19.24,true,1,21900
7290002542797,false,פ.בירה סטלה 440 מל,Unknown,,פ.בירה סטלה 440 מל,,330.00,"100 מ""ל",false,1,14.00,4.15,true,1,26544
7290002542810,false,הוגרדן - בק 330 מל,Unknown,,הוגרדן - בק 330 מל,,330.00,"100 מ""ל",false,1,14.00,4.15,true,1,26545
7290002542841,false,לף בלונד 330 מל*6,Unknown,,לף בלונד 330 מל*6,,1.98,1 ליטר,false,1,49.90,24.29,true,1,26546
7290002542865,false,הוגרדן בק 330 מל*6,Unknown,,הוגרדן בק 330 מל*6,,1.98,1 ליטר,false,1,49.90,24.29,true,1,26547
7290002543046,false,קלוגס פרוסטיס 750,Unknown,,קלוגס פרוסטיס 750,,750.00,100 גרם,false,1,25.00,3.33,true,1,24748
7290002543237,false,קלוגס קורנפלקס 750גר,Unknown,,קלוגס קורנפלקס 750גר,,750.00,100 גרם,false,1,21.00,2.80,true,1,18548
7290002551003,false,סטארקיס בשמן 160ג,Unknown,,סטארקיס בשמן 160ג,,160.00,100 גרם,false,1,8.50,5.31,true,1,1850
7290002551010,false,סטארקיסט טונה במים,Unknown,,סטארקיסט טונה במים,,160.00,100 גרם,false,1,8.50,5.31,true,1,3909
7290002608653,false,מאפה טאבון תפוא א.ק,Unknown,,מאפה טאבון תפוא א.ק,,139.00,100 גרם,false,1,12.00,8.63,true,1,18503
7290002608776,false,מאפה עלים גבינה א.ק,Unknown,,מאפה עלים גבינה א.ק,,130.00,100 גרם,false,1,12.00,9.23,true,1,18504
7290002608806,false,מ.עלים שוקו מ.א א.ק,Unknown,,מ.עלים שוקו מ.א א.ק,,130.00,100 גרם,false,1,12.00,9.23,true,1,18505
7290002608837,false,מקל ריקוטה א.ק,Unknown,,מקל ריקוטה א.ק,,120.00,100 גרם,false,1,12.00,10.00,true,1,18506
7290002608868,false,מאפה תפוחים א.ק,Unknown,,מאפה תפוחים א.ק,,130.00,100 גרם,false,1,12.00,9.23,true,1,18526
7290002627210,false,גפילטעפיש 560ג בעלז,Unknown,,גפילטעפיש 560ג בעלז,,560.00,100 גרם,false,1,14.90,2.66,false,1,27918
7290002628064,false,טחון בשר ב.בלדי 500ג,Unknown,,טחון בשר ב.בלדי 500ג,,500.00,100 גרם,false,1,16.90,3.38,false,1,25782
7290002628248,false,שוקיים ע.קפוא שקיל,Unknown,,שוקיים ע.קפוא שקיל,קילוגרמים,1.00,"ק""ג",true,1,29.90,0.00,true,1,25666
7290002628255,false,כרעיים ע.קפוא שקיל,Unknown,,כרעיים ע.קפוא שקיל,קילוגרמים,1.00,"ק""ג",true,1,27.90,0.00,true,1,25667
7290002628293,false,טחון עוף 500,Unknown,,טחון עוף 500,,500.00,100 גרם,false,1,11.90,2.38,false,1,25783
7290002628484,false,כנפים ע.קפוא א.שקיל,Unknown,,כנפים ע.קפוא א.שקיל,קילוגרמים,1.00,"ק""ג",true,1,12.90,0.00,true,1,25668
7290002661245,false,לחם קסטן,Unknown,,לחם קסטן,,1.00,"1 ק""ג",false,1,21.00,21.00,true,1,24701
7290002661474,false,פירור זהוב עם שמשום,Unknown,,פירור זהוב עם שמשום,,200.00,100 גרם,false,1,6.00,3.00,true,1,25034
7290002661504,false,פירורי לחם יפני לבן,Unknown,,פירורי לחם יפני לבן,,200.00,100 גרם,false,1,6.50,3.25,true,1,25035
7290002661511,false,פירורי לחם זהוב עדין,Unknown,,פירורי לחם זהוב עדין,,350.00,100 גרם,false,1,7.50,2.14,true,1,25036
7290002661856,false,קרוטונים מיני מתובלי,Unknown,,קרוטונים מיני מתובלי,,350.00,100 גרם,false,1,24.00,6.86,true,1,25032
7290002661863,false,קרוטונים מתובלים,Unknown,,קרוטונים מתובלים,,350.00,100 גרם,false,1,22.00,6.29,true,1,25033
7290002663522,false,תפוזינה תפוזים 1.5ל,Unknown,,תפוזינה תפוזים 1.5ל,,1.50,1 ליטר,false,1,11.50,7.67,true,1,24064
7290002692393,false,שמן קנולה עץ הזית 1,Unknown,,שמן קנולה עץ הזית 1,,1.00,1 ליטר,false,1,18.00,18.00,true,1,23170
7290002710004,false,ביצי חופש אורגניות L,Unknown,,ביצי חופש אורגניות L,,12.00,יחידה,false,1,25.00,2.08,true,1,22886
7290002710110,false,ביצים 12 יח L,Unknown,,ביצים 12 יח L,,12.00,יחידה,false,1,18.90,1.57,true,1,22202
7290002730262,false,פלמוליב לכלים קלאסי,Unknown,,פלמוליב לכלים קלאסי,,750.00,"100 מ""ל",false,1,14.50,1.93,true,1,24259
7290002730521,false,בלונס מ.אזניים קופסא,Unknown,,בלונס מ.אזניים קופסא,,200.00,יחידה,false,1,7.50,0.04,true,1,24281
7290002730675,false,קולגייט משחת שיניים,Unknown,,קולגייט משחת שיניים,,100.00,"100 מ""ל",false,1,16.50,16.50,true,1,3722
7290002730811,false,קולגייט גל 3 פסים,Unknown,,קולגייט גל 3 פסים,,100.00,100 גרם,false,1,18.50,18.50,true,1,23485
7290002750048,false,לחמניות רביעיות כשלפ,Unknown,,לחמניות רביעיות כשלפ,,300.00,100 גרם,false,1,23.90,7.97,false,1,26465
7290002750710,false,מיני סופגניה פילסברי,Unknown,,מיני סופגניה פילסברי,,0.00,,false,1,4.00,0.00,false,1,20350
7290002752332,false,מנטוס פירות גליל,Unknown,,מנטוס פירות גליל,,37.50,100 גרם,false,1,5.00,13.33,true,1,322
7290002752349,false,מנטוס מנטה גליל,Unknown,,מנטוס מנטה גליל,,37.50,100 גרם,false,1,5.00,13.33,true,1,323
7290002752493,false,טיק טק מנטה רבעיות,Unknown,,טיק טק מנטה רבעיות,,64.00,100 גרם,false,1,11.90,18.59,true,1,7166
7290002753223,false,טיק טק תפוז רביעיות,Unknown,,טיק טק תפוז רביעיות,,64.00,100 גרם,false,1,11.90,18.59,true,1,7167
7290002757672,false,המבורגר 400 גרם,Unknown,,המבורגר 400 גרם,,400.00,100 גרם,false,1,14.00,3.50,true,1,24971
7290002766148,false,אפונה סינית,Unknown,,אפונה סינית,,1.00,יחידה,false,1,24.90,24.90,true,1,25784
7290002767800,false,פלפל רומרו אדום,Unknown,,פלפל רומרו אדום,,250.00,100 גרם,false,1,4.90,1.96,true,1,23440
7290002771111,false,נחלה קפה עם הל 250,Unknown,,נחלה קפה עם הל 250,,250.00,100 גרם,false,1,21.90,8.76,true,1,5544
7290002824183,false,סקי 500 גר %5,Unknown,,סקי 500 גר %5,,500.00,100 גרם,false,1,9.96,1.99,false,1,3234
7290002824466,false,דנונה ביו 0% 200 גר,Unknown,,דנונה ביו 0% 200 גר,,200.00,"100 מ""ל",false,1,3.90,1.95,true,1,4096
7290002824640,false,סקי גבינה 5% 250גר,Unknown,,סקי גבינה 5% 250גר,,250.00,100 גרם,false,1,4.98,1.99,false,1,958
7290002859512,false,חזה אווז ארוז - 12קג,Unknown,,חזה אווז ארוז - 12קג,קילוגרמים,1.00,"ק""ג",true,1,119.00,0.00,true,1,25881
7290002868996,false,טרה קוטג מועשר 5%,Unknown,,טרה קוטג מועשר 5%,,250.00,100 גרם,false,1,5.90,2.36,true,1,12168
7290002900207,false,ט.צבי המבורגר אמיתי,Unknown,,ט.צבי המבורגר אמיתי,,400.00,100 גרם,false,1,26.90,6.72,true,1,24308
7290002900214,false,ט.צבי קבב מזרחי,Unknown,,ט.צבי קבב מזרחי,,450.00,100 גרם,false,1,26.90,5.98,true,1,24309
7290002909804,false,מרלוזה פילה ללא עור,Unknown,,מרלוזה פילה ללא עור,קילוגרמים,1.00,"ק""ג",true,1,34.90,0.00,true,1,25882
7290002919179,false,אמנון פילה פס,Unknown,,אמנון פילה פס,קילוגרמים,1.00,"ק""ג",true,1,39.90,0.00,true,1,25883
7290002919353,false,כבד עוף קפוא ארוז,Unknown,,כבד עוף קפוא ארוז,,500.00,100 גרם,false,1,11.90,2.38,true,1,25661
7290002920311,false,ק. צאן משולשים,Unknown,,ק. צאן משולשים,קילוגרמים,1.00,"ק""ג",true,1,135.00,0.00,true,1,27242
7290002929642,false,טונה ויליגר רביעייה,Unknown,,טונה ויליגר רביעייה,,560.00,100 גרם,false,1,22.90,4.09,true,1,24593
7290002958130,false,היי-ווי 20 רד,Unknown,,היי-ווי 20 רד,,0.00,,false,1,260.00,0.00,false,1,25224
7290002958147,false,היי-ווי 20 בלו,Unknown,,היי-ווי 20 בלו,,0.00,,false,1,260.00,0.00,false,1,25225
7290002958154,false,היי-ווי 20 סילבר,Unknown,,היי-ווי 20 סילבר,,0.00,,false,1,260.00,0.00,false,1,25226
7290002958192,false,רויאל אדום - פאקט,Unknown,,רויאל אדום - פאקט,,0.00,,false,1,260.00,0.00,false,1,13895
7290002958208,false,רויאל כחול - פאקט,Unknown,,רויאל כחול - פאקט,,0.00,,false,1,260.00,0.00,false,1,13896
7290002958307,false,רויאל 100 רד,Unknown,,רויאל 100 רד,,0.00,,false,1,260.00,0.00,false,1,25242
7290002958314,false,רויאל 100 בלו,Unknown,,רויאל 100 בלו,,0.00,,false,1,260.00,0.00,false,1,25243
7290002986225,false,עוגיות יין גלגל גדול,Unknown,,עוגיות יין גלגל גדול,,400.00,100 גרם,false,1,11.90,2.98,false,1,3971
7290002986256,false,עוגיות יין עגולית,Unknown,,עוגיות יין עגולית,,400.00,100 גרם,false,1,11.90,2.98,true,1,6093
7290002986843,false,עוגיות כעכי יין,Unknown,,עוגיות כעכי יין,,300.00,100 גרם,false,1,11.90,3.97,false,1,26838
7290002987963,false,אחלה חומוס 1 קג,Unknown,,אחלה חומוס 1 קג,,1.00,"1 ק""ג",false,1,17.50,17.50,true,1,11539
7290003009312,false,בוטן קלוי 200 גר,Unknown,,בוטן קלוי 200 גר,,200.00,100 גרם,false,1,11.90,5.95,true,1,760
7290003009329,false,בוטן אמריקאי שקית200,Unknown,,בוטן אמריקאי שקית200,,200.00,100 גרם,false,1,9.00,4.50,true,1,738
7290003009336,false,קבוקים  שקית 200 גרם,Unknown,,קבוקים  שקית 200 גרם,,200.00,100 גרם,false,1,9.00,4.50,true,1,761
7290003009640,false,סחוט תפוזים קלאסי1ל,Unknown,,סחוט תפוזים קלאסי1ל,,1.00,1 ליטר,false,1,18.00,17.70,true,1,9314
7290003015627,false,ריצפז אפרסק 2 ליטר,Unknown,,ריצפז אפרסק 2 ליטר,,2.00,1 ליטר,false,1,23.90,11.95,true,1,24415
7290003023165,false,יטבתה שוקו כד 2ליטר,Unknown,,יטבתה שוקו כד 2ליטר,,2.00,1 ליטר,false,1,22.00,11.00,true,1,24310
7290003026036,false,אל סבון ורוד 1 ליטר,Unknown,,אל סבון ורוד 1 ליטר,,1.00,1 ליטר,false,1,32.90,32.90,false,1,24448
7290003026227,false,שמפו 1 ליטר אל דמע,Unknown,,שמפו 1 ליטר אל דמע,,1.00,1 ליטר,false,1,32.90,32.90,false,1,24538
7290003029181,false,יטבתה שוקו בקבוק 1ל,Unknown,,יטבתה שוקו בקבוק 1ל,,1.00,1 ליטר,false,1,12.40,12.40,true,1,920
7290003029372,false,יטבתה בננה בקבוק 1ל,Unknown,,יטבתה בננה בקבוק 1ל,,1.00,1 ליטר,false,1,12.40,12.40,true,1,3244
7290003029389,false,יטבתה בננה פקק 0.25,Unknown,,יטבתה בננה פקק 0.25,,250.00,"100 מ""ל",false,1,7.50,3.00,true,1,204
7290003029433,false,יטבתה שוקו פקק 250מל,Unknown,,יטבתה שוקו פקק 250מל,,250.00,"100 מ""ל",false,1,7.50,3.00,true,1,923
7290003029532,false,יטבתה מוקה בקבוק 1ל,Unknown,,יטבתה מוקה בקבוק 1ל,,1.00,1 ליטר,false,1,12.40,12.40,true,1,956
7290003029792,false,יטבתה שוקו שקית- 8יח,Unknown,,יטבתה שוקו שקית- 8יח,,1.80,1 ליטר,false,1,22.80,12.67,true,1,5997
7290003029815,false,יטבתה חלב מועשר כד2ל,Unknown,,יטבתה חלב מועשר כד2ל,,2.00,1 ליטר,false,1,17.00,8.50,true,1,9557
7290003029907,false,יטבתה אייס קפה 1,Unknown,,יטבתה אייס קפה 1,,1.00,1 ליטר,false,1,12.40,12.40,true,1,20705
7290003047642,false,תה ליפטון 100 שקיות,Unknown,,תה ליפטון 100 שקיות,,150.00,100 גרם,false,1,19.90,13.27,true,1,3728
7290003055128,false,טישו פיור,Unknown,,טישו פיור,,100.00,יחידה,false,1,3.90,0.04,true,1,20448
7290003060009,false,קמח לבן בהיר,Unknown,,קמח לבן בהיר,,1.00,"1 ק""ג",false,1,6.00,6.00,false,1,25336
7290003060023,false,סולת חיטה 1קג,Unknown,,סולת חיטה 1קג,,1.00,"1 ק""ג",false,1,6.00,6.00,false,1,25339
7290003072811,false,נקניקיות בראטוורסט,Unknown,,נקניקיות בראטוורסט,,320.00,100 גרם,false,1,31.00,9.69,true,1,24627
7290003072828,false,נקניקיות פרנקפורטר,Unknown,,נקניקיות פרנקפורטר,,320.00,100 גרם,false,1,31.00,9.69,true,1,24628
7290003072835,false,נקניקיות קנאקוורסט,Unknown,,נקניקיות קנאקוורסט,,320.00,100 גרם,false,1,31.00,9.69,true,1,24629
7290003081684,false,מגבוני אוונט,Unknown,,מגבוני אוונט,,15.00,100 גרם,false,1,5.90,39.33,true,1,17922
7290003107216,false,קמח 1 קג שימורי איכ,Unknown,,קמח 1 קג שימורי איכ,,1.00,"1 ק""ג",false,1,6.50,6.50,true,1,12179
7290003107223,false,סולת הדגן,Unknown,,סולת הדגן,,500.00,100 גרם,false,1,6.90,1.38,true,1,20824
7290003122998,false,פס גבינה פירורים,Unknown,,פס גבינה פירורים,,1.00,יחידה,false,1,69.00,69.00,false,1,25991
7290003126712,false,צוריאל יוגורט עיזים,Unknown,,צוריאל יוגורט עיזים,,140.00,"100 מ""ל",false,1,7.30,5.21,true,1,26778
7290003126958,false,טופו משק צוריאל,Unknown,,טופו משק צוריאל,,340.00,100 גרם,false,1,13.00,3.82,true,1,23854
7290003141159,false,יוגטה מרשמלו 180ג,Unknown,,יוגטה מרשמלו 180ג,,1.00,יחידה,false,1,9.90,9.90,true,1,27119
7290003143146,false,ממרח תמרים 450 גר,Unknown,,ממרח תמרים 450 גר,,450.00,100 גרם,false,1,7.90,1.76,true,1,23768
7290003143276,false,יוגטה מרשמלו מגולגל,Unknown,,יוגטה מרשמלו מגולגל,,1.00,יחידה,false,1,9.90,9.90,true,1,27120
7290003144310,false,תערובת אגוזים 150גר,Unknown,,תערובת אגוזים 150גר,,150.00,100 גרם,false,1,22.90,15.27,true,1,18989
7290003145560,false,ק.גת שקדים קלויים100,Unknown,,ק.גת שקדים קלויים100,,100.00,100 גרם,false,1,10.00,10.00,true,1,15239
7290003145577,false,ק.גת קשיו קלויים 100,Unknown,,ק.גת קשיו קלויים 100,,100.00,100 גרם,false,1,10.00,10.00,true,1,15237
7290003145584,false,ק.גת פיסטוק קלוי 100,Unknown,,ק.גת פיסטוק קלוי 100,,100.00,100 גרם,false,1,10.00,10.00,true,1,15238
7290003145751,false,קשיו קלוי 200 גרם,Unknown,,קשיו קלוי 200 גרם,,200.00,100 גרם,false,1,25.00,12.50,true,1,15221
7290003145768,false,בוטן אמריקאי 50 גרם,Unknown,,בוטן אמריקאי 50 גרם,,50.00,100 גרם,false,1,3.00,6.00,true,1,9261
7290003145782,false,צנובר טבעי 100 גר,Unknown,,צנובר טבעי 100 גר,,100.00,100 גרם,false,1,26.50,26.50,true,1,24483
7290003145959,false,פקאן טבעי שקית 150גר,Unknown,,פקאן טבעי שקית 150גר,,150.00,100 גרם,false,1,29.90,19.93,true,1,9863
7290003153831,false,שוש 80 גר,Unknown,,שוש 80 גר,,80.00,100 גרם,false,1,7.90,9.88,true,1,1860
7290003208586,false,מרטיני ביאנקו 750 מל,Unknown,,מרטיני ביאנקו 750 מל,,750.00,"100 מ""ל",false,1,62.00,8.23,false,1,22345
7290003208890,false,וודקה פינלנדיה 200מ,Unknown,,וודקה פינלנדיה 200מ,,200.00,"100 מ""ל",false,1,36.90,18.30,true,1,19161
7290003212385,false,עוגיות-אוזניות 350ג,Unknown,,עוגיות-אוזניות 350ג,,350.00,100 גרם,false,1,12.90,3.69,true,1,14829
7290003212392,false,מאפים מלוחים 350גר,Unknown,,מאפים מלוחים 350גר,,350.00,100 גרם,false,1,12.90,3.69,true,1,14828
7290003212408,false,רוגלך שמרים קינמון,Unknown,,רוגלך שמרים קינמון,,400.00,100 גרם,false,1,12.90,3.22,true,1,14827
7290003212415,false,רוגלך שמרים שוקולד,Unknown,,רוגלך שמרים שוקולד,,400.00,100 גרם,false,1,12.90,3.22,true,1,14826
7290003229109,false,ט.צבי פסטרמה פפרי400,Unknown,,ט.צבי פסטרמה פפרי400,,400.00,100 גרם,false,1,37.10,9.28,true,1,5925
7290003229116,false,ט.צבי פסטרמה בדבש400,Unknown,,ט.צבי פסטרמה בדבש400,,400.00,100 גרם,false,1,35.90,8.98,true,1,1221
7290003229123,false,ט.צבי פסטרמ גחלים400,Unknown,,ט.צבי פסטרמ גחלים400,,400.00,100 גרם,false,1,35.90,8.98,true,1,1222
7290003229147,false,ט.צבי סלמי איטלקי300,Unknown,,ט.צבי סלמי איטלקי300,,300.00,100 גרם,false,1,35.00,11.67,true,1,1224
7290003229154,false,ט.צבי קוניאק מובחר,Unknown,,ט.צבי קוניאק מובחר,,300.00,100 גרם,false,1,35.00,11.67,true,1,1225
7290003229192,false,ט.צבי כתף בקר,Unknown,,ט.צבי כתף בקר,,400.00,100 גרם,false,1,42.00,10.50,true,1,7770
7290003287055,false,שיפודי פרגית קצבייה,Unknown,,שיפודי פרגית קצבייה,,500.00,100 גרם,false,1,44.90,8.98,true,1,25662
7290003287215,false,גולש בקר 800ג ארוז,Unknown,,גולש בקר 800ג ארוז,,800.00,100 גרם,false,1,36.90,4.61,false,1,25786
7290003287253,false,בלדי מרגז קצביה ארוז,Unknown,,בלדי מרגז קצביה ארוז,,500.00,100 גרם,false,1,29.90,5.98,true,1,25663
7290003287260,false,צוריסוס קצביה ארוז,Unknown,,צוריסוס קצביה ארוז,,600.00,100 גרם,false,1,29.90,4.98,true,1,25677
7290003287284,false,קבב ביתי קצביה ארוז,Unknown,,קבב ביתי קצביה ארוז,,600.00,100 גרם,false,1,29.90,4.98,true,1,25664
7290003287291,false,קבב טלה צנובר קצביה,Unknown,,קבב טלה צנובר קצביה,,600.00,100 גרם,false,1,29.90,4.98,true,1,25665
7290003287420,false,פ.סלמון מעושן נורבגי,Unknown,,פ.סלמון מעושן נורבגי,,100.00,100 גרם,false,1,14.90,14.90,true,1,25656
7290003312053,false,קראנץ חלבה,Unknown,,קראנץ חלבה,,1.00,יחידה,false,1,44.00,44.00,false,1,25948
7290003312060,false,קראנץ שוקולד,Unknown,,קראנץ שוקולד,,1.00,יחידה,false,1,44.00,44.00,false,1,25949
7290003312077,false,קראנץ גבינה אוכמניות,Unknown,,קראנץ גבינה אוכמניות,,1.00,יחידה,false,1,44.00,44.00,false,1,26158
7290003312153,false,עוגת גזר חדשה,Unknown,,עוגת גזר חדשה,,1.00,יחידה,false,1,40.00,40.00,false,1,28005
7290003312299,false,לימון שו.לבן ופיסטוק,Unknown,,לימון שו.לבן ופיסטוק,,1.00,יחידה,false,1,35.00,35.00,false,1,27868
7290003312306,false,עוגיות שוקולד בייגלה,Unknown,,עוגיות שוקולד בייגלה,,1.00,יחידה,false,1,35.00,35.00,false,1,25994
7290003312312,false,סינמון לוז,Unknown,,סינמון לוז,,1.00,יחידה,false,1,35.00,35.00,false,1,27895
7290003312320,false,פרלינה ואגוזי לוז,Unknown,,פרלינה ואגוזי לוז,,1.00,יחידה,false,1,40.00,40.00,false,1,25996
7290003312337,false,בחושה פרג לימון,Unknown,,בחושה פרג לימון,,1.00,יחידה,false,1,40.00,40.00,false,1,25997
7290003312344,false,בחושה שוקולד קרמבל,Unknown,,בחושה שוקולד קרמבל,,1.00,יחידה,false,1,40.00,40.00,false,1,25998
7290003312351,false,ציזי גריסיני,Unknown,,ציזי גריסיני,,1.00,יחידה,false,1,35.00,35.00,false,1,27896
7290003312511,false,גרנולה צנצנת,Unknown,,גרנולה צנצנת,,1.00,יחידה,false,1,30.00,30.00,false,1,28011
7290003312528,false,פס שוקולד לוז,Unknown,,פס שוקולד לוז,,1.00,יחידה,false,1,65.00,65.00,false,1,26000
7290003312535,false,פס פיסטוק פטל,Unknown,,פס פיסטוק פטל,,1.00,יחידה,false,1,65.00,65.00,false,1,27869
7290003312542,false,פס גבינה פירורים,Unknown,,פס גבינה פירורים,,1.00,יחידה,false,1,69.00,69.00,false,1,26001
7290003312559,false,טירמיסו ערמונים עגול,Unknown,,טירמיסו ערמונים עגול,,1.00,יחידה,false,1,160.00,160.00,false,1,26002
7290003312566,false,קונקורד פקאן עגול 20,Unknown,,קונקורד פקאן עגול 20,,1.00,יחידה,false,1,120.00,120.00,false,1,26003
7290003312580,false,עוגת יום הולדת עגול,Unknown,,עוגת יום הולדת עגול,,1.00,יחידה,false,1,190.00,190.00,false,1,26004
7290003312702,false,פס עוגת גזר גינגר,Unknown,,פס עוגת גזר גינגר,,1.00,יחידה,false,1,50.00,50.00,false,1,26008
7290003312719,false,טארט ליים,Unknown,,טארט ליים,,1.00,יחידה,false,1,140.00,140.00,false,1,26009
7290003313563,false,פס גבינה בלונדי,Unknown,,פס גבינה בלונדי,,1.00,יחידה,false,1,69.00,69.00,false,1,27318
7290003321155,false,דנונה בר פקאן 180 גר,Unknown,,דנונה בר פקאן 180 גר,,175.00,"100 מ""ל",false,1,6.20,3.54,true,1,991
7290003321292,false,סקי גבינה 9% 250גר,Unknown,,סקי גבינה 9% 250גר,,250.00,100 גרם,false,1,4.75,1.90,true,1,959
7290003326020,false,סלק ואקום,Unknown,,סלק ואקום,,1.00,יחידה,false,1,16.00,16.00,false,1,25729
7290003332007,false,נחלה אדום קפה הל 250,Unknown,,נחלה אדום קפה הל 250,,250.00,100 גרם,false,1,17.90,7.16,true,1,17247
7290003333101,false,אבוקדו,Unknown,,אבוקדו,קילוגרמים,1.00,"ק""ג",true,1,14.90,14.90,true,1,25501
7290003333102,false,אבוקדו אס,Unknown,,אבוקדו אס,קילוגרמים,1.00,"ק""ג",true,1,19.90,19.90,true,1,25502
7290003333103,false,אבטיח,Unknown,,אבטיח,קילוגרמים,1.00,"ק""ג",true,1,9.90,9.90,true,1,25503
7290003333104,false,אבטיח אישי,Unknown,,אבטיח אישי,קילוגרמים,1.00,"ק""ג",true,1,9.90,9.90,true,1,25504
7290003333105,false,אגס-תפוח - נאשי,Unknown,,אגס-תפוח - נאשי,קילוגרמים,1.00,"ק""ג",true,1,19.90,19.90,true,1,25505
7290003333106,false,אגסים,Unknown,,אגסים,קילוגרמים,1.00,"ק""ג",true,1,24.90,24.90,true,1,25506
7290003333107,false,אוכמניות ארוזות,Unknown,,אוכמניות ארוזות,,1.00,יחידה,false,1,19.90,19.90,true,1,25594
7290003333108,false,אננס חן הפרי,Unknown,,אננס חן הפרי,,1.00,יחידה,false,1,39.90,39.90,true,1,25507
7290003333109,false,אננס חתוך,Unknown,,אננס חתוך,,1.00,יחידה,false,1,25.00,25.00,true,1,25508
7290003333110,false,אפרסמון,Unknown,,אפרסמון,קילוגרמים,1.00,"ק""ג",true,1,24.90,24.90,true,1,25509
7290003333111,false,אפרסמון בצורת קרמבו,Unknown,,אפרסמון בצורת קרמבו,קילוגרמים,1.00,"ק""ג",true,1,24.90,24.90,true,1,25510
7290003333112,false,אפרסק,Unknown,,אפרסק,קילוגרמים,1.00,"ק""ג",true,1,39.90,39.90,true,1,25511
7290003333113,false,ארטישוק,Unknown,,ארטישוק,קילוגרמים,1.00,"ק""ג",true,1,19.90,19.90,true,1,25595
7290003333114,false,אשכולית,Unknown,,אשכולית,קילוגרמים,1.00,"ק""ג",true,1,7.90,7.90,true,1,25512
7290003333115,false,אשכולית אדומה,Unknown,,אשכולית אדומה,קילוגרמים,1.00,"ק""ג",true,1,7.90,7.90,true,1,25513
7290003333116,false,בטטה,Unknown,,בטטה,קילוגרמים,1.00,"ק""ג",true,1,12.90,12.90,true,1,25514
7290003333117,false,בננה,Unknown,,בננה,קילוגרמים,1.00,"ק""ג",true,1,6.90,6.90,true,1,25515
7290003333118,false,בצל אדום,Unknown,,בצל אדום,קילוגרמים,1.00,"ק""ג",true,1,7.90,7.90,true,1,25596
7290003333119,false,בצל יבש,Unknown,,בצל יבש,קילוגרמים,1.00,"ק""ג",true,1,4.90,4.90,true,1,25516
7290003333120,false,בצל ירוק,Unknown,,בצל ירוק,,1.00,יחידה,false,1,7.90,7.90,true,1,25517
7290003333121,false,ברוקולי,Unknown,,ברוקולי,,1.00,יחידה,false,1,22.90,22.90,true,1,25518
7290003333122,false,גינגר במשקל,Unknown,,גינגר במשקל,קילוגרמים,1.00,"ק""ג",true,1,29.90,29.90,true,1,25519
7290003333123,false,גויאבה,Unknown,,גויאבה,קילוגרמים,1.00,"ק""ג",true,1,49.90,49.90,true,1,25597
7290003333124,false,גזר ארוז,Unknown,,גזר ארוז,קילוגרמים,1.00,"ק""ג",true,1,8.90,8.90,true,1,25520
7290003333125,false,דלורית,Unknown,,דלורית,קילוגרמים,1.00,"ק""ג",true,1,8.90,8.90,true,1,25598
7290003333126,false,דלעת,Unknown,,דלעת,קילוגרמים,1.00,"ק""ג",true,1,15.90,15.90,true,1,25521
7290003333127,false,דלעת ערמונים,Unknown,,דלעת ערמונים,קילוגרמים,1.00,"ק""ג",true,1,14.90,14.90,true,1,25522
7290003333128,false,זוקיני קישוא כהה,Unknown,,זוקיני קישוא כהה,קילוגרמים,1.00,"ק""ג",true,1,13.90,13.90,true,1,25523
7290003333129,false,חסה עגולה,Unknown,,חסה עגולה,,1.00,יחידה,false,1,8.90,8.90,true,1,25524
7290003333130,false,חסה ערבית,Unknown,,חסה ערבית,,1.00,יחידה,false,1,6.90,6.90,true,1,25525
7290003333131,false,חציל בלאדי,Unknown,,חציל בלאדי,קילוגרמים,1.00,"ק""ג",true,1,12.90,12.90,true,1,25526
7290003333132,false,חצילים,Unknown,,חצילים,קילוגרמים,1.00,"ק""ג",true,1,9.90,9.90,true,1,25527
7290003333133,false,כוסברה/פטרוזליה/שמיר,Unknown,,כוסברה/פטרוזליה/שמיר,,1.00,יחידה,false,1,4.50,4.50,true,1,25528
7290003333134,false,כרוב אדום,Unknown,,כרוב אדום,קילוגרמים,1.00,"ק""ג",true,1,7.90,7.90,true,1,25529
7290003333135,false,כרוב לבן,Unknown,,כרוב לבן,קילוגרמים,1.00,"ק""ג",true,1,4.90,4.90,true,1,25530
7290003333137,false,לוף פרסה,Unknown,,לוף פרסה,קילוגרמים,1.00,"ק""ג",true,1,24.90,24.90,true,1,25531
7290003333138,false,לימון,Unknown,,לימון,קילוגרמים,1.00,"ק""ג",true,1,10.90,10.90,true,1,25532
7290003333139,false,לימון ליים,Unknown,,לימון ליים,קילוגרמים,1.00,"ק""ג",true,1,19.90,19.90,true,1,25533
7290003333140,false,ליצי ארוז,Unknown,,ליצי ארוז,,1.00,יחידה,false,1,19.90,19.90,true,1,25534
7290003333141,false,לפת,Unknown,,לפת,קילוגרמים,1.00,"ק""ג",true,1,12.90,12.90,true,1,25535
7290003333142,false,מארז תפוא לבן,Unknown,,מארז תפוא לבן,קילוגרמים,1.00,"ק""ג",true,1,7.90,7.90,true,1,25536
7290003333143,false,מארז תפוחי פינק,Unknown,,מארז תפוחי פינק,,1.00,יחידה,false,1,12.90,12.90,true,1,25537
7290003333144,false,מלון,Unknown,,מלון,קילוגרמים,1.00,"ק""ג",true,1,12.90,12.90,true,1,25538
7290003333145,false,מלפפון,Unknown,,מלפפון,קילוגרמים,1.00,"ק""ג",true,1,8.90,8.90,true,1,25539
7290003333146,false,מנגו,Unknown,,מנגו,קילוגרמים,1.00,"ק""ג",true,1,24.90,24.90,true,1,25540
7290003333147,false,נקטרינה,Unknown,,נקטרינה,קילוגרמים,1.00,"ק""ג",true,1,34.90,34.90,true,1,25541
7290003333148,false,סברס,Unknown,,סברס,קילוגרמים,1.00,"ק""ג",true,1,34.90,34.90,true,1,25599
7290003333149,false,סברס חן הפרי,Unknown,,סברס חן הפרי,,1.00,יחידה,false,1,24.90,24.90,true,1,25542
7290003333150,false,סברס מקולף במגש,Unknown,,סברס מקולף במגש,,1.00,יחידה,false,1,35.00,35.00,true,1,25543
7290003333151,false,סלק אדום,Unknown,,סלק אדום,קילוגרמים,1.00,"ק""ג",true,1,9.90,9.90,true,1,25600
7290003333152,false,סלרי אמריקאי קצר,Unknown,,סלרי אמריקאי קצר,,1.00,יחידה,false,1,9.90,9.90,true,1,25544
7290003333153,false,סלרי עלים ניצר פוד,Unknown,,סלרי עלים ניצר פוד,,1.00,יחידה,false,1,9.90,9.90,true,1,25545
7290003333155,false,עגבניה מגי\טעם,Unknown,,עגבניה מגי\טעם,קילוגרמים,1.00,"ק""ג",true,1,19.90,19.90,true,1,25546
7290003333156,false,עגבניה תמר,Unknown,,עגבניה תמר,קילוגרמים,1.00,"ק""ג",true,1,14.90,14.90,true,1,25547
7290003333157,false,עגבניות,Unknown,,עגבניות,קילוגרמים,1.00,"ק""ג",true,1,8.90,8.90,true,1,25548
7290003333158,false,עגבניות שרי,Unknown,,עגבניות שרי,קילוגרמים,1.00,"ק""ג",true,1,16.90,16.90,true,1,25549
7290003333159,false,מגוון עגבניות שרי,Unknown,,מגוון עגבניות שרי,קילוגרמים,1.00,"ק""ג",true,1,24.90,24.90,true,1,25550
7290003333160,false,ענב אדום/שחור,Unknown,,ענב אדום/שחור,קילוגרמים,1.00,"ק""ג",true,1,39.90,39.90,true,1,25601
7290003333161,false,ענב לבן,Unknown,,ענב לבן,קילוגרמים,1.00,"ק""ג",true,1,39.90,39.90,true,1,25551
7290003333162,false,פומלה,Unknown,,פומלה,,1.00,יחידה,false,1,12.00,12.00,true,1,25602
7290003333163,false,פומלית,Unknown,,פומלית,קילוגרמים,1.00,"ק""ג",true,1,7.90,7.90,true,1,25552
7290003333164,false,פטריות-שמניון,Unknown,,פטריות-שמניון,,1.00,יחידה,false,1,10.90,10.90,true,1,25553
7290003333165,false,פלפל אדום,Unknown,,פלפל אדום,קילוגרמים,1.00,"ק""ג",true,1,7.90,7.90,true,1,25554
7290003333166,false,פלפל בהיר,Unknown,,פלפל בהיר,קילוגרמים,1.00,"ק""ג",true,1,9.90,9.90,true,1,25555
7290003333167,false,פלפל חריף,Unknown,,פלפל חריף,קילוגרמים,1.00,"ק""ג",true,1,10.90,10.90,true,1,25556
7290003333168,false,פלפל ירוק,Unknown,,פלפל ירוק,קילוגרמים,1.00,"ק""ג",true,1,14.90,14.90,true,1,25557
7290003333169,false,פלפל כתום,Unknown,,פלפל כתום,קילוגרמים,1.00,"ק""ג",true,1,9.90,9.90,true,1,25558
7290003333170,false,פלפל צהוב,Unknown,,פלפל צהוב,קילוגרמים,1.00,"ק""ג",true,1,9.90,9.90,true,1,25559
7290003333171,false,פלפל שושקה,Unknown,,פלפל שושקה,קילוגרמים,1.00,"ק""ג",true,1,9.90,9.90,true,1,25560
7290003333172,false,פסיפלורה,Unknown,,פסיפלורה,,1.00,יחידה,false,1,49.90,49.90,true,1,25561
7290003333173,false,פפאיה,Unknown,,פפאיה,קילוגרמים,1.00,"ק""ג",true,1,24.90,24.90,true,1,25562
7290003333174,false,פפיה,Unknown,,פפיה,,1.00,יחידה,false,1,10.00,10.00,true,1,25563
7290003333175,false,צנון,Unknown,,צנון,קילוגרמים,1.00,"ק""ג",true,1,12.89,12.89,true,1,25603
7290003333176,false,צנונית,Unknown,,צנונית,,1.00,יחידה,false,1,7.90,7.90,true,1,25564
7290003333177,false,קולורבי,Unknown,,קולורבי,קילוגרמים,1.00,"ק""ג",true,1,11.90,11.90,true,1,25604
7290003333178,false,קיווי,Unknown,,קיווי,קילוגרמים,1.00,"ק""ג",true,1,24.90,24.90,true,1,25605
7290003333179,false,קישוא עגול,Unknown,,קישוא עגול,קילוגרמים,1.00,"ק""ג",true,1,18.90,18.90,true,1,25606
7290003333180,false,קישואים,Unknown,,קישואים,קילוגרמים,1.00,"ק""ג",true,1,14.90,14.90,true,1,25607
7290003333181,false,קלמנטינה,Unknown,,קלמנטינה,קילוגרמים,1.00,"ק""ג",true,1,9.90,9.90,true,1,25608
7290003333182,false,קרמבולה,Unknown,,קרמבולה,קילוגרמים,1.00,"ק""ג",true,1,49.90,49.90,true,1,25609
7290003333183,false,רימון,Unknown,,רימון,קילוגרמים,1.00,"ק""ג",true,1,19.90,19.90,true,1,25610
7290003333184,false,רימון חן הפרי,Unknown,,רימון חן הפרי,,1.00,יחידה,false,1,24.90,24.90,true,1,25565
7290003333185,false,שום אריזה,Unknown,,שום אריזה,,1.00,יחידה,false,1,14.90,14.90,true,1,25566
7290003333186,false,שום טרי,Unknown,,שום טרי,קילוגרמים,1.00,"ק""ג",true,1,39.90,39.90,true,1,25611
7290003333187,false,שומר,Unknown,,שומר,קילוגרמים,1.00,"ק""ג",true,1,12.90,12.90,true,1,25612
7290003333188,false,שורש פטרוזיליה,Unknown,,שורש פטרוזיליה,,1.00,יחידה,false,1,7.90,7.90,true,1,25613
7290003333189,false,שזיף שגיב,Unknown,,שזיף שגיב,קילוגרמים,1.00,"ק""ג",true,1,34.90,34.90,true,1,25614
7290003333190,false,שזיפים-ירוקים,Unknown,,שזיפים-ירוקים,קילוגרמים,1.00,"ק""ג",true,1,29.90,29.90,true,1,25567
7290003333191,false,שזיפים שחורים,Unknown,,שזיפים שחורים,קילוגרמים,1.00,"ק""ג",true,1,29.90,29.90,true,1,25568
7290003333192,false,שעועית ירוקה,Unknown,,שעועית ירוקה,קילוגרמים,1.00,"ק""ג",true,1,29.90,29.90,true,1,25569
7290003333193,false,שעועית ירוקה/צהובה,Unknown,,שעועית ירוקה/צהובה,קילוגרמים,1.00,"ק""ג",true,1,24.90,24.90,true,1,25570
7290003333194,false,שעועית שלמה ירוקה,Unknown,,שעועית שלמה ירוקה,,1.00,יחידה,false,1,19.90,19.90,true,1,25615
7290003333195,false,תאנים במשקל,Unknown,,תאנים במשקל,קילוגרמים,1.00,"ק""ג",true,1,35.00,35.00,true,1,25571
7290003333196,false,תות פקיסטני,Unknown,,תות פקיסטני,,1.00,יחידה,false,1,19.90,19.90,true,1,25572
7290003333197,false,תותים ארוז,Unknown,,תותים ארוז,,1.00,יחידה,false,1,24.90,24.90,true,1,25573
7290003333198,false,תירס,Unknown,,תירס,,1.00,יחידה,false,1,19.90,19.90,true,1,25574
7290003333199,false,תמר צהוב,Unknown,,תמר צהוב,קילוגרמים,1.00,"ק""ג",true,1,19.90,19.90,true,1,25575
7290003333200,false,תפא דוד משה,Unknown,,תפא דוד משה,,1.00,יחידה,false,1,9.90,9.90,true,1,25576
7290003333201,false,תפוא אדום ארוז,Unknown,,תפוא אדום ארוז,קילוגרמים,1.00,"ק""ג",true,1,8.90,8.90,true,1,25577
7290003333202,false,תפוא גורמה,Unknown,,תפוא גורמה,קילוגרמים,1.00,"ק""ג",true,1,9.90,9.90,true,1,25578
7290003333203,false,תפוא גורמה,Unknown,,תפוא גורמה,קילוגרמים,1.00,"ק""ג",true,1,9.90,9.90,true,1,25579
7290003333204,false,תפוא לבן,Unknown,,תפוא לבן,קילוגרמים,1.00,"ק""ג",true,1,4.90,4.90,true,1,25580
7290003333205,false,תפוז אדום (דם),Unknown,,תפוז אדום (דם),קילוגרמים,1.00,"ק""ג",true,1,12.90,12.90,true,1,25581
7290003333206,false,תפוז גדול,Unknown,,תפוז גדול,קילוגרמים,1.00,"ק""ג",true,1,19.90,19.90,true,1,25582
7290003333207,false,תפוזים למיץ,Unknown,,תפוזים למיץ,קילוגרמים,1.00,"ק""ג",true,1,7.90,7.90,true,1,25583
7290003333208,false,תפוח אנה,Unknown,,תפוח אנה,קילוגרמים,1.00,"ק""ג",true,1,15.90,15.90,true,1,25584
7290003333209,false,תפוח גלה,Unknown,,תפוח גלה,קילוגרמים,1.00,"ק""ג",true,1,15.90,15.90,true,1,25585
7290003333210,false,תפוח חרמון,Unknown,,תפוח חרמון,קילוגרמים,1.00,"ק""ג",true,1,12.90,12.90,true,1,25586
7290003333211,false,תפוח יונתן,Unknown,,תפוח יונתן,קילוגרמים,1.00,"ק""ג",true,1,12.90,12.90,true,1,25587
7290003333212,false,תפוח מוזהב,Unknown,,תפוח מוזהב,קילוגרמים,1.00,"ק""ג",true,1,13.90,13.90,true,1,25588
7290003333213,false,תפוח סמית,Unknown,,תפוח סמית,קילוגרמים,1.00,"ק""ג",true,1,12.90,12.90,true,1,25589
7290003333214,false,תפוח קריס ליידי,Unknown,,תפוח קריס ליידי,קילוגרמים,1.00,"ק""ג",true,1,22.90,22.90,true,1,25590
7290003387205,false,ספיד סטיק לגבר ירוק,Unknown,,ספיד סטיק לגבר ירוק,,102.00,100 גרם,false,1,21.90,21.47,true,1,24278
7290003402809,false,ריזס לבן 39 גר,Unknown,,ריזס לבן 39 גר,,39.00,100 גרם,false,1,5.50,14.10,true,1,20037
7290003423909,false,הרשיז לבן עוגיות,Unknown,,הרשיז לבן עוגיות,,43.00,100 גרם,false,1,7.00,16.28,true,1,9045
7290003427154,false,שמן זית כתית זיתא,Unknown,,שמן זית כתית זיתא,,750.00,"100 מ""ל",false,1,36.90,4.92,true,1,12424
7290003434664,false,ביס בר דגנים מלאים,Unknown,,ביס בר דגנים מלאים,,120.00,100 גרם,false,1,13.90,11.58,true,1,25054
7290003444009,false,ריזס חמאת בוטנים,Unknown,,ריזס חמאת בוטנים,,42.00,100 גרם,false,1,5.50,13.10,true,1,9115
7290003450602,false,היינץ חרדל לחיץ-ח.ג,Unknown,,היינץ חרדל לחיץ-ח.ג,,255.00,100 גרם,false,1,12.50,4.90,true,1,15073
7290003457861,false,סולרו פירות טרופיים,Unknown,,סולרו פירות טרופיים,,85.00,100 גרם,false,1,12.90,15.18,true,1,704
7290003457991,false,קורנטו קלאסיק -6 יח,Unknown,,קורנטו קלאסיק -6 יח,,378.00,100 גרם,false,1,36.00,9.52,true,1,14782
7290003475124,false,צמר גפן 100גר,Unknown,,צמר גפן 100גר,,100.00,100 גרם,false,1,6.50,6.50,true,1,24282
7290003525478,false,סלט טונה ויליגר,Unknown,,סלט טונה ויליגר,,160.00,100 גרם,false,1,7.00,4.38,true,1,20827
7290003550753,false,טונה פוסידון בשמן 4,Unknown,,טונה פוסידון בשמן 4,,432.00,100 גרם,false,1,24.00,5.56,true,1,24754
7290003570164,false,מינוט שווארמה פרגית,Unknown,,מינוט שווארמה פרגית,,300.00,100 גרם,false,1,29.90,9.97,true,1,25683
7290003570928,false,קבב בלדי קצביה,Unknown,,קבב בלדי קצביה,,500.00,100 גרם,false,1,29.90,5.98,true,1,25678
7290003571109,false,סלמון פילה פרימיום,Unknown,,סלמון פילה פרימיום,קילוגרמים,1.00,"ק""ג",true,1,79.90,0.00,true,1,25892
7290003571116,false,סלמון פילה פרימיום,Unknown,,סלמון פילה פרימיום,קילוגרמים,1.00,"ק""ג",true,1,79.90,0.00,true,1,25893
7290003578061,false,לבבות דקל שלמים,Unknown,,לבבות דקל שלמים,,400.00,100 גרם,false,1,12.90,3.22,true,1,24316
7290003578177,false,תירס גמדי ויליפוד,Unknown,,תירס גמדי ויליפוד,,410.00,100 גרם,false,1,7.90,1.93,true,1,24317
7290003578313,false,דובדבנים חמוצים בלי,Unknown,,דובדבנים חמוצים בלי,,680.00,100 גרם,false,1,13.00,1.91,true,1,24239
7290003598311,false,מינוט סטייק 300 גרם,Unknown,,מינוט סטייק 300 גרם,,300.00,100 גרם,false,1,34.90,11.63,true,1,25673
7290003598472,false,סלמון מנות נורבגי,Unknown,,סלמון מנות נורבגי,קילוגרמים,1.00,"ק""ג",true,1,84.90,0.00,true,1,25894
7290003608089,false,ספרינג תות בננה 1.5,Unknown,,ספרינג תות בננה 1.5,,1.50,1 ליטר,false,1,11.90,7.93,true,1,3957
7290003643004,false,אורז הודי בסמטי 1קג,Unknown,,אורז הודי בסמטי 1קג,,1.00,"1 ק""ג",false,1,17.00,17.00,true,1,5538
7290003643158,false,סוגת קורנפלור 200ג,Unknown,,סוגת קורנפלור 200ג,,200.00,100 גרם,false,1,4.50,2.25,true,1,22176
7290003643325,false,קוסקוס סוגת בינוני,Unknown,,קוסקוס סוגת בינוני,,350.00,100 גרם,false,1,6.00,1.71,true,1,23963
7290003643387,false,סוכר לבן צנצנת 1 קג,Unknown,,סוכר לבן צנצנת 1 קג,,1.00,"1 ק""ג",false,1,9.90,9.90,true,1,3916
7290003643646,false,סוכר דמררה 1 קג,Unknown,,סוכר דמררה 1 קג,,1.00,"1 ק""ג",false,1,13.90,13.90,true,1,3917
7290003643714,false,סוגת חומוס 500 גר,Unknown,,סוגת חומוס 500 גר,,500.00,100 גרם,false,1,8.90,1.78,true,1,20837
7290003643738,false,חיטה 500 גר,Unknown,,חיטה 500 גר,,500.00,100 גרם,false,1,6.00,1.20,true,1,20820
7290003643745,false,סוגת כוסמת 500 גר,Unknown,,סוגת כוסמת 500 גר,,500.00,100 גרם,false,1,9.90,1.98,true,1,24897
7290003643752,false,סוגת עדשים ירוקים,Unknown,,סוגת עדשים ירוקים,,500.00,100 גרם,false,1,9.90,1.98,true,1,20833
7290003643769,false,סוגת עדשים אדומי500,Unknown,,סוגת עדשים אדומי500,,500.00,100 גרם,false,1,9.90,1.98,true,1,20830
7290003643776,false,פופקורן 500 גר,Unknown,,פופקורן 500 גר,,500.00,100 גרם,false,1,8.00,1.60,true,1,20821
7290003643806,false,שעועית לבנה 500 גר,Unknown,,שעועית לבנה 500 גר,,500.00,100 גרם,false,1,12.00,2.40,true,1,20819
7290003643813,false,שעועית אדומה 500 גר,Unknown,,שעועית אדומה 500 גר,,500.00,100 גרם,false,1,11.00,2.20,true,1,24298
7290003643820,false,סוגת חומוס ענק,Unknown,,סוגת חומוס ענק,,500.00,100 גרם,false,1,12.00,2.40,true,1,23964
7290003650248,false,פז 2TS מיקס 1ל 17,Unknown,,פז 2TS מיקס 1ל 17,,1.00,1 ליטר,false,1,80.30,80.30,true,1,17
7290003650385,false,פזלון דלתון 4 ל,Unknown,,פזלון דלתון 4 ל,,0.00,,false,1,20.00,0.00,false,1,11225
7290003651078,false,פזכולנט 6 1 ל 17יח,Unknown,,פזכולנט 6 1 ל 17יח,,1.00,1 ליטר,false,1,36.70,36.70,true,1,9218
7290003652129,false,טורבו פז 4ליטר,Unknown,,טורבו פז 4ליטר,,4.00,1 ליטר,false,1,180.50,45.12,true,1,21168
7290003653287,false,נוזל בלמים 0.250ל,Unknown,,נוזל בלמים 0.250ל,,250.00,"100 מ""ל",false,1,39.70,15.88,true,1,25
7290003653409,false,טורבו פז 1ליטר 17יח,Unknown,,טורבו פז 1ליטר 17יח,,1.00,1 ליטר,false,1,69.40,69.40,true,1,11410
7290003655267,false,פזכולנט 6 2 ל 10יח,Unknown,,פזכולנט 6 2 ל 10יח,,2.00,1 ליטר,false,1,67.40,33.70,true,1,27
7290003655281,false,פרו לוב 0.5 ל פח,Unknown,,פרו לוב 0.5 ל פח,,0.00,,false,1,80.30,0.00,true,1,2270
7290003655403,false,פז פאואר סינט 1ל,Unknown,,פז פאואר סינט 1ל,,1.00,1 ליטר,false,1,80.30,80.30,true,1,8138
7290003656219,false,תוסף דיזל פז D-77 30,Unknown,,תוסף דיזל פז D-77 30,,500.00,"100 מ""ל",false,1,59.70,11.94,true,1,21167
7290003656646,false,פז זז ספריי 12יח,Unknown,,פז זז ספריי 12יח,,400.00,"100 מ""ל",false,1,29.00,7.25,true,1,21196
7290003656738,false,סקאיפז ספרי 12יח,Unknown,,סקאיפז ספרי 12יח,,400.00,"100 מ""ל",false,1,29.00,7.25,true,1,9008
7290003657094,false,טופ טק 10W-40ל 17,Unknown,,טופ טק 10W-40ל 17,,1.00,1 ליטר,false,1,56.50,56.50,true,1,8205
7290003657667,false,אוטוגיר 3 0.5 פח,Unknown,,אוטוגיר 3 0.5 פח,,500.00,"100 מ""ל",false,1,39.70,7.94,true,1,8167
7290003657674,false,פז אפ 600 0.5ל,Unknown,,פז אפ 600 0.5ל,,600.00,"100 מ""ל",false,1,98.20,16.37,true,1,8177
7290003658718,false,אוראה 10 ליטר חדש,Unknown,,אוראה 10 ליטר חדש,,10.00,1 ליטר,false,1,65.00,6.50,true,1,14902
7290003659210,false,פז אנרגי 5W-30ל 17,Unknown,,פז אנרגי 5W-30ל 17,,1.00,1 ליטר,false,1,80.30,80.30,true,1,10724
7290003659272,false,פז סופר TT ליטר,Unknown,,פז סופר TT ליטר,,1.00,1 ליטר,false,1,59.50,59.50,true,1,11111
7290003659289,false,טופ טק 40 1 ל (דיזל),Unknown,,טופ טק 40 1 ל (דיזל),,0.00,,false,1,59.50,0.00,true,1,11112
7290003659319,false,פז אקסטרים 20W-50ל,Unknown,,פז אקסטרים 20W-50ל,,1.00,1 ליטר,false,1,40.70,40.70,true,1,11109
7290003659418,false,פז לונג לייף 1ל 17י,Unknown,,פז לונג לייף 1ל 17י,,1.00,1 ליטר,false,1,39.70,39.70,true,1,11231
7290003703173,false,בונזור כריך גבטה,Unknown,,בונזור כריך גבטה,,150.00,100 גרם,false,1,4.90,3.27,true,1,27677
7290003726011,false,טופו רך 300 גרם,Unknown,,טופו רך 300 גרם,,300.00,100 גרם,false,1,13.90,4.63,false,1,26387
7290003726110,false,טופו אורגני בוואקום,Unknown,,טופו אורגני בוואקום,,300.00,100 גרם,false,1,13.90,4.63,false,1,26388
7290003726615,false,משק ווילר טופו הבית,Unknown,,משק ווילר טופו הבית,,300.00,100 גרם,false,1,13.90,4.63,false,1,26710
7290003805129,false,פירה בטעם ביתי כשלפ,Unknown,,פירה בטעם ביתי כשלפ,,240.00,100 גרם,false,1,15.90,6.62,true,1,26411
7290003805501,false,פתית שוודי 300גר,Unknown,,פתית שוודי 300גר,,300.00,100 גרם,false,1,21.00,7.00,true,1,6286
7290003806591,false,דאב ספריי מלפפונים,Unknown,,דאב ספריי מלפפונים,,150.00,"100 מ""ל",false,1,19.90,13.27,false,1,21125
7290003807178,false,רוטב סויה,Unknown,,רוטב סויה,,300.00,"100 מ""ל",false,1,12.90,4.30,true,1,24898
7290003864478,false,סרדין בשמן צמחי 90גר,Unknown,,סרדין בשמן צמחי 90גר,,110.00,100 גרם,false,1,5.90,5.36,true,1,20823
7290003864485,false,סרדין ברוטב עגבניות,Unknown,,סרדין ברוטב עגבניות,,110.00,100 גרם,false,1,5.90,5.36,true,1,24320
7290003864492,false,סרדין בשמן צמחי 110,Unknown,,סרדין בשמן צמחי 110,,110.00,100 גרם,false,1,5.90,5.36,true,1,24321
7290003882922,false,עלי גפן ממולאים אורז,Unknown,,עלי גפן ממולאים אורז,,400.00,100 גרם,false,1,10.90,2.72,true,1,24301
7290003903955,false,פרה שוק. מילוי ק.חלב,Unknown,,פרה שוק. מילוי ק.חלב,,100.00,100 גרם,false,1,9.00,9.00,false,1,407
7290003989539,false,רביולי גבינה 400 גר,Unknown,,רביולי גבינה 400 גר,,400.00,100 גרם,false,1,24.00,6.00,true,1,24236
7290003989553,false,טורטליני פטריות 400,Unknown,,טורטליני פטריות 400,,400.00,100 גרם,false,1,24.00,6.00,true,1,26637
7290003996957,false,נבטי אלפלפא ארוז ליח,Unknown,,נבטי אלפלפא ארוז ליח,,180.00,100 גרם,false,1,6.90,3.83,true,1,23305
7290004011284,false,בסיס להכנת קצפת 212,Unknown,,בסיס להכנת קצפת 212,,212.00,100 גרם,false,1,9.00,4.25,true,1,24972
7290004011338,false,ריץ קצפת מיכל 250מ,Unknown,,ריץ קצפת מיכל 250מ,,250.00,"100 מ""ל",false,1,13.00,5.20,true,1,14790
7290004014407,false,אמ אנד אמס חמאת בוטנ,Unknown,,אמ אנד אמס חמאת בוטנ,,49.21,100 גרם,false,1,6.50,13.21,true,1,16540
7290004063016,false,מלח שולחן דק,Unknown,,מלח שולחן דק,,1.00,"1 ק""ג",false,1,2.07,2.07,false,1,5536
7290004063115,false,מלח גס סלעית 1 קג,Unknown,,מלח גס סלעית 1 קג,,1.00,"1 ק""ג",false,1,2.07,2.07,false,1,20818
7290004068035,false,גד משקה איירן בלקני,Unknown,,גד משקה איירן בלקני,,500.00,"100 מ""ל",false,1,8.50,1.70,false,1,26010
7290004068332,false,ק.בקר משולשים,Unknown,,ק.בקר משולשים,קילוגרמים,1.00,"ק""ג",true,1,129.00,0.00,true,1,27243
7290004078942,false,ליידי ספיד דאו-מרענן,Unknown,,ליידי ספיד דאו-מרענן,,65.00,100 גרם,false,1,21.90,33.69,true,1,21120
7290004091248,false,וזלין פטרוליום גל 1,Unknown,,וזלין פטרוליום גל 1,,106.00,100 גרם,false,1,18.00,16.98,true,1,23750
7290004102306,false,תרד נטו,Unknown,,תרד נטו,,1.00,יחידה,false,1,10.00,10.00,true,1,25790
7290004102326,false,פינוקט,Unknown,,פינוקט,,1.00,יחידה,false,1,10.90,10.90,true,1,25791
7290004119133,false,כד יוגורט תנובה 1.5ל,Unknown,,כד יוגורט תנובה 1.5ל,,1.50,1 ליטר,false,1,20.50,13.67,true,1,26262
7290004119225,false,יופלה אננס 3% 150מל,Unknown,,יופלה אננס 3% 150מל,,150.00,"100 מ""ל",false,1,5.20,3.47,true,1,3517
7290004119928,false,קרלו וניל 1.5% 125ג,Unknown,,קרלו וניל 1.5% 125ג,,125.00,100 גרם,false,1,3.50,2.80,true,1,26261
7290004119973,false,קרלו שוקו,Unknown,,קרלו שוקו,,125.00,"100 מ""ל",false,1,4.00,3.20,true,1,12578
7290004120061,false,קרלו שוניל,Unknown,,קרלו שוניל,,125.00,"100 מ""ל",false,1,4.00,3.20,true,1,995
7290004120108,false,יופלה דיאט דובדבן 0%,Unknown,,יופלה דיאט דובדבן 0%,,150.00,100 גרם,false,1,5.20,3.47,true,1,7769
7290004120566,false,בולגרית פיראוס,Unknown,,בולגרית פיראוס,,250.00,100 גרם,false,1,24.90,9.96,true,1,23761
7290004120573,false,פיראוס בולגרית בקר,Unknown,,פיראוס בולגרית בקר,,250.00,100 גרם,false,1,24.90,9.96,true,1,3538
7290004120634,false,פיראוס בולגרית %5,Unknown,,פיראוס בולגרית %5,,250.00,100 גרם,false,1,24.90,9.96,true,1,961
7290004120832,false,חלב 3% שומן כד 2ל,Unknown,,חלב 3% שומן כד 2ל,,2.00,1 ליטר,false,1,12.46,6.23,false,1,26180
7290004121488,false,יופלה דיאט אפרסק,Unknown,,יופלה דיאט אפרסק,,150.00,"100 מ""ל",false,1,5.20,3.47,true,1,6413
7290004121525,false,מארז יופלה תות אפרסק,Unknown,,מארז יופלה תות אפרסק,,1.20,"1 ק""ג",false,1,33.90,28.25,true,1,23022
7290004121754,false,יופלה עוגת גבינה תות,Unknown,,יופלה עוגת גבינה תות,,150.00,100 גרם,false,1,5.20,3.47,true,1,3539
7290004121839,false,פיראוס פטה כבשים 20%,Unknown,,פיראוס פטה כבשים 20%,,250.00,100 גרם,false,1,30.50,12.20,true,1,26260
7290004121853,false,בולגרית פיראוס 5%,Unknown,,בולגרית פיראוס 5%,,200.00,100 גרם,false,1,22.00,11.00,false,1,4415
7290004122119,false,פתיתי פרמזן 100 גר,Unknown,,פתיתי פרמזן 100 גר,,100.00,100 גרם,false,1,13.90,13.90,true,1,23759
7290004122195,false,גוש חלב-חציקשה מהדרי,Unknown,,גוש חלב-חציקשה מהדרי,,200.00,100 גרם,false,1,14.60,7.30,true,1,20704
7290004122270,false,עמק פרוס בקופסא %28,Unknown,,עמק פרוס בקופסא %28,,200.00,100 גרם,false,1,17.90,8.95,true,1,962
7290004122348,false,עמק לייט פרוס %200 9,Unknown,,עמק לייט פרוס %200 9,,200.00,100 גרם,false,1,18.00,9.00,true,1,3541
7290004122676,false,פ.חמד לייט 5% 250ג,Unknown,,פ.חמד לייט 5% 250ג,,250.00,100 גרם,false,1,19.50,7.80,true,1,23785
7290004122683,false,אצבעות ג.צהובה עמק,Unknown,,אצבעות ג.צהובה עמק,,172.00,100 גרם,false,1,18.00,10.47,true,1,26263
7290004124205,false,יופלה דיאט תות 150מל,Unknown,,יופלה דיאט תות 150מל,,150.00,"100 מ""ל",false,1,5.20,3.47,true,1,3544
7290004124847,false,שף לבן קצפת צמחית,Unknown,,שף לבן קצפת צמחית,,500.00,"100 מ""ל",false,1,18.00,3.60,true,1,23786
7290004125370,false,שמנת תנובה 9%,Unknown,,שמנת תנובה 9%,,200.00,"100 מ""ל",false,1,4.10,2.05,true,1,20707
7290004125400,false,שלי אשל %200 4.5 מל,Unknown,,שלי אשל %200 4.5 מל,,200.00,"100 מ""ל",false,1,1.69,0.84,false,1,4022
7290004125417,false,שלי גיל 3% מהדרין,Unknown,,שלי גיל 3% מהדרין,,200.00,"100 מ""ל",false,1,1.51,0.76,false,1,997
7290004125455,false,שמנת חמוצה %15 בדצ,Unknown,,שמנת חמוצה %15 בדצ,,200.00,"100 מ""ל",false,1,2.40,1.20,false,1,4874
7290004125462,false,שמנת חמוצה,Unknown,,שמנת חמוצה,,500.00,"100 מ""ל",false,1,6.00,1.20,false,1,4023
7290004125509,false,תנובה שמנת חמוצה 100,Unknown,,תנובה שמנת חמוצה 100,,100.00,"100 מ""ל",false,1,1.60,1.60,true,1,20706
7290004125578,false,אלטרנטיב סויה 1 ל,Unknown,,אלטרנטיב סויה 1 ל,,1.00,1 ליטר,false,1,12.40,12.40,true,1,3547
7290004125585,false,אלטרנטיב סויה וניל 1,Unknown,,אלטרנטיב סויה וניל 1,,1.00,1 ליטר,false,1,11.50,11.50,true,1,3548
7290004125721,false,השף הלבן שמנת לבישול,Unknown,,השף הלבן שמנת לבישול,,250.00,"100 מ""ל",false,1,8.30,3.32,true,1,3549
7290004125738,false,שמנת עמידה להקצפה,Unknown,,שמנת עמידה להקצפה,,250.00,"100 מ""ל",false,1,6.50,2.60,true,1,12574
7290004125776,false,עמק פרוס בקופסה 400,Unknown,,עמק פרוס בקופסה 400,,400.00,100 גרם,false,1,30.30,7.58,true,1,6243
7290004126674,false,טל העמק לייט,Unknown,,טל העמק לייט,,200.00,100 גרם,false,1,19.60,9.80,true,1,7763
7290004126759,false,יופלה דיאט פירות 150,Unknown,,יופלה דיאט פירות 150,,150.00,"100 מ""ל",false,1,5.20,3.47,true,1,3553
7290004126872,false,שוק שוקו 250 מל,Unknown,,שוק שוקו 250 מל,,250.00,"100 מ""ל",false,1,6.60,2.64,true,1,6425
7290004127077,false,תנובה קוטג 3%,Unknown,,תנובה קוטג 3%,,250.00,100 גרם,false,1,6.00,2.40,true,1,7752
7290004127329,false,תנובה קוטג 5% 250גר,Unknown,,תנובה קוטג 5% 250גר,,250.00,100 גרם,false,1,6.00,2.40,true,1,963
7290004127336,false,תנובה קוטג 9% בדצ,Unknown,,תנובה קוטג 9% בדצ,,250.00,100 גרם,false,1,6.00,2.40,true,1,964
7290004127800,false,תנובה גבינה לבנה 5%,Unknown,,תנובה גבינה לבנה 5%,,500.00,100 גרם,false,1,9.96,1.99,false,1,9706
7290004127817,false,תנובה גבינה לבנה 9%,Unknown,,תנובה גבינה לבנה 9%,,500.00,100 גרם,false,1,9.96,1.99,false,1,9707
7290004127862,false,גבינה לבנה 5% שומן,Unknown,,גבינה לבנה 5% שומן,,750.00,100 גרם,false,1,14.94,1.99,false,1,26181
7290004127916,false,גבינה לבנה 0.5% 500ג,Unknown,,גבינה לבנה 0.5% 500ג,,500.00,100 גרם,false,1,9.96,1.99,false,1,26182
7290004128333,false,פיראוס לבנה 9%,Unknown,,פיראוס לבנה 9%,,500.00,100 גרם,false,1,21.00,4.20,true,1,23752
7290004128340,false,גבינת שמנת 5% טבעי,Unknown,,גבינת שמנת 5% טבעי,,200.00,100 גרם,false,1,12.90,6.45,true,1,3555
7290004128364,false,גבינת שמנת זיתים 5%,Unknown,,גבינת שמנת זיתים 5%,,200.00,100 גרם,false,1,12.90,6.45,true,1,4025
7290004128432,false,פתיתים מיוחדים לפיצה,Unknown,,פתיתים מיוחדים לפיצה,,500.00,100 גרם,false,1,25.90,5.18,false,1,26183
7290004129101,false,נפוליאון טבעי %30,Unknown,,נפוליאון טבעי %30,,225.00,100 גרם,false,1,14.90,6.62,true,1,966
7290004129118,false,נפוליאון זיתים %30,Unknown,,נפוליאון זיתים %30,,225.00,100 גרם,false,1,14.90,6.62,true,1,967
7290004129156,false,נפוליאון שוםשמיר 250,Unknown,,נפוליאון שוםשמיר 250,,225.00,100 גרם,false,1,14.90,6.62,true,1,968
7290004129545,false,תנובה גבינה לבנה 3%,Unknown,,תנובה גבינה לבנה 3%,,250.00,100 גרם,false,1,4.98,1.99,false,1,12576
7290004129736,false,יופלה לבן מעודן %1.5,Unknown,,יופלה לבן מעודן %1.5,,200.00,"100 מ""ל",false,1,4.50,2.25,true,1,3558
7290004130794,false,אלטרנטיב מ.מופחתת 1,Unknown,,אלטרנטיב מ.מופחתת 1,,1.00,1 ליטר,false,1,12.40,12.40,true,1,3559
7290004130916,false,יופלה פירות יער בשמנ,Unknown,,יופלה פירות יער בשמנ,,150.00,"100 מ""ל",false,1,5.20,3.47,true,1,6148
7290004131074,false,תנובה חלב3% קרט מהדר,Unknown,,תנובה חלב3% קרט מהדר,,1.00,1 ליטר,false,1,6.23,6.23,false,1,5305
7290004131081,false,תנובה חלב שקית 3%,Unknown,,תנובה חלב שקית 3%,,1.00,1 ליטר,false,1,5.43,5.43,false,1,5306
7290004131227,false,תנובה גבינה לבנה 3%,Unknown,,תנובה גבינה לבנה 3%,,500.00,100 גרם,false,1,9.96,1.99,false,1,9708
7290004131432,false,יופלה לבן 3% 200 גר,Unknown,,יופלה לבן 3% 200 גר,,200.00,"100 מ""ל",false,1,4.30,2.15,true,1,4027
7290004131456,false,יופלה לבן 1.5% 200גר,Unknown,,יופלה לבן 1.5% 200גר,,200.00,"100 מ""ל",false,1,4.30,2.15,true,1,4028
7290004131531,false,תנובה שוקו 1ל 20%,Unknown,,תנובה שוקו 1ל 20%,,1.00,1 ליטר,false,1,13.50,13.50,false,1,5191
7290004131814,false,פיראוס צפתית 5%,Unknown,,פיראוס צפתית 5%,,200.00,100 גרם,false,1,16.50,8.25,true,1,22682
7290004132231,false,תנובה חלב לקפה 0.8 ל,Unknown,,תנובה חלב לקפה 0.8 ל,,800.00,"100 מ""ל",false,1,7.10,0.89,true,1,4032
7290004132552,false,אלטרנטיב סויה לייט,Unknown,,אלטרנטיב סויה לייט,,1.00,1 ליטר,false,1,12.40,12.40,true,1,23534
7290004132712,false,אצבעות עמק,Unknown,,אצבעות עמק,,174.00,100 גרם,false,1,18.00,10.34,true,1,23755
7290004132903,false,גבינה לבנה 3% 250ג,Unknown,,גבינה לבנה 3% 250ג,,250.00,100 גרם,false,1,4.98,1.99,false,1,26185
7290004133511,false,יופלה לבן*8,Unknown,,יופלה לבן*8,,1.20,"1 ק""ג",false,1,22.00,18.33,true,1,24376
7290004133627,false,תנובה חלב על הבוקר3%,Unknown,,תנובה חלב על הבוקר3%,,1.00,1 ליטר,false,1,8.70,8.70,true,1,4181
7290004133900,false,השף הלבן קצפת צימחית,Unknown,,השף הלבן קצפת צימחית,,250.00,"100 מ""ל",false,1,11.10,4.44,true,1,20711
7290004135072,false,קרלו מיני שוקולד,Unknown,,קרלו מיני שוקולד,,800.00,"100 מ""ל",false,1,18.00,2.25,true,1,24899
7290004135225,false,מעדן חלב בטעם שוקולד,Unknown,,מעדן חלב בטעם שוקולד,,150.00,100 גרם,false,1,4.50,3.00,true,1,7791
7290004135614,false,פיראוס בולג.מעודן5%,Unknown,,פיראוס בולג.מעודן5%,,250.00,100 גרם,false,1,24.90,9.96,true,1,9719
7290004136154,false,תנובה משקה אייס קפה,Unknown,,תנובה משקה אייס קפה,,340.00,"100 מ""ל",false,1,7.70,2.26,true,1,8716
7290004136598,false,הפסקת אוכל קורנפלק,Unknown,,הפסקת אוכל קורנפלק,,150.00,"100 מ""ל",false,1,10.00,6.67,true,1,8032
7290004136857,false,גלי פטל 0%,Unknown,,גלי פטל 0%,,125.00,"100 מ""ל",false,1,3.00,2.40,true,1,9622
7290004136864,false,גלי תנובה בטעם אננס,Unknown,,גלי תנובה בטעם אננס,,125.00,100 גרם,false,1,3.00,2.40,true,1,9623
7290004136871,false,גלי אפרסק עם חתיכות,Unknown,,גלי אפרסק עם חתיכות,,125.00,"100 מ""ל",false,1,3.00,2.40,true,1,9621
7290004137021,false,השף הלבן ש.לבישול10%,Unknown,,השף הלבן ש.לבישול10%,,250.00,"100 מ""ל",false,1,8.30,3.32,true,1,9050
7290004137311,false,עמק לייט משפחתית,Unknown,,עמק לייט משפחתית,,400.00,100 גרם,false,1,33.00,8.25,true,1,23787
7290004137809,false,פיראוס לאבנה 5% 250,Unknown,,פיראוס לאבנה 5% 250,,250.00,100 גרם,false,1,15.60,6.24,true,1,12241
7290004200930,false,זוג זיקוק 15 בשקית,Unknown,,זוג זיקוק 15 בשקית,,0.00,,false,1,8.00,0.00,true,1,12245
7290004200961,false,זיקוק דק 3X בשקית,Unknown,,זיקוק דק 3X בשקית,,0.00,,false,1,5.00,0.00,true,1,24397
7290004214182,false,תערובת חסה,Unknown,,תערובת חסה,,1.00,יחידה,false,1,12.90,12.90,true,1,25792
7290004219079,false,לבבות דקל חתוך 400,Unknown,,לבבות דקל חתוך 400,,400.00,100 גרם,false,1,9.50,2.38,true,1,24318
7290004225872,false,קרם קוקוס,Unknown,,קרם קוקוס,,400.00,"100 מ""ל",false,1,8.00,2.00,true,1,24488
7290004255213,false,פחם 2 קג מנורה,Unknown,,פחם 2 קג מנורה,,2.00,"1 ק""ג",false,1,21.90,10.95,false,1,27019
7290004324858,false,קבב כבש 500,Unknown,,קבב כבש 500,,500.00,100 גרם,false,1,23.00,4.60,true,1,24355
7290004329990,false,שניצל עוף פרוס קפוא,Unknown,,שניצל עוף פרוס קפוא,קילוגרמים,1.00,"ק""ג",true,1,42.90,0.00,true,1,25669
7290004390000,false,לחמון טונה,Unknown,,לחמון טונה,,1.00,יחידה,false,1,29.00,29.00,false,1,27474
7290004390001,false,לחמון סביח,Unknown,,לחמון סביח,,1.00,יחידה,false,1,29.00,29.00,false,1,27475
7290004390002,false,לחמון גבינות,Unknown,,לחמון גבינות,,1.00,יחידה,false,1,29.00,29.00,false,1,27476
7290004390003,false,לחמון גאודה,Unknown,,לחמון גאודה,,1.00,יחידה,false,1,29.00,29.00,false,1,27477
7290004390004,false,לחמון בשרים,Unknown,,לחמון בשרים,,1.00,יחידה,false,1,29.00,29.00,false,1,27478
7290004390005,false,חלה דאבל בשר,Unknown,,חלה דאבל בשר,,1.00,יחידה,false,1,29.00,29.00,false,1,27479
7290004390006,false,חלה של שישי,Unknown,,חלה של שישי,,1.00,יחידה,false,1,29.00,29.00,false,1,27480
7290004390008,false,כריכון רפאלו לאבנה,Unknown,,כריכון רפאלו לאבנה,,1.00,יחידה,false,1,19.00,19.00,false,1,27481
7290004390009,false,כריכון רפאלו גאודה,Unknown,,כריכון רפאלו גאודה,,1.00,יחידה,false,1,19.00,19.00,false,1,27482
7290004400033,false,סלט השוק- עינת,Unknown,,סלט השוק- עינת,,1.00,יחידה,false,1,29.00,29.00,false,1,27483
7290004400034,false,סלט רענן - עינת,Unknown,,סלט רענן - עינת,,1.00,יחידה,false,1,29.00,29.00,false,1,27484
7290004400036,false,סלט כפר - עינת,Unknown,,סלט כפר - עינת,,1.00,יחידה,false,1,29.00,29.00,false,1,27485
7290004400159,false,סלט קינואה - עינת,Unknown,,סלט קינואה - עינת,,1.00,יחידה,false,1,29.00,29.00,false,1,27486
7290004480332,false,גאודה בקר משולשים,Unknown,,גאודה בקר משולשים,קילוגרמים,1.00,"ק""ג",true,1,119.00,0.00,true,1,27244
7290004480349,false,גאודה עיזים משולשים,Unknown,,גאודה עיזים משולשים,קילוגרמים,1.00,"ק""ג",true,1,139.00,0.00,true,1,27245
7290004492274,false,בייגלה גל גל,Unknown,,בייגלה גל גל,,400.00,100 גרם,false,1,14.00,3.50,true,1,24356
7290004554293,false,קרחון אסקימו ענבים,Unknown,,קרחון אסקימו ענבים,,84.00,100 גרם,false,1,4.00,4.76,true,1,680
7290004554330,false,קרחון אסקימו דובדובן,Unknown,,קרחון אסקימו דובדובן,,84.00,100 גרם,false,1,4.00,4.76,true,1,681
7290004554781,false,קרחון אסקימו לימון,Unknown,,קרחון אסקימו לימון,,84.00,100 גרם,false,1,4.00,4.76,true,1,682
7290004554798,false,מטרה שלגון,Unknown,,מטרה שלגון,,90.00,100 גרם,false,1,7.90,8.78,true,1,1810
7290004584306,false,סופר גמדים תות בננה,Unknown,,סופר גמדים תות בננה,,400.00,"100 מ""ל",false,1,13.00,3.25,true,1,1002
7290004584351,false,סימפוניה טיבעי 200גר,Unknown,,סימפוניה טיבעי 200גר,,200.00,100 גרם,false,1,12.50,6.25,true,1,971
7290004584528,false,דנונה ביו 1.5% 200גר,Unknown,,דנונה ביו 1.5% 200גר,,200.00,"100 מ""ל",false,1,3.70,1.85,true,1,1003
7290004585907,false,דני וניל 130 גר,Unknown,,דני וניל 130 גר,,130.00,"100 מ""ל",false,1,3.20,2.46,true,1,1004
7290004658946,false,שרדונה לבן יבש,Unknown,,שרדונה לבן יבש,,750.00,"100 מ""ל",false,1,50.00,6.63,true,1,27379
7290004685041,false,לחם הארץ חיטה מלאה,Unknown,,לחם הארץ חיטה מלאה,,750.00,100 גרם,false,1,19.00,2.53,true,1,24375
7290004685089,false,הארץ חמניות,Unknown,,הארץ חמניות,,500.00,100 גרם,false,1,20.00,4.00,true,1,24702
7290004685126,false,לחם  הארץ 5 דגנים,Unknown,,לחם  הארץ 5 דגנים,,750.00,100 גרם,false,1,19.00,2.53,true,1,3789
7290004685157,false,ברמן לחם הארץ שיפון,Unknown,,ברמן לחם הארץ שיפון,,750.00,100 גרם,false,1,19.00,2.53,true,1,12349
7290004685195,false,לחם הארץ  10 דגנים,Unknown,,לחם הארץ  10 דגנים,,750.00,100 גרם,false,1,19.00,2.53,true,1,24377
7290004685430,false,לחם הארץ,Unknown,,לחם הארץ,,600.00,100 גרם,false,1,20.00,3.33,true,1,24703
7290004685447,false,לחמניות כוסמין 6 יח,Unknown,,לחמניות כוסמין 6 יח,,450.00,100 גרם,false,1,17.00,3.78,true,1,23899
7290004686802,false,בזיליקום,Unknown,,בזיליקום,,1.00,יחידה,false,1,5.00,5.00,true,1,25793
7290004731083,false,אלסבון כיף גנסנג 1ל,Unknown,,אלסבון כיף גנסנג 1ל,,1.00,1 ליטר,false,1,15.50,15.50,false,1,24512
7290004731472,false,אלסבון כיף X3 צבעוני,Unknown,,אלסבון כיף X3 צבעוני,,1.50,1 ליטר,false,1,25.00,16.67,true,1,24390
7290004731670,false,מטהר אויר דואופרש,Unknown,,מטהר אויר דואופרש,,300.00,"100 מ""ל",false,1,15.00,5.00,true,1,24449
7290004737443,false,קוקטטיל פירות 820גר,Unknown,,קוקטטיל פירות 820גר,,820.00,100 גרם,false,1,10.00,1.22,true,1,23673
7290004737719,false,אספרגוס שלם 330 גר,Unknown,,אספרגוס שלם 330 גר,,330.00,100 גרם,false,1,13.00,3.94,true,1,25730
7290004737900,false,וילי פוד חלב מרוכז,Unknown,,וילי פוד חלב מרוכז,,397.00,100 גרם,false,1,9.50,2.39,true,1,24322
7290004768294,false,אמנון פילה ללא עור,Unknown,,אמנון פילה ללא עור,קילוגרמים,1.00,"ק""ג",true,1,39.90,0.00,true,1,25901
7290004872021,false,קרחון רמזור,Unknown,,קרחון רמזור,,80.00,100 גרם,false,1,4.00,5.00,true,1,3567
7290004872069,false,קרחון לימון,Unknown,,קרחון לימון,,80.00,100 גרם,false,1,4.00,5.00,true,1,3569
7290004872229,false,שלגון שוקולד מצופה,Unknown,,שלגון שוקולד מצופה,,79.20,100 גרם,false,1,7.90,9.97,true,1,3572
7290004872243,false,שלגון בננה מצופה,Unknown,,שלגון בננה מצופה,,69.00,100 גרם,false,1,7.90,11.45,true,1,3574
7290004872250,false,קרחון אבטיח קיץ,Unknown,,קרחון אבטיח קיץ,,108.00,100 גרם,false,1,8.90,8.24,true,1,3575
7290004872359,false,קרחון דובדבן סוכריות,Unknown,,קרחון דובדבן סוכריות,,80.00,100 גרם,false,1,4.00,5.00,true,1,3576
7290004872731,false,אקסטרים וניל טילון,Unknown,,אקסטרים וניל טילון,,72.00,100 גרם,false,1,10.90,15.14,true,1,3593
7290004872786,false,אקסטרים פקאן ענק,Unknown,,אקסטרים פקאן ענק,,113.00,100 גרם,false,1,12.90,11.42,true,1,3595
7290004914219,false,מפיץ ריח מקלות לרכב,Unknown,,מפיץ ריח מקלות לרכב,,0.00,,false,1,12.00,0.00,true,1,9200
7290004914738,false,סאן קאר,Unknown,,סאן קאר,,1.00,יחידה,false,1,5.00,5.00,false,1,26550
7290004943035,false,ציפס 800 גרם מילוטל,Unknown,,ציפס 800 גרם מילוטל,,800.00,100 גרם,false,1,14.50,1.81,true,1,24678
7290005008184,false,פלמוליב חלב שקדים500,Unknown,,פלמוליב חלב שקדים500,,500.00,"100 מ""ל",false,1,22.00,4.40,true,1,24765
7290005008191,false,פלמוליב ארומה סגול,Unknown,,פלמוליב ארומה סגול,,500.00,"100 מ""ל",false,1,22.00,4.40,true,1,24242
7290005008481,false,ספיד סטיק גל ספורט,Unknown,,ספיד סטיק גל ספורט,,85.00,100 גרם,false,1,21.90,25.76,true,1,21121
7290005020162,false,ו.בלנטיינס פיינסט,Unknown,,ו.בלנטיינס פיינסט,,700.00,"100 מ""ל",false,1,115.00,16.39,true,1,22329
7290005068829,false,ברוקלי,Unknown,,ברוקלי,,1.00,יחידה,false,1,9.90,9.90,true,1,25794
7290005084355,false,משחת סנסודיין דואלקר,Unknown,,משחת סנסודיין דואלקר,,75.00,"100 מ""ל",false,1,22.90,30.53,false,1,24544
7290005111761,false,בונזו בשר 3 קג,Unknown,,בונזו בשר 3 קג,,3.00,"1 ק""ג",false,1,49.00,16.33,true,1,24290
7290005113895,false,זיתים חרוזית 600פרוס,Unknown,,זיתים חרוזית 600פרוס,,600.00,100 גרם,false,1,10.50,1.75,true,1,24768
7290005124686,false,בליסטיקס תות,Unknown,,בליסטיקס תות,,4.25,100 גרם,false,1,11.00,258.82,true,1,1926
7290005174551,false,אחלה חומוס 125 גר,Unknown,,אחלה חומוס 125 גר,,125.00,100 גרם,false,1,5.50,4.40,true,1,1213
7290005174568,false,אחלה חצילים מיונז125,Unknown,,אחלה חצילים מיונז125,,125.00,100 גרם,false,1,5.50,4.40,true,1,1214
7290005174575,false,אחלה טחינה 125 גר,Unknown,,אחלה טחינה 125 גר,,125.00,100 גרם,false,1,5.50,4.40,true,1,1215
7290005174841,false,חציל בטעם כבד 130 גר,Unknown,,חציל בטעם כבד 130 גר,,125.00,100 גרם,false,1,5.50,4.40,true,1,6382
7290005197758,false,חיוכים שוקו 150 גר,Unknown,,חיוכים שוקו 150 גר,,150.00,100 גרם,false,1,6.00,4.00,true,1,1136
7290005199288,false,מאסט פטל לימון 28גר,Unknown,,מאסט פטל לימון 28גר,,28.00,100 גרם,false,1,6.00,21.43,true,1,2955
7290005199622,false,עד חצות ביסקויט מרי,Unknown,,עד חצות ביסקויט מרי,,200.00,100 גרם,false,1,17.90,8.95,true,1,2071
7290005199738,false,מאסט LL ריח פה 28ג,Unknown,,מאסט LL ריח פה 28ג,,28.00,100 גרם,false,1,6.00,21.43,true,1,665
7290005200786,false,תפוציפס שמנת 50גר,Unknown,,תפוציפס שמנת 50גר,,50.00,100 גרם,false,1,5.90,11.80,true,1,593
7290005201882,false,עלית קפה טורקי 200גר,Unknown,,עלית קפה טורקי 200גר,,200.00,100 גרם,false,1,19.50,9.75,true,1,12157
7290005287657,false,ממרח טונה סטארקיסט,Unknown,,ממרח טונה סטארקיסט,,160.00,100 גרם,false,1,8.00,5.00,true,1,24410
7290005364906,false,עלי חסה ערבית שטופה,Unknown,,עלי חסה ערבית שטופה,,1.00,יחידה,false,1,12.00,12.00,true,1,25796
7290005423253,false,מקסימה למייבש אולטרא,Unknown,,מקסימה למייבש אולטרא,,750.00,"100 מ""ל",false,1,21.90,2.92,true,1,24328
7290005423635,false,ריצפז דוחה חרקים 2ל,Unknown,,ריצפז דוחה חרקים 2ל,,2.00,1 ליטר,false,1,28.90,14.45,true,1,24327
7290005423734,false,מקסימה אולטרא פרש 4ל,Unknown,,מקסימה אולטרא פרש 4ל,,4.00,1 ליטר,false,1,28.50,7.12,false,1,24391
7290005424403,false,א.סבון כיף אצות ים 1,Unknown,,א.סבון כיף אצות ים 1,,1.00,1 ליטר,false,1,15.50,15.50,false,1,24513
7290005425110,false,מתז לחיטוי  99.9%,Unknown,,מתז לחיטוי  99.9%,,750.00,"100 מ""ל",false,1,17.50,2.33,true,1,24769
7290005425646,false,סנו קליר 1 ל,Unknown,,סנו קליר 1 ל,,1.00,1 ליטר,false,1,15.00,15.00,true,1,12496
7290005427107,false,סושי 6 מגבות,Unknown,,סושי 6 מגבות,,6.00,יחידה,false,1,14.00,2.33,true,1,24554
7290005430602,false,אוקסיגן מסיר כתמים,Unknown,,אוקסיגן מסיר כתמים,,750.00,"100 מ""ל",false,1,22.90,3.05,true,1,24504
7290005431159,false,תותים בקצפת לייט,Unknown,,תותים בקצפת לייט,,80.00,100 גרם,false,1,8.00,10.00,false,1,23100
7290005431883,false,מלבי עדן,Unknown,,מלבי עדן,,165.00,100 גרם,false,1,7.50,4.55,true,1,23800
7290005555101,false,עוגיות שוקולד לבן,Unknown,,עוגיות שוקולד לבן,,0.00,,false,1,8.00,0.00,false,1,26288
7290005555102,false,עוגיית שוקולד ציפס,Unknown,,עוגיית שוקולד ציפס,,0.00,,false,1,8.00,0.00,false,1,26289
7290005555103,false,עוגיית שוקולדים,Unknown,,עוגיית שוקולדים,,0.00,,false,1,8.00,0.00,false,1,26290
7290005555104,false,מאפים מתוקים במשקל,Unknown,,מאפים מתוקים במשקל,קילוגרמים,1.00,"ק""ג",true,1,60.00,0.00,false,1,26390
7290005555109,false,מאפים מלוחים במשקל,Unknown,,מאפים מלוחים במשקל,קילוגרמים,1.00,"ק""ג",true,1,60.00,0.00,false,1,26291
7290005555137,false,דניש קינמון,Unknown,,דניש קינמון,,0.00,,false,1,13.00,0.00,false,1,26292
7290005555138,false,דניש שקדים,Unknown,,דניש שקדים,,0.00,,false,1,14.00,0.00,false,1,26293
7290005555139,false,קוראסון חמאה,Unknown,,קוראסון חמאה,,0.00,,false,1,13.00,0.00,false,1,26294
7290005555140,false,קרמל מלוח אישי,Unknown,,קרמל מלוח אישי,,0.00,,false,1,13.00,0.00,false,1,26295
7290005555141,false,שושנת שוקולד אישי,Unknown,,שושנת שוקולד אישי,,0.00,,false,1,13.00,0.00,false,1,26296
7290005555142,false,ריקוטה אוכמניות,Unknown,,ריקוטה אוכמניות,,0.00,,false,1,13.00,0.00,false,1,26297
7290005555143,false,קרואסון שוקולד,Unknown,,קרואסון שוקולד,,0.00,,false,1,13.00,0.00,false,1,26298
7290005555144,false,מאפין שוקולד,Unknown,,מאפין שוקולד,,0.00,,false,1,13.00,0.00,false,1,26299
7290005555145,false,מאפין פרות אדומים,Unknown,,מאפין פרות אדומים,,0.00,,false,1,13.00,0.00,false,1,26300
7290005555146,false,מאפין בננה טבעוני,Unknown,,מאפין בננה טבעוני,,0.00,,false,1,13.00,0.00,false,1,26301
7290005555154,false,בר סניקרס למכירה,Unknown,,בר סניקרס למכירה,,0.00,,false,1,20.00,0.00,false,1,26302
7290005555155,false,מילפוי קאריבי,Unknown,,מילפוי קאריבי,,0.00,,false,1,20.00,0.00,false,1,26303
7290005555156,false,פחזניית פטיסייר,Unknown,,פחזניית פטיסייר,,0.00,,false,1,5.50,0.00,false,1,26391
7290005555157,false,פחזניית פולי קפה,Unknown,,פחזניית פולי קפה,,0.00,,false,1,5.50,0.00,false,1,26304
7290005555158,false,מיני בייגלה רומני,Unknown,,מיני בייגלה רומני,,0.00,,false,1,4.00,0.00,false,1,26305
7290005555159,false,פיתה שומשום למכירה,Unknown,,פיתה שומשום למכירה,,0.00,,false,1,6.00,0.00,false,1,26306
7290005555163,false,קרמלה 160 ג,Unknown,,קרמלה 160 ג,,160.00,100 גרם,false,1,6.00,3.75,false,1,26310
7290005555164,false,דגנית 60 ג,Unknown,,דגנית 60 ג,,60.00,100 גרם,false,1,4.00,6.67,false,1,26311
7290005555165,false,גרעינית 170,Unknown,,גרעינית 170,,170.00,100 גרם,false,1,6.00,3.53,false,1,26312
7290005555166,false,לחמניית מיני המבורגר,Unknown,,לחמניית מיני המבורגר,,0.00,,false,1,4.00,0.00,false,1,26313
7290005555167,false,צבטינה כפרית,Unknown,,צבטינה כפרית,,0.00,,false,1,3.00,0.00,false,1,26314
7290005555168,false,צבטה כפרית,Unknown,,צבטה כפרית,,0.00,,false,1,5.00,0.00,false,1,26315
7290005555169,false,צבטינה לבנה,Unknown,,צבטינה לבנה,,0.00,,false,1,3.00,0.00,false,1,26316
7290005555170,false,צבטה לבנה,Unknown,,צבטה לבנה,,0.00,,false,1,5.00,0.00,false,1,26317
7290005555171,false,לחם אפריקנס,Unknown,,לחם אפריקנס,,0.00,,false,1,24.00,0.00,false,1,26318
7290005555172,false,לחם מחמצת לבן,Unknown,,לחם מחמצת לבן,,0.00,,false,1,24.00,0.00,false,1,26319
7290005555174,false,חלה קמח מלא,Unknown,,חלה קמח מלא,,0.00,,false,1,24.00,0.00,false,1,26392
7290005555176,false,לחם שיפון אגוזים,Unknown,,לחם שיפון אגוזים,,0.00,,false,1,24.00,0.00,false,1,26322
7290005555177,false,לחם קלמטה,Unknown,,לחם קלמטה,,0.00,,false,1,24.00,0.00,false,1,26323
7290005555178,false,לחם אגוזים וצמוקים,Unknown,,לחם אגוזים וצמוקים,,0.00,,false,1,24.00,0.00,false,1,26324
7290005555179,false,בגט רוסטיק,Unknown,,בגט רוסטיק,,0.00,,false,1,7.00,0.00,false,1,26325
7290005555180,false,בייגלה רומני בטעמים,Unknown,,בייגלה רומני בטעמים,,0.00,,false,1,6.00,0.00,false,1,26471
7290005555182,false,חלה קלועה למכירה,Unknown,,חלה קלועה למכירה,,0.00,,false,1,18.00,0.00,false,1,26665
7290005555183,false,חלת כתר למכירה,Unknown,,חלת כתר למכירה,,0.00,,false,1,22.00,0.00,false,1,26666
7290005555185,false,לחם כוסמין box,Unknown,,לחם כוסמין box,,0.00,,false,1,24.00,0.00,false,1,26667
7290005555200,false,לחם מחמצת דגנים,Unknown,,לחם מחמצת דגנים,,0.00,,false,1,24.00,0.00,false,1,27870
7290005555201,false,לחם מחמצת כפרי,Unknown,,לחם מחמצת כפרי,,0.00,,false,1,24.00,0.00,false,1,27871
7290005555202,false,טארט ליים אישי,Unknown,,טארט ליים אישי,,0.00,,false,1,30.00,0.00,false,1,27872
7290005555203,false,לחם כריכים עלמה,Unknown,,לחם כריכים עלמה,,0.00,,false,1,24.00,0.00,false,1,27873
7290005555204,false,מיני קרמלה שומשום,Unknown,,מיני קרמלה שומשום,,0.00,,false,1,4.00,0.00,false,1,27874
7290005555205,false,מיני קרמלה גרעינים,Unknown,,מיני קרמלה גרעינים,,0.00,,false,1,4.00,0.00,false,1,27875
7290005555206,false,מיני קרמלה למכירה,Unknown,,מיני קרמלה למכירה,,0.00,,false,1,4.00,0.00,false,1,27897
7290005559587,false,מאפה נקניקיות 800 ג,Unknown,,מאפה נקניקיות 800 ג,,800.00,100 גרם,false,1,34.90,4.36,true,1,25648
7290005559709,false,מעדנות בורקס פיצה700,Unknown,,מעדנות בורקס פיצה700,,700.00,100 גרם,false,1,33.90,4.84,true,1,5942
7290005559907,false,מעדנות פיצה משפחתית,Unknown,,מעדנות פיצה משפחתית,,500.00,100 גרם,false,1,29.90,5.98,true,1,5937
7290005559914,false,מעדנות פיצה משפ.זיתי,Unknown,,מעדנות פיצה משפ.זיתי,,550.00,100 גרם,false,1,29.90,5.44,true,1,5948
7290005559990,false,בצק פילאס תורכי 600,Unknown,,בצק פילאס תורכי 600,,600.00,100 גרם,false,1,26.90,4.48,true,1,24408
7290005569029,false,שום קלוף 120,Unknown,,שום קלוף 120,,170.00,100 גרם,false,1,11.90,7.00,false,1,23379
7290005591761,false,דבש טהור לחיץ 400,Unknown,,דבש טהור לחיץ 400,,400.00,"100 מ""ל",false,1,29.90,7.48,true,1,22174
7290005605895,false,פאנטה אקזוטיק 500,Unknown,,פאנטה אקזוטיק 500,,500.00,"100 מ""ל",false,1,9.90,1.92,true,1,223
7290005610509,false,צנונית ארוזה ליח,Unknown,,צנונית ארוזה ליח,,400.00,100 גרם,false,1,5.90,1.48,true,1,23283
7290005651069,false,לה קט מיקס 2.85קג,Unknown,,לה קט מיקס 2.85קג,,2.85,"1 ק""ג",false,1,73.00,25.61,true,1,24411
7290005651427,false,מולטיפק 400*3 עוף/כב,Unknown,,מולטיפק 400*3 עוף/כב,,1.20,"1 ק""ג",false,1,21.90,18.25,true,1,24291
7290005678950,false,סלרי עלים ארוז יח,Unknown,,סלרי עלים ארוז יח,,500.00,100 גרם,false,1,7.90,1.58,true,1,23306
7290005680052,false,או בה סופר פלוס,Unknown,,או בה סופר פלוס,,32.00,יחידה,false,1,36.50,1.14,true,1,24280
7290005803628,false,קרחון מלון,Unknown,,קרחון מלון,,80.00,100 גרם,false,1,4.00,5.00,true,1,3581
7290005838002,false,דניאלה וניל 100 גר,Unknown,,דניאלה וניל 100 גר,,150.00,"100 מ""ל",false,1,4.50,3.00,true,1,4118
7290005838972,false,שטראוס גבינת יום יום,Unknown,,שטראוס גבינת יום יום,,125.00,100 גרם,false,1,3.30,2.64,true,1,979
7290005839078,false,דנונה ביו מ.חסכון 3%,Unknown,,דנונה ביו מ.חסכון 3%,,1.20,1 ליטר,false,1,18.00,15.00,true,1,24770
7290005839108,false,סימפוניה עם זיתים 5%,Unknown,,סימפוניה עם זיתים 5%,,200.00,100 גרם,false,1,12.50,6.25,true,1,980
7290005839313,false,מילקי טופ מגולגלת,Unknown,,מילקי טופ מגולגלת,,130.00,"100 מ""ל",false,1,5.20,4.00,true,1,1006
7290005854040,false,קרחון אסקימו משמש,Unknown,,קרחון אסקימו משמש,,75.00,100 גרם,false,1,4.00,5.33,true,1,11020
7290005854569,false,מצופה שוקו בננה,Unknown,,מצופה שוקו בננה,,70.00,100 גרם,false,1,7.90,11.29,true,1,713
7290005854606,false,שלגון אסקימו אננס,Unknown,,שלגון אסקימו אננס,,84.00,100 גרם,false,1,4.00,4.76,true,1,684
7290005854613,false,קרחון תותי פרוטי,Unknown,,קרחון תותי פרוטי,,84.00,100 גרם,false,1,4.00,4.76,true,1,685
7290005859028,false,תרד ניוזילנדי,Unknown,,תרד ניוזילנדי,,280.00,100 גרם,false,1,12.90,4.61,true,1,23427
7290005896415,false,איגל בירה 500מל,Unknown,,איגל בירה 500מל,,500.00,"100 מ""ל",false,1,11.00,2.14,true,1,24315
7290005896460,false,פ.בירה איגל 500 מל,Unknown,,פ.בירה איגל 500 מל,,500.00,"100 מ""ל",false,1,12.00,2.34,true,1,26393
7290005938245,false,רוטב פסטו,Unknown,,רוטב פסטו,,220.00,100 גרם,false,1,20.00,9.09,true,1,24371
7290005951022,false,דלעת ארוזה,Unknown,,דלעת ארוזה,קילוגרמים,1.00,"ק""ג",true,1,18.00,18.00,true,1,25616
7290005966033,false,ירדן הר חרמון לבן,Unknown,,ירדן הר חרמון לבן,,750.00,"100 מ""ל",false,1,44.90,5.95,true,1,3074
7290005966088,false,ירדן  חרמון אדום 750,Unknown,,ירדן  חרמון אדום 750,,750.00,"100 מ""ל",false,1,44.90,5.95,true,1,3127
7290005992735,false,גד לבנה טבעי 250 גר,Unknown,,גד לבנה טבעי 250 גר,,250.00,100 גרם,false,1,14.00,5.60,true,1,985
7290006199010,false,שלגון גלידל ג.תות,Unknown,,שלגון גלידל ג.תות,,77.00,100 גרם,false,1,9.90,12.86,true,1,27625
7290006199188,false,שלגון גלידל א.מוקה,Unknown,,שלגון גלידל א.מוקה,,52.00,100 גרם,false,1,9.90,19.04,true,1,27626
7290006210661,false,בונזור-באגט (אפיה),Unknown,,בונזור-באגט (אפיה),,0.00,,false,1,6.50,0.00,true,1,23536
7290006210876,false,בונזור לחמנית אצבע,Unknown,,בונזור לחמנית אצבע,,0.00,,false,1,2.50,0.00,true,1,16473
7290006229588,false,איגל בירה זהב %6 3,Unknown,,איגל בירה זהב %6 3,,500.00,"100 מ""ל",false,1,8.90,1.72,true,1,24772
7290006241153,false,אגוזי פקאן סיני 150,Unknown,,אגוזי פקאן סיני 150,,150.00,100 גרם,false,1,29.90,19.93,true,1,773
7290006241191,false,אגוזי מלך 150 גר,Unknown,,אגוזי מלך 150 גר,,150.00,100 גרם,false,1,24.90,16.60,true,1,5720
7290006241214,false,שקד טבעי 200 גר,Unknown,,שקד טבעי 200 גר,,200.00,100 גרם,false,1,21.90,10.95,true,1,24480
7290006251107,false,תה צאי מסאלה 25 שקי,Unknown,,תה צאי מסאלה 25 שקי,,25.00,יחידה,false,1,25.90,1.04,true,1,1178
7290006251275,false,ויסוצקי תה ירוק סיני,Unknown,,ויסוצקי תה ירוק סיני,,25.00,יחידה,false,1,21.90,0.88,true,1,24773
7290006251374,false,תה ירוק לימונית+גינג,Unknown,,תה ירוק לימונית+גינג,,25.00,יחידה,false,1,21.90,0.88,true,1,24273
7290006265500,false,פטריות שמפיניון,Unknown,,פטריות שמפיניון,,250.00,100 גרם,false,1,12.90,5.16,true,1,23174
7290006271174,false,מעדנות גחנון בצק700,Unknown,,מעדנות גחנון בצק700,,700.00,100 גרם,false,1,21.90,3.13,true,1,5949
7290006271181,false,מעדנות גחנון אפוי750,Unknown,,מעדנות גחנון אפוי750,,750.00,100 גרם,false,1,28.70,3.83,true,1,5945
7290006271648,false,מיני בורקס תפוא,Unknown,,מיני בורקס תפוא,,800.00,100 גרם,false,1,29.00,3.62,true,1,25655
7290006271655,false,מיני בורקס גבינה מעד,Unknown,,מיני בורקס גבינה מעד,,800.00,100 גרם,false,1,33.00,4.12,true,1,24403
7290006272072,false,חטיפי פיצה מעדנות,Unknown,,חטיפי פיצה מעדנות,,650.00,100 גרם,false,1,39.90,6.14,true,1,24588
7290006272430,false,בצק עלים חמאה,Unknown,,בצק עלים חמאה,,600.00,100 גרם,false,1,35.00,5.83,true,1,24674
7290006281210,false,בייגל טוסט קלאסי,Unknown,,בייגל טוסט קלאסי,,200.00,100 גרם,false,1,18.00,9.00,true,1,8354
7290006282903,false,עינת סלט ניסואז 315ג,Unknown,,עינת סלט ניסואז 315ג,,315.00,100 גרם,false,1,22.00,6.98,true,1,15791
7290006282972,false,עינת סלט יווני חלבי,Unknown,,עינת סלט יווני חלבי,,300.00,100 גרם,false,1,22.00,7.33,true,1,16382
7290006374738,false,קונפיטורה תות 340גר,Unknown,,קונפיטורה תות 340גר,,340.00,100 גרם,false,1,14.90,4.38,true,1,23660
7290006449009,false,ביבי נספק מיקס,Unknown,,ביבי נספק מיקס,,1.00,יחידה,false,1,10.00,10.00,true,1,25801
7290006449559,false,חסה רומית,Unknown,,חסה רומית,,1.00,יחידה,false,1,10.90,10.90,true,1,25802
7290006463609,false,רול שוקולד-כשלפ,Unknown,,רול שוקולד-כשלפ,,120.00,100 גרם,false,1,10.00,8.33,true,1,15867
7290006463616,false,רול קינמון-כשלפ,Unknown,,רול קינמון-כשלפ,,120.00,100 גרם,false,1,10.00,8.33,true,1,15869
7290006463623,false,פרוסת עוגת שיש כשלפ,Unknown,,פרוסת עוגת שיש כשלפ,,80.00,100 גרם,false,1,10.00,12.50,true,1,15868
7290006492432,false,גד מוצרלה בייבי,Unknown,,גד מוצרלה בייבי,,150.00,100 גרם,false,1,16.00,10.67,true,1,24272
7290006492616,false,גד בולגרית5% פרוס250,Unknown,,גד בולגרית5% פרוס250,,250.00,100 גרם,false,1,28.00,11.20,true,1,24269
7290006492630,false,גליל גד עז,Unknown,,גליל גד עז,,180.00,100 גרם,false,1,25.00,13.89,true,1,24907
7290006492647,false,גד מטבעות ג.עיזים,Unknown,,גד מטבעות ג.עיזים,,150.00,100 גרם,false,1,25.90,17.27,false,1,26012
7290006492685,false,גד לבנה עזים 3%,Unknown,,גד לבנה עזים 3%,,250.00,100 גרם,false,1,21.00,8.40,true,1,24331
7290006492852,false,למריחה עיזים,Unknown,,למריחה עיזים,,250.00,100 גרם,false,1,19.00,7.60,true,1,24362
7290006511157,false,פטריות שלמות 400 גר,Unknown,,פטריות שלמות 400 גר,,400.00,100 גרם,false,1,10.00,2.50,true,1,24319
7290006511225,false,פטריות חתוכות 290גר,Unknown,,פטריות חתוכות 290גר,,167.00,100 גרם,false,1,5.50,3.29,false,1,20835
7290006639004,false,שיני שום מקולף טרי,Unknown,,שיני שום מקולף טרי,,1.00,יחידה,false,1,19.90,19.90,true,1,25718
7290006644480,false,תפוזינה תפוז 0.5 ל,Unknown,,תפוזינה תפוז 0.5 ל,,500.00,"100 מ""ל",false,1,8.90,1.72,true,1,3958
7290006644510,false,תפוזינה ענבים 0.5 ל,Unknown,,תפוזינה ענבים 0.5 ל,,500.00,"100 מ""ל",false,1,8.90,1.72,true,1,6022
7290006644527,false,תפוזינה תות בננה 0.5,Unknown,,תפוזינה תות בננה 0.5,,500.00,"100 מ""ל",false,1,8.90,1.72,true,1,3960
7290006644626,false,ספרינג פירות טרופיים,Unknown,,ספרינג פירות טרופיים,,1.50,1 ליטר,false,1,11.90,7.93,true,1,7381
7290006651730,false,מגבונים להיגיינת היד,Unknown,,מגבונים להיגיינת היד,,100.00,"100 מ""ל",false,1,12.90,12.90,true,1,20651
7290006653819,false,קוסקוס דק,Unknown,,קוסקוס דק,,350.00,100 גרם,false,1,9.90,2.83,true,1,23658
7290006653857,false,ארנבונים חטיף תפוא,Unknown,,ארנבונים חטיף תפוא,,40.00,100 גרם,false,1,7.00,17.50,true,1,7760
7290006664037,false,גמדים דגנים רביעייה,Unknown,,גמדים דגנים רביעייה,,400.00,100 גרם,false,1,13.00,3.25,true,1,24434
7290006664310,false,סקי גבינה 3% 250ג,Unknown,,סקי גבינה 3% 250ג,,250.00,100 גרם,false,1,4.75,1.90,true,1,3603
7290006664532,false,דנונה תות 1.5%,Unknown,,דנונה תות 1.5%,,150.00,"100 מ""ל",false,1,3.90,2.60,true,1,7732
7290006664655,false,אקטימל טבעי*8,Unknown,,אקטימל טבעי*8,,800.00,"100 מ""ל",false,1,26.00,3.25,true,1,5719
7290006664693,false,דנונה אפרסק 3%,Unknown,,דנונה אפרסק 3%,,150.00,"100 מ""ל",false,1,3.90,2.60,true,1,5315
7290006664990,false,דנונה ביו מ.חיסכון,Unknown,,דנונה ביו מ.חיסכון,,1.20,1 ליטר,false,1,18.00,15.00,true,1,24776
7290006681003,false,קרמיסימו תות לימון,Unknown,,קרמיסימו תות לימון,,1.33,1 ליטר,false,1,25.00,18.80,true,1,14780
7290006681065,false,טעמקור XLוניל עם שוק,Unknown,,טעמקור XLוניל עם שוק,,75.00,100 גרם,false,1,10.00,13.33,true,1,2294
7290006681089,false,מאגדת גלידת מיני ליט,Unknown,,מאגדת גלידת מיני ליט,,250.00,100 גרם,false,1,28.00,11.20,true,1,23576
7290006681553,false,קרמבו וניל 8 יח,Unknown,,קרמבו וניל 8 יח,,234.00,100 גרם,false,1,19.90,8.50,true,1,8306
7290006681560,false,קרמבו מוקה 8 יח,Unknown,,קרמבו מוקה 8 יח,,234.00,100 גרם,false,1,19.90,8.50,true,1,8307
7290006681843,false,לייט מיני פרי מאגדת,Unknown,,לייט מיני פרי מאגדת,,900.00,"100 מ""ל",false,1,27.00,3.00,true,1,14783
7290006704221,false,פטריות- יער,Unknown,,פטריות- יער,,1.00,יחידה,false,1,12.00,12.00,true,1,25804
7290006739414,false,סלמי קוניאק,Unknown,,סלמי קוניאק,,300.00,100 גרם,false,1,33.90,11.30,true,1,24364
7290006739421,false,סלמי מעושן,Unknown,,סלמי מעושן,,300.00,100 גרם,false,1,36.00,12.00,true,1,24372
7290006739445,false,זוגלובק שניצל תירס,Unknown,,זוגלובק שניצל תירס,,750.00,100 גרם,false,1,37.90,5.05,true,1,24387
7290006739544,false,זוגלובק כתף בקר 300,Unknown,,זוגלובק כתף בקר 300,,300.00,100 גרם,false,1,40.00,13.33,true,1,24777
7290006742162,false,המבורגר מזרחי 400,Unknown,,המבורגר מזרחי 400,,400.00,100 גרם,false,1,28.00,7.00,true,1,24342
7290006742278,false,זוגלובק פסט.על לבנים,Unknown,,זוגלובק פסט.על לבנים,,330.00,100 גרם,false,1,36.90,11.18,true,1,23877
7290006742292,false,זוגלובק פסטרמה דבש,Unknown,,זוגלובק פסטרמה דבש,,330.00,100 גרם,false,1,36.00,10.91,true,1,23878
7290006748009,false,זר פרחים מהודר,Unknown,,זר פרחים מהודר,,0.00,,false,1,98.10,0.00,true,1,15893
7290006748072,false,זר פרחים עונתי,Unknown,,זר פרחים עונתי,,0.00,,false,1,35.00,0.00,true,1,9276
7290006748089,false,עציץ- צמחי תבלין,Unknown,,עציץ- צמחי תבלין,,0.00,,false,1,9.90,0.00,false,1,18243
7290006748096,false,זר פרחים מיוחד,Unknown,,זר פרחים מיוחד,,0.00,,false,1,49.50,0.00,true,1,9279
7290006748119,false,זר גרברה,Unknown,,זר גרברה,,0.00,,false,1,59.00,0.00,true,1,17248
7290006748133,false,זר פרחים קטן,Unknown,,זר פרחים קטן,,0.00,,false,1,24.70,0.00,true,1,9278
7290006748157,false,זר פרחים בינוני,Unknown,,זר פרחים בינוני,,0.00,,false,1,30.00,0.00,true,1,9275
7290006748218,false,פרחים בקופסא,Unknown,,פרחים בקופסא,,0.00,,false,1,119.00,0.00,false,1,20479
7290006748225,false,זר מיוחד מס 9,Unknown,,זר מיוחד מס 9,,0.00,,false,1,85.00,0.00,false,1,20480
7290006748232,false,פרח בודד מס 12,Unknown,,פרח בודד מס 12,,0.00,,false,1,9.90,0.00,false,1,20481
7290006748249,false,זר מיוחד מס 15,Unknown,,זר מיוחד מס 15,,0.00,,false,1,75.00,0.00,false,1,20482
7290006748911,false,עציץ קטן,Unknown,,עציץ קטן,,0.00,,false,1,12.00,0.00,false,1,19391
7290006748928,false,עציץ בינוני,Unknown,,עציץ בינוני,,0.00,,false,1,27.00,0.00,false,1,19392
7290006748935,false,עציץ גדול,Unknown,,עציץ גדול,,0.00,,false,1,44.00,0.00,false,1,19393
7290006748959,false,עציץ קטן 2,Unknown,,עציץ קטן 2,,0.00,,false,1,17.00,0.00,false,1,19395
7290006748966,false,עציץ בינוני 2,Unknown,,עציץ בינוני 2,,0.00,,false,1,22.00,0.00,false,1,19396
7290006748973,false,עציץ בינוני 3,Unknown,,עציץ בינוני 3,,0.00,,false,1,35.00,0.00,false,1,19397
7290006748980,false,עציץ גדול 2,Unknown,,עציץ גדול 2,,0.00,,false,1,62.00,0.00,false,1,19398
7290006764270,false,סודה אשכולית 1.5*4,Unknown,,סודה אשכולית 1.5*4,,6.00,1 ליטר,false,1,19.90,3.12,true,1,27943
7290006764478,false,נשר מאלט 330 בקבוק,Unknown,,נשר מאלט 330 בקבוק,,330.00,"100 מ""ל",false,1,9.00,2.64,true,1,3749
7290006785633,false,שקית 10 מיטלי,Unknown,,שקית 10 מיטלי,,0.00,,false,1,7.00,0.00,true,1,24438
7290006788405,false,דאו קרליין נושם בורד,Unknown,,דאו קרליין נושם בורד,,75.00,"100 מ""ל",false,1,16.00,21.33,true,1,24779
7290006805355,false,פילסברי ת. לכ.שוקלד,Unknown,,פילסברי ת. לכ.שוקלד,,500.00,100 גרם,false,1,19.90,3.98,true,1,25335
7290006805850,false,תערובת להכנת פנקייקס,Unknown,,תערובת להכנת פנקייקס,,500.00,100 גרם,false,1,19.90,3.98,true,1,24780
7290006895387,false,שניצל ביתי כשלפ,Unknown,,שניצל ביתי כשלפ,,700.00,100 גרם,false,1,48.90,6.99,true,1,23924
7290006983152,false,קרוטונים מתובליםלמרק,Unknown,,קרוטונים מתובליםלמרק,,400.00,100 גרם,false,1,24.00,6.00,true,1,24287
7290006983176,false,לחמית שיפון,Unknown,,לחמית שיפון,,230.00,100 גרם,false,1,11.50,5.00,true,1,8015
7290006983206,false,פלאפל בקלי קלות,Unknown,,פלאפל בקלי קלות,,180.00,100 גרם,false,1,10.90,6.06,true,1,23935
7290006983763,false,עוגת הבית שוקולד 400,Unknown,,עוגת הבית שוקולד 400,,400.00,100 גרם,false,1,17.90,4.47,true,1,4986
7290006983770,false,עוגת הבית שיש בחושה,Unknown,,עוגת הבית שיש בחושה,,400.00,100 גרם,false,1,17.90,4.47,true,1,2567
7290006983787,false,עוגת הבית שוקו ציפס,Unknown,,עוגת הבית שוקו ציפס,,400.00,100 גרם,false,1,17.90,4.47,true,1,2570
7290006983794,false,עוגת הבית תפוז בחושה,Unknown,,עוגת הבית תפוז בחושה,,400.00,100 גרם,false,1,17.90,4.47,true,1,2571
7290006991294,false,עינת מוזלי 355 גר,Unknown,,עינת מוזלי 355 גר,,355.00,100 גרם,false,1,16.00,4.51,true,1,7379
7290006991966,false,גרגירי רימון מקולף,Unknown,,גרגירי רימון מקולף,,1.00,יחידה,false,1,22.00,22.00,true,1,25494
7290006992161,false,מטרנה דייסת קורנפלור,Unknown,,מטרנה דייסת קורנפלור,,200.00,100 גרם,false,1,18.00,9.00,true,1,24289
7290006992208,false,דייסת דגנים מעורבים,Unknown,,דייסת דגנים מעורבים,,200.00,100 גרם,false,1,18.70,9.35,true,1,24288
7290008116541,false,ליסטרין 500 מל,Unknown,,ליסטרין 500 מל,,500.00,"100 מ""ל",false,1,20.00,4.00,true,1,24986
7290008116565,false,ליסטרין F/B 500 מל,Unknown,,ליסטרין F/B 500 מל,,500.00,"100 מ""ל",false,1,20.00,4.00,true,1,24987
7290008154222,false,עוף טוב שניצלונים,Unknown,,עוף טוב שניצלונים,,700.00,100 גרם,false,1,20.90,2.99,true,1,23664
7290008175173,false,חמאה מפינלנד 200גרם,Unknown,,חמאה מפינלנד 200גרם,,200.00,100 גרם,false,1,13.50,6.75,true,1,24687
7290008175210,false,ויליפוד פרמזן מגורדת,Unknown,,ויליפוד פרמזן מגורדת,,90.00,100 גרם,false,1,15.90,17.67,true,1,26027
7290008175814,false,פטריות חתוך ויליפוד,Unknown,,פטריות חתוך ויליפוד,,400.00,100 גרם,false,1,6.70,1.68,true,1,12166
7290008268004,false,דובדבן 300 גרם,Unknown,,דובדבן 300 גרם,,300.00,100 גרם,false,1,19.90,6.63,false,1,23185
7290008268400,false,דובדבן לבן ארוז ליח,Unknown,,דובדבן לבן ארוז ליח,,330.00,100 גרם,false,1,19.90,6.03,true,1,23359
7290008268455,false,קיווי ישראלי בראשית,Unknown,,קיווי ישראלי בראשית,,500.00,100 גרם,false,1,11.90,2.38,true,1,23434
7290008333115,false,אבקת גלטין טהור נטו,Unknown,,אבקת גלטין טהור נטו,,28.00,100 גרם,false,1,13.00,46.43,true,1,24866
7290008336925,false,פחמים טיבון ויל 2קג,Unknown,,פחמים טיבון ויל 2קג,,2.00,"1 ק""ג",false,1,21.90,10.95,true,1,15848
7290008340618,false,סל 100 מעושן מצו טו,Unknown,,סל 100 מעושן מצו טו,,100.00,100 גרם,false,1,19.90,19.90,true,1,24973
7290008344272,false,המבורגר 100%,Unknown,,המבורגר 100%,,400.00,100 גרם,false,1,25.00,6.25,true,1,24374
7290008345583,false,איקרה ביתית ורודה,Unknown,,איקרה ביתית ורודה,,300.00,100 גרם,false,1,22.00,7.33,true,1,24467
7290008409100,false,אצבעות שניצל שומשום,Unknown,,אצבעות שניצל שומשום,,700.00,100 גרם,false,1,39.90,5.70,true,1,24353
7290008409124,false,שניצל גונגל 700 גר,Unknown,,שניצל גונגל 700 גר,,700.00,100 גרם,false,1,39.90,5.70,true,1,24352
7290008409216,false,שניצל דק בציפוי פריך,Unknown,,שניצל דק בציפוי פריך,,700.00,100 גרם,false,1,48.90,6.99,true,1,24401
7290008409315,false,מיני דק שניצלונים,Unknown,,מיני דק שניצלונים,,500.00,100 גרם,false,1,33.00,6.60,true,1,24490
7290008409407,false,שניצל דק דק ציפס,Unknown,,שניצל דק דק ציפס,,700.00,100 גרם,false,1,48.90,6.99,true,1,24406
7290008409582,false,מאמאעוף שניצל א.ביתי,Unknown,,מאמאעוף שניצל א.ביתי,,700.00,100 גרם,false,1,48.90,6.99,true,1,24212
7290008415071,false,צבר חומוס+טחינה 150ג,Unknown,,צבר חומוס+טחינה 150ג,,150.00,100 גרם,false,1,5.90,3.93,true,1,6660
7290008415514,false,צבר חומוס עם חריף150,Unknown,,צבר חומוס עם חריף150,,150.00,100 גרם,false,1,5.90,3.93,true,1,6661
7290008443616,false,נקה 7-מרכך יבש  אדום,Unknown,,נקה 7-מרכך יבש  אדום,,750.00,"100 מ""ל",false,1,13.90,1.85,true,1,28206
7290008453868,false,פרנה אובלית 4 יח,Unknown,,פרנה אובלית 4 יח,,4.00,יחידה,false,1,13.00,3.25,true,1,25019
7290008461283,false,טריפל צדר 200ג,Unknown,,טריפל צדר 200ג,,200.00,100 גרם,false,1,21.90,10.95,true,1,26257
7290008463966,false,עוגת דבש אנטיקביץ,Unknown,,עוגת דבש אנטיקביץ,,0.00,,false,1,10.90,0.00,false,1,28003
7290008464024,false,גולדסטאר לא מסונן פח,Unknown,,גולדסטאר לא מסונן פח,,500.00,"100 מ""ל",false,1,16.90,3.32,true,1,15414
7290008464109,false,גולדסטאר  לא מסונן,Unknown,,גולדסטאר  לא מסונן,,330.00,"100 מ""ל",false,1,13.90,4.12,true,1,4126
7290008464130,false,גולדסטאר לא מסונן *6,Unknown,,גולדסטאר לא מסונן *6,,1980.00,"100 מ""ל",false,1,49.90,2.43,true,1,14494
7290008464208,false,מכבי חזקה 7.9% חפ,Unknown,,מכבי חזקה 7.9% חפ,,330.00,"100 מ""ל",false,1,15.00,4.45,true,1,25075
7290008464222,false,מכבי 7.9% אלכוהול,Unknown,,מכבי 7.9% אלכוהול,,500.00,"100 מ""ל",false,1,12.90,2.52,true,1,16320
7290008464345,false,גולדסטאר בקבוק 330,Unknown,,גולדסטאר בקבוק 330,,330.00,"100 מ""ל",false,1,14.90,4.42,true,1,288
7290008464468,false,גולדסטאר פחית 500,Unknown,,גולדסטאר פחית 500,,500.00,"100 מ""ל",false,1,14.00,2.74,true,1,289
7290008464475,false,מכבי פחית 500,Unknown,,מכבי פחית 500,,500.00,"100 מ""ל",false,1,13.50,2.64,true,1,290
7290008464604,false,הייניקן פחית 500,Unknown,,הייניקן פחית 500,,500.00,"100 מ""ל",false,1,18.00,3.54,true,1,292
7290008464611,false,סודה טמפו 275 מל,Unknown,,סודה טמפו 275 מל,,275.00,"100 מ""ל",false,1,6.90,2.40,true,1,19198
7290008464673,false,גולדסטאר slow brew,Unknown,,גולדסטאר slow brew,,500.00,"100 מ""ל",false,1,16.00,3.14,true,1,24606
7290008464697,false,מכבי בקבוק 6יח 7.9%,Unknown,,מכבי בקבוק 6יח 7.9%,,1.80,"100 מ""ל",false,1,45.90,2450.00,true,1,27516
7290008464734,false,גולדסטאר SLOW BREW,Unknown,,גולדסטאר SLOW BREW,,1.98,"100 מ""ל",false,1,49.90,2429.29,true,1,18058
7290008464741,false,גולדסטאר בקבוק 6יח,Unknown,,גולדסטאר בקבוק 6יח,,1.98,1 ליטר,false,1,50.00,24.34,true,1,1414
7290008464772,false,מארז שישיית גולדסטאר,Unknown,,מארז שישיית גולדסטאר,,3.00,1 ליטר,false,1,49.90,16.03,true,1,2986
7290008464796,false,הייניקן בקבוק 6*330,Unknown,,הייניקן בקבוק 6*330,,1.98,1 ליטר,false,1,49.90,24.29,true,1,1415
7290008466240,false,עוגת דבש אמה אנטיקבי,Unknown,,עוגת דבש אמה אנטיקבי,,0.00,,false,1,23.90,0.00,false,1,28004
7290008639095,false,פחזניות וניל חלבי280,Unknown,,פחזניות וניל חלבי280,,280.00,100 גרם,false,1,31.90,11.39,false,1,28036
7290008644112,false,אחלה מטבוחה 125 גר,Unknown,,אחלה מטבוחה 125 גר,,125.00,100 גרם,false,1,5.50,4.40,true,1,1218
7290008644235,false,עלי בייבי 120 ג,Unknown,,עלי בייבי 120 ג,,120.00,100 גרם,false,1,10.90,9.08,true,1,5123
7290008644945,false,סלט המושבה 450 ג,Unknown,,סלט המושבה 450 ג,,450.00,100 גרם,false,1,14.90,3.31,true,1,5129
7290008645935,false,אחלה חומוס לניגוב750,Unknown,,אחלה חומוס לניגוב750,,750.00,100 גרם,false,1,10.00,1.33,true,1,17517
7290008670142,false,רקאנטי יסמין אדום,Unknown,,רקאנטי יסמין אדום,,750.00,"100 מ""ל",false,1,44.90,5.95,true,1,9876
7290008670159,false,רקאנטי יסמין לבן,Unknown,,רקאנטי יסמין לבן,,750.00,"100 מ""ל",false,1,44.90,5.95,false,1,28048
7290008690713,false,פריגת אושן ספרי חמוצ,Unknown,,פריגת אושן ספרי חמוצ,,1.12,"1 ק""ג",false,1,15.90,13.93,true,1,24339
7290008693134,false,דניאלה תות 100 גר,Unknown,,דניאלה תות 100 גר,,150.00,"100 מ""ל",false,1,4.50,3.00,true,1,4120
7290008745239,false,תפוציפס קרנצי 50גר,Unknown,,תפוציפס קרנצי 50גר,,50.00,100 גרם,false,1,5.90,11.80,true,1,2326
7290008747431,false,פרה שוקולד תות50,Unknown,,פרה שוקולד תות50,,50.00,100 גרם,false,1,6.90,13.80,true,1,450
7290008747547,false,תפוציפס אק.טבעי200,Unknown,,תפוציפס אק.טבעי200,,200.00,100 גרם,false,1,10.00,5.00,true,1,603
7290008748384,false,ספלנדיד שוקולד מר כש,Unknown,,ספלנדיד שוקולד מר כש,,100.00,100 גרם,false,1,12.90,12.90,true,1,786
7290008749343,false,וופל שחור לבן 400,Unknown,,וופל שחור לבן 400,,400.00,100 גרם,false,1,18.50,4.62,true,1,7360
7290008750264,false,מאסט דובדבן 28,Unknown,,מאסט דובדבן 28,,28.00,100 גרם,false,1,6.00,21.43,true,1,672
7290008750400,false,פרה ש.לבן עוגיה 100ג,Unknown,,פרה ש.לבן עוגיה 100ג,,100.00,100 גרם,false,1,9.00,9.00,true,1,454
7290008750677,false,פרה מגדים תות 100 גר,Unknown,,פרה מגדים תות 100 גר,,100.00,100 גרם,false,1,9.00,9.00,true,1,12784
7290008752244,false,תפוציפס קראנץ גריל,Unknown,,תפוציפס קראנץ גריל,,50.00,100 גרם,false,1,5.90,11.80,true,1,2589
7290008753111,false,תפוציפס אקסט.מקסיקנ,Unknown,,תפוציפס אקסט.מקסיקנ,,50.00,100 גרם,false,1,5.90,11.80,true,1,2158
7290008753876,false,ופל פירורי גבינה 350,Unknown,,ופל פירורי גבינה 350,,350.00,100 גרם,false,1,18.50,5.29,true,1,2480
7290008753883,false,ופל פירורי טרפלס 350,Unknown,,ופל פירורי טרפלס 350,,350.00,100 גרם,false,1,18.50,5.29,true,1,2484
7290008753982,false,פרה ש.חלב אווריר 85,Unknown,,פרה ש.חלב אווריר 85,,85.00,100 גרם,false,1,9.00,10.59,true,1,2706
7290008754415,false,מאסט LLספירמ,Unknown,,מאסט LLספירמ,,28.00,100 גרם,false,1,6.00,21.43,true,1,6336
7290008754422,false,מאסט LL קלאסי 28ג,Unknown,,מאסט LL קלאסי 28ג,,28.00,100 גרם,false,1,6.00,21.43,true,1,6341
7290008754613,false,רולדת שוקולד פרה,Unknown,,רולדת שוקולד פרה,,350.00,100 גרם,false,1,18.90,5.40,true,1,2483
7290008757003,false,שוופס גינגר 250מל,Unknown,,שוופס גינגר 250מל,,250.00,"100 מ""ל",false,1,7.90,3.04,true,1,27471
7290008757010,false,שוופס ביטר 250 מל,Unknown,,שוופס ביטר 250 מל,,250.00,"100 מ""ל",false,1,7.90,3.04,true,1,27472
7290008757027,false,שוופס טוניק 250 מל,Unknown,,שוופס טוניק 250 מל,,250.00,"100 מ""ל",false,1,7.90,3.04,true,1,27473
7290008757034,false,שוופס סודה 250 מל,Unknown,,שוופס סודה 250 מל,,250.00,"100 מ""ל",false,1,6.90,2.64,true,1,3962
7290008775816,false,ערגליות שוקו 300 גר,Unknown,,ערגליות שוקו 300 גר,,300.00,100 גרם,false,1,12.90,4.30,true,1,1128
7290008775823,false,ערגליות תות 300 גר,Unknown,,ערגליות תות 300 גר,,300.00,100 גרם,false,1,12.90,4.30,true,1,1129
7290008801157,false,סלקטד מרלו,Unknown,,סלקטד מרלו,,750.00,"100 מ""ל",false,1,35.00,4.63,true,1,802
7290008801430,false,תירוש אדום ענבים 750,Unknown,,תירוש אדום ענבים 750,,750.00,"100 מ""ל",false,1,20.00,2.63,true,1,811
7290008801843,false,קברנה סובניון-סלקטד,Unknown,,קברנה סובניון-סלקטד,,750.00,"100 מ""ל",false,1,35.00,4.63,true,1,803
7290008801850,false,אמרלד ריזלינג-סלקטד,Unknown,,אמרלד ריזלינג-סלקטד,,750.00,"100 מ""ל",false,1,35.00,4.63,true,1,804
7290008802291,false,מרלו P.C,Unknown,,מרלו P.C,,750.00,"100 מ""ל",false,1,50.00,6.63,true,1,822
7290008802895,false,קברנה סובניון PC 750,Unknown,,קברנה סובניון PC 750,,750.00,"100 מ""ל",false,1,50.00,6.63,true,1,7254
7290008805384,false,ייו מוסקטו סלקטד,Unknown,,ייו מוסקטו סלקטד,,750.00,"100 מ""ל",false,1,35.00,4.63,true,1,18155
7290008805520,false,סלקטד קברנה/מרלו אדו,Unknown,,סלקטד קברנה/מרלו אדו,,750.00,"100 מ""ל",false,1,35.00,4.63,true,1,6087
7290008806305,false,פצפצים-תות בננה וסוכ,Unknown,,פצפצים-תות בננה וסוכ,,97.00,100 גרם,false,1,8.90,9.18,true,1,714
7290008806961,false,קרמיסימו פרה ש.ציפ,Unknown,,קרמיסימו פרה ש.ציפ,,1.33,1 ליטר,false,1,25.00,18.80,true,1,14781
7290008806985,false,נישנושים גלידה 60יח,Unknown,,נישנושים גלידה 60יח,,630.00,100 גרם,false,1,50.00,7.94,true,1,15166
7290008835954,false,אמנון פילה וואקום,Unknown,,אמנון פילה וואקום,קילוגרמים,1.00,"ק""ג",true,1,29.90,0.00,true,1,25920
7290008835961,false,אמנון פילה בוואקום,Unknown,,אמנון פילה בוואקום,קילוגרמים,1.00,"ק""ג",true,1,29.90,0.00,true,1,25921
7290008855051,false,טליאטלה ביצים מעדניה,Unknown,,טליאטלה ביצים מעדניה,,1.00,יחידה,false,1,27.90,27.90,false,1,26684
7290008855105,false,ספגטי ביצים מעדניה,Unknown,,ספגטי ביצים מעדניה,,1.00,יחידה,false,1,27.90,27.90,false,1,26685
7290008855136,false,ניוקי תפוא מעדניה,Unknown,,ניוקי תפוא מעדניה,,1.00,יחידה,false,1,27.90,27.90,false,1,26686
7290008855143,false,ניוקי בטטה מעדניה,Unknown,,ניוקי בטטה מעדניה,,1.00,יחידה,false,1,27.90,27.90,false,1,26687
7290008855204,false,רביולי עיזים מעדניה,Unknown,,רביולי עיזים מעדניה,,1.00,יחידה,false,1,42.90,42.90,false,1,26617
7290008855228,false,רביולי בטטה חלבי,Unknown,,רביולי בטטה חלבי,,1.00,יחידה,false,1,42.90,42.90,false,1,26618
7290008855297,false,רביולי פרמזן מעדניה,Unknown,,רביולי פרמזן מעדניה,,1.00,יחידה,false,1,42.90,42.90,false,1,26619
7290008855303,false,קנלוני תרד מעדניה,Unknown,,קנלוני תרד מעדניה,,1.00,יחידה,false,1,42.90,42.90,false,1,26620
7290008855327,false,טורטליני גבינות,Unknown,,טורטליני גבינות,,1.00,יחידה,false,1,42.90,42.90,false,1,26621
7290008855332,false,רביולי מוצרלה מעדניה,Unknown,,רביולי מוצרלה מעדניה,,1.00,יחידה,false,1,42.90,42.90,false,1,26622
7290008855358,false,קנלוני גבינות מעדניה,Unknown,,קנלוני גבינות מעדניה,,1.00,יחידה,false,1,42.90,42.90,false,1,26623
7290008855402,false,פפרדלה ביצים מעדניה,Unknown,,פפרדלה ביצים מעדניה,,1.00,יחידה,false,1,27.90,27.90,false,1,26688
7290008855419,false,רוטב עגבניות 250 מל,Unknown,,רוטב עגבניות 250 מל,,1.00,יחידה,false,1,24.90,24.90,false,1,26689
7290008855426,false,רוטב אלפרדו 250 מל,Unknown,,רוטב אלפרדו 250 מל,,1.00,יחידה,false,1,29.90,29.90,false,1,26624
7290008855433,false,רוטב פסטו 250 מל,Unknown,,רוטב פסטו 250 מל,,1.00,יחידה,false,1,33.90,33.90,false,1,26625
7290008855440,false,רוטב שמנת ועגבניות,Unknown,,רוטב שמנת ועגבניות,,1.00,יחידה,false,1,29.90,29.90,false,1,26690
7290008855457,false,רוטב פטריות 250 מל,Unknown,,רוטב פטריות 250 מל,,1.00,יחידה,false,1,29.90,29.90,false,1,26691
7290008855471,false,פטוציני ביצים מעדנה,Unknown,,פטוציני ביצים מעדנה,,1.00,יחידה,false,1,27.90,27.90,false,1,26692
7290008855488,false,רוטב פורמגו 250 מל,Unknown,,רוטב פורמגו 250 מל,,1.00,יחידה,false,1,29.90,29.90,false,1,26693
7290008855495,false,רוטב בטטה ודלעת,Unknown,,רוטב בטטה ודלעת,,1.00,יחידה,false,1,29.90,29.90,false,1,26694
7290008855518,false,רביולי תרד חלבי,Unknown,,רביולי תרד חלבי,,1.00,יחידה,false,1,42.90,42.90,false,1,26626
7290008855525,false,רביולי פטריות חלבי,Unknown,,רביולי פטריות חלבי,,1.00,יחידה,false,1,42.90,42.90,false,1,26627
7290008855563,false,רביולי פורמגו מעדנה,Unknown,,רביולי פורמגו מעדנה,,1.00,יחידה,false,1,42.90,42.90,false,1,26628
7290008855583,false,רביולי ריקוטה מעדניה,Unknown,,רביולי ריקוטה מעדניה,,1.00,יחידה,false,1,42.90,42.90,false,1,26629
7290008855617,false,רביולי ערמונים מעדנה,Unknown,,רביולי ערמונים מעדנה,,1.00,יחידה,false,1,42.90,42.90,false,1,26630
7290008855662,false,רביולי ריקוטה ובצל,Unknown,,רביולי ריקוטה ובצל,,1.00,יחידה,false,1,42.90,42.90,false,1,26631
7290008855754,false,רביולי ארטישוק חלבי,Unknown,,רביולי ארטישוק חלבי,,1.00,יחידה,false,1,42.90,42.90,false,1,26632
7290008855891,false,קזרצי ביצים מעדניה,Unknown,,קזרצי ביצים מעדניה,,1.00,יחידה,false,1,27.90,27.90,false,1,26695
7290008909723,false,בירה טובורג 330 6יח,Unknown,,בירה טובורג 330 6יח,,1.98,1 ליטר,false,1,49.90,24.29,true,1,20055
7290008909761,false,קרלסברג בקבוק 330,Unknown,,קרלסברג בקבוק 330,,330.00,"100 מ""ל",false,1,15.90,4.73,true,1,8417
7290008909853,false,קוקה קולה 0.5 ZERO,Unknown,,קוקה קולה 0.5 ZERO,,500.00,"100 מ""ל",false,1,9.90,1.92,true,1,8589
7290008909884,false,קוקה קולה ZERO קלאסי,Unknown,,קוקה קולה ZERO קלאסי,,350.00,"100 מ""ל",false,1,9.90,2.74,true,1,12705
7290008975551,false,מטרנה חסכון שלב 3,Unknown,,מטרנה חסכון שלב 3,,700.00,100 גרם,false,1,65.00,9.29,true,1,24875
7290009004298,false,דובדבן אדום,Unknown,,דובדבן אדום,,300.00,100 גרם,false,1,24.90,8.30,false,1,27275
7290009018004,false,פיקדון בקבוק,Unknown,,פיקדון בקבוק,,0.00,,false,1,0.30,0.00,false,1,24234
7290015475013,false,פחם 2 קג הדר השרון,Unknown,,פחם 2 קג הדר השרון,,2.00,"1 ק""ג",false,1,20.00,10.00,true,1,21001
7290016948127,false,מסכות שחורות 50 יח,Unknown,,מסכות שחורות 50 יח,,50.00,יחידה,false,1,17.90,0.36,false,1,22942
7290100230145,false,חלה מתוקה קלועה בונ,Unknown,,חלה מתוקה קלועה בונ,,550.00,100 גרם,false,1,15.50,2.82,false,1,23541
7290100235317,false,סמבוסק פיצה אישי,Unknown,,סמבוסק פיצה אישי,,0.00,,false,1,10.00,0.00,false,1,27071
7290100235324,false,עוגת בריוש גבינה,Unknown,,עוגת בריוש גבינה,,550.00,100 גרם,false,1,29.90,5.44,true,1,15378
7290100235478,false,לחם דגנים אפוי,Unknown,,לחם דגנים אפוי,,520.00,100 גרם,false,1,14.50,2.79,true,1,23540
7290100235492,false,לחם שיפון רוסי,Unknown,,לחם שיפון רוסי,,575.00,100 גרם,false,1,15.00,2.61,true,1,23539
7290100235591,false,לחמניה ח.מלאה,Unknown,,לחמניה ח.מלאה,,120.00,100 גרם,false,1,3.90,3.25,true,1,27678
7290100240137,false,בדין כחול ספריי,Unknown,,בדין כחול ספריי,,500.00,"100 מ""ל",false,1,23.00,4.60,true,1,24524
7290100240632,false,פתית 6 דגנים בדצ,Unknown,,פתית 6 דגנים בדצ,,250.00,100 גרם,false,1,21.00,8.40,true,1,13029
7290100243671,false,בדין אקסטרה כחול 960,Unknown,,בדין אקסטרה כחול 960,,960.00,"100 מ""ל",false,1,18.90,1.97,true,1,12339
7290100245231,false,נמס בכוס ט.עוף,Unknown,,נמס בכוס ט.עוף,,50.00,100 גרם,false,1,9.00,18.00,true,1,24385
7290100246023,false,כריות נוגט כשר לפסח,Unknown,,כריות נוגט כשר לפסח,,500.00,100 גרם,false,1,31.90,6.38,true,1,14202
7290100249086,false,קליק נוגט לבן,Unknown,,קליק נוגט לבן,,35.00,100 גרם,false,1,7.50,21.43,true,1,13436
7290100653463,false,פלמוליב ספא מסאג500,Unknown,,פלמוליב ספא מסאג500,,500.00,"100 מ""ל",false,1,22.00,4.40,true,1,24782
7290100653586,false,ליידי ס.סטיק 24/7,Unknown,,ליידי ס.סטיק 24/7,,65.00,100 גרם,false,1,21.90,33.69,true,1,21123
7290100680650,false,מנה חמה נודלס+ירקות,Unknown,,מנה חמה נודלס+ירקות,,76.00,100 גרם,false,1,10.00,13.16,true,1,13944
7290100680667,false,מנה חמה נודלס סצואן,Unknown,,מנה חמה נודלס סצואן,,67.00,100 גרם,false,1,10.00,14.93,true,1,13030
7290100680728,false,אסם פירורית 350 גרם,Unknown,,אסם פירורית 350 גרם,,350.00,100 גרם,false,1,9.00,2.57,true,1,23685
7290100681015,false,אסם פודינג ר.חלב,Unknown,,אסם פודינג ר.חלב,,84.00,100 גרם,false,1,6.90,8.21,true,1,24909
7290100681138,false,מארז אפרופו*3 יח,Unknown,,מארז אפרופו*3 יח,,450.00,100 גרם,false,1,16.50,3.67,true,1,15069
7290100685068,false,אסם פודינג וניל פצפו,Unknown,,אסם פודינג וניל פצפו,,110.00,100 גרם,false,1,8.90,8.09,true,1,24910
7290100685136,false,מרק טעם עוף,Unknown,,מרק טעם עוף,,1.00,"1 ק""ג",false,1,19.00,19.00,true,1,24911
7290100685334,false,מרק עוף אמיתי אסם,Unknown,,מרק עוף אמיתי אסם,,400.00,100 גרם,false,1,33.90,8.48,true,1,24341
7290100686171,false,ביסלי גריל 6 יח-מארז,Unknown,,ביסלי גריל 6 יח-מארז,,210.00,100 גרם,false,1,17.50,8.33,true,1,16830
7290100687109,false,במבה במילוי נוגט,Unknown,,במבה במילוי נוגט,,60.00,100 גרם,false,1,7.90,13.17,true,1,8925
7290100689301,false,עדיף זך טעם עוף 400ג,Unknown,,עדיף זך טעם עוף 400ג,,400.00,100 גרם,false,1,19.90,4.97,true,1,24537
7290100700020,false,גריסי פנינה,Unknown,,גריסי פנינה,,500.00,100 גרם,false,1,6.50,1.30,true,1,24323
7290100700075,false,פירורי לחם מוזהבים,Unknown,,פירורי לחם מוזהבים,,200.00,100 גרם,false,1,4.50,2.25,true,1,24912
7290100700273,false,סוגת קינואה 500 גרם,Unknown,,סוגת קינואה 500 גרם,,500.00,100 גרם,false,1,23.00,4.60,true,1,20831
7290100700372,false,אורז בסמטי מלא,Unknown,,אורז בסמטי מלא,,1.00,"1 ק""ג",false,1,18.00,18.00,true,1,24913
7290100700396,false,סוגת אורז יסמין,Unknown,,סוגת אורז יסמין,,1.00,"1 ק""ג",false,1,13.00,13.00,true,1,20838
7290100700587,false,סוגת בורגול 500גר,Unknown,,סוגת בורגול 500גר,,500.00,100 גרם,false,1,6.00,1.20,true,1,20839
7290100701157,false,אורז סושי 1 קג סוגת,Unknown,,אורז סושי 1 קג סוגת,,1.00,"1 ק""ג",false,1,13.00,13.00,true,1,24783
7290100701300,false,קינואה אדומה,Unknown,,קינואה אדומה,,500.00,100 גרם,false,1,16.90,3.38,true,1,24914
7290100701331,false,קמח רב תכליתי,Unknown,,קמח רב תכליתי,,1.00,"1 ק""ג",false,1,8.90,8.90,true,1,24162
7290100701454,false,גרישה,Unknown,,גרישה,,500.00,100 גרם,false,1,5.50,1.10,true,1,24915
7290100701874,false,סוגת קמח כוסמין 1קג,Unknown,,סוגת קמח כוסמין 1קג,,1.00,"1 ק""ג",false,1,16.50,16.50,true,1,24784
7290100702611,false,פתיתים אורז סוגת,Unknown,,פתיתים אורז סוגת,,500.00,100 גרם,false,1,6.00,1.20,true,1,24785
7290100702628,false,פתיתים קוסקוס סוגת,Unknown,,פתיתים קוסקוס סוגת,,500.00,100 גרם,false,1,6.00,1.20,true,1,24786
7290100702987,false,שיבולת שועל סוגת,Unknown,,שיבולת שועל סוגת,,500.00,100 גרם,false,1,6.50,1.30,true,1,24616
7290100703007,false,עדשים שחורות בלוגה,Unknown,,עדשים שחורות בלוגה,,500.00,100 גרם,false,1,9.90,1.98,true,1,24916
7290100703670,false,סוגת קמח כוסמין מלא,Unknown,,סוגת קמח כוסמין מלא,,1.00,"1 ק""ג",false,1,16.50,16.50,true,1,24787
7290100704141,false,סודה לשתייה 100 גרם,Unknown,,סודה לשתייה 100 גרם,,100.00,100 גרם,false,1,3.50,3.50,true,1,20439
7290100825716,false,כפפות לטקס 100 Lיח,Unknown,,כפפות לטקס 100 Lיח,,100.00,יחידה,false,1,35.00,0.35,false,1,20842
7290100850008,false,פרה ש.סוכריות קופצות,Unknown,,פרה ש.סוכריות קופצות,,90.00,100 גרם,false,1,9.00,10.00,true,1,3849
7290100850336,false,שקית מיני פ.זמן 195ג,Unknown,,שקית מיני פ.זמן 195ג,,195.00,100 גרם,false,1,17.90,9.18,true,1,12455
7290100850343,false,מקופלת מיני שוק.חלב,Unknown,,מקופלת מיני שוק.חלב,,200.00,100 גרם,false,1,16.90,8.45,true,1,24788
7290100850411,false,מיקס מעורב 190גר,Unknown,,מיקס מעורב 190גר,,190.00,100 גרם,false,1,17.90,9.42,true,1,4131
7290100850909,false,דוריטוס נאצו 70 גר,Unknown,,דוריטוס נאצו 70 גר,,70.00,100 גרם,false,1,6.90,9.86,true,1,12651
7290100850916,false,דוריטוס חמוץ חריף 70,Unknown,,דוריטוס חמוץ חריף 70,,70.00,100 גרם,false,1,6.90,9.86,true,1,8782
7290100850923,false,דוריטוס גריל 70ג,Unknown,,דוריטוס גריל 70ג,,70.00,100 גרם,false,1,6.90,9.86,true,1,8781
7290100850930,false,דוריטוס דיפ טבעי 70ג,Unknown,,דוריטוס דיפ טבעי 70ג,,70.00,100 גרם,false,1,6.90,9.86,true,1,8779
7290100853689,false,בראוניס שוקולד עשירה,Unknown,,בראוניס שוקולד עשירה,,380.00,100 גרם,false,1,20.50,5.39,true,1,6414
7290100858592,false,קקאו שקית 150 גר,Unknown,,קקאו שקית 150 גר,,150.00,100 גרם,false,1,12.50,8.33,true,1,13045
7290101101176,false,פלפל טינקרבל,Unknown,,פלפל טינקרבל,,0.00,,false,1,12.90,0.00,true,1,23410
7290101112556,false,פופסיקל אננס,Unknown,,פופסיקל אננס,,82.00,100 גרם,false,1,9.90,12.07,true,1,27627
7290101113164,false,שלגון גלידל ו.עוגיות,Unknown,,שלגון גלידל ו.עוגיות,,48.00,100 גרם,false,1,9.90,20.63,true,1,27628
7290101113522,false,שלגון גלידל שוקלד,Unknown,,שלגון גלידל שוקלד,,52.00,100 גרם,false,1,9.90,19.04,true,1,27629
7290101113539,false,טילון יולו ל.שוקולד,Unknown,,טילון יולו ל.שוקולד,,80.00,100 גרם,false,1,9.90,12.38,true,1,27630
7290101113546,false,טילון יולו ע.שוקולד,Unknown,,טילון יולו ע.שוקולד,,80.00,100 גרם,false,1,9.90,12.38,true,1,27631
7290101113553,false,טילון גדול ש.חלב,Unknown,,טילון גדול ש.חלב,,112.00,100 גרם,false,1,12.50,11.16,true,1,27632
7290101113560,false,טילון גדול נ.שוקולד,Unknown,,טילון גדול נ.שוקולד,,112.00,100 גרם,false,1,12.50,11.16,true,1,27633
7290101113577,false,טילון גדול ק.עוגיות,Unknown,,טילון גדול ק.עוגיות,,112.00,100 גרם,false,1,12.50,11.16,true,1,27634
7290101113645,false,פופסיקל פירות טרופי,Unknown,,פופסיקל פירות טרופי,,82.00,100 גרם,false,1,9.90,12.07,true,1,27635
7290101113690,false,יולו ש.לבן ק.בלונד,Unknown,,יולו ש.לבן ק.בלונד,,75.00,100 גרם,false,1,12.50,16.67,true,1,27636
7290101113706,false,יולו ש.חלב צ.וופל,Unknown,,יולו ש.חלב צ.וופל,,50.00,100 גרם,false,1,12.50,25.00,true,1,27637
7290101113720,false,יולו ש.לבן ועוגיות,Unknown,,יולו ש.לבן ועוגיות,,75.00,100 גרם,false,1,12.50,16.67,true,1,27638
7290101113775,false,יופלה שייק פ.תות,Unknown,,יופלה שייק פ.תות,,70.00,100 גרם,false,1,9.90,14.14,true,1,27639
7290101113782,false,יופלה פריזי אננס,Unknown,,יופלה פריזי אננס,,70.00,100 גרם,false,1,9.90,14.14,true,1,27640
7290101113799,false,יופלה פריזי מנגו,Unknown,,יופלה פריזי מנגו,,70.00,100 גרם,false,1,9.90,14.14,true,1,27641
7290101450221,false,סוכריות קופצות לקקן,Unknown,,סוכריות קופצות לקקן,,11.00,100 גרם,false,1,4.00,36.36,true,1,8141
7290101450900,false,נרות גמבו כוכבים,Unknown,,נרות גמבו כוכבים,,0.00,,false,1,7.00,0.00,true,1,24348
7290101488323,false,ליידי ס.סטיק ירוק,Unknown,,ליידי ס.סטיק ירוק,,96.00,100 גרם,false,1,21.90,22.81,true,1,24419
7290101551027,false,עלית ת. נספרסו 14,Unknown,,עלית ת. נספרסו 14,,10.00,יחידה,false,1,16.50,1.65,true,1,22065
7290101551263,false,יד מרדכי סילאן טבעי,Unknown,,יד מרדכי סילאן טבעי,,700.00,100 גרם,false,1,28.00,4.00,true,1,24789
7290101551300,false,יד מרדכי סילאן 380ג,Unknown,,יד מרדכי סילאן 380ג,,380.00,100 גרם,false,1,19.00,5.00,true,1,24790
7290101551539,false,דנונה פרו אפרסק 20ג,Unknown,,דנונה פרו אפרסק 20ג,,200.00,100 גרם,false,1,6.90,3.45,true,1,22216
7290101551584,false,תפוציפיס קידס 10*20ג,Unknown,,תפוציפיס קידס 10*20ג,,200.00,100 גרם,false,1,17.90,8.95,true,1,24791
7290101551607,false,שוש מארז 10 * 25 גרם,Unknown,,שוש מארז 10 * 25 גרם,,250.00,100 גרם,false,1,17.90,7.16,true,1,24792
7290101551638,false,ציטוס כאפה 10*20גר,Unknown,,ציטוס כאפה 10*20גר,,200.00,100 גרם,false,1,17.90,8.95,true,1,24794
7290101551645,false,ציטוס איקסעיגול10*20,Unknown,,ציטוס איקסעיגול10*20,,200.00,100 גרם,false,1,17.90,8.95,true,1,24795
7290101551904,false,סבבה חמוץ חריף 50,Unknown,,סבבה חמוץ חריף 50,,50.00,100 גרם,false,1,3.00,6.00,true,1,19483
7290101864127,false,קליה אוקסי ספריי,Unknown,,קליה אוקסי ספריי,,750.00,"100 מ""ל",false,1,18.00,2.40,true,1,23929
7290101866633,false,וניש קליה גל 3 ל,Unknown,,וניש קליה גל 3 ל,,3.00,1 ליטר,false,1,28.90,9.63,false,1,24521
7290101869788,false,אירוויק ספרי אואזיס,Unknown,,אירוויק ספרי אואזיס,,250.00,"100 מ""ל",false,1,20.00,8.00,true,1,24522
7290101869795,false,אירוויק ספרי חלום,Unknown,,אירוויק ספרי חלום,,250.00,"100 מ""ל",false,1,20.00,8.00,true,1,24523
7290101980919,false,ביצי שוקולד צעצוע*3,Unknown,,ביצי שוקולד צעצוע*3,,60.00,100 גרם,false,1,17.50,29.17,true,1,14073
7290101982470,false,ממתק רולר 30 מל,Unknown,,ממתק רולר 30 מל,,30.00,"100 מ""ל",false,1,7.90,26.33,true,1,27530
7290101984412,false,זיקוק מספר,Unknown,,זיקוק מספר,,0.00,,false,1,5.00,0.00,true,1,24439
7290101985778,false,צמד ספריי נחש,Unknown,,צמד ספריי נחש,,16.00,"100 מ""ל",false,1,9.90,61.88,true,1,14128
7290102031276,false,אקטימל 8 תות בננה,Unknown,,אקטימל 8 תות בננה,,800.00,"100 מ""ל",false,1,26.00,3.25,true,1,24333
7290102035007,false,מאסט בזוקה 28,Unknown,,מאסט בזוקה 28,,28.00,100 גרם,false,1,6.00,21.43,true,1,9072
7290102300815,false,גבינת צדר א.כתומה,Unknown,,גבינת צדר א.כתומה,,200.00,100 גרם,false,1,22.90,11.45,true,1,26197
7290102300822,false,סיימון גבינת צדר,Unknown,,סיימון גבינת צדר,,200.00,100 גרם,false,1,21.90,10.95,true,1,26106
7290102300853,false,צדר אנגלי לבן פרוס,Unknown,,צדר אנגלי לבן פרוס,,200.00,100 גרם,false,1,24.90,12.45,true,1,26198
7290102300860,false,גבינת צדר א.לבן,Unknown,,גבינת צדר א.לבן,,200.00,100 גרם,false,1,21.90,10.95,true,1,26199
7290102301881,false,טרטר ג.שום ע.תיבול,Unknown,,טרטר ג.שום ע.תיבול,,150.00,100 גרם,false,1,19.90,13.27,true,1,26200
7290102302246,false,גאודה מילד 200 ג,Unknown,,גאודה מילד 200 ג,,200.00,100 גרם,false,1,23.90,11.95,true,1,26201
7290102302253,false,ג.גאודה עיזים ח.קשה,Unknown,,ג.גאודה עיזים ח.קשה,,200.00,100 גרם,false,1,32.90,16.45,true,1,26202
7290102302260,false,גרנה פדנו 200 גרם,Unknown,,גרנה פדנו 200 גרם,,200.00,100 גרם,false,1,32.90,16.45,true,1,26203
7290102302932,false,טבעונית קלאסית 150ג,Unknown,,טבעונית קלאסית 150ג,,150.00,100 גרם,false,1,19.90,13.27,true,1,26204
7290102302949,false,טבעונית עיזים 150ג,Unknown,,טבעונית עיזים 150ג,,150.00,100 גרם,false,1,19.90,13.27,true,1,26205
7290102302963,false,טבעונית עשבי תיבול,Unknown,,טבעונית עשבי תיבול,,150.00,100 גרם,false,1,19.90,13.27,true,1,26206
7290102302987,false,טבעונית בסגנון צדר,Unknown,,טבעונית בסגנון צדר,,150.00,100 גרם,false,1,19.90,13.27,true,1,26207
7290102302994,false,טבעונית סגנון פטה,Unknown,,טבעונית סגנון פטה,,300.00,100 גרם,false,1,29.90,9.97,true,1,26208
7290102303687,false,גבינה בולגרית 20%,Unknown,,גבינה בולגרית 20%,,250.00,100 גרם,false,1,21.90,8.76,true,1,26209
7290102303694,false,גבינה בולגרית ח.עזים,Unknown,,גבינה בולגרית ח.עזים,,250.00,100 גרם,false,1,26.90,10.76,true,1,26210
7290102303700,false,ג.בולגרית ח.כבשים,Unknown,,ג.בולגרית ח.כבשים,,250.00,100 גרם,false,1,27.90,11.16,true,1,26211
7290102303717,false,גלילון טבעוני פלפל,Unknown,,גלילון טבעוני פלפל,,100.00,100 גרם,false,1,21.90,21.90,true,1,26212
7290102303724,false,גלילון טבעוני פפריקה,Unknown,,גלילון טבעוני פפריקה,,150.00,100 גרם,false,1,19.90,13.27,true,1,26213
7290102303731,false,גלילון טבעוני עירית,Unknown,,גלילון טבעוני עירית,,100.00,100 גרם,false,1,21.90,21.90,true,1,26214
7290102303748,false,גלילון ט.ע.תיבול,Unknown,,גלילון ט.ע.תיבול,,150.00,100 גרם,false,1,19.90,13.27,true,1,26215
7290102303854,false,טבעונית גאיה מוצרלה,Unknown,,טבעונית גאיה מוצרלה,,150.00,100 גרם,false,1,19.90,13.27,true,1,26216
7290102303861,false,טבעונית גאיה מעושן,Unknown,,טבעונית גאיה מעושן,,150.00,100 גרם,false,1,19.90,13.27,true,1,26217
7290102303878,false,חמאה נורמנדי,Unknown,,חמאה נורמנדי,,200.00,100 גרם,false,1,17.90,8.95,true,1,26078
7290102390427,false,מולר תות 3%,Unknown,,מולר תות 3%,,150.00,"100 מ""ל",false,1,6.00,4.00,true,1,9125
7290102390465,false,מולר אפרסק פסיפלו3%,Unknown,,מולר אפרסק פסיפלו3%,,150.00,"100 מ""ל",false,1,6.00,4.00,true,1,9123
7290102390489,true,מולר לימון 3%,Unknown,,מולר לימון 3%,,0.00,,false,,5.70,0.00,true,1,23912
7290102391844,false,מולר פירות יער,Unknown,,מולר פירות יער,,150.00,100 גרם,false,1,6.00,4.00,false,1,23847
7290102392094,false,חלב עיזים מלא צוריאל,Unknown,,חלב עיזים מלא צוריאל,,1.00,1 ליטר,false,1,18.90,18.90,true,1,24099
7290102392254,false,חלב בקרטון 1%,Unknown,,חלב בקרטון 1%,,2.00,1 ליטר,false,1,11.72,5.86,true,1,27519
7290102392711,false,מולר יוגורט לבן טבעי,Unknown,,מולר יוגורט לבן טבעי,,200.00,"100 מ""ל",false,1,4.30,2.15,true,1,23848
7290102393039,false,מולר mix עם פצפוצי,Unknown,,מולר mix עם פצפוצי,,170.00,100 גרם,false,1,7.70,4.53,true,1,11580
7290102393060,false,מולר mix עם גליליות,Unknown,,מולר mix עם גליליות,,170.00,100 גרם,false,1,7.70,4.53,true,1,11581
7290102393169,false,סימפלי פרוט תות שדה,Unknown,,סימפלי פרוט תות שדה,,150.00,100 גרם,false,1,6.00,4.00,true,1,26780
7290102393176,false,סימפלי פרוט אפרסק,Unknown,,סימפלי פרוט אפרסק,,150.00,100 גרם,false,1,6.00,4.00,true,1,26744
7290102393190,false,מולר סימפלי פרוט יער,Unknown,,מולר סימפלי פרוט יער,,150.00,"100 מ""ל",false,1,5.70,3.80,true,1,23827
7290102393299,false,יוגורט עיזים לשתייה,Unknown,,יוגורט עיזים לשתייה,,500.00,"100 מ""ל",false,1,15.90,3.18,true,1,23852
7290102393718,false,צוריאל חלומי חלב,Unknown,,צוריאל חלומי חלב,,200.00,100 גרם,false,1,24.90,12.45,true,1,26801
7290102393848,false,צוריאל יוגורט עיזים,Unknown,,צוריאל יוגורט עיזים,,150.00,100 גרם,false,1,7.30,4.87,true,1,26802
7290102393855,false,יוגורט עיזים ואפרסק,Unknown,,יוגורט עיזים ואפרסק,,150.00,100 גרם,false,1,7.30,4.87,true,1,26783
7290102393947,false,יוגורט סימפלי קיווי,Unknown,,יוגורט סימפלי קיווי,,176.00,100 גרם,false,1,6.00,3.41,true,1,23855
7290102394081,false,מולר מיקס +קורנפלקס,Unknown,,מולר מיקס +קורנפלקס,,170.00,100 גרם,false,1,7.30,4.29,true,1,20714
7290102394258,false,מה עז 9% 180 גרם,Unknown,,מה עז 9% 180 גרם,,188.00,100 גרם,false,1,27.90,14.84,true,1,26784
7290102394463,false,גבינה צהובה נעם 500,Unknown,,גבינה צהובה נעם 500,,533.00,100 גרם,false,1,31.90,5.98,true,1,23853
7290102394814,false,טרה חמאה 200ג,Unknown,,טרה חמאה 200ג,,200.00,100 גרם,false,1,8.30,4.15,false,1,23952
7290102394821,false,נעם ג.צהובה דק דק28%,Unknown,,נעם ג.צהובה דק דק28%,,200.00,100 גרם,false,1,17.90,8.95,true,1,15279
7290102394845,false,נעם ג.צהובה דק דק 9%,Unknown,,נעם ג.צהובה דק דק 9%,,200.00,100 גרם,false,1,19.90,9.95,true,1,23531
7290102395101,false,ממרח גבינה ושוקולד,Unknown,,ממרח גבינה ושוקולד,,200.00,100 גרם,false,1,13.00,6.50,false,1,26781
7290102395446,false,מ.חלב מוו וניל וקצפת,Unknown,,מ.חלב מוו וניל וקצפת,,123.00,100 גרם,false,1,3.30,2.68,true,1,25693
7290102395477,false,מו שוקולד עם קצפת,Unknown,,מו שוקולד עם קצפת,,144.00,100 גרם,false,1,3.30,2.29,true,1,23850
7290102396399,false,מוו מעדן שוקולד,Unknown,,מוו מעדן שוקולד,,100.00,100 גרם,false,1,16.60,16.60,false,1,26787
7290102396405,false,+וו מעדן וניל,Unknown,,+וו מעדן וניל,,100.00,100 גרם,false,1,16.60,16.60,false,1,26788
7290102396665,false,נעם גבנצ דק דק  15%,Unknown,,נעם גבנצ דק דק  15%,,200.00,100 גרם,false,1,19.50,9.75,true,1,23860
7290102396788,false,מו שוקו שקית 200מל,Unknown,,מו שוקו שקית 200מל,,200.00,"100 מ""ל",false,1,4.00,2.00,true,1,15866
7290102396948,false,טרה חלב קרטון 3% 1ל,Unknown,,טרה חלב קרטון 3% 1ל,,1.00,1 ליטר,false,1,6.23,6.23,false,1,15960
7290102396955,false,חלב בקרטון 3%,Unknown,,חלב בקרטון 3%,,2.00,1 ליטר,false,1,12.46,6.23,true,1,27520
7290102396962,false,תנובה חלב שקית 3%,Unknown,,תנובה חלב שקית 3%,,1.00,1 ליטר,false,1,5.43,5.43,false,1,15959
7290102397204,false,נעם צהובה דק דק 22%,Unknown,,נעם צהובה דק דק 22%,,200.00,100 גרם,false,1,19.00,9.50,true,1,23861
7290102397334,false,צוריאל בולגרית,Unknown,,צוריאל בולגרית,,250.00,100 גרם,false,1,27.90,11.16,true,1,26803
7290102397341,false,צוריאל בולגרית,Unknown,,צוריאל בולגרית,,250.00,100 גרם,false,1,27.90,11.16,true,1,26804
7290102397464,false,מולר נטורל+פקאן,Unknown,,מולר נטורל+פקאן,,150.00,100 גרם,false,1,7.70,5.13,false,1,26789
7290102397600,false,מולר מיקס שקדים+בוטן,Unknown,,מולר מיקס שקדים+בוטן,,170.00,100 גרם,false,1,7.30,4.29,true,1,24489
7290102397617,false,מולר מיקס כדורים,Unknown,,מולר מיקס כדורים,,170.00,100 גרם,false,1,7.70,4.53,true,1,23898
7290102397679,false,קוטג וחצי טרה 5%,Unknown,,קוטג וחצי טרה 5%,,391.00,100 גרם,false,1,8.80,2.25,true,1,23856
7290102397730,false,גבינת אמנטל נעם 30%,Unknown,,גבינת אמנטל נעם 30%,,230.00,100 גרם,false,1,19.90,8.65,true,1,23857
7290102397891,false,גבינה מותכת 100 גרם,Unknown,,גבינה מותכת 100 גרם,,100.00,100 גרם,false,1,8.80,8.80,true,1,24070
7290102398065,false,חלב טרה  3% 2ל,Unknown,,חלב טרה  3% 2ל,,2.00,1 ליטר,false,1,12.46,6.23,true,1,22985
7290102398072,false,טרה חלב 3% 1למהדרין,Unknown,,טרה חלב 3% 1למהדרין,,1.00,1 ליטר,false,1,6.23,6.23,false,1,18080
7290102398096,false,חמאה 200 ג וסטהיים,Unknown,,חמאה 200 ג וסטהיים,,200.00,100 גרם,false,1,7.88,3.94,false,1,22781
7290102398140,false,מ.רייס מעדן חלב אורז,Unknown,,מ.רייס מעדן חלב אורז,,176.00,100 גרם,false,1,5.70,3.24,true,1,22223
7290102398188,false,מולר רייס תות,Unknown,,מולר רייס תות,,176.00,100 גרם,false,1,5.70,3.24,true,1,22210
7290102398287,false,מולר ביו פרופ תות,Unknown,,מולר ביו פרופ תות,,150.00,100 גרם,false,1,6.00,4.00,false,1,26790
7290102398294,false,מולר ביו פרופ,Unknown,,מולר ביו פרופ,,150.00,100 גרם,false,1,6.00,4.00,false,1,26791
7290102398560,false,שוקו טרה בבקבוק 1 ל,Unknown,,שוקו טרה בבקבוק 1 ל,,1.00,1 ליטר,false,1,13.50,13.50,false,1,23858
7290102398577,false,שוקו טרה בבקבוק אישי,Unknown,,שוקו טרה בבקבוק אישי,,250.00,"100 מ""ל",false,1,7.20,2.88,true,1,23859
7290102398614,false,משקה חלב בטעם בננה1ל,Unknown,,משקה חלב בטעם בננה1ל,,1.00,1 ליטר,false,1,13.50,13.50,false,1,23862
7290102398638,false,משקה חלב בטעם מוקה1ל,Unknown,,משקה חלב בטעם מוקה1ל,,1.00,1 ליטר,false,1,13.50,13.50,false,1,23863
7290102398782,false,צוריאל סויה קלאסי 1ל,Unknown,,צוריאל סויה קלאסי 1ל,,1.00,1 ליטר,false,1,12.90,12.90,false,1,25807
7290102398805,false,צוריאל סויה טעם וניל,Unknown,,צוריאל סויה טעם וניל,,1.00,1 ליטר,false,1,12.90,12.90,false,1,25808
7290102398836,false,צוריאל שקדים קלאסי 1,Unknown,,צוריאל שקדים קלאסי 1,,1.00,1 ליטר,false,1,13.90,13.90,false,1,25809
7290102399048,false,נעם קאשקבל,Unknown,,נעם קאשקבל,,200.00,100 גרם,false,1,26.30,13.15,false,1,26792
7290102399635,false,מולר פרופ קוקוס,Unknown,,מולר פרופ קוקוס,,150.00,100 גרם,false,1,6.00,4.00,false,1,26793
7290102399680,false,חלב בבקבוק 3% 1 ל,Unknown,,חלב בבקבוק 3% 1 ל,,1.00,1 ליטר,false,1,6.23,6.23,false,1,20917
7290102399772,false,ממרח חמאת מולר 250ג,Unknown,,ממרח חמאת מולר 250ג,,250.00,100 גרם,false,1,22.90,9.16,false,1,25810
7290102399796,false,מולר אקטיב יוגורט,Unknown,,מולר אקטיב יוגורט,,200.00,100 גרם,false,1,6.90,3.45,false,1,26794
7290102399802,false,מולר אקטיב יוגורט,Unknown,,מולר אקטיב יוגורט,,200.00,100 גרם,false,1,6.90,3.45,false,1,26795
7290102399819,false,מולר אקטיב פירות יער,Unknown,,מולר אקטיב פירות יער,,200.00,100 גרם,false,1,6.90,3.45,false,1,26796
7290103120658,false,ספיד סטיק גל,Unknown,,ספיד סטיק גל,,130.00,100 גרם,false,1,21.90,16.85,true,1,24430
7290103400378,false,עוגת בראוניז כשלפ,Unknown,,עוגת בראוניז כשלפ,,380.00,100 גרם,false,1,18.90,4.97,true,1,12612
7290103401429,false,קפה קצב ברזילאי,Unknown,,קפה קצב ברזילאי,,200.00,100 גרם,false,1,38.00,19.00,true,1,24380
7290103402853,false,אצבעות חלב מגדים,Unknown,,אצבעות חלב מגדים,,96.00,100 גרם,false,1,10.00,10.42,true,1,24232
7290103403744,false,גזר 400ג שטראוס בדץ,Unknown,,גזר 400ג שטראוס בדץ,,1.00,יחידה,false,1,11.90,11.90,true,1,25719
7290103404758,false,אחלה כרוב אדום 120ג,Unknown,,אחלה כרוב אדום 120ג,,120.00,100 גרם,false,1,5.50,4.58,true,1,18057
7290103408206,true,עלי חסה ערבית,Unknown,,עלי חסה ערבית,,0.00,,false,,11.90,0.00,true,1,24966
7290103681173,false,הר קברנה סובי 750מל,Unknown,,הר קברנה סובי 750מל,,750.00,"100 מ""ל",false,1,40.00,5.29,true,1,19641
7290103681180,false,הר מרלו 750 מל,Unknown,,הר מרלו 750 מל,,750.00,"100 מ""ל",false,1,40.00,5.29,true,1,19642
7290103681210,false,הר שרדונה 750 מל,Unknown,,הר שרדונה 750 מל,,750.00,"100 מ""ל",false,1,40.00,5.29,true,1,19643
7290103681227,false,הר גוורצטרמ 750 מל,Unknown,,הר גוורצטרמ 750 מל,,750.00,"100 מ""ל",false,1,40.00,5.29,true,1,19644
7290103681241,false,הר מוסקטו 2019,Unknown,,הר מוסקטו 2019,,750.00,"100 מ""ל",false,1,40.00,5.29,true,1,21235
7290103681739,false,הר לבן  750 מל,Unknown,,הר לבן  750 מל,,750.00,"100 מ""ל",false,1,40.00,5.29,true,1,27728
7290103700195,false,רדיד אלומיניום קצר,Unknown,,רדיד אלומיניום קצר,,15.00,1 מטר,false,1,9.90,0.66,false,1,27642
7290103700225,false,רדיד אלומיניום ארוך,Unknown,,רדיד אלומיניום ארוך,,15.00,1 מטר,false,1,12.50,0.83,false,1,27643
7290103701017,false,טאצ נייר אפיה,Unknown,,טאצ נייר אפיה,,50.00,יחידה,false,1,9.90,0.20,false,1,27644
7290103701055,false,כוס נייר 8 אוז 50יח,Unknown,,כוס נייר 8 אוז 50יח,,50.00,יחידה,false,1,10.90,0.22,false,1,27645
7290103702229,false,מפות שולחן שמיניה,Unknown,,מפות שולחן שמיניה,,8.00,יחידה,false,1,6.90,0.86,false,1,27646
7290103702236,false,מפות שולחן שישייה,Unknown,,מפות שולחן שישייה,,6.00,יחידה,false,1,6.90,1.15,false,1,27647
7290103703684,false,נייר טאולט לובלי 30,Unknown,,נייר טאולט לובלי 30,,0.00,,false,1,31.90,0.00,true,1,28240
7290103703905,false,ממחטות פרשמרקט,Unknown,,ממחטות פרשמרקט,,0.00,,false,1,12.90,0.00,false,1,28049
7290103704155,false,מגבות טאצ  שישייה,Unknown,,מגבות טאצ  שישייה,,0.00,,false,1,11.90,0.00,true,1,28241
7290103704780,false,תבנית טאצ R31 105,Unknown,,תבנית טאצ R31 105,,7.00,יחידה,false,1,11.90,1.70,false,1,27648
7290103704797,false,תבנית טאצ 4 R99 210,Unknown,,תבנית טאצ 4 R99 210,,4.00,יחידה,false,1,11.50,2.88,false,1,27649
7290103704803,false,תבנית טאצ  R2 90,Unknown,,תבנית טאצ  R2 90,,7.00,יחידה,false,1,11.50,1.64,false,1,27650
7290103704810,false,תבנית אינגליש  R88,Unknown,,תבנית אינגליש  R88,,12.00,יחידה,false,1,11.90,0.99,false,1,27651
7290103704841,false,תבנית עגולה C10,Unknown,,תבנית עגולה C10,,6.00,יחידה,false,1,11.50,1.92,false,1,27652
7290103704858,false,תבנית עגולה 4 יח,Unknown,,תבנית עגולה 4 יח,,4.00,יחידה,false,1,11.50,2.88,false,1,27653
7290104060403,false,מאסט בזוקה ענבים,Unknown,,מאסט בזוקה ענבים,,28.00,100 גרם,false,1,6.00,21.43,true,1,10900
7290104061219,false,רבע לשבע אגוזים,Unknown,,רבע לשבע אגוזים,,120.00,100 גרם,false,1,14.50,12.08,true,1,11833
7290104061417,false,אחלה חומוס עם טחינה,Unknown,,אחלה חומוס עם טחינה,,400.00,100 גרם,false,1,13.50,3.38,true,1,22178
7290104061424,false,אחלה חומוס עם זעתר,Unknown,,אחלה חומוס עם זעתר,,400.00,100 גרם,false,1,12.90,3.22,true,1,25636
7290104061431,false,אחלה חומוס צנובר,Unknown,,אחלה חומוס צנובר,,400.00,100 גרם,false,1,13.50,3.38,true,1,18055
7290104061448,false,אחלה חומוס חריף,Unknown,,אחלה חומוס חריף,,400.00,100 גרם,false,1,13.50,3.38,true,1,18056
7290104064012,false,פסק זמן 2 good לבן,Unknown,,פסק זמן 2 good לבן,,36.00,100 גרם,false,1,7.50,20.83,true,1,13324
7290104065927,false,תערובת חסה,Unknown,,תערובת חסה,,1.00,יחידה,false,1,12.90,12.90,true,1,25720
7290104066016,false,מילקי טופ עדשים,Unknown,,מילקי טופ עדשים,,149.00,100 גרם,false,1,5.20,3.49,true,1,20708
7290104067198,false,ספלנדיד תפוז 100 גר,Unknown,,ספלנדיד תפוז 100 גר,,100.00,100 גרם,false,1,12.90,12.90,true,1,16759
7290104067518,false,כיף כף לבן מגדים,Unknown,,כיף כף לבן מגדים,,45.00,100 גרם,false,1,6.90,15.33,true,1,17264
7290104067679,false,טחינה 400 גר,Unknown,,טחינה 400 גר,,400.00,100 גרם,false,1,13.00,3.25,true,1,24169
7290104067693,false,אחלה חומוס חריף 150,Unknown,,אחלה חומוס חריף 150,,150.00,100 גרם,false,1,7.00,4.67,true,1,23503
7290104068539,false,מאסט מלון אבטיח 28גר,Unknown,,מאסט מלון אבטיח 28גר,,28.00,100 גרם,false,1,6.00,21.43,true,1,11575
7290104068546,false,מאסט קולה לימון,Unknown,,מאסט קולה לימון,,28.00,100 גרם,false,1,6.00,21.43,true,1,11880
7290104289613,false,מטריה חצי אוטומטית,Unknown,,מטריה חצי אוטומטית,,0.00,,false,1,15.00,0.00,false,1,18176
7290104289620,false,מטריה חצי אוטומטית,Unknown,,מטריה חצי אוטומטית,,0.00,,false,1,15.00,0.00,false,1,20490
7290104500572,false,אפרופו איטליאנו,Unknown,,אפרופו איטליאנו,,50.00,100 גרם,false,1,8.50,17.00,true,1,21057
7290104501661,false,פ.בטעם וניל צרפתי,Unknown,,פ.בטעם וניל צרפתי,,80.00,100 גרם,false,1,6.90,8.62,true,1,24486
7290104503184,false,ע.בראוניס ש.ריבת ח,Unknown,,ע.בראוניס ש.ריבת ח,,380.00,100 גרם,false,1,20.90,5.50,true,1,26476
7290104504228,false,דובונים מארז 5יח,Unknown,,דובונים מארז 5יח,,100.00,100 גרם,false,1,16.50,16.50,true,1,16831
7290104506819,false,קראנץ רולס כשלפ 370ג,Unknown,,קראנץ רולס כשלפ 370ג,,370.00,100 גרם,false,1,29.90,8.08,true,1,15023
7290104508189,false,גביעי גלידה ממותקים,Unknown,,גביעי גלידה ממותקים,,95.00,100 גרם,false,1,16.50,17.37,true,1,23683
7290104508332,false,לחמנית בריוש,Unknown,,לחמנית בריוש,,200.00,יחידה,false,1,2.00,0.01,false,1,20083
7290104508943,false,במבה 200 גר,Unknown,,במבה 200 גר,,200.00,100 גרם,false,1,15.90,7.95,true,1,17282
7290104509247,false,עוגת קראנץ שוקולד,Unknown,,עוגת קראנץ שוקולד,,650.00,100 גרם,false,1,24.90,3.83,true,1,15379
7290104570513,false,תמר מגהול 1 קילו,Unknown,,תמר מגהול 1 קילו,,1.00,"1 ק""ג",false,1,19.90,19.90,true,1,26819
7290104690167,false,סט כבלי התנעה דגם600,Unknown,,סט כבלי התנעה דגם600,,0.00,,false,1,54.00,0.00,true,1,17363
7290104691638,false,משפך,Unknown,,משפך,,0.00,,false,1,10.00,0.00,true,1,17364
7290104692369,false,L וילון קדמי משקפים,Unknown,,L וילון קדמי משקפים,,0.00,,false,1,21.90,0.00,true,1,17365
7290104692376,false,XLוילון משקפים אפור,Unknown,,XLוילון משקפים אפור,,0.00,,false,1,30.00,0.00,true,1,17366
7290104692383,false,סוכך שמש לייזר L,Unknown,,סוכך שמש לייזר L,,0.00,,false,1,30.00,0.00,false,1,20152
7290104692444,false,סוכך כסף מתקפל עבה,Unknown,,סוכך כסף מתקפל עבה,,0.00,,false,1,10.00,0.00,true,1,17884
7290104693496,false,מ.מיקרופייבר לרכב,Unknown,,מ.מיקרופייבר לרכב,,1.00,יחידה,false,1,29.00,29.00,false,1,23106
7290104693847,false,קומפרסור פלסטיק מיני,Unknown,,קומפרסור פלסטיק מיני,,0.00,,false,1,69.00,0.00,true,1,17368
7290104693854,false,מדחס אויר חד בוכנה,Unknown,,מדחס אויר חד בוכנה,,0.00,,false,1,95.00,0.00,false,1,21065
7290104694110,false,מאפרה עגולה עם מכסה,Unknown,,מאפרה עגולה עם מכסה,,0.00,,false,1,26.00,0.00,true,1,17369
7290104694233,false,H7 ערכת נורות חרום,Unknown,,H7 ערכת נורות חרום,,0.00,,false,1,31.90,0.00,true,1,17370
7290104694240,false,H4 ערכת נורות חרום,Unknown,,H4 ערכת נורות חרום,,0.00,,false,1,31.90,0.00,true,1,17371
7290104694530,false,מכסה מיכל דלק הברגה,Unknown,,מכסה מיכל דלק הברגה,,0.00,,false,1,25.00,0.00,true,1,17372
7290104694561,false,גילדה קטנה לניקוי,Unknown,,גילדה קטנה לניקוי,,1.00,יחידה,false,1,12.00,12.00,false,1,21482
7290104695315,false,סט כבלי התנעה,Unknown,,סט כבלי התנעה,,0.00,,false,1,79.00,0.00,true,1,17373
7290104695322,false,רצועת קשירה 2.5 מ,Unknown,,רצועת קשירה 2.5 מ,,0.00,,false,1,21.90,0.00,true,1,17374
7290104695339,false,רצועת קשירה רצט 5,Unknown,,רצועת קשירה רצט 5,,0.00,,false,1,41.90,0.00,true,1,17375
7290104695568,false,פחית ריח אורגנית,Unknown,,פחית ריח אורגנית,,0.00,,false,1,15.00,0.00,true,1,19587
7290104695759,false,אפוד זוהר תקני צהוב,Unknown,,אפוד זוהר תקני צהוב,,0.00,,false,1,20.00,0.00,true,1,17376
7290104695766,false,אשפתון לרכב,Unknown,,אשפתון לרכב,,0.00,,false,1,12.00,0.00,true,1,17377
7290104695797,false,שלט נהג חדש,Unknown,,שלט נהג חדש,,0.00,,false,1,10.90,0.00,true,1,17378
7290104695803,false,שלט נהגת חדשה,Unknown,,שלט נהגת חדשה,,0.00,,false,1,10.90,0.00,true,1,17379
7290104695865,false,וילון צד משקפים שחור,Unknown,,וילון צד משקפים שחור,,0.00,,false,1,12.90,0.00,true,1,17381
7290104696008,false,גילדה גדולה לניקוי,Unknown,,גילדה גדולה לניקוי,,1.00,יחידה,false,1,15.00,15.00,false,1,21483
7290104698354,false,מגב יחיד שטוח,Unknown,,מגב יחיד שטוח,,1.00,יחידה,false,1,18.50,18.50,false,1,21622
7290104698378,false,מגב יחיד שטוח,Unknown,,מגב יחיד שטוח,,1.00,יחידה,false,1,18.50,18.50,false,1,21623
7290104698385,false,מגב יחיד שטוח,Unknown,,מגב יחיד שטוח,,1.00,יחידה,false,1,18.50,18.50,false,1,21624
7290104698392,false,מגב יחיד שטוח 24,Unknown,,מגב יחיד שטוח 24,,1.00,יחידה,false,1,18.50,18.50,false,1,23748
7290104698408,false,מגב יחיד שטוח 26,Unknown,,מגב יחיד שטוח 26,,1.00,יחידה,false,1,18.50,18.50,false,1,23749
7290104698415,false,מגב יחיד שטוח,Unknown,,מגב יחיד שטוח,,1.00,יחידה,false,1,18.50,18.50,false,1,21625
7290104699634,false,מגב יחיד שטוח 14,Unknown,,מגב יחיד שטוח 14,,0.00,,false,1,18.50,0.00,false,1,20183
7290104699641,false,מגב יחיד שטוח 16,Unknown,,מגב יחיד שטוח 16,,0.00,,false,1,18.50,0.00,false,1,20190
7290104699658,false,מגב יחיד שטוח 18,Unknown,,מגב יחיד שטוח 18,,0.00,,false,1,18.50,0.00,false,1,20283
7290104699665,false,מגב יחיד שטוח 19,Unknown,,מגב יחיד שטוח 19,,0.00,,false,1,18.50,0.00,false,1,20284
7290104699672,false,מגב יחיד שטוח 20,Unknown,,מגב יחיד שטוח 20,,0.00,,false,1,18.50,0.00,false,1,20285
7290104699689,false,מגב יחיד שטוח 21,Unknown,,מגב יחיד שטוח 21,,0.00,,false,1,18.50,0.00,false,1,20286
7290104699696,false,מגב יחיד שטוח 22,Unknown,,מגב יחיד שטוח 22,,0.00,,false,1,18.50,0.00,false,1,20287
7290104699702,false,מגב יחיד שטוח 24,Unknown,,מגב יחיד שטוח 24,,0.00,,false,1,18.50,0.00,false,1,20288
7290104699719,false,מגב יחיד שטוח 26,Unknown,,מגב יחיד שטוח 26,,0.00,,false,1,18.50,0.00,false,1,20289
7290104699726,false,מגב יחיד שטוח 28,Unknown,,מגב יחיד שטוח 28,,0.00,,false,1,18.50,0.00,false,1,20290
7290104721533,false,אחלה פלפלים קלויים,Unknown,,אחלה פלפלים קלויים,,400.00,100 גרם,false,1,17.90,4.47,true,1,25642
7290104722219,false,עוגה כושית וק.שוקולד,Unknown,,עוגה כושית וק.שוקולד,,330.00,100 גרם,false,1,18.90,5.73,true,1,14275
7290104722455,false,כרוב אדום 400 ג,Unknown,,כרוב אדום 400 ג,,1.00,יחידה,false,1,11.90,11.90,true,1,25721
7290104722530,false,תפוציפס שמנת בצל200,Unknown,,תפוציפס שמנת בצל200,,200.00,100 גרם,false,1,10.00,5.00,true,1,17429
7290104724718,false,ש.חלב במילוי נוגט,Unknown,,ש.חלב במילוי נוגט,,100.00,100 גרם,false,1,9.00,9.00,true,1,26995
7290104726262,false,דני שוקולד לשתייה*4,Unknown,,דני שוקולד לשתייה*4,,500.00,"100 מ""ל",false,1,11.90,2.38,false,1,26727
7290104726484,false,טופי פרצופי תות עלית,Unknown,,טופי פרצופי תות עלית,,150.00,100 גרם,false,1,6.90,4.60,true,1,18213
7290104726712,false,מילקי שמינייה,Unknown,,מילקי שמינייה,,1.36,1 ליטר,false,1,24.00,17.65,true,1,24796
7290104728310,false,שמנת עמידה לקצפת,Unknown,,שמנת עמידה לקצפת,,250.00,100 גרם,false,1,6.47,2.59,false,1,21345
7290104729003,false,שמן זית יד מרדכי,Unknown,,שמן זית יד מרדכי,,750.00,"100 מ""ל",false,1,37.90,5.05,true,1,21890
7290104729010,false,לבן תות מהדרין,Unknown,,לבן תות מהדרין,,100.00,100 גרם,false,1,1.70,1.70,false,1,23107
7290104960239,false,נקה תחליב 750 לבן,Unknown,,נקה תחליב 750 לבן,,750.00,"100 מ""ל",false,1,13.90,1.85,true,1,28199
7290104960246,false,נקה תחליב 750 ורוד,Unknown,,נקה תחליב 750 ורוד,,0.00,,false,1,13.90,0.00,true,1,28200
7290104960253,false,ת.רחצה לבנדר נקה7,Unknown,,ת.רחצה לבנדר נקה7,,750.00,"100 מ""ל",false,1,13.90,1.85,true,1,28205
7290105360250,false,עלית ת. נספרסו 09,Unknown,,עלית ת. נספרסו 09,,10.00,יחידה,false,1,16.50,1.65,true,1,22066
7290105360328,false,עלית ת. נספרסו 10,Unknown,,עלית ת. נספרסו 10,,10.00,יחידה,false,1,16.50,1.65,true,1,22067
7290105360335,false,עלית ת. נספרסו 07,Unknown,,עלית ת. נספרסו 07,,10.00,יחידה,false,1,16.50,1.65,true,1,22068
7290105360878,false,תפוציפס טבעי מארז4י,Unknown,,תפוציפס טבעי מארז4י,,200.00,100 גרם,false,1,16.00,8.00,true,1,15739
7290105361707,false,כיף כף לבן,Unknown,,כיף כף לבן,,45.00,100 גרם,false,1,6.90,15.33,true,1,12879
7290105362339,false,יטבתה שמנת בישול 15%,Unknown,,יטבתה שמנת בישול 15%,,250.00,"100 מ""ל",false,1,8.50,3.40,true,1,24072
7290105362377,false,כיף כף מגדים 45 גר,Unknown,,כיף כף מגדים 45 גר,,45.00,100 גרם,false,1,6.90,15.33,true,1,17287
7290105363572,false,פרה ביסקוויט מגדים,Unknown,,פרה ביסקוויט מגדים,,100.00,100 גרם,false,1,9.00,9.00,true,1,22341
7290105363602,false,כיף כף מקלות שוקולד,Unknown,,כיף כף מקלות שוקולד,,40.00,100 גרם,false,1,7.00,17.50,true,1,14070
7290105364289,false,כיף כף מקלות פצפוצים,Unknown,,כיף כף מקלות פצפוצים,,40.00,100 גרם,false,1,7.00,17.50,true,1,14068
7290105364302,false,כיף כף מקלות אגוזים,Unknown,,כיף כף מקלות אגוזים,,42.00,100 גרם,false,1,7.00,16.67,true,1,14069
7290105364784,false,פרה ביסקוויט לבן,Unknown,,פרה ביסקוויט לבן,,100.00,100 גרם,false,1,9.00,9.00,true,1,13974
7290105364883,false,עד חצות לבן 200גר,Unknown,,עד חצות לבן 200גר,,200.00,100 גרם,false,1,17.90,8.95,true,1,13630
7290105366023,false,אחלה חציל בטעם כבד,Unknown,,אחלה חציל בטעם כבד,,400.00,100 גרם,false,1,17.90,4.47,false,1,26728
7290105366047,false,אחלה טחינה לבנה 400ג,Unknown,,אחלה טחינה לבנה 400ג,,400.00,100 גרם,false,1,17.90,4.47,false,1,26729
7290105366054,false,אחלה טחינה פטרוזיליה,Unknown,,אחלה טחינה פטרוזיליה,,400.00,100 גרם,false,1,17.90,4.47,false,1,26730
7290105366382,false,לקט קצוץ,Unknown,,לקט קצוץ,,1.00,יחידה,false,1,12.90,12.90,true,1,25722
7290105366993,false,סימפוניה פלפל שיפקה,Unknown,,סימפוניה פלפל שיפקה,,200.00,100 גרם,false,1,12.50,6.25,true,1,24625
7290105368225,false,חומוס פלפל שיפקה400ג,Unknown,,חומוס פלפל שיפקה400ג,,400.00,100 גרם,false,1,13.50,3.38,false,1,26731
7290105368294,false,שום ישראלי קלוף 120ג,Unknown,,שום ישראלי קלוף 120ג,,1.00,יחידה,false,1,14.90,14.90,true,1,25723
7290105368331,false,מילקי תות -חדש,Unknown,,מילקי תות -חדש,,130.00,100 גרם,false,1,3.90,3.00,true,1,24431
7290105368904,false,יטבתה שמנת עמידה,Unknown,,יטבתה שמנת עמידה,,250.00,"100 מ""ל",false,1,7.80,3.12,true,1,24797
7290105368959,false,פונץ בננה 250 מל,Unknown,,פונץ בננה 250 מל,,250.00,"100 מ""ל",false,1,7.50,3.00,true,1,13570
7290105369130,false,סימפוניה בצל ירוק,Unknown,,סימפוניה בצל ירוק,,200.00,100 גרם,false,1,12.50,6.25,true,1,25652
7290105439499,false,מאסטר שף  מיונז 480,Unknown,,מאסטר שף  מיונז 480,,480.00,100 גרם,false,1,12.90,2.69,true,1,24798
7290105500151,false,וודקה פינלנדיה 700מ,Unknown,,וודקה פינלנדיה 700מ,,700.00,"100 מ""ל",false,1,85.00,12.10,true,1,13897
7290105500236,false,גק דניאלס 700מל,Unknown,,גק דניאלס 700מל,,700.00,"100 מ""ל",false,1,139.00,19.81,false,1,16971
7290105500953,false,גק דניאלס דבש,Unknown,,גק דניאלס דבש,,700.00,"100 מ""ל",false,1,139.00,19.81,true,1,22435
7290105501578,false,פ.בומבי 4+צידנית,Unknown,,פ.בומבי 4+צידנית,,1.00,1 ליטר,false,1,49.90,48.70,true,1,27729
7290105501585,false,פ.בקרדי 4+צידנית,Unknown,,פ.בקרדי 4+צידנית,,1.00,1 ליטר,false,1,49.90,48.70,true,1,27730
7290105691224,false,חטיף טורטיה שום בצל,Unknown,,חטיף טורטיה שום בצל,,60.00,100 גרם,false,1,9.90,16.50,true,1,13453
7290105691248,false,חטיף טורטיה תירס,Unknown,,חטיף טורטיה תירס,,60.00,100 גרם,false,1,9.90,16.50,true,1,19452
7290105691712,false,אסם עוגיות,Unknown,,אסם עוגיות,,320.00,100 גרם,false,1,16.90,5.28,true,1,24917
7290105691897,false,קוסקוס חיטה מלאה,Unknown,,קוסקוס חיטה מלאה,,350.00,100 גרם,false,1,11.40,3.26,false,1,25812
7290105691934,false,קמח שמרים אסם 1 קג,Unknown,,קמח שמרים אסם 1 קג,,1.00,"1 ק""ג",false,1,12.90,12.90,true,1,23675
7290105692474,false,בראוניס קוקוס כשלפ,Unknown,,בראוניס קוקוס כשלפ,,430.00,100 גרם,false,1,20.90,4.86,true,1,15025
7290105692498,false,עוגת בראוניס כשלפ,Unknown,,עוגת בראוניס כשלפ,,430.00,100 גרם,false,1,20.90,4.86,true,1,15024
7290105692511,false,עוגת הבית שיש,Unknown,,עוגת הבית שיש,,350.00,100 גרם,false,1,17.90,5.11,true,1,13455
7290105692535,false,הבית עוגת ש.שוקוציפס,Unknown,,הבית עוגת ש.שוקוציפס,,350.00,100 גרם,false,1,17.90,5.11,true,1,13454
7290105693341,false,מארז במבה 25 גר*10,Unknown,,מארז במבה 25 גר*10,,250.00,100 גרם,false,1,19.90,7.96,true,1,22669
7290105693457,false,ע.הבית דמקה שוקוניל,Unknown,,ע.הבית דמקה שוקוניל,,320.00,100 גרם,false,1,17.90,5.59,true,1,23681
7290105693952,false,פירורית זהב,Unknown,,פירורית זהב,,200.00,100 גרם,false,1,7.90,3.95,true,1,24918
7290105695024,false,פתיתים אורז ואטריות,Unknown,,פתיתים אורז ואטריות,,500.00,100 גרם,false,1,11.00,2.20,false,1,23691
7290105695321,false,ע.הבית בראוניס פאדג,Unknown,,ע.הבית בראוניס פאדג,,380.00,100 גרם,false,1,22.50,5.92,true,1,23679
7290105695895,false,עוגת דבש דמקה,Unknown,,עוגת דבש דמקה,,320.00,100 גרם,false,1,17.00,5.31,true,1,13794
7290105790262,false,מי פז 1 ליטר 17יח,Unknown,,מי פז 1 ליטר 17יח,,1.00,1 ליטר,false,1,10.90,10.90,true,1,13819
7290105791573,false,תמיסת אוראה 4 ל,Unknown,,תמיסת אוראה 4 ל,,4.00,1 ליטר,false,1,20.00,5.00,true,1,21172
7290105961525,false,ספלנדיד ש.מריר 85%,Unknown,,ספלנדיד ש.מריר 85%,,100.00,100 גרם,false,1,12.90,12.90,true,1,16757
7290105962331,false,סחוג חריף זהבי אדום,Unknown,,סחוג חריף זהבי אדום,,220.00,100 גרם,false,1,13.90,6.32,false,1,26732
7290105962980,false,אחלה כרוב אדום 400ג,Unknown,,אחלה כרוב אדום 400ג,,400.00,100 גרם,false,1,13.50,3.38,true,1,22192
7290105962997,false,חציל מיונז 400 גר,Unknown,,חציל מיונז 400 גר,,400.00,100 גרם,false,1,13.00,3.25,true,1,26651
7290105963000,false,אחלה מטבוחה 400 גר,Unknown,,אחלה מטבוחה 400 גר,,400.00,100 גרם,false,1,13.00,3.25,true,1,24069
7290105963864,false,חזרת,Unknown,,חזרת,,220.00,100 גרם,false,1,16.00,7.27,true,1,23010
7290105964564,false,חומוס אחלה 400 גר,Unknown,,חומוס אחלה 400 גר,,400.00,100 גרם,false,1,9.50,2.38,true,1,21349
7290105965738,false,דנונה משקה תות בננה,Unknown,,דנונה משקה תות בננה,,267.00,100 גרם,false,1,5.90,2.21,true,1,15112
7290105966469,false,יד מרדכי חומץ בלסמי,Unknown,,יד מרדכי חומץ בלסמי,,250.00,"100 מ""ל",false,1,18.00,7.20,true,1,24799
7290105968098,false,אחלה קולסלאו 500ג,Unknown,,אחלה קולסלאו 500ג,,500.00,100 גרם,false,1,17.90,3.58,false,1,26733
7290105968654,false,רביולי בטטה פרווה,Unknown,,רביולי בטטה פרווה,,400.00,100 גרם,false,1,24.00,6.00,true,1,24468
7290105968777,false,פ.אנרגי שוקלד מריר,Unknown,,פ.אנרגי שוקלד מריר,,70.00,100 גרם,false,1,9.90,14.14,true,1,15462
7290105990631,false,סלט ירקות יווני,Unknown,,סלט ירקות יווני,,320.00,100 גרם,false,1,23.00,7.19,true,1,16721
7290105990662,false,ס. ירקות וטונה כשלפ,Unknown,,ס. ירקות וטונה כשלפ,,330.00,100 גרם,false,1,23.00,6.97,true,1,16722
7290106262669,false,מגבונים נשטפים באסלה,Unknown,,מגבונים נשטפים באסלה,,60.00,יחידה,false,1,9.00,0.15,true,1,21350
7290106413139,false,סוכריות גומי בננה,Unknown,,סוכריות גומי בננה,,200.00,100 גרם,false,1,12.90,6.45,true,1,16442
7290106413146,false,גומי דובנים מוברק,Unknown,,גומי דובנים מוברק,,200.00,100 גרם,false,1,12.90,6.45,true,1,22827
7290106413160,false,לב אפרסק גומי,Unknown,,לב אפרסק גומי,,200.00,100 גרם,false,1,12.90,6.45,true,1,20308
7290106413290,false,שטיח תות ופטל,Unknown,,שטיח תות ופטל,,78.00,100 גרם,false,1,10.90,13.97,true,1,26749
7290106413351,false,שטיחים חמוץ טעם תות,Unknown,,שטיחים חמוץ טעם תות,,78.00,100 גרם,false,1,10.50,13.46,true,1,16440
7290106413795,false,לקריץ אבטיח מסוכר150,Unknown,,לקריץ אבטיח מסוכר150,,150.00,100 גרם,false,1,10.90,7.27,true,1,16439
7290106413818,false,גלי בינס 100 גר,Unknown,,גלי בינס 100 גר,,100.00,100 גרם,false,1,7.50,7.50,true,1,16445
7290106520066,false,רבע לשבע,Unknown,,רבע לשבע,,150.00,100 גרם,false,1,14.50,9.67,true,1,14094
7290106520288,false,דנונה WOW תות,Unknown,,דנונה WOW תות,,150.00,100 גרם,false,1,6.50,4.33,true,1,17567
7290106520905,false,אחלה סלט טורקי 400ג,Unknown,,אחלה סלט טורקי 400ג,,400.00,100 גרם,false,1,17.90,4.47,false,1,26734
7290106520912,false,יטבתה ש.לבישול 9%,Unknown,,יטבתה ש.לבישול 9%,,250.00,"100 מ""ל",false,1,8.30,3.32,true,1,24235
7290106521049,false,אחלה-קוביות סלק 400,Unknown,,אחלה-קוביות סלק 400,,400.00,100 גרם,false,1,17.90,4.47,true,1,26638
7290106524439,false,תפוציפס פופס,Unknown,,תפוציפס פופס,,50.00,100 גרם,false,1,5.90,11.80,true,1,18420
7290106525368,false,רבע שבע שחור לבן,Unknown,,רבע שבע שחור לבן,,125.00,100 גרם,false,1,14.50,11.60,true,1,14863
7290106525405,false,קפסולות נטול קפאין,Unknown,,קפסולות נטול קפאין,,1.00,יחידה,false,1,16.50,16.50,true,1,27946
7290106526822,false,פ.אנרגי ת.ש.חלב,Unknown,,פ.אנרגי ת.ש.חלב,,80.00,100 גרם,false,1,9.90,12.38,true,1,15014
7290106527065,false,גזר 90 ג- שטראוס,Unknown,,גזר 90 ג- שטראוס,,1.00,יחידה,false,1,5.90,5.90,true,1,25724
7290106527072,false,מיני קרוטונים 40 ג,Unknown,,מיני קרוטונים 40 ג,,1.00,יחידה,false,1,5.90,5.90,true,1,25725
7290106527089,false,מיני קרוטונים 40 ג,Unknown,,מיני קרוטונים 40 ג,,1.00,יחידה,false,1,5.90,5.90,true,1,25726
7290106527386,false,פרכיות אנרגי מצופות,Unknown,,פרכיות אנרגי מצופות,,70.00,100 גרם,false,1,9.90,14.14,true,1,15013
7290106528567,false,דוריטוס גריל 185,Unknown,,דוריטוס גריל 185,,185.00,100 גרם,false,1,12.70,6.86,true,1,18353
7290106528628,false,דוריטוס טבעי 185,Unknown,,דוריטוס טבעי 185,,185.00,100 גרם,false,1,12.70,6.86,true,1,19361
7290106528758,false,סלט עלי משי שטראוס,Unknown,,סלט עלי משי שטראוס,,1.00,יחידה,false,1,13.90,13.90,true,1,25813
7290106528949,false,לקט ערוגות 450 גר,Unknown,,לקט ערוגות 450 גר,,450.00,100 גרם,false,1,14.90,3.31,true,1,23476
7290106570023,false,ב.שטוחים שומשום כשלפ,Unknown,,ב.שטוחים שומשום כשלפ,,250.00,100 גרם,false,1,16.90,6.76,true,1,14135
7290106570177,false,ב.שטוחים מלח 250גר,Unknown,,ב.שטוחים מלח 250גר,,250.00,100 גרם,false,1,16.90,6.76,true,1,14134
7290106571037,false,גומיגם 5 יח מאגדת,Unknown,,גומיגם 5 יח מאגדת,,450.00,100 גרם,false,1,30.90,6.87,true,1,24460
7290106571563,false,אפרופו 200 גר,Unknown,,אפרופו 200 גר,,200.00,100 גרם,false,1,16.50,8.25,true,1,24436
7290106571709,false,רוטב צילי מתוק כשלפ,Unknown,,רוטב צילי מתוק כשלפ,,375.00,"100 מ""ל",false,1,14.00,3.73,true,1,26412
7290106571792,false,קרחון ויטמינציק ענב,Unknown,,קרחון ויטמינציק ענב,,80.00,100 גרם,false,1,4.00,5.00,true,1,14267
7290106572614,false,דובונים פיצה 40גרם,Unknown,,דובונים פיצה 40גרם,,40.00,100 גרם,false,1,7.00,17.50,true,1,24800
7290106572997,false,אסם קמח שמרים לפיצה,Unknown,,אסם קמח שמרים לפיצה,,1.00,"1 ק""ג",false,1,12.90,12.90,true,1,24801
7290106573574,false,צבר חומוס ירושלמי,Unknown,,צבר חומוס ירושלמי,,400.00,100 גרם,false,1,17.00,4.25,true,1,25675
7290106573598,false,צבר חומוס לבנוני,Unknown,,צבר חומוס לבנוני,,400.00,100 גרם,false,1,17.00,4.25,false,1,25814
7290106573628,false,צבר חומוס עם טחינה,Unknown,,צבר חומוס עם טחינה,,400.00,100 גרם,false,1,15.90,3.98,true,1,23676
7290106573642,false,צבר חומוס צנובר400גר,Unknown,,צבר חומוס צנובר400גר,,400.00,100 גרם,false,1,16.50,4.12,true,1,24540
7290106574120,false,גומיגם חדש,Unknown,,גומיגם חדש,,90.00,100 גרם,false,1,10.90,12.11,true,1,15205
7290106574953,false,שטוחים שומשום 300ג,Unknown,,שטוחים שומשום 300ג,,300.00,100 גרם,false,1,14.50,4.83,true,1,14796
7290106574977,false,בייגלה שטוחים 300ג,Unknown,,בייגלה שטוחים 300ג,,300.00,100 גרם,false,1,14.50,4.83,true,1,14750
7290106575943,false,קניידלך קלי קלות כלפ,Unknown,,קניידלך קלי קלות כלפ,,140.00,100 גרם,false,1,11.90,8.50,true,1,26413
7290106576223,false,אפרופו שוקולד 40גר,Unknown,,אפרופו שוקולד 40גר,,40.00,100 גרם,false,1,8.00,20.00,true,1,17194
7290106576513,false,צבר חומוס 400 גרם,Unknown,,צבר חומוס 400 גרם,,400.00,100 גרם,false,1,13.50,3.38,true,1,23688
7290106576537,false,צבר חומוס 700ג,Unknown,,צבר חומוס 700ג,,700.00,100 גרם,false,1,17.00,2.43,true,1,23678
7290106576797,false,לה קרמריה גלידת וניל,Unknown,,לה קרמריה גלידת וניל,,1.40,1 ליטר,false,1,26.90,19.21,true,1,23179
7290106576810,false,לה קרמריה ריבת חלב,Unknown,,לה קרמריה ריבת חלב,,1.40,1 ליטר,false,1,26.90,19.21,true,1,23181
7290106576834,false,לה קרמריה פונטש בננה,Unknown,,לה קרמריה פונטש בננה,,1.40,1 ליטר,false,1,26.90,19.21,true,1,23180
7290106576858,false,לה קרמריה תות שמנת,Unknown,,לה קרמריה תות שמנת,,1.40,1 ליטר,false,1,26.90,19.21,true,1,23184
7290106576919,false,לה קרמריה תות לימון,Unknown,,לה קרמריה תות לימון,,1.40,1 ליטר,false,1,26.90,19.21,true,1,24458
7290106576957,false,לה קרמריה שוקו וניל,Unknown,,לה קרמריה שוקו וניל,,1.40,1 ליטר,false,1,26.90,19.21,true,1,24459
7290106576971,false,לה קרמריה ג.שוקולד,Unknown,,לה קרמריה ג.שוקולד,,1.40,1 ליטר,false,1,26.90,19.21,true,1,23183
7290106576995,false,לה קרמריה לייט סורבה,Unknown,,לה קרמריה לייט סורבה,,1.40,1 ליטר,false,1,26.90,19.21,true,1,24472
7290106577039,false,לה קרמריה שוקו פליק,Unknown,,לה קרמריה שוקו פליק,,1.40,1 ליטר,false,1,26.90,19.21,true,1,23182
7290106577282,false,צבר טחינה מרובע400,Unknown,,צבר טחינה מרובע400,,400.00,100 גרם,false,1,16.50,4.12,true,1,24541
7290106577480,false,צבר חציל על האש400,Unknown,,צבר חציל על האש400,,400.00,100 גרם,false,1,15.90,3.98,true,1,24453
7290106577503,false,צבר חציל במיונז 400ג,Unknown,,צבר חציל במיונז 400ג,,400.00,100 גרם,false,1,16.50,4.12,true,1,24454
7290106577527,false,צבר קולסלו מרובע 400,Unknown,,צבר קולסלו מרובע 400,,400.00,100 גרם,false,1,17.00,4.25,true,1,25645
7290106577541,false,צבר כרוב אדום 400,Unknown,,צבר כרוב אדום 400,,400.00,100 גרם,false,1,16.50,4.12,true,1,24455
7290106578333,false,צבר חציל ע.האש מרובע,Unknown,,צבר חציל ע.האש מרובע,,400.00,100 גרם,false,1,17.00,4.25,false,1,25815
7290106578692,false,במבה ביסלי מיקס 80,Unknown,,במבה ביסלי מיקס 80,,80.00,100 גרם,false,1,7.90,9.88,true,1,15188
7290106578821,false,עוגת הבית שמרים שוקו,Unknown,,עוגת הבית שמרים שוקו,,350.00,100 גרם,false,1,22.50,6.43,true,1,16086
7290106650930,false,טורקי 85 גרם,Unknown,,טורקי 85 גרם,,85.00,100 גרם,false,1,8.90,10.47,false,1,26956
7290106652996,false,כיף כף מקלות קוקוס,Unknown,,כיף כף מקלות קוקוס,,40.00,100 גרם,false,1,7.00,17.50,true,1,14692
7290106653504,false,סבבה בוטנים ברבקיו,Unknown,,סבבה בוטנים ברבקיו,,50.00,100 גרם,false,1,3.00,6.00,true,1,14891
7290106654099,false,מילקי קייק מארז 8יח,Unknown,,מילקי קייק מארז 8יח,,272.00,100 גרם,false,1,25.00,9.19,true,1,24626
7290106656512,false,בפלות טורטית 360 גרם,Unknown,,בפלות טורטית 360 גרם,,360.00,100 גרם,false,1,19.90,5.53,true,1,15591
7290106657748,false,עדשים מיני מיני,Unknown,,עדשים מיני מיני,,80.00,100 גרם,false,1,10.00,12.50,true,1,18220
7290106658479,false,טורטית 40 גר,Unknown,,טורטית 40 גר,,40.00,100 גרם,false,1,6.90,17.25,true,1,17011
7290106660410,false,רביולי תרד וגבינה,Unknown,,רביולי תרד וגבינה,,400.00,100 גרם,false,1,24.00,6.00,true,1,26639
7290106660649,false,ציטוס בוטנים,Unknown,,ציטוס בוטנים,,80.00,100 גרם,false,1,6.60,8.25,true,1,17769
7290106662025,false,תפוציפס טבעי 50גרם,Unknown,,תפוציפס טבעי 50גרם,,50.00,100 גרם,false,1,5.90,11.80,true,1,17575
7290106662223,false,אפיפיות ללג רבנות,Unknown,,אפיפיות ללג רבנות,,250.00,100 גרם,false,1,18.00,7.20,true,1,17417
7290106662384,false,איחולים מתוקים 42,Unknown,,איחולים מתוקים 42,,42.00,100 גרם,false,1,12.00,28.57,true,1,15817
7290106662964,false,סוכריות  גומי יין,Unknown,,סוכריות  גומי יין,,100.00,100 גרם,false,1,6.90,6.90,true,1,16099
7290106663121,false,מילקי CAKE,Unknown,,מילקי CAKE,,34.00,100 גרם,false,1,4.00,11.76,true,1,16315
7290106663442,false,בייבי קייל שטראוס,Unknown,,בייבי קייל שטראוס,,1.00,יחידה,false,1,13.90,13.90,true,1,25816
7290106663503,false,קונפיטורת לייט תות,Unknown,,קונפיטורת לייט תות,,230.00,100 גרם,false,1,14.90,6.48,true,1,25902
7290106664067,false,לאבנה שמן זית וזעתר,Unknown,,לאבנה שמן זית וזעתר,,400.00,100 גרם,false,1,17.50,4.38,true,1,24620
7290106664555,false,רוטב שמנת עם עגבניות,Unknown,,רוטב שמנת עם עגבניות,,250.00,"100 מ""ל",false,1,12.00,4.80,false,1,26735
7290106664562,false,רוטב שמנת עם פטריות,Unknown,,רוטב שמנת עם פטריות,,250.00,"100 מ""ל",false,1,11.50,4.60,true,1,24802
7290106667266,false,דוריטוס חמוץ חריף,Unknown,,דוריטוס חמוץ חריף,,185.00,100 גרם,false,1,12.70,6.86,true,1,18351
7290106668577,false,יד מרדכי מיץ לימון,Unknown,,יד מרדכי מיץ לימון,,250.00,"100 מ""ל",false,1,9.50,3.80,true,1,24803
7290106668713,false,דנונה פירות יער3%,Unknown,,דנונה פירות יער3%,,150.00,"100 מ""ל",false,1,3.90,2.60,false,1,26668
7290106669406,false,מוס רבע לשבע אגוזים,Unknown,,מוס רבע לשבע אגוזים,,100.00,100 גרם,false,1,18.90,18.90,true,1,21455
7290106669857,false,עלית ת. נספרסו וניל,Unknown,,עלית ת. נספרסו וניל,,10.00,יחידה,false,1,16.50,1.65,true,1,22069
7290106720626,false,ציטוס גבינה 80 גר,Unknown,,ציטוס גבינה 80 גר,,80.00,100 גרם,false,1,6.60,8.25,true,1,17770
7290106720831,false,נשנושי תירס 500 גרם,Unknown,,נשנושי תירס 500 גרם,,1.00,יחידה,false,1,15.90,15.90,true,1,25817
7290106721807,false,אחלה סלט חציל פקנטי,Unknown,,אחלה סלט חציל פקנטי,,400.00,100 גרם,false,1,13.00,3.25,false,1,26653
7290106721906,false,בזוקה צנצנת מסטיקים,Unknown,,בזוקה צנצנת מסטיקים,,66.00,100 גרם,false,1,12.00,18.18,true,1,16094
7290106721913,false,מאסט צנצנת ריח פה,Unknown,,מאסט צנצנת ריח פה,,66.00,100 גרם,false,1,12.00,18.18,true,1,16093
7290106721920,false,מאסט צנצנת ספרמנט,Unknown,,מאסט צנצנת ספרמנט,,66.00,100 גרם,false,1,12.00,18.18,true,1,16095
7290106724419,false,חיוכים וניל בדצ,Unknown,,חיוכים וניל בדצ,,150.00,100 גרם,false,1,6.00,4.00,true,1,24470
7290106725867,false,סירופ מייפל טהור,Unknown,,סירופ מייפל טהור,,189.00,"100 מ""ל",false,1,39.90,21.11,true,1,24965
7290106725966,false,מטבעות שוקולד חלב,Unknown,,מטבעות שוקולד חלב,,42.00,100 גרם,false,1,6.90,16.43,true,1,16399
7290106726178,false,דנונה WOW פירות יער,Unknown,,דנונה WOW פירות יער,,150.00,100 גרם,false,1,6.50,4.33,true,1,17566
7290106727984,false,כיףכף גביע פצפצים135,Unknown,,כיףכף גביע פצפצים135,,135.00,100 גרם,false,1,14.90,11.04,true,1,17037
7290106728127,false,יטבתה חלב טבעי בקבוק,Unknown,,יטבתה חלב טבעי בקבוק,,1.00,1 ליטר,false,1,8.50,8.50,true,1,16497
7290106729421,false,ע.בראוניז טורטית בדצ,Unknown,,ע.בראוניז טורטית בדצ,,380.00,100 גרם,false,1,20.50,5.39,true,1,18081
7290107280020,false,סנו סושי מגבונ 3*50,Unknown,,סנו סושי מגבונ 3*50,,150.00,יחידה,false,1,25.00,0.17,true,1,24804
7290107280112,false,נייר טואלט סופט 24יח,Unknown,,נייר טואלט סופט 24יח,,24.00,יחידה,false,1,26.90,1.12,true,1,24595
7290107280570,false,3ל  MIX גל כביסה,Unknown,,3ל  MIX גל כביסה,,3.00,1 ליטר,false,1,38.00,12.67,true,1,24557
7290107280723,false,ספארק  700 לימון,Unknown,,ספארק  700 לימון,,0.00,,false,1,10.90,0.00,true,1,28201
7290107280761,false,ספארק משאבה לימון 1ל,Unknown,,ספארק משאבה לימון 1ל,,0.00,,false,1,13.90,0.00,true,1,28202
7290107280815,false,K-301,Unknown,,K-301,,300.00,"100 מ""ל",false,1,17.00,5.67,true,1,24558
7290107645584,false,קנור מרק עוף אמיתי,Unknown,,קנור מרק עוף אמיתי,,400.00,100 גרם,false,1,35.90,8.98,true,1,24920
7290107646062,false,קנור מרק בצל,Unknown,,קנור מרק בצל,,400.00,100 גרם,false,1,35.90,8.98,true,1,24921
7290107646147,false,מ.שוגי קורנפלקס שישה,Unknown,,מ.שוגי קורנפלקס שישה,,156.00,100 גרם,false,1,18.00,11.54,true,1,22208
7290107646154,false,מ.קוקומן פצפוציםשישה,Unknown,,מ.קוקומן פצפוציםשישה,,126.00,100 גרם,false,1,17.90,14.21,true,1,25679
7290107646826,false,מ.שוגי בטעם שוקו,Unknown,,מ.שוגי בטעם שוקו,,156.00,100 גרם,false,1,18.00,11.54,true,1,24572
7290107646833,false,מ.שוגי עם שוקולד לבן,Unknown,,מ.שוגי עם שוקולד לבן,,138.00,100 גרם,false,1,18.00,13.04,true,1,22209
7290107646925,false,ברנפלקס אקסטרה פייבר,Unknown,,ברנפלקס אקסטרה פייבר,,410.00,100 גרם,false,1,29.90,7.29,true,1,25670
7290107647625,false,מאגדת קורנטו כשלפ,Unknown,,מאגדת קורנטו כשלפ,,315.00,100 גרם,false,1,36.00,11.43,true,1,26477
7290107647632,false,טילון קונטו וניל,Unknown,,טילון קונטו וניל,,63.00,100 גרם,false,1,10.00,15.87,true,1,19646
7290107647649,false,סולרו קוקוס אננס יח,Unknown,,סולרו קוקוס אננס יח,,62.00,100 גרם,false,1,8.90,14.35,true,1,19546
7290107647656,false,מיני סולרו קו-אננס,Unknown,,מיני סולרו קו-אננס,,500.00,"100 מ""ל",false,1,27.00,5.40,true,1,23606
7290107647731,false,קוקמן חום לבן בדצ,Unknown,,קוקמן חום לבן בדצ,,375.00,100 גרם,false,1,25.90,6.91,true,1,23730
7290107647816,false,ברנפלקס ללס בדצ,Unknown,,ברנפלקס ללס בדצ,,500.00,100 גרם,false,1,27.90,5.58,true,1,24551
7290107647823,false,ברנפלקס בדצ 500גר,Unknown,,ברנפלקס בדצ 500גר,,500.00,100 גרם,false,1,28.90,5.78,true,1,24552
7290107647854,false,שוגי 20% מופחת סוכר,Unknown,,שוגי 20% מופחת סוכר,,500.00,100 גרם,false,1,19.90,3.98,true,1,24176
7290107649100,false,טבעות שומשום 300 גר,Unknown,,טבעות שומשום 300 גר,,300.00,100 גרם,false,1,14.00,4.67,true,1,24805
7290107649681,false,קורנטו פסק זמן,Unknown,,קורנטו פסק זמן,,64.00,100 גרם,false,1,10.00,15.62,true,1,19750
7290107649780,false,שוקובו שוקו,Unknown,,שוקובו שוקו,,85.00,100 גרם,false,1,11.50,13.53,false,1,19752
7290107649858,false,טילון מגנום לבן,Unknown,,טילון מגנום לבן,,100.00,100 גרם,false,1,12.50,12.50,true,1,19983
7290107865203,false,סמארט אבטיח אייס,Unknown,,סמארט אבטיח אייס,,0.00,,false,1,119.90,0.00,false,1,25330
7290107865234,false,סמארט תות אייס,Unknown,,סמארט תות אייס,,0.00,,false,1,119.90,0.00,false,1,25331
7290107865241,false,סמארט מנגו אייס,Unknown,,סמארט מנגו אייס,,0.00,,false,1,119.90,0.00,false,1,25332
7290107865258,false,סמארט ענבים אייס,Unknown,,סמארט ענבים אייס,,0.00,,false,1,119.90,0.00,false,1,25333
7290107870047,false,אקסטרים ענק בראוניז,Unknown,,אקסטרים ענק בראוניז,,120.00,100 גרם,false,1,12.90,10.75,true,1,15792
7290107871532,false,מאגדת קרחונים דובדבן,Unknown,,מאגדת קרחונים דובדבן,,750.00,100 גרם,false,1,19.90,2.65,true,1,24473
7290107871600,false,חלה קלועה חיטה מלא,Unknown,,חלה קלועה חיטה מלא,,560.00,100 גרם,false,1,14.00,2.50,true,1,23545
7290107871723,false,פיטנס פריכ שו כלפ,Unknown,,פיטנס פריכ שו כלפ,,100.00,100 גרם,false,1,10.90,10.90,true,1,19716
7290107871990,false,פסטה צינורות אסם,Unknown,,פסטה צינורות אסם,,500.00,100 גרם,false,1,7.00,1.40,false,1,23692
7290107875158,false,במבה 60 גרם-רביעייה,Unknown,,במבה 60 גרם-רביעייה,,240.00,100 גרם,false,1,15.50,6.46,true,1,18517
7290107875400,false,לה קרמריה פיסטוק,Unknown,,לה קרמריה פיסטוק,,1.40,1 ליטר,false,1,26.90,19.21,true,1,23188
7290107879521,false,מאגדת להפרוטה תות,Unknown,,מאגדת להפרוטה תות,,350.00,100 גרם,false,1,27.90,7.97,true,1,24560
7290107879569,false,מאגדת להפרוטה מנגו,Unknown,,מאגדת להפרוטה מנגו,,350.00,100 גרם,false,1,27.90,7.97,true,1,24561
7290107879620,false,לה פרוטה תפוח מלון,Unknown,,לה פרוטה תפוח מלון,,70.00,100 גרם,false,1,9.90,14.14,true,1,16734
7290107879644,false,לה פרוטה בננה תמר,Unknown,,לה פרוטה בננה תמר,,70.00,100 גרם,false,1,9.90,14.14,true,1,16735
7290107879668,false,לה פרוטה שלגון תות,Unknown,,לה פרוטה שלגון תות,,70.00,100 גרם,false,1,9.90,14.14,true,1,16688
7290107879699,false,לה פרוטה שלגון מנגו,Unknown,,לה פרוטה שלגון מנגו,,70.00,100 גרם,false,1,9.90,14.14,true,1,16689
7290107879712,false,לה פרוטה פ.אדומים,Unknown,,לה פרוטה פ.אדומים,,70.00,100 גרם,false,1,8.90,12.71,true,1,16690
7290107930321,false,קונפיטורה דובדבן,Unknown,,קונפיטורה דובדבן,,340.00,100 גרם,false,1,14.90,4.38,true,1,23712
7290107931397,false,כיף כף פצפצים 40 גר,Unknown,,כיף כף פצפצים 40 גר,,40.00,100 גרם,false,1,7.00,17.50,true,1,16853
7290107931465,false,אנרגי פ.שוקולד לבן,Unknown,,אנרגי פ.שוקולד לבן,,70.00,100 גרם,false,1,9.90,14.14,true,1,16582
7290107932080,false,חלב בקבוק 3% מועשר,Unknown,,חלב בקבוק 3% מועשר,,1.00,1 ליטר,false,1,8.50,8.50,true,1,16499
7290107932127,false,חלב בבקבוק 2% מועשר,Unknown,,חלב בבקבוק 2% מועשר,,1.00,1 ליטר,false,1,8.50,8.50,true,1,27521
7290107932134,false,חלב בקבוק 1% מועשר,Unknown,,חלב בקבוק 1% מועשר,,1.00,1 ליטר,false,1,8.50,8.50,true,1,20713
7290107932240,false,פרה אקסטרה ק.ועוגיות,Unknown,,פרה אקסטרה ק.ועוגיות,,100.00,100 גרם,false,1,9.00,9.00,true,1,17123
7290107932271,false,פרה אקסטרה ק.יוגורט,Unknown,,פרה אקסטרה ק.יוגורט,,100.00,100 גרם,false,1,9.00,9.00,true,1,17124
7290107933315,false,יטבתה חלב בבקבוק ד.ל,Unknown,,יטבתה חלב בבקבוק ד.ל,,1.00,1 ליטר,false,1,8.50,8.50,false,1,22986
7290107933643,false,ארוחה בבקבוק בננה,Unknown,,ארוחה בבקבוק בננה,,250.00,"100 מ""ל",false,1,5.50,2.20,true,1,16737
7290107933650,false,ארוחה בבקבוק תות,Unknown,,ארוחה בבקבוק תות,,250.00,"100 מ""ל",false,1,5.50,2.20,false,1,16738
7290107935999,false,עד חצות חלב מקורמל,Unknown,,עד חצות חלב מקורמל,,190.00,100 גרם,false,1,17.90,9.42,true,1,16647
7290107936309,false,דנונה יווני לבן,Unknown,,דנונה יווני לבן,,120.00,100 גרם,false,1,3.70,3.08,true,1,24485
7290107936958,false,מארז עד חצות אצבעות,Unknown,,מארז עד חצות אצבעות,,125.00,100 גרם,false,1,14.50,11.60,true,1,18251
7290107936965,false,מארז עד חצות עיגולים,Unknown,,מארז עד חצות עיגולים,,225.00,100 גרם,false,1,17.90,7.96,true,1,18252
7290107937542,false,אקטיביה ת.משקה  1.2%,Unknown,,אקטיביה ת.משקה  1.2%,,250.00,"100 מ""ל",false,1,6.50,2.60,true,1,26654
7290107937627,false,מאסט צנצנת ספירמינט,Unknown,,מאסט צנצנת ספירמינט,,58.00,100 גרם,false,1,12.00,20.69,true,1,17273
7290107937634,false,מאסט צנצנת פפירמינט,Unknown,,מאסט צנצנת פפירמינט,,58.00,100 גרם,false,1,12.00,20.69,true,1,17274
7290107937641,false,מאסט צנצנת בזוקה,Unknown,,מאסט צנצנת בזוקה,,58.00,100 גרם,false,1,12.00,20.69,true,1,17275
7290107937665,false,פרה מיני ביסקוויט,Unknown,,פרה מיני ביסקוויט,,20.00,100 גרם,false,1,3.10,15.50,true,1,21058
7290107938396,false,אקטימל שמיניה תות,Unknown,,אקטימל שמיניה תות,,800.00,"100 מ""ל",false,1,26.00,3.25,true,1,24663
7290107939003,false,כשלפ עד חצות לבן,Unknown,,כשלפ עד חצות לבן,,190.00,100 גרם,false,1,17.90,9.42,true,1,17418
7290107939027,false,גזר דק דק 250 גר,Unknown,,גזר דק דק 250 גר,,250.00,100 גרם,false,1,10.90,4.36,true,1,23477
7290107940467,false,אקטיביה 1.5%,Unknown,,אקטיביה 1.5%,,200.00,100 גרם,false,1,4.50,2.25,false,1,22230
7290107942355,false,תפוציפס מקלות טבעי,Unknown,,תפוציפס מקלות טבעי,,60.00,100 גרם,false,1,5.90,9.83,true,1,17341
7290107942447,false,ממרח פסק זמן 350 ג,Unknown,,ממרח פסק זמן 350 ג,,350.00,100 גרם,false,1,15.50,4.43,true,1,25657
7290107943048,false,וופל טורטית 90 גר,Unknown,,וופל טורטית 90 גר,,90.00,100 גרם,false,1,6.90,7.67,true,1,17394
7290107943192,false,שמנת חמוצה מהערבה,Unknown,,שמנת חמוצה מהערבה,,200.00,100 גרם,false,1,4.90,2.45,false,1,23108
7290107944236,false,עלית רולדה קפה נמס,Unknown,,עלית רולדה קפה נמס,,350.00,100 גרם,false,1,18.90,5.40,true,1,22884
7290107944243,false,אפיפיות200 ג ל.גלוטן,Unknown,,אפיפיות200 ג ל.גלוטן,,200.00,100 גרם,false,1,9.50,4.75,true,1,18145
7290107944366,false,רבע לשבע לבן בדצ,Unknown,,רבע לשבע לבן בדצ,,120.00,100 גרם,false,1,14.50,12.08,true,1,17562
7290107944410,false,חלב 1% בקבוק,Unknown,,חלב 1% בקבוק,,2.00,1 ליטר,false,1,17.00,8.50,false,1,27522
7290107944472,false,סימפוניה שום שמיר 5%,Unknown,,סימפוניה שום שמיר 5%,,200.00,100 גרם,false,1,12.50,6.25,true,1,23922
7290107945165,false,קונפיטורת משמש 340ג,Unknown,,קונפיטורת משמש 340ג,,340.00,100 גרם,false,1,14.90,4.38,true,1,23710
7290107945240,false,קולורבי דק דק,Unknown,,קולורבי דק דק,,1.00,יחידה,false,1,12.90,12.90,true,1,25818
7290107945332,false,בפלות טראפלס בדצ,Unknown,,בפלות טראפלס בדצ,,87.50,100 גרם,false,1,6.90,7.89,true,1,18047
7290107947466,false,אנר מאגדת מ.טעמי,Unknown,,אנר מאגדת מ.טעמי,,168.00,100 גרם,false,1,16.00,9.52,true,1,24596
7290107947473,false,אנרגי מאגדת פסק זמן,Unknown,,אנרגי מאגדת פסק זמן,,198.00,100 גרם,false,1,16.00,8.08,true,1,19355
7290107947480,false,מ.מצופה שוקולד חלב,Unknown,,מ.מצופה שוקולד חלב,,168.00,100 גרם,false,1,16.00,9.52,true,1,20791
7290107947497,false,אנרגי תחתית פסז,Unknown,,אנרגי תחתית פסז,,33.00,100 גרם,false,1,5.00,15.15,true,1,19105
7290107947503,false,אנרגי מצופה שוקולד,Unknown,,אנרגי מצופה שוקולד,,28.00,100 גרם,false,1,5.00,17.86,true,1,19106
7290107947763,false,מיני עדשים לאפייה,Unknown,,מיני עדשים לאפייה,,130.00,100 גרם,false,1,11.50,8.85,true,1,22205
7290107947992,false,שוקולד אקסטרה חלב,Unknown,,שוקולד אקסטרה חלב,,100.00,100 גרם,false,1,9.00,9.00,true,1,19170
7290107948029,false,ש.אקסטרה צימוק ושקד,Unknown,,ש.אקסטרה צימוק ושקד,,100.00,100 גרם,false,1,9.00,9.00,true,1,19172
7290107950183,false,מעדן דיאט וניל,Unknown,,מעדן דיאט וניל,,125.00,100 גרם,false,1,3.90,3.12,false,1,26669
7290107950190,false,מ.שטראוס דיאט שוקולד,Unknown,,מ.שטראוס דיאט שוקולד,,125.00,100 גרם,false,1,3.90,3.12,true,1,24641
7290107950206,false,מ.שטראוס דיאט שוקולד,Unknown,,מ.שטראוס דיאט שוקולד,,125.00,100 גרם,false,1,3.90,3.12,true,1,24621
7290107950800,false,קוביות דלעת מבושלות,Unknown,,קוביות דלעת מבושלות,,1.00,יחידה,false,1,14.90,14.90,true,1,25819
7290107950817,false,קוביות בטטה מבושלות,Unknown,,קוביות בטטה מבושלות,,1.00,יחידה,false,1,14.90,14.90,true,1,25820
7290107951104,false,בפלות שוקולד 200 גר,Unknown,,בפלות שוקולד 200 גר,,200.00,100 גרם,false,1,6.00,3.00,true,1,17309
7290107951111,false,בפלות לימון 200 גר,Unknown,,בפלות לימון 200 גר,,200.00,100 גרם,false,1,6.00,3.00,true,1,17310
7290107951548,false,בלונדי שוקולד שקדים,Unknown,,בלונדי שוקולד שקדים,,100.00,100 גרם,false,1,10.00,10.00,true,1,18183
7290107951623,false,בלונדי שוקולד קרמל,Unknown,,בלונדי שוקולד קרמל,,100.00,100 גרם,false,1,10.00,10.00,true,1,18184
7290107951715,false,מאסט צנצנת ענבים,Unknown,,מאסט צנצנת ענבים,,58.00,100 גרם,false,1,12.00,20.69,true,1,17578
7290107954457,false,עוגת בראוניז פז בדצ,Unknown,,עוגת בראוניז פז בדצ,,380.00,100 גרם,false,1,20.50,5.39,true,1,18116
7290107954709,false,קונפיטורת פירות יער,Unknown,,קונפיטורת פירות יער,,340.00,100 גרם,false,1,14.90,4.38,true,1,23711
7290107954976,false,משקה יטבתה פ.קפה 350,Unknown,,משקה יטבתה פ.קפה 350,,300.00,"100 מ""ל",false,1,7.50,2.50,true,1,20715
7290107956826,false,ע.שוקוציפס ת. לבן,Unknown,,ע.שוקוציפס ת. לבן,,180.00,100 גרם,false,1,12.00,6.67,true,1,18146
7290107956833,false,ע.שוקוציפס ת. חלב,Unknown,,ע.שוקוציפס ת. חלב,,180.00,100 גרם,false,1,12.00,6.67,true,1,18147
7290107956901,false,עלית ת.נספרסו א.לוז,Unknown,,עלית ת.נספרסו א.לוז,,10.00,יחידה,false,1,16.50,1.65,true,1,22070
7290107956925,false,עלית ת. נספרסו 13,Unknown,,עלית ת. נספרסו 13,,10.00,יחידה,false,1,16.50,1.65,true,1,22071
7290107956932,false,קפסולות 12 אינדונזיה,Unknown,,קפסולות 12 אינדונזיה,,10.00,יחידה,false,1,16.50,1.65,false,1,27130
7290107957137,false,סימפוניה עשבי תיבול,Unknown,,סימפוניה עשבי תיבול,,200.00,100 גרם,false,1,12.50,6.25,false,1,27038
7290107957229,false,נטיפי שוקולד צ.מריר,Unknown,,נטיפי שוקולד צ.מריר,,250.00,100 גרם,false,1,13.00,5.20,true,1,24564
7290107957595,false,טבעות כרישה דק דק,Unknown,,טבעות כרישה דק דק,,1.00,יחידה,false,1,10.90,10.90,true,1,25821
7290107957779,false,דניאלה אפרסק 5%,Unknown,,דניאלה אפרסק 5%,,150.00,"100 מ""ל",false,1,4.90,3.27,true,1,22344
7290107957991,false,מילקי מינייס,Unknown,,מילקי מינייס,,144.00,100 גרם,false,1,17.00,11.81,true,1,24589
7290107958523,false,מוס רבע לשבע חלבה,Unknown,,מוס רבע לשבע חלבה,,100.00,100 גרם,false,1,18.90,18.90,true,1,21457
7290107958639,false,מטבוחה מרוקאית חריפה,Unknown,,מטבוחה מרוקאית חריפה,,400.00,100 גרם,false,1,17.90,4.47,true,1,26652
7290107958677,false,א.שוקולד ועדשים,Unknown,,א.שוקולד ועדשים,,96.00,100 גרם,false,1,10.00,10.42,true,1,25357
7290107973311,false,מברשת 360 פחם,Unknown,,מברשת 360 פחם,,2.00,יחידה,false,1,40.00,20.00,true,1,24958
7290107973809,false,קוביות עגבניות 400גר,Unknown,,קוביות עגבניות 400גר,,400.00,100 גרם,false,1,7.00,1.75,true,1,20843
7290107974066,false,עלי טורטיה 5 דגנים,Unknown,,עלי טורטיה 5 דגנים,,320.00,100 גרם,false,1,11.90,3.72,true,1,27720
7290107974073,false,עלי טורטיה קמח לבן,Unknown,,עלי טורטיה קמח לבן,,320.00,100 גרם,false,1,11.90,3.72,true,1,24533
7290107975100,false,מ.שף שעועית לבנה כשל,Unknown,,מ.שף שעועית לבנה כשל,,400.00,100 גרם,false,1,8.00,2.00,true,1,20841
7290107978637,false,מרידול משחת שיניים,Unknown,,מרידול משחת שיניים,,75.00,"100 מ""ל",false,1,22.90,30.53,true,1,24808
7290108350128,false,סנו סושי שקיות  40יח,Unknown,,סנו סושי שקיות  40יח,,40.00,יחידה,false,1,30.00,0.75,true,1,24809
7290108350616,false,מ.כביסה בלו בלוסום,Unknown,,מ.כביסה בלו בלוסום,,1.00,1 ליטר,false,1,20.90,20.90,true,1,24608
7290108351613,false,ריצפז פרש הום 2ל,Unknown,,ריצפז פרש הום 2ל,,2.00,1 ליטר,false,1,27.00,13.50,true,1,24810
7290108351699,false,גט+חומץ מגבונים,Unknown,,גט+חומץ מגבונים,,150.00,יחידה,false,1,25.00,0.17,true,1,24811
7290108352825,false,ספוג הפלא נירוסטה*3,Unknown,,ספוג הפלא נירוסטה*3,,3.00,יחידה,false,1,14.50,4.83,true,1,24812
7290108357707,false,כיף שמפו לשיער רגיל,Unknown,,כיף שמפו לשיער רגיל,,700.00,"100 מ""ל",false,1,14.50,2.07,true,1,24813
7290108357769,false,כיף מרכך לשיער רגיל,Unknown,,כיף מרכך לשיער רגיל,,700.00,"100 מ""ל",false,1,14.50,2.07,true,1,24814
7290108501346,false,גבינת גאודה מגורד500,Unknown,,גבינת גאודה מגורד500,,500.00,100 גרם,false,1,25.00,5.00,true,1,24682
7290108502220,false,פחם גלו 2 קג,Unknown,,פחם גלו 2 קג,,2.00,"1 ק""ג",false,1,20.00,10.00,true,1,20006
7290108502305,false,גבינת גרנה פדנו,Unknown,,גבינת גרנה פדנו,,150.00,100 גרם,false,1,19.90,13.27,false,1,26013
7290108502985,false,תפוחונים-תפוע מיובש,Unknown,,תפוחונים-תפוע מיובש,,22.00,100 גרם,false,1,6.00,27.27,true,1,24683
7290108503159,false,גבינה כחולה עם עובש,Unknown,,גבינה כחולה עם עובש,,100.00,100 גרם,false,1,14.90,14.90,false,1,26014
7290108503982,false,פרוסות גבינה טעם צדר,Unknown,,פרוסות גבינה טעם צדר,,150.00,100 גרם,false,1,9.90,6.60,false,1,26015
7290108504279,false,קשקבל צאנק 150גרם,Unknown,,קשקבל צאנק 150גרם,,150.00,100 גרם,false,1,16.90,11.27,false,1,26016
7290108505146,false,יוגורט בטעם טבעי 150,Unknown,,יוגורט בטעם טבעי 150,,150.00,100 גרם,false,1,5.50,3.67,false,1,26017
7290108505177,false,יוגורט עם אננס 150ג,Unknown,,יוגורט עם אננס 150ג,,150.00,100 גרם,false,1,5.50,3.67,false,1,26018
7290108505207,false,יוגורט עם אוכמניות,Unknown,,יוגורט עם אוכמניות,,150.00,100 גרם,false,1,5.50,3.67,false,1,26019
7290108505214,false,יוגורט עם אפרסק 150ג,Unknown,,יוגורט עם אפרסק 150ג,,150.00,100 גרם,false,1,5.50,3.67,false,1,26020
7290108506488,false,סופלה שוקולד קפוא200,Unknown,,סופלה שוקולד קפוא200,,200.00,100 גרם,false,1,20.00,10.00,true,1,24684
7290108506495,false,כנאפה קפוא 192.5 גרם,Unknown,,כנאפה קפוא 192.5 גרם,,192.50,100 גרם,false,1,18.00,9.35,true,1,24685
7290108506549,false,גליליות וופל וניל400,Unknown,,גליליות וופל וניל400,,400.00,100 גרם,false,1,18.00,4.50,true,1,24815
7290108506709,false,גבינת פרמגאנו רגיאנו,Unknown,,גבינת פרמגאנו רגיאנו,,150.00,100 גרם,false,1,25.90,17.27,false,1,26021
7290108506914,false,עוגת טירמיסו 600גרם,Unknown,,עוגת טירמיסו 600גרם,,600.00,100 גרם,false,1,50.00,8.33,true,1,24686
7290108509359,false,פופקורן צ.קרמל 90ג,Unknown,,פופקורן צ.קרמל 90ג,,90.00,100 גרם,false,1,8.90,9.89,true,1,26562
7290108509700,false,אורז פרסי 1 קג,Unknown,,אורז פרסי 1 קג,,1.00,"1 ק""ג",false,1,10.90,10.90,false,1,25394
7290108509946,false,טורטייה 250 גרם,Unknown,,טורטייה 250 גרם,,250.00,100 גרם,false,1,5.90,2.36,false,1,25395
7290108509960,false,טונה ש.זית שלישייה,Unknown,,טונה ש.זית שלישייה,,80.00,100 גרם,false,1,15.90,19.88,false,1,25396
7290108941050,false,עינת  טריפל בשר שמינ,Unknown,,עינת  טריפל בשר שמינ,,220.00,100 גרם,false,1,18.00,8.18,true,1,17285
7290108941067,false,כריך שקשוקה,Unknown,,כריך שקשוקה,,220.00,100 גרם,false,1,18.00,8.18,true,1,17286
7290108941074,false,טוסט גבינה ופטריות,Unknown,,טוסט גבינה ופטריות,,200.00,100 גרם,false,1,18.00,9.00,true,1,17802
7290108941203,false,עינת שמינייה שניצל,Unknown,,עינת שמינייה שניצל,,270.00,100 גרם,false,1,18.00,6.67,true,1,19131
7290108941210,false,עינת שמינייה שווארמה,Unknown,,עינת שמינייה שווארמה,,250.00,100 גרם,false,1,18.00,7.20,true,1,19132
7290108941630,false,פשוטוסט,Unknown,,פשוטוסט,,215.00,100 גרם,false,1,21.00,9.77,false,1,21649
7290108941692,false,כריך סלט ביצים,Unknown,,כריך סלט ביצים,,0.00,,false,1,18.00,0.00,true,1,23892
7290108941746,false,כריך גבטה טוניסאי,Unknown,,כריך גבטה טוניסאי,,1.00,יחידה,false,1,22.00,22.00,false,1,26985
7290108941753,false,גבטה דאבל בשר,Unknown,,גבטה דאבל בשר,,295.00,100 גרם,false,1,22.00,7.46,false,1,22452
7290108941760,false,כריך גבטה סביח,Unknown,,כריך גבטה סביח,,1.00,יחידה,false,1,22.00,22.00,false,1,26986
7290108941777,false,גבטה לאבנה ים ת.,Unknown,,גבטה לאבנה ים ת.,,290.00,100 גרם,false,1,22.00,7.59,false,1,22453
7290108941845,false,כריך גבטה גבינות,Unknown,,כריך גבטה גבינות,,1.00,יחידה,false,1,22.00,22.00,false,1,26987
7290109351209,false,לה פרוטה אננס תפוז,Unknown,,לה פרוטה אננס תפוז,,80.00,100 גרם,false,1,9.90,12.38,true,1,16739
7290109351957,false,פיטנס פריכיות שוקולד,Unknown,,פיטנס פריכיות שוקולד,,100.00,100 גרם,false,1,8.90,8.90,true,1,18729
7290109351971,false,מ.פיטנס בר פ.שוקולד,Unknown,,מ.פיטנס בר פ.שוקולד,,84.00,100 גרם,false,1,14.90,17.74,true,1,18117
7290109352916,false,מ.פיטנס שוקולד לבן,Unknown,,מ.פיטנס שוקולד לבן,,84.00,100 גרם,false,1,14.90,17.74,true,1,18118
7290109353517,false,פרפקטו איטריות,Unknown,,פרפקטו איטריות,,500.00,100 גרם,false,1,8.90,1.78,true,1,24922
7290109355504,false,קראנץ וניל ונוגט,Unknown,,קראנץ וניל ונוגט,,114.00,100 גרם,false,1,12.90,11.32,true,1,17302
7290109356556,false,אסם חטיפי קרקר כלפ,Unknown,,אסם חטיפי קרקר כלפ,,170.00,100 גרם,false,1,10.00,5.88,true,1,17474
7290109358130,false,לה פרוטה אננס פסיפלו,Unknown,,לה פרוטה אננס פסיפלו,,300.00,100 גרם,false,1,27.90,9.30,true,1,23243
7290109358529,false,אטריות דקיקות פלוס,Unknown,,אטריות דקיקות פלוס,,330.00,100 גרם,false,1,9.00,2.73,true,1,23684
7290109358765,false,קראנץ רולס 450 גרם,Unknown,,קראנץ רולס 450 גרם,,450.00,100 גרם,false,1,22.90,5.09,true,1,23686
7290109580104,false,זוגלובק רוסטביף 150ג,Unknown,,זוגלובק רוסטביף 150ג,,150.00,100 גרם,false,1,26.90,17.93,true,1,27272
7290109580135,false,זוגלובק ק. 180ג,Unknown,,זוגלובק ק. 180ג,,180.00,100 גרם,false,1,26.90,14.94,true,1,27273
7290109640020,false,גוש טבעוני מוצרלה18%,Unknown,,גוש טבעוני מוצרלה18%,,300.00,100 גרם,false,1,21.90,7.30,false,1,26394
7290109640198,false,מגורדת לפיצה ולאפיה,Unknown,,מגורדת לפיצה ולאפיה,,200.00,100 גרם,false,1,21.90,10.95,false,1,26395
7290109640372,false,ממרח זיתים 9% 200גרם,Unknown,,ממרח זיתים 9% 200גרם,,200.00,100 גרם,false,1,17.90,8.95,false,1,26396
7290109640396,false,ממרח שום שמיר 9%,Unknown,,ממרח שום שמיר 9%,,200.00,100 גרם,false,1,17.90,8.95,false,1,26397
7290109640402,false,ממרח על בסיס קוקוס9%,Unknown,,ממרח על בסיס קוקוס9%,,200.00,100 גרם,false,1,17.90,8.95,false,1,26398
7290109640648,false,ממרח בטעם חמאה 150גר,Unknown,,ממרח בטעם חמאה 150גר,,150.00,100 גרם,false,1,13.50,9.00,false,1,26399
7290110059453,false,ס.סודה צמיד הלו קיטי,Unknown,,ס.סודה צמיד הלו קיטי,,11.40,100 גרם,false,1,17.90,157.02,true,1,27531
7290110110277,false,סומרסבי רביעייה,Unknown,,סומרסבי רביעייה,,0.00,,false,1,44.90,0.00,false,1,19016
7290110110352,false,קרלסברג 0% 330,Unknown,,קרלסברג 0% 330,,330.00,"100 מ""ל",false,1,10.00,2.94,true,1,20646
7290110110635,false,ספרייט ליים 500 מל,Unknown,,ספרייט ליים 500 מל,,500.00,"100 מ""ל",false,1,9.90,1.92,true,1,18643
7290110110659,false,ספרייט LIME סליק,Unknown,,ספרייט LIME סליק,,330.00,"100 מ""ל",false,1,8.90,2.61,true,1,24604
7290110110765,false,פיוז טי לימונענע,Unknown,,פיוז טי לימונענע,,500.00,"100 מ""ל",false,1,9.90,1.92,true,1,19114
7290110111557,false,פאוורייד בטעם פירות,Unknown,,פאוורייד בטעם פירות,,500.00,"100 מ""ל",false,1,10.90,2.12,true,1,22218
7290110111564,false,פאוורייד הדרים,Unknown,,פאוורייד הדרים,,500.00,"100 מ""ל",false,1,10.90,2.12,true,1,22219
7290110113377,false,קוקה קולה 1ל-רביעייה,Unknown,,קוקה קולה 1ל-רביעייה,,4.00,1 ליטר,false,1,39.90,9.68,true,1,22072
7290110113384,false,קולה זירו 1ל רביעייה,Unknown,,קולה זירו 1ל רביעייה,,4.00,1 ליטר,false,1,39.90,9.68,true,1,22073
7290110113421,false,קרלסברג לומה 330,Unknown,,קרלסברג לומה 330,,330.00,"100 מ""ל",false,1,16.00,4.76,true,1,21237
7290110113469,false,קולה זירו מנגו פחית,Unknown,,קולה זירו מנגו פחית,,330.00,"100 מ""ל",false,1,8.90,2.61,true,1,21005
7290110113476,false,קרלסברג 0% שישייה,Unknown,,קרלסברג 0% שישייה,,1.98,1 ליטר,false,1,51.60,25.15,true,1,26746
7290110113490,false,פיוזטי אפרסק 16קל,Unknown,,פיוזטי אפרסק 16קל,,500.00,"100 מ""ל",false,1,8.00,1.54,true,1,23169
7290110113902,false,טובורג פחית 330 מל,Unknown,,טובורג פחית 330 מל,,330.00,"100 מ""ל",false,1,10.90,3.21,true,1,23109
7290110113926,false,פאנטה ZERO,Unknown,,פאנטה ZERO,,500.00,"100 מ""ל",false,1,9.90,1.92,true,1,21786
7290110114589,false,נביעות פ.פרי תפוח1.5,Unknown,,נביעות פ.פרי תפוח1.5,,1.50,1 ליטר,false,1,11.90,7.93,true,1,22548
7290110114770,false,משקל ענבים 40% פ.סוכ,Unknown,,משקל ענבים 40% פ.סוכ,,500.00,"100 מ""ל",false,1,8.00,1.54,true,1,23110
7290110114787,false,נביעות+ תפוח 1.5 פ,Unknown,,נביעות+ תפוח 1.5 פ,,1.50,1 ליטר,false,1,13.90,9.07,true,1,24088
7290110114794,false,נביעות +אפרסק1.5 פ,Unknown,,נביעות +אפרסק1.5 פ,,1.50,1 ליטר,false,1,13.90,9.07,true,1,24126
7290110114800,false,נביעות +ענבים1.5 פ,Unknown,,נביעות +ענבים1.5 פ,,1.50,1 ליטר,false,1,13.90,9.07,true,1,24127
7290110114824,false,נביעות+פ.אבטיח 1.5 פ,Unknown,,נביעות+פ.אבטיח 1.5 פ,,1.58,"1 ק""ג",false,1,13.90,8.61,true,1,24128
7290110114862,false,נביעות 1.5 שמינייה פ,Unknown,,נביעות 1.5 שמינייה פ,,12.00,1 ליטר,false,1,26.00,1.97,true,1,24189
7290110114893,false,פריגת סחוט תפוז 2 פ,Unknown,,פריגת סחוט תפוז 2 פ,,2.00,1 ליטר,false,1,32.00,15.85,true,1,24129
7290110114961,false,פריגת תפוזים 1.5 פ,Unknown,,פריגת תפוזים 1.5 פ,,1.50,1 ליטר,false,1,14.90,9.73,true,1,24130
7290110114985,false,פריגת אשכוליות 1.5 פ,Unknown,,פריגת אשכוליות 1.5 פ,,1.50,1 ליטר,false,1,14.90,9.73,true,1,24131
7290110115005,false,פריגת ענבים 1.5 פ,Unknown,,פריגת ענבים 1.5 פ,,1.50,1 ליטר,false,1,14.90,9.73,true,1,24132
7290110115029,false,פריגת תפוחים 1.5 פ,Unknown,,פריגת תפוחים 1.5 פ,,1.50,1 ליטר,false,1,12.00,7.80,true,1,24133
7290110115043,false,פריגת לימונענע 1.5פ,Unknown,,פריגת לימונענע 1.5פ,,1.50,1 ליטר,false,1,14.90,9.73,true,1,24134
7290110115050,false,פריגת מ.תות בננה פ,Unknown,,פריגת מ.תות בננה פ,,1.50,1 ליטר,false,1,14.90,9.73,true,1,24135
7290110115104,false,פריגת צ.אפרסק 1.5 פ,Unknown,,פריגת צ.אפרסק 1.5 פ,,1.50,1 ליטר,false,1,12.00,7.80,true,1,24136
7290110115111,false,פריגת צ.אננס 1.5 פ,Unknown,,פריגת צ.אננס 1.5 פ,,1.50,1 ליטר,false,1,12.00,7.80,true,1,24137
7290110115180,false,נביעות 1.5 ל בודד פ,Unknown,,נביעות 1.5 ל בודד פ,,1.50,1 ליטר,false,1,9.50,6.13,true,1,24190
7290110115203,false,קוקה קולה 1.5 פ,Unknown,,קוקה קולה 1.5 פ,,1.50,1 ליטר,false,1,14.90,9.73,true,1,24138
7290110115210,false,קוקה קולה דיאט 1.5 פ,Unknown,,קוקה קולה דיאט 1.5 פ,,1.50,1 ליטר,false,1,14.90,9.73,true,1,24139
7290110115227,false,קוקה קולה 1.5 ZERO פ,Unknown,,קוקה קולה 1.5 ZERO פ,,1.50,1 ליטר,false,1,14.90,9.73,true,1,24140
7290110115241,false,קולה זירו לימון 1.5פ,Unknown,,קולה זירו לימון 1.5פ,,1.50,1 ליטר,false,1,14.90,9.73,true,1,24063
7290110115265,false,ספרייט ליים 1.5 פ,Unknown,,ספרייט ליים 1.5 פ,,1.50,1 ליטר,false,1,13.90,9.07,true,1,24141
7290110115272,false,ספרייט זירו 1.5 פ,Unknown,,ספרייט זירו 1.5 פ,,1.50,1 ליטר,false,1,12.90,8.40,true,1,24142
7290110115296,false,פאנטה אורנג 1.5 פ,Unknown,,פאנטה אורנג 1.5 פ,,1.50,1 ליטר,false,1,13.90,9.07,true,1,24144
7290110115302,false,פאנטה אורנג ZERO פ,Unknown,,פאנטה אורנג ZERO פ,,1.50,1 ליטר,false,1,10.90,7.07,true,1,24145
7290110115357,false,קינלי סודה 1.5 פ,Unknown,,קינלי סודה 1.5 פ,,1.50,1 ליטר,false,1,8.90,5.73,true,1,24146
7290110115364,false,קוקה קולה 6*1.5ל פ,Unknown,,קוקה קולה 6*1.5ל פ,,9.00,1 ליטר,false,1,57.30,6.17,true,1,24147
7290110115388,false,שישיית ספרייט  1.5 פ,Unknown,,שישיית ספרייט  1.5 פ,,9.00,1 ליטר,false,1,57.30,6.17,true,1,24148
7290110115395,false,ספרייט זירו 6* 1.5 פ,Unknown,,ספרייט זירו 6* 1.5 פ,,9.00,1 ליטר,false,1,54.10,5.81,true,1,24149
7290110115418,false,קוקה קולה זירו6*1.5פ,Unknown,,קוקה קולה זירו6*1.5פ,,9.00,1 ליטר,false,1,54.10,5.81,true,1,24150
7290110115425,false,פיוז טי לימונענע1.5פ,Unknown,,פיוז טי לימונענע1.5פ,,1.50,1 ליטר,false,1,14.90,9.73,true,1,24151
7290110115449,false,פיוז טי מ.אננס1.5 פ,Unknown,,פיוז טי מ.אננס1.5 פ,,1.50,1 ליטר,false,1,14.90,9.73,true,1,24152
7290110115456,false,פיוזטי אפרסק 1.5 פ,Unknown,,פיוזטי אפרסק 1.5 פ,,1.50,1 ליטר,false,1,14.90,9.73,true,1,24153
7290110115463,false,פיוז טי אפרסק1.5 פ,Unknown,,פיוז טי אפרסק1.5 פ,,1.50,1 ליטר,false,1,14.90,9.73,true,1,24154
7290110115470,false,פיוז טי ד.אפרסק1.5 פ,Unknown,,פיוז טי ד.אפרסק1.5 פ,,1.50,1 ליטר,false,1,11.90,7.73,true,1,24155
7290110115487,false,פיוזטי אפרסק 4*1.5 פ,Unknown,,פיוזטי אפרסק 4*1.5 פ,,6.00,1 ליטר,false,1,44.00,7.13,true,1,24156
7290110115494,false,פיוז טי ענבים 1.5 פ,Unknown,,פיוז טי ענבים 1.5 פ,,1.50,1 ליטר,false,1,14.90,9.73,true,1,24157
7290110115531,false,פאנטה ZERO תפוח 1.5פ,Unknown,,פאנטה ZERO תפוח 1.5פ,,1.50,1 ליטר,false,1,10.90,7.07,true,1,24158
7290110115616,false,פיוז טי ז.גרין 1.5,Unknown,,פיוז טי ז.גרין 1.5,,1.50,1 ליטר,false,1,14.90,9.73,true,1,24027
7290110115623,false,פיוז טי ז.אפרסק 1.5,Unknown,,פיוז טי ז.אפרסק 1.5,,1.50,1 ליטר,false,1,14.90,9.73,true,1,24028
7290110115654,false,פיוז טי ז.גרין 500,Unknown,,פיוז טי ז.גרין 500,,500.00,"100 מ""ל",false,1,8.00,1.54,true,1,24029
7290110115661,false,פיוז טי ז.אפרסק 500,Unknown,,פיוז טי ז.אפרסק 500,,500.00,"100 מ""ל",false,1,9.90,1.92,true,1,24030
7290110115692,false,פ.קוביות מ.אלוורה,Unknown,,פ.קוביות מ.אלוורה,,500.00,"100 מ""ל",false,1,10.90,2.12,true,1,27902
7290110115739,false,פריגת קוביות קוקוס,Unknown,,פריגת קוביות קוקוס,,500.00,"100 מ""ל",false,1,10.90,2.12,true,1,27903
7290110115845,false,קוקה קולה 1.5 ל,Unknown,,קוקה קולה 1.5 ל,,1.50,1 ליטר,false,1,14.90,9.73,true,1,27006
7290110115869,false,ק.קולה 1.5 ZEROפקדון,Unknown,,ק.קולה 1.5 ZEROפקדון,,1.50,1 ליטר,false,1,14.90,9.73,true,1,28213
7290110115913,false,פאוורייד ZERO אננס,Unknown,,פאוורייד ZERO אננס,,500.00,"100 מ""ל",false,1,9.90,1.92,true,1,26563
7290110116040,false,פאנטהZERO פ.כחול1.5,Unknown,,פאנטהZERO פ.כחול1.5,,1.50,1 ליטר,false,1,10.90,7.07,true,1,27467
7290110116057,false,פאנטהZERO פ.כחול0.5,Unknown,,פאנטהZERO פ.כחול0.5,,500.00,"100 מ""ל",false,1,8.00,1.54,true,1,27468
7290110116064,false,פאנטהZERO פ.ירוק 1.5,Unknown,,פאנטהZERO פ.ירוק 1.5,,1.50,1 ליטר,false,1,10.90,7.07,true,1,27469
7290110116071,false,פאנטהZERO פ.ירוק0.5,Unknown,,פאנטהZERO פ.ירוק0.5,,500.00,"100 מ""ל",false,1,8.00,1.54,true,1,27470
7290110116163,false,נביעות+מנגו פסיפל500,Unknown,,נביעות+מנגו פסיפל500,,500.00,"100 מ""ל",false,1,9.90,1.92,true,1,27989
7290110116187,false,נביעות+קוקוס אננס500,Unknown,,נביעות+קוקוס אננס500,,500.00,"100 מ""ל",false,1,9.90,1.92,true,1,27988
7290110116200,false,נביעות+לימון ליים0קל,Unknown,,נביעות+לימון ליים0קל,,500.00,"100 מ""ל",false,1,9.90,1.92,true,1,27991
7290110116224,false,נביעות+אשכולית0קלו,Unknown,,נביעות+אשכולית0קלו,,500.00,"100 מ""ל",false,1,9.90,1.92,true,1,27990
7290110116385,false,קוקה קולה סטפאני,Unknown,,קוקה קולה סטפאני,,330.00,"100 מ""ל",false,1,7.00,2.03,true,1,27682
7290110116514,false,פ.מיקס תות בננה,Unknown,,פ.מיקס תות בננה,,400.00,"100 מ""ל",false,1,12.90,3.15,true,1,28179
7290110116521,false,פ. אפרסק משמש,Unknown,,פ. אפרסק משמש,,400.00,"100 מ""ל",false,1,12.90,3.15,true,1,28180
7290110116576,false,ספרייט ל.היט 0.5 ל,Unknown,,ספרייט ל.היט 0.5 ל,,500.00,"100 מ""ל",false,1,9.90,1.92,true,1,28102
7290110320010,false,מעדן סויה ביו ללא ס,Unknown,,מעדן סויה ביו ללא ס,,125.00,"100 מ""ל",false,1,5.00,4.00,true,1,23814
7290110320683,false,משקאות יופלה תות*8,Unknown,,משקאות יופלה תות*8,,856.00,100 גרם,false,1,19.90,2.32,false,1,26218
7290110320744,false,גבינת גרנה פדנו 150ג,Unknown,,גבינת גרנה פדנו 150ג,,150.00,100 גרם,false,1,24.50,16.33,false,1,26219
7290110320850,false,פתיתי עמק 200 גרם,Unknown,,פתיתי עמק 200 גרם,,200.00,100 גרם,false,1,15.50,7.75,true,1,23533
7290110320867,false,פתיתים למאפים 500 גר,Unknown,,פתיתים למאפים 500 גר,,500.00,100 גרם,false,1,39.00,7.80,true,1,23791
7290110320935,false,תנובה פרוסות מוצרלה,Unknown,,תנובה פרוסות מוצרלה,,150.00,100 גרם,false,1,18.00,12.00,true,1,23792
7290110321031,false,יופלה GO לבן 200ג,Unknown,,יופלה GO לבן 200ג,,200.00,100 גרם,false,1,7.00,3.50,true,1,20717
7290110321048,false,יופלהGO מתיקות מעודנ,Unknown,,יופלהGO מתיקות מעודנ,,200.00,100 גרם,false,1,7.00,3.50,true,1,20718
7290110321277,false,קוטג בקטנה 5% 100ג,Unknown,,קוטג בקטנה 5% 100ג,,100.00,100 גרם,false,1,2.70,2.70,true,1,23793
7290110321284,false,קוטג בקטנה 9% 100ג,Unknown,,קוטג בקטנה 9% 100ג,,100.00,100 גרם,false,1,2.70,2.70,true,1,23794
7290110321680,false,יופלה גו GO תות,Unknown,,יופלה גו GO תות,,200.00,100 גרם,false,1,7.00,3.50,true,1,20719
7290110321697,false,יופלה GO אפרסק,Unknown,,יופלה GO אפרסק,,200.00,100 גרם,false,1,7.00,3.50,true,1,23772
7290110321703,false,יופלה GO פירות יער,Unknown,,יופלה GO פירות יער,,200.00,100 גרם,false,1,7.00,3.50,true,1,20721
7290110321789,false,גבינת מסקרפונה 250ג,Unknown,,גבינת מסקרפונה 250ג,,250.00,100 גרם,false,1,22.40,8.96,true,1,26274
7290110322014,false,טופו בטעם טבעי 300 ג,Unknown,,טופו בטעם טבעי 300 ג,,300.00,100 גרם,false,1,15.00,5.00,true,1,23795
7290110322021,false,טופו עם בזיליקום,Unknown,,טופו עם בזיליקום,,300.00,100 גרם,false,1,15.00,5.00,false,1,26220
7290110322038,false,טופו פיקנטי תנובה,Unknown,,טופו פיקנטי תנובה,,300.00,100 גרם,false,1,15.00,5.00,false,1,26221
7290110322946,false,יופלה טיוב תות בננה,Unknown,,יופלה טיוב תות בננה,,348.00,100 גרם,false,1,14.00,4.02,false,1,26222
7290110323066,false,יופלה גו משקה בננה,Unknown,,יופלה גו משקה בננה,,250.00,"100 מ""ל",false,1,7.50,3.00,true,1,22225
7290110323073,false,יופלה גו משקה תות,Unknown,,יופלה גו משקה תות,,250.00,"100 מ""ל",false,1,7.50,3.00,true,1,20722
7290110323097,false,תאומים גביע בודד 80ג,Unknown,,תאומים גביע בודד 80ג,,80.00,100 גרם,false,1,2.50,3.12,true,1,23796
7290110323301,false,טל העמק בסגנון אמנטל,Unknown,,טל העמק בסגנון אמנטל,,200.00,100 גרם,false,1,21.50,10.75,false,1,26223
7290110323585,false,יופלה גו לייט דובדבן,Unknown,,יופלה גו לייט דובדבן,,200.00,100 גרם,false,1,6.50,3.25,false,1,26224
7290110323592,false,יוגורט אפ מופחת GO,Unknown,,יוגורט אפ מופחת GO,,200.00,100 גרם,false,1,7.00,3.50,true,1,23773
7290110323714,false,אלטרנטיב שקדים קוקוס,Unknown,,אלטרנטיב שקדים קוקוס,,1.00,1 ליטר,false,1,13.50,13.50,true,1,23797
7290110324025,false,פתיתי מוצרלה 22%,Unknown,,פתיתי מוצרלה 22%,,500.00,100 גרם,false,1,40.00,8.00,true,1,23818
7290110324353,false,יופלה גו לייט אננס,Unknown,,יופלה גו לייט אננס,,200.00,100 גרם,false,1,6.50,3.25,false,1,26226
7290110324711,false,ממרח סויה בטעם טבעי,Unknown,,ממרח סויה בטעם טבעי,,250.00,100 גרם,false,1,9.90,3.96,true,1,23803
7290110324728,false,ממרח סויה שום שמיר9%,Unknown,,ממרח סויה שום שמיר9%,,250.00,100 גרם,false,1,9.90,3.96,false,1,26228
7290110324841,false,מ.שקדים שוקולד מריר,Unknown,,מ.שקדים שוקולד מריר,,125.00,100 גרם,false,1,5.50,4.40,true,1,20494
7290110324858,false,מעדן שקדים אגוזי לוז,Unknown,,מעדן שקדים אגוזי לוז,,125.00,100 גרם,false,1,5.50,4.40,true,1,20495
7290110324926,false,אלטרנטיב סויה ל.סוכר,Unknown,,אלטרנטיב סויה ל.סוכר,,1.00,1 ליטר,false,1,12.40,12.40,true,1,23799
7290110325114,false,משקה גו לייט תות,Unknown,,משקה גו לייט תות,,250.00,"100 מ""ל",false,1,7.50,3.00,true,1,20724
7290110325121,false,יופלה גו מנגו אננס,Unknown,,יופלה גו מנגו אננס,,250.00,100 גרם,false,1,7.50,3.00,true,1,26275
7290110325169,false,פרוסות גאודה 170ג,Unknown,,פרוסות גאודה 170ג,,170.00,100 גרם,false,1,20.90,12.29,false,1,26229
7290110325237,false,גלבוע 200 גרם דקדק,Unknown,,גלבוע 200 גרם דקדק,,200.00,100 גרם,false,1,14.50,7.25,true,1,24642
7290110325305,false,מ.סויה GO ב.מעודנת,Unknown,,מ.סויה GO ב.מעודנת,,200.00,100 גרם,false,1,6.50,3.25,true,1,20496
7290110325312,false,מעדן סויה GO תות,Unknown,,מעדן סויה GO תות,,200.00,100 גרם,false,1,6.50,3.25,true,1,20497
7290110325619,false,אלטרנטיב שיבול.שועל,Unknown,,אלטרנטיב שיבול.שועל,,1.00,1 ליטר,false,1,14.00,14.00,true,1,22887
7290110325626,false,משקה שקדים,Unknown,,משקה שקדים,,1.00,1 ליטר,false,1,14.00,14.00,true,1,23812
7290110325701,false,פיראוס צזיקי יווני,Unknown,,פיראוס צזיקי יווני,,250.00,100 גרם,false,1,13.90,5.56,false,1,26230
7290110325879,false,פתיתי גאודה 200 גרם,Unknown,,פתיתי גאודה 200 גרם,,200.00,100 גרם,false,1,18.90,9.45,false,1,26231
7290110325893,false,תנובה GO אייס קפה,Unknown,,תנובה GO אייס קפה,,340.00,"100 מ""ל",false,1,9.50,2.79,true,1,20859
7290110326210,false,יופלה א.טופ פצפוצים,Unknown,,יופלה א.טופ פצפוצים,,157.00,100 גרם,false,1,5.70,3.63,false,1,20871
7290110326227,false,און טופ קורנפלקס,Unknown,,און טופ קורנפלקס,,167.00,100 גרם,false,1,5.70,3.41,true,1,22888
7290110326234,false,יופלה און טופ כוכבים,Unknown,,יופלה און טופ כוכבים,,160.00,100 גרם,false,1,5.70,3.56,false,1,26232
7290110326241,false,יופלה און טופ גרנולה,Unknown,,יופלה און טופ גרנולה,,157.00,100 גרם,false,1,5.70,3.63,false,1,20881
7290110326333,false,פרוסות ג.סקנדינבית,Unknown,,פרוסות ג.סקנדינבית,,170.00,100 גרם,false,1,20.90,12.29,false,1,26233
7290110326449,false,השף הלבן חמאה,Unknown,,השף הלבן חמאה,,250.00,100 גרם,false,1,9.85,3.94,false,1,21239
7290110326906,false,תנובה חלב נטול3%,Unknown,,תנובה חלב נטול3%,,1.00,1 ליטר,false,1,8.00,8.00,true,1,23802
7290110326999,false,מ.חלב עם שוקולד,Unknown,,מ.חלב עם שוקולד,,340.00,"100 מ""ל",false,1,8.50,2.50,true,1,21240
7290110327064,false,אלטרנטיב קפה קרמל1ל,Unknown,,אלטרנטיב קפה קרמל1ל,,1.00,1 ליטר,false,1,13.90,13.90,false,1,27040
7290110327316,false,גבינה לבנה + פריכיות,Unknown,,גבינה לבנה + פריכיות,,250.00,100 גרם,false,1,6.00,2.40,true,1,22592
7290110327514,false,אלטרנטיב אגוז לוז 1ל,Unknown,,אלטרנטיב אגוז לוז 1ל,,1.00,1 ליטר,false,1,14.00,14.00,false,1,23990
7290110327798,false,חטיף חלבון שוקולד GO,Unknown,,חטיף חלבון שוקולד GO,,60.00,100 גרם,false,1,14.90,24.83,true,1,22820
7290110327804,false,חטיף חלבון GOבצק עוג,Unknown,,חטיף חלבון GOבצק עוג,,60.00,100 גרם,false,1,14.90,24.83,true,1,22821
7290110327811,false,חטיף חלבון קוקוס GO,Unknown,,חטיף חלבון קוקוס GO,,60.00,100 גרם,false,1,14.90,24.83,true,1,22822
7290110327828,false,חטיף חלבון GO ח.בוטנ,Unknown,,חטיף חלבון GO ח.בוטנ,,60.00,100 גרם,false,1,14.90,24.83,true,1,22823
7290110327880,false,תנובה חלב בקרטון 1%,Unknown,,תנובה חלב בקרטון 1%,,1.00,1 ליטר,false,1,5.86,5.86,false,1,21566
7290110328016,false,גו משקה סויה א.לוז,Unknown,,גו משקה סויה א.לוז,,250.00,100 גרם,false,1,7.50,3.00,true,1,22380
7290110328146,false,פ.בסגנון גאודה,Unknown,,פ.בסגנון גאודה,,200.00,100 גרם,false,1,23.90,11.95,true,1,27022
7290110328221,false,יוגורט נטול לקטוז,Unknown,,יוגורט נטול לקטוז,,200.00,100 גרם,false,1,4.50,2.25,false,1,26236
7290110328436,false,פלח גאודה עיזים,Unknown,,פלח גאודה עיזים,,150.00,100 גרם,false,1,23.90,15.93,true,1,27003
7290110328474,false,פלח פרמגאנו רגיאנו,Unknown,,פלח פרמגאנו רגיאנו,,150.00,100 גרם,false,1,31.50,21.00,false,1,26237
7290110328481,false,פתיתי פרמגיאנו,Unknown,,פתיתי פרמגיאנו,,100.00,100 גרם,false,1,17.50,17.50,false,1,26238
7290110328504,false,טריו מיקס 3 גבינות,Unknown,,טריו מיקס 3 גבינות,,300.00,100 גרם,false,1,28.50,9.50,false,1,26239
7290110328627,false,יוגורט גו בננה קרמל,Unknown,,יוגורט גו בננה קרמל,,200.00,100 גרם,false,1,6.50,3.25,false,1,26240
7290110328764,false,יוגורט גו 0% תות,Unknown,,יוגורט גו 0% תות,,200.00,100 גרם,false,1,6.50,3.25,true,1,24202
7290110328771,false,יוגורט גו 0% פ. יער,Unknown,,יוגורט גו 0% פ. יער,,200.00,100 גרם,false,1,6.50,3.25,true,1,24203
7290110328788,false,יוגורט גו 0% אפרסק,Unknown,,יוגורט גו 0% אפרסק,,200.00,100 גרם,false,1,6.50,3.25,true,1,25083
7290110328887,false,חלב 3% מהדרין,Unknown,,חלב 3% מהדרין,,1.00,1 ליטר,false,1,6.23,6.23,false,1,27523
7290110328955,false,קוביות עזים מתובל,Unknown,,קוביות עזים מתובל,,350.00,100 גרם,false,1,27.90,7.97,false,1,27042
7290110329136,false,מעדן חלב גו שוקולד,Unknown,,מעדן חלב גו שוקולד,,230.00,100 גרם,false,1,5.50,2.39,false,1,24031
7290110329143,false,מעדן חלב גו וניל,Unknown,,מעדן חלב גו וניל,,120.00,100 גרם,false,1,5.50,4.58,false,1,24032
7290110329150,false,מעדן חלב גו קפה,Unknown,,מעדן חלב גו קפה,,120.00,100 גרם,false,1,5.50,4.58,false,1,24033
7290110329266,false,יוגורט תנובה עיזים,Unknown,,יוגורט תנובה עיזים,,140.00,100 גרם,false,1,6.50,4.64,false,1,26241
7290110329426,false,טופו טבעי עם רוטב,Unknown,,טופו טבעי עם רוטב,,310.00,100 גרם,false,1,15.90,5.13,false,1,27043
7290110329433,false,טופו רוטב סצואן,Unknown,,טופו רוטב סצואן,,310.00,100 גרם,false,1,15.90,5.13,false,1,27044
7290110329624,false,יופלה OLALA טארט,Unknown,,יופלה OLALA טארט,,150.00,100 גרם,false,1,5.80,3.87,false,1,25139
7290110329631,false,יופלה OLALA תות,Unknown,,יופלה OLALA תות,,150.00,100 גרם,false,1,5.80,3.87,false,1,25140
7290110329686,false,משקה חלב GO עוגיות,Unknown,,משקה חלב GO עוגיות,,340.00,"100 מ""ל",false,1,9.50,2.79,false,1,23991
7290110329693,false,יוגורט גו 0% מלבי,Unknown,,יוגורט גו 0% מלבי,,200.00,100 גרם,false,1,6.50,3.25,false,1,23992
7290110329716,false,תנובה קפה קפוצינ230,Unknown,,תנובה קפה קפוצינ230,,230.00,100 גרם,false,1,10.00,4.35,false,1,27046
7290110329723,false,תנובה קפה לאטה230,Unknown,,תנובה קפה לאטה230,,230.00,100 גרם,false,1,10.00,4.35,false,1,27047
7290110329730,false,תנובה קפה ושוקולד230,Unknown,,תנובה קפה ושוקולד230,,230.00,100 גרם,false,1,10.00,4.35,false,1,27048
7290110329778,false,תנובה חלב קרטון 3%,Unknown,,תנובה חלב קרטון 3%,,1.00,1 ליטר,false,1,6.23,6.23,false,1,22943
7290110329808,false,סויה BIO תות,Unknown,,סויה BIO תות,,150.00,100 גרם,false,1,5.30,3.53,false,1,25141
7290110329822,false,סויה BIO פירות יער,Unknown,,סויה BIO פירות יער,,150.00,100 גרם,false,1,5.30,3.53,false,1,25142
7290110329891,false,גבינה ספרדית מצנגו,Unknown,,גבינה ספרדית מצנגו,,150.00,100 גרם,false,1,23.90,15.93,false,1,27049
7290110471016,false,כבל מטאלי 2 מטר,Unknown,,כבל מטאלי 2 מטר,,0.00,,false,1,29.90,0.00,false,1,18700
7290110472016,false,כבל מטאלי 2 מטר,Unknown,,כבל מטאלי 2 מטר,,0.00,,false,1,39.90,0.00,false,1,18735
7290110472023,false,פנס ראש -חדש,Unknown,,פנס ראש -חדש,,0.00,,false,1,25.00,0.00,true,1,17792
7290110472467,false,מתאם למצת TYPE C,Unknown,,מתאם למצת TYPE C,,0.00,,false,1,44.90,0.00,false,1,18697
7290110472474,false,מתאם קיר TYPE C,Unknown,,מתאם קיר TYPE C,,0.00,,false,1,54.90,0.00,false,1,18705
7290110472511,false,מזרן מתנפח מתקפל,Unknown,,מזרן מתנפח מתקפל,,0.00,,false,1,49.90,0.00,false,1,17972
7290110472610,false,מנורה לאוהל נטענת,Unknown,,מנורה לאוהל נטענת,,0.00,,false,1,20.00,0.00,true,1,17732
7290110472825,false,גריל גדול 70/30,Unknown,,גריל גדול 70/30,,0.00,,false,1,99.00,0.00,true,1,17492
7290110472856,false,מטען רכב  Duet,Unknown,,מטען רכב  Duet,,0.00,,false,1,54.90,0.00,false,1,18706
7290110473068,false,אוהל חוף נפתח ברגע,Unknown,,אוהל חוף נפתח ברגע,,0.00,,false,1,199.00,0.00,true,1,17733
7290110473112,false,מנגל פח רשת 40*26,Unknown,,מנגל פח רשת 40*26,,0.00,,false,1,39.00,0.00,false,1,19968
7290110473235,false,רמקול EXTREMe כחול,Unknown,,רמקול EXTREMe כחול,,0.00,,false,1,104.90,0.00,false,1,18979
7290110473426,false,אוזניות JUST ורוד,Unknown,,אוזניות JUST ורוד,,0.00,,false,1,54.90,0.00,false,1,18711
7290110473433,false,אוזניות JUST אפור,Unknown,,אוזניות JUST אפור,,0.00,,false,1,54.90,0.00,false,1,18712
7290110473440,false,אוזניות JUST  זהב,Unknown,,אוזניות JUST  זהב,,0.00,,false,1,54.90,0.00,false,1,18713
7290110473501,false,ז.טלסקופית לרכב שחור,Unknown,,ז.טלסקופית לרכב שחור,,0.00,,false,1,54.90,0.00,false,1,18715
7290110473587,false,SIMPLY GRIP,Unknown,,SIMPLY GRIP,,0.00,,false,1,44.90,0.00,false,1,18717
7290110473594,false,ROCKET GRIP שחור,Unknown,,ROCKET GRIP שחור,,0.00,,false,1,49.90,0.00,false,1,18718
7290110473754,false,ערכת קפה ללא בלון גז,Unknown,,ערכת קפה ללא בלון גז,,0.00,,false,1,89.00,0.00,false,1,18519
7290110473808,false,קלקר מים לטיולים,Unknown,,קלקר מים לטיולים,,0.00,,false,1,29.90,0.00,false,1,19759
7290110473884,false,אוזניות TWS,Unknown,,אוזניות TWS,,0.00,,false,1,99.00,0.00,false,1,19080
7290110473938,false,שמשייה צהובה,Unknown,,שמשייה צהובה,,0.00,,false,1,29.90,0.00,false,1,19760
7290110474041,false,רפידו  + כבל טעינה,Unknown,,רפידו  + כבל טעינה,,0.00,,false,1,79.90,0.00,false,1,19248
7290110474256,false,כבל aux iron man,Unknown,,כבל aux iron man,,0.00,,false,1,49.90,0.00,false,1,19213
7290110474409,false,סוללת חי להתנעת רכב,Unknown,,סוללת חי להתנעת רכב,,0.00,,false,1,179.00,0.00,false,1,19553
7290110474416,false,ערכת בישול לשטחCRUZO,Unknown,,ערכת בישול לשטחCRUZO,,0.00,,false,1,199.00,0.00,false,1,19761
7290110474423,false,אוזניות מאושרות אפל,Unknown,,אוזניות מאושרות אפל,,0.00,,false,1,99.90,0.00,false,1,19489
7290110474430,false,מתאם לאוזניות מ אפל,Unknown,,מתאם לאוזניות מ אפל,,0.00,,false,1,79.00,0.00,false,1,19490
7290110474447,false,אוהל לשישה אנשים,Unknown,,אוהל לשישה אנשים,,0.00,,false,1,249.00,0.00,false,1,26107
7290110474478,false,כסא קמפ LIGHTWEIGHT,Unknown,,כסא קמפ LIGHTWEIGHT,,0.00,,false,1,99.00,0.00,false,1,19762
7290110474492,false,שולחן קמפינג מתקפל,Unknown,,שולחן קמפינג מתקפל,,0.00,,false,1,119.00,0.00,false,1,19648
7290110474508,false,אוהל עמידה,Unknown,,אוהל עמידה,,0.00,,false,1,349.00,0.00,false,1,19763
7290110474515,false,עששית לד 3 וואט,Unknown,,עששית לד 3 וואט,,0.00,,false,1,29.00,0.00,false,1,19764
7290110474560,false,אוזניות מיקרופון NAS,Unknown,,אוזניות מיקרופון NAS,,0.00,,false,1,49.00,0.00,false,1,19909
7290110474577,false,אוזניות מיקרופוןDOL,Unknown,,אוזניות מיקרופוןDOL,,0.00,,false,1,79.00,0.00,false,1,19910
7290110474690,false,כבל USB C LIGHTNING,Unknown,,כבל USB C LIGHTNING,,0.00,,false,1,59.90,0.00,false,1,19912
7290110474706,false,מעמד מגנטי למזגן P.V,Unknown,,מעמד מגנטי למזגן P.V,,0.00,,false,1,49.00,0.00,false,1,19913
7290110474713,false,מעמד למזגן OPEN W.V,Unknown,,מעמד למזגן OPEN W.V,,0.00,,false,1,49.00,0.00,false,1,19914
7290110474805,false,מזרן פלמינגו ורוד,Unknown,,מזרן פלמינגו ורוד,,0.00,,false,1,99.00,0.00,false,1,20007
7290110474812,false,מזרן אננס,Unknown,,מזרן אננס,,0.00,,false,1,69.90,0.00,false,1,20008
7290110474829,false,אבוב מתנפח,Unknown,,אבוב מתנפח,,0.00,,false,1,49.90,0.00,false,1,20009
7290110474836,false,מזרן חד קרן,Unknown,,מזרן חד קרן,,0.00,,false,1,99.90,0.00,false,1,20010
7290110474928,false,סוללת גיבוי 10000M,Unknown,,סוללת גיבוי 10000M,,0.00,,false,1,79.00,0.00,false,1,20196
7290110474935,false,מ.אספרסו ניידת לטיול,Unknown,,מ.אספרסו ניידת לטיול,,0.00,,false,1,199.00,0.00,false,1,20089
7290110474942,false,שולחן פיקניק לילדים,Unknown,,שולחן פיקניק לילדים,,0.00,,false,1,199.00,0.00,false,1,26834
7290110474973,false,טאבון פיצה,Unknown,,טאבון פיצה,,0.00,,false,1,199.00,0.00,false,1,26835
7290110475062,false,מנגל ברזילאי,Unknown,,מנגל ברזילאי,,0.00,,false,1,399.00,0.00,false,1,21014
7290110475086,false,כבל טעינה 3 מטר USB,Unknown,,כבל טעינה 3 מטר USB,,0.00,,false,1,29.00,0.00,false,1,20359
7290110475093,false,כ.טעינה 3 מטר TYPE C,Unknown,,כ.טעינה 3 מטר TYPE C,,0.00,,false,1,29.00,0.00,false,1,20360
7290110475116,false,מטען קיר SPEEDY,Unknown,,מטען קיר SPEEDY,,0.00,,false,1,79.00,0.00,false,1,20499
7290110475178,false,זרוע איפרה טעינה אלח,Unknown,,זרוע איפרה טעינה אלח,,0.00,,false,1,99.00,0.00,false,1,20501
7290110475406,false,שק שינה זוגי,Unknown,,שק שינה זוגי,,0.00,,false,1,99.00,0.00,true,1,20755
7290110475413,false,אוזניות C SOUND,Unknown,,אוזניות C SOUND,,0.00,,false,1,79.00,0.00,false,1,21042
7290110475437,false,אוזניות מיקרופון,Unknown,,אוזניות מיקרופון,,0.00,,false,1,59.00,0.00,false,1,21626
7290110475444,false,כסא ים ושולחן צד,Unknown,,כסא ים ושולחן צד,,0.00,,false,1,129.00,0.00,true,1,20756
7290110475451,false,אוהל פתיחה ל-6 אנשים,Unknown,,אוהל פתיחה ל-6 אנשים,,0.00,,false,1,499.00,0.00,true,1,20757
7290110475468,false,אוהל ל-8 אנשים,Unknown,,אוהל ל-8 אנשים,,0.00,,false,1,699.00,0.00,false,1,20788
7290110475482,false,סט כלים לגריל פרמיום,Unknown,,סט כלים לגריל פרמיום,,0.00,,false,1,39.00,0.00,false,1,27997
7290110475529,false,בוסטר התנעה לרכבים,Unknown,,בוסטר התנעה לרכבים,,1.00,יחידה,false,1,249.00,249.00,false,1,21485
7290110475567,false,מזרון שטח מתקפל,Unknown,,מזרון שטח מתקפל,,0.00,,false,1,149.00,0.00,false,1,21018
7290110475659,false,מחצלת 4X4,Unknown,,מחצלת 4X4,,0.00,,false,1,129.00,0.00,false,1,22457
7290110475673,false,שלישיית מסכות KN95,Unknown,,שלישיית מסכות KN95,,3.00,יחידה,false,1,15.00,5.00,true,1,20861
7290110475680,false,מארז מסכות כרורגיות,Unknown,,מארז מסכות כרורגיות,,50.00,יחידה,false,1,19.90,0.40,false,1,20874
7290110475772,false,אוזניות TWS PRO,Unknown,,אוזניות TWS PRO,,0.00,,false,1,99.00,0.00,true,1,20912
7290110475826,false,צידנית ל6 בירות,Unknown,,צידנית ל6 בירות,,0.00,,false,1,10.00,0.00,false,1,21022
7290110475901,false,פרוזקטור לד נטען20W,Unknown,,פרוזקטור לד נטען20W,,0.00,,false,1,99.00,0.00,false,1,21712
7290110475932,false,מעמד מגנטי למזגן,Unknown,,מעמד מגנטי למזגן,,1.00,יחידה,false,1,39.90,39.90,false,1,21487
7290110475953,false,תרמוס 1400 ml ארטוס,Unknown,,תרמוס 1400 ml ארטוס,,0.00,,false,1,99.00,0.00,false,1,25903
7290110475956,false,צידנית טרולי 45 ל,Unknown,,צידנית טרולי 45 ל,,0.00,,false,1,79.00,0.00,false,1,22083
7290110475963,false,תרמוס 1400 ml ארטוס,Unknown,,תרמוס 1400 ml ארטוס,,0.00,,false,1,99.00,0.00,false,1,21713
7290110476014,false,מעמד מגנטי לרכב,Unknown,,מעמד מגנטי לרכב,,1.00,יחידה,false,1,39.90,39.90,false,1,21489
7290110476038,false,שלישיית עצי ריח,Unknown,,שלישיית עצי ריח,,1.00,יחידה,false,1,10.00,10.00,false,1,21490
7290110476045,false,שלישיית עצי ריח,Unknown,,שלישיית עצי ריח,,1.00,יחידה,false,1,10.00,10.00,false,1,21491
7290110476052,false,שלישיית עצי ריח,Unknown,,שלישיית עצי ריח,,1.00,יחידה,false,1,10.00,10.00,false,1,21492
7290110476069,false,שלישיית עצי ריח,Unknown,,שלישיית עצי ריח,,1.00,יחידה,false,1,10.00,10.00,false,1,21493
7290110476076,false,שלישיית עצי ריח,Unknown,,שלישיית עצי ריח,,1.00,יחידה,false,1,10.00,10.00,false,1,21494
7290110476083,false,שלישיית עצי ריח,Unknown,,שלישיית עצי ריח,,1.00,יחידה,false,1,10.00,10.00,false,1,21495
7290110476090,false,כסא ים GROUND CHAIR,Unknown,,כסא ים GROUND CHAIR,,0.00,,false,1,129.00,0.00,false,1,21407
7290110476151,false,מדליק פחמים מהיר,Unknown,,מדליק פחמים מהיר,,0.00,,false,1,49.00,0.00,false,1,22085
7290110476205,false,קומבו צידניות,Unknown,,קומבו צידניות,,0.00,,false,1,199.00,0.00,false,1,22727
7290110476229,false,צידנית קשיחה 50 ל,Unknown,,צידנית קשיחה 50 ל,,0.00,,false,1,299.00,0.00,false,1,22086
7290110476267,false,מטען קיר 20 וואט,Unknown,,מטען קיר 20 וואט,,0.00,,false,1,119.00,0.00,false,1,22087
7290110476281,false,מ.קמפינג מתקפלת,Unknown,,מ.קמפינג מתקפלת,,0.00,,false,1,149.00,0.00,false,1,22089
7290110476298,false,עגלת שטח צבאית,Unknown,,עגלת שטח צבאית,,0.00,,false,1,349.00,0.00,false,1,22272
7290110476373,false,עגלת שטח פרימיום,Unknown,,עגלת שטח פרימיום,,0.00,,false,1,349.00,0.00,false,1,22092
7290110476380,false,ג. 8 מטר חיבור usb,Unknown,,ג. 8 מטר חיבור usb,,0.00,,false,1,149.00,0.00,false,1,22093
7290110476496,false,גרילנדה 8 מטרים,Unknown,,גרילנדה 8 מטרים,,0.00,,false,1,199.90,0.00,false,1,28044
7290110476526,false,קומקום לשטח camp&go,Unknown,,קומקום לשטח camp&go,,0.00,,false,1,99.00,0.00,false,1,25358
7290110476557,false,תיק עם שלוקר 3 ל,Unknown,,תיק עם שלוקר 3 ל,,0.00,,false,1,79.00,0.00,false,1,22094
7290110476571,false,מטען רכב QC3.0 +PD,Unknown,,מטען רכב QC3.0 +PD,,0.00,,false,1,49.90,0.00,false,1,25273
7290110476588,false,כבל  CHARGE אייפון,Unknown,,כבל  CHARGE אייפון,,0.00,,false,1,29.00,0.00,false,1,22428
7290110476595,false,כבל מיקרו usb,Unknown,,כבל מיקרו usb,,0.00,,false,1,29.00,0.00,false,1,22429
7290110476601,false,כבל טייפ סי,Unknown,,כבל טייפ סי,,0.00,,false,1,29.00,0.00,false,1,22434
7290110476618,false,כבל M.C סי טו סי,Unknown,,כבל M.C סי טו סי,,0.00,,false,1,29.00,0.00,false,1,22430
7290110476625,false,כבל IN CHARGE אייפון,Unknown,,כבל IN CHARGE אייפון,,0.00,,false,1,29.90,0.00,false,1,25274
7290110476632,false,כבל IN CHARGE מיקרו,Unknown,,כבל IN CHARGE מיקרו,,0.00,,false,1,29.90,0.00,false,1,25275
7290110476649,false,כבל IN CHARGE טיפ סי,Unknown,,כבל IN CHARGE טיפ סי,,0.00,,false,1,29.90,0.00,false,1,25276
7290110476656,false,כבל IN CHARGE טיפ סי,Unknown,,כבל IN CHARGE טיפ סי,,0.00,,false,1,29.90,0.00,false,1,25277
7290110476687,false,ר.לאפל ווטש ב.מטאלי,Unknown,,ר.לאפל ווטש ב.מטאלי,,0.00,,false,1,99.00,0.00,false,1,25278
7290110476694,false,ר.לאפל ווטש מ.נילון,Unknown,,ר.לאפל ווטש מ.נילון,,0.00,,false,1,99.00,0.00,false,1,25279
7290110476700,false,ר.לאפל ווטש ב. מטאלי,Unknown,,ר.לאפל ווטש ב. מטאלי,,0.00,,false,1,99.00,0.00,false,1,25280
7290110476717,false,רצועה לאפל ווטש,Unknown,,רצועה לאפל ווטש,,0.00,,false,1,99.00,0.00,false,1,25281
7290110476731,false,כיסוי קשיח לאירפודס,Unknown,,כיסוי קשיח לאירפודס,,0.00,,false,1,49.00,0.00,false,1,25283
7290110476847,false,צילייה משפחתית,Unknown,,צילייה משפחתית,,0.00,,false,1,299.00,0.00,false,1,22918
7290110476878,false,גריל מעשנה 13 אינץ,Unknown,,גריל מעשנה 13 אינץ,,0.00,,false,1,699.00,0.00,false,1,22776
7290110477004,false,ש.פיקניק אלומיניום,Unknown,,ש.פיקניק אלומיניום,,0.00,,false,1,69.00,0.00,false,1,22872
7290110477028,false,א.קשת אלחוטיות ירוק,Unknown,,א.קשת אלחוטיות ירוק,,0.00,,false,1,49.00,0.00,false,1,27731
7290110477080,false,קומפרסור נטען,Unknown,,קומפרסור נטען,,1.00,יחידה,false,1,99.00,99.00,false,1,23114
7290110477097,false,אוזניות קשת אלחוטיות,Unknown,,אוזניות קשת אלחוטיות,,0.00,,false,1,49.00,0.00,false,1,27732
7290110477110,false,זרוע טלסקופית לרכב,Unknown,,זרוע טלסקופית לרכב,,0.00,,false,1,49.00,0.00,false,1,23115
7290110477127,false,מ.למזגן טעינה אלחוטי,Unknown,,מ.למזגן טעינה אלחוטי,,0.00,,false,1,99.00,0.00,false,1,23116
7290110477134,false,מטען רכב משפחתי,Unknown,,מטען רכב משפחתי,,0.00,,false,1,99.00,0.00,false,1,23117
7290110477158,false,פנס פרוזקטור נטען,Unknown,,פנס פרוזקטור נטען,,0.00,,false,1,99.00,0.00,false,1,23119
7290110477189,false,תאורת נטענת לקמפינג,Unknown,,תאורת נטענת לקמפינג,,0.00,,false,1,49.00,0.00,false,1,26243
7290110477219,false,אוזניות TWS  ARTOS,Unknown,,אוזניות TWS  ARTOS,,0.00,,false,1,99.00,0.00,false,1,25359
7290110477240,false,אוזניות חוטיות מדונה,Unknown,,אוזניות חוטיות מדונה,,0.00,,false,1,49.90,0.00,false,1,25284
7290110477295,false,ש.אלומיניום מתקפל,Unknown,,ש.אלומיניום מתקפל,,0.00,,false,1,199.00,0.00,false,1,26244
7290110477301,false,שולחן אלומניום מתקפל,Unknown,,שולחן אלומניום מתקפל,,0.00,,false,1,349.00,0.00,false,1,26245
7290110477318,false,שולחן קמפינג מתקפל,Unknown,,שולחן קמפינג מתקפל,,0.00,,false,1,99.00,0.00,false,1,26246
7290110477325,false,ארון שירות לקמפינג,Unknown,,ארון שירות לקמפינג,,0.00,,false,1,299.00,0.00,false,1,26247
7290110477332,false,אוזניות בלוטוס HEAD,Unknown,,אוזניות בלוטוס HEAD,,0.00,,false,1,199.00,0.00,false,1,25285
7290110477349,false,אוזניות אלחוטיות,Unknown,,אוזניות אלחוטיות,,0.00,,false,1,199.00,0.00,false,1,25286
7290110477356,false,אוהל תעלה,Unknown,,אוהל תעלה,,0.00,,false,1,599.00,0.00,false,1,26248
7290110477455,false,מטען רכב PD,Unknown,,מטען רכב PD,,0.00,,false,1,39.90,0.00,false,1,25287
7290110477486,false,צידנית חשמלית לרכב,Unknown,,צידנית חשמלית לרכב,,0.00,,false,1,299.00,0.00,false,1,27135
7290110477493,false,ציידנית ט.חשמלית 50ל,Unknown,,ציידנית ט.חשמלית 50ל,,0.00,,false,1,799.00,0.00,false,1,27378
7290110477578,false,מיכל מים 2 גלון,Unknown,,מיכל מים 2 גלון,,0.00,,false,1,199.00,0.00,false,1,26252
7290110477585,false,סוללת גיבוי מגנטית,Unknown,,סוללת גיבוי מגנטית,,0.00,,false,1,99.00,0.00,false,1,25361
7290110477592,false,ערכת הישרדות,Unknown,,ערכת הישרדות,,0.00,,false,1,149.00,0.00,false,1,26861
7290110477608,false,ע.קפה וגזיה אלפינית,Unknown,,ע.קפה וגזיה אלפינית,,0.00,,false,1,99.00,0.00,false,1,26253
7290110477615,false,שישה שאקלים,Unknown,,שישה שאקלים,,0.00,,false,1,29.00,0.00,false,1,26254
7290110477622,false,אקדח עיסוי נטען,Unknown,,אקדח עיסוי נטען,,0.00,,false,1,99.00,0.00,false,1,26862
7290110477639,false,מתאם AUDIO  TYPE C,Unknown,,מתאם AUDIO  TYPE C,,0.00,,false,1,59.00,0.00,false,1,27734
7290110477653,false,אוזניות TWS אלומינ,Unknown,,אוזניות TWS אלומינ,,0.00,,false,1,129.00,0.00,false,1,27137
7290110477660,false,עצי ריח מעוצבים,Unknown,,עצי ריח מעוצבים,,0.00,,false,1,5.90,0.00,false,1,27735
7290110477677,false,כבל 2 מטר,Unknown,,כבל 2 מטר,,0.00,,false,1,29.90,0.00,false,1,27736
7290110477721,false,מטען אלחוטי 3 ב1,Unknown,,מטען אלחוטי 3 ב1,,0.00,,false,1,99.00,0.00,false,1,27737
7290110477837,false,אוזניות TWS שקופות,Unknown,,אוזניות TWS שקופות,,0.00,,false,1,99.00,0.00,false,1,28104
7290110477851,false,זרוע מגנטית לדשבורד,Unknown,,זרוע מגנטית לדשבורד,,0.00,,false,1,39.90,0.00,false,1,28106
7290110477875,false,זרוע מגנטית למגנט,Unknown,,זרוע מגנטית למגנט,,0.00,,false,1,39.90,0.00,false,1,28107
7290110550202,false,מטבעות שוקולד חלב,Unknown,,מטבעות שוקולד חלב,,400.00,100 גרם,false,1,34.90,8.72,false,1,27138
7290110550219,false,מטבעות שוקולד לבן,Unknown,,מטבעות שוקולד לבן,,400.00,100 גרם,false,1,34.90,8.72,false,1,27139
7290110550226,false,מטבעות שוקולד מריר,Unknown,,מטבעות שוקולד מריר,,400.00,100 גרם,false,1,34.90,8.72,false,1,27140
7290110550363,false,פריכיות ק.מלח 65ג,Unknown,,פריכיות ק.מלח 65ג,,65.00,100 גרם,false,1,11.90,18.31,true,1,27835
7290110550370,false,משולשות קינואה,Unknown,,משולשות קינואה,,65.00,100 גרם,false,1,11.90,18.31,false,1,27738
7290110550394,false,עלית אגוזים ש.אגוזי,Unknown,,עלית אגוזים ש.אגוזי,,234.00,100 גרם,false,1,21.90,9.36,true,1,23121
7290110550400,false,בלונדי בוטנים מלוחים,Unknown,,בלונדי בוטנים מלוחים,,100.00,100 גרם,false,1,10.00,10.00,true,1,25143
7290110550417,false,בלונדי שומשום קרמל,Unknown,,בלונדי שומשום קרמל,,100.00,100 גרם,false,1,10.00,10.00,true,1,25144
7290110550646,false,THINS ע.שוקוציפס,Unknown,,THINS ע.שוקוציפס,,136.00,100 גרם,false,1,12.00,8.82,true,1,25145
7290110550691,false,ח.פרה ממולדה פטל,Unknown,,ח.פרה ממולדה פטל,,50.00,100 גרם,false,1,6.60,13.20,true,1,23122
7290110550707,false,ח.פרה ממולדה אננס,Unknown,,ח.פרה ממולדה אננס,,50.00,100 גרם,false,1,6.90,13.80,true,1,23123
7290110550820,false,ספלנדיד חלב ח.השנהב,Unknown,,ספלנדיד חלב ח.השנהב,,100.00,100 גרם,false,1,12.90,12.90,true,1,26564
7290110551117,false,ש.פרה לבן ס.קופצות,Unknown,,ש.פרה לבן ס.קופצות,,90.00,100 גרם,false,1,9.00,10.00,true,1,25363
7290110551612,false,ספלנדיד ש.חלב אגוז,Unknown,,ספלנדיד ש.חלב אגוז,,95.00,100 גרם,false,1,13.90,14.63,true,1,24034
7290110551629,false,ספלנדיד ש.מריר אגוז,Unknown,,ספלנדיד ש.מריר אגוז,,95.00,100 גרם,false,1,13.90,14.63,true,1,24035
7290110551773,false,איחולים מתוקים 137ג,Unknown,,איחולים מתוקים 137ג,,137.00,100 גרם,false,1,26.90,19.64,true,1,26565
7290110551988,false,טעמי לבן 40 גרם,Unknown,,טעמי לבן 40 גרם,,40.00,100 גרם,false,1,6.90,17.25,true,1,27141
7290110552237,false,דנונה פרו אפרסק מנגו,Unknown,,דנונה פרו אפרסק מנגו,,200.00,100 גרם,false,1,6.90,3.45,false,1,25147
7290110552398,false,דנונה WOW פיסטוק,Unknown,,דנונה WOW פיסטוק,,150.00,100 גרם,false,1,6.00,4.00,false,1,27050
7290110552411,false,יטבתה אייס קפה קרמל,Unknown,,יטבתה אייס קפה קרמל,,230.00,100 גרם,false,1,10.00,4.35,false,1,27051
7290110552817,false,מסטיק ג.לימון 58 גר,Unknown,,מסטיק ג.לימון 58 גר,,58.00,100 גרם,false,1,12.00,20.69,true,1,27833
7290110553029,false,פריכיות חלבון 60 ג,Unknown,,פריכיות חלבון 60 ג,,60.00,100 גרם,false,1,11.90,19.83,false,1,25397
7290110553036,false,פריכת בטטה אפונה 60ג,Unknown,,פריכת בטטה אפונה 60ג,,60.00,100 גרם,false,1,11.90,19.83,false,1,25398
7290110553098,false,אנרגי צימוק ש. חלב,Unknown,,אנרגי צימוק ש. חלב,,100.00,100 גרם,false,1,19.90,19.90,false,1,27739
7290110553173,false,פריכיות קרמל,Unknown,,פריכיות קרמל,,40.00,100 גרם,false,1,8.90,22.25,false,1,27740
7290110553180,false,פריכיות תפוח קינמון,Unknown,,פריכיות תפוח קינמון,,40.00,100 גרם,false,1,8.90,22.25,false,1,27741
7290110553210,false,סבבה בוטנים הוט 50ג,Unknown,,סבבה בוטנים הוט 50ג,,50.00,100 גרם,false,1,3.00,6.00,true,1,27742
7290110553401,false,.7יס לאטה וניל Beanz,Unknown,,.7יס לאטה וניל Beanz,,250.00,"100 מ""ל",false,1,7.60,2.92,true,1,27458
7290110553449,false,מילקי סנאק 6 יח,Unknown,,מילקי סנאק 6 יח,,123.00,100 גרם,false,1,13.90,11.30,false,1,25399
7290110553494,false,דוריטוס תירס כחול,Unknown,,דוריטוס תירס כחול,,185.00,100 גרם,false,1,12.70,6.86,true,1,26568
7290110553623,false,ציטוס צ.חלפיניו 80ג,Unknown,,ציטוס צ.חלפיניו 80ג,,80.00,100 גרם,false,1,6.60,8.25,true,1,27403
7290110553876,false,סלט גזר דליקטס,Unknown,,סלט גזר דליקטס,,250.00,100 גרם,false,1,13.00,5.20,false,1,26569
7290110553883,false,רביעיית טורטית לבנה,Unknown,,רביעיית טורטית לבנה,,160.00,100 גרם,false,1,19.90,12.44,true,1,25364
7290110553906,false,סלט פלפלים דליקטס,Unknown,,סלט פלפלים דליקטס,,250.00,100 גרם,false,1,13.90,5.56,false,1,25400
7290110553913,false,סלט סלק דליקטס,Unknown,,סלט סלק דליקטס,,250.00,100 גרם,false,1,13.90,5.56,false,1,25401
7290110554118,false,נודלס מלזי חריף,Unknown,,נודלס מלזי חריף,,350.00,100 גרם,false,1,27.90,7.97,false,1,25150
7290110554453,false,אייס לאטה מוקה Beanz,Unknown,,אייס לאטה מוקה Beanz,,250.00,"100 מ""ל",false,1,7.60,2.92,true,1,27459
7290110554477,false,ק.א.לאפוגטו מייפל פק,Unknown,,ק.א.לאפוגטו מייפל פק,,0.00,,false,1,16.50,0.00,false,1,27404
7290110554545,false,ק.א.לאפוגטו עם קוקוס,Unknown,,ק.א.לאפוגטו עם קוקוס,,0.00,,false,1,16.50,0.00,false,1,27405
7290110554583,false,מארז ציטוס פאפ גבינה,Unknown,,מארז ציטוס פאפ גבינה,,200.00,100 גרם,false,1,17.90,8.95,true,1,25151
7290110554729,false,קפסולה 04 NESPRESSO,Unknown,,קפסולה 04 NESPRESSO,,10.00,יחידה,false,1,16.50,1.65,true,1,27142
7290110554828,false,שלישיית פסק זמן כשלפ,Unknown,,שלישיית פסק זמן כשלפ,,129.00,100 גרם,false,1,19.90,15.43,true,1,26570
7290110555078,false,לאבנה עם שמן זית,Unknown,,לאבנה עם שמן זית,,250.00,100 גרם,false,1,12.90,5.16,false,1,27052
7290110555306,false,ר.לשבע סינמון באן ט,Unknown,,ר.לשבע סינמון באן ט,,125.00,100 גרם,false,1,14.50,11.60,true,1,28109
7290110555337,false,נמס ICE קלאסי 250 מל,Unknown,,נמס ICE קלאסי 250 מל,,250.00,"100 מ""ל",false,1,9.90,3.96,true,1,27979
7290110555344,false,נמס ICE וניל 250 מל,Unknown,,נמס ICE וניל 250 מל,,250.00,"100 מ""ל",false,1,9.90,3.96,true,1,27980
7290110555368,false,רבע לשבע ט.מרשמלו,Unknown,,רבע לשבע ט.מרשמלו,,125.00,100 גרם,false,1,14.50,11.60,true,1,28110
7290110556242,false,ש.פרה מריר 100ג חדש,Unknown,,ש.פרה מריר 100ג חדש,,100.00,100 גרם,false,1,9.00,9.00,true,1,27858
7290110557003,false,אחלה חומוס פלפלים,Unknown,,אחלה חומוס פלפלים,,120.00,100 גרם,false,1,10.90,9.08,false,1,25152
7290110557027,false,א.חומוס 50% טחינה,Unknown,,א.חומוס 50% טחינה,,400.00,100 גרם,false,1,15.90,3.98,true,1,25904
7290110557102,false,מעדן חלב עם שוקולד,Unknown,,מעדן חלב עם שוקולד,,150.00,100 גרם,false,1,5.50,3.67,false,1,26670
7290110557164,false,טעמי בלונדי שקדים,Unknown,,טעמי בלונדי שקדים,,42.00,100 גרם,false,1,6.90,16.43,true,1,24038
7290110557393,false,מארז מילקי אייס קפה,Unknown,,מארז מילקי אייס קפה,,276.00,100 גרם,false,1,9.90,3.59,false,1,27743
7290110557423,false,מילקי שכבות,Unknown,,מילקי שכבות,,108.00,100 גרם,false,1,3.80,3.52,false,1,27744
7290110557560,false,כשלפ ע.ב.קראמבל,Unknown,,כשלפ ע.ב.קראמבל,,380.00,100 גרם,false,1,18.90,4.97,true,1,26751
7290110557645,false,אנרגי צימוק וש.לבן,Unknown,,אנרגי צימוק וש.לבן,,100.00,100 גרם,false,1,19.90,19.90,false,1,27745
7290110558208,false,דנונה קראנצ בלונדי,Unknown,,דנונה קראנצ בלונדי,,173.00,100 גרם,false,1,6.50,3.76,false,1,27746
7290110558215,false,דנונה קראנצ פיסטוק,Unknown,,דנונה קראנצ פיסטוק,,173.00,100 גרם,false,1,6.50,3.76,false,1,28111
7290110558284,false,דנונה ביו מולטי,Unknown,,דנונה ביו מולטי,,200.00,100 גרם,false,1,4.50,2.25,false,1,27747
7290110558307,false,דנונה פרו ש.שועל,Unknown,,דנונה פרו ש.שועל,,200.00,100 גרם,false,1,7.50,3.75,false,1,27406
7290110558314,false,דנונה פרו פיסטוק,Unknown,,דנונה פרו פיסטוק,,200.00,100 גרם,false,1,6.90,3.45,false,1,27748
7290110558338,false,פרו 25 גר חלבון,Unknown,,פרו 25 גר חלבון,,200.00,100 גרם,false,1,6.90,3.45,false,1,27407
7290110559038,false,מילקשייק שוקו+סירופ,Unknown,,מילקשייק שוקו+סירופ,,300.00,"100 מ""ל",false,1,8.90,2.97,false,1,27681
7290110559045,false,מילקשייק וניל+סירופ,Unknown,,מילקשייק וניל+סירופ,,300.00,"100 מ""ל",false,1,8.90,2.97,false,1,27680
7290110559748,false,שקדים קוקוס ושוקולד,Unknown,,שקדים קוקוס ושוקולד,,105.00,100 גרם,false,1,18.90,18.00,false,1,27749
7290110559755,false,בוטנים פיסטוק וחמוצי,Unknown,,בוטנים פיסטוק וחמוצי,,105.00,100 גרם,false,1,18.90,18.00,false,1,27750
7290110559762,false,ריל מאגדת קוקוס,Unknown,,ריל מאגדת קוקוס,,105.00,100 גרם,false,1,18.90,18.00,false,1,27751
7290110560300,false,משולשות פלפל שחור,Unknown,,משולשות פלפל שחור,,30.00,100 גרם,false,1,7.00,23.33,true,1,20058
7290110560317,false,משולשות מלח ים,Unknown,,משולשות מלח ים,,30.00,100 גרם,false,1,7.00,23.33,true,1,20059
7290110560324,false,משולשות אפונה ירוקה,Unknown,,משולשות אפונה ירוקה,,30.00,100 גרם,false,1,7.00,23.33,true,1,20253
7290110560836,false,מילקי פסק זמן,Unknown,,מילקי פסק זמן,,170.00,"100 מ""ל",false,1,3.90,2.29,true,1,23689
7290110561352,false,דנונה דל לקטוז,Unknown,,דנונה דל לקטוז,,200.00,100 גרם,false,1,4.50,2.25,false,1,23126
7290110561918,false,תפוציפס אפוי יוגורט,Unknown,,תפוציפס אפוי יוגורט,,50.00,100 גרם,false,1,5.90,11.80,true,1,19940
7290110563431,false,אייס קפה יטבתה קלאסי,Unknown,,אייס קפה יטבתה קלאסי,,230.00,"100 מ""ל",false,1,10.00,4.35,true,1,19650
7290110563448,false,אייס קפה יטבתה מעודן,Unknown,,אייס קפה יטבתה מעודן,,230.00,"100 מ""ל",false,1,10.00,4.35,true,1,19651
7290110563455,false,חלב דל לקטוז 3%,Unknown,,חלב דל לקטוז 3%,,1.00,1 ליטר,false,1,8.50,8.50,false,1,27053
7290110563462,false,יטבתה חלב נטול,Unknown,,יטבתה חלב נטול,,1.00,1 ליטר,false,1,9.00,9.00,true,1,24005
7290110563851,false,מאגדת תחתית חלב,Unknown,,מאגדת תחתית חלב,,144.00,100 גרם,false,1,16.00,11.11,true,1,19356
7290110563868,false,אנרגי מאג תחתית מריר,Unknown,,אנרגי מאג תחתית מריר,,144.00,100 גרם,false,1,16.00,11.11,true,1,24167
7290110564339,false,חומוס עשיר ב30%טחינה,Unknown,,חומוס עשיר ב30%טחינה,,400.00,100 גרם,false,1,16.00,4.00,true,1,24565
7290110564346,false,בלונדי קרם בראוניז,Unknown,,בלונדי קרם בראוניז,,100.00,100 גרם,false,1,10.00,10.00,true,1,20310
7290110564353,false,בלונדי קרם אגוזי לוז,Unknown,,בלונדי קרם אגוזי לוז,,100.00,100 גרם,false,1,10.00,10.00,true,1,20311
7290110564360,false,חומוס עשיר ב40%טחינה,Unknown,,חומוס עשיר ב40%טחינה,,400.00,100 גרם,false,1,16.00,4.00,true,1,24566
7290110564414,false,חומוס 30% טחינה,Unknown,,חומוס 30% טחינה,,600.00,100 גרם,false,1,17.90,2.98,true,1,25905
7290110564513,false,עוגת אגוזי עם קרם,Unknown,,עוגת אגוזי עם קרם,,380.00,100 גרם,false,1,20.50,5.39,true,1,22885
7290110564742,false,אייס קפה יטבתה חזק,Unknown,,אייס קפה יטבתה חזק,,230.00,"100 מ""ל",false,1,10.00,4.35,true,1,19652
7290110565527,false,דנונה פרו 20ג חלבון,Unknown,,דנונה פרו 20ג חלבון,,20.00,100 גרם,false,1,6.90,34.50,true,1,19386
7290110565664,false,בראוניז ש.מריר וקרם,Unknown,,בראוניז ש.מריר וקרם,,380.00,100 גרם,false,1,20.50,5.39,true,1,22217
7290110565879,false,אנרגי מאגדת מצופה,Unknown,,אנרגי מאגדת מצופה,,168.00,100 גרם,false,1,16.00,9.52,true,1,25685
7290110565893,false,אנרגי מ.מצופה שוקולד,Unknown,,אנרגי מ.מצופה שוקולד,,350.00,100 גרם,false,1,16.00,4.57,true,1,25906
7290110565923,false,אנרגי תחתית מריר,Unknown,,אנרגי תחתית מריר,,24.00,100 גרם,false,1,5.00,20.83,true,1,19116
7290110565930,false,אנרגי תחתית ש.חלב,Unknown,,אנרגי תחתית ש.חלב,,24.00,100 גרם,false,1,5.00,20.83,true,1,19117
7290110566418,false,רבע לשבע מריר 60%,Unknown,,רבע לשבע מריר 60%,,120.00,100 גרם,false,1,14.50,12.08,true,1,22213
7290110566579,false,דבש לחיץ 200 גר,Unknown,,דבש לחיץ 200 גר,,200.00,100 גרם,false,1,11.90,5.95,true,1,24567
7290110566623,false,קפסולות 08 קולומביה,Unknown,,קפסולות 08 קולומביה,,0.00,,false,1,16.50,0.00,false,1,27408
7290110566975,false,דנונה פרו תות 20ג חל,Unknown,,דנונה פרו תות 20ג חל,,20.00,100 גרם,false,1,6.90,34.50,true,1,19372
7290110567064,false,מאסט בוקסי מנטה פטל,Unknown,,מאסט בוקסי מנטה פטל,,64.00,100 גרם,false,1,12.00,18.75,true,1,19492
7290110567255,false,אנרגי בטעם טעמי,Unknown,,אנרגי בטעם טעמי,,28.00,100 גרם,false,1,5.00,17.86,true,1,19120
7290110567309,false,פסק זמן בלונדי ק.חלב,Unknown,,פסק זמן בלונדי ק.חלב,,45.00,100 גרם,false,1,7.50,16.67,true,1,19369
7290110568238,false,יטבתה קצפת צמחית 21%,Unknown,,יטבתה קצפת צמחית 21%,,250.00,"100 מ""ל",false,1,10.00,4.00,false,1,26671
7290110568276,false,משקה פרו וניל 350מל,Unknown,,משקה פרו וניל 350מל,,350.00,"100 מ""ל",false,1,7.50,2.14,true,1,21292
7290110568498,false,קונפטורת תות ב.מעודנ,Unknown,,קונפטורת תות ב.מעודנ,,265.00,100 גרם,false,1,14.90,5.62,true,1,25907
7290110568559,false,דוריטוס חריף 10*25ג,Unknown,,דוריטוס חריף 10*25ג,,250.00,100 גרם,false,1,18.90,7.56,true,1,24816
7290110568627,false,פסק זמן רול אגוזים,Unknown,,פסק זמן רול אגוזים,,28.00,100 גרם,false,1,7.50,26.79,true,1,19493
7290110568924,false,פסז  ק.חלב וקוקוס,Unknown,,פסז  ק.חלב וקוקוס,,26.00,100 גרם,false,1,7.50,28.85,true,1,19494
7290110570125,false,קפה קר אייריש קרים,Unknown,,קפה קר אייריש קרים,,230.00,100 גרם,false,1,10.00,4.35,false,1,28112
7290110570224,false,קפה קר עוגיות,Unknown,,קפה קר עוגיות,,230.00,100 גרם,false,1,10.00,4.35,false,1,27752
7290110570521,false,חציל פיקנטי יום יום,Unknown,,חציל פיקנטי יום יום,,125.00,100 גרם,false,1,6.20,4.96,false,1,27753
7290110571375,false,אנרגי טופי ופקאן,Unknown,,אנרגי טופי ופקאן,,100.00,100 גרם,false,1,19.90,19.90,false,1,27754
7290110571399,false,מסטיק ג.תות 58 גרם,Unknown,,מסטיק ג.תות 58 גרם,,58.00,100 גרם,false,1,12.00,20.69,true,1,27834
7290110571405,false,מיני פי.גביע פסק זמן,Unknown,,מיני פי.גביע פסק זמן,,180.00,100 גרם,false,1,14.90,8.28,true,1,28113
7290110571412,false,מיני פי. בגביע פאדג,Unknown,,מיני פי. בגביע פאדג,,180.00,100 גרם,false,1,14.90,8.28,true,1,28114
7290110571474,false,רבע לשבע פופקורן,Unknown,,רבע לשבע פופקורן,,150.00,100 גרם,false,1,14.50,9.67,true,1,27785
7290110572129,false,כיף כף מ.שוקולד לבן,Unknown,,כיף כף מ.שוקולד לבן,,40.00,100 גרם,false,1,7.00,17.50,true,1,28115
7290110577230,false,משקה חלב פיסטוק,Unknown,,משקה חלב פיסטוק,,1.00,1 ליטר,false,1,12.40,12.40,false,1,28066
7290110577247,false,משקה חלבפיסטוק 350,Unknown,,משקה חלבפיסטוק 350,,350.00,100 גרם,false,1,7.50,2.14,false,1,28116
7290110577711,false,ש.חלבון פירות יער,Unknown,,ש.חלבון פירות יער,,350.00,"100 מ""ל",false,1,8.50,2.43,true,1,28254
7290110577728,false,ש.חלבון אפרסק ומנגו,Unknown,,ש.חלבון אפרסק ומנגו,,350.00,"100 מ""ל",false,1,8.50,2.43,true,1,28255
7290110856243,false,chill-ענבים,Unknown,,chill-ענבים,,0.00,,false,1,49.90,0.00,false,1,27311
7290110856250,false,chill-תפוח,Unknown,,chill-תפוח,,0.00,,false,1,49.90,0.00,false,1,27312
7290110856267,false,chill-אבטיח,Unknown,,chill-אבטיח,,0.00,,false,1,49.90,0.00,false,1,27313
7290110856298,false,chill-פירות יער,Unknown,,chill-פירות יער,,0.00,,false,1,49.90,0.00,false,1,27314
7290110856373,false,chill-תפוח אפרסק,Unknown,,chill-תפוח אפרסק,,0.00,,false,1,49.90,0.00,false,1,27315
7290110856380,false,chill-תות בננה,Unknown,,chill-תות בננה,,0.00,,false,1,49.90,0.00,false,1,27316
7290110856502,false,ס.אלקטרונת תות אבטיח,Unknown,,ס.אלקטרונת תות אבטיח,,0.00,,false,1,49.90,0.00,false,1,28050
7290110856519,false,chill-פטל,Unknown,,chill-פטל,,0.00,,false,1,49.90,0.00,false,1,27317
7290111010248,false,שמן זית בורגתא,Unknown,,שמן זית בורגתא,,750.00,"100 מ""ל",false,1,34.90,4.65,false,1,26963
7290111010262,false,מגבות פרש מרקט 6,Unknown,,מגבות פרש מרקט 6,,63.48,1 מטר,false,1,11.90,0.19,false,1,27654
7290111010316,false,נייר טואלט 24 גלילים,Unknown,,נייר טואלט 24 גלילים,,860.16,1 מטר,false,1,22.90,0.03,false,1,27655
7290111010620,false,ערק עם לימונים,Unknown,,ערק עם לימונים,,700.00,"100 מ""ל",false,1,54.90,7.80,false,1,26964
7290111010637,false,ערק כביר פסיפלורה,Unknown,,ערק כביר פסיפלורה,,700.00,"100 מ""ל",false,1,54.90,7.80,false,1,26965
7290111170058,false,פנס LED,Unknown,,פנס LED,,0.00,,false,1,39.90,0.00,true,1,18374
7290111170553,false,פנס ראש,Unknown,,פנס ראש,,0.00,,false,1,49.90,0.00,false,1,26573
7290111171048,false,קומפרסור אוויר,Unknown,,קומפרסור אוויר,,0.00,,false,1,149.00,0.00,false,1,21019
7290111340178,false,מטליות לחות כללי,Unknown,,מטליות לחות כללי,,50.00,יחידה,false,1,12.90,0.26,true,1,24545
7290111340185,false,מטליות לחות לרצפה,Unknown,,מטליות לחות לרצפה,,10.00,יחידה,false,1,14.50,1.45,true,1,24546
7290111341366,false,מפיות אירוח 1 שכבתי,Unknown,,מפיות אירוח 1 שכבתי,,150.00,יחידה,false,1,13.50,0.09,true,1,24613
7290111341984,false,נייר טואלט לילי לח*4,Unknown,,נייר טואלט לילי לח*4,,160.00,יחידה,false,1,25.90,0.16,true,1,21352
7290111342059,false,מט.לחות אנטיבקטריאלי,Unknown,,מט.לחות אנטיבקטריאלי,,50.00,יחידה,false,1,11.90,0.24,true,1,24664
7290111345814,false,לילי נטורל קר 30,Unknown,,לילי נטורל קר 30,,517.00,100 מטר,false,1,42.90,8.30,false,1,25154
7290111346125,false,מ.האגיס דיילי קר,Unknown,,מ.האגיס דיילי קר,,0.00,,false,1,20.90,0.00,false,1,28208
7290111346132,false,מ. האגיס סנסטיב,Unknown,,מ. האגיס סנסטיב,,0.00,,false,1,20.90,0.00,false,1,28209
7290111350566,true,2 לואקר 250ג בצידנית,Unknown,,2 לואקר 250ג בצידנית,,0.00,,false,,29.90,0.00,true,1,22095
7290111350719,false,הוטפופ נאצוס 332גר,Unknown,,הוטפופ נאצוס 332גר,,332.00,100 גרם,false,1,18.90,5.69,true,1,24817
7290111350726,false,הוטפופ נאצוס מקסיקני,Unknown,,הוטפופ נאצוס מקסיקני,,332.00,100 גרם,false,1,18.90,5.69,true,1,24818
7290111350924,false,לואקר+כוס טרמית,Unknown,,לואקר+כוס טרמית,,500.00,100 גרם,false,1,29.90,5.98,true,1,25366
7290111351280,false,תערובת אגוזים קלויים,Unknown,,תערובת אגוזים קלויים,,150.00,100 גרם,false,1,22.90,15.27,true,1,20042
7290111351334,false,קלית גת תמר מגהול650,Unknown,,קלית גת תמר מגהול650,,650.00,100 גרם,false,1,29.90,4.60,true,1,24819
7290111352973,false,יוגטה קוביות חמוצות,Unknown,,יוגטה קוביות חמוצות,,220.00,100 גרם,false,1,12.00,5.45,true,1,24820
7290111354083,false,ת.אגוזים מקורמלים,Unknown,,ת.אגוזים מקורמלים,,170.00,100 גרם,false,1,24.90,14.65,true,1,25367
7290111354090,false,ת.פיצוחים משוקלדות,Unknown,,ת.פיצוחים משוקלדות,,120.00,100 גרם,false,1,24.90,20.75,true,1,25368
7290111354175,false,רביולי בוטנים מצופים,Unknown,,רביולי בוטנים מצופים,,120.00,100 גרם,false,1,16.90,14.08,true,1,25369
7290111354182,false,פרכיות אורז צילי,Unknown,,פרכיות אורז צילי,,70.00,100 גרם,false,1,16.90,24.14,true,1,25370
7290111354229,false,מארז9 ק.התנסות,Unknown,,מארז9 ק.התנסות,,0.00,,false,1,0.00,0.00,true,1,28244
7290111354571,false,לואקר מארז+ציידנית,Unknown,,לואקר מארז+ציידנית,,700.00,100 גרם,false,1,39.90,5.70,true,1,27757
7290111354922,false,מארז סניידרס+הוטפופ,Unknown,,מארז סניידרס+הוטפופ,,640.00,100 גרם,false,1,19.90,3.11,true,1,28117
7290111534010,false,פס גבינה שמנת פרורים,Unknown,,פס גבינה שמנת פרורים,,400.00,100 גרם,false,1,42.90,10.72,false,1,28039
7290111560873,false,לחמניית המבורגר,Unknown,,לחמניית המבורגר,,100.00,100 גרם,false,1,3.00,3.00,true,1,18148
7290111560910,false,וופל שוקולד 200 גרם,Unknown,,וופל שוקולד 200 גרם,,200.00,100 גרם,false,1,5.90,2.95,true,1,18352
7290111563249,false,חציל פיקטני בייסיק,Unknown,,חציל פיקטני בייסיק,,400.00,100 גרם,false,1,17.00,4.25,false,1,25823
7290111563355,false,צבר סלט טורקי,Unknown,,צבר סלט טורקי,,400.00,100 גרם,false,1,17.00,4.25,false,1,25824
7290111563492,false,צבר מטבוחה חריפה,Unknown,,צבר מטבוחה חריפה,,400.00,100 גרם,false,1,17.00,4.25,false,1,25825
7290111563584,false,טילון כשלפ,Unknown,,טילון כשלפ,,72.00,100 גרם,false,1,10.00,13.89,true,1,18497
7290111564239,false,מאגדת קראנץ וניל,Unknown,,מאגדת קראנץ וניל,,275.00,100 גרם,false,1,32.90,11.96,true,1,24559
7290111564277,false,פיטנס פריכיות3 דגנים,Unknown,,פיטנס פריכיות3 דגנים,,120.00,100 גרם,false,1,13.50,11.25,true,1,19456
7290111564291,false,פיטנס פ.עם קינואה,Unknown,,פיטנס פ.עם קינואה,,120.00,100 גרם,false,1,13.50,11.25,true,1,22195
7290111564727,false,קרמוגית קרם אגוזים,Unknown,,קרמוגית קרם אגוזים,,200.00,100 גרם,false,1,14.90,7.45,true,1,22246
7290111564932,false,אח של ביסלי ספייסי,Unknown,,אח של ביסלי ספייסי,,70.00,100 גרם,false,1,7.50,10.71,true,1,18341
7290111564956,false,ביסלי במבה מיקס200ג,Unknown,,ביסלי במבה מיקס200ג,,200.00,100 גרם,false,1,15.90,7.95,true,1,18196
7290111565038,false,לה קרמריה קוקולידה,Unknown,,לה קרמריה קוקולידה,,1.40,1 ליטר,false,1,26.90,19.21,true,1,23248
7290111565502,false,סנדוויץ אוראו,Unknown,,סנדוויץ אוראו,,86.60,100 גרם,false,1,9.90,11.43,true,1,18501
7290111565656,false,במבה נוגט 150גר,Unknown,,במבה נוגט 150גר,,150.00,100 גרם,false,1,15.90,10.60,true,1,18197
7290111566127,false,מאגדת סנדוויץ אוראו,Unknown,,מאגדת סנדוויץ אוראו,,198.00,100 גרם,false,1,27.00,13.64,true,1,24562
7290111566271,false,טבעול חטיפי תירס,Unknown,,טבעול חטיפי תירס,,657.00,100 גרם,false,1,36.90,5.62,true,1,24671
7290111566318,false,טבעול שניצל דק,Unknown,,טבעול שניצל דק,,564.00,100 גרם,false,1,37.00,6.56,true,1,24673
7290111566332,false,טבעול נקניקיות וינר,Unknown,,טבעול נקניקיות וינר,,680.00,100 גרם,false,1,37.90,5.57,false,1,25826
7290111566547,false,טבעול חזה בגריל,Unknown,,טבעול חזה בגריל,,560.00,100 גרם,false,1,37.90,6.77,true,1,25698
7290111566561,false,טבעול שניצל ברוקולי,Unknown,,טבעול שניצל ברוקולי,,560.00,100 גרם,false,1,37.90,6.77,false,1,25827
7290111566660,false,טבעול קציצות עדשים,Unknown,,טבעול קציצות עדשים,,530.00,100 גרם,false,1,37.90,7.15,false,1,25828
7290111566714,false,טבעול המבורגר צמחוני,Unknown,,טבעול המבורגר צמחוני,,600.00,100 גרם,false,1,37.00,6.17,true,1,24672
7290111566752,false,טבעול שניצל תירס 693,Unknown,,טבעול שניצל תירס 693,,693.00,100 גרם,false,1,37.00,5.34,true,1,24822
7290111567759,false,עוגת הבית דבש קלאסית,Unknown,,עוגת הבית דבש קלאסית,,400.00,100 גרם,false,1,17.00,4.25,true,1,20161
7290111568206,false,ביסלי פארטי מיקס,Unknown,,ביסלי פארטי מיקס,,150.00,100 גרם,false,1,15.90,10.60,true,1,19002
7290111568251,false,נודלס אטריות להקפצה,Unknown,,נודלס אטריות להקפצה,,350.00,100 גרם,false,1,12.50,3.57,true,1,25696
7290111568275,false,נודלס אטריות אורז,Unknown,,נודלס אטריות אורז,,300.00,100 גרם,false,1,12.90,4.30,true,1,23698
7290111568350,false,אסם פירורית פנקו,Unknown,,אסם פירורית פנקו,,300.00,100 גרם,false,1,8.50,2.83,true,1,23694
7290112000798,false,דטול תרסיס חיטוי,Unknown,,דטול תרסיס חיטוי,,750.00,"100 מ""ל",false,1,15.90,2.12,true,1,21298
7290112000828,false,דטול לחיטוי 60 יחידו,Unknown,,דטול לחיטוי 60 יחידו,,60.00,יחידה,false,1,15.90,0.26,true,1,21360
7290112000842,false,דטול מגבונים לניקוי,Unknown,,דטול מגבונים לניקוי,,60.00,יחידה,false,1,15.90,0.26,true,1,21142
7290112001023,false,ספריי מילוי מבשם,Unknown,,ספריי מילוי מבשם,,250.00,"100 מ""ל",false,1,20.00,8.00,true,1,24950
7290112002099,false,קולון גל מרוכז כחול,Unknown,,קולון גל מרוכז כחול,,2.50,1 ליטר,false,1,29.90,11.96,true,1,24161
7290112002228,false,פחית ריח לרכב לוונדר,Unknown,,פחית ריח לרכב לוונדר,,1.00,יחידה,false,1,10.00,10.00,false,1,21478
7290112002235,false,פחית ריח לרכב ורדים,Unknown,,פחית ריח לרכב ורדים,,1.00,יחידה,false,1,10.00,10.00,false,1,21479
7290112002259,false,פחית ריח לרכב-מרענן,Unknown,,פחית ריח לרכב-מרענן,,1.00,יחידה,false,1,10.00,10.00,false,1,21480
7290112003966,false,וניש מסיר כתמים,Unknown,,וניש מסיר כתמים,,470.00,100 גרם,false,1,17.90,3.81,false,1,23882
7290112330352,false,דנונה פרו וניל 200ג,Unknown,,דנונה פרו וניל 200ג,,200.00,100 גרם,false,1,6.90,3.45,true,1,22521
7290112330390,false,דנונה פרו פירות יער,Unknown,,דנונה פרו פירות יער,,200.00,100 גרם,false,1,6.90,3.45,true,1,22220
7290112330420,false,דנונה פרו לבן 2.9%,Unknown,,דנונה פרו לבן 2.9%,,150.00,"100 מ""ל",false,1,5.00,3.33,false,1,22231
7290112330970,false,שייק חלבון פ.יער,Unknown,,שייק חלבון פ.יער,,350.00,"100 מ""ל",false,1,8.50,2.43,true,1,20281
7290112330987,false,שייק ח.אפרסק מנגו,Unknown,,שייק ח.אפרסק מנגו,,350.00,"100 מ""ל",false,1,8.50,2.43,true,1,20282
7290112330994,false,שייק פרו אפרסק,Unknown,,שייק פרו אפרסק,,350.00,100 גרם,false,1,8.50,2.43,false,1,27413
7290112331946,false,רבע לשבע טורטית,Unknown,,רבע לשבע טורטית,,120.00,100 גרם,false,1,14.50,12.08,true,1,20351
7290112332110,false,שוקולד מריר 60% ללס,Unknown,,שוקולד מריר 60% ללס,,100.00,100 גרם,false,1,10.90,10.90,true,1,27146
7290112332158,false,בלונדי ק.שמנת,Unknown,,בלונדי ק.שמנת,,100.00,100 גרם,false,1,10.00,10.00,true,1,20313
7290112332585,false,משולשות תפוא סלק,Unknown,,משולשות תפוא סלק,,30.00,100 גרם,false,1,7.00,23.33,true,1,20254
7290112332653,false,עוגיות סנדוויץ מצופv,Unknown,,עוגיות סנדוויץ מצופv,,240.00,100 גרם,false,1,21.00,8.75,false,1,22254
7290112332691,false,פינוקיות פסק זמן,Unknown,,פינוקיות פסק זמן,,200.00,100 גרם,false,1,13.50,6.75,true,1,20370
7290112332721,false,מאנץ שוקולד חלב,Unknown,,מאנץ שוקולד חלב,,100.00,100 גרם,false,1,14.90,14.90,true,1,22828
7290112334305,false,כרובית עם טחינה330ג,Unknown,,כרובית עם טחינה330ג,,330.00,100 גרם,false,1,16.90,5.12,false,1,26737
7290112334879,false,בפלות שוקולד 125ג,Unknown,,בפלות שוקולד 125ג,,125.00,100 גרם,false,1,6.90,5.52,true,1,20140
7290112335043,false,מרשמלו בזוקה,Unknown,,מרשמלו בזוקה,,150.00,100 גרם,false,1,8.00,5.33,true,1,19718
7290112335050,false,מרשמלו וניל קלאסי,Unknown,,מרשמלו וניל קלאסי,,150.00,100 גרם,false,1,8.00,5.33,true,1,19719
7290112335487,false,פ.טעימות קצח ודגנים,Unknown,,פ.טעימות קצח ודגנים,,135.00,100 גרם,false,1,14.90,11.04,true,1,20066
7290112335500,false,פרכיות טעימות חומוס,Unknown,,פרכיות טעימות חומוס,,135.00,100 גרם,false,1,14.90,11.04,true,1,24605
7290112336637,false,מאסט ס. יוגורט ותות,Unknown,,מאסט ס. יוגורט ותות,,80.00,100 גרם,false,1,10.50,13.12,true,1,24645
7290112336644,false,מאסט סוכריות לימון,Unknown,,מאסט סוכריות לימון,,80.00,100 גרם,false,1,10.50,13.12,true,1,20567
7290112336651,false,מאסט סוכריות ר.חלב,Unknown,,מאסט סוכריות ר.חלב,,80.00,100 גרם,false,1,10.50,13.12,true,1,24646
7290112336712,false,דנונה פרו 21גר,Unknown,,דנונה פרו 21גר,,200.00,"100 מ""ל",false,1,6.90,3.45,true,1,24823
7290112337474,false,מאסט ס.פטל לימון,Unknown,,מאסט ס.פטל לימון,,80.00,100 גרם,false,1,10.50,13.12,true,1,20568
7290112337481,false,מאסט סוכריות קפוצינ,Unknown,,מאסט סוכריות קפוצינ,,80.00,100 גרם,false,1,10.50,13.12,true,1,24647
7290112338877,false,סקי בטעמים תות 125גר,Unknown,,סקי בטעמים תות 125גר,,125.00,100 גרם,false,1,4.80,3.84,true,1,26700
7290112338884,false,סקי גבינה אפרסק,Unknown,,סקי גבינה אפרסק,,125.00,100 גרם,false,1,4.80,3.84,true,1,23014
7290112339171,false,מילקי מוס 170  מל,Unknown,,מילקי מוס 170  מל,,170.00,"100 מ""ל",false,1,3.80,2.24,false,1,24623
7290112339362,false,לייט&פריי קפוצינו,Unknown,,לייט&פריי קפוצינו,,150.00,"100 מ""ל",false,1,6.50,4.33,false,1,26672
7290112339867,false,גמדים סקוויז לדרך,Unknown,,גמדים סקוויז לדרך,,100.00,100 גרם,false,1,6.20,6.20,true,1,24824
7290112339874,false,גמדים סקוויז ת.בננה,Unknown,,גמדים סקוויז ת.בננה,,100.00,100 גרם,false,1,6.20,6.20,true,1,24990
7290112340122,false,פ.טעימות 3דגנים-19,Unknown,,פ.טעימות 3דגנים-19,,135.00,100 גרם,false,1,14.90,11.04,true,1,20068
7290112340221,false,גרעיני תירס מתוק,Unknown,,גרעיני תירס מתוק,,340.00,100 גרם,false,1,7.00,2.06,true,1,24665
7290112340245,false,מאסט דובדבן בקבוקון,Unknown,,מאסט דובדבן בקבוקון,,66.00,100 גרם,false,1,12.00,18.18,true,1,19922
7290112340276,false,פינוקית קפה נמס,Unknown,,פינוקית קפה נמס,,200.00,100 גרם,false,1,13.50,6.75,true,1,20369
7290112341099,true,באגט קראנצ טבעי 300ג,Unknown,,באגט קראנצ טבעי 300ג,,0.00,,false,,14.90,0.00,true,1,22226
7290112341112,false,מוקה בקבוק 350 מל,Unknown,,מוקה בקבוק 350 מל,,350.00,"100 מ""ל",false,1,7.50,2.14,true,1,20023
7290112341556,false,אקטיביה עם ציה ותות,Unknown,,אקטיביה עם ציה ותות,,150.00,"100 מ""ל",false,1,6.50,4.33,true,1,26655
7290112341679,false,אקטיביה 3% 200ג,Unknown,,אקטיביה 3% 200ג,,200.00,100 גרם,false,1,4.50,2.25,true,1,24630
7290112341686,false,אקטיביה יוגורט 3% 8*,Unknown,,אקטיביה יוגורט 3% 8*,,1.20,1 ליטר,false,1,22.90,19.08,false,1,26738
7290112342072,false,משקה חלב בלונדי 1 ל,Unknown,,משקה חלב בלונדי 1 ל,,1.00,1 ליטר,false,1,12.40,12.40,true,1,22801
7290112342102,false,סימפוניה בצל מקורמל,Unknown,,סימפוניה בצל מקורמל,,200.00,100 גרם,false,1,12.50,6.25,false,1,26739
7290112342195,false,תפוציפס מקלות טבעי,Unknown,,תפוציפס מקלות טבעי,,200.00,100 גרם,false,1,10.00,5.00,true,1,20588
7290112342393,false,מאסט מון תפוח 60 גר,Unknown,,מאסט מון תפוח 60 גר,,60.00,100 גרם,false,1,12.00,20.00,true,1,20461
7290112342508,false,דוריטוס ק.ראנצ 70ג,Unknown,,דוריטוס ק.ראנצ 70ג,,70.00,100 גרם,false,1,6.90,9.86,true,1,27786
7290112342553,false,משקה בלונדי 350 מל,Unknown,,משקה בלונדי 350 מל,,350.00,"100 מ""ל",false,1,7.50,2.14,true,1,20212
7290112342621,false,שוקו בקבוק 350 מל,Unknown,,שוקו בקבוק 350 מל,,350.00,100 גרם,false,1,7.50,2.14,true,1,20363
7290112343260,false,רוטב שמנת קלאסי,Unknown,,רוטב שמנת קלאסי,,260.00,"100 מ""ל",false,1,12.00,4.62,true,1,26657
7290112343420,false,יטבתה פרו א.בוקר,Unknown,,יטבתה פרו א.בוקר,,350.00,"100 מ""ל",false,1,8.50,2.43,true,1,20586
7290112343499,false,ציטוס פאפ גבינה 55ג,Unknown,,ציטוס פאפ גבינה 55ג,,55.00,100 גרם,false,1,5.90,10.73,true,1,25156
7290112344427,false,קפה נמס 100 גרם,Unknown,,קפה נמס 100 גרם,,100.00,100 גרם,false,1,15.00,15.00,true,1,21250
7290112344564,false,רביולי גבינה KIDS,Unknown,,רביולי גבינה KIDS,,400.00,100 גרם,false,1,24.00,6.00,true,1,26656
7290112344748,false,מילקי EXTRA קפוצינו,Unknown,,מילקי EXTRA קפוצינו,,133.00,100 גרם,false,1,4.00,3.01,false,1,23994
7290112344755,false,מילקי 26% פחות סוכר,Unknown,,מילקי 26% פחות סוכר,,135.00,100 גרם,false,1,3.10,2.30,false,1,22256
7290112344786,false,פלטינום קלאסיק,Unknown,,פלטינום קלאסיק,,200.00,100 גרם,false,1,38.00,19.00,true,1,24666
7290112344946,false,סימפוניה ש.זית וזעתר,Unknown,,סימפוניה ש.זית וזעתר,,200.00,100 גרם,false,1,12.50,6.25,true,1,22802
7290112346537,false,פינוקיות בטעם טורטית,Unknown,,פינוקיות בטעם טורטית,,200.00,100 גרם,false,1,13.50,6.75,true,1,20510
7290112346629,false,יוגורט עם קורנפלקס,Unknown,,יוגורט עם קורנפלקס,,172.00,100 גרם,false,1,6.20,3.60,true,1,21087
7290112346773,false,דנונה לייט&פריי וניל,Unknown,,דנונה לייט&פריי וניל,,150.00,"100 מ""ל",false,1,6.50,4.33,false,1,26673
7290112346797,false,אקטיביה ש שועל ושזיף,Unknown,,אקטיביה ש שועל ושזיף,,150.00,100 גרם,false,1,6.50,4.33,false,1,23128
7290112347374,false,מילקי CAKE פסק זמן,Unknown,,מילקי CAKE פסק זמן,,34.00,100 גרם,false,1,4.00,11.76,true,1,21171
7290112347626,false,כיף כף נשנושים 55,Unknown,,כיף כף נשנושים 55,,55.00,100 גרם,false,1,9.00,16.36,true,1,20569
7290112347718,false,קולד ברו קלאסי 250,Unknown,,קולד ברו קלאסי 250,,250.00,"100 מ""ל",false,1,10.90,4.24,true,1,21251
7290112347725,false,קולד ברו מתיקות 250,Unknown,,קולד ברו מתיקות 250,,250.00,"100 מ""ל",false,1,10.90,4.24,true,1,21252
7290112348029,false,חומוס חלק דליקטס,Unknown,,חומוס חלק דליקטס,,250.00,100 גרם,false,1,10.00,4.00,true,1,25040
7290112348043,false,סלט חציל במיונז,Unknown,,סלט חציל במיונז,,250.00,100 גרם,false,1,13.00,5.20,true,1,23719
7290112348241,false,פסק זמן פטיסרי ק.קפה,Unknown,,פסק זמן פטיסרי ק.קפה,,35.00,100 גרם,false,1,7.50,21.43,true,1,21441
7290112348548,false,שוקולד פרה לבן 100ג,Unknown,,שוקולד פרה לבן 100ג,,100.00,100 גרם,false,1,9.00,9.00,true,1,20653
7290112348999,false,פריכיות טעימות תירס,Unknown,,פריכיות טעימות תירס,,135.00,100 גרם,false,1,14.90,11.04,true,1,23715
7290112349255,false,טורטית נשנושים 55,Unknown,,טורטית נשנושים 55,,55.00,100 גרם,false,1,9.00,16.36,true,1,20570
7290112349262,false,פסק זמן נשנושים 55,Unknown,,פסק זמן נשנושים 55,,55.00,100 גרם,false,1,9.00,16.36,true,1,20571
7290112349347,false,מאסט FRESH מנטה,Unknown,,מאסט FRESH מנטה,,15.00,100 גרם,false,1,5.00,33.33,true,1,21435
7290112349354,false,מאסט FRESH פטל,Unknown,,מאסט FRESH פטל,,15.00,100 גרם,false,1,5.00,33.33,true,1,21436
7290112349378,false,מאסט FRESH רימון,Unknown,,מאסט FRESH רימון,,15.00,100 גרם,false,1,5.00,33.33,true,1,21437
7290112349637,false,דניאלה בטעם ענבים,Unknown,,דניאלה בטעם ענבים,,150.00,"100 מ""ל",false,1,4.90,3.27,true,1,26658
7290112349651,false,פרה עוגיות ואגוזים,Unknown,,פרה עוגיות ואגוזים,,95.00,100 גרם,false,1,9.00,9.47,true,1,21450
7290112349668,false,ספלנדיד ש.מריר 90%,Unknown,,ספלנדיד ש.מריר 90%,,100.00,100 גרם,false,1,12.90,12.90,true,1,24006
7290112350015,false,משקה חלבון מי גבינה,Unknown,,משקה חלבון מי גבינה,,350.00,"100 מ""ל",false,1,8.50,2.43,true,1,22322
7290112350312,false,עלית ת. נספרסו 15,Unknown,,עלית ת. נספרסו 15,,10.00,יחידה,false,1,16.50,1.65,true,1,22096
7290112350350,false,פסק זמן פטיסרי אגוזי,Unknown,,פסק זמן פטיסרי אגוזי,,35.00,100 גרם,false,1,7.50,21.43,true,1,21442
7290112351197,false,פרה עוגיות ושקדים,Unknown,,פרה עוגיות ושקדים,,95.00,100 גרם,false,1,9.00,9.47,true,1,21448
7290112351210,false,פרה גלילי ופל+קוקוס,Unknown,,פרה גלילי ופל+קוקוס,,95.00,100 גרם,false,1,9.00,9.47,true,1,21449
7290112351258,false,פינוקיות שחור לבן,Unknown,,פינוקיות שחור לבן,,200.00,100 גרם,false,1,13.50,6.75,true,1,21254
7290112351661,false,מאנץ שוקולד מריר,Unknown,,מאנץ שוקולד מריר,,100.00,100 גרם,false,1,14.90,14.90,true,1,22829
7290112351807,false,בלונדי טבלה חלק 100ג,Unknown,,בלונדי טבלה חלק 100ג,,100.00,100 גרם,false,1,10.00,10.00,true,1,22366
7290112352057,false,איחולים מתוקים 137 ג,Unknown,,איחולים מתוקים 137 ג,,137.00,100 גרם,false,1,26.90,19.64,true,1,22097
7290112352569,false,משקה חלבון מי גבינה,Unknown,,משקה חלבון מי גבינה,,350.00,"100 מ""ל",false,1,8.50,2.43,true,1,22323
7290112353412,false,פריכיות משולשות,Unknown,,פריכיות משולשות,,30.00,100 גרם,false,1,7.00,23.33,true,1,21255
7290112353542,false,סלט מטבוחה,Unknown,,סלט מטבוחה,,250.00,100 גרם,false,1,13.00,5.20,true,1,25042
7290112353566,false,סלט טחינה דליקטס,Unknown,,סלט טחינה דליקטס,,250.00,100 גרם,false,1,13.00,5.20,true,1,25041
7290112353887,false,משקה קפה קר אגוזים,Unknown,,משקה קפה קר אגוזים,,230.00,100 גרם,false,1,10.00,4.35,true,1,21096
7290112353894,false,משקה קפה קר שוקולד,Unknown,,משקה קפה קר שוקולד,,230.00,"100 מ""ל",false,1,10.00,4.35,false,1,21720
7290112353986,false,ממרח שעועית שום שמיר,Unknown,,ממרח שעועית שום שמיר,,235.00,100 גרם,false,1,12.00,5.11,false,1,26674
7290112354075,false,סלט תפוח אדמה,Unknown,,סלט תפוח אדמה,,250.00,100 גרם,false,1,13.90,5.56,false,1,25405
7290112354174,false,פסטה רוזה,Unknown,,פסטה רוזה,,280.00,100 גרם,false,1,24.90,8.89,false,1,25160
7290112354204,false,ספגטי עגבניות 280 גר,Unknown,,ספגטי עגבניות 280 גר,,280.00,100 גרם,false,1,24.90,8.89,false,1,25161
7290112354211,false,פיצה מרגריטה,Unknown,,פיצה מרגריטה,,400.00,100 גרם,false,1,26.90,6.72,false,1,25162
7290112354235,false,ברקטה פיצה,Unknown,,ברקטה פיצה,,300.00,100 גרם,false,1,26.90,8.97,false,1,25163
7290112354747,false,דנונה בר בננה קורנפ,Unknown,,דנונה בר בננה קורנפ,,172.00,100 גרם,false,1,6.20,3.60,true,1,21470
7290112354945,false,תפו wavy טבעי  50 גר,Unknown,,תפו wavy טבעי  50 גר,,50.00,100 גרם,false,1,5.90,11.80,true,1,28211
7290112354952,false,תפו WAVY פפריקה 50 ג,Unknown,,תפו WAVY פפריקה 50 ג,,50.00,100 גרם,false,1,5.90,11.80,true,1,28212
7290112355027,false,דנונה פרו 20 קרמל,Unknown,,דנונה פרו 20 קרמל,,200.00,100 גרם,false,1,6.90,3.45,false,1,21721
7290112355102,false,גמדים פאוץ סלט פירות,Unknown,,גמדים פאוץ סלט פירות,,100.00,100 גרם,false,1,6.20,6.20,true,1,23038
7290112355195,false,WOW בננה תמר,Unknown,,WOW בננה תמר,,150.00,100 גרם,false,1,6.00,4.00,true,1,25972
7290112355263,false,רוטב שמנת שוקולד,Unknown,,רוטב שמנת שוקולד,,260.00,100 גרם,false,1,11.50,4.42,false,1,27055
7290112355386,false,רוטב שמנת קרמל מלוח,Unknown,,רוטב שמנת קרמל מלוח,,260.00,100 גרם,false,1,11.50,4.42,false,1,27056
7290112355461,false,חומוס בסגנון ירושלמי,Unknown,,חומוס בסגנון ירושלמי,,400.00,100 גרם,false,1,13.50,3.38,false,1,26740
7290112355720,false,WOW קרמל מלוח,Unknown,,WOW קרמל מלוח,,150.00,100 גרם,false,1,6.50,4.33,true,1,26659
7290112355805,false,גמדים א בוקר ענבים,Unknown,,גמדים א בוקר ענבים,,100.00,100 גרם,false,1,6.20,6.20,false,1,27414
7290112355867,false,מילקי קצפת פצפוצים,Unknown,,מילקי קצפת פצפוצים,,170.00,"100 מ""ל",false,1,4.50,2.65,false,1,26675
7290112355881,false,דנונה לייט&פריי תות,Unknown,,דנונה לייט&פריי תות,,150.00,100 גרם,false,1,6.50,4.33,false,1,26676
7290112355980,false,חלב נטול לקטוז,Unknown,,חלב נטול לקטוז,,2.00,1 ליטר,false,1,17.90,8.95,false,1,27415
7290112356116,false,מאסט FRESH מנדרינה,Unknown,,מאסט FRESH מנדרינה,,15.00,100 גרם,false,1,5.00,33.33,false,1,22011
7290112357045,false,עגבניות מרוסקות,Unknown,,עגבניות מרוסקות,,390.00,100 גרם,false,1,8.00,2.05,true,1,24667
7290112357113,false,גרגרי חומוס טעם הטבע,Unknown,,גרגרי חומוס טעם הטבע,,380.00,100 גרם,false,1,8.00,2.11,true,1,24668
7290112357618,false,מאסט טרופי,Unknown,,מאסט טרופי,,58.00,100 גרם,false,1,12.00,20.69,true,1,20767
7290112358004,false,פסק זמן קראנץ,Unknown,,פסק זמן קראנץ,,32.00,100 גרם,false,1,7.50,23.44,true,1,21443
7290112358127,false,דנונה פרו בטעם וניל,Unknown,,דנונה פרו בטעם וניל,,200.00,"100 מ""ל",false,1,10.00,5.00,false,1,26677
7290112358158,false,קפסולות אייס ק.קוקוס,Unknown,,קפסולות אייס ק.קוקוס,,10.00,יחידה,false,1,16.50,1.65,true,1,22537
7290112358523,false,אחלה חומוס סלק 235ג,Unknown,,אחלה חומוס סלק 235ג,,235.00,100 גרם,false,1,12.00,5.11,false,1,26678
7290112358554,false,מארז נמס לדרך,Unknown,,מארז נמס לדרך,,50.00,100 גרם,false,1,12.90,25.80,false,1,27307
7290112358561,false,פלטינום קלאסיק 47 ג,Unknown,,פלטינום קלאסיק 47 ג,,47.00,100 גרם,false,1,7.00,14.89,true,1,21924
7290112358752,false,קולד ברו חלב 250,Unknown,,קולד ברו חלב 250,,250.00,"100 מ""ל",false,1,10.90,4.24,true,1,21258
7290112358844,false,ש.פרה חלב ש.אגוזים,Unknown,,ש.פרה חלב ש.אגוזים,,100.00,100 גרם,false,1,9.00,9.00,true,1,22575
7290112358981,false,מאגדת שומשום קרמל,Unknown,,מאגדת שומשום קרמל,,100.00,100 גרם,false,1,16.00,16.00,true,1,25087
7290112358998,false,מאגדת שומשום וקצח,Unknown,,מאגדת שומשום וקצח,,100.00,100 גרם,false,1,16.00,16.00,true,1,25088
7290112359353,false,קפה טורקי אלדין,Unknown,,קפה טורקי אלדין,,200.00,100 גרם,false,1,22.90,11.45,true,1,25305
7290112359674,false,דוריטוס הוט לימון,Unknown,,דוריטוס הוט לימון,,70.00,100 גרם,false,1,6.90,9.86,true,1,22714
7290112359711,false,דוריטוס פלמין הוט,Unknown,,דוריטוס פלמין הוט,,70.00,100 גרם,false,1,6.90,9.86,true,1,22713
7290112415400,false,עוגיות אלפחורס חלבי,Unknown,,עוגיות אלפחורס חלבי,,0.00,,false,1,31.90,0.00,false,1,28033
7290112490209,false,מרק נמס בכוס עגבניות,Unknown,,מרק נמס בכוס עגבניות,,56.00,100 גרם,false,1,9.00,16.07,true,1,19316
7290112490216,false,מרק נמס בכוס טעם עוף,Unknown,,מרק נמס בכוס טעם עוף,,48.00,100 גרם,false,1,9.00,18.75,true,1,19317
7290112490230,false,מרק נמס בכוס אפונה,Unknown,,מרק נמס בכוס אפונה,,50.00,100 גרם,false,1,9.00,18.00,true,1,19318
7290112490650,false,778 קונפיטורת,Unknown,,778 קונפיטורת,,340.00,100 גרם,false,1,17.90,5.26,true,1,24924
7290112490667,false,778 קונפיטורת,Unknown,,778 קונפיטורת,,340.00,100 גרם,false,1,17.90,5.26,true,1,24925
7290112490674,false,778 קונפיטורת,Unknown,,778 קונפיטורת,,340.00,100 גרם,false,1,17.90,5.26,true,1,24926
7290112490698,false,778 קונפיטורת תות,Unknown,,778 קונפיטורת תות,,260.00,100 גרם,false,1,19.90,7.65,true,1,24927
7290112490759,false,קנור מרק עוף+אטריות,Unknown,,קנור מרק עוף+אטריות,,74.00,100 גרם,false,1,15.00,20.27,true,1,23731
7290112491534,false,ורד הגליל 44% 3*100,Unknown,,ורד הגליל 44% 3*100,,300.00,100 גרם,false,1,15.00,5.00,true,1,24826
7290112491701,false,ברנפלקס א.פרוטאין,Unknown,,ברנפלקס א.פרוטאין,,375.00,100 גרם,false,1,29.90,7.97,false,1,25829
7290112491794,false,בייגל בייגל שמנת בצל,Unknown,,בייגל בייגל שמנת בצל,,300.00,100 גרם,false,1,14.00,4.67,true,1,24827
7290112492449,false,פינוק שמפו שיער רגיל,Unknown,,פינוק שמפו שיער רגיל,,700.00,"100 מ""ל",false,1,14.00,2.00,true,1,20962
7290112492456,false,פינוק שמפו יבש 700,Unknown,,פינוק שמפו יבש 700,,700.00,"100 מ""ל",false,1,14.00,2.00,true,1,24828
7290112492463,false,פינוק 2 ב-1 רגיל,Unknown,,פינוק 2 ב-1 רגיל,,700.00,"100 מ""ל",false,1,14.00,2.00,true,1,24661
7290112492487,false,פינוק שמפו שמ.מרוקאי,Unknown,,פינוק שמפו שמ.מרוקאי,,700.00,"100 מ""ל",false,1,14.00,2.00,false,1,24662
7290112492500,false,פינוק שמפו ש.קוקוס,Unknown,,פינוק שמפו ש.קוקוס,,700.00,"100 מ""ל",false,1,14.00,2.00,true,1,24829
7290112492531,false,פינוק מרכך שיער רגיל,Unknown,,פינוק מרכך שיער רגיל,,700.00,"100 מ""ל",false,1,14.00,2.00,true,1,22237
7290112492579,false,פינוק מרכך,Unknown,,פינוק מרכך,,700.00,"100 מ""ל",false,1,14.00,2.00,true,1,24928
7290112492593,false,פינוק תח.רחצה קלאסי,Unknown,,פינוק תח.רחצה קלאסי,,700.00,"100 מ""ל",false,1,14.00,2.00,true,1,20961
7290112492609,false,תחליב רחצה לבנדר,Unknown,,תחליב רחצה לבנדר,,700.00,"100 מ""ל",false,1,14.00,2.00,true,1,24658
7290112492630,false,פינוק 3 ב-1 לגבר,Unknown,,פינוק 3 ב-1 לגבר,,700.00,"100 מ""ל",false,1,14.00,2.00,true,1,20963
7290112492678,false,פ.שמפו לשיער רגיל,Unknown,,פ.שמפו לשיער רגיל,,100.00,"100 מ""ל",false,1,6.00,6.00,true,1,22164
7290112492685,false,פ.מרכך לשיער רגיל,Unknown,,פ.מרכך לשיער רגיל,,100.00,"100 מ""ל",false,1,6.00,6.00,false,1,22264
7290112492692,false,פינוק תחליב רחצה,Unknown,,פינוק תחליב רחצה,,100.00,"100 מ""ל",false,1,6.00,6.00,true,1,21398
7290112492999,false,קנור מרק ט.עוף,Unknown,,קנור מרק ט.עוף,,400.00,100 גרם,false,1,20.90,5.22,true,1,24929
7290112493095,false,נמס עגבניות חריף,Unknown,,נמס עגבניות חריף,,48.00,100 גרם,false,1,9.00,18.75,false,1,27951
7290112493293,false,נמס ירקות וקרוטונים,Unknown,,נמס ירקות וקרוטונים,,44.00,100 גרם,false,1,9.00,20.45,true,1,24930
7290112493316,false,קנור מרק עשיר אפונה,Unknown,,קנור מרק עשיר אפונה,,117.00,100 גרם,false,1,15.00,12.82,true,1,24931
7290112493873,false,דג דג מלח 400גרם,Unknown,,דג דג מלח 400גרם,,400.00,100 גרם,false,1,18.00,4.50,true,1,23833
7290112493903,false,שלגון ננסים,Unknown,,שלגון ננסים,,70.00,100 גרם,false,1,11.00,15.71,true,1,20297
7290112493927,false,קרמיסימו ריבת חלב,Unknown,,קרמיסימו ריבת חלב,,706.00,100 גרם,false,1,25.00,3.54,true,1,23623
7290112493934,false,קרמיסימו וניל צרפתי,Unknown,,קרמיסימו וניל צרפתי,,706.00,100 גרם,false,1,25.00,3.54,true,1,23624
7290112493965,false,קרמיסימו מסטיגם,Unknown,,קרמיסימו מסטיגם,,744.00,100 גרם,false,1,25.00,3.36,true,1,23625
7290112494221,false,קליק ביסקויט 65 גר,Unknown,,קליק ביסקויט 65 גר,,65.00,100 גרם,false,1,9.00,13.85,true,1,20336
7290112494238,false,קליק כדורים 65 גר,Unknown,,קליק כדורים 65 גר,,65.00,100 גרם,false,1,9.00,13.85,true,1,20337
7290112494276,false,קליק כריות 65ג,Unknown,,קליק כריות 65ג,,65.00,100 גרם,false,1,9.00,13.85,true,1,20338
7290112494283,false,קליק חום לבן 65 גר,Unknown,,קליק חום לבן 65 גר,,65.00,100 גרם,false,1,9.00,13.85,true,1,20339
7290112494313,false,קליק קורנפלקס 5ג כש,Unknown,,קליק קורנפלקס 5ג כש,,65.00,100 גרם,false,1,9.00,13.85,true,1,20340
7290112494344,false,קורנפלקס של אלופים,Unknown,,קורנפלקס של אלופים,,850.00,100 גרם,false,1,27.00,3.18,true,1,20813
7290112494351,false,קורנפלקס אלופים 850,Unknown,,קורנפלקס אלופים 850,,850.00,100 גרם,false,1,27.00,3.18,true,1,20862
7290112494382,false,קנור פירה ביתי 260גר,Unknown,,קנור פירה ביתי 260גר,,260.00,100 גרם,false,1,15.90,6.12,true,1,24932
7290112494993,false,תלמה כריות וניל,Unknown,,תלמה כריות וניל,,686.00,100 גרם,false,1,25.00,3.64,false,1,24631
7290112495006,false,תלמה כריות נוגט,Unknown,,תלמה כריות נוגט,,686.00,100 גרם,false,1,29.90,4.36,false,1,20365
7290112495020,false,תלמה כריות צוקולדה,Unknown,,תלמה כריות צוקולדה,,686.00,100 גרם,false,1,25.00,3.64,false,1,24177
7290112495037,false,קוקומן כדורים 375 גר,Unknown,,קוקומן כדורים 375 גר,,375.00,100 גרם,false,1,24.00,6.40,true,1,24830
7290112495044,false,קוקמן פיצפוצים,Unknown,,קוקמן פיצפוצים,,375.00,100 גרם,false,1,24.00,6.40,false,1,25830
7290112495105,false,נשנושים שמנת בצל,Unknown,,נשנושים שמנת בצל,,260.00,100 גרם,false,1,11.90,4.58,false,1,22698
7290112495112,false,נשנושים זעתר 260ג,Unknown,,נשנושים זעתר 260ג,,260.00,100 גרם,false,1,11.90,4.58,true,1,24831
7290112495150,false,נשנוש קרקר עגול מלוח,Unknown,,נשנוש קרקר עגול מלוח,,300.00,100 גרם,false,1,11.90,3.97,false,1,24632
7290112495167,false,נשנושים משולש שומשום,Unknown,,נשנושים משולש שומשום,,300.00,100 גרם,false,1,11.90,3.97,true,1,24832
7290112495228,false,תלמה קורנפלקס דבש,Unknown,,תלמה קורנפלקס דבש,,448.00,100 גרם,false,1,22.00,4.91,false,1,20366
7290112495235,false,תלמה קורנפלקס וניל,Unknown,,תלמה קורנפלקס וניל,,448.00,100 גרם,false,1,22.00,4.91,false,1,25697
7290112495280,false,ברנפלקס ר.קינמון,Unknown,,ברנפלקס ר.קינמון,,400.00,100 גרם,false,1,29.90,7.48,false,1,25831
7290112495433,false,דליפקאן 400 גרם-חדש,Unknown,,דליפקאן 400 גרם-חדש,,400.00,100 גרם,false,1,27.50,6.88,true,1,20388
7290112495471,false,קורנפלקס כשלפ דגני,Unknown,,קורנפלקס כשלפ דגני,,500.00,100 גרם,false,1,28.90,5.78,true,1,26416
7290112495754,false,הלמנס לסלט אלף האיים,Unknown,,הלמנס לסלט אלף האיים,,290.00,"100 מ""ל",false,1,12.90,4.45,true,1,24660
7290112495761,false,הלמנס אלף האיים לייט,Unknown,,הלמנס אלף האיים לייט,,305.00,100 גרם,false,1,12.90,4.23,true,1,24833
7290112495785,false,הלמנס לסלט שום,Unknown,,הלמנס לסלט שום,,300.00,"100 מ""ל",false,1,12.90,4.30,true,1,24659
7290112495792,false,רוטב שום לייט,Unknown,,רוטב שום לייט,,300.00,"100 מ""ל",false,1,12.90,4.30,true,1,24979
7290112495815,false,הלמנס חרדל דבש לייט,Unknown,,הלמנס חרדל דבש לייט,,305.00,100 גרם,false,1,14.50,4.75,false,1,25832
7290112495822,false,כריות Black,Unknown,,כריות Black,,686.00,100 גרם,false,1,25.00,3.64,false,1,24643
7290112496027,false,אפיכל סירופ שוקולד,Unknown,,אפיכל סירופ שוקולד,,580.00,100 גרם,false,1,20.00,3.45,true,1,23734
7290112496034,false,אפיכל סירופ מייפל,Unknown,,אפיכל סירופ מייפל,,580.00,100 גרם,false,1,20.00,3.45,true,1,23735
7290112496065,false,פתית תירס 200גר ADRE,Unknown,,פתית תירס 200גר ADRE,,200.00,100 גרם,false,1,20.00,10.00,false,1,26445
7290112496270,false,פתית ציפס תפוא,Unknown,,פתית ציפס תפוא,,22.00,100 גרם,false,1,6.00,27.27,true,1,21888
7290112496287,false,פתית ציפס בטטה,Unknown,,פתית ציפס בטטה,,21.00,100 גרם,false,1,6.00,28.57,true,1,21889
7290112496430,false,נמס עגבניות ואטריות,Unknown,,נמס עגבניות ואטריות,,39.00,100 גרם,false,1,5.50,14.10,true,1,23131
7290112496461,false,נמס בכוס ירקות Xtra,Unknown,,נמס בכוס ירקות Xtra,,35.00,100 גרם,false,1,5.50,15.71,true,1,26770
7290112498069,false,קוקומן ללג כשלפ,Unknown,,קוקומן ללג כשלפ,,375.00,100 גרם,false,1,24.90,6.64,true,1,25704
7290112498250,false,קורנפלקס של אלופים,Unknown,,קורנפלקס של אלופים,,410.00,100 גרם,false,1,17.90,4.37,true,1,22391
7290112498649,false,פיינט פסק זמן קוקוס,Unknown,,פיינט פסק זמן קוקוס,,290.00,100 גרם,false,1,23.00,7.93,true,1,21823
7290112498748,false,מאגדת מיני סולרו תות,Unknown,,מאגדת מיני סולרו תות,,350.00,100 גרם,false,1,27.00,7.71,true,1,21925
7290112498786,false,מגנום קריספי קרמל,Unknown,,מגנום קריספי קרמל,,76.00,100 גרם,false,1,12.50,16.45,true,1,21927
7290112498816,false,גלידונית פיסטוק 60יח,Unknown,,גלידונית פיסטוק 60יח,,630.00,100 גרם,false,1,50.00,7.94,true,1,22375
7290112498823,false,מיקס עיגול כשלפ,Unknown,,מיקס עיגול כשלפ,,70.00,100 גרם,false,1,10.00,14.29,true,1,22099
7290112498861,false,קרחון אסקימו מנגו,Unknown,,קרחון אסקימו מנגו,,75.00,100 גרם,false,1,4.00,5.33,true,1,22369
7290112498878,false,קורנטו פסק זמן,Unknown,,קורנטו פסק זמן,,64.00,100 גרם,false,1,10.00,15.62,true,1,22432
7290112498885,false,מ.גודיס תותים ש.לבן,Unknown,,מ.גודיס תותים ש.לבן,,235.00,100 גרם,false,1,27.00,11.49,true,1,22374
7290112498892,false,קרחון דובדבן אבטיח,Unknown,,קרחון דובדבן אבטיח,,75.00,100 גרם,false,1,4.00,5.33,true,1,22370
7290112498908,false,קורנטו מ.בננה שוקו צ,Unknown,,קורנטו מ.בננה שוקו צ,,390.00,100 גרם,false,1,36.00,9.23,true,1,24159
7290112498915,false,מ.מיני מגנום שקדים,Unknown,,מ.מיני מגנום שקדים,,250.00,100 גרם,false,1,28.00,11.20,true,1,23459
7290112498922,false,מ.מיני מגנום ש.לבן,Unknown,,מ.מיני מגנום ש.לבן,,250.00,100 גרם,false,1,28.00,11.20,true,1,23460
7290112498939,false,שלגון בומבה,Unknown,,שלגון בומבה,,84.00,100 גרם,false,1,11.50,13.69,true,1,22495
7290112498946,false,קשת בענן ארטיק חלב,Unknown,,קשת בענן ארטיק חלב,,47.00,100 גרם,false,1,8.90,18.94,true,1,25371
7290112499080,false,סלורו בר קוקוס,Unknown,,סלורו בר קוקוס,,65.00,100 גרם,false,1,11.50,17.69,true,1,25372
7290112499097,false,מאגדת מגנום מ.מריר,Unknown,,מאגדת מגנום מ.מריר,,240.00,100 גרם,false,1,28.00,11.67,true,1,25373
7290112499103,false,קורנטו וניל ק.עוגיות,Unknown,,קורנטו וניל ק.עוגיות,,72.00,100 גרם,false,1,10.00,13.89,true,1,26863
7290112499110,false,קורנטו קליק שוקולד,Unknown,,קורנטו קליק שוקולד,,70.00,100 גרם,false,1,10.00,14.29,true,1,27524
7290112499127,false,מגנום ש.לבן תות,Unknown,,מגנום ש.לבן תות,,77.00,100 גרם,false,1,12.50,16.23,true,1,25374
7290112499141,false,סולרו וניל ת.ירוק,Unknown,,סולרו וניל ת.ירוק,,76.00,100 גרם,false,1,12.90,16.97,true,1,26864
7290112499189,false,קרמיסימו חד קרן,Unknown,,קרמיסימו חד קרן,,706.00,100 גרם,false,1,25.00,3.54,true,1,27525
7290112499196,false,קרמיסימו ח.קורנפלקס,Unknown,,קרמיסימו ח.קורנפלקס,,706.00,100 גרם,false,1,25.00,3.54,true,1,27526
7290112499219,false,גודיז פ.שוקולד,Unknown,,גודיז פ.שוקולד,,235.00,100 גרם,false,1,27.00,11.49,true,1,26865
7290112499226,false,גלידונית פיסטוק בננה,Unknown,,גלידונית פיסטוק בננה,,700.00,100 גרם,false,1,50.00,7.14,true,1,28046
7290112499257,false,שוקובו לבן,Unknown,,שוקובו לבן,,85.00,100 גרם,false,1,11.50,13.53,false,1,28009
7290112499455,false,פינוק ת.רחצה 700,Unknown,,פינוק ת.רחצה 700,,700.00,"100 מ""ל",false,1,14.00,2.00,true,1,23742
7290112499639,false,מגנום טילון שוק.ציפ,Unknown,,מגנום טילון שוק.ציפ,,110.00,100 גרם,false,1,12.50,11.36,true,1,20619
7290112499646,false,קורנטו סופר פקאן,Unknown,,קורנטו סופר פקאן,,108.00,100 גרם,false,1,12.50,11.57,true,1,20879
7290112499677,false,מגנום שוקולד לבן,Unknown,,מגנום שוקולד לבן,,85.00,100 גרם,false,1,12.50,14.71,true,1,20620
7290112499738,false,קרחון שרבט בטעם מלון,Unknown,,קרחון שרבט בטעם מלון,,90.00,100 גרם,false,1,7.90,8.78,true,1,20622
7290112499776,false,מאגדת גודיז 3שוקולדי,Unknown,,מאגדת גודיז 3שוקולדי,,24.00,100 גרם,false,1,27.00,112.50,true,1,23633
7290112499813,false,קרחון אסקימו אבטיח,Unknown,,קרחון אסקימו אבטיח,,75.00,100 גרם,false,1,4.00,5.33,true,1,20889
7290112499837,false,מ.דאבל שוקולד נוגט,Unknown,,מ.דאבל שוקולד נוגט,,90.00,100 גרם,false,1,12.50,13.89,true,1,20624
7290112499844,false,מגנום מ.דואט ש.נוגט,Unknown,,מגנום מ.דואט ש.נוגט,,310.00,100 גרם,false,1,28.00,9.03,true,1,23627
7290112499851,false,מגנום בטעם בראוניז,Unknown,,מגנום בטעם בראוניז,,58.00,100 גרם,false,1,11.50,19.83,true,1,21059
7290112499868,false,מיני מגנום טבעוני,Unknown,,מיני מגנום טבעוני,,250.00,100 גרם,false,1,28.00,11.20,false,1,23413
7290112499905,false,קורנטו קליק מרשמלו,Unknown,,קורנטו קליק מרשמלו,,72.00,100 גרם,false,1,10.00,13.89,true,1,21060
7290112499929,false,שלגון מגנום שוקולד,Unknown,,שלגון מגנום שוקולד,,85.00,100 גרם,false,1,12.50,14.71,true,1,20626
7290112499936,false,שלגון מגנום שקדים,Unknown,,שלגון מגנום שקדים,,85.00,100 גרם,false,1,12.50,14.71,true,1,20627
7290112499943,false,מ.מיני מ.קלאסיק שוקו,Unknown,,מ.מיני מ.קלאסיק שוקו,,250.00,100 גרם,false,1,28.00,11.20,true,1,23628
7290112499974,false,מאגדת מיני פסק זמן,Unknown,,מאגדת מיני פסק זמן,,280.00,100 גרם,false,1,30.00,10.71,true,1,23632
7290112499981,false,שלגון פסק זמן,Unknown,,שלגון פסק זמן,,74.00,100 גרם,false,1,13.00,17.57,true,1,20970
7290112700810,false,ס.סודה מ.הרפתקאות,Unknown,,ס.סודה מ.הרפתקאות,,11.40,100 גרם,false,1,17.90,157.02,true,1,27532
7290112700834,false,ס.סודה צמיד LOL,Unknown,,ס.סודה צמיד LOL,,11.40,100 גרם,false,1,17.90,157.02,true,1,27533
7290112700865,false,ס.סודה שרשרת ברבי,Unknown,,ס.סודה שרשרת ברבי,,57.00,100 גרם,false,1,9.90,17.37,true,1,27534
7290112700971,false,ס.סודה ש.LOL,Unknown,,ס.סודה ש.LOL,,57.00,100 גרם,false,1,9.90,17.37,true,1,27535
7290112707246,false,ביצי שוקולד כ.פי גיי,Unknown,,ביצי שוקולד כ.פי גיי,,60.00,100 גרם,false,1,19.90,33.17,true,1,27536
7290112960542,false,לחם מחמצת קלמטה,Unknown,,לחם מחמצת קלמטה,,480.00,100 גרם,false,1,22.90,4.77,true,1,23549
7290112960566,false,לחם מחמצת שאור,Unknown,,לחם מחמצת שאור,,480.00,100 גרם,false,1,22.90,4.77,true,1,23550
7290112960580,false,לחם מחמצת כוסמין,Unknown,,לחם מחמצת כוסמין,,480.00,100 גרם,false,1,22.90,4.77,true,1,20092
7290112960603,false,לחם מחמצת אגוז צימוק,Unknown,,לחם מחמצת אגוז צימוק,,480.00,100 גרם,false,1,22.90,4.77,true,1,23551
7290112960719,false,באגט רוסטיק,Unknown,,באגט רוסטיק,,240.00,100 גרם,false,1,11.90,4.96,true,1,20630
7290112960856,false,אקסטרים שוקול+ר.חלב,Unknown,,אקסטרים שוקול+ר.חלב,,115.00,100 גרם,false,1,12.90,11.22,true,1,19773
7290112960986,false,קרח דובדבן-אננס,Unknown,,קרח דובדבן-אננס,,821.00,100 גרם,false,1,18.00,2.19,true,1,23348
7290112961181,false,נודלס א.אורז כשלפ,Unknown,,נודלס א.אורז כשלפ,,300.00,100 גרם,false,1,11.90,3.97,true,1,23971
7290112961266,false,בייגלה איטלקי 300 גר,Unknown,,בייגלה איטלקי 300 גר,,300.00,100 גרם,false,1,14.50,4.83,true,1,24834
7290112961327,false,בייגלה כפרי 300 גר,Unknown,,בייגלה כפרי 300 גר,,300.00,100 גרם,false,1,14.50,4.83,true,1,24835
7290112961372,false,פיטנס ח.פריכ קינמון,Unknown,,פיטנס ח.פריכ קינמון,,60.00,100 גרם,false,1,11.90,19.83,true,1,19774
7290112961464,false,פיטנס ח.פריכ מתובל,Unknown,,פיטנס ח.פריכ מתובל,,60.00,100 גרם,false,1,11.90,19.83,true,1,19775
7290112961785,false,לה פרוטה לימונע-תפוח,Unknown,,לה פרוטה לימונע-תפוח,,70.00,100 גרם,false,1,9.90,14.14,true,1,19559
7290112962003,false,קראנץ וניל עוגיות,Unknown,,קראנץ וניל עוגיות,,103.20,100 גרם,false,1,12.90,12.50,true,1,19560
7290112962546,false,לה פרוטה מלון תפוח,Unknown,,לה פרוטה מלון תפוח,,462.00,100 גרם,false,1,27.90,6.04,true,1,24836
7290112962652,false,אבקת מרק טעם עוף כלפ,Unknown,,אבקת מרק טעם עוף כלפ,,800.00,100 גרם,false,1,15.90,1.99,false,1,26446
7290112962751,false,שלגון אוראו,Unknown,,שלגון אוראו,,65.00,100 גרם,false,1,9.90,15.23,true,1,19777
7290112962775,false,מאגדת שלגוני אוראו,Unknown,,מאגדת שלגוני אוראו,,260.00,100 גרם,false,1,35.00,13.46,true,1,23386
7290112963727,false,בונזור ע.קראנץ קנמון,Unknown,,בונזור ע.קראנץ קנמון,,650.00,100 גרם,false,1,24.90,3.83,true,1,23552
7290112963802,false,בונזור קרואסון שקדי,Unknown,,בונזור קרואסון שקדי,,113.00,100 גרם,false,1,12.00,10.62,true,1,19865
7290112963918,false,פיטנס קרקר רוזמרין,Unknown,,פיטנס קרקר רוזמרין,,140.00,100 גרם,false,1,15.90,11.36,true,1,22228
7290112964410,false,רוטב אלף האיים  לסלט,Unknown,,רוטב אלף האיים  לסלט,,290.00,100 גרם,false,1,12.90,4.45,true,1,22229
7290112964434,false,רוטב לסלט קיסר,Unknown,,רוטב לסלט קיסר,,295.00,100 גרם,false,1,12.90,4.37,false,1,25833
7290112964458,false,אסם רוטב סלט ויניגרט,Unknown,,אסם רוטב סלט ויניגרט,,295.00,100 גרם,false,1,12.90,4.37,true,1,24837
7290112964472,false,רוטב שום  לסלט,Unknown,,רוטב שום  לסלט,,290.00,100 גרם,false,1,12.90,4.45,true,1,24617
7290112964502,false,אסם רוטב סלט א.האיים,Unknown,,אסם רוטב סלט א.האיים,,600.00,100 גרם,false,1,21.90,3.65,true,1,25703
7290112964564,false,רוטב אלף האיים לייט,Unknown,,רוטב אלף האיים לייט,,295.00,100 גרם,false,1,12.90,4.37,true,1,25694
7290112964687,false,לחם מחמצת דגנים,Unknown,,לחם מחמצת דגנים,,480.00,100 גרם,false,1,22.90,4.77,true,1,23554
7290112964724,false,ט.המבורגר טבעוני,Unknown,,ט.המבורגר טבעוני,,580.00,100 גרם,false,1,37.90,6.53,true,1,25695
7290112965660,false,חטיף מולטי גרין,Unknown,,חטיף מולטי גרין,,25.00,100 גרם,false,1,6.90,27.60,true,1,21928
7290112965684,false,חטיף  עשבי תיבול,Unknown,,חטיף  עשבי תיבול,,25.00,100 גרם,false,1,6.90,27.60,true,1,21929
7290112965745,false,ביסלי בצל מעושן,Unknown,,ביסלי בצל מעושן,,60.00,100 גרם,false,1,7.50,12.50,true,1,22646
7290112965783,false,ביסלי על האש,Unknown,,ביסלי על האש,,60.00,100 גרם,false,1,7.50,12.50,true,1,22647
7290112965806,false,ביסלי חמוץ חריף,Unknown,,ביסלי חמוץ חריף,,60.00,100 גרם,false,1,7.50,12.50,true,1,22648
7290112965905,false,אסם בייגלה 400גר,Unknown,,אסם בייגלה 400גר,,400.00,100 גרם,false,1,14.50,3.62,true,1,24840
7290112965981,false,טבעול ארוחת דגנים,Unknown,,טבעול ארוחת דגנים,,450.00,100 גרם,false,1,35.90,7.98,false,1,27057
7290112966001,false,טבעול ארוחת ירוקים,Unknown,,טבעול ארוחת ירוקים,,450.00,100 גרם,false,1,35.90,7.98,false,1,27058
7290112966070,false,לחמית כוסמין גרעינים,Unknown,,לחמית כוסמין גרעינים,,160.00,100 גרם,false,1,12.90,8.06,false,1,23133
7290112966186,false,אפרופו שוקולד מריר,Unknown,,אפרופו שוקולד מריר,,40.00,100 גרם,false,1,8.00,20.00,true,1,20341
7290112966209,false,אפרופו שוקולד לבן,Unknown,,אפרופו שוקולד לבן,,40.00,100 גרם,false,1,8.00,20.00,true,1,20342
7290112966247,false,לחמית כוסמין 200 גר,Unknown,,לחמית כוסמין 200 גר,,200.00,100 גרם,false,1,12.90,6.45,false,1,23134
7290112966445,false,במבה מתוקה 100,Unknown,,במבה מתוקה 100,,100.00,100 גרם,false,1,12.50,12.50,true,1,20343
7290112966803,false,פודינג שוקולד אסם,Unknown,,פודינג שוקולד אסם,,88.00,100 גרם,false,1,6.90,7.84,true,1,20533
7290112966827,false,פודינג שוקולד כשלפ,Unknown,,פודינג שוקולד כשלפ,,90.00,100 גרם,false,1,7.90,8.78,true,1,23972
7290112966841,false,אסם פודינג ש.מריר,Unknown,,אסם פודינג ש.מריר,,90.00,100 גרם,false,1,6.90,7.67,true,1,24933
7290112967114,false,חטיפי פריכיות ופלפל,Unknown,,חטיפי פריכיות ופלפל,,60.00,100 גרם,false,1,11.90,19.83,true,1,21100
7290112967381,false,חטיפי פריכיות מלח ים,Unknown,,חטיפי פריכיות מלח ים,,60.00,100 גרם,false,1,11.90,19.83,true,1,21101
7290112967404,false,רוטב אלף האיים כשלפ,Unknown,,רוטב אלף האיים כשלפ,,290.00,100 גרם,false,1,13.90,4.79,true,1,23973
7290112967510,false,בייבי חליות בונזור,Unknown,,בייבי חליות בונזור,,90.00,100 גרם,false,1,2.90,3.22,true,1,23553
7290112967572,false,אסם רוטב ברביקיו,Unknown,,אסם רוטב ברביקיו,,290.00,100 גרם,false,1,12.90,4.45,false,1,25834
7290112967596,false,אסם טריאקי כלפ 9*290,Unknown,,אסם טריאקי כלפ 9*290,,360.00,100 גרם,false,1,14.00,3.89,false,1,26447
7290112968203,false,צבר סלט טחינה 250 גר,Unknown,,צבר סלט טחינה 250 גר,,250.00,100 גרם,false,1,13.00,5.20,true,1,24843
7290112968340,false,צבר חומוס גרוס 400גר,Unknown,,צבר חומוס גרוס 400גר,,400.00,100 גרם,false,1,16.00,4.00,true,1,24844
7290112968401,false,צבר חומוס גרגירים,Unknown,,צבר חומוס גרגירים,,400.00,100 גרם,false,1,16.90,4.22,false,1,25835
7290112968760,false,ח.ברוקולי מ.מוגבלת,Unknown,,ח.ברוקולי מ.מוגבלת,,450.00,100 גרם,false,1,37.90,8.42,true,1,25705
7290112968784,false,חטיפי כרובית צ.פריך,Unknown,,חטיפי כרובית צ.פריך,,450.00,100 גרם,false,1,37.90,8.42,false,1,25836
7290112968807,false,קרקר דק סלק,Unknown,,קרקר דק סלק,,140.00,100 גרם,false,1,15.90,11.36,true,1,21930
7290112968821,false,קרקר דק בטטה,Unknown,,קרקר דק בטטה,,140.00,100 גרם,false,1,15.90,11.36,true,1,21931
7290112969071,false,פסטה רדיאטורי,Unknown,,פסטה רדיאטורי,,500.00,100 גרם,false,1,12.90,2.58,true,1,23049
7290113192317,false,טבעות זיתים שחורים,Unknown,,טבעות זיתים שחורים,,280.00,100 גרם,false,1,14.50,5.18,false,1,25837
7290113192331,false,זיתים ירוקים גדולים,Unknown,,זיתים ירוקים גדולים,,340.00,100 גרם,false,1,13.00,3.82,false,1,25838
7290113192355,false,בית השיטה חרוזית,Unknown,,בית השיטה חרוזית,,275.00,100 גרם,false,1,11.50,4.18,true,1,20935
7290113192362,false,ב.השיטה טבעות זיתים,Unknown,,ב.השיטה טבעות זיתים,,280.00,100 גרם,false,1,13.00,4.64,true,1,22235
7290113192379,false,ב.השיטה זיתים ירוקים,Unknown,,ב.השיטה זיתים ירוקים,,340.00,100 גרם,false,1,12.00,3.53,true,1,22236
7290113192386,false,זיתים ירוקים סורי,Unknown,,זיתים ירוקים סורי,,340.00,100 גרם,false,1,14.50,4.26,false,1,25839
7290113192393,false,קוקטייל זיתים,Unknown,,קוקטייל זיתים,,340.00,100 גרם,false,1,14.50,4.26,false,1,25840
7290113192478,false,ב.השיטה מלפפון במלח,Unknown,,ב.השיטה מלפפון במלח,,320.00,100 גרם,false,1,9.90,3.09,true,1,20936
7290113192485,false,מלפפון בחומץ 10-12,Unknown,,מלפפון בחומץ 10-12,,290.00,100 גרם,false,1,10.50,3.62,false,1,25841
7290113192492,false,מלפפון בחומץ 17-10,Unknown,,מלפפון בחומץ 17-10,,290.00,100 גרם,false,1,11.90,4.10,false,1,25842
7290113192508,false,ב.השיטה מלפפון במלח,Unknown,,ב.השיטה מלפפון במלח,,320.00,100 גרם,false,1,9.90,3.09,true,1,20937
7290113192515,false,מלפפון במלח 18-25,Unknown,,מלפפון במלח 18-25,,320.00,100 גרם,false,1,12.90,4.03,false,1,25843
7290113192522,false,ב.השיטה מלפפון בחומץ,Unknown,,ב.השיטה מלפפון בחומץ,,290.00,100 גרם,false,1,9.90,3.41,false,1,24656
7290113192539,false,ב.השיטה מלפפון במלח,Unknown,,ב.השיטה מלפפון במלח,,320.00,100 גרם,false,1,7.90,2.47,true,1,20938
7290113192546,false,ב.השיטה מלפפון בחומץ,Unknown,,ב.השיטה מלפפון בחומץ,,290.00,100 גרם,false,1,7.90,2.72,true,1,24657
7290113192560,false,בית השיטה שיפקה,Unknown,,בית השיטה שיפקה,,230.00,100 גרם,false,1,8.50,3.70,false,1,25844
7290113192577,false,ב.השיטה כרוב כבוש,Unknown,,ב.השיטה כרוב כבוש,,430.00,100 גרם,false,1,10.50,2.44,false,1,25845
7290113193031,false,בית השיטה חרוזית 275,Unknown,,בית השיטה חרוזית 275,,275.00,100 גרם,false,1,16.50,6.00,true,1,24845
7290113194359,false,זיתים מגולענים,Unknown,,זיתים מגולענים,,450.00,100 גרם,false,1,15.00,3.33,true,1,25030
7290113198241,false,קשיו ענק צנצנת,Unknown,,קשיו ענק צנצנת,,200.00,100 גרם,false,1,19.90,9.95,true,1,22836
7290113198258,false,פסטוק ענק צנצנת,Unknown,,פסטוק ענק צנצנת,,170.00,100 גרם,false,1,18.90,11.12,true,1,22837
7290113198265,false,שקד קלוי ענק צנצנת,Unknown,,שקד קלוי ענק צנצנת,,200.00,100 גרם,false,1,19.90,9.95,true,1,22838
7290113198272,false,ת.פיצוחים צנצנת,Unknown,,ת.פיצוחים צנצנת,,200.00,100 גרם,false,1,19.90,9.95,true,1,22839
7290113198289,false,בוטנים קלויים צנצנת,Unknown,,בוטנים קלויים צנצנת,,220.00,100 גרם,false,1,16.90,7.68,true,1,22840
7290113199613,false,מנצס בצנצנת,Unknown,,מנצס בצנצנת,,130.00,100 גרם,false,1,16.90,13.00,true,1,25375
7290113199637,false,חטיף סויה ק.צנצנת,Unknown,,חטיף סויה ק.צנצנת,,140.00,100 גרם,false,1,16.90,12.07,true,1,25376
7290113199859,false,מ.ארוח סוכריות גומי,Unknown,,מ.ארוח סוכריות גומי,,0.00,,false,1,19.90,0.00,false,1,28256
7290113199866,false,מגש אירוח פיצוחים,Unknown,,מגש אירוח פיצוחים,,450.00,100 גרם,false,1,39.90,8.87,true,1,28242
7290113242029,false,גל אלכוהול 70% 500 ל,Unknown,,גל אלכוהול 70% 500 ל,,500.00,"100 מ""ל",false,1,21.00,4.20,true,1,20785
7290113317536,false,ס.סודה כוח פי גיי,Unknown,,ס.סודה כוח פי גיי,,11.40,100 גרם,false,1,17.90,157.02,true,1,27537
7290113317543,false,ס.סודה שרשרת חד קרן,Unknown,,ס.סודה שרשרת חד קרן,,57.00,100 גרם,false,1,9.90,17.37,true,1,27538
7290113420138,false,מטריה הפוכה אפורה,Unknown,,מטריה הפוכה אפורה,,0.00,,false,1,29.90,0.00,false,1,21508
7290113420342,false,רצועת TRX,Unknown,,רצועת TRX,,0.00,,false,1,129.00,0.00,false,1,26574
7290113450530,false,סוכריות אבטיח גומי,Unknown,,סוכריות אבטיח גומי,,200.00,100 גרם,false,1,12.90,6.45,true,1,20309
7290113452848,false,גומי אבטיח 200 גר,Unknown,,גומי אבטיח 200 גר,,200.00,100 גרם,false,1,12.90,6.45,true,1,26576
7290113452855,false,גומי יין תנתה,Unknown,,גומי יין תנתה,,200.00,100 גרם,false,1,12.90,6.45,true,1,26577
7290113452862,false,נחש מוברק 200גרם,Unknown,,נחש מוברק 200גרם,,200.00,100 גרם,false,1,12.90,6.45,true,1,23135
7290113452879,false,בננה 200גרם,Unknown,,בננה 200גרם,,200.00,100 גרם,false,1,12.90,6.45,true,1,23136
7290113452886,false,נחש חמוץ 200גרם,Unknown,,נחש חמוץ 200גרם,,200.00,100 גרם,false,1,12.90,6.45,true,1,23137
7290113452916,false,בקבוק קולה 200ג,Unknown,,בקבוק קולה 200ג,,200.00,100 גרם,false,1,12.90,6.45,true,1,26578
7290113452923,false,לב אפרסק 200 גרם,Unknown,,לב אפרסק 200 גרם,,200.00,100 גרם,false,1,12.90,6.45,true,1,26579
7290113452930,false,גומי דובנים מוברק,Unknown,,גומי דובנים מוברק,,200.00,100 גרם,false,1,12.90,6.45,true,1,23138
7290113452947,false,שטיח פירות מתוקים,Unknown,,שטיח פירות מתוקים,,78.00,100 גרם,false,1,10.90,13.97,true,1,26580
7290113452954,false,שטיח חמוץ תות,Unknown,,שטיח חמוץ תות,,78.00,100 גרם,false,1,10.90,13.97,true,1,26581
7290113452978,false,שטיח בטעם אבטיח,Unknown,,שטיח בטעם אבטיח,,78.00,100 גרם,false,1,10.90,13.97,true,1,26583
7290113452985,false,לקריץ תות מבריק,Unknown,,לקריץ תות מבריק,,150.00,100 גרם,false,1,12.90,8.60,true,1,26584
7290113453012,false,לקריץ תות מסוכר 150ג,Unknown,,לקריץ תות מסוכר 150ג,,150.00,100 גרם,false,1,12.90,8.60,true,1,26586
7290113453036,false,גלי בינס תנתה,Unknown,,גלי בינס תנתה,,100.00,100 גרם,false,1,10.90,10.90,true,1,26587
7290113453043,false,תות מוברק 200ג,Unknown,,תות מוברק 200ג,,200.00,100 גרם,false,1,12.90,6.45,true,1,22825
7290113453050,false,תות קטן חמוץ,Unknown,,תות קטן חמוץ,,200.00,100 גרם,false,1,12.90,6.45,true,1,22826
7290113500556,false,פס גבינה אפויה,Unknown,,פס גבינה אפויה,,0.00,,false,1,69.00,0.00,false,1,27320
7290113500617,false,פס גבינה פירורים,Unknown,,פס גבינה פירורים,,0.00,,false,1,69.00,0.00,false,1,27321
7290113594326,false,סוכריה על מקל LOL,Unknown,,סוכריה על מקל LOL,,85.00,100 גרם,false,1,11.90,14.00,true,1,27147
7290113594562,false,שלישיית ב.שוקולד סמי,Unknown,,שלישיית ב.שוקולד סמי,,1.00,יחידה,false,1,18.90,18.90,true,1,27148
7290113594579,false,שלישיית ב.ש.מפרץ,Unknown,,שלישיית ב.ש.מפרץ,,1.00,יחידה,false,1,18.90,18.90,true,1,27149
7290113594616,false,שלישיית ב.שוקולד קרן,Unknown,,שלישיית ב.שוקולד קרן,,1.00,יחידה,false,1,18.90,18.90,true,1,27150
7290113594623,false,שלישיית ב.שוקולד LOL,Unknown,,שלישיית ב.שוקולד LOL,,1.00,יחידה,false,1,18.90,18.90,true,1,27151
7290113660182,false,נפנף למנגל ארטוס,Unknown,,נפנף למנגל ארטוס,,0.00,,false,1,4.90,0.00,false,1,22318
7290114310215,false,שמנת מתוקה 38%,Unknown,,שמנת מתוקה 38%,,250.00,"100 מ""ל",false,1,6.47,2.59,true,1,22599
7290114310246,false,צוריאל גרנה פדנו,Unknown,,צוריאל גרנה פדנו,,125.00,100 גרם,false,1,21.90,17.52,true,1,26805
7290114310260,false,קוטג טרה 35 ג חלבון,Unknown,,קוטג טרה 35 ג חלבון,,250.00,100 גרם,false,1,8.50,3.40,false,1,25407
7290114310338,false,צפתית מעודנת 5%,Unknown,,צפתית מעודנת 5%,,225.00,100 גרם,false,1,20.90,9.29,true,1,23866
7290114310352,false,מולר הוואן תפוח ופטל,Unknown,,מולר הוואן תפוח ופטל,,120.00,100 גרם,false,1,5.90,4.92,true,1,26806
7290114310369,false,מולר הוואן תות אננס,Unknown,,מולר הוואן תות אננס,,120.00,100 גרם,false,1,5.90,4.92,true,1,26807
7290114310376,false,מולר הוואן מנגו,Unknown,,מולר הוואן מנגו,,120.00,100 גרם,false,1,5.90,4.92,true,1,26808
7290114310536,false,מולר יוגורט לייט,Unknown,,מולר יוגורט לייט,,200.00,100 גרם,false,1,6.90,3.45,false,1,26798
7290114310543,false,מולר יוגורט קפוצינו,Unknown,,מולר יוגורט קפוצינו,,200.00,100 גרם,false,1,6.90,3.45,false,1,26799
7290114310550,false,פטה עיזים מעודנת 5%,Unknown,,פטה עיזים מעודנת 5%,,200.00,100 גרם,false,1,27.40,13.70,false,1,25846
7290114310567,false,צוריאל לאבנה עיזים,Unknown,,צוריאל לאבנה עיזים,,200.00,100 גרם,false,1,17.80,8.90,true,1,26809
7290114310574,false,צוריאל שמנת עיזים,Unknown,,צוריאל שמנת עיזים,,200.00,100 גרם,false,1,16.80,8.40,false,1,26800
7290114310611,false,טרה משקה בננה,Unknown,,טרה משקה בננה,,250.00,"100 מ""ל",false,1,7.20,2.88,true,1,23904
7290114310673,false,לאבנה מחלב בקר,Unknown,,לאבנה מחלב בקר,,250.00,100 גרם,false,1,14.80,5.92,true,1,26810
7290114310901,false,גבינה לבנה 5% 250 ג,Unknown,,גבינה לבנה 5% 250 ג,,250.00,100 גרם,false,1,4.98,1.99,false,1,22780
7290114310918,false,קוטג 5% 250 ג,Unknown,,קוטג 5% 250 ג,,250.00,100 גרם,false,1,5.90,2.36,true,1,22782
7290114310932,false,מולר Froop רימון 3%,Unknown,,מולר Froop רימון 3%,,150.00,100 גרם,false,1,5.70,3.80,false,1,23996
7290114310956,false,חלב 3% 1 ליטר בקבוק,Unknown,,חלב 3% 1 ליטר בקבוק,,1.00,1 ליטר,false,1,6.23,6.23,false,1,22777
7290114311014,false,טרה אייס קפוצינו250,Unknown,,טרה אייס קפוצינו250,,250.00,"100 מ""ל",false,1,7.20,2.88,false,1,27059
7290114311021,false,טרה משקה וניל עוגיות,Unknown,,טרה משקה וניל עוגיות,,250.00,"100 מ""ל",false,1,7.20,2.88,false,1,27060
7290114311038,false,שמנת מתוקה בדצ,Unknown,,שמנת מתוקה בדצ,,250.00,"100 מ""ל",false,1,6.18,2.47,false,1,27061
7290114311069,false,מולר אקטיב 25 חלבון,Unknown,,מולר אקטיב 25 חלבון,,200.00,100 גרם,false,1,6.90,3.45,false,1,26588
7290114311090,false,מולר גרנולה דבש,Unknown,,מולר גרנולה דבש,,177.00,100 גרם,false,1,8.30,4.69,false,1,26589
7290114311106,false,מולר גרנולה וסילאן,Unknown,,מולר גרנולה וסילאן,,177.00,100 גרם,false,1,7.90,4.46,false,1,26590
7290114311168,false,נעם בטעמים כמהין,Unknown,,נעם בטעמים כמהין,,200.00,100 גרם,false,1,24.90,12.45,false,1,27062
7290114311175,false,נעם בטעמים זיתים,Unknown,,נעם בטעמים זיתים,,200.00,100 גרם,false,1,24.90,12.45,false,1,27063
7290114311298,false,מולר תות בננה מלון,Unknown,,מולר תות בננה מלון,,150.00,100 גרם,false,1,5.70,3.80,false,1,27761
7290114311328,false,חלב נטול לקטוז,Unknown,,חלב נטול לקטוז,,1.00,1 ליטר,false,1,9.50,9.50,false,1,27762
7290114311434,false,Muller active קרמל,Unknown,,Muller active קרמל,,200.00,100 גרם,false,1,6.50,3.25,false,1,28067
7290114311441,false,מולר אקטיב עוגיות,Unknown,,מולר אקטיב עוגיות,,200.00,100 גרם,false,1,6.50,3.25,false,1,28068
7290114311458,false,קרטון חלב וויטמין D1,Unknown,,קרטון חלב וויטמין D1,,0.00,,false,1,8.50,0.00,false,1,27953
7290114311496,false,קרטון חלב מועשר 1%,Unknown,,קרטון חלב מועשר 1%,,0.00,,false,1,8.50,0.00,false,1,27954
7290114311502,false,משקה חלב סחלב,Unknown,,משקה חלב סחלב,,1.00,1 ליטר,false,1,12.90,12.90,false,1,28119
7290114600927,false,מאסטר שף עלי טורטיה,Unknown,,מאסטר שף עלי טורטיה,,320.00,100 גרם,false,1,11.90,3.72,true,1,27763
7290114653541,false,שלישיית ב.שוקולד כוח,Unknown,,שלישיית ב.שוקולד כוח,,1.00,יחידה,false,1,18.90,18.90,true,1,27152
7290114657280,false,מיני סוכריה כדור כוח,Unknown,,מיני סוכריה כדור כוח,,8.00,100 גרם,false,1,14.90,186.25,true,1,27153
7290114657297,false,מיני סוכריה כדור LOL,Unknown,,מיני סוכריה כדור LOL,,8.00,100 גרם,false,1,14.90,186.25,true,1,27154
7290114659529,false,מיני פופ סוכריה LOL,Unknown,,מיני פופ סוכריה LOL,,40.00,100 גרם,false,1,14.90,37.25,true,1,27155
7290114720250,false,מ.סוללות USBאוניבסלי,Unknown,,מ.סוללות USBאוניבסלי,,0.00,,false,1,79.90,0.00,false,1,20768
7290114720861,true,טרימר לאף ולאוזניים,Unknown,,טרימר לאף ולאוזניים,,0.00,,false,,69.90,0.00,false,1,26591
7290114825320,false,אוראו רמיקס פטל וניל,Unknown,,אוראו רמיקס פטל וניל,,157.00,100 גרם,false,1,9.90,6.31,true,1,27419
7290114825337,false,אוראו קרם וניל 157ג,Unknown,,אוראו קרם וניל 157ג,,157.00,100 גרם,false,1,9.90,6.31,true,1,27420
7290115043440,false,סבון לידיים מאסק,Unknown,,סבון לידיים מאסק,,1.00,1 ליטר,false,1,10.00,10.00,true,1,27656
7290115043464,false,סבון לידיים לבנדר,Unknown,,סבון לידיים לבנדר,,1.00,1 ליטר,false,1,10.00,10.00,true,1,27657
7290115071481,false,מטבעות שוקולד  LOL,Unknown,,מטבעות שוקולד  LOL,,31.00,100 גרם,false,1,4.90,15.81,true,1,27539
7290115071498,false,מ.שוקולד כוח פי גיי,Unknown,,מ.שוקולד כוח פי גיי,,31.00,100 גרם,false,1,4.90,15.81,true,1,27540
7290115071504,false,מ.שוקולדסמי הכבאי,Unknown,,מ.שוקולדסמי הכבאי,,31.00,100 גרם,false,1,4.90,15.81,true,1,27541
7290115073676,false,מארז 50 מסכות שחורות,Unknown,,מארז 50 מסכות שחורות,,50.00,יחידה,false,1,17.90,0.36,false,1,21361
7290115073713,false,שלישיית ב.שוקולד טום,Unknown,,שלישיית ב.שוקולד טום,,1.00,יחידה,false,1,18.90,18.90,true,1,27156
7290115073720,false,ביצי שוקולד ל.טונס,Unknown,,ביצי שוקולד ל.טונס,,60.00,100 גרם,false,1,19.90,33.17,true,1,27542
7290115074734,false,סוכריה על מקל סמי,Unknown,,סוכריה על מקל סמי,,85.00,100 גרם,false,1,11.90,14.00,true,1,27157
7290115074741,false,סוכריה על מקל ה.קיטי,Unknown,,סוכריה על מקל ה.קיטי,,85.00,100 גרם,false,1,11.90,14.00,true,1,27158
7290115074963,false,מסכה לילד *5 קיטי,Unknown,,מסכה לילד *5 קיטי,,5.00,יחידה,false,1,10.00,2.00,false,1,21571
7290115074970,false,מסכה לילד חדפ5 LOL,Unknown,,מסכה לילד חדפ5 LOL,,5.00,יחידה,false,1,10.00,2.00,false,1,21572
7290115074987,false,מסכה לילד *5 חד קרן,Unknown,,מסכה לילד *5 חד קרן,,5.00,יחידה,false,1,10.00,2.00,false,1,21573
7290115075014,false,מסכה לילד *5 כדורסל,Unknown,,מסכה לילד *5 כדורסל,,5.00,יחידה,false,1,10.00,2.00,false,1,21574
7290115075021,false,מסכה לילד *5 כדורגל,Unknown,,מסכה לילד *5 כדורגל,,5.00,יחידה,false,1,10.00,2.00,false,1,21575
7290115075038,false,מסכה לילד*5 כוח פיגי,Unknown,,מסכה לילד*5 כוח פיגי,,5.00,יחידה,false,1,10.00,2.00,false,1,21576
7290115075182,false,מטבעות שוקולד חד קרן,Unknown,,מטבעות שוקולד חד קרן,,31.00,100 גרם,false,1,4.90,15.81,true,1,27543
7290115075199,false,מ.שוקולד ליגת הצדק,Unknown,,מ.שוקולד ליגת הצדק,,31.00,100 גרם,false,1,4.90,15.81,true,1,27544
7290115075205,false,מ.שוקולד לוני טונס,Unknown,,מ.שוקולד לוני טונס,,31.00,100 גרם,false,1,4.90,15.81,true,1,27545
7290115075809,false,מסכה לילד*5 מיניונים,Unknown,,מסכה לילד*5 מיניונים,,5.00,יחידה,false,1,10.00,2.00,false,1,21577
7290115075878,false,גביע וופל קרם שוקולד,Unknown,,גביע וופל קרם שוקולד,,25.00,100 גרם,false,1,5.90,23.60,true,1,27546
7290115077131,false,מארז מסכות ילדים,Unknown,,מארז מסכות ילדים,,40.00,יחידה,false,1,18.90,0.47,false,1,21630
7290115180251,false,טבק לחימום אמבר,Unknown,,טבק לחימום אמבר,,0.00,,false,1,27.50,0.00,false,1,21872
7290115180268,false,טבק לחימום צהוב,Unknown,,טבק לחימום צהוב,,0.00,,false,1,27.50,0.00,false,1,21662
7290115180275,false,טבק לחימום טורקיז,Unknown,,טבק לחימום טורקיז,,0.00,,false,1,27.50,0.00,false,1,21659
7290115180282,false,טבק לחימום ברונז,Unknown,,טבק לחימום ברונז,,0.00,,false,1,27.50,0.00,false,1,21660
7290115180299,false,טבק לחימום סיינה,Unknown,,טבק לחימום סיינה,,0.00,,false,1,27.50,0.00,false,1,21661
7290115180305,false,טבק לחימום אמבר פאק,Unknown,,טבק לחימום אמבר פאק,,0.00,,false,1,260.00,0.00,true,1,21873
7290115180312,false,טבק לחימום צהוב פאקט,Unknown,,טבק לחימום צהוב פאקט,,0.00,,false,1,260.00,0.00,true,1,21658
7290115180329,false,טבק לחימום טורקיז פא,Unknown,,טבק לחימום טורקיז פא,,0.00,,false,1,260.00,0.00,true,1,21663
7290115180336,false,טבק לחימום ברונז פאק,Unknown,,טבק לחימום ברונז פאק,,0.00,,false,1,260.00,0.00,true,1,21664
7290115180343,false,טבק לחימום סיינה פאק,Unknown,,טבק לחימום סיינה פאק,,0.00,,false,1,260.00,0.00,true,1,21665
7290115180671,false,טבק לחימום סגול-פאקט,Unknown,,טבק לחימום סגול-פאקט,,0.00,,false,1,260.00,0.00,true,1,21594
7290115180688,false,טבק לחימום סגול,Unknown,,טבק לחימום סגול,,0.00,,false,1,27.50,0.00,false,1,21593
7290115181494,false,הייטס לגונה סוויפט פ,Unknown,,הייטס לגונה סוויפט פ,,0.00,,false,1,260.00,0.00,false,1,25298
7290115181500,false,הייטס לגונה סוויפט,Unknown,,הייטס לגונה סוויפט,,0.00,,false,1,27.50,0.00,false,1,25297
7290115181531,false,היטס טיק חפיסה,Unknown,,היטס טיק חפיסה,,0.00,,false,1,27.50,0.00,false,1,26909
7290115181548,false,היטס טיק פאקט,Unknown,,היטס טיק פאקט,,0.00,,false,1,260.00,0.00,false,1,26910
7290115190007,false,PPמרלבורו רד,Unknown,,PPמרלבורו רד,,0.00,,false,1,355.00,0.00,false,1,21531
7290115190014,false,מרלבורו קצר חפיסה.,Unknown,,מרלבורו קצר חפיסה.,,0.00,,false,1,36.50,0.00,false,1,21532
7290115190021,false,PPמרלבורו רד סופט,Unknown,,PPמרלבורו רד סופט,,0.00,,false,1,335.00,0.00,false,1,21533
7290115190038,false,מרלבורו סופט חפיסה,Unknown,,מרלבורו סופט חפיסה,,0.00,,false,1,34.00,0.00,false,1,21534
7290115190045,false,מרלבורו פלייבור מיקס,Unknown,,מרלבורו פלייבור מיקס,,0.00,,false,1,355.00,0.00,false,1,21431
7290115190052,false,מרלבורו פלייבור מיקס,Unknown,,מרלבורו פלייבור מיקס,,0.00,,false,1,36.50,0.00,false,1,21428
7290115190069,false,מרלבורו גולד ארוך פא,Unknown,,מרלבורו גולד ארוך פא,,0.00,,false,1,355.00,0.00,false,1,21656
7290115190076,false,מרלבורו גולד 100PP,Unknown,,מרלבורו גולד 100PP,,0.00,,false,1,36.50,0.00,false,1,21653
7290115190083,false,מרלבורו גולדPP,Unknown,,מרלבורו גולדPP,,0.00,,false,1,330.00,0.00,false,1,21535
7290115190090,false,מרלבורו גולד חפיסה,Unknown,,מרלבורו גולד חפיסה,,0.00,,false,1,36.50,0.00,false,1,21536
7290115190106,false,מרלבורו גולד סופטPP,Unknown,,מרלבורו גולד סופטPP,,0.00,,false,1,335.00,0.00,false,1,21537
7290115190113,false,מרלבורו גולד סופט,Unknown,,מרלבורו גולד סופט,,0.00,,false,1,34.00,0.00,false,1,21538
7290115190120,false,מרלבורו פיין טאץPP,Unknown,,מרלבורו פיין טאץPP,,0.00,,false,1,310.00,0.00,false,1,21539
7290115190137,false,מרלבורו פיין טאצ-חפי,Unknown,,מרלבורו פיין טאצ-חפי,,0.00,,false,1,32.00,0.00,false,1,21540
7290115190144,false,מרלבורו טאץPP,Unknown,,מרלבורו טאץPP,,0.00,,false,1,310.00,0.00,false,1,21541
7290115190151,false,מרלבורו ג.טאצ -חפיסה,Unknown,,מרלבורו ג.טאצ -חפיסה,,0.00,,false,1,32.00,0.00,false,1,21542
7290115190168,false,פרלמנט סופר סלימסPP,Unknown,,פרלמנט סופר סלימסPP,,0.00,,false,1,405.00,0.00,false,1,21007
7290115190175,false,פרלמנט סופר סלימס,Unknown,,פרלמנט סופר סלימס,,0.00,,false,1,42.00,0.00,false,1,21367
7290115190182,false,פרלמנט נייט ארוך פאק,Unknown,,פרלמנט נייט ארוך פאק,,0.00,,false,1,405.00,0.00,false,1,22438
7290115190199,false,פרלמנט נייט ארוך חפ.,Unknown,,פרלמנט נייט ארוך חפ.,,0.00,,false,1,42.00,0.00,false,1,22437
7290115190205,false,פרלמנט בלו 100PP,Unknown,,פרלמנט בלו 100PP,,0.00,,false,1,405.00,0.00,false,1,21543
7290115190212,false,פרלמנט בלו 100PP,Unknown,,פרלמנט בלו 100PP,,0.00,,false,1,42.00,0.00,false,1,21544
7290115190229,false,פרלמנט בלוPP,Unknown,,פרלמנט בלוPP,,0.00,,false,1,405.00,0.00,false,1,21545
7290115190236,false,פרלמנט בלוPP,Unknown,,פרלמנט בלוPP,,0.00,,false,1,42.00,0.00,false,1,21546
7290115190243,false,פרלמנט קצר פאקט,Unknown,,פרלמנט קצר פאקט,,0.00,,false,1,405.00,0.00,false,1,21517
7290115190250,false,פרלמנט נייטPP חפיסה,Unknown,,פרלמנט נייטPP חפיסה,,0.00,,false,1,42.00,0.00,false,1,21516
7290115190267,false,פרלמנט סילברPP,Unknown,,פרלמנט סילברPP,,0.00,,false,1,405.00,0.00,false,1,21547
7290115190274,false,פרלמנט סילבר חפיסה,Unknown,,פרלמנט סילבר חפיסה,,0.00,,false,1,42.00,0.00,false,1,21548
7290115190328,false,ל.מ בלו 100-חדש,Unknown,,ל.מ בלו 100-חדש,,0.00,,false,1,310.00,0.00,false,1,22446
7290115190335,false,ל.מ לייט -חפיסה חדש,Unknown,,ל.מ לייט -חפיסה חדש,,0.00,,false,1,32.00,0.00,false,1,22445
7290115190342,false,ל.מ. בלו לייבל קצר,Unknown,,ל.מ. בלו לייבל קצר,,0.00,,false,1,290.00,0.00,false,1,21430
7290115190359,false,ל.מ בלוPP חפיסה,Unknown,,ל.מ בלוPP חפיסה,,0.00,,false,1,32.00,0.00,false,1,21427
7290115190366,false,ל.מ. קפסולהPP,Unknown,,ל.מ. קפסולהPP,,0.00,,false,1,310.00,0.00,false,1,21549
7290115190373,false,ל.מ פורווד חפיסה.,Unknown,,ל.מ פורווד חפיסה.,,0.00,,false,1,32.00,0.00,false,1,21550
7290115190380,false,ל.מ רדPP,Unknown,,ל.מ רדPP,,0.00,,false,1,310.00,0.00,false,1,21365
7290115190397,false,ל.מ. רד לייבל,Unknown,,ל.מ. רד לייבל,,0.00,,false,1,32.00,0.00,false,1,21364
7290115190403,false,ל.מ סילברPP,Unknown,,ל.מ סילברPP,,0.00,,false,1,310.00,0.00,false,1,21551
7290115190410,false,ל.מ. סילבר חפיסה,Unknown,,ל.מ. סילבר חפיסה,,0.00,,false,1,32.00,0.00,false,1,21552
7290115190427,false,ל.מ וייבPP,Unknown,,ל.מ וייבPP,,0.00,,false,1,310.00,0.00,false,1,21432
7290115190434,false,ל.מ וייבPP,Unknown,,ל.מ וייבPP,,0.00,,false,1,32.00,0.00,false,1,21429
7290115190441,false,נקסט אדג פאקט,Unknown,,נקסט אדג פאקט,,0.00,,false,1,250.00,0.00,false,1,21657
7290115190458,false,נקסט אדגPP,Unknown,,נקסט אדגPP,,0.00,,false,1,25.50,0.00,false,1,21654
7290115190465,false,נקסט פיין אדג-פאקט,Unknown,,נקסט פיין אדג-פאקט,,0.00,,false,1,250.00,0.00,false,1,21874
7290115190472,false,נקסט פיין אדג,Unknown,,נקסט פיין אדג,,0.00,,false,1,25.50,0.00,false,1,21875
7290115190489,false,נקסט פיין 100 ארוך,Unknown,,נקסט פיין 100 ארוך,,0.00,,false,1,300.00,0.00,false,1,21985
7290115190496,false,נקסט פיין 100 ארוך,Unknown,,נקסט פיין 100 ארוך,,0.00,,false,1,31.00,0.00,false,1,21984
7290115190502,false,נקסט פייןPP,Unknown,,נקסט פייןPP,,0.00,,false,1,280.00,0.00,false,1,21553
7290115190519,false,נקסט פיין חפיסה,Unknown,,נקסט פיין חפיסה,,0.00,,false,1,31.00,0.00,false,1,21554
7290115190526,false,נקסט ריסס פאקט,Unknown,,נקסט ריסס פאקט,,0.00,,false,1,260.00,0.00,false,1,21655
7290115190533,false,נקסט ריסס 100,Unknown,,נקסט ריסס 100,,0.00,,false,1,26.00,0.00,false,1,21652
7290115190540,false,נקסט ריסס קצרPP,Unknown,,נקסט ריסס קצרPP,,0.00,,false,1,260.00,0.00,false,1,21555
7290115190557,false,נקסט ריסס חפיסה,Unknown,,נקסט ריסס חפיסה,,0.00,,false,1,26.00,0.00,false,1,21556
7290115190564,false,נקסט לילךPP,Unknown,,נקסט לילךPP,,0.00,,false,1,300.00,0.00,false,1,21368
7290115190571,false,נקסט לילך חפיסה,Unknown,,נקסט לילך חפיסה,,0.00,,false,1,31.00,0.00,false,1,21366
7290115190588,false,נקסט אוריגינלPP,Unknown,,נקסט אוריגינלPP,,0.00,,false,1,280.00,0.00,false,1,21557
7290115190595,false,נקסט אוריגינלPP,Unknown,,נקסט אוריגינלPP,,0.00,,false,1,31.00,0.00,false,1,21558
7290115190618,false,טבק מרלבורו רד,Unknown,,טבק מרלבורו רד,,30.00,100 גרם,false,1,80.00,266.67,false,1,21877
7290115190632,false,טבק מרלבורו גולד,Unknown,,טבק מרלבורו גולד,,30.00,100 גרם,false,1,80.00,266.67,false,1,21879
7290115190656,false,טבק נקסט פיין,Unknown,,טבק נקסט פיין,,0.00,,false,1,82.00,0.00,false,1,21833
7290115190670,false,טבק נקסט אוריגינל,Unknown,,טבק נקסט אוריגינל,,0.00,,false,1,82.00,0.00,false,1,21667
7290115190694,false,טבק צסטרפילד פיין,Unknown,,טבק צסטרפילד פיין,,0.00,,false,1,69.00,0.00,true,1,21666
7290115190731,false,טבק צסטרפילד אורי,Unknown,,טבק צסטרפילד אורי,,0.00,,false,1,69.00,0.00,true,1,21560
7290115190748,false,מרלבורו רד סיל,Unknown,,מרלבורו רד סיל,,0.00,,false,1,355.00,0.00,false,1,22101
7290115190755,false,מרלבורו רד סיל,Unknown,,מרלבורו רד סיל,,0.00,,false,1,36.50,0.00,false,1,22102
7290115190762,false,מרלבורו גולד סיל,Unknown,,מרלבורו גולד סיל,,0.00,,false,1,355.00,0.00,false,1,22103
7290115190779,false,מרלבורו גולד סיל,Unknown,,מרלבורו גולד סיל,,0.00,,false,1,36.50,0.00,false,1,22104
7290115190885,false,מרלבורו פיוזן פאקט,Unknown,,מרלבורו פיוזן פאקט,,0.00,,false,1,270.00,0.00,false,1,22700
7290115190892,false,מרלבורו פיוזן קפס,Unknown,,מרלבורו פיוזן קפס,,0.00,,false,1,27.00,0.00,false,1,22699
7290115190908,false,טבקגלגול נקסט פאקט10,Unknown,,טבקגלגול נקסט פאקט10,,0.00,,false,1,965.00,0.00,false,1,22498
7290115190915,false,טבק נקסט לבן XL,Unknown,,טבק נקסט לבן XL,,0.00,,false,1,99.00,0.00,false,1,22497
7290115190922,false,ל.מ קליק קפסולה-פאקט,Unknown,,ל.מ קליק קפסולה-פאקט,,0.00,,false,1,250.00,0.00,false,1,23825
7290115190939,false,ל.מ קליק קפסולה,Unknown,,ל.מ קליק קפסולה,,0.00,,false,1,25.00,0.00,false,1,23824
7290115190960,false,מרלברו טאץ אדום פאקט,Unknown,,מרלברו טאץ אדום פאקט,,0.00,,false,1,290.00,0.00,false,1,27611
7290115190977,false,מרלבורו טאץ אדום חפי,Unknown,,מרלבורו טאץ אדום חפי,,0.00,,false,1,29.00,0.00,false,1,27612
7290115191028,false,מ.סאמר ספלאש פאקט,Unknown,,מ.סאמר ספלאש פאקט,,0.00,,false,1,290.00,0.00,false,1,27011
7290115191035,false,מרלבורו סאמר ספלאש,Unknown,,מרלבורו סאמר ספלאש,,0.00,,false,1,29.00,0.00,false,1,27012
7290115191066,false,נקסט ריץ פאקטים,Unknown,,נקסט ריץ פאקטים,,0.00,,false,1,260.00,0.00,false,1,28074
7290115191073,false,נקסט ריץ ריסס,Unknown,,נקסט ריץ ריסס,,0.00,,false,1,26.00,0.00,false,1,28075
7290115200003,false,פתי בר פינוקי וניל,Unknown,,פתי בר פינוקי וניל,,220.00,100 גרם,false,1,15.00,6.82,true,1,21265
7290115200027,false,פתי בר פינוקי שוקו,Unknown,,פתי בר פינוקי שוקו,,220.00,100 גרם,false,1,15.00,6.82,true,1,21299
7290115200300,false,עוגת קרנץ גבינה,Unknown,,עוגת קרנץ גבינה,,600.00,100 גרם,false,1,28.00,4.67,true,1,23555
7290115200324,false,עוגת קרנץ קרמל מלוח,Unknown,,עוגת קרנץ קרמל מלוח,,600.00,100 גרם,false,1,28.00,4.67,true,1,23556
7290115200348,false,עוגת קראנץ אלפחורס,Unknown,,עוגת קראנץ אלפחורס,,600.00,100 גרם,false,1,28.00,4.67,true,1,23519
7290115200782,false,חמישית פיתות בונזור,Unknown,,חמישית פיתות בונזור,,500.00,100 גרם,false,1,9.90,1.98,true,1,21203
7290115200829,false,ביסלי ב.מיקס 150ג,Unknown,,ביסלי ב.מיקס 150ג,,150.00,100 גרם,false,1,12.50,8.33,true,1,25168
7290115200843,false,אפרופו לחם שום 50 ג,Unknown,,אפרופו לחם שום 50 ג,,50.00,100 גרם,false,1,8.00,16.00,true,1,25169
7290115200928,false,ביסלי ק.מיקס 150ג,Unknown,,ביסלי ק.מיקס 150ג,,150.00,100 גרם,false,1,12.50,8.33,true,1,25170
7290115201031,false,פתי בר דובי שוקולד,Unknown,,פתי בר דובי שוקולד,,175.00,100 גרם,false,1,15.00,8.57,true,1,22368
7290115201550,false,ביסלי קרנבל מיקס 150,Unknown,,ביסלי קרנבל מיקס 150,,150.00,100 גרם,false,1,15.90,10.60,true,1,21523
7290115201680,false,ביסלי ברביקיו 70 גר,Unknown,,ביסלי ברביקיו 70 גר,,70.00,100 גרם,false,1,7.50,10.71,true,1,21524
7290115201703,false,ביסלי ברביקיו 200 גר,Unknown,,ביסלי ברביקיו 200 גר,,200.00,100 גרם,false,1,12.50,6.25,true,1,21525
7290115201727,false,ביסלי בצל 200 גר,Unknown,,ביסלי בצל 200 גר,,200.00,100 גרם,false,1,12.50,6.25,true,1,21526
7290115201741,false,ביסלי בצל 70 גר,Unknown,,ביסלי בצל 70 גר,,70.00,100 גרם,false,1,7.50,10.71,true,1,21527
7290115201765,false,לחמניית פרנה בונזור,Unknown,,לחמניית פרנה בונזור,,160.00,100 גרם,false,1,7.90,4.94,true,1,23557
7290115201789,false,לחמניית פרנה עגולה,Unknown,,לחמניית פרנה עגולה,,180.00,100 גרם,false,1,7.90,4.39,true,1,23558
7290115201864,false,במבה נ.אינסייד 60ג,Unknown,,במבה נ.אינסייד 60ג,,60.00,100 גרם,false,1,7.90,13.17,true,1,25171
7290115201901,false,במבה ק.בייגלה 60גר,Unknown,,במבה ק.בייגלה 60גר,,60.00,100 גרם,false,1,7.90,13.17,true,1,22651
7290115202304,false,נודלס א.מרובע כשלפ,Unknown,,נודלס א.מרובע כשלפ,,230.00,100 גרם,false,1,11.90,5.17,true,1,23974
7290115202328,false,קוקטייל בולגרית,Unknown,,קוקטייל בולגרית,קילוגרמים,1.00,"ק""ג",true,1,55.00,9.17,false,1,25024
7290115202786,false,מנה חמה טעם בקר,Unknown,,מנה חמה טעם בקר,,70.00,100 גרם,false,1,6.00,8.57,true,1,23716
7290115202816,false,מנה חמה טעם עוף,Unknown,,מנה חמה טעם עוף,,70.00,100 גרם,false,1,6.00,8.57,true,1,23717
7290115202847,false,מנה חמה נודלס ספייסי,Unknown,,מנה חמה נודלס ספייסי,,70.00,100 גרם,false,1,6.00,8.57,true,1,23718
7290115202939,false,מ.חמה נודלס פטריות,Unknown,,מ.חמה נודלס פטריות,,50.00,100 גרם,false,1,10.50,21.00,false,1,24041
7290115202953,false,מ.חמה נודלס קארי,Unknown,,מ.חמה נודלס קארי,,55.00,100 גרם,false,1,10.50,19.09,false,1,24042
7290115202977,false,מ. חמה נודלס סויה,Unknown,,מ. חמה נודלס סויה,,55.00,100 גרם,false,1,10.50,19.09,false,1,24043
7290115203097,false,מקל פילו פטיסייר,Unknown,,מקל פילו פטיסייר,קילוגרמים,1.00,"ק""ג",true,1,55.00,9.17,false,1,24215
7290115203103,false,קוקיס ציפס ביגלה-קנ,Unknown,,קוקיס ציפס ביגלה-קנ,קילוגרמים,1.00,"ק""ג",true,1,60.00,0.00,true,1,22732
7290115203172,false,במבה פרו 80 גרם,Unknown,,במבה פרו 80 גרם,,80.00,100 גרם,false,1,7.90,9.88,false,1,27983
7290115203332,false,מקל פילו שוקולד נ.,Unknown,,מקל פילו שוקולד נ.,קילוגרמים,1.00,"ק""ג",true,1,55.00,9.17,false,1,24216
7290115203486,false,פירורית ביסלי גריל,Unknown,,פירורית ביסלי גריל,,200.00,100 גרם,false,1,7.90,3.95,true,1,23030
7290115203905,false,מיני פיתה כוסמין,Unknown,,מיני פיתה כוסמין,,550.00,100 גרם,false,1,20.00,3.64,true,1,24175
7290115203936,false,קטשופ פחות סוכר כלפ,Unknown,,קטשופ פחות סוכר כלפ,,690.00,100 גרם,false,1,15.90,2.30,false,1,26448
7290115204018,false,מנה חמה איטלקי פסטה,Unknown,,מנה חמה איטלקי פסטה,,60.00,100 גרם,false,1,10.00,16.67,true,1,22605
7290115204100,false,בגט א. כפרי עם דגנים,Unknown,,בגט א. כפרי עם דגנים,,240.00,100 גרם,false,1,10.00,4.17,true,1,25020
7290115204315,false,בגט א. קמח מלא ואגוז,Unknown,,בגט א. קמח מלא ואגוז,,240.00,100 גרם,false,1,11.00,4.58,true,1,25022
7290115204339,false,בגט א. עגבניות ואגוז,Unknown,,בגט א. עגבניות ואגוז,,240.00,100 גרם,false,1,11.00,4.58,true,1,25023
7290115204612,false,ערגליות שוקו תות,Unknown,,ערגליות שוקו תות,,300.00,100 גרם,false,1,12.90,4.30,true,1,22582
7290115204858,false,חלת כוסמין אפוי חלקי,Unknown,,חלת כוסמין אפוי חלקי,,400.00,100 גרם,false,1,22.00,5.50,true,1,25058
7290115205121,false,פיטנס פריכיות תות,Unknown,,פיטנס פריכיות תות,,84.00,100 גרם,false,1,17.00,20.24,false,1,23142
7290115205169,false,קוקיס ציפס נוגט-קני,Unknown,,קוקיס ציפס נוגט-קני,קילוגרמים,1.00,"ק""ג",true,1,60.00,0.00,true,1,22731
7290115205176,false,פיטנס קרקר THIN כפרי,Unknown,,פיטנס קרקר THIN כפרי,,150.00,100 גרם,false,1,15.90,10.60,false,1,23143
7290115205251,false,פיטנס בר קרמל מלוח,Unknown,,פיטנס בר קרמל מלוח,,84.00,100 גרם,false,1,17.00,20.24,false,1,27955
7290115205299,false,פיטנס עדשים ופלפלים,Unknown,,פיטנס עדשים ופלפלים,,140.00,100 גרם,false,1,15.90,11.36,false,1,27956
7290115205312,false,פיטנס קרקר קלמטה,Unknown,,פיטנס קרקר קלמטה,,140.00,100 גרם,false,1,15.90,11.36,false,1,27162
7290115205336,false,קוקיס שוקו.ציפס-קני,Unknown,,קוקיס שוקו.ציפס-קני,קילוגרמים,1.00,"ק""ג",true,1,60.00,0.00,true,1,22730
7290115205374,false,בורקס תפוא אישי א.ק,Unknown,,בורקס תפוא אישי א.ק,,315.00,100 גרם,false,1,10.00,3.17,true,1,22766
7290115205459,false,בורקס גבינה אישי א.ק,Unknown,,בורקס גבינה אישי א.ק,,315.00,100 גרם,false,1,10.00,3.17,true,1,22767
7290115205527,false,מולטגריין עדשים,Unknown,,מולטגריין עדשים,,25.00,100 גרם,false,1,6.90,27.60,false,1,27421
7290115205541,false,מולטיגריין חומוס,Unknown,,מולטיגריין חומוס,,25.00,100 גרם,false,1,6.90,27.60,false,1,27422
7290115205930,false,במבה פופקו מיקס,Unknown,,במבה פופקו מיקס,,100.00,100 גרם,false,1,15.90,15.90,true,1,23144
7290115205978,false,פתי בר א.שוקולד,Unknown,,פתי בר א.שוקולד,,180.00,100 גרם,false,1,15.00,8.33,true,1,25377
7290115206135,false,טבעול ארוחת קינואה,Unknown,,טבעול ארוחת קינואה,,450.00,100 גרם,false,1,35.90,7.98,false,1,27064
7290115206173,false,אסם פתי בר קרמל,Unknown,,אסם פתי בר קרמל,,500.00,100 גרם,false,1,17.90,3.58,true,1,22831
7290115206210,false,במבה במילוי ק.מלוח,Unknown,,במבה במילוי ק.מלוח,,150.00,100 גרם,false,1,15.90,10.60,true,1,23145
7290115206333,false,עוגיות מ.שוקוציפס,Unknown,,עוגיות מ.שוקוציפס,,225.00,100 גרם,false,1,12.90,5.73,true,1,26592
7290115206401,false,רוטב בסגנון סויה כלפ,Unknown,,רוטב בסגנון סויה כלפ,,330.00,100 גרם,false,1,13.90,4.21,false,1,26449
7290115206449,false,אנסטנט פודינג תותכלפ,Unknown,,אנסטנט פודינג תותכלפ,,80.00,100 גרם,false,1,7.90,9.88,false,1,26450
7290115206494,false,סופגניה מיני מטוגנת,Unknown,,סופגניה מיני מטוגנת,,45.00,100 גרם,false,1,4.00,8.89,false,1,22920
7290115206531,false,קרמוגית קרם בייגלה,Unknown,,קרמוגית קרם בייגלה,,200.00,100 גרם,false,1,14.90,7.45,true,1,23146
7290115206661,false,סופגניה מיני ריבה,Unknown,,סופגניה מיני ריבה,,45.00,100 גרם,false,1,4.00,8.89,false,1,22921
7290115206852,false,ביסלי ציזי סטיקס,Unknown,,ביסלי ציזי סטיקס,,70.00,100 גרם,false,1,7.50,10.71,true,1,27984
7290115206890,false,ביסלי המבורגר,Unknown,,ביסלי המבורגר,,70.00,100 גרם,false,1,7.50,10.71,true,1,27985
7290115206937,false,מנה חמה נודלס עוףכלפ,Unknown,,מנה חמה נודלס עוףכלפ,,55.00,100 גרם,false,1,10.90,19.82,false,1,26451
7290115207095,false,קרואסון חמאה א.ק,Unknown,,קרואסון חמאה א.ק,,100.00,100 גרם,false,1,10.00,10.00,true,1,23524
7290115207149,true,במבה אפרופו מיקס 100,Unknown,,במבה אפרופו מיקס 100,,100.00,100 גרם,false,,14.90,14.90,true,1,24044
7290115207286,false,פרפקטו ספגטי ללג,Unknown,,פרפקטו ספגטי ללג,,400.00,100 גרם,false,1,15.00,3.75,false,1,26452
7290115207323,false,פרפקטו ספירלי ללג,Unknown,,פרפקטו ספירלי ללג,,400.00,100 גרם,false,1,15.00,3.75,false,1,26453
7290115207613,false,אזני פיל קינמון 6קג,Unknown,,אזני פיל קינמון 6קג,קילוגרמים,1.00,"ק""ג",true,1,40.40,6.73,false,1,26957
7290115207682,false,אסם רוטב סויה סיני,Unknown,,אסם רוטב סויה סיני,,290.00,100 גרם,false,1,13.90,4.79,false,1,27167
7290115207767,false,אזני פיל 6קג,Unknown,,אזני פיל 6קג,קילוגרמים,1.00,"ק""ג",true,1,40.40,6.73,false,1,26958
7290115207941,false,ויטמינציק אננס,Unknown,,ויטמינציק אננס,,1.00,1 ליטר,false,1,26.90,26.90,true,1,25309
7290115208009,false,ויטמינציק ענבים,Unknown,,ויטמינציק ענבים,,1.00,1 ליטר,false,1,26.90,26.90,true,1,25300
7290115208047,false,ויטמינציק פטל,Unknown,,ויטמינציק פטל,,1.00,1 ליטר,false,1,26.90,26.90,true,1,25301
7290115208061,false,ויטמינציק תפוח,Unknown,,ויטמינציק תפוח,,1.00,1 ליטר,false,1,26.90,26.90,true,1,25310
7290115208320,false,אפרופו ביסלי בצל,Unknown,,אפרופו ביסלי בצל,,50.00,100 גרם,false,1,8.00,16.00,true,1,28120
7290115208634,false,קמח רב תכלית ללג כלפ,Unknown,,קמח רב תכלית ללג כלפ,,400.00,100 גרם,false,1,17.90,4.47,false,1,26454
7290115208801,false,לחמית דבש ואגוזים,Unknown,,לחמית דבש ואגוזים,,190.00,100 גרם,false,1,12.90,6.79,false,1,27768
7290115208849,false,מנה חמה פירה בטטה,Unknown,,מנה חמה פירה בטטה,,51.00,100 גרם,false,1,10.00,19.61,false,1,28121
7290115209198,false,במבה אורירית,Unknown,,במבה אורירית,,80.00,100 גרם,false,1,7.90,9.88,false,1,27982
7290115209358,false,במבה במילוי בראוניז,Unknown,,במבה במילוי בראוניז,,60.00,100 גרם,false,1,7.90,13.17,true,1,28122
7290115405088,false,קינוח אישי קדאיף,Unknown,,קינוח אישי קדאיף,,0.00,,false,1,16.90,0.00,false,1,28034
7290115405774,false,פחזניות ממולאות וניל,Unknown,,פחזניות ממולאות וניל,,180.00,100 גרם,false,1,16.90,9.39,false,1,28030
7290115405798,false,פחזניות ריבת חלב 180,Unknown,,פחזניות ריבת חלב 180,,180.00,100 גרם,false,1,16.90,9.39,false,1,28031
7290115670561,false,ממרחית חלב עלית,Unknown,,ממרחית חלב עלית,,500.00,100 גרם,false,1,13.90,2.78,true,1,25909
7290115670578,false,ממרחית בטעם שוקולד,Unknown,,ממרחית בטעם שוקולד,,500.00,100 גרם,false,1,13.50,2.70,true,1,25910
7290115670585,false,מקופלת לבנה 25 מגדים,Unknown,,מקופלת לבנה 25 מגדים,,25.00,100 גרם,false,1,6.90,27.60,true,1,21727
7290115670677,false,אנרגי גרנולה טרופי,Unknown,,אנרגי גרנולה טרופי,,400.00,100 גרם,false,1,16.00,4.00,true,1,25066
7290115670707,false,אנרגי גרנולה ש.אגוז,Unknown,,אנרגי גרנולה ש.אגוז,,400.00,100 גרם,false,1,16.00,4.00,true,1,25067
7290115671001,false,שוקוציפס חלב THINS,Unknown,,שוקוציפס חלב THINS,,136.00,100 גרם,false,1,12.00,8.82,true,1,25173
7290115671025,false,רבע לשבע מוס שוקולד,Unknown,,רבע לשבע מוס שוקולד,,100.00,100 גרם,false,1,18.90,18.90,true,1,23147
7290115671148,false,סוכריות FRESH ענבים,Unknown,,סוכריות FRESH ענבים,,15.00,100 גרם,false,1,5.00,33.33,true,1,25174
7290115671308,false,מאסט תות דובדבן 58ג,Unknown,,מאסט תות דובדבן 58ג,,58.00,100 גרם,false,1,12.00,20.69,true,1,25176
7290115671339,false,מיני פינוקיות ב.ב.ב,Unknown,,מיני פינוקיות ב.ב.ב,,80.00,100 גרם,false,1,14.90,18.62,true,1,22832
7290115671346,false,מיני פינוקיות ט.ק.מ,Unknown,,מיני פינוקיות ט.ק.מ,,80.00,100 גרם,false,1,14.90,18.62,true,1,22833
7290115671353,false,מ.פינוקיות שחור לבן,Unknown,,מ.פינוקיות שחור לבן,,180.00,100 גרם,false,1,14.90,8.28,true,1,25177
7290115671612,false,עלית אגוזים ק.בייגלה,Unknown,,עלית אגוזים ק.בייגלה,,234.00,100 גרם,false,1,21.90,9.36,true,1,23148
7290115671827,false,שקית מ.מיני טעמי,Unknown,,שקית מ.מיני טעמי,,195.00,100 גרם,false,1,17.90,9.18,true,1,25053
7290115672183,false,ר.לשבע קרמביס אגוזים,Unknown,,ר.לשבע קרמביס אגוזים,,104.00,100 גרם,false,1,14.50,13.94,true,1,28123
7290115673012,false,ר.לשבע קרמביס שוקולד,Unknown,,ר.לשבע קרמביס שוקולד,,104.00,100 גרם,false,1,14.50,13.94,true,1,28124
7290115673135,false,ש.פרה חלב עדשים,Unknown,,ש.פרה חלב עדשים,,100.00,100 גרם,false,1,9.00,9.00,true,1,23486
7290115673197,false,ריל חטיף תמרים קוקוס,Unknown,,ריל חטיף תמרים קוקוס,,35.00,100 גרם,false,1,10.00,28.57,true,1,22569
7290115673203,false,ריל חטיף שקדים שוקול,Unknown,,ריל חטיף שקדים שוקול,,35.00,100 גרם,false,1,10.00,28.57,true,1,22570
7290115673210,false,ריל חטיף בוטנים פיסט,Unknown,,ריל חטיף בוטנים פיסט,,35.00,100 גרם,false,1,10.00,28.57,true,1,22571
7290115673777,false,פסק זמן פטיסרי קרמל,Unknown,,פסק זמן פטיסרי קרמל,,35.00,100 גרם,false,1,7.50,21.43,true,1,22566
7290115673975,false,ספלנדיד בלונדי אגוז,Unknown,,ספלנדיד בלונדי אגוז,,95.00,100 גרם,false,1,13.90,14.63,true,1,24045
7290115674156,false,שוקולד פרה מיקס,Unknown,,שוקולד פרה מיקס,,95.00,100 גרם,false,1,9.00,9.47,true,1,22365
7290115674187,false,רבע לשבע מוס פטל,Unknown,,רבע לשבע מוס פטל,,100.00,100 גרם,false,1,18.90,18.90,true,1,23149
7290115674699,false,תפוציפס פופבלס מלח,Unknown,,תפוציפס פופבלס מלח,,45.00,100 גרם,false,1,5.90,13.11,true,1,22649
7290115674743,false,Breadz פיתה מלח ים,Unknown,,Breadz פיתה מלח ים,,170.00,100 גרם,false,1,15.00,8.82,false,1,25178
7290115674774,false,Breadz קרקר קינואה,Unknown,,Breadz קרקר קינואה,,170.00,100 גרם,false,1,15.00,8.82,false,1,25179
7290115675559,false,מארז טורקי לדרך,Unknown,,מארז טורקי לדרך,,70.00,100 גרם,false,1,9.00,12.86,true,1,24981
7290115675580,false,ח.קוואקר ובוטנים 50ג,Unknown,,ח.קוואקר ובוטנים 50ג,,50.00,100 גרם,false,1,6.90,13.80,true,1,24046
7290115675696,false,קוואקר Cruesli,Unknown,,קוואקר Cruesli,,375.00,100 גרם,false,1,23.90,6.37,true,1,24075
7290115675740,false,קפסולות אייס ק.נוגט,Unknown,,קפסולות אייס ק.נוגט,,10.00,יחידה,false,1,16.50,1.65,true,1,22538
7290115675764,false,קפסולות 08 אתיופיה,Unknown,,קפסולות 08 אתיופיה,,10.00,יחידה,false,1,16.50,1.65,true,1,23150
7290115675986,false,דנונה בר עם אגוזים,Unknown,,דנונה בר עם אגוזים,,173.00,100 גרם,false,1,6.20,3.58,true,1,23714
7290115676037,false,דנונה שייק תות,Unknown,,דנונה שייק תות,,250.00,100 גרם,false,1,7.00,2.80,true,1,22588
7290115676082,false,דנונה משקה פרו תות,Unknown,,דנונה משקה פרו תות,,255.00,100 גרם,false,1,8.50,3.33,true,1,22590
7290115676099,false,דנונה משקה פרו וניל,Unknown,,דנונה משקה פרו וניל,,255.00,100 גרם,false,1,8.50,3.33,true,1,22591
7290115676389,true,כשלפ חרוסת 250 גרם,Unknown,,כשלפ חרוסת 250 גרם,,0.00,,false,,18.00,0.00,true,1,24985
7290115676693,false,תפוציפס מלח חומץ 50ג,Unknown,,תפוציפס מלח חומץ 50ג,,50.00,100 גרם,false,1,5.90,11.80,true,1,27332
7290115676990,false,תפוציפס מלח חומץ,Unknown,,תפוציפס מלח חומץ,,50.00,100 גרם,false,1,5.90,11.80,true,1,22423
7290115677089,false,קונפיטורה תפוח,Unknown,,קונפיטורה תפוח,,340.00,100 גרם,false,1,14.90,4.38,true,1,23042
7290115677362,false,נודלס טריאקי,Unknown,,נודלס טריאקי,,350.00,100 גרם,false,1,27.90,7.97,false,1,25181
7290115677423,false,אורז קארי ירוק חריף,Unknown,,אורז קארי ירוק חריף,,350.00,100 גרם,false,1,27.90,7.97,false,1,25182
7290115677676,false,חומוס בתוספת חריף,Unknown,,חומוס בתוספת חריף,,400.00,100 גרם,false,1,15.90,3.98,true,1,25911
7290115677843,false,דנונה WOW מלבי,Unknown,,דנונה WOW מלבי,,150.00,100 גרם,false,1,6.00,4.00,true,1,27004
7290115677874,false,לייט&פרי אלפחורס,Unknown,,לייט&פרי אלפחורס,,150.00,100 גרם,false,1,6.50,4.33,false,1,26679
7290115677898,false,ממרח עדשים קארי,Unknown,,ממרח עדשים קארי,,235.00,100 גרם,false,1,12.00,5.11,false,1,26680
7290115677904,false,חומוס פלפלים חריף,Unknown,,חומוס פלפלים חריף,,235.00,100 גרם,false,1,12.00,5.11,false,1,26681
7290115677911,false,סלט ביצים טבעוני235ג,Unknown,,סלט ביצים טבעוני235ג,,235.00,100 גרם,false,1,16.50,7.02,false,1,26741
7290115677959,false,גואקמולי סלט אבוקדו,Unknown,,גואקמולי סלט אבוקדו,,220.00,100 גרם,false,1,18.90,8.59,true,1,25912
7290115678048,false,אחלה טחינה קרם חציל,Unknown,,אחלה טחינה קרם חציל,,235.00,100 גרם,false,1,12.00,5.11,false,1,26682
7290115678109,false,דנונה WOW אלפחורס,Unknown,,דנונה WOW אלפחורס,,150.00,"100 מ""ל",false,1,6.50,4.33,true,1,23026
7290115678130,false,אחלה טחינה סלק 235גר,Unknown,,אחלה טחינה סלק 235גר,,235.00,100 גרם,false,1,12.00,5.11,false,1,26683
7290115678215,false,דנונה פרו 200 גר,Unknown,,דנונה פרו 200 גר,,200.00,100 גרם,false,1,7.50,3.75,true,1,24007
7290115678352,false,דנונה בטעם וניל,Unknown,,דנונה בטעם וניל,,150.00,100 גרם,false,1,3.70,2.47,true,1,25059
7290115678529,false,רביולי במילוי גבינות,Unknown,,רביולי במילוי גבינות,,320.00,100 גרם,false,1,27.00,8.44,false,1,23151
7290115678536,false,דנונה WOW תפוחים,Unknown,,דנונה WOW תפוחים,,150.00,100 גרם,false,1,6.50,4.33,true,1,23037
7290115678635,false,נשנושי גבינה 25%,Unknown,,נשנושי גבינה 25%,,67.00,100 גרם,false,1,10.90,16.27,false,1,25411
7290115678642,false,נשנושי גבינה 25%,Unknown,,נשנושי גבינה 25%,,67.00,100 גרם,false,1,10.90,16.27,false,1,25412
7290115678666,false,אחלה טחינה חציל פרכי,Unknown,,אחלה טחינה חציל פרכי,,110.00,100 גרם,false,1,10.90,9.91,false,1,25183
7290115678710,false,סוכריות FRESH בזוקה,Unknown,,סוכריות FRESH בזוקה,,15.00,100 גרם,false,1,5.00,33.33,true,1,22824
7290115678871,false,שוקולית נוגט,Unknown,,שוקולית נוגט,,500.00,100 גרם,false,1,16.00,3.20,false,1,27769
7290115679885,false,פיצה כרובית,Unknown,,פיצה כרובית,,320.00,100 גרם,false,1,27.90,8.72,false,1,25184
7290115679960,false,ציטוס פופקורן טבעי60,Unknown,,ציטוס פופקורן טבעי60,,60.00,100 גרם,false,1,6.90,11.50,true,1,25185
7290116242361,false,מיני סוכריה כ.מיניון,Unknown,,מיני סוכריה כ.מיניון,,8.00,100 גרם,false,1,14.90,186.25,true,1,27168
7290116242378,false,מיני סוכריה כדור סמי,Unknown,,מיני סוכריה כדור סמי,,8.00,100 גרם,false,1,14.90,186.25,true,1,27169
7290116242385,false,מיני סוכריה כ.ברבי,Unknown,,מיני סוכריה כ.ברבי,,8.00,100 גרם,false,1,14.90,186.25,true,1,27170
7290116242392,false,מיני פופ סוכריה כח,Unknown,,מיני פופ סוכריה כח,,40.00,100 גרם,false,1,14.90,37.25,true,1,27171
7290116242408,false,מיני סוכריה כ.ריינב,Unknown,,מיני סוכריה כ.ריינב,,8.00,100 גרם,false,1,14.90,186.25,true,1,27172
7290116242415,false,מיני סוכריה כ.מפרץ,Unknown,,מיני סוכריה כ.מפרץ,,8.00,100 גרם,false,1,14.90,186.25,true,1,27173
7290116243962,false,אצבעות שוקולד כוח,Unknown,,אצבעות שוקולד כוח,,50.00,100 גרם,false,1,5.90,11.80,true,1,27174
7290116243986,false,אצבעות שוקולד ברבי,Unknown,,אצבעות שוקולד ברבי,,50.00,100 גרם,false,1,5.90,11.80,true,1,27175
7290116243993,false,אצבעות שוקולד חד קרן,Unknown,,אצבעות שוקולד חד קרן,,50.00,100 גרם,false,1,5.90,11.80,true,1,27176
7290116244006,false,אצבעות שוקולד מפרץ,Unknown,,אצבעות שוקולד מפרץ,,50.00,100 גרם,false,1,5.90,11.80,true,1,27177
7290116244013,false,אצבעות שוקולד ס.כבאי,Unknown,,אצבעות שוקולד ס.כבאי,,50.00,100 גרם,false,1,5.90,11.80,true,1,27178
7290116247045,false,שוקולד חלב על מקלLOL,Unknown,,שוקולד חלב על מקלLOL,,30.00,100 גרם,false,1,6.90,23.00,true,1,27547
7290116247052,false,שוקולד חלב רינבוקורן,Unknown,,שוקולד חלב רינבוקורן,,30.00,100 גרם,false,1,6.90,23.00,true,1,27548
7290116247076,false,ש.חלב על מקל ס.הכבאי,Unknown,,ש.חלב על מקל ס.הכבאי,,30.00,100 גרם,false,1,6.90,23.00,true,1,27549
7290116247083,false,שוקולד חלב הרפתקאות,Unknown,,שוקולד חלב הרפתקאות,,30.00,100 גרם,false,1,6.90,23.00,true,1,27550
7290116530109,false,קליק נוגט שוקולד לבן,Unknown,,קליק נוגט שוקולד לבן,,35.00,100 גרם,false,1,7.50,21.43,true,1,22565
7290116530185,false,ד.בוקר דלישקד קרמל,Unknown,,ד.בוקר דלישקד קרמל,,400.00,100 גרם,false,1,27.90,6.98,false,1,25186
7290116530314,false,קליק כריות דאבל שוקו,Unknown,,קליק כריות דאבל שוקו,,65.00,100 גרם,false,1,9.00,13.85,true,1,22567
7290116530482,false,קורנפלקס של אלופים,Unknown,,קורנפלקס של אלופים,,150.00,100 גרם,false,1,14.50,9.67,false,1,25413
7290116531038,false,טבלה שוקולד מריר,Unknown,,טבלה שוקולד מריר,,100.00,100 גרם,false,1,6.90,6.90,true,1,27325
7290116531045,false,דליפקאן דגנים כשלפ,Unknown,,דליפקאן דגנים כשלפ,,350.00,100 גרם,false,1,28.90,8.26,false,1,26455
7290116531090,false,דגדג חטיף אפוי,Unknown,,דגדג חטיף אפוי,,250.00,100 גרם,false,1,12.90,5.16,true,1,25187
7290116531168,false,קליק ע.שוקולד חלב,Unknown,,קליק ע.שוקולד חלב,,40.00,100 גרם,false,1,7.50,18.75,true,1,22818
7290116531281,false,קליק מיקס,Unknown,,קליק מיקס,,65.00,100 גרם,false,1,9.00,13.85,true,1,24048
7290116531519,false,קוקמן שוקו בננה,Unknown,,קוקמן שוקו בננה,,375.00,100 גרם,false,1,24.90,6.64,false,1,25847
7290116531540,false,קורנפלקס כשלפ דבש,Unknown,,קורנפלקס כשלפ דבש,,375.00,100 גרם,false,1,18.90,5.04,false,1,26456
7290116531557,false,פריכיות דקות תירסמלא,Unknown,,פריכיות דקות תירסמלא,,150.00,100 גרם,false,1,13.90,9.27,false,1,26457
7290116531724,false,חטיף שוגי ש.חלב פסח,Unknown,,חטיף שוגי ש.חלב פסח,,130.00,100 גרם,false,1,15.90,12.23,false,1,26458
7290116531731,false,חטיף שוגי ש.לבן פסח,Unknown,,חטיף שוגי ש.לבן פסח,,130.00,100 גרם,false,1,15.90,12.23,false,1,26459
7290116531748,false,קליק קוקומן חום&לבן,Unknown,,קליק קוקומן חום&לבן,,65.00,100 גרם,false,1,9.00,13.85,true,1,26594
7290116531939,false,גלידונית תות שדה,Unknown,,גלידונית תות שדה,,955.00,"100 מ""ל",false,1,50.00,5.24,true,1,26866
7290116531977,false,ספריי סקייטבורד,Unknown,,ספריי סקייטבורד,,150.00,100 גרם,false,1,19.90,13.27,false,1,27957
7290116532011,false,קליק אוקי 35ג חדש,Unknown,,קליק אוקי 35ג חדש,,35.00,100 גרם,false,1,7.50,21.43,true,1,26400
7290116532028,false,קליק חטיף נוגט כשלפ,Unknown,,קליק חטיף נוגט כשלפ,,35.00,100 גרם,false,1,7.50,21.43,true,1,26595
7290116532035,false,קליק ק.חום לבן כשלפ,Unknown,,קליק ק.חום לבן כשלפ,,65.00,100 גרם,false,1,9.00,13.85,true,1,26596
7290116532042,false,קליק כריות נוגט כשלפ,Unknown,,קליק כריות נוגט כשלפ,,65.00,100 גרם,false,1,9.00,13.85,true,1,26597
7290116532264,false,גודיז אפרסק,Unknown,,גודיז אפרסק,,300.00,100 גרם,false,1,27.00,9.00,true,1,26867
7290116532271,false,גודיז סנדוויץ,Unknown,,גודיז סנדוויץ,,270.00,"100 מ""ל",false,1,29.90,11.07,true,1,26868
7290116532462,false,פיינט קליק ש.בננה,Unknown,,פיינט קליק ש.בננה,,520.00,"100 מ""ל",false,1,24.90,4.79,true,1,27427
7290116532479,false,פיינט קליק ש.לבן,Unknown,,פיינט קליק ש.לבן,,520.00,"100 מ""ל",false,1,24.90,4.79,true,1,27428
7290116532486,false,פיינט קליק וניל קרמל,Unknown,,פיינט קליק וניל קרמל,,520.00,"100 מ""ל",false,1,24.90,4.79,true,1,27429
7290116532882,false,נשנושים א.בצל 155ג,Unknown,,נשנושים א.בצל 155ג,,155.00,100 גרם,false,1,11.90,7.68,true,1,28125
7290116532899,false,נשנושים א.פלאפל 155ג,Unknown,,נשנושים א.פלאפל 155ג,,155.00,100 גרם,false,1,11.90,7.68,true,1,28126
7290116532905,false,נשנושים ברביקיו 155ג,Unknown,,נשנושים ברביקיו 155ג,,155.00,100 גרם,false,1,11.90,7.68,true,1,28127
7290116910314,false,מיני פופ סוכריה מפרץ,Unknown,,מיני פופ סוכריה מפרץ,,40.00,100 גרם,false,1,14.90,37.25,true,1,27181
7290116910871,false,ממתק ספריי משרוקית,Unknown,,ממתק ספריי משרוקית,,8.00,"100 מ""ל",false,1,8.90,111.25,true,1,27551
7290116910895,false,מיני פופ סוכריה סמי,Unknown,,מיני פופ סוכריה סמי,,40.00,100 גרם,false,1,14.90,37.25,true,1,27182
7290116910901,false,מיני פופ סוכריה ברבי,Unknown,,מיני פופ סוכריה ברבי,,40.00,100 גרם,false,1,14.90,37.25,true,1,27183
7290116911908,false,ק.ט סוכריות כדורסל,Unknown,,ק.ט סוכריות כדורסל,,5.00,100 גרם,false,1,15.90,318.00,true,1,27552
7290116911939,false,ק.ט סוכריות אמבולנס,Unknown,,ק.ט סוכריות אמבולנס,,15.00,100 גרם,false,1,15.90,106.00,true,1,27553
7290116911960,false,ק.ט סוכריות משטרה,Unknown,,ק.ט סוכריות משטרה,,10.00,100 גרם,false,1,6.90,69.00,true,1,27554
7290116914299,false,קנדי טוי תנין,Unknown,,קנדי טוי תנין,,8.00,100 גרם,false,1,9.90,123.75,true,1,27555
7290116914336,false,מאוורר מים בארבי,Unknown,,מאוורר מים בארבי,,10.00,100 גרם,false,1,15.90,159.00,true,1,27556
7290116914442,false,סוכריות על מקל פוני,Unknown,,סוכריות על מקל פוני,,600.00,100 גרם,false,1,21.90,3.65,true,1,27557
7290116914459,false,סוכריות סמי הכבאי,Unknown,,סוכריות סמי הכבאי,,600.00,100 גרם,false,1,21.90,3.65,true,1,27558
7290116914466,false,סוכריות על מקל בארבי,Unknown,,סוכריות על מקל בארבי,,600.00,100 גרם,false,1,21.90,3.65,true,1,27559
7290116914480,false,סוכריות לוני טונס,Unknown,,סוכריות לוני טונס,,600.00,100 גרם,false,1,21.90,3.65,true,1,27560
7290116914497,false,סוכריות ליגת הצדק,Unknown,,סוכריות ליגת הצדק,,600.00,100 גרם,false,1,21.90,3.65,true,1,27561
7290116914503,false,סוכריות מיניונים,Unknown,,סוכריות מיניונים,,600.00,100 גרם,false,1,21.90,3.65,true,1,27562
7290116914831,false,מאוורר מסתובב גירפה,Unknown,,מאוורר מסתובב גירפה,,10.00,100 גרם,false,1,15.90,159.00,true,1,27563
7290116914961,false,מאוורר ידני מיניונים,Unknown,,מאוורר ידני מיניונים,,3.00,100 גרם,false,1,9.90,330.00,true,1,27564
7290116914978,false,מאוורר ידני בארבי,Unknown,,מאוורר ידני בארבי,,6.00,100 גרם,false,1,9.90,165.00,true,1,27565
7290116914985,false,מאורר ידני סמי הכבאי,Unknown,,מאורר ידני סמי הכבאי,,3.00,100 גרם,false,1,9.90,330.00,true,1,27566
7290116914992,false,מאורר ידני ליגת הצדק,Unknown,,מאורר ידני ליגת הצדק,,3.00,100 גרם,false,1,9.90,330.00,true,1,27567
7290116915005,false,ס.יורה מים דולפין,Unknown,,ס.יורה מים דולפין,,3.00,100 גרם,false,1,11.90,396.67,true,1,27613
7290116915012,false,ס.יורה מים דינוזאור,Unknown,,ס.יורה מים דינוזאור,,3.00,100 גרם,false,1,11.90,396.67,true,1,27568
7290116915029,false,דינוזאור מ.סוכריות,Unknown,,דינוזאור מ.סוכריות,,3.00,100 גרם,false,1,14.90,496.67,true,1,27569
7290116915036,false,ק.ט סוכריות ציפור,Unknown,,ק.ט סוכריות ציפור,,3.00,100 גרם,false,1,19.90,663.33,true,1,27570
7290116915050,false,ק.ט סוכריות חמניה,Unknown,,ק.ט סוכריות חמניה,,3.00,100 גרם,false,1,19.90,663.33,true,1,27571
7290116915081,false,ארנק מתכת מיניונים,Unknown,,ארנק מתכת מיניונים,,10.00,100 גרם,false,1,9.90,99.00,true,1,27572
7290116915098,false,ארנק מתכת פוני קטן,Unknown,,ארנק מתכת פוני קטן,,10.00,100 גרם,false,1,9.90,99.00,true,1,27573
7290116915104,false,ארנק מתכת LOL,Unknown,,ארנק מתכת LOL,,10.00,100 גרם,false,1,9.90,99.00,true,1,27574
7290116915111,false,ארנק מתכת בארבי,Unknown,,ארנק מתכת בארבי,,10.00,100 גרם,false,1,9.90,99.00,true,1,27575
7290116915128,false,ארנק מתכת הרפתקאות,Unknown,,ארנק מתכת הרפתקאות,,10.00,100 גרם,false,1,9.90,99.00,true,1,27576
7290116918709,false,שוקולד חלב מקל מטריה,Unknown,,שוקולד חלב מקל מטריה,,14.00,100 גרם,false,1,2.90,20.71,true,1,27577
7290116918716,false,שוקולד לב פויל ריבס,Unknown,,שוקולד לב פויל ריבס,,18.00,100 גרם,false,1,2.90,16.11,true,1,27578
7290116930015,false,חטיף חלבון GO ק.מלוח,Unknown,,חטיף חלבון GO ק.מלוח,,60.00,100 גרם,false,1,14.90,24.83,true,1,27430
7290116930022,false,חטיף חלבון GO עוגיות,Unknown,,חטיף חלבון GO עוגיות,,60.00,100 גרם,false,1,14.90,24.83,true,1,27431
7290116930176,false,חלב 2% שומן בדצ,Unknown,,חלב 2% שומן בדצ,,1.00,1 ליטר,false,1,6.50,6.50,false,1,27775
7290116930282,false,לאבנה עם קרקרים,Unknown,,לאבנה עם קרקרים,,150.00,100 גרם,false,1,8.90,5.93,false,1,27776
7290116930374,false,משולשי פרומעז,Unknown,,משולשי פרומעז,,200.00,100 גרם,false,1,32.90,16.45,false,1,27066
7290116930435,false,יוגורט גו דובדבן,Unknown,,יוגורט גו דובדבן,,200.00,100 גרם,false,1,6.50,3.25,false,1,27067
7290116930442,false,יופלה SHAKE,Unknown,,יופלה SHAKE,,230.00,"100 מ""ל",false,1,11.90,5.17,false,1,27432
7290116930459,false,יופלה SHAKE,Unknown,,יופלה SHAKE,,230.00,"100 מ""ל",false,1,11.90,5.17,false,1,27433
7290116930466,false,יופלה SHAKE,Unknown,,יופלה SHAKE,,230.00,"100 מ""ל",false,1,11.90,5.17,false,1,27434
7290116930480,false,יופלה SHAKE,Unknown,,יופלה SHAKE,,230.00,"100 מ""ל",false,1,11.90,5.17,false,1,27435
7290116930558,false,משקה תהצאי קרמל,Unknown,,משקה תהצאי קרמל,,230.00,"100 מ""ל",false,1,10.00,4.35,false,1,27436
7290116930565,false,תה קר צאי מסאלה,Unknown,,תה קר צאי מסאלה,,230.00,"100 מ""ל",false,1,10.00,4.35,false,1,27437
7290116930572,false,תה קר צאי ורדים,Unknown,,תה קר צאי ורדים,,230.00,"100 מ""ל",false,1,10.00,4.35,false,1,27438
7290116930626,false,ציזיקי עם קרקרים,Unknown,,ציזיקי עם קרקרים,,150.00,100 גרם,false,1,8.90,5.93,false,1,27778
7290116930701,false,מעדן קרמל מלוח,Unknown,,מעדן קרמל מלוח,,120.00,100 גרם,false,1,5.50,4.58,false,1,27441
7290117260890,false,פופקורן קוקוס 90ג,Unknown,,פופקורן קוקוס 90ג,,90.00,100 גרם,false,1,8.90,9.89,true,1,26598
7290117260906,false,פופקורן פירות 90ג,Unknown,,פופקורן פירות 90ג,,90.00,100 גרם,false,1,8.90,9.89,true,1,26599
7290117260913,false,פופקורן שוקולד 90ג,Unknown,,פופקורן שוקולד 90ג,,90.00,100 גרם,false,1,8.90,9.89,true,1,26600
7290117821367,false,ביצת הפתעה טרקטור,Unknown,,ביצת הפתעה טרקטור,,10.00,100 גרם,false,1,6.90,69.00,true,1,27579
7290117821374,false,ביצת הפתעה פוני,Unknown,,ביצת הפתעה פוני,,10.00,100 גרם,false,1,6.90,69.00,true,1,27580
7290117821381,false,ביצת הפתעה קפיץ,Unknown,,ביצת הפתעה קפיץ,,10.00,100 גרם,false,1,6.90,69.00,true,1,27581
7290117821398,false,ביצת הפתעה כבאית,Unknown,,ביצת הפתעה כבאית,,10.00,100 גרם,false,1,6.90,69.00,true,1,27582
7290117821404,false,ביצת הפתעה בצק,Unknown,,ביצת הפתעה בצק,,10.00,100 גרם,false,1,6.90,69.00,true,1,27583
7290117821411,false,ביצת הפתעה דינוזאור,Unknown,,ביצת הפתעה דינוזאור,,10.00,100 גרם,false,1,6.90,69.00,true,1,27584
7290117821435,false,ביצת הפתעה חד קרן,Unknown,,ביצת הפתעה חד קרן,,10.00,100 גרם,false,1,6.90,69.00,true,1,27585
7290117821442,false,ביצת הפתעה כדורגל,Unknown,,ביצת הפתעה כדורגל,,20.00,100 גרם,false,1,8.90,44.50,true,1,27586
7290117821459,false,ביצת הפתעה דינוזאור2,Unknown,,ביצת הפתעה דינוזאור2,,20.00,100 גרם,false,1,8.90,44.50,true,1,27587
7290117821466,false,ביצת הפתעה חיות חווה,Unknown,,ביצת הפתעה חיות חווה,,20.00,100 גרם,false,1,8.90,44.50,true,1,27588
7290117821473,false,ב.הפתעה א.דינוזאור,Unknown,,ב.הפתעה א.דינוזאור,,20.00,100 גרם,false,1,15.90,79.50,true,1,27589
7290117900444,false,מנצס בצנצנת-חדש,Unknown,,מנצס בצנצנת-חדש,,130.00,100 גרם,false,1,16.90,13.00,true,1,26081
7290117900451,false,מנציס 160 שקדיה חדש,Unknown,,מנציס 160 שקדיה חדש,,130.00,100 גרם,false,1,16.90,13.00,true,1,27454
7290117900468,false,חטיף סויה קריספי חדש,Unknown,,חטיף סויה קריספי חדש,,140.00,100 גרם,false,1,16.90,12.07,true,1,26082
7290117902608,false,חמוציות אגוזים שקדים,Unknown,,חמוציות אגוזים שקדים,,80.00,100 גרם,false,1,10.00,12.50,true,1,28128
7290117902615,false,אגוזים ושקדים קלויים,Unknown,,אגוזים ושקדים קלויים,,80.00,100 גרם,false,1,10.00,12.50,true,1,28129
7290118400196,false,המבורגר אנטריקוט,Unknown,,המבורגר אנטריקוט,,900.00,100 גרם,false,1,52.90,5.88,true,1,27590
7290118400912,false,אצבעות אנטריקוט,Unknown,,אצבעות אנטריקוט,,800.00,100 גרם,false,1,59.90,7.49,true,1,27591
7290118401179,false,כרעיים עוף,Unknown,,כרעיים עוף,,1.00,"1 ק""ג",false,1,27.90,27.90,true,1,27592
7290118401308,false,חזה עוף,Unknown,,חזה עוף,,800.00,100 גרם,false,1,32.90,4.11,true,1,27593
7290118401445,false,נקנקיות מרגז,Unknown,,נקנקיות מרגז,,800.00,100 גרם,false,1,46.90,5.86,true,1,27594
7290118401513,false,כבד עוף,Unknown,,כבד עוף,,500.00,100 גרם,false,1,14.90,2.98,true,1,27595
7290118401681,false,מיני המבורגר,Unknown,,מיני המבורגר,,800.00,100 גרם,false,1,46.90,5.86,true,1,27596
7290118401865,false,כנפיים עוף,Unknown,,כנפיים עוף,,800.00,100 גרם,false,1,15.90,1.99,true,1,27597
7290118402008,false,נקנקיות צוריסוס,Unknown,,נקנקיות צוריסוס,,800.00,100 גרם,false,1,46.90,5.86,true,1,27598
7290118402213,false,סינטה,Unknown,,סינטה,,500.00,100 גרם,false,1,69.90,13.98,true,1,27599
7290118402732,false,סטייק פרגית,Unknown,,סטייק פרגית,,800.00,100 גרם,false,1,52.90,6.61,true,1,27600
7290118403005,false,צלעות טלה צ.פרימיום,Unknown,,צלעות טלה צ.פרימיום,,500.00,100 גרם,false,1,129.90,25.98,true,1,27601
7290118403203,false,קבב מזרחי,Unknown,,קבב מזרחי,,800.00,100 גרם,false,1,46.90,5.86,true,1,27602
7290118403647,false,שוקיים עוף,Unknown,,שוקיים עוף,,800.00,100 גרם,false,1,23.90,2.99,true,1,27603
7290118403708,false,קבב רומני,Unknown,,קבב רומני,,800.00,100 גרם,false,1,46.90,5.86,true,1,27604
7290118404002,false,שיפודי אנטריקוט,Unknown,,שיפודי אנטריקוט,,800.00,100 גרם,false,1,139.90,17.49,true,1,27605
7290118404125,false,אנטריקוט פרימיום,Unknown,,אנטריקוט פרימיום,,500.00,100 גרם,false,1,92.90,18.58,true,1,27606
7290118404200,false,שיפודי פרגית,Unknown,,שיפודי פרגית,,800.00,100 גרם,false,1,49.90,6.24,true,1,27607
7290118404262,false,שניצל עוף פ.פרמיום,Unknown,,שניצל עוף פ.פרמיום,,800.00,100 גרם,false,1,37.90,4.74,true,1,27608
7290118404712,false,חטיפי אסאדו,Unknown,,חטיפי אסאדו,,500.00,100 גרם,false,1,36.90,7.38,true,1,27609
7290118420071,false,במבה ביסלי ברביקיו,Unknown,,במבה ביסלי ברביקיו,,80.00,100 גרם,false,1,7.90,9.88,true,1,28130
7290118420095,false,מקלות פילו תפוח,Unknown,,מקלות פילו תפוח,קילוגרמים,1.00,"ק""ג",true,1,55.00,9.17,false,1,27663
7290118420507,false,שנק קינמון פרווה,Unknown,,שנק קינמון פרווה,,120.00,100 גרם,false,1,10.00,8.33,true,1,27850
7290118421313,false,דונאטס אוכמניות,Unknown,,דונאטס אוכמניות,,67.00,100 גרם,false,1,10.00,14.93,false,1,28131
7290118421337,false,דונטס ק.נוגט אגוזים,Unknown,,דונטס ק.נוגט אגוזים,,71.00,100 גרם,false,1,10.00,14.08,false,1,28132
7290118421351,false,דונאטס בטעם וניל,Unknown,,דונאטס בטעם וניל,,70.00,100 גרם,false,1,10.00,14.29,false,1,28133
7290118421375,false,דונאטס ממולא שוקולד,Unknown,,דונאטס ממולא שוקולד,,67.00,100 גרם,false,1,10.00,14.93,false,1,28134
7290118421399,false,דונאטס שוקולד ש.בלגי,Unknown,,דונאטס שוקולד ש.בלגי,,55.00,100 גרם,false,1,10.00,18.18,false,1,28135
7291123657858,false,סיגריה DOM-ענבים,Unknown,,סיגריה DOM-ענבים,,0.00,,false,1,89.90,0.00,false,1,27827
7291123657872,false,סיגריה DOM-אבטיח,Unknown,,סיגריה DOM-אבטיח,,0.00,,false,1,89.90,0.00,false,1,27826
7291123657889,false,סיגריה DOM-אוכמיות,Unknown,,סיגריה DOM-אוכמיות,,0.00,,false,1,89.90,0.00,false,1,27825
7291123657896,false,סיגריה DOM-תות,Unknown,,סיגריה DOM-תות,,0.00,,false,1,89.90,0.00,false,1,27822
7291123657902,false,סיגריה DOM-אפרסק,Unknown,,סיגריה DOM-אפרסק,,0.00,,false,1,89.90,0.00,false,1,27824
7291123657919,false,סיגריה DOM-קולה,Unknown,,סיגריה DOM-קולה,,0.00,,false,1,89.90,0.00,false,1,27829
7291123657926,false,סיגריה DOM-תפוח,Unknown,,סיגריה DOM-תפוח,,0.00,,false,1,89.90,0.00,false,1,27823
7291123657933,false,סיגריה DOM-מנגו,Unknown,,סיגריה DOM-מנגו,,0.00,,false,1,89.90,0.00,false,1,27821
7291123657940,false,סיגריה DOM-מנטה,Unknown,,סיגריה DOM-מנטה,,0.00,,false,1,89.90,0.00,false,1,27828
7291123657957,false,סיגריה DOM-מלון,Unknown,,סיגריה DOM-מלון,,0.00,,false,1,89.90,0.00,false,1,27836
7296073215455,false,מארז מיקס,Unknown,,מארז מיקס,,500.00,100 גרם,false,1,19.90,3.98,true,1,26774
7297488099890,false,פרוסות סגנון קלאסי9%,Unknown,,פרוסות סגנון קלאסי9%,,200.00,100 גרם,false,1,21.90,10.95,false,1,26401
7297488099951,false,מלוחה 5% 250 גרם,Unknown,,מלוחה 5% 250 גרם,,250.00,100 גרם,false,1,21.90,8.76,false,1,26402
7297588031516,false,שמשיה 85 צבעונית,Unknown,,שמשיה 85 צבעונית,,0.00,,false,1,29.00,0.00,false,1,22715
7297588031523,false,שמשיה ארטוס,Unknown,,שמשיה ארטוס,,0.00,,false,1,29.00,0.00,false,1,22697
7297588034074,false,שמשיה גדולה 180,Unknown,,שמשיה גדולה 180,,0.00,,false,1,29.00,0.00,false,1,22716
7298074500615,false,בדיקת הריון בודד,Unknown,,בדיקת הריון בודד,,1.00,יחידה,false,1,29.90,29.90,true,1,24056
7312040017683,false,וודקה אבסולוט 700מל,Unknown,,וודקה אבסולוט 700מל,,700.00,"100 מ""ל",false,1,95.00,13.53,true,1,14449
7468847169992,false,שום ייבוא ליח 200 ג,Unknown,,שום ייבוא ליח 200 ג,,200.00,100 גרם,false,1,9.90,4.95,true,1,23450
7500162900000,false,בירה סול בקבוק 330,Unknown,,בירה סול בקבוק 330,,330.00,"100 מ""ל",false,1,16.00,4.76,true,1,21145
7501013101348,false,גומקס מנגו 473מל,Unknown,,גומקס מנגו 473מל,,473.00,"100 מ""ל",false,1,10.90,2.24,true,1,20164
7501013101355,false,גומקס אפרסק 473מל,Unknown,,גומקס אפרסק 473מל,,473.00,"100 מ""ל",false,1,9.90,2.03,true,1,20165
7501013101362,false,גומקס ק.אננס 473מל,Unknown,,גומקס ק.אננס 473מל,,473.00,"100 מ""ל",false,1,10.90,2.24,true,1,20166
7501013101393,false,גומקס אננס 473מל,Unknown,,גומקס אננס 473מל,,473.00,"100 מ""ל",false,1,10.90,2.24,true,1,20167
7501013101430,false,גומקס פרסקו חמוציות,Unknown,,גומקס פרסקו חמוציות,,473.00,"100 מ""ל",false,1,8.90,1.82,true,1,20168
7501013101447,false,גומקס פרסקו רימון,Unknown,,גומקס פרסקו רימון,,473.00,"100 מ""ל",false,1,8.90,1.82,true,1,20169
7501013122053,false,גומקס אפרסק 1ל,Unknown,,גומקס אפרסק 1ל,,1.00,1 ליטר,false,1,9.90,9.90,true,1,22247
7501013122114,false,גומקס אננס 1ל,Unknown,,גומקס אננס 1ל,,1.00,1 ליטר,false,1,9.90,9.90,true,1,22248
7501013122992,false,גומקס קוקוס אננס,Unknown,,גומקס קוקוס אננס,,1.00,1 ליטר,false,1,9.90,9.90,true,1,22249
7501049936945,false,בירה סול 330 מל X6,Unknown,,בירה סול 330 מל X6,,1.98,1 ליטר,false,1,49.90,24.29,true,1,21105
7501064191398,false,בירה קורונה שישייה,Unknown,,בירה קורונה שישייה,,2.13,1 ליטר,false,1,39.90,17.89,true,1,21106
7501064196690,false,פחית קורונה 355,Unknown,,פחית קורונה 355,,355.00,"100 מ""ל",false,1,17.00,4.70,true,1,20589
7610113011652,false,בקרדי בריזר תפוח,Unknown,,בקרדי בריזר תפוח,,275.00,"100 מ""ל",false,1,18.90,6.76,true,1,24669
7610113013250,false,בקרדי מוחיטו פחית,Unknown,,בקרדי מוחיטו פחית,,260.00,"100 מ""ל",false,1,18.90,7.15,true,1,24050
7610113015780,false,בריזר סלצזר ל.ליים,Unknown,,בריזר סלצזר ל.ליים,,250.00,"100 מ""ל",false,1,16.90,6.64,true,1,26875
7610113015797,false,בריזר סלצזר פ.ליים,Unknown,,בריזר סלצזר פ.ליים,,250.00,"100 מ""ל",false,1,16.90,6.64,true,1,26876
7610400014649,false,לינדט שוקולד חלב,Unknown,,לינדט שוקולד חלב,,100.00,100 גרם,false,1,16.90,16.90,true,1,27456
7610400074155,false,לינדור בודד 60%,Unknown,,לינדור בודד 60%,,100.00,100 גרם,false,1,16.90,16.90,true,1,27463
7610400075770,false,לינדט לגרנד דארק 150,Unknown,,לינדט לגרנד דארק 150,,150.00,100 גרם,false,1,26.90,17.93,true,1,27464
7610400075787,false,לינדט לגרנד מילק,Unknown,,לינדט לגרנד מילק,,150.00,100 גרם,false,1,30.00,20.00,true,1,24846
7610400091060,false,לינדט אקסלנס אורנג,Unknown,,לינדט אקסלנס אורנג,,100.00,100 גרם,false,1,16.90,16.90,true,1,27461
7612800209694,false,לאקי סטרייק אדום,Unknown,,לאקי סטרייק אדום,,0.00,,false,1,31.50,0.00,false,1,18161
7612800209700,false,לאקי סטרייק אד.פאקט,Unknown,,לאקי סטרייק אד.פאקט,,0.00,,false,1,305.00,0.00,false,1,18162
7613030979647,false,טריקס 480 גר,Unknown,,טריקס 480 גר,,480.00,100 גרם,false,1,33.00,6.88,true,1,23697
7613032045753,false,פיטנס שוקולד 375 גר,Unknown,,פיטנס שוקולד 375 גר,,375.00,100 גרם,false,1,22.90,6.11,true,1,23670
7613033548192,false,פיטנס דגנים ש.מריר,Unknown,,פיטנס דגנים ש.מריר,,375.00,100 גרם,false,1,22.90,6.11,true,1,23677
7613035619050,false,חמשושים מצופים חלב,Unknown,,חמשושים מצופים חלב,,75.00,"100 מ""ל",false,1,10.90,14.53,true,1,16691
7613035809109,false,פרפקטו רוטב ע.בזיליק,Unknown,,פרפקטו רוטב ע.בזיליק,,400.00,100 גרם,false,1,11.50,2.88,false,1,23693
7613035809857,false,פרפקטו רוטב עגבניות,Unknown,,פרפקטו רוטב עגבניות,,400.00,100 גרם,false,1,11.50,2.88,true,1,23682
7613036520492,false,רוטב עגבניות,Unknown,,רוטב עגבניות,,400.00,100 גרם,false,1,11.50,2.88,true,1,24934
7613036576734,false,חמשושים בטעמים,Unknown,,חמשושים בטעמים,,60.00,100 גרם,false,1,10.90,18.17,true,1,19218
7613036878135,false,גרבר מחית ס.פירות,Unknown,,גרבר מחית ס.פירות,,190.00,100 גרם,false,1,7.50,3.95,true,1,24847
7613036880534,false,גרבר מחית מרק,Unknown,,גרבר מחית מרק,,190.00,100 גרם,false,1,7.50,3.95,true,1,23708
7613036880855,false,גרבר תפוח עץ ובננה,Unknown,,גרבר תפוח עץ ובננה,,190.00,100 גרם,false,1,7.50,3.95,true,1,23700
7613037204797,false,ס.בלונד אספרסו,Unknown,,ס.בלונד אספרסו,,450.00,100 גרם,false,1,55.00,12.22,false,1,22539
7613037204889,false,ס.פ.קפה אספרסו,Unknown,,ס.פ.קפה אספרסו,,450.00,100 גרם,false,1,55.00,12.22,false,1,22540
7613037686906,false,פיטנס שקדים ודבש,Unknown,,פיטנס שקדים ודבש,,355.00,100 גרם,false,1,22.90,6.45,true,1,23701
7613287008497,false,סטארבקס פייק פלייס,Unknown,,סטארבקס פייק פלייס,,450.00,100 גרם,false,1,55.00,12.22,false,1,22541
7613287302373,false,ק.ס.איטלאן סטיל רוסט,Unknown,,ק.ס.איטלאן סטיל רוסט,,10.00,יחידה,false,1,21.90,2.19,true,1,22499
7613600003796,false,פאל מאל סופרסלימס,Unknown,,פאל מאל סופרסלימס,,0.00,,false,1,297.00,0.00,false,1,19975
7613600003819,false,פאל מאל סופר סלים,Unknown,,פאל מאל סופר סלים,,0.00,,false,1,297.00,0.00,false,1,21137
7622010001858,false,אוראו עוגיות 176 גר,Unknown,,אוראו עוגיות 176 גר,,176.00,100 גרם,false,1,12.90,7.33,true,1,16854
7622201120931,false,מילקה ל.אוריאו 100ג,Unknown,,מילקה ל.אוריאו 100ג,,100.00,100 גרם,false,1,7.90,7.90,true,1,26877
7622201127206,false,ממרח ש.מילקה 350 ג,Unknown,,ממרח ש.מילקה 350 ג,,350.00,100 גרם,false,1,19.90,5.69,false,1,25090
7622201127398,false,מילקה אוראו מיניס,Unknown,,מילקה אוראו מיניס,,153.00,100 גרם,false,1,16.90,11.05,true,1,21934
7622201139278,false,פילדלפיה שמנה 27%,Unknown,,פילדלפיה שמנה 27%,,150.00,100 גרם,false,1,16.00,10.67,true,1,24978
7622201401900,false,עוגיות מילקה,Unknown,,עוגיות מילקה,,156.00,100 גרם,false,1,14.00,8.97,true,1,22251
7622201801809,false,מילקה שוקולד אגוז100,Unknown,,מילקה שוקולד אגוז100,,100.00,100 גרם,false,1,7.90,7.90,true,1,22745
7622201802363,false,מילקה צימוק אגוז100,Unknown,,מילקה צימוק אגוז100,,100.00,100 גרם,false,1,7.90,7.90,true,1,22744
7622201802394,false,מילקה שוקולד חלב100,Unknown,,מילקה שוקולד חלב100,,100.00,100 גרם,false,1,7.90,7.90,true,1,22743
7622201808631,false,אוראו מיני וניל,Unknown,,אוראו מיני וניל,,67.00,100 גרם,false,1,8.50,12.69,true,1,25076
7622201809188,false,ביסקויט מצופה שוקולד,Unknown,,ביסקויט מצופה שוקולד,,150.00,100 גרם,false,1,14.00,9.33,true,1,24992
7622201813390,false,וופל במילוי קרם קקאו,Unknown,,וופל במילוי קרם קקאו,,150.00,100 גרם,false,1,14.90,9.93,true,1,22319
7622201819552,false,מילקה דרק 85 ג,Unknown,,מילקה דרק 85 ג,,0.00,,false,1,8.90,0.00,true,1,27330
7622210078131,false,מילקה דיים 10גר,Unknown,,מילקה דיים 10גר,,100.00,100 גרם,false,1,7.90,7.90,true,1,22211
7622210137234,false,אוראו ע.דאבל קרים,Unknown,,אוראו ע.דאבל קרים,,0.00,,false,1,10.00,0.00,true,1,24636
7622210163899,false,מילקה עדשים 100גר,Unknown,,מילקה עדשים 100גר,,100.00,100 גרם,false,1,7.90,7.90,true,1,19012
7622210453327,false,מילקה סנסיישן 156ג,Unknown,,מילקה סנסיישן 156ג,,156.00,100 גרם,false,1,14.90,9.55,true,1,27791
7622210464729,false,אוראו גולדן 154 גרם,Unknown,,אוראו גולדן 154 גרם,,0.00,,false,1,10.00,0.00,true,1,24637
7622210597915,false,מילקה לבבות,Unknown,,מילקה לבבות,,110.00,100 גרם,false,1,14.90,13.55,true,1,21107
7622210637994,false,אוראו ביס קראנצי,Unknown,,אוראו ביס קראנצי,,110.00,100 גרם,false,1,12.00,10.91,true,1,21461
7622210638021,false,אורו קראנצי בייטס,Unknown,,אורו קראנצי בייטס,,110.00,100 גרם,false,1,12.00,10.91,true,1,22252
7622210645999,false,מילקה דארק שקדים 85,Unknown,,מילקה דארק שקדים 85,,85.00,100 גרם,false,1,8.90,10.47,true,1,21108
7622210646033,false,מילקה דרק 85 גרם,Unknown,,מילקה דרק 85 גרם,,85.00,100 גרם,false,1,8.90,10.47,true,1,21143
7622210826053,false,מילקה אוראו סנדביץ,Unknown,,מילקה אוראו סנדביץ,,92.00,100 גרם,false,1,7.90,8.59,true,1,21447
7622210829085,false,אוראו דקים וניל,Unknown,,אוראו דקים וניל,,96.00,100 גרם,false,1,8.90,9.27,true,1,20967
7622210829108,false,אוראו דקים שוקו,Unknown,,אוראו דקים שוקו,,96.00,100 גרם,false,1,8.90,9.27,false,1,20966
7622210835338,false,אוראו בראוניז 176ג,Unknown,,אוראו בראוניז 176ג,,176.00,100 גרם,false,1,12.90,7.33,true,1,22214
7622300200237,false,מילקה שוק.חלב 250ג,Unknown,,מילקה שוק.חלב 250ג,,250.00,100 גרם,false,1,20.00,8.00,true,1,23020
7622300315283,false,אוראו וניל בדצ 154,Unknown,,אוראו וניל בדצ 154,,100.00,100 גרם,false,1,10.00,10.00,true,1,23867
7622300356767,false,מילקה עוגיות גרנולה,Unknown,,מילקה עוגיות גרנולה,,0.00,,false,1,14.00,0.00,true,1,23830
7622300441715,false,עוגי.מילקה שוקו מיני,Unknown,,עוגי.מילקה שוקו מיני,,150.00,100 גרם,false,1,14.90,9.93,true,1,27790
7622300489427,false,אוראו בטעם שוקולדחדש,Unknown,,אוראו בטעם שוקולדחדש,,146.00,100 גרם,false,1,19.00,13.01,true,1,22212
7622300489434,false,אוראו בציפוי ש.חלב,Unknown,,אוראו בציפוי ש.חלב,,246.00,100 גרם,false,1,19.00,7.72,true,1,23829
7622300495046,false,מילקה א.קקאו 30%,Unknown,,מילקה א.קקאו 30%,,0.00,,false,1,7.90,0.00,true,1,23699
7622300498429,false,מילקה שוקולד תות 100,Unknown,,מילקה שוקולד תות 100,,100.00,100 גרם,false,1,7.90,7.90,true,1,23834
7622300503079,false,מילקה מו ביסקוויט200,Unknown,,מילקה מו ביסקוויט200,,200.00,100 גרם,false,1,14.00,7.00,true,1,21426
7622300617820,false,מילקה אוראו 100גר,Unknown,,מילקה אוראו 100גר,,100.00,100 גרם,false,1,7.90,7.90,true,1,18199
7622300772314,false,אוראו 66 גר - חדש,Unknown,,אוראו 66 גר - חדש,,66.00,100 גרם,false,1,4.50,6.82,true,1,13900
7622400005190,false,מילקה שוקולד לבן 100,Unknown,,מילקה שוקולד לבן 100,,100.00,100 גרם,false,1,7.90,7.90,true,1,23706
7630477891592,false,ק. סטארבקס האוס,Unknown,,ק. סטארבקס האוס,,10.00,יחידה,false,1,21.90,2.19,true,1,22107
7630477891639,false,ק. סטארבקס ורונה,Unknown,,ק. סטארבקס ורונה,,10.00,יחידה,false,1,21.90,2.19,true,1,22108
7630477891677,false,ק. סטארבקס פייק פ,Unknown,,ק. סטארבקס פייק פ,,10.00,יחידה,false,1,21.90,2.19,true,1,22109
7630477891691,false,ק. סטארבקס קולומביה,Unknown,,ק. סטארבקס קולומביה,,10.00,יחידה,false,1,21.90,2.19,true,1,22110
7630477891714,false,ק. סטארבקס אספרסו,Unknown,,ק. סטארבקס אספרסו,,10.00,יחידה,false,1,21.90,2.19,true,1,22111
7630477891738,false,ק. סטארבקס א.בלונד,Unknown,,ק. סטארבקס א.בלונד,,10.00,יחידה,false,1,21.90,2.19,true,1,22112
7640175742614,false,גין בומביי 200,Unknown,,גין בומביי 200,,200.00,"100 מ""ל",false,1,41.90,20.80,false,1,25955
7640175743451,false,פ.גין בומביי&טוניק,Unknown,,פ.גין בומביי&טוניק,,260.00,"100 מ""ל",false,1,18.00,6.81,true,1,24051
7702018366286,false,ס.סימפלי ונוס אישה,Unknown,,ס.סימפלי ונוס אישה,,3.00,יחידה,false,1,24.90,8.30,true,1,23377
7702018405145,false,גילט גל גילוח,Unknown,,גילט גל גילוח,,200.00,"100 מ""ל",false,1,22.00,11.00,true,1,24951
7702018462032,false,גילט מאך,Unknown,,גילט מאך,,4.00,יחידה,false,1,32.00,8.00,true,1,22347
7702018471423,false,גילט פיוזן רביעיות,Unknown,,גילט פיוזן רביעיות,,4.00,יחידה,false,1,42.90,10.72,true,1,22393
7702018978120,false,גילט דאו קליר 70 מל,Unknown,,גילט דאו קליר 70 מל,,70.00,"100 מ""ל",false,1,19.90,28.43,true,1,24379
7702018980857,false,גילט גילוח סירייס75,Unknown,,גילט גילוח סירייס75,,75.00,"100 מ""ל",false,1,10.00,13.33,true,1,17585
7751553004375,false,תערובת קינואה,Unknown,,תערובת קינואה,,210.00,100 גרם,false,1,9.90,4.71,true,1,26841
7792860006218,false,בייבי דול לקקן 24גר,Unknown,,בייבי דול לקקן 24גר,,24.00,100 גרם,false,1,3.30,13.75,true,1,4217
7798164800019,false,אוכמניות ליח,Unknown,,אוכמניות ליח,,125.00,100 גרם,false,1,22.00,17.60,true,1,23387
7798304600011,false,אוכמניות,Unknown,,אוכמניות,,1.00,יחידה,false,1,19.90,19.90,true,1,25850
7804655050037,false,אוכמניות top grade,Unknown,,אוכמניות top grade,,1.00,יחידה,false,1,19.90,19.90,true,1,25851
7840392000362,false,פחם 2 קג פרימיום,Unknown,,פחם 2 קג פרימיום,,2.00,"1 ק""ג",false,1,21.90,10.95,false,1,26988
7861500002740,false,לף בראון בק 330 מל,Unknown,,לף בראון בק 330 מל,,330.00,"100 מ""ל",false,1,14.00,4.15,true,1,26601
7861500002818,false,לף בראון בק 330 מל,Unknown,,לף בראון בק 330 מל,,1.98,1 ליטר,false,1,59.90,29.34,true,1,26602
7891024030974,false,קולגייט טריפל אקשן,Unknown,,קולגייט טריפל אקשן,,75.00,"100 מ""ל",false,1,7.90,10.53,true,1,23930
7891024124826,false,קולגייט אופטיק ווייט,Unknown,,קולגייט אופטיק ווייט,,75.00,"100 מ""ל",false,1,30.00,40.00,true,1,24525
8000070003545,false,ק. זהב אורו,Unknown,,ק. זהב אורו,,120.00,100 גרם,false,1,29.90,24.92,true,1,23905
8000070003774,false,ק.בורדו אינטסינמנטה2,Unknown,,ק.בורדו אינטסינמנטה2,,120.00,100 גרם,false,1,29.90,24.92,true,1,17809
8000070003798,false,ק. כתום דליזיומנטה2,Unknown,,ק. כתום דליזיומנטה2,,120.00,100 גרם,false,1,29.90,24.92,true,1,17810
8000070003811,false,ק. אדום אפסיונמנטה2,Unknown,,ק. אדום אפסיונמנטה2,,120.00,100 גרם,false,1,29.90,24.92,true,1,17811
8000070003842,false,ק. כחול קרמה (נטול)2,Unknown,,ק. כחול קרמה (נטול)2,,120.00,100 גרם,false,1,29.90,24.92,true,1,17812
8000070003880,false,ק.סגול דולצמנטה 2,Unknown,,ק.סגול דולצמנטה 2,,120.00,100 גרם,false,1,29.90,24.92,true,1,17813
8000070003972,false,קפסולות לילך סוואב2,Unknown,,קפסולות לילך סוואב2,,120.00,100 גרם,false,1,29.90,24.92,true,1,17817
8000070010215,false,קפסולות ת.נספרסו דלי,Unknown,,קפסולות ת.נספרסו דלי,,10.00,יחידה,false,1,15.90,1.59,true,1,22317
8000070029637,false,פולי לוואצה פיו,Unknown,,פולי לוואצה פיו,,1.00,יחידה,false,1,89.00,89.00,false,1,25192
8000070043381,false,פ.לוואצה פיאנו גוסטו,Unknown,,פ.לוואצה פיאנו גוסטו,,1.00,יחידה,false,1,69.00,69.00,false,1,25193
8000070053465,false,לוואצה אורו חוזק 8,Unknown,,לוואצה אורו חוזק 8,,0.00,,false,1,19.90,0.00,true,1,28164
8000070053472,false,לוואצה א.קלאסיקו 12,Unknown,,לוואצה א.קלאסיקו 12,,0.00,,false,1,19.90,0.00,true,1,28165
8000070053502,false,לוואצה נטול קפאין  7,Unknown,,לוואצה נטול קפאין  7,,0.00,,false,1,19.90,0.00,true,1,28166
8000070053526,false,לוואצה רוסה חוזק 10,Unknown,,לוואצה רוסה חוזק 10,,0.00,,false,1,19.90,0.00,true,1,28167
8000070055254,false,לוואצה קרמה גוסטו 13,Unknown,,לוואצה קרמה גוסטו 13,,0.00,,false,1,19.90,0.00,true,1,28168
8000070059832,false,לוואצה גוסטו ריקו 11,Unknown,,לוואצה גוסטו ריקו 11,,0.00,,false,1,19.90,0.00,true,1,28169
8000070063396,false,ק. סגולה דיוינו 2,Unknown,,ק. סגולה דיוינו 2,,0.00,,false,1,29.90,0.00,true,1,27968
8000070064553,false,לוואצה רוסה AMM10,Unknown,,לוואצה רוסה AMM10,,0.00,,false,1,29.90,0.00,true,1,28063
8000070064577,false,לוואצה אורו AMM8,Unknown,,לוואצה אורו AMM8,,0.00,,false,1,29.90,0.00,true,1,28064
8000070081024,false,נ. לוואצה הרמוניקו 8,Unknown,,נ. לוואצה הרמוניקו 8,,10.00,יחידה,false,1,15.90,1.59,true,1,22116
8000070081031,false,נספרסו לוואצה דיצו10,Unknown,,נספרסו לוואצה דיצו10,,10.00,יחידה,false,1,15.90,1.59,true,1,22117
8000070081093,false,לוואצה ת.נספרסו נטול,Unknown,,לוואצה ת.נספרסו נטול,,10.00,יחידה,false,1,15.90,1.59,true,1,22118
8000070081154,false,לוואצה ת.נספרסו לגרו,Unknown,,לוואצה ת.נספרסו לגרו,,10.00,יחידה,false,1,15.90,1.59,true,1,22120
8000070086005,false,ק. אדום אפסיונמנטה 3,Unknown,,ק. אדום אפסיונמנטה 3,,120.00,100 גרם,false,1,29.90,24.92,true,1,19944
8000070086012,false,ק. כתום דליזיומנטה 3,Unknown,,ק. כתום דליזיומנטה 3,,120.00,100 גרם,false,1,29.90,24.92,true,1,19945
8000070086029,false,ק.בורדו אינטסינמנטה3,Unknown,,ק.בורדו אינטסינמנטה3,,120.00,100 גרם,false,1,29.90,24.92,true,1,19946
8000070086036,false,קפסולות קרמה נטול3,Unknown,,קפסולות קרמה נטול3,,120.00,100 גרם,false,1,29.90,24.92,true,1,19947
8000070086494,false,ק.סגול דולצמנטה 3,Unknown,,ק.סגול דולצמנטה 3,,120.00,100 גרם,false,1,29.90,24.92,true,1,19948
8000070087200,false,קפסולות לילך סוואב 3,Unknown,,קפסולות לילך סוואב 3,,120.00,100 גרם,false,1,29.90,24.92,true,1,14540
8000070088177,false,ק. סגולה דיוינו,Unknown,,ק. סגולה דיוינו,,120.00,100 גרם,false,1,29.90,24.92,true,1,23906
8000300367836,false,קראנץ פופס,Unknown,,קראנץ פופס,,82.00,100 גרם,false,1,11.00,13.41,true,1,17524
8000380003723,false,לואקר פטיסרי אגוז,Unknown,,לואקר פטיסרי אגוז,,100.00,100 גרם,false,1,15.90,15.90,true,1,1119
8000380003761,false,לואקר פטיסרי קוקוס,Unknown,,לואקר פטיסרי קוקוס,,100.00,100 גרם,false,1,15.90,15.90,true,1,1121
8000380004676,false,וופל לואקר,Unknown,,וופל לואקר,,200.00,100 גרם,false,1,16.90,8.45,true,1,12425
8000380004911,false,קואדרטיני אגוז 250 ג,Unknown,,קואדרטיני אגוז 250 ג,,250.00,100 גרם,false,1,19.50,7.80,true,1,438
8000380004942,false,קואדרטיני וניל 250גר,Unknown,,קואדרטיני וניל 250גר,,250.00,100 גרם,false,1,19.50,7.80,true,1,13076
8000380004966,false,קואדרטיני קקאו 250 ג,Unknown,,קואדרטיני קקאו 250 ג,,250.00,100 גרם,false,1,19.50,7.80,true,1,1123
8000380005918,false,לואקר קואדרטיני אגוז,Unknown,,לואקר קואדרטיני אגוז,,125.00,100 גרם,false,1,10.00,8.00,true,1,14096
8000380005963,false,לואקר קואדרטיני,Unknown,,לואקר קואדרטיני,,125.00,100 גרם,false,1,10.00,8.00,true,1,14095
8000380007219,false,לואקר אגוז 175 גרם,Unknown,,לואקר אגוז 175 גרם,,175.00,100 גרם,false,1,15.90,9.09,true,1,1124
8000380007257,false,גרדנה וופל 200 גר,Unknown,,גרדנה וופל 200 גר,,200.00,100 גרם,false,1,16.90,8.45,true,1,12163
8000380007264,false,לואקר קקאו 175 גרם,Unknown,,לואקר קקאו 175 גרם,,175.00,100 גרם,false,1,15.90,9.09,true,1,1125
8000380106028,false,טורטינה שוקולד חלב,Unknown,,טורטינה שוקולד חלב,,125.00,100 גרם,false,1,22.00,17.60,true,1,23727
8000380142484,false,קואדרטיני ש.מריר 250,Unknown,,קואדרטיני ש.מריר 250,,250.00,100 גרם,false,1,19.50,7.80,true,1,10802
8000380144044,false,וופל גרדנה שוקולד,Unknown,,וופל גרדנה שוקולד,,200.00,100 גרם,false,1,16.90,8.45,true,1,16091
8000380153442,false,ופל לואקר קרם אגוזים,Unknown,,ופל לואקר קרם אגוזים,,90.00,100 גרם,false,1,9.50,10.56,true,1,18124
8000380153466,false,וופל לואקר שוקולד,Unknown,,וופל לואקר שוקולד,,90.00,100 גרם,false,1,9.50,10.56,true,1,18125
8000380153534,false,טורטינה ש.לבן שישייה,Unknown,,טורטינה ש.לבן שישייה,,126.00,100 גרם,false,1,22.00,17.46,true,1,24052
8000380156573,false,בונבוניירת דולומיטים,Unknown,,בונבוניירת דולומיטים,,150.00,100 גרם,false,1,24.90,16.60,true,1,16092
8000380157440,false,לואקר שוקולד אגוז,Unknown,,לואקר שוקולד אגוז,,85.00,100 גרם,false,1,11.00,12.94,true,1,18050
8000380180721,false,לואקר שוקו חלב,Unknown,,לואקר שוקו חלב,,175.00,100 גרם,false,1,15.90,9.09,true,1,22188
8000380180745,false,קואדרטיני שוקו חלב,Unknown,,קואדרטיני שוקו חלב,,250.00,100 גרם,false,1,19.50,7.80,true,1,22189
8000380180783,false,קואדרטיני שוקולד חלב,Unknown,,קואדרטיני שוקולד חלב,,125.00,100 גרם,false,1,10.00,8.00,true,1,18385
8000380180837,false,לואקר פטיסרי קוקוס,Unknown,,לואקר פטיסרי קוקוס,,100.00,100 גרם,false,1,15.90,15.90,true,1,24001
8000380184323,false,שוקולד לואקר מריר87ג,Unknown,,שוקולד לואקר מריר87ג,,87.00,100 גרם,false,1,11.00,12.64,true,1,18238
8000380187119,false,עוגיות לואקר פטיסרי,Unknown,,עוגיות לואקר פטיסרי,,100.00,100 גרם,false,1,15.90,15.90,true,1,21459
8000380187249,false,עוגיות לואקר פטיסרי,Unknown,,עוגיות לואקר פטיסרי,,100.00,100 גרם,false,1,15.90,15.90,true,1,21460
8000380187775,false,לואקר גרדנה,Unknown,,לואקר גרדנה,,136.00,100 גרם,false,1,7.90,5.81,true,1,28170
8000380201396,false,טורטינה קרמל מארז 6,Unknown,,טורטינה קרמל מארז 6,,126.00,100 גרם,false,1,23.90,18.97,true,1,25006
8000380205400,false,קואדרטיני ח.בוטנים,Unknown,,קואדרטיני ח.בוטנים,,1.00,יחידה,false,1,19.50,19.50,true,1,27209
8000380205523,false,לואקר ח.בוטנים 175ג,Unknown,,לואקר ח.בוטנים 175ג,,1.00,יחידה,false,1,15.90,15.90,true,1,27210
8000380206896,false,גרדנה ח.בוטנים 200ג,Unknown,,גרדנה ח.בוטנים 200ג,,1.00,יחידה,false,1,16.90,16.90,true,1,27211
8000380207183,false,טורטינה ח.בוטנים,Unknown,,טורטינה ח.בוטנים,,1.00,יחידה,false,1,23.90,23.90,true,1,27212
8000500018828,false,שוקולד קינדר אצבעות,Unknown,,שוקולד קינדר אצבעות,,300.00,100 גרם,false,1,26.90,8.97,true,1,26603
8000500023624,false,הפי היפו חמישיות,Unknown,,הפי היפו חמישיות,,105.00,100 גרם,false,1,16.90,16.10,true,1,12336
8000500023976,false,רפאלו בונבוניירה,Unknown,,רפאלו בונבוניירה,,150.00,100 גרם,false,1,24.90,16.60,true,1,11733
8000500026731,false,קינדר 1/3 ביצי הפתעה,Unknown,,קינדר 1/3 ביצי הפתעה,,63.00,100 גרם,false,1,21.00,33.33,true,1,439
8000500028124,false,קינדר גוי שלישייה,Unknown,,קינדר גוי שלישייה,,180.00,100 גרם,false,1,22.90,12.72,true,1,12494
8000500029350,false,קינדר בואנו 43גר*3,Unknown,,קינדר בואנו 43גר*3,,132.00,100 גרם,false,1,14.90,11.29,true,1,11573
8000500037874,false,רושה בונבוניירה 200,Unknown,,רושה בונבוניירה 200,,200.00,100 גרם,false,1,30.00,15.00,true,1,782
8000500075708,false,קינדר גוי שלישייה,Unknown,,קינדר גוי שלישייה,,63.00,100 גרם,false,1,21.00,33.33,true,1,15417
8000500121436,false,קינדר בואנו לבן 3*43,Unknown,,קינדר בואנו לבן 3*43,,132.00,100 גרם,false,1,14.90,11.29,true,1,24849
8000500126325,false,קינדר גוי שליש ורוד,Unknown,,קינדר גוי שליש ורוד,,63.00,100 גרם,false,1,21.00,33.33,true,1,15418
8000500160466,false,פררו רושה 70 גרם,Unknown,,פררו רושה 70 גרם,,70.00,100 גרם,false,1,17.90,25.57,false,1,27969
8000500164242,false,רפאלו 70 גרם,Unknown,,רפאלו 70 גרם,,75.00,100 גרם,false,1,17.90,23.87,true,1,27970
8000500170359,false,ביצת הפתעה מקסי בנות,Unknown,,ביצת הפתעה מקסי בנות,,100.00,100 גרם,false,1,27.90,27.90,true,1,26604
8000500172810,false,טיק טק תות מנטה*4,Unknown,,טיק טק תות מנטה*4,,64.00,100 גרם,false,1,11.90,18.59,true,1,27444
8000500217740,false,מ.קינדר בואנו מיני,Unknown,,מ.קינדר בואנו מיני,,86.00,100 גרם,false,1,13.50,15.70,true,1,20512
8000500224281,false,נוטלה בי רדי 22ג,Unknown,,נוטלה בי רדי 22ג,,22.60,100 גרם,false,1,3.90,17.26,true,1,21734
8000500227848,false,נוטלה בי רדי 132ג,Unknown,,נוטלה בי רדי 132ג,,136.00,100 גרם,false,1,13.50,9.93,true,1,24644
8000500247150,false,פררו קולקשיו 172 גר,Unknown,,פררו קולקשיו 172 גר,,172.00,100 גרם,false,1,30.00,17.44,true,1,18988
8000500248331,false,פררו קולקשיין 172גר,Unknown,,פררו קולקשיין 172גר,,172.00,100 גרם,false,1,24.90,14.48,true,1,27971
8000500249352,false,קינדר בואנו מיני,Unknown,,קינדר בואנו מיני,,205.00,100 גרם,false,1,24.90,12.15,true,1,24850
8000500256213,false,קינדר שוקולד מיני120,Unknown,,קינדר שוקולד מיני120,,120.00,100 גרם,false,1,14.00,11.67,true,1,24851
8000500267035,false,קינדר דליס בודד,Unknown,,קינדר דליס בודד,,42.00,100 גרם,false,1,4.00,9.52,true,1,19562
8000500267103,false,קינדר דליס *10,Unknown,,קינדר דליס *10,,390.00,100 גרם,false,1,25.00,6.41,true,1,19563
8000500353738,false,טיק טק מנטה חזק*4,Unknown,,טיק טק מנטה חזק*4,,64.00,100 גרם,false,1,11.90,18.59,true,1,27445
8000500374429,false,כדור פררו חלב כשלפ,Unknown,,כדור פררו חלב כשלפ,,125.00,100 גרם,false,1,19.90,15.92,true,1,26605
8000500374542,false,כדור פררו מריר כשלפ,Unknown,,כדור פררו מריר כשלפ,,125.00,100 גרם,false,1,19.90,15.92,true,1,26606
8000570283607,false,מרטיני אסטי מבעבע,Unknown,,מרטיני אסטי מבעבע,,750.00,"100 מ""ל",false,1,74.90,9.95,false,1,25956
8000920704967,false,בן&גריס שורטי צנאק,Unknown,,בן&גריס שורטי צנאק,,114.00,100 גרם,false,1,11.80,10.35,true,1,8651
8000920704974,false,בן&גריס שורטי שוקול,Unknown,,בן&גריס שורטי שוקול,,108.00,100 גרם,false,1,11.80,10.93,true,1,8649
8000920704998,false,בן&גריס שורטי עוגיו,Unknown,,בן&גריס שורטי עוגיו,,111.00,100 גרם,false,1,11.80,10.63,true,1,8650
8001003202028,false,יוגטה גלי טעם מנטה,Unknown,,יוגטה גלי טעם מנטה,,80.00,100 גרם,false,1,6.90,8.62,true,1,27213
8001003202035,false,יוגטה גלי טעם פירות,Unknown,,יוגטה גלי טעם פירות,,80.00,100 גרם,false,1,6.90,8.62,true,1,27214
8001090721099,false,אריאל קפסולות לכביסה,Unknown,,אריאל קפסולות לכביסה,,27.00,יחידה,false,1,39.90,1.48,false,1,24590
8001090721129,false,אריאל ק. לכביסה,Unknown,,אריאל ק. לכביסה,,27.00,יחידה,false,1,37.00,1.37,true,1,24639
8001090810083,false,מרכך פנטן קלאסי 500,Unknown,,מרכך פנטן קלאסי 500,,500.00,"100 מ""ל",false,1,19.90,3.98,false,1,24591
8001090810205,false,שמפו פנטן קלאס 500,Unknown,,שמפו פנטן קלאס 500,,500.00,"100 מ""ל",false,1,19.90,3.98,false,1,24592
8001090833167,false,אריאל גל הרים 2.36,Unknown,,אריאל גל הרים 2.36,,2.37,1 ליטר,false,1,33.00,13.95,true,1,24594
8001090899194,false,אולוויז פלטינום,Unknown,,אולוויז פלטינום,,24.00,יחידה,false,1,23.90,1.00,true,1,24852
8001090899224,false,אולוויז פלטינום לונג,Unknown,,אולוויז פלטינום לונג,,20.00,יחידה,false,1,23.90,1.20,true,1,24853
8001090899255,false,אולוויז פלטינום לילה,Unknown,,אולוויז פלטינום לילה,,16.00,יחידה,false,1,23.90,1.49,true,1,24854
8001160001786,false,גטורייד קול בלו,Unknown,,גטורייד קול בלו,,500.00,"100 מ""ל",false,1,10.90,2.12,true,1,15380
8001160001892,false,גטורייד פקק תפוז,Unknown,,גטורייד פקק תפוז,,500.00,"100 מ""ל",false,1,10.90,2.12,true,1,15381
8001250120120,false,פסטה ספגטי,Unknown,,פסטה ספגטי,,500.00,100 גרם,false,1,10.90,2.18,false,1,24649
8001250120410,false,פסטה פנה דה,Unknown,,פסטה פנה דה,,500.00,100 גרם,false,1,10.90,2.18,false,1,24650
8001250250018,false,שמן זית כתית,Unknown,,שמן זית כתית,,750.00,"100 מ""ל",false,1,42.90,5.72,false,1,24651
8001620015612,false,סן בנדטו תפוז גזר400,Unknown,,סן בנדטו תפוז גזר400,,400.00,"100 מ""ל",false,1,12.90,3.15,true,1,22542
8001620015629,false,ס.בנדטו ת.אדום 400,Unknown,,ס.בנדטו ת.אדום 400,,400.00,"100 מ""ל",false,1,9.90,2.40,true,1,25194
8001620015636,false,סן בנדטו מ.פירות,Unknown,,סן בנדטו מ.פירות,,400.00,"100 מ""ל",false,1,12.90,3.15,true,1,22543
8001620018408,false,סן בנדטו מנגו תפוח,Unknown,,סן בנדטו מנגו תפוח,,400.00,"100 מ""ל",false,1,12.90,3.15,true,1,25299
8001620019160,false,סן בנדטו אפרסק 400מל,Unknown,,סן בנדטו אפרסק 400מל,,400.00,"100 מ""ל",false,1,12.90,3.15,true,1,27972
8001620019177,false,סן בנדטו ענבים 400מל,Unknown,,סן בנדטו ענבים 400מל,,400.00,"100 מ""ל",false,1,12.90,3.15,true,1,27973
8001730202964,false,קלאסיקו ת. אמודו מיו,Unknown,,קלאסיקו ת. אמודו מיו,,120.00,100 גרם,false,1,28.00,23.33,true,1,19447
8001730203008,false,סופרימו ת. אמודו מיו,Unknown,,סופרימו ת. אמודו מיו,,120.00,100 גרם,false,1,28.00,23.33,true,1,19449
8001730203022,false,דיקפינאטו ת.אמודו מי,Unknown,,דיקפינאטו ת.אמודו מי,,120.00,100 גרם,false,1,28.00,23.33,true,1,19450
8001730203060,false,סופרימו תואם נספרסו,Unknown,,סופרימו תואם נספרסו,,55.00,100 גרם,false,1,17.50,31.82,true,1,19565
8001730203121,false,דיקפנאטו תואם נספרסו,Unknown,,דיקפנאטו תואם נספרסו,,55.00,100 גרם,false,1,17.50,31.82,true,1,19568
8001730204340,false,בנפיסיאו ת.אמודו מיו,Unknown,,בנפיסיאו ת.אמודו מיו,,120.00,100 גרם,false,1,28.00,23.33,true,1,20449
8001841062624,false,מגבוני פמפרס,Unknown,,מגבוני פמפרס,,208.00,יחידה,false,1,18.90,0.09,false,1,26104
8001841077949,false,פמפרס מגבונים,Unknown,,פמפרס מגבונים,,208.00,יחידה,false,1,18.90,0.09,false,1,26105
8001841625188,false,פיירי פלטינום לימון,Unknown,,פיירי פלטינום לימון,,515.00,"100 מ""ל",false,1,12.00,2.33,true,1,25070
8001841625461,false,פיירי פלטינום אורגינ,Unknown,,פיירי פלטינום אורגינ,,515.00,"100 מ""ל",false,1,12.00,2.33,true,1,22667
8001841625508,false,פיירי פלטינום,Unknown,,פיירי פלטינום,,1.01,1 ליטר,false,1,22.00,21.67,true,1,24952
8001841716596,false,הד&שולדרס גל רחצה,Unknown,,הד&שולדרס גל רחצה,,360.00,"100 מ""ל",false,1,19.90,5.53,false,1,23154
8001906998561,false,פרוסקו כשר,Unknown,,פרוסקו כשר,,750.00,"100 מ""ל",false,1,62.90,8.35,false,1,25913
8002230000012,false,אפרול 1 ליטר,Unknown,,אפרול 1 ליטר,,1.00,1 ליטר,false,1,135.00,134.70,true,1,22529
8002267002270,false,פולרטי להקפאה 240ג,Unknown,,פולרטי להקפאה 240ג,,400.00,"100 מ""ל",false,1,9.90,2.48,true,1,27457
8002270216800,false,סן פלגרינו ג.לימון,Unknown,,סן פלגרינו ג.לימון,,500.00,"100 מ""ל",false,1,9.90,1.92,true,1,26821
8002270236792,false,סן פלגרינו ג.לימון*6,Unknown,,סן פלגרינו ג.לימון*6,,3.00,1 ליטר,false,1,29.90,9.37,true,1,26820
8002270236808,false,סן פלגרינו תפוז ופטל,Unknown,,סן פלגרינו תפוז ופטל,,500.00,"100 מ""ל",false,1,9.90,1.92,true,1,26823
8002270256790,false,סן פלגרינו ת.פטל*6,Unknown,,סן פלגרינו ת.פטל*6,,3.00,1 ליטר,false,1,29.90,9.37,true,1,26822
8002270846472,false,סן פלגרינו 500 מל,Unknown,,סן פלגרינו 500 מל,,500.00,"100 מ""ל",false,1,11.00,2.14,true,1,14305
8003207997878,false,וילה גובאני קיאנטי,Unknown,,וילה גובאני קיאנטי,,750.00,"100 מ""ל",false,1,69.90,9.28,false,1,25914
8004030022010,false,3יו מרה ירקות גינה,Unknown,,3יו מרה ירקות גינה,,160.00,100 גרם,false,1,20.90,13.06,true,1,24855
8004030026018,false,ריו מרה מקסיקני,Unknown,,ריו מרה מקסיקני,,160.00,100 גרם,false,1,20.90,13.06,true,1,24856
8004030044005,false,ריו מרה טונה שמן זית,Unknown,,ריו מרה טונה שמן זית,,160.00,100 גרם,false,1,20.00,12.50,true,1,24857
8004030102033,false,ריו מרה טונה לימון,Unknown,,ריו מרה טונה לימון,,240.00,100 גרם,false,1,29.00,12.08,true,1,24858
8004030177000,false,ריו מרה טונה צילי,Unknown,,ריו מרה טונה צילי,,240.00,100 גרם,false,1,29.00,12.08,true,1,24859
8004030344938,false,ריו מרה טונה 3X80 ג,Unknown,,ריו מרה טונה 3X80 ג,,240.00,100 גרם,false,1,29.00,12.08,true,1,24860
8004735030662,false,ביצי שוקולד סמיילי,Unknown,,ביצי שוקולד סמיילי,,60.00,100 גרם,false,1,19.90,33.17,true,1,9883
8004735092820,false,ביצי שוקולד ווינקס,Unknown,,ביצי שוקולד ווינקס,,60.00,100 גרם,false,1,19.90,33.17,true,1,27610
8005110002243,false,רכז עגבניות 185 גר,Unknown,,רכז עגבניות 185 גר,,185.00,100 גרם,false,1,8.90,4.81,false,1,25085
8005110170300,false,מוטי עגבניות מרוסקות,Unknown,,מוטי עגבניות מרוסקות,,1.20,100 גרם,false,1,18.90,1575.00,false,1,25086
8006290803514,false,פררלה מים מינרליים,Unknown,,פררלה מים מינרליים,,330.00,"100 מ""ל",false,1,7.00,2.03,true,1,17280
8007178120310,false,גקובזי חומץ בלסמי,Unknown,,גקובזי חומץ בלסמי,,500.00,"100 מ""ל",false,1,24.00,4.80,true,1,24640
8015925802198,false,נוזל ניקוי מכונת קפה,Unknown,,נוזל ניקוי מכונת קפה,,250.00,"100 מ""ל",false,1,59.50,23.80,true,1,11848
8032880800243,false,פיקניק הפתעה 50 גר,Unknown,,פיקניק הפתעה 50 גר,,50.00,100 גרם,false,1,10.00,20.00,true,1,8133
8033275522368,false,מונטארו קיאנטי כשר,Unknown,,מונטארו קיאנטי כשר,,750.00,"100 מ""ל",false,1,64.90,8.61,false,1,25915
8058776640939,false,מ.מניעת ש.ילדים ברכב,Unknown,,מ.מניעת ש.ילדים ברכב,,1.00,יחידה,false,1,239.00,239.00,false,1,22770
8076800195033,false,ברילה ספגטי 3 500גר,Unknown,,ברילה ספגטי 3 500גר,,500.00,100 גרם,false,1,9.50,1.90,true,1,23561
8076800195057,false,ברילה ספגטי מס5 500,Unknown,,ברילה ספגטי מס5 500,,500.00,100 גרם,false,1,9.50,1.90,true,1,17055
8076802085738,false,ברילה צ.ק פנה רגטה,Unknown,,ברילה צ.ק פנה רגטה,,500.00,100 גרם,false,1,9.50,1.90,true,1,17056
8076802085981,false,ברילה פוזילי  500גרם,Unknown,,ברילה פוזילי  500גרם,,500.00,100 גרם,false,1,9.50,1.90,true,1,17057
8076808060654,false,ברילה פרפלה מס 65,Unknown,,ברילה פרפלה מס 65,,500.00,100 גרם,false,1,9.50,1.90,true,1,25623
8076808070882,false,ברילה קנלוני 500גר,Unknown,,ברילה קנלוני 500גר,,500.00,100 גרם,false,1,15.90,3.18,true,1,24862
8076808150072,false,ברילה ספגטי 7 500גר,Unknown,,ברילה ספגטי 7 500גר,,500.00,100 גרם,false,1,9.50,1.90,true,1,23961
8076809512268,false,ברילה גירנדולה 34,Unknown,,ברילה גירנדולה 34,,500.00,100 גרם,false,1,9.50,1.90,true,1,24277
8076809513388,false,ברילה רוטב ארביאטה,Unknown,,ברילה רוטב ארביאטה,,400.00,100 גרם,false,1,16.90,4.22,true,1,24863
8076809513395,false,רוטב פומודורו ברילה,Unknown,,רוטב פומודורו ברילה,,400.00,100 גרם,false,1,16.90,4.22,true,1,20239
8076809513654,false,רוטב עגבניות לבולונז,Unknown,,רוטב עגבניות לבולונז,,400.00,"100 מ""ל",false,1,16.50,4.12,true,1,23962
8076809513692,false,רוטב לפסטה 400 גר,Unknown,,רוטב לפסטה 400 גר,,400.00,100 גרם,false,1,16.90,4.22,true,1,20834
8076809513739,false,ברילה רוטב בזילקום,Unknown,,ברילה רוטב בזילקום,,400.00,100 גרם,false,1,16.90,4.22,true,1,20240
8076809523561,false,רוטב פסטה טוסקנה,Unknown,,רוטב פסטה טוסקנה,,400.00,100 גרם,false,1,16.90,4.22,true,1,24864
8076809523738,false,ברילה לזניה 500 גר,Unknown,,ברילה לזניה 500 גר,,500.00,100 גרם,false,1,28.90,5.78,true,1,20829
8076809529433,false,ברילה פנה רגטה 500גר,Unknown,,ברילה פנה רגטה 500גר,,500.00,100 גרם,false,1,15.90,3.18,true,1,24865
8076809545440,false,ברילה קמח תירס,Unknown,,ברילה קמח תירס,,400.00,100 גרם,false,1,17.50,4.38,true,1,25653
8410076600622,false,נייצר וואלי גרנולה5,Unknown,,נייצר וואלי גרנולה5,,210.00,100 גרם,false,1,19.00,9.05,true,1,24451
8410076610386,false,נ.וואלי פרוטאין בוטנ,Unknown,,נ.וואלי פרוטאין בוטנ,,160.00,100 גרם,false,1,29.00,18.12,true,1,25686
8410076611031,false,נייטשר ו.FRUIT & NUT,Unknown,,נייטשר ו.FRUIT & NUT,,163.00,100 גרם,false,1,19.00,11.66,true,1,25037
8410076611048,false,נייטשר ו.FRUIT & NUT,Unknown,,נייטשר ו.FRUIT & NUT,,163.00,100 גרם,false,1,19.00,11.66,true,1,25038
8410076620354,false,מ.חטיפים ש.שועל ח.בו,Unknown,,מ.חטיפים ש.שועל ח.בו,,152.00,100 גרם,false,1,19.00,12.50,true,1,25671
8410076620361,false,מ.חטיפים ממולאים בשי,Unknown,,מ.חטיפים ממולאים בשי,,152.00,100 גרם,false,1,19.00,12.50,true,1,25672
8410076620507,false,נ.וואלי קרם אגוזילוז,Unknown,,נ.וואלי קרם אגוזילוז,,152.00,100 גרם,false,1,19.00,12.50,true,1,23937
8410076621047,false,פייבר וואן בראוניז,Unknown,,פייבר וואן בראוניז,,120.00,100 גרם,false,1,25.00,20.83,true,1,24704
8410076800633,false,נייטשר וואלי ש.מריר,Unknown,,נייטשר וואלי ש.מריר,,42.00,100 גרם,false,1,6.00,14.29,true,1,14996
8410202330010,false,פ.ריח אורגני לימון,Unknown,,פ.ריח אורגני לימון,,0.00,,false,1,15.00,0.00,true,1,18203
8410202330027,false,פ.ריח אורגני LD וניל,Unknown,,פ.ריח אורגני LD וניל,,0.00,,false,1,15.00,0.00,true,1,19518
8410202330034,false,פ.ריח אורגני קוקוס,Unknown,,פ.ריח אורגני קוקוס,,0.00,,false,1,15.00,0.00,true,1,18204
8410202330119,false,פ.ריח אורגני דובדבן,Unknown,,פ.ריח אורגני דובדבן,,0.00,,false,1,15.00,0.00,true,1,18205
8410202330126,false,פ.ריח אורגני רכב חדש,Unknown,,פ.ריח אורגני רכב חדש,,0.00,,false,1,15.00,0.00,true,1,18206
8410202330140,false,פ.ריח אורגני עשןנמוג,Unknown,,פ.ריח אורגני עשןנמוג,,0.00,,false,1,15.00,0.00,true,1,18207
8410202330263,false,פ.ריח אורגני מסטיק,Unknown,,פ.ריח אורגני מסטיק,,0.00,,false,1,15.00,0.00,true,1,18208
8410202330317,false,פ.ריח אורגני  CANDY,Unknown,,פ.ריח אורגני  CANDY,,0.00,,false,1,15.00,0.00,true,1,19519
8410202330454,false,פ.ריח אורגני קולבלאק,Unknown,,פ.ריח אורגני קולבלאק,,0.00,,false,1,15.00,0.00,true,1,18209
8410441000576,false,פאוסטינו אדום VIכשר,Unknown,,פאוסטינו אדום VIכשר,,750.00,"100 מ""ל",false,1,79.90,10.61,false,1,25916
8410793022837,false,בירה אסטריה מארז 4,Unknown,,בירה אסטריה מארז 4,,1.32,"100 מ""ל",false,1,54.90,4068.18,true,1,23816
8410793282934,false,בירה אסטריה 330 מל,Unknown,,בירה אסטריה 330 מל,,330.00,"100 מ""ל",false,1,19.90,5.94,true,1,23725
8414775011680,false,נ.כסוף גדול +פילטר,Unknown,,נ.כסוף גדול +פילטר,,0.00,,false,1,9.00,0.00,false,1,20544
8414775012298,false,נייר smk בינוני+פילט,Unknown,,נייר smk בינוני+פילט,,0.00,,false,1,8.00,0.00,false,1,20545
8414775012328,false,נייר smk גדול+פילטר,Unknown,,נייר smk גדול+פילטר,,0.00,,false,1,9.00,0.00,false,1,20546
8414775013530,false,נייר חום בינוני+פיל,Unknown,,נייר חום בינוני+פיל,,0.00,,false,1,8.00,0.00,false,1,20547
8414775015879,false,נייר smk קטן+פילטר,Unknown,,נייר smk קטן+פילטר,,0.00,,false,1,7.00,0.00,false,1,20549
8414775019365,false,נייר חום גדול+פילטר,Unknown,,נייר חום גדול+פילטר,,0.00,,false,1,9.00,0.00,true,1,20778
8414775019860,false,נייר פיור קטן,Unknown,,נייר פיור קטן,,0.00,,false,1,4.00,0.00,false,1,20550
8414775019945,false,נ.ג קטן בלי פילטר.,Unknown,,נ.ג קטן בלי פילטר.,,0.00,,false,1,4.00,0.00,false,1,20551
8414775019969,false,נייר כסוף קטן,Unknown,,נייר כסוף קטן,,0.00,,false,1,4.00,0.00,false,1,20552
8414775020026,false,פילטר 6 ממ ארוך,Unknown,,פילטר 6 ממ ארוך,,0.00,,false,1,4.00,0.00,true,1,20553
8414775020040,false,פילטר 6 ממ,Unknown,,פילטר 6 ממ,,0.00,,false,1,4.00,0.00,true,1,20554
8420708012822,false,גבינת קשקבל ספרדי,Unknown,,גבינת קשקבל ספרדי,,200.00,100 גרם,false,1,21.90,10.95,true,1,26255
8420708018817,false,גבינת מנצגו 150ג,Unknown,,גבינת מנצגו 150ג,,150.00,100 גרם,false,1,25.90,17.27,true,1,26256
8423207206488,false,מ.מרבה שוקולד חלב,Unknown,,מ.מרבה שוקולד חלב,,120.00,100 גרם,false,1,14.90,12.42,true,1,21126
8423207206495,false,מרבה שוקולד מריר חדש,Unknown,,מרבה שוקולד מריר חדש,,120.00,100 גרם,false,1,14.90,12.42,true,1,21127
8423207207362,false,מרבה שוקולד לבן חדש,Unknown,,מרבה שוקולד לבן חדש,,120.00,100 גרם,false,1,14.90,12.42,true,1,24563
8423371000202,false,בוטנים מלוחים 150ג,Unknown,,בוטנים מלוחים 150ג,,150.00,100 גרם,false,1,12.90,8.60,true,1,21417
8423371002312,false,בוטנים צילי סאליסול,Unknown,,בוטנים צילי סאליסול,,150.00,100 גרם,false,1,12.90,8.60,true,1,25196
8423371002725,false,קוקטייל מיקס 100גר,Unknown,,קוקטייל מיקס 100גר,,100.00,100 גרם,false,1,12.90,12.90,true,1,21418
8423371002749,false,בוטנים ושקדים מקורמל,Unknown,,בוטנים ושקדים מקורמל,,135.00,100 גרם,false,1,12.90,9.56,true,1,21419
8423371005085,false,מיקס פיקנטי 100גר,Unknown,,מיקס פיקנטי 100גר,,100.00,100 גרם,false,1,12.90,12.90,true,1,21421
8423371007089,false,בוטנים מלוחים בדבש,Unknown,,בוטנים מלוחים בדבש,,150.00,100 גרם,false,1,12.90,8.60,true,1,21422
8423371007492,false,גרעיני חמניה סאליסול,Unknown,,גרעיני חמניה סאליסול,,140.00,100 גרם,false,1,12.90,9.21,true,1,25197
8423371007577,false,פיסטוקים ק.סאליסול,Unknown,,פיסטוקים ק.סאליסול,,50.00,100 גרם,false,1,9.90,19.80,true,1,27614
8423371007584,false,א.קשיו ק.סאליסול,Unknown,,א.קשיו ק.סאליסול,,50.00,100 גרם,false,1,9.90,19.80,true,1,27615
8423371007591,false,שקדים קלויים סאליסול,Unknown,,שקדים קלויים סאליסול,,50.00,100 גרם,false,1,9.90,19.80,true,1,27616
8423371007614,false,תערובת  סאליסול,Unknown,,תערובת  סאליסול,,50.00,100 גרם,false,1,9.90,19.80,true,1,28002
8426617119492,false,הריבו ליקריץ תות,Unknown,,הריבו ליקריץ תות,,200.00,100 גרם,false,1,12.90,6.45,true,1,27299
8426617119560,false,הריבו פיקו ב.פירות,Unknown,,הריבו פיקו ב.פירות,,175.00,100 גרם,false,1,12.90,7.37,true,1,27300
8436575292205,false,מאגדת חמשושים,Unknown,,מאגדת חמשושים,,260.00,100 גרם,false,1,26.90,10.35,true,1,24868
8445290427120,false,פיטנס ש. מריר ובננה,Unknown,,פיטנס ש. מריר ובננה,,330.00,100 גרם,false,1,22.90,6.94,false,1,27782
8606018615827,false,פיינט אוראו,Unknown,,פיינט אוראו,,480.00,100 גרם,false,1,19.00,3.96,true,1,26609
8606018615841,false,פיינט מילקה וניל,Unknown,,פיינט מילקה וניל,,480.00,100 גרם,false,1,19.00,3.96,true,1,26610
8606018615865,false,פיינט מילקה קרמל,Unknown,,פיינט מילקה קרמל,,480.00,100 גרם,false,1,19.00,3.96,true,1,26611
8680976425469,false,כסא במאי,Unknown,,כסא במאי,,0.00,,false,1,59.00,0.00,false,1,20275
8681644498938,false,ראש שום שחור 100 גר,Unknown,,ראש שום שחור 100 גר,,100.00,100 גרם,false,1,24.90,24.90,false,1,23467
8681644498969,false,שום שחור קלוף 125 גר,Unknown,,שום שחור קלוף 125 גר,,125.00,100 גרם,false,1,29.90,23.92,false,1,23466
8683130008348,false,מיונז חריף,Unknown,,מיונז חריף,,400.00,100 גרם,false,1,17.90,4.47,false,1,25200
8683130008355,false,מיונז עם שום,Unknown,,מיונז עם שום,,400.00,100 גרם,false,1,17.90,4.47,false,1,25201
8683130008935,false,ממרח קטשיונז,Unknown,,ממרח קטשיונז,,425.00,100 גרם,false,1,21.90,5.15,false,1,25414
8683130012666,false,מגנום דאבל ל.עוגיות,Unknown,,מגנום דאבל ל.עוגיות,,74.00,100 גרם,false,1,12.50,16.89,true,1,26885
8683323063024,false,יוגטה שטיחים תותי,Unknown,,יוגטה שטיחים תותי,,220.00,100 גרם,false,1,12.00,5.45,true,1,24869
8690120060170,false,נאמבר וואן קלאסי,Unknown,,נאמבר וואן קלאסי,,32.00,100 גרם,false,1,4.90,15.31,true,1,26886
8690120060408,false,נאמבר וואן אנד מור,Unknown,,נאמבר וואן אנד מור,,32.00,100 גרם,false,1,4.90,15.31,true,1,26887
8690637007705,false,מסטיגם וניל מסטיק,Unknown,,מסטיגם וניל מסטיק,,81.00,100 גרם,false,1,8.90,10.99,true,1,19570
8690637073373,false,ליפטון-ארל גריי,Unknown,,ליפטון-ארל גריי,,25.00,יחידה,false,1,9.90,0.40,true,1,25632
8690637555084,false,בדין אקסטרה לבן,Unknown,,בדין אקסטרה לבן,,960.00,"100 מ""ל",false,1,18.90,1.97,true,1,24398
8690637799594,false,ליפטון תה נ.מרוקאי,Unknown,,ליפטון תה נ.מרוקאי,,1.00,יחידה,false,1,21.50,21.50,false,1,25852
8690637842382,false,מגנום דאבל פרי יער,Unknown,,מגנום דאבל פרי יער,,85.00,100 גרם,false,1,12.50,14.71,true,1,18588
8690637842399,false,מגנום מיני דאבלפ.יער,Unknown,,מגנום מיני דאבלפ.יער,,379.20,100 גרם,false,1,36.00,9.49,true,1,23367
8690637858734,false,סיף גל אקונומיקה 750,Unknown,,סיף גל אקונומיקה 750,,750.00,"100 מ""ל",false,1,15.00,2.00,true,1,24870
8690637871245,false,הלמנס מיונז 395גר,Unknown,,הלמנס מיונז 395גר,,395.00,100 גרם,false,1,18.00,4.56,true,1,24178
8690637879395,false,מגנום דאבל פיסטוק,Unknown,,מגנום דאבל פיסטוק,,72.00,100 גרם,false,1,12.50,17.36,true,1,19818
8690637890666,false,מגנום דאבל פיסטוק 5י,Unknown,,מגנום דאבל פיסטוק 5י,,282.00,100 גרם,false,1,36.00,12.77,true,1,23349
8690637976995,false,בדין מרכך אקסטרה,Unknown,,בדין מרכך אקסטרה,,960.00,"100 מ""ל",false,1,18.90,1.97,true,1,24695
8690637989612,false,מאגדת מגנום מיני,Unknown,,מאגדת מגנום מיני,,246.00,100 גרם,false,1,36.00,14.63,true,1,22377
8690637989629,false,מגנום דולצה גולד,Unknown,,מגנום דולצה גולד,,63.00,100 גרם,false,1,12.50,19.84,true,1,22371
8690637997914,false,מגנום כ.וניל שקדים,Unknown,,מגנום כ.וניל שקדים,,57.00,100 גרם,false,1,11.90,20.88,true,1,22834
8690637997921,false,מגנום בכוס  וניל,Unknown,,מגנום בכוס  וניל,,65.00,100 גרם,false,1,11.90,18.31,true,1,22835
8690766156367,false,שוקולד חלב 90 ג,Unknown,,שוקולד חלב 90 ג,,90.00,100 גרם,false,1,17.90,19.89,true,1,27502
8690766156374,false,ש.מריר 72% קקאו,Unknown,,ש.מריר 72% קקאו,,90.00,100 גרם,false,1,17.90,19.89,true,1,27503
8690766156381,false,ש.מריר 90% קקאו,Unknown,,ש.מריר 90% קקאו,,90.00,100 גרם,false,1,17.90,19.89,true,1,27504
8690766156398,false,ש.חלב עם שקדים,Unknown,,ש.חלב עם שקדים,,90.00,100 גרם,false,1,17.90,19.89,true,1,27505
8690770322598,false,שמרים יבשים 125 גר`,Unknown,,שמרים יבשים 125 גר`,,125.00,100 גרם,false,1,7.00,5.60,true,1,24618
8690777202015,false,ירקות כבושים,Unknown,,ירקות כבושים,,700.00,100 גרם,false,1,14.90,2.13,false,1,25853
8690777204071,false,פלפל חריף ויליפוד,Unknown,,פלפל חריף ויליפוד,,640.00,100 גרם,false,1,14.90,2.33,false,1,25854
8690777206051,false,חציל קלוי על האש 650,Unknown,,חציל קלוי על האש 650,,650.00,100 גרם,false,1,15.00,2.31,true,1,24688
8690777221405,false,פלפל אדום קלוי 650,Unknown,,פלפל אדום קלוי 650,,650.00,100 גרם,false,1,15.00,2.31,true,1,24689
8697530910743,false,פאל מאל כחול קצר,Unknown,,פאל מאל כחול קצר,,0.00,,false,1,30.50,0.00,false,1,8335
8697530910750,false,פאל מאל כחול ארוך,Unknown,,פאל מאל כחול ארוך,,0.00,,false,1,30.50,0.00,false,1,8336
8697530910767,false,פאל מאל מנטול חפיסה,Unknown,,פאל מאל מנטול חפיסה,,0.00,,false,1,30.50,0.00,false,1,8344
8697530910781,false,פאל מאל אדום חפיסה,Unknown,,פאל מאל אדום חפיסה,,0.00,,false,1,30.50,0.00,false,1,8334
8697530910941,false,פאל מאל כחול קצר,Unknown,,פאל מאל כחול קצר,,0.00,,false,1,297.00,0.00,false,1,8348
8697530910958,false,פאקט פאל מאל כחול,Unknown,,פאקט פאל מאל כחול,,0.00,,false,1,297.00,0.00,false,1,8349
8697530910965,false,פאל מאל מנטול פאקט,Unknown,,פאל מאל מנטול פאקט,,0.00,,false,1,297.00,0.00,false,1,19976
8697530910989,false,פאקט פאל מאל אדום,Unknown,,פאקט פאל מאל אדום,,0.00,,false,1,297.00,0.00,false,1,8347
8697530911276,false,קנט קצר חפיסה,Unknown,,קנט קצר חפיסה,,0.00,,false,1,38.50,0.00,false,1,8944
8697530911313,false,קנט קצר פאקט,Unknown,,קנט קצר פאקט,,0.00,,false,1,372.00,0.00,false,1,8945
8710103733805,false,מסנן אקווה קלין,Unknown,,מסנן אקווה קלין,,0.00,,false,1,99.00,0.00,false,1,21271
8710103818687,false,מסנן אקווה קלין-חדש,Unknown,,מסנן אקווה קלין-חדש,,0.00,,false,1,99.00,0.00,false,1,22266
8710151571343,false,בלק דוויל חפיסה,Unknown,,בלק דוויל חפיסה,,0.00,,false,1,32.00,0.00,false,1,13041
8710151571350,false,בלאק דוויל שחור,Unknown,,בלאק דוויל שחור,,0.00,,false,1,310.00,0.00,false,1,25241
8710151571367,false,בלאק דוויל אפור,Unknown,,בלאק דוויל אפור,,0.00,,false,1,32.00,0.00,false,1,25253
8710151571374,false,בלאק דוויל אפור,Unknown,,בלאק דוויל אפור,,0.00,,false,1,310.00,0.00,false,1,25254
8710502064814,false,עוגיית מרבה 175 גר,Unknown,,עוגיית מרבה 175 גר,,175.00,100 גרם,false,1,10.90,6.23,true,1,16475
8710502279010,false,ע.שוקולד ציפס מצופה,Unknown,,ע.שוקולד ציפס מצופה,,175.00,100 גרם,false,1,10.90,6.23,true,1,21941
8710502405204,false,מרבה שוקולד ציפס,Unknown,,מרבה שוקולד ציפס,,175.00,100 גרם,false,1,10.90,6.23,true,1,24474
8710502470028,false,מרבה נוגטלי 160גר,Unknown,,מרבה נוגטלי 160גר,,160.00,100 גרם,false,1,10.90,6.81,true,1,13790
8710908404184,false,דאב ספריי,Unknown,,דאב ספריי,,150.00,"100 מ""ל",false,1,26.00,17.33,true,1,23737
8711327475618,false,מגנום פיינט וניל 260,Unknown,,מגנום פיינט וניל 260,,260.00,100 גרם,false,1,19.90,7.65,true,1,22350
8711327475663,false,מגנום פיינט שוקו לבן,Unknown,,מגנום פיינט שוקו לבן,,260.00,100 גרם,false,1,19.90,7.65,true,1,22351
8711327475717,false,מגנום פיינט וניל שקד,Unknown,,מגנום פיינט וניל שקד,,260.00,100 גרם,false,1,19.90,7.65,true,1,22352
8711327475762,false,מגנום פיינט ש.לבן,Unknown,,מגנום פיינט ש.לבן,,260.00,100 גרם,false,1,19.90,7.65,true,1,22353
8711500406071,false,נורה  בליסטר 12V,Unknown,,נורה  בליסטר 12V,,0.00,,false,1,35.00,0.00,true,1,17390
8711500474803,false,נורה בליסטר 12V H4,Unknown,,נורה בליסטר 12V H4,,0.00,,false,1,25.00,0.00,true,1,17391
8712000050146,false,הייניקן 0% בקבוק 330,Unknown,,הייניקן 0% בקבוק 330,,330.00,"100 מ""ל",false,1,9.90,2.91,true,1,20027
8712000051099,false,הייניקן 0% 330 *6,Unknown,,הייניקן 0% 330 *6,,1.98,1 ליטר,false,1,26.90,12.68,true,1,26338
8712100859939,false,גלידת WICH בצקעוגיות,Unknown,,גלידת WICH בצקעוגיות,,72.00,100 גרם,false,1,12.80,17.78,true,1,17052
8712400802499,false,נוטרילון 800 ג שלב 1,Unknown,,נוטרילון 800 ג שלב 1,,800.00,100 גרם,false,1,70.00,8.75,true,1,24599
8712400802512,false,נוטרילון 800 ג שלב 2,Unknown,,נוטרילון 800 ג שלב 2,,800.00,100 גרם,false,1,70.00,8.75,true,1,24600
8712400802536,false,נוטרילון 800 שלב 3,Unknown,,נוטרילון 800 שלב 3,,800.00,100 גרם,false,1,70.00,8.75,true,1,24601
8712561594608,false,דאב ת.רחצה הזנה,Unknown,,דאב ת.רחצה הזנה,,750.00,"100 מ""ל",false,1,23.90,3.19,false,1,24526
8712561611411,false,דאב ת.רחצה ירוק,Unknown,,דאב ת.רחצה ירוק,,750.00,"100 מ""ל",false,1,23.90,3.19,false,1,24527
8714599513828,false,קפה גייקובס 47.5 ג,Unknown,,קפה גייקובס 47.5 ג,,47.50,100 גרם,false,1,10.00,21.05,true,1,17403
8714599513866,false,גייקובס קרונינג 200,Unknown,,גייקובס קרונינג 200,,200.00,100 גרם,false,1,27.90,13.95,true,1,24484
8714789177229,false,קולגייט אקסטרה קלין,Unknown,,קולגייט אקסטרה קלין,,4.00,יחידה,false,1,20.00,5.00,true,1,24528
8714789218465,false,קולגייט מברשת 360,Unknown,,קולגייט מברשת 360,,2.00,יחידה,false,1,40.00,20.00,true,1,24957
8714789582764,false,ספריי לניקוי חלונות,Unknown,,ספריי לניקוי חלונות,,750.00,"100 מ""ל",false,1,17.90,2.39,true,1,24954
8715035110304,false,קיקומן סויה 250 מל,Unknown,,קיקומן סויה 250 מל,,250.00,"100 מ""ל",false,1,22.00,8.80,true,1,24690
8715144000923,false,קונוס 50 יחידות,Unknown,,קונוס 50 יחידות,,0.00,,false,1,33.00,0.00,false,1,20556
8715144001166,false,קונוס 3 יח,Unknown,,קונוס 3 יח,,0.00,,false,1,6.00,0.00,true,1,20566
8715700110141,false,מיונז היינץ 460 גרם,Unknown,,מיונז היינץ 460 גרם,,767.00,100 גרם,false,1,10.90,1.42,true,1,24871
8715700115344,false,קטשופ היינץ 460 גרם,Unknown,,קטשופ היינץ 460 גרם,,460.00,100 גרם,false,1,9.00,1.96,true,1,24988
8715700419732,false,קטשופ היינץ 700 גרם,Unknown,,קטשופ היינץ 700 גרם,,700.00,100 גרם,false,1,16.90,2.41,true,1,21347
8715700422381,false,מיונז כשלפ 420ג,Unknown,,מיונז כשלפ 420ג,,420.00,100 גרם,false,1,10.90,2.60,true,1,24989
8717163647202,false,אקס ספריי,Unknown,,אקס ספריי,,150.00,"100 מ""ל",false,1,19.90,13.27,true,1,21475
8717163647226,false,אקס ספריי גוף בלאק,Unknown,,אקס ספריי גוף בלאק,,150.00,"100 מ""ל",false,1,19.90,13.27,true,1,20121
8717163647233,false,אקס ספריי בלאק נייט,Unknown,,אקס ספריי בלאק נייט,,150.00,"100 מ""ל",false,1,19.90,13.27,true,1,23736
8717163647240,false,אקס ספריי גוף שוקולד,Unknown,,אקס ספריי גוף שוקולד,,150.00,"100 מ""ל",false,1,19.90,13.27,true,1,21128
8717163647257,false,א.ספרי גוף גולד-חדש,Unknown,,א.ספרי גוף גולד-חדש,,150.00,"100 מ""ל",false,1,19.90,13.27,true,1,20389
8717163647264,false,אקס ספריי,Unknown,,אקס ספריי,,150.00,"100 מ""ל",false,1,19.90,13.27,true,1,23738
8717163647301,false,אקס ספריי,Unknown,,אקס ספריי,,150.00,"100 מ""ל",false,1,19.90,13.27,true,1,21476
8717163647318,false,אקס ספריי,Unknown,,אקס ספריי,,150.00,"100 מ""ל",false,1,19.90,13.27,true,1,21477
8717644390566,false,דאב סבון מוצק*4 יח,Unknown,,דאב סבון מוצק*4 יח,,4.00,יחידה,false,1,24.00,6.00,true,1,24351
8717677336593,false,שוקולד חלב 180ג,Unknown,,שוקולד חלב 180ג,,180.00,100 גרם,false,1,19.90,11.06,true,1,26612
8717677336616,false,ש.מריר שקדים מלח,Unknown,,ש.מריר שקדים מלח,,180.00,100 גרם,false,1,19.90,11.06,true,1,26613
8717677336630,false,שוקולד חלב שקדים דבש,Unknown,,שוקולד חלב שקדים דבש,,180.00,100 גרם,false,1,19.90,11.06,true,1,26614
8717677336654,false,טוניס קרמל מלוח,Unknown,,טוניס קרמל מלוח,,180.00,100 גרם,false,1,19.90,11.06,true,1,28071
8717677336661,false,שוקולד מריר 70% 180ג,Unknown,,שוקולד מריר 70% 180ג,,180.00,100 גרם,false,1,19.90,11.06,true,1,26615
8717677338436,false,שוקולד חלב אגוזי לוז,Unknown,,שוקולד חלב אגוזי לוז,,180.00,100 גרם,false,1,19.90,11.06,true,1,26616
8718879000138,false,ענב ירוק ייבוא ליח,Unknown,,ענב ירוק ייבוא ליח,,500.00,100 גרם,false,1,19.90,3.98,true,1,25334
8718879000336,false,ענב שחור,Unknown,,ענב שחור,,500.00,100 גרם,false,1,18.90,3.78,true,1,26999
8718951166561,false,קולגייט משחת מקס פרש,Unknown,,קולגייט משחת מקס פרש,,125.00,100 גרם,false,1,24.00,19.20,true,1,24872
8718951175600,false,מ.שיניים קולגייט,Unknown,,מ.שיניים קולגייט,,75.00,"100 מ""ל",false,1,17.00,22.67,true,1,21056
8718951236790,false,קולגייט טוטאל 100מל,Unknown,,קולגייט טוטאל 100מל,,100.00,"100 מ""ל",false,1,25.00,25.00,true,1,24873
8718951236806,false,קולגייט להלבנה 100מל,Unknown,,קולגייט להלבנה 100מל,,100.00,"100 מ""ל",false,1,25.00,25.00,true,1,24874
8718951273610,false,פלאקס מי פה 100מל,Unknown,,פלאקס מי פה 100מל,,100.00,"100 מ""ל",false,1,8.00,8.00,true,1,22123
8718951466371,false,מרידול משחת שיניים,Unknown,,מרידול משחת שיניים,,75.00,"100 מ""ל",false,1,22.90,30.53,true,1,28216
8719200998001,false,בלובנד ללא מלח 200ג,Unknown,,בלובנד ללא מלח 200ג,,200.00,100 גרם,false,1,5.50,2.75,true,1,23732
8719200998018,false,בלובנד מחמאה 200 גר,Unknown,,בלובנד מחמאה 200 גר,,200.00,100 גרם,false,1,6.00,3.00,true,1,23733
8720181043093,false,אקס ספריי גוף,Unknown,,אקס ספריי גוף,,150.00,"100 מ""ל",false,1,19.90,13.27,true,1,23743
8720181045639,false,דאב ס.טלק סופט,Unknown,,דאב ס.טלק סופט,,150.00,"100 מ""ל",false,1,26.00,17.33,true,1,25039
8720181045912,false,אקס דאו ספריי,Unknown,,אקס דאו ספריי,,150.00,"100 מ""ל",false,1,19.90,13.27,true,1,24935
8720181046605,false,דאב דאודורנט ספריי,Unknown,,דאב דאודורנט ספריי,,150.00,"100 מ""ל",false,1,17.00,11.33,false,1,21643
8720182256850,false,דאב רביעיית סבון,Unknown,,דאב רביעיית סבון,,360.00,100 גרם,false,1,19.90,5.53,true,1,27849
8723400782520,false,מנטוס פירות -בשקית,Unknown,,מנטוס פירות -בשקית,,160.00,100 גרם,false,1,14.90,9.31,true,1,19004
8723400782544,false,מנטוס מנטה בשקית,Unknown,,מנטוס מנטה בשקית,,160.00,100 גרם,false,1,14.90,9.31,true,1,19005
8723900935839,false,פאל מאל אדום טבק,Unknown,,פאל מאל אדום טבק,,0.00,,false,1,64.00,0.00,false,1,19254
8723900935860,false,פאל מאל כחול טבק,Unknown,,פאל מאל כחול טבק,,0.00,,false,1,64.00,0.00,false,1,19255
8801055707966,false,טסטרס צויס בריסטה,Unknown,,טסטרס צויס בריסטה,,180.00,100 גרם,false,1,40.60,22.56,true,1,23680
8802241131664,false,חטיף אצות ים,Unknown,,חטיף אצות ים,,40.50,100 גרם,false,1,26.90,66.42,false,1,25917
8802241131671,false,חטיף אצות ווסאבי,Unknown,,חטיף אצות ווסאבי,,40.50,100 גרם,false,1,26.90,66.42,false,1,25918
8802241132821,false,חטיף אצות קלויות,Unknown,,חטיף אצות קלויות,,13.50,100 גרם,false,1,10.90,80.74,false,1,25919
8806092885967,false,סמארטפון A03 G128,Unknown,,סמארטפון A03 G128,,0.00,,false,1,669.00,0.00,false,1,27975
8850025000026,false,משקה מי קוקוס,Unknown,,משקה מי קוקוס,,1.00,1 ליטר,false,1,19.90,19.90,false,1,25922
8850025001023,false,משקה מי קוקוס,Unknown,,משקה מי קוקוס,,500.00,100 גרם,false,1,10.90,2.18,false,1,25958
8850161160851,false,מי קוקוס קוקו מקס,Unknown,,מי קוקוס קוקו מקס,,350.00,"100 מ""ל",false,1,9.00,2.49,true,1,22221
8850161167041,false,חלק קוקוס קוקו וואי,Unknown,,חלק קוקוס קוקו וואי,,270.00,"100 מ""ל",false,1,9.00,3.22,true,1,22222
8850372000380,false,מקלוני שעועית,Unknown,,מקלוני שעועית,,40.00,100 גרם,false,1,21.90,54.75,false,1,25959
8850389103111,false,סאפי אלוורה ענבים,Unknown,,סאפי אלוורה ענבים,,300.00,"100 מ""ל",false,1,11.50,3.73,true,1,8174
8850389103128,false,סאפי אלוו.תפוח300מל,Unknown,,סאפי אלוו.תפוח300מל,,300.00,"100 מ""ל",false,1,11.50,3.73,true,1,8173
8850389103159,false,מוגו מוגו ליצי,Unknown,,מוגו מוגו ליצי,,320.00,"100 מ""ל",false,1,10.90,3.31,true,1,24053
8850389104637,false,סאפי אפרסק 300 מל,Unknown,,סאפי אפרסק 300 מל,,300.00,"100 מ""ל",false,1,11.50,3.73,true,1,10962
8850389105825,false,סאפי אלוורה ענבים 1ל,Unknown,,סאפי אלוורה ענבים 1ל,,1.00,1 ליטר,false,1,17.90,17.60,true,1,11982
8850389105832,false,סאפי תפוח 1ל,Unknown,,סאפי תפוח 1ל,,1.00,1 ליטר,false,1,17.90,17.60,true,1,12647
8850389105849,false,סאפי אפרסק 1ל,Unknown,,סאפי אפרסק 1ל,,1.00,1 ליטר,false,1,17.90,17.60,true,1,13074
8850389111352,false,מוגו מוגו מלון,Unknown,,מוגו מוגו מלון,,320.00,"100 מ""ל",false,1,10.90,3.31,true,1,24054
8850389115312,false,סאפי מלון 300מל,Unknown,,סאפי מלון 300מל,,300.00,"100 מ""ל",false,1,11.50,3.73,true,1,18620
8850632604259,false,חספוסים 50 ג תות,Unknown,,חספוסים 50 ג תות,,50.00,100 גרם,false,1,6.50,13.00,true,1,11475
8850632604266,false,חספוסים 50 ג קולה,Unknown,,חספוסים 50 ג קולה,,50.00,100 גרם,false,1,6.50,13.00,true,1,11462
8850632604372,false,חספוסים 50 ג ש.תות,Unknown,,חספוסים 50 ג ש.תות,,50.00,100 גרם,false,1,6.50,13.00,true,1,11463
8850632604402,false,חספוסים 50 ג ש.מעורב,Unknown,,חספוסים 50 ג ש.מעורב,,50.00,100 גרם,false,1,6.50,13.00,true,1,12539
8850632605201,false,חספוסים 50 ג שטיח,Unknown,,חספוסים 50 ג שטיח,,50.00,100 גרם,false,1,6.50,13.00,true,1,12538
8850632606390,false,חספוסים 50 ג יוגטה,Unknown,,חספוסים 50 ג יוגטה,,50.00,100 גרם,false,1,6.50,13.00,true,1,21446
8901537076679,false,אורז בסמטי,Unknown,,אורז בסמטי,,1.00,"1 ק""ג",false,1,18.00,18.00,true,1,23709
9002490100490,false,רביעיית רד בול,Unknown,,רביעיית רד בול,,1.00,1 ליטר,false,1,39.90,38.70,true,1,7156
9044400841000,false,פז דמויות מותגים,Unknown,,פז דמויות מותגים,,25.50,100 גרם,false,1,13.90,54.51,true,1,384
9044400851672,false,בובת פז מחסנית מילוי,Unknown,,בובת פז מחסנית מילוי,,25.50,100 גרם,false,1,13.90,54.51,true,1,27070
9310072028743,false,טים טם אורגינל,Unknown,,טים טם אורגינל,,200.00,100 גרם,false,1,24.00,12.00,true,1,16838
9310072028750,false,טים טם דאבל 200,Unknown,,טים טם דאבל 200,,200.00,100 גרם,false,1,24.00,12.00,true,1,16696
9720188050109,false,טופוטי ממרח סויה,Unknown,,טופוטי ממרח סויה,,225.00,100 גרם,false,1,23.90,10.62,true,1,26782
9720188060108,false,טופוטי מ.טופו שמנת,Unknown,,טופוטי מ.טופו שמנת,,400.00,100 גרם,false,1,23.90,5.98,true,1,26785
9999910099941,false,אריזה ריקה  שקית ניל,Unknown,,אריזה ריקה  שקית ניל,,0.00,,false,1,0.00,0.00,true,1,2275
9999920006722,false,החזרת פיקדון 30אג,Unknown,,החזרת פיקדון 30אג,,0.00,,false,1,0.30,0.00,false,1,5653
9999920011785,false,קרמבו וניל-בודד,Unknown,,קרמבו וניל-בודד,,29.00,100 גרם,false,1,3.50,12.07,true,1,6532
9999920011786,false,קרמבו מוקה-בודד,Unknown,,קרמבו מוקה-בודד,,29.00,100 גרם,false,1,3.50,12.07,true,1,6533
9999921008252,false,החזרת פיקדון 1.20שח,Unknown,,החזרת פיקדון 1.20שח,,0.00,,false,1,1.20,0.00,false,1,10518
9999921009332,false,גביניות צימוק בודד,Unknown,,גביניות צימוק בודד,,0.00,,false,1,3.50,0.00,true,1,20727
9999921009335,false,מאפה מתוק במשקל,Unknown,,מאפה מתוק במשקל,קילוגרמים,1.00,"ק""ג",true,1,42.00,0.00,true,1,24386
9999921010221,false,קרואסון שוקולד פרווה,Unknown,,קרואסון שוקולד פרווה,,0.00,,false,1,11.00,0.00,true,1,12671
9999921010222,false,בורקס גבינה גדול,Unknown,,בורקס גבינה גדול,,0.00,,false,1,11.00,0.00,true,1,12456
9999921010223,false,פילס פיצה גדול,Unknown,,פילס פיצה גדול,,0.00,,false,1,11.00,0.00,true,1,12457
9999921010224,false,בורקס תפוא גדול,Unknown,,בורקס תפוא גדול,,0.00,,false,1,11.00,0.00,true,1,12458
9999921010226,false,פילס גבינה גדול,Unknown,,פילס גבינה גדול,,0.00,,false,1,11.00,0.00,true,1,12460
9999921010227,false,קרואסון חמאה גדול,Unknown,,קרואסון חמאה גדול,,0.00,,false,1,11.00,0.00,true,1,22752
9999921010228,false,בונזור ע.גבינה גדול,Unknown,,בונזור ע.גבינה גדול,,0.00,,false,1,11.00,0.00,true,1,12461
9999921010270,false,ביס חמאה בודד-חדש,Unknown,,ביס חמאה בודד-חדש,,0.00,,false,1,3.50,0.00,true,1,12466
9999921010271,false,ביס שוקולד בודד-חדש,Unknown,,ביס שוקולד בודד-חדש,,0.00,,false,1,3.50,0.00,true,1,12467
9999921010272,false,ביס רוגעלך בודד-חדש,Unknown,,ביס רוגעלך בודד-חדש,,0.00,,false,1,3.50,0.00,true,1,12468
9999921010273,false,בורקס גבינה בודד-חדש,Unknown,,בורקס גבינה בודד-חדש,,0.00,,false,1,3.50,0.00,true,1,12469
9999921010274,false,בורקס תפוא בודד-חדש,Unknown,,בורקס תפוא בודד-חדש,,0.00,,false,1,3.50,0.00,true,1,12470
9999921010616,false,קרואסון חמאה למכירה,Unknown,,קרואסון חמאה למכירה,,0.00,,false,1,11.00,0.00,true,1,12477
9999921010617,false,קרואסון שוקולד-מכירה,Unknown,,קרואסון שוקולד-מכירה,,0.00,,false,1,11.00,0.00,true,1,12478
9999921010618,false,קרואסון שקדים-מכירה,Unknown,,קרואסון שקדים-מכירה,,0.00,,false,1,12.00,0.00,true,1,12479
9999921012970,true,חלב טרה למכירה,Unknown,,חלב טרה למכירה,,0.00,,false,,5.00,0.00,false,1,24405
9999921013509,false,קרואסון שוקולד א.ק,Unknown,,קרואסון שוקולד א.ק,,0.00,,false,1,11.00,0.00,true,1,13211
9999921014331,false,פוקצה עשבי תיבול,Unknown,,פוקצה עשבי תיבול,,0.00,,false,1,11.00,0.00,false,1,24421
9999921014341,false,פוקצה רוטב פיצה,Unknown,,פוקצה רוטב פיצה,,0.00,,false,1,11.00,0.00,false,1,13733
9999921014342,false,פוקצה בצל ופטריות,Unknown,,פוקצה בצל ופטריות,,0.00,,false,1,11.00,0.00,false,1,24422
9999921014343,false,פוקצה עגבניות שום,Unknown,,פוקצה עגבניות שום,,0.00,,false,1,11.00,0.00,true,1,24423
9999921014347,false,פוקצה עשבי תיבול מש,Unknown,,פוקצה עשבי תיבול מש,,0.00,,false,1,17.00,0.00,false,1,24424
9999921014348,false,פוקצה רוטב פיצה משפ,Unknown,,פוקצה רוטב פיצה משפ,,0.00,,false,1,17.00,0.00,false,1,24425
9999921014349,false,פוקצה בצל ופטר מש,Unknown,,פוקצה בצל ופטר מש,,0.00,,false,1,17.00,0.00,false,1,24426
9999921014360,false,פוקצה עגבניות משפחת,Unknown,,פוקצה עגבניות משפחת,,0.00,,false,1,17.00,0.00,false,1,24427
9999921014522,false,פוקצה זעתר,Unknown,,פוקצה זעתר,,0.00,,false,1,11.00,0.00,false,1,13736
9999921015200,false,מאפים מלוחים במשקל,Unknown,,מאפים מלוחים במשקל,קילוגרמים,1.00,"ק""ג",true,1,42.00,0.00,true,1,24435
9999921016010,false,FREEZ קפה,Unknown,,FREEZ קפה,,0.00,,false,1,15.00,0.00,true,1,14791
9999921016105,false,שנק  קינמון חלבי-מכר,Unknown,,שנק  קינמון חלבי-מכר,,0.00,,false,1,11.00,0.00,true,1,14367
9999921019057,false,בורקס פילו במשקל,Unknown,,בורקס פילו במשקל,קילוגרמים,1.00,"ק""ג",true,1,59.90,0.00,true,1,23544
9999921019060,false,קפה קר,Unknown,,קפה קר,,0.00,,false,1,12.00,0.00,true,1,15125
9999921019477,false,בונזור מקלות חמאה,Unknown,,בונזור מקלות חמאה,,0.00,,false,1,6.00,0.00,true,1,15375
9999921019575,false,פיצה זיתים הכנה עצמי,Unknown,,פיצה זיתים הכנה עצמי,,0.00,,false,1,16.00,0.00,true,1,27073
9999921019576,false,פיצה בצל ופטריות,Unknown,,פיצה בצל ופטריות,,0.00,,false,1,16.00,0.00,true,1,27074
9999921019577,false,פיצה עגבניות בצל,Unknown,,פיצה עגבניות בצל,,0.00,,false,1,16.00,0.00,true,1,27075
9999921023006,false,קפוצינו לנדוור פולי,Unknown,,קפוצינו לנדוור פולי,,0.00,,false,1,12.00,0.00,false,1,26640
9999921023007,false,קפוצינו ר.נטול לנדו,Unknown,,קפוצינו ר.נטול לנדו,,0.00,,false,1,12.00,0.00,false,1,26641
9999921023008,false,קפוצינו גדול לנדוור,Unknown,,קפוצינו גדול לנדוור,,0.00,,false,1,14.00,0.00,false,1,26642
9999921023010,false,אספרסו קצר לנדוור,Unknown,,אספרסו קצר לנדוור,,0.00,,false,1,9.00,0.00,false,1,26643
9999921023012,false,אספרסו כפול לנדוור,Unknown,,אספרסו כפול לנדוור,,0.00,,false,1,11.00,0.00,false,1,26644
9999921023014,false,לאטה רגיל לנדוור,Unknown,,לאטה רגיל לנדוור,,0.00,,false,1,13.00,0.00,false,1,26645
9999921023015,false,לאטה גדול לנדוור,Unknown,,לאטה גדול לנדוור,,0.00,,false,1,15.00,0.00,false,1,26646
9999921023016,false,אמריקאנו רגיל לנדוור,Unknown,,אמריקאנו רגיל לנדוור,,0.00,,false,1,12.00,0.00,false,1,26647
9999921023017,false,מקיאטו רגיל לנדוור,Unknown,,מקיאטו רגיל לנדוור,,0.00,,false,1,10.00,0.00,false,1,26648
9999921023021,false,אמריקאנו נטול לנדוור,Unknown,,אמריקאנו נטול לנדוור,,0.00,,false,1,12.00,0.00,false,1,26649
9999921023023,false,מקיאטו כ.נטול לנדוור,Unknown,,מקיאטו כ.נטול לנדוור,,0.00,,false,1,10.00,0.00,false,1,26650
9999921023437,false,שנק פיצה ביס,Unknown,,שנק פיצה ביס,,0.00,,false,1,3.50,0.00,true,1,16895
9999921023439,false,ביס נוגט בונזור,Unknown,,ביס נוגט בונזור,,0.00,,false,1,3.50,0.00,true,1,16897
9999921023450,false,ביס חלבה בונזור,Unknown,,ביס חלבה בונזור,,0.00,,false,1,3.50,0.00,true,1,16898
9999921023451,false,בורקיטס-בודד למכירה,Unknown,,בורקיטס-בודד למכירה,,0.00,,false,1,3.50,0.00,true,1,16899
9999921024961,false,קפוצינו רגיל תחליף,Unknown,,קפוצינו רגיל תחליף,,0.00,,false,1,13.00,0.00,true,1,17214
9999921024962,false,קפוצינו רגיל תחליף,Unknown,,קפוצינו רגיל תחליף,,0.00,,false,1,13.00,0.00,true,1,17215
9999921024963,false,קפוצינו ג.רגיל תחליף,Unknown,,קפוצינו ג.רגיל תחליף,,0.00,,false,1,15.00,0.00,true,1,17216
9999921024964,false,קפוצינו ג.נטולתחליף,Unknown,,קפוצינו ג.נטולתחליף,,0.00,,false,1,15.00,0.00,true,1,17217
9999921024965,false,לאטה רגיל תחליף,Unknown,,לאטה רגיל תחליף,,0.00,,false,1,14.00,0.00,true,1,17218
9999921024966,false,לאטה גדול תחליף,Unknown,,לאטה גדול תחליף,,0.00,,false,1,16.00,0.00,true,1,17219
9999921024967,false,נס קפה רגיל תחליף,Unknown,,נס קפה רגיל תחליף,,0.00,,false,1,10.00,0.00,true,1,17220
9999921024968,false,נס קפה גדול תחליף,Unknown,,נס קפה גדול תחליף,,0.00,,false,1,12.00,0.00,true,1,17221
9999921024969,false,נס ע.חלב קטן תחליף,Unknown,,נס ע.חלב קטן תחליף,,0.00,,false,1,11.00,0.00,true,1,17222
9999921024970,false,נס ע.חלב גדול תחליף,Unknown,,נס ע.חלב גדול תחליף,,0.00,,false,1,13.00,0.00,true,1,17223
9999921024972,false,שוקו חם-תחליף,Unknown,,שוקו חם-תחליף,,0.00,,false,1,13.00,0.00,true,1,17211
9999921024973,false,לאטה נ.רגיל תחליף,Unknown,,לאטה נ.רגיל תחליף,,0.00,,false,1,14.00,0.00,true,1,17212
9999921024974,false,לאטה נ.גדול תחליף,Unknown,,לאטה נ.גדול תחליף,,0.00,,false,1,16.00,0.00,true,1,17213
9999921025462,false,עוגת גבינה א.ק-מכירה,Unknown,,עוגת גבינה א.ק-מכירה,,0.00,,false,1,11.00,0.00,true,1,17322
9999921025465,false,קרואסון שקדים א.ק-מכ,Unknown,,קרואסון שקדים א.ק-מכ,,0.00,,false,1,11.00,0.00,true,1,17338
9999921025466,false,ק.שוקולד א.ק- למכירה,Unknown,,ק.שוקולד א.ק- למכירה,,0.00,,false,1,11.00,0.00,true,1,17325
9999921027072,false,פיצה בונזור תירס,Unknown,,פיצה בונזור תירס,,0.00,,false,1,11.00,0.00,true,1,24493
9999921027073,false,פיצה בונזור זיתים,Unknown,,פיצה בונזור זיתים,,0.00,,false,1,11.00,0.00,true,1,24494
9999921027074,false,פיצה בונזור מרגריטה,Unknown,,פיצה בונזור מרגריטה,,0.00,,false,1,11.00,0.00,true,1,24495
9999921028632,false,מקלות אפויים,Unknown,,מקלות אפויים,,0.00,,false,1,4.50,0.00,false,1,24505
9999921029271,false,סמבוסק,Unknown,,סמבוסק,,0.00,,false,1,11.00,0.00,true,1,24507
9999921029329,false,בייגל שומשום,Unknown,,בייגל שומשום,,0.00,,false,1,5.50,0.00,true,1,27076
9999921029660,false,כדור שוקולד,Unknown,,כדור שוקולד,,0.00,,false,1,3.00,0.00,true,1,24536
9999921029872,false,כדוריות שום-שמיר,Unknown,,כדוריות שום-שמיר,קילוגרמים,1.00,"ק""ג",true,1,50.00,0.00,true,1,24539
9999921030427,false,פוקצה פיצה אישית,Unknown,,פוקצה פיצה אישית,,0.00,,false,1,11.00,0.00,false,1,24547
9999921030737,false,ארטישוק ירוק,Unknown,,ארטישוק ירוק,קילוגרמים,1.00,"ק""ג",true,1,12.90,0.00,true,1,23192
9999921030739,false,אשכולית אדומה,Unknown,,אשכולית אדומה,קילוגרמים,1.00,"ק""ג",true,1,9.90,0.00,true,1,23193
9999921030740,false,אשכולית צהובה,Unknown,,אשכולית צהובה,קילוגרמים,1.00,"ק""ג",true,1,9.90,0.00,true,1,23194
9999921030741,false,בטטה,Unknown,,בטטה,קילוגרמים,1.00,"ק""ג",true,1,17.90,0.00,true,1,23195
9999921030742,false,בננה,Unknown,,בננה,קילוגרמים,1.00,"ק""ג",true,1,13.90,0.00,true,1,23196
9999921030743,false,בצל אדום,Unknown,,בצל אדום,קילוגרמים,1.00,"ק""ג",true,1,9.90,0.00,true,1,23197
9999921030744,false,בצל יבש,Unknown,,בצל יבש,קילוגרמים,1.00,"ק""ג",true,1,7.90,0.00,true,1,23198
9999921030746,false,זוקיני ירוק,Unknown,,זוקיני ירוק,קילוגרמים,1.00,"ק""ג",true,1,14.90,0.00,true,1,23199
9999921030749,false,חציל חממה,Unknown,,חציל חממה,קילוגרמים,1.00,"ק""ג",true,1,12.90,0.00,true,1,23200
9999921030751,false,לימון צהוב,Unknown,,לימון צהוב,קילוגרמים,1.00,"ק""ג",true,1,13.90,0.00,true,1,23201
9999921030752,false,מלפפון,Unknown,,מלפפון,קילוגרמים,1.00,"ק""ג",true,1,11.90,0.00,true,1,23202
9999921030755,false,מנדרינה,Unknown,,מנדרינה,קילוגרמים,1.00,"ק""ג",true,1,12.90,0.00,true,1,23203
9999921030759,false,סלק אדום,Unknown,,סלק אדום,קילוגרמים,1.00,"ק""ג",true,1,9.90,0.00,true,1,23204
9999921030760,false,עגבניה,Unknown,,עגבניה,קילוגרמים,1.00,"ק""ג",true,1,12.90,0.00,true,1,23205
9999921030764,false,פומלית,Unknown,,פומלית,קילוגרמים,1.00,"ק""ג",true,1,12.90,0.00,true,1,23206
9999921030767,false,פלפל אדום,Unknown,,פלפל אדום,קילוגרמים,1.00,"ק""ג",true,1,14.90,0.00,true,1,23207
9999921030770,false,פלפל ירוק,Unknown,,פלפל ירוק,קילוגרמים,1.00,"ק""ג",true,1,14.90,0.00,true,1,23208
9999921030771,false,פלפל כתום,Unknown,,פלפל כתום,קילוגרמים,1.00,"ק""ג",true,1,12.90,0.00,true,1,23209
9999921030772,false,פלפל נהריה ירוק בהיר,Unknown,,פלפל נהריה ירוק בהיר,קילוגרמים,1.00,"ק""ג",true,1,14.90,0.00,true,1,23210
9999921030773,false,פלפל צהוב,Unknown,,פלפל צהוב,קילוגרמים,1.00,"ק""ג",true,1,14.90,0.00,true,1,23211
9999921030777,false,קולורבי,Unknown,,קולורבי,קילוגרמים,1.00,"ק""ג",true,1,13.90,0.00,true,1,23212
9999921030779,false,קישוא,Unknown,,קישוא,קילוגרמים,1.00,"ק""ג",true,1,12.90,0.00,true,1,23213
9999921030780,false,קישוא עגול,Unknown,,קישוא עגול,קילוגרמים,1.00,"ק""ג",true,1,12.90,0.00,true,1,23214
9999921030782,false,רימון,Unknown,,רימון,קילוגרמים,1.00,"ק""ג",true,1,11.90,0.00,true,1,23215
9999921030783,false,שומר,Unknown,,שומר,קילוגרמים,1.00,"ק""ג",true,1,12.90,0.00,true,1,23216
9999921030784,false,שזיף,Unknown,,שזיף,קילוגרמים,1.00,"ק""ג",true,1,24.90,0.00,true,1,23217
9999921030793,false,תמר ברהי צהוב,Unknown,,תמר ברהי צהוב,קילוגרמים,1.00,"ק""ג",true,1,19.90,0.00,true,1,23218
9999921030794,false,תפוז,Unknown,,תפוז,קילוגרמים,1.00,"ק""ג",true,1,9.90,0.00,true,1,23219
9999921030796,false,תפוזים לסחיטה,Unknown,,תפוזים לסחיטה,קילוגרמים,1.00,"ק""ג",true,1,5.90,0.00,true,1,23220
9999921030798,false,תפוח גלה,Unknown,,תפוח גלה,קילוגרמים,1.00,"ק""ג",true,1,14.90,0.00,true,1,23221
9999921030800,false,תפוח גרנד 70,Unknown,,תפוח גרנד 70,קילוגרמים,1.00,"ק""ג",true,1,13.90,0.00,true,1,23222
9999921030810,false,ת.פינק ליידי שקיל,Unknown,,ת.פינק ליידי שקיל,קילוגרמים,1.00,"ק""ג",true,1,19.90,0.00,true,1,23223
9999921030812,false,אבוקדו,Unknown,,אבוקדו,קילוגרמים,1.00,"ק""ג",true,1,14.90,0.00,true,1,23224
9999921030815,false,אבטיח,Unknown,,אבטיח,קילוגרמים,1.00,"ק""ג",true,1,6.90,0.00,true,1,23225
9999921030816,false,גויאבה,Unknown,,גויאבה,קילוגרמים,1.00,"ק""ג",true,1,19.90,0.00,true,1,23226
9999921030817,false,גזר במארז,Unknown,,גזר במארז,קילוגרמים,1.00,"ק""ג",true,1,8.90,0.00,true,1,23227
9999921030819,false,דלורית,Unknown,,דלורית,קילוגרמים,1.00,"ק""ג",true,1,9.90,0.00,true,1,23228
9999921030820,false,דלעת אישית,Unknown,,דלעת אישית,קילוגרמים,1.00,"ק""ג",true,1,15.90,0.00,true,1,23229
9999921030822,false,כרוב אדום,Unknown,,כרוב אדום,קילוגרמים,1.00,"ק""ג",true,1,11.90,0.00,true,1,23230
9999921030823,false,כרוב לבן,Unknown,,כרוב לבן,קילוגרמים,1.00,"ק""ג",true,1,7.90,0.00,true,1,23231
9999921030826,false,מלון גליה,Unknown,,מלון גליה,קילוגרמים,1.00,"ק""ג",true,1,12.90,0.00,true,1,23232
9999921030831,false,פומלה אדומה גדולה,Unknown,,פומלה אדומה גדולה,קילוגרמים,1.00,"ק""ג",true,1,11.90,0.00,true,1,23233
9999921030832,false,פומלה לבנה,Unknown,,פומלה לבנה,קילוגרמים,1.00,"ק""ג",true,1,12.90,0.00,true,1,23234
9999921030833,false,שום יבש ייבוא-קג,Unknown,,שום יבש ייבוא-קג,קילוגרמים,1.00,"ק""ג",true,1,29.90,0.00,true,1,23235
9999921030834,false,תירס קלחים במארז,Unknown,,תירס קלחים במארז,קילוגרמים,1.00,"ק""ג",true,1,14.90,0.00,true,1,23236
9999921030835,false,תפוא אדום ארוז,Unknown,,תפוא אדום ארוז,קילוגרמים,1.00,"ק""ג",true,1,8.90,0.00,true,1,23237
9999921030836,false,תפוא לבן ארוז,Unknown,,תפוא לבן ארוז,קילוגרמים,1.00,"ק""ג",true,1,5.90,0.00,true,1,23238
9999921030846,false,אננס,Unknown,,אננס,,1.20,"1 ק""ג",false,1,39.90,33.25,true,1,23239
9999921030885,false,פיטאיה אדומה,Unknown,,פיטאיה אדומה,,290.00,100 גרם,false,1,11.90,4.10,true,1,23240
9999921030906,false,שרי שלושה צבעים ארוז,Unknown,,שרי שלושה צבעים ארוז,,900.00,100 גרם,false,1,13.90,1.54,true,1,23241
9999921030931,false,קוקוס ייבוא ליח,Unknown,,קוקוס ייבוא ליח,,860.00,100 גרם,false,1,9.90,1.15,true,1,23242
9999921031939,false,תפוח חרמון,Unknown,,תפוח חרמון,קילוגרמים,1.00,"ק""ג",true,1,13.90,0.00,true,1,23244
9999921032593,false,נקטרינה איכות מעולה,Unknown,,נקטרינה איכות מעולה,קילוגרמים,1.00,"ק""ג",true,1,17.90,0.00,true,1,23245
9999921032656,false,תפוח זהוב,Unknown,,תפוח זהוב,קילוגרמים,1.00,"ק""ג",true,1,11.90,0.00,true,1,23246
9999921032682,false,אפרסק איכות מעולה,Unknown,,אפרסק איכות מעולה,קילוגרמים,1.00,"ק""ג",true,1,17.90,0.00,true,1,23247
9999921033561,false,קרואסון ביס פינוקים,Unknown,,קרואסון ביס פינוקים,,0.00,,false,1,6.00,0.00,true,1,24582
9999921033563,false,מיני פוקצה ש.זיתים,Unknown,,מיני פוקצה ש.זיתים,,0.00,,false,1,7.00,0.00,true,1,24583
9999921033565,false,מיני פוקצה בצל,Unknown,,מיני פוקצה בצל,,0.00,,false,1,7.00,0.00,true,1,24584
9999921033566,false,מיני פוקצה פלפלים,Unknown,,מיני פוקצה פלפלים,,0.00,,false,1,7.00,0.00,true,1,24585
9999921033567,false,פוקצה גבינה ושום,Unknown,,פוקצה גבינה ושום,,0.00,,false,1,11.00,0.00,true,1,24586
9999921033951,false,אפרסמון 65 איכות,Unknown,,אפרסמון 65 איכות,קילוגרמים,1.00,"ק""ג",true,1,29.90,0.00,true,1,23287
9999921034160,false,תות שדה מעולה,Unknown,,תות שדה מעולה,,180.00,100 גרם,false,1,28.90,16.06,true,1,23288
9999921034719,false,אגס איכות מעולה,Unknown,,אגס איכות מעולה,קילוגרמים,1.00,"ק""ג",true,1,14.90,0.00,true,1,23343
9999921034720,false,קרמבולה,Unknown,,קרמבולה,קילוגרמים,1.00,"ק""ג",true,1,32.00,0.00,true,1,23344
9999921034721,false,דלורית,Unknown,,דלורית,קילוגרמים,1.00,"ק""ג",true,1,6.90,0.00,true,1,23345
9999921034723,false,תפוז ברשת,Unknown,,תפוז ברשת,קילוגרמים,1.00,"ק""ג",true,1,8.90,0.00,true,1,23346
9999921035216,false,תפוז סיני ארוז בשקית,Unknown,,תפוז סיני ארוז בשקית,,450.00,100 גרם,false,1,6.90,1.53,true,1,23347
9999921035380,false,משמש איכות מעולה,Unknown,,משמש איכות מעולה,קילוגרמים,1.00,"ק""ג",true,1,24.90,0.00,true,1,23351
9999921035496,false,לפת,Unknown,,לפת,קילוגרמים,1.00,"ק""ג",true,1,9.90,0.00,false,1,23358
9999921035515,false,ב.קוראסון ש.חלבי,Unknown,,ב.קוראסון ש.חלבי,,0.00,,false,1,11.00,0.00,true,1,19977
9999921035528,false,שזיף צהוב איכותמעולה,Unknown,,שזיף צהוב איכותמעולה,קילוגרמים,1.00,"ק""ג",true,1,19.90,0.00,true,1,23360
9999921035609,false,מנגו איכות מעולה,Unknown,,מנגו איכות מעולה,קילוגרמים,1.00,"ק""ג",true,1,19.90,0.00,true,1,23361
9999921035618,false,ליצי ארוז ליח,Unknown,,ליצי ארוז ליח,,310.00,100 גרם,false,1,22.90,7.39,true,1,23362
9999921036863,false,מנדרינה מיכל,Unknown,,מנדרינה מיכל,קילוגרמים,1.00,"ק""ג",true,1,8.90,0.00,true,1,23378
9999921037173,false,מקלות פילו גבינה מכר,Unknown,,מקלות פילו גבינה מכר,,90.00,יחידה,false,1,11.00,0.12,true,1,20451
9999921037330,false,מ.פילו פיצה-למכירה,Unknown,,מ.פילו פיצה-למכירה,,90.00,יחידה,false,1,11.00,0.12,true,1,20581
9999921037331,false,מ.פילו תפוחעץ למכירה,Unknown,,מ.פילו תפוחעץ למכירה,,90.00,יחידה,false,1,11.00,0.12,true,1,20582
9999921037367,false,ע.קוקיס ציפס למכירה,Unknown,,ע.קוקיס ציפס למכירה,קילוגרמים,1.00,"ק""ג",true,1,55.00,0.00,true,1,20583
9999921038213,false,מסכה בודדת KN95,Unknown,,מסכה בודדת KN95,,1.00,יחידה,false,1,7.00,7.00,true,1,21061
9999921038445,false,מסכה כירורגית 1יח,Unknown,,מסכה כירורגית 1יח,,1.00,יחידה,false,1,1.00,1.00,false,1,21275
9999921038483,false,חבושים יבוא,Unknown,,חבושים יבוא,קילוגרמים,1.00,"ק""ג",true,1,19.90,0.00,true,1,23423
9999921038739,false,מיני סופגניה משודרגת,Unknown,,מיני סופגניה משודרגת,,45.00,100 גרם,false,1,8.00,17.78,false,1,21580
9999921039383,false,אוזני המן במשקל,Unknown,,אוזני המן במשקל,קילוגרמים,1.00,"ק""ג",true,1,60.00,0.00,true,1,21794
9999921039385,false,אוזני המן - בודד,Unknown,,אוזני המן - בודד,,0.00,,false,1,4.00,0.00,true,1,21796
9999921039810,false,מארז 100שח,Unknown,,מארז 100שח,,0.00,,false,1,100.00,0.00,false,1,22012
9999921039811,false,מארז 150 שח,Unknown,,מארז 150 שח,,0.00,,false,1,150.00,0.00,false,1,22013
9999921039812,false,מארז 200 שח,Unknown,,מארז 200 שח,,0.00,,false,1,200.00,0.00,false,1,22014
9999921039813,false,מארז 250שח,Unknown,,מארז 250שח,,0.00,,false,1,250.00,0.00,false,1,22015
9999921039900,false,מארז 300שח,Unknown,,מארז 300שח,,0.00,,false,1,300.00,0.00,false,1,22032
9999921039925,false,מוצרי פסח 5 שח,Unknown,,מוצרי פסח 5 שח,,0.00,,false,1,5.00,0.00,false,1,22134
9999921039933,false,בקלוואה בטעמים בודד,Unknown,,בקלוואה בטעמים בודד,,0.00,,false,1,3.00,0.00,false,1,22136
9999921039953,false,פלפל גמדי ליח,Unknown,,פלפל גמדי ליח,,0.00,,false,1,12.90,0.00,true,1,23452
9999921040154,false,בירה אסטרייה 330,Unknown,,בירה אסטרייה 330,,330.00,"100 מ""ל",false,1,35.40,10.64,true,1,25091
9999921040215,false,עוגיות כשלפ 4 ב 10,Unknown,,עוגיות כשלפ 4 ב 10,,4.00,יחידה,false,1,10.00,2.50,false,1,22320
9999921040312,false,אבטיח גולי א.מעולה,Unknown,,אבטיח גולי א.מעולה,קילוגרמים,1.00,"ק""ג",true,1,7.30,0.00,true,1,23454
9999921040487,false,ענב ירוק טלי לכיש,Unknown,,ענב ירוק טלי לכיש,קילוגרמים,1.00,"ק""ג",true,1,32.90,0.00,true,1,23456
9999921040488,false,ענב אדום פליים,Unknown,,ענב אדום פליים,קילוגרמים,1.00,"ק""ג",true,1,34.90,0.00,true,1,23457
9999921040504,false,שסק איכות מעולה,Unknown,,שסק איכות מעולה,קילוגרמים,1.00,"ק""ג",true,1,21.90,0.00,true,1,23458
9999921040646,false,אייס פסיפלורה,Unknown,,אייס פסיפלורה,,0.00,,false,1,14.00,0.00,true,1,22534
9999921040650,false,תאנים איכות מעולה,Unknown,,תאנים איכות מעולה,,500.00,100 גרם,false,1,29.90,5.98,true,1,23463
9999921040721,false,מאפה תפוא א.ק-מכירה,Unknown,,מאפה תפוא א.ק-מכירה,,0.00,,false,1,11.00,0.00,true,1,22768
9999921040722,false,מאפה גבינה א.ק-מכירה,Unknown,,מאפה גבינה א.ק-מכירה,,0.00,,false,1,11.00,0.00,true,1,22769
9999921040984,false,קוקיס בודד שוקו,Unknown,,קוקיס בודד שוקו,,0.00,,false,1,5.00,0.00,true,1,22795
9999921040986,false,קוקיס בודד ש.ציפס,Unknown,,קוקיס בודד ש.ציפס,,0.00,,false,1,5.00,0.00,true,1,22796
9999921040989,false,ק. בודד ש.ציפס נוגט,Unknown,,ק. בודד ש.ציפס נוגט,,0.00,,false,1,5.00,0.00,true,1,22797
9999921040991,false,קוקיס בודד עם ביגלה,Unknown,,קוקיס בודד עם ביגלה,,0.00,,false,1,5.00,0.00,true,1,22798
9999921041389,false,ב.לרכב ניו קאר 35מל,Unknown,,ב.לרכב ניו קאר 35מל,,12.00,יחידה,false,1,14.90,1.24,true,1,23165
9999921041398,false,ק.חמאה אישי א.ק.למכי,Unknown,,ק.חמאה אישי א.ק.למכי,,0.00,,false,1,11.00,0.00,true,1,27085
9999921041434,false,קרמבו למכירה בודד,Unknown,,קרמבו למכירה בודד,,29.00,100 גרם,false,1,3.90,13.45,true,1,23563
9999921041564,false,החזר פקדון 1.5 ל,Unknown,,החזר פקדון 1.5 ל,,0.00,,false,1,0.00,0.00,false,1,23997
9999921042292,false,מארז 50 שח,Unknown,,מארז 50 שח,,0.00,,false,1,50.00,0.00,false,1,25728
9999921042365,false,קרואסון פינוקים משוד,Unknown,,קרואסון פינוקים משוד,,0.00,,false,1,20.00,0.00,true,1,25857
9999921042498,false,גוסי בננה מלון תמר,Unknown,,גוסי בננה מלון תמר,,0.00,,false,1,20.00,0.00,true,1,27262
9999921042504,false,גוסי אננס ומנגו,Unknown,,גוסי אננס ומנגו,,0.00,,false,1,20.00,0.00,true,1,27263
9999921042505,false,גוסי תמר ואוכמניות,Unknown,,גוסי תמר ואוכמניות,,0.00,,false,1,20.00,0.00,true,1,27264
9999921043175,false,פרצלס למכירה,Unknown,,פרצלס למכירה,,0.00,,false,1,10.00,0.00,true,1,26406
9999921043207,false,פולי לוואצה פיו מתנה,Unknown,,פולי לוואצה פיו מתנה,,1.00,יחידה,false,1,89.00,89.00,false,1,26474
9999921043208,false,פ.לוואצה מ.פיאנו גוס,Unknown,,פ.לוואצה מ.פיאנו גוס,,1.00,יחידה,false,1,69.00,69.00,false,1,26475
9999921043401,false,מארז לחג 50 שח,Unknown,,מארז לחג 50 שח,,0.00,,false,1,50.00,0.00,false,1,26750
9999921043419,false,מארז פורים דניאל,Unknown,,מארז פורים דניאל,,1.00,יחידה,false,1,149.00,149.00,false,1,26765
9999921043425,false,לחמניה פסח בודדת,Unknown,,לחמניה פסח בודדת,,1.00,יחידה,false,1,6.00,6.00,false,1,26775
9999921043492,false,מצות 500 גרם,Unknown,,מצות 500 גרם,,1.00,יחידה,false,1,9.90,9.90,false,1,26811
9999921043493,false,מארז לחג 350 שח,Unknown,,מארז לחג 350 שח,,0.00,,false,1,350.00,0.00,false,1,26812
9999921043531,false,ת.קינואה עם עגבניות,Unknown,,ת.קינואה עם עגבניות,,0.00,,false,1,9.90,0.00,true,1,26845
9999921043532,false,ת.קינואה זוקיני ובצל,Unknown,,ת.קינואה זוקיני ובצל,,0.00,,false,1,9.90,0.00,true,1,26846
9999921043534,false,ת.קינואה חציל זוקיני,Unknown,,ת.קינואה חציל זוקיני,,0.00,,false,1,9.90,0.00,true,1,26847
9999921043560,false,קונוס אחסון PUFFIZ,Unknown,,קונוס אחסון PUFFIZ,,0.00,,false,1,5.00,0.00,true,1,26996
9999921044083,false,פוקאצה בטעמים,Unknown,,פוקאצה בטעמים,,0.00,,false,1,16.00,0.00,false,1,27333
9999921044690,false,מארז 75 שח,Unknown,,מארז 75 שח,,0.00,,false,1,75.00,0.00,false,1,28043
9999921044889,false,מגש 24יח XLב89.90,Unknown,,מגש 24יח XLב89.90,,250.00,"100 מ""ל",false,1,89.90,35.96,true,1,28221
9999921044902,false,מגש 24יח XLב89.90,Unknown,,מגש 24יח XLב89.90,,250.00,"100 מ""ל",false,1,89.90,35.96,false,1,28234
9999942000557,false,פיקדון שלישיה,Unknown,,פיקדון שלישיה,,0.00,,false,1,0.90,0.00,false,1,7309
9999946000178,false,פיקדון בקבוק,Unknown,,פיקדון בקבוק,,0.00,,false,1,0.30,0.00,false,1,5649
9999946001980,false,קפוצינו רגיל-יילו ק,Unknown,,קפוצינו רגיל-יילו ק,,0.00,,false,1,12.00,0.00,true,1,12396
9999946001981,false,קפוצינו גדול-יילו ק,Unknown,,קפוצינו גדול-יילו ק,,0.00,,false,1,14.00,0.00,true,1,12397
9999946001982,false,אספרסו קצר-יילו קפה,Unknown,,אספרסו קצר-יילו קפה,,0.00,,false,1,9.00,0.00,true,1,12398
9999946001983,false,אספרסו כפול-יילו קפה,Unknown,,אספרסו כפול-יילו קפה,,0.00,,false,1,11.00,0.00,true,1,12399
9999946001984,false,לאטה רגיל-יילו קפה,Unknown,,לאטה רגיל-יילו קפה,,0.00,,false,1,13.00,0.00,true,1,12400
9999946001985,false,לאטה גדול-יילו קפה,Unknown,,לאטה גדול-יילו קפה,,0.00,,false,1,15.00,0.00,true,1,12401
9999946001986,false,אמריקאנו-יילו קפה,Unknown,,אמריקאנו-יילו קפה,,0.00,,false,1,12.00,0.00,true,1,12402
9999946001989,false,קפה שחור-יילו קפה,Unknown,,קפה שחור-יילו קפה,,0.00,,false,1,8.00,0.00,true,1,12403
9999946001990,false,נס קפה רגיל-ילו קפה,Unknown,,נס קפה רגיל-ילו קפה,,0.00,,false,1,9.00,0.00,true,1,12404
9999946001991,false,נס קפה גדול-יילו,Unknown,,נס קפה גדול-יילו,,0.00,,false,1,11.00,0.00,true,1,12405
9999946001992,false,נס על חלב קטן-יילו,Unknown,,נס על חלב קטן-יילו,,0.00,,false,1,10.00,0.00,true,1,12406
9999946001993,false,נס על חלב גדול-יילו,Unknown,,נס על חלב גדול-יילו,,0.00,,false,1,12.00,0.00,true,1,12407
9999946001995,false,שוקו חם -יילו קפה,Unknown,,שוקו חם -יילו קפה,,0.00,,false,1,12.00,0.00,false,1,12408
9999946001996,false,תה חם -יילו קפה,Unknown,,תה חם -יילו קפה,,0.00,,false,1,8.00,0.00,true,1,12409
9999946002000,false,גרניטה -יילו קפה,Unknown,,גרניטה -יילו קפה,,0.00,,false,1,14.00,0.00,true,1,12413
9999946002019,false,מקיאטו רגיל-יילו קפה,Unknown,,מקיאטו רגיל-יילו קפה,,0.00,,false,1,10.00,0.00,true,1,12422
9999946002020,false,מקיאטו כפול-יילו קפה,Unknown,,מקיאטו כפול-יילו קפה,,0.00,,false,1,12.00,0.00,true,1,12423
9999946002191,false,גרניטה דיאט-יילו קפה,Unknown,,גרניטה דיאט-יילו קפה,,0.00,,false,1,14.00,0.00,false,1,12487
9999946002930,false,גרניטה בדצ-יילו קפה,Unknown,,גרניטה בדצ-יילו קפה,,0.00,,false,1,14.00,0.00,true,1,22268
9999946006103,false,משלוח עד הבית,Unknown,,משלוח עד הבית,,0.00,,false,1,20.00,0.00,false,1,20870
9999946006122,false,אספרסו ארוך-יילו קפה,Unknown,,אספרסו ארוך-יילו קפה,,0.00,,false,1,9.00,0.00,true,1,20965
9999946006242,false,פיקדון שמינייה,Unknown,,פיקדון שמינייה,,0.00,,false,1,2.40,0.00,false,1,21895
9999946006493,false,היטל שקית 10אג,Unknown,,היטל שקית 10אג,,0.00,,false,1,0.10,0.00,false,1,23168
9999946006640,false,פיקדון בקבוק קולה,Unknown,,פיקדון בקבוק קולה,,0.00,,false,1,0.30,0.00,false,1,26968
9999946006669,false,גלידה סנדיי+תוספות,Unknown,,גלידה סנדיי+תוספות,,1.00,יחידה,false,1,12.00,12.00,true,1,27257
9999946006670,false,גלידה סנדיי,Unknown,,גלידה סנדיי,,1.00,יחידה,false,1,10.00,10.00,true,1,27258
9999946006671,false,פיקדון בקבוק יינות,Unknown,,פיקדון בקבוק יינות,,0.00,,false,1,0.30,0.00,false,1,27301
9999946006672,false,משלוח 10 שח,Unknown,,משלוח 10 שח,,0.00,,false,1,10.00,0.00,false,1,27308
9999946006673,false,משלוח 15 שח,Unknown,,משלוח 15 שח,,0.00,,false,1,15.00,0.00,false,1,27309
