code,internal_code,name,manufacturer_name,manufacture_country,manufacturer_item_description,unit_qty,quantity,unit_of_measure,weighted,qty_in_package,price,unit_of_measure_price,allow_discount,status,item_id
32147230,false,"מיץ לימון משומר 200מ""ל(לימונית אקסטרא)",ג'נרל מילס סאן אדריא,CH,מיץ לימון משומר,מיליליטרים,200.00,"100 מ""ל",false,0,7.50,3.75,true,1,
42102021,false,מסטיק אורביט פרופשונל10י,ריגלי,PL,מסטיק אורביט,יחידה,1.00,יחידה,false,0,3.60,3.60,true,1,
42123873,false,אורביט פרופשיונל ספירמיט,ריגלי,PL,מסטיק אורביט,יחידה,1.00,יחידה,false,0,3.60,3.60,true,1,
42182085,false,5 בטעם פירות טרופיים31גר,ריגלי,FR,5 פירות טרופיים,גרמים,31.00,100 גרם,false,0,6.90,22.26,true,1,
42182108,false,מסטיק פייב פפרמינט 12 סטיקס,ריגלי צרפת,FR,5 בטעם מנטה,גרמים,31.00,100 גרם,false,0,6.90,22.26,true,1,
42182115,false,אורביט פייב ספירמינט 12 סטיקס 29 גר,ריגלי צרפת,FR,5 מנטה עדינה,גרמים,31.00,100 גרם,false,0,6.90,22.26,true,1,
42247388,false,מסטיק אורביט בבלמינט14יח,ריגלי,PL,אורביט בליסטר,גרמים,14.00,100 גרם,false,0,3.60,25.71,true,1,
42247555,false,מסטיק 5 אוכמניות רימון31,ריגלי,FR,מסטיק 5 אוכמניות,גרמים,31.00,100 גרם,false,0,6.90,22.26,true,1,
42268253,false,אורביט בליסטר אוכמניות14,ריגלי,PL,אורביט בליסטר,גרמים,14.00,100 גרם,false,0,3.60,25.71,true,1,
46024817,false,נקסט אוריגינלPP חפיס,פיליפ מוריס,,נקסט חפיסה,יחידה,1.00,יחידה,false,0,28.00,28.00,false,1,
46024824,false,נקסט פייןPP חפיסה,פיליפ מוריס,,נקסט חפיסה,יחידה,1.00,יחידה,false,0,28.00,28.00,false,1,
72917275,false,חטיף טורטית 40 גר,STRAUSS-ISRAEL,IL,וופל טורטית,גרמים,40.00,100 גרם,false,0,4.50,11.25,true,1,
72917589,false,מקופלת חלב 25 גרם,"שטראוס גרופ בע""מ",IL,מקופלת חלב,גרמים,25.00,100 גרם,false,0,4.50,18.00,true,1,
72918104,false,טעמי עלית מגדים 40 גרם,STRAUSS-ISRAEL,IL,טעמי מגדים,גרמים,40.00,100 גרם,false,0,4.50,11.25,true,1,
72918388,false,חטיף טויסט 28 גרם,"שטראוס גרופ בע""מ",IL,חטיף טוויסט,גרמים,28.00,100 גרם,false,0,4.50,16.07,true,1,
72940754,false,"מילקי מעדן וניל עם קצפת שטראוס 133 מ""ל","שטראוס גרופ בע""\מ",IL,מילקי טעם וניל,מיליליטרים,170.00,"100 מ""ל",false,0,2.90,1.71,true,1,
72940761,false,"מילקי מעדן שוקולד עם קצפת שטראוס 133 מ""ל",מיוצר עי קונדיטוריית,IL,מילקי טעם שוקולד,מיליליטרים,170.00,"100 מ""ל",false,0,2.90,1.71,true,1,
72940952,false,מעדן מילקי בטעם שוקולד עם אקסטרה קצפת,"שטראוס גרופ בע""\מ",IL,מילקי אקסטרה,מיליליטרים,170.00,"100 מ""ל",false,0,3.80,2.24,true,1,
72940983,false,סלט חומוס 250 גר אחל,אחלה - שטראוס,IL,חומוס אחלה,גרמים,250.00,100 גרם,false,0,8.50,3.40,true,1,
72941041,false,מעדן מילקי מיני בטעם שוקולד עם קצפת,"שטראוס גרופ בע""\מ",IL,מיני מילקי,מיליליטרים,90.00,"100 מ""ל",false,0,2.10,2.33,true,1,
72945308,false,קוביית שמרים טריים לאפיה שמרית 50 גרם,"פאקא תעשיות בע""\מ",IL,קוביות שמרים לחים אפיה50,גרמים,50.00,100 גרם,false,0,3.40,6.80,true,1,
72961209,false,"שמנת חמוצהבד""צ תנובה",תנובה מרכז שיתופי לש,IL,שמנית תנובה 15%,מיליליטרים,200.00,"100 מ""ל",false,0,2.28,1.14,true,1,
72961216,false,"אשל מהדרין 200 מ""ל.",תנובה מרכז שיתופי לש,IL,"אשד 200 מ""ל",מיליליטרים,200.00,"100 מ""ל",false,0,1.59,0.80,true,1,
72961223,false,"גילה 3% תנובה 200 מ""ל",תנובה מרכז שיתופי לש,IL,גילה 3%,מיליליטרים,200.00,"100 מ""ל",false,0,1.44,0.72,true,1,
72961513,false,פרילי משמש גביע 125 גרם %1.5,תנובה מרכז שיתופי לש,IL,פרילי משמש,מיליליטרים,125.00,"100 מ""ל",false,0,3.50,2.80,true,1,
72961520,false,"פרילי יוגורט עם אננס 1.5% תנובה 125 מ""ל",מיוצר עי קונדיטוריית,IL,פרילי אננס 1.5%,גרמים,125.00,100 גרם,false,0,3.50,2.80,true,1,
72961544,false,"באדי יוגורט בטעם תות שדה 3% תנובה 125 מ""ל",מחלבת אלון תבור,IL,מעדן באדי תות 3%,גרמים,125.00,100 גרם,false,0,2.70,2.16,true,1,
72961834,false,"באדי אפרסק 125 מ""ל",תנובה,IL,מעדן באדי אפרס,מיליליטרים,125.00,"100 מ""ל",false,0,2.70,2.16,true,1,
72963128,false,חמאה מהדרין 100 גרם,תנובה,IL,חמאה מהדרין,גרמים,100.00,100 גרם,false,0,3.92,3.92,true,1,
72963753,false,שמנת אורגינל של פעם 27% שומן 200 ג' תנובה,תנובה מרכז שיתופי לש,IL,שמנת חמוצה תנובה,גרמים,200.00,100 גרם,false,0,3.90,1.95,true,1,
72963920,false,יוגורט דנובה 4% 200,תנובה,IL,יוגורט דנובה,גרמים,200.00,100 גרם,false,0,3.40,1.70,true,1,
72964422,false,יוגורט פרחים 4.5% שומן 200 גרם,מחלבת תנובה,IL,יוגורט תנובה4.5%,מיליליטרים,200.00,"100 מ""ל",false,0,2.70,1.35,true,1,
72982457,false,מילקי קל טעם שוקולד170מל,"שטראוס גרופ בע""\מ",IL,מילקי קל שוקולד,מיליליטרים,170.00,"100 מ""ל",false,0,3.80,2.24,true,1,
72983225,false,מעדן מילקי הפוך 11% 170מ,"שטראוס גרופ בע""\מ",IL,מעדן מילקי הפוך,מיליליטרים,170.00,"100 מ""ל",false,0,3.80,2.24,true,1,
72983416,false,ל.מ. בלו ארוך בוקס חפ,פיליפ מוריס,,ל.מ. בלו ארוך בוקס חפ,יחידה,1.00,יחידה,false,0,32.00,32.00,false,1,
72983454,false,סיגריות גולף סופר סלימס בודד,דובק,,גולף סופר סלימס חפיסה,יחידה,1.00,יחידה,false,0,28.00,28.00,false,1,
72983997,false,קופסה גולף גולד ארוך בוקס,דובק,,גולף גולד 100 פ.ע חפ.,יחידה,1.00,יחידה,false,0,28.00,28.00,false,1,
72986233,false,באדי מעדן וניל גביע 1.5%שומן 125 גרם בדצ,מחלבת אלון תבור,IL,מעדן באדי וניל,גרמים,125.00,100 גרם,false,0,2.70,2.16,true,1,
72986240,false,באדי מעדן חלב בטעם שוקולד תנובה 125 גרם,מחלבת אלון תבור,IL,מעדן באדי שוקו,גרמים,125.00,100 גרם,false,0,2.70,2.16,true,1,
72986370,false,"גלידת בן & ג'ריס פיינטים וניל 500מ""ל",מוצרי איכות אמריקאיים,IL,"גל.וניל צרפתי 500 מ""ל",מיליליטרים,500.00,"100 מ""ל",false,0,25.50,5.10,true,1,
72991008,false,חטיף פסק זמן במילוי ופל מגולגל 45 גרם,"שטראוס גרופ בע""מ",IL,פסק זמן חלב,גרמים,45.00,100 גרם,false,0,4.90,10.89,true,1,
72991374,false,סיגריות טיים רד חפיס,דובק,IL,טיים RED חפיסה,יחידה,1.00,יחידה,false,0,27.00,27.00,false,1,
72991381,false,סיגריות טיים 100 RED בודד,דובק,IL,טיים RED 100 חפיסה,יחידה,1.00,יחידה,false,0,27.00,27.00,false,1,
72991404,false,סיגריות אירופה חפיסה,דובק,IL,אירופה חפיסה,יחידה,1.00,יחידה,false,0,27.00,27.00,false,1,
72991459,false,סיגריות גולף לייט חפ,דובק,IL,גולף חפיסה,יחידה,1.00,יחידה,false,0,28.00,28.00,false,1,
72991466,false,קופסה גולף גולד ארוך,דובק,IL,גולף GOLD 100 חפיסה,יחידה,1.00,יחידה,false,0,28.00,28.00,false,1,
72991510,false,סיגריות מונטנה פילטר,"דובק בע""מ",IL,מונטנה פילטר חפיסה,יחידה,1.00,יחידה,false,0,28.00,28.00,false,1,
72993637,false,מעדן חלב בטעם שוקולד 125 ג' דני,"שטראוס גרופ בע""\מ",IL,דני שוקולד 1.5%,גרמים,125.00,100 גרם,false,0,2.50,2.00,true,1,
72993927,false,נקסט לייט ארוך חפיסה,פיליפ מוריס,,נקסט 100 חפיסה,יחידה,1.00,יחידה,false,0,28.00,28.00,false,1,
72994313,false,סיגריות רויאל כחול ח,דובק,IL,רויאל כחול חפיסה,יחידה,1.00,יחידה,false,0,21.50,21.50,false,1,
80050124,false,סוכריות טיק טק מנטה 16 גרם,פררו - אלבה,ZA,סוכריות טיק טק,גרמים,16.00,100 גרם,false,0,3.50,21.88,true,1,
80052760,false,קינדר בואנו Kinder Bueno עם חלב ואגוזי לוז,פררו - אלבה,PL,קינדר בואנו 2 * 21.5 גרם,גרמים,43.00,100 גרם,false,0,4.80,11.16,true,1,
80177173,false,ממרח שוקולד נוטלה 350 גרם,פררו - אלבה,IT,ממרח נוטלה 350 גרם,גרמים,350.00,100 גרם,false,0,14.90,4.26,true,1,
80765790,false,מסטיק מנטוס3D אניגמה33ג,פרפטי ואן מלה,TR,מסטיק מנטוס3D אניגמה33ג,גרמים,33.00,100 גרם,false,0,7.60,23.03,true,1,
80807049,false,מסטיק מנטוס פירות אדומ28,פרפטי ואן מלה,TR,מסטיק מנטוס פירות אדומ28,גרמים,28.00,100 גרם,false,0,5.70,20.36,true,1,
80844235,false,מסטיק מנטוס3Dלימון/אשכול,פרפטי ואן מלה,TR,מסטיק מנטוס3Dלימון/אשכול,גרמים,33.00,100 גרם,false,0,7.60,23.03,true,1,
80905257,false,מסטיק מנטוס פירות מיקס90,פרפטי ואן מלה,TR,מסטיק מנטוס פירות מיקס90,גרמים,90.00,100 גרם,false,0,17.60,19.56,true,1,
80923480,false,מסטיק מנטוס מנטה 28 גרם,פרפטי ואן מלה,TR,מסטיק מנטוס מנטה 28 גרם,גרמים,28.00,100 גרם,false,0,5.70,20.36,true,1,
80938828,false,מסט.מנטוס 3D אבטיח/אננס,פרפטי ואן מלה,TR,מסט.מנטוס 3D אבטיח/אננס,גרמים,33.00,100 גרם,false,0,7.60,23.03,true,1,
87108651,false,סוכריות בטעם מנטה מנטוס 4*37.5 גרם,הדקלאים אגודת שיתופי,NL,מנטוס מנטה 4 יח',גרמים,150.00,100 גרם,false,0,10.40,6.93,true,1,
87108712,false,סוכריות בטעם פירות מנטוס 4*37.5 גרם,פרפטי ואן מלה ברדה,NL,מנטוס פירות 4,גרמים,150.00,100 גרם,false,0,10.40,6.93,true,1,
13495113506,false,קליק ביסקוויט 75 גרם,יוניליוור ישראל מזון בע\,IL,קליק ביסקוויט,גרמים,75.00,100 גרם,false,0,6.30,8.40,true,1,
16000281684,false,חטיפי גרנולה קראנצ'י עם פקאן נייצ'ר ואלי 5*42 גרם,ליימן מותגים,US,חטיף נייטשר ואלי,גרמים,210.00,100 גרם,false,0,21.20,10.10,true,1,
16000461888,false,קראנצ'י שוק+חמ.בוטנים5יח,ג'נרל מילס,ES,חטיפי קראנצ'י,גרמים,210.00,100 גרם,false,0,21.20,10.10,true,1,
16000548404,false,חטיפי גרנולה קראנצ'י עם שיבולת שועל ודבש נייצ'ר ואלי 5*42 גרם,ג'נרל מילס סאן אדריאן,ES,חטיף נייטשר ואלי,גרמים,210.00,100 גרם,false,0,21.20,10.10,true,1,
16000548503,false,חטיפי גרנולה קראנצ'י עם מייפל וסוכר חום נייצ'ר ואלי 5*42 גרם,ג'נרל מילס סאן אדריאן,ES,חטיף נייטשר ואלי,גרמים,210.00,100 גרם,false,0,21.20,10.10,true,1,
18000703494,false,"פילסברי, עוגה בטעם וניל, תערובת להכנת עוגה בטעם וניל. 500 גרם.",הדקלאים אגודת שיתופי,IL,תערובת לעוגת וניל 500גרם,גרמים,500.00,100 גרם,false,0,17.60,3.52,true,1,
18000766413,false,"פילסברי, עוגה בטעם שוקולד, תערובת להכנת עוגה בטעם שוקולד. 550 גרם.",הדקלאים אגודת שיתופי,IL,תערובת לעוגה בראוניס550ג,גרמים,550.00,100 גרם,false,0,17.60,3.20,true,1,
22200956932,false,דאודורנט ספיד סטיק גל 24/7 כחול 85 גר,הנסיך- מפעל לייצור ט,US,דאודורנט ג'ל,גרמים,85.00,100 גרם,false,0,32.60,38.35,true,1,
29424007907,false,וופלים מצופים 20גרם40Xיח,מנעמים,IL,וופלים מצופים,גרמים,800.00,100 גרם,false,0,18.00,2.25,true,1,
38000844973,false,חטיף פרינגלס ברביקיו169ג,פרוקטר & גמבל,IL,חטיף פרינגלס ברביקיו169ג,גרמים,169.00,100 גרם,false,0,10.90,6.45,true,1,
38000845000,false,פרינגלס שמנת בצל 169 גר,פרוקטר & גמבל,US,פרינגלס שמנת בצל,גרמים,169.00,100 גרם,false,0,10.90,6.45,true,1,
38527591053,false,קואקר דגנים מרובעים שיבולת שועל וקינמון,קוואקר אוטס קומפני,US,דגנים מרובעים קינמון412ג,גרמים,412.00,100 גרם,false,0,23.40,5.68,true,1,
46214731552,false,עוגיות שוקולד צ'יפס 37% גודיס 225 גרם,קריניציה ויטמינה אס,NL,עוגיות ש.צ'יפס,גרמים,225.00,100 גרם,false,0,12.00,5.33,true,1,
64144090006,false,תרסיס שמן קנולה 170 גרם,קונגרה,US,תרסיס שמן קנולה,גרמים,170.00,100 גרם,false,0,21.00,12.35,true,1,
64144090020,false,"ספריי שמן PAM בטעם שמן זית 141 מ""ל",קונאגרה פודס,US,תרסיס שמן זית 141 גרם,גרמים,141.00,100 גרם,false,0,21.00,14.89,true,1,
77245110610,false,סוכריות מאסט ללא סוכר בטעם מנטה 80 ג'עלית,MIESZKO S.A - MS. JO,PL,סוכריות מאסט,גרמים,80.00,100 גרם,false,0,7.90,9.88,true,1,
712963001474,false,שוק.חלב ממול.קרם אגוז100,,GB,שוק.חלב ממול.קרם אגוז100,גרמים,100.00,100 גרם,false,0,8.20,8.20,true,1,
835811005704,false,נייר עטיפה לכריכים הנמל 100 יחידות,טופ פלסט 2002 בעמ,IL,נייר לסנדויץ,יחידה,1.00,יחידה,false,0,12.70,12.70,true,1,
835811008248,false,טחינה גולמית ירושלמית500,הנמל,IL,טחינה ירושלים,גרמים,500.00,100 גרם,false,0,15.70,3.14,true,1,
835811008347,false,גפרור מיוחד ענק הנמל 1 יחידה,הנמל,SE,גפרורים ענקיים,יחידה,1.00,יחידה,false,0,7.00,7.00,true,1,
856591000062,false,עוגיות מזרחיות עם מלח עבאדי 400 גרם,מאפיית יוסף ושמחה עבאדי,IL,עוגיות מזרחיות מלח400גרם,גרמים,400.00,100 גרם,false,0,17.10,4.28,true,1,
856591000109,false,עוגיות מזרחיות פריך במיוחד עבאדי 400 גרם,מאפיית יוסף ושמחה עבאדי,IL,עוגיות מזרחיות,גרמים,400.00,100 גרם,false,0,17.10,4.28,true,1,
856591000123,false,עוגיות מזרחיות עבאדי700ג,עבאדי,IL,עוגיות מזרחיות עבאדי700ג,גרמים,700.00,100 גרם,false,0,21.30,3.04,true,1,
856591000451,false,מיני מזרח.מעורב ירושלמי,עבאדי,IL,עוגיות מזרחיות,גרמים,200.00,100 גרם,false,0,9.90,4.95,true,1,
3014260841973,false,3 מברשות קלאסיק 40 מדיום,פרוקטר & גמבל,IN,3 מברשות שיניים,יחידה,1.00,יחידה,false,0,19.10,19.10,true,1,
3059940007768,false,"מבשם אוויר אירוויק ספריי וניל אורכידאה 240 מ""ל",איירוויק Air Wick,GB,אירויק ספריי,מיליליטרים,240.00,"100 מ""ל",false,0,13.50,5.63,true,1,
3059943009080,false,איירויק מילוי לבנדר 250,רקיט בנקיזר,GB,איירויק מילוי,מיליליטרים,250.00,"100 מ""ל",false,0,27.30,10.92,true,1,
3059943015104,false,"אירוויק מבשם אויר נטול גז בניחוח פריסיה ויסמין 345 מ""ל",איירוויק Air Wick,PL,אירוויק מבשם,מיליליטרים,345.00,"100 מ""ל",false,0,15.90,4.61,true,1,
3574660089547,false,טמפונים נורמל קלאסי אובה 32 יחידות,ג'\ונסון אנד ג'\ונסון,GR,טמפוני או בה נורמל 32 יח,יחידה,1.00,יחידה,false,0,37.10,37.10,true,1,
3574660322576,false,מגן תחתון קרפרי רגיל,ג'ונסון אנד ג'ונסון,IT,קרפרי רגיל 58 יחידות,יחידה,1.00,יחידה,false,0,20.70,20.70,true,1,
3574660322613,false,קרפרי אוורירי מבושם 58יח,"ש. שסטוביץ בע""\מ",IT,קרפרי מגן תחתו,יחידה,1.00,יחידה,false,0,20.70,20.70,true,1,
3574660464337,false,מגני תחתון קרפרי נורמל אוורירי מבושם,ג'\ונסון אנד ג'\ונסון,GR,76 קרפרי מבושם מגה פאק,יחידה,1.00,יחידה,false,0,25.20,25.20,true,1,
3574660464429,false,מגני תחתון קרפרי נורמל אוורירי עם מעטפת כותנה,ג'\ונסון אנד ג'\ונסון,GR,76 קרפרי אוורירי מגה פאק,יחידה,1.00,יחידה,false,0,25.20,25.20,true,1,
3574661069456,false,שמפו גונסונס משאבה750מ,CILAG GMBH INTERNATI,IL,שמפו גונסונס,מיליליטרים,750.00,"100 מ""ל",false,0,28.80,3.84,true,1,
4000508037351,false,קפה קרונונג פילטר 250גרם,מונדלייז,DE,קפה קרונונג,גרמים,250.00,100 גרם,false,0,25.20,10.08,true,1,
4005808500000,false,לבלו שפתון ליובש כחול,אלפא קוסמטיקה,DE,לבלו שפתון,יחידה,1.00,יחידה,false,0,13.20,13.20,true,1,
4005808850716,false,שפתון לבלו דובדבן,,,שפתון לבלו דובדבן,יחידה,1.00,יחידה,false,0,16.10,16.10,true,1,
4009300522966,false,תה ירוק עם נענע פומפדור 20 יחידות,"איטיליאן פוד, אס.פי.",DE,תה ירוק עם נענע 20 שק',גרמים,30.00,100 גרם,false,0,19.60,65.33,true,1,
4009900385824,false,מארז חמישיית מסטיק אורביט Orbit בטעם מנטה,ריגלי צרפת,FR,מארז אורביט,גרמים,65.00,100 גרם,false,0,10.00,15.38,true,1,
4009900405713,false,איירווייז מיני אניס+מנ42,ריגלי,PL,איירווייז מיני,גרמים,42.00,100 גרם,false,0,5.90,14.05,true,1,
4009900487283,false,אורביט ילדים קלאסי סט' משפחתי-חמישיות,ריגלי צרפת,FR,מארז אורביט,גרמים,65.00,100 גרם,false,0,10.00,15.38,true,1,
4009900488891,false,מיני וויט פירות3יח14*גרם,ריגלי,PL,אורביט מיני וויט,גרמים,42.00,100 גרם,false,0,5.90,14.05,true,1,
4009900488952,false,שלישיית אורביט מיני ווינטרפרש,ריגלי,PL,אורביט מיני,גרמים,42.00,100 גרם,false,0,5.90,14.05,true,1,
4014400400007,false,טופיפי 125 גרם,שטורק,DE,טופיפי,גרמים,125.00,100 גרם,false,0,13.60,10.88,true,1,
4014400901191,false,בונבונריית מרסי מבחר ממתקי שוקולד 250 גרם,ליימן מותגים,DE,בונבוניירה מרסי 250 גרם,גרמים,250.00,100 גרם,false,0,24.20,9.68,true,1,
4014400903409,false,בונבוניירה שוקולד אגוזים טופיפי 250 גרם,קריניציה ויטמינה אס,DE,בונ.טופיפי 250 גרם,גרמים,250.00,100 גרם,false,0,25.90,10.36,true,1,
4015400428657,false,תחבושות עבות לונג +,פרוקטר אנד גמבל,DE,15 אולוויז עבה לונג+,יחידה,1.00,יחידה,false,0,16.90,16.90,true,1,
4015400428688,false,תחבושות עבות נורמל +,פרוקטר אנד גמבל,DE,תחבושות אולוויז,יחידה,1.00,יחידה,false,0,16.90,16.90,true,1,
4015400556916,false,80מגני תח.אולוייז מגה פק,פרוקטר אנד גמבל,DE,מגן תחתון אולויז,יחידה,1.00,יחידה,false,0,32.30,32.30,true,1,
4015400562788,false,100 מגני תח.אולוייז מגה,פרוקטר & גמבל,IL,מגן תחתון אולויז,יחידה,1.00,יחידה,false,0,32.30,32.30,true,1,
4015400564034,false,מגן תחתון אולוויז מגה פק לונג פלוס 58 יחידות,פרוקטר אנד גמבל,DE,מגן תחתון אולויז,יחידה,1.00,יחידה,false,0,32.30,32.30,true,1,
4015400564454,false,מגני תחתון אולוויז לארג' עם ניחוח מגה פק,פרוקטר אנד גמבל,DE,מגן תחתון אולויז,יחידה,1.00,יחידה,false,0,32.30,32.30,true,1,
4015400598411,false,תחבושות היגייניות יום ולילה Day & Night - מארז 40 יח',פרוקטר אנד גמבל,DE,תחבושות אולוויז,יחידה,1.00,יחידה,false,0,42.10,42.10,true,1,
4015400649649,false,66פמפרס ניו בייבי מידה2,פרוקטר & גמבל,IL,חיתולי פמפרס,יחידה,1.00,יחידה,false,0,49.90,49.90,true,1,
4015400655282,false,אולוויז אינפינ.דואו לילה,פרוקטר אנד גמבל,IL,תחבושות אולוויז,יחידה,1.00,יחידה,false,0,40.90,40.90,true,1,
4015400655305,false,אולוויז אינפינ.דואו נורמ,פרוקטר & גמבל,IL,תחבושות אולוויז,יחידה,1.00,יחידה,false,0,40.90,40.90,true,1,
4015400699958,false,אולוויז תחבושות דואו נורמל 32 יח',,,תחבושות אולוייז,יחידה,1.00,יחידה,false,0,24.90,24.90,true,1,
4015400700111,false,24 תח.אולוייז דואו לונג,,,תחבושות אולוייז,יחידה,1.00,יחידה,false,0,24.90,24.90,true,1,
4015400737070,false,90פמפרס אקטיב בייבי שלב4,פרוקטר & גמבל,PL,חיתולי פמפרס,יחידה,1.00,יחידה,false,1,95.00,95.00,true,1,
4015400824701,false,טמפונים עם מוליך רגולר טמפקס 30 יחידות,פרוקטר אנד גמבל,HU,טמפקס פלאש,יחידה,1.00,יחידה,false,0,32.30,32.30,true,1,
4015600515492,false,פיירי פלטינום לימון720מל,פרוקטר & גמבל,CZ,נוזל לכלים פיירי,מיליליטרים,720.00,"100 מ""ל",false,0,9.90,1.38,true,1,
4015600582111,false,20טבליות פיירי פלטינום,פרוקטר & גמבל,GB,טבליות למדיח,יחידה,1.00,יחידה,false,0,34.90,34.90,true,1,
4015600717346,false,"אבקת כביסה ביומט 5 ק""ג",פרוקטר & גמבל,IL,"אבקת כביסה ביומט 5 ק""ג",קילוגרמים,5.00,"ק""ג",false,0,40.00,8.00,true,1,
4015600763251,false,שמפו הד&שולדרס קלאסי600מ,פרוקטר אנד גמבל,RO,שמפו הד&שולדרס קלאסי 600,מיליליטרים,600.00,"100 מ""ל",false,0,28.00,4.67,true,1,
4015600763299,false,הד&שולדרס 600 שמפו 2ב1 קלאסי,פרוקטר אנד גמבל,RO,"הד&שולדרס 2ב1- 600 מ""ל",מיליליטרים,600.00,"100 מ""ל",false,0,28.00,4.67,true,1,
4015600763374,false,שמפו הד&שולדרס הדרים 600,פרוקטר & גמבל,IL,שמפו הד&שולדרס הדרים 600,מיליליטרים,600.00,"100 מ""ל",false,0,28.00,4.67,true,1,
4015600763411,false,שמפו הד&שולדרס מנטול 600,פרוקטר אנד גמבל,RO,שמפו הד&שולדרס מנטול 600,מיליליטרים,600.00,"100 מ""ל",false,0,28.00,4.67,true,1,
4015600763459,false,שמפו הד&שולדרס תפוח600מל,פרוקטר אנד גמבל,RO,שמפו הד&שולדרס,מיליליטרים,600.00,"100 מ""ל",false,0,28.00,4.67,true,1,
4015600815318,false,שמפו פנטן מגע קטיפתי600מ,פרוקטר & גמבל,FR,שמפו פנטן,מיליליטרים,600.00,"100 מ""ל",false,0,24.90,4.15,true,1,
4043041008686,false,סוכ.דרופס לימון מנטה33גר,אורביט,CZ,דרופס לימון מנטה,גרמים,33.00,100 גרם,false,0,5.60,16.97,true,1,
4043041008716,false,סוכ.דרופס פירות יער 33גר,אורביט,CZ,דרופס פירות יער,גרמים,33.00,100 גרם,false,0,5.60,16.97,true,1,
4053700292455,false,ויט רצועות שעווה מוכנות להסרת שיער לעור רגיל 12 יחידות,רקיט בנקיזר צרפת,FR,רצועות שעווה ויט,יחידה,1.00,יחידה,false,0,36.60,36.60,true,1,
4084500078758,false,טבליות כביסה אריאל 28 יח,פרוקטר & גמבל,IL,אריאל פודס,יחידה,1.00,יחידה,false,0,51.90,51.90,true,1,
4084500371453,false,"אבקת כביסה טייד אלפיין 8 ק""ג",פרוקטר אנד גמבל,TR,"אבקת כביסה טייד 8 ק""ג",קילוגרמים,8.00,"ק""ג",false,0,67.90,8.49,true,1,
4801234145118,false,גלייד נטול גז אירוס,קוסטר אירוסול ואלף ס,TR,מטהר אוויר גלייד,מיליליטרים,400.00,"100 מ""ל",false,0,18.30,4.58,true,1,
4801234145125,false,גלייד נ.גז אושן בריז400מ,ג'ונסון,IL,מטהר אוויר גלייד,מיליליטרים,400.00,"100 מ""ל",false,0,18.30,4.58,true,1,
5000127163195,false,דגני בוקר קלוגס ספיישל קיי 500גרם,חברת קלוגס בריטניה,GB,קלוג'ס ספיישלK,גרמים,500.00,100 גרם,false,0,27.80,5.56,true,1,
5000204662160,false,קיווי משחה דארק50מל,ג'ונסון,FR,קיווי משחה דארק,מיליליטרים,50.00,"100 מ""ל",false,0,6.20,12.40,true,1,
5010182996799,false,ג'ל אסלה מנטרל ריחות בניחוח פרחי בר ורודים,דאופלור אס.פי.אי איט,IT,טואלט דאק ג'ל,מיליליטרים,55.00,"100 מ""ל",false,0,13.50,24.55,true,1,
5010182997338,false,דאק ג'ל לניקוי אסלות בניחוח רענן 55 מל,"איטיליאן פוד, אס.פי.",IT,ט.דאק ג'ל אסלה ירוק55מל,מיליליטרים,55.00,"100 מ""ל",false,0,13.50,24.55,true,1,
5010182997918,false,דאק ג'ל לניקוי אסלות בניחוח ים 55 מל,"איטיליאן פוד, אס.פי.",IT,טואלט דאק ג'ל,מיליליטרים,55.00,"100 מ""ל",false,0,13.50,24.55,true,1,
5010677551281,false,בקרדי בריזר לימון 275 בקבוק,בקרדי בריזר Bacardi Breezer,BE,"בקרדי בריזר לימון 275מ""ל",מיליליטרים,275.00,"100 מ""ל",false,0,14.60,5.31,true,1,
5010677554398,false,בקרדי בריזר אבטיח 275 בקבוק,בקרדי בריזר Bacardi Breezer,BE,"בקרדי בריזר אבטיח 275מ""ל",מיליליטרים,275.00,"100 מ""ל",false,0,14.60,5.31,true,1,
5011417540916,false,פיניש קוואנטום 20 טבליות,רקיט בנקיזר,PL,פיניש קואנטום 20טבליות,יחידה,1.00,יחידה,false,0,40.90,40.90,true,1,
5014271330426,false,מעדן אוכמניות כחולות ללא תוספת סוכר 284 גרם,סאן דלפור - שמבור,FR,מעדן אוכמניות כחולות284ג,גרמים,284.00,100 גרם,false,0,20.90,7.36,true,1,
5014271350424,false,מעדן ארבעה פירות ללא תוספת סוכר 284 גרם,סאן דלפור - שמבור,FR,מעדן 4 פירות,גרמים,284.00,100 גרם,false,0,20.90,7.36,true,1,
5014271390420,false,מע.פטל ללא תוספת סוכר284,סאן דלפור - שמבור,FR,מע.פטל ללא תוספת סוכר284,גרמים,284.00,100 גרם,false,0,20.90,7.36,true,1,
5029053510811,false,קוטקס - תחבושות אולטרה נורמל + כנפיים 30 יח',קימברלי קלארק,CZ,תחבושות קוטקס,יחידה,1.00,יחידה,false,0,21.00,21.00,true,1,
5029053523446,false,קוטקס - תחבושות אולטרה נייט + כנפיים 20 יח',קימברלי קלארק,CZ,תחבושות קוטקס,יחידה,1.00,יחידה,false,0,21.00,21.00,true,1,
5029053534596,false,טמפונים נורמל קוטקס 32 יחידות,קימברלי קלארק,CZ,טמפוני קוטקס,יחידה,1.00,יחידה,false,0,28.60,28.60,true,1,
5029053535210,false,טמפון קוטקס עם מוליך מיני 16 יח,קימברלי קלארק,CZ,טמפוני קוטקס,יחידה,1.00,יחידה,false,0,21.40,21.40,true,1,
5050083559709,false,קלוגס קוקו פופס 550 גרם,קלוג'ס,,קלוגס קוקו פופס,גרמים,550.00,100 גרם,false,0,25.70,4.67,true,1,
5099864006377,false,תחליף חלב מהדרין שלב 1 סימילאק אדוונס 90,אבוט מעבדות רפואיות,ES,סימילאק שלב 1,גרמים,900.00,100 גרם,false,0,86.80,9.64,true,1,
5099864006384,false,תחליף חלב למהדרין שלב 2 סימילאק 900 גרם,אבוט מעבדות רפואיות,ES,סימילאק שלב 2,גרמים,900.00,100 גרם,false,0,86.80,9.64,true,1,
5099864006391,false,תחליף חלב למהדרין שלב 3 סימילאק 900 גרם,אבוט מעבדות רפואיות,ES,סימילאק שלב 3,יחידה,1.00,יחידה,false,0,86.80,86.80,true,1,
5099864006704,false,סימילאק אדבנס+שלב 1 900ג,אבוט,IE,סימילאק אדבנס,גרמים,900.00,100 גרם,false,0,79.90,8.88,true,1,
5099864006728,false,סימילאק אדבנס+שלב 3 900ג,אבוט,IE,סימילאק אדבנס,גרמים,900.00,100 גרם,false,0,79.90,8.88,true,1,
5410033851459,false,תה ליפטון מעטפה 1.5*100ג,יוניליוור,IN,תה ליפטון מעטפה,גרמים,150.00,100 גרם,false,0,22.00,14.67,true,1,
5410076722426,false,פיירי פלטינום לימון650מל,פרוקטר & גמבל,GB,פיירי פלטינום,מיליליטרים,650.00,"100 מ""ל",false,0,10.90,1.68,true,1,
5410126106183,false,עוגיות לוטוס 50 יחידות ארוזות בנפרד 312 גרם,כלורוקס אוקלנד,BE,ביסקוויט לוטוס,גרמים,312.00,100 גרם,false,0,18.50,5.93,true,1,
5410126116953,false,ממרח ביסקוויט קרמל לוטוס 400 גרם,לוטוס בייקרי בלגיה נ,BE,ממרח ביסקוויט,גרמים,400.00,100 גרם,false,0,22.10,5.53,true,1,
5410126716016,false,"עוגיות לוטוס ביסקויט קרמל בד""צ 250 גרם",לוטוס ביקרי בלגיה,BE,ביסקויט לוטוס,גרמים,250.00,100 גרם,false,0,13.10,5.24,true,1,
5411188110842,false,אלפרו משקה אגוזים 1 ליטר,הנסיך- מפעל לייצור ט,IL,אלפרו משקה אגוזים 1 ליטר,ליטרים,1.00,ליטר,false,0,15.90,15.90,true,1,
5412841606153,false,סוכ.מנטוס KISS מנטה5.7גר,פרפטי ואן מלה ברדה,NL,סוכריות מנטוס,גרמים,5.00,100 גרם,false,0,5.70,114.00,true,1,
5412841606184,false,מנטוס KISS ספירמינט5.7גר,פרפטי ואן מלה ברדה,NL,סוכריות מנטוס,גרמים,5.00,100 גרם,false,0,5.70,114.00,true,1,
5413149695986,false,"אבקת תינוקלין 1.25 ק""ג",פרוקטר & גמבל,CH,אבקת כביסה,קילוגרמים,1.25,"ק""ג",false,0,26.10,20.88,true,1,
5701092108708,false,פיניש קוואנטום לימון20טב,רקיט בנקיזר,PL,טבליות קוואנטום,יחידה,1.00,יחידה,false,0,40.90,40.90,true,1,
5701932026964,false,"הוטפופ גרעיני תירס להכנת פופקורן במיקרוגל בטעם טבעי, בתוספת מלח, 600 גרם",ליימן מותגים,US,הוט פופ טעם מלוח 100X6גר,גרמים,600.00,100 גרם,false,0,18.00,3.00,true,1,
5900020012814,false,דגנים תפוחים בטעם שוקולד נסקוויק נסטלה 500 גרם,מיוצר עי קונדיטוריית,PL,דגני נסקוויק,גרמים,500.00,100 גרם,false,0,25.90,5.18,true,1,
5906485301012,false,"משקה אנרגיה XL פחית 250 מ""ל","טמפו משקאות בע""מ",IL,משקה אנרגיה XL,מיליליטרים,250.00,"100 מ""ל",false,0,4.00,1.60,true,1,
5906485301067,false,משקה אנרגיה 6 יח,,IL,משקה אנרגיה 6 יח,ליטרים,1.50,ליטר,false,0,25.90,17.27,true,1,
5906485301326,false,"XL ספורט מאניה 250 מ""ל",,IL,"XL ספורט מאניה 250 מ""ל",מיליליטרים,250.00,"100 מ""ל",false,0,4.00,1.60,true,1,
5906485301456,false,אקסל משקה אנרגיה אפט,,IL,"XL אפטר פארטי 250 מ""ל",מיליליטרים,250.00,"100 מ""ל",false,0,4.00,1.60,true,1,
5906485301470,false,"XL דאבל קיק 250 מ""ל",,IL,"XL דאבל קיק 250 מ""ל",מיליליטרים,250.00,"100 מ""ל",false,0,4.00,1.60,true,1,
5907782910648,false,קרמבו קרמבולי מוקה 12 יח,גלידות אריזונה,IL,קרמבו מוקה,גרמים,240.00,100 גרם,false,0,10.00,4.17,true,1,
6001067018049,false,קולגייט ילדים 2-5מברשת שיניים,קולגייט-פלמוליב,VN,מברשת קולגייט,יחידה,1.00,יחידה,false,0,10.90,10.90,true,1,
7290000000022,true,עגבניות חממה,קטיף.,IL,עגבניות חממה,קילוגרמים,0.00,"ק""ג",true,0,6.90,6.90,true,1,
7290000000046,true,מלפפונים,קטיף.,IL,מלפפונים,קילוגרמים,0.00,"ק""ג",true,0,5.90,5.90,true,1,
7290000000053,true,קישואים מובחר,קטיף.,IL,קשואים,קילוגרמים,0.00,"ק""ג",true,0,9.90,9.90,true,1,
7290000000084,true,פלפל ירוק בהיר,שותפות מזרחי,IL,פלפל בהיר,קילוגרמים,0.00,"ק""ג",true,0,9.90,9.90,true,1,
7290000000091,true,פלפל אדום,קטיף.,IL,פלפל אדום,קילוגרמים,0.00,"ק""ג",true,0,9.90,9.90,true,1,
7290000000107,true,פלפל ירוק כהה,קטיף.,IL,פלפל כהה,קילוגרמים,0.00,"ק""ג",true,0,9.90,9.90,true,1,
7290000000114,true,חצילים,קטיף.,IL,חצילים,קילוגרמים,0.00,"ק""ג",true,0,6.90,6.90,true,1,
7290000000121,true,גזר ארוז,קטיף.,IL,גזר ארוז,קילוגרמים,0.00,"ק""ג",true,0,4.90,4.90,true,1,
7290000000138,true,כרוב לבן,קטיף.,IL,כרוב לבן,קילוגרמים,0.00,"ק""ג",true,0,5.90,5.90,true,1,
7290000000145,true,כרוב אדום,קטיף.,IL,כרוב אדום,קילוגרמים,0.00,"ק""ג",true,0,6.90,6.90,true,1,
7290000000176,true,כרובית,קטיף.,IL,כרובית,קילוגרמים,0.00,"ק""ג",true,0,9.90,9.90,true,1,
7290000000183,true,סלק,קטיף.,IL,סלק,קילוגרמים,0.00,"ק""ג",true,0,4.90,4.90,true,1,
7290000000190,true,לפת,קטיף.,IL,לפת,קילוגרמים,0.00,"ק""ג",true,0,4.90,4.90,true,1,
7290000000213,true,צנונית -יח,קטיף.,IL,צנונית -יח,יחידה,1.00,יחידה,false,0,5.90,5.90,true,1,
7290000000220,true,קולורבי,קטיף.,IL,קולורבי,קילוגרמים,0.00,"ק""ג",true,0,8.90,8.90,true,1,
7290000000244,true,שעועית ירוקה יחידה,קטיף.,IL,שעועית ירוקה,יחידה,1.00,יחידה,false,0,13.90,13.90,true,1,
7290000000299,true,חסה עגולה יחידה,קטיף.,IL,חסה עגולה-יח',יחידה,1.00,יחידה,false,0,5.90,5.90,true,1,
7290000000350,true,מנגולד )סלק עלים( יחידה,קטיף.,IL,פזיל-יח',יחידה,1.00,יחידה,false,0,5.00,5.00,true,1,
7290000000374,true,פטריות שמפניון יחידה,קטיף.,IL,שמפניון-יח',יחידה,1.00,יחידה,false,0,9.90,9.90,true,1,
7290000000411,true,שום - רביעייה במארז,קטיף.,XX,שום - רביעייה במארז,יחידה,1.00,יחידה,false,0,8.00,8.00,true,1,
7290000000428,true,בטטות מובחר,קטיף.,IL,בטטות מובחר,קילוגרמים,0.00,"ק""ג",true,0,8.90,8.90,true,1,
7290000000435,true,סלרי עלים יחידה,קטיף,IL,סלרי עלים -יח',יחידה,1.00,יחידה,false,0,6.90,6.90,true,1,
7290000000466,true,בצל ירוק יחידה,קטיף.,IL,בצל ירוק-יח',יחידה,1.00,יחידה,false,0,5.90,5.90,true,1,
7290000000480,true,בצל יבש,קטיף.,IL,בצל יבש,קילוגרמים,0.00,"ק""ג",true,0,3.90,3.90,true,1,
7290000000510,true,פטרוזיליה יחידה,קטיף.,IL,פטרוזיליה-יח',יחידה,1.00,יחידה,false,0,4.50,4.50,true,1,
7290000000527,true,שמיר יחידה,קטיף,IL,שמיר יח',יחידה,1.00,יחידה,false,0,4.50,4.50,true,1,
7290000000534,true,סלרי ראש יחידה,קטיף,IL,סלרי ראש-יח',יחידה,1.00,יחידה,false,0,6.90,6.90,true,1,
7290000000558,true,כוסברה יחידה,קטיף.,IL,כוסברה יח',יחידה,1.00,יחידה,false,0,4.50,4.50,true,1,
7290000000565,true,נענע יחידה,קטיף,IL,נענע יח',יחידה,1.00,יחידה,false,0,4.50,4.50,true,1,
7290000000572,true,שומר,קטיף.,IL,שומר,קילוגרמים,0.00,"ק""ג",true,0,5.90,5.90,true,1,
7290000000619,true,פלפל חריף,שותפות מזרחי,IL,פלפל חריף,קילוגרמים,0.00,"ק""ג",true,0,9.90,9.90,true,1,
7290000000695,true,אספרגוס יחידה,קטיף.,IL,אספרגוס יחידה,יחידה,1.00,יחידה,false,0,24.90,24.90,true,1,
7290000000718,true,פטריות חורש במשקל,קטיף.,IL,פטריות חורש במשק,קילוגרמים,0.00,"ק""ג",true,0,35.00,35.00,true,1,
7290000000732,true,דלורית,קטיף.,IL,דלורית,קילוגרמים,0.00,"ק""ג",true,0,5.90,5.90,true,1,
7290000000855,true,פלפל צהוב,קטיף.,IL,פלפל צהוב,קילוגרמים,0.00,"ק""ג",true,0,9.90,9.90,true,1,
7290000000886,true,עגבניה שרי אשכולות,קטיף.,IL,שרי אשכולות-ק'ג,קילוגרמים,0.00,"ק""ג",true,0,16.90,16.90,true,1,
7290000000978,true,ח.ערבית כשר יחידה,קטיף,IL,חסה ערבית חסלט,יחידה,1.00,יחידה,false,0,6.90,6.90,true,1,
7290000001036,true,בצל יבש אדום,קטיף.,XX,בצל יבש אדום,קילוגרמים,0.00,"ק""ג",true,0,4.90,4.90,true,1,
7290000001616,true,כוסברה כשר יחידה,קטיף.,IL,כוסברה כשר-יח',יחידה,1.00,יחידה,false,0,7.90,7.90,true,1,
7290000001692,true,תפוח אדמה אדום ארוז,קטיף.,IL,תפוח אדמה אדום ארוז,קילוגרמים,0.00,"ק""ג",true,0,4.90,4.90,true,1,
7290000001715,true,תפוח אדמה לבן ארוז,קטיף.,IL,תפוא לבן ארוז,קילוגרמים,0.00,"ק""ג",true,0,3.90,3.90,true,1,
7290000001722,true,תפוח אדמה אדום תפזורת,קטיף.,IL,"תפו""א אדום תפז'",קילוגרמים,0.00,"ק""ג",true,0,5.90,5.90,true,1,
7290000002026,true,לחם אחיד 750 גרם,מאפית ברמן,IL,לחם אחיד 750 גרם,גרמים,750.00,100 גרם,false,0,5.00,0.67,true,1,
7290000002040,true,חלה רגילה 500 גרם,מאפית ברמן,IL,חלה רגילה,גרמים,500.00,100 גרם,false,0,5.11,1.02,true,1,
7290000023809,false,"יין קלאסיק קברנה סוביניון ברקן 750 מ""ל",יקבי ברקן שיווק והפצה בע,IL,"ברקן קלאסיק קברנה 750מ""ל",מיליליטרים,750.00,"100 מ""ל",false,0,31.90,4.25,true,1,
7290000023977,false,"יין קלאסיק מרלו ברקן 750 מ""ל",יקבי ברקן שיווק והפצה בע,IL,"ברקן קלאסיק מרלו 750 מ""ל",מיליליטרים,750.00,"100 מ""ל",false,0,31.90,4.25,true,1,
7290000024202,false,"יין רזרב קברנה סוביניון ברקן 750 מ""ל",ברקן שיווק והפצה בעמ,IL,"ברקן רזרב קברנה 750 מ""ל",מיליליטרים,750.00,"100 מ""ל",false,0,49.90,6.65,true,1,
7290000032757,false,תירס פרי זה 550X3ג,זנלכל,IL,תירס 3 יח',קילוגרמים,1.65,"ק""ג",false,0,17.10,10.36,true,1,
7290000034256,false,ביסקוויט תירוש חצי מצופה הדר 175ג',אפיפית נצרת תעשיות ב,IL,ביסקוויט תירוש 175 גרם,גרמים,175.00,100 גרם,false,0,8.10,4.63,true,1,
7290000040462,false,טוסטי גבינה בסגנון אמריקאי אדם 23% תנובה 200 גרם,תנובה מרכז שיתופי לש,IL,טוסטי גב.מותכת ט.אדם200ג,גרמים,200.00,100 גרם,false,0,17.30,8.65,true,1,
7290000040974,false,חלב דל לקטוז 2% תנובה קרטון 1 ליטר,תנובה מרכז שיתופי לש,IL,חלב טרי 2% דל לקטוז 1 ל,ליטרים,1.00,ליטר,false,0,7.30,7.30,true,1,
7290000041445,false,קוטג תנובה גביע 250 גרם 5% בדצ,מיוצר עי קונדיטוריית,IL,גבינת קוטג5'%מהדרין250גר,גרמים,250.00,100 גרם,false,0,5.70,2.28,true,1,
7290000041452,false,קוטג תנובה גביע 250 גרם 9% בדצ,תנובה מרכז שיתופי לש,IL,קוטג' מהדרין9% 250 גרם,גרמים,250.00,100 גרם,false,0,5.70,2.28,true,1,
7290000041858,false,"שמנת חמוצה 15% מועשרת יטבתה 200 מ""ל",שטראוס גרופ,IL,שמנת חמוצה יטבתה,מיליליטרים,200.00,"100 מ""ל",false,0,2.40,1.20,true,1,
7290000041865,false,"לבן 4.5% שומן מהדרין ""יטבתה""",שטראוס גרופ,IL,לבן יטבתה4.5%,מיליליטרים,200.00,"100 מ""ל",false,0,2.00,1.00,true,1,
7290000042008,false,חלב תנובה טרי 3% שקית 1 ל',"תנובה, מחלבת רחובות",IL,חלב מפוסטר 3%שקית 1 ל',ליטרים,1.00,ליטר,false,0,5.11,5.11,true,1,
7290000042015,false,"חלב שתייה תנובה בד""צ בשקית 1 ליטר",תנובה מרכז שיתופי לש,IL,חלב 3% שקית,ליטרים,1.00,ליטר,false,0,5.11,5.11,true,1,
7290000042404,false,חלב 3% בשקית יטבתה 1 ליטר מהדרין,שטראוס גרופ,IL,חלב מועשר3% יטבתה שקית1ל,ליטרים,1.00,ליטר,false,0,5.70,5.70,true,1,
7290000042442,false,"חלב תנובה טרי 3% ""תנובה"" - מוצר בפיקוח",תנובה חלב,IL,חלב מפוסטר 3% בקרטון 1 ל,ליטרים,1.00,ליטר,false,0,5.90,5.90,true,1,
7290000042466,false,חלב מועשר 1% בקרטון 1 ל',פארייפאבה אגרואינדוס,IL,חלב מועשר 1% בקרטון 1 ל',ליטרים,1.00,ליטר,false,0,9.10,9.10,true,1,
7290000042855,false,"שוקו בשקית 250 מ""ל ""יטבתה""",שטראוס גרופ,IL,שוקו בשקית,מיליליטרים,225.00,"100 מ""ל",false,0,2.40,1.07,true,1,
7290000043012,false,"שוקו עמיד 2% בקרטון 250 מ""ל תנובה",תנובה מרכז שיתופי לש,IL,שוקו עמיד,מיליליטרים,250.00,"100 מ""ל",false,0,4.30,1.72,true,1,
7290000043159,false,חמאה מלוחה 200 גרם,תנובה,IL,חמאה מלוחה 200 גרם,גרמים,200.00,100 גרם,false,0,9.20,4.60,true,1,
7290000043814,false,השף הלבן שמנת להקצפה 38% שומן 250 מל - מוצר בפיקוח,תנובה מרכז שיתופי לש,IL,שמנת עמידה לקצפת38% 250מ,מיליליטרים,250.00,"100 מ""ל",false,0,6.20,2.48,true,1,
7290000043890,false,תנובה רויון לבן מחלב מפסוטר 1.5%,תנובה מרכז שיתופי לש,IL,רויון בקרטון1.5%,ליטרים,1.00,ליטר,false,0,10.70,10.70,true,1,
7290000043944,false,כד יוגורט תנובה 4% שומן 1.5 ליטר,מיוצר עי קונדיטוריית,IL,יוגורט בכד 4%,ליטרים,1.50,ליטר,false,0,15.90,10.60,true,1,
7290000044088,false,שלי קלאסיק 3%שומן 200 ג,תנובה,IL,שלי קלאסיק 3%לבן,גרמים,200.00,100 גרם,false,0,3.00,1.50,true,1,
7290000044248,false,רוויון קרטון 1.5% שומן 500 מל,תנובה חלב,IL,רויון בקרטון,מיליליטרים,500.00,"100 מ""ל",false,0,6.20,1.24,true,1,
7290000044712,false,יוגורט עם תות 1.5% שומן 500 ג' פרילי,מיוצר עי קונדיטוריית,IL,פרילי תות-שדה,גרמים,500.00,100 גרם,false,0,10.40,2.08,true,1,
7290000044880,false,באדי יוגורט תות 3% שומן 500 ג' תנובה,מיוצר עי קונדיטוריית,IL,מעדן באדי תות 3%,גרמים,500.00,100 גרם,false,0,9.00,1.80,true,1,
7290000045917,false,תנובה פרומעז גבינה מותכת מחלב עיזים 23% שומן,תנובה חלב,IL,גב.קולאז פרומעז 23% 200ג,גרמים,200.00,100 גרם,false,0,26.90,13.45,true,1,
7290000046327,false,גלבוע גבינה צהובה פרוסה 22% תנובה 200 גרם,תנובה מרכז שיתופי לש,IL,גב.גלבוע פרוסות22% 200גר,גרמים,200.00,100 גרם,false,0,13.10,6.55,true,1,
7290000047546,false,השף הלבן כנען גבינה לבנה דלת נתרן 5% תנובה 500 גרם,תנובה מרכז שיתופי לש,IL,גב.כנען 5% 500 גרם,גרמים,500.00,100 גרם,false,0,22.30,4.46,true,1,
7290000047621,false,גבינה לבנה רכה 5% תנובה 250ג' מהדרין,מיוצר עי קונדיטוריית,IL,גב5%.שומן כשר מהדרין250ג,גרמים,250.00,100 גרם,false,0,4.80,1.92,true,1,
7290000047942,false,"גבינה לבנה בד""צ 9% תנובה 250 גרם",תנובה מרכז שיתופי לש,IL,גבינה9%מהדרין,גרמים,250.00,100 גרם,false,0,5.10,2.04,true,1,
7290000048185,false,גבינה לבנה 5% תנובה 250 גרם מהדרין,מיוצר עי קונדיטוריית,IL,גב.לבנה רכה 5% שומן 250ג,גרמים,250.00,100 גרם,false,0,4.80,1.92,true,1,
7290000048307,false,גבינת קוטג' עם זיתים 5% תנובה 250 גרם,מיוצר עי קונדיטוריית,IL,קוטג' 5% עם זיתים 250 גר,גרמים,250.00,100 גרם,false,0,5.90,2.36,true,1,
7290000048437,false,פיראוס צפתית 5% שומן 200 גרם,פארייפאבה אגרואינדוס,IL,גבי. צפתית פיראוס5% 200ג,גרמים,200.00,100 גרם,false,0,15.60,7.80,true,1,
7290000050065,false,"יופלה 360 קלאסי 100*6מ""ל",תנובה,IL,יופלה 360 קלאסי,מיליליטרים,600.00,"100 מ""ל",false,0,12.60,2.10,true,1,
7290000050447,false,"יוגורט ביו בטעם תות YYY יופלה 500 מ""ל",מיוצר עי קונדיטוריית,IL,יופלה תות,גרמים,500.00,100 גרם,false,0,13.60,2.72,true,1,
7290000052311,false,גבינה צהובה עמק לייט 15% שומן 200 גרם,תנובה מרכז שיתופי לש,IL,עמק 15% פרוס בקופסא 200,גרמים,200.00,100 גרם,false,0,15.40,7.70,true,1,
7290000052649,false,גבינת לאבנה 5% שומן 500 ג' פיראוס,תנובה מרכז שיתופי לש,IL,פיראוס לבנה 5%,גרמים,500.00,100 גרם,false,0,19.90,3.98,true,1,
7290000052717,false,גבינת קוטג' שום שמיר 5% תנובה 250 גרם,מיוצר עי קונדיטוריית,IL,קוטג' עם שום שמיר5% 250ג,גרמים,250.00,100 גרם,false,0,5.90,2.36,true,1,
7290000053271,false,עמק עיזים 200 גרם,,IL,עמק עיזים 200 גרם,גרמים,200.00,100 גרם,false,0,20.00,10.00,true,1,
7290000055206,false,גבינה לבנה 5% בטעם בצל מטוגן 250 ג' תנובה,תנובה מרכז שיתופי לש,IL,גבינה לבנה טעם בצל5% 250,גרמים,250.00,100 גרם,false,0,5.30,2.12,true,1,
7290000055893,false,חמאה משמנת מפוסטרת 200גרם 82% כ.מהדרין - מוצר בפיקוח,תנובה מרכז שיתופי לש,IL,חמאה מהדרין200גר,גרמים,200.00,100 גרם,false,0,7.84,3.92,true,1,
7290000056753,false,גבינה צהובה עמק בדצ 28% שומן 200 גרם,תנובה חלב,IL,גבינה עמק 200 גר,גרמים,200.00,100 גרם,false,0,15.40,7.70,true,1,
7290000056760,false,גבינת עמק פרוס 28% בקופסא 400 גרם,תנובה מרכז שיתופי לש,IL,גבינה עמק 400 גר,גרמים,400.00,100 גרם,false,0,27.90,6.98,true,1,
7290000056906,false,מאגדת לבן טבעי 1.5% שומן 8 יח' * 150 ג' יופלה,מחלבת אלון תבור,IL,יופלה לבן 1.5%,קילוגרמים,1.20,"ק""ג",false,0,16.70,13.92,true,1,
7290000056968,false,שמנת מתוקה38%עם פקק 500מ,תנובה,IL,שמנת מתוקה38%עם פקק 500מ,מיליליטרים,500.00,"100 מ""ל",false,0,12.40,2.48,true,1,
7290000057088,false,עמק גבינה צהובה פרוסה דק דק 28% תנובה 200 גרם,תנובה מרכז שיתופי לש,IL,גבינת עמק דק 28%,גרמים,200.00,100 גרם,false,0,15.40,7.70,true,1,
7290000057118,false,גבינה צהובה עמק 28% שומן ואקום 400 גרם,תנובה מרכז שיתופי לש,IL,גבינת עמק פרוסה,גרמים,400.00,100 גרם,false,0,22.60,5.65,true,1,
7290000057477,false,חלב בקרטון 3% הומוגני 1.5 ליטר,תנובה מרכז שיתופי לש,IL,חלב טרי הומוגני3% 1.5ל',ליטרים,1.50,ליטר,false,0,8.85,5.90,true,1,
7290000058030,false,"שמיניית יופלה שטוזים משקה יוגורט תות 100 מ""ל",מיוצר עי קונדיטוריית,IL,שטוזים משקה תות 100*8מ,מיליליטרים,800.00,"100 מ""ל",false,0,20.20,2.53,true,1,
7290000058047,false,שמנת להקצפה 38% 500מל מהדרין עמיד השף הלבן,תנובה מרכז שיתופי לש,IL,"שמנת +38%פקק 500 מ""ל",מיליליטרים,500.00,"100 מ""ל",false,0,12.40,2.48,true,1,
7290000060071,false,אוסם - חטיפי פריכונים מאורז מלא קלוי 80גר,"פרח תעשיות מזון בע""מ.",IL,חטיפי פריכונים,גרמים,80.00,100 גרם,false,0,7.60,9.50,true,1,
7290000060088,false,בייגלה מקלות מלוחים אסם 400 גרם,מיוצר עי קונדיטוריית,IL,בייגלה מקלות,גרמים,400.00,100 גרם,false,0,10.00,2.50,true,1,
7290000060118,false,פסטה ספגטי מס' 3 250 גר,פסטה זארה,IT,ספגטי אסם,גרמים,250.00,100 גרם,false,0,4.10,1.64,true,1,
7290000060200,false,אוסם - פתיתים אפויים קוסקוס 500 גרם,"אסם תעשיות בע""מ",IL,פתיתים אפויים,גרמים,500.00,100 גרם,false,0,6.90,1.38,true,1,
7290000060217,false,פסטה מקרוני מספר 7 אסם 500 גרם,קריות זול,IT,פסטה מקרוני 7,גרמים,500.00,100 גרם,false,0,5.80,1.16,true,1,
7290000060248,false,פסטה אסם פתיתים תלתלים 500 גר',קריות זול,IT,פסטה תלתלים,גרמים,500.00,100 גרם,false,0,5.80,1.16,true,1,
7290000060316,false,פרפקטו ספגטי מס' 8 אסם 500 גרם,אסם פרפקטו Perfecto,IT,ספגטי פרפקטו,גרמים,500.00,100 גרם,false,0,7.60,1.52,true,1,
7290000060323,false,פסטה פרפקטו ספגטיני (2) 500 גרם,קריות זול,IT,ספגטיני פרפקטו,גרמים,500.00,100 גרם,false,0,7.60,1.52,true,1,
7290000060330,false,פרפקטו פסטה ספירלה אסם 500 גרם,אסם פרפקטו Perfecto,IT,ספירלי פרפקטו,גרמים,500.00,100 גרם,false,0,7.60,1.52,true,1,
7290000060408,false,פתיתים אפויים טבעות אסם 500 גרם,מיוצר עי קונדיטוריית,IL,פתיתים טבעות,גרמים,500.00,100 גרם,false,0,6.90,1.38,true,1,
7290000060415,false,"פסטה פרפקטו לאזניה 500 ג' ""אסם""",אסם פרפקטו Perfecto,IT,לזניה פרפקטו,גרמים,500.00,100 גרם,false,0,17.90,3.58,true,1,
7290000060491,false,פסטה קיפרי ריגאטי פרפקטו 500 ג' אסם,פסטה זארה,IT,פסטה קיפרי ריגטי,גרמים,500.00,100 גרם,false,0,7.60,1.52,true,1,
7290000060538,false,פסטה פרפקטו פתיתים ניוקי 500 גרם,פסטה זארה,IT,פרפקטו צדפים,גרמים,500.00,100 גרם,false,0,7.60,1.52,true,1,
7290000060781,false,פסטה מסולסלים אסם 500 גרם,קריות זול,IT,פסטה מסולסלת,גרמים,500.00,100 גרם,false,0,5.80,1.16,true,1,
7290000060828,false,פסטה קרניים בינוניות אסם 500 גרם,קריות זול,IT,פסטה קרניים,גרמים,500.00,100 גרם,false,0,5.80,1.16,true,1,
7290000060842,false,פסטה צדפים גדולים אסם 500 גרם,קריות זול,IT,פסטה צדפים אסם,גרמים,500.00,100 גרם,false,0,5.80,1.16,true,1,
7290000060859,false,פסטה צדפים קטנים אסם 500 גרם,קריות זול,IT,פסטה צדפים,גרמים,500.00,100 גרם,false,0,5.80,1.16,true,1,
7290000060880,false,פסטה ספגטי מספר 8 אסם 500 גרם,קריות זול,IT,ספגטי מס' 8,גרמים,500.00,100 גרם,false,0,5.80,1.16,true,1,
7290000060903,false,אוסם - פתיתים אפויים אורז 500 גרם,"אסם השקעות בע""\מ",IL,פתיתים אפויים,גרמים,500.00,100 גרם,false,0,6.90,1.38,true,1,
7290000060965,false,איטריות מובחר רחבות 400 ג',"אסם השקעות בע""\מ",IL,אטריות רחבות,גרמים,400.00,100 גרם,false,0,6.90,1.73,true,1,
7290000060972,false,אטריות דקיקות אסם 400 גרם,קריות זול,IT,אטריות דקיקות,גרמים,400.00,100 גרם,false,0,6.90,1.73,true,1,
7290000061108,false,"רוטב טריאקי 290 מ""ל-בקבוק","אסם השקעות בע""\מ",IL,רוטב טריאקי,מיליליטרים,290.00,"100 מ""ל",false,0,11.70,4.03,true,1,
7290000061450,false,פתיתים אפויים קוסקוס 3 צבעים אסם 500 גרם,"אסם השקעות בע""\מ",IL,פתיתים אפויים,גרמים,500.00,100 גרם,false,0,6.90,1.38,true,1,
7290000061764,false,קפה נמס מגורען רד מאג 200 גרם,נסטלה ספרד קפה,ES,נסקפה רד מאג,גרמים,200.00,100 גרם,false,0,25.50,12.75,true,1,
7290000061771,false,נס קפה מגורען 50 גרם רד מאג,נסטלה ספרד קפה,ES,נסקפה רד מאג,גרמים,50.00,100 גרם,false,0,8.70,17.40,true,1,
7290000062129,false,"אינסטנט פודינג בטעם וניל אסם 1 ק""ג","אסם תעשיות בע""מ",IL,"אינסטנט פודינג וניל 1ק""ג",קילוגרמים,1.00,"ק""ג",false,0,29.70,29.70,true,1,
7290000063140,false,שקדי מרק רכיבים טבעיים בשקית 400 ג' אסם,"אסם תעשיות בע""מ",IL,שקדי מרק אסם,גרמים,400.00,100 גרם,false,0,11.50,2.88,true,1,
7290000063157,false,"קמח עוגה תופח מאליו אסם 1 ק""ג","אסם השקעות בע""\מ",IL,קמח תופח מאליו,קילוגרמים,1.00,"ק""ג",false,0,9.30,9.30,true,1,
7290000063294,false,סירופ ויטמינצ'יק ענבים2ל,בית השיטה,IL,ויטמינצ'יק ענבים,ליטרים,2.00,ליטר,false,0,22.50,11.25,true,1,
7290000064758,false,קוסקוס בינוני אמיתי אסם 350 ג',"מיוצר ע""י קוד יצרן K",IL,קוסקוס בינוני,גרמים,350.00,100 גרם,false,0,7.90,2.26,true,1,
7290000065090,false,מיני קרוטונים מתובלים למרק ולסלט אסם 400 גרם,עינת תעשיות מזון אגו,IL,מיני קרוטונים,גרמים,400.00,100 גרם,false,0,26.40,6.60,true,1,
7290000065335,false,אוסם - מנה חמה פירה עם ירקות 55 גרם,"אסם תעשיות בע""מ",IL,מנה חמה פירה,גרמים,55.00,100 גרם,false,0,6.90,12.55,true,1,
7290000065557,false,אוסם - מנה חמה קוסקוס עם ירקות 84 גרם,"אסם תעשיות מזון בע""מ",IL,מנה חמה קוסקוס,גרמים,84.00,100 גרם,false,0,6.90,8.21,true,1,
7290000065748,false,סירופ ויטמינצ'יק אננס 1ל,בית-השיטה עסיס תעשיות מז,IL,ויטמינצ'יק אננס,ליטרים,1.00,ליטר,false,0,12.90,12.90,true,1,
7290000066134,false,ביסלי חטיף בטעם פלאפל אסם 70 גרם,"אסם השקעות בע""\מ",IL,ביסלי פלאפל 70 גרם,גרמים,70.00,100 גרם,false,0,3.80,5.43,true,1,
7290000066158,false,ביסלי בצל 67 גרם,מיוצר עי קונדיטוריית,IL,ביסלי בצל 67 גרם,גרמים,67.00,100 גרם,false,0,3.80,5.67,true,1,
7290000066165,false,ביסלי טעם ברביקיו 70,מיוצר עי קונדיטוריית,IL,ביסלי ברביקיו 67 גרם,גרמים,67.00,100 גרם,false,0,3.80,5.67,true,1,
7290000066196,false,ביסלי חטיף בטעם גריל אסם 200 גרם,מיוצר עי קונדיטוריית,IL,ביסלי גריל 200 גרם,גרמים,200.00,100 גרם,false,0,6.90,3.45,true,1,
7290000066219,false,ביסלי גדול בטעם ברבי,מיוצר עי קונדיטוריית,IL,ביסלי ברביקיו 190 גרם,גרמים,190.00,100 גרם,false,0,6.90,3.63,true,1,
7290000066264,false,דובונים חטיף תפוחי אדמה אסם 40 גרם,"אסם השקעות בע""\מ",IL,חטיפי דובונים,גרמים,40.00,100 גרם,false,0,4.50,11.25,true,1,
7290000066295,false,במבה מתוקה מחומרים טבעיים 30 גרם,מיוצר עי קונדיטוריית,IL,במבה מתוקה,גרמים,30.00,100 גרם,false,0,2.50,8.33,true,1,
7290000066318,false,במבה חטיף בוטנים אסם 80 גרם,"אסם השקעות בע""\מ",IL,במבה 80 גרם,גרמים,80.00,100 גרם,false,0,4.90,6.13,true,1,
7290000066332,false,אפרופו חטיף תירס אסם 50 גרם,מיוצר עי קונדיטוריית,IL,חטיף אפרופו,גרמים,50.00,100 גרם,false,0,5.20,10.40,true,1,
7290000066431,false,פופקו חטיף פופקורן בטעם חמאה ודבש אסם 80 גרם,מיוצר עי קונדיטוריית,IL,חטיף פופקו,גרמים,80.00,100 גרם,false,0,5.50,6.88,true,1,
7290000066943,false,סירופ ויטמינצ'יק ענבים1ל,בית-השיטה עסיס תעשיות מז,IL,ויטמינצ'יק ענבים,ליטרים,1.00,ליטר,false,0,12.90,12.90,true,1,
7290000067735,false,פרפקטו ניוקי בצקיות תפוחי אדמה 500 ג' אסם,גרנדי פסטי,IT,ניוקי פרפקטו,גרמים,500.00,100 גרם,false,0,12.90,2.58,true,1,
7290000068084,false,אסם פתי בר 4*1.75קג,מיוצר עי קונדיטוריית,IL,פתי בר אסם,קילוגרמים,1.75,"ק""ג",false,0,25.40,14.51,true,1,
7290000068138,false,אינסטנט פודינג בטעם וניל אסם 80 גרם,מיוצר עי קונדיטוריית,IL,אינסטנט פודינג,גרמים,80.00,100 גרם,false,0,5.20,6.50,true,1,
7290000068169,false,אינסטנט פודינג שוקולד95ג,"אסם השקעות בע""מ",IL,אינסטנט פודינג,גרמים,95.00,100 גרם,false,0,5.20,5.47,true,1,
7290000068190,false,אסם ג'לי תות שדה צבעים טבעיים 90 גרם,מיוצר עי קונדיטוריית,IL,ג'לי בטעם תות,גרמים,90.00,100 גרם,false,0,7.30,8.11,true,1,
7290000068237,false,אבקה להכנת ג'לי בטעם פטל אסם 85 גרם,מיוצר עי קונדיטוריית,IL,ג'לי בטעם פטל,גרמים,85.00,100 גרם,false,0,7.30,8.59,true,1,
7290000068343,false,אסם פריכונים פרוסות קלויות מלא,"פרח תעשיות מזון בע""מ.",IL,פריכונים מאורז,גרמים,140.00,100 גרם,false,0,7.60,5.43,true,1,
7290000068787,false,במבה יום הולדת חטיף בוטנים אסם 25 גרם,מיוצר עי קונדיטוריית,IL,"במבה יום הולדת 25ג בד""צ",גרמים,25.00,100 גרם,false,0,2.50,10.00,true,1,
7290000069258,false,פסטה פרפקטו פנה ריגאטה 500 ג' אסם,אסם פרפקטו Perfecto,IT,פנה ריגאטה,גרמים,500.00,100 גרם,false,0,7.60,1.52,true,1,
7290000069364,false,פריכונים מאורז מלא ללא תוספת סוכר אסם 140 גרם,"פרח תעשיות מזון בע""מ.",IL,פריכונים מאורז,גרמים,140.00,100 גרם,false,0,7.60,5.43,true,1,
7290000070308,false,אבקת מרק עוף אמיתי בשרי אסם 400 גרם,"אסם השקעות בע""\מ",IL,מרק עוף אמיתי,גרמים,400.00,100 גרם,false,0,20.30,5.08,true,1,
7290000070322,false,אבקת מרק פטריות רכיבים טבעיים אסם 400 גרם,"אסם השקעות בע""\מ",IL,מרק פטריות אסם,גרמים,400.00,100 גרם,false,0,26.60,6.65,true,1,
7290000072081,false,פירורית זהב 350*2 גרם,עינת,IL,פירורית זהב 2 יח,גרמים,700.00,100 גרם,false,0,14.50,2.07,true,1,
7290000072227,false,"רוטב סויה בסגנון סיני 290 מ""ל","אסם השקעות בע""\מ",IL,רוטב סויה,מיליליטרים,290.00,"100 מ""ל",false,0,11.70,4.03,true,1,
7290000072241,false,"רוטב פיצה 290 מ""ל-בקבוק","אסם השקעות בע""\מ",IL,רוטב לפיצה אסם,מיליליטרים,290.00,"100 מ""ל",false,0,11.70,4.03,true,1,
7290000072623,false,קטשופ אסם בקבוק לחיץ 750 גרם,"אסם תעשיות בע""מ",IL,קטשופ בקבוק לחיץ,גרמים,750.00,100 גרם,false,0,11.90,1.59,true,1,
7290000072753,false,קפה נמס מגורען טסטרס צ'ויס 200 גרם-,נסטלה קוריאה - קפה,KR,נסקפה טסטרס צויס,גרמים,200.00,100 גרם,false,0,34.90,17.45,true,1,
7290000072777,false,קפה נמס מגורען נטול קפאין טסטרס צ'ויס 200 גרם,נסטלה קוריאה - קפה,KR,קפה טסטרס צויס,גרמים,200.00,100 גרם,false,0,39.90,19.95,true,1,
7290000072913,false,"רוטב שום 2% שומן 290 מ""ל",אסם,IL,רוטב שום לייט,מיליליטרים,290.00,"100 מ""ל",false,0,10.90,3.76,true,1,
7290000072968,false,דגני בוקר סיני מיניס חיטה מלאה וקינמון נסטלה 500 גרם,נסטלה פולין דגני בוק,PL,דגני נסטלה,גרמים,500.00,100 גרם,false,0,25.10,5.02,true,1,
7290000073125,false,מנה חמה פסטה ברוטב עגבניות אסם 62 גרם,"אסם השקעות בע""\מ",IL,מנה חמה פסטה,גרמים,62.00,100 גרם,false,0,6.90,11.13,true,1,
7290000073415,false,אוסם - מנה חמה פסטה ברוטב פיצה 61 גרם,"אסם השקעות בע""\מ",IL,מנה חמה פסטה,גרמים,61.00,100 גרם,false,0,6.90,11.31,true,1,
7290000074184,false,ביסקויט פתיבר קלאסי 500 גרם,"אסם השקעות בע""\מ",IL,ביסקוויט פתי בר,גרמים,500.00,100 גרם,false,0,11.60,2.32,true,1,
7290000074245,false,אוסם - קרם קרקר אסם 250 גרם,"אסם השקעות בע""\מ",IL,קרם קרקר אסם,גרמים,250.00,100 גרם,false,0,8.30,3.32,true,1,
7290000074290,false,לחמית סובין 250 גרם,"אסם השקעות בע""מ",IL,לחמית אסם,גרמים,230.00,100 גרם,false,0,8.10,3.52,true,1,
7290000074337,false,לחמית ח.מלאה דל נתרן250ג,אסם,IL,לחמית דל נתרן,גרמים,250.00,100 גרם,false,0,11.00,4.40,true,1,
7290000074733,false,לחמית סובין 920 גרם,אסם,IL,לחמית סובין אסם,גרמים,920.00,100 גרם,false,0,25.90,2.82,true,1,
7290000074764,false,קרקר הזהב אסם 900 גרם,"אסם השקעות בע""\מ",IL,קרקר זהב אסם,גרמים,900.00,100 גרם,false,0,27.20,3.02,true,1,
7290000074962,false,עוג.מיני שוקוצ'יפס 225גר,כרמית,IL,עוגיות שוקוצ'יפס,גרמים,225.00,100 גרם,false,0,11.70,5.20,true,1,
7290000075204,false,אוסם - לחמית חיטה מלאה 250 גרם,"אסם השקעות בע""\מ",IL,לחמית חיטה מלאה,גרמים,250.00,100 גרם,false,0,8.10,3.24,true,1,
7290000076133,false,בייגלה שמיניות קטנות עם מלח אסם 400 גרם,"אסם השקעות בע""\מ",IL,בייגלה שמיניות,גרמים,400.00,100 גרם,false,0,10.00,2.50,true,1,
7290000076157,false,נסקוויק אבקה להכ.שוקו450,אסם,IL,נסקוויק שוקו,גרמים,450.00,100 גרם,false,0,13.10,2.91,true,1,
7290000076775,false,מאגדת לייט יוגורט חמוציו,נסטלה,IL,מאגדת לייט יוגורט חמוציו,גרמים,258.00,100 גרם,false,0,25.20,9.77,true,1,
7290000078212,false,קרוטונים מתובלים למרק אסם 250 גרם,עינת תעשיות מזון אגו,IL,קרוטונים מתובל,גרמים,250.00,100 גרם,false,0,15.40,6.16,true,1,
7290000079875,false,"גל.גויה מייפל פקאן כשל""פ",נסטלה,IL,"גל.גויה מייפל פקאן 500מ""",מיליליטרים,500.00,"100 מ""ל",false,0,21.90,4.38,true,1,
7290000081663,false,"בייגלה טבעות שומשום אסם 300 גרם בד""ץ",מיוצר עי קונדיטוריית,IL,בייגלה טבעות,גרמים,300.00,100 גרם,false,0,10.00,3.33,true,1,
7290000103815,false,לקט להקפצה בסגנון תאילנדי סנפרוסט 800 גרם,"סנפרוסט בע""\מ",IL,לקט להקפצה תאילנדי 800גר,גרמים,800.00,100 גרם,false,0,24.70,3.09,true,1,
7290000103822,false,ירקות שמלווים עוף סנפרוסט 800ג',"סנפרוסט בע""\מ",IL,לקט לעוף 800גרם,גרמים,800.00,100 גרם,false,0,23.20,2.90,true,1,
7290000104072,false,עדשים ירוקות מבושלות מוקפאות 800 ג' סנפרוסט,"איי, בי, אינבוו",IL,עדשים ירוקות מבושלות 800,גרמים,800.00,100 גרם,false,0,19.70,2.46,true,1,
7290000104218,false,סנפרוסט במיה 600 גרם,"איי, בי, אינבוו",IL,במיה מוקפאת 600 גרם,גרמים,600.00,100 גרם,false,0,17.20,2.87,true,1,
7290000104690,false,תירס גרעינים 800 גרם סנפרוסט,"איי, בי, אינבוו",IL,גרעיני תירס קפוא,גרמים,800.00,100 גרם,false,0,19.90,2.49,true,1,
7290000104805,false,גרגירי חומוס מבושלים סנפרוסט 800 גרם,"איי, בי, אינבוו",IL,גרגרי חומוס מבושל 800גרם,גרמים,800.00,100 גרם,false,0,21.90,2.74,true,1,
7290000104911,false,לקט נורמנדי סנפרוסט 800 גרם,"איי, בי, אינבוו",IL,לקט נורמנדי קפוא,גרמים,800.00,100 גרם,false,0,26.90,3.36,true,1,
7290000107165,false,חטיף סויה אדממה סנפרוסט 400 גרם,"איי, בי, אינבוו",IL,חטיף פולי סויה 400 גרם,גרמים,400.00,100 גרם,false,0,15.00,3.75,true,1,
7290000107189,false,תחתיות ארטישוק סנפרוסט 400 גרם,"איי, בי, אינבוו",IL,תחתיות ארטישוק,גרמים,400.00,100 גרם,false,0,24.90,6.23,true,1,
7290000107677,false,שעועית צהובה עדינה שלמה סנפרוסט 600 גרם,"סנפרוסט בע""\מ",IL,שעועית צהובה עדינה 600גר,גרמים,600.00,100 גרם,false,0,24.20,4.03,true,1,
7290000110035,false,מרגר.בלובנד לבישול 200גר,אתר חיפה מרגרינה,IL,מרגרינה בלובנד,גרמים,200.00,100 גרם,false,0,4.50,2.25,true,1,
7290000110059,false,"מרגרינה בלובנד ללת""ס200ג",יוניליוור ישראל מזון בע\,IL,מרגרינה בלו-בנד,גרמים,200.00,100 גרם,false,0,4.30,2.15,true,1,
7290000111117,false,מרכך כביסה לבן בדין 4 ליטר,יוניליור ישראל טיפוח איש,IL,מרכך כביסה בדין,ליטרים,4.00,ליטר,false,0,21.90,5.48,true,1,
7290000111353,false,"מיונז אמיתי תלמה 1 ק""ג",יוניליוור ישראל מזון בע\,IL,מיונז אמיתי תלמה,קילוגרמים,1.00,"ק""ג",false,0,18.90,18.90,true,1,
7290000111384,false,חרדל בצנצנת תלמה 550 גרם,יוניליוור ישראל מזו,IL,חרדל אמיתי תלמה,גרמים,550.00,100 גרם,false,0,9.20,1.67,true,1,
7290000112220,false,טחינה גולמית שומשום טהור בארכה 500 גרם,"רושדי תעשיות מזון בע""\מ",IL,טחינה גולמית,גרמים,500.00,100 גרם,false,0,18.60,3.72,true,1,
7290000112237,false,"טחינה גולמית שומשום טהור בארכה 1 ק""ג","רושדי תעשיות מזון בע""\מ",IL,טחינה גולמית,קילוגרמים,1.00,"ק""ג",false,0,29.50,29.50,true,1,
7290000114187,false,פנטסטיק תרכיז ניקוי כללי אורנים סיף 4 ליטר,סיף פנטסטיק Cif Fantastic,IL,פנטסטיק לניקוי,ליטרים,4.00,ליטר,false,0,25.40,6.35,true,1,
7290000116204,false,"אבקת מרק דגש בטעם עוף 1ק""ג קנור",יוניליוור ישראל מזון בע\,IL,מרק דגש טעם עוף,קילוגרמים,1.00,"ק""ג",false,0,16.10,16.10,true,1,
7290000117386,false,מארז 8 חטיפי דגנים שוגי,יוניליוור ישראל מזון,IL,חטיפי דגנים 8 יח,גרמים,208.00,100 גרם,false,0,18.60,8.94,true,1,
7290000117393,false,חט.דגנים שוקו שוגי 26X8ג,יוניליוור,IL,חטיפי דגנים 8 יח,גרמים,208.00,100 גרם,false,0,18.60,8.94,true,1,
7290000118307,false,סחלב 2שקיות * 56ג בקופסא,יוניליוור ישראל מזון בע\,IL,תערובת לסחלב,גרמים,112.00,100 גרם,false,0,11.40,10.18,true,1,
7290000120393,false,סיף ג'ל אקונומ.לימון750מ,יונילוור - תורכיה,IL,סיף אקונומיקה,מיליליטרים,750.00,"100 מ""ל",false,0,13.70,1.83,true,1,
7290000121017,false,שומרון גבינה מותכת 7% 120 גרם,שלושת האופים,IL,גבינת שומרון 7%,גרמים,120.00,100 גרם,false,0,12.10,10.08,true,1,
7290000121031,false,החתול המחייך גבינה מותכת 14% מון בלאן 120 גרם,שלושת האופים,IL,גבינה מותכת,גרמים,120.00,100 גרם,false,0,10.90,9.08,true,1,
7290000121055,false,גבינת טעם טוב מותכת 7%,האי נאם סי או אל.טי.,IL,גבינת טעם טוב מותכת 7%,גרמים,100.00,100 גרם,false,0,9.90,9.90,true,1,
7290000121079,false,גבינה מותכת למריחה עם שום שמיר 9% מון בלאן 120 גרם,שלושת האופים,IL,גבינת מון בלאן שמיר 120ג,גרמים,120.00,100 גרם,false,0,13.20,11.00,true,1,
7290000121109,false,גבינה מותכת לייט עם זיתים 7% מון בלאן 120 גרם,האי נאם סי או אל.טי.,IL,גבינה מון בלאן+זיתים120ג,גרמים,120.00,100 גרם,false,0,13.20,11.00,true,1,
7290000121239,false,מיוקל5% ללא כולסטרול500ג,יוניליוור ישראל מזון בע\,IL,מיוקל 5% שומן,גרמים,500.00,100 גרם,false,0,13.90,2.78,true,1,
7290000122700,false,סירופ מייפל 600 גרם,יוניליוור ישראל מזון,IL,סירופ מייפל,גרמים,600.00,100 גרם,false,0,13.90,2.32,true,1,
7290000123110,false,מזולה לייט למריחה 250גרם,אתר חיפה מרגרינה,IL,מזולה לייט,גרמים,250.00,100 גרם,false,0,9.90,3.96,true,1,
7290000123158,false,מזולה טעם חמאה 250 גרם,"יוניליוור ישראל מזון בע""",IL,מזולה טעם חמאה,גרמים,250.00,100 גרם,false,0,10.80,4.32,true,1,
7290000123172,false,מזולה בגביע טעם טבעי250ג,אתר חיפה מרגרינה,IL,מזולה בגביע,גרמים,250.00,100 גרם,false,0,9.90,3.96,true,1,
7290000129099,false,תיבוליות עשבי תיבול 72גר,"יוניליוור ישראל מזון בע""",IL,תיבוליות,גרמים,72.00,100 גרם,false,0,10.10,14.03,true,1,
7290000136721,false,ג'אמפ תפוזים 1.5 ליטר,טמפו 7.5%,IL,ג'אמפ תפוזים,ליטרים,1.50,ליטר,false,0,5.90,3.93,true,1,
7290000136738,false,ג'אמפ אשכוליות 1.5 ליטר,טמפו 7.5%,IL,ג'אמפ אשכוליות,ליטרים,1.50,ליטר,false,0,5.90,3.93,true,1,
7290000136745,false,ג'אמפ תות בננה 1.5 ליטר,"טמפו משקאות בע""מ",IL,ג'אמפ תות בננה,ליטרים,1.50,ליטר,false,0,5.90,3.93,true,1,
7290000139227,false,דגן לבן משפחתי 150 גר' אשבול,אשבל מזון פונקציונלי,IL,דגן תפוח ממותק 150 גרם,גרמים,150.00,100 גרם,false,0,8.80,5.87,true,1,
7290000143255,false,"שמפו הוואי לשיער רגיל 700 מ""ל",שוורצקוף& הנקל דיסלד,IL,"שמפו הוואי ירוק 700 מ""ל",מיליליטרים,700.00,"100 מ""ל",false,0,9.90,1.41,true,1,
7290000143286,false,"מרכך הוואי לשיער רגיל 700 מ""ל",שוורצקוף& הנקל דיסלד,IL,"הוואי מרכך ירוק 700 מ""ל",מיליליטרים,700.00,"100 מ""ל",false,0,9.90,1.41,true,1,
7290000144825,false,שמן קנולה פלוס אומגה9 1ל,שמן תעשיות,IL,שמן קנולה מועשר,ליטרים,1.00,ליטר,false,0,16.90,16.90,true,1,
7290000146539,false,סבון הוואי לגבר 100 גרם,טרופיקל דגיל,IL,סבון הוואי לגבר 100 גרם,גרמים,100.00,100 גרם,false,0,3.40,3.40,true,1,
7290000146652,false,הוואי סבון מוצק רביעיה ורוד רומנטי 4*100 גרם,טרופיקל דגיל קוסמטיק,PL,סבון הוואי 4 יח,גרמים,400.00,100 גרם,false,0,11.40,2.85,true,1,
7290000146676,false,הוואי - סבון מוצק לגבר 100 גרם רביעייה,טרופיקל דגיל קוסמטיק,PL,סבון הוואי 4 יח,גרמים,400.00,100 גרם,false,0,11.40,2.85,true,1,
7290000146683,false,הוואי - סבון מוצק אפקט דאודורנט 100 גרם רביעייה,טרופיקל דגיל קוסמטיק,PL,סבון הוואי 4 יח,גרמים,400.00,100 גרם,false,0,11.40,2.85,true,1,
7290000146997,false,משחת שיניים לילדים מסטיק טום וג'רי 50 מל,טרופיקל דגיל קוסמטיק,IL,משחת טום וג'רי מסטיק 50מ,מיליליטרים,50.00,"100 מ""ל",false,0,8.10,16.20,true,1,
7290000148298,false,מיץ תפוזים סחוט קלאסי2ל,קריות זול,IL,מיץ תפוזים 100%טבעי 2 לי,ליטרים,2.00,ליטר,false,0,26.00,13.00,true,1,
7290000149615,false,רביעיית סבון מוצק קלאסי לתינוק נקה 7 4*100 גרם,גליל כימיקלים בעממשו,IL,סבון נקה 4X 7,גרמים,400.00,100 גרם,false,0,12.90,3.23,true,1,
7290000149905,false,טקסטיל נוזל לכביסה עדינה נקה 1 ליטר,מיוצר עי קונדיטוריית,IL,נוזל כביס טקסטיל,ליטרים,1.00,ליטר,false,0,14.50,14.50,true,1,
7290000151281,false,פסטרמה ברביקיו דל שומן 3,מוצרי עוף טוב (2001) בע\,IL,חזה עוף ברביקיו,גרמים,300.00,100 גרם,false,0,27.30,9.10,true,1,
7290000153315,false,פסטרמה דבש פרוס דק 140גר,עוף טוב,IL,פסטרמה דבש פרוס,גרמים,140.00,100 גרם,false,0,14.90,10.64,true,1,
7290000153445,false,קציצות בקר מתובלות 100% רכיבים טבעיים,מולינו ניקולי s.p.a,IL,קציצות בקר,גרמים,500.00,100 גרם,false,0,32.90,6.58,true,1,
7290000158211,false,שניצל דק ענק עוף טוב,עוף טוב,,שניצל דק ענק,גרמים,700.00,100 גרם,false,0,40.90,5.84,true,1,
7290000158273,false,שניצל אמיתי מעודן 700גרם,עוף טוב,IL,שניצל אמיתי מעודן 700גרם,גרמים,0.00,100 גרם,false,0,46.40,46.40,true,1,
7290000161143,false,יורוטאב - בלו בנד גב,אתר חיפה מרגרינה,IL,בלובנד קלאסי,גרמים,250.00,100 גרם,false,0,8.80,3.52,true,1,
7290000161150,false,יורוטאב - גולדבנד גב,אתר חיפה מרגרינה,IL,מרגרינה גולדבנד,גרמים,250.00,100 גרם,false,0,9.70,3.88,true,1,
7290000161167,false,יורוטאב - מחמאה גביע,אתר חיפה מרגרינה,IL,מחמאה,גרמים,250.00,100 גרם,false,0,9.30,3.72,true,1,
7290000162805,false,"בדין מרכך אקסטרה גרדניה סיגליות 960מ""ל",יונילוור - תורכיה,TR,מרכך בדין960מ,מיליליטרים,960.00,"100 מ""ל",false,0,19.90,2.07,true,1,
7290000162836,false,מיקספלקס פלוס צימוקים400,דליסר,,מיקספלקס פלוס,גרמים,400.00,100 גרם,false,0,23.90,5.98,true,1,
7290000164632,false,בדין אקסטרה בייבי 960 מל,יונילוור - תורכיה,TR,בדין אקסטרה,מיליליטרים,960.00,"100 מ""ל",false,0,27.30,2.84,true,1,
7290000165073,false,סיף קרם ניקוי לימון 500מ,יוניליוור,TR,סיף קרם לימון,מיליליטרים,500.00,"100 מ""ל",false,0,12.80,2.56,true,1,
7290000165455,false,תחליב רח.פינוק דבש 700,יוניליוור,IL,תחליב רחצה פינוק,מיליליטרים,700.00,"100 מ""ל",false,0,15.00,2.14,true,1,
7290000168418,false,רוטב סויה סיני 25% פחות,אתר חיפה 778,IL,רוטב סויה סיני,מיליליטרים,300.00,"100 מ""ל",false,0,11.90,3.97,true,1,
7290000168623,false,קליק דג דג שוקולד לבן70ג,יוניליוור,IL,קליק דג דג,גרמים,70.00,100 גרם,false,0,6.30,9.00,true,1,
7290000168630,false,קליק דג דג שוקולד חלב70ג,יוניליוור,IL,קליק דג דג,יחידה,1.00,יחידה,false,0,6.30,6.30,true,1,
7290000170053,false,"שוקולד פרה חלב 100 גרם בד""צ לל""ג","שטראוס גרופ בע""\מ.",IL,שוקולד פרה חלב,גרמים,100.00,100 גרם,false,0,5.90,5.90,true,1,
7290000170077,false,פרה שוקולד מריר 100 גרם,"שטראוס גרופ בע""\מ.",IL,שוקולד מריר,גרמים,100.00,100 גרם,false,0,5.90,5.90,true,1,
7290000170275,false,שוקולד ממולא קרם נוגט100,STRAUSS-ISRAEL,IL,שוקולד ממולא,גרמים,100.00,100 גרם,false,0,5.70,5.70,true,1,
7290000174723,false,שוקולית אבקה להכנת משקה שוקו 500 גרם,הנסיך- מפעל לייצור ט,IL,שוקולית,גרמים,500.00,100 גרם,false,0,12.90,2.58,true,1,
7290000175027,false,ממרח בטעם שוקולד ממר,STRAUSS-ISRAEL,IL,ממרחית שוקולד,גרמים,500.00,100 גרם,false,0,10.40,2.08,true,1,
7290000176062,false,קפה טורקי בשקית 100 ג' עלית,שטראוס קפה בי.ויn\.,IL,קפה טורקי בצלופן 100 גרם,גרמים,100.00,100 גרם,false,0,8.90,8.90,true,1,
7290000176079,false,קפה עלית טורקי עם הל 100 גרם,הנסיך- מפעל לייצור ט,IL,קפה טורקי עם הל,גרמים,100.00,100 גרם,false,0,9.50,9.50,true,1,
7290000176413,false,קפה נמס אבקתי 50 ג' עלית,הנסיך- מפעל לייצור ט,IL,קפה נמס 50 גרם,גרמים,50.00,100 גרם,false,0,9.40,18.80,true,1,
7290000176420,false,קפה נמס פחית עלית 200 גרם,שטראוס קפה בי.וי,IL,קפה נמס,גרמים,200.00,100 גרם,false,0,19.90,9.95,true,1,
7290000176475,false,האג קפה נמס נטול קפאין עלית 200 גרם,שטראוס גרופ,VN,האג נטול קופאין 200 גרם,גרמים,200.00,100 גרם,false,0,37.30,18.65,true,1,
7290000177694,false,קפה טורקי ואקום 200 גרם,שטראוס קפה בי.ויn\.,IL,קפה טורקי ואקום 200 גרם,גרמים,200.00,100 גרם,false,0,19.00,9.50,true,1,
7290000180212,false,שוקולוד פרה מריר אגוזים 100ג' עלית,"שטראוס גרופ בע""מ",IL,שוקולד מריר,גרמים,100.00,100 גרם,false,0,5.70,5.70,true,1,
7290000182766,false,ממרחית טעם חלב 500 גרם,STRAUSS-ISRAEL,IL,ממרחית טעם חלב,גרמים,500.00,100 גרם,false,0,12.00,2.40,true,1,
7290000187921,false,נייר טואלט דו שכבתי לבן לילי 32 יחידות,לילי נייר טואלט חוגלה,IL,נייר טואלט לילי,מטרים,588.00,100 מטר,false,0,38.90,6.62,true,1,
7290000187938,false,"נייר טואלט ""לילי"" פסטל 32 גלילים",לילי נייר טואלט חוגלה,IL,נייר טואלט,מטרים,588.00,100 מטר,false,0,39.90,6.79,true,1,
7290000188355,false,מגבות מטבח ניקול לבנה שישייה,קימברלי-קלארק,IL,מגבות ניקול,מטרים,65.00,מטר,false,0,9.50,0.15,true,1,
7290000188553,false,קוטקס מגן תחתון יאנג ביג 60 יחידות,קימברלי קלארק,CN,מגן תחתון קוטקס,יחידה,1.00,יחידה,false,0,20.90,20.90,true,1,
7290000188560,false,קוטקס - מגני תחתון לארג' 52 יח',קימברלי קלארק,CN,מגן תחתון קוטקס,יחידה,1.00,יחידה,false,0,20.90,20.90,true,1,
7290000189215,false,מטלית הקסם לרצפה ניקול,חוגלה קימברלי,CN,מטלית הקסם לרצפה ניקול,יחידה,1.00,יחידה,false,0,12.60,12.60,true,1,
7290000189598,false,מטליות לחות חד פעמיות לניקוי כללי 50 יח' ניקול,עלבד משואות יצחק בעמ,IL,מטליות ניקול,יחידה,1.00,יחידה,false,0,12.80,12.80,true,1,
7290000189659,false,מטליות לחות לרצפה ניקול 10 יחידות,עלבד משואות יצחק בעמ,IL,מטליות רצפה לחות,יחידה,1.00,יחידה,false,0,11.20,11.20,true,1,
7290000190150,false,מפיות מודפסות תלת שכבתיות ניקול 20 יחידות,חוגלה קימברלי,SI,20 מפיות מודפסות ניקול,יחידה,1.00,יחידה,false,0,9.90,9.90,true,1,
7290000190174,false,מפיות חד שכבתי זוג 85 יח,חוגלה קימברלי,IL,מפיות ניקול זוג,יחידה,1.00,יחידה,false,0,10.90,10.90,true,1,
7290000190198,false,מטליות לחות לניקוי וחיטוי 99.9% ניקול 50 יחידה,עלבד משואות יצחק בעמ,IL,מטליות ניקוי,יחידה,1.00,יחידה,false,0,12.90,12.90,true,1,
7290000190563,false,מפיות חד שכבתי מודפס זוג,חוגלה קימברלי,,מפיות ניקול זוג,יחידה,1.00,יחידה,false,0,10.90,10.90,true,1,
7290000193014,false,מגן תחתון פדיות אינטרלוד לילי 50 יחידות,חוגלה קימברלי,CZ,לילי פדים,יחידה,1.00,יחידה,false,0,12.60,12.60,true,1,
7290000193083,false,נובה-לי תחבושות היגייניות לילי 28 יחידות,חוגלה קימברלי,CZ,תחבושות נובה לי,יחידה,1.00,יחידה,false,0,11.70,11.70,true,1,
7290000193205,false,תחבושות עם כנפיים ללילה נטורל לילי 20 יחידות,חוגלה קימברלי,BE,תחבושות לילי,יחידה,1.00,יחידה,false,0,17.60,17.60,true,1,
7290000193649,false,תחבושות עם כנפיים נורמל פלוס לילי 24 יחידות,חוגלה קימברלי,ES,תחבושות לילי,יחידה,1.00,יחידה,false,0,17.60,17.60,true,1,
7290000193656,false,תחבושות עם כנפיים סופר פלוס לילי 24 יחידות,חוגלה קימברלי,ES,תחבושות לילי,יחידה,1.00,יחידה,false,0,17.60,17.60,true,1,
7290000193793,false,לילי תחבושות אינטימי נורמל אולט' 24 יח',חוגלה קימברלי,BE,תחבושות לילי,יחידה,1.00,יחידה,false,0,17.60,17.60,true,1,
7290000193953,false,תחבושות לילי נורמל24*2יח,חוגלה קימברלי,ES,זוג תחבושות לילי,יחידה,1.00,יחידה,false,0,26.80,26.80,true,1,
7290000193960,false,תח.לילי סופר פלוס 24*2יח,חוגלה קימברלי,ES,תחבושות לילי זוג,יחידה,1.00,יחידה,false,0,26.80,26.80,true,1,
7290000195537,false,מגבונים לחים לעור רגיש ללא בישום האגיס 4*64 יחידות,חוגלה קימברלי,IL,מגבוני האגיס 4יח,יחידה,1.00,יחידה,false,0,18.90,18.90,true,1,
7290000195544,false,האגיס מגבונים רביעייה מילוי נטורל מבושם,חוגלה קימברלי,IL,מגב.האגיס בישום עדין72*4,יחידה,1.00,יחידה,false,0,18.90,18.90,true,1,
7290000195773,false,רביעיית מגבון אלוורה ושקד האגיס 64 יחידות,חוגלה קימברלי,IL,מגבוני האגיס 4יח,יחידה,1.00,יחידה,false,0,18.90,18.90,true,1,
7290000196794,false,נייר טואלט שמורת טבע30ג,חוגלה קימברלי,IL,נ.ט. שמורת טבע,מטרים,537.00,מטר,false,0,27.90,0.05,true,1,
7290000197128,false,100 האגיס מגה פק שלב3,חוגלה קימברלי,IL,100 האגיס מגה פק שלב3,יחידה,1.00,יחידה,false,0,76.90,76.90,true,1,
7290000197326,false,רדיד אלומניום ניקול זוגי 30X7.5מ',חוגלה קימברלי,IL,זוג רדיד.אלומינ0.3*7.5.מ,מטרים,15.00,מטר,false,0,12.00,0.80,true,1,
7290000197340,false,רדיד אלומניום ניקול זוגי 45X7.5מ',חוגלה קימברלי,IL,זוג רדיד.אלומ7.5X0.45.מ,מטרים,15.00,מטר,false,0,18.40,1.23,true,1,
7290000197425,false,חיתולים פרידום דריי שלב 3 האגיס 52 יחידות,קימברלי קלארק ישראל,IL,חיתולי האגיס,יחידה,1.00,יחידה,false,0,42.90,42.90,true,1,
7290000197432,false,שקיות אוכל סנדביצ'ון ניקול מארז 150X2יח',"אשפלסט תעשיות בע""מ",IL,סנדוויצ'ון זוג,יחידה,1.00,יחידה,false,0,13.50,13.50,true,1,
7290000197456,false,חיתולים פרידום דריי שלב 4 האגיס 44 יחידות,קימברלי קלארק ישראל,IL,חיתולי האגיס,יחידה,1.00,יחידה,false,0,42.90,42.90,true,1,
7290000197463,false,חיתולים פרידום דריי שלב +4 האגיס 40 יחידות,קימברלי קלארק ישראל,IL,חיתולי האגיס,יחידה,1.00,יחידה,false,0,42.90,42.90,true,1,
7290000197548,false,חיתולים פרידום דריי שלב 5 האגיס 36 יחידות,קימברלי קלארק ישראל,IL,חיתולי האגיס,יחידה,1.00,יחידה,false,0,42.90,42.90,true,1,
7290000197654,false,ניקול אשפתון שקיות אשפה ענקיות 45 יח',"אשפלסט תעשיות בע""מ",IL,אשפתון ניקול,יחידה,1.00,יחידה,false,0,20.70,20.70,true,1,
7290000197678,false,חיתולי האגיס פרידום דריי שלב 6 30 יחידות,קימברלי קלארק ישראל,IL,חיתולי האגיס,יחידה,1.00,יחידה,false,0,42.90,42.90,true,1,
7290000199313,false,קוטקס יאנג תחבושות עם כנפיים נורמל חדש30,חוגלה קימברלי,CZ,קוטקס תחבושות,יחידה,1.00,יחידה,false,0,21.00,21.00,true,1,
7290000201818,false,טיטולים פרימיום שלב 2 64 יחידות,חוגלה קימברלי,IL,טיטולים פרימיום,יחידה,1.00,יחידה,false,1,29.90,29.90,true,1,
7290000201849,false,טיטולים פרימיום שלב 4 42 יח' (8-14),חוגלה קימברלי,IL,טיטולים פרימיום,יחידה,1.00,יחידה,false,1,29.90,29.90,true,1,
7290000201856,false,טיטולים פרימיום שלב4+ 38 יחידות .,חוגלה קימברלי,IL,טיטולים פרימיום,יחידה,1.00,יחידה,false,1,29.90,29.90,true,1,
7290000201863,false,טיטולים פרימיום שלב 5 34 יחידות,חוגלה קימברלי,IL,טיטולים פרימיום,יחידה,1.00,יחידה,false,1,29.90,29.90,true,1,
7290000203188,false,נייר טואלט לילי,,IL,נייר טואלט לילי,מטרים,588.00,100 מטר,false,0,39.00,6.63,true,1,
7290000204086,false,ניקול כרית קרצוף מארז שלישייה,חוגלה קימברלי,US,ניקול כרית קרצוף,יחידה,1.00,יחידה,false,0,11.40,11.40,true,1,
7290000204147,false,רביעיית כרית יפנית עבה ניקול 4 יחידות,פלסטו פוליש (ברקן),IL,כריות יפניות 4X,יחידה,1.00,יחידה,false,0,12.50,12.50,true,1,
7290000204215,false,שישיית כרית יפנית ניקול 6 יחידות,פלסטו פוליש (ברקן),IL,כריות יפניות,יחידה,1.00,יחידה,false,0,12.00,12.00,true,1,
7290000204239,false,ניקול מטליות ריצפה רביעיה,חוגלה קימברלי,IL,מטל. רצפה ניקול,יחידה,1.00,יחידה,false,0,12.50,12.50,true,1,
7290000204253,false,מטליות רב שימושיות לניקיון ניקול 9 יחידות,נועם אורים-קיבוץ אור,IL,מטליות ניקול,יחידה,1.00,יחידה,false,0,12.60,12.60,true,1,
7290000204307,false,ניקול מטליות רב שימושיות בגליל 40 יח',נועם אורים-קיבוץ אור,IL,מטליות ניקול,יחידה,1.00,יחידה,false,0,22.40,22.40,true,1,
7290000207438,false,עגבניות 2.5 A קוביות 850 גרם יכין,"זנלכל בע""\מ",IL,עגבניות קוביות 800 גרם,גרמים,800.00,100 גרם,false,0,8.10,1.01,true,1,
7290000208022,false,עגבניות מרוסקות פריכוז 800 ג' יכין,"זנלכל בע""\מ",IL,עגבניות מרוסקות 800 גרם,גרמים,800.00,100 גרם,false,0,8.10,1.01,true,1,
7290000208329,false,גרעיני תירס מתוק 550 גרם יכין,"זנלכל בע""\מ",IL,גרעיני תירס מתוק 550 גרם,גרמים,550.00,100 גרם,false,0,6.90,1.25,true,1,
7290000208336,false,רסק יכין 240גר 22% יכין בית יוסף,"זנלכל בע""\מ",IL,רסק עגבניות יכין 260 גרם,גרמים,260.00,100 גרם,false,0,4.50,1.73,true,1,
7290000208404,false,פול מצרי יכין 350 גרם,"זנלכל בע""\מ",IL,פול מצרי 550 גרם,גרמים,550.00,100 גרם,false,0,6.40,1.16,true,1,
7290000208428,false,יכין חומוס בשימורים 550 גרם,"זנלכל בע""\מ",IL,חומוס שלם יכין 550 גרם,גרמים,560.00,100 גרם,false,0,6.90,1.23,true,1,
7290000208534,false,גרעיני תירס מתוק לילדים 550 גרם יכין,"זנלכל בע""\מ",IL,תירס קיד 550 גרם,גרמים,550.00,100 גרם,false,0,7.40,1.35,true,1,
7290000208978,false,רוטב עגבניות פריכוז יכין 100 גרם,היינץ צפון אמריקה מק,IL,רסק פריכוז,גרמים,100.00,100 גרם,false,0,2.10,2.10,true,1,
7290000209500,false,סירופ דיאט תפוזים1ל'יכין,זנלכל,IL,סירופ דיאט תפוזי,ליטרים,1.00,ליטר,false,0,8.10,8.10,true,1,
7290000211169,false,"אורז תאילנדי אחד אחד סוגת 1 ק""ג",האי נאם סי או אל.טי.,IL,"אורז תאילנדי 1 ק""ג",קילוגרמים,1.00,"ק""ג",false,0,6.90,6.90,true,1,
7290000211312,false,"אורז מלא ארוך סוגת 1 ק""ג",האי נאם סי או אל.טי.,IL,"אורז מלא ארוך ""סוגת"" 1קג",קילוגרמים,1.00,"ק""ג",false,0,10.50,10.50,true,1,
7290000211442,false,"אורז פרסי קלאסי סוגת 1 ק""ג",האי נאם סי או אל.טי.,IL,"אורז פרסי קלאסי 1ק""ג",קילוגרמים,1.00,"ק""ג",false,0,8.90,8.90,true,1,
7290000238029,false,"בצק עלים צרפתי מרודד מעדנות 1 ק""ג",מיוצר עי קונדיטוריית,IL,בצק עלים מרודד,קילוגרמים,1.00,"ק""ג",false,0,24.90,24.90,true,1,
7290000239941,false,מלווח חסכוני 12יח1.4(קג),"מעדנות בע""מ",IL,מלווח מעדנות,קילוגרמים,1.40,"ק""ג",false,0,30.30,21.64,true,1,
7290000244761,false,"קרם ידיים ולווטה 100 מ""ל",טרופיקל דגיל קוסמטיק,IL,"קרם ידיים ולווטה 100 מ""ל",מיליליטרים,100.00,"100 מ""ל",false,0,11.20,11.20,true,1,
7290000245072,false,סוד מרכך כביסה בייבי סנסטיב 4 ליטר,"הנקל סוד בע""\מ",IL,מרכך כביסה בייבי,ליטרים,4.00,ליטר,false,0,23.90,5.98,true,1,
7290000245157,false,מרכך כביסה סנסיישין לבן 4 ל' סוד,"הנקל סוד בע""\מ",IL,מרכך סוד סנסיישן 4 ל',ליטרים,4.00,ליטר,false,0,16.90,4.23,true,1,
7290000245584,false,"סוד שושן מרענן 2.5ק""ג",הנקל סוד,IL,אבקת כביסה סוד,קילוגרמים,2.50,"ק""ג",false,0,23.00,9.20,true,1,
7290000245775,false,פרסיל ג'ל לכביסה ירוק 3ל,הנקל סוד,IL,פרסיל ג'ל 3 ליטר,ליטרים,3.00,ליטר,false,0,42.90,14.30,true,1,
7290000245782,false,סוד ורוד מסתורי 4 ל מרכך כביסה,"הנקל סוד בע""\מ",IL,מרכך כביסה סוד ורוד 4 ל',ליטרים,4.00,ליטר,false,0,16.90,4.23,true,1,
7290000245799,false,סוד כחול מרענן 4 ל מרכך כביסה,"הנקל סוד בע""\מ",IL,מרכך כביסה סוד כחול 4 ל',ליטרים,4.00,ליטר,false,0,16.90,4.23,true,1,
7290000254807,false,צ'יטוס גבינה 100 גרם,עלית,IL,צ'יטוס גבינה 100 גרם,גרמים,100.00,100 גרם,false,0,6.70,6.70,true,1,
7290000256269,false,פיצפוצית 450 גרם,,IL,פיצפוצית 450 גרם,גרמים,450.00,100 גרם,false,0,17.10,3.80,true,1,
7290000260839,false,ספרינג משקה תפוזים 1.5ל',יפאורה שותפות מובגלת לשיווק,IL,ספרינג תפוזים,ליטרים,1.50,ליטר,false,0,6.30,4.20,true,1,
7290000260853,false,ספרינג משקה מנגו 1.5 ל',יפאורה שותפות מובגלת לשיווק,IL,ספרינג מנגו,ליטרים,1.50,ליטר,false,0,6.30,4.20,true,1,
7290000260860,false,ספרינג משקה אפרסק 1.5 ל',יפאורה שותפות מובגלת לשיווק,IL,ספרינג אפרסק,ליטרים,1.50,ליטר,false,0,6.30,4.20,true,1,
7290000260969,false,ספרינג אשכולית/אננס לייט,יפאורה שותפות מובגלת לשיווק,IL,ספרינג דיאט,ליטרים,1.50,ליטר,false,0,6.30,4.20,true,1,
7290000263359,false,חיתולים ליטל בייביז מידה 1 האגיס 40 יחידות,קימברלי קלארק שיווק,IL,חיתולי האגיס,יחידה,1.00,יחידה,false,0,31.90,31.90,true,1,
7290000263373,false,62האגיס פרידום דריי שלב3,חוגלה קימברלי,IL,האגיס פרידום דרי,יחידה,1.00,יחידה,false,0,49.90,49.90,true,1,
7290000272344,false,סירופ פטל עסיס 2 ליטר,בית השיטה,IL,סירופ בטעם פטל,ליטרים,2.00,ליטר,false,0,21.80,10.90,true,1,
7290000272375,false,סירופ אננס עסיס 2 ליטר,בית השיטה,IL,סירופ אננס,ליטרים,2.00,ליטר,false,0,21.80,10.90,true,1,
7290000272696,false,עסיס מיץ לימון טבעי משומר 1 ל' אסם,בית-השיטה עסיס תעשיות מז,IL,מיץ לימון משומר,ליטרים,1.00,ליטר,false,0,10.50,10.50,true,1,
7290000272726,false,חומץ רכיבים רכיבים טבעיים 5% עסיס 1 ליטר,בית-השיטה עסיס תעשיות מז,IL,חומץ 5%,ליטרים,1.00,ליטר,false,0,6.90,6.90,true,1,
7290000284316,false,קוקה -קולה בקבוק 1.5 ליטר,החברה המרכזית לייצור משקאות,IL,קוקה קולה בקבוק 1.5 ליטר,ליטרים,1.50,ליטר,false,0,6.30,4.20,true,1,
7290000284347,false,קינלי סודה בקבוק 1.5,החברה המרכזית לייצור משקאות,IL,קינלי סודה 1.5 ליטר,ליטרים,1.50,ליטר,false,0,4.40,2.93,true,1,
7290000284361,false,קולה דיאט בקבוק 1.5 ל',החברה המרכזית לייצור משקאות,IL,קולה דיאט בקבוק 1.5 ל',ליטרים,1.50,ליטר,false,0,6.30,4.20,true,1,
7290000286228,false,ספוגיות לניקוי כללי סנו סושי 6 יחידות,סנו מפעלי ברונו בעמ,IL,ספוגי סנו סושי,יחידה,1.00,יחידה,false,0,11.40,11.40,true,1,
7290000286525,false,ספוג כיף רחצה פרינה 1 יח,קוסמופארם,IL,ספוג רחצה,יחידה,1.00,יחידה,false,0,14.10,14.10,true,1,
7290000286549,false,מטליות לניקוי כללי סנו סושי 9 יחידות,נועם אורים תעשיות בע,IL,מטליות רב שימוש 9 יח',יחידה,1.00,יחידה,false,0,11.40,11.40,true,1,
7290000286594,false,אבקה לניקוי במיכל לימון X סנו 600 גרם,סנו מפעלי ברונוס בעמ,IL,סנוX- קרם לניק,גרמים,600.00,100 גרם,false,0,10.30,1.72,true,1,
7290000287362,false,פוליויקס נוזל רצפות בניחוח לוטוס סנו 4 ליטר,סנו,IL,פוליויקס סנרייז,ליטרים,4.00,ליטר,false,0,40.60,10.15,true,1,
7290000287485,false,סנובון סבון אסלה בריח לובר סנו 3 יחידות,סנו מפעלי ברונו בעמ,IL,סנובון לובר,גרמים,165.00,100 גרם,false,0,12.00,7.27,true,1,
7290000287607,false,"אקוה בלו סבון לניאגרה סנו 150 מ""ל",סנו מפעלי ברונוס בעמ,IL,סנו בלו לאסלה,גרמים,150.00,100 גרם,false,0,18.60,12.40,true,1,
7290000287621,false,"אנטי קאלק נוזל לניקוי אסלות סנו 750 מ""ל",מיוצר עי קונדיטוריית,IL,סנו מנקה אסלות,מיליליטרים,750.00,"100 מ""ל",false,0,15.90,2.12,true,1,
7290000288024,false,סנו - ז'אוול אקונומיקה בריח לימון 4 ליטר,"סנו מפעלי ברונוס בע""מ",IL,סנו JAVEL אקונומ,ליטרים,4.00,ליטר,false,0,15.90,3.98,true,1,
7290000288086,false,אבקת ניקוי עם אקונומיקה בריח לימון סנו ז'אוול 600 ג',מיוצר עי קונדיטוריית,IL,סנו ג'אוול אבק,גרמים,600.00,100 גרם,false,0,12.20,2.03,true,1,
7290000288291,false,סנומט דוחה יתושים לוחיות אידוי 30 יחידות,טרופיקל דגיל תעשיות,IT,סנומט נגד יתוש,יחידה,1.00,יחידה,false,0,13.20,13.20,true,1,
7290000288352,false,"קוטל חרקים וזוחלים K-300 סנו 630 מ""ל","סנו מפעלי ברונוס בע""מ",IL,300-K קוטל חרק,מיליליטרים,630.00,"100 מ""ל",false,0,22.80,3.62,true,1,
7290000288390,false,"קוטל זבובים ויתושים K-600 סנו 500 מ""ל","סנו מפעלי ברונוס בע""מ",IL,סנו 600-K תרסיס,מיליליטרים,500.00,"100 מ""ל",false,0,24.50,4.90,true,1,
7290000289069,false,סנו - ז'אוול מרסס קצף ניקוי בתוספת אקונומיקה בריח לימון 1 ליטר,"סנו מפעלי ברונוס בע""מ",IL,סנו ג'אוול מרסס,ליטרים,1.00,ליטר,false,0,20.90,20.90,true,1,
7290000289472,false,סנו סושי שקיות אשפה - 50 יחידות,מיוצר עי קונדיטוריית,IL,50 שקיות אשפה,יחידה,1.00,יחידה,false,0,23.00,23.00,true,1,
7290000289595,false,"אורביטול משחת שיניים לילדים בטעם תות שדה 145 מ""ל",טרופיקל דגיל תעשיות קוסמ,IL,משחת שיניים,גרמים,145.00,100 גרם,false,0,9.20,6.34,true,1,
7290000291932,false,"סנובון נוזל לניקוי אסלה בניחוח לבנדר סנו 750 מ""ל","סנו מפעלי ברונוס בע""מ",IL,סנובון נוזלי,מיליליטרים,750.00,"100 מ""ל",false,0,12.40,1.65,true,1,
7290000292687,false,סנובון מוצק לניקוי אסלה קלאסיק כחול סנו 3 יחידות,מיוצר עי קונדיטוריית,IL,סנובון כחול 3 יח,גרמים,165.00,100 גרם,false,0,17.90,10.85,true,1,
7290000292915,false,"תרסיס לניקוי כללי רסס ונגב סנו 750 מ""ל","סנו מפעלי ברונוס בע""\מ",IL,סנו רסס נגב מרסס,מיליליטרים,750.00,"100 מ""ל",false,0,16.30,2.17,true,1,
7290000293943,false,"מרסס לבן מסיר אבנית 1 ליטר אנטי קאלק ""סנו""",מיוצר עי קונדיטוריית,IL,סנו אנטי קאלק,ליטרים,1.00,ליטר,false,0,17.20,17.20,true,1,
7290000294391,false,נוזל לניקוי כללי בניחוח סחלבים סנו ג'ט 4 ליטר,סנו מפעלי ברונוס בעמ,IL,סנו ג'ט,ליטרים,4.00,ליטר,false,0,14.80,3.70,true,1,
7290000294575,false,סנו סושי רב מגבת 63 דפים בגליל,סנו מפעלי ברונוס בעמ,IL,רב מגבת סנו סושי,מטרים,14.00,מטר,false,0,12.70,0.91,true,1,
7290000294773,false,אקונומיקה בריח לבנדר סנו ז'אוול 4 ליטר,"סנו מפעלי ברונוס בע""\מ",IL,סנו ג'אוול 4 ליט,ליטרים,4.00,ליטר,false,0,15.90,3.98,true,1,
7290000294780,false,אקונומיקה סמיכה בריח לימון סנו ז'אוול 4 ליטר,"סנו מפעלי ברונוס בע""מ",IL,סנו ג'אוול 4 ל,ליטרים,4.00,ליטר,false,0,15.90,3.98,true,1,
7290000295404,false,שקיות אשפה עם שרוך 54 * 65 סנו סושי 60 יחידות,מיוצר עי קונדיטוריית,IL,שקיות אשפה,יחידה,1.00,יחידה,false,0,23.10,23.10,true,1,
7290000295541,false,רב מגבת ג'מבו סנו סושי 75 יחידות,מיוצר עי קונדיטוריית,IL,סנו סושי רב מגבת,מטרים,21.00,מטר,false,0,17.20,0.82,true,1,
7290000295558,false,"רדיד אלומיניום רוחב 30 ס""מ סנו סושי 2 יח' 7.5 מטר",מולינו ניקולי s.p.a,TR,צמד רדידי אלומינ,מטרים,15.00,מטר,false,0,11.40,0.76,true,1,
7290000295565,false,"רדיד אלומיניום רוחב 45 ס""מ סנו 2 יח' 7.5 מטר",בורסה פאזרי,TR,צמד רדידי אלומינ,מטרים,15.00,מטר,false,0,20.10,1.34,true,1,
7290000295572,false,"מארז זוגי מנקה אסלות 00 סנו 750 מ""ל",מיוצר עי קונדיטוריית,IL,צמד מנקה אסלות,ליטרים,1.50,ליטר,false,0,19.90,13.27,true,1,
7290000300689,false,שניצל ברוקולי 750 גרם,טבעול,IL,שניצל ברוקולי 750 גרם,גרמים,750.00,100 גרם,false,0,32.30,4.31,true,1,
7290000301662,false,שניצל מןהצומח %5שומן 750,טבעול,IL,שניצל מןהצומח %5שומן 750,גרמים,750.00,100 גרם,false,0,34.80,4.64,true,1,
7290000302027,false,סיגריות טיים אדום פא,"דובק בע""מ",IL,טיים RED 10 יח',יחידה,1.00,יחידה,false,0,260.00,260.00,false,1,
7290000302041,false,פאקט טיים ארוך אדום,"דובק בע""מ",IL,טיים RED 100 10 יח',יחידה,1.00,יחידה,false,0,260.00,260.00,false,1,
7290000302881,false,סיגריות גולף גולד אר,"דובק בע""מ",,גולף גולד 100 פ.ע 10יח,יחידה,1.00,יחידה,false,0,270.00,270.00,false,1,
7290000303598,false,שעועית לבנה ברוטב עגבניות פרי הגליל 570 גרם,"פרי הגליל בע""""מ",IL,שעועית אפויה+רוטב 570 גר,גרמים,570.00,100 גרם,false,0,9.00,1.58,true,1,
7290000303604,false,חומוס שלם מוכן לאכילה פרי הגליל 550 גרם,השוואת מחירונים,IL,חומוס שלם,גרמים,550.00,100 גרם,false,0,7.30,1.33,true,1,
7290000305882,false,אס ירקות עם דגים ברוטב עגבניות פיקנטי,"סטארקיסט פודור בע""מ",TR,אס דגים+ירקות,גרמים,120.00,100 גרם,false,0,5.80,4.83,true,1,
7290000307015,false,אפונת גינה בינונית פרי הגליל 550 גרם,"פרי הגליל בע""""מ",IL,אפונת גינה גדולה 550 גר',גרמים,550.00,100 גרם,false,0,7.10,1.29,true,1,
7290000307237,false,גרעיני תירס מתוק פרי הגליל 550 גרם,"פרי הגליל בע""""מ",IL,גרעיני תירס מתוק 550 גרם,גרמים,550.00,100 גרם,false,0,6.90,1.25,true,1,
7290000307800,false,פול ירוק פרי הגליל 800 גרם,"פרי הגליל בע""""מ",IL,פול ירוק מוקפא,גרמים,800.00,100 גרם,false,0,21.50,2.69,true,1,
7290000311203,false,"וופלים בטעם שוקולד ""מן"" 200 גרם",תות ממתקי איכות,IL,ופלים טעם שוקולד,גרמים,200.00,100 גרם,false,0,4.50,2.25,true,1,
7290000311210,false,"וופלים בטעם לימון ""מן"" 200 גרם","רוקחמן בע""מ",IL,וופלים לימון,גרמים,200.00,100 גרם,false,0,4.50,2.25,true,1,
7290000313184,false,עוגיות חברים גן חיות וניל אסם 250 גר',"הגביע מוצרי וופלים בע""\מ",IL,עוגיות גן חיות,גרמים,250.00,100 גרם,false,0,9.20,3.68,true,1,
7290000313283,false,נודלס אטריות ביצים 300גר,פסטה זארה,IT,אטריות נודלס,גרמים,300.00,100 גרם,false,0,11.90,3.97,true,1,
7290000316215,false,סיף לניקוי אמבטיה500מל,יוניליוור,TR,סיף ספריי אמבטיה,מיליליטרים,500.00,"100 מ""ל",false,0,12.50,2.50,true,1,
7290000327372,false,ג'אמפ אשכוליות דיאט1.5ל',טמפו,IL,ג'אמפ דיאט,ליטרים,1.50,ליטר,false,0,5.90,3.93,true,1,
7290000327440,false,ג'אמפ מנגו פסיפלורה 1.5ל,טמפו משקאות בעמ,IL,ג'אמפ מנגו,ליטרים,1.50,ליטר,false,0,5.90,3.93,true,1,
7290000327624,false,מי סודה טמפו 1.5 ליטר,"טמפו משקאות בע""מ",IL,מי סודה 1.5 ליטר,ליטרים,1.50,ליטר,false,0,3.20,2.13,true,1,
7290000327693,false,סודה בטעם פירות יער 1.5ל,"טמפו משקאות בע""ם.",IL,סודה בטעם פירות יער 1.5ל,ליטרים,1.50,ליטר,false,0,4.00,2.67,true,1,
7290000327709,false,סודה ט.אדלברי ליצ'י 1.5ל,,IL,סודה ט.אדלברי ליצ'י 1.5ל,ליטרים,1.50,ליטר,false,0,4.00,2.67,true,1,
7290000327716,false,סודה טמפו אננס 1.5 ל,,IL,סודה אננס 1.5 ליטר,ליטרים,1.50,ליטר,false,0,4.00,2.67,true,1,
7290000327778,false,סודה בטעם אבטיח 1.5 ליטר,,IL,סודה בטעם אבטיח 1.5 ליטר,ליטרים,1.50,ליטר,false,0,4.00,2.67,true,1,
7290000334233,false,"תפוגן 2 ק""ג",תפוגן,IL,תפוגן צ'פס מובחר,קילוגרמים,2.00,"ק""ג",false,0,30.80,15.40,true,1,
7290000339191,false,אבקת הלבנה רן ללא כל,זוהר דליה - 3P Local,IL,רן אבקת הלבנה,גרמים,350.00,100 גרם,false,0,18.50,5.29,true,1,
7290000339566,false,מרכך כביסה ורד בדין 4 ליטר,יוניליור ישראל טיפוח איש,IL,מרכך כביסה בדין,ליטרים,4.00,ליטר,false,0,21.90,5.48,true,1,
7290000342832,false,מרכך כביסה צהוב בדין 4 ליטר,יוניליוור פארם,IL,מרכך כביסה בדין,ליטרים,4.00,ליטר,false,0,21.90,5.48,true,1,
7290000342856,false,מרכך כביסה כחול בדין 4 ליטר,יוניליור ישראל טיפוח איש,IL,מרכך כביסה בדין,ליטרים,4.00,ליטר,false,0,21.90,5.48,true,1,
7290000345048,false,תה ויסוצקי 74 - 125 גרם,תה ויסוצקי,IL,תה ויסוצקי 74 - 125 גרם,גרמים,125.00,100 גרם,false,0,13.10,10.48,true,1,
7290000345055,false,תה עלים ארל גריי ויסוצקי 100 גרם,מולינו ניקולי s.p.a,IL,ארל גריי תה עלים 100 גרם,גרמים,100.00,100 גרם,false,0,15.00,15.00,true,1,
7290000345116,false,תה ירוק ויסוצקי 125 גרם,תה ויסוצקי,IL,תה ירוק עלים 125 גרם,גרמים,125.00,100 גרם,false,0,14.80,11.84,true,1,
7290000345208,false,תה כחול קלאסיק ויסוצקי 25 יחידות,תה ויסוצקי,IL,תה ויסוצקי מעודן,גרמים,25.00,100 גרם,false,0,7.00,28.00,true,1,
7290000345215,false,תה כחול קלאסיק ויסוצקי 100 יחידות,מולינו ניקולי s.p.a,IL,תה ויסוצקי כחול 100שק1*ג,גרמים,100.00,100 גרם,false,0,16.00,16.00,true,1,
7290000345260,false,תה קלאסיק מעטפות ויסוצקי 25 יחידות,מולינו ניקולי s.p.a,IL,תה ויסוצקי 25שק1.5*גרם,גרמים,37.00,100 גרם,false,0,7.40,20.00,true,1,
7290000345277,false,תה ויסוצקי קלאסי אריזה ירוקה מרובעת (50שקיקים),מולינו ניקולי s.p.a,IL,תה ויסוצקי 50שק1.5* גרם,גרמים,75.00,100 גרם,false,0,13.50,18.00,true,1,
7290000345284,false,תה ויסוצקי קלאסי אריזה ירוקה מרובעת (100 שקיקים),מולינו ניקולי s.p.a,IL,תה קלאסיק 100שק1.5*גרם,גרמים,150.00,100 גרם,false,0,16.90,11.27,true,1,
7290000345291,false,תה ארל גריי ויסוצקי 25 יחידות,תה ויסוצקי,IL,תה ארל גריי 25שק1.5*גרם,גרמים,37.00,100 גרם,false,0,15.20,41.08,true,1,
7290000345536,false,תה נענע ויסוצקי 25 יחידות,מולינו ניקולי s.p.a,IL,תה נענע 25 שקX. 1.5 גרם,גרמים,37.00,100 גרם,false,0,18.80,50.81,true,1,
7290000346168,false,חליטת שומר הגן הקסום ויסוצקי 25 יחידות,תה ויסוצקי,IL,חליטת שומר,גרמים,37.00,100 גרם,false,0,17.60,47.57,true,1,
7290000346199,false,חליטת פירות יער הגן הקסום ויסוצקי 25 יחידות,תה ויסוצקי,IL,חליטת פירות היער,גרמים,67.00,100 גרם,false,0,17.60,26.27,true,1,
7290000346236,false,חליטת לואיזה וורבנה הגן הקסום ויסוצקי 25 יחידות,תה ויסוצקי,IL,תה לואיזה וורבנה,גרמים,50.00,100 גרם,false,0,17.60,35.20,true,1,
7290000347738,false,תה ירוק נענע ויסוצקי 25 יחידות,תה ויסוצקי,IL,תה ירוק נענע,גרמים,37.00,100 גרם,false,0,26.90,72.70,true,1,
7290000347752,false,תה ירוק לימונית ולואיזה 25 שקיקים *1.5 ג'' ויסוצקי,תה ויסוצקי,IL,תה ירוק לימונית,גרמים,37.00,100 גרם,false,0,26.90,72.70,true,1,
7290000355412,false,עגבניות מרוסקות A2.5 ושום טל וטרי 800 גר',"מילוז(1989)בע""""מ",IL,עגבנ.מרוסקות עם שום 800ג,גרמים,800.00,100 גרם,false,0,8.50,1.06,true,1,
7290000363202,false,סלמי גליל מעושן נקניק מעושן חצי יבש 600 גרם,הנסיך- מפעל לייצור ט,IL,נקניק סלמי גליל,גרמים,600.00,100 גרם,false,0,32.70,5.45,true,1,
7290000364261,false,"דקניקים, סלסולי פסטרמה כתף בקר מעושנת 120 גרם",הנסיך- מפעל לייצור ט,IL,דקניקים כתף בקר,גרמים,120.00,100 גרם,false,0,15.30,12.75,true,1,
7290000364285,false,דקניקים סלסולי פסטרמה הודו טירת צבי 120 גרם,הנסיך- מפעל לייצור ט,IL,דקניקים פסטרמה,גרמים,120.00,100 גרם,false,0,15.30,12.75,true,1,
7290000364292,false,דקניקים סלסולי פסטרמה הודו על גחלים 1% טירת צבי 120 גרם,הנסיך- מפעל לייצור ט,IL,דקמיקים פסטרמה,גרמים,120.00,100 גרם,false,0,15.30,12.75,true,1,
7290000377681,false,נקטר אפרסק פריגת 1 ליטר,פריגת,IL,נקטר אפרסק פריגת,ליטרים,1.00,ליטר,false,0,5.50,5.50,true,1,
7290000396439,false,עגבניות שרי מידיפלס יח,קטיף.,IL,ע.שרי מידיפלם-יח,יחידה,1.00,יחידה,false,0,8.50,8.50,true,1,
7290000408316,false,יוגורט דנונה דל לקטוז 200 גרם,מיוצר עי קונדיטוריית,IL,דנונה לבן ביו,גרמים,200.00,100 גרם,false,0,3.70,1.85,true,1,
7290000408354,false,יוגורט עם אורז מצופה שוקולד קקאו 175 ג' דנונה,"שטראוס בריאות בע""\מ",IL,דנונה בר פצפוצים,גרמים,173.00,100 גרם,false,0,5.30,3.06,true,1,
7290000412481,false,נוזל לניקוי אסלות 00 סנו 1 ליטר,מיוצר עי קונדיטוריית,IL,"מנקה אסלות 00""",ליטרים,1.00,ליטר,false,0,8.70,8.70,true,1,
7290000416021,false,ממרח בטעם שוקולד השחר חלבי 500,השחר העולה,IL,ממרח השחר,גרמים,500.00,100 גרם,false,0,11.90,2.38,true,1,
7290000416038,false,"ממרח השחר חלבי בד""ץ 850",השחר,IL,ממרח השחר,גרמים,850.00,100 גרם,false,0,27.90,3.28,true,1,
7290000416045,false,"קרם מובחר למריחה השחר 1 ק""ג",השחר העולה תעשייות מ,IL,ממרח מובחר מריחה השחר1קג,קילוגרמים,1.00,"ק""ג",false,0,22.90,22.90,true,1,
7290000416076,false,"צימקאו לאפייה וציפוי השחר 400 גרם כשל""פ",השחר העולה תעשייות מ,IL,צימקאו שוקולד לבישול400ג,גרמים,400.00,100 גרם,false,0,13.90,3.48,true,1,
7290000416618,false,קרם מובחר בטעם שוקולד פרווה השחר למהדרין,השחר העולה תעשייות מ,IL,ממרח בטעם שוקולד,גרמים,400.00,100 גרם,false,0,13.60,3.40,true,1,
7290000416632,false,קרם מובחר בטעם שוקולד פרווה השחר למהדרין,השחר העולה תעשית ממת,IL,ממרח שוקולד השחר,קילוגרמים,1.00,"ק""ג",false,0,27.00,27.00,true,1,
7290000419114,false,קפה טחון טורקי לנדור200ג,"קפה לנדוור בע""\מ",IL,קפה טחון טורקי לנדור200ג,גרמים,200.00,100 גרם,false,0,15.50,7.75,true,1,
7290000419367,false,קפה לנדוור מקורי 70*4גרם,קפה לנדוור,,קפה לנדוור 4 יח',גרמים,280.00,100 גרם,false,0,21.50,7.68,true,1,
7290000419893,false,לנדוור קפה שחור חזק טחון טורקי 100 גרם,מולינו ניקולי s.p.a,IL,קפה לנדור לבוקר טחון100ג,גרמים,100.00,100 גרם,false,0,8.60,8.60,true,1,
7290000420417,false,גלילונית שקיות אשפה 52X65 עם שרוך 60 יחידות,"איטיליאן פוד, אס.פי.",IL,גלילונית שרוך,יחידה,1.00,יחידה,false,0,22.90,22.90,true,1,
7290000432120,false,נרות חנוכה 44 יחידות,מנורה,IL,נרות חנוכה,יחידה,1.00,יחידה,false,0,3.90,3.90,true,1,
7290000432205,false,נר תמיד בכוס פאלאס 4,פאלאס תעשיות נטו (20,CN,נר נשמה בכוס,יחידה,1.00,יחידה,false,0,6.50,6.50,true,1,
7290000432489,false,נרות חנוכה מיוחד 45,מנורה,IL,נרות חנוכה,יחידה,1.00,יחידה,false,0,6.90,6.90,true,1,
7290000432632,false,נרות שבת 4 יחידות,,IL,נרות שבת 4 יחידות,יחידה,1.00,יחידה,false,0,4.20,4.20,true,1,
7290000432649,false,נרות שבת 6 יחידות,פאלאס,IL,נרות שבת 6 יחידות,יחידה,1.00,יחידה,false,0,4.20,4.20,true,1,
7290000432922,false,נריות בפלסטיק 72 שעות,,IL,נריות בפלסטיק 72 שעות,יחידה,1.00,יחידה,false,0,24.70,24.70,true,1,
7290000433684,false,פפסי קולה 1.5 ליטר,"טמפו משקאות בע""מ",IL,פפסי קולה 1.5 ליטר,ליטרים,1.50,ליטר,false,0,5.60,3.73,true,1,
7290000433714,false,סבן אפ 1.5 ליטר,"טמפו משקאות בע""\מ",IL,סבן אפ 1.5 ליטר,ליטרים,1.50,ליטר,false,0,5.60,3.73,true,1,
7290000433974,false,פפסי מקס משקה מוגז דל קלוריות בטעם קולה,"טמפו משקאות בע""מ",IL,פפסי מקס 1.5 ליטר,ליטרים,1.50,ליטר,false,0,5.60,3.73,true,1,
7290000434605,false,"עוג.אגוזים ""פפושדו600""גר","אחים פפושדו ובניהם בע""מ",IL,"עוג.אגוזים ""פפושדו600""גר",גרמים,600.00,100 גרם,false,0,11.30,1.88,true,1,
7290000446523,false,ממרח בוטנים מתוק בטר אנד דיפרנט 350 גרם,בטר אנד דיפרנט,IL,חמאת בוטנים מתוקה 350גרם,גרמים,350.00,100 גרם,false,0,12.70,3.63,true,1,
7290000446547,false,חמאת בוטנים טבעית בטר אנד דיפרנט 350 גרם,"בטר אנד דיפרנט בע""מ",IL,חמאת בוטנים,גרמים,350.00,100 גרם,false,0,15.00,4.29,true,1,
7290000453019,false,שמרים טריים לאפייה שקית שמרית 50 ג',"פאקא תעשיות בע""\מ",IL,שמרית-שמרים לחים 50 גרם,גרמים,50.00,100 גרם,false,0,4.20,8.40,true,1,
7290000461656,false,בייגלה מקלות מלוחים בייגל בייגל 400 גרם,בייגל את בייגל מזון 198),IL,בייגלה מקלות,גרמים,400.00,100 גרם,false,0,10.90,2.73,true,1,
7290000461700,false,בייגלה גדול גדול בייגל בייגל 400 גרם,בייגל את בייגל מזון 198),IL,בייגלה גדול,גרמים,400.00,100 גרם,false,0,14.30,3.58,true,1,
7290000462141,false,סחוג אדום תימני מקורי חריף מאוד זהבי 150 גרם,קריניסה ויטמין אס אי,IL,זחוק אדום חריף מאוד 150ג,גרמים,150.00,100 גרם,false,0,8.20,5.47,true,1,
7290000462172,false,סחוג תימני ירוק חריף זהבי הכרם 150 גרם,קריניסה ויטמין אס אי,IL,סחוג זהבי ירוק 150 גרם,גרמים,150.00,100 גרם,false,0,8.20,5.47,true,1,
7290000463490,false,טבעות זיתים ירוקים 560ג,בית השיטה,IL,טבעות זית ירוק,גרמים,560.00,100 גרם,false,0,10.30,1.84,true,1,
7290000463889,false,חרוזית בעשבי תיבול560גרם,בית השיטה,IL,זיתים חרוזית,גרמים,560.00,100 גרם,false,0,10.90,1.95,true,1,
7290000464459,false,קוקטייל זיתים בית הש,בית השיטה,IL,קוקטייל זיתים,גרמים,560.00,100 גרם,false,0,11.80,2.11,true,1,
7290000465326,false,פלפלים מרוקאים צבר 400ג,אסם,IL,פלפלים מרוקאים,גרמים,400.00,100 גרם,false,0,16.70,4.18,true,1,
7290000466170,false,מלפ.גלעד 12-10מלח 560גרם,בית השיטה,IL,מלפפונים במלח,גרמים,560.00,100 גרם,false,0,6.90,1.23,true,1,
7290000466187,false,מלפפונים במלח 13-17 560ג,בית-השיטה עסיס תעשיות מז,IL,מלפפונים במלח,גרמים,560.00,100 גרם,false,0,9.10,1.63,true,1,
7290000466194,false,מלפפונ.במלח18-25 560 גרם,בית-השיטה עסיס תעשיות מז,IL,מלפפונים במלח,גרמים,560.00,100 גרם,false,0,11.70,2.09,true,1,
7290000467160,false,מלפפון בחומץ גדול7-9 560,בית השיטה,IL,מלפפונים בחומץ,גרמים,560.00,100 גרם,false,0,6.40,1.14,true,1,
7290000467184,false,מלפפונים בחומץ קטנים,בית-השיטה עסיס תעשיו,IL,מלפפונים בחומץ,גרמים,560.00,100 גרם,false,0,9.10,1.63,true,1,
7290000468006,false,כרוב כבוש בית השיטה 560ג,בית-השיטה עסיס תעשיו,IL,כרוב כבוש,גרמים,560.00,100 גרם,false,0,8.20,1.46,true,1,
7290000474021,false,חלב 3% טרה שקית 1 ל' מהדרין,Unknown,IL,חלב מפוסטר שקית 3% 1 ל',ליטרים,1.00,ליטר,false,0,5.11,5.11,true,1,
7290000474076,false,"חלב קרטון 3%-1 ליטר ""טרה""-מוצר בפיקוח",הפריט בפיקוח,IL,חלב הומוגני בקרטון3% 1ל,ליטרים,1.00,ליטר,false,0,5.90,5.90,true,1,
7290000474090,false,"חלב בקרטון 1%- 1 ליטר בד""צ - מוצר בפיקוח",מילקו תעשיות בעמ,IL,חלב טרי טרה 1%,ליטרים,1.00,ליטר,false,0,5.55,5.55,true,1,
7290000474373,false,"שמנת חמוצה 15% שומן 200 מ""ל טרה",קריות זול,IL,שמנת חמוצה15%,מיליליטרים,200.00,"100 מ""ל",false,0,2.28,1.14,true,1,
7290000474410,false,טרה חמאה מהדרין 100ג,Unknown,IL,חמאה טרה,גרמים,100.00,100 גרם,false,0,3.92,3.92,true,1,
7290000474502,false,גבינה לבנה טרה 5% מרכיבים טבעיים,הפריט בפיקוח,IL,גבינה לבנה 5% טרה 250 גר,גרמים,250.00,100 גרם,false,0,4.80,1.92,true,1,
7290000474540,false,טוב טעם גבינה לבנה 3% טרה 250 גרם,קריות זול,IL,גבי. טוב טעם 3% 250גרם,גרמים,250.00,100 גרם,false,0,10.60,4.24,true,1,
7290000480107,false,קוואקר שיבולת שועל פחית 500 גרם,וולקרס סנקס לימיטד,GB,קואקר שיבולת,גרמים,500.00,100 גרם,false,0,14.30,2.86,true,1,
7290000480442,false,קוואקר שיבולת שועל בשקית 500 גרם,פריטו ליי FRITO-LAY,IL,קואקר,גרמים,500.00,100 גרם,false,0,13.60,2.72,true,1,
7290000481944,false,לחם דגנים קל 500 גרם,מאפ. דגנית עין-בר,IL,לחם דגנים קל 500 גרם,גרמים,500.00,100 גרם,false,0,16.10,3.22,true,1,
7290000481951,false,6 לחמניות דגנים קלות300ג,,IL,6 לחמניות דגנים קלות300ג,גרמים,300.00,100 גרם,false,0,14.60,4.87,true,1,
7290000493176,false,אסם אבקת רוטב צלי לבשר 22 ג',"אסם השקעות בע""\מ",IL,רוטב צלי לבשר,גרמים,22.00,100 גרם,false,0,4.50,20.45,true,1,
7290000493183,false,אבקת רוטב פטריות לבשר-30 גרם,"אסם השקעות בע""\מ",IL,רוטב פטריות,גרמים,30.00,100 גרם,false,0,4.00,13.33,true,1,
7290000504025,false,ממתיק סוכרזית פטרייה עלית 300 גרם,אף.סי תבליני בגליל ב,IL,סוכרזית פטריה,גרמים,24.00,100 גרם,false,0,9.20,38.33,true,1,
7290000504049,false,סוכרזית קלאסי קנקן 1200 טבליות,אף.סי תבליני בגליל ב,IL,סוכרזית טבליות,גרמים,98.00,100 גרם,false,0,21.70,22.14,true,1,
7290000504209,false,"סוכרזית דיאט טיפ נוזלי 220 מ""ל",אף.סי תבליני בגליל ב,IL,נוזל של סוכרזית,מיליליטרים,220.00,"100 מ""ל",false,0,16.90,7.68,true,1,
7290000504278,false,ממתיק סוכרזית אריזת פטנט 700 טבליות,אף.סי תבליני בגליל ב,IL,סוכרזית טבליות,גרמים,57.00,100 גרם,false,0,16.50,28.95,true,1,
7290000518176,false,ממתיק מתוק וקל 250 שקיות,מתוק וקל בעמ,IL,מתוק וקל ענק 250 שקיות,גרמים,250.00,100 גרם,false,0,21.40,8.56,true,1,
7290000521008,false,יין אדום יבש של סגל750מל,"כרמי צבי - אחים סגל בע""\",IL,יין סגל אדום,מיליליטרים,750.00,"100 מ""ל",false,0,19.90,2.65,true,1,
7290000521404,false,"יין מרום גליל קברנה סוביניון סינגל 750 מ""ל",כרמי צבי אחים סגל בע,IL,"מרום גליל קברנה 750 מ""ל",מיליליטרים,750.00,"100 מ""ל",false,0,39.90,5.32,true,1,
7290000522142,false,חלב הרים טהור-עמיד- קרטון 1 לי 3%,"מחלבות רמת הגולן בע""",IL,חלב הרים טהור 3% 1 ליטר,ליטרים,1.00,ליטר,false,0,8.80,8.80,true,1,
7290000523118,false,"מלח ים יבש 1 ק""ג",תעשיות מלח לישראל,IL,"מלח ים יבש 1 ק""ג",קילוגרמים,1.00,"ק""ג",false,0,7.10,7.10,true,1,
7290000523125,false,מלח הארץ הים האדום 250 ג' עדין,"חברת מלח הארץ אילת בע""\מ",IL,מלח ים יבש 250 גרם,גרמים,250.00,100 גרם,false,0,6.40,2.56,true,1,
7290000523514,false,מלח ים יבש מלח הארץ 250 גרם מופחת נתרן,"חברת מלח הארץ אילת בע""\מ",IL,מלח דל נתרן,גרמים,250.00,100 גרם,false,0,9.20,3.68,true,1,
7290000523804,false,"מלח עדין צנצנת 1 ק""ג מלח הארץ","חברת מלח הארץ אילת בע""\מ",IL,"מלח הארץ עדין צנצנת 1ק""ג",קילוגרמים,1.00,"ק""ג",false,0,7.10,7.10,true,1,
7290000523811,false,"צנצנת מלח גס 1 ק""ג מלח הארץ","חברת מלח הארץ אילת בע""\מ",IL,"מלח הארץ גס צנצנת 1 ק""ג",קילוגרמים,1.00,"ק""ג",false,0,7.10,7.10,true,1,
7290000525969,false,מיץ תפוזים סחוט רכיבים טבעיים פרימור 1 ליטר,"גניר (1992) בע""מ",IL,מיץ תפוזים סחוט 1 ליטר,ליטרים,1.00,ליטר,false,0,16.20,16.20,true,1,
7290000530109,false,קבנוס זוגי בואקום זוגלובק 180ג',נקניק נהריה כשר זוגל,IL,קבנוס בואקום 180X2 גרם,גרמים,360.00,100 גרם,false,0,28.90,8.03,true,1,
7290000530116,false,נקניק סלמי מעושן בשן 470 ג' זוגלובק,נקניק נהריה כשר זוגל,IL,נקניק תה בשן70- 470 גרם,גרמים,470.00,100 גרם,false,0,26.40,5.62,true,1,
7290000530468,false,"נקניקיות וינר זוגלובק 1 ק""ג",זוגלובק,IL,"נקניקיות וינר 1 ק""ג",קילוגרמים,1.00,"ק""ג",false,0,30.70,30.70,true,1,
7290000530598,false,נקניקיות עוף וינר זוגלובק 500 גרם,נקניק נהריה כשר זוגל,IL,נקניקיות וינר 500 גרם,גרמים,500.00,100 גרם,false,0,16.10,3.22,true,1,
7290000530604,false,נקניקיות וינר חריפות גוליבר 500ג זוגלובק,נקניק נהריה כשר זוגל,IL,נקנ חריפות טרי 400 גרם,גרמים,400.00,100 גרם,false,0,15.30,3.83,true,1,
7290000533353,false,"בצק עלים צרפתי 1 ק""ג זוגלובק",נקניק נהריה כשר זוגל,IL,"בצק עלים 1 ק""ג",גרמים,1000.00,100 גרם,false,0,16.20,1.62,true,1,
7290000536743,false,שניצלונים קריספי ט. תירס 500 גר' זוגלובק,נקניק נהריה כשר זוגל,IL,מקלוני תירס 500גרם,גרמים,500.00,100 גרם,false,0,19.90,3.98,true,1,
7290000537603,false,"נקניקיות עוף זוגלובק 1 ק""ג",זוגלובק,IL,"נקניקיות עוף טריות 1 ק""ג",קילוגרמים,1.00,"ק""ג",false,0,30.00,30.00,true,1,
7290000540290,false,דובשניות 600 גרם,,IL,דובשניות 600 גרם,גרמים,600.00,100 גרם,false,0,10.00,1.67,true,1,
7290000540313,false,עוגיות טבעיות 500 גרם,האחים,IL,עוגיות טבעיות 500 גרם,גרמים,500.00,100 גרם,false,0,20.10,4.02,true,1,
7290000551067,false,צלי כתף מס5' מוכשר קפוא,פריגוצאקו / פרגוואי,XX,צלי כתף מוכשר,קילוגרמים,0.00,"ק""ג",true,0,49.90,49.90,true,1,
7290000551074,false,פילה מדומה מס6' מוכשר קפ,פריגוצאקו / פרגוואי,XX,פ.מדומה מוכשר,גרמים,0.00,"ק""ג",true,0,39.90,39.90,true,1,
7290000554402,false,מעדן חלב מלבי 5% גד 170 גרם,"מיוצר ע""\י קוד יצרן EDNK",IL,מלבי,גרמים,160.00,100 גרם,false,0,5.90,3.69,true,1,
7290000554457,false,גבינה צפתית במליחות עדינה 5% גד 350 גרם,"מחלבות גד בע""\מ",IL,גבינה צפתית5% שומן 350ג,גרמים,350.00,100 גרם,false,0,20.90,5.97,true,1,
7290000554686,false,גבינת לאבנה בתוספת שמן זית וזעתר 5% גד 250 גרם,מחלבות גד בעמ,IL,לאבנה בשמן זית5%,גרמים,250.00,100 גרם,false,0,14.50,5.80,true,1,
7290000554822,false,ריקוטה גבינה לבנה בסגנון איטלקי 5% גד 250 גרם,מחלבות גד בעמ,IL,ריקוטה גד 5% שומן 250 גר,גרמים,250.00,100 גרם,false,0,14.90,5.96,true,1,
7290000572222,false,חלווה בלוק וניל אחוה 500 גרם,שוורצקוף& הנקל דיסלד,IL,חלווה בלוק שוקו וניל500ג,גרמים,500.00,100 גרם,false,0,11.90,2.38,true,1,
7290000574035,false,לחם אחיד פרוס 750גרם דגנית עין בר,יוניליוור גרמניה Gm,IL,לחם אחיד פרוס 750 גרם,גרמים,750.00,100 גרם,false,0,7.02,0.94,true,1,
7290000574110,false,לחם טבע קל 750 גרם,,IL,לחם טבע קל 750 גרם,גרמים,750.00,100 גרם,false,0,16.30,2.17,true,1,
7290000574141,false,לחם חיטה מלא 750ג' דגנית עין בר,דגנית עין בר תעשיות מזון,IL,לחם חיטה מלא 750 גרם,גרמים,750.00,100 גרם,false,0,12.90,1.72,true,1,
7290000574172,false,לחם קל מחיטה מלאה 750 ג' דגנית עין בר,דגנית עין בר תעשיות מזון,IL,לחם קל מחיטה מלאה 750גרם,גרמים,750.00,100 גרם,false,0,15.00,2.00,true,1,
7290000574509,false,מארז 6 לחמניות אצבע דגנית,מאפ. דגנית עין-בר,IL,6 לחמנ.חצויות 450 גרם,גרמים,450.00,100 גרם,false,0,13.70,3.04,true,1,
7290000596105,false,"קרקר שומשום ""הדר"" 1 ק""ג",מגדנית הדר,IL,"קרקר שומשום ""הדר"" 1 ק""ג",גרמים,1000.00,100 גרם,false,0,20.80,2.08,true,1,
7290000604022,false,ביצים גדולות L תנובה 12 יחידות,ביצי תנובה,,ביצים L 12 יח',יחידה,1.00,יחידה,false,0,12.00,12.00,true,1,
7290000606873,false,"תמרים לחים בד""ץ 500גרם",הדיקלאים,IL,תמרים לחים500ג,גרמים,500.00,100 גרם,false,0,11.90,2.38,true,1,
7290000630076,false,עוף קפוא מס' 2 עטרה מחיר,עטרה,IL,עוף קפוא מס' 2 עטרה מחיר,קילוגרמים,0.00,"ק""ג",true,0,24.90,24.90,true,1,
7290000631035,false,כבד עוף קפוא עטרה מחיר ל,שונות,IL,כבד עוף קפוא עטרה מחיר ל,קילוגרמים,0.00,"ק""ג",true,0,37.90,37.90,true,1,
7290000632209,false,חזה עוף קפוא עטרה מחיר ל,שונות,IL,חזה עוף קפוא,קילוגרמים,0.00,"ק""ג",true,0,34.90,34.90,true,1,
7290000632599,false,ירכיים פטם קפוא עטרה מחי,שונות,IL,ירכיים פטם קפוא עטרה מחי,קילוגרמים,0.00,"ק""ג",true,0,33.90,33.90,true,1,
7290000632698,false,שוקיים עוף קפוא עטרה מחי,שונות,IL,שוקיים עוף קפוא עטרה מחי,קילוגרמים,0.00,"ק""ג",true,0,36.90,36.90,true,1,
7290000633800,false,כנפיים עוף קפוא עטרה מחי,שונות,IL,כנפיים עוף קפוא עטרה מחי,קילוגרמים,0.00,"ק""ג",true,0,17.90,17.90,true,1,
7290000659312,false,פילה סלמון פרימיום דגי תנובה,דגי תנובה,IL,פילה סלמון ממותג קפוא קג,קילוגרמים,0.00,"ק""ג",true,0,74.90,74.90,true,1,
7290000682204,false,אטריות סבתא דקיקות 400 גרם,שיבולים בני דרום,IL,אטריות סבתא 400 גרם,גרמים,400.00,100 גרם,false,0,5.10,1.28,true,1,
7290000688114,false,מים מינרלים מי עדן 1.5 ליטר,מים מינרליים,IL,מי-עדן מים מינרלים 1.5 ל,ליטרים,1.50,ליטר,false,0,3.60,2.40,true,1,
7290000688374,false,"מים מינרליים מי עדן בייבי 6*330 מ""ל","מופק ממקור בזלתי עדן ,1",IL,"מי עדן בייבי 250*6 מ""ל",ליטרים,1.50,ליטר,false,0,15.30,10.20,true,1,
7290000688381,false,שישיית מי עדן פקק ספורט 0.5 ליטר,"מופק ממקור בזלתי עדן ,1",IL,מי עדן מארז,ליטרים,3.00,ליטר,false,0,14.70,4.90,true,1,
7290000688503,false,"מים מינרלים פקק ספורט מי עדן 6*750 מ""ל","מופק ממקור בזלתי עדן ,1",IL,מי עדן ספורטאים 750*6 מל,ליטרים,4.50,ליטר,false,0,17.20,3.82,true,1,
7290000688732,false,שישיית מי עדן 1.5 ליטר משפחתי,"מופק ממקור בזלתי עדן ,1",IL,מי עדן 6 * 1.5 ליטר,ליטרים,9.00,ליטר,false,0,12.40,1.38,true,1,
7290000692227,false,נוזל כלים פלמוליב צילינדר קלאסי 1 ליטר,יבואן ומשווק: ש. שסט,GR,פלמוליב לכלים,ליטרים,1.00,ליטר,false,0,13.50,13.50,true,1,
7290000961606,true,שורש ג'ינגר במשקל,קטיף.,XX,שורש גינגר במשקל,קילוגרמים,0.00,"ק""ג",true,0,34.90,34.90,true,1,
7290000961804,true,דלעת ארוזה,קטיף.,IL,דלעת ארוזה,קילוגרמים,0.00,"ק""ג",true,0,8.90,8.90,true,1,
7290000962474,true,חציל בלדי,קטיף.,IL,חציל בלדי,קילוגרמים,0.00,"ק""ג",true,0,6.90,6.90,true,1,
7290000963136,true,תפוח עץ מוזהב 65,קטיף.,XX,תפוח עץ מוזהב,קילוגרמים,0.00,"ק""ג",true,0,8.90,8.90,true,1,
7290000963228,true,תפוח עץ יונתן 65,קטיף.,XX,"ת""ע יונתן",קילוגרמים,0.00,"ק""ג",true,0,10.90,10.90,true,1,
7290000963297,true,תפוח עץ סטרקינג 65,קטיף.,XX,"ת""ע סטרקינג",קילוגרמים,0.00,"ק""ג",true,0,8.90,8.90,true,1,
7290000963365,true,תפוח עץ פינקריספי 65,קטיף.,XX,"תפו""ע פינקריספי",קילוגרמים,0.00,"ק""ג",true,0,13.90,13.90,true,1,
7290000963419,true,תפוח עץ גאלה 65,קטיף.,XX,תפוח עץ גאלה,קילוגרמים,0.00,"ק""ג",true,0,11.90,11.90,true,1,
7290000963563,true,תפוח עץ סמיט65,קטיף.,XX,תפוח עץ סמיט65,קילוגרמים,0.00,"ק""ג",true,0,8.90,8.90,true,1,
7290000964300,true,תפוז,קטיף.,IL,תפוז,קילוגרמים,0.00,"ק""ג",true,0,6.90,6.90,true,1,
7290000964362,true,פומלה לבנה,קטיף.,IL,פומלה לבנה,קילוגרמים,0.00,"ק""ג",true,0,7.90,7.90,true,1,
7290000964379,true,אשכולית לבנה,קטיף.,IL,אשכולית לבנה,קילוגרמים,0.00,"ק""ג",true,0,7.90,7.90,true,1,
7290000964393,true,אשכולית אדומה,קטיף.,IL,אשכולית אדומה,קילוגרמים,0.00,"ק""ג",true,0,7.90,7.90,true,1,
7290000964461,true,פומלית,קטיף.,IL,פומלית,קילוגרמים,0.00,"ק""ג",true,0,9.90,9.90,true,1,
7290000964492,true,לימון תפזורת,קטיף.,IL,לימון,קילוגרמים,0.00,"ק""ג",true,0,10.90,10.90,true,1,
7290000964560,true,קלמנטינה,קטיף.,IL,קלמנטינה,קילוגרמים,0.00,"ק""ג",true,0,8.90,8.90,true,1,
7290000964775,true,בננות,קטיף.,IL,בננות,קילוגרמים,0.00,"ק""ג",true,0,7.90,7.90,true,1,
7290000964836,true,אגס ספדונה גודל 60,קטיף.,IL,אגס ספדונה,קילוגרמים,0.00,"ק""ג",true,0,10.90,10.90,true,1,
7290000964980,true,אבוקדו,קטיף.,IL,אבוקדו,קילוגרמים,0.00,"ק""ג",true,0,9.90,9.90,true,1,
7290000966496,true,אננס ראש תשעיות יחידה,קטיף,IL,אננס ראש,יחידה,1.00,יחידה,false,0,29.90,29.90,true,1,
7290000966564,true,רימון,קטיף.,IL,רימון,קילוגרמים,0.00,"ק""ג",true,0,10.90,10.90,true,1,
7290000966663,true,קיווי שקיל,קטיף.,IL,קיווי,קילוגרמים,0.00,"ק""ג",true,0,19.90,19.90,true,1,
7290000966779,true,תות שדה 500גרם,קטיף,IL,תות שדה יח,יחידה,1.00,יחידה,false,0,21.90,21.90,true,1,
7290000982939,true,כרישה )לוף( יחידה,קטיף.,IL,לוף פרסה-יחידה,יחידה,1.00,יחידה,false,0,8.90,8.90,true,1,
7290000986784,true,תות שדה 250 גרם,קטיף,IL,תות שדה,יחידה,1.00,יחידה,false,0,12.90,12.90,true,1,
7290000995632,true,פטריות שמפניון,,IL,פטריות שמפניון,יחידה,1.00,יחידה,false,0,9.90,9.90,true,1,
7290000999180,true,קלמנטינה אוצר בית דין,קטיף,IL,קלמנטינה אוצר בי,קילוגרמים,0.00,"ק""ג",true,1,8.90,8.90,true,1,
7290000999951,true,לימון אוצר בית דין,קטיף,IL,"לימון אוצר בי""ד",קילוגרמים,0.00,"ק""ג",true,1,12.90,12.90,true,1,
7290001012123,false,פרש וואנס קייר כחול 72*4,על בד,IL,פרש וואנס,יחידה,1.00,יחידה,false,0,21.90,21.90,true,1,
7290001041147,false,חומוס גדול יבש מיה 1 ק'ג,מיה תעשיות מזון מ.ת.מ. ב,IL,חומוס גדול יבש,קילוגרמים,1.00,"ק""ג",false,0,12.50,12.50,true,1,
7290001041161,false,"שעועית לבנה יבשה מיה 1 ק""ג",מיה תעשיות מזון מ.ת.מ. ב,IL,שעועית לבנה,קילוגרמים,1.00,"ק""ג",false,0,18.90,18.90,true,1,
7290001041178,false,"אפונה ירוקה מיה 1 ק""ג",מיה תעשיות מזון מ.ת.מ. ב,IL,אפונה יבשה,קילוגרמים,1.00,"ק""ג",false,0,10.00,10.00,true,1,
7290001041192,false,"עדשים אדומים יבשים מיה 1 ק""ג",מיה תעשיות מזון מ.ת.מ. ב,IL,עדשים אדומים,קילוגרמים,1.00,"ק""ג",false,0,15.30,15.30,true,1,
7290001041215,false,"מיה חיטה 1 ק""ג",מיה תעשיות מזון מ.ת.מ. ב,IL,חיטה,קילוגרמים,1.00,"ק""ג",false,0,10.00,10.00,true,1,
7290001041222,false,"חומוס לבן ענק ק''ג מיה 1 ק""ג",מיה תעשיות מזון מ.ת.מ. ב,IL,חומוס לבן ענק,קילוגרמים,1.00,"ק""ג",false,0,15.60,15.60,true,1,
7290001041260,false,שומשום מיה 400 גרם,מיה תעשיות מזון מ.ת.מ. ב,IL,שומשום 400 גרם,גרמים,400.00,100 גרם,false,0,15.90,3.98,true,1,
7290001041673,false,"אורז פרסי עממי ק''ג מיה 1 ק""ג",מיה תעשיות מזון מ.ת.מ. ב,IL,"אורז פרסי עממי 1 ק""ג",קילוגרמים,1.00,"ק""ג",false,0,5.70,5.70,true,1,
7290001045220,false,מיץ תפוזים סחוט 2 ליטר,"גניר (1992) בע""מ",IL,מיץ תפוזים סחוט 2 ליטר,ליטרים,2.00,ליטר,false,0,23.70,11.85,true,1,
7290001136287,false,"שמפו לשיער רגיל בבושם פרחים נקה 7 750 מ""ל","אמיליה קוסמטיקס בע""מ",IL,שמפו נקה 7,מיליליטרים,750.00,"100 מ""ל",false,0,11.90,1.59,true,1,
7290001136683,false,"מרכך לשיער רגיל בבושם פרחים נקה 7 750 מ""ל","אמיליה קוסמטיקס בע""מ",IL,קונדישינר נקה 7,מיליליטרים,750.00,"100 מ""ל",false,0,11.90,1.59,true,1,
7290001193990,false,פתיליות לשמן,,,פתיליות לשמן,יחידה,1.00,יחידה,false,0,3.00,3.00,true,1,
7290001209103,false,טחון עוף עטרה 500 גרם,עטרה,IL,טחון עוף עטרה 500 גרם,גרמים,500.00,100 גרם,false,0,12.80,2.56,true,1,
7290001209158,false,שניצל עוף פרוס עטרה קפוא,שונות,IL,שניצל עוף פרוס עטרה קפוא,קילוגרמים,0.00,"ק""ג",true,0,37.90,37.90,true,1,
7290001209264,false,טחון 100% בקר קפוא עטרה 500 גרם,עטרה,IL,בשר בקר טחון עטרה 500גרם,גרמים,500.00,100 גרם,false,0,26.40,5.28,true,1,
7290001209516,false,סטייק עין עטרה מעובד עטרה 800 גרם,טיבון ויל אחזקות בעמ,IL,סטייק עין 800 גרם,גרמים,800.00,100 גרם,false,0,60.50,7.56,true,1,
7290001230739,false,כאמל כחול חפיסה חפיסה,Unknown,CH,כאמל כחול חפיסה חפיסה,יחידה,1.00,יחידה,false,0,30.50,30.50,false,1,
7290001231932,false,ווינסטון כחול בוקס חפיסה,Unknown,CH,ווינסטון כחול בוקס חפ.,יחידה,1.00,יחידה,false,0,29.50,29.50,false,1,
7290001247006,false,גזוז בטעם קולה קריסטל 2ל,יפאורה שותפות מובגלת לשיווק,IL,גזוז בטעם קולה קריסטל 2ל,ליטרים,2.00,ליטר,false,0,3.50,1.75,true,1,
7290001247020,false,קריסטל אורנג' 2 ליטר,יפאורה שותפות מובגלת לשיווק,IL,קריסטל אורנג' 2 ליטר,ליטרים,2.00,ליטר,false,0,3.50,1.75,true,1,
7290001247037,false,גזוז בטעם מנטה קריסטל 2ל,יפאורה שותפות מובגלת לשיווק,IL,גזוז בטעם מנטה קריסטל 2ל,ליטרים,2.00,ליטר,false,0,3.50,1.75,true,1,
7290001247044,false,קריסטל תות מוגז 2 ליטר,יפאורה שותפות מובגלת לשיווק,IL,קריסטל תות מוגז 2 ליטר,ליטרים,2.00,ליטר,false,0,3.50,1.75,true,1,
7290001247051,false,קריסטל למון ליים 2 ליטר,יפאורה שותפות מובגלת לשיווק,IL,קריסטל למון ליים 2 ליטר,ליטרים,2.00,ליטר,false,0,3.50,1.75,true,1,
7290001247068,false,קרטונית נקטר ספרינג תות בננה 1 ליטר,יפאורה שותפות מובגלת לשיווק,IL,נקטר ספרינג תות-בננה 1ל',ליטרים,1.00,ליטר,false,0,4.90,4.90,true,1,
7290001247082,false,מיץ עגבניות רכיבים טבעיים ספרינג 1 ליטר,יפאורה שותפות מובגלת לשיווק,IL,נקטר עגבניות ספרינג 1 ל',ליטרים,1.00,ליטר,false,0,4.90,4.90,true,1,
7290001247099,false,קרטונית נקטר ספרינג מנגו 1 ליטר,יפאורה שותפות מובגלת לשיווק,IL,נקטר ספרינג מנגו 1 ליטר,ליטרים,1.00,ליטר,false,0,4.90,4.90,true,1,
7290001247105,false,קרטונית נקטר ספרינג אפרסק 1 ליטר,יפאורה שותפות מובגלת לשיווק,IL,נקטר ספרינג אפרסק 1 ליטר,ליטרים,1.00,ליטר,false,0,4.90,4.90,true,1,
7290001247112,false,קרטונית נקטר ספרינג לימונענע 1 ליטר,יפאורה שותפות מובגלת לשיווק,IL,נקטר ספרינג לימונענע 1ל',ליטרים,1.00,ליטר,false,0,4.90,4.90,true,1,
7290001247129,false,נקטר ספרינג תפוזים קרטונית 1 ל',יפאורה שותפות מובגלת לשיווק,IL,נקטר ספרינג תפוזים 1ליטר,ליטרים,1.00,ליטר,false,0,4.90,4.90,true,1,
7290001247143,false,קרטונית נקטר ספרינג תפוחים 1 ליטר,יפאורה שותפות מובגלת לשיווק,IL,נקטר ספרינג תפוחים 1ליטר,ליטרים,1.00,ליטר,false,0,4.90,4.90,true,1,
7290001247211,false,קריסטל ענבים מוגז 2 ליטר,יפאורה שותפות מובגלת לשיווק,IL,קריסטל ענבים מוגז 2 ליטר,ליטרים,2.00,ליטר,false,0,3.50,1.75,true,1,
7290001247754,false,"קולה R.C פחית 330 מ""ל",יפאורה שותפות מובגלת לשיווק,IL,קולה R.C פחית,מיליליטרים,330.00,"100 מ""ל",false,0,3.40,1.03,true,1,
7290001247952,false,"תפוזינה משק""ל ענבים1.5ל",יפאורה שותפות מובגלת לשיווק,IL,תפוזינה ענבים,ליטרים,1.50,ליטר,false,0,5.90,3.93,true,1,
7290001265123,false,דייסת גם וגם 8דגנים300גר,נסטלה,IL,דייסת מטרנה,גרמים,300.00,100 גרם,false,0,22.20,7.40,true,1,
7290001327180,false,שטראוס קרמיסימו וניל ציפ 1.33 ליטר,"גלידת שטראוס בע""\מ, רחוב",IL,קרמיסימו וניל צ'יפ 1.33ל,ליטרים,1.33,ליטר,false,0,20.90,15.71,true,1,
7290001327197,false,קרמיסימו שוקו וניל 1.33ל,"גלידת שטראוס בע""\מ, רח'\",IL,קרמיסימו שוקו וניל 1.33ל,ליטרים,1.33,ליטר,false,0,20.90,15.71,true,1,
7290001327227,false,קרמיסימו ריבת חלב 1.33ל',"גלידת שטראוס בע""\מ",IL,קרמיסימו ריבת חלב 1.33ל',ליטרים,1.33,ליטר,false,0,20.90,15.71,true,1,
7290001327791,false,גלידת קרמיסימו וניל עוגיות חלבי,"גלידת שטראוס בע""\מ, רחוב",IL,גל.קרמיסימו עוגיות 1.33ל,ליטרים,1.33,ליטר,false,0,20.90,15.71,true,1,
7290001327838,false,מאגדת מיני מגנום פולטיפק,שטראוס,IL,מאגדת מיני מגנום פולטיפק,גרמים,250.00,100 גרם,false,0,29.90,11.96,true,1,
7290001407547,false,טחינה גולמית משומשום מלא פי 6 בארכה 500ג',"רושדי תעשיות מזון בע""\מ",IL,טחינה שומשום מלא,גרמים,500.00,100 גרם,false,1,20.70,4.14,true,1,
7290001407752,false,טחינה גולמית עם פטרוזיליה בארכה 500 גרם,"רושדי תעשיות מזון בע""\מ",IL,טחינה גולמית,גרמים,500.00,100 גרם,false,0,20.70,4.14,true,1,
7290001407769,false,טחינה גולמית שומשום מלא בארכה 500 גרם,"רושדי תעשיות מזון בע""\מ",IL,טחינה שומשום,גרמים,500.00,100 גרם,false,0,20.70,4.14,true,1,
7290001407837,false,חלבה שאמית עם פולי קקאו בארכה 350 גרם,רושדי תעשיות מזון בע,IL,חלבה קקאו,גרמים,350.00,100 גרם,false,0,14.90,4.26,true,1,
7290001419342,false,גלידה חמה ימבו וניל 15יח,גלידות אריזונה,IL,גלידה חמה ימבו,גרמים,225.00,100 גרם,false,0,20.00,8.89,true,1,
7290001419458,false,וופל ללא סוכר,,IL,וופל ללא סוכר,גרמים,200.00,100 גרם,false,0,8.80,4.40,true,1,
7290001419618,false,וופל בלגי עלמה שחור לבן וניל 200ג',"גילרו בע""מ",IL,וופל בלגי שוקולד,גרמים,200.00,100 גרם,false,0,3.90,1.95,true,1,
7290001419779,false,"וופל קלאסי בטעם שוקולד ""עלמה"" 200 גרם","גילרו בע""מ",IL,ופלים ט.שוקולד,גרמים,200.00,100 גרם,false,0,3.90,1.95,true,1,
7290001462010,false,אריסה מרוקאית יוחאי ביטון 250 גרם,נטו,IL,אריסה מרוקאית 250 גרם,גרמים,250.00,100 גרם,false,0,14.50,5.80,true,1,
7290001482506,false,"חומץ בלסמי וילי פוד 500 מ""ל",וילי פוד,IT,חומץ בלסמי,מיליליטרים,500.00,"100 מ""ל",false,0,19.60,3.92,true,1,
7290001491010,false,תה ירוק יסמין ויסוצקי 25 יחידות,תה ויסוצקי,IL,תה ירוק יסמין25שק1.5Xגרם,גרמים,37.00,100 גרם,false,0,26.90,72.70,true,1,
7290001594155,false,"קוקה-קולה בבקבוק אישי 500 מ""ל",החברה המרכזית לייצור משקאות,IL,קוקה קולה,מיליליטרים,500.00,"100 מ""ל",false,0,7.50,1.50,true,1,
7290001594858,false,"שישייה בירה טובורג רד בקבוק 330 מ""ל",מבשלות בירה בינלאומיות ב,IL,טובורג רד 6 יח,ליטרים,1.98,ליטר,false,0,44.90,22.68,true,1,
7290001594865,false,"שישייה בירה קרלסברג בקבוק 330 מ""ל",מבשלות בירה בינלאומיות ב,IL,"בירה קרלסברג בק330*6 מ""ל",ליטרים,1.98,ליטר,false,0,46.10,23.28,true,1,
7290001648155,false,קפה שחור רג'ואן 100,רוני רג'ואן ושות,IL,קפה רג'ואן,גרמים,100.00,100 גרם,false,0,7.40,7.40,true,1,
7290001648643,false,מארז קפה טורקי כתר 100X3 גרם,רוני רג'ואן ושות,IL,מארז טורקי כתר,גרמים,300.00,100 גרם,false,0,14.80,4.93,true,1,
7290001670194,false,עוגיות מרוקאיות 400 גרם,הנמל,IL,עוגיות מרוקאיות,גרמים,400.00,100 גרם,false,0,13.70,3.43,true,1,
7290001670736,false,כפפות ניילון שקוף 100 יח',יבוא ושיווק: הנמל אר,IL,כפפות ניילון,יחידה,1.00,יחידה,false,0,6.50,6.50,true,1,
7290001713853,false,אקונומיקה ריחנית 4 ליטר,קומפלקס כימיקלים בעמ,IL,אקונומיקה מבושמת,ליטרים,4.00,ליטר,false,0,8.90,2.23,true,1,
7290001791349,false,פיסגה אקונומיקה ריחנית סנו 4 ליטר,"סנו מפעלי ברונוס בע""מ",IL,אקונומיקה פיסגה,ליטרים,4.00,ליטר,false,0,11.40,2.85,true,1,
7290001813881,false,פתי בר בטעם חמאה 500 גרם,STRAUSS-ISRAEL,IL,פתי בר עלית,גרמים,500.00,100 גרם,false,0,10.00,2.00,true,1,
7290001815397,false,שוקולד חלב מגדים 100*6גר,עלית,IL,שוקולד חלב 6 יח,גרמים,600.00,100 גרם,false,0,27.80,4.63,true,1,
7290001815403,false,שוק.מריר מגדים 100*6 גרם,עלית,IL,שוקולד מריר 6 יח,גרמים,600.00,100 גרם,false,0,27.80,4.63,true,1,
7290001815885,false,מסטיק מאסט פירות 28 גרם,עלית,IL,מסטיק מאסט,גרמים,28.00,100 גרם,false,0,4.60,16.43,true,1,
7290001817063,false,סוכ.טופי מזל וברכות850גר,STRAUSS-ISRAEL,IL,טופי ברכות פירות,גרמים,850.00,100 גרם,false,0,15.90,1.87,true,1,
7290001817582,false,צ'יטוס כאפה 15*10 גרם,עלית,IL,מארז צ'יטוס כאפה,גרמים,150.00,100 גרם,false,0,10.40,6.93,true,1,
7290001820902,false,מרק טעם עוף ללא מלח350ג,מתבל,IL,מרק טעם עוף ללא מלח350ג,גרמים,350.00,100 גרם,false,1,10.90,3.11,true,1,
7290001902301,false,חלה מתוקה קלועה 450 גרם,"גידרון תעשיות בע""מ",IL,חלה מתוקה קלוע,יחידה,1.00,יחידה,false,0,10.90,10.90,true,1,
7290001902325,false,חלה קלועה שופרסל,"גידרון תעשיות בע""מ",IL,"חלת ""גדרון""",יחידה,1.00,יחידה,false,0,10.90,10.90,true,1,
7290001946404,false,שום כתוש 250 גרם,יוחאי ביטון,IL,שום כתוש 250 גרם,גרמים,250.00,100 גרם,false,0,14.50,5.80,true,1,
7290001990094,false,"סוכר חום כהה צנצנת קלאסי סוגת 1ק""ג",האי נאם סי או אל.טי.,IL,"סוכר חום בצנצנת 1 ק""ג",קילוגרמים,1.00,"ק""ג",false,0,11.30,11.30,true,1,
7290001990261,false,"סוגת חומוס 1 ק""ג","סוגת תעשיות בע""\מ",IL,חומוס,קילוגרמים,1.00,"ק""ג",false,0,11.90,11.90,true,1,
7290001990278,false,"שעועית לבנה סוגת 1 ק""ג","סוגת תעשיות בע""\מ",IL,שעועית לבנה,קילוגרמים,1.00,"ק""ג",false,0,18.00,18.00,true,1,
7290001990391,false,אפונה יבשה 1קג סוגת,"סוגת תעשיות בע""\מ",IL,אפונה,קילוגרמים,1.00,"ק""ג",false,0,10.30,10.30,true,1,
7290001990407,false,"עדשים ירוקים 1 ק""ג סוגת","סוגת תעשיות בע""\מ",IL,עדשים ירוקות,קילוגרמים,1.00,"ק""ג",false,0,11.00,11.00,true,1,
7290001990421,false,"פופקורן גרעינים סוגת 1 ק""ג","סוגת תעשיות בע""\מ",IL,"פופקורן 1 ק""ג",קילוגרמים,1.00,"ק""ג",false,0,11.30,11.30,true,1,
7290002000136,false,שעווה לחימום במיקרוגל - דבש ופרופוליס,"ש. שוורץ )באר שבע( בע""\מ",IL,שעוות הדבש משי מיקרו500ג,גרמים,500.00,100 גרם,false,0,20.40,4.08,true,1,
7290002002857,false,ניירות להסרת שיער בשעווה+ מקלון מריחה,"איטיליאן פוד, אס.פי.",IL,נייר שעווה,יחידה,1.00,יחידה,false,0,20.00,20.00,true,1,
7290002007234,false,אבקת סוכר הנמל 100 גרם,"מיוצר וארוז ע""י: ר.ס",IL,אבקת סוכר,גרמים,100.00,100 גרם,false,0,2.00,2.00,true,1,
7290002007241,false,סודה לשתיה הנמל 50 גרם,"מיוצר וארוז ע""י: BAS",IL,סודה לשתיה,גרמים,50.00,100 גרם,false,0,2.90,5.80,true,1,
7290002007500,false,קיסמי שיניים הנמל במבוק 500 יחידות,הנמל אריזות ושיווק בעמ,IL,קיסמי שיניים,יחידה,1.00,יחידה,false,0,3.50,3.50,true,1,
7290002008002,false,כפפות לטקס הנמל M אריזת 100יח',הנמל,IL,כפפות לטקס M 100 יחידות,יחידה,1.00,יחידה,false,0,23.40,23.40,true,1,
7290002008019,false,סוכריות לקישוט בטעם שוקולד הנמל 200 גרם,ממתקי עלה יצור ושיוו,IL,סוכריות לקישוט,גרמים,200.00,100 גרם,false,0,8.10,4.05,true,1,
7290002008040,false,שיפודי במבוק הנמל 100 יחידות,"הנמל אריזות ושיווק בע""\מ",IL,מקלות לשיפודים,יחידה,1.00,יחידה,false,0,3.10,3.10,true,1,
7290002008170,false,גביעי נייר מספר 3 הנמל 1 יחידה,הנמל,IL,טרות בקופסה,יחידה,1.00,יחידה,false,0,5.80,5.80,true,1,
7290002008309,false,עטרות נייר חום לעוגה מס' 4 הנמל 130יח',"הנמל אריזות ושיווק בע""\מ",IL,עטרות בקופסה,יחידה,1.00,יחידה,false,0,5.80,5.80,true,1,
7290002008347,false,קורנפלור 500 גרם הנמל,הנמל,IL,קורנפלור 500 גרם,גרמים,500.00,100 גרם,false,0,4.60,0.92,true,1,
7290002008460,false,עטרות חום מספר 1.5 הנמל,"הנמל אריזות ושיווק בע""\מ",IL,עטרות חום,יחידה,1.00,יחידה,false,0,4.80,4.80,true,1,
7290002008743,false,סוכר וניל עשירייה הנמל 100 גרם,"מיוצר וארוז ע""י: ר.ס",IL,סוכר וניל,גרמים,100.00,100 גרם,false,0,3.00,3.00,true,1,
7290002008750,false,אבקת אפיה עשירייה הנמל 100 גרם,"מיוצר ע""י:ר.ס. חברה",IL,אבקת אפיה,גרמים,100.00,100 גרם,false,0,3.20,3.20,true,1,
7290002008941,false,עוג.מרוקאיות ללא סוכר400,הנמל,IL,עוגיות ללא סוכר,גרמים,400.00,100 גרם,false,0,21.60,5.40,true,1,
7290002008989,false,קישקשים קשים לשתיה 225יח הנמל,שיווק: הנמל אריזות ושיוו,CN,קישקשים בקופסא,יחידה,1.00,יחידה,false,0,5.10,5.10,true,1,
7290002019114,false,רוטב עגבניות מרוכז מאד 28-30BX פריניר,פרי ניר,IL,תרכיז עגבנ.פ.ניר28% 580ג,גרמים,580.00,100 גרם,false,0,6.50,1.12,true,1,
7290002019183,false,עגבניות שלמות במיץ 800 ג' פריניר,נטו מלינדה,IL,עגבניות שלמות מקולפ800 ג,גרמים,800.00,100 גרם,false,0,6.90,0.86,true,1,
7290002020189,false,סופגניה מיני רגילה+ריבה,"גידרון תעשיות בע""מ",IL,סופגניה מיני,גרמים,35.00,100 גרם,false,0,2.00,5.71,true,1,
7290002020455,false,חלת גידרון אפוי קפוא,"גידרון תעשיות בע""מ",IL,חלת גידרון,יחידה,1.00,יחידה,false,0,10.90,10.90,true,1,
7290002040019,false,קוסקוס רגיל הנמל 350 גרם,"קוסקוס מזון בע""מ",IL,קוסקוס רגיל,גרמים,350.00,100 גרם,false,0,5.00,1.43,true,1,
7290002053361,false,נודלס איטריות ביצים400גר,אוריינט,IL,איטריות נודלס,גרמים,400.00,100 גרם,false,0,13.70,3.43,true,1,
7290002057123,false,זיתים ירוקים מנזנילו קבוצת יבנה 560 גרם,קבוצת יבנה,IL,זית ללא גלעין,גרמים,540.00,100 גרם,false,0,9.20,1.70,true,1,
7290002107019,false,גב.צפתית מעודנת5% 250גרם,משק צוריאל תבור,IL,צפתית מעודנת5%,גרמים,250.00,100 גרם,false,0,17.40,6.96,true,1,
7290002107071,false,גבינת פטה עיזים מעודנת 16% משק צוריאל 200 גרם,מחלבת משק צוריאל,IL,גבינת פטה עיזים,גרמים,200.00,100 גרם,false,0,23.90,11.95,true,1,
7290002107798,false,גבינה בולגרית מעודנת 5% משק צוריאל 250 גרם,מחלבת משק צוריאל,IL,גבינה בולגרית 5%,גרמים,250.00,100 גרם,false,0,21.90,8.76,true,1,
7290002109303,false,רג 95*3 רגיליו ןמשב הנוט,רגיליו,IL,טונה בשמן 3 יח,גרמים,285.00,100 גרם,false,0,11.90,4.18,true,1,
7290002109372,false,בורקס פילו אצבעות בולגרי 700 ג' שלושת האופים,שלושת האופים שגמור,IL,בורקס פילו גבינה בולגרית,גרמים,700.00,100 גרם,false,0,21.00,3.00,true,1,
7290002111085,false,"רוטב עגבניות 22% ""פרי מבורך"" 100 גרם","זנלכל בע""\מ",IL,רסק עגבניות %22 100 גרם,גרמים,100.00,100 גרם,false,0,2.10,2.10,true,1,
7290002111122,false,רסק תפוחי עץ בתוספת סוכר פרי מבורך 560 ג,"זנלכל בע""\מ",IL,"רסק תפו""ע+סוכר560ג מבורך",גרמים,560.00,100 גרם,false,0,7.40,1.32,true,1,
7290002111139,false,רסק תפוחי עץ טבעי בלי תוספת סוכר פרי מבו,"זנלכל בע""\מ",IL,"ר.תפו""ע ב.סוכר560 פ.מבור",גרמים,560.00,100 גרם,false,0,7.60,1.36,true,1,
7290002111214,false,גרעיני תירס לייט A2 פרי מבורך 550 גר',"זנלכל בע""\מ",IL,תירס לייט,גרמים,550.00,100 גרם,false,0,7.00,1.27,true,1,
7290002111337,false,"רוטב עגבניות 22% ""פרי מבורך"" 240 גרם","זנלכל בע""\מ",IL,רסק עגבניות 260 גרם,גרמים,260.00,100 גרם,false,0,4.10,1.58,true,1,
7290002111474,false,אפונה גדולה A2 פרי מבורך 600ג',"זנלכל בע""\מ",IL,אפונת גדולה פרי מבורך550,גרמים,550.00,100 גרם,false,0,5.90,1.07,true,1,
7290002111511,false,אפונת גינה וגזר פרי מבורך 550 גרם,"זנלכל בע""\מ",IL,אפונה וגזר,גרמים,550.00,100 גרם,false,0,6.20,1.13,true,1,
7290002111665,false,רוטב עגבניות פרי מבורך תרכיז 28% A2,"זנלכל בע""\מ",IL,רסק עגבנ%28. פ.מבורך580ג,גרמים,580.00,100 גרם,false,0,7.50,1.29,true,1,
7290002111696,false,עגבניות מרוסקות פרי מבורך 800 גרם,פרי מבורך,IL,עגבניות מרוסקות,גרמים,800.00,100 גרם,false,0,8.20,1.03,true,1,
7290002111764,false,שעועית לבנה ברוטב עגבניות פרי מבורך 580,"זנלכל בע""\מ",IL,שעועית+ר.עגבנ.פ.מבורך580,גרמים,280.00,100 גרם,false,0,5.30,1.89,true,1,
7290002111825,false,"2A גרעיני תירס מתוק פ""מ עד""ח 550 ג'","זנלכל בע""\מ",IL,תירס גרעינים פ.מבורך550ג,גרמים,550.00,100 גרם,false,0,6.70,1.22,true,1,
7290002111948,false,"שעועית ירוקה חתוכה""פרי מבורך"" 550 גרם","זנלכל בע""\מ",IL,שעועית ירוקה פ.מבורך550ג,גרמים,550.00,100 גרם,false,0,8.00,1.45,true,1,
7290002118299,false,צמרוני אוזניים לתינוק130,עוזי אקספורט,IL,צמרוני לתינוק,יחידה,1.00,יחידה,false,0,9.60,9.60,true,1,
7290002128748,false,פתיל צף - 50 יחידות,"מנורה שי נר בע""מ",IL,פתיליות 50 יח',יחידה,1.00,יחידה,false,0,3.00,3.00,true,1,
7290002130574,false,דבש טהור מפרחי בר בזכוכית 500 ג' יד מרדכי,מכוורת יד מרדכי שטראוס ב,IL,דבש מפרחי בר יד מרדכי500,גרמים,500.00,100 גרם,false,0,28.50,5.70,true,1,
7290002319016,false,אבקת אפיה עשיריות מיה 100 גרם,מיה תעשיות מזון מ.ת.מ. ב,IL,אבקת אפיה 10 יח X 10 גרם,גרמים,100.00,100 גרם,false,0,2.80,2.80,true,1,
7290002319061,false,קוקוס טחון מיה 100 גרם,מיה תעשיות מזון מ.ת.מ. ב,IL,קוקוס טחון 100 גרם,גרמים,100.00,100 גרם,false,0,3.90,3.90,true,1,
7290002319146,false,שעועית אדומה מיה 500 גרם,מיה תעשיות מזון מ.ת.מ. ב,IL,שעועית אדומה,גרמים,500.00,100 גרם,false,0,14.50,2.90,true,1,
7290002319191,false,עדשים ירוקים יבשים מיה 500 גר',מיה תעשיות מזון מ.ת.מ. ב,IL,עדשים ירוקים,גרמים,500.00,100 גרם,false,0,6.90,1.38,true,1,
7290002319221,false,מיה חיטה 500 גרם,מיה תעשיות מזון מ.ת.מ. ב,IL,חיטה,גרמים,500.00,100 גרם,false,0,6.90,1.38,true,1,
7290002319375,false,"קורנפלור 200 ג' בד""ץ מיה",מיה תעשיות מזון מ.ת.מ. ב,IL,קורנפלור 250 גרם,גרמים,250.00,100 גרם,false,0,4.10,1.64,true,1,
7290002319689,false,סודה לשתייה בקופסא 150 גר' מיה,מיה תעשיות מזון מ.ת.מ. ב,IL,סודה לשתיה הר נוף 150 גר,גרמים,150.00,100 גרם,false,0,6.40,4.27,true,1,
7290002319825,false,אבקת סוכר מיה 100 גרם,מיה תעשיות מזון מ.ת.מ. ב,IL,אבקת סוכר 100 גרם,גרמים,100.00,100 גרם,false,0,2.00,2.00,true,1,
7290002323198,false,ספרינג מיץ תפוחים 1.5 ל',יפאורה שותפות מובגלת לשיווק,IL,ספרינג תפוחים,ליטרים,1.50,ליטר,false,0,6.30,4.20,true,1,
7290002323204,false,ספרינג תפוחים לייט 1.5 ל,יפאורה שותפות מובגלת לשיווק,IL,ספרינג תפוח דיאט,ליטרים,1.50,ליטר,false,0,6.30,4.20,true,1,
7290002323815,false,משקה קל תפוזים קריסטל 2ל,יפאורה שותפות מובגלת לשיווק,IL,משקה קל תפוזים קריסטל 2ל,ליטרים,2.00,ליטר,false,0,3.60,1.80,true,1,
7290002323822,false,מיץ אשכוליות קריסטל2ליטר,יפאורה שותפות מובגלת לשיווק,IL,מיץ אשכוליות קריסטל2ליטר,ליטרים,2.00,ליטר,false,0,3.60,1.80,true,1,
7290002323839,false,משקה קל ענבים קריסטל 2ל',יפאורה שותפות מובגלת לשיווק,IL,משקה קל ענבים קריסטל 2ל',ליטרים,2.00,ליטר,false,0,3.60,1.80,true,1,
7290002323846,false,קריסטל מיץ מנגו 2 לי,יפאורה שותפות מובגלת לשיווק,IL,משקה קל מנגו 2 ליטר,ליטרים,2.00,ליטר,false,0,3.60,1.80,true,1,
7290002327028,false,ג'חנון תימני 3 האופים 650 גר',קריות זול,IL,ג'חנון 650 גרם,גרמים,650.00,100 גרם,false,0,14.90,2.29,true,1,
7290002327042,false,"בורקס תפו""א 800 גרם שלושת האופים",שלושת האופים,IL,"בורקס תפו""א 800 גרם",גרמים,800.00,100 גרם,false,0,19.70,2.46,true,1,
7290002327059,false,"בצק עלים 1 ק""ג שלושת האופים",שלושת האופים,IL,"בצק עלים 1 ק""ג",קילוגרמים,1.00,"ק""ג",false,0,22.20,22.20,true,1,
7290002331117,false,נביעות+טעם ענבים 1.5ליטר,"נביעות טבע הגליל בע""\מ",IL,נביעות+טעם ענבים 1.5ליטר,ליטרים,1.50,ליטר,false,0,7.80,5.20,true,1,
7290002331148,false,נביעות+טעם תפוח 1.5 ליטר,נביעות טבע הגליל בעמ,IL,נביעות+טעם תפוח 1.5 ליטר,ליטרים,1.50,ליטר,false,0,7.80,5.20,true,1,
7290002331179,false,נביעות+טעם אפרסק 1.5ליטר,"נביעות טבע הגליל בע""\מ ,",IL,נביעות+אפרסק,ליטרים,1.50,ליטר,false,0,7.80,5.20,true,1,
7290002331322,false,שישיית מים נביעות 1.5 ליטר,נביעות טבע הגליל בעמ,IL,מים מינרל.נביעות 1.5*6ל,ליטרים,9.00,ליטר,false,0,10.90,1.21,true,1,
7290002331360,false,"נביעות מים מינרליים טו גו מארז 500X6מ""ל",נביעות טבע,IL,נביעות ספורט 6יח,ליטרים,3.00,ליטר,false,0,19.30,6.43,true,1,
7290002331421,false,"שישיית מים מינרליים GO TO נביעות 755 מ""ל",נביעות טבע הגליל בעמ,IL,נביעות פקק טוגו,ליטרים,4.53,ליטר,false,0,20.20,4.46,true,1,
7290002331490,false,מים מינרליים נביעות 1 ליטר,נביעות טבע הגליל בעמ,IL,נביעות מים מינרלים 1 ל,ליטרים,1.00,ליטר,false,0,4.90,4.90,true,1,
7290002353324,false,אוראו עוגיות ממולאות,מונדלייז,ES,עוג.אוראו 176 גרם,גרמים,176.00,100 גרם,false,0,10.10,5.74,true,1,
7290002371533,false,דקניקים סלסולי פסטרמה דבש טירת צבי 120 גרם,הנסיך- מפעל לייצור ט,IL,סלסולי פסטרמה,גרמים,120.00,100 גרם,false,0,15.30,12.75,true,1,
7290002409014,false,ג'חנון אפוי ציפור השרון 600ג,ציפור השרון,IL,גחנון אפוי בקופסא 600 גר,גרמים,600.00,100 גרם,false,0,17.90,2.98,true,1,
7290002409038,false,בורקס גבינה ציפור הש,ציפור השרון,IL,בורקס גבינה 800 גרם,גרמים,800.00,100 גרם,false,0,12.80,1.60,true,1,
7290002409045,false,"בורקס תפו""א ציפור השרון 800ג'",ציפור השרון,IL,"בורקס תפו""א 800 גרם",גרמים,800.00,100 גרם,false,0,10.90,1.36,true,1,
7290002409076,false,ג'חנון בצק ציפור השרון 800ג',ציפור השרון,IL,ג'חנון בצק 800 גרם,גרמים,800.00,100 גרם,false,0,11.80,1.48,true,1,
7290002409106,false,בורקס פיצה 800 גרם,ציפור השרון,IL,בורקס פיצה 800,גרמים,800.00,100 גרם,false,0,18.30,2.29,true,1,
7290002409175,false,"בצק עלים צרפתי צפ.השרון 1 ק""ג",ציפור השרון,IL,"בצק עלים 1 ק""ג",גרמים,1000.00,100 גרם,false,0,9.90,0.99,true,1,
7290002439189,false,ג.צהובה מגורד27%עלמה500ג,מלקפול אלוורטוסקה,PL,גבינה עלמה מגורד,גרמים,500.00,100 גרם,false,1,19.50,3.90,true,1,
7290002487425,false,עוג.אוראו שוקולד חלב176ג,מונדלייז,ES,עוגיות אוראו,גרמים,176.00,100 גרם,false,0,10.10,5.74,true,1,
7290002487739,false,עוג.אוראו פאדג שוק.חל246,מונדלייז,ES,עוג.אוראו פאדג שוק.חל246,גרמים,246.00,100 גרם,false,0,19.70,8.01,true,1,
7290002487746,false,עוג.אוראו פאדג שוק.לב246,מונדלייז,ES,עוגיות אוראו,גרמים,246.00,100 גרם,false,0,19.70,8.01,true,1,
7290002541370,false,משקה סויה אלפרו 1 ליטר,הנסיך- מפעל לייצור ט,IL,משקה סויה אלפרו 1 ליטר,ליטרים,1.00,ליטר,false,0,13.90,13.90,true,1,
7290002543046,false,קלוגס פרוסטיס דגנים וסוכר 750ג',קלוג מנייופרטורינג א,ES,פרוסטיס 750 גרם,גרמים,750.00,100 גרם,false,0,25.30,3.37,true,1,
7290002543084,false,קלוגס אול בראן פלקס500גר,קלוג'ס,GB,קלוגס אול בראן,גרמים,500.00,100 גרם,false,0,29.90,5.98,true,1,
7290002543237,false,דגני בוקר קלוגס קורנפלקס 750 גרם,קלוגס קומפני אוף גרייט ב,GB,קורנפלקס קלוגס,גרמים,750.00,100 גרם,false,0,21.80,2.91,true,1,
7290002551003,false,טונה בשמן בודד 160 ג' סטארקיסט,סטאר קיסט,IL,טונה סטארקיסט,גרמים,160.00,100 גרם,false,0,7.40,4.63,true,1,
7290002551010,false,טונה סטארקיסט במים 160 גרם,"סטארקיסט פודור בע""מ",TR,טונה סטארקיסט,גרמים,160.00,100 גרם,false,0,7.40,4.63,true,1,
7290002581536,false,הדר וופל נפוליטנה ללא סוכר 250 גרם,אפיפית נצרת,IL,"ופלים הדר לל""ס",גרמים,250.00,100 גרם,false,0,8.40,3.36,true,1,
7290002663522,false,תפוזינה משקה קל תפוז1.5ל,יפאורה שותפות מובגלת לשיווק,IL,תפוזינה תפוזים,ליטרים,1.50,ליטר,false,0,5.90,3.93,true,1,
7290002663539,false,תפוזינה אשכוליות 1.5ליטר,יפאורה שותפות מובגלת לשיווק,IL,תפוזינה אשכוליות,ליטרים,1.50,ליטר,false,0,5.90,3.93,true,1,
7290002663805,false,שוופס טוניק 1.5 ליטר,יפאורה שותפות מובגלת לשיווק,IL,שוופס טוניק 1.5 ליטר,ליטרים,1.50,ליטר,false,0,7.90,5.27,true,1,
7290002663812,false,שוופס ג'ינג'ר 1.5 ליטר,יפאורה שותפות מובגלת לשיווק,IL,שוופס ג'ינג'ר 1.5 ליטר,ליטרים,1.50,ליטר,false,0,7.90,5.27,true,1,
7290002663829,false,שוופס ביטר לימון 1.5ליטר,יפאורה שותפות מובגלת לשיווק,IL,שוופס ביטר לימון 1.5ליטר,ליטרים,1.50,ליטר,false,0,7.90,5.27,true,1,
7290002663881,false,תפוזינה אשכוליות לייט1.5,יפאורה שותפות מובגלת לשיווק,IL,אשכולינה דיאט,ליטרים,1.50,ליטר,false,0,5.90,3.93,true,1,
7290002673255,false,"סיליט מקומקום מסיר אבנית 500 מ""ל",רקיט בנקיזר,IL,סיליט מסיר אבנית,מיליליטרים,500.00,"100 מ""ל",false,0,13.40,2.68,true,1,
7290002674313,false,משחת מנטה עם פלרואיד100מ,ג.' אס.קיו,GB,משחת שיניים,מיליליטרים,100.00,"100 מ""ל",false,0,8.70,8.70,true,1,
7290002692393,false,שמן קנולה מזוכך מועשר עץ הזית 1 ליטר,שמן תעשיות בעמ,EE,שמן קנולה מועשר,ליטרים,1.00,ליטר,false,0,16.20,16.20,true,1,
7290002692768,false,"תרסיס שמן קנולה מזוכך ללא תוספת גז עץ הזית 200 מ""ל",טרנסומס פוד איי בי,IT,תרסיס שמן קנולה,מיליליטרים,200.00,"100 מ""ל",false,0,17.20,8.60,true,1,
7290002706731,false,"רצועות נילוס קפוא בד""צ עד""ח",דלידג ק.מלאכי,IL,"רצועות פילה נילוס בעל""ז",קילוגרמים,0.00,"ק""ג",true,0,54.90,54.90,true,1,
7290002706915,false,פילה נסיכת הנילוס קפ,דלידג - נטו,IL,פילה נסיכת נילוס,קילוגרמים,0.00,"ק""ג",true,0,44.90,44.90,true,1,
7290002715504,false,ארוחת נודלס בטעם עוף מג'יק 70 גרם,טאט הוי פוד בעמ,SG,ארוחת איטר.מג'יק-עוף70גר,גרמים,70.00,100 גרם,false,0,4.40,6.29,true,1,
7290002715511,false,ארוחת נודלס בטעם בשר מג'יק 70 גרם,טאט הוי פוד בעמ,SG,ארוחת איטר.מג'יק-בשר70גר,גרמים,70.00,100 גרם,false,0,4.40,6.29,true,1,
7290002715580,false,ארוחת נודלס בטעם סיני חריף מג'יק 70 גרם,טאט הוי פוד בעמ,SG,ארוחת איטריות מג'יק-סיני,גרמים,70.00,100 גרם,false,0,4.40,6.29,true,1,
7290002730262,false,"נוזל לניקוי כלים קלאסי פלמוליב 750 מ""ל",יבואן ומשווק: ש. שסט,GR,פלמוליב קלאסי ירוק 750מל,מיליליטרים,750.00,"100 מ""ל",false,0,11.40,1.52,true,1,
7290002730316,false,משחת שיניים קולגייט75*3מ,קולגייט-פלמוליב,IL,משחת שיניים,מיליליטרים,225.00,"100 מ""ל",false,0,21.90,9.73,true,1,
7290002730538,false,פדיות להסרת איפור בלונס 80 יחידות,הנסיך- מפעל לייצור ט,GR,80פדים להסרת איפור בלונס,יחידה,1.00,יחידה,false,0,11.50,11.50,true,1,
7290002730668,false,משחת קולגייט לחניכיים100,הנסיך- מפעל לייצור ט,PL,משחת קולגייט לחניכיים100,מיליליטרים,100.00,"100 מ""ל",false,0,19.10,19.10,true,1,
7290002730675,false,"קולגייט משחת שיניים אדומה משפחתי 100 מ""ל",קולגייט-פלמוליב,PL,"משחת קולגייט אדום 100מ""ל",מיליליטרים,100.00,"100 מ""ל",false,0,12.50,12.50,true,1,
7290002730903,false,פלמוליב סבון מוצק ורדים רביעייה * 125 ג',הנסיך- מפעל לייצור ט,TR,סבון פלמוליב 4יח,גרמים,400.00,100 גרם,false,0,17.60,4.40,true,1,
7290002730927,false,סב.פלמוליב חלב ודבש100*4,קולגייט-פלמוליב,TR,סבון פלמוליב 4יח,גרמים,400.00,100 גרם,false,0,17.60,4.40,true,1,
7290002730941,false,כדורי צמר גפן בלונס 100 יחידות,הנסיך- מפעל לייצור ט,GR,צמר גפן פרוס,גרמים,100.00,100 גרם,false,0,6.30,6.30,true,1,
7290002752349,false,סוכריות מנטוס מנטה 40יח' בגליל 38ג',פרפטי ואן מלה,NL,סוכ. מנטוס מנטה 37.5 גרם,גרמים,37.00,100 גרם,false,0,3.70,10.00,true,1,
7290002752493,false,רביעיה סוכריות מנטה 4* 16 ג' טיק טק,פררו - אלבה,ZA,סוכ.טיק טק מנטה 16X4גר,גרמים,64.00,100 גרם,false,0,12.10,18.91,true,1,
7290002759393,false,סופגניות מיני מארז 8 יח',גידרון,IL,סופגניות מיני 8י,יחידה,1.00,יחידה,false,0,15.00,15.00,true,1,
7290002768036,false,"מי פה תיאדנט ענק מונע עששת 150מ""ל",אמיליה קוסמטיקס,IL,מי פה תיאדנט,מיליליטרים,150.00,"100 מ""ל",false,0,17.30,11.53,true,1,
7290002768043,false,"תיאדנט מי-פה ענק פלאוריד 150 מ""ל",אמיליה קוסמטיקס בע'\'\מ,IL,מי פה תיאדנט,מיליליטרים,150.00,"100 מ""ל",false,0,17.30,11.53,true,1,
7290002775010,false,מיני בורקס פילו גבינה שלושת האופים מהדרין 650 ג',שלושת האופים שגמור,IL,מיני בורקס פילו,גרמים,650.00,100 גרם,false,0,22.20,3.42,true,1,
7290002775034,false,"מיני בורקס פילו תפו""א 50","שגמור בע""מ",IL,מיני בורקס פילו,גרמים,650.00,100 גרם,false,0,22.20,3.42,true,1,
7290002787693,false,גבינת גאודה עלמה 150 גרם,מלקפול,PL,גבינת גאודה עלמה 150 גרם,גרמים,150.00,100 גרם,false,1,6.90,4.60,true,1,
7290002787709,false,גבינת אדם עלמה 150 גרם,מלקפול,PL,גבינת אדם עלמה 150 גרם,גרמים,150.00,100 גרם,false,1,6.90,4.60,true,1,
7290002794422,false,קנט קלאסי ארוך חפיסה,bat,TR,קנט קלאסי ארוך חפיסה,יחידה,1.00,יחידה,false,0,32.50,32.50,false,1,
7290002812522,false,פרלמנט ארוך RCB חפיסה,פיליפ מוריס,,פרלמנט ארוך RCB חפיסה,יחידה,1.00,יחידה,false,0,36.50,36.50,false,1,
7290002814078,false,סנט מוריץ נוזל לניקוי אמבט אנטרטיק 1ל',"קומפלקס כימיקלים בע""",IL,אנטרטיק לאמבט,ליטרים,1.00,ליטר,false,0,10.90,10.90,true,1,
7290002814177,false,"נוזל כלים 18% בניחוח לימון 750 מ""ל",קומפלקס כימיקלים,IL,נוזל לכלים,מיליליטרים,750.00,"100 מ""ל",false,0,8.90,1.19,true,1,
7290002814214,false,קצף ניקוי מסיר עובש750מל,קומפלקס כימיקלים,IL,קצף ניקוי,מיליליטרים,750.00,"100 מ""ל",false,0,10.70,1.43,true,1,
7290002814528,false,נוזל לניקוי האסלה סנט מוריץ 1 ליטר,קומפלקס כימיקלים בעמ,IL,נוזל לאסלה מס' 1,ליטרים,1.00,ליטר,false,0,6.90,6.90,true,1,
7290002814928,false,פרלמנט נייטPP חפיסה,פיליפ מוריס,IL,פרלמנט קצר בודד,יחידה,1.00,יחידה,false,0,36.50,36.50,false,1,
7290002814931,false,נוזל רצפות שמפו פרחים סנט מוריץ 4 ליטר,"קומפלקס כימיקלים בע""",IL,שמפו רצפות סנט מוריץ 4ל',ליטרים,4.00,ליטר,false,0,10.90,2.73,true,1,
7290002824183,false,"גבינה לבנה סקי 500 גרם 5% ""שטראוס"" -מוצר בפיקוח",מיוצר עי קונדיטוריית,IL,גבינת סקי 5%,גרמים,500.00,100 גרם,false,0,9.60,1.92,true,1,
7290002824466,false,יוגורט דנונה ביו לבן 0% שומן 200 גרם,"שטראוס בריאות בע""\מ",IL,יוגורט לבן 0%,גרמים,200.00,100 גרם,false,0,3.70,1.85,true,1,
7290002824640,false,"גבינת סקי 250 גרם 5% ""שטראוס"" -מוצר בפיקוח",מיוצר עי קונדיטוריית,IL,גב.סקי5%לבנה מעודנת250ג,גרמים,250.00,100 גרם,false,0,4.80,1.92,true,1,
7290002825692,false,סלט חומוס אחלה 500 גרם,שטראוס,IL,סלט חומוס אחלה 500 גרם,גרמים,500.00,100 גרם,false,0,11.40,2.28,true,1,
7290002825722,false,סלט כרוב אדום אחלה 500 גרם,מיוצר עי קונדיטוריית,IL,סלט כרוב אחלה,גרמים,500.00,100 גרם,false,0,14.20,2.84,true,1,
7290002833525,false,מרלבורו רד קצר בוקס חפ.,פיליפ מוריס,,מרלבורו רד קצר בוקס חפ.,יחידה,1.00,יחידה,false,0,34.00,34.00,false,1,
7290002852724,false,ל.מ. בלו לייבל קצר,פיליפ מוריס,US,ל.מ. בלו לייבל קצר,יחידה,1.00,יחידה,false,0,32.00,32.00,false,1,
7290002862000,false,הררית אריסה טוניסאית,"הררית מזון בע""מ",IL,אריסה תוניסאית,גרמים,250.00,100 גרם,false,0,12.70,5.08,true,1,
7290002862017,false,שום כתוש 250 הררית,"הררית מזון בע""מ",IL,שום כתוש,גרמים,250.00,100 גרם,false,0,12.70,5.08,true,1,
7290002862369,false,עמבה בצנצנת,,IL,עמבה בצנצנת,גרמים,260.00,100 גרם,false,0,12.70,4.88,true,1,
7290002868996,false,"קוטג' 5% שומן, רכיבים טבעיים, 250 גרם",קריות זול,IL,קוטג' 5%מועשר בסידן 250ג,גרמים,250.00,100 גרם,false,0,5.80,2.32,true,1,
7290002871248,false,"בירה טובורג רד בקבוק 500 מ""ל חוזר",מבשלות בירה בינלאומיות ב,IL,"טובורג רד בק.חוזר 500מ""ל",מיליליטרים,500.00,"100 מ""ל",false,0,10.10,2.02,true,1,
7290002871361,false,"בירה קרלסברג בקבוק 500 מ""ל חוזר",מבשלות בירה בינלאומיות ב,IL,בירה קרלסברג בק.חוזר500מ,מיליליטרים,500.00,"100 מ""ל",false,0,10.10,2.02,true,1,
7290002871460,false,משקה קל תפוזים פריגת,מבשלות בירה בינלאומיות ב,IL,פריגת תפוזים,ליטרים,1.50,ליטר,false,0,6.50,4.33,true,1,
7290002871477,false,פריגת אשכוליות 1.5 ליטר,מבשלות בירה בינלאומיות ב,IL,פריגת אשכוליות,ליטרים,1.50,ליטר,false,0,6.50,4.33,true,1,
7290002871491,false,דיאט פריגת אשכוליות1.5ל,מבשלות בירה בינלאומיות ב,IL,פריגת דיאט אשכול,ליטרים,1.50,ליטר,false,0,6.50,4.33,true,1,
7290002874629,false,פרלמנט ארוך RCB בלו חפ,פיליפ מוריס,,פרלמנט ארוך RCB בלו חפ,יחידה,1.00,יחידה,false,0,36.50,36.50,false,1,
7290002876326,false,פרלמנט קצר בלו חפיסה,פיליפ מוריס,IL,פרלמנט קצר בלו בודד,יחידה,1.00,יחידה,false,0,36.50,36.50,false,1,
7290002886925,false,מרלבורו גולד קצר בוקס,פיליפ מוריס,US,מרלבורו גולד קצר בוקס,יחידה,1.00,יחידה,false,0,34.00,34.00,false,1,
7290002904694,false,"טיטניום דאודורנט ספריי לגברים 150 מ""ל","אמיליה קוסמטיקס בע""מ",IL,דאודורנט טיטניום,מיליליטרים,180.00,"100 מ""ל",false,0,20.90,11.61,true,1,
7290002929642,false,רביעיית טונה בשמן ויליגר 140 גרם,דיאמנט פוד פרודקט קו,TH,טונה בשמן 4 יח,גרמים,560.00,100 גרם,false,0,23.90,4.27,true,1,
7290002939450,false,שניצל אמריקאי 600 גר' עטרה,טיבון ויל אחזקות בעמ,IL,שניצל אמריקאי 600 גרם,גרמים,600.00,100 גרם,false,0,19.00,3.17,true,1,
7290002939511,false,רגל בקר קפוא פרוס עטרה,עטרה,IL,רגל בקר קפוא פרוס עטרה,גרמים,0.00,"ק""ג",true,0,40.90,40.90,true,1,
7290002987963,false,"סלט חומוס אחלה 1 ק""ג",מיוצר עי קונדיטוריית,IL,"חומוס אחלה 1 ק""ג",קילוגרמים,1.00,"ק""ג",false,0,14.20,14.20,true,1,
7290003009145,false,"סירופ ענבים פריגת 750מ""ל",פריגת,IL,"סירופ ענבים פריגת 750מ""ל",מיליליטרים,750.00,"100 מ""ל",false,0,12.20,1.63,true,1,
7290003009152,false,"סירופ פטל פריגת 750 מ""ל",סירופ - גבעת חיים,IL,"סירופ פטל פריגת 750 מ""ל",מיליליטרים,750.00,"100 מ""ל",false,0,12.20,1.63,true,1,
7290003009589,false,"סירופ לימונים דיאט750מ""ל",פריגת,IL,"סירופ לימונים דיאט750מ""ל",מיליליטרים,750.00,"100 מ""ל",false,0,18.30,2.44,true,1,
7290003009626,false,סירופ פטל פריגת 1.5 ליטר,סירופ - גבעת חיים,IL,סירופ פטל פריגת 1.5 ליטר,ליטרים,1.50,ליטר,false,0,22.80,15.20,true,1,
7290003009633,false,סירופ לימונים פריגת 1.5ל,סירופ - גבעת חיים,IL,סירופ לימונים פריגת 1.5ל,ליטרים,1.50,ליטר,false,0,22.80,15.20,true,1,
7290003013005,false,פתיליות עגולות לשמן 50 יחידות שלהבת,שלהבת,IL,פתיליות,יחידה,1.00,יחידה,false,0,3.00,3.00,true,1,
7290003015467,false,תחליב רחצה בייבי כיף 1ל,טרופיקל דגיל תעשיות,IL,תחליב רחצה בייבי,ליטרים,1.00,ליטר,false,0,21.20,21.20,true,1,
7290003015474,false,מגבונ.עבים בייבי כיף72*4,מיוצר עי טרופיקל דגי,IL,מגבוני בייבי כיף,יחידה,1.00,יחידה,false,0,23.10,23.10,true,1,
7290003015627,false,"נוזל רצפות אפרסק 2 ליטר ""ריצפז פרש""","סנו מפעלי ברונוס בע""",IL,ריצפז פרש,ליטרים,2.00,ליטר,false,0,20.70,10.35,true,1,
7290003023165,false,שוקו יטבתה בכד פלסטי,מחלבת יטבתה,IL,שוקו בכד יטבתה,ליטרים,2.00,ליטר,false,0,21.00,10.50,true,1,
7290003029037,false,שוקו בקרטון יטבתה 0.5 ל',שטראוס,IL,שוקו יטבתה קרטון,מיליליטרים,500.00,"100 מ""ל",false,0,6.90,1.38,true,1,
7290003029112,false,חלב 3% מועשר בסידן 1 ל',יטבתה,IL,חלב מועשר בסידן,ליטרים,1.00,ליטר,false,0,9.40,9.40,true,1,
7290003029181,false,משקה יטבתה שוקו' בקבוק 1ל מהדרין,שטראוס גרופ,IL,שוקו יטבתה,ליטרים,1.00,ליטר,false,0,12.10,12.10,true,1,
7290003029372,false,משקה חלב בטעם בננה יטבתה 1 ליטר,שטראוס גרופ,IL,משקה חלב בננה,ליטרים,1.00,ליטר,false,0,12.10,12.10,true,1,
7290003029389,false,"משקה חלב בננה פקק ספורט 250 מ""ל יוטבתה",שטראוס גרופ,IL,משקה בננה,מיליליטרים,250.00,"100 מ""ל",false,0,5.30,2.12,true,1,
7290003029419,false,חלב יטב.מועשר בסידן1% 1ל,שטראוס,IL,חלב יטב.מועשר בסידן1% 1ל,ליטרים,1.00,ליטר,false,0,9.40,9.40,true,1,
7290003029433,false,"משקה יטבתה שוקו פקק 250 מ""ל מהדרין",שטראוס גרופ,IL,שוקו יטבתה,מיליליטרים,250.00,"100 מ""ל",false,0,5.30,2.12,true,1,
7290003029532,false,מוקה בבקבוק יטבתה 1 ליטר מהדרין,שטראוס גרופ,IL,מוקה יטבתה בקבוק,ליטרים,1.00,ליטר,false,0,12.10,12.10,true,1,
7290003029792,false,"משקה יטבתה שוקו שקיות מהדרין מארז 225X8מ""ל",שטראוס גרופ,IL,שקיות שוקו 8 יח',ליטרים,1.80,ליטר,false,0,20.10,11.17,true,1,
7290003029815,false,כד חלב 3% יטבתה 2 ליטר מהדרין,שטראוס גרופ,IL,חלב מועשר יטבתה 3%כד 2ל',ליטרים,2.00,ליטר,false,0,17.10,8.55,true,1,
7290003029907,false,אייס קפה יטבתה 1 ליטר מהדרין,שטראוס גרופ,IL,אייס קפה יטבתה,ליטרים,1.00,ליטר,false,0,12.10,12.10,true,1,
7290003031740,false,פסטרמה הודו בדבש 3% טירת צבי 400 גרם,טיב טירת צבי 2000,IL,פסטרמה הודו בדבש,גרמים,400.00,100 גרם,false,0,32.30,8.08,true,1,
7290003047642,false,תה שחור יילו לייבל 100*1.5 ג' שקיק ליפטון,"יונילוור רוסייה בע""מ",RU,תה ילו לייבל,גרמים,150.00,100 גרם,false,0,18.40,12.27,true,1,
7290003054657,false,חרדל ריין דיז'ון אקסטרה פורטה 370 גרם,ריין דיז'ון reine dijon,FR,חרדל דיז'ון,גרמים,370.00,100 גרם,false,0,11.20,3.03,true,1,
7290003069583,false,סטייק סלמון פרוס נורווגי,דלידג - נטו,XX,סטייק סלמון פרוס נורווגי,קילוגרמים,0.00,"ק""ג",true,0,49.90,49.90,true,1,
7290003069682,false,בצק פילאס קפוא 500 גרם שלושת האופים,שלושת האופים שגמור,IL,בצק פילאס,גרמים,500.00,100 גרם,false,0,19.90,3.98,true,1,
7290003119110,false,שישיית קוקה קולה 1.5 ליטר,החברה המרכזית לייצור משקאות,IL,קוקה קולה 6 יח,ליטרים,9.00,ליטר,false,0,38.00,4.22,true,1,
7290003119165,false,דיאט קוקה- קולה מארז שישייה,החברה המרכזית לייצור משקאות,IL,קולה דיאט 6 יח,ליטרים,9.00,ליטר,false,0,38.00,4.22,true,1,
7290003120475,false,"מאלטי בקבוק חוזר 500 מ""ל",מבשלות בירה בינלאומיות ב,IL,"מאלטי בקבוק חוזר 500 מ""ל",מיליליטרים,500.00,"100 מ""ל",false,0,5.90,1.18,true,1,
7290003121083,false,ארוחת נודלס בטעם בשר בשקית מג'יק 85 גרם,טאט הוי פוד בעמ,SG,ארוחת נודלס ט.בשר מגיק85,גרמים,85.00,100 גרם,false,0,3.30,3.88,true,1,
7290003121090,false,ארוחת נודלס ירקות בשקית מג'יק 85 גרם,זנטי אס. אי לאלין,SG,מרק איטריות מג'יק ירק85ג,גרמים,85.00,100 גרם,false,0,3.30,3.88,true,1,
7290003121106,false,ארוחת נודלס טעם עוף בשקית מג'יק 85 גרם,"טאט פוד הוי בע""מ",SG,ארוחת נודלס,גרמים,85.00,100 גרם,false,0,3.30,3.88,true,1,
7290003126712,false,יוגורט עיזים מחלב מלא 3.7% משק צוריאל 150 גרם,מחלבת משק צוריאל,IL,יוגורט ביו 3%,גרמים,140.00,100 גרם,false,0,6.80,4.86,true,1,
7290003153831,false,שוש חטיף בוטנים 80 גרם,"שטראוס פריטו ליי בע""\מ )",IL,שוש חטיף בוטנים,גרמים,80.00,100 גרם,false,0,4.00,5.00,true,1,
7290003217014,false,דגנית עין בר פיתות מזרחיות 5 יח' 500ג',יוניליוור גרמניה Gm,IL,פיתות 5 יח',יחידה,1.00,יחידה,false,0,8.70,8.70,true,1,
7290003217052,false,חמישיית פיתות כפריות דגנית,יוניליוור גרמניה Gm,IL,פיתות כפריות קמח מלא 5יח,יחידה,1.00,יחידה,false,0,12.60,12.60,true,1,
7290003220106,false,ביסקוויט קרנבל החיות400ג,מגדנית הדר,IL,ביסקוויט קרנבל החיות400ג,גרמים,400.00,100 גרם,false,0,8.30,2.08,true,1,
7290003220267,false,נודלס ווק בטעם ירקות60ג,וול גרואו קו,TH,נודלס ווק,גרמים,60.00,100 גרם,false,0,5.00,8.33,true,1,
7290003220274,false,נודלס ווק בטעם עוף 60 גר,וול גרואו קו,TH,נודלס ווק,גרמים,60.00,100 גרם,false,0,5.00,8.33,true,1,
7290003220380,false,"עוגיות סנדויץ' במילוי קרם שוקולד ""מעדני המלך"" 150 גרם",אחים פפושדו,IL,עוגיות סנדוויץ,גרמים,150.00,100 גרם,false,0,4.90,3.27,true,1,
7290003220403,false,מעדני המלך- קרקר מלוח 110 גרם,מגדנית הדר,IL,קרקר מלוח 110 גרם,גרמים,110.00,100 גרם,false,0,3.70,3.36,true,1,
7290003220427,false,קרקר זעתר 110 גרם,מגדנית הדר,IL,קרקר זעתר,גרמים,110.00,100 גרם,false,0,3.70,3.36,true,1,
7290003220458,false,מעדני המלך- פתי בר וניל 500 גרם,מגדנית הדר,IL,פתי בר וניל,גרמים,500.00,100 גרם,false,0,9.70,1.94,true,1,
7290003220502,false,"ווק מי קוקוס WOK 400 מ""ל",תאי קוקונאט,TH,מי קוקוס,מיליליטרים,400.00,"100 מ""ל",false,0,7.10,1.78,true,1,
7290003220526,false,"רוטב צ'ילי חריף 700 מ""ל WOK",תאי פרידה אינדסטרי,TH,רוטב צ'ילי חריף,מיליליטרים,700.00,"100 מ""ל",false,0,13.50,1.93,true,1,
7290003220533,false,"רוטב צ'ילי מתוק ווק 700 מ""ל",תאי פרידה אינדסטרי ב,TH,רוטב צ'ילי מתוק,מיליליטרים,700.00,"100 מ""ל",false,0,13.50,1.93,true,1,
7290003220571,false,"WOK רוטב חמוץ מתוק700מ""ל",קיי אר אס ספייסי פוד,TH,"WOK רוטב חמוץ מתוק700מ""ל",מיליליטרים,700.00,"100 מ""ל",false,0,13.50,1.93,true,1,
7290003220601,false,רוטב צ'ילי מתוק ווק300מ,תאי פרידה אינדסטרי,TH,רוטב צ'ילי ווק,מיליליטרים,300.00,"100 מ""ל",false,0,9.70,3.23,true,1,
7290003220748,false,"ווק סויה לתיבול\בהירה WOK 640 מ""ל",ליאנג סאנג האנד הואד,TH,רוטב סויה בהירה,מיליליטרים,640.00,"100 מ""ל",false,0,11.60,1.81,true,1,
7290003220823,false,"רוטב צ'ילי חריף כשל""פ700",תאי פרידה אינדסטרי,TH,"רוטב צ'ילי חריף כשל""פ700",מיליליטרים,700.00,"100 מ""ל",false,0,13.50,1.93,true,1,
7290003220908,false,ווק גינגר 227 גרם,"פנטה אמפאק בע""מ",IL,ג'ינג'ר 227 גרם,גרמים,227.00,100 גרם,false,0,14.90,6.56,true,1,
7290003220939,false,אטריות אורז דקיקות ללא גלוטן 400 ג' WOK,אסיאן סופירה פודס חב,TH,ווק מקלוני אורז,גרמים,400.00,100 גרם,false,0,8.90,2.23,true,1,
7290003220946,false,דפי אורז ווק עגול400,אסיאן סופירה פודס חב,TH,דפי אורז 300 גרם,גרמים,300.00,100 גרם,false,0,11.90,3.97,true,1,
7290003229192,false,נקניק כתף בקר מעושן 2% טירת צבי 400 גרם,טיב טירת צבי 2000,IL,כתף בקר מעושן,גרמים,400.00,100 גרם,false,0,35.20,8.80,true,1,
7290003229222,false,נקניק סלמי תה טירת צבי 300 גרם,הנסיך- מפעל לייצור ט,IL,סלמי תה משובח,גרמים,300.00,100 גרם,false,0,21.80,7.27,true,1,
7290003231607,false,מרכך פינוק עם קרטין 700,יוניליוור ישראל טיפוח אי,IL,מרכך פינוק,מיליליטרים,700.00,"100 מ""ל",false,0,13.20,1.89,true,1,
7290003321155,false,יוגורט בר עם פקאן מצופה שוקולד 183 ג' דנונה,"שטראוס בריאות בע""\מ",IL,דנונה בר פקאן,גרמים,183.00,100 גרם,false,0,5.30,2.90,true,1,
7290003321292,false,גבינה לבנה 9% שומן 250 ג' שטראוס,מיוצר עי קונדיטוריית,IL,גב.סקי 9% שומן 250 גרם,גרמים,250.00,100 גרם,false,0,5.00,2.00,true,1,
7290003387373,false,דאודורנט ספיד סטיק בסיסי קלאסי פרש ספורט לגבר,הנסיך- מפעל לייצור ט,US,דאודורנט,גרמים,50.00,100 גרם,false,0,20.30,40.60,true,1,
7290003411238,false,שמרים יבשים נמסים הנ,ברוגמאן גנט,BE,שמרים יבשים,גרמים,500.00,100 גרם,false,0,14.70,2.94,true,1,
7290003427154,false,"שמן זית כתית מעולה טעם מעודן זיתא 750 מ""ל",זיתא תעשיות שמן זיתt\,IL,שמן זית כתית,מיליליטרים,750.00,"100 מ""ל",false,0,37.00,4.93,true,1,
7290003438006,false,ממרח אולביה פסטו וצנובר איטלקי 190ג',מיוצר עי קונדיטוריית,IL,רוטב פסטו,גרמים,180.00,100 גרם,false,0,13.30,7.39,true,1,
7290003450022,false,מיולייט היינץ 430 גרם,היינץ,IL,מיולייט היינץ,גרמים,430.00,100 גרם,false,0,12.20,2.84,true,1,
7290003450404,false,שעועית אפויה היינץ 410גר,היינץ,CA,שעועית ברוטב,גרמים,410.00,100 גרם,false,0,8.30,2.02,true,1,
7290003514052,false,קראנצ'וס פלאפל 70 גרם,מנה,IL,קראנצ'וס פלאפל,גרמים,70.00,100 גרם,false,0,4.00,5.71,true,1,
7290003514069,false,קראנצ'וס בצל 70 גרם,מנה,IL,קראנצ'וס בצל,גרמים,70.00,100 גרם,false,0,4.00,5.71,true,1,
7290003514557,false,ציפסונים קלאסי 40 גרם,מנה,IL,ציפסונים קלאסי 40 גרם,גרמים,40.00,100 גרם,false,0,4.00,10.00,true,1,
7290003514571,false,פריכיות אורז עם מלח מנה 100 גרם,מנה Mana,IL,פריכיות אורז,גרמים,100.00,100 גרם,false,0,5.80,5.80,true,1,
7290003514588,false,מנה פריכיות אורז ללא מלח 100 גרם,מנה,IL,פריכיות אורז,גרמים,100.00,100 גרם,false,0,5.80,5.80,true,1,
7290003521074,false,"ד""ר פישר - סרקל מרכך שיער לילדים 1 ליטר",פישר מעבדות פרמצבטיות בע,IL,מרכך שיער סרקל,ליטרים,1.00,ליטר,false,0,29.80,29.80,true,1,
7290003526864,false,פטריות שמפניון חתוכות 290 גרם,פרנסשמפניון,IL,פטריות חתוכות 290 גרם,גרמים,290.00,100 גרם,false,0,5.50,1.90,true,1,
7290003539161,false,תפוח עץ יבש 200גרם,שקדיה,IL,תפוח עץ יבש,גרמים,200.00,100 גרם,false,0,14.90,7.45,true,1,
7290003550494,false,פילה סלמון סטרלינג במשקל,נטו,IL,פילה סלמון סטרלינג במשקל,קילוגרמים,0.00,"ק""ג",true,0,59.90,59.90,true,1,
7290003550753,false,רביעיית טונה בשמן פוסידון 108 גרם,"מיוצר עי וליגר בעמ,",IL,טונה פוסידון בשמן108*4ג,גרמים,432.00,100 גרם,false,0,23.90,5.53,true,1,
7290003578177,false,תירס צעיר שלם וילי פוד 210 גרם,מגסטיק פוד אידסטרי ק,TH,תירס גמדי 410 גרם,גרמים,410.00,100 גרם,false,0,5.70,1.39,true,1,
7290003608089,false,ספרינג תות-בננה 1.5 ליטר,יפאורה שותפות מובגלת לשיווק,IL,ספרינג תות בננה,ליטרים,1.50,ליטר,false,0,6.30,4.20,true,1,
7290003608546,false,תפוזינה תות בננה 1.5ליטר,יפאורה שותפות מובגלת לשיווק,IL,תפוזינה תות בננה,ליטרים,1.50,ליטר,false,0,5.90,3.93,true,1,
7290003608621,false,קולה RC מארז 1.5*6 ליטר,יפאורה שותפות מובגלת לשיווק,IL,RC קולה 6 יח',ליטרים,9.00,ליטר,false,0,23.90,2.66,true,1,
7290003608898,false,תפוזינה תפוזים לייט1.5ל,יפאורה שותפות מובגלת לשיווק,IL,תפוזינה דיאט,ליטרים,1.50,ליטר,false,0,5.90,3.93,true,1,
7290003643325,false,קוסקוס בינוני סוגת 350 גרם,"אסיף תעשיות מזון בע""\מ",IL,קוסקוס בינוני,גרמים,350.00,100 גרם,false,0,8.10,2.31,true,1,
7290003643387,false,"סוכר לבן בצנצנת 1 ק""ג סוגת",האי נאם סי או אל.טי.,IL,"סוכר לבן צנצנת 1 ק""ג",קילוגרמים,1.00,"ק""ג",false,0,7.60,7.60,true,1,
7290003643646,false,"סוכר דמררה קלאסי בצנצנת סוגת 1 ק""ג",האי נאם סי או אל.טי.,IL,"סוכר דמררה צנצנת 1 ק""ג",קילוגרמים,1.00,"ק""ג",false,0,11.50,11.50,true,1,
7290003643684,false,אפונה יבשה סוגת 500 גר',האי נאם סי או אל.טי.,IL,אפונה 500 גרם,גרמים,500.00,100 גרם,false,0,6.40,1.28,true,1,
7290003643707,false,סוגת גריסים 500 גרם,"סוגת תעשיות בע""מ",IL,גריסים,גרמים,500.00,100 גרם,false,0,6.40,1.28,true,1,
7290003643738,false,סוגת חיטה 500 גרם,האי נאם סי או אל.טי.,IL,חיטה 500 גרם,גרמים,500.00,100 גרם,false,0,6.50,1.30,true,1,
7290003643776,false,"פופקורן גרעינים סוגת 500 ג' כשל""פ",האי נאם סי או אל.טי.,IL,פופקורן 500 גרם,גרמים,500.00,100 גרם,false,0,6.50,1.30,true,1,
7290003643806,false,שעועית לבנה יבשה סוגת 500 ג',האי נאם סי או אל.טי.,IL,שעועית לבנה,גרמים,500.00,100 גרם,false,0,10.90,2.18,true,1,
7290003643820,false,חומוס ענק יבש סוגת 500 גרם,"סוגת תעשיות בע""\מ",IL,חומוס לבן ענק,גרמים,500.00,100 גרם,false,0,8.60,1.72,true,1,
7290003667109,false,פאנטה בטעם אורנג' 1.5 ל',החברה המרכזית לייצור משקאות,IL,פאנטה אורנג',ליטרים,1.50,ליטר,false,0,6.90,4.60,true,1,
7290003667673,false,פנטה דיאט אורנג' 1.5ליטר,החברה המרכזית לייצור משקאות,IL,פנטה דיאט אורנג',ליטרים,1.50,ליטר,false,0,6.90,4.60,true,1,
7290003681341,false,קונפיטורה תות מיה 340 גרם,מיה תעשיות מזון מ.ת.מ. ב,IL,קונפיטורה תות 340 גרם,גרמים,340.00,100 גרם,false,0,12.90,3.79,true,1,
7290003681945,false,"מיץ לימון סחוט רכיבים טבעיים מיה 500 מ""ל",מיה,IL,מיץ לימון 100%,מיליליטרים,500.00,"100 מ""ל",false,0,10.50,2.10,true,1,
7290003698622,false,סוכריות טופי פירות850גרם,כרמית,IL,סוכריות טופי,גרמים,850.00,100 גרם,false,0,18.10,2.13,true,1,
7290003805525,false,קורנפלקס 750 גרם,יוניליוור,IL,קורנפלקס תלמה,גרמים,750.00,100 גרם,false,0,15.90,2.12,true,1,
7290003805532,false,"שוגי פיצי דגנים בד""ץ500ג",יוניליוור,IL,שוגי פיצי תלמה,גרמים,500.00,100 גרם,false,0,19.90,3.98,true,1,
7290003805709,false,"כריות נוגט בד""צ 750 גרם",יוניליוור ישראל מזון בע\,IL,כריות נוגט,גרמים,750.00,100 גרם,false,0,25.90,3.45,true,1,
7290003805716,false,נמס בכוס ט.עוף 24*2 גרם,אתר חיפה אבקות,IL,נמס בכוס ועוד,גרמים,48.00,100 גרם,false,0,7.50,15.63,true,1,
7290003805730,false,נמס בכוס עגבנ.קנור 32*2ג,יוניליוור,IL,נמס בכוס ועוד,גרמים,64.00,100 גרם,false,0,7.50,11.72,true,1,
7290003806423,false,שניצל ולתנור 180 גרם,יוניליוור,IL,שניצל ולתנור,גרמים,180.00,100 גרם,false,0,6.30,3.50,true,1,
7290003806645,false,"פתית תירס ל.ג.כשל""פ200גר",אסיף תעשיות מזון,CZ,פתית תירס,גרמים,200.00,100 גרם,false,0,17.40,8.70,true,1,
7290003806836,false,"בדין אקסטרא לילך 960 מ""ל",יוניליוור,TR,מרכך בדין אקסטרא,מיליליטרים,960.00,"100 מ""ל",false,0,19.90,2.07,true,1,
7290003807352,false,"שוגי בד""ץ 1 ק""ג",יוניליוור,IL,קורנפלקס שוגי,קילוגרמים,1.00,"ק""ג",false,0,29.60,29.60,true,1,
7290003864478,false,סרדינים בשמן צמחי פתח קל ויליפוד 110 גרם,גולדן פרייז קאנינג א,TH,סרדין בשמן צמח,גרמים,110.00,100 גרם,false,0,5.30,4.82,true,1,
7290003882922,false,עלי גפן ממולאים באורז וילי פוד 360 גרם,הזה פלאקספו פוד קו ב,CN,עלי גפן ממולאים,גרמים,400.00,100 גרם,false,0,10.50,2.63,true,1,
7290003905331,false,שוק.חלב+שברי אגוזים100גר,STRAUSS-ISRAEL,IL,שוק.חלב אגוזים,גרמים,100.00,100 גרם,false,0,5.70,5.70,true,1,
7290003905362,false,שוק.חלב ל.תוספת סוכר100ג,STRAUSS-ISRAEL,IL,שוקולד פרה דיאט,גרמים,100.00,100 גרם,false,0,9.20,9.20,true,1,
7290003989539,false,לורנצו רביולי במילוי גבינה,מיוצר עי קונדיטוריית,IL,רביולי עם גבינה 400 גרם,גרמים,400.00,100 גרם,false,0,21.90,5.48,true,1,
7290003996100,false,מנגולד חסלטכפרי טרי,יעל ירק עלים,IL,"עלי סלק חסל""ט-יח'",יחידה,1.00,יחידה,false,0,8.90,8.90,true,1,
7290003996742,false,עלי סלק תרדי מהדרין כפרי טרי חסלט 200 גרם,סוגת תעשיות בעמ,IL,עלי תרד חסלט 200גרם,גרמים,200.00,100 גרם,false,0,11.00,5.50,true,1,
7290004011338,false,"ספריי קצפת מתוקה מוכנה ריץ' 250 מ""ל",האי נאם סי או אל.טי.,IT,"קצפת ריצ' במיכל 250 מ""ל",מיליליטרים,250.00,"100 מ""ל",false,0,17.90,7.16,true,1,
7290004011345,false,"ספריי קצפת מתוקה מוכנה פרווה ריץ' 238 מ""ל",האי נאם סי או אל.טי.,IT,קצפת מתוקה,גרמים,250.00,100 גרם,false,0,17.90,7.16,true,1,
7290004063016,false,"מלח שולחן דק סלית 1 ק""ג בדץ",האי נאם סי או אל.טי.,IL,"מלח שולחן מעולה 1 ק""ג",קילוגרמים,1.00,"ק""ג",false,0,1.50,1.50,true,1,
7290004063115,false,"מלח מטבח עבה להמלחת בשר ובישול 1 ק""ג",האי נאם סי או אל.טי.,IL,מלח מטבח גס,קילוגרמים,1.00,"ק""ג",false,0,1.80,1.80,true,1,
7290004067519,false,מעדן דובדבן 100% פרי ל.ת.סוכר בית יצחק 284ג',בית יצחק,IL,"מעדן 100%דובדבן ללת""ס284",גרמים,284.00,100 גרם,false,0,16.30,5.74,true,1,
7290004091248,false,וזלין פטרוליום אינטנסיב קאר ג'ל 106 גר',"יוניליוור ארה""ב, ג'ו",US,ואזלין טהור,גרמים,100.00,100 גרם,false,0,15.00,15.00,true,1,
7290004119133,false,כד יוגורט תנובה 6.5% שומן 1.5 ליטר,מיוצר עי קונדיטוריית,IL,יוגורט בכד,ליטרים,1.50,ליטר,false,0,16.70,11.13,true,1,
7290004119973,false,קרלו מעדן שוקו רביעיה גביע 1.5% 125 גרם,תנובה מרכז שיתופי לש,IL,קרלו שוקולדה,גרמים,125.00,100 גרם,false,0,2.70,2.16,true,1,
7290004120061,false,מעדן חלב בטעם שוקו וניל שוניל 2% קרלו 125 גרם,תנובה מרכז שיתופי לש,IL,מעדן קרלו שוניל,גרמים,125.00,100 גרם,false,0,2.80,2.24,true,1,
7290004120108,false,יופלה דיאט יוגורט דובדבן %0 גביע 150גרם,תנובה מרכז שיתופי לש,IL,יופלה דיאט 0%,גרמים,150.00,100 גרם,false,0,4.90,3.27,true,1,
7290004120573,false,פיראוס 16% גבינה בולגרית 250 גרם,תנובה מרכז שיתופי לש,IL,גב.בולגרית פיראוס16% 250,גרמים,250.00,100 גרם,false,0,22.40,8.96,true,1,
7290004120634,false,גבינה פיראוס בולגרית 5% 250 גרם,תנובה מרכז שיתופי לש,IL,גב.בולגרית פיראוס5% 250ג,גרמים,250.00,100 גרם,false,0,22.40,8.96,true,1,
7290004120832,false,"חלב 2 ליטר 3% כד ""תנובה""- מוצר בפיקוח",תנובה מרכז שיתופי לש,IL,חלב שתיה 3%,ליטרים,2.00,ליטר,false,0,11.60,5.80,true,1,
7290004121839,false,גבינת פטה כבשים 20% פיראוס 250 גרם,תנובה מרכז שיתופי לש,IL,גבינת פטה פיראוס20% 250ג,גרמים,250.00,100 גרם,false,0,25.90,10.36,true,1,
7290004122089,false,פתיתי גבינת עמק 200 גרם,תנובה,IL,פתיתי גבינת עמק 200 גרם,גרמים,200.00,100 גרם,false,0,14.30,7.15,true,1,
7290004122195,false,גוש חלב גבינה צהובה פרוסה 28% תנובה 200 גרם,תנובה חלב,IL,גוש חלב פרוס28% 200מהדרי,גרמים,200.00,100 גרם,false,0,14.00,7.00,true,1,
7290004122270,false,עמק קלאסית פרוסות גבינה חצי קשה 28% 200 גרם,תנובה מרכז שיתופי לש,IL,גבינת עמק פרוס,גרמים,200.00,100 גרם,false,0,15.40,7.70,true,1,
7290004122348,false,גבינת עמק לייט פרוס בקופסא 200 גרם,תנובה מרכז שיתופי לש,IL,גב.עמק לייט9% שומן 200גר,גרמים,200.00,100 גרם,false,0,16.20,8.10,true,1,
7290004122560,false,פתיתי עמק השף הלבן 500גר,תנובה,IL,פתיתי עמק השף הלבן 500גר,גרמים,500.00,100 גרם,false,0,32.70,6.54,true,1,
7290004124205,false,יופלה דיאט יוגורט תות %0 גביע 150 גרם,תנובה מרכז שיתופי לש,IL,יופלה דיאט תות0%,גרמים,150.00,100 גרם,false,0,4.90,3.27,true,1,
7290004124847,false,"קצפת צמחית השף הלבן 500 מ""ל תנובה",תנובה מרכז שיתופי לש,IL,קצפת צמחית השף הלבן500מל,מיליליטרים,500.00,"100 מ""ל",false,0,18.60,3.72,true,1,
7290004125370,false,"שמנת חמוצה 9% מופחתת שומן תנובה 200 מ""ל מהדרין",תנובה מרכז שיתופי לש,IL,שמנת חמוצה 9%,מיליליטרים,200.00,"100 מ""ל",false,0,3.50,1.75,true,1,
7290004125400,false,"אשל שלי מהדרין 200 מ""ל 4.5% ""תנובה""- מוצר בפיקוח",פארייפאבה אגרואינדוס,IL,אשל 4.5% שומן,מיליליטרים,200.00,"100 מ""ל",false,0,1.59,0.80,true,1,
7290004125417,false,"גיל 3% שלי 200 מ""ל ""תנובה"" -מוצר בפיקוח",תנובה מרכז שיתופי לש,IL,גיל לבן 3%שומן,מיליליטרים,200.00,"100 מ""ל",false,0,1.44,0.72,true,1,
7290004125455,false,"שמנת חמוצה 200 מ""ל 15% ""תנובה"" -מוצר בפיקוח",תנובה מרכז שיתופי לש,IL,שמנת תנובה 15%,מיליליטרים,200.00,"100 מ""ל",false,0,2.28,1.14,true,1,
7290004125462,false,"שמנת חמוצה 15% תנובה 500 מ""ל מהדרין",תנובה מרכז שיתופי לש,IL,שמנת חמוצה 15%,מיליליטרים,500.00,"100 מ""ל",false,0,5.70,1.14,true,1,
7290004125509,false,"שמנת חמוצה 15% מועשרת תנובה 100 מ""ל",תנובה מרכז שיתופי לש,IL,שמנת חמוצה,מיליליטרים,100.00,"100 מ""ל",false,0,1.90,1.90,true,1,
7290004125578,false,משקה סויה מעושר בסידן תנובה 1ל',תנובה מרכז שיתופי לש,IL,'משקה סויה מועשר בסידן1ל,ליטרים,1.00,ליטר,false,0,10.40,10.40,true,1,
7290004125721,false,"השף הלבן שמנת עמידה לבישול 15% תנובה 250 מ""ל",תנובה מרכז שיתופי לש,IL,שמנת בישול-15%שף לבן250מ,מיליליטרים,250.00,"100 מ""ל",false,0,8.00,3.20,true,1,
7290004125738,false,שמנת מתוקה להקצפה32% 250מל עמיד השף הלבן,תנובה מרכז שיתופי לש,IL,שמנת להקצפה-32%שף לבן250,מיליליטרים,250.00,"100 מ""ל",false,0,7.10,2.84,true,1,
7290004126674,false,טל העמק פרוסות גבינה חצי קשה לייט %9 200 גרם בקופסא,תנובה מרכז שיתופי לש,IL,גבינה טל העמק,גרמים,200.00,100 גרם,false,0,18.00,9.00,true,1,
7290004126759,false,יוגורט דיאט יופלה פירות יער 150 גרם,תנובה חלב,IL,יופלה דיאט,גרמים,150.00,100 גרם,false,0,4.90,3.27,true,1,
7290004126872,false,"שוקו תנובה בבקבוק 250 מ""ל תנובה",תנובה חלב,IL,שוקו בקבוק,מיליליטרים,250.00,"100 מ""ל",false,0,5.40,2.16,true,1,
7290004127077,false,קוטג תנובה 3% גביע 250 גרם מהדרין,מיוצר עי קונדיטוריית,IL,קוטג' תנובה 3% שומן 250,גרמים,250.00,100 גרם,false,0,5.70,2.28,true,1,
7290004127329,false,קוטג תנובה גביע 250 גרם %5 ו.מהדרין,מיוצר עי קונדיטוריית,IL,קוטג' 5% 250 גרם בעלז,גרמים,250.00,100 גרם,false,0,5.70,2.28,true,1,
7290004127336,false,קוטג תנובה גביע 250 גרם %9 ו.מהדרין,מיוצר עי קונדיטוריית,IL,קוטג' תנובה 9% שומן 250,גרמים,250.00,100 גרם,false,0,5.70,2.28,true,1,
7290004127800,false,"גבינה לבנה 500 גרם 5% ""תנובה"" -מוצר בפיקוח",מיוצר עי קונדיטוריית,IL,גבינה לבנה 5%,גרמים,500.00,100 גרם,false,0,9.60,1.92,true,1,
7290004127862,false,גבינה לבנה 5% שומן 750 ג' תנובה,תנובה מרכז שיתופי לש,IL,גבינה לבנה 5%,גרמים,750.00,100 גרם,false,0,14.40,1.92,true,1,
7290004127916,false,גבינה לבנה 0.5% שומן 500 ג' תנובה,תנובה מרכז שיתופי לש,IL,גבינה תנובה0.5%שומן 500ג,גרמים,500.00,100 גרם,false,0,10.20,2.04,true,1,
7290004128364,false,קרם גבינת שמנת 5% עם זיתים ירוקים 200 ג' תנובה,"תנובה, מחלבת תל יוסף",IL,גב.שמנת עם זיתים 5% 200ג,גרמים,200.00,100 גרם,false,0,12.30,6.15,true,1,
7290004128432,false,פתיתים מיוחדים לפיצה על בסיס גבינה 500 ג',תנובה חלב,IL,פתיתי גבינה השף הלבן500ג,גרמים,500.00,100 גרם,false,0,21.80,4.36,true,1,
7290004129101,false,גבינת שמנת 25% בטעם טבעי 225 ג' נפוליאון,תנובה מרכז שיתופי לש,IL,גב.נפולאון טעם טבעי 225ג,גרמים,225.00,100 גרם,false,0,13.90,6.18,true,1,
7290004129118,false,גבינת שמנת 24% עם זיתים ירוקים 225 ג' נפוליאון,תנובה מרכז שיתופי לש,IL,גב.נפולאון טעם זיתים225ג,גרמים,225.00,100 גרם,false,0,13.90,6.18,true,1,
7290004129156,false,גבינת שמנת25% עם שום שמיר 225 ג' נפוליאון,תנובה מרכז שיתופי לש,IL,גב.נפולאון שום-שמיר 225ג,גרמים,225.00,100 גרם,false,0,13.90,6.18,true,1,
7290004129545,false,גבינה לבנה 3% 250 גרם ועדת מהדרין,מחלבת אלון תבור,IL,גבינה למריחה 3% 250 גרם,גרמים,250.00,100 גרם,false,0,5.10,2.04,true,1,
7290004129668,false,יופלה+מכסה פצפוצי שוק167,תנובה מרכז שיתופי לש,IL,יופלה+פצפוצי שוק,גרמים,167.00,100 גרם,false,0,5.90,3.53,true,1,
7290004129767,false,"3% 'יופלה לבן מארז שמינייה 1.2 ק""ג",מחלבת אלון תבור,IL,יופלה טבעי 3%,קילוגרמים,1.20,"ק""ג",false,0,16.70,13.92,true,1,
7290004131074,false,"חלב 1 ליטר 3% קרטון ""תנובה""- מוצר בפיקוח",תנובה מרכז שיתופי לש,IL,חלב בקרטון 3% שומן 1 ל',ליטרים,1.00,ליטר,false,0,5.90,5.90,true,1,
7290004131227,false,גבינה לבנה 3% שומן 500 גרם מהדרין,תנובה מרכז שיתופי לש,IL,גבינה לבנה3% 500 גרם,גרמים,500.00,100 גרם,false,0,10.20,2.04,true,1,
7290004131456,false,יוגורט ביו 1.5% שומן 200 ג' יופלה,מיוצר עי קונדיטוריית,IL,יופלה לבן 1.5%,גרמים,200.00,100 גרם,false,0,3.80,1.90,true,1,
7290004131531,false,שוקו תנובה בקבוק 1 ליטר,"תנובה, מחלבת רחובות",IL,שוקו בקבוק,ליטרים,1.00,ליטר,false,0,12.80,12.80,true,1,
7290004131814,false,גבינה צפתית 5% מעודנת 200 ג' פיראוס,פארייפאבה אגרואינדוס,IL,פיראוס צפתית מעוד5% 200ג,גרמים,200.00,100 גרם,false,0,15.60,7.80,true,1,
7290004132231,false,"חלב מיוחד לקפה 3% תנובה קרטון 800 מ""ל",תנובה מרכז שיתופי לש,IL,חלב פלוס לקפה 3.5% שומן,מיליליטרים,800.00,"100 מ""ל",false,0,7.60,0.95,true,1,
7290004132699,false,ממרחמאה מוקצף 140 גרם,תנובה מרכז שיתופי לש,IL,ממרחמאה מוקצף 140 גרם,גרמים,140.00,100 גרם,false,0,9.20,6.57,true,1,
7290004133108,false,יופלה לבן+מכסה גרנולה170,תנובה מרכז שיתופי לש,IL,יופלה עם מכסה,גרמים,170.00,100 גרם,false,0,5.80,3.41,true,1,
7290004133511,false,יופלה מאגדת לבן 1.5% מעודן 8 יח' * 150 ג',מיוצר עי קונדיטוריית,IL,יופלה מעודן 8 יח,קילוגרמים,1.20,"ק""ג",false,0,19.90,16.58,true,1,
7290004133900,false,קצפת צמחית השף הלבן250מל,סוי מג'יק,IL,קצפת צמחית השף הלבן250מל,מיליליטרים,250.00,"100 מ""ל",false,0,9.40,3.76,true,1,
7290004134198,false,"משקה בננה בקבוק 250 מ""ל",תנובה,IL,משקה בננה בקבוק,מיליליטרים,250.00,"100 מ""ל",false,0,5.40,2.16,true,1,
7290004135058,false,שמיניית קרלו מיני שוקולד 100 גרם מהדרין,תנובה מרכז שיתופי לש,IL,קרלו שוקולד 8 יח,גרמים,800.00,100 גרם,false,0,13.10,1.64,true,1,
7290004135225,false,מעדן חלב דל קלוריות בטעם שוקולד 0.2שומ,תנובה מרכז שיתופי לש,IL,מעדן דיאט שוקולד,גרמים,150.00,100 גרם,false,0,3.80,2.53,true,1,
7290004135232,false,מעדן דיאט וניל0% 150 גרם,תנובה,IL,מעדן דיאט וניל,גרמים,150.00,100 גרם,false,0,3.80,2.53,true,1,
7290004135614,false,גבינה בולגרית מעודנת 5% פיראוס 250 גרם,תנובה חלב,IL,בולג.מעוד.פיראוס 5% 250ג,גרמים,250.00,100 גרם,false,0,18.90,7.56,true,1,
7290004136130,false,"שוקו תנובה בקבוק 340 מ""ל",תנובה,IL,שוקו תנובה בקבוק,מיליליטרים,340.00,"100 מ""ל",false,0,6.80,2.00,true,1,
7290004136154,false,"משקה חלב אייס קפה תנובה בבקבוק 340 מ""ל",גוד פוד פרודקטס S.p,IL,משקה אייס קפה,מיליליטרים,340.00,"100 מ""ל",false,0,7.20,2.12,true,1,
7290004136741,false,"יופלה אננס בד""צ 150 גרם",תנובה,IL,"יופלה אננס בד""צ",גרמים,150.00,100 גרם,false,0,4.70,3.13,true,1,
7290004136857,false,מעדן גלי פטל תנובה 125 גרם,תנובה מרכז שיתופי לש,IL,מעדן ג'לי פטל,גרמים,125.00,100 גרם,false,0,2.70,2.16,true,1,
7290004137311,false,גבינה צהובה לייט 9% שומן 400 ג' עמק,תנובה חלב,IL,עמק לייט משפחתית 400 גרם,גרמים,400.00,100 גרם,false,0,29.70,7.43,true,1,
7290004146993,false,נקה 7 מרכך שיער צבוע ומובהר 750 מל,אמיליה קוסמטיקס,IL,קונדישינר נקה 7,מיליליטרים,750.00,"100 מ""ל",false,0,11.90,1.59,true,1,
7290004198022,false,בקלה צעיר בלי זנב ארוז ק,שונות,AR,בקלה צעיר ארוז,קילוגרמים,0.00,"ק""ג",true,0,17.90,17.90,true,1,
7290004219819,false,מלבין קפה קומפלטה 200 גרם,פריזלנד פודס קיוויט,NL,מלבין קפה קומפלטה 200גרם,גרמים,200.00,100 גרם,false,0,10.90,5.45,true,1,
7290004219826,false,מלבין קפה הולנדי קומפלטה 400ג',פריזלנד פודס קיוויט,NL,מלבין קפה קומפלט,גרמים,400.00,100 גרם,false,0,21.60,5.40,true,1,
7290004492274,false,בייגלה טבעות מלוחות בייגל בייגל 400 גרם,יוניליוור מזון,IL,בייגלה טבעות,גרמים,400.00,100 גרם,false,0,10.90,2.73,true,1,
7290004492342,false,נישנושים קוקטייל מלח350ג,גוצ'מולר,IL,נישנושים מלוח,גרמים,350.00,100 גרם,false,0,13.00,3.71,true,1,
7290004492779,false,נישנושים זעתר 300 גרם,גוצ'מולר,IL,נישנושים זעתר,גרמים,300.00,100 גרם,false,0,12.90,4.30,true,1,
7290004492816,false,נישנושים מלוח 350 גרם,בייגל את בייגל מזון 198),IL,נישנושי קרקר,גרמים,350.00,100 גרם,false,0,13.00,3.71,true,1,
7290004532048,false,גרעיני דלעת קלויים ומומלחים 200 גר',פיצוחי הטיב,IL,גרעין לבן קלוי,גרמים,200.00,100 גרם,false,0,7.90,3.95,true,1,
7290004536008,false,"סיליט מסיר אבן וחלודה 750 מ""ל",רקיט בנקיזר,IL,סיליט מסיר אבנית,מיליליטרים,500.00,"100 מ""ל",false,0,13.40,2.68,true,1,
7290004584306,false,רבעיית גמדים בטעם תות בננה * 100 ג' שטראוס,מיוצר עי קונדיטוריית,IL,סופר גמדים תות בננה100*4,גרמים,400.00,100 גרם,false,0,10.90,2.73,true,1,
7290004584351,false,גבינה לבנה סימפוניה עם תוספות 200 ג' חמישית 200,"שטראוס בריאות בע""\מ",IL,גבינת סימפוניה,גרמים,200.00,100 גרם,false,0,11.30,5.65,true,1,
7290004584528,false,יוגורט דנונה ביו לבן 1.7% שומן 200 גרם,מיוצר עי קונדיטוריית,IL,דנונה ביו לבן,גרמים,200.00,100 גרם,false,0,3.70,1.85,true,1,
7290004585907,false,דני ועדן וניל 1.5% 125ג' שטראוס,מיוצר עי קונדיטוריית,IL,דני וניל 1.5%,גרמים,125.00,100 גרם,false,0,2.50,2.00,true,1,
7290004658618,false,תירוש מיץ ענבים לבן 1 ל',יקבי כרמל,IL,מיץ תירוש לבן,ליטרים,1.00,ליטר,false,0,18.90,18.90,true,1,
7290004731090,false,אל סבון כיף קמומיל 1ליטר,קוסמופארם בע'\'\מ,IL,אל סבון כיף קמומיל 1ליטר,ליטרים,1.00,ליטר,false,0,14.10,14.10,true,1,
7290004731816,false,סנו סושי מגבות הפלא למטבח 8 גלילים,סנו מפעלי ברונוס בעמ,IL,מגבות הפלא,מטרים,84.00,מטר,false,0,12.60,0.15,true,1,
7290004872779,false,קרחוני פרילי שישיה כשלפ,נסטלה,IL,קרחוני פרילי שישיה כשלפ,גרמים,468.00,100 גרם,false,0,24.50,5.24,true,1,
7290004923099,false,מים מינרליים עין גדי 2X6ל',עין גדי מיים מינרלים,IL,עין גדי מים מינרל. 2*6 ל,ליטרים,12.00,ליטר,false,0,10.90,0.91,true,1,
7290005068058,false,גרעיני תירס קל - תירס מזן מתוק מופחת קלוריות,"פרי הגליל בע""""מ",IL,תירס קל 550 גרם,גרמים,550.00,100 גרם,false,0,8.10,1.47,true,1,
7290005095801,false,רוטב עמבה עם פרי 500,,IL,עמבה 500 גרם,גרמים,500.00,100 גרם,false,0,15.10,3.02,true,1,
7290005174513,false,חציל אחלה במיונז 500 ג' אחלה+ 33% תוספת,מיוצר עי קונדיטוריית,IL,חציל במיונז אחלה 500 גרם,גרמים,500.00,100 גרם,false,0,15.90,3.18,true,1,
7290005174551,false,סלט חומוס עם צנוברים 125 ג' אחלה,מיוצר עי קונדיטוריית,IL,חומוס יום יום 125 גרם,גרמים,125.00,100 גרם,false,0,5.30,4.24,true,1,
7290005174568,false,סלט חצילים במיונז אחלה 125 גרם,"שטראוס גרופ בע""\מ",IL,חציל במיונז 125 גרם,גרמים,125.00,100 גרם,false,0,5.30,4.24,true,1,
7290005174575,false,טחינה אחלה יום יום משובחת 125ג',מיוצר עי קונדיטוריית,IL,טחינה יום יום 125 גרם,גרמים,125.00,100 גרם,false,0,5.30,4.24,true,1,
7290005182136,false,סוכרה דיאט 100 יחידות80ג,מתוק וקל,IL,סוכרה דיאט 100 יחידות80ג,גרמים,80.00,100 גרם,false,0,27.90,34.88,true,1,
7290005198038,false,עלית פתי בר שוקו 1.7,STRAUSS-ISRAEL,IL,פתיבר שוקו,קילוגרמים,1.75,"ק""ג",false,0,22.70,12.97,true,1,
7290005198045,false,פתיבר אריזה משפחתית1.75ק,STRAUSS-ISRAEL,IL,פתיבר,קילוגרמים,1.75,"ק""ג",false,0,22.70,12.97,true,1,
7290005199318,false,מאסט פטל לימון מגדים28גר,עלית,IL,מסטיק מאסט,גרמים,28.00,100 גרם,false,0,4.60,16.43,true,1,
7290005201455,false,קפה נמס מגורען ארומה קלאסי עלית 200 גרם,"אינסטנטה בע""מ",PL,קפה נמס ארומה,גרמים,200.00,100 גרם,false,0,25.40,12.70,true,1,
7290005201479,false,צ'יטוס בוטנים 100 גרם,עלית,IL,צ'יטוס בוטנים 100 גרם,גרמים,100.00,100 גרם,false,0,6.70,6.70,true,1,
7290005201882,false,קפה טורקי בצלופן עלית 200 גרם,הנסיך- מפעל לייצור ט,IL,קפה טורקי בצלופן,גרמים,200.00,100 גרם,false,0,17.00,8.50,true,1,
7290005287022,false,טונה סטארקיסט במים 160גר-'בד'צ,סטארקיסט,IL,טונה סטארקיסט,גרמים,160.00,100 גרם,false,0,8.20,5.13,true,1,
7290005287053,false,סטארקיסט טונה בשמן 110 גרם,סטארקיסט,IL,נתחי טונה בהירה בשמן110ג,גרמים,110.00,100 גרם,false,0,7.10,6.45,true,1,
7290005287183,false,טונה סטארקיסט בשמן545גרם,סטארקיסט,IL,טונה סטארקיסט,גרמים,545.00,100 גרם,false,0,25.10,4.61,true,1,
7290005287206,false,רביעיית טונה בשמן סטארקיסט 160 גרם,"סטארקיסט פודור בע""מ",VN,טונה סטארקיסט4יח,גרמים,640.00,100 גרם,false,0,26.90,4.20,true,1,
7290005287657,false,"סטארקיסט ממרח טונה 160 גרם בד""צ","סטארקיסט פודור בע""מ",TH,ממרח טונה,גרמים,160.00,100 גרם,false,0,8.10,5.06,true,1,
7290005287695,false,סלט טונה בדץ 85 גרם,סטארקיסט,IL,סלט טונה בדץ 85 גרם,גרמים,85.00,100 גרם,false,0,5.40,6.35,true,1,
7290005287787,false,"סלט טונה שלישיות בד""צ 85",סטארקיסט,IL,סלט טונה שלישיות,גרמים,255.00,100 גרם,false,0,15.00,5.88,true,1,
7290005287930,false,"טונה סטארקיסט רבעיות מים בד""ץ 112 גר-עדה",סטארקיסט,IL,טונה סטארקיסט4יח,גרמים,640.00,100 גרם,false,0,26.90,4.20,true,1,
7290005317125,false,ביסקוויט חצי מצופה הדר 175 גרם,אפיפית נצרת תעשיות ב,IL,ביסקוויט חצי מצופה 175גר,גרמים,175.00,100 גרם,false,0,4.20,2.40,true,1,
7290005317569,false,עוגיות בטעם חמאה 600 גרם,מגדנית הדר,IL,עוגיות בטעם חמאה 600 גרם,גרמים,600.00,100 גרם,false,0,11.30,1.88,true,1,
7290005317620,false,קרקר פריך עם מלח הדר600ג,מגדנית הדר,IL,קרקר פריך עם מלח הדר600ג,גרמים,600.00,100 גרם,false,0,12.00,2.00,true,1,
7290005358548,false,בשר מס5. חלק קפוא קג,שונות,XX,בשר מס5. חלק ק,קילוגרמים,0.00,"ק""ג",true,0,49.90,49.90,true,1,
7290005418709,false,"נטורל קרם לחות לקיבוע תלתלים גלי 400 מ""ל",מיוצר עי אמיליה קוסמ,IL,קרם לחות לתלתלים,מיליליטרים,400.00,"100 מ""ל",false,0,23.30,5.83,true,1,
7290005418716,false,"קרם לחות לבניית תלתלים עגולים נטורל פורמולה 400 מ""ל",מיוצר עי אמיליה קוסמ,IL,קרם לחות לשיער,מיליליטרים,400.00,"100 מ""ל",false,0,23.30,5.83,true,1,
7290005423253,false,"סנו - מקסימה מרסס למייבש כביסה אולטרה פרש 750 מ""ל","סנו מפעלי ברונוס בע""\מ",IL,מקסימה למייבש,מיליליטרים,750.00,"100 מ""ל",false,0,17.20,2.29,true,1,
7290005423420,false,סנו משמיד עש מבושם 2 יח',טרופיקל דגיל תעשיות,BG,סנו משמיד עש,יחידה,1.00,יחידה,false,0,15.00,15.00,true,1,
7290005423567,false,מטליות ניקוי רב שימושיות בגליל סנו סושי 40 יחידות,אסותא תעשיות אלבד בע,IL,מטליות לניקוי,יחידה,1.00,יחידה,false,0,22.00,22.00,true,1,
7290005423635,false,ריצפז נוזל רצפות דוחה תיקנים סנו 2 ליטר,מיוצר עי קונדיטוריית,IL,ריצפז דוחה חרקים,ליטרים,2.00,ליטר,false,0,25.60,12.80,true,1,
7290005424014,false,"אבקת כביסה פיסגה קלה 6 ק""ג סנו","מפעלי ברונוס בע""מ",IL,אבקת כביסה פיסגה,קילוגרמים,6.00,"ק""ג",false,0,37.90,6.32,true,1,
7290005424052,false,מן קצף גילוח 2 יחX' 300ג,סנו,IL,צמד מן קצף גיל,גרמים,600.00,100 גרם,false,0,24.70,4.12,true,1,
7290005424113,false,מטליות רצפה סנו סושי 4 יחידות,סנו סושי,IL,מטליות רצפה,יחידה,1.00,יחידה,false,0,13.20,13.20,true,1,
7290005424205,false,ריצפז פלוס נוזל לניקוי רצפה דוחה תיקנים סנו 4 ליטר,סנו,IL,ריצפז דוחה חרק,ליטרים,4.00,ליטר,false,0,42.50,10.63,true,1,
7290005424847,false,"מפיות סופט לבנות לשולחן (150 יח') ""סנו""",מיוצר עי קונדיטוריית,TR,מפיות אירוח,יחידה,1.00,יחידה,false,0,9.90,9.90,true,1,
7290005425523,false,24מגבונ.קרמה להסרת איפור,קוסמופארם,IL,24מגבונ.קרמה להסרת איפור,יחידה,1.00,יחידה,false,0,20.80,20.80,true,1,
7290005425646,false,קליר נוזל לניקוי חלונות רב תכליתי סנו 1 ליטר,"סנו מפעלי ברונוס בע""\מ",IL,סנוקליר 1 ליטר,ליטרים,1.00,ליטר,false,0,11.40,11.40,true,1,
7290005425714,false,"שמפו שטיחים סנו פלוס 600 מ""ל","סנו מפעלי ברונוס בע""\מ",IL,סנו שמפו שטיחים,מיליליטרים,600.00,"100 מ""ל",false,0,30.60,5.10,true,1,
7290005425783,false,"קרם גוף קרמה קלאסי 500 מ""ל",קוסמופארם בע'\'\מ,IL,קרם גוף קרמה,מיליליטרים,500.00,"100 מ""ל",false,0,28.80,5.76,true,1,
7290005425912,false,אוקסיג'ן ג'ל להסרת כתמים עם חמצן פעיל סנו 4 ליטר,סנו אוקסיג'ן,IL,ג'ל אוקסיג'ן 4ל',ליטרים,4.00,ליטר,false,0,35.60,8.90,true,1,
7290005425998,false,אל סבון בייבי כיף 1 ליטר,קוסמופארם,IL,אל סבון בייבי,ליטרים,1.00,ליטר,false,0,21.20,21.20,true,1,
7290005426193,false,ספוגית הפלא סנו סושי 6 יחידות,טרופיקל דגיל תעשיות,IL,ספוג סנו סושי,יחידה,1.00,יחידה,false,0,11.40,11.40,true,1,
7290005426803,false,מקסימה מרכך כביסה פצ'ולי לבנדר סגול סנו 4 ליטר,סנו מקסימה,IL,מרכך כביסה,ליטרים,4.00,ליטר,false,0,21.90,5.48,true,1,
7290005426964,false,סנובון סבון לאסלה בניחוח אפרסק סנו 3 יחידות,סנו מפעלי ברונו בעמ,IL,סנובון שלישיה,גרמים,150.00,100 גרם,false,0,17.90,11.93,true,1,
7290005427497,false,מרכך כיף לשיער רגיל 750מ,קוסמופארם,IL,מרכך כיף,מיליליטרים,750.00,"100 מ""ל",false,0,14.10,1.88,true,1,
7290005427503,false,מרכך כיף לשיער יבש 750מל,קוסמופארם,IL,מרכך כיף לשיער,מיליליטרים,750.00,"100 מ""ל",false,0,14.10,1.88,true,1,
7290005427565,false,שמפו כיף לשיער רגיל 750מ,קוסמופארם,IL,שמפו כיף,מיליליטרים,750.00,"100 מ""ל",false,0,14.10,1.88,true,1,
7290005428982,false,בייבי כיף ק.גוף תינוק500,קוסמופארם,IL,קרם גוף לתינוק,מיליליטרים,500.00,"100 מ""ל",false,0,28.20,5.64,true,1,
7290005429279,false,סנו מקסימה קומפקט קומפקט אפקט גאוול 6 ק,סנו מפעלי ברונוס בעמ,IL,אבקת כביסה,קילוגרמים,6.00,"ק""ג",false,0,55.90,9.32,true,1,
7290005429286,false,"אבקת כביסה מקסימה ביו 6 ק""ג סנו",סנו מקסימה,IL,אבקת מקסימה קומפקט ביו6ק,קילוגרמים,6.00,"ק""ג",false,0,55.90,9.32,true,1,
7290005431364,false,עוגת גבינה 2 יח,,IL,עוגת גבינה 2 יח,גרמים,184.00,100 גרם,false,0,12.30,6.68,true,1,
7290005431371,false,מעדן קינוחים מלבי זו,תנובה,IL,מלבי 2 יחידות,גרמים,330.00,100 גרם,false,0,12.30,3.73,true,1,
7290005431593,false,מעדן קינוחים קדאיף ע,,IL,קדאיף 2 יחידות,גרמים,172.00,100 גרם,false,0,12.30,7.15,true,1,
7290005431609,false,מעדן טירמיסו עדן זוג,יושלם,IL,טירמיסו 2 יח,גרמים,172.00,100 גרם,false,0,12.30,7.15,true,1,
7290005437212,false,"שמן זית כתית מעולה טעמן 750 מ""ל בד""צ",מוצרי יסוד - טעמן,IL,שמן זית כתית מעולה 750מל,מיליליטרים,750.00,"100 מ""ל",false,0,33.30,4.44,true,1,
7290005437618,false,שמן סויה 1 ליטר,,BE,שמן סויה 1 ליטר,ליטרים,1.00,ליטר,false,0,9.40,9.40,true,1,
7290005437809,false,חתיכות אננס חתבמיץ טבעי 825 גרם טעמן,פ.ת גרייט פנאפל,ID,חתיכות אננס במיץ טבעי900,גרמים,900.00,100 גרם,false,0,9.20,1.02,true,1,
7290005437816,false,אננס חתוך 567 גרם טעמן,,ID,לפתן אננס חתוך,גרמים,567.00,100 גרם,false,0,6.00,1.06,true,1,
7290005437830,false,פרוסות אננס במיץ טבעי טעמן 825 גרם,פ.ת גרייט פנאפל,ID,פרוסות אננס במיץ,גרמים,825.00,100 גרם,false,0,9.00,1.09,true,1,
7290005437939,false,פסטה ספגטיני מס' 10 500 גר' טעמן,מוצרי יסוד - טעמן,TR,ספגטי מס' 3 500 גרם,גרמים,500.00,100 גרם,false,0,3.60,0.72,true,1,
7290005564253,false,ספרינג אגס סברס תפוח1.5ל,יפאורה שותפות מובגלת לשיווק,IL,משקה ספרינג,ליטרים,1.50,ליטר,false,0,6.30,4.20,true,1,
7290005564680,false,תפוזינה לימונדה ורודה1.5,יפאורה שותפות מובגלת לשיווק,IL,משקה לימונדה,ליטרים,1.50,ליטר,false,0,5.90,3.93,true,1,
7290005564970,false,"קריסטל תפו""ע מוגז 2 ליטר",יפאורה שותפות מובגלת לשיווק,IL,"קריסטל תפו""ע מוגז 2 ליטר",ליטרים,2.00,ליטר,false,0,3.50,1.75,true,1,
7290005589430,false,"גרנולה תפו""ע 400 גרם",מפעלי דגן,IL,"גרנולה תפו""ע 400 גרם",גרמים,400.00,100 גרם,false,0,13.10,3.28,true,1,
7290005589454,false,גרנולה תמרים ופירות400גר,מפעלי דגן,IL,גרנולה תמרים ופירות400גר,גרמים,400.00,100 גרם,false,0,13.10,3.28,true,1,
7290005591761,false,דבש טהור מפרחי בר בלחיץ 400 ג' יד מרדכי,מכוורת יד מרדכי שטראוס ב,IL,דבש מפרחי בר,גרמים,400.00,100 גרם,false,0,25.30,6.33,true,1,
7290005604133,false,פריגת מנגו 1.5 ליטר,מבשלות בירה בינלאומיות ב,IL,פריגת מנגו,ליטרים,1.50,ליטר,false,0,6.50,4.33,true,1,
7290005605901,false,פאנטה בטעם אקזוטי 1.5 לי,החברה המרכזית לייצור משקאות,IL,פאנטה אקזוטי,ליטרים,1.50,ליטר,false,0,6.90,4.60,true,1,
7290005789359,false,פרש וואנס מגבונים להסרת איפור,פרש-וואנס,,30 פרש וואנס מסיר איפור,יחידה,1.00,יחידה,false,0,14.10,14.10,true,1,
7290005838002,false,מעדן גבינה ויוגורט בטעם וניל 88 ג' דניאלה,"שטראוס בריאות בע""מ",IL,מעדן דניאלה,מיליליטרים,150.00,"100 מ""ל",false,0,4.00,2.67,true,1,
7290005838613,false,"סקי וניל בודד 125 גרם ""שטראוס""","שטראוס בריאות בע""\מ",IL,גבינת סקי וניל 125 גרם,גרמים,125.00,100 גרם,false,0,3.70,2.96,true,1,
7290005839078,false,שמיניית יוגורט לבן 3% ביו דנונה 150 גרם,מיוצר עי קונדיטוריית,IL,דנונה ביו 8 יח,קילוגרמים,1.20,"ק""ג",false,0,17.50,14.58,true,1,
7290005839108,false,גבינה לבנה סימפוניה עם תוספות 200 ג'+זיתים 5%,"שטראוס בריאות בע""\מ",IL,גב.סימפוניה +5%זיתים200ג,גרמים,200.00,100 גרם,false,0,11.30,5.65,true,1,
7290005839313,false,"מילקי טופ מגולגלת שטראוס 170 מ""ל",מיוצר עי קונדיטוריית,IL,מילקי טופ,מיליליטרים,170.00,"100 מ""ל",false,0,4.90,2.88,true,1,
7290005896439,false,"בירה מכבי, בקבוק חוזר 500 מ''ל","טמפו משקאות בע""מ",IL,בירה מכבי בקבוק חוזר500מ,מיליליטרים,500.00,"100 מ""ל",false,0,8.30,1.66,true,1,
7290005896972,false,שישיית פפסי מקס דל קלוריות 1.5 ליטר,טמפו 7.5%,IL,פפסי מקס 6 יח',ליטרים,9.00,ליטר,false,0,24.90,2.77,true,1,
7290005966392,false,גולן קברנה סוביניון750מל,יקבי רמת הגולן קצרין,IL,גולן קברנה סוביניון750מל,מיליליטרים,750.00,"100 מ""ל",false,0,37.90,5.05,true,1,
7290005966903,false,"גולן שיאון אדום 750 מ""ל",יקבי רמת הגולן קצרין,IL,גולן שיאון אדום,מיליליטרים,750.00,"100 מ""ל",false,0,28.90,3.85,true,1,
7290005992575,false,גבינה בולגרית למריחה 5% גד 250 גרם,מחלבות גד בעמ,IL,גב.בולגרית למריחה5% 250ג,גרמים,250.00,100 גרם,false,0,16.90,6.76,true,1,
7290005992735,false,לאבנה טבעי 5 אחוז 250גרם גד,הנסיך- מפעל לייצור ט,IL,גבינת לאבנה גד5%,גרמים,250.00,100 גרם,false,0,12.00,4.80,true,1,
7290006185501,false,"פנינה רוזנבלום -אל סבון נוזלי ורוד,1 ליטר",פנינה רוזנבלום,IL,סבון נוזלי ורוד,ליטרים,1.00,ליטר,false,0,15.10,15.10,true,1,
7290006229069,false,ג'אמפ ענבים 1.5 ליטר,טמפו 7.5%,IL,ג'אמפ ענבים,ליטרים,1.50,ליטר,false,0,5.90,3.93,true,1,
7290006251275,false,תה ירוק סיני קלאסי ויסוצקי 25 יחידות,תה ויסוצקי,IL,תה ירוק סיני,גרמים,37.00,100 גרם,false,0,26.90,72.70,true,1,
7290006251282,false,חליטת חמוציות הגן הקסום ויסוצקי 25 יחידות,תה ויסוצקי,IL,חליטת חמוציות,גרמים,75.00,100 גרם,false,0,17.60,23.47,true,1,
7290006251589,false,תה ירוק עם עלי נענע 50 שקיקים ויסוצקי,בית ויסוצקי,IL,תה ירוק נענע,גרמים,75.00,100 גרם,false,0,46.00,61.33,true,1,
7290006267733,false,פנינים תבור לבן מבעבע750,יקב תבור,IL,"תבור פנינים לבן 750 מ""ל",מיליליטרים,750.00,"100 מ""ל",false,0,43.90,5.85,true,1,
7290006271174,false,ג'חנון לאפיה בתנור מעדנות 700 גרם,מיוצר עי קונדיטוריית,IL,ג'חנון בצק,גרמים,700.00,100 גרם,false,0,20.00,2.86,true,1,
7290006271761,false,מיני ג'חנון אפוי מעדנות 600 גרם,מיוצר עי קונדיטוריית,IL,מיני ג'חנון אפוי 600 גרם,גרמים,600.00,100 גרם,false,0,23.20,3.87,true,1,
7290006364142,false,מי סודה קינלי 1.5*4 ליטר,החברה המרכזית לייצור משקאות,IL,מי סודה קינלי 1.5*4 ליטר,ליטרים,6.00,ליטר,false,0,14.00,2.33,true,1,
7290006374660,false,שמן זית כתית לתיבול קלאסי יד מרדכי 1 ליטר,מכוורת יד מרדכי שטראוס ב,IL,שמן זית 2 קלאסי,ליטרים,1.00,ליטר,false,0,47.90,47.90,true,1,
7290006390752,false,חלה מתוקה עגולה 500 גרם,"גידרון תעשיות בע""מ",IL,חלה מתוקה עגול,יחידה,1.00,יחידה,false,0,10.70,10.70,true,1,
7290006429407,false,בייבי טעמן מחית בננה ותפוחי עץ 3 מארז 190X6ג',טעמן,IL,מארז מחית בייבי,קילוגרמים,1.14,"ק""ג",false,0,25.40,22.28,true,1,
7290006492432,false,גבינת מוצרלה בייבי 18% גד 150 גרם,מחלבות גד בעמ,IL,גבינה מוצרלה בייבי 150גר,גרמים,150.00,100 גרם,false,0,14.90,9.93,true,1,
7290006492616,false,גבינה בולגרית מעודנת פרוסות 5% גד 250 גרם,DSH עבור מחלבות גד ב,IL,פרוסות גב. בולגר5%. 250ג,גרמים,250.00,100 גרם,false,0,25.90,10.36,true,1,
7290006492852,false,גבינת עיזים למריחה 5% שומן 250 ג' גד,גבינות מדף,IL,גבינת עיזים גד,גרמים,250.00,100 גרם,false,0,16.90,6.76,true,1,
7290006494917,false,וופל במילוי קרם בטעם שוקולד ללא תוספת סוכר,"איטיליאן פוד, אס.פי.",IL,ופלים שוקולד,גרמים,200.00,100 גרם,false,0,9.60,4.80,true,1,
7290006511157,false,פטריות שמפיניון שלמות ויליפוד,אוקצ'מפס אס.איי אויי,PL,פטריות שלמות,גרמים,400.00,100 גרם,false,0,8.10,2.03,true,1,
7290006546371,false,במיה 600 גרם פרי הגליל,"פרי הגליל בע""""מ",IL,במיה מוקפא,גרמים,600.00,100 גרם,false,0,14.20,2.37,true,1,
7290006618146,false,"מדליק פחמים נוזלי הפי יעקבי 500 מ""ל",תות תעשיות מזון (201,NL,הפי מדליק פחם,מיליליטרים,500.00,"100 מ""ל",false,0,15.70,3.14,true,1,
7290006644589,false,משקה קל אשכוליות דיאט 2ל,יפאורה שותפות מובגלת לשיווק,IL,משקה קל אשכוליות דיאט 2ל,ליטרים,2.00,ליטר,false,0,3.60,1.80,true,1,
7290006644596,false,קריסטל אקזוטי מוגז 2ליטר,יפאורה שותפות מובגלת לשיווק,IL,קריסטל אקזוטי מוגז 2ליטר,ליטרים,2.00,ליטר,false,0,3.50,1.75,true,1,
7290006644626,false,ספרינג פירות טרופיים1.5ל,יפאורה שותפות מובגלת לשיווק,IL,משקה ספרינג,ליטרים,1.50,ליטר,false,0,6.30,4.20,true,1,
7290006644732,false,ספרינג פירות טרופיים 1 ל,יפאורה שותפות מובגלת לשיווק,IL,ספרינג פירות טרופיים 1 ל,ליטרים,1.00,ליטר,false,0,4.90,4.90,true,1,
7290006644763,false,משקה אר סי למון ליים,יפאורה שותפות מובגלת לשיווק,US,RCQ דיאט 4 יח,ליטרים,6.00,ליטר,false,0,17.70,2.95,true,1,
7290006644848,false,ספרינג תפוחים דיאט 1ליטר,יפאורה שותפות מובגלת לשיווק,IL,ספרינג תפוחים דיאט 1ליטר,ליטרים,1.00,ליטר,false,0,4.90,4.90,true,1,
7290006651396,false,"שמפו ד""ר פישר קידס 750מל",פישר מעבדות פרמצבטיות,IL,שמפו קידס,מיליליטרים,750.00,"100 מ""ל",false,0,21.00,2.80,true,1,
7290006651402,false,"מרכך ד""ר פישר קידס 750מל",פישר מעבדות פרמצבטיות,IL,מרכך קידס,מיליליטרים,750.00,"100 מ""ל",false,0,21.00,2.80,true,1,
7290006652027,false,במבה חטיף בוטנים אסם 20*15 גרם,מיוצר עי קונדיטוריית,IL,במבה 20 יח',גרמים,300.00,100 גרם,false,0,24.20,8.07,true,1,
7290006653819,false,פתיתי קוסקוס דק 350 גרם,"מיוצר ע""י קוד יצרן K",IL,קוסקוס דק,גרמים,350.00,100 גרם,false,0,7.90,2.26,true,1,
7290006653857,false,"ארנבונים חטיף תפו""א 40גר","אסם תעשיות בע""מ",IL,"ארנבונים חטיף תפו""א 40גר",גרמים,40.00,100 גרם,false,0,4.50,11.25,true,1,
7290006664037,false,גמדים דגנים ארוחת בוקר מארז 100X4ג',"שטראוס בריאות בע""\מ",IL,סופר גמדים דגנים 100*4גר,גרמים,400.00,100 גרם,false,0,10.90,2.73,true,1,
7290006664167,false,סימפוניה+שום שמיר3% 200ג,שטראוס,IL,סימפוניה+שום שמיר3% 200ג,גרמים,200.00,100 גרם,false,0,11.30,5.65,true,1,
7290006664310,false,גבינה לבנה 3% שומן 250 ג' שטראוס,מיוצר עי קונדיטוריית,IL,גבינת סקי3% 250 גרם,גרמים,250.00,100 גרם,false,0,5.00,2.00,true,1,
7290006664358,false,דנונה דיאט רום צימוק150ג,שטראוס,IL,דנונה דיאט,גרמים,150.00,100 גרם,false,0,4.80,3.20,true,1,
7290006664402,false,גבינה לבנה סקי 5% שומן 750 גרם,מיוצר עי קונדיטוריית,IL,גבינת סקי5% 750 גרם,גרמים,750.00,100 גרם,false,0,14.40,1.92,true,1,
7290006664532,false,יוגורט עם תות 3% שומן 150 ג' דנונה,מיוצר עי קונדיטוריית,IL,דנונה תות 3%,גרמים,150.00,100 גרם,false,0,4.80,3.20,true,1,
7290006664631,false,"אקטימל תות דיסני 8 יח' * 100 מ""ל","שטראוס בריאות בע""\מ",IL,אקטימל תות 8 יח',מיליליטרים,800.00,"100 מ""ל",false,0,21.90,2.74,true,1,
7290006664655,false,"אקטימל לבן טבעי מארז 100X8 מ""ל",מיוצר עי קונדיטוריית,IL,אקטימל לבן 8 יח,מיליליטרים,800.00,"100 מ""ל",false,0,21.90,2.74,true,1,
7290006664693,false,יוגורט עם אפרסק 3% שומן 150 ג' דנונה,מיוצר עי קונדיטוריית,IL,דנונה אפרסק %3,גרמים,150.00,100 גרם,false,0,4.80,3.20,true,1,
7290006664969,false,יוגורט מת.מעודן2% 150*8ג,STRAUSS-ISRAEL,IL,דנונה מעודן 2%,קילוגרמים,1.20,"ק""ג",false,0,18.50,15.42,true,1,
7290006664990,false,"יוגורט דנונה ביו לבן 1.7% שומן 8*150 מ""ל",מיוצר עי קונדיטוריית,IL,דנונה ביו 8 יח',קילוגרמים,1.20,"ק""ג",false,0,17.50,14.58,true,1,
7290006681003,false,גלידה תות לימון סורבה 1.33 ל' קרמיסימו,"גלידת שטראוס בע""\מ, רחוב",IL,סורבט תות לימון קרמ1.33.,ליטרים,1.33,ליטר,false,0,20.90,15.71,true,1,
7290006681577,false,מאגדת קרחון אסקימו לימון דובדובן 10 יח' שטראוס,"מיוצר ע""\י גלידת שטראוס",IL,אסקימו לימון דובדבן 8+2,גרמים,700.00,100 גרם,false,0,17.50,2.50,true,1,
7290006738097,false,סלמי מעושן איטלקי דק 150,זוגלובק,IL,סלמי מעושן דק דק,גרמים,150.00,100 גרם,false,0,15.10,10.07,true,1,
7290006739186,false,"שניצל תירס קלאסי 2 ק""ג",זוגלובק,IL,שניצל תירס קלאסי,קילוגרמים,2.00,"ק""ג",false,0,54.90,27.45,true,1,
7290006739346,false,נקניקיות פרגיות טרי 400 גרם זוגלובק,נקניק נהריה כשר זוגל,IL,נקניקיות פרגיות 400 גרם,גרמים,400.00,100 גרם,false,0,17.90,4.48,true,1,
7290006739414,false,נקניק סלמי קוניאק זוגלובק 300 גרם,נקניק נהריה כשר זוגל,IL,סלמי קוניאק 300 גרם,גרמים,300.00,100 גרם,false,0,28.30,9.43,true,1,
7290006739421,false,נקניק סלמי מעושן איטלקי זוגלובק 300 גרם,נקניק נהריה כשר זוגל,IL,סלמי מעושן איטלקי 300 גר,גרמים,300.00,100 גרם,false,0,29.50,9.83,true,1,
7290006739544,false,נקניק כתף בקר 3% 300 גרם,זוגלובק,IL,כתף בקר 300 גרם,גרמים,300.00,100 גרם,false,0,32.30,10.77,true,1,
7290006739681,false,חטיפי תירס קלאסי 600 גרם,זוגלובק,IL,חטיפי תירס קלאסי 600 גרם,גרמים,600.00,100 גרם,false,0,30.30,5.05,true,1,
7290006741387,false,"מלאווח תימני זוגלובק 700 ג' בד""צ",נקניק נהריה כשר זוגל,IL,"מלוואח תימני בד""צ 700 גר",גרמים,700.00,100 גרם,false,0,15.80,2.26,true,1,
7290006742162,false,המבורגר מזרחי זוגלובק 400 גרם,נקניק נהריה כשר זוגל,IL,המבורגר מזרחי 400 גרם,גרמים,400.00,100 גרם,false,0,22.90,5.73,true,1,
7290006742292,false,פסטרמה הודו בדבש 330 ג' זוגלובק,נקניק נהריה כשר זוגל,IL,פסטרמה בדבש,גרמים,330.00,100 גרם,false,0,30.10,9.12,true,1,
7290006742315,false,פסטרמה חזה הודו ברביקיו 2% זוגלובק 330 גרם,נקניק נהריה כשר זוגל,IL,חזה הודו ברביקיו,גרמים,330.00,100 גרם,false,0,30.10,9.12,true,1,
7290006742339,false,פסטרמה חזה עוף מעושן,נקניק נהריה כשר זוגל,IL,פסטרמה חזה עוף,גרמים,330.00,100 גרם,false,0,30.10,9.12,true,1,
7290006755469,false,שניצל תירס לייט 630 גרם,טבעול,IL,שניצל תירס לייט,גרמים,630.00,100 גרם,false,0,27.80,4.41,true,1,
7290006764058,false,"בירה לבנה נשר בקבוק חוזר 500 מ""ל","טמפו משקאות בע""\מt\",IL,בירה נשר לבן בק.חוזר500מ,מיליליטרים,500.00,"100 מ""ל",false,0,5.30,1.06,true,1,
7290006764065,false,בירה נשר מאלט ללא אלכוהול 500 מל,"טמפו משקאות בע""\ם.",IL,בירה נשר מאלט,מיליליטרים,500.00,"100 מ""ל",false,0,4.90,0.98,true,1,
7290006764072,false,"בירה גולדסטאר בקבוק 500 מ""ל חוזר","טמפו משקאות בע""\מ",IL,"גולדסטאר בק.חוזר 500 מ""ל",מיליליטרים,500.00,"100 מ""ל",false,0,8.40,1.68,true,1,
7290006764348,false,בירה שחורה מאלט סטאר,טמפו 7.5%,IL,מאלטסטאר 1.5 ליטר,ליטרים,1.50,ליטר,false,0,7.90,5.27,true,1,
7290006770370,false,"מרק טעם עוף שקית 1 ק""ג",פרי גליל,IL,מרק טעם עוף,קילוגרמים,1.00,"ק""ג",false,0,12.90,12.90,true,1,
7290006775047,false,עוגת שוקולד אחוה 450 גרם,אחדות ביחר לטחינה חל,IL,עוגת שוקולד,גרמים,450.00,100 גרם,false,0,8.90,1.98,true,1,
7290006775085,false,עוגת שמרים במילוי שוקולד אחוה,אחדות ביחר לטחינה חל,IL,עוגת שמרים,גרמים,400.00,100 גרם,false,0,11.60,2.90,true,1,
7290006788016,false,"שמפו לשיער יבש 700 מ""ל קרליין",מיוצר עי : אמיליה קוסמטי,IL,שמפו 10 לשיער,מיליליטרים,700.00,"100 מ""ל",false,0,9.90,1.41,true,1,
7290006788030,false,"שמפו לתלתלים מלאי חיים 700 מ""ל קרליין",מיוצר עי : אמיליה קוסמטי,IL,שמפו 10 לשיער,מיליליטרים,700.00,"100 מ""ל",false,0,9.90,1.41,true,1,
7290006788061,false,"מרכך קרליין 10 לשיער רגיל 700 מ""ל",מיוצר עי : אמיליה קוסמטי,IL,מרכך קרליין,מיליליטרים,700.00,"100 מ""ל",false,0,9.90,1.41,true,1,
7290006788689,false,שמפו ומרכך לשיער קרל,קרליין,IL,"שמפו ""10"" 2ב1-",מיליליטרים,700.00,"100 מ""ל",false,0,9.90,1.41,true,1,
7290006822192,false,נקטר דיאט חמוציות אושן ספריי פריגת 1 ליטר,מבשלות בירה בינלאומיות ב,IL,נקטר חמוציות דיאט 1 ליטר,ליטרים,1.00,ליטר,false,0,12.00,12.00,true,1,
7290006822840,false,בירה שחורה מאלטי 1.5,מבשלות בירה בינלאומיות ב,IL,מאלטי 1.5 ליטר,ליטרים,1.50,ליטר,false,0,8.10,5.40,true,1,
7290006822857,false,בירה דיאט מאלטי בק 1,מבשלות בירה בינלאומיות ב,IL,מאלטי דיאט 1.5 ליטר,ליטרים,1.50,ליטר,false,0,8.10,5.40,true,1,
7290006983152,false,קרוטונים מתובלים למרק אסם 400 גרם,עינת תעשיות מזון אגו,IL,קרוטונים מתובלים,גרמים,400.00,100 גרם,false,0,19.40,4.85,true,1,
7290006983176,false,אוסם - לחמית שיפון 250 גרם,"אסם השקעות בע""\מ",IL,לחמית שיפון אסם,גרמים,230.00,100 גרם,false,0,8.10,3.52,true,1,
7290006983763,false,עוגת הבית שוקולד אסם 400 גרם,מיוצר עי קונדיטוריית,IL,עוגת שוקולד,גרמים,400.00,100 גרם,false,0,12.90,3.23,true,1,
7290006983770,false,עוגת הבית שיש אסם 400 גרם,מיוצר עי קונדיטוריית,IL,עוגת שיש,גרמים,400.00,100 גרם,false,0,12.90,3.23,true,1,
7290006983787,false,עוגת הבית שוקולד צ'יפס אסם 400 גרם,מיוצר עי קונדיטוריית,IL,עוגת שוקוצ'יפס,גרמים,400.00,100 גרם,false,0,12.90,3.23,true,1,
7290006983794,false,עוגת הבית בטעם תפוז אסם 400 גרם,מיוצר עי קונדיטוריית,IL,עוגת תפוז,גרמים,400.00,100 גרם,false,0,12.90,3.23,true,1,
7290006992161,false,מטרנה - דייסת קורנפלור פרוביוטי 200 גרם,מולינו ניקולי s.p.a,IL,דייסת מטרנה,גרמים,200.00,100 גרם,false,0,14.20,7.10,true,1,
7290006992185,false,"מטרנה - דייסת אורז פרוביוטי כשל""פ 200 גרם",מולינו ניקולי s.p.a,IL,דייסת אורז,גרמים,200.00,100 גרם,false,0,14.20,7.10,true,1,
7290006992192,false,דייסה מטרנה סולת פרוביוטיקה,מטרנה תעשיות ש.מ,IL,דייסת סולת מטרנה,גרמים,200.00,100 גרם,false,0,14.20,7.10,true,1,
7290006992208,false,מטרנה דייסת 8 דגנים מעורבים 200 גרם,מטרנה תעשיות ש.מ,IL,דייסת מטרנה,גרמים,200.00,100 גרם,false,0,14.20,7.10,true,1,
7290006992390,false,"מטרנה - דייסת וניל פרוביוטי כשל""פ 200 גרם",מולינו ניקולי s.p.a,IL,דייסת וניל מטרנה,גרמים,200.00,100 גרם,false,0,14.20,7.10,true,1,
7290008021050,false,שמפו פינוק יבש מאוד700מל,יוניליוור ישראל טיפוח אי,IL,שמפו פינוק,מיליליטרים,700.00,"100 מ""ל",false,0,13.20,1.89,true,1,
7290008021067,false,"שמפו פינוק עדין 700 מ""ל",יוניליוור,IL,שמפו פינוק,מיליליטרים,700.00,"100 מ""ל",false,0,13.20,1.89,true,1,
7290008021098,false,"שמפו פינוק קשקשים 700מ""ל",יוניליוור,IL,שמפו פינוק,מיליליטרים,700.00,"100 מ""ל",false,0,13.20,1.89,true,1,
7290008021104,false,"מרכך פינוק רגיל 700 מ""ל",יוניליוור ישראל טיפוח אי,IL,מרכך שיער פינוק,מיליליטרים,700.00,"100 מ""ל",false,0,13.20,1.89,true,1,
7290008021111,false,מרכ.פינוק יבש מאוד 700מל,יוניליוור ישראל טיפוח אי,IL,מרכך שיער פינוק,מיליליטרים,700.00,"100 מ""ל",false,0,13.20,1.89,true,1,
7290008021142,false,שמפו פינוק 2ב1- יבש 700מ,יוניליוור ישראל טיפוח אי,IL,שמפו ומרכך פינוק,מיליליטרים,700.00,"100 מ""ל",false,0,13.20,1.89,true,1,
7290008154222,false,שניצלונים עוף טוב 700 גרם,"מוצרי עוף טוב (2001) בע""",IL,שניצלונים 700ג,גרמים,700.00,100 גרם,false,0,21.00,3.00,true,1,
7290008183505,false,ממרח טעם שוקולד בדלי 1קג,,,ממרח טעם שוקולד בדלי 1קג,קילוגרמים,1.00,"ק""ג",false,0,13.60,13.60,true,1,
7290008190640,false,אגו ופל אגוזים לבן 130גר,קריות זול,IL,אגו אצבעות וופל,גרמים,130.00,100 גרם,false,0,9.90,7.62,true,1,
7290008213493,false,משחה קולגייט להלבנה 100מ,הנסיך- מפעל לייצור ט,PL,משחה קולגייט להלבנה 100מ,מיליליטרים,100.00,"100 מ""ל",false,0,19.10,19.10,true,1,
7290008257404,false,מד חום דיגיטלי מצפצף,אריסטוקרט,IL,מד חום דיגיטלי,יחידה,1.00,יחידה,false,0,17.90,17.90,true,1,
7290008257459,false,אלכוהול רפואי 70% 100 סמ,אריסטוקרט,IL,אלכוהול רפואי 70% 100 סמ,מיליליטרים,100.00,"100 מ""ל",false,0,6.00,6.00,true,1,
7290008333115,false,אבקת ג'לטין טהור נטו 28 גרם,מאיר עזרא ובניו,IL,אבקת ג'לטין,גרמים,28.00,100 גרם,false,0,9.70,34.64,true,1,
7290008335553,false,קובה במילוי בשר 600 גרם,האי נאם סי או אל.טי.,IL,קובה בשר 600גר,גרמים,600.00,100 גרם,false,0,16.90,2.82,true,1,
7290008335560,false,סיגרים במילוי בשר 600גרם,האי נאם סי או אל.טי.,IL,סיגרים במילוי בשר 600גרם,גרמים,600.00,100 גרם,false,0,16.90,2.82,true,1,
7290008335584,false,"סיגרים במילוי תפו""א 600ג",האי נאם סי או אל.טי.,IL,"סיגרים במילוי תפו""א 600ג",גרמים,600.00,100 גרם,false,0,19.20,3.20,true,1,
7290008343466,false,בצק פילו 500 גרם שלושת האופים,שלושת האופים שגמור,IL,בצק פילו 500 גרם,גרמים,500.00,100 גרם,false,0,22.50,4.50,true,1,
7290008343503,false,ג'חנון תימני אפוי 3האופים 650 ג',שלושת האופים,IL,ג'חנון אפוי 650 גרם,גרמים,650.00,100 גרם,false,0,22.20,3.42,true,1,
7290008343565,false,"סיגרים תפו""א 1 ק""ג שלושת האופים","שלושת האופים בע""\מ",IL,סיגרים תפו'א 1 ק'ג שלוש,קילוגרמים,1.00,"ק""ג",false,0,22.90,22.90,true,1,
7290008345576,false,סלט איקרה ביתית לבנה 300 גרם דלידג,כלורוקס אוקלנד,IL,איקרה ביתית לבנה,גרמים,300.00,100 גרם,false,0,15.30,5.10,true,1,
7290008345583,false,איקרה ביתית ורוד 300 גרם דלידג,כלורוקס אוקלנד,IL,איקרה ביתית ורודה 300 גר,גרמים,300.00,100 גרם,false,0,15.30,5.10,true,1,
7290008409049,false,שניצלונים בציפוי שומשום מיני מיני דק מאמא עוף 500 גרם,תנובה גליל שותפות מוגבלת,IL,מיני דק שניצל שומשום,גרמים,500.00,100 גרם,false,0,28.20,5.64,true,1,
7290008409124,false,שניצל ג'ונגל פריך 700 ג' מאמא עוף,תנובה גליל שותפות מוגבלת,IL,שניצל ג'ונגל 700 גרם,גרמים,700.00,100 גרם,false,0,37.30,5.33,true,1,
7290008409216,false,שניצל דק דק פריך מאמא עוף 700 גרם,תנובה גליל,IL,שניצל דק דק פריך 700 גרם,גרמים,700.00,100 גרם,false,0,42.10,6.01,true,1,
7290008409551,false,שניצל עוף אמיתי בציפוי מעודן 700 ג' מאמא עוף,תנובה גליל שותפות מוגבלת,IL,שניצל עוף אמיתי מעודן700,גרמים,700.00,100 גרם,false,0,42.40,6.06,true,1,
7290008443616,false,"מרכך לשיער יבש אדום נקה 7 750 מ""ל","אמיליה קוסמטיקס בע""מ",IL,קונדישנר נקה 7,מיליליטרים,750.00,"100 מ""ל",false,0,11.90,1.59,true,1,
7290008443630,false,"שמפו לשיער מתולתל סגול נקה 7 750 מ""ל",אמיליה קוסמטיקס בע'\'\מ,IL,שמפו נקה 7,מיליליטרים,750.00,"100 מ""ל",false,0,11.90,1.59,true,1,
7290008443647,false,"מרכך לשיער מתולתל סגול, 750 מ""ל נקה 7","אמיליה קוסמטיקס בע""מ",IL,קונדישנר נקה 7,מיליליטרים,750.00,"100 מ""ל",false,0,11.90,1.59,true,1,
7290008464468,false,"בירה גולדסטאר, פחית 500 מ""ל","טמפו משקות בע""\מ",IL,בירה גולדסטאר,מיליליטרים,500.00,"100 מ""ל",false,0,10.50,2.10,true,1,
7290008464512,false,ג'אמפ מוגז אשכ.אדומה1.5ל,טמפו,IL,ג'אמפ מוגז אשכ.אדומה1.5ל,ליטרים,1.50,ליטר,false,1,6.90,4.60,true,1,
7290008464529,false,ג'אמפ מוגז ענבים 1.5ל,טמפו,IL,ג'אמפ מוגז ענבים 1.5ל,ליטרים,1.50,ליטר,false,1,6.90,4.60,true,1,
7290008464536,false,ג'אמפ מוגז תפוחים 1.5ל,טמפו,IL,ג'אמפ מוגז תפוחים 1.5ל,ליטרים,1.50,ליטר,false,1,6.90,4.60,true,1,
7290008464604,false,"בירה הייניקן פחית 500 מ""ל",טמפו משקאות בע''מ,NL,"בירה הייניקן פחית 500מ""ל",מיליליטרים,500.00,"100 מ""ל",false,0,13.50,2.70,true,1,
7290008464741,false,"בירה גולדסטאר, מארז שישייה, בקבוק 330 מ''ל","טמפו משקאות בע""\מ",IL,גולדסטאר 6 יח',ליטרים,1.98,ליטר,false,0,41.50,20.96,true,1,
7290008464796,false,"בירה היינקן, מארז שישייה, בקבוק 330 מ''ל",טמפו משקאות בע''מ,IL,בירה הייניקן 6יח,ליטרים,1.98,ליטר,false,0,55.20,27.88,true,1,
7290008469487,false,פילה מדומה חלק ב.יוסף קג,לחוביץ,XX,בשר פילה מדומה,קילוגרמים,0.00,"ק""ג",true,0,39.90,39.90,true,1,
7290008493314,false,בייגלה שמיניות מלוח400גר,מאיר את ביגל,IL,בייגלה שמיניות,גרמים,400.00,100 גרם,false,0,9.90,2.48,true,1,
7290008493345,false,בייגלה מקלות 400 גרם,מאיר את ביגל,IL,בייגלה מקלות,גרמים,400.00,100 גרם,false,0,9.90,2.48,true,1,
7290008493376,false,בייגלה מקלות שומשום330גר,מאיר את ביגל,IL,בייגלה מקלות,גרמים,330.00,100 גרם,false,0,9.90,3.00,true,1,
7290008493390,false,גריסיני קלאסי מאיר ב,חטיפים מלוחים 2 ב-16,IL,גריסיני טבעי,גרמים,200.00,100 גרם,false,0,10.90,5.45,true,1,
7290008493406,false,גריסיני שומשום 175 גרם,מאיר את ביגל,IL,גריסיני שומשום,גרמים,175.00,100 גרם,false,0,10.90,6.23,true,1,
7290008493413,false,פירורי לחם מאיר בייגל פירורי גריסיני 200 גרם,מאיר את ביגל,IL,פירורי גריסיני,גרמים,200.00,100 גרם,false,0,7.00,3.50,true,1,
7290008493499,false,בייגלה שטוחל'ה מלח350גרם,מאיר את ביגל,IL,בייגלה שטוחל'ה,גרמים,350.00,100 גרם,false,0,10.50,3.00,true,1,
7290008493574,false,בייגלה שטוחלה פינוקים300,מאיר את ביגל,IL,שטוחלה פינוקים,גרמים,300.00,100 גרם,false,0,10.50,3.50,true,1,
7290008644112,false,סלט מטבוחה יום יום אחלה 125 גרם,"שטראוס גרופ בע""\מ",IL,סלט מטבוחה יום יום 125גר,גרמים,125.00,100 גרם,false,0,5.30,4.24,true,1,
7290008690713,false,נקטר חמוציות אושן ספריי פריגת 1 ליטר,מבשלות בירה בינלאומיות ב,IL,נקטר חמוציות טבעי 1 ליטר,ליטרים,1.00,ליטר,false,0,12.00,12.00,true,1,
7290008693134,false,מעדן גבינה ויוגורט בטעם תות 5% שומן 88 ג' דניאלה,"שטראוס בריאות בע""מ",IL,דניאלה תות מוקצף,מיליליטרים,150.00,"100 מ""ל",false,0,4.00,2.67,true,1,
7290008747424,false,שוקולד במילוי תות 100גרם,STRAUSS-ISRAEL,IL,שוקולד במלוי תות,גרמים,100.00,100 גרם,false,0,5.70,5.70,true,1,
7290008747431,false,שוקולד פרה במילוי תות50ג,שטראוס גרופ,IL,שוקולד פרה תות,גרמים,50.00,100 גרם,false,0,4.50,9.00,true,1,
7290008747516,false,צ'יטוס איקס עיגול 15*10ג,עלית,IL,צ'יטוס 10 יח',גרמים,150.00,100 גרם,false,0,10.40,6.93,true,1,
7290008749954,false,טוב טעם מגדים 20 יחידות,STRAUSS-ISRAEL,IL,חטיפי וופל,גרמים,30.00,100 גרם,false,0,26.40,88.00,true,1,
7290008750400,false,שוקולד לבן+עוגיות100 גרם,STRAUSS-ISRAEL,IL,שוקולדלבן עוגיות,גרמים,100.00,100 גרם,false,0,5.70,5.70,true,1,
7290008750677,false,שוקולד פרה במילוי תות 100 גרם ממולדה,שטראוס גרופ,IL,שוקולד חלב,גרמים,100.00,100 גרם,false,0,5.70,5.70,true,1,
7290008753982,false,שוקולד חלב אוורירי 85גרם,STRAUSS-ISRAEL,IL,שוקולד אוורירי,גרמים,85.00,100 גרם,false,0,5.70,6.71,true,1,
7290008754040,false,ממרח בטעם שוקולד פרה מגדים עלית 850 גרם,שטראוס גרופ,IL,ממרח בטעם שוקולד,גרמים,850.00,100 גרם,false,0,17.30,2.04,true,1,
7290008757072,false,שוופס תות מוגז פחית330מל,יפאורה שותפות מובגלת לשיווק,IL,שוופס תות מוגז פחית330מל,מיליליטרים,330.00,"100 מ""ל",false,0,5.60,1.70,true,1,
7290008757386,false,"מיץ פז ענבים פחית 330 מ""ל",יפאורה שותפות מובגלת לשיווק,IL,פחית מיץ פז ענבים 330 מ,מיליליטרים,330.00,"100 מ""ל",false,0,3.30,1.00,true,1,
7290008757591,false,"RC Q לימון פחית 330 מ""ל",יפאורה שותפות מובגלת לשיווק,IL,"RC Q לימון פחית 330 מ""ל",מיליליטרים,330.00,"100 מ""ל",false,0,3.40,1.03,true,1,
7290008757607,false,"RC Q אורנג' פחית 330 מ""ל",יפאורה שותפות מובגלת לשיווק,IL,"RC Q אורנג' פחית 330 מ""ל",מיליליטרים,330.00,"100 מ""ל",false,0,3.40,1.03,true,1,
7290008757720,false,קולה R.C דיאט 1.5*4 ליטר,יפאורה שותפות מובגלת לשיווק,US,קולה RC דיאט 4יח,ליטרים,6.00,ליטר,false,0,17.10,2.85,true,1,
7290008757980,false,קרטונית ספרינג נקטר רימונים 1 ליטר,יפאורה שותפות מובגלת לשיווק,IL,נקטר ספרינג רימונים 1 ל',ליטרים,1.00,ליטר,false,0,4.90,4.90,true,1,
7290008775731,false,"רוטב וינגרט קלאסי 290מ""ל",אסם,IL,רוטב ויניגרט אסם,מיליליטרים,290.00,"100 מ""ל",false,0,10.90,3.76,true,1,
7290008801454,false,"יין היובל ישן נושן650מ""ל",יקבי כרמל,IL,יין ישן נושן,מיליליטרים,650.00,"100 מ""ל",false,0,15.90,2.45,true,1,
7290008801461,false,"יין הנצחון לקידוש, 750 מ""ל",יקבי כרמל Carmel Winery,IL,יין הנצחון,מיליליטרים,750.00,"100 מ""ל",false,0,22.10,2.95,true,1,
7290008801522,false,יין קינג דויד קונקורד אדום מתוק 750 מל,אגודת הכורמים הקואופרטיב,IL,יין קונקורד,מיליליטרים,750.00,"100 מ""ל",false,0,26.40,3.52,true,1,
7290008801539,false,יין כרמל 120 קינג דיוויד יקבי כרמל,אגודת הכורמים הקואופרטיב,IL,קינג דיוויד,מיליליטרים,750.00,"100 מ""ל",false,0,25.10,3.35,true,1,
7290008801843,false,"יין קברנה סוביניון סלקטד כרמל 750 מ""ל","כד בני דרום בע""מ",IL,קברנה סוביניון,מיליליטרים,750.00,"100 מ""ל",false,0,29.60,3.95,true,1,
7290008801850,false,סלקטד אמרלד ריזלינג לבן חצי יבש 750 מל,אגודת הכורמים הקואופרטיב,IL,אמרלד ריזלינג,מיליליטרים,750.00,"100 מ""ל",false,0,32.20,4.29,true,1,
7290008803014,false,"כרמל הוק אורגינל 750 מ""ל",יקבי כרמל,IL,כרמל הוק אורגינל,מיליליטרים,750.00,"100 מ""ל",false,0,23.00,3.07,true,1,
7290008804462,false,יין מוסקט קינוח פרייבט קולקשן יקבי כרמל,אגודת הכורמים הקואופרטיב,IL,מוסקט קינוח,מיליליטרים,500.00,"100 מ""ל",false,0,38.30,7.66,true,1,
7290008806961,false,גלידה שוקולד שבבי שוקולד פרה 1.33 ל' קרמיסימו,"גלידת שטראוס בע""\מ, רחוב",IL,קרמיסימו פרה שוקולד1.33ל,ליטרים,1.33,ליטר,false,0,20.90,15.71,true,1,
7290008849876,false,רוטב פסטה נפוליטני 420גר,אוליביה,IL,רוטב פסטה,גרמים,420.00,100 גרם,false,0,13.00,3.10,true,1,
7290008909440,false,פאנטה אורנג' מנגו 1.5 ל',החברה המרכזית לייצור משקאות,IL,פאנטה אורנג',ליטרים,1.50,ליטר,false,0,6.90,4.60,true,1,
7290008909860,false,קוקה קולה זירו 1.5 ליטר,החברה המרכזית לייצור משקאות,IL,קוקה קולה ZERO 1.5 ליטר,ליטרים,1.50,ליטר,false,0,7.00,4.67,true,1,
7290008909877,false,קוקה קולה זירו בקבוק,החברה המרכזית לייצור משקאות,IL,קולה זירו 6 יח,ליטרים,9.00,ליטר,false,0,36.90,4.10,true,1,
7290008945202,false,גלילונית שקיות אשפה ענק 90/75 50 יח,"קילט ניהול פרוייקטים בע""מ",IL,גלילונית למשרד,יחידה,1.00,יחידה,false,0,16.90,16.90,true,1,
7290008975551,false,תחליף חלב מטרנה מהדרין שלב 3 חלבי 700 גרם,מולינו ניקולי s.p.a,IL,מטרנה מהדרין 3,גרמים,700.00,100 גרם,false,0,52.90,7.56,true,1,
7290008989169,false,"אורז תפוח בשקית בטר אנד דיפרנט 500 גרם לל""ג",בטר אנד דיפרנט,IL,אורז תפוח,גרמים,500.00,100 גרם,false,0,15.30,3.06,true,1,
7290009398618,true,סופגנ.מטוגנ.קפוא+ריבה80ג,גידרון,IL,סופגניה עם ריבה,גרמים,80.00,100 גרם,false,0,3.00,3.75,true,1,
7290009398687,true,דונטס מטוגן,גידרון,IL,דונטס,יחידה,1.00,יחידה,false,0,3.00,3.00,true,1,
7290009398786,true,מארז פיתות אסלית 5יח100*,מאפיית אנג'ל,IL,חמישיית פיתות,גרמים,500.00,100 גרם,false,0,5.90,1.18,true,1,
7290009950717,true,סופגניה גדולה מצופה יח',גידרון,IL,סופגניה מצופה,יחידה,1.00,יחידה,false,0,4.00,4.00,true,1,
7290010002047,false,תבלין מלח לימון תבליני מימון 200 גרם,א.ל ייצור ושיווק תבלינים,IL,מלח לימון,גרמים,200.00,100 גרם,false,0,9.90,4.95,true,1,
7290010003686,false,עלי דפנה בשקית תבליני מימון20 גרם,א.ל ייצור ושיווק תבל,IL,עלי דפנה בשקית 20 גרם,גרמים,20.00,100 גרם,false,0,7.80,39.00,true,1,
7290010003754,false,כמון טחון בשקית תבליני תבליני מימון 50 גרם,א.ל ייצור ושיווק תבל,IL,כמון טחון,גרמים,50.00,100 גרם,false,0,7.80,15.60,true,1,
7290010003839,false,קינמון טחון בשקית תבליני מימון 80 גרם,א.ל ייצור ושיווק תבל,IL,קינמון טחון בשקית 80 גרם,גרמים,80.00,100 גרם,false,0,7.80,9.75,true,1,
7290010023141,false,תה לימונענע הגן הקסום ויסוצקי 25 יחידות,תה ויסוצקי,IL,חליטת לימונענע,גרמים,55.00,100 גרם,false,0,17.60,32.00,true,1,
7290010023622,false,תה קלאסי עם נגיעות נענע ויסוצקי 100 יחידות,תה ויסוצקי,IL,תה קלאסיק+נענע,גרמים,100.00,100 גרם,false,0,19.50,19.50,true,1,
7290010065271,false,פרינוק - מחית תפוחי עץ 130 גרם,פרינוק,CZ,פרינוק מחית,גרמים,130.00,100 גרם,false,0,4.90,3.77,true,1,
7290010115938,false,פתיבר שוקו פריך עשיר500ג,STRAUSS-ISRAEL,IL,פתיבר שוקו,גרמים,500.00,100 גרם,false,0,10.00,2.00,true,1,
7290010116348,false,מיקס חטיפים מגדים 390 גר,"שטראוס גרופ בע""מ",IL,מיקס חטיפים מגדים 390 גר,גרמים,390.00,100 גרם,false,0,24.40,6.26,true,1,
7290010118113,false,שוש 10 * 20 גרם,עלית,IL,מארז שוש 10 יח,גרמים,200.00,100 גרם,false,0,10.50,5.25,true,1,
7290010119240,false,מארז תפוצ'יפס טבעי 216 גרם 12 יחידות,"שטראוס פריטו ליי בע""\מ )",IL,תפוצ'יפס טבעי 12יח18Xגרם,גרמים,216.00,100 גרם,false,0,16.60,7.69,true,1,
7290010129300,false,עוגיות רייף מרוקאיות 350 גרם,קונדטוריית אנגל,IL,עוגיות רייף מרוקאיות350ג,גרמים,350.00,100 גרם,false,0,16.10,4.60,true,1,
7290010129355,false,עוגיות אצבע תמר 600 גרם,ק.א. ומשווק בבלעדיות על,IL,עוגיות תמרים 600 גרם,גרמים,600.00,100 גרם,false,0,17.90,2.98,true,1,
7290010153510,false,בורגול יבש מיה 500 גר',מיה תעשיות מזון מ.ת.מ. ב,IL,בורגול,גרמים,500.00,100 גרם,false,0,9.00,1.80,true,1,
7290010153527,false,ג'ריש מיה 500 גרם,מיה תעשיות מזון מ.ת.מ. ב,IL,ג'ריש,גרמים,500.00,100 גרם,false,0,8.40,1.68,true,1,
7290010153534,false,קמח תירס מיה 400 גרם,מיה תעשיות מזון מ.ת.מ. ב,IL,קמח תירס,גרמים,400.00,100 גרם,false,0,6.90,1.73,true,1,
7290010153688,false,חומץ רכיבים טבעיים 1 ליטר,פרידמן תעשיות חומץ ו,IL,חומץ טבעי %5 1 ליטר,מיליליטרים,1000.00,"100 מ""ל",false,0,7.60,0.76,true,1,
7290010153817,false,ריבת חלב אמיתי מיה 400 גרם,מיה תעשיות מזון מ.ת.מ. ב,IL,ריבת חלב,גרמים,400.00,100 גרם,false,0,11.90,2.98,true,1,
7290010153909,false,"אורז בסמטי הודי ק''ג מיה 1 ק""ג",מיה תעשיות מזון מ.ת.מ. ב,IL,"אורז בסמטי הודי 1 ק""ג",קילוגרמים,1.00,"ק""ג",false,0,19.60,19.60,true,1,
7290010153916,false,"אורז ריזוטו עגול מיה 1 ק""ג",מיה תעשיות מזון מ.ת.מ. ב,IL,"אורז ריזוטו עגול 1 ק""ג",קילוגרמים,1.00,"ק""ג",false,0,11.60,11.60,true,1,
7290010154012,false,לימון בלאדי כבוש תבליני ביטון 250 גרם,תבליני יוחאי ביטון,IL,לימון בלאדי 250 גרם,גרמים,250.00,100 גרם,false,0,14.50,5.80,true,1,
7290010154029,false,אריסה מתוקה יוחאי ביטון 250 גרם,תבליני יוחאי ביטון,IL,אריסה מתוקה 250 גרם,גרמים,250.00,100 גרם,false,0,14.50,5.80,true,1,
7290010154241,false,סלט חזרת ריף ביטון 250 ג',תבליני יוחאי ביטון,IL,חזרת 250 גרם,גרמים,250.00,100 גרם,false,0,14.50,5.80,true,1,
7290010154418,false,סחוג אדום תבליני ביטון 130 גרם,תבליני יוחאי ביטון,IL,סחוג אדום 130 גרם,גרמים,130.00,100 גרם,false,0,9.90,7.62,true,1,
7290010154425,false,סחוג ירוק תבליני ביטון 130 גרם,תבליני יוחאי ביטון,IL,סחוג ירוק 130 גרם,גרמים,130.00,100 גרם,false,0,9.90,7.62,true,1,
7290010175048,false,מיץ בטעם לימון משומר 1 ליטר טעמן,טעמן,IL,מיץ לימון משומר 1 ליטר,ליטרים,1.00,ליטר,false,0,5.00,5.00,true,1,
7290010175055,false,חומץ 5% טעמן 1 ליטר,,IL,חומץ %5 1 ליטר,ליטרים,1.00,ליטר,false,0,3.90,3.90,true,1,
7290010175628,false,דגנים סוכר חום/קינמון400,,IL,דגנים סוכר חום/קינמון400,גרמים,400.00,100 גרם,false,0,10.60,2.65,true,1,
7290010175642,false,על הבוקר שוקו וניל 400גר,,IL,על הבוקר שוקו וניל 400גר,גרמים,400.00,100 גרם,false,0,10.60,2.65,true,1,
7290010175659,false,על הבוקר טבעות פירות400ג,,IL,על הבוקר טבעות פירות400ג,גרמים,400.00,100 גרם,false,0,10.60,2.65,true,1,
7290010175826,false,חמאת בוטנים עם שברי בוטנים טעמן 510 גרם,ניצה אס סיי,AR,חמאת בוטנ+שברי בוטנים510,גרמים,510.00,100 גרם,false,0,13.90,2.73,true,1,
7290010175840,false,לבבות דקל שלמים טעים 400 גרם,אינאקספו,UY,לבבות דקל שלם,גרמים,400.00,100 גרם,false,0,13.20,3.30,true,1,
7290010175857,false,פרוסות לבבות דקל במי מלח טעים 400 גרם,אינאקספו,EC,לבבות דקל פרוס,גרמים,400.00,100 גרם,false,0,9.70,2.43,true,1,
7290010176014,false,"מיץ לימון טבעי טעמן 1ל' בד""ץ",,IT,מיץ לימון סחוט טרי 1ליטר,ליטרים,1.00,ליטר,false,0,15.50,15.50,true,1,
7290010176212,false,נודלס בטעם עוף בכוס 65 גר' טעמן,זיזיאנג גרין הום פוד,CN,נודלס בטעם עוף 65 גרם,גרמים,65.00,100 גרם,false,0,3.90,6.00,true,1,
7290010176229,false,נודלס בטעם בקר בכוס 65 גר' טעמן,זיזיאנג גרין הום פוד,CN,נודלס בטעם בקר 65 גרם,גרמים,65.00,100 גרם,false,0,3.90,6.00,true,1,
7290010176236,false,נודלס בטעם ירקות בכוס 65 גר' טעמן,זיזיאנג גרין הום פוד,CN,נודלס בטעם ירקות 65 גרם,גרמים,65.00,100 גרם,false,0,3.90,6.00,true,1,
7290010176243,false,נודלס בטעם סיני בכוס 65 גר' טעמן,זיזיאנג גרין הום פוד,CN,נודלס בטעם פיקנטי 65 גרם,גרמים,65.00,100 גרם,false,0,3.90,6.00,true,1,
7290010196678,false,שקיות ענק לצליה בתנור קוקי 2*5 יח,ש.שסטוביץ,IL,קוקי שקיות אפיה ענק 10יח,יחידה,1.00,יחידה,false,0,20.80,20.80,true,1,
7290010237531,false,"פפסי קולה פלסטיק 500 מ""ל","טמפו משקאות בע""ם.",IL,"פפסי בקבוק 500 מ""ל",מיליליטרים,500.00,"100 מ""ל",false,0,4.30,0.86,true,1,
7290010237548,false,"פפסי מקס דל קלוריות 500 מ""ל בקבוק",טמפו משקאות בעמ,IL,"פפסי מקס בקבוק 500 מ""ל",מיליליטרים,500.00,"100 מ""ל",false,0,4.30,0.86,true,1,
7290010237579,false,משקה סבן אפ קוול 500,"טמפו משקאות בע""מ",IL,"סבנ אפ בקבוק 500 מ""ל",מיליליטרים,500.00,"100 מ""ל",false,0,4.30,0.86,true,1,
7290010237586,false,"סבן אפ דיאט בקבוק 500 מ""ל",טמפו 7.5%,IL,"סבנ אפ דיאט בקבוק500 מ""ל",מיליליטרים,500.00,"100 מ""ל",false,0,4.30,0.86,true,1,
7290010237623,false,בירה נשר מאלט 1.5 ליטר,"טמפו משקאות בע""מ",IL,נשר מאלט,ליטרים,1.50,ליטר,false,0,7.90,5.27,true,1,
7290010237692,false,בירה הייניקן שישייה,פארייפאבה אגרואינדוס,IL,"בירה הייניקן 250*6 מ""ל",ליטרים,1.50,ליטר,false,0,42.00,28.00,true,1,
7290010237890,false,"בירה הייניקן בקבוק 500 מ""ל חוזר",טמפו משקאות בע''מ,IL,בירה הייניקן בק.חוזר500מ,מיליליטרים,500.00,"100 מ""ל",false,0,10.40,2.08,true,1,
7290010259007,false,"עוגיות איטלקיות מובחרות ויליפוד 1 ק""ג",וילי פוד,PT,בישקוטים,גרמים,200.00,100 גרם,false,0,7.80,3.90,true,1,
7290010259823,false,מנת השף 70 גרם ויליפוד מרק עם נודלס בטעם עוף,נמצ'או(תאילנד) בעמ,TH,מנת השף נודלס,גרמים,70.00,100 גרם,false,0,4.60,6.57,true,1,
7290010328246,false,טחינה גולמית שומשום מלא אחווה 500 ג',"אחדות ביח""ר לטחינה ח",IL,טחינה שומשום מלא,גרמים,500.00,100 גרם,false,0,14.90,2.98,true,1,
7290010328253,false,טחינה גולמית משומשום טבעי אחווה 500 גרם,"אחדות ביח""ר לטחינה ח",IL,טחינה טבעי,גרמים,500.00,100 גרם,false,0,11.00,2.20,true,1,
7290010328468,false,מארז מיני חלווה אחוה בטעמים 18 יחידות 216 גרם,שוורצקוף& הנקל דיסלד,IL,מיני חלווה 3 טעמים12*18ג,גרמים,226.00,100 גרם,false,0,12.90,5.71,true,1,
7290010328499,false,טחינה עם 55% שומשום מלא,אחדות,IL,טחינה,גרמים,500.00,100 גרם,false,1,11.90,2.38,true,1,
7290010329595,false,אגו דאבל שוקולד 130 גרם,כרמית,IL,אגו שוקולד,גרמים,130.00,100 גרם,false,0,9.90,7.62,true,1,
7290010329984,false,שוקולד ציפס 60% מוצקי קקאו 250 גר',כרמית תעשיות ממתקים בעמ,IL,שוק. צ'יפס מריר60% 250ג,גרמים,250.00,100 גרם,false,0,14.60,5.84,true,1,
7290010378500,false,סופטקר שמפו אל דמע 1ליטר,אמיליה קוסמטיקס,IL,שמפו לתינוק,ליטרים,1.00,ליטר,false,0,20.60,20.60,true,1,
7290010429295,false,מעדן פרי מישמש100% 250ג,יד מרדכי,IL,מעדן פרי מישמש100% 250ג,גרמים,250.00,100 גרם,false,0,15.00,6.00,true,1,
7290010429301,false,מעדן תות 100%פרי 250 גרם,אף.סי תבליני בגליל ב,IL,מעדן תות,גרמים,250.00,100 גרם,false,0,15.00,6.00,true,1,
7290010471669,false,יוגורט תות עם קורנפלקס מצופה שוקולד ללא גלוטן 3.9%,"שטראוס בריאות בע""\מ",IL,דנונה בר תות,גרמים,175.00,100 גרם,false,0,5.30,3.03,true,1,
7290010472390,false,מארז 8 יחידות מעדן דני בטעם שוקולד 1.5%,מיוצר עי קונדיטוריית,IL,דני שוקולד 8 יח',קילוגרמים,1.00,"ק""ג",false,0,14.90,14.90,true,1,
7290010617746,false,"משחת נעליים + ידית שחור 60 מ""ל",אריסטוקרט,TR,"משחת נעליים + ידית 60מ""ל",מיליליטרים,60.00,"100 מ""ל",false,0,4.30,7.17,true,1,
7290010766734,false,רוטב פיצה אוליביה אסם 430 ג',אוליביה,IL,רוטב פיצה,גרמים,430.00,100 גרם,false,0,13.00,3.02,true,1,
7290010814695,false,שוקולד מריר פרווה ללא תוספת סוכר כרמית 85 גרם,כרמית תעשיות ממתקים בעמ,IL,שוקולד מריר,גרמים,85.00,100 גרם,false,0,8.30,9.76,true,1,
7290010814701,false,"שוקולד חלב כרמית 85 גרם ללת""ס","כרמית תעשיות ממתקים בע""\",IL,שוקולד חלב,גרמים,85.00,100 גרם,false,0,8.30,9.76,true,1,
7290010838806,false,סב.נוזלי פמילי תות 500X3,אברנסל קוסמטיקס,TR,סב.נוזלי פמילי,ליטרים,1.50,ליטר,false,0,13.90,9.27,true,1,
7290010945146,false,קוטג' 3% מועשר בסידן טרה 250 ג' מהדרין,קריות זול,IL,קוטג' 3% מועשר,גרמים,250.00,100 גרם,false,0,5.80,2.32,true,1,
7290010945306,false,חלב בקרטון 3% 2 ליטר טרה,הפריט בפיקוח,IL,חלב 3% בקרטון 2 ליטר,ליטרים,2.00,ליטר,false,0,11.80,5.90,true,1,
7290010945450,false,גבינה לבנה 3% 250 גר מועשר בסידן וויטמין,הפריט בפיקוח,IL,גבינה לבנה3%,גרמים,250.00,100 גרם,false,0,5.30,2.12,true,1,
7290010945481,false,גבינה לבנה טרה 5% מרכיבים טבעיים,הפריט בפיקוח,IL,גבינה לבנה 5%,גרמים,500.00,100 גרם,false,0,9.60,1.92,true,1,
7290011017606,false,פאנטה לימונדה 1.5 ליטר,החברה המרכזית לייצור משקאות,IL,פאנטה לימונדה,ליטרים,1.50,ליטר,false,0,6.90,4.60,true,1,
7290011017866,false,קוקה קולה קלאסי בפחית,החברה המרכזית לייצור משקאות,IL,קוקה קולה סליק,מיליליטרים,330.00,"100 מ""ל",false,0,5.90,1.79,true,1,
7290011017873,false,"פחיות קוקה קולה זירו 330 מ""ל",החברה המרכזית לייצור משקאות,IL,קוקה זירו,מיליליטרים,330.00,"100 מ""ל",false,0,5.90,1.79,true,1,
7290011017880,false,"קוקה קולה דיאט פחית 330 מ""ל",החברה המרכזית לייצור משקאות,IL,קוקה קולה דיאט,מיליליטרים,330.00,"100 מ""ל",false,0,5.90,1.79,true,1,
7290011018252,false,תה קר פיוז מנגו אננס,FUZE TEA,IL,תה מנגו אננס,ליטרים,1.50,ליטר,false,0,7.50,5.00,true,1,
7290011018283,false,תה קר פיוז אפרסק 1.5,FUZE TEA,IL,פיוז תה אפרסק,ליטרים,1.50,ליטר,false,0,7.50,5.00,true,1,
7290011018306,false,תה קר פיוז דייאט אפר,FUZE TEA,IL,תה אפרסק דיאט,ליטרים,1.50,ליטר,false,0,7.50,5.00,true,1,
7290011018443,false,"פנטה אורנג פחית סליק 330 מ""ל",החברה המרכזית לייצור משקאות,IL,פאנטה אורנג',מיליליטרים,330.00,"100 מ""ל",false,0,5.90,1.79,true,1,
7290011018580,false,תה קר פיוז ענבים 1.5,FUZE TEA,IL,פיוז טי ענבים,ליטרים,1.50,ליטר,false,0,7.50,5.00,true,1,
7290011051136,false,שוופס סודה 1.5*4 ליטר,יפאורה שותפות מובגלת לשיווק,IL,שוופס סודה 1.5*4 ליטר,ליטרים,6.00,ליטר,false,0,10.50,1.75,true,1,
7290011051327,false,קריסטל אשכוליות מוגז 2ל',יפאורה שותפות מובגלת לשיווק,IL,קריסטל אשכוליות מוגז 2ל',ליטרים,2.00,ליטר,false,0,3.50,1.75,true,1,
7290011051341,false,שוופס סודה לימון 1.5*4 ל,יפאורה שותפות מובגלת לשיווק,IL,שוופס סודה לימון 1.5*4 ל,ליטרים,6.00,ליטר,false,0,10.50,1.75,true,1,
7290011051372,false,שוופס תפוח ליים מוגז1.5ל,יפאורה שותפות מובגלת לשיווק,IL,שוופס תפוח ליים מוגז1.5ל,ליטרים,1.50,ליטר,false,0,6.80,4.53,true,1,
7290011051389,false,שוופס פירות יער מוגז1.5ל,יפאורה שותפות מובגלת לשיווק,IL,שוופס פירות יער מוגז1.5ל,ליטרים,1.50,ליטר,false,0,6.80,4.53,true,1,
7290011051396,false,שוופס אפרסק מוגז 1.5ליטר,יפאורה שותפות מובגלת לשיווק,IL,שוופס אפרסק מוגז 1.5ליטר,ליטרים,1.50,ליטר,false,0,6.80,4.53,true,1,
7290011051488,false,תה ספרינג אפרסק 1.5 ליטר,יפאורה שותפות מובגלת לשיווק,IL,ספרינג תה אפרסק,ליטרים,1.50,ליטר,false,0,6.20,4.13,true,1,
7290011051495,false,תה ספרינג ירוק לימון1.5ל,יפאורה שותפות מובגלת לשיווק,IL,תה ספרינג ירוק לימון1.5ל,ליטרים,1.50,ליטר,false,0,6.20,4.13,true,1,
7290011051518,false,תה ספרינג דיאט אפרסק1.5ל,יפאורה שותפות מובגלת לשיווק,IL,תה ספרינג דיאט אפרסק1.5ל,ליטרים,1.50,ליטר,false,0,6.20,4.13,true,1,
7290011051655,false,שוופס ריזלינג מוגז 1.5ל',יפאורה שותפות מובגלת לשיווק,IL,שוופס ריזלינג מוגז 1.5ל',ליטרים,1.50,ליטר,false,0,6.80,4.53,true,1,
7290011051785,false,קריסטל דיאט אשכול.מוגז2ל,יפאורה שותפות מובגלת לשיווק,IL,קריסטל דיאט אשכול.מוגז2ל,ליטרים,2.00,ליטר,false,0,3.50,1.75,true,1,
7290011051938,false,תפוזינה תפוח רענן 1.5 ל',יפאורה שותפות מובגלת לשיווק,IL,תפוזינה תפוח,ליטרים,1.50,ליטר,false,0,5.90,3.93,true,1,
7290011081492,false,גלידה בטעם שלושה שוקולדים 1.33ל' קרמיסימו,"גלידת שטראוס בע""\מ, רחוב",IL,קרמיסימו שלושה שוקולדים,ליטרים,1.33,ליטר,false,0,20.90,15.71,true,1,
7290011115159,false,סבון מוצק מועשר בקרם לחות ניחוח פרחים נקה 7 4*100 גרם,גליל כימיקלים בעמ,IL,סבון נקה 4X 7,גרמים,400.00,100 גרם,false,0,12.90,3.23,true,1,
7290011115203,false,אל סבון מוצק מבושם בניחוח עדין קלאסיק - מארז רביעיה,טרופיקל דגיל תעשיות,IL,סבון נקה 4X 7,גרמים,400.00,100 גרם,false,0,12.90,3.23,true,1,
7290011115241,false,אל סבון ארומטי מוצק ורוד ורד ויסמין - מארז רביעיה,"גליל כימיכלים בע""מ",IL,סבון נקה 4X 7,גרמים,400.00,100 גרם,false,0,12.90,3.23,true,1,
7290011126209,false,הגן הקסום תה טעם תפוח וקינמון סיידר ויסוצקי 25 יח',תה ויסוצקי,IL,חליטת תפוח קנמון,גרמים,67.00,100 גרם,false,0,17.60,26.27,true,1,
7290011126346,false,ניחוח.גליל לימ/לואיזה25ש,ויסוצקי,IL,ניחוח.גליל לימ/לואיזה25ש,גרמים,55.00,100 גרם,false,0,14.40,26.18,true,1,
7290011126452,false,הגן הקסום תה בטעם קמומיל ונענע ויסוצקי 25 יחידות,תה ויסוצקי,IL,חליטת קמומיל,גרמים,37.00,100 גרם,false,0,17.60,47.57,true,1,
7290011126469,false,חליטת צמחים וקמומיל הגן הקסום ויסוצקי 25 יחידות,תה ויסוצקי,IL,חליטת קמומיל+דבש,גרמים,37.00,100 גרם,false,0,17.60,47.57,true,1,
7290011174118,false,חומוס גרגירים ויטה 580גר,פרי הגליל בעמ,IL,חומוס גרגירים,גרמים,580.00,100 גרם,false,0,7.20,1.24,true,1,
7290011174194,false,אפונה גינה וגזר ויטה550ג,פרי גליל,IL,אפונה וגזר,גרמים,550.00,100 גרם,false,0,7.20,1.31,true,1,
7290011194246,false,קוטג' 5% עם סידן 250 ג' שטראוס,מיוצר עי קונדיטוריית,IL,קוטג' 5% שומן 250 גרם,גרמים,250.00,100 גרם,false,0,5.80,2.32,true,1,
7290011194291,false,דנונה דיאט קפוצינו 150גר,שטראוס,IL,דנונה דיאט 0%,גרמים,150.00,100 גרם,false,0,4.80,3.20,true,1,
7290011249267,false,וופל בלגי ללא סוכר 200גר,,IL,וופל בלגי ללא סוכר 200גר,גרמים,200.00,100 גרם,false,0,8.80,4.40,true,1,
7290011249427,false,וופלת בלגי מצופה,,,וופלת בלגי מצופה,גרמים,400.00,100 גרם,false,0,9.90,2.48,true,1,
7290011249731,false,וופל שחור וניל 200גר,,IL,וופל בטעם וניל,גרמים,200.00,100 גרם,false,0,3.90,1.95,true,1,
7290011249748,false,רולים גלילי ופל במילוי קרם שוקולד 100 ג' עלמה,"גילרו בע""מ",IL,רולים שוקולד,גרמים,100.00,100 גרם,false,0,2.90,2.90,true,1,
7290011254780,false,"שעועית ארגנטינאית יבשה מיה 1 ק""ג",מיה תעשיות מזון מ.ת.מ. ב,IL,"שעועית 1 ק""ג",קילוגרמים,1.00,"ק""ג",false,0,22.70,22.70,true,1,
7290011308117,false,קרקר 6 דגנים 200 גרם,אפיפית,IL,קרקר 6 דגנים,גרמים,200.00,100 גרם,false,0,7.40,3.70,true,1,
7290011308179,false,קרקר חיטה מלאה+פשתן300גר,אפיפית,IL,קרקר חיטה מלאה,גרמים,300.00,100 גרם,false,0,11.30,3.77,true,1,
7290011378028,false,חלבה קלאסית וניל ללא תוספת סוכר בארכה 350 גרם,"רושדי תעשיות מזון בע""\מ",IL,חלבה ללא סוכר,גרמים,350.00,100 גרם,false,0,14.90,4.26,true,1,
7290011378769,false,חטיף חלווה וניל בארכה 126 גרם מארז 7 יחידות,"רושדי תעשיות מזון בע""\מ",IL,חטיפי חלבה 7 יח,גרמים,126.00,100 גרם,false,0,13.90,11.03,true,1,
7290011378783,false,חטיף חלבה שוקו וניל18*7ג,רושדי תעשיות מזון,IL,חטיף חלבה שוקו וניל18*7ג,גרמים,126.00,100 גרם,false,0,13.90,11.03,true,1,
7290011379018,false,מארז משפחתי שמפיניון 500 ג' מרינה,מרינה פטריות הגליל,IL,פטריות מארז משפחתי יח',יחידה,1.00,יחידה,false,0,17.90,17.90,true,1,
7290011438142,false,"משקה יטבתה אייס קפה בבקבוק אישי 350 מ""ל",שטראוס גרופ,IL,משקה חלב קפה,מיליליטרים,350.00,"100 מ""ל",false,0,6.30,1.80,true,1,
7290011438470,false,מילקשייק שוקו יוטבתה350מ,יטבתה,IL,מילקשייק שוקו,מיליליטרים,350.00,"100 מ""ל",false,0,7.00,2.00,true,1,
7290011438487,false,מילקשייק וניל יטבתה350מל,יטבתה,IL,מילקשייק וניל,מיליליטרים,350.00,"100 מ""ל",false,0,7.00,2.00,true,1,
7290011447120,false,תחליף חלב מטרנה מהדרין ללא שלב חלבי 700 גרם,מטרנה תעשיות ש.מ,IL,מטרנה מהדרין,גרמים,700.00,100 גרם,false,0,53.70,7.67,true,1,
7290011447281,false,מטרנה פרימיום חלבי שלב 2 700 גרם חיסכון,מטרנה תעשיות ש.מ,IL,מטרנה חלבי שלב 2,גרמים,700.00,100 גרם,false,0,54.90,7.84,true,1,
7290011447304,false,מטרנה פרימיום חלבי שלב 3 700 גרם חיסכון,מטרנה תעשיות ש.מ,IL,מטרנה חלבי שלב 3,גרמים,700.00,100 גרם,false,0,54.90,7.84,true,1,
7290011447359,false,תחליף חלב מטרנה מהדרין שלב 1 חלבי 700 גרם,מולינו ניקולי s.p.a,IL,מטרנה מהדרין,גרמים,700.00,100 גרם,false,0,52.90,7.56,true,1,
7290011468002,false,טחינה גולמית הנסיך500גרם,STRAUSS-ISRAEL,IL,טחינה גולמית הנסיך500גרם,גרמים,500.00,100 גרם,false,0,16.70,3.34,true,1,
7290011468026,false,טחינה נסיך שומשום מלא500,הנסיך,IL,טחינה הנסיך,גרמים,500.00,100 גרם,false,0,16.70,3.34,true,1,
7290011489533,false,בייגלה שמיניות עם מל,מגדנית הדר,IL,בייגלה עם מלח 300 גרם,גרמים,300.00,100 גרם,false,0,8.90,2.97,true,1,
7290011499051,false,פטה כבשים מסורתית 20% בגביע מחלבות גד,MKN עבור מחלבות גד ב,IL,פטה כבשים 20% 250ג,גרמים,250.00,100 גרם,false,0,26.00,10.40,true,1,
7290011499129,false,גבינה בולגרית מעודנת קוביות קטנות 5% גד 200 גרם,קוד יצרן DSH,IL,קוב.בולג.מעודנת 5% 200ג,גרמים,200.00,100 גרם,false,0,25.20,12.60,true,1,
7290011499297,false,גבינת ברי פקאן 125 גרם,מחלבות גד,IL,גבינת ברי פקאן 125 גרם,גרמים,125.00,100 גרם,false,0,22.70,18.16,true,1,
7290011499358,false,פטה עיזים מסורתית 20% בגביע מחלבות גד,מיוצר על ידי קוד יצר,IL,פטה עיזים 20% שומן 200 ג,גרמים,200.00,100 גרם,false,0,29.70,14.85,true,1,
7290011499365,false,גבינת חלומי 24% גד 200 גרם,"מחלבות גד בע""\מ",IL,חלומי גד גב.קשה 24% 200ג,גרמים,200.00,100 גרם,false,0,23.20,11.60,true,1,
7290011499624,false,גבינת שמנת בטעם טבעי גד 30% 200 גרם,גבינות מדף,IL,גבינת שמנת 30% טבעי200גר,גרמים,200.00,100 גרם,false,0,12.60,6.30,true,1,
7290011499723,false,בולגרית פרוסות 5% מהדרין מחלבות גד,גבינות מדף,IL,פרוסות גב.בולגרית5% 250ג,גרמים,250.00,100 גרם,false,0,25.90,10.36,true,1,
7290011499730,false,בולגרית מסורתית 5% מהדרין מחלבות גד,גבינות מדף,IL,גבינה בולגרית 5% 250 גרם,גרמים,250.00,100 גרם,false,0,21.90,8.76,true,1,
7290011499822,false,גבינה בולגרית 5% מעודנת מהדרין 250ג',גבינות מדף,IL,גבינה בולגרית מעודנת250,גרמים,250.00,100 גרם,false,0,22.90,9.16,true,1,
7290011501617,false,חמוציות ברכז תפוחים ללא תוספת סוכר 250 גרם,"דין שיווק וקלייה בע""",IL,חמוציות דל סוכר 250גרם,גרמים,250.00,100 גרם,false,0,19.90,7.96,true,1,
7290011515911,false,שלגונים מופחתי קלוריות בטעם ריבת חלב - 6 יח',גלידות נסטלה )נגה גלידות,IL,מאגדת לייט ריבת חלב כשלפ,גרמים,312.00,100 גרם,false,0,30.00,9.62,true,1,
7290011537371,false,פסטה קונכיות 500 גרם טעמן,מוצרי יסוד - טעמן,TR,פסטה קונכיות 500 גרם,גרמים,500.00,100 גרם,false,0,3.60,0.72,true,1,
7290011553906,false,פתיתים קוסקוס,,IL,פתיתים קוסקוס,גרמים,800.00,100 גרם,false,0,7.00,0.88,true,1,
7290011598211,false,"סנו - אנטי קאלק מרסס ניקוי כללי 4 ב-1 700 מ""ל",מיוצר עי קונדיטוריית,IL,סנו אנטי קאלק,מיליליטרים,700.00,"100 מ""ל",false,0,22.20,3.17,true,1,
7290011598372,false,מטלית מיקרופייבר פרופשיונל לרצפה סנו סושי,סנו מפעלי ברונוס.,IL,מטלית לרצפה,יחידה,1.00,יחידה,false,0,15.60,15.60,true,1,
7290011598402,false,מקסימה מרכך כביסה ארומתרפי מאסק סנו 4 ליטר,"סנו מפעלי ברונוס בע""\מ",IL,מרכך כביסה,ליטרים,4.00,ליטר,false,0,21.90,5.48,true,1,
7290011607197,false,"קולון 101 אבקת כביסה 5 ק""ג",רקיט בנקיזר,IL,אבקת כביסה קולון,קילוגרמים,5.00,"ק""ג",false,0,39.90,7.98,true,1,
7290011618025,false,בייבי ביס הוט קידס נגיסי אורז לתינוק,גואנז'ו יונג וואנט פ,CN,בייבי ביס,גרמים,50.00,100 גרם,false,0,11.90,23.80,true,1,
7290011732189,false,"סוכריות צמיד דחוסות בד""ץ טעמן 48 יחידות",גואנגדונג צאואן פוד,CN,סוכ.צמיד מארז משפחתי48יח,גרמים,422.00,100 גרם,false,0,23.90,5.66,true,1,
7290011732608,false,"קמח לבן 1 ק""ג",,IL,"קמח לבן 1 ק""ג",קילוגרמים,1.00,"ק""ג",false,0,9.70,9.70,true,1,
7290011732615,false,"קמח שיפון 1 ק""ג",,IL,"קמח שיפון 1 ק""ג",קילוגרמים,1.00,"ק""ג",false,0,11.70,11.70,true,1,
7290011732837,false,פופסים מצופ.חמאת בוטנ80ג,,IL,פופסים מצופ.חמאת בוטנ80ג,גרמים,80.00,100 גרם,false,0,3.20,4.00,true,1,
7290011732943,false,שקדי מרק טעמן 400 גרם,,IL,שקדי מרק 400 גרם,גרמים,400.00,100 גרם,false,0,8.60,2.15,true,1,
7290011765392,false,"בוב ספוג שמפו לשיער לסירוק קל כיף 750 מ""ל",טרופיקל דגיל תעשיות,IL,שמ.כיף ילדים בוב ספוג750,מיליליטרים,750.00,"100 מ""ל",false,0,15.10,2.01,true,1,
7290011800840,false,רפי כהן סלט טחינה בלאדי צבר 400 גרם,רפי כהן / צבר,IL,סלט טחינה בלאדי,גרמים,400.00,100 גרם,false,0,16.70,4.18,true,1,
7290011877859,false,סנו אינסטלטור חדש פותח סתימות 200ג',מיוצר עי קונדיטוריית,IL,סנו אינסטלטור,גרמים,200.00,100 גרם,false,0,16.20,8.10,true,1,
7290011877927,false,אורביטול טריפלאקשיין בטעם סמוז מינט,קוסמופארם בע'\'\מ,IL,מי פה אורביטול,מיליליטרים,500.00,"100 מ""ל",false,0,27.90,5.58,true,1,
7290011885007,false,פקאן סיני הטיב 200 ג,פיצוחי הטיב,IL,פקאן סיני,גרמים,200.00,100 גרם,false,0,19.90,9.95,true,1,
7290011931155,false,אל סבון פלצה אזורה 750מל,"ביסקול בע""מ",IL,אל סבון אזורה,מיליליטרים,750.00,"100 מ""ל",false,0,14.70,1.96,true,1,
7290011977160,false,טחינה שומשום טהור 500גרם,,IL,טחינה שומשום טהור 500גרם,גרמים,500.00,100 גרם,false,0,15.90,3.18,true,1,
7290011977627,false,סרדינים בשמן צמחי טעים 125 גרם,טעמן,MA,סרדינים בשמן צמחי 125 גר,גרמים,125.00,100 גרם,false,0,5.90,4.72,true,1,
7290011977634,false,סרדינים בשמן קנולה עם פלפל חריף טעים 125 גרם,טעמן,IL,סרדינים+פלפל חריף 125 גר,גרמים,125.00,100 גרם,false,0,5.90,4.72,true,1,
7290011977641,false,סרדינים בשמן קנולה עם לימון טעים 125 גרם,טעמן,IL,סרדינים בשמן ולימון 125ג,גרמים,125.00,100 גרם,false,0,5.90,4.72,true,1,
7290012022005,false,פריכיות חיטה 60 גרם,דילייט,IL,קריספיות טבעי,גרמים,60.00,100 גרם,false,0,10.90,18.17,true,1,
7290012022050,false,קריספיות מרובה דגנים 75ג,דילייט,IL,פריכיות חיטה מלאה 75 גרם,גרמים,75.00,100 גרם,false,0,12.70,16.93,true,1,
7290012116360,false,פוליויקס נוזל לניקוי רצפות גרניט פורצלן סנו 2 ליטר,"מפעלי סנו ברונוס בע""",IL,סנו פוליויקס,ליטרים,2.00,ליטר,false,0,25.70,12.85,true,1,
7290012116674,false,"דאודורנט גל קול 75 מ""ל קרמה מן",קוסמופארם,IL,דאו.קרמה ג'ל,מיליליטרים,70.00,"100 מ""ל",false,0,20.30,29.00,true,1,
7290012117039,false,נוזל לניקוי אמבטיה 00 סנו 1 ליטר,סנו מפעלי ברונוס בעמ,IL,"סנו ""00"" לאמבטיה",ליטרים,1.00,ליטר,false,0,10.40,10.40,true,1,
7290012117091,false,"אבקת כביסה סנסיטיב סנו מקסימה 6 ק""ג",סנו מקסימה,IL,אב.כביסה מקסימה,קילוגרמים,6.00,"ק""ג",false,0,55.90,9.32,true,1,
7290012117350,false,"נוזל רצפות לילך 2 ליטר ""ריצפז פרש""","סנו מפעלי ברונוס בע""\מ",IL,סנו ריצפז,ליטרים,2.00,ליטר,false,0,20.70,10.35,true,1,
7290012117435,false,"קרמה - שמפו וג'ל רחצה 2 ב-1 אלוורה 700 מ""ל",טרופיקל דגיל תעשיות,IL,קרמה ג'ל רחצה,מיליליטרים,700.00,"100 מ""ל",false,0,20.40,2.91,true,1,
7290012117558,false,מקסימה מרכך כביסה מרוכז ורוד בניחוח מאסק סנו 1 ליטר,"סנו מפעלי ברונוס בע""\מ",IL,מקסימה ס.מרוכז,ליטרים,1.00,ליטר,false,0,17.90,17.90,true,1,
7290012117565,false,כפפות סנו סושי לטקס S אריזת 100יח',סנו סושי,IL,כפפות לטקס 100 י,יחידה,1.00,יחידה,false,0,29.30,29.30,true,1,
7290012117589,false,כפפות לטקס גדולות L סנו סושי 100 יחידות,סנו סושי,TH,כפפות לטקס 100יח,יחידה,1.00,יחידה,false,0,29.30,29.30,true,1,
7290012117633,false,אורביטול קיד מי פה 250מל,קוסמופארם,IL,מי פה אורביטול,מיליליטרים,250.00,"100 מ""ל",false,0,16.10,6.44,true,1,
7290012193323,false,אדג' ג'ל אולטימ.כחול200מ,אנרג'ייזר,US,אדג' ג'ל גילוח,מיליליטרים,200.00,"100 מ""ל",false,0,18.30,9.15,true,1,
7290012226922,false,קבנוס בטעם שום זוגלובק 135 גרם,נקניק נהריה כשר זוגל,IL,קבנוס בטעם שום,גרמים,135.00,100 גרם,false,0,10.80,8.00,true,1,
7290012227172,false,חרמן הודו בדבש וברביקיו זוג במארז 600 ג' זוגלובק,נקניק נהריה כשר זוגל,IL,מארז כפרית חרמון 300*2גר,גרמים,600.00,100 גרם,false,0,35.50,5.92,true,1,
7290012244032,false,עוגת היער השחור 850 גרם,גידרון,,עוגת יער שחור,יחידה,1.00,יחידה,false,0,57.00,57.00,true,1,
7290012335815,false,פופקורן למיקרוגל,,US,פופקורן למיקרוגל,גרמים,500.00,100 גרם,false,0,14.00,2.80,true,1,
7290012335822,false,פופקורן,,BG,פופקורן,גרמים,500.00,100 גרם,false,0,14.00,2.80,true,1,
7290012404016,false,ספרינג אננס ליצ'י 1 ליטר,יפאורה שותפות מובגלת לשיווק,IL,ספרינג אננס ליצי,ליטרים,1.00,ליטר,false,0,4.90,4.90,true,1,
7290012404146,false,שוופס מוגז תפוחים1.5ל',יפאורה שותפות מובגלת לשיווק,IL,שוופס מוגז תפוחים1.5ל',ליטרים,1.50,ליטר,false,0,6.80,4.53,true,1,
7290012404160,false,שוופס מוגז אשכולית אדומה,יפאורה שותפות מובגלת לשיווק,IL,שוופס מוגז אשכולית1.5ל,ליטרים,1.50,ליטר,false,0,6.80,4.53,true,1,
7290012404238,false,שוופס ראשן בקבוק 1.5,יפאורה שותפות מובגלת לשיווק,IL,שוופס ראש'ן 1.5 ליטר,ליטרים,1.50,ליטר,false,0,7.90,5.27,true,1,
7290012404320,false,ספרינג ענבים 1.5 ליטר,יפאורה שותפות מובגלת לשיווק,IL,ספרינג ענבים,ליטרים,1.50,ליטר,false,0,6.30,4.20,true,1,
7290012404627,false,נקטר ספרינג תפוח גזר 1ל',יפאורה שותפות מובגלת לשיווק,IL,נקטר ספרינג תפוח גזר 1ל',ליטרים,1.00,ליטר,false,0,4.90,4.90,true,1,
7290012404863,false,ספרינג תה מנגו אפרסק1.5ל,יפאורה שותפות מובגלת לשיווק,IL,ספרינג תה מנגו אפרסק1.5ל,ליטרים,1.50,ליטר,false,0,6.20,4.13,true,1,
7290012404955,false,נקטר חמוציות ספרינג קולקשן 1.25 ליטר,יפאורה שותפות מובגלת לשיווק,IL,ספרינג קולקש.חמוציות1.25,ליטרים,1.25,ליטר,false,0,13.00,10.40,true,1,
7290012413636,false,תה ירוק צ'אי מסאלה ויסוצקי 25 יחידות,ויסוצקי ירוק,IL,תה ירוק צ'אי,גרמים,38.00,100 גרם,false,0,26.90,70.79,true,1,
7290012413643,false,תה ירוק קמומיל ויסוצקי 25 יחידות,ויסוצקי ירוק,IL,תה ירוק קמומיל,גרמים,75.00,100 גרם,false,0,26.90,35.87,true,1,
7290012413919,false,תה ירוק תות 1.5גרם25Xשק,ויסוצקי,,תה ירוק תות,גרמים,38.00,100 גרם,false,0,26.90,70.79,true,1,
7290012522581,false,שניצל תירס ללא גלוטן טבעול 664 גרם,עיצובים 2020 (4.8),IL,שניצל תירס,גרמים,664.00,100 גרם,false,0,29.50,4.44,true,1,
7290012522987,false,שניצל תירס 2קג,טבעול,IL,שניצל תירס,קילוגרמים,2.00,"ק""ג",false,0,59.00,29.50,true,1,
7290012697081,false,סוכרזית מהטבע סטיוויה 100 טבליות,"סוכרזית בע""מ",IL,סוכרזית סטיוויה,גרמים,100.00,100 גרם,false,0,35.10,35.10,true,1,
7290012767036,false,FIX נוזל לניקוי אסלות WC,יורומיס,TR,נוזל ניקוי אסלות,ליטרים,1.00,ליטר,false,1,4.90,4.90,true,1,
7290012767128,false,נוזל לניקוי חלונות 1ליטר,יורומיס,TR,FIXנוזל ניקוי,ליטרים,1.00,ליטר,false,1,5.90,5.90,true,1,
7290012767357,false,מרכך כביסה ABC כחול 4 לי,DETERJON ABC,TR,מרכך כביסה,ליטרים,4.00,ליטר,false,1,14.90,3.73,true,1,
7290012803123,false,מגבוני פ.ואנס פרש4*72,על בד,IL,רביעית פרש וואנס,יחידה,1.00,יחידה,false,0,21.90,21.90,true,1,
7290012823374,false,אנטי קאלק מטליות לחות לניקוי כללי סנו 50 יחידות,מיוצר עי קונדיטוריית,IL,מטליות אנטי קאלק,יחידה,1.00,יחידה,false,0,16.60,16.60,true,1,
7290012823381,false,מקסימה מרכך כביסה מרוכז סנסטיב בייבי סנו 1 ליטר,"סנו מפעלי ברונוס בע""\מ",IL,מרכך כביסה,ליטרים,1.00,ליטר,false,0,17.90,17.90,true,1,
7290012823541,false,ריצפז פרש מטליות לחות לרצפה בניחוח לבנדר 10 יחידות,"סנו מפעלי ברונוס בע""\מ",IL,מטליות ריצפה,יחידה,1.00,יחידה,false,0,14.90,14.90,true,1,
7290012823794,false,כיף אל סבון יסמין לבנדר 2 ל',קוסמופארם,IL,אל סבון כיף,ליטרים,2.00,ליטר,false,0,23.20,11.60,true,1,
7290012850325,false,ביסקוויטים ק.מלא 180 גרם,נאופארם,IL,ביסקוויטים ק.מלא,גרמים,180.00,100 גרם,false,0,13.90,7.72,true,1,
7290012929687,false,קקאו הולנדי,,IL,קקאו הולנדי,גרמים,150.00,100 גרם,false,0,11.10,7.40,true,1,
7290012929779,false,פסטה מקמח מלא ספירלה 500גרם טעמן,מוצרי יסוד - טעמן,TR,פסטה ספירלה חיטה מלא500ג,גרמים,500.00,100 גרם,false,0,5.10,1.02,true,1,
7290012929786,false,פסטה מקמח מלא צינורות 500 גרם טעמן,מוצרי יסוד - טעמן,TR,פסטה צינורות חיטה מלא500,גרמים,500.00,100 גרם,false,0,5.10,1.02,true,1,
7290012929793,false,פסטה ספגטי מקמח מלא טעמן 500 גר',מוצרי יסוד - טעמן,TR,ספגטי מחיטה מלאה 500 גרם,גרמים,500.00,100 גרם,false,0,5.10,1.02,true,1,
7290012929939,false,טונה שמן טעם לימון150X3ג,,TH,טונה שמן טעם לימון150X3ג,גרמים,450.00,100 גרם,false,0,18.60,4.13,true,1,
7290012929960,false,שלישיית טונה בשמן 150 גרם טעמן,דיאמוד פוד פרודקט סי,TH,שלישיית טונה,גרמים,450.00,100 גרם,false,0,17.90,3.98,true,1,
7290012938597,false,"סנסודיין משחת שיניים רפיד רליף 75 מ""ל","סמיתקליין ביצ'ם בע""מ",GB,משחת סנסודיין,מיליליטרים,75.00,"100 מ""ל",false,0,24.90,33.20,true,1,
7290012983047,false,"סילאן 900 גרם בד""ץ",,IL,סילאן 900גרם,גרמים,900.00,100 גרם,false,0,18.00,2.00,true,1,
7290013010001,false,עגבניות מרוסקות פרי מבורך 260 גרם,"זנלכל בע""\מ",IL,"עגבניות מרוסקות בד""צ260ג",גרמים,260.00,100 גרם,false,0,6.90,2.65,true,1,
7290013010018,false,רוטב עגבניות לפסטה פרי מבורך 240 גרם,"זנלכל בע""\מ",IL,"רוטב פסטה זנלכל בד""צ260ג",גרמים,260.00,100 גרם,false,0,6.90,2.65,true,1,
7290013010025,false,"רוטב עגבניות לפיצה בד""ץ פרי מבורך 240 גרם","זנלכל בע""\מ",IL,"רוטב פיצה בד""צ 260 גרם",גרמים,260.00,100 גרם,false,0,6.90,2.65,true,1,
7290013010094,false,"רוטב פסטה בולונז ""פרי מבורך"" 240 גרם","זנלכל בע""\מ",IL,ר.בולונז פרי מבורך260 גר,גרמים,260.00,100 גרם,false,0,6.90,2.65,true,1,
7290013010254,false,בסיס עגבניות לבישול260 ג,זנלכל,IL,בסיס עגבניות לבישול260 ג,גרמים,260.00,100 גרם,false,0,6.90,2.65,true,1,
7290013038005,false,ג'אמפ תפוחים 1.5 ליטר,טמפו,IL,ג'אמפ תפוחים,ליטרים,1.50,ליטר,false,0,5.90,3.93,true,1,
7290013068361,false,שמן זית אליעד כתית מ,אליעד בית בד בגולן,IL,שמן זית,מיליליטרים,750.00,"100 מ""ל",false,0,40.20,5.36,true,1,
7290013083661,false,"מטרנה אקסטרה קר שלב 1 חסכון 700 גרם תמ""ל",מטרנה תעשיות ש.מ,IL,מטרנה אקסטרה קר,גרמים,700.00,100 גרם,false,0,63.90,9.13,true,1,
7290013117229,false,"בורקס פילו במילוי תפו""א מעדנות 600 גר",מיוצר עי קונדיטוריית,IL,"בורקס תפו""א",גרמים,600.00,100 גרם,false,0,22.10,3.68,true,1,
7290013144010,false,"קמח תופח 1 ק""ג",טחנות ישראליות,IL,קמח תופח,קילוגרמים,1.00,"ק""ג",false,0,8.60,8.60,true,1,
7290013144232,false,מיימונס פודינג בטעם וניל 80 גרם,א.ל ייצור ושיווק תבלינים,IL,פודינג וניל,גרמים,80.00,100 גרם,false,0,5.60,7.00,true,1,
7290013144492,false,"תמצית בטעם קפה 50 מ""ל",א.ל ייצור ושיווק תבלינים,IL,תמצית קפה,מיליליטרים,50.00,"100 מ""ל",false,0,9.20,18.40,true,1,
7290013145055,false,פרג שלם מיימונס 100 גרם,א.ל ייצור ושיווק תבלינים,IL,פרג שלם,גרמים,100.00,100 גרם,false,0,4.50,4.50,true,1,
7290013145192,false,שומשום מיימונס 100 גרם,א.ל ייצור ושיווק תבלינים,IL,שומשום 100 גרם,גרמים,100.00,100 גרם,false,0,4.30,4.30,true,1,
7290013145215,false,שומשום מימונס 400 גרם,א.ל ייצור ושיווק תבלינים,IL,שומשום,גרמים,400.00,100 גרם,false,0,13.50,3.38,true,1,
7290013145390,false,שוקולד צ'יפס מיימונס 250 גרם,אינטרגטה תעשיות מזון 19),IL,שוקולד צ'יפס,גרמים,250.00,100 גרם,false,0,9.60,3.84,true,1,
7290013145567,false,מיימונס מיני מיני עדשים 90 גרם.,א.ל ייצור ושיווק תבלינים,IL,מיני מיני עדשים,גרמים,90.00,100 גרם,false,0,10.20,11.33,true,1,
7290013145840,false,סוכר וניל מיימונס 10 יחידות,א.ל ייצור ושיווק תבלינים,IL,סוכר וניל בצלופן 10 יח',יחידה,1.00,יחידה,false,0,2.30,2.30,true,1,
7290013145857,false,אבקת אפיה מיימונס 10 יחידות,מימונס אפייה,IL,אבקת אפיה בצלופן 10 יח',יחידה,1.00,יחידה,false,0,2.30,2.30,true,1,
7290013145901,false,סודה לשתיה מיימונס 100 גרם,א.ל ייצור ושיווק תבלינים,IL,סודה לשתיה,גרמים,100.00,100 גרם,false,0,2.50,2.50,true,1,
7290013146854,false,קוקוס לבן טחון מימונס 400 ג',א.ל ייצור ושיווק תבלינים,IL,קוקוס לבן 400 גר,גרמים,400.00,100 גרם,false,0,14.50,3.63,true,1,
7290013156266,false,נשיקות מיני טעם תות100ג,.,IL,נשיקות מיני תות,גרמים,100.00,100 גרם,false,0,18.90,18.90,true,1,
7290013156273,false,נשיקות מיני טעם וניל100ג,גידרון,IL,נשיקות מיני וניל,גרמים,100.00,100 גרם,false,0,18.90,18.90,true,1,
7290013268020,false,מקסימה מרכך כביסה מרוכז בניחוח אולטרא פרש סנו 1 ליטר,"סנו מפעלי ברונוס בע""\מ",IL,מרכך כביסה,ליטרים,1.00,ליטר,false,0,17.90,17.90,true,1,
7290013268037,false,מקסימה מרכך כביסה מרוכז בניחוח לבנדר פצ'ולי סנו 1 ליטר,"סנו מפעלי ברונוס בע""\מ",IL,מרכך כביסה,ליטרים,1.00,ליטר,false,0,17.90,17.90,true,1,
7290013268433,false,קרמה מן שמפו ומרכך לכל סוגי השיער 700מל,קוסמופארם,IL,שמפו קרמה מן,מיליליטרים,700.00,"100 מ""ל",false,0,17.20,2.46,true,1,
7290013268884,false,"נוזל רצפות מאסק 2 ליטר ""ריצפז פרש""",מיוצר עי קונדיטוריית,IL,ריצפז פרש לרצפות,ליטרים,2.00,ליטר,false,0,20.70,10.35,true,1,
7290013269003,false,מרכך כביסה סופר מרוכז בייבי לתינוקות ולעור רגיש,"סנו מפעלי ברונוס בע""\מ",IL,מקסימה מרכך,ליטרים,1.00,ליטר,false,0,18.90,18.90,true,1,
7290013269652,false,פוליויקס נוזל לניקוי רצפות גרניט פורצלן סנו 2 ליטר,סנו פוליויקס,IL,פוליויקס מאסק,ליטרים,2.00,ליטר,false,0,25.70,12.85,true,1,
7290013269669,false,ריצפז בניחוח פנטזיה לניקוי הרצפה,"סנו מפעלי ברונוס בע""",IL,ריצפז פנטזיה,ליטרים,3.00,ליטר,false,0,13.70,4.57,true,1,
7290013269690,false,"סנו - ג'ל אסלה סנובון לימון 55 מ""ל",Nicolas polandמשווק,PL,סנובון לאסלה,מיליליטרים,55.00,"100 מ""ל",false,0,12.20,22.18,true,1,
7290013269706,false,סנובון ג'ל לניקוי האסלה בניחוח אוקיינוס,סנו סנובון,PL,סנובון ג'ל לאסלה,מיליליטרים,55.00,"100 מ""ל",false,0,12.20,22.18,true,1,
7290013269867,false,סנו סושי זוג מפות אירוח צבעים שונים,מיוצר עי קונדיטוריית,IL,צמד מפות שולחן,יחידה,1.00,יחידה,false,0,11.60,11.60,true,1,
7290013284075,false,זיתים פריניר טבעות מ,פריניר,,טבעות זיתים,גרמים,560.00,100 גרם,false,0,9.10,1.63,true,1,
7290013284143,false,מלפפונים פריניר במלח,פריניר,IL,מלפפונים במלח,גרמים,560.00,100 גרם,false,0,8.00,1.43,true,1,
7290013284150,false,מלפפונים פריניר במלח,פריניר,IL,מלפפונים במלח 13-17 560ג,גרמים,560.00,100 גרם,false,0,10.70,1.91,true,1,
7290013284167,false,מלפפונים פריניר במלח,פרי ניר,IL,מלפפונים במלח,גרמים,560.00,100 גרם,false,0,12.80,2.29,true,1,
7290013284204,false,מלפפונים פריניר בחומ,פריניר,,מלפפונים בחומץ18-25 560ג,גרמים,560.00,100 גרם,false,0,12.80,2.29,true,1,
7290013284303,false,פריניר זית ירוק גדול 560גר,,IL,זיתים ירוקים,גרמים,560.00,100 גרם,false,0,9.10,1.63,true,1,
7290013284310,false,רוטב פסטה לילדים פריניר 240 גרם,פריניר ( הדס 1987) ב,IL,רוטב פסטה,גרמים,240.00,100 גרם,false,0,6.50,2.71,true,1,
7290013284662,false,רוטב פיצה פיתה לילדים 240 ג' פריניר,פריניר ( הדס 1987) ב,IL,רוטב פיצה פיתה 240 גרם,גרמים,240.00,100 גרם,false,0,6.50,2.71,true,1,
7290013302014,false,"אבקה להכנת שוקו 1 ק""ג טעמן",טעמן,IL,"שוקו שוקו 1ק""ג",קילוגרמים,1.00,"ק""ג",false,0,14.00,14.00,true,1,
7290013302182,false,פריכיות תירס במליחות130ג,,BE,פריכיות תירס במליחות130ג,גרמים,130.00,100 גרם,false,0,7.40,5.69,true,1,
7290013302229,false,"קמח מלא %70 מנופה 1 ק""ג",,IL,"קמח מלא %70 מנופה 1 ק""ג",קילוגרמים,1.00,"ק""ג",false,0,12.20,12.20,true,1,
7290013302304,false,שישיה גרבר פריטוב 190 גר' טעמן סלט פירות,טעמן,IL,מחיות בייבי ס.פירות190*6,קילוגרמים,1.14,"ק""ג",false,0,25.40,22.28,true,1,
7290013358356,false,מאסטר שף - פירורי לחם מוזהבים 320 גרם,מנה י.א בעמ,IL,פירורי לחם,גרמים,350.00,100 גרם,false,0,12.20,3.49,true,1,
7290013358370,false,פנקו פירורי לחם מאסטר שף בטעם שום 300 גרם,"מיוצר ע""י מנה י.א בע",IL,פרורי לחם יפני,גרמים,300.00,100 גרם,false,0,11.70,3.90,true,1,
7290013358431,false,מאסטר שף קרוטונים לסלט עגבניות ובזיליקום,עינת תעשיות מזון אגו,IL,קרוטונים לסלט,גרמים,200.00,100 גרם,false,0,11.90,5.95,true,1,
7290013358882,false,אייר פופס טורטייה טבעי40,דיאבטיקום,IL,חטיף אייר פופס,גרמים,40.00,100 גרם,false,0,5.00,12.50,true,1,
7290013358899,false,אייר פופס טורטייה חמוץ40,דיאבטיקום,IL,אייר פופס טורטייה חמוץ40,גרמים,40.00,100 גרם,false,0,5.00,12.50,true,1,
7290013440785,false,מאגדת קרחוני לייט לימון,נסטלה,IL,מאגדת קרחוני לייט לימון,גרמים,560.00,100 גרם,false,0,25.20,4.50,true,1,
7290013531414,false,רוטב פומודורו פרי מבורך,זנלכל,IL,רוטב פומודורו פרי מבורך,גרמים,260.00,100 גרם,false,0,6.90,2.65,true,1,
7290013540034,false,פתיתי טונה בשמן 158*4גרם,תעשיות פילטונה,IL,פתיתי טונה 4 יח,גרמים,632.00,100 גרם,false,0,20.90,3.31,true,1,
7290013540584,false,סרדינים בשמן צמחי 125גרם,תעשיות פילטונה,MA,סרדינים בשמן צמח,גרמים,125.00,100 גרם,false,0,5.90,4.72,true,1,
7290013566867,false,מאגדת חמשושים,נסטלה,IL,מאגדת חמשושים,גרמים,220.00,100 גרם,false,0,33.90,15.41,true,1,
7290013584175,false,ספרייט 1.5 ליטר מארז שישייה,החברה המרכזית לייצור משקאות,IL,ספרייט 1.5*6 ליטר,ליטרים,9.00,ליטר,false,0,36.90,4.10,true,1,
7290013584182,false,ספרייט בקבוק 1.5 לי,החברה המרכזית לייצור משקאות,IL,ספרייט 1.5 ליטר,ליטרים,1.50,ליטר,false,0,6.50,4.33,true,1,
7290013584816,false,"משק""ל פריגת לימונענע1.5ל",מבשלות בירה בינלאומיות ב,IL,"משק""ל פריגת",ליטרים,1.50,ליטר,false,0,6.50,4.33,true,1,
7290013585233,false,"ספרייט ZERO פחית סליק 330 מ""ל",החברה המרכזית לייצור משקאות,IL,"ספרייט זירו 330 מ""ל",מיליליטרים,330.00,"100 מ""ל",false,1,5.90,1.79,true,1,
7290013585240,false,ספרייט זירו בקבוק 1.,החברה המרכזית לייצור משקאות,IL,ספרייט זירו 1.5 ליטר,ליטרים,1.50,ליטר,false,1,6.50,4.33,true,1,
7290013585271,false,ספרייט זירו מארז שישייה,החברה המרכזית לייצור משקאות,IL,ספרייט זירו 1.5*6 ליטר,ליטרים,9.00,ליטר,false,1,36.90,4.10,true,1,
7290013585356,false,פיוז תה פירות יער 1.5ל',מבשלות בירה בינלאומיות,IL,פיוז תה פירות יער 1.5ל',ליטרים,1.50,ליטר,false,1,7.50,5.00,true,1,
7290013585370,false,קוקה קולה בקבוק 2 ל,החברה המרכזית לייצור משקאות,IL,קוקה קולה,ליטרים,2.00,ליטר,false,1,7.50,3.75,true,1,
7290013625229,false,פילה מקרל בשמן צמחי ופלפל חריף טעים 125 ג',טעמן,IL,פילה מקרל בשמן+פלפל 125ג,גרמים,125.00,100 גרם,false,0,8.90,7.12,true,1,
7290013625274,false,שמן מועשר קנולה 1 ליטר טעמן,,IL,שמן קנולה מועשר 1 ליטר,ליטרים,1.00,ליטר,false,0,12.60,12.60,true,1,
7290013625311,false,גרעיני תירס,,TH,גרעיני תירס,גרמים,340.00,100 גרם,false,0,6.00,1.76,true,1,
7290013625465,false,פיטריות שלמות 290 גרם,,NL,פיטריות שלמות 290 גרם,גרמים,290.00,100 גרם,false,0,7.90,2.72,true,1,
7290013625489,false,פרכיות חיטה מלאה 130 גרם,,BE,פרכיות חיטה מלאה 130 גרם,גרמים,130.00,100 גרם,false,0,7.40,5.69,true,1,
7290013625670,false,סינטטי חומצה אצטית מדוללת למזון 5%,טעמן,IL,חומץ סינטטי 1 ליטר,ליטרים,1.00,ליטר,false,0,3.90,3.90,true,1,
7290013625922,false,אטריות דקות טעמן 400 גרם,מוטלו,TR,איטריות דקות 400 גרם,גרמים,400.00,100 גרם,false,0,5.10,1.28,true,1,
7290013625939,false,"אטריות דקיקות בד""ץ טעמן 400 גרם",מוטלו,TR,איטריות דקיקות 400 גרם,גרמים,400.00,100 גרם,false,0,5.10,1.28,true,1,
7290013625953,false,איטריות רחבות 400 גרם,,TR,איטריות רחבות 400 גרם,גרמים,400.00,100 גרם,false,0,5.10,1.28,true,1,
7290013677006,false,חומוס גדול באריזת וואקום Selected,מיה תעשיות מזון מ.ת.מ. ב,IL,חומוס 500 גרם,גרמים,500.00,100 גרם,false,0,12.10,2.42,true,1,
7290013677051,false,פופקורן גרגרים בוואקום מיה 500 גר',מיה תעשיות מזון מ.ת.מ. ב,IL,פופקורן 500 גרם,גרמים,500.00,100 גרם,false,0,10.20,2.04,true,1,
7290013677068,false,כוסמת בוואקום מיה 500 גר',מיה תעשיות מזון מ.ת.מ. ב,IL,כוסמת 500 גרם,גרמים,500.00,100 גרם,false,0,12.20,2.44,true,1,
7290013677075,false,חיטה בוואקום מיה 500 גר',מיה תעשיות מזון מ.ת.מ. ב,IL,חיטה 500 גרם,גרמים,500.00,100 גרם,false,0,9.00,1.80,true,1,
7290013677112,false,בורגול באריזת וואקום Selected,מיה תעשיות מזון מ.ת.מ. ב,IL,בורגול 500 גרם,גרמים,500.00,100 גרם,false,0,9.00,1.80,true,1,
7290013677136,false,חומוס לבן ענק בוואקום יבש 500 גר',מיה תעשיות מזון מ.ת.מ. ב,IL,חומוס לבן 500 גר,גרמים,500.00,100 גרם,false,0,13.00,2.60,true,1,
7290013677198,false,אורז בסמטי 500 גרם,מיה,IL,אורז בסמטי 500 גרם,גרמים,500.00,100 גרם,false,0,12.20,2.44,true,1,
7290013677808,false,"אורז יסמין מיה 1 ק""ג",מיה,IL,"אורז יסמין 1 ק""ג",קילוגרמים,1.00,"ק""ג",false,0,10.20,10.20,true,1,
7290013702005,false,מים טעם פירות יער 1.5 ל,יפאורה שותפות מובגלת לשיווק,IL,מים טעם פירות יער 1.5 ל,ליטרים,1.50,ליטר,false,0,6.00,4.00,true,1,
7290013702029,false,שוופס מים טעם אפרסק 1.5ל,יפאורה שותפות מובגלת לשיווק,IL,שוופס מים טעם אפרסק 1.5ל,ליטרים,1.50,ליטר,false,0,6.00,4.00,true,1,
7290013702043,false,שוופס מים טעם ענבים 1.5ל,יפאורה שותפות מובגלת לשיווק,IL,שוופס מים טעם ענבים 1.5ל,ליטרים,1.50,ליטר,false,0,6.00,4.00,true,1,
7290013702463,false,שוופס מוגז לימונייד 1.5ל,יפאורה שותפות מובגלת לשיווק,IL,שוופס מוגז למונייד 1.5 ל,ליטרים,1.50,ליטר,false,0,6.50,4.33,true,1,
7290013702470,false,שוופס מוגז לימונדה ורודה,יפאורה שותפות מובגלת לשיווק,IL,שוופס מוגז לימונדה ורודה,ליטרים,1.50,ליטר,false,0,6.50,4.33,true,1,
7290013702494,false,שוופס מוגז למון ליים1.5ל,יפאורה שותפות מובגלת לשיווק,IL,שוופס למון ליים,ליטרים,1.50,ליטר,false,0,6.50,4.33,true,1,
7290013702500,false,שוופס דיאט למון ליים1.5ל,יפאורה שותפות מובגלת לשיווק,IL,שוופס דיאט למון ליים1.5ל,ליטרים,1.50,ליטר,false,0,6.50,4.33,true,1,
7290013702555,false,שוופס מוגז עדין אננס1.5ל,יפאורה שותפות מובגלת לשיווק,IL,שוופס מוגז עדין אננס1.5ל,ליטרים,15.00,ליטר,false,0,6.80,0.45,true,1,
7290013702951,false,שוופס למון ליים 1.5*6ל',יפאורה שותפות מובגלת לשיווק,IL,שוופס למון ליים 1.5*6ל',ליטרים,9.00,ליטר,false,0,39.60,4.40,true,1,
7290013702968,false,שוופס למ.ליים דיאט1.5*6ל,יפאורה שותפות מובגלת לשיווק,IL,שוופס למ.ליים דיאט1.5*6ל,ליטרים,9.00,ליטר,false,0,39.60,4.40,true,1,
7290013702999,false,שוופס מוגז גוארנה1.5ל,יפאורה שותפות מובגלת לשיווק,IL,שוופס מוגז גוארנה1.5ל,ליטרים,1.50,ליטר,false,0,6.80,4.53,true,1,
7290013847492,false,סטארקיסט טונה במים מארז 140X6ג',סטארקיסט,IL,טונה סטארקיסט,גרמים,840.00,100 גרם,false,1,34.90,4.15,true,1,
7290013848635,false,קרמה אלפא שמפו רגיל 700,גוד פוד פרודקטס S.p,IL,שמפו שיער קרמה,מיליליטרים,700.00,"100 מ""ל",false,0,20.90,2.99,true,1,
7290013848659,false,קרמה אלפא שמפו צבוע 700מ,קוסמופארם,IL,שמפו שיער קרמה,מיליליטרים,700.00,"100 מ""ל",false,0,20.90,2.99,true,1,
7290013883469,false,"אסטוניש קרם אמבט 550 מ""ל",אסטוניש -לידס,IL,אסטוניש קרם אמבט,מיליליטרים,550.00,"100 מ""ל",false,0,18.50,3.36,true,1,
7290013906212,false,"נקנקיות וינר טירת 1 ק""ג טירת צבי",הנסיך- מפעל לייצור ט,IL,נקניקיות וינר,קילוגרמים,1.00,"ק""ג",false,0,32.90,32.90,true,1,
7290013927019,false,עוגיות דיקליות קינמון אחווה 400 ג',"אחדות ביח""ר לטחינה",IL,דיקליות קינמון,גרמים,400.00,100 גרם,false,0,12.90,3.23,true,1,
7290014002128,false,תה ירוק לימונית ומנטה 25 שקיקים ויסוצקי,ויסוצקי ירוק,IL,תה ירוק לימונית,גרמים,37.00,100 גרם,false,0,26.90,72.70,true,1,
7290014002982,false,תה ירוק לימונית ולואיזה ויסוצקי 25 יחידות תוספת סטיביה,ויסוצקי ירוק,IL,תה ירוק סטיביה+לימונית25,גרמים,37.00,100 גרם,false,0,26.90,72.70,true,1,
7290014083806,false,עוגיות בטעם חמאה 350 גרם בפח,וילי פוד,PT,עוגיות טעם חמאה,גרמים,350.00,100 גרם,false,0,13.10,3.74,true,1,
7290014094116,false,מנצ'ס 200גרם,שקדיה,IL,מנצ'ס,גרמים,200.00,100 גרם,false,0,10.90,5.45,true,1,
7290014126077,false,מיסטר מאסל למטבח 5 ב,ג'ונסון,CN,מר מאסל למטבח,מיליליטרים,500.00,"100 מ""ל",false,0,17.90,3.58,true,1,
7290014126220,false,"מר מאסל רסס ונגב 750 מ""ל",AMBALAJ APS,TR,"מר מאסל רסס ונגב 750 מ""ל",מיליליטרים,750.00,"100 מ""ל",false,0,18.50,2.47,true,1,
7290014126237,false,מר מאסל לניקוי כללי 1ל,AMBALAJ APS,TR,מר מאסל לנ.כללי,ליטרים,1.00,ליטר,false,0,13.70,13.70,true,1,
7290014126312,false,מר מאסל לחדר אמבטיה 750מ,APS AMBALAJ,CN,מר מאסל לאמבטיה,מיליליטרים,750.00,"100 מ""ל",false,0,20.50,2.73,true,1,
7290014241787,false,גרעינים שחור ללא מלח 200 גר,,IL,גרעין שחור200ג',גרמים,200.00,100 גרם,false,0,5.90,2.95,true,1,
7290014258730,false,תרכובת מזון צמחי לתינוקות מגיל 12 חודשים ואילך,מטרנה תעשיות ש.מ,IL,מטרנה צמחית,גרמים,700.00,100 גרם,false,0,69.80,9.97,true,1,
7290014397279,false,שקיות מזון גדולות XL סנו סושי 300 יחידות,"אשפלסט תעשיות בע""מ",CN,שקיות מזון,יחידה,1.00,יחידה,false,0,12.30,12.30,true,1,
7290014397286,false,מרכך כביסה מרוכז חלב ודבש סנו מקסימה 1 ליטר,סנו-מקסימה,IL,מרכך כביסה מרוכז,ליטרים,1.00,ליטר,false,0,17.90,17.90,true,1,
7290014397293,false,מרכך מרוכז פריחה לבנה1ל,סנו-מקסימה,IL,מרכך מרוכז פריחה לבנה1ל,ליטרים,1.00,ליטר,false,0,17.90,17.90,true,1,
7290014397729,false,אקונומיקה פיסגה,,IL,אקונומיקה פיסגה,ליטרים,2.00,ליטר,false,0,10.00,5.00,true,1,
7290014459007,false,צ'יפס קוביות תפוחי א,"תעשיות תפוגן בע""\מ",IL,"קוביות ת""א",גרמים,700.00,100 גרם,false,0,16.00,2.29,true,1,
7290014459052,false,"שניצל תירס תפוגן 1.800ק""",תפוגן,IL,שניצל תירס תפוגן,קילוגרמים,1.80,"ק""ג",false,0,44.90,24.94,true,1,
7290014459069,false,נקניקיות מן הצומח 1.800ק,תפוגן,IL,נקניקיות מן הצומ,קילוגרמים,1.80,"ק""ג",false,0,46.90,26.06,true,1,
7290014473539,false,פטריות חתוכות דל נתרן 40,,NL,פטריות חתוכות דל נתרן 40,גרמים,400.00,100 גרם,false,0,6.90,1.73,true,1,
7290014603547,false,גל.קרמיסימו וניל+שוק1.3.,שטראוס,IL,גל.קרמיסימו וניל+שוק1.3.,מיליליטרים,665.00,"100 מ""ל",false,0,20.90,3.14,true,1,
7290014603554,false,קרמיסימו סנדיי וניל תות,שטראוס,IL,קרמיסימו סנדיי וניל תות,ליטרים,1.33,ליטר,false,0,20.90,15.71,true,1,
7290014603813,false,קרמיסימו מסטיק וניל 1330,גלידות 2 ב 36,IL,גלידת קרמיסימו,ליטרים,1.33,ליטר,false,0,20.90,15.71,true,1,
7290014603820,false,קרמיסימו ונילה פקאן 1330,שטראוס,IL,גלידת קרמיסימו,ליטרים,1.33,ליטר,false,0,20.90,15.71,true,1,
7290014725294,false,סוכרזית סוכרלוז סטיוויה 100 שקית,"סוכרזית בע""מ",IL,סוכרזית סוכרלוז 100שקיות,גרמים,100.00,100 גרם,false,0,19.90,19.90,true,1,
7290014745360,false,שניצל מעדן ביתי רובין600,עוף טוב,IL,שניצל מעדן ביתי,גרמים,600.00,100 גרם,false,0,40.00,6.67,true,1,
7290014746961,false,שניצל בציפוי מעודן700גרם,עוף טוב,IL,שניצל ביתי 700גר,גרמים,700.00,100 גרם,false,1,39.90,5.70,true,1,
7290014758162,false,חלב עיזים מלא 3.6% קרטון 1 ל' תנובה,תנובה מרכז שיתופי לש,IL,חלב עיזים מלא 1ל,ליטרים,1.00,ליטר,false,0,15.50,15.50,true,1,
7290014759084,false,גבינת שמנת נפוליאון 16% מופחת שומן תנובה 225 גרם,תנובה מרכז שיתופי לש,IL,גבינת נפוליאון 16% 225גר,גרמים,225.00,100 גרם,false,0,13.90,6.18,true,1,
7290014761056,false,מעדן שוקולד חלב יולו תנובה 123 גרם,מיוצר עי קונדיטוריית,IL,יולו שוקולד חלב,גרמים,123.00,100 גרם,false,0,4.50,3.66,true,1,
7290014761070,false,מעדן שוקולד לבן יולו תנובה 123 גרם,מיוצר עי קונדיטוריית,IL,יולו שוקולד לבן,גרמים,123.00,100 גרם,false,0,4.50,3.66,true,1,
7290014761612,false,מעדן שכבות שוקולד מריר ולבן יולו 122 גרם,מיוצר עי קונדיטוריית,IL,יולו שכבות שוקו.,גרמים,122.00,100 גרם,false,1,4.50,3.69,true,1,
7290014791077,false,ספרינג תה ענבים 1.5 ליטר,יפאורה שותפות מובגלת לשיווק,IL,ספרינג תה ענבים 1.5 ליטר,ליטרים,1.50,ליטר,false,0,6.20,4.13,true,1,
7290014791138,false,ספרינג קולקשן דובדבן1.25,יפאורה שותפות מובגלת לשיווק,IL,ספרינג קולקשן דובדבן1.25,ליטרים,1.25,ליטר,false,0,13.00,10.40,true,1,
7290014791237,false,שוופס מים 0קלור.אפרסק1.5,יפאורה שותפות מובגלת לשיווק,IL,שוופס מים 0קלור.אפרסק1.5,ליטרים,1.50,ליטר,false,0,6.00,4.00,true,1,
7290014791558,false,שוופס סודה נענע לי1.5*4ל,יפאורה שותפות מובגלת לשיווק,IL,שוופס סודה נענע לי1.5*4ל,ליטרים,6.00,ליטר,false,0,10.50,1.75,true,1,
7290014791565,false,שוופס מוגז ענבים 1.5ליטר,יפאורה שותפות מובגלת לשיווק,IL,שוופס מוגז ענבים 1.5ליטר,ליטרים,1.50,ליטר,false,1,6.80,4.53,true,1,
7290014791596,false,תפוזינה לימונדה ורודה1.5,יפאורה שותפות מובגלת לשיווק,IL,תפוזינה לימונדה,ליטרים,1.50,ליטר,false,0,5.90,3.93,true,1,
7290014791770,false,פרוט ווטר ענבים 1.5 ליטר,יפאורה שותפות מובגלת לשיווק,IL,פרוט ווטר ענבים 1.5 ליטר,ליטרים,1.50,ליטר,false,1,8.00,5.33,true,1,
7290014791787,false,פרוט ווטר אננס 1.5 ליטר,יפאורה שותפות מובגלת לשיווק,IL,פרוט ווטר אננס 1.5 ליטר,ליטרים,1.50,ליטר,false,1,8.00,5.33,true,1,
7290014791794,false,פרוט ווטר תפוח 1.5 ליטר,יפאורה שותפות מובגלת לשיווק,IL,פרוט ווטר תפוח 1.5 ליטר,ליטרים,1.50,ליטר,false,1,8.00,5.33,true,1,
7290014791800,false,פרוט ווטר אפרסק 1.5 ליטר,יפאורה שותפות מובגלת לשיווק,IL,פרוט ווטר אפרסק 1.5 ליטר,ליטרים,1.50,ליטר,false,1,8.00,5.33,true,1,
7290014791817,false,פרוט ווטר אבטיח 1.5 ליטר,יפאורה שותפות מובגלת לשיווק,IL,פרוט ווטר אבטיח 1.5 ליטר,ליטרים,1.50,ליטר,false,1,8.00,5.33,true,1,
7290014875074,false,שווארמה מן הצומח טיבעול,טבעול,IL,שווארמה מן הצומח,גרמים,400.00,100 גרם,false,0,27.90,6.98,true,1,
7290015037204,false,כרוב לבן קצוץ 400 ג' א. הראץ,קטיף.,IL,כרוב לבן 400גרם א.הארץ,גרמים,400.00,100 גרם,false,0,10.90,2.73,true,1,
7290015037273,false,פטרוזיליה אוצר הארץ - מהדרין,נסטלה שוויץ - רורשאך,IL,פטרוזליה אוצר הארץ יחידה,יחידה,1.00,יחידה,false,0,5.90,5.90,true,1,
7290015037297,false,שמיר אוצר הארץ - מהדרין,סאאדת,IL,שמיר אוצר הארץ,יחידה,1.00,יחידה,false,0,5.90,5.90,true,1,
7290015037402,false,בצל ירוק שקית-אוצר הארץ,סאמיט,IL,בצל ירוק א.הארץ יחידה,יחידה,1.00,יחידה,false,0,8.90,8.90,true,1,
7290015037419,false,סלרי אמריקאי אוצר הארץ,עבאדי,IL,סלרי אוצר הארץ יחידה,יחידה,1.00,יחידה,false,0,8.90,8.90,true,1,
7290015037426,false,עלי סלק אוצר הארץ יחידה,סאן רייז,IL,עלי סלק אוצר הארץ יחידה,יחידה,1.00,יחידה,false,0,7.90,7.90,true,1,
7290015037433,false,חסה ערבית אוצר הארץ יחיד,נסטלה קוריאה - קפה,IL,חסה ערבית א.הארץ,יחידה,1.00,יחידה,false,0,7.90,7.90,true,1,
7290015037440,false,"כרוב לבן שלם 1 ק""ג -א. הארץ",סאסאטק,IL,כרוב לבן שלם א.הארץ,גרמים,0.00,"ק""ג",true,0,13.90,13.90,true,1,
7290015057080,false,פעקלך קטן,,IL,פעקלך קטן,יחידה,1.00,יחידה,false,0,4.00,4.00,true,1,
7290015057400,false,שמן פיסטוק אגוז,,IL,שמן פיסטוק אגוז,ליטרים,1.00,ליטר,false,0,31.90,31.90,true,1,
7290015057516,false,עוג.סנדביץ' שוקו,,IL,עוג.סנדביץ' שוקו,גרמים,240.00,100 גרם,false,0,6.90,2.88,true,1,
7290015057523,false,עוג.סנדביץ' וניל,,IL,עוג.סנדביץ' וניל,גרמים,240.00,100 גרם,false,0,6.90,2.88,true,1,
7290015139229,false,מטבעות שוקולד זהב סגול 42 גרם כרמית,כרמית,IL,מטבעות שוקולד,גרמים,42.00,100 גרם,false,1,5.50,13.10,true,1,
7290015150378,false,תה קר אפרסק 20 שקיקים,ויסוצקי,IL,תה קר אפרסק,גרמים,50.00,100 גרם,false,1,18.90,37.80,true,1,
7290015150392,false,תה קר לימונענע 20 שקיקים,ויסוצקי,IL,תה קר לימונענע,גרמים,50.00,100 גרם,false,1,18.90,37.80,true,1,
7290015282437,false,חציל על האש 300 גרם,סלטי שמיר,IL,חציל על האש 300 גרם,גרמים,300.00,100 גרם,false,0,9.90,3.30,true,1,
7290015282451,false,חומוס מזרחי 300 גרם,סלטי שמיר,IL,חומוס מזרחי 300 גרם,גרמים,300.00,100 גרם,false,0,9.50,3.17,true,1,
7290015282468,false,כרוב אדום 300 גרם,סלטי שמיר,IL,כרוב אדום 300 גרם,גרמים,300.00,100 גרם,false,0,10.00,3.33,true,1,
7290015282475,false,טחינה 300 גרם,סלטי שמיר,IL,טחינה 300 גרם,גרמים,300.00,100 גרם,false,0,9.50,3.17,true,1,
7290015282482,false,חציל במיונז 300 גרם,סלטי שמיר,IL,חציל במיונז 300 גרם,גרמים,300.00,100 גרם,false,0,9.50,3.17,true,1,
7290015282499,false,קולסלאו אמריקאי 300 גרם,סלטי שמיר,IL,קולסלאו אמריקאי 300 גרם,גרמים,300.00,100 גרם,false,0,10.00,3.33,true,1,
7290015282505,false,סלק 300 גרם,סלטי שמיר,IL,סלק 300 גרם,גרמים,300.00,100 גרם,false,0,10.00,3.33,true,1,
7290015282512,false,מטבוחה 300 גרם,סלטי שמיר,IL,מטבוחה 300 גרם,גרמים,300.00,100 גרם,false,0,10.00,3.33,true,1,
7290015282529,false,תורכי איסטנבול 300 גרם,סלטי שמיר,IL,תורכי איסטנבול 300 גרם,גרמים,300.00,100 גרם,false,0,10.00,3.33,true,1,
7290015282543,false,חציל בטחינה 300 גרם,סלטי שמיר,IL,חציל בטחינה 300 גרם,גרמים,300.00,100 גרם,false,0,10.00,3.33,true,1,
7290015282550,false,חציל סלוניקי 300 גרם,סלטי שמיר,IL,חציל סלוניקי 300 גרם,גרמים,300.00,100 גרם,false,0,10.00,3.33,true,1,
7290015282567,false,חציל רומני 300 גרם,סלטי שמיר,IL,חציל רומני 300 גרם,גרמים,300.00,100 גרם,false,0,10.00,3.33,true,1,
7290015339261,false,פסטה ספירלה,,IL,פסטה ספירלה,גרמים,350.00,100 גרם,false,0,2.30,0.66,true,1,
7290015339285,false,פסטה צינורות,,TR,פסטה צינורות,גרמים,350.00,100 גרם,false,0,2.30,0.66,true,1,
7290015339292,false,פסטה קונכיות,,TR,פסטה קונכיות,גרמים,350.00,100 גרם,false,0,2.30,0.66,true,1,
7290015339308,false,פסטה ספגטי,,TR,פסטה ספגטי,גרמים,350.00,100 גרם,false,0,2.30,0.66,true,1,
7290015339391,false,משמש חצאים בסירופ קל 950,לייני קיווי קנד פודסטאף,CN,משמש חצאים בסירופ קל 950,גרמים,950.00,100 גרם,false,1,9.90,1.04,true,1,
7290015339704,false,"אורז הודי בסמטי טעמן 1 ק""ג",מ.ר אוברסיז,IN,אורז הודי,קילוגרמים,1.00,"ק""ג",false,1,11.90,11.90,true,1,
7290015395014,false,תערובת פיצוחים קלויה170ג,שקדיה,IL,תערובת פיצוחים,גרמים,170.00,100 גרם,false,0,16.90,9.94,true,1,
7290015597036,false,מאגדת מיני מגנום טירמיסו,שטראוס,IL,מאגדת מיני מגנום,גרמים,285.00,100 גרם,false,0,29.90,10.49,true,1,
7290019297864,false,קשיו קלוי שקדיה 170גרם,שקדיה,IL,קשיו קלוי 170גרם,גרמים,170.00,100 גרם,false,0,16.90,9.94,true,1,
7290055090689,false,מיני קוקיס מרוקאיות600ג,כרמית,IL,מיני קוקיס,גרמים,600.00,100 גרם,false,0,16.90,2.82,true,1,
7290055090801,false,כרמית שוקולד לבן ללא תוספת סוכר 85 גרם,"כרמית תעשיות ממתקים בע""\",IL,"שוקולד לבן ללת""ס 85 גרם",גרמים,85.00,100 גרם,false,0,8.30,9.76,true,1,
7290100240144,false,"תרסיס ריחני למייבש ורוד בדין 500 מ""ל","זוהר דליה, קיבוץ דליה, 1",IL,תרסיס למייבש,מיליליטרים,500.00,"100 מ""ל",false,0,20.70,4.14,true,1,
7290100242353,false,ברנפלקס 750 גרם,יוניליוור,,ברנפלקס,גרמים,750.00,100 גרם,false,0,31.00,4.13,true,1,
7290100243664,false,"בדין אקסטרה סגול 960 מ""ל",יוניליוור,TR,מרכך כביסה בדין,מיליליטרים,960.00,"100 מ""ל",false,0,19.90,2.07,true,1,
7290100243671,false,"מרכך כביסה מרוכז אקסטרה כחול בדין 960 מ""ל",יוניליוור סנאיי וי טיקאר,TR,מרכך כביסה בדין,מיליליטרים,960.00,"100 מ""ל",false,0,19.90,2.07,true,1,
7290100243688,false,"בדין אקסטרה ורוד 960 מ""ל",יונילוור - תורכיה,TR,מרכך כביסה בדין,מיליליטרים,960.00,"100 מ""ל",false,0,19.90,2.07,true,1,
7290100243800,false,גרנולה צימוקים ושקדים400,יוניליוור,IL,גרנולה,גרמים,400.00,100 גרם,false,0,20.80,5.20,true,1,
7290100249383,false,מרק פטריות 400 גרם,יוניליוור,IL,מרק פטריות,גרמים,400.00,100 גרם,false,0,26.40,6.60,true,1,
7290100249390,false,מרק טעם עוף ר.טבעיים400ג,יוניליוור,IL,מרק טעם עוף,גרמים,400.00,100 גרם,false,0,19.50,4.88,true,1,
7290100613627,false,גרעין דלעת קלוי וממולח,א.ע.ש. קליית ציון,IL,גרעין דלעת קלוי,גרמים,200.00,100 גרם,false,0,11.90,5.95,true,1,
7290100613634,false,שקד קלוי וממולח 200גרם,א.ע.ש. קליית ציון,IL,שקד קלוי וממולח,גרמים,200.00,100 גרם,false,0,24.90,12.45,true,1,
7290100613641,false,קשיו קלוי וממולח 200גרם,א.ע.ש. קליית ציון,IL,קשיו קלוי וממולח,גרמים,200.00,100 גרם,false,0,22.90,11.45,true,1,
7290100653586,false,"דאודורנט ג'ל פרש פיוזן 24/7 ליידי ספיד סטיק 65 מ""ל",ליידי ספיד סטיק Lady Speed Stick,US,דאודורנט,גרמים,65.00,100 גרם,false,0,28.30,43.54,true,1,
7290100680667,false,מנה חמה נודלס בסגנון סצ'ואן אסם 76 גרם,PUB FOODS PRESIDENT THAI,TH,מנה חמה נודלס,גרמים,76.00,100 גרם,false,0,7.50,9.87,true,1,
7290100680711,false,פירורית זהב אסם זהב 350ג',עינת תעשיות מזון אגו,IL,פירורית זהב אסם,גרמים,350.00,100 גרם,false,0,9.50,2.71,true,1,
7290100680728,false,פירורית רגילה 350 ג' אוסם,מיוצר עי קונדיטוריית,IL,פירורית אסם,גרמים,350.00,100 גרם,false,0,7.90,2.26,true,1,
7290100681138,false,מארז אפרופו חטיף תירס 3 יחידות,"אסם השקעות בע""\מ",IL,אפרופו 3יח במארז,גרמים,150.00,100 גרם,false,0,12.60,8.40,true,1,
7290100684146,false,פסטה גלגלים גלגלים 500 ג,זארה,IT,פסטה גלגלים אסם,גרמים,500.00,100 גרם,false,0,5.80,1.16,true,1,
7290100685136,false,"אבקת מרק בטעם עוף אסם 1 ק""ג","אסם השקעות בע""\מ",IL,"מרק טעם עוף פרווה 1 ק""ג",קילוגרמים,1.00,"ק""ג",false,0,11.90,11.90,true,1,
7290100685334,false,אבקת מרק עוף אמיתי בשרי רכיבים טבעיים אסם 400 גרם,"אסם השקעות בע""\מ",IL,מרק עוף רכיבים טבעיים400,גרמים,400.00,100 גרם,false,0,27.30,6.83,true,1,
7290100687109,false,אוסם - במבה במילוי קרם נוגט 60 גרם,"אסם השקעות בע""\מ",IL,במבה נוגט,גרמים,60.00,100 גרם,false,0,5.00,8.33,true,1,
7290100689035,false,פייבר וואן נסטלה 460 גרם,ג'נרל מילס,US,פייבר וואן,גרמים,460.00,100 גרם,false,0,24.90,5.41,true,1,
7290100689264,false,האני נאט צ'יריוס 615 גרם,ג'נרל מילס,US,הני נאט צ'יריוס,גרמים,615.00,100 גרם,false,0,25.60,4.16,true,1,
7290100689301,false,אבקת מרק בטעם עוף זך עדיף אסם 400 גרם,"אסם השקעות בע""\מ",IL,מרק בטעם עוף זך,גרמים,400.00,100 גרם,false,0,16.20,4.05,true,1,
7290100700006,false,"חיטה סוגת 1 ק""ג","סוגת תעשיות בע""\מ",IL,חיטה,קילוגרמים,1.00,"ק""ג",false,0,8.30,8.30,true,1,
7290100700020,false,סוגת גריסי פנינה 500 גרם,האי נאם סי או אל.טי.,IL,גריסי פנינה,גרמים,500.00,100 גרם,false,0,7.00,1.40,true,1,
7290100700327,false,"גריסי פנינה סוגת 1 ק""ג","סוגת תעשיות בע""\מ",IL,"גריסי פנינה 1ק""ג",קילוגרמים,1.00,"ק""ג",false,0,11.00,11.00,true,1,
7290100700396,false,"סוגת אורז יסמין קלאסי 1 ק""ג",האי נאם סי או אל.טי.,IL,אורז יסמין סוגת,קילוגרמים,1.00,"ק""ג",false,0,16.50,16.50,true,1,
7290100700587,false,"בורגול ""סוגת"" 500 גרם",האי נאם סי או אל.טי.,IL,בורגול 500 גרם,גרמים,500.00,100 גרם,false,0,6.50,1.30,true,1,
7290100701454,false,גרישה בורגול דק סוגת 500 גרם,"סוגת תעשיות בע""\מ",IL,גרישה 500 גרם,גרמים,500.00,100 גרם,false,0,6.50,1.30,true,1,
7290100702277,false,קוסקוס עבה סוגת 350 גרם,"אסיף תעשיות מזון בע""",IL,קוסקוס עבה 350 ג,גרמים,350.00,100 גרם,false,0,8.10,2.31,true,1,
7290100850411,false,חטיף מיני מיקס מעורב,שטראוס גרופ,IL,מיקס חטיפים 190 גרם,גרמים,190.00,100 גרם,false,0,14.60,7.68,true,1,
7290100850459,false,מיקס ירוק עלית 390 ג,STRAUSS-ISRAEL,IL,מיקס חטיפים 390 גרם,גרמים,390.00,100 גרם,false,0,24.40,6.26,true,1,
7290100850909,false,דוריטוס נאצ'ו מקסיקני 70 גרם,"שטראוס פריטו ליי בע""\מ",IL,דוריטוס נאצ'ו,גרמים,70.00,100 גרם,false,0,3.40,4.86,true,1,
7290100850916,false,דוריטוס חמוץ חריף מעודן 70 גרם כשר לפסח,"שטראוס פריטו ליי בע""\מ )",IL,דוריטוס חמוץ ח,גרמים,70.00,100 גרם,false,0,3.40,4.86,true,1,
7290100850930,false,דוריטוס בטעם טבעי 70 גרם,"שטראוס פריטו ליי בע""\מ )",IL,חטיף דוריטוס דיפ,גרמים,70.00,100 גרם,false,0,3.40,4.86,true,1,
7290100852606,false,קפה טורקי 100*4 גרם,שטראוס קפה בי.ויn\.,IL,קפה טורקי 4 יח,גרמים,400.00,100 גרם,false,0,29.50,7.38,true,1,
7290100853689,false,בראוניס שוקולד עשירה380ג,STRAUSS-ISRAEL,IL,בראוניס שוקולד,גרמים,380.00,100 גרם,false,0,17.30,4.55,true,1,
7290100858219,false,טבלת פסק זמן טראפלס110גר,STRAUSS-ISRAEL,IL,טבלת פסק זמן,גרמים,110.00,100 גרם,false,0,8.40,7.64,true,1,
7290100858226,false,טבלת פסק זמן קלאסי110גרם,STRAUSS-ISRAEL,IL,טבלת פסק זמן,גרמים,110.00,100 גרם,false,0,8.40,7.64,true,1,
7290100858608,false,אבקת קקאו עלית שקית 500 ג',שטראוס קפה בי.ויn\.,IL,קקאו עלית 500 גרם,גרמים,500.00,100 גרם,false,0,32.80,6.56,true,1,
7290100858868,false,מסטיק מאסט מנטה עדין28גר,עלית,IL,מסטיק מאסט,גרמים,28.00,100 גרם,false,0,4.60,16.43,true,1,
7290100858875,false,מסטיק מאסט מנטה קלאסי28ג,עלית,IL,מסטיק מאסט,גרמים,28.00,100 גרם,false,0,4.60,16.43,true,1,
7290100921548,false,קרם רחצה הוואי רימון750מ,טרופיקל דגיל,IL,קרם רחצה הוואי,מיליליטרים,750.00,"100 מ""ל",false,0,15.30,2.04,true,1,
7290100921722,false,הוואי סבון מגנוליה100*4ג,טרופיקל דגיל,IL,סבון הוואי 4 יח,גרמים,400.00,100 גרם,false,0,13.70,3.43,true,1,
7290100921784,false,ג'ל רחצה הוואי אשכול750מ,טרופיקל דגיל,IL,ג'ל רחצה הוואי,מיליליטרים,750.00,"100 מ""ל",false,0,15.30,2.04,true,1,
7290100922408,false,תחליב רחצה הוואי נקטר750,טרופיקל דגיל,IL,תחליב רחצה הוואי נקטר750,מיליליטרים,750.00,"100 מ""ל",false,0,15.30,2.04,true,1,
7290100925478,false,פרסיל ג'ל כביסה 5 ליטר,הנקל סוד,IL,פרסיל ג'ל כביסה,ליטרים,5.00,ליטר,false,0,66.10,13.22,true,1,
7290100928585,false,"סוד אבקה שושן מרענן לצבעונית 5 ק""ג",סוד,IL,אבקת כביסה סוד,קילוגרמים,5.00,"ק""ג",false,0,46.90,9.38,true,1,
7290100928752,false,"נוזל הברקה למדיח 750 מ""ל",יושלם,IL,"נוזל הברקה למדיח 750 מ""ל",מיליליטרים,750.00,"100 מ""ל",false,0,23.20,3.09,true,1,
7290100928837,false,מרכך הוואי לברק קורן 700,טרופיקל דגיל,IL,מרכך הוואי,מיליליטרים,700.00,"100 מ""ל",false,0,9.90,1.41,true,1,
7290100928851,false,תח.רחצה הוואי חוחובה 750,טרופיקל דגיל,IL,תחליב רחצה הוואי,מיליליטרים,750.00,"100 מ""ל",false,0,15.30,2.04,true,1,
7290100929681,false,ג'ל רח.הוואי גבר כתום750,טרופיקל דגיל,IL,ג'ל רח.הוואי גבר כתום750,מיליליטרים,750.00,"100 מ""ל",false,0,15.30,2.04,true,1,
7290100929698,false,ג'ל רח.הוואי גבר כחול750,טרופיקל דגיל,IL,ג'ל רחצה הוואי,מיליליטרים,750.00,"100 מ""ל",false,0,15.30,2.04,true,1,
7290101488286,false,"ליידי ספיד סטיק - דאודורנט ספריי לאישה 24/7 פרש פיוזן ורוד 150 מ""ל",ליידי ספיד סטיק Lady Speed Stick,RU,ליידי ספיד סטיק,מיליליטרים,150.00,"100 מ""ל",false,0,24.40,16.27,true,1,
7290101488323,false,ליידי ספיד סטיק - דאודורנט סטיק לאישה ללא סימן ירוק סטיק 65 גרם,ליידי ספיד סטיק Lady Speed Stick,US,ליידי ספיד סטיק,גרמים,65.00,100 גרם,false,0,28.90,44.46,true,1,
7290101863410,false,"סיליט באנג ספריי ניקוי עוצמתי מכיל אקונומיקה 750 מ""ל",סיליט באנג Cillit Bang,PL,סילים ספריי,מיליליטרים,750.00,"100 מ""ל",false,0,15.90,2.12,true,1,
7290101864127,false,"ספריי להסרת כתמים 750 מ""ל וניש קליה",קליה וניש Kalia Vanish,IL,וניש קליה ספריי,מיליליטרים,750.00,"100 מ""ל",false,0,21.90,2.92,true,1,
7290101866633,false,וניש קליה גל להסרת כתמים 3 ליטר אוקסיפרש,קליה וניש Kalia Vanish,IL,וניש קליה ג'ל,ליטרים,3.00,ליטר,false,0,30.00,10.00,true,1,
7290101869825,false,"אירוויק מילוי למכשיר חשמלי בניחוח אואזיס 19 מ""ל",איירוויק Air Wick,HU,אירוויק מילוי,מיליליטרים,19.00,"100 מ""ל",false,1,27.90,146.84,true,1,
7290101869832,false,"אירוויק מילוי מבשם אויר חשמלי חלום ליל קיץ 19 מ""ל",איירוויק Air Wick,HU,אירוויק מילוי,מיליליטרים,19.00,"100 מ""ל",false,1,27.90,146.84,true,1,
7290101869924,false,מילוי מבשם אויר חשמלי מסתור אקזוטי בודד,רקיט בנקיזר,PL,אירוויק מילוי,מיליליטרים,19.00,"100 מ""ל",false,1,27.90,146.84,true,1,
7290101869962,false,"אירוויק מקלות ריחניים בניחוח חלום ליל קיץ 30 מ""ל",איירוויק Air Wick,HU,מקלות ריחניים,יחידה,1.00,יחידה,false,1,22.90,22.90,true,1,
7290102032822,false,מסטיק מאסט דובדבן מגד28.,עלית,IL,מסטיק מאסט,גרמים,28.00,100 גרם,false,0,4.60,16.43,true,1,
7290102035007,false,מסטיק מאסט בטעם בזוקה28ג,STRAUSS-ISRAEL,IL,מסטיק מאסט,גרמים,28.00,100 גרם,false,0,4.60,16.43,true,1,
7290102060979,false,"אלמקס משחת שיניים למניעת עששת 100מ""ל",יבואן ומשווק: ש. שסט,PL,משחת שיניים,מיליליטרים,100.00,"100 מ""ל",false,0,16.70,16.70,true,1,
7290102390465,false,יוגורט ביו עם קציפת אפרסק ופסיפלורה 3% שומן 150 ג' מולר,מולר Muller,IL,יוגורט מולר,מיליליטרים,150.00,"100 מ""ל",false,0,5.20,3.47,true,1,
7290102392049,false,גבינה לאפיה תבור ללא תוספת מלח 5% משק צוריאל 500 גרם,מחלבת משק צוריאל,IL,תבור גבינה לאפיה5% 500ג,גרמים,500.00,100 גרם,false,0,25.20,5.04,true,1,
7290102392094,false,חלב עיזים 3.7% בקרטון משק צוריאל 1 ליטר,מילקו תעשיות בעמ,IL,חלב עיזים קרטון,ליטרים,1.00,ליטר,false,0,16.80,16.80,true,1,
7290102392636,false,שמנת מתוקה עמידה38% 250מ,מילקו תעשיות בעמ,IL,שמנת מתוקה עמידה,מיליליטרים,250.00,"100 מ""ל",false,0,6.20,2.48,true,1,
7290102393039,false,"יוגורט ביו קרמי מיקס פצפוצי שוקולד 7.6% מולר 170 מ""ל",קריות זול,IL,יוגורט מולר מיקס,גרמים,150.00,100 גרם,false,0,5.90,3.93,true,1,
7290102393169,false,"יוגורט סימפלי פרוט בטעם תות 3% מולר 150 מ""ל",מולר Muller,IL,יוגורט מולר תות,גרמים,150.00,100 גרם,false,0,4.90,3.27,true,1,
7290102393268,false,גבינה לבנה 5% שומן 750 ג' טרה,הפריט בפיקוח,IL,גבינה לבנה 5%,גרמים,750.00,100 גרם,false,0,14.40,1.92,true,1,
7290102393299,false,יוגורט עיזים לשתייה 3% משק צוריאל 500 גרם,מיוצר עי קוד יצרן HG,IL,יוגורט עיזים,גרמים,500.00,100 גרם,false,0,12.80,2.56,true,1,
7290102393855,false,יוגורט עיזים 2.5% עם אפרסק משק צוריאל 150 גרם,מחלבת משק צוריאל,IL,יוגורט עיזים,גרמים,150.00,100 גרם,false,0,6.10,4.07,true,1,
7290102394081,false,"יוגורט ביו קרמי מיקס קורנפלקס מצופה שוקולד מולר 170 מ""ל",מילקו תעשייה בעמ,IL,יוגורט מולר מיקס,גרמים,180.00,100 גרם,false,0,5.90,3.28,true,1,
7290102394821,false,נעם גבינה צהובה פרוסה 28% טרה 200 גרם,מילקו תעשיות בעמ,IL,גבינה צהובה דק,גרמים,200.00,100 גרם,false,0,15.80,7.90,true,1,
7290102394845,false,נעם גבינה צהובה לייט פרוסה דק דק 9% טרה 200 גרם,מילקו תעשיות בעמ,IL,גבינה צהובה דק9%,גרמים,200.00,100 גרם,false,0,16.50,8.25,true,1,
7290102395231,false,שמיניית יוגורט ביו ביאנקו 2.8% מולר 150 גרם,מולר Muller,IL,יוגורט ביאנקו 8י,קילוגרמים,1.20,"ק""ג",false,0,16.70,13.92,true,1,
7290102395446,false,מעדן חלב בטעם וניל עם קצפת 123 ג' טרה,Unknown,IL,מו וניל וקצפת,גרמים,123.00,100 גרם,false,0,2.80,2.28,true,1,
7290102395460,false,מו שוקולד אגוזים+קצפת123,טרה,IL,מו שוקולד אגוזים,גרמים,123.00,100 גרם,false,0,2.80,2.28,true,1,
7290102395477,false,מעדן חלב בטעם שוקולד עם קצפת 123 ג' טרה,Unknown,IL,מו שוקולד וקצפת,גרמים,123.00,100 גרם,false,0,2.80,2.28,true,1,
7290102396245,false,יוגורט נטורל+פ.יער 150ג,טרה,IL,יוגורט נטורל,גרמים,150.00,100 גרם,false,1,4.20,2.80,true,1,
7290102396399,false,שמיניית מעדן שוקולד מוו 1.5% טרה 100 גרם,Unknown,IL,מעדן שוקולד 8 יח,גרמים,800.00,100 גרם,false,0,13.50,1.69,true,1,
7290102396597,false,מעדן מוו וניל ומוס שוקולד טרה 118 גרם,טרה,IL,מעדן מו וניל,גרמים,123.00,100 גרם,false,0,2.80,2.28,true,1,
7290102396924,false,מעדן מוו בננה+מוס שוק118,טרה,IL,מעדן מוו בננה,גרמים,118.00,100 גרם,false,1,2.80,2.37,true,1,
7290102397006,false,חלב במתיקות מעודנת3% 1ל',טרה,IL,חלב במתיקות 3%,ליטרים,1.00,ליטר,false,1,7.80,7.80,true,1,
7290102397167,false,משקה יוגsip. תות בננה250,טרה,IL,משקה יוגורט מולר,מיליליטרים,250.00,"100 מ""ל",false,1,5.40,2.16,true,1,
7290102397204,false,"גבנ""צ דק דק נעם פתיחה חוזרת 22% 200 גרם",מילקו תעשיות בעמ,IL,גבינה צהובה נעם,גרמים,200.00,100 גרם,false,1,15.80,7.90,true,1,
7290103126797,false,"קולגייט משחת שיניים סנסיטיב פרו ריליף 75 מ""ל",הנסיך- מפעל לייצור ט,BR,משחת קולגייט,מיליליטרים,75.00,"100 מ""ל",false,0,26.20,34.93,true,1,
7290103401276,false,מעדן תאנים 100%פרי 250 ג,יד מרדכי,IL,מעדן תאנים,גרמים,250.00,100 גרם,false,0,15.00,6.00,true,1,
7290103401429,false,קפה קצב ברזילאי אוריגינס 200 גר,הנסיך- מפעל לייצור ט,IL,קפה נמס קצב ברזילאי200גר,גרמים,200.00,100 גרם,false,0,30.90,15.45,true,1,
7290103402839,false,אצבעות שוקולד+עדשים96גרם,שטראוס,IL,אצבעות שוקולד,גרמים,96.00,100 גרם,false,0,7.90,8.23,true,1,
7290103402853,false,אצבעות שוקולד מגדים 96 ג,STRAUSS-ISRAEL,IL,אצבעות שוקולד,גרמים,96.00,100 גרם,false,0,7.90,8.23,true,1,
7290103402860,false,אצבעות שוק.עדשים מגדים96,עלית,IL,אצבעות שוקולד,גרמים,96.00,100 גרם,false,0,7.90,8.23,true,1,
7290103404024,false,"אנרג'י שייפ אגוז ללת""ס",שטראוס,IL,חטיפי אנרג'י 6יח,גרמים,120.00,100 גרם,false,0,18.30,15.25,true,1,
7290103407209,false,תפוצ'יפס קידס 30*6 גרם,עלית,IL,תפוצ'יפס קידס6יח,גרמים,180.00,100 גרם,false,0,12.20,6.78,true,1,
7290103407223,false,אצבעות שוק+סוכ.קופצות96ג,STRAUSS-ISRAEL,IL,אצבעות שוקולד,גרמים,96.00,100 גרם,false,0,7.90,8.23,true,1,
7290103407902,false,מארז מיני מילקי מהדרין 8,STRAUSS-ISRAEL,IL,מיני מילקי 8יח',גרמים,720.00,100 גרם,false,0,11.40,1.58,true,1,
7290103680039,false,יין תבור סדרת הר מרל,האי נאם סי או אל.טי.,IL,מרלו הר תבור,מיליליטרים,750.00,"100 מ""ל",false,0,42.90,5.72,true,1,
7290103680046,false,יין תבור הר קברנה סו,יקב תבור,IL,"קברנה הר תבור 750 מ""ל",מיליליטרים,750.00,"100 מ""ל",false,0,42.90,5.72,true,1,
7290103700102,false,מגבות מטבח טאצ' 8 יח,,IL,מגבות מטבח טאצ' 8 יח,מטרים,84.00,100 מטר,false,0,13.20,15.71,true,1,
7290103700997,false,נייר טואלט לובלי 40 גלילים,,IL,נייר טואלט לאבלי 40 גליל,יחידה,1.00,יחידה,false,0,39.90,39.90,true,1,
7290103701093,false,טאצ' מטליות מיקרופייבר לרצפה 2 יח',"שניב תעשיות נייר בע""",IL,טאץ מיקרופייבר לריצפה,יחידה,1.00,יחידה,false,1,17.90,17.90,true,1,
7290103701130,false,מטליות מיקרופייבר לניקוי כללי טאצ 7 יח,שניב,IL,מיקרופייבר לניקוי כללי,יחידה,1.00,יחידה,false,1,17.90,17.90,true,1,
7290104060403,false,מסטיק מאסט בזוקה ענבים 28 ג',שטראוס גרופ,IL,מסטיק מאסט בזוקה,גרמים,28.00,100 גרם,false,0,4.60,16.43,true,1,
7290104061219,false,וופל אצבעות רבע לשבע קרם אגוזים עלית 120ג',"שטראוס גרופ בע""מ",IL,רבע לשבע אגוז,גרמים,120.00,100 גרם,false,0,12.60,10.50,true,1,
7290104061417,false,סלט חומוס עם טחינה אחלה 400 גרם,"שטראוס גרופ בע""\מ",IL,חומוס עם טחינה אחלה 400ג,גרמים,400.00,100 גרם,false,0,11.50,2.88,true,1,
7290104061424,false,סלט חומוס עם זעתר אחלה 400 גרם,מיוצר עי קונדיטוריית,IL,חומוס עם זעתר אחלה 400 ג,גרמים,400.00,100 גרם,false,0,11.50,2.88,true,1,
7290104061431,false,סלט חומוס עם צנובר אחלה 400 גרם,"שטראוס גרופ בע""\מ",IL,חומוס עם צנובר אחלה 400ג,גרמים,400.00,100 גרם,false,0,11.50,2.88,true,1,
7290104061448,false,סלט חומוס עם חריף אחלה 400 גרם,מיוצר עי קונדיטוריית,IL,חומוס עם חריף אחלה 400 ג,גרמים,400.00,100 גרם,false,0,11.50,2.88,true,1,
7290104062599,false,מארז 8 יחידות מעדן גמדים בטעמי תות ובננה,"שטראוס בריאות בע""\מ",IL,גמדים תות בננה,גרמים,800.00,100 גרם,false,0,18.10,2.26,true,1,
7290104064111,false,אנרג'י שייפ שוק.מריר 6יח,שטראוס,IL,חטיפי אנרג'י 6יח,גרמים,156.00,100 גרם,false,0,18.30,11.73,true,1,
7290104065187,false,אבקה להכנת משקה קפה בטעם מוקה,שטראוס גרופ,IL,קפה נמס מוקה 200 גרם,גרמים,200.00,100 גרם,false,0,28.30,14.15,true,1,
7290104066016,false,"מילקי טופ עדשים 170 מ""ל","שטראוס גרופ בע""\מ",IL,מילקי טופ עדשים,מיליליטרים,170.00,"100 מ""ל",false,0,4.90,2.88,true,1,
7290104066566,false,טחינה משומשום מלא אח,מיוצר עי קונדיטוריית,IL,טחינה אחלה 500גר,גרמים,500.00,100 גרם,false,0,15.30,3.06,true,1,
7290104068539,false,מאסט פליפטופ מלון ואבטיח ללא גרעינים,"שטראוס גרופ בע""מ",IL,מסטיק מאסט,גרמים,28.00,100 גרם,false,0,4.60,16.43,true,1,
7290104504228,false,מיני דובונים אסם 100 גרם מארז 5 יחידות,"אסם השקעות בע""\מ",IL,מיני דובונים 5יח,גרמים,100.00,100 גרם,false,0,13.90,13.90,true,1,
7290104509568,false,במבה ללא גלוטן 80 גרם,אסם,IL,במבה ללא גלוטן,גרמים,80.00,100 גרם,false,0,4.30,5.38,true,1,
7290104570162,false,תמרים ללא חרצנים תמר כבוש 500 גרם,תמר העמקים בית שאן,IL,תמר כבוש500גרם,גרמים,500.00,100 גרם,false,0,16.90,3.38,true,1,
7290104570629,false,ממרח גביע ירוק 450 ג' ירדן,"תמר העמקים בע""מ",IL,ממרח תמרים,גרמים,450.00,100 גרם,false,1,6.90,1.53,true,1,
7290104720499,false,מארז 8 יחידות מעדן דני בטעם וניל 1.5%,מיוצר עי קונדיטוריית,IL,דני וניל 8 יח',קילוגרמים,1.00,"ק""ג",false,0,14.90,14.90,true,1,
7290104721533,false,רצועות פלפלים קלויים אחלה 400 ג',מיוצר עי קונדיטוריית,IL,רצועות פלפלים,גרמים,400.00,100 גרם,false,0,15.90,3.98,true,1,
7290104722028,false,שוקולד פרה לבן מגדים100ג,STRAUSS-ISRAEL,IL,שוקולד לבן מגדים,גרמים,100.00,100 גרם,false,0,5.90,5.90,true,1,
7290104723674,false,קפה נמס מיובש בהקפאה200ג,עלית,IL,קפה נמס מיובש,גרמים,200.00,100 גרם,false,0,30.90,15.45,true,1,
7290104724718,false,שוק.במילוי קרם נוגט100גר,"שטראוס גרופ בע""מ",IL,שוק.פרה במילוי,גרמים,100.00,100 גרם,false,0,5.70,5.70,true,1,
7290104726262,false,רביעייה מעדן דני שוקולד דיסני לבנים 125 גרם,מיוצר עי קונדיטוריית,IL,דני לשתיה 4 יח,גרמים,500.00,100 גרם,false,0,11.00,2.20,true,1,
7290104726712,false,מארז 8 יחידות מעדן מילקי בטעם שוקולד עם קצפת,"שטראוס גרופ בע""\מ",IL,מארז מילקי 8 יח',ליטרים,1.36,ליטר,false,0,21.10,15.51,true,1,
7290104726767,false,שוקו.חלב שברי אגוזים100ג,עלית,IL,שוקולד חלב,גרמים,100.00,100 גרם,false,0,5.70,5.70,true,1,
7290104728310,false,"שמנת מתוקה עמידה 38% שומן ""יטבתה"" -מוצר בפיקוח",שטראוס גרופ,IL,שמנת עמידה לקצפת38% 250מ,גרמים,250.00,100 גרם,false,0,6.20,2.48,true,1,
7290104729539,false,אנרג'י אגוזים+שוק.חלב6יח,שטראוס,IL,חטיפי אנרג'י,גרמים,180.00,100 גרם,false,0,18.30,10.17,true,1,
7290104851193,false,"מפות שולחן ח""פ",,IL,"מפות שולחן ח""פ",יחידה,1.00,יחידה,false,0,7.20,7.20,true,1,
7290104851964,false,מפות שולחן עבות,,IL,מפות שולחן עבות,יחידה,1.00,יחידה,false,0,14.30,14.30,true,1,
7290104851971,false,מפות שולחן עבות,,IL,מפות שולחן עבות,יחידה,1.00,יחידה,false,0,14.30,14.30,true,1,
7290104855122,false,"כוסות קרטון 240 מ""ל50 יח",פאלאס,IL,כוסות קרטון 50יח,מיליליטרים,240.00,"100 מ""ל",false,1,4.90,2.04,true,1,
7290104961212,false,תח.רחצה נקה7 דובדבן 750מ,אמיליה קוסמטיקס,IL,תחליב רחצה,מיליליטרים,750.00,"100 מ""ל",false,0,13.90,1.85,true,1,
7290105180360,false,מוצץ סיליקון צבעוני שלישייה קטן,אריסטוקרט,IL,3מוצץ סיליקון צבעוני קטן,יחידה,1.00,יחידה,false,0,17.00,17.00,true,1,
7290105180377,false,מוצץ סיליקון צבעוני שלישייה בינוני,אריסטוקרט,TH,מוצץ סיליקון צבע.שלישייה,יחידה,1.00,יחידה,false,0,17.00,17.00,true,1,
7290105180384,false,מוצץ סיליקון צבעוני שלישייה גדול,אריסטוקרט,TH,3מוצ.סיליקון צבעוני גדול,יחידה,1.00,יחידה,false,0,17.00,17.00,true,1,
7290105362339,false,"שמנת לבישול 15% 250 מ""ל יטבתה מהדרין",שטראוס גרופ,IL,שמנת לבישול15%מהדרין250,מיליליטרים,250.00,"100 מ""ל",false,0,9.10,3.64,true,1,
7290105366993,false,סימפוניה גבינת שמנת פלפל שיפקה 5% שטראוס 200 גרם,"שטראוס בריאות בע""מ",IL,סימפוניה שיפקה חריף200,גרמים,200.00,100 גרם,false,0,11.30,5.65,true,1,
7290105367297,false,יוגורט מת.מעודנת2% 150גר,STRAUSS-ISRAEL,IL,יוגורט דנונה2%,גרמים,150.00,100 גרם,false,0,3.00,2.00,true,1,
7290105367617,false,דנונה דיאט תות בתחתית150,שטראוס,IL,דנונה פרי 0%,גרמים,150.00,100 גרם,false,0,4.80,3.20,true,1,
7290105368225,false,חומוס אחלה עם פלפל שיפקה 400 גרם,מיוצר עי קונדיטוריית,IL,חומוס עם פלפל שיפקה 400ג,גרמים,400.00,100 גרם,false,0,11.50,2.88,true,1,
7290105368355,false,מילקי שוקולד עשיר 133גרם,שטראוס,IL,מילקי שוקולד,גרמים,133.00,100 גרם,false,1,3.80,2.86,true,1,
7290105368379,false,מילקי שוקולד ופצופצים133,שטראוס,IL,מילקי שוקולד,גרמים,133.00,100 גרם,false,1,3.80,2.86,true,1,
7290105368386,false,מילקי וניל ופצופצים133ג,שטראוס,IL,מילקי וניל,גרמים,133.00,100 גרם,false,1,3.80,2.86,true,1,
7290105433930,false,קולגייט טריפל אקשן100*2,קולגייט-פלמוליב,IL,משחת קולגייט,מיליליטרים,200.00,"100 מ""ל",false,1,16.00,8.00,true,1,
7290105690753,false,מרק נמס ט.עוף+שקדי 26*2ג,אסם,IL,מרק נמס טעם עוף,גרמים,52.00,100 גרם,false,0,7.90,15.19,true,1,
7290105690777,false,מרק נמס פטריות 24*2ג,אסם,IL,מרק נמס פטריות,גרמים,48.00,100 גרם,false,0,7.90,16.46,true,1,
7290105691712,false,אסם עוגיות הפסקת קפה דגנים מלאים 230 גרם,היינץ צפון אמריקה מק,IL,עוגיות הפסקת קפה,גרמים,230.00,100 גרם,false,0,12.20,5.30,true,1,
7290105691934,false,קמח שמרים אסם 1 קילו,תאי פרזידנט פוד פאבל,IL,"קמח שמרים 1 ק""ג",קילוגרמים,1.00,"ק""ג",false,0,11.50,11.50,true,1,
7290105694614,false,פסטה ספגטי מהיר הכנה אסם 500 גרם,זארה,IT,ספגטי מהיר הכנה,גרמים,500.00,100 גרם,false,0,12.60,2.52,true,1,
7290105961013,false,"סוכריות לל""ס בטעם אשכוליות אדומה",עלית,IL,סוכריות מאסט,גרמים,80.00,100 גרם,false,0,7.90,9.88,true,1,
7290105961778,false,אצבעות ש.לבן מגדים 96 גר,שטראוס,IL,אצבעות שוקולד,גרמים,96.00,100 גרם,false,0,7.90,8.23,true,1,
7290105961907,false,חטיף קרמלו מגדים 45 גרם,עלית,IL,חטיף קרמלו,גרמים,45.00,100 גרם,false,0,4.50,10.00,true,1,
7290105964748,false,בונ.ספלנדיד מריר%70 216ג,STRAUSS-ISRAEL,IL,בונ.ספלנדיד,גרמים,216.00,100 גרם,false,0,29.10,13.47,true,1,
7290105964755,false,בונ.ספלנדיד מיקס 216 גרם,STRAUSS-ISRAEL,IL,בונ.ספלנדיד מיקס,גרמים,216.00,100 גרם,false,0,29.10,13.47,true,1,
7290105964915,false,פופקורן טבעי 80 גרם,שטראוס,IL,פופקורן טבעי 80 גרם,גרמים,80.00,100 גרם,false,0,5.40,6.75,true,1,
7290105965240,false,בזוקה קוביות ללא סוכר25ג,שטראוס,IL,בזוקה קוביות ללא סוכר25ג,גרמים,25.00,100 גרם,false,0,5.00,20.00,true,1,
7290105965738,false,יוגורט לשתיה בטעם תות בננה267 ג' דנונה,מיוצר עי קונדיטוריית,IL,דנונה לשתיה,גרמים,267.00,100 גרם,false,0,5.30,1.99,true,1,
7290105966377,false,"משקה סחלב מהדרין 850 מ""ל",יטבתה,IL,משקה סחלב,מיליליטרים,850.00,"100 מ""ל",false,0,11.50,1.35,true,1,
7290106411524,false,ממתק חמוץ תות שטיח 50 גר,,IL,ממתק חמוץ,גרמים,50.00,100 גרם,false,0,4.90,9.80,true,1,
7290106411890,false,ממתק חמוץ קולה שטיח 50 ג,,IL,ממתק חמוץ,גרמים,50.00,100 גרם,false,0,4.90,9.80,true,1,
7290106411937,false,ממתק חמוץ,,HK,ממתק חמוץ,גרמים,50.00,100 גרם,false,0,4.90,9.80,true,1,
7290106520066,false,"רבע לשבע שוקולד חלב במילוי אגוזים עלית 160 גרם בד""צ","הגביע מוצרי וופלים בע""\מ",IL,רבע לשבע 160 גרם,גרמים,160.00,100 גרם,false,0,12.60,7.88,true,1,
7290106520462,false,עוגיות אישיות מילקי,TSC,IT,מילקי קייק 4יח,גרמים,136.00,100 גרם,false,1,11.90,8.75,true,1,
7290106521612,false,חטיף ופל מצופה טורטי,STRAUSS-ISRAEL,IL,מאגדת טורטית 40*4 גרם,גרמים,160.00,100 גרם,false,0,13.90,8.69,true,1,
7290106524873,false,דנונה אננס קוקוס99 150גר,שטראוס,IL,דנונה 99 קלוריות,גרמים,150.00,100 גרם,false,0,4.90,3.27,true,1,
7290106524897,false,דנונה פירות יער 99 150גר,שטראוס,IL,דנונה 99 קלוריות,גרמים,150.00,100 גרם,false,0,4.90,3.27,true,1,
7290106525917,false,סוכריות ג'לית 25 גרם,שטראוס,IL,סוכריות ג'לית,גרמים,25.00,100 גרם,false,1,2.50,10.00,true,1,
7290106527423,false,אקטיביה שזיף 1.5% 150*4ג,שטראוס,IL,מארז אקטיביה 4יח,גרמים,600.00,100 גרם,false,0,19.60,3.27,true,1,
7290106528864,false,מאסט פפרמינט ממולא25גרם,שטראוס,IL,מאסט פפרמינט ממולא25גרם,גרמים,25.00,100 גרם,false,1,5.00,20.00,true,1,
7290106572997,false,"קמח שמרים לפיצה ופוקצ'ה אסם 1ק""ג","קוד יצרן TKMB, משווק",IL,קמח שמרים לפיצה,קילוגרמים,1.00,"ק""ג",false,0,11.50,11.50,true,1,
7290106573598,false,צבר חומוס לבנוני 400 גרם,סלטי צבר,IL,חומוס לבנוני צבר,גרמים,400.00,100 גרם,false,0,12.60,3.15,true,1,
7290106573642,false,חומוס צנוברים צבר 400 גרם,סלטי צבר,IL,חומוס צנובר,גרמים,400.00,100 גרם,false,0,11.40,2.85,true,1,
7290106573963,false,ביסלי ברביקיו 67*3 גרם,אסם,IL,ביסלי ברבקיו 3יח,גרמים,201.00,100 גרם,false,0,11.40,5.67,true,1,
7290106574328,false,אורז עם אטריות וירקות130,אסם,IL,אורז עם אטריות,גרמים,130.00,100 גרם,false,0,12.10,9.31,true,1,
7290106574977,false,בייגלה שטוחים כעכים שטוחים עם מלח,מיוצר עי קונדיטוריית,IL,בייגלה שטוחים,גרמים,300.00,100 גרם,false,0,11.90,3.97,true,1,
7290106575257,false,עוגת הבית סופלה בטעם שוקולד 340 ג' אסם,מיוצר עי קונדיטוריית,IL,עוגת סופלה הבית,גרמים,340.00,100 גרם,false,0,12.90,3.79,true,1,
7290106575271,false,פתיתים פלוס ירקות 400 גר,אסם,IL,פתיתים פלוס,גרמים,400.00,100 גרם,false,0,6.90,1.73,true,1,
7290106576773,false,"לה קרמריה שוקולד כשל""פ 1",נסטלה,IL,"לה קרמריה כשל""פ",ליטרים,1.40,ליטר,false,0,23.90,17.07,true,1,
7290106576797,false,"לה קרמריה גלידת וניל איטלקי כשל""פ 1.4ל'",תות תעשיות מזון (201,IL,"לה קרמריה כשל""פ",ליטרים,1.40,ליטר,false,0,23.00,16.43,true,1,
7290106576834,false,גלידה לה קרמריה פונטש בננה1.4 ל' נסטלה,תות תעשיות מזון (201,IL,"לה קרמריה כשל""פ",ליטרים,1.40,ליטר,false,0,23.00,16.43,true,1,
7290106576896,false,לה קרמריה וניל קוק. כשלפ,נסטלה,IL,"לה קרמריה כשל""פ",ליטרים,1.40,ליטר,false,0,23.90,17.07,true,1,
7290106577480,false,חציל על האש בטחינה400גר,סלטי צבר,IL,חציל על האש צבר,גרמים,400.00,100 גרם,false,0,13.30,3.33,true,1,
7290106577503,false,חציל במיונז מרובע 400גרם,סלטי צבר,IL,חציל במיונז צבר,גרמים,400.00,100 גרם,false,0,12.80,3.20,true,1,
7290106579316,false,גל.גויה וניל עוגיות 500,נסטלה,IL,גל.גויה וניל עוגיות 500,מיליליטרים,500.00,"100 מ""ל",false,0,21.90,4.38,true,1,
7290106579330,false,גל.גויה ריבת חלב כשלפ,נסטלה,IL,"גל.גויה ריבת חלב 500מ""ל",מיליליטרים,500.00,"100 מ""ל",false,0,21.90,4.38,true,1,
7290106651296,false,פרכ.אנרגי סוכר קינמון25ג,,IL,פרכ.אנרגי סוכר קינמון25ג,גרמים,25.00,100 גרם,false,0,4.50,18.00,true,1,
7290106651401,false,דנונה3% 4תות+ 4אפרסק150ג,שטראוס,IL,מארז דנונה 4+4,קילוגרמים,1.20,"ק""ג",false,0,28.90,24.08,true,1,
7290106652514,false,בפלות וניל קראנץ 300 גרם,עלית,IL,בפלות קראנץ,גרמים,300.00,100 גרם,false,0,6.90,2.30,true,1,
7290106654105,false,מילקי פבלובה 120 גרם,שטראוס,IL,מילקי פבלובה,גרמים,120.00,100 גרם,false,1,4.90,4.08,true,1,
7290106654365,false,אינסטנט פודינג וניל80גרם,שטראוס,IL,אינסטנט פודינג,יחידה,1.00,יחידה,false,0,6.00,6.00,true,1,
7290106654969,false,חומוס כפרי אחלה750גרם,שטראוס,IL,חומוס כפרי אחלה750גרם,גרמים,750.00,100 גרם,false,0,14.00,1.87,true,1,
7290106656352,false,מסטיק מאסט תות מגדים28ג,STRAUSS-ISRAEL,IL,מסטיק מאסט,גרמים,28.00,100 גרם,false,0,4.60,16.43,true,1,
7290106656512,false,וופל טורטית עם קרם ש,שטראוס גרופ,IL,בפלות טורטית,גרמים,360.00,100 גרם,false,0,17.90,4.97,true,1,
7290106656727,false,"עוגיות חיוכים שוקולד עלית 600 גרם בד""צ",אפיפית נצרת תעשיות ב,IL,חיוכים שוקולד 600 גרם,גרמים,600.00,100 גרם,false,0,18.90,3.15,true,1,
7290106656734,false,"עוגיות חיוכים וניל עלית 600 גרם בד""צ",אפיפית נצרת תעשיות ב,IL,חיוכים וניל 600 גרם,גרמים,600.00,100 גרם,false,0,18.90,3.15,true,1,
7290106657953,false,אקטיביה תות 1.5% 150*4 ג,שטראוס,IL,מארז אקטיביה 4יח,גרמים,600.00,100 גרם,false,0,19.60,3.27,true,1,
7290106661943,false,תפוציפס קראנצ שמיטה 50 ג,שטראוס,IL,תפוציפס קראנצ,גרמים,50.00,100 גרם,false,0,3.90,7.80,true,1,
7290106662001,false,תפו.שמנת בצל שמיטה 200 ג,שטראוס,IL,תפוציפס שמנת,גרמים,200.00,100 גרם,false,0,10.20,5.10,true,1,
7290106662490,false,עוגיות גרנולה 7יח21.4*ג,עלית,IL,עוגיות גרנולה 7יח21.4*ג,גרמים,150.00,100 גרם,false,1,15.90,10.60,true,1,
7290106662506,false,עוג.גרנולה קינמון21.4*7ג,עלית,IL,עוג.גרנולה קינמון21.4*7ג,גרמים,150.00,100 גרם,false,1,15.90,10.60,true,1,
7290106662834,false,סוכריות דומי דובונים22גר,שטראוס,IL,סוכריות גומי,גרמים,22.00,100 גרם,false,1,2.50,11.36,true,1,
7290106663367,false,מרשמלו 30 גרם,שטראוס,IL,מרשמלו,גרמים,30.00,100 גרם,false,1,2.50,8.33,true,1,
7290106663411,false,מסטיקים בטעם פירות 25גרם,שטראוס,IL,מסטיקים,גרמים,25.00,100 גרם,false,1,2.50,10.00,true,1,
7290106663503,false,קונפיטורה לייט תות יד מרדכי 230 גרם,אף.סי תבליני בגליל ב,IL,קונפיטורה תות,גרמים,250.00,100 גרם,false,0,13.80,5.52,true,1,
7290106663527,false,קונפיטורה משמש לייט250ג,"בית אל מזון בע""מ",IL,קונפיטורה משמש,גרמים,230.00,100 גרם,false,0,13.80,6.00,true,1,
7290106663541,false,רוטב צ'ילי שום מתוק280מל,"ב.א. מזון בע""\מ",IL,רוטב צ'ילי שום,מיליליטרים,280.00,"100 מ""ל",false,1,16.90,6.04,true,1,
7290106663558,false,"רוטב טריאקי ורימון יד מרדכי 280מ""ל",אף.סי תבליני בגליל ב,IL,רוטב טריאקי,מיליליטרים,280.00,"100 מ""ל",false,1,16.90,6.04,true,1,
7290106663626,false,חמישיית פרה מריר מגדים 1,עלית,IL,חמישיית פרה מריר מגדים 1,גרמים,500.00,100 גרם,false,0,22.10,4.42,true,1,
7290106663992,false,"צ'אי מסאלה מהדרין 850מ""ל",יטבתה,IL,צ'אי מסאלה,מיליליטרים,850.00,"100 מ""ל",false,1,11.50,1.35,true,1,
7290106667594,false,דנונה אפרסק 0% 150 גרם,שטראוס,IL,דנונה אפרסק 0%,גרמים,150.00,100 גרם,false,1,4.80,3.20,true,1,
7290106668263,false,חומוס שיפקה 125 גרם,שטראוס,IL,חומוס שיפקה,גרמים,125.00,100 גרם,false,1,5.30,4.24,true,1,
7290106720039,false,מאסט ספירמינט ממולא25גרם,שטראוס,IL,מאסט ספירמינט ממולא25גרם,גרמים,25.00,100 גרם,false,1,5.00,20.00,true,1,
7290106720435,false,סוכר.מאסט מנטה אקליפטו80,עלית,IL,סוכריות מאסט,גרמים,80.00,100 גרם,false,0,7.90,9.88,true,1,
7290106720688,false,מיקס מיני טעמי 195 גרם,שטראוס,IL,מיקס מיני טעמי 195 גרם,גרמים,195.00,100 גרם,false,0,14.60,7.49,true,1,
7290106720886,false,מארז סביבון מגדים 154גרם,שטראוס,IL,מארז סביבון,גרמים,154.00,100 גרם,false,1,15.90,10.32,true,1,
7290106720893,false,מארז חנוכייה מגדים 186גר,שטראוס,IL,מארז חנוכייה,גרמים,186.00,100 גרם,false,1,20.90,11.24,true,1,
7290106722217,false,שוק.חלב פאי טופי קרמל100,שטראוס,IL,שוקולד פרה,גרמים,100.00,100 גרם,false,1,7.10,7.10,true,1,
7290106723504,false,עוג.דגנים עם שבבי שוק150,עלית,IL,עוג.דגנים עם שבבי שוק150,גרמים,150.00,100 גרם,false,1,12.50,8.33,true,1,
7290106723511,false,עוג.דגנים עם קינמון150גר,עלית,IL,עוג.דגנים עם קינמון150גר,גרמים,150.00,100 גרם,false,1,12.50,8.33,true,1,
7290106724808,false,סוכריות נוסטלגיה מנטה80ג,עלית,IL,סוכריות נוסטלגיה מנטה80ג,גרמים,80.00,100 גרם,false,1,6.50,8.13,true,1,
7290106725423,false,רבע לשבע חלבה 120 גרם,היינץ צפון אמריקה מק,IL,רבע לשבע חלבה,גרמים,120.00,100 גרם,false,1,12.60,10.50,true,1,
7290106725522,false,"רוטב שזיף רימון 280 מ""ל",בית אל מזון,IL,רוטב שזיף רימון,מיליליטרים,280.00,"100 מ""ל",false,1,16.90,6.04,true,1,
7290106725737,false,שוקו.פרה טופי קרמל מגדים,עלית,IL,שוקולד פרה,גרמים,100.00,100 גרם,false,1,7.10,7.10,true,1,
7290107280471,false,ספארק טבליות למדיח 30 יח,סנו,IL,טבליות למדיח,יחידה,1.00,יחידה,false,0,30.00,30.00,true,1,
7290107280679,false,ספארק טבליות למדיח 70 יח,סנו,IL,טבליות למדיח,יחידה,1.00,יחידה,false,0,54.90,54.90,true,1,
7290107280723,false,נוזל לניקוי כלים סנו ספארק Spark בניחוח לימון רענן,סנו כימיקלים,IL,נוזל לכלים לימון,מיליליטרים,700.00,"100 מ""ל",false,0,10.90,1.56,true,1,
7290107280761,false,נוזל לניקוי כלים בניחוח לימון רענן סנו ספארק Spark,מיוצר עי קונדיטוריית,IL,נוזל כלים לימון,ליטרים,1.00,ליטר,false,0,11.90,11.90,true,1,
7290107641678,false,קליק דאבל קרם חלב 70 גרם,יוניליוור,IL,חטיף קליק,גרמים,70.00,100 גרם,false,1,6.30,9.00,true,1,
7290107641685,false,קליק דאב קרם שוקולד70גרם,יוניליוור,IL,חטיף קליק,גרמים,70.00,100 גרם,false,1,6.30,9.00,true,1,
7290107871990,false,"פסטה צינורות 500 גרם ""אסם""",פסטה זארה,IT,פסטה צינורות,גרמים,500.00,100 גרם,false,0,5.80,1.16,true,1,
7290107873239,false,פתי בר קרמל 500גרם,אסם,IL,פתיבר קרמל,גרמים,500.00,100 גרם,false,1,11.60,2.32,true,1,
7290107875974,false,קינוחי כוסות שוקולד בלגי,אסם,IL,קינוחי כוסות,גרמים,190.00,100 גרם,false,1,12.90,6.79,true,1,
7290107876650,false,מלפפונים במלח 7-9 670גרם,בית השיטה,IL,מלפפונים במלח,גרמים,670.00,100 גרם,false,1,6.40,0.96,true,1,
7290107877527,false,מרק נמס עגבניות 30*2גרם,אסם,IL,מרק נמס עגבניות,גרמים,60.00,100 גרם,false,1,7.90,13.17,true,1,
7290107877541,false,מרק נמס טעם עוף 26*2 גרם,אסם,IL,מרק נמס טעם עוף,גרמים,52.00,100 גרם,false,1,7.90,15.19,true,1,
7290107934367,false,דנונה אקטיביה 0% 150*4מל,שטראוס,IL,אקטביה 0% 4 יח',מיליליטרים,600.00,"100 מ""ל",false,1,12.60,2.10,true,1,
7290107934497,false,דנונה אקטיביה1.5% 150*4מ,שטראוס,IL,אקטביה1.5% 4 יח,מיליליטרים,600.00,"100 מ""ל",false,1,12.60,2.10,true,1,
7290107934503,false,דנונה אקטיביה 3% 150*4מל,שטראוס,IL,אקטביה 3% 4 יח,מיליליטרים,600.00,"100 מ""ל",false,1,12.60,2.10,true,1,
7296058000021,false,דגניות אורז ותירס 100גרם,,IL,דגניות אורז ותירס 100גרם,גרמים,100.00,100 גרם,false,0,6.20,6.20,true,1,
7296058000052,false,פריכיות חמישה דגנים 100ג,,IL,פריכיות חמישה דגנים 100ג,גרמים,100.00,100 גרם,false,0,6.20,6.20,true,1,
7296058000311,false,פריכיות זעתר שמן זית 40ג,,IL,פריכיות זעתר שמן זית 40ג,גרמים,40.00,100 גרם,false,0,7.60,19.00,true,1,
7296073006176,false,"סוכר שופרסל 1 ק""ג","סוגת תעשיות בע""\מ",IL,סוכר לבן,קילוגרמים,1.00,"ק""ג",false,0,4.50,4.50,true,1,
7296073081135,false,בייבי בטטה,קטיף,IL,בייבי בטטה,יחידה,1.00,יחידה,false,0,6.90,6.90,true,1,
7296073126713,false,אובלטים קימל,,IL,אובלטים קימל,גרמים,300.00,100 גרם,false,0,9.20,3.07,true,1,
7296073126720,false,אובלטים שומשום,,IL,אובלטים שומשום,גרמים,300.00,100 גרם,false,0,9.20,3.07,true,1,
7296073126737,false,אובלטים מלוחים,,IL,אובלטים מלוחים,גרמים,300.00,100 גרם,false,0,9.20,3.07,true,1,
7296073126836,false,תבניות אפיה,,IL,תבניות אפיה,יחידה,1.00,יחידה,false,0,12.20,12.20,true,1,
7296073126843,false,תבניות אפיה,,IL,תבניות אפיה,יחידה,1.00,יחידה,false,0,12.20,12.20,true,1,
7296073126867,false,תבנית גדולה 7 יח,,IL,תבנית גדולה 7 יח,יחידה,1.00,יחידה,false,0,11.00,11.00,true,1,
7296073126874,false,תבנית אינגליש10י,,IL,תבנית אינגליש10י,יחידה,1.00,יחידה,false,0,11.60,11.60,true,1,
7296073126881,false,תבנית ענקית 4 יח,,IL,תבנית ענקית 4 יח,יחידה,1.00,יחידה,false,0,11.90,11.90,true,1,
7296073126935,false,נייר אפייה,,IL,נייר אפייה,יחידה,1.00,יחידה,false,0,9.60,9.60,true,1,
7296073126959,false,"כוסות ח""פ",,IL,"כוסות ח""פ",יחידה,1.00,יחידה,false,0,4.70,4.70,true,1,
7296073126966,false,כוסות לשתיה קרה,,IL,כוסות לשתיה קרה,יחידה,1.00,יחידה,false,0,9.40,9.40,true,1,
7296073127031,false,צלחת גדולה,,IL,צלחת גדולה,יחידה,1.00,יחידה,false,0,21.00,21.00,true,1,
7296073127109,false,צלחות קטן,,IL,צלחות קטן,יחידה,1.00,יחידה,false,0,13.40,13.40,true,1,
7296073127178,false,"צלחת מרק""יש50""יח",,IL,"צלחת מרק""יש50""יח",יחידה,1.00,יחידה,false,0,12.10,12.10,true,1,
7296073127192,false,צלחת מרק לבן 36י,,IL,צלחת מרק לבן 36י,יחידה,1.00,יחידה,false,0,11.50,11.50,true,1,
7296073127208,false,צלחת מרק כחול,,IL,צלחת מרק כחול,יחידה,1.00,יחידה,false,0,11.50,11.50,true,1,
7296073127215,false,צלחת מרק קרם,,IL,צלחת מרק קרם,יחידה,1.00,יחידה,false,0,11.50,11.50,true,1,
7296073127253,false,צלחות ליפתנית,,IL,צלחות ליפתנית,יחידה,1.00,יחידה,false,0,6.80,6.80,true,1,
7296073127277,false,ליפתנית לבן,,,ליפתנית לבן,יחידה,1.00,יחידה,false,0,8.60,8.60,true,1,
7296073127352,false,מגש אובלי זהב,,,מגש אובלי זהב,יחידה,1.00,יחידה,false,0,17.60,17.60,true,1,
7296073127376,false,קערית אובלית 25י,,IL,קערית אובלית 25י,יחידה,1.00,יחידה,false,0,6.80,6.80,true,1,
7296073127437,false,צלחת בינונית,,IL,צלחת בינונית,יחידה,1.00,יחידה,false,0,22.40,22.40,true,1,
7296073127451,false,מגש אובלי עמוק,,,מגש אובלי עמוק,יחידה,1.00,יחידה,false,0,12.40,12.40,true,1,
7296073127529,false,"ופלים שוקולד 1.5 ק""ג",עדין,IL,ופלים שוקולד,קילוגרמים,1.50,"ק""ג",false,0,24.50,16.33,true,1,
7296073127536,false,ופלים לימון יש 800 גרם,עדין,IL,ופלים לימון,גרמים,800.00,100 גרם,false,0,11.90,1.49,true,1,
7296073127567,false,"ופלים שוקולד ""יש"" 250 גר",עדין,IL,ופלים שוקולד,גרמים,250.00,100 גרם,false,0,5.10,2.04,true,1,
7296073127574,false,גלילי ופל שוקולד 100 גרם,עדין,IL,גלילי ופל,גרמים,100.00,100 גרם,false,0,4.50,4.50,true,1,
7296073127598,false,ופלים סוויט מצופים 800גר,עדין,IL,ופלים סוויט,גרמים,800.00,100 גרם,false,0,17.60,2.20,true,1,
7296073127895,false,תבניות אלומיניום,,IL,תבניות אלומיניום,יחידה,1.00,יחידה,false,0,12.30,12.30,true,1,
7296073127932,false,"פריכיות אורז ""יש"" 340גרם",בטר אנד דיפרנט,IL,פריכיות אורז,גרמים,310.00,100 גרם,false,0,12.90,4.16,true,1,
7296073128175,false,"נייר טואלט פרימ"".יש32""גל",שניב תעשיות נייר,IL,נייר טואלט,מטרים,589.00,100 מטר,false,0,36.10,6.13,true,1,
7296073128182,false,"נייר טואלט ""יש"" 48גלילים",שניב תעשיות נייר,IL,נייר טואלט,מטרים,883.00,100 מטר,false,0,35.80,4.05,true,1,
7296073128199,false,"מגבות נייר ""יש"" 12גלילים",שניב תעשיות נייר,IL,מגבות נייר,מטרים,12.00,מטר,false,0,18.90,1.58,true,1,
7296073128342,false,כורכום,,IL,כורכום,גרמים,100.00,100 גרם,false,0,7.80,7.80,true,1,
7296073128359,false,מלח לימון,,IL,מלח לימון,גרמים,200.00,100 גרם,false,0,8.10,4.05,true,1,
7296073128373,false,פפריקה מתוקה,,IL,פפריקה מתוקה,גרמים,100.00,100 גרם,false,0,8.10,8.10,true,1,
7296073128380,false,פפריקה חריפה,,IL,פפריקה חריפה,גרמים,100.00,100 גרם,false,0,8.10,8.10,true,1,
7296073128403,false,תבלין צ'ילי,,IL,תבלין צ'ילי,גרמים,80.00,100 גרם,false,0,8.10,10.13,true,1,
7296073128410,false,קינמון טחון,,IL,קינמון טחון,גרמים,100.00,100 גרם,false,0,8.10,8.10,true,1,
7296073128427,false,שום גבישי,,IL,שום גבישי,גרמים,150.00,100 גרם,false,0,8.10,5.40,true,1,
7296073128458,false,אורגנו,,IL,אורגנו,גרמים,40.00,100 גרם,false,0,8.10,20.25,true,1,
7296073128496,false,פלפל שחור גרוס,,IL,פלפל שחור גרוס,גרמים,100.00,100 גרם,false,0,12.40,12.40,true,1,
7296073128502,false,פלפל שחור גרוס,,IL,פלפל שחור גרוס,גרמים,100.00,100 גרם,false,0,12.40,12.40,true,1,
7296073128519,false,כמון,,IL,כמון,גרמים,100.00,100 גרם,false,0,7.80,7.80,true,1,
7296073128533,false,אורגנו,,IL,אורגנו,גרמים,20.00,100 גרם,false,0,4.60,23.00,true,1,
7296073128571,false,כמון,,IL,כמון,גרמים,50.00,100 גרם,false,0,4.60,9.20,true,1,
7296073128601,false,פטרוזליה,,IL,פטרוזליה,גרמים,20.00,100 גרם,false,0,4.60,23.00,true,1,
7296073128618,false,פלפל שחור,,IL,פלפל שחור,גרמים,50.00,100 גרם,false,0,7.10,14.20,true,1,
7296073128632,false,פפריקה חריפה,,IL,פפריקה חריפה,גרמים,80.00,100 גרם,false,0,4.60,5.75,true,1,
7296073128694,false,פפריקה מתוקה,,IL,פפריקה מתוקה,גרמים,400.00,100 גרם,false,0,23.90,5.98,true,1,
7296073128755,false,"וופל בלגי ""יש"" 150 גרם",גילרו,IL,וופל בלגי,גרמים,150.00,100 גרם,false,0,4.40,2.93,true,1,
7296073128786,false,קרקר מלח 110 גרם,מגדנית הדר,IL,קרקר מלח,גרמים,110.00,100 גרם,false,0,3.60,3.27,true,1,
7296073128809,false,קרקר שומשום 110 גרם,מגדנית הדר,IL,קרקר שומשום,גרמים,110.00,100 גרם,false,0,3.60,3.27,true,1,
7296073128854,false,עוגיות סנדוויץ תות 150גר,מגדנית הדר,IL,עוגיות סנדוויץ,גרמים,150.00,100 גרם,false,0,4.90,3.27,true,1,
7296073128908,false,"מיץ ענבים ""יש"" 1 ליטר",יקבי ארזה,IL,מיץ ענבים,ליטרים,1.00,ליטר,false,0,11.20,11.20,true,1,
7296073128915,false,יין לקידוש בציר 1 ליטר,יקבי ארזה,IL,יין לקידוש,ליטרים,1.00,ליטר,false,0,16.90,16.90,true,1,
7296073129066,false,קמח לבן,,IL,קמח לבן,קילוגרמים,1.00,"ק""ג",false,0,3.00,3.00,true,1,
7296073129073,false,"סולת 1 ק""ג",,IL,"סולת 1 ק""ג",קילוגרמים,1.00,"ק""ג",false,0,3.30,3.30,true,1,
7296073129318,false,"מרכך כביסה לבן ""יש"" 4ל'",סנו,IL,מרכך כביסה,ליטרים,4.00,ליטר,false,0,19.30,4.83,true,1,
7296073129370,false,מנקה חלונות,,,מנקה חלונות,מיליליטרים,750.00,"100 מ""ל",false,0,9.50,1.27,true,1,
7296073129738,false,זוג רדידים,,IL,זוג רדידים,מטרים,2.00,מטר,false,0,13.70,6.85,true,1,
7296073129745,false,זוג רדידים,,IL,זוג רדידים,מטרים,2.00,מטר,false,0,16.90,8.45,true,1,
7296073129752,false,ניילון נצמד 2X,,IL,ניילון נצמד 2X,מטרים,2.00,מטר,false,0,11.30,5.65,true,1,
7296073129776,false,פתיבר שוקו יש 500 גרם,מגדנית הדר,IL,פתיבר שוקו,גרמים,500.00,100 גרם,false,0,9.50,1.90,true,1,
7296073129974,false,"סלט חומוס מזרחי ""יש"" 1קג",סלטי שמיר,IL,סלט חומוס מזרחי,קילוגרמים,1.00,"ק""ג",false,0,11.50,11.50,true,1,
7296073130055,false,מסיר שומנים,,,מסיר שומנים,מיליליטרים,750.00,"100 מ""ל",false,0,13.10,1.75,true,1,
7296073132127,false,פרורי לחם,,IL,פרורי לחם,גרמים,500.00,100 גרם,false,0,5.90,1.18,true,1,
7296073132134,false,פרורי לחם מוזהב,,IL,פרורי לחם מוזהב,גרמים,500.00,100 גרם,false,0,4.90,0.98,true,1,
7296073132837,false,"נר נשמה ""יש""",,IL,"נר נשמה ""יש""",יחידה,1.00,יחידה,false,0,1.80,1.80,true,1,
7296073132844,false,"נר חימום""יש50""יח",,IL,"נר חימום""יש50""יח",יחידה,1.00,יחידה,false,0,12.90,12.90,true,1,
7296073132868,false,"נר חימום""יש100""י",,IL,"נר חימום""יש100""י",יחידה,1.00,יחידה,false,0,21.90,21.90,true,1,
7296073133605,false,טחינה יש 500 גרם,"אחדות ביח""ר לטחינה",IL,טחינה,גרמים,500.00,100 גרם,false,0,11.90,2.38,true,1,
7296073133803,false,קמח מלא,,IL,קמח מלא,קילוגרמים,1.00,"ק""ג",false,0,5.90,5.90,true,1,
7296073133926,false,שמן קנולה,,BE,שמן קנולה,ליטרים,1.00,ליטר,false,0,7.90,7.90,true,1,
7296073133933,false,ספגטי,,TR,ספגטי,גרמים,500.00,100 גרם,false,0,4.20,0.84,true,1,
7296073133940,false,ספגטיני,,TR,ספגטיני,גרמים,500.00,100 גרם,false,0,4.20,0.84,true,1,
7296073133995,false,שמן זית כתית,,ES,שמן זית כתית,מיליליטרים,750.00,"100 מ""ל",false,0,30.90,4.12,true,1,
7296073134107,false,ממחטות אף דו שכבתי צץ רץ,שניב תעשיות נייר,IL,ממחטות אף,יחידה,1.00,יחידה,false,0,10.90,10.90,true,1,
7296073134152,false,מפיות חד שכבתי יש 100 יח,שניב תעשיות נייר,IL,מפיות חד שכבתי,יחידה,1.00,יחידה,false,0,5.40,5.40,true,1,
7296073134510,false,"דבש ""יש"" 1.5 ק""ג",מכוורת עמק חפר,IL,דבש יש,קילוגרמים,1.50,"ק""ג",false,0,57.00,38.00,true,1,
7296073134527,false,"דבש ""יש"" 500 גרם",מכוורת עמק חפר,IL,דבש יש,גרמים,500.00,100 גרם,false,0,24.80,4.96,true,1,
7296073136255,false,עוגיות מחמאה,,IL,עוגיות מחמאה,גרמים,600.00,100 גרם,false,0,14.90,2.48,true,1,
7296073140511,false,"גביעי גלידה ""יש"" 105 גרם",גילרו,IL,גביעי גלידה,גרמים,105.00,100 גרם,false,0,11.40,10.86,true,1,
7296073141242,false,"סוכר ""יש"" 1 ק""ג",סוגת,IL,"סוכר ""יש"" 1 ק""ג",קילוגרמים,1.00,"ק""ג",false,0,4.40,4.40,true,1,
7296073142447,false,פטריות חתוכות,,NL,פטריות 400 גרם,גרמים,400.00,100 גרם,false,0,5.80,1.45,true,1,
7296073142478,false,צ'יפס קלאסי יש 2.2קג,תפוגן,IL,צ'יפס קלאסי,קילוגרמים,2.20,"ק""ג",false,0,22.90,10.41,true,1,
7296073148524,false,שמן זית למאור,,IL,שמן זית למאור,ליטרים,1.00,ליטר,false,0,24.00,24.00,true,1,
7296073151623,false,"מזלגות ח""פ ""יש""",,IL,"מזלגות ח""פ ""יש""",יחידה,1.00,יחידה,false,0,7.40,7.40,true,1,
7296073151630,false,"סכינים ח""פ 100יח",,IL,"סכינים ח""פ 100יח",יחידה,1.00,יחידה,false,0,7.40,7.40,true,1,
7296073151647,false,"כפות ח""פ 100יח",,IL,"כפות ח""פ 100יח",יחידה,1.00,יחידה,false,0,7.40,7.40,true,1,
7296073152644,false,"שקדי מרק 400 גרם ""יש""",מנה,IL,שקדי מרק 400 גרם,גרמים,400.00,100 גרם,false,0,6.90,1.73,true,1,
7296073161011,false,ספוג סקוטש 10 יח,,IL,ספוג סקוטש 10 יח,יחידה,1.00,יחידה,false,0,5.50,5.50,true,1,
7296073162902,false,"תירס ""יש"" 550 גרם",זנלכל,IL,"תירס ""יש"" 550גרם",גרמים,550.00,100 גרם,false,0,4.90,0.89,true,1,
7296073162933,false,"תירס לייט ""יש"" 550 גרם",זנלכל,IL,"תירס לייט ""יש""",גרמים,550.00,100 גרם,false,0,5.90,1.07,true,1,
7296073162940,false,"אפונה ""יש"" 550 גרם",זנלכל,IL,"אפונה ""יש"" 550גר",גרמים,550.00,100 גרם,false,0,6.70,1.22,true,1,
7296073162957,false,"אפונה וגזר ""יש"" 550 גרם",זנלכל,IL,אפונה וגזר 550ג,גרמים,550.00,100 גרם,false,0,6.80,1.24,true,1,
7296073162988,false,"שעועית אפויה ""יש"" 580גרם",זנלכל,IL,שעועית אפויה,גרמים,580.00,100 גרם,false,0,5.50,0.95,true,1,
7296073163008,false,"חומוס ""יש"" 550 גרם",זנלכל,IL,"חומוס ""יש550""גרם",גרמים,550.00,100 גרם,false,0,6.90,1.25,true,1,
7296073170129,false,"רסק עגבניות 22%100ג""יש""",פריניר,IL,רסק עגבניות 100ג,גרמים,100.00,100 גרם,false,0,1.80,1.80,true,1,
7296073170471,false,תבניות מאפינס,,IL,תבניות מאפינס,יחידה,1.00,יחידה,false,0,9.80,9.80,true,1,
7296073171102,false,חטיף גריל 70 גרם,מנה,IL,חטיף גריל 70 גרם,גרמים,70.00,100 גרם,false,0,2.90,4.14,true,1,
7296073171478,false,"חטיף ברביקיו ""יש"" 200גרם",מנה,IL,"חטיף ברביקיו""יש",גרמים,200.00,100 גרם,false,0,6.10,3.05,true,1,
7296073171485,false,"חטיף פלאפל ""יש"" 200 גרם",מנה,IL,"חטיף פלאפל ""יש""",גרמים,200.00,100 גרם,false,0,6.10,3.05,true,1,
7296073187707,false,"פסטה מסולסלת""יש",,IL,"פסטה מסולסלת""יש",גרמים,500.00,100 גרם,false,0,4.20,0.84,true,1,
7296073189398,false,"פחם 2 ק""ג ""יש""",,,"פחם 2 ק""ג ""יש""",קילוגרמים,2.00,"ק""ג",false,0,14.50,7.25,true,1,
7296073190059,false,"וופלים""יש20X25""ג",,IL,"וופלים""יש20X25""ג",גרמים,500.00,100 גרם,false,0,13.40,2.68,true,1,
7296073190158,false,"אטבי כביסה ""יש"" 50 יח'",HOP,CN,אטבי כביסה 48יח,יחידה,1.00,יחידה,false,0,16.80,16.80,true,1,
7296073206408,false,מלפפונים בחומץ 7-9 560 ג,פריניר,IL,מלפפון בחומץ,גרמים,560.00,100 גרם,false,0,4.40,0.79,true,1,
7296073206415,false,מלפפון במלח 10-12 560 גר,פריניר,IL,מלפפון במלח,גרמים,560.00,100 גרם,false,0,6.50,1.16,true,1,
7296073206422,false,לפפון בחומץ 10-12 560 גר,פריניר,IL,מלפון בחומץ,גרמים,560.00,100 גרם,false,0,6.50,1.16,true,1,
7296073206484,false,זיתים טבעות ירוק 560 גרם,פריניר,IL,זיתים טבעות ירוק,גרמים,560.00,100 גרם,false,0,8.90,1.59,true,1,
7296073206491,false,זיתים נטולי גלעין מושחר,פריניר,IL,זית נטול גלעין,גרמים,560.00,100 גרם,false,0,8.50,1.52,true,1,
7296073211624,false,פילה אמנון קפוא קג,שופרסל,CN,פילה אמנון,קילוגרמים,0.00,"ק""ג",true,0,44.90,44.90,true,1,
7296073225447,false,"קפה נמס ""יש""",,IL,"קפה נמס ""יש""",גרמים,200.00,100 גרם,false,0,12.90,6.45,true,1,
7296073237297,false,"חציל במיונז ""יש"" 400 גרם",סלטי שמיר,IL,חציל במיונז 400,גרמים,400.00,100 גרם,false,1,6.90,1.73,true,1,
7296073237303,false,"כרוב אדום""יש"" 400 גרם",סלטי שמיר,IL,כרוב אדום 400גרם,גרמים,400.00,100 גרם,false,1,6.90,1.73,true,1,
7296073237310,false,חציל על האש בטחינה 400גר,סלטי שמיר,IL,חציל על האש400גר,גרמים,400.00,100 גרם,false,1,6.90,1.73,true,1,
7296073237327,false,"טחינה ביתית ""יש"" 400 גרם",סלטי שמיר,IL,טחינה ביתית 400ג,גרמים,400.00,100 גרם,false,1,6.90,1.73,true,1,
7296073237334,false,"סלט תפו""א ""יש"" 400 גרם",סלטי שמיר,IL,"סלט תפו""א 400גרם",גרמים,400.00,100 גרם,false,1,6.90,1.73,true,1,
7296073237341,false,"מטבוחה ""יש"" 400 גרם",סלטי שמיר,IL,מטבוחה 400 גרם,גרמים,400.00,100 גרם,false,1,6.90,1.73,true,1,
7296073237358,false,"חציל על האש ""יש"" 400 גרם",סלטי שמיר,IL,חציל על האש 400ג,גרמים,400.00,100 גרם,false,1,6.90,1.73,true,1,
7296073237365,false,"חומוס עם מסבחה400ג ""יש """,סלטי שמיר,IL,חומוס עם מסבחה,גרמים,400.00,100 גרם,false,1,6.90,1.73,true,1,
7296073237372,false,"סלט סלק מגורד 400 ג ""יש""",סלטי שמיר,IL,סלט סלק מגורד,גרמים,400.00,100 גרם,false,1,6.90,1.73,true,1,
7296073237389,false,"סלט גזר מרוקאי400גרם""יש""",סלטי שמיר,IL,סלט גזר מרוקאי,גרמים,400.00,100 גרם,false,1,6.90,1.73,true,1,
7296073237396,false,"סלט קולסלאו ""יש"" 400 גרם",סלטי שמיר,IL,סלט קולסלאו,גרמים,400.00,100 גרם,false,1,6.90,1.73,true,1,
7296146007819,false,פתילייט -מילוי לצינו,,IL,פתילייט 50 יחידות,יחידה,1.00,יחידה,false,0,3.00,3.00,true,1,
7296146077775,false,פתילונים משושים,,IL,פתילונים משושים,יחידה,1.00,יחידה,false,0,3.30,3.30,true,1,
7613032416157,false,דגני פיטנס שקדים ודבש355,נסטלה,FR,דגני פיטנס שקדים,גרמים,355.00,100 גרם,false,0,23.00,6.48,true,1,
7613033539121,false,מחית סלט פירות שלב2 130ג,נסטלה,PL,מחית שלב 2 מטרנה,גרמים,130.00,100 גרם,false,0,5.60,4.31,true,1,
7613033539749,false,מחית תפוח בננה שלב3 190ג,נסטלה,PL,מחית שלב 3 מטרנה,גרמים,190.00,100 גרם,false,0,6.40,3.37,true,1,
7613033539800,false,מחית פירות טרופ.שלב3 190,נסטלה,PL,מחית שלב 3 מטרנה,גרמים,190.00,100 גרם,false,0,6.40,3.37,true,1,
7702018978106,false,"ג'ילט - דאודורנט ג'ל לגבר ארטיק אייס 70 מ""ל",פרוקטר אנד גמבל,PL,"דאו.קליר ג'ל A.L 70 מ""ל",מיליליטרים,70.00,"100 מ""ל",false,0,26.20,37.43,true,1,
7702018997022,false,12סכינ.גילוח פיוז'ן ידני,פרוקטר & גמבל,DE,סכיני גילוח,יחידה,1.00,יחידה,false,0,199.80,199.80,true,1,
7790580315993,false,סוכריות טופי קרם שוקולד 483 גרם,,IL,טופי חלב קרם שוקולד 483ג,גרמים,483.00,100 גרם,false,0,20.10,4.16,true,1,
8000380004911,false,קוביות וופל קואדרטיני Quadratini קרם אגוזים,קריניציה ויטמינה אס,AT,ופל קואדרטיני,גרמים,250.00,100 גרם,false,0,15.30,6.12,true,1,
8000380004966,false,וופל קוארדטיני לואקר קוביות שוקולד 250ג',קריניציה ויטמינה אס,AT,ופל קואדרטיני,גרמים,250.00,100 גרם,false,0,15.30,6.12,true,1,
8001003100201,false,סוכ.יוגטה גלי פירות270ג,אלדור,IT,סוכריות יוגטה,גרמים,270.00,100 גרם,false,0,13.10,4.85,true,1,
8002910004798,false,פיניש מפיץ ריח לימון,רקיט בנקיזר,HU,מפיץ ריח למדיח,יחידה,1.00,יחידה,false,0,20.30,20.30,true,1,
8005200496525,false,נסטי בטעם אפרסק 1.5 ליטר,סן-פלגרינו,IT,נסטי בטעם אפרסק,ליטרים,1.50,ליטר,false,0,7.50,5.00,true,1,
8005200516520,false,נסטי דיאט טעם אפרסק 1.5ל,סן-פלגרינו,IT,נסטי דיאט אפרסק,ליטרים,1.50,ליטר,false,0,7.50,5.00,true,1,
8005200786527,false,נסטי בטעם תפוח 1.5 ליטר,סן-פלגרינו,IT,נסטי בטעם תפוח,ליטרים,1.50,ליטר,false,0,7.50,5.00,true,1,
8005200826537,false,נסטי מוגז בטעם לימון1.5ל,סן-פלגרינו,IT,נסטי מוגז לימון,ליטרים,1.50,ליטר,false,1,7.90,5.27,true,1,
8005200846535,false,נסטי מוגז אפרסק דיאט1.5ל,סן-פלגרינו,IT,נסטי מוגז אפרסק,ליטרים,1.50,ליטר,false,1,7.90,5.27,true,1,
8033509720041,false,ממחטות כיס,,IT,ממחטות כיס,יחידה,1.00,יחידה,false,0,7.90,7.90,true,1,
8076800195033,false,ברילה - צ.א ספגטיני מס3 חדש 500 גרם,ברילה גי.אי.אר פרטלי ס.פ,IT,ספגטיני מס' 3,גרמים,500.00,100 גרם,false,0,10.90,2.18,true,1,
8076800195057,false,ברילה - צ.א ספגטי מס5 חדש 500 גרם,ברילה גי.אי.אר פרטלי ס.פ,IT,ספגטי מס 5 ברילה,גרמים,500.00,100 גרם,false,0,10.90,2.18,true,1,
8076802085738,false,ברילה צ.ק פנה רגטה מס' 73 500 גרם,ברילה גי.אי.אר פרטלי ס.פ,IT,פנה ריגטה ברילה,גרמים,500.00,100 גרם,false,0,10.90,2.18,true,1,
8076809512268,false,פסטה גירנדולה טורסדס מספר 34 ברילה 500 גרם,ברילה גי.אי.אר פרטלי ס.פ,IT,פסטה גירנדולה,גרמים,500.00,100 גרם,false,0,10.90,2.18,true,1,
8076809513654,false,בסיס רוטב עגבניות לבולונז ברילה 400 גרם,ברילה גי.אי.אר פרטלי ס.פ,IT,בסיס לרוטב,גרמים,400.00,100 גרם,false,0,15.00,3.75,true,1,
8076809523738,false,דפי לזניה ברילה 500 גרם,ברילה גי.אי.אר פרטלי ס.פ,IT,לזניה ברילה 500 גרם,גרמים,500.00,100 גרם,false,0,23.20,4.64,true,1,
8410104039134,false,"מנקה ומחדש מדיח כלים פיניש 250 מ""ל",הדקלאים אגודת שיתופי,PL,פיניש ניקוי מדיח,מיליליטרים,250.00,"100 מ""ל",false,0,20.30,8.12,true,1,
8410104044916,false,פיניש אבקה למדיח 2.7 לימון,רקיט בנקיזר,PL,"פיניש אבקה למדיח 2.7 ק""ג",קילוגרמים,2.70,"ק""ג",false,0,52.20,19.33,true,1,
8590160891652,false,קפה נמס ג'קובס גולד200ג,מונדלייז,DE,קפה גיקובס גולד,גרמים,200.00,100 גרם,false,0,35.80,17.90,true,1,
8690521016882,false,"שמפו דאב דמג תרפי רגיל 400 מ""ל",יוניליוור,TR,שמפו דאב,מיליליטרים,400.00,"100 מ""ל",false,0,18.20,4.55,true,1,
8690521017124,false,"מרכך דאב דמג תרפי לשיער רגיל 400 מ""ל",יוניליוור,TR,מרכך שיער דאב,מיליליטרים,400.00,"100 מ""ל",false,0,18.20,4.55,true,1,
8690637655968,false,סיף ג'ל אקונומיקה 750מל,יוניליוור,IL,סיף ג'ל רוח ים,מיליליטרים,750.00,"100 מ""ל",false,0,13.70,1.83,true,1,
8690770322079,false,שמרים יבשים 450 ג' הנמל,הנמל,TR,שמרים יבשים,גרמים,450.00,100 גרם,false,0,14.40,3.20,true,1,
8690770322598,false,שמרים יבשים פוליבה הנמל 125 גרם,בראבו Bravo,TR,שמרים יבשים 125 גרם,גרמים,125.00,100 גרם,false,0,6.20,4.96,true,1,
8690777204071,false,פלפלים כבושים חריפים סרה 320 גרם,יוליניבר,TR,פלפל חריף,גרמים,640.00,100 גרם,false,0,13.80,2.16,true,1,
8690777206051,false,חציל קלוי על האש סרה ויליפוד 650 גרם,קוראהן פזלרמה וי דיס,TR,חציל קלוי,גרמים,650.00,100 גרם,false,0,13.80,2.12,true,1,
8692440001086,false,כוסות פלסטיק חד פעמי 100 יח',"שניב תעשיות נייר בע""",IL,כוסות פלסטיק100י,יחידה,1.00,יחידה,false,1,3.90,3.90,true,1,
8693323031909,false,מרשמלו ממולא גלי 90 גרם,סאאדת,IL,מרשמלו ממולא גלי 90 גרם,גרמים,90.00,100 גרם,false,0,4.60,5.11,true,1,
8693323689018,false,סוכ.ג'לי בצורת בננה250גר,סאדאט,TR,סוכריות ג'לי,גרמים,250.00,100 גרם,false,1,12.00,4.80,true,1,
8693495037853,false,זוג מברשות שיניים קולגייט סלים סופט זהב,הנסיך- מפעל לייצור ט,CN,2 מברשות קולגייט,יחידה,1.00,יחידה,false,0,34.30,34.30,true,1,
8693495045643,false,פלמוליב ספא אפרסק500מ,קולגייט-פלמוליב,TR,סבון פלמוליב,מיליליטרים,500.00,"100 מ""ל",false,1,20.90,4.18,true,1,
8697530910743,false,סיגריות פאל מאל כחול קצר מטאליק,Unknown,TR,פאל מאל כחול חפיסה,יחידה,1.00,יחידה,false,0,26.50,26.50,false,1,
8697530910750,false,סיגריות פאל מאל כחול ארוך האוס,Unknown,TR,פאל מאל כחול ארוך חפ.,יחידה,1.00,יחידה,false,0,26.50,26.50,false,1,
8710502470028,false,עוגיות שוקולד צ'יפס ממולאות בקרם נוגט,"מרבה בע""\מ",NL,עוגיות שוקוצ'יפס,גרמים,160.00,100 גרם,false,0,12.00,7.50,true,1,
8710800961310,false,סוכריות בטעם תות מנטוס 4*375 גרם,פרפטי ואן מלה ברדה,NL,מנטוס תות 4 יח,גרמים,150.00,100 גרם,false,0,10.40,6.93,true,1,
8714789177229,false,רבעיית מברשות שיניים קולגייט אקסטרה קלין 1 יחידה,הנסיך- מפעל לייצור ט,CN,4 מברשות שיניים,יחידה,1.00,יחידה,false,0,21.20,21.20,true,1,
8714789402918,false,נוזל לניקוי כללי ורצפות בניחוח פרחי בר אג'קס 1.5 ליטר,הנסיך- מפעל לייצור ט,GR,אג'קס לניקוי,ליטרים,1.50,ליטר,false,0,21.00,14.00,true,1,
8714789722610,false,משחת קולגייט סנסטיב 75מל,קולגייט-פלמוליב,PL,משחת קולגייט סנסטיב 75מל,מיליליטרים,75.00,"100 מ""ל",false,0,18.90,25.20,true,1,
8714789812175,false,ספריי מולטיאקשן 750מל,קולגייט-פלמוליב,IL,ספריי מולטיאקשן 750מל,מיליליטרים,750.00,"100 מ""ל",false,0,15.90,2.12,true,1,
8714789860251,false,אג'קס מסיר שומנים750מל,קולגייט-פלמוליב,GR,אג'קס מסיר שומני,מיליליטרים,750.00,"100 מ""ל",false,0,15.90,2.12,true,1,
8714789930848,false,"משחת שיניים אופטיק וייט הלבנה מיידית קולגייט 75 מ""ל",הנסיך- מפעל לייצור ט,PL,משחת קולגייט,מיליליטרים,75.00,"100 מ""ל",false,0,26.90,35.87,true,1,
8850389105825,false,משקה אלוורה בטעם ענבים סאפה 1 ליטר,סאפה פובליק קומפני לימיט,TH,סאפה ענבים,ליטרים,1.00,ליטר,false,0,12.20,12.20,true,1,
8850389105832,false,סאפה משקה אלוורה בטעם תפוח עם קוביות אלוורה 1 ליטר,סאפה פובליק קומפני לימיט,TH,סאפה תפוחים,ליטרים,1.00,ליטר,false,0,12.20,12.20,true,1,
8850389105849,false,סאפה משקה אלוורה מופחת קלוריות בטעם אפרסק 1 ליטר,סאפה פובליק קומפני לימיט,TH,סאפה אפרסק,ליטרים,1.00,ליטר,false,0,12.20,12.20,true,1,
8888021200720,false,סוללות אנרג'ייזר AAA מקס 8 יחידות,יצרן: אנרג'ייזר סינג,SG,8 סוללות AAA,יחידה,1.00,יחידה,false,0,27.50,27.50,true,1,
9310088007688,false,12 תחבושות דיפנד אקסטרה,חוגלה קימברלי,VN,תחבושות דיפנד,יחידה,1.00,יחידה,false,0,23.00,23.00,true,1,
9310088007695,false,10תחבושות דיפנד אקסטרה +,חוגלה קימברלי,VN,תחבושות דיפנד,יחידה,1.00,יחידה,false,0,23.00,23.00,true,1,
