code,internal_code,name,manufacturer_name,manufacture_country,manufacturer_item_description,unit_qty,quantity,unit_of_measure,weighted,qty_in_package,price,unit_of_measure_price,allow_discount,status,item_id
12,true,עגבניות,,,עגבניות,קילוגרמים,1.00,"ק""ג",true,,7.90,7.9000,true,1,2356
13,true,עגבניות שרי אשכול,,,עגבניות שרי אשכול,קילוגרמים,1.00,"ק""ג",true,,17.90,17.9000,true,1,2488
16,true,עגבניות שרי לובלו,,,עגבניות שרי וורוד,קילוגרמים,1.00,"ק""ג",true,,24.90,24.9000,true,1,28705
17,true,עגבניה מגי,,,עגבניה מגי,קילוגרמים,1.00,"ק""ג",true,,16.90,16.9000,true,1,10132
19,true,עגבניה שרי מנומר,,,עגבניה שרי מנומר,קילוגרמים,1.00,"ק""ג",true,,24.90,24.9000,true,1,7943
20,true,מלפפון,,,מלפפון,קילוגרמים,1.00,"ק""ג",true,,4.90,4.9000,true,1,2358
21,true,עגבניות שרי צהוב,,,עגבניות שרי צהוב,קילוגרמים,1.00,"ק""ג",true,,24.90,24.9000,true,1,12951
31,true,גזר ארוז,,,גזר ארוז,קילוגרמים,1.00,"ק""ג",true,,4.90,4.9000,true,1,2359
40,true,סלק,,,סלק,קילוגרמים,1.00,"ק""ג",true,,5.90,5.9000,true,1,2360
46,true,גזר בתפזורת,,,גזר בתפזורת,קילוגרמים,1.00,"ק""ג",true,,6.90,6.9000,true,1,3770
50,true,כרוב לבן,,,כרוב לבן,קילוגרמים,1.00,"ק""ג",true,,3.90,3.9000,true,1,2361
51,true,כרוב אדום,,,כרוב אדום,קילוגרמים,1.00,"ק""ג",true,,6.90,6.9000,true,1,2362
54,true,כרוב סיני,,,כרוב סיני,Unknown,0.00,Unknown,false,1,7.00,0.0000,true,1,2363
60,true,כרובית,,,כרובית,קילוגרמים,1.00,"ק""ג",true,,11.90,11.9000,true,1,2364
61,true,פטריות שמפיניון,,,פטריות שמפיניון,קילוגרמים,1.00,"ק""ג",true,,39.90,39.9000,true,1,2151
71,true,צנון,,,צנון,קילוגרמים,1.00,"ק""ג",true,,7.90,7.9000,true,1,2365
93,true,בצל יבש,,,בצל יבש,קילוגרמים,1.00,"ק""ג",true,,4.90,4.9000,true,1,2366
95,true,בצל אדום,,,בצל אדום,קילוגרמים,1.00,"ק""ג",true,,6.90,6.9000,true,1,2367
96,true,בצל ירוק באריזה,,,בצל ירוק באריזה,Unknown,0.00,Unknown,false,1,5.90,0.0000,true,1,2368
105,true,זנגויל גינגר טרי,,,זנגויל טרי,קילוגרמים,1.00,"ק""ג",true,,25.00,25.0000,true,1,2369
110,true,בטטה מתוקה,,,בטטה מתוקה,קילוגרמים,1.00,"ק""ג",true,,8.90,8.9000,true,1,2370
131,true,דלורית,,,דלורית,קילוגרמים,1.00,"ק""ג",true,,5.90,5.9000,true,1,2371
141,true,חציל,,,חציל,קילוגרמים,1.00,"ק""ג",true,,7.90,7.9000,true,1,2372
151,true,פלפל ירוק כהה,,,פלפל ירוק כהה,קילוגרמים,1.00,"ק""ג",true,,9.90,9.9000,true,1,2373
152,true,פלפל ירוק חריף,,,פלפל ירוק חריף,קילוגרמים,1.00,"ק""ג",true,,9.90,9.9000,true,1,2374
153,true,פלפל אדום,,,פלפל אדום,קילוגרמים,1.00,"ק""ג",true,,11.90,11.9000,true,1,2375
154,true,פלפל צהוב,,,פלפל צהוב,קילוגרמים,1.00,"ק""ג",true,,11.90,11.9000,true,1,2376
156,true,פלפל כתום,,,פלפל כתום,קילוגרמים,1.00,"ק""ג",true,,11.90,11.9000,true,1,2377
157,true,פלפל שושקה,,,פלפל שושקה,קילוגרמים,1.00,"ק""ג",true,,14.90,14.9000,true,1,2378
160,true,לפת,,,לפת,קילוגרמים,1.00,"ק""ג",true,,7.90,7.9000,true,1,2379
161,true,פלפל בהיר,,,פלפל בהיר,קילוגרמים,1.00,"ק""ג",true,,10.90,10.9000,true,1,2380
169,true,דלעת ערמונים,,,דלעת ערמונים,קילוגרמים,1.00,"ק""ג",true,,14.90,14.9000,true,1,3336
170,true,קולורבי,,,קולורבי,קילוגרמים,1.00,"ק""ג",true,,9.90,9.9000,true,1,2381
172,true,שעועית ירוקה רחבה,,,שעועית ירוקה רחבה,קילוגרמים,1.00,"ק""ג",true,,29.90,29.9000,true,1,2443
180,true,קישואים,,,קישואים,קילוגרמים,1.00,"ק""ג",true,,9.90,9.9000,true,1,2136
182,true,קישוא כרעה,,,קישוא כרעה,קילוגרמים,1.00,"ק""ג",true,,11.90,11.9000,true,1,27204
185,true,קישוא זוקיני,,,קישוא זוקיני ירוק,קילוגרמים,1.00,"ק""ג",true,,12.90,12.9000,true,1,2382
191,true,שעועית ירוקה,,,שעועית ירוקה,קילוגרמים,1.00,"ק""ג",true,,29.90,29.9000,true,1,2384
195,true,לוביה,,,לוביה,קילוגרמים,1.00,"ק""ג",true,,39.90,39.9000,true,1,26793
200,true,תירס ארוז,,,תירס ארוז,קילוגרמים,1.00,"ק""ג",true,,8.90,8.9000,true,1,2385
210,true,שום לח,,,שום לח,קילוגרמים,1.00,"ק""ג",true,,19.90,19.9000,true,1,41374
240,true,פול ירוק,,,פול ירוק,קילוגרמים,1.00,"ק""ג",true,,12.90,12.9000,true,1,2137
255,true,חסה עגולה ראש,,,חסה עגולה ראש,Unknown,0.00,Unknown,false,1,6.90,0.0000,true,1,2388
260,true,חסה ערבית ראש,,,חסה ערבית ראש,יחידה,1.00,יחידה,false,1,3.90,3.9000,true,1,2389
265,true,פלפל רומרו,,,פלפל רומרו,קילוגרמים,1.00,"ק""ג",true,,14.90,14.9000,true,1,2391
279,true,שום יבש יחידה,,,שום יבש יחידה,Unknown,0.00,Unknown,false,1,6.90,0.0000,true,1,2288
288,true,תפוא אדום ארוז,,,תפוא אדום ארוז,קילוגרמים,1.00,"ק""ג",true,,6.90,6.9000,true,1,2393
290,true,תפוא לבן ארוז,,,תפוא לבן ארוז,קילוגרמים,1.00,"ק""ג",true,,6.90,6.9000,true,1,2133
291,true,תפוח אדמה קטן לאפיה,,,תפוח אדמה קטן לאפיה,קילוגרמים,1.00,"ק""ג",true,,4.90,4.9000,true,1,2395
292,true,בטטה קסביה,,,בטטה קסביה,קילוגרמים,1.00,"ק""ג",true,,15.00,15.0000,true,1,2394
294,true,תפוא לבן בתפזורת,,,תפוא לבן בתפזורת,קילוגרמים,1.00,"ק""ג",true,,7.90,7.9000,true,1,2566
296,true,תפוא אדום בתפזורת,,,תפוא אדום בתפזורת,קילוגרמים,1.00,"ק""ג",true,,7.90,7.9000,true,1,2567
307,true,שומר,,,שומר,קילוגרמים,1.00,"ק""ג",true,,8.90,8.9000,true,1,2396
310,true,מלון,,,מלון,קילוגרמים,1.00,"ק""ג",true,,6.90,6.9000,true,1,2397
319,true,אבטיח מיני,,,אבטיח מיני,קילוגרמים,1.00,"ק""ג",true,,7.90,7.9000,true,1,27258
340,true,פטרוזיליה,,,פטרוזיליה,Unknown,0.00,Unknown,false,1,4.00,0.0000,true,1,2399
341,true,שמיר,,,שמיר,Unknown,0.00,Unknown,false,1,4.00,0.0000,true,1,2400
342,true,נענע,,,נענע,Unknown,0.00,Unknown,false,1,4.00,0.0000,true,1,2401
343,true,כוסברה,,,כוסברה,Unknown,0.00,Unknown,false,1,4.00,0.0000,true,1,2402
344,true,שורש פטרוזיליה,,,שורש פטרוזיליה,Unknown,0.00,Unknown,false,1,5.90,0.0000,true,1,2403
345,true,סלרי ראש,,,סלרי ראש,Unknown,0.00,Unknown,false,1,5.90,0.0000,true,1,2404
374,true,פטריות שמפניון ארוז,,,פטריות שמפניון ארוז 250 ג,Unknown,0.00,Unknown,false,1,9.90,0.0000,true,1,3406
427,true,פטריות פורטובלה,,,פטריות פורטובלה,קילוגרמים,1.00,"ק""ג",true,,39.90,39.9000,true,1,2407
500,true,תפוז,,,תפוז,קילוגרמים,1.00,"ק""ג",true,,6.90,6.9000,true,1,2408
501,true,תפוז סיני,,,תפוז סיני,קילוגרמים,1.00,"ק""ג",true,,10.90,10.9000,true,1,28672
504,true,תפוז למיץ ברשת,,,תפוז למיץ ברשת,קילוגרמים,1.00,"ק""ג",true,,5.90,5.9000,true,1,2409
513,true,קלמנטינות,,,קלמנטינות,קילוגרמים,1.00,"ק""ג",true,,7.90,7.9000,true,1,2657
520,true,אשכוליות,,,אשכוליות,קילוגרמים,1.00,"ק""ג",true,,7.90,7.9000,true,1,2410
525,true,פומלית,,,פומלית,קילוגרמים,1.00,"ק""ג",true,,7.90,7.9000,true,1,27247
530,true,לימון,,,לימון,קילוגרמים,1.00,"ק""ג",true,,8.90,8.9000,true,1,2411
540,true,בננות,,,בננות,קילוגרמים,1.00,"ק""ג",true,,6.90,6.9000,true,1,2412
561,true,אבוקדו,,,אבוקדו,קילוגרמים,1.00,"ק""ג",true,,14.90,14.9000,true,1,2413
570,true,רימון,,,רימון,קילוגרמים,1.00,"ק""ג",true,,9.90,9.9000,true,1,2414
573,true,פומלה,,,פומלה,קילוגרמים,1.00,"ק""ג",true,,8.90,8.9000,true,1,2303
595,true,אפרסק,,,אפרסק,קילוגרמים,1.00,"ק""ג",true,,14.90,14.9000,true,1,2416
603,true,אגס,,,אגס,קילוגרמים,1.00,"ק""ג",true,,12.90,12.9000,true,1,2132
605,true,קיווי,,,קיווי,קילוגרמים,1.00,"ק""ג",true,,19.90,19.9000,true,1,2420
606,true,אגס אדום,,,אגס אדום/חום,קילוגרמים,1.00,"ק""ג",true,,14.90,14.9000,true,1,2419
610,true,סברס,,,סברס,קילוגרמים,1.00,"ק""ג",true,,29.90,29.9000,true,1,2418
620,true,גויאבות,,,גויאבות,קילוגרמים,1.00,"ק""ג",true,,15.90,15.9000,true,1,27149
660,true,מנגו,,,מנגו,קילוגרמים,1.00,"ק""ג",true,,12.90,12.9000,true,1,2421
683,true,אפרסמון קרמבו,,,אפרסמון קרמבו,קילוגרמים,1.00,"ק""ג",true,,15.90,15.9000,true,1,27787
687,true,פפיה,,,פפיה,קילוגרמים,1.00,"ק""ג",true,,18.90,18.9000,true,1,2423
691,true,תפוח עץ סמיט,,,תפוח עץ סמיט,קילוגרמים,1.00,"ק""ג",true,,9.90,9.9000,true,1,2424
695,true,אננס,,,אננס,קילוגרמים,1.00,"ק""ג",true,,35.00,35.0000,true,1,3945
756,true,תפוח עץ קריספ פינק,,,תפוח עץ קריספ פינק,קילוגרמים,1.00,"ק""ג",true,,19.90,19.9000,true,1,934
763,true,שזיף אבטיח,,,שזיף אבטיח,קילוגרמים,1.00,"ק""ג",true,,24.90,24.9000,true,1,3744
777,true,תפוח עץ מוזהב,,,תפוח עץ מוזהב,קילוגרמים,1.00,"ק""ג",true,,9.90,9.9000,true,1,2434
779,true,תפוח עץ חרמון,,,תפוח עץ חרמון,קילוגרמים,1.00,"ק""ג",true,,9.90,9.9000,true,1,2425
785,true,תפוח עץ גאלה,,,תפוח עץ גאלה,קילוגרמים,1.00,"ק""ג",true,,9.90,9.9000,true,1,2426
790,true,תפוח עץ יונתן,,,תפוח עץ יונתן,קילוגרמים,1.00,"ק""ג",true,,9.90,9.9000,true,1,2427
846,true,נקטרינה,,,נקטרינה,קילוגרמים,1.00,"ק""ג",true,,14.90,14.9000,true,1,2430
851,true,שזיף אדום,,,שזיף אדום,קילוגרמים,1.00,"ק""ג",true,,16.90,16.9000,true,1,2431
852,true,שזיף שגיב,,,שזיף שגיב,קילוגרמים,1.00,"ק""ג",true,,14.90,14.9000,true,1,26606
862,true,לימון סיני,,,לימון ננסי סיני,קילוגרמים,1.00,"ק""ג",true,,10.90,10.9000,true,1,3262
866,true,פטיה צהובה יח,,,פטיה צהובה יח,Unknown,0.00,Unknown,false,1,14.90,0.0000,true,1,2432
867,true,פטיה ורודה יח,,,פטיה ורודה יח,Unknown,0.00,Unknown,false,1,16.90,0.0000,true,1,10568
870,true,משמש,,,משמש,קילוגרמים,1.00,"ק""ג",true,,19.90,19.9000,true,1,2433
880,true,קובו,,,קובו,קילוגרמים,1.00,"ק""ג",true,,24.90,24.9000,true,1,26796
890,true,תמר צהוב,,,תמר צהוב,קילוגרמים,1.00,"ק""ג",true,,16.90,16.9000,true,1,26607
1020,true,דמי פקדון 1.20 שח רב,,,דמי פקדון 1.20 שח רביעיה,Unknown,0.00,Unknown,false,1,1.20,0.0000,true,1,1787
1104,true,פטריות פורטובלה יח,,,פטריות פורטובלה יח,Unknown,0.00,Unknown,false,1,11.90,0.0000,true,1,386
1648,true,ניילון נצמד מעדנייה,,,ניילון נצמד מעדנייה רוחב 450 ממ 6 קג,Unknown,0.00,Unknown,false,1,110.00,0.0000,true,1,18079
3337,true,זית ממולא כל הסוגים,,,זית ממולא כל הסוגים במשקל,קילוגרמים,1.00,"ק""ג",true,,59.00,59.0000,true,1,5661
6246,true,מארז 3 יח פיתה פרנה,בונז'ור,,לחמנית המבורגר מיני10 יח,Unknown,0.00,Unknown,false,1,16.90,0.0000,true,1,10869
7014,true,קציצות דגים מטוגנות,,,קציצות דגים מטוגנות,קילוגרמים,1.00,"ק""ג",true,,65.00,65.0000,true,1,5906
7038,true,שווארמה,,,שווארמה,קילוגרמים,1.00,"ק""ג",true,,75.00,75.0000,true,1,5908
7045,true,לטקס,,,לטקס,קילוגרמים,1.00,"ק""ג",true,,65.00,65.0000,true,1,7185
7052,true,חומוס ביתי,,,חומוס ביתי,קילוגרמים,1.00,"ק""ג",true,,40.00,40.0000,true,1,4585
9384,true,פרגית ממולא,,,פרגית ממולא,קילוגרמים,1.00,"ק""ג",true,,80.00,80.0000,true,1,5292
9414,true,חמין,,,חמין,קילוגרמים,1.00,"ק""ג",true,,65.00,65.0000,true,1,5289
9452,true,כרעיים עוף,,,כרעיים עוף,קילוגרמים,1.00,"ק""ג",true,,48.00,48.0000,true,1,4676
9476,true,סטייק פרגיות על האש,,,סטייק פרגיות עוף,קילוגרמים,1.00,"ק""ג",true,,85.00,85.0000,true,1,4678
9490,true,פחמימות/קטניות,,,פחמימות/קטניות,קילוגרמים,1.00,"ק""ג",true,,36.00,36.0000,true,1,4686
9513,true,גולש,,,גולש,קילוגרמים,1.00,"ק""ג",true,,85.00,85.0000,true,1,4689
9520,true,בקר סיני,,,בקר סיני,קילוגרמים,1.00,"ק""ג",true,,80.00,80.0000,true,1,4690
9537,true,ירקות מבושלים,,,ירקות מבושלים,קילוגרמים,1.00,"ק""ג",true,,40.00,40.0000,true,1,4691
9544,true,קציצות עוף/בקר,,,קציצות עוף/בקר,קילוגרמים,1.00,"ק""ג",true,,70.00,70.0000,true,1,4692
9551,true,עוף סיני,,,עוף סיני,קילוגרמים,1.00,"ק""ג",true,,70.00,70.0000,true,1,4693
9568,true,שניצל/שניצלוני עוף,,,שניצל/שניצלוני עוף,קילוגרמים,1.00,"ק""ג",true,,75.00,75.0000,true,1,4694
9599,true,כתף בקר,,,כתף בקר,קילוגרמים,1.00,"ק""ג",true,,90.00,90.0000,true,1,4706
9636,true,כיסונים,,,כיסונים,קילוגרמים,1.00,"ק""ג",true,,65.00,65.0000,true,1,4780
9643,true,ממולאים,,,ממולאים,קילוגרמים,1.00,"ק""ג",true,,68.00,68.0000,true,1,4781
9650,true,ארוחה,,,ארוחה,Unknown,0.00,Unknown,false,1,42.00,0.0000,true,1,4798
9704,true,סלטים,,,סלטים,קילוגרמים,1.00,"ק""ג",true,,40.00,40.0000,true,1,4814
9711,true,קוסקוס,,,קוסקוס,קילוגרמים,1.00,"ק""ג",true,,36.00,36.0000,true,1,4815
9742,true,פילה אמנון,,,פילה אמנון,קילוגרמים,1.00,"ק""ג",true,,85.00,85.0000,true,1,4818
9759,true,קובה,,,מאפה סלמון,קילוגרמים,1.00,"ק""ג",true,,65.00,65.0000,true,1,28827
9773,true,סלמון ברוטב,,,סלמון ברוטב,קילוגרמים,1.00,"ק""ג",true,,119.00,119.0000,true,1,4820
9797,true,ארוחה צמחונית,,,ארוחה צמחונית,Unknown,0.00,Unknown,false,1,28.00,0.0000,true,1,4823
9810,true,בשר ראש/גידים,,,בשר ראש/גידים,קילוגרמים,1.00,"ק""ג",true,,75.00,75.0000,true,1,4921
9872,true,כרובית מטוגנת,,,כרובית מטוגנת,קילוגרמים,1.00,"ק""ג",true,,55.00,55.0000,true,1,4934
9919,true,נודלס,,,נודלס,קילוגרמים,1.00,"ק""ג",true,,45.00,45.0000,true,1,4973
9926,true,עלי גפן ממולאים,,,עלי גפן ממולאים,קילוגרמים,1.00,"ק""ג",true,,55.00,55.0000,true,1,4986
9940,true,קבב/נקניקיות,,,קבב/נקניקיות,קילוגרמים,1.00,"ק""ג",true,,85.00,85.0000,true,1,5041
9964,true,שוקיים עוף מצופה,,,שוקיים עוף מצופה,קילוגרמים,1.00,"ק""ג",true,,69.00,69.0000,true,1,5042
900032,true,פילה אנטיאס טרי,,,פילה אנטיאס טרי,קילוגרמים,1.00,"ק""ג",true,,230.00,230.0000,true,1,1945
900223,true,ראשים ועצמות,,,ראשים ועצמות,קילוגרמים,1.00,"ק""ג",true,,15.90,15.9000,true,1,1951
900285,true,לוקוס פרוס טרי,,,לוקוס פרוס במשקל,קילוגרמים,1.00,"ק""ג",true,,190.00,190.0000,true,1,1952
900841,true,מינוט סטייק נברסקה,,,רוסטביף עגל טרי,קילוגרמים,1.00,"ק""ג",true,,89.90,89.9000,true,1,29882
900926,true,פילה סלמון פרימיום ט,,,פילה סלמון טרי נורווגי,קילוגרמים,1.00,"ק""ג",true,,120.00,120.0000,true,1,1963
901503,true,אוסובוקו עגל טרי עם,,,אוסובוקו עגל טרי עם עצם,קילוגרמים,1.00,"ק""ג",true,,59.90,59.9000,true,1,2036
901510,true,סטייק אנטריקוט עם עצ,,,פלדה עגל טרי,קילוגרמים,1.00,"ק""ג",true,,149.90,149.9000,true,1,29884
901541,true,שייטל טרי,,,שייטל טרי,קילוגרמים,1.00,"ק""ג",true,,79.90,79.9000,true,1,2039
901558,true,סינטה עגל טרי,,,סינטה עגל טרי,קילוגרמים,1.00,"ק""ג",true,,110.00,110.0000,true,1,2043
901565,true,אווזית טרי,,,אווזית טרי,קילוגרמים,1.00,"ק""ג",true,,79.90,79.9000,true,1,2040
901589,true,פילה עגל טרי,,,פילה עגל טרי,קילוגרמים,1.00,"ק""ג",true,,245.00,245.0000,true,1,2042
901596,true,שפיץ צך עגל טרי,,,שפיץ צך עגל טרי,קילוגרמים,1.00,"ק""ג",true,,110.00,110.0000,true,1,2044
903064,true,פקאן טבעי,,,צימוק אורגני,קילוגרמים,1.00,"ק""ג",true,,119.00,119.0000,true,1,27119
903439,true,קשיו טבעי,,,מלון דל סוכר מיובש,קילוגרמים,1.00,"ק""ג",true,,89.00,89.0000,true,1,27120
903545,true,גבינה צהובה 28% נעם,,,גבינה צהובה 28% נעם במשקל***,קילוגרמים,1.00,"ק""ג",true,,44.79,44.7900,true,1,2239
903774,true,גבינת עיזים קברה יין,,,גבינת עיזים קברה יין במשקל,קילוגרמים,1.00,"ק""ג",true,,189.00,189.0000,true,1,2780
904115,true,גבינת מלוסין עיזים ב,מלוסין,,גבינת מלוסין עיזים במשקל,קילוגרמים,1.00,"ק""ג",true,,145.00,145.0000,true,1,2142
904726,true,בשר טלה טרי ללא עצם,,,בשר כבש טרי ללא עצם,קילוגרמים,1.00,"ק""ג",true,,150.00,150.0000,true,1,2804
904955,true,מטוגנים,,,מטוגנים,קילוגרמים,1.00,"ק""ג",true,,69.00,69.0000,true,1,2193
910000,true,עוף טרי שלם,,,עוף טרי שלם,קילוגרמים,1.00,"ק""ג",true,,18.90,18.9000,true,1,2610
910017,true,עוף טרי מפורק,,,עוף טרי מפורק,קילוגרמים,1.00,"ק""ג",true,,20.90,20.9000,true,1,2611
910031,true,חזה עוף טרי שלם,,,חזה עוף טרי שלם,קילוגרמים,1.00,"ק""ג",true,,34.90,34.9000,true,1,2612
910062,true,בשר עוף טחון טרי,,,בשר עוף טחון טרי,קילוגרמים,1.00,"ק""ג",true,,34.90,34.9000,true,1,2613
910079,true,שניצל עוף טרי,,,שניצל עוף פרוס טרי,קילוגרמים,1.00,"ק""ג",true,,36.90,36.9000,true,1,2614
910093,true,כרעיים עוף טרי,,,כרעיים עוף טרי,קילוגרמים,1.00,"ק""ג",true,,25.90,25.9000,true,1,2615
910116,true,ירך עוף טרי,,,ירך עוף טרי,קילוגרמים,1.00,"ק""ג",true,,25.90,25.9000,true,1,2616
910130,true,שוקיים עוף טרי,,,שוקיים עוף טרי,קילוגרמים,1.00,"ק""ג",true,,31.90,31.9000,true,1,2618
910154,true,כנפיים עוף טרי,,,כנפיים עוף טרי,קילוגרמים,1.00,"ק""ג",true,,9.90,9.9000,true,1,2619
910178,true,לבבות עוף טרי,,,לבבות עוף טרי,קילוגרמים,1.00,"ק""ג",true,,29.90,29.9000,true,1,2620
910192,true,כבד עוף טרי,,,כבד עוף טרי,קילוגרמים,1.00,"ק""ג",true,,19.90,19.9000,true,1,2621
910208,true,פרגיות עוף טרי,,,פרגיות עוף טרי,קילוגרמים,1.00,"ק""ג",true,,64.90,64.9000,true,1,2622
910246,true,קורקבן עוף טרי,,,קורקבן עוף טרי,קילוגרמים,1.00,"ק""ג",true,,10.00,10.0000,true,1,2624
910253,true,גרון עוף טרי,,,גרון עוף טרי,קילוגרמים,1.00,"ק""ג",true,,9.90,9.9000,true,1,2625
910277,true,חזה הודו טרי,,,חזה הודו טרי,קילוגרמים,1.00,"ק""ג",true,,34.90,34.9000,true,1,2627
910321,true,שוקיים הודו טרי,,,שוקיים הודו טרי,קילוגרמים,1.00,"ק""ג",true,,27.90,27.9000,true,1,2629
910338,true,שוק הודו מפורק טרי,,,שוק הודו מפורק טרי,קילוגרמים,1.00,"ק""ג",true,,52.90,52.9000,true,1,2630
910345,true,בשר הודו אדום טחון,,,בשר הודו אדום טחון,קילוגרמים,1.00,"ק""ג",true,,52.90,52.9000,true,1,2631
910369,true,כנפיים הודו טרי,,,כנפיים הודו טרי,קילוגרמים,1.00,"ק""ג",true,,12.90,12.9000,true,1,2632
910376,true,לבבות הודו טרי,,,לבבות הודו טרי,קילוגרמים,1.00,"ק""ג",true,,19.90,19.9000,true,1,2633
910383,true,כבד הודו טרי,,,כבד הודו טרי,קילוגרמים,1.00,"ק""ג",true,,18.90,18.9000,true,1,26825
910390,true,גרון הודו טרי,,,גרון הודו טרי,קילוגרמים,1.00,"ק""ג",true,,26.90,26.9000,true,1,2634
910406,true,בשר בקר טחון טרי,,,בשר בקר טחון טרי,קילוגרמים,1.00,"ק""ג",true,,59.90,59.9000,true,1,2635
910420,true,שווארמה הודו טרי,,,שווארמה הודו טרי,קילוגרמים,1.00,"ק""ג",true,,64.90,64.9000,true,1,2636
910444,true,חזה הודו טחון טרי,,,בשר הודו לבן טחון טרי,קילוגרמים,1.00,"ק""ג",true,,34.90,34.9000,true,1,2637
910468,true,קבב,,,קבב,קילוגרמים,1.00,"ק""ג",true,,85.00,85.0000,true,1,2639
911014,true,פילה עוף טרי,,,פילה עוף טרי,קילוגרמים,1.00,"ק""ג",true,,36.90,36.9000,true,1,3132
911137,true,בשר וייסברטן עגל טרי,,,בשר וייסברטן עגל טרי,קילוגרמים,1.00,"ק""ג",true,,79.90,79.9000,true,1,1677
911519,true,שניצל עגל טרי,,,שניצל עגל טרי,קילוגרמים,1.00,"ק""ג",true,,95.00,95.0000,true,1,3138
911540,true,בשר עגל טרי,,,בשר עגל טרי,קילוגרמים,1.00,"ק""ג",true,,79.90,79.9000,true,1,3140
911595,true,כף עגל טרי,,,כף עגל טרי,קילוגרמים,1.00,"ק""ג",true,,79.90,79.9000,true,1,3144
911694,true,צלעות טלה טרי,,,צלעות כבש טרי,קילוגרמים,1.00,"ק""ג",true,,160.00,160.0000,true,1,3149
911700,true,כתף טלה טרי עם עצם,,,כתף כבש טרי,קילוגרמים,1.00,"ק""ג",true,,110.00,110.0000,true,1,3150
911724,true,חזה טלה טרי,,,חזה כבש טרי,קילוגרמים,1.00,"ק""ג",true,,80.00,80.0000,true,1,3152
911748,true,גבינת צדר במשקל,שווינגטון,,גבינת צדר במשקל,קילוגרמים,1.00,"ק""ג",true,,135.00,135.0000,true,1,3824
911816,true,בשר בקר טחון מבשר קפ,,,בשר בקר טחון מבשר קפוא,קילוגרמים,1.00,"ק""ג",true,,45.00,45.0000,true,1,3201
911847,true,אסאדו עגל טרי,,,אסאדו עגל טרי,קילוגרמים,1.00,"ק""ג",true,,64.90,64.9000,true,1,3224
911854,true,סטייק טרי עם עצם,,,סטייק עם עצם טרי,קילוגרמים,1.00,"ק""ג",true,,109.90,109.9000,true,1,3225
911878,true,עצם מח,,,עצם מח,קילוגרמים,1.00,"ק""ג",true,,40.00,40.0000,true,1,3338
920047,true,גבינה צהובה נעם 22%,,,גבינה צהובה נעם 22% במשקל***,קילוגרמים,1.00,"ק""ג",true,,42.58,42.5800,true,1,3157
925127,true,גבינת סטילטון במשקל,וואקפום,,גבינת סטילטון במשקל,קילוגרמים,1.00,"ק""ג",true,,189.00,189.0000,true,1,2726
930183,true,צוואר טלה טרי,,,צוואר כבש טרי,קילוגרמים,1.00,"ק""ג",true,,80.00,80.0000,true,1,3170
930220,true,צלעות/ צוואר עגל טרי,,,צלעות/ צוואר עגל טרי,קילוגרמים,1.00,"ק""ג",true,,85.00,85.0000,true,1,3171
930541,true,טחול עוף טרי,,,טחול עוף טרי,קילוגרמים,1.00,"ק""ג",true,,67.90,67.9000,true,1,3211
936130,true,בוטנים קלויים,,,גבינת טום דה אלזס רזרב במשקל,קילוגרמים,1.00,"ק""ג",true,,37.00,37.0000,true,1,26384
940021,true,חטיף יפני חריף,,,ממתק בארברו טורון נוציאולה פימונטה במשק,קילוגרמים,1.00,"ק""ג",true,,65.00,65.0000,true,1,26363
940519,true,גרעין אבטיח קלוי,,,גבינת מורבייר ארמיטאג פחם חצי קשה במשקל,קילוגרמים,1.00,"ק""ג",true,,59.00,59.0000,true,1,26371
950228,true,פילה מדומה עגל טרי,,,פילה מדומה עגל טרי,קילוגרמים,1.00,"ק""ג",true,,85.00,85.0000,true,1,3205
960425,true,גבינה צהובה נעם 9% ב,,,גבינה צהובה נעם 9% במשקל,קילוגרמים,1.00,"ק""ג",true,,79.00,79.0000,true,1,3243
960432,true,אגוזי קשיו ענק קלוי,צוגר,,גבינת מוצרלה פנינים במשקל,קילוגרמים,1.00,"ק""ג",true,,95.00,95.0000,true,1,26357
961118,true,גבינת פרמזאנו ריגאנו,,,גבינת פרמזאנו ריגאנו  ריסטרטו,קילוגרמים,1.00,"ק""ג",true,,159.00,159.0000,true,1,3360
961132,true,צימוק לבן,הנרי בליך,,גבינת גאודה כבשים במשקל,קילוגרמים,1.00,"ק""ג",true,,37.00,37.0000,true,1,26367
961156,true,שזיף מיובש,אדם,,גבינת אדם כדור במשקל,קילוגרמים,1.00,"ק""ג",true,,45.00,45.0000,true,1,26368
961170,true,גבינת גאודה עיזים מי,הנרי בליך,,גבינת גאודה עיזים מיושנת במשקל,קילוגרמים,1.00,"ק""ג",true,,169.00,169.0000,true,1,3363
961194,true,בונדוק קלוי,,,גבינת טום בלנש מונטסלוי אוקסיטאן במשקל,קילוגרמים,1.00,"ק""ג",true,,89.00,89.0000,true,1,26369
961200,true,גבינת ברי איל דפרנס,,,גבינת ברי איל דפרנס במשקל,קילוגרמים,1.00,"ק""ג",true,,159.00,159.0000,true,1,3365
961217,true,דג פילה הרינג בשמן/כ,,,דג פילה הרינג בשמן/כבוש במשקל,קילוגרמים,1.00,"ק""ג",true,,45.00,45.0000,true,1,38534
961286,true,מנצס,הנרי בליך,,גבינת גאודה  פטריות כמהין במשקל,קילוגרמים,1.00,"ק""ג",true,,47.00,47.0000,true,1,26370
961354,true,דג הרנג נורבגי אקסטר,,,דג הרנג נורבגי אקסטרה במשקל,קילוגרמים,1.00,"ק""ג",true,,25.00,25.0000,true,1,38541
961385,true,מקרל במי מלח במשקל,,,מקרל במי מלח במשקל,קילוגרמים,1.00,"ק""ג",true,,49.00,49.0000,true,1,3790
961422,true,דג פיקלינג במשקל,,,דג פיקלינג במשקל,קילוגרמים,1.00,"ק""ג",true,,75.00,75.0000,true,1,3792
970003,true,צימוק לבן ענק,,,גבינת ריקוטה סלאטה כבשים חצי קשה סרדיניה,קילוגרמים,1.00,"ק""ג",true,,44.00,44.0000,true,1,26376
970516,true,תבלינים קבוצה 5,,,גבינת קנטל בייבי וויו אוקסיטאן במשקל צרפ,קילוגרמים,1.00,"ק""ג",true,,100.00,100.0000,true,1,3772
971001,true,בונדוק טבעי,הנרי בליך,,גבינת גאודה אגוזים במשקל,קילוגרמים,1.00,"ק""ג",true,,110.00,110.0000,true,1,25971
971018,true,מנגו מיובש ללא סוכר,,,גבינת קרוטין עיזים במשקל,קילוגרמים,1.00,"ק""ג",true,,80.00,80.0000,true,1,25972
971025,true,אננס טבעי ללא סוכר,,,אננס טבעי ללא סוכר,קילוגרמים,1.00,"ק""ג",true,,89.00,89.0000,true,1,25973
971063,true,מארז מחולק עם חלון,,,מארז סלסלה עגולה מעוצבת,Unknown,0.00,Unknown,false,1,140.00,0.0000,true,1,43975
971070,true,חבילת שי סיר יציקה 2,,,חבילת שי סיר יציקה 28 סמ,Unknown,0.00,Unknown,false,1,199.00,0.0000,true,1,43979
971100,true,אגוזים קלופים חצאים,בריווה,,חמאה צרפתית אלין במשקל,קילוגרמים,1.00,"ק""ג",true,,89.00,89.0000,true,1,25974
975030,true,תבלינים במבצע,הנרי בליך,,גבינה מסוג גאודה בלוק במשקל,קילוגרמים,1.00,"ק""ג",true,,59.00,59.0000,true,1,4068
975047,true,גבינת סנט אגור במשקל,בונגראן,,גבינת סנט אגור במשקל,קילוגרמים,1.00,"ק""ג",true,,199.00,199.0000,true,1,4069
976556,true,צנובר,"דין שיווק וקלייה בע""",,צנובר במשקל,קילוגרמים,1.00,"ק""ג",true,,195.00,195.0000,true,1,3029
976600,true,משמש יבש,"דין שיווק וקלייה בע""",,משמש יבש,קילוגרמים,1.00,"ק""ג",true,,54.00,54.0000,true,1,3050
976785,true,גרעין שחור קלוי ללא,"דין שיווק וקלייה בע""",,גרעין שחור קלוי ללא מלח,קילוגרמים,1.00,"ק""ג",true,,25.00,25.0000,true,1,3041
976860,true,שקד מולבן חצאים,"דין שיווק וקלייה בע""",,שקד מולבן חצאים,קילוגרמים,1.00,"ק""ג",true,,120.00,120.0000,true,1,3033
977027,true,פיסטוק קלוי,,,פיסטוק קלוי ענק,קילוגרמים,1.00,"ק""ג",true,,97.00,97.0000,true,1,3008
977065,true,פיסטוק טבעי מקולף,,,קוקוס טחון,קילוגרמים,1.00,"ק""ג",true,,199.00,199.0000,true,1,3015
977102,true,תערובת פיצוחים קלויי,"דין שיווק וקלייה בע""",,שקד טבעי ענק,קילוגרמים,1.00,"ק""ג",true,,95.00,95.0000,true,1,3026
977454,true,גרעין שחור כורדי מופ,,,גרעין שחור קלוי במשקל,קילוגרמים,1.00,"ק""ג",true,,29.00,29.0000,true,1,3009
977553,true,שקד בקליפה קלוי,,,פקאן בקליפה טבעי במשקל,קילוגרמים,1.00,"ק""ג",true,,60.00,60.0000,true,1,3038
977652,true,פקאן מקולף קלוי,SORINI,,שוקולדים מעורב במשקל,קילוגרמים,1.00,"ק""ג",true,,126.00,126.0000,true,1,3314
977720,true,אגוזים קלופים,,,בוטן קלוי,קילוגרמים,1.00,"ק""ג",true,,79.00,79.0000,true,1,10464
977782,true,תאנים יבשות גדולות,,,תאנים מיובשים,קילוגרמים,1.00,"ק""ג",true,,49.00,49.0000,true,1,3055
978321,true,מנגו מיובש,,,תאנים בייבי,קילוגרמים,1.00,"ק""ג",true,,40.00,40.0000,true,1,3067
978352,true,מקדמיה טבעי,"דין שיווק וקלייה בע""",,פפאיה מיובש במשקל,קילוגרמים,1.00,"ק""ג",true,,150.00,150.0000,true,1,3069
978765,true,תמר מגהול ענק,נימקס איזמיר,,תאנים אורגני מיובש,קילוגרמים,1.00,"ק""ג",true,,45.00,45.0000,true,1,3155
978789,true,שקד טחון מולבן,,,אננס מיובש טבעי ללא סוכר,קילוגרמים,1.00,"ק""ג",true,,90.00,90.0000,true,1,3075
978796,true,שקד מולבן משובב,ארטיגול,,אפרסק מיובש טבעי ללא סוכר,קילוגרמים,1.00,"ק""ג",true,,120.00,120.0000,true,1,3077
978895,true,חמוציות שלמות/פירות,,,חמוציות שלמות/פירות טרופיים,קילוגרמים,1.00,"ק""ג",true,,70.00,70.0000,true,1,25407
989778,true,חמוציות מיובשות מסוכ,,,חמוציות מיובשות מסוכרות,קילוגרמים,1.00,"ק""ג",true,,50.00,50.0000,true,1,25411
991030,true,גרגרי גוגי ברי,פנדה פרוט,,גרגרי גוגי ברי,קילוגרמים,1.00,"ק""ג",true,,65.00,65.0000,true,1,155
993560,true,עגבניה שרי מנומר בקו,,,עגבניה שרי מנומר בקופסא,Unknown,0.00,Unknown,false,1,11.90,0.0000,true,1,15809
999005,true,כבד עגל טרי,,,כבד עגל טרי,קילוגרמים,1.00,"ק""ג",true,,40.00,40.0000,true,1,2263
999012,true,שזיף מיובש ללא גלעין,,,גבינת קממבר דה פאי במשקל,קילוגרמים,1.00,"ק""ג",true,,45.00,45.0000,true,1,26356
999463,true,בוקן בקליפה קלוי,,,גבינת בימסטיר פרמייר הולנד,קילוגרמים,1.00,"ק""ג",true,,23.00,23.0000,true,1,26374
999951,true,בולגרית קלאסית 16% ב,,,בולגרית קלאסית 16% במשקל,קילוגרמים,1.00,"ק""ג",true,,55.00,55.0000,true,1,1973
1216293,true,חלבה פולי קפה אלארז,,,חלבה פולי קפה אלארז,קילוגרמים,1.00,"ק""ג",true,,65.00,65.0000,true,1,39257
1970362,true,קוקוס דל סוכר,אוסטה פוד,,קוקוס דל סוכר,קילוגרמים,1.00,"ק""ג",true,,90.00,90.0000,true,1,25959
1970492,true,קשיו קלוי על גחלים,,,קשיו קלוי על גחלים,קילוגרמים,1.00,"ק""ג",true,,95.00,95.0000,true,1,25412
2439530,true,סינטה בקר טרי אזול א,,,סינטה בקר טרי ארגנטיני,קילוגרמים,1.00,"ק""ג",true,,150.00,150.0000,true,1,31019
2766056,true,עגבניות שרי ווטני/תמ,,,עגבניות שרי ויטני,יחידה,1.00,יחידה,false,1,10.90,10.9000,true,1,12939
3272273,true,חמוציות מיובשות ל.סו,ענבי ציון,,חמוציות מיובשות ל.סוכר,קילוגרמים,1.00,"ק""ג",true,,89.00,89.0000,true,1,25686
5678318,true,ענבים לבנים אוטם קרי,,,ענבים לבנים אוטם קריספ,קילוגרמים,1.00,"ק""ג",true,,29.90,29.9000,true,1,27091
5678585,true,ענב טלי סקרלוטה אדום,,,ענב סקרלוטה,קילוגרמים,1.00,"ק""ג",true,,25.90,25.9000,true,1,27425
5678844,true,ענבים לבנים טלי טימפ,,,ענבים לבנים טלי טימפסון,קילוגרמים,1.00,"ק""ג",true,,22.90,22.9000,true,1,26391
5736353,true,גבינת פרמזאנו ריגאנו,,,גבינת פרמזאנו ריגאנו ריסטרטו,קילוגרמים,1.00,"ק""ג",true,,159.00,159.0000,true,1,22408
6214041,true,בצל יבש שבבים,הנרי בליך,,בצל יבש שבבים,קילוגרמים,1.00,"ק""ג",true,,35.00,35.0000,true,1,27775
6765871,true,שקד טבעי,,,שקד טבעי,קילוגרמים,1.00,"ק""ג",true,,89.00,89.0000,true,1,25414
8403900,true,גבינת גאודה עגבניות,הנרי בליך,NL,גבינת גאודה עגבניות וזיתים במשקל,קילוגרמים,1.00,"ק""ג",true,,109.00,109.0000,false,1,23425
8403917,true,גבינת גאודה פסטו ירו,הנרי בליך,NL,גבינת גאודה פסטו ירוק במשקל,קילוגרמים,1.00,"ק""ג",true,,129.00,129.0000,false,1,23424
8403924,true,גבינת גאודה פסטו אדו,הנרי בליך,NL,גבינת גאודה פסטו אדום במשקל,קילוגרמים,1.00,"ק""ג",true,,129.00,129.0000,false,1,23423
8403931,true,גבינת גאודה כמון במש,הנרי בליך,NL,גבינת גאודה כמון במשקל,קילוגרמים,1.00,"ק""ג",true,,109.00,109.0000,false,1,23426
8940153,true,גבינת פילדלפיה במשקל,,,גבינת פילדלפיה במשקל קרם ציז,קילוגרמים,1.00,"ק""ג",true,,60.00,60.0000,true,1,40364
9068818,true,אגוז ברזיל טבעי,"שקדיה גבע תעשיות בע""",,אגוז ברזיל טבעי,קילוגרמים,1.00,"ק""ג",true,,115.00,115.0000,true,1,25428
9068955,true,חמניות קלופות טבעי,"שקדיה גבע תעשיות בע""",,חמניות קלופות טבעי,קילוגרמים,1.00,"ק""ג",true,,55.00,55.0000,true,1,25429
9069174,true,שקד מסוכר,"שקדיה גבע תעשיות בע""",,שקד מסוכר,קילוגרמים,1.00,"ק""ג",true,,85.00,85.0000,true,1,25430
9069181,true,שקד קלוי,,,שקד קלוי,קילוגרמים,1.00,"ק""ג",true,,98.00,98.0000,true,1,25725
9951417,true,חמצוצים/ליקריץ,"דין שיווק וקלייה בע""",,חמצוצים,קילוגרמים,1.00,"ק""ג",true,,59.00,59.0000,true,1,25523
9951424,true,פרלינים,"דין שיווק וקלייה בע""",,פרלינים,קילוגרמים,1.00,"ק""ג",true,,89.00,89.0000,true,1,25400
9951561,true,סוכרית קשות,"דין שיווק וקלייה בע""",,סוכרית קשות,קילוגרמים,1.00,"ק""ג",true,,40.00,40.0000,true,1,25520
20241544,false,קונפיטורה תות שדה דו,,BE,קונפיטורה תות שדה דודה קלרה 430 גרם,גרמים,430.00,100 גרם,false,12,10.00,2.3256,true,1,38799
20241551,false,קונפיטורה דומדומניות,,BE,קונפיטורה דומדומניות דודה קלרה 430 גרם,גרמים,430.00,100 גרם,false,12,10.00,2.3256,true,1,38798
32147230,false,מיץ לימון סיציליה200,סידג,CH,מיץ לימון משומר 200 מל,מיליליטרים,200.00,"100 מ""ל",false,12,6.90,3.4500,true,1,5475
40099132,false,מסטיק הובה בובה צאנק,,,מסטיק הובה בובה צאנק תות 35 גר,Unknown,0.00,Unknown,false,1,3.00,0.0000,true,1,8314
40111216,false,חטיף באונטי 57 ג,מרס,,חטיף באונטי 57 ג,Unknown,0.00,Unknown,false,1,3.90,0.0000,true,1,1438
40173351,false,בירה מייזל חיטה אורג,,,בירה מייזל חיטה אורגינל 500מל בק. פקדון,מיליליטרים,500.00,"100 מ""ל",false,20,11.90,2.3800,true,1,26524
40173702,false,בירה מייסלס כהה שוקו,,DE,בירה מייסלס כהה שוקולד 750מל בק.פקדון,Unknown,0.00,Unknown,false,6,35.00,0.0000,true,1,29298
40173719,false,בירה מייסלס אי.פי.אי,,DE,בירה מייסלס אי.פי.איי 750מל בק.פקדון,Unknown,0.00,Unknown,false,6,35.00,0.0000,true,1,29297
40786179,false,בירה לוונבראו פחית 5,,,בירה לוונבראו פחית 500 מל פקדון,מיליליטרים,500.00,"100 מ""ל",false,1,11.90,2.3800,true,1,8175
41001356,false,בירה לבנה בקס פח 500,,,בירה לבנה בקס פח 500 מל פקדון,מיליליטרים,500.00,"100 מ""ל",false,1,10.00,2.0000,true,1,2270
41024355,false,בירה ביטבורגר 500מל,ביטבורגר,,בירה ביטבורגר 500מל פקדון פחית,מיליליטרים,500.00,"100 מ""ל",false,1,10.00,2.0000,true,1,13462
42061939,false,בירה בקס 500מל בקבוק,,,בירה בקס 500מל בקבוק פקדון,מיליליטרים,500.00,"100 מ""ל",false,1,10.00,2.0000,true,1,16264
42123866,false,מסטיק הובה בובה טעם,,,מסטיק הובה בובה טעם קלאסי 35 גר,Unknown,0.00,Unknown,false,1,3.00,0.0000,true,1,4374
42134978,false,סרגל סנטה קרסטן מרצי,,,מרציפן סנטה בסרגל 100 גרם,גרמים,100.00,100 גרם,false,1,11.90,11.9000,true,1,28106
42246640,false,דאודורנט ניוואה רול,beiersdorf,,דאודורנט ניוואה רול און פאודר טאצ לאישה,Unknown,0.00,Unknown,false,1,15.90,0.0000,true,1,22747
42270478,false,בירה נוקטוס 100 ריגל,RIEGELE,,בירה נוקטוס 100 ריגל 660 מל פקדון,מיליליטרים,660.00,"100 מ""ל",false,1,34.90,5.2879,true,1,11866
50147311,false,חרדל קולמנס מקורי100,,GB,חרדל אנגלי קולמנס מקורי 100 גרם,גרמים,100.00,100 גרם,false,8,10.90,10.9000,true,1,31301
50157471,false,רוטב היינץ להמבורגר,היינץ,GB,רוטב היינץ להמבורגר 230 גרם,גרמים,230.00,100 גרם,false,8,17.90,7.7826,true,1,30784
50184385,false,ממרח שמרים מרמייט125,,GB,ממרח שמרים מרמייט 150 ג,גרמים,125.00,100 גרם,false,24,25.00,20.0000,true,1,1483
50204830,false,אוטן אקטיב תרסיס ללא,,,אוטן אקטיב תרסיס ללא גז נגד יתושים 100 מ,מיליליטרים,10000.00,"100 מ""ל",false,1,18.90,0.1890,true,1,3595
50398904,false,קרם חמצן 6% אינדולה,הנקל סוד,,קרם חמצן 6% אינדולה 60 מל,Unknown,0.00,Unknown,false,1,3.90,0.0000,true,1,11337
50398911,false,קרם חמצן 9% אינדולה,הנקל סוד,,קרם חמצן 9% אינדולה 60 מל,Unknown,0.00,Unknown,false,1,3.90,0.0000,true,1,11338
50409013,false,מלפפון חמוץ מסורתי 6,EMPIRE BESPOKE FOODS,,מלפפון חמוץ מסורתי 670 גר מר אלסווד,גרמים,670.00,100 גרם,false,1,23.00,3.4328,true,1,10352
50409020,false,מלפפון חמוץ מתוק 670,EMPIRE BESPOKE FOODS,,מלפפון חמוץ מתוק 670 גר מר אלסווד,גרמים,670.00,100 גרם,false,1,23.00,3.4328,true,1,10350
50409112,false,מלפפון כידונים 670 ג,EMPIRE BESPOKE FOODS,,מלפפון כידונים 670 גר מר אלסווד,גרמים,670.00,100 גרם,false,1,23.00,3.4328,true,1,10719
50409709,false,מלפפון פרוס לסנדוויץ,EMPIRE BESPOKE FOODS,,מלפפון פרוס לסנדוויץ670 גר מר אלסווד,גרמים,670.00,100 גרם,false,1,23.00,3.4328,true,1,11747
50836376,false,סוכריות פישרמנס מנטה,,,סוכריות פישרמנס מנטה ללא סוכר 25 גר,Unknown,0.00,Unknown,false,1,6.90,0.0000,true,1,16965
54051140,false,מעדן סויה אלפרו וניל,ALPRO,,מעדן סויה אלפרו וניל 4 יח,מיליליטרים,600.00,"100 מ""ל",false,1,17.90,2.9833,true,1,4851
54051157,false,מעדו סויה אלפרו שוקו,ALPRO,,מעדו סויה אלפרו שוקו 4 יח,מיליליטרים,600.00,"100 מ""ל",false,1,17.90,2.9833,true,1,4850
54079014,false,בירה סן ברנרדוס פריו,,,בירה סן ברנרדוס פריור 8 330 מל פקדון,מיליליטרים,330.00,"100 מ""ל",false,1,14.90,4.5152,true,1,5507
54079021,false,בירה ברנרדוס אבט 12,,,בירה ברנרדוס אבט 12 כהה 330 מל פקדון,מיליליטרים,330.00,"100 מ""ל",false,1,14.90,4.5152,true,1,5504
54125063,false,בירה דובדבנים 250מל,בווריה,,בירה דובדבנים 250מל רודנבאך בק.פקדון,מיליליטרים,250.00,"100 מ""ל",false,24,11.90,4.7600,true,1,25325
59013662,false,דאודורנט דאב רול און,יוניליוור,,דאודורנט דאב רול און קקאו 50מל,Unknown,0.00,Unknown,false,1,16.90,0.0000,true,1,27518
59016441,false,דאודורנט רקסונה רול,יוניליוור,GB,דאודורנט רקסונה רול און פרוט ספין 50מל,Unknown,0.00,Unknown,false,6,19.90,0.0000,true,1,25181
59079774,false,דאודורנט רקסונה רול,יוניליוור,GB,דאודורנט רקסונה רול און אלוורה 50מל,Unknown,0.00,Unknown,false,6,19.90,0.0000,true,1,22444
59082637,false,דאודאורנט רקסונה רול,יוניליוור,,דאודאורנט רקסונה רול און אינבזיבל 50מל,Unknown,0.00,Unknown,false,1,19.90,0.0000,true,1,22624
59085645,false,דאודורנט דאב רולאון,יוניליוור,,דאודורנט דאב רולאון אסאי 50מל,Unknown,0.00,Unknown,false,1,16.90,0.0000,true,1,32326
59092513,false,דאודורנט רקסונה רול,יוניליוור,GB,דאודורנט רקסונה רול און אלוורה 50מל,Unknown,0.00,Unknown,false,6,19.90,0.0000,true,1,44353
72909768,false,חטיף פסק זמן פור פלי,,,חטיף פסק זמן פור פליי 40 גר,גרמים,40.00,100 גרם,false,1,6.00,15.0000,true,1,2579
72940754,false,מעדן מילקי וניל 135,,,מעדן מילקי וניל 135 גרם,גרמים,135.00,100 גרם,false,1,2.90,2.1481,true,1,1516
72940761,false,מעדן מילקי שוקו 135,,,מעדן מילקי שוקו 135 גרם,גרמים,135.00,100 גרם,false,1,2.90,2.1481,true,1,1517
72940952,false,מילקי פי 2 קצפת 111,,,מילקי פי 2 קצפת 111 גרם,גרמים,111.00,100 גרם,false,1,4.00,3.6036,true,1,2246
72940976,false,סלט כרוב אדום 250 גר,,,סלט כרוב אדום 250 גר אחלה,גרמים,250.00,100 גרם,false,1,6.90,2.7600,true,1,1930
72940983,false,סלט חומוס 250 גר אחל,,,סלט חומוס 250 גר אחלה,גרמים,250.00,100 גרם,false,1,6.90,2.7600,true,1,1933
72941041,false,מילקי מיני שוקולד 71,,,מילקי מיני שוקולד 71 גר,Unknown,0.00,Unknown,false,1,2.00,0.0000,true,1,1828
72945308,false,שמרים קוביות 50 גרם,,,שמרים קוביות 50 גרם,Unknown,0.00,Unknown,false,1,4.20,0.0000,true,1,1518
72961506,false,פרילי תות 125 גר,,,פרילי תות 125 גר,גרמים,125.00,100 גרם,false,1,3.60,2.8800,true,1,1520
72961520,false,פרילי אננס125 גר,,,פרילי אננס125 גר,גרמים,125.00,100 גרם,false,1,3.60,2.8800,true,1,1522
72961544,false,באדי תות125 גר,,,באדי תות125 גר,גרמים,125.00,100 גרם,false,1,3.10,2.4800,true,1,1523
72963753,false,שמנת של פעם 27% 200,,,שמנת של פעם 27% 200 מל,מיליליטרים,200.00,"100 מ""ל",false,1,4.20,2.1000,true,1,1525
72964422,false,יוגורט 4.5% 200 מל,,,יוגורט 4.5% 200 מל,מיליליטרים,200.00,"100 מ""ל",false,1,2.90,1.4500,true,1,1528
72983225,false,מעדן מילקי הפוך 123,,,מעדן מילקי הפוך 123 גר,גרמים,123.00,100 גרם,false,1,4.00,3.2520,true,1,3343
72986370,false,גל.וניל בן אנד גריס,מוצרי איכות אמריקאיי,,גל.וניל בן אנד גריס 500 מל פיינט,מיליליטרים,473.00,"100 מ""ל",false,1,19.90,4.2072,true,1,2769
72986424,false,גל.קרם עוגיות בן אנד,מוצרי איכות אמריקאיי,,גל.קרם עוגיות בן אנד גריס 500 מל פיינט,גרמים,0.00,100 גרם,false,1,19.90,0.0000,true,1,2770
72986448,false,גל.טופי קראנץ בן אנד,מוצרי איכות אמריקאיי,,גל.טופי קראנץ בן אנד גריס 500 מל פיינט,גרמים,0.00,100 גרם,false,1,19.90,0.0000,true,1,2771
72986455,false,גל.ניו יורק סופר בן,מוצרי איכות אמריקאיי,,גל.ניו יורק סופר בן אנד גריס 500 מל פיינ,גרמים,0.00,100 גרם,false,1,19.90,0.0000,true,1,2772
72986479,false,גל.צאנקי בן אנד גריס,מוצרי איכות אמריקאיי,,גל.צאנקי בן אנד גריס 500 מל פיינט,גרמים,0.00,100 גרם,false,1,19.90,0.0000,true,1,2773
72991886,false,גל.דולצה דה לצה בן א,מוצרי איכות אמריקאיי,,גל.דולצה דה לצה בן אנד גריס 500 מל פיינט,גרמים,0.00,100 גרם,false,1,19.90,0.0000,true,1,2774
72993637,false,מעדן דני שוקולד 125,,,מעדן דני שוקולד 125 גר,גרמים,125.00,100 גרם,false,1,2.70,2.1600,true,1,5299
72993767,false,חטיף פסק זמן גלילית,,,חטיף פסק זמן גלילית אגוזים 40 גר,Unknown,0.00,Unknown,false,1,6.00,0.0000,true,1,5617
76106071,false,מיץ ליים סיציליה 200,סידג,CH,מיץ ליים סיציליה 200 מל,מיליליטרים,200.00,"100 מ""ל",false,12,7.50,3.7500,true,1,22881
80042563,false,מחית עגבניות מוטטי 7,,,מחית עגבניות מוטטי 700 גר,גרמים,700.00,100 גרם,false,1,12.90,1.8429,true,1,4104
80043638,false,כורכום טחון אורגני 4,,,כורכום טחון אורגני 47 גר,Unknown,0.00,Unknown,false,1,14.90,0.0000,true,1,13147
80043645,false,קארי טחון אורגני 52ג,,,קארי טחון אורגני 52גר,Unknown,0.00,Unknown,false,1,14.90,0.0000,true,1,14080
80050025,false,סוכריות טיק טק תפוז,פררו,,סוכריות טיק טק תפוז יחידה,Unknown,0.00,Unknown,false,1,3.50,0.0000,true,1,1554
80050124,false,סוכריות טיק טק מנטה,פררו,,סוכריות טיק טק מנטה יחידה,Unknown,0.00,Unknown,false,1,3.50,0.0000,true,1,1555
80050278,false,חטיף רושה שלישיה,פררו,,חטיף רושה שלישיה,Unknown,0.00,Unknown,false,1,6.10,0.0000,true,1,1556
80052760,false,חטיף קינדר בואנו יחי,פררו,,חטיף קינדר בואנו יחידה,Unknown,0.00,Unknown,false,1,4.00,0.0000,true,1,1559
80052883,false,סוכריות טיק טק מנטה,פררו,,סוכריות טיק טק מנטה חזקה יחידה,Unknown,0.00,Unknown,false,1,3.80,0.0000,true,1,28456
80083764,false,עוגיות דגנים ש.שועל,גנדולה,IT,עוגיות דגנים ש.שועל אורגני גנדולה 250גר,גרמים,250.00,100 גרם,false,12,13.90,5.5600,true,1,28776
80094753,false,מארז 2יח פודינג וניל,,IT,מארז 2יח פודינג וניל איטלקי 100גר,גרמים,200.00,100 גרם,false,1,6.90,3.4500,true,1,33222
80094883,false,מארז 2יח פנקוטה קרמל,,IT,מארז 2יח פנקוטה קרמל איטלקי 90גר,גרמים,180.00,100 גרם,false,1,6.90,3.8333,true,1,33219
80094890,false,מארז 2יח פנקוטה עם ש,,IT,מארז 2יח פנקוטה עם שוקולד איטלקי 90גר,גרמים,180.00,100 גרם,false,1,6.90,3.8333,true,1,39792
80104193,false,גראפה נונינו מונוויט,נונינו,,ין גראפה נונינו מונוויטיגנו שרדונה 750מל,מיליליטרים,750.00,"100 מ""ל",false,1,215.00,28.6667,true,1,29339
80136194,false,חטיף הפי היפו קרם אג,פררו,,חטיף הפי היפו קרם אגוזים 5 יח,גרמים,104.00,100 גרם,false,1,12.90,12.4038,true,1,16092
80176732,false,חטיף הפי היפו יחידה,פררו,,חטיף קינדר הפי היפו יחידה,Unknown,0.00,Unknown,false,1,3.90,0.0000,true,1,5300
80176800,false,ממרח נוטלה 750 גרם,פררו,,ממרח נוטלה אגוזי לוז עם קקאו 750 גרם,גרמים,750.00,100 גרם,false,1,24.90,3.3200,true,1,1561
80177173,false,ממרח נוטלה 350 גר,פררו,,ממרח נוטלה אגוזי לוז עם קקאו 350 גר,גרמים,350.00,100 גרם,false,1,13.90,3.9714,true,1,2557
80177180,false,קינדר קאונטרי יחידה,פררו,,קינדר קאונטרי יחידה,Unknown,0.00,Unknown,false,1,2.70,0.0000,true,1,1562
80177609,false,שוקולד קינדר אצבעות,פררו,,שוקולד קינדר אצבעות 50 ג,Unknown,0.00,Unknown,false,1,3.90,0.0000,true,1,1563
80177616,false,שוקולד קינדר אצבעות,פררו,,שוקולד קינדר אצבעות 100 ג,גרמים,100.00,100 גרם,false,1,6.50,6.5000,true,1,1564
80227618,false,צלפים בחומץ יין לבן,,,צלפים בחומץ יין לבן 95 גר פונטי,גרמים,95.00,100 גרם,false,1,14.00,14.7368,true,1,5812
80227816,false,בצלצלי פנינה פונטי 3,,,בצלצלי פנינה פונטי 380 גר,גרמים,380.00,100 גרם,false,1,17.90,4.7105,true,1,6308
80227823,false,אנטיפסטי בצלים בחומץ,,,אנטיפסטי בצלים בחומץ בלסמי350גר פונטי,גרמים,350.00,100 גרם,false,1,17.90,5.1143,true,1,5810
80273561,false,פלפל שחור טוסקנה במט,דרגוריה אלמנטריה,,תבלין פלפל שחור 45 ג מטחנה טוסקנה,Unknown,0.00,Unknown,false,1,12.90,0.0000,true,1,1565
80273592,false,פלפל 4 עונות טוסקנה,דרגוריה אלמנטריה,,תבלין פלפל 4 עונות 45 ג במטחנה טוסקנה,Unknown,0.00,Unknown,false,1,12.90,0.0000,true,1,1566
80273639,false,מלח ים טוסקנה במטחנה,דרגוריה אלמנטריה,,תבלין מלח ים 90 ג במטחנה טוסקנה,Unknown,0.00,Unknown,false,1,12.90,0.0000,true,1,1567
80273660,false,שום טוסקנה בטחנה 30,דרגוריה אלמנטריה,,תבלון שום 30 ג במטחנה טוסקנה,Unknown,0.00,Unknown,false,1,12.90,0.0000,true,1,1568
80273677,false,צילי טוסקנה בטחנה 20,דרגוריה אלמנטריה,,תסבלין צילי 20 ג במטחנה טוסקנה,Unknown,0.00,Unknown,false,1,12.90,0.0000,true,1,1569
80273684,false,עשבי פרובנס טוסקנה ב,דרגוריה אלמנטריה,,תערובת עשבי פרובנס במטחנה טוסקנה,Unknown,0.00,Unknown,false,1,12.90,0.0000,true,1,1570
80310549,false,חטיף הפי היפו אגוזי,פררו,,חטיף הפי היפו אגוזי לוז,Unknown,0.00,Unknown,false,1,3.90,0.0000,true,1,19679
80473206,false,פפריקה מתוקה אורגני,,,פפריקה מתוקה אורגני,Unknown,0.00,Unknown,false,1,14.90,0.0000,true,1,16608
80473336,false,פלפל שחור טחון אורגנ,,,פלפל שחור טחון אורגני 50גר,Unknown,0.00,Unknown,false,1,14.90,0.0000,true,1,13149
80522713,false,צלפים במי מלח 125 גר,,,צלפים במי מלח 125 גר פונטי,גרמים,125.00,100 גרם,false,1,14.00,11.2000,true,1,5836
80533962,false,פילה טונה קליפו בשמן,גיאצינטו קליפו,,פילה טונה קליפו בשמן זית 200 גרם,גרמים,200.00,100 גרם,false,24,39.90,19.9500,true,1,32517
80650874,false,שום ופטרוזיליה טוסקנ,דרגוריה אלמנטריה,,תיבולגורמה שום ופטרוזיליה 80 ג מטחנה טוס,Unknown,0.00,Unknown,false,1,12.90,0.0000,true,1,1576
80651000,false,שום וצילי טוסקנה בטח,דרגוריה אלמנטריה,,תבלין שום וצילי 30 ג במטחנה טוסקנה,Unknown,0.00,Unknown,false,1,12.90,0.0000,true,1,1578
80651017,false,עשבי טוסקנה במטחנה 1,דרגוריה אלמנטריה,,תערובת עשבי טוסקנה 16 ג במטחנה טוסקנה,Unknown,0.00,Unknown,false,1,12.90,0.0000,true,1,1579
80651765,false,גינגר זנגויל טוסקנה,דרגוריה אלמנטריה,,תבלין גינגר זנגויל במטחנה טוסקנה,Unknown,0.00,Unknown,false,1,12.90,0.0000,true,1,1581
80655404,false,שום גבישי אורגני 70ג,,,שום גבישי אורגני 70גר,Unknown,0.00,Unknown,false,1,14.90,0.0000,true,1,13152
80664024,false,גראפה נונינו מונוויט,נונינו,,גראפה נונינו מונוויטיגנו מוסקט 750 מ,מיליליטרים,750.00,"100 מ""ל",false,1,215.00,28.6667,true,1,10691
80718499,false,מלפפונים פונטי חמוץ,,,מלפפונים פונטי חמוץ מתוק 380 גר,גרמים,380.00,100 גרם,false,1,19.90,5.2368,true,1,6307
80718758,false,טונה קליפו בשמן זית,גיאצינטו קליפו,IT,טונה קליפו בשמן זית 160 גר צנצנת,גרמים,160.00,100 גרם,false,24,21.90,13.6875,true,1,5778
80718765,false,טונה במים קליפו 160,גיאצינטו קליפו,IT,טונה במים קליפו 160 גר צנצנת,גרמים,160.00,100 גרם,false,24,21.90,13.6875,true,1,5777
80724353,false,ארטישוק מתובל פונטי,,,ארטישוק מתובל פונטי 280 גר,גרמים,280.00,100 גרם,false,1,24.90,8.8929,true,1,5811
80761761,false,חטיף קינדר בואנו לבן,פררו,,חטיף קינדר בואנו לבן יחידה,Unknown,0.00,Unknown,false,1,4.00,0.0000,true,1,7165
80768838,false,מנטוס וויט ביג פירות,פרפטי ואן מלה,,מנטוס וויט ביג פירות 70 יח,יחידה,70.00,יחידה,false,1,18.00,0.2571,true,1,13842
80769699,false,מסטיק מנטוס וויט פיר,,,מסטיק מנטוס וויט פירות מנטה 60 גר,גרמים,60.00,100 גרם,false,1,10.00,16.6667,true,1,10492
80773429,false,מנטוס פיור מעוגל תות,פרפטי ואן מלה,,מנטוס פיור מעוגל תות 60 גר,Unknown,0.00,Unknown,false,1,10.00,0.0000,true,1,16643
80773443,false,מנטוס פיור מעוגל פיר,פרפטי ואן מלה,,מנטוס פיור מעוגל פירות מנטה 60 גר,Unknown,0.00,Unknown,false,1,10.00,0.0000,true,1,14912
80776307,false,מנטוס פיור ביג מעוגל,,,מנטוס פיור ביג מעוגל פירות מנטה,Unknown,0.00,Unknown,false,1,16.90,0.0000,true,1,14915
80780595,false,מנטוס פיור ביג מעוגל,,,מנטוס פיור ביג מעוגל מנטה עדינה,Unknown,0.00,Unknown,false,1,16.90,0.0000,true,1,14914
80790990,false,מנטוס פיור מעוגל מנט,פרפטי ואן מלה,,מנטוס פיור מעוגל מנטה עדינה 60 גר,Unknown,0.00,Unknown,false,1,10.00,0.0000,true,1,14911
80794233,false,מנטוס פיור ביג מעוגל,,,מנטוס פיור ביג מעוגל מנטה,Unknown,0.00,Unknown,false,1,16.90,0.0000,true,1,14913
80804697,false,מנטוס וויט ביג מנטה,פרפטי ואן מלה,,מנטוס וויט ביג מנטה מתוקה 70 יח,יחידה,70.00,יחידה,false,1,18.00,0.2571,true,1,13841
80831402,false,סוכריות מנטוס מנטה ע,פרפטי ואן מלה,NL,סוכריות מנטוס מנטה עדינה ל.ס.21 גר,Unknown,0.00,Unknown,false,1,6.90,0.0000,true,1,24642
80832560,false,סוכריות מנטוס פירות,פרפטי ואן מלה,NL,סוכריות מנטוס פירות יער ל.ס. 21 גר,Unknown,0.00,Unknown,false,1,6.90,0.0000,true,1,42714
80843184,false,מנטוס פיור מעוגל ענב,פרפטי ואן מלה,,מנטוס פיור מעוגל ענבים 60 גר,Unknown,0.00,Unknown,false,1,10.00,0.0000,true,1,32258
80854753,false,סוכריות מנטוס מנטה ל,פרפטי ואן מלה,NL,סוכריות מנטוס ל.ס 21גר אוויר נקי,Unknown,0.00,Unknown,false,1,6.90,0.0000,true,1,24641
80862260,false,מסטיק מנטוס וויט מנט,,,מסטיק מנטוס וויט מנטה מתוקה 150 גרם,Unknown,0.00,Unknown,false,1,18.00,0.0000,true,1,41449
80864295,false,מסטיק מנטוס וויט פיו,,,מסטיק מנטוס וויט פיור מנטה עדינה 60 גר,גרמים,60.00,100 גרם,false,1,10.00,16.6667,true,1,38038
80896081,false,מנטוס פיור מעוגל אבט,פרפטי ואן מלה,,מנטוס פיור מעוגל אבטיח 60 גר,Unknown,0.00,Unknown,false,1,10.00,0.0000,true,1,16644
80913467,false,מנטוס פיור מעוגל מנט,פרפטי ואן מלה,,מנטוס פיור מעוגל מנטה 60 גר,Unknown,0.00,Unknown,false,1,10.00,0.0000,true,1,14910
80926481,false,מנטוס פיור ביג מעוגל,,,מנטוס פיור ביג מעוגל אבטיח,Unknown,0.00,Unknown,false,1,16.90,0.0000,true,1,18948
80929277,false,מסטיק מנטוס וויט מנט,,,מסטיק מנטוס וויט מנטה עדינה 150 גרם,Unknown,0.00,Unknown,false,1,18.00,0.0000,true,1,41448
80936848,false,סוכריות טיק טק תות ש,פררו,,סוכריות טיק טק תות שדה יחידה,Unknown,0.00,Unknown,false,1,3.50,0.0000,true,1,9846
80945468,false,מסטיק מנטוס וויט פיו,,,מסטיק מנטוס וויט פיור מנטה מתוקה 60 גר,גרמים,60.00,100 גרם,false,1,10.00,16.6667,true,1,38039
80948698,false,מנטוס פיור מעוגל טרו,פרפטי ואן מלה,,מנטוס פיור מעוגל טרופי 60 גר,Unknown,0.00,Unknown,false,1,10.00,0.0000,true,1,18191
80957706,false,מסטיק מנטוס וויט מנט,,,מסטיק מנטוס וויט מנטה 150 גרם,Unknown,0.00,Unknown,false,1,18.00,0.0000,true,1,41447
80974215,false,מנטוס פיור ביג מעוגל,,,מנטוס פיור ביג מעוגל תות,Unknown,0.00,Unknown,false,1,16.90,0.0000,true,1,18947
80979128,false,מנטוס פיור מעוגל דוב,פרפטי ואן מלה,,מנטוס פיור מעוגל דובדבן 60 גר,Unknown,0.00,Unknown,false,1,10.00,0.0000,true,1,32257
80982470,false,מנטוס פיור מעוגל מנט,פרפטי ואן מלה,,מנטוס פיור מעוגל מנטה חזקה60 גר,Unknown,0.00,Unknown,false,1,10.00,0.0000,true,1,31058
80986348,false,מסטיק מנטוס וויט פיו,,,מסטיק מנטוס וויט פיור מנטה 60 גר,גרמים,60.00,100 גרם,false,1,10.00,16.6667,true,1,38037
80995128,false,מסטיק מנטוס מעוגל טע,פרפטי ואן מלה,TR,מסטיק מנטוס מעוגל טעם הדרים 60 גר,Unknown,0.00,Unknown,false,1,10.00,0.0000,true,1,44781
87108538,false,סוכריות מנטוס תות בג,,,סוכריות מנטוס תות בגליל,Unknown,0.00,Unknown,false,1,3.50,0.0000,true,1,5286
87108651,false,מארז 4 יח סוכריות מנ,פרפטי ואן מלה,,מארז 4 יח סוכריות מנטוס מנטה,יחידה,4.00,יחידה,false,1,10.90,2.7250,true,1,1607
87108712,false,מארז 4 יח סוכריות מנ,פרפטי ואן מלה,,מארז 4 יח סוכריות מנטוס פירות,יחידה,4.00,יחידה,false,1,10.90,2.7250,true,1,1608
87141122,false,ממרח צילי חריף סמבל,,,ממרח צילי חריף סמבל אולק 200 גר,גרמים,200.00,100 גרם,false,1,16.50,8.2500,true,1,7816
87342802,false,דאודורנט אקס רול און,יוניליוור,GB,דאודורנט אקס רול און גולד 50מל,Unknown,0.00,Unknown,false,12,16.90,0.0000,true,1,23814
88888000,true,UNKNOWN,,,UNKNOWN,,0.00,,false,,0.00,0.0000,true,1,26140
88888100,true,אוכל מוכן,,,אוכל מוכן,,0.00,,false,,0.00,0.0000,true,1,25770
88888101,true,קפיטריה,,,קפיטריה,,0.00,,false,,0.00,0.0000,true,1,25769
88888103,true,פיצריה,,,פיצריה,,0.00,,false,,0.00,0.0000,true,1,25768
88888104,true,סושי מוכן,,,סושי מוכן,,0.00,,false,,0.00,0.0000,true,1,25767
88888139,true,מזון מקורר ארוז,,,מזון מקורר ארוז,,0.00,,false,,0.00,0.0000,true,1,25737
88888140,true,מוצרי חלב ותחליפיו,,,מוצרי חלב ותחליפיו,,0.00,,false,,0.00,0.0000,true,1,25730
88888169,true,מוצרי נייר,,,מוצרי נייר,,0.00,,false,,0.00,0.0000,true,1,25749
88888228,true,ללא גלוטן,,,ללא גלוטן,,0.00,,false,,0.00,0.0000,true,1,25772
88888234,true,מוצרי  טבע,,,מוצרי  טבע,,0.00,,false,,0.00,0.0000,true,1,25746
88888241,true,מכולת מזון בישול ואפ,,,מכולת מזון בישול ואפ,,0.00,,false,,0.00,0.0000,true,1,25731
88888259,true,ללא סוכר,,,ללא סוכר,,0.00,,false,,0.00,0.0000,true,1,25774
88888260,true,תחליפי לחם,,,תחליפי לחם,,0.00,,false,,0.00,0.0000,true,1,25766
88888261,true,פירות יבשים/תבלינים,,,פירות יבשים/תבלינים,,0.00,,false,,0.00,0.0000,true,1,25761
88888265,true,תבלינים/פיצוחים ופיר,,,תבלינים/פיצוחים ופיר,,0.00,,false,,0.00,0.0000,true,1,25765
88888266,true,פיצוחיה/תבלינים בתפז,,,פיצוחיה/תבלינים בתפז,,0.00,,false,,0.00,0.0000,true,1,25764
88888267,true,תרופות/קונדומים,,,תרופות/קונדומים,,0.00,,false,,0.00,0.0000,true,1,25771
88888294,true,קפה תה קקאו תחליפי ח,,,קפה תה קקאו תחליפי ח,,0.00,,false,,0.00,0.0000,true,1,25753
88888323,true,משקאות קלים ובירה,,,משקאות קלים ובירה,,0.00,,false,,0.00,0.0000,true,1,25733
88888331,true,חומרי ניקוי,,,חומרי ניקוי,,0.00,,false,,0.00,0.0000,true,1,25742
88888341,true,משקאות חריפים ויין,,,משקאות חריפים ויין,,0.00,,false,,0.00,0.0000,true,1,25750
88888358,true,מזון קפוא,,,מזון קפוא,,0.00,,false,,0.00,0.0000,true,1,25736
88888361,true,מאפים מתוקים ומלוחים,,,מאפים מתוקים ומלוחים,,0.00,,false,,0.00,0.0000,true,1,25734
88888364,true,סוכריות מסטיקים חטיפ,,,סוכריות מסטיקים חטיפ,,0.00,,false,,0.00,0.0000,true,1,25752
88888373,true,שוקולד בונבוניירות ח,,,שוקולד בונבוניירות ח,,0.00,,false,,0.00,0.0000,true,1,25751
88888396,true,לחם/פיתות,,,לחם/פיתות,,0.00,,false,,0.00,0.0000,true,1,25735
88888401,true,פרחים עציצים וצמחים,,,פרחים עציצים וצמחים,,0.00,,false,,0.00,0.0000,true,1,25762
88888418,true,קופונים,,,קופונים,,0.00,,false,,0.00,0.0000,true,1,25775
88888432,true,בשר עוף ודגים קפוא,,,בשר עוף ודגים קפוא,,0.00,,false,,0.00,0.0000,true,1,25757
88888480,true,שימורים,,,שימורים,,0.00,,false,,0.00,0.0000,true,1,25732
88888481,true,מעדנית סלטים,,,מעדנית סלטים,,0.00,,false,,0.00,0.0000,true,1,25758
88888484,true,מחלקת דגים טריים,,,מחלקת דגים טריים,,0.00,,false,,0.00,0.0000,true,1,25763
88888486,true,מעדנית סלטים,,,מעדנית סלטים,,0.00,,false,,0.00,0.0000,true,1,27350
88888488,true,חמוצים בתפזורת,,,חמוצים בתפזורת,,0.00,,false,,0.00,0.0000,true,1,25755
88888501,true,מעדניה חלבית,,,מעדניה חלבית,,0.00,,false,,0.00,0.0000,true,1,25756
88888507,true,טקסטיל,,,טקסטיל,,0.00,,false,,0.00,0.0000,true,1,25754
88888516,true,אביזרי עזר,,,אביזרי עזר,,0.00,,false,,0.00,0.0000,true,1,25744
88888532,true,היגיינה וקוסמטיקה,,,היגיינה וקוסמטיקה,,0.00,,false,,0.00,0.0000,true,1,25743
88888575,true,מאפיה בחנות,,,מאפיה בחנות,,0.00,,false,,0.00,0.0000,true,1,25738
88888583,true,מעדניה בשרית,,,מעדניה בשרית,,0.00,,false,,0.00,0.0000,true,1,25759
88888609,true,קצביה בשר עוף,,,קצביה בשר עוף,,0.00,,false,,0.00,0.0000,true,1,25739
88888620,true,פירות וירקות ללא מעמ,,,פירות וירקות ללא מעמ,,0.00,,false,,0.00,0.0000,true,1,25740
88888641,true,ירקות ופירות כולל מע,,,ירקות ופירות כולל מע,,0.00,,false,,0.00,0.0000,true,1,25760
88888643,true,מזון ומוצרי תינוקות,,,מזון ומוצרי תינוקות,,0.00,,false,,0.00,0.0000,true,1,25741
88888789,true,בעלי חיים,,,בעלי חיים,,0.00,,false,,0.00,0.0000,true,1,25745
88888800,true,מוצרים ללא מ.ע.מ,,,מוצרים ללא מ.ע.מ,,0.00,,false,,0.00,0.0000,true,1,25777
88888802,true,כלי בית,,,כלי בית,,0.00,,false,,0.00,0.0000,true,1,25747
88888819,true,אריזות/פיקדון,,,אריזות/פיקדון,,0.00,,false,,0.00,0.0000,true,1,25748
88888825,true,סיגריות עיתונים וספר,,,סיגריות עיתונים וספר,,0.00,,false,,0.00,0.0000,true,1,25773
88888916,true,מוצרים לשימוש פנימי,,,מוצרים לשימוש פנימי,,0.00,,false,,0.00,0.0000,true,1,25776
90034107,false,בירה שטיגל גולדברו 5,מבשלת שטיגל,,בירה שטיגל גולדברו 500מל פקדון,מיליליטרים,500.00,"100 מ""ל",false,1,11.90,2.3800,true,1,13342
90087011,false,מיץ תפוחים 100% 1 ל,,,מיץ תפוחים 100% 1 ל בקרטון,ליטרים,1.00,ליטר,false,1,11.90,11.9000,true,1,2665
90087066,false,מיץ תפוזים 100% 1 לי,,,מיץ תפוזים 100% 1 ליטר ראוך בקרטון,ליטרים,1.00,ליטר,false,1,11.90,11.9000,true,1,6572
90087271,false,נקטר אוכמניות 100% 1,,,נקטר אוכמניות 100% 1 ל בקרטון,ליטרים,1.00,ליטר,false,1,11.90,11.9000,true,1,2664
90087547,false,מיץ עגבניות 1 ל ראוך,,,מיץ עגבניות 1 ל ראוך בקרטון,ליטרים,1.00,ליטר,false,1,11.90,11.9000,true,1,4460
90087769,false,מיץ אננס 100% 1 ל בק,,,מיץ אננס 100% 1 ל בקרטון,ליטרים,1.00,ליטר,false,1,11.90,11.9000,true,1,2666
90087806,false,מיץ אשכולית ראוך 100,,,מיץ אשכולית ראוך 100%   1 ל בקרטון,ליטרים,1.00,ליטר,false,1,11.90,11.9000,true,1,6571
90087974,false,חומץ תפוחים 5%  750,,,"חומץ תפוחים 5%  750 מ""ל",מיליליטרים,750.00,"100 מ""ל",false,1,12.90,1.7200,true,1,7117
90162602,false,משקה אנרגיה רד בול 2,,AT,משקה אנרגיה רד בול 250 מל פיקדון,מיליליטרים,250.00,"100 מ""ל",false,24,6.50,2.6000,true,1,1611
90162800,false,משקה אנרגיה רד בול ל,,AT,משקה אנרגיה רד בול ללא סוכר 250מל פיקדון,מיליליטרים,250.00,"100 מ""ל",false,1,6.50,2.6000,true,1,4835
90424038,false,משקה אנרגיה רד בול י,,AT,משקה אנרגיה רד בול יילו 250מל פיקדון,מיליליטרים,250.00,"100 מ""ל",false,1,6.50,2.6000,true,1,20796
90446269,false,משקה אנרגיה רד בול א,,AT,משקה אנרגיה רד בול אבטיח 250 מל פיקדון,מיליליטרים,250.00,"100 מ""ל",false,24,6.50,2.6000,true,1,31145
90448867,false,משקה אנרגיה רד בול ל,,AT,משקה אנרגיה רד בול ל.פחמימות250מל פיקדון,מיליליטרים,250.00,"100 מ""ל",false,1,6.50,2.6000,true,1,41565
96033531,false,דאודורנט דאב רולאון,יוניליוור,,דאודורנט דאב רולאון רימונים 50מל,Unknown,0.00,Unknown,false,1,16.90,0.0000,true,1,42780
96122969,false,אוקסו ציר בשר בצל ור,,GB,אוקסו ציר בשר בצל ורוזמרין 80 גרם,Unknown,0.00,Unknown,false,10,19.90,0.0000,true,1,30766
96122983,false,אוקסו ציר ירקות ופטר,,GB,אוקסו ציר ירקות ופטרוזיליה 80 גרם,Unknown,0.00,Unknown,false,10,19.90,0.0000,true,1,30768
96130339,false,דאודורנט דאב רולאון,יוניליוור,,דאודורנט דאב רולאון אורגינל 0% 50מל,Unknown,0.00,Unknown,false,1,16.90,0.0000,true,1,32327
96147610,false,דאודורנט דאב רול און,יוניליוור,,דאודורנט דאב רול און ללא אלומיניום 50מל,Unknown,0.00,Unknown,false,1,16.90,0.0000,true,1,23881
96198100,false,סוכריות פישרמנס דבש,,,סוכריות פישרמנס דבש לימון ללא סוכר 25 גר,Unknown,0.00,Unknown,false,1,6.90,0.0000,true,1,30550
96198117,false,סוכריות פישרמנס ספיר,,,סוכריות פישרמנס ספירמינט ללא סוכר 25 גר,Unknown,0.00,Unknown,false,1,6.90,0.0000,true,1,30553
96198124,false,סוכריות פישרמנס דובד,,,סוכריות פישרמנס דובדבן ללא סוכר 25 גר,Unknown,0.00,Unknown,false,1,6.90,0.0000,true,1,30551
96198155,false,סוכריות פישרמנס מנטה,,,סוכריות פישרמנס מנטה ללא סוכר 25 גר,Unknown,0.00,Unknown,false,1,6.90,0.0000,true,1,30549
96198162,false,סוכריות פישרמנס מנטה,,,סוכריות פישרמנס מנטה ירוק ללא סוכר 25 גר,Unknown,0.00,Unknown,false,1,6.90,0.0000,true,1,30552
99991181,true,מוצר לא בגיוון פרימי,לינדט,,מוצר לא בגיוון,גרמים,100.00,100 גרם,false,1,0.00,0.0000,true,1,42074
8112100298,false,שמן שומשום 185 מל,Flavor full foods in,,שמן שומשום 185 מל,מיליליטרים,185.00,"100 מ""ל",false,1,14.90,8.0541,true,1,1597
8421361250,false,בובת פרווה עיניים גד,,,בובת פרווה עיניים גדולות,יחידה,1.00,יחידה,false,1,24.90,24.9000,true,1,16287
8421368259,false,בובת פרווה עיניים גד,,,בובת פרווה עיניים גדולות מדיום,יחידה,1.00,יחידה,false,1,54.90,54.9000,true,1,16288
9439000070,false,בירה פולרס לונדון פר,,,בירה פולרס לונדון פרייד. 330 מל פקדון,מיליליטרים,330.00,"100 מ""ל",false,1,11.90,3.6061,true,1,5516
9800800056,false,חטיף נוטלה טו גו 52,פררו,,חטיף נוטלה טו גו 52 גר,Unknown,0.00,Unknown,false,1,5.50,0.0000,true,1,13628
10900678148,false,רדיד אלומיניום דיאמו,,CN,רדיד אלומיניום דיאמונד נון סטיק 5מטר,מטרים,5.00,מטר,false,24,15.90,3.1800,true,1,39491
11182170603,false,שעועית גדולה חמאה 43,הנובר פודס,,שעועית גדולה חמאה 439 גר,גרמים,439.00,100 גרם,false,1,14.00,3.1891,true,1,4665
11182700916,false,שעועית לבנה צפונית 4,הנובר פודס,,שעועית לבנה צפונית 439 גר,גרמים,439.00,100 גרם,false,1,9.90,2.2551,true,1,6806
11182700923,false,שעועית אדומה בהירה 4,הנובר פודס,,שעועית אדומה בהירה 439 גר,גרמים,439.00,100 גרם,false,1,9.90,2.2551,true,1,6807
11182700930,false,שעועית אדומה כהה 439,הנובר פודס,,שעועית אדומה כהה 439 גר,גרמים,439.00,100 גרם,false,1,9.90,2.2551,true,1,6808
11182700954,false,שעועית שחורה 439 גר,הנובר פודס,,שעועית שחורה 439 גר,גרמים,439.00,100 גרם,false,1,9.90,2.2551,true,1,6805
11182701388,false,שעועית קינג פינטו439,הנובר פודס,,שעועית קינג פינטו439 גר,גרמים,439.00,100 גרם,false,1,9.90,2.2551,true,1,16678
11210000032,false,רוטב טבסקו משפחתי 35,מק. אילהיני קו,,רוטב טבסקו משפחתי 350 מל,מיליליטרים,350.00,"100 מ""ל",false,1,49.90,14.2571,true,1,7025
11210000094,false,רוטב טבסקו 60 מל,מק. אילהיני קו,,רוטב טבסקו 60 מל,מיליליטרים,60.00,"100 מ""ל",false,1,10.90,18.1667,true,1,3990
11210000216,false,רוטב בלדי מרי טבסקו,מק. אילהיני קו,,רוטב בלדי מרי טבסקו 946 מל,מיליליטרים,946.00,"100 מ""ל",false,1,29.90,3.1607,true,1,3794
11210002500,false,רוטב טבסקו באפלו 150,מק. אילהיני קו,,רוטב טבסקו באפלו 150 מל,מיליליטרים,150.00,"100 מ""ל",false,1,19.90,13.2667,true,1,8793
11210006508,false,רוטב טבסקו הבאנרו 60,מק. אילהיני קו,,רוטב טבסקו הבאנרו 60 מל,Unknown,0.00,Unknown,false,1,15.90,0.0000,true,1,3350
11210007253,false,רוטב טבסקו עם שום 60,מק. אילהיני קו,,רוטב טבסקו עם שום 60 מל,מיליליטרים,60.00,"100 מ""ל",false,1,10.90,18.1667,true,1,2282
11210009387,false,רוטב טבסקו ירוק 60 מ,מק. אילהיני קו,,רוטב טבסקו ירוק 60 מל,מיליליטרים,60.00,"100 מ""ל",false,1,10.90,18.1667,true,1,2281
11210607040,false,רוטב טבסקו ציפוטליי,מק. אילהיני קו,,רוטב טבסקו ציפוטליי 60 מל,מיליליטרים,60.00,"100 מ""ל",false,1,12.60,21.0000,true,1,6689
11210618503,false,רוטב טבסקו סקורפיון,מק. אילהיני קו,,רוטב טבסקו סקורפיון אקסטרא 60 מל,Unknown,0.00,Unknown,false,1,14.90,0.0000,true,1,24520
11210698055,false,רוטב טבסקו סיראצה חר,מק. אילהיני קו,,רוטב טבסקו סיראצה חריף 566 מל,מיליליטרים,566.00,"100 מ""ל",false,1,28.90,5.1060,true,1,15881
11359630107,false,תערובת להכנת רוטב טא,,NL,תערובת להכנת רוטב טאקו 30 גר,Unknown,0.00,Unknown,false,12,6.90,0.0000,true,1,38700
11359630138,false,תערובת להכנת צילי מק,,NL,תערובת להכנת צילי מקסיקני 30 גר,Unknown,0.00,Unknown,false,12,6.90,0.0000,true,1,38699
11359630152,false,תערובת להכנת בוריטו,,NL,תערובת להכנת בוריטו 30 גר,Unknown,0.00,Unknown,false,12,6.90,0.0000,true,1,38701
11359630169,false,תערובת להכנת פהיטה מ,,NL,תערובת להכנת פהיטה מקסיקנית 30 גר,Unknown,0.00,Unknown,false,12,6.90,0.0000,true,1,38698
11359640106,false,קונכיות טאקו קנטינה,,NL,קונכיות טאקו קנטינה מקסיקנה 150 גרם,גרמים,150.00,100 גרם,false,12,12.90,8.6000,true,1,38685
11359640120,false,ערכת קונכיות טאקו עם,,NL,ערכת קונכיות טאקו עם רוטב 195 גרם,גרמים,195.00,100 גרם,false,12,12.90,6.6154,true,1,38686
11359650143,false,דיפ סלסה חריפה 190 ג,,NL,דיפ סלסה חריפה 190 גרם,גרמים,190.00,100 גרם,false,12,10.90,5.7368,true,1,38692
12231119185,false,יין נו רסין סוביניון,,,יין נו רסין סוביניון בלאן - 750 מל,מיליליטרים,750.00,"100 מ""ל",false,1,60.00,8.0000,true,1,26094
12231119208,false,יין נו רסין מרלו - 7,,,יין נו רסין מרלו - ZGM,מיליליטרים,750.00,"100 מ""ל",false,1,60.00,8.0000,true,1,26054
13000008129,false,חומץ תפוחים היינץ 47,היינץ,US,חומץ תפוחים היינץ 473 מל,מיליליטרים,473.00,"100 מ""ל",false,12,12.90,2.7273,true,1,22592
13300002865,false,קרם ציפוי פאן פטי שו,פילסברי (ג'נל מילס),US,קרם ציפוי פאן פטי שוקולד 442 גרם פילסב,גרמים,442.00,100 גרם,false,8,16.90,3.8235,true,1,32756
13300280676,false,תערובת פנקייק הנגרי,ג'.מ. סמאקר,,תערובת פנקייק הנגרי גאק קלאסי 907 גרם,גרמים,907.00,100 גרם,false,1,27.90,3.0761,true,1,29109
13300606469,false,קרם ציפוי פאן פטי או,פילסברי (ג'נל מילס),US,קרם ציפוי פאן פטי אוראו 442 גרם פילסב,גרמים,442.00,100 גרם,false,8,16.90,3.8235,true,1,42349
13300760406,false,קרם ציפוי פאן פטי שו,פילסברי (ג'נל מילס),US,קרם ציפוי שוקולד חלב פילסברי453 גרם,גרמים,453.00,100 גרם,false,8,16.90,3.7307,true,1,32760
13409128411,false,רוטב טריאקי בייבי רי,קנס פודס,US,רוטב טריאקי בייבי ריי גינגר שומשום473 מל,מיליליטרים,473.00,"100 מ""ל",false,12,21.90,4.6300,true,1,44721
13409128442,false,רוטב סוויט בייבי ריי,סוויט בייבי רייז שיק,,רוטב סוויט בייבי ריי בפאלו לכנפיים 473,מיליליטרים,473.00,"100 מ""ל",false,1,25.90,5.4757,true,1,27322
13409341155,false,רוטב ברביקיו סוויט ב,סוויט בייבי רייז שיק,,רוטב ברביקיו סוויט בייבי רי גבש510ג,גרמים,510.00,100 גרם,false,1,23.90,4.6863,true,1,11455
13409351000,false,רוטב ברביקיו סוויט ב,סוויט בייבי רייז שיק,,רוטב ברביקיו סוויט בייבי רי חריף510ג,גרמים,510.00,100 גרם,false,1,23.90,4.6863,true,1,11453
13409515198,false,רוטב ברביקיו סוויט ב,סוויט בייבי רייז שיק,,רוטב ברביקיו סוויט בייבי ציפוטלי510ג,גרמים,510.00,100 גרם,false,1,23.90,4.6863,true,1,11456
13409516867,false,רוטב פלפל חריף קאיין,קנס פודס,US,רוטב פלפל חריף קאיין בייבי רייס354מל,מיליליטרים,354.00,"100 מ""ל",false,12,19.90,5.6215,true,1,44722
13409516874,false,רוטב סוויט בייבי ריי,סוויט בייבי רייז שיק,,רוטב סוויט בייבי ריי לכנפיים ברביקיו 473,מיליליטרים,473.00,"100 מ""ל",false,1,25.90,5.4757,true,1,27321
13409517246,false,רוטב סוויט בייבי ריי,סוויט בייבי רייז שיק,,רוטב סוויט בייבי ריי באפלו מיילד 473מל,מיליליטרים,473.00,"100 מ""ל",false,1,25.90,5.4757,true,1,27320
13409918104,false,רוטב ברביקיו סוויט ב,סוויט בייבי רייז שיק,,רוטב ברביקיו סוויט בייבי אורגינל510ג,גרמים,510.00,100 גרם,false,1,23.90,4.6863,true,1,11454
14100074120,false,עוגיות מילאנו סנדביץ,פפרידג פראם,,עוג. מילנו סנדביץ שוקולד 170 גרם,גרמים,170.00,100 גרם,false,1,22.90,13.4706,true,1,1861
14100077084,false,עוגיות שוקו ציפס צאנ,פפרידג פראם,,עוגיות שוקו ציפס צאנק פקאן 206 גר,גרמים,206.00,100 גרם,false,1,22.90,11.1165,true,1,44002
14100077121,false,עוגיות מילאנו שוקוצי,פפרידג פראם,,עוג.שוקו ציפס קרנץ מקדמיה  206 גר,גרמים,206.00,100 גרם,false,1,22.90,11.1165,true,1,1415
14100082033,false,עוגיות מילאנו שוקוצי,פפרידג פראם,,עוג.שוקו ציפס בראוניס 244 גר,גרמים,244.00,100 גרם,false,1,22.90,9.3852,true,1,6206
16000122543,false,דגני טוסט קינמון ללג,,US,דגני טוסט קינמון ללג גנרל מילס 340 גר,גרמים,340.00,100 גרם,false,6,29.90,8.7941,true,1,42111
16000163461,false,קרונפלקס תפוח קינמון,,US,קרונפלקס תפוח קינמון ללג ציריוס 402 גר,גרמים,402.00,100 גרם,false,8,38.90,9.6766,true,1,40174
16000185517,false,דגני פייבר וואן 555,נסטלה,,דגני פייבר וואן 555 גרם,גרמים,555.00,100 גרם,false,1,19.90,3.5856,true,1,40266
16000281684,false,חטיף דגנים קראנצי פק,,,חטיף דגנים קראנצי פקאן  5 יח,גרמים,210.00,100 גרם,false,1,14.90,7.0952,true,1,5336
16000423534,false,חטיף דגנים נייטשר וו,,,חטיף דגנים נייטשר וואלי 5יח ש.ש.שוקולד,גרמים,210.00,100 גרם,false,1,14.90,7.0952,true,1,7204
16000487932,false,דגני אורז ושוקולד לל,,US,דגני אורז ושוקולד ללג גנרל מילס 362 גר,גרמים,362.00,100 גרם,false,6,29.90,8.2597,true,1,42109
16000487949,false,דגני צקס מאורז ללג 3,ג'נרל מילס,US,דגני צקס מאורז ללג 340 גרגרנל מילס,גרמים,340.00,100 גרם,false,10,34.90,10.2647,true,1,42112
16000548404,false,חטיף דגנים קראנצי 5י,,,חטיף דגנים קראנצי 5יח שיבולת שועל 210 ג,גרמים,210.00,100 גרם,false,1,14.90,7.0952,true,1,2645
16000548503,false,חטיף דגנים קראנצי,,,חטיף דגנים קראנצי מייפל ס.חום210גר נ.ואל,גרמים,210.00,100 גרם,false,1,14.90,7.0952,true,1,2646
16000548602,false,חטיף דגנים קראנצי,,,ח.דגנים קראנצי נ.ואלי קינמון 210 גר,גרמים,210.00,100 גרם,false,1,14.90,7.0952,true,1,2647
16000548909,false,חטיף דגנים קראנצי 5י,,,חטיף דגנים קראנצי 5יח בריאות מעורב 210ג,גרמים,210.00,100 גרם,false,1,14.90,7.0952,true,1,2648
16229001711,false,מי קוקוס ארוי די ללא,תאי אגרי פוד,,מי קוקוס ארוי די ללא סוכר 400 מל,מיליליטרים,400.00,"100 מ""ל",false,1,11.90,2.9750,true,1,3335
16229902506,false,קרם קוקוס ארוי די לל,תאי אגרי פוד,,קרם קוקוס ארוי די ללא סוכר 400 מל,מיליליטרים,400.00,"100 מ""ל",false,1,11.90,2.9750,true,1,19247
16229906436,false,מחית קארי צהוב 400 ג,תאי אגרי פוד,,מחית קארי צהוב 400 גר ארוי,גרמים,400.00,100 גרם,false,1,17.00,4.2500,true,1,9342
16229909819,false,קרם קוקוס 100% ארוי,תאי וורלד,,קרם קוקוס 100% ארוי די 1 ל בקרטון,ליטרים,1.00,ליטר,false,1,24.90,24.9000,true,1,13058
16229910891,false,נוזל קוקוס ארוי די ל,תאי אגרי פוד,TH,נוזל קוקוס ארוי די ללא סוכר 400 מל,מיליליטרים,400.00,"100 מ""ל",false,12,6.90,1.7250,true,1,44706
16229917593,false,מי קוקוס 100% פוקו 3,ויט וורלד קומפני,,מי קוקוס 100% פוקו 330 מל,מיליליטרים,330.00,"100 מ""ל",false,1,8.90,2.6970,true,1,14569
16229917609,false,מי קוקוס 100% עם רימ,ויט וורלד קומפני,,מי קוקוס 100% עם רימונים 330 מל,מיליליטרים,330.00,"100 מ""ל",false,1,8.90,2.6970,true,1,20658
16229917630,false,מי קוקוס 100% עם אננ,ויט וורלד קומפני,,מי קוקוס 100% עם אננס פוקו 330 מל,מיליליטרים,330.00,"100 מ""ל",false,1,8.90,2.6970,true,1,14573
16229917647,false,מי קוקוס 100% עם מנג,ויט וורלד קומפני,,מי קוקוס 100% עם מנגו פוקו 330 מל,מיליליטרים,330.00,"100 מ""ל",false,1,8.90,2.6970,true,1,14571
16229918354,false,רוטב קארי אדום 250 מ,תאי אגרי פוד,TH,רוטב קארי אדום 250 מל ארוי די,מיליליטרים,250.00,"100 מ""ל",false,12,9.90,3.9600,true,1,19624
16229918361,false,רוטב קארי ירוק 250 מ,תאי אגרי פוד,TH,רוטב קארי ירוק 250 מל ארוי די,מיליליטרים,250.00,"100 מ""ל",false,12,9.90,3.9600,true,1,19623
16500980322,false,S.O.Sצמר פלדה עם חומ,,,S.O.Sצמר פלדה עם חומר פעיל,Unknown,0.00,Unknown,false,1,13.90,0.0000,true,1,1416
16800204470,false,פחם רויאל נדלק בקלות,רויאל אוק,,פחם רויאל נדלק בקלות 3 קג,קילוגרמים,3.00,"ק""ג",false,1,30.00,10.0000,true,1,8767
17252500004,false,סירופ שוקולד בוסקו 6,בוסקו פרודקטס,,סירופ שוקולד בוסקו 624 גר,גרמים,624.00,100 גרם,false,1,20.90,3.3494,true,1,8852
17252502244,false,סירופ מייפל בוסקו 70,בוסקו פרודקטס,,סירופ מייפל בוסקו 709 מל,מיליליטרים,709.00,"100 מ""ל",false,1,20.90,2.9478,true,1,5997
18000701223,false,תערובת לעוגת שוקולד,,,תערובת לעוגת שוקולד 517 גרם,גרמים,517.00,100 גרם,false,1,18.90,3.6557,true,1,1417
18000703494,false,תערובת לעוגת וניל 51,,,תערובת לעוגת וניל 517 גרם,גרמים,517.00,100 גרם,false,1,18.90,3.6557,true,1,1418
18000703517,false,תערובת לעוגת שיש 550,,,תערובת לעוגת שיש 550 גרם,גרמים,550.00,100 גרם,false,1,18.90,3.4364,true,1,1859
18000766413,false,תערובת לבראוניס 552,,,תערובת לבראוניס 552 גרם,גרמים,552.00,100 גרם,false,1,18.90,3.4239,true,1,1860
18200004735,false,בירה באדוויזר 473מל,,US,בירה באדוויזר 473מל בקבוק אלומיניום,מיליליטרים,473.00,"100 מ""ל",false,24,11.90,2.5159,true,1,25000
18787111116,false,תרסיס להיגיינת ידיים,דר ברונר,,תרסיס להיגיינת ידיים 59מל דר ברונר לבנדר,Unknown,0.00,Unknown,false,1,24.90,0.0000,true,1,23978
18787762165,false,סבון נוזלי דר ברונר,דר ברונר,,סבון נוזלי דר ברונר אורגני לתינוק 472מל,מיליליטרים,472.00,"100 מ""ל",false,12,45.90,9.7246,true,1,17927
18787764169,false,סבון נוזלי דר ברונר,דר ברונר,,סבון נוזלי דר ברונר  אורגני לבנדר 472מל,מיליליטרים,472.00,"100 מ""ל",false,12,45.90,9.7246,true,1,17926
18787765166,false,סבון נוזלי דר ברונר,דר ברונר,,סבון נוזלי דר ברונר אורגני מנטה 472מל,מיליליטרים,472.00,"100 מ""ל",false,12,45.90,9.7246,true,1,17929
18787769164,false,סבון נוזלי דר ברונר,דר ברונר,,סבון נוזלי דר ברונר אורגני עץ התה 472מל,מיליליטרים,472.00,"100 מ""ל",false,12,45.90,9.7246,true,1,17928
18787779163,false,סבון נוזלי דר ברונר,דר ברונר,,סבון נוזלי דר ברונר  אורגני תה ירוק472מל,מיליליטרים,472.00,"100 מ""ל",false,12,45.90,9.7246,true,1,18039
18787780169,false,סבון נוזלי דר ברונר,דר ברונר,,סבון נוזלי דר ברונר  אורגני יסמין 472מל,מיליליטרים,472.00,"100 מ""ל",false,12,45.90,9.7246,true,1,18038
18787784051,false,סבון מוצק דר ברונר,דר ברונר,,סבון מוצק דר ברונר  אורגני לבנדר 140גר,גרמים,140.00,100 גרם,false,12,22.90,16.3571,true,1,17922
18787785058,false,סבון מוצק דר ברונר,דר ברונר,,סבון מוצק דר ברונר  אורגני מנטה 140גר,גרמים,140.00,100 גרם,false,12,22.90,16.3571,true,1,17925
18787786055,false,סבון מוצק דר ברונר,דר ברונר,,סבון מוצק דר ברונר  אורגני עץ התה 140גר,גרמים,140.00,100 גרם,false,12,22.90,16.3571,true,1,17923
18787789056,false,סבון מוצק דר ברונר,דר ברונר,,סבון מוצק דר ברונר  אורגני תה ירוק140גר,גרמים,140.00,100 גרם,false,12,22.90,16.3571,true,1,18036
18787792056,false,סבון מוצק דר ברונר,דר ברונר,,סבון מוצק דר ברונר  אורגני יסמין140גר,גרמים,140.00,100 גרם,false,12,22.90,16.3571,true,1,18037
21000658978,false,תבשיל מאק אנד ציז155,קראפט פודס נת'רפילד,US,תבשיל מאק אנד ציז155 גרם קראפט,גרמים,155.00,100 גרם,false,12,11.90,7.6774,true,1,30799
21200010545,false,ריבועי דבק דו צדדי ס,3m,,ריבועי דבק דו צדדי ספוגי צבע לבן 16יח,יחידה,16.00,יחידה,false,1,19.90,1.2437,true,1,12153
21200013393,false,דבק דו צדדי ספוגי לב,3m,,דבק דו צדדי ספוגי לבן,יחידה,1.00,יחידה,false,1,29.90,29.9000,true,1,12154
21200471032,false,דבק דו צדדי ספוגי חז,3m,,דבק דו צדדי ספוגי חזק במיוחד,יחידה,1.00,יחידה,false,1,29.90,29.9000,true,1,13372
21200492891,false,גליל ניירות דביקים 3,3m,,גליל ניירות דביקים 30 דף סקוטש ברייט,יחידה,30.00,יחידה,false,1,17.90,0.5967,true,1,12136
21200513152,false,כרית קרצוף 3יח לא שו,3m,,כרית קרצוף 3יח לא שורטים ורודים,יחידה,3.00,יחידה,false,1,12.90,4.3000,true,1,12141
21200572357,false,כרית קרצוף 3יח לניקו,3m,,כרית קרצוף 3יח לניקוי חזק ירוקים,יחידה,3.00,יחידה,false,1,12.90,4.3000,true,1,12139
21723339994,false,רוטב דגים טיפארוס 30,Tang sang hah co. lt,,רוטב דגים טיפארוס 300 מל,מיליליטרים,300.00,"100 מ""ל",false,1,9.90,3.3000,true,1,43851
22200956949,false,דאו.ספיד סטיק גל לגב,Colgate - USA,,דאו.ספיד סטיק גל לגבר כתום 24/7,Unknown,0.00,Unknown,false,1,21.90,0.0000,true,1,3192
22224200820,false,ממתק ליקריץ תות וולב,קניס קנדי,,ממתק ליקריץ תות וולבי 110 גר,גרמים,110.00,100 גרם,false,1,12.90,11.7273,true,1,8989
22224200837,false,ממתק ליקריץ שחור וול,קניס קנדי,,ממתק ליקריץ שחור וולבי 110 גר,גרמים,110.00,100 גרם,false,1,12.90,11.7273,true,1,8985
22314015037,false,ממרח ערמונים בצנצנת,,FR,ממרח ערמונים בצנצנת 250 גרם צרפת,גרמים,250.00,100 גרם,false,12,21.90,8.7600,true,1,29916
24000335238,false,סירופ מולסה בלאקסטרא,בי אנד ג'י,,סירופ מולסה בלאקסטראפ 355 מל בקבוק,מיליליטרים,355.00,"100 מ""ל",false,1,26.90,7.5775,true,1,6250
24100204113,false,קרקר קיבלר ציז היט א,קיבלר,,קרקר קיבלר ציז היט אפו150 גר,גרמים,150.00,100 גרם,false,1,20.00,13.3333,true,1,32908
24100226429,false,קרקר ציז היט אורגינל,קיבלר,,קרקר ציז היט אורגינל 127 גר,גרמים,127.00,100 גרם,false,1,10.90,8.5827,true,1,12394
24100577217,false,קרקר קיבלר ציז דאבל,קיבלר,,קרקר קיבלר ציז דאבל סנק 129 גר,גרמים,129.00,100 גרם,false,1,14.90,11.5504,true,1,30062
24463061095,false,רוטב חריף סיראצה 435,הוי פונג פודס,,רוטב חריף סיראצה 435 גר,גרמים,435.00,100 גרם,false,1,32.90,7.5632,true,1,6945
25675120037,false,מקלות חמצוצים תות 10,,,מקלות חמוץ 100 ג תות,גרמים,100.00,100 גרם,false,1,7.90,7.9000,true,1,3183
25675120044,false,מקלות חמצוצים תפוח ע,,,מקלות חמוץ 100 ג תפוחי עץ,גרמים,100.00,100 גרם,false,1,7.90,7.9000,true,1,3184
25675120068,false,מקלות חמצוצים קולה 1,,,מקלות חמוץ 100 ג קולה,גרמים,100.00,100 גרם,false,1,7.90,7.9000,true,1,3182
25675120105,false,מקלות חמצוצים דובדבן,,,מקלות חמצוצים דובדבן חמוץ 100גר,גרמים,100.00,100 גרם,false,1,7.90,7.9000,true,1,10318
25675122185,false,חטיפי פירות פשקס פרו,,US,חטיפי פירות פשקס פרוט פירות טרופיים 142ג,גרמים,142.00,100 גרם,false,12,12.90,9.0845,true,1,21922
25675122208,false,חטיפי פירות פשקס פרו,,US,חטיפי פירות פשקס פרוט פירות יער 142גרם,גרמים,142.00,100 גרם,false,12,12.90,9.0845,true,1,21923
25675122253,false,חטיפי פירות פשקס פרו,,US,חטיפי פירות פשקס פרוט תות שדה 142גרם,גרמים,142.00,100 גרם,false,12,12.90,9.0845,true,1,21924
25675124790,false,מיני מרשמלו צבעוני,,US,מיני מרשמלו צבעוני  227 גר פשקס,גרמים,227.00,100 גרם,false,12,15.90,7.0044,true,1,21950
25675124813,false,מרשמלו צבעוני גדול,,US,מרשמלו צבעוני גדול  225 גר פשקס,גרמים,225.00,100 גרם,false,12,15.90,7.0667,true,1,23306
25675301108,false,מקלות חמוצוצים תות 5,,,מקלות חמוצוצים תות 50 גר,Unknown,0.00,Unknown,false,1,4.90,0.0000,true,1,1419
25675301153,false,מקלות חמוצוצים פטל 5,,,מקלות חמוצוצים פטל 50 גר,Unknown,0.00,Unknown,false,1,4.90,0.0000,true,1,3848
25675301184,false,מקלות חמוצוצים קולה,,,מקלות חמוצוצים קולה 50 גר,Unknown,0.00,Unknown,false,1,4.90,0.0000,true,1,2914
25675301207,false,מקלות חמוצוצים תפוח,,,מקלות חמוצוצים תפוח עץ 50 גר,Unknown,0.00,Unknown,false,1,4.90,0.0000,true,1,1420
25700005650,false,שקיות הקפאה זיפלוק ג,,US,שקיות הקפאה זיפלוק גדולות 14יח,יחידה,14.00,יחידה,false,12,12.90,0.9214,true,1,28548
25700005674,false,שקיות אחסון זיפלוק ס,,US,שקיות אחסון זיפלוק סליידר גדולות 15יח,יחידה,15.00,יחידה,false,12,12.90,0.8600,true,1,28549
25700005681,false,שקיות איחסון זיפלוק,,US,שקיות איחסון זיפלוק סליידר בינוניות 20יח,יחידה,20.00,יחידה,false,12,12.90,0.6450,true,1,28550
25700005698,false,שקיות איחסון זיפלוק,,US,שקיות איחסון זיפלוק בינוניות 24יח,יחידה,24.00,יחידה,false,12,12.90,0.5375,true,1,28546
27000390146,false,רוטב עגבניות האנט 42,קונגרה פודס,,רוטב עגבניות האנט 425 גר,גרמים,425.00,100 גרם,false,1,11.50,2.7059,true,1,3814
29801025203,false,עוגיות חמאה באטרס קר,HAMLET NV,,עוגיות חמאה באטרס קריספי 200 גר,גרמים,200.00,100 גרם,false,1,18.90,9.4500,true,1,5616
30000315958,false,קואקר פרוטאין בננה א,FRITO-LAY TRADING CO,,קואקר פרוטאין בננה אגוזים 366 ג שקית,גרמים,366.00,100 גרם,false,1,22.90,6.2568,true,1,20865
30000315989,false,קואקר פרוטאין חמוציו,FRITO-LAY TRADING CO,,קואקר פרוטאין חמוציות ושקדים 366 ג שקית,גרמים,366.00,100 גרם,false,1,22.90,6.2568,true,1,20864
30100472414,false,קרקר סנדוויץ קיבלר צ,קיבלר,,קרקר סנדוויץ קיבלר צאדר שמיניה 311 גר,גרמים,311.00,100 גרם,false,1,26.90,8.6495,true,1,10082
30100487180,false,קרקר קיבלר גבינת צאד,קיבלר,,קרקר קיבלר גבינת צאדר311 גר שמיניה,גרמים,311.00,100 גרם,false,1,26.90,8.6495,true,1,12916
31200001597,false,חמוציות אושן ספריי 1,אושן ספריי,,חמוציות אושן ספריי 170 ג,גרמים,170.00,100 גרם,false,1,12.90,7.5882,true,1,3521
31290140107,false,שוקולד גודאיבה סטיקס,,,שוקולד גודאיבה סטיקס 72% מריר 90 גר,Unknown,0.00,Unknown,false,18,14.90,0.0000,true,1,26449
31290140176,false,שוקולד גודאיבה סטיקס,,,שוקולד גודאיבה סטיקס מריר שקד 90 גר,Unknown,0.00,Unknown,false,18,14.90,0.0000,true,1,26450
31290140190,false,שוקולד גודאיבה סטיקס,,,שוקולד גודאיבה סטיקס מלח ים 90 גר,Unknown,0.00,Unknown,false,18,14.90,0.0000,true,1,26451
33200140702,false,דפים למייבש פרש ניחו,,,דפים למייבש פרש ניחוח מרענן 100 יח,יחידה,100.00,יחידה,false,1,24.90,0.2490,true,1,6942
33200143307,false,דפים למייבש כביסה קל,,,דפים למייבש כביסה קלין סנטסיישנס 40דף,Unknown,0.00,Unknown,false,1,11.90,0.0000,true,1,41346
33200147701,false,דפים למייבש פרש סופט,,,דפים למייבש פרש סופט 100 יח,יחידה,100.00,יחידה,false,1,24.90,0.2490,true,1,3763
33617000026,false,פת פריכה ואזה קלה מק,,,פת פריכה ואזה קלה מקמח מלא260ג,גרמים,260.00,100 גרם,false,1,12.90,4.9615,true,1,9313
33617322616,false,פת פריכה ואזה קלה מק,,,פת פריכה ואזה קלה מקמח שיפון 270 גר,גרמים,270.00,100 גרם,false,1,12.90,4.7778,true,1,7569
33617340610,false,פת פריכה ואזה מקמח ש,,,פת פריכה ואזה מקמח שיפון 250 גרם,גרמים,250.00,100 גרם,false,1,12.90,5.1600,true,1,7568
34000148301,false,נטיפי שוקולד מריר הר,,,נטיפי שוקולד מריר הרשי לאפיה 340 גר,גרמים,340.00,100 גרם,false,1,20.00,5.8824,true,1,15227
34000196173,false,שוקולד הרשי קוקיס אנ,הרשיז,,שוקולד הרשי קוקיס אנד קרים 113 גר,גרמים,113.00,100 גרם,false,1,7.90,6.9912,true,1,12047
34000271184,false,חטיף הרשיז קוקייס אנ,,,חטיף הרשיז קוקייס אנד קרים 59 גר,Unknown,0.00,Unknown,false,1,6.50,0.0000,true,1,11471
34000312177,false,סירופ  שוקולד הרשי 6,,,סירופ  שוקולד הרשי 680 מל,מיליליטרים,680.00,"100 מ""ל",false,1,20.00,2.9412,true,1,3883
34000442652,false,שוקולד הרשי ריסז 120,הרשיז,,שוקולד הרשי ריסז 120 גר,גרמים,120.00,100 גרם,false,1,7.90,6.5833,true,1,12048
34000446001,false,חטיפי שוקולד הרשי רי,,,חטיפי שוקולד הרשי ריזס מינס 100 גר,גרמים,100.00,100 גרם,false,1,10.90,10.9000,true,1,9659
34000470228,false,חטיפי שוקולד הרשיז ר,,,חטיפי שוקולד הרשיז ריזס מיני 70 גר,Unknown,0.00,Unknown,false,1,6.50,0.0000,true,1,9658
34000470563,false,הרשי ריסז מיניס 215,הרשיז,US,הרשי ריסז מיניס 215 גרם,גרמים,215.00,100 גרם,false,8,19.90,9.2558,true,1,21582
34000544028,false,סוכריות טוויזלר תות,הרשיז,US,סוכריות טוויזלר תות שדה 198 גר,גרמים,198.00,100 גרם,false,12,7.90,3.9899,true,1,2306
34000544431,false,סוכיות טוויזלר דובדב,הרשיז,US,סוכיות טוויזלר דובדבן 172 גרם,גרמים,172.00,100 גרם,false,12,7.90,4.5930,true,1,36775
34000996643,false,סוכריות הרשי דרופס 2,הרשיז,US,סוכריות הרשי דרופס 215 גרם,גרמים,215.00,100 גרם,false,8,19.90,9.2558,true,1,21581
35000458476,false,מברשת שיניים קולגייט,קולגייט,VN,מברשת שיניים קולגייט ילדים רביעייה,יחידה,4.00,יחידה,false,18,22.90,5.7250,true,1,20962
35000689535,false,זוג מב.שיניים קולגיי,CP- China-SH,,זוג מב.שיניים קולגייט מקס וייט סופט,Unknown,0.00,Unknown,false,1,27.90,0.0000,true,1,6059
36000183399,false,חיתול האגיס ליטל סוו,KC צ'כיה,,חיתול האגיס ליטל סווימרס סמול,Unknown,0.00,Unknown,false,1,29.90,0.0000,true,1,1428
36000516876,false,מגבוני אף קלינקס לוש,KC USA,,מגבוני אף קלינקס לושן 75 יח שלוש שכבות,יחידה,75.00,יחידה,false,1,12.90,0.1720,true,1,22704
37600207188,false,חמאת בוטנים סקיפי קל,הורמל,,חמאת בוטנים סקיפי קלאסי 462 גר,גרמים,462.00,100 גרם,false,1,18.90,4.0909,true,1,10310
37600207256,false,חמאת בוטנים סקיפי שי,הורמל,,חמאת בוטנים סקיפי שיברי בוטנים 462 גר,גרמים,462.00,100 גרם,false,1,18.90,4.0909,true,1,10311
37600297943,false,סלסה צי ציז חריפה 43,,US,סלסה צי ציז חריפה 439 גרם,גרמים,439.00,100 גרם,false,12,19.90,4.5330,true,1,44596
37600297967,false,סלסה צי ציז חריפות ע,,US,סלסה צי ציז חריפות עדינה 439 גרם,גרמים,439.00,100 גרם,false,12,19.90,4.5330,true,1,44595
37977005288,false,זוג מוצצי מאמ סיליקו,MAM,,זוג מוצצי מאמ סיליקון קריסטל 6+ תכלת,יחידה,2.00,יחידה,false,1,34.90,17.4500,true,1,17647
37977050059,false,זוג מוצצי מאמ סיליקו,MAM,,זוג מוצצי מאמ סיליקון 0-2 בן תכלת,יחידה,2.00,יחידה,false,1,34.90,17.4500,true,1,17641
38000138607,false,חטיף תפוא פרינגלס מל,פרינגלס,,חטיף תפוא פרינגלס מלח וחומץ 158 גר,גרמים,158.00,100 גרם,false,1,9.90,6.2658,true,1,28696
38000138638,false,חטיף תפוא פרינגלס פי,פרינגלס,,חטיף תפוא פרינגלס פיצה 158 גר,גרמים,158.00,100 גרם,false,1,8.90,5.6329,true,1,14241
38000138720,false,חטיף תפוא פרינגלס רא,פרינגלס,,חטיף תפוא פרינגלס ראנץ 158 גר,גרמים,149.00,100 גרם,false,1,8.90,5.9732,true,1,18511
38000169663,false,חטיף פרינגלס קלאסי מ,פרינגלס,,חטיף פרינגלס קלאסי מגה פק 194 גרם,גרמים,194.00,100 גרם,false,1,11.90,6.1340,true,1,28385
38000183690,false,חטיף פרינגלס מידי בר,פרינגלס,,חטיף פרינגלס מידי ברביקיו 71 גר,Unknown,0.00,Unknown,false,1,4.90,0.0000,true,1,16948
38000183928,false,חטיף תפוא פרינגלס חר,פרינגלס,,חטיף תפוא פרינגלס חרדל ודבש 158 גר,גרמים,158.00,100 גרם,false,1,8.90,5.6329,true,1,27573
38000197840,false,חטיף פרינגלס גלי חרי,פרינגלס,,חטיף פרינגלס גלי חריף מתוק 130 גרם,גרמים,130.00,100 גרם,false,1,8.90,6.8462,true,1,28386
38000202278,false,חטיף פרינגלס גלי אור,פרינגלס,,חטיף תפוא פרינגלס חרדל ודבש 158 גר,גרמים,130.00,100 גרם,false,1,8.90,6.8462,true,1,25142
38000222436,false,עוגיות פופ טארט רול,קלוג קומפני,US,עוגיות פופ טארט רול קינמון 384 גרם,גרמים,384.00,100 גרם,false,12,23.90,6.2240,true,1,31966
38000222658,false,עוגיות פופ טארט פאדג,קלוג קומפני,US,עוגיות פופ טארט פאדג 384 גרם,גרמים,384.00,100 גרם,false,12,23.90,6.2240,true,1,31968
38000222696,false,עוגיות פופ טארט פטל,קלוג קומפני,,עוגיות פופ טארט פטל 384 גרם,גרמים,384.00,100 גרם,false,1,23.90,6.2240,true,1,24731
38000232152,false,חטיף תפוא פרינגלס בר,פרינגלס,,חטיף תפוא פרינגלס ברביקיו 158 גר,גרמים,158.00,100 גרם,false,1,8.90,5.6329,true,1,23777
38000232169,false,חטיף פרינגלס מידי או,פרינגלס,,חטיף פרינגלס מידי אורגינל 67 גר,Unknown,0.00,Unknown,false,1,4.90,0.0000,true,1,23778
38000232176,false,חטיף תפוא פרינגלס בצ,פרינגלס,,חטיף תפוא פרינגלס בצל שמנת 158 גר,גרמים,158.00,100 גרם,false,1,8.90,5.6329,true,1,23776
38000232183,false,חטיף תפוא פרינגלס או,פרינגלס,,חטיף תפוא פרינגלס אורגינל 149 גר,גרמים,149.00,100 גרם,false,1,8.90,5.9732,true,1,23775
38000845253,false,חטיף פרינגלס מידי שמ,פרינגלס,,חטיף פרינגלס מידי שמנת בצל 71 גר,Unknown,0.00,Unknown,false,1,4.90,0.0000,true,1,13533
38527591053,false,ד.בוקר קואקר מרובעים,BEVERAGES FOODS & SE,,ד.בוקר קואקר מרובעים קינמון 412 ג,גרמים,412.00,100 גרם,false,1,19.90,4.8301,true,1,7907
38527591060,false,ד.בוקר קואקר מרובעים,BEVERAGES FOODS & SE,,ד.בוקר קואקר מרובעים 412 ג,גרמים,412.00,100 גרם,false,1,19.90,4.8301,true,1,7908
38900779238,false,מיץ אננס דולי רביעיי,דול פיליפינים,,מיץ אננס דולי רביעייה 250/4מל,מיליליטרים,250.00,"100 מ""ל",false,1,15.90,6.3600,true,1,8131
39000008006,false,קונכיות מתירס לבן למ,בי אנד ג'י,,קונכיות מתירס לבן למילוי ל.ג 164 גר,גרמים,140.00,100 גרם,false,1,21.90,15.6429,true,1,15464
39000008051,false,אורטגה טאקו דינר 12,בי אנד ג'י,,אורטגה טאקו דינר 12 יח,יחידה,1.00,יחידה,false,1,33.90,33.9000,true,1,8256
39000008204,false,תבלון לטקו אורגטה 35,בי אנד ג'י,,תבלון לטקו אורגטה 35 גר,Unknown,0.00,Unknown,false,1,10.00,0.0000,true,1,6447
39000008907,false,רוטב לטאקו אוטגה 226,בי אנד ג'י,,רוטב לטאקו אוטגה 226 גר,מיליליטרים,226.00,"100 מ""ל",false,1,17.50,7.7434,true,1,6446
39000010351,false,פלפל חלפנו פרוס אורט,בי אנד ג'י,,פלפל חלפנו פרוס אורטגה 354 גר צנצנת,מיליליטרים,354.00,"100 מ""ל",false,1,18.90,5.3390,true,1,12465
39047001152,false,עוגיות ווקרס חמאה פי,,GB,עוגיות ווקרס חמאה פינגרס 150 ג,גרמים,150.00,100 גרם,false,12,17.90,11.9333,true,1,2102
39047002111,false,קרקר וולקרס שבולת שו,,GB,קרקר וולקרס שבולת שועל היילנד 280 גרם,גרמים,280.00,100 גרם,false,12,21.90,7.8214,true,1,40438
39047002128,false,קרקר וולקרס שבולת שו,,GB,קרקר וולקרס שבולת שועל דק 280 גרם,גרמים,280.00,100 גרם,false,12,21.90,7.8214,true,1,40437
39047005426,false,ביסקויט ווקרס עם גינ,,GB,ביסקויט ווקרס עם גינגר 150 גר,גרמים,150.00,100 גרם,false,12,17.90,11.9333,true,1,2103
39047014718,false,עוגיות ווקרס חמאה טב,,GB,עוגיות ווקרס חמאה טבעות 150גר,גרמים,150.00,100 גרם,false,12,17.90,11.9333,true,1,40436
39047050747,false,עוגיות טופי פקאן ווק,,GB,עוגיות טופי פקאן ווקרס 150 ג,גרמים,150.00,100 גרם,false,12,17.90,11.9333,true,1,40427
40000494805,false,סוכריות אם אנד אמס ק,,,שוקולד קריספי אם אנד אם 38 גר,Unknown,0.00,Unknown,false,,5.00,0.0000,true,1,25448
40000512943,false,סוכריות אם אנד אמס ש,,,שוקולד אם אנד אם 300 גרם,גרמים,300.00,100 גרם,false,,19.90,6.6333,true,1,25443
40000513056,false,סוכריות אם אנד אמס ב,,,שוקולד בוטנים  אם אנד אם 300 גרם,גרמים,300.00,100 גרם,false,,19.90,6.6333,true,1,25442
40000513568,false,סוכריות אמ אנד אמס ע,,,שוקולד אם אנד אם 155 גרם,גרמים,155.00,100 גרם,false,,11.90,7.6774,true,1,25441
40000513582,false,סוכריות אם אנד אמס ב,,,שוקולד בוטנים אם אנד אם 155 גרם,גרמים,155.00,100 גרם,false,,11.90,7.6774,true,1,25439
40000513629,false,סוכריות אם אנד אמס ח,,,שוקולד חמאת בוטנים אם אנד אם 155 גרם,גרמים,155.00,100 גרם,false,,11.90,7.6774,true,1,25440
40000514480,false,סוכריות אם אנד אמס ש,,,רסוכריות אם אנד אמס שוקולד48 גר,Unknown,0.00,Unknown,false,,5.00,0.0000,true,1,25449
40000514510,false,סוכריות אם אנד אמס ב,,,שוקולד בוטנים אם אנד אם 49 גר,Unknown,0.00,Unknown,false,,5.00,0.0000,true,1,25446
40000555391,false,סוכריות אם אנד אמס ב,,,סוכריות אם אנד אמס בראוניז 40 גר,Unknown,0.00,Unknown,false,,5.00,0.0000,true,1,38581
41143072004,false,תאנים מוזהבות מיובשו,,US,תאנים מוזהבות מיובשות סאן מייד 170גרם,גרמים,170.00,100 גרם,false,12,26.90,15.8235,true,1,26751
41143072400,false,תאנים מיובשות סאן מי,,US,תאנים מיובשות סאן מייד 198 גרם,גרמים,198.00,100 גרם,false,12,26.90,13.5859,true,1,26750
41143299081,false,שזיף מגולען סאן מייד,,US,שזיף מגולען סאן מייד 198 גר,גרמים,198.00,100 גרם,false,12,19.90,10.0505,true,1,26754
41152232017,false,רוטב קרנברי גל רובי,קלמנט פאפס,,רוטב קרנברי גל רובי קיטס 397 מל,מיליליטרים,397.00,"100 מ""ל",false,1,14.50,3.6524,true,1,2852
41152282012,false,רוטב קרנברי פרי רובי,קלמנט פאפס,,רוטב קרנברי פרי רובי קידס 454 מל,מיליליטרים,454.00,"100 מ""ל",false,1,14.50,3.1938,true,1,2851
41190017522,false,רוטב וושסטר שופרייט,,US,רוטב וושסטר שופרייט 296 מל,מיליליטרים,296.00,"100 מ""ל",false,12,16.90,5.7095,true,1,33110
41190022663,false,קואקר נמס שופרייט מי,ווקפרן פוד,,קואקר נמס שופרייט מייפל 350  גר,גרמים,350.00,100 גרם,false,1,22.50,6.4286,true,1,10739
41190022687,false,קואקר נמס שופרייט ל.,ווקפרן פוד,,קואקר נמס שופרייט ל.ס.336 גר,גרמים,336.00,100 גרם,false,1,22.50,6.6964,true,1,10738
41190045600,false,ד.בוקר פיצפוצי אורז,ווקפרן פוד,,ד.בוקר פיצפוצי אורז שופרייט 340 גר,גרמים,340.00,100 גרם,false,1,28.90,8.5000,true,1,6360
41190052837,false,ד.בוקר רייזן בראן530,ווקפרן פוד,,ד.בוקר רייזן בראן530 גר שופרייט,גרמים,530.00,100 גרם,false,1,25.00,4.7170,true,1,12923
41190064540,false,סלסה שופרייט מדיום 4,ווקפרן פוד,US,סלסה שופרייט מדיום 454 ג,גרמים,454.00,100 גרם,false,12,19.90,4.3833,true,1,29927
41224468108,false,עגבניות מיובשות בשמן,סיבס,TR,עגבניות מיובשות בשמן זית 340גר רולאנד,מיליליטרים,340.00,"100 מ""ל",false,12,23.90,7.0294,true,1,32501
41224700062,false,צלפים מינאטורים במלח,סיבס,TR,צלפים מינאטורים במלח 75 גר רולנד,גרמים,75.00,100 גרם,false,24,13.90,18.5333,true,1,5774
41224700260,false,צלפים מינאטורים בחומ,סיבס,TR,צלפים מינאטורים בחומץ 90 גר רולנד,Unknown,0.00,Unknown,false,24,13.90,0.0000,true,1,5775
41224700925,false,צלפים פירות בחומץ רו,סיבס,TR,צלפים פירות בחומץ רולנד 466 מל,מיליליטרים,466.00,"100 מ""ל",false,12,24.90,5.3433,true,1,32159
41224703506,false,גרעיני פלפל ורוד ירו,טארימסל גידה,,גרעיני פלפל ורוד ירוק בחומץ 110מל רולאנד,מיליליטרים,110.00,"100 מ""ל",false,1,13.90,12.6364,true,1,8266
41255431515,false,מלית מילוי פאי טעם ל,פיניקל פודס,,מלית מילוי פאי טעם לימון 465 גר,גרמים,465.00,100 גרם,false,1,26.00,5.5914,true,1,8988
41321005459,false,רוטב ווישבון איטלקי,קונגרה פודס,US,רוטב ווישבון איטלקי דל שומן 444 מל,מיליליטרים,444.00,"100 מ""ל",false,6,22.90,5.1577,true,1,38190
41335000501,false,רוטב קנס איטלקי מרינ,קנס פודס,,רוטב קנס איטלקי מרינדה 473 גר,גרמים,473.00,100 גרם,false,1,29.90,6.3214,true,1,6277
41335000532,false,רוטב קנס אלף האיים 4,קנס פודס,,רוטב קנס אלף האיים 473 גר,גרמים,473.00,100 גרם,false,1,29.90,6.3214,true,1,4232
41335000549,false,רוטב קנס ראנץ באטר מ,קנס פודס,,רוטב קנס ראנץ באטר מילק 473 גר,גרמים,473.00,100 גרם,false,1,29.90,6.3214,true,1,13054
41335000594,false,רוטב קנס קיסר 473 מל,קנס פודס,,רוטב קנס קיסר 473 מל,מיליליטרים,473.00,"100 מ""ל",false,1,29.90,6.3214,true,1,8344
41335001294,false,רוטב קנס וינגרט בלסמ,קנס פודס,,רוטב קנס וינגרט בלסמי 473 מל,מיליליטרים,473.00,"100 מ""ל",false,1,29.90,6.3214,true,1,14193
41390001079,false,רוטב סויה מופחת נתרן,,,רוטב סויה מופחת נתרן קיקומן 444 מל,מיליליטרים,444.00,"100 מ""ל",false,1,19.90,4.4820,true,1,11459
41390001451,false,רוטב סויה קיקומן 1.2,,,רוטב סויה קיקומן 1.2 ליטר,ליטרים,1.20,ליטר,false,1,39.90,33.2500,true,1,1457
41390010309,false,רוטב טריאקי קיקומן 4,,,רוטב טריאקי קיקומן 444 מל,מיליליטרים,444.00,"100 מ""ל",false,1,19.90,4.4820,true,1,11460
41421177452,false,רוטב היקורי מעושן מר,בי אנד ג'י,,רוטב היקורי מעושן מרוכז 103 מל,מיליליטרים,103.00,"100 מ""ל",false,1,17.90,17.3786,true,1,10801
41500000299,false,חרדל פרנצס דבש דיזון,פרנצ'ס,US,חרדל פרנצס דבש דיזון 340 גר,גרמים,340.00,100 גרם,false,12,19.90,5.8529,true,1,22339
41500000428,false,חרדל פרנצס חום חריף,פרנצ'ס,US,חרדל פרנצס חום חריף 340 גר,גרמים,340.00,100 גרם,false,12,19.90,5.8529,true,1,22338
41500013107,false,רוטב וורצסטר פרנצס 2,רקיט בנקיזר,,רוטב וורצסטר פרנצס 296 מל,מיליליטרים,296.00,"100 מ""ל",false,1,20.00,6.7568,true,1,24297
41500013183,false,רוטב וורצסטר פרנשס 4,,US,רוטב וורצסטר פרנשס 443 מל,מיליליטרים,448.00,"100 מ""ל",false,6,26.90,6.0045,true,1,41487
41500745107,false,רוטב רד הוט באפלו לכ,,,רוטב רד הוט באפלו לכנפיים  354 ג,Unknown,0.00,Unknown,false,1,27.90,0.0000,true,1,44248
41500805016,false,רוטב רד הוט חריף 148,רקיט בנקיזר,,רוטב רד הוט חריף 148 מל,מיליליטרים,148.00,"100 מ""ל",false,1,13.90,9.3919,true,1,3765
41500805023,false,רוטב רד הוט קלאסי 35,רקיט בנקיזר,,רוטב רד הוט קלאסי 354 מל,מיליליטרים,354.00,"100 מ""ל",false,1,27.90,7.8814,true,1,3394
41500818467,false,רוטב וורצסטר פרנשס ד,,US,רוטב וורצסטר פרנשס דל נתרן 443 מל,מיליליטרים,448.00,"100 מ""ל",false,6,26.90,6.0045,true,1,41488
41501008034,false,קונכיות מתירס אורטגה,בי אנד ג'י,,קונכיות מתירס אורטגה למילוי ל.ג.140 גר,גרמים,140.00,100 גרם,false,1,21.90,15.6429,true,1,12926
41501012055,false,טאקו מתירס כחול אורט,בי אנד ג'י,,אורטגה טאקו מתירס כחול 12 יח 140 גר,גרמים,140.00,100 גרם,false,1,25.90,18.5000,true,1,16471
41570113059,false,משקה חלב שקדים אורגי,בלו דיאמונד,ZA,משקה חלב שקדים אורגינל 1 ליטר בלו דיאמנד,ליטרים,1.00,ליטר,false,12,19.90,19.9000,true,1,19024
41570113066,false,משקה חלב שקדים ללא ס,בלו דיאמונד,ZA,משקה חלב שקדים ללא סוכר1 ליטר בלו דיאמנד,ליטרים,1.00,ליטר,false,12,19.90,19.9000,true,1,19025
41570113080,false,משקה חלב שקדים בטעם,בלו דיאמונד,ZA,משקה חלב שקדים בטעם וניל ללא סוכר 1ליטר,ליטרים,1.00,ליטר,false,12,19.90,19.9000,true,1,19027
41570113103,false,משקה חלב שקדים בריסט,בלו דיאמונד,ZA,משקה חלב שקדים בריסטה להקצפה 1 ליטר,ליטרים,1.00,ליטר,false,12,22.90,22.9000,true,1,19028
41740000806,false,בורשט גולדס 710 מל,גולד פיור פוד,,בורשט גולדס 710 מל,מיליליטרים,710.00,"100 מ""ל",false,1,19.90,2.8028,true,1,6147
42400108153,false,דגני פוסט טוטי פרוטי,פוסט ארצות הברית,US,דגני פוסט טוטי פרוטי 354 גר,גרמים,354.00,100 גרם,false,14,22.90,6.4689,true,1,29204
44000028541,false,ביסקויט אוראו דאבל 4,,,ביסקויט אוראו דאבל 435 גרם אמריקה,גרמים,435.00,100 גרם,false,1,29.90,6.8736,true,1,19460
44000032586,false,ביסקויט אוראו גולדן,,,ביסקויט אוראו גולדן 405 גרם אמריקה,גרמים,405.00,100 גרם,false,1,29.90,7.3827,true,1,43280
44000060398,false,ביסקויט אוראו חמאת ב,,,ביסקויט אוראו חמאת בוטנים482 גרם אמריקה,גרמים,482.00,100 גרם,false,1,29.90,6.2033,true,1,43282
44000060411,false,ביסקויט אוראו יום הו,,,ביסקויט אוראו יום הולדת482 גרם אמריקה,גרמים,482.00,100 גרם,false,1,29.90,6.2033,true,1,43283
44300125131,false,רוטב סויה לה צוי 295,,US,רוטב סויה לה צוי 295 מל,מיליליטרים,295.00,"100 מ""ל",false,12,19.90,6.7458,true,1,32968
44300125315,false,רוטב טריאקי לה צוי 2,,US,רוטב טריאקי לה צוי 295 מל,מיליליטרים,295.00,"100 מ""ל",false,12,19.90,6.7458,true,1,32969
44600300580,false,כלורקס קלין אפ פרש מ,,,כלורקס קלין אפ פרש מרסס 946 מל,מיליליטרים,946.00,"100 מ""ל",false,1,19.90,2.1036,true,1,28615
44738219563,false,במבושוט חצאים במים 5,Theppadungporn cocon,TH,במבושוט חצאים 565 גר,גרמים,565.00,100 גרם,false,24,13.90,2.4602,true,1,29262
44935000117,false,חטיף קטל ציפס ראוט 1,,US,חטיף קטל ציפס ראוט 11 מומלח קלות170 גרם,גרמים,170.00,100 גרם,false,12,19.90,11.7059,true,1,32419
44935000414,false,חטיף קטל ציפס ראוט 1,,US,חטיף קטל ציפס ראוט 11 מלח וחומץ170 גרם,גרמים,170.00,100 גרם,false,12,19.90,11.7059,true,1,32420
44935000711,false,חטיף קטל ציפס ראוט 1,,US,חטיף קטל ציפס ראוט 11 מלח ופלפל170 גרם,גרמים,170.00,100 גרם,false,12,19.90,11.7059,true,1,32421
44935100015,false,חטיף קטל ציפס ראוט 1,,US,חטיף קטל ציפס ראוט 11 מאמא זומה170 גרם,גרמים,170.00,100 גרם,false,12,19.90,11.7059,true,1,32418
46214372250,false,עוגיות שוקוציפס מרבה,Merba BV,,עוגיות שוקוציפס מרבה שטרודל תפוחי 225 גר,גרמים,225.00,100 גרם,false,1,9.90,4.4000,true,1,1460
46214382259,false,עוגיות שוקוציפס מרבה,Merba BV,,עוגיות שוקוציפס מרבה בראוניז 225 גר,גרמים,225.00,100 גרם,false,1,9.90,4.4000,true,1,1461
46214731552,false,עוגיות שוקוציפס מרבה,Merba BV,,עוגיות שוקוציפס מרבה שוקולד 225 גר,גרמים,225.00,100 גרם,false,1,9.90,4.4000,true,1,1462
47800175477,false,רוטב היקורי מעושן מר,בי אנד ג'י,,רוטב היקורי מעושן מרוכז 103 מל,מיליליטרים,103.00,"100 מ""ל",false,1,17.90,17.3786,true,1,10226
47997130105,false,תערובת תיבול מגיק לל,מג'יק,,תערובת תיבול מגיק ללא מלח 141 גר,גרמים,141.00,100 גרם,false,1,26.50,18.7943,true,1,5878
48256214758,false,אסטוניש אבקת הפלא לכ,אסטוניש,,אסטוניש אבקת הפלא לכביסה 1 קג,קילוגרמים,1.00,"ק""ג",false,1,25.90,25.9000,true,1,3425
49319110017,false,ציר דגים דאשינומוטו,JFC JAPAN INC.,,ציר דגים דאשינומוטו 50 גר,Unknown,0.00,Unknown,false,1,18.50,0.0000,true,1,2910
49568200347,false,מיונז טבעוני מופחת ש,ארת איילנד,,מיונז טבעוני מופחת שומן 340 גרם,גרמים,340.00,100 גרם,false,1,24.90,7.3235,true,1,14105
50000015474,false,מזון חתולים פריסקיז,,,מזון חתולים פריסקיז מעדני הים 1.43 קג,קילוגרמים,1.43,"ק""ג",false,1,38.90,27.2028,true,1,30480
50000100347,false,מזון חתולים פריסקיז,נסטלה פורינה  USA מק,,מזון חתולים פריסקיז מעדני החתול 1.43 קג,קילוגרמים,1.43,"ק""ג",false,1,38.90,27.2028,true,1,3878
50000168583,false,מזון חתולים פריסקיז,,,מזון חתולים פריסקיז אקסטרא קראנץ 1.43 קג,קילוגרמים,1.43,"ק""ג",false,1,38.90,27.2028,true,1,30482
50000170180,false,מזון חתולים פריסקיז,,,מזון חתולים פריסקיז עוף ברוטב 156 גר,גרמים,156.00,100 גרם,false,1,5.90,3.7821,true,1,6295
50000225224,false,מזון חתולים פריסקיז,נסטלה פורינה  USA קר,,מזון חתולים פריסקיז פריים פילה הודו 156ג,גרמים,156.00,100 גרם,false,1,5.90,3.7821,true,1,12666
50000237951,false,פריסקיז פארטי מיקס ג,,,פריסקיז פארטי מיקס גריל קראנץ 60 גר,Unknown,0.00,Unknown,false,10,11.90,0.0000,true,1,43960
50000292592,false,מזון חתולים פנסי פיס,נסטלה פורינה  USA סט,,מזון חתולים פנסי פיסט סלמון וסול85 גרם,גרמים,85.00,100 גרם,false,1,4.90,5.7647,true,1,12750
50000292615,false,מזון חתולים פנסי פיס,נסטלה פורינה  USA סט,,מזון חתולים פנסי פיסט לבבות וכבד85 גרם,גרמים,85.00,100 גרם,false,1,4.90,5.7647,true,1,12749
50000397587,false,אבקה שוקו חם נסטלה ש,נסטלה,,אבקה שוקו חם נסטלה שוקולד חלב 121 גר,גרמים,121.00,100 גרם,false,1,22.90,18.9256,true,1,16460
50000421541,false,מזון חתולים פריסקיז,נסטלה פורינה  USA קר,,מזון חתולים פריסקיז מיקס גריל 156 גר,גרמים,156.00,100 גרם,false,1,5.90,3.7821,true,1,6296
50000429646,false,מזון חתולים פנסי פיס,נסטלה פורינה  USA ג',,מזון חתולים פנסי פיסט דג אוקיינוס 85 גרם,גרמים,85.00,100 גרם,false,1,4.90,5.7647,true,1,1702
50000434640,false,מזון חתולים פנסי פיס,נסטלה פורינה  USA סט,,מזון חתולים פנסי פיסט לבבות וכבד 85 גרם,גרמים,85.00,100 גרם,false,1,4.90,5.7647,true,1,1703
50000445691,false,מזון חתולים פריסקיז,נסטלה פורינה  USA קר,,מזון חתולים פריסקיז סלומון 156 גר,גרמים,156.00,100 גרם,false,1,5.90,3.7821,true,1,8202
50000578450,false,מזון חתולים פנסי פיס,נסטלה פורינה  USA סט,,מזון חתולים פנסי פיסט עוף ברוטב85 גרם,גרמים,85.00,100 גרם,false,1,4.90,5.7647,true,1,12751
51131809741,false,צמדנים לתמונות בינונ,3m,,צמדנים לתמונות בינוני 3 זוגות,יחידה,3.00,יחידה,false,1,19.90,6.6333,true,1,12163
51131830271,false,צמדנים לתמונות קטן 3,3m,,צמדנים לתמונות קטן 3 זוגות,יחידה,3.00,יחידה,false,1,19.90,6.6333,true,1,12164
51131939639,false,מתלה ניקל מוברש עם פ,3m,,מתלה ניקל מוברש עם פס הדבקה,יחידה,1.00,יחידה,false,1,49.90,49.9000,true,1,12161
51131978393,false,זוג דבק סופר גלו גל,3m,,זוג דבק סופר גלו גל 4 גרם,יחידה,2.00,יחידה,false,1,18.90,9.4500,true,1,12147
51131995963,false,מתלה אמבט ניקל יוקרת,3m,,מתלה אמבט ניקל יוקרתי עם פס הדבקה,יחידה,1.00,יחידה,false,1,49.90,49.9000,true,1,12160
51135208298,false,מספריים גודל 6 אינץ,3m,,מספריים גודל 6 אינץ,יחידה,1.00,יחידה,false,1,12.90,12.9000,true,1,12165
51135807514,false,דבק סופר גלו 4 שפופר,3m,,דבק סופר גלו 4 שפופרות מיני חד פעמיות,יחידה,4.00,יחידה,false,1,15.90,3.9750,true,1,12156
51141234892,false,גליל ניירות דביקים 6,3m,,גליל ניירות דביקים 60 דף סקוטש ברייט,יחידה,60.00,יחידה,false,1,25.90,0.4317,true,1,33170
51141239460,false,ספריי לניקוי והברקה,3m,,ספריי לניקוי והברקה נירוסטה,יחידה,1.00,יחידה,false,1,25.90,25.9000,true,1,12144
51141239590,false,מטלית לניגוב נירוסטה,3m,,מטלית לניגוב נירוסטה אינה מותירה סיבים,יחידה,1.00,יחידה,false,1,12.90,12.9000,true,1,12143
51141314990,false,מתלה אמבט דמוי ניקל,3m,,מתלה אמבט דמוי ניקל עם פס הדבקה,יחידה,1.00,יחידה,false,1,25.90,25.9000,true,1,12159
51141334455,false,גליל דבק דו צדדי,3m,,גליל דבק דו צדדי,יחידה,1.00,יחידה,false,1,19.90,19.9000,true,1,32577
51141348346,false,מתלה שקוף קטן 2יח עם,3m,,מתלה שקוף קטן 2יח עם שני פסי הדבקה לשימו,יחידה,2.00,יחידה,false,1,15.90,7.9500,true,1,12158
51141913131,false,ספוג קרצוף לאמבטיה ס,3m,US,ספוג קרצוף לאמבטיה סקוטש ברייט,יחידה,1.00,יחידה,false,6,22.90,22.9000,true,1,18203
51141917733,false,דבק סופר גלו בקבוק פ,3m,,דבק סופר גלו בקבוק פטנט 4 גרם,יחידה,1.00,יחידה,false,1,20.90,20.9000,true,1,12155
51141986555,false,זוג ספוגים ללכלוך חז,3m,ES,זוג ספוגים ללכלוך חזק במיוחד סקוטש ברייט,יחידה,2.00,יחידה,false,12,12.90,6.4500,true,1,18206
51500280645,false,אבקת פנקייק הנגרי גא,ג'.מ. סמאקר,US,אבקת פנקייק הנגרי גאק בטעם חמאה 907 גרם,גרמים,907.00,100 גרם,false,12,29.90,3.2966,true,1,44945
51500280676,false,אבקה להכנת פנקייק הנ,ג'.מ. סמאקר,US,אבקה להכנת פנקייק הנגרי גק 907 גר,גרמים,907.00,100 גרם,false,12,29.90,3.2966,true,1,7236
52100002453,false,תערובת סטייק מונטריא,מקורמיק,,תערובת סטייק מונטריאול מקורמיק,Unknown,0.00,Unknown,false,1,19.90,0.0000,true,1,17833
52100002460,false,תערובת לעוף מונטריאו,מקורמיק,,תערובת לעוף מונטריאול מקורמיק,Unknown,0.00,Unknown,false,1,19.90,0.0000,true,1,17835
52100002477,false,תבלין קרי הודי מקורמ,מקורמיק,,תבלין קרי מקורמיק,Unknown,0.00,Unknown,false,1,18.90,0.0000,true,1,17831
52100002613,false,כורכום טחון מקורמיק,מקורמיק,,כורכום טחון מקורמיק 27.8 גר,Unknown,0.00,Unknown,false,1,18.90,0.0000,true,1,17851
52100002699,false,פלפל לבן טחון מקורמי,מקורמיק,,פלפל לבן טחון מקורמיק 28 גרם,Unknown,0.00,Unknown,false,12,22.90,0.0000,true,1,22345
52100004266,false,עלי טימין מקורמיק 10,מקורמיק,,טימין מקורמיק,Unknown,0.00,Unknown,false,1,18.90,0.0000,true,1,17832
52100004389,false,קנמון טחון מקורמיק 6,מקורמיק,,קנמון טחון מקורמיק 67 גר,Unknown,0.00,Unknown,false,1,19.90,0.0000,true,1,19987
52100004426,false,מקלות קינמון מקורמיק,,,מקלות קינמון מקורמיק,Unknown,0.00,Unknown,false,1,27.90,0.0000,true,1,17839
52100004488,false,פפריקה  מקורמיק 60.1,,,פפריקה מקורמיק,Unknown,0.00,Unknown,false,1,22.90,0.0000,true,1,17837
52100005966,false,שבבי שום מקורמיק 85,,,שום שבבים מקורמיק,Unknown,0.00,Unknown,false,1,27.90,0.0000,true,1,17841
52100006260,false,אבקת שום מקורמיק 88.,,,אבקת שום מקורמיק,Unknown,0.00,Unknown,false,1,27.90,0.0000,true,1,17840
52100006468,false,אבקת בצל מקורמיק 56.,,,אבקת בצל מקורמיק 56.7 גר,Unknown,0.00,Unknown,false,1,18.90,0.0000,true,1,17853
52100006512,false,כמון טחון מקורמיק 42,מקורמיק,,כמון טחון מקורמיק 42.5 גר,Unknown,0.00,Unknown,false,1,22.90,0.0000,true,1,17855
52100006765,false,פלפל אדום מקורמיק 42,מקורמיק,,פלפל אדום מקורמיק 42.50 גר,Unknown,0.00,Unknown,false,1,18.90,0.0000,true,1,17856
52100006987,false,עלי דפנה מקורמיק 3.4,מקורמיק,,עלי דפנה מקורמיק 3.4 גר,Unknown,0.00,Unknown,false,1,18.90,0.0000,true,1,17858
52100029924,false,פלפל שחור טחון מקורמ,מקורמיק,,פלפל שחור טחון מקורמיק 42 גרם,Unknown,0.00,Unknown,false,12,22.90,0.0000,true,1,22330
52100030043,false,פלפל שחור טחון גס מק,מקורמיק,,פלפל שחור טחון מקורמיק,Unknown,0.00,Unknown,false,1,19.90,0.0000,true,1,17836
52100030234,false,פלפל שחור שלם מקורמי,מקורמיק,,פלפל שחור שלם מקורמיק 53 גר,Unknown,0.00,Unknown,false,1,27.90,0.0000,true,1,17861
52100034898,false,תמצית ליים טהורה מקו,מקורמיק,,תמצית ליים טהורה מקורמיק 29 מל,Unknown,0.00,Unknown,false,1,16.90,0.0000,true,1,22342
52100036670,false,מלח הימליה ורוד מקור,מקורמיק,,מלח הימליה ורוד מקורמיק מטחנה 70 גר,Unknown,0.00,Unknown,false,1,18.90,0.0000,true,1,19986
52100040806,false,תערובת מקורמיק שום ב,מקורמיק,,תערובת מקורמיק שום בצל פלפל מלח ים120,גרמים,120.00,100 גרם,false,1,24.90,20.7500,true,1,19983
52100041155,false,תערובת מקורמיק מלח ה,מקורמיק,,תערובת מקורמיק מלח הימליה פלפל ושום184ג,גרמים,184.00,100 גרם,false,1,24.90,13.5326,true,1,19982
52100070643,false,תמצית שקדים מקורמיק,מקורמיק,,תמצית שקדים מקורמיק 29 מל,Unknown,0.00,Unknown,false,1,10.90,0.0000,true,1,17828
52100070667,false,תמצית אניס טהורה מקו,מקורמיק,,תמצית אניס טהורה מקורמיק 29 מל,Unknown,0.00,Unknown,false,1,16.90,0.0000,true,1,22340
52100070735,false,תמצית קוקוס מקורמיק,מקורמיק,,תמצית קוקוס מקורמיק 29 מל,Unknown,0.00,Unknown,false,1,16.90,0.0000,true,1,22343
52100070766,false,תמצית מייפל מקורמיק,מקורמיק,,תמצית מייפל מקורמיק 29 מל,Unknown,0.00,Unknown,false,1,16.90,0.0000,true,1,29989
52100070780,false,תמצית תפוז טהורה מקו,מקורמיק,,תמצית תפוז טהורה מקורמיק 29 מל,Unknown,0.00,Unknown,false,1,16.90,0.0000,true,1,22341
52100070827,false,תמצית רום מקורמיק 29,מקורמיק,,תמצית רום 29 מל,Unknown,0.00,Unknown,false,1,11.90,0.0000,true,1,6117
52100070865,false,תמצית וניל טהור מקור,מקורמיק,,תמצית וניל טהור 29 מל,Unknown,0.00,Unknown,false,18,29.90,0.0000,true,1,2245
52100070995,false,תמצית וניל מקורמיק 2,מקורמיק,,תמצית וניל מקורמיק 29 מל,Unknown,0.00,Unknown,false,1,10.90,0.0000,true,1,17829
52100071121,false,עלי בזיליקום מקורמיק,,,עלי בזיליקום מקורמיק,Unknown,0.00,Unknown,false,12,27.90,0.0000,true,1,17838
52100071138,false,אורגנו עלים מקורמיק,מקורמיק,,תבלין אורגנו ליוס 38 ג במיכל,Unknown,0.00,Unknown,false,1,19.90,0.0000,true,1,2244
52100136387,false,פלפל שום מקורמיק 34.,מקורמיק,,תבלין פלפל שום 34 ג במטחנה,Unknown,0.00,Unknown,false,1,19.90,0.0000,true,1,7139
52100142593,false,תבלין המבורגר מקורמי,,,תבלין גריל להמבורגר 77 ג במיכל,Unknown,0.00,Unknown,false,1,19.90,0.0000,true,1,3493
52100634586,false,מלח ים ושום מקורמיק,מקורמיק,,תבלין מלח שום 44 גר במטחנה,Unknown,0.00,Unknown,false,1,19.90,0.0000,true,1,7140
52100746029,false,מלח ים מקורמיק 60 ג,מקורמיק,,מלח מקורמיק 60 ג במטחנה,Unknown,0.00,Unknown,false,1,18.90,0.0000,true,1,4943
52100746043,false,תערובת פלפלים מקורמי,מקורמיק,,תבלין תערובת פלפלים 24 גר במטחנה,Unknown,0.00,Unknown,false,1,18.90,0.0000,true,1,7141
54881000031,false,חליטת ורד ודובדבן אח,,AE,חליטת ורד ודובדבן אחמד תי 20 שקיקים,יחידה,20.00,יחידה,false,6,9.90,0.4950,true,1,44965
54881000048,false,חליטת פרי הדר אחמד ת,,AE,חליטת פרי הדר אחמד תי 20 שקיקים,יחידה,20.00,יחידה,false,6,9.90,0.4950,true,1,44968
54881000062,false,חליטת לימונית קמומיל,,AE,חליטת לימונית קמומיל אחמד תי 20 שקיקים,יחידה,20.00,יחידה,false,6,9.90,0.4950,true,1,44963
54881000109,false,חליטת ענבי שועל אחמד,,AE,חליטת ענבי שועל אחמד תי 20 שקיקים,יחידה,20.00,יחידה,false,6,9.90,0.4950,true,1,44967
54881000208,false,חליטת לימון וגינגר א,,AE,חליטת לימון וגינגר אחמד תי 20 שקיקים,יחידה,20.00,יחידה,false,6,9.90,0.4950,true,1,44964
54881003971,false,תה ירוק בטעמים אחמד,,AE,תה ירוק בטעמים אחמד תי 20 שקיקים,יחידה,20.00,יחידה,false,6,9.90,0.4950,true,1,44959
54881004787,false,תה ירוק אחמד תי 100,,AE,תה ירוק אחמד תי 100 שקיקים,יחידה,100.00,יחידה,false,12,16.90,0.1690,true,1,44956
54881005654,false,תה ירוק יסמין אחמד ת,,AE,תה ירוק יסמין אחמד תי 20 שקיקים,יחידה,20.00,יחידה,false,6,9.90,0.4950,true,1,44958
54881006996,false,חליטת אפרסק פסיפלורה,,AE,חליטת אפרסק פסיפלורה אחמד תי 20 שקיקים,יחידה,20.00,יחידה,false,6,9.90,0.4950,true,1,44966
54881007511,false,תה ירוק טעם מנטה אחמ,,AE,תה ירוק טעם מנטה אחמד תי 20 שקיקים,יחידה,20.00,יחידה,false,6,9.90,0.4950,true,1,44960
54881007535,false,תה ירוק טעם לימון אח,,AE,תה ירוק טעם לימון אחמד תי 20 שקיקים,יחידה,20.00,יחידה,false,6,9.90,0.4950,true,1,44961
54881008167,false,תה אינגליש ברקפסט אח,,AE,תה אינגליש ברקפסט אחמד תי 100 שקיקים,יחידה,100.00,יחידה,false,12,16.90,0.1690,true,1,44955
54881008174,false,תה ארל גריי אחמד תי,,AE,תה ארל גריי אחמד תי 100 שקיקים,יחידה,100.00,יחידה,false,12,16.90,0.1690,true,1,40613
54881008181,false,תה אינגליש אחמד תי 1,,AE,תה אינגליש אחמד תי 100 שקיקים,יחידה,100.00,יחידה,false,12,16.90,0.1690,true,1,44954
54881008945,false,תה ירוק אחמד תי 20 ש,,AE,תה ירוק אחמד תי 20 שקיקים,יחידה,20.00,יחידה,false,6,9.90,0.4950,true,1,44957
54881012423,false,תה ירוק טעם פטל רימו,,AE,תה ירוק טעם פטל רימון אחמד תי 20 שקיקים,יחידה,20.00,יחידה,false,6,9.90,0.4950,true,1,44962
54881016001,false,חליטת4 סוגי פרי וצמח,,AE,חליטת4 סוגי פרי וצמחים אחמד תי 20 שקיקים,יחידה,20.00,יחידה,false,6,9.90,0.4950,true,1,44969
55369901284,false,מארז 4יח רסק תפוע מנ,ליהי אורצרד אינק,,מארז 4יח רסק תפוע מנגו אפרסק ל.ס452גר,גרמים,452.00,100 גרם,false,1,14.90,3.2965,true,1,10840
55369901673,false,מארז 4יח רסק תפוע אפ,לייהי אורצ'רדס,,מארז 4יח רסק תפוע אפרסק ל.ס 452 גר,גרמים,452.00,100 גרם,false,1,14.90,3.2965,true,1,7453
55369901703,false,מארז 4יח רסק תפוע תו,לייהי אורצ'רדס,,מארז 4יח רסק תפוע תות שדה ל.ס452 גר,גרמים,452.00,100 גרם,false,1,14.90,3.2965,true,1,7452
55369902342,false,רסק תפוח עץ ביתי 709,לייהי אורצ'רדס,,רסק תפוח עץ ביתי 709 גר צנצנת,גרמים,709.00,100 גרם,false,1,16.00,2.2567,true,1,3861
55369902557,false,מארז 4יח רסק תפוע בי,לייהי אורצ'רדס,,מארז 4יח רסק תפוע ביתי 452 ג,גרמים,452.00,100 גרם,false,1,14.90,3.2965,true,1,5256
55369902564,false,מארז 4 יח רסק תפוע ל,לייהי אורצ'רדס,,מארז 4 יח רסק תפוע ל.ס.452 גר,גרמים,452.00,100 גרם,false,1,14.90,3.2965,true,1,5255
55369903295,false,רסק תפוע ללא סוכר652,לייהי אורצ'רדס,,רסק תפוע ללא סוכר652 גר צנצנת,גרמים,709.00,100 גרם,false,1,16.00,2.2567,true,1,12167
55500012046,false,כלורקס קלין אפ מרסס,,,כלורקס קלין אפ מרסס 946 מל,מיליליטרים,946.00,"100 מ""ל",false,1,19.90,2.1036,true,1,2220
57000009403,false,רוטב לסטייק היינץ 40,היינץ,,רוטב לסטייק היינץ 425 מל,מיליליטרים,425.00,"100 מ""ל",false,1,17.90,4.2118,true,1,5337
58449450009,false,דייסת אינסטנט מיקס 4,,,דייסת אינסטנט מיקס 400 גר,גרמים,400.00,100 גרם,false,1,24.90,6.2250,true,1,15711
58449620013,false,פיצפוצי אורז מלא אור,,,פיצפוצי אורז מלא אורגני ללס 170 גר,גרמים,170.00,100 גרם,false,12,14.90,8.7647,true,1,25260
58449771036,false,דגני בוקר סמארט בראן,,,דגני בוקר סמארט בראן 300 גר,גרמים,300.00,100 גרם,false,1,28.90,9.6333,true,1,15707
58449771531,false,דגני בוקר סאן רייס ק,,,דגני סאן רייס קראנצי מייפל 300 גר,גרמים,300.00,100 גרם,false,1,28.90,9.6333,true,1,15709
58449779032,false,ד.בוקר טבעות תירס וא,נאטשר פאת פוד,,ד.בוקר טבעות תירס ואורז אורגני 325 גר,גרמים,325.00,100 גרם,false,1,24.90,7.6615,true,1,8593
58449860013,false,דגני בוקר אמאזון אור,נאטשר פאת פוד,,דגני בוקר אמאזון אורגני 400 גר,גרמים,400.00,100 גרם,false,12,24.90,6.2250,true,1,5116
58449860020,false,דגני בוקר גורילה מאנ,נאטשר פאת פוד,,דגני בוקר גורילה מאנצ אורגני 284 גר,גרמים,284.00,100 גרם,false,1,24.90,8.7676,true,1,5109
58449860037,false,דגני בוקר קוואלה קרי,נאטשר פאת פוד,,דגני בוקר קוואלה קריספ ורגני 325 גר,גרמים,325.00,100 גרם,false,1,24.90,7.6615,true,1,5110
58449860075,false,דגני בוקר לאמור 284,נאטשר פאת פוד,,דגני בוקר לאמור 284 גר,גרמים,284.00,100 גרם,false,1,24.90,8.7676,true,1,15706
58449870241,false,דגני בוקר כדורי תחרס,נאטשר פאת פוד,,דגני בוקר כדורי תחרס אורגני 400 גר,גרמים,400.00,100 גרם,false,12,24.90,6.2250,true,1,25262
62558003209,false,סירופ מייפל אמיתי בכ,ברנרד סיינט,,סירופ מייפל אמיתי בכד 946 מל,מיליליטרים,946.00,"100 מ""ל",false,1,79.90,8.4461,true,1,15055
62558202381,false,סירופ מייפל אורגני ב,ברנרד סיינט,,סירופ מייפל אורגני בי טהור 236 מל,מיליליטרים,236.00,"100 מ""ל",false,1,29.90,12.6695,true,1,12630
63435703274,false,נייר טואלט רויאל אול,מגסטה,,נייר טואלט רויאל אולטרא 3שכבות 8גל 165דף,יחידה,8.00,יחידה,false,1,34.90,4.3625,true,1,21988
63435711033,false,ממחטות אף רויאל טישו,מגסטה,,ממחטות אף רויאל טישו אולטרא 3 שכבות 88יח,יחידה,88.00,יחידה,false,1,9.90,0.1125,true,1,12871
63435711514,false,ממחטות אף רויאל טישו,מגסטה,,ממחטות אף רויאל טישו 2 שכבות 126יח,יחידה,126.00,יחידה,false,1,9.90,0.0786,true,1,38130
63435730034,false,מפיות נייר 3 שכבות ר,ארוינג טישו,,מפיות נייר 3 שכבות רויאל 40יח,יחידה,40.00,יחידה,false,1,14.90,0.3725,true,1,12095
64144090013,false,תרסיס שמן פאם חמאה 1,קונגרה פודס,,תרסיס שמן פאם חמאה 141 ג,גרמים,141.00,100 גרם,false,1,18.90,13.4043,true,1,8120
64144090020,false,תרסיס שמן פאם זית 14,קונגרה פודס,,תרסיס שמן פאם זית 141 ג,גרמים,141.00,100 גרם,false,1,18.90,13.4043,true,1,8119
64144090051,false,תרסיס שמן פאם קנולה,קונגרה פודס,,תרסיס שמן פאם קנולה 170 ג,מיליליטרים,148.00,"100 מ""ל",false,1,18.90,12.7703,true,1,11077
65627019712,false,ביסקוויט ספקולס דה ר,דה רוטר בי.וי,NL,ביסקוויט ספקולס דה רוטר 250 גר,גרמים,250.00,100 גרם,false,16,8.90,3.5600,true,1,23687
69145102000,false,עוגיות קנטוציני שקדי,,,עוגיות קנטוציני שקדים 200 גרם,גרמים,200.00,100 גרם,false,1,14.90,7.4500,true,1,11871
69145102048,false,עוגיות קנטוציני לוז,,,עוגיות קנטוציני לוז שוקולד 180גרם,גרמים,180.00,100 גרם,false,1,17.90,9.9444,true,1,11872
69145102062,false,עוגיות קנטוציני פירו,,,עוגיות קנטוציני פירות ש.שועל 180גרם,גרמים,180.00,100 גרם,false,1,14.90,8.2778,true,1,11873
69276981024,false,פאפדם פטקס פיתה הודי,,GB,פאפדם פטקס פיתה הודית 100 גרם,גרמים,100.00,100 גרם,false,12,14.90,14.9000,true,1,40447
70177077563,false,תה ארל גריי טווינינג,טוינינג,,תה ארל גריי טווינינגס 25 שקיקים,יחידה,25.00,יחידה,false,1,17.90,0.7160,true,1,11209
70177077693,false,תה ברקפסט טווינינגס,טוינינג,,תה ברקפסט טווינינגס 25 שקיקים,יחידה,25.00,יחידה,false,1,17.90,0.7160,true,1,11210
70177078744,false,תה אינגלש ברקפסט טוו,טוינינג,,תה אינגלש ברקפסט נטול טווינינגס25 שקיקים,יחידה,25.00,יחידה,false,1,19.90,0.7960,true,1,12665
70177078775,false,תה ליידי גריי טוויני,טוינינג,,תה ליידי גריי טווינינגס 25 שקיקים,יחידה,25.00,יחידה,false,1,17.90,0.7160,true,1,11208
70177078904,false,תה אינגליש ברקפסט טו,טוינינג,,תה אינגליש ברקפסט טווינינגס 50 שקיקים,יחידה,50.00,יחידה,false,1,27.90,0.5580,true,1,12528
70177078966,false,תה ארל גריי טווינינג,טוינינג,,תה ארל גריי טווינינגס 50 שקיקים,יחידה,50.00,יחידה,false,1,27.90,0.5580,true,1,12527
70177084738,false,תה טווינינגס שחור פי,טוינינג,,תה טווינינגס שחור פירות אדומים 25 שקיקים,יחידה,25.00,יחידה,false,1,17.90,0.7160,true,1,33288
70177084769,false,תה טווינינגס שחור ונ,טוינינג,,תה טווינינגס שחור ונילה 25 שקיקים,יחידה,25.00,יחידה,false,1,17.90,0.7160,true,1,33286
70177086664,false,תה ירוק טהור טווינינ,טוינינג,,תה ירוק טהור טווינינגס 25 שקיקים,יחידה,25.00,יחידה,false,1,19.90,0.7960,true,1,6237
70177120948,false,תה טווינינגס שחור תפ,טוינינג,,תה טווינינגס שחור תפוח קינמון 25 שקיקים,יחידה,25.00,יחידה,false,1,17.90,0.7160,true,1,33287
70177173159,false,תה ירוק לימון טוויני,טוינינג,,תה ירוק לימון טווינינגס 25 שקיקים,יחידה,25.00,יחידה,false,1,19.90,0.7960,true,1,12919
70177173166,false,תה ירוק יסמין טוויני,טוינינג,,תה ירוק יסמין טווינינגס 25 שקיקים,יחידה,25.00,יחידה,false,1,19.90,0.7960,true,1,12922
70177173203,false,תה ירוק מנטה טווינינ,טוינינג,,תה ירוק מנטה טווינינגס 25 שקיקים,יחידה,25.00,יחידה,false,1,19.90,0.7960,true,1,12921
70177173746,false,תה ירוק דבש ו למון ט,טוינינג,,תה ירוק לימון ודבש טווינינגס 25 שקיקים,יחידה,25.00,יחידה,false,1,19.90,0.7960,true,1,12918
70177175221,false,תה ירוק גינגר טוויני,טוינינג,,תה ירוק גינגר טווינינגס 25 שקיקים,יחידה,25.00,יחידה,false,1,19.90,0.7960,true,1,17879
70177176914,false,תה ארל גריי טווינינג,טוינינג,,תה ארל גריי טווינינגס נטול קפאין 25יח,יחידה,25.00,יחידה,false,1,19.90,0.7960,true,1,19626
70177177645,false,חליטת למון הביסקוס ט,טוינינג,,חליטת למון הביסקוס טווינינגס 25 שקיקים,יחידה,20.00,יחידה,false,1,16.90,0.8450,true,1,17882
70177177652,false,חליטת גינגר ליים טוו,טוינינג,,חליטת גינגר ליים טווינינגס 25 שקיקים,יחידה,20.00,יחידה,false,1,16.90,0.8450,true,1,17883
70177177669,false,חליטת לימון גינגר טו,טוינינג,,חליטת לימון גינגר טווינינגס 25 שקיקים,יחידה,20.00,יחידה,false,1,16.90,0.8450,true,1,17884
70177177683,false,חליטת קמומיל דבש טוו,טוינינג,,חליטת קמומיל דבש טווינינגס 25 שקיקים,יחידה,20.00,יחידה,false,1,16.90,0.8450,true,1,17886
70177177737,false,חליטת קמומיל טווינינ,טוינינג,,חליטת קמומיל טווינינגס 25 שקיקים,יחידה,20.00,יחידה,false,1,16.90,0.8450,true,1,17889
70177177744,false,חליטת מנטה טווינינגס,טוינינג,,חליטת מנטה טווינינגס 25 שקיקים,יחידה,20.00,יחידה,false,1,16.90,0.8450,true,1,17890
70177273330,false,חליטת ורבנה טווינינג,טוינינג,,חליטת ורבנה טווינינגס 25 שקיקים,יחידה,25.00,יחידה,false,1,16.90,0.6760,true,1,30047
70221011116,false,שוקולד טובלרון חלב 1,מונדליז,,שוקולד טובלרון חלב 100 ג,גרמים,100.00,100 גרם,false,1,6.90,6.9000,true,1,29495
70450020873,false,שזיפים ללא חרצנים סן,סנסוויט גרוורס קליפו,,שזיפים ללא חרצנים סן סוויט 500 גר,גרמים,500.00,100 גרם,false,1,24.90,4.9800,true,1,4737
70577000383,false,כוסמת שלמה מקולפת 36,בירקט מילס,,כוסמת שלמה מקולפת 369 גרם,גרמים,369.00,100 גרם,false,1,23.50,6.3686,true,1,1510
70672000516,false,מחית דלעת פסטאל 425,סנקה פוד,,מחית דלעת פסטאל 425 ג,גרמים,425.00,100 גרם,false,1,15.90,3.7412,true,1,6356
70970471254,false,סוכריות מייק אנד איי,גאסט בורן,,סוכריות מייק אנד אייק פירות טרופי141 גר,גרמים,102.00,100 גרם,false,1,9.90,9.7059,true,1,9000
70970471261,false,סוכריות מייק אנד איי,גאסט בורן,,סוכריות מייק אנד אייק פירות141 גר,גרמים,102.00,100 גרם,false,1,9.90,9.7059,true,1,9001
70970471278,false,סוכריות מייק  אייק פ,גאסט בורן,,סוכריות מייק  אייק פירות יער 140 גר,גרמים,140.00,100 גרם,false,1,9.90,7.0714,true,1,12273
70970473562,false,סוכריות מייק אנד איי,גאסט בורן,,סוכריות מייק אנד אייק גלי מגה מיקס141ג,גרמים,141.00,100 גרם,false,1,9.90,7.0213,true,1,17379
71537001136,false,משקה רוט ביר 355מל פ,,US,משקה רוט ביר 355מל פח.פקדון,מיליליטרים,355.00,"100 מ""ל",false,24,7.90,2.2254,true,1,32135
71537001280,false,משקה דובדבן שחור 355,,US,משקה דובדבן שחור 355מל פח.פקדון,מיליליטרים,355.00,"100 מ""ל",false,12,7.90,2.2254,true,1,32131
71537030068,false,משקה קרים סודה 355מל,,US,משקה קרים סודה 355מל בק. פקדון,מיליליטרים,355.00,"100 מ""ל",false,24,12.90,3.6338,true,1,32132
71537030136,false,משקה רוט ביר 355מל ב,,US,משקה רוט ביר 355מל בק.פקדון,מיליליטרים,355.00,"100 מ""ל",false,24,12.90,3.6338,true,1,32136
71567994767,false,סוכריות גלי בלי פלופ,ג'לי בלי קנדי,,סוכריות גלי בלי פלופס 120 גרם,גרמים,120.00,100 גרם,false,1,12.90,10.7500,true,1,19242
71570001667,false,סוכריות גלי בלי מעור,ג'לי בלי קנדי,,סוכריות גלי בלי מעורב 70 גרם,Unknown,0.00,Unknown,false,1,11.90,0.0000,true,1,19239
71570001841,false,סוכריות גלי בלי חמוץ,ג'לי בלי קנדי,,סוכריות גלי בלי חמוץ  70 גר,Unknown,0.00,Unknown,false,1,11.90,0.0000,true,1,16679
71570001858,false,סוכריות גלי בלי מיקס,ג'לי בלי קנדי,,סוכריות גלי בלי מיקס פירות 70 גרם,Unknown,0.00,Unknown,false,1,11.90,0.0000,true,1,19241
72392636914,false,שלוקים פריז פופ סקיט,,US,שלוקים פריז פופ סקיטלס 283.50 גרם,גרמים,284.00,100 גרם,false,6,19.90,7.0070,true,1,44279
72392659913,false,שלוקים פריז פופ חמוץ,,US,שלוקים פריז פופ חמוץ מאוד 283.50 גרם,גרמים,284.00,100 גרם,false,6,19.90,7.0070,true,1,44280
72600005846,false,חטיף טורטייה דיפר תי,הר פודס,,חטיף טורטייה דיפר תירס לבן 383 גר,גרמים,383.00,100 גרם,false,1,28.90,7.5457,true,1,10656
72600007130,false,חטיף הר ציפס חלפיניו,הר פודס,,חטיף הר ציפס חלפיניו חריף 170 גר,גרמים,145.00,100 גרם,false,1,22.90,15.7931,true,1,15887
72600009257,false,חטיף טורטייה ציפס תי,הר פודס,,חטיף טורטייה ציפס תירס לבן 255 גר,גרמים,255.00,100 גרם,false,1,24.90,9.7647,true,1,10657
72600062290,false,חטיף הר במבה גבינה ח,הר פודס,,חטיף הר במבה גבינה חריף 198,גרמים,198.00,100 גרם,false,1,24.90,12.5758,true,1,13593
72600062306,false,חטיף גבינה הר ציפס כ,הר פודס,,חטיף גבינה הר ציפס כתום 198 גר,גרמים,198.00,100 גרם,false,1,24.90,12.5758,true,1,10152
72600062313,false,חטיף הר במבה גבינה ב,הר פודס,,חטיף הר במבה גבינה באפלו כחולה 198,גרמים,198.00,100 גרם,false,1,24.90,12.5758,true,1,13592
72600062320,false,חטיף גבינה הר ציפס פ,הר פודס,,חטיף גבינה הר ציפס פיצה 198 גר,גרמים,198.00,100 גרם,false,1,24.90,12.5758,true,1,13397
73575273346,false,חומץ אורז טבעי מיצקו,מיזקאן,,חומץ אורז טבעי מיצקואן 355 מל ל.ג,מיליליטרים,355.00,"100 מ""ל",false,1,22.50,6.3380,true,1,10927
73970102043,false,משקה דובדבן שחור דר,פפסי קולה,,משקה דובדבן שחור דר בראונס 355 מל פקדון,מיליליטרים,355.00,"100 מ""ל",false,1,10.50,2.9577,true,1,2969
73970102067,false,משקה מוגז רוט ביר 35,פפסי קולה,,משקה מוגז רוט ביר 355מל דר בראון,מיליליטרים,355.00,"100 מ""ל",false,1,10.50,2.9577,true,1,2968
73970102074,false,משקה קרים סודה דר בר,פפסי קולה,,משקה קרים סודה דר בראונס 355 מל פקדון,מיליליטרים,355.00,"100 מ""ל",false,1,10.50,2.9577,true,1,2967
74261021333,false,רוטב סויה מיושן תמרי,מנדרין סוי סוס,,רוטב סויה מיושן תמרי 1 לי,ליטרים,1.00,ליטר,false,1,37.90,37.9000,true,1,7077
74261110334,false,רוטב סויה תמרי 1 ל,מנדרין סוי סוס,,רוטב סויה תמרי 1 ל,ליטרים,1.00,ליטר,false,1,35.90,35.9000,true,1,3392
74261130103,false,רוטב טריאקי תמרי כתו,מנדרין סוי סוס,,רוטב טריאקי תמרי כתום 296 גר,גרמים,296.00,100 גרם,false,1,18.90,6.3851,true,1,1531
74261130165,false,רוטב טריאקי תמרי  כת,מנדרין סוי סוס,,רוטב טריאקי תמרי  כתום 500 מל,מיליליטרים,500.00,"100 מ""ל",false,1,28.90,5.7800,true,1,7078
74261140201,false,רוטב סויה תמרי 500 מ,מנדרין סוי סוס,,רוטב סויה תמרי 500 מל פלסטי,מיליליטרים,500.00,"100 מ""ל",false,1,23.50,4.7000,true,1,1768
74261150101,false,רוטב סויה תמרי 296 מ,מנדרין סוי סוס,,רוטב סויה תמרי 296 מל זכוכית,מיליליטרים,296.00,"100 מ""ל",false,1,16.90,5.7095,true,1,3393
74261150163,false,רוטב סויה תמרי דל נת,מנדרין סוי סוס,,רוטב סויה תמרי דל נתרן 500 מל,מיליליטרים,500.00,"100 מ""ל",false,1,27.90,5.5800,true,1,33147
74261155106,false,רוטב וורצסטר טבעוני,,,רוטב וורצסטר טבעוני 296 מל,מיליליטרים,296.00,"100 מ""ל",false,1,21.90,7.3986,true,1,28332
74261201339,false,רוטב סויה תמרי דל נת,מנדרין סוי סוס,,רוטב סויה תמרי דל נתרן 1 לי,ליטרים,1.00,ליטר,false,1,37.90,37.9000,true,1,4089
74261202008,false,רוטב סויה תמרי דל נת,מנדרין סוי סוס,,רוטב סויה תמרי דל נתרן 296 מל,מיליליטרים,296.00,"100 מ""ל",false,1,18.90,6.3851,true,1,19248
74305000164,false,רוטב סויה על בסיס חל,,,רוטב סויה על בסיס חלבון 473 מל בראג,מיליליטרים,473.00,"100 מ""ל",false,1,34.90,7.3784,true,1,21226
74305001161,false,חומץ תפוחים אורגני 4,,,חומץ תפוחים אורגני 473 מל,לא מנהל יחידת מידה,473.00,לא מנהל יחידת מידה,false,1,24.90,0.0526,true,1,21225
74570004003,false,גלידה האגן דאז פיינט,האגן דאז,,גלידה האגן דאז פיינט וניל,גרמים,417.00,100 גרם,false,1,22.90,5.4916,true,1,3526
74570024001,false,גלידה האגן דאז פיינט,האגן דאז,,גלידה האגן דאז פיינט תות שדה,גרמים,417.00,100 גרם,false,1,22.90,5.4916,true,1,3527
74570274000,false,גלידה האגן דאז פיינט,האגן דאז,,גלידה האגן דאז פיינט קרם עוגיות,מיליליטרים,473.00,"100 מ""ל",false,1,22.90,4.8414,true,1,3530
74570610051,false,גלידה האגן דאז פיינט,האגן דאז,,גלידה האגן דאז פיינט שוקולד בלגי,גרמים,417.00,100 גרם,false,1,22.90,5.4916,true,1,3528
74570703890,false,גלידה האגן דאז פיינט,האגן דאז,,גלידה האגן דאז פיינט פרלינים,מיליליטרים,473.00,"100 מ""ל",false,1,22.90,4.8414,true,1,3531
74570950010,false,גלידה האגן דאז פיינט,האגן דאז,,גלידה האגן דאז פיינט גבינה ותות,מיליליטרים,473.00,"100 מ""ל",false,1,22.90,4.8414,true,1,3533
74680008519,false,מיונז לחיץ ווברס באפ,ווברס,,מיונז לחיץ ווברס באפלו311 גר,גרמים,311.00,100 גרם,false,1,23.90,7.6849,true,1,9349
74680008526,false,מיונז לחיץ ווברס שום,ווברס,,מיונז לחיץ ווברס שום קלוי 311 גר,גרמים,311.00,100 גרם,false,1,23.90,7.6849,true,1,9348
74680008557,false,מיונז לחיץ ווברס ציפ,ווברס,,מיונז לחיץ ווברס ציפוטלה 311 גר,גרמים,311.00,100 גרם,false,1,23.90,7.6849,true,1,9350
74680008571,false,מיונז לחיץ ווברס סרי,ווברס,,מיונז לחיץ ווברס סרירצה 311 גר,גרמים,311.00,100 גרם,false,1,23.90,7.6849,true,1,14703
74680008816,false,חרדל וובר בטעם בירה,ווברס,US,חרדל וובר בטעם בירה 284 גרם,גרמים,284.00,100 גרם,false,6,19.90,7.0070,true,1,39621
74680008847,false,חרדל וובר עם רוטב סר,ווברס,US,חרדל וובר עם רוטב סרירצה 284 גרם,גרמים,284.00,100 גרם,false,6,19.90,7.0070,true,1,39622
74880020403,false,שצימי טוגראשי 15 גרם,JFC JAPAN INC.,,תבלין טוגראשי 15 גרם,גרמים,15.00,100 גרם,false,1,18.50,123.3333,true,1,2129
75039007979,false,רוטב פסטה מריה בזילי,ג'יאובני פוד,US,רוטב פסטה מריה בזיליקום 680 גרם,גרמים,680.00,100 גרם,false,12,17.90,2.6324,true,1,18566
75039007993,false,רוטב פסטה מריה פטריו,ג'יאובני פוד,US,רוטב פסטה מריה פטריות 680 גרם,גרמים,680.00,100 גרם,false,12,17.90,2.6324,true,1,18563
75039008013,false,רוטב פסטה מריה 680 ג,ג'יאובני פוד,US,רוטב פסטה מריה 680 גרם,גרמים,680.00,100 גרם,false,12,17.90,2.6324,true,1,18565
75810021354,false,רוטב סויה תמרי סאן ג,סאן-ג'י,,רוטב סויה תמרי סאן גיי ללא גלוטן592מל,מיליליטרים,592.00,"100 מ""ל",false,1,38.90,6.5709,true,1,8586
76840001767,false,גל. בן אנד גריס חמאת,מוצרי איכות אמריקאיי,,גל. בן אנד גריס חמאת בוטנים,מיליליטרים,473.00,"100 מ""ל",false,1,19.90,4.2072,true,1,23950
76840001774,false,גל. בן אנד גריס בצק,מוצרי איכות אמריקאיי,,גל. בן אנד גריס בצק עוגיות שוקו ציפס,מיליליטרים,473.00,"100 מ""ל",false,1,19.90,4.2072,true,1,23949
76840002351,false,גלידה בן אנד גריס גי,,,גלידה בן אנד גריס גימי סמור 473מל,מיליליטרים,473.00,"100 מ""ל",false,1,19.90,4.2072,true,1,30828
76840002535,false,חטיף בצק עוגיות חצי,,,חטיף בצק עוגיות חצי אפוי 180גר בן אנד גר,גרמים,180.00,100 גרם,false,8,22.90,12.7222,true,1,33291
76840002566,false,גל.בן אנד גריס ל.חלב,מוצרי איכות אמריקאיי,,גל.בן אנד גריס ל.חלב נטפילקס צילד 473מל,מיליליטרים,473.00,"100 מ""ל",false,1,29.90,6.3214,true,1,24976
76840100156,false,גל. בן אנד גריס דובד,מוצרי איכות אמריקאיי,,גל. בן אנד גריס דובדבנים פאדג 473 מל,Unknown,0.00,Unknown,false,1,19.90,0.0000,true,1,29301
76840100583,false,גל.וניל עוגיות בן אנ,מוצרי איכות אמריקאיי,,גל.וניל עוגיות בן אנד גריס 473 מל פיינט,מיליליטרים,473.00,"100 מ""ל",false,1,19.90,4.2072,true,1,6713
76840100811,false,גל.באטר קאפ בן אנד ג,מוצרי איכות אמריקאיי,,גל.באטר קאפ בן אנד גריס 473מל פיינט,מיליליטרים,473.00,"100 מ""ל",false,1,19.90,4.2072,true,1,8787
76840101542,false,גלידה בן אנד גריס קר,בן & ג'ריס,,גלידה בן אנד גריס קרמל 473 מל,גרמים,473.00,100 גרם,false,1,19.90,4.2072,true,1,8206
76840102051,false,גלידה בן אנד גריס קי,מוצרי איכות אמריקאיי,,גלידה בן אנד גריס קינמון באנס 500מל,מיליליטרים,500.00,"100 מ""ל",false,1,19.90,3.9800,true,1,5854
76840400218,false,גל.תות שדה  בן אנד ג,מוצרי איכות אמריקאיי,,גל.תות שדה  בן אנד גריס 473 מל פיינט,מיליליטרים,473.00,"100 מ""ל",false,1,19.90,4.2072,true,1,9744
76840620029,false,גלידה בן אנד גריס תו,מוצרי איכות אמריקאיי,,גלידה בן אנד גריס תות שדה,מיליליטרים,500.00,"100 מ""ל",false,1,19.90,3.9800,true,1,2823
76864120109,false,חרדל אמריקאי מתובל ג,אטדטש,US,חרדל אמריקאי מתובל גרגירים 340 גר,גרמים,340.00,100 גרם,false,1,14.90,4.3824,true,1,19291
77245110610,false,סוכ.מאסט מנטה ללא סו,,,סוכ.מאסט מנטה ללא סוכר 80 גר,גרמים,80.00,100 גרם,false,1,7.90,9.8750,true,1,2893
77428105402,false,בונבוניירה טוליפ 175,,NL,בונבוניירה טוליפ 175 ג דרוסטה,גרמים,175.00,100 גרם,false,6,24.90,14.2286,true,1,43718
77975010167,false,בייגלה סניידרס טוויס,,,בייגלה סניידרס טוויסט עם דבש 340 גרם,גרמים,340.00,100 גרם,false,1,16.90,4.9706,true,1,16154
77975034071,false,שברי בייגלה סניידרס,,,שברי בייגלה סניידרס ניברלס ביסוני255.2גר,גרמים,255.00,100 גרם,false,1,16.90,6.6275,true,1,12798
77975036976,false,סלסה סניידרס חריף עד,סניידרס,,סלסה סניידרס חריף עדין 439 גר,גרמים,439.00,100 גרם,false,1,16.90,3.8497,true,1,12797
77975036983,false,סלסה סניידרס חריף439,סניידרס,,סלסה סניידרס חריף439 גר,גרמים,439.00,100 גרם,false,1,16.90,3.8497,true,1,12796
77975091975,false,בייגלה סניידרס סנדוו,סניידרס,US,בייגלה סניידרס סנדוויף פיצה228.6 גרם,גרמים,229.00,100 גרם,false,12,16.90,7.3799,true,1,22198
77975093085,false,בייגלה סניידרס מצופה,,,בייגלה סניידרס מצופה שוקולד חלב 141 גרם,גרמים,141.00,100 גרם,false,1,16.90,11.9858,true,1,43336
77975093108,false,בייגלה סניידרס מצופה,,,בייגלה סניידרס מצופה שוקולד לבן 141 גרם,גרמים,141.00,100 גרם,false,1,16.90,11.9858,true,1,43337
77975094624,false,שברי בייגלה סניידרס,,,שברי בייגלה סניידרס במילוי ח.בוטנים280ג,גרמים,280.00,100 גרם,false,1,16.90,6.0357,true,1,27454
77975094631,false,בייגלה סניידס סנדווי,סניידרס,,בייגלה סניידס סנדוויץ קרם צדר226.8גר,גרמים,227.00,100 גרם,false,1,16.90,7.4449,true,1,28280
77975094761,false,שברי בייגלה סניידרס,,,שברי בייגלה סניידרס צדר 340 גרם,גרמים,340.00,100 גרם,false,1,16.90,4.9706,true,1,30675
77975094778,false,שברי בייגלה סיידרס ד,,,שברי בייגלה סיידרס דבש חרדל 340 גר,גרמים,340.00,100 גרם,false,1,16.90,4.9706,true,1,31483
77975095157,false,שברי בייגלה סניידרס,,,שברי בייגלה סניידרס חלפיניו 318 גרם,גרמים,318.00,100 גרם,false,1,16.90,5.3145,true,1,41443
78300098362,false,טמפונים פלייטקס רגול,פלייטקס מניפקטורינג,US,טמפונים פלייטקס רגולר/סופר סימפלי 18יח,יחידה,18.00,יחידה,false,12,26.90,1.4944,true,1,19150
78300098379,false,טמפונים פלייטקס רגול,פלייטקס מניפקטורינג,US,טמפונים פלייטקס רגולר גנטל גלייד 20יח,יחידה,20.00,יחידה,false,12,26.90,1.3450,true,1,19149
78300098386,false,טמפונים פלייטקס סופר,פלייטקס מניפקטורינג,US,טמפונים פלייטקס סופר סימפלי גנטל 18יח,יחידה,18.00,יחידה,false,12,26.90,1.4944,true,1,19151
78300098393,false,טמפונים פלייטקס סופר,פלייטקס מניפקטורינג,US,טמפונים פלייטקס סופר פלוס סימפלי גנטל 18,יחידה,18.00,יחידה,false,12,26.90,1.4944,true,1,19152
78895120318,false,רוטב למוקפץ סויה ושו,לי קום קי פודס,CN,רוטב למוקפץ סויה ושום 50 גרם לי קום ק,Unknown,0.00,Unknown,false,12,6.90,0.0000,true,1,40311
78895121896,false,רוטב למוקפץ עגבניות,לי קום קי פודס,CN,רוטב למוקפץ עגבניות ושום70 גרם לי קום ק,Unknown,0.00,Unknown,false,12,6.90,0.0000,true,1,40316
78895131178,false,רוטב למוקפץ דבש וסוי,לי קום קי פודס,CN,רוטב למוקפץ דבש וסויה 70 גרם לי קום ק,Unknown,0.00,Unknown,false,12,6.90,0.0000,true,1,40312
78895132908,false,רוטב סויה משובח לי ק,לי קום קי פודס,CN,רוטב סויה משובח לי קום קי 500 מל,מיליליטרים,500.00,"100 מ""ל",false,12,19.90,3.9800,true,1,27094
78895138603,false,רוטב למוקפץ חמוץ מתו,לי קום קי פודס,CN,רוטב למוקפץ חמוץ מתוק 60 גרם לי קום ק,Unknown,0.00,Unknown,false,12,6.90,0.0000,true,1,40315
78895148077,false,רוטב למוקפץ נודלס 50,לי קום קי פודס,CN,רוטב למוקפץ נודלס 50 גרם לי קום ק,Unknown,0.00,Unknown,false,12,6.90,0.0000,true,1,40314
78895148299,false,רוטב למוקפץ עוף קונג,לי קום קי פודס,CN,רוטב למוקפץ עוף קונג פאו 60 גרם לי קום ק,Unknown,0.00,Unknown,false,12,6.90,0.0000,true,1,40313
78895153453,false,רוטב סויה בהיר לי קו,לי קום קי פודס,CN,רוטב סויה בהיר לי קום קי 250 מל,מיליליטרים,250.00,"100 מ""ל",false,12,11.90,4.7600,true,1,27092
78895153460,false,רוטב סויה כהה לי קום,לי קום קי פודס,CN,רוטב סויה כהה לי קום קי 250 מל,מיליליטרים,250.00,"100 מ""ל",false,12,12.90,5.1600,true,1,27093
79200049034,false,סוכריות גלי נרדס בטע,,US,סוכריות גלי נרדס בטעם פירות 85 גרם,Unknown,0.00,Unknown,false,12,9.90,0.0000,true,1,44928
79200558338,false,סוכריות נרדס מיני טע,,US,סוכריות נרדס מיני טעם פירות 141 גרם,גרמים,141.00,100 גרם,false,12,9.90,7.0213,true,1,23844
79200616007,false,סוכריות נרדס מיני טע,,US,סוכריות נרדס מיני טעם ענבים 142 גרם,גרמים,142.00,100 גרם,false,12,9.90,6.9718,true,1,23843
79200773809,false,סוכריות גלי נרדס פיר,,US,סוכריות גלי נרדס פירות חמוץ מתוק120 גרם,גרמים,142.00,100 גרם,false,12,9.90,6.9718,true,1,44927
79927080112,false,בייגלה מקלות חלולים,יוניק פרצל בייקרי אי,US,בייגלה מקלות חלולים חיטה מלאה פרצ284 גרם,גרמים,284.00,100 גרם,false,12,19.90,7.0070,true,1,20508
79927081119,false,בייגלה מקלות חלולים,יוניק פרצל בייקרי אי,US,בייגלה מקלות חלולים חיטה מלאה פרצ284 גרם,גרמים,284.00,100 גרם,false,12,19.90,7.0070,true,1,20507
79927102111,false,בייגלה מקלות חלולים,יוניק פרצל בייקרי אי,US,בייגלה מקלות חלולים קלאסי פרצל 284 גרם,גרמים,284.00,100 גרם,false,12,16.90,5.9507,true,1,20506
80244009236,false,וויסקי ברבן באפלו טר,,,וויסקי ברבן באפלו טרייס 700 מל פקדון,מיליליטרים,700.00,"100 מ""ל",false,1,169.00,24.1429,true,1,9484
80432402931,false,וויסקי שיבאס ריגאל 7,,,וויסקי שיבאס ריגאל 700 מל פקדון,מיליליטרים,700.00,"100 מ""ל",false,1,125.00,17.8571,true,1,9398
80432402993,false,וויסקי גלן גראנט סינ,,,וויסקי גלן גראנט סינגל מאלט 700 מל,מיליליטרים,700.00,"100 מ""ל",false,1,99.90,14.2714,true,1,3657
80480005269,false,בקרדי קרטה נגרה שחור,,,בקרדי קרטה נגרה שחור 750 מל,מיליליטרים,750.00,"100 מ""ל",false,1,129.00,17.2000,true,1,16551
80518532859,false,שקית בלון רמה 4,,,שקית בלון רמה 4,Unknown,0.00,Unknown,false,1,19.90,0.0000,true,1,1573
80686034322,false,וויסקי גים בים שחור,,,וויסקי גים בים שחור טריפל כשר 700 מל,מיליליטרים,700.00,"100 מ""ל",false,1,119.90,17.1286,true,1,19591
82184088654,false,וויסקי גק דניאלס סינ,בראון פורמן,,וויסקי גק דניאלס סינגל בארל 700 מל,מיליליטרים,700.00,"100 מ""ל",false,6,229.00,32.7143,true,1,10277
82184090442,false,וויסקי גק דניאלס 1 ל,,,וויסקי גק דניאלס 1 ליטר,ליטרים,1.00,ליטר,false,1,150.00,150.0000,true,1,12653
84213017420,false,תערובת מיסלי אורגני,מסטמכר,,תערובת מיסלי אורגני אגוזים צימוקים 500ג,גרמים,500.00,100 גרם,false,1,19.90,3.9800,true,1,1602
84213017475,false,תערובת מיסלי אורגני,מסטמכר,,תערובת מיסלי אורגני עם פירות 500 ג,גרמים,500.00,100 גרם,false,1,19.90,3.9800,true,1,1603
84213017499,false,תערובת מיסלי אורגני,מסטמכר,,תערובת מיסלי אורגני פירות יער 500 ג,גרמים,500.00,100 גרם,false,1,19.90,3.9800,true,1,1604
84253240406,false,מרק ברוקולי אורגני 9,היין סלסטיאל גרופ,,מרק ברוקולי אורגני 946 מל בקרטונית,מיליליטרים,946.00,"100 מ""ל",false,1,32.90,3.4778,true,1,14821
84253240413,false,מרק דלעת אורגני 946,היין סלסטיאל גרופ,,מרק דלעת אורגני 946 מל בקרטון,מיליליטרים,946.00,"100 מ""ל",false,1,32.90,3.4778,true,1,5397
84253240451,false,מרק ציר עוף אורגני 9,,,מרק ציר עוף אורגני 946מל,מיליליטרים,946.00,"100 מ""ל",false,1,32.90,3.4778,true,1,5400
84253240475,false,מרק עגבניות אורגני 9,היין סלסטיאל גרופ,,מרק עגבניות אורגני 946 מל בקרטונית,מיליליטרים,946.00,"100 מ""ל",false,1,32.90,3.4778,true,1,5398
84279978727,false,יין גוורצטרמינר לבן,,DE,יין גוורצטרמינר לבן שטרלינג קאסל 750 מל,מיליליטרים,750.00,"100 מ""ל",false,6,45.00,6.0000,true,1,18009
84380422133,false,וודקה פראבדה 1 ליטר,jobert polska,,וודקה פראבדה 1 ליטר,ליטרים,1.00,ליטר,false,1,129.00,129.0000,true,1,10748
84909007087,false,גרגירי טפיוקה שופרא,אינטר פוד,,גרגירי טפיוקה שופרא 400 גר,גרמים,400.00,100 גרם,false,1,8.50,2.1250,true,1,9339
85696607207,false,טופו רך מוריגאנא ללא,Morinaga NUTRITIONAL,US,טופו רך מוריגאנא ללא גלוטן לייט 349 גר,גרמים,349.00,100 גרם,false,12,12.90,3.6963,true,1,18735
85696608037,false,טופו רך ללא גלוטן 34,Morinaga NUTRITIONAL,,טופו רך ללא גלוטן 349 גר,גרמים,349.00,100 גרם,false,1,11.90,3.4097,true,1,10714
85696608044,false,טופו ללא גלוטן 349 ג,Morinaga NUTRITIONAL,,טופו ללא גלוטן 349 גר,גרמים,349.00,100 גרם,false,1,11.90,3.4097,true,1,10713
86785192314,false,יין קוטה מאס קרמאן ד,צרפת פול מאס,,יין קוטה מאס קרמאן דה לימו 750 מל,מיליליטרים,750.00,"100 מ""ל",false,1,70.00,9.3333,true,1,10665
87000006928,false,קפטיין מורגן כהה 750,captain morgan,,קפטיין מורגן כהה 750 מל פקדון,מיליליטרים,75000.00,"100 מ""ל",false,1,89.00,0.1187,true,1,32847
87666052819,false,רוטב סריראצה סופר חר,EXOTIC FOOD PCL,,רוטב סריראצה סופר חריף 455 מל,מיליליטרים,455.00,"100 מ""ל",false,1,24.90,5.4725,true,1,17252
87666052888,false,רוטב סריראצה עם למון,EXOTIC FOOD PCL,,רוטב סריראצה עם למון גראס 455 מל,מיליליטרים,455.00,"100 מ""ל",false,1,24.90,5.4725,true,1,17254
87752002537,false,יין ברון הרצוג שנין,ברון הרצוג אל אג,US,יין ברון הרצוג שנין בלאן 750 מל,מיליליטרים,750.00,"100 מ""ל",false,12,60.00,8.0000,true,1,22763
87752002544,false,יין ברון הרצוג זינפנ,ברון הרצוג אל אג,US,יין ברון הרצוג זינפנדל לבן 750 מל,מיליליטרים,750.00,"100 מ""ל",false,12,60.00,8.0000,true,1,22762
87752003435,false,יין ברטנורא פינו גרי,ברטנורא,IT,יין ברטנורא פינו גריגיו 750 מל,מיליליטרים,750.00,"100 מ""ל",false,12,65.00,8.6667,true,1,22768
87752011218,false,יין פסגות קברנה סובי,פסגות,IL,יין פסגות קברנה סוביניון 750 מל,מיליליטרים,750.00,"100 מ""ל",false,12,100.00,13.3333,true,1,39725
87752012116,false,יין שילה שרדונה 750מ,שילה,IL,יין שילה 2008 שרדונה 750מל פיקדון,מיליליטרים,750.00,"100 מ""ל",false,12,85.00,11.3333,true,1,6498
87752013519,false,יין אדום דומיין נטופ,יקב נטופה,,יין אדום דומיין נטופה  750מל פקדון,מיליליטרים,750.00,"100 מ""ל",false,1,65.00,8.6667,true,1,14503
87752013830,false,יין רוזה דומיין נטופ,יקב נטופה,,יין רוזה דומיין נטופה  750מל פקדון,מיליליטרים,750.00,"100 מ""ל",false,1,65.00,8.6667,true,1,11976
87752014271,false,יין ברטנורא רוסו 750,ברטנורא,IT,יין ברטנורא רוסו 750 מל,מיליליטרים,750.00,"100 מ""ל",false,12,60.00,8.0000,true,1,22769
87752018927,false,יין נטופה פורט רובי,יקב נטופה,,יין נטופה פורט רובי 750 מל,מיליליטרים,750.00,"100 מ""ל",false,1,95.00,12.6667,true,1,17199
87752025000,false,יין סנסר דומיין דה פ,,FR,יין סנסר דומיין דה פנקוליין 750 מל,מיליליטרים,750.00,"100 מ""ל",false,6,140.00,18.6667,true,1,22780
87752025253,false,יין ברון הרצוג גוורצ,ברון הרצוג אל אג,US,יין ברון הרצוג גוורצטרמינר 750 מל,מיליליטרים,750.00,"100 מ""ל",false,12,60.00,8.0000,true,1,22764
87752026366,false,שמפניה דרפיה רוזה 75,,FR,שמפניה דרפיה קראט דאור 750 מל,מיליליטרים,750.00,"100 מ""ל",false,6,269.00,35.8667,true,1,24722
88004144746,false,ליקר וויסקי שוטר קינ,,,ליקר וויסקי שוטר קינמון פיירבול 750מל פק,מיליליטרים,750.00,"100 מ""ל",false,1,109.00,14.5333,true,1,8102
88586000720,false,יין קברנה טו ויינז ק,"ארה""ב סיינט מישל ווי",,יין קברנה טו ויינז קולומביה 750 מל פיקדו,מיליליטרים,750.00,"100 מ""ל",false,1,45.00,6.0000,true,1,5692
88586000751,false,יין סירה שאטו סנט מי,"ארה""ב סיינט מישל ווי",,יין סירה שאטו סנט מישל 750 מל פקדון,מיליליטרים,750.00,"100 מ""ל",false,1,65.00,8.6667,true,1,8386
88586000850,false,יין גרנד אסטייטס שיר,"ארה""ב סיינט מישל ווי",,יין גרנד אסטייטס שיראז 750 מל פיקדון,מיליליטרים,750.00,"100 מ""ל",false,1,70.00,9.3333,true,1,38741
88586001338,false,יין סירה טו ויינז קו,"ארה""ב סיינט מישל ווי",,יין שיראז טו ויינז קולומביה 750 מל פיקדו,מיליליטרים,750.00,"100 מ""ל",false,1,45.00,6.0000,true,1,5690
88586402845,false,יין גרנד אסטייטס מרל,"ארה""ב סיינט מישל ווי",,יין גרנד אסטייטס מרלו 750 מל פיקדון,מיליליטרים,750.00,"100 מ""ל",false,1,60.00,8.0000,true,1,5891
88586403866,false,יין שרדונה טו ויינז,"ארה""ב סיינט מישל ווי",,יין שרדונה טו ויינז קולומביה750מל פיקדו,מיליליטרים,750.00,"100 מ""ל",false,1,45.00,6.0000,true,1,5694
88586421860,false,יין ריזלינג טו ויינז,"ארה""ב סיינט מישל ווי",,יין ריזלינג טו ויינז קולומביה750מל פיקדו,מיליליטרים,750.00,"100 מ""ל",false,1,45.00,6.0000,true,1,5693
88586425868,false,יין גוורצטרמינר טו ו,"ארה""ב סיינט מישל ווי",,יין גוורצטרמינר טו ויינז 750מל פיקד,מיליליטרים,750.00,"100 מ""ל",false,1,45.00,6.0000,true,1,5696
88586601835,false,יין אדום קברנה סובינ,"ארה""ב סיינט מישל ווי",,יין אדום קברנה סוביניון שאטו סנט מישל750,מיליליטרים,750.00,"100 מ""ל",false,1,65.00,8.6667,true,1,7692
88586602832,false,יין אדום מרלו שאטו ס,"ארה""ב סיינט מישל ווי",,יין אדום מרלו שאטו סנט מישל 750 מל פקדון,מיליליטרים,750.00,"100 מ""ל",false,1,65.00,8.6667,true,1,7691
88586603846,false,יין שרדונה שאטו סיינ,"ארה""ב סיינט מישל ווי",,יין שרדונה שאטו סיינט מישל 750,מיליליטרים,750.00,"100 מ""ל",false,1,60.00,8.0000,true,1,15115
88586621840,false,יין לבן ריזלינג שאטו,"ארה""ב סיינט מישל ווי",,יין לבן ריזלינג שאטו סנט מישל 750מל פקדו,מיליליטרים,750.00,"100 מ""ל",false,1,60.00,8.0000,true,1,7674
88586625848,false,יין גוורצטרמינר שאטו,"ארה""ב סיינט מישל ווי",,יין גוורצטרמינר שאטו סנט מישל 750מ פיקדו,מיליליטרים,750.00,"100 מ""ל",false,1,60.00,8.0000,true,1,5689
89041081056,false,שמן סויה בתיבול צילי,Flavor full foods in,,שמן סויה בתיבול צילי 185 מל,מיליליטרים,185.00,"100 מ""ל",false,1,11.90,6.4324,true,1,3896
89397344300,false,רוטב פסטה דיניקולה ע,ג'יאובני פוד,US,רוטב פסטה דיניקולה עם בזיליקום 737 גר,גרמים,737.00,100 גרם,false,12,16.90,2.2931,true,1,1686
89397344348,false,רוטב פסטה דיניקולה ע,ג'יאובני פוד,US,רוטב פסטה דיניקולה עם שום קלוי 737 מל,מיליליטרים,737.00,"100 מ""ל",false,12,16.90,2.2931,true,1,1688
89397344362,false,רוטב פסטה דיניקולה מ,ג'יאובני פוד,US,רוטב פסטה דיניקולה מרינדה 737 מל,מיליליטרים,737.00,"100 מ""ל",false,12,16.90,2.2931,true,1,7466
89819006731,false,יין ברינגר פאונדרס א,ברינגר,US,יין סטון סלרס קברנה סוביניון 750 מלפקדון,מיליליטרים,750.00,"100 מ""ל",false,1,60.00,8.0000,true,1,7052
89819013173,false,יין ברינגר פאונדרס א,ברינגר,US,יין ברינגר פאונדרס אסטייט ק.סובניון 750,מיליליטרים,750.00,"100 מ""ל",false,12,60.00,8.0000,true,1,18261
90341121212,false,משקה רוט ביר 355 מל,רידס,,משקה רוט ביר 355 מל פיקדון וירגיל,מיליליטרים,355.00,"100 מ""ל",false,1,11.00,3.0986,true,1,7023
93133737325,false,רוטב טרייאקי מייקי ש,אקזוטיק סאוס,,רוטב טרייאקי מייקי שומשום 566 מל,מיליליטרים,566.00,"100 מ""ל",false,1,44.90,7.9329,true,1,7134
96086000003,false,קיטו מיני גריסיני מק,,,קיטו מיני גריסיני מקמח שקדים 200 גר,גרמים,200.00,100 גרם,false,12,22.90,11.4500,true,1,32296
96086000065,false,מצה עשירה ביצים 300,,,מצה עשירה ביצים 300 ג אביב,גרמים,300.00,100 גרם,false,1,19.90,6.6333,true,1,3538
96086000072,false,מצות עם סובין 400  ג,,,מצות עם סובין 400  ג אביב,גרמים,400.00,100 גרם,false,1,16.90,4.2250,true,1,3539
96086000393,false,מצה מקמח כוסמין אורג,,,מצה מקמח כוסמין אורגני 400 גר,גרמים,400.00,100 גרם,false,1,22.90,5.7250,true,1,14313
96086000577,false,קרקר כוסמין אורגני 2,,,קרקר כוסמין אורגני 200 גר,גרמים,200.00,100 גרם,false,1,13.50,6.7500,true,1,7600
96086000584,false,קרקר שיפון אורגני 20,,,קרקר שיפון אורגני 200 גר,גרמים,200.00,100 גרם,false,1,12.90,6.4500,true,1,7599
96086000720,false,קרקר כוסמין שומשום ל,,,מצות פאן פאן דבש 200 ג אביב,גרמים,200.00,100 גרם,false,12,12.90,6.4500,true,1,32292
96086001031,false,פירורי קיטו מקמח שקד,,,פירורי קיטו מקמח שקדים 300 גר,גרמים,300.00,100 גרם,false,12,23.90,7.9667,true,1,32297
96086001048,false,עוגיות קיטו שקדים קק,,,עוגיות קיטו שקדים קקאו 200 גר,גרמים,200.00,100 גרם,false,,23.90,11.9500,true,1,39030
96086001079,false,עוגיות קיטו מקמח שקד,,,עוגיות ממולאות תמרים 300 ג,גרמים,200.00,100 גרם,false,12,23.90,11.9500,true,1,38952
96086001529,false,עוגיות קלות ללא סוכר,,,עוגיות קלות ללא סוכר טעם קפוצינו 200 גר,גרמים,200.00,100 גרם,false,1,14.90,7.4500,true,1,5870
96086001789,false,קרקר ביס כוסמין מלא,,,קרקר ביס כוסמין מלא אורגני 150 גר,גרמים,150.00,100 גרם,false,12,12.90,8.6000,true,1,32290
195414154798,false,שיכר נובו ספרקלין 70,,FR,שיכר נובו ספרקלין 700 מל,מיליליטרים,700.00,"100 מ""ל",false,6,99.00,14.1429,true,1,33154
305210416383,false,קרם תחליב גוף וזלין,יוניליוור,,קרם תחליב גוף וזלין לגבר 618מל,מיליליטרים,618.00,"100 מ""ל",false,1,23.90,3.8673,true,1,16027
305213079004,false,קרם תחליב גוף וזלין,יוניליוור,,קרם תחליב גוף וזלין צהוב 603 מל,מיליליטרים,603.00,"100 מ""ל",false,1,23.90,3.9635,true,1,16025
308910525744,false,אטריות אורז דקות 454,Oriental food co. lt,,אטריות אורז דקות 454 ג,גרמים,454.00,100 גרם,false,1,10.90,2.4009,true,1,41255
350007641028,false,משחת שיניים קולגייט,קולגייט,MX,משחת שיניים קולגייט 130גר 2ב1 הלבנה,מיליליטרים,130.00,"100 מ""ל",false,12,19.90,15.3077,true,1,29807
350007641646,false,משחת שיניים קולגייט,קולגייט,MX,משחת שיניים קולגייט 130גר 2ב1 רעננות,מיליליטרים,130.00,"100 מ""ל",false,12,19.90,15.3077,true,1,29806
605453620746,false,סורימי בטעם צדפות 35,אל.אם פודס,US,סורימי בטעם צדפות 350גר,גרמים,300.00,100 גרם,false,12,34.90,11.6333,true,1,19044
608614310463,true,אוכמניות יבוא לאקי ב,,,אוכמניות יבוא לאקי ברי בקופסא,Unknown,0.00,Unknown,false,,14.90,0.0000,true,1,43940
608614327225,false,בירה אולטימוס אמבר א,,IL,בירה אולטימוס אמבר אייל 330מל בק.פקדון,מיליליטרים,330.00,"100 מ""ל",false,1,14.90,4.5152,true,1,27046
611745285685,false,אבוקדו בשל ארוז יח,,,אבוקדו בשל ארוז יח,Unknown,0.00,Unknown,false,1,9.90,0.0000,true,1,14424
613008715267,false,משקה אריזונה גנסנג ד,אריזונה,,משקה אריזונה גנסנג דבש 680 מל פח פיקדון,מיליליטרים,680.00,"100 מ""ל",false,1,11.90,1.7500,true,1,7506
613008718763,false,משקה אריזונה פירות 6,אריזונה,,משקה אריזונה פירות 680 מל פח פיקדון,מיליליטרים,680.00,"100 מ""ל",false,1,11.90,1.7500,true,1,7024
613008720209,false,משקה אריזונה אבטיח 6,אריזונה,,משקה אריזונה אבטיח 680 מל פקדון,מיליליטרים,680.00,"100 מ""ל",false,1,11.90,1.7500,true,1,11911
613008722395,false,משקה אריזונה תה ירוק,אריזונה,,משקה אריזונה תה ירוק 680 מל פח פיקדון,מיליליטרים,680.00,"100 מ""ל",false,1,11.90,1.7500,true,1,17538
613008735418,false,משקה אריזונה מנגו 68,אריזונה,,משקה אריזונה מנגו 680 מל פחית,מיליליטרים,680.00,"100 מ""ל",false,1,11.90,1.7500,true,1,10988
613008742348,false,משקה תה אריזונה גינס,ARIZONA,BG,משקה תה אריזונה גינסנג דבש 1ל בק.פקדון,ליטרים,1.00,ליטר,false,1,11.90,11.9000,true,1,26514
613008742409,false,משקה תה אריזונה אפרס,ARIZONA,BG,משקה תה אריזונה אפרסק 1ליטר בק.פקדון,ליטרים,1.00,ליטר,false,1,11.90,11.9000,true,1,26513
613008753290,false,משקה תה אריזונה אפרס,ARIZONA,,משקה תה אריזונה אפרסק 450מל בק.פקדון,מיליליטרים,450.00,"100 מ""ל",false,1,7.90,1.7556,true,1,20589
613008753320,false,משקה תה אריזונה גינס,ARIZONA,,משקה תה אריזונה גינסנג דבש450מל בק.פקדון,מיליליטרים,450.00,"100 מ""ל",false,1,7.90,1.7556,true,1,20590
613008753351,false,משקה תה אריזונה רימו,ARIZONA,,משקה תה אריזונה רימונים 450מל בק.פקדון,מיליליטרים,450.00,"100 מ""ל",false,1,7.90,1.7556,true,1,20587
613008753382,false,משקה תה אריזונה אוכמ,ARIZONA,,משקה תה אריזונה אוכמניות 450מל בק.פקדון,מיליליטרים,450.00,"100 מ""ל",false,1,7.90,1.7556,true,1,20588
613008755461,false,משקה תה אריזונה אוכמ,ARIZONA,BG,משקה תה אריזונה אוכמניות 1ליטר בק.פקדון,ליטרים,1.00,ליטר,false,1,11.90,11.9000,true,1,26512
628154383659,false,דגני פוסט פרוטי פבלס,פוסט ארצות הברית,US,דגני פוסט פרוטי פבלס 311 גרם,גרמים,311.00,100 גרם,false,14,22.90,7.3633,true,1,41486
633824102201,false,וודקה ואן גוך מלון 7,"ארודן בע""מ",,וודקה ואן גוך מלון 750 מל פקדון,מיליליטרים,750.00,"100 מ""ל",false,1,139.00,18.5333,true,1,7561
633824111838,false,וודקה ואן גוך אננס 7,"ארודן בע""מ",,וודקה ואן גוך אננס 750 מל פקדון,מיליליטרים,750.00,"100 מ""ל",false,1,139.00,18.5333,true,1,7560
633824208040,false,וודקה ואן גוך דאבל א,"ארודן בע""מ",,וודקה ואן גוך דאבל אספרסו 750 מל פקדון,מיליליטרים,750.00,"100 מ""ל",false,1,139.00,18.5333,true,1,7559
633824913432,false,וודקה ואן גוך אסאי 7,"ארודן בע""מ",,וודקה ואן גוך אסאי 750 מל פקדון,מיליליטרים,750.00,"100 מ""ל",false,1,139.00,18.5333,true,1,7562
636046316036,false,תה ארל גריי עלי ווינ,,US,תה ארל גריי עלי ווינטר 20שקיות משי,יחידה,20.00,יחידה,false,6,42.90,2.1450,true,1,32542
636046316128,false,תה ירוק וניל קמורה ה,,US,תה ירוק וניל קמורה הארני אנד20שקיות משי,יחידה,20.00,יחידה,false,6,42.90,2.1450,true,1,32553
636046354014,false,תה קינמון ותבלינים ה,,US,תה קינמון ותבלינים הארני אנד 20שקיות משי,יחידה,20.00,יחידה,false,6,42.90,2.1450,true,1,32543
636046354021,false,תה מנטה האני אנד סאנ,,US,תה מנטה הארני אנד סאנס20שקיות משי,יחידה,20.00,יחידה,false,6,42.90,2.1450,true,1,32552
637793000940,false,ריבה תפוז זינזר מקיי,,,ריבה תפוז זינזר מקייס 340 גר,גרמים,340.00,100 גרם,false,1,20.00,5.8824,true,1,7012
637793002500,false,ריבת מרמלדה תפוז דנד,מקיי'ס,,ריבת מרמלדה תפוז דנדי מקייס 340 גר,גרמים,340.00,100 גרם,false,1,20.00,5.8824,true,1,7013
637793024540,false,ריבת פטל שחור מקייס,מקיי'ס,,ריבת פטל שחור מקייס 340 גר,גרמים,340.00,100 גרם,false,1,20.00,5.8824,true,1,12924
638060269435,false,זוג ספוגים ללכלוך חז,3m,ES,זוג ספוגים ללכלוך חזק במיוחד סקוטש ברייט,יחידה,2.00,יחידה,false,12,12.90,6.4500,true,1,23571
639138513238,false,פילה הרינג מעושן 190,רוג'ן פיש,,פילה הרינג מעושן 190 גר ניר רוגן,גרמים,190.00,100 גרם,false,1,12.90,6.7895,true,1,4831
639138527617,false,הרינג עגבניות ניו רו,רוג'ן פיש,,הרינג עגבניות ניו רוגן 190 גר,גרמים,190.00,100 גרם,false,1,11.90,6.2632,true,1,4833
639138527631,false,פילה הרינג ברוטב חרד,רוג'ן פיש,,פילה הרינג ברוטב חרדל 190 גר ניו רוגן,גרמים,190.00,100 גרם,false,1,11.90,6.2632,true,1,4832
644209307494,false,דנקן תערובת עוגת ילו,פיניקל פודס,,דנקן תערובת עוגת ילו קייק 432 גר,גרמים,432.00,100 גרם,false,1,19.50,4.5139,true,1,14359
644209307579,false,דנקן תערובת עוגת שוק,פיניקל פודס,,דנקן תערובת עוגת שוקולד 432 גר,גרמים,432.00,100 גרם,false,1,19.50,4.5139,true,1,12917
644209311316,false,דנקן תערובת עוגת ברא,פיניקל פודס,,דנקן תערובת עוגת בראוניס 565 גר,גרמים,565.00,100 גרם,false,1,21.90,3.8761,true,1,9576
644209332472,false,דנקן תערובת עוגת ברא,,,דנקן תערובת עוגת בראוניז דאבל פאדג498 גר,גרמים,498.00,100 גרם,false,1,26.90,5.4016,true,1,16461
644209405923,false,קרם וניל דנקן מוקצף,פיניקל פודס,,קרם וניל דנקן מוקצף 397 גר,גרמים,397.00,100 גרם,false,1,21.90,5.5164,true,1,11929
644209405930,false,קרם שוקולד דנקן מוקצ,פיניקל פודס,,קרם שוקולד דנקן מוקצף 397 גר,גרמים,397.00,100 גרם,false,1,21.90,5.5164,true,1,11928
644209405947,false,ציפוי דנקן לעוגה קרם,פיניקל פודס,,ציפוי דנקן לעוגה קרם מוקצף 397 גר,גרמים,397.00,100 גרם,false,1,21.90,5.5164,true,1,14370
644209405985,false,ציפוי דנקן לעוגה קרם,פיניקל פודס,,ציפוי דנקן לעוגה קרם גבינה 397 גר,גרמים,397.00,100 גרם,false,1,21.90,5.5164,true,1,28856
644209420957,false,דנקן תערובת עוגת ברא,פיניקל פודס,,דנקן תערובת עוגת בראוניס 561 גר,גרמים,561.00,100 גרם,false,1,22.90,4.0820,true,1,6362
645173911038,false,מלפפון קורנישון מיני,,,מלפפון קורנישון מיני 670 ג תומר,גרמים,670.00,100 גרם,false,1,9.90,1.4776,true,1,4004
649660013281,false,מיץ שזיפים ללא סוכר,היל ויו,,מיץ שזיפים ללא סוכר 946מל היל ויו,מיליליטרים,946.00,"100 מ""ל",false,1,19.90,2.1036,true,1,12589
649660432020,false,שזיפים מיובשים ללא ג,ש.האופים,,לפתן שזיפים מגולענים ל.ס.567 גר היל ויו,גרמים,567.00,100 גרם,false,1,29.90,5.2734,true,1,12619
651080153515,false,קיסמי שיניים עם חוט,JORDAN,,קיסמי שיניים עם חוט דנטלי גורדון לילדים,יחידה,24.00,יחידה,false,1,11.90,0.4958,true,1,16295
651080161510,false,קיסמי שיניים עם חוט,JORDAN,,קיסמי שיניים עם חוט גורדון פלקרס 36יח,יחידה,36.00,יחידה,false,1,9.90,0.2750,true,1,15656
651080647519,false,קיסמי שיניים עם חוט,JORDAN,,קיסמי שיניים עם חוט מנטה גורדון פלקרס,יחידה,36.00,יחידה,false,1,9.90,0.2750,true,1,15119
666522900053,false,ריבת דומדומניות  ציי,היסטון סוויטס ספרדס,,ריבת דומדומניות  צייברס 340 גרם,גרמים,340.00,100 גרם,false,1,21.90,6.4412,true,1,16979
666522900084,false,ריבת גינגר צייברס340,היסטון סוויטס ספרדס,,ריבת גינגר צייברס340 גרם,גרמים,340.00,100 גרם,false,1,21.90,6.4412,true,1,16977
666522900091,false,ריבת תפוז אנגלי צייב,היסטון סוויטס ספרדס,,ריבת תפוז אנגלי צייברס 340 גרם,גרמים,340.00,100 גרם,false,1,21.90,6.4412,true,1,16978
666522900138,false,ריבת קרם לימון צייבר,היסטון סוויטס ספרדס,,ריבת קרם לימון צייברס 320 גרם,גרמים,320.00,100 גרם,false,1,21.90,6.8437,true,1,16976
667803000752,false,אבקת חרדל קולמנס אנג,,GB,אבקת חרדל אנגלי קולמנס 113 ג,גרמים,113.00,100 גרם,false,12,21.90,19.3805,true,1,31524
673879000602,false,חטיף קאברד ברידג תפו,,CA,חטיף קאברד ברידג תפוא חומץ ומלח ים 170גרם,גרמים,170.00,100 גרם,false,12,20.90,12.2941,true,1,38193
673879000619,false,חטיף קאברד ברידג תפו,,CA,חטיף קאברד ברידג תפוא ומלח ים 170 גרם,גרמים,170.00,100 גרם,false,12,20.90,12.2941,true,1,38194
673879000626,false,חטיף קאברד ברידג תפו,,CA,חטיף קאברד ברידג תפוא פלפל גרוס ומלח170ג,גרמים,170.00,100 גרם,false,12,20.90,12.2941,true,1,38195
673879000633,false,חטיף קאברד ברידג תפו,,CA,חטיף קאברד ברידג תפוא ברביקיו170גרם,גרמים,170.00,100 גרם,false,12,20.90,12.2941,true,1,38196
686412282984,false,טונה אורטיז לבנה בשמ,,,טונה אורטיז לבנה בשמן זית 220 גר צנצנת,גרמים,220.00,100 גרם,false,1,44.90,20.4091,true,1,25870
691535501010,false,חטיף חלבון נוגו שוקו,,US,חטיף חלבון נוגו שוקולד,יחידה,1.00,יחידה,false,15,12.90,12.9000,true,1,23070
691535505018,false,חטיף חלבון נוגו וניל,,US,חטיף חלבון נוגו וניל,יחידה,1.00,יחידה,false,15,12.90,12.9000,true,1,23068
691535513013,false,חטיף חלבון נוגו ח. ב,,US,חטיף חלבון נוגו ח. בוטנים ללא סוכר,יחידה,1.00,יחידה,false,12,12.90,12.9000,true,1,23076
691535521018,false,חטיף חלבון נוגו שוקו,,US,חטיף חלבון נוגו שוקוציפ ללא גלוטן,יחידה,1.00,יחידה,false,12,12.90,12.9000,true,1,23073
691535523012,false,חטיף חלבון נוגו מוקה,,US,חטיף חלבון נוגו מוקה ללא גלוטן,יחידה,1.00,יחידה,false,12,12.90,12.9000,true,1,23074
691535529014,false,חטיף חלבון נוגו פרצל,,US,חטיף חלבון נוגו פרצל ללא גלוטן,יחידה,1.00,יחידה,false,12,12.90,12.9000,true,1,23075
693493008396,false,מעדן טבעוני פומאז שו,,IL,מעדן טבעוני פומאז שוקולד דובדני אמרנה120,גרמים,120.00,100 גרם,false,8,10.90,9.0833,true,1,31357
693493016742,false,חלבה אבובה קלאסית לל,,IL,חלבה אבובה קלאסית ללא סוכר 330 גרם,גרמים,330.00,100 גרם,false,1,20.90,6.3333,true,1,41306
693493131001,false,חלבה אבובה פיסטוק לל,,IL,חלבה אבובה פיסטוק ללא סוכר 330 גרם,גרמים,330.00,100 גרם,false,1,20.90,6.3333,true,1,41304
693493131025,false,חלבה אבובה אגוזי מלך,,IL,חלבה אבובה אגוזי מלך ללא סוכר 330 גרם,גרמים,330.00,100 גרם,false,1,20.90,6.3333,true,1,41626
693493131032,false,חלבה אבובה פקאן ללא,,IL,חלבה אבובה פקאן ללא סוכר 330 גרם,גרמים,330.00,100 גרם,false,1,20.90,6.3333,true,1,41305
693493131100,false,רוטב פרנצסקה נערת הו,,IL,רוטב פרנצסקה נערת הוואי 290 מל,מיליליטרים,290.00,"100 מ""ל",false,12,27.90,9.6207,true,1,32976
693493131117,false,רוטב פרנצסקה שזיף פי,,IL,רוטב פרנצסקה שזיף פיקנטי 290 מל,מיליליטרים,290.00,"100 מ""ל",false,12,27.90,9.6207,true,1,32977
693493150606,false,רוטב פרנצסקה גלייז ס,,ZA,רוטב פרנצסקה גלייז סאקורה 290 מל,מיליליטרים,290.00,"100 מ""ל",false,7,27.90,9.6207,true,1,32973
693493197540,false,תערובת לימון ופלפל 2,,TR,תערובת לימון ופלפל 205 גרם ק.ד.אוליבה,גרמים,205.00,100 גרם,false,1,24.90,12.1463,true,1,43294
693493197557,false,מלח ים ויולט סגול340,,TR,מלח ים ויולט סגול340 גרם ק.ד.אולי,גרמים,340.00,100 גרם,false,1,18.90,5.5588,true,1,43295
693493197571,false,תערובת צילי מעושן ומ,,TR,תערובת צילי מעושן ומלח ים 220גר ק.ד.אולי,גרמים,220.00,100 גרם,false,1,18.90,8.5909,true,1,43292
693493197595,false,תערובת שום ומלח ים 2,,TR,תערובת שום ומלח ים 270גר  ק.ד.אולי,גרמים,270.00,100 גרם,false,1,18.90,7.0000,true,1,43293
693493198004,false,שמן זית קאסב די אולי,,TR,שמן זית קאסב די אוליביה 500 מל,מיליליטרים,500.00,"100 מ""ל",false,12,24.90,4.9800,true,1,43372
707595100114,false,פלפל אדום קלוי 480גר,NESTOS,,פלפל אדום קלוי 480גרם נסטוס,גרמים,480.00,100 גרם,false,1,15.90,3.3125,true,1,13597
707595100145,false,סלק פרוס 700 גרם נסט,NESTOS,,סלק פרוס 700 גרם נסטוס,גרמים,700.00,100 גרם,false,1,15.90,2.2714,true,1,13595
707595100169,false,חציל קלוי על האש 480,NESTOS,,חציל קלוי על האש 480 גרם נסטוס,גרמים,480.00,100 גרם,false,1,15.90,3.3125,true,1,13596
717273504875,false,ממרח מיונז ללא ביצים,אמריקן גרדן,,ממרח מיונז ללא ביצים 473 מל אמריקן גארדן,מיליליטרים,473.00,"100 מ""ל",false,1,22.90,4.8414,true,1,12891
723830770010,false,בירה לגוניטאס איי פי,,,בירה לגוניטאס איי פי אי דאיי טיים 355מל,מיליליטרים,355.00,"100 מ""ל",false,24,12.90,3.6338,true,1,28682
728229123590,false,חטיף טרה ירקות אקזוט,Global Gourmet Produ,,חטיף טרה ירקות אקזוטים 110 ג,גרמים,110.00,100 גרם,false,1,14.90,13.5455,true,1,4182
728229123613,false,חטיף טרה מתפוח אדמה,Global Gourmet Produ,,חטיף טרה מתפוח אדמה כחול 110 ג,גרמים,110.00,100 גרם,false,1,14.90,13.5455,true,1,4181
728229123811,false,חטיף טרה מירקות אקזו,Global Gourmet Produ,,חטיף טרה מירקות אקזוטים מתובל 110 ג,גרמים,110.00,100 גרם,false,1,14.90,13.5455,true,1,4325
728229124764,false,חטיף טרה בטטה מלח ים,Global Gourmet Produ,,חטיף טרה בטטה מלח ים 110 ג,גרמים,110.00,100 גרם,false,1,14.90,13.5455,true,1,18538
728229124771,false,חטיף טרה מבטטה טעם ב,Global Gourmet Produ,,חטיף טרה מבטטה טעם ברביקו 110 ג,גרמים,110.00,100 גרם,false,1,14.90,13.5455,true,1,12391
728229130154,false,חטיף טרה בטטה וסלק 1,Global Gourmet Produ,,חטיף טרה בטטה וסלק 110 ג,גרמים,110.00,100 גרם,false,1,14.90,13.5455,true,1,6181
729612381030,false,גלילוני וופל בולרו ק,,,גלילוני וופל בולרו קרם שקדים 400 גר,גרמים,400.00,100 גרם,false,1,16.90,4.2250,true,1,1839
729612383034,false,גלילוני וופל בולרו ק,,,גלילוני וופל בולרו קרם לימון 400 גר,גרמים,400.00,100 גרם,false,1,16.90,4.2250,true,1,1842
729612384031,false,גלילוני וופל בולרו ק,,,גלילוני וופל בולרו קרם וניל 400 גר,גרמים,400.00,100 גרם,false,1,16.90,4.2250,true,1,1841
729906510016,false,פתיתי שבולת שועל ללא,,,פתיתי שבולת שועל ללא גלוטן ללס 510גר,גרמים,510.00,100 גרם,false,6,27.90,5.4706,true,1,25263
732494000500,false,חטיף קרטורס פופקורן,,US,חטיף קרטורס פופקורן רק קרמל 227 גרם,גרמים,227.00,100 גרם,false,12,25.90,11.4097,true,1,38197
732494000524,false,חטיף קרטורס פופקורן,,US,חטיף קרטורס פופקורן שיקגו קרמל213גרם,גרמים,213.00,100 גרם,false,12,25.90,12.1596,true,1,38198
732494000609,false,חטיף קרטורס פופקורן,,US,חטיף קרטורס פופקורן רק גבינה 184 גרם,גרמים,184.00,100 גרם,false,12,25.90,14.0761,true,1,38199
733353400059,false,יין מוסקטו אם יו איק,,US,יין מוסקטו אם יו איקס קוקוס פחית 187 מל,מיליליטרים,187.00,"100 מ""ל",false,24,20.00,10.6952,true,1,32289
734896879913,false,אקדח/משפריץ מים בינו,,,אקדח/משפריץ מים בינוני,יחידה,1.00,יחידה,false,1,19.90,19.9000,true,1,40921
734896880278,false,שש בש מהודר,,,שש בש מהודר,יחידה,1.00,יחידה,false,1,49.90,49.9000,true,1,40941
734896880353,false,מטקות פינג פונג,,,מטקות פינג פונג,יחידה,1.00,יחידה,false,1,23.90,23.9000,true,1,40934
734896880513,false,משקפת עיניים בקופסת,,,משקפת עיניים בקופסת פלסטיק,יחידה,1.00,יחידה,false,1,19.90,19.9000,true,1,40929
734896880735,false,בועות סבון,,,בועות סבון,יחידה,1.00,יחידה,false,1,12.90,12.9000,true,1,40922
734896880803,false,אקדח בועות סבון,,,אקדח בועות סבון,יחידה,1.00,יחידה,false,1,19.90,19.9000,true,1,40924
736920111310,false,בירה גוס איילנד איי,,,בירה גוס איילנד איי פי אי 355מל 5.9%בק.פ,מיליליטרים,355.00,"100 מ""ל",false,1,14.90,4.1972,true,1,31221
739958064801,false,יין קופולה קברנה סוב,coppola,,יין קופולה קברנה סוביניון 750 מל,מיליליטרים,750.00,"100 מ""ל",false,1,100.00,13.3333,true,1,5704
753182340302,false,אבקת וואסבי 35 גר קי,Qingdao Sun-growing,,אבקת וואסבי 35 גר קינגדאוו,גרמים,35.00,100 גרם,false,1,15.00,42.8571,true,1,8883
761720050101,false,סירופ קארו כהה 453 מ,אי סי איץ,,סירופ קארו כהה 453 מל,מיליליטרים,453.00,"100 מ""ל",false,1,28.90,6.3797,true,1,39544
761720051108,false,סירופ קארו בהיר 453,אי סי איץ,,סירופ קארו בהיר 453 מל,מיליליטרים,453.00,"100 מ""ל",false,1,28.90,6.3797,true,1,2934
761720988183,false,אבקת אפיה ללא אלומינ,"י. כהן בע""מ",,אבקת אפיה ללא אלומיניום 340 גרם,גרמים,340.00,100 גרם,false,1,22.90,6.7353,true,1,16980
764793213336,false,יין פונצי ויניו ורדה,,PT,יין פונצי ויניו ורדה בלאן 750 מל,מיליליטרים,750.00,"100 מ""ל",false,6,45.00,6.0000,true,1,31536
764793227302,false,יין לוריירו אנד אל ו,,PT,יין לוריירו אנד אל ואקריניו 750 מל,מיליליטרים,750.00,"100 מ""ל",false,6,60.00,8.0000,true,1,31533
764793261313,false,יין לוריירו וחניו ור,,PT,יין לוריירו וחניו ורדה 750 מל,מיליליטרים,750.00,"100 מ""ל",false,6,60.00,8.0000,true,1,31534
768404001640,false,גל.קפה בן אנד גריס 5,מוצרי איכות אמריקאיי,,גל.קפה בן אנד גריס 500 מל פיינט,מיליליטרים,500.00,"100 מ""ל",false,1,19.90,3.9800,true,1,6051
769493100054,false,גל אנרגיה פירות יער,,US,גל אנרגיה פירות יער 32גרם,יחידה,1.00,יחידה,false,24,6.90,6.9000,true,1,23064
769493100078,false,גל אנרגיה טעם אספרסו,,US,גל אנרגיה טעם אספרסו 32גרם,יחידה,1.00,יחידה,false,24,6.90,6.9000,true,1,23063
769493100092,false,גל אנרגיה תות בננה,,US,גל אנרגיה תות בננה  32גרם,יחידה,1.00,יחידה,false,24,6.90,6.9000,true,1,23065
769493100184,false,גל אנרגיה כרמל מלוח,,US,גל אנרגיה כרמל מלוח  32גרם,יחידה,1.00,יחידה,false,24,6.90,6.9000,true,1,23066
769904000997,false,שקדי מרק 200 גר ללא,נטורפוד,,שקדי מרק 200 גר ללא גלוטן,גרמים,200.00,100 גרם,false,1,14.90,7.4500,true,1,7031
770009010484,false,עטרות לאפיה לא מולבנ,SOURCE ATLANTIQUE,,עטרות לאפיה לא מולבנים בכלור 60יח,יחידה,60.00,יחידה,false,1,14.90,0.2483,true,1,9373
770009011924,false,נייר אפיה 24יח 100%,SOURCE ATLANTIQUE,,נייר אפיה 24יח 100% טבעי אורגניקזון,יחידה,24.00,יחידה,false,1,22.90,0.9542,true,1,8960
770009250262,false,שקיות אוכל מנייר 100,SOURCE ATLANTIQUE,,שקיות אוכל מנייר 100% טבעי אורגניק זון,יחידה,48.00,יחידה,false,1,21.90,0.4562,true,1,8961
770009260018,false,נייר אלומיניום 100%,SOURCE ATLANTIQUE,,נייר אלומיניום 100% ממוחזר 10 מטר,מטרים,10.00,מטר,false,1,22.90,2.2900,true,1,9372
777034009681,false,סוכריות לקריץ אולסור,,NL,סוכריות לקריץ אולסורט 250 גרם,גרמים,250.00,100 גרם,false,12,12.90,5.1600,true,1,31738
777915888299,false,רוטב סויה אקיטה ללא,אקיטה דלסון,,רוטב סויה אקיטה ללא גלוטן 450 מל,מיליליטרים,450.00,"100 מ""ל",false,1,17.90,3.9778,true,1,3813
783495472407,false,חלבה אבובה קרם עוגיו,,IL,חלבה אבובה קרם עוגיות ללא סוכר 330גרם,גרמים,330.00,100 גרם,false,1,20.90,6.3333,true,1,41311
783495472414,false,חלבה אבובה מתוק מלוח,,IL,חלבה אבובה מתוק מלוח ללא סוכר 330גרם,גרמים,330.00,100 גרם,false,1,20.90,6.3333,true,1,41310
783495472438,false,חלבה אבובה עוגיות לו,,IL,חלבה אבובה עוגיות לוטוס ללא סוכר 330 גרם,גרמים,330.00,100 גרם,false,1,20.90,6.3333,true,1,41308
786150000274,false,בירה לף בראון 330מל,,,בירה לף בראון 330מל בק.פקדון,מיליליטרים,330.00,"100 מ""ל",false,1,10.00,3.0303,true,1,40915
786150000281,false,מארז 6יח בירה לף ברא,,,מארז 6יח בירה לף בראון 330מל בק.פקדון,מיליליטרים,1980.00,"100 מ""ל",false,1,47.90,2.4192,true,1,40916
786560002240,false,שייקר מקצועי,,,שייקר מקצועי,יחידה,1.00,יחידה,false,1,19.90,19.9000,true,1,24102
808874937442,false,יין בוגל פטיט סירה 7,בוגל,US,יין בוגל פטיט סירה 750 מל,מיליליטרים,750.00,"100 מ""ל",false,12,75.00,10.0000,true,1,20260
808874938500,false,יין בוגל אסנשיאל 750,בוגל,US,יין בוגל אסנשיאל 750 מל,מיליליטרים,750.00,"100 מ""ל",false,12,75.00,10.0000,true,1,20261
808874939286,false,יין בוגל שרדונה 750,בוגל,US,יין בוגל שרדונה 750 מל,מיליליטרים,750.00,"100 מ""ל",false,12,75.00,10.0000,true,1,20258
808874939668,false,יין בוגל קברנה סובינ,בוגל,US,יין בוגל קברנה סוביניון 750 מל,מיליליטרים,750.00,"100 מ""ל",false,12,75.00,10.0000,true,1,20259
808874964318,false,יין בוגל זינפנדל אדו,בוגל,US,יין בוגל זינפנדל אדום יבש 750 מל,מיליליטרים,750.00,"100 מ""ל",false,12,75.00,10.0000,true,1,20274
810044130126,false,ספוג ניקוי סקרופ מאמ,,US,ספוג ניקוי סקרופ מאמי,יחידה,1.00,יחידה,false,24,17.90,17.9000,true,1,44110
810044130133,false,ספוג ניקוי סקרופ דאד,,US,ספוג ניקוי סקרופ דאדי,יחידה,1.00,יחידה,false,24,17.90,17.9000,true,1,44109
810165010246,false,סוכריות על מקל אורגנ,,IL,סוכריות על מקל אורגניות מעורב 85גר,Unknown,0.00,Unknown,false,1,19.90,0.0000,true,1,44224
810165010260,false,סוכריות על מקל אורגנ,,IL,סוכריות על מקל אורגניות חמוצות 85גר,Unknown,0.00,Unknown,false,1,19.90,0.0000,true,1,44223
810165011953,false,סוכריות על מקל אורגנ,,IL,סוכריות על מקל אורגניות ויטמין סי 85גר,Unknown,0.00,Unknown,false,1,19.90,0.0000,true,1,44222
811538013031,false,רום מתובל קראקן 700,פורקסומוס ספירס,US,רום מתובל קראקן 700 מל,מיליליטרים,700.00,"100 מ""ל",false,12,119.00,17.0000,true,1,19944
811962010507,false,רוטב רימון ושזיף פיק,,IL,רוטב רימון ושזיף פיקנטי דודה ברטה 350 גר,גרמים,330.00,100 גרם,false,9,16.90,5.1212,true,1,42308
812130020496,false,טרוביה סטיביה תערובת,,,טרוביה סטיביה תערובת סוכר חום 510גר,יחידה,510.00,יחידה,false,1,24.90,0.0488,true,1,23015
812664009356,false,ממרח תמרינדי מרוכז נ,,,ממרח תמרינדי מרוכז נפטון 400 גרם,גרמים,400.00,100 גרם,false,1,15.90,3.9750,true,1,16472
818570001606,false,תמצית אפיה שקד טהור,וטרקינס,,תמצית אפיה שקד טהור ויטקנס 59 מל,Unknown,0.00,Unknown,false,1,29.90,0.0000,true,1,15498
818570007066,false,תמצית אפיה וניל טהור,וטרקינס,,תמצית אפיה וניל טהור ויטקנס 29 מל,Unknown,0.00,Unknown,false,1,31.90,0.0000,true,1,15495
819046000086,false,חטיף אינקה ציפס בטטה,Global Gourmet Produ,,חטיף אינקה ציפס בטטה 142 גר,גרמים,142.00,100 גרם,false,1,16.90,11.9014,true,1,14736
819046001274,false,חטיף אינקה ציפס ירקו,Global Gourmet Produ,,חטיף אינקה ציפס ירקות שורש טרופי 142 גר,גרמים,142.00,100 גרם,false,1,16.90,11.9014,true,1,40486
832544000495,false,תה צמחי עם תות וסמבו,קליפר,,תה צמחי עם תות וסמבוק אורגני 40גר,Unknown,0.00,Unknown,false,1,15.90,0.0000,true,1,17702
832544000525,false,תה צאי צמחי אורגני 4,קליפר,,תה צאי צמחי אורגני 44 גר,Unknown,0.00,Unknown,false,1,15.90,0.0000,true,1,17704
832544000532,false,תה לבן עם פטל אורגני,קליפר,,תה לבן עם פטל אורגני 34 גרם,Unknown,0.00,Unknown,false,1,15.90,0.0000,true,1,17705
832544000549,false,תה ארוחת בוקר אנגלי,קליפר,,תה ארוחת בוקר אנגלי 44 גרם,Unknown,0.00,Unknown,false,1,15.90,0.0000,true,1,17706
832544000556,false,תה דאבל מינט וסירפד,קליפר,,תה דאבל מינט וסירפד 38 גרם,Unknown,0.00,Unknown,false,1,15.90,0.0000,true,1,17707
833949000264,false,סירופ מייפל 100% אמי,דיקסר,,סירופ מייפל 100% אמיתי דקסר אורגני 250מל,מיליליטרים,250.00,"100 מ""ל",false,1,29.90,11.9600,true,1,13111
835811000167,false,נר נשמה שבועי בזכוכי,,,נר נשמה שבועי בזכוכית,יחידה,1.00,יחידה,false,12,11.90,11.9000,true,1,26426
835811000235,false,סכינים מסיבי עץ 20יח,,,סכינים מסיבי עץ 20יח,יחידה,20.00,יחידה,false,24,12.90,0.6450,true,1,24884
835811000242,false,כפות מסיבי עץ 20יח,,,כפות מסיבי עץ 20יח,יחידה,20.00,יחידה,false,24,12.90,0.6450,true,1,24886
835811000273,false,כפיות  מסיבי עץ 20יח,,,כפיות  מסיבי עץ 20יח,יחידה,20.00,יחידה,false,24,12.90,0.6450,true,1,24887
835811000297,false,כוסות קרטון חד פעמי,,,כוסות קרטון חד פעמי 9 אונס 50 יח,יחידה,50.00,יחידה,false,1,12.90,0.2580,true,1,31827
835811000396,false,נייר אפיה תבנית מאור,הנג טונג,CN,נייר אפיה תבנית מאורכת 30יח,יחידה,30.00,יחידה,false,24,11.90,0.3967,true,1,23670
835811000402,false,כפות חד פעמי עבה במי,,,כפות חד פעמי עבה במיוחד 50יח קרם,יחידה,50.00,יחידה,false,1,21.90,0.4380,true,1,19999
835811000419,false,כפיות חד פעמי עבה במ,,,כפיות חד פעמי עבה במיוחד 50יח קרם,יחידה,50.00,יחידה,false,1,21.90,0.4380,true,1,19998
835811000426,false,מזלגות חד  פעמי עבה,,,מזלגות חד  פעמי עבה במיוחד 50יח קרם,יחידה,50.00,יחידה,false,1,21.90,0.4380,true,1,19997
835811000433,false,סכינים חד  פעמי עבה,,,סכינים חד  פעמי עבה במיוחד 50יח קרם,יחידה,50.00,יחידה,false,1,21.90,0.4380,true,1,19996
835811000440,false,צלחות גדולות 1קג קרם,,,צלחות גדולות 1קג קרם,קילוגרמים,1.00,"ק""ג",false,1,42.90,42.9000,true,1,19995
835811000488,false,קערה תבור מלבן 2 ליט,,CN,קערה תבור מלבן 2 ליטר,יחידה,1.00,יחידה,false,24,9.90,9.9000,true,1,22076
835811000495,false,קערה תבור מרובע 1.8,,CN,קערה תבור מרובע 1.8 ליטר,יחידה,1.00,יחידה,false,24,7.90,7.9000,true,1,22075
835811000884,false,כוסות חד פעמי מעוטרו,,,כוסות חד פעמי מעוטרות כסף 40יח 285סמק,יחידה,40.00,יחידה,false,25,16.90,0.4225,true,1,24881
835811000907,false,כוסות יין חד פעמי מע,,,כוסות יין חד פעמי מעוטרות כסף 50יח 90סמק,יחידה,50.00,יחידה,false,40,12.90,0.2580,true,1,24883
835811001546,false,מרקיות חד פעמי ונציה,,,מרקיות חד פעמי ונציה לבן 10יח,יחידה,10.00,יחידה,false,16,19.90,1.9900,true,1,41466
835811001553,false,צלחות חד פעמי ונציה,,,צלחות חד פעמי ונציה קטנות לבן 10יח,יחידה,10.00,יחידה,false,16,14.90,1.4900,true,1,41465
835811001560,false,צלחות חד פעמי ונציה,,,צלחות חד פעמי ונציה גדולות לבן 10יח,יחידה,10.00,יחידה,false,16,19.90,1.9900,true,1,41464
835811001577,false,צלחות חד פעמי ונציה,,,צלחות חד פעמי ונציה ענק לבן 10יח,יחידה,10.00,יחידה,false,16,24.90,2.4900,true,1,41463
835811001638,false,מזלגות מיני חד פעמי,מיקרון מקינה,,מזלגות מיני חד פעמי 50 יח,יחידה,50.00,יחידה,false,1,4.90,0.0980,true,1,12553
835811001645,false,כפיות מיני  חד פעמי,מיקרון מקינה,,כפיות מיני  חד פעמי 50 יח,יחידה,50.00,יחידה,false,1,4.90,0.0980,true,1,12554
835811001652,false,כוסות חד פעמי לשתיה,ווינפאק סחר בעמ,,כוסות חד פעמי לשתיה קרה 330 סמק 40יח,יחידה,40.00,יחידה,false,1,12.90,0.3225,true,1,12555
835811001713,false,ניילון נצמד 150 מטר,ווינפאק סחר בעמ,,ניילון נצמד 150 מטר 30סמ,מטרים,150.00,מטר,false,1,15.90,0.1060,true,1,13188
835811001782,false,זוג מזלג הגשה חד פעמ,,,זוג מזלג הגשה חד פעמי פלסטיק שקוף,יחידה,2.00,יחידה,false,1,2.90,1.4500,true,1,11342
835811001805,false,כוס קינוח אלגנט חד פ,,,כוס קינוח אלגנט חד פעמי+מכסה 12יח 120סמק,יחידה,12.00,יחידה,false,1,16.90,1.4083,true,1,11485
835811001829,false,מגש מרובע חד פעמי שק,,,מגש מרובע חד פעמי שקוף ונציה30.5/30.5,יחידה,1.00,יחידה,false,1,14.90,14.9000,true,1,11344
835811001843,false,מגש אינגליש קייק חד,,,מגש אינגליש קייק חד פעמי שקוף ונציה37/17,יחידה,1.00,יחידה,false,1,7.90,7.9000,true,1,11343
835811001928,false,קוקטים לאפייה 50 יח,,,קוקטים לאפייה 50 יח 3 אונז,יחידה,50.00,יחידה,false,1,15.90,0.3180,true,1,10468
835811002000,false,כוס שתיה קרה פרימיום,,,כוס שתיה קרה פרימיום 300סמק 20יח חד פעמי,יחידה,20.00,יחידה,false,1,21.90,1.0950,true,1,14824
835811002079,false,נר נשמה 48 שעות זכוכ,,,נר נשמה 48 שעות זכוכית,יחידה,1.00,יחידה,false,1,4.90,4.9000,true,1,14434
835811002093,false,מגש כוכב חד פעמי 33,,,מגש כוכב חד פעמי 33 סמ,יחידה,1.00,יחידה,false,1,12.90,12.9000,true,1,14430
835811002116,false,מגש כוכב חד פעמי 27,,,מגש כוכב חד פעמי 27 סמ,יחידה,1.00,יחידה,false,1,7.90,7.9000,true,1,14429
835811002215,false,עטרות מאפינס צבעוני,,,עטרות מאפינס צבעוני 200יח מס 4,יחידה,200.00,יחידה,false,1,9.90,0.0495,true,1,14433
835811002239,false,עטרות מאפינס צבעוני,,,עטרות מאפינס צבעוני 200יח מס 3,יחידה,200.00,יחידה,false,1,6.90,0.0345,true,1,14432
835811002246,false,עטרות מאפינס צבעוני,,,עטרות מאפינס צבעוני 200יח מס 2,יחידה,200.00,יחידה,false,1,7.90,0.0395,true,1,14431
835811002277,false,שיפודי במבוק עבים 35,,IL,שיפודי במבוק עבים 35סמ 50יח,יחידה,50.00,יחידה,false,50,5.90,0.1180,true,1,30536
835811002390,false,שיפודי במבוק חד פעמי,,,שיפודי במבוק חד פעמי 15סמ 100יח יקיטורי,יחידה,100.00,יחידה,false,25,9.90,0.0990,true,1,31936
835811002635,false,נייר אפיה בגליל 25מט,,IL,נייר אפיה בגליל 25מטר 37סמ רוחב,מטרים,25.00,מטר,false,15,21.90,0.8760,true,1,30535
835811002673,false,סירופ רוזטה הנמל 250,"פוליבה בע""ם",IL,סירופ רוזטה הנמל 250 מל,מיליליטרים,250.00,"100 מ""ל",false,12,11.90,4.7600,true,1,32929
835811002680,false,מי ורדים הנמל 250 מל,"פוליבה בע""ם",IL,מי ורדים הנמל 250 מל,מיליליטרים,250.00,"100 מ""ל",false,12,11.90,4.7600,true,1,32928
835811002697,false,סירופ מלבי הנמל 250,"פוליבה בע""ם",IL,סירופ מלבי הנמל 250 מל,מיליליטרים,250.00,"100 מ""ל",false,12,11.90,4.7600,true,1,32927
835811002734,false,מזרה קונפטי ארוך 90,,,מזרה קונפטי ארוך 90 גר צנצנת,Unknown,0.00,Unknown,false,24,5.90,0.0000,true,1,32925
835811002741,false,מזרה גמבו קונפטי ארו,,,מזרה גמבו קונפטי ארוך 190 גר צנצנת,גרמים,190.00,100 גרם,false,15,9.90,5.2105,true,1,32926
835811003038,false,כפפות חד פעמי כחולות,,,כפפות חד פעמי כחולות 100יח לארג טיפיאי,יחידה,100.00,יחידה,false,20,16.90,0.1690,true,1,31931
835811003045,false,כפפות חד פעמי כחולות,,,כפפות חד פעמי כחולות 100יח אקס אל טיפיאי,יחידה,100.00,יחידה,false,20,16.90,0.1690,true,1,31929
835811003052,false,כפפות חד פעמי שחורות,,,כפפות חד פעמי שחורות 100יח סמול טיפיאי,יחידה,100.00,יחידה,false,20,16.90,0.1690,true,1,31933
835811003069,false,כפפות חד פעמי שחורות,,,כפפות חד פעמי שחורות 100יח מדיום טיפיאי,יחידה,100.00,יחידה,false,20,16.90,0.1690,true,1,31934
835811003083,false,כפפות חד פעמי שחורות,,,כפפות חד פעמי שחורות 100יח אקס אל טיפיאי,יחידה,100.00,יחידה,false,20,16.90,0.1690,true,1,31935
835811003090,false,מזלגות הגשה חד פעמי,,,מזלגות הגשה חד פעמי אלגנט שקוף 10יח,יחידה,10.00,יחידה,false,20,10.90,1.0900,true,1,44058
835811003106,false,כפות הגשה חד פעמי אל,,,כפות הגשה חד פעמי אלגנט שקוף 10יח,יחידה,10.00,יחידה,false,20,10.90,1.0900,true,1,44057
835811003199,false,נייר אפיה מלבני 16יח,,,נייר אפיה מלבני 16יחידות 26/32סמ,יחידה,16.00,יחידה,false,24,16.90,1.0562,true,1,40959
835811003434,false,כוסות חד פעמי משובחו,,,כוסות חד פעמי משובחות 10יח 240סמק,יחידה,10.00,יחידה,false,24,9.90,0.9900,true,1,40958
835811003441,false,תבניות מחולקות 3 תאי,,,תבניות מחולקות 3 תאים+מכסה 5יח,יחידה,5.00,יחידה,false,8,9.90,1.9800,true,1,40957
835811003458,false,מזלגות חד פעמי אלגנט,,,מזלגות חד פעמי אלגנט שקוף 50יח,יחידה,50.00,יחידה,false,20,8.90,0.1780,true,1,44049
835811003465,false,סכינים חד פעמי אלגנט,,,סכינים חד פעמי אלגנט שקוף 50יח,יחידה,50.00,יחידה,false,20,8.90,0.1780,true,1,44050
835811003472,false,כפות חד פעמי אלגנט ש,,,כפות חד פעמי אלגנט שקוף 50יח,יחידה,50.00,יחידה,false,20,8.90,0.1780,true,1,44052
835811003489,false,כפיות חד פעמי אלגנט,,,כפיות חד פעמי אלגנט שקוף 50יח,יחידה,50.00,יחידה,false,20,8.90,0.1780,true,1,44051
835811003588,false,צלחות חד פעמי קלאסי,,,צלחות חד פעמי קלאסי גדול 65יח לבן,יחידה,65.00,יחידה,false,20,29.90,0.4600,true,1,40956
835811003595,false,צלחות חד פעמי קלאסי,,,צלחות חד פעמי קלאסי קטן 65יח לבן,יחידה,65.00,יחידה,false,36,18.90,0.2908,true,1,40955
835811003625,false,נרות צבעוניים 12 יח,,PL,נרות צבעוניים 12 יח,יחידה,12.00,יחידה,false,30,9.90,0.8250,true,1,18678
835811003823,false,קופסאות אחסון מלבן 1,נינגבו יונאן,,קופסאות אחסון מלבן 1ליטר 5 יח,יחידה,5.00,יחידה,false,1,14.90,2.9800,true,1,17401
835811003830,false,גביעי אחסון 1ליטר 6י,נינגבו יונאן,,גביעי אחסון 1ליטר 6יח,יחידה,6.00,יחידה,false,1,14.90,2.4833,true,1,17400
835811003854,false,גביעי אחסון 250מל עג,נינגבו יונאן,,גביעי אחסון 250מל עגול 10יח,יחידה,10.00,יחידה,false,1,11.90,1.1900,true,1,17398
835811004141,false,נר ריחני בריח וניל,,PL,נר ריחני בריח וניל,יחידה,1.00,יחידה,false,8,9.90,9.9000,true,1,18680
835811004226,false,מפת שולחן ניילון עבה,,IL,מפת שולחן ניילון עבה בגליל 45מטר,מטרים,45.00,מטר,false,9,31.90,0.7089,true,1,18020
835811004455,false,קישקשים מנייר 125יח,הנג טונג,CN,קישקשים מנייר 125יח צבעוני פי וי סי,יחידה,125.00,יחידה,false,24,9.90,0.0792,true,1,23669
835811004509,false,קערת פסים גדולה לסלט,הנג טונג,CN,קערת פסים גדולה לסלט ענק חד פעמי,יחידה,1.00,יחידה,false,24,12.90,12.9000,true,1,18676
835811004516,false,קערת פסים קטנה לסלט,הנג טונג,CN,קערת פסים קטנה לסלט קטן חד פעמי,יחידה,1.00,יחידה,false,24,6.90,6.9000,true,1,18677
835811004547,false,כפות חד פעמי 50יחידו,,,כפות חד פעמי 50יחידות מדיום שקוף,יחידה,50.00,יחידה,false,40,10.90,0.2180,true,1,31938
835811004554,false,סכינים חד פעמי 50יחי,,,סכינים חד פעמי 50יחידות מדיום שקוף,יחידה,50.00,יחידה,false,40,10.90,0.2180,true,1,31939
835811004561,false,כפיות חד פעמי 50יחיד,,,כפיות חד פעמי 50יחידות מדיום שקוף,יחידה,50.00,יחידה,false,40,10.90,0.2180,true,1,31940
835811004677,false,עטרות מס 4 אלומ. לאפ,,,עטרות מס 4 אלומ. לאפיה 100יח כסף/זהב,יחידה,100.00,יחידה,false,1,8.90,0.0890,true,1,9261
835811004707,false,פירורי לחם מוזהב 440,,,פירורי לחם מוזהב 440 ג,גרמים,440.00,100 גרם,false,1,6.90,1.5682,true,1,7110
835811004790,false,מגש הגשה עגול בינוני,,,מגש הגשה עגול בינוני מחולק 1 יח,יחידה,1.00,יחידה,false,1,7.90,7.9000,true,1,7113
835811004813,false,מגש הגשה מאורך מחולק,,,מגש הגשה מאורך מחולק 4 תאים 1 יח,יחידה,1.00,יחידה,false,1,6.90,6.9000,true,1,7114
835811004943,false,קסרול שקוף אלגנט 10,,,קסרול שקוף אלגנט 10 יח,יחידה,10.00,יחידה,false,1,16.90,1.6900,true,1,7335
835811004967,false,מנגל גריל ענק חד פעמ,,,מנגל גריל ענק חד פעמי,Unknown,0.00,Unknown,false,1,36.90,0.0000,true,1,7299
835811005018,false,כוס קריסטל יהלום 50,,,כוס קריסטל יהלום 50 יח,יחידה,50.00,יחידה,false,1,14.90,0.2980,true,1,7574
835811005025,false,סיר אלומיניום חד פעמ,,,סיר אלומיניום חד פעמי 2 יח עם מכסה,יחידה,2.00,יחידה,false,1,17.90,8.9500,true,1,11469
835811005049,false,נייר אפיה מתכלה ירוק,,,נייר אפיה מתכלה ירוק 40 יח,יחידה,1.00,יחידה,false,1,13.90,13.9000,true,1,7112
835811005094,false,כוס יין עם רגל 100 ס,,,כוס יין עם רגל 100 סמק 10 יח,יחידה,10.00,יחידה,false,1,8.90,0.8900,true,1,7334
835811005100,false,קערה מעוטרת בינונית,,,קערה מעוטרת בינונית יחידה,יחידה,1.00,יחידה,false,1,4.90,4.9000,true,1,6952
835811005117,false,קערה מעוטרת קטנה יחי,,,קערה מעוטרת קטנה יחידה,יחידה,1.00,יחידה,false,1,6.90,6.9000,true,1,6953
835811005148,false,מגש עגול 16 אינש פסי,,,מגש עגול 16 אינש פסים 1 יח,יחידה,1.00,יחידה,false,1,13.90,13.9000,true,1,7979
835811005193,false,מגש עגול 14 אינש פסי,,,מגש עגול 14 אינש פסים 1 יח,יחידה,1.00,יחידה,false,1,13.90,13.9000,true,1,7978
835811005209,false,מגש עגול 12 אינש פסי,,,מגש עגול 12 אינש פסים 1 יח,יחידה,1.00,יחידה,false,1,4.90,4.9000,true,1,7977
835811005230,false,קערה 32 אונס שקופה מ,,,קערה 32 אונס שקופה מרובעת,יחידה,1.00,יחידה,false,1,6.90,6.9000,true,1,7974
835811005247,false,קערה 16 אונס 4 יח שק,,,קערה 16 אונס 4 יח שקופה,יחידה,4.00,יחידה,false,1,10.90,2.7250,true,1,7976
835811005322,false,פחם דרום אמריקאי 2 ק,,,פחם דרום אמריקאי 2 קג,קילוגרמים,2.00,"ק""ג",false,1,18.50,9.2500,true,1,8017
835811005339,false,שקיות אוכל בקרטון מא,,,שקיות אוכל בקרטון מארז 2יח 150יח,יחידה,300.00,יחידה,false,1,8.90,0.0297,true,1,9639
835811005407,false,כוסות קפה לדרך+מכסה,,,כוסות קפה לדרך+מכסה 12 אונז 12 יח,יחידה,12.00,יחידה,false,1,15.90,1.3250,true,1,7784
835811005421,false,שיפודים עבים 25 סמ 7,,,שיפודים עבים 25 סמ 75 יח,יחידה,75.00,יחידה,false,1,3.90,0.0520,true,1,7301
835811005513,false,כוס ויסקי גבוהה 10 י,,,כוס ויסקי גבוהה 10 יח,יחידה,10.00,יחידה,false,1,13.90,1.3900,true,1,9112
835811005704,false,נייר עטיפה לכריכים 1,,,נייר עטיפה לכריכים 100 יח 35/25 סמ,Unknown,0.00,Unknown,false,1,7.90,0.0000,true,1,7115
835811005711,false,עטרות מס 5 אלומ. לאפ,,,עטרות מס 5 אלומ. לאפיה 100יח כסף/זהב,יחידה,100.00,יחידה,false,1,9.90,0.0990,true,1,9262
835811005728,false,עלים לעוגת קרמשניט 4,,,עלים לעוגת קרמשניט 400 גר,גרמים,400.00,100 גרם,false,1,14.90,3.7250,true,1,9008
835811005971,false,מפת שולחן אל בד עם ר,,,מפת שולחן אל בד עם רנר מודפס 1.2/2.70,Unknown,0.00,Unknown,false,1,8.90,0.0000,true,1,10470
835811006046,false,צלחות ליפתן חד פעמי,,,צלחות ליפתן חד פעמי  אמריקאיות 5אונז 100,יחידה,100.00,יחידה,false,1,29.90,0.2990,true,1,11483
835811006176,false,כוס קינוח קריסטל 60מ,,,כוס קינוח קריסטל 60מל 24יח,יחידה,24.00,יחידה,false,1,15.90,0.6625,true,1,9230
835811006183,false,כוס קינוח קריסטל 120,,,כוס קינוח קריסטל 120מל 24יח,יחידה,24.00,יחידה,false,1,21.90,0.9125,true,1,9231
835811006206,false,כוסות 9 אונס מקנה סו,,,כוסות 9 אונס מקנה סוכר מתכלות 25 יח,יחידה,1.00,יחידה,false,1,12.90,12.9000,true,1,7998
835811006404,false,מגש הגשה מלבן שקוף ו,,,מגש הגשה מלבן שקוף ונציה 25.5*36סמ,יחידה,1.00,יחידה,false,1,12.90,12.9000,true,1,10143
835811006503,false,צלחות קרטון זהב תחרה,,,צלחות קרטון זהב תחרה 10יח 28סמ,יחידה,10.00,יחידה,false,1,14.90,1.4900,true,1,9638
835811006534,false,כוסות קרטון 16 אונז,,,כוסות קרטון 16 אונז 50 יח,יחידה,50.00,יחידה,false,1,23.90,0.4780,true,1,10144
835811006596,false,ליפתן הגשה 6אונז ומכ,,,ליפתן הגשה 6אונז ומכסה 12 יח,יחידה,12.00,יחידה,false,1,15.90,1.3250,true,1,10530
835811006695,false,תבניות קוקוטים לאפיה,,,תבניות קוקוטים לאפיה 20 יח 5.5 אונז,יחידה,20.00,יחידה,false,1,8.90,0.4450,true,1,9636
835811006701,false,תבניות קוקוטים לאפיה,,,תבניות קוקוטים לאפיה 24 יח 3 אונז,יחידה,24.00,יחידה,false,1,8.90,0.3708,true,1,9635
835811006985,false,בורגול 500 גר,,,בורגול 500 גר,גרמים,500.00,100 גרם,false,1,5.90,1.1800,true,1,6196
835811007142,false,עדשים ירוקים 500 גרם,,,עדשים ירוקים 500 גרם,גרמים,500.00,100 גרם,false,1,7.90,1.5800,true,1,4225
835811007166,false,כוסות קפה+מכסה לדרך,,,כוסות קפה+מכסה לדרך 16 יח,יחידה,16.00,יחידה,false,1,13.90,0.8688,true,1,7306
835811007197,false,עדשים אדומים 500 גרם,,,עדשים אדומים 500 גרם,גרמים,500.00,100 גרם,false,1,7.90,1.5800,true,1,4224
835811007203,false,קמח מצה 500 גרם,,,קמח מצה 500 גרם,גרמים,500.00,100 גרם,false,1,8.90,1.7800,true,1,4229
835811007210,false,חומוס גרעינים 500 גר,,,חומוס גרעינים 500 גרם,גרמים,500.00,100 גרם,false,1,7.90,1.5800,true,1,4222
835811007227,false,חיטה 500 גרם,,,חיטה 500 גרם,גרמים,500.00,100 גרם,false,1,5.90,1.1800,true,1,4223
835811007234,false,אפונה יבשה 500 גר,,,אפונה יבשה 500 גר,גרמים,500.00,100 גרם,false,1,6.90,1.3800,true,1,4220
835811007258,false,שעועית לבנה 500 גרם,,,שעועית לבנה 500 גרם,גרמים,500.00,100 גרם,false,1,10.00,2.0000,true,1,4228
835811007296,false,כפיות חד פעמי אלגנט,,,כפיות חד פעמי אלגנט קרם 50יח,יחידה,50.00,יחידה,false,20,8.90,0.1780,true,1,44055
835811007302,false,כפות חד פעמי אלגנט ק,,,כפות חד פעמי אלגנט קרם 50יח,יחידה,50.00,יחידה,false,20,8.90,0.1780,true,1,44056
835811007319,false,מזלגות חד פעמי אלגנט,,,מזלגות חד פעמי אלגנט קרם 50יח,יחידה,50.00,יחידה,false,20,8.90,0.1780,true,1,44053
835811007326,false,סכינים חד פעמי אלגנט,,,סכינים חד פעמי אלגנט קרם 50יח,יחידה,50.00,יחידה,false,20,8.90,0.1780,true,1,44054
835811007357,false,צלחות סלטינות אובלי,,,צלחות סלטינות אובלי 25 יח חדפ,יחידה,25.00,יחידה,false,1,8.90,0.3560,true,1,7305
835811007432,false,תבניות קרטון חד פעמי,דוקארט,IL,תבניות קרטון חד פעמי משפחתיות 3יח,יחידה,3.00,יחידה,false,24,9.90,3.3000,true,1,18019
835811007562,false,תבניות קרטון אינגליש,,,תבניות קרטון אינגליש קייקס 6 יח,Unknown,0.00,Unknown,false,1,7.90,0.0000,true,1,3553
835811007661,false,שקיות הקפאה  200 יח,,,שקיות הקפאה  200 יח הנמל,יחידה,200.00,יחידה,false,1,10.00,0.0500,true,1,11482
835811007678,false,שקיות  אוכל  200 יח,,,שקיות  אוכל  200 יח הנמל,יחידה,200.00,יחידה,false,1,3.90,0.0195,true,1,11481
835811008132,false,מארז 6 יח ספוגי מתכת,,,מארז 6 יח ספוגי מתכת ארוז בגליל,יחידה,6.00,יחידה,false,1,13.90,2.3167,true,1,5734
835811008347,false,גפרור ענק,,,גפרור ענק,יחידה,10.00,יחידה,false,1,4.90,0.4900,true,1,7240
835811008606,false,סיר אלומיניום 3 יח ח,,,סיר אלומיניום 3 יח חד פעמי,Unknown,0.00,Unknown,false,1,16.90,0.0000,true,1,5918
835811008699,false,כפות עבות במיוחד 50,,,כפות עבות במיוחד 50 יח צבעוני,יחידה,50.00,יחידה,false,1,21.90,0.4380,true,1,7329
835811008743,false,קינואה 500 גר,,,קינואה 500 גר,גרמים,500.00,100 גרם,false,1,10.90,2.1800,true,1,6217
835811008767,false,גריסי פנינה 500 גר,,,גריסי פנינה 500 גר,גרמים,500.00,100 גרם,false,1,5.90,1.1800,true,1,6218
835811008774,false,צלחות אמריקאיות 7 סמ,,,צלחות אמריקאיות 7 סמ קטן 100 יח,יחידה,100.00,יחידה,false,1,42.90,0.4290,true,1,7331
835811008927,false,כוס ויסקי גבוהה 10 י,,,כוס ויסקי גבוהה 10 יח,יחידה,10.00,יחידה,false,1,16.90,1.6900,true,1,7327
835811008934,false,מזלג עבה במיוחד 50 י,,,מזלג עבה במיוחד 50 יח צבעוני,יחידה,50.00,יחידה,false,1,21.90,0.4380,true,1,7308
835811008941,false,סכין עבה במיוחד 50 י,,,סכין עבה במיוחד 50 יח צבעוני,יחידה,50.00,יחידה,false,1,21.90,0.4380,true,1,7307
835811008958,false,כפיות עבה במיוחד 50,,,כפיות עבה במיוחד 50 יח צבעוני,יחידה,50.00,יחידה,false,1,21.90,0.4380,true,1,7309
835811008989,false,כוסות מקרטון 12 אונז,,,כוסות מקרטון 12 אונז 50 יח,יחידה,50.00,יחידה,false,1,19.90,0.3980,true,1,7163
835811008996,false,כוסות מקרטון 10 אונז,,,כוסות מקרטון 10 אונז 50 יח,יחידה,50.00,יחידה,false,1,18.90,0.3780,true,1,5600
835811009009,false,כוסות מקרטון 6 אונז,,,כוסות מקרטון 6 אונז 50 יח,Unknown,0.00,Unknown,false,1,11.90,0.0000,true,1,7162
835811009016,false,כוסות מקרטון 4 אונז,,,כוסות מקרטון 4 אונז 50 יח,יחידה,50.00,יחידה,false,1,8.90,0.1780,true,1,5599
835811009023,false,כוסות מקרטון 8 אונז,,,כוסות מקרטון 8 אונז 50 יח,Unknown,0.00,Unknown,false,1,13.90,0.0000,true,1,7164
835811009115,false,מגש מלבני שקוף 1 יח,,,מגש מלבני שקוף 1 יח,יחידה,1.00,יחידה,false,1,7.90,7.9000,true,1,7315
835811009139,false,קערית לפתן מרובע קטן,,,קערית לפתן מרובע קטן 10 יח,יחידה,10.00,יחידה,false,1,14.90,1.4900,true,1,7321
835811009146,false,קערות קטנות אובליות,,,קערות קטנות אובליות אלגנט 10 יח,יחידה,10.00,יחידה,false,1,21.90,2.1900,true,1,6955
835811009184,false,צלחת אלגנט ענקית 18,,,צלחת אלגנט ענקית 18 יח,יחידה,18.00,יחידה,false,1,54.90,3.0500,true,1,7318
835811009207,false,מרקיות עגול אלגנט בי,,,מרקיות עגול אלגנט בינוני 18 יח,יחידה,18.00,יחידה,false,1,36.90,2.0500,true,1,7322
835811009214,false,צלחת אלגנט 7.5 סמ קט,,,צלחת אלגנט 7.5 סמ קטן 18 יח,יחידה,18.00,יחידה,false,1,34.90,1.9389,true,1,7316
835811009221,false,קערית לפתן אלגנט עגו,,,קערית לפתן אלגנט עגול 18 יח,יחידה,18.00,יחידה,false,1,19.90,1.1056,true,1,7320
835811009313,false,כוס לשמפנייה 12 יח 5,,,כוס לשמפנייה 12 יח 5 אונס,יחידה,20.00,יחידה,false,1,14.90,0.7450,true,1,7313
835811009337,false,כוס יין 12 יח 6 אונס,,,כוס יין 12 יח 6 אונס,יחידה,20.00,יחידה,false,1,13.90,0.6950,true,1,7311
835811009351,false,כוס קריסטל 8 אונז 18,,,כוס קריסטל 8 אונז 18 יח,יחידה,18.00,יחידה,false,1,14.90,0.8278,true,1,7319
835811009368,false,מרקיות צבעוני מעורב,,,מרקיות צבעוני מעורב 25 יח,יחידה,25.00,יחידה,false,1,14.90,0.5960,true,1,5925
835811009405,false,צלחת אובלית צבעוני מ,,,צלחת אובלית צבעוני מעורב 25 יח,יחידה,25.00,יחידה,false,1,29.90,1.1960,true,1,7314
835811009412,false,צלחות קטנות צבעוני מ,,,צלחות קטנות צבעוני מעורב 25 יח,יחידה,25.00,יחידה,false,1,12.90,0.5160,true,1,5922
835811009429,false,צלחות גדולות צבעוני,,,צלחות גדולות צבעוני מעורב 25 יח,יחידה,25.00,יחידה,false,1,16.90,0.6760,true,1,5921
835811009436,false,צלחות ענק צבעוני מעו,,,צלחות ענק צבעוני מעורב 25 יח,יחידה,25.00,יחידה,false,1,21.90,0.8760,true,1,5920
835811009689,false,כוסות צבעוני מעורב 5,,,כוסות צבעוני מעורב 50 יח,יחידה,50.00,יחידה,false,1,14.90,0.2980,true,1,5919
835811009696,false,כוס יין מרובעת 24 יח,,,כוס יין מרובעת 24 יח,יחידה,24.00,יחידה,false,1,12.90,0.5375,true,1,7325
835811009795,false,כוס מרובעת 10 אונס 2,,,כוס מרובעת 10 אונס 20 יח,יחידה,20.00,יחידה,false,1,22.90,1.1450,true,1,7324
837038000104,false,שום מיובש במטחנה 60,NATURAL HERBS & SPIC,,שום מיובש במטחנה 60 גר,Unknown,0.00,Unknown,false,1,16.50,0.0000,true,1,10355
837038000371,false,פלפל 4 צבעים במטחנה,NATURAL HERBS & SPIC,,פלפל 4 צבעים במטחנה 185 גר,גרמים,185.00,100 גרם,false,1,45.00,24.3243,true,1,12875
837038000678,false,מלח ים גס במטחנה 415,NATURAL HERBS & SPIC,,מלח ים גס במטחנה 415 גר,גרמים,415.00,100 גרם,false,1,34.90,8.4096,true,1,9275
837038000685,false,מלח הימלאיה מטחנה 41,NATURAL HERBS & SPIC,,מלח הימלאיה מטחנה 415 גר,גרמים,415.00,100 גרם,false,1,34.90,8.4096,true,1,10353
837038000692,false,פלפל שחורבמטחנה 185,NATURAL HERBS & SPIC,,פלפל שחורבמטחנה 185 גר,גרמים,185.00,100 גרם,false,1,40.00,21.6216,true,1,9276
838913000127,false,מחית פירות דיביס להק,פיירטק הולדינג,,מחית פירות דיביס להקפאה 400 מל אורגני,גרמים,400.00,100 גרם,false,1,24.90,6.2250,true,1,40900
838913000400,false,מחית פירות טרופי דיב,,IT,מחית פירות טרופי דיביס להקפאה400מל אורגנ,מיליליטרים,400.00,"100 מ""ל",false,18,24.90,6.2250,true,1,44726
839762000641,false,משקה איילנד מנגו 1 ל,The Egyptian Co. for,,משקה איילנד מנגו 1 ל פקדון,ליטרים,1.00,ליטר,false,1,11.90,11.9000,true,1,3676
839762000658,false,משקה איילנד גויאבה 1,The Egyptian Co. for,,משקה איילנד גויאבה 1 ל פיקדון,ליטרים,1.00,ליטר,false,1,11.90,11.9000,true,1,3675
841058006633,false,גל גילוח אדג מועשר ב,,,גל גילוח אדג מועשר בשיבולת שועל 210גר,גרמים,210.00,100 גרם,false,1,17.90,8.5238,true,1,27274
842515006722,false,מארז משמשים מיובשים,,,משמש מיובש אורגני 250 גר,גרמים,250.00,100 גרם,false,1,21.90,8.7600,true,1,19259
842515010125,false,מארז תאנים מיובשות ב,,,תאנים מיובשות בשמש אורגני 250 גר,גרמים,250.00,100 גרם,false,1,21.90,8.7600,true,1,19260
842515020155,false,מארז צימוקים מיובשים,,,צימוקים סולטנה מיובשים אורגני 250 גר,גרמים,250.00,100 גרם,false,1,21.90,8.7600,true,1,19258
844510012067,false,יין יצחק רם קברנה פר,רמת חברון,IL,יין יצחק רם קברנה פרנק 750 מל,מיליליטרים,750.00,"100 מ""ל",false,12,100.00,13.3333,true,1,22042
844510012104,false,יין רמת יהודה קברנה,יין רמת יהודה  א.ג.ת,IL,יין רמת יהודה קברנה סוביניון 750 מל,מיליליטרים,750.00,"100 מ""ל",false,6,70.00,9.3333,true,1,24050
844510012128,false,יין רמת יהודה מרלו 7,יין רמת יהודה  א.ג.ת,IL,יין רמת יהודה מרלו 750 מל,מיליליטרים,750.00,"100 מ""ל",false,6,70.00,9.3333,true,1,24049
844510012135,false,יין רמת יהודה פטיט ו,יין רמת יהודה  א.ג.ת,IL,יין רמת יהודה פטיט ורדו 750 מל,מיליליטרים,750.00,"100 מ""ל",false,6,70.00,9.3333,true,1,24051
844510012173,false,יין רמת יהודה קברנה,יין רמת יהודה  א.ג.ת,IL,יין רמת יהודה קברנה חצי יבש 750 מל,מיליליטרים,750.00,"100 מ""ל",false,6,70.00,9.3333,true,1,24052
844510012203,false,יין יצחק רם קברנה סו,רמת חברון,IL,יין יצחק רם קברנה סוביניון 750 מל,מיליליטרים,750.00,"100 מ""ל",false,12,100.00,13.3333,true,1,22043
844510012227,false,יין פרדס מרלו 750 מל,רמת חברון,IL,יין פרדס מרלו 750 מל,מיליליטרים,750.00,"100 מ""ל",false,12,100.00,13.3333,true,1,22040
844510012241,false,יין רמת ירושלים קברנ,רמת חברון,IL,יין רמת ירושלים קברנה מרלו 750 מל,מיליליטרים,750.00,"100 מ""ל",false,12,100.00,13.3333,true,1,22041
850004207093,false,תחליף בשר טחון ביונד,,,תחליף בשר טחון ביונד מיט 453 גר,גרמים,453.00,100 גרם,false,12,34.90,7.7042,true,1,26776
850004207789,false,כדורי מיטבולס ביונד,,,כדורי מיטבולס ביונד מיט 290גר דיפלומט,גרמים,290.00,100 גרם,false,8,34.90,12.0345,true,1,31908
850006036028,false,מקלונים לניגוב עבאדי,עבאדי,IL,מקלונים לניגוב עבאדי סלק ובצל 400 גרם,גרמים,400.00,100 גרם,false,1,17.90,4.4750,true,1,41279
850307005617,false,איטריות ביצים דקות ו,א.ל.ב. גולד,,איטריות ביצים דקות ורמיצלי פאדן 500גר,גרמים,500.00,100 גרם,false,1,11.90,2.3800,true,1,17034
850307005624,false,איטריות ביצים עבות ו,א.ל.ב. גולד,,איטריות ביצים עבות ורמיצלי פאדן 500גר,גרמים,500.00,100 גרם,false,1,11.90,2.3800,true,1,17035
850307005662,false,איטריות ביצים חינקל,א.ל.ב. גולד,,איטריות ביצים חינקל פאדן 500גר,גרמים,500.00,100 גרם,false,1,11.90,2.3800,true,1,17037
850307005693,false,איטריות ביצים לפשה ד,א.ל.ב. גולד,,איטריות ביצים לפשה דק 500גר,גרמים,500.00,100 גרם,false,1,11.90,2.3800,true,1,24739
850307005716,false,איטריות ביצים ספירלי,א.ל.ב. גולד,,איטריות ביצים ספירלי פאדן 500גר,גרמים,500.00,100 גרם,false,1,11.90,2.3800,true,1,17039
850307005747,false,איטריות ביצים תלתל פ,א.ל.ב. גולד,,איטריות ביצים תלתל פאדן 500גר,גרמים,500.00,100 גרם,false,1,11.90,2.3800,true,1,17038
850307005792,false,איטריות ביצים לפשה ע,א.ל.ב. גולד,,איטריות ביצים לפשה עבה פאדן 500גר,גרמים,500.00,100 גרם,false,1,11.90,2.3800,true,1,17040
851621000050,false,מארז שישיית בירה 166,,,מארז שישיית בירה 1664 330מל פקדון,ליטרים,1.98,ליטר,false,1,39.90,20.1515,true,1,21200
852000002276,false,יין סאטר הום גוורצטר,,,יין סאטר הום גוורצטרמינר 750 מל פקדון,מיליליטרים,750.00,"100 מ""ל",false,1,40.00,5.3333,true,1,8498
852000002344,false,יין סאטר הום שנין לב,,,יין סאטר הום שנין לבן 750 מל פקדון,מיליליטרים,750.00,"100 מ""ל",false,1,0.30,0.0400,true,1,45180
852000002962,false,יין סאטר הום זינפנדל,,,יין סאטר הום זינפנדל לבן 750 מל פקדון,מיליליטרים,750.00,"100 מ""ל",false,1,0.30,0.0400,true,1,45178
852000006922,false,יין סאטר הום פינו גר,,,יין סאטר הום פינו גריגו 750 מל פקדון,מיליליטרים,750.00,"100 מ""ל",false,1,0.30,0.0400,true,1,45179
852629004750,false,נקניקיות חריפות ביונ,,,נקניקיות חריפות ביונד מיט 4יח 100גר,גרמים,400.00,100 גרם,false,8,45.00,11.2500,true,1,31516
854571007070,false,חטיף קינואה מצופה שו,,US,חטיף קינואה מצופה שוקולד מריר אוכמניות57,Unknown,0.00,Unknown,false,12,13.90,0.0000,true,1,39669
856591000055,false,עוגיות עבאדי קריספי,עבאדי,,עוגיות עבאדי קריספי 400 ג,גרמים,400.00,100 גרם,false,1,16.90,4.2250,true,1,13100
856591000062,false,עוגיות עבאדי מלוח 40,עבאדי,,עוגיות עבאדי מלוח 400 ג,גרמים,400.00,100 גרם,false,1,16.90,4.2250,true,1,3498
856591000109,false,עוגיות מזרחיות פריך,עבאדי,,עוגיות מזרחיות פריך במיוחד 400 ג עבאדי,גרמים,400.00,100 גרם,false,1,16.90,4.2250,true,1,6505
856591000512,false,מקלונים עבאדי לניגוב,עבאדי,IL,מקלונים עבאדי לניגוב טעם טבעי 400 גרם,גרמים,400.00,100 גרם,false,1,17.90,4.4750,true,1,6504
856591000949,false,עבאדי קטנטנים מלוח 3,עבאדי,,עבאדי קטנטנים מלוח 350 גרם,גרמים,350.00,100 גרם,false,15,16.90,4.8286,true,1,32643
856591000956,false,עבאדי קטנטנים טעם גר,עבאדי,,עבאדי קטנטנים טעם גריל 350 גרם,גרמים,350.00,100 גרם,false,15,16.90,4.8286,true,1,41281
856591000970,false,מקלונים לניגוב עבאדי,עבאדי,IL,מקלונים לניגוב עבאדי טעם חריף 400 גרם,גרמים,400.00,100 גרם,false,1,17.90,4.4750,true,1,41280
859547004084,false,ספוג ניקוי סקרופ דאד,,US,ספוג ניקוי סקרופ דאדי לימון,יחידה,1.00,יחידה,false,24,17.90,17.9000,true,1,40483
859547004329,false,ספוג ניקוי סקרופ דאד,,US,ספוג ניקוי סקרופ דאדי,יחידה,1.00,יחידה,false,24,17.90,17.9000,true,1,40480
859547004466,false,ספוג ניקוי סקרופ מאמ,,US,ספוג ניקוי סקרופ מאמי,יחידה,1.00,יחידה,false,24,17.90,17.9000,true,1,40481
866206000202,false,חטיף קינואה מצופה שו,,US,חטיף קינואה מצופה שוקולד חלב 57 גרם,Unknown,0.00,Unknown,false,12,13.90,0.0000,true,1,39668
866206000226,false,חטיף קינואה מצופה שו,,US,חטיף קינואה מצופה שוקולד חלב דומדומניות5,Unknown,0.00,Unknown,false,12,13.90,0.0000,true,1,39672
866206000233,false,חטיף קינואה מצופה שו,,US,חטיף קינואה מצופה שוקולד מריר מלח ים57,Unknown,0.00,Unknown,false,12,13.90,0.0000,true,1,39670
866206000240,false,חטיף קינואה מצופה שו,,US,חטיף קינואה מצופה שוקולד מריר רימונים57,Unknown,0.00,Unknown,false,12,13.90,0.0000,true,1,39671
875213000600,false,בירה פטרוס דובדבן 33,מבשלת פטרוס,,בירה פטרוס דובדבן 330מל בקבוק פקדון,מיליליטרים,330.00,"100 מ""ל",false,1,14.90,4.5152,true,1,13355
877300000777,false,ממרח צימיצורי נפטון,"נפטון מוצרי מזון בע""",,ממרח צימיצורי נפטון ירוק פיקנטי 180 גר,גרמים,180.00,100 גרם,false,1,10.90,6.0556,true,1,13693
877300000814,false,רוטב נפטון טיקה 330,"נפטון מוצרי מזון בע""",,רוטב נפטון טיקה 330 גר,גרמים,330.00,100 גרם,false,1,12.90,3.9091,true,1,9298
877300002689,false,רוטב נפטון קייגון330,"נפטון מוצרי מזון בע""",,רוטב נפטון קייגון330 ג,גרמים,330.00,100 גרם,false,1,12.90,3.9091,true,1,6012
877300003075,false,רוטב נפטון צאטני שזי,"נפטון מוצרי מזון בע""",,רוטב נפטון צאטני שזיף פיקנטי 370 גר,גרמים,370.00,100 גרם,false,1,12.90,3.4865,true,1,9294
877300003259,false,רוטב נפטון סצואן 340,"נפטון מוצרי מזון בע""",,רוטב נפטון סצואן 340 גר,גרמים,340.00,100 גרם,false,1,12.90,3.7941,true,1,14700
877300003297,false,רוטב נפטון צאטני מנג,"נפטון מוצרי מזון בע""",,רוטב נפטון צאטני מנגו חריף 370 גר,גרמים,370.00,100 גרם,false,1,12.90,3.4865,true,1,9295
877300003303,false,רוטב נפטון צאטני מנג,"נפטון מוצרי מזון בע""",,רוטב נפטון צאטני מנגו מתוק 370 ג,גרמים,370.00,100 גרם,false,1,12.90,3.4865,true,1,9289
877300003334,false,רוטב נפטון קארי 330,"נפטון מוצרי מזון בע""",,רוטב נפטון קארי 330 גר,גרמים,330.00,100 גרם,false,1,12.90,3.9091,true,1,14701
884912002372,false,ד.בוקר פוסט קרנברי ס,פוסט ארצות הברית,,ד.בוקר פוסט קרנברי סלקט 368 גר,גרמים,368.00,100 גרם,false,1,24.90,6.7663,true,1,8265
884912004710,false,ד.בוקר פוסט גרייפ נא,פוסט ארצות הברית,,ד.בוקר פוסט גרייפ נאט 581 גר,גרמים,581.00,100 גרם,false,1,21.90,3.7694,true,1,11698
884912102102,false,ד.בוקר פוסט סלקט אוכ,פוסט ארצות הברית,,ד.בוקר פוסט סלקט אוכמניות 453 גר,גרמים,453.00,100 גרם,false,1,24.90,5.4967,true,1,14227
884912111715,false,דגני פוסט האני קומב,פוסט ארצות הברית,US,דגני פוסט האני קומב 354 גר,גרמים,354.00,100 גרם,false,14,22.90,6.4689,true,1,39552
884912116505,false,ד.בוקר פוסט בננה נאט,פוסט ארצות הברית,,ד.בוקר פוסט בננה נאט קראנץ 439 גר,גרמים,439.00,100 גרם,false,1,24.90,5.6720,true,1,6758
884912117625,false,דגני פוסט גולדן קריס,פוסט ארצות הברית,,דגני פוסט גולדן קריספ 311 גר,גרמים,311.00,100 גרם,false,1,22.90,7.3633,true,1,21644
884912126115,false,ד.בוקר פוסט גריט גרי,פוסט ארצות הברית,,ד.בוקר פוסט גריט גריינם 453 גר,גרמים,453.00,100 גרם,false,1,24.90,5.4967,true,1,6757
884912180629,false,ד.בוקר פוסט מרובעים,פוסט ארצות הברית,,ד.בוקר פוסט מרובעים שרדד 464 גר,גרמים,464.00,100 גרם,false,1,19.90,4.2888,true,1,11695
884912342737,false,דגני פוסט וופל קריספ,פוסט ארצות הברית,,דגני פוסט וופל קריספ 326 גר,גרמים,326.00,100 גרם,false,1,22.90,7.0245,true,1,23252
884912359155,false,דגני פוסט האני באנצס,פוסט ארצות הברית,US,דגני פוסט האני באנצס רוסטד 340 גרם,גרמים,340.00,100 גרם,false,12,19.90,5.8529,true,1,41483
884912359162,false,דגני פוסט האני באנצס,פוסט ארצות הברית,US,דגני פוסט האני באנצס שקדים 340 גרם,גרמים,340.00,100 גרם,false,12,19.90,5.8529,true,1,41482
884912359414,false,דגני פוסט האני באנצס,פוסט ארצות הברית,US,דגני פוסט האני באנצס קינמון 340 גרם,גרמים,340.00,100 גרם,false,12,19.90,5.8529,true,1,41478
884912359421,false,דגני פוסט האני באנצס,פוסט ארצות הברית,US,דגני פוסט האני באנצס מייפל פקאן 340 גרם,גרמים,340.00,100 גרם,false,12,19.90,5.8529,true,1,41480
884912359483,false,דגני פוסט האני באנצס,פוסט ארצות הברית,US,דגני פוסט האני באנצס תות 311 גרם,גרמים,311.00,100 גרם,false,12,19.90,6.3987,true,1,41479
884912365200,false,דגני בוקר פוסט אוראו,פוסט ארצות הברית,,דגני בוקר פוסט אוראו 311 גרם,גרמים,311.00,100 גרם,false,8,19.90,6.3987,true,1,44284
884912365217,false,דגני בוקר פוסט אוראו,פוסט ארצות הברית,,דגני בוקר פוסט אוראו 311 גרם,גרמים,311.00,100 גרם,false,8,19.90,6.3987,true,1,29979
884912377142,false,דגני פוסט האני באנצס,פוסט ארצות הברית,US,דגני פוסט האני באנצס וניל 340 גרם,גרמים,340.00,100 גרם,false,12,19.90,5.8529,true,1,41481
885320010577,false,תבשיל אורז וקינואה מ,,CA,תבשיל אורז וקינואה מאק 170 גרם,גרמים,170.00,100 גרם,false,12,21.90,12.8824,true,1,38522
885320010676,false,תבשיל אטריות גוגו טב,,CA,תבשיל אטריות גוגו טבעוני עדשים בטעם גבינ,גרמים,156.00,100 גרם,false,12,21.90,14.0385,true,1,40899
888849000234,false,חטיף חלבון קווסט שוק,,US,חטיף חלבון קווסט שוקולד כפול,יחידה,1.00,יחידה,false,12,16.90,16.9000,true,1,24024
888849000418,false,חטיף חלבון קווסט שוק,,US,חטיף חלבון קווסט שוקולד בראוני,יחידה,1.00,יחידה,false,12,16.90,16.9000,true,1,24017
888849001224,false,חטיף חלבון קווסט סמו,,US,חטיף חלבון קווסט סמורס,יחידה,1.00,יחידה,false,12,16.90,16.9000,true,1,24028
888849004621,false,חטיף חלבון קווסט שבו,,US,חטיף חלבון קווסט שבולת שועל שוקולד ציפס,יחידה,1.00,יחידה,false,12,16.90,16.9000,true,1,24027
888849008049,false,עוגיית חלבון קווסט ח,,US,עוגיית חלבון קווסט חמאת בוטנים שוקולד,יחידה,1.00,יחידה,false,12,16.90,16.9000,true,1,24032
890582000228,false,סנגריה לוליילו רוזה,,,סנגריה לוליילו רוזה  750 מל,Unknown,0.00,Unknown,false,1,35.00,0.0000,true,1,38109
890582000723,false,סנגריה לבנה לוליילו,,,סנגריה לבנה לוליילו 750 מל פיקדון,Unknown,0.00,Unknown,false,1,35.00,0.0000,true,1,21198
897581000365,false,מרשמלו טבעוני 283 גר,,,מרשמלו טבעוני 283 גרם,גרמים,283.00,100 גרם,false,1,22.90,8.0919,true,1,20538
897581000372,false,מרשמלו מיני טבעוני 2,,,מרשמלו מיני טבעוני 283 גרם,גרמים,283.00,100 גרם,false,1,22.90,8.0919,true,1,20537
898193001252,false,בונומלי חליטת קמומיל,הייר ליבינג,GB,בונומלי חליטת קמומיל אורגני 25 גר,יחידה,1.00,יחידה,false,4,15.90,15.9000,true,1,44538
960860015432,false,עוגיות קלות ללא סוכר,,,עוגיות קלות ללא סוכר מקמח מלא 200 גר,גרמים,200.00,100 גרם,false,1,14.90,7.4500,true,1,6493
1230000068116,false,המבורגר ביונד מיט מא,,,המבורגר ביונד מיט מארז זוג 113גר,גרמים,226.00,100 גרם,false,8,34.90,15.4425,true,1,25648
1230000068314,false,תחליף בשר טחון ביונד,,,תחליף בשר טחון ביונד מיט 300 גר,גרמים,300.00,100 גרם,false,8,34.90,11.6333,true,1,31922
1230000116022,false,המבורגר ביונד מיט מא,,,המבורגר ביונד מיט מארז זוג 113גר,גרמים,226.00,100 גרם,false,8,34.90,15.4425,true,1,42022
2000102269860,false,סט 3 תבניות פיירקס א,,,סט 3 תבניות פיירקס אובלי 2.9,יחידה,3.00,יחידה,false,30,49.90,16.6333,true,1,31427
3012991021008,false,משקה רום נגריטה כהה,ברדינה,,משקה רום נגריטה כהה 1 לי,ליטרים,1.00,ליטר,false,1,120.00,120.0000,true,1,19741
3012991502002,false,משקה רום נגריטה לבן,ברדינה,,משקה רום נגריטה לבן 700 מל פקדון,מיליליטרים,700.00,"100 מ""ל",false,1,70.00,10.0000,true,1,3319
3012999150496,false,ליקר ברדינה קרם קסיס,ברדינה,,ליקר ברדינה קרם קסיס דיזו 700 מל פקדון,מיליליטרים,700.00,"100 מ""ל",false,1,55.00,7.8571,true,1,7619
3012999150779,false,ליקר ברדינה טריפל סק,ברדינה,,ליקר ברדינה טריפל סק 750מל פקדון,מיליליטרים,750.00,"100 מ""ל",false,1,85.00,11.3333,true,1,8264
3012999250066,false,סירופ גרנדין ברדינה,ברדינה,,סירופ גרנדין ברדינה 700 מל,מיליליטרים,700.00,"100 מ""ל",false,1,20.00,2.8571,true,1,7602
3014260023089,false,מארז 3 מב.שיניים אור,על בד,,מארז 3 מב.שיניים אורל בי קלאסיק 40מדיום,יחידה,3.00,יחידה,false,1,14.90,4.9667,true,1,11853
3014260048723,false,מברשת שיניים אורל בי,פרוקטר אנד גמבל,,מברשת שיניים אורל בי שלישייה,יחידה,3.00,יחידה,false,1,12.90,4.3000,true,1,15240
3014260214692,false,קצף גילוח גילט סיריי,פרוקטר אנד גמבל,,קצף גילוח גילט סירייס לעור רגיש 200 מל,מיליליטרים,200.00,"100 מ""ל",false,1,19.90,9.9500,true,1,1422
3014260228842,false,קצף גילוח גילט לעור,פרוקטר אנד גמבל,,קצף גילוח גילט לעור רגיל 200 מל,מיליליטרים,200.00,"100 מ""ל",false,1,14.90,7.4500,true,1,6242
3014260280772,false,חוט דנטלי אורל בי מנ,פרוקטר אנד גמבל,,חוט דנטלי אורל בי מנטה עם שעווה 50 מטר,Unknown,0.00,Unknown,false,1,16.90,0.0000,true,1,5064
3014260287030,false,סכיני גילוח גילט דו,פרוקטר אנד גמבל,,סכיני גילוח גילט דו להבי 5 יח בשקית,יחידה,5.00,יחידה,false,1,12.90,2.5800,true,1,4455
3014260289287,false,ס.גילוח בלו 2 פלוס ל,פרוקטר אנד גמבל,,ס.גילוח בלו 2 פלוס לנשים 5 יח,Unknown,0.00,Unknown,false,1,14.90,0.0000,true,1,7179
3014260836665,false,מארז זוג מברשת שיניי,פרוקטר אנד גמבל,,מארז זוג מברשת שיניים אורל בי אקספרט מדי,יחידה,2.00,יחידה,false,1,29.90,14.9500,true,1,13449
3016570001030,false,שמפניה טטינגה 750 מל,טטינגה,,שמפניה טטינגה 750 מל פקדון,מיליליטרים,750.00,"100 מ""ל",false,1,199.00,26.5333,true,1,8083
3016570006844,false,שמפניה טטינגה פרסטיג,,,שמפניה טטינגה פרסטיג רוזה 750מל פקדון,מיליליטרים,750.00,"100 מ""ל",false,1,440.00,58.6667,true,1,9528
3018300000245,false,גרנד מרנייה ליקר קור,קמפרי (יורו),,גרנד מרנייה ליקר קורדון 700 מל,מיליליטרים,700.00,"100 מ""ל",false,6,169.00,24.1429,true,1,22003
3023480110707,false,ליקר שרטרז ירוק 700,שרטרז (Chartreuse),,ליקר שרטרז ירוק 700 מל פקדון,מיליליטרים,700.00,"100 מ""ל",false,1,199.00,28.4286,true,1,7581
3023480120706,false,ליקר שרטרז צהוב 700,שרטרז (Chartreuse),,ליקר שרטרז צהוב 700 מל פקדון,מיליליטרים,700.00,"100 מ""ל",false,1,199.00,28.4286,true,1,7582
3024480004522,false,קוניאק רמי מרטן איקס,רמי קואנטרו,,קוניאק רמי מרטן איקס או אקסלנס 700מל פקד,מיליליטרים,700.00,"100 מ""ל",false,1,699.00,99.8571,true,1,8713
3024482270109,false,קוניאק רמי מרטן 700,רמי קואנטרו,,קוניאק רמי מרטן 700 מל פקדון,מיליליטרים,700.00,"100 מ""ל",false,1,229.00,32.7143,true,1,2928
3027030012541,false,תערובת להכנת קרם פטי,,FR,תערובת להכנת קרם פטיסייר 125 גר,גרמים,125.00,100 גרם,false,10,13.90,11.1200,true,1,38186
3027030012800,false,תערובת פלן אלזה פרנס,,FR,תערובת פלן אלזה פרנס וניל 250 גרם,גרמים,250.00,100 גרם,false,10,21.90,8.7600,true,1,41051
3027030028665,false,תערובת להכנת פלן וני,,FR,תערובת להכנת פלן וניל 180 גר,גרמים,180.00,100 גרם,false,10,15.90,8.8333,true,1,32837
3028130070660,false,קוניאק קמוס בורדרי ו,,,קוניאק קמוס בורדרי וי אס או פי 700 מל,מיליליטרים,700.00,"100 מ""ל",false,1,239.00,34.1429,true,1,11802
3028130076457,false,קוניאק קמוס וי.סי.או,,,קוניאק קמוס וי.סי.או פי 700 מל פיקדון,מיליליטרים,700.00,"100 מ""ל",false,1,220.00,31.4286,true,1,42138
3029330032120,false,מארז 4יח לחמניות מקס,,FR,מארז 4יח לחמניות מקסי המבורגר גאקט,גרמים,330.00,100 גרם,false,10,15.90,4.8182,true,1,21959
3029330062769,false,מארז 6יח לחמניות המב,,FR,מארז 6יח לחמניות המבורגר גאקט,גרמים,330.00,100 גרם,false,10,15.90,4.8182,true,1,21960
3029330072577,false,לחם לבן פאן לסנדוויץ,JACQUET,FR,לחם לבן פאן לסנדוויץ 550 גרם,גרמים,550.00,100 גרם,false,15,15.90,2.8909,true,1,37432
3029330072584,false,לחם מלא פאן לסנדוויצ,JACQUET,FR,לחם מלא פאן לסנדוויץ 550 גרם,גרמים,550.00,100 גרם,false,15,15.90,2.8909,true,1,37433
3035540001740,false,ליקר פסואה פסיפלורה,רמי קואנטרו,,ליקר פסואה פסיפלורה 700 מל פקדון,מיליליטרים,700.00,"100 מ""ל",false,1,110.00,15.7143,true,1,7576
3035542004206,false,ליקר קואנטרו 750 מל,רמי קואנטרו,,ליקר קואנטרו 750 מל פקדון,מיליליטרים,750.00,"100 מ""ל",false,1,150.00,20.0000,true,1,7563
3045140105526,false,מאגדת 5 יח שוקולד מי,מונדליז,DE,מאגדת 5 יח שוקולד מילקה חלב 100 גרם,גרמים,500.00,100 גרם,false,10,27.90,5.5800,true,1,30092
3045201107001,false,מסיר כתמים אידיאל כד,מרקה,,מסיר כתמים אידיאל כדור מסאג 150 מל,מיליליטרים,150.00,"100 מ""ל",false,1,19.90,13.2667,true,1,8038
3045201108008,false,מסיר כתמים אידיאל כד,מרקה,,מסיר כתמים אידיאל כדור מבריש 150 מל,מיליליטרים,150.00,"100 מ""ל",false,1,19.90,13.2667,true,1,8040
3045206157131,false,צבע לבגד שחור אידאל,מרקה,ES,צבע לבגד שחור אידאל 230 גר,גרמים,230.00,100 גרם,false,6,24.90,10.8261,true,1,18087
3045206312257,false,מגבוני דזיטול נגד חי,מרקה,,מגבוני דזיטול נגד חיידקים 24 יח,יחידה,24.00,יחידה,false,1,12.90,0.5375,true,1,8042
3045206360609,false,נוזל דזיטול מחטא בגד,מרקה,ES,נוזל דזיטול מחטא בגדים בכביסה 1ליטר,ליטרים,1.00,ליטר,false,12,19.90,19.9000,true,1,39640
3046920010047,false,שוקולד לינדט אקסלנס7,לינדט,,שוקולד לינדט אקסלנס78%מריר100 גרם,גרמים,100.00,100 גרם,false,1,14.90,14.9000,true,1,15058
3046920010801,false,שוקולד לינדט אקסלנס,לינדט,,שוקולד לינדט אקסלנס הזלנט 100 גר,גרמים,100.00,100 גרם,false,1,14.90,14.9000,true,1,14958
3046920010856,false,שוקולד לינדט אקסלנס,לינדט,,שוקולד לינדט אקסלנס למון גינגר100גרם,גרמים,100.00,100 גרם,false,1,14.90,14.9000,true,1,23503
3046920016377,false,שוקולד לינדט אקסלנס,לינדט,,שוקולד לינדט אקסלנס 100%ריר 50 גרם,Unknown,0.00,Unknown,false,1,14.90,0.0000,true,1,26534
3046920027281,false,שוקולד לינדט אקסלנס,לינדט,,שוקולד לינדט אקסלנס קרמלסולט100 גר,גרמים,100.00,100 גרם,false,1,14.90,14.9000,true,1,11667
3046920028004,false,שוקולד לינדט אקסלנס,לינדט,,שוקולד לינדט אקסלנס70%מריר100 גרם,גרמים,100.00,100 גרם,false,1,14.90,14.9000,true,1,1423
3046920028363,false,שוקולד לינדט אקסלנס,לינדט,,שוקולד לינדט אקסלנס85%מריר100 גרם,גרמים,100.00,100 גרם,false,1,14.90,14.9000,true,1,3439
3046920028721,false,שוקולד לינדט אקסלנס,לינדט,,שוקולד לינדט אקסלנס 99% מריר100גרם,Unknown,0.00,Unknown,false,1,14.90,0.0000,true,1,14214
3046920028752,false,שוקולד לינדט אקסלנס,לינדט,,שוקולד לינדט אקסלנס מנטה 100 גרם,גרמים,100.00,100 גרם,false,1,14.90,14.9000,true,1,4942
3046920029674,false,שוקולד לינדט אקסלנס,לינדט,,שוקולד לינדט אקסלנס מלח 100 גרם,גרמים,100.00,100 גרם,false,1,14.90,14.9000,true,1,5968
3046920029681,false,שוקולד לינדט אקסלנס,לינדט,,שוקולד לינדט אקסלנס מילד85%מריר100 גרם,גרמים,100.00,100 גרם,false,1,14.90,14.9000,true,1,26177
3046920029759,false,שוקולד לינדט אקסלנס9,לינדט,,שוקולד לינדט אקסלנס90%מריר100גר,גרמים,100.00,100 גרם,false,1,14.90,14.9000,true,1,11666
3047100090309,false,משקה חריף פרונו 1 ל,פרנו ריקרד יורו,,משקה חריף פרונו 1 ל פיקדון,ליטרים,1.00,ליטר,false,1,155.00,155.0000,true,1,3775
3047100097209,false,משקה פאסטיס 1 ליטר,,,משקה פאסטיס 51 1 ל פיקדון,ליטרים,1.00,ליטר,false,1,169.00,169.0000,true,1,7100
3049197110076,false,קוניאק קורווסיה וי א,גים בים,FR,קוניאק קורווסיה וי אס 3 כוכבים  700מל,מיליליטרים,700.00,"100 מ""ל",false,6,149.00,21.2857,true,1,17773
3049197210776,false,קוניאק קורבזייה וי.א,גים בים,FR,קוניאק קורבזייה וי.אס.או.פי 700מל פקדון,מיליליטרים,750.00,"100 מ""ל",false,6,199.00,26.5333,true,1,17774
3049614083891,false,שמפניה קליקו ברוט 75,,,יין קליקו ברוט 750 מל באריזת מתנה,מיליליטרים,750.00,"100 מ""ל",false,1,299.00,39.8667,true,1,10542
3049614083983,false,שמפניה קליקו רוזה 75,,,יין רוזה קליקו 750 מל באריזת מתנה,מיליליטרים,750.00,"100 מ""ל",false,1,399.00,53.2000,true,1,10544
3052853075909,false,יין ספישל קווה בולינ,צרפת בולינג'ר,,יין ספישל קווה בולינגר 700מל פקדון,מיליליטרים,700.00,"100 מ""ל",false,1,335.00,47.8571,true,1,9351
3059940007768,false,מ.אוויר אירוויק ספרי,RB בריטניה,,מ.אוויר אירוויק ספריי וניל 240 מל,מיליליטרים,240.00,"100 מ""ל",false,1,9.90,4.1250,true,1,7154
3059943015104,false,מטהר אוויר אירוויק נ,RB פולין,,מטהר אוויר אירוויק נטול גז פריסיה 345 מל,מיליליטרים,345.00,"100 מ""ל",false,1,14.90,4.3188,true,1,6705
3059943015128,false,מטהר אוויר אירוויק נ,RB פולין,,מטהר אוויר אירוויק נטול גז לבנדר 345 מל,מיליליטרים,345.00,"100 מ""ל",false,1,14.90,4.3188,true,1,6706
3059943016507,false,מ.אוויר אירוויק ספרי,RB בריטניה,,מ.אוויר אירוויק ספריי לבנדר 240 מל,מיליליטרים,240.00,"100 מ""ל",false,1,9.90,4.1250,true,1,7153
3059943016569,false,מ.אוויר אירוויק ספרי,RB בריטניה,,מ.אוויר אירוויק ספריי פריסיה יסמין240מ,מיליליטרים,240.00,"100 מ""ל",false,1,9.90,4.1250,true,1,7152
3059944021197,false,קרם להסרת שיער ויט ע,רקיט בנקיזר צרפת,,קרם להסרת שיער ויט עור עדין אריזת חיסכון,Unknown,0.00,Unknown,false,1,49.90,0.0000,true,1,4776
3059944022415,false,ויט ארומטיק רצועות ש,רקיט בנקיזר צרפת,,ויט ארומטיק רצועות שעווה 10 יח,Unknown,0.00,Unknown,false,1,21.90,0.0000,true,1,6632
3059944025003,false,רצועות שעווה ויט 20,רקיט בנקיזר צרפת,,רצועות שעווה ויט 20 יח,יחידה,20.00,יחידה,false,1,21.90,1.0950,true,1,12490
3067140243114,false,ציקוריה קרמל 100 גרם,LEROUX COFFEE SUB,,ציקוריה קרמל 100 גרם,גרמים,100.00,100 גרם,false,1,24.90,24.9000,true,1,1425
3068320014067,false,מים מינרלים אויאן 75,,,מים מינרלים אויאן 750 מל פלסטיק,מיליליטרים,750.00,"100 מ""ל",false,1,9.90,1.3200,true,1,9913
3068320017846,false,מים מינרלים אויאן 1,,,מים מינרלים אויאן 1 ליטר פלסטיק,ליטרים,1.00,ליטר,false,1,9.90,9.9000,true,1,9912
3068320055008,false,מים מינרלים אויאן 50,,,מים מינרלים אויאן 500 מל פלסטיק,מיליליטרים,500.00,"100 מ""ל",false,1,6.90,1.3800,true,1,10258
3068320085005,false,מים מינרלים אביאן 1.,,,מים מינרלים אביאן 1.5 ל פלסטיק,מיליליטרים,1500.00,"100 מ""ל",false,1,11.90,0.7933,true,1,32591
3068320103389,false,מים מינרלים אויאן 75,,,מים מינרלים אויאן 750 מל זכוכית,מיליליטרים,750.00,"100 מ""ל",false,1,12.90,1.7200,true,1,7136
3068320127576,false,מים מינרלים אויאן מו,,,מים מינרלים אויאן מוגז 750מל בק.זכוכית,מיליליטרים,750.00,"100 מ""ל",false,1,12.90,1.7200,true,1,44059
3073780574242,false,גבינת לואש קירי מותכ,,,גבינת לואש קירי מותכת 16 יח 240 גר,גרמים,240.00,100 גרם,false,1,22.90,9.5417,true,1,2124
3073780574310,false,גבינת לואש קירי מותכ,,,גבינת לואש קירי מותכת 24 יח 360גר,גרמים,360.00,100 גרם,false,1,28.90,8.0278,true,1,2125
3073780591591,false,גבינת לואש קירי מותכ,"מפעלי גבינות    ""ביל",,גבינת לואש קירי מותכת 12 יח 192 גר,גרמים,192.00,100 גרם,false,1,14.90,7.7604,true,1,38108
3073780828628,false,גבינת בייבי בל אדום,בל,,גבינת בייבי בל אדום 120 גר,גרמים,120.00,100 גרם,false,1,19.90,16.5833,true,1,6876
3073780839631,false,גבינת קירי מותכת 6 י,"מפעלי גבינות    ""ביל",,גבינת קירי מותכת 6 יח 100 ג,גרמים,100.00,100 גרם,false,1,12.90,12.9000,true,1,9871
3073781003338,false,גבינת לואש קירי לייט,"מפעלי גבינות    ""ביל",,גבינת לואש קירי לייט מותכת 8 יח 120גר,גרמים,120.00,100 גרם,false,1,13.90,11.5833,true,1,9872
3073781162790,false,גבינת בייבי בל אדום,בל,,גבינת בייבי בל אדום 120 גר,גרמים,120.00,100 גרם,false,1,16.90,14.0833,true,1,41625
3073781177220,false,גבינת בייבי בל רול 1,בל,FR,גבינת בייבי בל רול 102גר,גרמים,102.00,100 גרם,false,8,16.90,16.5686,true,1,43690
3080216034508,false,בירה גרינברגן בלונד,,,בירה גרינברגן בלונד 330מל בק.פקדון,מיליליטרים,330.00,"100 מ""ל",false,24,10.00,3.0303,true,1,28898
3080216034645,false,בירה גרינברגן אמבר 3,,,בירה גרינברגן אמבר 330מל בק.פקדון,מיליליטרים,330.00,"100 מ""ל",false,24,10.00,3.0303,true,1,28899
3080216036526,false,מארז 6יח בירה גרינבר,,,מארז 6יח בירה גרינברגן בלונד 330מל בק.פק,מיליליטרים,1980.00,"100 מ""ל",false,1,39.90,2.0152,true,1,28896
3080216036557,false,מארז 6יח בירה גרינבר,,,מארז 6יח בירה גרינברגן אמבר 330מל בק.פק,מיליליטרים,1980.00,"100 מ""ל",false,1,39.90,2.0152,true,1,28897
3090291119403,false,גבינת נורמנטל 150גר,סבנסיה,FR,גבינת נורמנטל 150גר פרוס איל דה פרנס,גרמים,150.00,100 גרם,false,8,22.90,15.2667,true,1,31395
3090291123035,false,גבינת מונטאוור 150גר,סבנסיה,FR,גבינת מונטאוור 150גר פרוס איל דה פרנס,גרמים,150.00,100 גרם,false,8,22.90,15.2667,true,1,31394
3090291389400,false,גבינת פול אפי 150גר,סבנסיה,FR,גבינת פול אפי 150גר קלאסי פרוס איל דה פר,גרמים,150.00,100 גרם,false,,22.90,15.2667,true,1,31396
3092718586768,false,סירופ  אפרסק 600 מל,טסר,,סירופ  אפרסק 600 מל צרפת,מיליליטרים,600.00,"100 מ""ל",false,1,25.90,4.3167,true,1,14090
3092718591564,false,סירופ  דובדבן 600 מל,טסר,,סירופ  דובדבן 600 מל צרפת,מיליליטרים,600.00,"100 מ""ל",false,1,25.90,4.3167,true,1,9227
3092718605216,false,סירופ טייסר דובדבן 6,טסר,,סירופ טייסר דובדבן 600 מל צרפת,מיליליטרים,600.00,"100 מ""ל",false,1,25.90,4.3167,true,1,43952
3092718610197,false,סירופ טעם לימון זירו,טסר,,סירופ טעם לימון זירו 600מל טסייר צרפת,מיליליטרים,600.00,"100 מ""ל",false,1,25.90,4.3167,true,1,41581
3092718610258,false,סירופ טייסר מנטה זיר,טסר,,סירופ טייסר מנטה זירו 600 מל צרפת,מיליליטרים,600.00,"100 מ""ל",false,1,25.90,4.3167,true,1,22997
3092718627881,false,סירופ טסייר טעם מנטה,טסר,,סירופ טסייר טעם מנטה 600מל צרפת,מיליליטרים,600.00,"100 מ""ל",false,1,25.90,4.3167,true,1,41580
3092718628260,false,סירופ טעם פטל גרנדין,טסר,,סירופ טעם פטל גרנדין 600מל טסייר צרפת,מיליליטרים,600.00,"100 מ""ל",false,1,25.90,4.3167,true,1,42635
3103820404007,false,ברנדי שאטו דה בריול,שאטו דה בריול,,ברנדי שאטו דה בריול פיין קלבדוס 700מל פק,מיליליטרים,700.00,"100 מ""ל",false,1,145.00,20.7143,true,1,9137
3120581446381,false,יין שבלי פטיט שארטון,שארטרון,FR,יין פטיט שבלי שארטון טרבושה 750 מל,מיליליטרים,750.00,"100 מ""ל",false,6,80.00,10.6667,true,1,20548
3120581456342,false,יין אדום קלו דה מירן,,FR,יין אדום קלו דה מירן קוט דה רון 750מל פק,מיליליטרים,750.00,"100 מ""ל",false,1,75.00,10.0000,true,1,43416
3120581458759,false,יין שרדונה מ.דה ליני,,FR,יין שרדונה מ.דה ליני בורגון לבן יבש 750מ,מיליליטרים,750.00,"100 מ""ל",false,1,75.00,10.0000,true,1,43412
3124480000347,false,משקה קנדה דריי 330מל,,FR,משקה קנדה דריי 330מל גינגר אייל פחית,מיליליטרים,330.00,"100 מ""ל",false,24,7.90,2.3939,true,1,21079
3124480184320,false,משקה אורנגינה 330 מל,,,משקה אורנגינה 330 מל פקדון פחית,מיליליטרים,330.00,"100 מ""ל",false,1,7.90,2.3939,true,1,12370
3124480186584,false,משקה אוהזיס טרופיקל,,FR,משקה אוהזיס טרופיקל 330מל פירות יער פחית,מיליליטרים,330.00,"100 מ""ל",false,24,7.90,2.3939,true,1,42660
3134375003513,false,דבק כללי חזק במיוחד,3m,,דבק כללי חזק במיוחד 30 גרם,יחידה,1.00,יחידה,false,1,16.90,16.9000,true,1,12157
3141360054405,false,ציטרופרש מפיג ריחות,RB הונגריה,,ציטרופרש מפיג ריחות למדיח,Unknown,0.00,Unknown,false,1,16.90,0.0000,true,1,14410
3142701906001,false,יין פינק פלמינגו גרי,דומיין פלמנגו,FR,יין פינק פלמינגו גרי רוזה  750 מל,מיליליטרים,750.00,"100 מ""ל",false,1,60.00,8.0000,true,1,18805
3147690014607,false,יין אדום פורט קאלווא,ברדינה,,יין אדום פורט קאלווארש 750 מל,מיליליטרים,750.00,"100 מ""ל",false,1,60.00,8.0000,true,1,10287
3147690031505,false,יין אדום פורטו גראן,,IT,יין אדום פורטו גראן קרוז 10שנים 750מל פק,מיליליטרים,750.00,"100 מ""ל",false,12,179.00,23.8667,true,1,43451
3147690045908,false,ברנדי ארמניאק לה מזי,ברדינה,,ברנדי ארמניאק לה מזייר 700 מל פקדון,מיליליטרים,700.00,"100 מ""ל",false,1,115.00,16.4286,true,1,7580
3147690083207,false,ברנדי ארמניאק סאן וי,ברדינה,,ברנדי ארמניאק סאן ויואן 700מל פקדון,מיליליטרים,700.00,"100 מ""ל",false,1,155.00,22.1429,true,1,8016
3147699103845,false,יין אדום פורטו גראן,,IT,יין אדום פורטו גראן קרוז 20שנים 750מל פק,מיליליטרים,750.00,"100 מ""ל",false,12,299.00,39.8667,true,1,43452
3155700000212,false,שמן אגוזי 500  מל לא,,,שמן אגוזי 500  מל לאפליס,מיליליטרים,500.00,"100 מ""ל",false,1,44.90,8.9800,true,1,12552
3155700000700,false,שמן אגוזי מלך 1 ל לא,,,שמן אגוזי מלך 1 ל לאפליס,ליטרים,1.00,ליטר,false,1,64.90,64.9000,true,1,11493
3159560595000,false,יין רוזה דאנזו קאלוו,צרפת גראן שה דה פראנ,,יין רוזה דאנזו קאלווה 750מל פקדון,מיליליטרים,750.00,"100 מ""ל",false,1,45.00,6.0000,true,1,8764
3159560603279,false,יין ורייאטלז מרלו קא,צרפת גראן שה דה פראנ,,יין ורייאטלז מרלו קאלווה 750מל פקדון,מיליליטרים,750.00,"100 מ""ל",false,1,40.00,5.3333,true,1,8762
3159560603286,false,יין ורייאטלז קברנה ק,צרפת גראן שה דה פראנ,,יין ורייאטלז קברנה קאלווה 750מל פקדון,מיליליטרים,750.00,"100 מ""ל",false,1,40.00,5.3333,true,1,8761
3159560603804,false,יין ורייאטלז שרדונה,צרפת גראן שה דה פראנ,,יין ורייאטלז שרדונה קאלווה 750מל פקדון,מיליליטרים,750.00,"100 מ""ל",false,1,40.00,5.3333,true,1,8760
3159560603880,false,יין ורייאטלז סירה קא,צרפת גראן שה דה פראנ,,יין ורייאטלז שיראז קאלווה 750מל פקדון,מיליליטרים,750.00,"100 מ""ל",false,1,40.00,5.3333,true,1,8763
3161420002535,false,ברנדי סנט רמי איקס א,רמי קואנטרו,,ברנדי סנט רמי איקס או 700 מל פקדון,מיליליטרים,700.00,"100 מ""ל",false,1,99.90,14.2714,true,1,7577
3161712996108,false,גבינת מיני קממבר 125,סבנסיה,FR,גבינת מיני קממבר 125גרם איל דה פרנס,גרמים,125.00,100 גרם,false,12,24.90,19.9200,true,1,31392
3161712996146,false,גבינת מיני ברי 125גר,סבנסיה,FR,גבינת מיני ברי 125גרם איל דה פרנס,גרמים,125.00,100 גרם,false,12,24.90,19.9200,true,1,31391
3161712996153,false,גבינת מיני ברי כחולה,סבנסיה,FR,גבינת מיני ברי כחולה 125גרם איל דה פרנס,גרמים,125.00,100 גרם,false,12,24.90,19.9200,true,1,31393
3161911229199,false,חמאה רכה אלויר 250 ג,אלוויר,,חמאה רכה אלויר 250 גרם,גרמים,250.00,100 גרם,false,1,19.90,7.9600,true,1,1426
3161911366429,false,חמאה רכה מלוחה אלויר,אלוויר,,חמאה רכה מלוחה אלויר 250 גרם,גרמים,250.00,100 גרם,false,1,19.90,7.9600,true,1,1833
3161911393210,false,חמאת נורמנדי מלוחה 2,אלוויר,FR,חמאת נורמנדי מלוחה 200גר אלוויר,גרמים,200.00,100 גרם,false,40,17.90,8.9500,true,1,41180
3174660097995,false,קוביות סוכר חום 750,,,קוביות סוכר חום 750 גרם טראוס,גרמים,75000.00,100 גרם,false,1,29.90,0.0399,true,1,11172
3174660098022,false,קוביות סוכר לבן 750,,,קוביות סוכר לבן 750 גרם טראוס,גרמים,75000.00,100 גרם,false,1,29.90,0.0399,true,1,11173
3175360000377,false,גבינת רמבול אגוזים ב,בונגראן,,גבינת רמבול אגוזים במשקל,קילוגרמים,1.00,"ק""ג",true,,179.00,179.0000,true,1,17031
3175460000017,false,גבינת בורסן שום ועשב,בל,,גבינת בורסן שום ועשבי תיבול 150 גרם,גרמים,150.00,100 גרם,false,1,18.90,12.6000,true,1,5090
3175460000062,false,גבינת בורסן פלפל 150,בל,,גבינת בורסן פלפל 150 גרם,גרמים,150.00,100 גרם,false,1,18.90,12.6000,true,1,4008
3175460000864,false,גבינת בורסן טבעי 150,,,גבינת בורסן טבעי 150 גרם,גרמים,150.00,100 גרם,false,1,18.90,12.6000,true,1,2729
3175460030083,false,גבינת בורסן בצל ועיר,בל,,גבינת בורסן בצל ועירית 150 גרם,גרמים,150.00,100 גרם,false,1,18.90,12.6000,true,1,4064
3175520018594,false,יין רוש מאזה סובניון,,,יין רוש מאזה סובניון בלאן 750 מל,מיליליטרים,750.00,"100 מ""ל",false,1,40.00,5.3333,true,1,17582
3175520020597,false,יין רוש  מאזה סירה צ,,,יין רוש  מאזה סירה צרפת 750 מל,מיליליטרים,750.00,"100 מ""ל",false,1,40.00,5.3333,true,1,10545
3176580111935,false,גבינת ברי איל דפרנס,בונגראן,,גבינת ברי איל דפרנס במשקל,קילוגרמים,1.00,"ק""ג",true,,159.00,159.0000,true,1,20065
3176780013275,false,יין לה ורסן רוזה דה,,,יין לה ורסן רוזה דה לואר 750 מל,מיליליטרים,750.00,"100 מ""ל",false,6,60.00,8.0000,true,1,31886
3176780029382,false,יין יין לה שאטו סובי,,FR,יין יין לה שאטו סוביניון בלאן טוריין 750,מיליליטרים,750.00,"100 מ""ל",false,1,60.00,8.0000,true,1,24844
3176780030616,false,יין לבן לה רוש נואר,,FR,יין לבן לה רוש נואר מוסקדה סברא 750מל פק,מיליליטרים,750.00,"100 מ""ל",false,12,60.00,8.0000,true,1,43440
3176780033891,false,יין קווה סוביניון בל,צרפת גראן שה דה פראנ,,יין קווה סוביניון בלאן קיווי 750מל פקדון,מיליליטרים,750.00,"100 מ""ל",false,1,40.00,5.3333,true,1,9117
3176780036748,false,יין הו פואטו סוביניו,,FR,יין הו פואטו סוביניון בלאן 750 מל,מיליליטרים,750.00,"100 מ""ל",false,6,65.00,8.6667,true,1,29558
3176780036755,false,יין הו פואטו קברנה פ,,FR,יין הו פואטו קברנה פרנק  750 מל,מיליליטרים,750.00,"100 מ""ל",false,6,65.00,8.6667,true,1,29557
3176780100258,false,יין סאנסר לה שאניי ל,,,יין סאנסר לה שאניי לבן 750 מל750 מל,מיליליטרים,750.00,"100 מ""ל",false,6,100.00,13.3333,true,1,31888
3176780100265,false,יין פואיי פומה לה רו,,,יין פואיי פומה לה רושאטה 750 מל,מיליליטרים,750.00,"100 מ""ל",false,6,100.00,13.3333,true,1,31887
3178530402278,false,עוגיות גאלט חמאה קרמ,סן מישל,,עוגיות גאלט חמאה קרמל סן מישל 150 גרם,גרמים,150.00,100 גרם,false,1,12.90,8.6000,true,1,13642
3178530402353,false,עוגיות מדלן רכות סן,סן מישל,,עוגיות מדלן רכות סן מישל 175 גרם,גרמים,175.00,100 גרם,false,1,10.00,5.7143,true,1,13644
3178530407938,false,עוגיות מיני מדליין ס,סן מישל,,עוגיות מיני מדליין סן מישל 175גרם,גרמים,175.00,100 גרם,false,1,10.00,5.7143,true,1,13643
3178530409673,false,עוגיות סן מישל פלמיה,סן מישל,FR,עוגיות אוזני פיל סנט מישל  100 גר,גרמים,100.00,100 גרם,false,12,13.90,13.9000,true,1,15008
3178530411478,false,עוגיות גאלט חמאה סנט,סן מישל,,עוגיות גאלט חמאה סנט מישל קלאסי 150 גרם,גרמים,150.00,100 גרם,false,1,12.90,8.6000,true,1,13641
3178530412703,false,עוגיות סן מישל דונאט,סן מישל,FR,עוגיות סן מישל דונאט שוקולד180 גרם,גרמים,180.00,100 גרם,false,12,16.90,9.3889,true,1,23190
3178530417340,false,עוגת אישית סנט מישל,סן מישל,FR,עוגת אישית סנט מישל בראוניז שוקולד210גרם,גרמים,210.00,100 גרם,false,12,14.90,7.0952,true,1,30308
3178530417357,false,עוגת אישית סנט מישל,סן מישל,FR,עוגת אישית סנט מישל בראוניז לבן210גרם,גרמים,210.00,100 גרם,false,12,14.90,7.0952,true,1,30309
3178530417418,false,עוגיות סן מישל דונאט,סן מישל,FR,עוגיות סן מישל דונאט שוקוציפס180 גרם,גרמים,180.00,100 גרם,false,12,16.90,9.3889,true,1,23194
3179071000350,false,יין קהר דה מדיטרנה ל,,FR,יין קהר דה מדיטרנה לבן 750 מל,מיליליטרים,750.00,"100 מ""ל",false,6,45.00,6.0000,true,1,31530
3179071001821,false,יין קהר דה מדיטרנה א,,FR,יין קהר דה מדיטרנה אדום 750 מל,מיליליטרים,750.00,"100 מ""ל",false,6,45.00,6.0000,true,1,31529
3179071001869,false,יין קהר דה מדיטרנה ר,,FR,יין קהר דה מדיטרנה רוזה 750 מל,מיליליטרים,750.00,"100 מ""ל",false,6,45.00,6.0000,true,1,31531
3179730011017,false,מים מינרלים פרייה 75,נסטלה,,מים מינרלים פרייה 750 מל פיקדון,מיליליטרים,750.00,"100 מ""ל",false,1,9.90,1.3200,true,1,2283
3179730011024,false,מים מינרליים פרייה 3,נסטלה,,מים מינרליים פרייה 330 מל פיקדון,מיליליטרים,330.00,"100 מ""ל",false,1,6.90,2.0909,true,1,2706
3179732348913,false,מים מינרלים פרייה 1,נסטלה,,מים מינרלים פרייה 1 ל פיקדון פלסטיק ירוק,ליטרים,1.00,ליטר,false,1,10.90,10.9000,true,1,6054
3179732348944,false,מארז 6יח מים  פרייה,נסטלה,,מארז 6יח מים  פרייה 1ליטר פלסטיק פקדון,ליטרים,6.00,ליטר,false,1,45.00,7.5000,true,1,6084
3180421057603,false,יין בורגון פינו מולא,מולארד,FR,יין פינו נואר בורגון מולארד 750 מל,מיליליטרים,750.00,"100 מ""ל",false,6,80.00,10.6667,true,1,20540
3182280050030,false,משקה סיידר תפוחים או,סידריס דו,FR,משקה סיידר תפוחים אוקסון מתוק 750מל בק.פ,מיליליטרים,750.00,"100 מ""ל",false,6,29.90,3.9867,true,1,30053
3182280052522,false,משקה סיידר תפוחים יב,סידריס דו,,משקה סיידר תפוחים יבש 750מל,מיליליטרים,750.00,"100 מ""ל",false,1,29.90,3.9867,true,1,11703
3182280052577,false,משקה סיידר תפוחים רו,סידריס דו,,משקה סיידר תפוחים רוזה 750מל בק. פקדון,מיליליטרים,750.00,"100 מ""ל",false,1,29.90,3.9867,true,1,30043
3183280028036,false,מלח ים גס אטלנטי 1 ק,,,מלח ים גס אטלנטי 1 קג לה בלינה,קילוגרמים,1.00,"ק""ג",false,1,16.90,16.9000,true,1,21984
3185130051027,false,יין ריזלינג פפאפנהיי,צרפת פפאפנהיים,,יין ריזלינג פפאפנהיים 750 מל פיקדון,מיליליטרים,750.00,"100 מ""ל",false,1,60.00,8.0000,true,1,5859
3185130061026,false,יין מוסקטו פפאפנהיים,צרפת פפאפנהיים,,יין מוסקטו פפאפנהיים 750 מל פיקדון,מיליליטרים,750.00,"100 מ""ל",false,1,70.00,9.3333,true,1,13011
3185130071025,false,יין לבן פינו גרי פפא,צרפת פפאפנהיים,,יין לבן פינו גרי פפאפנהיים 750 מל פקדון,מיליליטרים,750.00,"100 מ""ל",false,1,65.00,8.6667,true,1,7638
3185130081024,false,יין גוורצטרמינר פפאפ,צרפת פפאפנהיים,,יין גוורצטרמינר פפאפנהיים 750 מל פיקדון,מיליליטרים,750.00,"100 מ""ל",false,1,65.00,8.6667,true,1,5860
3185130081079,false,יין גוורצטרמינר 375,פפאפנהיים,,"יין גוורצטרמינר 375 מ""ל",מיליליטרים,375.00,"100 מ""ל",false,1,45.00,12.0000,true,1,12756
3185130741362,false,יין פפאפנהיים זנטי ד,צרפת פפאפנהיים,,יין פפאפנהיים זנטי דה פפאף 750 מל פקדון,מיליליטרים,750.00,"100 מ""ל",false,1,60.00,8.0000,true,1,7851
3185370001233,false,שמפניה מואט ושנדו בר,,,יין נתזים מואט ושנדו ברוט 750 מל פיקדון,מיליליטרים,750.00,"100 מ""ל",false,1,269.00,35.8667,true,1,14278
3185370457054,false,שמפניה מואט אייס אימ,,,שמפניה מואט אייס אימפריאל 750 מל,מיליליטרים,750.00,"100 מ""ל",false,1,299.00,39.8667,true,1,26584
3192200003381,false,ברנדי קלבדוס בוסנל ת,,,ברנדי קלבדוס בוסנל תפוחים פאי דאוג700מל,מיליליטרים,700.00,"100 מ""ל",false,12,129.00,18.4286,true,1,43453
3225820056380,false,יין שאטו פילו בורדו,שאטו פילו,FR,יין שאטו פילו בורדו 750 מל,מיליליטרים,750.00,"100 מ""ל",false,6,60.00,8.0000,true,1,31190
3228022910023,false,חמאה צרפתית פרזידנט,לקטליס,,חמאה צרפתית פרזידנט 200 גרם,גרמים,200.00,100 גרם,false,1,12.90,6.4500,true,1,1427
3245990969419,false,קוניאק הנסי וי אס או,,,קוניאק הנסי וי אס או פי מארז 700מלפיקדו,מיליליטרים,750.00,"100 מ""ל",false,1,259.00,34.5333,true,1,8645
3245995960015,false,קוניאק הנסי וי אס 70,,,קוניאק הנסי וי אס 700 מל,מיליליטרים,700.00,"100 מ""ל",false,1,150.00,21.4286,true,1,10389
3252920013494,false,חמאה מלוחה 250גר מלח,,GR,חמאה מלוחה 250גר מלח אטלנטי לה גאל,גרמים,250.00,100 גרם,false,,22.90,9.1600,true,1,28409
3252920022502,false,גבינת שמנת טבעי 150ג,,,גבינת שמנת טבעי 150גר לה גל,גרמים,150.00,100 גרם,false,,13.90,9.2667,true,1,28396
3252920022526,false,גבינת שמנת עשבי תיבו,,,גבינת שמנת עשבי תיבול 150גר לה גל,גרמים,150.00,100 גרם,false,,13.90,9.2667,true,1,28398
3252920022557,false,גבינת שמנת תות 150גר,,,גבינת שמנת תות 150גר לה גל,גרמים,150.00,100 גרם,false,,13.90,9.2667,true,1,28397
3254474024537,false,תירס גרעינים גריין ג,,GB,תירס גרעינים גריין גאיינט 160 גרם,גרמים,160.00,100 גרם,false,12,3.90,2.4375,true,1,41786
3254550010126,false,קרם פרש 200 גרם,איסיני סנט מור,,קרם פרש 200 גרם,גרמים,200.00,100 גרם,false,1,26.90,13.4500,false,1,12725
3254550033217,false,גבינת ברי איסיני 220,איסיני סנט מור,,גבינת ברי איסיני 220 גרם,גרמים,220.00,100 גרם,false,1,31.90,14.5000,true,1,11672
3254550033279,false,גבינת קממבר איסיני 2,איסיני סנט מור,,גבינת קממבר איסיני 250 גרם,גרמים,250.00,100 גרם,false,1,31.90,12.7600,true,1,11673
3257698101107,false,יין גילהם לבן 750 מל,גאטה,,יין גילהם לבן 750 מל,מיליליטרים,750.00,"100 מ""ל",false,1,60.00,8.0000,true,1,15138
3257698108106,false,יין פונט דה  גאסאק ל,יקב גאסאק,FR,יין פונט גאסאק לבן 750 מל,מיליליטרים,750.00,"100 מ""ל",false,6,80.00,10.6667,true,1,21370
3257698109103,false,יין גאסק סוביניון בל,,FR,יין גאסק סוביניון בלאן 750 מל,מיליליטרים,750.00,"100 מ""ל",false,6,60.00,8.0000,true,1,32873
3257698201104,false,יין גילהם רוזה 750 מ,גאטה,FR,יין גילהם רוזה 750 מל,מיליליטרים,750.00,"100 מ""ל",false,1,60.00,8.0000,true,1,18001
3257698301101,false,יין גילהם אדום 750 מ,גאטה,,יין גילהם אדום 750 מל,מיליליטרים,750.00,"100 מ""ל",false,1,60.00,8.0000,true,1,15139
3257698301118,false,יין גאסק קברנה 750 מ,,FR,יין גאסק קברנה 750 מל,מיליליטרים,750.00,"100 מ""ל",false,6,60.00,8.0000,true,1,32871
3257698302108,false,יין פונט דה גאסאק אד,יקב גאסאק,FR,יין פונט גאסאק אדום 750 מל,מיליליטרים,750.00,"100 מ""ל",false,6,80.00,10.6667,true,1,21369
3258431220000,false,שמפניה לורן פרייה 75,,,שמפניה לורן פרייה 750 מל,מיליליטרים,750.00,"100 מ""ל",false,1,210.00,28.0000,true,1,16233
3263280105262,false,יין גראנש סנסו פי סי,גיפי שנה,FR,יין גראנש סנסו פי סי 187 מל,מיליליטרים,187.00,"100 מ""ל",false,6,25.00,13.3690,true,1,25991
3263280111768,false,יין אינספרשיין ריזלי,,DE,יין לבן אינספרשיין ריזלינג 750 מל,מיליליטרים,750.00,"100 מ""ל",false,6,40.00,5.3333,true,1,18156
3263280115933,false,יין ברון דארינאק מוס,סלור,FR,יין ברון דארינאק מוסקט 750 מל750 מל,מיליליטרים,750.00,"100 מ""ל",false,6,40.00,5.3333,true,1,20553
3263280118002,false,יין ביסטרו שיק מרלו,,,יין ביסטרו שיק מרלו קברנה סירה 750 מל,מיליליטרים,750.00,"100 מ""ל",false,6,45.00,6.0000,true,1,39717
3263286301323,false,יין גי פי שנה קברנה,,,יין גי פי שנה קברנה סירה 750 מל פקדון,מיליליטרים,750.00,"100 מ""ל",false,1,45.00,6.0000,true,1,22369
3263286301385,false,יין גי פי סנסו גראנש,קב דה לנדירס,FR,יין גי פי סנסו גראנש 750 מל,מיליליטרים,750.00,"100 מ""ל",false,1,45.00,6.0000,true,1,21912
3263286314989,false,יין אדום ברון דארניי,לה קב דה לנדירס,,יין אדום ברון דארנייק 750 מל פקדון,מיליליטרים,750.00,"100 מ""ל",false,1,40.00,5.3333,true,1,11808
3263286321284,false,יין גי פי לבן חצי מת,קב דה לנדירס,,יין גי פי לבן חצי מתוק 750 מל,מיליליטרים,750.00,"100 מ""ל",false,1,45.00,6.0000,true,1,13967
3263286328993,false,יין גי פי מרלו 750 מ,,,יין גי פי מרלו 750 מל,מיליליטרים,750.00,"100 מ""ל",false,1,45.00,6.0000,true,1,22047
3263286350611,false,יין קברנה סירה גי פי,גיפי שנה,FR,יין קברנה סירה גי פי 187 מל,מיליליטרים,187.00,"100 מ""ל",false,6,25.00,13.3690,true,1,18260
3263286529321,false,יין שבלי לבן בואיה 7,,FR,יין שבלי לבן בואיה 750 מל פקדון,מיליליטרים,750.00,"100 מ""ל",false,6,100.00,13.3333,true,1,27060
3263289990203,false,יין גי פי לבן יבש שר,,,יין גי פי לבן יבש שרדונה 750 מל,מיליליטרים,750.00,"100 מ""ל",false,1,45.00,6.0000,true,1,13334
3263289998711,false,יין גי פי אדום יבש ש,,,יין גי פי אדום יבש שיראז 750 מל,מיליליטרים,750.00,"100 מ""ל",false,1,45.00,6.0000,true,1,13333
3269210253034,false,יין מיראבו קלאסיק רו,,,יין מיראבו קלאסיק רוזה 750 מל,מיליליטרים,750.00,"100 מ""ל",false,1,65.00,8.6667,true,1,16483
3270620000873,false,ליקר מנגויאן 700 מל,,,ליקר תאנים 700 מל,מיליליטרים,700.00,"100 מ""ל",false,6,89.90,12.8429,true,1,27386
3270620001498,false,קוניאק לואי רוייה אק,,,קוניאק לואי רוייה אקס או 700 מל,מיליליטרים,700.00,"100 מ""ל",false,1,489.00,69.8571,true,1,43708
3270620001702,false,קוניאק לואי רוייה וי,,,קוניאק לואי רוייה וי אס או פי 700 מל,מיליליטרים,700.00,"100 מ""ל",false,1,199.00,28.4286,true,1,43709
3270620001757,false,קוניאק לואי רוייה וי,,,קוניאק לואי רוייה וי אס 700 מל,מיליליטרים,700.00,"100 מ""ל",false,1,129.00,18.4286,true,1,17472
3272770003148,false,גבינת שברו עיזים פרמ,בונגראן,,גבינת שברו עיזים פרמידה 150 ג,גרמים,150.00,100 גרם,false,1,21.90,14.6000,true,1,3175
3272770092678,false,גבינת טרטר עשבי תיבו,בונגראן,,גבינת טרטר עשבי תיבול 150גר,גרמים,150.00,100 גרם,false,1,19.90,13.2667,true,1,10433
3274664069001,false,מאגדת שלגון טובלרון,,,מאגדת שלגון טובלרון לבן 4יח,יחידה,4.00,יחידה,false,1,37.90,9.4750,true,1,29431
3274664142452,false,מאגדת גלידה קוטדור,,,מאגדת גלידה קוטדור  וניל 4 יח,יחידה,4.00,יחידה,false,8,49.90,12.4750,true,1,27562
3274932102003,false,חמאה 250גרם לה גאל,,GR,חמאה 250גרם לה גאל,גרמים,250.00,100 גרם,false,,22.90,9.1600,true,1,29090
3278480629128,false,קוניאק גודה אקס או 7,,,קוניאק גודה אקס או 700 מל,מיליליטרים,700.00,"100 מ""ל",false,1,469.00,67.0000,true,1,43714
3279370101106,false,מעדן סלק 500 גרם,,,מעדן סלק 500 גרם,Unknown,0.00,Unknown,false,1,5.90,0.0000,true,1,8433
3296180000023,false,יין פרין זיגונדאס לה,,,יין דומיין פרין גגונדאס אדום יבש 750מל פ,מיליליטרים,750.00,"100 מ""ל",false,1,129.00,17.2000,true,1,28352
3296180000160,false,יין פרין קוט דה רון,,,יין פרין קוט דה רון רזרב 750 מל פקדון,מיליליטרים,750.00,"100 מ""ל",false,1,60.00,8.0000,true,1,5897
3296180007794,false,יין פרובנס מירבאל סט,,FR,יין מירבאל סטודיו 750 מל,מיליליטרים,750.00,"100 מ""ל",false,6,80.00,10.6667,true,1,21876
3296184016242,false,יין פרובנס מירבל רוז,,,יין פרובנס מירבל רוזה יבש 750 מל,מיליליטרים,750.00,"100 מ""ל",false,1,115.00,15.3333,true,1,30048
3299790211018,false,משקה פניקס ארק 45% 1,,,משקה פניקס ארק 45% 1ל פקדון,ליטרים,1.00,ליטר,false,1,115.00,115.0000,true,1,5487
3300370111038,false,יין הוגל גנטיל 750 מ,,,יין הוגל גנטיל 750 מל פקדון,מיליליטרים,750.00,"100 מ""ל",false,1,60.00,8.0000,true,1,5709
3300370180034,false,יין הוגל גוורצטרמינר,,,יין הוגל גוורצטרמינר 750 מל פקדון,מיליליטרים,750.00,"100 מ""ל",false,1,100.00,13.3333,true,1,8015
3300370190033,false,יין הוגל ריזלינג 750,,,יין הוגל ריזלינג 750 מל פקדון,מיליליטרים,750.00,"100 מ""ל",false,1,85.00,11.3333,true,1,8014
3330540502014,false,יין בורגון אליגוטה 7,קאב דה בוקסי,FR,יין בורגון אליגוטה 750 מל,מיליליטרים,750.00,"100 מ""ל",false,1,60.00,8.0000,true,1,22503
3330548002226,false,יין בורגון זיברי לבן,טיסייה רולאן,,יין בורגון גיברי לבן 750 מל,מיליליטרים,750.00,"100 מ""ל",false,1,80.00,10.6667,true,1,24841
3333780204953,false,יין לה שאטו מוסקדה ס,יין לה שאטו אקרמן,FR,יין לה שאטו מוסקדה סרבה אן מנטא 750 מל,מיליליטרים,750.00,"100 מ""ל",false,6,60.00,8.0000,true,1,20546
3333780204991,false,יין  סנסר לה שאטו 75,lacheteau,,יין  לה שאטו סנסר 750 מל פקדון,מיליליטרים,750.00,"100 מ""ל",false,1,100.00,13.3333,true,1,22650
3335121604934,false,חרדל צאטל חלק 370 גר,קובינור,,חרדל צאטל חלק 370 גר,גרמים,370.00,100 גרם,false,1,10.00,2.7027,true,1,4353
3335121614933,false,חרדל צאטל גרגרים 370,קובינור,,חרדל צאטל גרגרים 370 גר,גרמים,370.00,100 גרם,false,1,11.90,3.2162,true,1,4354
3341501000173,false,גבינת סנט אגור במשקל,בונגראן,,גבינת סנט אגור במשקל,קילוגרמים,1.00,"ק""ג",true,,199.00,199.0000,true,1,1835
3344060020729,false,יין וורה פייר ברווין,ברווין,FR,יין וורה פייר ברווין מתוק 750 מל,מיליליטרים,750.00,"100 מ""ל",false,6,60.00,8.0000,true,1,20552
3351000181617,false,יין בורגון פינו נואר,צרפת פייבליי,,יין בורגון פינו נואר פייבליי 750 מל,מיליליטרים,750.00,"100 מ""ל",false,1,85.00,11.3333,true,1,19844
3364048001328,false,קוניאק  טיפון וי אס,,FR,קוניאק קמוס וי.סי.או פי 700 מל,מיליליטרים,700.00,"100 מ""ל",false,6,150.00,21.4286,true,1,41332
3365910009152,false,יין הנרי בורגואה פטי,,,יין הנרי בורגואה פטיט קברנה פרנ 750מל פק,מיליליטרים,750.00,"100 מ""ל",false,1,75.00,10.0000,true,1,7993
3365910009602,false,יין דומיין הנרי בורג,,,יין דומיין הנרי בורגואה פטיט ס.בלאן 750מ,מיליליטרים,750.00,"100 מ""ל",false,1,70.00,9.3333,true,1,19977
3382250000243,false,יין סומור אדום שאטו,לאנגלואה שאטו,,יין סומור אדום שאטו 750 מל,מיליליטרים,750.00,"100 מ""ל",false,1,65.00,8.6667,true,1,13329
3382250000298,false,יין קרמאן דה לואר רו,לנגלואה שאטו,,יין קרמאן דה לואר רוזה 750 מל,מיליליטרים,750.00,"100 מ""ל",false,1,84.70,11.2933,true,1,15861
3382250000311,false,יין סנסר שאטו פונטיי,לאנגלואה שאטו,,יין סנסר פונטיין אודון 750 מל,מיליליטרים,750.00,"100 מ""ל",false,1,110.00,14.6667,true,1,13326
3382250000458,false,יין סומור לבן שאטו 7,לאנגלואה שאטו,,יין סומור לבן שאטו 750 מל,מיליליטרים,750.00,"100 מ""ל",false,1,65.00,8.6667,true,1,13330
3383690020747,false,פרובאנס יין דומיין א,,,פרובאנס יין דומיין אוט רוזה 750 מל,מיליליטרים,750.00,"100 מ""ל",false,6,179.00,23.8667,true,1,25329
3387390320244,false,דגני פיטנס עם פירות,נסטלה צרפת איטנקורט,,דגני בוקר פיטנס עם פירות 375 ג,גרמים,375.00,100 גרם,false,1,19.90,5.3067,true,1,3726
3387390525960,false,דגני קראנץ טעם שוקול,נסטלה צרפת רומילי,,דגני בוקר קראנצ טעם שוקולד חלב 500 ג,גרמים,500.00,100 גרם,false,1,22.90,4.5800,true,1,5629
3387390730852,false,דגני פיטנס לגוף חטוב,נסטלה צרפת איטנקורט,,דגני בוקר פיטנס לגוף חטוב 375 ג,גרמים,375.00,100 גרם,false,1,19.90,5.3067,true,1,3725
3391180002661,false,יין קרז הרמיטאז פטיט,צרפת - מ. שאפוטייה,,יין קרז הרמיטאז פטיט רוש שאפוטייה 750מל,מיליליטרים,750.00,"100 מ""ל",false,1,85.00,11.3333,true,1,17469
3391180011014,false,יין קוט דורון בלרוש,צרפת - מ. שאפוטייה,,יין קוט דורון בלרוש אדום 750 מל,מיליליטרים,750.00,"100 מ""ל",false,1,60.00,8.0000,true,1,30106
3415581114126,false,גלידה האגן דאז פיינט,האגן דאז,,גלידה האגן דאז פיינט קרמל מלוח 430גר,גרמים,430.00,100 גרם,false,1,22.90,5.3256,true,1,9223
3415581117110,false,גלידה האגן דאז פיינט,האגן דאז,,גלידה האגן דאז פיינט קרמל וביסקויט,גרמים,430.00,100 גרם,false,1,22.90,5.3256,true,1,6972
3415581187113,false,גלידה האגן דאז פיינט,האגן דאז,,גלידה האגן דאז פיינט וניל בראוניס,מיליליטרים,500.00,"100 מ""ל",false,1,22.90,4.5800,true,1,3534
3415587149924,false,גלידה האגן דאז בראונ,האגן דאז,FR,גלידה האגן דאז בראוני מקיאטו 386גר,גרמים,386.00,100 גרם,false,8,22.90,5.9326,true,1,24521
3417840007514,false,יין סאנסר דומיין דה,,,יין סאנסר דומיין דה רוסיניול לבן 750 מל,מיליליטרים,750.00,"100 מ""ל",false,1,80.00,10.6667,true,1,25594
3428681000961,false,קוניאק דופוי וי אס 7,דופוי,FR,קוניאק דופוי וי אס 750 מל,מיליליטרים,750.00,"100 מ""ל",false,12,129.90,17.3200,true,1,23520
3436802170417,false,יין שבלי ברוקרד פרמי,,,יין שאבלי ברוקרד פרמייר 750 מל,מיליליטרים,750.00,"100 מ""ל",false,1,179.00,23.8667,true,1,12675
3436804100412,false,יין שבלי סנט קלייר ב,צרפת בורדו,,יין שאבלי סנט קלייר ברוקרד 750 מל,מיליליטרים,750.00,"100 מ""ל",false,1,100.00,13.3333,true,1,11898
3443091000110,false,יין פואי פומה לאדוסט,צרפת ברון דה לדוסט,,יין פויי פומה לבן 750 מל פקדון,מיליליטרים,750.00,"100 מ""ל",false,1,150.00,20.0000,true,1,8342
3443091000219,false,יין סנסר לבן לאדוסט,צרפת ברון דה לדוסט,,יין סנסר לבן קונט לפון לדוסט 750מל,מיליליטרים,750.00,"100 מ""ל",false,1,130.00,17.3333,true,1,8448
3443092000119,false,יין בורגון לבן שבלי,צרפת רנייר,,יין לבן שבלי רנייאר 750 מל פקדון,מיליליטרים,750.00,"100 מ""ל",false,1,110.00,14.6667,true,1,7775
3443094210004,false,יין ווברה ברדיף 750,צרפת מרק ברדיף,,יין לבן ווברה ברדיף 750 מל פקדון,מיליליטרים,750.00,"100 מ""ל",false,1,80.00,10.6667,true,1,7639
3445850070778,false,מלח ים אטלנטי 1 קג,סלינס דה גרנד,,מלח ים אטלנטי 1 קג 1000 גרם,קילוגרמים,1.00,"ק""ג",false,1,20.00,20.0000,true,1,6962
3451790476945,false,קרם ציז במשקל,אלוויר,,קרם ציז במשקל,קילוגרמים,1.00,"ק""ג",true,,69.00,69.0000,true,1,6074
3455720750433,false,יין שמפנייה רוזה אלכ,צרפת אלכסנדר בונה,,יין פרל רוזה ברוט אלכסנדר בונה 750 מל,מיליליטרים,750.00,"100 מ""ל",false,1,180.00,24.0000,true,1,10685
3455720750457,false,יין שמפנייה בלאן דה,צרפת אלכסנדר בונה,,יין בלאן דה נואר אלכסנדר 750 מל פקדון,מיליליטרים,750.00,"100 מ""ל",false,1,155.00,20.6667,true,1,7693
3455720750495,false,יין שמפנייה גראנד רז,צרפת אלכסנדר בונה,,יין גרנד רזרב ברוט אלכסנדר 750מל פקדון,מיליליטרים,750.00,"100 מ""ל",false,1,155.00,20.6667,true,1,7694
3458301221117,false,יין פרובנס באנדול רו,צרפת דומיין דה ל'אול,,יין באנדול רוזה דומיין אוליבט 750מל פקדו,מיליליטרים,750.00,"100 מ""ל",false,1,90.00,12.0000,true,1,9445
3472710055040,false,טראפלס בלגיאן קקאו 1,,FR,טראפלס בלגיאן קקאו 150 גרם,גרמים,150.00,100 גרם,false,12,10.90,7.2667,true,1,39658
3480341002685,false,גבינת טרטר אפרטיף בנ,בונגראן,,גבינת טרטר אפרטיף בנוסח פרובנס 100 גרם,גרמים,100.00,100 גרם,false,1,19.90,19.9000,true,1,20688
3480341002692,false,גבינת טרטר אפרטיף בנ,בונגראן,,גבינת טרטר אפרטיף בנוסח איטלקי 100 גרם,גרמים,100.00,100 גרם,false,1,17.90,17.9000,true,1,20687
3492240120520,false,יין בורגון שאבלי דומ,,,יין שאבלי דומיין דו שרדונה 750 מל,מיליליטרים,750.00,"100 מ""ל",false,1,110.00,14.6667,true,1,16769
3500610033346,false,יין גי פי אדום חצי מ,קב דה לנדירס,,יין גי פי אדום חצי מתוק 750 מל,מיליליטרים,750.00,"100 מ""ל",false,1,45.00,6.0000,true,1,13966
3500610035630,false,יין שאטו פונפוארד בו,VICENTE GANBIA PIA,FR,יין שאטו פונפוארד בורדו 750 מל,מיליליטרים,750.00,"100 מ""ל",false,6,60.00,8.0000,true,1,30709
3500610044564,false,יין דומיין דה לה ויו,,FR,יין ויונייה דומיין דה לה בום 750מל פקדון,מיליליטרים,750.00,"100 מ""ל",false,1,60.00,8.0000,true,1,8262
3500610050183,false,יין לבן מתוק מבעבע ג,גיפי שנה,,יין לבן מתוק מבעבע גי פי אי סי אי 750 מל,מיליליטרים,750.00,"100 מ""ל",false,1,45.00,6.0000,true,1,25989
3500610051111,false,יין ברון דארנייק רוז,לה קב דה לנדירס,,יין ברון דארנייק רוזה 750 מל,מיליליטרים,750.00,"100 מ""ל",false,1,40.00,5.3333,true,1,18906
3500610055195,false,יין אדום שאטו טרופיא,,FR,יין אדום שאטו טרופיאן הוט מדוק 750מל פקד,מיליליטרים,750.00,"100 מ""ל",false,12,75.00,10.0000,true,1,43438
3500610058097,false,יין אדום בורדו שאטו,,FR,יין אדום בורדו שאטו לסטאג סימון 750מל פק,מיליליטרים,750.00,"100 מ""ל",false,1,120.00,16.0000,true,1,43421
3500610079160,false,יין בורדו שאטו מולין,גי סי אף פטרסבך,FR,יין בורדו שאטו מולין פונטט אדום 750 מל,מיליליטרים,750.00,"100 מ""ל",false,6,60.00,8.0000,true,1,18008
3500610084676,false,יין מבעבע בלאן פוסי,,,יין מבעבע בלאן פוסי אייס לבן 750 מל,מיליליטרים,750.00,"100 מ""ל",false,1,45.00,6.0000,true,1,16038
3500610085338,false,יין לבן מבעבע גי פי,גיפי שנה,,יין לבן מבעבע גי פי אי סי אי 750 מל,מיליליטרים,750.00,"100 מ""ל",false,1,45.00,6.0000,true,1,13026
3500610086618,false,יין צרלס רוסו סובוני,,FR,יין צרלס רוסו סובוניון בלאןמל,מיליליטרים,750.00,"100 מ""ל",false,6,45.00,6.0000,true,1,29563
3500610086960,false,יין צרלס רוסו מרלו 7,,FR,יין צרלס רוסו מרלו 750 מל,מיליליטרים,750.00,"100 מ""ל",false,6,45.00,6.0000,true,1,29562
3500610086977,false,יין צרלס רוסו קברנה,,FR,יין צרלס רוסו קברנה סוביניון 750 מל,מיליליטרים,750.00,"100 מ""ל",false,6,45.00,6.0000,true,1,29561
3500610088551,false,יין אדום שאטו סרגאנט,,FR,יין אדום שאטו סרגאנט יבש 750מל פקדון,מיליליטרים,750.00,"100 מ""ל",false,12,150.00,20.0000,true,1,43439
3500610090394,false,יין צרלס רוסו גרנאש,,FR,יין צרלס רוסו גרנאש סינסאולט רוזה 750 מל,מיליליטרים,750.00,"100 מ""ל",false,6,45.00,6.0000,true,1,29564
3500610093708,false,יין רוזה מבעבע גי פי,גיפי שנה,,יין רוזה מבעבע גי פי אי סי אי 750 מל,מיליליטרים,750.00,"100 מ""ל",false,1,45.00,6.0000,true,1,13027
3500610096174,false,יין מבעבע בלאן פוסי,,,יין מבעבע בלאן פוסי אייס רוזה 750 מל,מיליליטרים,750.00,"100 מ""ל",false,1,45.00,6.0000,true,1,16039
3500610096655,false,יין רוזה גי פי אייסי,גיפי שנה,FR,יין רוזה גי פי אייסי מבעבע 200 מל,מיליליטרים,200.00,"100 מ""ל",false,6,25.00,12.5000,true,1,18258
3500610097362,false,יין דומיין הוט פלאטו,,FR,יין דומיין הוט פלאטו קוט רוזה 750 מל,מיליליטרים,750.00,"100 מ""ל",false,6,60.00,8.0000,true,1,18048
3500610101137,false,יין מס סגואלה קוטה ו,,FR,יין מס סגואלה קוטה וילאז באריזה 750 מל,מיליליטרים,750.00,"100 מ""ל",false,6,75.00,10.0000,true,1,18013
3500610120114,false,יין פרובנס פלור דה פ,,FR,יין פרובנס פלור דה פריירי רוזה 750 מל,מיליליטרים,750.00,"100 מ""ל",false,1,65.00,8.6667,true,1,24843
3500610135910,false,יין אקסהיב רוזה 750,,FR,יין אקסהיב רוזה 750 מל,מיליליטרים,750.00,"100 מ""ל",false,6,60.00,8.0000,true,1,32874
3500610137457,false,יין פינו נואר ברוט ב,,FR,יין פינו נואר ברוט בום רוזה 750 מל,מיליליטרים,750.00,"100 מ""ל",false,6,60.00,8.0000,true,1,40454
3500610144400,false,יין דומיין דו זונאקס,,FR,יין דומיין דו זונאקס אדום יבש לנזאק 750מ,מיליליטרים,750.00,"100 מ""ל",false,1,110.00,14.6667,true,1,43410
3500610144806,false,יין ויקטורי רוזה יבש,,FR,יין ויקטורי רוזה יבש 750 מל,מיליליטרים,750.00,"100 מ""ל",false,6,65.00,8.6667,true,1,29559
3500610147135,false,יין אדום שאטו דה פור,,FR,יין אדום שאטו דה פורנאס קורבייה 750מל פק,מיליליטרים,750.00,"100 מ""ל",false,1,75.00,10.0000,true,1,43419
3500610150500,false,יין בורדו שאטו הוט פ,,FR,יין אדום בורדו שאטו הוט פורה 750מל פקדון,מיליליטרים,750.00,"100 מ""ל",false,1,75.00,10.0000,true,1,43420
3500610150517,false,יין שאטו טימברליי בו,,FR,יין שאטו טימברליי בורדו סופרייר 750מל פק,מיליליטרים,750.00,"100 מ""ל",false,1,75.00,10.0000,true,1,43422
3500610150524,false,יין לה שאטו הוט פואט,,FR,יין לה שאטו הוט פואטו סוביניון לבן 750מל,מיליליטרים,750.00,"100 מ""ל",false,1,75.00,10.0000,true,1,43411
3500610151002,false,יין דומיין לה קנה רו,,FR,יין דומיין לה קנה רוזה 750 מל,מיליליטרים,750.00,"100 מ""ל",false,6,40.00,5.3333,true,1,40179
3500611152039,false,יין ביסטרו שיק דה לה,,,יין ביסטרו שיק דה לה מר 750 מל,מיליליטרים,750.00,"100 מ""ל",false,6,45.00,6.0000,true,1,39718
3523230025638,false,גבינת בושה עיזים טבע,אוריאל,,גבינת בושה עיזים טבעי 125 גר,גרמים,125.00,100 גרם,false,1,19.90,15.9200,true,1,8414
3523230025652,false,גבינת בושה עיזים 125,אוריאל,,גבינת בושה עיזים 125 גרם,גרמים,125.00,100 גרם,false,1,19.90,15.9200,true,1,12946
3523230026826,false,גבינת פירמידה עיזים,אוריאל,,גבינת פירמידה עיזים טבעי 140גרם,גרמים,140.00,100 גרם,false,1,19.90,14.2143,true,1,12945
3523230026888,false,גבינת פירמידה עיזים,אוריאל,,גבינת פירמידה עיזים שום ועשבי תיבול 140ג,גרמים,140.00,100 גרם,false,1,19.90,14.2143,true,1,12944
3523230032278,false,גבינת עיזים למריחה 1,אוריאל,,גבינת עיזים למריחה 150 גרם,גרמים,150.00,100 גרם,false,1,19.90,13.2667,true,1,11892
3523230038959,false,גבינת בושה מפוחם 125,אוריאל,,גבינת בושה מפוחם 125 גרם,גרמים,125.00,100 גרם,false,1,19.90,15.9200,true,1,24302
3523230045827,false,גבינת סנט מור עיזים,אוריאל,,גבינת סנט מור עיזים 160 גרם,גרמים,160.00,100 גרם,false,1,24.90,15.5625,true,1,16747
3525490010027,false,יין לה גומלייה קברנה,,,יין לה גומלייה קברנה סוביניון 750מל פקדו,מיליליטרים,750.00,"100 מ""ל",false,1,60.00,8.0000,true,1,8710
3525490010119,false,יין לה גומלייה סובינ,,,יין לה גומלייה סוביניון בלאן 750מל פקדון,מיליליטרים,750.00,"100 מ""ל",false,1,60.00,8.0000,true,1,8707
3525490010126,false,יין לה גומלייה סינסא,,,יין לה גומלייה סינסאו רוזה 750 מל,מיליליטרים,750.00,"100 מ""ל",false,1,60.00,8.0000,true,1,10621
3525490010256,false,יין לה גומלייה גראנש,,,יין לה גומלייה גראנש 750מל פקדון,מיליליטרים,750.00,"100 מ""ל",false,1,60.00,8.0000,true,1,8708
3525490010317,false,יין לה גומלייה פינו,,,יין לה גומלייה פינו גרי 750 מל,מיליליטרים,750.00,"100 מ""ל",false,1,60.00,8.0000,true,1,26435
3525490011321,false,יין לה זאמל אורנג טב,,FR,יין לה זאמל אורנג טבעי 750 מל,מיליליטרים,750.00,"100 מ""ל",false,6,65.00,8.6667,true,1,33166
3525490011987,false,יין לה גומלייה שרדונ,,,יין לה גומלייה שרדונה 750 מל,מיליליטרים,750.00,"100 מ""ל",false,1,60.00,8.0000,true,1,10799
3525490015497,false,יין לה גומלייה קריני,,,יין לה גומלייה קריניאן 750 מל,מיליליטרים,750.00,"100 מ""ל",false,1,60.00,8.0000,true,1,10623
3525490016302,false,יין לה גומלייה מלבק,,,יין לה גומלייה מלבק 750 מל,מיליליטרים,750.00,"100 מ""ל",false,1,60.00,8.0000,true,1,10622
3525490024970,false,יין לה ויט שרדונה 75,,,יין לה ויט שרדונה 750 מל,מיליליטרים,750.00,"100 מ""ל",false,1,60.00,8.0000,true,1,18753
3525490024987,false,יין לה ויט פינו נואר,,,יין לה ויט פינו נואר 750 מל,מיליליטרים,750.00,"100 מ""ל",false,1,60.00,8.0000,true,1,18754
3525490097219,false,יין לה בלה אנגל קברנ,,FR,יין לה בלה אנגל קברנה ס. 750 מל,מיליליטרים,750.00,"100 מ""ל",false,6,45.00,6.0000,true,1,33164
3525490097233,false,יין לה בלה אנגל שרדו,,FR,יין לה בלה אנגל שרדונה 750 מל,מיליליטרים,750.00,"100 מ""ל",false,6,45.00,6.0000,true,1,33163
3525490098476,false,יין לה בלה אנגל רוזה,,FR,יין לה בלה אנגל רוזה 750 מל,מיליליטרים,750.00,"100 מ""ל",false,6,45.00,6.0000,true,1,38620
3525490098636,false,יין לה בלה אנגל קולו,,FR,יין לה בלה אנגל קולומברד 750 מל,מיליליטרים,750.00,"100 מ""ל",false,6,45.00,6.0000,true,1,33162
3525490098667,false,יין לה בלה אנגל גאמי,,FR,יין לה בלה אנגל גאמיי 750 מל,מיליליטרים,750.00,"100 מ""ל",false,6,45.00,6.0000,true,1,33165
3535921041001,false,יין לואי זאדו בוזולה,,,יין לואי זאדו בוזולה 2006 וילאז 750 מל,Unknown,0.00,Unknown,false,1,80.00,0.0000,true,1,3375
3535921050003,false,יין לואי זאדו מאקון,,,יין לואי זאדו מאקון 750 מל פיקדון צרפת,מיליליטרים,750.00,"100 מ""ל",false,1,85.00,11.3333,true,1,6133
3535923020004,false,יין בורגון לואי זאדו,,,יין לואי זאדו בורגון פינו נואר 750מל פקד,מיליליטרים,750.00,"100 מ""ל",false,1,110.00,14.6667,true,1,7304
3535926001000,false,יין לואי זאדו שרדונה,,,יין לואי זאדו שרדונה  750 מל 2012,מיליליטרים,750.00,"100 מ""ל",false,1,110.00,14.6667,true,1,10471
3535926010002,false,יין לואי זאדו שאבלי,וויליאם פאבר,FR,יין לואי זאדו שאבלי 750 מל פקדון,מיליליטרים,750.00,"100 מ""ל",false,6,125.00,16.6667,true,1,32010
3535927200006,false,יין בורגון לואי זאדו,,,יין לואי זאדו בורגון אליגוטה 750 מל פקדו,מיליליטרים,750.00,"100 מ""ל",false,1,85.00,11.3333,true,1,7768
3536650501002,false,יין גיגל קוט דה רון,,,יין גיגל קוט דה רון אדום 750 מל פקדון,מיליליטרים,750.00,"100 מ""ל",false,1,85.00,11.3333,true,1,4561
3542862722111,false,גבינת קומטה גורה פלו,,FR,גבינת קומטה גורה פלור 200גר,גרמים,200.00,100 גרם,false,,39.90,19.9500,true,1,41189
3547102222000,false,יין שאטו מינוטי רוזה,מינוטי,FR,יין שאטו מינוטי רוזה 750 מלמל,מיליליטרים,750.00,"100 מ""ל",false,6,85.00,11.3333,true,1,20541
3563490014898,false,חרדל ריין דה דיזון ל,ריין דיגון,,חרדל ריין דה דיזון לחיץ265 גר,גרמים,265.00,100 גרם,false,1,12.90,4.8679,true,1,5070
3567105000047,false,יין זיגונדאס טראדיסי,צרפת דומיין ברוסה,,יין זיגונדאס טראדיסיון ברוסה 750מל פקדון,מיליליטרים,750.00,"100 מ""ל",false,1,110.00,14.6667,true,1,8718
3567106000046,false,יין זיגונדאס לה הו מ,צרפת דומיין ברוסה,,יין זיגונדאס לה הו מונמיראיי ברוסה 750מל,מיליליטרים,750.00,"100 מ""ל",false,1,170.00,22.6667,true,1,8719
3567107000045,false,יין ונטו ברוסה 750 מ,ונטו,,יין ונטו ברוסה 750 מל,מיליליטרים,750.00,"100 מ""ל",false,1,60.00,8.0000,true,1,15852
3569401014360,false,יין אדום קריניאן קוט,,,יין אדום קריניאן קוט קטלאן 750 מל,מיליליטרים,750.00,"100 מ""ל",false,6,65.00,8.6667,true,1,42615
3569401014407,false,יין רוזה ליפארי מענב,,,יין רוזה ליפארי מענבי פינו נואר 750 מל,מיליליטרים,750.00,"100 מ""ל",false,6,65.00,8.6667,true,1,42614
3574660058857,false,שמן  בייבי  גונסונס,Johnson Toilet-IT,IT,שמן  בייבי  גונסונס 500מל חדש,מיליליטרים,500.00,"100 מ""ל",false,1,29.90,5.9800,true,1,20324
3574660089547,false,טמפון אובה קלאסי נור,Johnson Toilet-IT,,טמפון אובה קלאסי נורמל 32 יח,יחידה,32.00,יחידה,false,1,24.90,0.7781,true,1,4923
3574660239829,false,קרם ידיים ניוטרוגינה,,,קרם ידיים ניוטרוגינה קל 75 מל,מיליליטרים,75.00,"100 מ""ל",false,1,25.90,34.5333,true,1,15939
3574660239973,false,טמפון אובה נורמל 32י,Johnson Toilet-IT,,טמפון אובה נורמל 32יח פרוקומפורט,יחידה,32.00,יחידה,false,1,24.90,0.7781,true,1,4922
3574660333466,false,טמפון אובה מיני 32 פ,Johnson Toilet-IT,,טמפון אובה מיני 32 פרוקומפורט,יחידה,32.00,יחידה,false,1,24.90,0.7781,true,1,8156
3574660342291,false,קרם ידיים ניוטרוגינה,,,קרם ידיים ניוטרוגינה 75 מל,מיליליטרים,75.00,"100 מ""ל",false,1,25.90,34.5333,true,1,15938
3574660514643,false,קרם רב שימושי ניוטרו,גונסונס,,קרם רב שימושי ניוטרוגינה עשיר 300 מל,מיליליטרים,300.00,"100 מ""ל",false,1,25.90,8.6333,true,1,16013
3574660676136,false,קרם רב שימושי ניוטרו,גונסונס,,קרם רב שימושי ניוטרוגינה קליל 300 מל,מיליליטרים,300.00,"100 מ""ל",false,1,25.90,8.6333,true,1,28314
3574661003924,false,נוזל שטיפת פה ליסטרי,,IT,נוזל שטיפת פה ליסטרין טוטל קר 500מל,מיליליטרים,500.00,"100 מ""ל",false,1,22.90,4.5800,true,1,19309
3574661098531,false,תחליב גוף ניוטרוגינה,ניוטרוגינה,,תחליב גוף ניוטרוגינה מועשר 400 מל,מיליליטרים,400.00,"100 מ""ל",false,1,35.90,8.9750,true,1,18865
3574661098937,false,תחליב גוף ניוטרוגינה,ניוטרוגינה,,תחליב גוף ניוטרוגינה עור יבש משאבה 400מל,מיליליטרים,400.00,"100 מ""ל",false,1,35.90,8.9750,true,1,18864
3574661114637,false,נוזל שטיפת פה ליסטרי,,IT,נוזל שטיפת פה ליסטרין זירו 500מל,מיליליטרים,500.00,"100 מ""ל",false,1,19.90,3.9800,true,1,19307
3574661141022,false,וניה תחבושות מקסי לי,,,וניה תחבושות מקסי לילה 12 יח,יחידה,12.00,יחידה,false,1,24.50,2.0417,true,1,11839
3574661199894,false,קרם ידיים ניוטרוגינה,,,קרם ידיים ניוטרוגינה ויזבלי ריניז 75 מל,Unknown,0.00,Unknown,false,1,25.90,0.0000,true,1,15942
3574661200019,false,תחליב גוף ניוטרוגינה,ניוטרוגינה,,תחליב גוף ניוטרוגינה ויזבלי משאבה 400מל,מיליליטרים,400.00,"100 מ""ל",false,1,35.90,8.9750,true,1,12858
3574661352275,false,מי פה ליסטרין קידס ב,,,מי פה ליסטרין קידס ברי 250מל,מיליליטרים,250.00,"100 מ""ל",false,6,14.90,5.9600,true,1,25857
3574661363998,false,נוזל שטיפת פה ליסטרי,,IT,נוזל שטיפת פה ליסטרין תה ירוק 500מל,מיליליטרים,500.00,"100 מ""ל",false,1,22.90,4.5800,true,1,19310
3574661391373,false,תחליב גוף ניוטרוגינה,ניוטרוגינה,,תחליב גוף ניוטרוגינה הידרו בוסט 400מל,מיליליטרים,400.00,"100 מ""ל",false,1,25.90,6.4750,true,1,19690
3574661391434,false,תחליב גוף ניוטרטגינה,,,תחליב גוף ניוטרטגינה תרסיס 200מל,מיליליטרים,200.00,"100 מ""ל",false,1,25.90,12.9500,true,1,27490
3574661392486,false,קרם ידיים ניוטרוגינה,,,קרם ידיים ניוטרוגינה הידרו בוסט 75 מל,מיליליטרים,75.00,"100 מ""ל",false,1,25.90,34.5333,true,1,19692
3574661392493,false,קרם גוף ניוטרוגינה ה,גונסונס,,קרם גוף ניוטרוגינה הידרו בוסט 200מל,מיליליטרים,200.00,"100 מ""ל",false,1,25.90,12.9500,true,1,19691
3574661401140,false,נוזל שטיפת פה ליסטרי,,IT,נוזל שטיפת פה ליסטרין נייטלי ריסיט500מל,מיליליטרים,500.00,"100 מ""ל",false,1,19.90,3.9800,true,1,20392
3574661419435,false,וניה תחבושות מקסי 12,Johnson Vania - BL,,וניה תחבושות מקסי 12 יח,יחידה,12.00,יחידה,false,1,24.50,2.0417,true,1,44111
3574661425139,false,קרם החתלה בייבי גונס,Johnson Toilet-IT,IT,קרם החתלה בייבי גונסונס 100 מל,מיליליטרים,100.00,"100 מ""ל",false,1,18.90,18.9000,true,1,20327
3574661425696,false,תחליב בייבי  גונסון,Johnson Toilet-IT,IT,תחליב בייבי  גונסון 500 מל חדש,מיליליטרים,500.00,"100 מ""ל",false,1,29.90,5.9800,true,1,20318
3574661432847,false,מרכך גונסונס הקץ לקש,Johnson Toilet-IT,IT,מרכך גונסונס הקץ לקשרים 500 מל חדש,מיליליטרים,500.00,"100 מ""ל",false,1,14.90,2.9800,true,1,20313
3574661485201,false,טמפון אובה סופר 32יח,Johnson Toilet-IT,,טמפון אובה סופר 32יח פרוקומפורט,יחידה,32.00,יחידה,false,1,24.90,0.7781,true,1,42201
3574661485218,false,טמפון אובה נורמל 32י,Johnson Toilet-IT,,טמפון אובה נורמל 32יח פרוקומפורט,יחידה,32.00,יחידה,false,1,24.90,0.7781,true,1,42200
3574661487328,false,מגן תחתון קרפרי רגיל,Johnson Toilet-IT,,מגן תחתון קרפרי רגיל 56 יחידות,יחידה,56.00,יחידה,false,1,14.90,0.2661,true,1,21572
3574661487335,false,מגן תחתון קרפרי לונג,Johnson Toilet-IT,,מגן תחתון קרפרי לונג ריחני 40 יח,יחידה,40.00,יחידה,false,1,14.90,0.3725,true,1,21575
3574661487618,false,מגן תחתון קרפרי מקסי,Johnson Toilet-IT,,מגן תחתון קרפרי מקסי מבושם 48 יח,יחידה,48.00,יחידה,false,1,14.90,0.3104,true,1,21574
3574661487625,false,מגן תחתון קרפרי מקסי,Johnson Toilet-IT,,מגן תחתון קרפרי מקסי לארג 48 יח,יחידה,48.00,יחידה,false,1,14.90,0.3104,true,1,21573
3574661487632,false,מגן תחתון קרפרי מגה,Johnson Toilet-IT,,מגן תחתון קרפרי מגה פאק לארג מקסי64יח,יחידה,64.00,יחידה,false,1,21.90,0.3422,true,1,21577
3574661491806,false,נוזל שטיפת פה ליסטרי,,IT,נוזל שטיפת פה ליסטרין אדוונס הלבנה 500מל,מיליליטרים,500.00,"100 מ""ל",false,1,22.90,4.5800,true,1,29179
3574661500355,false,מגן תחתון קרפרי לונג,Johnson Toilet-IT,,מגן תחתון קרפרי לונג רגיל 40 יח,יחידה,40.00,יחידה,false,1,14.90,0.3725,true,1,21576
3574661501901,false,קרפרי שטיפה אינטימית,Johnson Toilet-IT,,קרפרי שטיפה אינטימית אלוורה 200 מל,מיליליטרים,200.00,"100 מ""ל",false,1,16.90,8.4500,true,1,21568
3574661504162,false,קרפרי מוס שטיפה אינט,Johnson Toilet-IT,IT,קרפרי מוס שטיפה אינטימית 150מל,מיליליטרים,150.00,"100 מ""ל",false,6,19.90,13.2667,true,1,21570
3574661506272,false,קרפרי מגבונים אינטימ,Johnson Toilet-IT,,קרפרי מגבונים אינטימיים אלוורה 20יח,יחידה,20.00,יחידה,false,1,19.90,0.9950,true,1,21569
3574661530697,false,תרחיץ ושמפו גונסון,Johnson Toilet-IT,IT,תרחיץ ושמפו גונסון  בייבי 500מל חדש,מיליליטרים,500.00,"100 מ""ל",false,1,14.90,2.9800,true,1,20421
3574661552576,false,מגן תחתון קרפרי רגיל,Johnson Toilet-IT,,מגן תחתון קרפרי רגיל טנגה לבן 56 יח,יחידה,56.00,יחידה,false,1,14.90,0.2661,true,1,24662
3574661552804,false,מגן תחתון קרפרי אלוו,Johnson Toilet-IT,,מגן תחתון קרפרי אלוורה 56 יח,יחידה,56.00,יחידה,false,1,14.90,0.2661,true,1,24661
3574661552811,false,מגן תחתון קרפרי כותו,Johnson Toilet-IT,IT,מגן תחתון קרפרי כותון אוורירי 56 יח,יחידה,56.00,יחידה,false,5,14.90,0.2661,true,1,24659
3574661554877,false,מגן תחתון קרפרי כותו,Johnson Toilet-IT,IT,מגן תחתון קרפרי כותון מבושם 56 יח,יחידה,56.00,יחידה,false,5,14.90,0.2661,true,1,24660
3574661554884,false,מגן תחתון קרפרי רגיל,Johnson Toilet-IT,,מגן תחתון קרפרי רגיל טנגה ריחני 56 יח,יחידה,56.00,יחידה,false,1,14.90,0.2661,true,1,24663
3574661610344,false,קרם רב שימושי ניוטרו,גונסונס,,קרם רב שימושי ניוטרוגינה אינטנסיב 300 מל,מיליליטרים,300.00,"100 מ""ל",false,1,25.90,8.6333,true,1,39953
3574661643359,false,מי פה ליסטרין נטורלס,,IT,מי פה ליסטרין נטורלס אינמאל 500מל,מיליליטרים,500.00,"100 מ""ל",false,1,22.90,4.5800,true,1,40834
3574661650029,false,מי פה ליסטרין נטורלס,,IT,מי פה ליסטרין נטורלס גאם 500מל,מיליליטרים,500.00,"100 מ""ל",false,1,22.90,4.5800,true,1,40835
3574669907682,false,טלק  בייבי  גונסונס,Johnson Toilet-IT,IT,טלק  בייבי  גונסונס 500גר חדש,גרמים,500.00,100 גרם,false,1,29.90,5.9800,true,1,20316
3574669907729,false,שמפו בייבי  גונסונס,Johnson Toilet-IT,IT,שמפו בייבי  גונסונס גולד 750מל חדש,מיליליטרים,750.00,"100 מ""ל",false,1,14.90,1.9867,true,1,42608
3574669907767,false,שמפו בייבי  גונסונס,Johnson Toilet-IT,IT,שמפו בייבי  גונסונס קמומיל 750מל חדש,מיליליטרים,750.00,"100 מ""ל",false,1,14.90,1.9867,true,1,20323
3574669907781,false,שמפו בייבי  גונסונס,Johnson Toilet-IT,IT,שמפו בייבי  גונסונס גולד 750מל חדש,מיליליטרים,750.00,"100 מ""ל",false,1,14.90,1.9867,true,1,20321
3574669907972,false,שמפו גונסונס טיפות,Johnson Toilet-IT,IT,שמפו גונסונס טיפות  ברק 750 מל חדש,מיליליטרים,750.00,"100 מ""ל",false,1,14.90,1.9867,true,1,20310
3574669908146,false,תחליב בייבי  גונסון,Johnson Toilet-IT,IT,תחליב בייבי  גונסון לפני השינה500 מל חדש,מיליליטרים,500.00,"100 מ""ל",false,1,29.90,5.9800,true,1,20319
3574669908443,false,אלסבון וקצף אמבט גונ,Johnson Toilet-IT,IT,אלסבון וקצף אמבט גונסון בייבי 750 מל חדש,מיליליטרים,750.00,"100 מ""ל",false,1,14.90,1.9867,true,1,20331
3574669908481,false,אלסבון בייבי גונסון,Johnson Toilet-IT,IT,אלסבון בייבי גונסון אמבט 750 מל חדש,מיליליטרים,750.00,"100 מ""ל",false,1,14.90,1.9867,true,1,20330
3574669908665,false,אלסבון בייבי גונסון,Johnson Toilet-IT,IT,אלסבון בייבי גונסון לפני שינה 750 מל חדש,מיליליטרים,750.00,"100 מ""ל",false,1,14.90,1.9867,true,1,20328
3574669908948,false,אלסבון בייבי גונסון,Johnson Toilet-IT,IT,אלסבון בייבי גונסון לרחצה עדינה750מל חדש,מיליליטרים,750.00,"100 מ""ל",false,1,14.90,1.9867,true,1,20329
3574669909181,false,שמן  בייבי  גונסונס,Johnson Toilet-IT,IT,שמן  בייבי  גונסונס אלוורה 300מל חדש,מיליליטרים,300.00,"100 מ""ל",false,1,22.90,7.6333,true,1,20326
3574669909204,false,שמן  בייבי  גונסונס,Johnson Toilet-IT,IT,שמן  בייבי  גונסונס 300מל חדש,מיליליטרים,300.00,"100 מ""ל",false,1,22.90,7.6333,true,1,20325
3574669909822,false,ספריי גונסונס קשרים,Johnson Toilet-IT,IT,ספריי גונסונס קשרים טיפות של ברק200מלחדש,מיליליטרים,200.00,"100 מ""ל",false,1,16.90,8.4500,true,1,20314
3600521720219,false,קרם לחות לוריאל פעול,,,קרם לחות לוריאל פעולה משולשת לילה 50מל,Unknown,0.00,Unknown,false,1,44.90,0.0000,true,1,40076
3600522344032,false,מסכת שיער אלביב 300מ,,,מסכת שיער אלביב 300מל טוטל רפייר לוריאל,מיליליטרים,300.00,"100 מ""ל",false,1,24.90,8.3000,true,1,40069
3600522344070,false,מסכת שיער אלביב 300מ,,,מסכת שיער אלביב 300מל קולור פרוטק לוריאל,מיליליטרים,300.00,"100 מ""ל",false,1,24.90,8.3000,true,1,39782
3600522550129,false,קרם יום לוריאל דרמו,,,קרם יום לוריאל דרמו 50פלוס 45מל,Unknown,0.00,Unknown,false,1,54.90,0.0000,true,1,39783
3600522550204,false,קרם יום לוריאל דרמו,,,קרם יום לוריאל דרמו 50פלוס 55מל,Unknown,0.00,Unknown,false,1,54.90,0.0000,true,1,39784
3600523642489,false,מסכת שיער אלביב 300מ,,,מסכת שיער אלביב 300מל שמנים לוריאל,מיליליטרים,300.00,"100 מ""ל",false,1,24.90,8.3000,true,1,39781
3600523651870,false,שמפו אלביב 500מל פול,,,שמפו אלביב 500מל פול רזיסט לוריאל,מיליליטרים,500.00,"100 מ""ל",false,1,14.90,2.9800,true,1,40070
3600523651900,false,מרכך אלביב 550מל פול,,,מרכך אלביב 550מל פול רזיסט לוריאל,מיליליטרים,550.00,"100 מ""ל",false,1,14.90,2.7091,true,1,40071
3600523652259,false,מרכך שיער אלביב 550מ,,,מרכך שיער אלביב 550מל קולור לוריאל,מיליליטרים,550.00,"100 מ""ל",false,1,14.90,2.7091,true,1,39775
3600523652280,false,שמפו אלביב 550מל 6 ש,,,שמפו אלביב 550מל 6 שמנים לוריאל,מיליליטרים,550.00,"100 מ""ל",false,1,14.90,2.7091,true,1,39779
3600523652297,false,מרכך שיער אלביב 550מ,,,מרכך שיער אלביב 550מל 6 שמנים לוריאל,מיליליטרים,550.00,"100 מ""ל",false,1,14.90,2.7091,true,1,39774
3600523782567,false,שמפו אלביב 500מל דרי,,,שמפו אלביב 500מל דרים לונג לוריאל,מיליליטרים,500.00,"100 מ""ל",false,1,14.90,2.9800,true,1,39778
3600523782574,false,מסכת שיער אלביב 300מ,,,מסכת שיער אלביב 300מלדרים לונג לוריאל,מיליליטרים,300.00,"100 מ""ל",false,1,24.90,8.3000,true,1,39780
3600523782581,false,מרכך שיער אלביב 500מ,,,מרכך שיער אלביב 500מל דרים לונג לוריאל,מיליליטרים,500.00,"100 מ""ל",false,1,14.90,2.9800,true,1,39776
3600540928863,false,דאודורנט גרנייה רול,,,דאודורנט גרנייה רול און אינבזיבל קליר50מ,Unknown,0.00,Unknown,false,6,15.90,0.0000,true,1,40081
3600541033399,false,דאודורנט גרנייה ספרי,,,דאודורנט גרנייה ספריי אינביזביל קול 150מ,Unknown,0.00,Unknown,false,6,15.90,0.0000,true,1,40084
3600541253667,false,דאודורנט גרנייה ספרי,,,דאודורנט גרנייה ספריי אינביזביל ורוד 150,Unknown,0.00,Unknown,false,6,15.90,0.0000,true,1,40083
3600541382930,false,מסיר איפור גרנייה מי,,,מסיר איפור גרנייה מיסלר מים ורוד 400מל,מיליליטרים,400.00,"100 מ""ל",false,6,27.90,6.9750,true,1,40079
3600541448476,false,דאודורנט גרנייה רול,,,דאודורנט גרנייה רול און אינבזיבל 50מל,Unknown,0.00,Unknown,false,6,15.90,0.0000,true,1,40080
3600541928275,false,מסיר איפור גרנייה מי,,,מסיר איפור גרנייה מיסלר מים דו פרזי 400מ,מיליליטרים,400.00,"100 מ""ל",false,6,27.90,6.9750,true,1,40078
3600542385251,false,דאודורנט גרנייה רול,,,דאודורנט גרנייה רול און פרוטקשן6 50מל,Unknown,0.00,Unknown,false,6,15.90,0.0000,true,1,40082
3607340717635,false,גל רחצה אדידס אייס ד,,,גל רחצה אדידס אייס דייב 400מל,מיליליטרים,400.00,"100 מ""ל",false,1,10.90,2.7250,true,1,16952
3607343817547,false,דאודורנט אדידס ספריי,,,דאודורנט אדידס ספריי קליימקול לגבר 150מל,מיליליטרים,150.00,"100 מ""ל",false,1,14.90,9.9333,true,1,27291
3607345264912,false,דאודורנט פיוזן ספריי,,,דאודורנט פיוזן ספריי גוף אייס דייב 150מל,מיליליטרים,150.00,"100 מ""ל",false,1,19.90,13.2667,true,1,14505
3607345265117,false,דאודורנט פיוזן ספריי,,,דאודורנט פיוזן ספריי גוף טים פורס 150מל,מיליליטרים,150.00,"100 מ""ל",false,1,19.90,13.2667,true,1,14506
3607347320449,false,גל רחצה אדידס ספורט,,,גל רחצה אדידס ספורט אנרגי 400מל,מיליליטרים,400.00,"100 מ""ל",false,1,10.90,2.7250,true,1,16950
3607347415343,false,דאודורנט אדידס רול,,PT,דאודורנט אדידס רול  און קונטרול 55 גרם,Unknown,0.00,Unknown,false,24,14.90,0.0000,true,1,21636
3607347415589,false,דאודורנט אדידס רול,,PT,דאודורנט אדידס רול  און פרש 55 גר נשים,Unknown,0.00,Unknown,false,24,14.90,0.0000,true,1,21638
3607347918981,false,דאודורנט אדידס רול,,PT,דאודורנט אדידס רול  און 6ב1 55 גר נשים,Unknown,0.00,Unknown,false,24,14.90,0.0000,true,1,21637
3607349687458,false,דאודורנט אדידס ספריי,,,דאודורנט אדידס ספריי גבר קול דריי פרש150,מיליליטרים,150.00,"100 מ""ל",false,1,14.90,9.9333,true,1,27294
3608580071389,false,ממרח ערמונים בון מאמ,בון מאמא,FR,ממרח ערמונים בון מאמא 370 גרם,גרמים,370.00,100 גרם,false,6,25.90,7.0000,true,1,32009
3608580075646,false,קונפיטורה שזיפים בון,בון מאמא,FR,קונפיטורה שזיפים בון מאמא 370 גרם,גרמים,370.00,100 גרם,false,6,19.90,5.3784,true,1,32008
3608580077343,false,ממרח בון מאמא קרמל מ,בון מאמא,FR,ממרח בון מאמא קרמל מלוח 220 גרם,גרמים,220.00,100 גרם,false,6,24.90,11.3182,true,1,39547
3608580730231,false,קונפיטורה תות בון מא,,,קונפיטורה תות בון מאמא 370 גרם,גרמים,370.00,100 גרם,false,1,19.90,5.3784,true,1,12782
3608580730248,false,קונפיטורה דובדבן בון,,,קונפיטורה דובדבן בון מאמא 370 גרם,גרמים,370.00,100 גרם,false,1,19.90,5.3784,true,1,12783
3608580730255,false,קונפיטורה משמש בון מ,,,קונפיטורה משמש בון מאמא 370 גרם,גרמים,370.00,100 גרם,false,1,19.90,5.3784,true,1,12785
3608580730279,false,קונפיטורה מרמלדת תפו,,,קונפיטורה מרמלדת תפוז בון מאמא 370 גרם,גרמים,370.00,100 גרם,false,1,19.90,5.3784,true,1,26425
3608580730286,false,קונפיטורה 4 פירות בו,,,קונפיטורה 4 פירות בון מאמא 370 גרם,גרמים,370.00,100 גרם,false,1,19.90,5.3784,true,1,12786
3608580730323,false,קונפיטורה פטל בון מא,,,קונפיטורה פטל בון מאמא 370 גרם,גרמים,370.00,100 גרם,false,1,19.90,5.3784,true,1,12784
3614221653715,false,גל רחצה אדידס קליימק,,,גל רחצה אדידס קליימקול 400מל,מיליליטרים,400.00,"100 מ""ל",false,1,10.90,2.7250,true,1,16951
3614223736003,false,דאודורנט אדידס ספריי,,,דאודורנט אדידס ספריי אדיפיור לגבר 150מל,מיליליטרים,150.00,"100 מ""ל",false,1,14.90,9.9333,true,1,27292
3614223736485,false,דאודורנט אדידס ספריי,,,דאודורנט אדידס ספריי אדיפיור 200מל,מיליליטרים,200.00,"100 מ""ל",false,1,19.90,9.9500,true,1,17807
3614223736836,false,דאודורנט אדידס ספריי,,PT,דאודורנט אדידס ספריי אדיפיור 150מל אישה,מיליליטרים,150.00,"100 מ""ל",false,24,19.90,13.2667,true,1,17808
3614224050986,false,דאודורנט אדידס ספריי,,,דאודורנט אדידס ספריי אדיפיור 72ש גבר150מ,מיליליטרים,150.00,"100 מ""ל",false,1,14.90,9.9333,true,1,27293
3614224051235,false,דאודורנט אדידס ספריי,,,דאודורנט אדידס ספריי אדיפאוור לגבר200,מיליליטרים,200.00,"100 מ""ל",false,1,19.90,9.9500,true,1,20278
3614224056537,false,דאודורנט אדידס ספריי,,,דאודורנט אדידס ספריי אדיפאוור אישה 150מל,מיליליטרים,150.00,"100 מ""ל",false,1,19.90,13.2667,true,1,20276
3661163991146,false,דאודורנט אדידס ספריי,,,דאודורנט אדידס ספריי קול אנד קר לאישה150,מיליליטרים,150.00,"100 מ""ל",false,1,19.90,13.2667,true,1,15021
3661163991344,false,דאודורנט אדידס ספריי,,,דאודורנט אדידס ספריי קליימקול לאישה150,מיליליטרים,150.00,"100 מ""ל",false,1,19.90,13.2667,true,1,15023
3661163991580,false,דאודורנט אדידס ספריי,,,דאודורנט אדידס ספריי קול 6ב1 לאישה150,מיליליטרים,150.00,"100 מ""ל",false,1,19.90,13.2667,true,1,15022
3662444002766,false,לחם בריוש צרפתי פרוס,,,לחם בריוש צרפתי פרוס פיצפוצי שוקולד500,גרמים,500.00,100 גרם,false,1,20.90,4.1800,true,1,19246
3662444002773,false,לחם בריוש צרפתי פרוס,,,0לחם בריוש פרוס צרפתי פיצפוצי שוקולד500,גרמים,500.00,100 גרם,false,1,19.90,3.9800,true,1,19245
3662444005477,false,עוגת רויאל בריוש שוק,,FR,עוגת רויאל בריוש שוקולד 400 גרם,גרמים,400.00,100 גרם,false,7,29.90,7.4750,true,1,44460
3663559000135,false,שיזפים מיובשים אורגנ,קומפני לה פרוניה,FR,שיזפים מיובשים אורגניים קומפני 250 גר,גרמים,250.00,100 גרם,false,20,26.90,10.7600,true,1,19267
3665468301723,false,מטהר אוויר אירוויק נ,RB פולין,PL,מטהר אוויר אירוויק נ.גז ערפילי בוקר 237מ,מיליליטרים,237.00,"100 מ""ל",false,1,14.90,6.2869,true,1,44083
3700485100048,false,ברנדי נשיונאל אקס או,sas de fussigy,,ברנדי נשיונאל אקס או באריזה 700 מל םפיקד,מיליליטרים,700.00,"100 מ""ל",false,1,105.00,15.0000,true,1,6750
3700846700047,false,יין טרידישין אדום 20,,,יין טרידישין אדום 2017 750 מל,מיליליטרים,750.00,"100 מ""ל",false,1,80.00,10.6667,true,1,25940
3700846782302,false,יין ויונייה מיזון סר,,,יין ויונייה מיזון סרלה 2018 750 מל750 מל,מיליליטרים,750.00,"100 מ""ל",false,1,80.00,10.6667,true,1,25944
3700846782319,false,יין דאבל וי מיזון סר,,,יין דאבל וי מיזון סרלה 2018 72017 750 מל,מיליליטרים,750.00,"100 מ""ל",false,1,80.00,10.6667,true,1,25945
3701086303562,false,יין ולאס פויזן רוזה,,FR,יין ולאס פויזן רוזה 750 מל,מיליליטרים,750.00,"100 מ""ל",false,6,60.00,8.0000,true,1,38321
3701086304309,false,יין ולאס לקוק סירה ב,,FR,יין ולאס לקוק סירה בלאק 750 מל,מיליליטרים,750.00,"100 מ""ל",false,6,60.00,8.0000,true,1,43992
3701086304583,false,יין ולאס פויזן רוז 7,,FR,יין ולאס פויזן רוז 750 מל,מיליליטרים,750.00,"100 מ""ל",false,6,60.00,8.0000,true,1,38320
3701086305030,false,יין ולאס פויזן בלאן,,FR,יין ולאס פויזן בלאן 750 מל,מיליליטרים,750.00,"100 מ""ל",false,6,60.00,8.0000,true,1,38322
3701086305528,false,יין ולאס לקוק קברנה,,FR,יין ולאס קוק קברנה סוביניון 750 מל,מיליליטרים,750.00,"100 מ""ל",false,6,60.00,8.0000,true,1,38335
3701086305719,false,יין ואלס לה קוק מלבק,,FR,יין ואלס לה קוק מלבק 750 מל,מיליליטרים,750.00,"100 מ""ל",false,6,60.00,8.0000,true,1,38337
3701086306730,false,יין ואלס לה קוק שרדו,,FR,יין ואלס לה קוק שרדונה 750 מל,מיליליטרים,750.00,"100 מ""ל",false,6,60.00,8.0000,true,1,38336
3760009191709,false,יין פרובנס רוזה סנט,שאטו דה פראז,FR,יין פרובנס רוזה סנט ויקטואר 750 מל,מיליליטרים,750.00,"100 מ""ל",false,1,100.00,13.3333,true,1,41228
3760009194328,false,יין פרובנס רוזה סנט,שאטו דה פראז,FR,יין רוזה סנט ויקטואר 750 מל,מיליליטרים,750.00,"100 מ""ל",false,1,100.00,13.3333,true,1,22506
3760031471664,false,יין דומיין לפאז קוט,דומיין לפאז,FR,יין דומיין לפאז קוט אסט 750 מל,מיליליטרים,750.00,"100 מ""ל",false,6,60.00,8.0000,true,1,23494
3760031471725,false,יין לפאז קוט סוד אדו,דומיין לפאז,FR,יין לפאז קוט סוד אדום 750 מל,מיליליטרים,750.00,"100 מ""ל",false,6,60.00,8.0000,true,1,23492
3760031472081,false,יין דומיין לפאז קוט,דומיין לפאז,FR,יין דומיין לפאז קוט רוזה 750 מל,מיליליטרים,750.00,"100 מ""ל",false,6,60.00,8.0000,true,1,23495
3760031472821,false,יין לפאז קוט פלוראל,דומיין לפאז,FR,יין לפאז קוט פלוראל 750 מל,מיליליטרים,750.00,"100 מ""ל",false,6,60.00,8.0000,true,1,23493
3760031473514,false,יין דומיין לפאז גרנש,דומיין לפאז,FR,יין דומיין לפאז גרנש בשלישית 750 מל,מיליליטרים,750.00,"100 מ""ל",false,6,75.00,10.0000,true,1,23498
3760040420073,false,יין קברנה מרלו ויניי,צרפת פול מאס,,יין קברנה מרלו וינייה דה ניקול פול מאס 7,מיליליטרים,750.00,"100 מ""ל",false,1,60.00,8.0000,true,1,9443
3760040420394,false,יין שאטו פול מאס קלו,צרפת פול מאס,,יין שאטו פול מאס קלו דה מור 2010 750מל פ,מיליליטרים,750.00,"100 מ""ל",false,1,80.00,10.6667,true,1,7856
3760040420714,false,יין ורמנטינו פול מאס,פול מאס,,יין ורמנטינו פול מאס לבן 750מל פקדון,מיליליטרים,750.00,"100 מ""ל",false,1,45.00,6.0000,true,1,9442
3760040421261,false,יין רוזה סירה פול מא,צרפת פול מאס,,יין רוזה סירה פול מאס 750 מל פקדון,מיליליטרים,750.00,"100 מ""ל",false,1,45.00,6.0000,true,1,8181
3760040422794,false,יין פול מאס רזרב מור,צרפת פול מאס,,יין פול מאס אסטייט מורבד 2010 750מל פקדו,מיליליטרים,750.00,"100 מ""ל",false,1,60.00,8.0000,true,1,7855
3760040422954,false,יין פול מאס רזרב מלב,צרפת פול מאס,,יין אסטייט מאלבק פול מאס 750מל פקדון,מיליליטרים,750.00,"100 מ""ל",false,1,60.00,8.0000,true,1,9440
3760040422961,false,יין פול מאס רזרב קרי,צרפת פול מאס,,יין פול מאס אסטייט קריניאן 750מל פקדון,מיליליטרים,750.00,"100 מ""ל",false,1,60.00,8.0000,true,1,8217
3760040422978,false,יין פול מאס רזרב ויו,פול מאס,,יין אסטייט ויונייה פול מאס 750 מל,מיליליטרים,750.00,"100 מ""ל",false,1,60.00,8.0000,true,1,11884
3760040423517,false,יין גראנש פול מאס 75,צרפת פול מאס,,יין גראנש פול מאס 750 מל פקדון,מיליליטרים,750.00,"100 מ""ל",false,1,45.00,6.0000,true,1,9441
3760040427614,false,יין קברנה  סוביניון,פול מאס,,יין קברנה  סוביניון זאן קלוד מאס 750 מל,מיליליטרים,750.00,"100 מ""ל",false,1,60.00,8.0000,true,1,13316
3760040427836,false,יין רוזה וינייה דה נ,צרפת פול מאס,,יין רוזה וינייה דה ניקול פול מאס 750 מל,מיליליטרים,750.00,"100 מ""ל",false,1,60.00,8.0000,true,1,10686
3760040431819,false,יין גוורצטרמינר זאן,פול מאס,,יין גוורצטרמינר זאן קלוד מאס 750 מל,מיליליטרים,750.00,"100 מ""ל",false,1,50.00,6.6667,true,1,13319
3760082819729,false,יין מונטניין נואר סי,,FR,יין מונטניין נואר סירה 750 מל,מיליליטרים,750.00,"100 מ""ל",false,12,60.00,8.0000,true,1,31527
3760082819903,false,יין אוסטל קאז רוזה 7,,FR,יין אוסטל קאז רוזה 750 מל,מיליליטרים,750.00,"100 מ""ל",false,12,65.00,8.6667,true,1,18021
3760105300210,false,יין פינו בלאן טרימבא,צרפת - טרימבאך,,יין פינו בלאן טרימבאך 750 מל,מיליליטרים,75000.00,"100 מ""ל",false,1,75.00,0.1000,true,1,10004
3760105300616,false,יין גוורצטרמינר טרימ,צרפת - טרימבאך,,יין גוורצטרמינר טרימבאך 750 מל,מיליליטרים,750.00,"100 מ""ל",false,1,100.00,13.3333,true,1,10003
3760105300715,false,יין ריזלינג טרימבאך,צרפת - טרימבאך,,יין ריזלינג טרימבאך 750 מל,מיליליטרים,75000.00,"100 מ""ל",false,1,85.00,0.1133,true,1,16677
3760125946719,false,יין רוזה אור פרובאנס,,FR,יין רוזה אור פרובאנס כשר 750 מל,מיליליטרים,750.00,"100 מ""ל",false,6,60.00,8.0000,true,1,29769
3760125946870,false,יין רוזה אור פרובאנס,,FR,יין רוזה אור פרובאנס דה לה קסטינל 750 מל,מיליליטרים,750.00,"100 מ""ל",false,6,80.00,10.6667,true,1,29770
3760127160069,false,יין דאראגון ברוט ווב,,,יין דאראגון ברוט ווברה מבעבע 750 מל,מיליליטרים,750.00,"100 מ""ל",false,1,65.00,8.6667,true,1,39505
3760156433875,false,יין שאבלי פטיט  750,PASSSY LE CLOU,IT,יין פטיט שאבלי 750 מל,מיליליטרים,750.00,"100 מ""ל",false,6,80.00,10.6667,true,1,20173
3760175420009,false,יין סנסר טראדיסיון ל,טיסייה רולאן,,יין סנסר טראדיסיון 750 מל,מיליליטרים,750.00,"100 מ""ל",false,1,110.00,14.6667,true,1,13320
3760175420016,false,יין סנסר אדום טראדיס,טיסייה רולאן,,יין סנסר אדום 750 מל,מיליליטרים,750.00,"100 מ""ל",false,1,120.00,16.0000,true,1,13321
3760182393198,false,יין מייסון ונטנאק לה,,FR,יין מייסון ונטנאק לה פאריה גרנש אורגני,מיליליטרים,750.00,"100 מ""ל",false,6,65.00,8.6667,true,1,33161
3760182393440,false,יין מייסון ונטנאק לנ,,FR,יין מייסון ונטנאק לנטרוס אורגני 750מל,מיליליטרים,750.00,"100 מ""ל",false,6,65.00,8.6667,true,1,33160
3760189781509,false,יין סובניון בלאן וין,,FR,יין סובניון בלאן וין דה פרנס קלו דו רןוק,מיליליטרים,750.00,"100 מ""ל",false,12,60.00,8.0000,true,1,31525
3760233943464,false,יין מוסקאדה שאטו דה,שאטו דה לה גראוול,,יין מוסקאדה שאטו דה לה גראוול 750 מל,מיליליטרים,750.00,"100 מ""ל",false,1,70.00,9.3333,true,1,23946
3760233943853,false,יין מוסקאדה שאטו דה,שאטו דה לה גראוול,,יין מוסקאדה שאטו דה לה גראוול 750 מל,מיליליטרים,750.00,"100 מ""ל",false,1,70.00,9.3333,true,1,28543
3760249060193,false,יין שאטו בנטיגאק 750,,,יין שאטו בנטיגאק 750 מל,מיליליטרים,750.00,"100 מ""ל",false,12,65.00,8.6667,true,1,23947
3760249060513,false,יין מונטניין נואר שר,,FR,יין מונטניין נואר שרדונה 750 מל,מיליליטרים,750.00,"100 מ""ל",false,12,60.00,8.0000,true,1,31528
3760249060537,false,יין לאוסטל בלאן לבן,,,יין לאוסטל בלאן לבן 750 מל,מיליליטרים,750.00,"100 מ""ל",false,1,65.00,8.6667,true,1,21324
3760263790021,false,יין שבלי דומיין אלכס,,,יין דומיין אלכסנדר שאבלי לבן 750 מל,מיליליטרים,750.00,"100 מ""ל",false,1,80.00,10.6667,true,1,17528
3800016701055,false,לפתן אפרסק חצאים בסי,,,לפתן אפרסק חצאים בסירופ 700 מל,מיליליטרים,700.00,"100 מ""ל",false,1,8.90,1.2714,true,1,17018
3800016701161,false,לפתן שזיף חצאים בסיר,,,לפתן שזיף חצאים בסירופ 700 מל,מיליליטרים,700.00,"100 מ""ל",false,1,8.90,1.2714,true,1,17019
3800020412091,false,חטיף קיט קט צאנקי שו,נסטלה,GB,חטיף קיט קט צאנקי שוקולד חלב 4 יח,גרמים,128.00,100 גרם,false,24,9.90,7.7344,true,1,39148
3800093580246,false,מאפה שמרים באנס במיל,,BG,מאפה שמרים באנס במילוי תפוח עץ 300 גרם,גרמים,300.00,100 גרם,false,1,9.90,3.3000,true,1,41171
3800093580352,false,מאפה שמרים באנס במיל,,BG,מאפה שמרים באנס במילוי שוקולד 300 גרם,גרמים,300.00,100 גרם,false,1,9.90,3.3000,true,1,41172
3838824127149,false,צבע לשיער פלטה סמי ק,הנקל סוד,,צבע לשיער פלטה סמי קיט כחול שחור 1-1,Unknown,0.00,Unknown,false,1,17.90,0.0000,true,1,4379
3838824127163,false,צבע לשיער פלטה סמי ק,הנקל סוד,,צבע לשיער פלטה סמי קיט בלונד כסוף 10-1,Unknown,0.00,Unknown,false,1,17.90,0.0000,true,1,4380
3838824127200,false,צבע לשיער פלטה סמי ק,הנקל סוד,,צבע לשיער פלטה סמי קיט חום כהה 3-0,Unknown,0.00,Unknown,false,1,17.90,0.0000,true,1,4381
3838824127224,false,צבע לשיער פלטה סמי ק,הנקל סוד,,צבע לשיער פלטה סמי קיט חום בינוני 4-0,Unknown,0.00,Unknown,false,1,17.90,0.0000,true,1,4382
3838824127248,false,צבע לשיער פלטה סמי ק,הנקל סוד,,צבע לשיער פלטה סמי קיט חום בהיר 5-0,Unknown,0.00,Unknown,false,1,17.90,0.0000,true,1,4383
3838824127262,false,צבע לשיער פלטה סמי ק,הנקל סוד,,צבע לשיער פלטה סמי קיט בלונד כהה 6-0,Unknown,0.00,Unknown,false,1,17.90,0.0000,true,1,4384
3838824127286,false,צבע לשיער פלטה סמי ק,הנקל סוד,,צבע לשיער פלטה סמי קיט בלונד בינוני 7-0,Unknown,0.00,Unknown,false,1,17.90,0.0000,true,1,4385
3838824127309,false,צבע לשיער פלטה סמי ק,הנקל סוד,,צבע לשיער פלטה סמי קיט בלונד בהיר 8-0,Unknown,0.00,Unknown,false,1,17.90,0.0000,true,1,4386
3838824127361,false,צבע לשיער פלטה סמי ק,הנקל סוד,,צבע לשיער פלטה סמי קיט ערמונים בינוני5-6,Unknown,0.00,Unknown,false,1,17.90,0.0000,true,1,4387
3838824127507,false,צבע לשיער פלטה סמי ק,הנקל סוד,,צבע לשיער פלטה סמי קיט חום קטיפתי 4-60,Unknown,0.00,Unknown,false,1,17.90,0.0000,true,1,4388
3838824127583,false,צבע לשיער פלטה סמי ק,הנקל סוד,,צבע לשיער פלטה סמי קיט אדום בוער6-68,Unknown,0.00,Unknown,false,1,17.90,0.0000,true,1,4389
3838824127644,false,צבע לשיער פלטה סמי ק,הנקל סוד,,צבע לשיער פלטה סמי קיט חציל זוהר4-89,Unknown,0.00,Unknown,false,1,17.90,0.0000,true,1,4390
3838824128726,false,צבע לשיער פאלטה דה ל,,,צבע לשיער פאלטה דה לוקס קיט בלונד זהוב,יחידה,1.00,יחידה,false,1,29.90,29.9000,true,1,30012
3838824128788,false,צבע לשיער פאלטה דה ל,,,צבע לשיער פאלטה דה לוקס קיט אדום לוהט,Unknown,0.00,Unknown,false,1,29.90,0.0000,true,1,30002
3838824128849,false,צבע לשיער פאלטה דה ל,,,צבע לשיער פאלטה דה לוקס קיט ערמונים,יחידה,1.00,יחידה,false,1,29.90,29.9000,true,1,30013
3838824128887,false,צבע לשיער פאלטה דה ל,,,צבע לשיער פאלטה דה לוקס קיט שוקולטה,יחידה,1.00,יחידה,false,1,29.90,29.9000,true,1,30014
3838824128948,false,צבע לשיער פאלטה דה ל,,,צבע לשיער פאלטה דה לוקס קיט חום כהה,יחידה,1.00,יחידה,false,1,29.90,29.9000,true,1,30015
3838824129020,false,צבע לשיער פאלטה דה ל,,,צבע לשיער פאלטה דה לוקס קיט שחור,יחידה,1.00,יחידה,false,1,29.90,29.9000,true,1,30016
3838824129068,false,צבע לשיער פאלטה דה ל,,,צבע לשיער פאלטה דה לוקס קיט חום קפה,יחידה,1.00,יחידה,false,1,29.90,29.9000,true,1,30017
3838824129105,false,צבע לשיער פאלטה דה ל,,,צבע לשיער פאלטה דה לוקס קיט בלונד שמש,יחידה,1.00,יחידה,false,1,29.90,29.9000,true,1,30018
3838824167145,false,צבע לשיער פאלטה דה ל,,,צבע לשיער פאלטה דה לוקס קיט קינמון,יחידה,1.00,יחידה,false,1,29.90,29.9000,true,1,30019
3838824193915,false,צבע לשיער פלטה סמי ק,הנקל סוד,,צבע לשיער פלטה סמי קיט שחור 1/0,Unknown,0.00,Unknown,false,1,17.90,0.0000,true,1,11006
3838824193939,false,צבע לשיער פאלטה דה ל,,,צבע לשיער פאלטה דה לוקס קיט סגול חציל,יחידה,1.00,יחידה,false,1,29.90,29.9000,true,1,30020
3838824214320,false,צבע לשיער פאלטה דה ל,,,צבע לשיער פאלטה דה לוקס קיט שחור כחול,יחידה,1.00,יחידה,false,1,29.90,29.9000,true,1,30021
3838824240275,false,צבע לשיער פלטה סמי ק,הנקל סוד,,צבע לשיער פלטה סמי קיט נוגט 6/65,Unknown,0.00,Unknown,false,1,17.90,0.0000,true,1,11007
3838824276007,false,צבע לשיער פלטה סמי ק,הנקל סוד,,צבע לשיער פלטה סמי קיט בלונד בהיר 0/9,Unknown,0.00,Unknown,false,1,17.90,0.0000,true,1,11005
3838824327099,false,צבע לשיער פלטה סמי ק,הנקל סוד,,צבע לשיער פלטה סמי קיט בלונד פודרה 10/46,Unknown,0.00,Unknown,false,1,17.90,0.0000,true,1,15607
3838824332130,false,צבע לשיער פלטה סמי ק,הנקל סוד,,צבע לשיער פלטה סמי קיט מהגוני כהה 3/68,Unknown,0.00,Unknown,false,1,17.90,0.0000,true,1,15603
3838824332178,false,צבע לשיער פלטה סמי ק,הנקל סוד,,צבע לשיער פלטה סמי קיט חום אדום יין 6/80,Unknown,0.00,Unknown,false,1,17.90,0.0000,true,1,15604
3838824371146,false,פילינג עדין נוטרי בא,הנקל סוד,,פילינג עדין נוטרי באלאנס 150מל,מיליליטרים,150.00,"100 מ""ל",false,1,24.90,16.6000,true,1,30830
3838824371191,false,מרכך גליס אקספרס נוט,הנקל סוד,,מרכך גליס אקספרס נוטרי באלאנס 200מל,מיליליטרים,200.00,"100 מ""ל",false,1,24.90,12.4500,true,1,30829
3838824380827,false,צבע לשיער פלטה סמי ק,הנקל סוד,,צבע לשיער פלטה סמי קיט בלונד כהה אפרפר,Unknown,0.00,Unknown,false,1,17.90,0.0000,true,1,32793
3838824380902,false,צבע לשיער פלטה סמי ק,הנקל סוד,,צבע לשיער פלטה סמי קיט בלונד סופר בהיר,Unknown,0.00,Unknown,false,1,17.90,0.0000,true,1,32794
3838824380940,false,צבע לשיער פלטה סמי ק,הנקל סוד,,צבע לשיער פלטה סמי קיט בלונד בהיר אפרפר,Unknown,0.00,Unknown,false,1,17.90,0.0000,true,1,32795
3838824380988,false,צבע לשיער פלטה סמי ק,הנקל סוד,,צבע לשיער פלטה סמי קיט בלונד כסוף אפרפר,Unknown,0.00,Unknown,false,1,17.90,0.0000,true,1,32796
3838824381022,false,צבע לשיער פלטה סמי ק,הנקל סוד,,צבע לשיער פלטה סמי קיט חום שוקולד כהה,Unknown,0.00,Unknown,false,1,17.90,0.0000,true,1,32797
3838945007870,false,מיץ תפוזים עם חתיכות,FRUCTAL,,מיץ תפוזים עם חתיכות פרי 100% 1 ליטר,ליטרים,1.00,ליטר,false,1,14.90,14.9000,true,1,32913
3838945027854,false,נקטר מולטי ויטמין פי,FRUCTAL,,נקטר מולטי ויטמין פירות אדומים 100% 1 לי,ליטרים,1.00,ליטר,false,1,14.90,14.9000,true,1,10209
3838945028547,false,מיץ תפוחי עץ פרוקטל,FRUCTAL,,מיץ תפוחי עץ פרוקטל 200 מל,מיליליטרים,200.00,"100 מ""ל",false,1,4.90,2.4500,true,1,11764
3838945028592,false,מיץ תפוז פרוקטל 200,FRUCTAL,,מיץ תפוז פרוקטל 200 מל 100% פרי,מיליליטרים,200.00,"100 מ""ל",false,1,4.90,2.4500,true,1,19087
3838945028615,false,מיץ אננס פרוקטל 200,FRUCTAL,,מיץ אננס פרוקטל 200 מל,מיליליטרים,200.00,"100 מ""ל",false,1,4.90,2.4500,true,1,11765
3838945508995,false,נקטר משמש פרוקטל 1לי,FRUCTAL,,נקטר משמש פרוקטל 1ליטר 43% פרי בקרטון,ליטרים,1.00,ליטר,false,1,14.90,14.9000,true,1,11491
3838945509015,false,נקטר אוכמניות שחורות,FRUCTAL,,נקטר אוכמניות שחורות פרוקטל 1ל 25% פרי,ליטרים,1.00,ליטר,false,1,14.90,14.9000,true,1,11492
3838945509022,false,נקטר תות שדה 1 ליטר,FRUCTAL,,נקטר תות שדה 1 ליטר 45%,ליטרים,1.00,ליטר,false,1,14.90,14.9000,true,1,10210
3838945509060,false,מיץ תפוחים סחוט 100%,FRUCTAL,,מיץ תפוחים סחוט 100% פרי 1 ליטר,ליטרים,1.00,ליטר,false,1,14.90,14.9000,true,1,10761
3838945509077,false,מיץ אננס 100% פרי 1,FRUCTAL,,מיץ אננס 100% פרי 1 ליטר,ליטרים,1.00,ליטר,false,1,14.90,14.9000,true,1,10762
3850158301088,false,משקה כוהלי סליבוביצה,MARASKA,,משקה כוהלי סליבוביצה 700מל שזיפים,לא מנהל יחידת מידה,700.00,לא מנהל יחידת מידה,false,1,99.90,0.1427,true,1,13398
4000161100157,false,מרציפן נדירברג קלאסי,Q Chocolate,,מרציפן נדירברג קלאסי 100 גרם,גרמים,100.00,100 גרם,false,1,30.00,30.0000,true,1,15625
4000161100904,false,מרציפן נדירברג מהודר,Q Chocolate,,מרציפן נדירברג מהודר 100 גרם,גרמים,100.00,100 גרם,false,1,30.00,30.0000,true,1,15626
4000161320050,false,מארז מרציפן נידרברג,Q Chocolate,,מארז מרציפן נידרברג סוגים 100 גרם,גרמים,100.00,100 גרם,false,1,39.90,39.9000,true,1,15624
4000417019004,false,שוקולד ריטר חלב אגוז,,,שוקולד ריטר חלב אגוז שלם100 ג,גרמים,100.00,100 גרם,false,1,9.90,9.9000,true,1,3898
4000417022004,false,שוקולד ריטר צימוק אג,,,שוקולד ריטר צימוק אגוז 100 ג,גרמים,100.00,100 גרם,false,1,7.90,7.9000,true,1,3923
4000417023001,false,שוקולד ריטר חלב שקד,,,שוקולד ריטר חלב שקד שלם 100 ג,גרמים,100.00,100 גרם,false,1,9.90,9.9000,true,1,3897
4000417025005,false,שוקולד ריטר עם מרצפן,,,שוקולד ריטר עם מרצפן 100 ג,גרמים,100.00,100 גרם,false,1,7.90,7.9000,true,1,3899
4000417026002,false,שוקולד ריטר נוגט פרל,,,שוקולד ריטר נוגט פרלין 100 ג,גרמים,100.00,100 גרם,false,1,7.90,7.9000,true,1,4073
4000417101211,false,גלילי ופל אמיצלי קרם,,,גלילי ופל אמיצלי קרם אגוזים 150 גרם,גרמים,150.00,100 גרם,false,1,17.90,11.9333,true,1,43930
4000417101310,false,גלילי ופל אמיצלי קרם,,,גלילי ופל אמיצלי קרם קקאו 150 גרם,גרמים,150.00,100 גרם,false,1,17.90,11.9333,true,1,44577
4000417211002,false,שוקולד ריטר מוס קרמל,,,שוקולד ריטר מוס קרמל שברי שקדים 100 ג,גרמים,100.00,100 גרם,false,1,7.90,7.9000,true,1,13551
4000417212009,false,שוקולד ריטר מריר תפו,ריטר,,שוקולד ריטר מריר תפוז שקד 100 ג,גרמים,100.00,100 גרם,false,1,7.90,7.9000,true,1,19430
4000417222008,false,שוקולד ריטר חלב שברי,ריטר,,שוקולד ריטר חלב שברי אגוזים 100 ג,גרמים,100.00,100 גרם,false,1,7.90,7.9000,true,1,13381
4000417224002,false,שוקולד ריטר מריר אגו,,,שוקולד ריטר מריר אגוז שלם 100 ג,גרמים,100.00,100 גרם,false,1,9.90,9.9000,true,1,4927
4000417294005,false,שוקולד ריטר מילוי קר,ריטר,,שוקולד ריטר מילוי קרם מוקצף 100 ג,גרמים,100.00,100 גרם,false,1,7.90,7.9000,true,1,9126
4000417298003,false,שוקולד ריטר ספורט קו,,,שוקולד ריטר ספורט קוקוס 100 ג,גרמים,100.00,100 גרם,false,1,7.90,7.9000,true,1,9285
4000417328601,false,שוקולד מיני ריטר צבע,ריטר,DE,שוקולד מיני ריטר צבעוני 150 גרם,גרמים,150.00,100 גרם,false,1,17.90,11.9333,true,1,38489
4000417450302,false,מארז מיקס שוקולד ריט,,,מארז מיקס שוקולד ריטר ספורט מונדיאל183גר,גרמים,183.00,100 גרם,false,1,19.90,10.8743,true,1,44573
4000417707000,false,שוקולד ריטר חלב קשיו,,,שוקולד ריטר חלב קשיו שלם 100 ג,גרמים,100.00,100 גרם,false,1,9.90,9.9000,true,1,39966
4000417708007,false,שוקולד ריטר מריר שקד,,,שוקולד ריטר מריר שקד שלם 100 ג,גרמים,100.00,100 גרם,false,1,9.90,9.9000,true,1,39967
4000512010869,false,סוכריות גומי טרולי ה,,,סוכריות גומי טרולי הלווין דרקולה200גרם,גרמים,200.00,100 גרם,false,18,9.90,4.9500,true,1,42440
4000512776604,false,סוכריות טרולי ספגטינ,טרולי,DE,סוכריות טרולי ספגטיני קולה 100 ג,גרמים,100.00,100 גרם,false,12,10.90,10.9000,true,1,30441
4000522009747,false,בייגלה שמיניות ציו ת,Intersnack,,בייגלה שמיניות ציו תפוא 100 גר שקית,גרמים,100.00,100 גרם,false,1,3.90,3.9000,true,1,12221
4000522061752,false,בייגלה מקלות ציו מלו,Intersnack,,בייגלה מקלות ציו מלוח 100 גר שקית,גרמים,100.00,100 גרם,false,1,3.90,3.9000,true,1,11697
4000539280726,false,שוקולד לינדט אקסלנס7,לינדט,,שוקולד לינדט אקסלנס70%מילד100 גרם,גרמים,100.00,100 גרם,false,1,14.90,14.9000,true,1,43405
4000539280740,false,שוקולד לינדט אקסלנס7,לינדט,,שוקולד לינדט אקסלנס78%מריר100 גרם,גרמים,100.00,100 גרם,false,1,14.90,14.9000,true,1,43630
4000576027933,false,צמרוני אוזניים 200יח,וו.פלץ,DE,צמרוני אוזניים 200יח גאן קרול,יחידה,200.00,יחידה,false,24,7.90,0.0395,true,1,31580
4000576399405,false,פדים לאיפור גאן קרול,,,פדים לאיפור גאן קרול,יחידה,1.00,יחידה,false,1,8.90,8.9000,true,1,15979
4000576481889,false,צמרוני אוזניים לתינו,,,צמרוני אוזניים לתינוקות 72יח,Unknown,0.00,Unknown,false,1,6.40,0.0000,true,1,15980
4000576722654,false,זוג פדים להסרת איפור,וו.פלץ,,זוג פדים להסרת איפור 70יח גאן קרול,יחידה,70.00,יחידה,false,1,14.90,0.2129,true,1,14875
4000799109591,false,קפה קלוי טחון אספרסו,מאונט האגן,,קפה קלוי טחון אספרסו אורגני מאונט250גר,גרמים,250.00,100 גרם,false,1,39.90,15.9600,true,1,13135
4000799136894,false,קפה נמס אורגני מאונט,מאונט האגן,,קפה נמס אורגני מאונט האגן 100 גר,גרמים,100.00,100 גרם,false,1,27.90,27.9000,true,1,13207
4000869032569,false,מטהר אוויר מוצק הפי,רלווי,,מטהר אוויר מוצק הפי פרש,Unknown,0.00,Unknown,false,1,6.90,0.0000,true,1,3130
4001499013676,false,נוזל  לניקוי חלונות,ארדל רקס,,נוזל  לניקוי חלונות 500מל אקולוגי פרוש,מיליליטרים,500.00,"100 מ""ל",false,1,19.90,3.9800,true,1,11711
4001499112942,false,נוזל לניקוי כללי ומס,ארדל רקס,,נוזל לניקוי כללי ומסיר שומנים 500מל אקול,מיליליטרים,500.00,"100 מ""ל",false,1,22.90,4.5800,true,1,11737
4001499116193,false,מרכך כביסה אקולוגי 7,ארדל רקס,,מרכך כביסה אקולוגי 750 מל פרח הכותנה,מיליליטרים,750.00,"100 מ""ל",false,1,19.90,2.6533,true,1,11715
4001499142420,false,נוזל לניקוי אסלות לי,ארדל רקס,,נוזל לניקוי אסלות לימון 750מל אקולוגי,מיליליטרים,750.00,"100 מ""ל",false,1,18.90,2.5200,true,1,11713
4001499152061,false,מרסס לניקוי כללי 500,ארדל רקס,,מרסס לניקוי כללי 500מל סודה אקולוגי פרוש,מיליליטרים,500.00,"100 מ""ל",false,1,22.90,4.5800,true,1,11719
4001499162916,false,נוזל כלים אקולוגי סו,ארדל רקס,,נוזל כלים אקולוגי סודה 500 מל פרוש,מיליליטרים,500.00,"100 מ""ל",false,1,16.90,3.3800,true,1,16171
4001499180057,false,נוזל לניקוי אמבטיה ו,ארדל רקס,,נוזל לניקוי אמבטיה ומקלחון 500מל אקולוגי,מיליליטרים,500.00,"100 מ""ל",false,1,19.90,3.9800,true,1,11712
4001499185267,false,נוזל לניקוי אסלות לב,ארדל רקס,,נוזל לניקוי אסלות לבנדר 750מל אקולוגי,מיליליטרים,750.00,"100 מ""ל",false,1,18.90,2.5200,true,1,11714
4001499909153,false,מרסס לניקוי כללי 500,ארדל רקס,,מרסס לניקוי כללי 500מל לבנדראקולוגי פרוש,מיליליטרים,500.00,"100 מ""ל",false,1,22.90,4.5800,true,1,11722
4001499915215,false,מרכך כביסה בייבי אקו,ארדל רקס,,מרכך כביסה בייבי אקולוגי 750 מל פרוש,מיליליטרים,750.00,"100 מ""ל",false,1,19.90,2.6533,true,1,12093
4001499917349,false,נוזל לניקוי רב תכלית,ארדל רקס,,נוזל לניקוי רב תכליתי 500מל אקולוגי פרוש,מיליליטרים,500.00,"100 מ""ל",false,1,19.90,3.9800,true,1,11738
4001499923760,false,נוזל להסרת כתמים לפנ,ארדל רקס,,נוזל להסרת כתמים לפני כביסה אקולוגי 500מ,מיליליטרים,500.00,"100 מ""ל",false,1,29.90,5.9800,true,1,12092
4001499944505,false,נוזל כלים אקולוגי פט,ארדל רקס,,נוזל כלים אקולוגי פטל 500 מל פרוש,מיליליטרים,500.00,"100 מ""ל",false,1,16.90,3.3800,true,1,19314
4001499948800,false,נוזל כביסה לבנה 1.8ל,ארדל רקס,,נוזל כביסה לבנה 1.8ליטר אקולוגי פרוש,מיליליטרים,1800.00,"100 מ""ל",false,1,45.90,2.5500,true,1,21989
4001499948817,false,נוזל כביסה אקולוגי צ,ארדל רקס,,נוזל כביסה אקולוגי צבעונית/כהה1.8לי פרוש,מיליליטרים,1800.00,"100 מ""ל",false,1,45.90,2.5500,true,1,43552
4001499954986,false,נוזל לניקוי אסלות לי,ארדל רקס,,נוזל לניקוי אסלות לימון 750מל אקולוגי,מיליליטרים,750.00,"100 מ""ל",false,1,18.90,2.5200,true,1,38356
4001499957598,false,סבון אסלה כדוריות פר,ארדל רקס,DE,סבון אסלה כדוריות פרוש בניחוח פטל,Unknown,0.00,Unknown,false,9,15.90,0.0000,true,1,43948
4001499957628,false,סבון אסלה כדוריות פר,ארדל רקס,DE,סבון אסלה כדוריות פרוש בניחוח לימון,Unknown,0.00,Unknown,false,9,15.90,0.0000,true,1,43949
4001499957659,false,סבון אסלה כדוריות פר,ארדל רקס,DE,סבון אסלה כדוריות פרוש תה לבן,Unknown,0.00,Unknown,false,9,15.90,0.0000,true,1,43950
4001499960178,false,נוזל ניקוי כללי אקול,ארדל רקס,DE,נוזל ניקוי כללי אקולוגי בסיס חומץ טבעי1ל,ליטרים,1.00,ליטר,false,10,16.90,16.9000,true,1,43553
4001499960239,false,נוזל כביסה מסיר כתמי,ארדל רקס,,נוזל כביסה מסיר כתמים אקולוגי 1.8לי פרוש,מיליליטרים,1800.00,"100 מ""ל",false,1,45.90,2.5500,true,1,43551
4001507161948,false,שבולת שועל דקה 500 ג,פורטין מולנברקה ג'ב,,שבולת שועל דקה 500 גרם הכנה מהירה,גרמים,500.00,100 גרם,false,1,5.90,1.1800,true,1,13344
4001507161955,false,שבולת שועל עבה 500 ג,פורטין מולנברקה ג'ב,,שבולת שועל עבה 500 גרם הכנה מהירה,גרמים,500.00,100 גרם,false,1,5.90,1.1800,true,1,16544
4001518003800,false,טורינוס מקלות פריכים,גריסון,DE,טורינוס מקלות פריכים פלפל שחור ומלח 125,גרמים,125.00,100 גרם,false,8,14.90,11.9200,true,1,29951
4001518003817,false,טורינוס מקלות פריכים,גריסון,DE,טורינוס מקלות פריכים גבינת גאדה 125 גרם,גרמים,125.00,100 גרם,false,8,14.90,11.9200,true,1,29953
4001518106112,false,טורינוס מקלות פריכים,גריסון,DE,טורינוס מקלות פריכים רוזמרין 125 גרם,גרמים,125.00,100 גרם,false,8,14.90,11.9200,true,1,29952
4001518108642,false,ביסקויט סנדוויץ בלק,גריסון,,ביסקויט סנדוויץ בלק 5 קרם וניל 180 גר,גרמים,180.00,100 גרם,false,1,8.90,4.9444,true,1,11813
4001686101148,false,סוכריות האריבו ליקרי,,,סוכריות האריבו ליקריץ תקליט 200 גרם,גרמים,200.00,100 גרם,false,30,9.90,4.9500,true,1,41154
4001686324837,false,סוכריות הריבו סופר ג,,DE,סוכריות הריבו סופר גורקו פירות 200 גרם,גרמים,200.00,100 גרם,false,18,9.90,4.9500,true,1,41151
4001686345337,false,סוכריות הריבו גרוניס,,,סוכריות הריבו גרוניס פירות 200 גרם,גרמים,200.00,100 גרם,false,18,9.90,4.9500,true,1,41150
4001686359013,false,סוכריות הריבו ספגטי,,GB,סוכריות הריבו ספגטי תות 200 גרם,גרמים,200.00,100 גרם,false,15,14.90,7.4500,true,1,41687
4001686359037,false,סוכריות הריבו ספגטי,,GB,סוכריות הריבו ספגטי קולה 200 גרם,גרמים,200.00,100 גרם,false,15,14.90,7.4500,true,1,41689
4001686359051,false,סוכריות הריבו ספגטי,,GB,סוכריות הריבו ספגטי תפוח 200 גרם,גרמים,200.00,100 גרם,false,15,14.90,7.4500,true,1,41688
4002103248323,false,בירה ארדינגר פיקנטוס,ארדינגר,DE,בירה ארדינגר פיקנטוס 7.3% 500מל,מיליליטרים,500.00,"100 מ""ל",false,12,14.90,2.9800,true,1,19963
4002103250487,false,בירה ארדינגר כהה בק.,,,בירה ארדינגר כהה בק. 500 מל פיקדון,מיליליטרים,500.00,"100 מ""ל",false,1,12.90,2.5800,true,1,7837
4002103289449,false,בירה ארדינגר ללא אלכ,ארדינגר,,בירה ארדינגר ללא אלכוהול 330 מל פיקדון,מיליליטרים,330.00,"100 מ""ל",false,1,7.90,2.3939,true,1,13528
4002103311515,false,בירה ארדינגר כהה בק.,,,בירה ארדינגר כהה בק. 500 מל פיקדון,מיליליטרים,500.00,"100 מ""ל",false,1,12.90,2.5800,true,1,31680
4002448017684,false,ספריי להסרת אבנית סי,RB פולין,,ספריי להסרת אבנית סיליט באנג 750 מל,מיליליטרים,750.00,"100 מ""ל",false,1,13.90,1.8533,true,1,3379
4002448019480,false,מסיר שומנים סיליט בא,RB פולין,,מסיר שומנים סיליט באנג 750 מל,מיליליטרים,750.00,"100 מ""ל",false,1,13.90,1.8533,true,1,3913
4002575016253,false,מרציפן מצופה שוקולד,,,מרציפן מצופה שוקולד 100 גר,גרמים,100.00,100 גרם,false,1,8.90,8.9000,true,1,1429
4002575016918,false,מרציפן זנטיס מצופה 2,,DE,מרציפן זנטיס מצופה 200 גרם,גרמים,200.00,100 גרם,false,12,15.90,7.9500,true,1,38739
4002575520651,false,מרציפן זנטיס נוגט אג,,DE,מרציפן זנטיס נוגט אגוזים מצופה 100גרם,גרמים,100.00,100 גרם,false,40,10.90,10.9000,true,1,38786
4002590000022,false,סוכריות קלפני אוכמני,,,סוכריות קלפני אוכמניות 150 גרם,גרמים,150.00,100 גרם,false,1,8.90,5.9333,true,1,1430
4002590000039,false,סוכריות קלפני הדרים,,,סוכריות קלפני הדרים 150 גרם,גרמים,150.00,100 גרם,false,1,8.90,5.9333,true,1,1431
4002590000046,false,סוכריות קלפני מרענן,,,סוכריות קלפני מרענן 150 גרם,גרמים,150.00,100 גרם,false,1,8.90,5.9333,true,1,1432
4002590000626,false,סוכריות קלפני דובדבן,,,סוכריות קלפני דובדבן 150 גרם,גרמים,150.00,100 גרם,false,1,8.90,5.9333,true,1,43964
4002590000633,false,סוכריות קלפני פירות,,,סוכריות קלפני פירות 150 גרם,גרמים,150.00,100 גרם,false,1,8.90,5.9333,true,1,1433
4002590703541,false,סוכריות קלפני תות 15,,,סוכריות קלפני תות 150 גרם,גרמים,150.00,100 גרם,false,1,8.90,5.9333,true,1,11369
4002603087767,false,בונבוניירה אייסקונפק,,,בונבוניירה אייסקונפקט 800 גר,גרמים,800.00,100 גרם,false,1,39.90,4.9875,true,1,8222
4002603282285,false,בונבוניירה אייסקונפק,,,בונבוניירה אייסקונפקט 500 גר,גרמים,500.00,100 גרם,false,1,37.90,7.5800,true,1,7239
4002631025069,false,בירה פילזנר קוניגסבכ,קוניגסבכר,,בירה פילזנר קוניגסבכר 500 מל פחית,מיליליטרים,500.00,"100 מ""ל",false,1,7.90,1.5800,true,1,11045
4002720004371,false,קפה מליטה קלוי וטחון,Melitta Kaffee GmbH,,קפה מליטה קלוי וטחון בלה קרמה 250 גר,גרמים,250.00,100 גרם,false,1,22.90,9.1600,true,1,7026
4002720005736,false,קפה מליטה לפילטר פרי,Melitta Kaffee GmbH,,קפה מליטה לפילטר פריומיום 250 גר,גרמים,250.00,100 גרם,false,1,16.90,6.7600,true,1,4441
4002720008300,false,פולי קפה מליטה 1 קג,מליטה אירופה,,פולי קפה מליטה 1 קג 1000 גרם,קילוגרמים,1.00,"ק""ג",false,1,100.00,100.0000,true,1,4828
4003301051340,false,יין מייבאך ריזלינג 7,,DE,יין מייבאך ריזלינג 750 מל,מיליליטרים,750.00,"100 מ""ל",false,6,45.00,6.0000,true,1,34247
4003301055485,false,יין מייבאך וויסר בור,,DE,יין מייבאך וויסר בורגונד 750 מל,מיליליטרים,750.00,"100 מ""ל",false,6,45.00,6.0000,true,1,34246
4003301058486,false,יין מייבאך סוביניון,,DE,יין מייבאך סוביניון בלאן 750 מל,מיליליטרים,750.00,"100 מ""ל",false,6,45.00,6.0000,true,1,34245
4003301084577,false,יין מייבאך ספאטבורגו,,DE,יין מייבאך ספאטבורגונד אדום 750 מל,מיליליטרים,750.00,"100 מ""ל",false,6,45.00,6.0000,true,1,34242
4003301085673,false,יין מייבאך פורטוגיזר,,DE,יין מייבאך פורטוגיזר רוזה 750 מל,מיליליטרים,750.00,"100 מ""ל",false,6,45.00,6.0000,true,1,34243
4003754021662,false,בונבוניירה מרציפן שז,,,בונבוניירה מרציפן שזיף ויין 210 גרם,גרמים,210.00,100 גרם,false,1,21.90,10.4286,true,1,28130
4003754021679,false,בונבוניירה מרציפן מח,,,בונבוניירה מרציפן מחית דובדבן 210 גרם,גרמים,210.00,100 גרם,false,1,21.90,10.4286,true,1,28129
4003754021693,false,בונבוניירה מרציפן מח,,,בונבוניירה מרציפן מחית תפוז 210 גרם,גרמים,210.00,100 גרם,false,1,21.90,10.4286,true,1,28128
4003754206151,false,מרציפן מצופה שוקולד,,DE,מרציפן מצופה שוקולד מריר ותפוז 140 גרם,גרמים,140.00,100 גרם,false,10,12.90,9.2143,true,1,39673
4003754236141,false,מרציפן מצופה שוקולד,,DE,מרציפן מצופה שוקולד מריר 140 גרם,גרמים,140.00,100 גרם,false,10,12.90,9.2143,true,1,39674
4004666042004,false,מרסס מלרוד מסיר ומשמ,מלרוד,,מרסס מלרוד מסיר ומשמיד עובש 500 מל,מיליליטרים,500.00,"100 מ""ל",false,1,34.90,6.9800,true,1,1435
4004666107819,false,מרסס לניקוי מזגנים,,DE,מרסס לניקוי מזגנים  500מל,מיליליטרים,500.00,"100 מ""ל",false,6,24.90,4.9800,true,1,20427
4004666111656,false,מלרוד גל להשמדת עובש,מלרוד,DE,מלרוד גל להשמדת עובש 250מל,מיליליטרים,250.00,"100 מ""ל",false,6,29.90,11.9600,true,1,39646
4004666111663,false,מלרוד להלבנת מרווחים,מלרוד,DE,מלרוד להלבנת מרווחים בין חרסינות 90מל,Unknown,0.00,Unknown,false,12,27.90,0.0000,true,1,39645
4005500310105,false,רוטב מאגי לתיבול 202,נסטלה,DE,רוטב מאגי לתיבול 202 מל,גרמים,202.00,100 גרם,false,24,19.90,9.8515,true,1,29468
4005563194025,false,ליקר פידג תאנים  700,,,ליקר פידג תאנים  700 מל פיקדון,מיליליטרים,700.00,"100 מ""ל",false,1,55.00,7.8571,true,1,3930
4005808128273,false,גל רחצה ניוואה לגבר,beiersdorf,,גל רחצה ניוואה לגבר אנרגי שאוור 500מל,מיליליטרים,500.00,"100 מ""ל",false,1,15.90,3.1800,true,1,17631
4005808128631,false,גל רחצה ניוואה לגבר,beiersdorf,,גל רחצה ניוואה לגבר תמציות ליים 500מל,מיליליטרים,500.00,"100 מ""ל",false,1,15.90,3.1800,true,1,23150
4005808170005,false,קצף גילוח ניוואה  20,,,קצף גילוח ניוואה  200מל,מיליליטרים,200.00,"100 מ""ל",false,1,16.90,8.4500,true,1,1848
4005808229390,false,גל רחצה ניוואה לגבר,beiersdorf,,גל רחצה ניוואה לגבר קול 500מל,מיליליטרים,500.00,"100 מ""ל",false,1,15.90,3.1800,true,1,17632
4005808293469,false,דאודורנט ניוואה ספרי,beiersdorf,,דאודורנט ניוואה ספריי יבש לגבר 150 מל,גרמים,150.00,100 גרם,false,1,15.90,10.6000,true,1,38354
4005808366392,false,שפתון לבלו כחול בליס,beiersdorf,,שפתון לבלו כחול בליסטר,יחידה,1.00,יחידה,false,1,11.90,11.9000,true,1,18333
4005808368280,false,שפתון לבלו  שרי  ללא,beiersdorf,,שפתון לבלו  שרי  ללא בליסטר,יחידה,1.00,יחידה,false,1,11.90,11.9000,true,1,17999
4005808406029,false,תחליב רחצה ניוואה 75,beiersdorf,,תחליב רחצה ניוואה 750מל סופט קרים,מיליליטרים,750.00,"100 מ""ל",false,1,15.90,2.1200,true,1,19216
4005808422999,false,קרם הגנה ניוואה סאן,ביירסדורף,DE,קרם הגנה ניוואה סאן פרוטקט 200מל 30,מיליליטרים,200.00,"100 מ""ל",false,12,39.90,19.9500,true,1,20581
4005808429882,false,קרם הגנה ניוואה סאן,ביירסדורף,DE,קרם הגנה ניוואה סאן פרוטקט 200מל 50,מיליליטרים,200.00,"100 מ""ל",false,12,44.90,22.4500,true,1,20582
4005808515554,false,קרם ניוואה רב שימושי,beiersdorf,,קרם ניוואה רב שימושי סופט 300מל,גרמים,300.00,100 גרם,false,1,29.90,9.9667,true,1,43706
4005808698103,false,קרם גוף ניוואה סמוד,beiersdorf,,קרם גוף ניוואה סמוד 500מל,מיליליטרים,500.00,"100 מ""ל",false,1,21.90,4.3800,true,1,27591
4005808702107,false,קרם גוף ניוואה לעור,beiersdorf,,קרם גוף ניוואה לעור יבש 500מל,מיליליטרים,500.00,"100 מ""ל",false,1,21.90,4.3800,true,1,27590
4005808746996,false,ספריי הגנה ניוואה סא,ביירסדורף,DE,ספריי הגנה ניוואה סאן פרוטקט אנד ריפרש,מיליליטרים,200.00,"100 מ""ל",false,12,37.90,18.9500,true,1,30729
4005808813063,false,תחליב לחות ניוואה לע,beiersdorf,,תחליב לחות ניוואה לעור רגיש 100מל,מיליליטרים,100.00,"100 מ""ל",false,1,49.90,49.9000,true,1,17634
4005808817306,false,גל גילוח ניוואה לעור,beiersdorf,,גל גילוח ניוואה לעור רגיל 200מל,מיליליטרים,200.00,"100 מ""ל",false,1,16.90,8.4500,true,1,1849
4005808817405,false,גל גילוח ניוואה לעור,beiersdorf,,גל גילוח ניוואה לעור רגיש 200מל,מיליליטרים,200.00,"100 מ""ל",false,1,16.90,8.4500,true,1,23158
4005808837359,false,דאודורנט ניוואה רול,beiersdorf,,דאודורנט ניוואה רול און פרל ביוטי לאישה,Unknown,0.00,Unknown,false,1,15.90,0.0000,true,1,24907
4005808850907,false,שפתון לבלו הידרו קר,beiersdorf,,שפתון לבלו הידרו קר,יחידה,1.00,יחידה,false,1,11.90,11.9000,true,1,27380
4005808856695,false,ספריי הגנה ניוואה 20,ביירסדורף,DE,ספריי הגנה ניוואה 200מל מקדם 50,מיליליטרים,200.00,"100 מ""ל",false,12,37.90,18.9500,true,1,30728
4005808890507,false,קרם ניוואה סופט 200מ,beiersdorf,,קרם ניוואה סופט 200מל,גרמים,250.00,100 גרם,false,1,27.90,11.1600,true,1,1436
4005823013431,false,יין ריזלינג גוזפהופר,גרמניה רייכסגראף פון,,יין גוזפסהופר ריזלינג שפטלזה 750 מל,מיליליטרים,750.00,"100 מ""ל",false,1,130.00,17.3333,true,1,10673
4005823561130,false,יין קאסלר ריזלינג קס,גרמניה רייכסגראף פון,,יין קאסלר ריזלינג קסלשטאט 750 מל,מיליליטרים,750.00,"100 מ""ל",false,1,80.00,10.6667,true,1,10674
4005900036476,false,דאודורנט ניוואה רול,beiersdorf,,דאודורנט ניוואה רול און בלק לאישה 50מל,Unknown,0.00,Unknown,false,1,15.90,0.0000,true,1,17626
4005900036506,false,דאודורנט ניוואה רול,beiersdorf,,דאודורנט ניוואה רול און בלק אנד וייט50מל,Unknown,0.00,Unknown,false,1,15.90,0.0000,true,1,17620
4005900036568,false,דאודורנט ניוואה ספרי,beiersdorf,,דאודורנט ניוואה ספריי בלק אנד לאישה150מל,מיליליטרים,150.00,"100 מ""ל",false,1,15.90,10.6000,true,1,17623
4005900037909,false,דאודורנט ניוואה אינו,beiersdorf,,דאודורנט ניוואה אינויזיבל פיור אישה150מל,מיליליטרים,150.00,"100 מ""ל",false,1,15.90,10.6000,true,1,24908
4005900138842,false,תחליב  רחצה  ניוואה,beiersdorf,,תחליב  רחצה  ניוואה 750מל סמוד,מיליליטרים,750.00,"100 מ""ל",false,1,15.90,2.1200,true,1,32378
4005900420220,false,גל רחצה ניוואה לגבר,beiersdorf,,גל רחצה ניוואה לגבר פיור אימפקט 500מל,מיליליטרים,500.00,"100 מ""ל",false,1,15.90,3.1800,true,1,33229
4005900431776,false,שפתון לבלו וניל,beiersdorf,,שפתון לבלו וניל,יחידה,1.00,יחידה,false,1,11.90,11.9000,true,1,27379
4005900485243,false,דאודורנט ניוואה רול,beiersdorf,,דאודורנט ניוואה רול און דריי פרש 50מל,Unknown,0.00,Unknown,false,1,15.90,0.0000,true,1,23155
4005900494924,false,דאודורנט ניוואה פרש,beiersdorf,,דאודורנט ניוואה פרש דריי לאישה 150מל,מיליליטרים,150.00,"100 מ""ל",false,1,15.90,10.6000,true,1,23152
4005900496461,false,אפטר שייב ניוואה דיפ,beiersdorf,,אפטר שייב ניוואה דיפ 100מל,מיליליטרים,100.00,"100 מ""ל",false,1,49.90,49.9000,true,1,23157
4005900513045,false,דאודורנט ניוואה ספרי,beiersdorf,,דאודורנט ניוואה ספריי לגבר דיפ 150 מל,גרמים,150.00,100 גרם,false,1,15.90,10.6000,true,1,18924
4005900513069,false,דאודורנט ניוואה רול,beiersdorf,,דאודורנט ניוואה רול און דיפ 50מל,Unknown,0.00,Unknown,false,1,15.90,0.0000,true,1,18925
4005900521262,false,גל רחצה ניוואה לגבר,beiersdorf,,גל רחצה ניוואה לגבר דיפ 500מל,מיליליטרים,500.00,"100 מ""ל",false,1,15.90,3.1800,true,1,18922
4005900542557,false,דאודורנט ניוואה רול,beiersdorf,,דאודורנט ניוואה רול און בלק אנד וייט50מל,Unknown,0.00,Unknown,false,1,15.90,0.0000,true,1,30963
4005900551412,false,שפתון לבלו סאן פרוטק,beiersdorf,,שפתון לבלו סאן פרוטקט,יחידה,1.00,יחידה,false,1,11.90,11.9000,true,1,42445
4005900555915,false,תחליב  רחצה  ניוואה,beiersdorf,,תחליב  רחצה  ניוואה 750מל קוקוס,מיליליטרים,750.00,"100 מ""ל",false,1,15.90,2.1200,true,1,29328
4005900648181,false,תחליב  רחצה  ניוואה,beiersdorf,,תחליב  רחצה  ניוואה 750מל אלוורה,מיליליטרים,750.00,"100 מ""ל",false,1,15.90,2.1200,true,1,32377
4005900683878,false,שפתון לבלו אלוורה סק,beiersdorf,,שפתון לבלו אלוורה סקראב,יחידה,1.00,יחידה,false,1,11.90,11.9000,true,1,27377
4005900683908,false,שפתון לבלו ווילד רוז,beiersdorf,,שפתון לבלו ווילד רוז סקראב,יחידה,1.00,יחידה,false,1,11.90,11.9000,true,1,27378
4005900730275,false,דאו. ניוואה ספריי בל,beiersdorf,,דאו. ניוואה ספריי בלק אנד וייט אימפקט150,Unknown,0.00,Unknown,false,1,15.90,0.0000,true,1,44048
4005900730299,false,דאו. ניוואה רול און,beiersdorf,,דאו. ניוואה רול און בלק אנד וייט אימפקט,Unknown,0.00,Unknown,false,1,15.90,0.0000,true,1,44046
4005900730336,false,דאו. ניוואה רול און,beiersdorf,,דאו. ניוואה רול און בלק אנד וייט אימפקט,Unknown,0.00,Unknown,false,1,15.90,0.0000,true,1,44045
4005900816016,false,דאודורנט ניוואה ספרי,beiersdorf,,דאודורנט ניוואה ספריי פרש לאישה150מל,מיליליטרים,150.00,"100 מ""ל",false,1,15.90,10.6000,true,1,17624
4005900828088,false,דאודורנט ניוואה רול,beiersdorf,,דאודורנט ניוואה רול און פרש לגבר 50מל,Unknown,0.00,Unknown,false,1,15.90,0.0000,true,1,17619
4005900833723,false,גל רחצה ניוואה לגבר,beiersdorf,,גל רחצה ניוואה לגבר פאוור ריפרש 500מל,מיליליטרים,500.00,"100 מ""ל",false,1,15.90,3.1800,true,1,33230
4005900841148,false,גל גילוח ניוואה מן ק,beiersdorf,,גל גילוח ניוואה מן קול קיק פרש 200מל,מיליליטרים,200.00,"100 מ""ל",false,1,16.90,8.4500,true,1,32966
4005900845702,false,דאודורנט ניוואה מן,beiersdorf,,דאודורנט ניוואה מן  רול און קול פרש 50מל,Unknown,0.00,Unknown,false,1,15.90,0.0000,true,1,32707
4005900845733,false,דאודורנט ניוואה מן,beiersdorf,,דאודורנט ניוואה מן  ספריי קול קיק פרש150,מיליליטרים,150.00,"100 מ""ל",false,1,15.90,10.6000,true,1,32706
4005900874931,false,דאודורנט ניוואה ספרי,beiersdorf,,דאודורנט ניוואה ספריי דיפ ביט  150 מל,גרמים,150.00,100 גרם,false,1,15.90,10.6000,true,1,42446
4005900874962,false,דאודורנט ניוואה רול,beiersdorf,,דאודורנט ניוואה רול און אקווה קול 50מל,Unknown,0.00,Unknown,false,1,15.90,0.0000,true,1,42447
4006298004009,false,בירה טוכר הלס הפוויצ,מבשלת טוכר,,בירה טוכר הלס הפוויצן 500מל פקדון,מיליליטרים,500.00,"100 מ""ל",false,1,12.90,2.5800,true,1,9411
4006298004108,false,בירה טוכר דונקל הפוו,מבשלת טוכר,,בירה טוכר דונקל הפוויצן 500מל פקדון,מיליליטרים,500.00,"100 מ""ל",false,1,12.90,2.5800,true,1,9408
4006298014206,false,בירה טוכר חיטה 500מל,מבשלת טוכר,,בירה טוכר חיטה 500מל פקדון,מיליליטרים,500.00,"100 מ""ל",false,24,11.90,2.3800,true,1,18909
4006298207912,false,בירה סבאלדוס 500מל פ,מבשלת טוכר,,בירה סבאלדוס 500מל פקדון,מיליליטרים,500.00,"100 מ""ל",false,1,12.90,2.5800,true,1,33085
4006387084578,false,קנקן בריטה מרלה כחול,בריטה,,קנקן בריטה מרלה כחול כולל פילטר מקסטרה,Unknown,0.00,Unknown,false,1,139.00,0.0000,true,1,17328
4006387085407,false,מארז 3יח פילטר מקסטר,בריטה,,מארז 3יח פילטר מקסטרה פלוס לקנקן בריטה,יחידה,3.00,יחידה,false,1,139.00,46.3333,true,1,17329
4006387097370,false,קנקן בריטה סטרטרפק ס,בריטה,,קנקן בריטה סטרטרפק סטייל+פילטר,Unknown,0.00,Unknown,false,1,169.00,0.0000,true,1,22682
4006387112363,false,קנקן בריטה מרלה עם 2,בריטה,,קנקן בריטה מרלה עם 2יח פילטר ובקבוק,Unknown,0.00,Unknown,false,1,209.00,0.0000,true,1,34693
4006508122134,false,נייר פילטר מס 4 מליט,Melitta Kaffee GmbH,,נייר פילטר מס 4 מליטה 40 יח,יחידה,40.00,יחידה,false,1,12.50,0.3125,true,1,13629
4006508123094,false,נייר פילטר מס 2 מליט,Melitta Kaffee GmbH,,נייר פילטר מס 2 מליטה40 יח,יחידה,40.00,יחידה,false,1,9.90,0.2475,true,1,13630
4006814000751,false,שוקולד סנטה עם כובע,WAWI-EURO,,שוקולד סנטה עם קובע 80 גרם,Unknown,0.00,Unknown,false,1,12.90,0.0000,true,1,13615
4006814011061,false,שוקולד סנטה קלאוז בו,WAWI-EURO,,שוקולד סנטה קלאוז בודד 60 ג,Unknown,0.00,Unknown,false,1,5.00,0.0000,true,1,6267
4006814011108,false,שוקולד סנטה קלאוז בו,WAWI-EURO,,שוקולד סנטה קלאוז בודד 150 ג,גרמים,150.00,100 גרם,false,1,10.90,7.2667,true,1,6266
4006814071003,false,מארז סנטה קלאוז 100,WAWI-EURO,,מארז סנטה קלאוז 100 גר ואוי,גרמים,100.00,100 גרם,false,1,10.90,10.9000,true,1,9389
4006814072000,false,מארז סנטה קלאוז 200,WAWI-EURO,,מארז סנטה קלאוז 200 גר ואוי,גרמים,200.00,100 גרם,false,1,17.90,8.9500,true,1,9390
4007519050713,false,שקיות אשפה פלי 25יח,וו.פלץ,,שקיות אשפה פלי 25יח לפח 35 ליטר,יחידה,25.00,יחידה,false,1,9.90,0.3960,true,1,12084
4007519050720,false,שקיות אשפה פלי 20יח,וו.פלץ,,שקיות אשפה פלי 20יח לפח 60 ליטר,יחידה,20.00,יחידה,false,1,9.90,0.4950,true,1,12085
4007519050744,false,שקיות אשפה פלי 10יח,וו.פלץ,,שקיות אשפה פלי 10יח לפח 120 ליטר,יחידה,10.00,יחידה,false,1,9.90,0.9900,true,1,12086
4007519086224,false,שקיות אשפה ריחניות פ,וו.פלץ,,שקיות אשפה ריחניות פלי 22יח לפח 20 ליטר,יחידה,22.00,יחידה,false,1,9.90,0.4500,true,1,12087
4007519086248,false,שקיות אשפה ריחניות פ,וו.פלץ,,שקיות אשפה ריחניות פלי 20יח לפח 35 ליטר,יחידה,20.00,יחידה,false,1,9.90,0.4950,true,1,12088
4007745058804,false,מיונז אורגני נטורפוד,נטורפוד,,מיונז אורגני נטורפוד 340 גרם,מיליליטרים,340.00,"100 מ""ל",false,1,21.90,6.4412,true,1,13141
4007745058811,false,חרדל צרפתי חלק אורגנ,נטורפוד,,חרדל צרפתי חלק אורגני 145 גרם,מיליליטרים,200.00,"100 מ""ל",false,1,13.90,6.9500,true,1,13139
4007745058828,false,חרדל צרפתי גרגירים א,נטורפוד,,חרדל צרפתי גרגירים אורגני 145 גרם,מיליליטרים,200.00,"100 מ""ל",false,1,13.90,6.9500,true,1,13140
4007993020264,false,מאגדת שלגון טובלרון,,,מאגדת שלגון טובלרון על מקל 4יח,יחידה,4.00,יחידה,false,1,38.90,9.7250,true,1,19568
4007993032533,false,מאגדת שלגון טובלרון,,,מאגדת שלגון טובלרון על מקל 4יח,יחידה,4.00,יחידה,false,1,38.90,9.7250,true,1,44463
4008102002867,false,משקה גרגירים מילפורד,,,משקה גרגירים מילפורד לימון 400 גר,גרמים,400.00,100 גרם,false,1,15.90,3.9750,true,1,1437
4008287051032,false,בירה קרומבאכר פילס 5,מבשלת קרומבאכר,,בירה קרומבאכר פילס 500מל פח.פקדון,מיליליטרים,500.00,"100 מ""ל",false,1,10.00,2.0000,true,1,31494
4008287058161,false,מארז 6יח בירה קרומבא,,,מארז 6יח בירה קרומבאכר פילס 330מל בק.פקד,מיליליטרים,1980.00,"100 מ""ל",false,1,34.90,1.7626,true,1,31490
4008287058222,false,בירה קרומבאכר פילט 3,מבשלת קרומבאכר,,בירה קרומבאכר פילט 330 מל פקדון,מיליליטרים,330.00,"100 מ""ל",false,1,10.00,3.0303,true,1,16053
4008287762020,false,בירה קרומבאכר חיטה 5,מבשלת קרומבאכר,,בירה קרומבאכר חיטה 500מל בק.פקדון,מיליליטרים,500.00,"100 מ""ל",false,1,11.90,2.3800,true,1,7522
4008287905786,false,בירה קרומבאכר חיטה 5,מבשלת קרומבאכר,,בירה קרומבאכר חיטה 500מל פח.פקדון,מיליליטרים,500.00,"100 מ""ל",false,1,10.00,2.0000,true,1,31493
4008400170428,false,בונבוניירה פררו רושר,פררו,DE,בונבוניירה פררו רושר לב 125 גר,גרמים,125.00,100 גרם,false,9,17.90,14.3200,true,1,19393
4008400208220,false,שוקולד קינדר הפי 102,פררו,,שוקולחד קינדר הפי 102 גרם,גרמים,102.00,100 גרם,false,1,9.90,9.7059,true,1,23177
4008400230726,false,ביצת הפתעה קינדר מקס,פררו,,ביצת הפתעה קינדר מקסי 100 גרה,גרמים,100.00,100 גרם,false,1,22.90,22.9000,true,1,13627
4008400260921,false,חטיפי קינדר קאונטרי,פררו,DE,חטיפי קינדר קאונטרי 212 גרם,גרמים,212.00,100 גרם,false,8,19.90,9.3868,true,1,31838
4008400290423,false,מארז4יח עוגת ספוג קי,,,מארז4יח עוגת ספוג קינדר פינגווין 30גר,גרמים,120.00,100 גרם,false,1,13.90,11.5833,true,1,31504
4008400351926,false,וופל חנוטה מיני 200,פררו,DE,וופל חנוטה מיני 200 גרם,גרמים,200.00,100 גרם,false,12,25.90,12.9500,true,1,41685
4008402101772,false,קיווי אקספרס חום חדש,SC Jonson,,קיווי אקספרס חום חדש לנעליים,Unknown,0.00,Unknown,false,1,14.90,0.0000,true,1,8648
4008500006337,false,אוטן אקטיב סטיק 50 מ,COSMINT,,אוטן אקטיב סטיק 50 מל,Unknown,0.00,Unknown,false,1,18.90,0.0000,true,1,3596
4009175182661,false,מרכך כביסה אקולוגי,ארדל רקס,,מרכך כביסה אקולוגי  750 מל אלוורה פרוש,מיליליטרים,750.00,"100 מ""ל",false,1,19.90,2.6533,true,1,43951
4009211007378,false,קקאו ראקסים פליפ טופ,,DE,קקאו ראקסים פליפ טופ 20% שומן 125 גרם,גרמים,125.00,100 גרם,false,12,8.90,7.1200,true,1,31119
4009211113017,false,קקאו ראקסים 20% שומן,,DE,קקאו ראקסים 20% שומן 125 גרם,גרמים,125.00,100 גרם,false,12,8.90,7.1200,true,1,31118
4009300522935,false,תה פומפדור ירוק לימו,TEEKANNE- POMPADOU,,תה פומפדור ירוק לימונית ולואיזה 20 יח,יחידה,20.00,יחידה,false,1,14.90,0.7450,true,1,5624
4009300522966,false,תה פומפדור ירוק נענע,TEEKANNE- POMPADOU,,תה פומפדור ירוק נענע 20 יח,יחידה,20.00,יחידה,false,1,14.90,0.7450,true,1,5625
4009300524588,false,תה פומפדור חליטת פיר,TEEKANNE- POMPADOU,,תה פומפדור חליטת פירות יער 20 יח,יחידה,20.00,יחידה,false,1,13.90,0.6950,true,1,6175
4009300524625,false,תה פומפדור צאי מסאלה,TEEKANNE- POMPADOU,,תה פומפדור צאי מסאלה 20 יח,יחידה,20.00,יחידה,false,1,13.90,0.6950,true,1,6176
4009300525011,false,תה פומפדור ירוק תפוז,TEEKANNE- POMPADOU,,תה פומפדור ירוק תפוז גינגר 20 יח,יחידה,20.00,יחידה,false,1,14.90,0.7450,true,1,7558
4009300525684,false,תה פומפדור לימון גינ,TEEKANNE- POMPADOU,,תה פומפדור לימון גינגר 20 יח,יחידה,20.00,יחידה,false,1,13.90,0.6950,true,1,8396
4009300526438,false,תה פומפדור ירוק  קלא,TEEKANNE- POMPADOU,,תה פומפדור ירוק  קלאסי 20 יח,יחידה,20.00,יחידה,false,1,14.90,0.7450,true,1,10487
4009300527497,false,תה פומפדור מנטה לימו,TEEKANNE- POMPADOU,,תה פומפדור מנטה לימון 20 יח,יחידה,20.00,יחידה,false,1,13.90,0.6950,true,1,13624
4009300527909,false,תה פומפדור גינגר כור,TEEKANNE- POMPADOU,,תה פומפדור גינגר כורכום 20 יח,יחידה,20.00,יחידה,false,1,13.90,0.6950,true,1,16354
4009300528821,false,תה פומפדור ירוק גינג,TEEKANNE- POMPADOU,,תה פומפדור ירוק גינגר קינמון 20 יח,יחידה,20.00,יחידה,false,1,14.90,0.7450,true,1,20635
4009300528845,false,תה פומפדור ירוק לימו,TEEKANNE- POMPADOU,,תה פומפדור ירוק לימונית דבש 20 יח,יחידה,20.00,יחידה,false,1,14.90,0.7450,true,1,20634
4009300529514,false,תה פומפדור חליטת פיר,TEEKANNE- POMPADOU,DE,תה פומפדור חליטת פירות אוכמניות 20 יח,יחידה,20.00,יחידה,false,10,13.90,0.6950,true,1,42550
4009300529538,false,תה פומפדור חליטת פיר,TEEKANNE- POMPADOU,DE,תה פומפדור חליטת פירות לימון  20 יח,יחידה,20.00,יחידה,false,10,13.90,0.6950,true,1,42548
4009300529552,false,תה פומפדור חליטת פיר,TEEKANNE- POMPADOU,DE,תה פומפדור חליטת פירות אפרסק  20 יח,יחידה,20.00,יחידה,false,10,13.90,0.6950,true,1,42549
4009300529576,false,תה פומפדור רימונים 2,TEEKANNE- POMPADOU,DE,תה פומפדור רימונים 20 יח,יחידה,20.00,יחידה,false,10,13.90,0.6950,true,1,32919
4009300529613,false,תה פומפדור קאלם אנד,,DE,תה פומפדור קאלם אנד רילקס 20 שק אורגני,יחידה,20.00,יחידה,false,12,17.90,0.8950,true,1,30699
4009300529699,false,תה פומפדור סטארט יור,,DE,תה פומפדור סטארט יור דיי 20 שק אורגני,יחידה,20.00,יחידה,false,12,17.90,0.8950,true,1,30698
4009300530107,false,חליטת פומפדור קרה טע,,,חליטת פומפדור קרה טעם תות ותפוז 18 יח,יחידה,18.00,יחידה,false,1,13.90,0.7722,true,1,31293
4009300530121,false,חליטת פומפדור קרה אפ,,,חליטת פומפדור קרה אפרסק פסיפלורה 18 יח,יחידה,18.00,יחידה,false,1,13.90,0.7722,true,1,31295
4009300530145,false,חליטת פומפדור קרה טע,,,חליטת פומפדור קרה טעם פירות יער מו 18 יח,יחידה,18.00,יחידה,false,1,13.90,0.7722,true,1,31294
4009300595120,false,תה פומפדור גינגר מנג,TEEKANNE- POMPADOU,,תה פומפדור גינגר מנגו 20 יח,יחידה,20.00,יחידה,false,1,13.90,0.6950,true,1,25790
4009309022399,false,כרוב כבוש אורגני נטו,נטורפוד,,כרוב כבוש אורגני נטורפוד 700גרם,מיליליטרים,700.00,"100 מ""ל",false,1,15.90,2.2714,true,1,13145
4009309114346,false,מלפפון בחומץ אורגני,נטורפוד,,מלפפון בחומץ אורגני נטורפוד 670גרם,מיליליטרים,670.00,"100 מ""ל",false,1,20.00,2.9851,true,1,13144
4009309114407,false,מלפפון כבוש אורגני נ,נטורפוד,,מלפפון כבוש אורגני נטורפוד 670גרם,מיליליטרים,670.00,"100 מ""ל",false,1,18.90,2.8209,true,1,13143
4009309456453,false,סלק אדום אורגני נטור,נטורפוד,,סלק אדום אורגני נטורפוד 670גרם,מיליליטרים,670.00,"100 מ""ל",false,1,15.00,2.2388,true,1,13142
4009309740422,false,רסק תפוחים 700 גרם,נטורפוד,DE,רסק תפוחים 700 גרם,גרמים,700.00,100 גרם,false,6,17.90,2.5571,true,1,21164
4009309742426,false,רסק תפוח מנגו אורגני,נטורפוד,DE,רסק תפוח מנגו אורגני 700 גר,גרמים,700.00,100 גרם,false,12,17.90,2.5571,true,1,21165
4009900013581,false,מארז5יח אורביט סטיקס,,,מארז5יח אורביט סטיקס ספירמינט 65 גר,Unknown,0.00,Unknown,false,1,10.00,0.0000,true,1,9725
4009900379564,false,מסטיק הובה בובה טייפ,,,מסטיק הובה בובה טייפ פירות 56 גר,Unknown,0.00,Unknown,false,1,6.90,0.0000,true,1,4170
4009900385824,false,מארז5יח אורביט סטיקס,,,מארז5יח אורביט סטיקס פפרמינט 65 גר,Unknown,0.00,Unknown,false,1,10.00,0.0000,true,1,9724
4009900402965,false,מסטיק אורביט וויט טע,,,מסטיק אורביט וויט טעם פירות 64 גר,Unknown,0.00,Unknown,false,1,10.00,0.0000,true,1,8529
4009900403023,false,מסטיק אורביט וויט טע,,,מסטיק אורביט וויט טעם מנטה 64 גר,Unknown,0.00,Unknown,false,1,10.00,0.0000,true,1,8528
4009900406918,false,מסטיק הובה בובה טייפ,,,מסטיק הובה בובה טייפ טריפל מיקס 56 גר,Unknown,0.00,Unknown,false,1,6.90,0.0000,true,1,4855
4009900420129,false,מסטיק אורביט פרופשונ,,,מסטיק אורביט פרופשונל ספירמינט,Unknown,0.00,Unknown,false,1,10.00,0.0000,true,1,25406
4009900426039,false,מסטיק איירוויבז מנטה,,,מסטיק איירוויבז מנטה דאבל,Unknown,0.00,Unknown,false,1,10.00,0.0000,true,1,25422
4009900426121,false,מסטיק איירוויבז אוכמ,,,מסטיק איירוויבז אוכמניות דאבל,Unknown,0.00,Unknown,false,1,10.00,0.0000,true,1,25421
4009900465304,false,סוכריות סקיטלס חמוצי,,,סוכריות סקיטלס חמוצים 174 גר,גרמים,174.00,100 גרם,false,1,8.90,5.1149,true,1,10735
4009900479998,false,מסטיק אורביט אוכמניו,,,מסטיק אורביט אוכמניות 64 גר,Unknown,0.00,Unknown,false,1,10.00,0.0000,true,1,10578
4009900482417,false,מסטיק אורביט בבלמינט,,,מסטיק אורביט וויט באבל מינט 64 גר,Unknown,0.00,Unknown,false,1,10.00,0.0000,true,1,9071
4009900483803,false,מסטיק אירוובס בקבוק,,,מסטיק אורביט מנטה אקליפטוס 60 יח,Unknown,0.00,Unknown,false,1,13.90,0.0000,true,1,25418
4009900484060,false,אורביט פרופשיונל פפר,,,אורביט פרופשיונל פפרימנט60יח 84 גר,Unknown,0.00,Unknown,false,1,13.90,0.0000,true,1,9307
4009900484305,false,אורביט פרופשיונל סוו,,,אורביט פרופשיונל סוויטמינט 60יח 84 גר,Unknown,0.00,Unknown,false,1,13.90,0.0000,true,1,9309
4009900491044,false,מסטיק אירוובס בקבוק,,,מסטיק אורביט אירוובס אוכמניות 60 יח,Unknown,0.00,Unknown,false,1,13.90,0.0000,true,1,25419
4009900496247,false,מסטיק אורביט בבלמינט,,,מסטיק אורביט בבלמינט 60 יח,Unknown,0.00,Unknown,false,1,13.90,0.0000,true,1,25416
4009900500166,false,סוכריות סקיטלס 125 ג,,,סוכריות סקיטלס 125 גר,גרמים,125.00,100 גרם,false,1,8.90,7.1200,true,1,25424
4009900504218,false,מסטיק אורביט תפוז בק,,,מסטיק אורביט תפוז בקבוקון 64 גר,Unknown,0.00,Unknown,false,1,10.00,0.0000,true,1,11607
4009900509770,false,אורביט תות בקבוק 60,,,אורביט תות בקבוק 60 יח,Unknown,0.00,Unknown,false,1,13.90,0.0000,true,1,25417
4009900512350,false,מסטיק פייב אבטיח בקב,,,מסטיק פייב אבטיח בקבוק,Unknown,0.00,Unknown,false,1,10.00,0.0000,true,1,25433
4009900525138,false,מסטיק אורביט וויט תו,,,מסטיק אורביט וויט תות 64 גר,Unknown,0.00,Unknown,false,1,10.00,0.0000,true,1,25404
4009900531122,false,מסטיק אורביט פרופשונ,,,מסטיק אורביט פרופשונל ספירמינט,Unknown,0.00,Unknown,false,1,10.00,0.0000,true,1,25405
4009900531573,false,סוכריות סקיטלס סמודי,,,סוכריות סקיטלס סמודיס 174 גר,גרמים,174.00,100 גרם,false,1,8.90,5.1149,true,1,25432
4009900532327,false,סוכריות סקיטלס סמוד,,,סוכריות סקיטלס סמוד 38 גר,Unknown,0.00,Unknown,false,1,3.00,0.0000,true,1,25427
4009900534581,false,מסטיק איירוויבז טעם,,,מסטיק איירוויבז טעם דובדבן,Unknown,0.00,Unknown,false,1,10.00,0.0000,true,1,25984
4009900534611,false,מסטיק איירוויבז מלון,,,מסטיק איירוויבז מלון מנטה בקבוק,Unknown,0.00,Unknown,false,1,10.00,0.0000,true,1,25420
4009900534918,false,סוכריות סקיטלס ענקיו,,,סוכריות סקיטלס ענקיות פירות 141 גר,גרמים,141.00,100 גרם,false,1,8.90,6.3121,true,1,31296
4009900535519,false,מסטיק אורביט רפרשרס,מרס,PL,מסטיק אורביט רפרשרס ספירמינט אישי,Unknown,0.00,Unknown,false,16,3.90,0.0000,true,1,29541
4009900535540,false,מסטיק אורביט רפרשרס,מרס,PL,מסטיק אורביט רפרשרס פפירמינט אישי,Unknown,0.00,Unknown,false,16,3.90,0.0000,true,1,29542
4009900535823,false,מסטיק אורביט רפרשרס,מרס,PL,מסטיק אורביט רפרשרס באבלמינט אישי,Unknown,0.00,Unknown,false,16,3.90,0.0000,true,1,29543
4009900536257,false,מסטיק אורביט רפרשרס,מרס,PL,מסטיק אורביט רפרשרס ספירמנט בקבוקון 67 ג,Unknown,0.00,Unknown,false,6,11.90,0.0000,true,1,29538
4009900536288,false,מסטיק אורביט רפרשרס,מרס,PL,מסטיק אורביט רפרשרס פפירמנט בקבוקון 67 ג,Unknown,0.00,Unknown,false,6,11.90,0.0000,true,1,29539
4009900536486,false,מסטיק אורביט רפרשרס,מרס,PL,מסטיק אורביט רפרשרס באבלמינט בקבוקון67 ג,Unknown,0.00,Unknown,false,6,11.90,0.0000,true,1,29540
4009900539340,false,סוכריות סקיטלס ענקיו,,,סוכריות סקיטלס ענקיות חמוצות 141 גר,גרמים,141.00,100 גרם,false,1,8.90,6.3121,true,1,39626
4009900539401,false,מסטיק פייב באונס מנט,מרס,PL,מסטיק פייב באונס מנטה 14.4 גרם,Unknown,0.00,Unknown,false,16,3.90,0.0000,true,1,41296
4009900539432,false,מסטיק פייב באונס אבט,מרס,PL,מסטיק פייב באונס אבטיח 14.4 גרם,Unknown,0.00,Unknown,false,16,3.90,0.0000,true,1,41297
4009900539685,false,מסטיק פייב באונס מנט,מרס,PL,מסטיק פייב באונס מנטה בקבוקון 61.8 גרם,Unknown,0.00,Unknown,false,6,11.90,0.0000,true,1,41294
4009900539746,false,מסטיק פייב באונס אבט,מרס,PL,מסטיק פייב באונס אבטיח בקבוקון 61.8 גרם,Unknown,0.00,Unknown,false,6,11.90,0.0000,true,1,41295
4009900539807,false,מסטיק איירוויבז מנטה,,,מסטיק איירוויבז מנטה עדינה,Unknown,0.00,Unknown,false,1,10.00,0.0000,true,1,32459
4009900540551,false,מסטיק אורביט רפרשרס,מרס,PL,מסטיק אורביט רפרשרס טרופיקל 67 ג,Unknown,0.00,Unknown,false,6,11.90,0.0000,true,1,40294
4010442411056,false,פרוסות בננה אורגני פ,פארמרס סנאק ג'י.אמ.ב,DE,פרוסות בננה אורגני פארמרס150גרם,גרמים,150.00,100 גרם,false,12,18.90,12.6000,true,1,22034
4010442413357,false,רצועות מנגו אורגנים,,,משמשים אורגניים רצועות מנגו 100 גר,גרמים,100.00,100 גרם,false,1,18.90,18.9000,true,1,20212
4010442454091,false,תערובת אגוזים וצימוק,פארמרס סנאק ג'י.אמ.ב,DE,תערובת אגוזים וצימוקים פארמרס 125 גרם,גרמים,125.00,100 גרם,false,12,15.90,12.7200,true,1,21110
4011100001220,false,חטיפי מיני מרס 408 ג,מרס,,חטיפי מיני מרס 408 ג בשקית,גרמים,403.00,100 גרם,false,1,19.90,4.9380,true,1,9947
4011800528416,false,חטיף קורני בייס מתוק,Schwartauer,,חטיף קורני ביס מתוק מלוח 6 יח 150 גרם,גרמים,150.00,100 גרם,false,1,11.90,7.9333,true,1,22713
4011800567613,false,חטיף קורני מילק שוקו,Schwartauer,,חטיף קורני שוקוו וניל 4 יח 120 גר,גרמים,120.00,100 גרם,false,1,11.90,9.9167,true,1,10317
4011800568610,false,חטיף קורני מילק קלאס,Schwartauer,,חטיף קורני סנדוויץ  קרם חלב4יח 120ג,גרמים,120.00,100 גרם,false,1,11.90,9.9167,true,1,10316
4011800577810,false,חטיף קורני פרי נוגט,Schwartauer,DE,חטיף קורני פרי נוגט 6 יח 150 גר,גרמים,150.00,100 גרם,false,10,11.90,7.9333,true,1,38604
4011800588212,false,חטיף קורני אנרגי קפה,Schwartauer,DE,חטיף קורני אנרגי קפה 4 יח 100 גרם,גרמים,100.00,100 גרם,false,12,17.90,17.9000,true,1,31833
4011800628512,false,חטיף קורני בייס שוקו,Schwartauer,,חטיף קורני שוקולד חלב 6 יח 150 גר,גרמים,150.00,100 גרם,false,1,11.90,7.9333,true,1,9962
4011800629519,false,חטיף קורני בייס אגוז,Schwartauer,,חטיף קורני עם אגוזים 6 יח 150 גר,גרמים,150.00,100 גרם,false,1,11.90,7.9333,true,1,9966
4011800630515,false,חטיף קורני בייס שוקו,Schwartauer,,חטיף קורני שוק.חלב בננה 6 יח 150 גר,גרמים,150.00,100 גרם,false,1,11.90,7.9333,true,1,9963
4011800632519,false,חטיף קורני בייס קוקו,Schwartauer,,חטיף קורני קוקוס שוק.חלב 6 יח 150 גר,גרמים,150.00,100 גרם,false,1,11.90,7.9333,true,1,9965
4011800633516,false,חטיף קורני בייס שוקו,Schwartauer,,חטיף קורני שוקולד מריר 6 יח 138גר,גרמים,138.00,100 גרם,false,1,11.90,8.6232,true,1,9964
4011800635510,false,חטיף קורני פרי אגוז,Schwartauer,,חטיף קורני פרי אגוז שקד6 יח 120ג,גרמים,120.00,100 גרם,false,1,11.90,9.9167,true,1,9969
4011800636517,false,חטיף קורני פרי שוקול,Schwartauer,,חטיף קורני פרי שוקולד חלב6 יח 120ג,גרמים,120.00,100 גרם,false,1,11.90,9.9167,true,1,9967
4011800637514,false,חטיף קורני פרי שוקול,Schwartauer,,חטיף קורני פרי שוקולד לבן 6יח 120ג,גרמים,120.00,100 גרם,false,1,11.90,9.9167,true,1,9968
4012273123009,false,קרם ידיים ניוטרוגינה,,,קרם ידיים ניוטרוגינה נורבגית 50מל,Unknown,0.00,Unknown,false,1,25.90,0.0000,true,1,29381
4012677011322,false,כפפות  לטקס  100 יח,סנגר,,כפפות  לטקס  100 יח גודל אם עם אבקה,יחידה,100.00,יחידה,false,1,22.90,0.2290,true,1,12103
4013044100007,false,אבקת אפיה אורגנית 84,ליקרס,DE,אבקת אפיה אורגנית 84 גר ליקרס,יחידה,1.00,יחידה,false,12,7.90,7.9000,true,1,22010
4013044100182,false,מקריש צמחי טבעי אורג,ליקרס,DE,מקריש צמחי טבעי אורגני 30 גר ליקרס,יחידה,1.00,יחידה,false,15,18.90,18.9000,true,1,22013
4013092000717,false,ליקר בד אפל 700 מל,,,ליקר תפוחים באד אפפל 700 מל פיקדון,מיליליטרים,700.00,"100 מ""ל",false,1,99.90,14.2714,true,1,6521
4013197766976,false,סוכריות טעם תפוז בפח,,,סוכריות טעם תפוז בפחית 200 גר,גרמים,200.00,100 גרם,false,1,9.90,4.9500,true,1,6553
4013197767010,false,סוכריות טעם פירות בפ,,,סוכריות טעם פירות בפחית 200 גר,גרמים,200.00,100 גרם,false,1,9.90,4.9500,true,1,6550
4013197767027,false,סוכריות טעם דובדבן ב,,,סוכריות טעם דובדבן בפחית 200 גר,גרמים,200.00,100 גרם,false,1,9.90,4.9500,true,1,6551
4013197767034,false,סוכריות טעם לימון בפ,,,סוכריות טעם לימון בפחית 200 גר,גרמים,200.00,100 גרם,false,1,9.90,4.9500,true,1,6554
4013197767119,false,סוכריות טעם מנטה קלי,,,סוכריות טעם מנטה קליר בפחית 200 גר,גרמים,200.00,100 גרם,false,1,9.90,4.9500,true,1,6552
4013227013391,false,ליקר אוטום קרים 700,קוימנס רויאל,,ליקר אוטום קרים 700 מל פקדון,מיליליטרים,700.00,"100 מ""ל",false,1,50.00,7.1429,true,1,8978
4013227013414,false,ליקר פינה קולדה 70 7,קוימנס רויאל,,ליקר פינה קולדה 70 750 מל פיקדון,מיליליטרים,750.00,"100 מ""ל",false,1,45.00,6.0000,true,1,8977
4013231000158,false,יין אורבן ריזלינג 75,ניק וויס,,יין אורבן ריזלינג 750 מל,מיליליטרים,750.00,"100 מ""ל",false,1,60.00,8.0000,true,1,14031
4014086024245,false,בירה חיטה גרלסבורג,קוניגסבכר,,בירה חיטה גרלסבורג  500 מל פחית צהוב,מיליליטרים,500.00,"100 מ""ל",false,1,7.90,1.5800,true,1,11046
4014400900217,false,בונבוניירה מרסי 400,,,בונבוניירה מרסי 400 גרם,גרמים,400.00,100 גרם,false,1,47.90,11.9750,true,1,2690
4014400901191,false,בונבוניירה מרסי 250,,,בונבוניירה מרסי 250 גרם,גרמים,250.00,100 גרם,false,1,25.90,10.3600,true,1,1912
4014400901412,false,בונבוניירה מרסי מריר,,,בונבוניירה מרסי מריר 250 גרם,גרמים,250.00,100 גרם,false,1,25.90,10.3600,true,1,4146
4014400903409,false,בונבוניירה טופיפי 25,,,בונבוניירה טופיפי 250 גרם,גרמים,250.00,100 גרם,false,1,24.90,9.9600,true,1,1439
4014400904277,false,סוכריות אייס פרש 425,,,סוכריות אייס פרש 425 ג שקית,גרמים,425.00,100 גרם,false,1,14.90,3.5059,true,1,2907
4014400904307,false,סוכריות קליפורניה 42,,,סוכריות קליפורניה 425 ג שקית,גרמים,425.00,100 גרם,false,1,14.90,3.5059,true,1,2172
4014400904376,false,סוכריות שוקולדן 325,,,סוכריות שוקולדן 325 ג שקית,גרמים,325.00,100 גרם,false,1,14.90,4.5846,true,1,1440
4014400904390,false,סוכריות וולמיש 325 ג,,,סוכריות וולמיש 325 ג שקית,גרמים,325.00,100 גרם,false,1,14.90,4.5846,true,1,1441
4014400907902,false,סוכ.וורטר ללא סוכר 4,,,סוכ.וורטר ללא סוכר 42 גר בקופסא,Unknown,0.00,Unknown,false,1,6.90,0.0000,true,1,6768
4014400909692,false,סוכ.וורטר קפה ללא סו,,,סוכ.וורטר קפה ללא סוכר 42 גר בקופסא,Unknown,0.00,Unknown,false,1,6.90,0.0000,true,1,7959
4014400910063,false,סוכריות וורטר 135 גר,,,סוכריות וורטר 135 גר בשקית,גרמים,135.00,100 גרם,false,1,8.90,6.5926,true,1,6789
4014400913910,false,סוכריות וורטר מילוי,,,סוכריות וורטר מילוי קרמל 125גר שקית,גרמים,125.00,100 גרם,false,1,8.90,7.1200,true,1,10334
4014400914245,false,שוקולד מרסי חלב מעול,שטורק,DE,שוקולד מרסי חלב מעולה 100 גרם,גרמים,100.00,100 גרם,false,15,10.90,10.9000,true,1,31704
4014400914252,false,שוקולד מרסי עם אגוזי,שטורק,DE,שוקולד מרסי עם אגוזים 100 גרם,גרמים,100.00,100 גרם,false,15,10.90,10.9000,true,1,31707
4014400914269,false,שוקולד מרסי קרם קפה,שטורק,DE,שוקולד מרסי קרם קפה 100 גרם,גרמים,100.00,100 גרם,false,15,10.90,10.9000,true,1,31708
4014400914276,false,שוקולד מרסי 72%  מרי,שטורק,DE,שוקולד מרסי 72%  מריר 100 גרם,גרמים,100.00,100 גרם,false,15,10.90,10.9000,true,1,31705
4014400914696,false,סוכריות וורטר ללא סו,,,סוכריות וורטר ללא סוכר 80גר בשקית,גרמים,80.00,100 גרם,false,1,9.90,12.3750,true,1,7069
4014400914924,false,סוכריות וורטר קפה לל,,,סוכריות וורטר קפה ללא סוכר 80גר בשקית,גרמים,80.00,100 גרם,false,1,9.90,12.3750,true,1,7063
4014400920857,false,סוכריות וורטר שוקולד,,,סוכריות וורטר שוקולד ל.סוכר70גר,Unknown,0.00,Unknown,false,1,9.90,0.0000,true,1,11370
4014400923711,false,בונבוניירה טופיפי 12,שטורק,,בונבוניירה טופיפי 125 גרם,גרמים,125.00,100 גרם,false,1,12.90,10.3200,true,1,14294
4014400925265,false,שוקולד מרסי תפוז שקד,שטורק,DE,שוקולד מרסי תפוז שקד 100 גרם,גרמים,100.00,100 גרם,false,15,10.90,10.9000,true,1,38445
4014400925319,false,פופקורן וורטר עם קרמ,שטורק,DE,פופקורן וורטר עם קרמל 140 גרם,גרמים,140.00,100 גרם,false,12,15.90,11.3571,true,1,25372
4014400929010,false,וופל מימי קנופרס איש,שטורק,DE,וופל מימי קנופרס אישי 200 גרם 20 יח,גרמים,200.00,100 גרם,false,12,19.90,9.9500,true,1,41450
4014400931327,false,פופקורן וורטר עם קרמ,שטורק,DE,פופקורן וורטר עם קרמל וגרעינים 140 גרם,גרמים,140.00,100 גרם,false,12,15.90,11.3571,true,1,40594
4014522120104,false,סוכריות טעם פירות לל,,,סוכריות טעם פירות ללא סוכר בודטה 100גר,גרמים,100.00,100 גרם,false,18,8.90,8.9000,true,1,22645
4014522120302,false,סוכריות טעם מנטה ללא,,,סוכריות טעם מנטה ללא סוכר בודטה 100גר,גרמים,100.00,100 גרם,false,18,8.90,8.9000,true,1,22647
4014522180306,false,סוכריות טעם אקליפטוס,,,סוכריות טעם אקליפטוס אטרגני בודטה 75גר,גרמים,75.00,100 גרם,false,12,8.90,11.8667,true,1,22648
4014600397633,false,סוכריות וולמינט מנטה,רגולדס ג'י.אמ.בי.איי,,סוכריות וולמינט מנטה ל.ס 20 גר,Unknown,0.00,Unknown,false,1,7.90,0.0000,true,1,15919
4014600397640,false,סוכריות וולמינט מנטה,רגולדס ג'י.אמ.בי.איי,,סוכריות וולמינט מנטה עדין ל.ס 20 גר,Unknown,0.00,Unknown,false,1,7.90,0.0000,true,1,15918
4014964117663,false,בירה קוסטריצר 5 ליטר,קוסטריצר,,בירה קוסטריצר 5 ליטר חבית,ליטרים,5.00,ליטר,false,1,110.00,22.0000,true,1,13484
4015000031394,false,ספטיל שפורפרת להסרת,,,ספטיל שפורפרת להסרת כתמים,Unknown,0.00,Unknown,false,1,14.90,0.0000,true,1,1442
4015000280211,false,דאו פה רול און קאריב,שוורצקופף והנקל,,דאו פה רול און קאריבן לימון ירוק 50 מל,מיליליטרים,50.00,"100 מ""ל",false,1,8.90,17.8000,true,1,1443
4015000280372,false,דאו פה רול און ספורט,שוורצקופף והנקל,,דאו פה רול און ספורט כחול 50 מל,מיליליטרים,50.00,"100 מ""ל",false,1,8.90,17.8000,true,1,1444
4015000519915,false,דאו פה ספריי ספייסי,שוורצקופף והנקל,,דאו פה ספריי ספייסי פינק פראדיס 200 מל,מיליליטרים,200.00,"100 מ""ל",false,1,8.90,4.4500,true,1,4378
4015000537049,false,מרכך גליס אקספרס שיק,הנקל סוד,,מרכך גליס אקספרס שיקום עמוק 200 מל,מיליליטרים,200.00,"100 מ""ל",false,1,24.90,12.4500,true,1,5722
4015000615884,false,דאו פה ספריי קריביאן,שוורצקופף והנקל,,דאו פה ספריי קריביאן לימון 200 מל,מיליליטרים,200.00,"100 מ""ל",false,1,8.90,4.4500,true,1,1445
4015000615891,false,דאו פה ספריי כחול 20,שוורצקופף והנקל,,דאו פה ספריי כחול 200 מל,מיליליטרים,200.00,"100 מ""ל",false,1,8.90,4.4500,true,1,1446
4015000615921,false,דאו פה ספריי שחור לג,שוורצקופף והנקל,,דאו פה ספריי שחור לגבר 200 מל,מיליליטרים,200.00,"100 מ""ל",false,1,8.90,4.4500,true,1,1447
4015000940948,false,מרכך שיער גליס אולטי,,,מרכך שיער גליס אולטימטיבי 400 מל,מיליליטרים,400.00,"100 מ""ל",false,1,12.90,3.2250,true,1,7414
4015000940955,false,שמפו גליס אולטימט רי,שוורצקופף והנקל,,שמפו גליס אולטימט ריפייר 400 מל,מיליליטרים,400.00,"100 מ""ל",false,1,12.90,3.2250,true,1,7413
4015000976268,false,שמפו גליס מליון גלוס,שוורצקופף והנקל,,שמפו גליס מליון גלוס 400 מל,מיליליטרים,400.00,"100 מ""ל",false,1,12.90,3.2250,true,1,11731
4015000976275,false,מרכך גליס מליון גלוס,שוורצקופף והנקל,,מרכך גליס מליון גלוס 400 מל,מיליליטרים,400.00,"100 מ""ל",false,1,12.90,3.2250,true,1,10555
4015000995122,false,דאו פה ספריי לגבר 20,שוורצקופף והנקל,,דאו פה ספריי לגבר 200 מל,מיליליטרים,200.00,"100 מ""ל",false,1,8.90,4.4500,true,1,12596
4015000996204,false,שמפו גליס אולטימט שמ,שוורצקופף והנקל,,שמפו גליס אולטימט שמן אליקסר 400 מל,מיליליטרים,400.00,"100 מ""ל",false,1,12.90,3.2250,true,1,8969
4015000996273,false,מרכך גליס אולטימט שמ,שוורצקופף והנקל,,מרכך גליס אולטימט שמן אליקסר 400 מל,מיליליטרים,400.00,"100 מ""ל",false,1,12.90,3.2250,true,1,8970
4015000997430,false,דאו פה ספריי ספורט ל,הנקל סוד,,דאו פה ספריי ספורט ללא סימן 200 מל,מיליליטרים,200.00,"100 מ""ל",false,1,8.90,4.4500,true,1,8967
4015100190762,false,מסכת שיער גליס 300מל,שוורצקופף והנקל,,מסכת שיער גליס 300מל שיקום שמן אלקסיר,מיליליטרים,300.00,"100 מ""ל",false,1,24.90,8.3000,true,1,15598
4015100190786,false,מסכת שיער גליס 300מל,שוורצקופף והנקל,,מסכת שיער גליס 300מל סרום שיקום עמוק,מיליליטרים,300.00,"100 מ""ל",false,1,24.90,8.3000,true,1,15599
4015100190793,false,מסכת שיער גליס 300מל,שוורצקופף והנקל,,מסכת שיער גליס 300מל שיקום אולטימטיבי,מיליליטרים,300.00,"100 מ""ל",false,1,24.90,8.3000,true,1,15597
4015100204087,false,ספריי שיער סאיוס סלו,מריבור,,ספריי שיער סאיוס סלון פלקס 400 מל,מיליליטרים,400.00,"100 מ""ל",false,1,24.90,6.2250,true,1,18219
4015100297928,false,מרכך גליס אקספרס משק,הנקל סוד,,מרכך גליס אקספרס משקם ביוטק 200 מל,מיליליטרים,200.00,"100 מ""ל",false,1,24.90,12.4500,true,1,23319
4015100298000,false,מסכת שיער גליס 300מל,שוורצקופף והנקל,,מסכת שיער גליס 300מל ביוטק,מיליליטרים,300.00,"100 מ""ל",false,1,24.90,8.3000,true,1,23322
4015100325294,false,צבע לשיער פאלטה דה ל,,,צבע לשיער פאלטה דה לוקס קיט חום זוהר,יחידה,1.00,יחידה,false,1,29.90,29.9000,true,1,30022
4015100325324,false,צבע לשיער פאלטה דה ל,,,צבע לשיער פאלטה דה לוקס קיט בלונד כהה,יחידה,1.00,יחידה,false,1,29.90,29.9000,true,1,30023
4015100325355,false,צבע לשיער פאלטה דה ל,,,צבע לשיער פאלטה דה לוקס קיט חום בינוני,יחידה,1.00,יחידה,false,1,29.90,29.9000,true,1,30024
4015100438055,false,צבע לשיער פאלטה דה ל,,,צבע לשיער פאלטה דה לוקס קיט בלונד בינוני,יחידה,1.00,יחידה,false,1,29.90,29.9000,true,1,30026
4015100438079,false,צבע לשיער פאלטה דה ל,,,צבע לשיער פאלטה דה לוקס קיט בלונד בהיר,יחידה,1.00,יחידה,false,1,29.90,29.9000,true,1,30028
4015100438154,false,צבע לשיער פאלטה דה ל,,,צבע לשיער פאלטה דה לוקס קיט בלונד כסוף,יחידה,1.00,יחידה,false,1,29.90,29.9000,true,1,30030
4015100438192,false,צבע לשיער פאלטה דה ל,,,צבע לשיער פאלטה דה לוקס קיט בלונד זהוב,יחידה,1.00,יחידה,false,1,29.90,29.9000,true,1,30027
4015100438239,false,צבע לשיער פאלטה דה ל,,,צבע לשיער פאלטה דה לוקס קיט קרמל,יחידה,1.00,יחידה,false,1,29.90,29.9000,true,1,30025
4015100438314,false,צבע לשיער פאלטה דה ל,,,צבע לשיער פאלטה דה לוקס קיט בלונד טיטניו,יחידה,1.00,יחידה,false,1,29.90,29.9000,true,1,30029
4015100709889,false,צבע לשיער פאלטה דה ל,,,צבע לשיער פאלטה דה לוקס קיט שחור בורדו,יחידה,1.00,יחידה,false,1,29.90,29.9000,true,1,43745
4015100709964,false,צבע לשיער פאלטה דה ל,,,צבע לשיער פאלטה דה לוקס קיט בלונד טיטניו,יחידה,1.00,יחידה,false,1,29.90,29.9000,true,1,43746
4015100710021,false,צבע לשיער פאלטה דה ל,,,צבע לשיער פאלטה דה לוקס קיט חום בהיר קר,יחידה,1.00,יחידה,false,1,29.90,29.9000,true,1,43747
4015400564034,false,מגן תחתון אולדייז מג,פרוקטר אנד גמבל,,מגן תחתון אולדייז מגה פק לונג פלוס 58 יח,יחידה,58.00,יחידה,false,1,19.90,0.3431,true,1,8819
4015400564454,false,מגן תחתון אולדייז מג,פרוקטר אנד גמבל,,מגן תחתון אולדייז מגה פק לארג 68 יח,יחידה,68.00,יחידה,false,1,19.90,0.2926,true,1,8818
4015400681670,false,תחבושות אולוויז לילה,,,תחבושות אולוויז לילה בטוח 18 יח,יחידה,18.00,יחידה,false,1,16.90,0.9389,true,1,11852
4015400690313,false,טמפון טמפקס פרל רגול,פרוקטר אנד גמבל,,טמפון טמפקס פרל רגולר 18 יח,יחידה,18.00,יחידה,false,1,22.90,1.2722,true,1,13828
4015400690405,false,טמפון טמפקס פרל סופר,פרוקטר אנד גמבל,,טמפון טמפקס פרל סופר 18 יח,יחידה,18.00,יחידה,false,1,22.90,1.2722,true,1,13829
4015400690498,false,טמפון טמפקס פרל סופר,פרוקטר אנד גמבל,,טמפון טמפקס פרל סופר פלוס 18 יח,יחידה,18.00,יחידה,false,1,22.90,1.2722,true,1,13830
4015400731719,false,תחבושות אולוויז לילה,p&G,,תחבושות אולוויז לילה דואו 20 יח,יחידה,20.00,יחידה,false,1,16.90,0.8450,true,1,13232
4015400746812,false,מגן תחתון אולדייז מג,פרוקטר אנד גמבל,,מגן תחתון אולדייז מגה פק נורמל 80 יח,יחידה,80.00,יחידה,false,1,19.90,0.2487,true,1,13447
4015400755241,false,תחבושות אולוויז נורמ,p&G,,תחבושות אולוויז נורמל פלוס דואו 28 יח,יחידה,28.00,יחידה,false,1,16.90,0.6036,true,1,13233
4015400755487,false,תחבושות אולוויז לונג,p&G,,תחבושות אולוויז לונג פלוס דואו 24 יח,יחידה,24.00,יחידה,false,1,16.90,0.7042,true,1,13234
4015400824701,false,טמפקס פלאש רגיולר 30,פרוקטר אנד גמבל,,טמפקס פלאש רגיולר 30 יח,יחידה,30.00,יחידה,false,1,24.90,0.8300,true,1,1448
4015400824725,false,טמפקס פלאש סופר 30 י,פרוקטר אנד גמבל,,טמפקס פלאש סופר 30 יח,יחידה,30.00,יחידה,false,1,24.90,0.8300,true,1,1449
4015400824749,false,טמפקס פלאש סופר פלוס,פרוקטר אנד גמבל,,טמפקס פלאש סופר פלוס 30 יח,יחידה,30.00,יחידה,false,1,24.90,0.8300,true,1,1450
4015400990482,false,אב.כביסה אריאל קולור,פרוקטר אנד גמבל,,אב.כביסה אריאל קולור 3 קג,קילוגרמים,3.00,"ק""ג",false,1,31.90,10.6333,true,1,12558
4015600762742,false,שמפו הד אנד שולדרס ק,פרוקטר אנד גמבל,,שמפו הד אנד שולדרס קלאסי 500 מל,מיליליטרים,500.00,"100 מ""ל",false,1,19.90,3.9800,true,1,9254
4015600762780,false,שמפו הד אנד שולדרס 2,פרוקטר אנד גמבל,,שמפו הד אנד שולדרס 2ב1 קלאסי 500 מל,מיליליטרים,500.00,"100 מ""ל",false,1,19.90,3.9800,true,1,9255
4015600762902,false,שמפו הד אנד שולדרס מ,פרוקטר אנד גמבל,,שמפו הד אנד שולדרס מנטול 500מל,מיליליטרים,500.00,"100 מ""ל",false,1,19.90,3.9800,true,1,9437
4015600762940,false,שמפו הד אנד שולדרס ת,,,שמפו הד אנד שולדרס תפוח 500מל,מיליליטרים,500.00,"100 מ""ל",false,1,19.90,3.9800,true,1,9435
4015600763022,false,שמפו הד אנד שולדרס מ,,,שמפו הד אנד שולדרס מגע משי 500מל,מיליליטרים,500.00,"100 מ""ל",false,1,19.90,3.9800,true,1,9795
4015600766900,false,שמפו הד אנד שולדרס 2,,,שמפו הד אנד שולדרס 2ב1 ממנטול 500 מל,מיליליטרים,500.00,"100 מ""ל",false,1,19.90,3.9800,true,1,10845
4015600807436,false,דאודורנט גילט פאוור,פרוקטר אנד גמבל,,דאודורנט גילט פאוור בידס 75מל קול וואייב,Unknown,0.00,Unknown,false,1,21.90,0.0000,true,1,20719
4015600807573,false,דאודורנט גילט פאוור,פרוקטר אנד גמבל,,דאודורנט גילט פאוור בידס 75מל פאור ראש,Unknown,0.00,Unknown,false,1,21.90,0.0000,true,1,20720
4017100160110,false,גלילי ופל מיניס קרם,בלזן פולסקה,,גלילי ופל מיניס קרם שוקולד 75 גר,Unknown,0.00,Unknown,false,1,8.90,0.0000,true,1,23179
4017100160417,false,גלילי ופל מיניס קרם,בלזן פולסקה,,גלילי ופל מיניס קרם וניליה 75 גר,Unknown,0.00,Unknown,false,1,8.90,0.0000,true,1,23180
4017100198151,false,ביסקויט היט סנדוויץ,,,ביסקויט היט סנדוויץ וניל 220 גר,גרמים,220.00,100 גרם,false,1,6.90,3.1364,true,1,11387
4017100210105,false,גלילי וופלטן שוקולד,,,גלילי וופלטן שוקולד מריר 75 גרם,Unknown,0.00,Unknown,false,1,9.90,0.0000,true,1,1451
4017100216800,false,גלילי ופל מיניס שוקו,בלזן פולסקה,,גלילי ופל מיניס שוקולד חלב 100 גר,גרמים,100.00,100 גרם,false,1,8.90,8.9000,true,1,1452
4017100219900,false,גלילי וופלטן שוקולד,,,גלילי וופלטן שוקולד חלב 100 גר,גרמים,100.00,100 גרם,false,1,9.90,9.9000,true,1,1453
4017100280207,false,מארז 3 יח בלזן פיק א,,,מארז 3 יח בלזן פיק אפ 84 גרם,Unknown,0.00,Unknown,false,1,6.90,0.0000,true,1,38479
4017100290008,false,ביסקויט בלזן שוקולד,בלזן פולסקה,,ביסקויט ליבניץ שוקולד חלב 125 גר,גרמים,125.00,100 גרם,false,1,9.90,7.9200,true,1,1454
4017100290503,false,ביסקויט בלזן שוקולד,בלזן פולסקה,,ביסקויט בלזן שוקולד חלב תפוז 125 גר,גרמים,125.00,100 גרם,false,1,9.90,7.9200,true,1,41179
4017100291005,false,ביסקויט בלזן שוקולד,בלזן פולסקה,,עוגיות ליבניץ שוקולד מריר 125 גר,גרמים,125.00,100 גרם,false,1,9.90,7.9200,true,1,1455
4017100364112,false,ביסקויט היט סנדוויץ,,,ביסקויט היט סנדוויץ קקאו 220 גר,גרמים,220.00,100 גרם,false,1,6.90,3.1364,true,1,11114
4017100366239,false,ביסקויט בלזן קרם שוק,בלזן פולסקה,,ביסקויט בלזן קרם שוקו  190 גר,גרמים,190.00,100 גרם,false,1,9.90,5.2105,true,1,21518
4018344564610,false,פילה הרינג לארסן רוט,,LV,פילה הרינג לארסן רוטב עגבניות 200 גרם,גרמים,200.00,100 גרם,false,8,9.90,4.9500,true,1,43297
4018344564627,false,פילה הרינג לארסן רוט,,LV,פילה הרינג לארסן רוטב פלפל 200 גרם,גרמים,200.00,100 גרם,false,8,9.90,4.9500,true,1,43298
4018344564634,false,פילה הרינג לארסן רוט,,LV,פילה הרינג לארסן רוטב מנגו פלפל 200 גרם,גרמים,200.00,100 גרם,false,8,9.90,4.9500,true,1,43299
4018344564641,false,פילה הרינג לארסן רוט,,LV,פילה הרינג לארסן רוטב חרדל שמיר 200 גרם,גרמים,200.00,100 גרם,false,8,9.90,4.9500,true,1,43300
4018344564665,false,פילה הרינג לארסן רוט,,LV,פילה הרינג לארסן רוטב בלקאני 200 גרם,גרמים,200.00,100 גרם,false,8,9.90,4.9500,true,1,43301
4018344564672,false,פילה הרינג לארסן רוט,,LV,פילה הרינג לארסן רוטב מקסיקני 200 גרם,גרמים,200.00,100 גרם,false,8,9.90,4.9500,true,1,43302
4018344564689,false,פילה הרינג לארסן רוט,,LV,פילה הרינג לארסן רוטב איטלקי 200 גרם,גרמים,200.00,100 גרם,false,8,9.90,4.9500,true,1,43303
4018722100133,false,אלב גולד אטריות כוסמ,אלב גולד,DE,אלב גולד אטריות כוסמין וביצים אורגני 250,גרמים,250.00,100 גרם,false,12,15.90,6.3600,true,1,21155
4018722100157,false,אלב גולד פוזילי כוסמ,אלב גולד,DE,אלב גולד פוזילי כוסמין מלא 250 גר,גרמים,250.00,100 גרם,false,12,11.90,4.7600,true,1,21161
4018722100188,false,אלב גולד אטריות כוסמ,אלב גולד,DE,אלב גולד אטריות כוסמין וביצים אורגני 250,גרמים,250.00,100 גרם,false,12,15.90,6.3600,true,1,21156
4018722102632,false,אלב גולד ספגטי כוסמי,אלב גולד,DE,אלב גולד ספגטי כוסמין מלא אורגני 500 גר,גרמים,500.00,100 גרם,false,10,16.90,3.3800,true,1,21157
4018722102656,false,אלב גולד ספגטי כוסמי,אלב גולד,DE,אלב גולד ספגטי כוסמין אורגני 500 גר,גרמים,500.00,100 גרם,false,10,16.90,3.3800,true,1,21158
4018722303459,false,אלב גולד מקרוני כוסמ,אלב גולד,DE,אלב גולד מקרוני כוסמין אורגני 250 גר,גרמים,250.00,100 גרם,false,12,11.90,4.7600,true,1,21159
4019400444129,false,שוקולד הלורן ממולא א,HALLOREN,,שוקולד הלורן ממולא אייריש קרים 150 גרם,גרמים,150.00,100 גרם,false,1,11.90,7.9333,true,1,13555
4019400444464,false,בונ. ברנדי+שרי ברנדי,,,שוקולד הלורן ממולא שרי ברנדי 150 גרם,גרמים,150.00,100 גרם,false,1,11.90,7.9333,true,1,1884
4019400444631,false,שוקולד הלורן ממולא ד,HALLOREN,,שוקולד הלורן ממולא דובדבן ברנדי 150 גרם,גרמים,150.00,100 גרם,false,1,11.90,7.9333,true,1,14147
4022025000137,false,יין בלו נאן גוורצטרמ,,,יין בלו נאן גוורצטרמינר,מיליליטרים,750.00,"100 מ""ל",false,1,45.00,6.0000,true,1,6847
4022025000236,false,יין בלו נאן אותנטיק,בלו נאן,,יין בלו נאן אותנטיק 1 ליטר,ליטרים,1.00,ליטר,false,1,45.00,45.0000,true,1,7772
4022025250006,false,יין בלו נאן אותנטיק,bluenun,,יין בלו נאן אותנטיק 750 מל,מיליליטרים,750.00,"100 מ""ל",false,1,40.00,5.3333,true,1,2277
4022025262009,false,יין בלו נאן  לבן כשר,בלו נאן,,יין בלו נאן  לבן כשר 750 מל,מיליליטרים,750.00,"100 מ""ל",false,1,60.00,8.0000,true,1,14381
4022025371039,false,יין בלו נאן בלו לבן,בלו נאן,,יין בלו נאן בלו לבן מבעבע 750 מל,מיליליטרים,750.00,"100 מ""ל",false,1,60.00,8.0000,true,1,12231
4022025372036,false,יין בלו נאן מבעבע יב,,,יין בלו נאן מבעבע יבש 750 מל פקדון,מיליליטרים,750.00,"100 מ""ל",false,1,60.00,8.0000,true,1,5012
4022025379035,false,יין בלו נאן רוזה מבע,בלו נאן,,יין בלו נאן רוזה מבעבע 750 מל,מיליליטרים,750.00,"100 מ""ל",false,1,60.00,8.0000,true,1,27504
4022025390030,false,יין בלו נאן ריזלינג,לנגוט,,יין בלו נאן ריזלינג 750 מל,מיליליטרים,750.00,"100 מ""ל",false,1,45.00,6.0000,true,1,12690
4022025773000,false,יין בלו נאן מוסקטו כ,,,יין בלו נאן מוסקטו כשר 750 מל,מיליליטרים,750.00,"100 מ""ל",false,1,45.00,6.0000,true,1,44471
4022214161137,false,יין ריזלינג דר לוסן,,,יין ריזלינג דר לוסן די אר אל 750 מל,מיליליטרים,750.00,"100 מ""ל",false,12,60.00,8.0000,true,1,30063
4022391195611,false,יין מרקוס מוליטור הא,,,יין מרקוס מוליטור האוס קלוסטרברג 750 מל,מיליליטרים,750.00,"100 מ""ל",false,1,80.00,10.6667,true,1,33133
4022391198315,false,יין מרקוס מוליטור הא,,,יין מרקוס מוליטור האוס פינו בלאן 750 מל,מיליליטרים,750.00,"100 מ""ל",false,1,80.00,10.6667,true,1,22261
4023800012109,false,מרציפן שלוקוורד מצופ,,DE,מרציפן שלוקוורד מצופה 100 גרם,גרמים,100.00,100 גרם,false,20,7.90,7.9000,true,1,30186
4023800231647,false,בונבוניירה מוצרט קוג,,,בונבוניירה מוצרט קוגל 200 גר,גרמים,200.00,100 גרם,false,1,19.90,9.9500,true,1,21536
4023800531648,false,בונבוניירה מוצרט קוג,,,בונבוניירה מוצרט קוגל קארסטנז 200 גרם,גרמים,200.00,100 גרם,false,1,15.90,7.9500,true,1,43925
4023800592120,false,מרציפן שלוקוורד מצופ,,DE,מרציפן שלוקוורד מצופה עם אננס 125 גרם,גרמים,125.00,100 גרם,false,20,8.90,7.1200,true,1,44291
4023800792124,false,מרציפן שלוקוורד מצופ,,DE,מרציפן שלוקוורד מצופה עם אגוז 125 גרם,גרמים,125.00,100 גרם,false,20,8.90,7.1200,true,1,44292
4025700001962,false,שוקולד מילקה לבן 100,מונדליז,,שוקולד מילקה לבן 100 גרם,גרמים,100.00,100 גרם,false,1,6.90,6.9000,true,1,24378
4028208000284,false,נייר פילטר מס 4 ברגי,Melitta Kaffee GmbH,,נייר פילטר מס 4 ברגיטה  80 יח,יחידה,80.00,יחידה,false,1,11.90,0.1488,true,1,4836
4030300001670,false,סוכריות סאלוס ליקריץ,,,סוכריות סאלוס ליקריץ אספרסו 135 גרם,גרמים,135.00,100 גרם,false,18,9.90,7.3333,true,1,41152
4030300022057,false,סוכריות וויקס עם שמן,,,סוכריות וויקס עם שמן אקליפטוס ללס 72 גר,Unknown,0.00,Unknown,false,20,10.90,0.0000,true,1,39531
4030300022064,false,סוכריות וויקס עם דוב,,,סוכריות וויקס עם דובדבן ללס 72 גר,Unknown,0.00,Unknown,false,20,10.90,0.0000,true,1,39530
4030300022088,false,סוכריות וויקס לימון,,,סוכריות וויקס לימון ומנטה ללס 72 גר,Unknown,0.00,Unknown,false,20,10.90,0.0000,true,1,39532
4030300022811,false,סוכריות סאלוס ליקריץ,,,סוכריות סאלוס ליקריץ דובדבן 135 גרם,גרמים,135.00,100 גרם,false,15,9.90,7.3333,true,1,41153
4037400001036,false,לקריץ קטיאס חתולים 2,,DE,לקריץ קטיאס חתולים 200 גרם,גרמים,200.00,100 גרם,false,12,9.90,4.9500,true,1,44389
4037400002033,false,לקריץ קטיאס כובעים 2,,DE,לקריץ קטיאס כובעים 200 גרם,גרמים,200.00,100 גרם,false,12,9.90,4.9500,true,1,44388
4037400344164,false,לקריץ קטיאס פארטי פר,,DE,לקריץ קטיאס פארטי פרד 175 גרם,גרמים,175.00,100 גרם,false,12,9.90,5.6571,true,1,44391
4037400344348,false,לקריץ קטיאס וונדר לנ,,DE,לקריץ קטיאס וונדר לנד פארטי 200 גרם,גרמים,200.00,100 גרם,false,12,9.90,4.9500,true,1,44390
4037400401553,false,לקריץ קטיאס חזירונים,,DE,לקריץ קטיאס חזירונים 200 גרם,גרמים,200.00,100 גרם,false,12,9.90,4.9500,true,1,31761
4037400431703,false,לקריץ קטיאס וונדר לנ,,DE,לקריץ קטיאס וונדר לנד כחול 200 גרם,גרמים,200.00,100 גרם,false,12,9.90,4.9500,true,1,31762
4037400433042,false,לקריץ קטיאס וונדר לנ,,DE,לקריץ קטיאס וונדר לנד ורוד 200 גרם,גרמים,200.00,100 גרם,false,12,9.90,4.9500,true,1,31763
4037458000012,false,בירה שלנקרלה מארצן מ,מבשלת שלנקרלה,,בירה שלנקרלה מארצן מעושנת 500מל פקדון,מיליליטרים,500.00,"100 מ""ל",false,1,16.90,3.3800,true,1,13797
4037719066009,false,סוכריות פירות 966גר,,,סוכריות פירות 966גר בצנצנת,גרמים,966.00,100 גרם,false,1,36.90,3.8199,true,1,6950
4037719066986,false,סוכריות פירות טרופיי,,,סוכריות פירות טרופייםבפחית 200 גר,גרמים,200.00,100 גרם,false,1,9.90,4.9500,true,1,26092
4037719068317,false,סוכריות טעם פירות יע,,,סוכריות טעם פירות יער בפחית 200 גר,גרמים,200.00,100 גרם,false,1,9.90,4.9500,true,1,8240
4037719657290,false,סוכריות פירות 300 גר,,,סוכריות פירות 300 גר צנצנת,גרמים,300.00,100 גרם,false,1,19.90,6.6333,true,1,6875
4037719680212,false,סוכריות טעם תות שדה,,,סוכריות טעם תות שדה בפחית 200 גר,גרמים,200.00,100 גרם,false,1,9.90,4.9500,true,1,8241
4044889000054,false,שוקולד ויואני 85% מר,,,שוקולד ויואני 85% מריר אורגני 100 גרם,גרמים,100.00,100 גרם,false,1,16.90,16.9000,true,1,15460
4044889000610,false,שוקולד ויואני 70% אק,,,שוקולד ויואני 70% אקוודור אורגני 100 גרם,גרמים,100.00,100 גרם,false,1,16.90,16.9000,true,1,15458
4044889000733,false,שוקולד ויואני מריר 7,,,שוקולד ויואני מריר 70% עם צילי 100 גרם,גרמים,100.00,100 גרם,false,1,16.90,16.9000,true,1,18212
4044889001006,false,שוקולד ויואני 71% מר,,,שוקולד ויואני 71% מריר אורגני 100 גרם,גרמים,100.00,100 גרם,false,1,16.90,16.9000,true,1,15462
4044889002119,false,שוקולד ויואני 70% מר,,,שוקולד ויואני 70% מריר אורגני 100 גרם,גרמים,100.00,100 גרם,false,1,16.90,16.9000,true,1,15457
4044889002225,false,ויואני שוקולד לאפיה,,DE,ויואני שוקולד לאפיה 70% אורגני 200 גר,גרמים,200.00,100 גרם,false,10,19.90,9.9500,true,1,18230
4044889002249,false,שוקולד ויואני 92% מר,,,שוקולד ויואני 92% מריר אורגני 80 גרם,Unknown,0.00,Unknown,false,1,16.90,0.0000,true,1,15461
4044889002904,false,שוקולד ויואני 99% מר,,,שוקולד ויואני 99% מריר אורגני 80 גרם,Unknown,0.00,Unknown,false,1,16.90,0.0000,true,1,15459
4044889003192,false,שוקולד ויואני מריר,,,שוקולד ויואני מריר  אגוזים אורגני 100 גר,גרמים,100.00,100 גרם,false,1,16.90,16.9000,true,1,21813
4044889003208,false,שוקולד ויואני מריר 7,,,שוקולד ויואני מריר 70% עם שקדים  100 גרם,גרמים,100.00,100 גרם,false,1,16.90,16.9000,true,1,21814
4044889003222,false,שוקולד ויואני אורגני,,DE,שוקולד ויואני אורגני לבן וניל 80 גר,גרמים,80.00,100 גרם,false,1,16.90,21.1250,true,1,18229
4044889004106,false,שוקולד ויואני 100% מ,,,שוקולד ויואני 100% מריר אורגני 100 גרם,גרמים,80.00,100 גרם,false,1,16.90,21.1250,true,1,25037
4044889004335,false,שוקולד ויואני 62% מר,,,שוקולד ויואני 62% מריר אורגני קרמל 100גר,גרמים,100.00,100 גרם,false,1,16.90,16.9000,true,1,39222
4044889004342,false,שוקולד ויואני 75% מר,,,שוקולד ויואני 75% מריר אורגני  מלח 80 גר,גרמים,80.00,100 גרם,false,1,16.90,21.1250,true,1,39224
4046719114306,false,דבק רב שימושי בשפופר,3m,,דבק רב שימושי בשפופרת 30 מל,יחידה,1.00,יחידה,false,1,16.90,16.9000,true,1,12148
4046719603237,false,ספוגיות מתכת סקוטש ב,3m,CN,ספוגיות מתכת סקוטש ברייט אל חלד 2יח,יחידה,2.00,יחידה,false,24,8.90,4.4500,true,1,22564
4052197000017,false,בירה בנדיקטינר 500מל,בנדקטינר,,בירה בנדיקטינר 500מל פקדון בקבוק,מיליליטרים,500.00,"100 מ""ל",false,1,12.90,2.5800,true,1,13467
4052197000352,false,בירה בנדיקטינר 330מל,בנדקטינר,,בירה בנדיקטינר 330מל פקדון בקבוק,מיליליטרים,330.00,"100 מ""ל",false,1,8.90,2.6970,true,1,13468
4052197000390,false,בירה בנדקטינר חבית 5,בנדקטינר,,בירה בנדקטינר חבית 5 ליטר,ליטרים,5.00,ליטר,false,1,110.00,22.0000,true,1,13469
4052197000925,false,בירה בנדקטינר כהה דו,בנדקטינר,,בירה בנדקטינר כהה דונקל 500מל פקדון בקבו,מיליליטרים,500.00,"100 מ""ל",false,1,12.90,2.5800,true,1,13471
4052197001281,false,בירה בנדקטינר 500 מל,בנדקטינר,,בירה בנדקטינר 500 מל פקדון פחית,מיליליטרים,500.00,"100 מ""ל",false,1,10.00,2.0000,true,1,13472
4052197001366,false,בירה בנדקטינר 500מל,בנדקטינר,,בירה בנדקטינר 500מל ללא אלכוהול פקדון ב,מיליליטרים,500.00,"100 מ""ל",false,1,10.00,2.0000,true,1,13473
4052197002806,false,מארז 4יח בירה בנדקטי,בנדקטינר,,מארז 4יח בירה בנדקטינר 500 מל פקדון פחית,ליטרים,2.00,ליטר,false,1,34.30,17.1500,true,1,14408
4052197003254,false,בירה בנדיקטינר לאגר,בנדקטינר,,בירה בנדיקטינר לאגר אורגינל 500מל פקדון,מיליליטרים,500.00,"100 מ""ל",false,1,12.90,2.5800,true,1,13466
4052197004459,false,בירה בנדקטינר דונקל,בנדקטינר,,בירה בנדקטינר דונקל 500 מל פקדון פחית,מיליליטרים,500.00,"100 מ""ל",false,1,10.00,2.0000,true,1,31455
4052197005272,false,בירה בנדקטינר לאגר 5,בנדקטינר,,בירה בנדקטינר לאגר 500 מל פקדון פחית,מיליליטרים,500.00,"100 מ""ל",false,1,10.00,2.0000,true,1,31456
4053700288205,false,ויט קרם הסרת שיער לע,רקיט בנקיזר צרפת,,ויט קרם הסרת שיער לעור עדין,Unknown,0.00,Unknown,false,1,19.90,0.0000,true,1,6935
4053700292455,false,ויט רצועות שעווה תמצ,רקיט בנקיזר צרפת,,ויט רצועות שעווה תמצית צמחים,Unknown,0.00,Unknown,false,1,21.90,0.0000,true,1,5993
4056489379508,false,ביסקויט סנדוויץ קונט,קונטיננטל בייקריז,NL,ביסקויט סנדוויץ קונטיננטל קרם וניל250ג,גרמים,250.00,100 גרם,false,10,5.90,2.3600,true,1,44860
4056489379515,false,ביסקויט סנדוויץ קונט,קונטיננטל בייקריז,NL,ביסקויט סנדוויץ קונטיננטל קרם שוקולד250ג,גרמים,250.00,100 גרם,false,10,5.90,2.3600,true,1,44859
4056489436324,false,ביסקויט סנדוויץ קפטן,קונטיננטל בייקריז,NL,ביסקויט סנדוויץ קפטן רונדו קרם קקאו500גר,גרמים,500.00,100 גרם,false,20,9.90,1.9800,true,1,44863
4056489460039,false,ביסקויט סנדוויץ קפטן,קונטיננטל בייקריז,NL,ביסקויט סנדוויץ קפטן רונדו קרם שוקו500גר,גרמים,500.00,100 גרם,false,20,9.90,1.9800,true,1,44862
4056800649792,false,מוס לנפח בשיער וולה,,FR,מוס לנפח בשיער וולה פלקס 200מל,מיליליטרים,200.00,"100 מ""ל",false,6,24.90,12.4500,true,1,31587
4056800912483,false,מוס לשיער מלא וולה פ,,FR,מוס לשיער מלא וולה פלקס 200מל,מיליליטרים,200.00,"100 מ""ל",false,6,24.90,12.4500,true,1,31589
4061445096689,false,קפה נמס דווידוף 57 א,צ'יבו מנופקצ'ורינג,CO,קפה נמס דווידוף 57 אספרסו 100 ג,גרמים,100.00,100 גרם,false,6,21.90,21.9000,true,1,24962
4061445096702,false,קפה נמס דווידוף ארומ,צ'יבו מנופקצ'ורינג,CO,קפה נמס דווידוף ארומה מעודנת 100 ג,גרמים,100.00,100 גרם,false,6,21.90,21.9000,true,1,24961
4061445096726,false,קפה נמס דווידוף ארומ,צ'יבו מנופקצ'ורינג,CO,קפה נמס דווידוף ארומה עשירה100גר,גרמים,100.00,100 גרם,false,6,21.90,21.9000,true,1,24960
4062400543125,false,טקילה סיירה זהב רפוס,,,טקילה סיירה זהב רפוסדו 700 מל,מיליליטרים,700.00,"100 מ""ל",false,1,99.00,14.1429,true,1,17475
4062432001204,false,מרציפן זנטיס ספקולאס,,DE,מרציפן זנטיס ספקולאס 100 גרם,גרמים,100.00,100 גרם,false,36,8.90,8.9000,true,1,38783
4062432001228,false,מרציפן זנטיס בטעם פו,,DE,מרציפן זנטיס בטעם פונץ 100 גרם,גרמים,100.00,100 גרם,false,36,8.90,8.9000,true,1,38780
4066600601920,false,בירה פאולנר 500מל פח,,,בירה פאולנר 500מל פחית פקדון,מיליליטרים,500.00,"100 מ""ל",false,24,12.90,2.5800,true,1,23275
4066600612049,false,בירה פאולנר אוקטוברפ,,,בירה פאולנר אוקטוברפ 500 מל פקדון זכוכית,מיליליטרים,500.00,"100 מ""ל",false,1,12.90,2.5800,true,1,15555
4066600999614,false,בירה פאולנר 500 מל פ,,,בירה פאולנר 500 מל פקדון זכוכית,מיליליטרים,500.00,"100 מ""ל",false,1,12.90,2.5800,true,1,14328
4067600001123,false,פילה הרינג לארסן מעו,,LV,פילה הרינג לארסן מעושן 200 גרם,גרמים,200.00,100 גרם,false,8,12.90,6.4500,true,1,43296
4067700014849,false,ליקר ייגרמייסטר כשר,ייגרמייסטר,,ליקר ייגרמייסטר כשר 700 מל,מיליליטרים,700.00,"100 מ""ל",false,1,89.90,12.8429,true,1,13664
4072700001089,false,בירה ספאטן אוקטוברספ,,,בירה ספאטן אוקטוברספט 500מל פקדון,מיליליטרים,500.00,"100 מ""ל",false,1,12.90,2.5800,true,1,26192
4072700001171,false,בירה ספאטן לאגר גרמנ,,,בירה ספאטן לאגר גרמנית 500מל בק.פקדון,מיליליטרים,500.00,"100 מ""ל",false,1,12.90,2.5800,true,1,29400
4072700001188,false,בירה פרנסיס קנר מעונ,,,בירה פרנסיס קנר מעוננת כהה 500 מל פיקדו,מיליליטרים,500.00,"100 מ""ל",false,1,12.90,2.5800,true,1,6070
4072700001775,false,בירה פרנסיס קאנר בהי,,,בירה פרנסיס קאנר בהיר פח 500 מל פיקדון,מיליליטרים,330.00,"100 מ""ל",false,1,11.90,3.6061,true,1,6851
4072700003649,false,בירה פרנסיס קנר מעונ,,,בירה פרנסיס קנר מעוננת בהיר 500 מל פיקדו,מיליליטרים,500.00,"100 מ""ל",false,1,12.90,2.5800,true,1,6069
4076300015804,false,בירה קלר ביר 500 מל,קלרו,,בירה קלר ביר 500 מל פקדון,מיליליטרים,500.00,"100 מ""ל",false,1,12.90,2.5800,true,1,15447
4084500065536,false,קרם לחות פנטן לחות מ,,,קרם לחות פנטן לחות מוגברת 300 מל,מיליליטרים,300.00,"100 מ""ל",false,1,17.90,5.9667,true,1,11470
4084500065598,false,קרם לחות פנטן לתלתלי,פרוקטר אנד גמבל,,קרם לחות פנטן לתלתלים מושלמים 300 מל,מיליליטרים,300.00,"100 מ""ל",false,1,17.90,5.9667,true,1,11662
4084500081314,false,משחת שיניים אורל בי,פרוקטר אנד גמבל,,משחת שיניים אורל בי לניקוי עמוק 75מל,Unknown,0.00,Unknown,false,1,12.90,0.0000,true,1,21340
4084500088917,false,נוזל כלים פיירי לימו,פרוקטר אנד גמבל,,נוזל כלים פיירי לימון 650 מל,מיליליטרים,650.00,"100 מ""ל",false,1,9.90,1.5231,true,1,11259
4084500149526,false,גל כביסה טייד 2.48 ל,פרוקטר אנד גמבל,,גל כביסה טייד 2.48 ליטר,מיליליטרים,2480.00,"100 מ""ל",false,1,29.90,1.2056,true,1,10276
4084500178137,false,גל כביסה טייד 4 ליטר,פרוקטר אנד גמבל,,גל כביסה טייד 4 ליטר,ליטרים,4.00,ליטר,false,1,35.90,8.9750,true,1,10546
4084500471832,false,דאודורונט קליר גל 70,פרוקטר אנד גמבל,,דאודורונט קליר גל 70מל קול וואייב,Unknown,0.00,Unknown,false,6,14.90,0.0000,true,1,31349
4084500471900,false,דאודורונט קליר גל 70,פרוקטר אנד גמבל,,דאודורונט קליר גל 70מל פאאור ראש NPI,Unknown,0.00,Unknown,false,6,14.90,0.0000,true,1,31351
4084500739253,false,משחת שיניים אורל בי,פרוקטר אנד גמבל,,משחת שיניים אורל בי לובן מהודר 75מל,Unknown,0.00,Unknown,false,1,19.90,0.0000,true,1,32149
4084500853553,false,נוזל כלים פיירי אורג,על בד,,נוזל כלים פיירי אורגינל 650 מל,מיליליטרים,650.00,"100 מ""ל",false,1,9.90,1.5231,true,1,11855
4084500853836,false,נוזל כלים פיירי ורדי,על בד,,נוזל כלים פיירי ורדים משי 515 מל,מיליליטרים,515.00,"100 מ""ל",false,1,9.90,1.9223,true,1,11859
4084500853898,false,נוזל כלים פיירי אלוו,על בד,,נוזל כלים פיירי אלוורה ומלפפונים 515 מל,מיליליטרים,515.00,"100 מ""ל",false,1,9.90,1.9223,true,1,11858
4100130924002,false,בירה בקס 6יח 275 מל,,DE,בירה בקס 6יח 275 מל ללא אלכוהול בק.פקדון,מיליליטרים,1650.00,"100 מ""ל",false,1,24.90,1.5091,true,1,29775
4100130937163,false,מארז 6 יח בירה בקס,,,מארז 6 יח בירה בקס  275 מל בקבוק פקדון,מיליליטרים,1650.00,"100 מ""ל",false,1,27.90,1.6909,true,1,11788
4100470106700,false,חומץ תפוחים 750מל נט,נטורפוד,,חומץ תפוחים 750מל נטורפוד,מיליליטרים,750.00,"100 מ""ל",false,1,19.90,2.6533,true,1,15217
4101540731013,false,עוגה אישית רילאקס 5,,DE,עוגה אישית רילאקס 5 יח קרם קרמל160גרם,גרמים,160.00,100 גרם,false,10,10.90,6.8125,true,1,43339
4102430000806,false,בירה ביטבורגר חבית 5,ביטבורגר,,בירה ביטבורגר חבית 5 ליטר,ליטרים,5.00,ליטר,false,1,110.00,22.0000,true,1,13465
4102430003418,false,מארז 4יח בירה ביטבור,בנדקטינר,,מארז 4יח בירה ביטבורגר 500 מל פקדון פחית,ליטרים,2.00,ליטר,false,1,29.90,14.9500,true,1,14409
4102430013615,false,מארז 6יח בירה ביטבור,ביטבורגר,,מארז 6יח בירה ביטבורגר 330מל פקדון בקבוק,מיליליטרים,1980.00,"100 מ""ל",false,1,34.90,1.7626,true,1,13464
4105120018631,false,מארז בירה ויינשטפן 5,,,מארז בירה ויינשטפן 500 מל שלישייה +כוס,מיליליטרים,500.00,"100 מ""ל",false,6,27.90,5.5800,true,1,42603
4105120623941,false,בירה ויינשטפן 500 מל,קרלסברג יבוא יצוא,,בירה ויינשטפן 500 מל פקדון,מיליליטרים,500.00,"100 מ""ל",false,1,12.90,2.5800,true,1,16884
4105120624412,false,בירה ויינשטפן ויטוס,קרלסברג יבוא יצוא,,בירה ויינשטפן ויטוס 500 מל בק. פקדון,מיליליטרים,500.00,"100 מ""ל",false,1,12.90,2.5800,true,1,20655
4210201154686,false,מברשת שיניים אורל בי,,,מברשת שיניים אורל בי נטענת ויטליטי פרוזן,יחידה,1.00,יחידה,false,1,79.90,79.9000,true,1,18207
4210201176688,false,ראש למב.שינים חשמלית,פרוקטר אנד גמבל,,ראש למב.שינים חשמלית אורל בי סנסטיב 4יח,Unknown,0.00,Unknown,false,1,79.90,0.0000,true,1,41097
4210201181088,false,מברשת שיניים אורל בי,,,מברשת שיניים אורל בי נטענת קארס די 12,יחידה,1.00,יחידה,false,1,89.90,89.9000,true,1,18208
4210201181477,false,ראשי מברשת  אורל בי,,,ראשי מברשת  אורל בי חשמלית פרוזן 4יח,יחידה,4.00,יחידה,false,1,79.90,19.9750,true,1,18209
4210201181538,false,ראשי מברשת  אורל בי,,,ראשי מברשת  אורל בי חשמלית קראס 4יח,יחידה,4.00,יחידה,false,1,79.90,19.9750,true,1,18210
4210201245193,false,מברשת שיניים חשמלית,,,מברשת שיניים חשמלית אורל בי פרוזן די100,יחידה,1.00,יחידה,false,1,89.90,89.9000,true,1,24124
4210201262183,false,מברשת שיניים חשמלית,,,מברשת שיניים חשמלית אורל בי די100,יחידה,1.00,יחידה,false,1,89.90,89.9000,true,1,24125
4210201320111,false,מברשת שיניים חשמלית,,,מברשת שיניים חשמלית אורל בי ילדים ספיידר,יחידה,1.00,יחידה,false,1,89.90,89.9000,true,1,39910
4210201320210,false,ראש חשמלי אורל בי לי,,,ראש חשמלי אורל בי לילדים ספיידרמן 4יח,יחידה,4.00,יחידה,false,1,79.90,19.9750,true,1,40187
4210201360742,false,ראש למב.שינים חשמלית,פרוקטר אנד גמבל,,ראש למב.שינים חשמלית אורל בי נ.יסודי 4יח,Unknown,0.00,Unknown,false,1,79.90,0.0000,true,1,41096
4210201365334,false,ראש למב.שינים חשמלית,פרוקטר אנד גמבל,,ראש למב.שינים חשמלית אורל בי פחם 4יח,Unknown,0.00,Unknown,false,1,79.90,0.0000,true,1,39437
4210201388470,false,ראשי מברשת אורל בי ח,,,ראשי מברשת אורל בי חשמלית ילדים ספיי 4יח,יחידה,4.00,יחידה,false,1,79.90,19.9750,true,1,39877
4210201403319,false,מברשת שיניים חשמלית,,,מברשת שיניים חשמלית אורל בי ויטליטי פחם,יחידה,1.00,יחידה,false,1,89.90,89.9000,true,1,39438
4250231144431,false,שוקולד הלורן ממולא פ,HALLOREN,,שוקולד הלורן ממולא פרלין איירש 150 גרם,גרמים,150.00,100 גרם,false,1,11.90,7.9333,true,1,40948
4250231144493,false,שוקולד הלורן ממולא ל,HALLOREN,,שוקולד הלורן ממולא ליקר תפוז 150 גרם,גרמים,150.00,100 גרם,false,1,11.90,7.9333,true,1,19090
4250231145056,false,שוקולד הלורן מאדאם פ,HALLOREN,,שוקולד הלורן מאדאם פומפדור תות וודקה150ג,גרמים,150.00,100 גרם,false,1,11.90,7.9333,true,1,21261
4251039439712,false,מצת גז טורבו דגם גרא,,,מצת גז טורבו דגם גראס,יחידה,1.00,יחידה,false,1,18.90,18.9000,true,1,40280
4260134390194,false,בירה קירין איציבן 33,,,בירה קירין איציבן 330 מל בקבוק,מיליליטרים,330.00,"100 מ""ל",false,1,10.00,3.0303,true,1,28216
4260147890513,false,איטריות ביצים דקות א,kawh,,איטריות ביצים דקות ורמיצלי אותנטי 500גר,גרמים,500.00,100 גרם,false,1,9.90,1.9800,true,1,7655
4260147890551,false,איטריות ביצים רצועות,kawh,,איטריות ביצים רצועות אותנטי 500גר,גרמים,500.00,100 גרם,false,1,9.90,1.9800,true,1,7653
4260310552569,false,משקה טוניק 200 מל תו,תומס הנרי,,משקה טוניק 200 מל תומס הנרי פקדון,מיליליטרים,200.00,"100 מ""ל",false,1,6.90,3.4500,true,1,14792
4260310552576,false,משקה ביטר למון 200 מ,תומס הנרי,,משקה ביטר למון 200 מל תומס הנרי פקדון,מיליליטרים,200.00,"100 מ""ל",false,1,6.90,3.4500,true,1,14790
4260334140193,false,ממרח אגוזי לוז וקקאו,,,ממרח אגוזי לוז וקקאו אורגני 200 גר,גרמים,200.00,100 גרם,false,1,22.90,11.4500,true,1,20168
4260334140605,false,שוקולד ויגו טבעוני א,ויגו,,שוקולד ויגו טבעוני אגוזים 150גר גנדויה,גרמים,150.00,100 גרם,false,8,18.90,12.6000,true,1,27063
4260399984503,false,מדליק פחם מוצק 48 יח,,IL,מדליק פחם מוצק 48 יחידות,יחידה,48.00,יחידה,false,1,6.90,0.1438,true,1,42599
4260651480019,false,אטריות אדממה אורגני,,,אטריות אדממה אורגני פטוציני 250גר,גרמים,250.00,100 גרם,false,1,22.90,9.1600,true,1,27070
4260651480033,false,אטריות חומוס אורגני,,,אטריות חומוס אורגני פטוציני 250גר,גרמים,250.00,100 גרם,false,1,22.90,9.1600,true,1,27068
4260651480071,false,אטריות בטטה סגולה או,,,אטריות בטטה סגולה אורגני פטוציני 250גר,גרמים,250.00,100 גרם,false,1,22.90,9.1600,true,1,27071
4560198160055,false,טקואן צנון יפני קינג,,,טקואן צנון יפני קינגדאו 500 גר,גרמים,500.00,100 גרם,false,20,25.90,5.1800,true,1,43848
4600659010854,false,וודקה סטוליצניה 40%,אס פי איי SPI (סטולי,,וודקה סטוליצניה 40% 700 מל פקדון,מיליליטרים,700.00,"100 מ""ל",false,1,59.90,8.5571,true,1,1459
4600659011059,false,וודקה סטוליצניה אדום,אס פי איי SPI (סטולי,,וודקה סטוליצניה אדום 1 ליטר פקדון,ליטרים,1.00,ליטר,false,1,89.00,89.0000,true,1,7565
4600680010632,false,נסקפה קלאסיק נסטלה95,נסטלה,RU,נסקפה קלאסיק נסטלה95 גרם,Unknown,0.00,Unknown,false,12,10.90,0.0000,true,1,28220
4600682007456,false,בירה בלטיקה 7 פחית 4,,,בירה בלטיקה 7 פחית 450 מל פקדון,מיליליטרים,450.00,"100 מ""ל",false,1,7.90,1.7556,true,1,17387
4600682409458,false,בירה בלטיקה 9 פחית 4,,,בירה בלטיקה 9 פחית 450 מל,מיליליטרים,450.00,"100 מ""ל",false,1,7.90,1.7556,true,1,17386
4602486002057,false,וודקה בלנקאיה ספיישל,בלוגה,IL,וודקה בלנקאיה ספיישל כשלפ 700 מל,מיליליטרים,700.00,"100 מ""ל",false,6,59.90,8.5571,true,1,24048
4602486002071,false,וודקה בלנקאיה  גולד,,,וודקה בלנקאיה  גולד 700 מל,מיליליטרים,700.00,"100 מ""ל",false,6,56.90,8.1286,true,1,22626
4602486002477,false,וודקה בלנקאיה אקסטרה,בלוגה,IL,וודקה בלנקאיה אקסטרה 700 מל,מיליליטרים,700.00,"100 מ""ל",false,6,65.00,9.2857,true,1,24047
4603400000043,false,וודקה רוסקי סטנדרט,,,וודקה רוסקי סטנדרט  700 מל,מיליליטרים,700.00,"100 מ""ל",false,1,65.00,9.2857,true,1,18049
4603400000203,false,וודקה רוסקי סטנדרט,,,וודקה רוסקי סטנדרט  1 לי,ליטרים,1.00,ליטר,false,1,95.00,95.0000,true,1,17228
4603514009277,false,גין באריסטר יבש 700,,,גין באריסטר יבש 700 מל,מיליליטרים,700.00,"100 מ""ל",false,6,85.00,12.1429,true,1,27389
4603928000983,false,וודקה בלוגה 1 ליטר,מרינסקיליקרו וודאצני,,וודקה בלוגה 1 ליטר,ליטרים,1.00,ליטר,false,1,162.00,162.0000,true,1,13180
4607001414445,false,תחתיות טארטלט למילוי,רמנסקי,,תחתיות טארטלט למילוי מתוק 180 גר,גרמים,180.00,100 גרם,false,1,10.90,6.0556,true,1,11824
4607001414452,false,תחתיות טארטלט למילוי,רמנסקי,,תחתיות טארטלט למילוי 180 גר,גרמים,180.00,100 גרם,false,1,10.90,6.0556,true,1,11825
4607002990290,false,מלפפונים מוחמצים 680,אלבשי,RU,מלפפונים מוחמצים 680 גרם,גרמים,680.00,100 גרם,false,8,11.90,1.7500,true,1,23124
4607002990474,false,עגבניות מוחמצות 680,אלבשי,RU,עגבניות מוחמצות 680 גרם,גרמים,680.00,100 גרם,false,8,9.90,1.4559,true,1,23125
4607012351005,false,גרעיני חמניה ללא מלח,MARTIN,,גרעיני חמניה ללא מלח מרטין 200גרם,גרמים,200.00,100 גרם,false,1,12.90,6.4500,true,1,13351
4607012351999,false,גרעיני חמניה מלוח מר,MARTIN,,גרעיני חמניה מלוח מרטין 200 גרם,גרמים,200.00,100 גרם,false,1,12.90,6.4500,true,1,13352
4607012352453,false,גרעיני חמניה מרטין פ,MARTIN,,גרעיני חמניה מרטין פסים 150גרם,גרמים,150.00,100 גרם,false,1,8.90,5.9333,true,1,15637
4607012352538,false,גרעיני חמניה מרטין מ,MARTIN,,גרעיני חמניה מרטין מיקס 200גרם,גרמים,200.00,100 גרם,false,1,12.90,6.4500,true,1,16989
4607012670038,false,שמן יאנטר מזוכך 1 ל,,,שמן יאנטר מזוכך 1 ל,ליטרים,1.00,ליטר,false,1,14.90,14.9000,true,1,17016
4607065411312,true,שימורי פטריות אופיאט,אנשן אנ ן-אם פודס קו,CN,שימורי פטריוץ אופיאטה 680 גרם,גרמים,680.00,100 גרם,false,6,15.90,2.3382,true,1,20513
4607065411329,true,שימורי פטריות מסליאט,אנשן אנ ן-אם פודס קו,CN,שימורי פטריות מסליאטה 680 גרם,גרמים,680.00,100 גרם,false,6,15.90,2.3382,true,1,20515
4607065411343,true,שימורי פטריות אסורטי,אנשן אנ ן-אם פודס קו,CN,שימורי פטריות אסורטי 680 גרם,גרמים,680.00,100 גרם,false,6,15.90,2.3382,true,1,20516
4607065411398,true,שימורי פטריות שיטאקי,אנשן אנ ן-אם פודס קו,CN,שימורי פטריות שיטאקי 680 גרם,גרמים,680.00,100 גרם,false,6,15.90,2.3382,true,1,20514
4607109409619,false,טבליות למדיח פיניש ה,RB פולין,,טבליות למדיח פיניש הכל באחד מקס 25יח,יחידה,25.00,יחידה,false,1,24.90,0.9960,true,1,12991
4610028130052,false,וודקה לגנד אוף קרמלי,,,וודקה לגנד אוף קרמלין 700 מל,מיליליטרים,700.00,"100 מ""ל",false,6,99.90,14.2714,true,1,25094
4610028891748,false,ריבת  תאנים 440 גרם,,AM,ריבת  תאנים 440 גרם,גרמים,440.00,100 גרם,false,6,16.90,3.8409,true,1,30467
4610028891762,false,ריבת  קיזיל 440 גרם,,AM,ריבת  קיזיל 440 גרם,גרמים,440.00,100 גרם,false,6,16.90,3.8409,true,1,30468
4640018993343,false,טבליות פיניש קואנטום,RB פולין,PL,טבליות פיניש קואנטום למדיח 30 טבליות,יחידה,30.00,יחידה,false,7,34.90,1.1633,true,1,24330
4640018993350,false,טבליות פיניש קואנטום,RB פולין,PL,טבליות פיניש קואנטום לימון למדיח 30 יח,יחידה,30.00,יחידה,false,7,34.90,1.1633,true,1,24331
4640018993398,false,טבליות פיניש קואנטום,RB פולין,PL,טבליות פיניש קואנטום לימון למדיח 60 יח,יחידה,60.00,יחידה,false,6,59.90,0.9983,true,1,24333
4710068001692,false,משקה מאסטר לאטה 240,L.S XILAGORA,,משקה מאסטר לאטה 240 מל,מיליליטרים,250.00,"100 מ""ל",false,1,6.60,2.6400,true,1,10303
4710068001715,false,משקה מאסטר טרמיסו 24,L.S XILAGORA,,משקה מאסטר טרמיסו 240 מל פקדון,מיליליטרים,240.00,"100 מ""ל",false,1,6.60,2.7500,true,1,10305
4710068001739,false,משקה מאסטר קולימביאנ,L.S XILAGORA,,משקה מאסטר קולימביאני 240 מל,מיליליטרים,250.00,"100 מ""ל",false,1,6.60,2.6400,true,1,10304
4710068002798,false,משקה מאסטר וניל 240,L.S XILAGORA,,משקה מאסטר וניל 240 מל,מיליליטרים,250.00,"100 מ""ל",false,1,6.60,2.6400,true,1,20904
4710964104916,false,שמן שומשום 370 מל,Flavor full foods in,,שמן שומשום 370 מל,מיליליטרים,370.00,"100 מ""ל",false,1,25.90,7.0000,true,1,10460
4710964170799,false,שומשום שחור קלוי 91,Flavor full foods in,,שומשום שחור קלוי 91 גרם,גרמים,90.00,100 גרם,false,1,16.90,18.7778,true,1,7213
4711476002790,false,קפה קר פיפו לאטה 240,,,קפה קר פיפו לאטה 240 מל,מיליליטרים,240.00,"100 מ""ל",false,1,7.60,3.1667,true,1,25578
4711476002813,false,קפה קר פיפו מוקצינו,,,קפה קר פיפו מוקצינו 240 מל,מיליליטרים,240.00,"100 מ""ל",false,,7.60,3.1667,true,1,25579
4740098079309,false,סיידר פיז אוכמניות 5,"""cesu alus""",,סיידר פיז אוכמניות 500 מל,מיליליטרים,500.00,"100 מ""ל",false,1,7.90,1.5800,true,1,11660
4740098079316,false,סיידר פיז תות שדה 50,"""cesu alus""",,סיידר פיז תות שדה 500 מל,מיליליטרים,500.00,"100 מ""ל",false,1,7.90,1.5800,true,1,11661
4740098079323,false,סיידר פיז אגס 500 מל,"""cesu alus""",,סיידר פיז אגס 500 מל,מיליליטרים,500.00,"100 מ""ל",false,1,7.90,1.5800,true,1,20974
4740098080589,false,בירה בלונד אמריקאן 5,א. לה קוק,,בירה בלונד אמריקאן 500מל פקדון,מיליליטרים,500.00,"100 מ""ל",false,1,8.90,1.7800,true,1,13457
4740098084440,false,סיידר פיז תפוח עץ 50,"""cesu alus""",,סיידר פיז תפוח עץ 500 מל,מיליליטרים,500.00,"100 מ""ל",false,1,7.90,1.5800,true,1,14485
4740098090137,false,בירה אייל אינדיה איי,א. לה קוק,,בירה אייל אינדיה איי.פי.איי 500מל פח.פקד,מיליליטרים,500.00,"100 מ""ל",false,1,8.90,1.7800,true,1,24203
4740098090601,false,משקה קוקטייל בלו לגו,,,משקה קוקטייל בלו לגון 330 מל פקדון,מיליליטרים,330.00,"100 מ""ל",false,1,10.00,3.0303,true,1,31376
4740098098331,false,משקה קוקטייל בלו לגו,,,משקה קוקטייל בלו לגון 330 מל פקדון,מיליליטרים,330.00,"100 מ""ל",false,1,10.00,3.0303,true,1,42559
4740098098355,false,משקה קוקטייל מוחיטו,,,משקה קוקטייל מוחיטו 330 מל פקדון,מיליליטרים,330.00,"100 מ""ל",false,1,10.00,3.0303,true,1,41396
4740098098379,false,משקה קוקטייל מרגריטה,,,משקה קוקטייל מרגריטה 330 מל פקדון,מיליליטרים,330.00,"100 מ""ל",false,1,10.00,3.0303,true,1,41395
4740098098393,false,משקה קוקטייל לה קוק,,,משקה קוקטייל לה קוק ביץ 330 מל פקדון,מיליליטרים,330.00,"100 מ""ל",false,1,10.00,3.0303,true,1,41397
4744131011684,false,קנקן אקוואפור לסינון,,,קנקן אקוואפור לסינון מים אוניקס 4.2 ליטר,יחידה,1.00,יחידה,false,1,89.90,89.9000,true,1,16756
4744131013381,false,קנקן קומפקט לסינון מ,,,קנקן קומפקט לסינון מים 2.4ליטר לבן,יחידה,1.00,יחידה,false,1,69.90,69.9000,true,1,26944
4744131014258,false,מסנן מים לקנקן קומפק,,,מסנן מים לקנקן קומפקט,יחידה,1.00,יחידה,false,1,27.90,27.9000,true,1,30407
4744131014265,false,שלישיית מסנני מים לק,,,שלישיית מסנני מים לקנקן בריטה,יחידה,3.00,יחידה,false,1,79.90,26.6333,true,1,26947
4744131015736,false,בקבוק לשתיה עם סנן ו,,,בקבוק לשתיה עם סנן ורוד,יחידה,1.00,יחידה,false,12,79.90,79.9000,true,1,43251
4744131015958,false,מארז 2יח סננים לבקבו,,,מארז 2יח סננים לבקבוק שתיה,יחידה,2.00,יחידה,false,12,39.00,19.5000,true,1,43255
4744131016313,false,קנקן קומפקט 2.4 ליטר,,,קנקן קומפקט 2.4 ליטר+4מסננים,יחידה,1.00,יחידה,false,1,99.90,99.9000,true,1,30406
4750017001854,false,פילה דג סלמון שמן צמ,,,פילה דג סלמון שמן צמחי 200 גרם,גרמים,200.00,100 גרם,false,1,9.90,4.9500,true,1,17027
4750017001861,false,פילה דג סלמון במיץ ע,,,פילה דג סלמון במיץ עגבניות 200 גרם,גרמים,200.00,100 גרם,false,1,9.90,4.9500,true,1,17026
4750021000799,false,וודקה סטוליצניה עילי,אס פי איי SPI (סטולי,,וודקה סטוליצניה עילית 700 מל פקדון,מיליליטרים,700.00,"100 מ""ל",false,1,159.00,22.7143,true,1,7753
4750021003905,false,וודקה סטוליצניה גולד,אס פי איי SPI (סטולי,,וודקה סטוליצניה גולד 700 מל פקדון,מיליליטרים,700.00,"100 מ""ל",false,1,89.90,12.8429,true,1,16132
4750021005725,false,וודקה סטולי ללא גלוט,אס פי איי SPI (סטולי,,וודקה סטולי ללא גלוטן כשר לפסח 700מל,מיליליטרים,700.00,"100 מ""ל",false,1,69.90,9.9857,true,1,16133
4750109000338,false,שמנת חמוצה סמטנה 400,,LV,שמנת חמוצה סמטנה 400גר 20%שומן,גרמים,400.00,100 גרם,false,1,12.90,3.2250,true,1,29914
4750142001996,false,בירה צסו כהה בוהמיין,"""cesu alus""",,בירה צסו כהה בוהמיין פרמיום 568 מל פחית,מיליליטרים,568.00,"100 מ""ל",false,1,10.00,1.7606,true,1,22326
4750142002078,false,בירה צסו יורמלה 500מ,"""cesu alus""",,בירה צסו יורמלה 500מל פח.פקדון,מיליליטרים,500.00,"100 מ""ל",false,1,7.90,1.5800,true,1,42557
4750142002719,false,בירה צסו יורמלה לא מ,"""cesu alus""",,בירה צסו יורמלה לא מסוננת 500מל פח.פקדון,מיליליטרים,500.00,"100 מ""ל",false,1,7.90,1.5800,true,1,42558
4750142003426,false,בירה פילזנר  אקסטרה,"""cesu alus""",,בירה פילזנר  אקסטרה 500מל פח. פקדון,מיליליטרים,500.00,"100 מ""ל",false,1,7.90,1.5800,true,1,24914
4750142004980,false,בירה צסו פרמיום 568,"""cesu alus""",,בירה צסו פרמיום 568 מל 5.4%פחית,מיליליטרים,568.00,"100 מ""ל",false,1,10.00,1.7606,true,1,42011
4750142005000,false,בירה צסו כהה בוהמיין,"""cesu alus""",,בירה צסו כהה בוהמיין פרמיום 568 מל פחית,מיליליטרים,568.00,"100 מ""ל",false,1,10.00,1.7606,true,1,42010
4750142005062,false,בירה צסו לא מסוננת 5,"""cesu alus""",,בירה צסו לא מסוננת 568 מל 5.4%פחית,מיליליטרים,568.00,"100 מ""ל",false,1,10.00,1.7606,true,1,42009
4750142016518,false,בירה צסו לא מסוננת 5,"""cesu alus""",,בירה צסו לא מסוננת 568 מל 5.4%פחית,מיליליטרים,568.00,"100 מ""ל",false,1,10.00,1.7606,true,1,10239
4750142021505,false,בירה פילזנר 500מל 4.,"""cesu alus""",,בירה פילזנר 500מל 4.7% פקדון,מיליליטרים,500.00,"100 מ""ל",false,1,7.90,1.5800,true,1,9619
4750142040520,false,בירה צסו פרמיום 568,"""cesu alus""",,בירה צסו פרמיום 568 מל 5.4%פחית,מיליליטרים,568.00,"100 מ""ל",false,1,10.00,1.7606,true,1,22325
4750259881238,false,עלי וופל קלאסי לעוגה,פוטורוס פוד,LV,בסיס וופל קלאסי לעוגה 90 גרם,Unknown,0.00,Unknown,false,16,10.90,0.0000,true,1,22586
4750259881245,false,עלי וופל קקאו לעוגה,פוטורוס פוד,LV,בסיס וופל קקאו לעוגה 90 גרם,Unknown,0.00,Unknown,false,16,10.90,0.0000,true,1,22585
4750259881252,false,עלי וופל 3 צבעים לעו,פוטורוס פוד,LV,בסיס וופל לעוגה 3 צבעים 90 גרם,Unknown,0.00,Unknown,false,16,10.90,0.0000,true,1,22584
4750616000258,true,שפרוטים ריגה גדולים,,,שפרוטים ריגה גדולים בשמן190 גרם,גרמים,190.00,100 גרם,false,1,7.90,4.1579,true,1,14335
4750616000593,true,שפרוטים ריגה בשמן190,,,שפרוטים ריגה בשמן190 גרם,גרמים,190.00,100 גרם,false,1,7.90,4.1579,true,1,14334
4750616001194,true,שפרוטים ריגה בשמן240,,,שפרוטים ריגה בשמן240 גרם,גרמים,240.00,100 גרם,false,1,7.90,3.2917,true,1,14332
4750616001262,true,שפרוטים צארסקיה בשמן,,,שפרוטים צארסקיה בשמן 240 גרם,גרמים,240.00,100 גרם,false,1,13.90,5.7917,true,1,14350
4750616001361,true,סלאקה מעושנת 190 גרם,,,סלאקה מעושנת 190 גרם,גרמים,190.00,100 גרם,false,1,7.90,4.1579,true,1,14336
4750616001651,true,שפרוטים ריגה גדולים,,,שפרוטים ריגה גדולים בשמן 240 גרם,גרמים,240.00,100 גרם,false,1,7.90,3.2917,true,1,14333
4750616001989,true,פטה שפרוטים 250 גרם,,,פטה שפרוטים 250 גרם,גרמים,250.00,100 גרם,false,1,5.90,2.3600,true,1,14349
4750616002276,true,קילקה עם צילי במיץ ע,,,קילקה עם צילי במיץ עגבניות 240 גרם,גרמים,240.00,100 גרם,false,1,5.90,2.4583,true,1,23123
4750616002337,true,קילקה במיץ עגבניות 2,,,קילקה במיץ עגבניות 240 גרם,גרמים,240.00,100 גרם,false,1,5.90,2.4583,true,1,14337
4750616002344,true,קילקה עם ירקות במיץ,Briavais Vilns,LV,קילקה עם  ירקות במיץ עגבניות 240 גרם,גרמים,240.00,100 גרם,false,24,5.90,2.4583,true,1,23122
4751017941751,false,קטשופ אורגני רודולפס,,,קטשופ אורגני רודולפס 530 גר,גרמים,530.00,100 גרם,false,1,18.90,3.5660,true,1,23762
4770033225133,false,ברנדי גלורי  טעם שזי,stumbras,,ברנדי גלורי  טעם שזיף 500 מל,מיליליטרים,500.00,"100 מ""ל",false,1,54.90,10.9800,true,1,29506
4770179109991,false,בונבוניירה פרגל שוקו,MIESZKO,,בונבוניירה פרגל שוקולד וודקה 190 גר,גרמים,190.00,100 גרם,false,1,18.90,9.9474,true,1,28125
4770179110096,false,בונבוניירה פרגל שוקו,MIESZKO,,בונבוניירה פרגל שוקולד וברנדי 190 גר,גרמים,190.00,100 גרם,false,1,18.90,9.9474,true,1,28124
4770179110126,false,בונבוניירה פרגל שוקו,MIESZKO,,בונבוניירה פרגל שוקולד ליקר שרי 190 גר,גרמים,190.00,100 גרם,false,1,18.90,9.9474,true,1,28123
4770299394680,false,חטיפי גבינה  מעושנת,,,חטיפי גבינה  מעושנת 75 גר,Unknown,0.00,Unknown,false,1,9.90,0.0000,true,1,29913
4770299397964,false,חמאה מזוקקת 500גר,,,חמאה מזוקקת 500גר,גרמים,500.00,100 גרם,false,1,39.90,7.9800,true,1,42001
4770301230821,false,בירה אינדיה פייל איי,,,בירה אינדיה פייל אייל 568מל וולפאס פח.פק,מיליליטרים,568.00,"100 מ""ל",false,24,10.00,1.7606,true,1,43466
4770301231811,false,בירה קריק דובדבן 568,,,בירה קריק דובדבן 568מל וולפאס פח.פק,מיליליטרים,568.00,"100 מ""ל",false,24,10.00,1.7606,true,1,43469
4770301232023,false,בירה אוסטרליה פייל א,,,בירה אוסטרליה פייל אייל 568מל פח.פקדון,מיליליטרים,568.00,"100 מ""ל",false,24,10.00,1.7606,true,1,43465
4770301234935,false,בירה באלטיק פורטר 56,,,בירה באלטיק פורטר 568מל וולפאס פח.פק,מיליליטרים,568.00,"100 מ""ל",false,24,10.00,1.7606,true,1,43467
4770301234973,false,בירה בלנש חיטה בלגית,,,בירה בלנש חיטה בלגית 568מל וולפאס פח.פק,מיליליטרים,568.00,"100 מ""ל",false,24,10.00,1.7606,true,1,43468
4770301235246,false,בירה מייסטר וולפאס א,"""cesu alus""",,בירה מייסטר וולפאס אנגלמן 500מל פח.פקדון,מיליליטרים,500.00,"100 מ""ל",false,1,7.90,1.5800,true,1,44015
4770301235338,false,בירה ניו אינגלנד 500,,,בירה ניו אינגלנד 500מל וולפאס פח.פקדון,מיליליטרים,500.00,"100 מ""ל",false,24,10.00,2.0000,true,1,43470
4779039730276,false,מרק עגבניות מוקרם או,,,מרק עגבניות מוקרם אורגני  400 ג אאוגה,גרמים,400.00,100 גרם,false,1,16.90,4.2250,true,1,23126
4779039730283,false,מרק פטריות מוקרם אור,,,מרק פטריות מוקרם אורגני  400 גר,גרמים,400.00,100 גרם,false,1,16.90,4.2250,true,1,16961
4779039730290,false,מרק ירקות מיניסטרונה,,,מרק ירקות מיניסטרונה אורגני  400 גר,גרמים,400.00,100 גרם,false,1,16.90,4.2250,true,1,16960
4779039731143,false,מרק עדשים אורגני  40,,,מרק עדשים אורגני  400 ג אאוגה,גרמים,400.00,100 גרם,false,1,16.90,4.2250,true,1,23127
4779039731914,false,מרק שעועית צילי  ללג,,,מרק שעועית צילי  ללג אורגני  400 ג אאוגה,גרמים,400.00,100 גרם,false,1,16.90,4.2250,true,1,45055
4779039732188,false,מרק ירקו מינסטרונה,,,מרק ירקו מינסטרונה  אורגני  400 גר אאוגה,גרמים,400.00,100 גרם,false,1,16.90,4.2250,true,1,45056
4792032060454,false,מי קוקוס אורגני גרין,סילברמיל,,מי קוקוס אורגני גרין קוקו 330מל,ליטרים,330.00,ליטר,false,1,7.90,0.0239,true,1,13512
4792038437113,false,קמח קוקוס אורגני 500,"רנוקה אגרי פודס בע""מ",,קמח קוקוס אורגני 500 גרם תבואות,גרמים,500.00,100 גרם,false,1,18.90,3.7800,true,1,13539
4792055013734,false,תה טרסון ירוק עם אננ,,LK,תה טרסון ירוק עם אננוה תפזורת 100 גרם,גרמים,100.00,100 גרם,false,24,18.90,18.9000,true,1,27112
4792055013741,false,תה טרסון ירוק פירות,,LK,תה טרסון ירוק פירות יער תפזורת 100 גרם,גרמים,100.00,100 גרם,false,24,18.90,18.9000,true,1,27113
4792055013765,false,תה טרסון ירוק עם אלו,,LK,תה טרסון שחור תפוח קינמון תפזורת 75 גרם,גרמים,100.00,100 גרם,false,24,18.90,18.9000,true,1,27111
4792055013796,false,תה טרסון שחור פסיפלו,,LK,תה טרסון שחור פסיפלורה תפזורת 100 גרם,גרמים,100.00,100 גרם,false,24,18.90,18.9000,true,1,27115
4792055019798,false,תה טרסון שחור אנונה2,,LK,תה טרסון שחור אנונה2 גר 40 שקיות,יחידה,20.00,יחידה,false,24,11.90,0.5950,true,1,25910
4792055019804,false,תה טרסון שחור פסיפלו,,LK,תה טרסון שחור פסיפלורה2 גר 40 שקיות,יחידה,20.00,יחידה,false,24,11.90,0.5950,true,1,25912
4792055019828,false,תה טרסון שחור שקד שו,,LK,תה טרסון שחור שקד שוקולד 2 גר 40 שקיות,יחידה,20.00,יחידה,false,24,11.90,0.5950,true,1,25913
4792055019835,false,תה טרסון ירוק אנונה,,LK,תה טרסון ירוק טעם אנונה 2 גר 40 שקיות,יחידה,20.00,יחידה,false,24,11.90,0.5950,true,1,25906
4792055019842,false,תה טרסון ירוק קיווי,,LK,תה טרסון ירוק קיווי רימונים2 גר 40 שקיות,יחידה,20.00,יחידה,false,24,11.90,0.5950,true,1,25909
4792055019866,false,תה טרסון ירוק גוגי ב,,LK,תה טרסון ירוק גוגי ברי 2 גר 40 שקיות,יחידה,20.00,יחידה,false,24,11.90,0.5950,true,1,25908
4792055019880,false,תה טרסון ארל גריי 2,,GB,תה טרסון ארל גריי 2 גר 100 שקיות,יחידה,100.00,יחידה,false,12,29.90,0.2990,true,1,25904
4792055019897,false,תה טרסון ירוק 2 גר 1,,GB,תה טרסון ירוק 2 גר 100 שקיות,יחידה,100.00,יחידה,false,12,29.90,0.2990,true,1,25905
4792055019903,false,תה טרסון שחור עם לימ,,LK,תה טרסון שחור עם לימון תפזורת 75 גרם,Unknown,0.00,Unknown,false,24,18.90,0.0000,true,1,27109
4792055019927,false,תה טרסון שחור תפוח ק,,LK,תה טרסון שחור תפוח קינמון תפזורת 75 גרם,Unknown,0.00,Unknown,false,24,18.90,0.0000,true,1,27110
4792055019958,false,תה טרסון שחור פירות,,LK,תה טרסון שחור פירות טרופי תפזורת72 גרם,Unknown,0.00,Unknown,false,24,18.90,0.0000,true,1,27114
4793000637005,false,מקלות קינמון ציילון,נטורפוד,LK,מקלות קינמון ציילון אורגני 50 גר,גרמים,50.00,100 גרם,false,10,14.90,29.8000,true,1,22890
4793000637012,false,קינמון ציילון אורגני,נטורפוד,LK,קינמון ציילון אורגני טחון 70 גר,גרמים,70.00,100 גרם,false,10,14.90,21.2857,true,1,22891
4793000637029,false,אבקת מורינגה אורגנית,נטורפוד,LK,אבקת מורינגה אורגנית 70 גר,Unknown,0.00,Unknown,false,10,14.90,0.0000,true,1,26852
4793000637036,false,מורינגה אורגנית 25 ג,נטורפוד,LK,מורינגה אורגנית 25 גר,Unknown,0.00,Unknown,false,10,14.90,0.0000,true,1,26853
4796011492250,false,חומץ קוקוס אורגני 25,,,חומץ קוקוס אורגני 250מל אמזוניקו,מיליליטרים,250.00,"100 מ""ל",false,1,18.90,7.5600,true,1,43258
4796011492274,false,סירופ קוקוס אורגני 2,,,סירופ קוקוס אורגני 250מל אמזוניקו,מיליליטרים,250.00,"100 מ""ל",false,1,20.90,8.3600,true,1,43259
4796011492298,false,אמינו קוקוס אורגני 2,,,אמינו קוקוס אורגני 250מל אמזוניקו,מיליליטרים,250.00,"100 מ""ל",false,1,18.90,7.5600,true,1,43257
4796019790013,false,שמן קוקוס אורגני גרי,גרין קוקו,,שמן קוקוס אורגני גרין קוקו 300 מל,מיליליטרים,300.00,"100 מ""ל",false,1,19.90,6.6333,true,1,13161
4796019790020,false,שמן קוקוס אורגני גרי,גרין קוקו,,שמן קוקוס אורגני גרין קוקו 500 מל,מיליליטרים,500.00,"100 מ""ל",false,1,28.90,5.7800,true,1,13162
4796019790037,false,שמן קוקוס אורגני גרי,גרין קוקו,,שמן קוקוס אורגני גרין קוקו 1 ל,ליטרים,1.00,ליטר,false,1,43.90,43.9000,true,1,13163
4800888150080,false,דאב דאו.רולאון מלפפו,יוניליוור,,דאב דאו.רולאון מלפפונים 50 מל,Unknown,0.00,Unknown,false,1,16.90,0.0000,true,1,8780
4800888190529,false,דאו.דאב סטיק טלק סופ,יוניליוור,,דאו.דאב סטיק טלק סופט 50 גרם,Unknown,0.00,Unknown,false,1,16.90,0.0000,true,1,13130
4800888209368,false,דאו.סטיק רקסונה אקסט,יוניליוור,,דאו.סטיק רקסונה אקסטרא קול 50 גר,Unknown,0.00,Unknown,false,1,15.90,0.0000,true,1,25176
4800888209429,false,דאודורנט רקסונה סטיק,יוניליוור,,דאודורנט רקסונה סטיק כותנה 50מל,Unknown,0.00,Unknown,false,1,15.90,0.0000,true,1,25188
4800888209436,false,דאו.סטיק רקסונה פאור,יוניליוור,,דאו.סטיק רקסונה פאור דרי 50 גר,Unknown,0.00,Unknown,false,1,15.90,0.0000,true,1,25178
4800888214904,false,דאודורנט דאב סטיק קק,יוניליוור,,דאודורנט דאב סטיק קקאו והיביסקוס 50גר,Unknown,0.00,Unknown,false,1,16.90,0.0000,true,1,27522
4800888219510,false,דאודורנט דאב סטיק מל,יוניליוור,,דאודורנט דאב סטיק מלפפונים 50גר,Unknown,0.00,Unknown,false,1,16.90,0.0000,true,1,32331
4800888219527,false,דאודורנט דאב סטיק אי,יוניליוור,,דאודורנט דאב סטיק אינביזיבל 50גר,Unknown,0.00,Unknown,false,1,16.90,0.0000,true,1,32330
4800888219534,false,דאודורנט דאב סטיק או,יוניליוור,,דאודורנט דאב סטיק אורגינל 50גר,Unknown,0.00,Unknown,false,1,16.90,0.0000,true,1,32329
4801234159856,false,מ.אוויר גלייד מיני ג,SC Jonson,,מ.אוויר גלייד מיני גל בניחוח מרכך 70 גר,Unknown,0.00,Unknown,false,1,6.90,0.0000,true,1,9037
4801234159863,false,מ.אוויר גלייד מיני ג,SC Jonson,,מ.אוויר גלייד מיני גל בניחוח חבצלות 70 ג,Unknown,0.00,Unknown,false,1,6.90,0.0000,true,1,9038
4809013009019,false,איטריות להקפצה מנילה,קיו פול,,איטריות להקפצה מנילה 227 גר,גרמים,227.00,100 גרם,false,1,10.90,4.8018,true,1,10094
4810285006743,false,משקה מאלט קווס לידסק,,RU,משקה מאלט קווס לידסקי כהה 1.5ליטר,ליטרים,1.50,ליטר,false,6,13.90,9.2667,true,1,29429
4820000944625,false,יין מבעבע לבן ברוט א,גלובל ספיריטס,UA,יין מבעבע לבן ברוט אורינדה 700 מל,מיליליטרים,700.00,"100 מ""ל",false,12,25.00,3.5714,true,1,20155
4820097894025,false,סיידר שיכר תפוחים תו,,IL,סיידר שיכר תפוחים תוסס טבעי 330מל הפס,מיליליטרים,330.00,"100 מ""ל",false,12,8.20,2.4848,true,1,19496
4820097895190,false,סיידר שיכר תפוחים תו,,IL,סיידר שיכר תפוחים תוסס בטעם דובדבן 330מל,מיליליטרים,330.00,"100 מ""ל",false,12,8.20,2.4848,true,1,19495
4820097896166,false,סיידר תפוחים חצי מתו,,IL,סיידר תפוחים חצי מתוק 330מל הפס,מיליליטרים,330.00,"100 מ""ל",false,12,8.20,2.4848,true,1,20657
4820097896265,false,סיידר שיכר תפוחים תו,,IL,סיידר שיכר תפוחים תוסס בטעם אגס330מל הפס,מיליליטרים,330.00,"100 מ""ל",false,12,8.20,2.4848,true,1,19497
4820097898221,false,שייק קוקטייל גין בור,,UA,שייק קוקטייל גין בורה בורה330מל בק.פקדון,מיליליטרים,330.00,"100 מ""ל",false,24,6.90,2.0909,true,1,27812
4820097898238,false,שייק קוקטייל סקס און,,UA,שייק קוקטייל סקס און דה ביץ 330מל בק.פקד,מיליליטרים,330.00,"100 מ""ל",false,24,6.90,2.0909,true,1,27813
4820097899150,false,שייק קוקטייל גין אשכ,,UA,שייק קוקטייל גין אשכוליות 330מל בק.פקדון,מיליליטרים,330.00,"100 מ""ל",false,24,6.90,2.0909,true,1,27811
4820097899433,false,שייק קוקטייל אבטיח 3,,UA,שייק קוקטייל אבטיח 330מל בק.פקדון,מיליליטרים,330.00,"100 מ""ל",false,24,6.90,2.0909,true,1,29489
4820103341574,false,חלב מרוכז 370 גרם או,איצוניאנסקי,,חלב מרוכז 370 גרם אוקראינה,גרמים,370.00,100 גרם,false,1,10.90,2.9459,true,1,13570
4823092700964,false,חלבה חמניות עם בוטני,או.או.או. דרוזקבסקיי,,חלבה חמניות עם בוטנים 200 גר,גרמים,200.00,100 גרם,false,1,4.90,2.4500,true,1,13425
4840008000499,false,כעכים צלנווצקו פרנזל,FRANZELUTA,,כעכים צלנווצקו פרנזלוטה 500 גר,גרמים,500.00,100 גרם,false,1,10.00,2.0000,true,1,10563
4840008000987,false,כעכים וניל פרנזלוטה,FRANZELUTA,,כעכים וניל פרנזלוטה 500 גר,גרמים,500.00,100 גרם,false,1,10.00,2.0000,true,1,10562
4840008001199,false,מיני כעכים וניל פרנז,FRANZELUTA,,מיני כעכים וניל פרנזלוטה 500 גר,גרמים,500.00,100 גרם,false,1,10.00,2.0000,true,1,10559
4840008001205,false,מיני כעכים פרג פרנזל,FRANZELUTA,,מיני כעכים פרג פרנזלוטה 500 גר,גרמים,500.00,100 גרם,false,1,10.00,2.0000,true,1,10560
4840008002431,false,דפי ופל מלבן 350 גר,FRANZELUTA,,דפי ופל מלבן 350 גר פרזלוטה,גרמים,350.00,100 גרם,false,1,14.50,4.1429,true,1,11362
4840008008624,false,מיני כעכים לוביטלסקי,FRANZELUTA,,מיני כעכים לוביטלסקיה פרנזלוטה 500 גר,גרמים,500.00,100 גרם,false,1,10.00,2.0000,true,1,10561
4840008017749,true,מיני צנימים טעם וניל,,,מיני צנימים טעם וניל פרזלוטה 200 גרם,גרמים,200.00,100 גרם,false,1,7.90,3.9500,true,1,14340
4840008017763,true,מיני צנימים עם צימוק,,,מיני צנימים עם צימוקים פרזלוטה 200 גרם,גרמים,200.00,100 גרם,false,1,7.90,3.9500,true,1,14339
4840008018333,false,דובשניות טעם דבש פרנ,FRANZELUTA,,דובשניות טעם דבש פרנזלוטה 400 גר,גרמים,400.00,100 גרם,false,1,7.90,1.9750,true,1,11823
4840008018371,false,דובשניות צפוניות פרנ,FRANZELUTA,,דובשניות צפוניות פרנזלוטה 400 גר,גרמים,400.00,100 גרם,false,1,7.90,1.9750,true,1,13805
4840008019521,false,עוגיות אוזניים מבצק,,,עוגיות בצק עלים לבבות דקל 350 גרם,גרמים,350.00,100 גרם,false,1,10.90,3.1143,true,1,21282
4840008028028,true,צנימים עם צימוקים פר,,,צנימים עם צימוקים פרזלוטה 200 גרם,גרמים,200.00,100 גרם,false,1,7.90,3.9500,true,1,14338
4840008040075,false,עוגיות אוזניים מבצק,,MD,עוגיות אוזניים מבצק עלים 350גר,גרמים,350.00,100 גרם,false,1,10.90,3.1143,true,1,33196
4860009000014,false,מיץ רימונים 100% טבע,,,מיץ רימונים 100% טבעי גרוזיני 1 ל פיקדון,ליטרים,1.00,ליטר,false,1,16.90,16.9000,true,1,2667
4860019001346,false,מים מינרליים בורגומי,,,מים מינרליים בורגומי 500 מל פקדון,מיליליטרים,500.00,"100 מ""ל",false,1,7.90,1.5800,true,1,17267
4860019001414,false,מים מינרליים בורזומי,בורג'ומי,,מים מינרליים בורזומי 750 מל,מיליליטרים,750.00,"100 מ""ל",false,1,8.90,1.1867,true,1,10109
4865602000010,false,מים מינרליים נבגלבי,stumbras,,מים מינרליים נבגלבי 500מל זכוכית,מיליליטרים,500.00,"100 מ""ל",false,1,8.90,1.7800,true,1,14222
4865602000027,false,מים מינרליים נבגלבי,stumbras,,מים מינרליים נבגלבי מוגז 1 ליטר,ליטרים,1.00,ליטר,false,1,8.90,8.9000,true,1,14221
4891130001199,false,רוטב בטעם צדפות 450,Pun chun sauce & pre,,רוטב בטעם צדפות 450 מל,מיליליטרים,450.00,"100 מ""ל",false,1,24.90,5.5333,true,1,3681
4891130005111,false,רוטב הוויסן 360 מל פ,Pun chun sauce & pre,,רוטב הוויסן 360 מל פון צון,גרמים,360.00,100 גרם,false,1,19.90,5.5278,true,1,28369
4891228302023,false,ס.גילוח שיק אקסטרים,אדגוול,,ס.גילוח שיק אקסטרים 3 אולטימייט לגבר 4יח,יחידה,4.00,יחידה,false,1,23.00,5.7500,true,1,12950
4891228304454,false,מכשיר+ס.גילוח שיק הי,אדגוול,CN,מכשיר+ס.גילוח שיק היידרו 5 סנס,Unknown,0.00,Unknown,false,6,29.90,0.0000,true,1,20051
4891228304478,false,ס.גילוח שיק היידרו 5,אדגוול,CN,ס.גילוח שיק היידרו 5 סנס 4 יחידות,יחידה,4.00,יחידה,false,10,54.90,13.7250,true,1,20049
4891228308032,false,סכיני גילוח+מכשיר שי,Schick,,סכיני גילוח+מכשיר שיק אינטואישן אישה,Unknown,0.00,Unknown,false,8,69.90,0.0000,true,1,24790
4891228308049,false,מארז סכיני גילוח+מכש,Schick,,מארז סכיני גילוח+מכשיר שיק היידרו גבר,Unknown,0.00,Unknown,false,8,69.90,0.0000,true,1,24789
4891228309268,false,סכיני גילוח שיק טאצ,אדגוול,CN,סכיני גילוח שיק טאצ אפ חד עמי,יחידה,3.00,יחידה,false,12,19.90,6.6333,true,1,39737
4891228430030,false,ס.גילוח שיק 2 אקסטרא,,,ס.גילוח שיק 2 אקסטרא רגיש 5יח,Unknown,0.00,Unknown,false,1,10.90,0.0000,true,1,3931
4891228430047,false,ס.גילוח שיק אקסטרא 2,Schick,,ס.גילוח שיק אקסטרא 2 לגבר רגיש 10 יח,Unknown,0.00,Unknown,false,1,24.90,0.0000,true,1,4811
4891228430054,false,ס.גילוח שיק 2 אקסטרא,,,ס.גילוח שיק 2 אקסטרא לנשים 5 יח,Unknown,0.00,Unknown,false,1,10.90,0.0000,true,1,3932
4891228430061,false,ס.גילוח שיק אקסטרא 2,Schick,,ס.גילוח שיק אקסטרא 2 לאישה רגיש 10 יח,Unknown,0.00,Unknown,false,1,24.90,0.0000,true,1,4812
4891228430085,false,ס.גילוח שיק אקסטרא 3,Schick,,ס.גילוח שיק אקסטרא 3 כחול 4 יח,Unknown,0.00,Unknown,false,1,17.90,0.0000,true,1,4009
4891228430092,false,ס.גילוח שיק אקסטרים,Schick,,ס.גילוח שיק אקסטרים 3 יח לאשה,Unknown,0.00,Unknown,false,1,17.90,0.0000,true,1,4810
4891228460242,false,ס.גילוח שיק קוואטרו,Schick,,ס.גילוח שיק קוואטרו חד פעמי נשים 3 יח,יחידה,3.00,יחידה,false,1,24.90,8.3000,true,1,5310
4891228480110,false,מכשיר גילוח שיק קווא,Schick,,מכשיר גילוח שיק קוואטרו רב פעמי נשים,יחידה,1.00,יחידה,false,1,29.90,29.9000,true,1,16011
4895060582292,false,סוכריות גלי פלורידה,קנדי נובלטי,,סוכריות גלי פלורידה פירות 136גר,גרמים,136.00,100 גרם,false,1,16.50,12.1324,true,1,8318
4901524021716,false,משקה סאקה קוניש 720,קונישי ברוינג קומפני,,משקה סאקה קוניש 720 מל,מיליליטרים,720.00,"100 מ""ל",false,1,65.00,9.0278,true,1,14877
4901524021723,false,משקה סאקה קוניש 300,קונישי ברוינג קומפני,,משקה סאקה קוניש 300 מל,מיליליטרים,300.00,"100 מ""ל",false,1,39.90,13.3000,true,1,14878
4901777020320,false,ליקר מידורי 700 מל,אדרינגטון פיקס,,ליקר מידורי 700 מל פקדון,מיליליטרים,700.00,"100 מ""ל",false,1,105.00,15.0000,true,1,7449
4902765102233,false,תערובת תיבול פוריקקה,,JP,תערובת תיבול פוריקקה גומה נורי 40 גרם,Unknown,0.00,Unknown,false,1,21.90,0.0000,true,1,40308
4903001904192,false,רוטב סויה יאמסה 500,,,רוטב סויה יאמסה 500 מל פרימיום,מיליליטרים,500.00,"100 מ""ל",false,1,17.90,3.5800,true,1,6917
4903001904208,false,רוטב סויה יאמסה 1 ל,,,רוטב סויה יאמסה 1 ל סופר פרימיום,ליטרים,1.00,ליטר,false,1,32.90,32.9000,true,1,6916
4903001925784,false,רוטב סויה יאמסה דל מ,,,רוטב סויה יאמסה דל מלח 500 מל,מיליליטרים,500.00,"100 מ""ל",false,1,17.90,3.5800,true,1,10356
4903001930993,false,רוטב טריאקי יאמסה500,,,רוטב טריאקי יאמסה500 מל פרימיום,מיליליטרים,500.00,"100 מ""ל",false,1,17.90,3.5800,true,1,12793
4903001945706,false,רוטב פונזו יאמאסה500,,,רוטב פונזו יאמאסה500 מל,מיליליטרים,500.00,"100 מ""ל",false,1,19.90,3.9800,true,1,42025
4905846117706,false,ליקר צויה אומה אורגנ,צויה,JP,ליקר צויה אומה אורגני 750 מל,מיליליטרים,750.00,"100 מ""ל",false,12,99.90,13.3200,true,1,19966
4934418000818,false,בירה היטאצינו יפני ק,מבשלת קיוצי,,בירה היטאצינו יפני קלאסי 330מל פקדון,מיליליטרים,330.00,"100 מ""ל",false,1,16.90,5.1212,true,1,12862
4934418001310,false,בירה היטאצינו אורז א,מבשלת קיוצי,,בירה היטאצינו אורז אדום 330מל פקדון,מיליליטרים,330.00,"100 מ""ל",false,1,16.90,5.1212,true,1,12863
4934418001624,false,בירה היטאצינו ואייט,מבשלת קיוצי,,בירה היטאצינו ואייט אייל חיטה בלגית 330מ,מיליליטרים,330.00,"100 מ""ל",false,1,16.90,5.1212,true,1,12861
4934418001914,false,בירה היטאצינו גינגר,מבשלת קיוצי,,בירה היטאצינו גינגר 330מל פקדון,מיליליטרים,330.00,"100 מ""ל",false,1,16.90,5.1212,true,1,12864
4934418803099,false,משקה כוהלי קיוצי אומ,קיוצי,,משקה כוהלי קיוצי אומשו 500 מל,מיליליטרים,500.00,"100 מ""ל",false,1,79.90,15.9800,true,1,13792
4934418891799,false,בירה היטאצינו דאידאי,מבשלת קיוצי,,בירה היטאצינו דאידאי אייל 330מל פקדון,מיליליטרים,330.00,"100 מ""ל",false,1,16.90,5.1212,true,1,13795
4952078003000,false,מיץ יוזו 300 מל,Chanh Khang Company,,מיץ יוזו 300 מל,מיליליטרים,300.00,"100 מ""ל",false,1,100.00,33.3333,true,1,20350
4970860800002,false,וויסקי יפני בלנדד הא,,,וויסקי יפני בלנדד 700 מל,מיליליטרים,700.00,"100 מ""ל",false,6,149.00,21.2857,true,1,39720
4970860880080,false,וויסקי יפני פיור מאל,,,ויסקי יפני פיור צמאלט 700 מל,מיליליטרים,700.00,"100 מ""ל",false,6,220.00,31.4286,true,1,39719
4970916160708,false,משקה סאקה צוינאמה 30,,,משקה סאקה צוינאמה 300 מל,מיליליטרים,300.00,"100 מ""ל",false,20,25.90,8.6333,true,1,43852
4970916260118,false,משקה ניגורי איש השלג,,,משקה ניגורי איש השלג 180 מל,מיליליטרים,180.00,"100 מ""ל",false,20,31.90,17.7222,true,1,43853
4976879106470,false,משקה סאקה הוקאן סן 7,JFC JAPAN INC.,,משקה סאקה הוקאן סן 720 מל,מיליליטרים,720.00,"100 מ""ל",false,1,50.00,6.9444,true,1,13645
4978094999219,false,מחית סויה  לבנה שירו,Qingdao Sun-growing,,מחית סויה  לבנה שירו מיסו 500 גר,גרמים,500.00,100 גרם,false,1,18.90,3.7800,true,1,8591
4996445000117,false,אטריות סובה 300 גר,Qingdao Sun-growing,,אטריות סובה 300 גר,גרמים,300.00,100 גרם,false,1,12.00,4.0000,true,1,7936
5000111001007,false,רוטב לסטייק ה.פ  255,היינץ,GB,רוטב לסטייק ה.פ  255 מל,גרמים,255.00,100 גרם,false,12,20.00,7.8431,true,1,6463
5000146048671,false,סילבו לניקוי והברקה,RB פורטוגל,,סילבו לניקוי והברקה 75גר,Unknown,0.00,Unknown,false,1,15.90,0.0000,true,1,8617
5000146048688,false,בראסו לניקוי והברקה,RB פורטוגל,,בראסו לניקוי והברקה 75 גר,יחידה,1.00,יחידה,false,1,15.90,15.9000,true,1,3185
5000146057710,false,נוזל לניקוי חלונות ו,RB פולין,,נוזל לניקוי חלונות ווינדולין 750 מל,ליטרים,1.50,ליטר,false,1,8.90,5.9333,true,1,1463
5000146401568,false,ווליט דפים למכונת כב,Montrasio,,ווליט דפים למכונת כביסה,Unknown,0.00,Unknown,false,1,14.90,0.0000,true,1,1464
5000146980322,false,ויט קרם הסרת שיער פר,רקיט בנקיזר צרפת,,ויט קרם הסרת שיער פרחים,Unknown,0.00,Unknown,false,1,19.90,0.0000,true,1,6934
5000147026593,false,קולמנס אבקת רוטב ציל,,GB,קולמנס אבקת רוטב צילי קון קרנה,Unknown,0.00,Unknown,false,12,10.90,0.0000,true,1,31732
5000147026685,false,קולמנס אבקת רוטב ביף,,GB,קולמנס אבקת רוטב ביף בורגניון,Unknown,0.00,Unknown,false,12,10.90,0.0000,true,1,31730
5000157026071,false,שעועית היינץ ברוטב ע,היינץ,GB,שעועית היינץ ברוטב עגבניות 415גרם,גרמים,415.00,100 גרם,false,12,7.90,1.9036,true,1,32676
5000157072900,false,שעועית היינץ ברוטב צ,היינץ,GB,שעועית היינץ ברוטב צילי חריף 390 גרם,גרמים,390.00,100 גרם,false,12,10.90,2.7949,true,1,30789
5000157073020,false,רוטב היינץ ווסטרשייר,היינץ,NL,רוטב היינץ ווסטרשייר לדגים 150  מל,מיליליטרים,150.00,"100 מ""ל",false,12,10.00,6.6667,true,1,43725
5000157074218,false,רוטב היינץ טרטר 230,היינץ פודס,GB,רוטב היינץ טרטר 230 גרם,גרמים,230.00,100 גרם,false,12,17.90,7.7826,true,1,31743
5000157078803,false,שעועית היינץ ללא סוכ,היינץ,GB,שעועית היינץ ללא סוכר 415גרם,גרמים,415.00,100 גרם,false,12,10.90,2.6265,true,1,31682
5000157143365,false,היינץ מתבל בטעם מיוק,היינץ,PL,היינץ מתבל בטעם מיושאפ 425 מל,מיליליטרים,425.00,"100 מ""ל",false,10,14.90,3.5059,true,1,23973
5000157144270,false,היינץ ספריי פטל לסלט,היינץ,GB,היינץ ספריי פטל לסלט 200 מל,מיליליטרים,200.00,"100 מ""ל",false,12,25.90,12.9500,true,1,32544
5000157144324,false,מיונז היינץ עם כמהין,יוניליוור,GB,מיונז היינץ עם כמהין 220 גרם,מיליליטרים,220.00,"100 מ""ל",false,12,25.90,11.7727,true,1,40453
5000157144539,false,מיונז היינץ עם בצל מ,יוניליוור,GB,מיונז היינץ עם בצל מקורמל 220 גרם,מיליליטרים,220.00,"100 מ""ל",false,12,25.90,11.7727,true,1,40452
5000157145246,false,מיונז צילי טבעוני 22,,,מיונז צילי 220 מל היינץ,מיליליטרים,220.00,"100 מ""ל",false,1,19.90,9.0455,true,1,39032
5000157145260,false,מיונז איולי לחיץ טבע,,,מיונז איולי לחיץ טבעוני 220 מל היינץ,מיליליטרים,220.00,"100 מ""ל",false,1,19.90,9.0455,true,1,39033
5000157146359,false,רוטב היינץ עגבניות פ,היינץ פודס,GB,רוטב היינץ עגבניות פפריקה מעושנת 250 מל,מיליליטרים,250.00,"100 מ""ל",false,6,14.90,5.9600,true,1,44346
5000157146366,false,רוטב היינץ צילי ומיס,היינץ פודס,GB,רוטב היינץ צילי ומיסו 250 מל,מיליליטרים,250.00,"100 מ""ל",false,6,14.90,5.9600,true,1,44345
5000157146373,false,רוטב היינץ לימון וגז,היינץ פודס,GB,רוטב היינץ לימון וגזר 250 מל,מיליליטרים,250.00,"100 מ""ל",false,6,14.90,5.9600,true,1,44344
5000157146380,false,רוטב היינץ עגבניות ק,היינץ פודס,GB,רוטב היינץ עגבניות קוקוס וצילי 250 מל,מיליליטרים,250.00,"100 מ""ל",false,6,14.90,5.9600,true,1,44347
5000157146397,false,רוטב היינץ בלסמי ורו,היינץ פודס,GB,רוטב היינץ בלסמי ורוזמרין 250 מל,מיליליטרים,250.00,"100 מ""ל",false,6,14.90,5.9600,true,1,44343
5000159020312,false,חטיף מלטיזרס 37 גרם,מרס,,חטיף מלטיזרס 37 גרם,Unknown,0.00,Unknown,false,1,5.00,0.0000,true,1,1634
5000159376792,false,סוכריות סקיטלס פירות,,,סוכריות סקיטלס פירות חמוצים 38 גר,Unknown,0.00,Unknown,false,1,3.00,0.0000,true,1,25426
5000159397292,false,מאגדת גלידה מארס 6יח,,,מאגדת גלידה מארס 6יח,יחידה,6.00,יחידה,false,12,32.90,5.4833,true,1,6752
5000159407236,false,חטיף מרס שוקולד 51 ג,מרס,,חטיף מרס שוקולד 51 גרם,Unknown,0.00,Unknown,false,1,3.90,0.0000,true,1,5583
5000159409179,false,חטיפי מיני סניקרס403,מרס,,חטיפי מיני סניקרס 408 ג בשקית,גרמים,403.00,100 גרם,false,1,19.90,4.9380,true,1,9948
5000159414197,false,סוכריות מאלטיזרס 135,,,סוכריות מאלטיזרס 135 גרם,גרמים,135.00,100 גרם,false,,11.90,8.8148,true,1,41596
5000159422345,false,מאגדת שלגוני סניקרס,,,מאגדת שלגוני סניקרס 18יח,יחידה,18.00,יחידה,false,1,59.90,3.3278,true,1,42103
5000159441155,false,חטיף מארס שמינייה 28,מרס,,חטיף מארס שמינייה 280 גרם,גרמים,280.00,100 גרם,false,18,12.90,4.6071,true,1,29208
5000159442572,false,חטיפי מיני טויקס 403,מרס,,חטיפי מיני טויקס 408 ג בשקית,גרמים,403.00,100 גרם,false,1,19.90,4.9380,true,1,9949
5000159452540,false,מארז 5 יח חטיף סניקר,מארס,NL,מארז 5 יח חטיף סניקרס 50 גרם,גרמים,250.00,100 גרם,false,17,10.90,4.3600,true,1,31698
5000159452663,false,מארז 5 יח חטיף מרס 4,מארס,NL,מארז 5 יח חטיף מרס 45 גגם,גרמים,225.00,100 גרם,false,17,10.90,4.8444,true,1,31701
5000159452977,false,חטיפי מיני מיקס 400,מרס,,חטיפי מיני מיקס 408 ג בשקית,גרמים,400.00,100 גרם,false,1,19.90,4.9750,true,1,9950
5000159459228,false,חטיף טוויקס 50 ג,מרס,,חטיף טוויקס 50 ג,Unknown,0.00,Unknown,false,1,3.90,0.0000,true,1,9030
5000159461122,false,חטיף סניקרס 50 ג,מרס,,חטיף סניקרס 50 ג,Unknown,0.00,Unknown,false,1,3.90,0.0000,true,1,9029
5000159483063,false,מאגדת שלגון באונטי 6,,,מאגדת שלגון באונטי 6יח,יחידה,6.00,יחידה,false,12,32.90,5.4833,true,1,19560
5000159484695,false,מאגדת שלגון טוויקס 6,,,מאגדת שלגון טוויקס 6יח,יחידה,6.00,יחידה,false,12,32.90,5.4833,true,1,19561
5000159485920,false,שוקולד מלטיזרס 100 ג,מרס,GB,שוקולד מלטיזרס 100 גרם,גרמים,100.00,100 גרם,false,23,10.90,10.9000,true,1,43384
5000159505826,false,סוכריות אם אנד אמס א,מרס,,סוכריות אם אנד אמס אגוז 255 גרם,גרמים,255.00,100 גרם,false,1,0.00,0.0000,true,1,45176
5000159515443,false,מאגדת שלגון סניקרס 4,,FR,מאגדת שלגון סניקרס 4יח,יחידה,4.00,יחידה,false,8,41.90,10.4750,true,1,43493
5000159516235,false,שוקולד אם אנד אמס בו,מרס,IE,שוקולד אם אנד אמס בוטנים 165 גרם,גרמים,165.00,100 גרם,false,16,18.90,11.4545,true,1,23371
5000159516259,false,שוקולד אם אנד אמס 16,מרס,IE,שוקולד אם אנד אמס 165 גרם,גרמים,165.00,100 גרם,false,16,18.90,11.4545,true,1,23372
5000159516273,false,שוקולד אם אנד אמס קר,מרס,IE,שוקולד אם אנד אמס קריספי 165 גרם,גרמים,150.00,100 גרם,false,16,18.90,12.6000,true,1,23373
5000159516297,false,שוקולד אם אנד אמס אג,מרס,IE,שוקולד אם אנד אמס אגוז 165 גרם,גרמים,165.00,100 גרם,false,16,18.90,11.4545,true,1,23374
5000159516563,false,פנס אם אנד אמס,,,פנס אם אנד אמס,Unknown,0.00,Unknown,false,1,10.00,0.0000,true,1,29544
5000159528931,false,חטיף טוויקס קרמל מלו,מרס,,חטיף טוויקס קרמל מלוח,Unknown,0.00,Unknown,false,1,3.90,0.0000,true,1,25926
5000159530613,false,מאגדת שלגוני מארס 18,,,מאגדת שלגוני מארס 18יח,יחידה,18.00,יחידה,false,1,59.90,3.3278,true,1,42102
5000159537537,false,שוקולד אם אנד אמס קו,מרס,IE,שוקולד אם אנד אמס קוקיז 165 גרם,גרמים,165.00,100 גרם,false,16,18.90,11.4545,true,1,32699
5000159538626,false,מארז 5 יח חטיף טוויק,מארס,NL,מארז 5 יח חטיף טוויקס 50 גרם,גרמים,250.00,100 גרם,false,17,10.90,4.3600,true,1,31699
5000159538640,false,מארז 5 יח חטיף באונט,מארס,NL,מארז 5 יח חטיף באונטי 57 גרם,גרמים,285.00,100 גרם,false,17,10.90,3.8246,true,1,31700
5000159541152,false,חטיף טוויקס לבן 46 ג,מרס,,חטיף טוויקס לבן 46 גרם,Unknown,0.00,Unknown,false,1,3.90,0.0000,true,1,40949
5000168199245,false,שוקולד גודאיבה פיור,,,שוקולד גודאיבה פיור חלב קרמל מלוח 90גר,Unknown,0.00,Unknown,false,18,14.90,0.0000,true,1,30848
5000175411118,false,קוביות אוקסו עוף 6 י,,GB,קוביות אוקסו עוף 6 יח 71 גר,Unknown,0.00,Unknown,false,24,25.00,0.0000,true,1,8792
5000175411170,false,אוקסו כבש 6 יח 71 גר,,GB,אוקסו כבש 6 יח 71 גרם,Unknown,0.00,Unknown,false,24,19.90,0.0000,true,1,31691
5000175411187,false,קוביות אוקסו בשר 6 י,,GB,קוביות אוקסו בשר 6 יח 71 גרם,Unknown,0.00,Unknown,false,24,19.90,0.0000,true,1,30753
5000175411217,false,קוביות אוקסו ירקות 6,,GB,קוביות אוקסו ירקות 6 יח 71 גר,Unknown,0.00,Unknown,false,24,25.00,0.0000,true,1,5088
5000184221241,false,תערובת קנור ארומט 90,,,תערובת קנור ארומט 90 גר,Unknown,0.00,Unknown,false,1,16.90,0.0000,true,1,9347
5000204048711,false,קיווי להגנת נעלי ספו,SC Jonson,,קיווי להגנת נעלי ספורט 200מל,מיליליטרים,200.00,"100 מ""ל",false,6,16.90,8.4500,true,1,38578
5000204048742,false,קיווי לבישום נעלי ספ,SC Jonson,,קיווי לבישום נעלי ספורט 100מל,מיליליטרים,100.00,"100 מ""ל",false,6,16.90,16.9000,true,1,38577
5000204048803,false,קיווי לניקוי נעלי ספ,SC Jonson,PL,קיווי לניקוי נעלי ספורט 75מל,מיליליטרים,100.00,"100 מ""ל",false,6,16.90,16.9000,true,1,38579
5000204114867,false,מ.אוויר גלייד ספריי,coster aerosol vail,,מ.אוויר גלייד ספריי 300מל בניחוח וניל,מיליליטרים,300.00,"100 מ""ל",false,1,8.90,2.9667,true,1,22694
5000204114898,false,מ.אוויר גלייד ספריי,coster aerosol vail,,מ.אוויר גלייד ספריי 300מל בניחוח מרכך,מיליליטרים,300.00,"100 מ""ל",false,1,8.90,2.9667,true,1,22696
5000204114928,false,מ.אוויר גלייד ספריי,coster aerosol vail,,מ.אוויר גלייד ספריי 300מל בניחוח דובדבן,מיליליטרים,300.00,"100 מ""ל",false,1,8.90,2.9667,true,1,22693
5000204114959,false,מ.אוויר גלייד ספריי,coster aerosol vail,,מ.אוויר גלייד ספריי 300מל בניחוח פריחה,מיליליטרים,300.00,"100 מ""ל",false,1,8.90,2.9667,true,1,22698
5000204115048,false,מ.אוויר גלייד ספריי,coster aerosol vail,,מ.אוויר גלייד ספריי 300מל בניחוח לבנדר,מיליליטרים,300.00,"100 מ""ל",false,1,8.90,2.9667,true,1,22695
5000204120776,false,מ. אוויר גלייד מוצק,,,מ. אוויר גלייד מוצק בניחוח מרכך 150 גר,גרמים,150.00,100 גרם,false,1,8.90,5.9333,true,1,22686
5000204133509,false,שקיות איחסון זיפלוק,,US,שקיות איחסון זיפלוק גדולות 19יח,יחידה,19.00,יחידה,false,12,12.90,0.6789,true,1,28547
5000204138122,false,מ.אוויר גלייד ספריי,coster aerosol vail,,מ.אוויר גלייד ספריי 300מל בניחוח ספא,מיליליטרים,300.00,"100 מ""ל",false,1,8.90,2.9667,true,1,22697
5000204151022,false,ספריי לניקוי רהיטים,SC Jonson,,ספריי לניקוי רהיטים פלדג לבנדר 250 מל,מיליליטרים,250.00,"100 מ""ל",false,1,14.90,5.9600,true,1,24941
5000204151084,false,ספריי פלדג לניקוי כל,SC Jonson,,ספריי פלדג לניקוי כללי לימון 250מל,מיליליטרים,250.00,"100 מ""ל",false,1,14.90,5.9600,true,1,24943
5000204151381,false,ספריי פלדג לניקוי כל,SC Jonson,,ספריי פלדג לניקוי כללי אמבר וארגן 250מל,מיליליטרים,250.00,"100 מ""ל",false,1,14.90,5.9600,true,1,24942
5000204153729,false,מילוי מ. אויר גלייד,coster aerosol vail,,מילוי מ. אויר גלייד אוטומטי לבנדר וניל,מיליליטרים,269.00,"100 מ""ל",false,1,15.90,5.9108,true,1,26419
5000204153842,false,מילוי מ. אויר גלייד,coster aerosol vail,,מילוי מ. אויר גלייד אוטומטי וניל 269 מל,מיליליטרים,269.00,"100 מ""ל",false,1,15.90,5.9108,true,1,26421
5000204153903,false,מילוי מ. אויר גלייד,coster aerosol vail,,מילוי מ. אויר גלייד אוטומטי מרכך כביסה,מיליליטרים,269.00,"100 מ""ל",false,1,15.90,5.9108,true,1,26420
5000204155723,false,מ.אויר גלייד אוטומטי,,,מ.אויר גלייד אוטומטי מילוי ריח מרכך כביס,גרמים,400.00,100 גרם,false,1,39.90,9.9750,true,1,26417
5000204155815,false,מ.אויר גלייד אוטומטי,,,מ.אויר גלייד אוטומטי מילוי ריח וניל,גרמים,400.00,100 גרם,false,1,39.90,9.9750,true,1,26418
5000204156218,false,מ.אויר גלייד אוטומטי,,,מ.אויר גלייד אוטומטי ומילוי לבנדר וניל,גרמים,400.00,100 גרם,false,1,39.90,9.9750,true,1,26416
5000204167610,false,מ.אוויר גלייד ספריי,coster aerosol vail,,מ.אוויר גלייד ספריי 300מל בניחוח קינמון,מיליליטרים,300.00,"100 מ""ל",false,1,8.90,2.9667,true,1,38580
5000204167856,false,מילוי מ. אויר גלייד,coster aerosol vail,,מילוי מ. אויר גלייד אוטומטי 269מל קינמון,מיליליטרים,269.00,"100 מ""ל",false,1,15.90,5.9108,true,1,38584
5000204171587,false,סבון אסלה דאק דיסק ג,,PL,סבון אסלה דאק דיסק גל חגיגת פטל36מל,Unknown,0.00,Unknown,false,5,13.90,0.0000,true,1,29174
5000204171822,false,מילוי סבון אסלה דאק,,NL,מילוי סבון אסלה דאק דיסק גל יסמין 36מל,Unknown,0.00,Unknown,false,10,13.90,0.0000,true,1,29177
5000204171884,false,מילוי סבון אסלה דאק,,NL,מילוי סבון אסלה דאק דיסק גל ח.פטל 36מל,Unknown,0.00,Unknown,false,10,13.90,0.0000,true,1,29176
5000204182057,false,מטהר אויר גלייד גל 1,,PL,מטהר אויר גלייד גל 180גר בניחוח לבנדר,גרמים,180.00,100 גרם,false,8,10.90,6.0556,true,1,31752
5000204196658,false,מילוי רייד נוזלי לית,,,מילוי רייד נוזלי ליתושים 45 יום,Unknown,0.00,Unknown,false,1,19.90,0.0000,true,1,31758
5000204196689,false,רייד מכשיר חשמלי 90,SC Jonson,,רייד מכשיר חשמלי 90 לילות +זוג נוזל,יחידה,1.00,יחידה,false,1,42.90,42.9000,true,1,31756
5000204196894,false,מילוי רייד נוזלי לית,,,מילוי רייד נוזלי ליתושים 45 יום אקליפטוס,Unknown,0.00,Unknown,false,1,19.90,0.0000,true,1,31751
5000204196924,false,זוג מילוי רייד נוזלי,SC Jonson,,זוג מילוי רייד נוזלי ליתושים 90 לילות,יחידה,45.00,יחידה,false,1,29.90,0.6644,true,1,31757
5000204197051,false,מכשיר רייד +מילוי נו,SC Jonson,,מכשיר רייד +מילוי נוזל 45 לילות,יחידה,1.00,יחידה,false,1,34.90,34.9000,true,1,31759
5000204225655,false,מילוי מ. אויר גלייד,coster aerosol vail,,מילוי מ. אויר גלייד אוטומטי 269מל פטל,מיליליטרים,269.00,"100 מ""ל",false,1,15.90,5.9108,true,1,38585
5000204226256,false,מ.אוויר גלייד ספריי,coster aerosol vail,,מ.אוויר גלייד ספריי 300מל בניחוח פטל,מיליליטרים,300.00,"100 מ""ל",false,1,8.90,2.9667,true,1,38586
5000204227130,false,מקלות בישום גלייד בנ,,,מקלות בישום גלייד בניחוח פסגות טיבט 80מל,Unknown,0.00,Unknown,false,6,21.90,0.0000,true,1,38575
5000204227161,false,מקלות בישום גלייד בנ,,,מקלות בישום גלייד בניחוח פרדס 80מל,Unknown,0.00,Unknown,false,6,21.90,0.0000,true,1,38574
5000204227192,false,מקלות בישום גלייד בנ,,,מקלות בישום גלייד בניחוח רגע של נחת 80מל,Unknown,0.00,Unknown,false,6,21.90,0.0000,true,1,38576
5000204657883,false,מש.נעליים קיווי חום,SC Jonson,,מש.נעליים קיווי חום 50 מל בקופסא,Unknown,0.00,Unknown,false,1,4.90,0.0000,true,1,8654
5000204657913,false,מש.נעליים קיווי שחור,SC Jonson,,מש.נעליים קיווי שחור 50 מל בקופסא,Unknown,0.00,Unknown,false,1,4.90,0.0000,true,1,8653
5000204658064,false,קיווי אקספרס שחור חד,SC Jonson,,קיווי אקספרס שחור חדש לנעליים,Unknown,0.00,Unknown,false,1,14.90,0.0000,true,1,8647
5000204658125,false,נ.נעליים קיווי קראון,SC Jonson,,נ.נעליים קיווי קראון חום 75 מל חדש,Unknown,0.00,Unknown,false,1,14.90,0.0000,true,1,8650
5000204658187,false,נ.נעליים קיווי קראון,SC Jonson,,נ.נעליים קיווי קראון שחור 75 מל חדש,Unknown,0.00,Unknown,false,1,14.90,0.0000,true,1,8651
5000204660159,false,קיווי אקספרס שקוף חד,SC Jonson,,קיווי אקספרס שקוף חדש לנעליים,Unknown,0.00,Unknown,false,1,14.90,0.0000,true,1,8649
5000204661392,false,מש.נעליים קיווי אקסט,SC Jonson,,מש.נעליים קיווי אקסטרא שחור 100 מל קופסא,מיליליטרים,100.00,"100 מ""ל",false,1,8.90,8.9000,true,1,8652
5000204886566,false,פלדג שמן לרהיטים תפו,SC Jonson,,"פלדג שמן לרהיטים תפוז 473 מ""ל",מיליליטרים,473.00,"100 מ""ל",false,1,26.90,5.6871,true,1,2257
5000209145514,false,מי פה קולגייט פלקס מ,,BR,מי פה קולגייט פלקס מנטה עדין 250 מל,מיליליטרים,250.00,"100 מ""ל",false,12,14.90,5.9600,true,1,6092
5000213000359,false,בירה גינס בק 330 מל,,,בירה גינס בק 330 מל פקדון,מיליליטרים,330.00,"100 מ""ל",false,1,14.90,4.5152,true,1,11092
5000267014234,false,ויסקי גוני ווקר אדום,,,ויסקי גוני ווקר אדום 700 מל פקדון קרטון,מיליליטרים,700.00,"100 מ""ל",false,1,74.90,10.7000,true,1,26569
5000267024233,false,וויסקי גוני ווקר שחו,,,וויסקי גוני ווקר שחור 700 מל באריזה,מיליליטרים,700.00,"100 מ""ל",false,1,109.90,15.7000,true,1,26572
5000267117560,false,וויסקי גוני ווקר גול,,,וויסקי גוני ווקר גולד ריזרב 700 מל,מיליליטרים,700.00,"100 מ""ל",false,6,150.00,21.4286,true,1,26582
5000281040899,false,רום קפטן מורגן לבן 7,,,רום קפטן מורגן לבן 700 מל,מיליליטרים,700.00,"100 מ""ל",false,6,105.00,15.0000,true,1,28353
5000289925440,false,גין גורדון 700 מל,justrini & brooks,,גין גורדון 700 מל,מיליליטרים,700.00,"100 מ""ל",false,6,84.90,12.1286,true,1,26580
5000291020706,false,משקה גין טנקרי 700 מ,charles tanpueray,,משקה גין טנקרי 700 מל פיקדון,מיליליטרים,700.00,"100 מ""ל",false,1,109.00,15.5714,true,1,32846
5000299211243,false,וויסקי רויאל סלוט 21,,,וויסקי רויאל סלוט 21 שנה 700 מל,מיליליטרים,700.00,"100 מ""ל",false,1,449.00,64.1429,true,1,18784
5000299223031,false,רום קפטן מורגן ספייס,captain morgan,,רום קפטן מורגן ספייסד 750 מל,מיליליטרים,75000.00,"100 מ""ל",false,1,89.00,0.1187,true,1,32848
5000299605950,false,גין ביפאיטר פינק 700,,,גין ביפאיטר פינק 700 מל,מיליליטרים,700.00,"100 מ""ל",false,6,106.00,15.1429,true,1,21330
5000299622049,false,וויסקי שיבס אקס וי 1,,,וויסקי שיבס אקס וי 15 שנה 700 מל,מיליליטרים,700.00,"100 מ""ל",false,1,185.00,26.4286,true,1,20973
5000312000687,false,אבקת שוקו קדבורי 500,,,אבקת שוקו קדבורי 500גר,גרמים,500.00,100 גרם,false,6,34.90,6.9800,true,1,23080
5000312000700,false,אבקת קקאו קדבורי 250,,,אבקת קקאו קדבורי 250גר,גרמים,250.00,100 גרם,false,12,28.90,11.5600,true,1,23081
5000328181844,false,סלסה דוריטוס דיפ גבי,,,סלסה דוריטוס דיפ גבינה 300 גרם,גרמים,300.00,100 גרם,false,6,16.90,5.6333,true,1,31487
5000328601380,false,סלסה דוריטוס דיפ חרי,,,סלסה דוריטוס דיפ חריפה 300 גרם,גרמים,300.00,100 גרם,false,6,16.90,5.6333,true,1,31485
5000328637327,false,סלסה דוריטוס דיפ שמנ,,,סלסה דוריטוס דיפ שמנת 300 גרם,גרמים,300.00,100 גרם,false,6,16.90,5.6333,true,1,31488
5000328697796,false,סלסה דוריטוס דיפ מעו,,,סלסה דוריטוס דיפ מעודנת 300 גרם,גרמים,300.00,100 גרם,false,6,16.90,5.6333,true,1,31486
5000329002193,false,גין ביפאיטר 700 מל,פרנו ריקרד יורו,,גין ביפאיטר 700 מל,מיליליטרים,700.00,"100 מ""ל",false,1,99.00,14.1429,true,1,17320
5000354912306,false,אוקסו ציר יין אדום 8,,GB,אוקסו ציר יין אדום 80 גרם,Unknown,0.00,Unknown,false,10,19.90,0.0000,true,1,30763
5000354912672,false,אבקת פודינג קסטרד בי,יוניליוור,GB,אבקת פודינג קסטרד בירד 300 גר,גרמים,300.00,100 גרם,false,12,16.90,5.6333,true,1,40169
5000394019089,false,סוללת דורסל סי פלוס,פרוקטר אנד גמבל,,סוללת דורסל סי פלוס פאוור,יחידה,1.00,יחידה,false,1,24.90,24.9000,true,1,31026
5000394019171,false,סוללת דורסל די פלוס,פרוקטר אנד גמבל,,סוללת דורסל די פלוס פאוור,יחידה,1.00,יחידה,false,1,24.90,24.9000,true,1,31027
5000394105485,false,סוללת דורסל וי 9 פלו,פרוקטר אנד גמבל,,סוללת דורסל וי 9 פלוס פאוור,יחידה,1.00,יחידה,false,1,24.90,24.9000,true,1,31028
5000394137486,false,סוללות דורסל 4יח אופ,פרוקטר אנד גמבל,BE,סוללות דורסל 4יח אופטימום 2021AA,יחידה,4.00,יחידה,false,16,18.90,4.7250,true,1,38047
5000394137516,false,סוללות דורסל 4יח אופ,פרוקטר אנד גמבל,BE,סוללות דורסל 4יח אופטימום 2021AAA,יחידה,4.00,יחידה,false,8,18.90,4.7250,true,1,38048
5000394140851,false,סוללות דורסל 4יח פלו,פרוקטר אנד גמבל,BE,סוללות דורסל 4יח פלוס פאוור AA,יחידה,4.00,יחידה,false,24,9.90,2.4750,true,1,38043
5000394141117,false,סוללות דורסל 4יח פלו,פרוקטר אנד גמבל,BE,סוללות דורסל 4יח פלוס פאוור AAA,יחידה,4.00,יחידה,false,24,9.90,2.4750,true,1,38044
5000396037531,false,ביסקויט מקוויטס מצופ,MACVUTES,,ביסקויט מקוויטס מצופה חלב 200 גרם,גרמים,200.00,100 גרם,false,1,11.90,5.9500,true,1,15562
5000396037548,false,ביסקויט מקוויטס מצופ,MACVUTES,,ביסקויט מקוויטס מצופה מריר 200 גרם,גרמים,200.00,100 גרם,false,1,11.90,5.9500,true,1,15563
5000396037944,false,ביסקויט מקוויטס קלאס,MACVUTES,,ביסקויט מקוויטס קלאסי חיטה מלאה 250 גרם,גרמים,250.00,100 גרם,false,1,10.90,4.3600,true,1,15561
5000409006714,false,מלפפון חמוץ פיקנטי 6,EMPIRE BESPOKE FOODS,,מלפפון חמוץ פיקנטי 670 גר מר אלסווד,גרמים,670.00,100 גרם,false,1,23.00,3.4328,true,1,10351
5000409006721,false,מלפפון להמבורגר 670,EMPIRE BESPOKE FOODS,,מלפפון להמבורגר 670 גר מר אלסווד,גרמים,670.00,100 גרם,false,1,23.00,3.4328,true,1,11746
5010019640277,false,וויסקי לפרוייג סינגל,,,וויסקי לפרוייג סינגל מאלט 10 שנים 700,מיליליטרים,700.00,"100 מ""ל",false,1,229.00,32.7143,true,1,16258
5010026515919,false,מוזלי מורנפליק קריספ,מורנינג פוד,GB,מוזלי מורנפליק קריספי אגוזים 650 גרם,גרמים,650.00,100 גרם,false,1,24.90,3.8308,true,1,40793
5010026515933,false,מוזלי מורנפליק קריספ,מורנינג פוד,GB,מוזלי מורנפליק קריספי פירות יבשים750 גרם,גרמים,750.00,100 גרם,false,1,24.90,3.3200,true,1,40794
5010026515940,false,מוזלי מורנפליק קריספ,מורנינג פוד,GB,מוזלי מורנפליק קריספי פירות 650 גרם,גרמים,650.00,100 גרם,false,1,24.90,3.8308,true,1,40792
5010029000016,false,דגני וויטביקס מקורי,וויטביקס,,דגני וויטביקס מקורי 430גרם,גרמים,430.00,100 גרם,false,1,22.90,5.3256,true,1,16701
5010029201246,false,גרנולה אלפן שקדים וצ,וויטביקס,GB,גרנולה אלפן שקדים וצימוקים ל.ס.560 גרם,גרמים,560.00,100 גרם,false,12,26.90,4.8036,true,1,1466
5010029221084,false,דגני וויטביקס פרוטאי,וויטביקס,,דגני וויטביקס פרוטאין קראנץ 450 גרם,גרמים,450.00,100 גרם,false,1,22.90,5.0889,true,1,16704
5010029222005,false,דגני וויטביקס פרוטאי,וויטביקס,,דגני וויטביקס פרוטאין 440 גרם,גרמים,440.00,100 גרם,false,1,22.90,5.2045,true,1,35073
5010038454831,false,בירה בלו מון 330 מל,,,בירה בלו מון 330 מל 5.4% פקדון,מיליליטרים,330.00,"100 מ""ל",false,1,11.90,3.6061,true,1,22400
5010038464670,false,בירה בלומון מנגו 330,,,בירה בלומון מנגו 330מל בק.פקדון,מיליליטרים,330.00,"100 מ""ל",false,24,12.90,3.9091,true,1,42814
5010067322453,false,טרוביה תחליף אבקת סו,,US,טרוביה תחליף אבקת סוכר 280 גר,גרמים,280.00,100 גרם,false,6,34.90,12.4643,true,1,44868
5010103800259,false,וויסקי גי.אנד.בי 700,justrini & brooks,,וויסקי גי.אנד.בי 700 מל פיקדון,מיליליטרים,70000.00,"100 מ""ל",false,1,79.90,0.1141,true,1,26570
5010103913188,false,יין קולקשן ק.ס סטרלי,סטרלינג,US,יין קולקשן ק.ס סטרלינג וינטנרס  750 מל,מיליליטרים,750.00,"100 מ""ל",false,12,85.00,11.3333,true,1,20544
5010103913225,false,יין קולקשן שרדונה סט,סטרלינג,US,יין קולקשן שרדונה סטרלינג וינטנרס  750,מיליליטרים,750.00,"100 מ""ל",false,12,85.00,11.3333,true,1,20545
5010103913249,false,יין קולקשן מרלו סטרל,סטרלינג,US,יין קולקשן מרלו 750 מל,מיליליטרים,750.00,"100 מ""ל",false,6,85.00,11.3333,true,1,20543
5010106110126,false,וויסקי בלנטיינס 17 ש,,,וויסקי בלנטיינס 17 שנה 700מל פקדון,מיליליטרים,700.00,"100 מ""ל",false,1,234.90,33.5571,true,1,9280
5010106110386,false,וויסקי בלנטיינס 21 ש,,,וויסקי בלנטיינס 21 שנה 700מל פקדון,מיליליטרים,700.00,"100 מ""ל",false,1,419.00,59.8571,true,1,9281
5010115900596,false,סירופ גולדן לחיץ 454,,GB,סירופ גולדן לחיץ 454 גר,גרמים,454.00,100 גרם,false,12,20.90,4.6035,true,1,30777
5010115900633,false,סירופ טופינג תות שדה,,GB,סירופ טופינג תות שדה 325 גרם,גרמים,325.00,100 גרם,false,8,18.90,5.8154,true,1,30816
5010115900701,false,סירופ טופינג שוקולד,,GB,סירופ טופינג שוקולד 325 גרם,גרמים,325.00,100 גרם,false,8,18.90,5.8154,true,1,30815
5010134916677,false,יין קומאלה שיראז 750,,,יין קומאלה שיראז 750 מל,מיליליטרים,750.00,"100 מ""ל",false,1,45.00,6.0000,true,1,18761
5010134916684,false,יין קומאלה פינוטאג 7,קומאלה,ZA,יין קומאלה פינוטאג 750 מל,מיליליטרים,750.00,"100 מ""ל",false,1,45.00,6.0000,true,1,19885
5010134916714,false,יין קומאלה שנין בלאן,קומאלה,ZA,יין קומאלה שנין בלאן 750 מל פיקדו,מיליליטרים,750.00,"100 מ""ל",false,1,45.00,6.0000,true,1,19884
5010182996799,false,גל אסלה דאק בניחוח פ,DEOFLOR,,גל אסלה דאק בניחוח פרחי בר/ליים 55 מל,Unknown,0.00,Unknown,false,1,9.90,0.0000,true,1,2591
5010182996805,false,רייד מונע עש בניחוח,ZOBELE,,רייד מונע עש בניחוח עץ ארז,Unknown,0.00,Unknown,false,1,9.90,0.0000,true,1,2442
5010182997253,false,רייד פי 3 קוטל זוחלי,SC Jonson,,"רייד פי 3 קוטל זוחלים תיקנים 300 מ""ל",מיליליטרים,300.00,"100 מ""ל",false,1,15.90,5.3000,true,1,1696
5010182997338,false,ט.דאק גל אסלה רענן י,DEOFLOR,,ט.דאק גל אסלה רענן ירוק 55 מל,Unknown,0.00,Unknown,false,1,9.90,0.0000,true,1,1467
5010182997680,false,רייד מקס ארוסול קוטל,SC Jonson,,"רייד מקס ארוסול קוטל זוחלים-אדום 300 מ""ל",מיליליטרים,300.00,"100 מ""ל",false,1,15.90,5.3000,true,1,1469
5010182997918,false,טואלט דאק גל אסלה  י,DEOFLOR,,טואלט דאק גל אסלה  ים כחול 55 מל,Unknown,0.00,Unknown,false,1,9.90,0.0000,true,1,1470
5010182998847,false,טוא.דאק נוזל כחול  7,SC Jonson,,טוא.דאק נוזל כחול  750 מל,מיליליטרים,750.00,"100 מ""ל",false,1,9.90,1.3200,true,1,1471
5010182998861,false,טואלט דאק נוזל ירוק,SC Jonson,,טואלט דאק נוזל ירוק 750 מל,מיליליטרים,750.00,"100 מ""ל",false,1,9.90,1.3200,true,1,1472
5010186019326,false,יין בנרוק סטיישן שרד,אקולייד,GB,יין בנרוק סטיישן שרדונה 750 מל,מיליליטרים,750.00,"100 מ""ל",false,6,40.00,5.3333,true,1,23501
5010265002836,false,פת ריויטה קמח שיפון,דה ג'ורדנס אנד ריווי,GB,פת ריויטה קמח שיפון ושיפון 250 גר,גרמים,250.00,100 גרם,false,12,10.90,4.3600,true,1,28770
5010265002911,false,פת פריכה מקמח שיפון,דה ג'ורדנס אנד ריווי,,פת פריכה מקמח מלא,גרמים,250.00,100 גרם,false,1,11.50,4.6000,true,1,26935
5010277010164,false,יין בריסטול קרים שרי,,,יין בריסטול קרים שרי 750מל פקדון,מיליליטרים,750.00,"100 מ""ל",false,1,80.00,10.6667,true,1,8679
5010327000039,false,וויסקי גרנטס 1 ל,גרנט'ס (William Gran,,וויסקי גרנטס 1 ל פקדון,ליטרים,1.00,ליטר,false,1,109.00,109.0000,true,1,7586
5010327000176,false,וויסקי גלנפידיך מולט,גרנט'ס (William Gran,,וויסקי גלנפידיך מולט 12 שנה 700 מל פיקד,מיליליטרים,750.00,"100 מ""ל",false,1,180.00,24.0000,true,1,5678
5010327105215,false,וויסקי מונקי שולדר ג,גרנט'ס (William Gran,,וויסקי מונקי שולדר גלנפידיך בלויני 700מל,מיליליטרים,700.00,"100 מ""ל",false,1,139.90,19.9857,true,1,9386
5010327205182,false,וויסקי גרנטס אייל קא,גרנט'ס (William Gran,,וויסקי גרנטס אייל קאסק רזרב 700 מל פקדון,מיליליטרים,700.00,"100 מ""ל",false,1,125.00,17.8571,true,1,2997
5010327305585,false,וויסקי גלנפידיך פייר,גלנפידיך,GB,וויסקי גלנפידיך פייר אנד קאן 700 מל,מיליליטרים,700.00,"100 מ""ל",false,6,189.00,27.0000,true,1,20036
5010327325125,false,וויסקי גלנפידיך 15 ש,גרנט'ס (William Gran,,וויסקי גלנפידיך 15 שנה סולרה רזרב 700מל,מיליליטרים,750.00,"100 מ""ל",false,1,239.00,31.8667,true,1,7585
5010327325323,false,וויסקי גלנפידיך 18 ש,גרנט'ס (William Gran,,וויסקי גלנפידיך 18 שנה אנשנט רזרב 700מל,מיליליטרים,700.00,"100 מ""ל",false,1,349.00,49.8571,true,1,30521
5010327404011,false,טקילה מילגרו סילבר 7,גרנט'ס (William Gran,,טקילה מילגרו סילבר 700מל פקדון,מיליליטרים,700.00,"100 מ""ל",false,1,129.00,18.4286,true,1,9133
5010327404059,false,טקילה מילגרו סלקטד ב,גרנט'ס (William Gran,,טקילה מילגרו סלקטד בארל רפוסאדו 700מל פק,מיליליטרים,700.00,"100 מ""ל",false,1,375.00,53.5714,true,1,9136
5010327405223,false,רום סיילור גרי 700 מ,גרנט'ס (William Gran,,רום סיילור גרי 700 מל,מיליליטרים,700.00,"100 מ""ל",false,1,140.00,20.0000,true,1,10443
5010327505138,false,וויסקי בלויני 12 שנה,גרנט'ס (William Gran,,וויסקי בלויני 12 שנה 700 מל פקדון,מיליליטרים,700.00,"100 מ""ל",false,1,259.00,37.0000,true,1,7583
5010327658544,false,בירה אינס אנד גון או,,,בירה אינס אנד גון אורגינל 330מל פקדון,מיליליטרים,330.00,"100 מ""ל",false,1,12.90,3.9091,true,1,15627
5010327755014,false,גין הנדריקס 700מל,גרנט'ס (William Gran,,גין הנדריקס 700מל פקדון,מיליליטרים,700.00,"100 מ""ל",false,1,150.00,21.4286,true,1,9132
5010346000010,false,חלב מאודה נסטלה קרני,,GB,חלב מאודה נסטלה קרניישן 410גר,מיליליטרים,410.00,"100 מ""ל",false,12,19.90,4.8537,true,1,21970
5010391100703,false,ליקר דרמבוי 750 מל,גרנט'ס (William Gran,,ליקר דרמבוי 750 מל פיקדון,מיליליטרים,750.00,"100 מ""ל",false,1,135.00,18.0000,true,1,11266
5010494560282,false,וויסקי גלנמורנג אורג,,,וויסקי גלנמורנג אורגינל 10 שנים 700 מל,מיליליטרים,700.00,"100 מ""ל",false,1,150.00,21.4286,true,1,10982
5010494917840,false,וויסקי גלנמורנג לסנט,,,וויסקי גלנמורנג לסנטה 12 שנים 700 מל,מיליליטרים,700.00,"100 מ""ל",false,1,260.00,37.1429,true,1,10984
5010496001769,false,וויסקי אוכנטושן 12 ש,אדרינגטון פיקס,,וויסקי אוכנטושן 12 שנה 700 מל פקדון,מיליליטרים,700.00,"100 מ""ל",false,1,229.00,32.7143,true,1,8091
5010496003565,false,וויסקי אוכנטושן אמרי,אדרינגטון פיקס,,וויסקי אוכנטושן אמריקן אור 700 מל,מיליליטרים,700.00,"100 מ""ל",false,1,120.00,17.1429,true,1,11451
5010496020821,false,וויסקי באומור 15 שנה,אדרינגטון פיקס,,וויסקי באומור 15 שנה 700 מל פקדון,מיליליטרים,700.00,"100 מ""ל",false,1,415.00,59.2857,true,1,11452
5010677180016,false,גין בומביי ספייר איס,גי גי,,גין בומביי ספייר איסט 700 מל,מיליליטרים,700.00,"100 מ""ל",false,1,149.00,21.2857,true,1,11040
5010677551281,false,משקה בקרדי בריזר לימ,,,משקה בקרדי בריזר לימון 275מל פיקדון,מיליליטרים,275.00,"100 מ""ל",false,1,11.90,4.3273,true,1,1869
5010677551397,false,משקה בקרדי בריזר לימ,,,משקה בקרדי בריזר לימון ליים 275מל פיקדון,מיליליטרים,275.00,"100 מ""ל",false,1,11.90,4.3273,true,1,1867
5010677552387,false,משקה בקרדי בריזר אננ,,,משקה בקרדי בריזר אננס 275מל פיקדון,מיליליטרים,275.00,"100 מ""ל",false,1,11.90,4.3273,true,1,1870
5010677554398,false,משקה בקרדי בריזר אבט,,,משקה בקרדי בריזר אבטיח 275מל פיקדון,מיליליטרים,275.00,"100 מ""ל",false,1,11.90,4.3273,true,1,1868
5010677714006,false,משקה גין בומביי ספיי,,,משקה גין בומביי ספייר 700 מל פיקדון,מיליליטרים,700.00,"100 מ""ל",false,4,120.00,17.1429,true,1,16663
5010677850100,false,וודקה גריי גוס 700 מ,בקרדי מרטיני,,וודקה גריי גוס 700 מל,מיליליטרים,700.00,"100 מ""ל",false,6,119.00,17.0000,true,1,20246
5010852026634,false,וויסקי גלן גוין סינג,,,וויסקי גלן גוין סינגל מאלט 10 שנים 700 מ,מיליליטרים,700.00,"100 מ""ל",false,1,169.00,24.1429,true,1,22141
5010867101982,false,יין אדום אוטימה טאונ,פורטוגל- סימינגטון,,יין אדום אוטימה טאוני פורט 750 מל פקדון,מיליליטרים,750.00,"100 מ""ל",false,1,100.00,13.3333,true,1,7669
5010867110120,false,יין אדום קינג טאוני,פורטוגל- סימינגטון,,יין אדום קינד טאוני פורט 750 מל פקדון,מיליליטרים,750.00,"100 מ""ל",false,1,70.00,9.3333,true,1,7670
5010867200067,false,יין טאוני דאוז 10 שנ,פורטוגל- סימינגטון,,יין טאוני דאוז 10 שנים 750 מל,מיליליטרים,750.00,"100 מ""ל",false,1,130.00,17.3333,true,1,10172
5010867400054,false,יין פורט גראהם לבן 7,גראהם,,יין פורט גראהם לבן 750 מל,מיליליטרים,750.00,"100 מ""ל",false,1,70.00,9.3333,true,1,12418
5010867600027,false,יין אדום דיוק אוף קל,פורטוגל דה מדיירה וו,,יין אדום דיוק אוף קלארנס ריץ מדיירה 750מ,מיליליטרים,750.00,"100 מ""ל",false,1,100.00,13.3333,true,1,7671
5011007003227,false,וויסקי גיימסון 1 ל פ,,,וויסקי גיימסון 1 ל פיקדון,ליטרים,1.00,ליטר,false,1,129.00,129.0000,true,1,4124
5011013100132,false,ליקר אייריש קרים ביי,r&a baileys,,ליקר אייריש קרים בייליס 750 מל פקדון,מיליליטרים,750.00,"100 מ""ל",false,1,85.00,11.3333,true,1,2597
5011013500680,false,ליקר שרידנס 700 מל,thomas sheridans,,ליקר שרידנס 700 מל,מיליליטרים,70000.00,"100 מ""ל",false,1,89.00,0.1271,true,1,10337
5011013934546,false,ליקר אייריש קרים ביי,r&a baileys,,ליקר אייריש קרים בייליס קרמל מלוח 700מל,מיליליטרים,750.00,"100 מ""ל",false,1,85.00,11.3333,true,1,39702
5011013935178,false,ליקר אייריש קרים ביי,r&a baileys,,ליקר אייריש קרים בייליס פאי תפוחים 700מל,מיליליטרים,750.00,"100 מ""ל",false,1,85.00,11.3333,true,1,39701
5011026108033,false,וויסקי טולמור דיו אי,גרנט'ס (William Gran,,וויסקי טולמור דיו אירי 700 מל פקדון,מיליליטרים,700.00,"100 מ""ל",false,1,99.90,14.2714,true,1,7587
5011157630281,false,אורז בסמטי טילדה 1 ק,TILDA,GB,אורז בסמטי טילדה 1 קג,קילוגרמים,1.00,"ק""ג",false,8,24.90,24.9000,true,1,2822
5011157671222,false,אורז בסמטי טילדה מלא,TILDA,GB,אורז בסמטי טילדה מלא 1 קג,קילוגרמים,1.00,"ק""ג",false,8,24.90,24.9000,true,1,32612
5011166052845,false,גין וויטלי ניל אורגי,וויטלי ניל,GB,גין וויטלי ניל אורגינל 700 מל,מיליליטרים,700.00,"100 מ""ל",false,6,129.00,18.4286,true,1,21843
5011166055358,false,בירה קראביס גינגר 33,,,בירה קראביס גינגר 330 מל פקדון,מיליליטרים,330.00,"100 מ""ל",false,1,12.90,3.9091,true,1,14488
5011166056508,false,גין וויטלי ניל רוברב,וויטלי ניל,GB,גין וויטלי ניל רוברב וגינגר 700 מל,מיליליטרים,700.00,"100 מ""ל",false,6,129.00,18.4286,true,1,22735
5011166057093,false,גין וויטלי ניל תפוז,וויטלי ניל,GB,גין וויטלי ניל תפוז דם 700 מל,מיליליטרים,700.00,"100 מ""ל",false,6,129.00,18.4286,true,1,21846
5011166057109,false,גין וויטלי ניל למונג,וויטלי ניל,GB,גין וויטלי ניל למונגרס וגינגר 700 מל,מיליליטרים,700.00,"100 מ""ל",false,6,129.00,18.4286,true,1,21844
5011308505055,false,רוטב קארי מדרס פאטאק,,GB,רוטב קארי מדרס פאטאק 450 גרם,גרמים,450.00,100 גרם,false,6,19.90,4.4222,true,1,32559
5011308505093,false,רוטב קארי גלפרזי פאט,,GB,רוטב קארי גלפרזי פאטאק 450 גרם,גרמים,450.00,100 גרם,false,6,19.90,4.4222,true,1,32557
5011348008479,false,בירה קינג גובלין 500,ויצ'וויד,,בירה קינג גובלין 500 מל פקדון,מיליליטרים,500.00,"100 מ""ל",false,8,16.90,3.3800,true,1,9409
5011348008530,false,בירה מארסטונס אי.פי.,,,בירה מארסטונס אי.פי.איי 500מל בק.פקדון,מיליליטרים,500.00,"100 מ""ל",false,1,16.90,3.3800,true,1,26521
5011348010335,false,בירה גינגר בירד 500,ויצ'וויד,,בירה גינגר בירד 500 מל פקדון,מיליליטרים,500.00,"100 מ""ל",false,1,16.90,3.3800,true,1,9882
5011348012094,false,בירה פדיגרי 500מל בק,,,בירה פדיגרי 500מל בק. פקדון,מיליליטרים,500.00,"100 מ""ל",false,1,16.90,3.3800,true,1,26510
5011348015194,false,בירה הובגובלין גולד,ויצ'וויד,,בירה הובגובלין גולד 500 מל פקדון,מיליליטרים,500.00,"100 מ""ל",false,1,16.90,3.3800,true,1,15443
5011348016238,false,בירה שיפיארד 500מל פ,ויצ'וויד,,בירה שיפיארד 500מל פקדון,מיליליטרים,500.00,"100 מ""ל",false,1,16.90,3.3800,true,1,15444
5011348016474,false,בירה פייר קאצר 500מל,ויצ'וויד,,בירה פייר קאצר 500מל פקדון,מיליליטרים,500.00,"100 מ""ל",false,1,16.90,3.3800,true,1,27666
5011348017099,false,בירה הובגובלין גולד,,GB,בירה הובגובלין גולד 500מל פחית פקדון,מיליליטרים,500.00,"100 מ""ל",false,24,14.90,2.9800,true,1,23666
5011348017112,false,בירה הובגובלין 500מל,,GB,בירה הובגובלין 500מל פחית פקדון,מיליליטרים,500.00,"100 מ""ל",false,24,14.90,2.9800,true,1,23665
5011348018713,false,בירה דיפ 61 500מל בק,,,בירה דיפ 61 500מל בק.פקדון,מיליליטרים,500.00,"100 מ""ל",false,1,16.90,3.3800,true,1,26522
5011348019772,false,בירה הובגובלין אי פי,ויצ'וויד,,בירה הובגובלין אי פי איי 500 מל פקדון,מיליליטרים,500.00,"100 מ""ל",false,1,16.90,3.3800,true,1,23951
5011348019918,false,בירה דריי נאק 500מל,,,בירה דריי נאק 500מל בק.פקדון,מיליליטרים,500.00,"100 מ""ל",false,8,16.90,3.3800,true,1,26523
5011348023458,false,בירה הובגובלין אי פי,,GB,בירה הובגובלין אי פי איי 500מל פח. פקדון,מיליליטרים,500.00,"100 מ""ל",false,24,14.90,2.9800,true,1,26031
5011348023915,false,בירה שיי גייאנט 500מ,ויצ'וויד,,בירה שיי גייאנט 500מל 4.7% בק.פקדון,מיליליטרים,500.00,"100 מ""ל",false,1,16.90,3.3800,true,1,29935
5011417552247,false,מטהר אוויר אירוויק נ,RB פולין,,מטהר אוויר אירוויק נטול גז לילך 345 מל,מיליליטרים,345.00,"100 מ""ל",false,1,14.90,4.3188,true,1,6704
5011428000409,false,מלח ים מלדון 570 גר,MALDON CRYSTAL SALT,GB,מלח ים מלדון 570 גר,גרמים,570.00,100 גרם,false,12,44.90,7.8772,true,1,43821
5011428100048,false,מלח ים מלדון 250 גר,MALDON CRYSTAL SALT,,מלח ים מלדון 250 גר,גרמים,250.00,100 גרם,false,1,21.90,8.7600,true,1,5061
5011428300028,false,מלח ים מעושן מלדון 1,MALDON CRYSTAL SALT,,מלח ים מעושן מלדון 125 גר,גרמים,125.00,100 גרם,false,1,19.90,15.9200,true,1,9582
5012035950606,false,סוכריות הריבו בקבוקי,,GB,סוכריות הריבו בקבוקי זינג 160 גרם,גרמים,160.00,100 גרם,false,12,8.90,5.5625,true,1,43380
5012035962111,false,סוכריות הריבו פאני מ,,GB,סוכריות הריבו פאני מיקס 160 גרם,גרמים,160.00,100 גרם,false,12,10.90,6.8125,true,1,31822
5012035962159,false,סוכריות הריבו גלי בי,,GB,סוכריות הריבו גלי בינס 160 גרם,גרמים,160.00,100 גרם,false,12,10.90,6.8125,true,1,31821
5012035962333,false,סוכריות הריבו דובים,,DE,סוכריות הריבו דובים זהבים 160 גרם,גרמים,160.00,100 גרם,false,12,9.90,6.1875,true,1,43375
5012909010894,false,זוג פטמות אוונט בינו,פיליפס אוונט,,זוג פטמות אוונט בינוני לבקבוק תינוק,יחידה,1.00,יחידה,false,1,34.90,34.9000,true,1,5132
5012909010955,false,זוג פטמות אוונט רב ש,פיליפס אוונט,,זוג פטמות אוונט רב שלבי לבקבוק תינוק,יחידה,1.00,יחידה,false,1,34.90,34.9000,true,1,5134
5013387204737,false,פרואט עוגיות ללא גלו,,,פרואט עוגיות ללא גלוטן קרם טעם פטל 160גר,גרמים,160.00,100 גרם,false,7,18.90,11.8125,true,1,23765
5013387205789,false,פרואט עוגיות ללג ש.ש,,,פרואט עוגיות ללג ש.שועל צימוקים  150גר,גרמים,150.00,100 גרם,false,6,18.90,12.6000,true,1,23766
5013387205826,false,חטיף שוקולד ללא גלוט,,,חטיף שוקולד ללא גלוטן  פרואט 100 גר,גרמים,100.00,100 גרם,false,1,14.90,14.9000,true,1,23763
5013387206403,false,פרואט ביסקוויט  דיגס,,,פרואט ביסקוויט  דיגסטיב ללא גלוטן 160 גר,גרמים,160.00,100 גרם,false,7,18.90,11.8125,true,1,23764
5013414333119,false,בירה תורנברידג 330מל,,GB,בירה תורנברידג 330מל איי אם פי אם בק.פקד,מיליליטרים,330.00,"100 מ""ל",false,12,14.90,4.5152,true,1,21327
5013414333232,false,בירה תורנברידג קוקוא,,GB,בירה תורנברידג קוקואה וונדרלנד 330מל בק.,מיליליטרים,330.00,"100 מ""ל",false,12,14.90,4.5152,true,1,29273
5013414333751,false,בירה תורנברידג לורד,,GB,בירה תורנברידג לורד מארפלס 330מל בק.,מיליליטרים,330.00,"100 מ""ל",false,12,14.90,4.5152,true,1,32691
5013414991081,false,בירה תורנברידג פונדר,,GB,בירה תורנברידג פונדרה 440מל פח.פקדון,מיליליטרים,440.00,"100 מ""ל",false,12,16.90,3.8409,true,1,29284
5013414991234,false,בירה תורנברידג צירון,,GB,בירה תורנברידג צירון 440מל פח.פקדון,מיליליטרים,440.00,"100 מ""ל",false,12,16.90,3.8409,true,1,32695
5013414999049,false,בירה תורנברידג גייפו,,GB,בירה תורנברידג גייפור 330מל פח. פקדון,מיליליטרים,330.00,"100 מ""ל",false,12,14.90,4.5152,true,1,29275
5013414999308,false,בירה תורנברידג קיפלי,,GB,בירה תורנברידג קיפלינג 330מל פח.פקדון,מיליליטרים,330.00,"100 מ""ל",false,12,14.90,4.5152,true,1,29279
5013414999322,false,בירה תורנברידג 330מל,,GB,בירה תורנברידג 330מל אלוט פח.פקדון,מיליליטרים,330.00,"100 מ""ל",false,24,14.90,4.5152,true,1,38092
5013635101047,false,סמנה גהי חמאה 500 גר,KTC,GB,סמנה גהי חמאה 500 גרם,גרמים,500.00,100 גרם,false,12,89.90,17.9800,true,1,42835
5013931015741,false,ידית הפלא לשטיפת כלי,,,ידית הפלא לשטיפת כלים ירוק,יחידה,1.00,יחידה,false,1,24.90,24.9000,true,1,24950
5013931015758,false,מארז 3יח ספוגי החלפה,,,מארז 3יח ספוגי החלפה לשטיפת כלים,יחידה,3.00,יחידה,false,1,26.90,8.9667,true,1,24951
5013931015789,false,ידית הפלא לשטיפת כלי,,,ידית הפלא לשטיפת כלים עם כרית מתכת,יחידה,1.00,יחידה,false,1,24.90,24.9000,true,1,24952
5013931015819,false,מארז 2יח כריות מתכת,,,מארז 2יח כריות מתכת החלפה לידית הפלא,יחידה,3.00,יחידה,false,1,26.90,8.9667,true,1,24953
5013965948428,false,משחת שיניים אורל בי,פרוקטר אנד גמבל,,משחת שיניים אורל בי מנטה מעודן 75מל,Unknown,0.00,Unknown,false,1,12.90,0.0000,true,1,21339
5014201701593,false,משקה סיידר תפוחים או,,,משקה סיידר תפוחים אולד רוזי 7.4% 355מל,מיליליטרים,355.00,"100 מ""ל",false,1,12.90,3.6338,true,1,23186
5014271001210,false,מעדן סנדלפור ארבע פי,סאנטדלפור,,מעדן ארבע פירות סנדלפור 500 גרם,גרמים,500.00,100 גרם,false,1,24.90,4.9800,true,1,14230
5014271001227,false,מעדן סנדלפור משמש500,סאנטדלפור,,מעדן משמש סנדלפור 500 גרם,גרמים,500.00,100 גרם,false,1,24.90,4.9800,true,1,14412
5014271001234,false,מעדן סנדלפור דובדבן,סאנטדלפור,,מעדן דובדבן סנדלפור 500 גרם,גרמים,500.00,100 גרם,false,1,24.90,4.9800,true,1,14229
5014271001241,false,מעדן סנדלפור תות שדה,סאנטדלפור,,מעדן תות שדה סנדלפור 500 גרם,גרמים,500.00,100 גרם,false,1,24.90,4.9800,true,1,14228
5014271002675,false,מעדן סנדלפור תפוח קי,,,מעדן סנדלפור תפוח קינמון 284 גרם,גרמים,284.00,100 גרם,false,1,19.90,7.0070,true,1,19723
5014271300429,false,מעדן סנדלפור משמש284,סאנטדלפור,,מעדן משמש 284 ג סנדלפור,גרמים,284.00,100 גרם,false,1,19.90,7.0070,true,1,1473
5014271310428,false,מעדן סנדלפור דובדבן,סאנטדלפור,,מעדן דובדבנים שחורים 284 ג סנדלפור,גרמים,284.00,100 גרם,false,1,19.90,7.0070,true,1,1474
5014271330426,false,מעדן סנדלפור אוכמניו,סאנטדלפור,,מעדן אוכמניות כחולות 284 ג סנדלפור,גרמים,284.00,100 גרם,false,1,19.90,7.0070,true,1,1475
5014271360423,false,מעדן סנדלפור תפוז284,סאנטדלפור,,מעדן תפוז 284 ג סנדלפור,גרמים,284.00,100 גרם,false,1,19.90,7.0070,true,1,1477
5014271370422,false,מעדן סנדלפור אפרסק 2,סאנטדלפור,,מעדן אפרסק 284 ג סנדלפור,גרמים,284.00,100 גרם,false,1,19.90,7.0070,true,1,1478
5014271400426,false,מעדן סנדלפור תות שדה,סאנטדלפור,,מעדן תות שדה 284 ג סנדלפור,גרמים,284.00,100 גרם,false,1,19.90,7.0070,true,1,1481
5014271560427,false,מעדן סנדלפור תפוז גי,סאנטדלפור,,מעדן תפוז גיינגר 284 ג סנדלפור,גרמים,284.00,100 גרם,false,1,19.90,7.0070,true,1,1482
5014271795980,false,מעדן סנדלפור חמוציות,סאנטדלפור,,מעדן חמוציות ואוכמניות 284 ג סנדלפור,גרמים,284.00,100 גרם,false,1,19.90,7.0070,true,1,3405
5014379009972,false,בירה באדוויזר 500מל,,US,בירה באדוויזר 500מל פחית,מיליליטרים,500.00,"100 מ""ל",false,24,8.90,1.7800,true,1,21861
5015759001456,false,בירה אי פי איי בירדו,מבשלת רובינסון,,בירה אי פי איי בירדו 6% 330מל פקדון,מיליליטרים,330.00,"100 מ""ל",false,1,12.90,3.9091,true,1,17167
5015821144029,false,ראגה תערובת שום וכוס,,GB,ראגה תערובת שום וכוסברה 100 גרם שקית,גרמים,100.00,100 גרם,false,1,9.90,9.9000,true,1,39231
5015821144043,false,ראגה תבלין חריף ופיק,,GB,ראגה תבלין חריף ופיקנטי 100 גרם שקית,גרמים,100.00,100 גרם,false,1,9.90,9.9000,true,1,39232
5015821144708,false,ראגה תערובת תיבול לכ,,GB,ראגה תערובת תיבול לכל מטרה 100 גרם שקית,גרמים,100.00,100 גרם,false,1,9.90,9.9000,true,1,39220
5015821144746,false,ראגה תבלין לכבש 100,,GB,ראגה תבלין לכבש 100 גרם שקית,גרמים,100.00,100 גרם,false,1,9.90,9.9000,true,1,39229
5015821144760,false,ראגה הל ירוק שלם 50,,GB,ראגה הל ירוק שלם 50 גרם שקית,Unknown,0.00,Unknown,false,1,29.90,0.0000,true,1,39238
5015821144845,false,ראגה גינגר טהור טחון,,GB,ראגה גינגר טהור טחון 85 גרם שקית,Unknown,0.00,Unknown,false,1,9.90,0.0000,true,1,39218
5015821145026,false,ראגה קארי מדרס עדין,,GB,ראגה קארי מדרס עדין 100 גרם שקית,גרמים,100.00,100 גרם,false,1,9.90,9.9000,true,1,39226
5015821145200,false,ראגה צילי אקסטרא חרי,,GB,ראגה צילי אקסטרא חריף 100 גרם שקית,גרמים,100.00,100 גרם,false,1,9.90,9.9000,true,1,39217
5015821145248,false,ראגה תבלין סגנול גרק,,GB,ראגה תבלין סגנול גרק 100 גרם שקית,גרמים,100.00,100 גרם,false,1,11.90,11.9000,true,1,39243
5015821146160,false,ראגה תבלין מרכך בשר,,GB,ראגה תבלין מרכך בשר 100 גרם שקית,גרמים,100.00,100 גרם,false,1,11.90,11.9000,true,1,39234
5015821149703,false,ראגה זרעי חילבה 100,,GB,ראגה זרעי חילבה 100 גרם שקית,גרמים,100.00,100 גרם,false,1,9.90,9.9000,true,1,39223
5015821151287,false,ראגה קארי חריף מעודן,,GB,ראגה קארי חריף מעודן קאריבי 100 גרם שקית,גרמים,100.00,100 גרם,false,1,9.90,9.9000,true,1,39228
5015821151294,false,ראגה קארי חריף קאריב,,GB,ראגה קארי חריף קאריבי 100 גרם שקית,גרמים,100.00,100 גרם,false,1,9.90,9.9000,true,1,39227
5015821157784,false,ראגה זרעי כוסברה שלמ,,GB,ראגה זרעי כוסברה שלמים 50 גרם שקית,Unknown,0.00,Unknown,false,1,11.90,0.0000,true,1,39233
5015821157807,false,ראגה תבלין גארם מסאל,,GB,ראגה תבלין גארם מסאלה 85 גרם שקית,Unknown,0.00,Unknown,false,1,9.90,0.0000,true,1,39230
5015821157838,false,ראגה זרעי שומר שלמים,,GB,ראגה זרעי שומר שלמים 85 גרם שקית,Unknown,0.00,Unknown,false,1,9.90,0.0000,true,1,39215
5016978000725,false,משקה סאקה צויה 720 מ,,,משקה סאקה צויה 720 מל פיקדון,מיליליטרים,720.00,"100 מ""ל",false,1,39.90,5.5417,true,1,3751
5017818800116,false,משקה דר פפר 330 מל פ,International Bevera,,משקה דר פפר 330 מל פחית,מיליליטרים,330.00,"100 מ""ל",false,1,6.50,1.9697,true,1,10972
5018357006731,false,תערובת מוזלי רילי נט,דורסט סיריאלס,,תערובת דגנים רילי נטי בקרטון 560 גר,גרמים,560.00,100 גרם,false,1,26.90,4.8036,true,1,5135
5018357006755,false,תערובת מוזלי היי פיב,דורסט סיריאלס,,תערובת דגנים היי פיבר 540 גר,גרמים,540.00,100 גרם,false,1,26.90,4.9815,true,1,5020
5018357006779,false,תערובת מוזלי קרנברי,דורסט סיריאלס,,תערובת דגנים קרנברי 540 גר,גרמים,540.00,100 גרם,false,1,31.90,5.9074,true,1,5022
5018357006816,false,תערובת מוזלי סימפלי,דורסט סיריאלס,,תערובת דגנים דלישס 620 גר,גרמים,620.00,100 גרם,false,1,22.90,3.6935,true,1,5021
5018357007653,false,תערובת מוזלי סימפלי,דורסט סיריאלס,,תערובת דגנים פרוט 620 גר,גרמים,620.00,100 גרם,false,1,22.90,3.6935,true,1,6146
5018357011858,false,תערובת גרנולה ברי550,דורסט סיריאלס,,תערובת גרנולה ברי550 גר דורסט,גרמים,550.00,100 גרם,false,1,32.90,5.9818,true,1,14994
5018357011896,false,תערובת גרנולה דבש550,דורסט סיריאלס,,תערובת גרנולה דבש550 גר דורסט,גרמים,550.00,100 גרם,false,1,27.90,5.0727,true,1,14993
5018357012558,false,תערובת מוזלי קלאסי 6,דורסט סיריאלס,,תערובת מוזלי קלאסי 600 גר,גרמים,600.00,100 גרם,false,1,31.90,5.3167,true,1,24947
5018357012572,false,תערובת מוזלי גרגירי,דורסט סיריאלס,,תערובת מוזלי גרגירי יער ודובדבן 600 גר,גרמים,600.00,100 גרם,false,1,31.90,5.3167,true,1,24948
5020628000126,false,סיידר תאצרס הייז 500,,,סיידר תאצרס הייז 500מל פקדון,מיליליטרים,500.00,"100 מ""ל",false,24,11.90,2.3800,true,1,17979
5020628001178,false,סיידר תאצרס גולד 500,,,סיידר תאצרס גולד 500מל פקדון,מיליליטרים,500.00,"100 מ""ל",false,24,11.90,2.3800,true,1,17980
5020628001260,false,סיידר תאצרס גולד 500,בווריה,,סיידר תאצרס גולד 500מל פח. פקדון,מיליליטרים,500.00,"100 מ""ל",false,24,8.90,1.7800,true,1,25322
5020628001475,false,סיידר תאצרס רוזה 500,בווריה,,סיידר תאצרס רוזה 500מל בק. פקדון,מיליליטרים,500.00,"100 מ""ל",false,24,11.90,2.3800,true,1,25324
5021349702894,false,וויסקי טומינטול סינג,,,וויסקי טומינטול סינגל מאלט טילה 700 מל,מיליליטרים,700.00,"100 מ""ל",false,6,165.00,23.5714,true,1,25093
5021692000241,false,גין היימנס לונדון דר,היימנס ג'ין,,גין היימנס לונדון דריי 700 מל,מיליליטרים,700.00,"100 מ""ל",false,1,90.00,12.8571,true,1,18944
5021692000340,false,גין היימנס אולד טום,היימנס ג'ין,,גין היימנס אולד טום 700 מל,מיליליטרים,700.00,"100 מ""ל",false,1,99.90,14.2714,true,1,18945
5023625004487,false,בירה הובגובלין 500 מ,ויצ'וויד,,בירה הובגובלין 500 מל פקדון,מיליליטרים,500.00,"100 מ""ל",false,1,16.90,3.3800,true,1,9410
5024546366609,false,וויסקי לאודרס 700 מל,לאודרס,,וויסקי לאודרס 700 מל,מיליליטרים,700.00,"100 מ""ל",false,1,75.00,10.7143,true,1,14554
5024546366630,false,וויסקי לאודרס 1 לי,לאודרס,,וויסקי לאודרס 1 לי,ליטרים,1.00,ליטר,false,1,99.00,99.0000,true,1,14555
5024720900001,false,וויסקי פינלאגן סינגל,,,וויסקי פינלאגן סינגל מאלט מעושן 700 מל,מיליליטרים,700.00,"100 מ""ל",false,1,159.00,22.7143,true,1,11797
5026489483955,false,חטיף חומוס סיסולט 45,cofresh snack foods,GB,חטיף חומוס סיסולט 45 גרם,Unknown,0.00,Unknown,false,12,8.90,0.0000,true,1,30899
5026489484006,false,חטיף עדשים טומטו 40,cofresh snack foods,GB,חטיף עדשים טומטו 40 גרם,Unknown,0.00,Unknown,false,12,8.90,0.0000,true,1,30904
5026489500478,false,חטיף קינואה ופפריקה,cofresh snack foods,GB,חטיף קינואה ופפריקה 30 גרם,Unknown,0.00,Unknown,false,12,8.90,0.0000,true,1,31830
5028349003693,false,וויסקי בוני וקלייד 1,,,וויסקי בוני וקלייד 1 ליטר,ליטרים,1.00,ליטר,false,1,79.90,79.9000,true,1,35950
5029053002408,false,נייר טואלט קלינקס לב,חוגלה קימברלי,,נייר טואלט קלינקס לבן 1/9,יחידה,9.00,יחידה,false,1,32.90,3.6556,true,1,1485
5029053002439,false,נייר טואלט קלינקס צה,חוגלה קימברלי,,נייר טואלט קלינקס צהוב 1/9,יחידה,9.00,יחידה,false,1,32.90,3.6556,true,1,1486
5029053032658,false,ממחטות קלינקס אורגינ,KC Italy,,ממחטות קלינקס אורגינל 8 יח,יחידה,8.00,יחידה,false,1,9.90,1.2375,true,1,14772
5029053039725,false,ממחטות קלינקס נטורל,KC Italy,,ממחטות קלינקס נטורל פרש 72יח קופסא,יחידה,72.00,יחידה,false,1,11.90,0.1653,true,1,38410
5029053510811,false,תחבושות קוטקס נורמל,KC Turkey,,תחבושות קוטקס נורמל 28 יח,יחידה,28.00,יחידה,false,1,19.90,0.7107,true,1,2693
5029053510828,false,תחבושות קוטקס סופר 2,KC Turkey,,תחבושות קוטקס סופר 24 יח,יחידה,24.00,יחידה,false,1,19.90,0.8292,true,1,2694
5029053523446,false,תחבושות קוטקס לילה 2,KC Turkey,,תחבושות קוטקס לילה 20 יח,יחידה,20.00,יחידה,false,1,19.90,0.9950,true,1,2695
5029053527574,false,חיתולי האגיס דריי ני,KC צ'כיה,,חיתולי האגיס דריי נייטס 4-7 בנים,Unknown,0.00,Unknown,false,1,29.90,0.0000,true,1,3925
5029053527581,false,חיתולי האגיס דריי ני,KC צ'כיה,,חיתולי האגיס דריי נייטס 4-7 בנות,Unknown,0.00,Unknown,false,1,39.90,0.0000,true,1,3926
5029053527598,false,חיתולי האגיס דריי ני,KC צ'כיה,,חיתולי האגיס דריי נייטס 15-8 בנים,Unknown,0.00,Unknown,false,1,39.90,0.0000,true,1,3927
5029053527604,false,חיתולי האגיס דריי ני,KC צ'כיה,,חיתולי האגיס דריי נייטס 15-8 בנות,Unknown,0.00,Unknown,false,1,39.90,0.0000,true,1,3992
5029053534589,false,טמפון קוטקס מיני 32,KC Czech,,טמפון קוטקס מיני 32 יח,יחידה,32.00,יחידה,false,1,27.90,0.8719,true,1,6510
5029053534596,false,טמפון קוטקס נורמל 32,KC Czech,,טמפון קוטקס נורמל 32 יח,יחידה,32.00,יחידה,false,1,27.90,0.8719,true,1,6511
5029053534602,false,טמפון קוטקס סופר 32,KC Czech,,טמפון קוטקס סופר 32 יח,יחידה,32.00,יחידה,false,1,27.90,0.8719,true,1,6512
5029053535227,false,טמפון קוטקס נורמל+מו,KC Czech,,טמפון קוטקס נורמל+מוליך 16 יח,יחידה,16.00,יחידה,false,1,24.90,1.5562,true,1,7187
5029053538426,false,חיתול האגיס ליטל סוו,KC צ'כיה,,חיתול האגיס ליטל סווימרס לארג,Unknown,0.00,Unknown,false,1,29.90,0.0000,true,1,10166
5029053575575,false,מגבוני חיטוי לידיים,,IL,מגבוני חיטוי לידיים ולפנים 24יח קלינקס,יחידה,24.00,יחידה,false,20,9.90,0.4125,true,1,29829
5029053576114,false,גל היגייני לניקוי יד,,IL,גל היגייני לניקוי ידיים 220מל קלינקס,מיליליטרים,220.00,"100 מ""ל",false,12,19.90,9.0455,true,1,29831
5029053578309,false,ממחטות קלינקס אולטרא,KC Italy,,ממחטות קלינקס אולטרא סופט 48יח קוביה,יחידה,48.00,יחידה,false,1,9.90,0.2063,true,1,38411
5029054220085,false,מארז 4יח מגבוני האגי,האגיס,,מארז 4יח מגבוני האגיס רך נולד 56יח,יחידה,224.00,יחידה,false,1,27.90,0.1246,true,1,18335
5029396739030,false,משקה פנטימנס מי טוני,תומאס הארדי קנדל בעמ,GB,משקה פנטימנס מי טוניק 200מל בק.פקדון,מיליליטרים,200.00,"100 מ""ל",false,24,8.30,4.1500,true,1,21642
5034709001353,false,חטיף ציפס ברטס ומלח,,GB,חטיף ציפס ברטס ומלח ים 150 גרם,גרמים,150.00,100 גרם,false,10,17.90,11.9333,true,1,44703
5034709001391,false,חטיף ציפס ברטס צילי,,GB,חטיף ציפס ברטס צילי חריף ומתוק 150 גרם,גרמים,150.00,100 גרם,false,10,17.90,11.9333,true,1,44702
5034709001414,false,חטיף ציפס ברטס צדר ו,,GB,חטיף ציפס ברטס צדר ובצל 150 גרם,גרמים,150.00,100 גרם,false,10,17.90,11.9333,true,1,44698
5034709001438,false,חטיף ציפס ברטס מלח י,,GB,חטיף ציפס ברטס מלח ים פלפל שחור 150 גרם,גרמים,150.00,100 גרם,false,10,17.90,11.9333,true,1,44701
5034709001452,false,חטיף ציפס ברטס מלח ו,,GB,חטיף ציפס ברטס מלח וחומץ 150 גרם,גרמים,150.00,100 גרם,false,10,17.90,11.9333,true,1,44700
5035766044772,false,מארז 4יח משקה סיידר,,,מארז 4יח משקה סיידר תפוחים סטרונג 330מל,מיליליטרים,1320.00,"100 מ""ל",false,1,30.00,2.2727,true,1,10363
5035766060253,false,בירה מרפיס פח 500 מל,,,בירה מרפיס פח 500 מל פיקדון,מיליליטרים,500.00,"100 מ""ל",false,1,12.90,2.5800,true,1,6076
5038342511385,false,גין קורייר 700  מל,,,גין קורייר 700  מל,מיליליטרים,700.00,"100 מ""ל",false,1,59.90,8.5571,true,1,19837
5050974505259,false,פת ריויטה קמח שיפון,דה ג'ורדנס אנד ריווי,,פת ריויטה קמח שיפון דגנים 250 גר,גרמים,250.00,100 גרם,false,1,11.50,4.6000,true,1,27191
5050974505297,false,פת ריויטה קמח שיפון,דה ג'ורדנס אנד ריווי,,פת ריויטה קמח שיפון שומשום 250 גר,גרמים,250.00,100 גרם,false,1,11.50,4.6000,true,1,27192
5053827191753,false,דגני קלוגס ווריאטי 8,קלוגס,GB,דגני קלוגס ווריאטי 8 סוגים 190 גרם,גרמים,190.00,100 גרם,false,6,18.90,9.9474,true,1,43388
5053827193368,false,דגני קלוגס ברן פלקס,,,דגני קלוגס ברן פלקס 500 ג,גרמים,500.00,100 גרם,false,1,22.90,4.5800,true,1,18956
5053827206822,false,דגני קלוגס קראנצי נא,קלוגס,DE,דגני קלוגס קראנצי נאט ודבש 330 גרם,גרמים,330.00,100 גרם,false,20,19.90,6.0303,true,1,29409
5053827213998,false,דגני קלוגס ספשייל קי,,,דגני קלוגס ספשייל קיי 375 גרם,גרמים,375.00,100 גרם,false,1,22.90,6.1067,true,1,44557
5054267003460,false,משקה אוכמניות שחורות,,GB,משקה אוכמניות שחורות 1.5 ליטר,מיליליטרים,1500.00,"100 מ""ל",false,12,51.90,3.4600,true,1,32412
5055966801005,false,וויסקי אירי בושמילס,,,וויסקי אירי בושמילס אורגינל 700 מל,מיליליטרים,700.00,"100 מ""ל",false,1,89.90,12.8429,true,1,11803
5055966820037,false,וויסקי סינגל מאלט 10,,,וויסקי סינגל מאלט 10 שנים 1 לי,ליטרים,1.00,ליטר,false,1,159.00,159.0000,true,1,14699
5056025413061,false,בירה ברודוג אלויס גו,ברודוג פי אל סי,DK,בירה ברודוג אלויס גוס 330מל פח.פקדון,מיליליטרים,330.00,"100 מ""ל",false,24,16.90,5.1212,true,1,20758
5056025426108,false,בירה ברודוג לוסט לאג,ברודוג פי אל סי,DK,בירה ברודוג לוסט לאגר 440מל פח.פקדון,מיליליטרים,440.00,"100 מ""ל",false,24,24.90,5.6591,true,1,44494
5056025434158,false,בירה ברודוג דופוליס,,GB,בירה ברודוג דופוליס 330מל פת.פקדון 4.7%,מיליליטרים,330.00,"100 מ""ל",false,1,16.90,5.1212,true,1,30489
5056025440326,false,בירה ברודוג 5 פי אם,,GB,בירה ברודוג 5 פי אם סיינט סאוור 330מל בק,מיליליטרים,330.00,"100 מ""ל",false,1,24.90,7.5455,true,1,30492
5056025440432,false,בירה ברודוג פאנק איי,ברודוג פי אל סי,DK,בירה ברודוג פאנק איי פי אי 330מל פח.פקדו,מיליליטרים,330.00,"100 מ""ל",false,24,16.90,5.1212,true,1,28282
5056025440494,false,בירה ברודוג פאנק איי,סקוטלנד,,בירה ברודוג פאנק איי פי איי 330מל בק.פקד,מיליליטרים,330.00,"100 מ""ל",false,1,16.90,5.1212,true,1,28670
5056025441194,false,בירה ברודוג קוסמיק ר,,GB,בירה ברודוג קוסמיק רימון היביסקוס 330מל,מיליליטרים,330.00,"100 מ""ל",false,1,24.90,7.5455,true,1,30495
5056025453272,false,בירה ברודוג לוסט לאג,ברודוג פי אל סי,DK,בירה ברודוג לוסט לאגר 440מל פח.פקדון,מיליליטרים,440.00,"100 מ""ל",false,24,16.90,3.8409,true,1,44490
5056025455696,false,בירה ברודוג פלאנט פי,ברודוג פי אל סי,DK,בירה ברודוג פלאנט פייל 330מל פח.פקדון,מיליליטרים,330.00,"100 מ""ל",false,24,16.90,5.1212,true,1,44484
5056025456075,false,בירה ברודוג טוניס הו,ברודוג פי אל סי,DK,בירה ברודוג טוניס הופולוני440מל פח.פקדון,מיליליטרים,440.00,"100 מ""ל",false,24,24.90,5.6591,true,1,44495
5056025462410,false,בירה ברודוג לוסט אין,ברודוג פי אל סי,DK,בירה ברודוג לוסט אין ליצי ליים 440מ פחית,מיליליטרים,440.00,"100 מ""ל",false,24,16.90,3.8409,true,1,44492
5056025462434,false,בירה ברודוג לוסט אין,ברודוג פי אל סי,DK,בירה ברודוג לוסט אין גויאבה 440מל פח.פקד,מיליליטרים,440.00,"100 מ""ל",false,24,16.90,3.8409,true,1,44491
5056025463400,false,בירה ברודוג טריפל אי,ברודוג פי אל סי,DK,בירה ברודוג טריפל אייגנט 330מל פח.פקדון,מיליליטרים,330.00,"100 מ""ל",false,24,16.90,5.1212,true,1,44486
5056025463424,false,בירה ברודוג 90 דייס,ברודוג פי אל סי,DK,בירה ברודוג 90 דייס בוק 330מל פח.פקדון,מיליליטרים,330.00,"100 מ""ל",false,24,16.90,5.1212,true,1,44485
5059001003713,false,מקלות אירוויק ריחניי,,,מקלות אירוויק ריחניים תאנה ופירות יער,יחידה,1.00,יחידה,false,1,14.90,14.9000,true,1,44643
5060045588128,false,וויסקי גים בים לבן כ,,,וויסקי גים בים לבן כשר 700 מל,מיליליטרים,700.00,"100 מ""ל",false,1,79.90,11.4143,true,1,17478
5060108450263,false,מי טוניק 500מל פרימי,,GB,מי טוניק 500מל פרימיום בק.פקדון,מיליליטרים,500.00,"100 מ""ל",false,1,18.90,3.7800,true,1,32505
5060108450287,false,גינגר אייל 500מל פרי,,GB,גינגר אייל 500מל פרימיום בק.פקדון,מיליליטרים,500.00,"100 מ""ל",false,1,18.90,3.7800,true,1,32506
5060123607758,false,תה לונדון תפוח קינמו,טייפו,,תה לונדון תפוח קינמון אורגני 20 יח,יחידה,20.00,יחידה,false,1,15.20,0.7600,true,1,4792
5060123607765,false,תה לונדון לימון ליים,טייפו,,תה לונדון לימון ליים 20 יח אורגני,יחידה,20.00,יחידה,false,1,15.20,0.7600,true,1,4790
5060123607772,false,תה לונדון מנטה אורגנ,טייפו,,תה לונדון מנטה אורגני 20 יח,יחידה,20.00,יחידה,false,1,15.20,0.7600,true,1,5158
5060123607789,false,תה לונדון אפרסק 20 י,טייפו,,תה לונדון אפרסק 20 יח,יחידה,20.00,יחידה,false,1,15.20,0.7600,true,1,5160
5060123607796,false,תה לונדון תות וניל 2,טייפו,,תה לונדון תות וניל 20 יח,יחידה,20.00,יחידה,false,1,15.20,0.7600,true,1,5087
5060123607802,false,תה לונדון גינגר ולימ,טייפו,,תה לונדון גינגר ולימון 20 יח,יחידה,20.00,יחידה,false,1,15.20,0.7600,true,1,5086
5060123607819,false,תה לונדון תפוז 20 יח,טייפו,,תה לונדון תפוז 20 יח,יחידה,20.00,יחידה,false,1,15.20,0.7600,true,1,4793
5060123607833,false,תה לונדון קמומיל אור,טייפו,,תה לונדון קמומיל אורגני 20 יח,יחידה,20.00,יחידה,false,1,15.20,0.7600,true,1,4794
5060123608014,false,תה לונדון דומדומיות,טייפו,,תה לונדון דומדומיות כחולות אורגני 20 יח,יחידה,20.00,יחידה,false,1,15.20,0.7600,true,1,4791
5060123608113,false,תה לונדון פטל 20 יח,טייפו,,תה לונדון פטל 20 יח,יחידה,20.00,יחידה,false,1,15.20,0.7600,true,1,31184
5060154911794,false,בירה ברודוג דד פוני,סקוטלנד,,בירה ברודוג דד פוני פייל אייל 330מל בק.פ,מיליליטרים,330.00,"100 מ""ל",false,1,16.90,5.1212,true,1,11785
5060154914160,false,בירה ברודוג וגבונד פ,ברודוג פי אל סי,,בירה ברודוג וגבונד פייל אייל 330מל בק.פק,מיליליטרים,330.00,"100 מ""ל",false,1,16.90,5.1212,true,1,11784
5060154918236,false,בירה ברודוג מיסטר פר,,GB,בירה ברודוג מיסטר פרזידנט 330מל בק.פקדון,מיליליטרים,330.00,"100 מ""ל",false,1,19.90,6.0303,true,1,30486
5060169982024,true,קפה נמס ביניס אגוז ש,ביניס דה פלייוור קו,,קפה נמס ביניס אגוז שובב 50 גרם,Unknown,0.00,Unknown,false,1,19.90,0.0000,true,1,16411
5060169982031,true,קפה נמס ביניס דאבל ש,ביניס דה פלייוור קו,,קפה נמס ביניס דאבל שוקולד 50 גרם,Unknown,0.00,Unknown,false,1,19.90,0.0000,true,1,16408
5060169982062,true,קפה נמס ביניס קרמל מ,ביניס דה פלייוור קו,,קפה נמס ביניס קרמל מקורמל 50 גרם,Unknown,0.00,Unknown,false,1,19.90,0.0000,true,1,16407
5060169982123,true,קפה נמס ביניס איירש,ביניס דה פלייוור קו,,קפה נמס ביניס איירש קרם 50 גרם,Unknown,0.00,Unknown,false,1,19.90,0.0000,true,1,16409
5060190560741,false,בירה אינס אנד גון רו,,,בירה אינס אנד גון רום פיניש 330מל פקדון,מיליליטרים,330.00,"100 מ""ל",false,1,12.90,3.9091,true,1,15628
5060190561267,false,בירה אינס אנד גון לא,,,בירה אינס אנד גון לאגר 330מל פקדון,מיליליטרים,330.00,"100 מ""ל",false,1,12.90,3.9091,true,1,15629
5060250343741,false,מארז 6 יח חטיף הרשיז,הרשיז,US,מארז 6 יח חטיף הרשיז ראונד קוקיס 96 גר,Unknown,0.00,Unknown,false,12,10.90,0.0000,true,1,40699
5060250343765,false,מארז 6 יח חטיף ריסז,הרשיז,US,מארז 6 יח חטיף ריסז ראונדס בוטנים 96 גר,Unknown,0.00,Unknown,false,12,10.90,0.0000,true,1,40698
5060255492154,false,אברקךין  חול תורכיז,,NL,אברקךין תורכיז ללא בושם 6 לי,ליטרים,6.00,ליטר,false,1,59.90,9.9833,true,1,42708
5060255492185,false,אברקלין חול  ירוק ני,,NL,חול חתולים אברקלין לוונדר 5קג,קילוגרמים,5.00,"ק""ג",false,1,59.90,11.9800,true,1,15441
5060283762199,false,ציפס עדשים פרופר מלח,,GB,ציפס עדשים פרופר מלח ים 85 גרם,Unknown,0.00,Unknown,false,8,15.90,0.0000,true,1,43722
5060283762205,false,ציפס עדשים פרופר סרי,,GB,ציפס עדשים פרופר סריראצה וצילי 85 גרם,Unknown,0.00,Unknown,false,8,15.90,0.0000,true,1,43723
5060283762212,false,ציפס עדשים פרופר ברב,,GB,ציפס עדשים פרופר ברביקיו 85 גרם,Unknown,0.00,Unknown,false,8,15.90,0.0000,true,1,43818
5060305460454,false,חטיף ציפס סקראביס חו,בי אנד ג'י,,חטיף ציפס סקראביס חומוס מלח ים 125 גרם,גרמים,125.00,100 גרם,false,1,15.90,12.7200,true,1,16476
5060319120023,false,תה קינמון הייר ליבינ,הייר ליבינג,,תה קינמון הייר ליבינג אורגני20יח,גרמים,20.00,100 גרם,false,1,16.90,84.5000,true,1,13820
5060319120047,false,תה ורי ברי הייר ליבי,הייר ליבינג,,תה ורי ברי הייר ליבינג אורגני20יח,גרמים,20.00,100 גרם,false,1,16.90,84.5000,true,1,13821
5060319120078,false,תה סוויט דרימס הייר,הייר ליבינג,,תה סוויט דרימס הייר ליבינג אורגני20יח,גרמים,20.00,100 גרם,false,1,16.90,84.5000,true,1,13822
5060319120108,false,תה ארל גריי הייר ליב,הייר ליבינג,,תה ארל גריי הייר ליבינג אורגני20יח,גרמים,20.00,100 גרם,false,1,16.90,84.5000,true,1,13819
5060319120115,false,תה ירוק הייר ליבינג,הייר ליבינג,,תה ירוק הייר ליבינג אורגני20יח,גרמים,20.00,100 גרם,false,1,16.90,84.5000,true,1,13750
5060319120122,false,תה צאי ירוק הייר ליב,הייר ליבינג,,תה צאי ירוק הייר ליבינג אורגני20יח,גרמים,20.00,100 גרם,false,1,16.90,84.5000,true,1,14078
5060319120153,false,תה קמומיל ונילה הייר,הייר ליבינג,,תה קמומיל ונילה הייר ליבינג אורגני20יח,גרמים,20.00,100 גרם,false,1,16.90,84.5000,true,1,13134
5060319129286,false,תה לבן הייר ליבינג א,הייר ליבינג,,תה לבן הייר ליבינג אורגני20יח,גרמים,20.00,100 גרם,false,1,16.90,84.5000,true,1,13136
5060319129422,false,חליטת דיטוקס אורגני,הייר ליבינג,GB,חליטת דיטוקס אורגני 25 גר הייר ליבינג,יחידה,1.00,יחידה,false,4,15.90,15.9000,true,1,28782
5060319129491,false,תה חליטת כורכום הייר,הייר ליבינג,,תה חליטת כורכום הייר ליבינג אורגני20יח,גרמים,20.00,100 גרם,false,1,16.90,84.5000,true,1,13823
5060326870805,false,חטיף סויה תפוא טעם ב,,GB,חטיף סויה תפוא טעם ברביקיו גוד אנסט 85גר,Unknown,0.00,Unknown,false,8,10.90,0.0000,true,1,39254
5060326870829,false,חטיף סויה תפוא מתוק,,GB,חטיף סויה תפוא מתוק מלוח גוד אנסט 85גר,Unknown,0.00,Unknown,false,8,10.90,0.0000,true,1,39248
5060326870881,false,חטיף סויה אפונה מלוח,,GB,חטיף סויה אפונה מלוח גוד אנסט 85גר,Unknown,0.00,Unknown,false,8,10.90,0.0000,true,1,39247
5060336504486,false,חרדל פיקלילי היוורדס,הייוורדס,GB,כרוב אדום כבוש הייוורדס 400 גרם,גרמים,400.00,100 גרם,false,6,22.90,5.7250,true,1,30714
5060336504509,false,כרוב אדום כבוש הייוו,הייוורדס,GB,כרוב אדום כבוש הייוורדס 400 גרם,גרמים,400.00,100 גרם,false,6,25.90,6.4750,true,1,30713
5060350561434,false,חטיף איזי בר שוקולד,,DE,חטיף איזי בר שוקולד קרמל,יחידה,1.00,יחידה,false,18,18.90,18.9000,true,1,24013
5060402904738,false,עוגיות שוקוציפס אם א,,GB,עוגיות שוקוציפס אם אנד אמס 180 גרם,גרמים,180.00,100 גרם,false,8,12.90,7.1667,true,1,28557
5060402904752,false,עוגיות שוקוציפס בואנ,,GB,עוגיות שוקוציפס בואנטי 180 גרם,גרמים,180.00,100 גרם,false,8,12.90,7.1667,true,1,28556
5060402906459,false,עוגיות שוקוציפס טווי,בורטונס,,עוגיות שוקוציפס טוויקס  144 גרם,גרמים,180.00,100 גרם,false,1,12.90,7.1667,true,1,28593
5060412214124,false,אברקלין חול ללא עקבו,,NL,חול חתולים אברקלי בריז 5 קג,קילוגרמים,5.00,"ק""ג",false,1,59.90,11.9800,true,1,24262
5060465390004,false,בירה סקיני לאגר 330מ,סקיני בראנדס,GB,בירה סקיני לאגר 330מל ל.גלוטן בק.פקדון,מיליליטרים,330.00,"100 מ""ל",false,24,8.90,2.6970,true,1,20375
5060517886486,false,משקה אנרגיה מונסטר,,,משקה אנרגיה מונסטר  אנרגי 500מל פח.פקדון,מיליליטרים,500.00,"100 מ""ל",false,1,7.60,1.5200,true,1,23325
5060517886516,false,משקה אנרגיה מונסטר,,,משקה אנרגיה מונסטר  זירו 500מל פח.פקדון,מיליליטרים,500.00,"100 מ""ל",false,1,7.60,1.5200,true,1,23326
5060639128051,false,משקה אנרגיה מונסטר א,,,משקה אנרגיה מונסטר אולטרה500מל פח.פקדון,מיליליטרים,500.00,"100 מ""ל",false,1,7.60,1.5200,true,1,26168
5060639129102,false,משקה אנרגיה מונסטר מ,,,משקה אנרגיה מונסטר מנגו 500מל פח.פקדון,מיליליטרים,500.00,"100 מ""ל",false,1,7.60,1.5200,true,1,29448
5060671000087,false,משקה טוניק 200מל בק.,,GB,משקה טוניק 200מל בק. פקדון סנטס 3,מיליליטרים,200.00,"100 מ""ל",false,24,8.30,4.1500,true,1,32671
5060671000124,false,משקה למון טוניק 200מ,,GB,משקה למון טוניק 200מל בק.פקדון סנטס 3,מיליליטרים,200.00,"100 מ""ל",false,24,8.30,4.1500,true,1,32674
5060671000148,false,משקה גינגר ביר 200מל,,GB,משקה גינגר ביר 200מל בק. פקדון סנטס 3,מיליליטרים,200.00,"100 מ""ל",false,24,8.30,4.1500,true,1,32672
5060751218173,false,משקה אנרגיה מונסטר פ,,,משקה אנרגיה מונסטר פיפליי 500מל פח.פקדון,מיליליטרים,500.00,"100 מ""ל",false,1,7.60,1.5200,true,1,41537
5060751219033,false,משקה אנרגיה מונסטר א,,,משקה אנרגיה מונסטר אולטרה 500מל פח.פקדון,מיליליטרים,500.00,"100 מ""ל",false,1,7.60,1.5200,true,1,41538
5099873006504,false,וויסקי גק דניאלס פיי,בראון פורמן,,וויסקי גק דניאלס פייר 700 מל פקדון,מיליליטרים,700.00,"100 מ""ל",false,6,110.00,15.7143,true,1,13969
5099873015506,false,ליקר סאוטרן קומפורט,,,ליקר סאוטרן קומפורט 700 מל,מיליליטרים,700.00,"100 מ""ל",false,1,89.00,12.7143,true,1,14675
5099873038758,false,וויסקי גנטלמן גק 700,בראון פורמן,,וויסקי גנטלמן גק 700 מל,מיליליטרים,700.00,"100 מ""ל",false,1,149.00,21.2857,true,1,13166
5200100943749,false,עוגיות ויולנטא שבולת,,GR,עוגיות ויולנטה שבולת שועל חמאת בוטנים180,גרמים,180.00,100 גרם,false,12,11.90,6.6111,true,1,30887
5200100943763,false,עוגיות ויולנטא שבולת,,GR,עוגיות ויולנטא שבולת שועל קרם טחינה180,גרמים,180.00,100 גרם,false,12,11.90,6.6111,true,1,30889
5200100943787,false,עוגיות ויולנטא שבולת,,GR,עוגיות ויולנטה שבולת שועל שוקולד מריר180,גרמים,180.00,100 גרם,false,12,11.90,6.6111,true,1,30888
5200100943800,false,עוגיות ויולנטא סובין,,GR,עוגיות סובין ויולנטה שוקולד מריר 170 גר,גרמים,170.00,100 גרם,false,12,11.90,7.0000,true,1,30885
5200100943824,false,עוגיות ויולנטא סובין,,GR,עוגיות סובין ויולנטה קרם טחינה 170 גר,גרמים,170.00,100 גרם,false,12,11.90,7.0000,true,1,30886
5200101940280,false,יין רצינה טיר אוף דה,,,יין רצינה טיר אוף דה פיין קכריס 750 מל,מיליליטרים,750.00,"100 מ""ל",false,6,110.00,14.6667,true,1,44419
5200116159554,false,יין פטרי לבן 750 מל,TROUPIS WINERY,,יין פטרי לבן 750 מל כולל פקדון,מיליליטרים,750.00,"100 מ""ל",false,1,65.00,8.6667,true,1,11472
5200116159578,false,יין פטרי רוזה 750 מל,TROUPIS WINERY,,יין פטרי רוזה 750 מל כולל פקדון,מיליליטרים,750.00,"100 מ""ל",false,1,65.00,8.6667,true,1,11474
5200133120476,false,גלילי וופל גולדן ברי,גולדן ברייק,,גלילי וופל קרם אגוזים 400 גר גולדן ברייק,גרמים,400.00,100 גרם,false,1,15.90,3.9750,true,1,17342
5200133120483,false,גלילי וופל גולדן ברי,גולדן ברייק,,גלילי וופל קרם וניל 400 גר גולדן ברייק,גרמים,400.00,100 גרם,false,1,15.90,3.9750,true,1,17341
5200133120735,false,גלילי וופל גולדן ברי,גולדן ברייק,,גלילי וופל גולדן ברייק מריר 400 גרם,גרמים,400.00,100 גרם,false,1,15.90,3.9750,true,1,29932
5200303832925,false,גלילוני וופל בולרו ק,,,גלילוני וופל בולרו קרם קפוצינו 400 גר,גרמים,400.00,100 גרם,false,1,16.90,4.2250,true,1,6210
5200303833328,false,גלילוני וופל בולרו ק,,,גלילוני וופל בולרו קרם תות 400 גר,גרמים,400.00,100 גרם,false,1,16.90,4.2250,true,1,7994
5200303833991,false,גלילוני וופל בולרו ש,,,גלילוני וופל בולרו שוקו תפוז 400 גר,גרמים,400.00,100 גרם,false,1,16.90,4.2250,true,1,14918
5201003110702,false,משקה אוזו 12 700 מל,קמפרי (יורו),,משקה אוזו 12 750 מל פיקדון,מיליליטרים,700.00,"100 מ""ל",false,1,79.90,11.4143,true,1,1487
5201004020338,false,ופל רולס קפריס קלאסי,קפריס,,ופל רולס קפריס קלאסי 400 גרם,גרמים,400.00,100 גרם,false,1,19.90,4.9750,true,1,20638
5201004021328,false,ופל רולס קפריס קלאסי,קפריס,,גלילי ופל כפריס קרם אגוזים 115 גרם,גרמים,115.00,100 גרם,false,1,8.90,7.7391,true,1,13420
5201008420271,false,וופל סרנטה מיני מצופ,,GR,וופל סרנטה מיני מצופה 450 גר 50 יח,גרמים,450.00,100 גרם,false,1,28.90,6.4222,true,1,41299
5201119008542,false,עלי גפן ממולאים באור,,GR,עלי גפן ממולאים באורז עשבי תיבול 200 גר,גרמים,200.00,100 גרם,false,12,13.90,6.9500,true,1,44383
5201178026686,false,שמן שיזוף ניוואה סאן,ביירסדורף,DE,שמן שיזוף ניוואה סאן 200מל מסנן קרינה 6,מיליליטרים,200.00,"100 מ""ל",false,12,37.90,18.9500,true,1,20578
5201178801047,false,קרם ניוואה רב שימושי,beiersdorf,,קרם ניוואה רב שימושי 150מל,מיליליטרים,150.00,"100 מ""ל",false,1,14.90,9.9333,true,1,1488
5201299124445,false,יין נמאה רזרב סמלי 7,,,יין נמאה רזרב סמלי 750 מל,מיליליטרים,750.00,"100 מ""ל",false,6,75.00,10.0000,true,1,44417
5201299505411,false,יין אוריינוס הליוס ל,,,יין אוריינוס הליוס לבן סמלי 750 מל,מיליליטרים,750.00,"100 מ""ל",false,6,60.00,8.0000,true,1,44415
5201299606866,false,יין מאנטיניה לבן סמל,,,יין מאנטיניה לבן סמלי 750 מל,מיליליטרים,750.00,"100 מ""ל",false,6,75.00,10.0000,true,1,44416
5201347400545,false,ויט רצועות שעווה לפנ,רקיט בנקיזר צרפת,,ויט רצועות שעווה לפנים,Unknown,0.00,Unknown,false,1,21.90,0.0000,true,1,7191
5201583041595,false,סוכריות טופי שוקולד,PALLAS,,סוכריות טופי שוקולד פאלאס 1 קג,קילוגרמים,1.00,"ק""ג",false,1,29.90,29.9000,true,1,7571
5201583042028,false,טופי פירות ללא סוכר,PALLAS,,טופי פירות ללא סוכר 175 גר פלאס,גרמים,175.00,100 גרם,false,1,11.90,6.8000,true,1,4915
5201583045098,false,סוכריות טופי קפה פאל,PALLAS,,סוכריות טופי קפה פאלאס 1 קג,קילוגרמים,1.00,"ק""ג",false,1,29.90,29.9000,true,1,7570
5201583047092,false,סוכריות טופי פירות פ,PALLAS,,סוכריות טופי פירות פאלאס 1 קג,קילוגרמים,1.00,"ק""ג",false,1,29.90,29.9000,true,1,7566
5201583084035,false,סוכ.4 טעמים ללא סוכר,PALLAS,,סוכ.4 טעמים ללא סוכר 150 גר פלאס,גרמים,150.00,100 גרם,false,1,11.90,7.9333,true,1,8363
5201583115098,false,סוכריות גלי פירות 1,PALLAS,,סוכריות גלי פירות 1 קג פאלאס,קילוגרמים,1.00,"ק""ג",false,1,29.90,29.9000,true,1,6052
5201583116095,false,סוכריות מיני גלי פיר,PALLAS,,סוכריות מיני גלי פירות 1 קג,קילוגרמים,1.00,"ק""ג",false,1,29.90,29.9000,true,1,6467
5201704064038,false,יוגורט יווני קוליאוס,,GR,יוגורט יווני קוליאוס 1 קג 10% שומן,קילוגרמים,1.00,"ק""ג",false,1,29.90,29.9000,true,1,13873
5201704064243,false,יוגורט יווני 500 גרם,,GR,יוגורט יווני 500 גרם קוליאוס 10% שומן,גרמים,500.00,100 גרם,false,1,16.90,3.3800,true,1,14393
5201940010011,false,זית טבעי שחורבפח 454,סיוראס,,זית טבעי שחורבפח 454 גר,גרמים,454.00,100 גרם,false,1,14.90,3.2819,true,1,4361
5201940010110,false,זית קלמטה שחור בפח 4,סיוראס,,זית קלמטה שחור בפח 454 גר,גרמים,454.00,100 גרם,false,1,14.90,3.2819,true,1,4362
5202300014496,false,ספריי לעיצוב שיער וו,,FR,ספריי לעיצוב שיער וולה פלקס 250מל אקסטרה,מיליליטרים,250.00,"100 מ""ל",false,6,29.90,11.9600,true,1,31592
5202300014519,false,ספריי לעיצוב שיער צב,,FR,ספריי לעיצוב שיער צבוע וולה פלקס 250 מל,מיליליטרים,250.00,"100 מ""ל",false,6,29.90,11.9600,true,1,31595
5202302000022,false,ליליה זיתים שחורים ט,,,ליליה זיתים שחורים טבעיים 275 גרם,גרמים,275.00,100 גרם,false,1,14.90,5.4182,true,1,40400
5202302010014,false,ליליה זיתים שחורים ט,,,ליליה זיתים שחורים טבעיים טאסוס 275 גרם,גרמים,275.00,100 גרם,false,1,14.90,5.4182,true,1,40401
5202386001199,false,מארז 10יח פיתות גירו,,GR,מארז 10יח פיתות גירוס יווניות 75גר,יחידה,10.00,יחידה,false,12,19.90,1.9900,true,1,28394
5202390014192,false,צהובה טבעונית זיתים,,,צהובה טבעונית זיתים 200 גרם,גרמים,200.00,100 גרם,false,1,19.90,9.9500,true,1,16894
5202390014222,false,צהובה טבעונית עגבניו,,,צהובה טבעונית עגבניות בזיליקום 200,גרמים,200.00,100 גרם,false,1,19.90,9.9500,true,1,16893
5202390014239,false,צהובה טבעונית עשבי ת,,,צהובה טבעונית עשבי תיבול 200 גרם,גרמים,200.00,100 גרם,false,1,19.90,9.9500,true,1,16895
5202390015618,false,צהובה טבעונית אורגינ,,,צהובה טבעונית אורגינל 200 גרם,גרמים,200.00,100 גרם,false,1,19.90,9.9500,true,1,10324
5202390015885,false,צהובה טבעונית בסגנון,ביוט איילנד פודס בעמ,GR,צהובה טבעונית בסגנון צדר 200גר ויולייף,גרמים,200.00,100 גרם,false,12,22.90,11.4500,true,1,42405
5202390016141,false,צהובה טבעונית מוצרלה,,,צהובה טבעונית מוצרלה 400 גרם ליב,גרמים,400.00,100 גרם,false,1,24.90,6.2250,true,1,11636
5202390016325,false,צהובה טבעונית בטעם מ,,,צהובה טבעונית בטעם מעושן 200 גרם,גרמים,200.00,100 גרם,false,1,19.90,9.9500,true,1,12683
5202390016967,false,צהובה טבעונית פטריות,,,צהובה טבעונית פטריות 200 גרם,גרמים,200.00,100 גרם,false,1,19.90,9.9500,true,1,12682
5202390019319,false,בסגנון מוצרלה 200גר,,,בסגנון מוצרלה 200גר טבעונית מגורדת לפיצה,גרמים,200.00,100 גרם,false,1,24.90,12.4500,true,1,17409
5202390020407,false,תחליף בסגנון פטה טבע,ביוט איילנד פודס בעמ,GR,תחליף בסגנון פטה טבעוני 200 גר,גרמים,200.00,100 גרם,false,12,23.90,11.9500,true,1,19379
5202390021121,false,תחליף קרמי אורגינל ט,ביוט איילנד פודס בעמ,GR,תחליף קרמי אורגינל טבעוני 150גר ויולייף,גרמים,150.00,100 גרם,false,9,18.90,12.6000,true,1,19377
5202390022319,false,בסגנון צדר מגורדת וי,ביוט איילנד פודס בעמ,GR,בסגנון צדר מגורדת ויולייף 150גר,גרמים,150.00,100 גרם,false,12,22.90,15.2667,true,1,42406
5202413007019,false,אוזו פלומארי כשר 700,,GR,אוזו פלומארי כשר 700 מל,מיליליטרים,700.00,"100 מ""ל",false,6,79.90,11.4143,true,1,25588
5202413870095,false,ערק גולנר ירוק כשר ל,,,ערק גולנר ירוק כשר לפסח 700 מל,מיליליטרים,700.00,"100 מ""ל",false,1,65.00,9.2857,true,1,41412
5202795080709,false,אוזו מטקסה 700 מל,רמי קואנטרו,,אוזו מטקסה 700 מל פקדון,מיליליטרים,700.00,"100 מ""ל",false,1,69.90,9.9857,true,1,4065
5202795120054,false,ברנדי מטאקסה 5 כוכבי,רמי קואנטרו,,ברנדי מטאקסה 5 כוכבים 700 מל פקדון,מיליליטרים,700.00,"100 מ""ל",false,1,105.00,15.0000,true,1,7575
5202795130022,false,ברנדי מטאקסה 7 באריז,רמי קואנטרו,,ברנדי מטאקסה 7 באריזת שי 700מל פקדון,מיליליטרים,700.00,"100 מ""ל",false,1,130.00,18.5714,true,1,8867
5202795150297,false,ברנדי מטאקסה 12 בארי,רמי קואנטרו,,ברנדי מטאקסה 12 באריזת שי 700מל פקדון,מיליליטרים,700.00,"100 מ""ל",false,1,145.00,20.7143,true,1,13529
5202904400305,false,גבינת קפלוטירי יווני,,GR,גבינת קפלוטירי יווני 300 גרם בקר,גרמים,300.00,100 גרם,false,1,24.90,8.3000,true,1,29909
5202904540308,false,גבינת קפלוטירי יווני,,GR,גבינת קפלוטירי יווני 300 גרם צאן,גרמים,300.00,100 גרם,false,1,29.90,9.9667,true,1,29910
5203197122028,false,גבינת מנורי יווני צא,,,גבינת מנורי יווני צאן 200גר,גרמים,200.00,100 גרם,false,1,19.90,9.9500,true,1,42002
5310099005462,false,תערובת מיזלי גרין קר,וויטליה,,תערובת מיזלי גרין קרנץ שוקולד 1 קג,קילוגרמים,1.00,"ק""ג",false,1,24.90,24.9000,true,1,6992
5310115000228,false,עוגת רולדה תות 300 ג,,,עוגת רולדה תות 300 גר וינשיני,גרמים,300.00,100 גרם,false,1,7.50,2.5000,true,1,5318
5310115000235,false,עוגת רולדה שוקולד 30,,,עוגת רולדה שוקולד 300 גר וינשיני,גרמים,300.00,100 גרם,false,1,7.50,2.5000,true,1,5317
5310115000440,false,עוגת רולדה פטל 300 ג,,,עוגת רולדה פטל 300 גר וינשיני,גרמים,300.00,100 גרם,false,1,7.50,2.5000,true,1,7168
5310115000501,false,בסיס לעוגת בית רגיל,,,בסיס לעוגת בית רגיל 400 גר ויציני,גרמים,400.00,100 גרם,false,1,13.90,3.4750,true,1,6613
5310115000518,false,בסיס לעוגת בית שוקו,,,בסיס לעוגת בית שוקו 400 גר ויציני,גרמים,400.00,100 גרם,false,1,13.90,3.4750,true,1,6614
5310115001324,false,עוגת רולדה אוכמניות,,,עוגת רולדה אוכמניות 300 גר וינשיני,גרמים,300.00,100 גרם,false,1,7.50,2.5000,true,1,5972
5310134000889,false,ממתק גילו דוניא 400,,MK,ממתק גילו 400 גרם,גרמים,400.00,100 גרם,false,10,14.90,3.7250,true,1,27599
5310134008151,false,ממתק לוקום דוניא 400,,MK,ממתק לוקום דוניא 400 גרם,גרמים,400.00,100 גרם,false,10,14.90,3.7250,true,1,27595
5310134008168,false,ממתק לוקום עם פיסטוק,,MK,ממתק לוקום עם פיסטוק דוניא 400 גרם,גרמים,400.00,100 גרם,false,10,15.90,3.9750,true,1,27596
5310329002261,false,סט דלי חוף ממותג באט,,,סט דלי חוף ממותג באטמן,יחידה,1.00,יחידה,false,1,29.90,29.9000,true,1,32253
5310329002766,false,סט דלי חוף ממותג טוו,,,סט דלי חוף ממותג טוויטי,יחידה,1.00,יחידה,false,1,29.90,29.9000,true,1,31501
5319990181848,false,ממתק לוקום דוניא 200,,,ממתק לוקום דוניא 200 גרם,גרמים,200.00,100 גרם,false,16,7.90,3.9500,true,1,27597
5319990225511,false,עוגת רולדה אגוזים 30,,,עוגת רולדה אגוזים 300 גר וינשיני,גרמים,300.00,100 גרם,false,1,7.50,2.5000,true,1,5320
5319990225528,false,עוגת רולדה קרמל 300,,,עוגת רולדה קרמל 300 גר וינשיני,גרמים,300.00,100 גרם,false,1,7.50,2.5000,true,1,5319
5319990225535,false,עוגת רולדה קקאו 300,,,עוגת רולדה קקאו 300 גר וינשיני,גרמים,300.00,100 גרם,false,1,7.50,2.5000,true,1,5324
5391500600094,false,בירה אוהרס אייריש רד,,,בירה אוהרס אייריש רד 330מל בק. פקדון,מיליליטרים,330.00,"100 מ""ל",false,1,11.90,3.6061,true,1,29271
5391500600117,false,בירה אוהרס סטאוט 330,,,בירה אוהרס סטאוט 330מל פקדון,מיליליטרים,330.00,"100 מ""ל",false,1,11.90,3.6061,true,1,29257
5391500600650,false,בירה אוהרס אייריש פי,,,בירה אוהרס אייריש פייל אייל330מל בק.פקדו,מיליליטרים,330.00,"100 מ""ל",false,1,11.90,3.6061,true,1,29272
5391500600698,false,בירה אוהרס ליין פולי,,,בירה אוהרס ליין פולין 6% 330מל פקדון,מיליליטרים,330.00,"100 מ""ל",false,1,11.90,3.6061,true,1,29258
5391500602210,false,בירה אוהרס אייריש סט,,,בירה אוהרס אייריש סטאוט ניטרו 440מל פח.פ,מיליליטרים,440.00,"100 מ""ל",false,24,16.90,3.8409,true,1,39944
5391500602487,false,בירה אוהרס ווסט קוסט,,,בירה אוהרס ווסט קוסט 440מל פח.פקדון,מיליליטרים,440.00,"100 מ""ל",false,24,16.90,3.8409,true,1,39946
5391500602500,false,בירה אוהרס הייזי אי.,,,בירה אוהרס הייזי אי.פי.אי 440מל פח.פקדון,מיליליטרים,440.00,"100 מ""ל",false,24,16.90,3.8409,true,1,39947
5391516875974,false,משקה סיידר שיכר תפוח,,IE,משקה סיידר שיכר תפוחים מאגנרס 330מל,מיליליטרים,330.00,"100 מ""ל",false,1,6.90,2.0909,true,1,40223
5391523057929,false,תחליף חלב סימילאק גו,,,תחליף חלב סימילאק גולד שלב 1 700גר,גרמים,700.00,100 גרם,false,1,69.90,9.9857,true,1,17660
5391523057936,false,תחליף חלב סימילאק גו,,,תחליף חלב סימילאק גולד שלב 2 700גר,גרמים,700.00,100 גרם,false,1,69.90,9.9857,true,1,17661
5391523057943,false,תחליף חלב סימילאק גו,,,תחליף חלב סימילאק גולד שלב 3 700גר,גרמים,700.00,100 גרם,false,1,69.90,9.9857,true,1,17662
5391523058063,false,תחליף חלב סימילאק פל,,,תחליף חלב סימילאק פלוס שלב 1 700גר,גרמים,700.00,100 גרם,false,1,64.90,9.2714,true,1,18213
5391523058070,false,תחליף חלב סימילאק פל,,,תחליף חלב סימילאק פלוס שלב 3 700גר,גרמים,700.00,100 גרם,false,1,64.90,9.2714,true,1,18215
5391523058087,false,תחליף חלב סימילאק פל,,,תחליף חלב סימילאק פלוס שלב 2 700גר,גרמים,700.00,100 גרם,false,1,64.90,9.2714,true,1,18214
5391533970003,false,וויסקי סינגל מאלט סק,,,וויסקי סינגל מאלט סקסטון 700 מל,מיליליטרים,700.00,"100 מ""ל",false,1,149.00,21.2857,true,1,20689
5400141098860,false,בצלי שאלוט סגול בחומ,אהק בי.וקולברד,BE,בצלי שאלוט סגול בחומץ בוני 660 גרם,גרמים,660.00,100 גרם,false,12,24.90,3.7727,true,1,22396
5400141124163,false,מיץ לימון אברי דיי 2,קולרט,BE,מיץ לימון אברי דיי 250 מל,גרמים,250.00,100 גרם,false,12,7.50,3.0000,true,1,43814
5400141243635,false,מאפה מבצק עלים בוני,,,מאפה מבצק עלים בוני קרקלין מסוכר 450 גרם,גרמים,450.00,100 גרם,false,1,14.90,3.3111,true,1,22582
5400141260472,false,תה שחור ביו בוני 25,קולרדת בוני בי וי,NL,תה שחור ביו בוני 25 יח 2 גרם,יחידה,25.00,יחידה,false,12,14.90,0.5960,true,1,32399
5400141288407,false,רוטב צילי סמבל בוני,,,רוטב צילי סמבל בק לחיץ 200 גרם,גרמים,200.00,100 גרם,false,1,12.90,6.4500,true,1,24453
5400141290523,false,רוטב טריאקי מתוק לוו,,,רוטב טריאקי מתוק לווק בוני 200 מל,מיליליטרים,200.00,"100 מ""ל",false,1,14.90,7.4500,true,1,24454
5400141322668,false,חטיף טורטילה טבעי בו,קולרדת בוני בי וי,BE,חטיף טורטילה טבעי בוני 200 גרם,גרמים,200.00,100 גרם,false,20,11.90,5.9500,true,1,30324
5400141323023,false,חטיף קורניטוס נאצוס,קולרדת בוני בי וי,BE,חטיף קורניטוס נאצוס גבינה בוני 125 גרם,גרמים,125.00,100 גרם,false,24,11.90,9.5200,true,1,26762
5400141323788,false,חטיף נאצוס טעם חמוצי,קולרדת בוני בי וי,BE,חטיף נאצוס טעם חמוצים 200 גרם,גרמים,200.00,100 גרם,false,24,11.90,5.9500,true,1,29593
5400141342420,false,חטיף תפוא בוני אפוי,קולרדת בוני בי וי,BE,חטיף תפוא בוני אפוי עם פפריקה 200 גרם,גרמים,200.00,100 גרם,false,24,11.90,5.9500,true,1,26761
5400141353969,false,רוט פסטה מסקרפונה בו,קולרדת בוני בי וי,BE,רוט פסטה מסקרפונה בוני 420 גרם,גרמים,420.00,100 גרם,false,24,19.90,4.7381,true,1,31847
5400141357530,false,רצועות מלפפון בוני ח,,,רצועות מלפפון בוני חמוץ מתוק 510 גר,גרמים,510.00,100 גרם,false,1,19.90,3.9020,true,1,31848
5400141393033,false,חליטות מנטה בוני 25,קולרדת בוני בי וי,NL,חליטות מנטה בוני 25 יח 1.5 גרם,יחידה,25.00,יחידה,false,12,11.90,0.4760,true,1,32401
5400141393040,false,חליטות קמומיל בוני 2,קולרדת בוני בי וי,NL,חליטות קמומיל בוני 25 יח 1.5 גרם,יחידה,25.00,יחידה,false,12,11.90,0.4760,true,1,32400
5400265019055,false,בונבוניירה המלט זהוב,HAMLET NV,BE,בונבוניירה המלט זהוב 125 גר,גרמים,125.00,100 גרם,false,1,22.90,18.3200,true,1,4074
5400265022796,false,דפדפי שוקולד קריספי,HAMLET NV,,דפדפי שוקולד קריספי 125 גר המלט,גרמים,125.00,100 גרם,false,1,15.00,12.0000,true,1,5232
5400265022802,false,דפדפי שוקולד 57% קקא,HAMLET NV,,דפדפי שוקולד 57% קקאו 125 גר המלט,גרמים,125.00,100 גרם,false,1,15.00,12.0000,true,1,5231
5400265022819,false,דפדפי שוקולד אגוז קר,HAMLET NV,,דפדפי שוקולד אגוז קריספי 125 גר המלט,גרמים,125.00,100 גרם,false,1,15.00,12.0000,true,1,5233
5400265022826,false,דפדפי שוקולד תפוז קר,HAMLET NV,,דפדפי שוקולד תפוז קריספי 125 גר המלט,גרמים,125.00,100 גרם,false,1,15.00,12.0000,true,1,5234
5400265024349,false,מאפה מבצק עלים מסוכר,HAMLET NV,,מאפה מבצק עלים מסוכר 250 ג המלט,גרמים,250.00,100 גרם,false,1,11.90,4.7600,true,1,5999
5400265026138,false,בונבוניירה המלט מודר,HAMLET NV,,בונבוניירה המלט מודרני 250 גר,גרמים,250.00,100 גרם,false,1,45.90,18.3600,true,1,7394
5400265026152,false,בונבוניירה המלט קלאס,HAMLET NV,,בונבוניירה המלט קלאסיק 250 גר,גרמים,250.00,100 גרם,false,1,45.90,18.3600,true,1,7393
5400265027739,false,בונבוניירה המלט זהוב,HAMLET NV,,בונבוניירה המלט זהוב סרט אדום 250 גר,גרמים,250.00,100 גרם,false,1,54.90,21.9600,true,1,32714
5400265032337,false,בונבוניירה המלט צסטר,HAMLET NV,BE,בונבוניירה המלט צסטרפילד לבן 125 גר,גרמים,125.00,100 גרם,false,1,22.90,18.3200,true,1,12627
5400265032344,false,בונבוניירה המלט ליין,HAMLET NV,,בונבוניירה המלט ליין לאב 250 גר,גרמים,250.00,100 גרם,false,1,45.90,18.3600,true,1,32710
5400265032993,false,עוגיות מרנג המלט לבן,HAMLET NV,,עוגיות מרנג המלט לבן 100 גר,גרמים,100.00,100 גרם,false,1,13.00,13.0000,true,1,11125
5400265039596,false,בונבוניירה המלט קופי,HAMLET NV,,בונבוניירה המלט קופידו אדום 250 גר,גרמים,250.00,100 גרם,false,1,45.90,18.3600,true,1,32712
5400265039848,false,בונבוניירה המלט טררה,HAMLET NV,,בונבוניירה המלט טררה קוטה 250 גר,גרמים,250.00,100 גרם,false,1,54.90,21.9600,true,1,32713
5400265040745,false,בונבוניירה המלט ליין,HAMLET NV,,בונבוניירה המלט ליין מנוקד 250 גר,גרמים,250.00,100 גרם,false,1,45.90,18.3600,true,1,32711
5410081206201,false,בונ.קוטדור מיניונט ח,מונדליז,BE,בונ.קוטדור מיניונט חלב 240 גרם,גרמים,240.00,100 גרם,false,12,27.90,11.6250,true,1,33013
5410091648176,false,דאו פה רול און פינק,שוורצקופף והנקל,,דאו פה רול און פינק פראדיס 50 מל,מיליליטרים,50.00,"100 מ""ל",false,1,8.90,17.8000,true,1,4377
5410091678005,false,ספריי שיער סאיוס ליצ,מריבור,,ספריי שיער סאיוס ליצירת נפח 400 מל,מיליליטרים,400.00,"100 מ""ל",false,1,24.90,6.2250,true,1,16627
5410091678043,false,מוס סאיוס לשיער מתול,מריבור,,מוס סאיוס לשיער מתולתל 250מל,מיליליטרים,250.00,"100 מ""ל",false,1,19.90,7.9600,true,1,16631
5410091708948,false,מוס סאיוס קרטין 250מ,מריבור,,מוס סאיוס קרטין 250מל,מיליליטרים,250.00,"100 מ""ל",false,1,19.90,7.9600,true,1,16633
5410091708955,false,ספריי שיער סאיוס קרט,מריבור,,ספריי שיער סאיוס קרטין 400 מל,מיליליטרים,400.00,"100 מ""ל",false,1,24.90,6.2250,true,1,16630
5410103161518,false,קרם לחות לוריאל פעול,,,קרם לחות לוריאל פעולה משולשת רגיל,Unknown,0.00,Unknown,false,1,44.90,0.0000,true,1,39785
5410103161617,false,קרם לחות לוריאל פעול,,,קרם לחות לוריאל פעולה משולשת יבש 50מל,Unknown,0.00,Unknown,false,1,44.90,0.0000,true,1,40077
5410126006339,false,ביסקויט קרמל לוטוס 1,לוטוס ביקרי נ.וי,,ביסקויט קרמל לוטוס 124 גר,גרמים,124.00,100 גרם,false,1,5.50,4.4355,true,1,10257
5410126006360,false,עוגיות לוטוס במילוי,לוטוס ביקרי נ.וי,BE,עוגיות לוטוס במילוי קרם לוטוס 150 גרם,גרמים,150.00,100 גרם,false,8,8.90,5.9333,true,1,33007
5410126006377,false,עוגיות לוטוס במילוי,לוטוס ביקרי נ.וי,BE,עוגיות לוטוס במילוי קרם וניל 150 גרם,גרמים,150.00,100 גרם,false,8,8.90,5.9333,true,1,33006
5410126037005,false,מאגדת שלגון לוטוס על,,FR,מאגדת שלגון לוטוס על מקל 4יח,יחידה,4.00,יחידה,false,8,41.90,10.4750,true,1,19563
5410126106022,false,מארז 2יח ביסקויט לוט,לוטוס ביקרי נ.וי,BE,מארז 2יח ביסקויט לוטוס 250 גרם,גרמים,500.00,100 גרם,false,8,16.90,3.3800,true,1,26836
5410126116953,false,ממרח לוטוס קרמל 400,לוטוס ביקרי נ.וי,,ממרח לוטוס קרמל 400 גר,גרמים,400.00,100 גרם,false,1,19.90,4.9750,true,1,8574
5410126126020,false,מארז 2יח ביסקויט לוט,לוטוס ביקרי נ.וי,,מארז 2יח ביסקויט לוטוס 250 גרם,גרמים,500.00,100 גרם,false,1,16.90,3.3800,false,1,24380
5410126137002,false,מאגדת שלגון לוטוס 3י,,,מאגדת שלגון לוטוס 3יח,יחידה,3.00,יחידה,false,1,34.90,11.6333,true,1,31224
5410126297003,false,מאגדת 4 יח שלגון פרר,,FR,מאגדת 4 יח שלגון פררו רושר לבן,יחידה,4.00,יחידה,false,8,41.90,10.4750,true,1,31679
5410126487008,false,מאגדת שלגון שוקולד 3,,,מאגדת שלגון שוקולד 3יח,יחידה,3.00,יחידה,false,1,34.90,11.6333,true,1,44771
5410126666038,false,ביסקויט קרמל לוטוס 2,לוטוס ביקרי נ.וי,,ביסקויט קרמל לוטוס 279 גרם 18 יח,גרמים,279.00,100 גרם,false,1,12.90,4.6237,true,1,18491
5410126716016,false,ביסקויט לוטוס קרמל 2,לוטוס ביקרי נ.וי,,ביסקויט לוטוס קרמל 250 ג,גרמים,250.00,100 גרם,false,1,10.90,4.3600,true,1,1500
5410126726947,false,ממרח עוגיות לוטוס קר,לוטוס ביקרי נ.וי,,ממרח עוגיות לוטוס קראנץ  380 גר,גרמים,380.00,100 גרם,false,1,19.90,5.2368,true,1,10189
5410173210055,false,קפה פילטר רומבוטס 10,קופי רומבוטס,,קפה פילטר רומבוטס 10 יח 57 גר,יחידה,10.00,יחידה,false,1,19.90,1.9900,true,1,8966
5410228102762,false,בירה לף בלונד 750 מל,אינבב,,בירה לף בלונד 750 מל פקדון,מיליליטרים,750.00,"100 מ""ל",false,1,19.90,2.6533,true,1,3626
5410228144755,false,מארז 6יח בירה סטלה א,קרלסברג יבוא יצוא,,מארז 6יח בירה סטלה אורטואה בק330מל פקדון,ליטרים,1.98,ליטר,false,1,34.90,17.6263,true,1,1738
5410228217732,false,בירה סטלה ארטואה 440,,,בירה סטלה ארטואה 440מל פח.פקדון,מיליליטרים,440.00,"100 מ""ל",false,1,12.90,2.9318,true,1,30409
5410228267515,false,מארז 6יח בירה באדווי,,US,מארז 6יח בירה באדוויזר 330מל,מיליליטרים,1980.00,"100 מ""ל",false,4,29.90,1.5101,true,1,21859
5410233710129,false,מיץ לימון 100% טבעי,,,מיץ לימון 100% טבעי ריליים 250 מל,מיליליטרים,250.00,"100 מ""ל",false,6,8.90,3.5600,true,1,28612
5410316983693,false,משקה סמירנוף אייס 27,IBBLS,,משקה סמירנוף אייס 275 מל פיקדון,מיליליטרים,275.00,"100 מ""ל",false,1,11.90,4.3273,true,1,2936
5410481080005,false,נוגט קרלייר אגוזים ש,,BE,נוגט קרלייר אגוזים שקדים 100 גרם,גרמים,100.00,100 גרם,false,24,13.90,13.9000,true,1,33014
5410481080012,false,נוגט קרלייר שוקולד 1,,BE,נוגט קרלייר שוקולד 100 גרם,גרמים,100.00,100 גרם,false,24,13.90,13.9000,true,1,33015
5410481080036,false,נוגט קרלייר תות שדה,,BE,נוגט קרלייר תות שדה 100 גרם,גרמים,100.00,100 גרם,false,24,13.90,13.9000,true,1,33017
5410481080043,false,נוגט קרלייר פירות יע,,BE,נוגט קרלייר פירות יער 100 גרם,גרמים,100.00,100 גרם,false,24,13.90,13.9000,true,1,33018
5410481080050,false,נוגט קרלייר קפה 100,,BE,נוגט קרלייר קפה 100 גרם,גרמים,100.00,100 גרם,false,24,13.90,13.9000,true,1,33019
5410481080128,false,נוגט קרלייר עם פירות,,BE,נוגט קרלייר עם פירות 100 גרם,גרמים,100.00,100 גרם,false,24,13.90,13.9000,true,1,33020
5410769100081,false,בירה לה שוף 330 מל פ,brasserie dachouffe,,בירה לה שוף 330 מל פיקדון,מיליליטרים,330.00,"100 מ""ל",false,1,14.90,4.5152,true,1,6312
5410769100098,false,בירה לה שוף 750 מל פ,brasserie dachouffe,,בירה לה שוף 750 מל פיקדון,מיליליטרים,750.00,"100 מ""ל",false,1,29.90,3.9867,true,1,6314
5410769100999,false,בירה ביג שוף 1.5ליטר,,,בירה ביג שוף 1.5ליטר בק. פיקדון,ליטרים,1.50,ליטר,false,1,58.70,39.1333,true,1,39514
5410769101095,false,בירה נייס שוף 750 מל,brasserie dachouffe,,בירה נייס שוף 750 מל פיקדון,מיליליטרים,750.00,"100 מ""ל",false,1,29.90,3.9867,true,1,14014
5410769200088,false,בירה מק שוף 330 מל פ,brasserie dachouffe,,בירה מק שוף 330 מל פיקדון,מיליליטרים,330.00,"100 מ""ל",false,1,14.90,4.5152,true,1,6313
5410769200095,false,בירה מק שוף 750 מל פ,brasserie dachouffe,,בירה מק שוף 750 מל פיקדון,מיליליטרים,750.00,"100 מ""ל",false,1,29.90,3.9867,true,1,6315
5410769300085,false,בירה הובלון שוף 330,brasserie dachouffe,,בירה הובלון שוף 330 מל פיקדון,מיליליטרים,330.00,"100 מ""ל",false,1,14.90,4.5152,true,1,13971
5410769800097,false,בירה צרי שוף  8%   3,brasserie dachouffe,,בירה צרי שוף  8%   330 מל פיקדון,מיליליטרים,330.00,"100 מ""ל",false,1,14.90,4.5152,true,1,15477
5410769800554,false,בירה לה שוף צרי 750,brasserie dachouffe,,בירה לה שוף צרי 750 מל פיקדון,מיליליטרים,750.00,"100 מ""ל",false,1,29.90,3.9867,true,1,21187
5410783004594,false,בירה  קורנט  330 מל,בווריה,,בירה  קורנט  330 מל 8.5% בק.פקדון,מיליליטרים,330.00,"100 מ""ל",false,24,11.90,3.6061,true,1,28977
5410850413304,false,בונבוניירה צדפות בלג,,,בונבוניירה צדפות בלגי ברונייה 250 ג,גרמים,250.00,100 גרם,false,12,19.90,7.9600,true,1,44181
5410908000012,false,בירה שימאיי רד 330 מ,,,בירה שימאיי רד 330 מל פקדון,מיליליטרים,330.00,"100 מ""ל",false,1,14.90,4.5152,true,1,5510
5410908000029,false,בירה שימאיי טריפל 33,,,בירה שימאיי טריפל 330 מל פקדון,מיליליטרים,330.00,"100 מ""ל",false,1,14.90,4.5152,true,1,5509
5410908000036,false,בירה שימאיי בלו 330,,,בירה שימאיי בלו 330 מל פקדון,מיליליטרים,330.00,"100 מ""ל",false,1,14.90,4.5152,true,1,5511
5410976040064,false,בונ.גוליאן צדפי שוקו,,BE,בונ.גוליאן צדפי שוקולד בלגי 500 גרם,גרמים,500.00,100 גרם,false,12,79.90,15.9800,true,1,44823
5410976620518,false,בונ.גוליאן מבחר פרלי,,BE,בונ.גוליאן מבחר פרלין בלגי 305 גרם,גרמים,305.00,100 גרם,false,12,64.90,21.2787,true,1,44822
5410976823018,false,שוקולד גוליאן מריר פ,,BE,שוקולד גוליאן מריר פטל 100 גרם,גרמים,100.00,100 גרם,false,12,14.90,14.9000,true,1,44818
5410976826019,false,שוקולד גוליאן 70% מר,,BE,שוקולד גוליאן 70% מריר 100 גרם,גרמים,100.00,100 גרם,false,12,14.90,14.9000,true,1,44817
5410976828013,false,שוקולד גוליאן חלב מו,,BE,שוקולד גוליאן חלב מוקרם 100 גרם,גרמים,100.00,100 גרם,false,12,14.90,14.9000,true,1,44820
5410976840022,false,שוקולד גוליאן חלב קר,,BE,שוקולד גוליאן חלב קרמל מלוח 100 גרם,גרמים,100.00,100 גרם,false,12,14.90,14.9000,true,1,44816
5410976853015,false,שוקולד גוליאן חלב שק,,BE,שוקולד גוליאן חלב שקד מקורמל 100 גרם,גרמים,100.00,100 גרם,false,12,14.90,14.9000,true,1,44819
5411081000523,false,בירה קסטיל דונקר 330,מבשלת קסטל ואן הונסב,,בירה קסטיל דונקר 330מל פקדון,מיליליטרים,330.00,"100 מ""ל",false,1,12.90,3.9091,true,1,9413
5411081000677,false,בירה קסטיל טריפל 330,מבשלת קסטל ואן הונסב,,בירה קסטיל טריפל 330מל פקדון,מיליליטרים,330.00,"100 מ""ל",false,1,12.90,3.9091,true,1,9414
5411081003654,false,בירה קסטיל רוז 330מל,מבשלת קסטל ואן הונסב,,בירה קסטיל רוז 330מל בק. פקדון,מיליליטרים,330.00,"100 מ""ל",false,1,12.90,3.9091,true,1,9412
5411081003661,false,בירה קסטיל רוז 750מל,מבשלת קסטל ואן הונסב,,בירה קסטיל רוז 750מל פקדון,מיליליטרים,750.00,"100 מ""ל",false,1,29.90,3.9867,true,1,9425
5411081004811,false,בירה קסטיל קווה דו ש,מבשלת קסטל ואן הונסב,,בירה קסטיל קווה דו שאטו 330מל פקדון,מיליליטרים,330.00,"100 מ""ל",false,1,12.90,3.9091,true,1,9416
5411081004873,false,מארז 2 יח בירה קסטל,מבשלת קסטל ואן הונסב,,מארז 2 יח בירה קסטל רוז 750מל +כוס,מיליליטרים,1500.00,"100 מ""ל",false,1,69.90,4.6600,true,1,10059
5411081005368,false,בירה קסטיל הופי 330,מבשלת קסטל ואן הונסב,,בירה קסטיל הופי 330 מל,מיליליטרים,330.00,"100 מ""ל",false,1,12.90,3.9091,true,1,10046
5411081005696,false,בירה קסטיל שוקולד בר,מבשלת לפבר,,בירה קסטיל שוקולד בריסטה 330מל פקדון,מיליליטרים,330.00,"100 מ""ל",false,1,12.90,3.9091,true,1,15446
5411081008192,false,בירה קסטיל רוז 330מל,מבשלת קסטל ואן הונסב,,בירה קסטיל רוז 330מל פח. פקדון,מיליליטרים,330.00,"100 מ""ל",false,1,12.90,3.9091,true,1,44457
5411081008420,false,בירה שושנע 330מל פח.,,,בירה שושנע 330מל פח.פקדון,מיליליטרים,330.00,"100 מ""ל",false,1,12.90,3.9091,true,1,42629
5411081008567,false,בירה קסטיל נואר נייט,,DE,בירה קסטיל נואר נייטרו 300מל פח. פקדון,מיליליטרים,300.00,"100 מ""ל",false,1,12.90,4.3000,true,1,32016
5411081008628,false,בירה קסטיל רוז נייטר,,DE,בירה קסטיל רוז נייטרו 300מל פח. פקדון,מיליליטרים,300.00,"100 מ""ל",false,1,12.90,4.3000,true,1,32014
5411081008680,false,בירה קסטיל קוואד ניי,,DE,בירה קסטיל קוואד נייטרו 300מל פח. פקדון,מיליליטרים,300.00,"100 מ""ל",false,1,12.90,4.3000,true,1,32017
5411081009007,false,בירה קסטיל אקסטרה 33,מבשלת קסטל ואן הונסב,,בירה קסטיל אקסטרה 330מל פקדון,מיליליטרים,330.00,"100 מ""ל",false,1,12.90,3.9091,true,1,40118
5411188080268,false,משקה סויה אלפרו אורג,ALPRO,,משקה סויה אלפרו אורגני 1 ל,ליטרים,1.00,ליטר,false,1,12.90,12.9000,true,1,9859
5411188081852,false,משקה סויה אלפרו וניל,ALPRO,,משקה סויה אלפרו וניל 1 ל,ליטרים,1.00,ליטר,false,1,12.90,12.9000,true,1,10184
5411188094159,false,מעדן סויה אלפרו שוקו,ALPRO,,מעדן סויה אלפרו שוקולד בלגי4 יח,מיליליטרים,600.00,"100 מ""ל",false,1,17.90,2.9833,true,1,4852
5411188096108,false,שמנת לבישול סויה אלפ,ALPRO,,שמנת לבישול סויה אלפרו 250 מל,מיליליטרים,250.00,"100 מ""ל",false,1,8.90,3.5600,true,1,6061
5411188106159,false,משקה סויה אלפרו טבעי,ALPRO,,משקה סויה אלפרו טבעי לייט 1 ל,ליטרים,1.00,ליטר,false,1,14.00,14.0000,true,1,10182
5411188110835,false,משקה שקדים אלפרו 1 ל,ALPRO,,משקה שקדים אלפרו 1 ל,ליטרים,1.00,ליטר,false,1,12.90,12.9000,true,1,8897
5411188112709,false,משקה שקדים אלפרו ל.ס,ALPRO,,משקה שקדים אלפרו ל.ס. 1 ל,ליטרים,1.00,ליטר,false,1,12.90,12.9000,true,1,10659
5411188115366,false,משקה שבולת שועל אלפר,ALPRO,,משקה שבולת שועל אלפרו 1 ל,ליטרים,1.00,ליטר,false,1,12.90,12.9000,true,1,10179
5411188115434,false,משקה סויה אלפרו בריס,ALPRO,,משקה סויה אלפרו בריסטה 1 ליטר,ליטרים,1.00,ליטר,false,8,12.90,12.9000,true,1,40841
5411188115472,false,משקה סויה אלפרו טבעי,ALPRO,,משקה סויה אלפרו טבעי לייט 1 ל,ליטרים,1.00,ליטר,false,12,12.90,12.9000,true,1,26774
5411188116905,false,משקה סויה אלפרו בטעם,ALPRO,,משקה סויה אלפרו בטעם בננה 1ליטר,ליטרים,1.00,ליטר,false,8,12.90,12.9000,true,1,41508
5411188118732,false,משקה שקדים קוקוס אלפ,ALPRO,,משקה שקדים קוקוס אלפרו 1 ל,ליטרים,1.00,ליטר,false,1,12.90,12.9000,true,1,12348
5411188120957,false,אלפרו קוקוס לבישול 2,ALPRO,,אלפרו קוקוס לבישול 250מל,מיליליטרים,250.00,"100 מ""ל",false,15,8.90,3.5600,true,1,40490
5411188121923,false,שלישית חלב סויה אלפר,ALPRO,,שלישית חלב סויה אלפרו מועשר בסידן 750,מיליליטרים,750.00,"100 מ""ל",false,8,12.90,1.7200,true,1,16574
5411188121978,false,שלישית משקה סויה שוק,ALPRO,,שלישית משקה סויה שוקו אלפרו 250מל,מיליליטרים,750.00,"100 מ""ל",false,1,12.90,1.7200,true,1,16033
5411188122586,false,משקה אלפרו שקדים 250,ALPRO,,משקה אלפרו שקדים 250 מל,מיליליטרים,250.00,"100 מ""ל",false,1,6.50,2.6000,true,1,14612
5411188124689,false,משקה שבולת שועל ללס,ALPRO,,משקה שבולת שועל ללס אלפרו 1 ל,ליטרים,1.00,ליטר,false,8,14.90,14.9000,true,1,27443
5411188126195,false,משקה שקדים אורגני אל,ALPRO,,משקה שקדים אורגני אלפרו 1 ל,ליטרים,1.00,ליטר,false,1,12.90,12.9000,true,1,17544
5411188127307,false,משקה סויה אלפרו בריס,ALPRO,,משקה סויה אלפרו בריסטה 1 לי,ליטרים,1.00,ליטר,false,8,12.90,12.9000,true,1,26771
5411188127697,false,משקה סויה אלפרו בריס,ALPRO,,משקה סויה אלפרו בריסטה שבולת שועל 1ליי,ליטרים,1.00,ליטר,false,8,12.90,12.9000,true,1,26772
5411188129899,false,משקה סויה אלפרו בריס,ALPRO,,משקה סויה אלפרו בריסטה שקדים 1ליי,ליטרים,1.00,ליטר,false,8,12.90,12.9000,true,1,26773
5411188134985,false,משקה אלפרו שבולת שוע,ALPRO,,משקה אלפרו שבולת שועל 1ליטר נוט 3.5%,ליטרים,1.00,ליטר,false,1,12.90,12.9000,true,1,32806
5411188135005,false,משקה אלפרו שבולת שוע,ALPRO,,משקה אלפרו שבולת שועל 1ליטר נוט 1.8%,ליטרים,1.00,ליטר,false,1,12.90,12.9000,true,1,32805
5411188300328,false,משקה סויה אלפרו שוקו,ALPRO,,משקה סויה אלפרו שוקו 1 ל,ליטרים,1.00,ליטר,false,1,12.90,12.9000,true,1,10183
5411188513483,false,אלפרו סויה לבישול 25,ALPRO,,אלפרו סויה לבישול 250מל 14% שומן,מיליליטרים,250.00,"100 מ""ל",false,1,8.90,3.5600,true,1,40504
5411188543398,false,משקה סויה אלפרו ללא,ALPRO,,משקה סויה אלפרו ללא סוכר 1 ל,ליטרים,1.00,ליטר,false,12,12.90,12.9000,true,1,26775
5411223030081,false,בירה לינדמנס קריק דו,,,בירה לינדמנס קריק דובדובן 250 מל פקדון,מיליליטרים,250.00,"100 מ""ל",false,1,12.90,5.1600,true,1,5499
5411223100579,false,בירה לינדמנס תפוחים,,,בירה לינדמנס תפוחים 250 מל פקדון,מיליליטרים,250.00,"100 מ""ל",false,1,12.90,5.1600,true,1,22323
5411223100838,false,בירה לינדמנס  אפרסק,,,בירה לינדמנס  אפרסק 250 מל פקדון,מיליליטרים,250.00,"100 מ""ל",false,1,12.90,5.1600,true,1,22322
5411223100920,false,בירה לינדמנס קריק דו,,,בירה לינדמנס קריק דובדובן 750 מל פקדון,מיליליטרים,750.00,"100 מ""ל",false,1,29.90,3.9867,true,1,26429
5411642563023,false,ופל גופרה בלגי אישי,,BE,ופל גופרה בלגי אישי 275 גרם,גרמים,275.00,100 גרם,false,16,12.90,4.6909,true,1,42437
5411642563047,false,ופל גופרה בלגי אישי,,BE,ופל גופרה בלגי אישי מצופה 300 גרם,גרמים,300.00,100 גרם,false,16,14.90,4.9667,true,1,42438
5411663002716,false,בירה גולדן דארק 330,Van steenberg,,בירה גולדן דארק 330 מל 10.5% בלגיה,מיליליטרים,330.00,"100 מ""ל",false,1,14.90,4.5152,true,1,11314
5411663002846,false,בירה גולדן דארק קווא,Van steenberg,,בירה גולדן דארק קוואדרופל330מל 10.5%בלגי,מיליליטרים,330.00,"100 מ""ל",false,1,14.90,4.5152,true,1,11315
5411676100874,false,בירה ברבר בלונד בהיר,מבשלת לפבר,,בירה ברבר בלונד בהיר 330 מל,מיליליטרים,330.00,"100 מ""ל",false,1,14.90,4.5152,true,1,28994
5411676100928,false,בירה ברבר רוז 330 מל,מבשלת לפבר,BE,בירה ברבר רוז 330 מל,מיליליטרים,330.00,"100 מ""ל",false,12,14.90,4.5152,true,1,28996
5411676175131,false,בירה ברבר בלונד 750,,BE,בירה ברבר בלונד 750 מל,מיליליטרים,750.00,"100 מ""ל",false,12,29.90,3.9867,true,1,23427
5411676175148,false,בירה ברבר בוק כהה 75,מבשלת לפבר,,בירה ברבר בוק כהה 750 מל,מיליליטרים,750.00,"100 מ""ל",false,6,29.90,3.9867,true,1,23175
5411676301356,false,בירה ברבר בוק כהה 33,מבשלת לפבר,,בירה ברבר בוק כהה 330 מל,מיליליטרים,330.00,"100 מ""ל",false,1,14.90,4.5152,true,1,28995
5411676800453,false,בירה בלאנש 330מל פקד,מבשלת לפבר,,בירה בלאנש 330מל פקדון,מיליליטרים,330.00,"100 מ""ל",false,1,14.90,4.5152,true,1,24494
5411681014005,false,בירה דובל 330 מל פקד,,,בירה דובל 330 מל פקדון,מיליליטרים,330.00,"100 מ""ל",false,1,14.90,4.5152,true,1,5496
5411681038001,false,בירה מרדסו 330 מל פק,,,בירה מרדסו 330 מל פקדון,מיליליטרים,330.00,"100 מ""ל",false,1,16.90,5.1212,true,1,5502
5411681038056,false,בירה מרדסו טריפל 750,,,בירה מרדסו טריפל 750 מל פיקדון,מיליליטרים,750.00,"100 מ""ל",false,1,29.90,3.9867,true,1,6603
5411681402635,false,בירה דובל 750 מל פקד,,,בירה דובל 750 מל פקדון,מיליליטרים,750.00,"100 מ""ל",false,1,29.90,3.9867,true,1,14546
5411681408002,false,בירה דובל 666 330מל,,,בירה דובל 666 330מל בק.פקדון,מיליליטרים,330.00,"100 מ""ל",false,24,14.90,4.5152,true,1,42815
5411686700118,false,בירה ליפמנס פרוטס 25,,,בירה ליפמנס פרוטס 250 מל פקדון,מיליליטרים,250.00,"100 מ""ל",false,1,12.90,5.1600,true,1,7248
5411686700460,false,מארז 4יח בירה ליפמנס,מבשלת ליפמנס,,מארז 4יח בירה ליפמנס 250מל + כוס,מיליליטרים,1000.00,"100 מ""ל",false,1,49.90,4.9900,true,1,13406
5411883504267,false,מיונז קולינארט הולנד,,BE,מיונז קולינארט הולנדי 870 גרם,גרמים,870.00,100 גרם,false,12,24.90,2.8621,true,1,32999
5411911000310,false,בירה סן ברנדרס אבט 1,,,בירה סן ברנדרס אבט 12 750 מל פיקדון,מיליליטרים,750.00,"100 מ""ל",false,1,29.90,3.9867,true,1,5503
5411911001768,false,בירה סן ברנרדוס קריס,,,בירה סן ברנרדוס קריסמס אייל 330מל פיקדון,מיליליטרים,330.00,"100 מ""ל",false,1,14.90,4.5152,true,1,10722
5412514350000,false,עלי טורטילה גדול 25,אן. וי סנק פוד,,עלי טורטילה גדול 25 סמ 370 גר,גרמים,370.00,100 גרם,false,1,22.50,6.0811,true,1,1843
5412514555559,false,עלי טורטילס 340 גר,אן. וי סנק פוד,,עלי טורטילס 340 גר,גרמים,340.00,100 גרם,false,1,18.50,5.4412,true,1,1743
5412514777746,false,תרמילי טאקו קונכיות,אן. וי סנק פוד,,תרמילי טאקו קונכיות כשר 125 גרם,גרמים,125.00,100 גרם,false,1,20.90,16.7200,true,1,1744
5412514931117,false,עלי טורטילה תירס 320,אן. וי סנק פוד,,עלי טורטילה תירס 320 גר,גרמים,320.00,100 גרם,false,1,22.50,7.0313,true,1,5259
5412514931889,false,עלי קורדיטה 272 גר,אן. וי סנק פוד,,עלי קורדיטה 272 גר,גרמים,272.00,100 גרם,false,1,18.50,6.8015,true,1,8317
5412514999957,false,רוטב סלסה גוואקמולה,אן. וי סנק פוד,,רוטב סלסה גוואקמולה 300 ג,גרמים,300.00,100 גרם,false,1,27.50,9.1667,true,1,3812
5412533001617,false,נוזל לניקוי כלים אלו,,,נוזל לניקוי כלים אלוורה ולימון 1 ליטר,ליטרים,1.00,ליטר,false,1,15.90,15.9000,true,1,9369
5412533002287,false,נוזל ניקוי אסלות אור,,,נוזל ניקוי אסלות אורנים אקולוגי 750מל,מיליליטרים,750.00,"100 מ""ל",false,1,19.90,2.6533,true,1,9378
5412533002652,false,מסיר כתמים מבגדים 20,,,מסיר כתמים מבגדים 200 מל אקולוגי,מיליליטרים,200.00,"100 מ""ל",false,1,26.00,13.0000,true,1,9383
5412533002911,false,מסיר אבנית אקולוגי 5,,,מסיר אבנית אקולוגי 500מל,מיליליטרים,500.00,"100 מ""ל",false,1,22.90,4.5800,true,1,9377
5412533003857,false,נוזל ניקוי אסלות גלי,,,נוזל ניקוי אסלות גלי ים אקולוגי 750מל,מיליליטרים,750.00,"100 מ""ל",false,1,19.90,2.6533,true,1,9379
5412533004618,false,תרסיס לניקוי משטחים,,,תרסיס לניקוי משטחים מולטי אקשן 500מל,מיליליטרים,500.00,"100 מ""ל",false,1,24.90,4.9800,true,1,9380
5412533140408,false,מלבין לכביסה ולבית ל,,,מלבין לכביסה ולבית ללא כלור 400גר,גרמים,400.00,100 גרם,false,1,19.00,4.7500,true,1,9382
5412533416602,false,טבליות למדיח 25יח אק,אקובר,,טבליות למדיח 25יח אקולוגי הכל באחד אקובר,יחידה,25.00,יחידה,false,1,36.90,1.4760,true,1,17688
5412533416626,false,טבליות למדיח 65 יח א,אקובר,BE,טבליות למדיח 65 יח אקולוגי אקובר,יחידה,70.00,יחידה,false,1,84.90,1.2129,true,1,19415
5412533419566,false,נוזל כביסה עדינה 750,אקובר,,נוזל כביסה עדינה 750מל אקולוגי בריח נופר,מיליליטרים,750.00,"100 מ""ל",false,1,24.90,3.3200,true,1,24604
5412533419665,false,מרכך כביסה תפוח שקד,,,מרכך כביסה תפוח שקד אקולוגי 750 מל,מיליליטרים,750.00,"100 מ""ל",false,1,16.90,2.2533,true,1,24733
5412533419702,false,מרכך כביסה וניל גרדי,אקובר,BE,מרכך כביסה תפוח שקד אקולוגי 750 מל,מיליליטרים,750.00,"100 מ""ל",false,6,16.90,2.2533,true,1,23443
5412533420364,false,נוזל כביסה מרוכז אקו,אקובר,,נוזל כביסה מרוכז אקולוגי 1ליטר אקובר,ליטרים,1.00,ליטר,false,1,44.90,44.9000,true,1,24359
5412533421118,false,מרכך כביסה אקוור זיר,,,מרכך כביסה אקוור זירו 1 ליטר,ליטרים,1.00,ליטר,false,6,25.90,25.9000,true,1,31457
5412533421514,false,נוזל ניקוי רצפות ומש,,,נוזל ניקוי רצפות ומשטחים למון גראס 1ליטר,ליטרים,1.00,ליטר,false,1,19.90,19.9000,true,1,40116
5412533421736,false,נוזל לניקוי אמבטיה א,,,נוזל לניקוי אמבטיה אקובר 500מל,מיליליטרים,500.00,"100 מ""ל",false,1,24.90,4.9800,true,1,42099
5412533421828,false,תרסיס לניקוי משטחים,,,תרסיס לניקוי משטחים מולטי אקשן 500מל,מיליליטרים,500.00,"100 מ""ל",false,1,24.90,4.9800,true,1,39787
5412533421958,false,תרסיס לניקוי חלונות,,BE,תרסיס לניקוי חלונות וזכוכית 500מל אקובר,מיליליטרים,500.00,"100 מ""ל",false,6,24.90,4.9800,true,1,39786
5412533421989,false,מסיר אבנית אקולוגי 5,,,מסיר אבנית אקולוגי 500מל אקובר,מיליליטרים,500.00,"100 מ""ל",false,1,22.90,4.5800,true,1,40046
5412865023691,false,מקלות חמוצוצים פטל ר,,,מקלות חמוצוצים פטל רחב 50 גר,Unknown,0.00,Unknown,false,1,4.90,0.0000,true,1,18572
5412956213710,false,שוקולד מריר קאשט קקא,,,שוקולד מריר קאשט קקאו מקורמל 100 גר,גרמים,100.00,100 גרם,false,12,9.90,9.9000,true,1,28255
5412956214519,false,שוקולד מריר קאשט תפו,,,שוקולד מריר קאשט תפוז שקדים 100 גר,גרמים,100.00,100 גרם,false,12,9.90,9.9000,true,1,28252
5412956214526,false,שוקולד מריר קאשט אגס,,,שוקולד מריר קאשט אגס שקדים 100 גר,גרמים,100.00,100 גרם,false,12,9.90,9.9000,true,1,28253
5412956214533,false,שוקולד מריר קאשט לימ,,,שוקולד מריר קאשט לימון פלפל שחור 100 גר,גרמים,100.00,100 גרם,false,12,9.90,9.9000,true,1,28254
5412956214540,false,שוקולד מריר קאשט גינ,,,שוקולד מריר קאשט גינגר אוכמניות 100 גר,גרמים,100.00,100 גרם,false,12,9.90,9.9000,true,1,28251
5412956214649,false,שוקולד 85% מריר קאשט,,,שוקולד 85%  מריר קאשט 100 גר,גרמים,100.00,100 גרם,false,12,9.90,9.9000,true,1,28256
5412956214670,false,שוקולד 70% מריר קאשט,,,שוקולד 70% מריר קאשט 100 גר,גרמים,100.00,100 גרם,false,12,9.90,9.9000,true,1,28257
5412956221173,false,שוקולד קאשט באר 70%,,,שוקולד קאשט באר 70% מריר 180 גרם,גרמים,180.00,100 גרם,false,12,11.90,6.6111,true,1,43914
5412956221180,false,שוקולד קאשט באר שברי,,,שוקולד קאשט באר שברי שקדים מלח י 180 גרם,גרמים,180.00,100 גרם,false,12,11.90,6.6111,true,1,43915
5412956221197,false,שוקולד קאשט באר בייג,,,שוקולד קאשט באר בייגלה בראוניז 180 גרם,גרמים,180.00,100 גרם,false,12,11.90,6.6111,true,1,43917
5412956221203,false,שוקולד קאשט באר קרמל,,,שוקולד קאשט באר קרמל מלח ים 180 גרם,גרמים,180.00,100 גרם,false,12,11.90,6.6111,true,1,43916
5413121350018,false,בונ.בלגיאן פרליני לב,BCG,,בונ.בלגיאן פרליני לבבות בלגי 200 ג,גרמים,200.00,100 גרם,false,1,30.00,15.0000,true,1,4079
5413121351602,false,בונ.בלגיאן לבבות שוק,BCG,,בונ.בלגיאן לבבות שוקולד  65 ג,Unknown,0.00,Unknown,false,1,13.20,0.0000,true,1,4078
5413121355075,false,שוקולד בלגיאן מריר ת,BCG,,שוקולד בלגיאן מריר תפוז  100 ג,גרמים,100.00,100 גרם,false,1,11.90,11.9000,true,1,4236
5413121355082,false,שוקולד בלגיאן72% מרי,BCG,,שוקולד בלגיאן72% מריר 100 ג,גרמים,100.00,100 גרם,false,1,11.90,11.9000,true,1,4234
5413121355099,false,שוקולד בלגיאן72%מריר,BCG,,שוקולד בלגיאן72%מריר פולי קפה 100 ג,גרמים,100.00,100 גרם,false,1,11.90,11.9000,true,1,4233
5413121355105,false,שוקולד בלגיאן חלב מש,BCG,,שוקולדבלגיאן חלב משובח 100 ג,גרמים,100.00,100 גרם,false,1,11.90,11.9000,true,1,4912
5413121356737,false,שוקולד בלגי מריר ללא,BCG,,שוקולד בלגי מריר ללא סוכר 100 ג בלגיאן,גרמים,100.00,100 גרם,false,1,14.90,14.9000,true,1,4075
5413121356829,false,שוקולד בלגי חלב ללא,BCG,,שוקולד בלגי חלב ללא סוכר 100 ג בלגיאן,גרמים,100.00,100 גרם,false,1,14.90,14.9000,true,1,4076
5413121359769,false,בונ.צדפי שוקולד בלגי,BCG,,בונ.צדפי שוקולד בלגיאן 195 גר,גרמים,195.00,100 גרם,false,1,12.90,6.6154,true,1,5998
5413121359981,false,שוקולד בלגי חלב אגוז,BCG,,שוקולד בלגי חלב אגוז ללא ס. 100 ג בלגיאן,גרמים,100.00,100 גרם,false,1,14.90,14.9000,true,1,7390
5413121359998,false,שוקולד בלגי מריר שקד,BCG,,שוקולד בלגי מריר שקד ללא ס. 100 ג בלגיאן,גרמים,100.00,100 גרם,false,1,14.90,14.9000,true,1,7389
5413121364121,false,טרופל בלגיאן קקאו 15,Q Chocolate,,טרופל בלגיאן קקאו 150 גרם כשלפ,גרמים,150.00,100 גרם,false,1,11.90,7.9333,true,1,16583
5413121365616,false,שוקולד בלגיאן90% מרי,BCG,,שוקולד בלגיאן90% מריר 100 ג,גרמים,100.00,100 גרם,false,1,11.90,11.9000,true,1,20901
5413121388905,false,טרופל בלגיאן אגוז150,Q Chocolate,,טרופל בלגיאן אגוז150 גרם כשלפ,גרמים,150.00,100 גרם,false,1,11.90,7.9333,true,1,23720
5413149922907,false,אב.כביסה אריאל קולור,,,אב.כביסה אריאל קולור 5 קג,קילוגרמים,5.00,"ק""ג",false,1,42.90,8.5800,true,1,6539
5413149922938,false,אב.כביסה אריאל שושן,,,אב.כביסה אריאל שושן צחור 5 קג,קילוגרמים,5.00,"ק""ג",false,1,42.90,8.5800,true,1,6538
5413149930025,false,אב.כביסה טייד רגיל 5,,,אב.כביסה טייד רגיל 5 קג,קילוגרמים,5.00,"ק""ג",false,1,39.90,7.9800,true,1,6540
5413548040479,false,בונבונירה רפאלו 240,פררו,,בונבונירה רפאלו 240 גר,גרמים,240.00,100 גרם,false,1,23.90,9.9583,true,1,6116
5413548280189,false,קינדר שוקו בון 125 ג,פררו,,קינדר שוקו בון 125 גרם,גרמים,125.00,100 גרם,false,1,12.00,9.6000,true,1,1755
5420066330203,false,טרופל ביאנקה זהב קקא,Q Chocolate,,טרופל ביאנקה זהב קקאו 175 גר,גרמים,175.00,100 גרם,false,1,15.00,8.5714,true,1,11743
5420066330210,false,טרופל ביאנקה כסף 175,Q Chocolate,,טרופל ביאנקה כסף 175 גרם,גרמים,175.00,100 גרם,false,1,15.00,8.5714,true,1,12625
5425025122011,false,בירה לופולוס הופרה 3,,,בירה לופולוס הופרה 330מל 6% פקדון,גרמים,330.00,100 גרם,false,1,14.90,4.5152,true,1,25964
5425025122073,false,בירה לופולוס אורגניק,,,בירה לופולוס אורגניקוס 330מל 8.5% פקדון,גרמים,330.00,100 גרם,false,1,14.90,4.5152,true,1,25965
5425025122172,false,בירה לופולוס בלאנש 3,,,בירה לופולוס בלאנש 330מל 4.5% פקדון,גרמים,330.00,100 גרם,false,1,14.90,4.5152,true,1,25967
5600291427026,false,יין  אדום ברנקואה יב,ריבאפרשיו,,יין ברונקואה 750 מל,מיליליטרים,750.00,"100 מ""ל",false,1,45.00,6.0000,true,1,12492
5600291427095,false,יין לבן אנטאו גרנד ר,ריבאפרשיו,,יין פאטו פריאו גרנד אסקולא 750 מל,מיליליטרים,750.00,"100 מ""ל",false,1,60.00,8.0000,true,1,12497
5600291427125,false,יין גאודיו אלוורינאו,ריבאפרשיו,,יין גאודיו אלוורינאו 750 מל,מיליליטרים,750.00,"100 מ""ל",false,1,60.00,8.0000,true,1,12493
5600291427170,false,יין רוזה יבש פאטו פר,,,"יין רוזה יבש פאטו פריו קשמיר 750 מ""ל",מיליליטרים,750.00,"100 מ""ל",false,12,60.00,8.0000,true,1,27882
5600291427491,false,יין לבן מבעבע ספומנט,,,יין לבן מבעבע ספומנטה 750 מל,מיליליטרים,750.00,"100 מ""ל",false,1,60.00,8.0000,true,1,40629
5600291427583,false,יין רוזה מבעבע מספומ,,,יין רוזה מבעבע מספומנטה 750 מל,מיליליטרים,750.00,"100 מ""ל",false,1,60.00,8.0000,true,1,40630
5600379040277,false,יין לבן ראזה 750 מל,QUINTA da RAZA lda,,יין לבן ראזה 750 מל,מיליליטרים,750.00,"100 מ""ל",false,1,45.00,6.0000,true,1,11531
5600379040376,false,יין ראזה רוזה 750 מל,QUINTA da RAZA lda,,יין ראזה רוזה 750 מל,מיליליטרים,750.00,"100 מ""ל",false,1,45.00,6.0000,true,1,30689
5600787049008,false,משקה קמבוצה תה ירוק,קפטן קמפוצה,,משקה קמבוצה תה ירוק אננס אפרסק 400מל,מיליליטרים,400.00,"100 מ""ל",false,1,19.90,4.9750,true,1,17711
5600787049022,false,משקה קמבוצה תה ירוק,קפטן קמפוצה,,משקה קמבוצה תה ירוק אורגני עם ת.פטל 400מ,מיליליטרים,400.00,"100 מ""ל",false,1,19.90,4.9750,true,1,17708
5600787049046,false,משקה קמבוצה תה ירוק,קפטן קמפוצה,,משקה קמבוצה תה ירוק אורגני  400מל,מיליליטרים,400.00,"100 מ""ל",false,1,19.90,4.9750,true,1,17709
5600787049213,false,משקה קמבוצה תה ירוק,קפטן קמפוצה,,משקה קמבוצה תה ירוק גינגר לימון 400מל,מיליליטרים,400.00,"100 מ""ל",false,1,19.90,4.9750,true,1,17710
5601008200444,false,עוגיות גודיס שוקולד,Goodies,,עוגיות גודיס שוקולד חלב 150 גר,גרמים,150.00,100 גרם,false,1,6.90,4.6000,true,1,7679
5601008200451,false,עוגיות גודיס שוקולד,Goodies,,עוגיות גודיס שוקולד מריר 150 גר,גרמים,150.00,100 גרם,false,1,6.90,4.6000,true,1,7680
5601008200468,false,עוגיות גודיס שוקולד,Goodies,,עוגיות גודיס שוקולד לבן 150 גר,גרמים,150.00,100 גרם,false,1,6.90,4.6000,true,1,7681
5601010111035,false,סרדין רמירז בשמן זית,רמירז אנד קה פילהאוס,,סרדין רמירז בשמן זית 125 גרם,גרמים,125.00,100 גרם,false,1,10.90,8.7200,true,1,17224
5601010211070,false,סרדין רמירז במים 125,רמירז אנד קה פילהאוס,PT,סרדין רמירז במים 125 גרם,גרמים,125.00,100 גרם,false,50,10.90,8.7200,true,1,17223
5601010211087,false,פילה סרדין רמירז בשמ,רמירז אנד קה פילהאוס,PT,פילה סרדין רמירז בשמן זית 100 גרם,גרמים,100.00,100 גרם,false,50,13.90,13.9000,true,1,17222
5601045300022,false,משקה גוארנה אנטרטיקה,"SUMOL+COMPAL MARCAS,",,משקה גוארנה אנטרטיקה 330 מל פקדון,מיליליטרים,356.00,"100 מ""ל",false,1,5.90,1.6573,true,1,5494
5601055005375,false,מארז 3 גלילים עדשי ש,,PT,מארז 3 גלילים עדשי שוקולד פיטרולס 22 גרם,Unknown,0.00,Unknown,false,48,9.90,0.0000,true,1,28634
5601055317225,false,סוכריות עדשים פינטרו,,PT,סוכריות עדשים פינטרולס 200 גרם,גרמים,200.00,100 גרם,false,30,15.90,7.9500,true,1,28448
5601096208308,false,יין קסאל גרסיה וינו,avellada,,יין קסאל גרסיה וינו ורדה,מיליליטרים,750.00,"100 מ""ל",false,1,45.00,6.0000,true,1,14951
5601096351301,false,יין קסאל גרסיה דוארו,avellada,,יין קסאל גרסיה דוארו 750 מל,מיליליטרים,750.00,"100 מ""ל",false,1,45.00,6.0000,true,1,14952
5601378223524,false,פולי תורמוס במי מלח,מאסריקו ס.א,PT,בצלצלים מסריקו בחומץ 380 גרם,גרמים,430.00,100 גרם,false,12,9.90,2.3023,true,1,18026
5601378860309,false,פולי תורמוס במי מלח,מאסריקו ס.א,PT,פולי תורמוס במי מלח 870 גר,גרמים,870.00,100 גרם,false,6,17.90,2.0575,true,1,18023
5601448025089,false,יין ויה לאטינה וינו,וורקופה,,יין ויה לאטינה וינו וורדה ברנקו 750 מל,מיליליטרים,750.00,"100 מ""ל",false,1,40.00,5.3333,true,1,13078
5601448028233,false,יין ויה לאטינה וינו,וורקופה,,יין ויה לאטינה וינו וורדה רוזה 750מל,מיליליטרים,750.00,"100 מ""ל",false,1,40.00,5.3333,true,1,13080
5601766200229,false,יין קווינטה דה אלורנ,,PT,יין קווינטה דה אלורנה אדום 750 מל,מיליליטרים,750.00,"100 מ""ל",false,6,60.00,8.0000,true,1,40178
5601766200298,false,יין רוזה קווינטה דה,,PT,יין רוזה קווינטה דה אלורנה טוריגה 750מל,מיליליטרים,750.00,"100 מ""ל",false,12,60.00,8.0000,true,1,43441
5601996023780,false,יין פורטה רוזה 750 מ,וידיגל,PT,יין פורטה רוזה 750 מל,מיליליטרים,750.00,"100 מ""ל",false,6,45.00,6.0000,true,1,23491
5601996132567,false,יין חוליה פלורסיטה ל,,,יין חוליה פלורסיטה לבן 750 מל,מיליליטרים,750.00,"100 מ""ל",false,1,40.00,5.3333,true,1,39507
5601996355485,false,יין פורטה לבן 750 מל,וידיגל,PT,יין פורטה לבן 750 מל,מיליליטרים,750.00,"100 מ""ל",false,6,45.00,6.0000,true,1,23490
5601996546340,false,יין חוליה פלורסיטה א,,,יין חוליה פלורסיטה אדום 750 מל,מיליליטרים,750.00,"100 מ""ל",false,1,40.00,5.3333,true,1,39506
5601996547897,false,יין פורטה אדום 750 מ,וידיגל,PT,יין פורטה אדום 750 מל,מיליליטרים,750.00,"100 מ""ל",false,6,45.00,6.0000,true,1,23489
5601996589637,false,יין קוראגם לבן 750 מ,וידיגל,PT,יין קוראגם לבן 750 מל,מיליליטרים,750.00,"100 מ""ל",false,6,70.00,9.3333,true,1,23497
5601996589651,false,יין קוראגם אדום 750,וידיגל,PT,יין קוראגם אדום 750 מל,מיליליטרים,750.00,"100 מ""ל",false,6,70.00,9.3333,true,1,23496
5601996669872,false,יין פורטה וינו ורדה,וידיגל,PT,יין פורטה וינו ורדה 750 מל,מיליליטרים,750.00,"100 מ""ל",false,6,45.00,6.0000,true,1,39500
5602507010121,false,יין לבן שריגראס 750מ,,PT,יין לבן שריגראס 750מל בק.פקדון,מיליליטרים,750.00,"100 מ""ל",false,12,45.00,6.0000,true,1,45066
5602507020304,false,יין אדום שריגראס 750,,PT,יין אדום שריגראס 750מל בק.פקדון,מיליליטרים,750.00,"100 מ""ל",false,12,45.00,6.0000,true,1,45065
5602507020465,false,יין רוזה ורוד שריגרא,,PT,יין רוזה ורוד שריגראס 750מל בק.פקדון,מיליליטרים,750.00,"100 מ""ל",false,12,45.00,6.0000,true,1,45067
5602507040012,false,משקה גראפה פורטוגלית,,PT,משקה גראפה פורטוגלית מרק ברנדי 700מל פקד,מיליליטרים,700.00,"100 מ""ל",false,12,189.00,27.0000,true,1,45068
5604123002580,false,יין קינטה דו קראשטו,פורטוגל קינטה דו קרא,,יין קינטה דו קראשטו פורט רוב 750מל פקדון,מיליליטרים,750.00,"100 מ""ל",false,1,60.00,8.0000,true,1,8984
5604912415041,false,סרדין פורטוס בשמן חמ,,PT,סרדין פורטוס בשמן חמניה 125 גרם,גרמים,125.00,100 גרם,false,25,6.90,5.5200,true,1,39579
5604912415058,false,סרדין פורטוס בשמן חר,,PT,סרדין פורטוס בשמן חריף 125 גרם,גרמים,125.00,100 גרם,false,25,6.90,5.5200,true,1,39580
5604912425040,false,מקרל פורטוס בשמן חמנ,,PT,מקרל פורטוס בשמן חמניה 125 גרם,גרמים,125.00,100 גרם,false,25,6.90,5.5200,true,1,39581
5604912425057,false,מקרל פורטוס בשמן חרי,,PT,מקרל פורטוס בשמן חריף 125 גרם,גרמים,125.00,100 גרם,false,25,6.90,5.5200,true,1,39582
5608309002876,false,יין פורט  אדום לייט,פורטוגל- סימינגטון,,יין פורט  אדום לייט באטלד וינטאג 750מל,מיליליטרים,750.00,"100 מ""ל",false,1,100.00,13.3333,true,1,21428
5694230223312,false,כבד דג שיבוט במיץ טב,איי סי קורה אי .איץ.,IS,כבד דג שיבוץ במיץ טבעי 121 גרם,גרמים,121.00,100 גרם,false,12,10.90,9.0083,true,1,21279
5694230223336,false,כבד דג שיבוט מעושן 1,איי סי קורה אי .איץ.,IS,כבד דג שיבוט מעושן 121 גרם,גרמים,121.00,100 גרם,false,12,10.90,9.0083,true,1,21280
5694230412518,false,ממרח סלמון אדום איסל,,IS,ממרח סלמון אדום איסלנדי 125 גרם,גרמים,125.00,100 גרם,false,12,8.90,7.1200,true,1,28225
5701049170123,false,שוקולד קרלטי מקלות מ,,DK,שוקולד קרלטי מקלות מריר בייגלה 75 גרם,Unknown,0.00,Unknown,false,20,7.90,0.0000,true,1,38451
5701932026964,false,פופקורן הוטפופ מלוח,,,פופקורן הוטפופ מלוח 600 ג למיקרוגל,גרמים,600.00,100 גרם,false,1,15.00,2.5000,true,1,1504
5701932026971,false,פופקורן הוטפופ חמאה,,,פופקורן הוטפופ חמאה 600 ג למיקרוגל,גרמים,600.00,100 גרם,false,1,15.00,2.5000,true,1,1505
5701932026995,false,פופקורן הוטפופ לייט,,,פופקורן הוטפופ לייט טבעי 510 ג למיקרוגל,גרמים,510.00,100 גרם,false,1,15.00,2.9412,true,1,2173
5704255119030,false,בירה מיקלר אבר גרין,ברודוג פי אל סי,DK,בירה מיקלר אבר גרין סשן 330מל פח.פקדון,מיליליטרים,330.00,"100 מ""ל",false,24,16.90,5.1212,true,1,44489
5704255119061,false,בירה מיקלר איש בין ר,ברודוג פי אל סי,DK,בירה מיקלר איש בין רסברי 330מל פח.פקדון,מיליליטרים,330.00,"100 מ""ל",false,24,16.90,5.1212,true,1,44488
5704255122740,false,בירה מיקלר בורסט 330,ברודוג פי אל סי,DK,בירה מיקלר בורסט 330מל פח.פקדון,מיליליטרים,330.00,"100 מ""ל",false,24,16.90,5.1212,true,1,44487
5704255122764,false,בירה מיקלר סייד איז,,BE,בירה מיקלר סייד איז פייל 330מל פח.פקדון,מיליליטרים,330.00,"100 מ""ל",false,1,16.90,5.1212,true,1,38147
5705550300963,false,ביצי דג שיבוט סקגאן,אמנדה סיפודס,,ביצי דג שיבוט סקגאן 200 גרם,גרמים,121.00,100 גרם,false,1,11.90,9.8347,true,1,14853
5706516031358,false,פופקורן הוטפופ למיקר,,,פופקורן הוטפופ למיקרו 100 קלוריות 5 יח,גרמים,510.00,100 גרם,false,1,15.00,2.9412,true,1,6466
5711815015176,false,משקה צעצוע של סיפור,,,משקה צעצוע של סיפור מוגז טעם תפוח 750מל,Unknown,0.00,Unknown,false,6,18.90,0.0000,true,1,41367
5711953106583,false,גבינת שמנת טבעי 200ג,ארלה,,גבינת שמנת טבעי 200גרם 24.5% שומן ארלה,גרמים,200.00,100 גרם,false,10,12.90,6.4500,true,1,22079
5711953106590,false,גבינת שמנת שום 200גר,ארלה,,גבינת שמנת שום 200גר 24.5%שומן ארלה,גרמים,200.00,100 גרם,false,10,12.90,6.4500,true,1,22081
5711953106606,false,גבינת שמנת ע. תיבול,ארלה,,גבינת שמנת ע. תיבול 200גר 24.5%שומן ארלה,גרמים,200.00,100 גרם,false,10,12.90,6.4500,true,1,22080
5740017100304,false,בירה מיקלר משחקי הכס,ברודוג פי אל סי,DK,בירה מיקלר משחקי הכס 440מל פח.פקדון,מיליליטרים,440.00,"100 מ""ל",false,24,24.90,5.6591,true,1,44496
5740900403215,false,ממרח חמאת לורפק עם מ,,,ממרח חמאת לורפק עם מלח 250גר,גרמים,250.00,100 גרם,false,12,15.90,6.3600,true,1,18646
5740900403222,false,ממרח מחמאת לורפק עם,,,ממרח מחמאת לורפק עם מלח 250גר מופחת שומן,גרמים,250.00,100 גרם,false,12,15.90,6.3600,true,1,18648
5740900403239,false,ממרח מחמאת לורפק ללא,,,ממרח מחמאת לורפק ללא מלח 250גר,גרמים,250.00,100 גרם,false,12,15.90,6.3600,true,1,18647
5740900403246,false,ממרח מחמאת לורפק ללא,,,ממרח מחמאת לורפק ללא מלח 500גרם,גרמים,500.00,100 גרם,false,12,24.90,4.9800,true,1,18650
5740900403253,false,ממרח מחמאת לורפק עם,,,ממרח מחמאת לורפק עם מלח 500גרם,גרמים,500.00,100 גרם,false,12,24.90,4.9800,true,1,18651
5740900403260,false,ממרח מחמאת לורפק ללא,,,ממרח מחמאת לורפק ללא מלח 250ג מופחת שומן,גרמים,250.00,100 גרם,false,12,15.90,6.3600,true,1,18649
5740900403864,false,חמאה לורפק עם מלח 20,,,חמאה לורפק עם מלח 200 גר,גרמים,200.00,100 גרם,false,20,11.90,5.9500,true,1,32804
5774540694306,false,אנטון ברג בקבוקוני ש,Anthon Berg,DK,אנטון ברג בקבוקוני שוקולד ליקר 250 גרם,גרמים,250.00,100 גרם,false,28,49.90,19.9600,true,1,39139
5774540821405,false,אנטון ברג בקבוקוני ל,Anthon Berg,DK,אנטון ברג בקבוקוני ליקר קפה 62 גרם,Unknown,0.00,Unknown,false,28,19.90,0.0000,true,1,38788
5774540870007,false,אנטון ברג בקבוקוני ל,Anthon Berg,DK,אנטון ברג בקבוקוני ליקר  62 גרם,Unknown,0.00,Unknown,false,28,19.90,0.0000,true,1,38791
5774540984056,false,מרציפן אנטון ברג תות,Anthon Berg,,מרציפן אנטון ברג תות שדה ושמפניה220 גר,גרמים,220.00,100 גרם,false,1,32.90,14.9545,true,1,13565
5774540984155,false,מרציפן אנטון ברג שזי,Anthon Berg,,מרציפן אנטון ברג שזיף במדרה220 גר,גרמים,220.00,100 גרם,false,1,32.90,14.9545,true,1,13564
5774540984254,false,מרציפן אנטון ברג משמ,Anthon Berg,,מרציפן אנטון ברג משמש בברנדי220 גר,גרמים,220.00,100 גרם,false,1,32.90,14.9545,true,1,13562
5774540984452,false,מרציפן אנטון ברג דוב,Anthon Berg,,מרציפן אנטון ברג דובדבן ברום220 גר,גרמים,220.00,100 גרם,false,1,32.90,14.9545,true,1,13561
5774540989853,false,מרציפן אנטון ברג פטל,Anthon Berg,,מרציפן אנטון ברג פטל ליקר תפוז220 גר,גרמים,220.00,100 גרם,false,1,32.90,14.9545,true,1,13563
5774540990057,false,מרציפן אנטון ברג אוכ,Anthon Berg,,מרציפן אנטון ברג אוכמניותבוודקה220 גר,גרמים,220.00,100 גרם,false,1,32.90,14.9545,true,1,13566
5900017062419,false,תחליב  רחצה  ניוואה,beiersdorf,,תחליב  רחצה  ניוואה 750מל ורדים ושמן שקד,מיליליטרים,750.00,"100 מ""ל",false,1,15.90,2.1200,true,1,31375
5900020012814,false,דגני נסקוויק שוקולד,נסטלה פולין דגני בוק,,דגני בוקר נסקוויק שוקולד 500 גרם,גרמים,500.00,100 גרם,false,1,22.90,4.5800,true,1,6329
5900020015174,false,חטיפי דגנים פיטנס שו,נסטלה פולין ברים,,חטיפי דגנים פיטנס שוקולד 6 יח 141 גר,גרמים,141.00,100 גרם,false,1,15.90,11.2766,true,1,7058
5900020018908,false,חטיפי דגנים פיטנס קר,נסטלה פולין ברים,,חטיפי דגנים פיטנס קרם עוגיות6 יח 141 גר,גרמים,141.00,100 גרם,false,1,15.90,11.2766,true,1,8375
5900020020710,false,חטיפי דגנים קראנץ בר,נסטלה פולין ברים,,חטיפי דגנים קראנץ בר שוקו וניל 6יח 150ג,גרמים,150.00,100 גרם,false,1,15.90,10.6000,true,1,9400
5900020020741,false,חטיפי דגנים נסקוויק,נסטלה פולין ברים,,חטיפי דגנים נסקוויק בר שוקו6יח 150ג,גרמים,150.00,100 גרם,false,1,15.90,10.6000,true,1,9401
5900020022325,false,חטיפי דגנים  סיני מי,נסטלה פולין דגני בוק,,חטיפי דגנים  סיני מיניס 6יח 150ג,גרמים,150.00,100 גרם,false,1,15.90,10.6000,true,1,10438
5900020024770,false,חטיפי דגנים פיטנס דל,נסטלה פולין ברים,,חטיפי דגנים פיטנס דליס שוקולד אגוז135,גרמים,135.00,100 גרם,false,1,15.90,11.7778,true,1,11611
5900020025647,false,חטיפי דגנים פיטנס דל,נסטלה פולין ברים,,חטיפי דגנים פיטנס דליס שוקולד חלב135,גרמים,135.00,100 גרם,false,1,15.90,11.7778,true,1,11610
5900020026552,false,דגני האני נאט צריוס,ג.נרל מילס,,דגני בוקר האני נאט צריוס 625 גר,גרמים,615.00,100 גרם,false,1,22.90,3.7236,true,1,13176
5900020029669,false,חטיפי דגנים פיטנס פי,נסטלה פולין ברים,,חטיפי דגנים פיטנס פירות יער 6 יח 141 גר,גרמים,141.00,100 גרם,false,1,15.90,11.2766,true,1,15541
5900020031877,false,חטיפי דגנים ציריוס 6,נסטלה פולין ברים,,חטיפי דגנים ציריוס 6יח 132ג,גרמים,132.00,100 גרם,false,1,15.90,12.0455,true,1,17584
5900020032454,false,חטיפי דגנים פיטנס עו,נסטלה פולין ברים,,חטיפי דגנים פיטנס עוגיות 6 יח 141 גר,גרמים,141.00,100 גרם,false,1,15.90,11.2766,true,1,31380
5900020032539,false,חטיפי דגנים פיטנס שו,נסטלה פולין ברים,,חטיפי דגנים פיטנס שוקולד 6 יח 141 גר,גרמים,141.00,100 גרם,false,1,15.90,11.2766,true,1,31381
5900020033314,false,חטיפי דגנים ליון 6יח,נסטלה פולין ברים,,חטיפי דגנים ליון 6יח 150ג,גרמים,150.00,100 גרם,false,1,15.90,10.6000,true,1,18669
5900020034021,false,חטיפי דגנים פיטנס שו,נסטלה פולין ברים,,חטיפי דגנים פיטנס שוקו בננה 6 יח 141 גר,גרמים,141.00,100 גרם,false,1,15.90,11.2766,true,1,19720
5900020036407,false,דגני ליון שוקולד קרמ,ג.נרל מילס,,דגני ליון שוקולד קרמל מופחת סוכר 480 גרם,גרמים,480.00,100 גרם,false,1,22.90,4.7708,true,1,24839
5900020037916,false,דגני בוקר צריוס שיבו,ג.נרל מילס,,דגני בוקר צריוס שיבולת שועל340גר,גרמים,340.00,100 גרם,false,1,14.90,4.3824,true,1,28924
5900020039590,false,חטיפי דגנים פיטנס קל,נסטלה פולין ברים,,חטיפי דגנים פיטנס קלאסי פרווה6 יח 141 גר,גרמים,141.00,100 גרם,false,1,15.90,11.2766,true,1,32090
5900020039620,false,חטיפי דגנים פיטנס שק,נסטלה פולין ברים,,חטיפי דגנים פיטנס שקדים ודבש6 יח 141 גר,גרמים,141.00,100 גרם,false,1,15.90,11.2766,true,1,32091
5900130034157,false,מאגדת שלגון מילקה בט,,,מאגדת שלגון מילקה בטעם תות 4יח,יחידה,4.00,יחידה,false,1,38.90,9.7250,true,1,27709
5900130034171,false,מאגדת שלגון מילקה בט,,,מאגדת שלגון מילקה בטעם תות 4יח,יחידה,4.00,יחידה,false,1,38.90,9.7250,true,1,24967
5900343005296,false,וודקה זוברובקה ביזון,,,וודקה זוברובקה ביזון גראס 700 מל,מיליליטרים,700.00,"100 מ""ל",false,1,79.90,11.4143,true,1,43732
5900343010146,false,וודקה זוברובקה ביאלה,,,וודקה זוברובקה ביאלה 700 מל,מיליליטרים,7000.00,"100 מ""ל",false,1,59.90,0.8557,true,1,43716
5900353612552,false,שוקולד קלנוטי שרי 1,MIESZKO,,שוקולד קלנוטי שרי 1 קג,קילוגרמים,1.00,"ק""ג",false,1,58.90,58.9000,true,1,11896
5900353612965,false,בונבוניירה שרי צריסי,MIESZKO,,בונבוניירה שרי צריסימו 185 גר,גרמים,185.00,100 גרם,false,1,41.90,22.6486,true,1,18771
5900353615683,false,בונ.מייזקו וויסקי בש,,,בונבוניירה ברנדי שוקולד מריר 180 גרם,גרמים,180.00,100 גרם,false,1,16.90,9.3889,true,1,22307
5900353615690,false,בונ.מייזקו ברנדי בשו,,,בונ.מייזקו ברנדי בשוקולד מריר 180 גרם,גרמים,180.00,100 גרם,false,1,16.90,9.3889,true,1,22309
5900353615706,false,בונ.מייזקו וודקה בשו,,,בונ.מייזקו וודקה בשוקולד מריר 180 גרם,גרמים,180.00,100 גרם,false,1,16.90,9.3889,true,1,22308
5900353616321,false,בונבוניירה שוקולדורו,MIESZKO,,בונבוניירה שוקולדורו 178 גר,גרמים,178.00,100 גרם,false,1,29.90,16.7978,true,1,5416
5900353646755,false,ממתק שזיף סלוויקה בש,,PL,ממתק שזיף סלוויקה בשוקולד מריר שקית255ג,גרמים,255.00,100 גרם,false,15,20.90,8.1961,true,1,40209
5900353647219,false,ממתק שזיף סלוויקה בש,,PL,ממתק שזיף סלוויקה בשוקולד מריר קופסא200ג,גרמים,200.00,100 גרם,false,15,18.90,9.4500,true,1,40208
5900353647257,false,ממתק שזיף סלוויקה בש,,PL,ממתק שזיף סלוויקה בשוקולד מריר בפח325ג,גרמים,325.00,100 גרם,false,15,54.90,16.8923,true,1,40210
5900617035905,false,חטיף חלבון קרמל מלוח,,,חטיף חלבון קרמל מלוח 33% מעט סוכר,יחידה,1.00,יחידה,false,1,9.90,9.9000,true,1,38637
5900617035929,false,חטיף חלבון וניל תות,,,חטיף חלבון וניל תות 33% מעט סוכר,יחידה,1.00,יחידה,false,1,9.90,9.9000,true,1,38639
5900627026429,false,גל סיליט באנג לשירות,RB פולין,,גל סיליט באנג לשירותים אקונומיקה 750מל,מיליליטרים,750.00,"100 מ""ל",false,1,9.90,1.3200,true,1,28236
5900627027020,false,קרם הסרת שיער ויט מק,רקיט בנקיזר צרפת,,קרם הסרת שיער ויט מקלחת עור רגיל150מל,מיליליטרים,150.00,"100 מ""ל",false,1,39.90,26.6000,true,1,4063
5900627063233,false,טבליות למדיח הכל באח,RB פולין,,טבליות למדיח הכל באחד פיניש מקס 50 יח,יחידה,50.00,יחידה,false,1,44.90,0.8980,true,1,12992
5900627066715,false,טבליות למדיח הכל ב 1,RB פולין,,טבליות למדיח הכל ב 1 פיניש 100 יח,יחידה,100.00,יחידה,false,1,59.90,0.5990,true,1,27401
5900649052666,false,קפוצינו להכנה קלאסי,,,קפוצינו להכנה קלאסי 10 יח,Unknown,0.00,Unknown,false,1,9.90,0.0000,true,1,17012
5900649052697,false,קפוצינו להכנה קקאו 1,,,קפוצינו להכנה קקאו 10 יח,Unknown,0.00,Unknown,false,1,9.90,0.0000,true,1,17013
5900649052727,false,קפוצינו להכנה אגוזי,,,קפוצינו להכנה אגוזי לוז 10 יח,Unknown,0.00,Unknown,false,1,9.90,0.0000,true,1,17011
5900649052819,false,קפוצינו להכנה וניל10,,,קפוצינו להכנה וניל10 יח,Unknown,0.00,Unknown,false,1,9.90,0.0000,true,1,17014
5900915027831,false,שוקולד קריסמס עם עדש,,,שוקולד קריסמס עם עדשים 105 גרם,גרמים,105.00,100 גרם,false,1,5.90,5.6190,true,1,38378
5900951283963,false,חטיף סניקרס קרימי 36,מרס,,חטיף סניקרס קרימי 36.5 ג,Unknown,0.00,Unknown,false,1,3.90,0.0000,true,1,32616
5900951291593,false,סוכריות אם אנד אמס ק,מרס,GB,סוכריות אם אנד אמס קרמל מלוח 70 גרם,Unknown,0.00,Unknown,false,16,9.90,0.0000,true,1,43383
5900951293610,false,סוכריות אם אנד אמס ב,מרס,GB,סוכריות אם אנד אמס בראוניז 70 גרם,Unknown,0.00,Unknown,false,16,9.90,0.0000,true,1,43382
5901041003003,false,וודקה בלוודר 700 מל,polmos,,וודקה בלוודר 700 מל פקדון,מיליליטרים,700.00,"100 מ""ל",false,1,109.00,15.5714,true,1,8674
5901126011763,false,גבינה מותכת עם זיתים,,,גבינה מותכת עם זיתים 120גר משולשים,גרמים,140.00,100 גרם,false,24,9.90,7.0714,true,1,31178
5901126012388,false,טוסטי 600 גרם,,,טוסטי 600 גרם,גרמים,600.00,100 גרם,false,,22.90,3.8167,true,1,28432
5901126013316,false,גבינה מותכת קרמי 120,,,גבינה מותכת קרמי 120גר משולשים,גרמים,120.00,100 גרם,false,24,9.90,8.2500,true,1,31175
5901154046157,false,משקה דגנים אינקה קלא,GRANA ARMANDO,,משקה דגנים אינקה קלאסי ללא קפאין100גר,גרמים,100.00,100 גרם,false,1,15.90,15.9000,true,1,11222
5901154046164,false,משקה דגנים אינקה אור,GRANA ARMANDO,,משקה דגנים אינקה אורגני ללא קפאין100גר,גרמים,100.00,100 גרם,false,1,17.00,17.0000,true,1,11223
5901177156376,false,בונבוניירה ירוקה משו,,,בונבוניירה ירוקה משולשת אגוזי לוז 126 גר,גרמים,126.00,100 גרם,false,1,13.90,11.0317,true,1,38379
5901177157267,false,בית קריסמס ווברו עם,,,בית קריסמס ווברו עם ממתקים 200 גרם,גרמים,200.00,100 גרם,false,1,16.90,8.4500,true,1,44737
5901177157274,false,בונבוניירה עץ ירוק ו,,,בונבוניירה עץ ירוק ווברו קריסמס 170 גרם,גרמים,170.00,100 גרם,false,1,15.90,9.3529,true,1,44738
5901177157281,false,בונבוניירה עץ זהוב ו,,,בונבוניירה עץ זהוב ווברו קריסמס 170 גרם,גרמים,170.00,100 גרם,false,1,15.90,9.3529,true,1,44739
5901414200411,false,ביסקוויט היט מיני שו,בלזן פולסקה,,ביסקוויט היט מיני שוקו 130 גר,גרמים,130.00,100 גרם,false,1,6.90,5.3077,true,1,4795
5902198160403,false,משקה אנרגיה אקס אל ת,,,משקה אנרגיה אקס אל תן 250 מל פקדון,מיליליטרים,250.00,"100 מ""ל",false,1,4.40,1.7600,true,1,14626
5902627244315,false,קרקר עם גרעיני דלעת,,PL,קרקר עם גרעיני דלעת ואמנטל גליסיה 180 גר,גרמים,180.00,100 גרם,false,1,19.90,11.0556,true,1,38404
5902627244322,false,קרקר 5 דגנים גליסיה,,PL,קרקר 5 דגנים גליסיה 180 גר,גרמים,180.00,100 גרם,false,1,19.90,11.0556,true,1,38405
5902627244339,false,קרקר 3 סוגי גרעינים,,PL,קרקר 3 סוגי גרעינים גליסיה 180 גר,גרמים,180.00,100 גרם,false,1,19.90,11.0556,true,1,38407
5902627244346,false,קרקר קמח כוסמין מלא,,PL,קרקר קמח כוסמין מלא שומשום גליסיה 180 גר,גרמים,180.00,100 גרם,false,1,19.90,11.0556,true,1,38406
5902658111990,false,זוג מתלים בינוניים כ,3m,,זוג מתלים בינוניים כולל דבק,יחידה,2.00,יחידה,false,1,15.90,7.9500,true,1,18256
5902768514308,false,משקה קמבוצה אורגני א,,PL,משקה קמבוצה אורגני אסרולה וגינגר 315 מל,מיליליטרים,315.00,"100 מ""ל",false,8,13.90,4.4127,true,1,29809
5906485301012,false,משקה אנרגיה אקס אל 2,,,משקה אנרגיה אקס אל 250 מל פקדון,מיליליטרים,250.00,"100 מ""ל",false,1,4.40,1.7600,true,1,3982
5941021000639,false,שוקולד היידי חלב אגו,היידי שוקולד בירונטי,,שוקולד היידי חלב אגוז 100 גרם,גרמים,100.00,100 גרם,false,1,9.90,9.9000,true,1,18608
5941021000899,false,שוקולד היידי מריר אג,היידי שוקולד בירונטי,,שוקולד היידי מריר אגוז 100 גרם,גרמים,100.00,100 גרם,false,1,9.90,9.9000,true,1,18609
5941021001247,false,שוקולד היידי קפה 80,היידי שוקולד בירונטי,,שוקולד היידי קפה 80 גרם,Unknown,0.00,Unknown,false,1,9.90,0.0000,true,1,17284
5941021001261,false,שוקולד היידי 75% מרי,היידי שוקולד בירונטי,,שוקולד היידי 75% מריר גראנדור 80 גרם,Unknown,0.00,Unknown,false,1,9.90,0.0000,true,1,42354
5941021001674,false,שוקולד היידי 85% מרי,היידי שוקולד בירונטי,,שוקולד היידי 85% מריר גראנדור 80 גרם,Unknown,0.00,Unknown,false,1,9.90,0.0000,true,1,42353
5941021002190,false,שוקולד היידי לבן אגו,היידי שוקולד בירונטי,,שוקולד היידי לבן אגוז 100 גרם,גרמים,100.00,100 גרם,false,1,9.90,9.9000,true,1,18610
5941021004309,false,שוקולד היידי פלורנטי,היידי שוקולד בירונטי,,שוקולד היידי פלורנטין 100 גרם,גרמים,100.00,100 גרם,false,1,9.90,9.9000,true,1,17274
5941021005122,false,שוקולד היידי חמוציות,היידי שוקולד בירונטי,,שוקולד היידי חמוציות 80 גרם,Unknown,0.00,Unknown,false,1,9.90,0.0000,true,1,17283
5941021007577,false,שוקולד היידי פיסטוק,היידי שוקולד בירונטי,,שוקולד היידי פיסטוק 80 גרם,Unknown,0.00,Unknown,false,1,9.90,0.0000,true,1,17281
5941021008208,false,שוקולד היידי מלח שחו,היידי שוקולד בירונטי,,שוקולד היידי מלח שחור 80 גרם,Unknown,0.00,Unknown,false,1,9.90,0.0000,true,1,17282
5941021008673,false,שוקולד היידי לבן שקד,היידי שוקולד בירונטי,,שוקולד היידי לבן שקד פיסטוק 100 גרם,גרמים,100.00,100 גרם,false,1,9.90,9.9000,true,1,17279
5941021011147,false,שוקולד היידי פלורנטי,היידי שוקולד בירונטי,,שוקולד היידי פלורנטין מריר 100 גרם,גרמים,100.00,100 גרם,false,1,9.90,9.9000,true,1,17280
5941021015596,false,שוקולד היידי מריר או,היידי שוקולד בירונטי,,שוקולד היידי מריר אוכמניות 100 גרם,Unknown,0.00,Unknown,false,1,9.90,0.0000,true,1,21631
5941021016401,false,שוקולד היידי מריר שק,היידי שוקולד בירונטי,,שוקולד היידי מריר שקד שלם 100 גרם,גרמים,100.00,100 גרם,false,1,9.90,9.9000,true,1,21630
5941850163024,false,מאפה רול אקסה ממולא,,RO,מאפה רול אקסה ממולא קרם וניל 350 גרם,גרמים,350.00,100 גרם,false,8,14.90,4.2571,true,1,41181
5941850166575,false,מאפה רול אקסה ממולא,,RO,מאפה רול אקסה ממולא קרם משמש 350 גרם,גרמים,350.00,100 גרם,false,8,14.90,4.2571,true,1,41184
5941850166599,false,מאפה רול אקסה ממולא,,RO,מאפה רול אקסה ממולא קרם תות 350 גרם,גרמים,350.00,100 גרם,false,8,14.90,4.2571,true,1,41185
5941850166612,false,מאפה רול אקסה ממולא,,RO,מאפה רול אקסה ממולא קרמל מלוח 350 גרם,גרמים,350.00,100 גרם,false,8,14.90,4.2571,true,1,41186
5942219000059,false,מים מינרליים בורסאק,,,מים מינרליים בורסאק 1.5 ליטר,ליטרים,1.50,ליטר,false,1,9.20,6.1333,true,1,16575
5948559002753,false,מטליות ניקוי 5יח ספי,3m,IT,מטליות ניקוי 5יח ספיגה אופטימלית,יחידה,5.00,יחידה,false,15,15.90,3.1800,true,1,21126
5949152110821,false,מטהר אוויר אירוויק נ,RB פולין,PL,מטהר אוויר אירוויק נ.גז לילות לבנים 237מ,מיליליטרים,237.00,"100 מ""ל",false,1,14.90,6.2869,true,1,44084
5949152110838,false,מטהר אוויר אירוויק נ,RB פולין,PL,מטהר אוויר אירוויק נ.גז גשם סגול 237מל,מיליליטרים,237.00,"100 מ""ל",false,1,14.90,6.2869,true,1,44085
5997010301010,false,מחית פפריקה מתוקה 70,,HU,מחית פפריקה מתוקה 70 גרם,Unknown,0.00,Unknown,false,24,11.90,0.0000,true,1,26340
5997010302024,false,מחית גולאש חריפה 70,,HU,מחית גולאש חריפה 70 גרם,Unknown,0.00,Unknown,false,24,11.90,0.0000,true,1,26346
5997321770307,false,ויט רצועות שעווה לעו,רקיט בנקיזר צרפת,,ויט רצועות שעווה לעור רגיש,Unknown,0.00,Unknown,false,1,21.90,0.0000,true,1,15839
5998623526739,false,יין סי. גראס גוורצטר,גראס,HU,יין סי. גראס גוורצטרמינר כשר 750 מל,מיליליטרים,750.00,"100 מ""ל",false,6,40.00,5.3333,true,1,25383
5999883580158,false,משקה מוגז נסיכות דיס,,,משקה מוגז נסיכות דיסני טעם תפוח 750מל,Unknown,0.00,Unknown,false,6,18.90,0.0000,true,1,41369
5999883580233,false,משקה פרוזן מוגז טעם,,,משקה פרוזן מוגז טעם תפוח 750מל,Unknown,0.00,Unknown,false,1,18.90,0.0000,true,1,41366
5999883580431,false,משקה מכוניות מוגז טע,,,משקה מכוניות מוגז טעם תות שדה תפוח 750מל,Unknown,0.00,Unknown,false,6,18.90,0.0000,true,1,41368
5999883580998,false,משקה מוגז כדורגל טעם,,,משקה מוגז כדורגל טעם תפוח 750מל,Unknown,0.00,Unknown,false,6,18.90,0.0000,true,1,41371
5999887527067,false,משקה מוגז חד קרן טעם,,,משקה מוגז חד קרן טעם תפוח 750מל,Unknown,0.00,Unknown,false,6,18.90,0.0000,true,1,41370
6001030003126,false,רוטב וושסטר ויליגטון,היינץ פודס,,רוטב וושסטר ויליגטון 250 מל,מיליליטרים,250.00,"100 מ""ל",false,1,15.90,6.3600,true,1,7109
6001030003584,false,רוטב לסטייק וולינטון,היינץ פודס,,רוטב לסטייק וולינטון 700 מל,מיליליטרים,700.00,"100 מ""ל",false,1,26.90,3.8429,true,1,11211
6001030004635,false,רוטב וולינטון צאטני,היינץ פודס,ZA,רוטב וולינטון צאטני מילד 450 גרם,מיליליטרים,450.00,"100 מ""ל",false,12,19.90,4.4222,true,1,24129
6001067017332,false,מברשת שיניים קולגייט,קולגייט,CN,מברשת שיניים קולגייט אופטיק וייט בודד,יחידה,1.00,יחידה,false,72,19.90,19.9000,true,1,42643
6001067017523,false,מברשת שיניים קולגייט,CP- China-SH,,מברשת שיניים קולגייט ילדים דמויות חדשה,Unknown,0.00,Unknown,false,1,14.90,0.0000,true,1,8882
6001067017530,false,מברשת שיניים קולגייט,CP- China-SH,,מברשת שיניים קולגייט ילדים דמויות חדשה,Unknown,0.00,Unknown,false,1,14.90,0.0000,true,1,8881
6001067027324,false,מברשת שיניים קולגייט,קולגייט,IT,מברשת שיניים קולגייט ילדים חשמלית,יחידה,1.00,יחידה,false,12,44.90,44.9000,true,1,20242
6001068323005,false,משקה ריקופי גרגירים,נסטלה,ZA,משקה ריקופי גרגירים קפה ועולש 250 גרם,גרמים,250.00,100 גרם,false,6,39.90,15.9600,true,1,32413
6001092500052,false,רוטב צאטני מקורי 470,TIGER CONSUMER BRAND,,רוטב צאטני מקורי 470 ג דרום אפריקה,גרמים,470.00,100 גרם,false,1,25.20,5.3617,true,1,3811
6001092500106,false,רוטב צאטני חריף 470,TIGER CONSUMER BRAND,,רוטב צאטני חריף 470 ג דרום אפריקה,גרמים,470.00,100 גרם,false,1,25.20,5.3617,true,1,3810
6001495062577,false,ליקר אמרולה 700 מל,,,משקה אמרולה 700 מל פקדון,מיליליטרים,700.00,"100 מ""ל",false,6,69.00,9.8571,true,1,28310
6001506003902,false,יין אאודה קאפ שנין ב,"דרא""פ די.ג'י.בי DGB",,יין אאודה קאפ שנין בלאן 750 מל פיקדון,מיליליטרים,750.00,"100 מ""ל",false,1,35.00,4.6667,true,1,6130
6001506904452,false,יין שנין בלאן בלינגה,,,יין שנין בלאן בלינגהאם 750 מל,מיליליטרים,750.00,"100 מ""ל",false,1,60.00,8.0000,true,1,16767
6001506908764,false,יין פינוטאז בלינגהאם,בלינגהאם,,יין פינוטאז בלינגהאם 750 מל,מיליליטרים,750.00,"100 מ""ל",false,1,60.00,8.0000,true,1,16773
6001812010007,false,יין קב. סוביניון דאג,"דרא""פ די.ג'י.בי DGB",,יין קב. סוביניון דאגלאס גרין 750מל פקדו,מיליליטרים,750.00,"100 מ""ל",false,1,45.00,6.0000,true,1,9688
6002291000190,false,יין פייר ויו גוטס דו,,,יין פייר ויו גוטס דו רואם לבן 750 מל,מיליליטרים,750.00,"100 מ""ל",false,6,45.00,6.0000,true,1,29811
6002291000435,false,יין פייר ויו גוטס צד,,,יין פיירוויו גואטס דו רואם 2008 750מל פק,מיליליטרים,750.00,"100 מ""ל",false,1,45.00,6.0000,true,1,29792
6003105000658,false,אבקת ציר ירקות 150 ג,INA PAARMANS,,אבקת ציר ירקות 150 גר צנצנת,גרמים,150.00,100 גרם,false,1,29.90,19.9333,true,1,10346
6003105000665,false,אבקת ציר עוף 150 גר,INA PAARMANS,,אבקת ציר עוף 150 גר צנצנת,גרמים,150.00,100 גרם,false,1,29.90,19.9333,true,1,10347
6003105000863,false,אבקת ציר בקר 150 גר,INA PAARMANS,,אבקת ציר בקר 150 גר צנצנת,גרמים,150.00,100 גרם,false,1,29.90,19.9333,true,1,10345
6003105001396,false,תבלון לימון ופלפל שח,INA PAARMANS,,תבלון לימון ופלפל שחור 200 מל אינה פארמן,מיליליטרים,200.00,"100 מ""ל",false,1,22.90,11.4500,true,1,10342
6003105001563,false,תבלון בריי וגריל 200,INA PAARMANS,,תבלון בריי וגריל 200 מל אינה פארמן,מיליליטרים,200.00,"100 מ""ל",false,1,22.90,11.4500,true,1,10341
6003105001860,false,תבלון שום ופלפל שחור,INA PAARMANS,ZA,תבלון שום ופלפל שחור 200 מל אינה פארמן,מיליליטרים,200.00,"100 מ""ל",false,12,22.90,11.4500,true,1,33049
6003105002270,false,תבלון לתפוח אדמה 200,INA PAARMANS,,תבלון לתפוח אדמה 200 מל אינה פארמן,מיליליטרים,200.00,"100 מ""ל",false,1,22.90,11.4500,true,1,10343
6003105002539,false,תבלון קגון 220 מל אי,INA PAARMANS,,תבלון זיתים ורוזמרין200 מל פרמאן,מיליליטרים,200.00,"100 מ""ל",false,1,22.90,11.4500,true,1,10340
6003105003178,false,ציר עוף מרוכז אינה פ,INA PAARMANS,ZA,ציר עוף מרוכז אינה פרמן 200 מל,מיליליטרים,200.00,"100 מ""ל",false,12,29.90,14.9500,true,1,9890
6003105003185,false,ציר בקר מרוכז אינה פ,INA PAARMANS,ZA,ציר בקר מרוכז אינה פרמן 200 מל,מיליליטרים,200.00,"100 מ""ל",false,12,29.90,14.9500,true,1,9889
6003105003192,false,ציר דגים מרוכז אינה,INA PAARMANS,ZA,ציר דגים מרוכז אינה פרמן 200 מל,מיליליטרים,200.00,"100 מ""ל",false,12,29.90,14.9500,true,1,33042
6003105003260,false,ציר ירקות מרוכז אינה,INA PAARMANS,ZA,ציר ירקות מרוכז אינה פרמן 200 מל,מיליליטרים,200.00,"100 מ""ל",false,12,29.90,14.9500,true,1,10720
6003105900163,false,רוטב לבישול טיקה קאר,INA PAARMANS,,רוטב לבישול טיקה קארי 200 מל,מיליליטרים,200.00,"100 מ""ל",false,1,19.90,9.9500,true,1,10348
6003105900170,false,רוטב לבישול לימון וע,INA PAARMANS,,רוטב לבישול לימון ועשבים200 מל,מיליליטרים,200.00,"100 מ""ל",false,1,19.90,9.9500,true,1,10349
6003105900262,false,תבלון שום עשבי תיבול,INA PAARMANS,,תבלין שום עשבי תיבול200 מל פרמאן,מיליליטרים,200.00,"100 מ""ל",false,1,22.90,11.4500,true,1,10718
6003770000168,false,רוטב ננדוס מדיום 250,NANDOS,,רוטב ננדוס מדיום 250 גר,גרמים,250.00,100 גרם,false,1,25.90,10.3600,true,1,13700
6003770000496,false,רוטב ננדוס פלפל 250,NANDOS,,רוטב ננדוס פלפל 250 גר,גרמים,250.00,100 גרם,false,1,25.90,10.3600,true,1,10636
6003770000649,false,רוטב ננדוס שום 250 ג,NANDOS,,רוטב ננדוס שום 250 גר,גרמים,250.00,100 גרם,false,1,25.90,10.3600,true,1,10640
6003770000663,false,רוטב ננדוס חריף 250,NANDOS,,רוטב ננדוס חריף 250 גר,גרמים,250.00,100 גרם,false,1,25.90,10.3600,true,1,10639
6003770000670,false,רוטב ננדוס אקסטרא חר,NANDOS,,רוטב ננדוס אקסטרא חריף 250 גר,גרמים,250.00,100 גרם,false,1,25.90,10.3600,true,1,10637
6003770002414,false,רוטב ננדוס לימון עשב,NANDOS,,רוטב ננדוס לימון עשבי תיבול 250 גר,גרמים,250.00,100 גרם,false,1,25.90,10.3600,true,1,10635
6003770002674,false,רוטב ננדוס אקס אקס ח,NANDOS,,רוטב ננדוס אקס אקס חריף 250 גר,גרמים,250.00,100 גרם,false,1,25.90,10.3600,true,1,10638
6003770002889,false,רוטב ננדוס בושוולד ב,NANDOS,,רוטב ננדוס בושוולד בראיי 250 גר,גרמים,250.00,100 גרם,false,1,25.90,10.3600,true,1,43694
6003770003091,false,רוטב ננדוס פרי פרי מ,NANDOS,,רוטב ננדוס פרי פרי מיילד 250 גר,גרמים,250.00,100 גרם,false,1,25.90,10.3600,true,1,13701
6003770010310,false,רוטב ננדוס מוזנפיק פ,NANDOS,,רוטב ננדוס מוזנפיק פפריקה 250 גר,גרמים,250.00,100 גרם,false,1,25.90,10.3600,true,1,43695
6006507004774,false,פלפל שחור במטחנה כאפ,cape herb and spices,ZA,פלפל שחור במטחנה כאפ הרבס185 גרם,גרמים,185.00,100 גרם,false,1,24.90,13.4595,true,1,27376
6006507004781,false,מטחנה לברביקיו מעושן,cape herb and spices,ZA,מטחנה לברביקיו מעושן מתוק כאפ הרבס190גר,גרמים,190.00,100 גרם,false,6,21.90,11.5263,true,1,43830
6006507004798,false,מלח  ים אטלנטי מטחנה,cape herb and spices,ZA,מלח  ים אטלנטי מטחנה כאפ הרבס360 גרם,גרמים,360.00,100 גרם,false,1,17.90,4.9722,true,1,27373
6006507004811,false,פלפל שחור במטחנה כאפ,cape herb and spices,ZA,פלפל שחור במטחנה כאפ הרבס50 גרם,Unknown,0.00,Unknown,false,1,17.90,0.0000,true,1,27385
6006507004873,false,מלח הימלאיה ורוד מטח,cape herb and spices,ZA,מלח הימלאיה ורוד מטחנה כאפ הרבס110 גרם,גרמים,110.00,100 גרם,false,1,15.90,14.4545,true,1,27369
6006507004897,false,פלפל טרופי במטחנה כא,cape herb and spices,ZA,פלפל טרופי במטחנה כאפ הרבס 45 גרם,Unknown,0.00,Unknown,false,1,21.90,0.0000,true,1,27375
6006507004996,false,תערובת ים תיכוני 100,cape herb and spices,,תערובת ים תיכוני 100 גר,גרמים,100.00,100 גרם,false,1,19.90,19.9000,true,1,14863
6006507005016,false,תערובת טקסס סטייק 10,cape herb and spices,,תערובת טקסס סטייק 100 גר,גרמים,100.00,100 גרם,false,1,19.90,19.9000,true,1,14862
6006507005061,false,תערובת תיבול לבריי ו,cape herb and spices,ZA,תערובת תיבול לבריי וגריל 265 גרם,גרמים,265.00,100 גרם,false,6,21.90,8.2642,true,1,43829
6006507005306,false,מלח הימלאיה ורוד מטח,cape herb and spices,ZA,מלח הימלאיה ורוד מטחנה כאפ הרבס390 גרם,גרמים,390.00,100 גרם,false,1,21.90,5.6154,true,1,27370
6006507005351,false,תערובת 7 תבלינים תאי,cape herb and spices,ZA,תערובת 7 תבלינים תאילנדי כאפ הרבס 50 גר,Unknown,0.00,Unknown,false,6,8.90,0.0000,true,1,43825
6006507005757,false,תערובת קריביאן גרק כ,cape herb and spices,ZA,תערובת קריביאן גרק כאפ הרבס 100 גר,גרמים,100.00,100 גרם,false,6,21.90,21.9000,true,1,33048
6006507005764,false,תערובת אסיאתי כאפ הר,cape herb and spices,ZA,תערובת אסיאתי כאפ הרבס100 גרם,גרמים,100.00,100 גרם,false,6,21.90,21.9000,true,1,33047
6006507005771,false,תערובת קארי מדרס כאפ,cape herb and spices,ZA,תערובת קארי מדרס כאפ הרבס 100 גר,גרמים,100.00,100 גרם,false,6,21.90,21.9000,true,1,14859
6006507005788,false,תערובת מסלה כאפ הרבס,cape herb and spices,ZA,תערובת מסלה כאפ הרבס 100 גרם,גרמים,100.00,100 גרם,false,6,21.90,21.9000,true,1,14861
6006507005887,false,מלח מתובל במטחנה כאפ,cape herb and spices,ZA,מלח מתובל במטחנה כאפ הרבס240גרם,גרמים,240.00,100 גרם,false,1,21.90,9.1250,true,1,27374
6006507005894,false,תערובת לימון ופלפל מ,cape herb and spices,ZA,תערובת לימון ופלפל מטחנה כאפ הרבס290 גרם,גרמים,290.00,100 גרם,false,1,21.90,7.5517,true,1,27371
6006507005924,false,מלח ופלפל שחור מטחנה,cape herb and spices,ZA,מלח ופלפל שחור מטחנה כאפ הרבס290 גרם,גרמים,290.00,100 גרם,false,1,21.90,7.5517,true,1,27372
6006507007386,false,מטחנה שום וצילי כאפ,cape herb and spices,ZA,מטחנה שום וצילי כאפ הרבס 190 גרם,גרמים,185.00,100 גרם,false,1,24.90,13.4595,true,1,43831
6006507007454,false,תערובת לימון ועשבי ת,cape herb and spices,ZA,תערובת לימון ועשבי תיבול כאפ הרבס100 גרם,גרמים,100.00,100 גרם,false,1,21.90,21.9000,true,1,27367
6006507007492,false,תערובת תיבול ירקות מ,cape herb and spices,ZA,תערובת תיבול ירקות מאודים כאפ הרבס 60 גר,Unknown,0.00,Unknown,false,6,12.90,0.0000,true,1,43823
6006507007805,false,תבלין לברביקון מעושן,cape herb and spices,ZA,תבלין לברביקון מעושן כאפ הרבס100 גרם,גרמים,100.00,100 גרם,false,1,21.90,21.9000,true,1,27368
6006570000093,false,תערובת ציפוטלה 80 גר,cape herb and spices,,תערובת ציפוטלה 80 גר,יחידה,1.00,יחידה,false,1,19.90,19.9000,true,1,14865
6009645550080,false,פלפל חלפינו פיינבוס,,ZA,פלפל חלפינו פיינבוס פרוס 420 גרם,מיליליטרים,420.00,"100 מ""ל",false,12,23.90,5.6905,true,1,33057
6009645550738,false,רוטב פיינבוס פלפל צי,,ZA,רוטב פיינבוס פלפל צילי שום חריף130 גרם,מיליליטרים,130.00,"100 מ""ל",false,12,17.90,13.7692,true,1,33054
6009645550745,false,רוטב פיינבוס פלפל הב,,ZA,רוטב פיינבוס פלפל הבנרו חריף 130 גרם,מיליליטרים,130.00,"100 מ""ל",false,12,17.90,13.7692,true,1,33050
6009645550752,false,רוטב פיינבוס פלפל צי,,ZA,רוטב פיינבוס פלפל צילי עין הציפור130 גרם,מיליליטרים,130.00,"100 מ""ל",false,12,17.90,13.7692,true,1,33055
6009645550974,false,פלפל ציפוטלה פיינבוס,,ZA,פלפל ציפוטלה פיינבוס ברוטב אדובד280גרם,מיליליטרים,280.00,"100 מ""ל",false,12,31.90,11.3929,true,1,33058
6009645551216,false,רוטב פיינבוס מעושן ח,,ZA,רוטב פיינבוס מעושן חריף מתוק 130 גרם,מיליליטרים,130.00,"100 מ""ל",false,12,17.90,13.7692,true,1,33051
6009645551407,false,רוטב פיינבוס פלפל צי,,ZA,רוטב פיינבוס פלפל צילי לימון חריף130 גרם,מיליליטרים,130.00,"100 מ""ל",false,12,17.90,13.7692,true,1,33053
6009645551902,false,רוטב פיינבוס פלפל צי,,ZA,רוטב פיינבוס פלפל ציפוטלה חריף 130 גרם,מיליליטרים,130.00,"100 מ""ל",false,12,17.90,13.7692,true,1,33056
6009645552312,false,רוטב פיינבוס פלפל חל,,ZA,רוטב פיינבוס פלפל חלפינו חריף 130 גרם,מיליליטרים,130.00,"100 מ""ל",false,12,17.90,13.7692,true,1,33052
6009678813985,false,מטחנת מלח הימלאיה 39,,ZA,מטחנת מלח הימלאיה 390 גרם,גרמים,390.00,100 גרם,false,12,18.90,4.8462,true,1,25915
6009813410406,false,רוטב ברביקיו סאפור 5,,ZA,רוטב ברביקיו סאפור 500 מל,גרמים,500.00,100 גרם,false,12,19.90,3.9800,true,1,40366
6009813410413,false,רוטב סטייק סאפור 500,,ZA,רוטב סטייק סאפור 500 מל,גרמים,500.00,100 גרם,false,12,19.90,3.9800,true,1,40365
6086142556418,false,עלי מורינגה טריים או,,,עלי מורינגה טריים אורגני,Unknown,0.00,Unknown,false,1,14.90,0.0000,true,1,42327
6086142556968,false,נענע אורגנית,,,נענע אורגנית,Unknown,0.00,Unknown,false,1,8.90,0.0000,true,1,28111
6102017501939,false,מצית גז להבה ארוך 26,,,מצית גז להבה ארוך 26סמ,יחידה,1.00,יחידה,false,1,7.90,7.9000,true,1,25688
6111094000242,false,קוסקוס דארי דק 500 ג,,,קוסקוס דארי דק 500 גר,גרמים,500.00,100 גרם,false,1,8.90,1.7800,true,1,6568
6111094000259,false,קוסקוס דארי בינוני 5,,,קוסקוס דארי בינוני 500 גר,גרמים,500.00,100 גרם,false,1,8.90,1.7800,true,1,6567
6118000061090,false,סרדין מרוקאי טנגיר ש,קונסרבס,,סרדין מרוקאי טנגיר שמן סויה 125 גר,גרמים,125.00,100 גרם,false,1,4.90,3.9200,true,1,28237
6118000240501,false,סרדין מרוקאי טנגיר ש,קונסרבס,,סרדין מרוקאי אגדיר שמן סויה 125 גר,גרמים,125.00,100 גרם,false,1,4.90,3.9200,true,1,9760
6194029100279,false,פילה טונה אלמנאר בשמ,,TN,פילה טונה אלמנאר בשמן זית 200 גרם צנצנת,גרמים,200.00,100 גרם,false,12,29.90,14.9500,true,1,44289
6194029100323,false,סרדין אלמנאר בשמן זי,,TN,סרדין אלמנאר בשמן זית 125 גרם,גרמים,125.00,100 גרם,false,50,5.90,4.7200,true,1,44290
6194029100415,false,טונה אלמנאר בשמן זית,,TN,טונה אלמנאר בשמן זית 160 גרם,גרמים,160.00,100 גרם,false,12,17.90,11.1875,true,1,44288
6224000485764,false,שיני שום 1קג קפוא,,,שיני שום 1קג קפוא,קילוגרמים,1.00,"ק""ג",false,10,24.90,24.9000,true,1,44090
6253341100012,false,טחינה עאייש 950 גרם,,,טחינה עאייש 950 גרם,גרמים,950.00,100 גרם,false,1,36.90,3.8842,true,1,13707
6253341100029,false,טחינה עאייש 450 גרם,,,טחינה עאייש 450 גרם,גרמים,450.00,100 גרם,false,1,19.90,4.4222,true,1,18332
6281001510390,false,מברשת שיניים קולגייט,CP- China-SH,,מברשת שיניים קולגייט תינוקות 0-2,יחידה,1.00,יחידה,false,1,14.90,14.9000,true,1,3844
6297000361154,false,סילאן תמרים אורגני 4,,,סילאן תמרים אורגני 470גר,גרמים,470.00,100 גרם,false,1,13.90,2.9574,true,1,32356
6430016342872,false,חמאה טאוסנד לייק 200,,,חמאה טאוסנד לייק 200גר,גרמים,200.00,100 גרם,false,1,11.90,5.9500,true,1,29920
6901022100409,false,ממרח גינגר כתוש טרי,,CN,ממרח גינגר כתוש טרי לירון 100 גרם,גרמים,100.00,100 גרם,false,12,6.90,6.9000,true,1,44704
6901022100416,false,ממרח שום כתוש טרי לי,,CN,ממרח שום כתוש טרי לירון 100 גרם,גרמים,100.00,100 גרם,false,12,6.90,6.9000,true,1,44705
6909039012920,false,כף זיתים נירוסטה עיל,,,כף זיתים נירוסטה עילית,יחידה,1.00,יחידה,false,1,24.90,24.9000,true,1,14136
6910191800287,false,אצות נורי בלו 10 דפי,Nantong haida aquati,,אצות נורי בלו 10 דפים נגטונג,יחידה,1.00,יחידה,false,1,12.90,12.9000,true,1,8857
6912977000140,false,אטריות שעועית דקות 2,Yantai Yinsida Longk,,אטריות שעועית דקות 250 גר כשלפ,גרמים,200.00,100 גרם,false,1,8.90,4.4500,true,1,9875
6918819160331,false,מלקחיים נירוסטה גריל,,,מלקחיים נירוסטה גריל/סלט 20סמ,יחידה,1.00,יחידה,false,1,5.90,5.9000,true,1,30744
6920036686235,false,אטריות סומן כתום 400,הנגזהו,,אטריות סומן כתום 400 גר,גרמים,400.00,100 גרם,false,1,6.00,1.5000,true,1,9338
6920354822193,false,משחת שיניים קולגייט,קולגייט פלמוליב,BR,משחת שיניים קולגייט נטורל 68מל הדרים אקל,Unknown,0.00,Unknown,false,48,29.90,0.0000,true,1,31997
6920354822223,false,משחת שיניים קולגייט,קולגייט פלמוליב,BR,משחת שיניים קולגייט נטורל 68מל גינגר קוק,Unknown,0.00,Unknown,false,48,29.90,0.0000,true,1,31998
6920354824395,false,משחת שיניים קולגייט,קולגייט פלמוליב,BR,משחת שיניים קולגייט נטורל ת.פחם 71מל,Unknown,0.00,Unknown,false,48,29.90,0.0000,true,1,31999
6921052701001,false,אצות וואקמה 50 גרם,Qingdao Sun-growing,,אצות וואקמה 50 גרם,גרמים,50.00,100 גרם,false,1,11.90,23.8000,true,1,4201
6922276100083,false,מחית וואסבי חזרת 43,Qingdao Sun-growing,,מחית וואסבי חזרת 43 גר,גרמים,43.00,100 גרם,false,1,9.90,23.0233,true,1,8664
6924299395972,false,סכין קיצוץ 17.5סמ יד,לי מרקט,,סכין קיצוץ 17.5סמ ידית נירוסטה לקיטשן,יחידה,1.00,יחידה,false,1,28.90,28.9000,true,1,25061
6924299395989,false,סכין סנטוקו ידית ניר,,,סכין סנטוקו ידית נירוסטה 17.5סמ לקיטשן,יחידה,1.00,יחידה,false,1,24.90,24.9000,true,1,25047
6924299395996,false,סכין רוסטביף 28סמ יד,לי מרקט,,סכין רוסטביף 28סמ ידית נירוסטה לקיטשן,יחידה,1.00,יחידה,false,1,24.90,24.9000,true,1,25051
6924299396009,false,משחיז סכינים לקיטשן,לי מרקט,,משחיז סכינים לקיטשן 20סמ,יחידה,1.00,יחידה,false,1,13.90,13.9000,true,1,25050
6924299396023,false,סכין לחם 20סמ ידית נ,,,סכין לחם 20סמ ידית נירוסטה לקיטשן,יחידה,1.00,יחידה,false,1,24.90,24.9000,true,1,25054
6924299396030,false,סכין גילוף 20סמ ידית,לי מרקט,,סכין גילוף 20סמ ידית נירוסטה לקיטשן,יחידה,1.00,יחידה,false,1,24.90,24.9000,true,1,25053
6924299396047,false,סכין שירות 12.5סמ יד,לי מרקט,,סכין שירות 12.5סמ ידית נירוסטה לקיטשן,יחידה,1.00,יחידה,false,1,21.90,21.9000,true,1,25052
6924299396054,false,סכין קילוף 9סמ ידית,לי מרקט,,סכין קילוף 9סמ ידית נירוסטה לקיטשן,יחידה,1.00,יחידה,false,1,18.90,18.9000,true,1,25049
6928029702139,false,סט 3 תבניות פיירקס א,,,סט 3 תבניות פיירקס אובלי,יחידה,3.00,יחידה,false,30,49.90,16.6333,true,1,31428
6933960500089,false,רצועות דלעת כבושות ק,Qingdao Sun-growing,,רצועות דלעת כבושות קנפיו 100 גר,גרמים,100.00,100 גרם,false,1,13.90,13.9000,true,1,8143
6934731200078,false,אטריות נודלס דקות200,קינגדאון פרימה פודס,CN,אטריות נודלס דקות200 גרם,גרמים,180.00,100 גרם,false,1,6.90,3.8333,true,1,20294
6934731210138,false,אטריות נודלס עבות200,קינגדאון פרימה פודס,CN,אטריות נודלס עבות 200 גרם,גרמים,180.00,100 גרם,false,1,6.90,3.8333,true,1,20293
6934930032234,false,מעדן טבעוני פומאז עש,,IL,מעדן טבעוני פומאז עשיר בחלבון לימונצלו,גרמים,110.00,100 גרם,false,8,10.90,9.9091,true,1,31363
6934930083410,false,מעדן טבעוני פומאז עש,,IL,מעדן טבעוני פומאז עשיר בחלבון ריקוטה110ג,גרמים,110.00,100 גרם,false,8,10.90,9.9091,true,1,31362
6934931267246,false,מצית גז להבה ארוך 26,,,מצית גז להבה ארוך 26סמ,יחידה,1.00,יחידה,false,1,7.90,7.9000,true,1,40277
6934931974588,false,מלפפון בייבי קורנישו,,GR,מלפפון בייבי קורנישון קשת670 גרם,גרמים,670.00,100 גרם,false,12,16.90,2.5224,true,1,42345
6934931974656,false,לימונים כבושים במי מ,,ES,לימונים כבושים במי מלח 360 גרם,גרמים,360.00,100 גרם,false,12,11.90,3.3056,true,1,42344
6935673035612,false,זוג כפפות אלוורה חד,G.H.P,CN,זוג כפפות אלוורה חד פעמי מידה סמול,יחידה,2.00,יחידה,false,12,5.90,2.9500,true,1,18940
6935673035629,false,זוג כפפות אלוורה חד,G.H.P,CN,זוג כפפות אלוורה חד פעמי מידה מדיום,יחידה,2.00,יחידה,false,12,5.90,2.9500,true,1,18941
6935673035636,false,זוג כפפות אלוורה חד,G.H.P,CN,זוג כפפות אלוורה חד פעמי מידה לארג,יחידה,2.00,יחידה,false,12,5.90,2.9500,true,1,18942
6935673035643,false,זוג כפפות אלוורה חד,G.H.P,CN,זוג כפפות אלוורה חד פעמי מידה אקס אל,יחידה,2.00,יחידה,false,12,5.90,2.9500,true,1,18943
6936065461286,false,סט דלי ים ממותג,,,סט דלי ים ממותג,יחידה,1.00,יחידה,false,1,29.90,29.9000,true,1,42026
6936745600462,false,מירין יפני דאניינג 5,Qingdao Sun-growing,,מירין יפני דאניינג 500מל,מיליליטרים,500.00,"100 מ""ל",false,1,21.90,4.3800,true,1,8406
6936745600783,false,חומץ אורז דאניינג 50,Qingdao Sun-growing,,חומץ אורז דאניינג 500 מל,מיליליטרים,500.00,"100 מ""ל",false,1,14.90,2.9800,true,1,8405
6937266700761,false,מכשיר גילוח שיק אינט,אדגוול,CN,מכשיר גילוח שיק אינטואישן סנסטיב +2 סכין,גרמים,130.00,100 גרם,false,3,29.90,23.0000,true,1,20679
6937266700785,false,סכיני גילוח שיק אינט,אדגוול,,סכיני גילוח שיק אינטואישן סנסטיב 3יח,יחידה,3.00,יחידה,false,1,29.90,9.9667,true,1,20680
6937266703458,false,מכשיר גילוח שיק הייד,אדגוול,CN,מכשיר גילוח שיק היידרו+2סכינים לנשים,יחידה,1.00,יחידה,false,10,29.90,29.9000,true,1,22701
6937266703472,false,סכיני גילוח שיק הייד,אדגוול,CN,סכיני גילוח שיק היידרו סילק 4יח,יחידה,4.00,יחידה,false,6,49.90,12.4750,true,1,22702
6941057402376,false,בריכת אינטקס עגולה 8,,,בריכת אינטקס עגולה 80/25,יחידה,1.00,יחידה,false,1,56.90,56.9000,true,1,32059
6941349552932,false,סט 5 סכינים פייר,,,סט 5 סכינים פייר,יחידה,5.00,יחידה,false,1,76.90,15.3800,true,1,30393
6948896600451,false,חליטת תה ירוק תפזורת,,CN,חליטת תה ירוק תפזורת 100 גר,גרמים,100.00,100 גרם,false,12,16.90,16.9000,true,1,39619
6948896601014,false,חליטת תה לבן תפזורת,,CN,חליטת תה לבן תפזורת 100 גר,גרמים,100.00,100 גרם,false,12,25.90,25.9000,true,1,39620
6951097100026,false,מאפרה זכוכית גדולה 1,,CN,מאפרה זכוכית גדולה 10סמ,יחידה,1.00,יחידה,false,1,6.50,6.5000,true,1,29904
6951800675520,false,פח אשפה מרובע 30ליטר,,,פח אשפה מרובע 30ליטר נירוסטה סטלה אקו,יחידה,1.00,יחידה,false,1,399.00,399.0000,true,1,43641
6951800675742,false,פח אשפה מרובע 30ליטר,,,פח אשפה מרובע 30ליטר לבן סטלה אקו,יחידה,1.00,יחידה,false,1,399.00,399.0000,true,1,43640
6954346561074,false,שיפודי במבו אקיטורי,Bamboo Forever Co. L,,שיפודי במבו אקיטורי 25 סמ 200 יח,יחידה,200.00,יחידה,false,1,47.00,0.2350,true,1,8788
6954346572124,false,צופסטיקס 5 יח רב פעמ,Bamboo Forever Co. L,CN,צופסטיקס 5 יח רב פעמי במבוק,Unknown,0.00,Unknown,false,200,19.90,0.0000,true,1,27873
6974640730167,false,פטריות שיטאקה 100 ג,ZHEJIANG FOREST FOOD,,פטריות שיטאקה 100 ג,גרמים,100.00,100 גרם,false,1,19.90,19.9000,true,1,42473
6980983422645,false,שקיות זילוף חד פעמי,,,שקיות זילוף חד פעמי 10 יחידות,יחידה,10.00,יחידה,false,1,9.90,0.9900,true,1,22676
7038513909018,false,קיסמי שיניים  דקים,JORDAN,,קיסמי שיניים  דקים  מעץ גורדון 100 יח,יחידה,100.00,יחידה,false,1,19.90,0.1990,true,1,11037
7038513909117,false,קיסמי  שיניים  דקים,JORDAN,,קיסמי  שיניים  דקים במיוחד גורדון 140 יח,יחידה,140.00,יחידה,false,1,19.90,0.1421,true,1,11036
7070646288615,false,חטיף חלבון מקס 100 ב,,IL,חטיף חלבון מקס 100 בוטנים כרמל,יחידה,1.00,יחידה,false,24,14.90,14.9000,true,1,32686
7209000683227,false,טחינת אלבאשא 450 גרם,,IL,טחינת אלבאשא 450 גרם,גרמים,450.00,100 גרם,false,24,12.90,2.8667,true,1,43802
7209000683234,false,טחינת אלבאשא 900 גרם,,IL,טחינת אלבאשא 900 גרם,גרמים,900.00,100 גרם,false,24,23.90,2.6556,true,1,43803
7270137700019,false,שיפודי נירוסטה רחבים,,,שיפודי נירוסטה רחבים מארז 6יח,יחידה,6.00,יחידה,false,1,27.90,4.6500,true,1,31443
7270137700101,false,רשת צליה ניקל 21/34ס,,,רשת צליה ניקל 21/34סמ,יחידה,1.00,יחידה,false,1,22.90,22.9000,true,1,31356
7270137700163,false,מברשת ניקוי איכותית,,,מברשת ניקוי איכותית 40סמ לרשת מנגל,יחידה,1.00,יחידה,false,1,21.90,21.9000,true,1,31442
7270137700170,false,מנגל פח עם רשת ניקל,,,מנגל פח עם רשת ניקל 24/39סמ,יחידה,1.00,יחידה,false,1,39.90,39.9000,true,1,40093
7270137700231,false,מנגל פח עם רשת ניקל,,,מנגל פח עם רשת ניקל 24/39סמ,יחידה,1.00,יחידה,false,1,39.90,39.9000,true,1,44534
7270137700316,false,מברשת ניקוי לרשת מנג,,,מברשת ניקוי לרשת מנגל 3פעולות,יחידה,1.00,יחידה,false,1,9.90,9.9000,true,1,31441
7271730901261,false,תבשיל פסטה וואקי מאק,הנדריקס פודס,,תבשיל פסטה וואקי מאק אדום 156 גר,גרמים,156.00,100 גרם,false,1,11.90,7.6282,true,1,8843
7290000000607,false,אגס תפוח נאשי,,,אגס תפוח נאשי,קילוגרמים,1.00,"ק""ג",true,,15.90,15.9000,true,1,3316
7290000000900,false,זיכוי פקדון 0.30 שח,,,זיכוי פקדון 0.30 שח,Unknown,0.00,Unknown,false,1,0.30,0.0000,true,1,12046
7290000001000,false,דמי פקדון 0.30 שח,,,דמי פקדון 0.30 שח,Unknown,0.00,Unknown,false,1,0.30,0.0000,true,1,87
7290000001010,false,דמי פקדון 0.60 שח זו,,,דמי פקדון 0.60 שח זוג,Unknown,0.00,Unknown,false,1,0.60,0.0000,true,1,1786
7290000001025,false,דמי פקדון 1.50 שח 5,,,דמי פקדון 1.50 שח 5 בקבוקים,Unknown,0.00,Unknown,false,1,1.50,0.0000,true,1,2470
7290000001030,false,דמי פקדון 1.80 שח שי,,,דמי פקדון 1.80 שח שישיה,Unknown,0.00,Unknown,false,1,1.80,0.0000,true,1,216
7290000001050,false,דמי פקדון 0.90 שח של,,,דמי פקדון 0.90 שח שלישיה,Unknown,0.00,Unknown,false,1,0.90,0.0000,true,1,4161
7290000001060,false,דמי פקדון 3.60 שח תר,,,דמי פקדון 3.60 שח תריסר,Unknown,0.00,Unknown,false,1,3.60,0.0000,true,1,4439
7290000004545,false,שתיה קרה בטעמים 1.5,,,שתיה קרה בטעמים 1.5 ל,ליטרים,1.50,ליטר,false,1,11.00,7.3333,true,1,341
7290000004747,false,בירה שחורה קרה בק אי,,,בירה שחורה קרה בק אישי,Unknown,0.00,Unknown,false,1,12.00,0.0000,true,1,460
7290000004949,false,מים מינרלים 1.5 ל קר,,,מים מינרלים 1.5 ל קר,ליטרים,1.50,ליטר,false,1,7.00,4.6667,true,1,705
7290000005777,false,שקית גופיה ידני 10 א,,,שקית גופיה ידני 10 אג,ליטרים,1.00,ליטר,false,1,0.10,0.1000,false,1,13928
7290000008011,false,מארז 4 חצי בגט,פילסברי,,מארז 4 חצי בגט,Unknown,0.00,Unknown,false,1,15.90,0.0000,true,1,13989
7290000008042,false,לחם שום בקופסא,פילסברי,,מארז 3 שליש בגט כשלפ,Unknown,0.00,Unknown,false,1,17.00,0.0000,true,1,26978
7290000008158,false,קוקיס בטעמים,פילסברי,,קוקיס בטעמים,קילוגרמים,1.00,"ק""ג",true,,65.00,65.0000,true,1,14639
7290000008202,false,מאפים שונים במשקל,פילסברי,,מאפים שונים במשקל,קילוגרמים,1.00,"ק""ג",true,,55.00,55.0000,true,1,14634
7290000008264,false,עוגת פס בטעמים,פילסברי,,עוגיות מבצק עלים בטעמים,קילוגרמים,1.00,"ק""ג",true,,69.90,69.9000,true,1,14631
7290000008288,false,אוזני פילסברי,פילסברי,,אוזני פילסברי,קילוגרמים,1.00,"ק""ג",true,,45.00,45.0000,true,1,14629
7290000008356,false,מארז 5 לחמניות שמיני,פילסברי,,מארז 5 לחמניות שמיניה,Unknown,0.00,Unknown,false,1,14.90,0.0000,true,1,15678
7290000008370,false,מארז 4 יח בייגלה,פילסברי,,מארז 4 לחמניה קוארסול,Unknown,0.00,Unknown,false,1,17.90,0.0000,true,1,15679
7290000008387,false,מארז 5 חליות,פילסברי,,מארז 5 חליות,Unknown,0.00,Unknown,false,1,14.90,0.0000,true,1,15680
7290000008394,false,מארז 7 לחמניות יאמיס,פילסברי,,מארז 7 לחמניות יאמיס,Unknown,0.00,Unknown,false,1,16.90,0.0000,true,1,15681
7290000008417,false,מארז 3 גבטה,פילסברי,,מארז 3 גבטה,Unknown,0.00,Unknown,false,1,16.90,0.0000,true,1,15683
7290000008431,false,מארז 3 יח בייגל,פילסברי,,מארז 3 יח בייגל,Unknown,0.00,Unknown,false,1,16.90,0.0000,true,1,15685
7290000008448,false,מארז 10 יח פיתה קלאס,פילסברי,,לחמניה מסעדות,Unknown,0.00,Unknown,false,1,17.90,0.0000,true,1,15686
7290000008455,false,מארז 4 יח לחמניה קלו,פילסברי,,מארז 3 לחמנייה מסעדות,Unknown,0.00,Unknown,false,1,14.90,0.0000,true,1,15687
7290000008462,false,מארז 5 לחמניה קשר,פילסברי,,מארז 5 לחמניה קשר/עגולה,Unknown,0.00,Unknown,false,1,15.90,0.0000,true,1,15688
7290000008523,false,פוקצה ירקות משפחתית,פילסברי,,שטרודל וינאי,Unknown,0.00,Unknown,false,1,22.40,0.0000,true,1,26072
7290000011000,false,שקית בד רב פעמית לוג,,,שקית בד רב פעמית לוגו סטופמרקט,Unknown,0.00,Unknown,false,1,5.00,0.0000,true,1,1906
7290000012000,false,צידנית סטופמרקט,,CN,צידנית סטופמרקט,Unknown,0.00,Unknown,false,1,10.00,0.0000,true,1,3095
7290000023007,false,ברנדי שטוק 84  750 מ,,,ברנדי שטוק 84  750 מל פקדון,מיליליטרים,750.00,"100 מ""ל",false,1,79.00,10.5333,true,1,1160
7290000023083,false,ערק אשקלון 700 מל,,,ערק אשקלון 700 מל,מיליליטרים,700.00,"100 מ""ל",false,1,49.90,7.1286,true,1,10153
7290000023809,false,יין קלאסיק קברנה סוב,,,יין קלאסיק קברנה סובינון 750 מל פקדון,מיליליטרים,750.00,"100 מ""ל",false,1,35.00,4.6667,true,1,1736
7290000023816,false,יין קלאסיק אמרלדו רי,,,יין קלאסיק אמרלדו ריזילג 750 מל פקדון,מיליליטרים,750.00,"100 מ""ל",false,1,35.00,4.6667,true,1,1735
7290000023823,false,יין קלאסיק סובניון ב,,,יין קלאסיק סובניון בלאן 750 מל פקדון,מיליליטרים,750.00,"100 מ""ל",false,1,35.00,4.6667,true,1,2227
7290000023847,false,יין קלאסיק שרדונה 75,,,יין קלאסיק שרדונה 750 מל פקדון,מיליליטרים,750.00,"100 מ""ל",false,1,35.00,4.6667,true,1,2230
7290000023977,false,יין קלאסיק מרלו/פינו,,,יין קלאסיק מרלו/פינוטאז 750מל פקדון ברקן,מיליליטרים,750.00,"100 מ""ל",false,1,35.00,4.6667,true,1,2224
7290000024202,false,יין רזרב קברנה סובינ,,,יין רזרב קברנה סוביניון 750 מל פקדון,מיליליטרים,750.00,"100 מ""ל",false,1,45.00,6.0000,true,1,1734
7290000024240,false,יין רזרב ברקן שרדונה,,,יין רזרב ברקן שרדונה 750 מל פקדון,מיליליטרים,750.00,"100 מ""ל",false,1,45.00,6.0000,true,1,2222
7290000024264,false,יין מרלו רזרב ברקן 7,,,יין מרלו רזרב ברקן 750 מל פקדון,מיליליטרים,750.00,"100 מ""ל",false,1,45.00,6.0000,true,1,2905
7290000024523,false,תירוש מיץ ענבים טבעי,,,תירוש מיץ ענבים טבעי אדום 1 ליטר,ליטרים,1.00,ליטר,false,1,13.90,13.9000,true,1,10968
7290000024554,false,יין אסמבלאז ריחן 200,,,יין אסמבלאז ריחן 2008 750 מל פקדון,מיליליטרים,750.00,"100 מ""ל",false,1,65.00,8.6667,true,1,7814
7290000036113,false,פודינג תות 100 גרם,,,פודינג תות 100 גרם,גרמים,100.00,100 גרם,false,1,2.90,2.9000,true,1,364
7290000036151,false,קורנפלור 500 גרם,,,קורנפלור 500 גרם,גרמים,500.00,100 גרם,false,1,7.90,1.5800,true,1,356
7290000040042,false,יופלה  3% תות 150 גר,,,יופלה  3% תות 150 גר,גרמים,150.00,100 גרם,false,1,4.90,3.2667,true,1,897
7290000040066,false,יופלה 3% דובדבן,,,יופלה 3% דובדבן,גרמים,150.00,100 גרם,false,1,4.90,3.2667,true,1,895
7290000040080,false,יופלה 3% אפרסק 150 ג,,,יופלה 3% אפרסק 150 גר,גרמים,150.00,100 גרם,false,1,4.90,3.2667,true,1,894
7290000040301,false,גב.קולאז קממבר עין ג,,,גב.קולאז קממבר עין גדי 125 גר,גרמים,125.00,100 גרם,false,1,18.90,15.1200,true,1,320
7290000040318,false,קולאז ברי 125 גרם,,,קולאז ברי 125 גרם,גרמים,125.00,100 גרם,false,1,18.90,15.1200,true,1,318
7290000040462,false,גבינת טוסטי אדם 200,,,גבינת טוסטי אדם 200 גרם,גרמים,200.00,100 גרם,false,1,18.90,9.4500,true,1,1047
7290000040974,false,חלב טרי דל לקטוז 1לי,,,חלב טרי דל לקטוז 1ליטר 2% שומן,ליטרים,1.00,ליטר,false,1,6.90,6.9000,true,1,7135
7290000041858,false,שמנת חמוצה 15% מעושר,שטראוס,,שמנת חמוצה 15% מעושרת 200 מל,מיליליטרים,201.00,"100 מ""ל",false,1,2.60,1.2935,true,1,204
7290000041865,false,אשל 4.5% גביע 200 מל,,,אשל 4.5% גביע 200 מל,מיליליטרים,200.00,"100 מ""ל",false,1,2.10,1.0500,true,1,1291
7290000041872,false,לבן 3% גביע 200 מל,,,לבן 3% גביע 200 מל,מיליליטרים,200.00,"100 מ""ל",false,1,2.10,1.0500,true,1,948
7290000042022,false,חלב וניל 1% על הבוקר,,,חלב וניל 1% על הבוקר 1 ליטר קרטון,ליטרים,1.00,ליטר,false,1,7.90,7.9000,true,1,10
7290000042244,false,חלב 3% כד 2 ליטר***,,,חלב שתיה 3% כד 2 ליטר***,ליטרים,2.00,ליטר,false,1,12.46,6.2300,true,1,1003
7290000042404,false,חלב מועשר יטבתה 3% ב,,,חלב מועשר יטבתה 3% בשקית 1 ל,ליטרים,1.00,ליטר,false,1,6.10,6.1000,true,1,1005
7290000042435,false,חלב 1% קרטון 1 ליטר*,,,חלב 1% קרטון 1 ליטר***,ליטרים,1.00,ליטר,false,1,5.86,5.8600,true,1,995
7290000042442,false,חלב 3% קרטון 1 ליטר*,,,חלב 3% קרטון 1 ליטר***,ליטרים,1.00,ליטר,false,1,6.23,6.2300,true,1,998
7290000042503,false,חלב עמיד 3% קרטון 1,,,חלב עמיד 3% קרטון 1 ליטר,ליטרים,1.00,ליטר,false,1,6.90,6.9000,true,1,1000
7290000042541,false,חלב עמיד 1% קרטון 1,,,חלב עמיד 1% קרטון 1 ליטר,ליטרים,1.00,ליטר,false,1,7.90,7.9000,true,1,1001
7290000042640,false,חלב עמיד 3% קרטון 25,,,חלב עמיד 3% קרטון 250 מל,מיליליטרים,250.00,"100 מ""ל",false,1,3.00,1.2000,true,1,1002
7290000042855,false,שוקו יטבתה שקית 225,,,שוקו יטבתה שקית 225 מל,מיליליטרים,225.00,"100 מ""ל",false,1,3.00,1.3333,true,1,132
7290000043012,false,שוקו עמיד 250 מל,,,שוקו עמיד 250 מל,מיליליטרים,250.00,"100 מ""ל",false,1,5.10,2.0400,true,1,1659
7290000043111,false,חמאה רגילה 200 גרם,,,חמאה רגילה 200 גרם,גרמים,200.00,100 גרם,false,1,7.90,3.9500,true,1,1010
7290000043814,false,שמנת עמידה 38% לקצפת,,,שמנת עמידה 38% לקצפת 250 מל ***,גרמים,250.00,100 גרם,false,1,6.47,2.5880,true,1,208
7290000043890,false,משקה רוויון 1.5 % בק,,,משקה רוויון 1.5 % בקרטון 1 ל,ליטרים,1.00,ליטר,false,1,11.80,11.8000,true,1,1663
7290000043944,false,יוגורט 4%  1.5 ליטר,,,יוגורט 4%  1.5 ליטר,ליטרים,1.50,ליטר,false,1,16.90,11.2667,true,1,886
7290000044248,false,משקה רוויון 1.5% גבי,,,משקה רוויון 1.5% גביע 500  מל,מיליליטרים,500.00,"100 מ""ל",false,1,6.90,1.3800,true,1,248
7290000044712,false,פרילי תות 500 גרם,,,פרילי תות 500 גרם,גרמים,500.00,100 גרם,false,1,11.30,2.2600,true,1,509
7290000044880,false,באדי תות500 מל,,,באדי תות500 מל,מיליליטרים,500.00,"100 מ""ל",false,1,8.90,1.7800,true,1,1292
7290000045573,false,גבינה מותכת נעמה 200,,,גבינה מותכת נעמה 200 גרם,גרמים,200.00,100 גרם,false,1,14.90,7.4500,true,1,687
7290000045580,false,גבינה מותכת חורש 240,,,גבינה מותכת חורש 240 גרם,גרמים,240.00,100 גרם,false,1,17.90,7.4583,true,1,982
7290000045771,false,יוגורט 3 ליטר 4.5%,,,יוגורט 3 ליטר 4.5%,ליטרים,3.00,ליטר,false,1,29.90,9.9667,true,1,887
7290000045917,false,גבינת פרומעז קולאז ע,,,גבינת פרומעז קולאז עיזים גליל 200 גר,גרמים,200.00,100 גרם,false,1,25.90,12.9500,true,1,434
7290000046020,false,גלבוע גבינה שמנה במש,,,גלבוע גבינה שמנה במשקל***,קילוגרמים,1.00,"ק""ג",true,,42.58,42.5800,true,1,1219
7290000046204,false,שאריות נקניק,,,שאריות נקניק,קילוגרמים,1.00,"ק""ג",true,,29.00,29.0000,true,1,118
7290000046327,false,גלבוע פרוס 22% 200 ג,,,גלבוע פרוס 200 גרם,גרמים,200.00,100 גרם,false,18,13.20,6.6000,true,1,1220
7290000046563,false,קולאז פרמזן חריץ במש,,,קולאז פרמזן חריץ במשקל,קילוגרמים,1.00,"ק""ג",true,,119.00,119.0000,true,1,319
7290000047027,false,קולאז קצקבל גלעד במש,,,קולאז קצקבל גלעד במשקל,קילוגרמים,1.00,"ק""ג",true,,139.00,139.0000,true,1,321
7290000047034,false,קולאז רוקפור גליל במ,,,קולאז רוקפור גליל במשקל,קילוגרמים,1.00,"ק""ג",true,,139.00,139.0000,true,1,322
7290000047485,false,גבינה בולגרית במשקל,,,גבינה בולגרית במשקל,קילוגרמים,1.00,"ק""ג",true,,59.00,59.0000,true,1,1191
7290000047546,false,גבינת כנען 5% 500 גר,,,גבינת כנען 5% 500 גרם,גרמים,500.00,100 גרם,false,1,22.90,4.5800,true,1,919
7290000047621,false,גבינה למריחה 5% 250,,,גבינה למריחה 5% 250 גר מהדרין***,גרמים,250.00,100 גרם,false,1,4.98,1.9920,true,1,1665
7290000048185,false,גבינה למריחה 5% 250,,,גבינה למריחה 5% 250 גרם***,גרמים,250.00,100 גרם,false,1,4.98,1.9920,true,1,1195
7290000048192,false,גבינה למריחה 9% 250,,,גבינה למריחה 9% 250 גרם,גרמים,250.00,100 גרם,false,1,4.90,1.9600,true,1,1194
7290000048307,false,גבינת קוטג 5% עם זית,,,גבינת קוטג 5% עם זיתים ירוקים 250 גרם,גרמים,250.00,100 גרם,false,1,5.90,2.3600,true,1,1209
7290000048413,false,גב.מלוחה חמד פיראוס,,,גב.מלוחה חמד פיראוס 250 גרם,גרמים,250.00,100 גרם,false,1,17.90,7.1600,true,1,1012
7290000048437,false,צפתית פיראוס 5% 200,,,צפתית פיראוס 5% 200 גרם,גרמים,200.00,100 גרם,false,1,14.90,7.4500,true,1,299
7290000049458,false,גבינה פטה עיזים 16%,,,גבינה פטה עיזים 16% פיראוס 250 גרם,גרמים,250.00,100 גרם,false,1,26.90,10.7600,true,1,1303
7290000050447,false,יוגורט יופלה תות 500,,,יוגורט יופלה תות 500 גר,גרמים,500.00,100 גרם,false,1,12.90,2.5800,true,1,5872
7290000050454,false,יוגורט יופלה אפרסק 5,,,יוגורט יופלה אפרסק 500 גר,גרמים,500.00,100 גרם,false,1,12.90,2.5800,true,1,5873
7290000051307,false,מארז הפסקת אוכל חלב+,,,"מארז הפסקת אוכל חלב+דגני עוגי 150 מ""ל",מיליליטרים,150.00,"100 מ""ל",false,1,8.90,5.9333,true,1,6111
7290000051352,false,חלב של פעם מלא 1 ל,,,חלב של פעם מלא 1 ל,ליטרים,1.00,ליטר,false,1,7.60,7.6000,true,1,6083
7290000051376,false,דיאט יופלה 0% אננס ס,,,דיאט יופלה 0% אננס ספורטיבי 150 גר,גרמים,150.00,100 גרם,false,1,4.90,3.2667,true,1,6233
7290000052304,false,משקה מוקה שוק 340 מל,,,משקה מוקה שוק 340 מל בקבוק,מיליליטרים,340.00,"100 מ""ל",false,1,6.90,2.0294,true,1,6633
7290000052311,false,גב.עמק 15% פרוסה בקו,,,גב.עמק 15% פרוסה בקופסא 200 גרם,גרמים,200.00,100 גרם,false,1,15.90,7.9500,true,1,6740
7290000052717,false,גבינת קוטג 5% 250 גר,,,גבינת קוטג 5% 250 גר שום שמיר,גרמים,250.00,100 גרם,false,1,5.90,2.3600,true,1,8592
7290000053219,false,גבינה טל העמק שמנה ק,,,גבינה טל העמק שמנה קשה במשקל,קילוגרמים,1.00,"ק""ג",true,,59.00,59.0000,true,1,13924
7290000055015,false,גבינת פטה כבשים פירא,,,גבינת פטה כבשים פיראוס 250 גרם,גרמים,250.00,100 גרם,false,1,28.90,11.5600,true,1,7160
7290000055206,false,גבינה לבנה עם בצל מט,,,גבינה לבנה עם בצל מטוגן 5% 250גר,גרמים,250.00,100 גרם,false,1,5.90,2.3600,true,1,7284
7290000055329,false,משקה יוגורט יופלה תו,,,משקה יוגורט יופלה תות מלון 250 מל,מיליליטרים,250.00,"100 מ""ל",false,1,4.90,1.9600,true,1,7269
7290000055336,false,משקה יוגורט יופלה בנ,,,משקה יוגורט יופלה בננה אפרסק 250 מל,מיליליטרים,250.00,"100 מ""ל",false,1,4.90,1.9600,true,1,7270
7290000055343,false,משקה יוגורט יופלה טר,,,משקה יוגורט יופלה טרופי 250 מל,מיליליטרים,250.00,"100 מ""ל",false,1,4.90,1.9600,true,1,7271
7290000055350,false,עמק גבינה חצי שמנה ב,,,עמק גבינה חצי שמנה במשקל***,קילוגרמים,1.00,"ק""ג",true,,44.79,44.7900,true,1,8743
7290000055565,false,מאגדת מצופים שוקו בנ,גלידות נסטלה,,מאגדת מצופים שוקו בננה 10 יח,יחידה,10.00,יחידה,false,1,30.90,3.0900,true,1,2199
7290000055893,false,חמאה רגילה 200 גרם מ,,,חמאה רגילה 200 גרם מהדרין,גרמים,200.00,100 גרם,false,1,7.90,3.9500,true,1,7488
7290000055930,false,מארז 3יח שמנת להקצפה,תנובה חלב,,מארז 3יח שמנת להקצפה 32% 250 מל,מיליליטרים,750.00,"100 מ""ל",false,1,18.90,2.5200,true,1,41477
7290000056081,false,מאגדת 6 יח פרילי טבע,,,מאגדת 6 יח פרילי טבע 6*200 גר 25%הנחה,גרמים,1200.00,100 גרם,false,1,21.90,1.8250,true,1,7273
7290000056272,false,גבינה לבנה עם זיתים,,,גבינה לבנה עם זיתים 5% 250גר,גרמים,250.00,100 גרם,false,1,5.90,2.3600,true,1,7285
7290000056753,false,עמק פרוס בקופסא 200,,,עמק פרוס בקופסא 200 גרם בדץ,גרמים,200.00,100 גרם,false,1,15.90,7.9500,true,1,19451
7290000056845,false,חלב 3% קרטון 1.5 ליט,,,חלב 3% קרטון 1.5 ליטר***,ליטרים,1.50,ליטר,false,1,9.34,6.2267,true,1,7954
7290000056883,false,מאגדת 8 יופלה פירות,,,מאגדת 8 יופלה פירות 1.2  קג,קילוגרמים,1.20,"ק""ג",false,1,28.90,24.0833,true,1,7612
7290000056890,false,מאגדת דיאט יופלה שמי,,,מאגדת דיאט יופלה שמינייה 150 גר,קילוגרמים,1.20,"ק""ג",false,1,28.90,24.0833,true,1,7682
7290000056906,false,מאגדת יופלה לבן 1.5%,,,"מאגדת יופלה לבן 1.5% שמיניה 1.2 ק""ג",קילוגרמים,1.20,"ק""ג",false,1,16.90,14.0833,true,1,7644
7290000056951,false,שמנת לבישול 15% 500מ,,,שמנת לבישול 15% 500מל אריזת פקק,מיליליטרים,500.00,"100 מ""ל",false,1,15.90,3.1800,true,1,8004
7290000056968,false,שמנת מתוקה 38% להקצפ,,,שמנת מתוקה 38% להקצפה 500 מל***,מיליליטרים,500.00,"100 מ""ל",false,1,12.94,2.5880,true,1,8005
7290000057088,false,גבינת עמק דק 200 גר,,,גבינת עמק דק 200 גר,גרמים,200.00,100 גרם,false,1,15.90,7.9500,true,1,7953
7290000057118,false,עמק פרוסות 400 גרם ס,,,עמק פרוסות 400 גרם סמי מעדניה,גרמים,400.00,100 גרם,false,1,21.90,5.4750,true,1,7906
7290000057132,false,יוגורט 1.5% 200 גר,,,יוגורט 1.5% 200 גר,גרמים,200.00,100 גרם,false,1,3.10,1.5500,true,1,7887
7290000057149,false,יוגורט 3% 200 גר,,,יוגורט 3% 200 גר,גרמים,200.00,100 גרם,false,1,3.10,1.5500,true,1,7888
7290000057477,false,חלב 3% קרטון 1.5 ליט,,,חלב 3% קרטון 1.5 ליטר בדץ***,ליטרים,1.50,ליטר,false,1,9.34,6.2267,true,1,11670
7290000057552,false,דיאט יופלה עוגת גבינ,,,דיאט יופלה עוגת גבינה ותות 0% 150גר,גרמים,150.00,100 גרם,false,1,4.90,3.2667,true,1,8435
7290000058030,false,משקה יוגורט יופלה שט,,,משקה יוגורט יופלה שטוזים תות 800מל,מיליליטרים,800.00,"100 מ""ל",false,1,19.90,2.4875,true,1,8174
7290000058047,false,שמנת מתוקה 38% להקצפ,,,שמנת מתוקה 38% להקצפה 500 מל***בדץ,מיליליטרים,500.00,"100 מ""ל",false,1,12.94,2.5880,true,1,21987
7290000060071,false,חטיפי פריכונים טעם ט,פרח תעשיות,,חטיפי פריכונים טעם טבעי 80 ג,גרמים,80.00,100 גרם,false,1,6.90,8.6250,true,1,1908
7290000060088,false,בייגלה מקלות מלוחים,"אסם תעשיות בע""מ",,בייגלה מקלות מלוחים 400 גר,גרמים,400.00,100 גרם,false,1,9.90,2.4750,true,1,1127
7290000060156,false,איטריות ביצים דקיקות,"אסם תעשיות בע""מ",,איטריות ביצים דקיקות 200 גרם,גרמים,200.00,100 גרם,false,1,6.90,3.4500,true,1,1249
7290000060163,false,אטריות אסם דקות 400,"אסם תעשיות בע""מ",,אטריות אסם דקות 400 גרם,גרמים,400.00,100 גרם,false,1,6.90,1.7250,true,1,850
7290000060200,false,פתיתים אפויים אוסם ק,"אסם תעשיות בע""מ",,פתיתים אפויים אוסם קוסקוס 500 גרם,גרמים,500.00,100 גרם,false,1,7.90,1.5800,true,1,270
7290000060217,false,מקרוני אסם 500 גרם,זארה,,פסטה מקרוני אסם 500 גרם,גרמים,500.00,100 גרם,false,1,5.90,1.1800,true,1,427
7290000060248,false,פסטה אסם תלתלים 500,זארה,,פסטה אסם תלתלים 500 גרם,גרמים,500.00,100 גרם,false,1,5.90,1.1800,true,1,28
7290000060316,false,ספגטי פרפקטו 500 ג,זארה,,ספגטי פרפקטו 500 ג,גרמים,500.00,100 גרם,false,1,6.90,1.3800,true,1,251
7290000060330,false,פסטה פרפקטו ספירלי 5,זארה,,פסטה פרפקטו ספירלי 500 גרם,גרמים,500.00,100 גרם,false,1,6.90,1.3800,true,1,253
7290000060385,false,מארז 4 יח פודינג וני,"אסם תעשיות בע""מ",,מארז 4 יח פודינג וניל אסם 80 גר,גרמים,320.00,100 גרם,false,1,20.00,6.2500,true,1,5329
7290000060408,false,פתיתים אפויים אוסם ט,"אסם תעשיות בע""מ",,פתיתים אפויים אוסם טבעות 500 גרם,גרמים,500.00,100 גרם,false,1,7.90,1.5800,true,1,268
7290000060576,false,פתיתים אפויים אוסם כ,"אסם תעשיות בע""מ",,פתיתים אפויים אוסם כוכבים 500 גרם,גרמים,500.00,100 גרם,false,1,7.90,1.5800,true,1,269
7290000060781,false,פסטה אסם מסולסל 500,זארה,,פסטה אסם מסולסל 500 גרם,גרמים,500.00,100 גרם,false,1,5.90,1.1800,true,1,429
7290000060828,false,פסטה אסם קרניים בנונ,זארה,,פסטה אסם קרניים בנוניות 500 גרם,גרמים,500.00,100 גרם,false,1,5.90,1.1800,true,1,433
7290000060842,false,פסטה אסם צדפים גדולי,זארה,,פסטה אסם צדפים גדולים 500 גרם,גרמים,500.00,100 גרם,false,1,5.90,1.1800,true,1,430
7290000060880,false,ספגטי אוסם 500 גרם,זארה,,פסטה אסם ספגטי 500 גרם,גרמים,500.00,100 גרם,false,1,5.90,1.1800,true,1,428
7290000060903,false,פתיתים אפויים אוסם א,"אסם תעשיות בע""מ",,פתיתים אפויים אוסם אורז 500 גרם,גרמים,500.00,100 גרם,false,1,7.90,1.5800,true,1,267
7290000060958,false,אטריות אסם בינוניות,"אסם תעשיות בע""מ",,אטריות אסם בינוניות 400 גרם,גרמים,400.00,100 גרם,false,1,6.90,1.7250,true,1,849
7290000060965,false,אטריות אסם רחבות 400,"אסם תעשיות בע""מ",,אטריות אסם רחבות 400 גרם,גרמים,400.00,100 גרם,false,1,6.90,1.7250,true,1,852
7290000061085,false,רוטב צילי מתוק 290 מ,"אסם תעשיות בע""מ",,רוטב צילי מתוק 290 מל,מיליליטרים,290.00,"100 מ""ל",false,1,10.90,3.7586,true,1,1883
7290000061108,false,רוטב טריאקי 290 מל,"אסם תעשיות בע""מ",,רוטב טריאקי 290 מל,מיליליטרים,290.00,"100 מ""ל",false,1,10.90,3.7586,true,1,1882
7290000061245,false,עוגיות שוקוציפס ממול,"אסם תעשיות בע""מ",,עוגיות שוקוציפס ממולאות 220 גרם,גרמים,220.00,100 גרם,false,1,10.90,4.9545,true,1,2286
7290000061450,false,פתיתים  אפויים אוסם,"אסם תעשיות בע""מ",,פתיתים  אפויים אוסם שלושה צבעים500ג,גרמים,500.00,100 גרם,false,1,7.90,1.5800,true,1,5981
7290000061764,false,נסקפה רד מאג 200 גרם,נסטלה ספרד קפה,,נסקפה רד מאג 200 גרם,גרמים,200.00,100 גרם,false,1,19.90,9.9500,true,1,164
7290000062952,false,מיני קרוטונים למרק ו,עינת,,מיני קרוטונים למרק וסלט אסם  250 גר,גרמים,250.00,100 גרם,false,1,13.90,5.5600,true,1,5328
7290000063102,false,קמח תופח מאליו אסם 3,"אסם תעשיות בע""מ",,קמח תופח מאליו אסם 350 גר,גרמים,350.00,100 גרם,false,1,4.50,1.2857,true,1,172
7290000063140,false,שקדי מרק אסם 400 גר,"אסם תעשיות בע""מ",,שקדי מרק אסם 400 גר,גרמים,400.00,100 גרם,false,1,11.90,2.9750,true,1,75
7290000063157,false,קמח תופח  אסם 1 קג,"אסם תעשיות בע""מ",,קמח תופח  אסם 1 קג,קילוגרמים,1.00,"ק""ג",false,1,9.90,9.9000,true,1,171
7290000064758,false,קוסקוס אסם  אמיתי בש,קוסקוס,,קוסקוס אסם  אמיתי בשקית 350 גרם,גרמים,350.00,100 גרם,false,1,6.90,1.9714,true,1,337
7290000064871,false,מנה חמה אסם פירה בצל,"אסם תעשיות בע""מ",,מנה חמה אסם פירה בצל 56 גרם,גרמים,56.00,100 גרם,false,1,6.50,11.6071,true,1,2106
7290000065090,false,מיני קרוטונים למרק ו,עינת,,מיני קרוטונים למרק ולסלט אסם 400 גר,גרמים,400.00,100 גרם,false,1,22.90,5.7250,true,1,728
7290000065335,false,מנה חמה אסם פירה ויר,"אסם תעשיות בע""מ",,מנה חמה אסם פירה וירקות 55 גר,Unknown,0.00,Unknown,false,1,6.50,0.0000,true,1,782
7290000065557,false,מנה חמה קוסקוס ירקות,"אסם תעשיות בע""מ",,מנה חמה קוסקוס ירקות ר.ט.84גר,Unknown,0.00,Unknown,false,1,6.50,0.0000,true,1,784
7290000065977,false,חטיפי פריכונים תירס,פרח תעשיות,,חטיפי פריכונים תירס ושומשום 80 ג,גרמים,80.00,100 גרם,false,1,6.90,8.6250,true,1,6615
7290000066134,false,חטיף ביסלי פלאפל 70,"אסם תעשיות בע""מ",,חטיף ביסלי פלאפל 70 גרם,Unknown,0.00,Unknown,false,1,4.30,0.0000,true,1,1137
7290000066141,false,חטיף ביסלי גריל 70 ג,"אסם תעשיות בע""מ",,חטיף ביסלי גריל 70 גרם,Unknown,0.00,Unknown,false,1,4.30,0.0000,true,1,1133
7290000066172,false,חטיף ביסלי פיצה 70 ג,"אסם תעשיות בע""מ",,חטיף ביסלי פיצה 70 גרם,Unknown,0.00,Unknown,false,1,4.30,0.0000,true,1,1135
7290000066196,false,חטיף ביסלי גריל 200,"אסם תעשיות בע""מ",,חטיף ביסלי גריל 200 גר,גרמים,200.00,100 גרם,false,1,7.90,3.9500,true,1,1132
7290000066264,false,חטיף תפוא דובונים 40,"אסם תעשיות בע""מ",,חטיף תפוא דובונים 40 גר,Unknown,0.00,Unknown,false,1,4.30,0.0000,true,1,1079
7290000066295,false,במבה תות 30 גרם,"אסם תעשיות בע""מ",,במבה תות 30 גרם,Unknown,0.00,Unknown,false,1,3.00,0.0000,true,1,1147
7290000066318,false,חטיף במבה 80 גרם,"אסם תעשיות בע""מ",,חטיף במבה 80 גרם,Unknown,0.00,Unknown,false,1,4.50,0.0000,true,1,1144
7290000066332,false,חטיף אפרופו 50 גר,"אסם תעשיות בע""מ",,חטיף תירס אפרופו 50 גר,Unknown,0.00,Unknown,false,1,4.50,0.0000,true,1,1277
7290000066349,false,חטיף תירס אפרופו 100,"אסם תעשיות בע""מ",,חטיף תירס אפרופו 100 גרם,גרמים,100.00,100 גרם,false,1,9.00,9.0000,true,1,1276
7290000066431,false,פופקו חטיף תירס בחמא,"אסם תעשיות בע""מ",,פופקו חטיף תירס בחמאה דבש 80 ג,Unknown,0.00,Unknown,false,1,4.90,0.0000,true,1,375
7290000067131,false,גלי אוסם תות שדה 90,"אסם תעשיות בע""מ",,גלי אוסם תות שדה 90 גר,גרמים,85.00,100 גרם,false,1,6.50,7.6471,true,1,5826
7290000067544,false,פירורית זהב 200 גרם,עינת,,פירורית זהב 200 גרם,גרמים,200.00,100 גרם,false,1,5.90,2.9500,true,1,27
7290000067551,false,חטיף ביסלי בצל 70 גר,"אסם תעשיות בע""מ",,חטיף ביסלי בצל 70 גר כשלפ,Unknown,0.00,Unknown,false,1,4.30,0.0000,true,1,5830
7290000067568,false,חטיף ביסלי ברביקיו 7,"אסם תעשיות בע""מ",,חטיף ביסלי ברביקיו 70 גר כשלפ,Unknown,0.00,Unknown,false,1,4.30,0.0000,true,1,5831
7290000067599,false,מנה חמה אסם ספגטי בו,"אסם תעשיות בע""מ",,מנה חמה אסם ספגטי בולונז 65 גר,גרמים,65.00,100 גרם,false,1,6.50,10.0000,true,1,780
7290000067742,false,אינסטנט פודינג וניל,"אסם תעשיות בע""מ",,אינסטנט פודינג וניל 80 גר כשלפ,גרמים,80.00,100 גרם,false,1,6.00,7.5000,true,1,5827
7290000068138,false,אינסטנט פודינג וניל,"אסם תעשיות בע""מ",,אינסטנט פודינג וניל אסם 80 גר,גרמים,80.00,100 גרם,false,1,5.50,6.8750,true,1,1252
7290000068152,false,אבקת רוטב צלי לבשר 2,"אסם תעשיות בע""מ",,אבקת רוטב צלי לבשר 22 גר כשלפ,גרמים,22.00,100 גרם,false,1,4.50,20.4545,true,1,5832
7290000068190,false,גלי אסם תות שדה 85 ג,"אסם תעשיות בע""מ",,גלי אסם תות שדה 85 גר,גרמים,85.00,100 גרם,false,1,5.90,6.9412,true,1,1178
7290000068206,false,גלי אסם משמש 85 גר,"אסם תעשיות בע""מ",,גלי אסם משמש 85 גר,גרמים,85.00,100 גרם,false,1,6.50,7.6471,true,1,1176
7290000068237,false,גלי אסם פטל 85 גר,"אסם תעשיות בע""מ",,גלי אסם פטל 85 גר,גרמים,85.00,100 גרם,false,1,6.50,7.6471,true,1,1177
7290000068282,false,מנה חמה פירה תפוא עם,"אסם תעשיות בע""מ",,מנה חמה פירה תפוא עם ירקות כשלפ,גרמים,55.00,100 גרם,false,1,6.50,11.8182,true,1,5833
7290000068343,false,פריכונים מאורז מלא 1,פרח תעשיות,,פריכונים מאורז מלא 140 גר,גרמים,140.00,100 גרם,false,1,6.90,4.9286,true,1,29
7290000068701,false,שקדי מרק  אסם במיכל,"אסם תעשיות בע""מ",,שקדי מרק  אסם במיכל 400 גרם,גרמים,400.00,100 גרם,false,1,14.90,3.7250,true,1,76
7290000068770,false,חטיף במבה יום הולדת,"אסם תעשיות בע""מ",,חטיף במבה יום הולדת 80 גרם,גרמים,80.00,100 גרם,false,1,4.50,5.6250,true,1,1146
7290000068787,false,במבה יום הולדת 25 גר,"אסם תעשיות בע""מ",,במבה יום הולדת 25 גרם,גרמים,25.00,100 גרם,false,1,2.80,11.2000,true,1,1145
7290000069258,false,פסטה פרפקטו-פנה ריגא,זארה,,פסטה פרפקטו-פנה ריגאטה 500 גרם,גרמים,500.00,100 גרם,false,1,6.90,1.3800,true,1,254
7290000069609,false,חטיפי קרקר בטעם זעתר,"אסם תעשיות בע""מ",,חטיפי קרקר בטעם זעתר 300 ג,גרמים,300.00,100 גרם,false,1,9.90,3.3000,true,1,5977
7290000069715,false,חטיפי קרקר מלוח 300,"אסם תעשיות בע""מ",,חטיפי קרקר מלוח 300 ג,גרמים,300.00,100 גרם,false,1,9.90,3.3000,true,1,5978
7290000070308,false,מרק עוף אמיתי 400 גר,"אסם תעשיות בע""מ",,מרק עוף אמיתי 400 גר,גרמים,400.00,100 גרם,false,1,19.90,4.9750,true,1,1349
7290000070322,false,אבקת מרק פטריות 400,"אסם תעשיות בע""מ",,אבקת מרק פטריות ר. טבעיים  400 גר אסם,גרמים,400.00,100 גרם,false,1,22.90,5.7250,true,1,1350
7290000070353,false,אבקת מרק בצל ר.טבעיי,"אסם תעשיות בע""מ",,אבקת מרק בצל ר.טבעיים  400 גר אסם,גרמים,400.00,100 גרם,false,1,22.90,5.7250,true,1,1347
7290000070384,false,מרק עדיף 400 גרם,"אסם תעשיות בע""מ",,מרק עדיף 400 גרם,גרמים,400.00,100 גרם,false,1,15.90,3.9750,true,1,1348
7290000071008,false,בייגלה שטוחים מלוח 6,"אסם תעשיות בע""מ",,בייגלה שטוחים מלוח 60 גר,גרמים,60.00,100 גרם,false,1,3.50,5.8333,true,1,7043
7290000072067,false,חטיף במבה במילוי חלב,"אסם תעשיות בע""מ",,חטיף במבה במילוי חלבה 60 גר,גרמים,60.00,100 גרם,false,1,4.50,7.5000,true,1,6343
7290000072241,false,רוטב פיצה 290 מל,"אסם תעשיות בע""מ",,רוטב פיצה 290 מל,מיליליטרים,290.00,"100 מ""ל",false,1,10.90,3.7586,true,1,96
7290000072623,false,קטשופ אוסם לחיץ 750,"אסם תעשיות בע""מ",,קטשופ אוסם לחיץ 750 גר,גרמים,750.00,100 גרם,false,1,10.90,1.4533,true,1,361
7290000072630,false,קטשופ אוסם לחיץ חריף,"אסם תעשיות בע""מ",,קטשופ אוסם לחיץ חריף 750 גר,גרמים,750.00,100 גרם,false,1,11.90,1.5867,true,1,362
7290000072753,false,נסקפה טסטר צויס 200,נסטלה קוריאה - קפה,,נסקפה טסטר צויס 200 גרם,גרמים,200.00,100 גרם,false,1,29.90,14.9500,true,1,876
7290000072760,false,קפה נמס טסטר צויס 10,נסטלה קוריאה - קפה,,קפה נמס טסטר צויס 100 ג,גרמים,100.00,100 גרם,false,1,25.90,25.9000,true,1,875
7290000072777,false,קפה נמס טסטר צויס נט,נסטלה קוריאה - קפה,,קפה נמס טסטר צויס נטול קופאין 200 ג,גרמים,200.00,100 גרם,false,1,44.90,22.4500,true,1,874
7290000072968,false,דגני סיני מיניס קינמ,נסטלה פולין דגני בוק,,דגני בוקר סיני מיניס קינמון 500 גרם,גרמים,500.00,100 גרם,false,1,22.90,4.5800,true,1,581
7290000073125,false,מנה חמה פסטה עם עגבנ,"אסם תעשיות בע""מ",,מנה חמה פסטה עם עגבניות ר.ט.62 גר,Unknown,0.00,Unknown,false,1,6.50,0.0000,true,1,777
7290000073415,false,מנה חמה אסם פסטה ברו,"אסם תעשיות בע""מ",,מנה חמה אסם פסטה ברוטב פיצב 61 גר,גרמים,61.00,100 גרם,false,1,6.50,10.6557,true,1,783
7290000073699,false,סלט חומוס צבר150 גרם,צבר,,סלט חומוס צבר150 גרם,גרמים,150.00,100 גרם,false,1,4.90,3.2667,true,1,489
7290000073750,false,מנה חמה נודלס ירקות,טאי רזידנט,,מנה חמה נודלס ירקות ט.עוף 70 גר,גרמים,70.00,100 גרם,false,1,6.50,9.2857,true,1,779
7290000073767,false,מנה חמה נודלס ירקות,טאי רזידנט,,מנה חמה נודלס ירקות ט. בקר 70 גר,גרמים,70.00,100 גרם,false,1,6.50,9.2857,true,1,781
7290000073774,false,מנה חמה נודלס אטריות,טאי רזידנט,,מנה חמה נודלס אטריות צילי 70 גר,גרמים,70.00,100 גרם,false,1,6.50,9.2857,true,1,778
7290000074153,false,ביסקויט פתי בר שוקו,"אסם תעשיות בע""מ",,ביסקויט פתי בר שוקו 500 גר,גרמים,500.00,100 גרם,false,1,11.90,2.3800,true,1,263
7290000074184,false,ביסקויט פתי בר קלאסי,"אסם תעשיות בע""מ",,ביסקויט פתי בר קלאסי 500 גר,גרמים,500.00,100 גרם,false,1,11.90,2.3800,true,1,260
7290000074245,false,קרם קרקר 250 גרם,"אסם תעשיות בע""מ",,קרם קרקר 250 גרם,גרמים,250.00,100 גרם,false,1,7.90,3.1600,true,1,228
7290000074252,false,קרקר שומשום  250 גרם,"אסם תעשיות בע""מ",,קרקר שומשום  250 גרם,גרמים,250.00,100 גרם,false,1,7.90,3.1600,true,1,239
7290000074276,false,קרקר פיקנטי 250 גרם,"אסם תעשיות בע""מ",,קרקר פיקנטי 250 גרם,גרמים,250.00,100 גרם,false,1,8.90,3.5600,true,1,1025
7290000074375,false,קרקר זהב 150 גרם,"אסם תעשיות בע""מ",,קרקר זהב 150 גרם,גרמים,150.00,100 גרם,false,1,6.90,4.6000,true,1,237
7290000074481,false,לחמית אגוזים 160 גר,"אסם תעשיות בע""מ",,לחמית אגוזים 160 גר,גרמים,160.00,100 גרם,false,1,9.90,6.1875,true,1,7769
7290000075204,false,לחמית חיטה מלאה 250,"אסם תעשיות בע""מ",,לחמית חיטה מלאה 250 גר,גרמים,250.00,100 גרם,false,1,7.90,3.1600,true,1,814
7290000075693,false,עוגת הבית שמרים בריו,"אסם תעשיות בע""מ",,עוגת הבית שמרים בריוש שוקולד 360 ג,גרמים,360.00,100 גרם,false,1,15.90,4.4167,true,1,6253
7290000076126,false,בייגלה שמניות 80 גר,"אסם תעשיות בע""מ",,בייגלה שמניות 80 גר,גרמים,80.00,100 גרם,false,1,3.50,4.3750,true,1,1121
7290000076133,false,בייגלה שמיניות קטנות,"אסם תעשיות בע""מ",,בייגלה שמיניות קטנות 400 גר,גרמים,400.00,100 גרם,false,1,9.90,2.4750,true,1,1120
7290000076645,false,טוסטעים פת קלויה ח.מ,ון-דר-מולן,,טוסטעים פת קלויה ח.מלאה 100 גר,גרמים,100.00,100 גרם,false,1,10.50,10.5000,true,1,6490
7290000077017,false,עוגיות קרמוגית במילו,"אסם תעשיות בע""מ",,עוגיות קרמוגית במילוי שוקולד 200 גרם,גרמים,200.00,100 גרם,false,1,10.90,5.4500,true,1,230
7290000077253,false,לחמית כפרית 190 גר,"אסם תעשיות בע""מ",,לחמית כפרית 190 גר,גרמים,190.00,100 גרם,false,1,9.90,5.2105,true,1,6690
7290000077925,false,טוסטעים צנימים עגולי,ון-דר-מולן,,טוסטעים צנימים עגולים ח.מלאה 125גרם,גרמים,125.00,100 גרם,false,1,10.50,8.4000,true,1,6489
7290000078212,false,קרוטונים מתובלים אסם,עינת,,קרוטונים מתובלים אסם 250 גרם,גרמים,250.00,100 גרם,false,1,13.90,5.5600,true,1,211
7290000078762,false,חטיפי פריכונים מאורז,הרטו בלגיה,,חטיפי פריכונים מאורז מלא דבש 80 ג,גרמים,80.00,100 גרם,false,1,6.90,8.6250,true,1,1909
7290000079233,false,קרם קרקר דל נתרן 250,"אסם תעשיות בע""מ",,קרם קרקר דל נתרן 250 גרם,גרמים,250.00,100 גרם,false,1,9.90,3.9600,true,1,229
7290000080758,false,טוסטעים פת קלויה 100,ון-דר-מולן,,טוסטעים פת קלויה 100 גרם,גרמים,100.00,100 גרם,false,1,10.50,10.5000,true,1,1048
7290000080765,false,טוסטעים פת קלויה&שומ,ון-דר-מולן,,טוסטעים פת קלויה&שומשום 100 גרם,גרמים,100.00,100 גרם,false,1,10.50,10.5000,true,1,1049
7290000081663,false,בייגלה טבעות שומשום,"אסם תעשיות בע""מ",,בייגלה טבעות שומשום 300 גר,גרמים,300.00,100 גרם,false,1,9.90,3.3000,true,1,1126
7290000085159,false,פירורי פתיבר לאפיה 2,גטניו,IL,פירורי פתיבר לאפיה 250 גר גטניו,גרמים,250.00,100 גרם,false,1,6.90,2.7600,true,1,31387
7290000085180,false,ביסקויט פתי בר וניל,גטניו,IL,ביסקויט פתי בר וניל גטניו 470 גרם,גרמים,470.00,100 גרם,false,12,10.90,2.3191,true,1,18959
7290000088002,false,אגרת וטרינר לפי קג,,,אגרת וטרינר לפי קג,קילוגרמים,1.00,"ק""ג",true,,1.30,1.3000,true,1,22576
7290000100128,false,תות קפוא 300 גרם סנפ,סנפרוסט,,תות קפוא 300 גרם סנפרוסט,גרמים,300.00,100 גרם,false,1,12.90,4.3000,true,1,17779
7290000100135,false,דובדבן קפוא 300 גרם,סנפרוסט,,דובדבן קפוא 300 גרם סנפרוסט,גרמים,300.00,100 גרם,false,1,12.90,4.3000,true,1,17780
7290000100296,false,תערובת שייק תות בננה,סנפרוסט,,תערובת שייק תות בננה סמוטיז 300גר,גרמים,300.00,100 גרם,false,1,12.90,4.3000,true,1,20945
7290000100593,false,פרוסות אנטיפסטי לתנו,סנפרוסט,,פרוסות אנטיפסטי לתנור 600גר,גרמים,600.00,100 גרם,false,1,18.90,3.1500,true,1,23872
7290000100609,false,קוביות אנטיפסטי להקפ,סנפרוסט,,קוביות אנטיפסטי להקפצה 600גר,גרמים,600.00,100 גרם,false,1,18.90,3.1500,true,1,23873
7290000101927,false,אוכמניות כחולות קפוא,סנפרוסט,,אוכמניות כחולות קפואות 300 גרם סנפרוסט,גרמים,300.00,100 גרם,false,1,12.90,4.3000,true,1,14779
7290000101934,false,מיקס פירות יער קפוא,סנפרוסט,,מיקס פירות יער קפוא 300 גרם סנפרוסט,גרמים,300.00,100 גרם,false,1,12.90,4.3000,true,1,1068
7290000101941,false,אננס קפוא 300 גרם סנ,סנפרוסט,,אננס קפוא 300 גרם סנפרוסט,גרמים,300.00,100 גרם,false,1,12.90,4.3000,true,1,1927
7290000101958,false,מנגו קפוא 300 גרם סנ,סנפרוסט,,מנגו קפוא 300 גרם סנפרוסט,גרמים,300.00,100 גרם,false,1,12.90,4.3000,true,1,1236
7290000101989,false,דובדבן חמוץ 300 גרם,סנפרוסט,,דובדבן חמוץ 300 גרם סנפרוסט,גרמים,300.00,100 גרם,false,1,12.90,4.3000,true,1,20569
7290000103365,false,מרק ירקות 560 גר סנפ,סנפרוסט,,מרק ירקות 560 גר סנפרוסט,גרמים,560.00,100 גרם,false,1,16.90,3.0179,true,1,8382
7290000103433,false,לקט ירקות לתנור 800,סנפרוסט,,לקט ירקות לתנור 800 גרם סנפרוסט,גרמים,800.00,100 גרם,false,1,22.90,2.8625,true,1,13242
7290000103730,false,לקט להקפצה עם פסטה פ,סנפרוסט,,לקט להקפצה עם פסטה פוזילי 800 ג,גרמים,800.00,100 גרם,false,1,19.90,2.4875,true,1,6457
7290000103815,false,לקט בסגנון תאילנדי ל,סנפרוסט,,לקט בסגנון תאילנדי להקפצה 800 גר,גרמים,800.00,100 גרם,false,1,19.90,2.4875,true,1,7417
7290000103822,false,לקט לעוף 800 ג,סנפרוסט,,לקט לעוף 800 ג,גרמים,800.00,100 גרם,false,1,22.90,2.8625,true,1,7541
7290000103839,false,מרק כתום 572 גר סנפר,סנפרוסט,,מרק כתום 572 גר סנפרוסט,גרמים,572.00,100 גרם,false,1,16.90,2.9545,true,1,7557
7290000103846,false,מרק אפונה 572 גר סנפ,סנפרוסט,,מרק אפונה 572 גר סנפרוסט,גרמים,572.00,100 גרם,false,1,16.90,2.9545,true,1,7556
7290000103860,false,מרק עדשים 572 גר סנפ,סנפרוסט,,מרק עדשים 572 גר סנפרוסט,גרמים,572.00,100 גרם,false,1,16.90,2.9545,true,1,7555
7290000103877,false,מרק שעועית 644 גר סנ,סנפרוסט,,מרק שעועית 644 גר סנפרוסט,גרמים,644.00,100 גרם,false,1,16.90,2.6242,true,1,7554
7290000104072,false,עדשים ירוקות מבושלות,סנפרוסט,,עדשים ירוקות מבושלות 800 גר,גרמים,800.00,100 גרם,false,1,15.90,1.9875,true,1,6987
7290000104188,false,שעועית אדומה מבושלת,סנפרוסט,,שעועית אדומה מבושלת 800 גרם,גרמים,800.00,100 גרם,false,1,15.90,1.9875,true,1,6459
7290000104201,false,אפונה עדינה 600 גרם,סנפרוסט,,אפונה עדינה 600 גרם,גרמים,600.00,100 גרם,false,1,16.90,2.8167,true,1,2588
7290000104218,false,במיה 600 גרם,סנפרוסט,,במיה 600 גרם,גרמים,600.00,100 גרם,false,1,16.90,2.8167,true,1,2587
7290000104225,false,בצל קצוץ 600 גרם,סנפרוסט,,בצל קצוץ 600 גרם,גרמים,600.00,100 גרם,false,1,13.90,2.3167,true,1,2586
7290000104676,false,אפונה גינה 800 גרם,סנפרוסט,,אפונה גינה 800 גרם,גרמים,800.00,100 גרם,false,1,14.90,1.8625,true,1,1269
7290000104683,false,שעועית שלמה 800 גרם,סנפרוסט,,שעועית שלמה 800 גרם,גרמים,800.00,100 גרם,false,1,16.90,2.1125,true,1,66
7290000104690,false,תירס גרעינים 800 גרם,סנפרוסט,,תירס גרעינים 800 גרם,גרמים,800.00,100 גרם,false,1,14.90,1.8625,true,1,1395
7290000104706,false,גזר גמדי 800 גרם,סנפרוסט,,גזר גמדי 800 גרם,גרמים,800.00,100 גרם,false,1,13.90,1.7375,true,1,1218
7290000104713,false,פול ירוק 800 גרם,סנפרוסט,,פול ירוק 800 גרם,גרמים,800.00,100 גרם,false,1,23.90,2.9875,true,1,368
7290000104720,false,שעועית ירוקה חתוכה 8,סנפרוסט,,שעועית ירוקה חתוכה 800 גרם,גרמים,800.00,100 גרם,false,1,18.90,2.3625,true,1,62
7290000104737,false,שעועית צהובה חתוכה 8,סנפרוסט,,שעועית צהובה חתוכה 800 גרם,גרמים,800.00,100 גרם,false,1,18.90,2.3625,true,1,65
7290000104744,false,כרובית 800 גרם,סנפרוסט,,כרובית 800 גרם,גרמים,800.00,100 גרם,false,1,24.50,3.0625,true,1,936
7290000104751,false,כרוב ניצנים 800 גרם,סנפרוסט,,כרוב ניצנים 800 גרם,גרמים,800.00,100 גרם,false,1,17.90,2.2375,true,1,935
7290000104768,false,תרד עלים 800 גרם,סנפרוסט,,תרד עלים 800 גרם,גרמים,800.00,100 גרם,false,1,17.90,2.2375,true,1,40
7290000104775,false,תרד מדליונים 800 גרם,סנפרוסט,,תרד מדליונים 800 גרם,גרמים,800.00,100 גרם,false,1,17.90,2.2375,true,1,39
7290000104799,false,שעועית לבנה מבושלת 8,סנפרוסט,,שעועית לבנה מבושלת 800 גרם,גרמים,800.00,100 גרם,false,1,15.90,1.9875,true,1,2072
7290000104805,false,גרגירי חומוס מבושל 8,סנפרוסט,,גרגירי חומוס מבושל 800 גרם,גרמים,800.00,100 גרם,false,1,15.90,1.9875,true,1,2071
7290000104829,false,קלחוני תירס 1 קג,סנפרוסט,,קלחוני תירס 1 קג,גרמים,1000.00,100 גרם,false,1,16.90,1.6900,true,1,2485
7290000104836,false,שעועית עדינה שלמה600,סנפרוסט,,שעועית עדינה שלמה 600 גרם,גרמים,600.00,100 גרם,false,1,16.90,2.8167,true,1,3391
7290000104874,false,לקט לקוסקוס 800 גרם,סנפרוסט,,לקט לקוסקוס 800 גרם,גרמים,800.00,100 גרם,false,1,22.90,2.8625,true,1,2084
7290000104881,false,אפונה וגזר 800 גרם,סנפרוסט,,אפונה וגזר 800 גרם,גרמים,800.00,100 גרם,false,1,17.90,2.2375,true,1,1271
7290000104911,false,לקט נורמנדי 800 גרם,סנפרוסט,,לקט נורמנדי 800 גרם,גרמים,800.00,100 גרם,false,1,22.90,2.8625,true,1,830
7290000106175,false,לקט כפרי 2 קג,סנפרוסט,,לקט כפרי 2 קג,גרמים,2000.00,100 גרם,false,1,29.90,1.4950,true,1,829
7290000106526,false,לקט חגיגה ירוקה 800ג,סנפרוסט,IL,לקט חגיגה ירוקה 800גר להקפצה סנפרוסט,גרמים,800.00,100 גרם,false,12,19.90,2.4875,true,1,21220
7290000107165,false,חטיף פולי סויה מנצו,סנפרוסט,,חטיף פולי סויה מנצו קפוא 400ג,גרמים,400.00,100 גרם,false,1,15.90,3.9750,true,1,3855
7290000107189,false,ארטישוק תחתיות 400 ג,סנפרוסט,,ארטישוק תחתיות 400 גרם,גרמים,400.00,100 גרם,false,1,16.90,4.2250,true,1,1287
7290000107295,false,ברוקלי תפרחת 800 גרם,סנפרוסט,,ברוקלי תפרחת 800 גרם,גרמים,800.00,100 גרם,false,1,17.90,2.2375,true,1,1157
7290000107615,false,מנה אסייטית צבעונית,סנפרוסט,IL,מנה אסייטית צבעונית ועשירה 800גר סנפרוסט,גרמים,800.00,100 גרם,false,12,19.90,2.4875,true,1,21221
7290000107622,false,לקט פסטה וירקות א-לה,סנפרוסט,IL,לקט פסטה וירקות א-לה איטליה 800גר סנפרוס,גרמים,800.00,100 גרם,false,12,19.90,2.4875,true,1,21222
7290000107677,false,שעועית עדינה שלמה צה,סנפרוסט,,שעועית עדינה שלמה צהובה 600 גרם,גרמים,600.00,100 גרם,false,1,22.50,3.7500,true,1,8159
7290000110844,false,חטיף כיפלי גריל 70 ג,יוניליוור,,"חטיף כיפלי גריל 70 גר בד""צ",Unknown,0.00,Unknown,false,1,6.00,0.0000,true,1,1625
7290000110851,false,חטיף כיפלי בצל 70 גר,יוניליוור,,"חטיף כיפלי בצל 70 גרם בד""צ",Unknown,0.00,Unknown,false,1,6.00,0.0000,true,1,1624
7290000111063,false,ממרח מיונז אמיתי 250,יוניליוור,,ממרח מיונז אמיתי 250 גרם,גרמים,250.00,100 גרם,false,1,6.90,2.7600,true,1,701
7290000111117,false,מרכך בדין 4 ליטר לבן,יוניליוור,,מרכך בדין 4 ליטר לבן,ליטרים,4.00,ליטר,false,1,19.90,4.9750,true,1,2581
7290000111186,false,ממרח מיונז אמיתי 500,יוניליוור,,ממרח מיונז אמיתי 500 גרם,גרמים,500.00,100 גרם,false,1,10.90,2.1800,true,1,702
7290000111353,false,ממרח מיונז אמיתי 1 ק,יוניליוור,,ממרח מיונז אמיתי 1 קג,קילוגרמים,1.00,"ק""ג",false,1,19.90,19.9000,true,1,700
7290000111360,false,חרדל אמיתי 250 גרם,יוניליוור,,חרדל אמיתי 250 גרם,גרמים,250.00,100 גרם,false,1,6.50,2.6000,true,1,1017
7290000111384,false,חרדל אמיתי 550 גרם,יוניליוור,,חרדל אמיתי 550 גרם,גרמים,550.00,100 גרם,false,1,8.90,1.6182,true,1,12
7290000112220,false,טחינה בארכה 100%שומש,רושדי תעשיות מזון בע,,טחינה בארכה 100%שומשום 500 ג,גרמים,500.00,100 גרם,false,1,13.90,2.7800,true,1,867
7290000112497,false,מרק קנור עשיר עוף עם,יוניליוור,,מרק קנור עשיר עוף עם אטריות 68 גר,Unknown,0.00,Unknown,false,1,9.90,0.0000,true,1,1334
7290000112503,false,מרק קנור עשיר ירקות,יוניליוור,,מרק קנור עשיר ירקות כפרי 61 גרם,Unknown,0.00,Unknown,false,1,9.90,0.0000,true,1,1333
7290000112619,false,מרק עוף קנור אמיתי 4,יוניליוור,,מרק עוף קנור אמיתי 400 גרם,גרמים,400.00,100 גרם,false,1,17.90,4.4750,true,1,1331
7290000113180,false,כיפלי ציפס 50 גרם בד,יוניליוור,,כיפלי ציפס 50 גרם בדצ,Unknown,0.00,Unknown,false,1,5.50,0.0000,true,1,2844
7290000114187,false,נוזל לניקוי כללי סיף,יוניליוור,,נוזל לניקוי כללי סיף 4 ל אורנים,ליטרים,4.00,ליטר,false,1,19.90,4.9750,true,1,2683
7290000116204,false,מרק דגש קנור 1 קג,יוניליוור,,מרק דגש קנור 1 קג,קילוגרמים,1.00,"ק""ג",false,1,14.90,14.9000,true,1,646
7290000116884,false,רוטב קנור ברביקיו 34,יוניליוור,,רוטב קנור ברביקיו 340 גר,גרמים,340.00,100 גרם,false,1,11.90,3.5000,true,1,2886
7290000116921,false,רוטב  קנור צילי מתוק,יוניליוור,,רוטב  קנור צילי מתוק 340 מל,מיליליטרים,340.00,"100 מ""ל",false,1,11.90,3.5000,true,1,2885
7290000116945,false,רוטב סויה קנור 300 מ,יוניליוור,,רוטב סויה קנור 300 מל,מיליליטרים,300.00,"100 מ""ל",false,1,11.90,3.9667,true,1,2884
7290000117171,false,מרק טעם עוף דל קל 48,יוניליוור,,מרק טעם עוף דל קל 48 גרם,גרמים,48.00,100 גרם,false,1,6.50,13.5417,true,1,648
7290000117720,false,זוג מרק נמס בכוס פטר,יוניליוור,,זוג מרק נמס בכוס פטריות 43 גרם,Unknown,0.00,Unknown,false,1,6.50,0.0000,true,1,686
7290000118277,false,תערובת קניידלך 130 ג,יוניליוור,,תערובת קניידלך 130 גר,גרמים,130.00,100 גרם,false,1,12.90,9.9231,true,1,182
7290000118352,false,תערובת לטקס 170 ג,,,תערובת לטקס 170 ג,גרמים,170.00,100 גרם,false,1,15.90,9.3529,true,1,818
7290000120836,false,מיונז הלמנס אמיתי 39,יוניליוור,,מיונז הלמנס אמיתי 394 גר,גרמים,394.00,100 גרם,false,1,11.90,3.0203,true,1,1098
7290000120874,false,מיונז הלמנס לייט 424,יוניליוור,,מיונז הלמנס לייט 424 גרם,גרמים,424.00,100 גרם,false,1,11.90,2.8066,true,1,703
7290000121017,false,גבינת שומרון 120 גרם,ש.האופים,,גבינת שומרון 120 גרם,גרמים,120.00,100 גרם,false,1,10.00,8.3333,true,1,1210
7290000121031,false,גבינת חתול 120 גרם,ש.האופים,,גבינת חתול 120 גרם,גרמים,120.00,100 גרם,false,1,10.00,8.3333,true,1,1204
7290000121079,false,גבינה מון בלאן שמיר,ש.האופים,,גבינה מון בלאן שמיר 120 גרם,גרמים,120.00,100 גרם,false,1,10.00,8.3333,true,1,1200
7290000121093,false,גבינה מון בלאן שוויצ,ש.האופים,,גבינה מון בלאן שוויצרית 120 גרם,גרמים,120.00,100 גרם,false,1,10.00,8.3333,true,1,1199
7290000121109,false,גבינה מון בלאן זיתים,ש.האופים,,גבינה מון בלאן זיתים 120 גרם,גרמים,120.00,100 גרם,false,1,10.00,8.3333,true,1,1198
7290000121147,false,מון בלאן פיקנטי 120,ש.האופים,,מון בלאן פיקנטי 120 גרם,גרמים,120.00,100 גרם,false,1,10.00,8.3333,true,1,853
7290000121154,false,גבינת מון בלאן סלומו,ש.האופים,,גבינת מון בלאן סלומון 120 גרם,גרמים,120.00,100 גרם,false,1,10.00,8.3333,true,1,1205
7290000121239,false,ממרח מיוקל 5% שומן 5,יוניליוור,,ממרח מיוקל 5% שומן 500 ג,גרמים,500.00,100 גרם,false,1,12.90,2.5800,true,1,3334
7290000122830,false,רוטב קנור סצואן 370,יוניליוור,,רוטב קנור סצואן 370 גר,גרמים,370.00,100 גרם,false,1,11.90,3.2162,true,1,3452
7290000123363,false,צמקאו אפיכל 500 גרם,יוניליוור,,שוקולד צמקאו 500 גרם,גרמים,500.00,100 גרם,false,1,12.90,2.5800,true,1,287
7290000125251,false,נוזל לכביסה עדינה 2,יוניליוור,,נוזל לכביסה עדינה 2 ל בדין,ליטרים,2.00,ליטר,false,1,23.90,11.9500,true,1,3486
7290000129457,false,אבקת רוטב פטריות 28,יוניליוור,,אבקת רוטב פטריות 28 ג קנור,Unknown,0.00,Unknown,false,1,4.90,0.0000,true,1,3818
7290000129785,false,מרכך בדין 4 ליטר ירו,יוניליוור,,מרכך בדין 4 ליטר ירוק,ליטרים,4.00,ליטר,false,1,19.90,4.9750,true,1,2441
7290000130248,false,קמח מצה רגיל 500 גר,,,קמח מצה רגיל 500 גר,גרמים,500.00,100 גרם,false,1,6.00,1.2000,true,1,11725
7290000130255,false,קמח מצה 500 ג שקית א,,,קמח מצה 500 ג שקית אביב,גרמים,500.00,100 גרם,false,1,6.50,1.3000,true,1,3541
7290000130545,false,מצות אביב 2.5 קג,,,מצות אביב 2.5 קג,גרמים,2500.00,100 גרם,false,1,25.00,1.0000,true,1,3537
7290000133645,false,מש.שיניים אורביטול ש,,,מש.שיניים אורביטול שלישיה סודה,יחידה,3.00,יחידה,false,1,18.90,6.3000,true,1,3694
7290000134147,false,מוסקט טחון 40 גר מיכ,,,מוסקט טחון 40 גר מיכל קטן,Unknown,0.00,Unknown,false,1,14.90,0.0000,true,1,715
7290000134307,false,קינמון טחון 50 גר שק,,,קינמון טחון 50 גר שקית,Unknown,0.00,Unknown,false,1,4.90,0.0000,true,1,67
7290000134314,false,תיבול לפיצה 120 ג מי,,,תיבול לפיצה 120 ג מיכל גדול,גרמים,120.00,100 גרם,false,1,7.90,6.5833,true,1,1388
7290000134338,false,אבקת שום 90 ג מיכל ג,,,אבקת שום 90 ג מיכל גדול,Unknown,0.00,Unknown,false,1,7.90,0.0000,true,1,1352
7290000134352,false,קינמון טחון 90 גר מי,,,קינמון טחון 90 גר מיכל גדול,Unknown,0.00,Unknown,false,1,7.90,0.0000,true,1,2163
7290000134376,false,פפריקה בשמן 90 ג מיכ,,,פפריקה בשמן 90 ג מיכל גדול,Unknown,0.00,Unknown,false,1,7.90,0.0000,true,1,2164
7290000134550,false,עלי דפנה  20 גר שקית,,,עלי דפנה  20 גר שקית,גרמים,20.00,100 גרם,false,1,4.90,24.5000,true,1,68
7290000134666,false,רוזמרין 15 גר מיכל ק,,,רוזמרין 15 גר מיכל קטן,Unknown,0.00,Unknown,false,1,5.90,0.0000,true,1,4485
7290000134673,false,זנגביל 30 גר מיכל קט,,,זנגביל 30 גר מיכל קטן,Unknown,0.00,Unknown,false,1,5.90,0.0000,true,1,4486
7290000134680,false,קימל שלם 40 גר מיכל,,,קימל שלם 40 גר מיכל קטן,Unknown,0.00,Unknown,false,1,5.90,0.0000,true,1,4488
7290000134758,false,תיבול לתפוא 100 ג מי,,,תיבול לתפוא 100 ג מיכל גדול,גרמים,100.00,100 גרם,false,1,7.90,7.9000,true,1,2309
7290000134826,false,זעתר מעורב 100 ג מיכ,,,זעתר מעורב 100 ג מיכל גדול,גרמים,100.00,100 גרם,false,1,7.90,7.9000,true,1,707
7290000134833,false,כמון טחון 100 ג מיכל,,,כמון טחון 100 ג מיכל גדול,גרמים,100.00,100 גרם,false,1,7.90,7.9000,true,1,710
7290000134840,false,כורכום טחון 100 ג מי,,,כורכום טחון 100 ג מיכל גדול,גרמים,100.00,100 גרם,false,1,7.90,7.9000,true,1,709
7290000134857,false,פפריקה מתוקה  100 גר,,,פפריקה מתוקה  100 גר מיכל גדול,גרמים,100.00,100 גרם,false,1,7.90,7.9000,true,1,712
7290000134864,false,פפריקה חריפה  100 ג,,,פפריקה חריפה  100 ג מיכל גדול,גרמים,100.00,100 גרם,false,1,7.90,7.9000,true,1,711
7290000134871,false,פלפל שחור טחון 100 ג,,,פלפל שחור טחון 100 ג מיכל גדול,גרמים,100.00,100 גרם,false,1,12.90,12.9000,true,1,717
7290000134970,false,חוואיג 100 גר מיכל ג,,,חוואיג 100 גר מיכל גדול,גרמים,100.00,100 גרם,false,1,7.90,7.9000,true,1,708
7290000134987,false,פלפל שחור גרוס90ג מי,,,פלפל שחור גרוס90ג מיכל גדול,Unknown,0.00,Unknown,false,1,12.90,0.0000,true,1,714
7290000134994,false,טימין 20 גר מיכל קטן,,,טימין 20 גר מיכל קטן,Unknown,0.00,Unknown,false,1,5.90,0.0000,true,1,4484
7290000135045,false,משקה אנרגיה אקס  אל,,IL,משקה אנרגיה אקס  אל תן תפוח 250מל פקדון,מיליליטרים,250.00,"100 מ""ל",false,24,4.40,1.7600,true,1,1672
7290000135052,false,משקה אנרגיה אקס  אל,,IL,משקה אנרגיה אקס  אל תן מנגו 250מל פקדון,מיליליטרים,250.00,"100 מ""ל",false,24,4.40,1.7600,true,1,1674
7290000135113,false,משקה אנרגיה אקס  אל,,,משקה אנרגיה אקס  אל טן 250מל פקדון,מיליליטרים,250.00,"100 מ""ל",false,1,4.40,1.7600,true,1,23261
7290000135168,false,מארז שישיית פפסי מקס,,,מארז שישיית פפסי מקס ליים 330מל פח.פקדון,מיליליטרים,1980.00,"100 מ""ל",false,4,18.90,0.9545,true,1,27057
7290000135182,false,מארז 6יח פחית סבנאפ,,IL,מארז 6יח פחית סבנאפ פרי למון ליים 330מל,מיליליטרים,1980.00,"100 מ""ל",false,4,18.90,0.9545,true,1,27453
7290000135311,false,משקה פפסי מקס ליים 1,,,משקה פפסי מקס ליים 1.5 ליטר בק.פקדון,ליטרים,1.50,ליטר,false,1,7.90,5.2667,true,1,25097
7290000135465,false,מי סודה טמפו 12יחידו,,IL,מי סודה טמפו 12יחידות 500 מל בק. פקדון,מיליליטרים,6000.00,"100 מ""ל",false,4,28.90,0.4817,true,1,31226
7290000135595,false,משקה פפסי מקס דובדבן,,,משקה פפסי מקס דובדבן 1.5ליטר בק.פקדון,ליטרים,1.50,ליטר,false,1,7.90,5.2667,true,1,31034
7290000135663,false,מארז שישיית פפסי מקס,,IL,מארז שישיית פפסי מקס דובדבן330מל פ.פקדון,מיליליטרים,1980.00,"100 מ""ל",false,1,18.90,0.9545,true,1,43582
7290000136158,false,משקה פפסי מקס 1.5 לי,,,משקה פפסי מקס 1.5 ליטר בק.פקדון,ליטרים,1.50,ליטר,false,1,7.90,5.2667,true,1,39397
7290000136165,false,משקה מירינדה 1.5ליטר,,,משקה מירינדה 1.5ליטר בק.פקדון,ליטרים,1.50,ליטר,false,6,8.50,5.6667,true,1,39394
7290000136189,false,משקה דיאט סבן אפ 1.5,,,משקה דיאט סבן אפ 1.5 ליטר בק.פקדון,ליטרים,1.50,ליטר,false,1,7.90,5.2667,true,1,39396
7290000136257,false,פאנק טוניק 1.5 ליטר,,,פאנק טוניק 1.5 ליטר בק.פקדון טמפו,ליטרים,1.50,ליטר,false,1,10.90,7.2667,true,1,39416
7290000136264,false,מי טוניק 1.5ליטר בק.,,,מי טוניק 1.5ליטר בק.פקדון טמפו,ליטרים,1.50,ליטר,false,1,10.90,7.2667,true,1,39415
7290000136288,false,סיידר סירופ תפוח 330,,,סיידר סירופ תפוח 330מל גוסר,מיליליטרים,330.00,"100 מ""ל",false,1,13.90,4.2121,true,1,42534
7290000136295,false,סיידר סירופ פטל 330מ,,,סיידר סירופ פטל 330מל גוסר,מיליליטרים,330.00,"100 מ""ל",false,1,13.90,4.2121,true,1,42535
7290000136301,false,סיידר סירופ ענבים 33,,,סיידר סירופ ענבים 330מל גוסר,מיליליטרים,330.00,"100 מ""ל",false,1,13.90,4.2121,true,1,42536
7290000136431,false,משקה גאמפ 1.5ליטר אפ,,,משקה גאמפ 1.5ליטר אפרסק צלול בק.פקדון,ליטרים,1.50,ליטר,false,1,7.90,5.2667,true,1,39392
7290000136486,false,משקה גאמפ 1.5ליטר די,,,משקה גאמפ 1.5ליטר דיאט אשכולית בק.פקדון,ליטרים,1.50,ליטר,false,1,7.90,5.2667,true,1,39390
7290000136516,false,משקה גאמפ 1.5ליטר מנ,,,משקה גאמפ 1.5ליטר מנגו פסיפלורה בק.פקדון,ליטרים,1.50,ליטר,false,1,7.90,5.2667,true,1,39386
7290000136523,false,משקה גאמפ 1.5ליטר ענ,,,משקה גאמפ 1.5ליטר ענבים בק.פקדון,ליטרים,1.50,ליטר,false,1,7.90,5.2667,true,1,39388
7290000136561,false,משקה גאמפ 1.5ליטר תו,,,משקה גאמפ 1.5ליטר תות בננה בק.פקדון,ליטרים,1.50,ליטר,false,1,7.90,5.2667,true,1,39389
7290000136585,false,משקה גאמפ 1.5ליטר תפ,,,משקה גאמפ 1.5ליטר תפוזים בק.פקדון,ליטרים,1.50,ליטר,false,1,7.90,5.2667,true,1,39382
7290000136608,false,משקה גאמפ 1.5ליטר תפ,,,משקה גאמפ 1.5ליטר תפוח צלול בק.פקדון,ליטרים,1.50,ליטר,false,1,7.90,5.2667,true,1,39391
7290000136646,false,בירה נשר מאלט 1.5ליט,,,בירה נשר מאלט 1.5ליטר בק. פקדון,ליטרים,1.50,ליטר,false,1,8.90,5.9333,true,1,39417
7290000136653,false,בירה דיאט נשר מאלט 1,,,בירה דיאט נשר מאלט 1.5ליטר בק. פקדון,ליטרים,1.50,ליטר,false,1,8.90,5.9333,true,1,39418
7290000136660,false,סודה 1.5ליטר ב.פקדון,,,סודה 1.5ליטר ב.פקדון טמפו,ליטרים,1.50,ליטר,false,1,3.20,2.1333,true,1,39948
7290000136677,false,משקה פפסי קולה 1.5לי,,,משקה פפסי קולה 1.5ליטר בק.פקדון,ליטרים,1.50,ליטר,false,6,8.50,5.6667,true,1,40160
7290000136684,false,משקה פפסי מקס 1.5 לי,,,משקה פפסי מקס 1.5 ליטר בק.פקדון,ליטרים,1.50,ליטר,false,1,7.90,5.2667,true,1,39952
7290000136691,false,מארז 6יח סבן אפ 1.5ל,,,מארז 6יח סבן אפ 1.5ליטר בק. פקדון,ליטרים,9.00,ליטר,false,1,39.90,4.4333,true,1,39400
7290000136707,false,משקה מירינדה 1.5ליטר,,,משקה מירינדה 1.5ליטר בק.פקדון,ליטרים,1.50,ליטר,false,6,8.50,5.6667,true,1,40846
7290000136721,false,משקה גאמפ תפוז 1.5 ל,,,משקה גאמפ תפוז 1.5 ל,ליטרים,1.50,ליטר,false,1,7.60,5.0667,true,1,1168
7290000136738,false,משקה גאמפ אשכליות 1.,,,משקה גאמפ אשכליות 1.5 ל,ליטרים,1.50,ליטר,false,1,7.60,5.0667,true,1,1164
7290000136752,false,מארז 6יח דיאט סבן אפ,,,מארז 6יח דיאט סבן אפ 1.5ליטר בק.פקדון,ליטרים,9.00,ליטר,false,1,37.90,4.2111,true,1,39401
7290000136769,false,מארז 6יח פפסי קולה 1,,,מארז 6יח פפסי קולה 1.5ליטר בק.פקדון,ליטרים,9.00,ליטר,false,1,39.90,4.4333,true,1,39398
7290000136776,false,מארז 6יח פפסי מקס 1.,,,מארז 6יח פפסי מקס 1.5ליטר בק.פקדון,ליטרים,9.00,ליטר,false,1,41.90,4.6556,true,1,39402
7290000136783,false,מארז 6יח מירינדה 1.5,,,מארז 6יח מירינדה 1.5ליטר בק. פקדון,ליטרים,9.00,ליטר,false,1,39.90,4.4333,true,1,39399
7290000136790,false,מארז 6יח סודה 1.5ליט,,,מארז 6יח סודה 1.5ליטר בק.פקדון טמפו,ליטרים,9.00,ליטר,false,1,16.70,1.8556,true,1,39409
7290000136806,false,מארז 4יח סודה למון ל,,IL,מארז 4יח סודה למון ליים 1.5ליטר בק.פקדון,ליטרים,6.00,ליטר,false,1,11.90,1.9833,true,1,39406
7290000136813,false,מארז 4יח סודה אננס 1,,IL,מארז 4יח סודה אננס 1.5ליטר בק.פקדון,ליטרים,6.00,ליטר,false,1,11.90,1.9833,true,1,39407
7290000136820,false,מארז 4יח סודה פירות,,IL,מארז 4יח סודה פירות יער 1.5ליטר בק.פקדון,ליטרים,6.00,ליטר,false,1,11.90,1.9833,true,1,39408
7290000136844,false,מארז 6 יח מים אקווה,,,מארז 6 יח מים אקווה נובה 2ליטר בק.פקדון,ליטרים,12.00,ליטר,false,1,13.90,1.1583,true,1,39425
7290000136851,false,משקה סבן אפ 1.5ליטר,,,משקה סבן אפ 1.5ליטר בק.פקדון,ליטרים,1.50,ליטר,false,6,8.50,5.6667,true,1,40085
7290000136868,false,מארז 6יח מים סאן בנד,,,מארז 6יח מים סאן בנדטו 1.5ליטר בק.פקדון,ליטרים,9.00,ליטר,false,1,17.90,1.9889,true,1,39403
7290000136875,false,מארז 6יח מים סאן בנד,,,מארז 6יח מים סאן בנדטו מוגז1.5ל בק.פקדון,ליטרים,9.00,ליטר,false,1,18.90,2.1000,true,1,39404
7290000136936,false,משקה דיאט סבן אפ 1.5,,,משקה דיאט סבן אפ 1.5 ליטר בק.פקדון,ליטרים,1.50,ליטר,false,1,7.90,5.2667,true,1,39872
7290000137513,false,גלידונית שוקו וניל מ,"גלידת שטראוס בע""מ",,גלידונית שוקו וניל מצופה 60 יח,גרמים,700.00,100 גרם,false,1,44.90,6.4143,true,1,1221
7290000137643,false,מאגדת טעמקור 8 יח,"גלידת שטראוס בע""מ",,מאגדת טעמקור 8 יח,גרמים,400.00,100 גרם,false,1,34.90,8.7250,true,1,883
7290000139104,false,חטיף שלווה חיטה תפוח,,,חטיף שלווה חיטה תפוחה 230 גר,גרמים,230.00,100 גרם,false,1,8.00,3.4783,true,1,37231
7290000139180,false,חטיף שלווה חיטה תפוח,אשבל מזון פונקציונלי,IL,חטיף שלווה חיטה תפוחה 140 גר,גרמים,140.00,100 גרם,false,24,8.00,5.7143,true,1,37232
7290000139227,false,חטיף תירס תפוח ממותק,אשבל מזון פונקציונלי,IL,חטיף תירס תפוח ממותק 150 ג,גרמים,150.00,100 גרם,false,24,8.00,5.3333,true,1,37234
7290000143187,false,שמפו הוואי לגבר 700,טרופיקל דגיל,,שמפו הוואי לגבר 700 מל,מיליליטרים,700.00,"100 מ""ל",false,1,8.90,1.2714,true,1,2074
7290000143194,false,שמפו ומרכך הוואי 2 ב,טרופיקל דגיל,,שמפו ומרכך הוואי 2 ב 1 700 מל,מיליליטרים,700.00,"100 מ""ל",false,1,8.90,1.2714,true,1,2076
7290000143200,false,מרכך הוואי לשיער יבש,טרופיקל דגיל,,מרכך הוואי לשיער יבש 700 מל,מיליליטרים,700.00,"100 מ""ל",false,1,8.90,1.2714,true,1,2075
7290000143217,false,שמפו הוואי לשיער יבש,טרופיקל דגיל,,שמפו הוואי לשיער יבש 700 מל,מיליליטרים,700.00,"100 מ""ל",false,1,8.90,1.2714,true,1,2073
7290000143255,false,שמפו הוואי לשיער רגי,טרופיקל דגיל,,שמפו הוואי לשיער רגיל 700 מל,מיליליטרים,700.00,"100 מ""ל",false,1,8.90,1.2714,true,1,2570
7290000143279,false,שמפו הוואי נגד קשקשי,טרופיקל דגיל,,שמפו הוואי נגד קשקשים 700 מל,מיליליטרים,700.00,"100 מ""ל",false,1,8.90,1.2714,true,1,2571
7290000143286,false,מרכך הוואי לשיער רגי,טרופיקל דגיל,,מרכך הוואי לשיער רגיל 700 מל,מיליליטרים,700.00,"100 מ""ל",false,1,8.90,1.2714,true,1,2573
7290000143293,false,הוואי 700 מל מרכך יל,טרופיקל דגיל,,הוואי 700 מל מרכך ילדים,מיליליטרים,700.00,"100 מ""ל",false,1,8.90,1.2714,true,1,2572
7290000144160,false,שמן זית מודגש עץ הזי,שמן תעשיות,,שמן זית מודגש עץ הזית750מל,מיליליטרים,750.00,"100 מ""ל",false,1,32.90,4.3867,true,1,6786
7290000144467,false,שמן חמניות בריאות עץ,שמן תעשיות,,שמן חמניות בריאות עץ הזית 1 ליטר,ליטרים,1.00,ליטר,false,1,15.90,15.9000,true,1,160
7290000144474,false,שמן קנולה בריאות עץ,שמן תעשיות,,שמן קנולה בריאות עץ הזית 1 לי,ליטרים,1.00,ליטר,false,1,15.90,15.9000,true,1,199
7290000146645,false,סבון הוואי מוצק רביע,טרופיקל דגיל,,סבון הוואי מוצק רביעיה שחור,גרמים,400.00,100 גרם,false,1,10.90,2.7250,true,1,3196
7290000146652,false,סבון ההואי מוצק רביע,טרופיקל דגיל,,סבון ההואי מוצק רביעיה ורוד,גרמים,400.00,100 גרם,false,1,10.90,2.7250,true,1,3194
7290000146669,false,סבון ההואי מוצק רביע,טרופיקל דגיל,,סבון ההואי מוצק רביעיה כחול,גרמים,400.00,100 גרם,false,1,10.90,2.7250,true,1,3195
7290000146676,false,סבון ההואי מוצק רביע,טרופיקל דגיל,,סבון ההואי מוצק רביעיה גבר,גרמים,400.00,100 גרם,false,1,10.90,2.7250,true,1,3237
7290000146683,false,סבון ההואי מוצק רביע,טרופיקל דגיל,,סבון ההואי מוצק רביעיה דאודורנט,Unknown,0.00,Unknown,false,1,10.90,0.0000,true,1,3197
7290000146928,false,משחת שינים ענבים 60,טרופיקל דגיל,,משחת שינים ענבים 60 גר טום וגרי,גרמים,60.00,100 גרם,false,1,5.90,9.8333,true,1,3628
7290000146997,false,משחת שינים מסטיק 60,טרופיקל דגיל,,משחת שינים מסטיק 60 גר טום וגרי,גרמים,60.00,100 גרם,false,1,5.90,9.8333,true,1,2904
7290000149806,false,סבון כלים נקה 7 1 לי,,,סבון כלים נקה 7 1 ליטר,ליטרים,1.00,ליטר,false,1,10.90,10.9000,true,1,563
7290000149844,false,סינטבון חתול,,,סינטבון חתול,יחידה,1.00,יחידה,false,1,7.90,7.9000,true,1,579
7290000149851,false,סינטבון חתול כפול,,,סינטבון חתול כפול,יחידה,2.00,יחידה,false,1,10.90,5.4500,true,1,3381
7290000149905,false,טקסטיל שמפו 1 ליטר,,,טקסטיל שמפו 1 ליטר,ליטרים,1.00,ליטר,false,1,14.90,14.9000,true,1,885
7290000150277,false,חזה הודו צלוי ברביקי,עוף טוב,,חזה הודו צלוי ברביקיו במשקל,קילוגרמים,1.00,"ק""ג",true,,69.00,69.0000,true,1,985
7290000150352,false,פסטרמה איטלקית במשקל,עוף טוב,,פסטרמה איטלקית במשקל,קילוגרמים,1.00,"ק""ג",true,,69.00,69.0000,true,1,1910
7290000150369,false,פסטרמה מקסיקנית במשק,עוף טוב,,פסטרמה מקסיקנית במשקל,קילוגרמים,1.00,"ק""ג",true,,69.00,69.0000,true,1,3552
7290000150956,false,מקלוני קבנוס עוף טוב,עוף טוב,,מקלוני קבנוס עוף טוב 160 גרם,גרמים,160.00,100 גרם,false,1,10.90,6.8125,true,1,7096
7290000150963,false,פסטרמה גמבו מעושן במ,עוף טוב,,פסטרמה גמבו מעושן במשקל,קילוגרמים,1.00,"ק""ג",true,,69.00,69.0000,true,1,420
7290000151052,false,חזה הודו בדבש במשקל,עוף טוב,,חזה הודו בדבש במשקל,קילוגרמים,1.00,"ק""ג",true,,69.00,69.0000,true,1,983
7290000151106,false,פסטרמה אמריקאית במשק,עוף טוב,,פסטרמה אמריקאית במשקל,קילוגרמים,1.00,"ק""ג",true,,69.00,69.0000,true,1,417
7290000152288,false,נקניקיות עוף עוף טוב,עוף טוב,,נקניקיות עוף עוף טוב 400 גר,גרמים,400.00,100 גרם,false,1,10.90,2.7250,true,1,528
7290000152943,false,מארז פסטרמה+סלמי 700,עוף טוב,,מארז פסטרמה+סלמי 700 גר,גרמים,700.00,100 גרם,false,1,25.90,3.7000,true,1,7439
7290000153445,false,קציצות בקר מתובלות ע,עוף טוב,,קציצות בקר מתובלות עוף טוב 500 גר,גרמים,500.00,100 גרם,false,1,29.90,5.9800,true,1,7732
7290000153469,false,קציצות עוף קלאסיות ע,עוף טוב,,קציצות עוף קלאסיות עוף טוב 600 גר,גרמים,600.00,100 גרם,false,1,29.90,4.9833,true,1,7733
7290000155524,false,פסטרמה פולנית במשקל,עוף טוב,,פסטרמה פולנית במשקל,קילוגרמים,1.00,"ק""ג",true,,69.00,69.0000,true,1,4051
7290000156545,false,פסטרמה מקסיקנית עוף,עוף טוב,,פסטרמה מקסיקנית עוף טוב 300 גרם,גרמים,300.00,100 גרם,false,1,19.90,6.6333,true,1,6075
7290000158105,false,שניצל עוף מיני דינוז,עוף טוב,,שניצל עוף מיני דינוזאור ר.ט  700 ג,גרמים,700.00,100 גרם,false,1,28.90,4.1286,true,1,8230
7290000159010,false,שניצל עוף דובונים מי,עוף טוב,,שניצל עוף דובונים מיני ר.ט. עוף.ט 700 ג,גרמים,700.00,100 גרם,false,1,28.90,4.1286,true,1,8231
7290000161358,false,ממרח מיונז אמיתי משמ,יוניליוור,,ממרח מיונז אמיתי משמן קנולה 500 ג,גרמים,500.00,100 גרם,false,1,15.90,3.1800,true,1,4019
7290000165646,false,שמפו קליר נשים  קלאס,יוניליוור,,שמפו קליר נשים  קלאסי  400 מל,מיליליטרים,400.00,"100 מ""ל",false,1,10.00,2.5000,true,1,9704
7290000166605,false,נוזל לניקוי כללי סיף,יוניליוור,,נוזל לניקוי כללי סיף 4 ל יסמין,ליטרים,4.00,ליטר,false,1,19.90,4.9750,true,1,8373
7290000168173,false,דגני ברנפלקס קרנצים,יוניליוור,,דגני ברנפלקס קרנצים 375 גר,גרמים,375.00,100 גרם,false,1,19.90,5.3067,true,1,8784
7290000169538,false,זוג מרק נמס בכוס עגב,יוניליוור,,זוג מרק נמס בכוס עגבניות52גר בדץ,Unknown,0.00,Unknown,false,1,6.50,0.0000,true,1,9491
7290000169798,false,ד.בוקר עוגי מופחת סו,יוניליוור,,ד.בוקר עוגי מופחת סוכר 500 גר,גרמים,500.00,100 גרם,false,1,18.90,3.7800,true,1,9609
7290000174723,false,אבקת שוקולית 500 גר,,,אבקת שוקולית 500 גר עגולה,גרמים,500.00,100 גרם,false,1,14.50,2.9000,true,1,148
7290000176062,false,קפה טורקי 100 גרם,,,קפה טורקי 100 גרם,גרמים,100.00,100 גרם,false,1,8.90,8.9000,true,1,502
7290000176079,false,קפה טורקי עם הל 100,,,קפה טורקי עם הל 100 גרם,גרמים,100.00,100 גרם,false,1,9.50,9.5000,true,1,505
7290000176093,false,קפה אלדין ואקום 200,,,קפה אלדין ואקום 200 גרם,גרמים,200.00,100 גרם,false,1,19.90,9.9500,true,1,188
7290000176147,false,קפה מוקה 1 פילטר ברי,,,קפה מוקה 1 פילטר בריק 500 גרם,גרמים,500.00,100 גרם,false,1,48.90,9.7800,true,1,861
7290000176413,false,קפה נמס אבקתי 50 גרם,,,קפה נמס אבקתי 50 גרם,גרמים,50.00,100 גרם,false,1,8.90,17.8000,true,1,194
7290000176420,false,קפה נמס אבקתי 200 גר,,,קפה נמס אבקתי 200 גרם,גרמים,200.00,100 גרם,false,1,22.00,11.0000,true,1,193
7290000176468,false,קפה נמס האג אבקתי 50,,,קפה נמס האג אבקתי 50 גרם,גרמים,50.00,100 גרם,false,1,11.00,22.0000,true,1,1093
7290000176475,false,קפה נמס האג אבקתי 20,,,קפה נמס האג אבקתי 200 גרם,גרמים,200.00,100 גרם,false,1,35.90,17.9500,true,1,1092
7290000178103,false,מארז 4 יח שוקולד פרה,,,מארז 4 יח שוקולד פרה חלב 100 גר,גרמים,400.00,100 גרם,false,1,17.90,4.4750,true,1,140
7290000178134,false,מארז 4 יח שוקולד פרה,,,מארז 4 יח שוקולד פרה מריר 100 גר,גרמים,400.00,100 גרם,false,1,17.90,4.4750,true,1,138
7290000178707,false,חטיף תפוציפס 50 גרם,STRAUSS-ISRAEL,,חטיף תפוציפס 50 גרם,Unknown,0.00,Unknown,false,1,4.00,0.0000,true,1,1413
7290000178721,false,חטיף תפוציפס טבעי 20,STRAUSS-ISRAEL,,חטיף תפוציפס טבעי 200 גר,גרמים,200.00,100 גרם,false,1,9.90,4.9500,true,1,1414
7290000181103,false,ביסקויט עד חצות שוקו,,,ביסקויט עד חצות שוקולד חלב 200 גרם,גרמים,200.00,100 גרם,false,1,12.90,6.4500,true,1,483
7290000185224,false,סילאן לחיץ 650 גר חצ,,,סילאן לחיץ 650 גר חצר כנרת,גרמים,650.00,100 גרם,false,1,15.90,2.4462,true,1,6212
7290000185460,false,חרוסת חצר כנרת 250 ג,,,חרוסת חצר כנרת 250 גרם,גרמים,250.00,100 גרם,false,1,13.90,5.5600,true,1,2814
7290000185590,false,סילאן טבעי לחיץ 635,,,סילאן טבעי לחיץ 650 גר חצר כנרת,גרמים,635.00,100 גרם,false,1,19.90,3.1339,true,1,32642
7290000186337,false,מארז 3יח מטליות לחות,,,מארז 3יח מטליות לחות ניקול ניקוי כללי150,יחידה,150.00,יחידה,false,1,19.90,0.1327,true,1,8658
7290000186535,false,נייר טואלט לילי טריו,חוגלה קימברלי,,נייר טואלט לילי טריו לבן 32 יח,יחידה,32.00,יחידה,false,1,44.90,1.4031,true,1,10584
7290000187860,false,מגבון נייר טואלט לח,עלבד,IL,מגבון נייר טואלט לח לילי פיור 56 יח,יחידה,56.00,יחידה,false,18,7.90,0.1411,true,1,2176
7290000187921,false,נייר טואלט לילי לבן,חוגלה קימברלי,,נייר טואלט לילי לבן קלאסיק 32 יח,יחידה,32.00,יחידה,false,1,42.90,1.3406,true,1,5472
7290000187938,false,נייר טואלט לילי פסטל,חוגלה קימברלי,,נייר טואלט לילי פסטל/ספא 32 יח,יחידה,32.00,יחידה,false,1,42.90,1.3406,true,1,5473
7290000187952,false,נייר טואלט לילי טריו,חוגלה קימברלי,,נייר טואלט לילי טריו ורוד 32 יח,יחידה,32.00,יחידה,false,1,44.90,1.4031,true,1,5474
7290000188270,false,זוג מגבוני קלינקס או,PAPALINAS,,זוג מגבוני קלינקס אולטרא סופט 80 יח,יחידה,80.00,יחידה,false,1,15.90,0.1988,true,1,1235
7290000188355,false,מגבת מטבח ניקול לבנה,חוגלה קימברלי,,מגבת מטבח ניקול לבנה 6 יח,יחידה,6.00,יחידה,false,1,12.90,2.1500,true,1,5420
7290000188553,false,מגן תחתון קוטקס סילק,KC China,,מגן תחתון קוטקס סילק נורמל 60 יח,יחידה,60.00,יחידה,false,1,21.90,0.3650,true,1,7066
7290000188591,false,מגן תחתון קוטקס סילק,KC China,,מגן תחתון קוטקס סילק יאנג 60 יח,יחידה,60.00,יחידה,false,1,21.90,0.3650,true,1,7068
7290000189079,false,תבניות אלומיניום עבה,,,תבניות אלומיניום עבה עגולות 25סמ,יחידה,5.00,יחידה,false,1,10.90,2.1800,true,1,10858
7290000189116,false,תבניות אלומיניום עבה,,,תבניות אלומיניום עבה אינגליש 28/12.5/6.5,יחידה,6.00,יחידה,false,1,10.90,1.8167,true,1,10859
7290000189192,false,מטלית ניקול סופר חזק,KC Colombia,,מטלית ניקול סופר חזקה רב פעמים 64 יח,Unknown,0.00,Unknown,false,1,15.90,0.0000,true,1,3937
7290000189215,false,מטלית הקסם ניקול לרצ,UFO,,מטלית הקסם ניקול לרצפה,Unknown,0.00,Unknown,false,1,14.90,0.0000,true,1,3826
7290000189260,false,תבניות אלומיניום עבה,,,תבניות אלומיניום עבה ריבוע 26/32/7,יחידה,5.00,יחידה,false,1,10.90,2.1800,true,1,10856
7290000189277,false,תבניות אלומיניום עבה,,,תבניות אלומיניום עבה גדולות 41/30/5.4,יחידה,3.00,יחידה,false,1,10.90,3.6333,true,1,10857
7290000189482,false,תבנית אפיה ניקול מקר,דוקארט,,תבנית אפיה ניקול מקרטון מרובעת,Unknown,0.00,Unknown,false,1,11.90,0.0000,true,1,6473
7290000189499,false,תבנית אפיה ניקול מקר,דוקארט,,תבנית אפיה ניקול מקרטון עגולה,Unknown,0.00,Unknown,false,1,11.90,0.0000,true,1,6474
7290000189505,false,תבנית אפיה ניקול מקר,דוקארט,,תבנית אפיה ניקול מקרטון אינגליש,Unknown,0.00,Unknown,false,1,11.90,0.0000,true,1,6475
7290000189536,false,שקיות אשפה 65/52 ניק,אשפלסט,,שקיות אשפה 65/52 ניקול 40 יח,יחידה,40.00,יחידה,false,1,16.90,0.4225,true,1,4090
7290000189550,false,זוג אשפתון ענק ניקול,אשפלסט,,זוג שקיות אשפה ניקול גדול מתכלות,יחידה,20.00,יחידה,false,1,20.90,1.0450,true,1,3768
7290000189598,false,מטליות לחות חד פעמי,,,מטליות לחות חד פעמי ניקול 50יח,יחידה,50.00,יחידה,false,1,12.90,0.2580,true,1,5856
7290000189659,false,מטליות לחות ניקול לר,,,מטליות לחות ניקול לרצפה,יחידה,10.00,יחידה,false,1,13.90,1.3900,true,1,6276
7290000189680,false,מארז 2 יח מטליות לחו,עלבד,,מארז 2 יח מטליות לחות לניקוי רצפות ניקול,יחידה,20.00,יחידה,false,1,21.90,1.0950,true,1,30546
7290000189734,false,מטליות לחות ניקול לפ,עלבד,,מטליות לחות ניקול לפרקט,יחידה,10.00,יחידה,false,1,13.90,1.3900,true,1,7190
7290000189871,false,שקיות אשפה ניקול מתכ,אשפלסט,,שקיות אשפה ניקול מתכלות 55 יח,יחידה,55.00,יחידה,false,12,20.90,0.3800,true,1,5667
7290000190068,false,מפיות ניקול 100 יח,חוגלה קימברלי,,מפיות ניקול 100 יח,יחידה,100.00,יחידה,false,1,7.90,0.0790,true,1,2899
7290000190198,false,מטליות לחות לניקוי ש,עלבד,,מטליות לחות לניקוי שירותים ואמבט 50יח,יחידה,50.00,יחידה,false,1,12.90,0.2580,true,1,9778
7290000190853,false,נייר טואלט לילי לבן,חוגלה קימברלי,,נייר טואלט לילי לבן 30 גלילים,יחידה,30.00,יחידה,false,1,34.90,1.1633,true,1,25344
7290000191126,false,תחבושות דיפנד לגבר 2,KC Vietnam,,תחבושות דיפנד לגבר 21יח,יחידה,21.00,יחידה,false,8,54.90,2.6143,true,1,25507
7290000191225,false,חיתולי האגיס ניו בור,,,חיתולי האגיס ניו בורן שלב 2 44יח,יחידה,44.00,יחידה,false,1,29.90,0.6795,true,1,11767
7290000191450,false,חלה רגילה ברמן 500 ג,מאפית י.את א. ברמן ב,,חלה רגילה ברמן 500 גרם***,גרמים,500.00,100 גרם,false,1,5.17,1.0340,true,1,11
7290000191539,false,מגבוני אף לילי צבעונ,חוגלה קימברלי,,מגבוני אף לילי צבעוני 5 יח בניילון,גרמים,5.00,100 גרם,false,1,15.90,318.0000,true,1,2582
7290000191546,false,מגבוני לילי צבעוני ש,חוגלה קימברלי,,מגבוני לילי צבעוני שלישיה 90 יח בשקית,יחידה,270.00,יחידה,false,1,13.90,0.0515,true,1,841
7290000191652,false,מארז 3 מגבוני אף קלי,חוגלה קימברלי,,מארז 3 מגבוני אף קלינקס קלאסיק 270 יח,יחידה,270.00,יחידה,false,1,11.90,0.0441,true,1,5039
7290000191966,false,מגבון נייר טואלט לח,עלבד,IL,מגבון נייר טואלט לח נטורל קר 48 יח,יחידה,48.00,יחידה,false,18,7.90,0.1646,true,1,7467
7290000192581,false,מארז 6יח מגבות נייר,חוגלה קימברלי,,מארז 6יח מגבות נייר כפול למטבח ניקול,יחידה,6.00,יחידה,false,1,20.90,3.4833,true,1,14773
7290000193014,false,מגן תחתון אינטרלוד 5,Ontex,,מגן תחתון אינטרלוד 50 יח,יחידה,50.00,יחידה,false,1,9.90,0.1980,true,1,527
7290000193083,false,תחבושות נובה לי בודד,Ontex,,תחבושות נובה לי בודד,Unknown,0.00,Unknown,false,1,9.90,0.0000,true,1,5040
7290000193205,false,תחבושות לילי נטורל א,Ontex,,תחבושות לילי נטורל אולטרה לילה 24 יח,יחידה,24.00,יחידה,false,1,13.90,0.5792,true,1,1774
7290000193472,false,מגן תחתון לילי נטורל,Ontex,,מגן תחתון לילי נטורל נורמל 60 יח,יחידה,60.00,יחידה,false,1,13.90,0.2317,true,1,26
7290000193540,false,מגן תחתון לילי אינטי,Ontex,,מגן תחתון לילי אינטימייט לונג,Unknown,0.00,Unknown,false,1,13.90,0.0000,true,1,821
7290000193618,false,מגן תחתון לילי נטורל,Ontex,,מגן תחתון לילי נטורל לייט 62 יח,יחידה,62.00,יחידה,false,1,13.90,0.2242,true,1,822
7290000193649,false,תחבושות לילי נטורל א,Ontex,,תחבושות לילי נטורל אולטרה סופר 24 יח,יחידה,24.00,יחידה,false,1,13.90,0.5792,true,1,1383
7290000193656,false,תחבושות לילי נטורל א,Ontex,,תחבושות לילי נטורל אולטרה סופר+ 24 יח,יחידה,24.00,יחידה,false,1,13.90,0.5792,true,1,820
7290000194141,false,מכנס גזרתי סופר נייט,,,מכנס גזרתי סופר נייט אקסטרה לארג 15יח,יחידה,15.00,יחידה,false,1,71.90,4.7933,true,1,14719
7290000194288,false,משטח החתלה האגיס לתי,Ontex,,משטח החתלה האגיס לתינוק,יחידה,1.00,יחידה,false,1,19.90,19.9000,true,1,870
7290000194837,false,שקיות מזון גדולות עם,קילת,,שקיות מזון גדולות עם ידית קשירה 200יח,יחידה,200.00,יחידה,false,1,11.90,0.0595,true,1,10336
7290000194905,false,מכנס גזרתי סופר נייט,,,מכנס גזרתי סופר נייט מדיום 15יח,יחידה,15.00,יחידה,false,1,71.90,4.7933,true,1,14717
7290000195216,false,נייר אפיה נשלף 50יח,אופל,,נייר אפיה נשלף 50יח ניקול,יחידה,50.00,יחידה,false,1,11.90,0.2380,true,1,25159
7290000195537,false,מגבוני האגיס לא מבוש,ווטנאפס,,מגבוני האגיס לא מבושם 64יח מארז רביעייה,יחידה,256.00,יחידה,false,1,19.90,0.0777,true,1,2937
7290000195773,false,מגבוני האגיס נטורל מ,עלבד,,מגבוני האגיס נטורל מילוי רביעיה,יחידה,4.00,יחידה,false,1,19.90,4.9750,true,1,3460
7290000196039,false,זוג מפות ניקול 2 יח,דיספובד,,זוג מפות ניקול 2 יח,Unknown,0.00,Unknown,false,1,13.90,0.0000,true,1,801
7290000196343,false,מפת ניקול מהודרת לשו,דיספובד,,מפת ניקול מהודרת לשולחן,Unknown,0.00,Unknown,false,1,14.90,0.0000,true,1,1880
7290000196763,false,שקיות אשפה ניקול חזק,אשפלסט,,שקיות אשפה ניקול חזקות 40 יח,יחידה,40.00,יחידה,false,1,16.90,0.4225,true,1,7369
7290000197012,false,שקיות ניקול ריץ רץ 1,קילת,,שקיות ניקול ריץ רץ 19/18 לאיחסון מזון,Unknown,0.00,Unknown,false,1,13.90,0.0000,true,1,546
7290000197029,false,שקיות ניקול ריץ רץ 2,קילת,,שקיות ניקול ריץ רץ 29/28 לאיחסון מזון,Unknown,0.00,Unknown,false,1,13.90,0.0000,true,1,547
7290000197081,false,ניילון נצמד 150 מטר,אופל,,ניילון נצמד 150 מטר חסכוני ניקול,מטרים,150.00,מטר,false,1,26.90,0.1793,true,1,3304
7290000197326,false,זוג רדיד אלומיניום ק,אופל,,זוג רדיד אלומיניום קצר 30/7.5 ניקול,מטרים,15.00,מטר,false,1,13.90,0.9267,true,1,247
7290000197340,false,זוג רדיד אלומיניום א,אופל,,זוג רדיד אלומיניום ארוך 45/7.5 ניקול,מטרים,15.00,מטר,false,1,17.90,1.1933,true,1,1224
7290000197425,false,חיתולי האגיס פרידום,,,חיתולי האגיס פרידום דריי שלב 3 52יח,יחידה,52.00,יחידה,false,1,42.90,0.8250,true,1,11570
7290000197432,false,זוג שקיות אוכל סנדבי,אשפלסט,,זוג שקיות אוכל סנדביצון 150 יח ניקול,יחידה,300.00,יחידה,false,1,13.90,0.0463,true,1,629
7290000197456,false,חיתולי האגיס פרידום,,,חיתולי האגיס פרידום דריי שלב 4 44יח,יחידה,44.00,יחידה,false,1,42.90,0.9750,true,1,1635
7290000197463,false,חיתולי האגיס פרידום,,,חיתולי האגיס פרידום דריי שלב 4+ 42יח,יחידה,42.00,יחידה,false,1,42.90,1.0214,true,1,11571
7290000197470,false,"זוג שקיות רב""ש + 50",אשפלסט,,"זוג שקיות רב""ש + 50 יח חינם ניקול",Unknown,0.00,Unknown,false,1,12.90,0.0000,true,1,609
7290000197548,false,חיתולי האגיס פרידום,,,חיתולי האגיס פרידום דריי שלב 5 38יח,יחידה,38.00,יחידה,false,1,42.90,1.1289,true,1,11572
7290000197654,false,שקיות אשפה ניקול ענק,אשפלסט,,שקיות  אשפה  ענקיות ניקול 45יח 78/90,יחידה,45.00,יחידה,false,16,20.90,0.4644,true,1,2175
7290000197678,false,חיתולי האגיס פרידום,,,חיתולי האגיס פרידום דריי שלב 6 34יח,יחידה,34.00,יחידה,false,1,42.90,1.2618,true,1,11573
7290000197753,false,ניילון נצמד אנטיבקטר,GTC,,ניילון נצמד אנטיבקטריאלי זוג ניקול,Unknown,0.00,Unknown,false,1,13.90,0.0000,true,1,2149
7290000197876,false,מגשית אלומיניום 26 כ,פאלאס,,מגשית אלומיניום 26 כסופה 4 יח ניקול,יחידה,4.00,יחידה,false,1,10.90,2.7250,true,1,2800
7290000197883,false,מגשית אלומיניום 100,פאלאס,,מגשית אלומיניום 100 כסופה 4 יח ניקול,יחידה,4.00,יחידה,false,1,10.90,2.7250,true,1,2801
7290000197951,false,מגשית אלומיניום 200,פאלאס,,מגשית אלומיניום 200 כסופה 2 יח ניקול,יחידה,2.00,יחידה,false,1,10.90,5.4500,true,1,2799
7290000197982,false,זוג רדיד אלומיניום ע,אופל,,זוג רדיד אלומיניום עבה  7.5*45 ניקול,מטרים,15.00,מטר,false,1,24.90,1.6600,true,1,2147
7290000197999,false,זוג רדיד אלומיניום 7,אופל,,זוג רדיד אלומיניום 7.5*30 ניקול,מטרים,15.00,מטר,false,1,13.90,0.9267,true,1,2148
7290000199313,false,תחבושות קוטקס יאנג 2,KC Turkey,,תחבושות קוטקס יאנג 28 יח,יחידה,28.00,יחידה,false,1,19.90,0.7107,true,1,4863
7290000200361,false,חיתולי ספיגה שקמה או,KC USA,,חיתולי ספיגה שקמה אובר נייט אקס אל 14יח,יחידה,14.00,יחידה,false,1,69.90,4.9929,true,1,25533
7290000201818,false,טיטולים פרימיום שלב,חוגלה קימברלי,,טיטולים פרימיום שלב 2 64 יח,יחידה,64.00,יחידה,false,1,29.90,0.4672,true,1,11160
7290000201849,false,טיטולים פרימיום שלב,חוגלה קימברלי,,טיטולים פרימיום שלב 4 42 יח,יחידה,42.00,יחידה,false,1,29.90,0.7119,true,1,11162
7290000201863,false,טיטולים פרימיום שלב,חוגלה קימברלי,,טיטולים פרימיום שלב 5 34 יח,יחידה,34.00,יחידה,false,1,29.90,0.8794,true,1,11164
7290000201979,false,מארז 4יח מגבוני האגי,,,מארז 4יח מגבוני האגיס דיסני לא מבושם,יחידה,224.00,יחידה,false,1,19.90,0.0888,true,1,11831
7290000204086,false,סקוטש לכלים ארוך 2+1,UFO,,סקוטש לכלים ארוך 2+1 רגיל ניקול,יחידה,3.00,יחידה,false,1,13.90,4.6333,true,1,468
7290000204147,false,כרית יפנית 2ב1 רביעי,פלסטו פוליש,,כרית יפנית 2ב1 רביעיה ניקול,יחידה,4.00,יחידה,false,1,13.90,3.4750,true,1,4153
7290000204215,false,שישיית כריות יפנית נ,פלסטו פוליש,,שישיית כריות יפנית ניקול,יחידה,6.00,יחידה,false,1,13.90,2.3167,true,1,942
7290000204239,false,מטליות רצפה ניקול רב,עופרטקס,,מטליות רצפה ניקול רביעיה,Unknown,0.00,Unknown,false,1,13.90,0.0000,true,1,929
7290000204253,false,מטלית רב שימושית ניק,נ.אורים,,מטלית רב שימושית ניקול 9 יח,יחידה,9.00,יחידה,false,1,13.90,1.5444,true,1,928
7290000204307,false,מטלית רב שימושית ניק,נ.אורים,,מטלית רב שימושית ניקול 40 יח,יחידה,40.00,יחידה,false,1,14.90,0.3725,true,1,3630
7290000204512,false,מטליות לחות ניקול לר,,,מטליות לחות ניקול לרצפה לימון,יחידה,10.00,יחידה,false,1,13.90,1.3900,true,1,14284
7290000204611,false,ספוגית הקסם 6 יח ניק,UFO,,ספוגית הקסם 6 יח ניקול,יחידה,6.00,יחידה,false,1,13.90,2.3167,true,1,2798
7290000205526,false,נוזל לריצפה פסגה 2 ל,,,נוזל לריצפה פסגה 2 ל,ליטרים,2.00,ליטר,false,1,12.90,6.4500,true,1,394
7290000205762,false,חיתולי האגיס אקסטרה,חוגלה קימברלי,,חיתולי האגיס אקסטרה קייר מידה 3 48יח,יחידה,48.00,יחידה,false,1,49.90,1.0396,true,1,12266
7290000205915,false,חיתולי האגיס אקסטרה,חוגלה קימברלי,,חיתולי האגיס אקסטרה קייר מידה 4 40יח,יחידה,40.00,יחידה,false,1,49.90,1.2475,true,1,12267
7290000207063,false,רסק עגבניות 28% פריכ,זנלכל,,רסק עגבניות 28% פריכוז 260 גר,גרמים,240.00,100 גרם,false,1,4.90,2.0417,true,1,5298
7290000207162,false,רוטב עגבניות 22% יכי,זנלכל,,רוטב עגבניות 22% יכין 100 ג,גרמים,100.00,100 גרם,false,1,1.90,1.9000,true,1,3793
7290000207438,false,עגבניות קוביות במיץ,זנלכל,,עגבניות קוביות במיץ 800 גר יכין,גרמים,800.00,100 גרם,false,1,9.90,1.2375,true,1,5140
7290000208008,false,רסק פלפל חריסה א/2 י,זנלכל,,רסק פלפל חריסה א/2 יכין,גרמים,550.00,100 גרם,false,1,6.90,1.2545,true,1,1024
7290000208022,false,עגבניות מרוסקות 800,זנלכל,,עגבניות מרוסקות 800 ג יכין,גרמים,800.00,100 גרם,false,1,9.90,1.2375,true,1,481
7290000208077,false,אפונה יכין 550 גרם,זנלכל,,אפונה יכין 550 גרם,גרמים,550.00,100 גרם,false,1,7.90,1.4364,true,1,1270
7290000208091,false,אפונה עדינה א/2 יכין,זנלכל,,אפונה עדינה א/2 יכין,גרמים,560.00,100 גרם,false,1,9.90,1.7679,true,1,1273
7290000208114,false,אפונה וגזר א/2 יכין,זנלכל,,אפונה וגזר א/2 יכין,גרמים,550.00,100 גרם,false,1,7.90,1.4364,true,1,1272
7290000208138,false,סירופ דיאט ענבים יכי,זנלכל,,סירופ דיאט ענבים יכין 1 לי,ליטרים,1.00,ליטר,false,1,16.90,16.9000,true,1,4278
7290000208145,false,תירס גרעינים לייט יכ,זנלכל,,תירס גרעינים לייט יכין 550 גרם,גרמים,550.00,100 גרם,false,1,8.90,1.6182,true,1,1400
7290000208176,false,תפוח אדמה יכין 550 ג,זנלכל,,תפוח אדמה יכין 550 גר,גרמים,550.00,100 גרם,false,1,9.90,1.8000,true,1,1878
7290000208213,false,שעועית אפויה ברוטב א,זנלכל,,שעועית אפויה ברוטב א/2 יכין,גרמים,550.00,100 גרם,false,1,8.90,1.6182,true,1,57
7290000208220,false,שעועית אפויה ברוטב צ,זנלכל,,שעועית אפויה ברוטב צילי א/2 יכין,גרמים,550.00,100 גרם,false,1,9.90,1.8000,true,1,272
7290000208244,false,רוטב שקשוקה יכין 570,זנלכל,,ברוטב שקשוקה יכין 570 גרם,גרמים,570.00,100 גרם,false,1,8.90,1.5614,true,1,1150
7290000208251,false,שעועית ירוקה א/2 יכי,זנלכל,,שעועית ירוקה א/2 יכין,גרמים,550.00,100 גרם,false,1,8.90,1.6182,true,1,60
7290000208268,false,שעועית צהובה א/2 יכי,זנלכל,,שעועית צהובה א/2 יכין,גרמים,550.00,100 גרם,false,1,8.90,1.6182,true,1,64
7290000208312,false,תירס גרעינים ואקום 4,זנלכל,,תירס גרעינים ואקום 340 גר יכין,גרמים,400.00,100 גרם,false,1,6.90,1.7250,true,1,1396
7290000208329,false,תירס גרעינים מתוק יכ,זנלכל,,תירס גרעינים מתוק יכין 550 גרם,גרמים,550.00,100 גרם,false,1,7.90,1.4364,true,1,1394
7290000208336,false,רוטב עגבניות 22% יכי,זנלכל,,רוטב עגבניות 22% יכין 260 גרם,גרמים,240.00,100 גרם,false,1,3.90,1.6250,true,1,3839
7290000208343,false,עגבניות מרוסקות שום,זנלכל,,עגבניות מרוסקות שום 800 ג יכין,גרמים,800.00,100 גרם,false,1,9.90,1.2375,true,1,6659
7290000208350,false,עגבניות מרוסקות בצל,זנלכל,,עגבניות מרוסקות בצל 800 ג יכין,גרמים,800.00,100 גרם,false,1,9.90,1.2375,true,1,4276
7290000208367,false,עגבניות מרוסקות בזיל,זנלכל,,עגבניות מרוסקות בזיליקום 800 ג יכין,גרמים,800.00,100 גרם,false,1,9.90,1.2375,true,1,4277
7290000208404,false,פול מצרי א/2 יכין,זנלכל,,פול מצרי א/2 יכין,גרמים,550.00,100 גרם,false,1,8.90,1.6182,true,1,367
7290000208428,false,חומוס גרעינים א/2 יכ,זנלכל,,חומוס גרעינים א/2 יכין,גרמים,550.00,100 גרם,false,1,8.90,1.6182,true,1,976
7290000208459,false,לקט ירקות יכין 550 ג,זנלכל,,לקט ירקות יכין 550 גרם,גרמים,550.00,100 גרם,false,1,8.90,1.6182,true,1,828
7290000208800,false,תירס ואקום קיד400 ג,זנלכל,,תירס ואקום קיד 340 גר יכין,גרמים,400.00,100 גרם,false,1,6.90,1.7250,true,1,6661
7290000208855,false,רוטב פסטה יכין 240 ג,זנלכל,,רוטב פסטה יכין 260 גר,גרמים,240.00,100 גרם,false,1,5.50,2.2917,true,1,6668
7290000208893,false,תירס גרעינים ואקום ל,זנלכל,,תירס גרעינים ואקום לייט 340 גר יכין,גרמים,400.00,100 גרם,false,1,6.90,1.7250,true,1,6662
7290000208930,false,עגבניות מרוסקות עם ש,זנלכל,,עגבניות מרוסקות עם שום 260 גר,גרמים,240.00,100 גרם,false,1,5.50,2.2917,true,1,6665
7290000208947,false,עגבניות מרוסקות יכין,זנלכל,,עגבניות מרוסקות 260 גר,גרמים,240.00,100 גרם,false,1,5.50,2.2917,true,1,6663
7290000209012,false,חומץ 5% יכין 1 ליטר,זנלכל,,חומץ 5% יכין 1 ליטר,ליטרים,1.00,ליטר,false,1,5.90,5.9000,true,1,979
7290000209043,false,רוטב לימון יכין 1 לי,זנלכל,,רוטב לימון יכין 1 ליטר,ליטרים,1.00,ליטר,false,1,5.90,5.9000,true,1,823
7290000209173,false,חומץ אצטית 5% יכין 1,זנלכל,,חומץ אצטית 5% יכין 1 ליטר,ליטרים,1.00,ליטר,false,1,4.50,4.5000,true,1,981
7290000209371,false,תירס גרעינים שלישייה,קסקמט,,תירס גרעינים שלישייה 165 גרם,גרמים,495.00,100 גרם,false,1,14.90,3.0101,true,1,11060
7290000209388,false,תירס גרעינים לייט של,קסקמט,,תירס גרעינים לייט שלישייה 165 גרם,גרמים,495.00,100 גרם,false,1,14.90,3.0101,true,1,11061
7290000209517,false,סירופ דיאט לימון יכי,זנלכל,,סירופ דיאט לימון יכין 1 לי,ליטרים,1.00,ליטר,false,1,16.90,16.9000,true,1,584
7290000209524,false,סירופ  דיאט פטל יכין,זנלכל,,סירופ  דיאט פטל יכין 1 לי,ליטרים,1.00,ליטר,false,1,16.90,16.9000,true,1,586
7290000209531,false,סירופ דיאט אשכליות י,זנלכל,,סירופ דיאט אשכליות יכין 1 לי,ליטרים,1.00,ליטר,false,1,16.90,16.9000,true,1,583
7290000209555,false,סירופ דיאט תפוחי עץ,זנלכל,,סירופ דיאט תפוחי עץ יכין 1  לי,ליטרים,1.00,ליטר,false,1,16.90,16.9000,true,1,588
7290000209579,false,סירופ דיאט אננס יכין,זנלכל,,סירופ דיאט אננס יכין 1 לי,ליטרים,1.00,ליטר,false,1,16.90,16.9000,true,1,582
7290000209708,false,עגבניות מרוסקות עם ב,זנלכל,,עגבניות מרוסקות עם בזיליקום 260 גר,גרמים,240.00,100 גרם,false,1,5.50,2.2917,true,1,6666
7290000209722,false,פריכוז 28%/30% יכין,זנלכל,,פריכוז 28%/30% יכין 580 גרם,גרמים,580.00,100 גרם,false,1,9.90,1.7069,true,1,111
7290000209906,false,עגבניות מרוסקות עם ב,זנלכל,,עגבניות מרוסקות עם בצל 260 גר,גרמים,240.00,100 גרם,false,1,5.50,2.2917,true,1,6667
7290000209913,false,עגבניות קוביות  יכין,זנלכל,,עגבניות קוביות  יכין 260 גר,גרמים,240.00,100 גרם,false,1,5.50,2.2917,true,1,6664
7290000209944,false,בסיס לשקשוקה יכין240,זנלכל,,בסיס לשקשוקה יכין 260 גר,גרמים,240.00,100 גרם,false,1,5.50,2.2917,true,1,6669
7290000209951,false,רוטב לפיצה יכין 240,זנלכל,,רוטב לפיצה כין 260 גר,גרמים,240.00,100 גרם,false,1,5.50,2.2917,true,1,6671
7290000209968,false,רוטב ללזניה כין 240,זנלכל,,רוטב ללזניה כין 260 גר,גרמים,240.00,100 גרם,false,1,5.50,2.2917,true,1,6670
7290000210469,false,עגבניות מקולפות שלמו,זנלכל,,עגבניות מקולפות שלמות 800 ג יכין,גרמים,800.00,100 גרם,false,1,9.90,1.2375,true,1,6660
7290000210896,false,רוטב פסטה בולונז יכי,זנלכל,,רוטב פסטה בולונז יכין 260 גר,גרמים,240.00,100 גרם,false,1,5.50,2.2917,true,1,6700
7290000211169,false,אורז תאילנדי סוגת 1,סוגת תעשיות בעמ,,אורז תאילנדי סוגת 1 קג,קילוגרמים,1.00,"ק""ג",false,1,6.90,6.9000,true,1,2208
7290000211312,false,אורז מלא ארוך 1 קג ס,סוגת תעשיות בעמ,,אורז מלא ארוך 1 קג סוגת,קילוגרמים,1.00,"ק""ג",false,1,9.90,9.9000,true,1,1241
7290000211374,false,קמח מלא 1 קג סוגת,טחנת קמח דגן-שטיבל,,קמח מלא 1 קג סוגת,קילוגרמים,1.00,"ק""ג",false,1,5.90,5.9000,true,1,168
7290000211381,false,סוכר חום בקרטון 1 קג,"טונגט היולט שוגר בע""",,סוכר חום בקרטון 1 קג סוגת,קילוגרמים,1.00,"ק""ג",false,1,14.90,14.9000,true,1,554
7290000211442,false,אורז פרסי סוגת 1 קג,סוגת תעשיות בעמ,,אורז פרסי סוגת 1 קג,קילוגרמים,1.00,"ק""ג",false,1,10.90,10.9000,true,1,1239
7290000211503,false,סוכר 1 קג סוגת,סוגת תעשיות בעמ,,סוכר 1 קג סוגת,קילוגרמים,1.00,"ק""ג",false,1,4.90,4.9000,true,1,551
7290000211626,false,אורז חיש סוגת 1 קג,סוגת תעשיות בעמ,,אורז חיש סוגת 1 קג,קילוגרמים,1.00,"ק""ג",false,1,10.90,10.9000,true,1,2207
7290000211985,false,אורז עגול 1 קג סוגת,סוגת תעשיות בעמ,,אורז עגול 1 קג סוגת,קילוגרמים,1.00,"ק""ג",false,1,9.90,9.9000,true,1,1242
7290000214115,false,מרק עוף ויטה בצנצנת,,,מרק עוף ויטה בצנצנת 400 גר,גרמים,400.00,100 גרם,false,1,9.90,2.4750,true,1,652
7290000238029,false,בצק עלים מרודד 1 קג,,,בצק עלים מרודד 1 קג,גרמים,1000.00,100 גרם,false,1,18.90,1.8900,true,1,1152
7290000238036,false,מלווח עגול 700 גרם,,,מלווח עגול 700 גרם,גרמים,700.00,100 גרם,false,1,15.90,2.2714,true,1,742
7290000238173,false,בורקס גבינה 800 גרם,,,בורקס גבינה 800 גרם,גרמים,800.00,100 גרם,false,1,17.90,2.2375,true,1,1314
7290000238180,false,בורקס תפוח אדמה 800,,,בורקס תפוח אדמה 800 גרם,גרמים,800.00,100 גרם,false,1,17.90,2.2375,true,1,1319
7290000240541,false,ריבועי בצק עלים 800,,,ריבועי בצק עלים 800 גרם,גרמים,800.00,100 גרם,false,1,18.90,2.3625,true,1,102
7290000244051,false,סבון נוזלי הוואי שלי,הנקל סוד,,סבון נוזלי הוואי שלישיה אדום,ליטרים,1.50,ליטר,false,1,14.90,9.9333,true,1,3473
7290000244082,false,סבון נוזלי הוואי שלי,הנקל סוד,,סבון נוזלי הוואי שלישיה סגול,ליטרים,1.50,ליטר,false,1,14.90,9.9333,true,1,3472
7290000244143,false,קרם  לאחר גילוח הווא,טרופיקל דגיל,,קרם  לאחר גילוח הוואי 120 מל,מיליליטרים,120.00,"100 מ""ל",false,1,15.90,13.2500,true,1,2198
7290000244280,false,משחת גילוח 80 ג מקצי,טרופיקל דגיל,,משחת גילוח 80 ג מקציפה,Unknown,0.00,Unknown,false,1,9.90,0.0000,true,1,20
7290000244631,false,קרם ענוגה גליצרין 80,טרופיקל דגיל,,קרם ענוגה גליצרין 80 ג,גרמים,80.00,100 גרם,false,1,7.90,9.8750,true,1,226
7290000245072,false,מרכך כביסה סוד סופט,,,מרכך כביסה סוד סופט  4 ל בייבי,ליטרים,4.00,ליטר,false,1,18.90,4.7250,true,1,2764
7290000245089,false,מרכך כביסה סוד סופט,,,מרכך כביסה סוד סופט 4 ל לבן,ליטרים,4.00,ליטר,false,1,18.90,4.7250,true,1,561
7290000245157,false,מרכך כביסה סוד סופט,,,מרכך כביסה סוד סופט 4 ל סנסיישין,ליטרים,4.00,ליטר,false,1,18.90,4.7250,true,1,2916
7290000245270,false,פרסיל סופרה ירוק 1.2,,,פרסיל סופרה ירוק 1.25 קג,קילוגרמים,1.25,"ק""ג",false,1,15.90,12.7200,true,1,2531
7290000245287,false,א.כביסה פרסיל קולור,,,א.כביסה פרסיל קולור 1.25 קג בשקית,קילוגרמים,1.25,"ק""ג",false,1,15.90,12.7200,true,1,2532
7290000245294,false,א.כביסה פרסיל סופרא,,,א.כביסה פרסיל סופרא 2.5 קג שקית,קילוגרמים,2.50,"ק""ג",false,1,19.90,7.9600,true,1,4302
7290000245782,false,מרכך כביסה סוד סופט,,,מרכך כביסה סוד סופט 4 ל ורוד,ליטרים,4.00,ליטר,false,1,18.90,4.7250,true,1,559
7290000245799,false,מרכך כביסה סוד סופט,,,מרכך כביסה סוד סופט 4 ל תכלת,ליטרים,4.00,ליטר,false,1,18.90,4.7250,true,1,560
7290000253220,false,שוקולד ציפס לאפיה 26,אופנהיימר,IL,שוקולד ציפס לאפיה 260 גר אופנהיימר,גרמים,260.00,100 גרם,false,1,12.90,4.9615,true,1,146
7290000253251,false,שוקולד ציפס לבן לאפי,אופנהיימר,IL,שוקולד ציפס לבן לאפיה 250 גר אופנהיימר,גרמים,250.00,100 גרם,false,1,12.90,5.1600,true,1,2515
7290000253374,false,שוקולד ציפס לאפיה66%,אופנהיימר,IL,שוקולד ציפס לאפיה66%מוצקי קקאו 250 גרם,גרמים,250.00,100 גרם,false,20,14.90,5.9600,true,1,31569
7290000253411,false,סוכריות לקישוט צבעונ,אופנהיימר,IL,סוכריות לקישות צבעוני 80 גרם,Unknown,0.00,Unknown,false,12,4.90,0.0000,true,1,21673
7290000253459,false,נטיפי ציפס טעם קרמל,אופנהיימר,IL,נטיפי ציפס טעם קרמל אופנהיימר 250 גרם,גרמים,300.00,100 גרם,false,1,12.90,4.3000,true,1,26473
7290000253572,false,סוכריות לקישות חום 8,אופנהיימר,IL,סוכריות לקישות חום 80 גרם,Unknown,0.00,Unknown,false,12,4.90,0.0000,true,1,21672
7290000253800,false,סוכריות לקישות צבעים,אופנהיימר,IL,סוכריות לקישות צבעים טבעיים 90 גרם,Unknown,0.00,Unknown,false,12,8.50,0.0000,true,1,21674
7290000254197,false,קפה אספרסו זהב 200 ג,,,קפה אספרסו זהב 200 גרם,גרמים,200.00,100 גרם,false,1,24.90,12.4500,true,1,189
7290000260839,false,משקה קל ספרינג תפוז,יפאורה,,משקה קל ספרינג תפוז 1.5 ל,ליטרים,1.50,ליטר,false,1,8.20,5.4667,true,1,2231
7290000262031,false,נייר טואלט מולט לב א,חוגלה קימברלי,,נייר טואלט מולט לב אדום 32 יח,יחידה,32.00,יחידה,false,1,26.90,0.8406,true,1,7122
7290000262161,false,נייר טואלט מולט לב א,חוגלה קימברלי,,נייר טואלט מולט לב אדום 40 יח חורף,יחידה,40.00,יחידה,false,1,35.90,0.8975,true,1,3739
7290000262239,false,נייר טואלט מולט לב א,חוגלה קימברלי,,נייר טואלט מולט לב אדום 48 יח,יחידה,48.00,יחידה,false,1,39.90,0.8312,true,1,3779
7290000262413,false,חיתולי האגיס אקסטרה,חוגלה קימברלי,,חיתולי האגיס אקסטרה קייר מידה 5 34יח,יחידה,34.00,יחידה,false,1,49.90,1.4676,true,1,12268
7290000263359,false,חיתולי האגיס ליטל בי,KC טורקיה,,חיתולי האגיס ליטל בייביס מידה 1 עד 6קג,יחידה,40.00,יחידה,false,1,29.90,0.7475,true,1,6747
7290000264752,false,רדיד אלומיניום בעיצו,,,רדיד אלומיניום בעיצוב מיוחד 7.5מטר,מטרים,7.50,מטר,false,1,12.90,1.7200,true,1,11654
7290000267012,false,שקד מולבן שלם 100 גר,"דין שיווק וקלייה בע""",,שקד מולבן שלם 100 גרם,גרמים,100.00,100 גרם,false,1,10.90,10.9000,true,1,74
7290000267029,false,שקד מולבן חצוי 100 ג,"דין שיווק וקלייה בע""",,שקד מולבן חצוי 100 גרם,גרמים,100.00,100 גרם,false,1,10.90,10.9000,true,1,71
7290000267036,false,שקד מולבן משובב 100,"דין שיווק וקלייה בע""",,שקד מולבן משובב 100 גרם,גרמים,100.00,100 גרם,false,1,10.90,10.9000,true,1,72
7290000267043,false,שקד מולבן פרוס 100 ג,"דין שיווק וקלייה בע""",,שקד מולבן פרוס 100 גרם,גרמים,100.00,100 גרם,false,1,10.90,10.9000,true,1,73
7290000267050,false,שקד טבעי טחון 100 גר,"דין שיווק וקלייה בע""",,שקד טבעי טחון 100 גרם,גרמים,100.00,100 גרם,false,1,10.90,10.9000,true,1,69
7290000267104,false,שקד טבעי גרוס 100 גר,"דין שיווק וקלייה בע""",,שקד טבעי גרוס 100 גרם,גרמים,100.00,100 גרם,false,1,10.90,10.9000,true,1,70
7290000267548,false,אגוז מלך טחון 100 גר,"דין שיווק וקלייה בע""",,אגוז מלך טחון 100 גר,גרמים,100.00,100 גרם,false,1,10.90,10.9000,true,1,4859
7290000267555,false,בוטן גרוס טבעי 100 ג,"דין שיווק וקלייה בע""",,בוטן טחון 100 גר,גרמים,100.00,100 גרם,false,1,4.50,4.5000,true,1,4860
7290000267586,false,גרעיני חמניה מקולפים,"דין שיווק וקלייה בע""",,גרעיני חמניה מקולפים 150 גר,גרמים,150.00,100 גרם,false,1,4.90,3.2667,true,1,4862
7290000267678,false,גרעיני דלעת מקולפים,"דין שיווק וקלייה בע""",,גרעיני דלעת מקולפים 150 גר,גרמים,150.00,100 גרם,false,1,7.90,5.2667,true,1,4861
7290000272443,false,סירופ דיאט תפוז 1 ל,בית השיטה,,סירופ דיאט תפוז 1 ל צבעים טבעיים,ליטרים,1.00,ליטר,false,1,16.90,16.9000,true,1,599
7290000272467,false,סירופ  דיאט פטל 1 ל,בית השיטה,,סירופ  דיאט פטל 1 ל צבעים טבעיים,ליטרים,1.00,ליטר,false,1,16.90,16.9000,true,1,597
7290000272696,false,עסיס מיץ לימון משומר,בית השיטה,,עסיס מיץ לימון משומר 1 ליטר,ליטרים,1.00,ליטר,false,1,9.90,9.9000,true,1,520
7290000272726,false,חומץ טבעי 5%  עסיס 1,בית השיטה,,חומץ טבעי 5%  עסיס 1 לי,ליטרים,1.00,ליטר,false,1,6.90,6.9000,true,1,519
7290000286228,false,כרית לניקוי סנו סושי,,,כרית לניקוי סנו סושי 6 יח,יחידה,6.00,יחידה,false,1,12.90,2.1500,true,1,440
7290000286297,false,מסיר אבן מקומקום סנו,,,מסיר אבן מקומקום סנו אנטיקאלק 700 מל,מיליליטרים,700.00,"100 מ""ל",false,1,9.90,1.4143,true,1,643
7290000286549,false,מטלית לכל סנו סושי 9,,,מטלית לכל סנו סושי 9 יח,Unknown,0.00,Unknown,false,1,12.90,0.0000,true,1,931
7290000286594,false,סנו איקס לימון במיכל,,,סנו איקס לימון במיכל,יחידה,600.00,יחידה,false,1,9.90,0.0165,true,1,2327
7290000286631,false,סנו איקס לימון מילוי,,,סנו איקס לימון מילוי,גרמים,600.00,100 גרם,false,1,6.90,1.1500,true,1,2328
7290000286761,false,זוג ניילון נצמד סנו,,,זוג ניילון נצמד סנו סושי 30/7.5 סמ,יחידה,2.00,יחידה,false,1,12.90,6.4500,true,1,409
7290000286877,false,סנו רב מתכת,,,סנו רב מתכת,מיליליטרים,370.00,"100 מ""ל",false,1,25.90,7.0000,true,1,442
7290000286891,false,נוזל ריצפה מגן קריסט,,,נוזל ריצפה מגן קריסטל 1 ל סנו,ליטרים,1.00,ליטר,false,1,22.90,22.9000,true,1,642
7290000286921,false,סנוקל רסס כבס 750 מל,סנו,,סנוקל רסס כבס 750 מל,מיליליטרים,750.00,"100 מ""ל",false,1,12.90,1.7200,true,1,2050
7290000287102,false,שמפו לניקוי שטיחים ס,,,שמפו לניקוי שטיחים סנו 540 מל,מיליליטרים,540.00,"100 מ""ל",false,1,19.90,3.6852,true,1,445
7290000287195,false,ספריי לניקוי רהיטים,,,ספריי לניקוי רהיטים סנו רהיט 230 גר,מיליליטרים,230.00,"100 מ""ל",false,1,14.90,6.4783,true,1,444
7290000287355,false,סנו סופר פוליש 1 ליט,,,סנו סופר פוליש 1 ליטר,ליטרים,1.00,ליטר,false,1,21.90,21.9000,true,1,438
7290000287409,false,סבון אסלה סנובון שלי,,,סבון אסלה סנובון שלישיה תות,יחידה,3.00,יחידה,false,1,11.90,3.9667,true,1,449
7290000287430,false,סבון אסלה סנובון שלי,,,סבון אסלה סנובון שלישיה לימון,יחידה,3.00,יחידה,false,1,11.90,3.9667,true,1,3649
7290000287485,false,סבון אסלה סנובון שלי,,,סבון אסלה סנובון שלישיה לובר,גרמים,165.00,100 גרם,false,1,11.90,7.2121,true,1,3650
7290000287492,false,סנובון נוזלי לימון 7,,,סנובון נוזלי לימון 750 מל,מיליליטרים,750.00,"100 מ""ל",false,1,9.90,1.3200,true,1,448
7290000287607,false,סבון אסלה סנו בלו גד,,,סבון אסלה סנו בלו גדול 150 מל,מיליליטרים,150.00,"100 מ""ל",false,1,16.90,11.2667,true,1,2325
7290000287621,false,נוזל אסלה סנו אנטי,,,נוזל אסלה סנו אנטי  קאלק 750 מל,מיליליטרים,750.00,"100 מ""ל",false,1,9.90,1.3200,true,1,2324
7290000288000,false,סנו ארון פרש קלאסיק,,,סנו ארון פרש קלאסיק,Unknown,0.00,Unknown,false,1,22.90,0.0000,true,1,1285
7290000288017,false,סנו זאוול לימון 1 לי,,,סנו זאוול לימון 1 ליטר,ליטרים,1.00,ליטר,false,1,8.50,8.5000,true,1,631
7290000288024,false,נוזל סנו זאול לימון,,,נוזל סנו זאול לימון 4 ליטר,ליטרים,4.00,ליטר,false,1,15.90,3.9750,true,1,1
7290000288031,false,נוזל סנו אקונומיקה 4,,,נוזל סנו אקונומיקה 4 ליטר תו תקן,ליטרים,4.00,ליטר,false,1,9.90,2.4750,true,1,638
7290000288048,false,סנו זאול מרסס מונבלא,,,סנו זאול מרסס מונבלאן 1 ליטר,ליטרים,1.00,ליטר,false,1,17.90,17.9000,true,1,636
7290000288079,false,סנו זאוול לימון 2 לי,,,סנו זאוול לימון 2 ליטר,ליטרים,2.00,ליטר,false,1,9.90,4.9500,true,1,1119
7290000288086,false,אבקת ניקוי סנו זאוול,,,אבקת ניקוי סנו זאוול מילוי,גרמים,600.00,100 גרם,false,1,10.90,1.8167,true,1,2049
7290000288109,false,אב.כביסה מקסימה זאוו,,,אב.כביסה מקסימה זאוול 1.25 קג,קילוגרמים,1.25,"ק""ג",false,1,13.90,11.1200,true,1,81
7290000288253,false,קיי 400 קוטל זבובים,,,קיי 400 קוטל זבובים ויתושים 630 מל,מיליליטרים,630.00,"100 מ""ל",false,1,21.90,3.4762,true,1,1306
7290000288291,false,טבליות סנומט נגד יתו,,,טבליות סנומט נגד יתושים 30 יח,יחידה,30.00,יחידה,false,1,12.90,0.4300,true,1,451
7290000288352,false,קיי 300 קוטל תיקנים,,,קיי 300 קוטל תיקנים 630 מל,מיליליטרים,630.00,"100 מ""ל",false,1,22.90,3.6349,true,1,1305
7290000288383,false,קיי 500 קוטל נמלים 4,,,קיי 500 קוטל נמלים 400 מל,מיליליטרים,400.00,"100 מ""ל",false,1,21.90,5.4750,true,1,1307
7290000288390,false,קיי 600 קוטל יתושים,,,קיי 600 קוטל יתושים מזיקים 475 מל,מיליליטרים,475.00,"100 מ""ל",false,1,21.90,4.6105,true,1,1308
7290000288413,false,סנו די נגד יתושים רו,,,סנו די נגד יתושים רול און,מיליליטרים,50.00,"100 מ""ל",false,1,17.90,35.8000,true,1,639
7290000288420,false,סנו די תרסיס,,,סנו די תרסיס,מיליליטרים,125.00,"100 מ""ל",false,1,17.90,14.3200,true,1,641
7290000288444,false,סנו די נוזל+משאבה,,,סנו די נוזל+משאבה,מיליליטרים,50.00,"100 מ""ל",false,1,17.90,35.8000,true,1,640
7290000288659,false,דוחה יתושים  סנו די,,,דוחה יתושים  סנו די גונגל 50מל,מיליליטרים,50.00,"100 מ""ל",false,1,17.90,35.8000,true,1,17481
7290000288727,false,אב.כביסה מקסימה מאסק,,,אב.כביסה מקסימה מאסק 1.25 קג,קילוגרמים,1.25,"ק""ג",false,1,13.90,11.1200,true,1,82
7290000288840,false,מים מזוקקים 2 ליטר,,,מים מזוקקים 2 ליטר,ליטרים,2.00,ליטר,false,1,12.90,6.4500,true,1,724
7290000289069,false,סנו זאוול מרסס לימון,,,סנו זאוול מרסס לימון 1 ליטר,ליטרים,1.00,ליטר,false,1,17.90,17.9000,true,1,635
7290000289380,false,סנו זאוול לאסלות גל,,,סנו זאוול לאסלות גל לימון 750 מל,מיליליטרים,750.00,"100 מ""ל",false,1,11.90,1.5867,true,1,637
7290000289472,false,סנו סושי שקיות 90*76,,,סנו סושי שקיות 90*76 מרשרש 50 יח,יחידה,50.00,יחידה,false,1,18.90,0.3780,true,1,243
7290000289496,false,סנו זאוול גל קרם לימ,,,סנו זאוול גל קרם לימון 750 מל,מיליליטרים,750.00,"100 מ""ל",false,1,11.90,1.5867,true,1,2329
7290000289595,false,מש.שיניים אורביטול י,,,מש.שיניים אורביטול ילדים תות,גרמים,145.00,100 גרם,false,1,7.90,5.4483,true,1,2350
7290000289601,false,סנו זאוול לבנדר 2 לי,,,סנו זאוול לבנדר 2 ליטר,ליטרים,2.00,ליטר,false,1,9.90,4.9500,true,1,633
7290000289748,false,מסיר שומנים סנו פורט,,,מסיר שומנים סנו פורטה פלוס 750 מל,מיליליטרים,750.00,"100 מ""ל",false,1,14.90,1.9867,true,1,441
7290000289885,false,מטהר אוויר סנופרש יב,,,מטהר אוויר סנופרש יבש אושן בריז 375 מל,מיליליטרים,375.00,"100 מ""ל",false,1,11.90,3.1733,true,1,26183
7290000289892,false,מטהר אוויר סנופרש יב,,,מטהר אוויר סנופרש יבש טורקיז 375 מל,מיליליטרים,375.00,"100 מ""ל",false,1,11.90,3.1733,true,1,26184
7290000291857,false,נוזל רצפה פוליוקס 2,,,נוזל רצפה פוליוקס 2 ליטר גולדן,ליטרים,2.00,ליטר,false,1,19.90,9.9500,true,1,373
7290000291932,false,סנובון נוזלי בניחוח,,,סנובון נוזלי בניחוח לבנדר 750 מל,מיליליטרים,750.00,"100 מ""ל",false,1,9.90,1.3200,true,1,447
7290000291956,false,סנו זאוול לבנדר 1 לי,,,סנו זאוול לבנדר 1 ליטר,ליטרים,1.00,ליטר,false,1,8.50,8.5000,true,1,632
7290000291963,false,סנו זאוול סמיכה 1 לי,,,סנו זאוול סמיכה 1 ליטר,ליטרים,1.00,ליטר,false,1,8.50,8.5000,true,1,630
7290000292007,false,סנו קיי 3 פיתיון גל,סנו,IL,סנו קיי 3 פיתיון גל במזרק קוטל תיקנים,Unknown,0.00,Unknown,false,12,49.90,0.0000,true,1,19665
7290000292137,false,סנו מנקה עור נוזלי,,,סנו מנקה עור נוזלי,מיליליטרים,500.00,"100 מ""ל",false,1,29.90,5.9800,true,1,791
7290000292311,false,נוזל רצפה פוליויקס ס,,,נוזל רצפה פוליויקס סחלבים 2 ליטר,ליטרים,2.00,ליטר,false,1,19.90,9.9500,true,1,374
7290000292434,false,סנו רהיט שקית מילוי,,,סנו רהיט שקית מילוי,מיליליטרים,500.00,"100 מ""ל",false,1,13.90,2.7800,true,1,80
7290000292502,false,קוטל נמלים קיי 800 ב,,,קוטל נמלים קיי 800 בניחוח לבנדר 300מל,מיליליטרים,300.00,"100 מ""ל",false,12,19.90,6.6333,true,1,1326
7290000292533,false,גל לניקוי סנו כחול 1,,,גל לניקוי סנו כחול 1 ל,ליטרים,1.00,ליטר,false,1,17.90,17.9000,true,1,2317
7290000292557,false,סנומט נוזל מילוי 45,,,סנומט נוזל מילוי 45 לילות,יחידה,45.00,יחידה,false,1,16.90,0.3756,true,1,452
7290000292564,false,קיי 2000 מיקרו קפסול,,,קיי 2000 מיקרו קפסולרי,מיליליטרים,750.00,"100 מ""ל",false,1,29.90,3.9867,true,1,1329
7290000292687,false,סבון אסלה סנובון כחו,,,סבון אסלה סנובון כחול שלישיה,יחידה,3.00,יחידה,false,1,14.90,4.9667,true,1,446
7290000292939,false,סנו אקוה בלו לניקוי,,,סנו אקוה בלו לניקוי וחיטוי,מיליליטרים,106.00,"100 מ""ל",false,1,12.90,12.1698,true,1,2326
7290000293073,false,מרכך כביסה סנומקסימה,,,מרכך כביסה סנומקסימה 4 ל ביו,ליטרים,4.00,ליטר,false,1,21.90,5.4750,true,1,621
7290000293516,false,סנו סופג לחות קופסא,,,סנו סופג לחות קופסא,גרמים,340.00,100 גרם,false,1,26.90,7.9118,true,1,2334
7290000293530,false,סנו סופג לחות מילוי,,,סנו סופג לחות מילוי,גרמים,340.00,100 גרם,false,1,14.90,4.3824,true,1,2335
7290000293820,false,גל רחצה קרמה אקטיב ב,,,גל רחצה קרמה אקטיב בלוק 700 מל,מיליליטרים,700.00,"100 מ""ל",false,1,14.90,2.1286,true,1,18658
7290000293837,false,דאודורנט קרמה גל אנט,,,דאודורנט קרמה גל אנטיפרספירנט 70מל,Unknown,0.00,Unknown,false,12,15.90,0.0000,true,1,18659
7290000293943,false,מסיר אבנית  וחלודה א,,,מסיר אבנית  וחלודה אנטי קלאק 1 ל,ליטרים,1.00,ליטר,false,1,16.90,16.9000,true,1,1260
7290000294414,false,מטהר אוויר סנומוד מד,,,מטהר אוויר סנומוד מדונה,מיליליטרים,150.00,"100 מ""ל",false,1,11.90,7.9333,true,1,450
7290000294575,false,סנו סושי רב מגבת,,,סנו סושי רב מגבת,יחידה,20.00,יחידה,false,1,10.90,0.5450,true,1,2343
7290000294773,false,סנו זאוול מונבלאן 4,,,סנו זאוול מונבלאן 4 ליטר,ליטרים,4.00,ליטר,false,1,15.90,3.9750,true,1,634
7290000294780,false,נוזל סנו זאוול סמיכה,,,נוזל סנו זאוול סמיכה 4 ליטר,ליטרים,4.00,ליטר,false,1,15.90,3.9750,true,1,1328
7290000295121,false,מטלית זיגזג שלישיה,,,מטלית זיגזג שלישיה,יחידה,3.00,יחידה,false,1,12.90,4.3000,true,1,930
7290000295299,false,כרית ניקוי אקטיב סנו,,,כרית ניקוי אקטיב סנו סושי 4 יח,יחידה,4.00,יחידה,false,1,12.90,3.2250,true,1,2348
7290000295336,false,אב.כביסה מקסימה סנסי,,,אב.כביסה מקסימה סנסיטיב 1.25 קג,קילוגרמים,1.25,"ק""ג",false,1,13.90,11.1200,true,1,83
7290000295343,false,אב.כביסה מקסימה ביו,,,אב.כביסה מקסימה ביו  1.25 קג,קילוגרמים,1.25,"ק""ג",false,1,13.90,11.1200,true,1,84
7290000295367,false,אב.כביסה מקסימה אפקט,סנו,,אב.כביסה מקסימה אפקט זאוול 2.5 קג,קילוגרמים,2.50,"ק""ג",false,1,24.90,9.9600,true,1,2337
7290000295404,false,שקית אשפה 60 יח סנו,,,שקית אשפה  60 יח סנו סושי 50/70,יחידה,60.00,יחידה,false,1,21.90,0.3650,true,1,2314
7290000295541,false,רב מגבת סנו סושי גמב,,,רב מגבת סנו סושי גמבו,יחידה,1.00,יחידה,false,1,17.90,17.9000,true,1,242
7290000295558,false,זוג רדיד אלומיניום ק,סנו,,זוג רדיד אלומיניום קצר 30*7.5 סנו סושי,יחידה,2.00,יחידה,false,1,12.90,6.4500,true,1,2344
7290000295565,false,זוג רדיד אלומיניום ס,,,זוג רדיד אלומיניום סושי ארוך 45*7.5,יחידה,2.00,יחידה,false,1,18.90,9.4500,true,1,286
7290000295572,false,זוג נוזל לניקוי אסלו,,,זוג נוזל לניקוי אסלות סנו 750 מל,ליטרים,1.50,ליטר,false,1,18.90,12.6000,true,1,285
7290000295589,false,בייבי כיף טלק לתינוק,,,בייבי כיף טלק לתינוק 200 גר,גרמים,200.00,100 גרם,false,1,16.90,8.4500,true,1,3118
7290000295749,false,ספוג סאקי מסאז סנו כ,,,ספוג סאקי מסאז סנו כיף,Unknown,0.00,Unknown,false,1,10.90,0.0000,true,1,24
7290000295794,false,סנו ספוגית אל חלד,,,סנו ספוגית אל חלד,יחידה,3.00,יחידה,false,1,11.90,3.9667,true,1,2349
7290000295824,false,רדיד אלומיניום 100 מ,,,רדיד אלומיניום 100 מ סנו סושי,מטרים,100.00,מטר,false,1,59.90,0.5990,true,1,3120
7290000299907,false,דאודורנט פינק רול או,פישר תעשיות,,דאודורנט פינק רול און 100מל,מיליליטרים,100.00,"100 מ""ל",false,20,15.90,15.9000,true,1,19892
7290000300900,false,שניצל תירס טבעול 750,טבעול ישראל,,שניצל תירס טבעול 750 גר,גרמים,750.00,100 גרם,false,1,29.90,3.9867,true,1,51
7290000303581,false,פול מצרי א/2 פרי גלי,,,פול מצרי א/2 פרי גליל,גרמים,668.00,100 גרם,false,1,6.50,0.9731,true,1,369
7290000303598,false,שעועית לבנה אפויה במ,,,שעועית לבנה אפויה במיץ עגב א/2 פרי גליל,גרמים,550.00,100 גרם,false,1,6.50,1.1818,true,1,58
7290000307046,false,אפונת גינה וגזר א/2,,,אפונת גינה וגזר א/2 פרי גליל,גרמים,640.00,100 גרם,false,1,6.90,1.0781,true,1,1274
7290000307220,false,תירס גרעינים מתוק וא,,,תירס גרעינים מתוק ואקום 340 ג פרי גליל,גרמים,340.00,100 גרם,false,1,6.00,1.7647,true,1,1393
7290000307237,false,תירס גרעינים מתוק א/,,,תירס גרעינים מתוק א/2 פרי גליל,גרמים,580.00,100 גרם,false,1,6.90,1.1897,true,1,1055
7290000307800,false,פול ירוק קפוא 800 גר,פרי גליל,,פול ירוק קפוא 800 גר פרי גליל,גרמים,800.00,100 גרם,false,1,13.90,1.7375,true,1,4527
7290000311128,false,עוגיות מן טעם חמאה 3,רוקחמן,,עוגיות מן טעם חמאה 300 גר,גרמים,300.00,100 גרם,false,1,6.90,2.3000,true,1,9392
7290000311203,false,וופל שוקו מן 200 גר,רוקחמן,,וופל שוקו מן 200 גר,גרמים,200.00,100 גרם,false,1,4.90,2.4500,true,1,4253
7290000311210,false,וופל לימון מן 200 גר,רוקחמן,,וופל לימון מן 200 גר,גרמים,200.00,100 גרם,false,1,4.90,2.4500,true,1,10777
7290000311227,false,וופל קפה מן 200 גר,רוקחמן,,וופל קפה מן 200 גר,גרמים,200.00,100 גרם,false,1,4.90,2.4500,true,1,10775
7290000311708,false,עוגיות מן חיטה מלאה,רוקחמן,,עוגיות מן חיטה מלאה 300 גר,גרמים,300.00,100 גרם,false,1,6.90,2.3000,true,1,4255
7290000311715,false,עוגיות מן טעם שוקו 3,רוקחמן,,עוגיות מן טעם שוקו 300 גר,גרמים,300.00,100 גרם,false,1,6.90,2.3000,true,1,4256
7290000311722,false,עוגיות מן כוכבים 300,רוקחמן,,עוגיות מן כוכבים 300 גר,גרמים,300.00,100 גרם,false,1,6.90,2.3000,true,1,9394
7290000311869,false,וופל מן שוקולד ללא ס,,,וופל מן שוקולד ללא סוכר 180 גרם,גרמים,180.00,100 גרם,false,1,7.90,4.3889,true,1,13855
7290000311876,false,וופל מן וניל ללא סוכ,,,וופל מן וניל ללא סוכר 180 גרם,גרמים,180.00,100 גרם,false,1,7.90,4.3889,true,1,13856
7290000311890,false,וופל מן לימון ללא סו,,,וופל מן לימון ללא סוכר 180 גרם,גרמים,180.00,100 גרם,false,1,7.90,4.3889,true,1,44265
7290000313160,false,עוגיות זהבה ושלושת ה,"אסם תעשיות בע""מ",,עוגיות זהבה ושלושת הדובים שוקולד 250 ג,גרמים,250.00,100 גרם,false,1,8.00,3.2000,true,1,1750
7290000313290,false,אטריות נודלס מסולסלו,טאי רזידנט,,נודלס  אסם אטריות מסולסלות 200 ג,גרמים,200.00,100 גרם,false,1,9.90,4.9500,true,1,1628
7290000315126,false,ציר עוף קנור 300 גרם,יוניליוור,,ציר עוף קנור 300 גרם,גרמים,300.00,100 גרם,false,1,24.90,8.3000,true,1,4047
7290000315133,false,ציר בקר קנור 300 גרם,יוניליוור,,ציר בקר קנור 300 גרם,גרמים,300.00,100 גרם,false,1,24.90,8.3000,true,1,4048
7290000315140,false,קורנפלקס מלא 500 גר,יוניליוור,,קורנפלקס מלא 500 גר בדץ,גרמים,500.00,100 גרם,false,1,22.90,4.5800,true,1,9608
7290000318011,false,נקניקיות ענקיות 1 קג,,,נקניקיות ענקיות 1 קג,קילוגרמים,1.00,"ק""ג",false,,29.90,29.9000,true,1,7847
7290000318103,false,פסטרמה ברביקיו במשקל,,,פסטרמה ברביקיו במשקל,קילוגרמים,1.00,"ק""ג",true,,69.00,69.0000,true,1,2963
7290000318127,false,נקניקיות ביס 380 גרם,,,נקניקיות ביס 380 גרם,גרמים,380.00,100 גרם,false,1,11.90,3.1316,true,1,3004
7290000318165,false,פסטרמה צלויה על גחלי,,,פסטרמה צלויה על גחלים במשקל,קילוגרמים,1.00,"ק""ג",true,,69.00,69.0000,true,1,2972
7290000318288,false,פסטרמה חזה הודו בדבש,,,פסטרמה חזה הודו בדבש במשקל,קילוגרמים,1.00,"ק""ג",true,,69.00,69.0000,true,1,3762
7290000318349,false,פסטרמה בסגנון איטלקי,מעדני יחיעם,,פסטרמה בסגנון איטלקי במשקל,קילוגרמים,1.00,"ק""ג",true,,69.00,69.0000,true,1,4906
7290000318363,false,פסטרמה ברביקיו לבגט,מעדני יחיעם,,פסטרמה ברביקיו לבגט במשקל,קילוגרמים,1.00,"ק""ג",true,,69.00,69.0000,true,1,14760
7290000318479,false,נקניק פרושוטו עגל 10,,,נקניק פרושוטו עגל 100 ג,גרמים,100.00,100 גרם,false,1,22.90,22.9000,true,1,3683
7290000318493,false,כתף בקר מפולפל במשקל,,,כתף בקר מפולפל במשקל,קילוגרמים,1.00,"ק""ג",true,,119.00,119.0000,true,1,4837
7290000318530,false,רוסטביף צלי בקר במשק,,,רוסטביף צלי בקר במשקל,קילוגרמים,1.00,"ק""ג",true,,119.00,119.0000,true,1,2985
7290000318677,false,נקניק סלמי סרוולט 15,,,נקניק סלמי סרוולט 150 גר שינגל,גרמים,150.00,100 גרם,false,1,23.90,15.9333,true,1,4945
7290000318707,false,נקניק סלמי מעושן יח,,,נקניק סלמי מעושן יח,גרמים,500.00,100 גרם,false,1,29.90,5.9800,true,1,2993
7290000318806,false,סלמי סרוולט במשקל,,,סלמי סרוולט במשקל,קילוגרמים,1.00,"ק""ג",true,,169.00,169.0000,true,1,2991
7290000318837,false,קורנדביף בקר במשקל,,,קורנדביף בקר במשקל,קילוגרמים,1.00,"ק""ג",true,,119.00,119.0000,true,1,2984
7290000318851,false,סלמי קוניאק במשקל,,,סלמי קוניאק במשקל,קילוגרמים,1.00,"ק""ג",true,,89.00,89.0000,true,1,2986
7290000318868,false,סלמי פפרוני במשקל,,,סלמי פפרוני במשקל,קילוגרמים,1.00,"ק""ג",true,,79.00,79.0000,true,1,2987
7290000318882,false,סלמי מעושן איטלקי במ,,,סלמי מעושן איטלקי במשקל,קילוגרמים,1.00,"ק""ג",true,,69.00,69.0000,true,1,2990
7290000318899,false,סלמי פיין במשקל,,,סלמי פיין במשקל,קילוגרמים,1.00,"ק""ג",true,,45.00,45.0000,true,1,2988
7290000318929,false,סלמי צרפתי במשקל,,,סלמי צרפתי במשקל,קילוגרמים,1.00,"ק""ג",true,,169.00,169.0000,true,1,2992
7290000318943,false,פסטרמה של פעם 200 גר,,,פסטרמה של פעם 200 גר שינגל,גרמים,200.00,100 גרם,false,1,22.90,11.4500,true,1,4946
7290000319063,false,כתף בקר מעושן בציפוי,מעדני יחיעם,,כתף בקר מעושן בציפוי פלפל 150 גרם,גרמים,150.00,100 גרם,false,1,25.90,17.2667,true,1,3003
7290000319124,false,סלמי סרוולט 250 ג,,,סלמי סרוולט 250 ג,גרמים,250.00,100 גרם,false,1,33.90,13.5600,true,1,3000
7290000319131,false,נקניקיות עוף 400 גרם,,,נקניקיות עוף 400 גרם יחיעם,גרמים,400.00,100 גרם,false,1,11.90,2.9750,true,1,3005
7290000319339,false,סלמי פרח במשקל,,,סלמי פרח במשקל,קילוגרמים,1.00,"ק""ג",true,,89.00,89.0000,true,1,8606
7290000319520,false,נקניק סלמי צרפתי 100,,,נקניק סלמי צרפתי 100 ג,גרמים,100.00,100 גרם,false,1,20.90,20.9000,true,1,3684
7290000319704,false,כתף בקר מעושן במשקל,,,כתף בקר מעושן במשקל,קילוגרמים,1.00,"ק""ג",true,,109.00,109.0000,true,1,2983
7290000319728,false,סלמי איטלקי מפולפל ב,,,סלמי איטלקי מפולפל במשקל,קילוגרמים,1.00,"ק""ג",true,,80.00,80.0000,true,1,2989
7290000319759,false,נקניק סלמי תה מעדניי,,,נקניק סלמי תה מעדנייה במשקל,קילוגרמים,1.00,"ק""ג",true,,45.00,45.0000,true,1,10457
7290000319803,false,קבנוס קלאסי 125 גרם,,,קבנוס קלאסי 125 גרם,גרמים,125.00,100 גרם,false,1,11.90,9.5200,true,1,11433
7290000319834,false,קבנוס פפרוני 125 גרם,,,קבנוס פפרוני 125 גרם,גרמים,125.00,100 גרם,false,1,11.90,9.5200,true,1,11434
7290000319841,false,פסטרמה מהמעשנה במשקל,,,פסטרמה מהמעשנה במשקל,קילוגרמים,1.00,"ק""ג",true,,69.00,69.0000,true,1,42766
7290000319971,false,פסטרמה צלעות בקר על,,,צלעות בקר על האש במשקל,קילוגרמים,1.00,"ק""ג",true,,129.00,129.0000,true,1,8983
7290000327020,false,מארז שישיית פפסי פחי,,,מארז שישיית פפסי פחיות 330מל פקדון,מיליליטרים,1980.00,"100 מ""ל",false,4,18.90,0.9545,true,1,40813
7290000327037,false,מארז שישיית מירנדה פ,,,מארז שישיית מירנדה פחיות 330מל פקדון,מיליליטרים,1980.00,"100 מ""ל",false,4,18.90,0.9545,true,1,40810
7290000327044,false,מארז שישיית סבנאפ פח,,,מארז שישיית סבנאפ פחיות 330מל פקדון,מיליליטרים,1980.00,"100 מ""ל",false,4,18.90,0.9545,true,1,40812
7290000327440,false,משקה גאמפ מנגו פסיפל,,,משקה גאמפ מנגו פסיפלורה 1.5 ל,ליטרים,1.50,ליטר,false,1,7.60,5.0667,true,1,1166
7290000327631,false,משקה פאנק טוניק 1.5,,,משקה פאנק טוניק 1.5 לי,ליטרים,1.50,ליטר,false,1,10.60,7.0667,true,1,10086
7290000334325,false,מארז 3 יח ציפס מיקרו,תפוגן,,מארז 3 יח ציפס מיקרוגל תפוגן 125 גר,גרמים,375.00,100 גרם,false,1,13.90,3.7067,true,1,1968
7290000334684,false,טבעות בצל תפוגן 700,תפוגן,,טבעות בצל תפוגן 700 גר,גרמים,700.00,100 גרם,false,1,15.90,2.2714,true,1,1026
7290000334745,false,תפוגן אמריקן ציפס 1.,תפוגן,,תפוגן אמריקן ציפס 1.5 קג,קילוגרמים,1.50,"ק""ג",false,1,19.90,13.2667,true,1,1257
7290000334912,false,טוגן תפוגן 800 גר,תפוגן,,טוגן תפוגן 800 גר,גרמים,800.00,100 גרם,false,1,12.90,1.6125,true,1,1036
7290000336282,false,סיידר 330 מל צלול בק,,,סיידר 330 מל צלול בק פקדון,מיליליטרים,330.00,"100 מ""ל",false,1,7.50,2.2727,true,1,4925
7290000339191,false,רן הלבנה 350 גרם,זוהר דליה,,רן הלבנה 350 גרם,גרמים,350.00,100 גרם,false,1,19.90,5.6857,true,1,108
7290000339566,false,מרכך בדין 4 ליטר ורו,יוניליוור,,מרכך בדין 4 ליטר ורוד,ליטרים,4.00,ליטר,false,1,19.90,4.9750,true,1,615
7290000339849,false,משחת כלים סיף סמדר 3,יוניליוור,,משחת כלים סיף סמדר 3.5 קג,קילוגרמים,3.50,"ק""ג",false,1,33.90,9.6857,true,1,3247
7290000339887,false,משחת כלים סיף לימון,יוניליוור,,משחת כלים סיף לימון 3.5 קג,קילוגרמים,3.50,"ק""ג",false,1,33.90,9.6857,true,1,3248
7290000341071,false,מרכך בייבי בדין 2 לי,יוניליוור,,מרכך בייבי בדין 2 ליטר,ליטרים,2.00,ליטר,false,1,18.90,9.4500,true,1,618
7290000342832,false,מרכך בדין 4 ליטר צהו,יוניליוור,,מרכך בדין 4 ליטר צהוב,ליטרים,4.00,ליטר,false,1,19.90,4.9750,true,1,617
7290000342856,false,מרכך בדין 4 ליטר כחו,יוניליוור,,מרכך בדין 4 ליטר כחול,ליטרים,4.00,ליטר,false,1,19.90,4.9750,true,1,616
7290000345048,false,תה 74 - 125 גרם,תה ויסוצקי,,תה 74 - 125 גרם,גרמים,125.00,100 גרם,false,1,11.90,9.5200,true,1,91
7290000345055,false,תה ארל גריי 100 גרם,תה ויסוצקי,,תה ארל גריי 100 גרם,גרמים,100.00,100 גרם,false,1,12.90,12.9000,true,1,1376
7290000345116,false,תה ירוק 125 גרם,תה ויסוצקי,,תה ירוק 125 גרם,גרמים,125.00,100 גרם,false,1,12.90,10.3200,true,1,1377
7290000345147,false,תה ארל גריי קופ. פח,תה ויסוצקי,,תה ארל גריי קופ. פח 200 גרם,גרמים,200.00,100 גרם,false,1,29.90,14.9500,true,1,1375
7290000345208,false,תה קלאסיק 25/1,תה ויסוצקי,,תה קלאסיק 25/1,יחידה,25.00,יחידה,false,1,5.90,0.2360,true,1,1342
7290000345215,false,תה קלאסיק 1 גר 100 ש,תה ויסוצקי,,תה קלאסיק 1 גר 100 שקיקים,יחידה,100.00,יחידה,false,1,18.90,0.1890,true,1,1374
7290000345260,false,תה קלאסיק 25/1.5,תה ויסוצקי,,תה קלאסיק 25/1.5,יחידה,25.00,יחידה,false,1,5.90,0.2360,true,1,1317
7290000345277,false,תה קלאסיק 1.5 גר 50,תה ויסוצקי,,תה קלאסיק 1.5 גר 50 שקיקים,יחידה,50.00,יחידה,false,1,11.90,0.2380,true,1,1325
7290000345284,false,תה קלאסיק 1.5גר 100,תה ויסוצקי,,תה קלאסיק 1.5גר 100 שקיקים,יחידה,100.00,יחידה,false,1,19.90,0.1990,true,1,1373
7290000345291,false,בלק לייבל תה ארל גרי,תה ויסוצקי,,בלק לייבל תה ארל גריי 25 שק 1 ג,יחידה,25.00,יחידה,false,1,13.90,0.5560,true,1,1318
7290000345307,false,בלק לייבל תה ארל גרי,תה ויסוצקי,,תה ארל גריי 50 שק 1.5 גרם,יחידה,50.00,יחידה,false,1,24.90,0.4980,true,1,1341
7290000345536,false,תה פירות נענע 1.5 ג,תה ויסוצקי,,תה פירות נענע 1.5 ג 25 שק,יחידה,25.00,יחידה,false,1,15.90,0.6360,true,1,1365
7290000346021,false,תה גן הקסום  קמומיל,תה ויסוצקי,,תה גן הקסום  קמומיל 1.5 ג 50 שק,גרמים,75.00,100 גרם,false,1,29.90,39.8667,true,1,167
7290000346120,false,תה גן הקסום קסם הקינ,תה ויסוצקי,,תה גן הקסום קסם הקינמון1.5ג 25שק,יחידה,25.00,יחידה,false,1,16.90,0.6760,true,1,1372
7290000346137,false,תה גן הקסום הילולי פ,תה ויסוצקי,,תה גן הקסום הילולי פירות 2 ג 25ש,יחידה,25.00,יחידה,false,1,16.90,0.6760,true,1,1366
7290000346144,false,תה גן הקסום עינוגי ה,תה ויסוצקי,,תה גן הקסום עינוגי התפוח 2ג 25שק,יחידה,25.00,יחידה,false,1,16.90,0.6760,true,1,1369
7290000346168,false,תה גן הקסום שומר 1.5,תה ויסוצקי,,תה גן הקסום שומר 1.5 ג 25 שק,יחידה,25.00,יחידה,false,1,16.90,0.6760,true,1,3501
7290000346199,false,תה גן הקסום פירות יע,תה ויסוצקי,,תה גן הקסום פירות יער 2ג 25שק,יחידה,25.00,יחידה,false,1,16.90,0.6760,true,1,1370
7290000346205,false,תה גן הקסום קמומיל 1,תה ויסוצקי,,תה גן הקסום קמומיל 1 גר 25 שקיקים,יחידה,25.00,יחידה,false,1,16.90,0.6760,true,1,1371
7290000346212,false,תה גן הקסום מנטה 2 ג,תה ויסוצקי,,תה גן הקסום מנטה 2 ג 25 שק,יחידה,25.00,יחידה,false,1,16.90,0.6760,true,1,1368
7290000346229,false,תה גן הקסום ורד הבר,תה ויסוצקי,,תה גן הקסום ורד הבר 25 שקיקים,יחידה,25.00,יחידה,false,1,16.90,0.6760,true,1,1367
7290000346236,false,תה גן הקסום לואיזה 2,תה ויסוצקי,,תה גן הקסום לואיזה 2 ג 25 שק,יחידה,25.00,יחידה,false,12,16.90,0.6760,true,1,1745
7290000346960,false,תה פירות נענע 1.5 ג,תה ויסוצקי,,תה פירות נענע 1.5 ג 50 שק,גרמים,75.00,100 גרם,false,1,27.90,37.2000,true,1,1364
7290000347738,false,תה ירוק נענע 1.5 ג 2,תה ויסוצקי,,תה ירוק נענע 1.5 ג 25 שק,יחידה,25.00,יחידה,false,1,22.90,0.9160,true,1,1361
7290000347752,false,תה ירוק לימונית לואי,תה ויסוצקי,,תה ירוק לימונית לואיזה 1.5 ג 25 שק,יחידה,25.00,יחידה,false,1,22.90,0.9160,true,1,1360
7290000363189,false,נקניק סלמי סרוולד במ,,,נקניק סלמי סרוולד במשקל,קילוגרמים,1.00,"ק""ג",true,,170.00,170.0000,true,1,4173
7290000363363,false,קבנוס מיוחד 160 ג טי,,,קבנוס מיוחד 160 ג טירת צבי,גרמים,160.00,100 גרם,false,1,12.90,8.0625,true,1,3103
7290000363462,false,נקניק סלמי איטלקי מע,,,נקניק סלמי איטלקי מעושן במשקל,קילוגרמים,1.00,"ק""ג",true,,72.00,72.0000,true,1,3232
7290000363486,false,נקניק סלמי תה במשקל,,,נקניק סלמי תה במשקל,קילוגרמים,1.00,"ק""ג",true,,49.00,49.0000,true,1,3229
7290000363899,false,נקניקיות פיקנטיות 40,,,נקניקיות פיקנטיות 400 ג,גרמים,400.00,100 גרם,false,1,10.90,2.7250,true,1,3108
7290000364261,false,סלסולי כתף בקר 120 ג,,,סלסולי כתף בקר 120 גר,גרמים,120.00,100 גרם,false,1,10.90,9.0833,true,1,6694
7290000364278,false,סלסולי סלמי איטלקי מ,,,סלסולי סלמי איטלקי משובח 120 גר,גרמים,120.00,100 גרם,false,1,10.90,9.0833,true,1,6695
7290000364285,false,סלסולי פסטרמה הודו 1,,,סלסולי פסטרמה הודו 120 גר,גרמים,120.00,100 גרם,false,1,10.90,9.0833,true,1,6696
7290000364292,false,סלסולי פסטרמה גחלים,,,סלסולי פסטרמה גחלים 120 גר,גרמים,120.00,100 גרם,false,1,10.90,9.0833,true,1,6933
7290000364544,false,פסטרמה עוף בגריל במש,,,פסטרמה עוף בגריל במשקל,קילוגרמים,1.00,"ק""ג",true,,72.00,72.0000,true,1,4217
7290000364759,false,נקניקיות קרנצ וינר 5,,,נקניקיות קרנץ וינר 500 ג,גרמים,500.00,100 גרם,false,1,18.90,3.7800,true,1,3105
7290000364803,false,נקניקיות קרנץ אמריקא,,,נקניקיות קרנץ אמריקאיות 500 ג,גרמים,500.00,100 גרם,false,1,24.90,4.9800,true,1,3106
7290000364810,false,נקניקיות קרנץ אמריקא,,,נקניקיות קרנץ עגל 500 ג,גרמים,500.00,100 גרם,false,1,24.90,4.9800,true,1,3107
7290000364858,false,נקניקיות עוף 1 קג,,,נקניקיות עוף 1 קג,גרמים,1000.00,100 גרם,false,1,26.90,2.6900,true,1,3180
7290000364872,false,נקניקיות עוף 400 גרם,,,נקניקיות עוף 400 גרם,גרמים,400.00,100 גרם,false,1,10.90,2.7250,true,1,3104
7290000365046,false,כתף בקר מעושן במשקל,,,כתף בקר מעושן במשקל,קילוגרמים,1.00,"ק""ג",true,,110.00,110.0000,true,1,3920
7290000365107,false,כתף בקר מפולפל במשקל,,,כתף בקר מפולפל במשקל,קילוגרמים,1.00,"ק""ג",true,,110.00,110.0000,true,1,5746
7290000365398,false,פסטרמה חזה הודו בדבש,,,פסטרמה חזה הודו בדבש במשקל,קילוגרמים,1.00,"ק""ג",true,,72.00,72.0000,true,1,3227
7290000365756,false,פסטרמה ברביקיו דל שו,,,פסטרמה ברביקיו דל שומן במשקל,קילוגרמים,1.00,"ק""ג",true,,72.00,72.0000,true,1,4172
7290000365909,false,פסטרמה הודו  מעושנת,,,פסטרמה הודו  מעושנת במשקל,קילוגרמים,1.00,"ק""ג",true,,72.00,72.0000,true,1,3230
7290000365954,false,פסטרמה גחלים במשקל,,,פסטרמה גחלים במשקל,קילוגרמים,1.00,"ק""ג",true,,72.00,72.0000,true,1,3231
7290000367590,false,מארז צמד נקניק כפרי,,,מארז צמד נקניק כפרי 800 ג,גרמים,800.00,100 גרם,false,1,27.90,3.4875,true,1,3102
7290000369037,false,גבינה בולגרית קוביה,גבינות אמיר ניצן בעמ,,גבינה בולגרית קוביה 175 גרם,גרמים,175.00,100 גרם,false,1,14.90,8.5143,true,1,2238
7290000369341,false,לבנה אבו גוש במשקל,גבינות אמיר ניצן בעמ,,לבנה אבו גוש במשקל,קילוגרמים,1.00,"ק""ג",true,,50.00,50.0000,true,1,5223
7290000369365,false,גב.בולגרית למריחה עם,גבינות אמיר ניצן בעמ,,גב.בולגרית למריחה עם חצילים 200 גרם,גרמים,200.00,100 גרם,false,1,12.90,6.4500,true,1,2165
7290000369617,false,כדורי לבנה רחוב 150,גבינות אמיר ניצן בעמ,,כדורי לבנה רחוב 150 גר,גרמים,150.00,100 גרם,false,1,16.90,11.2667,true,1,5034
7290000369709,false,חמאה בטעמים 100 גרם,גבינות אמיר ניצן בעמ,,חמאה בטעמים 100 גרם,גרמים,100.00,100 גרם,false,1,12.90,12.9000,true,1,2006
7290000408316,false,דנונה יוגורט 3% טבעי,,,דנונה יוגורט 3% טבעי 200 גר,גרמים,200.00,100 גרם,false,1,3.80,1.9000,true,1,889
7290000408354,false,יוגורט דנונה בר פיצפ,,,יוגורט דנונה בר פיצפוצים קראנצ 173 גרם,גרמים,173.00,100 גרם,false,1,4.70,2.7168,true,1,1156
7290000412139,false,נוזל רצפה ריצפז אורן,,,נוזל רצפה ריצפז אורן 3 ל,ליטרים,3.00,ליטר,false,1,14.90,4.9667,true,1,104
7290000412481,false,נוזל לניקוי אסלות 00,,,נוזל לניקוי אסלות 00 1 ל,ליטרים,1.00,ליטר,false,1,6.90,6.9000,true,1,790
7290000412764,false,קוטל מעופפים פזטוקס,,,קוטל מעופפים פזטוקס,Unknown,0.00,Unknown,false,1,16.90,0.0000,true,1,379
7290000416021,false,ממרח שוקולד השחר 500,,,ממרח שוקולד השחר 500 גר,גרמים,500.00,100 גרם,false,1,13.90,2.7800,true,1,761
7290000416045,false,ממרח השחר 1 קג,,,ממרח השחר 1 קג,קילוגרמים,1.00,"ק""ג",false,1,24.90,24.9000,true,1,1903
7290000416076,false,שוקולד צמקאו השחר לב,,,שוקולד צמקאו השחר לבישול 500 גר,גרמים,500.00,100 גרם,false,1,14.90,2.9800,true,1,4736
7290000416618,false,ממרח השחר פרווה 400,,,ממרח השחר פרווה 400 גרם,גרמים,400.00,100 גרם,false,1,11.90,2.9750,true,1,1871
7290000416809,false,ממרח שחר חצי חצי 350,,,ממרח שחר חצי חצי 350 גר,גרמים,350.00,100 גרם,false,1,11.90,3.4000,true,1,16507
7290000416854,false,קקאו השחר 150 גר בשק,,,קקאו השחר 150 גר בשקית,גרמים,150.00,100 גרם,false,1,9.90,6.6000,true,1,4735
7290000416922,false,ממרח שחר חלב 350 גר,,,ממרח שחר חלב 350 גר,גרמים,350.00,100 גרם,false,1,10.90,3.1143,true,1,16506
7290000416984,false,ממרח שחר נוגט אגוזים,,,ממרח שחר נוגט אגוזים 350 גר,גרמים,350.00,100 גרם,false,1,12.90,3.6857,true,1,16505
7290000419107,false,קפה טורקי מקורי טחון,קפה לנדוור,,קפה טורקי מקורי טחון כחול 100 גר לנדור,גרמים,100.00,100 גרם,false,1,6.90,6.9000,true,1,192
7290000419220,false,מארז 3יח קפה לנדוור,קפה לנדוור,,מארז 3יח קפה לנדוור כחול 100 ג,גרמים,300.00,100 גרם,false,1,19.90,6.6333,true,1,4148
7290000419374,false,מארז 3 יח קפה לנדוור,קפה לנדוור,,מארז 3 יח קפה לנדוור לבוקר 100 גר,גרמים,300.00,100 גרם,false,1,19.90,6.6333,true,1,7973
7290000419893,false,קפה טורקי טחון לבוקר,קפה לנדוור,,קפה טורקי טחון לבוקר 100 גר לנדוור,גרמים,100.00,100 גרם,false,1,6.90,6.9000,true,1,5469
7290000419909,false,קפה טורקי טחון אספרס,קפה לנדוור,,קפה טורקי טחון אספרסו 100 גר לנדוור,גרמים,100.00,100 גרם,false,1,6.90,6.9000,true,1,5470
7290000420325,false,פופקורן פופסטאר טבעי,,,פופקורן פופסטאר טבעי 500 גרם,גרמים,500.00,100 גרם,false,1,12.90,2.5800,true,1,377
7290000420332,false,פופקורן פופסטאר חמאה,,,פופקורן פופסטאר חמאה 500 גר,גרמים,500.00,100 גרם,false,1,12.90,2.5800,true,1,376
7290000420417,false,שקיות אשפה 60 יח גלי,,,שקיות אשפה 60 יח גלילונית 65/52,יחידה,60.00,יחידה,false,1,17.90,0.2983,true,1,1639
7290000430102,false,קוביות קרח,,,קוביות קרח,קילוגרמים,2.00,"ק""ג",false,1,8.90,4.4500,true,1,314
7290000432182,false,נר נשמה 24 שעות,פאלאס תעשיות נטו (20,,נר נשמה 24 שעות,יחידה,1.00,יחידה,false,1,3.90,3.9000,true,1,12030
7290000432359,false,נר נשמה  כוס שבועי,,,נר נשמה  כוס שבועי,Unknown,0.00,Unknown,false,1,11.90,0.0000,true,1,529
7290000442013,false,שטיפה אינטימית פמינה,,,שטיפה אינטימית פמינה לנערות 220 מל,מיליליטרים,220.00,"100 מ""ל",false,1,23.90,10.8636,true,1,6939
7290000442044,false,שטיפה אינטימית פמינה,,,שטיפה אינטימית פמינה חמוציות 220 מל,מיליליטרים,220.00,"100 מ""ל",false,1,26.90,12.2273,true,1,7456
7290000442310,false,משחה בייבי סקין 100,,,משחה בייבי סקין 100 מל כצט,יחידה,1.00,יחידה,false,1,11.90,11.9000,true,1,8417
7290000446547,false,חמאת בוטנים טבעית 35,,IL,חמאת בוטנים טבעית 350גר בטר אנד דיפרנט,גרמים,350.00,100 גרם,false,12,14.90,4.2571,true,1,27807
7290000446554,false,חמאת בוטנים טבעית 1ק,,IL,חמאת בוטנים טבעית 1קג בטר אנד דיפרנט,קילוגרמים,1.00,"ק""ג",false,12,29.90,29.9000,true,1,27808
7290000449128,false,נוזל לניקוי כללי סיף,יוניליוור,,נוזל לניקוי כללי סיף 4 ל לימון,ליטרים,4.00,ליטר,false,1,19.90,4.9750,true,1,414
7290000450209,false,טונה פוסידון בשמן 10,פוסידון,,טונה פוסידון בשמן 108 גרם,גרמים,108.00,100 גרם,false,1,5.90,5.4630,true,1,1046
7290000450308,false,טונה פוסידון במים 10,פוסידון,,טונה פוסידון במים 108 גרם,גרמים,108.00,100 גרם,false,1,5.90,5.4630,true,1,1045
7290000453019,false,שימרית 50 גר,,,שימרית 50 גר,גרמים,50.00,100 גרם,false,1,5.40,10.8000,true,1,43
7290000453125,false,שמרית+משפר אפיה 50 ג,,,שמרית+משפר אפיה 50 גרם,Unknown,0.00,Unknown,false,1,8.60,0.0000,true,1,44
7290000453309,false,בצק פיצה תמי ללא גלו,,,בצק פיצה תמי ללא גלוטן 230גר,גרמים,230.00,100 גרם,false,8,19.90,8.6522,true,1,33152
7290000453316,false,בצק עלים תמי ללא גלו,,,בצק עלים תמי ללא גלוטן 280גר,גרמים,280.00,100 גרם,false,8,19.90,7.1071,true,1,33151
7290000453323,false,קמח תמי עמילן חיטה ל,,IL,קמח תמי עמילן חיטה ללא גלוטן 500 גר,גרמים,300.00,100 גרם,false,12,18.90,6.3000,true,1,41312
7290000453408,false,בצק פיצה דק שמרית  מ,,IL,בצק פיצה דק שמרית  מצונן מוכן לאפייה415ג,גרמים,415.00,100 גרם,false,8,15.90,3.8313,true,1,22125
7290000453415,false,בצק עלים שמרית מצונן,,IL,בצק עלים שמרית מצונן ומוכן לאפייה 300גר,גרמים,300.00,100 גרם,false,8,15.90,5.3000,true,1,22122
7290000453422,false,בצק פילו שמרית מצונן,,IL,בצק פילו שמרית מצונן ומוכן לאפייה 300גר,גרמים,300.00,100 גרם,false,8,15.90,5.3000,true,1,22123
7290000453446,false,פיצה קראסט 500גר שמר,,IL,פיצה קראסט 500גר שמרית,גרמים,500.00,100 גרם,false,8,19.90,3.9800,true,1,40217
7290000453484,false,בצק קדאיף 350 גרם שמ,,IL,בצק קדאיף 350 גרם שמרית מצונן,גרמים,350.00,100 גרם,false,8,14.90,4.2571,true,1,42443
7290000453781,false,שמרים יבשים שימרית ב,,,שמרים יבשים שימרית בואקום 125 גר,גרמים,125.00,100 גרם,false,1,5.90,4.7200,true,1,18621
7290000453798,false,שמרים יבשים אקטיביים,,,שמרים יבשים אקטיביים שימרית 500 גר,גרמים,500.00,100 גרם,false,1,14.90,2.9800,true,1,12874
7290000453866,false,תחליף מרגרינה נטורינ,פאקא,,תחליף מרגרינה נטורינה קוקוס 200 גר שמרית,גרמים,200.00,100 גרם,false,1,7.90,3.9500,true,1,16371
7290000461007,false,גבינה מגורדת במשקל,,,גבינה מגורדת במשקל,קילוגרמים,1.00,"ק""ג",true,,50.00,50.0000,true,1,8
7290000461625,false,בייגלה שמיניות 400 ג,יוניליוור,,בייגלה שמיניות 400 גרם בדצ,גרמים,400.00,100 גרם,false,1,9.90,2.4750,true,1,1125
7290000461656,false,בייגלה אחד אחד 400 ג,יוניליוור,,בייגלה אחד אחד 400 גרם בדצ,גרמים,400.00,100 גרם,false,1,9.90,2.4750,true,1,1122
7290000461700,false,בייגלה גדול גדול 400,יוניליוור,,בייגלה גדול גדול 400 גרם,גרמים,400.00,100 גרם,false,1,12.90,3.2250,true,1,1123
7290000461724,false,בייגלה גדול שומשום 4,יוניליוור,,בייגלה גדול שומשום 400 גרם,גרמים,400.00,100 גרם,false,1,13.90,3.4750,true,1,1124
7290000461793,false,בייגלה ארוך ארוך 150,יוניליוור,,בייגלה ארוך ארוך 150 גרם,גרמים,150.00,100 גרם,false,1,6.50,4.3333,true,1,607
7290000462141,false,סחוג אדום חריף מאוד,,,סחוג אדום חריף מאוד 150 גרם,גרמים,150.00,100 גרם,false,1,9.90,6.6000,true,1,5931
7290000462172,false,סחוג תימני ירוק חריף,,,סחוג תימני ירוק חריף 150 גרם,גרמים,150.00,100 גרם,false,1,9.90,6.6000,true,1,567
7290000467320,false,סלט חומוס אבו מרוואן,צבר,,סלט חומוס אבו מרוואן צבר 400 גר,גרמים,400.00,100 גרם,false,1,11.90,2.9750,true,1,10062
7290000469638,false,ספריי גיהוץ מריטו ענ,BOLTON GROUP - MER,,ספריי גיהוץ מריטו ענק 500 מל,מיליליטרים,500.00,"100 מ""ל",false,1,20.90,4.1800,true,1,613
7290000474076,false,חלב 3% קרטון 1 ליטר,טרה,,חלב 3% בקרטון 1 ליטר מהדרין***,ליטרים,1.00,ליטר,false,1,6.23,6.2300,true,1,3086
7290000474090,false,חלב 1% קרטון 1 ליטר*,טרה,,חלב 1% בקרטון 1 ליטר***,ליטרים,1.00,ליטר,false,1,5.86,5.8600,true,1,3087
7290000474373,false,שמנת חמוצה 15% 200 מ,טרה,,שמנת חמוצה 15% 200 מל***,מיליליטרים,200.00,"100 מ""ל",false,1,2.40,1.2000,true,1,3089
7290000474502,false,גבינה לבנה 5% 250 גר,טרה,,גבינה לבנה 5% 250 גרם***,גרמים,250.00,100 גרם,false,1,4.98,1.9920,true,1,4032
7290000474540,false,גבינה טוב טעם 3% 250,טרה,,גבינה טוב טעם 3% 250 ג,גרמים,250.00,100 גרם,false,1,10.90,4.3600,true,1,3091
7290000474830,false,גבינה צהובה  מגורדת,טרה,,גבינה צהובה  מגורדת 28% נועם 500גרם,גרמים,500.00,100 גרם,false,1,31.90,6.3800,true,1,3093
7290000480107,false,קוואקר שיבולת שועל 5,FRITO-LAY TRADING CO,,קוואקר שיבולת שועל 500 ג פחית,גרמים,500.00,100 גרם,false,1,13.90,2.7800,true,1,312
7290000480305,false,הרמזית 400 טבליות,,,הרמזית 400 טבליות,יחידה,400.00,יחידה,false,1,20.00,0.0500,true,1,1102
7290000480343,false,הרמזית טבליות 1400 י,,,הרמזית טבליות 1400 יח,יחידה,1.40,יחידה,false,1,37.90,27.0714,true,1,1104
7290000480442,false,קואקר שבולת שועל 500,FRITO-LAY TRADING CO,,קואקר שבולת שועל 500 ג שקית,גרמים,500.00,100 גרם,false,1,12.90,2.5800,true,1,313
7290000482019,false,שקיות צליה קוקי רגיל,קיטים,,שקיות צליה קוקי רגיל 10 יח,יחידה,10.00,יחידה,false,1,10.90,1.0900,true,1,350
7290000482033,false,שקיות צליה קוקי ענק,קיטים,,שקיות צליה קוקי ענק 5 יח,יחידה,0.05,יחידה,false,1,10.90,218.0000,true,1,352
7290000483139,false,מרציפן המרשלג גולמי,המרשלג,,מרציפן המרשלג גולמי 100 ג,גרמים,100.00,100 גרם,false,1,9.90,9.9000,true,1,627
7290000483641,false,מרציפן המרשלג חלה 75,המרשלג,,מרציפן המרשלג חלה 75 ג,גרמים,75.00,100 גרם,false,1,7.90,10.5333,true,1,628
7290000484549,false,כהל 95% נקי 750 מל פ,,IL,כהל 95% נקי 750 מל פיקדון,מיליליטרים,750.00,"100 מ""ל",false,1,139.00,18.5333,true,1,10081
7290000484747,false,ערק עלית 40% 700 מל,ישראל,,ערק עלית 40% 700 מל,מיליליטרים,700.00,"100 מ""ל",false,1,59.90,8.5571,true,1,13925
7290000490601,false,מאגדת שלגון גלידל ונ,פלקו בעמ,,מאגדת שלגון גלידל וניל 8 יח  פלדמן,יחידה,8.00,יחידה,false,1,29.90,3.7375,true,1,3637
7290000490625,false,מאגדת 8יח שלגון שוקו,פלקו בעמ,,מאגדת 8יח שלגון שוקו בציפוי שוקולד,יחידה,8.00,יחידה,false,1,26.90,3.3625,true,1,12907
7290000490717,false,מאגדת שלגון גלית 8 י,פלקו בעמ,,מאגדת שלגון גלית 8 יח  פלדמן,יחידה,8.00,יחידה,false,1,21.90,2.7375,true,1,4062
7290000490762,false,מאגדת שלגון גלידל שו,פלקו בעמ,,מאגדת שלגון גלידל שוקו 8 יח  פלדמן,יחידה,8.00,יחידה,false,1,29.90,3.7375,true,1,3638
7290000493176,false,אבקת רוטב צלי לבשר 2,"אסם תעשיות בע""מ",,אבקת רוטב צלי לבשר 22 גר,גרמים,22.00,100 גרם,false,1,3.90,17.7273,true,1,1630
7290000493183,false,אבקת רוטב פטריות 30,"אסם תעשיות בע""מ",,אבקת רוטב פטריות 30 גר,גרמים,30.00,100 גרם,false,1,4.50,15.0000,true,1,1631
7290000497044,false,לחם אקטיב ברמן 750גר,מאפית י.את א. ברמן ב,,לחם אקטיב ברמן 750גרם,גרמים,750.00,100 גרם,false,1,13.90,1.8533,true,1,10231
7290000497112,false,לחם אחיד פרוס 750 גר,מאפית י.את א. ברמן ב,,לחם אחיד פרוס 750 גר***,גרמים,750.00,100 גרם,false,1,7.11,0.9480,true,1,5026
7290000497273,false,מארז 6יח לחמניות אקט,מאפית י.את א. ברמן ב,,מארז 6יח לחמניות אקטיב 450 גרם,גרמים,450.00,100 גרם,false,1,12.90,2.8667,true,1,13341
7290000497303,false,מארז 6 לחמניות מקמח,מאפית י.את א. ברמן ב,,מארז 6 לחמניות מקמח מלא,גרמים,450.00,100 גרם,false,1,11.90,2.6444,true,1,4587
7290000497426,false,לחם ברמן לענין פלוס,מאפית י.את א. ברמן ב,,לחם ברמן לענין פלוס 500גר,גרמים,500.00,100 גרם,false,1,14.90,2.9800,true,1,4294
7290000497488,false,חלה פלוס ברמן 500 גר,מאפית י.את א. ברמן ב,,חלה פלוס ברמן 500 גרם,גרמים,500.00,100 גרם,false,1,15.90,3.1800,true,1,4128
7290000497532,false,לחם ברמן לעניין 750,מאפית י.את א. ברמן ב,,לחם ברמן לעניין 750 גרם,גרמים,750.00,100 גרם,false,1,13.90,1.8533,true,1,4046
7290000497570,false,לחם דגנים פלוס ברמן,מאפית י.את א. ברמן ב,,לחם דגנים פלוס ברמן 500 גרם,גרמים,500.00,100 גרם,false,1,14.90,2.9800,true,1,4127
7290000498003,false,לחם אי פריי קמח מלא,מאפית י.את א. ברמן ב,,לחם אי פריי קמח מלא 750 גרם ברמן,גרמים,750.00,100 גרם,false,1,15.90,2.1200,true,1,17302
7290000498010,false,לחם אי פרי קמח שיפון,מאפית י.את א. ברמן ב,,לחם אי פרי קמח שיפון מלא 750 גרם ברמן,גרמים,750.00,100 גרם,false,1,15.90,2.1200,true,1,17303
7290000498034,false,לחם אי פרי קמח כוסמי,מאפית י.את א. ברמן ב,,לחם אי פרי קמח כוסמין מלא 750 גרם ברמן,גרמים,750.00,100 גרם,false,1,15.90,2.1200,true,1,22072
7290000498256,false,מארז 10 לחמניות 750ג,מאפית י.את א. ברמן ב,IL,מארז 10 לחמניות 750גר בשקית ברמן,גרמים,750.00,100 גרם,false,1,13.90,1.8533,true,1,17898
7290000504025,false,ממתיק סוכרזית פטריה,,,ממתיק סוכרזית פטריה 300 יח,Unknown,0.00,Unknown,false,1,7.90,0.0000,true,1,556
7290000504049,false,ממתיק סוכרזית קנקן 1,,,ממתיק סוכרזית קנקן 1200 יח,Unknown,0.00,Unknown,false,1,19.90,0.0000,true,1,557
7290000504209,false,ממתיק סוויט דיאטיפ נ,,,ממתיק סוויט דיאטיפ נוזל 220 מל,מיליליטרים,220.00,"100 מ""ל",false,1,17.90,8.1364,true,1,1083
7290000504261,false,סוכרזית קלאסי כפית ל,,,סוכרזית קלאסי כפית לכפית 100גר,גרמים,100.00,100 גרם,false,1,23.90,23.9000,true,1,918
7290000504278,false,ממתיק סוכרזית פטנט 7,,,ממתיק סוכרזית פטנט 700 יח,גרמים,57.00,100 גרם,false,1,15.90,27.8947,true,1,555
7290000518121,false,מתוק וקל 50 שקיות,מתוק וקל,,מתוק וקל 50 שקיות,יחידה,50.00,יחידה,false,1,5.50,0.1100,true,1,672
7290000518152,false,מתוק וקל זהב 25 שקיו,מתוק וקל,,מתוק וקל זהב 25 שקיות,יחידה,25.00,יחידה,false,1,6.50,0.2600,true,1,670
7290000518169,false,מתוק וקל 1000 טבליות,מתוק וקל,,מתוק וקל 1000 טבליות,יחידה,1000.00,יחידה,false,1,8.50,0.0085,true,1,673
7290000518176,false,מתוק וקל ענק 250 שקי,מתוק וקל,,מתוק וקל ענק 250 שקיות,יחידה,250.00,יחידה,false,1,19.90,0.0796,true,1,671
7290000518220,false,סוכרה דיאט מתוק וקל,מתוק וקל,,סוכרה דיאט מתוק וקל 100 יח,יחידה,100.00,יחידה,false,1,25.00,0.2500,true,1,14695
7290000518251,false,מתוק וקל זהב 100 שקי,מתוק וקל,,מתוק וקל זהב 100 שקיות,יחידה,100.00,יחידה,false,1,12.90,0.1290,true,1,669
7290000518336,false,צמר גפן מתוק מווש מת,מתוק וקל,IL,צמר גפן מתוק מווש מתוק וקל 10 גרם,Unknown,0.00,Unknown,false,1,4.90,0.0000,true,1,33092
7290000518398,false,סוכרה דיאט טיפות מתו,מתוק וקל,,סוכרה דיאט טיפות מתוק וקל,מיליליטרים,150.00,"100 מ""ל",false,1,25.00,16.6667,true,1,14697
7290000518879,false,סוכרה דיאט 250 יח,מתוק וקל,,סוכרה דיאט 250 יח,יחידה,250.00,יחידה,false,1,55.00,0.2200,true,1,10249
7290000521008,false,יין סגל אדום 750 מל,,,יין סגל אדום 750 מל פקדון,מיליליטרים,750.00,"100 מ""ל",false,1,25.00,3.3333,true,1,2221
7290000521015,false,יין סגל לבן 750 מל פ,,,יין סגל לבן 750 מל פקדון,מיליליטרים,750.00,"100 מ""ל",false,1,25.00,3.3333,true,1,2228
7290000521022,false,יין סגל לבן חצי יבש,,,יין סגל לבן חצי יבש 750 מל פקדון,מיליליטרים,750.00,"100 מ""ל",false,1,25.00,3.3333,true,1,2229
7290000521336,false,יין רכסים זמרה שרדונ,,,יין רכסים זמרה שרדונה 2013 750 מל,מיליליטרים,750.00,"100 מ""ל",false,1,80.00,10.6667,true,1,12481
7290000521404,false,יין סגל מרום גליל ק.,,,יין סגל מרום גליל ק.ס. 750 מל פקדון,מיליליטרים,750.00,"100 מ""ל",false,1,45.00,6.0000,true,1,3860
7290000521411,false,יין סגל מרום גליל מר,,,יין סגל מרום גליל מרלו 750מל פקדון,מיליליטרים,750.00,"100 מ""ל",false,1,45.00,6.0000,true,1,4144
7290000521428,false,יין סינגל מרום גליל,,,יין סינגל מרום גליל שרדונה 750מל פקדון,מיליליטרים,750.00,"100 מ""ל",false,1,45.00,6.0000,true,1,3819
7290000522111,false,חלב אורגני טרי 3% שו,,,חלב אורגני טרי 3% שומן 1 ליטר,ליטרים,1.00,ליטר,false,1,12.90,12.9000,true,1,29577
7290000522159,false,חלב הרים טהור 1% 1 ל,"מחלבות רמה""ג",,חלב הרים טהור 1% 1 ליטר,ליטרים,1.00,ליטר,false,1,9.90,9.9000,true,1,8773
7290000522166,false,חלב הרים טהור נטול ל,"מחלבות רמה""ג",,חלב הרים טהור נטול לקטוז 3% 1 ליטר,ליטרים,1.00,ליטר,false,1,10.90,10.9000,true,1,8774
7290000522272,false,שמנת לקפה 10% שומן 5,"מחלבות רמה""ג",,שמנת לקפה 10% שומן 500 מל עמידה,מיליליטרים,500.00,"100 מ""ל",false,1,9.90,1.9800,true,1,10815
7290000523125,false,מלח ים יבש הארץ 250,"מלח הארץ אילת בע""מ",,מלח ים יבש הארץ 250 גר במיכל,גרמים,250.00,100 גרם,false,1,5.90,2.3600,true,1,744
7290000523224,false,מלח ים יבש הארץ 500,"מלח הארץ אילת בע""מ",,מלח ים יבש הארץ 500 גרם במיכל,גרמים,500.00,100 גרם,false,1,7.90,1.5800,true,1,745
7290000523514,false,מלח ים הארץ דל נתרן,"מלח הארץ אילת בע""מ",,מלח ים הארץ דל נתרן 250 גרם,גרמים,250.00,100 גרם,false,1,10.90,4.3600,true,1,746
7290000523521,false,מלח ים הארץ מועשר בי,"מלח הארץ אילת בע""מ",,מלח ים הארץ מועשר ביוד 250 גר,גרמים,250.00,100 גרם,false,1,6.50,2.6000,true,1,3083
7290000523804,false,מלח עדין הארץ 1 קג צ,"מלח הארץ אילת בע""מ",,מלח עדין הארץ 1 קג צנצנת,קילוגרמים,1.00,"ק""ג",false,1,7.50,7.5000,true,1,5605
7290000523811,false,מלח גס הארץ 1 קג צנצ,"מלח הארץ אילת בע""מ",,מלח גס הארץ 1 קג צנצנת,קילוגרמים,1.00,"ק""ג",false,1,7.50,7.5000,true,1,5606
7290000525969,false,מיץ תפוזים סחוט 1 לי,,,מיץ תפוזים סחוט 1 ליטר,ליטרים,1.00,ליטר,false,1,14.90,14.9000,true,1,1408
7290000529974,false,חליטת קורנית ואקליפט,,,חליטת קורנית ואקליפטוס אורגני 20 שק,יחידה,20.00,יחידה,false,1,15.90,0.7950,true,1,15870
7290000529981,false,חליטת שומר וגינגר או,,,חליטת שומר וגינגר אורגני 1.8 גר 20 שק,יחידה,20.00,יחידה,false,1,15.90,0.7950,true,1,15869
7290000530024,false,נקניק תה מעושן רחב ב,,IL,נקניק תה מעושן רחב במשקל,קילוגרמים,1.00,"ק""ג",true,,40.00,40.0000,true,1,42180
7290000530031,false,נקניק פיין סלמי צר ב,,IL,נקניק פיין סלמי צר במשקל,קילוגרמים,1.00,"ק""ג",true,,40.00,40.0000,true,1,42184
7290000530048,false,נקניק סלמי פפרוני במ,,IL,נקניק סלמי פפרוני במשקל,קילוגרמים,1.00,"ק""ג",true,,40.00,40.0000,true,1,42183
7290000530086,false,נקניק סלמי מעושן 700,,IL,נקניק סלמי מעושן 7000,גרמים,600.00,100 גרם,false,1,29.90,4.9833,true,1,44673
7290000530109,false,מארז זוג קבנוס בואקו,,IL,מארז זוג קבנוס בואקום במבצע,יחידה,1.00,יחידה,false,1,24.90,24.9000,true,1,44674
7290000530192,false,נקניק סלמי סרוולד במ,,IL,נקניק סלמי סרוולד במשקל,קילוגרמים,1.00,"ק""ג",true,,120.00,120.0000,true,1,42211
7290000530260,false,נקניק מורטודלה רחב ב,,IL,נקניק מורטודלה רחב במשקל,קילוגרמים,1.00,"ק""ג",true,,37.00,37.0000,true,1,42809
7290000530369,false,חזה הודו מעושן גולן,,IL,חזה הודו מעושן גולן עם עור במשקל,קילוגרמים,1.00,"ק""ג",true,,66.00,66.0000,true,1,42185
7290000530444,false,כתף בקר מעושן במשקל,,IL,כתף בקר מעושן במשקל,קילוגרמים,1.00,"ק""ג",true,,95.00,95.0000,true,1,42216
7290000530598,false,נקניקיות וינר 500 גר,,IL,נקניקיות וינר 500 גרם,גרמים,500.00,100 גרם,false,1,9.90,1.9800,true,1,42625
7290000530871,false,פסטרממיה חזה עוף מעו,,IL,פסטרממיה חזה עוף מעושן במשקל,קילוגרמים,1.00,"ק""ג",true,,66.00,66.0000,true,1,42212
7290000531410,false,פסטרממיה בדבש טהור ב,,IL,פסטרממיה בדבש טהור במשקל,קילוגרמים,1.00,"ק""ג",true,,66.00,66.0000,true,1,42188
7290000532400,false,חזה הודו צלוי ברביקי,,IL,חזה הודו צלוי ברביקיו במשקל,קילוגרמים,1.00,"ק""ג",true,,66.00,66.0000,true,1,42187
7290000532585,false,נקניק רוסטביף חצוי ב,,IL,נקניק רוסטביף חצוי במשקל,קילוגרמים,1.00,"ק""ג",true,,95.00,95.0000,true,1,42213
7290000532721,false,כתף בקר טורו מצופה פ,,IL,כתף בקר טורו מצופה פלפל במשקל,קילוגרמים,1.00,"ק""ג",true,,95.00,95.0000,true,1,42217
7290000533681,false,פסטרממיה מעושנת הבית,,IL,פסטרממיה מעושנת הבית במשקל,קילוגרמים,1.00,"ק""ג",true,,66.00,66.0000,true,1,42190
7290000534718,false,חזה הודו מעושן תבור,,IL,חזה הודו מעושן תבור בלי עור במשקל,קילוגרמים,1.00,"ק""ג",true,,66.00,66.0000,true,1,42186
7290000535791,false,חזה בקר מעושן ניו יו,,IL,חזה בקר מעושן ניו יורק במשקל,קילוגרמים,1.00,"ק""ג",true,,95.00,95.0000,true,1,42215
7290000536057,false,מורטודלה עם זיתים במ,,IL,מורטודלה עם זיתים במשקל,קילוגרמים,1.00,"ק""ג",true,,37.00,37.0000,true,1,42810
7290000536743,false,קריספי סטיקס תירס 50,,IL,קריספי סטיקס תירס 500גר,גרמים,500.00,100 גרם,false,12,14.90,2.9800,true,1,42251
7290000537566,false,נקניקיות עוף טרי 400,,IL,נקניקיות עוף טרי 400 גרם,גרמים,400.00,100 גרם,false,12,9.90,2.4750,true,1,42209
7290000538099,false,פסטרממיה כפרית במשקל,,IL,פסטרממיה כפרית במשקל,קילוגרמים,1.00,"ק""ג",true,,66.00,66.0000,true,1,42191
7290000538372,false,נקניק קוניאק אקסטרה,,IL,נקניק קוניאק אקסטרה פיין במשקל,קילוגרמים,1.00,"ק""ג",true,,40.00,40.0000,true,1,42182
7290000551067,false,בשר בקר מוכשר מס 5 ק,פניסקור,,בשר בקר מוכשר מס 5 קפוא,קילוגרמים,1.00,"ק""ג",true,,74.00,74.0000,true,1,4573
7290000551074,false,בשר בקר מוכשר מס 6קפ,פניסקור,,בשר בקר מוכשר מס 6קפוא,קילוגרמים,1.00,"ק""ג",true,,42.90,42.9000,true,1,4572
7290000551098,false,בשר בקר מס 8 מוכשר ק,פניסקור,,בשר בקר מס 8 מוכשר קפוא במשקל,קילוגרמים,1.00,"ק""ג",true,,32.90,32.9000,true,1,4568
7290000551159,false,בשר ראש קפוא מוכשר,פניסקור,,בשר ראש קפוא מוכשר,קילוגרמים,1.00,"ק""ג",true,,77.00,77.0000,true,1,3764
7290000551173,false,מוח בקר קפוא לא מוכש,פניסקור,,מוח בקר קפוא לא מוכשר,קילוגרמים,1.00,"ק""ג",true,,94.90,94.9000,true,1,3746
7290000551197,false,לשון בקר נקי מוכשר א,פניסקור,,לשון בקר נקי מוכשר אורגוואי במשקל,קילוגרמים,1.00,"ק""ג",true,,39.90,39.9000,true,1,3747
7290000552118,false,נקניקיות מרגז 400 גר,טיבון ויל,,נקניקיות מרגז 400 גרם,גרמים,400.00,100 גרם,false,1,17.90,4.4750,true,1,610
7290000552194,false,קישקע 500 גרם,טיבון ויל,,קישקע 500 גרם,גרמים,500.00,100 גרם,false,1,12.90,2.5800,true,1,163
7290000552569,false,סטיק בורגר בקר 400 ג,טיבון ויל,,סטיק בורגר בקר 400 גרם,גרמים,400.00,100 גרם,false,1,15.90,3.9750,true,1,575
7290000552927,false,טחון עוף 500 גרם,טיבון ויל,,טחון עוף 500 גרם,גרמים,500.00,100 גרם,false,1,10.90,2.1800,true,1,1627
7290000552934,false,טחון הודו 500 גרם,טיבון ויל,,טחון הודו 500 גרם,גרמים,500.00,100 גרם,false,1,10.90,2.1800,true,1,1069
7290000552989,false,בשר טחון מובחר 500 ג,טיבון ויל,,בשר טחון מובחר 500 גר,גרמים,500.00,100 גרם,false,1,21.90,4.3800,true,1,1162
7290000554006,false,גבינת קשקבל קשה במשק,,,גבינת קשקבל קשה במשקל משולש,קילוגרמים,1.00,"ק""ג",true,,150.00,150.0000,true,1,305
7290000554402,false,מלבי&קוקוס ובוטנים 5,מחלבות גד,,מלבי&קוקוס ובוטנים 5%  160 גר,גרמים,160.00,100 גרם,false,1,4.90,3.0625,true,1,739
7290000554457,false,גבינה צפתית מיני 5%,מחלבות גד,,גבינה צפתית מיני 5%  350 גרם,גרמים,350.00,100 גרם,false,1,19.90,5.6857,true,1,298
7290000554471,false,גליל מוצרלה 22% 180,מחלבות גד,,גליל מוצרלה 22% 180 גרם,גרמים,180.00,100 גרם,false,1,20.50,11.3889,true,1,1222
7290000554532,false,גב.צפתית מעודנת 5% מ,מחלבות גד,,גב.צפתית מעודנת 5% מלח ים טבעי200 גר,גרמים,200.00,100 גרם,false,1,14.90,7.4500,true,1,5883
7290000554600,false,מוצרלה מגורדת 22%  3,מחלבות גד,,מוצרלה מגורדת 22%  300 גרם,גרמים,300.00,100 גרם,false,1,24.90,8.3000,true,1,859
7290000554624,false,ירח מתוק חלב&אורז 3%,מחלבות גד,,ירח מתוק חלב&אורז 3%  150 גרם,גרמים,150.00,100 גרם,false,1,4.90,3.2667,true,1,905
7290000554655,false,גבינת מוצרלה מעושנת,,,גבינת מוצרלה מעושנת במשקל,קילוגרמים,1.00,"ק""ג",true,,79.00,79.0000,true,1,860
7290000554686,false,לבנה עם שמן זית וזעת,מחלבות גד,,לבנה עם שמן זית וזעתר 5%  250 גרם,גרמים,250.00,100 גרם,false,1,12.90,5.1600,true,1,952
7290000554792,false,גבינה בולגרית 5% במש,,,גבינה בולגרית 5% במשקל,קילוגרמים,1.00,"ק""ג",true,,49.00,49.0000,true,1,380
7290000554815,false,גליל מוצרלה טבעי במש,,,גליל מוצרלה טבעי במשקל,קילוגרמים,1.00,"ק""ג",true,,79.00,79.0000,true,1,1223
7290000554822,false,ריקוטה ג.איטלקית רכה,מחלבות גד,,ריקוטה ג.איטלקית רכה 5%  250 גר,גרמים,250.00,100 גרם,false,1,12.90,5.1600,true,1,107
7290000554839,false,גבינת מסקרפונה 40% 2,מחלבות גד,,גבינת מסקרפונה 40% 250 גרם,גרמים,250.00,100 גרם,false,1,19.90,7.9600,true,1,795
7290000554891,false,ג.בולגרית 16% גד במש,,,ג.בולגרית 16% גד במשקל,קילוגרמים,1.00,"ק""ג",true,,49.00,49.0000,true,1,1187
7290000554914,false,גבינה צפתית 5% רכה ב,,,גבינה צפתית 5% רכה במשקל,קילוגרמים,1.00,"ק""ג",true,,55.00,55.0000,true,1,301
7290000554921,false,גבינת ריקוטה איטלקית,,,גבינת ריקוטה איטלקית רכה במשקל,קילוגרמים,1.00,"ק""ג",true,,55.00,55.0000,true,1,33
7290000554952,false,גבינה צפתית קשה במשק,,,גבינה צפתית קשה במשקל,קילוגרמים,1.00,"ק""ג",true,,79.00,79.0000,true,1,1202
7290000554969,false,ג.שמנת 30% טבעית במש,,,ג.שמנת 30% טבעית במשקל,קילוגרמים,1.00,"ק""ג",true,,40.00,40.0000,true,1,1756
7290000554976,false,גבינת שמנת 30% זיתים,,,גבינת שמנת 30% זיתים במשקל,קילוגרמים,1.00,"ק""ג",true,,40.00,40.0000,true,1,1203
7290000554983,false,גבינה לאבנה גד במשקל,,,גבינה לאבנה גד במשקל,קילוגרמים,1.00,"ק""ג",true,,39.00,39.0000,true,1,949
7290000560021,false,גל גילוח אדג לעור נג,,,גל גילוח אדג לעור נגד חתכים 210 גר,גרמים,210.00,100 גרם,false,1,17.90,8.5238,true,1,1231
7290000560533,false,גל גילוח אדג לעור רג,,,גל גילוח אדג לעור רגיל ירוק 210 גר,גרמים,210.00,100 גרם,false,1,17.90,8.5238,true,1,1232
7290000560540,false,גל גילוח אדג לעור רג,,,גל גילוח אדג לעור רגיש כתום 210 גר,גרמים,210.00,100 גרם,false,1,17.90,8.5238,true,1,1233
7290000560557,false,גל גילוח אדג לריכוך,,,גל גילוח אדג לריכוך העור סגול  210 גר,גרמים,210.00,100 גרם,false,1,17.90,8.5238,true,1,1229
7290000571119,false,גאודה חריץ בית יצחק,,,גאודה חריץ בית יצחק במשקל,קילוגרמים,1.00,"ק""ג",true,,115.00,115.0000,true,1,1182
7290000571188,false,גבינת גאודה תום עיזי,,,גבינת גאודה תום עיזים במשקל בית יצחק,קילוגרמים,1.00,"ק""ג",true,,159.00,159.0000,true,1,1184
7290000571232,false,גבינת גאודה פרוס 150,,,גבינת גאודה פרוס 150 גרם,גרמים,150.00,100 גרם,false,1,22.90,15.2667,true,1,1185
7290000571300,false,גבינת גאודה מעושנת פ,,,גבינת גאודה מעושנת פרוסה 150 גר,גרמים,150.00,100 גרם,false,1,22.90,15.2667,true,1,8008
7290000571386,false,יוגורמה 850 גרם,,,יוגורמה 850 גרם,גרמים,850.00,100 גרם,false,1,24.90,2.9294,true,1,2156
7290000571393,false,יוגורמה 140 גרם,,,יוגורמה 140 גרם,גרמים,140.00,100 גרם,false,1,5.90,4.2143,true,1,2640
7290000571478,false,גבינת טום עיזים פרוס,,,גבינת טום עיזים פרוסה 150 גר בית יצחק,גרמים,150.00,100 גרם,false,1,34.90,23.2667,true,1,6478
7290000571485,false,משקה יוגורט עיזים 1,,,משקה יוגורט עיזים 1 קג,קילוגרמים,1.00,"ק""ג",false,1,22.90,22.9000,true,1,7286
7290000571812,false,גבינת פרמזן מגורדת 2,,,גבינת פרמזן מגורדת 200 גר,גרמים,200.00,100 גרם,false,1,22.90,11.4500,true,1,10102
7290000571843,false,יוגורט עיזים יוגורמה,,,יוגורט עיזים יוגורמה 140 גרם,גרמים,140.00,100 גרם,false,1,5.90,4.2143,true,1,11436
7290000571881,false,משקה יוגורט עיזים 50,בית יצחק,IL,משקה יוגורט עיזים 500מל בקבוק בית יצחק,מיליליטרים,500.00,"100 מ""ל",false,1,11.90,2.3800,true,1,32361
7290000571898,false,גבינת חלומי 200 גרם,,,גבינת חלומי 200 גרם פרוס 22% שומן,גרמים,200.00,100 גרם,false,1,19.90,9.9500,true,1,20866
7290000571928,false,יוגורמה כבשים אגוזים,בית יצחק,IL,יוגורמה כבשים אגוזים זרעים חמוציות 142גר,גרמים,142.00,100 גרם,false,12,5.90,4.1549,true,1,26302
7290000571935,false,יוגורמה כבשים וגרנול,בית יצחק,IL,יוגורמה כבשים וגרנולה מתוקה 142גר,גרמים,142.00,100 גרם,false,12,5.90,4.1549,true,1,26301
7290000572222,false,חלבה אחוה קסטה 500 ג,,,חלבה אחוה קסטה 500 גרם,גרמים,500.00,100 גרם,false,1,10.90,2.1800,true,1,3823
7290000572529,false,חלבה אחווה פיסטוק 40,,,חלבה פיסטוק 400 גרם,גרמים,400.00,100 גרם,false,1,12.90,3.2250,true,1,2561
7290000572543,false,חלבה אחווה שוקו וניל,,,חלבה שוקו וניל 400 גרם,גרמים,400.00,100 גרם,false,1,11.90,2.9750,true,1,2563
7290000572628,false,חטיף חלבה אחווה לייט,,,חטיף חלבה אחווה לייט ללא סוכר 10 יח,Unknown,0.00,Unknown,false,1,13.90,0.0000,true,1,2564
7290000572673,false,חטיף חלבה אחווה אישי,,,חטיף חלבה אחווה אישי 10 יח,Unknown,0.00,Unknown,false,1,13.90,0.0000,true,1,2565
7290000599274,false,מקל עץ 1.5מטר ברזילא,,BR,מקל עץ 1.5מטר ברזילאי,יחידה,1.00,יחידה,false,24,8.90,8.9000,true,1,23601
7290000599571,false,צמר פלדה 200 גרם,,IL,צמר פלדה 200 גרם,ליטרים,200.00,ליטר,false,20,5.90,0.0295,true,1,23533
7290000599861,false,מגב פלסטיק 40סמ,,CN,מגב פלסטיק 40סמ,יחידה,1.00,יחידה,false,48,8.90,8.9000,true,1,23580
7290000599946,false,ספוג הפלא 6יח שיין,,IL,ספוג הפלא 6יח שיין,יחידה,6.00,יחידה,false,24,4.90,0.8167,true,1,23536
7290000611136,false,כבד עוף קפוא,,,כבד עוף קפוא,קילוגרמים,1.00,"ק""ג",true,,19.90,19.9000,true,1,523
7290000611198,false,לב עוף קפוא,,,לב עוף קפוא,קילוגרמים,1.00,"ק""ג",true,,28.00,28.0000,true,1,1917
7290000654898,false,עופיון קפוא ארוז,,,עופיון יחידה עוף עוז 500 גר,קילוגרמים,1.00,"ק""ג",true,,60.00,60.0000,true,1,18240
7290000679440,false,משחה לתינוק קמיל בלו,פישר תעשיות,,משחה לתינוק קמיל בלו 100 גר,גרמים,100.00,100 גרם,false,1,13.90,13.9000,true,1,4988
7290000679563,false,דאודורנט פדיסול לרגל,,,דאודורנט פדיסול לרגליים 200 גר בוטן,גרמים,200.00,100 גרם,false,12,29.90,14.9500,true,1,5003
7290000679570,false,אבקה פדיסול אנטיפרספ,,,אבקה פדיסול אנטיפרספירנט 200 מל,גרמים,200.00,100 גרם,false,12,29.90,14.9500,true,1,5004
7290000684345,false,שלישיית פילטר בריטה,בריטה,,שלישיית פילטר בריטה,Unknown,0.00,Unknown,false,1,129.00,0.0000,true,1,153
7290000688084,false,מים מינרלים מי עדן ס,,,מים מינרלים מי עדן ספורט 500 מל פיקדון,מיליליטרים,500.00,"100 מ""ל",false,1,6.00,1.2000,true,1,2188
7290000688114,false,מי עדן 1.5 ליטר לא ק,,,מי עדן 1.5 ליטר לא קר,ליטרים,1.50,ליטר,false,1,2.40,1.6000,true,1,1789
7290000688176,false,מים מינרלים מי עדן ב,,,מים מינרלים מי עדן בייבי 250 מל פיקדון,מיליליטרים,250.00,"100 מ""ל",false,1,5.00,2.0000,true,1,2447
7290000688374,false,מארז 6יח מים מינרלים,,,מארז 6יח מים מינרלים מי עדן בייבי 330מל,מיליליטרים,1980.00,"100 מ""ל",false,1,13.90,0.7020,true,1,1731
7290000688381,false,שישיית מים מינרלים מ,,,שישיית מים מינרלים מי עדן 500 מל פיק,ליטרים,3.00,ליטר,false,1,11.90,3.9667,true,1,2187
7290000688466,false,מים מינרלים מי עדן ג,,,מים מינרלים מי עדן גים ספורט750מל פיקדון,מיליליטרים,750.00,"100 מ""ל",false,1,7.00,0.9333,true,1,2262
7290000688503,false,שישיית מים מינרלים מ,,,שישיית מים מינרלים מי עדן750מל פיקדון,ליטרים,4.50,ליטר,false,1,16.90,3.7556,true,1,2843
7290000692135,false,דאו.ספיד סטיק רגיל ב,,,דאו.ספיד סטיק רגיל בסיסי ירוק א.פ. פרש,Unknown,0.00,Unknown,false,1,21.90,0.0000,true,1,788
7290000692203,false,נוזל לניקוי כללי אגק,Colgate - Greece,,נוזל לניקוי כללי אגקס לימון 2 ל,ליטרים,2.00,ליטר,false,1,23.90,11.9500,true,1,1357
7290000692210,false,נוזל לניקוי כללי אגק,Colgate - Greece,,נוזל לניקוי כללי אגקס לבנדר 2 ל,ליטרים,2.00,ליטר,false,1,23.90,11.9500,true,1,1356
7290000692227,false,נוזל כלים פלמוליב צי,Colgate - Greece,,נוזל כלים פלמוליב צילנדר 1 ל קלאסי,ליטרים,1.00,ליטר,false,1,12.90,12.9000,true,1,404
7290000692456,false,זוג נוזל לניקוי חלונ,קיטים,,זוג נוזל לניקוי חלונות אגקס כחול,ליטרים,1.50,ליטר,false,1,24.90,16.6000,true,1,1354
7290000694108,false,חטיף פיקנטי דבאייל ח,יעקובי,,חטיף פיקנטי דבאייל חומוס 230 גר,גרמים,230.00,100 גרם,false,1,14.00,6.0870,true,1,10782
7290000803067,false,מש.שיניים אלמקס ילדי,CP-Poland swidnica,,מש.שיניים אלמקס ילדים 75 מל,מיליליטרים,75.00,"100 מ""ל",false,1,15.90,21.2000,true,1,1254
7290000803180,false,מי פה לשטיפה מרידול,GABA THERW SWIZ,,"מי פה לשטיפה מרידול 400 מ""ל",מיליליטרים,400.00,"100 מ""ל",false,1,29.90,7.4750,true,1,699
7290000804484,false,מי פה לשטיפה אלמקס 4,GABA THERW SWIZ,,מי פה לשטיפה אלמקס 400 מל,מיליליטרים,400.00,"100 מ""ל",false,1,25.90,6.4750,true,1,4
7290000805368,false,מזון כלבים בונזו גור,,,מזון כלבים בונזו גורים 3 קג,קילוגרמים,3.00,"ק""ג",false,1,56.90,18.9667,true,1,1310
7290000900186,false,בר ים טרי מובחר,,,דג קוד טרי,קילוגרמים,1.00,"ק""ג",true,,99.90,99.9000,true,1,1950
7290000902395,false,קופון מי עדן שישייה,,,קופון מי עדן שישייה 1.5ליטר ב9.90שח,Unknown,0.00,Unknown,false,1,0.01,0.0000,true,1,26402
7290000903705,false,קופון פיצת השף שגב 3,,,קופון פיצת השף שגב 320גר ב9.90שח,Unknown,0.00,Unknown,false,1,0.01,0.0000,true,1,26410
7290000911830,false,בקר טורי טחון,,,בקר טרי טחון,קילוגרמים,1.00,"ק""ג",true,,34.90,34.9000,true,1,39989
7290000930022,false,פילה סלמון שלם פרימי,,,פילה סלמון שלם פרימיום טרי,קילוגרמים,1.00,"ק""ג",true,,120.00,120.0000,true,1,3164
7290000950242,false,נתח קצבים,,,נתח קצבים,קילוגרמים,1.00,"ק""ג",true,,120.00,120.0000,true,1,3206
7290000960333,false,קבוקים,ונדסטרה גרופ,,גבינת לנדנה בחרדל במשקל,קילוגרמים,1.00,"ק""ג",true,,35.00,35.0000,true,1,26358
7290000960340,false,גרעין דלעת מקולף טבע,ונדסטרה גרופ,,גבינת  לנדנה  במשקל 500 ימים חצי גלגל,קילוגרמים,1.00,"ק""ג",true,,65.00,65.0000,true,1,26359
7290000960470,false,גרעין דלעת לבן קלוי,רבלן,,גבינת רבלן במשקל,קילוגרמים,1.00,"ק""ג",true,,49.00,49.0000,true,1,26360
7290000960883,false,פול מצרי קלוי,,,חלבה בוטנים במשקל בלוק 2.5 קג,קילוגרמים,1.00,"ק""ג",true,,55.00,55.0000,true,1,26362
7290000961033,false,פקאן סיני,,,חלבה שקדים במשקל בלוק 2.5 קג,קילוגרמים,1.00,"ק""ג",true,,118.00,118.0000,true,1,26364
7290000961057,false,בננה ציפס,,,גבינת מיראבו אגוזים במשקל,קילוגרמים,1.00,"ק""ג",true,,35.00,35.0000,true,1,26365
7290000961064,false,צימוק כהה,,,גבינת בושה עיזים מרקיז דה קאסטליו במשקל,קילוגרמים,1.00,"ק""ג",true,,30.00,30.0000,true,1,26366
7290000967967,false,גבינת פרובולונה פיקנ,,,גבינת פרובולונה פיקנטה איטלקי במשקל,קילוגרמים,1.00,"ק""ג",true,,119.00,119.0000,true,1,42003
7290000975078,false,אננס צבעוני,,,גבינת לה רולה צילי במשקל,קילוגרמים,1.00,"ק""ג",true,,40.00,40.0000,true,1,4072
7290000976716,false,תירס קלוי,,,קופון שמן זית 750מל יד מרדכי ב26.90הייטק,קילוגרמים,1.00,"ק""ג",true,,47.00,47.0000,true,1,3006
7290000978413,false,פפאיה מיובשת,,,קופון מרכך כביסה מקסימה 1ל ב11.90הייטק,קילוגרמים,1.00,"ק""ג",true,,35.00,35.0000,true,1,3071
7290000978802,false,חומוס קלוי,בונגראן,,גבינת רושברון במשקל,קילוגרמים,1.00,"ק""ג",true,,40.00,40.0000,true,1,3079
7290000980300,false,בוטן אמריקאי,,,גבינת מונטה גראפה מיושנת פיורי די מאסו,קילוגרמים,1.00,"ק""ג",true,,35.00,35.0000,true,1,26375
7290001009048,false,לחם שיפון כפרי סקנדי,,,לחם שיפון כפרי סקנדינבי 500גר,גרמים,500.00,100 גרם,false,1,10.90,2.1800,true,1,5172
7290001009109,false,לחם חיטה מלאה עגול 5,,,לחם חיטה מלאה עגול 500 גר,גרמים,500.00,100 גרם,false,1,10.90,2.1800,true,1,5171
7290001009123,false,לחם כוסמין 100% 650,,,לחם כוסמין 100% 450 גרם,גרמים,450.00,100 גרם,false,1,15.90,3.5333,true,1,15319
7290001009178,false,לחם 100% שיפון 900 ג,,,לחם 100% שיפון 900 גר,גרמים,900.00,100 גרם,false,1,16.90,1.8778,true,1,6335
7290001009185,false,לחם 10 דגנים עגול 50,,,לחם 10 דגנים עגול 500 גר,גרמים,500.00,100 גרם,false,1,10.90,2.1800,true,1,5168
7290001045169,false,מיץ תפוחים צלול 1 לי,,,מיץ תפוחים צלול 1 ליטר פקדון,ליטרים,1.00,ליטר,false,1,14.90,14.9000,true,1,1412
7290001121023,false,פסטרמה של פעם במשקל,,,פסטרמה של פעם במשקל,קילוגרמים,1.00,"ק""ג",true,,69.00,69.0000,true,1,2971
7290001121054,false,מארז נקניק צמד חמד 7,,,מארז נקניק צמד חמד 700 ג,גרמים,700.00,100 גרם,false,1,25.90,3.7000,true,1,2998
7290001121092,false,פסטרמה עוף בגריל במש,,,פסטרמה עוף בגריל במשקל,קילוגרמים,1.00,"ק""ג",true,,69.00,69.0000,true,1,2981
7290001121146,false,פסטרמה טבעית חזה הוד,,,פסטרמה טבעית חזה הודו מעושן במשקל,קילוגרמים,1.00,"ק""ג",true,,69.00,69.0000,true,1,2964
7290001121238,false,נקניק קורנד ביף 180,,,נקניק קורנד ביף 180 גר,גרמים,180.00,100 גרם,false,1,25.90,14.3889,true,1,6460
7290001121931,false,קבנוס מקסיקני דק דק,,,קבנוס מקסיקני דק דק 125 גר,גרמים,125.00,100 גרם,false,1,12.90,10.3200,true,1,8185
7290001121979,false,נקניק סלמי הרץ 150 ג,,,נקניק סלמי הרץ 150 גר,גרמים,150.00,100 גרם,false,1,23.90,15.9333,true,1,7601
7290001123058,false,בשר בקר חלק מס 6 קפו,פניסקור,,בשר בקר חלק מס 6 קפוא במשקל,קילוגרמים,1.00,"ק""ג",true,,42.90,42.9000,true,1,4237
7290001123775,false,שווארמה פרגיות 500 ג,טיבון ויל,,שווארמה פרגיות 500 גרם,גרמים,500.00,100 גרם,false,1,24.90,4.9800,true,1,121
7290001123782,false,שווארמה הודו 500 גרם,טיבון ויל,,שווארמה הודו 500 גרם,גרמים,500.00,100 גרם,false,1,24.90,4.9800,true,1,120
7290001124536,false,מגיק בכוס תירס 70 גר,מג'יק,,מגיק בכוס תירס 70 גרם,גרמים,70.00,100 גרם,false,1,4.90,7.0000,true,1,843
7290001124611,false,שומן כבש 200 גרם,טיבון ויל,,שומן כבש 200 גרם,גרמים,200.00,100 גרם,false,1,19.90,9.9500,true,1,125
7290001125816,false,דג פורל טרי,,,דג פורל טרי,קילוגרמים,1.00,"ק""ג",true,,65.00,65.0000,true,1,4751
7290001127018,false,דג דניס טרי מדיום,,,דג דניס טרי מדיום,קילוגרמים,1.00,"ק""ג",true,,65.00,65.0000,true,1,4755
7290001129524,false,דג לברק טרי בינוני,,,דג לברק טרי            בנוני,קילוגרמים,1.00,"ק""ג",true,,75.00,75.0000,true,1,4756
7290001129715,false,דג דניס טרי אקס לארג,,,דג דניס טרי אקס לארג,קילוגרמים,1.00,"ק""ג",true,,74.90,74.9000,true,1,3315
7290001129784,false,דג בס טרי,,,דג בס טרי,קילוגרמים,1.00,"ק""ג",true,,65.00,65.0000,true,1,4750
7290001136287,false,נקה 7 שמפו 750 מל רג,,,נקה 7 שמפו 750 מל רגיל,מיליליטרים,750.00,"100 מ""ל",false,1,11.90,1.5867,true,1,2465
7290001136294,false,נקה 7 שמפו 750 מל יב,,,נקה 7 שמפו 750 מל יבש,מיליליטרים,750.00,"100 מ""ל",false,1,11.90,1.5867,true,1,2464
7290001136300,false,נקה 7 שמפו 750 מל לס,,,נקה 7 שמפו 750 מל לסרוק קל,מיליליטרים,750.00,"100 מ""ל",false,1,11.90,1.5867,true,1,2467
7290001136362,false,אלסבון נקה 7 ארומה 1,,,אלסבון נקה 7 ארומה 1 ל ירוק,ליטרים,1.00,ליטר,false,1,12.90,12.9000,true,1,692
7290001136683,false,נקה 7 מרכך 750 מל רג,,,נקה 7 מרכך 750 מל רגיל,מיליליטרים,750.00,"100 מ""ל",false,1,11.90,1.5867,true,1,2468
7290001136799,false,אלסבון נקה 7 ארומה 1,,,אלסבון נקה 7 ארומה 1 ליטר ורוד,ליטרים,1.00,ליטר,false,1,12.90,12.9000,true,1,538
7290001136973,false,אלסבון נקה 7 ארומה 1,,,אלסבון נקה 7 ארומה 1 ל לבן,ליטרים,1.00,ליטר,false,1,12.90,12.9000,true,1,2739
7290001179239,false,מלקחיים לגריל נירוסט,,,מלקחיים לגריל נירוסטה 40סמ,יחידה,1.00,יחידה,false,1,12.90,12.9000,true,1,30741
7290001191033,false,דג פורל מעושן במשקל,,IL,דג פורל מעושן במשקל,קילוגרמים,1.00,"ק""ג",true,,149.00,149.0000,true,1,40659
7290001216040,false,טחינה אלארז 500 גר,,IL,טחינה אלארז 500 גר,גרמים,500.00,100 גרם,false,24,14.90,2.9800,true,1,5963
7290001216057,false,טחינה אלארז 1 קג,,IL,טחינה אלארז 1 קג,קילוגרמים,1.00,"ק""ג",false,12,27.90,27.9000,true,1,2791
7290001216101,false,טחינה אל ארז שומשום,,IL,הפשטידה של עידית,קילוגרמים,1.00,"ק""ג",false,12,31.90,31.9000,true,1,28213
7290001216231,false,טחינה אלארז משומשום,,IL,טחינה אלארז משומשום מלא 500 גר,גרמים,500.00,100 גרם,false,24,15.90,3.1800,true,1,5964
7290001246900,false,מסיר שומנים אקופרנד,אקופרנד,,מסיר שומנים אקופרנד אקולוגי 750 מל,מיליליטרים,750.00,"100 מ""ל",false,1,16.90,2.2533,true,1,40390
7290001246948,false,מלבין אל אקונומיקה א,אקופרנד,,מלבין אל אקונומיקה אקולוגי אקופרנד 2ליטר,ליטרים,2.00,ליטר,false,1,16.90,8.4500,true,1,40392
7290001246962,false,נוזל כלים 1ליטר תפוז,אקופרנד,,נוזל כלים 1ליטר תפוז אקולוגי אקופרנד,ליטרים,1.00,ליטר,false,1,13.90,13.9000,true,1,40393
7290001246979,false,נוזל כלים 1ליטר לימו,,,נוזל כלים 1ליטר לימון אקולוגי אקופרנד,ליטרים,1.00,ליטר,false,1,13.90,13.9000,true,1,22992
7290001246986,false,מנקה רב תכליתי אקופר,,,מנקה רב תכליתי אקופרנד,ליטרים,1.00,ליטר,false,1,16.90,16.9000,true,1,40394
7290001246993,false,נוזל לניקוי רצפות אק,אקופרנד,,נוזל לניקוי רצפות אקולוגי 4ליטר אקופרנד,ליטרים,4.00,ליטר,false,1,27.90,6.9750,true,1,22901
7290001247068,false,נקטר ספרינג תות בננה,יפאורה,,נקטר ספרינג תות בננה 1 ל בקרטון,ליטרים,1.00,ליטר,false,1,6.90,6.9000,true,1,465
7290001247082,false,נקטר ספרינג עגבניות,יפאורה,,נקטר ספרינג עגבניות 1 ל בקרטון,ליטרים,1.00,ליטר,false,1,6.90,6.9000,true,1,464
7290001247099,false,נקטר ספרינג מנגו 1 ל,יפאורה,,נקטר ספרינג מנגו 1 ל בקרטון,ליטרים,1.00,ליטר,false,1,6.90,6.9000,true,1,463
7290001247105,false,נקטר ספרינג אפרסק 1,יפאורה,,נקטר ספרינג אפרסק 1 ל בקרטון,ליטרים,1.00,ליטר,false,1,6.90,6.9000,true,1,461
7290001247112,false,נקטר ספרינג לימונענע,יפאורה,,נקטר ספרינג לימונענע 1 ל בקרטון,ליטרים,1.00,ליטר,false,1,6.90,6.9000,true,1,462
7290001247129,false,נקטר ספרינג תפוזים 1,יפאורה,,נקטר ספרינג תפוזים 1 ל בקרטון,ליטרים,1.00,ליטר,false,1,6.90,6.9000,true,1,466
7290001247143,false,נקטר ספרינג תפוחים 1,יפאורה,,נקטר ספרינג תפוחים 1 ל בקרטון,ליטרים,1.00,ליטר,false,1,6.90,6.9000,true,1,467
7290001258088,false,גבינת קצוטה במשקל,,,גבינת קצוטה במשקל,קילוגרמים,1.00,"ק""ג",true,,139.00,139.0000,true,1,197
7290001258101,false,גבינת גאודה טבעית במ,מחלבת משק יעקובס,IL,גבינת גאודה טבעית במשקל,קילוגרמים,1.00,"ק""ג",true,,89.00,89.0000,true,1,1181
7290001258118,false,גבינת קממברט טבעי במ,,,גבינת קממברט טבעי במשקל,קילוגרמים,1.00,"ק""ג",true,,99.00,99.0000,true,1,180
7290001258149,false,גבינת פקורינו רומנו,,,גבינת פקורינו רומנו במשקל,קילוגרמים,1.00,"ק""ג",true,,139.00,139.0000,true,1,426
7290001258170,false,גבינת רוקפור במשקל,,,גבינת רוקפור במשקל,קילוגרמים,1.00,"ק""ג",true,,139.00,139.0000,true,1,101
7290001258217,false,לבנה עיזים במשקל,,,לבנה עיזים במשקל,קילוגרמים,1.00,"ק""ג",true,,49.00,49.0000,true,1,954
7290001258309,false,גבינת תום עיזים במשק,,,גבינת תום עיזים במשקל,קילוגרמים,1.00,"ק""ג",true,,119.00,119.0000,true,1,1378
7290001258385,false,גבינת מוצרלה כדורים,,,גבינת מוצרלה כדורים במשקל,קילוגרמים,1.00,"ק""ג",true,,75.00,75.0000,true,1,16
7290001258415,false,גבינת רוקפור בואקום,,,גבינת רוקפור בואקום 180 גר,גרמים,180.00,100 גרם,false,1,24.90,13.8333,true,1,5825
7290001258422,false,גבינת קשקבל במשקל,,,גבינת קשקבל במשקל,קילוגרמים,1.00,"ק""ג",true,,119.00,119.0000,true,1,5209
7290001258446,false,יוגורט כבשים 850 מל,,,יוגורט כבשים 850 מל,מיליליטרים,850.00,"100 מ""ל",false,1,18.90,2.2235,true,1,2057
7290001258453,false,גבינת קממברט אגוזים,,,גבינת קממברט אגוזים במשקל,קילוגרמים,1.00,"ק""ג",true,,99.00,99.0000,true,1,2863
7290001258552,false,לאבנה בקר 250 גרם יע,משק יעקבס,,לאבנה בקר 250 גרם יעקובס,גרמים,250.00,100 גרם,false,1,8.90,3.5600,true,1,6595
7290001258576,false,גבינת גאודה בואקום 1,,,גבינת גאודה בואקום 180 גר,גרמים,180.00,100 גרם,false,1,20.90,11.6111,true,1,5822
7290001258590,false,גבינת אורי מנצגו במש,,,גבינת אורי מנצגו במשקל,קילוגרמים,1.00,"ק""ג",true,,145.00,145.0000,true,1,4158
7290001258620,false,גבינת מנצגו בואקום 1,,,גבינת מנצגו בואקום 180 גר,גרמים,180.00,100 גרם,false,1,24.90,13.8333,true,1,5824
7290001258668,false,גבינה עז מה 250 גרם,,,גבינה עז מה 250 גרם 5% שומן,גרמים,250.00,100 גרם,false,1,15.90,6.3600,true,1,6137
7290001258682,false,יוגורט עיזים 500 מל,,,יוגורט עיזים 500 מל,מיליליטרים,500.00,"100 מ""ל",false,1,14.90,2.9800,true,1,5798
7290001258729,false,לאבנה עיזים 250 גר,,,לאבנה עיזים 250 גר,גרמים,250.00,100 גרם,false,1,14.90,5.9600,true,1,6136
7290001258774,false,גבינת מוצרלה  בייבי,משק יעקבס,,גבינת מוצרלה  בייבי 150 גרם יעקובס,גרמים,150.00,100 גרם,false,1,12.90,8.6000,true,1,8029
7290001258798,false,גבינת פטה כבשים 250,,,גבינת פטה כבשים 250 גר,גרמים,250.00,100 גרם,false,1,26.90,10.7600,true,1,8030
7290001258804,false,גבינת קשקבל בואקום 1,,,גבינת קשקבל בואקום 180 גר,גרמים,180.00,100 גרם,false,1,22.90,12.7222,true,1,8031
7290001258811,false,גבינת מוצרלה בייבי ב,,,גבינת מוצרלה בייבי במשקל,קילוגרמים,1.00,"ק""ג",true,,79.00,79.0000,true,1,16319
7290001258910,false,גבינת גאודה חרדל במש,מחלבת משק יעקובס,IL,גבינת גאודה חרדל במשקל,קילוגרמים,1.00,"ק""ג",true,,89.00,89.0000,true,1,20618
7290001258958,false,גבינת מוצרלה מגורדת,,,גבינת מוצרלה מגורדת 200גר,גרמים,200.00,100 גרם,false,1,23.90,11.9500,true,1,9903
7290001258972,false,גבינת חלומי בואקום 2,,,גבינת חלומי בואקום 200גר,גרמים,200.00,100 גרם,false,1,15.90,7.9500,true,1,9902
7290001274422,false,מאגדת 8יח שלגון בננה,פלקו בעמ,,מאגדת 8יח שלגון בננה בציפוי שוקולד,יחידה,8.00,יחידה,false,1,26.90,3.3625,true,1,6114
7290001274576,false,גלידה גלידל וניל תות,פלקו בעמ,,גלידה גלידל וניל תות דיאט 900מל פלדמן,מיליליטרים,900.00,"100 מ""ל",false,1,22.00,2.4444,true,1,3634
7290001274583,false,גלידה גלידל שוקו פקא,פלקו בעמ,,גלידה גלידל שוקו פקאן דיאט 900מל פלדמן,מיליליטרים,900.00,"100 מ""ל",false,1,22.00,2.4444,true,1,3635
7290001274934,false,מאגדת גלידל פרי לימו,פלקו בעמ,,מאגדת גלידל פרי לימון  8 יח  פלדמן,יחידה,8.00,יחידה,false,1,21.90,2.7375,true,1,3641
7290001274941,false,מאגדת גלידל פרי פטל,פלקו בעמ,,מאגדת גלידל פרי פטל תות 8 יח  פלדמן,יחידה,8.00,יחידה,false,1,21.90,2.7375,true,1,3642
7290001305058,false,פלמוליב סבון  נוזלי,CP - Turkey+60,,פלמוליב סבון  נוזלי חלב ודבש 500 מל,מיליליטרים,500.00,"100 מ""ל",false,1,14.90,2.9800,true,1,401
7290001305188,false,נוזל כלים פלמוליב לי,Colgate - Greece,,נוזל כלים פלמוליב לימון 750 מל שקוף,מיליליטרים,750.00,"100 מ""ל",false,1,10.90,1.4533,true,1,407
7290001327180,false,גל.קרמיסימו וניל 1.3,"גלידת שטראוס בע""מ",,גל.קרמיסימו וניל 1.33 ל,ליטרים,1.33,ליטר,false,1,19.90,14.9624,true,1,231
7290001338155,false,קרם הגנה לפנים סקין,,,קרם הגנה לפנים סקין גארד מס 50 60 מל,מיליליטרים,60.00,"100 מ""ל",false,1,29.90,49.8333,true,1,472
7290001338407,false,קרם הגנה סקין גארד ג,,,קרם הגנה סקין גארד גל אלוורה להרגעה,מיליליטרים,200.00,"100 מ""ל",false,1,19.90,9.9500,true,1,473
7290001343845,false,גרנולה פירות 1 קג שק,"דין שיווק וקלייה בע""",,גרנולה פירות 1 קג שקדיה,קילוגרמים,1.00,"ק""ג",false,1,19.90,19.9000,true,1,3080
7290001356203,false,דג הרינג ים תיכוני ב,,IL,הרינג מלוח במשקל,קילוגרמים,1.00,"ק""ג",true,,32.00,32.0000,true,1,40637
7290001356227,false,מקרל מעושן גדול במשק,,IL,מקרל מעושן גדול במשקל,קילוגרמים,1.00,"ק""ג",true,,99.00,99.0000,true,1,40638
7290001356234,false,מקרל מעושן בוואקום ב,,IL,מקרל מעושן בוואקום במשקל,קילוגרמים,1.00,"ק""ג",true,,69.00,69.0000,true,1,40639
7290001356258,false,דג מקרל מעושן קטן במ,,IL,דג מקרל מעושן קטן במשקל,קילוגרמים,1.00,"ק""ג",true,,67.00,67.0000,true,1,40660
7290001356418,false,פילה הרינג בשמן במשק,,IL,פילה הרינג בשמן במשקל,קילוגרמים,1.00,"ק""ג",true,,49.00,49.0000,true,1,40645
7290001356425,false,פילה הרינג בסגנון מט,,,פילה הרינג בסגנון מטיאס במשקל,קילוגרמים,1.00,"ק""ג",true,,49.00,49.0000,true,1,40643
7290001356548,false,מקרל מלוח במשקל,,IL,מקרל מלוח במשקל,קילוגרמים,1.00,"ק""ג",true,,67.00,67.0000,true,1,40652
7290001356630,false,פילה הרינג כבוש במשק,,IL,פילה הרינג כבוש במשקל,קילוגרמים,1.00,"ק""ג",true,,49.00,49.0000,true,1,40648
7290001359013,false,פחם ארוז 3.7קג פחמי,,IL,פחם ארוז 3.7קג פחמי הגליל,גרמים,3700.00,100 גרם,false,1,29.90,0.8081,true,1,42598
7290001359129,false,פחם ארוז 1.7קג פחמי,,IL,פחם ארוז 1.7קג פחמי הגליל,גרמים,1700.00,100 גרם,false,1,13.90,0.8176,true,1,42597
7290001407509,false,טחינה בארכה שוויה שו,רושדי תעשיות מזון בע,,טחינה בארכה שוויה שוויה 500 גר,גרמים,500.00,100 גרם,false,1,15.90,3.1800,true,1,3665
7290001407547,false,טחינה בארכה פי 6 סיד,רושדי תעשיות מזון בע,,טחינה בארכה פי 6 סידן 500ג,גרמים,500.00,100 גרם,false,1,15.90,3.1800,true,1,10994
7290001407769,false,טחינה בארכה שומשום מ,רושדי תעשיות מזון בע,,טחינה בארכה שומשום מלא 500 ג,גרמים,500.00,100 גרם,false,1,15.90,3.1800,true,1,4347
7290001407813,false,חלבה שאמית פיסטוק 35,רושדי תעשיות מזון בע,,חלבה שאמית פיסטוק 350 ג בארכה,גרמים,350.00,100 גרם,false,1,14.90,4.2571,true,1,4350
7290001407820,false,חלבה שאמית קלאסית 35,רושדי תעשיות מזון בע,,חלבה שאמית קלאסית 350 ג בארכה,גרמים,350.00,100 גרם,false,1,14.90,4.2571,true,1,4349
7290001407837,false,חלבה שאמית קקאו 350,רושדי תעשיות מזון בע,,חלבה שאמית קקאו 350 ג בארכה,גרמים,350.00,100 גרם,false,1,14.90,4.2571,true,1,4351
7290001407844,false,חלבה קלאסית וניל 350,רושדי תעשיות מזון בע,,חלבה קלאסית וניל 350 ג בארכה,גרמים,350.00,100 גרם,false,1,13.90,3.9714,true,1,4348
7290001407936,false,טחינה בארכה מעודנת 3,רושדי תעשיות מזון בע,,טחינה בארכה מעודנת 310 גרם,גרמים,310.00,100 גרם,false,1,11.90,3.8387,true,1,13069
7290001419618,false,וופל עלמה שוקו 200 ג,גילרו,,וופל עלמה שוקו 200 גר,גרמים,200.00,100 גרם,false,1,3.50,1.7500,true,1,7493
7290001419779,false,וופל עלמה קלאסי שוקו,גילרו,,וופל קלאסי שוקו גילרו 200 גר,גרמים,200.00,100 גרם,false,1,3.50,1.7500,true,1,7472
7290001419793,false,גביעי גלידה מגולגלים,גילרו,,גביעי גלידה מגולגלים עלמה 12 יח,יחידה,1.00,יחידה,false,1,9.90,9.9000,true,1,8870
7290001419892,false,וופל עלמה קלאסי לימו,גילרו,,וופל קלאסי לימון גילרו 200 גר,גרמים,200.00,100 גרם,false,1,3.50,1.7500,true,1,7471
7290001426142,false,מאגדת גלילידה וניל 5,,,מאגדת גלילידה וניל 5יח,יחידה,5.00,יחידה,false,1,24.90,4.9800,true,1,38204
7290001426159,false,מאגדת שלגון פריטיקל,,,מאגדת שלגון פריטיקל פ.יער 8יח ללא סוכר,יחידה,8.00,יחידה,false,1,34.90,4.3625,true,1,31043
7290001426173,false,מאגדת שלגון פריטיקל,,,מאגדת שלגון פריטיקל תות 8יח ללא סוכר,יחידה,8.00,יחידה,false,1,34.90,4.3625,true,1,31041
7290001426265,false,גלידה מתוקונים 30יח,,,גלידה מתוקונים 30יח טעם חמאה,יחידה,30.00,יחידה,false,1,44.90,1.4967,true,1,31045
7290001426296,false,גלידה מתוקונים 30יח,,,גלידה מתוקונים 30יח טעם קינמון,יחידה,30.00,יחידה,false,1,44.90,1.4967,true,1,31336
7290001426357,false,גלידה מתוקונים 30יח,,,גלידה מתוקונים 30יח טעם קרמל,יחידה,30.00,יחידה,false,1,44.90,1.4967,true,1,31046
7290001426371,false,מאגדת שלגון פריטיקל,,,מאגדת שלגון פריטיקל קוקוס 8יח ללא סוכר,יחידה,8.00,יחידה,false,1,34.90,4.3625,true,1,31042
7290001426395,false,מאגדת שלגון פריטיקל,,,מאגדת שלגון פריטיקל לימונענע,יחידה,8.00,יחידה,false,1,34.90,4.3625,true,1,40614
7290001426401,false,מאגדת שלגון פריטיקל,,,מאגדת שלגון פריטיקל פירות כתום,יחידה,8.00,יחידה,false,1,34.90,4.3625,true,1,40615
7290001426418,false,מאגדת שלגון פריטיקל,,,מאגדת שלגון פריטיקל פירות סגול,יחידה,8.00,יחידה,false,1,34.90,4.3625,true,1,40616
7290001426432,false,גלידה מתוקונים 30יח,,,גלידה מתוקונים 30יח טעם קינמון,יחידה,30.00,יחידה,false,1,44.90,1.4967,true,1,41664
7290001427033,false,מיץ תפוח סחוט  טבעי,,IL,מיץ תפוח סחוט  טבעי 1 ליטר בק.פ קשת,ליטרים,1.00,ליטר,false,9,15.90,15.9000,true,1,6873
7290001427064,false,מיץ פסיפלורה תפוח סח,,IL,מיץ פסיפלורה תפוח סחוט 500מל ב.ז קשת,מיליליטרים,500.00,"100 מ""ל",false,12,17.90,3.5800,true,1,11591
7290001427132,false,מיץ רימונים סחוט טבע,,IL,מיץ רימונים סחוט טבעי 500מל ב.ז קשת,מיליליטרים,500.00,"100 מ""ל",false,12,22.90,4.5800,true,1,5165
7290001427255,false,מיץ תפוח סחוט  טבעי,,IL,מיץ תפוח סחוט  טבעי 1 ליטר בק.פ קשת,ליטרים,1.00,ליטר,false,9,17.90,17.9000,true,1,8514
7290001427347,false,מיץ תפוחים סמיט 1ליט,,IL,מיץ תפוחים סמיט 1ליטר בק.פקדון,ליטרים,1.00,ליטר,false,16,19.90,19.9000,true,1,38742
7290001427453,false,מיץ תפוחים פינק לייד,,IL,מיץ תפוחים פינק ליידי 1 ליטר בק. פקדון,ליטרים,1.00,ליטר,false,16,20.90,20.9000,true,1,29178
7290001439074,false,כדור ליפה בשקית שליש,,,כדור ליפה בשקית שלישיה,יחידה,1.00,יחידה,false,1,11.90,11.9000,true,1,3816
7290001439395,false,ספוג רחצה ליפה מוסקו,,,ספוג רחצה ליפה מוסקו,Unknown,0.00,Unknown,false,1,18.00,0.0000,true,1,10629
7290001439432,false,ספוג רחצה משולב מוסק,חוואנטן,,ספוג רחצה משולב מוסקו,יחידה,1.00,יחידה,false,1,10.00,10.0000,true,1,5225
7290001439449,false,ספוג גיישנית,חוואנטן,,ספוג גיישנית,יחידה,1.00,יחידה,false,1,10.00,10.0000,true,1,1180
7290001461457,false,בגט רוסטיק קמח מלא ו,פילסברי,,בגט רוסטיק קמח מלא וזרעי פשתן,Unknown,0.00,Unknown,false,1,9.90,0.0000,true,1,13766
7290001476208,false,גבינת ברי פקאן במשקל,,,גבינת ברי פקאן במשקל משולש,קילוגרמים,1.00,"ק""ג",true,,139.00,139.0000,true,1,3535
7290001485019,false,גבינת שמנת 5% טבעי 2,טרה,,גבינת שמנת 5% טבעי 200 ג,גרמים,200.00,100 גרם,false,1,10.90,5.4500,true,1,4034
7290001491010,false,תה ירוק יסמין 1.5 ג,תה ויסוצקי,,תה ירוק יסמין 1.5 ג 25 שק,יחידה,25.00,יחידה,false,1,22.90,0.9160,true,1,1359
7290001491096,false,תה ירוק לימונית/לואי,תה ויסוצקי,,תה ירוק לימונית/לואיזה 1.5 ג 50 שק,יחידה,50.00,יחידה,false,1,39.90,0.7980,true,1,1358
7290001501009,false,שרות והחלפה גז 130 מ,,,שרות והחלפה גז 130 מילוי סודה סטרים,Unknown,0.00,Unknown,false,1,99.90,0.0000,true,1,10608
7290001507070,false,פתי בר חרובים מקמח מ,,,פתי בר חרובים מקמח מלא אורגני 200 גר,גרמים,200.00,100 גרם,false,1,7.90,3.9500,true,1,5425
7290001507179,false,אובלטים קימל אורגניי,,,אובלטים קימל אורגניים 200 גר,גרמים,200.00,100 גרם,false,1,8.90,4.4500,true,1,5432
7290001507360,false,אובלטים כוסמין אורגנ,,,אובלטים כוסמין אורגני 150 גר,גרמים,100.00,100 גרם,false,1,10.90,10.9000,true,1,5431
7290001515310,false,כרית קרצוף יפני 6יח,3m,,כרית קרצוף יפני 6יח סקוטש ברייט,יחידה,6.00,יחידה,false,1,12.90,2.1500,true,1,3740
7290001515631,false,ספוג קרצוף ארוך 3יח,,,ספוג קרצוף ארוך 3יח קשיח לבןסקוטש ברייט,Unknown,0.00,Unknown,false,1,7.90,0.0000,true,1,455
7290001567142,false,נקניק סלמי תה מפולפל,,,נקניק סלמי תה מפולפל במשקל,קילוגרמים,1.00,"ק""ג",true,,45.00,45.0000,true,1,11707
7290001567555,false,פסטרמה מעודנת בדבש 3,,,פסטרמה מעודנת בדבש 300 גר,גרמים,300.00,100 גרם,false,1,21.90,7.3000,true,1,14122
7290001567708,false,נקניקיות וינר 400 גר,מעדני יחיעם,,נקניקיות וינר 400 גרם ללא חומרים משמרים,גרמים,400.00,100 גרם,false,1,11.90,2.9750,true,1,12900
7290001567760,false,פסטרמה של פעם 300ג ל,מעדני יחיעם,,פסטרמה של פעם 300ג ללא חומר משמר,גרמים,300.00,100 גרם,false,1,25.90,8.6333,true,1,13107
7290001567791,false,פסטרמה רומנית 250גר,מעדני יחיעם,,פסטרמה רומנית 250גר ללא חומר משמר,גרמים,250.00,100 גרם,false,1,25.90,10.3600,true,1,13108
7290001567807,false,כתף בקר מעושן 250גר,מעדני יחיעם,,כתף בקר מעושן 250גר ללא חומר משמר,גרמים,250.00,100 גרם,false,1,25.90,10.3600,true,1,13109
7290001567814,false,נק.סלמי מעושן איטלקי,מעדני יחיעם,,נק.סלמי מעושן איטלקי 300ג ללא חומר משמר,גרמים,300.00,100 גרם,false,1,21.90,7.3000,true,1,13104
7290001589342,false,נוזל נגד יתושים ספיר,,,נוזל נגד יתושים ספירה אנתוש 70 מל,מיליליטרים,70.00,"100 מ""ל",false,1,12.90,18.4286,true,1,459
7290001591673,false,קניידלך מקמח תפוא500,,,קניידלך מקמח תפוא500גר שלושת האופים קפוא,גרמים,500.00,100 גרם,false,1,19.90,3.9800,true,1,40275
7290001591680,false,קניידלך מקמח מצה 500,,,קניידלך מקמח מצה 500גר שלושת האופים קפוא,גרמים,500.00,100 גרם,false,1,19.90,3.9800,true,1,40274
7290001591703,false,קבב אנגוס עגול 500גר,טיבון ויל,IL,קבב אנגוס עגול 500גר טיבון ויל,גרמים,500.00,100 גרם,false,8,24.90,4.9800,true,1,39708
7290001591710,false,המבורגר אנגוס 600 גר,טיבון ויל,IL,המבורגר אנגוס 600 גרם טיבון ויל,גרמים,600.00,100 גרם,false,12,24.90,4.1500,true,1,39711
7290001591727,false,קבב על מקל 500 גרם ט,טיבון ויל,IL,קבב על מקל 500 גרם טיבון ויל,גרמים,500.00,100 גרם,false,12,24.90,4.9800,true,1,39709
7290001591734,false,נקניקיות מרגז בסגנון,טיבון ויל,IL,נקניקיות מרגז בסגנון מרוקאי 500גר טיבון,גרמים,500.00,100 גרם,false,12,24.90,4.9800,true,1,39712
7290001591741,false,קבבוני טלה 500 גרם ט,טיבון ויל,IL,קבבוני טלה 500 גרם טיבון ויל,גרמים,500.00,100 גרם,false,12,24.90,4.9800,true,1,39710
7290001591758,false,קבב מזרחי בסגנון בית,טיבון ויל,IL,קבב מזרחי בסגנון ביתי אנגוס 600גר טיבון,גרמים,600.00,100 גרם,false,12,24.90,4.1500,true,1,41087
7290001591949,false,שיפודי פרגיות 500גר,טיבון ויל,IL,שיפודי פרגיות 500גר 100% טיבונוויל,גרמים,500.00,100 גרם,false,12,47.90,9.5800,true,1,41088
7290001594117,false,פאנטה ענבים פח 330 פ,,,פאנטה ענבים פח 330 פקדון,מיליליטרים,330.00,"100 מ""ל",false,1,4.90,1.4848,true,1,1785
7290001594155,false,קוקה קולה 500 מל פקד,קוקה קולה,,קוקה קולה 500 מל פקדון,מיליליטרים,500.00,"100 מ""ל",false,1,5.90,1.1800,true,1,344
7290001594230,false,קינלי סודה 250 פקדון,קוקה קולה,,קינלי סודה 250 פקדון,מיליליטרים,250.00,"100 מ""ל",false,1,3.90,1.5600,true,1,1783
7290001594384,false,פריגת אשכוליות 500 מ,פריגת,,פריגת אשכוליות 500 מל פקדון,מיליליטרים,500.00,"100 מ""ל",false,1,5.90,1.1800,true,1,435
7290001594544,false,בירה טובורג מאלט בק,,,בירה טובורג מאלט בק 330 פקדון,מיליליטרים,330.00,"100 מ""ל",false,1,5.50,1.6667,true,1,1034
7290001594568,false,בירה קרלסברג פח 500,קרלסברג ישראל,,בירה קרלסברג פח 500 פקדון,מיליליטרים,500.00,"100 מ""ל",false,1,8.90,1.7800,true,1,217
7290001594575,false,בירה טובורג פח 500 פ,קרלסברג ישראל,,בירה טובורג פח 500 פקדון,מיליליטרים,500.00,"100 מ""ל",false,1,8.90,1.7800,true,1,1035
7290001594810,false,מארז 6 בירה מאלטי בק,,,מארז 6 בירה מאלטי בק 330 פקדון,ליטרים,1.98,ליטר,false,1,31.90,16.1111,true,1,1033
7290001594858,false,מארז 6 בירה טובורג ר,קרלסברג ישראל,,מארז 6 בירה טובורג רד בק 330 פקדון,ליטרים,1.98,ליטר,false,1,34.90,17.6263,true,1,1032
7290001594865,false,מארז 6 בירה קרלסברג,קרלסברג ישראל,,מארז 6 בירה קרלסברג בק 330 פקדון,ליטרים,1.98,ליטר,false,1,34.90,17.6263,true,1,215
7290001670057,false,כפיות לבנות 100 יח ח,,,כפיות לבנות 100 יח חדפ,יחידה,100.00,יחידה,false,1,15.90,0.1590,true,1,1748
7290001670064,false,סכינים לבן 100 יח חד,,,סכינים לבן 100 יח חדפ,Unknown,0.00,Unknown,false,1,15.90,0.0000,true,1,1749
7290001670071,false,כפות לבנות 100 יח חד,,,כפות לבנות 100 יח חדפ,יחידה,100.00,יחידה,false,1,15.90,0.1590,true,1,1747
7290001670224,false,מלית למילוי פרג 400,,,מלית פרג למילוי 400 גרם,גרמים,400.00,100 גרם,false,1,10.90,2.7250,true,1,751
7290001670255,false,כוסות קרטון חד פעמי,,,כוסות קרטון חד פעמי 8בי 50יח,יחידה,50.00,יחידה,false,1,8.90,0.1780,true,1,16310
7290001670354,false,מפת שולחן לבן,,,מפת שולחן לבן,Unknown,0.00,Unknown,false,1,9.90,0.0000,true,1,2533
7290001670385,false,מפיות נייר צבעוני 10,,,מפיות נייר צבעוני 100יח 30/30 סמ,Unknown,0.00,Unknown,false,1,4.90,0.0000,true,1,31921
7290001670408,false,נרות חימום בשקית 50,,,נרות חימום בשקית 50 יח,Unknown,0.00,Unknown,false,1,11.90,0.0000,true,1,4054
7290001670507,false,ממרח תמרים הנמל 450,,,ממרח תמרים הנמל 450 גרם,גרמים,450.00,100 גרם,false,1,9.90,2.2000,true,1,773
7290001670514,false,מלית למילוי אוכמניות,,,מלית אוכמניות למילוי 400 גרם,גרמים,400.00,100 גרם,false,1,10.90,2.7250,true,1,750
7290001670521,false,"מלית תפו""ע 400 גרם",,,מלית תפוח עץ למילוי 400 גרם,גרמים,400.00,100 גרם,false,1,10.90,2.7250,true,1,752
7290001670651,false,מנגל גריל חד פעמי,,,מנגל גריל חד פעמי,Unknown,0.00,Unknown,false,1,18.90,0.0000,true,1,3554
7290001670668,false,שקיות קרחונית 12 יח,,,שקיות קרחונית 12 יח,יחידה,12.00,יחידה,false,1,3.90,0.3250,true,1,6951
7290001670736,false,כפפות ניילון 100 יח,,,כפפות ניילון 100 יח,Unknown,0.00,Unknown,false,1,5.90,0.0000,true,1,3306
7290001670842,false,מלית למילוי חלבה 400,,,מלית חלבה למילוי 400 גר,גרמים,400.00,100 גרם,false,1,10.90,2.7250,true,1,2763
7290001670859,false,מלית דובדבנים למילוי,,,מלית דובדבנים למילוי 400 גר,גרמים,400.00,100 גרם,false,1,10.90,2.7250,true,1,10742
7290001670873,false,צלחות גדולות 1קג לבן,,,צלחות גדולות 1קג לבן,קילוגרמים,1.00,"ק""ג",false,1,42.90,42.9000,true,1,1934
7290001690147,false,גבינה מותכת טעם טוב,,,גבינה מותכת טעם טוב 120גר,גרמים,120.00,100 גרם,false,12,10.00,8.3333,true,1,40064
7290001690208,false,גבינת גאודה פרה 200ג,,NL,גבינת גאודה פרה 200גר גק ציס,גרמים,200.00,100 גרם,false,1,19.90,9.9500,true,1,39453
7290001690215,false,גבינת גאודה עיזים 20,,NL,גבינת גאודה עיזים 200גר גק ציס,גרמים,200.00,100 גרם,false,1,24.90,12.4500,true,1,39454
7290001690376,false,דג אמנון שלם ארוז בו,דלידג,,דג אמנון שלם ארוז בוואקום במשקל,קילוגרמים,1.00,"ק""ג",true,,19.90,19.9000,true,1,39998
7290001690512,false,תות שדה קפוא 250גרם,,,תות שדה קפוא 250גרם שף שגב,גרמים,250.00,100 גרם,false,12,10.90,4.3600,true,1,42176
7290001690529,false,מיקס פירות טרופי קפו,,,מיקס פירות טרופי קפואות 250גר שף שגב,גרמים,250.00,100 גרם,false,12,10.90,4.3600,true,1,42175
7290001690536,false,מיקס פירות יער קפואו,,,מיקס פירות יער קפואות 250גר שף שגב,גרמים,250.00,100 גרם,false,12,10.90,4.3600,true,1,42174
7290001690543,false,חתיכות אננס קפוא 250,,,חתיכות אננס קפוא 250גרם שף שגב,גרמים,250.00,100 גרם,false,12,10.90,4.3600,true,1,42177
7290001690550,false,מיקס תות בננה קפוא 2,,,מיקס תות בננה קפוא 250גרם שף שגב,גרמים,250.00,100 גרם,false,12,10.90,4.3600,true,1,42179
7290001690567,false,נתחי מנגו קפוא 250גר,,,נתחי מנגו קפוא 250גרם שף שגב,גרמים,250.00,100 גרם,false,12,10.90,4.3600,true,1,42178
7290001690574,false,אוכמניות קפואות 250ג,,,אוכמניות קפואות 250גר שף שגב,גרמים,250.00,100 גרם,false,12,10.90,4.3600,true,1,42173
7290001690987,false,דג פילה הייק במשקל,דלידג,,דג פילה הייק במשקל,קילוגרמים,1.00,"ק""ג",true,,57.90,57.9000,true,1,39443
7290001709283,false,מטבל מנגו כבוש 500 ג,,IN,מטבל מנגו כבוש 500 גרם,גרמים,500.00,100 גרם,false,36,17.90,3.5800,true,1,42342
7290001709290,false,מטבל מנגו פלפל צילי,,IN,מטבל מנגו פלפל צילי ולימון כבוש 500 גרם,גרמים,500.00,100 גרם,false,36,17.90,3.5800,true,1,42343
7290001709467,false,חטיף הודי מטבעות פאנ,,IN,חטיף הודי מטבעות פאני פורי 200 גרם,גרמים,200.00,100 גרם,false,40,19.90,9.9500,true,1,42340
7290001710135,false,סטייק עוף ארוז במשקל,מעדני הטלה,IL,סטייק עוף ארוז במשקל מעדני הטלה,קילוגרמים,1.00,"ק""ג",true,,22.90,22.9000,true,1,30937
7290001713150,false,קצף ניקוי אקונומיקה,קומפלקס כימיקלים,IL,מסיר אבנית 750מל סנט מוריץ,ליטרים,1.00,ליטר,false,15,9.90,9.9000,true,1,21857
7290001713167,false,קצף ניקוי כללי 1 ליט,קומפלקס כימיקלים,IL,קצף ניקוי כללי 1 ליטר סנט מוריץ,ליטרים,1.00,ליטר,false,12,10.90,10.9000,true,1,23456
7290001713211,false,נוזל רצפות סופר מבוש,,TR,נוזל רצפות סופר מבושם 2.5ליטר מאסק,מיליליטרים,2500.00,"100 מ""ל",false,8,10.90,0.4360,true,1,29644
7290001713228,false,נוזל רצפות סופר מבוש,,TR,נוזל רצפות סופר מבושם 2.5ליטר כחול,מיליליטרים,2500.00,"100 מ""ל",false,8,10.90,0.4360,true,1,29642
7290001713235,false,נוזל רצפות סופר מבוש,,TR,נוזל רצפות סופר מבושם 2.5ליטר סגול,מיליליטרים,2500.00,"100 מ""ל",false,8,10.90,0.4360,true,1,29643
7290001713488,false,נוזל חלונות 5 ליטר,קומפלקס כימיקלים,IL,נוזל חלונות 5 ליטר  סנט מוריץ לרכב ולבית,ליטרים,1.00,ליטר,false,5,11.90,11.9000,true,1,22587
7290001713860,false,מרכך כביסה 1 ליטר בנ,קומפלקס כימיקלים,TR,מרכך כביסה 1 ליטר בניחוח מלון ספא,ליטרים,1.00,ליטר,false,12,10.90,10.9000,true,1,38556
7290001713884,false,מטליות רצפה מיקרופיי,קומפלקס כימיקלים,IL,מטליות רצפה מיקרופייבר 3יח סנט מוריץ,יחידה,3.00,יחידה,false,24,13.90,4.6333,true,1,22876
7290001713891,false,מטליות מיקרופייבר לש,קומפלקס כימיקלים,IL,מטליות מיקרופייבר לשיש 5יח סנט מוריץ,יחידה,5.00,יחידה,false,24,6.90,1.3800,true,1,5062
7290001713907,false,אקונומיקה סמיכה 4ליט,קומפלקס כימיקלים,IL,אקונומיקה סמיכה 4ליטר בלנקו גל,ליטרים,4.00,ליטר,false,4,9.90,2.4750,true,1,25675
7290001713914,false,סבונומיקה מקציפה 4 ל,קומפלקס כימיקלים,IL,סבונומיקה מקציפה 4 ליטר סמיכה סנט מוריץ,ליטרים,4.00,ליטר,false,4,9.90,2.4750,true,1,26489
7290001713921,false,אקונומיקה מבושמת 4 ל,קומפלקס כימיקלים,IL,אקונומיקה מבושמת 4 ליטר מלבינה,ליטרים,4.00,ליטר,false,4,8.90,2.2250,true,1,29645
7290001780428,false,מאגדת שלגון דיאט שוק,גלידות נסטלה,,מאגדת שלגון דיאט שוקולד 6 יח,גרמים,312.00,100 גרם,false,1,29.90,9.5833,true,1,3199
7290001791349,false,אקונומיקה פסגה ריחני,,,אקונומיקה פסגה ריחנית 4 ל,ליטרים,4.00,ליטר,false,1,10.90,2.7250,true,1,3972
7290001791356,false,מ.אויר סנו פרש אוטומ,,,מ.אויר סנו פרש אוטומאיק לבנדר 250 מל,מיליליטרים,250.00,"100 מ""ל",false,1,14.90,5.9600,true,1,4110
7290001791363,false,מ.אויר סנו פרש אוטומ,,,מ.אויר סנו פרש אוטומאיק וניל 250 מל,מיליליטרים,250.00,"100 מ""ל",false,1,14.90,5.9600,true,1,4111
7290001791776,false,סנו די דוחה יתושים א,,,סנו די דוחה יתושים אלוורה,מיליליטרים,50.00,"100 מ""ל",false,1,17.90,35.8000,true,1,4021
7290001817377,false,חטיף ציטוס איקס עיגו,STRAUSS-ISRAEL,,חטיף ציטוס איקס עיגול 60 גרם,Unknown,0.00,Unknown,false,1,3.60,0.0000,true,1,271
7290001817728,false,חטיף ציטוס כאפה 55 ג,STRAUSS-ISRAEL,,חטיף ציטוס כאפה 55 גרם,Unknown,0.00,Unknown,false,1,3.60,0.0000,true,1,1943
7290001835364,false,פרמיו חטיפי ברווז 10,,CN,פרמיו חטיפי ברווז 100 גר,גרמים,100.00,100 גרם,false,10,14.90,14.9000,true,1,42696
7290001865439,false,פמילי אל סבון לבן 1,אינטרקוסמא,,פמילי אל סבון לבן 1 ל משאבה,ליטרים,1.00,ליטר,false,1,10.90,10.9000,true,1,3178
7290001865453,false,פמילי אל סבון  לבנדר,אינטרקוסמא,,פמילי אל סבון  לבנדר 1 ל משאבה,ליטרים,1.00,ליטר,false,1,10.90,10.9000,true,1,3179
7290001865460,false,פמילי אל סבון  קוקוס,אינטרקוסמא,,פמילי אל סבון  קוקוס 1 ל משאבה,ליטרים,1.00,ליטר,false,1,10.90,10.9000,true,1,29165
7290001873441,false,המבורגר בלאק אנגוס 3,טיבון ויל,IL,המבורגר בלאק אנגוס 320גר,גרמים,320.00,100 גרם,false,6,27.90,8.7187,true,1,23783
7290001873458,false,סטייק בורגר בלאק אנג,טיבון ויל,IL,סטייק בורגר בלאק אנגוס 320גר,גרמים,320.00,100 גרם,false,6,27.90,8.7187,true,1,23784
7290001873472,false,קבב בלאק אנגוס 320גר,טיבון ויל,IL,קבב בלאק אנגוס 320גר,גרמים,320.00,100 גרם,false,6,27.90,8.7187,true,1,23785
7290001873489,false,קרפצו בלאק אנגוס 120,טיבון ויל,IL,קרפצו בלאק אנגוס 120גר,גרמים,120.00,100 גרם,false,15,21.90,18.2500,true,1,23786
7290001873670,false,נתחי פילה סלמון ללא,דלידג,,נתחי פילה סלמון ללא עור קפוא,קילוגרמים,1.00,"ק""ג",true,,85.00,85.0000,true,1,26325
7290001881040,false,מלפפון בייבי כבוש במ,מאמא מרי,,מלפפון בייבי כבוש במלח 600גר,גרמים,600.00,100 גרם,false,1,28.90,4.8167,true,1,10134
7290001881095,false,עגבניות שרי כבושות 5,מאמא מרי,,עגבניות שרי כבושות 500 גרם,גרמים,500.00,100 גרם,false,1,28.90,5.7800,true,1,10135
7290001881224,false,אננס 300 גרם,מאמא מרי,,אננס 300 גרם,גרמים,300.00,100 גרם,false,1,15.90,5.3000,true,1,15418
7290001881231,false,מנגו 300 גרם,מאמא מרי,,מנגו 300 גרם,גרמים,300.00,100 גרם,false,1,17.90,5.9667,true,1,16046
7290001881293,false,תות שדה קפוא 300גר,מאמא מרי,,תות שדה קפוא 300גר,גרמים,300.00,100 גרם,false,1,11.90,3.9667,true,1,18196
7290001881873,false,כרוב עם חמוציות כבוש,מאמא מרי,,כרוב עם חמוציות כבוש 750 גרם,גרמים,750.00,100 גרם,false,1,19.90,2.6533,true,1,10138
7290001881972,false,קיווי קפוא 300גר,מאמא מרי,,קיווי קפוא 300גר,גרמים,300.00,100 גרם,false,1,15.90,5.3000,true,1,18198
7290001881989,false,פסיפלורה קפוא 300גר,מאמא מרי,,פסיפלורה קפוא 300גר,גרמים,300.00,100 גרם,false,1,15.90,5.3000,true,1,18197
7290001892008,false,לחם סקנדינבי 700 גרם,,IL,לחם סקנדינבי 700 גרם פולנסקי,גרמים,700.00,100 גרם,false,1,11.90,1.7000,true,1,32613
7290001892015,false,לחם בורודינסקי 700 ג,,IL,לחם בורודינסקי 700 גרם פולנסקי,גרמים,700.00,100 גרם,false,1,11.90,1.7000,true,1,32614
7290001892060,false,לחם שיפון פרוס 650 ג,,IL,לחם שיפון פרוס 650 גרם פולנסקי,גרמים,650.00,100 גרם,false,1,11.90,1.8308,true,1,32619
7290001892077,false,לחם כפרי/שיפון/אוקרא,,IL,לחם כפרי/שיפון/אוקראיני 700 גרם פולנסקי,גרמים,700.00,100 גרם,false,1,11.90,1.7000,true,1,32618
7290001892084,false,לחם חיטה נבוטה 700 ג,,IL,לחם חיטה נבוטה 700 גרם פולנסקי,גרמים,700.00,100 גרם,false,1,11.90,1.7000,true,1,33062
7290001892107,false,לחם טוסט שיפון/דגנים,,IL,לחם טוסט שיפון/דגנים 1.2קג פולנסקי,גרמים,1200.00,100 גרם,false,1,16.90,1.4083,true,1,32623
7290001892121,false,לחם כוסמין 700 גרם,,IL,לחם כוסמין 700 גרם  פולנסקי,גרמים,700.00,100 גרם,false,1,16.90,2.4143,true,1,32622
7290001892145,false,לחם סנדוויץ לבן/דגני,,IL,לחם סנדוויץ לבן/דגנים/שיפון 700גר פולנסק,גרמים,700.00,100 גרם,false,1,11.90,1.7000,true,1,32620
7290001892152,false,לחם טוסט לבן 1.2 קג,,IL,לחם טוסט לבן 1.2 קג פולנסקי,גרמים,1200.00,100 גרם,false,1,16.90,1.4083,true,1,32624
7290001917527,false,פדיות קוסמטיות להסרת,,,פדיות קוסמטיות להסרת איפור 1/3,Unknown,0.00,Unknown,false,1,15.90,0.0000,true,1,3186
7290001973233,false,מגבוני קמיל בלו סנסט,פישר תעשיות,,מגבוני קמיל בלו סנסטייב 120 יח בקופסא,יחידה,120.00,יחידה,false,1,10.90,0.0908,true,1,5001
7290001973332,false,מגבונים לפנים קמיל ב,פישר תעשיות,,מגבונים לפנים קמיל בלו 60 יח,יחידה,60.00,יחידה,false,1,6.90,0.1150,true,1,4999
7290001990117,false,שומשום סוגת 100 גרם,סוגת תעשיות בעמ,,שומשום סוגת 100 גרם,גרמים,100.00,100 גרם,false,1,4.50,4.5000,true,1,1806
7290001990148,false,סוכר גולדן קלאסי צנצ,סוגת תעשיות בעמ,,סוכר גולדן קלאסי צנצנת 1 קג סוגת,קילוגרמים,1.00,"ק""ג",false,1,12.90,12.9000,true,1,4465
7290001990261,false,חומוס סוגת 1 קג,סוגת תעשיות בעמ,,חומוס סוגת 1 קג,קילוגרמים,1.00,"ק""ג",false,1,14.90,14.9000,true,1,4685
7290001990278,false,שעועית לבנה סוגת 1 ק,סוגת תעשיות בעמ,,שעועית לבנה סוגת 1 קג,קילוגרמים,1.00,"ק""ג",false,1,18.90,18.9000,true,1,4704
7290001990377,false,שעועית בובס סוגת 500,סוגת תעשיות בעמ,,שעועית בובס סוגת 500 גרם,גרמים,500.00,100 גרם,false,1,11.90,2.3800,true,1,2605
7290001990391,false,אפונה סוגת 1 קג,סוגת תעשיות בעמ,,אפונה סוגת 1 קג,קילוגרמים,1.00,"ק""ג",false,1,11.90,11.9000,true,1,4663
7290001990407,false,עדשים ירוקים סוגת 1,סוגת תעשיות בעמ,,עדשים ירוקים סוגת 1 קג,קילוגרמים,1.00,"ק""ג",false,1,14.90,14.9000,true,1,4699
7290001990414,false,עדשים אדומים סוגת 1,סוגת תעשיות בעמ,,עדשים אדומים סוגת 1 קג,קילוגרמים,1.00,"ק""ג",false,1,14.90,14.9000,true,1,4664
7290001990421,false,פופקורן סוגת 1 קג,סוגת תעשיות בעמ,,פופקורן סוגת 1 קג,קילוגרמים,1.00,"ק""ג",false,1,9.90,9.9000,true,1,4785
7290002000136,false,שעוות דבש למיקרוגל מ,,,שעוות דבש למיקרוגל מגע המשי 500 ג,גרמים,500.00,100 גרם,false,1,21.90,4.3800,true,1,1935
7290002000143,false,קרם ידיים פנגל קלאסי,,,קרם ידיים פנגל קלאסיק  80 מל,Unknown,0.00,Unknown,false,1,7.90,0.0000,true,1,220
7290002000266,false,שעוות התפוח למיקרוגל,,,שעוות התפוח למיקרוגל מגע המשי 500 ג,גרמים,500.00,100 גרם,false,1,21.90,4.3800,true,1,1936
7290002001782,false,קרם לכף רגל פנגל 100,,,קרם לכף רגל פנגל 100 מל,מיליליטרים,100.00,"100 מ""ל",false,1,14.90,14.9000,true,1,412
7290002002611,false,שעווה קרה הדבש מגע ה,,,שעווה קרה הדבש מגע המשי 500 ג,גרמים,500.00,100 גרם,false,1,21.90,4.3800,true,1,1937
7290002002635,false,שעוות הדבש לפנים מגע,,,שעוות הדבש לפנים מגע השמי 80 גרם,Unknown,0.00,Unknown,false,1,17.90,0.0000,true,1,1938
7290002002857,false,נייר להסרת שיער מגע,,,נייר להסרת שיער מגע המשי 50 יח,יחידה,50.00,יחידה,false,1,21.90,0.4380,true,1,1939
7290002003168,false,מארז 3 יח קרם ידיים,,,מארז 3 יח קרם ידיים פנגל קלאסיק 240 מל,מיליליטרים,240.00,"100 מ""ל",false,1,17.90,7.4583,true,1,5996
7290002007029,false,קוקוס 100 גרם,,,קוקוס 100 גרם,גרמים,100.00,100 גרם,false,1,3.90,3.9000,true,1,345
7290002007036,false,כוסמת 500 גרם,,,כוסמת 500 גרם,גרמים,500.00,100 גרם,false,1,7.90,1.5800,true,1,911
7290002007180,false,קמח תירס 500 גרם,,,קמח תירס 500 גרם,גרמים,500.00,100 גרם,false,1,4.90,0.9800,true,1,173
7290002007234,false,אבקת סוכר 100 גרם,,,אבקת סוכר 100 גרם,גרמים,100.00,100 גרם,false,1,2.00,2.0000,true,1,1351
7290002007241,false,סודה לשתיה הנמל 50 ג,,,סודה לשתיה הנמל 50 גרם,Unknown,0.00,Unknown,false,1,2.00,0.0000,true,1,549
7290002007302,false,מזרה צנצנת 100 גרם,,,מזרה צנצנת 100 גרם,גרמים,100.00,100 גרם,false,1,4.90,4.9000,true,1,863
7290002007357,false,שקיות צליה 10 יח,,,שקיות צליה 10 יח,Unknown,0.00,Unknown,false,1,4.90,0.0000,true,1,78
7290002007371,false,פירורי לחם הנמל 500,,,פירורי לחם 500 גר,גרמים,500.00,100 גרם,false,1,6.90,1.3800,true,1,397
7290002007401,false,קליפות הדרים מסוכרים,,,קליפות הדרים מסוכרים 100 גרם,גרמים,100.00,100 גרם,false,1,6.50,6.5000,true,1,166
7290002007487,false,צמר פלדה 100 גרם,,,צמר פלדה 100 גרם,Unknown,0.00,Unknown,false,1,2.90,0.0000,true,1,289
7290002007500,false,קסמי שיניים בחבית 50,,,קסמי שיניים בחבית 500 יח,יחידה,500.00,יחידה,false,1,3.90,0.0078,true,1,183
7290002007623,false,כוסות ליין 50 יח,,,כוסות ליין 50 יח,יחידה,50.00,יחידה,false,1,5.90,0.1180,true,1,909
7290002007746,false,צבע מאכל כחול 55 מל,,,צבע מאכל כחול 55 מל,מיליליטרים,55.00,"100 מ""ל",false,1,3.50,6.3636,true,1,275
7290002007821,false,צבע מאכל אדום 55 מל,,,צבע מאכל אדום 55 מל,מיליליטרים,55.00,"100 מ""ל",false,1,2.90,5.2727,true,1,273
7290002007852,false,תמצית אפיה וניל 55 מ,,,"תמצית אפיה וניל 55 מ""ל",מיליליטרים,55.00,"100 מ""ל",false,1,2.90,5.2727,true,1,1401
7290002007890,false,כוסות פלסטיק חד פעמי,,,כוסות פלסטיק חד פעמי 100 יח,יחידה,100.00,יחידה,false,1,9.90,0.0990,true,1,908
7290002007937,false,כפפות לטקס אקסטרא לא,,,כפפות לטקס אקסטרא לארג 100 יח,Unknown,0.00,Unknown,false,1,39.90,0.0000,true,1,2242
7290002007944,false,כפפות לטקס לארג 100,,,כפפות לטקס לארג 100 יח,Unknown,0.00,Unknown,false,1,19.90,0.0000,true,1,3798
7290002007975,false,צלחות קטנות 50 יח,,,צלחות קטנות 50 יח,יחידה,50.00,יחידה,false,1,10.90,0.2180,true,1,281
7290002007982,false,מזלגות לבנים 100 יח,,,מזלגות לבנים 100 יח חדפ,יחידה,100.00,יחידה,false,1,15.90,0.1590,true,1,600
7290002007999,false,צלחות חד פעמי גדולות,,,צלחות חד פעמי גדולות 50 יח,יחידה,50.00,יחידה,false,1,16.90,0.3380,true,1,278
7290002008002,false,כפפות לטקס מדיום 100,,,כפפות לטקס מדיום 100 יח,Unknown,0.00,Unknown,false,1,19.90,0.0000,true,1,276
7290002008040,false,שיפודים 30 סמ 100 יח,,,שיפודים 30 סמ 100 יח,יחידה,100.00,יחידה,false,1,3.90,0.0390,true,1,150
7290002008057,false,"תמצית אפיה רום 55 מ""",,,"תמצית אפיה רום 55 מ""ל",מיליליטרים,55.00,"100 מ""ל",false,1,2.90,5.2727,true,1,1402
7290002008071,false,עטרות חום 2,,,עטרות חום 2,Unknown,0.00,Unknown,false,1,3.90,0.0000,true,1,493
7290002008088,false,"צבע מאכל צהוב 55 מ""ל",,,"צבע מאכל צהוב 55 מ""ל",מיליליטרים,55.00,"100 מ""ל",false,1,2.90,5.2727,true,1,2658
7290002008118,false,צמרונים עץ 100 יח בש,,,צמרונים עץ 100 יח בשקית,יחידה,100.00,יחידה,false,1,1.20,0.0120,true,1,290
7290002008149,false,מדליק פחם מוצק,,,מדליק פחם מוצק,Unknown,0.00,Unknown,false,1,6.90,0.0000,true,1,848
7290002008156,false,עטרות חום 5,,,עטרות חום 5,Unknown,0.00,Unknown,false,1,4.90,0.0000,true,1,496
7290002008170,false,עטרות חום 3,,,עטרות חום 3,Unknown,0.00,Unknown,false,1,3.90,0.0000,true,1,494
7290002008187,false,קשים מתקפלים 40 יח,,,קשים מתקפלים 40 יח,Unknown,0.00,Unknown,false,1,1.90,0.0000,true,1,241
7290002008224,false,מזרה עגול צנצנת 100,,,מזרה עגול צנצנת 100 גרם,גרמים,60.00,100 גרם,false,1,4.90,8.1667,true,1,862
7290002008231,false,אציטון 100 מל,,,אציטון 100 מל,מיליליטרים,100.00,"100 מ""ל",false,1,4.90,4.9000,true,1,10459
7290002008255,false,נייר לאפיה 10 יח,,,נייר לאפיה 10 יח,Unknown,0.00,Unknown,false,1,3.10,0.0000,true,1,684
7290002008262,false,מצע נושם לפירות ירקו,,,מצע נושם לפירות ירקות,יחידה,1.00,יחידה,false,1,9.90,9.9000,true,1,2213
7290002008309,false,עטרות חום 4,,,עטרות חום 4,Unknown,0.00,Unknown,false,1,4.90,0.0000,true,1,495
7290002008347,false,קורנפלור 500 גרם,,,קורנפלור 500 גרם,גרמים,500.00,100 גרם,false,1,6.50,1.3000,true,1,357
7290002008354,false,מפת נילון 8 יח,,,מפת נילון 8 יח,Unknown,0.00,Unknown,false,1,7.90,0.0000,true,1,804
7290002008439,false,דפים לסנדויץ 100 יח,,,דפים לסנדויץ 100 יח,Unknown,0.00,Unknown,false,1,4.90,0.0000,true,1,1089
7290002008460,false,עטרות חום 1.5,,,עטרות חום 1.5,Unknown,0.00,Unknown,false,1,2.90,0.0000,true,1,25
7290002008491,false,מזרה שוקו צנצנת 100,,,מזרה שוקו צנצנת 100 גרם,גרמים,100.00,100 גרם,false,1,5.90,5.9000,true,1,864
7290002008507,false,נייר לאפיה 50 יח,,,נייר לאפיה 50 יח,Unknown,0.00,Unknown,false,1,9.90,0.0000,true,1,685
7290002008569,false,מלבין קפה 200 ג בקופ,,,מלבין קפה 200 ג בקופסא,גרמים,200.00,100 גרם,false,1,14.90,7.4500,true,1,3468
7290002008576,false,מפיות מפיון 100 יח ק,,,מפיות מפיון 100 יח קופסא הנמל,יחידה,100.00,יחידה,false,1,3.50,0.0350,true,1,803
7290002008620,false,צבע מאכל ירוק 55 מל,,,צבע מאכל ירוק 55 מל,מיליליטרים,55.00,"100 מ""ל",false,1,2.90,5.2727,true,1,274
7290002008651,false,קמח תפוח אדמה 500 גר,,,קמח תפוח אדמה 500 גרם,גרמים,500.00,100 גרם,false,1,5.90,1.1800,true,1,175
7290002008668,false,צמרונים קלירי 200 יח,,,צמרונים קלירי 200 יח,יחידה,200.00,יחידה,false,1,5.00,0.0250,true,1,291
7290002008743,false,סוכר וניל 10 יח,,,סוכר וניל 10 יח,גרמים,100.00,100 גרם,false,1,3.00,3.0000,true,1,553
7290002008750,false,אבקת אפיה 10 יח,,,אבקת אפיה 10 יח,גרמים,100.00,100 גרם,false,1,3.00,3.0000,true,1,1346
7290002008774,false,שומשום הנמל 200 גר,,,שומשום הנמל 200 גר,גרמים,200.00,100 גרם,false,1,6.90,3.4500,true,1,126
7290002008835,false,מגן כיריים,,,מגן כיריים,Unknown,0.00,Unknown,false,1,4.90,0.0000,true,1,844
7290002008989,false,קישקשים 225 יח,,,קישקשים 225 יח,Unknown,0.00,Unknown,false,1,10.90,0.0000,true,1,2131
7290002013006,false,פסטרממיה מקסיקנית במ,,IL,פסטרממיה מקסיקנית במשקל,קילוגרמים,1.00,"ק""ג",true,,66.00,66.0000,true,1,42194
7290002013037,false,פסטרמה פרגיות על לבנ,,IL,פסטרמה פרגיות על לבנים במשקל,קילוגרמים,1.00,"ק""ג",true,,66.00,66.0000,true,1,42195
7290002013174,false,פסטרמה של פעם במשקל,,IL,פסטרמה של פעם במשקל,קילוגרמים,1.00,"ק""ג",true,,66.00,66.0000,true,1,42196
7290002019787,false,רוטב עגבניות 260 ג פ,פריניר,,רוטב עגבניות 260 ג פלסטי פריניר,גרמים,260.00,100 גרם,false,1,3.80,1.4615,true,1,110
7290002019794,false,רוטב עגבניות 100 ג פ,פריניר,,רוטב עגבניות 100 ג פלסטיק פריניר,גרמים,100.00,100 גרם,false,1,1.90,1.9000,true,1,109
7290002022923,false,לקקן כרמית תות 50 יח,שוגבי,,לקקן כרמית תות 50 יח שקית,יחידה,50.00,יחידה,false,1,16.90,0.3380,true,1,3431
7290002026341,false,ציפס בטטה  500  גרם,,,ציפס בטטה  500  גרם אריסטו קראנץ,גרמים,500.00,100 גרם,false,1,15.90,3.1800,true,1,11002
7290002026358,false,ציפס בטטה זיגזג 500,,,ציפס בטטה זיגזג 500 גרם אריסטו קראנץ,גרמים,500.00,100 גרם,false,1,15.90,3.1800,true,1,11001
7290002026365,false,טבעות בצל  500  גרם,,,טבעות בצל  500  גרם אריסטו קראנץ,גרמים,500.00,100 גרם,false,1,12.90,2.5800,true,1,11000
7290002026402,false,בלינצס גבינה בראנץ א,מוצרי איכות אמריקאיי,,בלינצס גבינה בראנץ אנד קראנץ קפוא 5יח,גרמים,350.00,100 גרם,false,1,15.50,4.4286,true,1,8976
7290002026440,false,בייגלה פרצלס בראנץ א,מוצרי איכות אמריקאיי,,בייגלה פרצלס בראנץ אנד קראנץ קפוא 4יח,גרמים,280.00,100 גרם,false,1,15.50,5.5357,true,1,8822
7290002026587,false,וופל בלגי בראנץ אנד,מוצרי איכות אמריקאיי,,וופל בלגי בראנץ אנד קראנץ קפוא 8יח,גרמים,280.00,100 גרם,false,10,15.50,5.5357,true,1,23572
7290002026891,false,מאגדת גל.בן אנד גריס,בן & ג'ריס,,מאגדת גל.בן אנד גריס קוקיס מיקס 288גר,גרמים,288.00,100 גרם,false,1,24.90,8.6458,true,1,16447
7290002026976,false,גל.וניל בן אנד גריס,מוצרי איכות אמריקאיי,,גל.וניל בן אנד גריס מילק אנד קוקיס 500מל,מיליליטרים,500.00,"100 מ""ל",false,1,19.90,3.9800,true,1,20455
7290002037040,false,חלה פלוס ודש 500 גרם,מאפית י.את א. ברמן ב,,חלה פלוס ודש 500 גרם,גרמים,500.00,100 גרם,false,1,13.90,2.7800,true,1,1009
7290002037057,false,לחם לבן פרוס 500 גרם,מאפית י.את א. ברמן ב,,לחם לבן פרוס 500 גרם***,גרמים,500.00,100 גרם,false,1,6.10,1.2200,true,1,968
7290002037125,false,חלה פרוסה 500 גרם,מאפית י.את א. ברמן ב,,חלה פרוסה 500 גרם,גרמים,500.00,100 גרם,false,1,9.90,1.9800,true,1,1008
7290002037309,false,מארז 2+6 לחמניה המבו,מאפית י.את א. ברמן ב,,מארז 2+6 לחמניה המבורגר 50 גרם,גרמים,400.00,100 גרם,false,1,13.90,3.4750,true,1,817
7290002037637,false,מארז 4 חליה מתוקה 90,מאפית י.את א. ברמן ב,,מארז 4 חליה מתוקה 90 גרם,גרמים,350.00,100 גרם,false,1,12.90,3.6857,true,1,1324
7290002040019,false,קוסקוס רגיל 350 גרם,,,קוסקוס רגיל 350 גרם,גרמים,350.00,100 גרם,false,1,5.50,1.5714,true,1,340
7290002040064,false,קוסקוס דק 350 גרם,,,קוסקוס דק 350 גרם,גרמים,350.00,100 גרם,false,1,5.50,1.5714,true,1,338
7290002040071,false,קוסקוס עבה 350 גרם,,,קוסקוס עבה 350 גרם,גרמים,350.00,100 גרם,false,1,5.50,1.5714,true,1,339
7290002040088,false,קוסקוס מלא 350 ג,,,קוסקוס מלא 350 ג,גרמים,350.00,100 גרם,false,1,6.50,1.8571,true,1,3769
7290002040095,false,מארז 3 יח קוסקוס בשק,,,מארז 3 יח קוסקוס בשקית 350 גרם,קילוגרמים,1050.00,"ק""ג",false,1,15.90,0.0151,true,1,4313
7290002043102,false,פריכיות אורז חום 7 ז,,BG,תערובת לחמים,גרמים,200.00,100 גרם,false,8,13.90,6.9500,true,1,29009
7290002043188,false,ציפס אורז חום צילי ח,,BG,ציפס אורז חום צילי חריף 60 גרם,Unknown,0.00,Unknown,false,24,6.90,0.0000,true,1,29023
7290002043218,false,ציפס אורז חום מלא מל,,BG,ציפס אורז חום מלא מלוח 60 גרם,Unknown,0.00,Unknown,false,24,6.90,0.0000,true,1,29022
7290002043225,false,ציפס אורז חום פפריקה,,BG,ציפס אורז חום פפריקה 60 גרם,Unknown,0.00,Unknown,false,24,6.90,0.0000,true,1,29024
7290002043232,false,ציפס אורז חום טקסס ב,,BG,ציפס אורז חום טקסס ברביקיו 120 גרם,גרמים,120.00,100 גרם,false,12,10.90,9.0833,true,1,29029
7290002043294,false,ציפס אורז חום טקסס ב,,BG,שום שמיר 1 קג,Unknown,0.00,Unknown,false,16,3.90,0.0000,true,1,29005
7290002043331,false,ציפס אורז חום כוסמת,,BG,ציפס אורז חום כוסמת 60 גרם,Unknown,0.00,Unknown,false,24,7.90,0.0000,true,1,29025
7290002043348,false,ציפס אורז חום ציה וק,,BG,ציפס אורז חום ציה וקינואה 60 גרם,Unknown,0.00,Unknown,false,24,7.90,0.0000,true,1,29026
7290002043355,false,ציפס אורז חום זרעי ח,,BG,ציפס אורז חום זרעי חמניות 60 גרם,Unknown,0.00,Unknown,false,24,7.90,0.0000,true,1,29027
7290002043379,false,ציפס אורז חום עדשים,,BG,אורז מקסיקני,Unknown,0.00,Unknown,false,24,7.90,0.0000,true,1,29010
7290002043386,false,ציפס אורז חום שעועית,,BG,ציפס אורז חום שעועית מש 60 גרם,Unknown,0.00,Unknown,false,24,7.90,0.0000,true,1,29028
7290002043782,false,ציפס אורז חום טקסס ב,,BG,ציפס אורז חום טקסס ברביקיו 60 גרם,Unknown,0.00,Unknown,false,24,6.90,0.0000,true,1,29021
7290002043829,false,פריכיות אורז חום מלח,,BG,פריכיות אורז חום מלח הימלאיה 200 גרם,גרמים,200.00,100 גרם,false,8,13.90,6.9500,true,1,29037
7290002053088,false,אטריות ביצים מס 8 או,,,אטריות ביצים מס 8 אורינט 200 גר,גרמים,200.00,100 גרם,false,1,6.90,3.4500,true,1,6787
7290002053095,false,אטריות ביצים מס 10 א,,,אטריות ביצים מס 10 אוריינט 200 גר,גרמים,200.00,100 גרם,false,1,6.90,3.4500,true,1,1246
7290002053101,false,אטריות ביצים מס 12 א,,,אטריות ביצים מס 12 אוריינט 200 גר,גרמים,200.00,100 גרם,false,1,6.90,3.4500,true,1,1247
7290002053118,false,אטריות ביצים מס 14 א,,,אטריות ביצים מס 14 אורינט 200 גר,גרמים,200.00,100 גרם,false,1,6.90,3.4500,true,1,1248
7290002053354,false,אטריות נודלס סיני 30,,,אטריות נודלס סיני 300 גר אוריינט,גרמים,300.00,100 גרם,false,1,9.90,3.3000,true,1,1942
7290002053538,false,איטריות נודלס תאילנד,,,איטריות נודלס תאילנדי100+400 גר אוריינט,גרמים,500.00,100 גרם,false,1,13.90,2.7800,true,1,6932
7290002057017,false,זית ירוק נובו דה סקר,,,זית ירוק נובו דה סקרנה יבנה א/2,גרמים,540.00,100 גרם,false,1,8.90,1.6481,true,1,3893
7290002057031,false,זית ירוק מבוקע פיקנט,,,זית ירוק מבוקע פיקנטי א/2 יבנה,גרמים,540.00,100 גרם,false,1,8.90,1.6481,true,1,3588
7290002057048,false,זית ירוק סורי מבוקע,,,זית ירוק סורי מבוקע א/2 יבנה,גרמים,540.00,100 גרם,false,1,10.50,1.9444,true,1,3584
7290002057055,false,זית ירוק סורי שלם א/,,,זית ירוק סורי שלם א/2 יבנה,גרמים,540.00,100 גרם,false,1,10.50,1.9444,true,1,3583
7290002057062,false,זית ירוק מנזלינו בינ,,,זית ירוק מנזלינו בינוני א/2 יבנה,גרמים,540.00,100 גרם,false,1,6.90,1.2778,true,1,3599
7290002057093,false,זית ירוק מנזלינו גדו,,,זית ירוק מנזלינו גדול א/2 יבנה,גרמים,540.00,100 גרם,false,1,7.90,1.4630,true,1,3581
7290002057109,false,זית ירוק מנזלינו גדו,,,זית ירוק מנזלינו גדול מאוד א/2 יבנה,גרמים,540.00,100 גרם,false,1,8.90,1.6481,true,1,3582
7290002057123,false,זית חרוזית ירוק יבנה,,,זית חרוזית ירוק יבנה א/2,גרמים,540.00,100 גרם,false,1,9.50,1.7593,true,1,3438
7290002057161,false,זית שחור מרינט ביין,,,זית שחור מרינט ביין ג.מ. א/2 יבנה,גרמים,540.00,100 גרם,false,1,8.90,1.6481,true,1,3586
7290002057178,false,זית שחור טבעי גדול א,,,זית שחור טבעי גדול א/2 יבנה,גרמים,540.00,100 גרם,false,1,8.90,1.6481,true,1,3587
7290002057185,false,טבעות זית ירוק א/2 י,,,טבעות זית ירוק א/2 יבנה,גרמים,540.00,100 גרם,false,1,9.50,1.7593,true,1,3585
7290002057352,false,מלפפון במלח 7-9 א/2,,,מלפפון במלח 7-9 א/2 יבנה,גרמים,540.00,100 גרם,false,1,6.50,1.2037,true,1,3518
7290002057369,false,מלפפון במלח 10-12 א/,,,מלפפון במלח 10-12 א/2 יבנה,גרמים,540.00,100 גרם,false,1,7.50,1.3889,true,1,3576
7290002057376,false,מלפפון במלח 13-17 א/,,,מלפפון במלח 13-17 א/2 יבנה,גרמים,540.00,100 גרם,false,1,9.90,1.8333,true,1,3437
7290002057383,false,מלפפון במלח 18-25 א/,,,מלפפון במלח 18-25 א/2 יבנה,גרמים,540.00,100 גרם,false,1,12.90,2.3889,true,1,3579
7290002057437,false,שיפקונת 560 גרם קבוצ,,IL,שיפקונת 560 גרם קבוצת יבנה,גרמים,560.00,100 גרם,false,12,9.90,1.7679,true,1,27134
7290002057451,false,מלפפון בחומץ 7-9 א/2,,,מלפפון בחומץ 7-9 א/2 יבנה,גרמים,540.00,100 גרם,false,1,6.50,1.2037,true,1,3574
7290002057468,false,מלפפון בחומץ 10-12 א,,,מלפפון בחומץ 10-12 א/2 יבנה,גרמים,540.00,100 גרם,false,1,7.50,1.3889,true,1,3575
7290002057475,false,מלפפון בחומץ 13-17 א,,,מלפפון בחומץ 13-17 א/2 יבנה,גרמים,540.00,100 גרם,false,1,9.90,1.8333,true,1,3577
7290002057482,false,מלפפון בחומץ 18-25 א,,,מלפפון בחומץ 18-25 א/2 יבנה,גרמים,540.00,100 גרם,false,1,12.90,2.3889,true,1,3578
7290002057604,false,פלפל שיפקה כבוש א/2,,,פלפל שיפקה כבוש א/2 יבנה,גרמים,540.00,100 גרם,false,1,5.90,1.0926,true,1,3573
7290002057628,false,טבעות זית מושחר א/2,,,טבעות זית מושחר א/2 יבנה,גרמים,540.00,100 גרם,false,1,9.50,1.7593,true,1,3721
7290002057703,false,חציל אקסטרה א/2 יבנה,,,חציל אקסטרה א/2 יבנה,גרמים,540.00,100 גרם,false,1,6.90,1.2778,true,1,3580
7290002057734,false,זית חרוזית שחור יבנה,,,זית חרוזית שחור יבנה א/2,גרמים,540.00,100 גרם,false,1,9.50,1.7593,true,1,3894
7290002057819,false,גמבה רצועות א/2,,,גמבה רצועות א/2,גרמים,540.00,100 גרם,false,1,5.90,1.0926,true,1,4392
7290002057871,false,זית חרוזית ירוק 540,,,זית חרוזית ירוק 540 גר צנצנת,גרמים,540.00,100 גרם,false,1,9.50,1.7593,true,1,3717
7290002061229,false,קרם להסרת שיער אורנה,אלפא קוסמטיקה,,קרם להסרת שיער אורנה 19 קו ביקיני 80גר,Unknown,0.00,Unknown,false,1,14.90,0.0000,true,1,17640
7290002061885,false,קרם להסרת שיער אורנה,אלפא קוסמטיקה,,קרם להסרת שיער אורנה 19 נערות 80גר,Unknown,0.00,Unknown,false,1,14.90,0.0000,true,1,17638
7290002075035,false,אובלטים עם קימל 500,,,אובליט עם קימל 500 גרם,גרמים,500.00,100 גרם,false,1,17.00,3.4000,true,1,2478
7290002075219,false,בונבוניירה אייסקונפק,,,בונבוניירה אייסקונפקט 500 גר,גרמים,500.00,100 גרם,false,1,35.00,7.0000,true,1,5582
7290002075233,false,בונבוניירה אייסקונפק,,,בונבוניירה אייסקונפקט 250 גר,גרמים,250.00,100 גרם,false,1,16.90,6.7600,true,1,5581
7290002075271,false,סוכ.ריקולה צמחים 70,,,סוכ.ריקולה צמחים 70 גר בשקית,Unknown,0.00,Unknown,false,1,9.90,0.0000,true,1,5579
7290002077268,false,מיני קציצות דג לבישו,דלידג,,מיני קציצות דג לבישול 500 גר,גרמים,500.00,100 גרם,false,1,22.20,4.4400,true,1,7757
7290002079569,false,****לחם לבן 750 גר ד,דוידוביץ,,****לחם לבן 750 גר דוידוביץ,גרמים,750.00,100 גרם,false,1,5.12,0.6827,true,1,6448
7290002096498,false,עוגיות דובשנית חפץ 6,,,עוגיות דובשנית חפץ 600 גר,גרמים,600.00,100 גרם,false,1,12.90,2.1500,true,1,8389
7290002107071,false,גבינה בולגרית עיזים,מחלבת משק צוריאל,IL,גבינה בולגרית עיזים מעודנת 16% 200ג צורי,גרמים,200.00,100 גרם,false,12,23.90,11.9500,true,1,3696
7290002107316,false,גבינה טבורוג במשקל,מחלבת משק צוריאל,,גבינה טבורוג במשקל,קילוגרמים,1.00,"ק""ג",true,,45.00,45.0000,true,1,40185
7290002107385,false,גבינת עיזים קשה מהעז,מחלבת משק צוריאל,,גבינת עיזים קשה מהעז 180 גר,גרמים,180.00,100 גרם,false,1,22.90,12.7222,true,1,4584
7290002107491,false,גבינה עיזים 5% למריח,מחלבת משק צוריאל,,גבינה עיזים 5% למריחה בטעמים 250 ג,גרמים,250.00,100 גרם,false,1,11.90,4.7600,true,1,1201
7290002107743,false,גבינה צפתית מעודנת 5,מחלבת משק צוריאל,,גבינה צפתית מעודנת 5% במשקל צוריאל,קילוגרמים,1.00,"ק""ג",true,,49.00,49.0000,true,1,3321
7290002107798,false,גבינה בולגרית בקר 5%,מחלבת משק צוריאל,,גבינה בולגרית בקר 5% 250 ג בגביע,גרמים,250.00,100 גרם,false,1,19.90,7.9600,true,1,1301
7290002107965,false,גבינת טבורוג 5%  כפר,מחלבת משק צוריאל,,גבינת טבורוג 5%  כפרי 500 גרם,גרמים,500.00,100 גרם,false,1,23.90,4.7800,true,1,1766
7290002109372,false,בורקס פילו אצבעות בו,שלושת האופים שגמור,,בורקס פילו אצבעות בולגרית 700 גר,גרמים,700.00,100 גרם,false,1,19.90,2.8429,true,1,8176
7290002109488,false,קבב אמיתי 100% טיבונ,טיבון ויל,,קבב אמיתי 100% טיבונוויל 440 גרם,גרמים,440.00,100 גרם,false,1,15.90,3.6136,true,1,8027
7290002118398,false,צמרונים ביוטי 200 יח,,,צמרונים ביוטי 200 יח,יחידה,200.00,יחידה,false,1,5.00,0.0250,true,1,3193
7290002129455,false,פיצה איטלקית אקס אל,,,פיצה איטלקית אקס אל 450 גרם שלושת האופים,גרמים,450.00,100 גרם,false,1,19.90,4.4222,true,1,15712
7290002129462,false,זוג פיצה איטלקית דקה,,,זוג פיצה איטלקית דקה 640 גר שלושת האופים,גרמים,640.00,100 גרם,false,1,21.90,3.4219,true,1,14483
7290002129479,false,פיצה איטלקית דקה 320,,,פיצה איטלקית דקה 320גרם שלושת האופים,גרמים,320.00,100 גרם,false,1,15.90,4.9688,true,1,14482
7290002129486,false,פיצה זיתים דקה איטלק,,,פיצה זיתים דקה איטלקית 340גר שלושת האופי,גרמים,340.00,100 גרם,false,1,15.90,4.6765,true,1,15046
7290002129769,false,סטייק אנטריקוט טרי י,,,סטייק עין טרי יבוא         צרפת,קילוגרמים,1.00,"ק""ג",true,,149.90,149.9000,true,1,14258
7290002129790,false,כתף בקר טרי יבוא,,,כתף בקר טרי יבוא    צרפת,קילוגרמים,1.00,"ק""ג",true,,79.90,79.9000,true,1,14259
7290002129806,false,צלי כתף טרי יבוא,,,צלי כתף טרי יבוא    צרפת,קילוגרמים,1.00,"ק""ג",true,,84.90,84.9000,true,1,14260
7290002129813,false,פילה מדומה טרי יבוא,,,פילה מדומה טרי יבוא  צרפת,קילוגרמים,1.00,"ק""ג",true,,79.90,79.9000,true,1,14262
7290002129851,false,צואר בקר טרי יבוא,,,צואר בקר טרי יבוא צרפת,קילוגרמים,1.00,"ק""ג",true,,69.90,69.9000,true,1,27676
7290002130567,false,דבש טהור יד מרדכי 35,,,דבש טהור יד מרדכי 350 ג צנצנת,גרמים,350.00,100 גרם,false,1,17.90,5.1143,true,1,1070
7290002130574,false,דבש טהור 500 גר יד מ,,,דבש טהור 500 גר יד מרדכי,גרמים,500.00,100 גרם,false,1,25.90,5.1800,true,1,1977
7290002132011,false,עוגיות עבאדי מזרחיות,עבאדי,,עוגיות עבאדי מזרחיות 400 ג,גרמים,400.00,100 גרם,false,1,16.90,4.2250,true,1,480
7290002133032,false,פתיתי גבינת קשקבל 30,,,פתיתי גבינת קשקבל 300 גר,גרמים,300.00,100 גרם,false,1,27.90,9.3000,true,1,6636
7290002133070,false,גבינת קשקבל טורקי במ,,,גבינת קשקבל טורקי במשקל,קילוגרמים,1.00,"ק""ג",true,,109.00,109.0000,true,1,6635
7290002133087,false,גבינה בולגרית צאן סו,,,גבינה בולגרית צאן סופיה במשקל,קילוגרמים,1.00,"ק""ג",true,,80.00,80.0000,true,1,6634
7290002133094,false,גבינת ברינזה צאן במש,,,גבינת ברינזה צאן במשקל,קילוגרמים,1.00,"ק""ג",true,,65.00,65.0000,true,1,2012
7290002133117,false,גבינה בולגרית מעודנת,,,גבינה בולגרית מעודנת 5% במשקל שומרון,קילוגרמים,1.00,"ק""ג",true,,45.00,45.0000,true,1,8866
7290002133148,false,צפתית רכה שומרון במש,,,צפתית רכה שומרון במשקל,קילוגרמים,1.00,"ק""ג",true,,45.00,45.0000,true,1,2028
7290002133162,false,גבינה בולגרית 5% של,,,גבינה בולגרית 5% של פעם 250 גר,גרמים,250.00,100 גרם,false,1,19.90,7.9600,true,1,6310
7290002133193,false,בולגרית קלאסית 5% שו,,,בולגרית קלאסית 5% שומרון במשקל,קילוגרמים,1.00,"ק""ג",true,,50.00,50.0000,true,1,2027
7290002133247,false,לבנה שמן וזעתר 250 ג,,,לבנה שמן וזעתר 250 גרם,גרמים,250.00,100 גרם,false,1,11.90,4.7600,true,1,2031
7290002133506,false,יוגורט 4% חלב עיזים,,,יוגורט 4% חלב עיזים 400 גר,גרמים,400.00,100 גרם,false,1,12.90,3.2250,true,1,6280
7290002133520,false,יוגורט 3% של פעם 400,,,יוגורט 3% של פעם 400 גר,גרמים,400.00,100 גרם,false,1,10.90,2.7250,true,1,2032
7290002133537,false,יוגורט 4% מחלב עיזים,,,יוגורט 4% מחלב עיזים 180 גר,גרמים,180.00,100 גרם,false,1,6.50,3.6111,true,1,6283
7290002133551,false,לבנה 5% עם  שמן זית,,,לבנה 5% עם  שמן זית וזעתר 500 גרם,גרמים,500.00,100 גרם,false,1,19.90,3.9800,true,1,15465
7290002133575,false,יוגורט 4% מחלב כבשים,,,יוגורט 4% מחלב כבשים 400 גר,גרמים,400.00,100 גרם,false,1,12.90,3.2250,true,1,6281
7290002133612,false,יוגורט יווני 180 גר,,,יוגורט יווני 180 גר,גרמים,180.00,100 גרם,false,1,5.90,3.2778,true,1,6285
7290002133858,false,גבינה בולגרית צאן 25,,,גבינה בולגרית צאן 250 גר,גרמים,250.00,100 גרם,false,1,21.90,8.7600,true,1,6311
7290002133889,false,גבינה בולגרית 5% מעו,,,גבינה בולגרית 5% מעודנת 250 גר,גרמים,250.00,100 גרם,false,1,19.90,7.9600,true,1,6309
7290002133940,false,יוגורט 4% מחלב כבשים,,,יוגורט 4% מחלב כבשים 180 גר,גרמים,180.00,100 גרם,false,1,6.50,3.6111,true,1,6284
7290002157830,false,קוביות גולש 100% עגל,טיבון ויל,,קוביות גולש 100% עגל 800 גרם,גרמים,800.00,100 גרם,false,1,44.90,5.6125,true,1,12383
7290002157953,false,מארז 4 טונה בשמן קנו,ויליגר,,מארז 4 טונה בשמן קנולה ויליגר 140 ג,גרמים,560.00,100 גרם,false,1,19.90,3.5536,true,1,12590
7290002157960,false,מארז 4 טונה במים ויל,ויליגר,,מארז 4 טונה במים ויליגר 140 ג,גרמים,560.00,100 גרם,false,1,19.90,3.5536,true,1,12591
7290002190141,false,ריבת חלב קומידה 450,,,ריבת חלב קומידה 450 גרם צנצנת,גרמים,450.00,100 גרם,false,1,13.90,3.0889,true,1,103
7290002190516,false,ריבת חלב  גלעם  500,,,ריבת חלב  גלעם  500 גרם,גרמים,500.00,100 גרם,false,1,13.90,2.7800,true,1,771
7290002196075,false,דבש טהור 350 גר משק,,,דבש טהור 350 גר משק לין,גרמים,350.00,100 גרם,false,1,20.90,5.9714,true,1,1073
7290002196105,false,דבש טהור 500 גר משק,,,דבש טהור 500 גר משק לין,גרמים,500.00,100 גרם,false,1,25.90,5.1800,true,1,1074
7290002196129,false,דבש טהור 1 קג משק לי,,,דבש טהור 1 קג משק לין,קילוגרמים,1.00,"ק""ג",false,1,44.90,44.9000,true,1,1071
7290002196341,false,רוטב סילאן מוקפץ משק,משק דבורים לין,,רוטב סילאן מוקפץ משק לין 320 גר,גרמים,320.00,100 גרם,false,1,23.90,7.4687,true,1,8104
7290002196372,false,רוטב סילאן גריל משק,משק דבורים לין,,רוטב סילאן גריל משק לין320 גר,גרמים,320.00,100 גרם,false,1,23.90,7.4687,true,1,903
7290002196495,false,רוטב דבש גינגר וצילי,משק דבורים לין,,רוטב דבש גינגר וצילי משק לין 320 גר,גרמים,320.00,100 גרם,false,1,23.90,7.4687,true,1,4097
7290002196617,false,רוטב חרדל ודבש משק ל,משק דבורים לין,,רוטב חרדל ודבש משק לין 320 גר,גרמים,320.00,100 גרם,false,1,23.90,7.4687,true,1,5701
7290002196822,false,רוטב דבש שום לימון ש,משק דבורים לין,,רוטב דבש שום לימון שמן זית משק לין320גר,גרמים,320.00,100 גרם,false,1,23.90,7.4687,true,1,4096
7290002196884,false,רוטב דבש ח.בוטנים קא,משק דבורים לין,,רוטב דבש ח.בוטנים קארי משק לין320 גר,גרמים,320.00,100 גרם,false,1,23.90,7.4687,true,1,4098
7290002198031,false,פסטרמה פרגיות במשקל,,IL,פסטרמה פרגיות במשקל ללחמניה,קילוגרמים,1.00,"ק""ג",true,,66.00,66.0000,true,1,42227
7290002198048,false,פסטרמה תיבול שווארמה,,IL,פסטרמה תיבול שווארמה הודו במשקל,קילוגרמים,1.00,"ק""ג",true,,66.00,66.0000,true,1,42228
7290002198055,false,נקניק סרוולד בנוסח א,,IL,נקניק סרוולד בנוסח איטלקי פרימיום במשקל,קילוגרמים,1.00,"ק""ג",true,,140.00,140.0000,true,1,42232
7290002198109,false,נקניק צלעות אסאדו מע,,IL,נקניק צלעות אסאדו מעושנת במשקל,קילוגרמים,1.00,"ק""ג",true,,120.00,120.0000,true,1,42231
7290002198116,false,פסטרמה ברזילאית במשק,,IL,פסטרמה ברזילאית במשקל,קילוגרמים,1.00,"ק""ג",true,,95.00,95.0000,true,1,42296
7290002204213,false,דובדבן אדום בראשית ק,,,דובדבן אדום קופסא גדולה יח,Unknown,0.00,Unknown,false,1,16.90,0.0000,true,1,6011
7290002208471,false,גבינת פיקורינו כבשים,משק דותן,,גבינת פיקורינו כבשים מיושן 200 גרם דותן,גרמים,200.00,100 גרם,false,1,32.90,16.4500,true,1,10768
7290002208495,false,גבינת תום כבשים מיוש,משק דותן,,גבינת תום כבשים מיושן 200 גרם דותן,גרמים,200.00,100 גרם,false,1,32.90,16.4500,true,1,10767
7290002208525,false,גבינה צפתית כבשים קש,משק דותן,,גבינה צפתית כבשים קשה 200 גרם דותן,גרמים,200.00,100 גרם,false,1,25.00,12.5000,true,1,10769
7290002232964,false,פירורים לציפוי פז לל,"תירפז בע""מ",,פירורים לציפוי פז ללא גלוטן 600 גר,גרמים,500.00,100 גרם,false,1,27.90,5.5800,true,1,6767
7290002232995,false,פירורים לציפוי פז לל,"תירפז בע""מ",,פירורים לציפוי פז ללא גלוטן 500 גר,גרמים,500.00,100 גרם,false,1,27.90,5.5800,true,1,5949
7290002239185,false,אפונה קפואה 800 גר פ,פרי גליל,,אפונה קפואה 800 גר פרי גליל,גרמים,800.00,100 גרם,false,1,13.90,1.7375,true,1,4514
7290002239215,false,אפונה וגזר קפוא 800,פרי גליל,,אפונה וגזר קפוא 800 גר פרי גליל,גרמים,800.00,100 גרם,false,1,13.90,1.7375,true,1,4523
7290002239277,false,גזר גמדי קפוא 800 גר,פרי גליל,,גזר גמדי קפוא 800 גר פרי גליל,גרמים,800.00,100 גרם,false,1,10.90,1.3625,true,1,4528
7290002239338,false,שעועית ירוקה חתוכה ק,פרי גליל,,שעועית ירוקה חתוכה קפואה 800 גר פרי גליל,גרמים,800.00,100 גרם,false,1,14.90,1.8625,true,1,4519
7290002239369,false,שעועית ירוקה שלמה קפ,פרי גליל,,שעועית ירוקה שלמה קפואה 800 גר פרי גליל,גרמים,800.00,100 גרם,false,1,16.90,2.1125,true,1,4520
7290002239420,false,תירס גרעינים קפוא 80,פרי גליל,,תירס גרעינים קפוא 800 גר פרי גליל,גרמים,800.00,100 גרם,false,1,13.90,1.7375,true,1,4515
7290002253006,false,שום כתוש טרי דורות 2,דורות,,שום כתוש טרי דורות 200 גר,גרמים,200.00,100 גרם,false,1,16.90,8.4500,true,1,124
7290002253013,false,ראש שום 400גר דורות,דורות,IL,ראש שום 400גר דורות,גרמים,400.00,100 גרם,false,1,22.90,5.7250,true,1,22368
7290002253105,false,קוביות שום טרי דורות,דורות,,קוביות שום טרי דורות 80 גר,גרמים,80.00,100 גרם,false,1,11.90,14.8750,true,1,315
7290002253150,false,בזיליקום טרי קצוץ דו,דורות,,בזיליקום טרי קצוץ דורות  70 גר,גרמים,70.00,100 גרם,false,1,9.90,14.1429,true,1,1320
7290002253167,false,פטרוזיליה קצוצה דורו,דורות,,פטרוזיליה קצוצה דורות 70 גר,גרמים,70.00,100 גרם,false,1,9.90,14.1429,true,1,385
7290002253181,false,כוסברה קצוצה דורות 7,דורות,,כוסברה קצוצה דורות 70 גר,גרמים,70.00,100 גרם,false,1,9.90,14.1429,true,1,2585
7290002253235,false,רוטב פסטו דורות 160,דורות,,רוטב פסטו דורות 160 מל,מיליליטרים,160.00,"100 מ""ל",false,1,11.90,7.4375,true,1,11301
7290002253259,false,רוטב עגבניות בזיליקו,דורות,,רוטב עגבניות בזיליקום דורות 160 מל,מיליליטרים,160.00,"100 מ""ל",false,1,11.90,7.4375,true,1,11300
7290002253310,false,קוביות שום צילי חריף,דורות,IL,קוביות שום צילי חריף 80גרם,גרמים,80.00,100 גרם,false,32,11.90,14.8750,true,1,19140
7290002253495,false,תבלין לטחינה ביתית ד,דורות,IL,תבלין לטחינה ביתית דורות 70גר,גרמים,70.00,100 גרם,false,32,9.90,14.1429,true,1,19141
7290002259572,false,כפפות ספונטקס רוזה ז,,,כפפות ספונטקס רוזה זוג מס 6,Unknown,0.00,Unknown,false,1,7.90,0.0000,true,1,921
7290002259640,false,דיאמונד אלומיניום 84,,,דיאמונד אלומיניום 84 0.3*7.5,Unknown,0.00,Unknown,false,1,12.90,0.0000,true,1,1084
7290002259657,false,דיאמונד אלומיניום 85,,,דיאמונד אלומיניום 85 0.3*22.5,Unknown,0.00,Unknown,false,1,27.90,0.0000,true,1,1845
7290002277248,false,גבינה מון בלאן זעתר,ש.האופים,,גבינה מון בלאן זעתר 120 גרם,גרמים,120.00,100 גרם,false,1,10.00,8.3333,true,1,13001
7290002277422,false,ריבועי בצק עלים 700,שלושת האופים,,ריבועי בצק עלים 700 גרם שלושת האופים,גרמים,700.00,100 גרם,false,1,19.90,2.8429,true,1,12954
7290002277842,false,טונה בניטו דל נורטה,ויזקיה,,טונה בניטו דל נוטרה 220 גרם,גרמים,220.00,100 גרם,false,1,19.90,9.0455,true,1,16744
7290002281368,false,אטריות נודלס להקפצה,לוננהי אהזו,CN,אטריות נודלס להקפצה 400 ג ויליגר,גרמים,400.00,100 גרם,false,12,5.90,1.4750,true,1,20872
7290002281382,false,נתחי פילה סלמון קפוא,דלידג,,נתחי פילה סלמון קפוא,קילוגרמים,1.00,"ק""ג",true,,89.00,89.0000,true,1,19018
7290002281405,false,מארז 2 יח סלט סלמון,ויליגר,IL,מארז 2 יח סלט סלמון מעושן ויליגר 160 גרם,גרמים,320.00,100 גרם,false,18,9.90,3.0938,true,1,19621
7290002281429,false,סטייק דג טונה קפוא ל,דלידג,,סטייק דג טונה קפוא ללא עור,קילוגרמים,1.00,"ק""ג",true,,64.90,64.9000,true,1,19350
7290002281436,false,סטייק דג טונה בהירה,דלידג,,סטייק דג טונה בהירה קפוא ללא עור,קילוגרמים,1.00,"ק""ג",true,,55.00,55.0000,true,1,19981
7290002281443,false,סטייק דג טונה קפוא ל,דלידג,,סטייק דג טונה קפוא ללא עור,קילוגרמים,1.00,"ק""ג",true,,59.00,59.0000,true,1,19617
7290002281498,false,צהובה מגורדת ריץ 500,ריץ',,צהובה מגורדת ריץ 500גר על בסיס חלב,גרמים,500.00,100 גרם,false,1,22.90,4.5800,true,1,19714
7290002281818,false,בשר בקר מס 4 מוכשר ק,פניסקור,,בשר בקר מס 4 מוכשר קפוא,קילוגרמים,1.00,"ק""ג",true,,41.90,41.9000,true,1,31255
7290002281825,false,בשר בקר מוכשר מס 5 ק,פניסקור,,בשר בקר מוכשר מס 5 קפוא,קילוגרמים,1.00,"ק""ג",true,,74.00,74.0000,true,1,27275
7290002281856,false,בשר בקר מס 8 מוכשר ק,פניסקור,,בשר בקר מס 8 מוכשר קפוא במשקל,קילוגרמים,1.00,"ק""ג",true,,32.90,32.9000,true,1,39613
7290002281979,false,בשר בקר מס 8 חלק קפו,פניסקור,,בשר בקר מס 8 חלק קפוא במשקל,קילוגרמים,1.00,"ק""ג",true,,32.90,32.9000,true,1,35088
7290002304609,false,קונפיטורה תות שדה 60,,,קונפיטורה תות שדה 600 גר ענבי ציון,גרמים,600.00,100 גרם,false,1,20.00,3.3333,true,1,4766
7290002304623,false,קונפיטורה פירות יער,,,קונפיטורה פירות יער 600 גר ענבי ציון,גרמים,600.00,100 גרם,false,1,20.00,3.3333,true,1,4765
7290002304654,false,קונפיטורה שזיף 600 ג,,,קונפיטורה שזיף 600 גר ענבי ציון,גרמים,600.00,100 גרם,false,1,20.00,3.3333,true,1,4768
7290002304661,false,קונפיטורה אוכמניות 6,,,קונפיטורה אוכמניות 600 גר ענבי ציון,גרמים,600.00,100 גרם,false,1,20.00,3.3333,true,1,6585
7290002315421,false,סכומון מרובע לשיש,,,סכומון מרובע לשיש,Unknown,0.00,Unknown,false,1,12.90,0.0000,true,1,5365
7290002320487,false,מעדן משמש ללא סוכר 2,בית יצחק,,מעדן משמש ללא סוכר 284 ג בית יצחק,גרמים,284.00,100 גרם,false,1,14.90,5.2465,true,1,797
7290002320548,false,מעדן אוכמניות ללא סו,בית יצחק,,מעדן אוכמניות ללא סוכר284ג בית יצחק,גרמים,284.00,100 גרם,false,1,14.90,5.2465,true,1,796
7290002327028,false,גחנון 650 גר שלושת ה,אופרה,,גחנון 650 גר שלושת האופים,גרמים,650.00,100 גרם,false,1,15.90,2.4462,true,1,1170
7290002327042,false,בורקס תפוא 800 גרם,אופרה,,בורקס תפוא 800 גרם,גרמים,800.00,100 גרם,false,1,19.90,2.4875,true,1,1316
7290002327059,false,"בצק עלים 1 ק""ג",אופרה,,"בצק עלים 1 ק""ג",קילוגרמים,1.00,"ק""ג",false,1,19.90,19.9000,true,1,1151
7290002327066,false,קונכיות בצק 625 גר ש,אופרה,,קונכיות בצק 625 גר שלושת האופים,גרמים,625.00,100 גרם,false,1,22.90,3.6640,true,1,330
7290002327073,false,בורקס גבינה 800 גרם,אופרה,,בורקס גבינה 800 גרם,גרמים,800.00,100 גרם,false,1,19.90,2.4875,true,1,1313
7290002327103,false,גחנון 900 גר שלושת ה,אופרה,,גחנון 900 גר שלושת האופים,גרמים,900.00,100 גרם,false,1,19.90,2.2111,true,1,1169
7290002327912,false,מיני בורקס גבינה 800,אופרה,,מיני בורקס גבינה 800 גרם,גרמים,800.00,100 גרם,false,1,19.90,2.4875,true,1,1862
7290002327929,false,מיני בורקס תפוא 800,אופרה,,מיני בורקס תפוא 800 גרם,גרמים,800.00,100 גרם,false,1,17.90,2.2375,true,1,1863
7290002331025,false,מים מינרלים נביעות ט,נביעות,,מים מינרלים נביעות טו גו קר 500 מל פקדון,מיליליטרים,500.00,"100 מ""ל",false,1,3.90,0.7800,true,1,677
7290002331025,false,מים מינרלים נביעות ט,,,מים מינרלים נביעות טו גו קר 500 מל פקדון,מיליליטרים,500.00,"100 מ""ל",false,1,6.00,1.2000,true,1,5326
7290002331094,false,מים מינרלים נביעות ט,נביעות,,מים מינרלים נביעות טו גו 755 מל פקדון,מיליליטרים,755.00,"100 מ""ל",false,1,5.00,0.6623,true,1,2482
7290002331360,false,מים מינרלים נביעות ט,נביעות,,מים מינרלים נביעות טו גו 6 יח 500  פקדון,ליטרים,3.00,ליטר,false,1,12.90,4.3000,true,1,678
7290002331421,false,מים מינרלים נביעות ט,נביעות,,מים מינרלים נביעות טו גו 6יח 755 מל פקדו,ליטרים,4.53,ליטר,false,1,14.90,3.2892,true,1,2481
7290002331476,false,מים מינרלים נביעות ב,,,מים מינרלים נביעות בייבי 320מל פקדו,מיליליטרים,320.00,"100 מ""ל",false,1,5.00,1.5625,true,1,9992
7290002331483,false,מים מינרלים נביעות ב,נביעות,,מים מינרלים נביעות בייבי 6 יח 320מל פקדו,מיליליטרים,1920.00,"100 מ""ל",false,1,10.90,0.5677,true,1,9614
7290002331490,false,מים מינרלים נביעות 1,נביעות,,מים מינרלים נביעות 1ליטר מל פקדון,ליטרים,1.00,ליטר,false,1,3.90,3.9000,true,1,9952
7290002333098,false,חומוס אורגני 500 גרם,,,חומוס אורגני 500 גר הרדוף,גרמים,500.00,100 גרם,false,1,10.90,2.1800,true,1,974
7290002333104,false,בורגול אורגני 500 גר,,,בורגול אורגני 500 גר הרדוף,גרמים,500.00,100 גרם,false,1,8.90,1.7800,true,1,1312
7290002333319,false,קמח שיפון  מלא אורגנ,,,קמח שיפון  מלא אורגני 1 קג,קילוגרמים,1.00,"ק""ג",false,12,14.90,14.9000,true,1,4787
7290002333456,false,גריסי פנינה אורגני 5,,,גריסי פנינה אורגני 500 ג הרדוף,גרמים,500.00,100 גרם,false,1,10.00,2.0000,true,1,1227
7290002333463,false,שעועית מש אורגני 500,,,שעועית מש אורגני 500 גר,גרמים,500.00,100 גרם,false,1,14.90,2.9800,true,1,4789
7290002333494,false,שעועית אזוקי אורגני,,,שעועית אזוקי אורגני 500 גר,גרמים,500.00,100 גרם,false,1,14.90,2.9800,true,1,4788
7290002333500,false,עדשים אדומים אורגני,,,עדשים אדומים אורגני 500 ג הרדוף,גרמים,500.00,100 גרם,false,1,11.90,2.3800,true,1,485
7290002333678,false,שומשום מלא אורגני 30,,,שומשום מלא אורגני 300 ג הרדוף,גרמים,300.00,100 גרם,false,1,12.90,4.3000,true,1,127
7290002333692,false,דוחן אורגני 500 ג הר,,,דוחן אורגני 500 ג הרדוף,גרמים,500.00,100 גרם,false,1,10.90,2.1800,true,1,1081
7290002333838,false,כוסמת אורגני 500 ג ה,,,כוסמת אורגני 500 ג הרדוף,גרמים,500.00,100 גרם,false,1,10.90,2.1800,true,1,910
7290002333951,false,עדשים ירוקים אורגני5,,,עדשים ירוקים אורגני500 גר הרדוף,גרמים,500.00,100 גרם,false,1,13.90,2.7800,true,1,486
7290002333968,false,עדשים צהובים אורגני,,,עדשים צהובים אורגני 500 גר הרדוף,גרמים,500.00,100 גרם,false,1,12.90,2.5800,true,1,61
7290002333975,false,שעועית אדומה 500 גר,,,שעועית אדומה 500 גר הרדוף,גרמים,500.00,100 גרם,false,1,13.90,2.7800,true,1,56
7290002333982,false,שעועית אורגנית לבנה,,,שעועית אורגנית לבנה 500 גר הרדוף,גרמים,500.00,100 גרם,false,1,14.90,2.9800,true,1,63
7290002333999,false,גרעיני חמניות קלופים,,,גרעיני חמניות קלופים  אורגני 300 ג הרדוף,גרמים,300.00,100 גרם,false,1,12.90,4.3000,true,1,3697
7290002345015,false,פרוסות סטייק סינטה ד,טיבון ויל,,פרוסות סטייק סינטה דק דק 250 גר אל גאוצו,גרמים,250.00,100 גרם,false,1,18.90,7.5600,true,1,16167
7290002345022,false,פרוסות סטייק אנטריקו,טיבון ויל,,פרוסות סטייק אנטריקוט דק 250 גר אל גאוצו,גרמים,250.00,100 גרם,false,1,18.90,7.5600,true,1,16168
7290002345077,false,שניצל בקר דק דק 250,טיבון ויל,,שניצל בקר דק דק 250 גר אל גאוצו,גרמים,250.00,100 גרם,false,1,16.90,6.7600,true,1,17349
7290002345121,false,פרוסות אסאדו דק דק 2,טיבון ויל,,פרוסות אסאדו דק דק 250 גר אל גאוצו,גרמים,250.00,100 גרם,false,1,18.90,7.5600,true,1,29581
7290002345282,false,נתחי פילה סלמון קפוא,דלידג,,נתחי פילה סלמון קפוא,קילוגרמים,1.00,"ק""ג",true,,89.00,89.0000,true,1,16481
7290002345435,false,פילה מרלוזה ארגנטינא,דלידג,,פילה מרלוזה ארגנטינאית קפוא במשקל,קילוגרמים,1.00,"ק""ג",true,,29.00,29.0000,true,1,17460
7290002345565,false,המבורגר ריב מסעדות 5,טיבון ויל,,המבורגר ריב מסעדות 560 גר טיבונוויל,גרמים,560.00,100 גרם,false,1,28.90,5.1607,true,1,16904
7290002348054,false,פטריות שלם ויליגר 40,פרנסשמפניון,,פטריות שלם ויליגר 400 גרם,גרמים,400.00,100 גרם,false,1,7.90,1.9750,true,1,389
7290002348061,false,פטריות חתוך ויליגר 4,פרנסשמפניון,,פטריות חתוך ויליגר 400 גרם,גרמים,400.00,100 גרם,false,1,5.00,1.2500,true,1,387
7290002348139,false,תחתיות ארטישוק ויליג,קונסריוסאלגוזס,,תחתיות ארטישוק ויליגר 390 גרם,גרמים,390.00,100 גרם,false,1,8.90,2.2821,true,1,1286
7290002348160,false,תירס גמדי שלם צעיר 4,גוהנדוג,,תירס גמדי שלם צעיר 400 גר,גרמים,400.00,100 גרם,false,1,6.90,1.7250,true,1,1732
7290002348238,false,לפתן אננס חתוך ויליג,טיפקו,,לפתן אננס חתוך ויליגר 850 גרם,גרמים,850.00,100 גרם,false,1,9.90,1.1647,true,1,1262
7290002348245,false,לבבות דקל שלמים 400,אלומנדוס,,לבבות דקל שלמים 400 ג,גרמים,400.00,100 גרם,false,1,11.90,2.9750,true,1,947
7290002348306,false,לפתן קוקטייל פירות ט,,,לפתן קוקטייל פירות טרופי 850 גר ויליגר,גרמים,850.00,100 גרם,false,1,9.90,1.1647,true,1,346
7290002348573,false,אטריות אורז ויליגר 3,ליאנג טונגרייס,,אטריות אורז ויליגר 300 גרם,גרמים,300.00,100 גרם,false,1,8.90,2.9667,true,1,1791
7290002349006,false,גל פיתיון להדברת תיק,סיקמקס בעמ,IL,גל פיתיון להדברת תיקנים,Unknown,0.00,Unknown,false,12,34.90,0.0000,true,1,21123
7290002353225,false,חרדל מאילי דיזון עם,מיילי,,חרדל מאילי דיזון עם דבש  210 גרם,גרמים,210.00,100 גרם,false,1,14.90,7.0952,true,1,13030
7290002353249,false,דיגונז מאילי 335 גר,מיילי,,דיגונז מאילי 335 גר צנצנת,גרמים,335.00,100 גרם,false,1,23.90,7.1343,true,1,14761
7290002353836,false,סרדין רוברט בשמן זית,קונסוורס,,סרדין רוברט בשמן זית 115 גר,גרמים,115.00,100 גרם,false,1,8.90,7.7391,true,1,476
7290002360124,false,תה פומפדור ורד הבר 2,TEEKANNE- POMPADOU,,תה פומפדור ורד הבר 20 יח,יחידה,20.00,יחידה,false,1,13.90,0.6950,true,1,2577
7290002360155,false,תה פומפדור שומר 20 י,TEEKANNE- POMPADOU,,תה פומפדור שומר 20 יח,יחידה,20.00,יחידה,false,1,13.90,0.6950,true,1,2096
7290002360230,false,חרדל בורנייר דיזון ג,BORNIER -MUSTARD,,חרדל בורנייר דיזון גרגירים 210 גרם,גרמים,210.00,100 גרם,false,1,10.90,5.1905,true,1,1019
7290002360278,false,תה פומפדור מנטה 20 י,TEEKANNE- POMPADOU,,תה פומפדור מנטה 20 יח,יחידה,20.00,יחידה,false,1,13.90,0.6950,true,1,2097
7290002360285,false,תה פומפדור קמומיל 20,TEEKANNE- POMPADOU,,תה פומפדור קמומיל 20 יח,יחידה,20.00,יחידה,false,1,13.90,0.6950,true,1,2098
7290002371526,false,סלסולי פסטרמה שום וצ,,,סלסולי פסטרמה שום וצילי 120 גר,גרמים,120.00,100 גרם,false,1,10.90,9.0833,true,1,9642
7290002371533,false,סלסולי פסטרמה דבש 12,,,סלסולי פסטרמה דבש 120גר,גרמים,120.00,100 גרם,false,1,10.90,9.0833,true,1,9644
7290002371540,false,נקניק קורנדביף 120גר,,,נקניק קורנדביף 120גר,גרמים,120.00,100 גרם,false,1,10.90,9.0833,true,1,9643
7290002371571,false,פסטרמה פרגיות לבגט ב,,,פסטרמה פרגיות לבגט במשקל,קילוגרמים,1.00,"ק""ג",true,,72.00,72.0000,true,1,6236
7290002371854,false,נקניקיות חריפות 1 קג,,,נקניקיות חריפות 1 קג,גרמים,1000.00,100 גרם,false,1,26.90,2.6900,true,1,5312
7290002371939,false,נקניק סלמי סרוולד צר,,,נקניק סלמי סרוולד צרפתי 120גר,גרמים,120.00,100 גרם,false,1,22.90,19.0833,true,1,5538
7290002374640,false,שמן קנולה פלוס אומגה,שמן תעשיות,,שמן קנולה פלוס אומגה3עץ הזית 1ל,ליטרים,1.00,ליטר,false,1,15.90,15.9000,true,1,10781
7290002385196,false,גבינת רוקפור גליל במ,,,גבינת רוקפור גליל במשקל,קילוגרמים,1.00,"ק""ג",true,,129.00,129.0000,true,1,6241
7290002385400,false,גבינת ריקוטה פרסקה ב,,,גבינת ריקוטה פרסקה במשקל,קילוגרמים,1.00,"ק""ג",true,,55.00,55.0000,true,1,6607
7290002385431,false,גבינה בולגרית 16% במ,,,גבינה בולגרית 16% במשקל,קילוגרמים,1.00,"ק""ג",true,,49.00,49.0000,true,1,7061
7290002385455,false,גבינה בולגרית 24% במ,,,גבינה בולגרית 24% במשקל,קילוגרמים,1.00,"ק""ג",true,,49.00,49.0000,true,1,18108
7290002385639,false,גבינת מנצגו במשקל גל,,,גבינת מנצגו במשקל גלגל,קילוגרמים,1.00,"ק""ג",true,,144.00,144.0000,true,1,7743
7290002385738,false,גבינת מנצגו משולשים,,,גבינת מנצגו משולשים במשקל,קילוגרמים,1.00,"ק""ג",true,,130.00,130.0000,true,1,7928
7290002385745,false,גבינת פקורינו משולשי,,,גבינת פקורינו משולשים במשקל,קילוגרמים,1.00,"ק""ג",true,,159.00,159.0000,true,1,7929
7290002401940,false,ביצי דג,,,ביצי דג קרפיון,קילוגרמים,1.00,"ק""ג",true,,50.00,50.0000,true,1,20341
7290002403517,false,חזה אווז קפוא,,,חזה אווז קפוא,קילוגרמים,1.00,"ק""ג",true,,230.00,230.0000,true,1,6500
7290002408376,false,גבינת פטה צאן יווני,,GR,גבינת פטה צאן יווני 200גר,גרמים,200.00,100 גרם,false,1,16.90,8.4500,true,1,29936
7290002408505,false,ממרח לטבייסקי 350גר,,,ממרח לטבייסקי 350גר על בסיס שמנת,גרמים,350.00,100 גרם,false,1,9.90,2.8286,true,1,29921
7290002408918,false,גבינת גרוייר ריזרב ב,,,גבינת גרוייר ריזרב במשקל,קילוגרמים,1.00,"ק""ג",true,,199.00,199.0000,true,1,30974
7290002408925,false,גבינת פטה צאן במשקל,,GR,גבינת פטה צאן במשקל יוונית,קילוגרמים,1.00,"ק""ג",true,,89.00,89.0000,true,1,30976
7290002408932,false,גבינת רקלט דור במשקל,,CH,גבינת רקלט דור במשקל שוויצרית,קילוגרמים,1.00,"ק""ג",true,,199.00,199.0000,true,1,30975
7290002408956,false,חמאת כמהין 150 גר,,,חמאת כמהין 150 גר,גרמים,150.00,100 גרם,false,1,24.90,16.6000,true,1,42000
7290002408970,false,גבינת עיזים הולנדית,,NL,גבינת עיזים הולנדית במשקל טרידשן,קילוגרמים,1.00,"ק""ג",true,,149.00,149.0000,true,1,40251
7290002408987,false,גבינת כבשים הולנדית,,NL,גבינת כבשים הולנדית במשקל מאונטאון,קילוגרמים,1.00,"ק""ג",true,,149.00,149.0000,true,1,40252
7290002408994,false,גבינת אולד אמסטרדם ע,,NL,גבינת אולד אמסטרדם עיזים במשקל,קילוגרמים,1.00,"ק""ג",true,,159.00,159.0000,true,1,40255
7290002410348,false,רוסטביף עגל בואקום,מעדני הטלה,IL,רוסטביף עגל בואקום  במשקל מעדני הטלה,קילוגרמים,1.00,"ק""ג",true,,49.00,49.0000,true,1,20003
7290002410638,false,סטייק עין  800  גרם,מעדני הטלה,IL,סטייק עין  800  גרם מעדני הטלה,גרמים,800.00,100 גרם,false,12,49.00,6.1250,true,1,20014
7290002410829,false,קבב מרוקאי 800גר מעד,מעדני הטלה,IL,קבב מרוקאי 800גר מעדני הטלה,גרמים,800.00,100 גרם,false,9,45.90,5.7375,true,1,20021
7290002421115,false,כדורי לאבנה 200 גרם,,,כדורי לאבנה 200 גרם חלב בקר 18% גב.הגולן,גרמים,200.00,100 גרם,false,1,29.90,14.9500,true,1,7532
7290002421122,false,כדורי לאבנה 200 גרם,,,כדורי לאבנה 200 גרם חלב עז 10% גב.הגולן,גרמים,200.00,100 גרם,false,1,34.90,17.4500,true,1,7528
7290002421160,false,גבינת פטה עיזים 160,,,גבינת פטה עיזים 160 גרם 19%שומן גב.הגולן,גרמים,160.00,100 גרם,false,1,20.90,13.0625,true,1,8610
7290002421399,false,גבינת גאודה צילי 200,,,גבינת גאודה צילי 200גרם חלב בקר גב.הגולן,גרמים,200.00,100 גרם,false,1,22.90,11.4500,true,1,7537
7290002421443,false,גבינת צדר 180 גרם חל,,,גבינת צדר 180 גרם חלב בקר גב.הגולן,גרמים,180.00,100 גרם,false,1,22.90,12.7222,true,1,7539
7290002421542,false,גבינת קשקבל 240 גרם,,,גבינת קשקבל 240 גרם חלב בקר גב.הגולן,גרמים,240.00,100 גרם,false,1,29.90,12.4583,true,1,7540
7290002421559,false,גבינת רוקפור 180 גרם,,,גבינת רוקפור 180 גרם חלב בקר גב. הגולן,גרמים,180.00,100 גרם,false,1,29.90,16.6111,true,1,7535
7290002421610,false,גבינת פרמזן 200 גרם,,,גבינת פרמזן 200 גרם חלב בקר גב. הגולן,גרמים,200.00,100 גרם,false,1,27.90,13.9500,true,1,8613
7290002421658,false,גבינת צדר עיזים 180,,,גבינת צדר עיזים 180 גרם גב. הגולן,גרמים,180.00,100 גרם,false,1,24.90,13.8333,true,1,8611
7290002439196,false,עוגת גבינה פירורים,ריץ',,עוגת גבינה פירורים  ריץ פס 450 גרם,גרמים,450.00,100 גרם,false,1,32.90,7.3111,true,1,11128
7290002439219,false,עוגת קצפת פירות יער,ריץ',,עוגת קצפת פירות יער 500 גרם ריץ,גרמים,500.00,100 גרם,false,1,32.90,6.5800,true,1,11129
7290002439226,false,עוגת רולדת ריבת חלב,ריץ',,עוגת רולדת ריבת חלב ריץ 450 גרם,גרמים,450.00,100 גרם,false,1,32.90,7.3111,true,1,11130
7290002439233,false,עוגת  רולדת  שוקולד,ריץ',,עוגת  רולדת  שוקולד ריץ 450 גרם,גרמים,450.00,100 גרם,false,1,32.90,7.3111,true,1,11131
7290002439240,false,עוגת גבינה אפויה ריץ,ריץ',,עוגת גבינה אפויה ריץ 500 גרם פס,גרמים,500.00,100 גרם,false,1,32.90,6.5800,true,1,11132
7290002439578,false,צלעות אונטריפ חלק טר,,,צלעות אונטריפ חלק ארגנטיני טרי יבוא,קילוגרמים,1.00,"ק""ג",true,,85.00,85.0000,true,1,25088
7290002439592,false,פילה בקר טרי ארגנטינ,,,פילה בקר טרי יבוא ארגנטיני,קילוגרמים,1.00,"ק""ג",true,,245.00,245.0000,true,1,30522
7290002439721,false,צלי כתף טרי אנגוס,,,צלי כתף טרי יבוא,קילוגרמים,1.00,"ק""ג",true,,84.90,84.9000,true,1,38611
7290002439820,false,צלעות בקר טרי יבוא,,,צלעות בקר טרי יבוא    פולין,קילוגרמים,1.00,"ק""ג",true,,79.90,79.9000,true,1,27105
7290002439905,false,סטייק עין טרי חלק אר,,,סטייק עין פרימיום טרי יבוא,קילוגרמים,1.00,"ק""ג",true,,0.00,0.0000,true,1,29959
7290002439981,false,קבב בקר אל גאוצו 400,טיבון ויל,,קבב בקר אל גאוצו 400 גרם קלאסיקו,גרמים,400.00,100 גרם,false,1,22.90,5.7250,true,1,11709
7290002439998,false,קבב בקר וכבש אל גאוצ,טיבון ויל,,קבב בקר וכבש אל גאוצו 400 גרם קלאסיקו,גרמים,400.00,100 גרם,false,1,22.90,5.7250,true,1,11708
7290002448716,false,חטיף סושי רך לכלב 10,,,חטיף סושי רך לכלב 100 גר,גרמים,100.00,100 גרם,false,1,25.20,25.2000,true,1,7708
7290002448723,false,חטיף עוף רך לכלב 100,,,חטיף עוף רך לכלב 100 גר,גרמים,100.00,100 גרם,false,1,25.20,25.2000,true,1,7709
7290002448730,false,חטיף ברווז רך לכלב 1,,,חטיף ברווז רך לכלב 100 גר,גרמים,100.00,100 גרם,false,1,25.20,25.2000,true,1,7707
7290002448747,false,חטיף עוף רך לכלבים ק,,,חטיף עוף רך לכלבים קטנים 100 גר,גרמים,100.00,100 גרם,false,1,25.20,25.2000,true,1,7710
7290002448839,false,פרמיו סלמון ופורל לח,,,פרמיו סלמון ופורל לחתול 400 גר,Unknown,0.00,Unknown,false,1,5.90,0.0000,true,1,42683
7290002475101,false,גפילטע פיש ל.ס.מיטל,דג טעים,,גפילטע פיש ל.ס.מיטל 470 גרם,גרמים,470.00,100 גרם,false,1,20.90,4.4468,true,1,3766
7290002475125,false,גפילטע פיש מיטל 8 יח,,,גפילטע פיש מיטל 8 יח 670 גרם,גרמים,670.00,100 גרם,false,1,22.90,3.4179,true,1,18163
7290002475170,false,גפילטע פיש מיטל 6 יח,,,מיטל גפילטע פיש 6 בצנצנת,גרמים,670.00,100 גרם,false,1,22.90,3.4179,true,1,704
7290002478256,false,חזה אווז קפוא,,,חזה אווז קפוא,קילוגרמים,1.00,"ק""ג",true,,230.00,230.0000,true,1,9921
7290002478263,false,שוק אווז קפוא,,,שוק אווז קפוא,קילוגרמים,1.00,"ק""ג",true,,110.00,110.0000,true,1,9210
7290002481973,false,קולפן אלומיניום פלנר,,,קולפן אלומיניום פלנרו,Unknown,0.00,Unknown,false,1,7.50,0.0000,true,1,5366
7290002485025,false,סלט חומוס מסעדות בית,,,סלט חומוס מסעדות ביתי 500 ג שמיר,גרמים,500.00,100 גרם,false,1,14.90,2.9800,true,1,4358
7290002485049,false,סלט חומוס מסבחה ביתי,,,סלט חומוס מסבחה ביתי 500 ג שמיר,גרמים,500.00,100 גרם,false,1,14.90,2.9800,true,1,4359
7290002485063,false,סלט חומוס אבו גוש בי,,,סלט חומוס אבו גוש ביתי 500 ג שמיר,גרמים,500.00,100 גרם,false,1,14.90,2.9800,true,1,4360
7290002487364,false,בורקס פילו גבינה זית,שלושת האופים שגמור,,בורקס פילו גבינה זיתים 700 גר,גרמים,700.00,100 גרם,false,1,19.90,2.8429,true,1,7489
7290002487920,false,ברבוניה טרי הולנדית,,,דג ברבוניה טרי,קילוגרמים,1.00,"ק""ג",true,,140.00,140.0000,true,1,16099
7290002488248,false,תמר מגהול 600 גרם די,"שקדיה גבע תעשיות בע""",IL,תמר מגהול 600 גרם דין שיווק,גרמים,600.00,100 גרם,false,12,16.90,2.8167,true,1,28241
7290002507024,false,אסאדו אי 9שורט ריבס,,,אסאדו שורט ריבס טרי ארצב,קילוגרמים,1.00,"ק""ג",true,,69.90,69.9000,true,1,13817
7290002507048,false,אסאדו בי 9 נברסקה,,,קשתית בקר טרי יבוא ארהב,קילוגרמים,1.00,"ק""ג",true,,99.90,99.9000,true,1,13814
7290002507062,false,צוואר טרי נברסקה,,,מכסה צוואר בקר לטחינה טרי יבוא ארהב,קילוגרמים,1.00,"ק""ג",true,,59.90,59.9000,true,1,13815
7290002507093,false,כתף בקר טרי נברסקה,,,כתף בקר טרי  יבוא ארהב,קילוגרמים,1.00,"ק""ג",true,,89.90,89.9000,true,1,13812
7290002507116,false,פילה מדומה טרי נברסק,,,פילה מדומה טרי יבוא ארהב,קילוגרמים,1.00,"ק""ג",true,,89.90,89.9000,true,1,14325
7290002507277,false,קציצות דג 700 גרם דל,דלידג,,קציצות דג 700 גרם דלידג,גרמים,700.00,100 גרם,false,1,21.90,3.1286,true,1,15566
7290002507284,false,שניצל דג מצופה 700 ג,דלידג,,שניצל דג מצופה 700 גרם,גרמים,700.00,100 גרם,false,1,26.90,3.8429,true,1,15950
7290002507383,false,גבינה בולגרית 5% במש,גבינות בכר,,גבינה בולגרית 5% במשקל בכר,קילוגרמים,1.00,"ק""ג",true,,69.00,69.0000,true,1,14415
7290002507451,false,קציצות דג סלמון לביש,דלידג,,קציצות דג סלמון לבישול 750 גר,גרמים,75000.00,100 גרם,false,1,28.90,0.0385,true,1,15041
7290002507468,false,סטייק אנטריקוט עם עצ,סניידרס,,ורד הצלע טרי מוכשר צרפת,קילוגרמים,1.00,"ק""ג",true,,149.90,149.9000,true,1,28472
7290002507475,false,אוסובוקו טרי עם עצם,,,שריר הזרוע אוסובוקו טרי מוכשר צרפת,קילוגרמים,1.00,"ק""ג",true,,69.90,69.9000,true,1,28668
7290002507482,false,אסאדו טרי עם עצם יבו,,,אסאדו טרי עם עצם יבוא צרפתי,קילוגרמים,1.00,"ק""ג",true,,69.90,69.9000,true,1,28669
7290002507604,false,פיצה משפחתית השף שגב,שלושת האופים פיצה,,פיצה משפחתית השף שגב 320 גרם,גרמים,320.00,100 גרם,false,1,13.90,4.3438,true,1,14838
7290002507758,false,פילה קרפיון טרי,,,פילה קרפיון טרי,קילוגרמים,1.00,"ק""ג",true,,95.00,95.0000,true,1,14402
7290002512257,false,מלאווח צנעני מופחת ש,,IL,מלאווח צנעני מופחת שומן רווי 700גר,גרמים,700.00,100 גרם,false,1,15.90,2.2714,true,1,29120
7290002515333,false,אלסבון קמיל בלו סנסט,פישר תעשיות,,אלסבון קמיל בלו סנסטיב ורוד 500 מל משאבה,מיליליטרים,500.00,"100 מ""ל",false,1,17.90,3.5800,true,1,4991
7290002515364,false,אלסבון קמיל בלו קלאס,פישר תעשיות,,אלסבון קמיל בלו קלאסיק 500 מל משאבה,מיליליטרים,500.00,"100 מ""ל",false,1,16.90,3.3800,true,1,4987
7290002515371,false,אלסבון קמיל בלו קלאס,פישר תעשיות,,אלסבון קמיל בלו קלאסיק 1 ל,ליטרים,1.00,ליטר,false,1,21.90,21.9000,true,1,177
7290002517108,false,אורגנו 10 גר מיכל קט,,,אורגנו 10 גר מיכל קטן,Unknown,0.00,Unknown,false,1,5.90,0.0000,true,1,4490
7290002517269,false,פלפל שחור שלם 35 גר,,,פלפל שחור שלם 35 גר מיכל קטן,Unknown,0.00,Unknown,false,1,7.90,0.0000,true,1,4495
7290002517276,false,פלפל אנגלי שלם 25 גר,,,פלפל אנגלי שלם 25 גר מיכל קטן,Unknown,0.00,Unknown,false,1,5.90,0.0000,true,1,4487
7290002517290,false,קינמון טחון 40 גר מי,,,קינמון טחון 40 גר מיכל קטן,Unknown,0.00,Unknown,false,1,5.90,0.0000,true,1,4489
7290002517337,false,אורגנו עלים 20 גר שק,,,אורגנו עלים 20 גר שקית,Unknown,0.00,Unknown,false,1,4.90,0.0000,true,1,479
7290002517375,false,בזיליקום עלים 30 גר,,,בזיליקום עלים 30 גר שקית,Unknown,0.00,Unknown,false,1,4.90,0.0000,true,1,4497
7290002517566,false,תערובת תיבול לדג 80,,,תערובת תיבול לדג 80 גר,Unknown,0.00,Unknown,false,1,9.90,0.0000,true,1,4299
7290002517580,false,תערובת תיבול לעוף 80,,,תערובת תיבול לעוף 80 גר,Unknown,0.00,Unknown,false,1,9.90,0.0000,true,1,4300
7290002517603,false,בזיליקום 10 גר מיכל,,,בזיליקום 10 גר מיכל קטן,Unknown,0.00,Unknown,false,1,5.90,0.0000,true,1,4473
7290002517634,false,כוזברה 30 גר מיכל קט,,,כוזברה 30 גר מיכל קטן,Unknown,0.00,Unknown,false,1,5.90,0.0000,true,1,4474
7290002517689,false,קרי אבקה 40 גר מיכל,,,קרי אבקה 40 גר מיכל קטן,Unknown,0.00,Unknown,false,1,5.90,0.0000,true,1,4478
7290002517726,false,מקלות קינמון 15 גר מ,,,מקלות קינמון 15 גר מיכל קטן,Unknown,0.00,Unknown,false,1,5.90,0.0000,true,1,4479
7290002517733,false,קצח 40 גר מיכל קטן,,,קצח 40 גר מיכל קטן,Unknown,0.00,Unknown,false,1,5.90,0.0000,true,1,4480
7290002517801,false,צילי כתוש חריף 30 גר,,,צילי כתוש חריף 30 גר מיכל קטן,Unknown,0.00,Unknown,false,1,5.90,0.0000,true,1,4483
7290002517825,false,פלפל לבן טחון 40 גר,,,פלפל לבן טחון 40 גר מיכל קטן,Unknown,0.00,Unknown,false,1,7.90,0.0000,true,1,4492
7290002517849,false,שום גבישי 50 גר מיכל,,,שום גבישי 50 גר מיכל קטן,Unknown,0.00,Unknown,false,1,7.90,0.0000,true,1,4493
7290002517863,false,ציפורן טחון 40 גר מי,,,ציפורן טחון 40 גר מיכל קטן,Unknown,0.00,Unknown,false,1,7.90,0.0000,true,1,4494
7290002542506,false,בירה קורונה בק 355 מ,,,בירה קורונה בק 355 מל פיקדון,מיליליטרים,355.00,"100 מ""ל",false,1,7.90,2.2254,true,1,6720
7290002542773,false,בירה סטלה ארטואה 330,,,בירה סטלה ארטואה 330מל בק.פקדון,מיליליטרים,330.00,"100 מ""ל",false,1,7.90,2.3939,true,1,30408
7290002542780,false,מארז 6יח בירה סטלה א,,,מארז 6יח בירה סטלה ארטואה 330מל בק.פקדון,מיליליטרים,1980.00,"100 מ""ל",false,1,34.90,1.7626,true,1,30410
7290002542810,false,בירה הוגרדן 330מל בק,,,בירה הוגרדן 330מל בק.פקדון,מיליליטרים,330.00,"100 מ""ל",false,1,10.00,3.0303,true,1,30413
7290002542827,false,בירה לף בלונד 750מל,,,בירה לף בלונד 750מל,מיליליטרים,750.00,"100 מ""ל",false,1,22.90,3.0533,true,1,42812
7290002542834,false,בירה לף בראון 750מל,,,בירה לף בראון 750מל,מיליליטרים,750.00,"100 מ""ל",false,1,22.90,3.0533,true,1,42813
7290002542841,false,מארז 6יח בירה לף בלו,,,מארז 6יח בירה לף בלונד 330מל בק.פקדון,מיליליטרים,1980.00,"100 מ""ל",false,1,47.90,2.4192,true,1,30414
7290002542865,false,מארז 6יח בירה הוגרדן,,,מארז 6יח בירה הוגרדן 330מל בק.פקדון,מיליליטרים,1980.00,"100 מ""ל",false,1,47.90,2.4192,true,1,30416
7290002543046,false,דגני קלוגס פרוסטיס 7,,,דגני קלוגס פרוסטיס 750 גרם,גרמים,750.00,100 גרם,false,1,19.90,2.6533,true,1,1730
7290002543237,false,קורנפלקס קלוגס 750 ג,,,קורנפלקס קלוגס 750 גרם,גרמים,750.00,100 גרם,false,1,15.90,2.1200,true,1,358
7290002577492,false,פילה דג הרינג מלוח ב,דלידג,,פילה דג הרינג מלוח בשמן 240גרם,גרמים,240.00,100 גרם,false,1,25.90,10.7917,true,1,13927
7290002577508,false,פילה דג הרינג מלוח ב,דלידג,,פילה דג הרינג מלוח בשמן ובצל 240גרם,גרמים,240.00,100 גרם,false,1,25.90,10.7917,true,1,13926
7290002596448,false,חזה בקר  כבוש במשקל,מעדני הטלה,IL,חזה בקר  כבוש במשקל מעדני הטלה,קילוגרמים,1.00,"ק""ג",true,,42.00,42.0000,true,1,20005
7290002596523,false,סטייק אנטריקוט בואקו,מעדני הטלה,IL,סטייק אנטריקוט בואקום במשקל מעדני הטלה,קילוגרמים,1.00,"ק""ג",true,,79.00,79.0000,true,1,20006
7290002603030,false,סטייק עם עצם טרי נבר,,,סטייק אמריקאי טרי עם עצם,קילוגרמים,1.00,"ק""ג",true,,165.00,165.0000,true,1,15321
7290002603474,false,פיצת השף שגב רוטב פט,,,פיצת השף שגב רוטב פטריות כמהין 200גר,גרמים,200.00,100 גרם,false,1,15.90,7.9500,true,1,16306
7290002603481,false,פיצת השף שגב פסטו וע,,,פיצת השף שגב פסטו ועגבניות 200גר,גרמים,200.00,100 גרם,false,1,15.90,7.9500,true,1,16308
7290002603498,false,פיצת השף שגב אנטיפסט,,,פיצת השף שגב אנטיפסטי 200גר,גרמים,200.00,100 גרם,false,1,15.90,7.9500,true,1,16307
7290002603504,false,פיצת השף שגב עגבניות,,,פיצת השף שגב עגבניות ובצל סגול 220גר,גרמים,220.00,100 גרם,false,1,15.90,7.2273,true,1,16309
7290002603634,false,פיצה אישית משולש 80ג,,,פיצה אישית משולש 80גר תפזורת,Unknown,0.00,Unknown,false,72,2.90,0.0000,true,1,39985
7290002603689,false,בורקס מקלות פילו תפו,שלושת האופים שגמור,,בורקס מקלות פילו תפוא אקס אל 450גר-שגב,גרמים,450.00,100 גרם,false,1,16.90,3.7556,true,1,16465
7290002603696,false,בורקס מקלות פילו גבי,שלושת האופים שגמור,,בורקס מקלות פילו גבינה אקס אל 450גר-שגב,גרמים,450.00,100 גרם,false,1,16.90,3.7556,true,1,16466
7290002608127,false,בייגל רומני,פילסברי,,בייגל רומני,Unknown,0.00,Unknown,false,1,5.90,0.0000,true,1,14038
7290002608509,false,לחם מחמצת זית קלמטה,,,לחם מחמצת זית קלמטה,Unknown,0.00,Unknown,false,1,20.20,0.0000,true,1,17205
7290002608523,false,לחם מחמצת כוסמין,,,לחם מחמצת כוסמין,Unknown,0.00,Unknown,false,1,20.20,0.0000,true,1,17332
7290002610830,false,שיפודי פרגית קפוא במ,טיבון ויל,IL,שיפודי פרגית קפוא במשקל,קילוגרמים,1.00,"ק""ג",true,,69.90,69.9000,true,1,40715
7290002612087,false,סטייק אנטריקוט טרי א,,,סטייק עין אנגוס טרי ארגנטיני,קילוגרמים,1.00,"ק""ג",true,,169.90,169.9000,true,1,20134
7290002616146,false,רוטב טריאקי עד העצם,קמיליה,,רוטב טריאקי עד העצם 275 מל,מיליליטרים,275.00,"100 מ""ל",false,1,22.90,8.3273,true,1,3705
7290002622314,false,דבש פרחי אבוקדו 1 קג,קיבוץ ארז,IL,דבש פרחי אבוקדו קיבוץ ארז 1 קג,קילוגרמים,1.00,"ק""ג",false,15,49.90,49.9000,true,1,26483
7290002622321,false,דבש פרחי אבוקדו 500,קיבוץ ארז,IL,דבש פרחי אבוקדו קיבוץ ארז 500 גרם,גרמים,500.00,100 גרם,false,15,27.90,5.5800,true,1,26482
7290002627098,false,פיצה ביס 350גר שלושת,,IL,פיצה ביס 350גר שלושת האופים,גרמים,350.00,100 גרם,false,12,16.90,4.8286,true,1,33228
7290002627210,false,גפילטע פיש דלידג 7 ק,דלידג,,גפילטע פיש דלידג 7 קציצות 560 גרם,גרמים,560.00,100 גרם,false,1,12.90,2.3036,true,1,21832
7290002627623,false,פילה דג אמנון 9-11 ק,דלידג,,פילה דג אמנון 9-11 קפוא,קילוגרמים,1.00,"ק""ג",true,,26.00,26.0000,true,1,27887
7290002627678,false,דג פילה בינתן מנוקד,דלידג,,דג פילה בינתן מנוקד 400 גר מעובד,גרמים,400.00,100 גרם,false,,24.90,6.2250,true,1,24393
7290002651253,false,גחנון אפוי 600גר חמס,,IL,גחנון אפוי 600גר חמסי,גרמים,600.00,100 גרם,false,14,15.90,2.6500,true,1,20032
7290002657408,false,טונה פוסידון פירורים,פוסידון,,טונה פוסידון פירורים בשמן 960 גרם,גרמים,960.00,100 גרם,false,1,29.90,3.1146,true,1,5484
7290002657866,false,פילה דג אמנון 7-9 קפ,דלידג,,פילה דג אמנון 7-9 קפוא בדץ,קילוגרמים,1.00,"ק""ג",true,,26.00,26.0000,true,1,6943
7290002661153,false,לחם דני קל 1 קג,מאפית י.את א. ברמן ב,,לחם דני קל 1 קג,קילוגרמים,1.00,"ק""ג",false,1,16.90,16.9000,true,1,6279
7290002661214,false,לחם גלילי קל 750גר ב,מאפית י.את א. ברמן ב,,לחם גלילי קל 750גר ברמן,גרמים,750.00,100 גרם,false,1,14.90,1.9867,true,1,9678
7290002661245,false,לחם קסטן אנגלי 1 קג,מאפית י.את א. ברמן ב,IL,לחם קסטן אנגלי 1 קג ברמן,קילוגרמים,1.00,"ק""ג",false,1,16.90,16.9000,true,1,24265
7290002661931,false,מארז 6יח לחמניות שמי,מאפית י.את א. ברמן ב,IL,מארז 6יח לחמניות שמיניות פרג 720גר ברמן,גרמים,720.00,100 גרם,false,1,10.90,1.5139,true,1,29098
7290002661948,false,מארז 6יח לחמניות כפר,מאפית י.את א. ברמן ב,IL,מארז 6יח לחמניות כפריות ארוכות720גר ברמן,גרמים,720.00,100 גרם,false,1,10.90,1.5139,true,1,29099
7290002674221,false,מש.שיניים אקווה פרש,,,מש.שיניים אקווה פרש מנטה משאבה100מל,מיליליטרים,100.00,"100 מ""ל",false,1,15.00,15.0000,true,1,1844
7290002692393,false,שמן קנולה מועשר בויט,שמן תעשיות,,שמן קנולה מועשר בויטמין עץהזית 1 לי,ליטרים,1.00,ליטר,false,1,14.90,14.9000,true,1,3983
7290002692478,false,שמן זית מעודן עץ הזי,שמן תעשיות,,שמן זית מעודן עץ הזית 750 מל,מיליליטרים,750.00,"100 מ""ל",false,1,32.90,4.3867,true,1,3998
7290002692768,false,תרסיס שמן קנולה 200,שמן תעשיות,,תרסיס שמן קנולה 200 מל עץ הזית,מיליליטרים,200.00,"100 מ""ל",false,1,15.90,7.9500,true,1,5783
7290002692775,false,תרסיס שמן חמאה 200 מ,,,תרסיס שמן טעם חמאה200 מל מופחת קלוריות,מיליליטרים,200.00,"100 מ""ל",false,1,15.90,7.9500,true,1,5784
7290002692782,false,תרסיס שמן זית 150 מל,שמן תעשיות,,תרסיס שמן זית 200 מל עץ הזית,מיליליטרים,150.00,"100 מ""ל",false,1,15.90,10.6000,true,1,5785
7290002706557,false,דג פורל משפחתי טרי ג,,,דג פורל משפחתי טרי גדול,קילוגרמים,1.00,"ק""ג",true,,74.90,74.9000,true,1,9150
7290002706731,false,רצועות פילה נסיכת הנ,דלידג,,רצועות פילה נסיכת הנילוס קפוא,קילוגרמים,1.00,"ק""ג",true,,75.00,75.0000,true,1,9335
7290002706922,false,פילה נסיכת הנילוס קפ,דלידג,,פילה נסיכת הנילוס קפוא,קילוגרמים,1.00,"ק""ג",true,,75.00,75.0000,true,1,9336
7290002706960,false,פילה ברבוניה מגש 400,טפראקדפוד,,פילה ברבוניה מגש 400 גר,גרמים,40000.00,100 גרם,false,1,24.90,0.0622,true,1,42758
7290002715375,false,קבב יווני 400 גרם,טיבון ויל,,קבב יווני 400 גרם,גרמים,400.00,100 גרם,false,1,15.90,3.9750,true,1,306
7290002715504,false,מגיק בכוס מרק עוף 70,מג'יק,,מגיק בכוס מרק עוף 70 גרם,גרמים,70.00,100 גרם,false,1,4.90,7.0000,true,1,1281
7290002715511,false,מגיק בכוס בשר 70 גרם,מג'יק,,מגיק בכוס בשר 70 גרם,גרמים,70.00,100 גרם,false,1,4.90,7.0000,true,1,1282
7290002715528,false,מגיק בכוס ירקות 70 ג,מג'יק,,מגיק בכוס ירקות 70 גרם,גרמים,70.00,100 גרם,false,1,4.90,7.0000,true,1,1283
7290002715580,false,מגיק בכוס סיני 70 גר,מג'יק,,מגיק בכוס סיני 70 גרם,גרמים,70.00,100 גרם,false,1,4.90,7.0000,true,1,580
7290002725282,false,דג קרפיון מצונן טרי,,,דג קרפיון מצונן טרי,קילוגרמים,1.00,"ק""ג",true,,30.00,30.0000,true,1,9212
7290002725824,false,דג דניס טרי אקס אקס,,,דג דניס טרי 3 אקס לארג,קילוגרמים,1.00,"ק""ג",true,,90.00,90.0000,true,1,14346
7290002730262,false,נוזל כלים פלמוליב קל,Colgate - Greece,,נוזל כלים פלמוליב קלאסי 750 מל שקוףף,מיליליטרים,750.00,"100 מ""ל",false,1,10.90,1.4533,true,1,403
7290002730521,false,בלונס צימרונים 200 י,SEPTONA,,בלונס צימרונים 200 יח,יחידה,200.00,יחידה,false,1,5.90,0.0295,true,1,1141
7290002730538,false,פדים להסרת איפור 80,SEPTONA,,פדים להסרת איפור 80 יח,יחידה,80.00,יחידה,false,1,9.90,0.1238,true,1,1140
7290002730675,false,מש.שיניים קולגייט אד,CP-Poland swidnica,,מש.שיניים קולגייט אדומה 100 מל משפחתית,מיליליטרים,100.00,"100 מ""ל",false,1,10.90,10.9000,true,1,327
7290002730811,false,מש.שיניים קולגייט גל,CP-Poland swidnica,,מש.שיניים קולגייט גל משפחתי 100 מל,מיליליטרים,100.00,"100 מ""ל",false,1,10.90,10.9000,true,1,323
7290002730903,false,מארז 4  סבון  מוצק פ,CP - Turkey+60,,מארז 4  סבון  מוצק פלמוליב ורדים,גרמים,400.00,100 גרם,false,1,16.90,4.2250,true,1,539
7290002730958,false,מארז 4  סבון מוצק פל,CP - Turkey+60,,מארז 4  סבון מוצק פלמוליב ירוק,גרמים,400.00,100 גרם,false,1,16.90,4.2250,true,1,541
7290002750710,false,סופגניה מיני,,,סופגניה מיני עם ריבה,Unknown,0.00,Unknown,false,1,3.00,0.0000,true,1,13868
7290002750963,false,בגט רוסטיק,פילסברי,,בגט רוסטיק,Unknown,0.00,Unknown,false,1,9.90,0.0000,true,1,13765
7290002750987,false,חלה קלועה מתוקה,פילסברי,,חלה קלועה מתוקה,Unknown,0.00,Unknown,false,1,15.90,0.0000,true,1,13775
7290002752332,false,סוכריות מנטוס פירות,,,סוכריות מנטוס פירות בגליל,Unknown,0.00,Unknown,false,1,3.50,0.0000,true,1,787
7290002752349,false,סוכריות מנטוס מנטה ב,,,סוכריות מנטוס מנטה בגליל,Unknown,0.00,Unknown,false,1,3.50,0.0000,true,1,2047
7290002752493,false,סוכריות טיק טק מנטה,פררו,,סוכריות טיק טק מנטה רביעיה,Unknown,0.00,Unknown,false,1,10.00,0.0000,true,1,879
7290002753223,false,סוכריות טיק טק תפוז,פררו,,סוכריות טיק טק תפוז רביעיה,Unknown,0.00,Unknown,false,1,10.00,0.0000,true,1,880
7290002753995,false,קישוטי עוגה שוקולד 1,,,קישוטי עוגה שוקולד 150 גר,גרמים,150.00,100 גרם,false,1,15.90,10.6000,true,1,162
7290002757115,false,טומהוק קפוא במשקל מו,,,טומהוק קפוא במשקל מוכשר,קילוגרמים,1.00,"ק""ג",true,,160.00,160.0000,true,1,43905
7290002757139,false,מלוואח שלושת האופים,אופרה,,מלוואח שלושת האופים 700 גר,גרמים,700.00,100 גרם,false,1,15.90,2.2714,true,1,6251
7290002757511,false,קציצות דג לבישול 750,דלידג,,קציצות דג לבישול 750 גר,גרמים,750.00,100 גרם,false,1,31.90,4.2533,true,1,6071
7290002757528,false,בורקס פילו תפוח אדמה,שלושת האופים שגמור,,בורקס פילו תפוח אדמה 500 גר,גרמים,500.00,100 גרם,false,1,19.90,3.9800,true,1,6073
7290002757535,false,בורקס פילו אצבעות גב,שלושת האופים שגמור,,בורקס פילו אצבעות גבינה 500 גר,גרמים,500.00,100 גרם,false,1,19.90,3.9800,true,1,6072
7290002757962,false,פילה קוד טרי,,,פילה קוד טרי,קילוגרמים,1.00,"ק""ג",true,,199.00,199.0000,true,1,14345
7290002768036,false,מי פה תיאדנט מי ענק,,,מי פה תיאדנט מי ענק 150 מל רגיל,מיליליטרים,150.00,"100 מ""ל",false,1,17.90,11.9333,true,1,1386
7290002768159,false,סבון נוזלי לאמבט בת,,,סבון נוזלי לאמבט בת אורן 500 מל,מיליליטרים,500.00,"100 מ""ל",false,1,17.90,3.5800,true,1,1163
7290002771104,false,קפה נחלה עם הל 500 ג,,,קפה נחלה עם הל 500 גר,גרמים,500.00,100 גרם,false,1,29.90,5.9800,true,1,185
7290002771111,false,קפה נחלה עם הל 250 ג,,,קפה נחלה עם הל 250 גרם,גרמים,250.00,100 גרם,false,1,15.90,6.3600,true,1,187
7290002771326,false,קפסולות קפה נחלה עם,,,קפסולות קפה עם הל 10 יח,יחידה,10.00,יחידה,false,1,18.90,1.8900,true,1,19289
7290002771333,false,קפסולות קפה נחלה 10,,,קפסולות קפה בלי הל 10 יח,יחידה,10.00,יחידה,false,1,18.90,1.8900,true,1,19290
7290002775010,false,בורקס מיני פילו גבינ,שלושת האופים שגמור,,בורקס מיני פילו גבינה 650 גר,גרמים,650.00,100 גרם,false,1,19.90,3.0615,true,1,6365
7290002775317,false,פילה זהובון קפוא 1 ק,דלידג,,פילה זהובון קפוא 1 קג,קילוגרמים,1.00,"ק""ג",false,1,26.90,26.9000,true,1,6496
7290002775768,false,עוג.טורט ריץ קצפת שו,ריץ',,עוג.טורט ריץ קצפת שוקולד 1 קג,קילוגרמים,1.00,"ק""ג",false,1,54.90,54.9000,true,1,6345
7290002775782,false,עוג.טורט ריץ מצופה ש,ריץ',,עוג.טורט ריץ מצופה שוקולד 1 קג,קילוגרמים,1.00,"ק""ג",false,1,54.90,54.9000,true,1,6347
7290002775898,false,עוג.מוס בלגי ריץ  85,ריץ',,עוג.מוס בלגי ריץ  850 גר,גרמים,850.00,100 גרם,false,1,59.90,7.0471,true,1,6350
7290002787167,false,טונה במים ויליגר 140,ויליגר,,טונה במים ויליגר 140 גר,גרמים,140.00,100 גרם,false,1,5.70,4.0714,true,1,10724
7290002787501,false,פילה סלמון נורבגי במ,דלידג,,פילה סלמון נורבגי במשקל,קילוגרמים,1.00,"ק""ג",true,,65.00,65.0000,true,1,16937
7290002787884,false,מקלות בורקס פילו תפו,,,מקלות בורקס פילו תפוא 600 גר שלושת האופי,גרמים,600.00,100 גרם,false,1,19.90,3.3167,true,1,11579
7290002787891,false,מקלות בורקס פילו תרד,,,מקלות בורקס פילו תרד 600 גר שלושת האופים,גרמים,600.00,100 גרם,false,1,19.90,3.3167,true,1,11580
7290002793304,false,מיכל סודה סטרים בארי,,,מיכל סודה סטרים באריזה 60,Unknown,0.00,Unknown,false,1,109.90,0.0000,true,1,10243
7290002793311,false,שרות החלפה גז 60 מיל,,,שרות החלפה גז 60 מילוי סודה סטרים,Unknown,0.00,Unknown,false,1,59.90,0.0000,true,1,10242
7290002800675,false,כבד אווז קפוא,,,כבד אווז קפוא במגש,קילוגרמים,1.00,"ק""ג",true,,549.00,549.0000,true,1,9951
7290002805151,false,נוזל ריצפה סיף  סחלב,יוניליוור,,נוזל ריצפה סיף  סחלבים 4 ל,ליטרים,4.00,ליטר,false,1,19.90,4.9750,true,1,37
7290002808398,false,חומץ תפוחים 473 מל,אולד דאץ,,חומץ תפוחים 473 מל,מיליליטרים,473.00,"100 מ""ל",false,1,10.90,2.3044,true,1,2014
7290002808527,false,חומץ תפוחים 946 מל,אולד דאץ,,חומץ תפוחים 946 מל,מיליליטרים,946.00,"100 מ""ל",false,1,15.90,1.6808,true,1,3395
7290002814016,false,מסיר שומנים קר סנט,קומפלקס כימיקלים,IL,מסיר שומנים קר סנט  מוריץ מתז 750מל,מיליליטרים,750.00,"100 מ""ל",false,15,12.90,1.7200,true,1,794
7290002814054,false,מרסס לניקוי  אסלות,קומפלקס כימיקלים,IL,מרסס לניקוי  אסלות  אנטרטיק סנט מוריץ 1ל,ליטרים,1.00,ליטר,false,15,9.90,9.9000,true,1,21853
7290002814290,false,קצף משמיד חיידקים מר,קומפלקס כימיקלים,IL,קצף משמיד חיידקים מרוכז 1ל ניחוח לימון,ליטרים,1.00,ליטר,false,1,10.90,10.9000,true,1,29646
7290002814412,false,נוזל כלים סנט מוריץ,קומפלקס כימיקלים,IL,נוזל כלים סנט מוריץ 1.6ל לימון ליים 18%,מיליליטרים,1600.00,"100 מ""ל",false,15,9.90,0.6188,true,1,22969
7290002814436,false,נוזל כלים סנט מוריץ,קומפלקס כימיקלים,IL,נוזל כלים סנט מוריץ 1.6ל לימון 18%,מיליליטרים,1600.00,"100 מ""ל",false,15,9.90,0.6188,true,1,22970
7290002814481,false,מארז 3יח שקיות מזון,קומפלקס כימיקלים,,מארז 3יח שקיות מזון עלמה 150יח,יחידה,450.00,יחידה,false,12,11.90,0.0264,true,1,42529
7290002814498,false,מתז חומץ 750מל סנט מ,קומפלקס כימיקלים,TR,מתז חומץ 750מל סנט מוריץ,מיליליטרים,750.00,"100 מ""ל",false,12,8.90,1.1867,true,1,27427
7290002814528,false,נוזל לניקוי אסלות וא,קומפלקס כימיקלים,IL,נוזל לניקוי אסלות ואמבטיות 1ל סנט מוריץ,ליטרים,1.00,ליטר,false,15,5.90,5.9000,true,1,2116
7290002814580,false,פותח סתימות טורנדו,קומפלקס כימיקלים,IL,פותח סתימות טורנדו  גרגרים 200גר,גרמים,200.00,100 גרם,false,20,11.90,5.9500,true,1,21854
7290002814597,false,נוזל לפתיחת  סתימות,קומפלקס כימיקלים,IL,נוזל לפתיחת  סתימות טורנדו 1 ליטר,ליטרים,1.00,ליטר,false,15,15.90,15.9000,true,1,21855
7290002814603,false,מסיר שומנים קר מבושם,קומפלקס כימיקלים,IL,מסיר שומנים קר מבושם סנט מוריץ750מ לימון,מיליליטרים,750.00,"100 מ""ל",false,15,11.90,1.5867,true,1,21851
7290002814665,false,מסיר עובש 1 ליטר סנט,קומפלקס כימיקלים,IL,מסיר עובש 1 ליטר סנט מוריץ,ליטרים,1.00,ליטר,false,12,9.90,9.9000,true,1,30924
7290002814689,false,מארז 3 יח נוזל כלים,,,מארז 3 יח נוזל כלים 750מל סנט מוריץ,מיליליטרים,2250.00,"100 מ""ל",false,1,18.90,0.8400,true,1,42491
7290002814719,false,נוזל לשטיפת רצפות 4ל,קומפלקס כימיקלים,IL,נוזל לשטיפת רצפות 4ל ניחוח מאסק,ליטרים,4.00,ליטר,false,5,11.90,2.9750,true,1,29630
7290002814825,false,סבון אסלה כדוריות של,,TR,סבון אסלה כדוריות שלישייה אוקיינוס כחול,יחידה,1.00,יחידה,false,24,9.90,9.9000,true,1,29639
7290002814832,false,סבון אסלה כדוריות של,,TR,סבון אסלה כדוריות שלישייה לוונדר,יחידה,1.00,יחידה,false,24,9.90,9.9000,true,1,29640
7290002814870,false,מסיר שומנים קר מבושם,קומפלקס כימיקלים,IL,מסיר שומנים קר מבושם סנט מוריץ750מ לבנדר,מיליליטרים,750.00,"100 מ""ל",false,15,11.90,1.5867,true,1,21852
7290002814894,false,קצף ניקוי אקונומיקה,קומפלקס כימיקלים,IL,קצף ניקוי אקונומיקה לבנדר 1ליט סנט מוריץ,ליטרים,1.00,ליטר,false,15,9.90,9.9000,true,1,22199
7290002814900,false,סבון אסלה כדוריות של,,TR,סבון אסלה כדוריות שלישייה לימון,יחידה,1.00,יחידה,false,24,9.90,9.9000,true,1,29641
7290002814917,false,נוזל לשטיפת רצפות 4ל,קומפלקס כימיקלים,IL,נוזל לשטיפת רצפות 4ל ניחוח לבנדר סנט מו,ליטרים,4.00,ליטר,false,5,11.90,2.9750,true,1,10534
7290002814931,false,נוזל לשטיפת רצפות 4ל,קומפלקס כימיקלים,IL,נוזל לשטיפת רצפות 4ל ניחוח פרחים/אוקינוס,ליטרים,4.00,ליטר,false,5,11.90,2.9750,true,1,4252
7290002814955,false,נוזל כלים 4 ליטר סנט,קומפלקס כימיקלים,IL,נוזל כלים 4 ליטר סנט מוריץ,ליטרים,4.00,ליטר,false,1,19.90,4.9750,true,1,40216
7290002814962,false,מגבונים לניקוי כללי,קומפלקס כימיקלים,IL,מגבונים לניקוי כללי 500יח דלי,יחידה,500.00,יחידה,false,1,22.90,0.0458,true,1,31193
7290002824183,false,גבינת סקי 5% למריחה,,,גבינת סקי 5% למריחה 500 גר***,גרמים,500.00,100 גרם,false,1,9.96,1.9920,true,1,1208
7290002824466,false,יוגורט לבן 0% 200 גר,,,יוגורט לבן 0% 200 גרם,גרמים,200.00,100 גרם,false,1,3.80,1.9000,true,1,890
7290002824640,false,גבינת סקי 5% 250 גרם,,,גבינת סקי 5% 250 גרם***,גרמים,250.00,100 גרם,false,1,4.98,1.9920,true,1,1206
7290002830054,false,דג בר ים טרי,,,דג בר ים טרי,קילוגרמים,1.00,"ק""ג",true,,124.00,124.0000,true,1,14274
7290002830184,false,פילה דג לברק יפני,דלידג,,פילה דג לברק יפני,קילוגרמים,1.00,"ק""ג",true,,49.90,49.9000,true,1,8001
7290002830245,false,פילה דג לברק יפני,דלידג,,פילה דג לברק יפני,קילוגרמים,1.00,"ק""ג",true,,49.90,49.9000,true,1,14766
7290002830269,false,דג לוקוס טרי,,,דג לוקוס טרי,קילוגרמים,1.00,"ק""ג",true,,139.90,139.9000,true,1,6644
7290002830306,false,דג פרידה טרי,,,דג פרידה טרי,קילוגרמים,1.00,"ק""ג",true,,125.00,125.0000,true,1,6646
7290002830948,false,גבינת מון בלאן עיזים,ש.האופים,,גבינת מון בלאן עיזים 120 גר,גרמים,120.00,100 גרם,false,1,10.00,8.3333,true,1,6794
7290002837558,false,גבינת טריקולור בסירו,,NL,גבינת טריקולור בסירון במשקל,קילוגרמים,1.00,"ק""ג",true,,149.00,149.0000,true,1,40254
7290002842002,false,קוואקר מורנפלייק אנג,מורנינג פוד,GB,קוואקר מורנפלייק אנגלי 500 גרם,גרמים,500.00,100 גרם,false,1,9.90,1.9800,true,1,2046
7290002842163,false,טונה לבנה יולה 185 ג,יו.אס.איי וליו קו,,טונה לבנה יולה 185 גר,גרמים,185.00,100 גרם,false,1,11.90,6.4324,true,1,1684
7290002842293,false,סרדין מינרבה חריף 12,יו.אס.איי וליו קו,,סרדין מינרבה חריף 120 גרם,גרמים,120.00,100 גרם,false,1,5.90,4.9167,true,1,2684
7290002842309,false,סרדין מינרבה בשמן 12,יו.אס.איי וליו קו,,סרדין מינרבה בשמן 120 גרם,גרמים,120.00,100 גרם,false,1,5.90,4.9167,true,1,2685
7290002842415,false,פילה אנשובי אמיתי יו,יו.אס.איי וליו קו,,פילה אנשובי אמיתי יוליה 50 גר,גרמים,50.00,100 גרם,false,1,5.90,11.8000,true,1,3488
7290002842699,false,מיץ שזיפים יולה 946מ,קליפסטאר,,מיץ שזיפים יולה 946מל ללא סוכר,מיליליטרים,946.00,"100 מ""ל",false,1,19.90,2.1036,true,1,27048
7290002866497,false,דג לברק טרי אקס אקס,,,דג לברק טרי אקס אקס אל,קילוגרמים,1.00,"ק""ג",true,,89.90,89.9000,true,1,10960
7290002866503,false,דג לברק טרי אקס אקס,,,דג לברק טרי אקס אקס אקס אל,קילוגרמים,1.00,"ק""ג",true,,100.00,100.0000,true,1,11379
7290002868996,false,גבינת קוטג 5% מועשר,טרה,,גבינת קוטג 5% מועשר 250 ג,גרמים,250.00,100 גרם,false,1,5.80,2.3200,true,1,3891
7290002871446,false,פריגת 1.5 ליטר ענבים,פריגת,,פריגת 1.5 ליטר ענבים,ליטרים,1.50,ליטר,false,1,9.10,6.0667,true,1,516
7290002871477,false,פריגת 1.5 ליטר אשכול,פריגת,,פריגת 1.5 ליטר אשכוליות,ליטרים,1.50,ליטר,false,1,9.10,6.0667,true,1,1288
7290002871491,false,פריגת 1.5 ליטר ד.אשכ,פריגת,,פריגת 1.5 ליטר ד.אשכוליות,ליטרים,1.50,ליטר,false,1,8.60,5.7333,true,1,1056
7290002879145,false,פלפל חלפיניו פרוס480,,,פלפל חלפיניו פרוס480 מל צנצנת,גרמים,480.00,100 גרם,false,12,16.90,3.5208,true,1,29928
7290002879206,false,ממרח פלפל חלפינו חרי,,TR,ממרח פלפל חלפינו חריף פלרמו 500 גרם לחי,גרמים,500.00,100 גרם,false,8,16.90,3.3800,true,1,32466
7290002879237,false,חטיף טורטילה סומבררו,,,חטיף טורטילה סומבררו ברביקיו 200 גרם,מיליליטרים,200.00,"100 מ""ל",false,1,11.50,5.7500,true,1,1693
7290002879282,false,טורטילה חטיף סומבררו,אן. וי סנק פוד,,טורטילה חטיף סומבררו תירס טבעי 200 גרם,גרמים,200.00,100 גרם,false,1,11.50,5.7500,true,1,1692
7290002879299,false,מלפפונים גרין ואלי צ,פרנצוסקה,,מלפפונים גרין ואלי צהוב 860 גר,גרמים,860.00,100 גרם,false,1,19.90,2.3140,true,1,2925
7290002879305,false,מלפפונים גרין ואלי כ,פרנצוסקה,,מלפפונים גרין ואלי כחול 860 גר,גרמים,860.00,100 גרם,false,1,21.90,2.5465,true,1,2926
7290002879411,false,מלפפונים פרוסים גריי,פרנצוסקה,,מלפפונים פרוסים גריין ואלי 680 גר,גרמים,680.00,100 גרם,false,1,14.50,2.1324,true,1,7910
7290002879435,false,כרוב כבוש  גרין ואלי,פרנצוסקה,,כרוב כבוש  גרין ואלי  900 גר,גרמים,900.00,100 גרם,false,1,17.90,1.9889,true,1,1689
7290002879459,false,סלק כבוש  גרין ואלי,פרנצוסקה,,סלק כבוש  גרין ואלי 710 גרם,גרמים,710.00,100 גרם,false,1,15.50,2.1831,true,1,1690
7290002879541,false,חומץ בן יין אדום 500,אקטיפיקו,,חומץ בן יין אדום 500 מל,מיליליטרים,500.00,"100 מ""ל",false,1,16.50,3.3000,true,1,2965
7290002879633,false,וופל בלגי 550 גרם 10,,BE,וופל בלגי 550 גרם 10 יח אישי,גרמים,550.00,100 גרם,false,8,21.90,3.9818,true,1,31836
7290002881209,false,רסק תפוחי עץ רגיל 72,,,רסק תפוחי עץ רגיל 720 ג תומר,גרמים,720.00,100 גרם,false,1,9.90,1.3750,true,1,4740
7290002881216,false,רסק תפוחי עץ דיאט 72,,,רסק תפוחי עץ דיאט 720 ג תומר,גרמים,720.00,100 גרם,false,1,9.90,1.3750,true,1,4739
7290002881230,false,לפתן אננס חתוך תומר,,,לפתן אננס חתוך תומר 820 גר,גרמים,820.00,100 גרם,false,1,10.90,1.3293,true,1,5049
7290002881247,false,לפתן אננס שלם תומר 8,,,לפתן אננס שלם תומר 850 גר,גרמים,850.00,100 גרם,false,1,10.90,1.2824,true,1,5050
7290002881254,false,לפתן קוקטיל פירות טר,,,לפתן קוקטיל פירות טרופי תומר 850 גר,גרמים,850.00,100 גרם,false,1,10.90,1.2824,true,1,8682
7290002881261,false,לפתן ליצי שלם תומר 4,,,לפתן ליצי שלם תומר 400 גר,גרמים,400.00,100 גרם,false,1,9.90,2.4750,true,1,4853
7290002881278,false,לפתן אפרסק חצאים תומ,,,לפתן אפרסק חצאים תומר 850 ג,גרמים,850.00,100 גרם,false,1,10.90,1.2824,true,1,5269
7290002881407,false,אטריות נודלס דקות 40,,,אטריות נודלס דקות 400 ג,גרמים,400.00,100 גרם,false,1,6.90,1.7250,true,1,4695
7290002881414,false,אטריות נודלס עבות 40,,,אטריות נודלס עבות 400 גרם,גרמים,400.00,100 גרם,false,1,6.90,1.7250,true,1,4941
7290002881506,false,חמאת בוטנים רגיל 500,,,חמאת בוטנים רגיל 500 גר תומר,גרמים,500.00,100 גרם,false,1,9.90,1.9800,true,1,4799
7290002881513,false,חמאת בוטנים עם שברי,,,חמאת בוטנים עם שברי בוטנים 500 גר תומר,גרמים,500.00,100 גרם,false,1,9.90,1.9800,true,1,4800
7290002881551,false,עלי גפן ממולאים באור,,,עלי גפן ממולאים באורז 400 גר,גרמים,400.00,100 גרם,false,1,8.90,2.2250,true,1,5588
7290002881575,false,עלי גפן למילוי 400 ג,,,עלי גפן למילוי 400 גר צנצנת,גרמים,400.00,100 גרם,false,1,8.90,2.2250,true,1,5635
7290002881612,false,לפתן דובדבן חמוצים 6,,,לפתן דובדבן חמוצים 680 גר,גרמים,680.00,100 גרם,false,1,10.90,1.6029,true,1,4964
7290002881735,false,לבבות דקל שלמים 410,אינקופלמיטו אס.אי,EC,לבבות דקל שלמים 410 ג תומר,גרמים,410.00,100 גרם,false,1,11.90,2.9024,true,1,4440
7290002881742,false,לבבות דקל פרוס 8 אונ,,,לבבות דקל פרוס 8 אונס,גרמים,400.00,100 גרם,false,1,8.90,2.2250,true,1,4461
7290002881803,false,שמן קנולה תומר 1 ליט,,DE,שמן קנולה תומר 1 ליטר,ליטרים,1.00,ליטר,false,1,10.90,10.9000,true,1,43918
7290002881940,false,סרדין מרוקאי בשמן 12,,,סרדין מרוקאי בשמן 125 גר,גרמים,125.00,100 גרם,false,1,5.90,4.7200,true,1,4339
7290002881957,false,סרדין מרוקאי חריף בש,,,סרדין מרוקאי חריף בשמן 125 גר,גרמים,125.00,100 גרם,false,1,5.90,4.7200,true,1,4338
7290002881964,false,סרדין מרוקאי ברוטב ע,,,סרדין מרוקאי ברוטב עגבניות 125 גר,גרמים,125.00,100 גרם,false,1,5.90,4.7200,true,1,4340
7290002881971,false,סרדין מרוקאי בשמן זי,,,סרדין מרוקאי בשמן זית 125 גר,גרמים,125.00,100 גרם,false,1,5.90,4.7200,true,1,5019
7290002881988,false,סרדין מרוקאי בשמן ול,,,סרדין מרוקאי בשמן ולימון 125 גר,גרמים,125.00,100 גרם,false,1,5.90,4.7200,true,1,5018
7290002887812,false,מצה100%חיטה מלאה 400,,,מצה100%חיטה מלאה 400 גר אביב,גרמים,400.00,100 גרם,false,1,16.90,4.2250,true,1,3540
7290002900313,false,פסטרמה ספרדית במשקל,,,פסטרמה ספרדית במשקל,קילוגרמים,1.00,"ק""ג",true,,72.00,72.0000,true,1,3922
7290002900436,false,פסטרמה איטלקית מילנו,,,פסטרמה איטלקית מילנו במשקל,קילוגרמים,1.00,"ק""ג",true,,72.00,72.0000,true,1,3921
7290002900566,false,פסטרמה ברביקיו דלת ש,,,פסטרמה ברביקיו דלת שומן 360 ג,גרמים,360.00,100 גרם,false,1,26.90,7.4722,true,1,4011
7290002904694,false,דאו.ספריי טיטניום 18,,,דאו.ספריי טיטניום 180 מל,מיליליטרים,180.00,"100 מ""ל",false,1,17.90,9.9444,true,1,872
7290002920311,false,גבינת קממבר צאן במשק,,,גבינת קממבר צאן במשקל גד משולשים,קילוגרמים,1.00,"ק""ג",true,,129.00,129.0000,true,1,1989
7290002921165,false,ספריי הזלין לניקוי ר,פרייק,,ספריי הזלין לניקוי רהיטים,Unknown,0.00,Unknown,false,1,35.90,0.0000,true,1,1733
7290002921226,false,נוזל הזלין קרם לניקו,פריקה,,נוזל הזלין קרם לניקוי רהיטי עור בקבוק,Unknown,0.00,Unknown,false,1,24.90,0.0000,true,1,1831
7290002921233,false,קרבונה ספריי לכתמים,מרקה,,קרבונה ספריי לכתמים,Unknown,0.00,Unknown,false,1,19.90,0.0000,true,1,210
7290002921240,false,שמפוזר קרבונה אדום,קרבונה,,שמפוזר קרבונה אדום,Unknown,0.00,Unknown,false,1,24.90,0.0000,true,1,34
7290002921349,false,סופר גלו 3 דבק מהיר,הנקל,,סופר גלו 3 דבק מהיר,Unknown,0.00,Unknown,false,1,16.90,0.0000,true,1,1698
7290002921516,false,טורבול סופג לחות,טורבול,,טורבול סופג לחות,Unknown,0.00,Unknown,false,1,49.90,0.0000,true,1,2174
7290002922117,false,עוגיות אקלר בטעמים ש,,,עוגיות אקלר בטעמים שונים 200-250 ג,גרמים,200.00,100 גרם,false,1,21.90,10.9500,true,1,2139
7290002923466,false,בשר בקר טחון 1 קג טי,טיבון ויל,,בשר בקר טחון 1 קג טיבונוויל,קילוגרמים,1.00,"ק""ג",false,1,32.90,32.9000,true,1,4435
7290002925729,false,מי פה גל גם וגם כחול,,,מי פה גל גם וגם כחול לשיניים 120 מל,מיליליטרים,120.00,"100 מ""ל",false,1,14.90,12.4167,true,1,3176
7290002925798,false,מי פה גל גם וגם ירוק,,,מי פה גל גם וגם ירוק לשיניים 120 מל,מיליליטרים,120.00,"100 מ""ל",false,1,14.90,12.4167,true,1,3177
7290002929130,false,גבינת דנאבלו במשקל,מאמן,,גבינת דנאבלו במשקל,קילוגרמים,1.00,"ק""ג",true,,89.00,89.0000,true,1,9797
7290002929512,false,כדורי פלאפל 500 גרם,שלושת האופים,,כדורי פלאפל 500 גרם שלושת האופים,גרמים,500.00,100 גרם,false,1,12.90,2.5800,true,1,12567
7290002929536,false,קובה למרק 600גרם שלו,שלושת האופים,,קובה למרק 600גרם שלושת האופים,גרמים,600.00,100 גרם,false,1,12.90,2.1500,true,1,12566
7290002929635,false,טונה בשמן צמחי ויליג,ויליגר,,טונה בשמן צמחי ויליגר 140 גר,גרמים,140.00,100 גרם,false,1,5.70,4.0714,true,1,10440
7290002929642,false,מארז 4 טונה בשמן צמח,ויליגר,,מארז 4 טונה בשמן צמחי ויליגר 140 ג,גרמים,560.00,100 גרם,false,1,19.90,3.5536,true,1,10286
7290002929734,false,גפילטע פיש דלידג 7 ק,דלידג,,גפילטע פיש 570 גר,גרמים,560.00,100 גרם,false,1,12.90,2.3036,true,1,10288
7290002929949,false,רצועות פילה קוד טרי,,,רצועות פילה קוד טרי,קילוגרמים,1.00,"ק""ג",true,,199.00,199.0000,true,1,40260
7290002946700,false,מדליק פחם נוזלי 200,ויקליין,,מדליק פחם נוזלי 200 מל,מיליליטרים,200.00,"100 מ""ל",false,1,10.90,5.4500,true,1,12745
7290002951186,false,סבון ידיים היגייני ר,,IL,סבון ידיים היגייני רוטס 500מל,מיליליטרים,500.00,"100 מ""ל",false,1,24.90,4.9800,true,1,26588
7290002951230,false,שמפו רוטס היגייני 50,,IL,שמפו רוטס היגייני 500מל,מיליליטרים,500.00,"100 מ""ל",false,1,24.90,4.9800,true,1,26590
7290002954026,false,שמן תירס שוקחה  3 לי,גרמיז אס איי,,שמן תירס שוקחה  3 ליטר,ליטרים,3.00,ליטר,false,1,46.90,15.6333,true,1,2123
7290002954040,false,שמן תירס שוקחה 1 ליט,,,שמן תירס שוקחה 1 ליטר,ליטרים,1.00,ליטר,false,1,14.90,14.9000,true,1,4544
7290002954187,false,אורז יסמין שוקחה מדל,בני ג'ורג' שוקחה חיפ,,אורז יסמין שוקחה מדליה 5 קג,קילוגרמים,5.00,"ק""ג",false,1,44.90,8.9800,true,1,4539
7290002954200,false,אורז יסמין שוקחה 1 ק,בני ג'ורג' שוקחה חיפ,,אורז יסמין שוקחה 1 קג,קילוגרמים,1.00,"ק""ג",false,1,11.90,11.9000,true,1,4216
7290002954392,false,תמצית חרובים 450 גרם,סיתוגלו גידה אתהלאת,,תמצית חרובים 450 גרם,גרמים,450.00,100 גרם,false,1,12.90,2.8667,true,1,3672
7290002954460,false,אורז אוסטרלי 1 קג,בני ג'ורג' שוקחה חיפ,,אורז אוסטרלי 1 קג,קילוגרמים,1.00,"ק""ג",false,1,11.90,11.9000,true,1,1742
7290002954477,false,אורז אוסטרלי 5 קג,בני ג'ורג' שוקחה חיפ,,אורז אוסטרלי 5 קג,קילוגרמים,5.00,"ק""ג",false,1,49.90,9.9800,true,1,4538
7290002954736,false,עדשים שחורות שוקחה 1,סוגת תעשיות בעמ,,עדשים שחורות שוקחה 1 קג,קילוגרמים,1.00,"ק""ג",false,1,13.90,13.9000,true,1,21107
7290002971009,false,קמח שטיבל רגיל 1 קג,"שטיבל בע""מ",,קמח שטיבל רגיל 1 קג,קילוגרמים,1.00,"ק""ג",false,1,4.50,4.5000,true,1,2495
7290002971016,false,סולת שטיבל 1 קג,"שטיבל בע""מ",,סולת שטיבל 1 קג,Unknown,0.00,Unknown,false,1,4.50,0.0000,true,1,2496
7290002971139,false,קמח שטיבל תופח 1 קג,,,קמח שטיבל תופח מאליו 1 קג,קילוגרמים,1.00,"ק""ג",false,1,7.90,7.9000,true,1,26288
7290002971146,false,קמח שטיבל פיצה ופוקצ,,,קמח שטיבל מס15פיצה ופוקצה1 קג,קילוגרמים,1.00,"ק""ג",false,1,7.90,7.9000,true,1,26326
7290002971207,false,קמח שטיבל רב תכליתי,,,קמח שטיבל מס 1 רב תכליתי 1 קג,קילוגרמים,1.00,"ק""ג",false,1,7.90,7.9000,true,1,26281
7290002971214,false,קמח שטיבל מועשר 1 קג,,,קמח שטיבל מס 2 ללחם 1 קג,קילוגרמים,1.00,"ק""ג",false,1,7.90,7.9000,true,1,26280
7290002971955,false,קמח שטיבל לבן לא ניפ,"שטיבל בע""מ",,קמח שטיבל 650 ללא ניפוי 1 קג,קילוגרמים,1.00,"ק""ג",false,1,8.90,8.9000,true,1,26290
7290002971962,false,קמח שטיבל חיטה מלאה,"שטיבל בע""מ",,קמח שטיבל חיטה מלאה ללא ניפוי 1 קג,קילוגרמים,1.00,"ק""ג",false,1,9.90,9.9000,true,1,26330
7290002972426,false,קמח שטיבל 80% חיטה ל,"שטיבל בע""מ",,קמח שטיבל 80% חיטה ללא ניפוי 1 קג,קילוגרמים,1.00,"ק""ג",false,1,9.90,9.9000,true,1,26329
7290002973669,false,קמח שטיבל 2ללחם ללא,"שטיבל בע""מ",,קמח שטיבל 2ללחם ללא ניפוי 1 קג,קילוגרמים,1.00,"ק""ג",false,1,9.90,9.9000,true,1,26431
7290002973676,false,קמח שטיבל 18לחלה ללא,"שטיבל בע""מ",,קמח שטיבל 18לחלה ללא ניפוי 1 קג,קילוגרמים,1.00,"ק""ג",false,1,9.90,9.9000,true,1,26432
7290002974116,false,קמח שטיבל 3כפרי ללא,"שטיבל בע""מ",,קמח שטיבל 3כפרי ללא ניפוי 1 קג,קילוגרמים,1.00,"ק""ג",false,1,9.90,9.9000,true,1,26434
7290002974222,false,קמח שטיבל 4לעוגיות ל,"שטיבל בע""מ",,קמח שטיבל 4לעוגיות ללא ניפוי 1 קג,קילוגרמים,1.00,"ק""ג",false,1,9.90,9.9000,true,1,26433
7290002986652,false,ביסקויט פתי בר שוקו,גטניו,IL,ביסקויט פתי בר שוקו גטניו 470 גרם,גרמים,470.00,100 גרם,false,12,10.90,2.3191,true,1,18960
7290003006120,false,פלפל/דלעת ממולא טאפס,גבינות אמיר ניצן בעמ,,פלפל/דלעת ממולא טאפס שכונתי במשקל,קילוגרמים,1.00,"ק""ג",true,,150.00,150.0000,true,1,7356
7290003009183,false,סירופ דיאט פריגת תפו,סירופ - גבעת חיים,,סירופ דיאט פריגת תפוחים 750 מל בקבוק,מיליליטרים,750.00,"100 מ""ל",false,1,24.90,3.3200,true,1,568
7290003009596,false,סירופ דיאט פריגת אשכ,סירופ - גבעת חיים,,סירופ דיאט פריגת אשכליות 750 מל בקבוק,מיליליטרים,750.00,"100 מ""ל",false,1,24.90,3.3200,true,1,3888
7290003009640,false,מיץ תפוז סחוט טרי 1,פריגת מצוננים,,מיץ תפוז סחוט טרי 1 ל פקדון פריגת,ליטרים,1.00,ליטר,false,1,13.90,13.9000,true,1,732
7290003011087,false,אורז בסמטי 1 קג הגמל,,IN,אורז בסמטי אלפנט 1 קג,קילוגרמים,1.00,"ק""ג",false,24,10.90,10.9000,true,1,44552
7290003015627,false,נוזל רצפה ריצפז פרש,,,נוזל רצפה ריצפז פרש אפרסק 2 לי,ליטרים,2.00,ליטר,false,1,16.90,8.4500,true,1,4107
7290003015634,false,נוזל רצפה ריצפז פרש,,,נוזל רצפה ריצפז פרש פסיפלורה 2 לי,ליטרים,2.00,ליטר,false,1,16.90,8.4500,true,1,4108
7290003015641,false,נוזל רצפה ריצפז פרש,,,נוזל רצפה ריצפז פרש 2 ל יסמין,ליטרים,2.00,ליטר,false,1,16.90,8.4500,true,1,4109
7290003015672,false,סנו סופט מפיות צבעונ,,,סנו סופט מפיות צבעוני 50 יח,יחידה,50.00,יחידה,false,1,6.90,0.1380,true,1,683
7290003015917,false,סנו די דוחה יתושים ר,,,סנו די דוחה יתושים רולאון,Unknown,0.00,Unknown,false,1,17.90,0.0000,true,1,4022
7290003020348,false,זוג נייר אלומיניום ק,פאלאס תעשיות נטו (20,,זוג נייר אלומיניום קצר 30*7.5מטר,מטרים,7.50,מטר,false,1,11.90,1.5867,true,1,11996
7290003020355,false,זוג רדידי אלומיניום,,,זוג רדידי אלומיניום ארוך 7.5/45,מטרים,15.00,מטר,false,1,11.90,0.7933,true,1,11401
7290003023165,false,שוקו יטבתה כד 2 ליטר,,,שוקו יטבתה כד 2 ליטר 2%,ליטרים,2.00,ליטר,false,1,19.90,9.9500,true,1,130
7290003026029,false,שמפו קמיל בלו סנסטיי,פישר תעשיות,,שמפו קמיל בלו סנסטייב אל דמע 500 מל,מיליליטרים,500.00,"100 מ""ל",false,1,17.90,3.5800,true,1,4215
7290003026036,false,אלסבון קמיל בלו סנסט,פישר תעשיות,,אלסבון קמיל בלו סנסטיב 1 ל ורוד,ליטרים,1.00,ליטר,false,1,24.90,24.9000,true,1,176
7290003026197,false,שמן לתינוק טיפולי קמ,פישר תעשיות,,שמן לתינוק טיפולי קמיל בלו 520 מל,מיליליטרים,520.00,"100 מ""ל",false,1,19.90,3.8269,true,1,3731
7290003026234,false,תחליב לתינוק קמיל בל,פישר תעשיות,,תחליב לתינוק קמיל בלו 500 מל,מיליליטרים,500.00,"100 מ""ל",false,1,19.90,3.9800,true,1,179
7290003026319,false,משחה לתינוק קמיל בלו,פישר תעשיות,,משחה לתינוק קמיל בלו סנסטיב 120 גר,גרמים,120.00,100 גרם,false,1,15.90,13.2500,true,1,3730
7290003029181,false,שוקו יטבתה בקבוק 1 ל,,,שוקו יטבתה בקבוק 1 ליטר,ליטרים,1.00,ליטר,false,1,10.90,10.9000,true,1,129
7290003029372,false,משקה חלב בננה 1 ליטר,,,משקה חלב בננה 1 ליטר,ליטרים,1.00,ליטר,false,1,10.90,10.9000,true,1,1873
7290003029389,false,משקה בננה פקק 250 מל,,,משקה בננה פקק 250 מל,מיליליטרים,250.00,"100 מ""ל",false,1,4.90,1.9600,true,1,665
7290003029433,false,שוקו יוטבתה פקק 250,,,שוקו יוטבתה פקק 250 מל,מיליליטרים,250.00,"100 מ""ל",false,1,4.90,1.9600,true,1,128
7290003029532,false,מוקה קפה בק 1 ליטר,,,מוקה קפה בק 1 ליטר,ליטרים,1.00,ליטר,false,1,10.90,10.9000,true,1,2293
7290003029792,false,מארז שוקו יוטבתה 8 י,,,מארז שוקו יוטבתה 8 יח,ליטרים,1.80,ליטר,false,1,19.90,11.0556,true,1,3909
7290003029815,false,חלב מועשר כד3% 2ל,,,חלב מועשר כד3% 2ל,ליטרים,2.00,ליטר,false,1,13.90,6.9500,true,1,3943
7290003029907,false,משקה חלב קפה 1 ל יוט,,,משקה חלב קפה 1 ל יוטבתה,ליטרים,1.00,ליטר,false,1,10.90,10.9000,true,1,4081
7290003047642,false,תה ליפטון ילו לייבל,יוניליוור,,תה ליפטון ילו לייבל 100 יח,יחידה,1.00,יחידה,false,1,12.90,12.9000,true,1,1363
7290003054176,false,לחם שיפון עם מיסלי 5,,,לחם שיפון עם מיסלי 500 גרם,גרמים,500.00,100 גרם,false,1,13.90,2.7800,true,1,810
7290003054183,false,לחם שיפון מלא 500 גר,,,לחם שיפון מלא 500 גרם,גרמים,500.00,100 גרם,false,1,13.90,2.7800,true,1,809
7290003054190,false,לחם שיפון עם שלושה ד,,,לחם שיפון עם שלושה דגנים 500 גר,גרמים,500.00,100 גרם,false,1,13.90,2.7800,true,1,812
7290003054206,false,לחם שיפון עם זרעי חמ,,,לחם שיפון עם זרעי חמניות 500 גרם,גרמים,500.00,100 גרם,false,1,13.90,2.7800,true,1,813
7290003054213,false,לחם שיפון כפרי 500 ג,,,לחם שיפון כפרי 500 גרם,גרמים,500.00,100 גרם,false,1,13.90,2.7800,true,1,808
7290003054220,false,לחם שיפון פומפרניקל,,,לחם שיפון פומפרניקל 500 גרם,גרמים,500.00,100 גרם,false,1,13.90,2.7800,true,1,811
7290003054657,false,חרדל ריין דיזון אקסט,,,חרדל דיזון  אקסטרא פורטה 370 גרם,גרמים,370.00,100 גרם,false,1,10.90,2.9459,true,1,1021
7290003067305,false,חזרת ביתית 200 גר סל,,,חזרת ביתית 200 גר סלטי שמיר,גרמים,200.00,100 גרם,false,1,11.90,5.9500,true,1,1673
7290003069156,false,פילה סלמון וי קפוא,דלידג,,פילה סלמון וי קפוא,קילוגרמים,1.00,"ק""ג",true,,77.00,77.0000,true,1,18098
7290003069583,false,סטייק סלומון קפוא,דלידג,,סטייק סלומון קפוא,קילוגרמים,1.00,"ק""ג",true,,79.00,79.0000,true,1,7094
7290003069590,false,פילה סול ארוז קפוא 1,דלידג,,פילה סול ארוז קפוא 1 קג,קילוגרמים,1.00,"ק""ג",false,1,39.00,39.0000,true,1,7194
7290003069682,false,בצק פילאס 500 גר,שלושת האופים שגמור,,בצק פילאס 500 גר,גרמים,500.00,100 גרם,false,1,19.90,3.9800,true,1,7217
7290003072804,false,פסטרמה של פעם 200גר,טירת צבי,IL,פסטרמה של פעם 200גר טירת צבי,גרמים,200.00,100 גרם,false,30,19.90,9.9500,true,1,21974
7290003072811,false,נקניקיות בראטוורסט,טירת צבי,IL,נקניקיות בראטוורסט  320גר טירת צבי,גרמים,320.00,100 גרם,false,1,19.90,6.2187,true,1,21920
7290003072828,false,נקניקיות פרנקפורטר,טירת צבי,IL,נקניקיות פרנקפורטר  320גר טירת צבי,גרמים,320.00,100 גרם,false,1,19.90,6.2187,true,1,21918
7290003072835,false,נקניקיות קנאקוורסט,טירת צבי,IL,נקניקיות קנאקוורסט  320גר טירת צבי,גרמים,320.00,100 גרם,false,1,19.90,6.2187,true,1,21919
7290003072842,false,חזה אווז 100גר טירת,,,חזה אווז 100גר טירת צבי,גרמים,100.00,100 גרם,false,1,22.90,22.9000,true,1,23298
7290003072859,false,נקניק רוסטביף 120גר,,,נקניק רוסטביף 120גר,גרמים,120.00,100 גרם,false,1,22.90,19.0833,true,1,23877
7290003072965,false,קבנוס חריף מעושן 120,,,קבנוס חריף מעושן 120גר טירת צבי,גרמים,120.00,100 גרם,false,1,9.90,8.2500,true,1,29003
7290003072972,false,קבנוס בתיבול שום 120,,,קבנוס בתיבול שום 120גר טירת צבי,גרמים,120.00,100 גרם,false,1,9.90,8.2500,true,1,29004
7290003075102,false,לאבנה 1קג בגביע טמרה,,,לאבנה 1קג בגביע טמרה,קילוגרמים,1.00,"ק""ג",false,1,35.90,35.9000,true,1,10263
7290003075409,false,כדורי לאבנה 360גר,,,כדורי לאבנה 360גר,גרמים,360.00,100 גרם,false,1,24.90,6.9167,true,1,6248
7290003075553,false,לאבנה 500 גר,,,לאבנה 500 גר,גרמים,500.00,100 גרם,false,1,18.90,3.7800,true,1,6244
7290003075652,false,גבינת לאבנה 250 גר,,,גבינת לאבנה 250 גר,גרמים,250.00,100 גרם,false,1,11.90,4.7600,true,1,6246
7290003075805,false,גבינת ברינזה 400 גר,,,גבינת ברינזה 400 גר,גרמים,400.00,100 גרם,false,1,25.90,6.4750,true,1,6247
7290003075850,false,לבנה עם זעתר 250 גר,,,לבנה עם זעתר 250 גר,גרמים,250.00,100 גרם,false,1,12.90,5.1600,true,1,6245
7290003098514,false,משקה שעורה אורגני 10,,,משקה שעורה אורגני 100 מל,מיליליטרים,100.00,"100 מ""ל",false,1,15.90,15.9000,true,1,32125
7290003102136,false,צמר גפן 100 גרם כותו,S.T.O CO.LTD,,צמר גפן 100 גרם כותון סופט,גרמים,100.00,100 גרם,false,1,4.90,4.9000,true,1,14664
7290003102419,false,כפפות ניילון 100 יח,,,כפפות ניילון 100 יח קופסא,יחידה,100.00,יחידה,false,1,6.90,0.0690,true,1,15384
7290003102891,false,שקיות צליה הוסטס 10,הוסטס,,שקיות צליה הוסטס 10 יח,יחידה,10.00,יחידה,false,1,4.90,0.4900,true,1,14646
7290003102976,false,צימרוני אוזניים 200י,S.T.O CO.LTD,,צימרוני אוזניים 200יח בכוס,יחידה,200.00,יחידה,false,1,4.50,0.0225,true,1,14665
7290003109265,false,עוגיות מרוקאיות 400,,,עוגיות מרוקאיות 400 גרם,גרמים,500.00,100 גרם,false,1,18.00,3.6000,true,1,2450
7290003121083,false,מגיק טעם בשר שקית 85,מג'יק,,מגיק טעם בשר שקית 85 גר,גרמים,85.00,100 גרם,false,1,2.90,3.4118,true,1,679
7290003121090,false,מגיק טעם ירקות שקית,מג'יק,,מגיק טעם ירקות שקית 85 גר,גרמים,85.00,100 גרם,false,1,2.90,3.4118,true,1,649
7290003121106,false,מגיק טעם עוף שקית 85,מג'יק,,מגיק טעם עוף שקית 85 גר,גרמים,85.00,100 גרם,false,1,2.90,3.4118,true,1,653
7290003126712,false,יוגורט עיזים 3% ביו,מחלבת משק צוריאל,,יוגורט עיזים 3% ביו 150 גר,גרמים,150.00,100 גרם,false,1,5.90,3.9333,true,1,798
7290003126958,false,גבינת טופו טבעי בואק,מחלבת משק צוריאל,,גבינת טופו טבעי בואקום 300 גר,גרמים,300.00,100 גרם,false,1,10.90,3.6333,true,1,1065
7290003141159,false,מרשמלו יוגטה 180 גר,סאדאט,,מרשמלו יוגטה 180 גר,גרמים,180.00,100 גרם,false,1,5.90,3.2778,true,1,8522
7290003143146,false,ממרח תמרים קליית גת,טעמי הגליל,IL,ממרח תמרים קליית גת 450 גרם,גרמים,350.00,100 גרם,false,12,5.50,1.5714,true,1,40593
7290003143276,false,מרשמלו רול יוגטה 180,תות ממתקי איכות,,מרשמלו רול יוגטה 180 גר,גרמים,180.00,100 גרם,false,1,5.90,3.2778,true,1,9604
7290003143337,false,סילאן טבעי לחיץ קליי,,IL,סילאן טבעי לחיץ קליית גת 350 גרם,גרמים,350.00,100 גרם,false,1,14.90,4.2571,true,1,40430
7290003144105,false,עוגה אישית קרמל צוקט,אס.פי.אס,,עוגה אישית קרמל צוקטה 10 יח 300 גר,גרמים,300.00,100 גרם,false,1,11.90,3.9667,true,1,13193
7290003144174,false,סט מטקות הוט פופ,אוך אייק גואן פוד אי,,סט מטקות הוט פופ,Unknown,0.00,Unknown,false,1,20.00,0.0000,true,1,32263
7290003144419,false,סילאן טבעי קליית 710,,IL,סילאן טבעי קליית 710 גרם צנצנת,גרמים,710.00,100 גרם,false,1,19.90,2.8028,true,1,40591
7290003185719,false,קבב רומני 500 גרם,טיבון ויל,,קבב רומני 500 גרם,גרמים,500.00,100 גרם,false,1,15.90,3.1800,true,1,309
7290003185726,false,קבב מזרחי 500 גרם,טיבון ויל,,קבב מזרחי 500 גרם,גרמים,500.00,100 גרם,false,1,15.90,3.1800,true,1,308
7290003187843,false,בשר עגל טחון 500 גר,טיבון ויל,,בשר עגל טחון 500 גר,גרמים,500.00,100 גרם,false,1,21.90,4.3800,true,1,1764
7290003189045,false,צהובה טובה הולנדית ב,,,צהובה טובה הולנדית במשקל כפיר,קילוגרמים,1.00,"ק""ג",true,,30.00,30.0000,true,1,4259
7290003189076,false,צהובה הטובה פיצרלה,,,צהובה הטובה פיצרלה  מגורדת 500 גרם,גרמים,500.00,100 גרם,false,1,19.90,3.9800,true,1,3986
7290003189199,false,צהובה טובה חריפה במש,,,צהובה טובה חריפה במשקל כפיר,קילוגרמים,1.00,"ק""ג",true,,30.00,30.0000,true,1,4260
7290003189205,false,צהובה טובה לייט קלאס,,,צהובה טובה לייט קלאסית 200 גרם,גרמים,200.00,100 גרם,false,1,11.90,5.9500,true,1,3987
7290003189267,false,צהובה טובה קלאסית 5%,,,צהובה טובה קלאסית 5% 200 גרם,גרמים,200.00,100 גרם,false,1,11.90,5.9500,true,1,4041
7290003189274,false,צהובה טובה מעושנת במ,,,צהובה טובה מעושנת במשקל כפיר,קילוגרמים,1.00,"ק""ג",true,,30.00,30.0000,true,1,4969
7290003189380,false,צהובה טובה שום שמיר,,,צהובה טובה שום שמיר במשקל כפיר,קילוגרמים,1.00,"ק""ג",true,,30.00,30.0000,true,1,4261
7290003189557,false,צהובה טובה מעושנת 5%,,,צהובה טובה מעושנת 5% 200 גרם,גרמים,200.00,100 גרם,false,1,11.90,5.9500,true,1,4207
7290003208173,false,שמפניה רוזה לורן פרי,,,שמפניה רוזה לורן פרייה 750מל פקדון,מיליליטרים,750.00,"100 מ""ל",false,1,545.00,72.6667,true,1,9477
7290003208197,false,שמפניה חצי יבש לורן,,,שמפניה חצי יבש לורן פרייה 750מל,מיליליטרים,750.00,"100 מ""ל",false,1,229.00,30.5333,true,1,9478
7290003208586,false,יין וורמוט מרטיני בי,,,יין וורמוט מרטיני ביאנקו 750 מל פיקדון,מיליליטרים,750.00,"100 מ""ל",false,1,60.00,8.0000,true,1,6711
7290003208593,false,יין מרטיני לבן יבש 7,,,יין מרטיני לבן יבש 750 מל פיקדון,מיליליטרים,750.00,"100 מ""ל",false,1,60.00,8.0000,true,1,6718
7290003208609,false,יין וורמוט מרטיני רו,,,יין וורמוט מרטיני רוסו 750 מל פיקדון,מיליליטרים,750.00,"100 מ""ל",false,1,60.00,8.0000,true,1,6712
7290003208647,false,יין מרטיני ברוט  750,,,יין מרטיני ברוט  750 מל פקדון,מיליליטרים,750.00,"100 מ""ל",false,1,70.00,9.3333,true,1,7259
7290003208692,false,ליקר בנדיקטין 750 מל,,,ליקר בנדיקטין 750 מל פיקדון,מיליליטרים,750.00,"100 מ""ל",false,1,149.00,19.8667,true,1,7257
7290003208715,false,יין וורמוט מרטיני רו,,,יין וורמוט מרטיני רוסטו 750 מל פיקדון,מיליליטרים,750.00,"100 מ""ל",false,1,60.00,8.0000,true,1,7256
7290003212033,false,עוגת קראנץ בטעמים 50,,,עוגת קראנץ בטעמים 500 ג אנטיקוביץ,גרמים,600.00,100 גרם,false,1,16.90,2.8167,true,1,41708
7290003212828,false,עוגה ללא סוכר אנטיקו,,,עוגה ללא סוכר אנטיקוביץ בטעמים 350 גר,גרמים,350.00,100 גרם,false,1,19.90,5.6857,true,1,6499
7290003219766,false,טורבול מילוי שלישיה,טורבול,,טורבול מילוי שלישיה,Unknown,0.00,Unknown,false,1,39.90,0.0000,true,1,2183
7290003220458,false,ביסקויט פתי בר מעדני,,IL,ביסקויט פתי בר מעדני המך 500 גרם,גרמים,500.00,100 גרם,false,12,8.90,1.7800,true,1,38606
7290003220465,false,ביסקויט פתי  שוקו בר,,IL,ביסקויט פתי  שוקו בר מעדני המך 500 גרם,גרמים,500.00,100 גרם,false,12,8.90,1.7800,true,1,38607
7290003220588,false,רוטב צילי מתוק וואק,KRS,,רוטב צילי מתוק וואק ללא סוכר 700 מל,מיליליטרים,700.00,"100 מ""ל",false,1,14.90,2.1286,true,1,10495
7290003220595,false,אורז לסושי ווק 1 קג,,,אורז לסושי ווק 1 קג,קילוגרמים,1.00,"ק""ג",false,12,10.90,10.9000,true,1,16398
7290003220649,false,שמן שומשום 100% ווק,,SG,שמן שומשום 100% ווק 150 מל,מיליליטרים,150.00,"100 מ""ל",false,12,13.90,9.2667,true,1,32980
7290003220717,false,אצות נורי ווק 10 יח,,,אצות נורי ווק 10 יח,יחידה,10.00,יחידה,false,1,9.90,0.9900,true,1,10652
7290003220779,false,מקלוני אורז 3 ממ ווק,ASIAN,,מקלוני אורז 3 ממ ווק 400 גר,גרמים,400.00,100 גרם,false,1,9.90,2.4750,true,1,10650
7290003220786,false,מקלוני אורז 5 ממ ווק,ASIAN,,מקלוני אורז 5 ממ ווק 400 גר,גרמים,400.00,100 גרם,false,1,9.90,2.4750,true,1,10651
7290003220939,false,מקלוני אורז ווק דקיפ,ASIAN,,מקלוני אורז ווק דקים 400 גר,גרמים,400.00,100 גרם,false,1,9.90,2.4750,true,1,10648
7290003220977,false,ביסקויט חצי ירח מצופ,,IL,ביסקויט חצי ירח מצופה מעדני המלך 175 ג,גרמים,175.00,100 גרם,false,16,6.90,3.9429,true,1,31126
7290003224012,false,שושברק בשר בקר 400גר,מאמא מרי,,שושברק בשר בקר 400גר מאמא מרי,גרמים,400.00,100 גרם,false,1,24.90,6.2250,true,1,42125
7290003224029,false,כיסונים עם דובדבנים,מאמא מרי,,כיסונים עם דובדבנים 400גר ויגן,גרמים,400.00,100 גרם,false,1,24.90,6.2250,true,1,38572
7290003224036,false,אוכמניות כחולות 300,מאמא מרי,,אוכמניות כחולות 300 ג קפוא,גרמים,300.00,100 גרם,false,1,19.90,6.6333,true,1,6185
7290003224104,false,כיסונים במילוי כרוב,מאמא מרי,,כיסונים במילוי כרוב כבוש 800גר ויגן,גרמים,800.00,100 גרם,false,1,24.90,3.1125,true,1,38592
7290003224128,false,כיסונים תפוחי אדמה 8,מאמא מרי,,כיסונים תפוחי אדמה 800 ג מאמא מרי,גרמים,800.00,100 גרם,false,1,19.90,2.4875,true,1,4272
7290003224142,false,בלינצס תפוא ופטריות,מאמא מרי,,בלינצס תפוא ופטריות 7 יח מאמא מרי,גרמים,420.00,100 גרם,false,1,19.90,4.7381,true,1,4560
7290003224159,false,בלינצס בשר 7 יח מאמא,מאמא מרי,,בלינצס בשר 7 יח מאמא מרי,Unknown,0.00,Unknown,false,1,21.90,0.0000,true,1,4558
7290003224173,false,בלינצס פטריות 7 יח מ,מאמא מרי,,בלינצס פטריות 7 יח מאמא מרי,גרמים,420.00,100 גרם,false,1,19.90,4.7381,true,1,4559
7290003224258,false,קרפלך כיסוני בשר בקר,מאמא מרי,IL,קרפלך כיסוני בשר בקר 1.5קג,גרמים,1500.00,100 גרם,false,1,49.90,3.3267,true,1,27885
7290003224265,false,קרפלך כיסוני בשר בקר,מאמא מרי,IL,קרפלך כיסוני בשר בקר 800גר,גרמים,800.00,100 גרם,false,1,28.90,3.6125,true,1,27884
7290003224272,false,כיסוני בשר מוסקובסקי,מאמא מרי,,כיסוני בשר מוסקובסקי 1 קג  מאמא מרי,קילוגרמים,1.00,"ק""ג",false,1,31.90,31.9000,true,1,4273
7290003224333,false,דובדבן חמוץ 300 ג קפ,מאמא מרי,,דובדבן חמוץ 300 ג קפוא,גרמים,300.00,100 גרם,false,1,14.90,4.9667,true,1,4190
7290003224340,false,חמוציות רוסי 300 גרם,מאמא מרי,,חמוציות רוסי 300 גרם קפוא,גרמים,300.00,100 גרם,false,1,21.90,7.3000,true,1,4186
7290003224388,false,חמוציות 300 ג קפוא,מאמא מרי,,חמוציות 300 ג קפוא,גרמים,300.00,100 גרם,false,1,13.90,4.6333,true,1,6184
7290003224456,false,כיסוני בשר סיבירסקי,מאמא מרי,,כיסוני בשר סיבירסקי 1 קג,קילוגרמים,1.00,"ק""ג",false,1,27.90,27.9000,true,1,23146
7290003224463,false,כיסוני בשר אוקראינסק,מאמא מרי,,כיסוני בשר אוקראינסקי 1 קג,קילוגרמים,1.00,"ק""ג",false,1,27.90,27.9000,true,1,23147
7290003224487,false,כיסונים בשר 1 קג מאמ,מאמא מרי,,כיסונים בשר 1 קג מאמא מרי,קילוגרמים,1.00,"ק""ג",false,1,27.90,27.9000,true,1,4274
7290003224500,false,אוכמניות שחורות 300,מאמא מרי,,אוכמניות שחורות 300 גר קפוא,גרמים,300.00,100 גרם,false,1,19.90,6.6333,true,1,5344
7290003224555,false,פטל אדום 300 גר,מאמא מרי,,פטל אדום 300 גר,גרמים,300.00,100 גרם,false,1,24.90,8.3000,true,1,5136
7290003224616,false,כיסוני גבינה טבעוני,מאמא מרי,IL,כיסוני גבינה טבעוני מלוחה ופסטו 400גר וי,גרמים,400.00,100 גרם,false,1,24.90,6.2250,true,1,42133
7290003224623,false,כיסוני גבינה טבעוני,מאמא מרי,IL,כיסוני גבינה טבעוני מתוקה ויגן 400גר,גרמים,400.00,100 גרם,false,1,24.90,6.2250,true,1,42132
7290003224654,false,מיקס פירות יער 300 ג,מאמא מרי,,מיקס פירות יער 300 ג קפוא,גרמים,300.00,100 גרם,false,1,14.90,4.9667,true,1,4188
7290003224708,false,בלינצס גבינה טבעוני,,,בלינצס גבינה טבעוני מתוקה וצימוקים 400גר,גרמים,400.00,100 גרם,false,1,24.90,6.2250,true,1,5343
7290003224746,false,דומדמניות שחורות 300,מאמא מרי,,דומדמניות שחורות 300 ג קפוא,גרמים,300.00,100 גרם,false,1,13.90,4.6333,true,1,4189
7290003224753,false,דומדמניות אדומות 300,מאמא מרי,,דומדמניות אדומות 300 ג קפוא,גרמים,300.00,100 גרם,false,1,13.90,4.6333,true,1,4192
7290003224784,false,בלינצס דובדבנים 7 יח,מאמא מרי,,בלינצס דובדבנים 7 יח מאמא מרי,גרמים,420.00,100 גרם,false,1,19.90,4.7381,true,1,5342
7290003224845,false,קרפלוני תפוחי אדמה ו,מאמא מרי,IL,קרפלוני תפוחי אדמה ופטריות 800גר,גרמים,800.00,100 גרם,false,1,21.90,2.7375,true,1,21219
7290003224944,false,אוכמניות צהובות 300,מאמא מרי,,אוכמניות צהובות 300 גרם קפוא מאמא מרי,גרמים,300.00,100 גרם,false,1,19.90,6.6333,true,1,6966
7290003229109,false,פסטרמה בפפריקה 400 ג,,,פסטרמה בפפריקה 400 ג,גרמים,400.00,100 גרם,false,1,26.90,6.7250,true,1,3096
7290003229116,false,פסטרמה בדבש 400 ג,,,פסטרמה בדבש 400 ג,גרמים,400.00,100 גרם,false,1,26.90,6.7250,true,1,3097
7290003229123,false,פסטרמה על גחלים 400,,,פסטרמה על גחלים 400 ג,גרמים,400.00,100 גרם,false,1,26.90,6.7250,true,1,3098
7290003229147,false,נקניק סלמי איטלקי 30,,,נקניק סלמי איטלקי 300 ג,גרמים,300.00,100 גרם,false,1,24.90,8.3000,true,1,3101
7290003229154,false,נקניק סלמי קוניאק מו,,,נקניק סלמי קוניאק מובחר 300 ג,גרמים,300.00,100 גרם,false,1,24.90,8.3000,true,1,3100
7290003229192,false,כתף בקר מעושן 400 ג,,,כתף בקר מעושן 400 ג,גרמים,400.00,100 גרם,false,1,26.90,6.7250,true,1,3099
7290003229208,false,פסטרמה ספרדית 360 ג,,,פסטרמה ספרדית 360 ג,גרמים,360.00,100 גרם,false,1,26.90,7.4722,true,1,4013
7290003229215,false,פסטרמה איטלקית 360 ג,,,פסטרמה איטלקית 360 ג,גרמים,360.00,100 גרם,false,1,26.90,7.4722,true,1,4012
7290003229222,false,נקניק סלמי תה משובח,,,נקניק סלמי תה משובח 300 גר,גרמים,300.00,100 גרם,false,1,21.90,7.3000,true,1,6857
7290003310555,false,מאגדת 4יח טילון  קרם,בן & ג'ריס,,מאגדת 4יח טילון  קרם עוגיות בן אנד גריס,גרמים,440.00,100 גרם,false,1,24.90,5.6591,true,1,2775
7290003321155,false,יוגורט דנונה בר פקאן,,,יוגורט דנונה בר פקאן קראנצ 183 גרם,גרמים,183.00,100 גרם,false,1,4.70,2.5683,true,1,1155
7290003364008,false,משחק פעילות מיוחדת,,,משחק פעילות מיוחדת,Unknown,0.00,Unknown,false,1,49.90,0.0000,true,1,297
7290003364039,false,גלגל ים פלמינגו,,,גלגל ים פלמינגו,יחידה,1.00,יחידה,false,1,69.90,69.9000,true,1,30612
7290003364107,false,סט כלים,,,סט כלים,Unknown,0.00,Unknown,false,1,39.90,0.0000,true,1,30
7290003364428,false,בובה מיוחדת קבוצה 8,,,בובה מיוחדת קבוצה 8,Unknown,0.00,Unknown,false,1,49.90,0.0000,true,1,1298
7290003364473,false,פאזל/משחק הזכרון,,,פאזל/משחק הזכרון,Unknown,0.00,Unknown,false,1,19.90,0.0000,true,1,4398
7290003364770,false,סביבון פומפה מטאלי,,CN,סביבון פומפה מטאלי,יחידה,1.00,יחידה,false,1,19.90,19.9000,true,1,28095
7290003364794,false,בובות פרווה,,,בובות פרווה,Unknown,0.00,Unknown,false,1,29.90,0.0000,true,1,1299
7290003364978,false,סביבוני בליידס,,CN,סביבוני בליידס,יחידה,1.00,יחידה,false,1,49.90,49.9000,true,1,38350
7290003385881,false,במיה ברוטב עגביות א/,,,במיה ברוטב עגביות א/2 פרי גליל,גרמים,650.00,100 גרם,false,1,11.50,1.7692,true,1,1148
7290003387205,false,דאו.ספיד סטיק רגיל ב,Colgate - USA,,דאו.ספיד סטיק רגיל בסיסי ירוק,Unknown,0.00,Unknown,false,1,21.90,0.0000,true,1,789
7290003387373,false,דאו.ספיד סטיק רגיל ב,Colgate - USA,,דאו.ספיד סטיק רגיל בסיסי קלאסיק,Unknown,0.00,Unknown,false,1,21.90,0.0000,true,1,457
7290003400500,false,חטיף קרמל ובוטנים מצ,,,חטיף קרמל ובוטנים מצופה47גר הרשי,Unknown,0.00,Unknown,false,1,4.90,0.0000,true,1,9660
7290003401369,false,קרם לחות קלאסי חוחוב,,,קרם לחות קלאסי חוחובה סגול400מל,מיליליטרים,400.00,"100 מ""ל",false,1,19.90,4.9750,true,1,224
7290003401376,false,קרם לחות קלאסי אלוור,,,קרם לחות קלאסי אלוורה ירוק 400 מל,מיליליטרים,400.00,"100 מ""ל",false,1,19.90,4.9750,true,1,223
7290003401420,false,קרם לחות קלאסי סיליק,,,קרם לחות קלאסי סיליקון כתום400 מל.,מיליליטרים,400.00,"100 מ""ל",false,1,19.90,4.9750,true,1,222
7290003401635,false,קרם לחות ברגע לריכוך,,,קרם לחות ברגע לריכוך תלתלים 400 מל גו,מיליליטרים,400.00,"100 מ""ל",false,1,22.90,5.7250,true,1,303
7290003401642,false,קרם לחות ברגע להחלקת,,,קרם לחות ברגע להחלקת שיער 400 מל גו,מיליליטרים,400.00,"100 מ""ל",false,1,22.90,5.7250,true,1,302
7290003402809,false,חטיף שוקולד הרשי ריס,,,חטיף שוקולד הרשי ריסז לבן42גר,Unknown,0.00,Unknown,false,1,4.00,0.0000,true,1,20202
7290003411009,false,כפפות לטקס סמול 100,,,כפפות לטקס סמול 100 יח,Unknown,0.00,Unknown,false,1,19.90,0.0000,true,1,3820
7290003411054,false,שקי.צליה דליקטס גדול,,,שקי.צליה דליקטס גדול 5 יח,Unknown,0.00,Unknown,false,1,5.00,0.0000,true,1,79
7290003411276,false,עמבה פרי הודית 500 ג,,,עמבה פרי הודית 500 גר,גרמים,500.00,100 גרם,false,1,10.90,2.1800,true,1,506
7290003411313,false,מפות על בד,,,מפות על בד,Unknown,0.00,Unknown,false,1,7.50,0.0000,true,1,802
7290003411399,false,פירורי לחם זהב 200 ג,,,פירורי לחם זהב 200 גרם,גרמים,200.00,100 גרם,false,1,4.50,2.2500,true,1,398
7290003411405,false,נר נשמה להבית,,,נר נשמה להבית,Unknown,0.00,Unknown,false,1,2.50,0.0000,true,1,10945
7290003411528,false,מלית למילוי קינמון 4,,,מלית קינמון למילוי 450 גרם,גרמים,450.00,100 גרם,false,1,10.90,2.4222,true,1,6366
7290003411573,false,צלחות עמוקות 30 יח,,,צלחות עמוקות 30 יח,יחידה,30.00,יחידה,false,1,19.90,0.6633,true,1,280
7290003411689,false,צלחות ליפתן לבן 25 י,,,צלחות ליפתן לבן 25 יח,Unknown,0.00,Unknown,false,1,6.90,0.0000,true,1,279
7290003411696,false,מרקיות לבן 25 יח,,,מרקיות לבן 25 יח,יחידה,25.00,יחידה,false,1,10.90,0.4360,true,1,656
7290003411702,false,חומוס ענק 500 גר,,,חומוס ענק 500 גר,גרמים,500.00,100 גרם,false,1,10.90,2.1800,true,1,2679
7290003411726,false,קסמי שיניים מלחיה 30,,,קסמי שיניים מלחיה 300 יח,Unknown,0.00,Unknown,false,1,2.90,0.0000,true,1,184
7290003411832,false,גרנולה אגוזים 400  ג,,,גרנולה אגוזים 400  גרם,גרמים,400.00,100 גרם,false,1,11.90,2.9750,true,1,1228
7290003411849,false,גרנולה תמרים 400 גרם,,,גרנולה תמרים 400 גרם,גרמים,400.00,100 גרם,false,1,11.90,2.9750,true,1,1054
7290003411856,false,גרנולה קינמון 400 גר,,,גרנולה קינמון 400 גרם,גרמים,400.00,100 גרם,false,1,11.90,2.9750,true,1,1052
7290003411948,false,צמר גפן 100 גרם,,,צמר גפן 100 גרם,גרמים,100.00,100 גרם,false,1,3.90,3.9000,true,1,288
7290003411993,false,גפרורים 10 יח הנמל,,,גפרורים 10 יח הנמל,Unknown,0.00,Unknown,false,1,2.00,0.0000,true,1,1225
7290003414406,false,נטיפי ריזס הרשי לאפי,,,נטיפי ריזס הרשי לאפיה 283 גר,גרמים,283.00,100 גרם,false,1,15.00,5.3004,true,1,11367
7290003423909,false,חטיף שוקולד לבן עם ע,,,חטיף שוקולד לבן עם עוגיות43גר הרשי,Unknown,0.00,Unknown,false,1,5.00,0.0000,true,1,5992
7290003427154,false,שמן זית זיתא כתית מע,זיתא - י.ט.ב תעשיות,,שמן זית זיתא כתית מעולה 750 מל,מיליליטרים,750.00,"100 מ""ל",false,1,29.90,3.9867,true,1,156
7290003432004,false,חטיף שוקולד אלמונד ג,הרשיז,US,חטיף שוקולד אלמונד גוי 45 גרם הרשי,Unknown,0.00,Unknown,false,36,5.00,0.0000,true,1,38040
7290003434664,false,חטיף ביס בר דגנים שו,תות ממתקי איכות,,חטיף ביס בר דגנים שוקולד מריר 120גר,גרמים,120.00,100 גרם,false,1,14.90,12.4167,true,1,26437
7290003438006,false,ממרח פסטו איטלקי 180,,,ממרח פסטו איטלקי 180 ג אוליביה,גרמים,180.00,100 גרם,false,1,12.90,7.1667,true,1,769
7290003438013,false,ממרח זיתים ירוקים 19,,,ממרח זיתים ירוקים 190 גר אוליביה,גרמים,190.00,100 גרם,false,1,12.90,6.7895,true,1,762
7290003438020,false,ממרח עגבניות עם אגוז,,,ממרח עגבניות עם אגוזים 190 ג אוליביה,גרמים,190.00,100 גרם,false,1,12.90,6.7895,true,1,766
7290003438075,false,חרוסת מצונן 210גרם א,אוליביה,,חרוסת מצונן 210גרם אוליביה,גרמים,210.00,100 גרם,false,1,10.90,5.1905,true,1,12620
7290003438709,false,ממרח זיתים שחורים 19,,,ממרח זיתים שחורים 190 ג אוליביה,גרמים,190.00,100 גרם,false,1,12.90,6.7895,true,1,763
7290003438853,false,ממרח אריסה אוליביה 1,,,ממרח אריסה אוליביה 180 גר,גרמים,180.00,100 גרם,false,1,12.90,7.1667,true,1,11363
7290003438990,false,עיטורי עגבניות אוליב,,,עיטורי עגבניות אוליביה 220 ג,גרמים,220.00,100 גרם,false,1,17.90,8.1364,true,1,497
7290003444009,false,חטיף שוקולד הרשי ריס,,,חטיף שוקולד הרשי ריסז רגיל42גר,Unknown,0.00,Unknown,false,1,4.00,0.0000,true,1,9657
7290003450602,false,חרדל היינץ לחיץ 255,,,חרדל היינץ לחיץ 255 גרם,גרמים,255.00,100 גרם,false,1,11.00,4.3137,true,1,1020
7290003450725,false,חומץ היינץ בן יין 35,,,חומץ היינץ בן יין 355 מל,מיליליטרים,355.00,"100 מ""ל",false,1,10.90,3.0704,true,1,978
7290003457991,false,מאגדת קורנטו קלאסיק,"גלידת שטראוס בע""מ",,מאגדת קורנטו קלאסיק 6 יח,גרמים,360.00,100 גרם,false,1,29.90,8.3056,true,1,355
7290003514007,false,שקדי מרק רגיל 400 גר,Mana,,שקדי מרק רגיל 400 גר מנה,גרמים,400.00,100 גרם,false,1,8.90,2.2250,true,1,6179
7290003520572,false,מארז 6 יח מטריות חרו,,,מארז 6 יח מטריות חרוב 45 גר,Unknown,0.00,Unknown,false,1,15.90,0.0000,true,1,14213
7290003521074,false,מרכך סרקל 1 ל,פישר תעשיות,,מרכך סרקל 1 ל,ליטרים,1.00,ליטר,false,1,28.90,28.9000,true,1,3729
7290003521081,false,שמפו סרקל 1 ל,פישר תעשיות,,שמפו סרקל 1 ל,ליטרים,1.00,ליטר,false,1,28.90,28.9000,true,1,478
7290003521166,false,קרם רוזמרין סרקל 325,פישר תעשיות,,קרם רוזמרין סרקל 325 מל,מיליליטרים,325.00,"100 מ""ל",false,1,24.90,7.6615,true,1,3749
7290003521197,false,מתיר קשרים סרקל 340,פישר תעשיות,,מתיר קשרים סרקל 340 מל,מיליליטרים,340.00,"100 מ""ל",false,1,24.90,7.3235,true,1,3782
7290003521760,false,גל  אלוורה  אפטרסול,פישר תעשיות,,גל  אלוורה  אפטרסול 200 מל שפופרת,מיליליטרים,200.00,"100 מ""ל",false,1,19.90,9.9500,true,1,5287
7290003522606,false,מגבוני פארמה וויפס ל,פישר תעשיות,,מגבוני פארמה וויפס לניקוי משטחים 160יח,יחידה,160.00,יחידה,false,1,19.90,0.1244,true,1,12410
7290003524297,false,אספרגוס לבן שלם 330,ויליגר,,אספרגוס לבן שלם 370 גרם,גרמים,330.00,100 גרם,false,1,11.90,3.6061,true,1,1267
7290003525461,false,סלט טונה פיקנטי וילי,ויליגר,,סלט טונה פיקנטי ויליגר 160 גר,גרמים,160.00,100 גרם,false,1,5.50,3.4375,true,1,1920
7290003525478,false,סלט טונה ויליגר 160,ויליגר,,סלט טונה ויליגר 160 גר,גרמים,160.00,100 גרם,false,1,5.20,3.2500,true,1,1919
7290003525898,false,מארז 3 יח סלט טונה ו,ויליגר,,מארז 3 יח סלט טונה ויליגר 160 גר,גרמים,480.00,100 גרם,false,1,15.90,3.3125,true,1,4900
7290003525904,false,מארז 3 יח סלט טונה פ,ויליגר,,מארז 3 יח סלט טונה פיקנטי ויליגר 160 גר,גרמים,480.00,100 גרם,false,1,15.90,3.3125,true,1,4901
7290003526444,false,לפתן אננס חתוך ויליג,,,לפתן אננס חתוך ויליגר 565 גרם,גרמים,565.00,100 גרם,false,24,6.50,1.1504,true,1,44754
7290003526864,false,פטריות חתוך ויליגר 2,פרנסשמפניון,,פטריות חתוך ויליגר 290 גרם,גרמים,290.00,100 גרם,false,1,4.50,1.5517,true,1,1879
7290003526871,false,מארז 3 יח פטריות חתו,פרנסשמפניון,,מארז 3 יח פטריות חתוך 290 גר,גרמים,870.00,100 גרם,false,1,11.90,1.3678,true,1,6115
7290003527380,false,לפתן דובדבן ללא חרצן,גולדסטארקפט,,לפתן דובדבן ללא חרצן 680 גר ויליגר,גרמים,680.00,100 גרם,false,1,9.90,1.4559,true,1,39483
7290003550753,false,מארז 4 יח טונה בשמן,פוסידון,,מארז 4 יח טונה בשמן פוסידון 108 גר,גרמים,432.00,100 גרם,false,1,19.90,4.6065,true,1,9219
7290003550937,false,רגל פרוסה קפואה במגש,טיבון ויל,,רגל פרוסה קפואה במגש,קילוגרמים,1.00,"ק""ג",true,,34.00,34.0000,true,1,4219
7290003578061,false,לבבות דקל שלמים 400,פרוסקונסה,,לבבות דקל שלמים 400 גרם,גרמים,400.00,100 גרם,false,1,11.90,2.9750,true,1,946
7290003578108,false,לפתן אננס חתוך ויליפ,טקרנג,,לפתן אננס חתוך ויליפוד 850 גרם,גרמים,850.00,100 גרם,false,1,9.90,1.1647,true,1,1261
7290003578177,false,תירס גמדי 410 גרם,מגסטיק פוד,,תירס גמדי 410 גרם,גרמים,410.00,100 גרם,false,1,6.90,1.6829,true,1,1392
7290003578313,false,לפתן דובדבן ללא חרצן,יורוביקה,,לפתן דובדבן ללא חרצן 680 גר,גרמים,680.00,100 גרם,false,1,9.90,1.4559,true,1,1078
7290003578498,false,חמאה פינלדית 500 גרם,,FI,חמאה פינלדית 500 גרם,גרמים,500.00,100 גרם,false,1,24.90,4.9800,true,1,20984
7290003578672,false,שמן חמניות 1 ליטר וי,גידה,,שמן חמניות 1 ליטר ויליפוד,ליטרים,1.00,ליטר,false,1,10.90,10.9000,true,1,158
7290003578931,false,גבינה חצי רכה 20% רא,מוראטביי,,גבינה חצי רכה 20% ראסטה ציז במשקל,קילוגרמים,1.00,"ק""ג",true,,99.00,99.0000,true,1,10728
7290003608546,false,משקה קל תפוזינה תות,יפאורה,,משקה קל תפוזינה תות בננה 1.5 ל,ליטרים,1.50,ליטר,false,1,8.20,5.4667,true,1,1382
7290003608560,false,משקה אר סי קולה 1.5,יפאורה,,משקה אר סי קולה 1.5 ל,ליטרים,1.50,ליטר,false,1,3.90,2.6000,true,1,1278
7290003608898,false,משקה קל תפוזינה דיאט,יפאורה,,משקה קל תפוזינה דיאט תפוז 1.5 ל,ליטרים,1.50,ליטר,false,1,7.60,5.0667,true,1,1063
7290003643004,false,אורז בסמטי קלאסי 1 ק,סוגת תעשיות בעמ,,אורז בסמטי קלאסי 1 קג סוגת,קילוגרמים,1.00,"ק""ג",false,1,12.90,12.9000,true,1,1240
7290003643134,false,סוכר וניל 10 יח סוגת,"י. כהן בע""מ",,סוכר וניל 10 יח סוגת,גרמים,100.00,100 גרם,false,1,2.50,2.5000,true,1,4466
7290003643158,false,קורנפלור 200 גר סוגת,"י. כהן בע""מ",,קורנפלור 200 גר סוגת,גרמים,200.00,100 גרם,false,1,3.00,1.5000,true,1,4469
7290003643165,false,קורנפלור 500 גר סוגת,"י. כהן בע""מ",,קורנפלור 500 גר סוגת,גרמים,500.00,100 גרם,false,1,5.90,1.1800,true,1,4470
7290003643172,false,אבקת סוכר 100 גר סוג,"י. כהן בע""מ",,אבקת סוכר 100 גר סוגת,גרמים,100.00,100 גרם,false,1,2.50,2.5000,true,1,4468
7290003643325,false,קוסקוס בינוני 350 גר,"אסיף תעשיות מזון בע""",,קוסקוס בינוני 350 גר סוגת,גרמים,350.00,100 גרם,false,1,5.50,1.5714,true,1,3924
7290003643387,false,סוכר לבן 1 קג צנצנת,סוגת תעשיות בעמ,,סוכר לבן 1 קג צנצנת סוגת,קילוגרמים,1.00,"ק""ג",false,1,7.90,7.9000,true,1,550
7290003643646,false,סוכר חום דמררה צנצנת,סוגת תעשיות בעמ,,סוכר חום דמררה צנצנת 1 קג סוגת,קילוגרמים,1.00,"ק""ג",false,1,12.90,12.9000,true,1,552
7290003643684,false,אפונה סוגת 500 גרם,סוגת תעשיות בעמ,,אפונה סוגת 500 גרם,גרמים,500.00,100 גרם,false,1,6.90,1.3800,true,1,1802
7290003643707,false,גריסים סוגת 500 גרם,סוגת תעשיות בעמ,,גריסים סוגת 500 גרם,גרמים,500.00,100 גרם,false,1,4.90,0.9800,true,1,1803
7290003643714,false,חומוס סוגת 500 גרם,סוגת תעשיות בעמ,,חומוס סוגת 500 גרם,גרמים,500.00,100 גרם,false,1,7.90,1.5800,true,1,1797
7290003643738,false,חיטה סוגת 500 גרם,סוגת תעשיות בעמ,,חיטה סוגת 500 גרם,גרמים,500.00,100 גרם,false,1,4.90,0.9800,true,1,1804
7290003643745,false,כוסמת סוגת 500 גרם,סוגת תעשיות בעמ,,כוסמת סוגת 500 גרם,גרמים,500.00,100 גרם,false,1,7.90,1.5800,true,1,1805
7290003643752,false,עדשים ירוקים סוגת 50,סוגת תעשיות בעמ,,עדשים ירוקים סוגת 500 גרם,גרמים,500.00,100 גרם,false,1,7.90,1.5800,true,1,1801
7290003643769,false,עדשים אדומים סוגת 50,סוגת תעשיות בעמ,,עדשים אדומים סוגת 500 גרם,גרמים,500.00,100 גרם,false,1,7.90,1.5800,true,1,2099
7290003643776,false,פופקורן סוגת 500 גרם,סוגת תעשיות בעמ,,פופקורן סוגת 500 גרם,גרמים,500.00,100 גרם,false,1,5.90,1.1800,true,1,1798
7290003643783,false,קוקוס סוגת 100 גרם,סוגת תעשיות בעמ,,קוקוס סוגת 100 גרם,גרמים,100.00,100 גרם,false,1,4.50,4.5000,true,1,1807
7290003643806,false,שעועית לבנה סוגת 500,סוגת תעשיות בעמ,,שעועית לבנה סוגת 500 גרם,גרמים,500.00,100 גרם,false,1,10.90,2.1800,true,1,1800
7290003643813,false,שעועית אדומה 500 ג ס,סוגת תעשיות בעמ,,שעועית אדומה 500 ג סוגת,גרמים,500.00,100 גרם,false,1,11.90,2.3800,true,1,1799
7290003643820,false,חומוס ענק 500 ג סוגת,סוגת תעשיות בעמ,,חומוס ענק 500 ג סוגת,גרמים,500.00,100 גרם,false,1,10.90,2.1800,true,1,3082
7290003648016,false,דג מקרל מעושן בואקום,,,דג מקרל מעושן בואקום במשקל,קילוגרמים,1.00,"ק""ג",true,,89.90,89.9000,true,1,29254
7290003648115,false,דג טונה בואקום במשקל,,,דג טונה בואקום במשקל,קילוגרמים,1.00,"ק""ג",true,,139.00,139.0000,true,1,29256
7290003680221,false,מסננת מרובעת קליק,,,מסננת מרובעת קליק,יחידה,1.00,יחידה,false,1,11.90,11.9000,true,1,27710
7290003706020,false,סלרי ראש ארוז,,,סלרי ראש ארוז,Unknown,0.00,Unknown,false,1,5.90,0.0000,true,1,3974
7290003706037,false,סלרי עלים ארוז,,,סלרי עלים ארוז,Unknown,0.00,Unknown,false,1,5.90,0.0000,true,1,3975
7290003706044,false,קוסברה ארוז,,,כוסברה,Unknown,0.00,Unknown,false,1,4.00,0.0000,true,1,3977
7290003706051,false,נענע ארוז,,,נענע ארוז,Unknown,0.00,Unknown,false,1,4.00,0.0000,true,1,3978
7290003706068,false,פטרוזיליה ארוז,,,פטרוזיליה ארוז,Unknown,0.00,Unknown,false,1,4.00,0.0000,true,1,3979
7290003706075,false,שמיר ארוז,,,שמיר ארוז,Unknown,0.00,Unknown,false,1,4.00,0.0000,true,1,3980
7290003706181,false,דלעת חתוכה ארוזה,,,דלעת חתוכה,קילוגרמים,1.00,"ק""ג",true,,10.90,10.9000,true,1,9220
7290003706266,false,בזיליקום ארוז,,,בזיליקום ארוז,Unknown,0.00,Unknown,false,1,4.00,0.0000,true,1,3973
7290003713929,false,סלסה פהיטה 200 גרם,"דוידוב סלמון בע""מ",IL,סלסה פהיטה 200 גרם,גרמים,200.00,100 גרם,false,24,16.90,8.4500,true,1,27315
7290003713936,false,סלסה חלפניו ליים 275,"דוידוב סלמון בע""מ",IL,סלסה חלפניו ליים 275 מל,מיליליטרים,275.00,"100 מ""ל",false,24,34.90,12.6909,true,1,27312
7290003713943,false,מחית ציפוטלה 200 גרם,"דוידוב סלמון בע""מ",IL,מחית ציפוטלה 200 גרם,גרמים,200.00,100 גרם,false,24,19.90,9.9500,true,1,27311
7290003713950,false,סלסה מקסיקנית 200 גר,"דוידוב סלמון בע""מ",IL,סלסה מקסיקנית 200 גרם,גרמים,200.00,100 גרם,false,24,16.90,8.4500,true,1,27314
7290003719006,false,לחם שיפון מלא 80% 75,מאפית י.את א. ברמן ב,,לחם שיפון מלא 80% 750 גר ליבו,גרמים,500.00,100 גרם,false,1,12.90,2.5800,true,1,5191
7290003719044,false,לחם ירושלמי 500 גר ל,מאפית י.את א. ברמן ב,,לחם ירושלמי 500 גר ליבו,גרמים,500.00,100 גרם,false,1,12.90,2.5800,true,1,5192
7290003719235,false,לחם ביתי 500 גר ליבו,מאפית י.את א. ברמן ב,,לחם ביתי 500 גר ליבו,גרמים,500.00,100 גרם,false,1,10.00,2.0000,true,1,5193
7290003719259,false,לחם אקסלוסיבי 1 קג ל,מאפית י.את א. ברמן ב,,לחם אקסלוסיבי 1 קג ליבו,גרמים,1000.00,100 גרם,false,1,13.90,1.3900,true,1,5194
7290003726141,false,טופו משק גאיה 300 גר,מחלבות גד,,טופו משק גאיה 300 גרם,גרמים,300.00,100 גרם,false,1,12.90,4.3000,true,1,2606
7290003726592,false,טופו ויילר בטעם פסטו,משק ויילר,IL,טופו ויילר בטעם פסטו 300גר,גרמים,300.00,100 גרם,false,5,13.90,4.6333,true,1,20915
7290003726615,false,טופו ויילר במרקם קשה,משק ויילר,IL,טופו ויילר במרקם קשה 300גר,גרמים,300.00,100 גרם,false,10,13.90,4.6333,true,1,20914
7290003726684,false,טופו חומוס בטעם טבעי,משק ויילר,IL,טופו חומוס בטעם טבעי 300גר משק ויילר,גרמים,300.00,100 גרם,false,5,12.90,4.3000,true,1,23966
7290003726745,false,קציצות טופו עם סלק 4,משק ויילר,IL,קציצות טופו עם סלק 400גר משק ויילר,גרמים,400.00,100 גרם,false,1,25.90,6.4750,true,1,44212
7290003726752,false,קציצות טופו ברוקולי,משק ויילר,IL,קציצות טופו ברוקולי קישוא אפונה 400גר,גרמים,400.00,100 גרם,false,1,25.90,6.4750,true,1,44211
7290003726769,false,קציצות טופו בטטה גזר,משק ויילר,IL,קציצות טופו בטטה גזר 400גר ויילר,גרמים,400.00,100 גרם,false,1,25.90,6.4750,true,1,44210
7290003726783,false,שניצל טופו עם תירס 4,משק ויילר,IL,שניצל טופו עם תירס 420גר משק ויילר,גרמים,420.00,100 גרם,false,1,27.90,6.6429,true,1,44216
7290003726806,false,שניצל טופו וברוקולי,משק ויילר,IL,שניצל טופו וברוקולי 420גר משק ויילר,גרמים,420.00,100 גרם,false,1,27.90,6.6429,true,1,44215
7290003726868,false,טופו חומוס עם עגבניו,משק ויילר,IL,טופו חומוס עם עגבניות מיובשות300גר ויילר,גרמים,300.00,100 גרם,false,5,14.90,4.9667,true,1,40235
7290003744428,false,אובלטים קימל 300 גר,,,אובלטים קימל 300 גר,גרמים,300.00,100 גרם,false,1,10.90,3.6333,true,1,5576
7290003744831,false,אובלטים בצל 300 גר,,,אובלטים בצל 300 גר,גרמים,300.00,100 גרם,false,1,10.90,3.6333,true,1,5578
7290003744848,false,אובלטים גריל 300 גר,,,אובלטים גריל 300 גר,גרמים,300.00,100 גרם,false,1,10.90,3.6333,true,1,5577
7290003744855,false,אובלטים שומשום 300 ג,,,אובלטים שומשום 300 גר,גרמים,300.00,100 גרם,false,1,10.90,3.6333,true,1,2479
7290003744862,false,אובלטים זעתר 300 גר,,,אובלטים זעתר 300 גר,גרמים,300.00,100 גרם,false,1,10.90,3.6333,true,1,2480
7290003781065,false,מלפפונים בסגנון צרפת,גידה,,מלפפונים בסגנון צרפתי 680 גרם,גרמים,680.00,100 גרם,false,1,8.90,1.3088,true,1,760
7290003781652,false,צלפים במלח 350 גרם,טינטאש,,צלפים במלח 350 גרם,גרמים,350.00,100 גרם,false,1,8.90,2.5429,true,1,284
7290003804252,false,תיבולית נוסח הודי 80,יוניליוור,,תיבולית נוסח הודי 80 גרם,Unknown,0.00,Unknown,false,1,10.00,0.0000,true,1,1336
7290003804320,false,תיבולית שום  פטרוזיל,יוניליוור,,תיבולית שום  פטרוזיליה 72 גרם,Unknown,0.00,Unknown,false,1,10.00,0.0000,true,1,1339
7290003804368,false,תיבולית בזילקום 72 ג,יוניליוור,,תיבולית בזילקום 72 גרם,Unknown,0.00,Unknown,false,1,10.00,0.0000,true,1,2
7290003804382,false,תיבולית פטריות 72 גר,יוניליוור,,תיבולית פטריות 72 גרם,Unknown,0.00,Unknown,false,1,10.00,0.0000,true,1,1338
7290003805587,false,פתית חיטה מלאה 250 ג,יוניליוור,,פתית חיטה מלאה 250 גר שפע בדץ,גרמים,250.00,100 גרם,false,1,15.90,6.3600,true,1,264
7290003807178,false,רוטב קנור סויה סגנון,יוניליוור,,רוטב קנור סויה סגנון סיני 300 מל,מיליליטרים,300.00,"100 מ""ל",false,1,11.90,3.9667,true,1,4826
7290003807482,false,רוטב קנור טריאקי 300,יוניליוור,,רוטב קנור טריאקי 300 מל,מיליליטרים,300.00,"100 מ""ל",false,1,11.90,3.9667,true,1,4827
7290003821754,false,סלמון מעושן קפוא 100,דלידג,,סלמון מעושן קפוא 100 גרם,גרמים,100.00,100 גרם,false,1,17.90,17.9000,true,1,602
7290003864478,false,סרדין בשמן צמחי 110,גולדן פריז,,סרדין בשמן צמחי 110 גרם,גרמים,110.00,100 גרם,false,1,4.90,4.4545,true,1,475
7290003864485,false,סרדין ברוטב עגבניות,גולדן פריז,,סרדין ברוטב עגבניות 110 גרם,גרמים,110.00,100 גרם,false,1,4.90,4.4545,true,1,474
7290003864492,false,סרדין בשמן צמחי חריף,גולדן פריז,,סרדין בשמן צמחי חריף 110 גרם,גרמים,110.00,100 גרם,false,1,4.90,4.4545,true,1,477
7290003882014,false,פלפלים כבושים 1.7 קג,יונקה גידה,,פלפלים כבושים 1.7 קג,קילוגרמים,1.70,"ק""ג",false,1,18.90,11.1176,true,1,411
7290003882502,false,שמן תירס 1 לי וילי פ,יונקה גידה,,שמן תירס 1 לי וילי פוד,ליטרים,1.00,ליטר,false,1,12.90,12.9000,true,1,202
7290003903771,false,קפה נמס קפוצינו רגיל,,,קפה נמס קפוצינו רגיל 200 גרם,גרמים,200.00,100 גרם,false,1,24.90,12.4500,true,1,196
7290003903955,false,שוקולד פרה מילוי קרם,,IL,שוקולד פרה מילוי קרם חלב 100 גר,גרמים,100.00,100 גרם,false,1,5.90,5.9000,true,1,145
7290003976010,false,מרכך כביסה 4ליטר אקו,אקופרנד,,מרכך כביסה 4ליטר אקולוגי אקופרנד,ליטרים,4.00,ליטר,false,1,29.90,7.4750,true,1,40396
7290003976027,false,מרכך כביסה 4ל אקולוג,אקופרנד,,מרכך כביסה 4ל אקולוגי פריחת העמק אקופרנד,ליטרים,4.00,ליטר,false,1,29.90,7.4750,true,1,40397
7290003976034,false,מרכך כביסה 4ליטר אקו,אקופרנד,,מרכך כביסה 4ליטר אקולוגי חבצלות אקופרנד,ליטרים,4.00,ליטר,false,1,29.90,7.4750,true,1,40398
7290003976058,false,מרכך כביסה מרוכז 1לי,אקופרנד,,מרכך כביסה מרוכז 1ליטר אקולוגי חבצלות,ליטרים,1.00,ליטר,false,1,19.90,19.9000,true,1,40403
7290003976072,false,מרכך כביסה מרוכז 1לי,אקופרנד,,מרכך כביסה מרוכז 1ליטר אקולוגי מאסק,ליטרים,1.00,ליטר,false,1,19.90,19.9000,true,1,40405
7290003976089,false,גל כביסה אקולוגי 4 ל,,,גל כביסה אקולוגי 4 ליטר אקופרנד,ליטרים,4.00,ליטר,false,1,45.00,11.2500,true,1,22902
7290003976096,false,גל כביסה מרוכז 1ליטר,אקופרנד,,גל כביסה מרוכז 1ליטר אקולוגי אקופרנד,ליטרים,1.00,ליטר,false,1,22.90,22.9000,true,1,22993
7290003976119,false,נוזל כלים 1ליטר לבנד,,,נוזל כלים 1ליטר לבנדר אקולוגי אקופרנד,ליטרים,1.00,ליטר,false,1,13.90,13.9000,true,1,40406
7290003976126,false,נוזל כלים 1ליטר לימו,,,נוזל כלים 1ליטר לימון אלוורה אקולוגי אקו,ליטרים,1.00,ליטר,false,1,13.90,13.9000,true,1,40407
7290003976300,false,מטלית רב פעמית אקולו,אקופרנד,,מטלית רב פעמית אקולוגי אקופרנד,יחידה,1.00,יחידה,false,1,19.90,19.9000,true,1,40409
7290003976331,false,מחטא רב תכליתי 750מל,אקופרנד,,מחטא רב תכליתי 750מל אקולוגי אקופרנד,מיליליטרים,750.00,"100 מ""ל",false,1,14.90,1.9867,true,1,40408
7290003989539,false,פסטה רביולי גבינה 40,שטראוס,,פסטה רביולי גבינה 400 גרם,גרמים,400.00,100 גרם,false,1,18.90,4.7250,true,1,244
7290003989553,false,פסטה טורטלוני פטריות,שטראוס,,פסטה טורטלוני פטריות וגבינה 400 גרם,גרמים,400.00,100 גרם,false,1,18.90,4.7250,true,1,1066
7290004011260,false,שמנת לקפה ריץ 427 מל,ריץ',,שמנת לקפה ריץ 427 מל,מיליליטרים,427.00,"100 מ""ל",false,1,7.90,1.8501,true,1,6353
7290004011277,false,שמנת לבישול והקרמה ר,ריץ',,שמנת לבישול והקרמה ריץ 220 מל,מיליליטרים,220.00,"100 מ""ל",false,1,8.90,4.0455,true,1,6354
7290004011284,false,שמנת להקצפה ריץ 212,ריץ',,שמנת להקצפה ריץ 212 מל,מיליליטרים,212.00,"100 מ""ל",false,1,7.90,3.7264,true,1,6351
7290004011291,false,קצפת להקצפה ריץ 425,ריץ',,קצפת להקצפה ריץ 425 מל,מיליליטרים,425.00,"100 מ""ל",false,1,10.90,2.5647,true,1,6352
7290004011338,false,קצפת מוכנה ריץ 250גר,ריץ',,קצפת מוכנה ריץ 250גר,גרמים,250.00,100 גרם,false,1,11.90,4.7600,true,1,6355
7290004011345,false,קצפת מוכנה ריץ פרווה,ריץ',,קצפת מוכנה ריץ פרווה במיכל 250גר,גרמים,250.00,100 גרם,false,1,11.90,4.7600,true,1,7643
7290004011352,false,מארז 3 יח קצפת להכנה,ריץ',,מארז 3 יח קצפת להכנה 212 מל,מיליליטרים,636.00,"100 מ""ל",false,1,19.90,3.1289,true,1,7192
7290004011796,false,קבבונים אל גאוצו 400,טיבון ויל,,קבבונים אל גאוצו 400 גר,גרמים,400.00,100 גרם,false,1,22.90,5.7250,true,1,6745
7290004011802,false,נקניקיות צוריסוס אל,טיבון ויל,,נקניקיות צוריסוס אל גאוצו 400 גר,גרמים,400.00,100 גרם,false,1,22.90,5.7250,true,1,6746
7290004011819,false,המבורגר ריב אנטריקוט,טיבון ויל,,המבורגר ריב אנטריקוט 360 גר,גרמים,360.00,100 גרם,false,1,21.90,6.0833,true,1,7949
7290004011826,false,מיני המבורגר ריב אנט,טיבון ויל,,מיני המבורגר ריב אנטריקוט 320 גר,גרמים,320.00,100 גרם,false,1,22.90,7.1562,true,1,7950
7290004014407,false,סוכריות אם אנד אמס ח,,,שוקולד חמאת בוטנים אם אנד אם 46 גר,Unknown,0.00,Unknown,false,,5.00,0.0000,true,1,25447
7290004023041,false,לחם שיפון מחמצת 750,מאפה דר מרק,IL,לחם שיפון פרוס 750 גר דר מארק,גרמים,750.00,100 גרם,false,1,13.90,1.8533,true,1,5628
7290004030018,false,מיץ לימון סחוט לסלטי,פרי ניב,IL,מיץ לימון סחוט לסלטים 500מל,מיליליטרים,500.00,"100 מ""ל",false,1,9.90,1.9800,true,1,17834
7290004030100,false,מיץ תפוזים ולנסיה 1ל,פרי ניב,IL,מיץ תפוזים ולנסיה 1ליטר פרי ניב,ליטרים,1.00,ליטר,false,1,12.90,12.9000,true,1,24201
7290004030216,false,מיץ חמוציות 1 ליטר פ,פרי ניב,IL,מיץ חמוציות 1 ליטר פרי ניב,ליטרים,1.00,ליטר,false,1,12.90,12.9000,true,1,17844
7290004030223,false,מיץ תפוח סחוט 100% 1,פרי ניב,IL,מיץ תפוח סחוט 100% 1ליטר פרי ניב,ליטרים,1.00,ליטר,false,1,16.90,16.9000,true,1,17846
7290004030445,false,מיץ תפוזים 1 ליטר פר,פרי ניב,IL,מיץ תפוזים 1 ליטר פרי ניב,ליטרים,1.00,ליטר,false,1,12.90,12.9000,true,1,17842
7290004030544,false,מיץ לימונענע 1 ליטר,פרי ניב,IL,מיץ לימונענע 1 ליטר פרי ניב,ליטרים,1.00,ליטר,false,1,12.90,12.9000,true,1,26586
7290004030612,false,מיץ קיווי אגס תפוח ל,פרי ניב,IL,מיץ קיווי אגס תפוח ללא סוכר 1ל פרי ניב,ליטרים,1.00,ליטר,false,1,15.90,15.9000,true,1,17847
7290004030810,false,משקה שייק בננה פסיפל,פרי ניב,IL,משקה שייק בננה פסיפלורה תפוז ל.ס. 1ליטר,ליטרים,1.00,ליטר,false,1,15.90,15.9000,true,1,17860
7290004030834,false,מיץ רימון סחוט 1ליטר,פרי ניב,IL,מיץ רימון סחוט 1ליטר פרי ניב,ליטרים,1.00,ליטר,false,1,20.90,20.9000,true,1,17845
7290004033705,false,לחמניות המבורגר ביג,מאפית י.את א. ברמן ב,IL,לחמניות המבורגר ביג לוקס 6יח בשקית ברמן,יחידה,6.00,יחידה,false,1,13.90,2.3167,true,1,31955
7290004033712,false,לחם עננים קמח מלא 75,מאפית י.את א. ברמן ב,IL,לחם עננים קמח מלא 750גר ברמן,גרמים,750.00,100 גרם,false,1,15.90,2.1200,true,1,31953
7290004033729,false,לחם עננים קמח כוסמין,מאפית י.את א. ברמן ב,IL,לחם עננים קמח כוסמין 600גר ברמן,גרמים,600.00,100 גרם,false,1,15.90,2.6500,true,1,31954
7290004033736,false,לחם עננים בסגנון ברי,מאפית י.את א. ברמן ב,IL,לחם עננים בסגנון בריוש 500גר ברמן,גרמים,500.00,100 גרם,false,1,15.90,3.1800,true,1,40259
7290004033750,false,מארז לחמניות עננים ב,מאפית י.את א. ברמן ב,,מארז לחמניות עננים בסגנון בריוש 360גר,גרמים,360.00,100 גרם,false,1,13.90,3.8611,true,1,44666
7290004033804,false,לחם כפרי ללא גלוטן 3,מאפית י.את א. ברמן ב,IL,לחם כפרי ללא גלוטן 320גר ברמן,גרמים,320.00,100 גרם,false,1,16.90,5.2812,true,1,40065
7290004048525,false,פילה דג אמנון 5-7 קפ,דלידג,,פילה דג אמנון 5-7 קפוא,קילוגרמים,1.00,"ק""ג",true,,26.00,26.0000,true,1,5069
7290004063016,false,"מלח שולחן מעולה 1 ק""",,,מלח שולחן מעולה 1 קג***,קילוגרמים,1.00,"ק""ג",false,1,2.07,2.0700,true,1,749
7290004063092,false,מלח הארץ למדיח 2 קג,"מלח הארץ אילת בע""מ",,מלח הארץ למדיח 2 קג,קילוגרמים,2.00,"ק""ג",false,1,11.90,5.9500,true,1,7835
7290004063115,false,"מלח בישול 1 ק""ג***",,,"מלח בישול 1 ק""ג***",קילוגרמים,1.00,"ק""ג",false,1,2.07,2.0700,true,1,748
7290004064082,false,מלח ים טבעי במטחנה 2,"מלח הארץ אילת בע""מ",,מלח ים טבעי במטחנה 250 גרם,גרמים,250.00,100 גרם,false,1,14.90,5.9600,true,1,13300
7290004064099,false,מטחנת מלח הימלאי 250,"מלח הארץ אילת בע""מ",,מטחנת מלח הימלאי 250 גרם,גרמים,250.00,100 גרם,false,1,14.90,5.9600,true,1,13184
7290004064105,false,מטחנת מלח ים עשבי תי,"מלח הארץ אילת בע""מ",,מטחנת מלח ים עשבי תיבול250  גרם,גרמים,250.00,100 גרם,false,1,14.90,5.9600,true,1,13185
7290004064174,false,מלח הימלאיה דק 1 קג,"מלח הארץ אילת בע""מ",,מלח הימלאיה דק 1 קג מלח הארץ,קילוגרמים,1.00,"ק""ג",false,1,15.90,15.9000,true,1,15536
7290004064181,false,מלח הימלאיה גס 1 קג,"מלח הארץ אילת בע""מ",,מלח הימלאיה גס 1 קג מלח הארץ,קילוגרמים,1.00,"ק""ג",false,1,15.90,15.9000,true,1,15535
7290004064198,false,מטחנת מלח ספייסי מלח,"מלח הארץ אילת בע""מ",IL,מטחת מלח ספייסי מלח הארץ 115 גר,גרמים,115.00,100 גרם,false,6,14.90,12.9565,true,1,18471
7290004064228,false,מטחנת מלח שום ופלפל,"מלח הארץ אילת בע""מ",IL,מטחת מלח שום ופלפל מלח הארץ 125 גר,גרמים,125.00,100 גרם,false,6,14.90,11.9200,true,1,18472
7290004064280,false,מלח הארץ מופחת נתרן,"מלח הארץ אילת בע""מ",,מלח הארץ מופחת נתרן 600 גרם,גרמים,600.00,100 גרם,false,1,16.90,2.8167,true,1,21239
7290004064297,false,מלח ים הארץ מועשר בי,"מלח הארץ אילת בע""מ",,מלח ים הארץ מועשר ביוד 1 קג,קילוגרמים,1.00,"ק""ג",false,1,9.90,9.9000,true,1,21238
7290004064303,false,מלח הארץ אטלנטי 800,"מלח הארץ אילת בע""מ",,מלח הארץ אטלנטי 800 גרם צנצנת,גרמים,800.00,100 גרם,false,1,16.90,2.1125,true,1,21260
7290004064358,false,מלח ים דק  1 קג בקרט,"מלח הארץ אילת בע""מ",,מלח ים דק  1 קג בקרטון,קילוגרמים,1.00,"ק""ג",false,1,5.00,5.0000,true,1,23119
7290004064365,false,מלח ים דק מועשר ביוד,"מלח הארץ אילת בע""מ",,מלח דק מועשר ביוד 1 קג בקרטון,קילוגרמים,1.00,"ק""ג",false,1,5.90,5.9000,true,1,23118
7290004064372,false,מטחנת מלח אקסטרא תבל,"מלח הארץ אילת בע""מ",,מטחנת מלח אקסטרא תבלינים איטלקי 105 גרם,גרמים,250.00,100 גרם,false,1,14.90,5.9600,true,1,24986
7290004064389,false,מלח הימליה דק מלחייה,"מלח הארץ אילת בע""מ",,מלח הימליה דק מלחייה 250 גרם,גרמים,250.00,100 גרם,false,1,10.90,4.3600,true,1,30691
7290004067441,false,מעדן תפוז ללא סוכר 2,בית יצחק,,מעדן תפוז ללא סוכר 284 ג בית יצחק,גרמים,284.00,100 גרם,false,1,14.90,5.2465,true,1,4213
7290004067656,false,מעדן פירות יער ללא ס,בית יצחק,,מעדן פירות יער ללא סוכר284ג בית יצחק,גרמים,284.00,100 גרם,false,1,14.90,5.2465,true,1,6810
7290004068011,false,יוגורט כבשים 5%  600,,,יוגורט כבשים 5%  600 גר,גרמים,600.00,100 גרם,false,1,17.90,2.9833,true,1,8423
7290004068028,false,יוגורט צזיקי לשתיה 5,,,יוגורט צזיקי לשתיה 500 מל,מיליליטרים,500.00,"100 מ""ל",false,1,10.00,2.0000,true,1,8747
7290004068035,false,יוגורט איירן 3%  500,,,יוגורט איירן 3%  500 מל גד,מיליליטרים,500.00,"100 מ""ל",false,1,6.90,1.3800,true,1,8748
7290004068172,false,יוגורט עיזים 5% בדלי,,,יוגורט עיזים 5% בדלי 600 גר,גרמים,600.00,100 גרם,false,1,16.90,2.8167,true,1,8820
7290004068332,false,גבינת קממבר בקר במשק,,,גבינת קממבר בקר במשקל גד משולשים,קילוגרמים,1.00,"ק""ג",true,,139.00,139.0000,true,1,42018
7290004068394,false,גבינת קממבר בקר במשק,מחלבות גד,IL,גבינת קממבר בקר במשקל גלגל מחלבות גד,קילוגרמים,1.00,"ק""ג",true,,109.00,109.0000,true,1,19715
7290004068585,false,גבינת גאודה עיזים במ,מחלבות גד,,גבינת גאודה עיזים במשקל גלגל,קילוגרמים,1.00,"ק""ג",true,,129.00,129.0000,true,1,12338
7290004078225,false,מי פה פלקס מנטה עדין,Colgate - Brazil,,מי פה פלקס מנטה עדין 500 מל ירוק,מיליליטרים,500.00,"100 מ""ל",false,1,24.90,4.9800,true,1,698
7290004078270,false,נוזל כלים פלמוליב צי,Colgate - Greece,,נוזל כלים פלמוליב צילנדר 1 ל לימון,ליטרים,1.00,ליטר,false,1,12.90,12.9000,true,1,405
7290004078690,false,נוזל לשרותים אגקס רע,Colgate - Belgium,,נוזל לשרותים אגקס רענן 750 מל,מיליליטרים,750.00,"100 מ""ל",false,1,14.90,1.9867,true,1,1353
7290004078942,false,ליידי ספיד סטיק גל מ,Colgate - USA,,ליידי ספיד סטיק גל מרענן,Unknown,0.00,Unknown,false,1,21.90,0.0000,true,1,819
7290004091248,false,קרם ווזלין טהור פטרו,יוניליוור,,קרם ווזלין טהור פטרולאום גל 106 גרם,גרמים,106.00,100 גרם,false,1,17.90,16.8868,true,1,1105
7290004102326,false,תרד בקופסא יחידה,,,תרד בקופסא יחידה,Unknown,0.00,Unknown,false,1,8.90,0.0000,true,1,8399
7290004119225,false,יופלה 3% אננס 150 גר,,,יופלה 3% אננס 150 גר,גרמים,150.00,100 גרם,false,1,4.90,3.2667,true,1,1642
7290004119928,false,קרלו וניל 125 גר,,,קרלו וניל 125 גר,גרמים,125.00,100 גרם,false,1,2.90,2.3200,true,1,212
7290004119973,false,קרלו שוקו 125 גר,,,קרלו שוקו 125 גר,ליטרים,1.25,ליטר,false,1,3.10,2.4800,true,1,214
7290004120108,false,יוגורט יופלה דיאט דו,,,יוגורט יופלה דיאט דובדבן 150 גר,גרמים,150.00,100 גרם,false,1,4.90,3.2667,true,1,1037
7290004120566,false,גבינה בולגרית פיראוס,,,גבינה בולגרית פיראוס 24% 250 גרם,גרמים,250.00,100 גרם,false,1,22.90,9.1600,true,1,1189
7290004120573,false,גבינה בולגרית פיראוס,,,גבינה בולגרית פיראוס 16% 250 גרם,גרמים,250.00,100 גרם,false,1,22.90,9.1600,true,1,1188
7290004120634,false,גבינה בולגרית פיראוס,,,גבינה בולגרית פיראוס 5% 250 גרם,גרמים,250.00,100 גרם,false,1,22.90,9.1600,true,1,1190
7290004121488,false,ד.יופלה אפרסק 150 גם,,,ד.יופלה אפרסק 150 גם,גרמים,150.00,100 גרם,false,1,4.90,3.2667,true,1,1921
7290004121525,false,מאגדת 8 יופלה 3% אפר,,,מאגדת 8 יופלה 3% אפרסק ותות 1.2קג,קילוגרמים,1.20,"ק""ג",false,1,28.90,24.0833,true,1,3885
7290004121754,false,יופלה 3% עוגת גבינה&,,,יופלה 3% עוגת גבינה&תות 150 גר,גרמים,150.00,100 גרם,false,1,4.90,3.2667,true,1,1737
7290004121839,false,גבינת פטה כבשים 20%,,,גבינת פטה כבשים 20% פיראוס 250 גרם,גרמים,250.00,100 גרם,false,1,25.90,10.3600,true,1,2154
7290004121853,false,פיראוס קוביות בולגרי,,,פיראוס קוביות בולגרית 5%,גרמים,200.00,100 גרם,false,1,20.50,10.2500,true,1,2307
7290004122119,false,פתיתי פרמזן 100 גרם,,,פתיתי פרמזן 100 גרם,גרמים,100.00,100 גרם,false,1,11.90,11.9000,true,1,266
7290004122195,false,גוש חלב פרוס 200 גרם,,,גוש חלב פרוס 200 גרם,גרמים,200.00,100 גרם,false,1,13.90,6.9500,true,1,1776
7290004122270,false,עמק פרוס בקופסא 200,,,עמק פרוס בקופסא 200 גרם,גרמים,200.00,100 גרם,false,1,15.90,7.9500,true,1,515
7290004122348,false,עמק לייט פרוס 200 גר,,,עמק לייט פרוס 200 גרם,גרמים,200.00,100 גרם,false,1,17.50,8.7500,true,1,514
7290004122676,false,גב.מלוחה חמד לייט 5%,,,גב.מלוחה חמד לייט 5% פיראוס 250 גרם,גרמים,250.00,100 גרם,false,1,17.90,7.1600,true,1,4324
7290004122683,false,אצבעות גבינת עמק 172,,,אצבעות גבינת עמק 172גר,גרמים,172.00,100 גרם,false,1,16.70,9.7093,true,1,4885
7290004124175,false,יוגורט 1.5% 150 מל,,,יוגורט 1.5% 150 מל,מיליליטרים,150.00,"100 מ""ל",false,1,1.80,1.2000,true,1,893
7290004124205,false,מעדן יופלה דיאט תות,,,מעדן יופלה דיאט תות 150 גר,גרמים,150.00,100 גרם,false,1,4.90,3.2667,true,1,1039
7290004124847,false,קצפת צמחית 500 מל הש,,,קצפת צמחית 500 מל השף הלבן,מיליליטרים,500.00,"100 מ""ל",false,1,16.90,3.3800,true,1,4026
7290004125370,false,שמנת חמוצה מופחתת שו,,,שמנת חמוצה מופחתת שומן 9% 200 מל,מיליליטרים,200.00,"100 מ""ל",false,1,3.90,1.9500,true,1,209
7290004125400,false,שלי אשל 200 מל***,,,שלי אשל 200 מל***,מיליליטרים,200.00,"100 מ""ל",false,1,1.69,0.8450,true,1,151
7290004125417,false,גיל 200 מל***,,,גיל 200 מל***,מיליליטרים,200.00,"100 מ""ל",false,1,1.51,0.7550,true,1,1662
7290004125455,false,שמנת חמוצה 15% 200 מ,,,שמנת חמוצה 15% 200 מל***,מיליליטרים,200.00,"100 מ""ל",false,1,2.40,1.2000,true,1,1661
7290004125462,false,שמנת חמוצה 15% 500 מ,,,שמנת חמוצה 15% 500 מל***,מיליליטרים,500.00,"100 מ""ל",false,1,6.00,1.2000,true,1,205
7290004125509,false,שמנת אוריגינל 15% שו,,,שמנת אוריגינל 15% שומן 100מל,מיליליטרים,100.00,"100 מ""ל",false,1,1.90,1.9000,true,1,203
7290004125578,false,משקה סויה 1 ליטר מוע,,,משקה סויה 1 ליטר מועשר,ליטרים,1.00,ליטר,false,1,10.90,10.9000,true,1,2511
7290004125585,false,משקה סויה 1 ליטר על,,,משקה סויה 1 ליטר על הבוקר,ליטרים,1.00,ליטר,false,1,10.90,10.9000,true,1,2512
7290004125721,false,שמנת לבישול 15% השף,,,שמנת לבישול 15% השף הלבן250 מל,מיליליטרים,250.00,"100 מ""ל",false,1,7.90,3.1600,true,1,206
7290004125738,false,שמנת להקצפה 32% 250,,,שמנת להקצפה 32% 250 מל,מיליליטרים,250.00,"100 מ""ל",false,1,6.90,2.7600,true,1,207
7290004125776,false,גבינת עמק פרוס 400 ג,,,גבינת עמק פרוס 400 גר 28% בקופסא,גרמים,400.00,100 גרם,false,1,28.90,7.2250,true,1,4024
7290004126674,false,טל העמק לייט 200 גרם,,,טל העמק לייט 200 גרם,גרמים,200.00,100 גרם,false,1,18.90,9.4500,true,1,2654
7290004126759,false,ד.יופלה פירות יער 15,,,ד.יופלה פירות יער 150 גר,גרמים,150.00,100 גרם,false,1,4.90,3.2667,true,1,1038
7290004126872,false,שוקו שוק  250 מל בבק,,,שוקו שוק  250 מל בבקבוק,מיליליטרים,250.00,"100 מ""ל",false,1,5.90,2.3600,true,1,4117
7290004127077,false,גבינת קוטג 3% 250 גר,,,גבינת קוטג 3% 250 גרם,גרמים,250.00,100 גרם,false,1,5.90,2.3600,true,1,2653
7290004127329,false,גבינת קוטג 5% 250 גר,,,גבינת קוטג 5% 250 גרם,גרמים,250.00,100 גרם,false,1,5.90,2.3600,true,1,316
7290004127336,false,גבינת קוטג 9% 250 גר,,,גבינת קוטג 9% 250 גרם,גרמים,250.00,100 גרם,false,1,5.90,2.3600,true,1,317
7290004127800,false,גבינה לבנה 5% למריחה,,,גבינה לבנה 5% למריחה 500 ג***,גרמים,500.00,100 גרם,false,1,9.96,1.9920,true,1,1196
7290004127817,false,גבינה לבנה 9% למריחה,,,גבינה לבנה 9% למריחה 500 גרם,גרמים,500.00,100 גרם,false,1,10.00,2.0000,true,1,1197
7290004127862,false,גבינה לבנה 5% למריחה,,,גבינה לבנה 5% למריחה 750 גרם***,גרמים,750.00,100 גרם,false,1,14.94,1.9920,true,1,1186
7290004127916,false,גבינה לבנה 1/2% למרי,,,גבינה לבנה 1/2% למריחה 500 גרם,גרמים,500.00,100 גרם,false,1,10.00,2.0000,true,1,1213
7290004128333,false,לבנה 9% 500 גרם,,,לבנה 9% 500 גרם,גרמים,500.00,100 גרם,false,1,19.90,3.9800,true,1,1760
7290004128432,false,פתיתי גבינה מיוחדים,,,פתיתי גבינה מיוחדים לפיצה,גרמים,500.00,100 גרם,false,1,22.90,4.5800,true,1,5325
7290004129101,false,גב.שמנת נפוליאון טבע,,,גב.שמנת נפוליאון טבעי 225 גרם,גרמים,225.00,100 גרם,false,1,12.90,5.7333,true,1,690
7290004129156,false,גב.שמנת נפוליאון שום,,,גב.שמנת נפוליאון שום שמיר 225 גרם,גרמים,225.00,100 גרם,false,1,12.90,5.7333,true,1,691
7290004129736,false,יופלה מעודן 1.5% 200,,,יופלה מעודן 1.5% 200 גר,גרמים,200.00,100 גרם,false,1,4.50,2.2500,true,1,3373
7290004129767,false,מאגדת יופלה לבן 3% ש,,,"מאגדת יופלה לבן 3% שמינייה 1.2 ק""ג",קילוגרמים,1.20,"ק""ג",false,1,16.90,14.0833,true,1,3374
7290004130695,false,משקה אייס קפה שוק בב,,,משקה אייס קפה שוק בבקבוק 1 ל,ליטרים,1.00,ליטר,false,1,12.90,12.9000,true,1,5390
7290004130794,false,משקה סויה 1 ליטר מוע,,,משקה סויה 1 ליטר מועשר מופחת,ליטרים,1.00,ליטר,false,1,10.90,10.9000,true,1,2833
7290004130916,false,יופלה פירות יער בשמנ,,,יופלה פירות יער בשמנת 150 גר,גרמים,150.00,100 גרם,false,1,4.90,3.2667,true,1,4023
7290004131074,false,חלב 3% קרטון 1 ליטר*,,,חלב 3% קרטון 1 ליטר***,ליטרים,1.00,ליטר,false,1,6.23,6.2300,true,1,997
7290004131432,false,יופלה לבן 3% 200 גר,,,יופלה לבן 3% 200 גר,גרמים,200.00,100 גרם,false,1,3.90,1.9500,true,1,3371
7290004131531,false,שוק שוקו 30%פחות סוכ,,,שוק שוקו 30%פחות סוכר בקבוק 1ל,ליטרים,1.00,ליטר,false,1,12.90,12.9000,true,1,3741
7290004131814,false,גבינת פיראוס צפתית מ,,,גבינת פיראוס צפתית מעודנת 5% 200 ג,גרמים,200.00,100 גרם,false,1,14.90,7.4500,true,1,3594
7290004132231,false,חלב פלוס מיוחד לקפה,,,חלב פלוס מיוחד לקפה  800 מל,מיליליטרים,800.00,"100 מ""ל",false,1,7.00,0.8750,true,1,3520
7290004132552,false,משקה דיאט סויה טבעי,,,משקה דיאט סויה טבעי 1 ל,ליטרים,1.00,ליטר,false,1,10.90,10.9000,true,1,3699
7290004132606,false,מאגדת קרלו מיני 8 יח,,,מאגדת קרלו מיני 8 יח וניל 100 גר,גרמים,800.00,100 גרם,false,1,13.90,1.7375,true,1,5111
7290004132712,false,אצבעות גבינה מוצרלה,,,אצבעות גבינה מוצרלה 172 גרם,גרמים,172.00,100 גרם,false,1,16.90,9.8256,true,1,3519
7290004133511,false,מאגדת יופלה לבן 1.5%,,,מאגדת יופלה לבן 1.5% מעודן שמיניה 1.2 קג,גרמים,1.00,100 גרם,false,1,19.90,1990.0000,true,1,3569
7290004133917,false,מאגדת 3 קצפת צמחית 2,,,מאגדת 3 קצפת צמחית 250 מל השף הלבן,מיליליטרים,750.00,"100 מ""ל",false,1,19.90,2.6533,true,1,4147
7290004134198,false,משקה חלב בטעם בננה 2,,,משקה חלב בטעם בננה 250מל,מיליליטרים,250.00,"100 מ""ל",false,1,6.20,2.4800,true,1,4010
7290004135058,false,מאגדת קרלו מיני 8 יח,,,מאגדת קרלו מיני 8 יח שוקולד 100 גר,גרמים,800.00,100 גרם,false,1,13.90,1.7375,true,1,5112
7290004135225,false,מעדן תנובה דיאט שוקו,,,מעדן תנובה דיאט שוקולדה 0% 150 גר,גרמים,150.00,100 גרם,false,1,4.10,2.7333,true,1,4399
7290004135324,false,גב.בולגרית פיראוס מע,,,גב.בולגרית פיראוס מעודנת 5% במשקל,קילוגרמים,1.00,"ק""ג",true,,49.00,49.0000,true,1,4289
7290004135614,false,גב.בולגרית מעודנת 5%,,,גב.בולגרית מעודנת 5% פיראוס 250 גר,גרמים,250.00,100 גרם,false,1,22.90,9.1600,true,1,5129
7290004136154,false,משקה אייס קפה שוק 34,,,משקה אייס קפה שוק 340 מל בקבוק,מיליליטרים,340.00,"100 מ""ל",false,1,6.90,2.0294,true,1,5216
7290004136222,false,מאגדת 6 יח שוקו 30%,,,מאגדת 6 יח שוקו 30% פחות סוכר,ליטרים,1.50,ליטר,false,1,26.90,17.9333,true,1,5265
7290004136598,false,מארז הפסקת אוכל חלב+,,,"מארז הפסקת אוכל חלב+קורנפלקס 150 מ""ל",מיליליטרים,150.00,"100 מ""ל",false,1,8.90,5.9333,true,1,4957
7290004136857,false,מעדן גלי פטל 125 גרם,,,מעדן גלי פטל 125 גרם,גרמים,125.00,100 גרם,false,1,2.50,2.0000,true,1,4935
7290004136864,false,מעדן גלי אננס עם תחת,,,מעדן גלי אננס עם תחתיות 125 גרם,גרמים,125.00,100 גרם,false,1,2.90,2.3200,true,1,4937
7290004136871,false,מעדן גלי אפרסק עם תח,,,מעדן גלי אפרסק עם תחתיות 125 גרם,גרמים,125.00,100 גרם,false,1,2.90,2.3200,true,1,4936
7290004137021,false,שמנת לבישול 10% מופח,,,שמנת לבישול 10% מופחתת שומן 250 מל,מיליליטרים,250.00,"100 מ""ל",false,1,7.90,3.1600,true,1,5305
7290004137311,false,גבינת עמק לייט 9% מש,,,גבינת עמק לייט 9% משפחתית 400 גר,גרמים,400.00,100 גרם,false,1,32.00,8.0000,true,1,5266
7290004137809,false,לאבנה 5% 250 גרם,,,לאבנה 5% 250 גרם,גרמים,250.00,100 גרם,false,1,12.90,5.1600,true,1,5304
7290004146986,false,נקה 7 שמפו 750 מל צב,,,נקה 7 שמפו 750 מל צבוע,מיליליטרים,750.00,"100 מ""ל",false,1,11.90,1.5867,true,1,2466
7290004146993,false,נקה 7 מרכך 750 מל צב,,,נקה 7 מרכך 750 מל צבוע,מיליליטרים,750.00,"100 מ""ל",false,1,11.90,1.5867,true,1,2469
7290004150112,false,חומוס מזרחי פיקנטי 3,סלטי שמיר,IL,חומוס מזרחי פיקנטי 300גר פרימיום,גרמים,300.00,100 גרם,false,16,14.90,4.9667,true,1,43766
7290004150136,false,סלט חציל על האש 300ג,סלטי שמיר,IL,סלט חציל על האש 300גרם פיקנטי פרימיום,גרמים,300.00,100 גרם,false,16,14.90,4.9667,true,1,43780
7290004150143,false,סלט חציל במיונז 300ג,סלטי שמיר,IL,סלט חציל במיונז 300גרם פיקנטי פרימיום,גרמים,300.00,100 גרם,false,16,14.90,4.9667,true,1,43781
7290004150150,false,סלט חציל בטחינה 300ג,סלטי שמיר,IL,סלט חציל בטחינה 300גרם פיקנטי פרימיום,גרמים,300.00,100 גרם,false,16,14.90,4.9667,true,1,43782
7290004150174,false,סלט קולסלאו 300 גרם,סלטי שמיר,IL,סלט קולסלאו 300 גרם פיקנטי פרימיום,גרמים,300.00,100 גרם,false,16,14.90,4.9667,true,1,43784
7290004150181,false,חמוצים סיני 300 גרם,סלטי שמיר,IL,חמוצים סיני 300 גרם פיקנטי פרימיום,גרמים,300.00,100 גרם,false,16,14.90,4.9667,true,1,43785
7290004150198,false,סלט סלק מגורד 300גרם,סלטי שמיר,IL,סלט סלק מגורד 300גרם פיקנטי פרימיום,גרמים,300.00,100 גרם,false,16,14.90,4.9667,true,1,43786
7290004150204,false,סלט מטבוחה 300 גרם פ,סלטי שמיר,IL,סלט מטבוחה 300 גרם פיקנטי פרימיום,גרמים,300.00,100 גרם,false,16,14.90,4.9667,true,1,43787
7290004150211,false,סלט תורכי איסטנבול 3,סלטי שמיר,IL,סלט תורכי איסטנבול 300גרם פיקנטי פרימיום,גרמים,300.00,100 גרם,false,16,14.90,4.9667,true,1,43788
7290004150228,false,סלט כרוב אדום 300גרם,סלטי שמיר,IL,סלט כרוב אדום 300גרם פיקנטי פרימיום,גרמים,300.00,100 גרם,false,16,14.90,4.9667,true,1,43789
7290004150235,false,חומוס עם חריף 300גרם,סלטי שמיר,IL,חומוס עם חריף 300גרם פיקנטי פרימיום,גרמים,300.00,100 גרם,false,16,14.90,4.9667,true,1,43790
7290004150372,false,חומוס וואסבי פיקנטי,סלטי שמיר,IL,חומוס וואסבי פיקנטי 300גר פרימיום,גרמים,300.00,100 גרם,false,16,14.90,4.9667,true,1,43778
7290004165000,false,רסק תפוחי עץ רגיל 56,זנלכל,,רסק תפוחי עץ רגיל 560 גר א/2 יכין,גרמים,560.00,100 גרם,false,1,8.90,1.5893,true,1,27404
7290004165017,false,רסק תפוח ללא סוכר 56,זנלכל,,רסק תפוח ללא סוכר 560 גר א/2 יכין,גרמים,560.00,100 גרם,false,1,8.90,1.5893,true,1,113
7290004193010,false,רבע טלה טרי קורדו,סניידרס,,רבע טלה טרי קורדו,קילוגרמים,1.00,"ק""ג",true,,120.00,120.0000,true,1,44177
7290004199074,false,אגד מדבק 50יח סאני פ,,,אגד מדבק 50יח סאני פלסטר,יחידה,50.00,יחידה,false,36,6.50,0.1300,true,1,18847
7290004199166,false,כפפות לאטקס איזי טאצ,G.G.CO.LTD,,כפפות לאטקס איזי טאצ  סמול 100יח,יחידה,100.00,יחידה,false,1,24.90,0.2490,true,1,924
7290004199173,false,כפפות לאטקס איזי טאצ,G.G.CO.LTD,,כפפות לאטקס איזי טאצ  מדיום 100יח,יחידה,100.00,יחידה,false,1,24.90,0.2490,true,1,922
7290004199180,false,כפפות לאטקס איזי טאצ,G.G.CO.LTD,,כפפות לאטקס איזי טאצ  אקסטרה לארג 100יח,יחידה,100.00,יחידה,false,1,24.90,0.2490,true,1,923
7290004199234,false,כפפות לאטקס איזי טאצ,G.G.CO.LTD,,כפפות לאטקס איזי טאצ אקסטרה לארג 100יח,יחידה,100.00,יחידה,false,1,24.90,0.2490,true,1,14653
7290004199579,false,אגד מדבק מעורב 100יח,,,אגד מדבק מעורב 100יח סאני פלסטר,יחידה,100.00,יחידה,false,36,9.90,0.0990,true,1,18849
7290004199777,false,צימרוני אוזניים כוס/,,,צימרוני אוזניים כוס/קופסא 300 יח,Unknown,0.00,Unknown,false,1,6.90,0.0000,true,1,15391
7290004199784,false,כפפות לאטקס 100יח אי,סייף טאצ,TH,כפפות לאטקס 100יח איזי טאצ מידה סמול,יחידה,100.00,יחידה,false,10,17.90,0.1790,true,1,24902
7290004199791,false,כפפות לאטקס 100יח אי,סייף טאצ,TH,כפפות לאטקס 100יח איזי טאצ מידה מדיום,יחידה,100.00,יחידה,false,10,17.90,0.1790,true,1,24901
7290004199807,false,כפפות לאטקס 100יח אי,סייף טאצ,TH,כפפות לאטקס 100יח איזי טאצ מידה לארג,יחידה,100.00,יחידה,false,10,17.90,0.1790,true,1,24900
7290004199821,false,סופר 24 יח,,,אטבי כביסה סופר 24 יח,יחידה,24.00,יחידה,false,1,7.90,0.3292,true,1,15377
7290004200268,false,צעצוע רמה 2,,,צעצוע רמה 2,Unknown,0.00,Unknown,false,1,9.90,0.0000,true,1,945
7290004200336,false,בלונים מודפסים,,,בלונים מודפסים,Unknown,0.00,Unknown,false,1,10.90,0.0000,true,1,4202
7290004200374,false,צעצוע רמה 1,,,צעצוע רמה 1,Unknown,0.00,Unknown,false,1,6.90,0.0000,true,1,294
7290004200930,false,זיקוק עבה 2 בשקית,,,זיקוק עבה 2 בשקית,Unknown,0.00,Unknown,false,1,8.90,0.0000,true,1,971
7290004219284,false,אנשובי עגול בצנצנת 8,קונסרבאס פרדו,,אנשובי עגול בצנצנת 80 גרם,Unknown,0.00,Unknown,false,1,9.90,0.0000,true,1,1265
7290004219819,false,מלבין קפה קומפלטה הו,פריסלנד,,מלבין קפה קומפלטה הולנדי 200 גרם,גרמים,200.00,100 גרם,false,1,11.50,5.7500,true,1,17
7290004219826,false,מלבין קפה קומפלטה הו,פריסלנד,,מלבין קפה קומפלטה הולנדי 400 גרם,גרמים,400.00,100 גרם,false,1,19.90,4.9750,true,1,740
7290004221409,false,רוטב חזרת בק לחיץ 45,ווברס,,רוטב חזרת בק לחיץ 453 מל,גרמים,453.00,100 גרם,false,1,24.50,5.4084,true,1,1767
7290004225025,false,בסגנון פטה במשקל,מאמן,,בסגנון פטה במשקל,קילוגרמים,1.00,"ק""ג",true,,35.00,35.0000,true,1,8177
7290004225100,false,דג ברמונדי גמבו טרי,,,דג ברמונדי גמבו טרי,קילוגרמים,1.00,"ק""ג",true,,59.90,59.9000,true,1,12717
7290004225285,false,סגנון דנאבלו 100 גרם,מאמן,,סגנון דנאבלו 100 גרם,גרמים,100.00,100 גרם,false,1,10.00,10.0000,true,1,8483
7290004225858,false,סרדין ים טרי,,,סרדין ים טרי,קילוגרמים,1.00,"ק""ג",true,,65.00,65.0000,true,1,9364
7290004225872,false,קרם קוקוס 21% ויליגר,קונקוט,,קרם קוקוס 21% ויליגר 400 מל,מיליליטרים,400.00,"100 מ""ל",false,1,7.50,1.8750,true,1,9119
7290004225940,false,פילה סלמון וי קפוא,דלידג,,פילה סלמון וי קפוא,קילוגרמים,1.00,"ק""ג",true,,77.00,77.0000,true,1,23315
7290004228415,false,פיצה סיציליאנית עבה,סואליה,IT,פיצה סיציליאנית עבה 425גר שף שגב,גרמים,425.00,100 גרם,false,13,18.90,4.4471,true,1,21011
7290004228767,false,נתחי פילה אמנון בציפ,,,נתחי פילה אמנון בציפוי ציפס 350גר שף שגב,גרמים,350.00,100 גרם,false,10,24.90,7.1143,true,1,25277
7290004228804,false,עלי בצק למילוי סיגרי,אופרה,,עלי בצק למילוי סיגרים 450 גרם,גרמים,450.00,100 גרם,false,1,12.90,2.8667,true,1,23465
7290004229528,false,פילה דג לשנון הליבוט,דלידג,,פילה דג לשנון הליבוט במשקל,קילוגרמים,1.00,"ק""ג",true,,59.00,59.0000,true,1,26792
7290004229931,false,אורז בסמטי מובחר הימ,ניו בהארט רייס,,אורז בסמטי מובחר הימליאה 1 קג,קילוגרמים,1.00,"ק""ג",false,1,10.90,10.9000,true,1,19709
7290004230081,false,קציצות עוף ברוטב עגב,טיבון ויל,,קציצות עוף ברוטב עגבניות שגב 800 גר,גרמים,800.00,100 גרם,false,1,24.90,3.1125,true,1,8597
7290004230104,false,קציצות בקר שגב ברוטב,טיבון ויל,,קציצות בקר שגב ברוטב עגבניות 800 גרם,גרמים,800.00,100 גרם,false,1,24.90,3.1125,true,1,11090
7290004230166,false,אקלר במילוי קרם פטיס,ריץ',,אקלר במילוי קרם פטיסייר שגב 400 גר,גרמים,400.00,100 גרם,false,1,29.90,7.4750,true,1,8599
7290004230326,false,בורקס מקלות פילו תפו,שלושת האופים שגמור,,בורקס מקלות פילו תפוח עץ וקינמ 600גר שגב,גרמים,600.00,100 גרם,false,1,16.90,2.8167,true,1,10428
7290004230333,false,בורקס מקלות פילו תפו,שלושת האופים שגמור,,בורקס מקלות פילו תפוא 600גר שגב,גרמים,600.00,100 גרם,false,1,16.90,2.8167,true,1,8824
7290004230340,false,בורקס מקלות פילו תרד,שלושת האופים שגמור,,בורקס מקלות פילו תרד ובצל 600גר שגב,גרמים,600.00,100 גרם,false,1,16.90,2.8167,true,1,8825
7290004230357,false,בורקס מקלות פילו גבי,שלושת האופים שגמור,,בורקס מקלות פילו גבינה ובטטה 600גר שגב,גרמים,600.00,100 גרם,false,1,16.90,2.8167,true,1,8823
7290004230364,false,בורקס מקלות פילו גבי,שלושת האופים שגמור,,בורקס מקלות פילו גבינה צרפתי 600גר שגב,גרמים,600.00,100 גרם,false,1,16.90,2.8167,true,1,8826
7290004230371,false,מקלות בורקס פילו פיצ,שלושת האופים שגמור,,מקלות בורקס פילו פיצה 600 גר,גרמים,600.00,100 גרם,false,1,16.90,2.8167,true,1,9120
7290004230388,false,גבינת קפלוטרי במשקל,,,גבינת קפלוטרי במשקל,קילוגרמים,1.00,"ק""ג",true,,159.00,159.0000,true,1,10520
7290004230944,false,מקלות בורקס פילו גבי,שלושת האופים שגמור,,מקלות בורקס פילו גבינה 600 גר,גרמים,600.00,100 גרם,false,1,19.90,3.3167,true,1,9036
7290004256357,false,עצמות מח פרוס קפוא ב,טיבון ויל,IL,עצמות מח פרוס קפוא במשקל,קילוגרמים,1.00,"ק""ג",true,,35.00,35.0000,true,1,19316
7290004256364,false,עצמות בקר פרוס קפוא,טיבון ויל,IL,עצמות בקר פרוס קפוא במשקל,קילוגרמים,1.00,"ק""ג",true,,22.00,22.0000,true,1,19317
7290004256371,false,צהובה פרוסה ריץ 400ג,,,צהובה פרוסה ריץ 400גר על בסיס חלב,גרמים,400.00,100 גרם,false,1,17.90,4.4750,true,1,21702
7290004256579,false,דג אנטיאס אמאצי טרי,,,דג אנטיאס נקי טרי,קילוגרמים,1.00,"ק""ג",true,,125.00,125.0000,true,1,31571
7290004256753,false,עלי סיגר מרוקאי 450ג,,IL,עלי סיגר מרוקאי 450גר לפסטיליה,גרמים,450.00,100 גרם,false,20,13.90,3.0889,true,1,20723
7290004256920,false,טחון מן הצומח 400גרם,טיבון ויל,IL,טחון מן הצומח 400גרם שף שגב,גרמים,400.00,100 גרם,false,6,29.90,7.4750,true,1,21184
7290004256944,false,בורגר מן הצומח 400גר,טיבון ויל,IL,בורגר מן הצומח 400גרם שף שגב,גרמים,400.00,100 גרם,false,6,29.90,7.4750,true,1,21185
7290004323882,false,בשר הודו אדום טחון 5,טיבון ויל,,בשר הודו אדום טחון 500 גר טיוונויל,גרמים,500.00,100 גרם,false,1,12.90,2.5800,true,1,5391
7290004323967,false,שניצל אמריקאי 700 ג,טיבון ויל,,שניצל אמריקאי 700 ג,גרמים,700.00,100 גרם,false,1,14.90,2.1286,true,1,45
7290004323974,false,טבעות עוף 700 גרם,טיבון ויל,,טבעות עוף 700 גרם,גרמים,700.00,100 גרם,false,1,17.90,2.5571,true,1,1029
7290004323998,false,שניצלוני עוף 800 גרם,טיבון ויל,,שניצלוני עוף 800 גרם,גרמים,800.00,100 גרם,false,1,17.90,2.2375,true,1,55
7290004324605,false,גבינה מון בלאן רוקפו,שלושת האופים,,גבינה מון בלאן רוקפור 120 גרם,גרמים,120.00,100 גרם,false,1,10.00,8.3333,true,1,4210
7290004324858,false,קבב כבש 500 גרם,טיבון ויל,,קבב כבש 500 גרם,גרמים,500.00,100 גרם,false,1,15.90,3.1800,true,1,307
7290004339173,false,המבורגר קינואה 400 ג,,,המבורגר קינואה 400 גר טבע דלי,גרמים,400.00,100 גרם,false,6,25.90,6.4750,true,1,5402
7290004339401,false,המבורגר אורז עדשים 4,,,המבורגר אורז עדשים 400 גר טבע דלי,גרמים,400.00,100 גרם,false,6,25.90,6.4750,true,1,5401
7290004339425,false,סייטן שוארמה 350 גר,,,סייטן שוארמה 350 גר  טבע דלי,גרמים,350.00,100 גרם,false,1,25.90,7.4000,true,1,5404
7290004339432,false,סייטן קפוא טבעי  500,,,סייטן קפוא טבעי  500 גר טבע דלי,גרמים,500.00,100 גרם,false,1,17.90,3.5800,true,1,7927
7290004339630,false,נקניק טבעי סייטן 350,,,נקניק טבעי סייטן 350 גר טבע דלי ליב,גרמים,350.00,100 גרם,false,1,19.90,5.6857,true,1,7931
7290004339692,false,סייטן קפוא ביתי 500,,,סייטן קפוא ביתי 500 גר טבע דלי,גרמים,500.00,100 גרם,false,1,17.90,3.5800,true,1,9749
7290004339777,false,סייטן טחון בולונז 35,,,סייטן טחון בולונז 350 גר טבע דלי,גרמים,350.00,100 גרם,false,1,25.90,7.4000,true,1,9751
7290004339784,false,המבורגר מיני על הגרי,,,המבורגר מיני על הגריל 400 גרם ליב,גרמים,400.00,100 גרם,false,6,25.90,6.4750,true,1,11635
7290004339807,false,המבורגר כוסמת מש אור,,,המבורגר כוסמת מש אורז מלא 400 גר,גרמים,400.00,100 גרם,false,1,25.90,6.4750,true,1,9750
7290004339838,false,קבב מהצומח 350 גר טב,,,קבב מהצומח 350 גר טבע דלי,גרמים,350.00,100 גרם,false,1,25.90,7.4000,true,1,9752
7290004339937,false,סייטן טבע דלי אמרנט,,,סייטן טבע דלי אמרנט רצועות ברוטב סויה350,גרמים,350.00,100 גרם,false,1,19.90,5.6857,true,1,11332
7290004339944,false,סיגרים במילוי סייטן,,,סיגרים במילוי סייטן אמרנט 400גר טבע דלי,גרמים,400.00,100 גרם,false,1,28.90,7.2250,true,1,18330
7290004352349,false,שקיות כותנה לבישול 6,,,שקיות כותנה לבישול 6יח,יחידה,6.00,יחידה,false,20,26.90,4.4833,true,1,39648
7290004353346,false,ג.ס. כפפה מוסקו,,,ג.ס. כפפה מוסקו,יחידה,1.00,יחידה,false,1,15.00,15.0000,true,1,1179
7290004390396,false,שיכר דובדבנים שרי וו,,,שיכר דובדבנים שרי ווין 750 מל פקדון,מיליליטרים,750.00,"100 מ""ל",false,1,30.00,4.0000,true,1,4501
7290004480301,false,גבינת שמנת כמהין במש,,,גבינת שמנת כמהין במשקל 30% שומן,קילוגרמים,1.00,"ק""ג",true,,65.00,65.0000,true,1,41776
7290004480349,false,גבינת גאודה עיזים במ,מחלבות גד,,גבינת גאודה עיזים במשקל משולשים,קילוגרמים,1.00,"ק""ג",true,,129.00,129.0000,true,1,42017
7290004480363,false,גבינת קשקבל קשה במשק,מחלבות גד,IL,גבינת קשקבל קשה במשקל גלגל,קילוגרמים,1.00,"ק""ג",true,,145.00,145.0000,true,1,40912
7290004480394,false,גבינת שמנת עם עירית,,,גבינת שמנת עם עירית במשקל 30% שומן,קילוגרמים,1.00,"ק""ג",true,,40.00,40.0000,true,1,41777
7290004485344,false,זוג עופיונים במגש,,,זוג פרגיות עוף טרי,קילוגרמים,1.00,"ק""ג",true,,52.90,52.9000,true,1,19315
7290004492274,false,בייגל גלגל 400 גרם,יוניליוור,,בייגל גלגל 400 גרם,גרמים,400.00,100 גרם,false,1,9.90,2.4750,true,1,1323
7290004492762,false,נשנושים תירס 325 גרם,יוניליוור,,נשנושים תירס 325 גרם,גרמים,325.00,100 גרם,false,1,10.90,3.3538,true,1,535
7290004494001,false,יין דלתון סוב.בלאן ר,"יקב דלתון בע""מ",,יין דלתון סוב.בלאן רזרב 750 מל פקדון,מיליליטרים,750.00,"100 מ""ל",false,1,60.00,8.0000,true,1,2927
7290004494049,false,יין דלתון ס.בלאן פומ,"יקב דלתון בע""מ",,יין דלתון ס.בלאן פומה 750 מל פקדון,מיליליטרים,750.00,"100 מ""ל",false,1,60.00,8.0000,true,1,2444
7290004494063,false,יין דלתון פטיט סירה,"יקב דלתון בע""מ",,יין דלתון פטיט סירה 750 מל פקדון,מיליליטרים,750.00,"100 מ""ל",false,1,60.00,8.0000,true,1,7450
7290004494131,false,יין דלתון גליל קברנה,"יקב דלתון בע""מ",,יין דלתון קברנה סוביניון 750 מל פקדון,מיליליטרים,750.00,"100 מ""ל",false,1,60.00,8.0000,true,1,2475
7290004494148,false,יין דלתון מרלו 750 מ,"יקב דלתון בע""מ",,יין דלתון מרלו 750 מל פקדון,מיליליטרים,750.00,"100 מ""ל",false,1,60.00,8.0000,true,1,1832
7290004494179,false,יין דלתון שרדונה 750,"יקב דלתון בע""מ",,יין דלתון שרדונה 750 מל פקדון,מיליליטרים,750.00,"100 מ""ל",false,1,60.00,8.0000,true,1,29846
7290004494315,false,יין כנען  מוסקטו דלת,"יקב דלתון בע""מ",,יין כנען  מוסקטו דלתון 2015 750 מל פקדון,מיליליטרים,750.00,"100 מ""ל",false,1,35.00,4.6667,true,1,4066
7290004494353,false,יין עלמה אייבורי דלת,"יקב דלתון בע""מ",,יין עלמה אייבורי דלתון 750מל פקדון,מיליליטרים,750.00,"100 מ""ל",false,1,80.00,10.6667,true,1,7451
7290004494377,false,יין דלתון גליל שיראז,"יקב דלתון בע""מ",,יין דלתון שיראז 750 מל פקדון,מיליליטרים,750.00,"100 מ""ל",false,1,60.00,8.0000,true,1,3735
7290004494599,false,יין דלתון עלמה אדום,"יקב דלתון בע""מ",,יין דלתון עלמה קרימזון 750מל פקדון,מיליליטרים,750.00,"100 מ""ל",false,1,80.00,10.6667,true,1,5036
7290004494681,false,יין אנה מוסקט קינוח,"יקב דלתון בע""מ",,יין אנה מוסקט קינוח דלתון 750מל פקדון,מיליליטרים,750.00,"100 מ""ל",false,1,125.00,16.6667,true,1,9466
7290004494919,false,יין כנען ק. שיראז דל,"יקב דלתון בע""מ",,יין כנען ק. שיראז דלתון 2015 750 מל,מיליליטרים,750.00,"100 מ""ל",false,1,45.00,6.0000,true,1,9118
7290004502508,false,יין שבלי לבן בואיה 7,,,יין לבן שבלי בואיה 750 מל פקדון,מיליליטרים,750.00,"100 מ""ל",false,1,100.00,13.3333,true,1,2599
7290004502690,false,וודקה פינלנדיה 1 ליט,,,וודקה פינלנדיה 1 ליטר פקדון,ליטרים,1.00,ליטר,false,1,99.00,99.0000,true,1,2652
7290004528690,false,יין אדיר כרם בן זמרה,,,יין אדיר כרם בן זמרה שיראז,מיליליטרים,750.00,"100 מ""ל",false,1,85.00,11.3333,true,1,12549
7290004528782,false,יין פורט אדיר  סמוק,,IL,יין פורט אדיר  סמוק פלוט 750 מל,מיליליטרים,750.00,"100 מ""ל",false,1,100.00,13.3333,true,1,18122
7290004528805,false,יין אדיר ווין מייקר,,,יין אדיר קברנה סוביניון 2011 750מל פקדון,מיליליטרים,750.00,"100 מ""ל",false,1,109.00,14.5333,true,1,42417
7290004528997,false,יין אדיר אי לבן 750,יקב אדיר,IL,יין אדיר אי לבן 750 מל,מיליליטרים,750.00,"100 מ""ל",false,6,100.00,13.3333,true,1,25392
7290004536039,false,כפפות ספונטקס רוזה ז,,,כפפות ספונטקס רוזה זוג מס 8,Unknown,0.00,Unknown,false,1,7.90,0.0000,true,1,2813
7290004536046,false,כפפות ספונטקס רוזה ז,,,כפפות ספונטקס רוזה זוג מס 9,Unknown,0.00,Unknown,false,1,7.90,0.0000,true,1,1085
7290004536053,false,דלפין 2 צבעים מס 7,,,כפפות דלפין 2 צבעים מס 7,Unknown,0.00,Unknown,false,1,11.90,0.0000,true,1,3216
7290004536060,false,כפפות דלפין 2 צבעים,,,כפפות דלפין 2 צבעים מס 8,Unknown,0.00,Unknown,false,1,11.90,0.0000,true,1,3217
7290004536077,false,דלפין 2 צבעים  מס 9,,,כפפות דלפין 2 צבעים  מס 9,Unknown,0.00,Unknown,false,1,11.90,0.0000,true,1,1086
7290004536336,false,ספירה רפיל 45 לילות,,,ספירה רפיל 45 לילות,יחידה,45.00,יחידה,false,1,12.90,0.2867,true,1,2258
7290004549350,false,גרעין שחור ענק 400 ג,"דין שיווק וקלייה בע""",,גרעין שחור 400 ג,גרמים,400.00,100 גרם,false,1,8.90,2.2250,true,1,3121
7290004554354,false,גלידה פנטסיה שוקו ונ,"גלידת שטראוס בע""מ",,גלידה פנטסיה שוקו וניל 900 מל,גרמים,900.00,100 גרם,false,1,19.90,2.2111,true,1,416
7290004554903,false,גלידה פנטסיה שוקו ונ,"גלידת שטראוס בע""מ",,גלידה פנטסיה שוקו וניל 900 מל,גרמים,900.00,100 גרם,false,1,19.90,2.2111,true,1,415
7290004584306,false,מארז 4 יח סופר גמדים,,,מארז 4 יח סופר גמדים תות בננה 400 גרם,גרמים,400.00,100 גרם,false,1,11.90,2.9750,true,1,564
7290004584351,false,גב.סימפוניה 5% טבעית,,,גב.סימפוניה 5% טבעית 200 ג,גרמים,200.00,100 גרם,false,1,10.90,5.4500,true,1,578
7290004584528,false,יוגורט דנונה ביו 1.5,,,יוגורט דנונה ביו 1.5% 200 גרם,גרמים,200.00,100 גרם,false,1,3.80,1.9000,true,1,888
7290004585907,false,מעדן דני וניל 125 גר,,,מעדן דני וניל 125 גר,גרמים,125.00,100 גרם,false,1,2.70,2.1600,true,1,1087
7290004603175,false,מלח הים האדום גס 500,"מלח הארץ אילת בע""מ",,מלח הים האדום גס 500 גר במיכל,גרמים,500.00,100 גרם,false,1,7.90,1.5800,true,1,9892
7290004652043,false,גבינת גאודה עלמה 400,עלמה,,גבינת גאודה עלמה 400 גרם,גרמים,400.00,100 גרם,false,,13.20,3.3000,true,1,29982
7290004652166,false,גבינת גאודה עלמה במש,עלמה,,גבינת גאודה עלמה במשקל***,קילוגרמים,1.00,"ק""ג",true,,28.00,28.0000,true,1,32675
7290004652173,false,חמאה 200 גרם עלמה,מלקפול,,חמאה 200 גרם עלמה,גרמים,200.00,100 גרם,false,1,10.90,5.4500,true,1,32138
7290004652395,false,גבינת גורמעז  זיתים,,,גבינת גורמעז  זיתים 180גר עלמה,גרמים,180.00,100 גרם,false,14,17.90,9.9444,true,1,32484
7290004652401,false,גחנון ללא מרגרינה 65,,IL,גחנון ללא מרגרינה 650גר שגב,גרמים,650.00,100 גרם,false,12,19.90,3.0615,true,1,33226
7290004652418,false,מיני גחנון ללא מרגרי,,IL,מיני גחנון ללא מרגרינה 650גר שגב,גרמים,650.00,100 גרם,false,12,19.90,3.0615,true,1,33227
7290004658847,false,מיץ ענבים תירוש אדום,,,יין תירוש אדום 187 מל,מיליליטרים,187.00,"100 מ""ל",false,1,6.90,3.6898,true,1,1389
7290004658946,false,יין שרדונה פי.סי 750,כרמל מזרחי,,""" יין שרדונה פי.סי 750 מל פקדון",מיליליטרים,750.00,"100 מ""ל",false,1,45.00,6.0000,true,1,86
7290004658953,false,יין סובניון בלאן פי.,כרמל מזרחי,,""" יין סובניון בלאן פי.סי 750 מל",מיליליטרים,750.00,"100 מ""ל",false,1,45.00,6.0000,true,1,544
7290004658960,false,יין אמרלד ריזלינג פי,כרמל מזרחי,,""" יין אמרלד ריזלינג פי סי 750 מל",מיליליטרים,750.00,"100 מ""ל",false,1,45.00,6.0000,true,1,1258
7290004685010,false,לחם הארץ שיפון פלוס,מאפית י.את א. ברמן ב,,לחם הארץ שיפון פלוס 100% 750 גרם,גרמים,750.00,100 גרם,false,1,15.90,2.1200,true,1,8209
7290004685027,false,לחם הארץ חיטה מלאה פ,מאפית י.את א. ברמן ב,,לחם הארץ חיטה מלאה פלוס 750 גרם,גרמים,750.00,100 גרם,false,1,15.90,2.1200,true,1,8208
7290004685041,false,לחם הארץ חיטה מלאה 7,מאפית י.את א. ברמן ב,,לחם הארץ חיטה מלאה 750 גרם,גרמים,750.00,100 גרם,false,1,15.90,2.1200,true,1,967
7290004685089,false,לחם הארץ חמניות 750,מאפית י.את א. ברמן ב,,לחם הארץ חמניות 750 גרם,גרמים,750.00,100 גרם,false,1,15.90,2.1200,true,1,8207
7290004685126,false,לחם הארץ 5 דגנים 750,מאפית י.את א. ברמן ב,,לחם הארץ 5 דגנים 750 גרם,גרמים,750.00,100 גרם,false,1,15.90,2.1200,true,1,961
7290004685157,false,לחם הארץ  100% שיפון,מאפית י.את א. ברמן ב,,לחם הארץ  100% שיפון 750 גרם,גרמים,750.00,100 גרם,false,1,15.90,2.1200,true,1,963
7290004685195,false,לחם הארץ 10 דגנים 75,מאפית י.את א. ברמן ב,,לחם הארץ 10 דגנים 750 גרם,גרמים,750.00,100 גרם,false,1,15.90,2.1200,true,1,2856
7290004685201,false,לחם הארץ שיפון אגוזי,מאפית י.את א. ברמן ב,,לחם הארץ שיפון אגוזים 500 גרם,גרמים,500.00,100 גרם,false,1,15.90,3.1800,true,1,962
7290004685225,false,לחם הארץ פומפרניקל 7,מאפית י.את א. ברמן ב,,לחם הארץ פומפרניקל 750 גרם,גרמים,750.00,100 גרם,false,1,15.90,2.1200,true,1,4143
7290004685430,false,לחם הארץ כוסמין 100%,מאפית י.את א. ברמן ב,,לחם הארץ כוסמין 100% 500 גרם,גרמים,500.00,100 גרם,false,1,15.90,3.1800,true,1,14462
7290004685447,false,מארז לחמניות כוסמין,מאפית י.את א. ברמן ב,IL,מארז לחמניות כוסמין 6יח 450 גר,גרמים,450.00,100 גרם,false,1,14.90,3.3111,true,1,22071
7290004685454,false,לחם שיבולת שועל 500ג,מאפית י.את א. ברמן ב,IL,לחם שיבולת שועל 500גר ברמן,גרמים,500.00,100 גרם,false,1,15.90,3.1800,true,1,24266
7290004685478,false,מארז פיתות כוסמין 10,,IL,מארז פיתות כוסמין 10יחידות ברמן,יחידה,10.00,יחידה,false,1,15.90,1.5900,true,1,41081
7290004725600,false,גבינה סקנדינבית במשק,תנובה חלב,,גבינה סקנדינבית במשקל,קילוגרמים,1.00,"ק""ג",true,,79.00,79.0000,true,1,13759
7290004731076,false,אלסבון כיף אלוורה 1,,,אלסבון כיף אלוורה 1 ליטר,ליטרים,1.00,ליטר,false,1,12.90,12.9000,true,1,3653
7290004731083,false,אלסבון כיף גינסנג 1,,,אלסבון כיף גינסנג 1 ליטר,ליטרים,1.00,ליטר,false,1,12.90,12.9000,true,1,3654
7290004731090,false,אלסבון כיף קמומיל 1,,,אלסבון כיף קמומיל 1 ליטר,ליטרים,1.00,ליטר,false,1,12.90,12.9000,true,1,3655
7290004731410,false,סנו סושי סקוטש ענק י,,,סנו סושי סקוטש ענק ירוק,Unknown,0.00,Unknown,false,1,10.90,0.0000,true,1,3652
7290004731472,false,מארז 3יח אלסבון כיף,,,מארז 3יח אלסבון כיף צבעוני 500מל,ליטרים,1.50,ליטר,false,1,19.90,13.2667,true,1,3656
7290004731519,false,סנו מקסימה למייבש 75,,,סנו מקסימה למייבש 750 מל סנסטיב,מיליליטרים,750.00,"100 מ""ל",false,1,17.90,2.3867,true,1,3647
7290004731557,false,סנו מקסימה למייבש 75,,,סנו מקסימה למייבש 750 מל בלאק,מיליליטרים,750.00,"100 מ""ל",false,1,17.90,2.3867,true,1,3648
7290004731564,false,סנו מקסימה למייבש בל,,,סנו מקסימה למייבש בלו בלוסום 750מל,מיליליטרים,750.00,"100 מ""ל",false,1,17.90,2.3867,true,1,15190
7290004731670,false,מ.אוויר סנו דואופרש,,,מ.אוויר סנו דואופרש  לבנדר ופצולי,מיליליטרים,300.00,"100 מ""ל",false,1,11.90,3.9667,true,1,3645
7290004731687,false,מ.אוויר סנו דואופרש,,,מ.אוויר סנו דואופרש וניל ולמון גראס,מיליליטרים,300.00,"100 מ""ל",false,1,11.90,3.9667,true,1,3646
7290004731984,false,משחת שיניים אורביטול,סנו,IL,משחת שיניים אורביטול גו מלבינה 145גר,גרמים,145.00,100 גרם,false,24,15.90,10.9655,true,1,26204
7290004737719,false,אספרגוס שלם מקולף 33,heze sanqing food,,אספרגוס שלם מקולף 330 גרם צנצנת,גרמים,330.00,100 גרם,false,1,9.90,3.0000,true,1,1268
7290004737900,false,חלב מרוכז ממותק 397,מריג'מפולס,,חלב מרוכז ממותק 397 גרם,גרמים,397.00,100 גרם,false,1,7.90,1.9899,true,1,999
7290004905004,false,משקה קוקה קולה בטעם,,US,משקה קוקה קולה בטעם דובדבן שרי 355מל,מיליליטרים,355.00,"100 מ""ל",false,24,6.50,1.8310,true,1,17823
7290004943301,false,ברוקולי קפוא 800 גרם,מילוטל,IL,ברוקולי קפוא 800 גרם קפוא זן,גרמים,800.00,100 גרם,false,1,12.90,1.6125,true,1,44316
7290004943684,false,ציפס סטייק 1.5 קג,,,ציפס סטייק 1.5 קג,גרמים,1500.00,100 גרם,false,10,17.90,1.1933,true,1,39512
7290004943806,false,כרובית קפואה 800 גרם,מילוטל,IL,כרובית קפואה 800 גרם קפוא זן,גרמים,800.00,100 גרם,false,1,12.90,1.6125,true,1,44326
7290004944032,false,חומוס אסלי 400 גרם,סלטי שמיר,,חומוס אסלי 400 גרם,גרמים,400.00,100 גרם,false,1,9.90,2.4750,true,1,13112
7290004944049,false,טחינה אסלי 400 גרם,סלטי שמיר,,טחינה אסלי 400 גרם,גרמים,400.00,100 גרם,false,1,9.90,2.4750,true,1,13199
7290004944056,false,חציל במיונז אסלי 400,סלטי שמיר,,חציל במיונז אסלי 400 גרם,גרמים,400.00,100 גרם,false,1,9.90,2.4750,true,1,13113
7290004944063,false,סלט תורכי אסלי 400 ג,סלטי שמיר,,סלט תורכי אסלי 400 גרם,גרמים,400.00,100 גרם,false,1,10.90,2.7250,true,1,13115
7290004944070,false,כרוב אדום במיונז אסל,סלטי שמיר,,כרוב אדום במיונז אסלי 400 גרם,גרמים,400.00,100 גרם,false,1,9.90,2.4750,true,1,13114
7290004952075,false,חלבה משומשום מלא אור,,,חלבה משומשום מלא אורגני 300 גר הרדוף,גרמים,300.00,100 גרם,false,1,19.90,6.6333,true,1,4980
7290004952112,false,סוכר קנים  אורגני 1,,,סוכר קנים  אורגני 1 קג הרדןף,קילוגרמים,1.00,"ק""ג",false,1,11.50,11.5000,true,1,4001
7290004952136,false,קמח כוסמין מלא אורגנ,,,קמח כוסמין מלא אורגני 1 קג הרדוף,קילוגרמים,1.00,"ק""ג",false,12,19.90,19.9000,true,1,170
7290004952778,false,טופו אורגני 300 ג הר,,,טופו אורגני 300 ג הרדוף,גרמים,300.00,100 גרם,false,1,14.90,4.9667,true,1,3419
7290004952785,false,פריכיות אורז כוסמת ד,,,פריכיות אורז כוסמת דקות אורגני 100 גר,גרמים,100.00,100 גרם,false,1,12.90,12.9000,true,1,15799
7290004952792,false,פריכיות אורז מלא דקו,,,פריכיות אורז מלא דקות אורגני 100 גר הרדו,גרמים,100.00,100 גרם,false,1,12.90,12.9000,true,1,15798
7290004982355,false,גבינת צדר טריפל במשק,שבינגטון,,גבינת צדר טריפל במשקל,קילוגרמים,1.00,"ק""ג",true,,135.00,135.0000,true,1,12689
7290004982393,false,גבינת ברס בלו במשקל,בונגראן,,גבינת ברס בלו במשקל,קילוגרמים,1.00,"ק""ג",true,,149.00,149.0000,true,1,1161
7290004982409,false,גבינת סנט אלברה במשק,בונגראן,,גבינת סנט אלברה במשקל,קילוגרמים,1.00,"ק""ג",true,,179.00,179.0000,true,1,453
7290005008184,false,פלמוליב  סבון נוזלי,CP - Turkey+60,,פלמוליב  סבון נוזלי חלב שקדים 500 מל,מיליליטרים,500.00,"100 מ""ל",false,1,14.90,2.9800,true,1,406
7290005008191,false,פלמוליב סבון נוזלי,CP - Turkey+60,,פלמוליב סבון נוזלי  ארומה 500 מל,מיליליטרים,500.00,"100 מ""ל",false,1,14.90,2.9800,true,1,537
7290005008481,false,דאו.ספיד סטיק גל לגב,Colgate - USA,,דאו.ספיד סטיק גל לגבר ספורט 24/7,Unknown,0.00,Unknown,false,1,21.90,0.0000,true,1,458
7290005020162,false,וויסקי בלנטיין 700 מ,,,וויסקי בלנטיין 700 מל פקדון,מיליליטרים,700.00,"100 מ""ל",false,1,89.00,12.7143,true,1,4510
7290005020346,false,משקה בקרדי לבן 750 מ,,,משקה בקרדי לבן 750 מל פקדון,מיליליטרים,700.00,"100 מ""ל",false,1,115.00,16.4286,true,1,3239
7290005020353,false,משקה בקרדי לבן 1 ל פ,,,משקה בקרדי לבן 1 ל פקדון,Unknown,0.00,Unknown,false,1,120.00,0.0000,true,1,4512
7290005020360,false,משקה בקרדי כהה  750,,,משקה בקרדי כהה  750 מל פקדון,מיליליטרים,750.00,"100 מ""ל",false,1,135.00,18.0000,true,1,3240
7290005040993,false,ערמונים קלויים קלופי,,,ערמונים קלויים קלופים 100 גרם,גרמים,100.00,100 גרם,false,1,5.90,5.9000,true,1,12341
7290005041402,false,שיפודי שווארמה פרגיו,מעדני הטלה,IL,שיפודי שווארמה פרגיות 600גרם מעדני הטלה,גרמים,600.00,100 גרם,false,12,54.90,9.1500,true,1,20573
7290005068058,false,תירס גרעינים קל א/2,,,תירס גרעינים קל א/2 פרי גליל,גרמים,550.00,100 גרם,false,1,7.00,1.2727,true,1,1399
7290005068492,false,לקט ירקות מעורבים קפ,פרי גליל,,לקט ירקות מעורבים קפוא 800 גר פרי גליל,גרמים,800.00,100 גרם,false,1,12.90,1.6125,true,1,4779
7290005068553,false,לקט בורגונדי קפוא 80,פרי גליל,,לקט בורגונדי קפוא 800 גר פרי גליל,גרמים,800.00,100 גרם,false,1,12.90,1.6125,true,1,4778
7290005068621,false,ברוקולי קפוא 800 גר,פרי גליל,,ברוקולי קפוא 800 גר פרי גליל,גרמים,800.00,100 גרם,false,1,15.90,1.9875,true,1,4524
7290005079344,false,גבינת מוצרלה נעם במש,מחלבת משק צוריאל,,גבינת מוצרלה נעם במשקל,קילוגרמים,1.00,"ק""ג",true,,79.00,79.0000,true,1,24046
7290005079634,false,גבינת קשקבל נעם במשק,,,גבינת קשקבל נעם במשקל,קילוגרמים,1.00,"ק""ג",true,,99.00,99.0000,true,1,42574
7290005084355,false,מש.שיניים סנסודיין ד,,,מש.שיניים סנסודיין דואל קר 75 ג,גרמים,75.00,100 גרם,false,1,21.90,29.2000,true,1,3732
7290005084737,false,משחה בייבי סקין ללא,,,משחה בייבי סקין ללא בישום 100 מל כצט,מיליליטרים,100.00,"100 מ""ל",false,1,11.90,11.9000,true,1,8416
7290005113222,false,מיקס זיתים א/2 יבנה,,,מיקס זיתים א/2 יבנה,גרמים,540.00,100 גרם,false,1,9.90,1.8333,true,1,5228
7290005113956,false,מלפפון במלח תיבול בי,,IL,מלפפון במלח תיבול ביתי פיקנטי 1.7 קג,גרמים,1700.00,100 גרם,false,6,21.90,1.2882,true,1,41782
7290005139833,false,מכסה למיקרוגל 26סמ ק,,,מכסה למיקרוגל 26סמ קליק,יחידה,1.00,יחידה,false,1,7.90,7.9000,true,1,5355
7290005158407,false,עוגיות טחינה אגוזים,,,עוגיות טחינה אגוזים כוסמין 300גר ל.סוכר,גרמים,300.00,100 גרם,false,1,27.90,9.3000,true,1,32038
7290005174513,false,סלט חציל במיונז 500ג,,,סלט חציל במיונז 500גר,גרמים,500.00,100 גרם,false,6,16.90,3.3800,true,1,30096
7290005174551,false,חומוס יום יום 125 גר,,,חומוס יום יום 125 גרם,גרמים,125.00,100 גרם,false,1,4.50,3.6000,true,1,977
7290005174568,false,חצילים יום יום 125 ג,,,חצילים יום יום 125 גרם,גרמים,125.00,100 גרם,false,1,4.50,3.6000,true,1,1016
7290005174575,false,טחינה יום יום 125 גר,,,טחינה יום יום 125 גרם,גרמים,125.00,100 גרם,false,1,4.50,3.6000,true,1,869
7290005175428,false,קמח תירס אינסטנט 500,ריבארה,,קמח תירס אינסטנט 500 גרם,גרמים,500.00,100 גרם,false,1,6.20,1.2400,true,1,174
7290005197758,false,ביסקויט חיוכים שוקו,,,ביסקויט חיוכים שוקו 150 גר,גרמים,150.00,100 גרם,false,1,5.50,3.6667,true,1,989
7290005199288,false,מסטיק מאסט פטל לימון,,,מסטיק מאסט פטל לימון 28 ג פליפטופ,גרמים,28.00,100 גרם,false,1,5.00,17.8571,true,1,3423
7290005199578,false,קפה נמס פלטינום נטול,,,קפה נמס פלטינום נטול 200 ג,גרמים,200.00,100 גרם,false,1,34.90,17.4500,true,1,402
7290005199738,false,מסטיק מאסט לריח הפה,,,מסטיק מאסט לריח הפה 28 גרם,Unknown,0.00,Unknown,false,1,5.00,0.0000,true,1,834
7290005200786,false,תפוציפס שמנת ובצל 50,STRAUSS-ISRAEL,,תפוציפס שמנת ובצל 50 גר,Unknown,0.00,Unknown,false,1,4.00,0.0000,true,1,38
7290005201455,false,קפה נמס ארומה 200 ג,,,קפה נמס ארומה 200 ג,גרמים,200.00,100 גרם,false,1,24.90,12.4500,true,1,1284
7290005201882,false,קפה טורקי 200 ג עלית,,,קפה טורקי 200 ג עלית,גרמים,200.00,100 גרם,false,1,15.90,7.9500,true,1,503
7290005230035,false,צלחות גדולות חד פעמי,פאלאס,,צלחות גדולות חד פעמי 50 יח,יחידה,50.00,יחידה,false,1,18.90,0.3780,true,1,282
7290005230042,false,צלחות קטנות חד פעמי,פאלאס תעשיות נטו,,צלחות קטנות חד פעמי 50 יח,יחידה,50.00,יחידה,false,1,10.90,0.2180,true,1,283
7290005230059,false,צלחות מרק חד פעמי 25,פאלאס תעשיות נטו,,צלחות מרק חד פעמי 25 יח,יחידה,25.00,יחידה,false,1,9.90,0.3960,true,1,11951
7290005230066,false,צלחות לפתן חד פעמי 2,פאלאס תעשיות נטו,,צלחות לפתן חד פעמי 25 יח,יחידה,25.00,יחידה,false,1,4.90,0.1960,true,1,11949
7290005230752,false,צלחות חד פעמי קטנות,,,צלחות חד פעמי קטנות לבן קלאסיק 125יח,יחידה,125.00,יחידה,false,1,42.90,0.3432,true,1,11176
7290005230769,false,צלחות חד פעמי בינוני,פאלאס,,צלחות חד פעמי בינונית 50 יח,יחידה,50.00,יחידה,false,1,15.90,0.3180,true,1,2881
7290005230806,false,כוס שתיה קרה 100 יח,,,כוס שתיה קרה 100 יח פאלאס,יחידה,100.00,יחידה,false,1,8.90,0.0890,true,1,3370
7290005230813,false,קעריות אובלי חד פעמי,פאלאס תעשיות נטו,,קעריות אובלי חד פעמי 25 יח,יחידה,25.00,יחידה,false,1,8.90,0.3560,true,1,3817
7290005271410,false,ביצה גדול 12יח לארג*,גליקסמן,,ביצה גדול 12יח לארג***,יחידה,12.00,יחידה,false,1,12.05,1.0042,true,1,14175
7290005271427,false,ביצה בינוני 12יח מדי,גליקסמן,,ביצה בינוני 12יח מדיום***,יחידה,12.00,יחידה,false,1,11.15,0.9292,true,1,14176
7290005271458,false,ביצים אורגניות לארג,גליקסמן,,ביצים אורגניות לארג 12יח,יחידה,12.00,יחידה,false,1,22.90,1.9083,true,1,14187
7290005271465,false,ביצים אורגניות מדיום,גליקסמן,,ביצים אורגניות מדיום 12יח,יחידה,12.00,יחידה,false,1,21.90,1.8250,true,1,14188
7290005271618,false,ביצים אומגה 3 מדיום,גליקסמן,,ביצים אומגה 3 מדיום 30יח,יחידה,30.00,יחידה,false,1,41.90,1.3967,true,1,15320
7290005271656,false,ביצים אומגה 3 אקס אל,גליקסמן,,ביצים אומגה 3 אקס אל 20יח,יחידה,20.00,יחידה,false,1,34.90,1.7450,true,1,14182
7290005271687,false,ביצים אומגה 3 לארג 1,גליקסמן,,ביצים אומגה 3 לארג 12יח,יחידה,12.00,יחידה,false,1,20.90,1.7417,true,1,14184
7290005271755,false,ביצי חופש לארג 12 יח,גליקסמן,,ביצי חופש לארג 12 יח,יחידה,12.00,יחידה,false,1,19.90,1.6583,true,1,14189
7290005271762,false,ביצי חופש מדיום 12 י,גליקסמן,,ביצי חופש מדיום 12 יח,יחידה,12.00,יחידה,false,1,18.90,1.5750,true,1,14190
7290005271779,false,ביצה גדול 30 יח לארג,גליקסמן,,ביצה גדול 30 יח לארג***,יחידה,30.00,יחידה,false,1,30.12,1.0040,true,1,14180
7290005271786,false,ביצה בינוני 30 יח מד,גליקסמן,,ביצה בינוני 30 יח מדיום***,יחידה,30.00,יחידה,false,1,27.87,0.9290,true,1,14179
7290005271793,false,ביצה ענק 30 יח אקס א,גליקסמן,,ביצה ענק 30 יח אקס אל***,יחידה,30.00,יחידה,false,1,32.75,1.0917,true,1,14181
7290005271847,false,ביצה ענק 10יח אקס אל,גליקסמן,,ביצה ענק 10יח אקס אל***,יחידה,10.00,יחידה,false,1,10.92,1.0920,true,1,17285
7290005287206,false,מארז4 טונה סטארקיסט,,,רביעיית טונה סטארקיסט שמן160גר,גרמים,640.00,100 גרם,false,1,24.90,3.8906,true,1,1795
7290005287251,false,מארז4 טונה סטארקיסט,,,רבייעת טונה סטארקיסט במים 160 גרם,גרמים,640.00,100 גרם,false,1,24.90,3.8906,true,1,3517
7290005287510,false,טונה סטארקיסט  בשמן,,,טונה סטארקיסט  בשמן עם פלפל חריף 160 גר,גרמים,160.00,100 גרם,false,1,7.90,4.9375,true,1,5125
7290005287527,false,טונה סטארקיסט  בשמן,,,טונה סטארקיסט  בשמן עם לימון 160 גר פ.ק,גרמים,160.00,100 גרם,false,1,7.90,4.9375,true,1,5127
7290005287534,false,טונה סטארקיסט בשמן ע,,,טונה סטארקיסט  בשמן עישון 160 גר פ.ק,גרמים,160.00,100 גרם,false,1,7.90,4.9375,true,1,5126
7290005296246,false,פותח סתימות צנרת יעק,סאמיט,,פותח סתימות צנרת יעקבי,Unknown,0.00,Unknown,false,1,29.90,0.0000,true,1,378
7290005296260,false,אסטוניש רסס נגב 750,אסטוניש,,אסטוניש רסס נגב 750 מל ירוק,מיליליטרים,750.00,"100 מ""ל",false,1,11.90,1.5867,true,1,1266
7290005296857,false,ספריי לרהיטים מבריקי,פוליבוי,,ספריי לרהיטים מבריקים הפי,מיליליטרים,300.00,"100 מ""ל",false,1,14.90,4.9667,true,1,3324
7290005296871,false,נוזל פוליבוי לניקוי,פוליבוי,,נוזל פוליבוי לניקוי רהיטי עץ,Unknown,0.00,Unknown,false,1,15.90,0.0000,true,1,3325
7290005296895,false,נוזל פוליבוי לניקוי,פוליבוי,,נוזל פוליבוי לניקוי כלי כסף,Unknown,0.00,Unknown,false,1,26.50,0.0000,true,1,370
7290005326387,false,עגבניות מיובשות בשמן,,,עגבניות מיובשות בשמן זית 270 ג אוליביה,גרמים,270.00,100 גרם,false,1,17.90,6.6296,true,1,482
7290005326523,false,ממרח פסטו פטרוזיליה,,,ממרח פסטו פטרוזיליה נענע 180 גר,גרמים,180.00,100 גרם,false,1,12.90,7.1667,true,1,11366
7290005326585,false,פסטו בזיליקום 180גרם,תנובה ב.ע.ד,IL,פסטו בזיליקום 180גרם אוליביה,גרמים,180.00,100 גרם,false,6,12.90,7.1667,true,1,17788
7290005358234,false,בשר ראש קפוא מוכשר ב,,,בשר ראש קפוא מוכשר בראזילאי,קילוגרמים,1.00,"ק""ג",true,,75.00,75.0000,true,1,3935
7290005358371,false,בשר בקר מס 8 מוכשר ק,פניסקור,,בשר בקר מס 8 מוכשר קפוא,קילוגרמים,1.00,"ק""ג",true,,32.90,32.9000,true,1,10191
7290005358739,false,בשר ראש קפוא חלק במש,,,בשר ראש קפוא חלק במשקל,קילוגרמים,1.00,"ק""ג",true,,79.90,79.9000,true,1,21858
7290005358753,false,לשון חלק קפוא,,,לשון חלק קפוא,קילוגרמים,1.00,"ק""ג",true,,39.90,39.9000,true,1,23830
7290005358883,false,בשר בקר מס 8 מוכשר ק,פניסקור,,בשר בקר מס 8 מוכשר קפוא במשקל,קילוגרמים,1.00,"ק""ג",true,,32.90,32.9000,true,1,20334
7290005384837,false,מיץ לימון 500 מל,דריבדוס סיטרוס,,מיץ לימון 500 מל ויליפוד,מיליליטרים,500.00,"100 מ""ל",false,1,7.90,1.5800,true,1,729
7290005384851,false,מיץ לימון 200 מל ויל,,,מיץ לימון 200 מל ויליפוד,מיליליטרים,200.00,"100 מ""ל",false,1,3.90,1.9500,true,1,730
7290005400155,false,פתיתים אפויים קמח כו,שיבולים בני דרום,,פתיתים אפויים קמח כוסמין 400 גרם,גרמים,400.00,100 גרם,false,1,13.90,3.4750,true,1,17200
7290005416033,false,יוגורט עיזים טבעי 50,,,יוגורט עיזים טבעי 500 גר,מיליליטרים,500.00,"100 מ""ל",false,1,14.90,2.9800,true,1,6888
7290005416262,false,יוגורט עיזים תות 500,,,יוגורט עיזים תות 500 מל,מיליליטרים,500.00,"100 מ""ל",false,1,14.90,2.9800,true,1,6890
7290005416286,false,יוגורט עיזים אננס 50,,,יוגורט עיזים אננס 500 מל,מיליליטרים,500.00,"100 מ""ל",false,1,14.90,2.9800,true,1,6891
7290005416293,false,יוגורט עיזים משמש 50,,,יוגורט עיזים משמש 500 מל,מיליליטרים,500.00,"100 מ""ל",false,1,14.90,2.9800,true,1,6892
7290005416415,false,יוגורט עיזים טבעי 3%,,,יוגורט עיזים טבעי 3% בגביע 200 גר,גרמים,200.00,100 גרם,false,1,6.90,3.4500,true,1,6893
7290005418709,false,קרם לחות ברגע לעיצוב,,,קרם לחות ברגע לעיצוב תלתלים 400 מל גו,מיליליטרים,400.00,"100 מ""ל",false,1,22.90,5.7250,true,1,960
7290005418891,false,גל אקסטרים לעיצוב רט,,,גל אקסטרים לעיצוב רטוב 500 מל,מיליליטרים,500.00,"100 מ""ל",false,1,19.90,3.9800,true,1,1174
7290005423055,false,סנו פורטה פלוס 1ליטר,סנו,IL,סנו פורטה פלוס 1ליטר בניחוח לימון,ליטרים,1.00,ליטר,false,12,17.90,17.9000,true,1,20061
7290005423086,false,מטהר אוויר סנומוד פר,סנו,,מטהר אוויר סנומוד פרדייז,מיליליטרים,150.00,"100 מ""ל",false,1,11.90,7.9333,true,1,16449
7290005423253,false,סנו מקסימה למייבש 75,,,סנו מקסימה למייבש 750 מל אולטרא פרש,מיליליטרים,750.00,"100 מ""ל",false,1,17.90,2.3867,true,1,608
7290005423383,false,מטהר אוויר סנומוד גל,סנו,,מטהר אוויר סנומוד גלמור,מיליליטרים,150.00,"100 מ""ל",false,1,11.90,7.9333,true,1,16450
7290005423482,false,קרם כירים קרמיים 300,סנו,,קרם לניקוי כיריים 300 מל,מיליליטרים,300.00,"100 מ""ל",false,1,17.90,5.9667,true,1,221
7290005423499,false,סנו נירוסטה  לניקוי,,,סנו נירוסטה  לניקוי והברקה,מיליליטרים,476.00,"100 מ""ל",false,1,19.90,4.1807,true,1,645
7290005423567,false,מטלית סנו סושי גליל,,,מטלית סנו סושי גליל 40 יח צהוב,יחידה,40.00,יחידה,false,1,19.90,0.4975,true,1,1640
7290005423635,false,נוזל ריצפז דוחה חרקי,,,נוזל ריצפז דוחה חרקים 2 ליטר,ליטרים,2.00,ליטר,false,1,19.90,9.9500,true,1,105
7290005423734,false,מרכך כביסה סנומקסימה,,,מרכך כביסה סנומקסימה 4 ליטר א.פרש,ליטרים,4.00,ליטר,false,1,21.90,5.4750,true,1,619
7290005423833,false,נוזל רצפה פוליויקס פ,,,נוזל רצפה פוליויקס פרקט 2 ליטר,ליטרים,2.00,ליטר,false,1,19.90,9.9500,true,1,371
7290005423918,false,מרכך כביסה סנומקסימה,,,מרכך כביסה סנומקסימה 4 ל בייבי,ליטרים,4.00,ליטר,false,1,21.90,5.4750,true,1,620
7290005424113,false,מטלית לרצפה סנו סושי,,,מטלית לרצפה סנו סושי 4 יח,יחידה,4.00,יחידה,false,1,12.90,3.2250,true,1,2347
7290005424311,false,קוטל חרקים/תיקנים רב,,,קוטל חרקים/תיקנים רב קוטל 400 מל,מיליליטרים,400.00,"100 מ""ל",false,1,21.90,5.4750,true,1,1335
7290005424403,false,אלסבון כיף אצות ים 1,,,אלסבון כיף אצות ים 1 ליטר,ליטרים,1.00,ליטר,false,1,12.90,12.9000,true,1,2313
7290005424700,false,סנו פורטה פלוס להסרת,סנו,IL,סנו פורטה פלוס להסרת לכלוך ושומן שרוף 1ל,ליטרים,1.00,ליטר,false,12,17.90,17.9000,true,1,18015
7290005424755,false,מטליות לחות דוחה תיק,,,מטליות לחות דוחה תיקנים ריצפז פלוס 10יח,יחידה,10.00,יחידה,false,12,14.90,1.4900,true,1,17960
7290005424762,false,ריצפז פלוס ווקס דוחה,,,ריצפז פלוס ווקס דוחה חרקים 2 ליטר,ליטרים,2.00,ליטר,false,1,28.90,14.4500,true,1,3353
7290005424809,false,סנו סושי סקוטש ענק א,,,סנו סושי סקוטש ענק אדום,יחידה,1.00,יחידה,false,1,10.90,10.9000,true,1,469
7290005424847,false,מפיות סנו סושי  150,,,מפיות סנו סושי  150 יח לבן,יחידה,150.00,יחידה,false,1,6.90,0.0460,true,1,2342
7290005424915,false,מטהר אוויר סנומוד לב,,,מטהר אוויר סנומוד לבנדר,מיליליטרים,150.00,"100 מ""ל",false,1,11.90,7.9333,true,1,2318
7290005424991,false,מ.אויר סנו פרש אוטומ,,,מ.אויר סנו פרש אוטומאיק בייבי טלק 250מל,מיליליטרים,250.00,"100 מ""ל",false,12,14.90,5.9600,true,1,22935
7290005425073,false,מ.אוויר סנו דואופרש,,,מ.אוויר סנו דואופרש יסמין ועץ סאנדלווד,Unknown,0.00,Unknown,false,1,11.90,0.0000,true,1,2322
7290005425110,false,מרסס לחיטוי משטחים ס,סנו,IL,מרסס לחיטוי  משטחים סדרת 99% 750מל,מיליליטרים,750.00,"100 מ""ל",false,12,11.90,1.5867,true,1,20223
7290005425127,false,מרסס לחיטוי וניקוי י,סנו,IL,מרסס לחיטוי  וניקוי יסודי סדרת 99% 750מל,מיליליטרים,750.00,"100 מ""ל",false,12,11.90,1.5867,true,1,20224
7290005425202,false,אב.כביסה מקסימה ביו,סנו,,אב.כביסה מקסימה ביו 2.5 קג,קילוגרמים,2.50,"ק""ג",false,1,24.90,9.9600,true,1,2339
7290005425585,false,סנו רהיט מטליות,,,סנו רהיט מטליות,יחידה,20.00,יחידה,false,1,14.90,0.7450,true,1,2332
7290005425646,false,סנוקליר אקדח 1 ליטר,,,סנוקליר אקדח 1 ליטר,ליטרים,1.00,ליטר,false,1,11.90,11.9000,true,1,2592
7290005425660,false,סנומט מכשיר 60 לילות,,,סנומט מכשיר 60 לילות,Unknown,0.00,Unknown,false,1,32.90,0.0000,true,1,2315
7290005425714,false,סנו שמפו שטיחים פלוס,,,סנו שמפו שטיחים פלוס,מיליליטרים,600.00,"100 מ""ל",false,1,25.90,4.3167,true,1,2333
7290005426193,false,ספוג הפלא סנו סושי ש,,,ספוג הפלא סנו סושי שישייה,יחידה,6.00,יחידה,false,1,12.90,2.1500,true,1,2786
7290005426230,false,מטלית הפלא לריצפה סנ,,,מטלית הפלא לריצפה סנו סושי,יחידה,1.00,יחידה,false,1,12.90,12.9000,true,1,2346
7290005426384,false,סנומוד סטטוס,,,מטהר אוויר סנומוד סטטוס,מיליליטרים,150.00,"100 מ""ל",false,1,11.90,7.9333,true,1,2321
7290005426391,false,מטהר אוויר סנומוד דו,,,מטהר אוויר סנומוד דולצה,מיליליטרים,150.00,"100 מ""ל",false,1,11.90,7.9333,true,1,2320
7290005426407,false,מטהר אוויר סנומוד טר,,,מטהר אוויר סנומוד טרזור,מיליליטרים,150.00,"100 מ""ל",false,1,11.90,7.9333,true,1,2319
7290005426629,false,מ.אוויר סנו דואופרש,,,מ.אוויר סנו דואופרש  לוטוס ופרחי מים,Unknown,0.00,Unknown,false,1,11.90,0.0000,true,1,2806
7290005426735,false,אב.כביסה מקסימה 1.25,,,אב.כביסה מקסימה 1.25 קג שחור,קילוגרמים,1.25,"ק""ג",false,1,13.90,11.1200,true,1,2929
7290005426803,false,מרכך כביסה סנומקסימה,,,מרכך כביסה סנומקסימה 4 ל בגדים לבנים,ליטרים,4.00,ליטר,false,1,21.90,5.4750,true,1,3399
7290005426865,false,אורביטול ילדים מסטיק,,,אורביטול ילדים מסטיק,גרמים,70.00,100 גרם,false,1,7.90,11.2857,true,1,2510
7290005426940,false,קיי 300 פלוס 8 קוטל,,,קיי 300 פלוס 8 קוטל תקינים 400 מל,מיליליטרים,400.00,"100 מ""ל",false,1,21.90,5.4750,true,1,3600
7290005426964,false,סבון אסלה סנובון כחו,,,סבון אסלה סנובון כחול שלישיה אפרסק,יחידה,3.00,יחידה,false,1,14.90,4.9667,true,1,2784
7290005426971,false,סבון אסלה סנובון כחו,,,סבון אסלה סנובון כחול שלישיה תפוח,יחידה,3.00,יחידה,false,1,14.90,4.9667,true,1,2785
7290005427107,false,מגבות נייר למטבח סנו,,,מגבות נייר למטבח סנו סושי פלא 6 יח,Unknown,0.00,Unknown,false,1,11.90,0.0000,true,1,2958
7290005427619,false,גל אקסטרים כיף לשיער,,,גל אקסטרים כיף לשיער קוצים 1 קג,קילוגרמים,1.00,"ק""ג",false,1,24.90,24.9000,true,1,2890
7290005427626,false,גל אקסטרים כיף למראה,,,גל אקסטרים כיף למראה רטוב 1 קג,קילוגרמים,1.00,"ק""ג",false,1,24.90,24.9000,true,1,2888
7290005427633,false,גל אקסטרים כיף לשיער,,,גל אקסטרים כיף לשיער חזק 1 קג,קילוגרמים,1.00,"ק""ג",false,1,24.90,24.9000,true,1,2889
7290005427848,false,מטלית סנו סושי  ורוד,,,מטלית סנו סושי  ורוד גליל 40 יח,יחידה,30.00,יחידה,false,1,19.90,0.6633,true,1,3651
7290005428845,false,מפיות סנו סופט צבעונ,,,מפיות סנו סופט צבעוני 100 יח,יחידה,100.00,יחידה,false,1,6.90,0.0690,true,1,3119
7290005428852,false,מגבוני אף סנו סופט צ,,,מגבוני אף סנו סופט צבעוני חמישיה,יחידה,5.00,יחידה,false,1,11.90,2.3800,true,1,4208
7290005428951,false,מגבוני אף סנו סופט 1,,,מגבוני אף סנו סופט 150 קופסא,יחידה,150.00,יחידה,false,1,6.90,0.0460,true,1,842
7290005429279,false,אב.כביסה סנו מקסימה,,,אב.כביסה סנו מקסימה זאוול 6 קג,קילוגרמים,6.00,"ק""ג",false,1,46.90,7.8167,true,1,2930
7290005429286,false,אב.כביסה סנו מקסימה,,,אב.כביסה סנו מקסימה ביו 6 קג,קילוגרמים,6.00,"ק""ג",false,1,46.90,7.8167,true,1,2931
7290005430480,false,מטלית הפלא סנו סושי,,,מטלית הפלא סנו סושי מיקרופייבר לשיש,יחידה,1.00,יחידה,false,1,7.90,7.9000,true,1,2345
7290005430510,false,נ.טואלט סופט לבן 40,,,נ.טואלט סופט לבן 40 יח,יחידה,40.00,יחידה,false,1,36.90,0.9225,true,1,562
7290005430602,false,מסיר כתמים סנו אוקסי,,,מסיר כתמים סנו אוקסיגן 750 מל,מיליליטרים,750.00,"100 מ""ל",false,1,17.90,2.3867,true,1,626
7290005430671,false,סנו פוליויקס קרמיקה,,,סנו פוליויקס קרמיקה 2 ליטר,ליטרים,2.00,ליטר,false,1,19.90,9.9500,true,1,372
7290005430961,false,נוזל כביסה מקסימה בד,,,נוזל כביסה מקסימה בד גארד 1 ל,ליטרים,1.00,ליטר,false,1,16.90,16.9000,true,1,2340
7290005431159,false,קינוח תותים בקצפת לי,,,קינוח תותים בקצפת לייט 80גר עדן קינוחים,Unknown,0.00,Unknown,false,12,6.50,0.0000,true,1,38095
7290005431883,false,מלבי עדן קינוחים 165,תנובה חלב,IL,מלבי עדן קינוחים 165גר חלבי,גרמים,165.00,100 גרם,false,12,6.50,3.9394,true,1,23092
7290005431890,false,בוואריה עדן קינוחים,תנובה חלב,IL,בוואריה עדן קינוחים 95גר חלבי,גרמים,95.00,100 גרם,false,12,6.50,6.8421,true,1,23090
7290005431906,false,קדאיף עדן קינוחים 82,תנובה חלב,IL,קדאיף עדן קינוחים 82גר חלבי,גרמים,82.00,100 גרם,false,12,6.50,7.9268,true,1,23095
7290005431913,false,עוגת גבינה  פירורים,תנובה חלב,IL,עוגת גבינה  פירורים 92גרם עדן קינוחי,גרמים,92.00,100 גרם,false,12,6.50,7.0652,true,1,23094
7290005431920,false,עוגת גבינה פירורים ל,תנובה חלב,IL,עוגת גבינה פירורים לייט 78גרם עדן קינוחי,גרמים,78.00,100 גרם,false,12,6.50,8.3333,true,1,23093
7290005431937,false,טירמיסו עדן קינוחים,תנובה חלב,IL,טירמיסו עדן קינוחים 82גר חלבי,גרמים,82.00,100 גרם,false,12,6.50,7.9268,true,1,23091
7290005431951,false,מוס שוקולד עדן קינוח,תנובה חלב,IL,מוס שוקולד עדן קינוחים 75גר,גרמים,75.00,100 גרם,false,12,6.50,8.6667,true,1,23098
7290005431968,false,מלבי שמנת עדן קינוחי,תנובה חלב,IL,מלבי שמנת עדן קינוחים 150גר חלבי,גרמים,150.00,100 גרם,false,12,6.90,4.6000,true,1,25218
7290005431999,false,קינוח מלבי חלבי לייט,,,קינוח מלבי חלבי לייט 150גר עדן קינוחים,גרמים,150.00,100 גרם,false,12,6.50,4.3333,true,1,38103
7290005477669,false,סבון נוזלי דרמפון מו,,,סבון נוזלי דרמפון מועשר בלחות 1 ל,ליטרים,1.00,ליטר,false,1,17.90,17.9000,true,1,1091
7290005491252,false,ריבת תות שרדונה 220,,,ריבת תות שרדונה 220 גר,גרמים,220.00,100 גרם,false,1,19.90,9.0455,true,1,41812
7290005491290,false,ריבת דובדבן שיראז 22,,,ריבת דובדבן שיראז 240 גר,גרמים,220.00,100 גרם,false,1,19.90,9.0455,true,1,41808
7290005491351,false,ריבת בצל קברנה 220 ג,,,קונפיטורה בצל קברנה 220 גר,גרמים,220.00,100 גרם,false,1,19.90,9.0455,true,1,41805
7290005509445,false,עוג.מיני קוקיס בטעם,כרמית,,עוג.מיני קוקיס בטעם חמאה600 גר,גרמים,600.00,100 גרם,false,1,15.90,2.6500,true,1,727
7290005559587,false,מאפה נקניקיות 800 גר,,,מאפה נקניקיות 800 גרם,גרמים,800.00,100 גרם,false,1,28.90,3.6125,true,1,835
7290005559709,false,בורקס פיצה 700 גרם,,,בורקס פיצה 700 גרם,גרמים,700.00,100 גרם,false,1,17.90,2.5571,true,1,1315
7290005559907,false,פיצה משפחתית גבינה 5,,,פיצה משפחתית גבינה 500 גר,גרמים,500.00,100 גרם,false,1,16.90,3.3800,true,1,1694
7290005559914,false,פיצה משפחתית עם זיתי,,,פיצה משפחתית עם זיתים 550 גר,גרמים,550.00,100 גרם,false,1,16.90,3.0727,true,1,1695
7290005559990,false,בצק פילאס  טורקי 600,,,בצק פילאס  טורקי 600 גרם,גרמים,600.00,100 גרם,false,1,18.90,3.1500,true,1,1808
7290005589492,false,חטיף חיטה תפוחה ודבש,מפעלי דגן,,חטיף חיטה תפוחה ודבש 200 ג דגן,גרמים,200.00,100 גרם,false,1,6.50,3.2500,true,1,11728
7290005591761,false,דבש טהור לחיץ 400 גר,,,דבש טהור לחיץ 400 גר יד מרדכי,גרמים,400.00,100 גרם,false,1,19.90,4.9750,true,1,1075
7290005610509,false,צנונית ארוזה,,,צנונית ארוזה,Unknown,0.00,Unknown,false,1,5.00,0.0000,true,1,8391
7290005678387,false,ענבים אוטום רויאל,,,ענבים אוטום רויאל,קילוגרמים,1.00,"ק""ג",true,,22.90,22.9000,true,1,26938
7290005680052,false,טמפון אובה קלאסי סופ,Johnson Toilet-IT,,טמפון אובה קלאסי סופר פלוס 32 יח,יחידה,32.00,יחידה,false,1,24.90,0.7781,true,1,1340
7290005686405,false,בננה ציפס 200 ג,"דין שיווק וקלייה בע""",,בננה ציפס 200 ג,גרמים,200.00,100 גרם,false,1,6.90,3.4500,true,1,3910
7290005686436,false,תפוח עץ 200 גרם בקופ,,,תפוח עץ 200 גרם,גרמים,200.00,100 גרם,false,1,9.90,4.9500,true,1,2060
7290005697128,false,גבינת תום עיזים בורד,,,גבינת תום עיזים בורדו במשקל,קילוגרמים,1.00,"ק""ג",true,,180.00,180.0000,true,1,9448
7290005697166,false,גבינת קממבר עיזים במ,,,גבינת קממבר עיזים במשקל,קילוגרמים,1.00,"ק""ג",true,,150.00,150.0000,true,1,9449
7290005697173,false,גבינת ברי עיזים במשק,,,גבינת ברי עיזים במשקל,קילוגרמים,1.00,"ק""ג",true,,180.00,180.0000,true,1,9450
7290005697197,false,גבינת פרובנס עיזים ב,,,גבינת פרובנס עיזים במשקל,קילוגרמים,1.00,"ק""ג",true,,179.00,179.0000,true,1,9452
7290005697203,false,גבינת קממבר כמהין שק,,,גבינת קממבר כמהין שקיל,קילוגרמים,1.00,"ק""ג",true,,179.00,179.0000,true,1,9453
7290005697227,false,גבינת בושה עיזים במש,,,גבינת בושה עיזים במשקל,קילוגרמים,1.00,"ק""ג",true,,179.00,179.0000,true,1,9454
7290005697272,false,גבינת תום עיזים מונפ,,,גבינת תום עיזים מונפורט שקיל,קילוגרמים,1.00,"ק""ג",true,,199.00,199.0000,true,1,9455
7290005697289,false,גבינת תום עיזים מורב,,,גבינת תום עיזים מורבייה שקיל,קילוגרמים,1.00,"ק""ג",true,,199.00,199.0000,true,1,9456
7290005697296,false,גבינת תום עיזים בורד,,,גבינת תום עיזים בורדו שקיל,קילוגרמים,1.00,"ק""ג",true,,199.00,199.0000,true,1,9457
7290005697326,false,גבינת פקורינו במשקל,,,גבינת פקורינו במשקל,קילוגרמים,1.00,"ק""ג",true,,199.00,199.0000,true,1,9459
7290005697333,false,גבינת קממבר עיזים במ,,,גבינת קממבר עיזים במשקל,קילוגרמים,1.00,"ק""ג",true,,179.90,179.9000,true,1,9460
7290005697340,false,גבינת ברי עיזים טבעי,,,גבינת ברי עיזים טבעי שקיל,קילוגרמים,1.00,"ק""ג",true,,179.90,179.9000,true,1,9461
7290005697357,false,גבינת ולנסי עיזים פי,,,גבינת ולנסי עיזים פירמידה שקיל,קילוגרמים,1.00,"ק""ג",true,,199.90,199.9000,true,1,9462
7290005697364,false,גבינת פרובנס עיזים ע,,,גבינת פרובנס עיזים עשבי תיבול  שקיל,קילוגרמים,1.00,"ק""ג",true,,199.90,199.9000,true,1,9463
7290005697371,false,גבינת קממבר בקר פטרי,,,גבינת קממבר בקר פטריות כמהין שקיל,קילוגרמים,1.00,"ק""ג",true,,199.00,199.0000,true,1,9464
7290005697388,false,גבינת קממבר גלילי במ,,,גבינת קממבר גלילי במשקל מדף,קילוגרמים,1.00,"ק""ג",true,,149.00,149.0000,true,1,11048
7290005697395,false,גבינת ברי גלילי במשק,,,גבינת ברי גלילי במשקל מדף,קילוגרמים,1.00,"ק""ג",true,,149.00,149.0000,true,1,11049
7290005697487,false,גבינת תום מרווה גליל,,,גבינת תום מרווה גלילי במשקל מדף,קילוגרמים,1.00,"ק""ג",true,,199.00,199.0000,true,1,11052
7290005697517,false,יוגורט עיזים טבעי בי,,,יוגורט עיזים טבעי ביו 500 מל,מיליליטרים,500.00,"100 מ""ל",false,1,15.90,3.1800,true,1,11847
7290005697524,false,יוגורט עיזים תמרים ב,,,יוגורט עיזים תמרים ביו 500 מל,מיליליטרים,500.00,"100 מ""ל",false,1,15.90,3.1800,true,1,11848
7290005697531,false,יוגורט עיזים תות ביו,,,יוגורט עיזים תות ביו 500 מל,מיליליטרים,500.00,"100 מ""ל",false,1,15.90,3.1800,true,1,11849
7290005697548,false,יוגורט עיזים פירות י,,,יוגורט עיזים פירות יער ביו 500 מל,מיליליטרים,500.00,"100 מ""ל",false,1,15.90,3.1800,true,1,11850
7290005697562,false,יוגורט עיזים אפרסק ב,,,יוגורט עיזים אפרסק ביו 500 מל,מיליליטרים,500.00,"100 מ""ל",false,1,15.90,3.1800,true,1,11851
7290005697579,false,יוגורט עיזים דובדבני,,,יוגורט עיזים דובדבנים ביו 500 מל,מיליליטרים,500.00,"100 מ""ל",false,1,15.90,3.1800,true,1,33082
7290005697630,false,יוגורט עיזים תאנים ב,בי או די רגבים,,יוגורט עיזים תאנים ביו 500 מל,מיליליטרים,500.00,"100 מ""ל",false,1,15.90,3.1800,true,1,13497
7290005697647,false,יוגורט עיזים 750 מל,,IL,יוגורט עיזים 750 מל בדלי,מיליליטרים,750.00,"100 מ""ל",false,1,19.90,2.6533,true,1,39858
7290005697654,false,יוגורט עיזים אורגני,,IL,יוגורט עיזים אורגני 750 מל בדלי,מיליליטרים,750.00,"100 מ""ל",false,1,22.90,3.0533,true,1,39860
7290005697661,false,יוגורט צאן 750מל בדל,,IL,יוגורט צאן 750מל בדלי,מיליליטרים,750.00,"100 מ""ל",false,1,19.90,2.6533,true,1,39859
7290005697814,false,יוגורט אורגני טבעי 1,חוות רום,,יוגורט אורגני טבעי 1ליטר 3.6% שומן,ליטרים,1.00,ליטר,false,1,24.90,24.9000,true,1,44466
7290005719189,false,לחם מחמצת שיפון אגוז,,,לחם מחמצת שיפון אגוזים,Unknown,0.00,Unknown,false,1,20.20,0.0000,true,1,20801
7290005719318,false,מארז 4 לחמניות המבור,פילסברי,,מארז 4 לחמניות המבורגר פרימיום א.ק,Unknown,0.00,Unknown,false,1,15.90,0.0000,true,1,24118
7290005733109,false,מכונית שלט,,CN,מכונית שלט,יחידה,1.00,יחידה,false,1,69.90,69.9000,true,1,44632
7290005733666,false,מגבעות בד/משקפת/מטרי,,,מגבעות בד/משקפת/מטריה,Unknown,0.00,Unknown,false,1,19.90,0.0000,true,1,3367
7290005733703,false,הרכבה,,,הרכבה,Unknown,0.00,Unknown,false,1,19.90,0.0000,true,1,1101
7290005733994,false,סט כלים,,,סט כלים,Unknown,0.00,Unknown,false,1,29.90,0.0000,true,1,573
7290005734014,false,בובה,,,בובה,Unknown,0.00,Unknown,false,1,29.90,0.0000,true,1,1297
7290005734144,false,רובוט בקופסא קבוצה 4,,,רובוט בקופסא קבוצה 4,Unknown,0.00,Unknown,false,1,29.90,0.0000,true,1,10070
7290005734267,false,כלי רכב גדולים,,,כלי רכב גדולים,Unknown,0.00,Unknown,false,1,39.90,0.0000,true,1,915
7290005734274,false,כלי תחבורה,,,כלי תחבורה,Unknown,0.00,Unknown,false,1,29.90,0.0000,true,1,914
7290005735080,false,סביבון מפתח צבעוני ש,,CN,סביבון מפתח צבעוני שיר חנוכה,יחידה,1.00,יחידה,false,1,12.90,12.9000,true,1,18559
7290005735523,false,כלי רכב י,,,כלי רכב י,Unknown,0.00,Unknown,false,1,19.90,0.0000,true,1,913
7290005735974,false,משחק - הרכבה,,,משחק - הרכבה,Unknown,0.00,Unknown,false,1,29.90,0.0000,true,1,658
7290005736063,false,משחקי יצירה בקופסא,,,משחקי יצירה בקופסא,Unknown,0.00,Unknown,false,1,19.90,0.0000,true,1,661
7290005737800,false,סביבון תות,,CN,סביבון תות,יחידה,1.00,יחידה,false,1,14.90,14.9000,true,1,22252
7290005789380,false,מגבונים להסרת איפור,ווטנאפס,,מגבונים להסרת איפור פרשיס קוסמטיקס54יח,יחידה,54.00,יחידה,false,1,9.90,0.1833,true,1,14873
7290005811111,false,בייגלה קמח כוסמין עם,,,בייגלה קמח כוסמין עם מלח 300גר,גרמים,300.00,100 גרם,false,1,14.90,4.9667,true,1,806
7290005811128,false,בייגלה מקמח כוסמין ע,,,בייגלה מקמח כוסמין עם שומשום 300גר,גרמים,300.00,100 גרם,false,1,14.90,4.9667,true,1,805
7290005826016,false,גבינת גאודה עיזים מי,jacks cheese,NL,גבינת גאודה עיזים מיילד במשקל,קילוגרמים,1.00,"ק""ג",true,,119.00,119.0000,true,1,19530
7290005826030,false,גבינת גאודה עיזים מי,jacks cheese,NL,גבינת גאודה עיזים מיושנת אקס או במשקל,קילוגרמים,1.00,"ק""ג",true,,179.00,179.0000,true,1,19532
7290005826054,false,גבינת גאודה כבשים מו,jacks cheese,NL,גבינת גאודה כבשים מוטון במשקל,קילוגרמים,1.00,"ק""ג",true,,179.00,179.0000,true,1,19534
7290005826061,false,גבינת גואדה בלק לייב,jacks cheese,NL,גבינת גואדה בלק לייבל 24חודש במשקל,קילוגרמים,1.00,"ק""ג",true,,129.00,129.0000,true,1,19535
7290005826078,false,גבינת גואדה בלו לייב,jacks cheese,NL,גבינת גואדה בלו לייבל 12חודש במשקל,קילוגרמים,1.00,"ק""ג",true,,119.00,119.0000,true,1,19536
7290005826092,false,גבינת גאודה כמהין במ,jacks cheese,NL,גבינת גאודה כמהין במשקל,קילוגרמים,1.00,"ק""ג",true,,199.00,199.0000,true,1,19538
7290005826108,false,גבינת פסטו ירוק במשק,jacks cheese,NL,גבינת פסטו ירוק במשקל,קילוגרמים,1.00,"ק""ג",true,,125.00,125.0000,true,1,19539
7290005826115,false,גבינת גאודה כמון במש,jacks cheese,NL,גבינת גאודה כמון במשקל,קילוגרמים,1.00,"ק""ג",true,,99.00,99.0000,true,1,19540
7290005826122,false,גבינת גאודה קימל במש,jacks cheese,NL,גבינת גאודה קימל במשקל,קילוגרמים,1.00,"ק""ג",true,,99.00,99.0000,true,1,19541
7290005826146,false,גבינת אולד אמסטרדם ב,jacks cheese,NL,גבית אולד אמסטרדם במשקל חצי,קילוגרמים,1.00,"ק""ג",true,,119.00,119.0000,true,1,19542
7290005826153,false,גבינת  מסדאם  במשקל,jacks cheese,NL,גבינת  מסדאם  במשקל חצי גלגל,קילוגרמים,1.00,"ק""ג",true,,69.00,69.0000,true,1,19543
7290005826160,false,גבינת גאודה בקר במשק,jacks cheese,NL,גבינת גאודה בקר במשקל,קילוגרמים,1.00,"ק""ג",true,,69.00,69.0000,true,1,19544
7290005826245,false,גבינת גאודה עיזים כמ,jacks cheese,NL,גבינת גאודה עיזים כמהין במשקל,קילוגרמים,1.00,"ק""ג",true,,199.00,199.0000,true,1,21114
7290005826351,false,גבינת טריקולור במשקל,jacks cheese,NL,גבינת טריקולור במשקל,קילוגרמים,1.00,"ק""ג",true,,199.00,199.0000,true,1,22068
7290005826399,false,גבינת גאודה פסטו אדו,jacks cheese,NL,גבינת גאודה פסטו אדום במשקל,קילוגרמים,1.00,"ק""ג",true,,125.00,125.0000,true,1,23709
7290005826429,false,גבינת אולד אמסטרדם ב,,ES,גבינת אולד אמסטרדם במשקל גלגל שלם,קילוגרמים,1.00,"ק""ג",true,,119.00,119.0000,true,1,29517
7290005826450,false,גבינת ברי פריזדנט במ,,FR,גבינת ברי פריזדנט במשקל צרפת,קילוגרמים,1.00,"ק""ג",true,,129.00,129.0000,true,1,26033
7290005826467,false,גבינת אמנטל פריזדנט,,FR,גבינת אמנטל פריזדנט במשקל צרפת,קילוגרמים,1.00,"ק""ג",true,,89.00,89.0000,true,1,26034
7290005826498,false,גבינת גאודה בקר במשק,jacks cheese,NL,גבינת גאודה בקר במשקל,קילוגרמים,1.00,"ק""ג",true,,69.00,69.0000,true,1,27824
7290005826504,false,גבינת בושה עיזים במש,jacks cheese,NL,גבינת בושה עיזים במשקל,קילוגרמים,1.00,"ק""ג",true,,139.00,139.0000,true,1,23736
7290005826528,false,גבינת מנצגו במשקל מי,,ES,גבינת מנצגו במשקל מיושן,קילוגרמים,1.00,"ק""ג",true,,139.00,139.0000,true,1,29515
7290005826542,false,גבינת צדר לבן אנגלי,,GB,גבינת צדר לבן אנגלי במשקל,קילוגרמים,1.00,"ק""ג",true,,89.00,89.0000,true,1,27242
7290005826566,false,גבינת צדר כתום אנגלי,,GB,גבינת צדר כתום אנגלי במשקל,קילוגרמים,1.00,"ק""ג",true,,89.00,89.0000,true,1,27241
7290005826603,false,גבינת מנצגו כמהין במ,,ES,גבינת מנצגו כמהין במשקל,קילוגרמים,1.00,"ק""ג",true,,179.00,179.0000,true,1,29516
7290005826610,false,גבינת מנצגו צעיר במש,,ES,גבינת מנצגו צעיר במשקל,קילוגרמים,1.00,"ק""ג",true,,119.00,119.0000,true,1,29514
7290005826689,false,גבינת גאודה זעתר במש,,NL,גבינת גאודה זעתר במשקל,קילוגרמים,1.00,"ק""ג",true,,99.00,99.0000,true,1,40166
7290005826818,false,גבינת פסטו ירוק במשק,jacks cheese,NL,גבינת פסטו ירוק במשקל,קילוגרמים,1.00,"ק""ג",true,,125.00,125.0000,true,1,39572
7290005826856,false,גבינת בושה טבעי 113ג,,FR,גבינת בושה טבעי 113גר,גרמים,113.00,100 גרם,false,1,15.90,14.0708,true,1,31465
7290005826870,false,גבינת סנט מור 200 גר,,FR,גבינת סנט מור 200 גרם,גרמים,200.00,100 גרם,false,1,22.90,11.4500,true,1,31467
7290005826900,false,גבינת שמנת רונדולה ש,,FR,גבינת שמנת רונדולה שום עשבי תיבול 125גר,גרמים,125.00,100 גרם,false,1,14.90,11.9200,true,1,31913
7290005826917,false,גבינת גאודה עם טבסקו,,,גבינת גאודה עם טבסקו במשקל,קילוגרמים,1.00,"ק""ג",true,,109.00,109.0000,true,1,31541
7290005826924,false,גבינת גאודה שום שחור,,,גבינת גאודה שום שחור במשקל,קילוגרמים,1.00,"ק""ג",true,,129.00,129.0000,true,1,31542
7290005826948,false,גבינת גאודה עיזים עו,jacks cheese,NL,גבינת גאודה עיזים עובש כחול במשקל,קילוגרמים,1.00,"ק""ג",true,,159.00,159.0000,true,1,39573
7290005826955,false,גבינת מונטנה במשקל,jacks cheese,NL,גבינת מונטנה במשקל,קילוגרמים,1.00,"ק""ג",true,,119.00,119.0000,true,1,33072
7290005826962,false,גבינת גאודה כמהין במ,jacks cheese,NL,גבינת גאודה כמהין במשקל,קילוגרמים,1.00,"ק""ג",true,,199.00,199.0000,true,1,39569
7290005826979,false,גבינת גאודה צילי במש,jacks cheese,NL,גבינת גאודה צילי במשקל,קילוגרמים,1.00,"ק""ג",true,,99.00,99.0000,true,1,39570
7290005826986,false,גבית גאודה קימל במשק,jacks cheese,NL,גבית גאודה קימל במשקל,קילוגרמים,1.00,"ק""ג",true,,99.00,99.0000,true,1,39567
7290005838002,false,דניאלה וניל 100 גרם,,,דניאלה וניל 100 גרם,גרמים,100.00,100 גרם,false,1,4.50,4.5000,true,1,1088
7290005838613,false,גבינת סקי וניל 125 ג,שטראוס,,גבינת סקי וניל 125 גרם,גרמים,125.00,100 גרם,false,1,3.90,3.1200,true,1,471
7290005838972,false,גבינת סקי יום יום 5%,שטראוס,,גבינת סקי יום יום 5% 125 גרם,גרמים,125.00,100 גרם,false,1,3.20,2.5600,true,1,470
7290005839078,false,מארז 8 דנונה ביו טבע,,,מארז 8 דנונה ביו טבעי 3%,ליטרים,1.20,ליטר,false,1,16.90,14.0833,true,1,1656
7290005839108,false,גבינת סימפוניה זיתים,שטראוס,,גבינת סימפוניה זיתים 200 גרם 5%,גרמים,200.00,100 גרם,false,1,10.90,5.4500,true,1,577
7290005839313,false,מילקי טופ מגולגל 130,,,מילקי טופ מגולגל 130 גרם,גרמים,130.00,100 גרם,false,1,4.90,3.7692,true,1,719
7290005896620,false,סן בנדטו מוגז 1.5 לי,,,סן בנדטו מוגז 1.5 ליטר,ליטרים,1.50,ליטר,false,1,4.20,2.8000,true,1,723
7290005896637,false,סן בנדטו 1.5 ליטר בק,,,סן בנדטו 1.5 ליטר בק. פקדון,ליטרים,1.50,ליטר,false,1,4.20,2.8000,true,1,721
7290005938238,false,ממרח צימיצורי 220 ג,פרסקו חצבה,,ממרח צימיצורי 220 ג פרסקו,גרמים,220.00,100 גרם,false,1,15.90,7.2273,true,1,3524
7290005938245,false,ממרח פסטו קלאסי 220,פרסקו חצבה,,ממרח פסטו קלאסי 220 ג פרסקו,גרמים,220.00,100 גרם,false,1,15.90,7.2273,true,1,3523
7290005938603,false,טפנד זיתים שחורים 22,פרסקו חצבה,,טפנד זיתים שחורים 220 גר פרסקו,גרמים,220.00,100 גרם,false,1,15.90,7.2273,true,1,6327
7290005938610,false,טפנד זיתים ירוקים 22,פרסקו חצבה,,טפנד זיתים ירוקים 220 גר פרסקו,גרמים,220.00,100 גרם,false,1,15.90,7.2273,true,1,6328
7290005938627,false,ממרח עגבניות שרי מיו,פרסקו חצבה,,ממרח עגבניות שרי מיובשות 220 ג פרסקו,גרמים,220.00,100 גרם,false,1,15.90,7.2273,true,1,6125
7290005966033,false,יין ירדן הר חרמון לב,יקבי רמת הגולן,,יין ירדן הר חרמון לבן 750 מל פקדון,מיליליטרים,750.00,"100 מ""ל",false,1,40.00,5.3333,true,1,1655
7290005966088,false,יין ירדן הר חרמון אד,יקבי רמת הגולן,,יין ירדן הר חרמון אדום 750 מל פקדון,מיליליטרים,750.00,"100 מ""ל",false,1,40.00,5.3333,true,1,904
7290005966347,false,יין גמלא סובניון בלא,יקבי רמת הגולן,IL,יין גמלא סובניון בלאן 750 מל פקדון,מיליליטרים,750.00,"100 מ""ל",false,6,60.00,8.0000,true,1,2166
7290005966354,false,יין ירדן סוביניון בל,יקבי רמת הגולן,,יין ירדן סוביניון בלנק 750 מל פקדון,מיליליטרים,750.00,"100 מ""ל",false,1,65.00,8.6667,true,1,2549
7290005966422,false,יין ירדן שרדונה 750,יקבי רמת הגולן,,יין ירדן שרדונה 2002 750 מל פקדון,מיליליטרים,750.00,"100 מ""ל",false,1,65.00,8.6667,true,1,2140
7290005966521,false,יין ירדן הייטס ויין,יקבי רמת הגולן,,יין ירדן הייטס ויין 2015 375 מל,מיליליטרים,375.00,"100 מ""ל",false,1,120.00,32.0000,true,1,3241
7290005981609,false,קערת פלסטיק 26,,,קערת פלסטיק 26,Unknown,0.00,Unknown,false,1,11.90,0.0000,true,1,14131
7290005981821,false,זוג גלילי קרח לבקבוק,,,זוג גלילי קרח לבקבוק,Unknown,0.00,Unknown,false,1,22.90,0.0000,true,1,5356
7290005981845,false,חמוצון,,,חמוצון,Unknown,0.00,Unknown,false,1,24.90,0.0000,true,1,5353
7290005992018,false,יוגורט עיזים 3% בק.,מחלבות גד,,יוגורט עיזים 3% בק. 500 מל,מיליליטרים,500.00,"100 מ""ל",false,1,10.90,2.1800,true,1,891
7290005992117,false,גבינת פיקורינו במשקל,מחלבות גד,IL,גבינת פיקורינו במשקל גלגל,קילוגרמים,1.00,"ק""ג",true,,145.00,145.0000,true,1,42016
7290005992247,false,גבינת חלומי במשקל,,,גבינת חלומי במשקל,קילוגרמים,1.00,"ק""ג",true,,99.00,99.0000,true,1,8378
7290005992575,false,בולגרית למריחה 250 ג,מחלבות גד,,בולגרית למריחה 250 גרם,גרמים,250.00,100 גרם,false,1,14.90,5.9600,true,1,1302
7290005992667,false,גבינה בולגרית 5% במש,,,גבינה בולגרית 5% במשקל,קילוגרמים,1.00,"ק""ג",true,,49.00,49.0000,true,1,1638
7290005992735,false,לבנה טבעית גד 5%  25,מחלבות גד,,לבנה טבעית גד 5%  250 גרם,גרמים,250.00,100 גרם,false,1,10.00,4.0000,true,1,1877
7290005992858,false,גבינת פטה עיזים במשק,,,גבינת פטה עיזים במשקל,קילוגרמים,1.00,"ק""ג",true,,110.00,110.0000,true,1,2218
7290005992872,false,גבינה צפתית 5% במים,,,גבינה צפתית 5% במים במשקל,קילוגרמים,1.00,"ק""ג",true,,55.00,55.0000,true,1,2264
7290005992889,false,גבינת שמנת 30% שום ש,,,גבינת שמנת 30% שום שמיר במשקל,קילוגרמים,1.00,"ק""ג",true,,40.00,40.0000,true,1,2850
7290005992902,false,גבינת שמנת 30% ירקות,,,גבינת שמנת 30% ירקות במשקל,קילוגרמים,1.00,"ק""ג",true,,40.00,40.0000,true,1,2265
7290005992926,false,גב.לבנה 5% שום שמיר,,,גב.לבנה 5% שום שמיר במשקל,קילוגרמים,1.00,"ק""ג",true,,25.00,25.0000,true,1,2266
7290005996009,false,נקניק סלמי גלילי מעו,,,נקניק סלמי גלילי מעושן 400 גר,גרמים,400.00,100 גרם,false,1,21.90,5.4750,true,1,20586
7290005996030,false,פסטרמה הודו בתיבול ש,מעדני יחיעם,,פסטרמה הודו בתיבול שווארמה 300גר,גרמים,300.00,100 גרם,false,1,25.90,8.6333,true,1,23917
7290005996054,false,סלמי סרוולט הונגרי ב,,,סלמי סרוולט הונגרי במשקל,קילוגרמים,1.00,"ק""ג",true,,169.00,169.0000,true,1,24214
7290005996078,false,נקניק סלמי הונגרי 12,,,נקניק סלמי הונגרי 125גר,גרמים,125.00,100 גרם,false,1,25.90,20.7200,true,1,24216
7290005996153,false,נקניקיות צרפתיות 280,מעדני יחיעם,IL,נקניקיות צרפתיות 280גר יחיעם,גרמים,280.00,100 גרם,false,1,22.90,8.1786,true,1,22960
7290005996160,false,נקניקיות צוריסו 280ג,מעדני יחיעם,IL,נקניקיות צוריסו 280גר יחיעם,גרמים,280.00,100 גרם,false,1,22.90,8.1786,true,1,22959
7290005996221,false,פסטרמה של פעם דק דק,,IL,פסטרמה של פעם דק דק 120 גר,גרמים,120.00,100 גרם,false,1,10.90,9.0833,true,1,24984
7290005996238,false,פסטרמה  בדבש דק  דק,,IL,פסטרמה  בדבש דק  דק 120 גר,גרמים,120.00,100 גרם,false,1,10.90,9.0833,true,1,24983
7290005996276,false,פסטרמה ברביקיו דק דק,,IL,פסטרמה ברביקיו דק דק 120 גר,גרמים,120.00,100 גרם,false,1,10.90,9.0833,true,1,24985
7290005996740,false,נקניק סלמי פפרוני 30,,,נקניק סלמי פפרוני 300 גרם,גרמים,300.00,100 גרם,false,1,22.90,7.6333,true,1,31354
7290005996825,false,נקניקיות בקר בסגנון,מעדני יחיעם,IL,נקניקיות בקר בסגנון אמריקאי 280גר יחיעם,גרמים,280.00,100 גרם,false,1,22.90,8.1786,true,1,31355
7290006199027,false,מאגדת גלידל וניל פטל,פלקו בעמ,,מאגדת גלידל וניל פטל  8 יח  פלדמן,גרמים,600.00,100 גרם,false,1,29.90,4.9833,true,1,3640
7290006199218,false,מאגדת שלגון גלידל קפ,פלקו בעמ,,מאגדת שלגון גלידל קפוצינו 8 יח  פלדמן,יחידה,8.00,יחידה,false,1,29.90,3.7375,true,1,3639
7290006199942,false,מאגדת גלידל פרי 8יח,פלקו בעמ,,מאגדת גלידל פרי 8יח פרווה פלדמן,יחידה,8.00,יחידה,false,1,21.90,2.7375,true,1,5647
7290006222497,false,פקאן מצופה בטעמים,"דין שיווק וקלייה בע""",,פקאן מצופה בטעמים,קילוגרמים,1.00,"ק""ג",true,,99.00,99.0000,true,1,25574
7290006229335,false,מים מינרלים סן בנדטו,,,מים מינרלים סן בנדטו מוגז 500מל זכוכית פ,מיליליטרים,500.00,"100 מ""ל",false,1,6.50,1.3000,true,1,15480
7290006229427,false,מארז 6יח מים סן בנדט,,,מארז 6יח מים סן בנדטו 500 מל פיקדון,ליטרים,3.00,ליטר,false,1,12.90,4.3000,true,1,2827
7290006235220,false,מגבוני קידס היגניים,פישר תעשיות,,מגבוני קידס היגניים 30 יח טו גו,יחידה,30.00,יחידה,false,1,6.90,0.2300,true,1,5000
7290006235244,false,משחה לתינוק קמיל בלו,פישר תעשיות,,משחה לתינוק קמיל בלו צמחי מרפא פסטה100ג,גרמים,100.00,100 גרם,false,1,21.90,21.9000,true,1,4990
7290006241535,false,תרכיז קפוא גת פרייז,פריגת מצוננים,,תרכיז קפוא גת פרייז מנגו 340 גרם,גרמים,340.00,100 גרם,false,1,12.90,3.7941,true,1,2301
7290006251107,false,תה צאי מסאלה 2 גר 25,תה ויסוצקי,,תה צאי מסאלה 2 גר 25 שקיקים,יחידה,25.00,יחידה,false,1,14.90,0.5960,true,1,1976
7290006251268,false,תה ירוק תפוח וקינמון,תה ויסוצקי,,תה ירוק תפוח וקינמון 1.5 ג 25 שק,יחידה,25.00,יחידה,false,1,22.90,0.9160,true,1,2179
7290006251275,false,תה ירוק סיני 1.5 ג 2,תה ויסוצקי,,תה ירוק סיני 1.5 ג 25 שק,יחידה,25.00,יחידה,false,1,22.90,0.9160,true,1,2178
7290006251282,false,תה גן הקסום  חמוציות,תה ויסוצקי,,תה גן הקסום  חמוציות קרנברי 2ג 25 שק,יחידה,25.00,יחידה,false,1,16.90,0.6760,true,1,2177
7290006251343,false,תה גן הקסום פסיפלורה,תה ויסוצקי,,תה גן הקסום פסיפלורה מנגו 2ג 25 ש,יחידה,25.00,יחידה,false,1,16.90,0.6760,true,1,2509
7290006251374,false,תה ירוק לימונית גינג,תה ויסוצקי,,תה ירוק לימונית גינגר 1.5 ג 25 שק,יחידה,25.00,יחידה,false,1,22.90,0.9160,true,1,2832
7290006251589,false,תה ירוק נענע 1.5 ג 5,תה ויסוצקי,,תה ירוק נענע 1.5 ג 50 שקיקים,יחידה,50.00,יחידה,false,1,39.90,0.7980,true,1,2302
7290006256089,false,יין גאטו נגרו קבר.סו,,,יין גאטו נגרו קבר.סוביניון 750 מל פקדון,מיליליטרים,750.00,"100 מ""ל",false,1,40.00,5.3333,true,1,26604
7290006256102,false,יין גאטו נגרו מרלו כ,,,יין גאטו נגרו מרלו 750 מל פקדון,מיליליטרים,750.00,"100 מ""ל",false,1,40.00,5.3333,true,1,26603
7290006256133,false,יין פרודוטורי ברברסק,פרודוטורי דל ברברסקו,IT,יין פרודוטורי ברברסקו 750מל פקדון,מיליליטרים,750.00,"100 מ""ל",false,1,189.00,25.2000,true,1,2212
7290006256577,false,יין וודברידג קברנה ס,,,יין וודברידג קברנה סוביניון 750 מל פקדון,מיליליטרים,750.00,"100 מ""ל",false,1,45.00,6.0000,true,1,8864
7290006256584,false,יין וודברידג מרלו 75,,,יין וודברידג מרלו 750 מל פיקדון,מיליליטרים,750.00,"100 מ""ל",false,1,45.00,6.0000,true,1,8862
7290006256607,false,יין וודברידג שרדונה,,,יין וודברידג שרדונה 750 מל פקדון,מיליליטרים,750.00,"100 מ""ל",false,1,45.00,6.0000,true,1,8863
7290006256621,false,יין וודברידג רוזה 75,,,יין וודברידג רוזה 750 מל פקדון,מיליליטרים,750.00,"100 מ""ל",false,1,45.00,6.0000,true,1,8865
7290006265524,false,פטריות חורש פורטובלה,,,פטריות חורש פורטובלה יח,Unknown,0.00,Unknown,false,1,11.90,0.0000,true,1,3512
7290006271174,false,גחנון בצק 700 גרם,,,גחנון בצק 700 גרם,גרמים,700.00,100 גרם,false,1,19.90,2.8429,true,1,2439
7290006271181,false,גחנון אפוי 750 גרם,,,גחנון אפוי 750 גרם,גרמים,750.00,100 גרם,false,1,16.90,2.2533,true,1,2440
7290006271648,false,מיני בורקס תפוחי אדמ,,,מיני בורקס תפוחי אדמה 800 ג מוזל,גרמים,800.00,100 גרם,false,1,18.90,2.3625,true,1,3644
7290006271655,false,מיני בורקס גבינה 800,,,מיני בורקס גבינה 800 ג מוזל,גרמים,800.00,100 גרם,false,1,18.90,2.3625,true,1,3631
7290006272072,false,חטיפי פיצה גבינה 650,,,חטיפי פיצה גבינה 650 גר מוזל,גרמים,650.00,100 גרם,false,1,22.90,3.5231,true,1,5247
7290006272430,false,בצק עלים חמאה 600 גר,,,בצק עלים חמאה 600 גר,גרמים,600.00,100 גרם,false,1,18.90,3.1500,true,1,5529
7290006306159,false,לזניה 4 גבינות 500 ג,,,לזניה 4 גבינות 500 גר פסטנונה,גרמים,500.00,100 גרם,false,1,29.90,5.9800,true,1,2011
7290006306180,false,קנלוני גבינת עיזים,,,קנלוני גבינת עיזים  500 גר פסטנונה,גרמים,500.00,100 גרם,false,1,29.90,5.9800,true,1,5755
7290006306296,false,פסטה רביולי גבינה לי,,,פסטה רביולי גבינה לילדים 400 ג,גרמים,400.00,100 גרם,false,1,22.90,5.7250,true,1,7205
7290006306302,false,פסטה רביולי גבינה ופ,,,פסטה רביולי גבינה ופרמזן 400 ג,גרמים,400.00,100 גרם,false,1,22.90,5.7250,true,1,3901
7290006306319,false,פסטה רביולי בטטה 400,,,פסטה רביולי בטטה 400 ג,גרמים,400.00,100 גרם,false,1,22.90,5.7250,true,1,3902
7290006306326,false,פסטה רביולי פטריות 4,,,פסטה רביולי פטריות 400 ג,גרמים,400.00,100 גרם,false,1,22.90,5.7250,true,1,3903
7290006306340,false,פסטה ניוקי תפוחי אדמ,,,פסטה ניוקי תפוחי אדמה 400 ג,גרמים,400.00,100 גרם,false,1,19.90,4.9750,true,1,3906
7290006306357,false,פסטה רביולי גבינת עי,,,פסטה רביולי גבינת עיזים 400 ג,גרמים,400.00,100 גרם,false,1,22.90,5.7250,true,1,3904
7290006342065,false,בוטן קלוי 200 ג,,,בוטן קלוי 200 ג,גרמים,200.00,100 גרם,false,1,8.00,4.0000,true,1,3125
7290006342072,false,גרעין לבן ששון הקולה,"דין שיווק וקלייה בע""",,גרעין לבן 200 ג,גרמים,200.00,100 גרם,false,1,7.90,3.9500,true,1,3123
7290006342089,false,גרעין שחור 200 ג,"דין שיווק וקלייה בע""",,גרעין שחור 200 ג,גרמים,200.00,100 גרם,false,1,4.90,2.4500,true,1,3122
7290006342447,false,גרעיני אבטיח 200 ג,"דין שיווק וקלייה בע""",,גרעיני אבטיח 200 ג,גרמים,200.00,100 גרם,false,1,16.00,8.0000,true,1,3124
7290006342515,false,תערובת מנצס ששון הקו,"דין שיווק וקלייה בע""",,תערובת מנצס 200 ג,גרמים,200.00,100 גרם,false,1,6.90,3.4500,true,1,3126
7290006342553,false,קבוקים 200 ג,,,קבוקים 200 ג,גרמים,200.00,100 גרם,false,1,5.90,2.9500,true,1,3127
7290006342560,false,בוטן אמריקאי 200 ג,"דין שיווק וקלייה בע""",,בוטן אמריקאי 200 ג,גרמים,200.00,100 גרם,false,1,5.90,2.9500,true,1,3128
7290006357571,false,גבינת סמוקרלה מעושן,,,גבינת סמוקרלה מעושן במשקל פריסלנד,קילוגרמים,1.00,"ק""ג",true,,55.00,55.0000,true,1,41999
7290006359735,false,רוטב לסלט עד העצם 37,קמיליה,,רוטב לסלט עד העצם 375 מל,מיליליטרים,375.00,"100 מ""ל",false,1,22.90,6.1067,true,1,2002
7290006362209,false,יין דרך ארץ ק.סוביני,,,יין דרך ארץ ק.סוביניון 750 מל פיקדון,מיליליטרים,750.00,"100 מ""ל",false,1,35.00,4.6667,true,1,2555
7290006362216,false,יין דרך ארץ מרלו 750,ברקן,IL,יין דרך ארץ מרלו 750 מל פיקדון,מיליליטרים,750.00,"100 מ""ל",false,12,35.00,4.6667,true,1,2556
7290006374615,false,מזון מלכות 340 גרם 5,,,מזון מלכות 340 גרם 5.8%,גרמים,340.00,100 גרם,false,1,36.90,10.8529,true,1,2698
7290006374653,false,דבש לייט 350 גר יד מ,,,דבש לייט 350 גר יד מרדכי,גרמים,350.00,100 גרם,false,1,24.90,7.1143,true,1,2699
7290006374738,false,קונפיטורה תות שדה 34,,,קונפיטורה תות שדה 340 גר יד מרדכי,גרמים,340.00,100 גרם,false,1,12.90,3.7941,true,1,2920
7290006401366,false,אלסבון לגינייה שטיפה,,,אלסבון לגינייה שטיפה אינטימית אקטיב סופר,מיליליטרים,200.00,"100 מ""ל",false,1,34.90,17.4500,true,1,4666
7290006401373,false,אלסבון לגינייה שטיפה,,,אלסבון לגינייה שטיפה אינטימית אקטיב פרש,מיליליטרים,250.00,"100 מ""ל",false,1,34.90,13.9600,true,1,4667
7290006439031,false,שמן קנולה שוקחה 1 לי,איי די אם אנטוורפ,BE,שמן קנולה שוקחה 1 ליטר,ליטרים,1.00,ליטר,false,15,10.90,10.9000,true,1,25864
7290006439444,false,אורז בסמטי גולד 1 קג,צימאן לאל סאטיה-דלהי,,אורז בסמטי גולד 1 קג,קילוגרמים,1.00,"ק""ג",false,1,11.90,11.9000,true,1,14856
7290006439451,false,אורז בסמטי גולד 5 קג,צימאן לאל סאטיה-דלהי,,אורז בסמטי גולד 5 קג,קילוגרמים,1.00,"ק""ג",false,1,44.90,44.9000,true,1,14855
7290006439468,false,עדשים אדומות שוקחה 1,סוגת תעשיות בעמ,,עדשים אדומות שוקחה 1 קג,קילוגרמים,1.00,"ק""ג",false,1,12.90,12.9000,true,1,19299
7290006439475,false,עדשים ירוקת שוקחה 1,סוגת תעשיות בעמ,,עדשים ירוקת שוקחה 1 קג,קילוגרמים,1.00,"ק""ג",false,1,12.90,12.9000,true,1,19298
7290006439482,false,שעועית לבנה שוקחה 1,סוגת תעשיות בעמ,,שעועית לבנה שוקחה 1 קג,קילוגרמים,1.00,"ק""ג",false,1,13.90,13.9000,true,1,19297
7290006439499,false,פופקורן שוקחה 1 קג,סוגת תעשיות בעמ,,פופקורן שוקחה 1 קג,קילוגרמים,1.00,"ק""ג",false,1,11.90,11.9000,true,1,19294
7290006439512,false,פול גדול שוקחה 750 ג,בני ג'ורג' שוקחה חיפ,,פול גדול שוקחה 750 גרם,גרמים,750.00,100 גרם,false,1,13.90,1.8533,true,1,12335
7290006439536,false,חומוס שוקחה 1 קג,סוגת תעשיות בעמ,,חומוס שוקחה 1 קג,קילוגרמים,1.00,"ק""ג",false,1,13.90,13.9000,true,1,19348
7290006439543,false,בורגול עבה שוקחה 1 ק,סוגת תעשיות בעמ,,בורגול עבה שוקחה 1 קג,קילוגרמים,1.00,"ק""ג",false,1,8.90,8.9000,true,1,19296
7290006439550,false,בורגול דק שוקחה 1 קג,סוגת תעשיות בעמ,,בורגול שוקחה 1 קג,קילוגרמים,1.00,"ק""ג",false,1,8.90,8.9000,true,1,19295
7290006439574,false,בורגול גס שוקחה 1 קג,סוגת תעשיות בעמ,,בורגול גס שוקחה 1 קג,קילוגרמים,1.00,"ק""ג",false,1,8.90,8.9000,true,1,19305
7290006439581,false,תורמוס מתוק שוקחה 1,בני ג'ורג' שוקחה חיפ,,תורמוס מתוק שוקחה 1 קג,קילוגרמים,1.00,"ק""ג",false,1,11.90,11.9000,true,1,12334
7290006439598,false,פריקה שוקחה 800 גרם,בני ג'ורג' שוקחה חיפ,,פריקה שוקחה 800 גרם,גרמים,800.00,100 גרם,false,1,13.90,1.7375,true,1,12336
7290006439680,false,גריסים שוקחה 1 קג,סוגת תעשיות בעמ,,גריסים שוקחה 1 קג,קילוגרמים,1.00,"ק""ג",false,1,8.90,8.9000,true,1,19301
7290006439697,false,חיטה שוקחה 1 קג,סוגת תעשיות בעמ,,חיטה שוקחה 1 קג,קילוגרמים,1.00,"ק""ג",false,1,8.90,8.9000,true,1,19303
7290006439703,false,אפונה ירוקה חצאים שו,סוגת תעשיות בעמ,,אפונה ירוקה חצאים אדומות שוקחה 1 קג,קילוגרמים,1.00,"ק""ג",false,1,9.90,9.9000,true,1,19300
7290006439710,false,שעועית אדומה שוקחה 1,סוגת תעשיות בעמ,,שעועית אדומה שוקחה 1 קג,קילוגרמים,1.00,"ק""ג",false,1,13.90,13.9000,true,1,19349
7290006492432,false,מוצרלה בייבי 18%  15,מחלבות גד,,מוצרלה בייבי 18%  150 ג גד,גרמים,150.00,100 גרם,false,1,14.90,9.9333,true,1,2607
7290006492616,false,גב.בולגרית 5% פרוסות,מחלבות גד,,גב.בולגרית 5% פרוסות 250 גרם,גרמים,250.00,100 גרם,false,1,24.90,9.9600,true,1,3660
7290006492630,false,גבינת גליל עיזים 180,מחלבות גד,,גבינת גליל עיזים 180 גרם,גרמים,180.00,100 גרם,false,1,19.90,11.0556,true,1,3715
7290006492647,false,גבינת עיזים  מטבעות,מחלבות גד,,גבינת עיזים  מטבעות 22%  150 ג,גרמים,150.00,100 גרם,false,1,22.90,15.2667,true,1,3716
7290006492685,false,לבנה 5% עיזים 250 גר,מחלבות גד,,לבנה 5% עיזים 250 גר,גרמים,250.00,100 גרם,false,1,14.90,5.9600,true,1,3915
7290006492852,false,גבינת עיזים 5% לבנה,מחלבות גד,,גבינת עיזים 5% לבנה 250 גר,גרמים,250.00,100 גרם,false,1,14.90,5.9600,true,1,4126
7290006492913,false,לבנה ציזקי למריחה 5%,מחלבות גד,,לבנה ציזקי למריחה 5%  250 גר,גרמים,250.00,100 גרם,false,1,13.90,5.5600,true,1,4125
7290006494917,false,ופל שוקולד טוסו ללא,,,ופל שוקולד טוסו ללא סוכר 200 גר,גרמים,200.00,100 גרם,false,1,9.90,4.9500,true,1,2753
7290006494924,false,וופל לימון ללא סוכר,,,וופל לימון ללא סוכר מרמולייט 180 גר,גרמים,180.00,100 גרם,false,1,9.90,5.5000,true,1,2754
7290006511683,false,פולי סויה קפוא 454 ג,קו.אל.טי.די.קיאוניונ,,פולי סויה קפוא 454 גר,גרמים,454.00,100 גרם,false,1,10.00,2.2026,true,1,3355
7290006511904,false,גבינת אדם כדור במשקל,,AT,גבינת אדם כדור במשקל,קילוגרמים,1.00,"ק""ג",true,,69.00,69.0000,true,1,23716
7290006515926,false,מארז ליקר אפרול 700,davide campari,,מארז ליקר אפרול 700 מל+פרו שפריץ,מיליליטרים,700.00,"100 מ""ל",false,1,99.00,14.1429,true,1,21515
7290006546302,false,ציפס קטרינג 1.5 קג פ,פרי גליל,,ציפס קטרינג 1.5 קג פרי גליל,קילוגרמים,1.50,"ק""ג",false,1,18.90,12.6000,true,1,4530
7290006546319,false,סטייק ציפס  1.5 קג פ,פרי גליל,,סטייק ציפס  1.5 קג פרי גליל,קילוגרמים,1.50,"ק""ג",false,1,18.90,12.6000,true,1,4531
7290006546371,false,במיה קפואה 600 גר פר,פרי גליל,,במיה קפואה 600 גר פרי גליל,גרמים,600.00,100 גרם,false,1,13.90,2.3167,true,1,4525
7290006546388,false,תחתיות ארטישוק קפואה,פרי גליל,,תחתיות ארטישוק קפואה 400 גר פרי גליל,גרמים,400.00,100 גרם,false,1,13.90,3.4750,true,1,4526
7290006546395,false,לקט העונה קפוא 800 ג,פרי גליל,,לקט העונה קפוא 800 גר פרי גליל,גרמים,800.00,100 גרם,false,1,12.90,1.6125,true,1,4522
7290006546500,false,ציפס זיג זג 800 גר ק,פרי גליל,,ציפס זיג זג 800 גר קפוא,גרמים,800.00,100 גרם,false,1,10.90,1.3625,true,1,5858
7290006546524,false,ציפס מובחר 800 גר קפ,פרי גליל,,ציפס מובחר 800 גר קפוא,גרמים,800.00,100 גרם,false,1,10.90,1.3625,true,1,5618
7290006546982,false,לקט סיני 800 ג פרי ג,פרי גליל,,לקט סיני 800 ג פרי גליל,גרמים,800.00,100 גרם,false,1,14.90,1.8625,true,1,4732
7290006546999,false,לקט למרק 800 גר,פרי גליל,,לקט למרק 800 גר,גרמים,800.00,100 גרם,false,1,15.90,1.9875,true,1,4944
7290006554017,false,עוגיות מרוקאית 500 ג,,,עוגיות מרוקאית 500 ג ארקד,גרמים,500.00,100 גרם,false,1,18.90,3.7800,true,1,3661
7290006554024,false,עוגיות תמרים 400 ג א,,,עוגיות תמרים 400 ג ארקד,גרמים,400.00,100 גרם,false,1,18.90,4.7250,true,1,3662
7290006554031,false,עוגיות אגוזים 400 ג,,,עוגיות אגוזים 400 ג ארקד,גרמים,400.00,100 גרם,false,1,18.90,4.7250,true,1,3663
7290006554048,false,עוגיות ריבה 250 ג אר,,,עוגיות ריבה 250 ג ארקד,גרמים,250.00,100 גרם,false,1,18.90,7.5600,true,1,7486
7290006554055,false,עוגיות חלבה ביתיות 3,,,עוגיות חלבה ביתיות 300 ג,גרמים,300.00,100 גרם,false,1,18.90,6.3000,true,1,3884
7290006554062,false,עוגיות גרנולה 250 ג,,,עוגיות גרנולה 250 ג ארקד,גרמים,250.00,100 גרם,false,1,18.90,7.5600,true,1,7485
7290006554079,false,עוגיות גרנולה ללא סו,,,עוגיות גרנולה ללא סוכר 250 גר,גרמים,250.00,100 גרם,false,1,18.90,7.5600,true,1,8133
7290006554093,false,עוגיות סהרונים ביתיו,,,עוגיות סהרונים ביתיות 300 ג,גרמים,300.00,100 גרם,false,1,18.90,6.3000,true,1,4043
7290006554109,false,עוגיות רייף 300 גר א,,,עוגיות רייף 300 גר ארקד,גרמים,300.00,100 גרם,false,1,18.90,6.3000,true,1,8132
7290006554123,false,עוגיות שקדים 250 ג א,,,עוגיות שקדים 250 ג ארקד,גרמים,250.00,100 גרם,false,1,18.90,7.5600,true,1,7487
7290006554154,false,עוגיות מרנג נשיקות 1,,,עוגיות מרנג נשיקות 100 גר,גרמים,100.00,100 גרם,false,1,18.90,18.9000,true,1,8135
7290006554161,false,עוגיות משקפיים קינמו,,,עוגיות משקפיים  250 ג ארקד,גרמים,250.00,100 גרם,false,1,18.90,7.5600,true,1,10133
7290006554246,false,עוגיות משקפיים 250 ג,,,עוגיות משקפיים 250 ג ארקד,גרמים,250.00,100 גרם,false,1,18.90,7.5600,true,1,10812
7290006554260,false,עוגיות שושונים 250 ג,,,עוגיות שושונים 250 ג ארקד,גרמים,250.00,100 גרם,false,1,18.90,7.5600,true,1,10811
7290006554307,false,עוגיות מרוקאית ללא ס,,,עוגיות מרוקאית ללא סוכר 300 גר ארקד,גרמים,300.00,100 גרם,false,1,18.90,6.3000,true,1,4095
7290006554314,false,עוגיות שקדים ללא סוכ,,,עוגיות שקדים ללא סוכר 250גר ארקד,גרמים,250.00,100 גרם,false,1,18.90,7.5600,true,1,10732
7290006554321,false,עוגיות אגוזי לוז ללא,,,עוגיות אגוזי לוז ללא סוכר 250גר ארקד,גרמים,250.00,100 גרם,false,1,18.90,7.5600,true,1,10733
7290006554345,false,עוגיות תמרים ללא סוכ,,,עוגיות תמרים ללא סוכר 250 גרם,גרמים,250.00,100 גרם,false,1,18.90,7.5600,true,1,16282
7290006554413,false,עוגיות מרוקאית קמח מ,,,עוגיות מרוקאית קמח מלא ל.ס.300גר,גרמים,300.00,100 גרם,false,1,18.90,6.3000,true,1,6100
7290006554703,false,עוגיות כעכים מלוח 40,,,עוגיות כעכים מלוח 400 גר,גרמים,400.00,100 גרם,false,1,16.90,4.2250,true,1,7507
7290006554727,false,עוגיות מקלות מלוח קצ,,,עוגיות מקלות מלוח קצח 400 גר,גרמים,400.00,100 גרם,false,1,16.90,4.2250,true,1,7509
7290006554758,false,עוגיות מלוחות ללא סו,,,עוגיות מלוחות ללא סוכר 250 גרם,גרמים,250.00,100 גרם,false,1,18.90,7.5600,true,1,14999
7290006559067,false,גבינת בורטה חצי קשה,,,גבינת בורטה חצי קשה 18% שומן 220גר,גרמים,220.00,100 גרם,false,1,29.90,13.5909,true,1,3875
7290006559098,false,לבנה כדורים בשמן זית,,,לבנה כדורים בשמן זית בופאלו 250 ג,גרמים,250.00,100 גרם,false,1,25.50,10.2000,true,1,3880
7290006559265,false,גבינת מוצרלה בופאלו,,,גבינת מוצרלה בופאלו 250 ג,גרמים,250.00,100 גרם,false,1,34.90,13.9600,true,1,3870
7290006559340,false,בואפלו 150 בוקנציני,,,בואפלו 150 בוקנציני כדור קטן,גרמים,150.00,100 גרם,false,1,22.90,15.2667,true,1,3871
7290006559388,false,יוגורט ביו 5% בופאלו,חוות הבואפלו,,יורט בואפלו 5% 850 גרם,מיליליטרים,850.00,"100 מ""ל",false,1,22.50,2.6471,true,1,6843
7290006559463,false,יוגורט פרוביוטי תות,,,יוגורט פרוביוטי תות 500 מל בפאלו,מיליליטרים,500.00,"100 מ""ל",false,1,19.90,3.9800,true,1,5560
7290006559692,false,גבינת קרם 5% 500 גר,,,גבינת קרם 5% 500 גר,גרמים,500.00,100 גרם,false,1,26.50,5.3000,true,1,6842
7290006562012,false,כפפות הנדי דה לוקס ב,,,כפפות הנדי דה לוקס בינוני,Unknown,0.00,Unknown,false,1,13.50,0.0000,true,1,2553
7290006562111,false,חיתולי חול חתולים 10,,ES,חיתולי חול חתולים 10 ק.לוונדר,קילוגרמים,10.00,"ק""ג",false,3,32.90,3.2900,true,1,2853
7290006562906,false,סטיק הודו וכבש פרמיו,,,סטיק הודו וכבש פרמיו 15 גר,יחידה,1.00,יחידה,false,35,6.90,6.9000,true,1,43864
7290006562913,false,סטיק עוף וברווז פרמי,,,סטיק עוף וברווז פרמיו 15 גר,יחידה,1.00,יחידה,false,35,6.90,6.9000,true,1,43865
7290006567048,false,פתיתי אסם קוסקוס ישר,קוסקוס,,פתיתי אסם קוסקוס ישראלי 350 ג בדץ,גרמים,350.00,100 גרם,false,1,6.90,1.9714,true,1,3339
7290006578006,false,גבינת גורגונזולה פיק,,IT,גבינת גורגונזולה פיקנטה במשקל נטו,קילוגרמים,1.00,"ק""ג",true,,129.00,129.0000,true,1,24299
7290006578266,false,גבינת פיור גולד הנרי,הנרי ויליך,NL,גבינת פיור גולד הנרי וויליך במשקל,קילוגרמים,1.00,"ק""ג",true,,179.00,179.0000,true,1,30011
7290006578303,false,גבינת ברי כמהין במשק,איסיני סנט מור,FR,גבינת ברי כמהין במשקל איסיני סנט מור,קילוגרמים,1.00,"ק""ג",true,,249.00,249.0000,true,1,41187
7290006578464,false,גבינת רוקפור פאפיון,,FR,גבינת רוקפור פאפיון במשקל,קילוגרמים,1.00,"ק""ג",true,,249.00,249.0000,true,1,30557
7290006578648,false,גבינת בושה מפוחם במש,איסיני סנט מור,FR,גבינת בושה מפוחם במשקל,קילוגרמים,1.00,"ק""ג",true,,179.00,179.0000,true,1,24301
7290006578655,false,גבינת גלוריוס עיזים,הנרי ויליך,NL,גבינת גלוריוס עיזים הנרי וויליך במשקל,קילוגרמים,1.00,"ק""ג",true,,189.00,189.0000,true,1,30008
7290006578662,false,גבינת פלורט במשקל,,FR,גבינת פלורט במשקל,קילוגרמים,1.00,"ק""ג",true,,199.00,199.0000,true,1,41320
7290006578853,false,גבינת טרמנדס כמהין ה,הנרי ויליך,NL,גבינת טרמנדס כמהין הנרי וויליך במשקל,קילוגרמים,1.00,"ק""ג",true,,189.00,189.0000,true,1,30009
7290006582669,false,גרנולה שקדיה אגוזים,,,גרנולה במבחר אגוזים 800 גר,גרמים,800.00,100 גרם,false,1,15.90,1.9875,true,1,5229
7290006618078,false,אסטוניש מרסס לניקוי,אסטוניש,,אסטוניש מרסס לניקוי כללי צהוב,Unknown,0.00,Unknown,false,1,11.90,0.0000,true,1,3327
7290006618085,false,אסטוניש מרסס לניקוי,אסטוניש,,אסטוניש מרסס לניקוי אמבטיה,מיליליטרים,750.00,"100 מ""ל",false,1,11.90,1.5867,true,1,3326
7290006618146,false,הפי נוזל מדליק פחמים,Dutch Flame,,הפי נוזל מדליק פחמים 500 מל,מיליליטרים,500.00,"100 מ""ל",false,1,15.90,3.1800,true,1,3323
7290006618153,false,הפי לניקוי נירוסטה ב,,,הפי לניקוי נירוסטה במיוחד,Unknown,0.00,Unknown,false,1,29.90,0.0000,true,1,3568
7290006618610,false,ספוגיות כלים הפי 6 י,פלספק,,ספוגיות כלים הפי 6 יח בשרי/חלבי,Unknown,0.00,Unknown,false,1,10.90,0.0000,true,1,4178
7290006618665,false,מטלית גילדה לרכב הפי,סיפי קנג,,מטלית גילדה לרכב הפי,יחידה,1.00,יחידה,false,1,24.90,24.9000,true,1,10121
7290006636638,false,יין אמפורה ריטון  75,,,יין אמפורה 2006/5 רוזה אורג 750 מל פקדון,Unknown,0.00,Unknown,false,6,110.00,0.0000,true,1,41600
7290006636775,false,יין מד רד אמפורה 750,,,יין מד רד אמפורה 750 מל,מיליליטרים,750.00,"100 מ""ל",false,1,85.00,11.3333,true,1,41603
7290006644480,false,משקה תפוזינה תפוזים,יפאורה,,משקה תפוזינה תפוזים 500 מל פקדון,מיליליטרים,500.00,"100 מ""ל",false,1,6.90,1.3800,true,1,12208
7290006644510,false,משקה תפוזינה ענבים 5,יפאורה,,משקה תפוזינה ענבים 500 מל פקדון,מיליליטרים,500.00,"100 מ""ל",false,1,6.90,1.3800,true,1,12210
7290006644527,false,משקה תפוזינה תות בננ,יפאורה,,משקה תפוזינה תות בננה 500 מל פקדון,מיליליטרים,500.00,"100 מ""ל",false,1,6.90,1.3800,true,1,12212
7290006653765,false,פסטה פרפקטו פטוציני,זארה,,פסטה פרפקטו פטוציני 500 ג,גרמים,500.00,100 גרם,false,1,6.90,1.3800,true,1,3854
7290006653819,false,קוסקוס  אסם אמיתי דק,קוסקוס,,קוסקוס  אסם אמיתי דק בשקית 350 גרם,גרמים,350.00,100 גרם,false,1,6.90,1.9714,true,1,3210
7290006653857,false,חטיף תפוא ארנבונים 4,"אסם תעשיות בע""מ",,חטיף תפוא ארנבונים 40 ג,גרמים,40.00,100 גרם,false,1,4.30,10.7500,true,1,3340
7290006660022,false,נוזל ניקוי רב תכליתי,,,נוזל ניקוי רב תכליתי אקולוגי 1ל,ליטרים,1.00,ליטר,false,1,14.90,14.9000,true,1,6064
7290006660053,false,מסיר אבנית לקומקום,,,מסיר אבנית לקומקום  אקולוגי 1ל,ליטרים,1.00,ליטר,false,1,13.90,13.9000,true,1,6193
7290006660060,false,נוזל לניקוי אסלות אק,,,נוזל לניקוי אסלות אקולוגי 750 מל אקופרנד,מיליליטרים,750.00,"100 מ""ל",false,1,13.90,1.8533,true,1,6548
7290006660077,false,מנקה אמבטיה וכיורים,,,מנקה אמבטיה וכיורים אקולוגי 750 מל,מיליליטרים,750.00,"100 מ""ל",false,1,15.90,2.1200,true,1,5748
7290006660084,false,מנקה חלונות אקולוגי,,,מנקה חלונות אקולוגי 750 מל,מיליליטרים,750.00,"100 מ""ל",false,1,13.90,1.8533,true,1,5758
7290006660138,false,מרכך כביסה מרוכז אקו,,,מרכך כביסה מרוכז אקופרנד פריחת העמק,ליטרים,1.00,ליטר,false,1,19.90,19.9000,true,1,10206
7290006660220,false,מנקה רב תכליתי אקופר,אקופרנד,,מנקה רב תכליתי אקופרנד 750מל,מיליליטרים,750.00,"100 מ""ל",false,1,16.90,2.2533,true,1,15226
7290006660268,false,מרכך כביסה מרוכז אקו,,,מרכך כביסה מרוכז אקופרנד מאסק 1ליטר,ליטרים,1.00,ליטר,false,1,19.90,19.9000,true,1,19129
7290006660435,false,נוזל הברקה למדיח 500,אקופרנד,,נוזל הברקה למדיח 500מל אקולוגי  אקופרנד,מיליליטרים,500.00,"100 מ""ל",false,1,12.90,2.5800,true,1,22926
7290006660596,false,קמח עדשים אדומות דגש,דגש,IL,קמח עדשים אדומות דגש 500 גר,גרמים,500.00,100 גרם,false,15,17.90,3.5800,true,1,19269
7290006660602,false,מי קוקוס אורני גרין,גרין,VN,מי קוקוס אורני גרין קוקו 1 לי,ליטרים,1.00,ליטר,false,12,19.90,19.9000,true,1,19266
7290006660640,false,קמח טף דגש 500 גר,דגש,IL,קמח טף דגש 500 גר,גרמים,500.00,100 גרם,false,15,19.90,3.9800,true,1,19270
7290006664037,false,מארז 4 יח סופר גמדים,,,מארז 4 יח סופר גמדים דגנים 400 גר,גרמים,400.00,100 גרם,false,1,11.90,2.9750,true,1,3332
7290006664051,false,משקה אקטימל טבעי  14,,,משקה אקטימל טבעי  14 יח,ליטרים,1.40,ליטר,false,1,29.90,21.3571,true,1,3331
7290006664402,false,גבינת סקי 5% 750 גרם,,,גבינת סקי 5% 750 גרם***,גרמים,750.00,100 גרם,false,1,14.94,1.9920,true,1,2805
7290006664532,false,דנונה פרי 3% תות 150,,,דנונה פרי 3% תות 150 גר,גרמים,150.00,100 גרם,false,1,3.70,2.4667,true,1,2861
7290006664655,false,משקה אקטימל טבעי 8יח,,,משקה אקטימל טבעי 8יח 108גרם,גרמים,864.00,100 גרם,false,1,19.90,2.3032,true,1,3328
7290006664693,false,דנונה פרי 3% אפרסק 1,,,דנונה פרי 3% אפרסק 150 גר,גרמים,150.00,100 גרם,false,1,3.70,2.4667,true,1,2923
7290006664990,false,מארז 8 דנונה ביו פרו,,,מארז 8 דנונה ביו פרויובוטי 1.7%,גרמים,1.00,100 גרם,false,1,16.90,1690.0000,true,1,3454
7290006666307,false,סלט חומוס 300 ג משני,,,סלט חומוס 300 ג משני,גרמים,300.00,100 גרם,false,1,13.90,4.6333,true,1,3606
7290006666314,false,סלט טחינה 300 ג משני,,,סלט טחינה 300 ג משני,גרמים,300.00,100 גרם,false,1,13.90,4.6333,true,1,3607
7290006666338,false,סלט טחינה ירוקה 300,,,סלט טחינה ירוקה 300 ג משני,גרמים,300.00,100 גרם,false,1,13.90,4.6333,true,1,3608
7290006666345,false,סלט חציל במיונז 300,,,סלט חציל במיונז 300 ג משני,גרמים,300.00,100 גרם,false,1,19.90,6.6333,true,1,3609
7290006666352,false,סלט חציל בטחינה 300,,,סלט חציל בטחינה 300 ג משני,גרמים,300.00,100 גרם,false,1,19.90,6.6333,true,1,3610
7290006666406,false,סלט חציל טבעי 300 ג,,,סלט חציל טבעי 300 ג משני,גרמים,300.00,100 גרם,false,1,21.90,7.3000,true,1,3612
7290006666413,false,סלט כרוב שוודי 300 ג,,,סלט כרוב שוודי 300 ג משני,גרמים,300.00,100 גרם,false,1,15.50,5.1667,true,1,3613
7290006666420,false,סלט כרוב קולסלו אמרי,,,סלט כרוב קולסלו אמריקאי 300 ג משני,גרמים,300.00,100 גרם,false,1,15.50,5.1667,true,1,3614
7290006666437,false,סלט טורקי 300 ג משני,,,סלט טורקי 300 ג משני,גרמים,300.00,100 גרם,false,1,15.50,5.1667,true,1,3615
7290006666444,false,סלט מטבוחה 300 ג משנ,,,סלט מטבוחה 300 ג משני,גרמים,300.00,100 גרם,false,1,19.90,6.6333,true,1,3616
7290006666451,false,סלט סלסה פלפל 300 ג,,,סלט סלסה פלפל 300 ג משני,גרמים,300.00,100 גרם,false,1,18.90,6.3000,true,1,3617
7290006666468,false,סלט גזר בלימון 300 ג,,,סלט גזר בלימון 300 ג משני,גרמים,300.00,100 גרם,false,1,19.90,6.6333,true,1,3618
7290006666475,false,סלט תפוח אדמה רוסי 3,,,סלט תפוח אדמה רוסי 300 ג משני,גרמים,300.00,100 גרם,false,1,15.50,5.1667,true,1,3619
7290006666499,false,סלט טונה לבנה 300 ג,,,סלט טונה לבנה 300 ג,גרמים,300.00,100 גרם,false,1,28.90,9.6333,true,1,3929
7290006666529,false,סלט פלפל מרוקאי 300,,,סלט פלפל מרוקאי 300 גר,גרמים,300.00,100 גרם,false,1,19.90,6.6333,true,1,5114
7290006666543,false,סלט סלק 300 ג משני,,,סלט סלק 300 ג משני,גרמים,300.00,100 גרם,false,1,15.50,5.1667,true,1,5614
7290006666567,false,סלט חציל נוסח מרוקאי,,,סלט חציל נוסח מרוקאי 300 גר משני,גרמים,300.00,100 גרם,false,1,22.90,7.6333,true,1,6714
7290006666628,false,סלט ביצים 300 גר משנ,,,סלט ביצים 300 גר משני,גרמים,300.00,100 גרם,false,1,28.90,9.6333,true,1,6715
7290006681003,false,גל.קרמיסימו תות לימו,"גלידת שטראוס בע""מ",,גל.קרמיסימו תות לימון 1.33 ל,ליטרים,1.33,ליטר,false,1,19.90,14.9624,true,1,2758
7290006681089,false,מאגדת שטראוס לייט מי,"גלידת שטראוס בע""מ",,מאגדת שטראוס לייט מיני סנדוויץ 10 יח,גרמים,250.00,100 גרם,false,1,28.90,11.5600,true,1,2862
7290006681553,false,קרמבו וניל 8 יח שטרא,"גלידת שטראוס בע""מ",,קרמבו וניל 8 יח שטראוס,Unknown,0.00,Unknown,false,1,14.90,0.0000,true,1,3235
7290006681560,false,קרמבו מוקה 8 יח שטרא,"גלידת שטראוס בע""מ",,קרמבו מוקה 8 יח שטראוס,Unknown,0.00,Unknown,false,1,14.90,0.0000,true,1,3236
7290006681577,false,מאגדת אסקימו 10יחידו,"גלידת שטראוס בע""מ",,מאגדת אסקימו 10יחידות,יחידה,10.00,יחידה,false,1,16.90,1.6900,true,1,2915
7290006681843,false,מאגדת שטראוס לייט פר,"גלידת שטראוס בע""מ",,מאגדת שטראוס לייט פרי 6 יח,גרמים,300.00,100 גרם,false,1,25.90,8.6333,true,1,3481
7290006704504,false,גינגר טרי,,,גינגר טרי,Unknown,0.00,Unknown,false,1,10.00,0.0000,true,1,2190
7290006712684,false,דאו.ספיד סטיק כחול 2,,,דאו.ספיד סטיק כחול 24/7,Unknown,0.00,Unknown,false,1,21.90,0.0000,true,1,3190
7290006712981,false,משחת שיניים קולגייט,CP-Poland swidnica,,משחת שיניים קולגייט ילדים 100 גרם,גרמים,100.00,100 גרם,false,1,12.90,12.9000,true,1,2448
7290006714947,false,גולש עגל 800 גרם מעד,מעדני הטלה,IL,גולש עגל 800 גרם מעדני הטלה,גרמים,800.00,100 גרם,false,18,39.00,4.8750,true,1,20015
7290006721839,false,דג הרינג מלוח בואקום,,IL,דג הרינג מלוח בואקום,קילוגרמים,1.00,"ק""ג",true,,32.00,32.0000,true,1,38550
7290006724182,false,ביצי שליו טריות 20יח,,IL,ביצי שליו טריות 20יחידות ליב,יחידה,18.00,יחידה,false,12,22.90,1.2722,true,1,26519
7290006724472,false,טחינה אורגנית 500 גר,,,טחינה אורגנית 500 גר ליב,גרמים,500.00,100 גרם,false,1,17.90,3.5800,true,1,5395
7290006730947,false,צמר גפן מתוק בדלי 80,,IL,צמר גפן מתוק בדלי 80 גר,Unknown,0.00,Unknown,false,12,11.90,0.0000,true,1,44723
7290006739247,false,פסטרמה איטלקית במשקל,,IL,פסטרמה איטלקית במשקל,קילוגרמים,1.00,"ק""ג",true,,66.00,66.0000,true,1,42193
7290006739346,false,נקניקיות פרגיות 400,,IL,נקניקיות פרגיות 400 גר וואקום,גרמים,400.00,100 גרם,false,8,9.90,2.4750,true,1,42218
7290006739407,false,שניצל טבע תירס לייט,,IL,שניצל טבע תירס לייט 630 גר,גרמים,630.00,100 גרם,false,1,22.90,3.6349,true,1,42219
7290006739445,false,שניצל טבע תירס קלאסי,,IL,שניצל טבע תירס קלאסי 750 גרם,גרמים,750.00,100 גרם,false,12,22.90,3.0533,true,1,42220
7290006744142,false,יין מוני מרסלן רזרב,,,יין מוני מרסלן רזרב 750 מל,מיליליטרים,750.00,"100 מ""ל",false,1,80.00,10.6667,true,1,42414
7290006744302,false,יין מוסקט לבן סדרת א,,,יין מוסקט לבן סדרת אם 750מל פקדון,מיליליטרים,750.00,"100 מ""ל",false,1,40.00,5.3333,true,1,40249
7290006744418,false,יין שיראז רזרב 2009,,,יין שיראז רזרב 2009 מוני 750 מל פיקדון,מיליליטרים,750.00,"100 מ""ל",false,1,80.00,10.6667,true,1,7858
7290006744425,false,יין קברנה סוביניון ס,,,יין קברנה סוביניון סדרת אם 750מל פקדון,מיליליטרים,750.00,"100 מ""ל",false,1,40.00,5.3333,true,1,8319
7290006744456,false,יין מרלו סדרת אם 750,,,יין מרלו סדרת אם 750מל פקדון מוני,מיליליטרים,750.00,"100 מ""ל",false,1,40.00,5.3333,true,1,8320
7290006744487,false,יין מוני שמשון 750 מ,,,יין מוני שמשון 750 מל פקדון,מיליליטרים,750.00,"100 מ""ל",false,1,135.00,18.0000,true,1,8411
7290006744500,false,יין מוני סניהילס קול,,,יין מוני סניהילס קולומבארד 750מל פיקדון,מיליליטרים,750.00,"100 מ""ל",false,1,40.00,5.3333,true,1,40279
7290006744593,false,יין מוני גוורצטרמינר,,,יין מוני גוורצטרמינר 750מל פיקדון,מיליליטרים,750.00,"100 מ""ל",false,1,60.00,8.0000,true,1,7181
7290006744715,false,יין מרלו רזרב 2009 מ,,,יין מרלו רזרב 2009 מוני 750 מל פיקדון,מיליליטרים,750.00,"100 מ""ל",false,1,80.00,10.6667,true,1,7859
7290006744760,false,יין מוני נחל קלרט 75,,,יין מוני נחל קלרט 750מל פיקדון,מיליליטרים,750.00,"100 מ""ל",false,1,60.00,8.0000,true,1,10986
7290006744777,false,יין מוני נחל פטיט ור,,,יין מוני נחל פטיט ורדו 750מל פיקדון,מיליליטרים,750.00,"100 מ""ל",false,1,60.00,8.0000,true,1,10987
7290006744814,false,יין קברנה רזרב 2009,,,יין קברנה רזרב 2009 מוני 750 מל פיקדון,מיליליטרים,750.00,"100 מ""ל",false,1,80.00,10.6667,true,1,7860
7290006744838,false,יין מוני דלילה 750 מ,,,יין מוני דלילה 750 מל פקדון,מיליליטרים,750.00,"100 מ""ל",false,1,135.00,18.0000,true,1,8412
7290006744845,false,יין מוני מלבק רזרב 7,,,יין מוני מלבק רזרב 750 מל פקדון,מיליליטרים,750.00,"100 מ""ל",false,1,80.00,10.6667,true,1,11526
7290006744852,false,יין סדרת אם שיראז  מ,יקב מוני,IL,יין סדרת אם שיראז  מוני 750 מל,מיליליטרים,750.00,"100 מ""ל",false,6,40.00,5.3333,true,1,41667
7290006744876,false,יין מוני נחל פטיט סי,יקב מוני,,יין מוני נחל פטיט סירה 750 מל,מיליליטרים,750.00,"100 מ""ל",false,1,60.00,8.0000,true,1,12656
7290006744883,false,יין מוני נחל שסק לבן,יקב מוני,,יין מוני נחל שסק לבן 750 מל,מיליליטרים,750.00,"100 מ""ל",false,1,60.00,8.0000,true,1,12657
7290006744906,false,יין נחת שסק אדום 750,,,יין שרדונה רזרב 2006 מוני 750 מל פיקדון,מיליליטרים,750.00,"100 מ""ל",false,1,60.00,8.0000,true,1,42771
7290006744913,false,יין מוני נחל קאלדוק,,,יין מוני נחל קאלדוק רוזה 750 מל,מיליליטרים,750.00,"100 מ""ל",false,1,60.00,8.0000,true,1,42415
7290006744920,false,יין שרדונה רזרב 2010,,,יין שרדונה רזרב 2010 מוני 750 מל פיקדון,מיליליטרים,750.00,"100 מ""ל",false,1,80.00,10.6667,true,1,7861
7290006744937,false,יין פטיט סירה רזרב מ,,,יין פטיט סירה רזרב מוני  750 מל,מיליליטרים,750.00,"100 מ""ל",false,6,80.00,10.6667,true,1,33134
7290006745040,false,יין קולומבארד סדרת א,,,יין קולומבארד סדרת אם 750מל פקדון,מיליליטרים,750.00,"100 מ""ל",false,1,40.00,5.3333,true,1,8559
7290006745071,false,יין נחל שסק אדום מונ,יקב מוני,IL,יין נחל שסק אדום מוני 750 מל,מיליליטרים,750.00,"100 מ""ל",false,6,60.00,8.0000,true,1,25388
7290006748089,false,יין נחל קריניאן מוני,יקב מוני,IL,יין נחל קריניאן מוני 750 מל,מיליליטרים,750.00,"100 מ""ל",false,6,60.00,8.0000,true,1,25389
7290006764270,false,מארז 4יח סודה אשכולי,,IL,מארז 4יח סודה אשכולית אדומה1.5ל בק.פקדון,ליטרים,6.00,ליטר,false,1,11.90,1.9833,true,1,42830
7290006764485,false,מארז 6 בירה נשר מאלט,,,מארז 6 בירה נשר מאלט 330 מל פיקדון,ליטרים,1.98,ליטר,false,1,35.90,18.1313,true,1,2732
7290006765000,false,טורטיה טורטילס קמח מ,מוטלוקל,TR,טורטיה טורטילס קמח מלא 8 יח 360 גר,גרמים,540.00,100 גרם,false,1,10.90,2.0185,true,1,6592
7290006765765,false,פפאיה 200 גרם בקופסא,,,פפאיה 200 גרם,גרמים,200.00,100 גרם,false,1,10.90,5.4500,true,1,2686
7290006765772,false,אננס יבש 200 גרם בקו,"דין שיווק וקלייה בע""",,אננס יבש 200 גרם,גרמים,200.00,100 גרם,false,1,10.90,5.4500,true,1,2687
7290006765895,false,בוטנים בקליפה 200 גר,,,בוטנים בקליפה 200 גר שקית,גרמים,200.00,100 גרם,false,1,7.50,3.7500,true,1,11371
7290006770561,false,לקט לקוסקוס 800 ג פר,פרי גליל,,לקט לקוסקוס 800 ג פרי גליל,גרמים,800.00,100 גרם,false,1,15.90,1.9875,true,1,4733
7290006784018,false,מילוי מכשיר מטהר אוי,,,מילוי מכשיר מטהר אויר אימגיין בלה 250מ,מיליליטרים,250.00,"100 מ""ל",false,12,11.90,4.7600,true,1,42866
7290006784308,false,מבשם אוויר 400מל ניח,קומפלקס כימיקלים,TR,מבשם אוויר 400מל ניחוח חופשה בפרובנס,מיליליטרים,400.00,"100 מ""ל",false,12,9.90,2.4750,true,1,38567
7290006784339,false,תרסיס לניקוי רהיטים,קומפלקס כימיקלים,IL,תרסיס לניקוי רהיטים 300מל סנט מוריץ,מיליליטרים,300.00,"100 מ""ל",false,12,9.90,3.3000,true,1,22874
7290006784346,false,קצף  לניקוי  שטיחים,קומפלקס כימיקלים,IL,קצף  לניקוי  שטיחים 630 מל סנט מוריץ,מיליליטרים,630.00,"100 מ""ל",false,12,14.90,2.3651,true,1,22875
7290006784360,false,נוזל חלונות סנט מורי,קומפלקס כימיקלים,IL,נוזל חלונות סנט מוריץ 1 ליטר,ליטרים,1.00,ליטר,false,15,5.90,5.9000,true,1,7781
7290006784414,false,מבשם כביסה 500מל בני,קומפלקס כימיקלים,TR,מבשם כביסה 500מל בניחוח מלון ספא,מיליליטרים,500.00,"100 מ""ל",false,12,12.90,2.5800,true,1,38562
7290006784438,false,מרכך כביסה פיור לאב,קומפלקס כימיקלים,TR,מרכך כביסה פיור לאב לבן 1ליטר,ליטרים,1.00,ליטר,false,12,10.90,10.9000,true,1,42527
7290006784452,false,מבשם כביסה 500מל בני,קומפלקס כימיקלים,TR,מבשם כביסה 500מל בניחוח מלון רויאל,מיליליטרים,500.00,"100 מ""ל",false,12,12.90,2.5800,true,1,38564
7290006784469,false,מבשם אוויר 400מל ניח,קומפלקס כימיקלים,TR,מבשם אוויר 400מל ניחוח חופשה במיקונוס,מיליליטרים,400.00,"100 מ""ל",false,12,9.90,2.4750,true,1,38569
7290006784483,false,מבשם אוויר 400מל ניח,קומפלקס כימיקלים,TR,מבשם אוויר 400מל ניחוח חופשה סנט מוריץ,מיליליטרים,400.00,"100 מ""ל",false,12,9.90,2.4750,true,1,38568
7290006784865,false,מתז לניקוי מטבחים 1,קומפלקס כימיקלים,IL,מתז לניקוי מטבחים 1 ליטר מרוכז סנט מוריץ,ליטרים,1.00,ליטר,false,15,10.90,10.9000,true,1,23455
7290006788016,false,שמפו קרליין לשיער יב,,,שמפו קרליין לשיער יבש 700 מל,מיליליטרים,700.00,"100 מ""ל",false,1,12.90,1.8429,true,1,2456
7290006788030,false,שמפו קרליין שליטה על,,,שמפו קרליין שליטה על תלתלים 700 מל,מיליליטרים,700.00,"100 מ""ל",false,1,12.90,1.8429,true,1,2458
7290006788412,false,קרליין דאו רול און כ,,,קרליין דאו רול און כחול 75 מל,מיליליטרים,75.00,"100 מ""ל",false,1,12.90,17.2000,true,1,2718
7290006788436,false,קרליין דאו רול און ו,,,קרליין דאו רול און ורוד 75 מל,מיליליטרים,75.00,"100 מ""ל",false,1,12.90,17.2000,true,1,2720
7290006788443,false,קרליין דאו רול און ס,,,קרליין דאו רול און סגול 75 מל,מיליליטרים,75.00,"100 מ""ל",false,1,12.90,17.2000,true,1,2721
7290006788450,false,דאו קרליין ספאיי נוש,,,דאו קרליין ספאיי נושם טורקיז 200 מל,מיליליטרים,200.00,"100 מ""ל",false,1,12.90,6.4500,true,1,2711
7290006788467,false,דאו קרליין ספריי נוש,,,דאו קרליין ספריי נושם ירוק 200 מל,מיליליטרים,200.00,"100 מ""ל",false,1,12.90,6.4500,true,1,2712
7290006788481,false,דאו קרליין ספריי נוש,,,דאו קרליין ספריי נושם כתום 200 מל,מיליליטרים,200.00,"100 מ""ל",false,1,12.90,6.4500,true,1,2713
7290006788498,false,דאו.קרליין ספריי נוש,,,דאו.קרליין ספריי נושם ורוד 200 מל,מיליליטרים,200.00,"100 מ""ל",false,1,12.90,6.4500,true,1,2714
7290006788504,false,דאו קרליין ספריי נוש,,,דאו קרליין ספריי נושם סגול 200 מל,מיליליטרים,200.00,"100 מ""ל",false,1,12.90,6.4500,true,1,2715
7290006788559,false,דאודורנט טיטניום בלו,סנו,,דאודורנט טיטניום בלו ספריי 180 מל,מיליליטרים,180.00,"100 מ""ל",false,1,17.90,9.9444,true,1,2710
7290006789617,false,קרם לחות 10 לשיער מת,,,קרם לחות 10 לשיער מתולתל 400 מל,מיליליטרים,400.00,"100 מ""ל",false,1,16.90,4.2250,true,1,3113
7290006789624,false,קרם לחות 10 לשיער צב,,,קרם לחות 10 לשיער צבוע 400 מל,מיליליטרים,400.00,"100 מ""ל",false,1,16.90,4.2250,true,1,3112
7290006789631,false,קרם לחות 10 לשיער רג,,,קרם לחות 10 לשיער רגיל 400 מל,מיליליטרים,400.00,"100 מ""ל",false,1,16.90,4.2250,true,1,3111
7290006789648,false,קרם לחות 10 לשיער יב,,,קרם לחות 10 לשיער יבש 400 מל,מיליליטרים,400.00,"100 מ""ל",false,1,16.90,4.2250,true,1,3109
7290006791870,false,גל אקסטרים לעיצוב חז,,,גל אקסטרים לעיצוב חזק 500 מל,גרמים,500.00,100 גרם,false,1,19.90,3.9800,true,1,4967
7290006805355,false,תערובת לכדורי שוקולד,,,תערובת לכדורי שוקולד 517 גרם,גרמים,517.00,100 גרם,false,1,18.90,3.6557,true,1,3305
7290006805362,false,חצי בגט רגיל,פילסברי,,חצי בגט רגיל,Unknown,0.00,Unknown,false,1,3.50,0.0000,true,1,13764
7290006805850,false,תערובת לפנקיק 400 ג,,,תערובת לפנקיק 400 ג פילסברי,גרמים,400.00,100 גרם,false,1,18.90,4.7250,true,1,3624
7290006822192,false,משקה חמוציות דיאט או,פריגת,,משקה חמוציות דיאט אושן ספריי 1 ל פקדון,ליטרים,1.00,ליטר,false,1,11.90,11.9000,true,1,2837
7290006822857,false,בירה דיאט מאלטי בק 1,קרלסברג ישראל,,בירה דיאט מאלטי בק 1.50 ליטר,ליטרים,1.50,ליטר,false,1,7.90,5.2667,true,1,3659
7290006855183,false,חטיף ברבריא תמר אגוז,טבעית מוצרים מן הטבע,,חטיף ברבריא תמר אגוז 4 יח 120 גר,גרמים,120.00,100 גרם,false,1,14.90,12.4167,true,1,10582
7290006855190,false,חטיף ברבריא תמר ובננ,טבעית מוצרים מן הטבע,,חטיף ברבריא תמר ובננה 4 יח 120 גר,גרמים,120.00,100 גרם,false,1,14.90,12.4167,true,1,25073
7290006855206,false,חטיף ברבריא שזיף קוק,טבעית מוצרים מן הטבע,,חטיף ברבריא שזיף קוקוס 4 יח 120 גר,גרמים,120.00,100 גרם,false,1,14.90,12.4167,true,1,10581
7290006855244,false,חטיף ברבריא אגוז וצי,טבעית מוצרים מן הטבע,,חטיף ברבריא אגוז וצימוק 4 יח 108 גר,גרמים,108.00,100 גרם,false,1,14.90,13.7963,true,1,10579
7290006855251,false,חטיף ברבריא קשיו חמו,טבעית מוצרים מן הטבע,,חטיף ברבריא קשיו חמוציות 4 יח  108 גר,גרמים,108.00,100 גרם,false,1,14.90,13.7963,true,1,10580
7290006855404,false,חטיף ברבריא בייטס תמ,טבעית מוצרים מן הטבע,IL,חטיף ברבריא בייטס תמר שקד פיסטוק 55 גר,Unknown,0.00,Unknown,false,12,6.90,0.0000,true,1,38183
7290006855428,false,חטיף ברבריא בייטס תמ,טבעית מוצרים מן הטבע,IL,חטיף ברבריא בייטס תמר לוז קשיו 55 גר,Unknown,0.00,Unknown,false,12,6.90,0.0000,true,1,38184
7290006855435,false,חטיף ברבריא בייטס תמ,טבעית מוצרים מן הטבע,IL,חטיף ברבריא בייטס תמר שקד קוקוס 55 גר,Unknown,0.00,Unknown,false,12,6.90,0.0000,true,1,38185
7290006866363,false,מיץ אשכליות אדומות ס,,,מיץ אשכליות אדומות סחוט טרי 1 ל פקדון,ליטרים,1.00,ליטר,false,1,14.90,14.9000,true,1,4303
7290006866967,false,פרימור נקטר חמוציות,,,פרימור נקטר חמוציות 1 ל בקבוק פיקדון,ליטרים,1.00,ליטר,false,1,13.50,13.5000,true,1,6563
7290006899088,false,תה סרמוני ירוק נענע,תה סרמוני בעמ,,תה סרמוני ירוק נענע 20 יח,יחידה,20.00,יחידה,false,1,16.90,0.8450,true,1,12345
7290006899187,false,תה סרמוני לימונית לו,תה סרמוני בעמ,,תה סרמוני לימונית לואיזה 20יח,יחידה,20.00,יחידה,false,1,16.90,0.8450,true,1,12346
7290006899217,false,תה סרמוני אינגלש ברק,תה סרמוני בעמ,IL,תה סרמוני אינגלש ברקפסט  20 יח,יחידה,20.00,יחידה,false,6,16.90,0.8450,true,1,5649
7290006899224,false,תה סרמוני ירוק יסמין,תה סרמוני בעמ,IL,תה סרמוני ירוק יסמין 20 יח,יחידה,20.00,יחידה,false,6,16.90,0.8450,true,1,38868
7290006899255,false,תה סרמוני ארל גריי 2,תה סרמוני בעמ,,תה סרמוני ארל גריי 20 יח,יחידה,20.00,יחידה,false,1,16.90,0.8450,true,1,5650
7290006899262,false,תה סרמוני גינגר אפרס,תה סרמוני בעמ,IL,תה סרמוני גינגר אפרסק 20 יח,יחידה,20.00,יחידה,false,6,16.90,0.8450,true,1,5651
7290006899293,false,תה סרמוני צאי הודי 2,תה סרמוני בעמ,IL,תה סרמוני צאי הודי 20 יח,יחידה,20.00,יחידה,false,6,16.90,0.8450,true,1,5652
7290006899316,false,תה סרמוני ירוק סנצה,תה סרמוני בעמ,IL,תה סרמוני ירוק סנצה 20 יח,יחידה,20.00,יחידה,false,6,16.90,0.8450,true,1,5655
7290006899354,false,תה סרמוני פרחי קמומי,תה סרמוני בעמ,IL,תה סרמוני פרחי קמומיל 20 יח,יחידה,20.00,יחידה,false,6,16.90,0.8450,true,1,5653
7290006899361,false,תה סרמוני פירות יער,תה סרמוני בעמ,IL,תה סרמוני פירות יער 20  יח,יחידה,20.00,יחידה,false,6,16.90,0.8450,true,1,5654
7290006899705,false,תה סרמוני ירוק לימונ,תה סרמוני בעמ,IL,תה סרמוני ירוק לימונית 20 יח,יחידה,20.00,יחידה,false,6,16.90,0.8450,true,1,38867
7290006920836,false,צהובה טובה מעושנת 35,,,צהובה טובה מעושנת 350 גרם פרוס,גרמים,350.00,100 גרם,false,1,11.90,3.4000,true,1,17053
7290006920843,false,צהובה טובה מוצרלה 35,,,צהובה טובה מוצרלה 350 גרם פרוס,גרמים,350.00,100 גרם,false,1,11.90,3.4000,true,1,17054
7290006942012,false,רפידת מסאז עור,,,רפידת מסאז עור,Unknown,0.00,Unknown,false,1,59.50,0.0000,true,1,2673
7290006942043,false,רפידת נוחות אנטי בקט,,,רפידת נוחות אנטי בקטריאלית,Unknown,0.00,Unknown,false,1,23.00,0.0000,true,1,2675
7290006942098,false,בולם זעזועים עור,,,בולם זעזועים עור,Unknown,0.00,Unknown,false,1,75.00,0.0000,true,1,4452
7290006942111,false,רפידת אמטומיק אווריר,,,רפידת אמטומיק אוורירי,Unknown,0.00,Unknown,false,1,52.00,0.0000,true,1,6564
7290006942166,false,רפידת לטקס גל,,,רפידת לטקס גל,Unknown,0.00,Unknown,false,1,75.00,0.0000,true,1,13165
7290006942210,false,גרבי במבוק אנטיבקטרי,,,גרבי במבוק אנטיבקטריאלי 2 זוגות,Unknown,0.00,Unknown,false,1,64.90,0.0000,true,1,32914
7290006960023,false,כרוב כבוש 750 גרם,מאמא מרי,,כרוב כבוש 750 גרם,גרמים,750.00,100 גרם,false,1,19.90,2.6533,true,1,10136
7290006960429,false,כרוב בולגרי כבוש 750,מאמא מרי,,כרוב בולגרי כבוש 750 גרם,גרמים,750.00,100 גרם,false,1,19.90,2.6533,true,1,10137
7290006963093,false,פרילי סוריני בכוכב פ,MIESZKO,,prhkhbho xurhbh fufc ehauy npj 60 dro,Unknown,0.00,Unknown,false,1,12.90,0.0000,true,1,28081
7290006983152,false,קרוטונים מתובלים אסם,עינת,,קרוטונים מתובלים אסם 400 גר,גרמים,400.00,100 גרם,false,1,16.90,4.2250,true,1,3422
7290006983176,false,לחמית שיפון 230 גרם,"אסם תעשיות בע""מ",,לחמית שיפון 230 גרם,גרמים,230.00,100 גרם,false,1,7.90,3.4348,true,1,2887
7290006983206,false,פלאפל בקלי קלות 180,"אסם תעשיות בע""מ",,פלאפל בקלי קלות 180 ג,גרמים,180.00,100 גרם,false,1,9.50,5.2778,true,1,3094
7290006983770,false,עוגת הבית שיש 400 גר,"אסם תעשיות בע""מ",,עוגת הבית שיש 400 גר,גרמים,400.00,100 גרם,false,1,12.90,3.2250,true,1,2878
7290006983787,false,עוגת הבית שוקוציפס 4,"אסם תעשיות בע""מ",,עוגת הבית שוקוציפס 400 גר,גרמים,400.00,100 גרם,false,1,12.90,3.2250,true,1,2839
7290006983794,false,עוגת הבית תפוז 400 ג,"אסם תעשיות בע""מ",,עוגת הבית תפוז 400 גר,גרמים,400.00,100 גרם,false,1,12.90,3.2250,true,1,2840
7290006992161,false,דייסת מטרנה קורנפלור,מטרנה,,דייסת מטרנה קורנפלור 200 גר,גרמים,200.00,100 גרם,false,1,14.90,7.4500,true,1,2788
7290006992185,false,דייסת מטרנה אורז 200,מטרנה,,דייסת מטרנה אורז 200 גר,גרמים,200.00,100 גרם,false,1,14.90,7.4500,true,1,2789
7290006992192,false,דייסת מטרנה סולת 200,מטרנה,,דייסת מטרנה סולת 200 גר,גרמים,200.00,100 גרם,false,1,14.90,7.4500,true,1,2790
7290006992208,false,דייסת מטרנה דגנים 20,מטרנה,,דייסת מטרנה דגנים 200 גר,גרמים,200.00,100 גרם,false,1,14.90,7.4500,true,1,2787
7290006992390,false,דייסת מטרנה וניל 200,מטרנה,,דייסת מטרנה וניל 200 גר,גרמים,200.00,100 גרם,false,1,14.90,7.4500,true,1,3702
7290006992864,false,לה קט חתלתולים 2.85,,,לה קט חתלתולים 2.85 קג,קילוגרמים,2.85,"ק""ג",false,1,54.90,19.2632,true,1,5405
7290007826502,false,משקה גינגר אייל לימו,,FR,משקה גינגר אייל לימונדה קנדה 355מל פק.,מיליליטרים,355.00,"100 מ""ל",false,24,8.90,2.5070,true,1,21926
7290008000239,false,שטיפה אינטימית פמינה,,,שטיפה אינטימית פמינה עם לחות 220 מל,מיליליטרים,220.00,"100 מ""ל",false,1,26.90,12.2273,true,1,6610
7290008000246,false,שטיפה אינטימית פמינה,,,שטיפה אינטימית פמינה עם אלוורה 220 מל,מיליליטרים,220.00,"100 מ""ל",false,1,26.90,12.2273,true,1,6609
7290008000796,false,משחת שיניים סופרמן י,,,משחת שיניים סופרמן ילדים 70 מל,Unknown,0.00,Unknown,false,1,12.90,0.0000,true,1,9021
7290008000826,false,מש.שיניים ברבי לילדי,,,מש.שיניים ברבי לילדים,Unknown,0.00,Unknown,false,1,12.90,0.0000,true,1,3733
7290008001502,false,מי פה אלמקס לשיניים,CP-Poland swidnica,,מי פה אלמקס לשיניים רגישות 400 מל,מיליליטרים,400.00,"100 מ""ל",false,1,34.90,8.7250,true,1,5557
7290008023542,false,נוזל רצפה סיף יסמין,יוניליוור,,נוזל רצפה סיף יסמין  4 ל,ליטרים,4.00,ליטר,false,1,19.90,4.9750,true,1,2066
7290008101318,false,פירורי לחם קריספ זהו,,,פירורי לחם קריספ זהוב 300 גרם,גרמים,300.00,100 גרם,false,20,6.90,2.3000,true,1,42584
7290008101356,false,פירורי לחם קריספ פנק,,,פירורי לחם קריספ פנקו 300 גרם,גרמים,300.00,100 גרם,false,20,9.90,3.3000,true,1,42585
7290008104050,false,שטיפה אינטימית פמינה,,,שטיפה אינטימית פמינה 220 מל,מיליליטרים,220.00,"100 מ""ל",false,1,23.90,10.8636,true,1,6608
7290008116541,false,נוזל שטיפת פה ליסטרי,,IT,נוזל שטיפת פה ליסטרין מנטה כחול 500מרענן,מיליליטרים,500.00,"100 מ""ל",false,1,19.90,3.9800,true,1,4365
7290008116565,false,נוזל שטיפת פה ליסטרי,,IT,נוזל שטיפת פה ליסטרין פרש ירוק 500מרענן,מיליליטרים,500.00,"100 מ""ל",false,1,19.90,3.9800,true,1,4364
7290008116862,false,שמן תינוק בלנאום 500,,,שמן תינוק בלנאום 500 מל,מיליליטרים,500.00,"100 מ""ל",false,1,69.90,13.9800,true,1,17116
7290008154222,false,שניצלונים עוף טוב 70,עוף טוב,,שניצלונים עוף טוב 700 גר,גרמים,700.00,100 גרם,false,1,21.90,3.1286,true,1,3442
7290008175173,false,חמאה ללא מלח 200גרם,,FI,חמאה ללא מלח 200גרם פינלנד,גרמים,200.00,100 גרם,false,20,11.90,5.9500,true,1,2569
7290008175210,false,גבינת פרמזן מגורדת 9,זנטי,,גבינת פרמזן מגורדת 90 גרם,Unknown,0.00,Unknown,false,1,15.90,0.0000,true,1,2842
7290008175760,false,גבינת מנצגו חלב כבשי,אלפסטור,,גבינת מנצגו חלב כבשים במשקל,קילוגרמים,1.00,"ק""ג",true,,119.00,119.0000,true,1,7893
7290008190909,false,עוג.מיני קוקיס שוקול,כרמית,,עוג.מיני קוקיס שוקולד ציפס 600 גר,גרמים,600.00,100 גרם,false,1,15.90,2.6500,true,1,3429
7290008190985,false,לקקן כרמית גלידה 50,שוגבי,,לקקן כרמית גלידה 50 יח שקית,Unknown,0.00,Unknown,false,1,16.90,0.0000,true,1,3430
7290008233026,false,משחה להברקת כל סוגי,,NL,משחה להברקת כל סוגי המתכות פיק 100גר,גרמים,100.00,100 גרם,false,1,29.90,29.9000,true,1,27570
7290008263214,false,ממרח חרובים אורגני 3,,,ממרח חרובים אורגני 350 ג הרדוף,גרמים,350.00,100 גרם,false,1,19.90,5.6857,true,1,4438
7290008263481,false,פסטה פנה קמח לבן,,,פסטה פנה קמח לבן,גרמים,500.00,100 גרם,false,1,10.90,2.1800,true,1,3188
7290008263498,false,פתיתים פוזילי אורגני,,,פתיתים פוזילי אורגני 500 גר הרדוף,גרמים,500.00,100 גרם,false,1,10.90,2.1800,true,1,3187
7290008263528,false,ממרח שוקולד אגוז אור,,,ממרח שוקולד אגוז אורגני 350 ג הרדוף,גרמים,350.00,100 גרם,false,1,19.90,5.6857,true,1,4437
7290008263535,false,ממרח שוקולד אורגני 3,,,ממרח שוקולד אורגני 350 ג הרדוף,גרמים,350.00,100 גרם,false,1,19.90,5.6857,true,1,4436
7290008263597,false,קוואקר אורגני 500 גר,,,קוואקר אורגני 500 גר הרדוף,גרמים,500.00,100 גרם,false,1,10.90,2.1800,true,1,2195
7290008263610,false,קורנפלקס אורגני 375,,,קורנפלקס אורגני 375 ג,גרמים,375.00,100 גרם,false,1,18.90,5.0400,true,1,4029
7290008263641,false,קוואקר עדין אורגני 5,,,קוואקר עדין אורגני 500 גר הרדוף,גרמים,500.00,100 גרם,false,1,10.90,2.1800,true,1,4310
7290008263658,false,חלב סויה אורגני ללא,,,חלב סויה אורגני ללא סוכר 1 ל הרדוף,ליטרים,1.00,ליטר,false,1,11.90,11.9000,true,1,4553
7290008263726,false,טחינה משומשום מלא או,,,טחינה משומשום מלא אורגני 400גר הרדוף,גרמים,400.00,100 גרם,false,1,17.90,4.4750,true,1,3253
7290008263764,false,פסטה פוסילי טריקולו,,,פסטה פוסילי טריקולו 500 ג,גרמים,500.00,100 גרם,false,1,13.90,2.7800,true,1,3511
7290008310406,false,אמפנדס פטריות 12יחיד,מאפה של חייקה,IL,אמפנדס פטריות 12יחידות 700גר,גרמים,700.00,100 גרם,false,1,46.90,6.7000,true,1,40106
7290008310604,false,אמפנדס תירס 12יחידות,מאפה של חייקה,IL,אמפנדס תירס 12יחידות 700גר,גרמים,700.00,100 גרם,false,1,46.90,6.7000,true,1,40110
7290008328913,false,סילאן טבעי יורופוד 9,סטיגוליו,,סילאן טבעי יורופוד 900 גר,גרמים,900.00,100 גרם,false,1,19.90,2.2111,true,1,4352
7290008330107,false,מרכך בדין 4 ליטר סגו,יוניליוור,,מרכך בדין 4 ליטר סגול,ליטרים,4.00,ליטר,false,1,19.90,4.9750,true,1,1295
7290008330398,false,בדין דפי מרכך כחול ל,יוניליוור,,בדין דפי מרכך כחול למייבש 40 יח,יחידה,40.00,יחידה,false,1,16.90,0.4225,true,1,1294
7290008333115,false,אבקת גלטין טהור מדגי,ויינברג,,אבקת גלטין טהור מדגים 28 ג,גרמים,28.00,100 גרם,false,1,10.90,38.9286,true,1,1757
7290008335515,false,אגרול סיני 600 גרם ש,שלושת האופים,,אגרול סיני 600 גרם שלושת האופים,גרמים,600.00,100 גרם,false,1,12.90,2.1500,true,1,2112
7290008335539,false,פלמיני כיסוני בשר 60,שלושת האופים,,פלמיני כיסוני בשר 600 גרם שלושת האופים,גרמים,600.00,100 גרם,false,1,12.90,2.1500,true,1,2114
7290008335546,false,ורניקי כיסוני תפוא 6,שלושת האופים,,ורניקי כיסוני תפוא 600 גרם שלושת האופים,גרמים,600.00,100 גרם,false,1,12.90,2.1500,true,1,40258
7290008335553,false,קובה בשר 600 גרם שלו,שלושת האופים,,קובה בשר 600 גרם שלושת האופים,גרמים,600.00,100 גרם,false,1,12.90,2.1500,true,1,2113
7290008335560,false,סיגרים בשר 600 גרם ש,שלושת האופים,,סיגרים בשר 600 גרם שלושת האופים,גרמים,600.00,100 גרם,false,1,12.90,2.1500,true,1,2111
7290008335577,false,פסטלים תפוא 600 גרם,שלושת האופים,,פסטלים תפוא 600 גרם שלושת האופים,גרמים,600.00,100 גרם,false,1,12.90,2.1500,true,1,2109
7290008335584,false,סיגרים תפוא 600 גרם,שלושת האופים,,סיגרים תפוא 600 גרם שלושת האופים,גרמים,600.00,100 גרם,false,1,12.90,2.1500,true,1,2110
7290008336796,false,בשר ראש חלק קפוא,טיבון ויל,,בשר ראש חלק קפוא,קילוגרמים,1.00,"ק""ג",true,,79.90,79.9000,true,1,3251
7290008336925,false,פחם 2 קג טיבון ויל,טיבון ויל,,פחם 2 קג טיבון ויל,Unknown,0.00,Unknown,false,1,17.90,0.0000,true,1,2247
7290008340618,false,סלמון מעושן 100 גרם,דלידג,,סלמון מעושן 100 גרם,גרמים,100.00,100 גרם,false,1,19.90,19.9000,true,1,2845
7290008343466,false,בצק פילו 500 גרם,שלושת האופים שגמור,,בצק פילו 500 גרם,גרמים,500.00,100 גרם,false,1,19.90,3.9800,true,1,3492
7290008343503,false,גחנון אפוי 650 גרם,אופרה,,גחנון אפוי 650 גרם,גרמים,650.00,100 גרם,false,1,19.90,3.0615,true,1,2951
7290008343510,false,מיני גחנון אפוי 650,שלושת האופים ירכא,,מיני גחנון אפוי 650 גר שלושת האופים,גרמים,650.00,100 גרם,false,1,19.90,3.0615,true,1,2952
7290008344258,false,המבורגר מזרחי 400 גר,טיבון ויל,,המבורגר מזרחי 400 גרם,גרמים,400.00,100 גרם,false,1,15.90,3.9750,true,1,2304
7290008344272,false,המבורגר אמיתי 400 גר,טיבון ויל,,המבורגר אמיתי 400 גרם,גרמים,400.00,100 גרם,false,1,15.90,3.9750,true,1,2474
7290008344869,false,כתף בקר קרווינג מוכש,,,כתף בקר קרווינג מוכשר,קילוגרמים,1.00,"ק""ג",true,,65.00,65.0000,true,1,40619
7290008345118,false,מקרל בשמן 240 גרם,דלידג,,מקרל בשמן 240 גרם,גרמים,240.00,100 גרם,false,1,26.90,11.2083,true,1,2499
7290008345132,false,פילה  הרינג כבוש 240,דלידג,,פילה  הרינג כבוש 240 גרם,גרמים,240.00,100 גרם,false,1,25.90,10.7917,true,1,2498
7290008345156,false,פילה מקרוסקה מעושנת,דלידג,,פילה מקרוסקה מעושנת בואקום במשקל,קילוגרמים,1.00,"ק""ג",true,,129.00,129.0000,true,1,2502
7290008345163,false,מקרל שלם במשקל,דלידג,,מקרל שלם במשקל,קילוגרמים,1.00,"ק""ג",true,,109.00,109.0000,true,1,2501
7290008345170,false,מקרל חצאים במשקל,דלידג,,מקרל חצאים במשקל,קילוגרמים,1.00,"ק""ג",true,,109.00,109.0000,true,1,2500
7290008345514,false,איקרה לבנה במשקל,,,איקרה לבנה במשקל,קילוגרמים,1.00,"ק""ג",true,,65.00,65.0000,true,1,29168
7290008345576,false,איקרה ביתית לבנה 300,דלידג,,איקרה ביתית לבנה 300 גרם,גרמים,300.00,100 גרם,false,1,21.90,7.3000,true,1,2876
7290008345583,false,איקרה ביתית ורודה 30,דלידג,,איקרה ביתית ורודה 300 גרם,גרמים,300.00,100 גרם,false,1,21.90,7.3000,true,1,2877
7290008345781,false,נקניקיות צוריסוס/מרג,טיבון ויל,,נקניקיות צוריסוס במשקל,קילוגרמים,1.00,"ק""ג",true,,85.00,85.0000,true,1,3153
7290008347211,false,אצבעות דג 700 ג,דלידג,,אצבעות דג 700 ג,גרמים,700.00,100 גרם,false,1,22.90,3.2714,true,1,3420
7290008347730,false,סלמון מעושן הילטון ב,דלידג,,סלמון מעושן הילטון במשקל,קילוגרמים,1.00,"ק""ג",true,,219.00,219.0000,true,1,5139
7290008350150,false,בצק פילו 350גר מצונן,,,בצק פילו 350גר מצונן מרודד שף שגב,גרמים,350.00,100 גרם,false,12,15.90,4.5429,true,1,44107
7290008350174,false,בצק עלים 350גר מצונן,,,בצק עלים 350גר מצונן מרודד שף שגב,גרמים,350.00,100 גרם,false,12,15.90,4.5429,true,1,44108
7290008379335,false,גיבן בואקום 500 גר,,,גיבן בואקום 500 גר,גרמים,500.00,100 גרם,false,,34.90,6.9800,true,1,7343
7290008379373,false,גבינת אורגו טבעי 300,,,גבינת אורגו טבעי 300 גר,גרמים,300.00,100 גרם,false,1,27.90,9.3000,true,1,7340
7290008379380,false,גבינת סולוגוני 300 ג,,,גבינת סולוגוני 300 גר,גרמים,300.00,100 גרם,false,1,27.90,9.3000,true,1,7341
7290008379557,false,כדורי בייבי מוצרלה 1,,,כדורי בייבי מוצרלה 150 גר,גרמים,150.00,100 גרם,false,1,13.90,9.2667,true,1,7342
7290008403030,false,גבינת פאווה דאיסיני,איסיני סנט מור,FR,גבינת פאווה דאיסיני במשקל,קילוגרמים,1.00,"ק""ג",true,,179.00,179.0000,true,1,10519
7290008403054,false,גבינת סנט פולאן במשק,איזיניסטמר,,גבינת סנט פולאן במשקל,קילוגרמים,1.00,"ק""ג",true,,179.00,179.0000,true,1,41175
7290008403078,false,גבינת טום שובייה עיז,זולנפוב,,גבינת טום שובייה עיזים/בקר במשקל,קילוגרמים,1.00,"ק""ג",true,,199.00,199.0000,true,1,10522
7290008403085,false,גבינת טום מוניטיין ע,זולנפוב,,גבינת טום מוניטיין עיזים במשרל,קילוגרמים,1.00,"ק""ג",true,,199.00,199.0000,true,1,10521
7290008403153,false,גבינת דליס דה בורגון,לנסט,,גבינת דליס דה בורגון במשקל,קילוגרמים,1.00,"ק""ג",true,,189.00,189.0000,true,1,10961
7290008403191,false,גבינת קשקבל בשלה במש,,,גבינת קשקבל בשלה במשקל,קילוגרמים,1.00,"ק""ג",true,,109.00,109.0000,true,1,10784
7290008403238,false,גבינת ברי איסיני במש,איסיני סנט מור,,גבינת ברי איסיני במשקל,קילוגרמים,1.00,"ק""ג",true,,129.00,129.0000,true,1,12179
7290008403269,false,גבינת אמנטל שוויצרי,פרדי בר,,גבינת אמנטל שוויצרי במשקל,קילוגרמים,1.00,"ק""ג",true,,120.00,120.0000,true,1,12083
7290008403344,false,גבינת לנדאנה מאסדם ב,ונדסטאר,,גבינת לנדאנה מאסדם במשקל 12 קג,קילוגרמים,1.00,"ק""ג",true,,75.00,75.0000,true,1,12966
7290008403443,false,גבינת קברה במשקל,סאן ויסנצה,,גבינת קברה במשקל,קילוגרמים,1.00,"ק""ג",true,,189.00,189.0000,true,1,13573
7290008403450,false,גבינת מנצגו במשקל,סאן ויסנצה,,גבינת מנצגו במשקל,קילוגרמים,1.00,"ק""ג",true,,189.00,189.0000,true,1,13572
7290008403627,false,גבינת בימסטר אידג במ,בימסטר,NL,גבינת בימסטר אידג במשקל,קילוגרמים,1.00,"ק""ג",true,,169.00,169.0000,true,1,24688
7290008403641,false,גבינת בימסטר רויאל ב,בימסטר,NL,גבינת בימסטר רויאל במשקל,קילוגרמים,1.00,"ק""ג",true,,189.00,189.0000,true,1,24689
7290008403672,false,גבינת קומטה שמיניות,,FR,גבינת קומטה שמיניות במשקל 12 חודש,קילוגרמים,1.00,"ק""ג",true,,189.00,189.0000,true,1,18734
7290008403771,false,גבינת פלור דה אלפס ב,מלוסין,CH,גבינת פלור דה אלפס במשקל שוויץ,קילוגרמים,1.00,"ק""ג",true,,219.00,219.0000,true,1,20786
7290008403788,false,גבינת פורמזה דה פינו,,CH,גבינת פורמזה דה פינואה במשקל,קילוגרמים,1.00,"ק""ג",true,,149.00,149.0000,true,1,20788
7290008403832,false,גבינת אולד רוטרדם בק,הנרי בליך,NL,גבינת אולד רוטרדם בקר במשקל חצי גלגל הול,קילוגרמים,1.00,"ק""ג",true,,145.00,145.0000,true,1,20791
7290008403849,false,גבינת אולד רוטרדם עז,הנרי בליך,NL,גבינת אולד רוטרדם עזים במשקל חצי גלגל,קילוגרמים,1.00,"ק""ג",true,,179.00,179.0000,true,1,20792
7290008408073,false,מים מזוקקים 4 ליטר,י.שיאון,,מים מזוקקים 4 ליטר,ליטרים,4.00,ליטר,false,1,14.90,3.7250,true,1,12097
7290008409049,false,שניצלונים מיני מיני,תנובה גליל,,שניצלונים מיני מיני  בציפוי שומשום 500גר,גרמים,500.00,100 גרם,false,1,29.90,5.9800,true,1,8424
7290008409100,false,אצבעות שניצל בציפוי,תנובה גליל,,אצבעות שניצל בציפוי שומשום 700 ג,גרמים,700.00,100 גרם,false,1,29.90,4.2714,true,1,3698
7290008409124,false,שניצל עוף גונגל 700,תנובה גליל,,שניצל עוף גונגל 700 ג,גרמים,700.00,100 גרם,false,1,29.90,4.2714,true,1,3708
7290008409216,false,שניצל דק דק פריך 700,תנובה גליל,,שניצל דק דק פריך 700 גר,גרמים,700.00,100 גרם,false,1,31.90,4.5571,true,1,5959
7290008409223,false,שניצל דק דק מתובל 70,תנובה גליל,,שניצל דק דק מתובל 700 גר,גרמים,700.00,100 גרם,false,1,31.90,4.5571,true,1,6126
7290008409315,false,שניצלונים מיני מיני,תנובה גליל,,שניצלונים מיני מיני בציפוי פריך 500ג,גרמים,500.00,100 גרם,false,1,29.90,5.9800,true,1,2841
7290008409407,false,שניצל דק בציפוי ציפס,תנובה גליל,,שניצל דק בציפוי ציפס 700 גר,קילוגרמים,700.00,"ק""ג",false,1,31.90,0.0456,true,1,2486
7290008409544,false,שניצל עוף אמיתי פריך,תנובה גליל,,שניצל עוף אמיתי פריך 700 גרם,גרמים,700.00,100 גרם,false,1,31.90,4.5571,true,1,2078
7290008409551,false,שניצל עוף אמיתי מעוד,תנובה גליל,,שניצל עוף אמיתי מעודן 700 גרם,גרמים,700.00,100 גרם,false,1,31.90,4.5571,true,1,2079
7290008409568,false,שניצל עוף אמיתי שבבי,תנובה גליל,,שניצל עוף אמיתי שבבי ציפס 700 גרם,גרמים,700.00,100 גרם,false,1,31.90,4.5571,true,1,2081
7290008409582,false,שניצל עוף אמיתי ביתי,תנובה גליל,,שניצל עוף אמיתי ביתי 700 גרם,גרמים,700.00,100 גרם,false,1,31.90,4.5571,true,1,2080
7290008409605,false,כוכבי עוף מעודן 700,תנובה גליל,,כוכבי עוף מעודן 700 גרם,גרמים,700.00,100 גרם,false,1,29.90,4.2714,true,1,2083
7290008409773,false,קציצות עוף אמיתיות 7,תנובה גליל,,קציצות עוף אמיתיות 700 גרם,גרמים,700.00,100 גרם,false,1,31.90,4.5571,true,1,2290
7290008415071,false,סלט חומוס עם טחינה צ,צבר,,סלט חומוס עם טחינה צבר 150 גר,גרמים,150.00,100 גרם,false,1,4.90,3.2667,true,1,2146
7290008415514,false,סלט חומוס עם חריף צב,צבר,,סלט חומוס עם חריף צבר 150 גר,גרמים,150.00,100 גרם,false,1,4.90,3.2667,true,1,2305
7290008425032,false,גבינת ערבה פטה אורגנ,,IL,גבינת ערבה פטה אורגנית 200גר נאות סמדר,גרמים,200.00,100 גרם,false,6,34.90,17.4500,true,1,42490
7290008425094,false,יוגורט ביו טבעי אורג,,IL,יוגורט ביו טבעי אורגני 1ליטר נאות סמדר,ליטרים,1.00,ליטר,false,6,29.90,29.9000,true,1,42509
7290008425124,false,יוגורט ביו לאסי אורג,,IL,יוגורט ביו לאסי אורגני 500מל נאות סמדר,מיליליטרים,500.00,"100 מ""ל",false,1,16.90,3.3800,true,1,42489
7290008425483,false,נקטר אפרסק אורגני 1ל,,IL,נקטר אפרסק אורגני 1ליטר נאות סמדר,ליטרים,1.00,ליטר,false,6,24.90,24.9000,true,1,42631
7290008425490,false,נקטר משמש אורגני 1לי,,IL,נקטר משמש אורגני 1ליטר נאות סמדר,ליטרים,1.00,ליטר,false,6,24.90,24.9000,true,1,42633
7290008425513,false,מיץ תפוחים 1ליטר נאו,,IL,מיץ תפוחים 1ליטר נאות סמדר,ליטרים,1.00,ליטר,false,6,24.90,24.9000,true,1,42630
7290008425704,false,נקטר שזיף אורגני 1לי,,IL,נקטר שזיף אורגני 1ליטר נאות סמדר,ליטרים,1.00,ליטר,false,6,24.90,24.9000,true,1,42632
7290008443616,false,נקה 7 מרכך 750 מל יב,,,נקה 7 מרכך 750 מל יבש,מיליליטרים,750.00,"100 מ""ל",false,1,11.90,1.5867,true,1,2737
7290008443630,false,נקה 7 שמפו 750 מל מת,,,נקה 7 שמפו 750 מל מתולתל,מיליליטרים,750.00,"100 מ""ל",false,1,11.90,1.5867,true,1,2735
7290008443647,false,נקה 7 מרכך 750 מל מת,,,נקה 7 מרכך 750 מל מתולתל,מיליליטרים,750.00,"100 מ""ל",false,1,11.90,1.5867,true,1,2738
7290008461047,false,גבינת ברי לה רוסטיק,בונגראן,,גבינת ברי לה רוסטיק במשקל,קילוגרמים,1.00,"ק""ג",true,,149.00,149.0000,true,1,7
7290008461177,false,גבינת חלומי צאן 200ג,פאוויוס,,גבינת חלומי צאן 200גר קפריסין,גרמים,200.00,100 גרם,false,1,17.90,8.9500,true,1,1837
7290008461221,false,סרדין רוברט בשמן חמנ,קונסוורס,,סרדין רוברט בשמן חמניות 115 גר,גרמים,115.00,100 גרם,false,1,7.50,6.5217,true,1,2054
7290008461238,false,סרדין רוברט בשמן חמנ,קונסוורס,,סרדין רוברט בשמן חמניות חריף 115 גר,גרמים,115.00,100 גרם,false,1,7.50,6.5217,true,1,2153
7290008461283,false,גבינת טריפל צדר 200,שבינגטון,,גבינת טריפל צדר 200 גר,גרמים,200.00,100 גרם,false,1,19.90,9.9500,true,1,14422
7290008462204,false,חרדל מאילי דיזון מקו,מיילי,,חרדל מאילי דיזון מקורי 380 גר,גרמים,380.00,100 גרם,false,1,12.90,3.3947,true,1,2600
7290008462259,false,חרדל מאילי דיזון גרג,מיילי,,חרדל מאילי דיזון גרגירים 380 גר,גרמים,380.00,100 גרם,false,1,14.90,3.9211,true,1,2601
7290008462310,false,גבינת סנט מור עיזים,אוריאל,,גבינת סנט מור עיזים טבעית במשקל,קילוגרמים,1.00,"ק""ג",true,,149.00,149.0000,true,1,3643
7290008463966,false,עוגה בטעם דבש אנטיקב,,,עוגה בטעם דבש אנטיקביץ400 גרם,גרמים,400.00,100 גרם,false,1,11.90,2.9750,true,1,27012
7290008464024,false,בירה גולדסטאר לא מסו,,,בירה גולדסטאר לא מסונן פח 500 מל פיקדון,מיליליטרים,500.00,"100 מ""ל",false,1,10.00,2.0000,true,1,9900
7290008464130,false,מארז 6יח גולדסטאר לא,,,מארז 6יח גולדסטאר לא מסונןבק330מל פיקדון,ליטרים,1.98,ליטר,false,1,34.90,17.6263,true,1,8813
7290008464222,false,בירה מכבי 7.9% פחית,,,בירה מכבי 7.9% פחית 500 מל פיקדון,מיליליטרים,500.00,"100 מ""ל",false,1,8.90,1.7800,true,1,11378
7290008464345,false,בירה גולדסטאר בק 330,,,בירה גולדסטאר בק 330 מל פיקדון,מיליליטרים,330.00,"100 מ""ל",false,1,8.90,2.6970,true,1,29861
7290008464468,false,בירה גולדסטאר פחית 5,,,בירה גולדסטאר פחית 500מל פיקדון,מיליליטרים,500.00,"100 מ""ל",false,1,10.00,2.0000,true,1,1217
7290008464475,false,בירה מכבי פחית 500 מ,,,בירה מכבי פחית 500 מל פיקדון,מיליליטרים,500.00,"100 מ""ל",false,1,8.90,1.7800,true,1,738
7290008464604,false,בירה היינקן פחית 500,,,בירה היינקן פחית 500 מל פיקדון,מיליליטרים,500.00,"100 מ""ל",false,1,11.90,2.3800,true,1,1096
7290008464611,false,מי סודה טמפו 275 מל,,,מי סודה טמפו 275 מל פקדון,מיליליטרים,275.00,"100 מ""ל",false,24,3.90,1.4182,true,1,18027
7290008464628,false,ביטר למון 275 מל פקד,,,ביטר למון 275 מל פקדון,מיליליטרים,275.00,"100 מ""ל",false,1,5.30,1.9273,true,1,18028
7290008464642,false,גינגר אייל 275 מל פק,,IL,גינגר אייל 275 מל פקדון,מיליליטרים,275.00,"100 מ""ל",false,24,4.50,1.6364,true,1,18024
7290008464673,false,בירה גולדסטאר סלו בר,,,בירה גולדסטאר סלו ברו 500מל פח 10% אלכוה,מיליליטרים,500.00,"100 מ""ל",false,1,10.00,2.0000,true,1,19400
7290008464697,false,מארז 6יח בירה מכבי 7,,,מארז 6יח בירה מכבי 7.9% בק 330 מל פיקדון,ליטרים,1.98,ליטר,false,1,34.90,17.6263,true,1,10567
7290008464703,false,מארז 6יח בירה מכבי ב,,,מארז 6יח בירה מכבי בק 330 מל פיקדון,ליטרים,1.98,ליטר,false,1,34.90,17.6263,true,1,737
7290008464734,false,מארז 6יח גולדסטאר סל,,,מארז 6יח גולדסטאר סלוו בירבק330מל פיקדון,ליטרים,1.98,ליטר,false,1,36.90,18.6364,true,1,832
7290008464741,false,מארז 6יח בירה גולדסט,,,מארז 6יח בירה גולדסטאר בק330 מל פיקדון,ליטרים,1.98,ליטר,false,1,34.90,17.6263,true,1,1215
7290008464796,false,מארז 6יח בירה היינקן,,,מארז 6יח בירה היינקן בק330מל פיקדון,ליטרים,1.98,ליטר,false,1,32.90,16.6162,true,1,1095
7290008493413,false,פרורי גריסיני 200 גר,,,פרורי גריסיני 200 גרם,גרמים,200.00,100 גרם,false,1,6.00,3.0000,true,1,4784
7290008493710,false,פרורי גריסיני זהב 20,,,פרורי גריסיני זהב 200 גר,גרמים,200.00,100 גרם,false,1,6.00,3.0000,true,1,10813
7290008498203,false,גבינת מונטשגו 12 חוד,,,גבינת מונטשגו 12 חודשים ספרד שקיל,קילוגרמים,1.00,"ק""ג",true,,180.00,180.0000,true,1,25643
7290008498210,false,גבינת כבשים פטריות כ,,,גבינת כבשים פטריות כמהין במשקל,קילוגרמים,1.00,"ק""ג",true,,250.00,250.0000,true,1,25607
7290008498234,false,גבינת עיזים ביין במש,,,גבינת עיזים ביין במשקל ספרד,קילוגרמים,1.00,"ק""ג",true,,169.00,169.0000,true,1,25646
7290008498333,false,גבינת כבשים עם כמהין,,ES,גבינת כבשים עם כמהין לבנות במשקל ספרד,קילוגרמים,1.00,"ק""ג",true,,199.00,199.0000,true,1,43674
7290008498463,false,גבינת פרובלונה גדול,,,גבינת פרובלונה גדול במשקל איטליה,קילוגרמים,1.00,"ק""ג",true,,149.00,149.0000,true,1,25610
7290008498531,false,גבינת גאודה עיזים כמ,,NL,גבינת גאודה עיזים כמהין במשקל הולנד אוספ,קילוגרמים,1.00,"ק""ג",true,,249.00,249.0000,true,1,25612
7290008498562,false,גבינת גרוגונזולה פיק,,,גבינת גרוגונזולה פיקנטי במשקל,קילוגרמים,1.00,"ק""ג",true,,189.00,189.0000,true,1,25645
7290008498654,false,גבינה אפנזלר במשקל ש,,CH,גבינה אפנזלר במשקל שוויצרית,קילוגרמים,1.00,"ק""ג",true,,199.00,199.0000,true,1,25642
7290008498678,false,גבינת אפנזלר סופיריי,,CH,גבינת אפנזלר סופירייר סגול במשקל שוויץ,קילוגרמים,1.00,"ק""ג",true,,279.00,279.0000,true,1,25618
7290008498692,false,גבינת גרוייר רזרב במ,,CH,גבינת גרוייר רזרב במשקל שוויץ,קילוגרמים,1.00,"ק""ג",true,,229.00,229.0000,true,1,25614
7290008498708,false,גבינת גרוייר במשקל,,CH,גבינת גרוייר במשקל  שוויצרית,קילוגרמים,1.00,"ק""ג",true,,199.00,199.0000,true,1,25630
7290008498739,false,גבינת דליס דה בורגון,,,גבינת דליס דה בורגון צרפת במשקל,קילוגרמים,1.00,"ק""ג",true,,169.00,169.0000,true,1,25636
7290008498746,false,גבינת ברי צרפת במשקל,,,גבינת ברי צרפת במשקל,קילוגרמים,1.00,"ק""ג",true,,129.00,129.0000,true,1,25623
7290008498753,false,גבינת בושה במשקל,,,גבינת בושה במשקל,קילוגרמים,1.00,"ק""ג",true,,139.00,139.0000,true,1,25628
7290008498784,false,גבינת בלו כבשים במשק,,,גבינת בלו כבשים במשקל,קילוגרמים,1.00,"ק""ג",true,,159.00,159.0000,true,1,25637
7290008498807,false,גבינת גאודה בקר הולנ,,NL,גבינת גאודה בקר הולנדית במשקל,קילוגרמים,1.00,"ק""ג",true,,69.00,69.0000,true,1,25626
7290008498821,false,גבינת גאודה עיזים הו,,NL,גבינת גאודה עיזים הולנדית במשקל,קילוגרמים,1.00,"ק""ג",true,,119.00,119.0000,true,1,25625
7290008498845,false,גבינת גאודה עיזים במ,,,גבינת גאודה עיזים במשקל 16% הולנד,קילוגרמים,1.00,"ק""ג",true,,169.00,169.0000,true,1,25644
7290008498883,false,גבינת גאודה עם צילי,,,גבינת גאודה עם צילי במשקל,קילוגרמים,1.00,"ק""ג",true,,119.00,119.0000,true,1,25634
7290008498913,false,גבינת לנדנה רוסו עיז,,,גבינת לנדנה רוסו עיזים ביין לבן במשקל,קילוגרמים,1.00,"ק""ג",true,,189.00,189.0000,true,1,25635
7290008498944,false,גבינת גאודה קרמלה במ,,NL,גבינת גאודה קרמלה במשקל הולנד אוספיר,קילוגרמים,1.00,"ק""ג",true,,169.00,169.0000,true,1,25621
7290008498951,false,גבינת גאודה מייפל וו,,NL,גבינת גאודה מייפל וויסקי במשקל הולנד,קילוגרמים,1.00,"ק""ג",true,,169.00,169.0000,true,1,25620
7290008500005,false,תערובת לעוגת בראוניז,,,תערובת לעוגת בראוניז ללא גלוטן 415 גרם,גרמים,415.00,100 גרם,false,6,19.90,4.7952,true,1,38049
7290008500531,false,ערכת יום הולדת פילסב,ג'נרל מילס,DE,ערכת יום הולדת פילסברי 525 גרם,גרמים,525.00,100 גרם,false,12,19.90,3.7905,true,1,40199
7290008535212,false,ציפס טוגן זיגזג תפוג,תפוגן,,ציפס טוגן זיגזג תפוגן 800 גר,גרמים,800.00,100 גרם,false,1,11.90,1.4875,true,1,2192
7290008590129,false,שעועית ירוקה שלמה 80,,IL,שעועית ירוקה שלמה 800גר שף הטבע,גרמים,800.00,100 גרם,false,12,9.90,1.2375,true,1,44327
7290008590136,false,שעועית צהובה חתוכה 8,,IL,שעועית צהובה חתוכה 800גר שף הטבע,גרמים,800.00,100 גרם,false,12,9.90,1.2375,true,1,44329
7290008590150,false,אפונת גינה קטנה 800ג,,IL,אפונת גינה קטנה 800גר שף הטבע,גרמים,800.00,100 גרם,false,12,9.90,1.2375,true,1,44330
7290008590167,false,אפונה וגזר 800גר שף,,IL,אפונה וגזר 800גר שף הטבע,גרמים,800.00,100 גרם,false,12,9.90,1.2375,true,1,44331
7290008590198,false,שעועית ירוקה חתוכה 8,,IL,שעועית ירוקה חתוכה 800גר שף הטבע,גרמים,800.00,100 גרם,false,12,9.90,1.2375,true,1,44328
7290008606004,false,גבינת קפלוטירי במשקל,,GR,גבינת קפלוטירי במשקל,קילוגרמים,1.00,"ק""ג",true,,99.00,99.0000,true,1,28402
7290008606011,false,גבינת גאודה אולד אמס,,GR,גבינת גאודה אולד אמסטרדם במשקל וויק פארם,קילוגרמים,1.00,"ק""ג",true,,119.00,119.0000,true,1,28403
7290008606028,false,גבינת גאודה הולנדי ב,,NL,גבינת גאודה הולנדי בקר במשקל וואן,קילוגרמים,1.00,"ק""ג",true,,69.00,69.0000,true,1,28417
7290008606035,false,גבינת גאודה עיזים הו,,NL,גבינת גאודה עיזים הולנדי במשקל,קילוגרמים,1.00,"ק""ג",true,,119.00,119.0000,true,1,28418
7290008606059,false,גבינת גאודה מתובלת ב,,NL,גבינת גאודה מתובלת במשקל הולנד,קילוגרמים,1.00,"ק""ג",true,,109.00,109.0000,true,1,28420
7290008606097,false,גבינת גאודה פסטו ירו,,NL,גבינת גאודה פסטו ירוק במשקל,קילוגרמים,1.00,"ק""ג",true,,129.00,129.0000,true,1,28424
7290008606103,false,גבינת גאודה כמהין בק,,NL,גבינת גאודה כמהין בקר במשקל,קילוגרמים,1.00,"ק""ג",true,,159.00,159.0000,true,1,28425
7290008606134,false,גבינת פיקורינו רומנו,,,גבינת פיקורינו רומנו במשקל,קילוגרמים,1.00,"ק""ג",true,,139.00,139.0000,true,1,28428
7290008606158,false,גבינת גורגונזולה במש,,,גבינת גורגונזולה במשקל,קילוגרמים,1.00,"ק""ג",true,,139.00,139.0000,true,1,28430
7290008606165,false,גבינת בקר ספרדית רסנ,,ES,גבינת בקר ספרדית רסננטה במשקל,קילוגרמים,1.00,"ק""ג",true,,99.00,99.0000,true,1,28431
7290008606172,false,גבינה ספרדית במשקל,,,גבינה ספרדית במשקל,קילוגרמים,1.00,"ק""ג",true,,99.00,99.0000,true,1,28434
7290008606189,false,גבינת עיזים ספרדית ב,,,גבינת עיזים ספרדית ביין רסננטה במשקל,קילוגרמים,1.00,"ק""ג",true,,99.00,99.0000,true,1,28435
7290008606196,false,גבינה ביין ספרדית רס,,,גבינה ביין ספרדית רסיננטה במשקל,קילוגרמים,1.00,"ק""ג",true,,139.00,139.0000,true,1,28436
7290008606219,false,גבינת כמהין ספרדית ר,,,גבינת כמהין ספרדית רסיננטה במשקל,קילוגרמים,1.00,"ק""ג",true,,189.00,189.0000,true,1,28438
7290008606233,false,גבינת צדר אנגלי צילי,,GR,גבינת צדר אנגלי צילי במשקל וויק פארם,קילוגרמים,1.00,"ק""ג",true,,139.00,139.0000,true,1,28405
7290008606240,false,גבינת צדר אנגלי בצל,,GR,גבינת צדר אנגלי בצל במשקל וויק פארם,קילוגרמים,1.00,"ק""ג",true,,139.00,139.0000,true,1,28406
7290008606257,false,גבינת צדר אנגלי כתום,,GR,גבינת צדר אנגלי כתום במשקל וויק פארם,קילוגרמים,1.00,"ק""ג",true,,89.00,89.0000,true,1,28408
7290008606509,false,גבינת גאודה כמון במש,,,גבינת גאודה כמון במשקל,קילוגרמים,1.00,"ק""ג",true,,99.00,99.0000,true,1,31167
7290008606523,false,גבינת גאודה טריקולור,,,גבינת גאודה טריקולור במשקל,קילוגרמים,1.00,"ק""ג",true,,159.00,159.0000,true,1,31168
7290008606530,false,גבינת גאודה צילי במש,,,גבינת גאודה צילי במשקל,קילוגרמים,1.00,"ק""ג",true,,109.00,109.0000,true,1,31169
7290008606547,false,גבינת גאודה עגבניות,,,גבינת גאודה עגבניות זיתים במשקל,קילוגרמים,1.00,"ק""ג",true,,109.00,109.0000,true,1,31170
7290008606554,false,גבינת גאודה עם עובש,,,גבינת גאודה עם עובש במשקל,קילוגרמים,1.00,"ק""ג",true,,149.00,149.0000,true,1,31171
7290008606592,false,גבינת גאודה מעושנת ב,,,גבינת גאודה מעושנת במשקל,קילוגרמים,1.00,"ק""ג",true,,89.00,89.0000,true,1,31172
7290008609531,false,נייר אפיה 50 יח,,,נייר אפיה 50 יח           פאלאס,יחידה,50.00,יחידה,false,1,8.90,0.1780,true,1,11127
7290008634045,false,אגד מדבק שקוף/צבעוני,,,אגד מדבק שקוף/צבעוני 30יח סאני פלסטר,יחידה,30.00,יחידה,false,36,5.90,0.1967,true,1,18848
7290008634243,false,ממרקות ברזל יוניסאן,יוניסן,,ממרקות ברזל יוניסאן 2יח,יחידה,2.00,יחידה,false,1,3.90,1.9500,true,1,16247
7290008634267,false,זוג ספוג מתכת בבליסט,יוניסן,,זוג ספוג מתכת בבליסטר כסף וזהב,יחידה,2.00,יחידה,false,1,5.90,2.9500,true,1,16251
7290008634533,false,סקוטש עם ספוג 10יח י,יוניסן,,סקוטש עם ספוג 10יח יוניסאן,יחידה,10.00,יחידה,false,1,7.90,0.7900,true,1,16255
7290008634700,false,כפפות לאטקס 100יח אי,סייף טאצ,TH,כפפות לאטקס 100יח איזי טאצ מידה אקס אל,יחידה,100.00,יחידה,false,10,17.90,0.1790,true,1,24903
7290008644235,false,אחלה מבחר עלי בייבי,,,אחלה מבחר עלי בייבי 120 ג,גרמים,120.00,100 גרם,false,1,10.00,8.3333,true,1,2643
7290008644945,false,סלט המושבה 450 גרם,,,סלט המושבה 450 גרם,גרמים,450.00,100 גרם,false,1,12.00,2.6667,true,1,2669
7290008670005,false,יין רקאנטי שרדונה גל,,,יין רקאנטי שרדונה 750 מל פקדון,מיליליטרים,750.00,"100 מ""ל",false,1,60.00,8.0000,true,1,117
7290008670074,false,יין רקאנטי מרלו 375,רקנאטי,,יין רקנאטי גליל עליון מרלו 375 מל,מיליליטרים,375.00,"100 מ""ל",false,1,40.00,10.6667,true,1,2704
7290008670135,false,יין רקנאטי סוביניון,,,יין רקנאטי סוביניון בלנק 750 פקדון,מיליליטרים,750.00,"100 מ""ל",false,1,60.00,8.0000,true,1,2906
7290008670142,false,יין רקאנטי יסמין אדו,,,יין רקאנטי יסמין אדום 750 מל פקדון,מיליליטרים,750.00,"100 מ""ל",false,1,45.00,6.0000,true,1,2807
7290008670159,false,יין רקאנטי יסמין לבן,,,יין רקאנטי יסמין לבן 750 מל פקדון,מיליליטרים,750.00,"100 מ""ל",false,1,45.00,6.0000,true,1,2808
7290008670197,false,יין רקנאטי שרדונה 75,,,יין רקנאטי שרדונה 750 מל,מיליליטרים,750.00,"100 מ""ל",false,1,85.00,11.3333,true,1,3758
7290008670302,false,יין רקאנטי  ק.ס.רזרב,רקנאטי,,יין רקנאטי ק.ס.רזרב 2010 750 פקדון,מיליליטרים,750.00,"100 מ""ל",false,1,85.00,11.3333,true,1,4449
7290008670388,false,יין רקנאטי 2007 רוזה,,,יין רקנאטי 2007 רוזה 750 פקדון,מיליליטרים,750.00,"100 מ""ל",false,1,70.00,9.3333,true,1,4450
7290008670579,false,יין רקאנטי רזרב קרינ,,,יין רקאנטי רזרב קריניאן פרא 2010 750מל פ,מיליליטרים,750.00,"100 מ""ל",false,1,145.00,19.3333,true,1,7935
7290008670623,false,יין רקנאטי רזרב פטיט,,IL,יין רקנאטי רזרב פטיט סירה 2010 750מל פקד,מיליליטרים,750.00,"100 מ""ל",false,6,110.00,14.6667,true,1,33158
7290008670647,false,יין רקאנטי ספשייל רז,,,יין רקאנטי ספשייל רזרב לבן 2010 750 מל פ,מיליליטרים,750.00,"100 מ""ל",false,1,145.00,19.3333,true,1,8028
7290008670678,false,יין רקנאטי רזרב מרלו,רקנאטי,,יין רקנאטי רזרב מרלו 2010 750 מל פקדון,מיליליטרים,750.00,"100 מ""ל",false,1,85.00,11.3333,true,1,8600
7290008670821,false,יין רקנאטי מראווי 20,,IL,יין רקנאטי מראווי 2018 750 מל,מיליליטרים,750.00,"100 מ""ל",false,6,100.00,13.3333,true,1,33156
7290008670852,false,יין רקנאטי יונתן אדו,רקנאטי,,יין רקנאטי יונתן אדום 2016 750 מל,מיליליטרים,750.00,"100 מ""ל",false,1,45.00,6.0000,true,1,14366
7290008670869,false,יין רקנאטי יונתן לבן,רקנאטי,,יין רקנאטי יונתן לבן 2016 750 מל,מיליליטרים,750.00,"100 מ""ל",false,1,45.00,6.0000,true,1,14364
7290008670876,false,יין רקנאטי פרנץ בלנד,רקנאטי,IL,יין רקנאטי פרנץ בלנד 750 מל,מיליליטרים,750.00,"100 מ""ל",false,1,75.00,10.0000,true,1,21870
7290008670906,false,יין רקנאטי ביתוני 20,,IL,יין רקנאטי ביתוני 2019 750 מל,מיליליטרים,750.00,"100 מ""ל",false,6,100.00,13.3333,true,1,33157
7290008670913,false,יין רקאנטי קברנה סוב,רקנאטי,IL,יין רקאנטי קברנה סוביניון 2017 750 מל,מיליליטרים,750.00,"100 מ""ל",false,1,60.00,8.0000,true,1,16305
7290008670920,false,יין רקאנטי מרלו 2017,,,יין רקאנטי מרלו 2017 750 מל פקדון,מיליליטרים,750.00,"100 מ""ל",false,1,60.00,8.0000,true,1,16669
7290008670937,false,יין רקנאטי שיראז 750,,,יין רקנאטי שיראז 750 מל 2017,מיליליטרים,750.00,"100 מ""ל",false,1,60.00,8.0000,true,1,16914
7290008670951,false,יין רקנאטי מד בלנד א,רקנאטי,IL,יין רקנאטי מד בלנד אדום 750 מל,מיליליטרים,750.00,"100 מ""ל",false,6,70.00,9.3333,true,1,19881
7290008679411,false,כפפות הנדי לבית-קטן,,,כפפות הנדי לבית-קטן,Unknown,0.00,Unknown,false,1,6.50,0.0000,true,1,1982
7290008679428,false,כפפות הנדי לבית בינו,,,כפפות הנדי לבית בינוני,Unknown,0.00,Unknown,false,1,6.50,0.0000,true,1,1983
7290008679435,false,כפפות הנדי לבית גדול,,,כפפות הנדי לבית גדול,Unknown,0.00,Unknown,false,1,6.50,0.0000,true,1,1984
7290008679442,false,כפפות הנדי רגישות במ,,,כפפות הנדי רגישות במיוחד קטן,Unknown,0.00,Unknown,false,1,8.50,0.0000,true,1,1979
7290008679459,false,כפפות הנדי רגישות במ,,,כפפות הנדי רגישות במיוחד בינוני,Unknown,0.00,Unknown,false,1,8.50,0.0000,true,1,1980
7290008679466,false,כפפות הנדי רגישות במ,,,כפפות הנדי רגישות במיוחד גדול,Unknown,0.00,Unknown,false,1,8.50,0.0000,true,1,1981
7290008690713,false,משקה חמוציות אושן ספ,פריגת,,משקה חמוציות אושן ספריי 1 ל פקדון,ליטרים,1.00,ליטר,false,1,12.70,12.7000,true,1,2483
7290008693134,false,דניאלה תות 100 גרם,,,דניאלה תות 100 גרם,גרמים,100.00,100 גרם,false,1,4.50,4.5000,true,1,1641
7290008739016,false,נר פילר עתיק 6,,,נר פילר עתיק 6,Unknown,0.00,Unknown,false,1,19.90,0.0000,true,1,2818
7290008745239,false,תפוציפס טבעי 50 גרם,STRAUSS-ISRAEL,,תפוציפס טבעי 50 גרם,Unknown,0.00,Unknown,false,1,4.00,0.0000,true,1,1761
7290008747547,false,חטיף תפוציפס אקסטרא,STRAUSS-ISRAEL,,חטיף תפוציפס אקסטרא טבעי 200 גרם,גרמים,200.00,100 גרם,false,1,9.90,4.9500,true,1,1762
7290008748384,false,שוקולד ספלנדיד70% מר,,,שוקולד ספלנדיד70% מריר 100 גרם,גרמים,100.00,100 גרם,false,1,10.90,10.9000,true,1,1881
7290008749343,false,וופל שחור לבן 400 גר,,,וופל שחור לבן 400 גרם,גרמים,400.00,100 גרם,false,1,15.50,3.8750,true,1,2285
7290008750264,false,מסטיק מאסט דובדבן 28,,,מסטיק מאסט דובדבן 28 גרם,גרמים,28.00,100 גרם,false,1,5.00,17.8571,true,1,2055
7290008750400,false,שוקולד פרה לבן עם עו,,IL,שוקולד פרה לבן עם עוגיות 100 גר,גרמים,100.00,100 גרם,false,1,5.90,5.9000,true,1,2056
7290008750677,false,שוקולד פרה תות 100 ג,,IL,שוקולד פרה תות 100 גר מגדים,גרמים,100.00,100 גרם,false,1,5.90,5.9000,true,1,3349
7290008752244,false,תפוציפס אקסטרא גריל,STRAUSS-ISRAEL,,תפוציפס אקסטרא גריל 50 גרם,Unknown,0.00,Unknown,false,1,4.00,0.0000,true,1,2513
7290008752435,false,ציטוס גבינה 30 גרם,STRAUSS-ISRAEL,,ציטוס גבינה 30 גרם,גרמים,30.00,100 גרם,false,1,2.10,7.0000,true,1,2575
7290008753111,false,תפוציפס מקסיקני 50 ג,STRAUSS-ISRAEL,,תפוציפס מקסיקני 50 גרם,גרמים,50.00,100 גרם,false,1,4.00,8.0000,true,1,2677
7290008754415,false,מסטיק מאסט מנטה עדים,,,מסטיק מאסט מנטה עדים ספירמנט ל.ל,Unknown,0.00,Unknown,false,1,5.00,0.0000,true,1,4087
7290008754422,false,מסטיק מאסט מנטה קלאס,,,מסטיק מאסט מנטה קלאסי 28 גר,גרמים,28.00,100 גרם,false,1,5.00,17.8571,true,1,4088
7290008754682,false,עוגת רולדה קוקוס מצו,,,עוגת רולדה קוקוס מצופה 350 גרם,גרמים,350.00,100 גרם,false,1,14.90,4.2571,true,1,2835
7290008757003,false,שוופס גינגר 250 מל פ,,,שוופס גינגר 250 מל פקדון,מיליליטרים,250.00,"100 מ""ל",false,1,5.90,2.3600,true,1,3840
7290008757010,false,משקה שוופס ביטר 250,,,משקה שוופס ביטר 250 מל פיקדון,מיליליטרים,250.00,"100 מ""ל",false,1,5.90,2.3600,true,1,3841
7290008757027,false,משקה שוופס מי טוניק,,,משקה שוופס מי טוניק 250 מל פיקדון,מיליליטרים,250.00,"100 מ""ל",false,1,5.90,2.3600,true,1,3842
7290008757034,false,שוופס סודה 250 מל פי,יפאורה,,שוופס סודה 250 מל פיקדון,מיליליטרים,250.00,"100 מ""ל",false,1,3.90,1.5600,true,1,3427
7290008757980,false,נקטר ספרינג רימונים,יפאורה,,נקטר ספרינג רימונים 1 ל בקרטון,ליטרים,1.00,ליטר,false,1,6.90,6.9000,true,1,3714
7290008775816,false,ערגליות שוקו 300 גרם,"אסם תעשיות בע""מ",,ערגליות שוקו 300 גרם,גרמים,300.00,100 גרם,false,1,9.90,3.3000,true,1,1793
7290008775823,false,ערגליות תות 300 גרם,"אסם תעשיות בע""מ",,ערגליות תות 300 גרם,גרמים,300.00,100 גרם,false,1,9.90,3.3000,true,1,1794
7290008775892,false,פסטה פרפקטו לינגווינ,זארה,,פסטה פרפקטו לינגוויני 500 גרם,גרמים,500.00,100 גרם,false,1,6.90,1.3800,true,1,2007
7290008801010,false,יין קברנה/מרלו פי.סי,כרמל מזרחי,,""" יין קברנה/מרלו פי.סי 750 מל",מיליליטרים,750.00,"100 מ""ל",false,1,45.00,6.0000,true,1,311
7290008801089,false,יין קברנה סוביניון P,,,יין קברנה סוביניון P.C 375 מל פקדון,מיליליטרים,375.00,"100 מ""ל",false,1,25.00,6.6667,true,1,3173
7290008801119,false,יין סלקטד סובניון בל,כרמל מזרחי,,""" יין סלקטד סובניון בלאן 750 מל",מיליליטרים,750.00,"100 מ""ל",false,1,35.00,4.6667,true,1,545
7290008801157,false,יין סלקטד מרלו 750 מ,כרמל מזרחי,,""" יין סלקטד מרלו 750 מל",מיליליטרים,750.00,"100 מ""ל",false,1,35.00,4.6667,true,1,624
7290008801430,false,מיץ ענבים תירוש אדום,כרמל מזרחי,,יין ענבים תירוש אדום 750 מל פיקדון,מיליליטרים,750.00,"100 מ""ל",false,1,13.90,1.8533,true,1,901
7290008801461,false,יין הנצחון 750 מל פק,כרמל מזרחי,,יין הנצחון 750 מל פקדון,מיליליטרים,750.00,"100 מ""ל",false,1,25.00,3.3333,true,1,898
7290008801478,false,יין טופז זהב 750 מל,כרמל מזרחי,,יין טופז זהב 750 מל פקדון,מיליליטרים,750.00,"100 מ""ל",false,1,25.00,3.3333,true,1,899
7290008801522,false,יין קונקורד קינג דוי,כרמל מזרחי,,יין קונקורד קינג דויד 750 מל,מיליליטרים,750.00,"100 מ""ל",false,1,25.00,3.3333,true,1,336
7290008801539,false,יין כרמל קינג דיויד,,,יין כרמל קינג דיויד 750 מל,מיליליטרים,750.00,"100 מ""ל",false,1,25.00,3.3333,true,1,943
7290008801546,false,יין מוסקט מתוק ק.דיו,,,""" יין מוסקט מתוק ק.דיויד 750 מל",מיליליטרים,750.00,"100 מ""ל",false,1,25.00,3.3333,true,1,857
7290008801843,false,יין סלקטד קברנה סובנ,כרמל מזרחי,,""" יין סלקטד קברנה סובניון 750 מל",מיליליטרים,750.00,"100 מ""ל",false,1,35.00,4.6667,true,1,1623
7290008801850,false,יין סלקטד אמרלד ריזל,כרמל מזרחי,,""" יין סלקטד אמרלד ריזלינג 750 מל",מיליליטרים,750.00,"100 מ""ל",false,1,35.00,4.6667,true,1,1259
7290008802291,false,יין מרלו פי.סי 750 מ,כרמל מזרחי,,""" יין מרלו פי.סי 750 מל פקדון",מיליליטרים,750.00,"100 מ""ל",false,1,45.00,6.0000,true,1,1626
7290008802895,false,יין קברנה סובניון פי,כרמל מזרחי,,""" יין קברנה סובניון פי.סי 750 מל",מיליליטרים,750.00,"100 מ""ל",false,1,45.00,6.0000,true,1,1678
7290008803090,false,יין מרלו גליל עליון,כרמל מזרחי,,""" יין מרלו גליל עליון 750 מל",מיליליטרים,750.00,"100 מ""ל",false,1,60.00,8.0000,true,1,1772
7290008804189,false,יין ק.סוביניון גליל,כרמל מזרחי,IL,""" יין ק.סוביניון גליל עליון 750מל",מיליליטרים,750.00,"100 מ""ל",false,12,60.00,8.0000,true,1,3713
7290008804332,false,יין שיראז פי.סי 750,כרמל מזרחי,,""" יין שיראז פי.סי 750 מל פקדון",מיליליטרים,750.00,"100 מ""ל",false,1,45.00,6.0000,true,1,4159
7290008804462,false,יין מוסקט קינוח פי.ס,כרמל מזרחי,,""" יין מוסקט קינוח פי.סי. 500 מל",מיליליטרים,500.00,"100 מ""ל",false,1,45.00,9.0000,true,1,28299
7290008804745,false,יין גוורצטרמינר ס.אז,,,יין גוורצטרמינר ס.אזורית 750מל פקדון,מיליליטרים,750.00,"100 מ""ל",false,1,60.00,8.0000,true,1,5258
7290008805049,false,יין סלקטד רוזה 750 מ,,,יין סלקטד זינפנדל 750 מל פקדון,מיליליטרים,750.00,"100 מ""ל",false,1,35.00,4.6667,true,1,2671
7290008805384,false,יין מוסקטו סלקטד 750,כרמל מזרחי,,""" יין מוסקטו סלקטד 750 מל",מיליליטרים,750.00,"100 מ""ל",false,1,35.00,4.6667,true,1,3333
7290008805520,false,יין סלקטד קברנה/מרלו,כרמל מזרחי,,""" יין סלקטד קברנה/מרלו 750 מל",מיליליטרים,750.00,"100 מ""ל",false,1,35.00,4.6667,true,1,3942
7290008805964,false,יין קברנה שירז גליל,,,יין קברנה שירז גליל עליון 750 מל,מיליליטרים,750.00,"100 מ""ל",false,1,60.00,8.0000,true,1,4138
7290008806961,false,גל.קרמיסימו שוקולד פ,"גלידת שטראוס בע""מ",,גל.קרמיסימו שוקולד פרה 1.33 ל,ליטרים,1.33,ליטר,false,1,19.90,14.9624,true,1,2757
7290008806985,false,גלידונית וניל מצופה,"גלידת שטראוס בע""מ",,גלידונית וניל מצופה 60 יח,גרמים,630.00,100 גרם,false,1,44.90,7.1270,true,1,2759
7290008816403,false,צנצנת זכוכית 0.375לי,,,צנצנת זכוכית 0.375ליטר 10/10סמ,יחידה,1.00,יחידה,false,1,21.90,21.9000,true,1,21795
7290008816670,false,מלחיה זכוכית קוני 5.,,,מלחיה זכוכית קוני 5.5/10סמ,יחידה,1.00,יחידה,false,1,4.90,4.9000,true,1,41003
7290008816786,false,סט 3 תבניות פיירקס מ,,,סט 3 תבניות פיירקס מלבן,יחידה,3.00,יחידה,false,1,84.90,28.3000,true,1,21771
7290008819640,false,סט סכום 24 חלק בריסל,,,סט סכום 24 חלק בריסל זהב מעוגל,יחידה,24.00,יחידה,false,1,125.00,5.2083,true,1,33231
7290008821865,false,מנקה אבק טלסקופי פנא,,CN,מנקה אבק טלסקופי פנאן,יחידה,1.00,יחידה,false,1,12.90,12.9000,true,1,18785
7290008830096,false,מיקס פירות 800 גרם,"דין שיווק וקלייה בע""",,מיקס פירות 800 גרם,גרמים,80000.00,100 גרם,false,1,45.00,0.0563,true,1,2063
7290008846219,false,שמן זית חלוצה כתית מ,חלוצה,,שמן זית חלוצה כתית מעולה 750 מל,מיליליטרים,750.00,"100 מ""ל",false,1,39.90,5.3200,true,1,1830
7290008846332,false,שמן זית חלוצה 3 ל,חלוצה,,שמן זית חלוצה 3 ל,ליטרים,3.00,ליטר,false,1,145.00,48.3333,true,1,8694
7290008849470,false,ממרח פלפל צומה 185 ג,,,ממרח פלפל צומה 185 ג אוליביה,גרמים,185.00,100 גרם,false,1,12.90,6.9730,true,1,2472
7290008849586,false,רוטב ריבת בצל אוליבי,,,רוטב אוליביה עוף בצל 310 גר,גרמים,310.00,100 גרם,false,1,12.90,4.1613,true,1,2249
7290008849661,false,ממרח עגבניות מיובשות,תנובה ב.ע.ד,IL,ממרח עגבניות מיובשות פיקנטי 180ג אוליביה,גרמים,180.00,100 גרם,false,6,12.90,7.1667,true,1,17786
7290008849739,false,רוטב סויה קלאסית 290,,,רוטב סויה קלאסית 290 מל אוליביה,מיליליטרים,290.00,"100 מ""ל",false,1,12.90,4.4483,true,1,2593
7290008849753,false,רוטב אוליביה טריאקי,,,רוטב אוליביה טריאקי עשיר 290 מל,מיליליטרים,290.00,"100 מ""ל",false,1,12.90,4.4483,true,1,2594
7290008849777,false,רוטב אוליביה צילי מת,,,רוטב אוליביה צילי מתוק 290 מל,מיליליטרים,290.00,"100 מ""ל",false,1,12.90,4.4483,true,1,2596
7290008849838,false,טפנד זיתים 180גרם או,תנובה ב.ע.ד,IL,טפנד זיתים 180גרם אוליביה,גרמים,180.00,100 גרם,false,6,12.90,7.1667,true,1,17785
7290008849845,false,אריסה פיקנטית 180גרם,תנובה ב.ע.ד,IL,אריסה פיקנטית 180גרם אוליביה,גרמים,180.00,100 גרם,false,6,12.90,7.1667,true,1,17787
7290008866040,false,גבינת ברי עיזים במשק,,,גבינת ברי עיזים במשקל,קילוגרמים,1.00,"ק""ג",true,,119.00,119.0000,true,1,38608
7290008879163,false,יין דר לוסן ריזלינג,,,יין דר לוסן ריזלינג 750 מל פקדון,מיליליטרים,750.00,"100 מ""ל",false,1,60.00,8.0000,true,1,2749
7290008899321,false,חלה קלועה רגילה,פילסברי,,חלה קלועה רגילה,Unknown,0.00,Unknown,false,1,15.90,0.0000,true,1,13774
7290008899505,false,בגט רגיל,פילסברי,,בגט רגיל,Unknown,0.00,Unknown,false,1,6.90,0.0000,true,1,13762
7290008909761,false,בירה קרלסברג 330מל ב,קרלסברג ישראל,,בירה קרלסברג 330מל בק. פקדון,מיליליטרים,330.00,"100 מ""ל",false,1,8.90,2.6970,true,1,29865
7290008921015,false,יין תשבי קברנה סירה,,,יין תשבי קברנה סירה 750 מל פקדון,מיליליטרים,750.00,"100 מ""ל",false,1,40.00,5.3333,true,1,2259
7290008921022,false,יין פרנץ ריזלינג 750,,,יין פרנץ ריזלינג 750מל  פיקדון,מיליליטרים,750.00,"100 מ""ל",false,1,40.00,5.3333,true,1,1986
7290008921053,false,יין אדום סגול 750 מל,,,יין אדום סגול 750 מל,מיליליטרים,750.00,"100 מ""ל",false,1,40.00,5.3333,true,1,16816
7290008921060,false,יין מוסקט ויונה חצי,,,יין מוסקט ויונה חצי מתוק 750 מל,מיליליטרים,750.00,"100 מ""ל",false,1,40.00,5.3333,true,1,19904
7290008921077,false,יין תשבי מלבק 750 מל,יקב התשבי,IL,יין תשבי מלבק 750 מל,מיליליטרים,750.00,"100 מ""ל",false,12,45.00,6.0000,true,1,23017
7290008921121,false,יין תשבי סוביניון בל,,,יין תשבי סוביניון בלאן 750 מל,מיליליטרים,750.00,"100 מ""ל",false,1,45.00,6.0000,true,1,19326
7290008921138,false,יין כחול לבן 750 מל,,,יין כחול לבן 750 מל,מיליליטרים,750.00,"100 מ""ל",false,1,40.00,5.3333,true,1,17310
7290008921152,false,יין רובי קברנה 2012,,,יין רובי קברנה 2012 750 מל,Unknown,0.00,Unknown,false,1,100.00,0.0000,true,1,5094
7290008921169,false,יין תשבי קברנה סובינ,,,יין תשבי קברנה סוביניון 750מל פקד,מיליליטרים,750.00,"100 מ""ל",false,1,45.00,6.0000,true,1,2077
7290008921176,false,יין תשבי מרלו 750 מל,,,יין תשבי מרלו 750 מל פקדון,מיליליטרים,750.00,"100 מ""ל",false,1,45.00,6.0000,true,1,1987
7290008921190,false,יין תשבי אמרלד ריזלי,,,יין תשבי אמרלד ריזלינג 750 מל פקדון,מיליליטרים,750.00,"100 מ""ל",false,1,40.00,5.3333,true,1,5313
7290008921213,false,יין ויוניה לבן 2015,,,יין ויוניה לבן 2015 תשבי 750מל פקדון,מיליליטרים,750.00,"100 מ""ל",false,1,60.00,8.0000,true,1,4866
7290008921251,false,יין קברנה פרנק 750 מ,,,יין קברנה פרנק 750 מל,מיליליטרים,750.00,"100 מ""ל",false,1,45.00,6.0000,true,1,10469
7290008921268,false,יין תישבי קברנה פרנק,,,יין תישבי קברנה פרנק 2012 750 מל,מיליליטרים,750.00,"100 מ""ל",false,1,100.00,13.3333,true,1,11753
7290008921275,false,יין תשבי שיראז 750 מ,,,יין תשבי שיראז 750 מל פקדון,מיליליטרים,750.00,"100 מ""ל",false,1,45.00,6.0000,true,1,6085
7290008921299,false,יין פטיט ורדו תשבי 7,,,יין פטיט ורדו תשבי 750 מל,מיליליטרים,750.00,"100 מ""ל",false,1,45.00,6.0000,true,1,11817
7290008921312,false,יין תשבי ק.סוביניון,,,יין תשבי ק.סוביניון 2011 750 מל פקדון,מיליליטרים,750.00,"100 מ""ל",false,1,80.00,10.6667,true,1,2903
7290008921329,false,יין תשבי מרלו 2010 7,,,יין תשבי מרלו 2010 750 מל פקדון,מיליליטרים,750.00,"100 מ""ל",false,1,80.00,10.6667,true,1,2560
7290008921336,false,יין תשבי שרדונה 2016,,,יין תשבי שרדונה 2016 750 מל פקדון,מיליליטרים,750.00,"100 מ""ל",false,1,60.00,8.0000,true,1,2550
7290008921381,false,יין תשבי סירה 2013 7,,,יין תשבי סירה 2013 750 מל פיקדון,מיליליטרים,750.00,"100 מ""ל",false,1,80.00,10.6667,true,1,4868
7290008921442,false,יין מלבק 2011 אדום י,,,יין מלבק 2011 אדום יבש 750 מל,מיליליטרים,750.00,"100 מ""ל",false,1,100.00,13.3333,true,1,8226
7290008921459,false,יין תשבי שיראז 2013,,,יין תשבי שיראז 2013 750מל פקדון,מיליליטרים,750.00,"100 מ""ל",false,1,80.00,10.6667,true,1,4911
7290008921473,false,יין קברנה עמק ברכה 2,,,יין קברנה עמק ברכה 2011 750 מל,מיליליטרים,750.00,"100 מ""ל",false,1,100.00,13.3333,true,1,2503
7290008921541,false,יין קברנה מרלו תשבי,,,יין קברנה מרלו תשבי  750 מל,מיליליטרים,750.00,"100 מ""ל",false,1,80.00,10.6667,true,1,26478
7290008921558,false,יין תשבי מלבק אסטייט,,,יין תשבי שרדונה 2016 750 מל פקדון,מיליליטרים,750.00,"100 מ""ל",false,1,80.00,10.6667,true,1,30320
7290008921572,false,יין ויוניה גוורצטרמי,,,יין ויוניה גוורצטרמינר תשבי 750 מל,מיליליטרים,750.00,"100 מ""ל",false,1,45.00,6.0000,true,1,16383
7290008921596,false,יין מרלו קינוח 500 מ,,,יין מרלו קינוח 500 מל,מיליליטרים,500.00,"100 מ""ל",false,1,110.00,22.0000,true,1,16400
7290008921602,false,יין תשבי פטיט ורדו א,יקב התשבי,IL,יין תשבי פטיט ורדו אסטייט 750 מל,מיליליטרים,750.00,"100 מ""ל",false,12,80.00,10.6667,true,1,23016
7290008921657,false,יין ספישל רזרב 2016,יקב התשבי,IL,יין ספישל רזרב 2016 750 מל,מיליליטרים,750.00,"100 מ""ל",false,6,199.00,26.5333,true,1,19990
7290008921688,false,יין תישבי פטיט סירה,,,יין תישבי פטיט סירה סינגל 750 מל,מיליליטרים,750.00,"100 מ""ל",false,1,100.00,13.3333,true,1,18890
7290008921695,false,יין רוזה מ נואר תשבי,יקב התשבי,IL,יין רוזה מ נואר תשבי 750 מל,מיליליטרים,750.00,"100 מ""ל",false,12,80.00,10.6667,true,1,23891
7290008921718,false,יין תשבי 2010 גוורצט,,,יין תשבי 2010 גוורצטרמינר 750 מל פיקדון,מיליליטרים,750.00,"100 מ""ל",false,1,60.00,8.0000,true,1,7097
7290008921732,false,יין תשבי אסטייט רוזה,,,יין תשבי אסטייט רוזה  750 מל,מיליליטרים,750.00,"100 מ""ל",false,1,60.00,8.0000,true,1,42442
7290008940078,false,גבינת ברי צרפתי במשק,,FR,גבינת ברי צרפתי במשקל,קילוגרמים,1.00,"ק""ג",true,,89.00,89.0000,true,1,39840
7290008940139,false,גבינת אולד אמסטרדם צ,,NL,גבינת אולד אמסטרדם צעיר במשקל,קילוגרמים,1.00,"ק""ג",true,,99.00,99.0000,true,1,40164
7290008940146,false,גבינת אולד אמסטרדם ר,,NL,גבינת אולד אמסטרדם רזרב במשקל,קילוגרמים,1.00,"ק""ג",true,,139.00,139.0000,true,1,40165
7290008940160,false,גבינת גאודה כמון במש,jacks cheese,NL,גבינת גאודה כמון במשקל,קילוגרמים,1.00,"ק""ג",true,,99.00,99.0000,true,1,40872
7290008940191,false,גבינת רונדולה עיזים,,FR,גבינת רונדולה עיזים 125גר,גרמים,125.00,100 גרם,false,1,14.90,11.9200,true,1,42580
7290008940214,false,גבינת צדר כתום אנגלי,,,גבינת צדר כתום אנגלי 200 גר,גרמים,200.00,100 גרם,false,1,17.90,8.9500,true,1,41821
7290008940221,false,גבינת צדר לבן אנגלי,,,גבינת צדר לבן אנגלי 200 גר,גרמים,200.00,100 גרם,false,1,17.90,8.9500,true,1,41822
7290008940368,false,גבינת טקסס ברביקיו ב,,,גבינת טקסס ברביקיו במשקל,קילוגרמים,1.00,"ק""ג",true,,149.00,149.0000,true,1,42476
7290008940443,false,גבינת גאודה פלפל שחו,jacks cheese,NL,גבינת גאודה פלפל שחור במשקל,קילוגרמים,1.00,"ק""ג",true,,99.00,99.0000,true,1,44179
7290008940528,false,גבינת גאודה זיתים עג,jacks cheese,NL,גבינת גאודה זיתים עגבניות במשקל,קילוגרמים,1.00,"ק""ג",true,,99.00,99.0000,true,1,44208
7290008940535,false,גבינת גאודה פלפלים מ,jacks cheese,NL,גבינת גאודה פלפלים מתוקים במשקל,קילוגרמים,1.00,"ק""ג",true,,99.00,99.0000,true,1,44209
7290008945172,false,שקיות אשפה 40 יח ליל,,,שקיות אשפה 40 יח לילונית 52/65,יחידה,40.00,יחידה,false,1,14.90,0.3725,true,1,1854
7290008945202,false,שקיות אשפה 50 יח גלי,,,שקיות אשפה 50 יח גלילונית למשרד 75/90,יחידה,50.00,יחידה,false,1,12.90,0.2580,true,1,1855
7290008961110,false,שימורי בשר בקר טבעי,,,שימורי בשר בקר טבעי 400 גרם,גרמים,400.00,100 גרם,false,1,22.90,5.7250,true,1,2100
7290008961127,false,שימורי בשר טושונקה ר,,,שימורי בשר טושונקה רוסי 400 גר,גרמים,400.00,100 גרם,false,1,22.90,5.7250,true,1,2101
7290008961189,false,שימורי בשר טושונקה פ,,,שימורי בשר טושונקה פיקנטי 400 גר,גרמים,400.00,100 גרם,false,1,22.90,5.7250,true,1,14803
7290008975780,false,מזון כלבים בונזו גזע,,,מזון כלבים בונזו גזע קטן 3 קג,קילוגרמים,3.00,"ק""ג",false,1,39.90,13.3000,true,1,2793
7290008981279,false,זעתר ביתי 100 ג אלנח,,,זעתר ביתי 100 ג אלנחלה,גרמים,100.00,100 גרם,false,1,10.90,10.9000,true,1,3308
7290008981538,false,זעתר ביתי אלנחלה 250,,,זעתר ביתי אלנחלה 250 ג צנצנת,גרמים,250.00,100 גרם,false,1,18.90,7.5600,true,1,9002
7290009069518,false,גינגר מסוכר,,,גינגר מסוכר,קילוגרמים,1.00,"ק""ג",true,,40.00,40.0000,true,1,25431
7290009106909,false,פילה טונה אדומה טרי,,,פילה טונה אדומה טרי,קילוגרמים,1.00,"ק""ג",true,,230.00,230.0000,true,1,4758
7290009106947,false,דג פלמידה לבנה טריה,,,דג פלמידה לבנה טריה,קילוגרמים,1.00,"ק""ג",true,,95.00,95.0000,true,1,5176
7290009106961,false,דג אנטיאס טרי,,,דג אנטיאס טרי,קילוגרמים,1.00,"ק""ג",true,,125.00,125.0000,true,1,4752
7290010002009,false,תערובת תיבול למאפה מ,,,תערובת תיבול למאפה מלוח 130 גרם,גרמים,130.00,100 גרם,false,1,9.90,7.6154,true,1,32922
7290010002016,false,תבלין כוסברה טחונה מ,א.ל ייצור ושיווק תבל,,תבלין כוסברה טחונה מיכל  100 גר,גרמים,100.00,100 גרם,false,1,9.50,9.5000,true,1,6025
7290010002023,false,כורכום טחון מיכל 100,א.ל ייצור ושיווק תבל,,כורכום טחון מיכל 100 גר,גרמים,100.00,100 גרם,false,1,11.90,11.9000,true,1,6026
7290010002030,false,כמון טחון מיכל 100 ג,א.ל ייצור ושיווק תבל,,כמון טחון מיכל 100 גר,גרמים,100.00,100 גרם,false,1,11.90,11.9000,true,1,6013
7290010002047,false,מלח לימון מיכל 200 ג,א.ל ייצור ושיווק תבל,,מלח לימון מיכל 200 גר,גרמים,200.00,100 גרם,false,1,11.90,5.9500,true,1,6027
7290010002061,false,פלפל לבן טחון מיכל 1,א.ל ייצור ושיווק תבל,,פלפל לבן טחון מיכל 100 גר,גרמים,100.00,100 גרם,false,1,17.90,17.9000,true,1,6030
7290010002078,false,פלפל שחור טחו ן מיכל,א.ל ייצור ושיווק תבל,,פלפל שחור טחו ן מיכל 100 גר,גרמים,100.00,100 גרם,false,1,14.50,14.5000,true,1,6014
7290010002092,false,פלפל שחור גרוס דק מי,א.ל ייצור ושיווק תבל,,פלפל שחור גרוס דק מיכל 90 גר,Unknown,0.00,Unknown,false,1,14.50,0.0000,true,1,6015
7290010002108,false,פלפל שחור גרוס גס מי,א.ל ייצור ושיווק תבל,,פלפל שחור גרוס גס מיכל 90 גר,Unknown,0.00,Unknown,false,1,14.50,0.0000,true,1,6016
7290010002122,false,פפריקה הונגרית מתוקה,א.ל ייצור ושיווק תבל,,פפריקה הונגרית מתוקה מיכל 100 גר,גרמים,100.00,100 גרם,false,1,11.90,11.9000,true,1,6017
7290010002139,false,פפריקה הונגרית חריפה,א.ל ייצור ושיווק תבל,,פפריקה הונגרית חריפה מיכל 100 גר,גרמים,100.00,100 גרם,false,1,11.90,11.9000,true,1,6018
7290010002146,false,פפריקה מרוקאית מתוקה,א.ל ייצור ושיווק תבל,,פפריקה מרוקאית מתוקה מיכל  100 גר,גרמים,100.00,100 גרם,false,1,11.90,11.9000,true,1,6019
7290010002153,false,פפריקה מרוקאית חריפה,א.ל ייצור ושיווק תבל,,פפריקה מרוקאית חריפה מיכל100 גר,גרמים,100.00,100 גרם,false,1,11.90,11.9000,true,1,6020
7290010002191,false,מקלות קינמון מיכל  7,א.ל ייצור ושיווק תבל,,מקלות קינמון מיכל  70 גר,Unknown,0.00,Unknown,false,1,11.90,0.0000,true,1,6028
7290010002207,false,תבלין קינמון טחו ן מ,א.ל ייצור ושיווק תבל,,תבלין קינמון טחו ן מיכל  100 גר,גרמים,100.00,100 גרם,false,1,9.50,9.5000,true,1,6029
7290010002214,false,תבלין צילי מקסיקני ג,א.ל ייצור ושיווק תבל,,תבלין צילי מקסיקני גרוס מיכל 80 גר,Unknown,0.00,Unknown,false,1,11.90,0.0000,true,1,6021
7290010002283,false,תיבול על האש  מיכל 1,א.ל ייצור ושיווק תבל,,תיבול על האש  מיכל 100 גר,גרמים,100.00,100 גרם,false,1,11.90,11.9000,true,1,6038
7290010002290,false,תערובת לשווארמה מיכל,א.ל ייצור ושיווק תבל,,תערובת לשווארמה מיכל 100 גר,גרמים,100.00,100 גרם,false,1,11.90,11.9000,true,1,6039
7290010002306,false,תערובת לקציצות מיכל,א.ל ייצור ושיווק תבל,,תערובת לקציצות מיכל 100 גר,גרמים,100.00,100 גרם,false,1,11.90,11.9000,true,1,6022
7290010002313,false,תבלין ראס אל חנות מי,א.ל ייצור ושיווק תבל,,תבלין ראס אל חנות מיכל 100 גר,גרמים,100.00,100 גרם,false,1,11.90,11.9000,true,1,6023
7290010002320,false,תיבול גריל עוף מיכל,א.ל ייצור ושיווק תבל,,תיבול גריל עוף מיכל 100 גר,גרמים,100.00,100 גרם,false,1,11.90,11.9000,true,1,6040
7290010002337,false,תיבול לסטייק מיכל 10,א.ל ייצור ושיווק תבל,,תיבול לסטייק מיכל 100 גר,גרמים,100.00,100 גרם,false,1,11.90,11.9000,true,1,6041
7290010002344,false,תיבול לדג מיכל 110 ג,א.ל ייצור ושיווק תבל,,תיבול לדג מיכל 110 גר,גרמים,100.00,100 גרם,false,1,11.90,11.9000,true,1,6042
7290010002351,false,זעתר ושומשום מיכל 10,א.ל ייצור ושיווק תבל,,זעתר ושומשום מיכל 100 גר,גרמים,100.00,100 גרם,false,1,11.90,11.9000,true,1,6043
7290010002368,false,תיבול חוואיג למרק מי,א.ל ייצור ושיווק תבל,,תיבול חוואיג למרק מיכל 100 גר,גרמים,100.00,100 גרם,false,1,11.90,11.9000,true,1,6044
7290010002375,false,קארי מדרבס מיכל 100,א.ל ייצור ושיווק תבל,,קארי מדרס מיכל 100 גר,גרמים,100.00,100 גרם,false,1,11.90,11.9000,true,1,6024
7290010002382,false,תבלין אורגנו מיכל 40,א.ל ייצור ושיווק תבל,,תבלין אורגנו מיכל  40 גר,Unknown,0.00,Unknown,false,1,9.50,0.0000,true,1,6031
7290010002399,false,תבלין בזיליקום ריחן,א.ל ייצור ושיווק תבל,,תבלין בזיליקום ריחן  מיכל 50 גר,Unknown,0.00,Unknown,false,1,9.50,0.0000,true,1,6032
7290010002405,false,תבלין טימין הררי מיכ,א.ל ייצור ושיווק תבל,,תבלין טימין הררי מיכל  50  גר,Unknown,0.00,Unknown,false,1,9.50,0.0000,true,1,6033
7290010002429,false,תבלין עלי דפנה מיכל,א.ל ייצור ושיווק תבל,,תבלין עלי דפנה מיכל  20 גר,Unknown,0.00,Unknown,false,1,9.50,0.0000,true,1,6034
7290010002436,false,תבלין פטרוזיליה מיכל,א.ל ייצור ושיווק תבל,,תבלין פטרוזיליה מיכל  25 גר,Unknown,0.00,Unknown,false,1,9.50,0.0000,true,1,6035
7290010002443,false,תבלין רוזמרין מיכל,א.ל ייצור ושיווק תבל,,תבלין רוזמרין מיכל  50 גר,Unknown,0.00,Unknown,false,1,9.50,0.0000,true,1,6036
7290010002450,false,תבלין שמיר  מיכל 30,א.ל ייצור ושיווק תבל,,תבלין שמיר  מיכל 30 גר,Unknown,0.00,Unknown,false,1,9.50,0.0000,true,1,6037
7290010002481,false,שום טחון צנצנת 100 ג,א.ל ייצור ושיווק תבל,,שום טחון צנצנת 100 גר,גרמים,100.00,100 גרם,false,1,14.50,14.5000,true,1,6045
7290010002498,false,שום גבישי צנצנת 120,א.ל ייצור ושיווק תבל,,שום גבישי צנצנת 120 גר,גרמים,120.00,100 גרם,false,1,14.50,12.0833,true,1,6046
7290010002597,false,תבלין כוסברה ירוקה,א.ל ייצור ושיווק תבל,,תבלין כוסברה ירוקה  מיכל  20 גר,Unknown,0.00,Unknown,false,1,9.50,0.0000,true,1,6047
7290010002658,false,פלפל שטה יבש מתוק שק,א.ל ייצור ושיווק תבל,,פלפל שטה יבש מתוק שקית 150 גר,גרמים,150.00,100 גרם,false,1,15.90,10.6000,true,1,6049
7290010002696,false,ציפס אורז חום שמנת ו,,,ציפס אורז חום שמנת ובצל 60 גרם,Unknown,0.00,Unknown,false,24,6.90,0.0000,true,1,42581
7290010002726,false,תיבול לפרגיות מיכל 1,א.ל ייצור ושיווק תבל,,תיבול לפרגיות מיכל 100 גר,גרמים,100.00,100 גרם,false,1,11.90,11.9000,true,1,6048
7290010003051,false,פפריקה הונגרית מתוקה,א.ל ייצור ושיווק תבל,,פפריקה הונגרית מתוקה400 גר שקית,גרמים,400.00,100 גרם,false,1,24.90,6.2250,true,1,9679
7290010003075,false,פפריקה מרוקאית מתוקה,א.ל ייצור ושיווק תבל,,פפריקה מרוקאית מתוקה400 גר שקית,גרמים,400.00,100 גרם,false,1,24.90,6.2250,true,1,9680
7290010003686,false,עלי דפנה שקית 20 גרם,א.ל ייצור ושיווק תבל,,עלי דפנה שקית 20 גרם,Unknown,0.00,Unknown,false,1,5.90,0.0000,true,1,9589
7290010003693,false,פפריקה מתוקה שקית 80,א.ל ייצור ושיווק תבל,,פפריקה מתוקה שקית 80 גרם,Unknown,0.00,Unknown,false,1,5.90,0.0000,true,1,9590
7290010003709,false,פלפל שחור טחון שקית,א.ל ייצור ושיווק תבל,,פלפל שחור טחון שקית 50 גר,Unknown,0.00,Unknown,false,1,7.90,0.0000,true,1,9600
7290010003754,false,כמון טחון שקית 50 גר,א.ל ייצור ושיווק תבל,,כמון טחון שקית 50 גרם,Unknown,0.00,Unknown,false,1,5.90,0.0000,true,1,9591
7290010003761,false,כרכום טחון שקית 80 ג,א.ל ייצור ושיווק תבל,,כרכום טחון שקית 80 גרם,Unknown,0.00,Unknown,false,1,5.90,0.0000,true,1,9592
7290010003778,false,תיבול לגריל עוף שקית,א.ל ייצור ושיווק תבל,,תיבול לגריל עוף שקית 80 גרם,Unknown,0.00,Unknown,false,1,5.90,0.0000,true,1,9593
7290010003785,false,פירורי לחם זהוב 200,א.ל ייצור ושיווק תבל,,פירורי לחם זהוב 200 גר שקית,גרמים,200.00,100 גרם,false,1,4.00,2.0000,true,1,6513
7290010003792,false,מלח לימון שקית 100 ג,א.ל ייצור ושיווק תבל,,מלח לימון שקית 100 גרם,גרמים,100.00,100 גרם,false,1,5.90,5.9000,true,1,9594
7290010003808,false,זעתר ושומשום שקית 80,א.ל ייצור ושיווק תבל,,זעתר ושומשום שקית 80 גרם,Unknown,0.00,Unknown,false,1,5.90,0.0000,true,1,9595
7290010003815,false,פלפל שטה יבש שקית150,א.ל ייצור ושיווק תבל,,פלפל שטה יבש שקית150 גר,גרמים,150.00,100 גרם,false,1,15.90,10.6000,true,1,6514
7290010003822,false,פפריקה חריפה שקית 80,א.ל ייצור ושיווק תבל,,פפריקה חריפה שקית 80 גרם,Unknown,0.00,Unknown,false,1,5.90,0.0000,true,1,9596
7290010003839,false,קינמון טחון שקית 80,א.ל ייצור ושיווק תבל,,קינמון טחון שקית 80 גרם,Unknown,0.00,Unknown,false,1,5.90,0.0000,true,1,9597
7290010003846,false,אורגנו שקית 20 גרם,א.ל ייצור ושיווק תבל,,אורגנו שקית 20 גרם,Unknown,0.00,Unknown,false,1,5.90,0.0000,true,1,9598
7290010003990,false,פטרוזיליה שקית 20 גר,א.ל ייצור ושיווק תבל,,פטרוזיליה שקית 20 גרם,Unknown,0.00,Unknown,false,1,5.90,0.0000,true,1,9599
7290010023141,false,תה גן הקסום לימונענע,תה ויסוצקי,,תה גן הקסום לימונענע 2ג 25 שק,יחידה,25.00,יחידה,false,1,16.90,0.6760,true,1,2875
7290010023622,false,תה קלאסיק 100/1 בנגי,תה ויסוצקי,,תה קלאסיק 100/1 בנגיעות נענע,יחידה,100.00,יחידה,false,1,20.00,0.2000,true,1,3385
7290010023943,false,רוייבוש תה קינמון ונ,תה ויסוצקי,,רוייבוש תה קינמון וניל 2 ג 25 שק,יחידה,25.00,יחידה,false,1,22.90,0.9160,true,1,3857
7290010036387,false,יין בזלת הגולן מאגמה,יקב בזלת הגולן,IL,יין בזלת הגולן מאגמה 2017 750 מל,מיליליטרים,750.00,"100 מ""ל",false,6,110.00,14.6667,true,1,21982
7290010042067,false,אפונה קפואה 2.5קג פס,,,אפונה קפואה 2.5קג פסקוביץ,גרמים,2500.00,100 גרם,false,1,29.90,1.1960,true,1,26678
7290010042081,false,פולי סויה אדממה 1 קג,,,פולי סויה אדממה 1 קג קפוא פסקוביץ,קילוגרמים,1.00,"ק""ג",false,1,13.90,13.9000,true,1,26655
7290010042227,false,גרעיני תירס 2.5 קג פ,,,גרעיני תירס 2.5 קג פסקוביץ,גרמים,2500.00,100 גרם,false,1,29.90,1.1960,true,1,26683
7290010042241,false,שעועית ירוקה חתוכה 2,,,שעועית ירוקה חתוכה 2.5קג פסקוביץ,גרמים,2500.00,100 גרם,false,1,27.90,1.1160,true,1,26680
7290010042258,false,אפונה וגזר 2.5 קג פס,,,אפונה וגזר 2.5 קג פסקוביץ,גרמים,2500.00,100 גרם,false,1,29.90,1.1960,true,1,26681
7290010042296,false,שעועית ירוקה שלמה עד,,,שעועית ירוקה שלמה עדינה 2.5קג פסקוביץ,גרמים,2500.00,100 גרם,false,1,32.90,1.3160,true,1,26679
7290010042357,false,פטל שחור 300גר קפוא,,,פטל שחור 300גר קפוא פסקוביץ,גרמים,300.00,100 גרם,false,1,11.90,3.9667,true,1,26660
7290010042432,false,מיקס פירות יער 300גר,,,מיקס פירות יער 300גרם קפוא פסקוביץ,גרמים,300.00,100 גרם,false,1,11.90,3.9667,true,1,26664
7290010042586,false,גזר גמדי 2.5 קג פסקו,,,גזר גמדי 2.5 קג פסקוביץ,גרמים,2500.00,100 גרם,false,1,26.90,1.0760,true,1,26682
7290010042708,false,תחתיות ארטישוק 1.5קג,,,תחתיות ארטישוק 1.5קג פסקוביץ,גרמים,1500.00,100 גרם,false,1,29.90,1.9933,true,1,30720
7290010042760,false,סטייק ציפס 2.5 קג קפ,,,סטייק ציפס 2.5 קג קפוא פסקוביץ,גרמים,2500.00,100 גרם,false,1,36.90,1.4760,true,1,26671
7290010042777,false,ציפס פלחים מתובל 2.5,,,ציפס פלחים מתובל 2.5קג קפוא פסקוביץ,גרמים,2500.00,100 גרם,false,1,36.90,1.4760,true,1,26673
7290010042869,false,דומדניות אדומות 300ג,,,דומדניות אדומות 300גרם קפוא פסקוביץ,גרמים,300.00,100 גרם,false,1,11.90,3.9667,true,1,26665
7290010042883,false,דומדניות שחורות 300ג,,,דומדניות שחורות 300גרם קפוא פסקוביץ,גרמים,300.00,100 גרם,false,1,11.90,3.9667,true,1,26666
7290010050109,false,עירית,,,עירית,Unknown,0.00,Unknown,false,1,5.90,0.0000,true,1,6918
7290010051021,false,בזיליקום,,,בזיליקום,Unknown,0.00,Unknown,false,1,5.90,0.0000,true,1,4583
7290010051045,false,עלי בייבי מיקס ארוז,,,עלי בייבי מיקס ארוז,Unknown,0.00,Unknown,false,1,8.90,0.0000,true,1,4414
7290010051052,false,פטרוזיליה,,,פטרוזיליה,Unknown,0.00,Unknown,false,1,4.00,0.0000,true,1,4403
7290010051113,false,קורנית טימין,,,קורנית טימין,Unknown,0.00,Unknown,false,1,5.90,0.0000,true,1,4410
7290010051120,false,מרווה,,,מרווה,Unknown,0.00,Unknown,false,1,5.90,0.0000,true,1,4411
7290010051144,false,תרד עלים יח,,,תרד עלים 180 גר יח,Unknown,0.00,Unknown,false,1,8.90,0.0000,true,1,6795
7290010051168,false,כוסברה,,,כוסברה,Unknown,0.00,Unknown,false,1,4.00,0.0000,true,1,4445
7290010051175,false,שמיר,,,שמיר,Unknown,0.00,Unknown,false,1,4.00,0.0000,true,1,4405
7290010051182,false,נענע ירוק,,,נענע ירוק,Unknown,0.00,Unknown,false,1,4.00,0.0000,true,1,4404
7290010051199,false,שורש פטרוזיליה,,,שורש פטרוזיליה,Unknown,0.00,Unknown,false,1,5.90,0.0000,true,1,4406
7290010051205,false,סלרי עלים,,,סלרי עלים,Unknown,0.00,Unknown,false,1,5.90,0.0000,true,1,3666
7290010051212,false,סלרי ראש,,,סלרי ראש,Unknown,0.00,Unknown,false,1,5.90,0.0000,true,1,3667
7290010051250,false,אורגנו,,,אורגנו,Unknown,0.00,Unknown,false,1,5.90,0.0000,true,1,6194
7290010051281,false,עלי רוקולה,,,עלי רוקולה,Unknown,0.00,Unknown,false,1,7.90,0.0000,true,1,11140
7290010051298,false,סלק עלים,,,סלק עלים,Unknown,0.00,Unknown,false,1,5.90,0.0000,true,1,4407
7290010051311,false,סלרי עלים,,,סלרי עלים,Unknown,0.00,Unknown,false,1,5.90,0.0000,true,1,14049
7290010051335,false,בצל ירוק,,,בצל ירוק,Unknown,0.00,Unknown,false,1,5.90,0.0000,true,1,4408
7290010051373,false,לבבות חסה שקית,,,לבבות חסה שקית,Unknown,0.00,Unknown,false,1,9.90,0.0000,true,1,16837
7290010051489,false,חמציץ בנספק,,,חמציץ בנספק,Unknown,0.00,Unknown,false,1,8.90,0.0000,true,1,39911
7290010051687,false,רוזמרין,,,רוזמרין,Unknown,0.00,Unknown,false,1,5.90,0.0000,true,1,9208
7290010063468,false,יין לאטור לבן נטופה,יקב נטופה,,יין לאטור לבן נטופה 750מל פקדון,מיליליטרים,750.00,"100 מ""ל",false,1,85.00,11.3333,true,1,9862
7290010063673,false,יין תל קאסר אדום 750,,,יין תל קאסר אדום 750 מל,מיליליטרים,750.00,"100 מ""ל",false,1,125.00,16.6667,true,1,15423
7290010063680,false,יין תל קאסר לבן 750,,,יין תל קאסר לבן 750 מל,מיליליטרים,750.00,"100 מ""ל",false,1,125.00,16.6667,true,1,15422
7290010065073,false,מחית פרינוק גוניור ת,,,מחית פרינוק גוניור תפוח אגס בננה 190 ג,גרמים,190.00,100 גרם,false,1,5.90,3.1053,true,1,4292
7290010065134,false,ליקוקים שימורי חתולי,,,ליקוקים שימורי חתולים 415 ג סלמון,גרמים,415.00,100 גרם,false,1,5.90,1.4217,true,1,3345
7290010065141,false,ליקוקים שימורי חתולי,,,ליקוקים שימורי חתולים 415 ג טונה,גרמים,415.00,100 גרם,false,1,5.90,1.4217,true,1,3346
7290010065172,false,ליקוקים שימורי כלבים,,,ליקוקים שימורי כלבים 415 ג כבד,גרמים,415.00,100 גרם,false,1,5.90,1.4217,true,1,3347
7290010065271,false,מחית פרינוק תפוחי עץ,,,מחית פרינוק תפוחי עץ 130 ג שלב1-2,גרמים,130.00,100 גרם,false,1,5.00,3.8462,true,1,3558
7290010065301,false,מחית פרינוק סלט פירו,,,מחית פרינוק סלט פירות 130 ג שלב1-2,גרמים,130.00,100 גרם,false,1,5.00,3.8462,true,1,3561
7290010065318,false,מחית פרינוק  גוניור,,CZ,מחית פרינוק  גוניור תפוחי עץ 190 ג שלב 3,גרמים,190.00,100 גרם,false,1,5.90,3.1053,true,1,3562
7290010065332,false,מחית פרינוק  גוניור,,,מחית פרינוק  גוניור תפוח+בננה190ג  שלב 3,גרמים,190.00,100 גרם,false,1,5.90,3.1053,true,1,3564
7290010065745,false,מחית פרינוק  גוניור,,,מחית פרינוק  גוניור לפתן פירות190ג,גרמים,190.00,100 גרם,false,1,5.90,3.1053,true,1,10232
7290010115938,false,ביסקויט פתיבר שוקו 5,,,ביסקויט פתי בר שוקו 500 גרם,גרמים,500.00,100 גרם,false,1,9.90,1.9800,true,1,2896
7290010116348,false,חטיף מיני מיקס מעורב,,,חטיף מיני מיקס מעורב מגדים 390 ג משפחתי,גרמים,390.00,100 גרם,false,1,24.90,6.3846,true,1,32423
7290010116980,false,אבקת שוקולית 850 גרם,,,אבקת שוקולית 850 גרם בשקית,גרמים,850.00,100 גרם,false,1,16.90,1.9882,true,1,2945
7290010117864,false,חטיף דוריטוס בטעם חר,STRAUSS-ISRAEL,,חטיף דוריטוס בטעם חריף אש 70ג,Unknown,0.00,Unknown,false,1,3.70,0.0000,true,1,4279
7290010118328,false,מארז6יח תפוציפס טבעי,STRAUSS-ISRAEL,,מארז6יח תפוציפס טבעי 40גר,גרמים,240.00,100 גרם,false,12,13.00,5.4167,true,1,4556
7290010154005,false,סחוג תימני 250 גרם,תבליני יוחאי ביטון,,סחוג תימני 250 גרם,גרמים,250.00,100 גרם,false,1,14.90,5.9600,true,1,2707
7290010154012,false,לימון כבוש 250 גרם,תבליני יוחאי ביטון,,לימון כבוש 250 גרם,גרמים,250.00,100 גרם,false,1,14.90,5.9600,true,1,2708
7290010154029,false,אריסה מתוקה 250 גרם,תבליני יוחאי ביטון,,אריסה מתוקה 250 גרם,גרמים,250.00,100 גרם,false,1,14.90,5.9600,true,1,2859
7290010154036,false,עמבה 250 גרם,תבליני יוחאי ביטון,,עמבה 250 גרם,גרמים,250.00,100 גרם,false,1,14.90,5.9600,true,1,2860
7290010154050,false,ממרח שיפקה כבוש 250ג,תבליני יוחאי ביטון,,ממרח שיפקה כבוש 250גר ביטון,גרמים,250.00,100 גרם,false,1,14.90,5.9600,true,1,40617
7290010154241,false,סלט חזרת ביתית 250 ג,תבליני יוחאי ביטון,,סלט חזרת ביתית 250 גרם,גרמים,250.00,100 גרם,false,1,14.90,5.9600,true,1,2944
7290010154265,false,פלפל צומה 250 ג ביטו,תבליני יוחאי ביטון,,פלפל צומה 250 ג ביטון,גרמים,250.00,100 גרם,false,1,14.90,5.9600,true,1,4136
7290010154418,false,סחוג אדום 130 ג ביטו,תבליני יוחאי ביטון,,סחוג אדום 130 ג ביטון,גרמים,130.00,100 גרם,false,1,8.90,6.8462,true,1,8336
7290010154425,false,סחוג ירוק 130 ג ביטו,תבליני יוחאי ביטון,,סחוג ירוק 130 ג ביטון,גרמים,130.00,100 גרם,false,1,8.90,6.8462,true,1,8337
7290010154548,false,ממרח שום טבעי 235 גר,תבליני יוחאי ביטון,,ממרח שום טבעי 235 גרם,גרמים,235.00,100 גרם,false,1,12.90,5.4894,true,1,13261
7290010154555,false,ממרח לימון כבוש 235,תבליני יוחאי ביטון,,ממרח לימון כבוש 235 גרם,גרמים,235.00,100 גרם,false,1,12.90,5.4894,true,1,13262
7290010154678,false,אריסה מרוקאית 250 גר,תבליני יוחאי ביטון,,אריסה מרוקאית 250 גרם,גרמים,250.00,100 גרם,false,1,14.90,5.9600,true,1,17238
7290010154685,false,סלט שום כתוש 250 גרם,תבליני יוחאי ביטון,,סלט שום כתוש 250 גרם,גרמים,250.00,100 גרם,false,1,14.90,5.9600,true,1,17239
7290010154692,false,סחוג אדום 250 גרם בי,תבליני יוחאי ביטון,,סחוג אדום 250 גרם ביטון,גרמים,250.00,100 גרם,false,1,14.90,5.9600,true,1,30129
7290010163069,false,צנובר השף 100 ג,"דין שיווק וקלייה בע""",,צנובר 100 ג,גרמים,100.00,100 גרם,false,1,19.90,19.9000,true,1,3129
7290010173037,false,יין בר הרי גליל רוזה,יקבי רמת הגולן,,יין גליל רוזה 2016 750 מל פקדון,מיליליטרים,750.00,"100 מ""ל",false,1,40.00,5.3333,true,1,3997
7290010173044,false,יין בר הרי גליל מרלו,יקבי רמת הגולן,,יין גליל מרלו 2016 750 מל פקדון,מיליליטרים,750.00,"100 מ""ל",false,1,40.00,5.3333,true,1,2941
7290010173068,false,יין בר הרי גליל ק.סו,יקבי רמת הגולן,,יין גליל ק.סוביניון 2016 750 מל,מיליליטרים,750.00,"100 מ""ל",false,1,40.00,5.3333,true,1,2942
7290010173174,false,יין גליל אלון 2014 7,יקבי רמת הגולן,,יין גליל אלון 2014 750 מל פקדון,מיליליטרים,750.00,"100 מ""ל",false,1,60.00,8.0000,true,1,7960
7290010173181,false,יין גליל אלה 2014 75,יקבי רמת הגולן,,יין גליל אלה 2014 750 מל,מיליליטרים,750.00,"100 מ""ל",false,1,60.00,8.0000,true,1,8248
7290010173334,false,יין בר הרי גליל סירה,יקבי רמת הגולן,,יין הרי גליל סירה  2016 750 מל פקדון,מיליליטרים,750.00,"100 מ""ל",false,1,40.00,5.3333,true,1,4984
7290010192144,false,סלרי חתוך,,,סלרי אמריקאי חתוך,Unknown,0.00,Unknown,false,1,5.90,0.0000,true,1,41199
7290010195268,false,פופקורן פופסטאר מופח,Preston farms,,פופקורן פופסטאר מופחת שומן טבעי5יח 425גר,גרמים,425.00,100 גרם,false,1,12.90,3.0353,true,1,26869
7290010196678,false,זוג שקיות קוקי ענק 1,קיטים,,זוג שקיות קוקי ענק 10 יח,יחידה,10.00,יחידה,false,1,21.90,2.1900,true,1,3238
7290010199891,false,אלסבון ארומטי תה אדו,,,"אלסבון ארומטי תה אדום משאה 500 מ""ל",מיליליטרים,500.00,"100 מ""ל",false,1,7.90,1.5800,true,1,5268
7290010199907,false,אלסבון ארומטי תה ירו,,,"אלסבון ארומטי תה ירוק משאבה 500 מ""ל",מיליליטרים,500.00,"100 מ""ל",false,1,7.90,1.5800,true,1,4974
7290010237531,false,משקה פפסי קולה קוול,,,משקה פפסי קולה קוול 500 מל בק פקדון,מיליליטרים,500.00,"100 מ""ל",false,1,4.90,0.9800,true,1,4505
7290010237548,false,משקה פפסי מקס קוול 5,,,משקה פפסי מקס קוול 500 מל בק פקדון,מיליליטרים,500.00,"100 מ""ל",false,1,4.90,0.9800,true,1,4506
7290010237562,false,משקה פפסי מרינדה קוו,,,משקה פפסי מרינדה קוול 500 מל בק פקדון,מיליליטרים,500.00,"100 מ""ל",false,1,4.90,0.9800,true,1,7263
7290010237579,false,משקה סבן אפ קוול 500,,,משקה סבן אפ קוול 500 מל בק פקדון,מיליליטרים,500.00,"100 מ""ל",false,1,4.90,0.9800,true,1,4507
7290010237685,false,בירה היינקן בק330מל,,,בירה היינקן בק330מל בק. פיקדון,מיליליטרים,330.00,"100 מ""ל",false,1,8.90,2.6970,true,1,29866
7290010237784,false,מארז 6יח בירה שנדי ל,,,מארז 6יח בירה שנדי למון ליים בק330מל פיק,ליטרים,1.98,ליטר,false,1,29.90,15.1010,true,1,3597
7290010259007,false,עוגיות בישקוטים 200,דן קייק,,עוגיות בישקוטים 200 ג,גרמים,200.00,100 גרם,false,1,5.90,2.9500,true,1,3808
7290010259977,false,שמן קנולה 1 ליטר ויל,ברקולמן,,שמן קנולה 1 ליטר וילי פוד,ליטרים,1.00,ליטר,false,1,9.90,9.9000,true,1,3807
7290010259991,false,צנימים קלאסיק 250 גר,דן קייק,,צנימים קלאסיק 250 גר רגילים,גרמים,250.00,100 גרם,false,1,7.90,3.1600,true,1,6330
7290010287314,false,יין שור אסטייט שקמה,,IL,יין שור אסטייט שקמה מרסאן 750 מל,מיליליטרים,750.00,"100 מ""ל",false,12,60.00,8.0000,true,1,38325
7290010287468,false,יין שור אסטייט שקמה,,IL,יין שור אסטייט שקמה מוסקט 750 מל,מיליליטרים,750.00,"100 מ""ל",false,12,60.00,8.0000,true,1,38324
7290010287482,false,יין שור אסטייט שקמה,,IL,יין שור אסטייט שקמה שני בלנד 750 מל,מיליליטרים,750.00,"100 מ""ל",false,12,60.00,8.0000,true,1,38323
7290010298143,false,יין שאטו בלריב דובוא,,,יין שאטו בלריב דובואה בורדו כשר 750 מל,מיליליטרים,750.00,"100 מ""ל",false,6,65.00,8.6667,true,1,42104
7290010298273,false,יין דרך ארץ שרדונה 7,ברקן,IL,יין דרך ארץ שרדונה 750 מל פיקדון,מיליליטרים,750.00,"100 מ""ל",false,1,35.00,4.6667,true,1,15299
7290010298846,false,יין טומאסי אמרונה 75,,,יין טומאסי אמרונה 750 מל פקדון,מיליליטרים,750.00,"100 מ""ל",false,1,240.00,32.0000,true,1,2973
7290010298938,false,יין טומאסי פינו גריג,,,יין טומאסי פינו גריגיו 750 מל פקדון,מיליליטרים,750.00,"100 מ""ל",false,1,65.00,8.6667,true,1,2974
7290010298945,false,יין טומאסי ריפאסו וו,,,יין טומאסי ריפאסו וולפוליצלה 750 מל פקדו,מיליליטרים,750.00,"100 מ""ל",false,1,100.00,13.3333,true,1,2975
7290010298990,false,יין טומאסי רפאל וולפ,,,יין טומאסי רפאל וולפוליצלה 750מל פקדון,מיליליטרים,750.00,"100 מ""ל",false,1,80.00,10.6667,true,1,2980
7290010328093,false,ממרח חלבה אחווה 400,,,ממרח חלבה אחווה 400 גרם,גרמים,400.00,100 גרם,false,1,10.90,2.7250,true,1,4669
7290010328468,false,חטיפי חלבה אחווה טעמ,,,חטיפי חלבה אחווה טעמים 18 גר,Unknown,0.00,Unknown,false,1,9.90,0.0000,true,1,19084
7290010328505,false,חטיפי חלבה אחווה ללא,,,חטיפי חלבה אחווה ללא סוכר 15 יח,Unknown,0.00,Unknown,false,1,9.90,0.0000,true,1,19085
7290010328727,false,ממרח טחינה עם שוקולד,,,ממרח טחינה עם שוקולד אחווה 400 גרם,גרמים,400.00,100 גרם,false,1,10.90,2.7250,true,1,13552
7290010328734,false,ממרח טחינה עם סילאן,,,ממרח טחינה עם סילאן אחווה 400 גרם,גרמים,400.00,100 גרם,false,1,10.90,2.7250,true,1,13553
7290010328819,false,ממרח טחינה עם שוקולד,,,ממרח טחינה עם שוקולד ל.ס.400 גרם,גרמים,400.00,100 גרם,false,1,10.90,2.7250,true,1,22370
7290010329854,false,עוג.מיני קוקיס בטעם,כרמית,,עוג.מיני קוקיס בטעם חמאה ל.ס600גר,גרמים,600.00,100 גרם,false,1,18.90,3.1500,true,1,5303
7290010329977,false,מטבעות שוקולד מריר 4,כרמית,,מטבעות שוקולד מריר 48 ג ברשת,Unknown,0.00,Unknown,false,1,5.00,0.0000,true,1,5662
7290010373055,false,ערק זחלאווי אליאלי מ,אלנמרוד,,ערק זחלאווי אליאלי מקורי 500 מל פיקדון,מיליליטרים,500.00,"100 מ""ל",false,1,65.00,13.0000,true,1,5780
7290010385270,false,יין מרלו ינוקא 750 מ,,,יין מרלו ינוקא 750 מל,מיליליטרים,750.00,"100 מ""ל",false,6,110.00,14.6667,true,1,33122
7290010417162,false,יין גמלא ריזלינג עבר,יקבי רמת הגולן,,יין גמלא ריזלינג 750 מל פקדון רמת הגולן,מיליליטרים,750.00,"100 מ""ל",false,1,60.00,8.0000,true,1,3774
7290010429684,false,זוג דבש יד מרדכי 350,,,זוג דבש יד מרדכי 350 ג צנצנת,גרמים,700.00,100 גרם,false,1,34.90,4.9857,true,1,4000
7290010471669,false,יוגורט דנונה בר קראנ,,,יוגורט דנונה בר קראנצ תות קורנפלקס 175גר,גרמים,175.00,100 גרם,false,1,4.70,2.6857,true,1,3483
7290010472307,false,גמדים שתיה 8 תות בננ,,,גמדים שתיה 8 תות בננה,מיליליטרים,800.00,"100 מ""ל",false,1,19.90,2.4875,true,1,3704
7290010472390,false,מארז 8 מעדן דני שוקו,,,מארז 8 מעדן דני שוקולד 125 גר,גרמים,1000.00,100 גרם,false,1,15.90,1.5900,true,1,3743
7290010513703,false,צופסטיקס יפני 20 יח,Guilin fengzhu tradi,,צופסטיקס יפני 20 יח,Unknown,0.00,Unknown,false,1,6.90,0.0000,true,1,4209
7290010513727,false,פירורי לחם פנקו 200,Qingdao Sun-growing,,פירורי לחם פנקו 200 ג קינגדאו,גרמים,200.00,100 גרם,false,1,8.90,4.4500,true,1,8895
7290010517367,false,יין פלם 2015 קלאסיקו,,,יין פלם 2015 קלאסיקו 750 מל,מיליליטרים,750.00,"100 מ""ל",false,1,110.00,14.6667,true,1,14028
7290010517473,false,יין פלם רוזה 750 מל,,,יין פלם רוזה 2015 750 מל פקדון,מיליליטרים,750.00,"100 מ""ל",false,1,120.00,16.0000,true,1,12360
7290010517480,false,יין פלם בלאנק 2017 7,,,יין פלם בלאנק 2015 750 מל פקדון,מיליליטרים,750.00,"100 מ""ל",false,1,100.00,13.3333,true,1,12359
7290010517992,false,יין פלם קברנה רזרב 2,,,יין פלם קברנה 2008 רזרב 750מל פיקדון,מיליליטרים,750.00,"100 מ""ל",false,1,169.00,22.5333,true,1,30818
7290010546152,false,גרנולה מנדל תמרים 40,מנדל,,גרנולה מנדל תמרים 400 גר צנצנת,גרמים,400.00,100 גרם,false,1,19.90,4.9750,true,1,9027
7290010546169,false,גרנולה מנדל שקד צימו,מנדל,,גרנולה מנדל שקד צימוק 400 גר צנצנת,גרמים,400.00,100 גרם,false,1,19.90,4.9750,true,1,9026
7290010546336,false,גרנולה מנדל בסילאן ל,מנדל,,גרנולה מנדל בסילאן ל.סוכר 400 גרם,גרמים,400.00,100 גרם,false,1,19.90,4.9750,true,1,12887
7290010546558,false,גרנולה מנדל חלבה תמר,מנדל,,גרנולה מנדל חלבה תמרים 400 גרם,גרמים,400.00,100 גרם,false,1,19.90,4.9750,true,1,16172
7290010546565,false,גרנולה מנדל שוקולד 4,מנדל,,גרנולה מנדל שוקולד 400 גרם,גרמים,400.00,100 גרם,false,1,19.90,4.9750,true,1,16173
7290010546633,false,גרנולה מנדל חמאת בוט,מנדל,,גרנולה מנדל חמאת בוטנים 350 גר צנצנת,גרמים,350.00,100 גרם,false,1,19.90,5.6857,true,1,28377
7290010548514,false,עשבי תיבול לבישול אי,דורות,,עשבי תיבול לבישול איטלקי דורות 70 גר,גרמים,70.00,100 גרם,false,1,9.90,14.1429,true,1,4773
7290010549108,false,רכז רימונים 350 גרם,,UZ,רכז רימונים 350 גרם 100% טבעי גרנטה,גרמים,350.00,100 גרם,false,6,31.90,9.1143,true,1,31189
7290010561117,false,ברילי כמו גבינה לבנה,,,ברילי כמו גבינה לבנה 5% 220גר טבעוני,גרמים,220.00,100 גרם,false,1,18.90,8.5909,true,1,32034
7290010561124,false,ברילי כמו גבינת שמנת,,,ברילי כמו גבינת שמנת זיתים 20% 220גר,גרמים,220.00,100 גרם,false,1,18.90,8.5909,true,1,32036
7290010561179,false,ברילי כמו לאבנה 220ג,,,ברילי כמו לאבנה 220גר 5% טבעוני,גרמים,220.00,100 גרם,false,1,18.90,8.5909,true,1,40211
7290010561407,false,לחם פרוס אקסטרא ויטמ,,,לחם פרוס אקסטרא ויטמינים ומינרלים 500גר,גרמים,500.00,100 גרם,false,12,21.90,4.3800,true,1,33132
7290010561421,false,לחם כפרי קמח טף 500ג,,,לחם כפרי קמח טף 500גר ברילי אקסטרא,גרמים,500.00,100 גרם,false,1,21.90,4.3800,true,1,29567
7290010561445,false,פיתות ברילי 420גר,,,פיתות ברילי 420גר,גרמים,420.00,100 גרם,false,1,21.90,5.2143,true,1,29566
7290010561469,false,לחמניות אצבע ברילי 3,,,לחמניות אצבע ברילי 330גר ללא גלוטן,גרמים,330.00,100 גרם,false,14,21.90,6.6364,true,1,33131
7290010561490,false,לחמניות המבורגר בריל,,,לחמניות המבורגר ברילי 360גר ללא גלוטן,גרמים,360.00,100 גרם,false,1,21.90,6.0833,true,1,4287
7290010561582,false,עוגת בראוניז קיטו בר,אשבל,IL,עוגת בראוניז קיטו ברילי 50גר,Unknown,0.00,Unknown,false,18,12.90,0.0000,true,1,43461
7290010561599,false,מאפינס מייפל קיטו בר,אשבל,IL,מאפינס מייפל קיטו ברילי 50גר,Unknown,0.00,Unknown,false,18,12.90,0.0000,true,1,43462
7290010561612,false,מאפינס וניל קיטו ברי,אשבל,IL,מאפינס וניל קיטו ברילי 50גר,Unknown,0.00,Unknown,false,18,12.90,0.0000,true,1,43456
7290010561643,false,פירורי לחם חחא גלוטן,,,פירורי לחם חחא גלוטן 250 גר,גרמים,250.00,100 גרם,false,12,16.90,6.7600,true,1,31039
7290010561650,false,ברילי פתיתים אפויים,,,ברילי פתיתים אפויים ללג 250 גר,גרמים,250.00,100 גרם,false,18,16.90,6.7600,true,1,31037
7290010561667,false,ברילי פתיתים אפויים,,,ברילי פתיתים אפויים ללג קוסקוס 250 גר,גרמים,250.00,100 גרם,false,18,16.90,6.7600,true,1,31038
7290010561711,false,שייק קפה קיטו ברילי,אשבל,IL,שייק קפה קיטו ברילי 30 גר,Unknown,0.00,Unknown,false,18,11.90,0.0000,true,1,43455
7290010561728,false,אבקה להכנת שוקו קיטו,אשבל,IL,אבקה להכנת שוקו קיטו ברילי 40גר,Unknown,0.00,Unknown,false,18,11.90,0.0000,true,1,43460
7290010561780,false,פודינג וניל קיטו ברי,אשבל,IL,פודינג וניל קיטו ברילי 35גר,Unknown,0.00,Unknown,false,18,11.90,0.0000,true,1,43458
7290010561797,false,פודינג שוקולד קיטו ב,אשבל,IL,פודינג שוקולד קיטו ברילי 43גר,Unknown,0.00,Unknown,false,18,11.90,0.0000,true,1,43459
7290010582686,true,ליצי ארוז,,,ליצי ארוז,Unknown,0.00,Unknown,false,,14.90,0.0000,true,1,43284
7290010587049,false,יין כתום ענבר טוליפ,יקב טוליפ,,יין גוורצטרמינר משאלת לב טוליפ 750מל,מיליליטרים,750.00,"100 מ""ל",false,1,110.00,14.6667,true,1,10625
7290010587087,false,יין יין אריאל טוליפ,יקב טוליפ,IL,יין טוליפ מוסטלי מרלו 750 מל פקדון,Unknown,0.00,Unknown,false,6,110.00,0.0000,true,1,3918
7290010587100,false,יין פורט טוליפ 750מל,יקב טוליפ,,יין פורט טוליפ 750מל פקדון,מיליליטרים,750.00,"100 מ""ל",false,1,100.00,13.3333,true,1,4809
7290010587438,false,יין בלאק טוליפ 2015,יקב טוליפ,,יין בלאק טוליפ 2015 750 מל פקדון,מיליליטרים,750.00,"100 מ""ל",false,1,199.00,26.5333,true,1,16100
7290010587469,false,יין ק. סוביניון טולי,יקב טוליפ,,יין ק. סוביניון טוליפ 2017 750 מל פק,מיליליטרים,750.00,"100 מ""ל",false,1,65.00,8.6667,true,1,16814
7290010587476,false,יין מרלו טוליפ 2017,יקב טוליפ,,יין מרלו טוליפ 2017 750מל פקדון,מיליליטרים,750.00,"100 מ""ל",false,1,65.00,8.6667,true,1,16815
7290010587483,false,יין אספרסו טוליפ 201,יקב טוליפ,,יין אספרסו טוליפ 2016 750מל פקדון,מיליליטרים,750.00,"100 מ""ל",false,1,85.00,11.3333,true,1,16817
7290010587490,false,יין אספרסו וויט טולי,יקב טוליפ,,יין אספרסו וויט טוליפ 2017 750 מל,מיליליטרים,750.00,"100 מ""ל",false,1,85.00,11.3333,true,1,16818
7290010587605,false,יין מארה מיה נוסטרום,MAIA WINERY,,יין מארה מיה נוסטרום 750 מל פקדון,מיליליטרים,750.00,"100 מ""ל",false,1,110.00,14.6667,true,1,10302
7290010587612,false,יין מארה מיה אדום 75,MAIA WINERY,,יין מארה מיה אדום 750 מל פקדון,מיליליטרים,750.00,"100 מ""ל",false,1,75.00,10.0000,true,1,10301
7290010587629,false,יין מארה מיה רוזה750,MAIA WINERY,,יין מארה מיה רוזה750 מל פקדון,מיליליטרים,750.00,"100 מ""ל",false,1,75.00,10.0000,true,1,10299
7290010587636,false,יין מארה מיה לבן 750,MAIA WINERY,,יין מארה מיה לבן 750 מל פקדון,מיליליטרים,750.00,"100 מ""ל",false,1,75.00,10.0000,true,1,10300
7290010587759,false,יין פרימוורה ארומטיק,יקב טוליפ,,יין פרימוורה ארומטיקו 750 מל,מיליליטרים,750.00,"100 מ""ל",false,1,65.00,8.6667,true,1,13063
7290010587872,false,יין אמרונה 750 מל,יקב זני,IT,יין אמרונה 750 מל,מיליליטרים,750.00,"100 מ""ל",false,6,169.00,22.5333,true,1,21368
7290010587896,false,יין סובניון בלאן 201,יקב טוליפ,,"יין סובניון בלאן 2017 750 מ""ל",מיליליטרים,750.00,"100 מ""ל",false,1,100.00,13.3333,true,1,17612
7290010587902,false,יין טוליפ פרנק מרו,יקב טוליפ,,יין טוליפ פרנק מרו  רזרב 2016 750 מל,מיליליטרים,750.00,"100 מ""ל",false,1,110.00,14.6667,true,1,17477
7290010589012,false,עוגת וופל במילוי קרם,,IL,עוגת וופל במילוי קרם חלב 315גר וישאם,גרמים,315.00,100 גרם,false,1,29.90,9.4921,true,1,27831
7290010589036,false,עוגת וופלבמילוי ריבת,,IL,עוגת וופלבמילוי ריבת חלב 270גר,גרמים,270.00,100 גרם,false,1,33.90,12.5556,true,1,27832
7290010589043,false,עוגת וופל במילוי ריב,,IL,עוגת וופל במילוי ריבת חלב 315גר וישאם,גרמים,315.00,100 גרם,false,1,29.90,9.4921,true,1,27830
7290010589135,false,גליליות ממולא קרם פט,,IL,גליליות ממולא קרם פטיסייר 225גר וישאם,גרמים,225.00,100 גרם,false,1,29.90,13.2889,true,1,27846
7290010589203,false,כדורי שוקולד קרם חלב,,IL,כדורי שוקולד קרם חלב 300גר וישאם,גרמים,300.00,100 גרם,false,1,29.90,9.9667,true,1,27843
7290010589227,false,כדורי שוקולד טעם שוק,,IL,כדורי שוקולד טעם שוקולד 300גר וישאם,גרמים,300.00,100 גרם,false,1,29.90,9.9667,true,1,27845
7290010589302,false,עוגת וופל במילוי קרם,,IL,עוגת וופל במילוי קרם קפה 270גרם,גרמים,270.00,100 גרם,false,1,33.90,12.5556,true,1,39239
7290010589326,false,עוגת וופל במילוי קרם,,IL,עוגת וופל במילוי קרם פיסטוק 270גרם,גרמים,270.00,100 גרם,false,1,33.90,12.5556,true,1,39240
7290010589333,false,עוגת וופל במילוי קרם,,IL,עוגת וופל במילוי קרם חמאת בוטנים 270גרם,גרמים,270.00,100 גרם,false,1,33.90,12.5556,true,1,39241
7290010589340,false,עוגת וופל במילוי קרם,,IL,עוגת וופל במילוי קרם חלווה 270גרם,גרמים,270.00,100 גרם,false,1,33.90,12.5556,true,1,39242
7290010632787,false,צימרוני אוזניים 300,S.T.O CO.LTD,,צימרוני אוזניים 300 יח מעץ,יחידה,300.00,יחידה,false,1,3.50,0.0117,true,1,14667
7290010632824,false,ספוג מתכת+ידית 6יח י,יוניסן,,ספוג מתכת+ידית 6יח יוניסאן,יחידה,6.00,יחידה,false,1,9.90,1.6500,true,1,16250
7290010650019,false,אנדיב תקוע ארוז,,,אנדיב ארוז,Unknown,0.00,Unknown,false,1,15.00,0.0000,true,1,6164
7290010650033,false,בצלצלי שאלוט תקוע אר,,,בצלצלי שאלוט ארוז במגש,Unknown,0.00,Unknown,false,1,10.90,0.0000,true,1,6165
7290010650040,false,פטריות שיטאקי תקוע א,,,פטריות שיטאקי ארוז,Unknown,0.00,Unknown,false,1,13.00,0.0000,true,1,6159
7290010650088,false,פטריות שמפיניון מיוב,,,פטריות שמפיניון מיובשות,Unknown,0.00,Unknown,false,1,11.00,0.0000,true,1,5120
7290010650194,false,זנגוויל תאילנדי תקוע,,,זנגוויל תאילנדי ארוז מגשית,Unknown,0.00,Unknown,false,1,8.90,0.0000,true,1,6168
7290010650231,false,פטריות מאי טאקי מיוב,,,פטריות מאי טאקי מיובשות,Unknown,0.00,Unknown,false,1,12.90,0.0000,true,1,6161
7290010650255,false,לקט פטריות מיובשות ל,,,לקט פטריות מיובשות למרק,Unknown,0.00,Unknown,false,1,15.00,0.0000,true,1,6163
7290010650279,false,לקט פטריות מיובשות ל,,,לקט פטריות מיובשות לפסטה,Unknown,0.00,Unknown,false,1,15.00,0.0000,true,1,6162
7290010650293,false,בצלצלי שאלוט מקולף ת,,,בצלצלי שאלוט מקולף ארוז במגש,Unknown,0.00,Unknown,false,1,14.90,0.0000,true,1,7070
7290010650354,false,שורש כורכום תקוע,,,שורש כורכום טרי ארוז,Unknown,0.00,Unknown,false,1,12.50,0.0000,true,1,7064
7290010650408,false,בצלצלי פנינה תקוע יח,,,בצלצלי פנינה יח,Unknown,0.00,Unknown,false,1,10.00,0.0000,true,1,26144
7290010650415,false,עגבניות לחות תקוע 20,,,עגבניות לחות 200 גר יח,גרמים,100.00,100 גרם,false,1,11.90,11.9000,true,1,6855
7290010650576,false,פטריות שינוקי תקוע,,,פטריות שינוקי 150. גר,Unknown,0.00,Unknown,false,1,11.90,0.0000,true,1,8087
7290010650668,false,למון גראס תקוע,,,למון גראס,Unknown,0.00,Unknown,false,1,10.90,0.0000,true,1,9753
7290010650767,false,אנדיב אדום תקוע,,,אנדיב אדום ארוז,Unknown,0.00,Unknown,false,1,20.00,0.0000,true,1,11699
7290010650798,false,לקט פטריות ובורגול,,,לקט פטריות ובורגול  310 גר,Unknown,0.00,Unknown,false,1,15.00,0.0000,true,1,18833
7290010650804,false,לקט פטריות ופתיתים ת,,,לקט פטריות ופתיתים  235 גר,Unknown,0.00,Unknown,false,1,15.00,0.0000,true,1,18832
7290010650828,false,פטריות שימגי לבן תקו,,,פטריות שימגי לבן תקוע,Unknown,0.00,Unknown,false,1,13.00,0.0000,true,1,18591
7290010650996,false,פטריות שימגי חום תקו,,,פטריות שימגי חום תקוע,Unknown,0.00,Unknown,false,1,13.00,0.0000,true,1,31727
7290010657254,false,סרדין קזבלנקה בשמן ס,יוניון דה פחריס,,סרדין קזבלנקה בשמן סויה  125 גר,גרמים,125.00,100 גרם,false,1,5.90,4.7200,true,1,7230
7290010657292,false,צלפים בחומץ סי פווד,פ.ח סאנצאס,,צלפים בחומץ סי פווד 350 גר,גרמים,350.00,100 גרם,false,1,13.50,3.8571,true,1,4958
7290010657490,false,סרדין קזבלנקה בשמן ח,יוניון דה פחריס,,סרדין קזבלנקה בשמן חריף  125 גר,גרמים,125.00,100 גרם,false,1,5.90,4.7200,true,1,7227
7290010657506,false,סרדין קזבלנקה בשמן ז,יוניון דה פחריס,,סרדין קזבלנקה בשמן זית 125 גר,גרמים,125.00,100 גרם,false,1,6.90,5.5200,true,1,7226
7290010657551,false,סרדין קזבלנקה ברוטב,יוניון דה פחריס,,סרדין קזבלנקה ברוטב עגבניות  125 גר,גרמים,125.00,100 גרם,false,1,5.90,4.7200,true,1,7228
7290010657568,false,סרדין קזבלנקה לימון,יוניון דה פחריס,,סרדין קזבלנקה לימון  125 גר,גרמים,125.00,100 גרם,false,1,5.90,4.7200,true,1,7229
7290010657681,false,פילה מקרל בשמן צמחי,יוניון דה פחריס,,פילה מקרל בשמן צמחי ללא עור ועצמו 125 גר,גרמים,125.00,100 גרם,false,1,10.00,8.0000,true,1,7224
7290010657698,false,פילה מקרל פלפל חריף,יוניון דה פחריס,,פילה מקרל פלפל חריף 125 גר,גרמים,125.00,100 גרם,false,1,10.00,8.0000,true,1,7223
7290010657704,false,פילה מקרל בשמן זית ל,יוניון דה פחריס,,פילה מקרל בשמן זית ללא עור ועצמות 125גר,גרמים,125.00,100 גרם,false,1,11.00,8.8000,true,1,7225
7290010657834,false,מי ורדים 500 מל סי.א,אלימאד פוד,,מי ורדים 500 מל סי.אף,מיליליטרים,500.00,"100 מ""ל",false,1,16.90,3.3800,true,1,5534
7290010657902,false,בצלצלי פנינה 400 גר,לוקסאפרס,,בצלצלי פנינה 400 גר,גרמים,400.00,100 גרם,false,1,11.90,2.9750,true,1,6536
7290010679676,false,גיוזה צימחונית  240,,,גיוזה צימחונית  240 גר,גרמים,240.00,100 גרם,false,1,24.90,10.3750,true,1,9649
7290010679843,false,לחמניה באו עגול גדול,,,לחמניה באו עגול גדול 4 יח 70גר,גרמים,280.00,100 גרם,false,1,16.90,6.0357,true,1,27181
7290010679874,false,לחמניה באו מאודה עגו,,,לחמניה באו מאודה עגול קטן 6 יח,גרמים,240.00,100 גרם,false,1,16.90,7.0417,true,1,7899
7290010679997,false,דים סאם עוף 240 גר,,,דים סאם עוף 240 גר,גרמים,240.00,100 גרם,false,1,24.90,10.3750,true,1,9024
7290010690138,false,ברוקולי ארוז במגשית,,,ברוקולי ארוז במגשית,Unknown,0.00,Unknown,false,1,9.90,0.0000,true,1,8180
7290010690428,false,חסה לבבות,,,חסה לבבות,Unknown,0.00,Unknown,false,1,9.90,0.0000,true,1,9217
7290010690473,false,חסה עגולה ארוזה במגש,,,חסה עגולה ארוזה במגשית,Unknown,0.00,Unknown,false,1,6.90,0.0000,true,1,8362
7290010711024,false,מגב חלון איטלקי 25סמ,,IT,מגב חלון איטלקי 25סמ,יחידה,1.00,יחידה,false,12,8.90,8.9000,true,1,23603
7290010711123,false,כריות מתכת 4יח שיין,,CN,כריות מתכת 4יח שיין,יחידה,4.00,יחידה,false,24,5.90,1.4750,true,1,23532
7290010711147,false,גליל מטליות אקולוגי,,IL,גליל מטליות אקולוגי 40 יח שיין,יחידה,40.00,יחידה,false,15,22.90,0.5725,true,1,23523
7290010711413,false,מקל מתכת 1.5מטר לבן,,IT,מקל מתכת 1.5מטר לבן,יחידה,1.00,יחידה,false,24,8.90,8.9000,true,1,23600
7290010711543,false,כף אשפה עם גומי,,IT,כף אשפה עם גומי,יחידה,1.00,יחידה,false,24,6.90,6.9000,true,1,23575
7290010711550,false,דלי שטיפה עם פיה 12,,IL,דלי שטיפה עם פיה 12 ליטר,יחידה,1.00,יחידה,false,12,16.90,16.9000,true,1,23574
7290010711901,false,מטליות מיקרו רצפה 3,GUANGDONG,CN,מטליות מיקרו רצפה 3 יח,יחידה,3.00,יחידה,false,36,14.90,4.9667,true,1,18129
7290010711918,false,מארז 5יח מטליות מיקר,נועם אורים,IL,מארז 5יח מטליות מיקרו לניקוי כללי שיין,יחידה,5.00,יחידה,false,1,7.90,1.5800,true,1,26883
7290010711932,false,מטליות רב שימושיות פ,נועם אורים,IL,מטליות רב שימושיות פרימיום 9 יח,יחידה,9.00,יחידה,false,24,7.90,0.8778,true,1,18128
7290010715220,false,כוסות קרטון חד פעמי,,,כוסות קרטון חד פעמי 8אונז 50יח פאלאס,יחידה,50.00,יחידה,false,1,12.90,0.2580,true,1,11193
7290010715305,false,מגש שקוף חד פעמי פאל,,,מגש שקוף חד פעמי פאלאס,יחידה,1.00,יחידה,false,1,7.50,7.5000,true,1,11195
7290010715336,false,להבונים בשקית 50 יח,,,להבונים בשקית 50 יח,יחידה,50.00,יחידה,false,1,10.90,0.2180,true,1,11166
7290010720064,false,נבטי חמניה אורגני,,,נבטי חמניה אורגני,Unknown,0.00,Unknown,false,1,12.00,0.0000,true,1,6928
7290010720163,false,נבטי ברוקולי אורגני,,,נבטי ברוקולי אורגני,Unknown,0.00,Unknown,false,1,12.00,0.0000,true,1,6925
7290010720170,false,נבטי צנונית אורגני,,,נבטי צנונית אורגני,Unknown,0.00,Unknown,false,1,10.00,0.0000,true,1,6926
7290010720200,false,נבטים סינים אורגני,,,נבטים סינים אורגני,Unknown,0.00,Unknown,false,1,10.00,0.0000,true,1,6927
7290010720224,false,נבטוטים גדול אורגני,,,נבטוטים גדול אורגני,Unknown,0.00,Unknown,false,1,12.00,0.0000,true,1,6923
7290010748518,false,שמפו סרקל פורטה  750,פישר תעשיות,,שמפו סרקל פורטה  750 מל,מיליליטרים,750.00,"100 מ""ל",false,1,24.90,3.3200,true,1,3759
7290010748525,false,מרכך סרקל פורטה  750,פישר תעשיות,,מרכך סרקל פורטה  750 מל,מיליליטרים,750.00,"100 מ""ל",false,1,24.90,3.3200,true,1,3760
7290010748853,false,קרם ידיים אפקטיב קר,פישר תעשיות,,קרם ידיים אפקטיב קר לעור רגיש ועדין 150מ,מיליליטרים,150.00,"100 מ""ל",false,1,11.90,7.9333,true,1,5010
7290010748860,false,קרם ידיים אפקטיב קר,פישר תעשיות,,קרם ידיים אפקטיב קר לעור יבש  150מ,מיליליטרים,150.00,"100 מ""ל",false,1,11.90,7.9333,true,1,5011
7290010748877,false,קרם גוף אפקטיב לעור,פישר תעשיות,,קרם גוף אפקטיב לעור רגיש עדין 700 מל,מיליליטרים,700.00,"100 מ""ל",false,1,31.90,4.5571,true,1,5007
7290010748884,false,קרם גוף אפקטיב לעור,פישר תעשיות,,קרם גוף אפקטיב לעור יבש במיוחד 700 מל,מיליליטרים,700.00,"100 מ""ל",false,1,31.90,4.5571,true,1,5008
7290010748891,false,קרם גוף אפקטיב לעור,פישר תעשיות,,קרם גוף אפקטיב לעור רגיל יבש 700 מל,מיליליטרים,700.00,"100 מ""ל",false,1,31.90,4.5571,true,1,5009
7290010760947,false,עוגיות שקד בטעמים600,,,עוגיות שקד בטעמים600 גרם,גרמים,600.00,100 גרם,false,1,15.90,2.6500,true,1,14012
7290010766949,false,ממרח תחתיות ארטישוק,,,ממרח תחתיות ארטישוק 180גר אוליביה,גרמים,180.00,100 גרם,false,1,12.90,7.1667,true,1,6940
7290010766956,false,ממרח פלפלים קלויים 1,,,ממרח פלפלים קלויים 180 גר אוליביה,גרמים,180.00,100 גרם,false,1,12.90,7.1667,true,1,6941
7290010777006,false,לחמניות כוסמין מלא 6,,,עוגיות אקלר קוקוס/בוטנים 400 גר,גרמים,360.00,100 גרם,false,1,14.90,4.1389,true,1,40754
7290010777051,false,מארז לחמניות המבורגר,שי שאשא,,מארז לחמניות המבורגר 5 יח,יחידה,5.00,יחידה,false,1,14.90,2.9800,true,1,12340
7290010777099,false,פיתות עבודת יד 8 יחי,,,פיתות עבודת יד 8 יחידות,יחידה,8.00,יחידה,false,1,11.90,1.4875,true,1,16022
7290010777150,false,פיתה בריבוע חיטה מלא,,,פיתה בריבוע חיטה מלאה 100% 8 יח,יחידה,8.00,יחידה,false,1,14.90,1.8625,true,1,11773
7290010777228,false,פיתה ביס חיטה מלאה 1,,,פיתה ביס חיטה מלאה 100% 12 יחידות,יחידה,12.00,יחידה,false,1,13.90,1.1583,true,1,11774
7290010777297,false,פיתות ביס עגול/ריבוע,,,פיתות ביס עגול/ריבוע/עבודת יד 10 יחידות,יחידה,10.00,יחידה,false,1,14.90,1.4900,true,1,11771
7290010777327,false,פיתה קלה 79 קלוריות,,,פיתה קלה 79 קלוריות 10יחידות,יחידה,10.00,יחידה,false,1,12.90,1.2900,true,1,11775
7290010777358,false,פיתה כוסמין 8 יחידות,שי שאשא,,פיתה כוסמין 8 יחידות,יחידה,10.00,יחידה,false,1,17.90,1.7900,true,1,12595
7290010777488,false,מארז 8יח פיתה מחמצת,,IL,מארז 8יח פיתה מחמצת קמח מלא 500גר,יחידה,8.00,יחידה,false,1,16.90,2.1125,true,1,41654
7290010777525,false,מארז 6יח פיתה כוסמין,,IL,מארז 6יח פיתה כוסמין דק,יחידה,6.00,יחידה,false,1,17.90,2.9833,true,1,41655
7290010791538,false,לה קט דליקטס עוף גור,לה קט,,לה קט דליקטס עוף גורמה  85 גר,Unknown,0.00,Unknown,false,1,4.90,0.0000,true,1,4393
7290010791545,false,לה קט דליקטס  פטה כב,לה קט,,לה קט דליקטס  פטה כבד עוף 85  גר,Unknown,0.00,Unknown,false,1,4.90,0.0000,true,1,4395
7290010791576,false,לה קט דגי אוקיאנוס ד,לה קט,,לה קט דגי אוקיאנוס דליקטס 85 גר,Unknown,0.00,Unknown,false,1,4.90,0.0000,true,1,4396
7290010791583,false,לה קט אוקיאנוס וט דל,לה קט,,לה קט אוקיאנוס וט דליקטס וטונה  85 גר,Unknown,0.00,Unknown,false,1,4.90,0.0000,true,1,4394
7290010791644,false,בונזו גוי מקלוני עוף,בונזו,,בונזו גוי מקלוני עוף פריכים 90 גר,Unknown,0.00,Unknown,false,1,17.90,0.0000,true,1,9759
7290010814244,false,מארז 3 יח שוקולד אגו,כרמית,IL,מארז 3 יח שוקולד אגו 44% מריר 85גר,גרמים,255.00,100 גרם,false,1,12.90,5.0588,true,1,5146
7290010814251,false,מארז 3 יח שוקולד אגו,כרמית,,מארז 3 יח שוקולד אגו חלב 85 גר,גרמים,255.00,100 גרם,false,1,12.90,5.0588,true,1,5147
7290010814268,false,מארז 3 יח שוקולד אגו,כרמית,,מארז 3 יח שוקולד אגו לבן 85 גר,גרמים,255.00,100 גרם,false,1,12.90,5.0588,true,1,5148
7290010814701,false,שוקולד חלב ללא סוכר,כרמית,,שוקולד חלב ללא סוכר 85 ג כרמית,Unknown,0.00,Unknown,false,1,5.50,0.0000,true,1,4329
7290010822096,false,סיידר תפוח מוגז 275מ,,IL,סיידר תפוח מוגז 275מל פקדון,מיליליטרים,275.00,"100 מ""ל",false,24,6.90,2.5091,true,1,3693
7290010822430,false,מים סן בנדטו 1ל זכוכ,,,מים סן בנדטו 1ל זכוכית פקדון,ליטרים,1.00,ליטר,false,1,10.00,10.0000,true,1,9004
7290010838219,false,ממתיק סטיביה מרמוליי,קיפל,,ממתיק סטיביה מרמולייט 100 שקיות,יחידה,100.00,יחידה,false,1,26.90,0.2690,true,1,8232
7290010838424,false,זוג נוזל אסלה טואלט,SC Jonson,,זוג נוזל אסלה טואלט דאק 750 מל ירוק,ליטרים,1.50,ליטר,false,1,19.90,13.2667,true,1,3858
7290010838431,false,זוג נוזל אסלה טואלט,SC Jonson,,זוג נוזל אסלה טואלט דאק 750 מל כחול,ליטרים,1.50,ליטר,false,1,19.90,13.2667,true,1,3859
7290010839865,false,רוטב רימונים 320 גר,גרין ביס דיס,,רוטב רימונים 320 גר,גרמים,320.00,100 גרם,false,1,9.90,3.0938,true,1,4930
7290010849734,false,יין קאווה ריאל אימפר,ספרד קובידס (קסניוס,,יין קאווה ריאל אימפריאל סמי 750מל פקדון,מיליליטרים,750.00,"100 מ""ל",false,1,40.00,5.3333,true,1,8026
7290010880003,false,ליקר שוקולד מריר 500,,,ליקר שוקולד מריר 500 מל יקב לביא כולל פק,מיליליטרים,500.00,"100 מ""ל",false,1,69.00,13.8000,true,1,7418
7290010880010,false,ליקר קפה ושמנת 500 מ,,,ליקר קפה ושמנת 500 מל יקב לביא כולל,מיליליטרים,500.00,"100 מ""ל",false,1,69.00,13.8000,true,1,7419
7290010880058,false,ליקר דובדבנים 500 מל,,,ליקר דובדבנים 500 מל יקב לביא כולל,מיליליטרים,500.00,"100 מ""ל",false,1,69.00,13.8000,true,1,7420
7290010880065,false,ליקר אוכמניות 500 מל,,,ליקר אוכמניות 500 מל יקב לביא כולל,מיליליטרים,500.00,"100 מ""ל",false,1,69.00,13.8000,true,1,7421
7290010880201,false,ליקר שוקולד מנטה 500,,,ליקר שוקולד מנטה 500 מל יקב לביא כולל,מיליליטרים,500.00,"100 מ""ל",false,1,69.00,13.8000,true,1,8343
7290010883042,false,סנובון נוזלי בניחוח,,,סנובון נוזלי בניחוח רענן 750 מל,מיליליטרים,750.00,"100 מ""ל",false,1,9.90,1.3200,true,1,4315
7290010883356,false,זוג כפפות אלוורה סנו,,,זוג כפפות אלוורה סנו סושי גדול,יחידה,1.00,יחידה,false,1,11.90,11.9000,true,1,4419
7290010883363,false,זוג כפפות אלוורה סנו,,,זוג כפפות אלוורה סנו סושי קטן,יחידה,1.00,יחידה,false,1,11.90,11.9000,true,1,4417
7290010888160,false,יין מרלו קדש ברנע 20,,,יין מרלו קדש ברנע 2014 750 מל פקדון,מיליליטרים,750.00,"100 מ""ל",false,1,60.00,8.0000,true,1,9972
7290010888177,false,יין ק. סוביניון קדש,,,יין ק. סוביניון קדש ברנע 2014 750מל פ,מיליליטרים,750.00,"100 מ""ל",false,1,60.00,8.0000,true,1,9971
7290010888214,false,יין פטיט ורדו 2012 ר,,,יין פטיט ורדו 2012 רמון 750 מל פקדון,מיליליטרים,750.00,"100 מ""ל",false,1,120.00,16.0000,true,1,10268
7290010888245,false,יין סוביניון בלאן 75,,,יין סוביניון בלאן 750 מל,מיליליטרים,750.00,"100 מ""ל",false,6,75.00,10.0000,true,1,31951
7290010888481,false,יין שרדונה ספרינג 75,,,יין שרדונה ספרינג 750 מל,מיליליטרים,750.00,"100 מ""ל",false,6,75.00,10.0000,true,1,31952
7290010888597,false,יין סירה נווה מדבר 7,,,יין סירה נווה מדבר 750 מל,מיליליטרים,750.00,"100 מ""ל",false,1,85.00,11.3333,true,1,31950
7290010945146,false,גבינת קוטג 3% מועשר,טרה,,גבינת קוטג 3% מועשר 250 ג,גרמים,250.00,100 גרם,false,1,5.80,2.3200,true,1,3890
7290010945306,false,חלב 3% קרטון 2 ל***,טרה,,חלב 3% בקרטון 2 ל***,ליטרים,2.00,ליטר,false,1,12.46,6.2300,true,1,4038
7290010945450,false,גבינה לבנה 3% 250 ג,טרה,,גבינה לבנה 3% 250 ג,גרמים,250.00,100 גרם,false,1,4.90,1.9600,true,1,4031
7290010945481,false,גבינה לבנה 5% 500 גר,טרה,,גבינה לבנה 5% 500 גרם***,גרמים,500.00,100 גרם,false,1,9.96,1.9920,true,1,4033
7290010955602,false,יין רימון RICHL Y  ס,יקב רימון,,יין רימון RICHL Y  סוויט 750 מל,מיליליטרים,750.00,"100 מ""ל",false,1,60.00,8.0000,true,1,17229
7290010955619,false,יין רימון גטלי דיסיר,יקב רימון,,יין רימון GHTLY  דיסירט 750 מל,מיליליטרים,750.00,"100 מ""ל",false,1,60.00,8.0000,true,1,17230
7290010955817,false,יין רימון איזי פורט,יקב רימון,,יין רימון איזי פורט 750 מל,מיליליטרים,750.00,"100 מ""ל",false,1,85.00,11.3333,true,1,7462
7290010955824,false,יין רימון רוזה חצי מ,יקב רימון,,יין רימון רוזה חצי מתוק 750 מל,מיליליטרים,750.00,"100 מ""ל",false,1,70.00,9.3333,true,1,7460
7290010955961,false,יין רימון יבש חדש 75,יקב רימון,,יין רימון יבש חדש 750 מל,מיליליטרים,750.00,"100 מ""ל",false,1,85.00,11.3333,true,1,17231
7290011015862,false,סירופ דיאט פריגת לימ,סירופ - גבעת חיים,,סירופ דיאט פריגת לימונענע 750 מל בקבוק,מיליליטרים,750.00,"100 מ""ל",false,1,24.90,3.3200,true,1,6318
7290011015985,false,סירופ דיאט פריגת אננ,סירופ - גבעת חיים,,סירופ דיאט פריגת אננס 750 מל בקבוק,מיליליטרים,750.00,"100 מ""ל",false,1,24.90,3.3200,true,1,31188
7290011017866,false,קוקה קולה פחית 330 פ,קוקה קולה,,קוקה קולה פחית 330 פקדון,מיליליטרים,330.00,"100 מ""ל",false,1,4.90,1.4848,true,1,8293
7290011017873,false,קוקה קולה זירו פחית,קוקה קולה,,קוקה קולה זירו פחית 330 פקדון,מיליליטרים,330.00,"100 מ""ל",false,1,4.90,1.4848,true,1,8295
7290011017880,false,קוקה קולה דיאט פחית,קוקה קולה,,קוקה קולה דיאט פחית 330 פקדון,מיליליטרים,330.00,"100 מ""ל",false,1,4.90,1.4848,true,1,8294
7290011018368,false,מארז 6יח בירה ויינשט,קרלסברג ישראל,,מארז 6יח בירה ויינשטפן 330מל פקדון,מיליליטרים,1980.00,"100 מ""ל",false,1,69.90,3.5303,true,1,8618
7290011018443,false,משקה פאנטה אורנג פחי,קוקה קולה,,משקה פאנטה אורנג פחית 330 פקדון,מיליליטרים,330.00,"100 מ""ל",false,1,4.90,1.4848,true,1,9042
7290011018467,false,משקה פאנטה אקזוטיק פ,קוקה קולה,,משקה פאנטה אקזוטיק פחית 330 פקדון,מיליליטרים,330.00,"100 מ""ל",false,1,4.90,1.4848,true,1,9043
7290011018832,false,מארז 6 פחיות קוקה קו,קוקה קולה,,מארז 6 פחיות קוקה קולה 330 מל פקדון,ליטרים,1.98,ליטר,false,1,23.90,12.0707,true,1,8971
7290011018917,false,מארז 6 פחיות קוקה קו,קוקה קולה,,מארז 6 פחיות קוקה קולה זירו 330 מל פקדון,ליטרים,1.98,ליטר,false,1,23.90,12.0707,true,1,8972
7290011026066,false,שמפו+מרכך סרקל 1 ל,פישר תעשיות,,שמפו+מרכך סרקל 1 ל,ליטרים,1.00,ליטר,false,1,28.90,28.9000,true,1,4370
7290011026301,false,שמפו לשיער כסוף 400מ,פישר תעשיות,,שמפו לשיער כסוף 400מל דר פישר,מיליליטרים,400.00,"100 מ""ל",false,1,22.90,5.7250,true,1,15812
7290011026523,false,שמפו סנסטיב לפני שינ,פישר תעשיות,,שמפו סנסטיב לפני שינה אל דמע 500 מל משאב,מיליליטרים,500.00,"100 מ""ל",false,1,19.90,3.9800,true,1,4992
7290011026530,false,אלסבון סנסטיב לפני ש,פישר תעשיות,,אלסבון סנסטיב לפני שינה  500 מל משאבה,מיליליטרים,500.00,"100 מ""ל",false,1,19.90,3.9800,true,1,4993
7290011051396,false,משקה שוופס מוגז עדין,יפאורה,,משקה שוופס מוגז עדין אפרסק 1.5 ל,ליטרים,1.50,ליטר,false,1,8.60,5.7333,true,1,4671
7290011051525,false,ספרינג טי אפרסק 500,יפאורה,,ספרינג טי אפרסק 500 מל פקדון,מיליליטרים,500.00,"100 מ""ל",false,1,6.50,1.3000,true,1,5046
7290011051976,false,משקה אר סי קולה פריי,יפאורה,,משקה אר סי קולה פריי 1.5 ל,ליטרים,1.50,ליטר,false,1,3.90,2.6000,true,1,5406
7290011064020,false,גבינה בולגרית בעיר 2,גבינות אמיר ניצן בעמ,,גבינה בולגרית בעיר 200 גרם,גרמים,200.00,100 גרם,false,1,12.90,6.4500,true,1,5033
7290011064075,false,לאבנה אבו גוש פלוס 2,גבינות אמיר ניצן בעמ,,לאבנה אבו גוש פלוס 200 גר,גרמים,200.00,100 גרם,false,1,12.90,6.4500,true,1,5483
7290011064099,false,פלפלים ממולאים טאפס,גבינות אמיר ניצן בעמ,,פלפלים ממולאים טאפס שכונתי 125גר,גרמים,125.00,100 גרם,false,1,19.90,15.9200,true,1,7357
7290011065416,false,פלפל שחור מטחנה 60 ג,א.ל ייצור ושיווק תבל,,פלפל שחור מטחנה 60 גר,Unknown,0.00,Unknown,false,1,17.90,0.0000,true,1,15000
7290011065423,false,מלח ים במטחנהה 130 ג,א.ל ייצור ושיווק תבל,,מלח ים במטחנהה 130 גר,Unknown,0.00,Unknown,false,1,17.90,0.0000,true,1,15092
7290011065430,false,פלפל צילי מטחנה 50 ג,א.ל ייצור ושיווק תבל,,פלפל צילי מטחנה 50 גר,Unknown,0.00,Unknown,false,1,17.90,0.0000,true,1,15001
7290011065447,false,תבלין לפיצה מטחנה 50,א.ל ייצור ושיווק תבל,,תבלין לפיצה מטחנה 50 גר,Unknown,0.00,Unknown,false,1,17.90,0.0000,true,1,15002
7290011065829,false,פלפל ארבע עונות במטח,א.ל ייצור ושיווק תבל,,פלפל ארבע עונות במטחנה 60 גר,Unknown,0.00,Unknown,false,1,17.90,0.0000,true,1,15091
7290011081492,false,גל.קרמיסימו שרבט 3 ש,"גלידת שטראוס בע""מ",,גל.קרמיסימו שרבט 3 שוקולדים 1.33 ל,ליטרים,1.33,ליטר,false,1,19.90,14.9624,true,1,4743
7290011081690,false,גל.קרמיסימו שוקו/וני,"גלידת שטראוס בע""מ",,גל.קרמיסימו שוקו/וניל ציפס פרווה1.33 ל,ליטרים,1.33,ליטר,false,1,19.90,14.9624,true,1,5142
7290011110024,false,חסה סלנובה יח,,,חסה סלנובה יח,Unknown,0.00,Unknown,false,1,11.90,0.0000,true,1,15655
7290011110079,false,בזיליקום,,,בזיליקום,Unknown,0.00,Unknown,false,1,6.90,0.0000,true,1,24799
7290011110116,false,תרד ניוזלנדי,,,תרד ניוזלנדי,Unknown,0.00,Unknown,false,1,9.90,0.0000,true,1,24802
7290011110130,false,רוקולה גדול,,,רוקולה גדול,Unknown,0.00,Unknown,false,1,9.90,0.0000,true,1,24805
7290011110154,false,קורנית,,,קורנית,Unknown,0.00,Unknown,false,1,6.90,0.0000,true,1,24810
7290011110239,false,פאקצוי הידרופוני,,,פאקצוי הידרופוני,Unknown,0.00,Unknown,false,1,13.90,0.0000,true,1,24813
7290011110512,false,חסה מסולסלת יח,,,חסה מסולסלת יח,Unknown,0.00,Unknown,false,1,11.90,0.0000,true,1,32906
7290011115159,false,מארז 4 יח סבון נקה 7,,,מארז 4 יח סבון נקה 7 מוצק קופליה מועשר,גרמים,400.00,100 גרם,false,1,11.90,2.9750,true,1,4950
7290011115166,false,אלסבון נקה 7 ארומה 1,,,אלסבון נקה 7 ארומה 1 ל לבנדר,ליטרים,1.00,ליטר,false,1,12.90,12.9000,true,1,4312
7290011115173,false,אלסבון נקה 7 ארומה 1,,,אלסבון נקה 7 ארומה 1 ל וניל,ליטרים,1.00,ליטר,false,1,12.90,12.9000,true,1,4293
7290011115203,false,מארז 4 יח סבון נקה 7,,,מארז 4 יח סבון נקה 7 מוצק ורוד,גרמים,400.00,100 גרם,false,1,11.90,2.9750,true,1,4953
7290011115258,false,מארז 4 יח סבון נקה 7,,,מארז 4 יח סבון נקה 7 מוצק ירוק,גרמים,400.00,100 גרם,false,1,11.90,2.9750,true,1,4949
7290011115272,false,מארז 4 יח סבון נקה 7,,,מארז 4 יח סבון נקה 7 מוצק ירוק מועשר,גרמים,400.00,100 גרם,false,1,11.90,2.9750,true,1,4952
7290011115289,false,מארז 4 יח סבון נקה 7,,,מארז 4 יח סבון נקה 7 מוצק לילך,גרמים,400.00,100 גרם,false,1,11.90,2.9750,true,1,4947
7290011115296,false,מארז 4 יח סבון נקה 7,,,מארז 4 יח סבון נקה 7 מוצק שחור מועשר,גרמים,400.00,100 גרם,false,1,11.90,2.9750,true,1,4954
7290011115401,false,מארז 4 יח סבון נקה 7,,,מארז 4 יח סבון נקה 7 מוצק לבן,Unknown,0.00,Unknown,false,1,11.90,0.0000,true,1,5703
7290011126209,false,תה גן הקסום תפוח קינ,תה ויסוצקי,,תה גן הקסום תפוח קינמון 2.4ג 25ש,יחידה,25.00,יחידה,false,1,16.90,0.6760,true,1,4308
7290011126216,false,רוייבש  תה  קלאסי 2,תה ויסוצקי,,רוייבש  תה  קלאסי 2 ג  25 שק,יחידה,25.00,יחידה,false,1,22.90,0.9160,true,1,4205
7290011126452,false,תה גן הקסום קמומיל נ,תה ויסוצקי,,תה גן הקסום קמומיל נענע 1.5ג25שק,יחידה,25.00,יחידה,false,1,16.90,0.6760,true,1,5029
7290011126469,false,תה גן הקסום קמומיל ד,תה ויסוצקי,,תה גן הקסום קמומיל דבש 1.5ג25שק,יחידה,25.00,יחידה,false,1,16.90,0.6760,true,1,5030
7290011126940,false,תה ירוק מרווה 1.5 ג,תה ויסוצקי,,תה ירוק מרווה 1.5 ג 25 שק,יחידה,25.00,יחידה,false,1,22.90,0.9160,true,1,5700
7290011126957,false,תה ירוק ארל גריי 1.5,תה ויסוצקי,,תה ירוק ארל גריי 1.5 ג 25 שק,יחידה,25.00,יחידה,false,1,22.90,0.9160,true,1,5699
7290011131050,false,תערובת גרנולה אגוז פ,וויטליה,,תערובת גרנולה אגוז פקאן 1 קג ספץ,קילוגרמים,1.00,"ק""ג",false,1,24.90,24.9000,true,1,8893
7290011131371,false,תערובת מיזלי קרנצי ש,וויטליה,,תערובת מיזלי גרין שקדים 1 קג,קילוגרמים,1.00,"ק""ג",false,1,24.90,24.9000,true,1,5182
7290011131388,false,תערובת מיזלי גרין קר,וויטליה,,תערובת מיזלי גרין קראנץ תפוח קינמון 1קג,קילוגרמים,1.00,"ק""ג",false,1,24.90,24.9000,true,1,5181
7290011131395,false,תערובת מיזלי גרין קר,וויטליה,,תערובת מיזלי גרין קראנץ 1 קג,קילוגרמים,1.00,"ק""ג",false,1,24.90,24.9000,true,1,5180
7290011131609,false,תערובת מיזלי גרין30%,וויטליה,,תערובת מיזלי גרין30%פירות מ.שומן 1 קג,קילוגרמים,1.00,"ק""ג",false,1,24.90,24.9000,true,1,5457
7290011131654,false,תערובת מיזלי גרין בי,וויטליה,,תערובת מיזלי גרין ביג מיקס1 קג,קילוגרמים,1.00,"ק""ג",false,1,24.90,24.9000,true,1,10779
7290011131968,false,תערובת גרנולה אגוזים,וויטליה,,תערובת גרנולה אגוזים 1 קג ספץ,קילוגרמים,1.00,"ק""ג",false,1,24.90,24.9000,true,1,6558
7290011131975,false,תערובת גרנולה פירות,וויטליה,,תערובת גרנולה פירות 1 קג ספץ,קילוגרמים,1.00,"ק""ג",false,1,24.90,24.9000,true,1,6557
7290011132507,false,מים מינרלים סן בנדטו,,,מים מינרלים סן בנדטו מוגז 500 מל פיקדון,מיליליטרים,500.00,"100 מ""ל",false,1,4.90,0.9800,true,1,4905
7290011132552,false,מארז 4יח בירה פאולנר,,,מארז 4יח בירה פאולנר 330 מל פיקדון,מיליליטרים,1320.00,"100 מ""ל",false,1,36.90,2.7955,true,1,4983
7290011132583,false,משקה פפסי מקס 6יחידו,,IL,משקה פפסי מקס 6יחידות 500מל בק. פקדון,מיליליטרים,3000.00,"100 מ""ל",false,4,23.90,0.7967,true,1,31225
7290011132620,false,מארז 6 יח בירה שנדי,,,מארז 6 יח בירה שנדי אבטיח בק 330מל פיקד,מיליליטרים,1980.00,"100 מ""ל",false,1,29.90,1.5101,true,1,25990
7290011133368,false,מארז 6יח בירה שנדי ת,,,מארז 6יח בירה שנדי תפוח בק330מל פיקדון,מיליליטרים,1980.00,"100 מ""ל",false,1,29.90,1.5101,true,1,5932
7290011133634,false,מארז שישיית פפסי מקס,,,מארז שישיית פפסי מקס פחיות 330מל פקדון,מיליליטרים,1980.00,"100 מ""ל",false,4,18.90,0.9545,true,1,21645
7290011154035,false,תרכיז תפוח טבעי סחוט,טעמי הגליל,IL,תרכיז תפוח טבעי סחוט טעמי הגליל 500 מל,מיליליטרים,500.00,"100 מ""ל",false,1,21.90,4.3800,true,1,24640
7290011154080,false,תרכיז תפוח טבעי צלול,טעמי הגליל,IL,תרכיז תפוח צלול טעמי הגליל 500 מל,מיליליטרים,500.00,"100 מ""ל",false,1,21.90,4.3800,true,1,24639
7290011154721,false,שיכר רימונים בסגנון,,,שיכר רימונים בסגנון פורט 750 מל פיקדון,מיליליטרים,750.00,"100 מ""ל",false,1,89.90,11.9867,true,1,7036
7290011154738,false,שיכר רימונים קינוח 5,,,שיכר רימונים קינוח 500 מל פיקדון,מיליליטרים,500.00,"100 מ""ל",false,1,60.00,12.0000,true,1,7037
7290011154745,false,שיכר רימונים יבש 750,,,שיכר רימונים יבש 750 מל פיקדון,מיליליטרים,750.00,"100 מ""ל",false,1,70.00,9.3333,true,1,7477
7290011154882,false,תרכיז תפוזים טבעי טע,טעמי הגליל,IL,תרכיז תפוזים טבעי טעמי הגליל 500 מל,מיליליטרים,500.00,"100 מ""ל",false,1,23.90,4.7800,true,1,40786
7290011154899,false,תרכיז תפוחים ענבים ט,טעמי הגליל,IL,תרכיז תפוחים ענבים טבעי טעמי הגליל500 מל,מיליליטרים,500.00,"100 מ""ל",false,1,23.90,4.7800,true,1,40787
7290011174040,false,גזר ננסי קטנציק קפוא,פרי גליל,,גזר ננסי קטנציק קפוא 800 גר פרי גליל,גרמים,800.00,100 גרם,false,1,10.90,1.3625,true,1,4529
7290011174866,false,ציפס בטטה 700 גר,פרי גליל,,ציפס בטטה 700 גר,גרמים,700.00,100 גרם,false,1,14.90,2.1286,true,1,4917
7290011174903,false,שעועית ירוקה שלמה קט,פרי גליל,,שעועית ירוקה שלמה קטנה ועדינה 600 גר,גרמים,600.00,100 גרם,false,1,15.90,2.6500,true,1,4918
7290011194215,false,מעדן דניאלה בננה  10,,,מעדן דניאלה בננה  100 גרם,גרמים,100.00,100 גרם,false,1,4.50,4.5000,true,1,3933
7290011194246,false,קוטג 5% עם סידן 250,,,קוטג 5% עם סידן 250 ג שטראוס,גרמים,250.00,100 גרם,false,1,5.90,2.3600,true,1,4002
7290011215934,false,תערובת לעוגת שוקולד,,,תערובת לעוגת שוקולד 500 גר כשלפ,גרמים,500.00,100 גרם,false,1,15.90,3.1800,true,1,6471
7290011223021,false,רפידות הנקה פרש וואנ,על בד,,רפידות הנקה פרש וואנס 30 יח,יחידה,30.00,יחידה,false,1,14.90,0.4967,true,1,4040
7290011223038,false,עלים לקרמשניט בונמי,Bonomi,,עלים לקרמשניט בונמי 300 ג,גרמים,300.00,100 גרם,false,1,14.90,4.9667,true,1,6790
7290011223045,false,בישקוטים בונמי 200 ג,Bonomi,,בישקוטים בונמי 200 גרם,גרמים,200.00,100 גרם,false,1,5.90,2.9500,true,1,6791
7290011223205,false,ריבת חלב ארגנטינאית,DULCOR,,ריבת חלב ארגנטינאית 454 ג,גרמים,454.00,100 גרם,false,1,17.50,3.8546,true,1,4166
7290011223229,false,ט.דאק גל אסלה טיפות,DEOFLOR,,ט.דאק גל אסלה טיפות טל רעננות 55 מל,Unknown,0.00,Unknown,false,1,9.90,0.0000,true,1,4114
7290011223243,false,טואלט דאק גל אסלה ני,DEOFLOR,,טואלט דאק גל אסלה ניחוח לבנדר 55 מל,Unknown,0.00,Unknown,false,1,9.90,0.0000,true,1,4113
7290011223472,false,מארז 3 חב מגבוני פרש,על בד,,מארז 3 חב מגבוני פרש וואנס לרענון,יחידה,3.00,יחידה,false,1,9.90,3.3000,true,1,4821
7290011236649,false,שוקולד ציפס בלגי 54%,בייסיק,,שוקולד ציפס בלגי 54% 300 גר,גרמים,300.00,100 גרם,false,1,11.90,3.9667,true,1,4893
7290011240004,false,יין מלבק דור 5 750 מ,יקב 1848,,יין מלבק דור 5 750 מל,מיליליטרים,750.00,"100 מ""ל",false,1,70.00,9.3333,true,1,39752
7290011240332,false,מיץ ענבים תירוש אדום,יקבי ציון,,מיץ ענבים תירוש אדום 1 ליטר,ליטרים,1.00,ליטר,false,1,15.00,15.0000,true,1,9831
7290011240516,false,יין ק. סוביניון דור,יקב 1848,,יין ק. סוביניון דור 2 750 מל פקדון,מיליליטרים,750.00,"100 מ""ל",false,1,60.00,8.0000,true,1,9820
7290011240530,false,יין מרלו דור 2 750 מ,יקב 1848,,יין מרלו דור 2 750 מל פקדון,מיליליטרים,750.00,"100 מ""ל",false,1,60.00,8.0000,true,1,9822
7290011240547,false,יין רוזה דור 2 750 מ,יקב 1848,,יין רוזה דור 2 750 מל פקדון,מיליליטרים,750.00,"100 מ""ל",false,1,60.00,8.0000,true,1,9823
7290011240554,false,יין ק. פרנק דור 5 75,יקב 1848,,יין ק. פרנק דור 5 750מל פקדון,מיליליטרים,750.00,"100 מ""ל",false,1,70.00,9.3333,true,1,9824
7290011240578,false,יין זנים לבנים דור 5,יקב 1848,,יין זנים לבנים דור 5 750מל פקדון,מיליליטרים,750.00,"100 מ""ל",false,1,70.00,9.3333,true,1,9826
7290011240585,false,יין ק. סוביניון דור,יקב 1848,,יין ק. סוביניון דור 7 750 מל פקדון,מיליליטרים,750.00,"100 מ""ל",false,1,110.00,14.6667,true,1,9828
7290011240752,false,יין שרדונה סוביניון,יקב 1848,,יין שרדונה סוביניון ב. דור2 750 מל פקדון,מיליליטרים,750.00,"100 מ""ל",false,1,60.00,8.0000,true,1,14585
7290011240868,false,יין מוסקטו מבעבע 750,יקבי ציון,,יין מוסקטו מבעבע 750מל פקדון,מיליליטרים,750.00,"100 מ""ל",false,1,35.00,4.6667,true,1,9844
7290011240905,false,יין מוסקטו לבן מבעבע,יקבי ציון,,יין מוסקטו לבן מבעבע 750מל פקדון,מיליליטרים,750.00,"100 מ""ל",false,1,35.00,4.6667,true,1,9845
7290011240943,false,יין קברנה רזרב 750מל,יקבי ציון,,יין קברנה רזרב 750מל פקדון,מיליליטרים,750.00,"100 מ""ל",false,1,150.00,20.0000,true,1,9829
7290011249212,false,וופל עלמה לימון 200,גילרו,,וופל עלמה  לימון גילרו 200 גר,גרמים,200.00,100 גרם,false,1,3.50,1.7500,true,1,7494
7290011249250,false,גביעי גלידה אמריקאי,,,גביעי גלידה אמריקאי 24יח 120גר,גרמים,120.00,100 גרם,false,1,10.00,8.3333,true,1,7470
7290011249748,false,גלילי וופל רול גילרו,גילרו,,גלילי וופל רול עלמה שוקו 100 גר,גרמים,100.00,100 גרם,false,1,3.50,3.5000,true,1,10493
7290011249755,false,גלילי וופל רול גילרו,גילרו,,גלילי וופל רול עלמה אגוזים 100 גר,גרמים,100.00,100 גרם,false,1,3.50,3.5000,true,1,10494
7290011303570,false,מעדן רימון דודה ברטה,,IL,מעדן רימון דודה ברטה 284 גרם,גרמים,284.00,100 גרם,false,6,15.90,5.5986,true,1,42276
7290011303587,false,מעדן תפוח קינמון דוד,,IL,מעדן תפוח קינמון דודה ברטה 284 גרם,גרמים,284.00,100 גרם,false,6,15.90,5.5986,true,1,42277
7290011343002,false,שמן זית קורנייקי 750,,,שמן זית קורנייקי 750 מל ארץ גשור,מיליליטרים,750.00,"100 מ""ל",false,1,49.90,6.6533,true,1,7499
7290011343026,false,שמן זית פישולין 750,,,שמן זית פישולין 750 מל ארץ גשור,מיליליטרים,750.00,"100 מ""ל",false,1,49.90,6.6533,true,1,7500
7290011343033,false,שמן זית לצינו 750 מל,,,שמן זית לצינו 750 מל ארץ גשור,מיליליטרים,750.00,"100 מ""ל",false,1,49.90,6.6533,true,1,7498
7290011343064,false,שמן זית סורי 750 מל,,,שמן זית סורי 750 מל ארץ גשור,מיליליטרים,750.00,"100 מ""ל",false,1,49.90,6.6533,true,1,7864
7290011343170,false,שמן זית פיקואל 750 מ,,,שמן זית פיקואל 750 מל ארץ גשור,מיליליטרים,750.00,"100 מ""ל",false,1,49.90,6.6533,true,1,7502
7290011343187,false,שמן זית קורטינה 750,,,שמן זית קורטינה 750 מל ארץ גשור,מיליליטרים,750.00,"100 מ""ל",false,1,49.90,6.6533,true,1,7505
7290011343194,false,שמן זית ארבקינה 750,,,שמן זית ארבקינה 750 מל ארץ גשור,מיליליטרים,750.00,"100 מ""ל",false,1,49.90,6.6533,true,1,7504
7290011343316,false,שמן זית ברנע 750 מל,,,שמן זית ברנע 750 מל ארץ גשור,מיליליטרים,750.00,"100 מ""ל",false,1,49.90,6.6533,true,1,7503
7290011378028,false,חלבה ללא סוכר שומשום,רושדי תעשיות מזון בע,,חלבה ללא סוכר שומשום מלא 350 ג בארכה,גרמים,350.00,100 גרם,false,1,14.90,4.2571,true,1,5060
7290011378233,false,מארז7יח חטיף חלבה ונ,רושדי תעשיות מזון בע,,מארז7יח חטיף חלבה וניל ל.ס.18 גר,גרמים,126.00,100 גרם,false,1,10.90,8.6508,true,1,9160
7290011378257,false,מארז7יח חטיף חלבה פק,רושדי תעשיות מזון בע,,מארז7יח חטיף חלבה פקאן ל.ס18גר,גרמים,126.00,100 גרם,false,1,10.90,8.6508,true,1,9221
7290011378769,false,מארז7יח חטיף חלבה ונ,רושדי תעשיות מזון בע,,מארז7יח חטיף חלבה וניל 18 גר,גרמים,126.00,100 גרם,false,1,10.90,8.6508,true,1,8376
7290011378776,false,מארז7יח חטיף חלבה פי,רושדי תעשיות מזון בע,,מארז7יח חטיף חלבה פיסטוק18גר,גרמים,126.00,100 גרם,false,1,10.90,8.6508,true,1,8377
7290011391843,false,יין קברנה שיראז 750,יקב פלטר,,יין קברנה שיראז 750 מל,מיליליטרים,750.00,"100 מ""ל",false,1,100.00,13.3333,true,1,18612
7290011402129,false,ציפס פלחים 1 קג,,,ציפס פלחים 1 קג,קילוגרמים,1.00,"ק""ג",false,1,11.90,11.9000,true,1,29285
7290011402228,false,ציפס קוביות 1 קג,,,ציפס קוביות 1 קג,קילוגרמים,1.00,"ק""ג",false,1,13.90,13.9000,true,1,30653
7290011428365,false,קרקר כוסמין גרעיני ד,,,קרקר כוסמין גרעיני דלעת 200 גר,גרמים,200.00,100 גרם,false,1,29.90,14.9500,true,1,7288
7290011428426,false,קרקר חיטה מלאה רוזמר,,,קרקר חיטה מלאה רוזמרין 200 גר,גרמים,200.00,100 גרם,false,1,29.90,14.9500,true,1,7293
7290011428686,false,קרקר כוסמין פישתן160,,,קרקר כוסמין פישתן160 גרם דיטרא,גרמים,160.00,100 גרם,false,1,27.90,17.4375,true,1,17793
7290011435226,false,דבש לחיץ פרחי בר 650,,,דבש לחיץ פרחי בר 650 גר יד מרדכי,גרמים,650.00,100 גרם,false,1,31.90,4.9077,true,1,6110
7290011438142,false,משקה חלב טעם קפה יוט,,,משקה חלב טעם קפה יוטבתה בקבוק 350 מל,מיליליטרים,350.00,"100 מ""ל",false,1,5.90,1.6857,true,1,4668
7290011447014,false,דייסת מטרנה סלט פירו,מטרנה,,דייסת מטרנה סלט פירות 200 גר,גרמים,200.00,100 גרם,false,1,14.90,7.4500,true,1,4305
7290011447267,false,מטרנה פרימיום שלב 1,מטרנה,,מטרנה פרימיום שלב 1 700 גר,גרמים,700.00,100 גרם,false,1,59.90,8.5571,true,1,5188
7290011447281,false,מטרנה פרימיום שלב 2,מטרנה,,מטרנה פרימיום שלב 2 700 גר,גרמים,700.00,100 גרם,false,1,59.90,8.5571,true,1,5189
7290011447304,false,מטרנה פרימיום שלב 3,מטרנה,,מטרנה פרימיום שלב 3 700 גרם,גרמים,700.00,100 גרם,false,1,59.90,8.5571,true,1,5190
7290011461058,false,מפיץ ריח גומא 100 מל,,,מפיץ ריח גומא 100 מל,מיליליטרים,100.00,"100 מ""ל",false,1,20.00,20.0000,true,1,7397
7290011473006,false,קינואה אורגנית 500 ג,,,קינואה אורגנית 500 גר תבואות,גרמים,500.00,100 גרם,false,1,15.90,3.1800,true,1,6374
7290011473051,false,קוואקר עבה אורגני 50,,,קוואקר עבה אורגני 500 גר תבואות,גרמים,500.00,100 גרם,false,1,10.90,2.1800,true,1,6375
7290011473068,false,אורז מעורב אורגני 50,,,אורז מעורב אורגני 500 גר תבואות,גרמים,500.00,100 גרם,false,1,18.90,3.7800,true,1,6376
7290011473082,false,אורז בסמטי אורגני 50,,,אורז בסמטי אורגני 500 גר תבואות,גרמים,500.00,100 גרם,false,1,13.90,2.7800,true,1,6377
7290011473099,false,אורז עגול אורגני 500,,,אורז עגול אורגני 500 גר תבואות,גרמים,500.00,100 גרם,false,1,10.50,2.1000,true,1,6378
7290011473112,false,אורז אדום אורגני 500,,,אורז אדום אורגני 500 גר תבואות,גרמים,500.00,100 גרם,false,1,17.00,3.4000,true,1,6379
7290011473129,false,גרעיני חמניות מקולף,,,גרעיני חמניות מקולף אורגני 300 גר תבואות,גרמים,300.00,100 גרם,false,1,10.90,3.6333,true,1,6380
7290011473136,false,גרעיני דלעת מקולף או,,,גרעיני דלעת מקולף אורגני 300 גר תבואות,גרמים,300.00,100 גרם,false,1,16.90,5.6333,true,1,6381
7290011473143,false,קוסקוס אורגני 500 גר,,,קוסקוס אורגני 500 גר תבואות,גרמים,500.00,100 גרם,false,1,12.90,2.5800,true,1,6382
7290011473150,false,שומשום מלא אורגני 40,,,שומשום מלא אורגני 400 גר תבואות,גרמים,400.00,100 גרם,false,1,13.60,3.4000,true,1,6383
7290011473181,false,עדשים שחורים אורגני,,,עדשים שחורים אורגני 500 גר תבואות,גרמים,500.00,100 גרם,false,1,15.90,3.1800,true,1,6384
7290011473198,false,עדשים חומים אורגני 5,,,עדשים חומים אורגני 500 גר תבואות,גרמים,500.00,100 גרם,false,1,12.90,2.5800,true,1,6385
7290011473204,false,עדשים ירוקים אורגני,,,עדשים ירוקים אורגני 500 גר תבואות,גרמים,500.00,100 גרם,false,1,13.90,2.7800,true,1,6386
7290011473211,false,עדשים אדומים אורגני,,,עדשים אדומים אורגני 500 גר תבואות,גרמים,500.00,100 גרם,false,1,12.90,2.5800,true,1,6387
7290011473228,false,אפונה ירוקה אורגנית,,,אפונה ירוקה אורגנית 500 גר תבואות,גרמים,500.00,100 גרם,false,1,10.20,2.0400,true,1,6388
7290011473242,false,פשתן זרעים אורגני 50,,,פשתן זרעים אורגני 500 גר תבואות,גרמים,500.00,100 גרם,false,1,11.50,2.3000,true,1,6389
7290011473259,false,פשתן טחון אורגני 350,,,פשתן טחון אורגני 350 גר תבואות,גרמים,350.00,100 גרם,false,1,11.90,3.4000,true,1,6390
7290011473266,false,אמרנט אורגני 500 גר,,,אמרנט אורגני 500 גר תבואות,גרמים,500.00,100 גרם,false,1,15.90,3.1800,true,1,6391
7290011473273,false,בורגול אורגני 500 גר,,,בורגול אורגני 500 גר תבואות,גרמים,500.00,100 גרם,false,1,9.90,1.9800,true,1,6392
7290011473280,false,חומוס אורגני 500 גר,,,חומוס אורגני 500 גר תבואות,גרמים,500.00,100 גרם,false,1,10.90,2.1800,true,1,6393
7290011473297,false,גריסי פנינה אורגני 5,,,גריסי פנינה אורגני 500 גר תבואות,גרמים,500.00,100 גרם,false,1,10.90,2.1800,true,1,6394
7290011473310,false,פולי אזוקי אורגני 50,,,פולי אזוקי אורגני 500 גר תבואות,גרמים,500.00,100 גרם,false,1,12.90,2.5800,true,1,6396
7290011473327,false,מש אורגני 500 גר תבו,,,מש אורגני 500 גר תבואות,גרמים,500.00,100 גרם,false,1,14.90,2.9800,true,1,6397
7290011473341,false,שעועית אדומה אורגנית,,,שעועית אדומה אורגנית 500 גר תבואות,גרמים,500.00,100 גרם,false,1,11.90,2.3800,true,1,6413
7290011473358,false,שעועית שחורה אורגנית,,,שעועית שחורה אורגנית 500 גר תבואות,גרמים,500.00,100 גרם,false,1,10.90,2.1800,true,1,6399
7290011473365,false,דוחן אורגני 500 גר ת,,,דוחן אורגני 500 גר תבואות,גרמים,500.00,100 גרם,false,1,10.90,2.1800,true,1,6414
7290011473389,false,קמח כוסמין לבן אורגנ,,,קמח כוסמין לבן אורגני 500 גר תבואות,גרמים,500.00,100 גרם,false,1,12.90,2.5800,true,1,6429
7290011473433,false,כוסמת אורגנית 500 גר,,,כוסמת אורגנית 500 גר תבואות,גרמים,500.00,100 גרם,false,1,11.90,2.3800,true,1,6402
7290011473440,false,שיבולת שועל אורגני 5,,,שיבולת שועל אורגני 500 גר תבואות,גרמים,500.00,100 גרם,false,1,10.90,2.1800,true,1,6403
7290011473457,false,שומשום שחור אורגני 4,,,שומשום שחור אורגני 400 גר תבואות,גרמים,400.00,100 גרם,false,1,17.00,4.2500,true,1,6405
7290011473464,false,סובין שיבולת שועל או,,,סובין שיבולת שועל אורגני 400גר תבואות,גרמים,400.00,100 גרם,false,1,11.90,2.9750,true,1,6404
7290011473471,false,אורז בסמטי לבן אורגנ,,,אורז בסמטי לבן אורגני 500 גר תבואות,גרמים,500.00,100 גרם,false,1,13.90,2.7800,true,1,6406
7290011473488,false,קמח אורז מלא טבעי 50,,,קמח אורז מלא טבעי 500 גר תבואות,גרמים,500.00,100 גרם,false,1,10.50,2.1000,true,1,6525
7290011473495,false,פתיתי שמרי בירה טבעי,,,פתיתי שמרי בירה טבעי 200 גר תבואות,גרמים,200.00,100 גרם,false,1,24.50,12.2500,true,1,6431
7290011473525,false,אורז בר טבעי 400 גר,,,אורז בר טבעי 400 גר תבואות,גרמים,400.00,100 גרם,false,1,27.90,6.9750,true,1,6432
7290011473532,false,סוכר ענבים טבעי 500,,,סוכר ענבים טבעי 500 גר תבואות,גרמים,500.00,100 גרם,false,1,11.00,2.2000,true,1,6433
7290011473549,false,קמח קינואה אורגני500,,,קמח קינואה אורגני500גר תבואות,גרמים,500.00,100 גרם,false,1,18.90,3.7800,true,1,13534
7290011473556,false,סוכר פירות טבעי 500,,,סוכר פירות טבעי 500 גר תבואות,גרמים,500.00,100 גרם,false,1,14.90,2.9800,true,1,6434
7290011473570,false,קמח חומוס טבעי 500 ג,,,קמח חומוס טבעי 500 גר תבואות,גרמים,500.00,100 גרם,false,1,12.50,2.5000,true,1,6435
7290011473587,false,נבט חיטה טבעי 250 גר,,,נבט חיטה טבעי 250 גר תבואות,גרמים,250.00,100 גרם,false,1,8.20,3.2800,true,1,6436
7290011473594,false,טחינה אורגנית 1 קג ת,,,טחינה אורגנית 1 קג תבואות,קילוגרמים,1.00,"ק""ג",false,1,28.90,28.9000,true,1,15417
7290011473600,false,מלח הימליה דק 500 גר,,,מלח הימליה דק 500 גר תבואות,גרמים,500.00,100 גרם,false,1,12.90,2.5800,true,1,9612
7290011473624,false,טחינה מלאה אורגנית 1,,,טחינה מלאה אורגנית 1 קג תבואות,קילוגרמים,1.00,"ק""ג",false,1,28.90,28.9000,true,1,6437
7290011473648,false,סוכר דמררה אורגני 1,,,סוכר דמררה אורגני 1 קג  תבואות,קילוגרמים,1.00,"ק""ג",false,1,10.90,10.9000,true,1,6407
7290011473655,false,סוכר קנים אורגני 1 ק,,,סוכר קנים אורגני 1 קג  תבואות,קילוגרמים,1.00,"ק""ג",false,1,10.90,10.9000,true,1,6408
7290011473709,false,קינואה אורגנית 1 קג,,,קינואה אורגנית 1 קג תבואות,קילוגרמים,1.00,"ק""ג",false,1,29.90,29.9000,true,1,6411
7290011473723,false,מלח הימליה דק 1 קג ת,,,מלח הימליה דק 1 קג תבואות,קילוגרמים,1.00,"ק""ג",false,1,12.90,12.9000,true,1,12834
7290011473860,false,אבקת שימרי בירה טבעי,,,אבקת שימרי בירה טבעי 250 גר תבואות,גרמים,250.00,100 גרם,false,1,24.50,9.8000,true,1,6438
7290011473877,false,קינואה אדומה אורגנית,,,קינואה אדומה אורגנית 500 גר תבואות,גרמים,500.00,100 גרם,false,1,19.90,3.9800,true,1,6417
7290011473884,false,קינואה שחורה אורגנית,,,קינואה שחורה אורגנית 500 גר תבואות,גרמים,500.00,100 גרם,false,1,19.90,3.9800,true,1,6418
7290011473891,false,עדשים צהובים אורגנים,,,עדשים צהובים אורגנים 500 גר תבואות,גרמים,500.00,100 גרם,false,1,12.90,2.5800,true,1,6419
7290011473907,false,סובין חיטה טבעי 200,,,סובין חיטה טבעי 200 גר תבואות,גרמים,200.00,100 גרם,false,1,6.10,3.0500,true,1,6439
7290011473921,false,סובין שיבולת שועל טב,,,סובין שיבולת שועל טבעי 500 גר תבואות,גרמים,500.00,100 גרם,false,1,14.50,2.9000,true,1,6440
7290011473952,false,קוואקר מהיר הכנה טבע,,,קוואקר מהיר הכנה טבעי 400 גר תבואות,גרמים,400.00,100 גרם,false,1,6.50,1.6250,true,1,6441
7290011473969,false,קינואה טריו אורגנית,,,קינואה טריו אורגנית 500 גר תבואות,גרמים,500.00,100 גרם,false,1,21.90,4.3800,true,1,6373
7290011473983,false,תערובת קטניות לקדרה,,,תערובת קטניות לקדרה אורגנית500 גר תבואות,גרמים,500.00,100 גרם,false,1,15.90,3.1800,true,1,6420
7290011474003,false,שמן קוקוס כתית אורגנ,אדמג'י לוקומנג'י,,שמן קוקוס כתית אורגני 300 מל תבואות,מיליליטרים,300.00,"100 מ""ל",false,1,15.90,5.3000,true,1,6442
7290011474058,false,פסטה ספגטי קמח כוסמי,,,פסטה ספגטי קמח כוסמין אורגני500גר תבואות,גרמים,500.00,100 גרם,false,1,17.90,3.5800,true,1,6773
7290011474072,false,פסטה פוסילי כוסמין מ,,,פסטה פוסילי כוסמין מלא אורגנית 500 גר תב,גרמים,500.00,100 גרם,false,1,17.90,3.5800,true,1,6423
7290011474102,false,תערובת קטניות למרק א,,,תערובת קטניות למרק אורגנית 500 גר תבואות,גרמים,500.00,100 גרם,false,1,16.90,3.3800,true,1,6424
7290011474133,false,תערובת למגדרה אורגני,,,תערובת למגדרה אורגנית 500 גר תבואות,גרמים,500.00,100 גרם,false,1,15.90,3.1800,true,1,6425
7290011474232,false,מלח הימליה קריסטל 50,,,מלח הימליה קריסטל 500 גר תבואות,גרמים,500.00,100 גרם,false,1,12.90,2.5800,true,1,9613
7290011474256,false,מלח הימליה גס לבישול,,,מלח הימליה גס לבישול 1 קג תבואות,קילוגרמים,1.00,"ק""ג",false,1,12.90,12.9000,true,1,14232
7290011474362,false,קמח עדשים אורגני 500,,,קמח עדשים אורגני 500 גר תבואות,גרמים,500.00,100 גרם,false,1,12.90,2.5800,true,1,10250
7290011474386,false,קוואקר דק אורגני 500,,,קוואקר דק אורגני 500 גר תבואות,גרמים,500.00,100 גרם,false,1,10.90,2.1800,true,1,6427
7290011474447,false,קוואקר עבה טבעי 400,,,קוואקר עבה טבעי 400 גר תבואות,גרמים,400.00,100 גרם,false,1,6.50,1.6250,true,1,6443
7290011474454,false,שעועית מיקס אורגנית,,,שעועית מיקס אורגנית 500 גר תבואות,גרמים,500.00,100 גרם,false,1,13.90,2.7800,true,1,6515
7290011474478,false,גרעיני ציאה אורגני 3,,,גרעיני ציאה אורגני 350 גר תבואות,גרמים,300.00,100 גרם,false,1,19.90,6.6333,true,1,6792
7290011474577,false,פולי קקאו גרוס נא או,,,פולי קקאו גרוס נא אורגני 200 גר,גרמים,200.00,100 גרם,false,1,26.90,13.4500,true,1,14849
7290011474676,false,קדרה אפריקאית 500 גר,,,קדרה אפריקאית 500 גר אורגנית תבואות,גרמים,500.00,100 גרם,false,1,14.90,2.9800,true,1,7912
7290011474683,false,מגדרה קינואה אורגנית,,,מגדרה קינואה אורגנית 500 גר תבואות,גרמים,500.00,100 גרם,false,1,19.90,3.9800,true,1,7886
7290011474843,false,גוגי ברי 200 גר,,,גוגי ברי 200 גר,גרמים,200.00,100 גרם,false,1,19.90,9.9500,true,1,17129
7290011474898,false,סוכר קוקוס אורגני תב,,,סוכר קוקוס אורגני תבואות 300 גר,גרמים,300.00,100 גרם,false,1,15.90,5.3000,true,1,10614
7290011498092,false,מרציפן נטו כיכר 200,שקד תבור,,מרציפן נטו כיכר 200 גר,גרמים,200.00,100 גרם,false,1,22.90,11.4500,true,1,17339
7290011498108,false,מרציפן נטו 75 גרם,שקד תבור,,מרציפן נטו 75 גרם,גרמים,75.00,100 גרם,false,1,9.00,12.0000,true,1,4295
7290011498160,false,שמן קוקוס אורגני שקד,שקד תבור,,שמן קוקוס אורגני 1 ל,ליטרים,1.00,ליטר,false,1,49.90,49.9000,true,1,5597
7290011498177,false,ממרח שקד לבן 700 גרם,שקד תבור,IL,כדורי מרציפן באבקת קינמון 120 גר,גרמים,700.00,100 גרם,false,12,64.90,9.2714,true,1,5598
7290011498191,false,מארז חטיפי מרציפן מצ,שקד תבור,IL,חטיפי מרציפן מצופים שוקולד 180 גם,גרמים,180.00,100 גרם,false,12,19.90,11.0556,true,1,5601
7290011498221,false,סילאן טבעי שקד תבור,,,סילאן טבעי שקד תבור 900 גרם,גרמים,900.00,100 גרם,false,1,19.90,2.2111,true,1,12049
7290011498283,false,חמאת בוטנים שקד תבור,שקד תבור,,חמאת בוטנים שקד תבור 700 גרם,גרמים,700.00,100 גרם,false,1,25.90,3.7000,true,1,12563
7290011498351,false,ממרח אילסר אגוזי לוז,שקד תבור,,ממרח אילסר 100% אגוזי לוז200גר,גרמים,195.00,100 גרם,false,1,26.90,13.7949,true,1,11376
7290011498368,false,ממרח פיסטוק אלת הבטנ,שקד תבור,,ממרח 100% פיסטוק 200 גר,גרמים,200.00,100 גרם,false,1,41.90,20.9500,true,1,5595
7290011498375,false,ממרח חמאת קוקוס 300,שקד תבור,,ממרח חמאת קוקוס 300 גרם,גרמים,300.00,100 גרם,false,1,19.90,6.6333,true,1,5596
7290011498405,false,שמן קוקוס אורגני 350,שקד תבור,,שמן קוקוס אורגני 350 מל,מיליליטרים,350.00,"100 מ""ל",false,1,22.90,6.5429,true,1,5591
7290011498412,false,חמאת קקאו אורגני 200,שקד תבור,,חמאת קקאו אורגני 200 גרם,Unknown,0.00,Unknown,false,1,22.90,0.0000,true,1,4842
7290011498429,false,מטבעות שוקולד 70% מר,לובקה,,שוקולד 70% מריר אורגני 200 גרם,Unknown,0.00,Unknown,false,1,26.00,0.0000,true,1,5593
7290011498436,false,פולי קקאו גרוסים אור,שקד תבור,,פולי קקאו גרוסים אורגני 250 גר,מיליליטרים,250.00,"100 מ""ל",false,1,26.90,10.7600,true,1,11330
7290011498443,false,עיסת קקאו אורגני 250,שקד תבור,,עיסת קקאו אורגני 250 גר,מיליליטרים,250.00,"100 מ""ל",false,8,21.90,8.7600,true,1,11336
7290011498450,false,אבקת קקאו אורגני 250,שקד תבור,,אבקת קקאו אורגני 250 גר,מיליליטרים,250.00,"100 מ""ל",false,1,22.90,9.1600,true,1,11333
7290011498498,false,סירופ אגבה לחיץ שקד,"אלמונדס בע""מ",IL,סירופ אגבה לחיץ שקד תבור 500 גרם,גרמים,500.00,100 גרם,false,12,22.90,4.5800,true,1,6684
7290011498504,false,ממרח חלבה עשירה 350,שקד תבור,,ממרח חלבה עשירה 350 גרם,גרמים,350.00,100 גרם,false,1,13.90,3.9714,true,1,5592
7290011498511,false,ממרח חלבה מלאה 350 ג,שקד תבור,,ממרח חלבה מלאה 350 גרם,גרמים,350.00,100 גרם,false,1,13.90,3.9714,true,1,14995
7290011498542,false,ערכת שוקולדביתית 250,שקד תבור,,ערכת שוקולדביתית 250 גר,גרמים,250.00,100 גרם,false,1,25.00,10.0000,true,1,11339
7290011498573,false,מטבעות שוקולד 61% מר,לובקה,,שוקולד 61% מריר ל.ס.אורגני 200 גרם,גרמים,200.00,100 גרם,false,8,26.00,13.0000,true,1,11374
7290011498580,false,כיכר מרציפן אורגני 2,,,כיכר מרציפן אורגני 200 גר,גרמים,200.00,100 גרם,false,1,30.00,15.0000,true,1,7794
7290011498634,false,חמאת גרעיני דלעת 300,שקד תבור,,חמאת גרעיני דלעת 300 גרם,גרמים,300.00,100 גרם,false,6,27.90,9.3000,true,1,13947
7290011498658,false,שמן אבוקדו כבישה קרה,שקד תבור,,שמן אבוקדו כבישה קרה 250 מל,מיליליטרים,250.00,"100 מ""ל",false,6,32.90,13.1600,true,1,14996
7290011498726,false,שמן שקדים 100% 250 מ,שקד תבור,,שמן שקדים 100% 250 מל,מיליליטרים,250.00,"100 מ""ל",false,1,32.90,13.1600,true,1,7262
7290011498733,false,שמן קצח 100% 250 מל,שקד תבור,,שמן קצח 100% 250 מל,גרמים,380.00,100 גרם,false,1,49.90,13.1316,true,1,9475
7290011498740,false,ממרח שקד מלא כבישה ק,שקד תבור,,ממרח שקד מלא כבישה קרה 310 גר,גרמים,310.00,100 גרם,false,6,32.90,10.6129,true,1,7261
7290011498795,false,אבקת מאקה שקד תבור 2,שקד תבור,,אבקת מאקה שקד תבור 250 גרם,גרמים,250.00,100 גרם,false,1,29.90,11.9600,true,1,24966
7290011498801,false,מרציפן פרימיום 65% ל,"אלמונדס בע""מ",,מרציפן פרימיום 65% לאפיה 200 גר,גרמים,200.00,100 גרם,false,1,24.00,12.0000,true,1,12883
7290011498870,false,חטיפי תמר מילוי חמאת,שקד תבור,IL,חטיפי תמר מילוי חמאת שקדים 150 גרם,גרמים,150.00,100 גרם,false,12,18.90,12.6000,true,1,20968
7290011498887,false,חטיפי תמר מילוי חמאת,שקד תבור,IL,חטיפי תמר מילוי חמאת קוקוס 150 גרם,גרמים,150.00,100 גרם,false,12,18.90,12.6000,true,1,20969
7290011498894,false,חטיפי תמר מילוי חמאת,שקד תבור,IL,חטיפי תמר מילוי חמאת בוטנים 150 גרם,גרמים,150.00,100 גרם,false,12,18.90,12.6000,true,1,20970
7290011498917,false,חטיפי תמר חמאת קוקוס,שקד תבור,IL,חטיפי תמר חמאת קוקוס מצופה 150 גרם,גרמים,150.00,100 גרם,false,12,18.90,12.6000,true,1,7795
7290011498948,false,חטיפי תמר מצופה שוקל,שקד תבור,IL,חטיפי תמר מצופים שוקלד 100% קקו 150 גרם,גרמים,150.00,100 גרם,false,12,18.90,12.6000,true,1,7798
7290011498955,false,חמאת בוטנים שקד תבור,שקד תבור,,חמאת בוטנים שקד תבור 300 גרם,גרמים,300.00,100 גרם,false,1,12.90,4.3000,true,1,11328
7290011498962,false,ממרח שקד לבן כבישה ק,שקד תבור,,ממרח שקד לבן כבישה  קרה 300 גר,גרמים,300.00,100 גרם,false,1,32.90,10.9667,true,1,9407
7290011498979,false,ממרח שקד לבן מועשר 3,שקד תבור,,ממרח שקד לבן מועשר 300 גר,גרמים,300.00,100 גרם,false,6,32.90,10.9667,true,1,9474
7290011498986,false,חטיפי תמר חמאת קשיו,שקד תבור,,ממרח שקד לבן עם קשיו 300 גר,גרמים,300.00,100 גרם,false,1,18.90,6.3000,true,1,11326
7290011498993,false,ממרח קשיו לבן 300 גר,שקד תבור,,ממרח קשיו לבן 300 גר,גרמים,300.00,100 גרם,false,1,27.90,9.3000,true,1,11327
7290011499051,false,גבינה פטה כבשים 250,,,גבינה פטה כבשים 250 ג,גרמים,250.00,100 גרם,false,1,22.90,9.1600,true,1,4323
7290011499105,false,גב.בולגרית 5% מלוחה,,,גב.בולגרית 5% מלוחה 250 גר,גרמים,250.00,100 גרם,false,1,19.90,7.9600,true,1,4427
7290011499112,false,גב.בולגרית 16% מלוחה,,,גב.בולגרית 16% מלוחה 250 גר,גרמים,250.00,100 גרם,false,1,19.90,7.9600,true,1,4428
7290011499129,false,גב.בולגרית 5% קוביות,,,גב.בולגרית 5% קוביות 250 גרם,גרמים,250.00,100 גרם,false,1,19.90,7.9600,true,1,4509
7290011499303,false,גבינה בולגרית עיזים,,,גבינה בולגרית עיזים 5% מעודנת 250 גר,גרמים,250.00,100 גרם,false,1,29.90,11.9600,true,1,5322
7290011499327,false,גבינה בולגרית חלב בק,,,גבינה בולגרית חלב בקר מעודנת 250 גר,גרמים,250.00,100 גרם,false,1,19.90,7.9600,true,1,5323
7290011499341,false,גבינת קאשקבלו 26% שו,,,גבינת קאשקבלו 26% שומן 200גר,גרמים,200.00,100 גרם,false,1,25.90,12.9500,true,1,5476
7290011499358,false,גבינת פטה עיזים 200ג,,,גבינת פטה עיזים 200גרם,גרמים,200.00,100 גרם,false,1,27.90,13.9500,true,1,5477
7290011499365,false,גבינת חלומי 24% 200,,,גבינת חלומי 24% 200 גר,גרמים,200.00,100 גרם,false,1,21.90,10.9500,true,1,5478
7290011499419,false,גבינת במרקם שמנת 5%,,,גבינת במרקם שמנת 5% טבעית 200 גר,גרמים,200.00,100 גרם,false,1,12.90,6.4500,true,1,5951
7290011499525,false,לבנה 9%  דרוזית למרי,,,לבנה 9%  דרוזית למריחה 500 גר,גרמים,500.00,100 גרם,false,1,20.50,4.1000,true,1,6118
7290011499624,false,גבינת שמנת 30% טבעית,,,גבינת שמנת 30% טבעית 200 גר,גרמים,200.00,100 גרם,false,1,12.90,6.4500,true,1,6605
7290011499846,false,גבינת ריקוטה פרסקה 3,,,גבינת ריקוטה פרסקה 300 גר,גרמים,300.00,100 גרם,false,1,16.90,5.6333,true,1,7142
7290011499853,false,גבינת שמנת 30% זיתים,,,גבינת שמנת 30% זיתים 200 גר,גרמים,200.00,100 גרם,false,1,12.90,6.4500,true,1,7218
7290011501556,false,קיווי מיובש 150 גר ב,"דין שיווק וקלייה בע""",,קיווי מיובש 150 גר,גרמים,160.00,100 גרם,false,1,12.90,8.0625,true,1,7007
7290011501617,false,חמוציות ברכז תפוח ל.,"דין שיווק וקלייה בע""",,חמוציות ברכז תפוח ל.ס. 250 גר,גרמים,250.00,100 גרם,false,1,12.90,5.1600,true,1,9960
7290011505806,false,קיסמי שיניים דנטליים,,,קיסמי שיניים דנטליים פלסטיק 200 יח חבית,Unknown,0.00,Unknown,false,1,8.90,0.0000,true,1,15392
7290011515683,false,מאגדת שלגון אקסטרים,גלידות נסטלה,,מאגדת שלגון אקסטרים וניל 6 יח,יחידה,6.00,יחידה,false,1,33.90,5.6500,true,1,4582
7290011515911,false,מאגדת שלגון לייט ריב,גלידות נסטלה,,מאגדת שלגון לייט ריבת חלב 6יח 312 גר,יחידה,6.00,יחידה,false,1,29.90,4.9833,true,1,5760
7290011518561,false,משקה אקטימל תות  14,,,משקה אקטימל תות  14 יח,גרמים,1512.00,100 גרם,false,1,29.90,1.9775,true,1,4304
7290011524548,false,חומוס קפוא פרי גליל,פרי גליל,,חומוס קפוא פרי גליל 800 גרם,גרמים,800.00,100 גרם,false,1,11.90,1.4875,true,1,12928
7290011524555,false,שעועית לבנה קפואה פר,פרי גליל,,שעועית לבנה קפואה פרי גליל 800 גרם,גרמים,800.00,100 גרם,false,1,12.90,1.6125,true,1,12929
7290011525316,false,תחליב סנסטיב לתינוק,פישר תעשיות,,תחליב סנסטיב לתינוק שיבולת שועל 500 מל,מיליליטרים,500.00,"100 מ""ל",false,1,28.90,5.7800,true,1,4996
7290011525712,false,אלסבון סנסטיב לפני ש,פישר תעשיות,,אלסבון סנסטיב לפני שינה 1 ל קמיל בלו,ליטרים,1.00,ליטר,false,1,24.90,24.9000,true,1,4994
7290011525729,false,שמפו סנסטיב לפני שינ,פישר תעשיות,,שמפו סנסטיב לפני שינה 1 ל קמיל בלו,ליטרים,1.00,ליטר,false,1,24.90,24.9000,true,1,4995
7290011570132,false,קמח ללא גלוטן 1 קג ג,"גלעם אריזות בע""מ",,קמח ללא גלוטן 1 קג גלעם,קילוגרמים,1.00,"ק""ג",false,1,16.90,16.9000,true,1,5388
7290011570507,false,קמח רב תכליתי 450 גר,אשבל,,קמח רב תכליתי 450 גר ללא גלוטן,גרמים,450.00,100 גרם,false,1,16.90,3.7556,true,1,10499
7290011570644,false,קמח כרגיל ללחם 500 ג,,,קמח כרגיל ללחם 500 גר ללא גלוטן,גרמים,500.00,100 גרם,false,1,16.90,3.3800,true,1,11381
7290011570781,false,קמח לעוגת וניל 450 ג,אשבל,,קמח לעוגת וניל 450 גר ללא גלוטן,גרמים,450.00,100 גרם,false,1,16.90,3.7556,true,1,13530
7290011570934,false,תערובת לפנקייק ל.גלו,אשבל,,תערובת לפנקייק ל.גלוטן 400 גרם גלעם,גרמים,450.00,100 גרם,false,1,19.90,4.4222,true,1,17568
7290011575007,false,מרסס הפי לאמבט ומקלח,ויטול,,מרסס הפי לאמבט ומקלחון 750 מל,מיליליטרים,750.00,"100 מ""ל",false,1,19.90,2.6533,true,1,4429
7290011575014,false,מטליות לכל הפי 9 יח,פלספק,,מטליות לכל הפי 9 יח,יחידה,9.00,יחידה,false,1,13.90,1.5444,true,1,4322
7290011575250,false,מבריק נעליים הפי,מרקה,,מבריק נעליים הפי,Unknown,0.00,Unknown,false,1,9.90,0.0000,true,1,5455
7290011575526,false,מטלית מיקרופייבר הפי,סיפי קנג,,מטלית מיקרופייבר הפי,Unknown,0.00,Unknown,false,1,12.90,0.0000,true,1,5454
7290011575755,false,דבק סופר גלו גל,הנקל,,דבק סופר גלו גל,Unknown,0.00,Unknown,false,1,15.90,0.0000,true,1,15280
7290011575809,false,ספריי נוצץ הגרטי הפי,פוליבוי,,ספריי נוצץ הגרטי הפי 200 מל,מיליליטרים,200.00,"100 מ""ל",false,1,30.90,15.4500,true,1,5843
7290011587093,false,תירס גמדי תומר 400 ג,,,תירס גמדי תומר 400 גר,גרמים,400.00,100 גרם,false,1,6.90,1.7250,true,1,5730
7290011587444,false,תערובת מוזלי קראנצי,ויטליה,MK,תערובת מוזלי קראנצי פירות 600 גר,גרמים,600.00,100 גרם,false,10,13.90,2.3167,true,1,18582
7290011587451,false,תערובת גרנולה פירות,ויטליה,MK,תערובת גרנולה פירות ואגוזים 600 גר,גרמים,600.00,100 גרם,false,10,13.90,2.3167,true,1,18585
7290011587468,false,תערובת מוזלי קראנצי,ויטליה,MK,תערובת מוזלי קראנצי אגוזים 600 גר,גרמים,600.00,100 גרם,false,10,13.90,2.3167,true,1,18581
7290011587598,false,אנשובי בשמן צמחי 45,,,אנשובי בפח 45 גר,Unknown,0.00,Unknown,false,1,4.90,0.0000,true,1,5523
7290011587710,false,צלפים במי מלח 350 גר,,,צלפים במי מלח 350 גר,גרמים,350.00,100 גרם,false,1,7.90,2.2571,true,1,5772
7290011587758,false,אטריות נודלס דק 200,,,אטריות נודלס דק 200 גר,גרמים,200.00,100 גרם,false,1,4.90,2.4500,true,1,5971
7290011587765,false,אטריות נודלס עבה 200,,,אטריות נודלס עבה 200 גר,גרמים,200.00,100 גרם,false,1,4.90,2.4500,true,1,5970
7290011587857,false,עגבניות מיובשות מתוב,,TR,עגבניות מיובשות מתובלות 250 גר,גרמים,250.00,100 גרם,false,12,9.90,3.9600,true,1,8755
7290011598211,false,סנו אנטי קאלק רב שימ,,,סנו אנטי קאלק רב שימושי 700 מל,מיליליטרים,750.00,"100 מ""ל",false,1,17.90,2.3867,true,1,4879
7290011598259,false,מ.אויר סנו פרש אוטומ,,,מ.אויר סנו פרש אוטומאיק מאסק 250 מל,מיליליטרים,250.00,"100 מ""ל",false,1,14.90,5.9600,true,1,6145
7290011598365,false,מטלית מיקרופייבר סנו,סנו,,מטלית מיקרופייבר סנו סושי 4 יח,יחידה,4.00,יחידה,false,1,16.90,4.2250,true,1,4416
7290011598372,false,מטלית סנו סושי מיקרו,,,מטלית סנו סושי מיקרופייבר לרצפה,יחידה,1.00,יחידה,false,1,15.90,15.9000,true,1,4759
7290011598402,false,מרכך כביסה סנומקסימה,,,מרכך כביסה סנומקסימה 4 ל לבן מוסק,ליטרים,4.00,ליטר,false,1,21.90,5.4750,true,1,4444
7290011607180,false,אב.כביסה קולון 101 כ,זוהר דליה,,אב.כביסה קולון 101 כתמים 1.25 קג,קילוגרמים,1.25,"ק""ג",false,1,12.90,10.3200,true,1,4423
7290011607197,false,אב.כביסה קולון 101 כ,זוהר דליה,,אב.כביסה קולון 101 כתמים 5 קג מיוחד,קילוגרמים,5.00,"ק""ג",false,1,29.90,5.9800,true,1,4402
7290011615260,false,טורטיה קמח לבן לאפיה,מוטלוקאל גידה סאן טי,,עלי טורטיה לאפיה 540 גרם,גרמים,540.00,100 גרם,false,1,8.90,1.6481,true,1,5095
7290011618025,false,נגיסי אורז בייבי ביס,גואנז'ו יונג וואנט פ,,נגיסי אורז בייבי ביס טעם טבעי 50 גר,גרמים,50.00,100 גרם,false,1,12.90,25.8000,true,1,7338
7290011618124,false,נגיסי אורז בייבי ביס,גואנז'ו יונג וואנט פ,,נגיסי אורז בייבי ביס טעם ירקות 50 גר,גרמים,50.00,100 גרם,false,1,12.90,25.8000,true,1,4856
7290011618131,false,נגיסי אורז בייבי ביס,גואנז'ו יונג וואנט פ,,נגיסי אורז בייבי ביס טעם גזר 50 גר,גרמים,50.00,100 גרם,false,1,12.90,25.8000,true,1,4857
7290011618216,false,נגיסי אורז בייבי ביס,גואנז'ו יונג וואנט פ,,נגיסי אורז בייבי ביס טעם בננה 50 גר,גרמים,50.00,100 גרם,false,1,12.90,25.8000,true,1,7339
7290011622428,false,חטיף בוטנים כתמטמיני,,,חטיף בוטנים כתמטמינים 45 גר,Unknown,0.00,Unknown,false,1,6.50,0.0000,true,1,9943
7290011622442,false,חטיף טבעות דגנים מלא,,,חטיף טבעות דגנים מלאים 45 גר,Unknown,0.00,Unknown,false,1,6.50,0.0000,true,1,9944
7290011622664,false,חטיף טחינה כתמטמינים,,,חטיף טחינה כתמטמינים 45 גר,Unknown,0.00,Unknown,false,1,6.50,0.0000,true,1,14969
7290011622701,false,חטיף טבעוני גזר וסלק,,,חטיף טבעוני גזר וסלק 45 גר,Unknown,0.00,Unknown,false,1,6.50,0.0000,true,1,20690
7290011622756,false,ביסקוויטמינים פלוס ש,אלס נוטרישן,,ביסקוויטמינים פלוס שוקו 150 גר,גרמים,150.00,100 גרם,false,12,16.90,11.2667,true,1,25340
7290011688776,false,מחית אסאי  4 יחידות,,IL,מחית אסאי  4 יחידות 100גרם,גרמים,400.00,100 גרם,false,1,24.90,6.2250,true,1,28698
7290011688806,false,פלחי אננס קפוא 560גר,,IL,פלחי אננס קפוא 560גרם פסקוביץ,גרמים,500.00,100 גרם,false,1,19.90,3.9800,true,1,28701
7290011688813,false,קוביות אננס קפוא 500,,IL,קוביות אננס קפוא 500גר פסקוביץ,גרמים,500.00,100 גרם,false,1,19.90,3.9800,true,1,28699
7290011688820,false,מיקס פירות טרופיים 5,,IL,מיקס פירות טרופיים 500גר פסקוביץ,גרמים,500.00,100 גרם,false,1,19.90,3.9800,true,1,28700
7290011688844,false,פולי סויה קלופים 400,,,פולי סויה קלופים 400גר קפוא פסקוביץ,גרמים,400.00,100 גרם,false,1,7.90,1.9750,true,1,26658
7290011688943,false,פרחי כרובית מצופים 5,,,פרחי כרובית מצופים 500גר פסקוביץ,גרמים,500.00,100 גרם,false,1,29.90,5.9800,true,1,26676
7290011688981,false,במיה כפתורים אקסטרא,,,במיה כפתורים אקסטרא 1קג פסקוביץ,קילוגרמים,1.00,"ק""ג",false,1,26.90,26.9000,true,1,31960
7290011723200,false,טחינה הר ברכה 500 גר,טחינה הר ברכה בעמ,,טחינה הר ברכה 500 גרם,גרמים,500.00,100 גרם,false,1,19.90,3.9800,true,1,12342
7290011728007,false,חטיף נאצוס תירס טבעי,,,חטיף נאצוס תירס טבעי טרז פזוס 180 גרם,גרמים,180.00,100 גרם,false,6,19.90,11.0556,true,1,27327
7290011728052,false,ריבת בצל טרז פסוס 27,"דוידוב סלמון בע""מ",IL,ריבת בצל טרז פסוס 270 גרם,Unknown,0.00,Unknown,false,6,24.90,0.0000,true,1,42269
7290011728274,false,סלסה מנגו לבישול 300,"דוידוב סלמון בע""מ",IL,סלסה מנגו לבישול 300 גרם,גרמים,330.00,100 גרם,false,24,27.90,8.4545,true,1,27316
7290011728298,false,פלפל חלפיניו ירוק כב,"דוידוב סלמון בע""מ",IL,פלפל חלפיניו ירוק כבוש 195 גר,גרמים,195.00,100 גרם,false,24,22.90,11.7436,true,1,27317
7290011728335,false,סלסה פלפל אדום וציפו,,,סלסה פלפל אדום וציפוטלה 330 גרם,גרמים,330.00,100 גרם,false,1,25.90,7.8485,true,1,27313
7290011728724,false,סלסה עגבניות חתוכות,,,סלסה עגבניות חתוכות 200 גרם,גרמים,200.00,100 גרם,false,1,18.90,9.4500,true,1,18840
7290011728915,false,קמח תירס מינסה ל.גלו,,,קמח תירס מינסה ל.גלוטן וסכר 400 גרם,גרמים,400.00,100 גרם,false,6,18.90,4.7250,true,1,27328
7290011728939,false,סלסה הבנרו אדום וגזר,"דוידוב סלמון בע""מ",IL,סלסה הבנרו אדום וגזר 275 מל,מיליליטרים,275.00,"100 מ""ל",false,24,34.90,12.6909,true,1,20058
7290011743833,false,מש.שיניים סנסודיין פ,,,מש.שיניים סנסודיין פרומל 75 מל ירוק,מיליליטרים,75.00,"100 מ""ל",false,1,21.90,29.2000,true,1,5098
7290011744885,false,מש.שיניים אקווה פרש,,,מש.שיניים אקווה פרש שני חלב 2עד6 50מל,Unknown,0.00,Unknown,false,1,9.90,0.0000,true,1,6135
7290011765071,false,גל גילוח קרמה לעור ר,,,גל גילוח קרמה לעור רגיל 200 מל,מיליליטרים,200.00,"100 מ""ל",false,1,11.90,5.9500,true,1,5072
7290011765095,false,גל גילוח קרמה לעור ע,,,גל גילוח קרמה לעור עדין 200 מל,מיליליטרים,200.00,"100 מ""ל",false,1,11.90,5.9500,true,1,26189
7290011765118,false,קצף גילוח קרמה לעור,,,קצף גילוח קרמה לעור דליקט 200 מל,מיליליטרים,200.00,"100 מ""ל",false,1,11.90,5.9500,true,1,5074
7290011765200,false,גל סנו מדיק לניקוי י,סנו,,גל סנו מדיק לניקוי ידיים ללא מים300אלוור,מיליליטרים,300.00,"100 מ""ל",false,12,19.90,6.6333,true,1,5025
7290011765217,false,גל סנו מדיק לניקוי י,,,גל סנו מדיק לניקוי ידיים 100מל אלוורה,מיליליטרים,100.00,"100 מ""ל",false,12,9.90,9.9000,true,1,5023
7290011765392,false,שמפו כיף לילדים בוב,,,שמפו כיף לילדים בוב ספוג 750 מל,מיליליטרים,750.00,"100 מ""ל",false,1,11.90,1.5867,true,1,4880
7290011765408,false,שמפו+מרכך כיף לילדים,,,שמפו+מרכך כיף לילדים בוב ספוג 750 מל,מיליליטרים,750.00,"100 מ""ל",false,1,11.90,1.5867,true,1,4882
7290011765415,false,מרכך כיף לילדים בוב,,,מרכך כיף לילדים בוב ספוג 750 מל,מיליליטרים,750.00,"100 מ""ל",false,1,11.90,1.5867,true,1,4881
7290011765422,false,אלסבון כיף לילדים קמ,,,אלסבון כיף לילדים קמומיל בוב ספוג 750 מל,מיליליטרים,750.00,"100 מ""ל",false,1,11.90,1.5867,true,1,4883
7290011765446,false,מש.שיניים אורביטול ב,,,מש.שיניים אורביטול בוב ספוג 70 גר,גרמים,70.00,100 גרם,false,1,8.90,12.7143,true,1,4884
7290011765613,false,מסיר עובש 1ליטר מרסס,,,מסיר עובש 1ליטר מרסס בניחוח לימון,ליטרים,1.00,ליטר,false,12,17.90,17.9000,true,1,20062
7290011765620,false,נוזל כלים אקולוגי 70,סנו,IL,נוזל כלים אקולוגי 700מל גרין פאוור,מיליליטרים,700.00,"100 מ""ל",false,1,10.90,1.5571,true,1,25065
7290011772000,false,גל אלכוהול אסותא 110,,IL,גל אלכוהול אסותא 110מל,מיליליטרים,110.00,"100 מ""ל",false,24,9.90,9.0000,true,1,25723
7290011772468,false,אקונומיקה אמה 4 ליטר,טרופיקל דגיל,IL,אקונומיקה אמה 4 ליטר,ליטרים,4.00,ליטר,false,1,9.90,2.4750,true,1,21473
7290011800840,false,סלט טחינה לבנה רפי צ,צבר,,סלט טחינה לבנה רפי צבר 400 גר,גרמים,400.00,100 גרם,false,1,13.90,3.4750,true,1,6080
7290011830236,false,בייגלה כוסמין אורגני,,,בייגלה כוסמין אורגני 200 גר,גרמים,200.00,100 גרם,false,1,15.90,7.9500,true,1,5545
7290011830243,false,אטריות אורגני ללא גל,,,אטריות אורגני ללא גלוטן אורז תאילנד250ג,גרמים,250.00,100 גרם,false,1,15.90,6.3600,true,1,5943
7290011830250,false,אטריות אורגני ללא גל,,,אטריות אורגני ללא גלוטן מכוסמת 250ג,גרמים,250.00,100 גרם,false,1,16.90,6.7600,true,1,5944
7290011830267,false,אטריות אורגני ללא גל,,,אטריות אורגני ללא גלוטן אורז מלא250ג,גרמים,250.00,100 גרם,false,1,15.90,6.3600,true,1,5942
7290011830274,false,אטריות אורגני ללא גל,,,אטריות אורגני ללא גלוטן אורז שחור250ג,גרמים,250.00,100 גרם,false,1,16.90,6.7600,true,1,5941
7290011830328,false,מחית סקוויז תפוח עץ,,,מחית סקוויז תפוח עץ אורגני 100 גר,גרמים,100.00,100 גרם,false,1,5.90,5.9000,true,1,24479
7290011830335,false,מחית סקוויז תפוח עץ,,,מחית סקוויז תפוח עץ ובננה  אורגני 100 גר,גרמים,100.00,100 גרם,false,1,5.90,5.9000,true,1,24480
7290011830366,false,פסטה חמישה צבעים  טל,ס.פ.ספא,IT,פסטה חמישה צבעים  טליאטלה אורגני 500ג,גרמים,500.00,100 גרם,false,6,27.90,5.5800,true,1,23449
7290011830373,false,פסטה חמישה צבעים  פפ,ס.פ.ספא,IT,פסטה חמישה צבעים  פפרדלה אורגני 500ג,גרמים,500.00,100 גרם,false,6,27.90,5.5800,true,1,23448
7290011830380,false,פסטה חמישה צבעים  מק,ס.פ.ספא,IT,פסטה חמישה צבעים אורגנית 500 גר,גרמים,500.00,100 גרם,false,8,24.90,4.9800,true,1,23446
7290011830564,false,פתי בר כוסמין אורגני,,,פתי בר כוסמין אורגני 180 גר,גרמים,180.00,100 גרם,false,1,12.90,7.1667,true,1,6841
7290011830991,false,חטיף בוטנים ציקי מאנ,,,חטיף בוטנים ציקי מאנקי 60 גר אורגני,Unknown,0.00,Unknown,false,1,6.90,0.0000,true,1,7001
7290011860271,false,ביסבול טבעי תפוגן 70,תפוגן,,ביסבול טבעי תפוגן 700 גר,גרמים,700.00,100 גרם,false,1,12.90,1.8429,true,1,5295
7290011860301,false,ביס בול תירס תפוגן 7,תפוגן,,ביס בול תירס תפוגן 700 גר,גרמים,700.00,100 גרם,false,1,12.90,1.8429,true,1,5296
7290011876388,false,קציצות עוף ובקר אמית,תנובה גליל,,קציצות עוף ובקר אמיתיות 600 גרם,גרמים,600.00,100 גרם,false,1,31.90,5.3167,true,1,8380
7290011877088,false,זוג רדיד אלומיניום ס,,,זוג רדיד אלומיניום סנו סושי30/7.5,יחידה,2.00,יחידה,false,1,15.90,7.9500,true,1,5057
7290011877095,false,זוג רדיד אלומיניום ס,,,זוג רדיד אלומיניום סנו סושי 45/7.5,יחידה,2.00,יחידה,false,1,24.90,12.4500,true,1,5058
7290011877101,false,מטהר אוויר סנומוד מו,,,מטהר אוויר סנומוד מוסק,Unknown,0.00,Unknown,false,1,11.90,0.0000,true,1,5532
7290011877156,false,מטהר אוויר סנופרש יב,,,מטהר אוויר סנופרש יבש מאסק 375 מל,מיליליטרים,375.00,"100 מ""ל",false,1,11.90,3.1733,true,1,5531
7290011877446,false,קרם נגד גירויים בייב,,,קרם נגד גירויים בייבי כיף 100 מל,מיליליטרים,100.00,"100 מ""ל",false,1,15.90,15.9000,true,1,5518
7290011877835,false,שקיות ואקום לאחסון ס,,,שקיות ואקום לאחסון סנו סושי 2 יח א.לארג,יחידה,2.00,יחידה,false,1,19.90,9.9500,true,1,5260
7290011877842,false,שקיות ואקום לאחסון ס,,,שקיות ואקום לאחסון סנו סושי 1יחא.לארג,יחידה,2.00,יחידה,false,1,19.90,9.9500,true,1,5261
7290011877859,false,פותח סתימות סנו אינס,,,פותח סתימות סנו אינסטלטור 200 גר,גרמים,200.00,100 גרם,false,1,14.90,7.4500,true,1,5517
7290011877866,false,אב.כביסה סנו מקסימה,,,אב.כביסה סנו מקסימה מאסק 6 קג,קילוגרמים,6.00,"ק""ג",false,1,46.90,7.8167,true,1,5533
7290011877910,false,מי פה אורביטול טריפל,,,מי פה אורביטול טריפל ורוד 500 מל,מיליליטרים,500.00,"100 מ""ל",false,1,19.90,3.9800,true,1,5670
7290011878597,false,גבינת שיטה בולגרית א,,IL,גבינת שיטה בולגרית אורגנית 200גר נאות סמ,גרמים,200.00,100 גרם,false,6,36.90,18.4500,true,1,42512
7290011912642,false,נוזל שטיפת פה ליסטרי,,IT,נוזל שטיפת פה ליסטרין תאגד 500מל,מיליליטרים,500.00,"100 מ""ל",false,1,19.90,3.9800,true,1,19306
7290011923013,false,דובדבן חמוץ אורגני ל,,RS,דובדבן חמוץ אורגני ללא גלעינים 300גר ליב,גרמים,300.00,100 גרם,false,6,18.90,6.3000,true,1,42672
7290011923020,false,אוכמניות אורגניות 30,,RS,אוכמניות אורגניות 300 גרם ליב,גרמים,300.00,100 גרם,false,6,18.90,6.3000,true,1,42669
7290011923068,false,בסגנון צהובה פרוסות,,GR,בסגנון צהובה פרוסות 200גר טבעוני,גרמים,200.00,100 גרם,false,12,18.90,9.4500,true,1,38649
7290011923082,false,בסגנון מוצרלה פרוסות,,GR,בסגנון מוצרלה פרוסות 200גר טבעוני,גרמים,200.00,100 גרם,false,12,18.90,9.4500,true,1,38640
7290011923112,false,בסגנון פטה יוונית גו,,GR,בסגנון פטה יוונית גוש 200גר טבעוני,גרמים,200.00,100 גרם,false,12,18.90,9.4500,true,1,38648
7290011923273,false,טופו אורגני 300 גר ל,,,טופו אורגני 300 גר ליב,גרמים,300.00,100 גרם,false,10,13.90,4.6333,true,1,7926
7290011923303,false,טופו טבעי 300 גרם לי,,,טופו טבעי 300 גרם ליב,גרמים,300.00,100 גרם,false,1,10.90,3.6333,true,1,10510
7290011931162,false,ממתיק סוכרלייט נוזלי,,,ממתיק סוכרלייט נוזלי 220 מל,מיליליטרים,220.00,"100 מ""ל",false,1,24.90,11.3182,true,1,5144
7290011931193,false,ממתיק סוכרלייט כפית,,,ממתיק סוכרלייט כפית לכפית 105 גר,גרמים,105.00,100 גרם,false,1,26.90,25.6190,true,1,5145
7290011941260,false,קערת סלט חד פעמי שקו,ningbo,,קערת סלט חד פעמי שקופה קוטר 8,יחידה,1.00,יחידה,false,1,6.50,6.5000,true,1,11950
7290011941284,false,קערת סלט חד פעמי שקו,ningbo,,קערת סלט חד פעמי שקופה קוטר 11,יחידה,1.00,יחידה,false,1,10.90,10.9000,true,1,11968
7290011947309,false,זית זיתא סורי מבוקע,זיתא - י.ט.ב תעשיות,,זית סורי מבוקע עם לימון 220 גרם,גרמים,230.00,100 גרם,false,1,12.90,5.6087,true,1,9554
7290011947316,false,זית זיתא קלמנטה 215,זיתא - י.ט.ב תעשיות,,זית קלמנטה 215 גרם זיתא,גרמים,215.00,100 גרם,false,1,12.90,6.0000,true,1,10797
7290011947521,false,שמן זית זיתא מודגש כ,זיתא - י.ט.ב תעשיות,,שמן זית זיתא מודגש כתית מעולה 750 מל,מיליליטרים,750.00,"100 מ""ל",false,1,29.90,3.9867,true,1,14299
7290011947743,false,מיקס זית זיתא ירוק ו,זיתא - י.ט.ב תעשיות,IL,מיקס זית זיתא ירוק וקלמטה 215 גר,גרמים,215.00,100 גרם,false,8,12.90,6.0000,true,1,22887
7290011947781,false,זית זיתא מיקס מגולען,זיתא - י.ט.ב תעשיות,,זית זיתא מיקס מגולען בשמן זית 215 גרם,גרמים,190.00,100 גרם,false,1,13.90,7.3158,true,1,28823
7290011947798,false,זית זיתא קלמטה מגולע,זיתא - י.ט.ב תעשיות,,זית זיתא קלמטה מגולען בשמן זית 215 גרם,גרמים,190.00,100 גרם,false,1,13.90,7.3158,true,1,28822
7290011947835,false,שמן זית זיתא טעם פטר,זיתא,IL,שמן זית זיתא טעם פטריות כמהין250 מל,מיליליטרים,250.00,"100 מ""ל",false,6,22.90,9.1600,true,1,30910
7290011947866,false,מיקס זיתים זיתא 440,זיתא - י.ט.ב תעשיות,,מיקס זיתים זיתא 440 גרם בפח,גרמים,440.00,100 גרם,false,1,15.90,3.6136,true,1,31812
7290011947873,false,זית קלמטה זיתא 440 ג,זיתא - י.ט.ב תעשיות,,זית קלמטה זיתא 440 גרם בפח,גרמים,440.00,100 גרם,false,1,15.90,3.6136,true,1,31813
7290011947903,false,זית זיתא מיקס יווני,זיתא - י.ט.ב תעשיות,,זית זיתא מיקס יווני 215 גרם,גרמים,215.00,100 גרם,false,1,12.90,6.0000,true,1,30854
7290011947965,false,זית זיתא מיקס מגולען,זיתא - י.ט.ב תעשיות,,זית זיתא מיקס מגולען עם שמיר 190 גרם,גרמים,190.00,100 גרם,false,1,13.90,7.3158,true,1,39833
7290011947972,false,זית זיתא ירוק מגולען,זיתא - י.ט.ב תעשיות,,זית זיתא ירוק מגולען תימין ורוזמר190 גרם,גרמים,190.00,100 גרם,false,1,13.90,7.3158,true,1,39832
7290011947989,false,זית זיתא ירוק מגולען,זיתא - י.ט.ב תעשיות,,זית זיתא ירוק מגולען טעם שום 190 גרם,גרמים,190.00,100 גרם,false,1,13.90,7.3158,true,1,39831
7290011964344,false,שום גבישי 120 ג מיכל,,,שום גבישי 120 ג מיכל גדול,גרמים,120.00,100 גרם,false,1,9.90,8.2500,true,1,5186
7290011964566,false,גריל עוף 400 גר בצנצ,,,גריל עוף 400 גר בקופסא,גרמים,400.00,100 גרם,false,1,17.90,4.4750,true,1,9780
7290011964573,false,פלפל שחור טחון דק400,,,פלפל שחור טחון דק400 גרם,גרמים,400.00,100 גרם,false,1,29.90,7.4750,true,1,25861
7290011964597,false,כמון טחון 400 גרם בצ,,,כמון טחון 400 גרם,גרמים,400.00,100 גרם,false,1,17.90,4.4750,true,1,9782
7290011964603,false,כורכום טחון 400 גר ב,,,כורכום טחון 400 גר בקופסא,גרמים,400.00,100 גרם,false,1,17.90,4.4750,true,1,9783
7290011964627,false,פפריקה מתוקה בשמן400,,,פפריקה מתוקה בשמן 400 גר בקופסא,גרמים,400.00,100 גרם,false,1,17.90,4.4750,true,1,9781
7290011964658,false,מלח לימון 170 גר מיכ,,,מלח לימון 170 גר מיכל פלסטיק,גרמים,170.00,100 גרם,false,1,7.90,4.6471,true,1,7939
7290011964689,false,תיבול על האש מיכל גד,,,תיבול על האש מיכל גדול 100 גר,גרמים,100.00,100 גרם,false,1,7.90,7.9000,true,1,6783
7290011964702,false,תיבול שווארמה מיכל ג,,,תיבול שווארמה מיכל גדול100 גר,גרמים,100.00,100 גרם,false,1,7.90,7.9000,true,1,6785
7290011969158,false,מארז חמישייה מגבון ט,,,מארז חמישייה מגבון טואלט טייגר בייבי,יחידה,5.00,יחידה,false,1,16.90,3.3800,true,1,11407
7290011971694,false,ספגטי טריקולור מסמול,,,ספגטי טריקולור מסמולינת אורגני 500 גר,גרמים,500.00,100 גרם,false,1,13.90,2.7800,true,1,15732
7290011996567,false,רוטב סאטה אסיה 240 ג,,,רוטב סאטה אסיה 240 גרם,גרמים,250.00,100 גרם,false,1,14.90,5.9600,true,1,17899
7290011996642,false,שומשום שחור קלוי טעמ,,CN,שומשום שחור קלוי טעמי אסיה 100 גרם,גרמים,100.00,100 גרם,false,12,15.90,15.9000,true,1,40636
7290012001994,false,חרדל ריין דה דיזון ג,ריין דיגון,,חרדל ריין דה דיזון גרעינים 350 ג,גרמים,350.00,100 גרם,false,1,11.90,3.4000,true,1,6626
7290012019036,false,שיני שום כבושים 330,,,שיני שום כבושים 330 גר תומר,גרמים,330.00,100 גרם,false,1,9.90,3.0000,true,1,17080
7290012019043,false,שום צעיר כבוש בחומץ,,,שום צעיר כבוש בחומץ 330 גר תומר,גרמים,330.00,100 גרם,false,1,9.90,3.0000,true,1,17078
7290012019050,false,שום צעיר ובוגר וציפו,,,שום צעיר ובוגר וציפורן בחומץ 330 גר תומר,גרמים,330.00,100 גרם,false,1,9.90,3.0000,true,1,17079
7290012019258,false,רסק תפוח עץ רגיל 4 י,,,רסק תפוח עץ רגיל 4 יח 113 גר,גרמים,452.00,100 גרם,false,1,9.90,2.1903,true,1,14776
7290012019265,false,רסק תפוח עץ דיאט 4 י,,,רסק תפוח עץ דיאט 4 יח 113 גר,גרמים,452.00,100 גרם,false,1,9.90,2.1903,true,1,14774
7290012019272,false,רסק תפוח עץ וקינמון,,,רסק תפוח עץ וקינמון 4 יח 113 גר,גרמים,452.00,100 גרם,false,1,9.90,2.1903,true,1,14775
7290012019401,false,מיץ דובדבן 100% טבעי,,,מיץ דובדבן 100% טבעי גרוזיני 1 ל פיקדון,ליטרים,1.00,ליטר,false,1,16.90,16.9000,true,1,9551
7290012019647,false,פטיסון כבוש 860 גרם,POLAN POLSKO FRANCUS,,פטיסון כבוש 860 גרם,גרמים,860.00,100 גרם,false,1,14.50,1.6860,true,1,13586
7290012019753,false,מיץ עגבניות 1 ל תומר,,,מיץ עגבניות 1 ל תומר פיקדון,ליטרים,1.00,ליטר,false,1,9.90,9.9000,true,1,31048
7290012022203,false,קליליות חיטה מלאה 10,,,קליליות חיטה מלאה 100גר קריספיות,גרמים,100.00,100 גרם,false,1,15.00,15.0000,true,1,8964
7290012022227,false,קליליות חיטה בטעם טב,,,קליליות חיטה בטעם טבעי 60גר קריספיות,Unknown,0.00,Unknown,false,1,13.00,0.0000,true,1,8963
7290012022272,false,קליליות קידס טעם טבע,,,קליליות קידס טעם טבעי30גר קריספיות,Unknown,0.00,Unknown,false,1,10.90,0.0000,true,1,11648
7290012025822,false,סלט סלק אסלי 400 גרם,סלטי שמיר,,סלט סלק אסלי 400 גרם,גרמים,400.00,100 גרם,false,1,9.90,2.4750,true,1,13116
7290012025839,false,סלט מטבוחה אסלי 400,סלטי שמיר,,סלט מטבוחה אסלי 400 גרם,גרמים,400.00,100 גרם,false,1,9.90,2.4750,true,1,37316
7290012046124,false,רב מגבת סופט קלין 80,,IL,רב מגבת סופט קלין 800גר,גרמים,800.00,100 גרם,false,12,22.90,2.8625,true,1,31581
7290012046179,false,אל סבון אינגוי 1ליטר,,IL,אל סבון אינגוי 1ליטר,ליטרים,1.00,ליטר,false,12,9.90,9.9000,true,1,43495
7290012046193,false,ספוגי קרצוף קשיחים י,3m,ES,ספוגי קרצוף קשיחים ירוקים קצרים 9יחסקוטש,יחידה,9.00,יחידה,false,20,12.90,1.4333,true,1,40946
7290012052163,false,גרנולה רפאל אגוזים ו,רפאלס,,גרנולה רפאל אגוזים ופירות 350 גר,גרמים,350.00,100 גרם,false,1,17.90,5.1143,true,1,8796
7290012052187,false,גרנולה רפאל חלבה תמר,רפאלס,,גרנולה רפאל חלבה תמרים ושקדים 350 גר,גרמים,350.00,100 גרם,false,1,17.90,5.1143,true,1,8797
7290012052194,false,גרנולה רפאל פירות יע,רפאלס,,גרנולה רפאל פירות יער וקשיו 350 גר,גרמים,350.00,100 גרם,false,1,17.90,5.1143,true,1,8798
7290012052200,false,גרנולה רפאל אגוזים ז,רפאלס,,גרנולה רפאל אגוזים זרעי פירות800גר,גרמים,800.00,100 גרם,false,1,29.90,3.7375,true,1,8939
7290012052217,false,גרנולה רפאל ללא סוכר,רפאלס,,גרנולה רפאל ללא סוכר אגוז ופרי800גר,גרמים,800.00,100 גרם,false,1,29.90,3.7375,true,1,8931
7290012052224,false,גרנולה רפאל חלבה תמר,רפאלס,,גרנולה רפאל חלבה תמר ושקד800גר,גרמים,800.00,100 גרם,false,1,29.90,3.7375,true,1,8940
7290012052231,false,גרנולה רפאל פירות יע,רפאלס,,גרנולה רפאל פירות יער וקשיו800גר,גרמים,800.00,100 גרם,false,1,29.90,3.7375,true,1,8941
7290012052354,false,גרנולה רפאל שוקולד א,רפאלס,,גרנולה רפאל שוקולד אגוזי לוז 350 גר,גרמים,350.00,100 גרם,false,1,17.90,5.1143,true,1,8800
7290012052361,false,גרנולה רפאל תערובת מ,רפאלס,,גרנולה רפאל תערובת מוזלי 350 גר,גרמים,350.00,100 גרם,false,1,17.90,5.1143,true,1,8801
7290012052385,false,גרנולה רפאל מוזלי 80,רפאלס,,גרנולה רפאל מוזלי 800 גר,גרמים,800.00,100 גרם,false,1,29.90,3.7375,true,1,8942
7290012052460,false,מיקס פינוק לסלט זרעי,רפאלס,,מיקס פינוק לסלט זרעים ואגוזים קלו 250 גר,גרמים,250.00,100 גרם,false,1,18.90,7.5600,true,1,8802
7290012052477,false,מיקס פינוק לסלט עשבי,רפאלס,IL,מיקס פינוק לסלט עשבי תיבול זרעים 250 גר,גרמים,250.00,100 גרם,false,1,18.90,7.5600,true,1,8803
7290012116025,false,שמפו כיף פיית רוזמרי,,,שמפו כיף פיית רוזמרין 750 מל,מיליליטרים,750.00,"100 מ""ל",false,1,11.90,1.5867,true,1,6868
7290012116032,false,מרכך כיף פיות רוזמרי,,,מרכך כיף פיות רוזמרין  750 מל,מיליליטרים,750.00,"100 מ""ל",false,1,11.90,1.5867,true,1,6869
7290012116063,false,אלסבון כיף פיות מעוש,,,אלסבון כיף פיות מעושר בתמצית קמומיל 750,מיליליטרים,750.00,"100 מ""ל",false,1,11.90,1.5867,true,1,6870
7290012116193,false,סבון אסלה סנובון סגו,,,סבון אסלה סנובון סגול לבנדר שלישיה,יחידה,3.00,יחידה,false,1,14.90,4.9667,true,1,5555
7290012116261,false,גל סנו מדיק 500 מל ב,,,גל סנו מדיק 500 מל בתוספת אלוורה,מיליליטרים,500.00,"100 מ""ל",false,12,32.90,6.5800,true,1,24095
7290012116360,false,נוזל רצפה פוליויקס ג,,,נוזל רצפה פוליויקס גרניט פורצלן 2 ליטר,ליטרים,2.00,ליטר,false,1,19.90,9.9500,true,1,5530
7290012116537,false,אב.כביסה מקסימה מאסק,סנו,,אב.כביסה מקסימה מאסק 2.5 קג,קילוגרמים,2.50,"ק""ג",false,1,24.90,9.9600,true,1,5899
7290012116551,false,נוזל אנטי קלאק 4ב1 ר,,,נוזל אנטי קלאק 4ב1 רב שימושי 2 ל,ליטרים,2.00,ליטר,false,1,17.90,8.9500,true,1,5782
7290012116629,false,תחליב סנו די לתינוקו,,,תחליב סנו די לתינוקות וילדים 50 מל,מיליליטרים,50.00,"100 מ""ל",false,1,17.90,35.8000,true,1,6096
7290012116674,false,דאודורנט קרמה גל קול,,,דאודורנט קרמה גל קול 70מל,Unknown,0.00,Unknown,false,12,15.90,0.0000,true,1,18660
7290012116735,false,נ.טואלט סופט קומפקט,,,נ.טואלט סופט קומפקט 24 גל 900 מטר,יחידה,24.00,יחידה,false,1,44.90,1.8708,true,1,5733
7290012117091,false,אב.כביסה סנו מקסימה,,,אב.כביסה סנו מקסימה סנסטיב 6 קג,קילוגרמים,6.00,"ק""ג",false,1,46.90,7.8167,true,1,5900
7290012117275,false,נוזל חלונות סנוקליר,,,נוזל חלונות סנוקליר שקית מילוי 750 מל,מיליליטרים,750.00,"100 מ""ל",false,1,7.50,1.0000,true,1,6063
7290012117350,false,נוזל רצפה ריצפז פרש,,,נוזל רצפה ריצפז פרש   לילך 2 לי,ליטרים,2.00,ליטר,false,1,16.90,8.4500,true,1,5901
7290012117428,false,גל ושמפו רחצה קרמה מ,,,גל ושמפו רחצה קרמה מנטה  700 מל,מיליליטרים,700.00,"100 מ""ל",false,1,14.90,2.1286,true,1,6062
7290012117534,false,מרכך כביסה מקסימה מר,,,מרכך כביסה מקסימה מרוכז קוול 1 ל,ליטרים,1.00,ליטר,false,1,17.90,17.9000,true,1,6324
7290012117541,false,מרכך כביסה מקסימה מר,,,מרכך כביסה מקסימה מרוכז זאן 1 ל,ליטרים,1.00,ליטר,false,1,17.90,17.9000,true,1,6325
7290012117558,false,מרכך כביסה מקסימה מר,,,מרכך כביסה מקסימה מרוכז מאסק 1 ל,ליטרים,1.00,ליטר,false,1,17.90,17.9000,true,1,6326
7290012117626,false,מי פה אורביטול קידס,,,מי פה אורביטול קידס 250 מל בוב ספוג,מיליליטרים,250.00,"100 מ""ל",false,1,11.90,4.7600,true,1,11461
7290012117732,false,מרכך כביסה סנומקסימה,,,מרכך כביסה סנומקסימה קוול 4 ל,ליטרים,4.00,ליטר,false,1,21.90,5.4750,true,1,26474
7290012117763,false,מברשת שיניים אורביטו,,,מברשת שיניים אורביטול בוב ספוג מנצנצת,Unknown,0.00,Unknown,false,1,9.90,0.0000,true,1,15615
7290012117916,false,פותח סתימות סנו אינס,,,פותח סתימות סנו אינסטלטור 1 ל,ליטרים,1.00,ליטר,false,1,27.90,27.9000,true,1,6257
7290012139482,false,בונזו עצם לחוצה מעוש,בונזו,,בונזו עצם לחוצה מעושנת בציפוי,Unknown,0.00,Unknown,false,1,19.90,0.0000,true,1,6858
7290012139499,false,בונזו גוי עצם לחוצה,בונזו,,בונזו גוי עצם לחוצה מעושנת בציפוי,Unknown,0.00,Unknown,false,1,19.90,0.0000,true,1,6859
7290012193125,false,סוכרלוז טבליות מרמול,קיפל,,סוכרלוז טבליות מרמולייט 150 יח,יחידה,150.00,יחידה,false,1,22.90,0.1527,true,1,5558
7290012193163,false,פמילי אל סבון  פרחי,,,פמילי אל סבון  פרחי בר1 ל משאבה,ליטרים,1.00,ליטר,false,1,10.90,10.9000,true,1,7944
7290012208515,false,לחם פרוס טבעוני עם ק,,,לחם פרוס טבעוני עם קמח טף 500 גר,גרמים,500.00,100 גרם,false,1,22.90,4.5800,true,1,25524
7290012208522,false,גבטות עם קמח טף 380,,,גבטות עם קמח טף 380 גר אביב יאור,גרמים,380.00,100 גרם,false,1,22.90,6.0263,true,1,25526
7290012208539,false,לחמניות אצבע עם קמח,,,לחמניות אצבע עם קמח טף 330גר אביב ירוק,גרמים,330.00,100 גרם,false,1,22.90,6.9394,true,1,25529
7290012208584,false,פיתות עם קמח טף 250,,,פיתות עם קמח טף 250 גר אביב ירוק,גרמים,250.00,100 גרם,false,1,18.90,7.5600,true,1,25531
7290012226014,false,נקניקיות וינר 800 גר,,IL,נקניקיות וינר 800 גר,גרמים,800.00,100 גרם,false,1,21.90,2.7375,true,1,42221
7290012226120,false,נקניק קבנוס 135 גר,,IL,נקניק קבנוס 135 גר,גרמים,135.00,100 גרם,false,12,9.90,7.3333,true,1,42222
7290012226342,false,נקניקיה טבעונית 460ג,,IL,נקניקיה טבעונית 460גר,גרמים,460.00,100 גרם,false,10,26.90,5.8478,true,1,42253
7290012226922,false,נקניק קבנוס בטעם שום,,IL,נקניק קבנוס בטעם שום 135 גר,גרמים,135.00,100 גרם,false,12,9.90,7.3333,true,1,42224
7290012226939,false,נקניק קבנוס בטעם ציל,,IL,נקניק קבנוס בטעם צילי 135 גר,גרמים,135.00,100 גרם,false,12,9.90,7.3333,true,1,42225
7290012226991,false,נקניקיות גמבו 1.5 קג,,IL,נקניקיות גמבו 1.5 קג,קילוגרמים,1.50,"ק""ג",false,5,25.90,17.2667,true,1,42226
7290012227400,false,נקניקיות עוף 800 גרם,,IL,נקניקיות עוף 800 גרם,גרמים,800.00,100 גרם,false,1,21.90,2.7375,true,1,42243
7290012227912,false,נקניק קבנוס מעודן 13,,IL,נקניק קבנוס מעודן 135גר,גרמים,135.00,100 גרם,false,12,9.90,7.3333,true,1,42248
7290012228124,false,קבנוס סטיקס 50גר,,IL,קבנוס סטיקס 50גר,Unknown,0.00,Unknown,false,15,9.90,0.0000,true,1,42244
7290012228261,false,נקניקיות קנקרס הודו,,IL,נקניקיות קנקרס הודו 300גר ריינהולדס,גרמים,300.00,100 גרם,false,6,19.90,6.6333,true,1,42240
7290012228278,false,נקניקיות בוקוורסט הו,,IL,נקניקיות בוקוורסט הודו בקר 300גר ריינהול,גרמים,300.00,100 גרם,false,6,19.90,6.6333,true,1,42239
7290012228728,false,קבנוס סטיקס טעם מקסי,,IL,קבנוס סטיקס טעם מקסיקני 50גר,Unknown,0.00,Unknown,false,15,9.90,0.0000,true,1,42246
7290012245183,false,ציפס קריספי קלאסי קפ,,,ציפס קריספי קלאסי קפוא 700גר קפוא זן,גרמים,700.00,100 גרם,false,14,11.90,1.7000,true,1,44716
7290012245244,false,ציפס קלאסי 2.5 קג מש,,,ציפס קלאסי 2.5 קג משפחתי גולד קפוא זן,גרמים,2500.00,100 גרם,false,4,29.90,1.1960,true,1,44717
7290012245275,false,ציפס בטטה קריספי 1קג,,,ציפס בטטה קריספי 1קג גולד קפוא זן,גרמים,1000.00,100 גרם,false,10,26.90,2.6900,true,1,44718
7290012245312,false,ציפס אמריקאי 1.5קג ג,,,ציפס אמריקאי 1.5קג גולד קפוא זן,גרמים,1500.00,100 גרם,false,8,19.90,1.3267,true,1,44712
7290012245336,false,סטייק ציפס  1.5 קג ג,,,סטייק ציפס  1.5 קג גולד קפוא זן,גרמים,1500.00,100 גרם,false,8,19.90,1.3267,true,1,44714
7290012247712,false,כרעיים עוף ארוז קפוא,,,כרעיים עוף ארוז קפוא,קילוגרמים,1.00,"ק""ג",true,,28.90,28.9000,true,1,19375
7290012247736,false,שוקיים עוף קפוא ארוז,,,שוקיים עוף קפוא ארוז,קילוגרמים,1.00,"ק""ג",true,,27.90,27.9000,true,1,31437
7290012247774,false,לבבות עוף קפוא,,,לבבות עוף קפוא,קילוגרמים,1.00,"ק""ג",true,,29.90,29.9000,true,1,41063
7290012247804,false,סטייק פרגית קפוא,,,סטייק פרגית קפוא,קילוגרמים,1.00,"ק""ג",true,,59.90,59.9000,true,1,30946
7290012247859,false,כבד עוף קפוא,,,כבד עוף קפוא,קילוגרמים,1.00,"ק""ג",true,,19.90,19.9000,true,1,38137
7290012309311,false,ערמונים מוכנים שקדיה,,CN,ערמונים קלופים מוכנים 100 גר בשקית,גרמים,100.00,100 גרם,false,50,5.90,5.9000,true,1,28186
7290012309878,false,חלבה עם פיסטוקים 500,ח. עקר,,חלבה עם פיסטוקים 500 גר,גרמים,500.00,100 גרם,false,1,12.90,2.5800,true,1,5736
7290012309939,false,חלבה מסולסלת 500 גר,ח. עקר,,חלבה מסולסלת 500 גר,גרמים,500.00,100 גרם,false,1,14.90,2.9800,true,1,5739
7290012313073,false,מיקס זיתים ללא גלעין,,,מיקס זיתים ללא גלעין יבנה 560 גרם,גרמים,560.00,100 גרם,false,12,11.90,2.1250,true,1,40295
7290012313141,false,פרוסות מלפפון במלח 5,,,פרוסות מלפפון במלח 540 גר,גרמים,540.00,100 גרם,false,1,5.90,1.0926,true,1,7924
7290012313240,false,מיקס זית ירוק וקלמטה,,,מיקס זית ירוק וקלמטה יבנה 560 גרם,גרמים,560.00,100 גרם,false,12,11.90,2.1250,true,1,26830
7290012313264,false,כרוב כבוש א/2 יבנה 5,,,כרוב כבוש א/2 יבנה 540 גר,גרמים,540.00,100 גרם,false,1,8.50,1.5741,true,1,9065
7290012313394,false,מלפפון קוביות במלח י,,,מלפפון קוביות במלח יבנה 560 גרם,גרמים,560.00,100 גרם,false,1,5.90,1.0536,true,1,40487
7290012313400,false,זית סורי מבוקע המסיק,,IL,זית סורי מבוקע המסיק 215 גרם בגביע,גרמים,215.00,100 גרם,false,12,12.90,6.0000,true,1,41731
7290012313417,false,מיקס זיתים המסיק 215,,IL,מיקס זיתים המסיק 215 גרם בגביע,גרמים,215.00,100 גרם,false,12,12.90,6.0000,true,1,41733
7290012313424,false,זית קלמטה שלם המסיק,,IL,זית קלמטה שלם המסיק 215 גרם בגביע,גרמים,215.00,100 גרם,false,12,12.90,6.0000,true,1,41729
7290012313431,false,זית מרוקאי יבש המסיק,,IL,זית מרוקאי יבש המסיק 215 גרם בגביע,גרמים,215.00,100 גרם,false,12,12.90,6.0000,true,1,41730
7290012313448,false,זית מעדניה מתובל המס,,IL,זית מעדניה מתובל המסיק 215 גרם בגביע,גרמים,215.00,100 גרם,false,12,12.90,6.0000,true,1,41732
7290012313547,false,זית קלמטה חומץ יין י,,,זית קלמטה ביין 560גר א/2 יבנה,גרמים,560.00,100 גרם,false,1,10.90,1.9464,true,1,11888
7290012313554,false,עלי גפן ממולאים באור,אסמה קונסרבסיליק גיד,TR,עלי גפן ממולאים באורז 400 גרם,גרמים,400.00,100 גרם,false,24,8.90,2.2250,true,1,43947
7290012322501,false,שלישיית מגבוני אוונט,פיליפס אוונט,,שלישיית מגבוני אוונט מילוי 72 יח,יחידה,1.00,יחידה,false,1,21.90,21.9000,true,1,7000
7290012367700,false,קרם גוף שיבולת שועל,פישר תעשיות,,קרם גוף שיבולת שועל אפקטיב קר 700 מל,מיליליטרים,750.00,"100 מ""ל",false,1,31.90,4.2533,true,1,6931
7290012367717,false,קרם ידיים אפקטיב קר,פישר תעשיות,,קרם ידיים אפקטיב קר 150 מל שיבולת שועל,מיליליטרים,150.00,"100 מ""ל",false,1,11.90,7.9333,true,1,6093
7290012384059,false,לחם אגוזים וצימוקים,פילסברי,,לחם אגוזים וצימוקים,Unknown,0.00,Unknown,false,,20.20,0.0000,true,1,28168
7290012384066,false,לחם איטלקי,פילסברי,,לחם איטלקי,Unknown,0.00,Unknown,false,,20.20,0.0000,true,1,28170
7290012384073,false,לחם בצל,פילסברי,,לחם בצל,Unknown,0.00,Unknown,false,,20.20,0.0000,true,1,28171
7290012384080,false,לחם חמישה דגנים,פילסברי,,לחם חמישה דגנים,Unknown,0.00,Unknown,false,,20.20,0.0000,true,1,28176
7290012384097,false,לחם צרפתי לבן,פילסברי,,לחם צרפתי לבן,Unknown,0.00,Unknown,false,,20.20,0.0000,true,1,28174
7290012384103,false,לחם דגנים,פילסברי,,לחם דגנים,Unknown,0.00,Unknown,false,,20.20,0.0000,true,1,28175
7290012384110,false,לחם זיתים,פילסברי,,לחם זיתים,Unknown,0.00,Unknown,false,,20.20,0.0000,true,1,28166
7290012384127,false,לחם כפרי,פילסברי,,לחם כפרי,Unknown,0.00,Unknown,false,,20.20,0.0000,true,1,28167
7290012384134,false,לחם כוסמין,פילסברי,,לחם כוסמין,Unknown,0.00,Unknown,false,,20.20,0.0000,true,1,28169
7290012384172,false,לחם שיפון אגוזים,פילסברי,,לחם שיפון אגוזים,Unknown,0.00,Unknown,false,,23.50,0.0000,true,1,28177
7290012384523,false,עוגת גזר,פילסברי,,עוגת גזר,Unknown,0.00,Unknown,false,,34.90,0.0000,true,1,28157
7290012384547,false,עוגת שוקולד,פילסברי,,עוגת שוקולד,Unknown,0.00,Unknown,false,,34.90,0.0000,true,1,28158
7290012384561,false,עוגת שמרים גבינה,פילסברי,,עוגת שמרים גבינה,Unknown,0.00,Unknown,false,,38.00,0.0000,true,1,28154
7290012384592,false,עוגת שמרים שוקולד,פילסברי,,עוגת שמרים שוקולד,Unknown,0.00,Unknown,false,,38.00,0.0000,true,1,28149
7290012384646,false,עוגיות בראוניז,פילסברי,,עוגיות בראוניז,Unknown,0.00,Unknown,false,,34.90,0.0000,true,1,31609
7290012384813,false,עוגיות פנה פורטה,פילסברי,,עוגיות פנה פורטה,Unknown,0.00,Unknown,false,,34.90,0.0000,true,1,31877
7290012384929,false,עוגת לימון,פילסברי,,עוגת לימון,Unknown,0.00,Unknown,false,,34.90,0.0000,true,1,28159
7290012385001,false,עוגת שמרים קינמון אמ,פילסברי,,עוגת שמרים קינמון אמריקאי,Unknown,0.00,Unknown,false,,38.00,0.0000,true,1,28151
7290012385056,false,עוגת שטרוזיל תפוח,פילסברי,,עוגת שטרוזיל תפוח,Unknown,0.00,Unknown,false,,39.00,0.0000,true,1,29171
7290012385063,false,עוגת שמרים נוגט שוקו,פילסברי,,עוגת שמרים נוגט שוקולד ובוטנים,Unknown,0.00,Unknown,false,,38.00,0.0000,true,1,28150
7290012385339,false,עוגת גבינה פירורים,פילסברי,,עוגת גבינה פירורים,Unknown,0.00,Unknown,false,,65.00,0.0000,true,1,28144
7290012385346,false,עוגת גבינה פירורים ל,פילסברי,,עוגת גבינה פירורים ללא סוכר,Unknown,0.00,Unknown,false,,65.00,0.0000,true,1,28145
7290012385353,false,עוגת גבינה פירות יער,פילסברי,,עוגת גבינה פירות יער,Unknown,0.00,Unknown,false,,75.00,0.0000,true,1,28146
7290012385377,false,עוגת טריקולד,פילסברי,,עוגת טריקולד,Unknown,0.00,Unknown,false,,65.00,0.0000,true,1,28143
7290012385483,false,לחם סלק,פילסברי,,לחם סלק,Unknown,0.00,Unknown,false,,20.20,0.0000,true,1,28172
7290012385612,false,עוגת טירמסו,פילסברי,,עוגת טירמסו,Unknown,0.00,Unknown,false,,75.00,0.0000,true,1,28139
7290012385728,false,עוגת ביסקוויטים,פילסברי,,עוגת ביסקוויטים,Unknown,0.00,Unknown,false,,55.00,0.0000,true,1,28142
7290012385742,false,עוגת בלאק פורסט,פילסברי,,עוגת בלאק פורסט,Unknown,0.00,Unknown,false,,65.00,0.0000,true,1,28141
7290012385827,false,עוגת איסטנבול/מלבי,פילסברי,,עוגת איסטנבול/מלבי,Unknown,0.00,Unknown,false,,55.00,0.0000,true,1,28140
7290012385834,false,עוגיות טוויל שומשום,פילסברי,,עוגיות טוויל שומשום ללא סוכר,Unknown,0.00,Unknown,false,,34.90,0.0000,true,1,31618
7290012404177,false,משקה שוופס מוגז תפוח,יפאורה,,משקה שוופס מוגז תפוחים 330 מל,מיליליטרים,330.00,"100 מ""ל",false,1,5.00,1.5152,true,1,13979
7290012404184,false,משקה שוופס מוגז לימו,יפאורה,,משקה שוופס מוגז לימונים 330 מל,מיליליטרים,330.00,"100 מ""ל",false,1,5.00,1.5152,true,1,13980
7290012404238,false,משקה שוופס ראשן  1.5,יפאורה,,משקה שוופס ראשן  1.5 ל,ליטרים,1.50,ליטר,false,1,11.60,7.7333,true,1,6186
7290012404863,false,משקה ספרינג טי מנגו,יפאורה,,משקה ספרינג טי מנגו אפרסק 1.5 ל,ליטרים,1.50,ליטר,false,1,7.60,5.0667,true,1,12180
7290012404955,false,משקה ספרינג קולקטשיי,יפאורה,,משקה ספרינג קולקטשיין נקטר חמוציות 1.25ל,ליטרים,1.25,ליטר,false,1,11.90,9.5200,true,1,12182
7290012404993,false,משקה ספרינג קולקטשיי,יפאורה,,משקה ספרינג קולקטשיין דיאט חמוציות 1.25ל,ליטרים,1.25,ליטר,false,1,11.50,9.2000,true,1,12184
7290012413636,false,תה ירוק צאי מסאלה  2,תה ויסוצקי,,תה ירוק צאי מסאלה  25 שק,יחידה,25.00,יחידה,false,1,22.90,0.9160,true,1,7514
7290012413643,false,תה ירוק קמוקיל 1.5 ג,תה ויסוצקי,,תה ירוק קמוקיל 1.5 ג 25 שק,יחידה,25.00,יחידה,false,1,22.90,0.9160,true,1,8364
7290012475092,false,משקה דגנים נמס אורגנ,,,משקה דגנים נמס אורגני 100גר דרין פילד,גרמים,100.00,100 גרם,false,12,15.90,15.9000,true,1,39800
7290012475108,false,משקה שעורה נמס אורגנ,,,משקה שעורה נמס אורגני 75 גר גרינפלד,Unknown,0.00,Unknown,false,1,15.90,0.0000,true,1,6415
7290012475306,false,מיץ תפוזים אורגני גר,,,מיץ תפוזים אורגני גרין פילד 1 לי,ליטרים,1.00,ליטר,false,12,16.90,16.9000,true,1,39798
7290012475382,false,מיץ רימונים אורגני 1,,,מיץ רימונים אורגני 1 ל גרינפילד,ליטרים,1.00,ליטר,false,12,17.90,17.9000,true,1,30716
7290012483011,false,פולי סויה קפוא 1 קג,זאיזאנג,,פולי סויה קפוא 1 קג,קילוגרמים,1.00,"ק""ג",false,1,18.20,18.2000,true,1,5732
7290012483608,false,אורז בסמטי מובחר 5 ק,lt foods,,אורז בסמטי מובחר 5 קג דאוואט,קילוגרמים,5.00,"ק""ג",false,1,52.90,10.5800,true,1,9656
7290012522581,false,שניצל תירס ללא גלוטן,טבעול ישראל,,שניצל תירס ללא גלוטן 664 גר,גרמים,664.00,100 גרם,false,1,32.90,4.9548,true,1,7776
7290012561313,false,בצל מטוגן 400גר דורו,דורות,IL,בצל מטוגן 400גר דורות,גרמים,400.00,100 גרם,false,1,18.90,4.7250,true,1,22367
7290012561337,false,כורכום טרי כתוש 70גר,דורות,,כורכום טרי כתוש 70גר דורות,גרמים,70.00,100 גרם,false,32,9.90,14.1429,true,1,20722
7290012561405,false,בצל חצי מטוגן דורות,דורות,,בצל חצי מטוגן דורות 180 גר,גרמים,180.00,100 גרם,false,1,9.90,5.5000,true,1,6097
7290012576348,false,יין ספיישל רזרב שרדו,,,יין ספיישל רזרב שרדונה 750 מל פקדון,מיליליטרים,750.00,"100 מ""ל",false,1,70.00,9.3333,true,1,37447
7290012576362,false,יין ספיישל רזרב קברנ,,,יין ספיישל רזרב קברנה סוביניון 750 פקדון,מיליליטרים,750.00,"100 מ""ל",false,1,70.00,9.3333,true,1,9108
7290012576423,false,יין ספיישל רזרב גוור,,,יין ספיישל רזרב גוורצטרמינר 750 מל,מיליליטרים,750.00,"100 מ""ל",false,1,70.00,9.3333,true,1,12480
7290012576591,false,יין רזרב גוורטצטרמינ,,,יין רזרב גוורטצטרמינר 750 מל,מיליליטרים,750.00,"100 מ""ל",false,1,45.00,6.0000,true,1,10396
7290012576607,false,יין ק.סוביניון/מלבק,,,יין ק.סוביניון/מלבק פרימייר 750מל פקדון,מיליליטרים,750.00,"100 מ""ל",false,1,35.00,4.6667,true,1,9809
7290012588242,false,מארז 6יח מים מינרלים,,,מארז 6יח מים מינרלים 500מל כדורגל,מיליליטרים,1800.00,"100 מ""ל",false,4,11.90,0.6611,true,1,21354
7290012637032,false,זעתר האזוב המקראי 10,,,זעתר האזוב המקראי 100 גר,גרמים,100.00,100 גרם,false,1,15.90,15.9000,true,1,6586
7290012642678,false,מארז 4 יח לפתן אננס,,,מארז 4 יח לפתן אננס בכוס פלסטי 113 גר,גרמים,452.00,100 גרם,false,1,10.90,2.4115,true,1,6573
7290012642685,false,מארז 4 יח לפתן אפרסק,,,מארז 4 יח לפתן אפרסק בכוס פלסטי 113 גר,גרמים,452.00,100 גרם,false,1,10.90,2.4115,true,1,6575
7290012642692,false,מארז 4 יח לפתן פירות,,,מארז 4 יח לפתן פירות בכוס פלסטי 113 גר,גרמים,452.00,100 גרם,false,1,10.90,2.4115,true,1,6574
7290012642807,false,פלפלים  ירוק בחומץ ב,,,פלפלים  ירוק בחומץ בצנצנת 520 גר,גרמים,520.00,100 גרם,false,1,9.90,1.9038,true,1,6895
7290012642814,false,פלפל מעורב בחומץ חרי,,,פלפל מעורב בחומץ חריף 520 גר בצנצנת,גרמים,520.00,100 גרם,false,1,9.90,1.9038,true,1,6896
7290012642838,false,פלפל רצועות אדום בחו,,,פלפל רצועות אדום בחומץ 520 גר בצנצנת,גרמים,520.00,100 גרם,false,1,9.90,1.9038,true,1,6897
7290012642845,false,פלפל אדום בחומץ 520,,,פלפל אדום בחומץ 520 גר בצנצנת,גרמים,520.00,100 גרם,false,1,9.90,1.9038,true,1,6898
7290012642852,false,פלפל אדום על האש 520,,,פלפל אדום על האש 520 גרבצנצנת,גרמים,520.00,100 גרם,false,1,9.90,1.9038,true,1,6899
7290012642869,false,פלפל אדום בחומץ חריף,,,פלפל אדום בחומץ חריף 520 גר צנצנת,גרמים,520.00,100 גרם,false,1,9.90,1.9038,true,1,6900
7290012642876,false,פלפלונים מעורב בחומץ,,,פלפלונים מעורב בחומץ חריף 520 גר צנצנת,גרמים,520.00,100 גרם,false,1,9.90,1.9038,true,1,6901
7290012642883,false,פלפלונים צהוב בחומץ,,,פלפלונים צהוב בחומץ חריף 520 גר צנצנת,גרמים,520.00,100 גרם,false,1,9.90,1.9038,true,1,6902
7290012642906,false,פלפלונים ירוק בחומץ,,,פלפלונים ירוק בחומץ 520 גר בצנצנת,גרמים,520.00,100 גרם,false,1,9.90,1.9038,true,1,6903
7290012645051,false,יוגורט עיזים 350גרם,שטראוס,IL,יוגורט עיזים 350גרם גביע,גרמים,350.00,100 גרם,false,8,11.90,3.4000,true,1,24426
7290012645075,false,יוגורט כבשים יווני 3,שטראוס,IL,יוגורט כבשים יווני 350גרם גביע,גרמים,350.00,100 גרם,false,8,11.90,3.4000,true,1,31194
7290012645112,false,יוגורט עיזים 750 גרם,שטראוס,,יוגורט עיזים 750 גרם דלי,מיליליטרים,750.00,"100 מ""ל",false,1,17.90,2.3867,true,1,13730
7290012645181,false,לאבנה עיזים 200גר 5%,שטראוס,IL,לאבנה עיזים 200גר 5% שומן חלב הארץ,גרמים,200.00,100 גרם,false,6,11.90,5.9500,true,1,42166
7290012645297,false,יוגורט  עיזים  טבעי,שטראוס,,יוגורט  עיזים  טבעי 150מל חלב הארץ,מיליליטרים,150.00,"100 מ""ל",false,1,5.80,3.8667,true,1,11425
7290012668296,false,מעדן תות שדה דודה בר,,IL,מעדן תות שדה דודה ברטה 284 גרם,גרמים,284.00,100 גרם,false,6,15.90,5.5986,true,1,42270
7290012668302,false,מעדן מנדרינה תפוז דו,,IL,מעדן מנדרינה תפוז דודה ברטה 284 גרם,גרמים,284.00,100 גרם,false,6,15.90,5.5986,true,1,42274
7290012668319,false,מעדן דומדומניות שחור,,IL,מעדן דומדומניות שחורות דודה ברטה 284 גרם,גרמים,284.00,100 גרם,false,6,15.90,5.5986,true,1,42273
7290012668456,false,מעדן דובדבן דודה ברט,,IL,מעדן דובדבן דודה ברטה 284 גרם,גרמים,284.00,100 גרם,false,6,15.90,5.5986,true,1,42272
7290012668616,false,מעדן פירות יער דודה,,IL,מעדן פירות יער דודה ברטה 284 גרם,גרמים,284.00,100 גרם,false,6,15.90,5.5986,true,1,42271
7290012668630,false,מעדן משמש דודה ברטה,,IL,מעדן משמש דודה ברטה 284 גרם,גרמים,284.00,100 גרם,false,6,15.90,5.5986,true,1,42275
7290012668746,false,רוטב צילי שום דודה ב,,IL,רוטב צילי שום דודה ברטה 350 גר,גרמים,350.00,100 גרם,false,9,16.90,4.8286,true,1,42280
7290012668784,false,רוטב דבש ושום דודה ב,,IL,רוטב דבש ושום דודה ברטה 320 גרם,גרמים,320.00,100 גרם,false,9,16.90,5.2812,true,1,42281
7290012668791,false,רוטב בצל יין אדום וס,,IL,רוטב בצל יין אדום וסויה דודה ברטה 350 גר,גרמים,350.00,100 גרם,false,9,16.90,4.8286,true,1,42278
7290012668968,false,רוטב טריאקי רימון דו,,IL,רוטב טריאקי רימון דודה ברטה 350 גר,גרמים,350.00,100 גרם,false,9,16.90,4.8286,true,1,42279
7290012697081,false,סוכרזית מהטבע סטיווי,,,סוכרזית מהטבע סטיוויה100שקיות 100ג,גרמים,100.00,100 גרם,false,1,30.00,30.0000,true,1,7789
7290012697241,false,סוכרזית מהטבע סטיווי,,,סוכרזית מהטבע סטיוויה נוזל 220 מל,מיליליטרים,220.00,"100 מ""ל",false,1,26.90,12.2273,true,1,7791
7290012697388,false,סוכרזית מהטבע סטיווי,,,סוכרזית מהטבע סטיוויה כפית 100גר,גרמים,100.00,100 גרם,false,1,29.90,29.9000,true,1,7790
7290012718540,false,יין קברנה סוביניון,,,יין קברנה סוביניון  2017 750 מל,מיליליטרים,75000.00,"100 מ""ל",false,1,175.00,0.2333,true,1,25589
7290012718557,false,יין קברנה פרנק מרגלי,,,יין קברנה פרנק מרגלית 2017 750 מל,מיליליטרים,750.00,"100 מ""ל",false,1,190.00,25.3333,true,1,22718
7290012718588,false,יין גראנש/מורבדר/סיר,,,יין גראנש/מורבדר/סירה 2017  750 מל,מיליליטרים,750.00,"100 מ""ל",false,1,149.00,19.8667,true,1,22717
7290012718632,false,יין קברנה מרגלית  20,,,יין קברנה מרגלית  2018 750 מל,מיליליטרים,750.00,"100 מ""ל",false,1,175.00,23.3333,true,1,38166
7290012718694,false,יין קברנה מרגלית  75,,,יין קברנה מרגלית  750 מל,מיליליטרים,750.00,"100 מ""ל",false,1,175.00,23.3333,true,1,42802
7290012718717,false,יין אניגמה מרגלית 75,,,יין אניגמה מרגלית 750מל,מיליליטרים,750.00,"100 מ""ל",false,1,219.00,29.2000,true,1,42803
7290012726972,false,ממרח פליאו חרדל קשיו,הבאר מעדנים,IL,ממרח פליאו חרדל קשיו 150 גרם,גרמים,150.00,100 גרם,false,15,23.90,15.9333,true,1,23837
7290012759253,false,טראפל ממה תמרים וקקא,ממה חטיפי אנרגיה,IL,טראפל תמרים ממה 280 גרם,גרמים,280.00,100 גרם,false,6,31.90,11.3929,true,1,12050
7290012759529,false,טראפל ממה שקדים וטחי,ממה חטיפי אנרגיה,IL,טראפל ממה שקדים וטחינה 280 גרם,גרמים,280.00,100 גרם,false,6,31.90,11.3929,true,1,23842
7290012759659,false,חטיפי בראוניז תמר קו,ממה חטיפי אנרגיה,IL,חטיפי בראוניז תמר קוקוס אגוזי מלך240גר,גרמים,240.00,100 גרם,false,6,26.90,11.2083,true,1,23840
7290012759666,false,חטיפי בראוניז תמר פק,ממה חטיפי אנרגיה,IL,חטיפי בראוניז תמר פקאן ופולי קקאו240גר,גרמים,240.00,100 גרם,false,6,26.90,11.2083,true,1,23839
7290012759673,false,חטיפי בראוניז חמאת ב,ממה חטיפי אנרגיה,IL,חטיפי בראוניז חמאת בוטנים קשיו גוגי ברי,גרמים,240.00,100 גרם,false,6,26.90,11.2083,true,1,23838
7290012795169,false,קרקר חומוס 140 גר לב,,,קרקר חומוס 140 גר לב הטבע,גרמים,140.00,100 גרם,false,1,16.90,12.0714,true,1,14295
7290012795183,false,קרקר אורז 140 גר לב,,,קרקר אורז 140 גר לב הטבע,גרמים,140.00,100 גרם,false,1,16.90,12.0714,true,1,14297
7290012795206,false,קרקר עדשים אדומות 14,,,קרקר עדשים 140 גר לב הטבע,גרמים,140.00,100 גרם,false,1,16.90,12.0714,true,1,32849
7290012798214,false,יין רוסו אדום יבש 75,,,יין רוסו אדום יבש 750מל,מיליליטרים,750.00,"100 מ""ל",false,1,110.00,14.6667,true,1,19210
7290012798283,false,יין רוזה יבש 2014 75,,,יין רוזה יבש 2014 750מל פקדון,מיליליטרים,750.00,"100 מ""ל",false,1,100.00,13.3333,true,1,9667
7290012798467,false,יין גוורצטרמינר לבן,,,יין גוורצטרמינר לבן חצי יבש 750מל,מיליליטרים,750.00,"100 מ""ל",false,1,85.00,11.3333,true,1,18158
7290012798566,false,יין אדום שיראז יבש 7,,,יין tsuo שיראז יבש 750מל,מיליליטרים,750.00,"100 מ""ל",false,1,110.00,14.6667,true,1,19060
7290012798573,false,יין טרסה אדום יבש 20,,,יין טרסה אדום יבש 2014 750מל פקדון,מיליליטרים,750.00,"100 מ""ל",false,1,85.00,11.3333,true,1,18544
7290012798580,false,יין שרדונה 2017 לורי,,,יין שרדונה 2017 לוריא 750 מל,מיליליטרים,750.00,"100 מ""ל",false,1,120.00,16.0000,true,1,20244
7290012798689,false,יין פינו גריגיו לבן,יקב לוריא,,יין פינו גריגיו לבן יבש 2015 750 מל,מיליליטרים,750.00,"100 מ""ל",false,1,100.00,13.3333,true,1,18543
7290012798788,false,יין שרדונה ללא עץ 75,יקב לוריא,,יין שרדונה ללא עץ 750 מל,מיליליטרים,750.00,"100 מ""ל",false,1,100.00,13.3333,true,1,14287
7290012803055,false,סוכרלוז מרמולייט בשק,קיפל,,סוכרלוז מרמולייט בשקית 100 יח,יחידה,100.00,יחידה,false,1,22.90,0.2290,true,1,5929
7290012803215,false,וופל שוקולד ללא סוכר,גילרו,,וופל שוקולד ללא סוכר טוסו200גר,גרמים,200.00,100 גרם,false,1,9.90,4.9500,true,1,7971
7290012803222,false,וופל לימון ללא סוכר,גילרו,,וופל לימון ללא סוכר טוסו200גר,גרמים,200.00,100 גרם,false,1,9.90,4.9500,true,1,7972
7290012803314,false,סוכרלוז מרמולייט טבל,קיפל,,סוכרלוז מרמולייט טבליות 300 יח,יחידה,300.00,יחידה,false,1,37.90,0.1263,true,1,6272
7290012803451,false,שוקולד מריר 60% טוסו,ALTINMARKA,,שוקולד מריר 60% טוסו 100 גר,גרמים,100.00,100 גרם,false,1,8.90,8.9000,true,1,9818
7290012803543,false,מכשיר רייד +מילוי נו,SC Jonson,,מכשיר רייד +מילוי נוזל 45 לילות,יחידה,1.00,יחידה,false,1,34.90,34.9000,true,1,6556
7290012803765,false,שוקולד מריר טוסו ללא,ALTINMARKA,,שוקולד מריר טוסו ללא סוכר 100 גר,גרמים,100.00,100 גרם,false,1,8.90,8.9000,true,1,7969
7290012803772,false,שוקולד חלב טוסו ללא,ALTINMARKA,,שוקולד חלב טוסו ללא סוכר 100 גר,גרמים,100.00,100 גרם,false,1,8.90,8.9000,true,1,7968
7290012803789,false,שוקולד מריר אגוז טוס,ALTINMARKA,,שוקולד מריר אגוז טוסו ללא סוכר100 גר,גרמים,100.00,100 גרם,false,1,8.90,8.9000,true,1,7970
7290012823237,false,תחליב רחצה קרמה מועש,סנו,IL,תחליב רחצה קרמה מועשר 700מל בריזת ים,מיליליטרים,700.00,"100 מ""ל",false,12,17.90,2.5571,true,1,26206
7290012823374,false,מטליות סושי אנטי קלא,,,מטליות סושי אנטי קלאק לחות 4ב1,Unknown,0.00,Unknown,false,1,9.90,0.0000,true,1,6872
7290012823381,false,מרכך כביסה מקסימה מר,,,מרכך כביסה מקסימה מרוכז סנסטיב 1 ל,ליטרים,1.00,ליטר,false,1,17.90,17.9000,true,1,6561
7290012823398,false,מטלית ריצפז פרש בניח,,,מטלית ריצפז פרש בניחוח מרכך 10יח 40*70סמ,יחידה,10.00,יחידה,false,1,12.90,1.2900,true,1,15891
7290012823541,false,מטליות סנו ריצפז פרש,,,מטליות סנו ריצפז פרש ענק לרצפה 40*70 סמ,יחידה,10.00,יחידה,false,1,12.90,1.2900,true,1,6908
7290012823558,false,מטליות לחות לרצפה סנ,,,מטליות לחות לרצפה סנו סושי10 יח 40/70,יחידה,10.00,יחידה,false,1,10.90,1.0900,true,1,6562
7290012823565,false,מטליות לחות לרצפה פו,,,מטליות לחות לרצפה פוליווקס פרקט 70/40,יחידה,10.00,יחידה,false,1,13.90,1.3900,true,1,6871
7290012823589,false,נוזל רצפה ריצפז פרש,,,נוזל רצפה ריצפז פרש לימון 2 לי,ליטרים,2.00,ליטר,false,1,16.90,8.4500,true,1,7073
7290012823602,false,נ.טואלט סופט סילק לב,,,נ.טואלט סופט סילק לבן 32 יח,יחידה,32.00,יחידה,false,1,34.90,1.0906,true,1,7065
7290012823923,false,מרכך כביסה מקסימה פר,,,מרכך כביסה מקסימה פרפיום גולדן סנרייז750,מיליליטרים,750.00,"100 מ""ל",false,1,17.90,2.3867,true,1,6973
7290012823947,false,מרכך כביסה מקסימה פר,,,מרכך כביסה מקסימה פרפיום קריסטל נואר750,מיליליטרים,750.00,"100 מ""ל",false,1,17.90,2.3867,true,1,6974
7290012871061,false,חטיף תירס פופ מתוק ד,מפעלי דגן,,חטיף תירס פופ מתוק דגן 150 גר,גרמים,150.00,100 גרם,false,1,6.50,4.3333,true,1,12545
7290012871375,false,פצפוצי כוסמין ציפוי,מפעלי דגן,,פצפוצי כוסמין ציפוי דבש 200 גר,גרמים,200.00,100 גרם,false,1,12.50,6.2500,true,1,13632
7290012871382,false,חיטה מלאה תפוחה ל.סו,מפעלי דגן,,חיטה מלאה תפוחה ל.סוכר 150 גרם,גרמים,150.00,100 גרם,false,1,7.50,5.0000,true,1,21047
7290012871412,false,חיטה תפוחה בציפוי קק,מפעלי דגן,,חיטה תפוחה בציפוי קקאו 200 גרם,גרמים,150.00,100 גרם,false,1,7.50,5.0000,true,1,38642
7290012871429,false,חטיף דגן פצפוצי כוסמ,מפעלי דגן,,חטיף דגן פצפוצי כוסמת סילאן וקינמוןן 200,גרמים,200.00,100 גרם,false,1,10.90,5.4500,true,1,18802
7290012871436,false,דגנים מלאים 5 תפוחים,מפעלי דגן,,דגנים מלאים 5 תפוחים דבש סוכר חום 220 גר,גרמים,220.00,100 גרם,false,1,9.50,4.3182,true,1,13634
7290012884986,false,ציפס לתנור עד 4% שומ,תפוגן,,ציפס לתנור עד 4% שומן תפוגן 1.5 קג,גרמים,1500.00,100 גרם,false,1,19.90,1.3267,true,1,9256
7290012894169,false,דורות בייקאיט ט.וניל,דורות,,דורות בייקאיט ט.וניל 260גר,גרמים,280.00,100 גרם,false,12,29.90,10.6786,true,1,38023
7290012901355,false,פסטה גבינה לבן דודלס,הנדריקס פודס,,פסטה גבינה לבן דודלס 206 גר,גרמים,206.00,100 גרם,false,1,11.90,5.7767,true,1,10883
7290012911170,false,מחית מיסו כהה 500 גר,דליאן מטסוי,,מחית מיסו כהה 500 גרם אסיה,גרמים,500.00,100 גרם,false,1,12.90,2.5800,true,1,12634
7290012911187,false,מחית מיסו בהירה 500,דליאן מטסוי,,מחית מיסו בהירה 500 גרם אסיה,גרמים,500.00,100 גרם,false,1,12.90,2.5800,true,1,12633
7290012911941,false,רוטב צילי דיאט ללא ס,קיי.אר.אס,,רוטב צילי דיאט ללא סוכר 700מל אסיה,מיליליטרים,700.00,"100 מ""ל",false,1,17.90,2.5571,true,1,8437
7290012921025,false,בירה מלכה בהירה בסגנ,"בירה מלכה בע""מ",,בירה מלכה בהירה בסגנון בלגי 330מל פקדון,מיליליטרים,330.00,"100 מ""ל",false,1,14.90,4.5152,true,1,7759
7290012921032,false,בירה מלכה אדמונית אנ,"בירה מלכה בע""מ",,בירה מלכה אדמונית אנגלי 330מל פקדון,מיליליטרים,330.00,"100 מ""ל",false,1,14.90,4.5152,true,1,7760
7290012921049,false,בירה מלכה כהה בסגנון,"בירה מלכה בע""מ",,בירה מלכה כהה בסגנון אירי 330מל פקדון,מיליליטרים,330.00,"100 מ""ל",false,1,14.90,4.5152,true,1,7761
7290012921056,false,בירה מלכה חיטה 330מל,"בירה מלכה בע""מ",,בירה מלכה חיטה 330מל פקדון,מיליליטרים,330.00,"100 מ""ל",false,1,14.90,4.5152,true,1,7762
7290012921063,false,בירה מלכה הינדי 330,"בירה מלכה בע""מ",,בירה מלכה הינדי 330 מל פקדון,מיליליטרים,330.00,"100 מ""ל",false,1,14.90,4.5152,true,1,8914
7290012921070,false,בירה מלכה אדמונית 75,"בירה מלכה בע""מ",,בירה מלכה אדמונית 750 מל פקדון ס.חוזרת,מיליליטרים,750.00,"100 מ""ל",false,1,29.90,3.9867,true,1,27102
7290012921087,false,בירה מלכה כהה 750 מל,"בירה מלכה בע""מ",,בירה מלכה כהה 750 מל פקדון ס.חוזרת,מיליליטרים,750.00,"100 מ""ל",false,1,29.90,3.9867,true,1,27103
7290012931062,false,אטבי כביסה הדור החדש,,IL,אטבי כביסה הדור החדש 10יח,יחידה,10.00,יחידה,false,1,5.90,0.5900,true,1,27699
7290012931086,false,מטאטא מליציה,,IT,מטאטא מליציה,יחידה,1.00,יחידה,false,12,13.90,13.9000,true,1,23596
7290012931611,false,כריות ברזל לקרצוף חז,,CN,כריות ברזל לקרצוף חזק 3 יח שיין,יחידה,3.00,יחידה,false,24,6.90,2.3000,true,1,23530
7290012931673,false,מבשם למתקן מיקס וניל,OZTURK,TR,מבשם למתקן מיקס ונילה,יחידה,1.00,יחידה,false,12,9.90,9.9000,true,1,18134
7290012931697,false,כפפות לטקס מידה סמול,,,כפפות לטקס מידה סמול,יחידה,100.00,יחידה,false,1,21.90,0.2190,true,1,24190
7290012931703,false,כפפות לטקס מידה מדיו,,,כפפות לטקס מידה מדיום,יחידה,100.00,יחידה,false,1,21.90,0.2190,true,1,24191
7290012931710,false,כפפות לטקס מידה לארג,,,כפפות לטקס מידה לארג,יחידה,100.00,יחידה,false,1,21.90,0.2190,true,1,24192
7290012936838,false,תבלין הל טחון 35 גר,א.ל ייצור ושיווק תבל,,תבלין הל טחון 35 גר,Unknown,0.00,Unknown,false,1,17.90,0.0000,true,1,6867
7290012936852,false,קימל טחון מיכל קטן 4,א.ל ייצור ושיווק תבל,,תבלין קימל טחון מיכל 40 גר,Unknown,0.00,Unknown,false,1,8.90,0.0000,true,1,6865
7290012936890,false,תבלין קצח מיכל 50  ג,א.ל ייצור ושיווק תבל,,תבלין קצח מיכל 50  גר,Unknown,0.00,Unknown,false,1,11.90,0.0000,true,1,6861
7290012936906,false,תבלין ציפורן שלם מיכ,א.ל ייצור ושיווק תבל,,תבלין ציפורן שלם מיכל  25 גר,Unknown,0.00,Unknown,false,1,14.50,0.0000,true,1,6864
7290012936913,false,תבלין סומק  מיכל 40,א.ל ייצור ושיווק תבל,,תבלין סומק  מיכל 40 גר,Unknown,0.00,Unknown,false,1,11.90,0.0000,true,1,6863
7290012936937,false,תבלין בהרט מיכל 40 ג,א.ל ייצור ושיווק תבל,,תבלין בהרט מיכל 40 גר,Unknown,0.00,Unknown,false,1,11.90,0.0000,true,1,6862
7290012936944,false,תבלין אגוז מוסקט טחו,א.ל ייצור ושיווק תבל,,תבלין אגוז מוסקט טחון 40 גר,Unknown,0.00,Unknown,false,1,14.50,0.0000,true,1,28208
7290012938405,false,דיאמונד אלומיניום 87,,,דיאמונד אלומיניום 87 0.3*7.5,Unknown,0.00,Unknown,false,1,21.90,0.0000,true,1,7279
7290012938580,false,משחת שיניים סנסודיין,,,משחת שיניים סנסודיין הלבנה עדינה 75 מל,מיליליטרים,75.00,"100 מ""ל",false,1,21.90,29.2000,true,1,7282
7290012938597,false,מש.שיניים סנסודיין ר,,,מש.שיניים סנסודיין רפיד רליף 75 ג,גרמים,75.00,100 גרם,false,1,21.90,29.2000,true,1,8165
7290012938740,false,מש.שיניים סנסודיין מ,,,מש.שיניים סנסודיין מנטה 75 מל ירוק,גרמים,75.00,100 גרם,false,1,21.90,29.2000,true,1,8224
7290012938924,false,מי פה אקווה פרש מנטה,,,מי פה אקווה פרש מנטה 500 מל,מיליליטרים,500.00,"100 מ""ל",false,1,14.90,2.9800,true,1,8339
7290012958014,false,דגי אלתית בצנצנת 113,,,דגי אלתית בצנצנת 113 גרם,גרמים,113.00,100 גרם,false,1,59.00,52.2124,true,1,27037
7290012958045,false,דגי אלתית בפח 200 גר,,,דגי אלתית בפח 200 גרם,גרמים,200.00,100 גרם,false,1,99.00,49.5000,true,1,27038
7290012958052,false,דגי אלתית בצנצנת 250,,,דגי אלתית בצנצנת 250 גרם,גרמים,250.00,100 גרם,false,1,129.00,51.6000,true,1,27039
7290012962134,false,קיסמי שיניים פלסטיק,S.T.O CO.LTD,,קיסמי שיניים פלסטיק עם מברשת 100יח,יחידה,100.00,יחידה,false,1,8.90,0.0890,true,1,14668
7290012962165,false,כפפות משק בית איזי ט,,,כפפות משק בית איזי טאץ L/M/S/XL,Unknown,0.00,Unknown,false,1,3.90,0.0000,true,1,15383
7290012962448,false,מדליק פחם נוזלי 250,S.C.B.V,,מדליק פחם נוזלי 250 מל איזי לייט,מיליליטרים,250.00,"100 מ""ל",false,1,10.90,4.3600,true,1,14661
7290012962592,false,מדליק פחם מוצק אקולו,BX.P,,מדליק פחם מוצק אקולוגי 32 יח איזי לייט,יחידה,32.00,יחידה,false,1,6.90,0.2156,true,1,14659
7290012962684,false,שקיות צליה גמבו הוסט,הוסטס,,שקיות צליה גמבו הוסטס 50/35 סמ 5 יח,יחידה,5.00,יחידה,false,1,4.90,0.9800,true,1,14645
7290012983153,false,סילאן טבעי לחיץ 400,,,סילאן טבעי לחיץ 400 גר חצר כנרת,גרמים,400.00,100 גרם,false,1,15.90,3.9750,true,1,9556
7290012983160,false,סילאן לחיץ 400 גר חצ,,,סילאן לחיץ 400 גר חצר כנרת,גרמים,400.00,100 גרם,false,1,12.90,3.2250,true,1,9555
7290012983269,false,סילאן חצר כנרת 350 ג,,,סילאן חצר כנרת 350 גר בצנצנת,גרמים,350.00,100 גרם,false,1,10.90,3.1143,true,1,11517
7290012983610,false,תמרים כבושים ללא חרצ,,,תמרים כבושים ללא חרצנים 500 גרם,גרמים,500.00,100 גרם,false,1,13.90,2.7800,true,1,16473
7290012983696,false,רוטב סילאן לגריל לחי,חצר כנרת,,רוטב סילאן לגריל לחיץ 350 מל,מיליליטרים,350.00,"100 מ""ל",false,1,13.90,3.9714,true,1,12827
7290012983719,false,רוטב סילאן חמוץ מתוק,חצר כנרת,,רוטב סילאן חמוץ מתוק לחיץ 350 מל,מיליליטרים,350.00,"100 מ""ל",false,1,13.90,3.9714,true,1,12940
7290012996450,false,מרכך כביסה הפי מרוכז,וונדפוט,,מרכך כביסה הפי מרוכז 1 ליטר פרחי אביב,ליטרים,1.00,ליטר,false,1,9.90,9.9000,true,1,6702
7290012996610,false,הפי טבלית הפלא לניקו,בודיך,,הפי טבלית הפלא לניקוי אסלה 400 גר,גרמים,400.00,100 גרם,false,1,14.90,3.7250,true,1,7086
7290012996672,false,זוג סבון אסלה הפי מב,רלווי,,זוג סבון אסלה הפי מבושם 24 שעות,יחידה,2.00,יחידה,false,1,9.90,4.9500,true,1,7425
7290012996702,false,מגן עש לבגדים הפי,רלווי,,מגן עש לבגדים הפי,יחידה,2.00,יחידה,false,1,10.90,5.4500,true,1,16257
7290013083661,false,מטרנה אקסטרא קר שלב,מטרנה,,מטרנה אקסטרא קר שלב 1 700 גר,גרמים,700.00,100 גרם,false,1,59.90,8.5571,true,1,6734
7290013083678,false,מטרנה אקסטרא קר שלב,מטרנה,,מטרנה אקסטרא קר שלב 2 700 גר,גרמים,700.00,100 גרם,false,1,59.90,8.5571,true,1,6735
7290013083685,false,מטרנה אקסטרא קר שלב,מטרנה,,מטרנה אקסטרא קר שלב 3 700 גר,גרמים,700.00,100 גרם,false,1,59.90,8.5571,true,1,6736
7290013090171,false,חסה לבבות אורגנית,,IL,חסה לבבות אורגנית,יחידה,1.00,יחידה,false,1,11.90,11.9000,true,1,44880
7290013090409,false,קייל אורגני,,,קייל אורגני,Unknown,0.00,Unknown,false,1,11.90,0.0000,true,1,45070
7290013090454,false,פלפל חריף אורגני,,IL,פלפל חריף אורגני,יחידה,1.00,יחידה,false,1,10.90,10.9000,true,1,44879
7290013090577,false,מלפפון בייבי אורגני,,IL,מלפפון בייבי אורגני,יחידה,1.00,יחידה,false,1,12.90,12.9000,true,1,11943
7290013090683,false,פלפל סוויט בייט אורג,,IL,פלפל סוויט בייט אורגני,יחידה,1.00,יחידה,false,1,11.90,11.9000,true,1,44884
7290013090928,false,עגבניה אורגנית,,IL,עגבניה אורגנית,קילוגרמים,1.00,"ק""ג",true,,12.90,12.9000,true,1,28926
7290013090935,false,מלפפון אורגני,,IL,מלפפון אורגני,קילוגרמים,1.00,"ק""ג",true,,13.90,13.9000,true,1,28931
7290013090959,false,בצל יבש אורגני,,IL,בצל יבש אורגני,קילוגרמים,1.00,"ק""ג",true,,7.90,7.9000,true,1,28929
7290013090997,false,תפוח אדמה אורגני,,IL,תפוח אדמה אורגני,קילוגרמים,1.00,"ק""ג",true,,7.90,7.9000,true,1,28937
7290013117212,false,בורקס פילו מילוי גבי,,,בורקס פילו מילוי גבינה 600 גר,גרמים,600.00,100 גרם,false,1,19.90,3.3167,true,1,6616
7290013117229,false,בורקס פילו מילוי תפו,,,בורקס פילו מילוי תפוא 600 גר,גרמים,600.00,100 גרם,false,1,19.90,3.3167,true,1,6617
7290013117236,false,בורקס פילו פיצה 600,,,בורקס פילו פיצה 600 גר,גרמים,600.00,100 גרם,false,1,19.90,3.3167,true,1,6618
7290013117243,false,בורקס פילו מילוי גב.,,,בורקס פילו מילוי גב.בולגרית 600 גר,גרמים,600.00,100 גרם,false,1,19.90,3.3167,true,1,6619
7290013117410,false,בצק פריך מתוק 900 גר,,,בצק פריך מתוק 900 גר,גרמים,900.00,100 גרם,false,1,18.90,2.1000,true,1,7107
7290013117427,false,בצק פריך מלוח 900 גר,,,בצק פריך מלוח 900 גר,גרמים,900.00,100 גרם,false,1,18.90,2.1000,true,1,7106
7290013117526,false,בצק שמרים למאפים מתו,,,בצק שמרים למאפים מתוקים 900 גר,גרמים,900.00,100 גרם,false,1,18.90,2.1000,true,1,7211
7290013121011,false,חלת שבת 500 גר ללא ג,אביב קונדיטוריה מעול,,חלת שבת 500 גר ללא גלוטן,גרמים,500.00,100 גרם,false,1,23.90,4.7800,true,1,6341
7290013121028,false,לחם לבן 500 גר ללא ג,אביב קונדיטוריה מעול,,לחם לבן 500 גר ללא גלוטן,גרמים,500.00,100 גרם,false,1,17.90,3.5800,true,1,6336
7290013121035,false,לחם פשתן 500 גר ללא,אביב קונדיטוריה מעול,,לחם פשתן 500 גר ללא גלוטן,גרמים,500.00,100 גרם,false,1,20.90,4.1800,true,1,6337
7290013121103,false,מארז 4 יח שליש בגט 4,אביב קונדיטוריה מעול,,מארז 4 יח שליש בגט 400 גר ללא גלוטן,גרמים,400.00,100 גרם,false,1,17.90,4.4750,true,1,6338
7290013121110,false,מארז 4 יח לחמניות בו,אביב קונדיטוריה מעול,,מארז 4 יח לחמניות בורגר 350 גר ללא גלוטן,גרמים,350.00,100 גרם,false,1,17.90,5.1143,true,1,6339
7290013121127,false,לחמניות מיני420 גר ל,אביב קונדיטוריה מעול,,לחמניות מיני420 גר ללא גלוטן,גרמים,420.00,100 גרם,false,1,18.90,4.5000,true,1,6677
7290013121134,false,בייגל אמריקאי ללא גל,אביב קונדיטוריה מעול,,בייגל אמריקאי ללא גלוטן 430 גר,גרמים,430.00,100 גרם,false,1,20.90,4.8605,true,1,7758
7290013121158,false,רביעיית לחמניות סנדב,אביב קונדיטוריה מעול,,רביעיית לחמניות סנדביץ 460 גר,גרמים,460.00,100 גרם,false,1,19.90,4.3261,true,1,8449
7290013121165,false,שישיית לחמניות נקניק,אביב קונדיטוריה מעול,,שישיית לחמניות נקניקיה 460גר,גרמים,460.00,100 גרם,false,1,19.90,4.3261,true,1,8450
7290013121189,false,מארז 4יח לחמניה כפרי,,,מארז 4יח לחמניה כפרית 400 גר ללא גלוטן,גרמים,400.00,100 גרם,false,1,21.90,5.4750,true,1,42404
7290013121226,false,בסיס לפיצה ללא גלוטן,אביב קונדיטוריה מעול,,בסיס לפיצה ללא גלוטן 450גר גרין לייט,גרמים,450.00,100 גרם,false,1,17.90,3.9778,true,1,6678
7290013121301,false,בורקס תפוא 500 גר לל,אביב קונדיטוריה מעול,,בורקס תפוא 500 גר ללא גלוטן,גרמים,500.00,100 גרם,false,1,29.90,5.9800,true,1,6342
7290013121592,false,זוג בגט רוסטיק סופר,,IL,כדורי שוקולד 300 גר ללא גלוטן,גרמים,480.00,100 גרם,false,8,21.90,4.5625,true,1,26972
7290013121684,false,כדורי שוקולד ללא גלו,אביב קונדיטוריה מעול,,כדורי שוקולד ללא גלוטן 400 גר קפואה,גרמים,400.00,100 גרם,false,1,25.90,6.4750,true,1,6763
7290013121691,false,מארז 3יח לאפות ללא ג,,IL,מארז 3יח לאפות ללא גלוטן 240גר גרין לייט,גרמים,240.00,100 גרם,false,12,17.90,7.4583,true,1,6764
7290013121752,false,לחם לבן ביתי ללא גלו,אביב קונדיטוריה מעול,,לחם לבן ביתי ללא גלוטן 700 גר גרין לייט,גרמים,700.00,100 גרם,false,1,23.90,3.4143,true,1,8099
7290013121769,false,שליש באגט ללא סוכר 4,אביב קונדיטוריה מעול,,שליש באגט ללא סוכר 400 גר גרין לייט,גרמים,400.00,100 גרם,false,1,19.90,4.9750,true,1,8095
7290013121776,false,לחם כפרי ללא סוכר 70,אביב קונדיטוריה מעול,,לחם כפרי ללא סוכר 700 גר גרין לייט,גרמים,700.00,100 גרם,false,1,23.90,3.4143,true,1,8094
7290013121868,false,זוג בגט רוסטיק גרעינ,,IL,זוג בגט רוסטיק גרעינים ללג 480גר,גרמים,480.00,100 גרם,false,8,21.90,4.5625,true,1,26976
7290013144157,false,סחלב מימונס אינסטנט,,,תערובת להכנת סופגניות 600 גר,גרמים,130.00,100 גרם,false,1,10.90,8.3846,true,1,11919
7290013144171,false,תערובת עוגת שוקולד 5,,,תערובת עוגת שוקולד 560 גר,גרמים,560.00,100 גרם,false,1,13.90,2.4821,true,1,6814
7290013144188,false,תערובת בראוניס 600 ג,,,תערובת בראוניס 600 גר,גרמים,600.00,100 גרם,false,1,13.90,2.3167,true,1,6815
7290013144195,false,תערובת כדורי שוקולד,,,תערובת כדורי שוקולד 500 גר,גרמים,500.00,100 גרם,false,1,13.90,2.7800,true,1,6816
7290013144201,false,תערובת פנקייק 400 גר,,,תערובת פנקייק 400 גר,גרמים,400.00,100 גרם,false,1,13.90,3.4750,true,1,6819
7290013144218,false,תערובת עוגת וניל 560,,,תערובת עוגת וניל 560 גר,גרמים,560.00,100 גרם,false,1,13.90,2.4821,true,1,6817
7290013144232,false,פודינג וניל צרפתי 85,,,פודינג וניל צרפתי 85 גר,Unknown,0.00,Unknown,false,1,5.90,0.0000,true,1,7480
7290013144249,false,פודינג שוקולד 95 גר,,,פודינג שוקולד 95 גר,Unknown,0.00,Unknown,false,1,5.90,0.0000,true,1,7481
7290013144317,false,גליל וופל למילוי גונ,,,150 גלילית וופל למילוי גוני 18 יח,גרמים,150.00,100 גרם,false,1,21.90,14.6000,true,1,6821
7290013144393,false,תמצית  בטעם וניל 50,,,תמצית  בטעם וניל 50 גר,Unknown,0.00,Unknown,false,1,4.90,0.0000,true,1,6822
7290013144409,false,תמצית בטעם רום 50 גר,,,תמצית בטעם רום 50 גר,Unknown,0.00,Unknown,false,1,4.90,0.0000,true,1,6823
7290013144416,false,תמצית בטעם שקדים 50,,,תמצית בטעם שקדים 50 גר,Unknown,0.00,Unknown,false,1,4.90,0.0000,true,1,6824
7290013144447,false,תמצית טעם תפוז 50 גר,,,תמצית טעם תפוז 50 גר,Unknown,0.00,Unknown,false,1,9.90,0.0000,true,1,6825
7290013144508,false,תמצית בטעם ורדים 50,,,תמצית בטעם ורדים 50 גר,Unknown,0.00,Unknown,false,1,9.90,0.0000,true,1,6826
7290013144515,false,צבע מאכל צהוב 50 גר,,,צבע מאכל צהוב 50 גר,Unknown,0.00,Unknown,false,1,3.90,0.0000,true,1,6982
7290013144522,false,צבע מאכל ירוק 50 גר,,,צבע מאכל ירוק 50 גר מימונס,Unknown,0.00,Unknown,false,1,3.90,0.0000,true,1,6983
7290013144539,false,צבע מאכל אדום 50 גר,,,צבע מאכל אדום 50 גר מימונס,Unknown,0.00,Unknown,false,1,3.90,0.0000,true,1,6984
7290013144560,false,צבע מאכל כחול 50 גר,,,צבע מאכל כחול 50 גר מימונס,Unknown,0.00,Unknown,false,1,3.90,0.0000,true,1,6985
7290013144614,false,סירופ מייפל אמיתי 10,,,סירופ מייפל אמיתי 100% קנדה 236מל,מיליליטרים,23600.00,"100 מ""ל",false,1,29.90,0.1267,true,1,6830
7290013144805,false,תערובת אייס קפה דיאט,מימונס,IL,תערובת אייס קפה דיאט 245 גרם מימונס,גרמים,245.00,100 גרם,false,12,18.90,7.7143,true,1,43857
7290013144812,false,תערובת אייס וניל 320,מימונס,IL,תערובת אייס וניל 320 גרם מימונס,גרמים,350.00,100 גרם,false,12,15.90,4.5429,true,1,43856
7290013144911,false,מיקס שוקולד ציפס חלב,,,מיקס שוקולד ציפס חלב מריר 250 גרם,גרמים,250.00,100 גרם,false,1,12.90,5.1600,true,1,43854
7290013145031,false,בראס אגוז לוז מסוכר,,,בראס אגוז לוז מסוכר 100 גר,גרמים,100.00,100 גרם,false,1,13.90,13.9000,true,1,9397
7290013145055,false,פרג שלם מימונס 100 ג,,,פרג שלם מימונס 100 גר,גרמים,100.00,100 גרם,false,1,6.90,6.9000,true,1,6827
7290013145192,false,שומשום 100 גר,,,שומשום 100 גר,גרמים,100.00,100 גרם,false,1,4.90,4.9000,true,1,6829
7290013145277,false,עלים לקרמשניט מימונס,Maristella SRL,,עלים לקרמשניט מימונס 300 גרם,גרמים,300.00,100 גרם,false,1,16.90,5.6333,true,1,17268
7290013145390,false,שוקולד ציפס רגיל 250,,,שוקולד ציפס רגיל 250 גר,גרמים,250.00,100 גרם,false,1,8.90,3.5600,true,1,6811
7290013145406,false,שוקולד ציפס לבן 250,,,שוקולד ציפס לבן 250 גר,גרמים,250.00,100 גרם,false,1,8.90,3.5600,true,1,6812
7290013145437,false,שוקולד ציפס 48% בלגי,,,שוקולד ציפס 48% בלגי 250 גר,גרמים,250.00,100 גרם,false,1,13.90,5.5600,true,1,7197
7290013145444,false,שוקולד ציפס 66% מריר,,,שוקולד ציפס 66% מריר 250 גר,גרמים,250.00,100 גרם,false,1,15.90,6.3600,true,1,10204
7290013145451,false,קקאו מימונס10%-12% ב,,,קקאו מימונס10%-12% בשקית 150 גר,גרמים,150.00,100 גרם,false,16,8.90,5.9333,true,1,12229
7290013145529,false,סוכריות צבעוניות לקי,,,סוכריות צבעוניות לקישוט 90 גר,Unknown,0.00,Unknown,false,1,5.90,0.0000,true,1,6975
7290013145536,false,סוכריות טעם שוקולד ל,,,סוכריות טעם שוקולד לקישוט 85 גר,Unknown,0.00,Unknown,false,1,5.90,0.0000,true,1,6976
7290013145567,false,סוכריות מיני עדשים ל,,,סוכריות מיני עדשים לקישוט 90 גר,Unknown,0.00,Unknown,false,1,10.90,0.0000,true,1,6977
7290013145628,false,סוכריות צבעוניות לקי,,,סוכריות צבעוניות לקישוט 200גר,גרמים,200.00,100 גרם,false,12,8.90,4.4500,true,1,10221
7290013145710,false,דובדובנים מסוכרים 10,,,דובדובנים מסוכרים 100 גר,גרמים,100.00,100 גרם,false,1,9.90,9.9000,true,1,6978
7290013145796,false,מארז 4 יח גל צבעי מא,,,"מארז 4 יח גל צבעי מאכל 25 מ""ל",מיליליטרים,100.00,"100 מ""ל",false,1,49.90,49.9000,true,1,43855
7290013145826,false,פודינג טעם וניל לבן,,,פודינג טעם וניל לבן 80 גר,Unknown,0.00,Unknown,false,1,5.90,0.0000,true,1,11094
7290013145833,false,פודינג שוקולד בלגי 8,,,פודינג שוקולד בלגי 80 גר,Unknown,0.00,Unknown,false,1,5.90,0.0000,true,1,11095
7290013145840,false,סוכר וניל 10 יח בצלו,,,סוכר וניל 10 יח בצלופן 100 גר,גרמים,100.00,100 גרם,false,1,2.50,2.5000,true,1,9066
7290013145857,false,אבקת אפיה 10 יח בצלו,,,אבקת אפיה 10 יח בצלופן 100 גר,גרמים,100.00,100 גרם,false,1,2.50,2.5000,true,1,9067
7290013145864,false,גלטין טהור מימונס אב,,,גלטין טהור מימונס אבקה 28 גר,גרמים,28.00,100 גרם,false,1,11.90,42.5000,true,1,27257
7290013145901,false,סודה לשתיה מימונס 10,,,סודה לשתיה מימונס 100 גר,גרמים,100.00,100 גרם,false,1,2.00,2.0000,true,1,7483
7290013145918,false,אבקת סוכר מימונס 100,,,אבקת סוכר 100 גר,גרמים,100.00,100 גרם,false,24,2.00,2.0000,true,1,7484
7290013145956,false,שמרים יבשים בואקום 5,,,שמרים יבשים בואקום 500 גר,גרמים,500.00,100 גרם,false,1,13.90,2.7800,true,1,9068
7290013145963,false,שמרים יבשים בואקום 1,,,שמרים יבשים בואקום 125 גר,גרמים,125.00,100 גרם,false,1,5.90,4.7200,true,1,9069
7290013145970,false,קורנפלור מימונס 200,"י. כהן בע""מ",,קורנפלור מימונס 200 גר,גרמים,200.00,100 גרם,false,1,3.90,1.9500,true,1,13270
7290013146274,false,מארז 8יח תחתיות מרנג,,,מארז 8יח תחתיות מרנג 100 גרם,גרמים,100.00,100 גרם,false,1,19.90,19.9000,true,1,22299
7290013146304,false,קורנפלור מימונס 500,,,קורנפלור מימונס 500 גרם,גרמים,500.00,100 גרם,false,1,6.90,1.3800,true,1,15532
7290013146403,false,סירופ בטעם קרמל מלוח,,,סירופ בטעם קרמל מלוח מימונס 500 גרם,גרמים,500.00,100 גרם,false,1,16.90,3.3800,true,1,22298
7290013146410,false,נשיקות מימונס לקיישו,רות פטיפורים,IL,נשיקות מימונס לקיישוט כחול 60 גרם,Unknown,0.00,Unknown,false,1,12.90,0.0000,true,1,26642
7290013146427,false,נשיקות מימונס לקיישו,רות פטיפורים,IL,נשיקות מימונס לקיישוט לבן 60 גרם,Unknown,0.00,Unknown,false,1,12.90,0.0000,true,1,26643
7290013146441,false,נשיקות מימונס לקיישו,רות פטיפורים,IL,נשיקות מימונס לקיישוט ורוד 60 גרם,Unknown,0.00,Unknown,false,1,12.90,0.0000,true,1,26645
7290013146489,false,קונוסים מבצק עלים למ,Maristella SRL,IT,קונוסים מבצק עלים למילוי 120 גרם,גרמים,120.00,100 גרם,false,18,15.90,13.2500,true,1,31469
7290013146656,false,סוכריות כוכבים לקישו,,,סוכריות כוכבים לקישוט 55 גרם,Unknown,0.00,Unknown,false,1,11.90,0.0000,true,1,26652
7290013146663,false,סוכריות אטריות לקישו,,,סוכריות אטריות לקישוט 55 גרם,Unknown,0.00,Unknown,false,1,11.90,0.0000,true,1,26649
7290013146670,false,סוכריות לבבות לקישוט,,,סוכריות לבבות לקישוט 55 גרם,Unknown,0.00,Unknown,false,1,11.90,0.0000,true,1,26650
7290013146724,false,תערובת אייס קפה 350,מימונס,IL,תערובת אייס קפה 350 גרם מימונס,גרמים,350.00,100 גרם,false,12,15.90,4.5429,true,1,35069
7290013151285,false,נוזל אגוזי קוקוס 400,סי אנד אי,,נוזל אגוזי קוקוס 400 מל,מיליליטרים,400.00,"100 מ""ל",false,1,8.00,2.0000,true,1,8429
7290013151322,false,סרדין קזבלנקה  במי מ,יוניון דה פחריס,,סרדין קזבלנקה  במי מלח 125 גר,גרמים,125.00,100 גרם,false,1,5.90,4.7200,true,1,10211
7290013151360,false,מי זהר פריחת הדרים 5,אלימאד פוד,,מי זהר פריחת הדרים 500 מל,מיליליטרים,500.00,"100 מ""ל",false,1,16.90,3.3800,true,1,13433
7290013151636,false,פילה סרדין בשמן זית,יוניון דה פחריס,,פילה סרדין בשמן זית ללא עור ועצבמות125 ג,גרמים,125.00,100 גרם,false,1,11.00,8.8000,true,1,12885
7290013153395,false,מיץ רימונים סחוט טרי,,,מיץ רימונים סחוט טרי 1ליטר פקדון פריגת,ליטרים,1.00,ליטר,false,1,22.90,22.9000,true,1,11822
7290013153418,false,פריגת לימונענע 1 ל פ,פריגת מצוננים,,פריגת לימונענע 1 ל פקדון מקורר,ליטרים,1.00,ליטר,false,1,13.90,13.9000,true,1,11941
7290013153579,false,תרכיז קפוא גת פרייז,פריגת מצוננים,,תרכיז קפוא גת פרייז אפרסק 340 גרם,גרמים,340.00,100 גרם,false,1,12.90,3.7941,true,1,14831
7290013153586,false,תרכיז קפוא גת פרייז,פריגת מצוננים,,תרכיז קפוא גת פרייז פירות יער 340 גרם,גרמים,340.00,100 גרם,false,1,12.90,3.7941,true,1,14832
7290013176004,false,יוגורט  עיזים  טבעי,,,יוגורט  עיזים  טבעי 500 גרם ארבלה,גרמים,500.00,100 גרם,false,1,17.90,3.5800,true,1,16778
7290013176028,false,יוגורט עיזים תות 500,,,יוגורט עיזים תות 500 גרם ארבלה,גרמים,500.00,100 גרם,false,1,17.90,3.5800,true,1,16780
7290013176035,false,יוגורט עיזים תמר בננ,,,יוגורט עיזים תמר בננה 500 גרם ארבלה,גרמים,500.00,100 גרם,false,1,17.90,3.5800,true,1,16783
7290013176042,false,יוגורט עיזים פירות י,,,יוגורט עיזים פירות יער 500 גרם ארבלה,גרמים,500.00,100 גרם,false,1,17.90,3.5800,true,1,16784
7290013176059,false,גבינת עיזים טבעי 200,ארבלה,,גבינת עיזים טבעי 200גר ארבלה,גרמים,200.00,100 גרם,false,1,16.90,8.4500,true,1,16806
7290013176080,false,גבינת עיזים זיתים 20,ארבלה,,גבינת עיזים זיתים 200גר ארבלה אנאבל,גרמים,200.00,100 גרם,false,1,16.90,8.4500,true,1,16809
7290013176257,false,יוגורט עיזים פרוביוט,,,יוגורט עיזים פרוביוטי 3% 150גר,גרמים,150.00,100 גרם,false,1,6.50,4.3333,true,1,16794
7290013176264,false,יוגורט עיזים 3% בטעם,,,יוגורט עיזים 3% בטעם תות שדה 150גר,גרמים,150.00,100 גרם,false,1,6.50,4.3333,true,1,16792
7290013176271,false,יוגורט עיזים 3% בטעם,,,יוגורט עיזים 3% בטעם אפרסק 150גר,גרמים,150.00,100 גרם,false,1,6.50,4.3333,true,1,16791
7290013176288,false,יוגורט עיזים 3% בטעם,,,יוגורט עיזים 3% בטעם תמר בננה 150גר,גרמים,150.00,100 גרם,false,1,6.50,4.3333,true,1,16793
7290013176295,false,יוגורט קפיר עיזים 50,ארבלה,,יוגורט קפיר עיזים 500גר ארבלה,גרמים,500.00,100 גרם,false,1,16.90,3.3800,true,1,16800
7290013215017,false,זוג פטריות שמפניון א,,,זוג פטריות שמפניון ארוז,Unknown,0.00,Unknown,false,1,16.90,0.0000,true,1,10429
7290013215031,false,פטריות השף פורטובלה,,,פטריות השף פורטובלה יח,Unknown,0.00,Unknown,false,1,21.90,0.0000,true,1,27009
7290013215123,false,פטריות השף שמפיניון,,,פטריות השף שמפיניון יח,Unknown,0.00,Unknown,false,1,21.90,0.0000,true,1,35070
7290013267665,false,מאגדת סולרו פירות טר,"גלידת שטראוס בע""מ",,מאגדת סולרו פירות טרופיים 5 יח,יחידה,5.00,יחידה,false,1,22.90,4.5800,true,1,7848
7290013268020,false,מרכך כביסה מקסימה מר,,,מרכך כביסה מקסימה מרוכז אולטרא פרש1 ל,ליטרים,1.00,ליטר,false,1,17.90,17.9000,true,1,6559
7290013268037,false,מרכך כביסה מקסימה מר,,,מרכך כביסה מקסימה מרוכז פצולי לבנדר 1 ל,ליטרים,1.00,ליטר,false,1,17.90,17.9000,true,1,6560
7290013268204,false,מגבוני סנובון לחיטוי,,,מגבוני סנובון לחיטוי מושב האסלה 20יח,יחידה,20.00,יחידה,false,12,9.90,0.4950,true,1,17961
7290013268242,false,נוזל ריצפז פרש הום 2,סנו,,נוזל ריצפז פרש הום 2 ליטר מלון מפנק,ליטרים,2.00,ליטר,false,1,19.90,9.9500,true,1,22937
7290013268372,false,נוזל רצפה פוליויקס פ,,,נוזל רצפה פוליויקס פרקט שמן ארגן 2ליטר,ליטרים,2.00,ליטר,false,1,19.90,9.9500,true,1,24712
7290013268563,false,דאודורנט קרמה ספריי,,,דאודורנט קרמה ספריי קול 200 מל,מיליליטרים,200.00,"100 מ""ל",false,12,15.90,7.9500,true,1,18662
7290013268822,false,משחת שיניים אורביטול,,,משחת שיניים אורביטול למניעת ריח פה 145גר,גרמים,145.00,100 גרם,false,24,10.90,7.5172,true,1,19221
7290013268839,false,נוזל רצפה פוליויקס פ,,,נוזל רצפה פוליויקס פרקט מלון חלומ 2 ליטר,ליטרים,2.00,ליטר,false,1,19.90,9.9500,true,1,17959
7290013268884,false,נוזל רצפה ריצפז פרש,,,נוזל רצפה ריצפז פרש  מאסק 2 לי,ליטרים,2.00,ליטר,false,1,16.90,8.4500,true,1,7158
7290013268891,false,גל מסיר כתמים סנו או,,,גל מסיר כתמים סנו אוקסיגן 3 ל,ליטרים,3.00,ליטר,false,1,29.90,9.9667,true,1,7127
7290013268907,false,גל כביסה מקסימה ביו,,,גל כביסה מקסימה ביו 3 ל,ליטרים,3.00,ליטר,false,1,28.90,9.6333,true,1,7128
7290013268914,false,גל כביסה מקסימה סמאר,,,גל כביסה מקסימה סמארט 3 ליטר,ליטרים,3.00,ליטר,false,1,29.90,9.9667,true,1,15612
7290013268938,false,סבון אסלה סנובון שלי,,,סבון אסלה סנובון שלישיה פיסגה,יחידה,3.00,יחידה,false,1,11.90,3.9667,true,1,7159
7290013268983,false,מרכך כביסה מקסימה מר,,,מרכך כביסה מקסימה מרוכז גוי 1 ליטר,ליטרים,1.00,ליטר,false,1,17.90,17.9000,true,1,32534
7290013268990,false,מרכך כביסה מקסימה מר,,,מרכך כביסה מקסימה מרוכז ביו תינוקות1ל,ליטרים,1.00,ליטר,false,1,17.90,17.9000,true,1,8236
7290013269263,false,גל כביסה מקסימה קריס,,,גל כביסה מקסימה קריסטל נואר 3 ל,ליטרים,3.00,ליטר,false,1,28.90,9.6333,true,1,7922
7290013269300,false,ניילון נצמד סנו סושי,,,ניילון נצמד סנו סושי 150 מ ללא פי וי סי,מטרים,150.00,מטר,false,1,23.90,0.1593,true,1,8631
7290013269348,false,סנו קיי 3 תחנת פיתיו,סנו,IL,סנו קיי 3 תחנת פיתיון קוטל תיקנים 4יח,יחידה,4.00,יחידה,false,6,49.90,12.4750,true,1,21463
7290013269621,false,נוזל ריצפז פרש הום 2,סנו,,נוזל ריצפז פרש הום 2 ליטר מלון בוטיק,ליטרים,2.00,ליטר,false,1,19.90,9.9500,true,1,19041
7290013269638,false,ספוג הפלא סנו סושי א,,,ספוג הפלא סנו סושי אקסטרא 6יח,יחידה,6.00,יחידה,false,1,12.90,2.1500,true,1,8630
7290013269645,false,מטלית ריצפז פרש בניח,,,מטלית ריצפז פרש בניחוח מאסק 10יח 40*70סמ,יחידה,10.00,יחידה,false,1,12.90,1.2900,true,1,9078
7290013269652,false,נוזל רצפה פוליויקס מ,,,נוזל רצפה פוליויקס מאסק גרניט פורצלן 2 ל,ליטרים,2.00,ליטר,false,1,19.90,9.9500,true,1,10013
7290013269669,false,נוזל רצפה ריצפז פנטז,,,נוזל רצפה ריצפז פנטזיה 3 ל,ליטרים,3.00,ליטר,false,1,12.90,4.3000,true,1,8050
7290013269690,false,גל אסלה סנובון ניחוח,,,גל אסלה סנובון ניחוח לימון,יחידה,1.00,יחידה,false,1,6.90,6.9000,true,1,8048
7290013269706,false,גל אסלה סנובון ניחוח,,,גל אסלה סנובון ניחוח אוקיאנוס,גרמים,1.00,100 גרם,false,1,6.90,690.0000,true,1,8049
7290013269751,false,מטליות סנו ריצפז פרש,,,מטליות סנו ריצפז פרש מלון בוטיק 40*70 סמ,יחידה,10.00,יחידה,false,1,12.90,1.2900,true,1,19592
7290013269850,false,נייר אפייה אקולוגי 5,,,נייר אפייה אקולוגי 50 יח סנו סושי,יחידה,50.00,יחידה,false,1,18.90,0.3780,true,1,8148
7290013269867,false,מפות שולחן זוג סנו ס,,,מפות שולחן זוג סנו סושי מבד,יחידה,2.00,יחידה,false,1,11.90,5.9500,true,1,8659
7290013269911,false,קיי 333 קוטל חרקים 7,,,קיי 333 קוטל חרקים 750 מל,מיליליטרים,750.00,"100 מ""ל",false,1,29.90,3.9867,true,1,7388
7290013269942,false,קיי מעופפים פירטרום,,,קיי מעופפים פירטרום 400 מל,מיליליטרים,400.00,"100 מ""ל",false,1,21.90,5.4750,true,1,7387
7290013276124,false,בירה נגב אמבר אייל 3,,,בירה נגב אמבר אייל 330 מל פקדון,מיליליטרים,330.00,"100 מ""ל",false,1,14.90,4.5152,true,1,11921
7290013276131,false,בירה נגב פורטר אלון,,,בירה נגב פורטר אלון 330 מל פקדון,מיליליטרים,330.00,"100 מ""ל",false,1,14.90,4.5152,true,1,11923
7290013284310,false,רוטב פסטה 240 גר פרי,פריניר,,רוטב פסטה 240 גר פרי ניר,גרמים,240.00,100 גרם,false,1,5.50,2.2917,true,1,8516
7290013284662,false,רוטב פיצה פיתה 260 ג,פריניר,,רוטב פיצה פיתה 260 גר פרי ניר,גרמים,260.00,100 גרם,false,1,5.50,2.1154,true,1,10683
7290013310019,false,קיסמי שיניים רפואי ע,,,קיסמי שיניים רפואי עם חוט דנטלי,Unknown,0.00,Unknown,false,1,5.90,0.0000,true,1,15394
7290013310064,false,חוט דנטלי רפואי עם מ,,,חוט דנטלי רפואי עם מנטה הוסטס,Unknown,0.00,Unknown,false,1,5.90,0.0000,true,1,15395
7290013310101,false,שיפודי במבוק גמבו 50,,,שיפודי במבוק גמבו 50 יח,Unknown,0.00,Unknown,false,1,5.90,0.0000,true,1,15396
7290013310118,false,שישיית ממחטות אף פנט,F. SRL,,שישיית ממחטות אף פנטזיה תלת שכבתי כיס,יחידה,6.00,יחידה,false,1,3.90,0.6500,true,1,14662
7290013310163,false,מדליק פחם מוצק 40 יח,BX.P,,מדליק פחם מוצק 40 יח איזי לייט,יחידה,40.00,יחידה,false,1,6.90,0.1725,true,1,14660
7290013310477,false,שיפודי במבוק גמבו שט,,,שיפודי במבוק גמבו שטוחים 25 יח,Unknown,0.00,Unknown,false,1,8.90,0.0000,true,1,15397
7290013329004,false,סילאן טבעי כרם 900 ג,תמר העמקים,,סילאן טבעי כרם 900 גר,גרמים,900.00,100 גרם,false,1,21.90,2.4333,true,1,6944
7290013329028,false,ממתיק טבעי סטיביה 50,א.מ.ב,,ממתיק טבעי סטיביה 50 מל,Unknown,0.00,Unknown,false,1,27.50,0.0000,true,1,7657
7290013329141,false,שמן קוקוס כרם אורגני,נייצ'ורוס,,שמן קוקוס 500 מל,מיליליטרים,500.00,"100 מ""ל",false,1,25.90,5.1800,true,1,8328
7290013329240,false,שמן קוקוס כרם אורגני,בי . גי. פרוט,,שמן קוקוס כרם 1ל,ליטרים,1.00,ליטר,false,1,39.90,39.9000,true,1,8322
7290013329301,false,פריכיות 100% כוסמת ע,ZBG,,פריכיות 100% כוסמת עם מלח 160 גר,גרמים,160.00,100 גרם,false,1,10.90,6.8125,true,1,9467
7290013329318,false,פריכיות 100% כוסמת ט,ZBG,,פריכיות 100% כוסמת טבעי 160 גר,גרמים,160.00,100 גרם,false,1,10.90,6.8125,true,1,9468
7290013329363,false,סוכר קוקוס אורגני 50,נייצ'ורוס,,סוכר קוקוס אורגני 500 גר,גרמים,500.00,100 גרם,false,1,19.90,3.9800,true,1,9607
7290013329370,false,קמח קוקוס אורגני 500,סלבס אויל,,קמח קוקוס אורגני 500 גר כרם,גרמים,50000.00,100 גרם,false,1,19.90,0.0398,true,1,10000
7290013329417,false,סוכר דמררה כרם 1 קג,ה.ס. יבוא ויצור,,סוכר דמררה כרם 1 קג,קילוגרמים,1.00,"ק""ג",false,1,10.90,10.9000,true,1,10956
7290013329431,false,חמאת שקדים כרם 300 ג,J&G קיסריה,,חמאת שקדים כרם 300 גר צנצנת,גרמים,300.00,100 גרם,false,1,24.90,8.3000,true,1,11926
7290013329639,false,תפוח עץ מיובש כרם200,כרם תעשיות,,תפוח עץ מיובש כרם200 גרם,גרמים,200.00,100 גרם,false,1,12.90,6.4500,true,1,13936
7290013329646,false,שמן קוקוס כרם אורגני,נייצ'ורוס,,שמן קוקוס כרם אורגני 350 מל,מיליליטרים,350.00,"100 מ""ל",false,1,19.90,5.6857,true,1,25677
7290013329653,false,סוכר קנים אורגני 1 ק,אוסינה סן פרנסיסקו,,סוכר קנים אורגני 1 קג,קילוגרמים,1.00,"ק""ג",false,1,10.90,10.9000,true,1,11924
7290013329721,false,תמר מגהול אורגני כרם,כרם תעשיות,IL,תמר מגהול אורגני כרם 1 קג,קילוגרמים,1.00,"ק""ג",false,1,22.90,22.9000,true,1,11669
7290013329738,false,תמר מגהול כרם 1 קג,כרם תעשיות,IL,תמר מגהול כרם 1 קג,קילוגרמים,1.00,"ק""ג",false,1,19.90,19.9000,true,1,11668
7290013329851,false,חמאת קוקוס טבעי כרם,"טבע מהדרין י.א.בע""מ",,חמאת קוקוס טבעי כרם 280 גרם,גרמים,280.00,100 גרם,false,1,19.90,7.1071,true,1,12535
7290013329868,false,חמאת גרעיני דלעת טבע,"טבע מהדרין י.א.בע""מ",,חמאת גרעיני דלעת טבעי כרם 300 גרם,גרמים,300.00,100 גרם,false,1,26.90,8.9667,true,1,12534
7290013329875,false,פריכיות אורז כרם עם,זן בר,,פריכיות אורז כרם עם מלח 160 גרם,גרמים,160.00,100 גרם,false,1,8.00,5.0000,true,1,12764
7290013329882,false,פריכיות אורז כרם עם,זן בר,,פריכיות אורז כרם ללא מלח 160 גרם,גרמים,160.00,100 גרם,false,1,8.00,5.0000,true,1,12763
7290013329912,false,חמאת אגוזי קשיו טבעי,"טבע מהדרין י.א.בע""מ",,חמאת אגוזי קשיו טבעי כרם 300 גרם,גרמים,300.00,100 גרם,false,1,26.90,8.9667,true,1,12532
7290013329929,false,חמאת אגוזי לוז טבעי,"טבע מהדרין י.א.בע""מ",,חמאת אגוזי לוז טבעי כרם 300 גרם,גרמים,300.00,100 גרם,false,1,24.90,8.3000,true,1,12533
7290013358356,false,פירורי לחם מוזהבים 3,EinatFood,,פירורי לחם מוזהבים 350 גר מנה,גרמים,320.00,100 גרם,false,1,7.90,2.4688,true,1,8108
7290013358363,false,פירורי פנקו מוזהב300,Mana,,פירורי פנקו מוזהב300 גר מאסטר שף,גרמים,300.00,100 גרם,false,1,9.90,3.3000,true,1,7812
7290013358370,false,פירורי פנקו מוזהב טע,Mana,,פירורי פנקו מוזהב טעם שום300גר מאסטר שף,גרמים,300.00,100 גרם,false,1,9.90,3.3000,true,1,7811
7290013358417,false,רוטב טריאקי מנה אסיי,Asian Delights,,רוטב טריאקי מנה אסייאתי 300 מל,מיליליטרים,300.00,"100 מ""ל",false,1,10.90,3.6333,true,1,11494
7290013358431,false,קרוטונים מנה לסלט200,EinatFood,,קרוטונים מנה לסלט200ג עגבניות בזיליקום,גרמים,200.00,100 גרם,false,1,10.90,5.4500,true,1,9290
7290013358448,false,קרוטונים מנה לסלט200,EinatFood,,קרוטונים מנה לסלט200ג 4 דגנים,גרמים,200.00,100 גרם,false,1,10.90,5.4500,true,1,9291
7290013358486,false,פירורי לחם מנה ללא ב,Mana,,פירורי לחם מנה ללא בביצה300גר,גרמים,350.00,100 גרם,false,1,7.90,2.2571,true,1,10227
7290013358493,false,קרם קוקוס מאסטר שף 4,THAI COCONUT CO,,קרם קוקוס מאסטר שף 400 מל,מיליליטרים,400.00,"100 מ""ל",false,1,7.90,1.9750,true,1,11500
7290013358509,false,מיקסלט מסטר שף 200 ג,Effectiveat,,מיקסלט מסטר שף 200 גר,גרמים,200.00,100 גרם,false,1,14.90,7.4500,true,1,10228
7290013358516,false,מיקסלט חמוציות מסטר,Effectiveat,,מיקסלט חמוציות מסטר שף 200 גר,גרמים,200.00,100 גרם,false,1,14.90,7.4500,true,1,10229
7290013358523,false,בצל מטוגן מאסטר שף 1,Mana,,בצל מטוגן מאסטר שף 150 גר צנצנת,גרמים,150.00,100 גרם,false,1,11.90,7.9333,true,1,10230
7290013358530,false,רוטב צילי מתוק מאסטר,Roberto,,רוטב צילי מתוק מאסטר שף 700מל,מיליליטרים,700.00,"100 מ""ל",false,1,11.90,1.7000,true,1,11496
7290013358578,false,אטריות אורז רחבות מא,,,אטריות אורז רחבות מאסטר שף 400ג,גרמים,400.00,100 גרם,false,30,7.90,1.9750,true,1,11498
7290013358585,false,אטריות נודלס להקפצה,LINGHANG INDUSTRIA,,אטריות נודלס להקפצה מנה אסייתי400ג,גרמים,400.00,100 גרם,false,1,7.90,1.9750,true,1,11499
7290013358806,false,מאגדת 4פרכיות מנה 26,Mana,,מאגדת 4פרכיות מנה 264 גר,גרמים,264.00,100 גרם,false,1,12.00,4.5455,true,1,9469
7290013358837,false,מאגדת 4פרכיות ללא מל,Mana,,מאגדת 4פרכיות ללא מלח מנה 264 גר,גרמים,264.00,100 גרם,false,1,12.00,4.5455,true,1,13364
7290013361981,false,ציפס קטרינג 2 קג פרי,פרי גליל,,ציפס קטרינג 2 קג פרי גליל,קילוגרמים,2.00,"ק""ג",false,1,22.90,11.4500,true,1,12930
7290013361998,false,סטייק  ציפס 2 קג פרי,פרי גליל,,סטייק  ציפס 2 קג פרי גליל,קילוגרמים,2.00,"ק""ג",false,1,22.90,11.4500,true,1,12933
7290013366085,false,תירס מתוק במיוחד,,,תירס מתוק במיוחד,Unknown,0.00,Unknown,false,1,21.90,0.0000,true,1,12602
7290013366108,false,אספרגוס בשקית יחידה,,,אספרגוס יחידה,Unknown,0.00,Unknown,false,1,31.90,0.0000,true,1,14903
7290013366153,false,ברוקומיני 300 גרם,,,ברוקומיני 300 גרם,גרמים,300.00,100 גרם,false,1,23.90,7.9667,true,1,25128
7290013366252,false,נבטי קטניות,,,נבטי קטניות,Unknown,0.00,Unknown,false,1,9.90,0.0000,true,1,8550
7290013366634,false,חסה סלנובה ראשים,,,חסה סלנובה ראשים,Unknown,0.00,Unknown,false,1,13.90,0.0000,true,1,8544
7290013366641,false,עלי רוקולה,,,עלי רוקולה,Unknown,0.00,Unknown,false,1,13.90,0.0000,true,1,8545
7290013366658,false,חסה סלנובה עלים,,,חסה סלנובה עלים,Unknown,0.00,Unknown,false,1,13.90,0.0000,true,1,8551
7290013366719,false,פאקצוי,,,פאקצוי,Unknown,0.00,Unknown,false,1,15.50,0.0000,true,1,12537
7290013389077,false,עלי טורטיה מחיטה 20,,,עלי טורטיה מחיטה 20 יח 320 גר,גרמים,320.00,100 גרם,false,1,11.90,3.7188,true,1,7806
7290013389084,false,עלי טורטיה קמח תירס,,,עלי טורטיה קמח תירס 16 יח 325 גר,גרמים,325.00,100 גרם,false,1,11.90,3.6615,true,1,7807
7290013389114,false,ניוקי תפוח אדמה 500,,,ניוקי תפוח אדמה 500 גר איטלקי,גרמים,500.00,100 גרם,false,1,7.90,1.5800,true,1,7802
7290013389138,false,ניוקי שלושה צבעים 50,,,ניוקי שלושה צבעים 500 גר איטלקי,גרמים,500.00,100 גרם,false,1,7.90,1.5800,true,1,7804
7290013389145,false,ניוקי מיני 500 גר אי,,,ניוקי מיני 500 גר איטלקי,גרמים,500.00,100 גרם,false,1,7.90,1.5800,true,1,7805
7290013389374,false,קמח תירס פולנטה 500,,,קמח תירס פולנטה 500 גר,גרמים,500.00,100 גרם,false,1,6.90,1.3800,true,1,8789
7290013389381,false,קמח תירס פולנטה 1 קג,,,קמח תירס פולנטה 1 קג,קילוגרמים,1.00,"ק""ג",false,1,10.90,10.9000,true,1,8790
7290013389398,false,קמח תירס דק פולנטה 1,,,קמח תירס דק פולנטה 1 קג,קילוגרמים,1.00,"ק""ג",false,1,10.90,10.9000,true,1,8791
7290013389893,false,פילה סרדין בשמן חמני,,,פילה סרדין בשמן חמניות 125 גר,גרמים,125.00,100 גרם,false,1,7.90,6.3200,true,1,8753
7290013389909,false,פילה סרדין פלפל חריף,,,פילה סרדין פלפל חריף ושמן 125 גר,גרמים,125.00,100 גרם,false,1,7.90,6.3200,true,1,8754
7290013430083,false,בירה אלכסנדר בלונד 5,"אביר הבר בע""מ",,בירה אלכסנדר בלונד 5.3% 330מל פקדון,מיליליטרים,330.00,"100 מ""ל",false,1,14.90,4.5152,true,1,9706
7290013430090,false,בירה אלכסנדר אמבר 5.,"אביר הבר בע""מ",,בירה אלכסנדר אמבר 5.7% 330מל פקדון,מיליליטרים,330.00,"100 מ""ל",false,1,14.90,4.5152,true,1,9707
7290013430205,false,בירה אלכסנדר בלאק 7%,"אביר הבר בע""מ",,בירה אלכסנדר בלאק 7% 330מל פקדון,מיליליטרים,330.00,"100 מ""ל",false,1,14.90,4.5152,true,1,9712
7290013430250,false,בירה אלכסנדר חיטה יש,,,בירה אלכסנדר חיטה ישראלית 330מל פקדון,מיליליטרים,330.00,"100 מ""ל",false,1,14.90,4.5152,true,1,15278
7290013430304,false,בירה אלכסנדר גרין 6%,"אביר הבר בע""מ",,בירה אלכסנדר גרין 6% 330מל פקדון,מיליליטרים,330.00,"100 מ""ל",false,1,14.90,4.5152,true,1,9708
7290013430403,false,בירה אלכסנדר בלייזר,"אביר הבר בע""מ",,בירה אלכסנדר בלייזר 8% 330מל פקדון,מיליליטרים,330.00,"100 מ""ל",false,1,14.90,4.5152,true,1,9709
7290013440648,false,מאגדת 5 יח קרחוני שר,גלידות נסטלה,,מאגדת 5 יח קרחוני שרבט אבטיח 540 גר,יחידה,5.00,יחידה,false,8,26.90,5.3800,true,1,7817
7290013442062,false,יוגורט כבשים 600גר,מוטקה החולב,,יוגורט כבשים 600גר,גרמים,650.00,100 גרם,false,1,21.90,3.3692,true,1,8844
7290013442246,false,לאבנה כבשים 280גר,,,לאבנה כבשים 280גר,גרמים,280.00,100 גרם,false,1,16.90,6.0357,true,1,41608
7290013442277,false,גבינה בסגנון פטה יוו,מוטקה החולב,IL,גבינה בסגנון פטה יוונית כבשים 250גר,גרמים,250.00,100 גרם,false,1,29.90,11.9600,true,1,41611
7290013442284,false,גבינת ברי כבשים 140ג,מוטקה החולב,IL,גבינת ברי כבשים 140גר,גרמים,140.00,100 גרם,false,1,26.90,19.2143,true,1,41612
7290013442291,false,גבינת קממבר כבשים 14,,,גבינת קממבר כבשים 140גר,גרמים,140.00,100 גרם,false,1,26.90,19.2143,true,1,41613
7290013442307,false,גבינת קממבר פקאן כבש,,,גבינת קממבר פקאן כבשים 140גר,גרמים,140.00,100 גרם,false,1,26.90,19.2143,true,1,41614
7290013442314,false,גבינת סנט מור כבשים,,,גבינת סנט מור כבשים 150גר,גרמים,150.00,100 גרם,false,1,28.90,19.2667,true,1,41615
7290013442321,false,גבינת גאודה כבשה צהו,,,גבינת גאודה כבשה צהובה 150גר,גרמים,150.00,100 גרם,false,1,26.90,17.9333,true,1,41616
7290013442338,false,גבינת גאודה כבשה חרד,,,גבינת גאודה כבשה חרדלית 150גר,גרמים,150.00,100 גרם,false,1,26.90,17.9333,true,1,41617
7290013442345,false,גבינת ארוטן כמהין 14,,,גבינת ארוטן כמהין 14% שומן 150 גרם,גרמים,150.00,100 גרם,false,1,29.90,19.9333,true,1,41618
7290013451552,false,מלח דק ללא נתרן 200ג,,,מלח דק ללא נתרן 200גר מארקס,גרמים,200.00,100 גרם,false,1,19.90,9.9500,true,1,21713
7290013451927,false,פריכיות כוסמת זן בר,זן בר,,פריכיות כוסמת זן בר ללא מלח 160 גר,גרמים,160.00,100 גרם,false,1,11.00,6.8750,true,1,8986
7290013453624,false,עוגיות קמח שקדים שוק,,,עוגיות קמח שקדים שוקולדציפס ללג 230 גר,גרמים,230.00,100 גרם,false,1,24.90,10.8261,true,1,25513
7290013453631,false,עוגיות חמאת בוטנים ל,,,עוגיות חמאת בוטנים ללא גלוטן 230 גר,גרמים,230.00,100 גרם,false,1,24.90,10.8261,true,1,25511
7290013453648,false,עוגיות קמח שקדים ללא,,,עוגיות קמח שקדים ללא גלוטן 230 גר,גרמים,230.00,100 גרם,false,1,24.90,10.8261,true,1,25512
7290013472892,false,גבינה הבולגריה 200גר,קוליוס,,גבינה הבולגריה 200גרם קוביות,גרמים,200.00,100 גרם,false,1,10.90,5.4500,true,1,10727
7290013472908,false,גבינה בולגרית בקוביו,קוליוס,,גבינה בולגרית בקוביות 400גר הבולגריה,גרמים,400.00,100 גרם,false,1,19.90,4.9750,true,1,8900
7290013493002,false,בירה בזלת פילזנר 750,,,בירה בזלת פילזנר 750 מל,מיליליטרים,750.00,"100 מ""ל",false,1,29.90,3.9867,true,1,7440
7290013493019,false,בירה בזלת פילזנר 330,,,בירה בזלת פילזנר 330 מל,מיליליטרים,330.00,"100 מ""ל",false,1,14.90,4.5152,true,1,7441
7290013493033,false,בירה בזלת חיטה 330 מ,,,בירה בזלת חיטה 330 מל,מיליליטרים,330.00,"100 מ""ל",false,1,14.90,4.5152,true,1,7443
7290013493040,false,בירה בזלת דאבל בוק 7,,,בירה בזלת דאבל בוק 750 מל,מיליליטרים,750.00,"100 מ""ל",false,1,29.90,3.9867,true,1,7444
7290013493057,false,בירה בזלת דאבל בוק 3,,,בירה בזלת דאבל בוק 330 מל,מיליליטרים,330.00,"100 מ""ל",false,1,14.90,4.5152,true,1,7445
7290013493064,false,בירה בזלת אייל ענברי,,,בירה בזלת אייל ענברי 750 מל,מיליליטרים,750.00,"100 מ""ל",false,1,29.90,3.9867,true,1,7446
7290013493071,false,בירה בזלת אייל ענברי,,,בירה בזלת אייל ענברי 330 מל,מיליליטרים,330.00,"100 מ""ל",false,1,14.90,4.5152,true,1,7447
7290013520067,false,מארז לחמניות 10 יחיד,מאפיית אגמי,,מארז לחמניות 10 יחידות,יחידה,10.00,יחידה,false,1,14.90,1.4900,true,1,13895
7290013520111,false,מארז לחמניות המבורגר,מאפיית אגמי,IL,מארז לחמניות המבורגר אמריקאי 6יח,יחידה,6.00,יחידה,false,8,14.90,2.4833,true,1,25001
7290013520463,false,לחם בריאות ושובע כוס,,,לחם בריאות ושובע כוסמין 600 גרם,גרמים,600.00,100 גרם,false,1,16.90,2.8167,true,1,13015
7290013520500,false,מארז לחמניות כוסמין,,,מארז לחמניות כוסמין 8יח  95 קלוריות,גרמים,400.00,100 גרם,false,1,16.90,4.2250,true,1,15123
7290013521101,false,פסטה כוסמין אורגנית,,,פסטה כוסמין אורגנית תרד 500 גר,גרמים,350.00,100 גרם,false,1,19.90,5.6857,true,1,15724
7290013521125,false,אטריות אורגני ל.גלוט,,,אטריות אורגני ל.גלוטן אורז דלעת גינג250ג,גרמים,250.00,100 גרם,false,1,16.90,6.7600,true,1,8542
7290013521132,false,אטריות אורגני ל.גלוט,,,אטריות אורגני ל.גלוטן אורז אצות וואק250ג,גרמים,250.00,100 גרם,false,1,16.90,6.7600,true,1,8543
7290013521187,false,ספגטי עדשים אדומות א,,,ספגטי עדשים אדומות אורגני 250 גר ללג,גרמים,250.00,100 גרם,false,18,10.90,4.3600,true,1,39913
7290013521194,false,טורטיליוני כוסמת אור,,,טורטיליוני כוסמת אורגני 250גר ללג,גרמים,250.00,100 גרם,false,8,10.90,4.3600,true,1,39915
7290013521224,false,ספגטי כוסמת אורגני 2,,,ספגטי כוסמת אורגני 250 גר ללג,גרמים,250.00,100 גרם,false,18,10.90,4.3600,true,1,39914
7290013521231,false,פסטה כוסמין אורגנית,,,פסטה כוסמין אורגנית טריקולור 500 גר,גרמים,400.00,100 גרם,false,1,19.90,4.9750,true,1,15725
7290013521309,false,מיונז אורגני השדה 33,,,מיונז אורגני השדה 230 גר,גרמים,330.00,100 גרם,false,1,22.90,6.9394,true,1,10823
7290013521316,false,ממרח מיונז אורגני לל,,,ממרח מיונז אורגני ללא ביצים השדה230גר,גרמים,230.00,100 גרם,false,1,16.90,7.3478,true,1,10824
7290013521347,false,חרדל דיזון אורגני 20,,,חרדל דיזון אורגני 200 גר,גרמים,200.00,100 גרם,false,1,14.90,7.4500,true,1,15766
7290013521354,false,חרדל דיזון אורגני עם,,,חרדל דיזון אורגני עם גרגירים 230 גר,גרמים,230.00,100 גרם,false,1,14.90,6.4783,true,1,15767
7290013521385,false,רסק תפוחים אורגני 70,,,רסק תפוחים אורגני 700 גר,גרמים,700.00,100 גרם,false,1,17.90,2.5571,true,1,15728
7290013521392,false,רסק תפוחים אורגני 36,,,רסק תפוחים אורגני 360 גר,גרמים,360.00,100 גרם,false,1,13.90,3.8611,true,1,15729
7290013521408,false,מרק ירקות אורגנית 20,,,מרק ירקות אורגנית 200 גר,גרמים,200.00,100 גרם,false,1,23.90,11.9500,true,1,15765
7290013521415,false,מרק טעם עוף אורגני 2,,,מרק עוף אורגנית טעם עוף 200 גר,גרמים,200.00,100 גרם,false,1,24.90,12.4500,true,1,15764
7290013521491,false,קטשופ אורגני 567 גרם,,,קטשופ אורגני 567 גרם ללא גלוטן השדה,גרמים,567.00,100 גרם,false,1,18.90,3.3333,true,1,22269
7290013521545,false,עוגיות חצי מצופות חר,,,עוגיות חצי מצופות חרובים 180 גר,גרמים,180.00,100 גרם,false,1,13.90,7.7222,true,1,15756
7290013521569,false,רסק תפוח בננה אורגני,,,רסק תפוח בננה אורגני 360 גר,גרמים,360.00,100 גרם,false,1,13.90,3.8611,true,1,15763
7290013521606,false,שעועית לבנה אורגנית,,,שעועית לבנה אורגנית 350 גר  השדה,גרמים,350.00,100 גרם,false,1,14.90,4.2571,true,1,15769
7290013521613,false,שעועית לבנה אורגנית,,,שעועית לבנה אורגנית ברוטב עגבניות 350 גר,גרמים,350.00,100 גרם,false,1,16.90,4.8286,true,1,15770
7290013521828,false,פסטה כוסמין אורגנית,,,פסטה כוסמין אורגנית ספירולינה 500 גר,גרמים,300.00,100 גרם,false,1,19.90,6.6333,true,1,15726
7290013521835,false,פסטה כוסמין אורגנית,,,פסטה כוסמין אורגנית ספירולינה פוזילי 500,גרמים,500.00,100 גרם,false,1,19.90,3.9800,true,1,15727
7290013521873,false,סוכר קוקוס אורגני מפ,,,סוכר קוקוס אורגני מפרח הקוקוס 300 גר,גרמים,300.00,100 גרם,false,1,15.90,5.3000,true,1,17372
7290013521897,false,גליליות אורגניות מקמ,,,גליליות אורגניות מקמח כוסמין 100 גר,גרמים,100.00,100 גרם,false,1,14.90,14.9000,true,1,18567
7290013521965,false,עוגיות חצי ירח מקח כ,,,עוגיות חצי ירח מקח כוסמין אורגני 180 גר,גרמים,180.00,100 גרם,false,1,15.90,8.8333,true,1,20165
7290013525796,false,סחוג תימני 150 גר,,,סחוג תימני 150 גר,גרמים,150.00,100 גרם,false,1,9.90,6.6000,true,1,8661
7290013531117,false,רוטב פסטה לילדים יכי,זנלכל,,רוטב פסטה לילדים יכין 260 גר,גרמים,240.00,100 גרם,false,1,5.50,2.2917,true,1,7553
7290013531346,false,סירופ יכין דיאט לימו,זנלכל,,סירופ יכין דיאט לימונענע 1 ל,ליטרים,1.00,ליטר,false,1,16.90,16.9000,true,1,8190
7290013531377,false,תורמוס יכין 550 גרם,זנלכל,,תורמוס יכין 550 גרם,גרמים,550.00,100 גרם,false,1,9.90,1.8000,true,1,9299
7290013531490,false,פול מתובל יכין 550 ג,זנלכל,,פול מתובל יכין 550 גר א/2,גרמים,550.00,100 גרם,false,1,9.90,1.8000,true,1,9300
7290013531612,false,רוטב נפוליטנה יכין 2,,,רוטב נפוליטנה יכין 260 גר,גרמים,240.00,100 גרם,false,1,5.50,2.2917,true,1,11216
7290013531629,false,רוטב פומודורו יכין 2,,,רוטב פומודורו יכין 260 גר,גרמים,240.00,100 גרם,false,1,5.50,2.2917,true,1,11217
7290013531759,false,שעועית אפויה במים א/,זנלכל,,שעועית אפויה במים א/2 יכין,גרמים,550.00,100 גרם,false,1,9.90,1.8000,true,1,11057
7290013539892,false,אלסבון ארומטי תה ירו,,,אלסבון ארומטי תה ירוק 1ל סטייל,ליטרים,1.00,ליטר,false,1,13.90,13.9000,true,1,7398
7290013539915,false,אלסבון ארומטי תה לבן,,,אלסבון ארומטי תה לבן 1ל סטייל,ליטרים,1.00,ליטר,false,1,13.90,13.9000,true,1,7399
7290013558800,false,עלי תרד 250 גר בנספק,,,עלי תרד 500 גר בנספק,Unknown,0.00,Unknown,false,1,15.00,0.0000,true,1,18325
7290013558824,false,עלי רוגולה/בזיליקום,,,עלי רוגולה/בזיליקום,Unknown,0.00,Unknown,false,1,9.50,0.0000,true,1,13777
7290013585233,false,משקה ספרייט זירו פחי,,,משקה ספרייט זירו פחית 330 פקדון,מיליליטרים,330.00,"100 מ""ל",false,1,4.90,1.4848,true,1,11349
7290013585387,false,משקה קוקה קולה זירו,,,משקה קוקה קולה זירו 1 ליטר,ליטרים,1.00,ליטר,false,1,7.50,7.5000,true,1,11151
7290013585394,false,משקה קוקה קולה 1 ליט,,,משקה קוקה קולה 1 ליטר,ליטרים,1.00,ליטר,false,1,7.80,7.8000,true,1,11150
7290013585455,false,בירה ויינשטפן פסטביר,,,בירה ויינשטפן פסטביר 330 מל,מיליליטרים,330.00,"100 מ""ל",false,1,12.90,3.9091,true,1,44121
7290013585509,false,פריגת אפרסק 1.5 ליטר,,,פריגת אפרסק 1.5 ליטר,ליטרים,1.50,ליטר,false,1,9.10,6.0667,true,1,11351
7290013585967,false,מארז 6 פחיות ספרייט,קוקה קולה,,מארז 6 פחיות ספרייט זירו 330 מל פקדון,ליטרים,1.98,ליטר,false,1,23.90,12.0707,true,1,12826
7290013608260,false,מיץ רימונים טבעי 100,,,מיץ רימונים טבעי 100% סחוט טרי 1ליטר פקד,ליטרים,1.00,ליטר,false,1,20.90,20.9000,true,1,10280
7290013608482,false,נקטר מנגו פרימור 1 ל,פרימור,,נקטר מנגו פרימור 1 ליטר,ליטרים,1.00,ליטר,false,1,8.70,8.7000,true,1,14000
7290013608550,false,נקטר תפוזים פרימור 1,פרימור,,נקטר תפוזים פרימור 1 ליטר,ליטרים,1.00,ליטר,false,1,8.70,8.7000,true,1,13997
7290013608635,false,משקה קל לימונים ונענ,פרימור,,משקה קל לימונים ונענע פרימור 1 ליטר,ליטרים,1.00,ליטר,false,1,8.70,8.7000,true,1,14411
7290013608673,false,נקטר תפוחי עץ פרימור,פרימור,,נקטר תפוחי עץ פרימור 1 ליטר,ליטרים,1.00,ליטר,false,1,8.70,8.7000,true,1,13998
7290013608680,false,נקטר עגבניות פרימור,פרימור,,נקטר עגבניות פרימור 1 ליטר,ליטרים,1.00,ליטר,false,1,6.90,6.9000,true,1,14001
7290013608864,false,משקה פירות הדר בתוספ,,,משקה פירות הדר בתוספת ויטמין סי 1 ליטר,ליטרים,1.00,ליטר,false,1,14.90,14.9000,true,1,26821
7290013645074,false,לחם לבן  ללא  גלוטן,,,לחם לבן  ללא  גלוטן 500גר שרלה,גרמים,500.00,100 גרם,false,1,18.90,3.7800,true,1,22054
7290013645272,false,נשיקות שרלה ללא גלוט,,,נשיקות שרלה ללא גלוטן 100 גר,גרמים,100.00,100 גרם,false,1,19.90,19.9000,true,1,16797
7290013645500,false,מקלות מלוחים ללא גלו,,,מקלות מלוחים ללא גלוטן230גר שרלה,גרמים,230.00,100 גרם,false,1,21.90,9.5217,true,1,9470
7290013652157,false,שלישיית מגבונים ל.אי,פישר תעשיות,,שלישיית מגבונים ל.איפור עור רגיל30יח,יחידה,90.00,יחידה,false,1,26.90,0.2989,true,1,8214
7290013652164,false,שלישיית מגבונים ל.אי,פישר תעשיות,,שלישיית מגבונים ל.איפור חמאת שיא 30יח,יחידה,90.00,יחידה,false,1,26.90,0.2989,true,1,8215
7290013652171,false,שלישיית מגבונים ל.אי,פישר תעשיות,,שלישיית מגבונים ל.איפור עור שמן 30יח,יחידה,90.00,יחידה,false,1,26.90,0.2989,true,1,8216
7290013652782,false,קרם לחות לשיער מתולת,פישר תעשיות,,קרם לחות לשיער מתולתל נטורל קר400 מל,מיליליטרים,400.00,"100 מ""ל",false,1,19.90,4.9750,true,1,7838
7290013652799,false,קרם לחות לשיער רגיל,פישר תעשיות,,קרם לחות לשיער רגיל יבש נטורל קר400 מל,מיליליטרים,400.00,"100 מ""ל",false,1,19.90,4.9750,true,1,7839
7290013652805,false,קרם לחות לשיער צבוע,פישר תעשיות,,קרם לחות לשיער צבוע פגום נטורל קר400 מל,מיליליטרים,400.00,"100 מ""ל",false,1,19.90,4.9750,true,1,7840
7290013652843,false,שמפו לשיער רגיל נטור,פישר תעשיות,,שמפו לשיער רגיל נטורל קר ורדים 700מל,מיליליטרים,700.00,"100 מ""ל",false,1,15.90,2.2714,true,1,7819
7290013652850,false,שמפו לשיער יבש פגום,פישר תעשיות,,שמפו לשיער יבש פגום נטורל קר חינה 700מל,מיליליטרים,700.00,"100 מ""ל",false,1,15.90,2.2714,true,1,7820
7290013652874,false,מרכך לשיער רגיל נטור,פישר תעשיות,,מרכך לשיער רגיל נטורל קר ורדים 700מל,מיליליטרים,700.00,"100 מ""ל",false,1,15.90,2.2714,true,1,7825
7290013652881,false,מרכך לשיער יבש פגום,פישר תעשיות,,מרכך לשיער יבש פגום נטורל קר חינה700מל,מיליליטרים,700.00,"100 מ""ל",false,1,15.90,2.2714,true,1,7826
7290013652997,false,קרם גוף לעור מיבש במ,פישר תעשיות,,קרם גוף לעור מיבש במיוחד נטורל קר 450 מל,מיליליטרים,450.00,"100 מ""ל",false,1,16.90,3.7556,true,1,7842
7290013659248,false,מברשת רחצה לגב,,,מברשת רחצה לגב,Unknown,0.00,Unknown,false,1,19.90,0.0000,true,1,10612
7290013675194,false,שניצל עוף אמיתי ביתי,תנובה גליל,,שניצל עוף אמיתי ביתי ללא גלוטן 700גר מאמ,גרמים,700.00,100 גרם,false,1,41.90,5.9857,true,1,11937
7290013675545,false,שניצל עוף כלי תחבורה,תנובה גליל,,שניצל עוף כלי תחבורה 700גר מאמא עוף,גרמים,700.00,100 גרם,false,1,29.90,4.2714,true,1,16899
7290013675958,false,רצועוף שומשום 500 גר,תנובה גליל,,רצועוף שומשום 500 גר מאמא עוף,גרמים,500.00,100 גרם,false,1,22.90,4.5800,true,1,28997
7290013675972,false,רצועוף טעם גריל 500,תנובה גליל,,רצועוף טעם גריל 500 גר מאמא עוף,גרמים,500.00,100 גרם,false,1,22.90,4.5800,true,1,28999
7290013702036,false,מים שוופס אפרסק 500מ,יפאורה,,מים שוופס אפרסק 500מל פקדון,מיליליטרים,500.00,"100 מ""ל",false,1,6.90,1.3800,true,1,12200
7290013702050,false,מים שוופס ענבים 500מ,יפאורה,,מים שוופס ענבים 500מל פקדון,מיליליטרים,500.00,"100 מ""ל",false,1,6.90,1.3800,true,1,12201
7290013702388,false,מים שוופס תפוח 500מל,יפאורה,,מים שוופס תפוח 500מל פקדון,מיליליטרים,500.00,"100 מ""ל",false,1,6.90,1.3800,true,1,12203
7290013702418,false,משקה שוופס מוגז עדין,יפאורה,,משקה שוופס מוגז עדין אפרסק 330 מל,מיליליטרים,330.00,"100 מ""ל",false,1,5.00,1.5152,true,1,13975
7290013702425,false,משקה שוופס מוגז עדין,יפאורה,,משקה שוופס מוגז עדין פירות יער 330 מל,מיליליטרים,330.00,"100 מ""ל",false,1,5.00,1.5152,true,1,13976
7290013702708,false,משקה שוופס מוגז עדין,יפאורה,,משקה שוופס מוגז עדין אננס 330 מל,מיליליטרים,330.00,"100 מ""ל",false,1,5.00,1.5152,true,1,13977
7290013702883,false,משקה שוופס מוגז פינק,יפאורה,,משקה שוופס מוגז פינק למונייד 500מל פקדון,מיליליטרים,500.00,"100 מ""ל",false,1,6.90,1.3800,true,1,12205
7290013713001,false,בירה  גמס אמבר אייל,,IL,בירה  גמס אמבר אייל 330מל בקבוק,מיליליטרים,330.00,"100 מ""ל",false,24,14.90,4.5152,true,1,20182
7290013713018,false,בירה גמס לאגר כהה 33,,IL,בירה גמס לאגר כהה 330מל בקבוק,מיליליטרים,330.00,"100 מ""ל",false,24,14.90,4.5152,true,1,20185
7290013713025,false,בירה גמס פילס 330מל,,IL,בירה גמס פילס 330מל בקבוק,מיליליטרים,330.00,"100 מ""ל",false,24,14.90,4.5152,true,1,20183
7290013713049,false,בירה גמס 330מל בקבוק,,IL,בירה גמס 330מל בקבוק 8.8% אלכוהול,מיליליטרים,330.00,"100 מ""ל",false,24,14.90,4.5152,true,1,20181
7290013713056,false,בירה גמס סטאוט 330מל,,IL,בירה גמס סטאוט 330מל בקבוק,מיליליטרים,330.00,"100 מ""ל",false,24,14.90,4.5152,true,1,20186
7290013713094,false,בירה גמס 330מל בקבוק,,IL,בירה גמס 330מל בקבוק איי.פי.אי,מיליליטרים,330.00,"100 מ""ל",false,24,14.90,4.5152,true,1,20180
7290013724939,false,חמוציות בציפוי שוקול,"דין שיווק וקלייה בע""",,חמוציות בציפוי שוקולד מריר קופסא 160גר,גרמים,160.00,100 גרם,false,1,9.90,6.1875,true,1,7656
7290013724946,false,שקדים בציפוי שוקולד,"דין שיווק וקלייה בע""",,שקדים בציפוי שוקולד מריר קופסא 160גר,גרמים,160.00,100 גרם,false,1,9.90,6.1875,true,1,7648
7290013724953,false,חמוציות בציפוי שוקול,"דין שיווק וקלייה בע""",,חמוציות בציפוי שוקולד חלב קופסא 160גר,גרמים,160.00,100 גרם,false,1,9.90,6.1875,true,1,7649
7290013724960,false,שקדים בציפוי שוקולד,"דין שיווק וקלייה בע""",,שקדים בציפוי שוקולד חלב קופסא 160גר,גרמים,160.00,100 גרם,false,1,9.90,6.1875,true,1,7652
7290013724977,false,צימוקים בציפוי שוקול,"דין שיווק וקלייה בע""",,צימוקים בציפוי שוקולד מריר קופסא 160גר,גרמים,160.00,100 גרם,false,1,9.90,6.1875,true,1,7645
7290013724984,false,בוטנים בציפוי שוקולד,"דין שיווק וקלייה בע""",,בוטנים בציפוי שוקולד מריר קופסא 160גר,גרמים,160.00,100 גרם,false,1,9.90,6.1875,true,1,28740
7290013724991,false,אגוזי לוז בציפוי שוק,"דין שיווק וקלייה בע""",,אגוזי לוז בציפוי שוקולד חלב קופסא 160גר,גרמים,160.00,100 גרם,false,1,9.90,6.1875,true,1,7651
7290013725820,false,אגוזי לוז בציפוי שוק,"דין שיווק וקלייה בע""",,אגוזי לוז בציפוי שוקולד מריר קופסא 160גר,גרמים,160.00,100 גרם,false,1,9.90,6.1875,true,1,7646
7290013725837,false,שומשום בציפוי שוקולד,"דין שיווק וקלייה בע""",,שומשום בציפוי שוקולד חלב קופסא 160גר,גרמים,160.00,100 גרם,false,1,9.90,6.1875,true,1,28741
7290013725844,false,שומשום בציפוי שוקולד,"דין שיווק וקלייה בע""",,שומשום בציפוי שוקולד מריר קופסא 160גר,גרמים,160.00,100 גרם,false,1,9.90,6.1875,true,1,7647
7290013746238,false,עוגיות דגן שוקו ציפס,,,עוגיות דגן שוקו ציפס קוקיס ל.ס 300 גר,גרמים,250.00,100 גרם,false,1,27.90,11.1600,true,1,16876
7290013746368,false,עוגיות דגן שקדים ל.ס,,,עוגיות דגן שקדים ל.ס 300 גר,גרמים,300.00,100 גרם,false,1,27.90,9.3000,true,1,16877
7290013746504,false,עוגיות דגן מקלוני עש,,,עוגיות דגן מקלוני עשבי תיבול ל.ס 200 גר,גרמים,200.00,100 גרם,false,1,21.90,10.9500,true,1,16869
7290013746672,false,עוגיות דגן אגוזים ל.,,,עוגיות דגן אגוזים ל.ס 300 גר,גרמים,250.00,100 גרם,false,1,27.90,11.1600,true,1,16875
7290013746689,false,עוגיות דגן שבולת שוע,,,עוגיות דגן שבולת שועל אוכמניו ל.ס 300 גר,גרמים,250.00,100 גרם,false,1,27.90,11.1600,true,1,16874
7290013746788,false,עוגיות דגן עגבניה וא,,,עוגיות דגן עגבניה ואורגנו ל.ס 200 גר,גרמים,200.00,100 גרם,false,1,21.90,10.9500,true,1,16870
7290013755292,false,יין כרם אליה 750 מל,,,יין כרם אליה 750 מל,מיליליטרים,750.00,"100 מ""ל",false,6,110.00,14.6667,true,1,43994
7290013755308,false,יין אסטייט שקמה רוזה,,IL,יין אסטייט שקמה רוזה דולמן 750 מל,מיליליטרים,750.00,"100 מ""ל",false,12,65.00,8.6667,true,1,38319
7290013755346,false,יין אדר סוביניון בלא,,IL,יין אדר סוביניון בלאן 750 מל,מיליליטרים,750.00,"100 מ""ל",false,12,60.00,8.0000,true,1,29618
7290013755377,false,יין דליה קברנה פטיט,,IL,יין דליה קברנה פטיט מרלו 750 מל,מיליליטרים,750.00,"100 מ""ל",false,12,60.00,8.0000,true,1,29617
7290013755391,false,יין רומי קברנה פטיט,,IL,יין רומי קברנה פטיט מרלו 750 מל,מיליליטרים,750.00,"100 מ""ל",false,12,60.00,8.0000,true,1,29619
7290013764003,false,שיכר לימונדה קלאסי א,,BE,שיכר לימונדה קלאסי אוק אנד אש330מל פקדון,מיליליטרים,330.00,"100 מ""ל",false,24,14.90,4.5152,true,1,42484
7290013764027,false,סיידר תפוחים יבש אוק,,BE,סיידר תפוחים יבש אוק אנד אש 330מל ב.פקדו,מיליליטרים,330.00,"100 מ""ל",false,24,14.90,4.5152,true,1,42480
7290013764102,false,סיידר תפוחים מתובל א,,BE,סיידר תפוחים מתובל אוק אנד אש 330מל פקדו,מיליליטרים,330.00,"100 מ""ל",false,24,14.90,4.5152,true,1,42481
7290013764140,false,שיכר לימונדה חמוציות,,BE,שיכר לימונדה חמוציות אוק אנד אש330מל פקד,מיליליטרים,330.00,"100 מ""ל",false,24,14.90,4.5152,true,1,42483
7290013771216,false,גבינת פאטקי 16% שומן,,,גבינת פאטקי 16% שומן 250 גרם,גרמים,250.00,100 גרם,false,1,14.90,5.9600,true,1,14475
7290013771384,false,יוגורט יווני 8% 400,,,יוגורט יווני 8% 400 גרם,גרמים,400.00,100 גרם,false,1,10.90,2.7250,true,1,13890
7290013787156,false,רוטב שמנת גראנה פדאנ,פסטה ריקו,IL,רוטב שמנת גראנה פדאנו 200גר פסטה ריקו,גרמים,200.00,100 גרם,false,6,12.90,6.4500,true,1,25706
7290013787163,false,רוטב שמנת רוזה 200גר,פסטה ריקו,IL,רוטב שמנת רוזה 200גר פסטה ריקו,גרמים,200.00,100 גרם,false,6,12.90,6.4500,true,1,25707
7290013787170,false,רוטב שמנת פטריות 200,פסטה ריקו,IL,רוטב שמנת פטריות 200גר פסטה ריקו,גרמים,200.00,100 גרם,false,6,12.90,6.4500,true,1,25708
7290013787194,false,רוטב שמנת בטטה 200גר,פסטה ריקו,IL,רוטב שמנת בטטה 200גר פסטה ריקו,גרמים,200.00,100 גרם,false,6,12.90,6.4500,true,1,25709
7290013787354,false,פסטה פוזילי 500 גרם,פסטה ריקו,IL,פסטה פוזילי 500 גרם פסטה ריקו,גרמים,500.00,100 גרם,false,6,9.90,1.9800,true,1,25699
7290013787392,false,רביולי גבינות קלאסי,פסטה ריקו,IL,רביולי גבינות קלאסי 330גר פסטה ריקו,גרמים,330.00,100 גרם,false,6,24.90,7.5455,true,1,25702
7290013787408,false,רביולי בטטה 330 גרם,פסטה ריקו,IL,רביולי בטטה 330 גרם פסטה ריקו,גרמים,330.00,100 גרם,false,6,24.90,7.5455,true,1,25703
7290013787415,false,רביולי ריקוטה תרד 33,פסטה ריקו,IL,רביולי ריקוטה תרד 330 גרם פסטה ריקו,גרמים,330.00,100 גרם,false,6,24.90,7.5455,true,1,25704
7290013787422,false,פלין פטריות בטעם כמה,פסטה ריקו,IL,פלין פטריות בטעם כמהין 330גרם פסטה ריקו,גרמים,330.00,100 גרם,false,6,25.90,7.8485,true,1,25705
7290013816009,false,שוקולד הולי קקאו 90%,"הולי קקאו שוקולד בע""",IL,שוקולד הולי קקאו 90% מריר אורגני 100 ג,גרמים,100.00,100 גרם,false,15,17.90,17.9000,true,1,13955
7290013816221,false,שוקולד ציפס 50% מריר,"הולי קקאו שוקולד בע""",IL,שוקולד ציפס 50% מריר הולי קקאו 250 גרם,גרמים,250.00,100 גרם,false,12,19.90,7.9600,true,1,23832
7290013816238,false,טיפות שוקולד 70% מרי,"הולי קקאו שוקולד בע""",IL,טיפות שוקולד 70% מריר הולי קקאו 250 גרם,גרמים,250.00,100 גרם,false,12,19.90,7.9600,true,1,23831
7290013816245,false,שוקולד הולי קקאו 60%,"הולי קקאו שוקולד בע""",IL,שוקולד הולי קקאו 60% מריר אורגני 100 ג,גרמים,100.00,100 גרם,false,15,17.90,17.9000,true,1,42283
7290013816443,false,שוקולד הולי קקאו 80%,"הולי קקאו שוקולד בע""",IL,שוקולד הולי קקאו 80% מריר אורגני 100 ג,גרמים,100.00,100 גרם,false,15,17.90,17.9000,true,1,13954
7290013816894,false,שוקולד הולי קקאו 70%,"הולי קקאו שוקולד בע""",IL,שוקולד הולי קקאו 70% מריר אורגני 100 ג,גרמים,100.00,100 גרם,false,15,17.90,17.9000,true,1,42284
7290013816917,false,שוקולד הולי קקאו 100,"הולי קקאו שוקולד בע""",IL,שוקולד הולי קקאו 100% מריר אורגני 100 ג,גרמים,100.00,100 גרם,false,15,17.90,17.9000,true,1,42285
7290013824851,false,יין קברנה סוביניון ר,יקב שטרן,IL,יין קברנה סוביניון רזרב כשר 2016 750 מל,מיליליטרים,750.00,"100 מ""ל",false,6,120.00,16.0000,true,1,21806
7290013847386,false,טונה  סטארקיסט 4% בש,,,טונה  סטארקיסט 4% בשמן צמחי 140 גר,גרמים,160.00,100 גרם,false,1,7.90,4.9375,true,1,19403
7290013847393,false,טונה  סטארקיסט 4% עש,,,טונה  סטארקיסט 4% עשבי תיבול 140 גר,גרמים,160.00,100 גרם,false,1,7.90,4.9375,true,1,19404
7290013847409,false,טונה  סטארקיסט 4% פל,,,טונה  סטארקיסט 4% פלפל לימון 140 גר,גרמים,160.00,100 גרם,false,1,7.90,4.9375,true,1,19405
7290013847454,false,מארז4 טונה סטארקיסט,,,רביעיית טונה סטארקיסט שמן קנולה160גר,גרמים,640.00,100 גרם,false,1,24.90,3.8906,true,1,15300
7290013847553,false,מארז4 טונה סטארקיסט,סטארקיסט,,רביעיית טונה סטארקיסט דלת נתרן מים 160 ג,גרמים,640.00,100 גרם,false,1,24.90,3.8906,true,1,12677
7290013847645,false,טונה סטארקיסט שמן זי,סטארקיסט,,טונה סטארקיסט שמן זית 3 יח 80 גרם,גרמים,240.00,100 גרם,false,1,19.90,8.2917,true,1,17953
7290013847812,false,טונה ילופין סטארקיסט,,,טונה ילופין סטארקיסט שמן זית 140 גרם,גרמים,140.00,100 גרם,false,1,8.90,6.3571,true,1,16396
7290013848017,false,מרסס לניקוי נירוסטה,,IL,מרסס לניקוי נירוסטה 500מל,מיליליטרים,500.00,"100 מ""ל",false,12,19.90,3.9800,true,1,18241
7290013848345,false,מארז 3יח מטליות לחות,סנו,IL,מארז 3יח מטליות לחות לחיטוי 99% 50יח,יחידה,150.00,יחידה,false,8,23.90,0.1593,true,1,20225
7290013848383,false,גל רחצה אלוורה קרמה,,,גל רחצה אלוורה קרמה אקטיב בלוק 700 מל,מיליליטרים,700.00,"100 מ""ל",false,1,14.90,2.1286,true,1,8880
7290013848420,false,דאודורנט קרמה גל אקט,,,דאודורנט קרמה גל אקטיב בלוק 70מל,Unknown,0.00,Unknown,false,12,15.90,0.0000,true,1,18661
7290013848437,false,דאודורנט קרמה ספריי,,,דאודורנט קרמה ספריי אקטיב בלוק 200 מל,מיליליטרים,200.00,"100 מ""ל",false,12,15.90,7.9500,true,1,18663
7290013848581,false,מגבת נייר סושי גלילי,,,מגבת נייר סושי גלילי ענק,מטרים,61.00,מטר,false,1,11.90,0.1951,true,1,8304
7290013848611,false,רדיד אלומיניום סנו ס,,,רדיד אלומיניום סנו סושי61מ 15מיקרון,מטרים,61.00,מטר,false,1,36.90,0.6049,true,1,8303
7290013848727,false,מטהר אויר סנו פרש או,,,מטהר אויר סנו פרש אוטומטי+מילוי הרמוניה,יחידה,1.00,יחידה,false,1,39.90,39.9000,true,1,15889
7290013848734,false,מטהר אויר סנו פרש או,,,מטהר אויר סנו פרש אוטומטי+מילוי איזון רך,יחידה,1.00,יחידה,false,1,39.90,39.9000,true,1,15888
7290013848758,false,גל כביסה מקסימה בייב,,,גל כביסה מקסימה בייבי סנסטיב  3 ל,ליטרים,3.00,ליטר,false,1,29.90,9.9667,true,1,9571
7290013848970,false,דאודורנט קרמה ספריי,סנו,,דאודורנט קרמה ספריי קלאסי 150 מל,מיליליטרים,150.00,"100 מ""ל",false,1,12.90,8.6000,true,1,14708
7290013861054,false,צימוקים בציפוי שוקול,"דין שיווק וקלייה בע""",,צימוקים בציפוי שוקולד חלב קופסא 160גר,גרמים,160.00,100 גרם,false,1,9.90,6.1875,true,1,7650
7290013861061,false,בוטנים בציפוי שוקולד,"דין שיווק וקלייה בע""",,בוטנים בציפוי שוקולד חלב קופסא 160גר,גרמים,160.00,100 גרם,false,1,9.90,6.1875,true,1,28742
7290013861412,false,חטיף קוקוס 250 גר,גודיס,,חטיף קוקוס 250 גר,גרמים,250.00,100 גרם,false,1,10.00,4.0000,true,1,10712
7290013861429,false,חטיפי שומשום מסוכר 2,גודיס,,שומשום מסוכר 250 גר,גרמים,250.00,100 גרם,false,1,10.00,4.0000,true,1,10710
7290013861443,false,בוטנים מסוכרים 250 ג,גודיס,,בוטנים מסוכרים 250 גר,גרמים,250.00,100 גרם,false,1,10.00,4.0000,true,1,10711
7290013883148,false,סופג ריחות למקרר הפי,רלווי,,סופג ריחות למקרר הפי,Unknown,0.00,Unknown,false,1,9.90,0.0000,true,1,9091
7290013883407,false,מרסס דזיטול נגד חייד,מרקה,,מרסס דזיטול נגד חיידקים 500 מל,מיליליטרים,500.00,"100 מ""ל",false,1,12.90,2.5800,true,1,8041
7290013883414,false,מסיר חלודה הפי 470 מ,סאמיט,,מסיר חלודה הפי 470 מל,מיליליטרים,470.00,"100 מ""ל",false,1,29.90,6.3617,true,1,10308
7290013883490,false,מדליק פחם מוצק  הפי,דה טורן,,מדליק פחם מוצק  הפי 250גר,גרמים,250.00,100 גרם,false,1,9.90,3.9600,true,1,8478
7290013903075,false,תחליף בולגרית טבעוני,ביוט איילנד פודס בעמ,,תחליף בולגרית טבעוני 200 גרם ליב,גרמים,200.00,100 גרם,false,1,22.90,11.4500,true,1,13451
7290013903082,false,תחליף צפתית טבעוני 2,ביוט איילנד פודס בעמ,,תחליף צפתית טבעוני 200 גרם ליב,גרמים,200.00,100 גרם,false,1,22.90,11.4500,true,1,13453
7290013903235,false,פטל שחור אורגני 300,,RS,פטל שחור אורגני 300 גרם ליב,גרמים,300.00,100 גרם,false,6,18.90,6.3000,true,1,42670
7290013903259,false,תות שדה אורגני 300 ג,,RS,תות שדה אורגני 300 גרם ליב,גרמים,300.00,100 גרם,false,6,18.90,6.3000,true,1,42671
7290013903273,false,פולי סויה אדממה אורג,,CN,פולי סויה אדממה אורגני 400גר,גרמים,400.00,100 גרם,false,12,10.90,2.7250,true,1,20863
7290013903310,false,טופו אורגני 500 גרם,,IL,טופו אורגני 500 גרם 2יח נפרדות,גרמים,500.00,100 גרם,false,9,18.90,3.7800,true,1,20351
7290013903327,false,טופו  טבעי 500 גרם,,IL,טופו  טבעי 500 גרם  2 יח נפרדות,גרמים,500.00,100 גרם,false,9,16.90,3.3800,true,1,20352
7290013903389,false,שעועית ירוקה אורגנית,,CN,שעועית ירוקה אורגנית קלופה 500גר קפוא,גרמים,500.00,100 גרם,false,12,10.00,2.0000,true,1,29583
7290013903396,false,גרעיני תירס מתוק אור,,CN,גרעיני תירס מתוק אורגני 500גר קפוא,גרמים,500.00,100 גרם,false,12,12.90,2.5800,true,1,29584
7290013903464,false,פולי סויה אורגנים קל,,CN,פולי סויה אורגנים קלופים 500גר קפוא,גרמים,500.00,100 גרם,false,12,11.90,2.3800,true,1,29582
7290013903594,false,רסק תפוחים 670 גר טע,,,רסק תפוחים 670 גר טעמי הגליל ליב,גרמים,670.00,100 גרם,false,1,10.00,1.4925,true,1,24493
7290013903976,false,דומדמניות אדומות אור,,RS,דומדמניות אדומות אורגני 300גר,גרמים,300.00,100 גרם,false,6,18.90,6.3000,true,1,42267
7290013903983,false,דומדמניות שחורות אור,,RS,דומדמניות שחורות אורגני 300גר,גרמים,300.00,100 גרם,false,6,18.90,6.3000,true,1,42266
7290013903990,false,פרוסות בננה ותות שדה,,RS,פרוסות בננה ותות שדה אורגני 300גר,גרמים,300.00,100 גרם,false,6,18.90,6.3000,true,1,42265
7290013906052,false,נקניקיות פרגיות 300,,,נקניקיות פרגיות 300 גר,גרמים,300.00,100 גרם,false,1,11.90,3.9667,true,1,8009
7290013906205,false,פסטרמה שום וצילי 400,,,פסטרמה שום וצילי 400 ג,גרמים,400.00,100 גרם,false,1,26.90,6.7250,true,1,8766
7290013906212,false,נקניקיות וינר 1 קג,,,נקניקיות וינר 1 קג,גרמים,1000.00,100 גרם,false,1,26.90,2.6900,true,1,8925
7290013906441,false,קבנוס 120 גר,,,קבנוס 120 גר,גרמים,120.00,100 גרם,false,1,9.90,8.2500,true,1,9271
7290013906458,false,קבנוס פיקנטי 120 גר,,,קבנוס פיקנטי 120 גר,גרמים,120.00,100 גרם,false,1,9.90,8.2500,true,1,9272
7290013906489,false,חטיפי קבנוס 120 גר,,,חטיפי קבנוס 120 גר,גרמים,120.00,100 גרם,false,1,9.90,8.2500,true,1,9273
7290013906496,false,סלסולי פסטרמה עגל רו,,,סלסולי פסטרמה עגל רומנית 120 גר,גרמים,120.00,100 גרם,false,1,10.90,9.0833,true,1,29620
7290013927637,false,חלבה אחווה ל.ס 400 ג,,,חלבה אחווה לייט 400 גר,גרמים,400.00,100 גרם,false,1,12.90,3.2250,true,1,19975
7290013937001,false,מאגדת שישיית ארטיקים,,,מאגדת שישיית ארטיקים טבעיים מעורב,יחידה,6.00,יחידה,false,1,25.90,4.3167,true,1,11674
7290013937018,false,מאגדת שישיית ארטיקים,,,מאגדת שישיית ארטיקים טבעיים רימונים,יחידה,6.00,יחידה,false,1,25.90,4.3167,true,1,11750
7290013937025,false,מאגדת שישיית ארטיקים,,,מאגדת שישיית ארטיקים טבעיים תות בננה,יחידה,6.00,יחידה,false,1,25.90,4.3167,true,1,11393
7290013937032,false,מאגדת שישיית ארטיקים,,,מאגדת שישיית ארטיקים טבעיים מנגו,יחידה,6.00,יחידה,false,1,25.90,4.3167,true,1,11394
7290013937049,false,מאגדת שישיית ארטיקים,,,מאגדת שישיית ארטיקים טבעיים מעורב,יחידה,6.00,יחידה,false,1,25.90,4.3167,true,1,11396
7290013937056,false,מאגדת שישיית ארטיקים,,,מאגדת שישיית ארטיקים טבעיים מעורב,יחידה,6.00,יחידה,false,1,25.90,4.3167,true,1,11397
7290013937063,false,מאגדת שישיית ארטיקים,,,מאגדת שישיית ארטיקים טבעיים קוקוס,יחידה,6.00,יחידה,false,1,25.90,4.3167,true,1,11395
7290013937070,false,מאגדת שישיית ארטיקים,,,מאגדת שישיית ארטיקים טבעיים מעורב,יחידה,6.00,יחידה,false,1,25.90,4.3167,true,1,11398
7290013937087,false,מאגדת שישיית ארטיקים,,,מאגדת שישיית ארטיקים טבעיים קוקוס קקאו,יחידה,6.00,יחידה,false,1,25.90,4.3167,true,1,12823
7290013937094,false,מאגדת שישיית ארטיקים,,,מאגדת שישיית ארטיקים טבעיים קוקוס קפה,יחידה,6.00,יחידה,false,1,25.90,4.3167,true,1,12822
7290013937100,false,מאגדת שישיית ארטיקים,,,מאגדת שישיית ארטיקים טבעיים סורבה חמוץ,יחידה,6.00,יחידה,false,1,25.90,4.3167,true,1,31910
7290013937933,false,מאגדת שישיית ארטיקים,,,מאגדת שישיית ארטיקים טבעיים סורבה אננס,יחידה,6.00,יחידה,false,1,25.90,4.3167,true,1,31909
7290013937940,false,מאגדת 3יח ארטיקים טב,פריז ארטיקים טבעיים,,מאגדת 3יח ארטיקים טבעיים קוקוס קקאו,יחידה,3.00,יחידה,false,1,27.90,9.3000,true,1,16591
7290013937971,false,מאגדת שישיית ארטיקים,,,מאגדת שישיית ארטיקים טבעיים מיני מובחרים,יחידה,6.00,יחידה,false,1,25.90,4.3167,true,1,16543
7290013937988,false,מאגדת 3יח ארטיקים טב,פריז ארטיקים טבעיים,,מאגדת 3יח ארטיקים טבעיים קוקוס 240גרם,יחידה,3.00,יחידה,false,1,27.90,9.3000,true,1,13088
7290013994004,false,אורז ארוך לבן אורגני,,,אורז ארוך לבן אורגני 500 גר הרדוף,גרמים,500.00,100 גרם,false,1,10.90,2.1800,true,1,15742
7290013994011,false,אורז חום מלא אורגני,,,אורז חום מלא אורגני 500 גר הרדוף,גרמים,500.00,100 גרם,false,1,10.90,2.1800,true,1,15743
7290013994066,false,ספלטפלקס מכוסמין אור,,,ספלטפלקס מכוסמין אורגני 375 גר הרדוף,גרמים,375.00,100 גרם,false,1,22.90,6.1067,true,1,15785
7290013994219,false,עדשים חומות אורגני 5,,,עדשים חומות אורגני 500 גר הרדוף,גרמים,500.00,100 גרם,false,1,12.90,2.5800,true,1,15741
7290013994288,false,קינואה רויאל אורגני,,,קינואה רויאל אורגני 1 קג הרדוף,קילוגרמים,1.00,"ק""ג",false,1,29.90,29.9000,true,1,15776
7290013994295,false,קינואה אדומה אורגנית,,,קינואה אדומה אורגנית 500 גר הרדוף,גרמים,500.00,100 גרם,false,1,20.90,4.1800,true,1,15751
7290013994301,false,קינואה שחורה אורגנית,,,קינואה שחורה אורגנית 500 גר הרדוף,גרמים,500.00,100 גרם,false,1,20.90,4.1800,true,1,15752
7290013994318,false,קינואה מעורבת אורגני,,,קינואה מעורבת אורגנית 500 גר הרדוף,גרמים,500.00,100 גרם,false,1,19.90,3.9800,true,1,15753
7290013994417,false,גרעיני שבולת שועל או,,,גרעיני שבולת שועל אורגני 500 גר הרדוף,גרמים,500.00,100 גרם,false,1,9.90,1.9800,true,1,15780
7290013994424,false,גרעיני כוסמין אורגני,,,גרעיני כוסמין אורגני 500 גר הרדוף,גרמים,500.00,100 גרם,false,1,10.90,2.1800,true,1,15782
7290013994547,false,אורז בסמטי מלא אורגנ,,,אורז בסמטי מלא אורגני  500גר הרדוף,גרמים,500.00,100 גרם,false,1,12.90,2.5800,true,1,15737
7290013994554,false,אורז בסמטי לבן אורגנ,,,אורז בסמטי לבן אורגני  500גר הרדוף,גרמים,500.00,100 גרם,false,1,12.90,2.5800,true,1,15736
7290013994578,false,סובין שבולת שועל אור,,,סובין שבולת שועל אורגני 300 גר הרדוף,גרמים,300.00,100 גרם,false,1,9.90,3.3000,true,1,15745
7290013994585,false,גרעיני דלעת קלופים א,,,גרעיני דלעת קלופים אורגני 300 גר הרדוף,גרמים,300.00,100 גרם,false,1,18.90,6.3000,true,1,15746
7290013994653,false,קינואה רויאל אורגנית,,,קינואה רויאל אורגנית 500 גר הרדוף,גרמים,500.00,100 גרם,false,1,17.90,3.5800,true,1,15750
7290013994677,false,עדשים שחורות אורגניו,,,עדשים שחורות אורגניות 500 גר הרדוף,גרמים,500.00,100 גרם,false,1,15.90,3.1800,true,1,15747
7290013994684,false,אפונה ירוקה אורגני 5,,,אפונה ירוקה אורגני 500 גר הרדוף,גרמים,500.00,100 גרם,false,1,13.90,2.7800,true,1,15748
7290013994707,false,פופקורן אורגני 1 קג,,,פופקורן אורגני 1 קג הרדוף,קילוגרמים,1.00,"ק""ג",false,1,11.90,11.9000,true,1,15749
7290013994714,false,ממרח  חרוב סויה אורג,,,ממרח  חרוב סויה אורגני 350 ג הרדוף,גרמים,350.00,100 גרם,false,1,19.90,5.6857,true,1,15735
7290013994776,false,גרגירי תירס קפוא אור,,,גרגירי תירס קפוא אורגני 800 גר הרדוף,גרמים,800.00,100 גרם,false,1,23.90,2.9875,true,1,15807
7290013994783,false,שעועית ירוקה קפואה א,,,שעועית ירוקה קפואה אורגנית 800 גר,גרמים,800.00,100 גרם,false,1,23.90,2.9875,true,1,15755
7290013994790,false,לקט ירקות קפוא אורגנ,,,לקט ירקות קפוא אורגני 800 גר הרדוף,גרמים,800.00,100 גרם,false,1,23.90,2.9875,true,1,15808
7290013994806,false,אפונה עדינה קפואה או,,,אפונה עדינה קפואה אורגנית 600 גר,גרמים,600.00,100 גרם,false,1,23.90,3.9833,true,1,15754
7290013994813,false,שעועית שחורה אורגני,,,שעועית שחורה אורגני 500 גר הרדוף,גרמים,500.00,100 גרם,false,1,11.90,2.3800,true,1,15778
7290013994820,false,שומשום שחור אורגני 3,,,שומשום שחור אורגני 300 גר הרדוף,גרמים,300.00,100 גרם,false,1,15.90,5.3000,true,1,15779
7290013994912,false,קמח כוסמין 70% אורגנ,,,קמח כוסמין 70% אורגני 1 קג הרדוף,קילוגרמים,1.00,"ק""ג",false,12,19.90,19.9000,true,1,23453
7290013994929,false,קוסקוס מלא אורגני 35,,,קוסקוס מלא אורגני 350 גר הרדוף,גרמים,350.00,100 גרם,false,1,9.90,2.8286,true,1,17369
7290013994943,false,קוסקוס אורגני 350 גר,,,קוסקוס אורגני 350 גר הרדוף,גרמים,350.00,100 גרם,false,1,9.90,2.8286,true,1,17371
7290014001084,false,רוטב סילאן תפוז משק,משק דבורים לין,,רוטב סילאן תפוז משק לין 320 גר,גרמים,320.00,100 גרם,false,1,23.90,7.4687,true,1,16685
7290014001145,false,רוטב סילאן ברביקיו ש,משק דבורים לין,,רוטב סילאן ברביקיו שום משק ליןן 300 גר,גרמים,300.00,100 גרם,false,1,23.90,7.9667,true,1,10488
7290014001275,false,רוטב סילאן ברביקיו ח,משק דבורים לין,,רוטב סילאן ברביקיו חריף משק לין300ג,גרמים,300.00,100 גרם,false,1,23.90,7.9667,true,1,10489
7290014001602,false,רוטב וינגרט רימונים,משק דבורים לין,,רוטב וינגרט רימונים דבש וגינגר 320 גר,גרמים,320.00,100 גרם,false,1,25.90,8.0937,true,1,13708
7290014002128,false,תה ירוק לימונית מנטה,תה ויסוצקי,,תה ירוק לימונית מנטה 1.5 ג 25 שק,יחידה,25.00,יחידה,false,1,22.90,0.9160,true,1,8379
7290014002135,false,תה ירוק מיקס 5טעמים,תה ויסוצקי,,תה ירוק מיקס 5טעמים  1.5 ג 25 שק,יחידה,25.00,יחידה,false,1,22.90,0.9160,true,1,8286
7290014002173,false,תה ירוק תפוז מנדרין,תה ויסוצקי,,תה ירוק תפוז מנדרין 1.5 ג 25 שק,יחידה,253.00,יחידה,false,1,22.90,0.0905,true,1,8366
7290014002197,false,תה גן הקסום קמומיל ו,תה ויסוצקי,,תה גן הקסום קמומיל ולימונית1.5ג25ש,יחידה,25.00,יחידה,false,1,16.90,0.6760,true,1,8370
7290014002203,false,תה גן  הקסום לימונית,תה ויסוצקי,,תה גן  הקסום לימונית לואיזה 1.5ג25שק,יחידה,25.00,יחידה,false,1,16.90,0.6760,true,1,8369
7290014002579,false,תה ירוק וניל 1.5 ג 2,תה ויסוצקי,,תה ירוק וניל 1.5 ג 25 שק,גרמים,38.00,100 גרם,false,1,22.90,60.2632,true,1,9114
7290014002944,false,תה גן קסום פירות חמד,תה ויסוצקי,,תה גן קסום פירות חמדת השקד2.3ג 25ש,יחידה,25.00,יחידה,false,12,16.90,0.6760,true,1,10501
7290014002982,false,תה ירוק לימונית לואי,תה ויסוצקי,,תה ירוק לימונית לואיזה סטיביה1.5 ג 25 שק,יחידה,25.00,יחידה,false,1,22.90,0.9160,true,1,9891
7290014021167,false,חליטת פניני יסמין מי,,CN,חליטת פניני יסמין מיובשים 50 גר,Unknown,0.00,Unknown,false,12,25.90,0.0000,true,1,39618
7290014021433,false,חליטת ורדים מיובשים,,CN,חליטת ורדים מיובשים 15 גר,Unknown,0.00,Unknown,false,12,9.90,0.0000,true,1,39617
7290014021501,false,חטיף פרי בננה קראנצי,,,חטיף פרי בננה קראנצי ללא סוכר מארז,לא מנהל יחידת מידה,72900.00,לא מנהל יחידת מידה,false,1,10.90,0.0001,true,1,16970
7290014021518,false,חטיף פרי אננס קראנצי,,,חטיף פרי אננס קראנצי ללא סוכר מארז,Unknown,0.00,Unknown,false,1,10.00,0.0000,true,1,16972
7290014021532,false,חטיף פרי אגס קראנצי,,,חטיף פרי אגס קראנצי ללא סוכר מארז,יחידה,10.00,יחידה,false,1,10.00,1.0000,true,1,16968
7290014021549,false,חטיף פרי תפוח קראנצי,,,חטיף פרי תפוח קראנצי ללא סוכר מארז,יחידה,10.00,יחידה,false,1,10.00,1.0000,true,1,17518
7290014021648,false,חטיף פרי משמש קראנצי,,,חטיף פרי משמש קראנצי ללא סוכר מארז,לא מנהל יחידת מידה,72900.00,לא מנהל יחידת מידה,false,1,10.90,0.0001,true,1,16971
7290014046016,false,פסטרמה של פעם 100% ח,,,פסטרמה של פעם 100% חומרים טבעיים 250 גר,גרמים,300.00,100 גרם,false,1,25.90,8.6333,true,1,9906
7290014046047,false,מארז צמד פסטרמה פפרי,,,מארז צמד פסטרמה פפריקה/ברביקיו 600 גרם,גרמים,600.00,100 גרם,false,1,25.90,4.3167,true,1,10203
7290014046436,false,נשנושי קבנוס 125 גר,,,נשנושי קבנוס 125 גר,גרמים,12500.00,100 גרם,false,1,12.90,0.1032,true,1,8918
7290014046474,false,נקניקיות עוף 1.5 קג,מעדני יחיעם,,נקניקיות עוף 1.5 קג,קילוגרמים,1.50,"ק""ג",false,1,27.90,18.6000,true,1,11091
7290014046580,false,פסטרמה מעודנת על גחל,,,פסטרמה מעודנת על גחלים 300 גרם,גרמים,300.00,100 גרם,false,1,21.90,7.3000,true,1,10624
7290014059078,false,מי פה אקווה פרש אקסט,,,מי פה אקווה פרש אקסטרים 500 מל,מיליליטרים,500.00,"100 מ""ל",false,1,19.90,3.9800,true,1,8340
7290014059085,false,מש.שיניים סנסודיין ש,סנסודיין,,מש.שיניים סנסודיין שיקום והגנה 75 מל,מיליליטרים,75.00,"100 מ""ל",false,1,21.90,29.2000,true,1,8111
7290014059436,false,משחת שיניים סנסודיין,סנסודיין,,משחת שיניים סנסודיין לשיקום והגנה מלבינה,מיליליטרים,75.00,"100 מ""ל",false,1,21.90,29.2000,true,1,9550
7290014059795,false,ספירה מכשיר עם 60 טב,,,ספירה מכשיר עם 60 טבליות,יחידה,60.00,יחידה,false,1,27.90,0.4650,true,1,8827
7290014066243,false,מארז 3 קפסולות לנדוו,קפה לנדוור,IL,מארז 3 קפסולות לנדוור+2כוסות קפה,יחידה,30.00,יחידה,false,10,44.90,1.4967,true,1,32610
7290014066359,false,קפסולות אספרסו לנדוו,קפה לנדוור,IL,קפסולות אספרסו לנדוור 06בלנסד 10 יח,יחידה,10.00,יחידה,false,12,15.90,1.5900,true,1,24614
7290014066366,false,קפסולות אספרסו לנדוו,קפה לנדוור,IL,קפסולות אספרסו לנדוור08ריסטרטו 10 יח,יחידה,10.00,יחידה,false,12,15.90,1.5900,true,1,24618
7290014066373,false,קפסולות אספרסו לנדוו,קפה לנדוור,IL,קפסולות אספרסו לנדוור09קלאסיק 10 יח,יחידה,10.00,יחידה,false,12,15.90,1.5900,true,1,24616
7290014066380,false,קפסולות אספרסו לנדוו,קפה לנדוור,IL,קפסולות אספרסו לנדוור10סופרימו 10 יח,יחידה,10.00,יחידה,false,12,15.90,1.5900,true,1,24615
7290014066441,false,קפסולות אספרסו לנדוו,קפה לנדוור,IL,קפסולות אספרסו לנדוור נטול קפאין 10 יח,יחידה,10.00,יחידה,false,12,15.90,1.5900,true,1,24613
7290014066526,false,קפסולות אספרסו לנדוו,קפה לנדוור,IL,קפסולות אספרסו לנדוור11הבית 10 יח,יחידה,10.00,יחידה,false,12,15.90,1.5900,true,1,24619
7290014066533,false,קפסולות אספרסו לנדוו,קפה לנדוור,IL,קפסולות אספרסו לנדוור12קליה כפולה 10 יח,יחידה,10.00,יחידה,false,12,15.90,1.5900,true,1,24617
7290014083806,false,עוגיות בטעם חמאה 350,דן קייק,,עוגיות בטעם חמאה 350 ג בקופסא,גרמים,350.00,100 גרם,false,1,11.90,3.4000,true,1,9243
7290014083813,false,שפרוטים מעושנים בשמן,Briavais Vilns,,שפרוטים מעושנים בשמן ריגה 190 גר,גרמים,190.00,100 גרם,false,1,7.90,4.1579,true,1,8643
7290014094338,false,גרעיני דלעת מקולפות,"דין שיווק וקלייה בע""",,גרעיני דלעת מקולפות 250 גרבקופסא,גרמים,250.00,100 גרם,false,1,14.90,5.9600,true,1,10366
7290014094345,false,גרעיני חמניה קלופים,"דין שיווק וקלייה בע""",,גרעיני חמניה קלופים 300 גר קופסא,גרמים,300.00,100 גרם,false,1,9.90,3.3000,true,1,10380
7290014094352,false,אגוזים קלופים 200 גר,"שקדיה גבע תעשיות בע""",,אגוזים קלופים 200 גר בקופסא,גרמים,200.00,100 גרם,false,1,15.90,7.9500,true,1,10375
7290014094369,false,שקד טבעי 200 גר בקופ,"דין שיווק וקלייה בע""",,שקד טבעי 200 גר בקופסא,גרמים,200.00,100 גרם,false,1,20.00,10.0000,true,1,10376
7290014094376,false,שזיף מגולען 250 גרם,"דין שיווק וקלייה בע""",,שזיף מגולען 250 גרם בקופסא,גרמים,250.00,100 גרם,false,1,19.90,7.9600,true,1,10370
7290014094383,false,משמש מיובש 250 גרם ב,"דין שיווק וקלייה בע""",,משמש מיובש 250 גרם בקופסא,גרמים,250.00,100 גרם,false,1,19.90,7.9600,true,1,10371
7290014094390,false,חמוציות 250 גרם בקופ,"דין שיווק וקלייה בע""",,חמוציות 250 גרם בקופסא,גרמים,250.00,100 גרם,false,1,12.90,5.1600,true,1,10365
7290014094406,false,צימוק לבן 330 גר בקו,"דין שיווק וקלייה בע""",,צימוק לבן 330 גר בקופסא,גרמים,330.00,100 גרם,false,1,15.90,4.8182,true,1,10367
7290014094482,false,רוטב צילי חריף אהרונ,הלתי פוד פרודקט,TH,רוטב צילי חריף אהרוני 700 מל,מיליליטרים,700.00,"100 מ""ל",false,1,10.90,1.5571,true,1,10383
7290014094529,false,רוטב סויה אהרוני 300,הלתי פוד פרודקט,TH,רוטב סויה אהרוני 300 מל,מיליליטרים,300.00,"100 מ""ל",false,1,10.90,3.6333,true,1,8947
7290014094543,false,תרסיס שמן קנולה שקדי,גאטה,,תרסיס שמן קנולה שקדיה 170 מל,מיליליטרים,170.00,"100 מ""ל",false,12,13.90,8.1765,true,1,10245
7290014094567,false,שמן זית אהרוני/שקדיה,"דין שיווק וקלייה בע""",,שמן זית אהרוני כתית מעולה 750 מל,מיליליטרים,750.00,"100 מ""ל",false,1,29.90,3.9867,true,1,10382
7290014094611,false,שקד מולבן פרוס 200 ג,"דין שיווק וקלייה בע""",,שקד מולבן פרוס 200 גר בקופסא,גרמים,200.00,100 גרם,false,1,21.90,10.9500,true,1,10373
7290014094628,false,אגוז פקאן טבעי 200 ג,"דין שיווק וקלייה בע""",,אגוז פקאן טבעי 200 גר בקופסא,גרמים,200.00,100 גרם,false,1,22.90,11.4500,true,1,10374
7290014094635,false,אגוז ברזיל 250 גר בק,"דין שיווק וקלייה בע""",,אגוז ברזיל 250 גר בקופסא,גרמים,250.00,100 גרם,false,1,24.90,9.9600,true,1,10377
7290014094642,false,אגוז קשיו טבעי 250 ג,"דין שיווק וקלייה בע""",,אגוז קשיו טבעי 250 גר בקופסא,גרמים,250.00,100 גרם,false,1,24.90,9.9600,true,1,10378
7290014094659,false,בונדוק טבעי 250 גר ב,"ליגו, ואני",,בונדוק טבעי 250 גר בקופסא,גרמים,250.00,100 גרם,false,1,26.00,10.4000,true,1,10379
7290014094796,false,משמש מיובש שקית 300,"דין שיווק וקלייה בע""",,משמש מיובש 300 גר,גרמים,300.00,100 גרם,false,1,15.90,5.3000,true,1,8582
7290014094826,false,שזיף מיובש מגולען שק,"דין שיווק וקלייה בע""",,שזיפים מיובשים ללא גלעין 300 גר,גרמים,300.00,100 גרם,false,1,15.90,5.3000,true,1,8637
7290014094833,false,צימוק בהיר 300 גר,"דין שיווק וקלייה בע""",,צימוק בהיר 300 גר,גרמים,300.00,100 גרם,false,1,12.90,4.3000,true,1,8636
7290014094840,false,צימוק כהה 300 גר,"דין שיווק וקלייה בע""",,צימוק כהה 300 גר,גרמים,300.00,100 גרם,false,1,10.90,3.6333,true,1,8666
7290014094857,false,פקאן סיני מסוכר 150,"דין שיווק וקלייה בע""",,פקאן סיני מסוכר 150 גר,גרמים,150.00,100 גרם,false,1,21.90,14.6000,true,1,8581
7290014094864,false,פיסטוק קלוי 170 ג,"דין שיווק וקלייה בע""",,פיסטוק קלוי 170 ג,גרמים,170.00,100 גרם,false,1,16.90,9.9412,true,1,8580
7290014094895,false,אגוזים קלופים ששון ה,"שקדיה גבע תעשיות בע""",IL,אגוזים קלופים ששון הקולה 150 ג,גרמים,150.00,100 גרם,false,1,10.90,7.2667,true,1,8584
7290014094901,false,אגוז פקאן טבעי 150 ג,"דין שיווק וקלייה בע""",,אגוז פקאן טבעי 150 גר,גרמים,150.00,100 גרם,false,1,20.00,13.3333,true,1,8585
7290014095861,false,שיבולת שועל דקה שקדי,"דין שיווק וקלייה בע""",,קווקר שיבול שועל דקה 500 גר,גרמים,500.00,100 גרם,false,1,4.90,0.9800,true,1,8944
7290014095946,false,פקאן מצופה שוקולד מר,"דין שיווק וקלייה בע""",,פקאן מצופה שוקולד מריר 160 גר קופסא,גרמים,160.00,100 גרם,false,1,9.90,6.1875,true,1,11372
7290014095953,false,פקאן מצופה שוקולד חל,"דין שיווק וקלייה בע""",,פקאן מצופה שוקולד חלב160 גר קופסא,גרמים,160.00,100 גרם,false,1,9.90,6.1875,true,1,11373
7290014095960,false,729שיבולת שועל עבה ש,"דין שיווק וקלייה בע""",,קווקר שיבול שועל עבה 500 גר,גרמים,500.00,100 גרם,false,1,4.90,0.9800,true,1,8945
7290014126343,false,בישקוטים בונמי וניל,Bonomi,,בישקוטים בונמי וניל קקאו 200גר,גרמים,200.00,100 גרם,false,1,5.90,2.9500,true,1,9927
7290014126428,false,ממתיק סוכרלוז סטיביה,Surel,,ממתיק סוכרלוז סטיביה 150 טבליות,יחידה,150.00,יחידה,false,1,22.90,0.1527,true,1,10705
7290014151680,false,יין רוזה מדמוזל 2021,,,יין רוזה מדמוזל 2021 תיתורה 750מל,מיליליטרים,750.00,"100 מ""ל",false,1,80.00,10.6667,true,1,43496
7290014151697,false,יין לבן מדמוזל 2021,,,יין לבן מדמוזל 2021 תיתורה 750מל,מיליליטרים,750.00,"100 מ""ל",false,1,80.00,10.6667,true,1,43497
7290014151796,false,יין קברנה סוביניון 7,,,יין קברנה סוביניון 750מל תיתורה 2019 פקד,מיליליטרים,750.00,"100 מ""ל",false,1,110.00,14.6667,true,1,43498
7290014151802,false,יין מרלו 750מל גבעת,,,יין מרלו 750מל גבעת תיתורה 2019 פקדון,מיליליטרים,750.00,"100 מ""ל",false,1,110.00,14.6667,true,1,43499
7290014196063,false,נר ציטרונלה דוחה יתו,,,נר ציטרונלה דוחה יתושים,יחידה,1.00,יחידה,false,12,24.90,24.9000,true,1,31344
7290014217003,false,פפריקה מעושנת 90 ג מ,,,פפריקה מעושנת 90 ג מיכל גדול,Unknown,0.00,Unknown,false,1,7.90,0.0000,true,1,7923
7290014217010,false,תיבול לדגים במיכל 90,,,תיבול לדגים במיכל 90 גר,Unknown,0.00,Unknown,false,1,11.90,0.0000,true,1,8359
7290014217027,false,תיבול לעוף במיכל 120,,,תיבול לעוף במיכל 120 גר,גרמים,120.00,100 גרם,false,1,11.90,9.9167,true,1,8358
7290014217065,false,אורגנו עלים 30 ג מיכ,,,אורגנו עלים 30 ג מיכל גדול,Unknown,0.00,Unknown,false,1,7.90,0.0000,true,1,8149
7290014217119,false,תיבול לציפס מיכל גדו,,,תיבול לציפס מיכל גדול 100 גר,גרמים,100.00,100 גרם,false,1,7.90,7.9000,true,1,10644
7290014217140,false,תערובת ראס אלחנות מי,,,תערובת ראס אלחנות מיכל גדול 100 גר,גרמים,100.00,100 גרם,false,1,7.90,7.9000,true,1,10645
7290014217157,false,תיבול טוסקנה מיכל גד,,,תיבול טוסקנה מיכל גדול 100 גר,גרמים,100.00,100 גרם,false,1,7.90,7.9000,true,1,10642
7290014217164,false,פטרוזיליה במיכל 20 ג,,,פטרוזיליה במיכל 20 גר,Unknown,0.00,Unknown,false,1,7.90,0.0000,true,1,10646
7290014217171,false,תיבול לגריל דג מיכל,,,תיבול לגריל דג מיכל גדול 100 גר,גרמים,100.00,100 גרם,false,1,7.90,7.9000,true,1,10643
7290014217201,false,תערובת תיבול סומק 40,,,תערובת תיבול סומק 40 גר מיכל קטן,Unknown,0.00,Unknown,false,1,5.90,0.0000,true,1,12278
7290014217225,false,גריל עוף 120 ג מיכל,,,גריל עוף 120 ג מיכל גדול,גרמים,150.00,100 גרם,false,1,7.90,5.2667,true,1,10019
7290014217263,false,תיבול לפרגיות מיכל 1,,,תיבול לפרגיות מיכל 100 גרם,גרמים,100.00,100 גרם,false,1,7.90,7.9000,true,1,12876
7290014217348,false,צילי כתוש 70 גר מיכל,,,צילי כתוש 70 גר מיכל גדול,גרמים,150.00,100 גרם,false,1,7.90,5.2667,true,1,10022
7290014217355,false,אבקת קרי 100גר מיכל,,,אבקת קרי 100גר מיכל גדול,גרמים,150.00,100 גרם,false,1,7.90,5.2667,true,1,10023
7290014217362,false,תיבול לקציצות 100 ג,,,תיבול לקציצות 100 ג מיכל גדול,גרמים,100.00,100 גרם,false,1,7.90,7.9000,true,1,10024
7290014217386,false,זוג מרינדה צילי חריף,,,זוג מרינדה צילי חריף לעוף 80 גרם,Unknown,0.00,Unknown,false,1,10.00,0.0000,true,1,29851
7290014217393,false,צילי טחון חריף 30 גר,,,צילי טחון חריף 30 גר מיכל קטן,Unknown,0.00,Unknown,false,1,5.90,0.0000,true,1,32666
7290014217409,false,עשבי תיבול הרבס דה פ,,,עשבי תיבול הרבס דה פרובנס,Unknown,0.00,Unknown,false,1,7.90,0.0000,true,1,33118
7290014217478,false,עשבי תיבול איטלקי30ג,,,עשבי תיבול איטלקי30ג מיכל גדול,Unknown,0.00,Unknown,false,1,7.90,0.0000,true,1,13006
7290014217492,false,תיבול פילדלפיה 100 ג,,,תיבול פילדלפיה 100 ג מיכל גדול,גרמים,100.00,100 גרם,false,1,7.90,7.9000,true,1,13543
7290014217515,false,תערובת ציפוי מאפה מל,,,תערובת ציפוי מאפה מלוח מיכל 90 גרם,Unknown,0.00,Unknown,false,1,9.90,0.0000,true,1,17916
7290014217522,false,תערובת לחם שום מיכל,,,תערובת לחם שום מיכל 100 גרם,גרמים,100.00,100 גרם,false,1,9.90,9.9000,true,1,17914
7290014217911,false,פלפל אדום מתוק שלם 1,שטראוס,,פלפל אדום מתוק שלם 150 גרם,גרמים,150.00,100 גרם,false,1,12.90,8.6000,true,1,19913
7290014218321,false,בורקס יפו מעדנות גבי,תנובה מעדנות,,בורקס גבינה אישי 4יח 150 גרם,גרמים,600.00,100 גרם,false,1,14.90,2.4833,true,1,12363
7290014218338,false,בורקס יפו מעדנות תפו,תנובה מעדנות,,בורקס תפוא אישי 4יח 150 גרם,גרמים,600.00,100 גרם,false,1,14.90,2.4833,true,1,12364
7290014218536,false,בצק עלים מופחת שומן,תנובה מעדנות,,בצק עלים מופחת שומן 1 קג,גרמים,1000.00,100 גרם,false,1,18.90,1.8900,true,1,13791
7290014218932,false,חטיפי פיצה גבינה זית,תנובה מעדנות,IL,חטיפי פיצה גבינה זיתים 710 גר,גרמים,710.00,100 גרם,false,8,22.90,3.2254,true,1,20566
7290014256231,false,יין 4 חביות אדום יבש,,,יין 4 חביות אדום יבש  2014 750 מל,מיליליטרים,750.00,"100 מ""ל",false,1,60.00,8.0000,true,1,11887
7290014256620,false,יין קריניאן באז אדום,כרמל מזרחי,,""" יין קריניאן באז אדום  750 מל",מיליליטרים,750.00,"100 מ""ל",false,1,35.00,4.6667,true,1,10826
7290014256637,false,יין מוסקטו באז לבן 7,,,""""" יין מוסקטו באז לבן 750 מל",מיליליטרים,750.00,"100 מ""ל",false,1,35.00,4.6667,true,1,10825
7290014265066,false,יין הר עמשא לבן 2020,,,יין הר עמשא לבן 2020 750 מל,מיליליטרים,750.00,"100 מ""ל",false,1,100.00,13.3333,true,1,38511
7290014265806,false,יין  נחל יתיר אדום 2,כרמל מזרחי,IL,יין  נחל יתיר אדום 2018  750 מל,מיליליטרים,750.00,"100 מ""ל",false,6,150.00,20.0000,true,1,35072
7290014265820,false,יין הר עמשא אדום 201,,,יין הר עמשא 2018 750 מל,מיליליטרים,750.00,"100 מ""ל",false,1,100.00,13.3333,true,1,31454
7290014266001,false,בירה רונן אייל כהה מ,,IL,בירה רונן אייל כהה מר 330מל 6.2%בק.פקדון,מיליליטרים,330.00,"100 מ""ל",false,24,14.60,4.4242,true,1,32158
7290014266018,false,בירה רונן חיטה ענברי,,IL,בירה רונן חיטה ענברית 330מל 6.1%בק.פקדון,מיליליטרים,330.00,"100 מ""ל",false,24,14.60,4.4242,true,1,32157
7290014298200,false,בקבוק שתיה,,,בקבוק שתיה,יחידה,1.00,יחידה,false,1,29.90,29.9000,true,1,10950
7290014298705,false,כוס במבוק אביב/נוריו,,,כוס במבוק אביב/נוריות,יחידה,1.00,יחידה,false,1,12.00,12.0000,true,1,10602
7290014298989,false,בקבוק שתיה ייחודי,,,בקבוק שתיה ייחודי,יחידה,1.00,יחידה,false,1,39.90,39.9000,true,1,14747
7290014298996,false,בקבוק שתיה טרמי,,,בקבוק שתיה טרמי,יחידה,1.00,יחידה,false,1,49.90,49.9000,true,1,11410
7290014305045,false,בירה הדובים יונק הדב,,,בירה הדובים יונק הדבש 330 מל פקדון,מיליליטרים,330.00,"100 מ""ל",false,1,14.90,4.5152,true,1,15907
7290014305236,false,בירה הדובים טייפון 3,,,בירה הדובים טייפון 330 מל פקדון,מיליליטרים,330.00,"100 מ""ל",false,1,14.90,4.5152,true,1,17487
7290014305571,false,בירה הדובים עשן לבן,,,בירה הדובים עשן לבן 330 מל פקדון,מיליליטרים,330.00,"100 מ""ל",false,1,14.90,4.5152,true,1,32978
7290014318090,false,ניוקי מיני ללא גלוטן,,,ניוקי מיני ללא גלוטן וינצי 500 גר,גרמים,500.00,100 גרם,false,1,13.90,2.7800,true,1,10876
7290014318113,false,ניוקי תפא ללא גלוטן,,,ניוקי תפא ללא גלוטן וינצי 500 גר,גרמים,500.00,100 גרם,false,1,13.90,2.7800,true,1,10875
7290014318243,false,קמח פולנטה איטלקי עד,,,קמח פולנטה איטלקי עדין 1 קג,קילוגרמים,1.00,"ק""ג",false,1,12.90,12.9000,true,1,14916
7290014318250,false,פולנטה איטלקית מקורי,,,פולנטה איטלקית מקורית 1 קג,קילוגרמים,1.00,"ק""ג",false,1,12.90,12.9000,true,1,14917
7290014318281,false,ממרח פטריות כמהין 5%,טרטופי,IT,ממרח פטריות כמהין 5%  90 גר,Unknown,0.00,Unknown,false,1,46.90,0.0000,true,1,42832
7290014318854,false,דפי אורז מלא 250גר,,VN,דפי אורז מלא 250גר,גרמים,250.00,100 גרם,false,24,10.90,4.3600,true,1,23679
7290014318861,false,קרם קוקוס אורגני 18%,,LK,קרם קוקוס אורגני 18% שומן 250מל,גרמים,250.00,100 גרם,false,12,10.90,4.3600,true,1,23680
7290014318878,false,מיץ תפוח וגינגר אורג,,IT,מיץ תפוח וגינגר אורגני 750מל בק.פקדון,מיליליטרים,750.00,"100 מ""ל",false,6,17.90,2.3867,true,1,23690
7290014318885,false,מיץ תפוח ואוכמניות א,,IT,מיץ תפוח ואוכמניות אורגני 750מל בק.פקדון,מיליליטרים,750.00,"100 מ""ל",false,6,17.90,2.3867,true,1,23691
7290014338951,false,מארז וופל בלגי 10יח,,,מארז וופל בלגי 10יח 55 גרם,יחידה,10.00,יחידה,false,8,31.90,3.1900,true,1,35963
7290014338968,false,מיני פנקייק הולנדי ט,טימפוד,,מיני פנקייק הולנדי טימפוד 500 גרם,גרמים,500.00,100 גרם,false,1,34.90,6.9800,true,1,31575
7290014338975,false,קרפ  הולנדי 600 גרם,טימפוד,,קרפ  הולנדי 600 גרם 10יח,גרמים,600.00,100 גרם,false,1,26.90,4.4833,true,1,31574
7290014397163,false,מ.אויר סנו פרש מילוי,,,מ.אויר סנו פרש מילוי הרמוניה פרחונית 250,מיליליטרים,250.00,"100 מ""ל",false,1,14.90,5.9600,true,1,16098
7290014397170,false,מ.אויר סנו פרש מילוי,,,מ.אויר סנו פרש מילוי סופט בלאנק 250מל,מיליליטרים,250.00,"100 מ""ל",false,1,14.90,5.9600,true,1,16097
7290014397279,false,שקיות מזון סנו סושי,,,שקיות מזון סנו סושי 300 יח  27/21סמ,יחידה,300.00,יחידה,false,1,12.90,0.0430,true,1,8568
7290014397286,false,מרכך כביסה מקסימה קא,,,מרכך כביסה מקסימה קאר חלב ודבש 1ליטר,ליטרים,1.00,ליטר,false,1,17.90,17.9000,true,1,8877
7290014397293,false,מרכך כביסה מקסימה קא,,,מרכך כביסה מקסימה קאר פריחה לבנה 1ליטר,ליטרים,1.00,ליטר,false,1,17.90,17.9000,true,1,8878
7290014397453,false,גל מסיר כתמים סנו או,,,גל מסיר כתמים סנו אוקסיגן כביסה לבנה 3ל,ליטרים,3.00,ליטר,false,1,29.90,9.9667,true,1,8884
7290014397491,false,מ. אויר סנופרש פסיפל,,,מ. אויר סנופרש פסיפלורה ותפוז 350מ,מיליליטרים,350.00,"100 מ""ל",false,1,13.90,3.9714,true,1,8566
7290014397507,false,מ. אויר סנופרש הום ב,,,מ. אויר סנופרש הום בריח היסמין 350מל,מיליליטרים,350.00,"100 מ""ל",false,1,13.90,3.9714,true,1,8563
7290014397514,false,מ. אויר סנופרש הום ב,,,מ. אויר סנופרש הום בריח כותנה מלטפת 350מ,מיליליטרים,350.00,"100 מ""ל",false,1,13.90,3.9714,true,1,8562
7290014397521,false,מ. אויר סנופרש הום ב,,,מ. אויר סנופרש הום בריח לבנדר פרובאנ350מ,מיליליטרים,350.00,"100 מ""ל",false,1,13.90,3.9714,true,1,8565
7290014397538,false,מ. אויר סנופרש הום ב,,,מ. אויר סנופרש הום בריח בוקר אביבי 350מל,מיליליטרים,350.00,"100 מ""ל",false,1,13.90,3.9714,true,1,8564
7290014397675,false,מרכך כביסה סנומקסימה,,,מרכך כביסה סנומקסימה 4 ל חלב ודבש,ליטרים,4.00,ליטר,false,1,21.90,5.4750,true,1,14397
7290014397699,false,נוזל רצפה פוליויקס ג,,,נוזל רצפה פוליויקס גרניט פורצלן 2 +1ליטר,ליטרים,3.00,ליטר,false,1,19.90,6.6333,true,1,27184
7290014397705,false,נוזל רצפה פוליויקס פ,,,נוזל רצפה פוליויקס פרקט רענן 2 ליטר,ליטרים,2.00,ליטר,false,1,19.90,9.9500,true,1,9129
7290014397736,false,מרכך כביסה סנומקסימה,,,מרכך כביסה סנומקסימה 4 ל קר פריחה,ליטרים,4.00,ליטר,false,1,21.90,5.4750,true,1,9079
7290014397767,false,נוזל ריצפז פרש הום 2,,,נוזל ריצפז פרש הום 2 ליטר כותנה מלטפתסנו,ליטרים,2.00,ליטר,false,1,19.90,9.9500,true,1,9267
7290014397774,false,נוזל ריצפז פרש הום 2,,,נוזל ריצפז פרש הום 2 ליטר טבע רענן סנו,ליטרים,2.00,ליטר,false,1,19.90,9.9500,true,1,9268
7290014397781,false,נוזל ריצפז פרש הום ס,,,נוזל ריצפז פרש הום סבון מפנק סנו 2 לי,ליטרים,2.00,ליטר,false,1,19.90,9.9500,true,1,9269
7290014397835,false,סנומט דוחה יתושים מכ,,,סנומט דוחה יתושים מכשיר+נוזל 45לילות,Unknown,0.00,Unknown,false,1,42.90,0.0000,true,1,9984
7290014397842,false,דוחה יתושים סנומט מכ,,,דוחה יתושים סנומט מכשיר+מילוי 90 לילות,Unknown,0.00,Unknown,false,1,49.90,0.0000,true,1,11123
7290014397873,false,מרכך כביסה סנומקסימה,,,מרכך כביסה סנומקסימה 4 ל בריזה,ליטרים,4.00,ליטר,false,1,21.90,5.4750,true,1,22581
7290014397897,false,מבשם בגדים ואריגים כ,,,מבשם בגדים ואריגים כותנה 350מל סנו מקסימ,מיליליטרים,350.00,"100 מ""ל",false,1,14.90,4.2571,true,1,9430
7290014397903,false,מבשם בגדים ואריגים ס,,,מבשם בגדים ואריגים סופט 350מל סנו מקסימ,מיליליטרים,350.00,"100 מ""ל",false,1,14.90,4.2571,true,1,9431
7290014397958,false,סנו די רולאון דוחה י,,,סנו די רולאון דוחה יתושים ממקור טבעי 50מ,Unknown,0.00,Unknown,false,1,17.90,0.0000,true,1,9777
7290014426061,false,מש.שיניים הלו קיטי ל,,,מש.שיניים הלו קיטי לילדים,Unknown,0.00,Unknown,false,1,12.90,0.0000,true,1,9022
7290014435803,false,דג מטיאס הולנדי פרוב,,,דג מטיאס הולנדי פרובנציאל עם בצל 180גרם,גרמים,180.00,100 גרם,false,1,17.90,9.9444,true,1,10478
7290014435810,false,דג הרינג כבוש עם בצל,,,דג הרינג כבוש עם בצל חמוץ מתוק 180גרם,גרמים,180.00,100 גרם,false,1,17.90,9.9444,true,1,10480
7290014435827,false,דג פילה מקרל מעושן ב,,,דג פילה מקרל מעושן בשמן ויטהול 180גרם,גרמים,180.00,100 גרם,false,1,24.90,13.8333,true,1,10476
7290014435834,false,דג מקרל מעושן פרוס ב,,,דג מקרל מעושן פרוס בשמן 180 גרם,גרמים,180.00,100 גרם,false,1,24.90,13.8333,true,1,10477
7290014435841,false,דג פילה מטיאס הולנדי,,,דג פילה מטיאס הולנדי בשמן 180 גרם,גרמים,180.00,100 גרם,false,1,17.90,9.9444,true,1,10479
7290014435872,false,סלט הרינג עם מיונז 1,,,סלט הרינג עם מיונז 180 גרם,גרמים,180.00,100 גרם,false,1,17.90,9.9444,true,1,10483
7290014435889,false,סלט מטיאס עם מיונז 1,,,סלט מטיאס עם מיונז 180 גרם,גרמים,180.00,100 גרם,false,1,17.90,9.9444,true,1,10484
7290014451018,false,ספוג לשטיפת כלים ממו,,,ספוג לשטיפת כלים ממוחזר 4 יח,יחידה,4.00,יחידה,false,1,13.90,3.4750,true,1,9794
7290014451230,false,נייר אפיה טבעי 30 יח,,,נייר אפיה טבעי 30 יח נשלפים אחד אחד42/37,יחידה,30.00,יחידה,false,1,14.90,0.4967,true,1,14769
7290014451247,false,מטליות ניקוי רב פעמי,,,מטליות ניקוי רב פעמי ממוחזרות 92יח,יחידה,92.00,יחידה,false,1,14.90,0.1620,true,1,15450
7290014455245,false,גבינה גרנה פדנו משול,מחלבות גד,,גבינה גרנה פדנו משולש 200 גרם,גרמים,20000.00,100 גרם,false,13,22.90,0.1145,true,1,12240
7290014455252,false,גבינה גרנה פדנו מגור,מחלבות גד,,גבינה גרנה פדנו מגורד 100 גרם,גרמים,10000.00,100 גרם,false,1,10.00,0.1000,true,1,12241
7290014455320,false,גבינת  מוצרלה פרסקה,מחלבות גד,,גבינת  מוצרלה פרסקה 100 גר כדור,גרמים,100.00,100 גרם,false,1,10.00,10.0000,true,1,11142
7290014455467,false,מעדן שיבולת שועל וחל,מחלבות גד,,מעדן שיבולת שועל וחלב 2% שומן 150 גרם,גרמים,150.00,100 גרם,false,1,5.90,3.9333,true,1,12339
7290014455610,false,יוגורט עיזים תות 125,מחלבות גד,,יוגורט עיזים תות 125 גרם 2.8% שומן,גרמים,125.00,100 גרם,false,1,4.90,3.9200,true,1,13439
7290014455627,false,יוגורט עיזים דובדבן,מחלבות גד,,יוגורט עיזים דובדבן 125 גרם 2.8% שומן,גרמים,125.00,100 גרם,false,1,4.90,3.9200,true,1,13441
7290014459137,false,סטייק ציפס תפוגן  1.,תפוגן,,סטייק ציפס תפוגן  1.5 קג,גרמים,1500.00,100 גרם,false,1,19.90,1.3267,true,1,9634
7290014459267,false,ציפס פרוסות תפוגן1.5,תפוגן,,ציפס פרוסות תפוגן1.5 קג,גרמים,1500.00,100 גרם,false,1,19.90,1.3267,true,1,11244
7290014459373,false,תפוגן ציפס קראנצי לת,תפוגן,,תפוגן ציפס קראנצי לתנור 1.5קג,קילוגרמים,1.50,"ק""ג",false,1,19.90,13.2667,true,1,12439
7290014459472,false,ציפס קלאסי תפוגן 2קג,תפוגן,,ציפס קלאסי תפוגן 2קג,קילוגרמים,2.00,"ק""ג",false,1,26.90,13.4500,true,1,14529
7290014459939,false,ציפס אמריקאי 1.7 קג,תפוגן,IL,ציפס אמריקאי 1.7 קג תפוגן,גרמים,1700.00,100 גרם,false,6,17.90,1.0529,true,1,25394
7290014459953,false,ציפס זיג זג 1.7 קג,תפוגן,IL,ציפס זיג זג 1.7 קג  תפוגן,גרמים,1700.00,100 גרם,false,6,17.90,1.0529,true,1,25395
7290014466463,false,יין הר חרמון מוסקטו,יקבי רמת הגולן,,יין הר חרמון מוסקטו 2013 750מל פקדון,מיליליטרים,750.00,"100 מ""ל",false,1,40.00,5.3333,true,1,9388
7290014466609,false,יין גמלא מרלו  2012,יקבי רמת הגולן,,יין גמלא מרלו  2012 750 מל פיקדון,מיליליטרים,750.00,"100 מ""ל",false,1,60.00,8.0000,true,1,12406
7290014466807,false,יין ירדן 2 טי  מתוק,יקבי רמת הגולן,,יין ירדן 2 טי  מתוק עברית 2014 500 מל,מיליליטרים,500.00,"100 מ""ל",false,6,100.00,20.0000,true,1,25268
7290014466890,false,יין גמלא קברנה מרלו,יקבי רמת הגולן,,יין גמלא קברנה מרלו השמורה 750מל 2013,מיליליטרים,750.00,"100 מ""ל",false,1,60.00,8.0000,true,1,13456
7290014471412,false,מוזלי בוטנים אגוזים,"דין שיווק וקלייה בע""",,מוזלי בוטנים אגוזים ושקדים  1 קג שקדיה,קילוגרמים,1.00,"ק""ג",false,1,19.90,19.9000,true,1,9541
7290014471429,false,מוזלי פירות  1 קג שק,"דין שיווק וקלייה בע""",,מוזלי פירות  1 קג שקדיה,קילוגרמים,1.00,"ק""ג",false,1,19.90,19.9000,true,1,9540
7290014471436,false,מוזלי  צימוק תפוח עץ,"דין שיווק וקלייה בע""",,מוזלי  צימוק תפוח עץ קינמון 1 קג שקדיה,קילוגרמים,1.00,"ק""ג",false,1,19.90,19.9000,true,1,9537
7290014471443,false,גרנולה אגוזים 1 קג ש,"דין שיווק וקלייה בע""",,גרנולה אגוזים 1 קג שקדיה,קילוגרמים,1.00,"ק""ג",false,1,19.90,19.9000,true,1,9536
7290014471696,false,תירס מתובל 220 גר,"מנצ'יס בע""מ",,תירס מתובל 220 גר,גרמים,220.00,100 גרם,false,1,14.90,6.7727,true,1,9546
7290014471733,false,חטיף אפונה בתוספת מל,"דין שיווק וקלייה בע""",,חטיף אפונה בתוספת מלח 220 גר,גרמים,220.00,100 גרם,false,1,14.90,6.7727,true,1,9544
7290014472136,false,גרעין שחור קלוי ששון,"דין שיווק וקלייה בע""",,גרעין שחור קלוי ששון הקולה 150גר,גרמים,150.00,100 גרם,false,1,4.50,3.0000,true,1,10388
7290014472228,false,תאנים מיובשות 330 גר,"דין שיווק וקלייה בע""",,תאנים מיובשות 330 גר בקופסא,גרמים,330.00,100 גרם,false,1,22.00,6.6667,true,1,10372
7290014472235,false,אגוז פקאן מסוכר 200,"דין שיווק וקלייה בע""",,אגוז פקאן מסוכר 200 גר בקופסא,גרמים,200.00,100 גרם,false,1,24.90,12.4500,true,1,10381
7290014472471,false,גרעין שחור ענק פרימי,"דין שיווק וקלייה בע""",,גרעין שחור ענק פרימיום 200 ג,גרמים,200.00,100 גרם,false,1,6.90,3.4500,true,1,9792
7290014472488,false,שקד קלוי ענק פרימיום,"שקדיה גבע תעשיות בע""",,שקד קלוי ענק פרימיום 250 ג,גרמים,250.00,100 גרם,false,1,26.90,10.7600,true,1,9754
7290014472495,false,קשיו קלוי ענק פרימיו,"דין שיווק וקלייה בע""",,קשיו קלוי ענק פרימיום 250 ג,גרמים,250.00,100 גרם,false,1,24.90,9.9600,true,1,9757
7290014472501,false,פיסטוק קלוי ענק פרימ,"דין שיווק וקלייה בע""",,פיסטוק קלוי ענק פרימיום 250 ג,גרמים,250.00,100 גרם,false,1,26.90,10.7600,true,1,9755
7290014472518,false,בוטן קלוי ענק פרימיו,"דין שיווק וקלייה בע""",,בוטן קלוי ענק פרימיום 250 ג,גרמים,250.00,100 גרם,false,1,10.90,4.3600,true,1,9758
7290014472525,false,תערובת פיצוחים פרימי,"דין שיווק וקלייה בע""",,תערובת פיצוחים פרימיום 250 ג,גרמים,250.00,100 גרם,false,1,23.90,9.5600,true,1,9756
7290014472990,false,ממרח 100% שקדים300 ג,שקרצי,,ממרח 100% שקדים300 גר,גרמים,300.00,100 גרם,false,1,34.90,11.6333,true,1,10220
7290014501232,false,יין בר הרי גליל לבן,יקבי רמת הגולן,,יין הרי גליל לבן 2015   750 מל פקדון,מיליליטרים,750.00,"100 מ""ל",false,1,40.00,5.3333,true,1,13305
7290014501331,false,יין גליל גוורצטרמינר,יקבי רמת הגולן,,יין גליל גוורצטרמינר 750 מל,מיליליטרים,750.00,"100 מ""ל",false,1,60.00,8.0000,true,1,26931
7290014501522,false,יין מירון הרי גליל 2,יקבי רמת הגולן,,יין מירון הרי גליל 2017 750מל,מיליליטרים,750.00,"100 מ""ל",false,1,100.00,13.3333,true,1,25292
7290014501836,false,יין הרי גליל יראון א,יקבי רמת הגולן,,יין הרי גליל יראון 2018 750 מל,מיליליטרים,750.00,"100 מ""ל",false,1,120.00,16.0000,true,1,31882
7290014501843,false,יין מירון הרי גליל 7,יקבי רמת הגולן,,יין מירון הרי גליל 2018 750מל,מיליליטרים,750.00,"100 מ""ל",false,1,100.00,13.3333,true,1,40265
7290014503137,false,יין כנען אדום  דלתון,"יקב דלתון בע""מ",,יין כנען אדום  דלתון  2015 750מל פקדון,מיליליטרים,750.00,"100 מ""ל",false,1,45.00,6.0000,true,1,13310
7290014503144,false,יין כנען  לבן  דלתון,"יקב דלתון בע""מ",,יין כנען  לבן  דלתון 2015 750מל פקדון,מיליליטרים,750.00,"100 מ""ל",false,1,45.00,6.0000,true,1,13309
7290014503328,false,יין עלמה סקארלט דלתו,"יקב דלתון בע""מ",,יין עלמה סקארלט דלתון 750 מל,מיליליטרים,75000.00,"100 מ""ל",false,1,80.00,0.1067,true,1,10344
7290014503625,false,יין אסטייט קברנה סוב,"יקב דלתון בע""מ",,יין קברנה סובניון 750 מל,מיליליטרים,750.00,"100 מ""ל",false,1,60.00,8.0000,true,1,14302
7290014503632,false,יין אסטייט מרלו דלתו,"יקב דלתון בע""מ",,יין מרלו 750 מל,מיליליטרים,750.00,"100 מ""ל",false,1,60.00,8.0000,true,1,14303
7290014503649,false,יין אסטייט שיראז דלת,"יקב דלתון בע""מ",,יין שיראז 750 מל,מיליליטרים,750.00,"100 מ""ל",false,1,60.00,8.0000,true,1,14304
7290014503656,false,יין אסטייט פטיט סירה,"יקב דלתון בע""מ",,יין פטיט סירה 750 מל פקדון,מיליליטרים,750.00,"100 מ""ל",false,1,60.00,8.0000,true,1,14306
7290014503830,false,יין אסטייט שרדונה דל,"יקב דלתון בע""מ",,יין שרדונה 750 מל,מיליליטרים,750.00,"100 מ""ל",false,1,60.00,8.0000,true,1,14300
7290014511002,false,בייגל אמריקאי 4 יחיד,,,בייגל אמריקאי 4 יחידות חיטה מלאה כ300גר,יחידה,4.00,יחידה,false,1,15.90,3.9750,true,1,27043
7290014511019,false,בייגל אמריקאי קל 4יח,,,בייגל אמריקאי קל 4יחידות כ300גר,יחידה,4.00,יחידה,false,1,15.90,3.9750,true,1,27044
7290014511026,false,בייגל אמריקאי 4 יחיד,,,בייגל אמריקאי 4 יחידות כ300גר,יחידה,4.00,יחידה,false,1,15.90,3.9750,true,1,27042
7290014525009,false,ח.דגנים סלימדליס יוג,Vndmer,,ח.דגנים סלימדליס יוגורט תפוח6יח,גרמים,182.00,100 גרם,false,1,11.90,6.5385,true,1,8301
7290014525023,false,ח.דגנים סלימדליס יוג,Vndmer,,ח.דגנים סלימדליס יוגורט פירות יער6יח,גרמים,182.00,100 גרם,false,1,11.90,6.5385,true,1,8302
7290014525177,false,ח.דגנים סלימדליס יוג,Vndmer,,ח.דגנים סלימדליס יוגורט פירות יער6יח,גרמים,182.00,100 גרם,false,1,11.90,6.5385,true,1,9588
7290014525290,false,ח.דגנים סלימדליס קרי,Biocentury,,ח.דגנים סלימדליס קריספי תות 6יח,גרמים,125.00,100 גרם,false,1,11.90,9.5200,true,1,12752
7290014525306,false,ח.דגנים סלימדליס קרי,Biocentury,,ח.דגנים סלימדליס קריספי אוכמניות 6יח,גרמים,125.00,100 גרם,false,1,11.90,9.5200,true,1,12753
7290014525313,false,ח.דגנים סלימדליס קרי,Biocentury,,ח.דגנים סלימדליס קריספי שוקולד 6יח,גרמים,125.00,100 גרם,false,1,11.90,9.5200,true,1,12754
7290014525573,false,ביסקויט שוקודליס מצו,הלמה הלום בי.וי,NL,ביסקויט שוקודליס מצופה חלב 145 גר,גרמים,145.00,100 גרם,false,13,9.90,6.8276,true,1,18510
7290014547322,false,מארז 2יח מברשת שינים,,GB,מארז 2יח מברשת שינים סנסודיין שיקום הגנה,יחידה,2.00,יחידה,false,12,32.90,16.4500,true,1,18850
7290014547360,false,מברשת שיניים סנסודיי,גלקסוס סמית קליין,,מברשת שיניים סנסודיין גאם קר,Unknown,0.00,Unknown,false,1,19.90,0.0000,true,1,15589
7290014548459,false,גבינה צפתית 5% 200 ג,חוות רום,,גבינה צפתית 5% 200 גרם עיזים,גרמים,200.00,100 גרם,false,1,24.90,12.4500,true,1,14493
7290014548497,false,גבינת עיזים מעודנת 5,חוות רום,,גבינת עיזים מעודנת 5% 200 גרם,גרמים,200.00,100 גרם,false,1,17.90,8.9500,true,1,14494
7290014548541,false,לאבנה עיזים 200 גרם,חוות רום,,לאבנה עיזים 200 גרם עם שמן זית 5%שומן,גרמים,200.00,100 גרם,false,1,17.90,8.9500,true,1,14495
7290014548572,false,גבינת צרקסית עשבי תי,חוות רום,,גבינת צרקסית עשבי תיבול 12% 200 גרם,גרמים,200.00,100 גרם,false,1,24.90,12.4500,true,1,14497
7290014548589,false,גבינת צרקסית קצח 12%,חוות רום,,גבינת צרקסית קצח 12% 200 גרם,גרמים,200.00,100 גרם,false,1,24.90,12.4500,true,1,14498
7290014673007,false,תערובת עשבי תיבול ים,א.ל ייצור ושיווק תבל,,תערובת עשבי תיבול ים תיכוני 40 גרם,Unknown,0.00,Unknown,false,1,9.90,0.0000,true,1,32930
7290014673014,false,פלפל אנגלי שלם מיכל,א.ל ייצור ושיווק תבל,,פלפל אנגלי שלם מיכל 90 גר,Unknown,0.00,Unknown,false,1,14.50,0.0000,true,1,10996
7290014673021,false,פלפל שחור שלם מיכל 1,א.ל ייצור ושיווק תבל,,פלפל שחור שלם מיכל 100 גר,גרמים,10000.00,100 גרם,false,1,14.50,0.1450,true,1,10995
7290014673038,false,תערובת תיבול טוסקנה,א.ל ייצור ושיווק תבל,,תערובת תיבול טוסקנה 120 גרם,גרמים,120.00,100 גרם,false,1,9.90,8.2500,true,1,32931
7290014673045,false,תערובת תיבול לציפס 1,א.ל ייצור ושיווק תבל,,תערובת תיבול לציפס 100 גרם,גרמים,100.00,100 גרם,false,1,9.90,9.9000,true,1,32933
7290014673052,false,תערובת תיבול לתפוח א,א.ל ייצור ושיווק תבל,,תערובת תיבול לתפוח אדמה120 גרם,גרמים,100.00,100 גרם,false,1,9.90,9.9000,true,1,32934
7290014673137,false,תערובת תיבול לפיצה 1,א.ל ייצור ושיווק תבל,,תערובת תיבול לפיצה 100 גרם,גרמים,100.00,100 גרם,false,1,9.90,9.9000,true,1,32932
7290014673359,false,מלח לימון 400 גר בשק,א.ל ייצור ושיווק תבל,,מלח לימון 400 גר בשקית,גרמים,400.00,100 גרם,false,1,22.90,5.7250,true,1,9681
7290014673366,false,כורכום טחון 250 גר ש,א.ל ייצור ושיווק תבל,,כורכום טחון 250 גר שקית,גרמים,250.00,100 גרם,false,1,22.90,9.1600,true,1,9684
7290014673373,false,פפריקה הונגרית חריפה,א.ל ייצור ושיווק תבל,,פפריקה הונגרית חריפה 250 גר שקית,גרמים,250.00,100 גרם,false,1,22.90,9.1600,true,1,9682
7290014673380,false,כמון טחון 250 גר שקי,א.ל ייצור ושיווק תבל,,כמון טחון 250 גר שקית,גרמים,250.00,100 גרם,false,1,22.90,9.1600,true,1,9685
7290014673397,false,תיבול לגריל עוף 250ג,א.ל ייצור ושיווק תבל,,תיבול לגריל עוף 250גר שקית,גרמים,250.00,100 גרם,false,1,22.90,9.1600,true,1,9683
7290014673403,false,פלפל שחור טחון 250 ג,א.ל ייצור ושיווק תבל,,פלפל שחור טחון 250 גר שקית,גרמים,250.00,100 גרם,false,1,27.90,11.1600,true,1,9686
7290014673410,false,פלפל שחור גרוס דק 25,א.ל ייצור ושיווק תבל,,פלפל שחור גרוס דק 250 גר שקית,גרמים,250.00,100 גרם,false,1,27.90,11.1600,true,1,9687
7290014673434,false,פלפל שחור גרוס שקית,א.ל ייצור ושיווק תבל,,פלפל שחור גרוס שקית 80 גר,Unknown,0.00,Unknown,false,1,9.90,0.0000,true,1,17331
7290014673557,false,זעפרן אמיתי 0.5 גרם,א.ל ייצור ושיווק תבל,,זעפרן אמיתי 5 גר יחידה,Unknown,0.00,Unknown,false,1,21.90,0.0000,true,1,8768
7290014673618,false,תבלין זנגביל מיכל 30,א.ל ייצור ושיווק תבל,,תבלין זנגביל מיכל 30 גר,Unknown,0.00,Unknown,false,1,11.90,0.0000,true,1,10095
7290014674004,false,פירורי לחם קריספ שומ,,,פירורי לחם קריספ שומשום מלח ים 300 גרם,גרמים,300.00,100 גרם,false,20,7.90,2.6333,true,1,42586
7290014692565,false,תירס גרעינים מתוק לל,מגסטיק פוד,,תירס גרעינים מתוק ללא חומר משמר 320 גר,גרמים,320.00,100 גרם,false,1,5.50,1.7188,true,1,9009
7290014692817,false,גבינת מוצרלה מגורדת,איי בי,,גבינת מוצרלה מגורדת 200 גר,גרמים,200.00,100 גרם,false,1,14.90,7.4500,true,1,9625
7290014719637,false,יין פסגות סוביניון ב,פסגות,IL,יין פסגות סוביניון בלאן 750 מל,מיליליטרים,750.00,"100 מ""ל",false,12,70.00,9.3333,true,1,32275
7290014747753,false,פסטרמה כמו ברומניה ע,עוף טוב,,פסטרמה כמו ברומניה עוף טוב דלי 240גר,גרמים,240.00,100 גרם,false,1,19.90,8.2917,true,1,13075
7290014748149,false,נקניק כתף בקר עוף טו,עוף טוב,,נקניק כתף בקר עוף טוב דלי 200 גרם,גרמים,200.00,100 גרם,false,1,19.90,9.9500,true,1,14458
7290014748613,false,מקלוני דג בציפוי ציפ,דג טוב,IL,מקלוני דג בציפוי ציפס 600גר דג טוב,גרמים,600.00,100 גרם,false,12,24.90,4.1500,true,1,21824
7290014748651,false,פילה אמנון מצופה 360,דג טוב,IL,פילה אמנון מצופה 360גר דג טוב,גרמים,360.00,100 גרם,false,8,29.90,8.3056,true,1,21820
7290014748767,false,נקניקיות פרנקפורטר צ,עוף טוב,IL,נקניקיות פרנקפורטר צילי 320גר עוף טוב,גרמים,320.00,100 גרם,false,1,14.90,4.6563,true,1,18694
7290014749078,false,מקלוני קבנוס עוף טוב,עוף טוב,,מקלוני קבנוס עוף טוב 200 גרם,גרמים,200.00,100 גרם,false,1,14.90,7.4500,true,1,21835
7290014749245,false,רצועות שניצל שומשום,עוף טוב,IL,רצועות שניצל שומשום צונגו 600גר עוף טוב,גרמים,600.00,100 גרם,false,12,39.90,6.6500,true,1,22971
7290014749740,false,שניצל עוף ביתי מתובל,עוף טוב,,שניצל עוף ביתי מתובל 600גר ר.טבעי ע. טוב,גרמים,600.00,100 גרם,false,1,41.90,6.9833,true,1,25104
7290014749764,false,שניצל עוף ביתי עדין,עוף טוב,,שניצל עוף ביתי עדין 700גר עוף טוב,גרמים,700.00,100 גרם,false,1,46.90,6.7000,true,1,25101
7290014749825,false,רצועות שניצל צונגו ג,עוף טוב,IL,רצועות שניצל צונגו גריל 600גר עוף טוב,גרמים,600.00,100 גרם,false,12,39.90,6.6500,true,1,25099
7290014749849,false,שניצל דק עק קריספי ש,עוף טוב,,שניצל דק עק קריספי שומשום 720גר עוף טוב,גרמים,720.00,100 גרם,false,1,33.90,4.7083,true,1,31573
7290014749887,false,שניצל דק עק קריספי ק,עוף טוב,,שניצל דק עק קריספי קלאסי 720גר עוף טוב,גרמים,720.00,100 גרם,false,1,33.90,4.7083,true,1,31572
7290014758100,false,מאגדת יוגורט ביו 3%,,,מאגדת יוגורט ביו 3% 8יח 150גר,גרמים,1200.00,100 גרם,false,1,15.90,1.3250,true,1,8681
7290014758117,false,מאגדת יוגורט ביו 1.5,,,מאגדת יוגורט ביו 1.5% 8יח 150גר,גרמים,1200.00,100 גרם,false,1,15.90,1.3250,true,1,8680
7290014758162,false,חלב עיזים מלא 3.6% 1,,,חלב עיזים מלא 3.6% 1ליטר,ליטרים,1.30,ליטר,false,1,14.90,11.4615,true,1,9056
7290014758681,false,קוטג 1% בגביע 250גר,,,קוטג 1% בגביע 250גר,גרמים,250.00,100 גרם,false,1,5.90,2.3600,true,1,8683
7290014759084,false,גב.שמנת נפוליאון סקי,,,גב.שמנת נפוליאון סקיני 225 גרם,גרמים,225.00,100 גרם,false,1,12.90,5.7333,true,1,9574
7290014759909,false,גבינת פטה 5% 250 גר,,,גבינת פטה 5% 250 גר,גרמים,25000.00,100 גרם,false,1,26.90,0.1076,true,1,9901
7290014759978,false,גבינת קצקבל 200 גר פ,,,גבינת קצקבל 200 גר פלחים,גרמים,200.00,100 גרם,false,1,25.90,12.9500,true,1,9812
7290014759985,false,גבינת פרמזן 200 גר פ,,,גבינת פרמזן 200 גר פלחים,גרמים,200.00,100 גרם,false,1,25.90,12.9500,true,1,9811
7290014759992,false,גבינת רוקפור 140גר פ,,,גבינת רוקפור 140גר פלחים,גרמים,140.00,100 גרם,false,1,20.90,14.9286,true,1,9813
7290014760134,false,מעדן סויה בטעם וניל,,,מעדן סויה בטעם וניל 125 גרם,מיליליטרים,125.00,"100 מ""ל",false,1,3.90,3.1200,true,1,10322
7290014760141,false,משקה שקדים טרי 1ליטר,,,משקה שקדים טרי 1ליטר אלטרנטיב,ליטרים,1.00,ליטר,false,1,12.90,12.9000,true,1,11435
7290014760448,false,גבינת גלבוע פרוס 400,,,גבינת גלבוע פרוס 400 גרם,גרמים,400.00,100 גרם,false,1,24.50,6.1250,true,1,10233
7290014760912,false,גוש חלב פרוס 400 גרם,,,גוש חלב פרוס 400 גרם,גרמים,400.00,100 גרם,false,1,24.90,6.2250,true,1,12852
7290014761056,false,מעדן יולו שוקולד חלב,,,מעדן יולו שוקולד חלב 123 גרם,גרמים,123.00,100 גרם,false,1,4.30,3.4959,true,1,10829
7290014761063,false,מעדן יולו שוקולד מרי,,,מעדן יולו שוקולד מריר 123 גרם,גרמים,123.00,100 גרם,false,1,4.30,3.4959,true,1,10831
7290014761070,false,מעדן יולו שוקולד לבן,,,מעדן יולו שוקולד לבן 123 גרם,גרמים,123.00,100 גרם,false,1,4.30,3.4959,true,1,10830
7290014761193,false,פרילי פירות יער 125,,,פרילי פירות יער 125 גר,גרמים,125.00,100 גרם,false,1,3.60,2.8800,true,1,10890
7290014761414,false,מעדן יולו שכבות שוקו,,,מעדן יולו שכבות שוקולד 123 גרם,גרמים,123.00,100 גרם,false,1,4.30,3.4959,true,1,10832
7290014761438,false,גבינה בולגרית 24% קל,,,גבינה בולגרית 24% קלאסי 400גר סמי מעדניה,גרמים,400.00,100 גרם,false,1,25.90,6.4750,true,1,10700
7290014761612,false,מעדן יולו שכבות שוקו,,,מעדן יולו שכבות שוקולד מריר לבן 123 גרם,גרמים,123.00,100 גרם,false,1,4.30,3.4959,true,1,11226
7290014762756,false,גב.שמנת נפוליאון בצל,תנובה חלב,,גב.שמנת נפוליאון בצל 225 גרם,גרמים,225.00,100 גרם,false,1,12.90,5.7333,true,1,12362
7290014762800,false,מעדן סויה בטעם שוקול,תנובה חלב,,מעדן סויה בטעם שוקולד 125גר,גרמים,125.00,100 גרם,false,1,3.90,3.1200,true,1,15206
7290014762831,false,גבינת שמנת נפוליאון,תנובה חלב,,גבינת שמנת נפוליאון חלפינו 225 גרם,גרמים,225.00,100 גרם,false,1,12.90,5.7333,true,1,12958
7290014762909,false,פתיתי גבינת מוצרלה 2,תנובה חלב,,פתיתי גבינת מוצרלה 200 גרם,גרמים,200.00,100 גרם,false,1,16.90,8.4500,true,1,12814
7290014763098,false,גבינת שמנת 5% טוסקנה,,,גבינת שמנת 5% טוסקנה 200 גרם,גרמים,200.00,100 גרם,false,1,10.90,5.4500,true,1,12815
7290014763272,false,משקה סויה ביו תות בנ,תנובה חלב,,משקה סויה ביו תות בננה 250מל,מיליליטרים,250.00,"100 מ""ל",false,1,5.90,2.3600,true,1,13091
7290014791091,false,משקה שוופס מוגז למונ,יפאורה,,משקה שוופס מוגז למונייד 500מל פקדון,מיליליטרים,500.00,"100 מ""ל",false,1,6.90,1.3800,true,1,12206
7290014791572,false,משקה שוופס מוגז ענבי,יפאורה,,משקה שוופס מוגז ענבים 330 מל,מיליליטרים,330.00,"100 מ""ל",false,1,5.00,1.5152,true,1,13981
7290014791725,false,משקה שוופס מוגז תפוח,יפאורה,,משקה שוופס מוגז תפוחים 500מל פקדון,מיליליטרים,500.00,"100 מ""ל",false,1,6.90,1.3800,true,1,12207
7290014791831,false,מים פרוט ענבים 500 מ,יפאורה,,מים פרוט ענבים 500 מל פקדון,מיליליטרים,500.00,"100 מ""ל",false,1,6.90,1.3800,true,1,12214
7290014791848,false,מים פרוט אננס 500 מל,יפאורה,,מים פרוט אננס 500 מל פקדון,מיליליטרים,500.00,"100 מ""ל",false,1,6.90,1.3800,true,1,12215
7290014855434,false,רביעיית מגבוני בייבי,,,רביעיית מגבוני בייביסיטר פרפורמנס 72 מבו,יחידה,288.00,יחידה,false,1,16.90,0.0587,true,1,11569
7290014855458,false,רביעיית מגבוני בייבי,,,רביעיית מגבוני בייביסיטר פרפורמנס 72 ללא,יחידה,288.00,יחידה,false,1,16.90,0.0587,true,1,11568
7290014860063,false,מקלוני אורז 10ממ ללא,Oriental food co. lt,,מקלוני אורז 10ממ ללא גלוטן 454גר,גרמים,454.00,100 גרם,false,1,10.90,2.4009,true,1,9793
7290014860070,false,מקלוני אורז 5ממ ללא,Oriental food co. lt,,מקלוני אורז 5ממ ללא גלוטן 454גר,גרמים,454.00,100 גרם,false,1,10.90,2.4009,true,1,9156
7290014860094,false,מקלוני אורז 3ממ ללא,Oriental food co. lt,,מקלוני אורז 3ממ ללא גלוטן 454גר,גרמים,454.00,100 גרם,false,1,10.90,2.4009,true,1,9155
7290014860155,false,מחצלת במבו שטוחה לסו,Guilin fengzhu tradi,,מחצלת במבו שטוחה לסושי 24/24 סמ,Unknown,0.00,Unknown,false,1,8.90,0.0000,true,1,8995
7290014860247,false,שבבי אורז עבים ללא ג,Oriental food co. lt,,שבבי אורז עבים ללא גלוטן 227 ג,גרמים,227.00,100 גרם,false,1,9.90,4.3612,true,1,9653
7290014860988,false,קרם קוקוס17% טי סי ס,Theppadungporn cocon,,קרם קוקוס17% טי סי סי 400 מל,מיליליטרים,400.00,"100 מ""ל",false,1,9.90,2.4750,true,1,9876
7290014890145,false,גבינת שמנת טבעית 225,משק יעקבס,,גבינת שמנת טבעית 225 גרם יעקובס,גרמים,225.00,100 גרם,false,1,10.90,4.8444,true,1,14490
7290014890152,false,גבינת שמנת זיתים 225,משק יעקבס,,גבינת שמנת זיתים 225 גרם יעקובס,גרמים,225.00,100 גרם,false,1,10.90,4.8444,true,1,14491
7290014890169,false,גבינת שמנת שום שמיר,משק יעקבס,,גבינת שמנת שום שמיר 225 גרם יעקובס,גרמים,225.00,100 גרם,false,1,10.90,4.8444,true,1,14492
7290014890176,false,גבינת ריקוטה 250גרם,מחלבת משק יעקובס,IL,גבינת ריקוטה 250גרם יעקובס,גרמים,250.00,100 גרם,false,1,10.90,4.3600,true,1,20614
7290014890190,false,גבינת  מוצרלה  כדור,מחלבת משק יעקובס,IL,גבינת  מוצרלה  כדור 100גרם יעקובס,גרמים,100.00,100 גרם,false,1,10.00,10.0000,true,1,20613
7290014890206,false,קרם פרש 250גרם יעקוב,מחלבת משק יעקובס,IL,קרם פרש 250גרם יעקובס,גרמים,250.00,100 גרם,false,1,13.90,5.5600,true,1,20616
7290014890237,false,גבינת קממבר אגוזים ב,משק יעקבס,IL,גבינת קממבר אגוזים בייבי 125גרם,גרמים,125.00,100 גרם,false,1,14.90,11.9200,true,1,14271
7290014890572,false,יוגורט עיזים 850מל,משק יעקבס,IL,יוגורט עיזים 850מל,מיליליטרים,850.00,"100 מ""ל",false,1,16.90,1.9882,true,1,40857
7290014890589,false,יוגורט יווני 850 מל,משק יעקבס,IL,יוגורט יווני 850 מל יעקובס,מיליליטרים,850.00,"100 מ""ל",false,1,18.90,2.2235,true,1,40858
7290014890596,false,גבינת ברי עיזים בייב,משק יעקבס,IL,גבינת ברי עיזים בייבי 125גר יעקובס,גרמים,125.00,100 גרם,false,1,19.90,15.9200,true,1,40862
7290014890602,false,גבינת קממבר בקר אגוז,משק יעקבס,IL,גבינת קממבר בקר אגוזים בייבי 125גר יעקוב,גרמים,125.00,100 גרם,false,1,16.90,13.5200,true,1,40863
7290014890619,false,גבינת ברי עיזים כמהי,משק יעקבס,IL,גבינת ברי עיזים כמהין בייבי 140גר יעקובס,גרמים,140.00,100 גרם,false,1,24.90,17.7857,true,1,40864
7290014901247,false,שמפו סטייל קרטין לאח,א.ל. ארמן,,שמפו סטייל קרטין לאחר החלקה 750מל,מיליליטרים,750.00,"100 מ""ל",false,1,26.90,3.5867,true,1,37455
7290014901254,false,מרכך סטייל קרטין לאח,א.ל. ארמן,,מרכך סטייל קרטין לאחר החלקה 750מל,מיליליטרים,750.00,"100 מ""ל",false,1,26.90,3.5867,true,1,37456
7290014901261,false,מסכת שיער סטייל קרטי,א.ל. ארמן,,מסכת שיער סטייל קרטין לאחר החלקה 500מל,מיליליטרים,500.00,"100 מ""ל",false,1,44.90,8.9800,true,1,37457
7290014901308,false,מש.שיניים סנסודיין ה,,,מש.שיניים סנסודיין הגנה מלאה 75מל ירוק,גרמים,75.00,100 גרם,false,1,21.90,29.2000,true,1,10042
7290014901315,false,מש.שיניים סנסודיין ה,,,מש.שיניים סנסודיין הגנה מלאה 75מל כחול,גרמים,75.00,100 גרם,false,1,21.90,29.2000,true,1,10043
7290014901896,false,מי פה סנסודיין 500 מ,,,מי פה סנסודיין 500 מל,מיליליטרים,500.00,"100 מ""ל",false,1,28.90,5.7800,true,1,11840
7290014905160,false,פניני ריח אקס אל יעק,רלווי,,פניני ריח אקס אל יעקובי,Unknown,0.00,Unknown,false,1,14.90,0.0000,true,1,9565
7290014905207,false,הפי גל לאסלות 750מל,איי פי אס,,הפי גל לאסלות 750מל,מיליליטרים,750.00,"100 מ""ל",false,1,10.00,1.3333,true,1,9312
7290014905344,false,הפי קצף לניקוי לשטיח,שרווי וויליאמס,,הפי קצף לניקוי לשטיחים 750 מל,מיליליטרים,750.00,"100 מ""ל",false,1,24.90,3.3200,true,1,9564
7290014905368,false,מטלית דמוי בד הפי עו,פלספק,,מטלית דמוי בד הפי עוד ועוד 50 יח,יחידה,50.00,יחידה,false,1,9.90,0.1980,true,1,10306
7290014905498,false,מטלית דו צדדית גם וג,פלספק,,מטלית דו צדדית גם וגם 20 יח,יחידה,20.00,יחידה,false,1,12.90,0.6450,true,1,10307
7290014905689,false,נוזל כלים הפי ירוק 7,מיפא,,נוזל כלים הפי ירוק 750 מל 24%חומר פעיל,מיליליטרים,750.00,"100 מ""ל",false,1,7.90,1.0533,true,1,10569
7290014905696,false,נוזל כלים הפי צהוב 7,מיפא,,נוזל כלים הפי צהוב 750 מל 24% חומר פעיל,מיליליטרים,750.00,"100 מ""ל",false,1,7.90,1.0533,true,1,10570
7290014905719,false,הפי לימונית למדיח,רלווי,,הפי לימונית למדיח,Unknown,0.00,Unknown,false,1,9.90,0.0000,true,1,10658
7290014905733,false,נוזל לניקוי חלונות ה,,,נוזל לניקוי חלונות הפי ברק קריסטלי 750מל,מיליליטרים,750.00,"100 מ""ל",false,1,8.90,1.1867,true,1,10587
7290014905962,false,סבון אסלה הפי מקסי ע,רלווי,,סבון אסלה הפי מקסי עד 350 שטיפות 43גרם,Unknown,0.00,Unknown,false,1,8.90,0.0000,true,1,10855
7290014910379,false,מלפפון במלח 690 גרם,יוניקורן,,מלפפון במלח 690 גרם,גרמים,690.00,100 גרם,false,1,9.90,1.4348,true,1,17547
7290014910461,false,ערק יודה  700 מל,ישראל,IL,ערק יודה  700 מל,מיליליטרים,700.00,"100 מ""ל",false,12,54.90,7.8429,true,1,20153
7290014931008,false,פטרוזיליה,,,פטרוזיליה,Unknown,0.00,Unknown,false,1,8.50,0.0000,true,1,10452
7290014931015,false,כוסברה,,,כוסברה,Unknown,0.00,Unknown,false,1,8.50,0.0000,true,1,10453
7290014931053,false,בזיליקום,,,בזיליקום,Unknown,0.00,Unknown,false,1,8.50,0.0000,true,1,10447
7290014931077,false,עירית,,,עירית,Unknown,0.00,Unknown,false,1,8.50,0.0000,true,1,10450
7290014931084,false,אורגנו/רוזמרין,,,אורגנו,Unknown,0.00,Unknown,false,1,8.50,0.0000,true,1,10449
7290014931107,false,מנטה,,,מנטה,Unknown,0.00,Unknown,false,1,8.50,0.0000,true,1,10451
7290014931190,false,פאקצוי,,,פאקצוי,Unknown,0.00,Unknown,false,1,12.00,0.0000,true,1,10454
7290014931206,false,גרגירי נחלים הידרופו,,,גרגירי נחלים הידרופוני,Unknown,0.00,Unknown,false,1,9.90,0.0000,true,1,10456
7290014945128,false,כפפות חד פעמי כחולות,T.P Tailand,TH,כפפות חד פעמי כחולות ניטרל 100יח סמול,יחידה,100.00,יחידה,false,10,19.90,0.1990,true,1,18933
7290014945135,false,כפפות חד פעמי כחולות,T.P Tailand,TH,כפפות חד פעמי כחולות ניטרל 100יח מדיום,יחידה,100.00,יחידה,false,10,19.90,0.1990,true,1,18934
7290014945142,false,כפפות חד פעמי כחולות,T.P Tailand,TH,כפפות חד פעמי כחולות ניטרל 100יח לארג,יחידה,100.00,יחידה,false,10,19.90,0.1990,true,1,18935
7290014945159,false,כפפות חד פעמי כחולות,T.P Tailand,TH,כפפות חד פעמי כחולות ניטרל 100יח אקס אל,יחידה,100.00,יחידה,false,10,19.90,0.1990,true,1,18936
7290014945166,false,מטליות מיקרו לניקוי,GUANGDONG,CN,מטליות מיקרו לניקוי כללי 10 יח,יחידה,10.00,יחידה,false,24,12.90,1.2900,true,1,18130
7290014945203,false,שטיחון מיקרופייבר מפ,GUANGDONG,CN,שטיחון מיקרופייבר מפנק 50/80,יחידה,1.00,יחידה,false,24,34.90,34.9000,true,1,18138
7290014945210,false,צמרוני עץ בשקית 300,GUANGDONG,CN,צמרוני עץ בשקית 300 יח,יחידה,300.00,יחידה,false,144,3.90,0.0130,true,1,18132
7290014945739,false,ניילון נצמד 150מטר ש,,IL,ניילון נצמד 150מטר שיין,מטרים,150.00,מטר,false,12,17.90,0.1193,true,1,23527
7290014945999,false,מבשם למתקן מיקס לבנד,OZTURK,TR,מבשם למתקן מיקס לבנדר,יחידה,1.00,יחידה,false,12,9.90,9.9000,true,1,18135
7290014947023,false,פריכיות כוסמין זן בר,זן בר,,פריכיות כוסמין זן בר ללא מלח 160 גר,גרמים,120.00,100 גרם,false,1,11.00,9.1667,true,1,18495
7290014947047,false,פריכיות כוסמת זן בר,זן בר,,פריכיות כוסמת זן בר מלוח 160 גר,גרמים,160.00,100 גרם,false,1,11.00,6.8750,true,1,11457
7290014947092,false,פריכיות תירס קצח זן,זן בר,,פריכיות תירס קצח זן בר ללא מלח 95 גר,Unknown,0.00,Unknown,false,1,11.00,0.0000,true,1,19238
7290014947207,false,פריכיות כוסמין דקות,זן בר,IL,פריכיות כוסמין דקות ללא מלח זן בר120 גרם,גרמים,160.00,100 גרם,false,1,11.90,7.4375,true,1,44725
7290014947214,false,פריכיות כוסמת דקות ע,זן בר,IL,פריכיות כוסמת דקות עם מלח זן בר 120 גרם,גרמים,160.00,100 גרם,false,1,11.90,7.4375,true,1,44724
7290014949744,false,אוטן אקטיב תרסיס ללא,SC Jonson,,אוטן אקטיב תרסיס ללא גז נגד יתושים 100 מ,מיליליטרים,10000.00,"100 מ""ל",false,1,18.90,0.1890,true,1,9999
7290014949751,false,אוטן אקטיב תרסיס ללא,SC Jonson,,אוטן אקטיב תרסיס ללא גז נגד יתושים 100 מ,מיליליטרים,100.00,"100 מ""ל",false,1,18.90,18.9000,true,1,9998
7290014974562,false,גביעי גלידה עלמה 24,"גילרו בע""מ",,גביעי גלידה עלמה 24 יח 120 גר,גרמים,120.00,100 גרם,false,1,6.90,5.7500,true,1,14735
7290014974593,false,גביעי גלידה ללא גלוט,כרמית תעשיות ממתקים,IL,גביעי גלידה ללא גלוטן 12 יח,יחידה,12.00,יחידה,false,1,15.90,1.3250,true,1,16029
7290014974876,false,רולים אגוז ללא גלוטן,כרמית תעשיות ממתקים,,רולים אגוז ללא גלוטן 100 גרם,גרמים,100.00,100 גרם,false,1,7.90,7.9000,true,1,16031
7290015005548,false,ציפס זיג זג 2 קג פרי,פרי גליל,,ציפס זיג זג 2 קג פרי גליל,קילוגרמים,2.00,"ק""ג",false,1,22.90,11.4500,true,1,12931
7290015009119,false,עלי טורטיה סאבוריטו,פרינסיס און וה אונלו,TR,עלי טורטיה סאבוריטו 420 גר,גרמים,420.00,100 גרם,false,16,12.90,3.0714,true,1,16933
7290015009171,false,ניוקי תפוח אדמה דניא,סיאמה אלימנטארי סרל,,ניוקי תפוח אדמה דניאל 300 גרם,גרמים,300.00,100 גרם,false,1,8.90,2.9667,true,1,17217
7290015009188,false,ניוקי תפוא ודלעת דני,סיאמה אלימנטארי סרל,,ניוקי תפוא ודלעת דניאל 300 גרם,גרמים,300.00,100 גרם,false,1,8.90,2.9667,true,1,17218
7290015009195,false,ניוקי תפוא ועגבניות,סיאמה אלימנטארי סרל,,ניוקי תפוא ועגבניות דניאל 300 גרם,גרמים,300.00,100 גרם,false,1,8.90,2.9667,true,1,17219
7290015009201,false,ניוקי תפוא וכמהין דנ,סיאמה אלימנטארי סרל,,ניוקי תפוא וכמהין דניאל 300 גרם,גרמים,300.00,100 גרם,false,1,8.90,2.9667,true,1,17220
7290015009218,false,ניוקי תפוא וערמונים,סיאמה אלימנטארי סרל,,ניוקי תפוא וערמונים דניאל 300 גרם,גרמים,300.00,100 גרם,false,1,8.90,2.9667,true,1,17221
7290015009232,false,רוטב סלסה סאבוריטו צ,,CR,רוטב סלסה סאבוריטו צהוב 454 גר,גרמים,454.00,100 גרם,false,12,19.90,4.3833,true,1,17510
7290015009249,false,רוטב סלסה סאבוריטו א,,CR,רוטב סלסה סאבוריטו אדום 454 גר,גרמים,454.00,100 גרם,false,12,19.90,4.3833,true,1,17509
7290015009256,false,רוטב סלסה סאבוריטו י,,CR,רוטב סלסה סאבוריטו ירוק 454 גר,גרמים,454.00,100 גרם,false,12,19.90,4.3833,true,1,17508
7290015009300,false,עלי טורטיה סאבוריטו,פרנסס,TR,עלי טורטיה סאבוריטו קמח תירס 360 גר,גרמים,360.00,100 גרם,false,16,12.90,3.5833,true,1,32515
7290015009317,false,חטיף נאצוס סאבוריטו,,DK,חטיף נאצוס סאבוריטו טבעי 200 גרם,גרמים,200.00,100 גרם,false,10,11.90,5.9500,true,1,32513
7290015009324,false,חטיף נאצוס סאבוריטו,,DK,חטיף נאצוס סאבוריטו ברביקיו 200 גרם,גרמים,200.00,100 גרם,false,10,11.90,5.9500,true,1,32512
7290015009331,false,חטיף נאצוס סאבוריטו,,DK,חטיף נאצוס סאבוריטו חריף 200 גרם,גרמים,200.00,100 גרם,false,10,11.90,5.9500,true,1,32510
7290015009355,false,רוטב בלסמי מצומצם דנ,,ES,רוטב בלסמי מצומצם דניאל 250 מל,גרמים,250.00,100 גרם,false,12,19.90,7.9600,true,1,32369
7290015009362,false,רוטב בלסמי לבן מצומצ,,ES,רוטב בלסמי לבן מצומצם דניאל 250 מל,גרמים,250.00,100 גרם,false,12,19.90,7.9600,true,1,32370
7290015009379,false,מיץ לימון משומר דניא,,ES,מיץ לימון משומר דניאל 946 מל,מיליליטרים,946.00,"100 מ""ל",false,12,17.90,1.8922,true,1,32349
7290015009386,false,מיץ ליים משומר דניאל,,ES,מיץ ליים משומר דניאל 946 מל,מיליליטרים,946.00,"100 מ""ל",false,12,17.90,1.8922,true,1,32350
7290015009393,false,זית קלמטה מגולען במי,,ES,זית קלמטה מגולען במי מלח דניאל 440 גרם,מיליליטרים,440.00,"100 מ""ל",false,24,18.90,4.2955,true,1,32353
7290015009409,false,זית שחור טאסוס במי,,ES,זית שחור טאסוס במי  מלח דניאל 440 גרם,מיליליטרים,440.00,"100 מ""ל",false,24,18.90,4.2955,true,1,32352
7290015009447,false,זית מזן קלמטה שלם במ,,ES,זית שחור קלמטה במי מלח דניאל 440 גרם,מיליליטרים,440.00,"100 מ""ל",false,24,18.90,4.2955,true,1,32351
7290015009454,false,שעועית לבנה בסט קונס,,IT,שעועית לבנה בסט קונסרבד 400 גרם,גרמים,400.00,100 גרם,false,12,10.90,2.7250,true,1,43326
7290015009461,false,שעועית שחורה בסט קונ,,IT,שעועית שחורה בסט קונסרבד 400 גרם,גרמים,400.00,100 גרם,false,12,10.90,2.7250,true,1,43327
7290015009485,false,שעועית אפויה רוטב עג,,IT,שעועית אפויה רוטב עגביות 400 גרם,גרמים,400.00,100 גרם,false,12,10.90,2.7250,true,1,43329
7290015009553,false,רוטב סאבוריטו חריף פ,,CR,רוטב סאבוריטו חריף פלפל קרולינה 148 מל,מיליליטרים,148.00,"100 מ""ל",false,12,19.90,13.4459,true,1,43316
7290015009560,false,רוטב סאבוריטו חריף פ,,CR,רוטב סאבוריטו חריף פלפל קאיין 148 מל,מיליליטרים,148.00,"100 מ""ל",false,12,19.90,13.4459,true,1,43317
7290015009577,false,רוטב סאבוריטו חריף פ,,CR,רוטב סאבוריטו חריף פלפל הבנרו 148 מל,מיליליטרים,148.00,"100 מ""ל",false,12,19.90,13.4459,true,1,43318
7290015009584,false,רוטב סאבוריטו חריף פ,,CR,רוטב סאבוריטו חריף פלפל חלפיניו 148 מל,מיליליטרים,148.00,"100 מ""ל",false,12,19.90,13.4459,true,1,43319
7290015009591,false,רוטב סאבוריטו חריף פ,,CR,רוטב סאבוריטו חריף פלפל סקורפיון 148 מל,מיליליטרים,148.00,"100 מ""ל",false,12,19.90,13.4459,true,1,43320
7290015009607,false,רוטב סאבוריטו חריף פ,,CR,רוטב סאבוריטו חריף פלפל נגה גולוקיה148מל,מיליליטרים,148.00,"100 מ""ל",false,12,19.90,13.4459,true,1,43321
7290015009614,false,רוטב סאבוריטו חריף פ,,CR,רוטב סאבוריטו חריף פלפל סקוטש בונט148מל,מיליליטרים,148.00,"100 מ""ל",false,12,19.90,13.4459,true,1,43322
7290015009621,false,רוטב סויה דניאל עם ש,,CR,רוטב סויה דניאל עם שומשום ודבש 355 מל,מיליליטרים,355.00,"100 מ""ל",false,12,26.90,7.5775,true,1,43323
7290015009638,false,רוטב צילי דניאל עם פ,,CR,רוטב צילי דניאל עם פסיפלורה 355 מל,מיליליטרים,355.00,"100 מ""ל",false,12,26.90,7.5775,true,1,43324
7290015009645,false,רוטב פלפל הבנרו דניא,,CR,רוטב פלפל הבנרו דניאל דבש וחרדל 355 מל,מיליליטרים,355.00,"100 מ""ל",false,12,26.90,7.5775,true,1,43325
7290015014267,true,פסיפלורה ארוז במגש י,,,פסיפלורה ארוז במגש יח,Unknown,0.00,Unknown,false,1,17.90,0.0000,true,1,13244
7290015025942,false,קרם ידיים פנגל קלאסי,אינטרקוסמא,,קרם ידיים פנגל קלאסיק שמן שקדים  80 מל,Unknown,0.00,Unknown,false,1,7.90,0.0000,true,1,11880
7290015039055,false,רוטב צילי חריף 700 מ,פאן אינטר,,רוטב צילי חריף 700 מל ויליפוד,מיליליטרים,700.00,"100 מ""ל",false,1,9.90,1.4143,true,1,9910
7290015039253,false,עלי גפן במי מלח 620,קורהאן,,עלי גפן במי מלח 620 גרם,גרמים,620.00,100 גרם,false,1,9.90,1.5968,true,1,10190
7290015039642,false,גבינת  פרמזן מגורדת,זנטי,,גבינת  פרמזן מגורדת 90 גרם שייקר,Unknown,0.00,Unknown,false,1,16.90,0.0000,true,1,11294
7290015041041,false,טוש מסיר כתמים,,,טוש מסיר כתמים,יחידה,1.00,יחידה,false,12,11.90,11.9000,true,1,18853
7290015054874,false,אבקת חלבון פאוארטק,,IL,אבקת חלבון פאוארטק  שוקו 2.27 קג,גרמים,2270.00,100 גרם,false,6,249.00,10.9692,true,1,23044
7290015060431,false,מיץ פירות ירקות כתומ,,IL,מיץ פירות ירקות כתומים טבעי 330מל,מיליליטרים,330.00,"100 מ""ל",false,1,11.90,3.6061,true,1,22051
7290015060479,false,מיץ דובדבנים חמוצים,,IL,מיץ דובדבנים חמוצים טבעי 330מל,מיליליטרים,330.00,"100 מ""ל",false,1,11.90,3.6061,true,1,22049
7290015081627,false,קרם הגנה אולטרסול פר,פישר תעשיות,,קרם הגנה אולטרסול פרי לפנים 50 50מל,Unknown,0.00,Unknown,false,1,49.90,0.0000,true,1,14451
7290015081948,false,גל הגנה אולטרסול ספו,פישר תעשיות,,גל הגנה אולטרסול ספורט מקס לפנים 50 75מל,מיליליטרים,75.00,"100 מ""ל",false,1,49.90,66.5333,true,1,12836
7290015081955,false,תחליב הגנה אולטרסול,פישר תעשיות,,תחליב הגנה אולטרסול מקס ספורט שקוף 200מל,מיליליטרים,200.00,"100 מ""ל",false,1,59.90,29.9500,true,1,12846
7290015125161,false,יין תל מרשה לבן 750,,,יין תל מרשה לבן 750 מל,מיליליטרים,750.00,"100 מ""ל",false,1,80.00,10.6667,true,1,25952
7290015129121,false,פסטה סקיני נודלס 270,,,פסטה סקיני נודלס 270 גר ללא גלוטן,גרמים,270.00,100 גרם,false,1,11.90,4.4074,true,1,10284
7290015129145,false,פסטה סקיני ספגטי 270,,,פסטה סקיני ספגטי 270 גר ללא גלוטן,גרמים,270.00,100 גרם,false,1,11.90,4.4074,true,1,10285
7290015129220,false,פסטה סקיני קוסקוס 27,,,פסטה סקיני קוסקוס 270 גר ללא גלוטן,גרמים,270.00,100 גרם,false,1,11.90,4.4074,true,1,11152
7290015129251,false,פסטה סקיני פטוציני 2,,,פסטה סקיני פטוציני 270 גר ללא גלוטן,גרמים,270.00,100 גרם,false,1,11.90,4.4074,true,1,11154
7290015129268,false,סקיני פסטה שבולת שוע,סקיני פסטה,CN,סקיני פסטה שבולת שועל פנה 270 גר,גרמים,270.00,100 גרם,false,30,11.90,4.4074,true,1,44544
7290015129657,false,סקיני פסטה פנה אורגנ,סקיני פסטה,CN,סקיני פסטה פנה,גרמים,270.00,100 גרם,false,30,11.90,4.4074,true,1,44539
7290015129749,false,סקיני פסטה שבולת שוע,סקיני פסטה,CN,סקיני פסטה שבולת נודלס 270 גר,גרמים,270.00,100 גרם,false,30,11.90,4.4074,true,1,19272
7290015129756,false,סקיני פסטה שבולת שוע,סקיני פסטה,CN,סקיני פסטה שבולת שועל פטוציני 270 גר,גרמים,270.00,100 גרם,false,30,11.90,4.4074,true,1,19271
7290015129763,false,סקיני פסטה שבולת שוע,סקיני פסטה,CN,סקיני פסטה שבולת פתיתים 270 גר,גרמים,270.00,100 גרם,false,30,11.90,4.4074,true,1,19273
7290015139229,false,מטבעות שוקולד חלב זה,כרמית,,מטבעות שוקולד חלב זהב סגול 42 ג ברשת,Unknown,0.00,Unknown,false,1,5.00,0.0000,true,1,12333
7290015139250,false,שוקולד מריר פיצפוצי,כרמית,,שוקולד מריר פיצפוצי  ללא סוכר 85 ג כרמית,Unknown,0.00,Unknown,false,1,5.50,0.0000,true,1,12331
7290015139267,false,שוקולד מריר שקדים לל,כרמית,,שוקולד מריר שקדים ללא סוכר 85 ג כרמית,Unknown,0.00,Unknown,false,1,5.50,0.0000,true,1,12332
7290015139519,false,אגו מיקס קוביות וופל,Carmit,,חטיף מיקסים קוביות וופל ל.ג.55 גר,Unknown,0.00,Unknown,false,24,3.90,0.0000,true,1,12455
7290015139533,false,ופל חופשי לימון ללא,כרמית תעשיות ממתקים,,ופל חופשי לימון ללא גלוטן 200 גר,גרמים,200.00,100 גרם,false,1,10.00,5.0000,true,1,12402
7290015139571,false,מאגדת 5 ופל חופשי חל,כרמית תעשיות ממתקים,,מאגדת 5 ופל חופשי חלב ל.ג 25 גר,גרמים,125.00,100 גרם,false,1,10.90,8.7200,true,1,12404
7290015150088,false,מחית עגבניות בללה אי,אמיליאנה קונסרב ס.פ.,,מחית עגבניות בלה איטליה 700 גר,גרמים,700.00,100 גרם,false,1,10.00,1.4286,true,1,11273
7290015150118,false,מארז 3 יח עגבניות חת,אמיליאנה קונסרב ס.פ.,,מארז 3 יח עגבניות חתוכות בלה איטליה400גר,גרמים,1200.00,100 גרם,false,1,14.90,1.2417,true,1,11272
7290015150361,false,תה ירוק נענע סטיביה,תה ויסוצקי,,תה ירוק נענע סטיביה 1.5 ג 25 שק,יחידה,25.00,יחידה,false,1,22.90,0.9160,true,1,10882
7290015150583,false,תה ירוק לימון ודבש 1,תה ויסוצקי,,תה ירוק לימון ודבש 1.5 ג 25 שק,יחידה,25.00,יחידה,false,1,22.90,0.9160,true,1,11726
7290015150590,false,תה ירוק גינגר חריף 1,תה ויסוצקי,,תה ירוק גינגר חריף 1.5 ג 25 שק,יחידה,25.00,יחידה,false,1,22.90,0.9160,true,1,11727
7290015150729,false,תה ירוק סקיני גריני,תה ויסוצקי,,תה ירוק סקיני גריני 1.5 ג 25 שק,יחידה,25.00,יחידה,false,1,22.90,0.9160,true,1,12807
7290015150903,false,תה ירוק קינמון ודבש,תה ויסוצקי,,תה ירוק קינמון ודבש 1.5 ג 25 שק,יחידה,25.00,יחידה,false,1,22.90,0.9160,true,1,13257
7290015155021,false,פרמיו דנטל מיני 110,,DE,פרמיו דנטל מיני 110 גר,גרמים,110.00,100 גרם,false,10,9.90,9.0000,true,1,42700
7290015155083,false,חול חתולים חיתולי נט,,ES,חול חתולים חיתולי נטורל 10 קג,קילוגרמים,10.00,"ק""ג",false,3,32.90,3.2900,true,1,11846
7290015155243,false,פרמיו חטיף כריות לחת,,AT,פרמיו חטיף כריות לחתול 60 גר,גרמים,60.00,100 גרם,false,7,9.90,16.5000,true,1,18057
7290015155250,false,פרמיו חטיף כריות סלמ,,AT,פרמיו חטיף כריות סלמון לחתול 60גר,גרמים,60.00,100 גרם,false,7,9.90,16.5000,true,1,18059
7290015155274,false,פרמיו חטיף כריות לחת,,AT,פרמיו חטיף כריות לחתול אנטי היירבול 60ג,גרמים,60.00,100 גרם,false,7,9.90,16.5000,true,1,43866
7290015155410,false,פרמיו חטיף כריות דנט,,AT,פרמיו חטיף כריות דנטל עוף לחתול 60גר,גרמים,60.00,100 גרם,false,7,9.90,16.5000,true,1,18058
7290015155427,false,פרמיו  לחתול עוף וכב,,AU,פרמיו עוף וכבד 15 גר,יחידה,1.00,יחידה,false,35,6.90,6.9000,true,1,18056
7290015155434,false,פרמיו  לחתול סלמון ו,,AU,פרמיו סלמון ופורל 15 גר,יחידה,1.00,יחידה,false,35,6.90,6.9000,true,1,18055
7290015155557,false,פרמיו רצועות סושי בר,,CN,פרמיו רצועות סושי ברווז 100 גר,גרמים,100.00,100 גרם,false,14,14.90,14.9000,true,1,42697
7290015155823,false,פאוץ פרינוק תפוח עץ,,,פאוץ פרינוק תפוח עץ 120 גרם,גרמים,120.00,100 גרם,false,1,5.90,4.9167,true,1,15153
7290015155830,false,פאוץ פרינוק תפוח בננ,,CZ,פאוץ פרינוק תפוח בננה 120 גרם,גרמים,120.00,100 גרם,false,24,5.90,4.9167,true,1,15154
7290015155847,false,פאוץ פרינוק סלט פירו,,,פאוץ פרינוק סלט פירות 120 גרם,גרמים,120.00,100 גרם,false,1,5.90,4.9167,true,1,15155
7290015155878,false,חטיפטף בטעם טבעי 28,,,חטיפטף בטעם טבעי 28 גר,Unknown,0.00,Unknown,false,1,7.90,0.0000,true,1,15573
7290015155892,false,חטיפטף בטעם בננה 31,,,חטיפטף בטעם בננה 31 גר,Unknown,0.00,Unknown,false,1,7.90,0.0000,true,1,15579
7290015156653,false,פרמיו חטיף לבבות ברו,,CN,פרמיו חטיף לבבות ברווז 100 גר,גרמים,100.00,100 גרם,false,10,14.90,14.9000,true,1,42698
7290015156769,false,פאוץ פרינוק תפוח ואו,,,פאוץ פרינוק תפוח ואוכמניות 120 גרם,גרמים,120.00,100 גרם,false,1,5.90,4.9167,true,1,18337
7290015156776,false,פאוץ פרינוק פירות טר,,,פאוץ פרינוק פירות טרופיים 120 גרם,גרמים,120.00,100 גרם,false,1,5.90,4.9167,true,1,17350
7290015156790,false,פאוץ פרינוק לפתן פיר,,,פאוץ פרינוק לפתן פירות 120 גרם,גרמים,120.00,100 גרם,false,1,5.90,4.9167,true,1,17351
7290015156813,false,פאוץ פרינוק פירות מע,,,פאוץ פרינוק פירות מעורבים 120 גרם,גרמים,120.00,100 גרם,false,1,5.90,4.9167,true,1,17352
7290015158428,false,יין אדום 2018 750 מל,,,יין אדום 2018 750 מל,מיליליטרים,750.00,"100 מ""ל",false,1,70.00,9.3333,true,1,27499
7290015161145,false,קוואקר קוואקר כוסמין,,,קוואקר קוואקר כוסמין מלא עבה 400 גר,גרמים,400.00,100 גרם,false,1,19.90,4.9750,true,1,30923
7290015161152,false,גרנולה כוסמין פירות,,,גרנולה כוסמין פירות ואגוזים 300 גר,גרמים,300.00,100 גרם,false,1,27.90,9.3000,true,1,26934
7290015161169,false,גרנולה כוסמין קלאסית,,,גרנולה כוסמין קלאסית 300 גר,גרמים,300.00,100 גרם,false,1,27.90,9.3000,true,1,26933
7290015161534,false,קוואקר עבה ללא גלוטן,,,קוואקר עבה ללא גלוטן 400 גר,גרמים,400.00,100 גרם,false,1,19.90,4.9750,true,1,25478
7290015161541,false,קוואקר דק ללא גלוטן,,,קוואקר דק ללא גלוטן 400 גר,גרמים,400.00,100 גרם,false,1,19.90,4.9750,true,1,25476
7290015161558,false,קמח ש. שועל מלא ללג,,,קמח ש. שועל מלא ללג 500 גר,גרמים,500.00,100 גרם,false,1,24.90,4.9800,true,1,25480
7290015161565,false,גרנולה פירות  28% לל,,,גרנולה פירות ללג נוטרה זן 300 גר,גרמים,300.00,100 גרם,false,1,22.90,7.6333,true,1,25481
7290015161572,false,גרנולה אגוז 28% ללג,,,גרנולה אגוז 28% ללג נוטרה זן 300 גר,גרמים,300.00,100 גרם,false,1,22.90,7.6333,true,1,25482
7290015161688,false,דגני שיפון אורגני כד,,,דגני שיפון אורגני כדורי קקאו 200 גר,גרמים,200.00,100 גרם,false,1,19.90,9.9500,true,1,25490
7290015161831,false,פת פריכה אורגנית ללג,,,פת פריכה אורגנית ללג אמאנט 100 גר,גרמים,100.00,100 גרם,false,1,10.90,10.9000,true,1,25467
7290015161848,false,פת פריכה אורגנית ללג,,,פת פריכה אורגנית ללג כוסת וקינואה100 גר,גרמים,100.00,100 גרם,false,1,10.90,10.9000,true,1,25468
7290015161855,false,פת פריכה אורגנית ללג,,,פת פריכה אורגנית ללג קינואה וחרוב 100גר,גרמים,100.00,100 גרם,false,1,10.90,10.9000,true,1,25470
7290015161862,false,פת פריכה אורגנית ללג,,,פת פריכה אורגנית ללג ערמונים 100 גר,גרמים,100.00,100 גרם,false,1,10.90,10.9000,true,1,25469
7290015161879,false,פת פריכה אורגנית ללג,,,פת פריכה אורגנית ללג עדשים 100 גר,גרמים,100.00,100 גרם,false,1,16.90,16.9000,true,1,25473
7290015161886,false,פת פריכה אורגנית ללג,,,פת פריכה אורגנית ללג חומוס ואפונה 100גר,גרמים,100.00,100 גרם,false,1,16.90,16.9000,true,1,25474
7290015161893,false,פת פריכה אורגנית ללג,,,פת פריכה אורגנית ללג פי אר או 100גר,גרמים,100.00,100 גרם,false,1,16.90,16.9000,true,1,25472
7290015164818,false,מחית קארי צהובה 400,Theppadungporn cocon,,מחית קארי צהובה 400 גר טי סי סי,גרמים,400.00,100 גרם,false,1,19.90,4.9750,true,1,26763
7290015164832,false,מחית קארי ירוקה 400,Theppadungporn cocon,,מחית קארי ירוקה 400 גר טי סי סי,גרמים,400.00,100 גרם,false,1,19.90,4.9750,true,1,9957
7290015164856,false,מחית קארי אדומה 400,Theppadungporn cocon,,מחית קארי אדומה 400 גר טי סי סי,גרמים,400.00,100 גרם,false,1,19.90,4.9750,true,1,9956
7290015178181,false,ארטישוק ברוזמרין 180,תנובה ב.ע.ד,IL,ארטישוק ברוזמרין 180גרם אוליביה,גרמים,180.00,100 גרם,false,6,12.90,7.1667,true,1,28621
7290015178198,false,ממרח חצילים שרופים 1,תנובה ב.ע.ד,IL,ממרח חצילים שרופים 180גרם אוליביה,גרמים,180.00,100 גרם,false,6,12.90,7.1667,true,1,28622
7290015178204,false,עגבניות מיובשות בשמש,תנובה ב.ע.ד,IL,עגבניות מיובשות בשמש עם לימון 180גר אולי,גרמים,180.00,100 גרם,false,6,12.90,7.1667,true,1,28623
7290015178235,false,זיתים מושחרים בסלסת,תנובה ב.ע.ד,IL,זיתים מושחרים בסלסת עגבניות מיובשות 180ג,גרמים,180.00,100 גרם,false,6,12.90,7.1667,true,1,32040
7290015178266,false,רוטב פלפלת שחורה אול,,,רוטב פלפלת שחורה אוליביה 480 גר,גרמים,480.00,100 גרם,false,1,12.90,2.6875,true,1,43739
7290015178273,false,מרינדה לעוף בגריל או,,,מרינדה לעוף בגריל אוליביה 530 גר,גרמים,530.00,100 גרם,false,1,12.90,2.4340,true,1,43740
7290015193139,false,רוטב צילי מתוק וואק,KRS,,רוטב צילי מתוק וואק ללא סוכר 300 מל,מיליליטרים,300.00,"100 מ""ל",false,1,7.90,2.6333,true,1,10496
7290015193269,false,שמן שומשום שחור 100%,,SG,שמן שומשום שחור 100% ווק 150 מל,מיליליטרים,150.00,"100 מ""ל",false,12,13.90,9.2667,true,1,32981
7290015193573,false,מקלוני אורז 2 ממ ווק,ASIAN,,מקלוני אורז 2 ממ ווק 400 גר,גרמים,400.00,100 גרם,false,1,9.90,2.4750,true,1,14820
7290015223874,false,גל אלוורה 100מל,טרופיקל דגיל,,גל אלוורה 100מל,מיליליטרים,100.00,"100 מ""ל",false,1,9.90,9.9000,true,1,16903
7290015223898,false,גל אלכוהול אסותא 500,,IL,גל אלכוהול אסותא 500מל,מיליליטרים,500.00,"100 מ""ל",false,12,19.90,3.9800,true,1,25722
7290015279246,false,יין עמק יזרעאל אדומי,עמק יזרעאל אדום צור,IL,יין עמק יזרעאל אדומים 750 מל,מיליליטרים,750.00,"100 מ""ל",false,12,85.00,11.3333,true,1,22758
7290015279338,false,יין עמק יזרעאל רוזה,עמק יזרעאל אדום צור,IL,יין עמק יזרעאל רוזה 750 מל,מיליליטרים,750.00,"100 מ""ל",false,12,70.00,9.3333,true,1,22761
7290015279529,false,יין עמק יזרעאל אלפא,עמק יזרעאל אדום צור,IL,יין עמק יזרעאל אלפא 750 מל,מיליליטרים,750.00,"100 מ""ל",false,12,85.00,11.3333,true,1,22756
7290015282000,false,סלט איקרא אדומה 200,,,סלט איקרא אדומה 200 גר,גרמים,200.00,100 גרם,false,1,12.90,6.4500,true,1,15863
7290015282024,false,סלט איקרא לבנה 200 ג,,,סלט איקרא לבנה 200 גר,גרמים,200.00,100 גרם,false,1,12.90,6.4500,true,1,15864
7290015282048,false,סלט חומוס מזרחי 300,,,סלט חומוס מזרחי 300 גר שמיר,גרמים,300.00,100 גרם,false,1,10.90,3.6333,true,1,10931
7290015282307,false,סלט חציל במיונז 300,,,סלט חציל במיונז 300 גר שמיר,גרמים,300.00,100 גרם,false,1,10.90,3.6333,true,1,10934
7290015282314,false,סלט קולסלאו אמריקאי,,,סלט קולסלאו אמריקאי 300 גר שמיר,גרמים,300.00,100 גרם,false,1,11.90,3.9667,true,1,10935
7290015282321,false,סלט סלק 300 גר שמיר,,,סלט סלק 300 גר שמיר,גרמים,300.00,100 גרם,false,1,11.90,3.9667,true,1,10936
7290015282352,false,סלט תפוחי אדמה 300 ג,,,סלט תפוחי אדמה 300 גר שמיר,גרמים,300.00,100 גרם,false,1,11.90,3.9667,true,1,10939
7290015282390,false,סלט תורכי 200גרם גור,סלטי שמיר,,סלט תורכי 200גרם גורמה,גרמים,200.00,100 גרם,false,1,10.90,5.4500,true,1,15073
7290015282420,false,סלט חציל על האש 300,,,סלט חציל על האש 300 גרם שמיר,גרמים,300.00,100 גרם,false,1,11.90,3.9667,true,1,10944
7290015282581,false,חומוס אבו גוש עם חרי,סלטי שמיר,,חומוס אבו גוש עם חריף 200 גרם גורמה,גרמים,200.00,100 גרם,false,1,10.90,5.4500,true,1,15063
7290015282598,false,חומוס מסעדות 200 גרם,סלטי שמיר,,חומוס מסעדות 200 גרם גורמה,גרמים,200.00,100 גרם,false,1,10.90,5.4500,true,1,15064
7290015282604,false,טחינה מיוחדת 200 גרם,סלטי שמיר,,טחינה מיוחדת 200 גרם גורמה,גרמים,200.00,100 גרם,false,1,10.90,5.4500,true,1,15065
7290015282611,false,סלט ביצים 200 גרם גו,סלטי שמיר,,סלט ביצים 200 גרם גורמה,גרמים,200.00,100 גרם,false,1,17.90,8.9500,true,1,15083
7290015282628,false,סלט חציל בטעם כבד 20,סלטי שמיר,,סלט חציל בטעם כבד 200גרם גורמה,גרמים,200.00,100 גרם,false,1,10.90,5.4500,true,1,15074
7290015282635,false,חומוס מסבחה 200 גרם,סלטי שמיר,,חומוס מסבחה 200 גרם גורמה,גרמים,200.00,100 גרם,false,1,10.90,5.4500,true,1,15066
7290015282642,false,חומוס אבו גוש 200 גר,סלטי שמיר,,חומוס אבו גוש 200 גרם גורמה,גרמים,200.00,100 גרם,false,1,10.90,5.4500,true,1,15067
7290015282666,false,סלט טונה בריאות 200ג,סלטי שמיר,,סלט טונה בריאות 200גרם גורמה,גרמים,200.00,100 גרם,false,1,17.90,8.9500,true,1,15084
7290015282673,false,סלט חציל במיונז ביתי,סלטי שמיר,,סלט חציל במיונז ביתי 200גרם גורמה,גרמים,200.00,100 גרם,false,1,10.90,5.4500,true,1,15075
7290015282680,false,סלט קישוא בטעם כבד 2,סלטי שמיר,,סלט קישוא בטעם כבד 200 גרם גורמה,גרמים,200.00,100 גרם,false,1,10.90,5.4500,true,1,15076
7290015282697,false,כרוב אדום 200 גרם גו,סלטי שמיר,,כרוב אדום 200 גרם גורמה,גרמים,200.00,100 גרם,false,1,10.90,5.4500,true,1,15068
7290015282710,false,קוביות סלק 200גרם גו,סלטי שמיר,,קוביות סלק 200גרם גורמה,גרמים,200.00,100 גרם,false,1,10.90,5.4500,true,1,15069
7290015282727,false,סלט גזר מרוקאי פיקנט,סלטי שמיר,,סלט גזר מרוקאי פיקנטי 200גר גורמה,גרמים,200.00,100 גרם,false,1,10.90,5.4500,true,1,15070
7290015282734,false,מטבוחה ביתית 200 גרם,סלטי שמיר,,מטבוחה ביתית 200 גרם גורמה,גרמים,200.00,100 גרם,false,1,10.90,5.4500,true,1,15071
7290015282741,false,סלט חציל תאילנדי 200,סלטי שמיר,,סלט חציל תאילנדי 200גר גורמה,גרמים,200.00,100 גרם,false,1,10.90,5.4500,true,1,15077
7290015282758,false,סלט תירס מקסיקני 200,סלטי שמיר,,סלט תירס מקסיקני 200גר גורמה,גרמים,200.00,100 גרם,false,1,10.90,5.4500,true,1,15078
7290015282796,false,סלט תפוחי אדמה 200גר,סלטי שמיר,,סלט תפוחי אדמה 200גר גורמה,גרמים,200.00,100 גרם,false,1,10.90,5.4500,true,1,15072
7290015282956,false,סלט חציל בטחינה 300,,,סלט חציל בטחינה 300 גרם שמיר,גרמים,300.00,100 גרם,false,1,10.90,3.6333,true,1,10941
7290015282994,false,סלט חמוצים סיני 300,,,סלט חמוצים סיני 300 גר שמיר,גרמים,300.00,100 גרם,false,1,14.90,4.9667,true,1,10940
7290015284004,false,שמפו אקולאב 500מל ס.,א.ל. ארמן,,שמפו אקולאב 500מל ס. ירוקה אורגניקזון,מיליליטרים,500.00,"100 מ""ל",false,1,31.90,6.3800,true,1,9800
7290015284011,false,מרכך אקולאב 500מל ס.,א.ל. ארמן,,מרכך אקולאב 500מל ס. ירוקה אורגניקזון,מיליליטרים,500.00,"100 מ""ל",false,1,31.90,6.3800,true,1,9801
7290015284028,false,ס.גוף אקולאב 500מל ס,א.ל. ארמן,,ס.גוף אקולאב 500מל ס. ירוקה אורגניקזון,מיליליטרים,500.00,"100 מ""ל",false,1,31.90,6.3800,true,1,9802
7290015284035,false,סבון ידיים אקולאב 50,א.ל. ארמן,,סבון ידיים אקולאב 500 מל אקולוגי ירוק,מיליליטרים,500.00,"100 מ""ל",false,1,24.90,4.9800,true,1,10075
7290015284042,false,שמפו אקולאב 500מל ס.,א.ל. ארמן,,שמפו אקולאב 500מל ס. אדומה אורגניקזון,מיליליטרים,500.00,"100 מ""ל",false,1,31.90,6.3800,true,1,9803
7290015284059,false,מרכך אקולאב 500מל ס.,א.ל. ארמן,,מרכך אקולאב 500מל ס. אדומה אורגניקזון,מיליליטרים,500.00,"100 מ""ל",false,1,31.90,6.3800,true,1,9804
7290015284066,false,ס.גוף אקולאב 500מל ס,א.ל. ארמן,,ס.גוף אקולאב 500מל ס. אדומה אורגניקזון,מיליליטרים,500.00,"100 מ""ל",false,1,31.90,6.3800,true,1,9805
7290015284073,false,סבון ידיים אקולאב 50,א.ל. ארמן,,סבון ידיים אקולאב 500 מל אקולוגי אדום,מיליליטרים,500.00,"100 מ""ל",false,1,24.90,4.9800,true,1,10076
7290015284080,false,שמפו אקולאב 500מל ס.,א.ל. ארמן,,שמפו אקולאב 500מל ס. כתומה אורגניקזון,מיליליטרים,500.00,"100 מ""ל",false,1,31.90,6.3800,true,1,9806
7290015284097,false,מרכך אקולאב 500מל ס.,א.ל. ארמן,,מרכך אקולאב 500מל ס. כתומה אורגניקזון,מיליליטרים,500.00,"100 מ""ל",false,1,31.90,6.3800,true,1,9807
7290015284110,false,סבון ידיים אקולאב 50,א.ל. ארמן,,סבון ידיים אקולאב 500 מל אקולוגי כתום,מיליליטרים,500.00,"100 מ""ל",false,1,24.90,4.9800,true,1,10077
7290015284134,false,מסכה  לשיער  אקולאב,א.ל. ארמן,,מסכה  לשיער  אקולאב 350 מל,מיליליטרים,350.00,"100 מ""ל",false,1,41.90,11.9714,true,1,11134
7290015284141,false,שמפו אקולאב 1ליטר לא,א.ל. ארמן,IL,שמפו אקולאב 1ליטר לאחר החלקה ללא מלחים,ליטרים,1.00,ליטר,false,6,54.90,54.9000,true,1,44511
7290015284158,false,שמפו אקולאב 1ליטר שי,א.ל. ארמן,IL,שמפו אקולאב 1ליטר שיער רגיל שמן ירק אדום,ליטרים,1.00,ליטר,false,6,51.90,51.9000,true,1,44510
7290015284165,false,שמפו אקולאב 1ליטר שי,א.ל. ארמן,IL,שמפו אקולאב 1ליטר שיער רגיל יבש ירק כתום,ליטרים,1.00,ליטר,false,6,51.90,51.9000,true,1,44509
7290015284172,false,מרכך אקולאב משפחתי 1,א.ל. ארמן,IL,מרכך אקולאב משפחתי 1ליטר מגיל חצי שנה,ליטרים,1.00,ליטר,false,6,51.90,51.9000,true,1,29091
7290015284189,false,שמפו אקולאב  משפחתי,א.ל. ארמן,IL,שמפו אקולאב  משפחתי לכל סוגי השיער 1ליטר,ליטרים,1.00,ליטר,false,6,51.90,51.9000,true,1,22059
7290015284196,false,סבון גוף אקולאב 1ליט,א.ל. ארמן,IL,סבון גוף אקולאב 1ליטר משפחתי,ליטרים,1.00,ליטר,false,6,51.90,51.9000,true,1,22060
7290015284202,false,שמפו אקולאב 500מל ס.,א.ל. ארמן,,שמפו אקולאב 500מל ס. סגולה אורגניקזון,מיליליטרים,500.00,"100 מ""ל",false,1,31.90,6.3800,true,1,12524
7290015284219,false,מרכך אקולאב 500מל ס.,א.ל. ארמן,,מרכך אקולאב 500מל ס. סגולה אורגניקזון,מיליליטרים,500.00,"100 מ""ל",false,1,31.90,6.3800,true,1,12525
7290015284226,false,ס.גוף אקולאב 500מל ס,א.ל. ארמן,,ס.גוף אקולאב 500מל ס. סגולה אורגניקזון,מיליליטרים,500.00,"100 מ""ל",false,1,31.90,6.3800,true,1,12526
7290015284233,false,סבון ידיים אקולאב 50,א.ל. ארמן,,סבון ידיים אקולאב 500 מל אקולוגי סגול,מיליליטרים,500.00,"100 מ""ל",false,1,24.90,4.9800,true,1,12538
7290015284240,false,מסכה  לשיער  אקולאב,א.ל. ארמן,,מסכה  לשיער  אקולאב סגול 350 מל,מיליליטרים,350.00,"100 מ""ל",false,1,41.90,11.9714,true,1,12941
7290015284257,false,שמפו לשיער צבוע 1ליט,א.ל. ארמן,IL,שמפו לשיער צבוע 1ליטר אקולאב ירק. סגולים,ליטרים,1.00,ליטר,false,6,51.90,51.9000,true,1,24293
7290015284264,false,סבון גוף אקולאב 1ליט,א.ל. ארמן,IL,סבון גוף אקולאב 1ליטר ירקות סגולים,ליטרים,1.00,ליטר,false,6,51.90,51.9000,true,1,24292
7290015284271,false,מרכך אקולאב משפחתי 1,א.ל. ארמן,IL,מרכך אקולאב משפחתי 1ליטר לשיער צבוע,ליטרים,1.00,ליטר,false,6,51.90,51.9000,true,1,29092
7290015284301,false,סבון מוצק שמן זית מל,לה קרים,,סבון מוצק שמן זית מלפפון ותה ירוק 110גר,גרמים,110.00,100 גרם,false,1,17.90,16.2727,true,1,9993
7290015284318,false,סבון מוצק שמן זית פר,לה קרים,,סבון מוצק שמן זית פריחת השקד 110גר,גרמים,110.00,100 גרם,false,1,17.90,16.2727,true,1,9994
7290015284325,false,סבון מוצק שמן זית גר,לה קרים,,סבון מוצק שמן זית גרניום לימוני 110גר,גרמים,110.00,100 גרם,false,1,17.90,16.2727,true,1,9995
7290015284332,false,סבון מוצק שמן זית לב,לה קרים,,סבון מוצק שמן זית לבנדר קלנדולה 110גר,גרמים,110.00,100 גרם,false,1,17.90,16.2727,true,1,9996
7290015284653,false,סבון ידיים אקולאב 50,א.ל. ארמן,,סבון ידיים אקולאב 500 מל אקולוגי אגוזים,מיליליטרים,500.00,"100 מ""ל",false,1,24.90,4.9800,true,1,43374
7290015284660,false,שמפו אקולאב לשיער לא,א.ל. ארמן,,שמפו אקולאב לשיער לאחר החלקה 500מל,מיליליטרים,500.00,"100 מ""ל",false,1,34.90,6.9800,true,1,14541
7290015284677,false,מרכך אקולאב לשיער לא,א.ל. ארמן,,מרכך אקולאב לשיער לאחר החלקה 500מל,מיליליטרים,500.00,"100 מ""ל",false,1,34.90,6.9800,true,1,14542
7290015284684,false,מסכה אקולאב לשיער לא,א.ל. ארמן,,מסכה אקולאב לשיער לאחר החלקה 350מל,מיליליטרים,350.00,"100 מ""ל",false,1,44.90,12.8286,true,1,14543
7290015284769,false,גל ניקוי פנים אקולאב,,,גל ניקוי פנים אקולאב לכל סוגי העור 150מל,מיליליטרים,150.00,"100 מ""ל",false,4,49.90,33.2667,true,1,24863
7290015284783,false,מי ניקוי והסרת איפור,,,מי ניקוי והסרת איפור אקולאב מיסלר 200מל,מיליליטרים,200.00,"100 מ""ל",false,4,59.90,29.9500,true,1,24864
7290015284790,false,מסכת בוץ מינרלי לעור,,,מסכת בוץ מינרלי לעור הפנים אקולאב 100מל,מיליליטרים,100.00,"100 מ""ל",false,4,59.90,59.9000,true,1,24865
7290015289009,false,בירה הרצל כפרה שש אח,,IL,בירה הרצל כפרה שש אחוז 330מל בק.פקדון,מיליליטרים,330.00,"100 מ""ל",false,1,14.90,4.5152,true,1,24227
7290015289016,false,בירה הרצל דולצה דה ע,,IL,בירה הרצל דולצה דה עסל 330מל בק.פקדון,מיליליטרים,330.00,"100 מ""ל",false,1,14.90,4.5152,true,1,24229
7290015289023,false,בירה הרצל וזה איי.פי,,IL,בירה הרצל וזה איי.פי היי  330מל בק.פקדון,מיליליטרים,330.00,"100 מ""ל",false,1,14.90,4.5152,true,1,24228
7290015289054,false,בירה הרצל לבנה 4.9%,,IL,בירה הרצל לבנה 4.9% 330מל בק.פקדון,מיליליטרים,330.00,"100 מ""ל",false,1,14.90,4.5152,true,1,24230
7290015293259,false,מוס רחצה שיבולת שועל,פישר תעשיות,,מוס רחצה שיבולת שועל קמיל בלו 450מל,מיליליטרים,450.00,"100 מ""ל",false,1,31.90,7.0889,true,1,13584
7290015293624,false,אל סבון  ושמפו קמיל,פישר תעשיות,,אל סבון  ושמפו קמיל בלו נטורל 400מל,מיליליטרים,400.00,"100 מ""ל",false,10,29.90,7.4750,true,1,20852
7290015293631,false,מסכה לשיער מתולתל נט,פישר תעשיות,,מסכה לשיער מתולתל נטורל קר ורדים450מל,מיליליטרים,450.00,"100 מ""ל",false,1,24.90,5.5333,true,1,12716
7290015299008,false,כיסוי אסלה 10 יחידות,,CN,כיסוי אסלה 10 יחידות,יחידה,10.00,יחידה,false,1,15.90,1.5900,true,1,29108
7290015324007,false,פלפל שחור גרוס 80גר,,,פלפל שחור גרוס 80גר שקית,Unknown,0.00,Unknown,false,1,8.90,0.0000,true,1,10025
7290015324014,false,פלפל שחור טחון 80גר,,,פלפל שחור טחון 80גר שקית,Unknown,0.00,Unknown,false,1,8.90,0.0000,true,1,10026
7290015324038,false,פפריקה מתוקה בשמן 80,,,פפריקה מתוקה בשמן 80גר שקית,Unknown,0.00,Unknown,false,1,4.90,0.0000,true,1,10027
7290015324045,false,פפריקה חריפה 80גר שק,,,פפריקה חריפה 80גר שקית,Unknown,0.00,Unknown,false,1,4.90,0.0000,true,1,10028
7290015324052,false,פפריקה מתוקה 80גר שק,,,פפריקה מתוקה 80גר שקית,Unknown,0.00,Unknown,false,1,4.90,0.0000,true,1,10029
7290015324069,false,גריל עוף 80גר שקית,,,גריל עוף 80גר שקית,Unknown,0.00,Unknown,false,1,4.90,0.0000,true,1,10030
7290015324076,false,זעתר 80גר שקית,,,זעתר 80גר שקית,Unknown,0.00,Unknown,false,1,4.90,0.0000,true,1,10031
7290015324083,false,מלח לימון 80 גר שקית,,,מלח לימון 80 גר שקית,Unknown,0.00,Unknown,false,1,4.90,0.0000,true,1,10032
7290015324090,false,כמון טחון 80 גר שקית,,,כמון טחון 80 גר שקית,Unknown,0.00,Unknown,false,1,4.90,0.0000,true,1,10033
7290015324106,false,כורכום טחון 80 גר שק,,,כורכום טחון 80 גר שקית,Unknown,0.00,Unknown,false,1,4.90,0.0000,true,1,10034
7290015324113,false,תבלין בהרט 80 גר שקי,,,תבלין בהרט 80 גר שקית,Unknown,0.00,Unknown,false,1,4.90,0.0000,true,1,10035
7290015324120,false,שום גבישי 80 גר שקית,,,שום גבישי 80 גר שקית,Unknown,0.00,Unknown,false,1,4.90,0.0000,true,1,10036
7290015324151,false,חוויג למרק 80 גר שקי,,,חוויג למרק 80 גר שקית,Unknown,0.00,Unknown,false,1,4.90,0.0000,true,1,10037
7290015324168,false,תיבול על האש ללא מונ,,,תיבול על האש ללא מונסודיות80גר שקית,Unknown,0.00,Unknown,false,1,4.90,0.0000,true,1,10038
7290015324175,false,תיבול לשוארמה ללא מו,,,תיבול לשוארמה ללא מונסודיות80גר שקית,Unknown,0.00,Unknown,false,1,4.90,0.0000,true,1,10039
7290015324229,false,פפריקה מתוקה שקית250,,,פפריקה מתוקה שקית250 גרם,גרמים,250.00,100 גרם,false,1,9.90,3.9600,true,1,11779
7290015324281,false,שבבי בצל מטוגן 200 ג,שנידרס,,שבבי בצל מטוגן 200 גר,גרמים,200.00,100 גרם,false,1,7.90,3.9500,true,1,14238
7290015324519,false,תערובת לפיצה שקית 80,,,תערובת לפיצה שקית 80 גרם,Unknown,0.00,Unknown,false,1,4.90,0.0000,true,1,21728
7290015324526,false,תערובת לפרגיות שקית,,,תערובת לפרגיות שקית 80 גרם,Unknown,0.00,Unknown,false,1,4.90,0.0000,true,1,21729
7290015324533,false,רוזמרין במיכל גדול 5,,,רוזמרין במיכל גדול 55 גר,Unknown,0.00,Unknown,false,1,7.90,0.0000,true,1,21730
7290015324540,false,טימין מיכל גדול 30 ג,,,טימין מיכל גדול 30 גר,Unknown,0.00,Unknown,false,1,7.90,0.0000,true,1,21732
7290015324557,false,בהרט לבישול מיכל גדו,,,בהרט לבישול מיכל גדול 80 גרם,Unknown,0.00,Unknown,false,1,7.90,0.0000,true,1,21733
7290015324564,false,כוסברה טחונה במיכל ג,,,כוסברה טחונה במיכל גדול 70 גר,Unknown,0.00,Unknown,false,1,7.90,0.0000,true,1,21731
7290015324571,false,פפריקה מתוקה בשמן מר,,,פפריקה מתוקה בשמן מרוקאי 400 גר בקופסא,גרמים,400.00,100 גרם,false,1,15.90,3.9750,true,1,23396
7290015324588,false,פלפל לבן טחון 100 ג,,,פלפל לבן טחון 100 ג מיכל גדול,גרמים,100.00,100 גרם,false,1,12.90,12.9000,true,1,24720
7290015324595,false,פלפל שחור טחון גס400,,,פלפל שחור טחון גס400 גרם,גרמים,400.00,100 גרם,false,1,29.90,7.4750,true,1,25862
7290015324656,false,זעפרן ספרדי יחידה0.5,,,זעפרן ספרדי יחידה0.5 גר,Unknown,0.00,Unknown,false,1,19.90,0.0000,true,1,29648
7290015324663,false,צילי גרוס חריף 70 גר,,,צילי גרוס חריף 70 גר מיכל גדול,גרמים,150.00,100 גרם,false,1,7.90,5.2667,true,1,27975
7290015324670,false,מטחנת פלפל שחור שלם,,ZA,מטחנת פלפל שחור שלם 50 גרם,Unknown,0.00,Unknown,false,6,14.90,0.0000,true,1,42410
7290015324687,false,מטחנת לקט פלפלים 50,,ZA,מטחנת לקט פלפלים 50 גרם,Unknown,0.00,Unknown,false,6,14.90,0.0000,true,1,42411
7290015324700,false,מטחנת מלח הימלאיה 10,,ZA,מטחנת מלח הימלאיה 100 גרם,גרמים,100.00,100 גרם,false,6,14.90,14.9000,true,1,42413
7290015324717,false,מחית שום טעם וריח 21,,CN,מחית שום טעם וריח 210 גרם צנצנת,גרמים,210.00,100 גרם,false,6,12.90,6.1429,true,1,41717
7290015324724,false,מחית צילי חריף טעם ו,,CN,מחית צילי חריף טעם וריח 230 גרם צנצנת,גרמים,230.00,100 גרם,false,6,12.90,5.6087,true,1,41718
7290015324731,false,מחית גינגר טעם וריח,,CN,מחית גינגר טעם וריח 210 גרם צנצנת,גרמים,210.00,100 גרם,false,6,12.90,6.1429,true,1,41720
7290015324748,false,מחית שום וגינגר טעם,,CN,מחית שום וגינגר טעם וריח 210 גרם צנצנת,גרמים,210.00,100 גרם,false,6,12.90,6.1429,true,1,41721
7290015325752,false,מארז 4יח מגבוני בד ל,טרופיקל דגיל,,מארז 4יח מגבוני בד לחים אסותא 72יח,יחידה,288.00,יחידה,false,1,16.90,0.0587,true,1,14893
7290015335607,false,מעדן ביו טבעי 150גר,,IL,מעדן ביו טבעי 150גר ללא סויה/חלב,גרמים,150.00,100 גרם,false,6,6.90,4.6000,true,1,29450
7290015335614,false,מעדן ביו תות 150גרם,,IL,מעדן ביו תות 150גרם ללא סויה/חלב,גרמים,150.00,100 גרם,false,6,6.90,4.6000,true,1,29451
7290015335645,false,מעדן ביו מנגו ומלון,,IL,מעדן ביו מנגו ומלון 150גרם ללא סויה/חלב,גרמים,150.00,100 גרם,false,6,6.90,4.6000,true,1,29454
7290015335720,false,מעדן ביו בטעם אננס 1,,IL,מעדן ביו בטעם אננס 150גר ללא סויה/חלב,גרמים,150.00,100 גרם,false,6,6.90,4.6000,true,1,38647
7290015341516,false,עוגת קראנץ בטעמים 60,,,עוגת קראנץ בטעמים 600 ג אנטיקוביץ,גרמים,600.00,100 גרם,false,1,16.90,2.8167,true,1,18903
7290015348072,false,יין למברסקו  אמיליאנ,,,יין למברסקו  אמיליאנו אדום 750 מל,מיליליטרים,750.00,"100 מ""ל",false,1,35.00,4.6667,true,1,11004
7290015348089,false,יין למברסקו  ביאנקו,,,יין למברסקו  ביאנקו  750 מל,מיליליטרים,750.00,"100 מ""ל",false,1,35.00,4.6667,true,1,12857
7290015348096,false,יין למברסקו אמיליאנו,,,יין למברסקו אמיליאנו  רוזה 750 מל,מיליליטרים,750.00,"100 מ""ל",false,1,35.00,4.6667,true,1,11003
7290015348386,false,יין סגל מרום גליל רו,,,יין סגל מרום גליל רוזה 750 מל פקדון,מיליליטרים,750.00,"100 מ""ל",false,1,45.00,6.0000,true,1,12855
7290015350136,false,יין קברנה סוביניון פ,,,יין קברנה סוביניון פרי סגל 750 מל,מיליליטרים,750.00,"100 מ""ל",false,1,60.00,8.0000,true,1,17745
7290015350143,false,יין מרלו פרי סגל 750,,,יין מרלו פרי סגל 750 מל,מיליליטרים,750.00,"100 מ""ל",false,1,60.00,8.0000,true,1,17744
7290015350273,false,יין שרדונה פרי סגל 7,,,יין שרדונה פרי סגל 750 מל,מיליליטרים,750.00,"100 מ""ל",false,1,60.00,8.0000,true,1,20221
7290015350402,false,יין רזרב מוסקט ורוד,,,יין רזרב מוסקט ורוד חצי יבש  750 מל,מיליליטרים,750.00,"100 מ""ל",false,1,45.00,6.0000,true,1,16728
7290015354899,false,חרדל ריין דה דיזון מ,ריין דיגון,,חרדל ריין דה דיזון מעודן350 ג,גרמים,350.00,100 גרם,false,1,11.90,3.4000,true,1,17962
7290015354905,false,חרדל ריין דה דיזון ע,ריין דיגון,,חרדל ריין דה דיזון עם חזרת 350 ג,גרמים,350.00,100 גרם,false,1,11.90,3.4000,true,1,17954
7290015360593,false,יין שאבלי פרמייה מונ,דומיין דה מאלאנד,,יין שבלי פרמייה מונמיין 750 מל,מיליליטרים,750.00,"100 מ""ל",false,1,140.00,18.6667,true,1,12321
7290015360609,false,יין בורגון שבלי דומי,דומיין דה מאלאנד,,יין שבלי דומיין פטי 750 מל,מיליליטרים,750.00,"100 מ""ל",false,1,90.00,12.0000,true,1,12323
7290015366250,false,ספריי קרטין לשמירה ע,א.ל. ארמן,,ספריי קרטין לשמירה על השיער 120מל,מיליליטרים,120.00,"100 מ""ל",false,1,44.90,37.4167,true,1,37458
7290015366342,false,זוג נוזל דוחה יתושים,,,זוג נוזל דוחה יתושים ספירה 90 לילות,Unknown,0.00,Unknown,false,1,19.90,0.0000,true,1,11118
7290015366373,false,דוחה יתושים ספירה אנ,זובלה,,דוחה יתושים ספירה אנתוש ילדים 50מל,Unknown,0.00,Unknown,false,1,11.90,0.0000,true,1,17075
7290015366380,false,דוחה יתושים ספירה אנ,זובלה,,דוחה יתושים ספירה אנתוש ספריי 70מל,Unknown,0.00,Unknown,false,1,11.90,0.0000,true,1,17073
7290015366663,false,מש.שיניים אקוה פרש ע,,,מש.שיניים אקוה פרש עדין 100 מל,מיליליטרים,100.00,"100 מ""ל",false,1,7.90,7.9000,true,1,12544
7290015366670,false,מש.שיניים אקוה פרש מ,,,מש.שיניים אקוה פרש מנטה 100 מל,מיליליטרים,100.00,"100 מ""ל",false,1,7.90,7.9000,true,1,12543
7290015395045,false,קינואה שקדיה 400 גר,"שקדיה גבע תעשיות בע""",,קינואה שקדיה 400 גר,גרמים,400.00,100 גרם,false,1,10.90,2.7250,true,1,10897
7290015437431,false,רכז רימונים 100% טבע,AROMA PRODUCT ITD,,רכז רימונים 100% טבעי 420גרם,גרמים,420.00,100 גרם,false,1,20.00,4.7619,true,1,13531
7290015437578,false,תערובת מוזלי קראנצי,ויטליה,MK,תערובת מוזלי קראנצי פירות וזרעים 600 גר,גרמים,600.00,100 גרם,false,10,13.90,2.3167,true,1,18583
7290015437585,false,תערובת מוזלי קראנצי,ויטליה,MK,תערובת מוזלי קראנצי שוקולד בננה 600 גר,גרמים,600.00,100 גרם,false,10,13.90,2.3167,true,1,18584
7290015470094,false,שוקולד מריר תפוז טוס,ALTINMARKA,,שוקולד מריר תפוז טוסו ללא סוכר 100 גר,גרמים,100.00,100 גרם,false,1,8.90,8.9000,true,1,13340
7290015470384,false,קרם ידיים פנגל מועשר,,,קרם ידיים פנגל מועשר בשמן שקדים 100מל,מיליליטרים,100.00,"100 מ""ל",false,1,9.90,9.9000,true,1,11832
7290015470391,false,קרם ידיים פנגל מועשר,,,קרם ידיים פנגל מועשר בשמן זית 100מל,מיליליטרים,100.00,"100 מ""ל",false,1,9.90,9.9000,true,1,11833
7290015474290,false,מגרדת 4 דפנות קיטשיי,,,מגרדת 4 דפנות קיטשיינוואר פוד אפל,יחידה,1.00,יחידה,false,1,39.90,39.9000,true,1,38915
7290015508483,false,יין פלטר קומולוס מטר,יקב matar,,יין פלטר קומולוס מטר 2015 750 מל,מיליליטרים,750.00,"100 מ""ל",false,1,85.00,11.3333,true,1,14273
7290015596817,false,קרם גוף אפקטיב קר מו,פישר תעשיות,IL,קרם גוף אפקטיב קר מועשר בשמן קוקוס 450מל,מיליליטרים,450.00,"100 מ""ל",false,1,21.90,4.8667,true,1,25347
7290015596831,false,קרם גוף אפקטיב קר מו,פישר תעשיות,IL,קרם גוף אפקטיב קר מועשר בשמן אבוקדו450מל,מיליליטרים,450.00,"100 מ""ל",false,1,21.90,4.8667,true,1,25348
7290015597210,false,מאגדת טילון קורנטו ט,"גלידת שטראוס בע""מ",,מאגדת טילון קורנטו טבעוני 6יח,יחידה,6.00,יחידה,false,1,34.90,5.8167,true,1,16827
7290015597326,false,מאגדת לייט קרחונים 1,יוניליוור,,מאגדת לייט קרחונים 10 יח,יחידה,10.00,יחידה,false,1,25.90,2.5900,true,1,12277
7290015599016,false,צהובה טבעונית זיתים,,,צהובה טבעונית זיתים 200 גרם,גרמים,200.00,100 גרם,false,1,24.90,12.4500,true,1,11625
7290015599023,false,צהובה טבעונית קלאסית,,,צהובה טבעונית קלאסית 200 גרם,גרמים,200.00,100 גרם,false,1,24.90,12.4500,true,1,11626
7290015599030,false,צהובה טבעונית פיצה פ,,,צהובה טבעונית פיצה פפרוני 200 גרם,גרמים,200.00,100 גרם,false,1,24.90,12.4500,true,1,11627
7290015599047,false,צהובה טבעונית 200 גר,,,צהובה טבעונית 200 גרם בלוק,גרמים,200.00,100 גרם,false,1,17.90,8.9500,true,1,11631
7290015599054,false,צהובה טבעונית בטעם צ,,,צהובה טבעונית בטעם צדר 200 גרם,גרמים,200.00,100 גרם,false,1,24.90,12.4500,true,1,11628
7290015599061,false,צהובה טבעונית בטעם מ,,,צהובה טבעונית בטעם מוצרלה 200 גרם,גרמים,200.00,100 גרם,false,1,24.90,12.4500,true,1,11740
7290015599078,false,צהובה טבעונית עשבי ת,,,צהובה טבעונית עשבי תיבול 200 גרם,גרמים,200.00,100 גרם,false,1,24.90,12.4500,true,1,11629
7290015599177,false,סירופ אורז מלא 400גר,,,סירופ אורז מלא 400גר בתוספת אגבה ומייפל,גרמים,400.00,100 גרם,false,13,26.90,6.7250,true,1,21508
7290015599191,false,ממרח טבעוני שמנת בטע,ביוטי איילנד פודס בע,,ממרח טבעוני שמנת בטעם קלאסי 170 גר,גרמים,170.00,100 גרם,false,1,18.90,11.1176,true,1,14045
7290015599207,false,ממרח טבעוני שמנת בטע,ביוטי איילנד פודס בע,,ממרח טבעוני שמנת בטעם צדר 170גר,גרמים,170.00,100 גרם,false,1,18.90,11.1176,true,1,14047
7290015599214,false,שמרים יבשים בתוספת ו,רד סטאר וסט קומפני,,שמרים יבשים בתוספת ויטמינים 110 גרם,גרמים,110.00,100 גרם,false,1,19.90,18.0909,true,1,12230
7290015599306,false,ממרח טבעוני שמנת עם,ביוטי איילנד פודס בע,,ממרח טבעוני שמנת עם עירית 170גר,גרמים,170.00,100 גרם,false,1,18.90,11.1176,true,1,14048
7290015599313,false,ממרח טבעוני שמנת עם,ביוטי איילנד פודס בע,,ממרח טבעוני שמנת עם בצל ירוק ופלפל 170גר,גרמים,170.00,100 גרם,false,1,18.90,11.1176,true,1,14046
7290015599504,false,ממרח בטעם חמאה אורגנ,,,ממרח בטעם חמאה אורגני 225 גרם,גרמים,225.00,100 גרם,false,24,17.90,7.9556,true,1,18200
7290015599702,false,ממרח טבעוני שמנת ללא,ביוטי איילנד פודס בע,,ממרח טבעוני שמנת ללא גלוטן 170גר,גרמים,170.00,100 גרם,false,1,18.90,11.1176,true,1,24644
7290015599719,false,תחליף פרמזן טבעוני 1,אריוויה,,תחליף פרמזן טבעוני 150 גרם,גרמים,150.00,100 גרם,false,11,24.90,16.6000,true,1,24274
7290015603188,false,אטריות ביצים 454 גר,Xiamen zhongshi impo,,אטריות ביצים 454 גר,גרמים,454.00,100 גרם,false,1,10.90,2.4009,true,1,11954
7290015603195,false,אטריות תרד 454 ג,FUJIAN LONGHAI ANLID,,אטריות תרד 454 ג,גרמים,454.00,100 גרם,false,1,10.90,2.4009,true,1,11380
7290015603201,false,אטריות מחיטה מלאה 45,Xiamen zhongshi impo,,אטריות מחיטה מלאה 454 גר,גרמים,454.00,100 גרם,false,1,10.90,2.4009,true,1,11671
7290015603218,false,אטריות עם עגבניה 454,Xiamen xing ng foods,,אטריות עם גבינה 454 ג,גרמים,454.00,100 גרם,false,1,10.90,2.4009,true,1,13511
7290015603225,false,אטריות עם גזר 454 ג,Xiamen xing ng foods,,אטריות עם גזר 454 ג,גרמים,454.00,100 גרם,false,1,10.90,2.4009,true,1,13509
7290015603232,false,אטריות עם דלעת 454 ג,Xiamen xing ng foods,,אטריות עם דלעת 454 ג,גרמים,454.00,100 גרם,false,1,10.90,2.4009,true,1,13510
7290015603522,false,נוזל אגוזי קוקוס5-7%,ASIATIC AGRO INDUSTR,,נוזל אגוזי קוקוס5-7%אסיאטיק400מל,מיליליטרים,400.00,"100 מ""ל",false,1,6.90,1.7250,true,1,40538
7290015603546,false,קרם קוקוס 17-19% 400,ASIATIC AGRO INDUSTR,,קרם קוקוס 17-19% 400 מל אסיאטיק,מיליליטרים,400.00,"100 מ""ל",false,1,8.90,2.2250,true,1,17503
7290015603560,false,שימורי קרם קוקוס20-2,ASIATIC AGRO INDUSTR,,שימורי קרם קוקוס20-22%אסיאטיק400מל,גרמים,400.00,100 גרם,false,1,9.90,2.4750,true,1,11953
7290015603584,false,גינגר לבן כבוש 160 ג,Shandong Xinjinjiang,,גינגר לבן כבוש 160 גר ללא מונוסדיום,גרמים,160.00,100 גרם,false,1,7.90,4.9375,true,1,12498
7290015603591,false,גינגר ורוד כבוש 160,Shandong Xinjinjiang,,גינגר ורוד כבוש 160 גר ללא מונוסדיום,גרמים,160.00,100 גרם,false,1,7.90,4.9375,true,1,15474
7290015603638,false,אורז עגול קרלוז 1 קג,MINH PHONG GREEN AGR,,אורז עגול קרלוז 1 קג,קילוגרמים,1.00,"ק""ג",false,1,13.90,13.9000,true,1,12244
7290015603898,false,חטיף אפונה וואסבי 10,סוזו יואי פודס,CN,חטיף אפונה וואסבי 100 גרם,גרמים,100.00,100 גרם,false,1,9.90,9.9000,true,1,27866
7290015634588,false,יין עמק האלה אדום 75,יקב עמק האלה,IL,יין עמק האלה אדום 750 מל,מיליליטרים,750.00,"100 מ""ל",false,12,60.00,8.0000,true,1,25585
7290015634595,false,יין עמק האלה לבן 750,יקב עמק האלה,IL,יין עמק האלה לבן 750 מל,מיליליטרים,750.00,"100 מ""ל",false,12,60.00,8.0000,true,1,25586
7290015634618,false,יין עמק האלה מייק א.,יקב עמק האלה,IL,יין עמק האלה מייק א.וויש לבן 750 מל,מיליליטרים,750.00,"100 מ""ל",false,12,79.90,10.6533,true,1,25587
7290015635028,false,ממרח ראסטיז שקד קוקו,"ראסטיז נאטס בע""מ",IL,ממרח ראסטיז שקד קוקוס קקאו 200 גרם,גרמים,200.00,100 גרם,false,6,35.90,17.9500,true,1,21397
7290015652070,false,קשיו קלוי 150 גר,"דין שיווק וקלייה בע""",,קשיו קלוי 150 גר,גרמים,150.00,100 גרם,false,1,12.90,8.6000,true,1,12794
7290015652087,false,תערובת פיצוחים קלויי,,,תערובת פיצוחים קלויים 150 גר,גרמים,150.00,100 גרם,false,1,12.90,8.6000,true,1,12795
7290015652254,false,גרעיני חמניה קלויים,"דין שיווק וקלייה בע""",,גרעיני חמניה קלויים 400 גר מחיר מוטבע,גרמים,400.00,100 גרם,false,1,10.00,2.5000,true,1,11420
7290015652261,false,בוטנים קלויים 300 גר,"דין שיווק וקלייה בע""",,בוטנים קלויים 300 גרם מחיר מוטבע,גרמים,300.00,100 גרם,false,1,10.00,3.3333,true,1,11419
7290015652278,false,תערובת פיצוחים 250 ג,"דין שיווק וקלייה בע""",,תערובת פיצוחים 250 ג מחיר מוטבע,גרמים,250.00,100 גרם,false,1,20.00,8.0000,true,1,11423
7290015652285,false,אגוזים קלופים 250 גר,"שקדיה גבע תעשיות בע""",,אגוזים קלופים 250 גר מחיר מוטבע,גרמים,250.00,100 גרם,false,1,20.00,8.0000,true,1,11424
7290015652292,false,קבוקים עם שומשום 400,"דין שיווק וקלייה בע""",,קבוקים עם שומשום 500גר מחיר מוטבע,גרמים,400.00,100 גרם,false,1,10.00,2.5000,true,1,11418
7290015652308,false,תערובת מנצס 300 גרם,"דין שיווק וקלייה בע""",,תערובת מנצס 300 גרם מחיר מוטבע,גרמים,300.00,100 גרם,false,1,10.00,3.3333,true,1,11421
7290015652315,false,חמוציות מסוכרות 300,"דין שיווק וקלייה בע""",,חמוציות מסוכרות 300 גרם מחיר מוטבע,גרמים,300.00,100 גרם,false,1,10.00,3.3333,true,1,11422
7290015652322,false,בוטנים אמריקאים 400,"דין שיווק וקלייה בע""",,בוטנים אמריקאים 500 גר מחיר מוטבע,גרמים,400.00,100 גרם,false,1,10.00,2.5000,true,1,11417
7290015652407,false,פיסטוק קלוי 250 גרם,"דין שיווק וקלייה בע""",,פיסטוק קלוי 250 גרם מחיר מוטבע,גרמים,250.00,100 גרם,false,1,20.00,8.0000,true,1,12456
7290015652544,false,גריל עוף ארומטי אהרו,נווה התבלין,IL,גריל עוף ארומטי אהרוני 130 גרם,גרמים,130.00,100 גרם,false,1,9.90,7.6154,true,1,20884
7290015652582,false,תערובת חריימה לדג אה,נווה התבלין,IL,תערובת חריימה לדג אהרוני 150 גרם,גרמים,150.00,100 גרם,false,1,9.90,6.6000,true,1,20886
7290015652605,false,פיסטוק קלוף טבעי השף,"דין שיווק וקלייה בע""",,פיסטוק קלוף טבעי השף 100 גרם,גרמים,100.00,100 גרם,false,1,20.00,20.0000,true,1,12272
7290015663052,false,תערובת מרק בריאות400,נווה התבלין,,תערובת מרק בריאות400 גר,גרמים,400.00,100 גרם,false,1,23.50,5.8750,true,1,10717
7290015670012,false,עוגיות מרסי מטבעות ש,קונדיטוריה מרסי,IL,עוגיות מרסי מטבעות שומשום וטחינה 230 גרם,גרמים,230.00,100 גרם,false,1,33.90,14.7391,true,1,31884
7290015670029,false,מיקס מרסי שקד חמוציו,קונדיטוריה מרסי,IL,מיקס מרסי שקד חמוציות פפאיה וגרעינים225,גרמים,225.00,100 גרם,false,1,33.90,15.0667,true,1,24581
7290015670036,false,עוגיות מרסי קראנץ225,קונדיטוריה מרסי,IL,תערובת מרסי שומשום פשתן וסילאן  225 גרם,גרמים,225.00,100 גרם,false,1,33.90,15.0667,true,1,24579
7290015670043,false,מטבעות מרסי תמר ופיצ,קונדיטוריה מרסי,IL,מטבעות מרסי תמר ופיצוחים 225 גרם,גרמים,225.00,100 גרם,false,1,33.90,15.0667,true,1,24578
7290015670067,false,עוגיות מרסי אגוזי לו,קונדיטוריה מרסי,IL,עוגיות מרסי אגוזי לוז קשיו קוקוס 210 גרם,גרמים,210.00,100 גרם,false,1,33.90,16.1429,false,1,27429
7290015670081,false,אוזני המן מרסי בטעמי,קונדיטוריה מרסי,IL,אוזני המן מרסי בטעמים 250 גרם,Unknown,0.00,Unknown,false,1,33.90,0.0000,true,1,29855
7290015670104,false,מיקס מרסי שומשום דלע,קונדיטוריה מרסי,IL,מיקס  מרסי שומשום דלעת חמניה225 גרם,גרמים,225.00,100 גרם,false,1,33.90,15.0667,true,1,24566
7290015670111,false,מטבעות מרסי שקדים וא,קונדיטוריה מרסי,IL,מטבעות מרסי שקדים ואגוזים 210 גרם,גרמים,210.00,100 גרם,false,1,33.90,16.1429,true,1,24565
7290015670128,false,מיקס מרסי שומשום קשי,קונדיטוריה מרסי,IL,מיקס מרסי שומשום קשיו 225 גרם,גרמים,225.00,100 גרם,false,1,33.90,15.0667,true,1,24567
7290015670135,false,עוגיות מרסי מטבעות פ,קונדיטוריה מרסי,IL,עוגיות מרסי מטבעות פירות יער 230 גרם,גרמים,230.00,100 גרם,false,1,33.90,14.7391,true,1,30419
7290015670203,false,מטבעות מרסי מיקס גרע,קונדיטוריה מרסי,IL,מטבעות מרסי מיקס גרעינים ובוטנים225 גרם,גרמים,225.00,100 גרם,false,1,33.90,15.0667,true,1,24569
7290015670227,false,מטבעות מרסי מקלות שק,קונדיטוריה מרסי,IL,עוגיות מרסי מטבעות שקד חמוציות 210 גרם,גרמים,210.00,100 גרם,false,1,33.90,16.1429,true,1,24563
7290015670234,false,מטבעות מרסי שומשום ו,קונדיטוריה מרסי,IL,מטבעות מרסי שומשום וגרעינים225 גרם,גרמים,225.00,100 גרם,false,1,33.90,15.0667,true,1,24570
7290015670258,false,מטבעות מרסי שקד פרוס,קונדיטוריה מרסי,IL,מטבעות מרסי שקד פרוס תפוז מסוכר 210 גרם,גרמים,210.00,100 גרם,false,1,33.90,16.1429,true,1,24564
7290015670418,false,עוגיות מרסי חמאה ורי,קונדיטוריה מרסי,IL,עוגיות מרסי חמאה וריבת חלב קוקוס 240 ג,גרמים,240.00,100 גרם,false,1,33.90,14.1250,true,1,24589
7290015670425,false,עוגיות מרסי חמאה במי,קונדיטוריה מרסי,IL,עוגיות מרסי חמאה במילוי תות 240 ג,גרמים,240.00,100 גרם,false,1,33.90,14.1250,true,1,24587
7290015670432,false,עוגיות מרסי שבולת שו,קונדיטוריה מרסי,IL,עוגיות מרסי שבולת שועל אגוזי לוז 240גר,גרמים,240.00,100 גרם,false,1,33.90,14.1250,true,1,24576
7290015670449,false,עוגיות מרסי שבולת שו,קונדיטוריה מרסי,IL,עוגיות מרסי שבולת שועל וחמוציות 240גר,גרמים,240.00,100 גרם,false,1,33.90,14.1250,true,1,24575
7290015670456,false,עוגיות מרסי בצק פריך,קונדיטוריה מרסי,IL,עוגיות מרסי בצק פריך ממולא תמר אגוז240 ג,גרמים,240.00,100 גרם,false,1,33.90,14.1250,true,1,24585
7290015670463,false,עוגיות מרסי חמאה שוק,קונדיטוריה מרסי,IL,עוגיות מרסי חמאה תוספת שוקולד 250 ג,גרמים,250.00,100 גרם,false,1,33.90,13.5600,true,1,24596
7290015670470,false,עוגיות מרסי סהרון חמ,קונדיטוריה מרסי,IL,עוגיות מרסי סהרון חמאה ושקדים 240 ג,גרמים,240.00,100 גרם,false,1,33.90,14.1250,true,1,24588
7290015670494,false,עוגיות מרסי בצק חמאה,קונדיטוריה מרסי,IL,עוגיות מרסי בצק חמאה נגיעות לימון 240 ג,גרמים,240.00,100 גרם,false,1,33.90,14.1250,true,1,24592
7290015670548,false,רולדת פרג מרסי 250 ג,קונדיטוריה מרסי,IL,רולדת פרג מרסי 250 גרם,גרמים,250.00,100 גרם,false,1,33.90,13.5600,true,1,29375
7290015670562,false,עוגיות מרסי טחינה וח,קונדיטוריה מרסי,IL,עוגיות מרסי טחינה וחמאה 240 ג,גרמים,240.00,100 גרם,false,1,33.90,14.1250,true,1,24590
7290015670616,false,עוגיות מרסי איטלקיות,קונדיטוריה מרסי,IL,עוגיות מרסי איטלקיות פירות יבשים 240גר,גרמים,240.00,100 גרם,false,1,33.90,14.1250,true,1,24573
7290015670623,false,עוגיות מרסי איטלקיות,קונדיטוריה מרסי,IL,עוגיות מרסי איטלקיות קמח מלא 240גר,גרמים,240.00,100 גרם,false,1,33.90,14.1250,true,1,24574
7290015670630,false,עוגיות מרסי בצק פריך,קונדיטוריה מרסי,IL,עוגיות מרסי בצק פריך ללא ביצים שומשום280,גרמים,280.00,100 גרם,false,1,33.90,12.1071,true,1,24582
7290015670654,false,עוגיות מרסי פאדג שוק,קונדיטוריה מרסי,IL,כדורי שוקולד מרסי תוספת שקדים 240 ג,גרמים,240.00,100 גרם,false,1,33.90,14.1250,true,1,24594
7290015670708,false,עוגיות מרסי בצק פריך,קונדיטוריה מרסי,IL,עוגיות מרסי בצק פריך מלוח שומשום 300גר,גרמים,300.00,100 גרם,false,1,33.90,11.3000,true,1,24602
7290015670753,false,עוגיות מרסי חמאה וגב,קונדיטוריה מרסי,IL,עוגיות מרסי חמאה וגבינת פרמזאן 250 ג,גרמים,250.00,100 גרם,false,1,33.90,13.5600,true,1,24597
7290015673013,false,טחון לצלייה על הגריל,,,טחון לצלייה על הגריל 500 גרם ליב,גרמים,500.00,100 גרם,false,6,25.90,5.1800,true,1,11638
7290015673150,false,אוקרה קציצות ברוקולי,ליב,,אוקרה קציצות ברוקולי 400 גרם,גרמים,400.00,100 גרם,false,6,25.90,6.4750,true,1,12740
7290015673181,false,בורגר קליפורניה על ה,ליב,,בורגר קליפורניה על האש עם ברוקולי 400גרם,גרמים,400.00,100 גרם,false,6,25.90,6.4750,true,1,12737
7290015673198,false,בורגר טקסס על האש עם,ליב,,בורגר טקסס על האש עם פטריות 400גרם,גרמים,400.00,100 גרם,false,6,25.90,6.4750,true,1,12738
7290015673211,false,טחון מהצומח לבולונז,טבע דלי,,טחון מהצומח לבולונז 500 גר ליב,גרמים,500.00,100 גרם,false,6,25.90,5.1800,true,1,16079
7290015673280,false,סייטן עדשים וקינואה,טבע דלי,,סייטן עדשים וקינואה קפוא 500 גרם טבע דלי,גרמים,500.00,100 גרם,false,1,17.90,3.5800,true,1,13897
7290015673464,false,שווארמה מן הצומח 400,טבע דלי,,שווארמה מן הצומח 400גר קפוא ליב,גרמים,400.00,100 גרם,false,1,25.90,6.4750,true,1,17459
7290015673570,false,נגיסי טופו מוכנים 35,,IL,נגיסי טופו מוכנים 350גר קריספי טופו,גרמים,350.00,100 גרם,false,6,26.90,7.6857,true,1,19425
7290015673587,false,נגיסי טופו ברוטב אסי,,IL,נגיסי טופו ברוטב אסיאתי350גר קריספי טופו,גרמים,350.00,100 גרם,false,6,26.90,7.6857,true,1,19426
7290015673594,false,נגיסי טופו ברוטב בוט,,IL,נגיסי טופו ברוטב בוטנים350גר קריספי טופו,גרמים,350.00,100 גרם,false,6,26.90,7.6857,true,1,19427
7290015673617,false,כדורי בשר ללא בשר 40,ליב,,כדורי בשר ללא בשר 400גר טבע דלי,גרמים,400.00,100 גרם,false,6,25.90,6.4750,true,1,26488
7290015673662,false,שניצלוני טופו 400גר,,IL,שניצלוני טופו 400גר ליב,גרמים,400.00,100 גרם,false,10,29.90,7.4750,true,1,21668
7290015695800,false,נבטי ברוקולי אורגני,,,נבטי ברוקולי אורגני,Unknown,0.00,Unknown,false,1,9.90,0.0000,true,1,13271
7290015695817,false,נבטי קייל אורגני,,,נבטי קייל אורגני,Unknown,0.00,Unknown,false,1,9.90,0.0000,true,1,13272
7290015695831,false,נבטי צנונית אורגני,,,נבטי צנונית אורגני,Unknown,0.00,Unknown,false,1,9.90,0.0000,true,1,13274
7290015695848,false,נבטי אלפלפא אורגני,,,נבטי אלפלפא אורגני,Unknown,0.00,Unknown,false,1,9.90,0.0000,true,1,13275
7290015695855,false,נבטי חמניה אורגני,,,נבטי חמניה אורגני,Unknown,0.00,Unknown,false,1,9.90,0.0000,true,1,13276
7290015695879,false,עשב חיטה אורגני,,,עשב חיטה אורגני,Unknown,0.00,Unknown,false,1,9.90,0.0000,true,1,13277
7290015695886,false,מיקס נבטים אורגני,,,מיקס נבטים אורגני,Unknown,0.00,Unknown,false,1,9.90,0.0000,true,1,13278
7290015695893,false,מיקס נבטוטים אורגני,,,מיקס נבטוטים אורגני,Unknown,0.00,Unknown,false,1,9.90,0.0000,true,1,13279
7290015695916,false,מיקס נבטים ענק אורגנ,,,מיקס נבטים ענק  אורגני,Unknown,0.00,Unknown,false,1,20.00,0.0000,true,1,13280
7290015695923,false,נבטים סיניים אורגני,,,נבטים סיניים אורגני,Unknown,0.00,Unknown,false,1,9.90,0.0000,true,1,13281
7290015695961,false,מיקס עלי בייבי אורגנ,,,מיקס עלי בייבי אורגני,Unknown,0.00,Unknown,false,1,10.90,0.0000,true,1,15810
7290015695985,false,פטריות ארינגי אורגני,,,פטריות ארינגי אורגניות,Unknown,0.00,Unknown,false,1,20.00,0.0000,true,1,17897
7290015699730,false,סבון דה מרסיי לרצפות,מיפא,,נוזל לשטיפת רצפות הפי 1.5 ליטר,ליטרים,1.50,ליטר,false,1,11.90,7.9333,true,1,12608
7290015733120,false,מטרנה גולד שלב 1  70,מטרנה,,מטרנה גולד שלב 1  700 גר,גרמים,700.00,100 גרם,false,1,74.90,10.7000,true,1,17354
7290015733168,false,מטרנה גולד שלב 3  70,מטרנה,,מטרנה גולד שלב 3  700 גר,גרמים,700.00,100 גרם,false,1,74.90,10.7000,true,1,17356
7290015733182,false,מטרנה גולד שלב 1 400,מטרנה,,מטרנה גולד שלב 1 400 גר,גרמים,400.00,100 גרם,false,1,49.90,12.4750,true,1,17353
7290015733427,false,דייסת מטרנה גם וגם ו,מטרנה,,דייסת מטרנה גם וגם וניל פרו 300 גר,גרמים,300.00,100 גרם,false,1,18.90,6.3000,true,1,22963
7290015733441,false,דייסת מטרנה גם וגם ד,מטרנה,,דייסת מטרנה גם וגם דגנים פרו 300 גר,גרמים,300.00,100 גרם,false,1,18.90,6.3000,true,1,22964
7290015733465,false,דייסת מטרנה גם וגם ק,מטרנה,,דייסת מטרנה גם וגם קרנפ פרו 300 גר,גרמים,300.00,100 גרם,false,1,18.90,6.3000,true,1,22965
7290015759007,false,נר נשמה 24 שעות פח כ,,,נר נשמה 24 שעות פח כתר,Unknown,0.00,Unknown,false,1,2.50,0.0000,true,1,27483
7290015781008,false,יין מרלו ויזן 750 מל,יקב טפרברג 1870,,יין מרלו ויזן 750 מל פקדון,מיליליטרים,750.00,"100 מ""ל",false,1,40.00,5.3333,true,1,11535
7290015781015,false,יין מלבק ויזן 750 מל,יקב טפרברג 1870,,יין מלבק ויזן 750 מל פקדון,מיליליטרים,750.00,"100 מ""ל",false,1,40.00,5.3333,true,1,11534
7290015781053,false,יין לבן יבש 750 מל פ,יקב טפרברג 1870,,יין לבן יבש 750 מל פקדון,מיליליטרים,750.00,"100 מ""ל",false,1,40.00,5.3333,true,1,11539
7290015781091,false,יין קברנה סובניון  ו,יקב טפרברג 1870,,יין קברנה סובניון  ויזן 750 מל פקדון,מיליליטרים,750.00,"100 מ""ל",false,1,40.00,5.3333,true,1,11536
7290015781107,false,יין סנגובזה אימפרשיי,יקב טפרברג 1870,,יין סנגובזה אימפרשיין 750 מל,מיליליטרים,750.00,"100 מ""ל",false,1,45.00,6.0000,true,1,11543
7290015781114,false,יין מרלו אימפרשיין 7,יקב טפרברג 1870,,יין מרלו אימפרשיין 750 מל,מיליליטרים,750.00,"100 מ""ל",false,1,45.00,6.0000,true,1,11541
7290015781121,false,יין קברנה סובניון  א,יקב טפרברג 1870,,יין קברנה סובניון  אימפרשיין 750 מל,מיליליטרים,750.00,"100 מ""ל",false,1,45.00,6.0000,true,1,11544
7290015781138,false,יין שרדונה אימפרשיין,יקב טפרברג 1870,,יין שרדונה אימפרשיין 750,מיליליטרים,750.00,"100 מ""ל",false,1,45.00,6.0000,true,1,11547
7290015781145,false,יין ריזלינג יין לבן,יקב טפרברג 1870,,יין ריזלינג יין לבן אימפרשיין 750,מיליליטרים,750.00,"100 מ""ל",false,1,45.00,6.0000,true,1,11546
7290015781152,false,יין רוזה אימפרשיין 7,יקב טפרברג 1870,,יין רוזה אימפרשיין 750 מל,מיליליטרים,750.00,"100 מ""ל",false,1,45.00,6.0000,true,1,11540
7290015781169,false,יין קברנה סובניון חצ,יקב טפרברג 1870,,יין קברנה סובניון חצי יבש אימפרשיין 750,מיליליטרים,750.00,"100 מ""ל",false,1,45.00,6.0000,true,1,11545
7290015781275,false,יין מבעבע מוסקטו לבן,יקב טפרברג 1870,,יין לבן מוסקטו 750 מל פקדון,מיליליטרים,750.00,"100 מ""ל",false,1,40.00,5.3333,true,1,41475
7290015781282,false,יין גוורצטרמינר אימפ,יקב טפרברג 1870,IL,יין גוורצטרמינר אימפרשיין 750,מיליליטרים,750.00,"100 מ""ל",false,1,45.00,6.0000,true,1,11548
7290015781299,false,יין שיראז ויזן 750 מ,יקב טפרברג 1870,,יין שיראז ויזן 750 מל פקדון,מיליליטרים,750.00,"100 מ""ל",false,1,40.00,5.3333,true,1,11537
7290015781305,false,יין סירה אימפרשיין 7,יקב טפרברג 1870,,יין סירה אימפרשיין 750 מל,מיליליטרים,750.00,"100 מ""ל",false,1,45.00,6.0000,true,1,11542
7290015781688,false,יין פינו גרי אסנס 20,יקב טפרברג 1870,,יין פינו גרי אסנס 2016 750 מל,מיליליטרים,750.00,"100 מ""ל",false,1,75.00,10.0000,true,1,17546
7290015781718,false,יין שרדונה אסנס 2016,יקב טפרברג 1870,,יין שרדונה אסנס 2016 750 מל,מיליליטרים,750.00,"100 מ""ל",false,1,65.00,8.6667,true,1,15124
7290015781862,false,יין רוזה אסנס 2017 7,יקב טפרברג 1870,,יין רוזה אסנס 2017 750 מל,מיליליטרים,750.00,"100 מ""ל",false,1,75.00,10.0000,true,1,17545
7290015781879,false,יין מרלו אסנס 2016 7,יקב טפרברג 1870,,יין מרלו אסנס 2016 750 מל,מיליליטרים,750.00,"100 מ""ל",false,1,115.00,15.3333,true,1,22217
7290015790000,false,גרגירי רימונים בקופס,,,גרגירי רימונים בקופסא,Unknown,0.00,Unknown,false,1,15.90,0.0000,true,1,11791
7290015821575,false,נר נשמה פחית פאלאס,,,נר נשמה פחית פאלאס,Unknown,0.00,Unknown,false,1,2.20,0.0000,true,1,44402
7290015839006,false,שטרודל תפוח עץ קפוא,,,שטרודל תפוח עץ קפוא,גרמים,500.00,100 גרם,false,1,26.90,5.3800,true,1,10834
7290015839013,false,שטרודל גבינה קפוא500,,,שטרודל גבינה קפוא,גרמים,500.00,100 גרם,false,1,26.90,5.3800,true,1,10835
7290015839020,false,שטרודל פרג קפוא,,,שטרודל פרג קפוא,גרמים,500.00,100 גרם,false,1,26.90,5.3800,true,1,10836
7290015839051,false,שטרודל תפוחי עץ קפוא,,IL,שטרודל תפוחי עץ קפוא ללא סוכר 500גר,גרמים,500.00,100 גרם,false,1,26.90,5.3800,true,1,27509
7290015839068,false,שטרודל פרג קפוא ללא,,IL,שטרודל פרג קפוא ללא סוכר 500גר,גרמים,500.00,100 גרם,false,1,26.90,5.3800,true,1,27511
7290015839075,false,שטרודל גבינה קפוא לל,,IL,שטרודל גבינה קפוא ללא סוכר 500גר,גרמים,500.00,100 גרם,false,1,26.90,5.3800,true,1,27510
7290015839082,false,שטרודל גבינה אוכמניו,,IL,שטרודל גבינה אוכמניות קפוא 500גר,גרמים,500.00,100 גרם,false,1,26.90,5.3800,true,1,27512
7290015839099,false,שטרודל גבינה שוקו קפ,,IL,שטרודל גבינה שוקו קפוא 500גר,גרמים,500.00,100 גרם,false,1,26.90,5.3800,true,1,27513
7290015839105,false,שטרודל בטטה ותפוח אד,,IL,שטרודל בטטה ותפוח אדמה קפוא 500גר,גרמים,500.00,100 גרם,false,1,26.90,5.3800,true,1,27514
7290015848862,false,תחליב הגנה אולטרסול,פישר תעשיות,,תחליב הגנה אולטרסול 50 250מל,מיליליטרים,250.00,"100 מ""ל",false,1,59.90,23.9600,true,1,12847
7290015848886,false,תחליב הגנה אולטרסול,פישר תעשיות,,תחליב הגנה אולטרסול קידס 50 250מל,מיליליטרים,250.00,"100 מ""ל",false,1,59.90,23.9600,true,1,12848
7290015848909,false,תחליב הגנה אולטרסול,פישר תעשיות,,תחליב הגנה אולטרסול קידס 30 250מל,מיליליטרים,250.00,"100 מ""ל",false,1,49.90,19.9600,true,1,12843
7290015848923,false,תחליב הגנה אולטרסול,פישר תעשיות,,תחליב הגנה אולטרסול מבוגרים 30 250 מל,מיליליטרים,250.00,"100 מ""ל",false,1,49.90,19.9600,true,1,12842
7290015848961,false,קרם הגנה אולטרסול לפ,פישר תעשיות,,קרם הגנה אולטרסול לפנים 50 75 מל,מיליליטרים,75.00,"100 מ""ל",false,1,49.90,66.5333,true,1,12841
7290015848978,false,קרם הגנה אולטרסול לפ,פישר תעשיות,,קרם הגנה אולטרסול לפנים 30 75 מל,מיליליטרים,75.00,"100 מ""ל",false,1,31.90,42.5333,true,1,12837
7290015848985,false,קרם הגנה אולטרסול קי,פישר תעשיות,,קרם הגנה אולטרסול קידס לפנים 50 75 מל,מיליליטרים,75.00,"100 מ""ל",false,1,49.90,66.5333,true,1,16588
7290015848992,false,קרם הגנה אולטרסול קי,פישר תעשיות,,קרם הגנה אולטרסול קידס לפנים 50 75 מל,מיליליטרים,75.00,"100 מ""ל",false,1,49.90,66.5333,true,1,12839
7290015850438,false,סטייק טונה קפוא 8-10,,,סטייק טונה קפוא 8-10 במשקל,קילוגרמים,1.00,"ק""ג",true,,75.00,75.0000,true,1,20400
7290015850933,false,פילה קוד צפוני עם עו,,,פילה קוד צפוני עם עור בוואקום במשקל,קילוגרמים,1.00,"ק""ג",true,,90.00,90.0000,true,1,23971
7290015855006,false,לוף ארוז,,,לוף ארוז,Unknown,0.00,Unknown,false,1,10.00,0.0000,true,1,10990
7290015855013,false,פלפל טינקרבל יח,,,פלפל טינקרבל יח,Unknown,0.00,Unknown,false,1,10.00,0.0000,true,1,12222
7290015855037,false,פלפל צילי חריף,,,פלפל צילי חריף,Unknown,0.00,Unknown,false,1,8.00,0.0000,true,1,12787
7290015855051,false,מלפפון טעם של פעם יח,,,מלפפון טעם של פעם יח,Unknown,0.00,Unknown,false,1,10.00,0.0000,true,1,13757
7290015855143,false,שיני שום קלופות בנספ,,,שיני שום קלופות בנספק,Unknown,0.00,Unknown,false,1,12.00,0.0000,true,1,11789
7290015855228,false,אספרגוס יחידה,,,אספרגוס יחידה,Unknown,0.00,Unknown,false,1,25.00,0.0000,true,1,12243
7290015855273,false,בזיליקום מארז גדול,,,בזיליקום מארז גדול,Unknown,0.00,Unknown,false,1,9.90,0.0000,true,1,42429
7290015855938,false,עלי בייבי סלט 250 גר,,,עלי בייבי סלט 250 גר,Unknown,0.00,Unknown,false,1,11.90,0.0000,true,1,30710
7290015858106,false,ממרח פסטו ביתי 180גר,מדשא תעשיות מזון בעמ,IL,ממרח פסטו ביתי 180גרם על לחם,גרמים,180.00,100 גרם,false,12,14.90,8.2778,true,1,20766
7290015858113,false,ממרח עגבניות מיובשות,מדשא תעשיות מזון בעמ,IL,ממרח עגבניות מיובשות 180גרם על לחם,גרמים,180.00,100 גרם,false,12,14.90,8.2778,true,1,20771
7290015858144,false,ממרח ארטישוק 180גרם,מדשא תעשיות מזון בעמ,IL,ממרח ארטישוק 180גרם על לחם,גרמים,180.00,100 גרם,false,12,14.90,8.2778,true,1,20765
7290015858151,false,ממרח שום 180גרם על ל,מדשא תעשיות מזון בעמ,IL,ממרח שום 180גרם על לחם,גרמים,180.00,100 גרם,false,12,16.90,9.3889,true,1,30112
7290015858175,false,ממרח פלפלים קלויים,מדשא תעשיות מזון בעמ,IL,ממרח פלפלים קלויים  180גרם על לחם,גרמים,180.00,100 גרם,false,12,14.90,8.2778,true,1,20770
7290015858212,false,ממרח לימון כבוש 180ג,מדשא תעשיות מזון בעמ,IL,ממרח לימון כבוש 180גרם על לחם,גרמים,180.00,100 גרם,false,12,14.90,8.2778,true,1,20769
7290015858229,false,ממרח טפנד זיתי קלמנט,מדשא תעשיות מזון בעמ,IL,ממרח טפנד זיתי קלמנטה 180גרם על לחם,גרמים,180.00,100 גרם,false,12,14.90,8.2778,true,1,20767
7290015858243,false,ממרח צימצורי 180גרם,מדשא תעשיות מזון בעמ,IL,ממרח צימצורי 180גרם על לחם,גרמים,180.00,100 גרם,false,12,14.90,8.2778,true,1,20768
7290015858328,false,ממרח פסטו עללחם  295,מדשא תעשיות מזון בעמ,IL,ממרח פסטו עללחם  295 גרם,גרמים,295.00,100 גרם,false,6,16.90,5.7288,true,1,44903
7290015858427,false,מארז 3יח ממרחי על הל,,IL,מארז 3יח ממרחי על הלחם 80גר,גרמים,240.00,100 גרם,false,1,21.90,9.1250,true,1,43567
7290015858434,false,שום כתוש 250 גרם על,מדשא תעשיות מזון בעמ,IL,שום כתוש 250 גרם על לחם,גרמים,250.00,100 גרם,false,12,12.90,5.1600,true,1,21669
7290015858441,false,ממרח עללחם אולי פלפל,מדשא תעשיות מזון בעמ,IL,ממרח עללחם אולי פלפלים 295 גרם,גרמים,295.00,100 גרם,false,6,16.90,5.7288,true,1,44904
7290015858687,false,ממרח עללחם אולי שום,מדשא תעשיות מזון בעמ,IL,ממרח עללחם אולי שום 295 גרם,גרמים,295.00,100 גרם,false,6,16.90,5.7288,true,1,44905
7290015858694,false,ממרח עללחם אולי שום,מדשא תעשיות מזון בעמ,IL,ממרח עללחם אולי שום לימון 295 גרם,גרמים,295.00,100 גרם,false,6,16.90,5.7288,true,1,44901
7290015865692,false,קונפיטורה תות שדה ענ,ענבי ציון,IL,קונפיטורה תות שדה ענבי ציון 400 גרם,גרמים,400.00,100 גרם,false,6,17.90,4.4750,true,1,39493
7290015865708,false,קונפיטורה אוכמניות ע,ענבי ציון,IL,קונפיטורה אוכמניות ענבי ציון 400 גרם,גרמים,400.00,100 גרם,false,6,17.90,4.4750,true,1,39494
7290015865715,false,קונפיטורה פירות יער,ענבי ציון,IL,קונפיטורה פירות יער ענבי ציון 400 גרם,גרמים,400.00,100 גרם,false,6,17.90,4.4750,true,1,39495
7290015865722,false,קונפיטורה תות שדה לי,ענבי ציון,IL,קונפיטורה תות שדה לייט ענבי ציון 400 גרם,גרמים,400.00,100 גרם,false,6,19.90,4.9750,true,1,39557
7290015865739,false,קונפיטורה אוכמניות ל,ענבי ציון,IL,קונפיטורה אוכמניות לייט ענבי ציון 400 גר,גרמים,400.00,100 גרם,false,6,19.90,4.9750,true,1,39558
7290015865746,false,קונפיטורה פירות יער,ענבי ציון,IL,קונפיטורה פירות יער לייט ענבי ציון400גרם,גרמים,400.00,100 גרם,false,6,19.90,4.9750,true,1,39559
7290015872553,false,חומוס מסעדות 700 גרם,סלטי שמיר,,חומוס מסעדות 700 גרם שמיר,גרמים,700.00,100 גרם,false,1,12.90,1.8429,true,1,12601
7290015888028,false,אורז בסמטי מיתאס 1 ק,ציימן לאל סטיה,,אורז בסמטי מיתאס 1 קג,קילוגרמים,1.00,"ק""ג",false,1,10.90,10.9000,true,1,14407
7290015888042,false,אורז בסמטי ריהאן 5 ק,ציימן לאל סטיה,,אורז בסמטי ריהאן 5 קג,קילוגרמים,5.00,"ק""ג",false,1,44.90,8.9800,true,1,13994
7290015888103,false,גריסי פנינה שוקחה 1,סוגת תעשיות בעמ,,גריסי פנינה שוקחה 1 קג,קילוגרמים,1.00,"ק""ג",false,1,9.90,9.9000,true,1,19304
7290015888196,false,שמן חמניות שוקחה 1 ל,,,שמן חמניות 1 ל,ליטרים,1.00,ליטר,false,1,11.90,11.9000,true,1,15530
7290015888202,false,שמן חמניות שוקחה 2 ל,,,שמן חמניות 2 ל,ליטרים,2.00,ליטר,false,1,23.90,11.9500,true,1,15531
7290015888219,false,שמן חמניות שוקחה 5 ל,,,שמן חמניות שוקחה 5 ל,ליטרים,5.00,ליטר,false,1,58.90,11.7800,true,1,29378
7290015888325,false,חומוס ענק שוקחה 1 קג,סוגת תעשיות בעמ,,חומוס ענק שוקחה 1 קג,קילוגרמים,1.00,"ק""ג",false,1,14.90,14.9000,true,1,19499
7290015951159,false,יין ירדן פינו גרי 20,יקבי רמת הגולן,,יין ירדן פינו גרי 2016 750 מל,מיליליטרים,750.00,"100 מ""ל",false,1,75.00,10.0000,true,1,14933
7290015951227,false,יין גמלא סירה עברית,יקבי רמת הגולן,,יין גמלא השמורה סירה 2014 750 מל,מיליליטרים,750.00,"100 מ""ל",false,1,60.00,8.0000,true,1,17089
7290015951616,false,יין גמלא סנגובזה 750,יקבי רמת הגולן,,יין גמלא סנגובזה 2015 750 מל פקדון,מיליליטרים,750.00,"100 מ""ל",false,1,60.00,8.0000,true,1,15479
7290015968034,false,סבון אסלה כחול שלישי,הוסטס,,סבון אסלה כחול שלישייה הוסטס,יחידה,3.00,יחידה,false,1,10.90,3.6333,true,1,16240
7290015968102,false,קיסמי שיניים רפואי ע,,,קיסמי שיניים רפואי עם חוט דנטלי 100 יח,Unknown,0.00,Unknown,false,1,10.90,0.0000,true,1,15393
7290015968119,false,משטח מיקרופייבר דו צ,יוניסן,,משטח מיקרופייבר דו צדדי לייבוש כלים,יחידה,1.00,יחידה,false,1,10.90,10.9000,true,1,16249
7290015968133,false,אטב פרימיום כחול/לבן,,,אטב פרימיום כחול/לבן 48 יח,יחידה,48.00,יחידה,false,1,10.90,0.2271,true,1,15376
7290015968140,false,אטב בעיצוב איטלקי 36,,,אטב בעיצוב איטלקי 36 יח,יחידה,36.00,יחידה,false,1,10.90,0.3028,true,1,15375
7290015968324,false,נורת לד 12 ווט הברגה,,,נורת לד 12 ווט הברגה אור לבן אינטרסן,Unknown,0.00,Unknown,false,1,9.90,0.0000,true,1,15385
7290015968331,false,נורת לד 6 ווט הברגה,,,נורת לד 6 ווט הברגה אור לבן אינטרסן,Unknown,0.00,Unknown,false,1,7.90,0.0000,true,1,15386
7290015968348,false,נורת לד 9 ווט הברגה,,,נורת לד 9 ווט הברגה אור לבן אינטרסן,Unknown,0.00,Unknown,false,1,7.90,0.0000,true,1,15387
7290015968355,false,נורת לד כדור חלבי 5.,,,נורת לד כדור חלבי 5.5 ווט הברגה אינטרסן,Unknown,0.00,Unknown,false,1,7.90,0.0000,true,1,15390
7290015968362,false,נורת לד כדור חלבי 5.,,,נורת לד כדור חלבי 5.5 ווט הברגה אינטרסן,Unknown,0.00,Unknown,false,1,7.90,0.0000,true,1,15388
7290015968782,false,מארז 3יח פדים להסרת,F.H.P CO.LT,,מארז 3יח פדים להסרת איפור 80יח,יחידה,240.00,יחידה,false,1,13.90,0.0579,true,1,15973
7290015983006,false,שדות בר חסה רומית,,,שדות בר חסה רומית,קילוגרמים,1.00,"ק""ג",true,,30.00,30.0000,true,1,11227
7290015983013,false,שדות בר חסה אייסנברג,,,שדות בר חסה אייסנברג,קילוגרמים,1.00,"ק""ג",true,,30.00,30.0000,true,1,11388
7290015983051,false,שדות בר לוף/כרישה,,,שדות בר לוף/כרישה,קילוגרמים,1.00,"ק""ג",true,,30.00,30.0000,true,1,11684
7290015983075,false,שדות בר בצל ירוק,,,שדות בר בצל ירוק,קילוגרמים,1.00,"ק""ג",true,,30.00,30.0000,true,1,11682
7290015983082,false,שדות בר ירק,,,שדות בר ירק,קילוגרמים,1.00,"ק""ג",true,,30.00,30.0000,true,1,11683
7290015983129,false,שדות בר פלפלונים,,,שדות בר פלפלונים,קילוגרמים,1.00,"ק""ג",true,,30.00,30.0000,true,1,14051
7290015983136,false,שרי בלינדה,,,שרי בלינדה,קילוגרמים,1.00,"ק""ג",true,,30.00,30.0000,true,1,16291
7290015983143,true,מלפפון בייבי שדות בר,,,מלפפון בייבי שדות בר,קילוגרמים,1.00,"ק""ג",true,,30.00,30.0000,true,1,17549
7290015996983,false,ממתיק סוכרלוז 100 שק,,,ממתיק סוכרלוז 100 שקיקים 100 גרם,מיליליטרים,100.00,"100 מ""ל",false,1,26.90,26.9000,true,1,17502
7290016006025,false,סודה שוופס 500 מל,יפאורה,,סודה שוופס 500 מל,מיליליטרים,500.00,"100 מ""ל",false,1,5.00,1.0000,true,1,14231
7290016006292,false,נקטר ספרינג מנגו בננ,יפאורה,,נקטר ספרינג מנגו בננה מלון 1 ל בקרטון,ליטרים,1.00,ליטר,false,1,6.90,6.9000,true,1,12817
7290016006346,false,מארז שישיית סודה שוו,יפאורה,,מארז שישיית סודה שוופס 500 מל,ליטרים,3.00,ליטר,false,1,14.90,4.9667,true,1,12654
7290016006377,false,משקה שוופס מוגז תות,יפאורה,,משקה שוופס מוגז תות ליים 330 מל,מיליליטרים,330.00,"100 מ""ל",false,1,5.00,1.5152,true,1,13982
7290016035032,false,לחמניות פשתן 250 גר,מאפית ביכורים,IL,לחמניות פשתן 250 גר,גרמים,250.00,100 גרם,false,12,21.90,8.7600,true,1,21284
7290016077759,false,רוטב היינץ ברביקיו ק,היינץ,,רוטב היינץ ברביקיו קלאסי 480 גר,גרמים,480.00,100 גרם,false,1,13.90,2.8958,true,1,15945
7290016080551,false,מתבל עגבניות היינץ א,ה.י. היינץ,,מתבל עגבניות היינץ אורגני 580 גרם,גרמים,580.00,100 גרם,false,1,16.90,2.9138,true,1,13857
7290016082234,false,בירה הגיבור סאוט אקס,,,בירה הגיבור סאוט אקסטרה 330מל בק. פקדון,מיליליטרים,330.00,"100 מ""ל",false,24,12.90,3.9091,true,1,26694
7290016083323,false,עוגיות מעמול תמרים ש,,,עוגיות מעמול תמרים שקד 500 גרם,גרמים,500.00,100 גרם,false,1,15.90,3.1800,true,1,26553
7290016083347,false,עוגיות רולדה תמר שקד,,,עוגיות רולדה תמר שקד 500 גרם,גרמים,500.00,100 גרם,false,1,15.90,3.1800,true,1,26554
7290016083378,false,עוגיות חיתוכיות שוקו,,,עוגיות חיתוכיות שוקולד שקד 500 גרם,גרמים,500.00,100 גרם,false,1,15.90,3.1800,true,1,26641
7290016083583,false,עוגיות שקד כעכים מרו,,,עוגיות שקד כעכים מרוקאיות 600 גרם,גרמים,600.00,100 גרם,false,1,15.90,2.6500,true,1,30913
7290016083590,false,עוגיות שקד כעכים קקא,,,עוגיות שקד כעכים קקאו 600 גרם,גרמים,600.00,100 גרם,false,1,15.90,2.6500,true,1,39539
7290016087192,false,עגבניות מרוסקות 230ג,פריניר,,עגבניות מרוסקות 230ג פרי ניר,גרמים,230.00,100 גרם,false,1,4.90,2.1304,true,1,15640
7290016087208,false,עגבניות מרוסקות בזיל,פריניר,,עגבניות מרוסקות בזיליקום 230ג פרי ניר,גרמים,230.00,100 גרם,false,1,4.90,2.1304,true,1,15639
7290016087215,false,עגבניות מרוסקות עם ש,פריניר,,עגבניות מרוסקות עם שום 230גר  פרי ניר,גרמים,230.00,100 גרם,false,1,4.90,2.1304,true,1,15641
7290016087222,false,רוטב שקשוקה מרוכז 23,פריניר,,רוטב שקשוקה מרוכז 230 גר פרי ניר,גרמים,230.00,100 גרם,false,1,5.50,2.3913,true,1,15642
7290016087239,false,רוטב שקשוקה פיקנטי 2,פריניר,,רוטב שקשוקה פיקנטי 230 גר פרי ניר,גרמים,230.00,100 גרם,false,1,5.50,2.3913,true,1,15643
7290016092035,false,תרסיס אלסיום ניקוי ח,,,תרסיס אלסיום ניקוי חיטוי משטחים צעצוע400,מיליליטרים,400.00,"100 מ""ל",false,6,24.90,6.2250,true,1,24794
7290016092042,false,נוזל לניקוי בקבוקים,,,נוזל לניקוי בקבוקים ומוצצים אלסיום 400מל,מיליליטרים,400.00,"100 מ""ל",false,6,24.90,6.2250,true,1,24795
7290016092059,false,נוזל לניקוי פירות וי,,,נוזל לניקוי פירות וירקות אלסיום 400מל,מיליליטרים,400.00,"100 מ""ל",false,6,24.90,6.2250,true,1,24796
7290016092110,false,משחת  החתלה  אלסיום,,,משחת  החתלה  אלסיום 120מל,מיליליטרים,120.00,"100 מ""ל",false,6,24.90,20.7500,true,1,24797
7290016092189,false,סבון שמפו לתינוק אלס,,,סבון שמפו לתינוק אלסיום 400מל,מיליליטרים,400.00,"100 מ""ל",false,6,34.90,8.7250,true,1,24798
7290016092974,false,אלכוגל אלסיום לניקוי,,,אלכוגל אלסיום לניקוי וחיטוי 100מל,מיליליטרים,100.00,"100 מ""ל",false,12,12.90,12.9000,true,1,24793
7290016094008,false,קרם הגנה אולטרסול לפ,פישר תעשיות,,קרם הגנה אולטרסול לפנים 50 75 מל,מיליליטרים,75.00,"100 מ""ל",false,1,49.90,66.5333,true,1,12840
7290016094015,false,קרם הגנה אולטרסול קי,פישר תעשיות,,קרם הגנה אולטרסול קידס לפנים 30 75 מל,מיליליטרים,75.00,"100 מ""ל",false,1,31.90,42.5333,true,1,12838
7290016094022,false,תחליב הגנה אולטרסול,פישר תעשיות,,תחליב הגנה אולטרסול ספריי שקוף 50 200מל,מיליליטרים,250.00,"100 מ""ל",false,1,59.90,23.9600,true,1,14442
7290016094039,false,תחליב הגנה אולטרסול,פישר תעשיות,,תחליב הגנה אולטרסול קידס ספריי שקוף 50,מיליליטרים,250.00,"100 מ""ל",false,1,59.90,23.9600,true,1,14443
7290016094084,false,תחליב הגנה אולטרסול,פישר תעשיות,,תחליב הגנה אולטרסול ספריי שקוף מס 30 200,מיליליטרים,200.00,"100 מ""ל",false,1,49.90,24.9500,true,1,14438
7290016094091,false,תחליב הגנה אולטרסול,פישר תעשיות,,תחליב הגנה אולטרסול קידס ספריי שקוף מס30,מיליליטרים,200.00,"100 מ""ל",false,1,49.90,24.9500,true,1,14441
7290016094817,false,שמן גזר שיזוף אולטרס,פישר תעשיות,,שמן גזר שיזוף אולטרסול מס 20 200מל,מיליליטרים,200.00,"100 מ""ל",false,1,49.90,24.9500,true,1,14440
7290016094824,false,אולטרסול שמן אגוזים,פישר תעשיות,,אולטרסול שמן אגוזים ספרי לשיזוף 20 200מל,מיליליטרים,200.00,"100 מ""ל",false,1,49.90,24.9500,true,1,14445
7290016094961,false,קרם פנים אולטרסול בי,פישר תעשיות,,קרם פנים אולטרסול בייבינטורל 50פלוס 50מל,מיליליטרים,50.00,"100 מ""ל",false,1,59.90,119.8000,true,1,12844
7290016114300,false,נייר טואלט לילי לבן,חוגלה קימברלי,,נייר טואלט לילי לבן דאבל 16 גלילים,יחידה,16.00,יחידה,false,1,37.90,2.3687,true,1,13487
7290016135541,false,אטריות ביצים אוריינט,פ.פ.ה טאביט,,אטריות ביצים אוריינט פוזילי 3צבעים400 גר,גרמים,400.00,100 גרם,false,1,10.90,2.7250,true,1,13507
7290016135558,false,אטריות ביצים אוריינט,פ.פ.ה טאביט,,אטריות ביצים אוריינט חונקי 3צבעים400 גר,גרמים,400.00,100 גרם,false,1,10.90,2.7250,true,1,13508
7290016137323,false,עוגיות טוויל שומשום,פילסברי,,עוגיות טוויל שומשום,Unknown,0.00,Unknown,false,,34.90,0.0000,true,1,31611
7290016137330,false,עוגיות טחינה ללא סוכ,פילסברי,,עוגיות טחינה ללא סוכר,Unknown,0.00,Unknown,false,,34.90,0.0000,true,1,31616
7290016137347,false,עוגיות שקדים ללא סוכ,פילסברי,,עוגיות שקדים ללא סוכר,Unknown,0.00,Unknown,false,,34.90,0.0000,true,1,31617
7290016146004,false,קמח שקד מולבן 300 גר,שקד תבור,,קמח שקד מולבן 400 גרם,גרמים,300.00,100 גרם,false,1,27.90,9.3000,true,1,13952
7290016146066,false,מחית 100% תמרים 500,שקד תבור,IL,מחית 100% תמרים 500 גרם,גרמים,500.00,100 גרם,false,,14.90,2.9800,true,1,20972
7290016146110,false,סירופ חרובים לחיץ שק,"אלמונדס בע""מ",IL,סירופ חרובים לחיץ שקד תבור 500 גרם,גרמים,500.00,100 גרם,false,12,22.90,4.5800,true,1,13948
7290016146141,false,סירופ מייפל 100% אמי,ג'קו,,סירופ מייפל 100% אמיתי אורגני 330מל,מיליליטרים,250.00,"100 מ""ל",false,1,28.90,11.5600,true,1,13950
7290016146165,false,סירופ מייפל אמיתי שק,ג'קו,,סירופ מייפל אמיתי שקד תבור 1 ל,ליטרים,1.00,ליטר,false,1,74.90,74.9000,true,1,27654
7290016146189,false,ממרח אגוזי מקדמיה200,שקד תבור,,ממרח אגוזי מקדמיה 195 גרם,גרמים,200.00,100 גרם,false,1,42.90,21.4500,true,1,18972
7290016146301,false,שמן בוטנים שקד תבור,שקד תבור,,שמן בוטנים 100% 250 מל,מיליליטרים,250.00,"100 מ""ל",false,1,14.90,5.9600,true,1,26142
7290016146400,false,שוקולד תבור 60% קקאו,לובקה,,שוקולד תבור 60% מריר 100 גרם,גרמים,100.00,100 גרם,false,1,15.90,15.9000,true,1,18985
7290016146424,false,שוקולד תבור 70% קקאו,לובקה,,שוקולד תבור 70% מריר 100 גרם,גרמים,100.00,100 גרם,false,1,15.90,15.9000,true,1,18986
7290016146431,false,שוקולד תבור 72% קקאו,לובקה,,שוקולד תבור 72% מריר 100 גרם,גרמים,100.00,100 גרם,false,1,15.90,15.9000,true,1,18987
7290016146448,false,שוקולד תבור 85% קקאו,לובקה,,שוקולד תבור 85% מריר 100 גרם,גרמים,100.00,100 גרם,false,1,15.90,15.9000,true,1,18988
7290016146455,false,שוקולד תבור 100% קקא,לובקה,,שוקולד תבור 100% מריר 100 גרם,גרמים,100.00,100 גרם,false,1,15.90,15.9000,true,1,18989
7290016146462,false,שוקולד תבור 88% קקאו,לובקה,,שוקולד תבור 88% קקאו אורגני 100 גרם,גרמים,100.00,100 גרם,false,1,15.90,15.9000,true,1,24963
7290016146523,false,גרנולה הבית שקד תבור,שקד תבור,,גרנולה הבית שקד תבור 500 גרם,גרמים,500.00,100 גרם,false,1,21.90,4.3800,true,1,24964
7290016146929,false,געלה ביתית בצנצנת 50,שקד תבור,IL,געלה ביתית בצנצנת 500 גרם,גרמים,500.00,100 גרם,false,12,24.90,4.9800,true,1,20950
7290016150865,false,תערובת מיזלי גרין בנ,וויטליה,MK,תערובת מיזלי גרין בננה תמר 1 קג,קילוגרמים,1.00,"ק""ג",false,10,24.90,24.9000,true,1,40048
7290016188608,false,יין למברוסקו לבן 750,כרמל מזרחי,IL,יין למברוסקו לבן 750 מל,מיליליטרים,750.00,"100 מ""ל",false,1,25.00,3.3333,true,1,21817
7290016197235,false,מעמד לעוגה חד פעמי מ,בראבו כלים חד פעמיים,,מעמד לעוגה חד פעמי מקרטון קומה אחת,יחידה,1.00,יחידה,false,1,21.90,21.9000,true,1,12965
7290016197488,false,מארז שלשיית מטליות ה,UFO,,מארז שלשיית מטליות הקסם ניקול לשיש,יחידה,3.00,יחידה,false,1,12.90,4.3000,true,1,12483
7290016197495,false,מארז זוג מטליות הקסם,UFO,,מארז זוג מטליות הקסם ניקול לרצפה,יחידה,2.00,יחידה,false,1,19.90,9.9500,true,1,12484
7290016197600,false,תחבושות דיפנד נורמל,חוגלה קימברלי,,תחבושות דיפנד נורמל 12 יחידות,יחידה,14.00,יחידה,false,1,19.90,1.4214,true,1,13291
7290016197617,false,תחבושות דיפנד אקסטרא,חוגלה קימברלי,,תחבושות דיפנד אקסטרא 10 יחידות,יחידה,10.00,יחידה,false,1,19.90,1.9900,true,1,13292
7290016197624,false,תחבושות דיפנד סופר 8,חוגלה קימברלי,,תחבושות דיפנד סופר 8 יחידות,יחידה,8.00,יחידה,false,1,19.90,2.4875,true,1,13293
7290016197839,false,שקיות אשפה חזקות אקס,UFO,,שקיות אשפה חזקות אקס אל 20 יח ניקול,יחידה,20.00,יחידה,false,1,24.90,1.2450,true,1,12485
7290016197877,false,שקיות אשפה פחי מטבח,UFO,,שקיות אשפה פחי מטבח קטנים 50 יח ניקול,יחידה,50.00,יחידה,false,12,21.90,0.4380,true,1,12486
7290016217643,false,סלט חמוצים סיני אסלי,סלטי שמיר,,סלט חמוצים סיני אסלי 400 גרם,גרמים,400.00,100 גרם,false,1,10.90,2.7250,true,1,13117
7290016217742,false,סלט חציל בטחינה 200,סלטי שמיר,,סלט חציל בטחינה 200 גרם גורמה,גרמים,200.00,100 גרם,false,1,10.90,5.4500,true,1,15081
7290016217759,false,סלט חציל מרוקאי 200ג,סלטי שמיר,,סלט חציל מרוקאי 200גר גורמה,גרמים,200.00,100 גרם,false,1,10.90,5.4500,true,1,15082
7290016217971,false,נסיכת הנילוס מעושנת,,,נסיכת הנילוס מעושנת 100 גר שבעת הימים,גרמים,100.00,100 גרם,false,1,23.90,23.9000,true,1,14734
7290016217988,false,דג גרבדלקס 100 גר שב,,,דג גרבדלקס 100 גר שבעת הימים,גרמים,100.00,100 גרם,false,1,23.90,23.9000,true,1,14732
7290016217995,false,סלט ביצים עם אבוקדו,סלטי שמיר,,סלט ביצים עם אבוקדו 200גרם גורמה,גרמים,200.00,100 גרם,false,1,17.90,8.9500,true,1,15085
7290016233247,false,עגבניות מיובשות עם ז,,TR,עגבניות מיובשות עם זיתים 250 גר,גרמים,250.00,100 גרם,false,12,9.90,3.9600,true,1,43895
7290016233254,false,עגבניות מיובשות קצוצ,,TR,עגבניות מיובשות קצוצות 250 גר,גרמים,250.00,100 גרם,false,12,9.90,3.9600,true,1,43894
7290016233261,false,עגבניות מיובשות רצוע,,TR,עגבניות מיובשות רצועות 250 גר,גרמים,250.00,100 גרם,false,12,9.90,3.9600,true,1,43896
7290016233995,false,אנשובי בשמן זית 45 ג,,,אנשובי בשמן זית 45 גר בפח,Unknown,0.00,Unknown,false,1,4.90,0.0000,true,1,23871
7290016246025,false,מארז 10 יח חלבה ללא,רושדי תעשיות מזון בע,,מארז 10 יח חלבה ללא סוכר 20 גר,גרמים,200.00,100 גרם,false,1,12.90,6.4500,true,1,12392
7290016246292,false,מארז7יח חטיף חלבה ונ,רושדי תעשיות מזון בע,,מארז7יח חטיף חלבה וניל לוז 18 גר,גרמים,126.00,100 גרם,false,1,10.90,8.6508,true,1,15933
7290016246308,false,מארז7יח חטיף חלבה ונ,רושדי תעשיות מזון בע,,מארז7יח חטיף חלבה וניל קוקוס  18 גר,גרמים,126.00,100 גרם,false,1,10.90,8.6508,true,1,15932
7290016246445,false,טחינה בארכה מעודנת ש,רושדי תעשיות מזון בע,,טחינה בארכה שומשום מלא 310 גרם,גרמים,310.00,100 גרם,false,1,11.90,3.8387,true,1,18902
7290016246452,false,טחינה בארכה מעודנת ל,רושדי תעשיות מזון בע,,טחינה בארכה לימון ושום 310 גרם,גרמים,310.00,100 גרם,false,1,11.90,3.8387,true,1,18901
7290016248173,false,יין לבן מסע ישראלי ו,"ישראל-יקב ויתקין בע""",,יין לבן מסע ישראלי ויתקין 750 מל פקדון,מיליליטרים,750.00,"100 מ""ל",false,1,60.00,8.0000,true,1,14481
7290016248432,false,יין קרינאן גפנים בוג,צרפת דומיין ברוסה,,יין קרינאן גפנים בוגרות ויתקין 750מל פקד,מיליליטרים,750.00,"100 מ""ל",false,1,115.00,15.3333,true,1,25330
7290016270709,false,עגבניות שרי אשכולות,,,עגבניות שרי אשכולות יח,Unknown,0.00,Unknown,false,1,9.90,0.0000,true,1,13889
7290016270907,false,ברוקולי ארוז במגשית,,,ברוקולי ארוז במגשית,Unknown,0.00,Unknown,false,1,9.90,0.0000,true,1,38021
7290016277630,false,צנובר 150 ג בקופסא ש,"דין שיווק וקלייה בע""",,צנובר 150 ג בקופסא ששון,גרמים,150.00,100 גרם,false,1,29.90,19.9333,true,1,13833
7290016277654,false,פיסטוק טבעי קלוף 150,"דין שיווק וקלייה בע""",,פיסטוק טבעי קלוף 150 ג בקופסא ששון,גרמים,150.00,100 גרם,false,1,30.00,20.0000,true,1,13835
7290016277678,false,שקד מולבן חצאים 200,"דין שיווק וקלייה בע""",,שקד מולבן חצאים 200 גר בקופסא,גרמים,200.00,100 גרם,false,1,21.90,10.9500,true,1,13836
7290016277685,false,שקד מולבן שבבים 200,"דין שיווק וקלייה בע""",,שקד מולבן שבבים 200 גר בקופסא,גרמים,200.00,100 גרם,false,1,21.90,10.9500,true,1,13837
7290016286014,false,זוג כוסות דאבל 250מל,,,זוג כוסות דאבל 250מל פוד אפיל,יחידה,2.00,יחידה,false,1,39.90,19.9500,true,1,45057
7290016286052,false,סט 2 כוסות דאבל עם צ,,,סט 2 כוסות דאבל עם צלוחית 250מל אינדיאה,יחידה,2.00,יחידה,false,1,52.90,26.4500,true,1,38974
7290016286083,false,סט 2 כוסות דאבל 300מ,,,סט 2 כוסות דאבל 300מל פוד אפל,יחידה,1.00,יחידה,false,1,39.90,39.9000,true,1,38920
7290016286250,false,תבנית קפיצית 24סמ דו,,,תבנית קפיצית 24סמ דולצה איטליאנו פוד אפל,יחידה,1.00,יחידה,false,1,44.90,44.9000,true,1,38937
7290016286267,false,תבנית אפיה קפיצית 26,,,תבנית אפיה קפיצית 26סמ בסיס חלק דולצה,יחידה,1.00,יחידה,false,1,54.90,54.9000,true,1,38982
7290016286274,false,תבנית אפיה קפיצית 28,,,תבנית אפיה קפיצית 28סמ דולצה איטליאנו,יחידה,1.00,יחידה,false,1,56.90,56.9000,true,1,38986
7290016287875,false,תרמוס נירוסטה 750מל,,,תרמוס נירוסטה 750מל עם נרתיק נשיאה טו גו,יחידה,1.00,יחידה,false,1,54.90,54.9000,true,1,38979
7290016287899,false,משטח חיתוך קלין אל פ,,,משטח חיתוך קלין אל פוד אפל,יחידה,1.00,יחידה,false,1,62.90,62.9000,true,1,38999
7290016287912,false,משטח חיתוך קלין אס פ,,,משטח חיתוך קלין אס פוד אפל,יחידה,1.00,יחידה,false,1,27.90,27.9000,true,1,38884
7290016287936,false,משטח חיתוך קלין פוד,,,משטח חיתוך קלין פוד אפל,יחידה,1.00,יחידה,false,1,31.90,31.9000,true,1,38897
7290016299618,false,שמפו קיק ארגניה 450מ,,,שמפו קיק ארגניה 450מל,מיליליטרים,450.00,"100 מ""ל",false,1,39.90,8.8667,true,1,30926
7290016299625,false,מסכת שיער ללא שטיפה,,,מסכת שיער ללא שטיפה קיק 250מל,מיליליטרים,250.00,"100 מ""ל",false,1,49.90,19.9600,true,1,30930
7290016299670,false,שמן קיק טהור ארגניה,,,שמן קיק טהור ארגניה 250מל,מיליליטרים,250.00,"100 מ""ל",false,1,39.90,15.9600,true,1,30925
7290016299755,false,מרכך שיער קיק ארגניה,,,מרכך שיער קיק ארגניה 450מל,מיליליטרים,450.00,"100 מ""ל",false,1,39.90,8.8667,true,1,30927
7290016299885,false,מסכת שיער קיק ארגניה,,,מסכת שיער קיק ארגניה 500מל,מיליליטרים,500.00,"100 מ""ל",false,1,49.90,9.9800,true,1,30928
7290016306002,false,גלידה וניל קוקוס אקז,גלידת אילו,,גלידה וניל קוקוס אקזוטי טבעונית 473 מל,מיליליטרים,473.00,"100 מ""ל",false,1,34.90,7.3784,true,1,14784
7290016306026,false,גלידה שוקולד עם פצפו,גלידת אילו,,גלידה שוקולד עם פצפוצים טבעונית 473מל,מיליליטרים,473.00,"100 מ""ל",false,1,34.90,7.3784,true,1,14788
7290016306040,false,גלידה קרמל עם פקאן ק,גלידת אילו,,גלידה קרמל עם פקאן קלוי טבעונית 473מל,מיליליטרים,473.00,"100 מ""ל",false,1,34.90,7.3784,true,1,14787
7290016306064,false,גלידה פאי לימון טבעו,גלידת אילו,,גלידה פאי לימון טבעונית 473 מל,מיליליטרים,473.00,"100 מ""ל",false,1,34.90,7.3784,true,1,14785
7290016306101,false,גלידה קפוצינו עם שבר,גלידת אילו,,גלידה קפוצינו עם שברי שוקולד טבעונית 473,מיליליטרים,473.00,"100 מ""ל",false,1,34.90,7.3784,true,1,14786
7290016306132,false,גלידה פיסטוק טבעונית,גלידת אילו,,גלידה פיסטוק טבעונית 473מל,מיליליטרים,473.00,"100 מ""ל",false,1,34.90,7.3784,true,1,14789
7290016306149,false,גלידה טבעונית תותים,גלידת אילו,,גלידה טבעונית תותים בשמנת 473 מל,מיליליטרים,473.00,"100 מ""ל",false,1,34.90,7.3784,true,1,14968
7290016306187,false,גלידה קרם קוקוס פירו,גלידת אילו,,גלידה קרם קוקוס פירות יער טבעונית 473מל,מיליליטרים,473.00,"100 מ""ל",false,1,34.90,7.3784,true,1,16503
7290016306217,false,גלידה בראוני שוקולד,גלידת אילו,,גלידה בראוני שוקולד ואגוז טבעונית 473 מל,מיליליטרים,473.00,"100 מ""ל",false,1,34.90,7.3784,true,1,25451
7290016306224,false,גלידה קוקו וניל פצפו,גלידת אילו,,גלידה קוקו וניל פצפוצים טבעונית 473 מל,מיליליטרים,473.00,"100 מ""ל",false,1,34.90,7.3784,true,1,32739
7290016306323,false,גלידה שוקו בננה טבעו,גלידת אילו,,גלידה שוקו בננה טבעונית 473 מל,מיליליטרים,473.00,"100 מ""ל",false,1,34.90,7.3784,true,1,32740
7290016319118,false,שעווה מתקלפת לפנים,ש.שוורץ,ES,שעווה מתקלפת לפנים  מגע הדבש 100גרם,גרמים,100.00,100 גרם,false,6,31.90,31.9000,true,1,29173
7290016319187,false,עוג.סנדוויץ טוסו  זו,אפיפית,,עוג.סנדוויץ טוסו  זוג שוקו 300 גר,גרמים,300.00,100 גרם,false,6,17.90,5.9667,true,1,25022
7290016319194,false,עוג.סנדוויץ טוסו  זו,אפיפית,,עוג.סנדוויץ טוסו  זוג שוקו וניל 300 גר,גרמים,300.00,100 גרם,false,6,17.90,5.9667,true,1,25020
7290016319200,false,עוג.סנדוויץ טוסו  זו,אפיפית,,עוג.סנדוויץ טוסו  זוג אוראו 300 גר,גרמים,300.00,100 גרם,false,6,17.90,5.9667,true,1,25023
7290016319309,false,אל סבון פמילי 1ליטר,אינטרקוסמא,,אל סבון פמילי 1ליטר מאסק משאבה,ליטרים,1.00,ליטר,false,1,10.90,10.9000,true,1,13354
7290016319880,false,תחליב רחצה פמילי לגו,אקסן קוסמטיק,,תחליב רחצה פמילי לגונה ופרחי מים 700 מל,מיליליטרים,700.00,"100 מ""ל",false,1,10.90,1.5571,true,1,16298
7290016320343,false,זוג נוזל אסלה טואלט,SC Jonson,,זוג נוזל אסלה טואלט דאק 750 מל לבנדר,ליטרים,1.50,ליטר,false,1,19.90,13.2667,true,1,15876
7290016321319,false,אל סבון פמילי 1 ליטר,אינטרקוסמא,TR,אל סבון פמילי 1 ליטר אשכולית אדומה,ליטרים,1.00,ליטר,false,12,10.90,10.9000,true,1,39486
7290016321326,false,אל סבון פמילי 1 ליטר,אינטרקוסמא,TR,אל סבון פמילי 1 ליטר מנדרינה לואיזה,ליטרים,1.00,ליטר,false,12,10.90,10.9000,true,1,39487
7290016321531,false,רצועות שעווה אלוורה,ש.שוורץ,,רצועות שעווה אלוורה 12+3 מגע המשי,יחידה,15.00,יחידה,false,1,19.90,1.3267,true,1,20279
7290016321548,false,רצועות שעווה קמומיל,ש.שוורץ,,רצועות שעווה קמומיל 12+3 מגע המשי,יחידה,15.00,יחידה,false,1,19.90,1.3267,true,1,20280
7290016321555,false,רצועות שעווה ביקיני,ש.שוורץ,,רצועות שעווה ביקיני ובית שחי 16+4מגע משי,יחידה,20.00,יחידה,false,1,19.90,0.9950,true,1,20281
7290016321661,false,מארז 4יח מגבוני פרש,,,מארז 4יח מגבוני פרש וואנס סנסטיב קר 64יח,יחידה,64.00,יחידה,false,1,15.90,0.2484,true,1,21014
7290016321678,false,מארז 4יח מגבוני פרש,,,מארז 4יח מגבוני פרש וואנס נטורל קר 64יח,יחידה,64.00,יחידה,false,1,15.90,0.2484,true,1,21013
7290016321777,false,רצועות  שעווה לפנים,ש.שוורץ,,רצועות  שעווה לפנים 20+5 מגע המשי,יחידה,25.00,יחידה,false,1,19.90,0.7960,true,1,20282
7290016321883,false,מארז 3יח מגבוני פרשו,על בד,,מארז 3יח מגבוני פרשוואנס נייר טואלט 40יח,יחידה,120.00,יחידה,false,1,12.90,0.1075,true,1,21831
7290016321890,false,מארז 3יח מגבוני פרשו,על בד,,מארז 3יח מגבוני פרשוואנס נייר טואלט 40יח,יחידה,120.00,יחידה,false,1,12.90,0.1075,true,1,21830
7290016329261,false,מתיר קשרים סרקל ספרי,פישר תעשיות,,מתיר קשרים סרקל ספריי 300מל,מיליליטרים,300.00,"100 מ""ל",false,1,29.90,9.9667,true,1,13287
7290016329278,false,מארז 4 יח מגבוני קמי,פישר תעשיות,,מארז 4 יח מגבוני קמיל בלו 64 יחידות,יחידה,256.00,יחידה,false,1,16.90,0.0660,true,1,15811
7290016329308,false,קרם רוזמרין סרקל לשי,פישר תעשיות,,קרם רוזמרין סרקל לשיער מתותל 340מל,מיליליטרים,340.00,"100 מ""ל",false,1,27.90,8.2059,true,1,15303
7290016329315,false,מתיר קשרים סרקל ספרי,פישר תעשיות,,מתיר קשרים סרקל ספריי לשיער מתולתל 300מל,מיליליטרים,300.00,"100 מ""ל",false,1,29.90,9.9667,true,1,14463
7290016329674,false,קרם פנים לתינוק קמיל,פישר תעשיות,,קרם פנים לתינוק קמיל בלו סנסטיב 75מל,מיליליטרים,75.00,"100 מ""ל",false,1,19.90,26.5333,true,1,15270
7290016370096,false,זית מרוקאי מיובש גדו,,,זית מרוקאי מיובש גדול 340 גרם,גרמים,340.00,100 גרם,false,1,12.90,3.7941,true,1,39546
7290016370119,false,מלפפון במלח בינוני ט,,,מלפפון במלח בינוני טעם ביתי 540 גרם צנצנ,גרמים,540.00,100 גרם,false,1,9.90,1.8333,true,1,32656
7290016370225,false,תחתיות ארטישוק יבנה,קונסריוסאלגוזס,,תחתיות ארטישוק יבנה 440 גרם,גרמים,400.00,100 גרם,false,1,8.90,2.2250,true,1,32657
7290016370256,false,מארז 3 יח זית טבעות,,,מארז 3 יח זית טבעות ירוק200 גרם,גרמים,600.00,100 גרם,false,1,12.90,2.1500,true,1,30739
7290016370263,false,מארז 3 יח זית חרוזית,,,מארז 3 יח זית חרוזית 200 גרם,גרמים,600.00,100 גרם,false,1,12.90,2.1500,true,1,30472
7290016370270,false,זית קלמטה יווני מגול,,,זית קלמטה יווני מגולען 560 גרם,גרמים,560.00,100 גרם,false,12,11.90,2.1250,true,1,28336
7290016370300,false,זית קלמטה יווני שלם,,GR,זית קלמטה יווני שלם 560 גרם,גרמים,560.00,100 גרם,false,12,14.90,2.6607,true,1,29103
7290016370317,false,זית קלמטה יווני מגול,,GR,זית קלמטה יווני מגולען 560 גרם,גרמים,560.00,100 גרם,false,12,14.90,2.6607,true,1,29102
7290016370904,false,זית חרוזית ירוק יבנה,,,זית חרוזית ירוק יבנה 400 גרם,גרמים,400.00,100 גרם,false,1,6.90,1.7250,true,1,17987
7290016370911,false,זית ירוק טבעות יבנה,,,זית ירוק טבעות יבנה 400 גרם,גרמים,400.00,100 גרם,false,1,6.90,1.7250,true,1,17988
7290016370942,false,ירקות כבושים יבנה560,קוזט אס.איי.פיין פוד,,ירקות כבושים יבנה560 גר,גרמים,560.00,100 גרם,false,1,9.90,1.7679,true,1,13699
7290016370959,false,חציל קלוי על האש יבנ,קוזט אס.איי.פיין פוד,,חציל קלוי על האש יבנה 530 גר,גרמים,530.00,100 גרם,false,1,9.90,1.8679,true,1,13696
7290016370973,false,פלפל קלוי על האש יבנ,קוזט אס.איי.פיין פוד,,פלפל קלוי על האש יבנה 540 גר,גרמים,540.00,100 גרם,false,1,9.90,1.8333,true,1,13697
7290016372397,false,תה ירוק תפוז כורכום,תה ויסוצקי,,תה ירוק תפוז כורכום גינגר 1.5 ג 25 שק,יחידה,25.00,יחידה,false,1,22.90,0.9160,true,1,15506
7290016372458,false,תה גן הקסום לימונית,תה ויסוצקי,,תה גן הקסום לימונית לואיזה 50 שק,גרמים,75.00,100 גרם,false,1,29.90,39.8667,true,1,15508
7290016372489,false,חליטת גינגר ולימון 2,תה ויסוצקי,,חליטת גינגר ולימון 20 שקיקים,יחידה,25.00,יחידה,false,1,16.90,0.6760,true,1,15504
7290016372496,false,תה גן קסום גינגר דבש,תה ויסוצקי,,חליטת גינגר דבש 20 שקיקים,יחידה,25.00,יחידה,false,1,16.90,0.6760,true,1,15501
7290016372922,false,תה ירוק קינמון גינגר,תה ויסוצקי,,תה ירוק קינמון גינגר וכורכום 1.5 ג 25 שק,יחידה,25.00,יחידה,false,1,22.90,0.9160,true,1,18444
7290016381047,false,חמאת שקדים מלאה כרם,יעקוב יוסף,,חמאת שקדים מלאה כרם 300 גרם,גרמים,300.00,100 גרם,false,1,29.90,9.9667,true,1,13743
7290016381443,false,סילאן טבעי כרם לחיץ,משק צור עין יהב,,סילאן טבעי כרם לחיץ 350 גרם,גרמים,350.00,100 גרם,false,1,13.90,3.9714,true,1,14329
7290016381474,false,סילאן אורגני כרם לחי,משק צור עין יהב,,סילאן אורגני כרם לחיץ 350 גרם,גרמים,350.00,100 גרם,false,1,18.90,5.4000,true,1,14330
7290016381481,false,מיץ רימונים 1 ליטר 1,,,מיץ רימונים 1 ליטר 100% טבעי,ליטרים,1.00,ליטר,false,1,18.90,18.9000,true,1,17051
7290016381856,false,רכז רימונים 100% טבע,,,רכז רימונים 100% טבעי כרם 250 מל,מיליליטרים,250.00,"100 מ""ל",false,1,19.90,7.9600,true,1,19489
7290016381955,false,משקה כרם אורז אורגני,,,משקה כרם אורז אורגני 1 ליטר,ליטרים,1.00,ליטר,false,10,10.00,10.0000,true,1,19015
7290016381962,false,משקה כרם אורז שקדים,,,משקה כרם אורז שקדים אורגני 1 ליטר,ליטרים,1.00,ליטר,false,10,10.00,10.0000,true,1,19016
7290016381986,false,ערמונים אורגנים כרם,טאנגש'אן סיטי מייקדו,CN,ערמונים אורגנים כרם 100 גרם,גרמים,100.00,100 גרם,false,50,5.90,5.9000,true,1,18594
7290016387254,false,משטח לייבוש כלים דו,,CN,משטח לייבוש כלים דו צדדי שיין,יחידה,1.00,יחידה,false,24,6.90,6.9000,true,1,23526
7290016387339,false,מטליות מיקרופייבר גמ,,CN,מטליות מיקרופייבר גמבו לרצפה 60/90סמ 2יח,יחידה,2.00,יחידה,false,24,13.90,6.9500,true,1,23524
7290016387483,false,כריות יפניות דו צדדי,,IL,כריות יפניות דו צדדיות 3 יח,יחידה,3.00,יחידה,false,36,5.90,1.9667,true,1,23529
7290016387698,false,כריות יפניות עדינות,,CN,כריות יפניות עדינות 3יח פנינה,יחידה,3.00,יחידה,false,36,6.90,2.3000,true,1,23528
7290016387742,false,מארז 2יח מטליות מיקר,,CN,מארז 2יח מטליות מיקרופייבר הברקה יבשה,יחידה,2.00,יחידה,false,36,11.90,5.9500,true,1,38655
7290016387841,false,אטבי  כביסה צבעונים,GUANGDONG,CN,אטבי  כביסה צבעונים 50יח גוי,יחידה,50.00,יחידה,false,24,9.90,0.1980,true,1,18133
7290016387926,false,מפת שולחן  נצמדת עם,GUANGDONG,CN,מפת שולחן  נצמדת עם גומי היקפי 180/75,יחידה,1.00,יחידה,false,24,14.90,14.9000,true,1,18930
7290016408119,false,כעכים מלוחים טרליני,אפוליה פוד,,כעכים מלוחים טרליני קלאסי 225 גרם,גרמים,225.00,100 גרם,false,1,6.90,3.0667,true,1,13250
7290016408133,false,כעכים מלוחים טרליני,אפוליה פוד,,כעכים מלוחים טרליני בצל זיתים225 גרם,גרמים,225.00,100 גרם,false,1,6.90,3.0667,true,1,13254
7290016408140,false,כעכים מלוחים טרליני,אפוליה פוד,,כעכים מלוחים טרליני רוטב פיצה 225 גרם,גרמים,225.00,100 גרם,false,1,6.90,3.0667,true,1,13251
7290016408157,false,כעכים מלוחים טרליני,אפוליה פוד,,כעכים מלוחים טרליני קמח מלא 225 גרם,גרמים,225.00,100 גרם,false,1,6.90,3.0667,true,1,13255
7290016408164,false,כעכים מלוחים טרליני,אפוליה פוד,,כעכים מלוחים טרליני שום צילי 225 גרם,גרמים,225.00,100 גרם,false,1,6.90,3.0667,true,1,13252
7290016408294,false,מרשמלו לבן ורוד כרמי,כרמית,,מרשמלו לבן ורוד כרמית 150 ג,גרמים,150.00,100 גרם,false,1,5.50,3.6667,true,1,14690
7290016408393,false,קרקר פניני דגנים עם,דוויטה ג'יי.אס.סי,,קרקר דגנים עם שומשום 130 גרם,גרמים,130.00,100 גרם,false,1,6.90,5.3077,true,1,13656
7290016408416,false,קרקר פניני דגנים עם,דוויטה ג'יי.אס.סי,,קרקר דגנים עם צילי 130 גרם,גרמים,130.00,100 גרם,false,1,6.90,5.3077,true,1,13652
7290016408423,false,קרקר פניני דגנים עם,דוויטה ג'יי.אס.סי,,קרקר דגנים עם זית שחור 130 גרם,גרמים,130.00,100 גרם,false,1,6.90,5.3077,true,1,13653
7290016408430,false,קרקר פניני דגנים עם,דוויטה ג'יי.אס.סי,,קרקר דגנים עם תבלינים 130 גרם,גרמים,130.00,100 גרם,false,1,6.90,5.3077,true,1,13654
7290016408447,false,קרקר פניני דגנים עם,דוויטה ג'יי.אס.סי,,קרקר דגנים עם עגבניות 130 גרם,גרמים,130.00,100 גרם,false,1,6.90,5.3077,true,1,13655
7290016408744,false,מרשמלו טוויסטר כרמית,כרמית,,מרשמלו טוויסטר כרמית 150 ג,גרמים,150.00,100 גרם,false,1,5.50,3.6667,true,1,14921
7290016414172,false,תה צמחים הכרמל רוזמר,חזרה לטבע,IL,תה צמחים הכרמל רוזמרין אזוב2 גר 20 יח,יחידה,20.00,יחידה,false,10,18.90,0.9450,true,1,42680
7290016414271,false,תה צמחים ירושלים לימ,חזרה לטבע,IL,תה צמחים ירושלים לימונית לואיזה2 גר20יח,יחידה,20.00,יחידה,false,10,18.90,0.9450,true,1,42679
7290016414370,false,תה צמחים הגליל לימונ,חזרה לטבע,IL,תה צמחים הגליל לימונית עלי זית2 גר 20 יח,יחידה,20.00,יחידה,false,10,18.90,0.9450,true,1,42681
7290016414479,false,תה צמחים עין גדי שומ,חזרה לטבע,IL,תה צמחים עין גדי שומר מרווה 2 גר 20 יח,יחידה,20.00,יחידה,false,10,18.90,0.9450,true,1,42677
7290016414578,false,תה צמחים עמק האלה מנ,חזרה לטבע,IL,תה צמחים עמק האלה מנטה ורדים2 גר 20 יח,יחידה,20.00,יחידה,false,10,18.90,0.9450,true,1,42678
7290016414677,false,תה צמחים הערבה קמומי,חזרה לטבע,IL,תה צמחים הערבה קמומיל לבנדר2 גר 20 יח,יחידה,20.00,יחידה,false,10,18.90,0.9450,true,1,42682
7290016437010,false,חיתולי ספיגה שקמה סו,KC USA,,חיתולי ספיגה שקמה סופר נייט מדיום 14יח,יחידה,14.00,יחידה,false,1,69.90,4.9929,true,1,25534
7290016437409,false,תחתון דיפנד לייקרה ס,KC Vietnam,,תחתון דיפנד לייקרה סופג נשים סמול 18יח,יחידה,18.00,יחידה,false,4,74.90,4.1611,true,1,25514
7290016437416,false,תחתון דיפנד לייקרה ס,KC Vietnam,,תחתון דיפנד לייקרה סופג נשים מדיום 18יח,יחידה,18.00,יחידה,false,4,74.90,4.1611,true,1,25515
7290016437423,false,תחתון דיפנד לייקרה ס,KC Vietnam,,תחתון דיפנד לייקרה סופג נשים לארג 16יח,יחידה,16.00,יחידה,false,4,74.90,4.6813,true,1,25516
7290016437430,false,תחתון דיפנד לייקרה ס,KC Vietnam,,תחתון דיפנד לייקרה סופג נשים אקס אל 14יח,יחידה,14.00,יחידה,false,4,74.90,5.3500,true,1,25517
7290016437454,false,תחתון דיפנד לייקרה ס,KC USA,,תחתון סופג צבעוני נשים סמול/מדיום,יחידה,18.00,יחידה,false,1,74.90,4.1611,true,1,15858
7290016437461,false,תחתון דיפנד לייקרה ס,KC USA,,תחתון דיפנד לייקרה סופג גברים לארג 16יח,יחידה,16.00,יחידה,false,1,74.90,4.6813,true,1,25522
7290016437478,false,תחתון דיפנד לייקרה ס,KC USA,,תחתון דיפנד לייקרה סופג גברים אקס אל14יח,יחידה,14.00,יחידה,false,1,74.90,5.3500,true,1,25525
7290016437508,false,נייר טואלט מולט לב א,חוגלה קימברלי,,נייר טואלט מולט לב אדום 24יח=48יח,יחידה,24.00,יחידה,false,1,36.90,1.5375,true,1,16056
7290016437614,false,חיתולי האגיס פרידום,,,חיתולי האגיס פרידום דריי פאנטס שלב3 44יח,יחידה,44.00,יחידה,false,1,49.90,1.1341,true,1,14452
7290016437621,false,חיתולי האגיס פרידום,,,חיתולי האגיס פרידום דריי פאנטס שלב4 36יח,יחידה,36.00,יחידה,false,1,49.90,1.3861,true,1,14453
7290016437645,false,חיתולי האגיס פרידום,,,חיתולי האגיס פרידום דריי פאנטס שלב5 34יח,יחידה,34.00,יחידה,false,1,49.90,1.4676,true,1,14454
7290016437652,false,חיתולי האגיס פרידום,,,חיתולי האגיס פרידום דריי פאנטס שלב6 30יח,יחידה,30.00,יחידה,false,1,49.90,1.6633,true,1,14455
7290016440218,false,עמבה פרי מעדני עופר,,,עמבה פרי מעדני עופר 500 גר,גרמים,500.00,100 גרם,false,1,11.90,2.3800,true,1,15295
7290016448771,false,משקה ציה  בטעם אפרסק,,,משקה ציה  בטעם אפרסק 290מל פקדון,מיליליטרים,290.00,"100 מ""ל",false,24,6.90,2.3793,true,1,24808
7290016448788,false,משקה ציה  בטעם אננס,,,משקה ציה  בטעם אננס 290מל פקדון,מיליליטרים,290.00,"100 מ""ל",false,24,6.90,2.3793,true,1,24807
7290016448795,false,משקה ציה בטעם קוקטיי,,,משקה ציה בטעם קוקטייל פירות 290מל פקדון,מיליליטרים,290.00,"100 מ""ל",false,24,6.90,2.3793,true,1,24809
7290016448801,false,משקה ציה בטעם קיווי,,,משקה ציה בטעם קיווי 290מל פקדון,מיליליטרים,290.00,"100 מ""ל",false,24,6.90,2.3793,true,1,24811
7290016448818,false,קפה קר טעם  קפוצינו,,,קפה קר טעם  קפוצינו 250מל נאמבר 1,מיליליטרים,250.00,"100 מ""ל",false,24,6.60,2.6400,true,1,24818
7290016448825,false,קפה קר טעם וניל צרפת,,,קפה קר טעם וניל צרפתי 250מל נאמבר 1,מיליליטרים,250.00,"100 מ""ל",false,24,6.60,2.6400,true,1,24821
7290016448832,false,קפה קר טעם אספרסו 25,,,קפה קר טעם אספרסו 250מל נאמבר 1,מיליליטרים,250.00,"100 מ""ל",false,24,6.60,2.6400,true,1,24820
7290016448849,false,קפה קר טעם לאטה מקיא,,,קפה קר טעם לאטה מקיאטו 250מל נאמבר 1,מיליליטרים,250.00,"100 מ""ל",false,24,6.60,2.6400,true,1,24819
7290016448856,false,קפה קר טעם טירמיסו 2,,,קפה קר טעם טירמיסו 250מל נאמבר 1,מיליליטרים,250.00,"100 מ""ל",false,24,6.60,2.6400,true,1,24822
7290016448870,false,שפרוטים בשמן צמחי150,אודסקי קונסרברי זאבו,UA,שפרוטים בשמן צמחי 150 גרם,גרמים,150.00,100 גרם,false,36,5.90,3.9333,true,1,28221
7290016448887,false,שפרוטים בשמן צמחי240,אודסקי קונסרברי זאבו,UA,שפרוטים בשמן צמחי240 גרם,גרמים,240.00,100 גרם,false,24,8.90,3.7083,true,1,28222
7290016448924,false,מקרל ריגה ברוטב עגבנ,,LV,מקרל ריגה ברוטב עגבניות 200 גרם,גרמים,200.00,100 גרם,false,24,7.90,3.9500,true,1,28230
7290016452129,false,פטל אדום בקופסא,,,פטל אדום בקופסא,Unknown,0.00,Unknown,false,1,29.90,0.0000,true,1,25715
7290016452143,false,אוכמניות יבוא רוח שת,,,אוכמניות יבוא רוח שתות 300 גרם,Unknown,0.00,Unknown,false,1,29.90,0.0000,true,1,27392
7290016452235,false,דומדומניות יבוא 125,,,דומדומניות יבוא 125 גרם רוח שתות,Unknown,0.00,Unknown,false,1,29.90,0.0000,true,1,43970
7290016476606,false,יין פרובנס רוזה מאלי,דומיין קארטרון,,יין רוזה מאליז 750 מל,מיליליטרים,750.00,"100 מ""ל",false,1,80.00,10.6667,true,1,13324
7290016505009,false,שוקולד קרם בוטנים פנ,,,שוקולד קרם בוטנים פנדה 100 גר,גרמים,100.00,100 גרם,false,1,17.90,17.9000,true,1,21235
7290016505016,false,שוקולד קלאסי פנדה 10,,,שוקולד קלאסי פנדה 100 גר,גרמים,100.00,100 גרם,false,1,17.90,17.9000,true,1,21234
7290016505023,false,שוקולד קרם נוגט פנדה,,,שוקולד קרם נוגט פנדה 100 גר,גרמים,100.00,100 גרם,false,1,17.90,17.9000,true,1,21236
7290016505030,false,שוקולד אגוזי לוז פנד,,,שוקולד אגוזי לוז פנדה 100 גר,גרמים,100.00,100 גרם,false,1,17.90,17.9000,true,1,21231
7290016505047,false,שוקולד קרמל ומלח גס,,,שוקולד קרמל ומלח גס פנדה 100 גר,גרמים,100.00,100 גרם,false,1,17.90,17.9000,true,1,21237
7290016505108,false,שוקולד מריר קוקוס פנ,,,שוקולד מריר קוקוס פנדה 100 גר,גרמים,100.00,100 גרם,false,1,17.90,17.9000,true,1,21232
7290016505115,false,שוקולד מריר קפה פנדה,,,שוקולד מריר קפה פנדה 100 גר,גרמים,100.00,100 גרם,false,1,17.90,17.9000,true,1,21233
7290016509304,false,סבון אסלה כדוריות סו,,,סבון אסלה כדוריות סוד לבנדר,Unknown,0.00,Unknown,false,1,8.90,0.0000,true,1,14836
7290016509342,false,מארז שלישיית סבון אס,,,מארז שלישיית סבון אסלה כדוריות סוד כחול,יחידה,3.00,יחידה,false,1,14.90,4.9667,true,1,14972
7290016509786,false,נוזל כביסה גל פרסיל,הנקל,,נוזל כביסה גל פרסיל 2.5 ליטר ירוק,ליטרים,2.50,ליטר,false,1,29.90,11.9600,true,1,17606
7290016509793,false,נוזל כביסה גל פרסיל,הנקל,,נוזל כביסה גל פרסיל 4 ליטר ירוק,ליטרים,4.00,ליטר,false,1,39.90,9.9750,true,1,17604
7290016509809,false,נוזל כביסה גל פרסיל,הנקל,,נוזל כביסה גל פרסיל 2.5 ליטר קולור,ליטרים,2.50,ליטר,false,1,29.90,11.9600,true,1,17607
7290016509823,false,נוזל כביסה גל פרסיל,הנקל,,נוזל כביסה גל פרסיל 2.5 ליטר בלו,ליטרים,2.50,ליטר,false,1,29.90,11.9600,true,1,17608
7290016509830,false,נוזל כביסה גל פרסיל,הנקל,,נוזל כביסה גל פרסיל 2.5 ליטר בייבי,ליטרים,2.50,ליטר,false,1,29.90,11.9600,true,1,17609
7290016509847,false,נוזל כביסה גל פרסיל,הנקל,,נוזל כביסה גל פרסיל 2.5 ליטר בלאק,ליטרים,2.50,ליטר,false,1,29.90,11.9600,true,1,18815
7290016510096,false,שמפו הוואי קוקוס 700,טרופיקל דגיל,,שמפו הוואי קוקוס 700מל,מיליליטרים,700.00,"100 מ""ל",false,1,8.90,1.2714,true,1,16412
7290016510102,false,מרכך הוואי קוקוס 700,טרופיקל דגיל,,מרכך הוואי קוקוס 700מל,מיליליטרים,700.00,"100 מ""ל",false,1,8.90,1.2714,true,1,16413
7290016510225,false,תחליב רחצה הוואי וני,טרופיקל דגיל,IL,תחליב רחצה הוואי וניל דבש 700מל,מיליליטרים,700.00,"100 מ""ל",false,1,8.90,1.2714,true,1,17760
7290016510232,false,תחליב רחצה הוואי יוג,טרופיקל דגיל,IL,תחליב רחצה הוואי יוגורט קוקוס 700מל,מיליליטרים,700.00,"100 מ""ל",false,1,8.90,1.2714,true,1,17761
7290016510249,false,תחליב רחצה הוואי יוג,טרופיקל דגיל,IL,תחליב רחצה הוואי יוגורט שקדים 700מל,מיליליטרים,700.00,"100 מ""ל",false,1,8.90,1.2714,true,1,17765
7290016510263,false,תחליב רחצה הוואי ויו,טרופיקל דגיל,IL,תחליב רחצה הוואי ויולה ורודה 700מל,מיליליטרים,700.00,"100 מ""ל",false,1,8.90,1.2714,true,1,17763
7290016510287,false,תחליב רחצה הוואי קרם,טרופיקל דגיל,IL,תחליב רחצה הוואי קרם דבש 700 מל,מיליליטרים,700.00,"100 מ""ל",false,1,8.90,1.2714,true,1,17768
7290016510317,false,תחליב רחצה הוואי לגב,טרופיקל דגיל,IL,תחליב רחצה הוואי לגבר פול פורס 700מל,מיליליטרים,700.00,"100 מ""ל",false,1,8.90,1.2714,true,1,17758
7290016510324,false,תחליב רחצה הוואי לגב,טרופיקל דגיל,IL,תחליב רחצה הוואי לגבר איריססטבל 700מל,מיליליטרים,700.00,"100 מ""ל",false,1,8.90,1.2714,true,1,17759
7290016510331,false,אל סבון הוואי ילדים,טרופיקל דגיל,,אל סבון הוואי ילדים 700 מל,מיליליטרים,700.00,"100 מ""ל",false,1,8.90,1.2714,true,1,25333
7290016510348,false,אל סבון הוואי ילדים,טרופיקל דגיל,,אל סבון הוואי ילדים בנים 700 מל,מיליליטרים,700.00,"100 מ""ל",false,1,8.90,1.2714,true,1,25334
7290016510683,false,סבון ידיים נוזלי הוו,הנקל סוד,,סבון ידיים נוזלי הוואי בלו סקיי 1 ליטר,ליטרים,1.00,ליטר,false,12,9.90,9.9000,true,1,18652
7290016510768,false,תחליב רחצה הוואי יוג,טרופיקל דגיל,IL,תחליב רחצה הוואי יוגורט אוכמניות 700מל,מיליליטרים,700.00,"100 מ""ל",false,1,8.90,1.2714,true,1,19755
7290016510874,false,שמפו הוואי ברבי ילדי,טרופיקל דגיל,,שמפו הוואי ברבי ילדים אמא ובת 700מל,מיליליטרים,700.00,"100 מ""ל",false,12,13.90,1.9857,true,1,23324
7290016510898,false,שמפו הוואי פריחת הדו,טרופיקל דגיל,,שמפו הוואי פריחת הדובדבן 700 מל,מיליליטרים,700.00,"100 מ""ל",false,1,8.90,1.2714,true,1,20402
7290016510904,false,מרכך הוואי פריחת הדו,טרופיקל דגיל,,מרכך הוואי פריחת הדובדבן 700 מל,מיליליטרים,700.00,"100 מ""ל",false,1,8.90,1.2714,true,1,20403
7290016513684,false,כיסונים כפרי במילוי,,IL,כיסונים כפרי במילוי בשר והודו 750גר,גרמים,750.00,100 גרם,false,10,25.90,3.4533,true,1,42147
7290016513974,false,קרפלך במילוי פיטריות,,IL,קרפלך במילוי פיטריות 600גר,גרמים,600.00,100 גרם,false,12,12.90,2.1500,true,1,42150
7290016513981,false,קרפלך תפוא 600גר,,IL,קרפלך תפוא 600גר,גרמים,600.00,100 גרם,false,12,12.90,2.1500,true,1,42149
7290016523171,false,סטימר עץ 12,Fujian fuzhou tian s,,סטימר עץ 12,Unknown,0.00,Unknown,false,1,75.00,0.0000,true,1,13921
7290016523188,false,סטימר עץ 10,Fujian fuzhou tian s,,סטימר עץ 10,Unknown,0.00,Unknown,false,1,60.00,0.0000,true,1,13922
7290016523195,false,סטימר עץ 8,Fujian fuzhou tian s,,סטימר עץ 8,Unknown,0.00,Unknown,false,1,45.00,0.0000,true,1,13923
7290016545005,false,בירה דודהשך קראפט אמ,,BE,בירה דודהשך קראפט אמבר אייל 330מל בק.פקד,מיליליטרים,330.00,"100 מ""ל",false,24,14.90,4.5152,true,1,42502
7290016545012,false,בירה חתול שמן קראפט,,BE,בירה חתול שמן קראפט פייל אייל330מל בק.פק,מיליליטרים,330.00,"100 מ""ל",false,24,14.90,4.5152,true,1,42504
7290016545029,false,בירה בינדי קראפט איי,,BE,בירה בינדי קראפט איי פי 330מל בק.פקדון,מיליליטרים,330.00,"100 מ""ל",false,24,14.90,4.5152,true,1,42499
7290016545036,false,בירה בלאק גק קראפט ס,,BE,בירה בלאק גק קראפט סטאוט 330מל בק.פקדון,מיליליטרים,330.00,"100 מ""ל",false,24,14.90,4.5152,true,1,42500
7290016545050,false,בירה עשר קראפט טריפל,,BE,בירה עשר קראפט טריפל בלגי 330מל בק.פקדון,מיליליטרים,330.00,"100 מ""ל",false,24,14.90,4.5152,true,1,42505
7290016545067,false,בירה וויטני קראפט חי,,BE,בירה וויטני קראפט חיטה 330מל בק.פקדון,מיליליטרים,330.00,"100 מ""ל",false,24,14.90,4.5152,true,1,42503
7290016545074,false,בירה גאלאגר קראפט פי,,BE,בירה גאלאגר קראפט פילס 330מל בק.פקדון,מיליליטרים,330.00,"100 מ""ל",false,24,14.90,4.5152,true,1,42501
7290016564006,false,ספוגית מבריקל  הפלא,,,ספוגית מבריקל  הפלא 3 יח,יחידה,3.00,יחידה,false,1,10.90,3.6333,true,1,18388
7290016564099,false,מבריקל רדיד אלומיניו,,IL,מבריקל רדיד אלומיניום זוג,יחידה,2.00,יחידה,false,1,11.90,5.9500,true,1,32379
7290016564266,false,כיסוי הפלא למזון 30י,,,כיסוי הפלא למזון 30יח,יחידה,30.00,יחידה,false,24,10.90,0.3633,true,1,29519
7290016564310,false,מבריקל ניילון  נצמד,,IL,מבריקל ניילון  נצמד זוג,יחידה,2.00,יחידה,false,1,11.90,5.9500,true,1,32380
7290016566185,false,בקבוק שתיה H2O,,,בקבוק שתיה H2O,יחידה,1.00,יחידה,false,1,34.90,34.9000,true,1,14746
7290016566192,false,קערת הגשה במבוק קוטר,,,קערת הגשה במבוק קוטר 12,יחידה,1.00,יחידה,false,1,9.90,9.9000,true,1,14744
7290016566871,false,בקבוק טרמי כוס מכסה,,,בקבוק טרמי כוס מכסה,יחידה,1.00,יחידה,false,1,69.90,69.9000,true,1,40897
7290016566888,false,בקבוק טרמי כוס מכסה,,,בקבוק טרמי כוס מכסה 700מל,יחידה,1.00,יחידה,false,1,79.90,79.9000,true,1,40898
7290016566895,false,בקבוק טרמי פקק קש,,,בקבוק טרמי פקק קש,יחידה,1.00,יחידה,false,1,69.90,69.9000,true,1,40901
7290016566901,false,בקבוק טרמי פקק קש 77,,,בקבוק טרמי פקק קש 770מל,יחידה,1.00,יחידה,false,1,79.90,79.9000,true,1,40902
7290016584004,true,חטיפוני גזר בשקית,,,חטיפוני גזר בשקית,Unknown,0.00,Unknown,false,1,6.90,0.0000,true,1,32875
7290016607321,false,יין דלתון פט נאט מבע,"יקב דלתון בע""מ",IL,יין דלתון פט נאט מבעבע 750 מל,מיליליטרים,750.00,"100 מ""ל",false,6,100.00,13.3333,true,1,24875
7290016607345,false,יין רזרב שיראז דלתון,"יקב דלתון בע""מ",,יין רזרב שיראז דלתון 750 מל,מיליליטרים,750.00,"100 מ""ל",false,1,100.00,13.3333,true,1,21990
7290016607390,false,יין מרלו רזרב  דלתון,"יקב דלתון בע""מ",IL,יין מרלו רזרב  דלתון 750 מל,מיליליטרים,750.00,"100 מ""ל",false,1,100.00,13.3333,true,1,27761
7290016607406,false,יין קברנה סוביניון ר,"יקב דלתון בע""מ",,יין קברנה סוביניון רזרב 2016 750 מל,מיליליטרים,750.00,"100 מ""ל",false,1,100.00,13.3333,true,1,22729
7290016607529,false,יין דלתון קוסט טו קו,"יקב דלתון בע""מ",IL,יין דלתון קוסט טו קוסט אסופה 750 מל,מיליליטרים,750.00,"100 מ""ל",false,6,100.00,13.3333,true,1,24870
7290016607536,false,יין דלתון קרינין מאג,"יקב דלתון בע""מ",IL,יין דלתון קרינין מאגסטיק אסופה 750 מל,מיליליטרים,750.00,"100 מ""ל",false,6,100.00,13.3333,true,1,24869
7290016607543,false,יין דלתון לבנטינה אס,"יקב דלתון בע""מ",IL,יין דלתון לבנטינה אסופה 750 מל,מיליליטרים,750.00,"100 מ""ל",false,6,100.00,13.3333,true,1,24873
7290016621013,false,קרם גוף קמיל בלו,פישר תעשיות,,קרם גוף קמיל בלו,מיליליטרים,500.00,"100 מ""ל",false,1,29.90,5.9800,true,1,13920
7290016621341,false,אל סבון קמיל לידיים,פישר תעשיות,,אל סבון קמיל לידיים ניקיון ולחות 1 ליטר,ליטרים,1.00,ליטר,false,1,13.90,13.9000,true,1,14882
7290016621358,false,אל סבון קמיל לידיים,פישר תעשיות,,אל סבון קמיל לידיים ניקיון והזנה 1ליטר,ליטרים,1.00,ליטר,false,1,13.90,13.9000,true,1,14884
7290016621617,false,תחליב הגנה אולטרסול,פישר תעשיות,,תחליב הגנה אולטרסול קידס ס.שקוף 30 300מל,מיליליטרים,300.00,"100 מ""ל",false,1,59.90,19.9667,true,1,14448
7290016621952,false,קרם פנים לתינוק קמיל,פישר תעשיות,,קרם פנים לתינוק קמיל בלו סנסטיב 30 75מל,Unknown,0.00,Unknown,false,1,19.90,0.0000,true,1,15271
7290016621990,false,מסכה לשיער נטורל קר,פישר תעשיות,,מסכה לשיער נטורל קר 200מל שיער יבש צבוע,מיליליטרים,200.00,"100 מ""ל",false,1,19.90,9.9500,true,1,15553
7290016663174,false,עוגיות דר מורינגה גר,,IL,עוגיות דר מורינגה גרעינים בוטנים חמוציות,גרמים,200.00,100 גרם,false,12,21.90,10.9500,true,1,41161
7290016663297,false,עוגיות דר מורינגה גר,,IL,עוגיות דר מורינגה גרעינים חמוציות שוקולד,גרמים,200.00,100 גרם,false,12,21.90,10.9500,true,1,41162
7290016663419,false,עוגיות דר מורינגה שו,,IL,עוגיות דר מורינגה שומשום קשיו 200 גרם,גרמים,200.00,100 גרם,false,12,21.90,10.9500,true,1,41164
7290016663426,false,עוגיות דר מורינגה שו,,IL,עוגיות דר מורינגה שומשום שוקולד 200 גרם,גרמים,200.00,100 גרם,false,12,21.90,10.9500,true,1,41163
7290016682182,false,משקה שייק תמר בננה מ,פרי ניב,IL,משקה שייק תמר בננה מופחת סוכר 1ל פרי ניב,ליטרים,1.00,ליטר,false,1,15.90,15.9000,true,1,17857
7290016682199,false,משקה שייק תות בננה מ,פרי ניב,IL,משקה שייק תות בננה מופחת סוכר 1ל פרי ניב,ליטרים,1.00,ליטר,false,1,15.90,15.9000,true,1,17859
7290016682250,false,מיץ תפוגזר 1ליטר פרי,פרי ניב,IL,מיץ תפוגזר 1ליטר פרי ניב,ליטרים,1.00,ליטר,false,1,15.90,15.9000,true,1,44325
7290016682335,false,מיץ תפוזים 2ליטר פרי,פרי ניב,IL,מיץ תפוזים 2ליטר פרי ניב בק. פקדון,ליטרים,2.00,ליטר,false,1,22.90,11.4500,true,1,39115
7290016682342,false,מיץ תפוז וולנסיה 2לי,פרי ניב,IL,מיץ תפוז וולנסיה 2ליטר פרי ניב בק. פקדון,ליטרים,2.00,ליטר,false,1,22.90,11.4500,true,1,39116
7290016682359,false,מיץ תפוז שמוטי 2ליטר,פרי ניב,IL,מיץ תפוז שמוטי 2ליטר פרי ניב בק.פקדון,ליטרים,2.00,ליטר,false,1,21.90,10.9500,true,1,39117
7290016682380,false,מיץ לימונדה לואיזה 2,פרי ניב,IL,מיץ לימונדה לואיזה 2 ליטר פרי ניב בק.פקד,ליטרים,2.00,ליטר,false,1,19.90,9.9500,true,1,39118
7290016682397,false,מיץ חמוציות 2ליטר פר,פרי ניב,IL,מיץ חמוציות 2ליטר פרי ניב בק.פקדון,ליטרים,2.00,ליטר,false,1,19.90,9.9500,true,1,39119
7290016689808,false,בירה  נגב אי פי איי,,,בירה  נגב אי פי איי 330 מל פקדון,מיליליטרים,330.00,"100 מ""ל",false,1,14.90,4.5152,true,1,18867
7290016717044,false,יין באזז מנגו 750 מל,כרמל מזרחי,IL,יין באזז מנו 750 מל,מיליליטרים,750.00,"100 מ""ל",false,1,35.00,4.6667,true,1,19757
7290016717051,false,יין באזז רימון 750 מ,כרמל מזרחי,IL,יין באזז רימון 750 מל,מיליליטרים,750.00,"100 מ""ל",false,1,35.00,4.6667,true,1,23517
7290016717099,false,יין אדום חצי יבש 750,,,יין אדום חצי יבש 750 מל פקדון,מיליליטרים,750.00,"100 מ""ל",false,1,35.00,4.6667,true,1,13962
7290016717167,false,יין לבן חצי יבש  201,,,יין לבן חצי יבש  2015 שמיטה 750 מל,מיליליטרים,750.00,"100 מ""ל",false,1,60.00,8.0000,true,1,14072
7290016717174,false,יין רוזה יבש 2015 שמ,,,יין רוזה יבש 2015 שמיטה 750 מל,מיליליטרים,750.00,"100 מ""ל",false,1,60.00,8.0000,true,1,14073
7290016717235,false,יין קונקורד קינג דוי,,,יין קונקורד קינג דויד,מיליליטרים,187.00,"100 מ""ל",false,1,6.90,3.6898,true,1,19786
7290016717631,false,יין מוסקטו פי סי לבן,כרמל מזרחי,,יין מוסקטו פי סי לבן  750 מל,מיליליטרים,750.00,"100 מ""ל",false,1,45.00,6.0000,true,1,16362
7290016717754,false,יין ישן נושן 750 מל,כרמל מזרחי,IL,יין ישן נושן 750 מל פקדון,מיליליטרים,750.00,"100 מ""ל",false,12,25.00,3.3333,true,1,17213
7290016717976,false,יין באז אפרסק 750 מל,כרמל מזרחי,,יין באז אפרסק 750 מל,מיליליטרים,750.00,"100 מ""ל",false,1,35.00,4.6667,true,1,24650
7290016732672,false,מברשת שיניים סנסודיי,גלקסוס סמית קליין,,מברשת שיניים סנסודיין הגנה מלאה,Unknown,0.00,Unknown,false,1,19.90,0.0000,true,1,15715
7290016860139,false,תערובת ציטרונלה רול,,,תערובת ציטרונלה רול און דוחה יתושים 100מ,מיליליטרים,100.00,"100 מ""ל",false,12,29.90,29.9000,true,1,32486
7290016865943,false,אטריות ביצים אוריינט,פ.פ.ה טאביט,,אטריות ביצים אוריינט פטוציני 400 גרם,גרמים,400.00,100 גרם,false,1,10.90,2.7250,true,1,17208
7290016866643,false,מש.שיניים פרודונטקס,סמיתקליין ביצם,,מש.שיניים פרודונטקס פרש 75מל,Unknown,0.00,Unknown,false,1,29.90,0.0000,true,1,17602
7290016866650,false,מש.שיניים פרודונטקס,סמיתקליין ביצם,,מש.שיניים פרודונטקס אורגינל 75מל,Unknown,0.00,Unknown,false,1,29.90,0.0000,true,1,17601
7290016866667,false,מש.שיניים פרודונטקס,סמיתקליין ביצם,,מש.שיניים פרודונטקס פלאוריד 75מל,Unknown,0.00,Unknown,false,1,29.90,0.0000,true,1,17603
7290016866674,false,מש.שיניים פרודונטקס,סמיתקליין ביצם,,מש.שיניים פרודונטקס מלבינה 75מל,Unknown,0.00,Unknown,false,1,29.90,0.0000,true,1,17600
7290016866681,false,מברשת שינים פרדונטקס,גלקסוס סמית קליין,,מברשת שינים פרדונטקס סופט,Unknown,0.00,Unknown,false,1,19.90,0.0000,true,1,16357
7290016866704,false,שמפו סטייל קרטין 750,א.ל. ארמן,,שמפו סטייל קרטין 750 מל,מיליליטרים,750.00,"100 מ""ל",false,1,26.90,3.5867,true,1,15986
7290016866711,false,מרכך סטייל קרטין 750,א.ל. ארמן,,מרכך סטייל קרטין 750 מל,מיליליטרים,750.00,"100 מ""ל",false,1,26.90,3.5867,true,1,15987
7290016866728,false,מסכת שיער קרטין סטיי,א.ל. ארמן,,מסכת שיער קרטין סטייל 500 מל,מיליליטרים,500.00,"100 מ""ל",false,1,44.90,8.9800,true,1,15988
7290016866735,false,קרם לחות לשיער קרטין,א.ל. ארמן,,קרם לחות לשיער קרטין סטייל 500 מל,מיליליטרים,400.00,"100 מ""ל",false,1,44.90,11.2250,true,1,15989
7290016867114,false,לחם קל כוסמין 500 גר,מאפה דר מרק,IL,לחם קל כוסמין 500 גר דר מרק,גרמים,500.00,100 גרם,false,1,18.90,3.7800,true,1,27202
7290016867237,false,לחם קל כוסמקין במתיק,מאפה דר מרק,IL,לחם קל כוסמקין במתיקות מעודנת 400גר,גרמים,400.00,100 גרם,false,1,18.90,4.7250,true,1,23857
7290016882407,false,חצילים קלויים גורמט,,TR,חצילים קלויים גורמט 550 גרם,גרמים,550.00,100 גרם,false,12,11.90,2.1636,true,1,29200
7290016883176,false,תערובת מוזלי שוקולד,"דין שיווק וקלייה בע""",,תערובת מוזלי שוקולד מריר וקוקוס שקדיה 1ק,קילוגרמים,1.00,"ק""ג",false,1,19.90,19.9000,true,1,15967
7290016897029,false,חליטת צאי מאסלה אורג,,,חליטת צאי מאסלה אורגני 1.5 גר 20 שק,יחידה,20.00,יחידה,false,1,15.90,0.7950,true,1,15868
7290016912449,false,מסכה לשיער נטורל קר,פישר תעשיות,,מסכה לשיער נטורל קר 200מל שיער רגיל יבש,מיליליטרים,200.00,"100 מ""ל",false,1,19.90,9.9500,true,1,15554
7290016912463,false,משחת החתלה קמיל בלו,פישר תעשיות,,משחת החתלה קמיל בלו נטורל 100גר,גרמים,100.00,100 גרם,false,12,29.90,29.9000,true,1,20854
7290016912494,false,תרחיץ פנים אפקטיב קר,פישר תעשיות,,תרחיץ פנים אפקטיב קר 180מל לכל סוגי העור,מיליליטרים,180.00,"100 מ""ל",false,1,17.90,9.9444,true,1,15556
7290016912500,false,תרחיץ פנים אפקטיב קר,פישר תעשיות,,תרחיץ פנים אפקטיב קר 180מל לעור רגיל,מיליליטרים,180.00,"100 מ""ל",false,1,17.90,9.9444,true,1,15557
7290016912609,false,מסכת שיער סרקל 200מל,פישר תעשיות,,מסכת שיער סרקל 200מל לילדים,מיליליטרים,200.00,"100 מ""ל",false,1,24.90,12.4500,true,1,15558
7290016912616,false,שמפו בלונד סרקל 1 לי,פישר תעשיות,,שמפו בלונד סרקל 1 ליטר,ליטרים,1.00,ליטר,false,1,28.90,28.9000,true,1,15272
7290016912623,false,מרכך בלונד סרקל 1 לי,פישר תעשיות,,מרכך בלונד סרקל 1 ליטר,ליטרים,1.00,ליטר,false,1,28.90,28.9000,true,1,15273
7290016934052,false,כפפות לטקס אקסטרה לא,,MY,כפפות לטקס אקסטרה לארג 100יח דיל 777,יחידה,100.00,יחידה,false,10,44.90,0.4490,true,1,27724
7290016995046,false,קמח טף טבעי 1 קג,,,קמח טף טבעי 1 קג,קילוגרמים,1.00,"ק""ג",false,1,21.90,21.9000,true,1,14851
7290016995053,false,קמח טפיוקה 500 גרם,,,קוביות זינגוויל אורגני 150 גר,גרמים,500.00,100 גרם,false,1,10.00,2.0000,true,1,17130
7290016995077,false,קוסקוס כוסמין אורגני,,,קוסקוס כוסמין אורגני 400 גר,גרמים,400.00,100 גרם,false,1,17.90,4.4750,true,1,14844
7290016995220,false,דבש אורגני 500 גר,,,דבש אורגני 500 גר,גרמים,500.00,100 גרם,false,1,39.90,7.9800,true,1,15817
7290016995251,false,מלחיה הימליה 250 גר,,,מלחיה הימליה 250 גר,גרמים,250.00,100 גרם,false,1,11.90,4.7600,true,1,15819
7290016995398,false,חומץ תפוח אורגני לא,,,חומץ תפוח אורגני לא מסונן 1 לי,ליטרים,1.00,ליטר,false,6,19.90,19.9000,true,1,29363
7290016995466,false,סירופ אגבה כחולה אור,שקד תבור,,סירופ אגבה כחולה אורגני 330 גר,גרמים,330.00,100 גרם,false,1,16.90,5.1212,true,1,18546
7290016995657,false,מלפפון במלח אורגני 6,,,מלפפון במלח אורגני 670 גר 12 יח,גרמים,670.00,100 גרם,false,12,16.90,2.5224,true,1,21769
7290016995664,false,כרוב כבוש אורגני 680,,,כרוב כבוש אורגני 680 גרם,גרמים,680.00,100 גרם,false,12,12.90,1.8971,true,1,21770
7290016995701,false,מחית בננה תפוח אורגנ,,,מחית בננה תפוח אורגני 100 גר,גרמים,100.00,100 גרם,false,18,4.90,4.9000,true,1,23433
7290016995718,false,מחית אגס ותפוח אורגנ,,,מחית אגס ותפוח אורגני 100 גר,גרמים,100.00,100 גרם,false,18,4.90,4.9000,true,1,23434
7290016995725,false,מחית מנגו תפוח אפרסק,,,מחית מנגו תפוח אפרסק אורגני 100 גר,גרמים,100.00,100 גרם,false,18,4.90,4.9000,true,1,23435
7290016995848,false,שום כתוש אורגני 185ג,,IL,שום כתוש אורגני 185גר תבואות,גרמים,185.00,100 גרם,false,12,14.90,8.0541,true,1,23979
7290016995855,false,גינגר כתוש אורגני 18,,IL,גינגר כתוש אורגני 185גר תבואות,גרמים,185.00,100 גרם,false,12,14.90,8.0541,true,1,23980
7290016995886,false,פלפל צילי כתוש אורגנ,,IL,פלפל צילי כתוש אורגני 185גר תבואות,גרמים,185.00,100 גרם,false,12,14.90,8.0541,true,1,23981
7290016995930,false,אבקת קקאו אורגנית 20,,,אבקת קקאו אורגנית 200 גר,גרמים,200.00,100 גרם,false,12,19.90,9.9500,true,1,23429
7290016995985,false,אבקת פסיליום אורגני,,,אבקת פסיליום אורגני 300 גר,גרמים,300.00,100 גרם,false,12,33.90,11.3000,true,1,29356
7290017000725,false,יין קסטל  גרנד ווין,יקב קסטל,,יין קסטל  גרנד ווין 2019 750 מל,מיליליטרים,750.00,"100 מ""ל",false,1,250.00,33.3333,true,1,32923
7290017000763,false,יין רזיאל אדום 750 מ,,,יין רזיאל אדום 750 מל,מיליליטרים,750.00,"100 מ""ל",false,1,159.00,21.2000,true,1,32867
7290017000879,false,יין רוזה דו קסטל 750,יקב קסטל,,יין רוזה דו קסטל 750 מל,מיליליטרים,750.00,"100 מ""ל",false,1,120.00,16.0000,true,1,40633
7290017000893,false,יין לביא לבן 750 מל,,,יין לביא לבן 750 מל,מיליליטרים,750.00,"100 מ""ל",false,1,80.00,10.6667,true,1,40632
7290017000909,false,יין פטיט קסטל 750 מל,יקב קסטל,,יין פטיט קסטל 750 מל,ליטרים,750.00,ליטר,false,1,129.00,0.1720,true,1,40634
7290017000985,false,יין רזיאל אדום 750 מ,,,יין רזיאל אדום 750 מל,מיליליטרים,750.00,"100 מ""ל",false,1,159.00,21.2000,true,1,44755
7290017020242,false,אבקת חלבון גיינר רבו,,IL,אבקת חלבון גיינר רבולושיין וניל 1.3קג,גרמים,1300.00,100 גרם,false,12,119.00,9.1538,true,1,23051
7290017023212,false,מארז 4יח שוופס פחית,,,מארז 4יח שוופס פחית מוגז פירות תפוח 330מ,מיליליטרים,1320.00,"100 מ""ל",false,1,12.90,0.9773,true,1,16621
7290017023229,false,מארז 4יח שוופס פחית,,,מארז 4יח שוופס פחית מוגז פירות תות 330מ,מיליליטרים,1320.00,"100 מ""ל",false,1,12.90,0.9773,true,1,16622
7290017023236,false,מארז 4יח שוופס פחית,,,מארז 4יח שוופס פחית מוגז ענבים 330מל,מיליליטרים,1320.00,"100 מ""ל",false,1,12.90,0.9773,true,1,16623
7290017023298,false,מארז 4יח פרוט וואטר,יפאורה,,מארז 4יח פרוט וואטר 500מל אננס בק.,מיליליטרים,2000.00,"100 מ""ל",false,1,13.90,0.6950,true,1,17417
7290017023304,false,מארז 4יח שוופס פרוט,יפאורה,,מארז 4יח שוופס פרוט וואטר אבטיח 500מל בק,מיליליטרים,2000.00,"100 מ""ל",false,1,13.90,0.6950,true,1,17418
7290017023311,false,מארז 4יח שוופס פרוט,יפאורה,,מארז 4יח שוופס פרוט וואטר אפרסק 500מל בק,מיליליטרים,2000.00,"100 מ""ל",false,1,13.90,0.6950,true,1,25814
7290017023663,false,מארז 4יח שוופס מוגז,,,מארז 4יח שוופס מוגז פירות למונייד פח330מ,מיליליטרים,1320.00,"100 מ""ל",false,1,12.90,0.9773,true,1,18076
7290017023809,false,מארז 4יח ספרינג 250מ,,,מארז 4יח ספרינג 250מל אגס סברס תפוח,מיליליטרים,1000.00,"100 מ""ל",false,1,11.90,1.1900,true,1,20486
7290017023816,false,מארז 4יח ספרינג 250מ,,,מארז 4יח ספרינג 250מל פירות טרופיים,מיליליטרים,1000.00,"100 מ""ל",false,1,11.90,1.1900,true,1,20485
7290017023823,false,מארז 4יח ספרינג 250מ,,,מארז 4יח ספרינג 250מל תות בננה,מיליליטרים,1000.00,"100 מ""ל",false,1,11.90,1.1900,true,1,20484
7290017023854,false,מארז 4יח סודה שוופס,יפאורה,,מארז 4יח סודה שוופס 250מל,מיליליטרים,1000.00,"100 מ""ל",false,1,10.90,1.0900,true,1,19502
7290017023861,false,מארז 4יח סודה לימון,יפאורה,,מארז 4יח סודה לימון שוופס 250מל,מיליליטרים,1000.00,"100 מ""ל",false,1,10.90,1.0900,true,1,19503
7290017031156,false,דפי לזניה ללא גלוטן,,IT,דפי לזניה ללא גלוטן 250גר,גרמים,250.00,100 גרם,false,12,11.90,4.7600,true,1,21032
7290017031170,false,פתיתים על בסיס קמח ע,andnani,IT,פתיתים על בסיס קמח עדשים ללא גלוטן 250,גרמים,250.00,100 גרם,false,12,11.90,4.7600,true,1,22030
7290017031323,false,אטריות ביצים אוריינט,פ.פ.ה טאביט,,אטריות ביצים אוריינט פרפדלה 400 גרם,גרמים,400.00,100 גרם,false,1,10.90,2.7250,true,1,17209
7290017031477,false,מש.שיניים סנסודיין ר,,,מש.שיניים סנסודיין רפיד רליף הלבנה 75מל,גרמים,75.00,100 גרם,false,1,21.90,29.2000,true,1,20457
7290017031705,false,משחת שיניים סנסודיין,גלקסוס סמית קליין,SK,משחת שיניים סנסודיין קלין אנד פרש 75מל,גרמים,75.00,100 גרם,false,12,21.90,29.2000,true,1,18896
7290017031859,false,מש.שיניים ב אולטרא ק,סמיתקליין ביצם,,מש.שיניים פרודונטקס אולטרא קלין 75 מל,Unknown,0.00,Unknown,false,1,29.90,0.0000,true,1,18895
7290017031934,false,מרכך סטייל שמן המפ 7,א.ל. ארמן,IL,מרכך סטייל שמן המפ 750מל,מיליליטרים,750.00,"100 מ""ל",false,12,24.90,3.3200,true,1,19111
7290017040028,false,דונאטס טריו מידי 9יח,,DE,דונאטס טריו מידי 9יחידות 276גר,גרמים,276.00,100 גרם,false,9,19.90,7.2101,true,1,38525
7290017040035,false,דונאטס מיני במילוי 8,,DE,מארז 8יח מיני דונאטס במילוי,גרמים,184.00,100 גרם,false,10,19.90,10.8152,true,1,38524
7290017040271,false,בראוניז שוקולד בלגי,,,בראוניז שוקולד בלגי 8יחידות 240גר,גרמים,240.00,100 גרם,false,10,19.90,8.2917,true,1,44228
7290017040363,false,דונאטס אוראו 4יחידות,,,דונאטס אוראו 4יחידות 292 גרם,גרמים,292.00,100 גרם,false,13,29.90,10.2397,true,1,44226
7290017040370,false,דונאטס מילקה 4יחידות,,,דונאטס מילקה 4יחידות 260 גרם,גרמים,260.00,100 גרם,false,13,29.90,11.5000,true,1,44227
7290017044019,false,מטליות לחות לניקוי כ,טרופיקל דגיל,,מטליות לחות לניקוי כללי אסותא 400יח,יחידה,400.00,יחידה,false,1,18.90,0.0472,true,1,14892
7290017044071,false,מטליות לחות אסותא מב,טרופיקל דגיל,,מטליות לחות אסותא מבושם ניקוי כללי 400יח,יחידה,400.00,יחידה,false,1,18.90,0.0472,true,1,16706
7290017058009,false,אנשובי בשמן צמחי עם,,,אנשובי בשמן צמחי עם צלפים 45 גר בפח,Unknown,0.00,Unknown,false,1,4.90,0.0000,true,1,23870
7290017058115,false,מלפפון קורנישון סגנו,,IN,מלפפון קורנישון סגנון צרפתי תומר 720 גרם,גרמים,670.00,100 גרם,false,12,9.90,1.4776,true,1,43899
7290017058139,false,רסק תפוח עץ ותות שדה,,,רסק תפוח עץ ותות שדה 4 יח 113 גר,גרמים,452.00,100 גרם,false,1,9.90,2.1903,true,1,44422
7290017058146,false,רסק תפוח עץ ואפרסק 4,,,רסק תפוח עץ ואפרסק 4 יח 113 גר,גרמים,452.00,100 גרם,false,1,9.90,2.1903,true,1,44423
7290017058160,false,אנשובי בשמן צמחי עם,,,אנשובי בשמן צמחי עם צילי 45 גר בפח,Unknown,0.00,Unknown,false,1,4.90,0.0000,true,1,23869
7290017058573,false,פרוסות פלפל חלפינו ב,אינדיה אגרו אקספורט,IN,פרוסות פלפל חלפינו בחומץ 340 גרם,גרמים,340.00,100 גרם,false,12,7.50,2.2059,true,1,20521
7290017058689,false,זית שחור טבעי 400 גר,מסנוי גידה רעהס,TR,זית שחור טבעי 400 גרם,גרמים,400.00,100 גרם,false,9,11.90,2.9750,true,1,21723
7290017058719,false,תירס גמדי בחומץ 340,אינדיה אגרו אקספורט,IN,תירס גמדי בחומץ 340 גרם,גרמים,340.00,100 גרם,false,12,7.50,2.2059,true,1,20520
7290017058795,false,תירס גמדי שלם במי מל,אינדיה אגרו אקספורט,IN,תירס גמדי שלם במי מלח 340 גרם,גרמים,340.00,100 גרם,false,12,7.50,2.2059,true,1,31539
7290017058801,false,תירס גמדי בדבש וחומץ,אינדיה אגרו אקספורט,IN,תירס גמדי בדבש וחומץ 340 גרם,גרמים,340.00,100 גרם,false,12,7.50,2.2059,true,1,20519
7290017059044,false,מעדן פרוביוטי 125גר,,IL,מעדן פרוביוטי 125גר ללא חלב תפוח חמוציות,גרמים,125.00,100 גרם,false,6,6.90,5.5200,true,1,32748
7290017065007,false,גבינת מוצרלה 200 גרם,מחלבות גד,,גבינת מוצרלה 200 גרם פרוסה,גרמים,200.00,100 גרם,false,1,14.90,7.4500,true,1,14508
7290017065137,false,גבינת ריקוטה למריחה,מחלבות גד,,גבינת ריקוטה למריחה 5% טבעית 200 גרם,גרמים,200.00,100 גרם,false,1,10.00,5.0000,true,1,16075
7290017065144,false,גבינת ריקוטה למריחה,מחלבות גד,,גבינת ריקוטה למריחה 5% בזיליקום 200 גרם,גרמים,200.00,100 גרם,false,1,10.00,5.0000,true,1,16077
7290017065168,false,גבינה כחולה 100 גרם,,,גבינה כחולה 100 גרם מחלבות גד,גרמים,100.00,100 גרם,false,1,17.50,17.5000,true,1,17117
7290017065175,false,גבינת מנצגו 150גר פר,,,גבינת מנצגו 150גר פרוס מחלבות גד,גרמים,150.00,100 גרם,false,1,21.50,14.3333,true,1,17118
7290017065212,false,קרם מסקרפונה 250גרם,,,קרם מסקרפונה 250גרם מחלבות גד,גרמים,250.00,100 גרם,false,1,16.90,6.7600,true,1,17123
7290017065236,false,גבינה בולגרית מעודנת,,,גבינה בולגרית מעודנת 24% 250גר גד,גרמים,250.00,100 גרם,false,1,19.90,7.9600,true,1,17121
7290017065311,false,גבינת מוצרלה מעושנת,מחלבות גד,,גבינת מוצרלה מעושנת 200גר מחלבות גד,גרמים,200.00,100 גרם,false,1,18.90,9.4500,true,1,17120
7290017065380,false,גבינת גרנה פדנו 100ג,מחלבות גד,IL,גבינת גרנה פדנו 100גר שבבים,גרמים,100.00,100 גרם,false,1,12.90,12.9000,true,1,20226
7290017065434,false,גבינת גאודה הולנדית,,NL,גבינת גאודה הולנדית 200גר מחלבות גד,גרמים,200.00,100 גרם,false,1,19.90,9.9500,true,1,22364
7290017065441,false,גבינת  גאודה  עיזים,,NL,גבינת  גאודה  עיזים 200גר מחלבות גד,גרמים,200.00,100 גרם,false,1,32.90,16.4500,true,1,22365
7290017065519,false,גבינת קשקבל  מגורדת,מחלבות גד,IL,גבינת קשקבל  מגורדת 200גר,גרמים,200.00,100 גרם,false,1,22.90,11.4500,true,1,20860
7290017065526,false,גבינת קוואטרו פורמאג,מחלבות גד,IL,גבינת קוואטרו פורמאגי 300גרם,גרמים,300.00,100 גרם,false,1,29.90,9.9667,true,1,20861
7290017065588,false,יוגורט יווני 600גר,מחלבות גד,IL,יוגורט יווני 600גר,גרמים,600.00,100 גרם,false,1,16.90,2.8167,true,1,24287
7290017065649,false,קרם פטיסייר 250גר,מחלבות גד,IL,קרם פטיסייר 250גר,גרמים,250.00,100 גרם,false,1,19.90,7.9600,true,1,24284
7290017065663,false,גבינה פטה עיזים 16%,,,גבינה פטה עיזים 16% מעודנת 250 גר,גרמים,250.00,100 גרם,false,6,30.90,12.3600,true,1,26941
7290017065731,false,גבינת שמנת כמהין 200,,,גבינת שמנת כמהין 200גר 30%,גרמים,200.00,100 גרם,false,1,12.90,6.4500,true,1,30865
7290017065762,false,גבינת מאנורי 100גרם,,GR,גבינת מאנורי 100גרם בסגנון יווני לצליה,גרמים,100.00,100 גרם,false,10,11.90,11.9000,true,1,40688
7290017065786,false,גבינת צדר אנגלית 210,מחלבות גד,,גבינת צדר אנגלית 210גרם מחלבות גד,גרמים,210.00,100 גרם,false,1,20.90,9.9524,true,1,39517
7290017065861,false,רוטב קאציו אה פפה פי,מחלבות גד,IL,רוטב קאציו אה פפה פיקורינו עם פלפל 200גר,גרמים,200.00,100 גרם,false,1,15.90,7.9500,true,1,41772
7290017065878,false,רוטב מק אנד ציז 200ג,מחלבות גד,IL,רוטב מק אנד ציז 200גר גד,גרמים,200.00,100 גרם,false,1,15.90,7.9500,true,1,41775
7290017081205,false,יין מרלו סיקרא קלו ד,,,יין מרלו סיקרה 2016 קלו דה גת 750מל פקדו,מיליליטרים,750.00,"100 מ""ל",false,1,225.00,30.0000,true,1,38413
7290017081311,false,יין קלו דה גת עמק אי,,,יין קלו דה גת עמק איילון 2014 750 מל,מיליליטרים,750.00,"100 מ""ל",false,1,160.00,21.3333,true,1,23920
7290017081403,false,יין סירה סיקרא קלו ד,,,יין סירה סיקרה קלו דה גת 750מל,מיליליטרים,750.00,"100 מ""ל",false,1,225.00,30.0000,true,1,30093
7290017081458,false,יין הראל סירה 750מל,,,יין הראל סירה 750מל כרמי יוסף,מיליליטרים,750.00,"100 מ""ל",false,1,125.00,16.6667,true,1,41257
7290017081724,false,יין קלו דה גת עמק אי,,,יין קלו דה גת עמק איילון 750 מל,מיליליטרים,750.00,"100 מ""ל",false,1,160.00,21.3333,true,1,39614
7290017081885,false,יין שנסון אדום  750,,,יין שנסון ק.ד.גת לבן 2020 750מל,מיליליטרים,750.00,"100 מ""ל",false,1,100.00,13.3333,true,1,38619
7290017081922,false,יין מרלו הראל 750 מל,,,יין מרלו הראל 750 מל,מיליליטרים,750.00,"100 מ""ל",false,1,125.00,16.6667,true,1,37450
7290017081953,false,יין קברנה סוביניון ה,,,יין קברנה סוביניון הראל 750 מל,מיליליטרים,750.00,"100 מ""ל",false,1,125.00,16.6667,true,1,42423
7290017086057,false,כדורי פלאפל 400 גרם,,IL,כדורי פלאפל 400 גרם פיס אוף בין,גרמים,400.00,100 גרם,false,1,22.90,5.7250,true,1,21707
7290017086071,false,כדורי  תירס 400 גרם,,IL,כדורי  תירס 400 גרם פיס אוף בין,גרמים,400.00,100 גרם,false,1,22.90,5.7250,true,1,21706
7290017086101,false,כדורי אפונה 400 גרם,,IL,כדורי אפונה 400 גרם פיס אוף בין,גרמים,400.00,100 גרם,false,1,22.90,5.7250,true,1,21703
7290017086118,false,כדורי חומוס כרובית 4,,IL,כדורי חומוס כרובית 400 גרם פיס אוף בין,גרמים,400.00,100 גרם,false,1,22.90,5.7250,true,1,38533
7290017086125,false,כדורי בטטה כרובית 40,,IL,כדורי בטטה כרובית 400 גרם פיס אוף בין,גרמים,400.00,100 גרם,false,1,22.90,5.7250,true,1,38532
7290017088068,false,חיתולי בייביסיטר סטנ,,,חיתולי בייביסיטר סטנדרט מידה 4 42יח,יחידה,42.00,יחידה,false,1,34.90,0.8310,true,1,16910
7290017088075,false,חיתולי בייביסיטר סטנ,,,חיתולי בייביסיטר סטנדרט מידה 4+ 40יח,יחידה,40.00,יחידה,false,1,34.90,0.8725,true,1,16911
7290017088099,false,חיתולי בייביסיטר סטנ,,,חיתולי בייביסיטר סטנדרט מידה 6 34יח,יחידה,34.00,יחידה,false,1,34.90,1.0265,true,1,16913
7290017088327,false,רביעיית מגבוני בייבי,,,רביעיית מגבוני בייביסיטר אקסטרא סופט 64י,יחידה,256.00,יחידה,false,1,16.90,0.0660,true,1,25851
7290017088341,false,מגבונים דוחה יתושים,,,מגבונים דוחה יתושים איי קר 20יח,יחידה,20.00,יחידה,false,1,12.90,0.6450,true,1,25855
7290017088396,false,מגבונים מסירי כתמים,,,מגבונים מסירי כתמים קוויק 20יח,יחידה,20.00,יחידה,false,12,12.90,0.6450,true,1,25856
7290017088464,false,תחבושות טופ פד 20יח,,,תחבושות טופ פד 20יח מקסי לונג,מיליליטרים,20.00,"100 מ""ל",false,12,19.90,99.5000,true,1,27857
7290017088495,false,תחבושות טופ פד 20יח,,,תחבושות טופ פד 20יח אקסטרה,מיליליטרים,20.00,"100 מ""ל",false,12,9.90,49.5000,true,1,27858
7290017088501,false,תחבושות טופ פד 20יח,,,תחבושות טופ פד 20יח אקסטרה לונג,מיליליטרים,20.00,"100 מ""ל",false,12,9.90,49.5000,true,1,27859
7290017088693,false,מגבוני קוויק לניקוי,די.פי.אל,,מגבוני קוויק לניקוי רצפות נ.לבנדר 10יח,יחידה,10.00,יחידה,false,12,9.90,0.9900,true,1,27062
7290017088778,false,גל אלכו קר לניקוי יד,,,גל אלכו קר לניקוי ידיים 100מל שפופרת,מיליליטרים,100.00,"100 מ""ל",false,24,9.90,9.9000,true,1,24358
7290017088815,false,תחבושות בריז  נורמל,,,תחבושות בריז  נורמל 12יח,יחידה,12.00,יחידה,false,12,17.90,1.4917,true,1,31576
7290017088822,false,תחבושות בריז  אקסטרה,,,תחבושות בריז  אקסטרה 10יח,יחידה,12.00,יחידה,false,12,17.90,1.4917,true,1,31577
7290017088839,false,תחבושות בריז  אקסטרה,,,תחבושות בריז  אקסטרה פלוס 8יח,יחידה,8.00,יחידה,false,12,17.90,2.2375,true,1,31578
7290017088846,false,תחבושות בריז מקסי 8י,,,תחבושות בריז מקסי 8יח,יחידה,8.00,יחידה,false,8,17.90,2.2375,true,1,31579
7290017088969,false,חיתולי בייביסיטר ניו,,,חיתולי בייביסיטר ניו בורן מידה 1 42יח,יחידה,42.00,יחידה,false,4,25.90,0.6167,true,1,38466
7290017088983,false,חיתולי בייביסיטר ניו,,,חיתולי בייביסיטר ניו בורן מידה 2 38יח,יחידה,42.00,יחידה,false,4,25.90,0.6167,true,1,38467
7290017094199,false,מעדן חצילים 200 גרם,סלטי שמיר,,מעדן חצילים 200 גרם גורמה,גרמים,200.00,100 גרם,false,1,10.90,5.4500,true,1,30697
7290017100395,false,כפפות חד פעמי לאטקס,,,כפפות חד פעמי לאטקס פרפקט 100יח סמול,יחידה,100.00,יחידה,false,10,16.90,0.1690,true,1,44134
7290017100401,false,כפפות חד פעמי לאטקס,,,כפפות חד פעמי לאטקס פרפקט 100יח מדיום,יחידה,100.00,יחידה,false,1,16.90,0.1690,true,1,41289
7290017100418,false,כפפות חד פעמי לאטקס,,,כפפות חד פעמי לאטקס פרפקט 100יח לארג,יחידה,100.00,יחידה,false,10,16.90,0.1690,true,1,44135
7290017100425,false,כפפות חד פעמי לאטקס,,,כפפות חד פעמי לאטקס פרפקט 100יח אקס אל,יחידה,100.00,יחידה,false,1,16.90,0.1690,true,1,38107
7290017104027,false,בורגר פיטריות 300גר,,IL,בורגר פיטריות 300גר אותנטבעי,גרמים,300.00,100 גרם,false,1,29.90,9.9667,true,1,38629
7290017104034,false,לזניה טבעונית 300גר,,IL,לזניה טבעונית 300גר אותנטבעי,גרמים,300.00,100 גרם,false,1,24.90,8.3000,true,1,19586
7290017104065,false,סייטן ברוטב חמוץ מתו,,IL,סייטן ברוטב חמוץ מתוק 350גר אותנטבעי,גרמים,350.00,100 גרם,false,1,29.90,8.5429,true,1,38628
7290017104089,false,פשטידת טופו מקרוני 2,,IL,פשטידת טופו מקרוני 250גר אותנטבעי,גרמים,250.00,100 גרם,false,1,24.90,9.9600,true,1,19587
7290017104102,false,סייטן בנוסח שווארמה,,IL,סייטן בנוסח שווארמה 350גר אותנטבעי,גרמים,350.00,100 גרם,false,1,29.90,8.5429,true,1,38627
7290017104126,false,סייטן בנוסח שניצלוני,,IL,סייטן בנוסח שניצלונים 350גר אותנטבעי,גרמים,350.00,100 גרם,false,1,29.90,8.5429,true,1,19585
7290017105062,false,חומוס שלם הקטניה הטו,זנלכל,,חומוס שלם הקטניה הטובה 200 גר 6 אונס,גרמים,200.00,100 גרם,false,1,4.50,2.2500,true,1,15908
7290017105079,false,שעועית אפויה הקטניה,זנלכל,,שעועית אפויה הקטניה הטובה 200 גר 6 אונס,גרמים,200.00,100 גרם,false,1,4.50,2.2500,true,1,15909
7290017105086,false,שעועית צילי הקטניה ה,זנלכל,,שעועית צילי הקטניה הטובה 200 גר 6 אונס,גרמים,200.00,100 גרם,false,1,4.50,2.2500,true,1,15911
7290017105116,false,תורמוס הקטניה הטובה,זנלכל,,תורמוס הקטניה הטובה 200 גר 6 אונס,גרמים,200.00,100 גרם,false,1,4.50,2.2500,true,1,15912
7290017105123,false,פול מצרי הקטניה הטוב,זנלכל,,פול מצרי הקטניה הטובה 200 גר 6 אונס,גרמים,200.00,100 גרם,false,1,4.50,2.2500,true,1,15913
7290017105369,false,סירופ דיאט תה אפרסק,זנלכל,,סירופ דיאט תה אפרסק יכין 1 לי,ליטרים,1.00,ליטר,false,1,16.90,16.9000,true,1,21033
7290017105468,false,אפונה שלישייה 200 גר,קסקמט,,אפונה שלישייה 200 גרם,גרמים,200.00,100 גרם,false,1,14.90,7.4500,true,1,23010
7290017105895,false,גרגירי חומוס מסעדות,זנלכל,,גרגירי חומוס מסעדות 550 גרם,גרמים,550.00,100 גרם,false,1,8.90,1.6182,true,1,27095
7290017106069,false,קוביות סלק יכין 550,זנלכל,IL,קוביות סלק יכין 550 גרם,גרמים,550.00,100 גרם,false,12,8.90,1.6182,true,1,24388
7290017106380,false,יין קברנה פרנק הר או,יקב הר אודם,IL,יין קברנה פרנק הר אודם 750 מל 2017,מיליליטרים,750.00,"100 מ""ל",false,6,159.00,21.2000,true,1,29294
7290017106458,false,יין שרדונה וולקני 20,,IL,יין שרדונה וולקני 2019 750 מל,מיליליטרים,750.00,"100 מ""ל",false,1,85.00,11.3333,true,1,25116
7290017106465,false,יין ריזלינג וולקני 2,,IL,יין ריזלינג וולקני 2019 750 מל,מיליליטרים,750.00,"100 מ""ל",false,1,85.00,11.3333,true,1,25089
7290017106502,false,יין קברנה סוביניון ה,יקב הר אודם,IL,יין קברנה סוביניון הר אודם 750 מל 2018,מיליליטרים,750.00,"100 מ""ל",false,6,115.00,15.3333,true,1,30972
7290017106564,false,יין יער אודם לבן 202,,IL,יין יער אודם לבן 2020 750 מל,מיליליטרים,750.00,"100 מ""ל",false,1,70.00,9.3333,true,1,29292
7290017106595,false,יין קברנה פרנק הר או,יקב הר אודם,IL,יין קברנה פרנק הר אודם 750 מל 2018,מיליליטרים,750.00,"100 מ""ל",false,6,159.00,21.2000,true,1,39092
7290017106601,false,יין סירה הר אודם 750,יקב הר אודם,IL,יין סירה הר אודם 750 מל 2018,מיליליטרים,750.00,"100 מ""ל",false,6,135.00,18.0000,true,1,31059
7290017106618,false,יין שרדונה וולקני 20,,IL,יין שרדונה וולקני 2020 750 מל,מיליליטרים,750.00,"100 מ""ל",false,1,85.00,11.3333,true,1,30847
7290017106748,false,יין קברנה סוביניון ו,,IL,יין קברנה סוביניון וולקני 750 מל,מיליליטרים,750.00,"100 מ""ל",false,1,85.00,11.3333,true,1,40712
7290017121048,false,פלפל  צומה  250 גרם,מדשא תעשיות מזון בעמ,IL,פלפל  צומה  250 גרם בפיתה,גרמים,250.00,100 גרם,false,12,12.90,5.1600,true,1,20772
7290017121086,false,אריסה ביתית מתוקה 25,מדשא תעשיות מזון בעמ,IL,אריסה ביתית מתוקה 250 גרם עללחם,גרמים,250.00,100 גרם,false,12,12.90,5.1600,true,1,40219
7290017121093,false,אריסה חריפה 250 גרם,מדשא תעשיות מזון בעמ,IL,אריסה חריפה 250 גרם בפיתה,גרמים,250.00,100 גרם,false,12,12.90,5.1600,true,1,20774
7290017129327,false,טוסט פאניני שומשום 1,ניולט פוד,,טוסט פאניני שומשום 100 גרם,גרמים,100.00,100 גרם,false,1,5.90,5.9000,true,1,16113
7290017129495,false,אגו מיקס כדורי תירס,Carmit,,אגו מיקס כדורי תירס שוק.לבן 55 גר,Unknown,0.00,Unknown,false,24,3.90,0.0000,true,1,18523
7290017129501,false,אגו מיקס כדורי תירס,Carmit,,אגו מיקס כדורי תירס שוק.לבן 55 גר,Unknown,0.00,Unknown,false,24,3.90,0.0000,true,1,20130
7290017129532,false,לקקן כרמית תות 90 גר,שוגבי,,לקקן כרמית תות 90 גרם,Unknown,0.00,Unknown,false,1,5.00,0.0000,true,1,18367
7290017129549,false,לקקן כרמית גלידה 90,,,לקקן כרמית גלידה 90 גרם,Unknown,0.00,Unknown,false,1,5.00,0.0000,true,1,18366
7290017129617,false,לקקן כרמית לימונדה 5,שוגבי,,לקקן כרמית לימונדה 50 יח שקית,Unknown,0.00,Unknown,false,1,16.90,0.0000,true,1,18363
7290017129754,false,שוקולד אגו 70% מריר,כרמית תעשיות ממתקים,IL,שוקולד אגו 70% מריר 100 גרם,גרמים,100.00,100 גרם,false,24,7.90,7.9000,true,1,23749
7290017129761,false,שוקולד אגו 70% מריר,כרמית תעשיות ממתקים,IL,שוקולד אגו 70% מריר עם תפוז 100 גרם,גרמים,100.00,100 גרם,false,24,7.90,7.9000,true,1,42590
7290017129778,false,שוקולד אגו 70% מריר,כרמית תעשיות ממתקים,IL,שוקולד אגו 70% מריר פולי קפה 100 גרם,גרמים,100.00,100 גרם,false,24,7.90,7.9000,true,1,42588
7290017129839,false,שוקולד אגו 70% מריר,כרמית תעשיות ממתקים,IL,שוקולד אגו 70% מריר עם פטל 100 גרם,גרמים,100.00,100 גרם,false,24,7.90,7.9000,true,1,42589
7290017129877,false,מיקס לקקנים שטוח 40,שוגבי,,לקקן כרמית ענבים תפוח 50 יח שקית,יחידה,40.00,יחידה,false,1,12.90,0.3225,true,1,18365
7290017129983,false,שוקולד ציפס לבן 250ג,כרמית,,שוקולד ציפס לבן 250גר כרמית,גרמים,250.00,100 גרם,false,1,11.90,4.7600,true,1,19250
7290017139272,false,שטיפה אינטימית פמינה,,,שטיפה אינטימית פמינה שמן המפ 220 מל,מיליליטרים,220.00,"100 מ""ל",false,1,23.90,10.8636,true,1,18575
7290017140032,false,קמח דוחן שי של הטבע,אופק מן הטבע,,קמח דוחן שי של הטבע 500 גר,גרמים,500.00,100 גרם,false,1,12.90,2.5800,true,1,16786
7290017140049,false,קמח סורגום שי של הטב,אופק מן הטבע,,קמח סורגום שי של הטבע 500 גר,גרמים,500.00,100 גרם,false,1,14.90,2.9800,true,1,16788
7290017140063,false,קמח עדשים אדומות שי,אופק מן הטבע,,קמח עדשים אדומות שי של הטבע 500 גר,גרמים,500.00,100 גרם,false,1,15.90,3.1800,true,1,16789
7290017140070,false,קמח אפונה צהובה שי ש,אופק מן הטבע,,קמח אפונה צהובה שי של הטבע 500 גר,גרמים,500.00,100 גרם,false,1,12.90,2.5800,true,1,16785
7290017141008,false,בירה אוק אנד אש אמבר,,BE,בירה אוק אנד אש אמבר 330מל בק.פקדון,מיליליטרים,330.00,"100 מ""ל",false,24,14.90,4.5152,true,1,42478
7290017141022,false,בירה אוק אנד אש בלגי,,BE,בירה אוק אנד אש בלגית 9.5% 330מל בק.פקדו,מיליליטרים,330.00,"100 מ""ל",false,24,14.90,4.5152,true,1,42477
7290017141053,false,בירה אוק אנד אש ניפה,,BE,בירה אוק אנד אש ניפה 330מל בק.פקדון,מיליליטרים,330.00,"100 מ""ל",false,24,14.90,4.5152,true,1,42479
7290017141114,false,בירה אוק אנד אש בלונ,,BE,בירה אוק אנד אש בלונדינית 330מל בק.פקדון,מיליליטרים,330.00,"100 מ""ל",false,24,14.90,4.5152,true,1,44096
7290017141138,false,מארז 4יח משקה סיידר,,,מארז 4יח משקה סיידר אוק אנד אש 330מל,מיליליטרים,1320.00,"100 מ""ל",false,6,46.90,3.5530,true,1,44103
7290017141145,false,מארז 4יח משקה ערק או,,,מארז 4יח משקה ערק אוק אנד אש 330מל,מיליליטרים,1320.00,"100 מ""ל",false,6,49.90,3.7803,true,1,44102
7290017141152,false,גין ליים מלפפון מוגז,,,גין ליים מלפפון מוגז 330מל בק.פקדון,מיליליטרים,330.00,"100 מ""ל",false,24,16.90,5.1212,true,1,44101
7290017141176,false,וודקה עם חמוציות אוק,,,וודקה עם חמוציות אוק אנד אש 330מל,מיליליטרים,330.00,"100 מ""ל",false,24,16.90,5.1212,true,1,44100
7290017142111,false,פתיתי טונה טו גו בשמ,"יוניקורד ח.צ בע""מ",TH,פתיתי טונה טו גו בשמן זית 85 גר,Unknown,0.00,Unknown,false,12,9.90,0.0000,true,1,17811
7290017142128,false,שמן זית קלאסי עץ הזי,שמן תעשיות,,שמן זית קלאסי עץ הזית 750 מל,מיליליטרים,750.00,"100 מ""ל",false,1,32.90,4.3867,true,1,16572
7290017142166,false,פילה טונה בשמן זית ע,"יוניקורד ח.צ בע""מ",TH,פילה טונה פרוס בשמן זית עץ הזית 120 גרם,גרמים,120.00,100 גרם,false,12,14.90,12.4167,true,1,20641
7290017142180,false,פילה טונה בשמן זית ל,"יוניקורד ח.צ בע""מ",TH,פילה טונה בשמן זית לימון פלפל שחו120 גרם,גרמים,120.00,100 גרם,false,12,14.90,12.4167,true,1,20643
7290017142203,false,פילה טונה מעושן בשמן,"יוניקורד ח.צ בע""מ",TH,פילה טונה מעושן בשמן זית120 גרם,גרמים,120.00,100 גרם,false,12,14.90,12.4167,true,1,20642
7290017142234,false,פתיתי טונה טו גו בשמ,"יוניקורד ח.צ בע""מ",TH,פתיתי טונה טו גו בשמן זית מעושן 85 גר,Unknown,0.00,Unknown,false,12,9.90,0.0000,true,1,21264
7290017142289,false,תרסיס שמן חמניות 200,שמן תעשיות,,תרסיס שמן חמניות. 200 מל עץ הזית,מיליליטרים,200.00,"100 מ""ל",false,1,15.90,7.9500,true,1,19838
7290017142388,false,שמן חמניות פלוס אומג,שמן תעשיות,,שמן חמניות פלוס אומגה 3עץ הזית 1ל,ליטרים,1.00,ליטר,false,1,15.90,15.9000,true,1,21266
7290017180144,false,רוטב שום וסילאן דודה,,IL,רוטב שום וסילאן דודה ברטה 350 גר,גרמים,340.00,100 גרם,false,9,16.90,4.9706,true,1,42307
7290017180304,false,רוטב אלף האיים דודה,,IL,רוטב אלף האיים דודה ברטה 275 גרם,גרמים,275.00,100 גרם,false,9,14.90,5.4182,true,1,42309
7290017180311,false,רוטב חרדל סילאן דודה,,IL,רוטב חרדל סילאן דודה ברטה 275 גרם,גרמים,275.00,100 גרם,false,9,14.90,5.4182,true,1,42311
7290017180328,false,רוטב שום שמיר דודה ב,,IL,רוטב שום שמיר דודה ברטה 275 גרם,גרמים,275.00,100 גרם,false,9,14.90,5.4182,true,1,42310
7290017180588,false,ריבת בצל יין אדום וס,,IL,ריבת בצל יין אדום וסויה דודה ברטה 250 גר,גרמים,250.00,100 גרם,false,9,18.90,7.5600,true,1,42312
7290017181363,false,רוטב לשקשוקה דודה בר,,IL,רוטב לשקשוקה דודה ברטה 700 גרם,גרמים,700.00,100 גרם,false,9,22.90,3.2714,true,1,42313
7290017189536,false,עוגיות כוסמין מלא אג,מפעלי דגן,IL,עוגיות כוסמין מלא אגוזי מלך ל.ס. 230 גרם,גרמים,230.00,100 גרם,false,1,16.90,7.3478,true,1,38371
7290017189543,false,עוגיות כוסמין מלא גר,מפעלי דגן,IL,עוגיות כוסמין מלא גרנולה ללא סוכר230 גרם,גרמים,230.00,100 גרם,false,1,16.90,7.3478,true,1,42760
7290017197456,false,מארז 3יח מגבוני נייר,טרופיקל דגיל,IL,מארז 3יח מגבוני נייר טואלט אסותא,יחידה,3.00,יחידה,false,8,11.90,3.9667,true,1,25837
7290017197562,false,מטליות לחות לניקוי ר,טרופיקל דגיל,,מטליות לחות לניקוי רצפות אמה 10יח,יחידה,10.00,יחידה,false,1,8.90,0.8900,true,1,16299
7290017197579,false,מגבונים לניקוי כללי,טרופיקל דגיל,,מגבונים לניקוי כללי אמה 50יח,יחידה,50.00,יחידה,false,1,7.90,0.1580,true,1,16300
7290017197913,false,מגבוני בד לחים אסותא,טרופיקל דגיל,IL,מגבוני בד לחים אסותא מילוי 72יח דיספנסר,יחידה,72.00,יחידה,false,1,5.90,0.0819,true,1,21476
7290017201009,false,שקיות אשפה 25 יחידות,פרסט פלסט,,שקיות אשפה 25 יחידות  75/90 600 גרם,יחידה,25.00,יחידה,false,1,9.90,0.3960,true,1,15050
7290017201016,false,שקיות אשפה 25 יח עבו,פרסט פלסט,,שקיות אשפה 25 יח עבות וחזקות 75/90 900גר,יחידה,25.00,יחידה,false,1,12.90,0.5160,true,1,15051
7290017201412,false,מזלגות עץ חד פעמי מת,,IN,מזלגות עץ חד פעמי מתכלה 50יח,יחידה,50.00,יחידה,false,50,8.90,0.1780,true,1,29800
7290017201443,false,צלחות בצורת לב חד פע,,IN,צלחות בצורת לב חד פעמי מתכלה 16סמ,יחידה,10.00,יחידה,false,24,10.90,1.0900,true,1,29803
7290017201450,false,מגש אירוח מלבני חד פ,,IN,מגש אירוח מלבני חד פעמי מתכלה 25/17,יחידה,10.00,יחידה,false,24,12.90,1.2900,true,1,29802
7290017201467,false,קערה חד פעמי מרובעת,,IN,קערה חד פעמי מרובעת 6אינץ 20יח עלי דקל,יחידה,20.00,יחידה,false,24,10.90,0.5450,true,1,31942
7290017201566,false,קשים מנייר מתכלה 100,,,קשים מנייר מתכלה 100יח,יחידה,100.00,יחידה,false,50,7.90,0.0790,true,1,29929
7290017201603,false,צלחות עלי דקל חד פעמ,,IN,צלחות עלי דקל חד פעמי מרובע 10אינץ 10יח,יחידה,10.00,יחידה,false,24,16.90,1.6900,true,1,26621
7290017201634,false,צלחות עלי דקל חד פעמ,,IN,צלחות עלי דקל חד פעמי מרובעת 7אינץ 10יח,יחידה,10.00,יחידה,false,24,12.90,1.2900,true,1,26618
7290017201641,false,צלחות עלי דקל חד פעמ,,IN,צלחות עלי דקל חד פעמי מרובעת 6אינץ 10יח,יחידה,10.00,יחידה,false,24,12.90,1.2900,true,1,26617
7290017201658,false,קעריות חד פעמי עגולה,,IN,קעריות חד פעמי עגולה 10יח 6אינץ עלי דקל,יחידה,10.00,יחידה,false,24,12.90,1.2900,true,1,26629
7290017201665,false,קעריות חד פעמי עגולה,,IN,קעריות חד פעמי עגולה 10יח 7אינץ עלי דקל,יחידה,10.00,יחידה,false,24,13.90,1.3900,true,1,26630
7290017201672,false,מגשי אירוח חד פעמי מ,,IN,מגשי אירוח חד פעמי מתכלה 10יח עלי דקל,יחידה,10.00,יחידה,false,24,17.90,1.7900,true,1,26631
7290017201689,false,צלחות קנה סוכר חד פע,,IN,צלחות קנה סוכר חד פעמי מרובעת 8אינץ20יח,יחידה,20.00,יחידה,false,24,10.90,0.5450,true,1,37444
7290017201696,false,צלחות קנה סוכר חד פע,,IN,צלחות קנה סוכר חד פעמי מרובע 20יח 6אינץ,יחידה,20.00,יחידה,false,50,5.90,0.2950,true,1,37443
7290017201702,false,צלחות קנה סוכר חד פע,,IN,צלחות קנה סוכר חד פעמי עגול 12אינץ 20יח,יחידה,20.00,יחידה,false,24,18.90,0.9450,true,1,37445
7290017201849,false,צלחת חד פעמי מחולקת,,IN,צלחת חד פעמי מחולקת ל3 9אינץ קנה סוכר,יחידה,20.00,יחידה,false,25,9.90,0.4950,true,1,26636
7290017201856,false,צלחות קנה סוכר חד פע,,IN,צלחות קנה סוכר חד פעמי עגולה 20יח 10אינץ,יחידה,20.00,יחידה,false,25,12.90,0.6450,true,1,26635
7290017201863,false,צלחות עלי דקל חד פעמ,,IN,צלחות עלי דקל חד פעמי מרובעת 4אינץ 10יח,יחידה,10.00,יחידה,false,24,7.90,0.7900,true,1,26616
7290017201870,false,צלחת חד פעמי מחולקת,,IN,צלחת חד פעמי מחולקת ל3 20אינץ קנה סוכר,יחידה,20.00,יחידה,false,25,12.90,0.6450,true,1,26637
7290017201894,false,צלחת חד פעמי מחולקת,,IN,צלחת חד פעמי מחולקת ל4 11אינץ קנה סוכר,יחידה,20.00,יחידה,false,25,15.90,0.7950,true,1,26638
7290017201917,false,מגש אירוח אובלי חד פ,,IN,מגש אירוח אובלי חד פעמי 12אינץ קנה סוכר,יחידה,20.00,יחידה,false,25,18.90,0.9450,true,1,26639
7290017201931,false,צלחת חד פעמי מחולקת,,IN,צלחת חד פעמי מחולקת ל4 12אינץ עלי דקל,יחידה,10.00,יחידה,false,24,17.90,1.7900,true,1,26628
7290017201948,false,צלחות עלי דקל חד פעמ,,IN,צלחות עלי דקל חד פעמי עגול  12אינץ 10יח,יחידה,10.00,יחידה,false,24,17.90,1.7900,true,1,26627
7290017201955,false,צלחות עלי דקל חד פעמ,,IN,צלחות עלי דקל חד פעמי עגול  10אינץ 10יח,יחידה,10.00,יחידה,false,24,15.90,1.5900,true,1,26626
7290017201962,false,צלחות עלי דקל חד פעמ,,IN,צלחות עלי דקל חד פעמי עגולות 9אינץ 10יח,יחידה,10.00,יחידה,false,24,14.90,1.4900,true,1,26625
7290017201986,false,צלחות עלי דקל חד פעמ,,IN,צלחות עלי דקל חד פעמי עגולות 7אינץ 10יח,יחידה,10.00,יחידה,false,24,12.90,1.2900,true,1,26623
7290017201993,false,צלחות עלי דקל חד פעמ,,IN,צלחות עלי דקל חד פעמי עגולות 6אינץ 10יח,יחידה,10.00,יחידה,false,24,10.90,1.0900,true,1,26622
7290017217307,false,נרות  ריחניים 50 יח,הוסטס,CN,נרות  ריחניים 50 יח בריח ורדים,יחידה,50.00,יחידה,false,20,10.90,0.2180,true,1,19385
7290017217321,false,נרות  ריחניים 50 יח,הוסטס,CN,נרות  ריחניים 50 יח בריח לוונדר,יחידה,50.00,יחידה,false,20,10.90,0.2180,true,1,19386
7290017217338,false,נרות  ריחניים 50 יח,הוסטס,CN,נרות  ריחניים 50 יח בריח וניל,יחידה,50.00,יחידה,false,20,10.90,0.2180,true,1,19384
7290017217413,false,מארז 3 יח סבון אסלה,הוסטס,CN,מארז 3 יח סבון אסלה מבושם בניחוח אוקינוס,יחידה,3.00,יחידה,false,1,10.90,3.6333,true,1,18547
7290017217420,false,מארז 3 יח סבון אסלה,הוסטס,CN,מארז 3 יח סבון אסלה מבושם בניחוח לימון,יחידה,3.00,יחידה,false,1,10.90,3.6333,true,1,18548
7290017217437,false,מארז 3 יח סבון אסלה,הוסטס,CN,מארז 3 יח סבון אסלה מבושם בניחוח פרחים,יחידה,3.00,יחידה,false,1,10.90,3.6333,true,1,18549
7290017217444,false,מארז 3 יח סבון אסלה,הוסטס,CN,מארז 3 יח סבון אסלה מבושם בניחוח לבנדר,יחידה,3.00,יחידה,false,1,10.90,3.6333,true,1,18550
7290017217468,false,שקיות אוכל מנייר 50,,PL,שקיות אוכל מנייר 50 יחידות,יחידה,50.00,יחידה,false,12,6.90,0.1380,true,1,20335
7290017217598,false,גלילי עץ להדלקת פחם,הוסטס,DE,גלילי עץ להדלקת פחם 300גר איזיטאצ אקולוג,גרמים,300.00,100 גרם,false,1,15.90,5.3000,true,1,22028
7290017217611,false,נייר אפיה נשלף 50 יח,הוסטס,IL,נייר אפיה נשלף 50 יח בקופסא הוסטס,יחידה,50.00,יחידה,false,12,10.90,0.2180,true,1,22397
7290017217710,false,שיפודי במבוק 100 יח,,,שיפודי במבוק 100 יח 15סמ יקיטורי,יחידה,100.00,יחידה,false,1,9.90,0.0990,true,1,22398
7290017217727,false,שיפודי במבוק 100 יח,,,שיפודי במבוק 100 יח 18סמ יקיטורי,יחידה,100.00,יחידה,false,1,10.90,0.1090,true,1,22399
7290017217796,false,אטבי כביסה  מקושטים,הוסטס,CN,אטבי כביסה  מקושטים 24 יח הוסטס,יחידה,24.00,יחידה,false,1,12.90,0.5375,true,1,22029
7290017217932,false,נורת לד 15 ווט הברגה,,CN,נורת לד 15 ווט הברגה אי 27 אור לבן,Unknown,0.00,Unknown,false,10,9.90,0.0000,true,1,23253
7290017232218,false,לחם איטסיין קלאסי 43,,,לחם איטסיין קלאסי 430גר,גרמים,430.00,100 גרם,false,9,22.90,5.3256,true,1,42497
7290017232225,false,לחם איטסיין גלילי 45,,,לחם איטסיין גלילי 450גר,גרמים,450.00,100 גרם,false,9,22.90,5.0889,true,1,42496
7290017232232,false,מארז 6יח לחמניות איט,,,מארז 6יח לחמניות איטסיין אצבע 65גר,גרמים,390.00,100 גרם,false,6,22.90,5.8718,true,1,42498
7290017266053,false,וופל עלמה קראנץ לימו,גילרו,,וופל עלמה קראנץ לימון ל.ס. 175 גרם,גרמים,175.00,100 גרם,false,1,7.50,4.2857,true,1,16516
7290017266060,false,וופל עלמה קראנץ שוקו,גילרו,,וופל עלמה קראנץ שוקולד ל.ס. 175 גרם,גרמים,175.00,100 גרם,false,1,7.50,4.2857,true,1,16515
7290017266312,false,וופל עלמה אוורירי קר,גילרו,,וופל עלמה אוורירי קרם שוקולד 150 גרם,גרמים,150.00,100 גרם,false,1,2.90,1.9333,true,1,19630
7290017266343,false,וופל עלמה קראנץ קרם,גילרו,,וופל עלמה קרם שוקולד 150 גרם,גרמים,150.00,100 גרם,false,1,2.90,1.9333,true,1,21480
7290017266398,false,גלילי ופל עלמה למילו,גילרו,,גלילי ופל עלמה למילוי 150 גרם,גרמים,150.00,100 גרם,false,1,19.90,13.2667,true,1,22407
7290017266503,false,גלילי וופל רול עלמה,גילרו,,גלילי וופל רול עלמה ל.ס 100 גר,גרמים,100.00,100 גרם,false,1,7.90,7.9000,true,1,22406
7290017266862,false,וופל עלמה מיקס 3 טעמ,גילרו,,וופל עלמה מיקס 3 טעמים 200 גר,גרמים,200.00,100 גרם,false,1,3.50,1.7500,true,1,39625
7290017266909,false,וופל סאן קרם שוקולד,גילרו,IL,וופל סאן קרם שוקולד 200 גרם,גרמים,200.00,100 גרם,false,1,4.90,2.4500,true,1,43620
7290017266916,false,וופל סאן קרם לימון 2,גילרו,IL,וופל סאן קרם לימון 200 גרם,גרמים,200.00,100 גרם,false,1,4.90,2.4500,true,1,43621
7290017285887,false,קרם פנים אולטרסול ספ,פישר תעשיות,,קרם פנים אולטרסול ספורט 30מל,Unknown,0.00,Unknown,false,16,29.90,0.0000,true,1,30665
7290017285894,false,קרם הגנה אולטרסול קי,פישר תעשיות,,קרם הגנה אולטרסול קידס לפנים 30מל,Unknown,0.00,Unknown,false,1,31.90,0.0000,true,1,19962
7290017289007,false,יין קברנה סובניון אס,יקב טפרברג 1870,,יין קברנה סובניון אסנס 2016 750 מל,מיליליטרים,750.00,"100 מ""ל",false,1,115.00,15.3333,true,1,20216
7290017289403,false,יין אסנס מלבק 2017 7,טפרברג,,יין מלבק סנס 750 מל,מיליליטרים,750.00,"100 מ""ל",false,1,115.00,15.3333,true,1,28884
7290017289410,false,יין מרלו אסנס 2017 7,יקב טפרברג 1870,,יין מרלו אסנס 2017 750 מל,מיליליטרים,750.00,"100 מ""ל",false,1,115.00,15.3333,true,1,31551
7290017289427,false,יין קברנה סובניון אס,יקב טפרברג 1870,,יין קברנה סובניון אסנס 2017 750 מל,מיליליטרים,750.00,"100 מ""ל",false,1,115.00,15.3333,true,1,38602
7290017289601,false,יין בלנד לבן 150 שנה,יקב טפרברג 1870,IL,יין בלנד לבן 150 שנה אימפרשיין 750 מל,מיליליטרים,750.00,"100 מ""ל",false,6,45.00,6.0000,true,1,24993
7290017289618,false,יין פטיט סירה 150 שנ,יקב טפרברג 1870,IL,יין פטיט סירה 150 שנה אימפרשיין 750 מל,מיליליטרים,750.00,"100 מ""ל",false,6,45.00,6.0000,true,1,24992
7290017289724,false,יין אסנס מלבק 750 מל,טפרברג,,יין אסנס מלבק 750 מל,מיליליטרים,750.00,"100 מ""ל",false,1,115.00,15.3333,true,1,41598
7290017289786,false,יין מריטאז אינספייר,יקב טפרברג 1870,,יין מריטאז אינספייר  750 מל,מיליליטרים,750.00,"100 מ""ל",false,1,60.00,8.0000,true,1,30032
7290017297163,false,ציפס עם קליפה 800 גר,פרי גליל,,ציפס עם קליפה 800 גרם,גרמים,800.00,100 גרם,false,1,10.90,1.3625,true,1,28512
7290017297170,false,לקט אסייתי להקפצה 80,פרי גליל,IL,לקט אסייתי להקפצה 800 גרם פרי הגליל,גרמים,800.00,100 גרם,false,18,16.90,2.1125,true,1,28514
7290017297187,false,לקט ירקות להקפצה 800,פרי גליל,IL,לקט ירקות להקפצה 800 גרם פרי הגליל,גרמים,800.00,100 גרם,false,18,16.90,2.1125,true,1,28513
7290017297194,false,לקט ירקות לתנור 800,פרי גליל,IL,לקט ירקות לתנור 800 גרם פרי הגליל,גרמים,800.00,100 גרם,false,18,16.90,2.1125,true,1,28515
7290017297200,false,לקט ירקות לצד העוף 8,פרי גליל,IL,לקט ירקות לצד העוף 800 גרם פרי הגליל,גרמים,800.00,100 גרם,false,20,16.90,2.1125,true,1,28516
7290017297217,false,עדשים ירוקות מושרות,פרי גליל,,עדשים ירוקות מושרות מבושלות קפואות 800גר,גרמים,800.00,100 גרם,false,1,14.90,1.8625,true,1,29353
7290017297224,false,שעועית אדומה קפואה פ,פרי גליל,,שעועית אדומה קפואה פרי גליל 800 גרם,גרמים,800.00,100 גרם,false,1,12.90,1.6125,true,1,29352
7290017297644,false,ברוקולי קפוא 800 גר,פרי גליל,,ברוקולי קפוא 800 גר גרין אנד פרש,גרמים,800.00,100 גרם,false,12,13.90,1.7375,true,1,37441
7290017297682,false,כרובית קפואה 800 גר,פרי גליל,,כרובית קפואה 800 גר גרין פלאש פרי גליל,גרמים,800.00,100 גרם,false,1,13.90,1.7375,true,1,39738
7290017325316,false,מיקס אפונה עדשים אור,,IL,מיקס אפונה עדשים אורז מלא אורגני 250גר,גרמים,250.00,100 גרם,false,8,13.90,5.5600,true,1,24649
7290017325323,false,מיקס כוסמת אורז מלא,,IL,מיקס כוסמת אורז מלא אדום אורגני 250גר הר,גרמים,250.00,100 גרם,false,8,13.90,5.5600,true,1,24648
7290017325330,false,מיקס דגנים ועדשים או,,IL,מיקס דגנים ועדשים אורגני 250גר הרדוף,גרמים,250.00,100 גרם,false,8,13.90,5.5600,true,1,24647
7290017325347,false,מקלות בייגלה מקמח כו,הקדוף,IL,מקלות בייגלה מקמח כוסמין אורגני 200 גר,גרמים,200.00,100 גרם,false,12,15.90,7.9500,true,1,18834
7290017325361,false,מיקס בורגול קינואה,,IL,מיקס בורגול קינואה  אורגני 250גר הרדוף,גרמים,250.00,100 גרם,false,8,13.90,5.5600,true,1,24645
7290017325378,false,מיקס בורגול דוחן אור,,IL,מיקס בורגול דוחן אורז אדום 250גר הרדוף,גרמים,250.00,100 גרם,false,8,13.90,5.5600,true,1,24646
7290017325385,false,חמאה אורגנית 200 גרם,,,חמאה אורגנית 200 גרם אדמה,גרמים,200.00,100 גרם,false,24,15.90,7.9500,true,1,30432
7290017325477,false,רסק עגבניות אורגני 1,,,רסק עגבניות אורגני 100 גר הרדוף,גרמים,100.00,100 גרם,false,90,3.90,3.9000,true,1,28727
7290017325538,false,תערובת פירות מנגו תפ,,IL,תערובת פירות מנגו תפוח בננה אורגני 250ג,גרמים,250.00,100 גרם,false,14,20.90,8.3600,true,1,29575
7290017325552,false,תות שדה קפוא אורגני,,IL,תות שדה קפוא אורגני 300גר הרדוף,גרמים,250.00,100 גרם,false,14,20.90,8.3600,true,1,29576
7290017325583,false,קוסקוס כוסמין  מלא א,,,קוסקוס כוסמין  מלא אורגני 350 גר הרדוף,גרמים,350.00,100 גרם,false,1,14.90,4.2571,true,1,22962
7290017325606,false,משקה אורז אורגני 1 ל,,,משקה אורז אורגני 1 לי הרדוף,ליטרים,1.00,ליטר,false,1,12.90,12.9000,true,1,25267
7290017325613,false,משקה שבולת שועל אורג,,,משקה שבולת שועל אורגני 1 לי הרדוף,ליטרים,1.00,ליטר,false,1,12.90,12.9000,true,1,25266
7290017325620,false,משקה אורז שקד אורגני,,,משקה אורז שקד אורגני ללס/גלוטן  לי הרדוף,ליטרים,1.00,ליטר,false,1,12.90,12.9000,true,1,25265
7290017325644,false,אורז שחור אורגני 500,,,אורז שחור אורגני 500 גר הרדוף,גרמים,500.00,100 גרם,false,12,24.90,4.9800,true,1,26937
7290017325651,false,אורז מעורב אורגני 50,,,אורז מעורב אורגני 500 גר,גרמים,500.00,100 גרם,false,12,21.90,4.3800,true,1,26936
7290017325668,false,עדשים מנומרות צרפתיו,,IL,עדשים מנומרות צרפתיות אורגני הרדוף 500גר,גרמים,500.00,100 גרם,false,6,14.90,2.9800,true,1,27391
7290017325811,false,שעועית בובס אורגני ה,,,שעועית בובס אורגני הרדוף 400 גר,גרמים,400.00,100 גרם,false,12,10.90,2.7250,true,1,35952
7290017325910,false,קורנפלקס אורגני 375ג,,,קורנפלקס אורגני 375גרם ל.תוספת סוכר הרדו,גרמים,375.00,100 גרם,false,1,18.90,5.0400,true,1,43549
7290017325927,false,ברנפלקס אורגני 375גר,,,ברנפלקס אורגני 375גרם ל.תוספת סוכר הרדוף,גרמים,375.00,100 גרם,false,1,18.90,5.0400,true,1,43550
7290017325941,false,טחינה אורגנית 450 גר,,,טחינה אורגנית 450 גר הרדוף,גרמים,450.00,100 גרם,false,1,17.90,3.9778,true,1,44553
7290017325958,false,קמח שלושה דגנים מלא,,,קמח שלושה דגנים מלא אורגני 1 קג הרדוף,קילוגרמים,1.00,"ק""ג",false,12,19.90,19.9000,true,1,42114
7290017374390,false,סט שירותים טורינו,,IT,סט שירותים טורינו,יחידה,1.00,יחידה,false,12,19.90,19.9000,true,1,23604
7290017374956,false,מבשם למתקן מיקס בתי,OZTURK,TR,מבשם למתקן מיקס בתי מלון,יחידה,1.00,יחידה,false,12,9.90,9.9000,true,1,18931
7290017374963,false,מבשם אויר למתקן מיקס,OZTURK,TR,מבשם אויר למתקן מיקס סקסי,יחידה,1.00,יחידה,false,12,9.90,9.9000,true,1,18990
7290017374970,false,מבשם למתקן מיקס אברק,OZTURK,TR,מבשם למתקן מיקס אברקומבי,יחידה,1.00,יחידה,false,12,9.90,9.9000,true,1,18932
7290017386041,false,חמאת בוטנים כרם קלאס,,IN,חמאת בוטנים כרם קלאסית 510 גרם,גרמים,510.00,100 גרם,false,12,12.90,2.5294,true,1,26251
7290017386058,false,עגבניות אורגניות מרו,terre di sangiorgio,IT,עגבניות אורגניות מרוסקות כרם 700 גרם,גרמים,700.00,100 גרם,false,12,10.00,1.4286,true,1,18595
7290017386119,false,קמח כוסמין 100%מלא כ,עץ השדה,,"קמח כוסמין 100%מלא כרם 1 ק""ג",קילוגרמים,1.00,"ק""ג",false,1,11.90,11.9000,true,1,18147
7290017386126,false,קמח כוסמין70%מלא כרם,עץ השדה,,"קמח כוסמין70%מלא כרם 1 ק""ג",קילוגרמים,1.00,"ק""ג",false,1,11.90,11.9000,true,1,18148
7290017386133,false,קמח חיטה 100% מלא כר,עץ השדה,,קמח חיטה 100% מלא כרם 1 קג,קילוגרמים,1.00,"ק""ג",false,1,10.90,10.9000,true,1,18150
7290017386140,false,קמח חיטה 70% מלא כרם,עץ השדה,,קמח חיטה 70% מלא כרם 1 קג,קילוגרמים,1.00,"ק""ג",false,1,10.90,10.9000,true,1,18151
7290017386157,false,קמח כוסמין לבן כרם 1,עץ השדה,,"קמח כוסמין לבן כרם 1 ק""ג",קילוגרמים,1.00,"ק""ג",false,1,11.90,11.9000,true,1,18149
7290017386164,false,קמח כוסמין מלא אורגנ,עץ השדה,,"קמח כוסמין מלא אורגני כרם 1 ק""ג",קילוגרמים,1.00,"ק""ג",false,1,16.90,16.9000,true,1,18152
7290017386171,false,קמח כוסמין 70%מלא או,עץ השדה,,"קמח כוסמין 70%מלא אורגני כרם 1 ק""ג",קילוגרמים,1.00,"ק""ג",false,1,16.90,16.9000,true,1,18153
7290017386188,false,שבולת שועל דקה כרם ל,כרם תעשיות,IL,שבולת שועל דקה כרם ללא גלוטן 450 גרם,גרמים,450.00,100 גרם,false,18,15.90,3.5333,true,1,20646
7290017386225,false,קינואה אדומה מלאה או,כרם תעשיות,IL,קינואה אדומה מלאה אורגנית כרם 500 גרם,גרמים,500.00,100 גרם,false,,19.90,3.9800,true,1,33179
7290017386263,false,סירופ מייפל 100% טהו,,DK,סירופ מייפל 100% טהור כרם 250 מל,מיליליטרים,250.00,"100 מ""ל",false,12,26.90,10.7600,true,1,26250
7290017386270,false,אבקת קקאו אורגני 200,,,אבקת קקאו אורגני 200 גר,גרמים,200.00,100 גרם,false,1,19.90,9.9500,true,1,19483
7290017386287,false,פולי קקאו נא שלמים א,,,פולי קקאו נא שלמים אורגנים כרם 200 גרם,גרמים,200.00,100 גרם,false,1,19.90,9.9500,true,1,19484
7290017386294,false,פולי קקאו נא ניבס או,,,פולי קקאו נא ניבס אורגנים כרם 200 גרם,גרמים,200.00,100 גרם,false,1,19.90,9.9500,true,1,19485
7290017386317,false,אבקת מאקה אורגנית כר,,,אבקת מאקה אורגנית כרם 200 גרם,גרמים,200.00,100 גרם,false,1,29.90,14.9500,true,1,19487
7290017386348,false,שקד מולבן טחון כרם 2,,,שקד מולבן טחון כרם 250 גרם,גרמים,250.00,100 גרם,false,1,16.90,6.7600,true,1,19488
7290017386362,false,קוקוס פליפיני טחון כ,כרם תעשיות,IL,קוקוס פליפיני טחון כרם 200 גרם,גרמים,200.00,100 גרם,false,12,10.90,5.4500,true,1,22295
7290017386379,false,מלח ים אטלנטי טבעי ג,,,מלח ים אטלנטי טבעי גס 1 קג,קילוגרמים,1.00,"ק""ג",false,1,14.90,14.9000,true,1,19486
7290017386386,false,חומץ תפוחים 5% אורגנ,ACETIFICIO ANBREA,IT,חומץ תפוחים 5% אורגני כרם 1 ל,ליטרים,1.00,ליטר,false,12,21.90,21.9000,true,1,20078
7290017386430,false,תרסיס שמן אגוזי קוקו,קומפניה אלימנטרה איט,IT,תרסיס שמן אגוזי קוקוס טהור כרם 200 מל,מיליליטרים,200.00,"100 מ""ל",false,6,19.90,9.9500,true,1,20990
7290017386447,false,תרסיס שמן אבוקדו  טה,קומפניה אלימנטרה איט,IT,תרסיס שמן אבוקדו  טהור כרם 200 מל,מיליליטרים,147.00,"100 מ""ל",false,6,19.90,13.5374,true,1,20991
7290017386454,false,תרסיס שמן זרעי ענבים,קומפניה אלימנטרה איט,IT,תרסיס שמן זרעי ענבים  טהור כרם 200 מל,מיליליטרים,147.00,"100 מ""ל",false,6,19.90,13.5374,true,1,20992
7290017386461,false,תרסיס שמן זית טהור כ,קומפניה אלימנטרה איט,IT,תרסיס שמן זית טהור כרם 200 מל,מיליליטרים,200.00,"100 מ""ל",false,6,19.90,9.9500,true,1,20993
7290017386478,false,שמן זרעי ענבים מזוכך,,IT,שמן זרעי ענבים מזוכך כרם 1 ל,ליטרים,1.00,ליטר,false,12,34.90,34.9000,true,1,31597
7290017386492,false,מלח הימאליה גס כרם 1,,,מלח הימאליה גס כרם 1 קג,קילוגרמים,1.00,"ק""ג",false,1,13.90,13.9000,true,1,20199
7290017386690,false,משקה שעורה נמס כרם 1,אמ.סי.ב-אי.אר.אי,EG,משקה שעורה נמס כרם 100 גרם,גרמים,100.00,100 גרם,false,12,13.90,13.9000,true,1,18593
7290017386751,false,תמר בונבון עסיסי כרם,כרם תעשיות,IL,תמר בונבון עסיסי כרם 500 גרם,גרמים,500.00,100 גרם,false,1,29.90,5.9800,true,1,27251
7290017386867,false,סירופ חרוב טבעי כרם,אנטליה יניגון תעשיות,TR,סירופ חרוב טבעי כרם 400 מל,מיליליטרים,400.00,"100 מ""ל",false,6,16.90,4.2250,true,1,20649
7290017386942,false,קרם קוקוס אורגני 20-,,,קרם קוקוס אורגני 20-22% שומן 400 מל,מיליליטרים,400.00,"100 מ""ל",false,12,10.00,2.5000,true,1,23743
7290017386959,false,נוזל חלב קוקוס אורגנ,,,נוזל חלב קוקוס אורגני 17-19% 400 מל,מיליליטרים,400.00,"100 מ""ל",false,12,10.00,2.5000,true,1,23744
7290017386973,false,תמר מגהול סופר גמבו,כרם תעשיות,IL,תמר מגהול סופר גמבו כרם 1 קג,קילוגרמים,1.00,"ק""ג",false,1,44.90,44.9000,true,1,22296
7290017386997,false,מי קוקוס אורגניים 1,,,מי קוקוס אורגניים 1 לי,ליטרים,1.00,ליטר,false,12,14.90,14.9000,true,1,23745
7290017389004,false,משמש אוזבקי 200 גרם,"דין שיווק וקלייה בע""",,משמש אוזבקי 200 גרם בקופסא,גרמים,200.00,100 גרם,false,1,12.90,6.4500,true,1,16177
7290017389011,false,מנגו מיובש ללא סוכר,"דין שיווק וקלייה בע""",,מנגו מיובש ללא סוכר 160 גרם קופסא,גרמים,160.00,100 גרם,false,1,16.90,10.5625,true,1,16178
7290017389028,false,אננס מיובש ללא סוכר1,"דין שיווק וקלייה בע""",,אננס מיובש ללא סוכר160 גרם בקופסא,גרמים,160.00,100 גרם,false,1,16.90,10.5625,true,1,16182
7290017440231,false,שמפו סרקל מתולתל 1 ל,פישר תעשיות,,שמפו סרקל מתולתל 1 ליטר,ליטרים,1.00,ליטר,false,1,28.90,28.9000,true,1,18654
7290017440248,false,מרכך סרקל מתולתל 1 ל,פישר תעשיות,,מרכך סרקל מתולתל 1 ליטר,ליטרים,1.00,ליטר,false,1,28.90,28.9000,true,1,18653
7290017440279,false,אל סבון קידס קמיל בל,פישר תעשיות,IL,אל סבון קידס קמיל בלו 750מל,מיליליטרים,750.00,"100 מ""ל",false,12,16.90,2.2533,true,1,21363
7290017440286,false,מרכך קידס  קמיל בלו,פישר תעשיות,IL,מרכך קידס  קמיל בלו 750מל,מיליליטרים,750.00,"100 מ""ל",false,12,16.90,2.2533,true,1,21360
7290017440309,false,שמפו קידס  קמיל בלו,פישר תעשיות,IL,שמפו קידס  קמיל בלו 750מל,מיליליטרים,750.00,"100 מ""ל",false,12,16.90,2.2533,true,1,21359
7290017440323,false,שמפו+מרכך קידס קמיל,פישר תעשיות,IL,שמפו+מרכך קידס קמיל בלו 750מל,מיליליטרים,750.00,"100 מ""ל",false,12,16.90,2.2533,true,1,21361
7290017440682,false,שמפו בלונד400מל קמיל,,,שמפו בלונד400מל קמיל בלו,מיליליטרים,400.00,"100 מ""ל",false,10,29.90,7.4750,true,1,23228
7290017440699,false,מרכך בלונד 400מל קמי,,,מרכך בלונד 400מל קמיל בלו,מיליליטרים,400.00,"100 מ""ל",false,10,29.90,7.4750,true,1,23229
7290017440729,false,שמן שיזוף אולטרסול ק,פישר תעשיות,,שמן שיזוף אולטרסול קוקוס 200מל,מיליליטרים,200.00,"100 מ""ל",false,1,54.90,27.4500,true,1,20082
7290017440736,false,תחליב הגנה אולטרסול,פישר תעשיות,,תחליב הגנה אולטרסול קידס שקוף 300מל 50+,מיליליטרים,300.00,"100 מ""ל",false,1,64.90,21.6333,true,1,30659
7290017440798,false,מרכך לשיער כסוף סילב,,,מרכך לשיער כסוף סילבר 400 מל,מיליליטרים,400.00,"100 מ""ל",false,10,29.90,7.4750,true,1,20424
7290017440804,false,מסכת הזנה לשיער כסוף,,,מסכת הזנה לשיער כסוף סילבר 300 מל,מיליליטרים,300.00,"100 מ""ל",false,12,39.90,13.3000,true,1,20423
7290017457574,false,מארז 3יח סבון אסלה,,,מארז 3יח סבון אסלה  כדוריות סוד פרחים,יחידה,3.00,יחידה,false,1,14.90,4.9667,true,1,20458
7290017457581,false,מרכך כביסה סוד מרוכז,הנקל,IL,מרכך כביסה סוד מרוכז קוקוס 900מל פורמולה,מיליליטרים,900.00,"100 מ""ל",false,12,11.90,1.3222,true,1,22019
7290017457598,false,מרכך כביסה סוד מרוכז,הנקל,IL,מרכך כביסה סוד מרוכז קיץ 900מל פורמולה,מיליליטרים,900.00,"100 מ""ל",false,12,11.90,1.3222,true,1,22020
7290017457611,false,גל כביסה סוד 2.5ליטר,הנקל,IL,גל כביסה סוד 2.5ליטר ורוד,ליטרים,2.50,ליטר,false,6,19.90,7.9600,true,1,24787
7290017457727,false,מרכך כביסה סוד מרוכז,הנקל,IL,מרכך כביסה סוד מרוכז כחול 900מל פורמולה,מיליליטרים,900.00,"100 מ""ל",false,12,11.90,1.3222,true,1,20670
7290017457734,false,מרכך כביסה סוד מרוכז,הנקל,IL,מרכך כביסה סוד מרוכז ורוד 900מל פורמולה,מיליליטרים,900.00,"100 מ""ל",false,12,11.90,1.3222,true,1,20671
7290017457741,false,מרכך כביסה סוד מרוכז,הנקל,IL,מרכך כביסה סוד מרוכז סגול 900מל פורמולה,מיליליטרים,900.00,"100 מ""ל",false,12,11.90,1.3222,true,1,20672
7290017457925,false,מרכך כביסה סוד מרוכז,הנקל,IL,מרכך כביסה סוד מרוכז 900מל פרחוני פרש,מיליליטרים,900.00,"100 מ""ל",false,12,11.90,1.3222,true,1,28345
7290017457932,false,מרכך כביסה סוד מרוכז,הנקל,IL,מרכך כביסה סוד מרוכז 900מל פרש קונטרול,מיליליטרים,900.00,"100 מ""ל",false,12,11.90,1.3222,true,1,28344
7290017457949,false,א.כביסה פרסיל 2.5 קג,,,א.כביסה פרסיל 2.5 קג תינוקות ועור רגיש,קילוגרמים,2.50,"ק""ג",false,1,19.90,7.9600,true,1,26811
7290017460017,false,פירורי לחם תיבול גרי,נווה התבלין,IL,פירורי לחם תיבול גריל 400 גרם,גרמים,400.00,100 גרם,false,24,11.90,2.9750,true,1,18488
7290017460031,false,פירורי לחם שום ועשבי,נווה התבלין,IL,פירורי לחם שום ועשבי תיבול 400 גרם,גרמים,400.00,100 גרם,false,24,11.90,2.9750,true,1,18483
7290017460062,false,פירורי לחם קייגון400,נווה התבלין,IL,פירורי לחם קייגון400 גרם,גרמים,400.00,100 גרם,false,24,11.90,2.9750,true,1,18485
7290017460079,false,פירורי לחם ים תיכוני,נווה התבלין,IL,פירורי לחם ים תיכוני 400 גרם,גרמים,400.00,100 גרם,false,24,11.90,2.9750,true,1,18484
7290017460086,false,פירורי לחם זהב 400 ג,נווה התבלין,IL,פירורי לחם זהב 400 גרם,גרמים,400.00,100 גרם,false,24,10.00,2.5000,true,1,18482
7290017460093,false,פירורי לחם שומשום וק,נווה התבלין,IL,פירורי לחם שומשום וקצח 400 גרם,גרמים,400.00,100 גרם,false,24,11.90,2.9750,true,1,18486
7290017477169,false,אגוז קשיו קלוי 250 ג,"דין שיווק וקלייה בע""",,אגוז קשיו קלוי 250 ג מחיר מוטבע,גרמים,250.00,100 גרם,false,1,20.00,8.0000,true,1,17334
7290017477244,false,שקד טחון שקדיה 180 ג,,,שקד טחון שקדיה 180 גרם בקופסא,גרמים,180.00,100 גרם,false,1,19.90,11.0556,true,1,17864
7290017477251,false,שקד פרוס שקדיה 180 ג,,,שקד פרוס שקדיה 180 גרם בקופסא,גרמים,180.00,100 גרם,false,1,19.90,11.0556,true,1,17866
7290017477275,false,גרעיני חמניה קלופים,,,גרעיני חמניה קלופים קלויים שקדיה 200 גרם,גרמים,200.00,100 גרם,false,1,9.90,4.9500,true,1,17870
7290017477282,false,גרעיני שלעת קלופים ק,,,גרעיני שלעת קלופים קלויים שקדיה 200 גרם,גרמים,200.00,100 גרם,false,1,9.90,4.9500,true,1,17871
7290017477299,false,תערובת געלה שקדיה 20,,,תערובת געלה שקדיה 200 גרם,גרמים,200.00,100 גרם,false,1,9.90,4.9500,true,1,17872
7290017477350,false,תערובת לסלט ירוק שקד,,,תערובת לסלט ירוק שקדיה 200 גרם,גרמים,200.00,100 גרם,false,1,9.90,4.9500,true,1,17873
7290017477596,false,תמר מגהול ענק 400 גר,"שקדיה גבע תעשיות בע""",IL,תמר מגהול אקסטרא ענק 400 גרם שקדיה,גרמים,400.00,100 גרם,false,12,19.90,4.9750,true,1,28777
7290017504018,false,זוג פטריות שמפניון א,,,זוג פטריות שמפניון ארוז,Unknown,0.00,Unknown,false,1,16.90,0.0000,true,1,16495
7290017504032,false,זוג פטריות שמפניון ו,,,זוג פטריות שמפניון ופורטובלו ארוז,Unknown,0.00,Unknown,false,1,16.90,0.0000,true,1,17598
7290017506012,false,שוקולד 85%  60 גר RA,,,שוקולד 85%  60 גר RAW,יחידה,1.00,יחידה,false,10,20.90,20.9000,true,1,27617
7290017510552,false,נוזל כלים אסותא 750מ,טרופיקל דגיל,IL,נוזל כלים אסותא 750מל לימון,מיליליטרים,750.00,"100 מ""ל",false,1,7.90,1.0533,true,1,20814
7290017510569,false,נוזל כלים אסותא 750מ,טרופיקל דגיל,IL,נוזל כלים אסותא 750מל תפוח,מיליליטרים,750.00,"100 מ""ל",false,1,7.90,1.0533,true,1,20815
7290017510576,false,נוזל כלים אסותא 750מ,טרופיקל דגיל,IL,נוזל כלים אסותא 750מל רימונים,מיליליטרים,750.00,"100 מ""ל",false,1,7.90,1.0533,true,1,20816
7290017513324,false,תה ירוק נענע פירמידה,"אסם תעשיות בע""מ",,תה ירוק נענע פירמידה 165 גרם,גרמים,165.00,100 גרם,false,1,14.90,9.0303,true,1,28626
7290017513393,false,תה ירוק ספירולינה  1,תה ויסוצקי,,תה ירוק ספירולינה  1.5 ג 25 שק,יחידה,25.00,יחידה,false,1,22.90,0.9160,true,1,22188
7290017513409,false,תה ירוק צמחים סגולים,תה ויסוצקי,,תה ירוק צמחים סגולים  1.5 ג 25 שק,יחידה,25.00,יחידה,false,1,22.90,0.9160,true,1,22189
7290017513775,false,בייגלה פליפז שוקולד,,,בייגלה פליפז שוקולד חלב 140 גרם,גרמים,140.00,100 גרם,false,1,8.90,6.3571,true,1,27324
7290017513782,false,בייגלה פליפז שוקולד,,,בייגלה פליפז שוקולד מריר 140 גרם,גרמים,140.00,100 גרם,false,1,8.90,6.3571,true,1,27323
7290017513829,false,תה ירוק לחמונית גינג,תה ויסוצקי,,תה ירוק לחמונית גינגר עם ויטמין 25 שקיק,יחידה,25.00,יחידה,false,1,22.90,0.9160,true,1,27255
7290017513850,false,תה ירוק נענע עם ויטמ,תה ויסוצקי,,תה ירוק נענע עם ויטמין 25 שקיק,יחידה,25.00,יחידה,false,1,22.90,0.9160,true,1,27254
7290017513867,false,תה ירוק לימונית לואי,תה ויסוצקי,,תה ירוק לימונית לואיזה עם ויטמין 25 שקיק,יחידה,25.00,יחידה,false,1,22.90,0.9160,true,1,27253
7290017516332,false,חטיפי בריאות פרוטאין,,,חטיפי בריאות פרוטאין חמאת בוטנים 50 גר,Unknown,0.00,Unknown,false,1,10.90,0.0000,true,1,25502
7290017516424,false,חטיפי בריאות שוקולד,,,חטיפי בריאות שוקולד קוקוס פנגיאה 300גר,גרמים,300.00,100 גרם,false,1,29.90,9.9667,true,1,25503
7290017516431,false,חטיפי בריאות קוקוס ש,,,חטיפי בריאות קוקוס שקד קפה פנגיאה 300גר,גרמים,300.00,100 גרם,false,1,29.90,9.9667,true,1,25505
7290017516448,false,חטיפי בריאות קוקוס ת,,,חטיפי בריאות קוקוס תמר שקד פנגיאה 300גר,גרמים,300.00,100 גרם,false,1,29.90,9.9667,true,1,25504
7290017516479,false,חטיפי בריאות פנגיאה,,,חטיפי בריאות פנגיאה  וניל פרוטאין 50 גר,Unknown,0.00,Unknown,false,1,10.90,0.0000,true,1,26351
7290017516486,false,חטיפי בריאות פנגיאה,,,חטיפי בריאות פנגיאה פרוטאין 50 גר,Unknown,0.00,Unknown,false,1,10.90,0.0000,true,1,26350
7290017516509,false,חטיפי בריאות פרוטאין,,,חטיפי בריאות פרוטאין קרמל מלוח 50 גר,Unknown,0.00,Unknown,false,1,10.90,0.0000,true,1,28759
7290017516561,false,חטיפי חלבון פנגיה אג,,,חטיפי חלבון פנגיה אגוזי לוז שלישייה 60גר,Unknown,0.00,Unknown,false,30,29.90,0.0000,true,1,39804
7290017516578,false,חטיפי חלבון פנגיה שו,,,חטיפי חלבון פנגיה שוקולד שלישייה 60גר,Unknown,0.00,Unknown,false,30,29.90,0.0000,true,1,39806
7290017516585,false,חטיפי חלבון פנגיה ונ,,,חטיפי חלבון פנגיה וניל קפה שלישייה 60גר,Unknown,0.00,Unknown,false,30,29.90,0.0000,true,1,39805
7290017516615,false,חטיף ספירולינה פנגיא,,,חטיף ספירולינה פנגיאה 40 גר,Unknown,0.00,Unknown,false,30,10.90,0.0000,true,1,39807
7290017589374,false,יין שרדונה פרי סגל 7,,,יין שרדונה פרי סגל 750 מל,מיליליטרים,750.00,"100 מ""ל",false,1,60.00,8.0000,true,1,19746
7290017589565,false,יין קלאסיק גוורץ 750,,,יין קלאסיק גוורץ 750 מל פקדון,מיליליטרים,750.00,"100 מ""ל",false,1,35.00,4.6667,true,1,19742
7290017589633,false,יין רזרב קברנה גולד,,,יין רזרב קברנה גולד 750 מל,מיליליטרים,750.00,"100 מ""ל",false,1,45.00,6.0000,true,1,19745
7290017589923,false,יין גוורצטרמינר פרי,,,יין גוורצטרמינר פרי סגל 750 מל,מיליליטרים,750.00,"100 מ""ל",false,1,60.00,8.0000,true,1,23279
7290017599250,false,סוכרזית קלאסי 120 שק,ביסקול בעמ,IL,סוכרזית קלאסי 120 שקיות,גרמים,120.00,100 גרם,false,12,16.90,14.0833,true,1,42764
7290017599267,false,סוכרזית סוכרלוז 120ש,ביסקול בעמ,IL,סוכרזית סוכרלוז 120שקיות,גרמים,120.00,100 גרם,false,12,24.90,20.7500,true,1,42765
7290017599274,false,סוכרזית סטיוויה 120,ביסקול בעמ,IL,סוכרזית סטיוויה 120 שקיות,גרמים,12000.00,100 גרם,false,12,34.90,0.2908,true,1,44947
7290017617046,false,מארז4יח טונה סטארקיס,סטארקיסט,,מארז4יח טונה סטארקיסט בשמן זית140גר,גרמים,560.00,100 גרם,false,1,28.90,5.1607,true,1,23163
7290017617084,false,מיקס טונה טו גו עם ש,סטארקיסט,,מיקס טונה טו גו עם שעועית 185 גרם,גרמים,185.00,100 גרם,false,24,12.90,6.9730,true,1,30088
7290017617091,false,מיקס טונה טו גו עם פ,סטארקיסט,,מיקס טונה טו גו עם פתיתים 185 גרם,גרמים,185.00,100 גרם,false,24,12.90,6.9730,true,1,30089
7290017617107,false,מיקס טונה טו גו עם 4,סטארקיסט,,מיקס טונה טו גו עם 4דגנים 185 גרם,גרמים,185.00,100 גרם,false,24,12.90,6.9730,true,1,30090
7290017617275,false,מארז 3יח ממרח טונה ס,,,מארז 3יח ממרח טונה סטארקיסט 160 גרם,גרמים,540.00,100 גרם,false,1,22.90,4.2407,true,1,38460
7290017617411,false,מיקס נתחי סלמון אורז,,PL,מיקס נתחי סלמון אורז ירקות 160 גרם,גרמים,160.00,100 גרם,false,8,14.90,9.3125,true,1,42646
7290017617428,false,מיקס נתחי סלמון פסטה,,PL,מיקס נתחי סלמון פסטה עגבניות 160 גרם,גרמים,160.00,100 גרם,false,8,14.90,9.3125,true,1,42647
7290017617435,false,מיקס נתחי סלמון עדשי,,PL,מיקס נתחי סלמון עדשים וקינואה 160 גרם,גרמים,160.00,100 גרם,false,8,14.90,9.3125,true,1,42645
7290017619132,false,בקבוק שתיה זכוכית וס,,,בקבוק שתיה זכוכית וסיליקון צר,יחידה,1.00,יחידה,false,1,39.90,39.9000,true,1,23999
7290017619293,false,מטהר גומא אפור זהב מ,,,מטהר גומא אפור זהב מקלות+נוזל,יחידה,1.00,יחידה,false,1,24.90,24.9000,true,1,40887
7290017619316,false,מטהר גומא בקבוק יו ו,,,מטהר גומא בקבוק יו וי מקלות+נוזל,יחידה,1.00,יחידה,false,1,24.90,24.9000,true,1,40888
7290017624297,false,יין אליעד 2018 750 מ,,,יין אליעד 2018 750 מל,מיליליטרים,75000.00,"100 מ""ל",false,1,225.00,0.3000,true,1,31835
7290017624327,false,יין רוח שאטו גולן 20,,,יין רוח שאטו גולן 2018 750 מל,מיליליטרים,750.00,"100 מ""ל",false,6,150.00,20.0000,true,1,31337
7290017624518,false,יין קברנה סובניון שא,,,יין קברנה סובניון שאטו 2019 750 מל,מיליליטרים,750.00,"100 מ""ל",false,1,139.00,18.5333,true,1,39315
7290017624525,false,יין מרלו שאטו גולן 2,,,יין מרלו שאטו גולן 2019 750 מל,מיליליטרים,750.00,"100 מ""ל",false,1,154.00,20.5333,true,1,39316
7290017624532,false,יין אליעד 750 מל,,,יין אליעד 750 מל,מיליליטרים,75000.00,"100 מ""ל",false,1,219.00,0.2920,true,1,41053
7290017624556,false,יין סירה שאטו גולן 7,,,יין סירה שאטו גולן 750 מל,מיליליטרים,75000.00,"100 מ""ל",false,1,159.00,0.2120,true,1,39841
7290017628011,false,משטח תצוגה,גליקסמן,,משטח תצוגה,יחידה,1.00,יחידה,false,1,60.00,60.0000,true,1,17789
7290017628073,false,ביצי חופש 20יח אקסטר,גליקסמן,,ביצי חופש 20יח אקסטרא לארג,יחידה,20.00,יחידה,false,1,31.90,1.5950,true,1,19023
7290017641119,false,שוקולד אגו 85% מריר,כרמית תעשיות ממתקים,IL,שוקולד אגו 85% מריר 100 גרם,גרמים,100.00,100 גרם,false,24,7.90,7.9000,true,1,23750
7290017641188,false,קרקר פניני שיפון מלא,דוויטה ג'יי.אס.סי,,קרקר פניני שיפון מלא וסלק 130 גרם,גרמים,130.00,100 גרם,false,1,6.90,5.3077,true,1,20896
7290017641195,false,קרקר פניני שיפון מלא,דוויטה ג'יי.אס.סי,,קרקר פניני שיפון מלא וגזר 130 גרם,גרמים,130.00,100 גרם,false,1,6.90,5.3077,true,1,20895
7290017641201,false,קרקר פניני שיפון מלא,דוויטה ג'יי.אס.סי,,קרקר פניני שיפון מלא וקייל 130 גרם,גרמים,130.00,100 גרם,false,1,6.90,5.3077,true,1,20897
7290017641720,false,שוקולד אגו 70% מריר,כרמית תעשיות ממתקים,IL,שוקולד אגו 70% מריר שברי שקד 100גרם,גרמים,100.00,100 גרם,false,24,7.90,7.9000,true,1,23747
7290017641737,false,שוקולד אגו 70%מריר ש,כרמית תעשיות ממתקים,IL,שוקולד אגו 70%מריר שברי אגוזי לוז 100 גר,גרמים,100.00,100 גרם,false,24,7.90,7.9000,true,1,23748
7290017641744,false,חטיפי קרח איגלו סטיק,כרמית,,חטיפי קרח איגלו סטיקס 8 יח 100 מל,מיליליטרים,800.00,"100 מ""ל",false,1,6.90,0.8625,true,1,23144
7290017647074,false,יין ירדן מרלו כרם אל,ירדן,IL,יין ירדן מרלו כרם אלוני הבשן באריזה 750,מיליליטרים,750.00,"100 מ""ל",false,6,180.00,24.0000,true,1,22899
7290017647340,false,יין ירדן מרלו כרם אל,ירדן,IL,יין ירדן מרלו כרם אלוני הבשן באריזה 750,מיליליטרים,750.00,"100 מ""ל",false,6,180.00,24.0000,true,1,37425
7290017647364,false,יין ירדן סירה בראון,יקבי רמת הגולן,IL,יין ירדן סירה בראון עברית 750 מל,מיליליטרים,750.00,"100 מ""ל",false,1,189.00,25.2000,true,1,31051
7290017647418,false,יין ירדן רוזה 2019 7,יקבי רמת הגולן,IL,יין ירדן רוזה 750 מל,מיליליטרים,750.00,"100 מ""ל",false,12,100.00,13.3333,true,1,24889
7290017647425,false,יין גמלא ק.סוביניון,יקבי רמת הגולן,,יין גמלא ק.סוביניון 2018 750 מל,מיליליטרים,750.00,"100 מ""ל",false,1,70.00,9.3333,true,1,26354
7290017647548,false,יין מרלו ירדן 750 מל,יקבי רמת הגולן,,יין מרלו ירדן 2018 750 מל,מיליליטרים,750.00,"100 מ""ל",false,1,100.00,13.3333,true,1,39586
7290017647685,false,יין ירדן סירה כרם אל,ירדן,IL,יין ירדן סירה כרם אלוני הבשן באריזה 750,מיליליטרים,750.00,"100 מ""ל",false,6,180.00,24.0000,true,1,37424
7290017647708,false,יין גמלא גוורצטרמינר,יקבי רמת הגולן,,יין גמלא גוורצטרמינר 750 מל עברית,מיליליטרים,750.00,"100 מ""ל",false,1,60.00,8.0000,true,1,41484
7290017647722,false,יין גמלא בלאנקו 750,יקבי רמת הגולן,,יין גמלא בלאנקו 750 מל עברית,מיליליטרים,750.00,"100 מ""ל",false,1,60.00,8.0000,true,1,41485
7290017647760,false,יין ירדן סירה 750 מל,יקבי רמת הגולן,,יין ירדן סירה 750 מל,מיליליטרים,750.00,"100 מ""ל",false,1,100.00,13.3333,true,1,43580
7290017647852,false,יין מרלו ירדן 750 מל,יקבי רמת הגולן,,יין מרלו ירדן 750 מל,מיליליטרים,750.00,"100 מ""ל",false,1,100.00,13.3333,true,1,44401
7290017668017,false,מגשית סושי צמחוני טי,,IL,מגשית סושי צמחוני טייק אוויי כ-200גרם,יחידה,1.00,יחידה,false,1,19.90,19.9000,true,1,28195
7290017668024,false,מגשית סושי דגים טייק,,IL,מגשית סושי דגים טייק אווי כ-200גרם,יחידה,1.00,יחידה,false,1,19.90,19.9000,true,1,28235
7290017675008,false,טחינה היונה 900 גר,,,טחינה היונה 900 גר,גרמים,900.00,100 גרם,false,1,25.90,2.8778,true,1,25833
7290017675015,false,טחינה היונה 450 גרם,,,טחינה היונה 450 גרם,גרמים,450.00,100 גרם,false,1,12.90,2.8667,true,1,25834
7290017675060,false,טחינה היונה שומשום מ,,,טחינה היונה שומשום מלא 450 גר,גרמים,450.00,100 גרם,false,1,14.90,3.3111,true,1,29486
7290017677804,false,רוטב סויה קיקומן 444,,,רוטב סויה קיקומן 444 מל,מיליליטרים,444.00,"100 מ""ל",false,1,19.90,4.4820,true,1,21060
7290017677811,false,רוטב סויה קיקומן 296,,,רוטב סויה קיקומן 296 מל,מיליליטרים,296.00,"100 מ""ל",false,1,15.00,5.0676,true,1,21059
7290017680934,false,מיץ יוזו 300 מל,,,מיץ יוזו 300 מל,מיליליטרים,300.00,"100 מ""ל",false,1,99.90,33.3000,true,1,22707
7290017682105,false,מקל מתכת 1.5מטר כחול,,IT,מקל מתכת 1.5מטר כחול,יחידה,1.00,יחידה,false,24,8.90,8.9000,true,1,26486
7290017682112,false,מקל מתכת 1.5מטר אדום,,IT,מקל מתכת 1.5מטר אדום,יחידה,1.00,יחידה,false,24,8.90,8.9000,true,1,26487
7290017682181,false,כפפות חד פעמי ויטריל,,,כפפות חד פעמי ויטריל שחורות מדיום 100יח,יחידה,100.00,יחידה,false,10,29.90,0.2990,true,1,32785
7290017682198,false,כפפות חד פעמי ויטריל,,,כפפות חד פעמי ויטריל שחורות לארג 100יח,יחידה,100.00,יחידה,false,10,29.90,0.2990,true,1,32786
7290017682334,false,מטאטא ריץ,,TR,מטאטא ריץ,יחידה,1.00,יחידה,false,12,12.90,12.9000,true,1,23598
7290017682341,false,ספוג סקוטש גדול 5 יח,,IL,ספוג סקוטש גדול 5 יח,יחידה,5.00,יחידה,false,24,4.50,0.9000,true,1,23537
7290017682501,false,מארז 2יח מטליות מיקר,,CN,מארז 2יח מטליות מיקרו הברקת חלונות ומסכי,יחידה,2.00,יחידה,false,36,9.90,4.9500,true,1,38656
7290017682525,false,מארז 3יח כריות קרצוף,,IL,מארז 3יח כריות קרצוף והברקת נירוסטה,יחידה,3.00,יחידה,false,1,9.90,3.3000,true,1,26884
7290017682587,false,שיפודי יקיטורי חד פע,,CN,שיפודי יקיטורי חד פעמי 15סמ 100יח,יחידה,100.00,יחידה,false,100,6.90,0.0690,true,1,38664
7290017682617,false,מגב קלינג עם תופסן 4,,CN,מגב קלינג עם תופסן 40סמ,יחידה,1.00,יחידה,false,24,14.90,14.9000,true,1,23587
7290017682631,false,מגב קלינג עם תופסן 6,,CN,מגב קלינג עם תופסן 60סמ,יחידה,1.00,יחידה,false,24,19.90,19.9000,true,1,23586
7290017682945,false,מגב סיליקון חד להב,,,מגב סיליקון חד להב  43סמ,יחידה,1.00,יחידה,false,1,32.90,32.9000,true,1,24954
7290017712130,false,פרמיו פאוץ סלמון קיט,,FR,פרמיו פאוץ סלמון קיטן 85 גר,גרמים,85.00,100 גרם,false,24,3.90,4.5882,true,1,42687
7290017712147,false,פרמיו פאוץ עוף לחתלת,,FR,פרמיו פאוץ עוף לחתלתול 85 גר,גרמים,85.00,100 גרם,false,24,3.90,4.5882,true,1,42686
7290017712161,false,פרמיו פאוץ סלמון בגל,,FR,פרמיו פאוץ סלמון בגלי 85 גר,גרמים,85.00,100 גרם,false,24,3.90,4.5882,true,1,42685
7290017712192,false,פרמיו נתחי פילה עוף,,FR,פרמיו נתחי פילה עוף ועשבי תחבול 100 גר,גרמים,100.00,100 גרם,false,32,3.90,3.9000,true,1,43873
7290017712208,false,פרמיו נתחי פילה ברוו,,FR,פרמיו נתחי פילה ברווז לחתול 100 גר,גרמים,100.00,100 גרם,false,32,3.90,3.9000,true,1,43874
7290017712222,false,פרמיו דגי ים קיטן 10,,FR,פרמיו דגי ים קיטן 100 גר,גרמים,100.00,100 גרם,false,32,3.90,3.9000,true,1,42688
7290017712239,false,פרמיו פטה עוף לכלב 1,,FR,פרמיו פטה עוף לכלב 150 גר,גרמים,150.00,100 גרם,false,22,3.90,2.6000,true,1,42702
7290017712260,false,פרמיו פטה סלמון לכלב,,FR,פרמיו פטה סלמון לכלב 150 גר,גרמים,150.00,100 גרם,false,22,3.90,2.6000,true,1,42703
7290017712277,false,פרמיו פטה כבש לכלב 1,,FR,פרמיו פטה כבש לכלב 150 גר,גרמים,150.00,100 גרם,false,22,3.90,2.6000,true,1,42701
7290017712567,false,מרק גוסטו אפונה 300,קונסורזיו קאסאלאסקו,IT,מרק גוסטו אפונה 300 מל,מיליליטרים,300.00,"100 מ""ל",false,12,7.90,2.6333,true,1,28604
7290017712611,false,הורייזן עוף לחתול פא,,,הורייזן עוף לחתול פאוץ 85 גר,גרמים,1.00,100 גרם,false,24,4.90,490.0000,true,1,43868
7290017712628,false,הורייזן סלמון לחתול,,,הורייזן סלמון לחתול פאוץ 85 גר,גרמים,1.00,100 גרם,false,24,4.90,490.0000,true,1,43869
7290017712635,false,הורייזן בקר ברוטב לח,,,הורייזן בקר ברוטב לחתול פאוץ 85 גר,גרמים,1.00,100 גרם,false,24,4.90,490.0000,true,1,43870
7290017712727,false,פרמיו גור בקר וכבד 1,,FR,פרמיו גור בקר וכבד 100 גר,גרמים,100.00,100 גרם,false,32,3.90,3.9000,true,1,42690
7290017712758,false,פרמיו סלמון 100 גר,,FR,פרמיו סלמון 100 גר,גרמים,100.00,100 גרם,false,32,3.90,3.9000,true,1,42689
7290017712765,false,פרמיו סלמון ופורל  ל,,FR,פרמיו סלמון ופורל  לחתול 100 גר,גרמים,100.00,100 גרם,false,32,3.90,3.9000,true,1,43872
7290017712772,false,פרמיו בקר וכבד 100 ג,,FR,פרמיו בקר וכבד 100 גר,גרמים,100.00,100 גרם,false,32,3.90,3.9000,true,1,42691
7290017712789,false,פרמיו סטירליז עוף 10,,FR,פרמיו סטירליז עוף 100 גר,גרמים,100.00,100 גרם,false,32,3.90,3.9000,true,1,42692
7290017712864,false,פרמיו מקלות סלמון 10,,CN,פרמיו מקלות סלמון 100 גר,גרמים,100.00,100 גרם,false,16,14.90,14.9000,true,1,42699
7290017712949,false,פרמיו חטיף כריות לחת,,AT,פרמיו חטיף כריות לחתול סטריליז 60ג,גרמים,60.00,100 גרם,false,7,9.90,16.5000,true,1,43867
7290017715315,false,זית ירוק צלוי על הגר,מסנוי גידה רעהס,TR,זית ירוק צלוי על הגריל 740 גרם,גרמים,740.00,100 גרם,false,9,18.90,2.5541,true,1,21724
7290017715346,false,זית שחור טאסוס 400 ג,מסנוי גידה רעהס,TR,זית שחור טאסוס 400 גרם,גרמים,400.00,100 גרם,false,9,11.90,2.9750,true,1,21721
7290017715377,false,זית ירוק ממולא תפוז,מסנוי גידה רעהס,TR,זית ירוק ממולא תפוז 740 גרם,גרמים,740.00,100 גרם,false,9,18.90,2.5541,true,1,22782
7290017715407,false,זית שחור עם פלפל חרי,מסנוי גידה רעהס,TR,זית שחור עם פלפל חריף 400 גרם,גרמים,400.00,100 גרם,false,9,11.90,2.9750,true,1,21722
7290017715742,false,טורטיית תירס ללא גלו,,ES,טורטיית תירס ללא גלוטן 250 גרם,גרמים,250.00,100 גרם,false,1,10.90,4.3600,true,1,41267
7290017715889,false,תערובת גרנולה אגוזים,ויטליה,MK,תערובת גרנולה אגוזים 600 גר,גרמים,600.00,100 גרם,false,10,13.90,2.3167,true,1,26045
7290017724027,false,עוגיות אקלר אלפחורס,,,עוגיות אקלר אלפחורס 300 גרם,גרמים,300.00,100 גרם,false,1,21.90,7.3000,true,1,33181
7290017724034,false,עוגיות אקלר סנדוויץ,,,עוגיות אקלר סנדוויץ ריבה 250 גר,גרמים,250.00,100 גרם,false,1,21.90,8.7600,true,1,38238
7290017724065,false,עוגיות אקלר מעדן תפו,,,עוגיות אקלר מעדן תפוע אגוז 250 גר,גרמים,250.00,100 גרם,false,1,21.90,8.7600,true,1,38244
7290017724089,false,עוגיות אקלר ואן גוך,,,עוגיות אקלר ואן גוך 200 גר,גרמים,200.00,100 גרם,false,1,21.90,10.9500,true,1,38241
7290017724102,false,עוגיות אקלר סיגרים ת,,,עוגיות אקלר סיגרים תמרים 200 גר,גרמים,200.00,100 גרם,false,1,21.90,10.9500,true,1,38243
7290017724140,false,עוגיות אקלר שושנים 2,,,עוגיות אקלר שושנים 200 גר,גרמים,200.00,100 גרם,false,1,21.90,10.9500,true,1,38242
7290017724157,false,עוגיות אקלר מעדן תפו,,,עוגיות אקלר מעדן תפוע ל.ס 200 גרם,גרמים,200.00,100 גרם,false,1,21.90,10.9500,true,1,38267
7290017724164,false,עוגיות אקלר אוזניים,,,עוגיות אקלר אוזניים ל.ס 200 גרם,גרמים,200.00,100 גרם,false,1,21.90,10.9500,true,1,38264
7290017724171,false,עוגיות אקלר סנדוויץ,,,עוגיות אקלר סנדוויץ ריבה ל.ס 250 גרגרם,גרמים,250.00,100 גרם,false,1,21.90,8.7600,true,1,38265
7290017724195,false,עוגיות אקלר שטרודל פ,,,עוגיות אקלר כוסמים טבעוני בטעמים,גרמים,250.00,100 גרם,false,1,21.90,8.7600,true,1,21061
7290017724201,false,עוגיות אקלר ואן גוך,,,עוגיות אקלר ואן גוך 200 גרם,גרמים,200.00,100 גרם,false,1,21.90,10.9500,true,1,38266
7290017724218,false,עוגיות אקלר מעדן תמר,,,עוגיות אקלר מעדן תמר אגוז ל.ס  250 גר,גרמים,250.00,100 גרם,false,1,21.90,8.7600,true,1,38269
7290017724225,false,עוגיות אקלר בויוס 20,,,עוגיות אקלר בויוס 200 גר,גרמים,200.00,100 גרם,false,1,21.90,10.9500,true,1,38245
7290017724256,false,עוגיות אקלר שומשומיו,,,עוגיות אקלר שומשומיות ל.ס 200 גרם,גרמים,200.00,100 גרם,false,1,21.90,10.9500,true,1,38268
7290017724546,false,עוגיות מרנג בטעם וני,,,עוגיות מרנג בטעם וניל 100 גר,גרמים,100.00,100 גרם,false,1,19.90,19.9000,true,1,42124
7290017736006,false,מגבת הפלא לניקוי כלל,,,מגבת הפלא לניקוי כללי 800גר אסותא,גרמים,800.00,100 גרם,false,1,15.90,1.9875,true,1,18390
7290017791142,false,קרקר כוסמין מלא זרעי,"מאפיית פת במלח בע""מ",IL,קרקר כוסמין מלא זרעים 225 גרם,גרמים,225.00,100 גרם,false,10,22.90,10.1778,true,1,21398
7290017791203,false,קרקר סלק כוסמין מלא,"מאפיית פת במלח בע""מ",IL,קרקר סלק כוסמין מלא 225 גרם,גרמים,225.00,100 גרם,false,10,22.90,10.1778,true,1,23411
7290017812618,false,מיץ ענבים תירוש רוזה,כרמל מזרחי,IL,מיץ ענבים תירוש רוזה  1 לי,ליטרים,1.00,ליטר,false,12,25.00,25.0000,true,1,23942
7290017812656,false,מיץ ענבים מבעבע אדום,כרמל מזרחי,IL,מיץ ענבים מבעבע אדום 750 מל,מיליליטרים,750.00,"100 מ""ל",false,12,25.00,3.3333,true,1,30140
7290017812663,false,מיץ ענבים מבעבע לבן,כרמל מזרחי,IL,מיץ ענבים מבעבע לבן 750 מל,מיליליטרים,750.00,"100 מ""ל",false,12,25.00,3.3333,true,1,30141
7290017812670,false,יין יתיר דרום אדום 7,כרמל מזרחי,IL,יין יתיר דרום אדום 750 מל,מיליליטרים,750.00,"100 מ""ל",false,6,75.00,10.0000,true,1,28304
7290017812687,false,יין יתיר דרום לבן 75,כרמל מזרחי,IL,יין יתיר דרום לבן 750 מל,מיליליטרים,750.00,"100 מ""ל",false,6,75.00,10.0000,true,1,28305
7290017812830,false,יין רוזה פי.סי 500 מ,כרמל מזרחי,IL,יין רוזה פי.סי 750 מל,מיליליטרים,800.00,"100 מ""ל",false,1,45.00,5.6250,true,1,28948
7290017812847,false,יין סלקטד פרנץ גוורצ,כרמל מזרחי,,יין סלקטד פרנץ גוורצטרמינר 750 מל,מיליליטרים,750.00,"100 מ""ל",false,1,35.00,4.6667,true,1,28949
7290017812939,false,יין יתיר דרום רוזה 7,כרמל מזרחי,IL,יין יתיר דרום רוזה 750 מל,מיליליטרים,750.00,"100 מ""ל",false,6,75.00,10.0000,true,1,30319
7290017812977,false,יין באז לבן מתוק אננ,כרמל מזרחי,,יין באז לבן מתוק אננס מוגז 750 מל,מיליליטרים,750.00,"100 מ""ל",false,1,35.00,4.6667,true,1,30920
7290017871363,false,סבון ידיים פמלי יהלו,,,סבון ידיים פמלי יהלום 500מל שמן מקדמיה,מיליליטרים,500.00,"100 מ""ל",false,12,10.90,2.1800,true,1,23815
7290017871370,false,סבון ידיים פמלי יהלו,,,סבון ידיים פמלי יהלום 500מל שמן אבוקדו,מיליליטרים,500.00,"100 מ""ל",false,12,10.90,2.1800,true,1,23816
7290017871424,false,חטיף טוסו תמרים בוטנ,תות ממתקי איכות,IL,חטיף טוסו תמרים בוטנים ל.ס. ל.גלוטן 5יח,גרמים,140.00,100 גרם,false,1,16.90,12.0714,true,1,22103
7290017871431,false,חטיף טוסו תמרים א.לו,תות ממתקי איכות,IL,חטיף טוסו תמרים א.לוז חמוציות ל.ס ל.ג 5י,גרמים,140.00,100 גרם,false,1,16.90,12.0714,true,1,22105
7290017871448,false,חטיף טוסו תמרים קשיו,תות ממתקי איכות,IL,חטיף טוסו תמרים קשיו ל.ס. ל.גלוטן 5יח,גרמים,135.00,100 גרם,false,1,16.90,12.5185,true,1,22107
7290017871462,false,חטיף טוסו פצפוצי אור,תות ממתקי איכות,IL,חטיף טוסו פצפוצי אורז ש. מריר ל.סוכר 5יח,גרמים,105.00,100 גרם,false,1,16.90,16.0952,true,1,22104
7290017871554,false,חטיף טוסו תמרים שברי,תות ממתקי איכות,IL,חטיף טוסו תמרים שבריקקאו ל.ס. ל.גלוטן 5י,גרמים,140.00,100 גרם,false,1,16.90,12.0714,true,1,22109
7290017871707,false,חטיף טוסו פצפוצי אור,תות ממתקי איכות,IL,חטיף טוסו פצפוצי אורז קוקוס ל.סוכר 5יח,גרמים,105.00,100 גרם,false,1,16.90,16.0952,true,1,22108
7290017871769,false,טוסו גליליות בטעם שו,,,טוסו גליליות בטעם שוקולג ללס 100גר,גרמים,100.00,100 גרם,false,1,10.00,10.0000,true,1,25006
7290017871929,false,טוסו גרנולה פ.יבשים,,,טוסו גרנולה פ.יבשים אגוזים ללס 300גר,גרמים,300.00,100 גרם,false,1,19.90,6.6333,true,1,25009
7290017871936,false,טוסו גרנולה אגוזים ו,,,טוסו גרנולה אגוזים וגרעינים ללס 300גר,גרמים,300.00,100 גרם,false,1,19.90,6.6333,true,1,25008
7290017871943,false,טוסו גרנולה שוקולד ק,,,טוסו גרנולה שוקולד קוקוס ללס 300גר,גרמים,300.00,100 גרם,false,1,19.90,6.6333,true,1,25010
7290017871950,false,מארז 3יח מגבוני נייר,על בד,,מארז 3יח מגבוני נייר טואלט לח לבנדר 40יח,יחידה,120.00,יחידה,false,1,12.90,0.1075,true,1,29180
7290017872001,false,קרם החתלה פרש וואנס,,,קרם החתלה פרש וואנס 100סמק שמן זית,גרמים,100.00,100 גרם,false,1,12.90,12.9000,true,1,24937
7290017872018,false,קרם החתלה פרש וואנס,,,קרם החתלה פרש וואנס 100סמק קמומיל,גרמים,100.00,100 גרם,false,1,12.90,12.9000,true,1,24938
7290017872049,false,פמילי אל סבון מעורב,אברנסל קוסמטיקס,,פמילי אל סבון מעורב שלישייה 500 מל,ליטרים,1.50,ליטר,false,1,15.90,10.6000,true,1,25117
7290017872056,false,אל סבון פמילי שלישיי,אברנסל קוסמטיקס,,אל סבון פמילי שלישייה מעורב פרלי 500 מל,ליטרים,1.50,ליטר,false,1,15.90,10.6000,true,1,25118
7290017872063,false,מארז 3יח אל סבון פמי,אברנסל קוסמטיקס,,מארז 3יח אל סבון פמילי ארומתרפי 500מל,ליטרים,1.50,ליטר,false,1,15.90,10.6000,true,1,25119
7290017872070,false,מארז 3יח מגבוני פרשו,,IL,מארז 3יח מגבוני פרשוואנס נטורל קר מבושם,יחידה,3.00,יחידה,false,10,12.90,4.3000,true,1,27356
7290017872162,false,עוגיות טוסו אגוזי לו,רוקחמן,,עוגיות טוסו אגוזי לוז ל.סוכר 200 גר,גרמים,200.00,100 גרם,false,1,14.90,7.4500,true,1,25043
7290017872179,false,עוגיות טוסו טחינה ל.,רוקחמן,,עוגיות טוסו טחינה ל.סוכר 200 גר,גרמים,200.00,100 גרם,false,1,14.90,7.4500,true,1,25042
7290017872186,false,עוגיות פקאן טוסו ללא,,,עוגיות פקאן טוסו ללא .סוכר200גר,גרמים,200.00,100 גרם,false,1,14.90,7.4500,true,1,25041
7290017872193,false,עוגיות טוסו שקד וקינ,רוקחמן,,עוגיות טוסו שקד וקינמון ללס 200 גר,גרמים,200.00,100 גרם,false,1,14.90,7.4500,true,1,25044
7290017872261,false,חטיף טוסו קראנצי בטע,תות ממתקי איכות,IL,חטיף טוסו קראנצי בטעם קוקוס .של.ס ל.ג 5י,גרמים,140.00,100 גרם,false,1,16.90,12.0714,true,1,25012
7290017872278,false,חטיף טוסו קראנצי בטע,תות ממתקי איכות,IL,חטיף טוסו קראנצי בטעם בוטנים חלווה ללס,גרמים,140.00,100 גרם,false,1,16.90,12.0714,true,1,25013
7290017872285,false,חטיף טוסו קראנצי בטע,תות ממתקי איכות,IL,חטיף טוסו קראנצי בטעם פירות יבשים ללס,גרמים,140.00,100 גרם,false,1,16.90,12.0714,true,1,25014
7290017872650,false,סבון ידיים פמלי יהלו,,,סבון ידיים פמלי יהלום 500מל שמן לבנדר,מיליליטרים,500.00,"100 מ""ל",false,12,10.90,2.1800,true,1,26262
7290017872667,false,סבון ידיים פמלי יהלו,,,סבון ידיים פמלי יהלום 500מל שמן קמומיל,מיליליטרים,500.00,"100 מ""ל",false,12,10.90,2.1800,true,1,26263
7290017872865,false,בייבי ביס חטיפי דגני,טאטא גלובל בוורג'ס,,בייבי ביס חטיפי דגנים אפוי ט.גזר עגבניה,Unknown,0.00,Unknown,false,1,12.90,0.0000,true,1,39485
7290017872872,false,בייבי ביס חטיפי דגני,טאטא גלובל בוורג'ס,,בייבי ביס חטיפי דגנים אפוי ט.גזר וסלק40ג,Unknown,0.00,Unknown,false,1,12.90,0.0000,true,1,39484
7290017872896,false,שקיות אשפה לארג גליל,,,שקיות אשפה לארג גלילונית חזקה 44יח,יחידה,44.00,יחידה,false,20,22.90,0.5205,true,1,38626
7290017872933,false,רצועות שעווה ביו מגע,ש.שוורץ,,רצועות שעווה ביו מגע הדבש 12יח+3מג.שמן,יחידה,12.00,יחידה,false,1,29.90,2.4917,true,1,31754
7290017872940,false,רצועות שעווה ביו לפנ,ש.שוורץ,,רצועות שעווה ביו לפנים מגע 20יח+5מג.שמן,יחידה,20.00,יחידה,false,1,29.90,1.4950,true,1,31755
7290017873008,false,שקיות גלילונית להקפא,,,שקיות גלילונית להקפאה 275 יח,יחידה,275.00,יחידה,false,15,11.90,0.0433,true,1,38623
7290017873015,false,שקיות אשפה אקס אל גל,,,שקיות אשפה אקס אל גלילונית גופיה 30יח,יחידה,30.00,יחידה,false,20,19.90,0.6633,true,1,38625
7290017873039,false,מארז 2יח שקיות אוכל,,,מארז 2יח שקיות אוכל גלילונית 160יח,יחידה,320.00,יחידה,false,15,12.90,0.0403,true,1,38624
7290017888019,false,משקה תפוח רימון סלק,יפאורה,IL,משקה תפוח רימון סלק 350מל,מיליליטרים,350.00,"100 מ""ל",false,1,7.90,2.2571,true,1,20301
7290017888026,false,משקה אננס  תפוח גזר,יפאורה,IL,משקה אננס  תפוח גזר 350מל,מיליליטרים,350.00,"100 מ""ל",false,1,7.90,2.2571,true,1,20302
7290017888033,false,משקה בננה מלון נענע,יפאורה,IL,משקה בננה מלון נענע 350מל,מיליליטרים,350.00,"100 מ""ל",false,1,7.90,2.2571,true,1,20303
7290017888095,false,מארז 4יח שוופס מוגז,,,מארז 4יח שוופס מוגז עדין פ.יער 330מל פח,מיליליטרים,1320.00,"100 מ""ל",false,1,12.90,0.9773,true,1,20666
7290017888101,false,מארז 4יח שוופס מוגז,,,מארז 4יח שוופס מוגז עדין אפרסק 330מל פח,מיליליטרים,1320.00,"100 מ""ל",false,1,12.90,0.9773,true,1,20665
7290017888644,false,משקה אננס בננה כורכו,יפאורה,IL,משקה אננס בננה כורכום 350מל,מיליליטרים,350.00,"100 מ""ל",false,1,7.90,2.2571,true,1,24324
7290017888729,false,שוופס סודה 1 ליטר,יפאורה,IL,שוופס סודה 1 ליטר,ליטרים,1.00,ליטר,false,15,3.90,3.9000,true,1,24748
7290017888972,false,מי עדן 1 ליטר פקק ספ,יפאורה,IL,מי עדן 1 ליטר פקק ספורט,ליטרים,1.00,ליטר,false,16,4.90,4.9000,true,1,25135
7290017894010,false,מי קוקוס אורני גרין,גרין,VN,מי קוקוס אורני גרין קוקו עם אננס  1 לי,ליטרים,1.00,ליטר,false,12,19.90,19.9000,true,1,28774
7290017894034,false,פתיתי שבולת שועל ללא,דגש,IL,פתיתי שבולת שועל ללא.ג  עבה דגש 400 גר,גרמים,400.00,100 גרם,false,12,18.90,4.7250,true,1,22004
7290017894041,false,פתיתי שבולת שועל ללא,דגש,IL,פתיתי שבולת שועל ללא.ג  דק דגש 400 גר,גרמים,400.00,100 גרם,false,12,18.90,4.7250,true,1,22005
7290017894058,false,תערובת להכנת לחם 500,דגש,IL,תערובת להכנת לחם 500 גר,גרמים,500.00,100 גרם,false,12,14.90,2.9800,true,1,22893
7290017894065,false,תערובת רב תכליתית 50,דגש,IL,תערובת רב תכליתית 500 גר,גרמים,500.00,100 גרם,false,12,14.90,2.9800,true,1,22892
7290017894072,false,אבקת הלבנה 500גר אקו,אקופרנד,,אבקת הלבנה 500גר אקולוגי אקופרנד,גרמים,500.00,100 גרם,false,1,18.90,3.7800,true,1,40410
7290017894089,false,דגש קמח שבולת שועל 5,דגש,IL,דגש קמח שבולת שועל 500 גר,גרמים,500.00,100 גרם,false,12,19.90,3.9800,true,1,28781
7290017894188,false,קפסולות כביסה מרוכז,אקופרנד,,קפסולות כביסה מרוכז 40יח אקולוגי אקופרנד,יחידה,40.00,יחידה,false,1,41.90,1.0475,true,1,40411
7290017894300,false,עוגיות כוסמין גינגר,גנדולה,IT,עוגיות כוסמין גינגר גנדולה 250גר,גרמים,250.00,100 גרם,false,12,13.90,5.5600,true,1,44540
7290017894317,false,עוגיות כוסמין שוקולד,גנדולה,IT,עוגיות כוסמין שוקולד גנדולה 250גר,גרמים,250.00,100 גרם,false,12,13.90,5.5600,true,1,44541
7290017907208,false,תמי קמח תופח ללא גלו,,IL,תמי קמח תופח ללא גלוטן 500 גר,גרמים,300.00,100 גרם,false,12,18.90,6.3000,true,1,29605
7290017907215,false,תמי קמח למאפי שמרים,,IL,תמי קמח למאפי שמרים ללא גלוטן 500 גר,גרמים,300.00,100 גרם,false,12,18.90,6.3000,true,1,29606
7290017907222,false,תמי קמח תופח ללא גלו,,IL,תמי קמח תופח ללא גלוטן 500 גר שקית,גרמים,300.00,100 גרם,false,12,18.90,6.3000,true,1,29610
7290017907246,false,תמי סולת ללא גלוטן 3,,IL,תמי סולת ללא גלוטן 300 גר,גרמים,300.00,100 גרם,false,10,15.90,5.3000,true,1,29604
7290017907253,false,תמי פתיתים ללא גלוטן,,IL,תמי פתיתים ללא גלוטן 300 גר,גרמים,300.00,100 גרם,false,10,15.90,5.3000,true,1,29608
7290017907260,false,תמי פלאפל ללא גלוטן,,IL,תמי פלאפל ללא גלוטן 300 גר,גרמים,300.00,100 גרם,false,10,15.90,5.3000,true,1,29609
7290017913131,false,מרכך כביסה אסותא 4 ל,טרופיקל דגיל,IL,מרכך כביסה אסותא 4 ליטר שחור,ליטרים,4.00,ליטר,false,1,13.90,3.4750,true,1,21467
7290017913148,false,מרכך כביסה אסותא 4 ל,טרופיקל דגיל,IL,מרכך כביסה אסותא 4 ליטר סגול,ליטרים,4.00,ליטר,false,1,13.90,3.4750,true,1,21468
7290017913155,false,מרכך כביסה אסותא 4 ל,טרופיקל דגיל,IL,מרכך כביסה אסותא 4 ליטר לבן,ליטרים,4.00,ליטר,false,1,13.90,3.4750,true,1,21469
7290017913162,false,מרכך כביסה אסותא 4 ל,טרופיקל דגיל,IL,מרכך כביסה אסותא 4 ליטר כחול,ליטרים,4.00,ליטר,false,1,13.90,3.4750,true,1,21470
7290017913179,false,מרכך כביסה אסותא 4 ל,טרופיקל דגיל,IL,מרכך כביסה אסותא 4 ליטר ורוד,ליטרים,4.00,ליטר,false,1,13.90,3.4750,true,1,21471
7290017913186,false,מרכך כביסה מרוכז 1 ל,,TR,מרכך כביסה מרוכז 1 ליטר אסותא ורוד,ליטרים,1.00,ליטר,false,12,9.90,9.9000,true,1,23159
7290017913193,false,מרכך כביסה מרוכז 1 ל,,TR,מרכך כביסה מרוכז 1 ליטר אסותא כחול,ליטרים,1.00,ליטר,false,12,9.90,9.9000,true,1,23160
7290017913216,false,מרכך כביסה מרוכז 1 ל,,TR,מרכך כביסה מרוכז 1 ליטר אסותא סגול,ליטרים,1.00,ליטר,false,12,9.90,9.9000,true,1,23162
7290017913223,false,מרכך כביסה מרוכז 1 ל,,TR,מרכך כביסה מרוכז 1 ליטר אסותא שחור,ליטרים,1.00,ליטר,false,12,9.90,9.9000,true,1,23164
7290017913230,false,גל כביסה אסותא 3 ליט,טרופיקל דגיל,IL,גל כביסה אסותא 3 ליטר כחול,ליטרים,3.00,ליטר,false,1,19.90,6.6333,true,1,21472
7290017913391,false,מרכך כביסה מרוכז 1 ל,,TR,מרכך כביסה מרוכז 1 ליטר אסותא לעור רגיש,ליטרים,1.00,ליטר,false,12,9.90,9.9000,true,1,26890
7290017913490,false,מארז 4יח סבון מוצק א,,,מארז 4יח סבון מוצק אסותא 100גר ורדים,גרמים,400.00,100 גרם,false,12,9.90,2.4750,true,1,28785
7290017913513,false,מארז 4יח סבון מוצק א,,,מארז 4יח סבון מוצק אסותא שחור 100גר,גרמים,400.00,100 גרם,false,12,9.90,2.4750,true,1,28787
7290017913520,false,מארז 4יח סבון מוצק א,,,מארז 4יח סבון מוצק אסותא לבנדר 100גר,גרמים,400.00,100 גרם,false,12,9.90,2.4750,true,1,28786
7290017917184,false,גל אלוורה אולטרסול פ,פישר תעשיות,,גל אלוורה אולטרסול פורטה 200 מל,מיליליטרים,200.00,"100 מ""ל",false,12,42.90,21.4500,true,1,23673
7290017917283,false,מארז 4יח מגבוני קמיל,פישר תעשיות,,מארז 4יח מגבוני קמיל בלו ללא בישום 64יח,יחידה,256.00,יחידה,false,1,16.90,0.0660,true,1,23226
7290017917382,false,אל סבון קמיל לידיים,פישר תעשיות,,אל סבון קמיל לידיים להרגעת העור 1ליטר,ליטרים,1.00,ליטר,false,1,13.90,13.9000,true,1,21356
7290017917399,false,מגבונים קמיל בלו סנס,פישר תעשיות,,מגבונים קמיל בלו סנסטיב 100יח,יחידה,100.00,יחידה,false,12,14.90,0.1490,true,1,23614
7290017917429,false,אלכוגל בייבי 30מל עם,,,אלכוגל בייבי 30מל עם 15 שקיות לחיתולים,יחידה,1.00,יחידה,false,10,29.90,29.9000,true,1,22723
7290017917450,false,אל סבון ושמפו צמחי,פישר תעשיות,IL,אל סבון ושמפו צמחי  מרפא קמיל סנסטיב 1ל,ליטרים,1.00,ליטר,false,16,24.90,24.9000,true,1,21357
7290017917467,false,אל סבון שיבולת שועל,פישר תעשיות,IL,אל סבון שיבולת שועל קמיל בלו 1ליטר,ליטרים,1.00,ליטר,false,16,24.90,24.9000,true,1,21358
7290017917542,false,שמפו בלונד ללא מלחים,,,שמפו בלונד ללא מלחים 400מל קמיל בלו,מיליליטרים,400.00,"100 מ""ל",false,10,39.90,9.9750,true,1,23265
7290017917559,false,מסכת שיער בלונד 300מ,,,מסכת שיער בלונד 300מל קמיל בלו,מיליליטרים,300.00,"100 מ""ל",false,12,39.90,13.3000,true,1,23266
7290017917566,false,סילבר לשיער ללא מלחי,,,סילבר לשיער ללא מלחים 400מל קמיל בלו,מיליליטרים,400.00,"100 מ""ל",false,10,39.90,9.9750,true,1,23267
7290017917627,false,מסרק צפוף שיניים סרק,פישר תעשיות,IL,מסרק צפוף שיניים סרקל כינים,Unknown,0.00,Unknown,false,12,39.90,0.0000,true,1,26861
7290017917757,false,קרם גוף אפקטיב קר מו,פישר תעשיות,IL,קרם גוף אפקטיב קר מועשר בשמן כותנה 450מל,מיליליטרים,450.00,"100 מ""ל",false,1,21.90,4.8667,true,1,25349
7290017917764,false,קרם גוף אפקטיב קר מו,פישר תעשיות,IL,קרם גוף אפקטיב קר מועשר בשמן ארגן 450מל,מיליליטרים,450.00,"100 מ""ל",false,1,21.90,4.8667,true,1,25350
7290017917986,false,תחליב הגנה אולטרסול,פישר תעשיות,,תחליב הגנה אולטרסול בייבינטורל 125מל,מיליליטרים,125.00,"100 מ""ל",false,12,64.90,51.9200,true,1,23671
7290017918112,false,חסה עגולה ארוזה,,,חסה עגולה ארוזה,Unknown,0.00,Unknown,false,1,6.90,0.0000,true,1,32490
7290017918143,false,חסה לבבות,,,חסה לבבות,Unknown,0.00,Unknown,false,1,9.90,0.0000,true,1,33956
7290017918150,false,תפוח אדמה למיקרו חבי,,,תפוח אדמה למיקרו חבילה,Unknown,0.00,Unknown,false,1,5.90,0.0000,true,1,27789
7290017918167,false,סלרי חתוך עינן,,,סלרי חתוך עינן,Unknown,0.00,Unknown,false,1,5.90,0.0000,true,1,41178
7290017918204,false,ברוקולי ארוז במגשית,,,ברוקולי ארוז במגשית,Unknown,0.00,Unknown,false,1,9.90,0.0000,true,1,27064
7290017918563,false,ערמונים קלויים קלופי,,,ערמונים קלויים קלופים 100 גרם,גרמים,100.00,100 גרם,false,1,5.90,5.9000,true,1,27403
7290017918723,false,מעדן סלק 500 גרם,,,מעדן סלק 500 גרם,Unknown,0.00,Unknown,false,1,5.90,0.0000,true,1,28215
7290017918808,false,דלעת חתוכה ארוזה,,,דלעת חתוכה ארוזה,קילוגרמים,1.00,"ק""ג",true,,10.90,10.9000,true,1,29867
7290017924007,false,מי קוקוס אורגניים 33,,,מי קוקוס אורגניים 330 מל קרטון הכרם,מיליליטרים,330.00,"100 מ""ל",false,12,7.90,2.3939,true,1,23746
7290017924014,false,מארז 1+5 חטיף תפוח ע,זנגנינג ג'יניו אינדו,CN,מארז 1+5 חטיף תפוח עץ מיובש 22 גרם,Unknown,0.00,Unknown,false,96,13.90,0.0000,true,1,28654
7290017924144,false,טחינה אתיופית כרם או,,,טחינה אתיופית אורגנית 700ג שומשום מלא,גרמים,700.00,100 גרם,false,1,31.90,4.5571,true,1,24486
7290017924182,false,תרסיס שמן אורז טהור,קומפניה אלימנטרה איט,IT,תרסיס שמן אורז טהור כרם 200 מל,מיליליטרים,200.00,"100 מ""ל",false,6,19.90,9.9500,true,1,29616
7290017924199,false,דפי אורז עם סלק כרם,,VN,דפי אורז עם סלק כרם 375 גרם,גרמים,375.00,100 גרם,false,24,12.90,3.4400,true,1,27232
7290017924205,false,דפי אורז יסמין שחור,,VN,דפי אורז יסמין שחור כרם 375 גרם,גרמים,375.00,100 גרם,false,24,12.90,3.4400,true,1,27229
7290017924229,false,דפי אורז עם כורכום כ,,VN,דפי אורז עם כורכום כרם 375 גרם,גרמים,375.00,100 גרם,false,24,12.90,3.4400,true,1,27231
7290017924403,false,מי קוקוס אורגני עם ק,,,מי קוקוס אורגני עם קפה 330 מל קרט,מיליליטרים,330.00,"100 מ""ל",false,1,6.90,2.0909,true,1,25680
7290017924489,false,מלח הימאליה בינוני כ,,PK,מלח הימאליה בינוני כרם 1 קג,קילוגרמים,1.00,"ק""ג",false,1,13.90,13.9000,true,1,32668
7290017924496,false,מלח הימאליה מטחנה כר,,PK,מלח הימאליה מטחנה כרם 225 גרם,קילוגרמים,1.00,"ק""ג",false,1,16.90,16.9000,true,1,32669
7290017924502,false,חמאת פיסטוק כרם 200,יעקוב יוסף,,חמאת פיסטוק כרם 200 גרם,גרמים,200.00,100 גרם,false,1,37.90,18.9500,true,1,31096
7290017924557,false,שבולת שועל עבה כרם ל,כרם תעשיות,IL,שבולת שועל עבה כרם ללא גלוטן 450 גרם,גרמים,450.00,100 גרם,false,18,15.90,3.5333,true,1,28655
7290017924564,false,אטריות אורז ורמצילי,,VN,אטריות אורז ורמצילי דקות טריו כרם300 גרם,גרמים,300.00,100 גרם,false,24,12.90,4.3000,true,1,27234
7290017924588,false,סובין שבולת שועל כרם,כרם תעשיות,IL,סובין שבולת שועל כרם ללא גלוטן 450 גרם,גרמים,450.00,100 גרם,false,18,18.90,4.2000,true,1,28656
7290017924670,false,עדשים ירוקות אורגניו,כרם תעשיות,IL,עדשים ירוקות אורגניות כרם 500 גרם,גרמים,500.00,100 גרם,false,1,11.50,2.3000,true,1,31127
7290017924687,false,עדשים צהובות אורגניו,כרם תעשיות,IL,עדשים צהובות אורגניות כרם 500 גרם,גרמים,500.00,100 גרם,false,1,11.50,2.3000,true,1,31129
7290017924694,false,עדשים אדומות אורגניו,כרם תעשיות,IL,עדשים אדומות אורגניות כרם 500 גרם,גרמים,500.00,100 גרם,false,1,11.50,2.3000,true,1,31130
7290017924700,false,שעועית לבנה אורגנית,כרם תעשיות,IL,שעועית לבנה אורגנית כרם 500 גרם,גרמים,500.00,100 גרם,false,1,10.90,2.1800,true,1,31155
7290017924717,false,בורגל עבה אורגני כרם,כרם תעשיות,IL,בורגל עבה אורגני כרם 500 גרם,גרמים,500.00,100 גרם,false,1,8.90,1.7800,true,1,31131
7290017924724,false,חומוס אורגני כרם 500,כרם תעשיות,IL,חומוס אורגני כרם 500 גרם,גרמים,500.00,100 גרם,false,1,10.90,2.1800,true,1,31133
7290017924755,false,מיץ שזיפים טבעי כרם,היל ויו,US,מיץ שזיפים טבעי כרם 946 מל,מיליליטרים,946.00,"100 מ""ל",false,12,20.00,2.1142,true,1,31596
7290017924779,false,זרעי דוחן אורגני כרם,כרם תעשיות,IL,זרעי דוחן אורגני כרם 500 גרם,גרמים,500.00,100 גרם,false,1,9.90,1.9800,true,1,31134
7290017924786,false,שומשום מלא אורגני כר,כרם תעשיות,IL,שומשום מלא אורגני כרם 500 גרם,גרמים,500.00,100 גרם,false,1,12.90,2.5800,true,1,31135
7290017924793,false,זרעי פשתן חומים אורג,כרם תעשיות,IL,זרעי פשתן חומים אורגני כרם 500 גרם,גרמים,500.00,100 גרם,false,1,10.90,2.1800,true,1,31136
7290017924809,false,גרעיני חמניה קלופים,כרם תעשיות,IL,גרעיני חמניה קלופים אורגני כרם 500 גרם,גרמים,500.00,100 גרם,false,1,14.90,2.9800,true,1,31137
7290017924816,false,קינואה לבנה מלאה אור,כרם תעשיות,IL,קינואה לבנה מלאה אורגנית כרם 500 גרם,גרמים,500.00,100 גרם,false,1,11.90,2.3800,true,1,31138
7290017924823,false,כוסמת אורגנית כרם 50,כרם תעשיות,IL,כוסמת אורגנית כרם 500 גרם,גרמים,500.00,100 גרם,false,1,11.50,2.3000,true,1,31139
7290017924847,false,עדשים שחורות אורגניו,כרם תעשיות,IL,עדשים שחורות אורגניות כרם 500 גרם,גרמים,500.00,100 גרם,false,1,12.90,2.5800,true,1,31128
7290017924854,false,שבולת שועל עבה אורגנ,כרם תעשיות,IL,שבולת שועל עבה אורגני כרם 400 גרם,גרמים,400.00,100 גרם,false,1,8.90,2.2250,true,1,31141
7290017924861,false,שמן זית אורגני כרם 7,,,שמן זית אורגני כרם 750 מל,מיליליטרים,750.00,"100 מ""ל",false,12,34.90,4.6533,true,1,31097
7290017924878,false,בורגל דק אורגני כרם,כרם תעשיות,IL,בורגל דק אורגני כרם 500 גרם,גרמים,500.00,100 גרם,false,1,8.90,1.7800,true,1,31132
7290017924885,false,שבולת שועל דקה אורגנ,כרם תעשיות,IL,שבולת שועל דקה אורגנית כרם 400 גרם,גרמים,400.00,100 גרם,false,1,8.90,2.2250,true,1,31142
7290017924892,false,רסק עגבניות אורגני כ,קומפניה אלימנטרה איט,IT,תרסיס שמן אורז טהור כרם 200 מל,גרמים,200.00,100 גרם,false,6,10.00,5.0000,true,1,29475
7290017924915,false,טחינה מלאה כרם אוגני,הנסיך,IL,טחינה מלאה כרם אוגנית 450 גרם,גרמים,450.00,100 גרם,false,12,13.90,3.0889,true,1,32765
7290017924939,false,טחינה כרם עם שום בקב,הנסיך,IL,טחינה כרם עם שום לחיץ 300 גרם,גרמים,300.00,100 גרם,false,12,10.90,3.6333,true,1,32766
7290017924946,false,טחינה כרם עם חריף בק,הנסיך,IL,טחינה כרם עם חריף בקבוק לחיץ 300 גרם,גרמים,300.00,100 גרם,false,24,10.90,3.6333,true,1,38720
7290017925028,false,מארז 3יח בירה צרי שו,,,מארז 3יח בירה צרי שוף 330מל בק. פקדון,מיליליטרים,990.00,"100 מ""ל",false,8,28.90,2.9192,true,1,42816
7290017925318,false,מארז 4יח בירה בלו מו,,,מארז 4יח בירה בלו מון 330 מל בק. פקדון,מיליליטרים,1320.00,"100 מ""ל",false,1,39.90,3.0227,true,1,24273
7290017925608,false,בירה נגב מייקלר 330,,,בירה נגב מייקלר 330 מל בק. פקדון,מיליליטרים,330.00,"100 מ""ל",false,1,14.90,4.5152,true,1,33084
7290017925967,false,מארז 4יח בירה מלכה,"בירה מלכה בע""מ",IL,מארז 4יח בירה מלכה  330מל בק.פקדון,מיליליטרים,1320.00,"100 מ""ל",false,4,42.30,3.2045,true,1,44030
7290017928036,false,מקלות גריסיני שומשום,מאיר את בייגל,IL,מקלות גריסיני שומשום175 גרם מאיר בייגל,גרמים,175.00,100 גרם,false,15,11.90,6.8000,true,1,22802
7290017928043,false,מקלות גריסיני קרנץ מ,מאיר את בייגל,IL,מקלות גריסיני קרנץ מלח175 גר מאיר בייגל,גרמים,175.00,100 גרם,false,15,11.90,6.8000,true,1,22803
7290017928098,false,בייגלה שטוחלה מלוח 3,מאיר את בייגל,IL,בייגלה שטוחלה מלוח 330 ג מאיר בייגל,גרמים,330.00,100 גרם,false,15,11.90,3.6061,true,1,35031
7290017928210,false,בייגלה גדול שומשום 2,מאיר את בייגל,IL,בייגלה גדול שומשום 250 ג מאיר בייגל,גרמים,250.00,100 גרם,false,15,11.90,4.7600,true,1,22793
7290017928227,false,בייגלה שטוחלה פינוקי,מאיר את בייגל,IL,בייגלה שטוחלה פינוקים 300 ג מאיר בייגל,גרמים,300.00,100 גרם,false,15,11.90,3.9667,true,1,22797
7290017928272,false,בייגלה שטוח פרו שומש,מאיר את בייגל,IL,בייגלה שטוח פרו שומשום 170ג מאיר בייגל,גרמים,170.00,100 גרם,false,15,11.90,7.0000,true,1,31804
7290017928432,false,מקלות גריסיני קרנץ פ,מאיר את בייגל,IL,מקלות גריסיני קרנץ פרג175 גר מאיר בייגל,גרמים,175.00,100 גרם,false,15,11.90,6.8000,true,1,22804
7290017928449,false,בייגלה שטוחלה פרו מל,מאיר את בייגל,IL,בייגלה שטוחלה פרו מלח 170 ג מאיר בייגל,גרמים,170.00,100 גרם,false,15,11.90,7.0000,true,1,22798
7290017928463,false,סמאש שיברי בייגלה דב,,BG,סמאש שיברי בייגלה דבש חרדל בצל300גר,גרמים,300.00,100 גרם,false,12,13.90,4.6333,true,1,29569
7290017928524,false,בייגלה שטוח ניגובים,מאיר את בייגל,IL,בייגלה שטוח ניגובים מלוח 330 גרם,גרמים,330.00,100 גרם,false,15,11.90,3.6061,true,1,35028
7290017928609,false,בייגלה טבעות שומשום,מאיר את בייגל,IL,בייגלה טבעות שומשום 330 ג מאיר בייגל,גרמים,300.00,100 גרם,false,15,11.90,3.9667,true,1,22791
7290017928616,false,54 שומשום 300 ג מאיר,מאיר את בייגל,IL,בייגלה שטוחלה שומשום 300 ג מאיר בייגל,גרמים,300.00,100 גרם,false,15,11.90,3.9667,true,1,22795
7290017928630,false,מקלות גריסיני קרנץ פ,מאיר את בייגל,IL,מקלות גריסיני קרנץ פינו175 גר מאיר בייגל,גרמים,175.00,100 גרם,false,15,11.90,6.8000,true,1,22805
7290017928661,false,סמאש שיברי בייגלה טע,,BG,סמאש שיברי בייגלה טעם צדר 300 גר,גרמים,300.00,100 גרם,false,12,13.90,4.6333,true,1,29570
7290017928685,false,בייגלה שמיניות מלח 4,מאיר את בייגל,IL,בייגלה שמיניות מלח 400 ג מאיר בייגל,גרמים,400.00,100 גרם,false,15,11.90,2.9750,true,1,35030
7290017928722,false,בייגלה שטוח ניגובים,מאיר את בייגל,IL,בייגלה שטוח ניגובים שומשום 330 גרם,גרמים,330.00,100 גרם,false,15,11.90,3.6061,true,1,35029
7290017928746,false,פרורי בייגלה 200 גר,,,פרורי בייגלה 200 גר מאיר בייגל,גרמים,200.00,100 גרם,false,1,6.90,3.4500,true,1,40305
7290017928807,false,בייגלה אצבעות שומשום,מאיר את בייגל,IL,בייגלה אצבעות שומשום 300 ג מאיר בייגל,גרמים,300.00,100 גרם,false,15,11.90,3.9667,true,1,22792
7290017928821,false,מקלות גריסיני קלאסי,מאיר את בייגל,IL,מקלות גריסיני קלאסי 200 גרם מאיר בייגל,גרמים,200.00,100 גרם,false,15,11.90,5.9500,true,1,22801
7290017932088,false,תחתית אפויה לפאי גאל,גילסטר מרי לי,,תחתית אפויה לפאי גאלה 170 גרם,גרמים,170.00,100 גרם,false,1,14.90,8.7647,true,1,24892
7290017932316,false,רוטב פסטה דיניקולה ע,ג'יאובני פוד,US,רוטב פסטה דיניקולה עם שמן זית 680 ג,גרמים,680.00,100 גרם,false,12,16.90,2.4853,true,1,40874
7290017932781,false,גל כביסה אסותא 5ליטר,טרופיקל דגיל,IL,גל כביסה אסותא 5ליטר כחול,ליטרים,4.00,ליטר,false,4,25.90,6.4750,true,1,25836
7290017946368,false,מארז 3יח סבון אסלה ס,,,מארז 3יח סבון אסלה סוד כדוריות אוקיינוס,יחידה,3.00,יחידה,false,1,14.90,4.9667,true,1,28350
7290017946399,false,מרכך כביסה סוד מרוכז,הנקל,IL,מרכך כביסה סוד מרוכז 900מל אדום,מיליליטרים,900.00,"100 מ""ל",false,12,11.90,1.3222,true,1,39490
7290017946474,false,תחליב רחצה הוואי סוד,טרופיקל דגיל,IL,תחליב רחצה הוואי סודות פולינזיה 700מל,מיליליטרים,700.00,"100 מ""ל",false,1,8.90,1.2714,true,1,22925
7290017946542,false,מרכך כביסה סוד מרוכז,,,מרכך כביסה סוד מרוכז 1.8 ליטר שושן פראי,מיליליטרים,1800.00,"100 מ""ל",false,1,21.90,1.2167,true,1,26808
7290017946740,false,מרכך כביסה סוד מרוכז,,,מרכך כביסה סוד מרוכז 1.8 ליטר שמיים רענן,מיליליטרים,1800.00,"100 מ""ל",false,1,21.90,1.2167,true,1,26809
7290017946764,false,מנקה מכונת כביסה 150,הנקל,DE,מנקה מכונת כביסה 150גר,גרמים,150.00,100 גרם,false,6,15.90,10.6000,true,1,28349
7290017946979,false,גל כביסה פרסיל 2.4לי,הנקל,IL,גל כביסה פרסיל 2.4ליטר דיפ קלין,מיליליטרים,2400.00,"100 מ""ל",false,6,29.90,1.2458,true,1,29500
7290017973210,false,משקה ציה בטעם מנגו ל,,,משקה ציה בטעם מנגו ללא סוכר 290מל פקדון,מיליליטרים,290.00,"100 מ""ל",false,24,6.90,2.3793,true,1,42569
7290017973227,false,משקה ציה בטעם אננס ל,,,משקה ציה בטעם אננס ללא סוכר 290מל פקדון,מיליליטרים,290.00,"100 מ""ל",false,24,6.90,2.3793,true,1,42572
7290017973234,false,משקה ציה טעם קוקטייל,,,משקה ציה טעם קוקטייל פרי ל.סוכר290מל פקד,מיליליטרים,290.00,"100 מ""ל",false,24,6.90,2.3793,true,1,42573
7290017973241,false,משקה ציה בטעם אפרסק,,,משקה ציה בטעם אפרסק ללא סוכר 290מל פקדון,מיליליטרים,290.00,"100 מ""ל",false,24,6.90,2.3793,true,1,42570
7290017973258,false,משקה ציה בטעם קיווי,,,משקה ציה בטעם קיווי ללא סוכר 290מל פקדון,מיליליטרים,290.00,"100 מ""ל",false,24,6.90,2.3793,true,1,42571
7290017973302,false,משקה ציה טעם קוקטייל,,IL,משקה ציה טעם קוקטייל 1 ליטר בק. פקדון,ליטרים,1.00,ליטר,false,12,13.90,13.9000,true,1,30116
7290017973319,false,משקה ציה טעם אפרסק 1,,IL,משקה ציה טעם אפרסק 1 ליטר בק. פקדון,ליטרים,1.00,ליטר,false,12,13.90,13.9000,true,1,30115
7290017973326,false,משקה ציה טעם אננס 1,,IL,משקה ציה טעם אננס 1 ליטר בק. פקדון,ליטרים,1.00,ליטר,false,12,13.90,13.9000,true,1,30114
7290017973333,false,משקה ציה טעם קיווי 1,,IL,משקה ציה טעם קיווי 1 ליטר בק. פקדון,ליטרים,1.00,ליטר,false,12,13.90,13.9000,true,1,30117
7290017973425,false,פילה הרינג ריגה שמן,,LV,פילה הרינג ריגה שמן צמחי 200 גרם,גרמים,200.00,100 גרם,false,24,6.90,3.4500,true,1,28233
7290017973807,false,משקה איזוטוני 710 מל,,,משקה איזוטוני 710 מל טעם דובדבן,מיליליטרים,710.00,"100 מ""ל",false,1,9.90,1.3944,true,1,32384
7290017973814,false,משקה איזוטוני 710 מל,,,משקה איזוטוני 710 מל טעם פירות יער,מיליליטרים,710.00,"100 מ""ל",false,1,9.90,1.3944,true,1,32385
7290017973821,false,משקה איזוטוני 710 מל,,,משקה איזוטוני 710 מל טעם לימון,מיליליטרים,710.00,"100 מ""ל",false,1,9.90,1.3944,true,1,32386
7290017973852,false,מים מועשרים בויטמיני,,,מים מועשרים בויטמינים טעם פ.יער 710מל,מיליליטרים,710.00,"100 מ""ל",false,1,9.90,1.3944,true,1,32389
7290017974002,false,רביולי 4 גבינות 450ג,,IL,רביולי 4 גבינות 450גרם,גרמים,450.00,100 גרם,false,12,15.90,3.5333,true,1,42154
7290017974057,false,בלינצס תפוא מצופה 45,,IL,בלינצס תפוא מצופה 450 גרם,גרמים,400.00,100 גרם,false,16,15.90,3.9750,true,1,42146
7290017974132,false,בלינצס תפוחי עץ 400ג,,IL,בלינצס תפוחי עץ 400גר,גרמים,400.00,100 גרם,false,16,15.90,3.9750,true,1,42143
7290017974255,false,קרפלך גבינה מתוקה 60,,IL,קרפלך גבינה מתוקה 600 גרם,גרמים,600.00,100 גרם,false,12,22.90,3.8167,true,1,42151
7290017974583,false,רביולי בטטה 450 גרם,,IL,רביולי בטטה 450 גרם,גרמים,450.00,100 גרם,false,12,15.90,3.5333,true,1,42152
7290017974873,false,כיסונים למרק במילוי,,IL,כיסונים למרק במילוי בשר והודו 750גר,גרמים,750.00,100 גרם,false,10,25.90,3.4533,true,1,42148
7290017974927,false,בלינצס תפוא פטריות 4,,IL,בלינצס תפוא פטריות 400גר,גרמים,400.00,100 גרם,false,16,15.90,3.9750,true,1,42142
7290017983134,false,יין אדיר כרם בן זמרה,,,יין אדיר כרם בן זמרה מרסלן רוזה,מיליליטרים,750.00,"100 מ""ל",false,1,85.00,11.3333,true,1,30322
7290017983165,false,יין אדיר כרם בן זמרה,,,יין אדיר כרם בן זמרה 750 מל,מיליליטרים,750.00,"100 מ""ל",false,6,85.00,11.3333,true,1,33135
7290017983172,false,יין אדיר כרם בן גרנא,,,יין אדיר כרם בן גרנאש לבן 750 מל,מיליליטרים,750.00,"100 מ""ל",false,6,85.00,11.3333,true,1,33137
7290017983295,false,יין אדיר ווין מייקר,,,יין אדיר ווין מייקר מלבק 750 מל,מיליליטרים,750.00,"100 מ""ל",false,1,109.00,14.5333,true,1,42418
7290017983318,false,יין אדיר ווין מייקר,,,יין אדיר ווין מייקר מרסלן 750 מל,מיליליטרים,750.00,"100 מ""ל",false,1,109.00,14.5333,true,1,42419
7290018011126,false,מאגדת 5יח ארטיק תמרה,תמרה ארטיק,IL,מאגדת 5יח ארטיק תמרה סורבה אננס מנגו פסי,יחידה,5.00,יחידה,false,1,39.90,7.9800,true,1,42794
7290018011324,false,מאגדת 5יח ארטיק תמרה,תמרה ארטיק,IL,מאגדת 5יח ארטיק תמרה סורבה קוקוס,יחידה,5.00,יחידה,false,1,39.90,7.9800,true,1,42793
7290018011522,false,מאגדת 5יח ארטיק תמרה,תמרה ארטיק,IL,מאגדת 5יח ארטיק תמרה שוקולד ובננה,יחידה,5.00,יחידה,false,1,39.90,7.9800,true,1,42792
7290018011690,false,מאגדת 4יח ארטיק תמרה,תמרה ארטיק,IL,מאגדת 4יח ארטיק תמרה בננה שוקולד,יחידה,4.00,יחידה,false,1,34.90,8.7250,true,1,40041
7290018011713,false,מאגדת 5יח ארטיק תמרה,תמרה ארטיק,IL,מאגדת 5יח ארטיק תמרה יוגורט תות מקופלת,יחידה,5.00,יחידה,false,1,39.90,7.9800,true,1,42791
7290018045497,false,דגני כריות בון בון ב,,DE,דגני כריות בון בון במילוי שוקולד 80 גרם,גרמים,480.00,100 גרם,false,14,16.90,3.5208,true,1,40243
7290018045695,false,דגני כריות בון בון ב,,DE,דגני כריות בון בון במילוי קרמל מלוח480גר,גרמים,480.00,100 גרם,false,14,16.90,3.5208,true,1,40244
7290018045893,false,דגני כריות בון בון ב,,DE,דגני כריות בון בון במילוי נוגט 480 גרם,גרמים,480.00,100 גרם,false,14,16.90,3.5208,true,1,40242
7290018071182,false,שקיות להקפאה ריץ רץ,הוסטס,IL,שקיות להקפאה ריץ רץ 18/19סמ 15יח,יחידה,15.00,יחידה,false,24,10.90,0.7267,true,1,30648
7290018071199,false,שקיות ענקיות להקפאה,הוסטס,IL,שקיות ענקיות להקפאה ריץרץ 26/28סמ 15יח,יחידה,15.00,יחידה,false,24,13.90,0.9267,true,1,30647
7290018071205,false,כפפות ניטרו וי כחולו,סייף טאצ,TH,כפפות ניטרו וי כחולות סמול 100יח ל.אבקה,יחידה,100.00,יחידה,false,10,14.90,0.1490,true,1,31331
7290018071212,false,כפפות ניטרו וי כחולו,סייף טאצ,TH,כפפות ניטרו וי כחולות מדיום 100יח ל.אבקה,יחידה,100.00,יחידה,false,10,14.90,0.1490,true,1,31332
7290018071229,false,כפפות ניטרו וי כחולו,סייף טאצ,TH,כפפות ניטרו וי כחולות לארג 100יח ל.אבקה,יחידה,100.00,יחידה,false,10,14.90,0.1490,true,1,31333
7290018071236,false,כפפות ניטרו וי כחולו,סייף טאצ,TH,כפפות ניטרו וי כחולות אקס אל100יח ל.אבקה,יחידה,100.00,יחידה,false,10,14.90,0.1490,true,1,31334
7290018071243,false,כפפות פלסטיק שחור אל,איזי טאצ,CN,כפפות פלסטיק שחור אלסטי סמול ל.אבקה100יח,יחידה,100.00,יחידה,false,20,9.90,0.0990,true,1,29878
7290018071250,false,כפפות פלסטיק שחור אל,איזי טאצ,CN,כפפות פלסטיק שחור אלסטי מדיוםל.אבקה100יח,יחידה,100.00,יחידה,false,20,9.90,0.0990,true,1,29879
7290018071267,false,כפפות פלסטיק שחור אל,איזי טאצ,CN,כפפות פלסטיק שחור אלסטי לארג ל.אבקה100יח,יחידה,100.00,יחידה,false,20,9.90,0.0990,true,1,29880
7290018071274,false,כפפות פלסטיק שחור אל,איזי טאצ,CN,כפפות פלסטיק שחור אלסטי אקסטרה ל.אבקה100,יחידה,100.00,יחידה,false,20,9.90,0.0990,true,1,29881
7290018071281,false,נייר אפיה בגליל 25מט,,,נייר אפיה בגליל 25מטר 37סמ עם סכין חיתוך,מטרים,25.00,מטר,false,1,15.90,0.6360,true,1,31330
7290018071519,false,פלסטר גל 5 יחידות למ,,CN,פלסטר גל 5 יחידות למניעת שלפוחיות,יחידה,5.00,יחידה,false,24,24.90,4.9800,true,1,43911
7290018071526,false,פלסטר נייר בגליל 9.1,,CN,פלסטר נייר בגליל 9.1מטר,מטרים,9.10,מטר,false,24,10.90,1.1978,true,1,43912
7290018071571,false,פדים אובלים 40יחידות,,TR,פדים אובלים 40יחידות להסרת איפור,יחידה,40.00,יחידה,false,20,6.90,0.1725,true,1,43910
7290018091029,false,מקלות פילו תפוחי אדמ,תנובה מעדנות,IL,מקלות פילו תפוחי אדמה 450גר מעדנות,גרמים,450.00,100 גרם,false,10,18.90,4.2000,true,1,25305
7290018091074,false,בצק עוגיות שוקולד צי,תנובה מעדנות,IL,בצק עוגיות שוקולד ציפס 300גר מעדנות,גרמים,300.00,100 גרם,false,24,18.90,6.3000,true,1,43606
7290018091258,false,חטיפי פיצה גבינה עם,תנובה מעדנות,IL,חטיפי פיצה גבינה עם גרעיני תירס 740גר,גרמים,740.00,100 גרם,false,8,22.90,3.0946,true,1,32039
7290018091265,false,פיצה נפוליטנה 330גר,,,פיצה נפוליטנה 330גר מעדנות,גרמים,330.00,100 גרם,false,10,21.90,6.6364,true,1,38650
7290018091272,false,בצק עוגיות קקאו טריפ,תנובה מעדנות,IL,בצק עוגיות קקאו טריפל שוקולד ציפס 300גר,גרמים,300.00,100 גרם,false,24,18.90,6.3000,true,1,43607
7290018091470,false,גלילת ביסקוויטים טעם,תנובה מעדנות,IL,גלילת ביסקוויטים טעם שוקולד 300גר מעדנות,גרמים,300.00,100 גרם,false,24,18.90,6.3000,true,1,43608
7290018091661,false,פיצה ירקות שוק 380גר,,,פיצה ירקות שוק 380גר מעדנות,גרמים,380.00,100 גרם,false,9,21.90,5.7632,true,1,38651
7290018091821,false,פיצה נפוליטנה 200גר,תנובה מעדנות,IL,פיצה נפוליטנה 200גר מעדנות,גרמים,200.00,100 גרם,false,12,10.90,5.4500,true,1,27506
7290018091876,false,מאפה פילו גבינה 320ג,,,מאפה פילו גבינה 320גר מעדנות,גרמים,320.00,100 גרם,false,12,21.90,6.8437,true,1,41635
7290018098486,false,פיצה מרגריטה 350גרם,,IL,פיצה מרגריטה 350גרם מילק פריי,גרמים,350.00,100 גרם,false,10,21.90,6.2571,true,1,41780
7290018098493,false,פיצה מרגריטה בתוספת,,IL,פיצה מרגריטה בתוספת זית 350גר מילק פריי,גרמים,350.00,100 גרם,false,10,21.90,6.2571,true,1,41781
7290018098578,false,המבורגר טבעוני ביף פ,,,המבורגר טבעוני ביף פריי 230 גר,גרמים,230.00,100 גרם,false,8,21.90,9.5217,true,1,42407
7290018098585,false,קציצות טבעוניות ביף,,,קציצות טבעוניות ביף פריי 230 גר,גרמים,230.00,100 גרם,false,8,21.90,9.5217,true,1,42408
7290018098592,false,שווארמה טבעוניות ביף,,,שווארמה טבעוניות ביף פריי 230 גר,גרמים,230.00,100 גרם,false,8,21.90,9.5217,true,1,42409
7290018127001,false,חטיפי שוקולד פצפוצים,,,חטיפי שוקולד פצפוצים חלווה פולי קפה 230ג,גרמים,230.00,100 גרם,false,1,29.90,13.0000,true,1,21509
7290018127018,false,חטיפי שוקולד פצפוצים,,,חטיפי שוקולד פצפוצים שקדים וטחינה 230גר,גרמים,230.00,100 גרם,false,1,29.90,13.0000,true,1,21510
7290018127032,false,חטיף DATE טבעות תמר,רום גת,IL,חטיף DATE טבעות תמר ואגוז טבעוני 220 גר,גרמים,220.00,100 גרם,false,12,29.90,13.5909,true,1,21604
7290018127049,false,חטיף DATE  תמר קקאו,רום גת,IL,חטיף DATE  תמר קקאו טבעוני 200 DRO,גרמים,280.00,100 גרם,false,12,29.90,10.6786,true,1,21602
7290018127056,false,חטיף DATE תמר חמאת ב,רום גת,IL,חטיף DATE תמר חמאת בוטנים טבעוני 280 גר,גרמים,280.00,100 גרם,false,12,29.90,10.6786,true,1,21603
7290018127285,false,גרנולה קראנץ קינמון,,,גרנולה קראנץ קינמון  ללא גלוטן 250 גר,גרמים,250.00,100 גרם,false,1,22.90,9.1600,true,1,40214
7290018127292,false,גרנולה קראנץ קלאסית,,,גרנולה קראנץ קלאסית 250 גר,גרמים,250.00,100 גרם,false,1,22.90,9.1600,true,1,40213
7290018127452,false,ביסקוויט פתיבר 200 ג,רום גת,IL,ביסקוויט פתיבר 200 גר גלוטרי,גרמים,200.00,100 גרם,false,12,12.90,6.4500,true,1,24056
7290018127469,false,ביסקוויט פתיבר שוקול,רום גת,IL,ביסקוויט פתיבר שוקולד 200 גר גלוטרי,גרמים,200.00,100 גרם,false,12,12.90,6.4500,true,1,24057
7290018131053,false,מאגדת קרחוני לימון א,גלידות נסטלה,,מאגדת קרחוני לימון אננס וולנס 7יח,יחידה,7.00,יחידה,false,1,26.90,3.8429,true,1,23132
7290018131466,false,מאגדת שלגון מילקה 4י,גלידות נסטלה,ES,מאגדת שלגון מילקה 4יח,יחידה,4.00,יחידה,false,8,25.90,6.4750,true,1,24372
7290018131534,false,מאגדת מילקה מיני ביי,גלידות נסטלה,ES,מאגדת מילקה מיני בייטס 3יח,יחידה,3.00,יחידה,false,8,16.90,5.6333,true,1,25987
7290018131558,false,מאגדת אוראו מיני ביי,גלידות נסטלה,PL,מאגדת אוראו מיני בייטס 3יח,יחידה,3.00,יחידה,false,8,16.90,5.6333,true,1,25988
7290018131756,false,מאגדת  שלגוני  וניל,גלידות נסטלה,,מאגדת  שלגוני  וניל מצופה תות 8יח 55גר,Unknown,0.00,Unknown,false,1,29.90,0.0000,true,1,29319
7290018131831,false,מאגדת שלגון מילקה קר,גלידות נסטלה,ES,מאגדת שלגון מילקה קראנצי 4יח,יחידה,4.00,יחידה,false,8,36.90,9.2250,true,1,43682
7290018131855,false,מאגדת טילון בראוניז,גלידות נסטלה,,מאגדת טילון בראוניז אקסטרים 6 יחידות,יחידה,6.00,יחידה,false,1,33.90,5.6500,true,1,30943
7290018131879,false,מאגדת טילון ריבת חלב,גלידות נסטלה,,מאגדת טילון ריבת חלב אקסטרים 6 יחידות,יחידה,6.00,יחידה,false,1,33.90,5.6500,true,1,30942
7290018131954,false,מאגדת לה פרוטה שוקול,גלידות נסטלה,,מאגדת לה פרוטה שוקולד תות 5יח 70גר,Unknown,0.00,Unknown,false,1,29.90,0.0000,true,1,29317
7290018132388,false,מטרנה גולד שלב 2  70,מטרנה,IL,מטרנה גולד שלב 2  700 גר,גרמים,700.00,100 גרם,false,12,79.90,11.4143,true,1,44645
7290018140055,false,בורגר פטריות טבעוני,,,בורגר פטריות טבעוני 2יח 250גר ריינבו,גרמים,250.00,100 גרם,false,1,24.90,9.9600,true,1,27769
7290018140062,false,בורגר ברביקיו גריל,,,בורגר ברביקיו גריל  טבעוני 2יח 250גר,גרמים,250.00,100 גרם,false,1,24.90,9.9600,true,1,27768
7290018140086,false,בורגר ספרדי טבעוני 2,,,בורגר ספרדי טבעוני 2יח 250גר,גרמים,250.00,100 גרם,false,1,24.90,9.9600,true,1,38600
7290018140345,false,נתחי סויה צורת כנפיי,,,נתחי סויה צורת כנפיים יובה 300גר ריינבו,גרמים,300.00,100 גרם,false,1,14.90,4.9667,true,1,31927
7290018140390,false,שווארמה טבעונית להכנ,,,שווארמה טבעונית להכנה מהירה 350גר ריינבו,גרמים,350.00,100 גרם,false,1,29.90,8.5429,true,1,38135
7290018140499,false,שניצל מן הצומח 200גר,,IL,שניצל מן הצומח 200גר הקצב הכחול,גרמים,200.00,100 גרם,false,1,25.90,12.9500,true,1,44238
7290018140543,false,כמו בשר טחון 300גרם,,,כמו בשר טחון 300גרם ריינבו,גרמים,300.00,100 גרם,false,1,29.90,9.9667,true,1,38132
7290018140611,false,נקניקיות צוריסוס טבע,,,נקניקיות צוריסוס טבעוניות 3יח 300גר,גרמים,300.00,100 גרם,false,1,39.90,13.3000,true,1,38125
7290018140697,false,שניצלונים מן הצומח 2,,IL,שניצלונים מן הצומח 200גר הקצב הכחול,גרמים,200.00,100 גרם,false,1,25.90,12.9500,true,1,44239
7290018140741,false,רצועות סויה בסגנון ב,,,רצועות סויה בסגנון בקר 300גרם ריינבו,גרמים,300.00,100 גרם,false,1,29.90,9.9667,true,1,38133
7290018140819,false,נקניקיות מרגז טבעוני,,,נקניקיות מרגז טבעוניות 3יח 300גר ריינבו,גרמים,300.00,100 גרם,false,1,39.90,13.3000,true,1,38124
7290018140833,false,עראייס טבעוני 300גר,,,עראייס טבעוני 300גר מחנה יהודה  4יח,גרמים,300.00,100 גרם,false,1,29.90,9.9667,true,1,43260
7290018156056,false,מקדם הגנה אולטרסול ס,פישר תעשיות,,מקדם הגנה אולטרסול סטיק 50,Unknown,0.00,Unknown,false,1,54.90,0.0000,true,1,29496
7290018156063,false,אולטרסול קידס סטיק 5,פישר תעשיות,,אולטרסול קידס סטיק 50,Unknown,0.00,Unknown,false,1,49.90,0.0000,true,1,30664
7290018156087,false,שמפו סרקל אקטיב 450,פישר תעשיות,IL,שמפו סרקל אקטיב 450 מל,מיליליטרים,450.00,"100 מ""ל",false,12,24.90,5.5333,true,1,26860
7290018156490,false,מרכך סרקל קיץ 750מל,פישר תעשיות,IL,מרכך סרקל קיץ 750מל,מיליליטרים,750.00,"100 מ""ל",false,1,24.90,3.3200,true,1,25346
7290018165010,false,יין רזרב גוורצטרמינר,,,יין רזרב גוורצטרמינר גולד 750 מל,מיליליטרים,750.00,"100 מ""ל",false,1,45.00,6.0000,true,1,23280
7290018165027,false,יין רזרב רוזה גולד 7,,,יין רזרב רוזה גולד 750 מל,מיליליטרים,750.00,"100 מ""ל",false,1,45.00,6.0000,true,1,23281
7290018165447,false,יין רזרב גולד מרלו 7,,,יין רזרב גולד מרלו 750 מל,מיליליטרים,750.00,"100 מ""ל",false,1,45.00,6.0000,true,1,29857
7290018175002,false,מארז 3יח פיתה מתנפחת,,IL,מארז 3יח פיתה מתנפחת ללא גלוטן 330גר,גרמים,330.00,100 גרם,false,6,19.90,6.0303,true,1,28844
7290018175026,false,עוגיות אלפחורס ללא ג,,IL,עוגיות אלפחורס ללא גלוטן 250גר,גרמים,250.00,100 גרם,false,6,34.90,13.9600,true,1,28853
7290018175224,false,אצבעות בייגלה ירושלמ,,IL,אצבעות בייגלה ירושלמי 220גר,גרמים,220.00,100 גרם,false,12,14.90,6.7727,true,1,40911
7290018175408,false,מארז 2יח פיתה זעתר ל,,IL,מארז 2יח פיתה זעתר ללא גלוטן 240גר,גרמים,240.00,100 גרם,false,9,24.90,10.3750,true,1,28846
7290018175620,false,מארז 5יח פיתה מתנפחת,,IL,מארז 5יח פיתה מתנפחת ללא גלוטן 400גר,גרמים,400.00,100 גרם,false,9,22.90,5.7250,true,1,40910
7290018198056,false,ציפס  קוביות  תפוגן,תפוגן,,ציפס  קוביות  תפוגן 1.5קג,קילוגרמים,1.50,"ק""ג",false,1,19.90,13.2667,true,1,26254
7290018198100,false,ציפס  רוסטיק  תפוגן,תפוגן,,ציפס  רוסטיק  תפוגן 1.5קג,גרמים,1500.00,100 גרם,false,1,19.90,1.3267,true,1,27147
7290018198148,false,ציפס קריספי קלאסי תפ,תפוגן,IL,ציפס קריספי קלאסי תפוגן 1.25קג,גרמים,1250.00,100 גרם,false,9,19.90,1.5920,true,1,38231
7290018198209,false,ציפס בטטה קראנצי 500,תפוגן,IL,ציפס בטטה קראנצי 500גר תפוגן,גרמים,500.00,100 גרם,false,18,19.90,3.9800,true,1,28993
7290018198254,false,ציפס קריספי פוטטוס ת,תפוגן,IL,ציפס קריספי פוטטוס תפוגן 1.25קג,גרמים,1250.00,100 גרם,false,9,19.90,1.5920,true,1,38232
7290018213094,false,מטאטא לילי,,,מטאטא לילי,יחידה,1.00,יחידה,false,1,17.90,17.9000,true,1,24955
7290018213100,false,מגבונים לניקוי וחיטו,,IL,מגבונים לניקוי וחיטוי משטחים 400יח בדלי,יחידה,400.00,יחידה,false,6,18.90,0.0472,true,1,38652
7290018213247,false,מטליות לחות לרצפות 1,,IL,מטליות לחות לרצפות 10יח 99%משמיד חיידקים,יחידה,10.00,יחידה,false,12,8.90,0.8900,true,1,25086
7290018213254,false,מארז 3יח מגבות מטבח,,IL,מארז 3יח מגבות מטבח עבות,יחידה,3.00,יחידה,false,1,11.90,3.9667,true,1,27701
7290018213261,false,מארז 3יח מטליות מיקר,,CN,מארז 3יח מטליות מיקרופייבר למשטחים,יחידה,3.00,יחידה,false,36,10.90,3.6333,true,1,38653
7290018213476,false,כף אשפה נאון,,IT,כף אשפה נאון,יחידה,1.00,יחידה,false,12,16.90,16.9000,true,1,41670
7290018213636,false,מגב פליפ עם ספוג לחל,,CN,מגב פליפ עם ספוג לחלונות+ידית,יחידה,1.00,יחידה,false,24,9.90,9.9000,true,1,30259
7290018213766,false,מפות שולחן ניילון שק,,,מפות שולחן ניילון שקוף 6יח 3מטר 1.35סמ,יחידה,6.00,יחידה,false,30,7.90,1.3167,true,1,40963
7290018213964,false,סט קופסאות אחסון 3יח,,IL,סט קופסאות אחסון 3יח 800מל,יחידה,3.00,יחידה,false,63,7.90,2.6333,true,1,38665
7290018213971,false,סט קופסאות אחסון 3יח,,IL,סט קופסאות אחסון 3יח 1000מל,יחידה,3.00,יחידה,false,63,7.90,2.6333,true,1,38666
7290018213988,false,סט קופסאות אחסון 3יח,,IL,סט קופסאות אחסון 3יח 1200מל,יחידה,3.00,יחידה,false,54,7.90,2.6333,true,1,38667
7290018215814,false,יין אלכסנדר רזרב מרל,,,יין אלכסנדר רזרב מרלו 750 מל,מיליליטרים,750.00,"100 מ""ל",false,6,149.00,19.8667,true,1,24204
7290018228586,false,מפיץ ריח מיוחד,,,מפיץ ריח מיוחד,יחידה,1.00,יחידה,false,1,29.90,29.9000,true,1,40892
7290018236635,false,שניצל צונגו פופקורן,עוף טוב,IL,שניצל צונגו פופקורן מצופה 600 גר עוף טוב,גרמים,600.00,100 גרם,false,12,39.90,6.6500,true,1,28991
7290018236659,false,שניצל צונגו פופקורן,עוף טוב,IL,שניצל צונגו פופקורן ציפוי מתובל 600גר עט,גרמים,600.00,100 גרם,false,12,39.90,6.6500,true,1,28992
7290018237281,false,נקניק סלמי ירדן 550ג,עוף טוב,,נקניק סלמי ירדן 550גר עוף טוב,גרמים,550.00,100 גרם,false,1,25.90,4.7091,true,1,31329
7290018237304,false,פסטרמה מקסיקנית 200ג,עוף טוב,IL,פסטרמה מקסיקנית 200גר נתח שלם ע.טוב,גרמים,200.00,100 גרם,false,8,15.90,7.9500,true,1,32902
7290018237328,false,פסטרמה במעשנה 200גר,עוף טוב,IL,פסטרמה במעשנה 200גר נתח שלם ע.טוב,גרמים,200.00,100 גרם,false,8,15.90,7.9500,true,1,32903
7290018237335,false,פסטרמה מהגריל 200גר,עוף טוב,IL,פסטרמה מהגריל 200גר נתח שלם ע.טוב,גרמים,200.00,100 גרם,false,8,15.90,7.9500,true,1,32904
7290018237373,false,פסטרמה צרובה על הגרי,עוף טוב,IL,פסטרמה צרובה על הגריל300גר נתח שלם ע.טוב,גרמים,300.00,100 גרם,false,8,26.90,8.9667,true,1,32901
7290018237397,false,פסטרמה מקורמלת 300גר,עוף טוב,IL,פסטרמה מקורמלת 300גר נתח שלם עוף טוב,גרמים,300.00,100 גרם,false,8,26.90,8.9667,true,1,32900
7290018237410,false,פסטרמה במעשנה 300גר,עוף טוב,IL,פסטרמה במעשנה 300גר עוף טוב,גרמים,300.00,100 גרם,false,8,26.90,8.9667,true,1,32899
7290018237489,false,פסטרמה ברביקיו דק דק,עוף טוב,IL,פסטרמה ברביקיו דק דק 220גר עוף טוב,גרמים,220.00,100 גרם,false,8,19.90,9.0455,true,1,38547
7290018237496,false,פסטרמה דבש דק דק 220,עוף טוב,IL,פסטרמה דבש דק דק 220גר עוף טוב,גרמים,220.00,100 גרם,false,8,19.90,9.0455,true,1,38546
7290018237502,false,כתף בקר דק דק 200גר,עוף טוב,IL,כתף בקר דק דק 200גר עוף טוב,גרמים,200.00,100 גרם,false,8,19.90,9.9500,true,1,38545
7290018237885,false,נקניקיות עוף טוב אקס,עוף טוב,,נקניקיות עוף טוב אקס אל ללחמניה 370גר,גרמים,370.00,100 גרם,false,1,10.90,2.9459,true,1,41716
7290018237922,false,שניצלונים עוף טוב בצ,עוף טוב,IL,שניצלונים עוף טוב בציפוי ציפס 700גר,גרמים,700.00,100 גרם,false,12,21.90,3.1286,true,1,41414
7290018237939,false,שניצלונים עוף טוב בצ,עוף טוב,IL,שניצלונים עוף טוב בציפוי שומשום 700גר,גרמים,700.00,100 גרם,false,12,21.90,3.1286,true,1,41413
7290018237960,false,נקניק כתף בקר 265גר,עוף טוב,IL,נקניק כתף בקר 265גר עוף טוב,גרמים,265.00,100 גרם,false,8,24.90,9.3962,true,1,42741
7290018249055,false,מארז ממתיק סוויטנגו,,,מארז ממתיק סוויטנגו 100 שקיות,יחידה,100.00,יחידה,false,1,32.90,0.3290,true,1,27604
7290018249123,false,אינסטנט פודינג וניל,,,אינסטנט פודינג וניל ללס 50 גר,גרמים,50.00,100 גרם,false,12,11.90,23.8000,true,1,27606
7290018249291,false,סוכר וניל סוויטאנגו,,,סוכר וניל סוויטאנגו 100 גר,גרמים,100.00,100 גרם,false,12,14.90,14.9000,true,1,37422
7290018249550,false,אינסטנט פודינג שוקול,,,אינסטנט פודינג שוקולד ללס 55 גר,גרמים,55.00,100 גרם,false,12,11.90,21.6364,true,1,30119
7290018249802,false,ממתיק סוויטאנגו 280,,,ממתיק סוויטאנגו 280 גר,גרמים,280.00,100 גרם,false,12,26.90,9.6071,true,1,27605
7290018249994,false,ממתיק סוויטינגו 700,,,ממתיק סוויטינגו 700 גרם,גרמים,700.00,100 גרם,false,6,56.90,8.1286,true,1,27603
7290018254103,false,לקט לקוסקוס 2.5קג פס,,,לקט לקוסקוס 2.5קג פסקוביץ,גרמים,2500.00,100 גרם,false,1,42.90,1.7160,true,1,26688
7290018254110,false,לקט לקוסקוס 700 גרם,,IL,לקט לקוסקוס 700 גרם פסקוביץ,גרמים,700.00,100 גרם,false,1,14.90,2.1286,true,1,28703
7290018254127,false,לקט שורשים 2.5 קג פס,,,לקט שורשים 2.5 קג פסקוביץ,גרמים,2500.00,100 גרם,false,1,42.90,1.7160,true,1,26689
7290018254134,false,לקט שורשים 700 גרם פ,,IL,לקט שורשים 700 גרם פסקוביץ,גרמים,700.00,100 גרם,false,1,14.90,2.1286,true,1,28702
7290018254158,false,מקלות צורוס 500 גרם,,,מקלות צורוס 500 גרם קפוא,גרמים,500.00,100 גרם,false,7,14.90,2.9800,true,1,31383
7290018254264,false,במיה קפואה 1 קג פסקו,,,במיה קפואה 1 קג פסקוביץ גודל 1,קילוגרמים,1.00,"ק""ג",false,1,12.90,12.9000,true,1,26696
7290018254578,false,פרחי ברוקולי 1קג,,,פרחי ברוקולי 1קג,קילוגרמים,1.00,"ק""ג",false,1,19.90,19.9000,true,1,29901
7290018254707,false,שעועית ירוקה שלמה 1ק,,,שעועית ירוקה שלמה 1קג פסקוביץ,קילוגרמים,1.00,"ק""ג",false,1,11.90,11.9000,true,1,32001
7290018255537,false,שעועית ירוקה חתוכה 1,,,שעועית ירוקה חתוכה 1קג פסקוביץ,קילוגרמים,1.00,"ק""ג",false,1,10.90,10.9000,true,1,32000
7290018263020,false,שמן זית מן הזית פח 7,,,שמן זית מן הזית פח 750 מל,מיליליטרים,750.00,"100 מ""ל",false,1,39.90,5.3200,true,1,26178
7290018282151,false,מארז 3יח סבון נוזלי,,IL,מארז 3יח סבון נוזלי אסותא ירוק 500מל,מיליליטרים,1500.00,"100 מ""ל",false,8,10.90,0.7267,true,1,33171
7290018282359,false,מארז 3יח סבון נוזלי,,IL,מארז 3יח סבון נוזלי אסותא סגול 500מל,מיליליטרים,1500.00,"100 מ""ל",false,8,10.90,0.7267,true,1,33172
7290018282557,false,מארז 3יח סבון נוזלי,,IL,מארז 3יח סבון נוזלי אסותא כחול 500מל,מיליליטרים,1500.00,"100 מ""ל",false,8,10.90,0.7267,true,1,33173
7290018282748,false,מארז 3יח סבון נוזלי,,IL,מארז 3יח סבון נוזלי אסותא מעורב 500מל,מיליליטרים,1500.00,"100 מ""ל",false,8,10.90,0.7267,true,1,33177
7290018282755,false,מארז 3יח סבון נוזלי,,IL,מארז 3יח סבון נוזלי אסותא צהוב 500מל,מיליליטרים,1500.00,"100 מ""ל",false,8,10.90,0.7267,true,1,33174
7290018282762,false,מארז 3יח סבון נוזלי,,IL,מארז 3יח סבון נוזלי אסותא לבן 500מל,מיליליטרים,1500.00,"100 מ""ל",false,8,10.90,0.7267,true,1,33175
7290018282960,false,מארז 3יח סבון נוזלי,,IL,מארז 3יח סבון נוזלי אסותא כתום 500מל,מיליליטרים,1500.00,"100 מ""ל",false,8,10.90,0.7267,true,1,33176
7290018293027,false,מקל וניל בורבון מדאג,לורן אויילס,US,מקל וניל בורבון מדאגסקר 3 גרם,Unknown,0.00,Unknown,false,36,21.90,0.0000,true,1,42834
7290018294000,false,יין רוזה קינג דויד 7,כרמל מזרחי,,יין רוזה קינג דויד 750 מל,מיליליטרים,750.00,"100 מ""ל",false,1,25.00,3.3333,true,1,30919
7290018294192,false,יין אדום יבש פי.סי 7,כרמל מזרחי,,יין אדום יבש פי.סי 750 מל,מיליליטרים,750.00,"100 מ""ל",false,1,45.00,6.0000,true,1,39497
7290018294208,false,יין סלקטד אדום יבש 7,כרמל מזרחי,,יין סלקטד אדום יבש 750 מל,מיליליטרים,750.00,"100 מ""ל",false,1,35.00,4.6667,true,1,32375
7290018294352,false,ערק כרמל 700מל 37.5%,כרמל מזרחי,IL,ערק כרמל 700מל 37.5%אלכוהול בק.פקדון,מיליליטרים,700.00,"100 מ""ל",false,12,59.90,8.5571,true,1,39700
7290018294369,false,מיץ ענבים תירוש אדום,כרמל מזרחי,,מיץ ענבים תירוש אדום 750 מל,מיליליטרים,700.00,"100 מ""ל",false,1,15.90,2.2714,true,1,44122
7290018294383,false,יין פינו גריגו לבן ס,כרמל מזרחי,IL,יין פינו גריגו לבן ס.אזורית 750 מל,מיליליטרים,750.00,"100 מ""ל",false,12,60.00,8.0000,true,1,40375
7290018296004,false,לחם מלא מלא דגנים קל,מאפיית אגמי,IL,לחם מלא מלא דגנים קל 750גר,גרמים,750.00,100 גרם,false,1,15.90,2.1200,true,1,23204
7290018296042,false,לחם טוסט אמריקה 500ג,מאפיית אגמי,IL,לחם טוסט אמריקה 500גר,גרמים,500.00,100 גרם,false,1,14.90,2.9800,true,1,37032
7290018296257,false,לחם בריאות ושובע שבו,,,לחם בריאות ושובע שבולת שועל מלא 550 גרם,גרמים,550.00,100 גרם,false,1,16.90,3.0727,true,1,35089
7290018296455,false,לחם דגנים קל מרובע 7,מאפיית אגמי,IL,לחם דגנים קל מרובע 750גר חלי ממן,גרמים,750.00,100 גרם,false,1,18.50,2.4667,true,1,37034
7290018296608,false,לחם בריאות ושובע קל,מאפיית אגמי,IL,לחם בריאות ושובע קל 9 דגנים 600גר,גרמים,600.00,100 גרם,false,1,14.90,2.4833,true,1,23202
7290018296615,false,מארז 10 יח פיתה ביס,מאפיית אגמי,IL,מארז 10 יח פיתה ביס כוסמין מלא,יחידה,10.00,יחידה,false,1,16.90,1.6900,true,1,23206
7290018296653,false,לחם אחיד פלוס כוסמין,מאפיית אגמי,IL,לחם אחיד פלוס כוסמין מרובע 700גר חלי ממן,גרמים,700.00,100 גרם,false,1,18.50,2.6429,true,1,37033
7290018296806,false,לחם בריאות ושובע מוע,מאפיית אגמי,IL,לחם בריאות ושובע מועשר בסיבים 600גר,גרמים,600.00,100 גרם,false,1,14.90,2.4833,true,1,23201
7290018296813,false,פיתה קלה ביס 10יח,,,פיתה קלה ביס 10יח,יחידה,10.00,יחידה,false,1,14.90,1.4900,true,1,23205
7290018333020,false,שלוקים משקה קל בטעם,כרמית,IL,שלוקים משקה קל בטעם ענבים קש 200מל 40יח,יחידה,40.00,יחידה,false,1,36.90,0.9225,true,1,38118
7290018333075,false,משקה טרופית 200מל,כרמית,IL,משקה טרופית 200מל,מיליליטרים,200.00,"100 מ""ל",false,1,1.50,0.7500,true,1,41589
7290018333686,false,גרנולה רפאלס פרו פקא,רפאלס,IL,גרנולה רפאלס פרו פקאן חמוציות250 גרם,גרמים,250.00,100 גרם,false,10,17.90,7.1600,true,1,42591
7290018333945,false,חטיפי רפאלס אגוז שקד,כרמית תעשיות ממתקים,IL,חטיפי רפאלס אגוז שקד וניל 5 יח 150 גרם,גרמים,150.00,100 גרם,false,12,15.90,10.6000,true,1,32496
7290018333952,false,חטיפי רפאלס אגוז וחמ,כרמית תעשיות ממתקים,IL,חטיפי רפאלס אגוז וחמוציות 5 יח 150 גרם,גרמים,150.00,100 גרם,false,12,15.90,10.6000,true,1,32497
7290018333969,false,חטיפי רפאלס שקד וטחי,כרמית תעשיות ממתקים,IL,חטיפי רפאלס שקד וטחינה 5 יח 150 גר,גרמים,150.00,100 גרם,false,12,15.90,10.6000,true,1,32498
7290018333976,false,חטיפי רפאלס קשיו וקו,כרמית תעשיות ממתקים,IL,חטיפי רפאלס קשיו וקוקוס 5 יח 150 גר,גרמים,150.00,100 גרם,false,12,15.90,10.6000,true,1,32499
7290018338001,false,חלבון אפונה אורגנית,,,חלבון אפונה אורגנית 200 גר,גרמים,200.00,100 גרם,false,12,24.90,12.4500,true,1,29362
7290018338032,false,שמן זית אורגני 750 מ,,,שמן זית אורגני 750 מל,מיליליטרים,750.00,"100 מ""ל",false,12,36.90,4.9200,true,1,29365
7290018338148,false,טחינה אורגנית לחיץ 3,,,טחינה אורגנית לחיץ 300 גר,גרמים,300.00,100 גרם,false,24,12.90,4.3000,true,1,29369
7290018338155,false,טחינה אורגנית עם שום,,,טחינה אורגנית עם שום לחיץ 300 גר,גרמים,300.00,100 גרם,false,24,12.90,4.3000,true,1,29370
7290018338193,false,כורכום טחון אורגני 9,,,כורכום טחון אורגני 90 גר,Unknown,0.00,Unknown,false,12,12.90,0.0000,true,1,29547
7290018338216,false,פלפל שחור גרוס אורגנ,,,פלפל שחור גרוס אורגני 80 גר,Unknown,0.00,Unknown,false,12,12.90,0.0000,true,1,29548
7290018338223,false,צילי אדום גרוס אורגנ,,,צילי אדום גרוס אורגני 75 גר,Unknown,0.00,Unknown,false,12,12.90,0.0000,true,1,29549
7290018338230,false,קינמון טחון אורגני 9,,,קינמון טחון אורגני 90 גר גר,Unknown,0.00,Unknown,false,12,12.90,0.0000,true,1,29550
7290018338247,false,כמון טחון אורגני 90,,,כמון טחון אורגני 90 גר גר,Unknown,0.00,Unknown,false,12,12.90,0.0000,true,1,29551
7290018338254,false,אבקת גינגר אורגני 75,,,אבקת גינגר אורגני 75 גר,Unknown,0.00,Unknown,false,12,12.90,0.0000,true,1,29552
7290018338261,false,אבקת כוסבקה אורגני 9,,,אבקת כוסבקה אורגני 90 גר,Unknown,0.00,Unknown,false,12,12.90,0.0000,true,1,29553
7290018338278,false,אבקת קארי אורגנית 90,,,אבקת קארי אורגנית 90 גר,Unknown,0.00,Unknown,false,12,12.90,0.0000,true,1,29554
7290018338285,false,גאראם מסאלה אורגני 9,,,גאראם מסאלה אורגני 90 גר,Unknown,0.00,Unknown,false,12,12.90,0.0000,true,1,29555
7290018338360,false,רסק עגבניות אורגני 2,,IT,רסק עגבניות אורגני 22% 70 גרם,יחידה,1.00,יחידה,false,50,2.90,2.9000,true,1,30104
7290018338377,false,פלפל קאיין אורגני 90,,,פלפל קאיין אורגני 90 גר,Unknown,0.00,Unknown,false,12,12.90,0.0000,true,1,29556
7290018338384,false,ממתיק אריתריטול 310,,CN,ממתיק אריתריטול 310 גרם,גרמים,310.00,100 גרם,false,12,15.90,5.1290,true,1,30125
7290018338513,false,מיץ תפוחים צלול אורג,,IL,מיץ תפוחים צלול אורגני 1 לי,ליטרים,1.00,ליטר,false,6,17.90,17.9000,true,1,39795
7290018338537,false,מיץ פירות אדומים מעו,,IL,מיץ פירות אדומים מעורבים אורגני 1 לי,ליטרים,1.00,ליטר,false,6,18.90,18.9000,true,1,39796
7290018338544,false,פסטה פוזילי כוסמין ל,,,פסטה פוזילי כוסמין לבן אורגני 500 גר,גרמים,500.00,100 גרם,false,16,13.90,2.7800,true,1,39538
7290018338551,false,פסטה פנה כוסמין לבן,,,פסטה פנה כוסמין לבן אורגני 500 גר,גרמים,500.00,100 גרם,false,16,13.90,2.7800,true,1,39540
7290018338568,false,ספגטי מקמח כוסמין לב,,,ספגטי מקמח כוסמין לבן אורגני 500 גר,גרמים,500.00,100 גרם,false,16,13.90,2.7800,true,1,39541
7290018338605,false,אטריות עדשים  אורגני,,,אטריות עדשים ע2כתומות אורגני ללג 250גר,גרמים,250.00,100 גרם,false,6,14.90,5.9600,true,1,38054
7290018338612,false,אטריות קטניות אורגני,,,אטריות קטניות אורגני ללג 250גר,גרמים,250.00,100 גרם,false,6,14.90,5.9600,true,1,38056
7290018338629,false,פנה חומוס וכרכום אור,,,פנה חומוס וכרכום אורגני 250 גר,גרמים,250.00,100 גרם,false,6,14.90,5.9600,true,1,38055
7290018338636,false,פסטה פוסילי כוסמת או,,,פסטה פוסילי כוסמת אורגני ללג 250 גר,גרמים,250.00,100 גרם,false,6,14.90,5.9600,true,1,38052
7290018338728,false,ציפורן טחון אורגני 4,,,ציפורן טחון אורגני 40 גר,Unknown,0.00,Unknown,false,12,12.90,0.0000,true,1,40762
7290018338735,false,אגוז מוסקט טחון אורג,,,אגוז מוסקט טחון אורגני 40 גר,Unknown,0.00,Unknown,false,12,12.90,0.0000,true,1,40761
7290018338780,false,פוניו אורגני ללא גלו,,,פוניו אורגני ללא גלוטן 500 גר,גרמים,500.00,100 גרם,false,12,18.90,3.7800,true,1,40357
7290018338797,false,ראס אל חנות אורגני 8,,,ראס אל חנות אורגני 80 גר,Unknown,0.00,Unknown,false,12,12.90,0.0000,true,1,40763
7290018338810,false,פלפל לבן אנרלי אורגנ,,,פלפל לבן אנרלי אורגני 40 גר,Unknown,0.00,Unknown,false,12,12.90,0.0000,true,1,40764
7290018338841,false,מיץ תפוחים וקינמון ג,,IL,מיץ תפוחים וקינמון גינגר אורגני 1 לי,ליטרים,1.00,ליטר,false,6,16.90,16.9000,true,1,39797
7290018338896,false,תה ירוק אורגני בתוספ,,LK,תה ירוק אורגני בתוספת לימונית לואיזה 25ש,יחידה,25.00,יחידה,false,12,12.90,0.5160,true,1,44450
7290018338902,false,תה ירוק תוספת מאצה א,,LK,תה ירוק תוספת מאצה אורגני 25 שקיקים,יחידה,25.00,יחידה,false,12,12.90,0.5160,true,1,41559
7290018338919,false,תה צאי מסלה אורגני 2,,LK,תה צאי מסלה אורגני 25 שקיקים,יחידה,25.00,יחידה,false,12,12.90,0.5160,true,1,41560
7290018338957,false,מחית תפוח אוכמניות ר,,,מחית תפוח אוכמניות רימון אורגני 100 גר,גרמים,100.00,100 גרם,false,18,4.90,4.9000,true,1,40766
7290018338964,false,מחית תפוח אורגני 100,,,מחית תפוח אורגני 100 גר,גרמים,100.00,100 גרם,false,18,4.90,4.9000,true,1,40767
7290018338988,false,מחית תפוח אננס קרם ק,,,מחית תפוח אננס קרם קוקוס אורגני 100 גר,גרמים,100.00,100 גרם,false,18,4.90,4.9000,true,1,40765
7290018339077,false,טורטליני עוף 300גרם,,IL,טורטליני עוף 300גרם פסטה ריקו,גרמים,300.00,100 גרם,false,8,29.90,9.9667,true,1,40500
7290018339084,false,טורטליני ראגו אנטריק,,IL,טורטליני ראגו אנטריקוט 300גרם פסטה ריקו,גרמים,300.00,100 גרם,false,8,29.90,9.9667,true,1,40501
7290018339091,false,פסטה אניולוטי ראגו א,,IL,פסטה אניולוטי ראגו אנטריקוט 300גר ריקו,גרמים,300.00,100 גרם,false,8,29.90,9.9667,true,1,40499
7290018343296,false,אלכוגל 70% אלכוהול 1,,,אלכוגל 70% אלכוהול 100 מל,מיליליטרים,100.00,"100 מ""ל",false,15,14.90,14.9000,true,1,24785
7290018343319,false,שמפו פרפקט לשיער מתו,,,שמפו פרפקט לשיער מתולתל 400מל,מיליליטרים,400.00,"100 מ""ל",false,10,29.90,7.4750,true,1,27530
7290018343326,false,מרכך פרפקט לשיער מתו,,,מרכך פרפקט לשיער מתולתל 400מל,מיליליטרים,400.00,"100 מ""ל",false,10,29.90,7.4750,true,1,27531
7290018343333,false,מסכת הזנה פרפקט לשיע,,,מסכת הזנה פרפקט לשיער מתולתל 300מל,מיליליטרים,300.00,"100 מ""ל",false,10,39.90,13.3000,true,1,27529
7290018343340,false,שמפו משקם לאחר החלקה,,,שמפו משקם לאחר החלקה או עיצוב בחום 400מל,מיליליטרים,400.00,"100 מ""ל",false,10,39.90,9.9750,true,1,27526
7290018343357,false,מרכך משקם לאחר החלקה,,,מרכך משקם לאחר החלקה או עיצוב בחום 400מל,מיליליטרים,400.00,"100 מ""ל",false,10,39.90,9.9750,true,1,27527
7290018343364,false,מסכת הזנה משקם לאחר,,,מסכת הזנה משקם לאחר החלקה 300מל,מיליליטרים,300.00,"100 מ""ל",false,10,39.90,13.3000,true,1,27528
7290018343630,false,קרם גוף אפקטיב קר מו,פישר תעשיות,IL,קרם גוף אפקטיב קר מועשר בחמאת קקאו 450מל,מיליליטרים,450.00,"100 מ""ל",false,1,21.90,4.8667,true,1,29038
7290018343708,false,מגבונים לניקוי משטחי,פישר תעשיות,IL,מגבונים לניקוי משטחים אלכוגל 160יח פרמה,יחידה,160.00,יחידה,false,24,19.90,0.1244,true,1,26197
7290018344095,false,חטיף פרוטאין טבעוני,,,חטיף פרוטאין טבעוני בוטנים 50גר,יחידה,1.00,יחידה,false,1,11.90,11.9000,true,1,30983
7290018344101,false,חטיף פרוטאין טבעוני,,,חטיף פרוטאין טבעוני קקאו 50גר,יחידה,1.00,יחידה,false,1,11.90,11.9000,true,1,30982
7290018344125,false,חטיף פרוטאין טבעוני,,,חטיף פרוטאין טבעוני אגוזי לוז 50גר,יחידה,1.00,יחידה,false,1,11.90,11.9000,true,1,30984
7290018345047,false,שווארמה מן הצומח 300,ויגנס צויס,TR,שווארמה מן הצומח 300 גר ויגנס צויס,גרמים,300.00,100 גרם,false,12,24.90,8.3000,true,1,24742
7290018359358,false,מארז 3 יח פריכוז יכי,זנלכל,IL,מארז 3 יח פריכוז יכין 200 גרם,גרמים,600.00,100 גרם,false,8,12.90,2.1500,true,1,30853
7290018359495,false,תירס יכין מהשדה ללא,זנלכל,,תירס יכין מהשדה ללא תוספת סוכר 550 גרם,גרמים,550.00,100 גרם,false,1,9.90,1.8000,true,1,29804
7290018359518,false,מארז 3 יח תירס יכין,זנלכל,,מארז 3 יח תירס יכין מהשדה ללא תוספת סוכר,גרמים,600.00,100 גרם,false,1,14.90,2.4833,true,1,29805
7290018359556,false,תירס יכין מהשדה ללא,זנלכל,,תירס יכין מהשדה ללא תוספת סוכר 400 גרם,גרמים,400.00,100 גרם,false,1,6.90,1.7250,true,1,43932
7290018359570,false,מארז 3 יח שעועית ציל,זנלכל,,מארז 3 יח שעועית צילי קטניה טובה200 גר,גרמים,600.00,100 גרם,false,1,11.90,1.9833,true,1,30852
7290018359587,false,מארז 3 יח חומוס מבוש,זנלכל,,מארז 3 יח חומוס מבושל קטניה טובה200 גר,גרמים,600.00,100 גרם,false,1,11.90,1.9833,true,1,30851
7290018359662,false,מארז 3 יח קוביות סלק,זנלכל,IL,מארז 3 יח קוביות סלק יכין 200 גרם,גרמים,600.00,100 גרם,false,12,14.90,2.4833,true,1,30850
7290018359679,false,שעוית לימה הקיסרית י,זנלכל,,שעוית לימה הקיסרית יכין 550 גרם,גרמים,550.00,100 גרם,false,1,9.90,1.8000,true,1,44551
7290018359686,false,גרגירי חומוס הקיסריה,זנלכל,,גרגירי חומוס הקיסריה ענק יכין 550 גרם,גרמים,550.00,100 גרם,false,1,9.90,1.8000,true,1,44550
7290018359716,false,רוטב פיצה טוסקנה יכי,זנלכל,,רוטב פיצה טוסקנה יכין 240 גר,גרמים,240.00,100 גרם,false,1,5.50,2.2917,true,1,30331
7290018359853,false,עדשים שחורות יכין מב,זנלכל,IL,עדשים שחורות יכין מבושלות 400 גרם,גרמים,400.00,100 גרם,false,12,6.90,1.7250,true,1,44622
7290018359938,false,רוטב לשקשוקה יכין 40,זנלכל,IL,רוטב לשקשוקה יכין 400 גרם,גרמים,400.00,100 גרם,false,12,11.90,2.9750,true,1,44623
7290018359945,false,רוטב פיקנטי חאריפה י,זנלכל,IL,רוטב פיקנטי חאריפה יכין 400 גרם,גרמים,400.00,100 גרם,false,12,11.90,2.9750,true,1,44626
7290018359952,false,רוטב לפסטה יכין 400,זנלכל,IL,רוטב לפסטה יכין 400 גרם,גרמים,400.00,100 גרם,false,12,11.90,2.9750,true,1,44625
7290018359969,false,רוטב לפיצה יכין 400,זנלכל,IL,רוטב לפיצה יכין 400 גרם,גרמים,400.00,100 גרם,false,12,11.90,2.9750,true,1,44624
7290018367322,false,שומשום בטעם רוטב סוי,,TW,שומשום בטעם רוטב סויהי 100 גרם,גרמים,100.00,100 גרם,false,24,18.90,18.9000,true,1,30428
7290018371022,false,עגבניות שלמות מקולפו,,IT,עגבניות שלמות מקולפות אורני 550 גר,גרמים,350.00,100 גרם,false,1,28.90,8.2571,true,1,25301
7290018371039,false,מחית עגבניות אורגני,,IT,מחית עגבניות אורגני 520 גר,גרמים,520.00,100 גרם,false,6,28.90,5.5577,true,1,25303
7290018371046,false,עגבניות שרי תמר אורג,,IT,עגבניות שרי תמר אורגני 550 גר,גרמים,315.00,100 גרם,false,6,28.90,9.1746,true,1,25302
7290018371091,false,בייגלה כוסמין ללא מל,,,בייגלה כוסמין ללא מלח אורגני 200 גר,Unknown,0.00,Unknown,false,1,15.90,0.0000,true,1,29299
7290018371206,false,מחית סקוויז תפוח עץ,,,מחית סקוויז תפוח עץ שזיף אורגני 100 גר,גרמים,100.00,100 גרם,false,1,5.90,5.9000,true,1,28464
7290018371213,false,מחית סקוויז תפוח עץ,,,מחית סקוויז תפוח עץ אפרסק אורגני 100 גר,גרמים,100.00,100 גרם,false,1,5.90,5.9000,true,1,28465
7290018371220,false,חמאת בוטנים אורגנית,,IL,חמאת בוטנים אורגנית ללא סוכר/מלח 400גר,גרמים,400.00,100 גרם,false,12,22.90,5.7250,true,1,27279
7290018371237,false,חמאת בוטנים אורגנית,,IL,חמאת בוטנים אורגנית שבבי בוטנים ללאמלח,גרמים,400.00,100 גרם,false,12,22.90,5.7250,true,1,27280
7290018371275,false,מיני פירכיות אורגני,,,מיני פירכיות אורגני  כוסמת 80 גר,Unknown,0.00,Unknown,false,1,10.90,0.0000,true,1,29819
7290018371299,false,אובלטים מקמח חומוס א,אם החיטה,IL,אובלטים מקמח חומוס אורגני 100 גר,גרמים,100.00,100 גרם,false,15,12.90,12.9000,true,1,31158
7290018371305,false,אובלטים מקמח עדשים א,אם החיטה,IL,אובלטים מקמח עדשים אורגני 100 גר,גרמים,100.00,100 גרם,false,15,12.90,12.9000,true,1,31157
7290018371312,false,אובלטים מקמח כוסמת א,אם החיטה,IL,אובלטים מקמח כוסמת אורגני 100 גר,גרמים,100.00,100 גרם,false,15,12.90,12.9000,true,1,31159
7290018371459,false,פסטה מקמח דורום 5 צב,,,פסטה מקמח דורום 5 צבעים אורגני 450 גר,גרמים,450.00,100 גרם,false,6,49.90,11.0889,true,1,39912
7290018371466,false,וופל מקמח מלא חרובים,רוקחמן,IL,וופל מקמח מלא חרובים 200 גר,גרמים,200.00,100 גרם,false,12,10.90,5.4500,true,1,38111
7290018371480,false,וופל מקמח כוסמין חרו,רוקחמן,IL,וופל מקמח כוסמין חרובים 200 גר,גרמים,200.00,100 גרם,false,12,14.90,7.4500,true,1,38112
7290018371503,false,וופל מקמח כוסמין אגו,רוקחמן,IL,וופל מקמח כוסמין אגוזים 200 גר,גרמים,200.00,100 גרם,false,12,14.90,7.4500,true,1,38114
7290018371510,false,וופל מקמח כוסמין לימ,רוקחמן,IL,וופל מקמח כוסמין לימון 200 גר,גרמים,200.00,100 גרם,false,12,14.90,7.4500,true,1,38115
7290018371534,false,וופל קוביות קמח כוסמ,רוקחמן,IL,וופל קוביות קמח כוסמין חרובים 200 גרגר,גרמים,200.00,100 גרם,false,12,15.90,7.9500,true,1,38116
7290018371541,false,מאגדת חטיף וופל 7 יח,רוקחמן,IL,מאגדת חטיף וופל 7 יח אורגני,יחידה,1.00,יחידה,false,12,14.90,14.9000,true,1,38117
7290018371596,false,וופל קוביות קמח כוסמ,רוקחמן,IL,וופל קוביות קמח כוסמין לימון 200 גר,גרמים,200.00,100 גרם,false,12,15.90,7.9500,true,1,44536
7290018371602,false,וופל קוביות קמח כוסמ,רוקחמן,IL,וופל קוביות קמח כוסמין קרם קקאו 200 גר,גרמים,200.00,100 גרם,false,12,15.90,7.9500,true,1,44535
7290018380215,false,מלפפון קורנישון מיני,,IN,מלפפון קורנישון מיני פיקנטי 670 ג תומר,גרמים,670.00,100 גרם,false,12,9.90,1.4776,true,1,43898
7290018380222,false,מלפפון קורנישון פיקנ,,IN,מלפפון קורנישון פיקנטי670 ג תומר,גרמים,670.00,100 גרם,false,12,9.90,1.4776,true,1,43897
7290018380253,false,מזון לכלב עם עוף 415,,HU,מזון לכלב עם עוף 415גר,גרמים,415.00,100 גרם,false,24,4.50,1.0843,true,1,41492
7290018380260,false,מזון לכלב עם כבד 415,,HU,מזון לכלב עם כבד 415גר,גרמים,415.00,100 גרם,false,24,4.50,1.0843,true,1,41490
7290018380277,false,מזון לכלב עם בשר ציד,,HU,מזון לכלב עם בשר ציד 415גר,גרמים,415.00,100 גרם,false,24,4.50,1.0843,true,1,41489
7290018380284,false,מזון לחתול עם בקר 41,,HU,מזון לחתול עם בקר 415גר,גרמים,415.00,100 גרם,false,24,4.50,1.0843,true,1,41494
7290018380291,false,מזון לחתול עם בשר עו,,HU,מזון לחתול עם בשר עוף 415גר,גרמים,415.00,100 גרם,false,24,4.50,1.0843,true,1,41495
7290018380307,false,מזון לחתול עם בשר כב,,HU,מזון לחתול עם בשר כבד 415גר,גרמים,415.00,100 גרם,false,24,4.50,1.0843,true,1,41496
7290018380314,false,מזון לחתול עם דגים 4,,HU,מזון לחתול עם דגים 415גר,גרמים,415.00,100 גרם,false,24,4.50,1.0843,true,1,41497
7290018380321,false,מזון לחתול עם בשר צי,,HU,מזון לחתול עם בשר ציד 415גר,גרמים,415.00,100 גרם,false,24,4.50,1.0843,true,1,41498
7290018380383,false,שבולת שועל להכנה מהי,,US,שבולת שועל להכנה מהירה תומר 510 גרם,גרמים,510.00,100 גרם,false,12,9.90,1.9412,true,1,43886
7290018380529,false,לבבות דקל חתוכים תומ,אינקופלמיטו אס.אי,EC,לבבות דקל חתוכים תומר 400 גרם,גרמים,400.00,100 גרם,false,12,7.90,1.9750,true,1,44652
7290018380727,false,דפי בצק פילו עגולים,,TR,דפי בצק פילו עגולים 400גרם,גרמים,360.00,100 גרם,false,16,12.90,3.5833,true,1,43311
7290018380734,false,דפי בצק פילו משולשים,,TR,דפי בצק פילו משולשים 360 גרם,גרמים,360.00,100 גרם,false,16,12.90,3.5833,true,1,43310
7290018394021,false,פטריות מלך היער תקוע,,,פטריות מלך היער תקוע,Unknown,0.00,Unknown,false,1,13.90,0.0000,true,1,31553
7290018394083,false,שום פנינה תקוע 200 ג,,,שום פנינה תקוע 200 גרם,גרמים,200.00,100 גרם,false,1,11.90,5.9500,true,1,32682
7290018394113,false,דואט פטריות שימגי לב,,,דואט פטריות שימגי לבן וחום תקוע,Unknown,0.00,Unknown,false,1,19.90,0.0000,true,1,41058
7290018394144,false,בצלצלי איזי שאלוט תק,,,בצלצלי איזי שאלוט תקוע ארוז,Unknown,0.00,Unknown,false,1,10.00,0.0000,true,1,42095
7290018394151,false,מיקס פטריות אקזוטי ת,,,מיקס פטריות אקזוטי תקוע,Unknown,0.00,Unknown,false,1,24.90,0.0000,true,1,42750
7290018400036,false,לקט חגיגת כתומים 800,סנפרוסט,,לקט חגיגת כתומים 800גר סנפרוסט,גרמים,800.00,100 גרם,false,12,22.90,2.8625,true,1,31619
7290018400456,false,סמוטיז פיטאיה 300 גר,סנפרוסט,,סמוטיז פיטאיה 300 גרם קפוא סנפרוסט,גרמים,300.00,100 גרם,false,1,12.90,4.3000,true,1,40768
7290018400609,false,לקט פיאסטה מקסיקנית,סנפרוסט,,לקט פיאסטה מקסיקנית 800גר סנפרוסט,גרמים,800.00,100 גרם,false,1,22.90,2.8625,true,1,27805
7290018400661,false,לקט פאייה בסגנון ספר,סנפרוסט,,לקט פאייה בסגנון ספרדי 800גר סנפרוסט,גרמים,800.00,100 גרם,false,1,22.90,2.8625,true,1,32813
7290018400807,false,לקט טברנה יוונית 800,סנפרוסט,,לקט טברנה יוונית 800גר סנפרוסט,גרמים,800.00,100 גרם,false,1,22.90,2.8625,true,1,27806
7290018402740,false,רביולי פיטריות 450גר,,IL,רביולי פיטריות 450גרם,גרמים,450.00,100 גרם,false,12,15.90,3.5333,true,1,42153
7290018440193,false,בייגלה פליפז חמאת בו,,,בייגלה פליפז חמאת בוטנים 140 גרם,גרמים,140.00,100 גרם,false,1,8.90,6.3571,true,1,28888
7290018440209,false,בייגלה פליפז פאדג לב,,,בייגלה פליפז פאדג לבן 140 גרם,גרמים,140.00,100 גרם,false,1,8.90,6.3571,true,1,28889
7290018440223,false,תה צאי מסאלה 25 שקיק,תה ויסוצקי,IL,תה צאי מסאלה 25 שקיקים 2 גרם,יחידה,25.00,יחידה,false,8,17.90,0.7160,true,1,38344
7290018440230,false,תה צאי ורדים 25 שקיק,תה ויסוצקי,IL,תה צאי ורדים 25 שקיקים 2 גרם,יחידה,25.00,יחידה,false,8,17.90,0.7160,true,1,38346
7290018440247,false,תה צאי שקדים 25 שקיק,תה ויסוצקי,IL,תה צאי שקדים 25 שקיקים 2 גרם,יחידה,25.00,יחידה,false,8,17.90,0.7160,true,1,38345
7290018440254,false,תה צאי וקרמל מלוח 25,תה ויסוצקי,IL,תה צאי וקרמל מלוח 25 שקיקים 2 גרם,יחידה,25.00,יחידה,false,8,17.90,0.7160,true,1,38347
7290018440384,false,תה ירוק מאטה לימון נ,תה ויסוצקי,,תה ירוק מאטה לימון נענע 25 שק,יחידה,25.00,יחידה,false,1,22.90,0.9160,true,1,35021
7290018440391,false,תה ירוק מאטה נענע גו,תה ויסוצקי,,תה ירוק מאטה נענע גוארנה 25 שק,יחידה,25.00,יחידה,false,1,22.90,0.9160,true,1,35022
7290018440407,false,תה ירוק מאטה קקאו לו,תה ויסוצקי,,תה ירוק מאטה קקאו לוז 25 שק,יחידה,25.00,יחידה,false,1,22.90,0.9160,true,1,35020
7290018440438,false,מארז 3 יח טונה קאלוו,,ES,מארז 3 יח טונה קאלוו בשמן זית 65 גרם,גרמים,195.00,100 גרם,false,20,23.90,12.2564,true,1,41671
7290018440445,false,טונה קאלוו בשמן זית,,ES,טונה קאלוו בשמן זית 160 גרם,גרמים,160.00,100 גרם,false,25,16.90,10.5625,true,1,41673
7290018440476,false,בייגלה פליפז קרם עוג,,,בייגלה פליפז קרם עוגיות ותותים 140 גרם,גרמים,140.00,100 גרם,false,1,8.90,6.3571,true,1,32088
7290018440483,false,בייגלה פליפז קרמל מל,,,בייגלה פליפז קרמל מלוח 140 גרם,גרמים,140.00,100 גרם,false,1,8.90,6.3571,true,1,32087
7290018440490,false,סלט טונה קאלוו קוסקו,,ES,סלט טונה קאלוו קוסקוס 150 גרם,גרמים,150.00,100 גרם,false,24,14.90,9.9333,true,1,41677
7290018440513,false,סלט טונה קאלוו קליפו,,ES,סלט טונה קאלוו קליפורניה 150 גרם,גרמים,150.00,100 גרם,false,24,14.90,9.9333,true,1,41675
7290018440520,false,סלט טונה קאלוו מקסיק,,ES,סלט טונה קאלוו מקסיקני 150 גרם,גרמים,150.00,100 גרם,false,24,14.90,9.9333,true,1,41676
7290018440896,false,תה גן הקסום גינגר וכ,תה ויסוצקי,,תה גן הקסום גינגר וכורכום 25 שקיקים,יחידה,25.00,יחידה,false,1,16.90,0.6760,true,1,39835
7290018468302,false,נקניקיה צמחית בסגנון,טירת צבי,IL,נקניקיה צמחית בסגנון מרגז 400גר,גרמים,400.00,100 גרם,false,10,36.90,9.2250,true,1,42198
7290018468319,false,נקניקיה צמחית בסגנון,טירת צבי,IL,נקניקיה צמחית בסגנון צוריסוס 400גר,גרמים,400.00,100 גרם,false,10,36.90,9.2250,true,1,42197
7290018468326,false,נקניקיה צמחית בסגנון,טירת צבי,IL,נקניקיה צמחית בסגנון אמריקאי 400גר,גרמים,400.00,100 גרם,false,10,36.90,9.2250,true,1,42199
7290018468401,false,פסטרמה צמחונית 120גר,,IL,פסטרמה צמחונית 120גרם בטעם גריל טירת צבי,גרמים,120.00,100 גרם,false,36,15.90,13.2500,true,1,43937
7290018468425,false,נקניק טבעוני 100גרם,,IL,נקניק טבעוני 100גרם בטעם פיקנטי טירת צבי,גרמים,100.00,100 גרם,false,36,15.90,15.9000,true,1,43936
7290018468432,false,נקניק טבעוני 100גרם,,IL,נקניק טבעוני 100גרם בטעם מעושן טירת צבי,גרמים,100.00,100 גרם,false,36,15.90,15.9000,true,1,43935
7290018471029,false,מארז שישיית סודה שוו,יפאורה,,מארז שישיית סודה שוופס לימון 500 מל,ליטרים,3.00,ליטר,false,1,14.90,4.9667,true,1,28187
7290018471111,false,משקה שוופס מוגז עדין,יפאורה,,משקה שוופס מוגז עדין ליים מוחיטו 330 מל,מיליליטרים,330.00,"100 מ""ל",false,1,5.00,1.5152,true,1,30077
7290018471128,false,שייק פירות ספרינג 33,יפאורה,,שייק פירות ספרינג 330מל אננס מנגו בק.פקד,מיליליטרים,330.00,"100 מ""ל",false,1,6.90,2.0909,true,1,32395
7290018471135,false,שייק פירות ספרינג 33,יפאורה,,שייק פירות ספרינג 330מל בננה תמר בק.פקד,מיליליטרים,330.00,"100 מ""ל",false,1,6.90,2.0909,true,1,32396
7290018471142,false,שייק פירות ספרינג 33,יפאורה,,שייק פירות ספרינג 330מל בננה אננס בק.פקד,מיליליטרים,330.00,"100 מ""ל",false,1,6.90,2.0909,true,1,32397
7290018471180,false,משקה פרוט אנד ווג 1ל,יפאורה,IL,משקה פרוט אנד ווג 1ליטר אננס תפוח גזר,ליטרים,1.00,ליטר,false,1,13.90,13.9000,true,1,30515
7290018471197,false,משקה פרוט אנד ווג 1ל,יפאורה,IL,משקה פרוט אנד ווג 1ליטר תפוח בננה מלון,ליטרים,1.00,ליטר,false,1,13.90,13.9000,true,1,30516
7290018471210,false,נקטר ספרינג אגס סברס,יפאורה,,נקטר ספרינג אגס סברס תפוח 1 ל בקרטון,ליטרים,1.00,ליטר,false,1,6.90,6.9000,true,1,30514
7290018471302,false,מארז 4יח שוופס טוניק,,IL,מארז 4יח שוופס טוניק 250מל בק. פקדו,מיליליטרים,1000.00,"100 מ""ל",false,1,21.90,2.1900,true,1,29622
7290018471319,false,מארז 4יח שוופס ביטר,,IL,מארז 4יח שוופס ביטר לימון 250מל בק. פקדו,מיליליטרים,1000.00,"100 מ""ל",false,1,21.90,2.1900,true,1,29621
7290018471395,false,משקה פרוט אנד ווג 1ל,יפאורה,IL,משקה פרוט אנד ווג 1ליטר רימון סלק גינגר,ליטרים,1.00,ליטר,false,1,13.90,13.9000,true,1,30518
7290018471401,false,משקה פרוט אנד ווג 1ל,יפאורה,IL,משקה פרוט אנד ווג 1ליטר אננס בננה כורכום,ליטרים,1.00,ליטר,false,1,13.90,13.9000,true,1,30517
7290018471449,false,שייק פירות ספרינג 1ל,יפאורה,,שייק פירות ספרינג 1ליטר בננה תמר תפוז,ליטרים,1.00,ליטר,false,1,12.90,12.9000,true,1,32393
7290018471456,false,שייק פירות ספרינג 1ל,יפאורה,,שייק פירות ספרינג 1ליטר אננס מנגו פסיפלו,ליטרים,1.00,ליטר,false,1,12.90,12.9000,true,1,32394
7290018471463,false,נקטר תפוזינה תפוז מנ,יפאורה,,נקטר תפוזינה תפוז מנגו 1ליטר קרטונית,ליטרים,1.00,ליטר,false,1,6.90,6.9000,true,1,31276
7290018471470,false,נקטר תפוזינה תפוז פס,יפאורה,,נקטר תפוזינה תפוז פסיפלורה 1ליטר קרטונית,ליטרים,1.00,ליטר,false,1,6.90,6.9000,true,1,31277
7290018471487,false,נקטר תפוזינה תפוז אנ,יפאורה,,נקטר תפוזינה תפוז אננס 1ליטר קרטונית,ליטרים,1.00,ליטר,false,1,6.90,6.9000,true,1,31273
7290018471494,false,משקה תפוזינה תפוז גז,יפאורה,,משקה תפוזינה תפוז גזר 1ליטר קרטונית,ליטרים,1.00,ליטר,false,1,6.90,6.9000,true,1,31278
7290018471548,false,מארז 4יח ספרינג 250מ,,,מארז 4יח ספרינג 250מל ענבים,מיליליטרים,1000.00,"100 מ""ל",false,1,11.90,1.1900,true,1,30511
7290018471616,false,משקה שוופס אינדיאן ט,יפאורה,IL,משקה שוופס אינדיאן טוניק 1ליטר,ליטרים,1.00,ליטר,false,1,9.90,9.9000,true,1,31623
7290018471623,false,משקה שוופס טוניק אשכ,יפאורה,IL,משקה שוופס טוניק אשכוליות ליצי 1ליטר,ליטרים,1.00,ליטר,false,1,9.90,9.9000,true,1,31625
7290018471630,false,משקה שוופס טוניק מלפ,יפאורה,IL,משקה שוופס טוניק מלפפון ליים 1ליטר,ליטרים,1.00,ליטר,false,1,9.90,9.9000,true,1,31624
7290018471661,false,מארז 4יח תפוזינה ענב,יפאורה,,מארז 4יח תפוזינה ענבים 500מל בק. פקדון,מיליליטרים,2000.00,"100 מ""ל",false,1,14.90,0.7450,true,1,31270
7290018471678,false,מארז 4יח תפוזינה תפו,יפאורה,,מארז 4יח תפוזינה תפוזים 500מל בק. פקדון,מיליליטרים,2000.00,"100 מ""ל",false,1,14.90,0.7450,true,1,31269
7290018471685,false,מארז 4יח תפוזינה לימ,יפאורה,,מארז 4יח תפוזינה לימונענע500מל בק. פקדון,מיליליטרים,2000.00,"100 מ""ל",false,1,14.90,0.7450,true,1,31271
7290018471692,false,שייק פירות ספרינג 1ל,יפאורה,,שייק פירות ספרינג 1ליטר בננה אננס קוקוס,ליטרים,1.00,ליטר,false,1,12.90,12.9000,true,1,32392
7290018471715,false,משקה אלוורה קינג אננ,יפאורה,IL,משקה אלוורה קינג אננס 1ליטר בק.פקדון,ליטרים,1.00,ליטר,false,1,10.90,10.9000,true,1,32728
7290018471739,false,משקה אלוורה קינג פטל,יפאורה,IL,משקה אלוורה קינג פטל 1ליטר בק.פקדון,ליטרים,1.00,ליטר,false,1,10.90,10.9000,true,1,32730
7290018471746,false,משקה אלוורה קינג קיו,יפאורה,IL,משקה אלוורה קינג קיווי 1ליטר בק.פקדון,ליטרים,1.00,ליטר,false,1,10.90,10.9000,true,1,32731
7290018471906,false,שוופס מוגז פירות לימ,יפאורה,,שוופס מוגז פירות לימונדה ורודה1.5ל פקדון,ליטרים,1.50,ליטר,false,1,9.90,6.6000,true,1,39330
7290018471913,false,שוופס מוגז פירות תפו,יפאורה,,שוופס מוגז פירות תפוחים 1.5ליטר ב. פקדון,ליטרים,1.50,ליטר,false,1,9.90,6.6000,true,1,39331
7290018471920,false,שוופס מוגז פירות ענב,יפאורה,,שוופס מוגז פירות ענבים 1.5ליטר ב. פקדון,ליטרים,1.50,ליטר,false,1,9.90,6.6000,true,1,39332
7290018471937,false,שוופס מוגז פירות תות,יפאורה,,שוופס מוגז פירות תות ליים 1.5ליטר פקדון,ליטרים,1.50,ליטר,false,1,9.90,6.6000,true,1,39333
7290018471944,false,שוופס מוגז פירות לימ,יפאורה,,שוופס מוגז פירות לימונייד 1.5ליטר פקדון,ליטרים,1.50,ליטר,false,1,9.90,6.6000,true,1,39334
7290018471951,false,שוופס מוגז פירות אשכ,יפאורה,,שוופס מוגז פירות אשכולית אדומה1.5ל פקדון,ליטרים,1.50,ליטר,false,1,9.90,6.6000,true,1,39335
7290018493021,false,אל סבון מדקס אקטיבי,פישר תעשיות,IL,אל סבון מדקס אקטיבי 500מל,מיליליטרים,500.00,"100 מ""ל",false,12,17.90,3.5800,true,1,28295
7290018493045,false,קרם ידיים אפקטיב קר,,,קרם ידיים אפקטיב קר מועשר 100מל קוקוס,מיליליטרים,100.00,"100 מ""ל",false,12,15.90,15.9000,true,1,29762
7290018493052,false,קרם ידיים אפקטיב קר,,,קרם ידיים אפקטיב קר מועשר 100מל אבוקדו,מיליליטרים,100.00,"100 מ""ל",false,12,15.90,15.9000,true,1,29763
7290018493069,false,קרם ידיים אפקטיב קר,,,קרם ידיים אפקטיב קר מועשר 100מל כותנה,מיליליטרים,100.00,"100 מ""ל",false,12,15.90,15.9000,true,1,29764
7290018493076,false,קרם ידיים אפקטיב קר,,,קרם ידיים אפקטיב קר מועשר 100מל ארגן,מיליליטרים,100.00,"100 מ""ל",false,12,15.90,15.9000,true,1,29765
7290018493144,false,אל סבון היגיני קלין,פישר תעשיות,IL,אל סבון היגיני קלין אנד נוריש 1 ליטר,ליטרים,1.00,ליטר,false,8,13.90,13.9000,true,1,28292
7290018493359,false,קרם גוף אפקטיב קר מו,פישר תעשיות,IL,קרם גוף אפקטיב קר מועשר בשמן המפ 450מל,מיליליטרים,450.00,"100 מ""ל",false,1,21.90,4.8667,true,1,29039
7290018493717,false,סבון ידיים קידס ויטמ,,IL,סבון ידיים קידס ויטמינים 500מל ורוד מסטי,מיליליטרים,500.00,"100 מ""ל",false,9,12.90,2.5800,true,1,37039
7290018493724,false,סבון ידיים קידס ויטמ,,IL,סבון ידיים קידס ויטמינים 500מל ירוק מלון,מיליליטרים,500.00,"100 מ""ל",false,9,12.90,2.5800,true,1,37038
7290018493748,false,מארז 3יח מגבוני אפקט,פישר תעשיות,,מארז 3יח מגבוני אפקטיב קר להסרת איפור 30,יחידה,90.00,יחידה,false,12,29.90,0.3322,true,1,37227
7290018507445,false,רצועות חזה עוף ציפוי,מאמא עוף,,רצועות חזה עוף ציפוי פריך 600גר מאמא עוף,גרמים,600.00,100 גרם,false,10,43.90,7.3167,true,1,40485
7290018516041,false,פרמיו דליקט עוף 56 ג,,CN,פרמיו דליקט עוף 56 גר,גרמים,56.00,100 גרם,false,12,9.90,17.6786,true,1,42693
7290018516065,false,פרמיו דליקט טונה וסל,,CN,פרמיו דליקט טונה וסלמון 56 גר,גרמים,56.00,100 גרם,false,12,9.90,17.6786,true,1,42694
7290018516270,false,פרמיו בוגר עוף לחתול,,FR,פרמיו בוגר עוף 100 גר,גרמים,100.00,100 גרם,false,32,3.90,3.9000,true,1,43871
7290018516324,false,פאוץ פרינוק תפוח שבו,,,פאוץ פרינוק תפוח שבולת שועל 120 גרם,גרמים,120.00,100 גרם,false,1,5.90,4.9167,true,1,31769
7290018516331,false,פאוץ פרינוק תפוח  בנ,,,פאוץ פרינוק תפוח  בננה.ש.שועל 120 גרם,גרמים,120.00,100 גרם,false,1,5.90,4.9167,true,1,31770
7290018516348,false,פאוץ פרינוק סלט פירו,,,פאוץ פרינוק סלט פירות.ש.שועל 120 גרם,גרמים,120.00,100 גרם,false,1,5.90,4.9167,true,1,31771
7290018516355,false,מחית פרינוק  גוניור,,CZ,מחית פרינוק  גוניור תפוע ש.שו190 ג שלב 3,גרמים,190.00,100 גרם,false,24,5.90,3.1053,true,1,39846
7290018516362,false,מחית פרינוק  גוניור,,CZ,מחית פרינוק  גוניור תפוע בננ ש.שו190 ג 3,גרמים,190.00,100 גרם,false,24,5.90,3.1053,true,1,39847
7290018516379,false,מחית פרינוק  סלט פיר,,CZ,מחית פרינוק  סלט פירות ש.שועל 190גר,גרמים,190.00,100 גרם,false,24,5.90,3.1053,true,1,39848
7290018516393,false,פרמיו סופרים מיקס 3,,DE,פרמיו סופרים מיקס 3 קג,קילוגרמים,3.00,"ק""ג",false,3,59.90,19.9667,true,1,42684
7290018516546,false,דליקט טונה פרמיו 56,,DE,דליקט טונה פרמיו 56 גר,גרמים,110.00,100 גרם,false,12,9.90,9.0000,true,1,43875
7290018516560,false,דליקט עוף וסרטנים פר,,DE,דליקט עוף וסרטנים פרמיו 56 גר,גרמים,110.00,100 גרם,false,12,9.90,9.0000,true,1,43876
7290018516577,false,דליקט עוף לחתלתול פר,,DE,דליקט עוף לחתלתול פרמיו 56 גר,גרמים,110.00,100 גרם,false,12,9.90,9.0000,true,1,43877
7290018516584,false,דליקט טונה לחתלתול פ,,DE,דליקט טונה לחתלתול פרמיו 56 גר,גרמים,110.00,100 גרם,false,12,9.90,9.0000,true,1,43878
7290018516591,false,מחית בשר עוף הורייזן,,DE,מחית בשר עוף הורייזן 90 גר,גרמים,110.00,100 גרם,false,10,9.90,9.0000,true,1,43879
7290018516607,false,מחית בשר טונה הורייז,,DE,מחית בשר טונה הורייזן 90 גר,גרמים,110.00,100 גרם,false,10,9.90,9.0000,true,1,43880
7290018516614,false,מחית בשר סלמון הוריי,,DE,מחית בשר סלמון הורייזן 90 גר,גרמים,110.00,100 גרם,false,10,9.90,9.0000,true,1,43881
7290018516621,false,מחית בשר דג זהבון הו,,DE,מחית בשר דג זהבון הורייזן 90 גר,גרמים,110.00,100 גרם,false,10,9.90,9.0000,true,1,43882
7290018516744,false,פרמיו סופרים עוף וסל,,,פרמיו סופרים עוף וסלמון לחתול 3 קג,קילוגרמים,3.00,"ק""ג",false,3,59.90,19.9667,true,1,43859
7290018516751,false,פרמיו סופרים עוף וסל,,,פרמיו סופרים עוף וסלמון לחתולתול 3 קג,קילוגרמים,3.00,"ק""ג",false,3,59.90,19.9667,true,1,43860
7290018516768,false,פרמיו עוף לחתלתול במ,,,פרמיו עוף לחתלתול במרקם פטה 400גר,גרמים,400.00,100 גרם,false,12,5.90,1.4750,true,1,43890
7290018516799,false,פרמיו פטה עוף וכבד ל,,,פרמיו פטה עוף וכבד לחתול בוגר 400גר,גרמים,400.00,100 גרם,false,12,5.90,1.4750,true,1,43891
7290018516805,false,פרמיו פטה עוף לחתול,,,פרמיו פטה עוף לחתול בוגר 400גר,גרמים,400.00,100 גרם,false,12,5.90,1.4750,true,1,43892
7290018516829,false,פרמיו סלמון לחתול בו,,,פרמיו סלמון לחתול בוגר במרקם פטה 400גר,גרמים,400.00,100 גרם,false,12,5.90,1.4750,true,1,43889
7290018516836,false,סטרילייז סלמון לחתול,,,סטרילייז סלמון לחתול הוגר פרמיו 400גר,גרמים,400.00,100 גרם,false,12,5.90,1.4750,true,1,43893
7290018516867,false,פרמיו עוף ואורז פטה,,IT,פרמיו סלמון ואורז פטה  לכלב בוגר 400 גר,גרמים,400.00,100 גרם,false,12,5.90,1.4750,true,1,43884
7290018516874,false,פרמיו בקר ואורז פטה,,IT,פרמיו בקר ואורז פטה  לכלב בוגר 400 גר,גרמים,400.00,100 גרם,false,12,5.90,1.4750,true,1,43885
7290018516881,false,פרמיו סלמון ואורז לכ,,IT,פרמיו סלמון ואורז לכלב בוגר 400 גר,גרמים,400.00,100 גרם,false,12,5.90,1.4750,true,1,43883
7290018516942,false,פרמיו סופרים עופות ל,,,פרמיו סופרים עופות לכלב בוגר 3 קג,קילוגרמים,3.00,"ק""ג",false,3,49.90,16.6333,true,1,43862
7290018516959,false,פרמיו סופרים עופות ל,,,פרמיו סופרים עופות לכלב ננסי 3 קג,קילוגרמים,3.00,"ק""ג",false,3,49.90,16.6333,true,1,43861
7290018516966,false,פרמיו סופרים בקר לכל,,,פרמיו סופרים בקר לכלב בוגר 3 קג,קילוגרמים,3.00,"ק""ג",false,3,49.90,16.6333,true,1,43863
7290018556160,false,ערק לימונענע דודו 75,,IL,ערק לימונענע דודו 750 מל,מיליליטרים,750.00,"100 מ""ל",false,12,65.00,8.6667,true,1,41424
7290018556290,false,ערק אננס דודו 750 מל,,IL,ערק אננס דודו 750 מל,מיליליטרים,750.00,"100 מ""ל",false,12,65.00,8.6667,true,1,41423
7290018556832,false,ערק אשכוליות  דודו 7,,IL,ערק אשכוליות  דודו 750 מל,מיליליטרים,750.00,"100 מ""ל",false,12,65.00,8.6667,true,1,41419
7290018556849,false,ערק רוזטה דודו 750 מ,,IL,ערק רוזטה דודו 750 מל,מיליליטרים,750.00,"100 מ""ל",false,12,65.00,8.6667,true,1,41420
7290018593004,false,בסגנון פטה שקדים טבע,,,בסגנון פטה שקדים טבעי 200גר פלנטי,גרמים,200.00,100 גרם,false,1,32.90,16.4500,true,1,29064
7290018593011,false,בסגנון פטה שקדים עשב,,,בסגנון פטה שקדים עשבי תיבול 200גר פלנטי,גרמים,200.00,100 גרם,false,1,32.90,16.4500,true,1,29065
7290018593035,false,כמוצרלה קשיו 200 גרם,,,כמוצרלה קשיו 200 גרם פלנטי,גרמים,200.00,100 גרם,false,1,24.90,12.4500,true,1,30139
7290018593059,false,בסגנון פרמזן אגוזנו,,,בסגנון פרמזן אגוזנו 115גרם פלנטי,גרמים,115.00,100 גרם,false,1,23.90,20.7826,true,1,30137
7290018593066,false,אגוזנו עשבי תיבול 11,,,אגוזנו עשבי תיבול 115גרם פלנטי,גרמים,115.00,100 גרם,false,1,23.90,20.7826,true,1,30138
7290018593080,false,קשיו צדר 200גר פלנטי,,,קשיו צדר 200גר פלנטי,גרמים,200.00,100 גרם,false,1,25.90,12.9500,true,1,32355
7290018593097,false,גבנצ קשיו 200גר פלנט,,,גבנצ קשיו 200גר פלנטי,גרמים,200.00,100 גרם,false,1,23.90,11.9500,true,1,32354
7290018593110,false,רביולי גבינות גב.שקד,,,רביולי גבינות גב.שקדים וקשיו 400גר פלנט,גרמים,400.00,100 גרם,false,1,34.90,8.7250,true,1,31925
7290018593127,false,רביולי תרד גב. שקדים,,,רביולי תרד גב. שקדים וקשיו 400גר פלנט,גרמים,400.00,100 גרם,false,1,34.90,8.7250,true,1,31926
7290018593134,false,רביולי בטטה גב.שקדים,,,רביולי בטטה גב.שקדים וקשיו 400גר פלנט,גרמים,400.00,100 גרם,false,1,34.90,8.7250,true,1,31924
7290018593202,false,שיוגורט מעדן שקדים 1,,IL,שיוגורט מעדן שקדים 160גר פלנטי,גרמים,160.00,100 גרם,false,1,10.00,6.2500,true,1,42728
7290018593233,false,גבינאטס טבעי ממרח שק,,,גבינאטס טבעי ממרח שקדים בסגנון גב.לבנה,גרמים,240.00,100 גרם,false,1,18.90,7.8750,true,1,42725
7290018593240,false,גבינאטס זיתים ממרח ש,,,גבינאטס זיתים ממרח שקדים בסגנון גב.לבנה,גרמים,240.00,100 גרם,false,1,18.90,7.8750,true,1,42713
7290018593257,false,גבינאטס שום שמירממרח,,IL,גבינאטס שום שמירממרח שקדים סגנון גב.לבנה,גרמים,240.00,100 גרם,false,1,18.90,7.8750,true,1,42726
7290018593295,false,קשיו פסטו חצי קשה 20,,IL,קשיו פסטו חצי קשה 200גר פלנטי,גרמים,200.00,100 גרם,false,1,28.90,14.4500,true,1,44219
7290018593301,false,קשיו כמהין חצי קשה 2,,IL,קשיו כמהין חצי קשה 200גר פלנטי,גרמים,200.00,100 גרם,false,1,28.90,14.4500,true,1,44220
7290018593325,false,לאבנה שקדים 220 גרם,,IL,לאבנה שקדים 220 גרם פלנטי,גרמים,220.00,100 גרם,false,1,18.90,8.5909,true,1,44221
7290018641439,false,ערק אוק אנד אש אשכול,,,ערק אוק אנד אש אשכולית אדומה מוגז 330מל,מיליליטרים,330.00,"100 מ""ל",false,24,16.90,5.1212,true,1,42485
7290018641446,false,ערק אוק אנד אש לימונ,,,ערק אוק אנד אש לימונדה מוגז 330מל בק.פקד,מיליליטרים,330.00,"100 מ""ל",false,24,16.90,5.1212,true,1,42486
7290018652039,false,גלידה לה קרמריה קרמל,גלידות נסטלה,,גלידה לה קרמריה קרמל מלוח נוגט 1.4 ליטר,מיליליטרים,1400.00,"100 מ""ל",false,1,18.90,1.3500,true,1,30944
7290018652213,false,מאגדת קראנץ בר 6יח,גלידות נסטלה,,מאגדת קראנץ בר 6יח,יחידה,6.00,יחידה,false,1,19.90,3.3167,true,1,40473
7290018652657,false,מאגדת שלגון דיאט מנג,גלידות נסטלה,,מאגדת שלגון דיאט מנגו 6 יח,גרמים,312.00,100 גרם,false,1,29.90,9.5833,true,1,40472
7290018652671,false,גל. לה קרמריה שוקו ו,גלידות נסטלה,,גל. לה קרמריה שוקו וניל תו איל 1.4ליטר,מיליליטרים,1400.00,"100 מ""ל",false,1,18.90,1.3500,true,1,40467
7290018652688,false,גל. לה קרמריה טרופי,גלידות נסטלה,,גל. לה קרמריה טרופי ופירות אדומים 1.4ליט,מיליליטרים,1400.00,"100 מ""ל",false,1,18.90,1.3500,true,1,40468
7290018652886,false,מאגדת 8יח שוקו בננה,גלידות נסטלה,,מאגדת 8יח שוקו בננה שלגונים נסטלה,יחידה,8.00,יחידה,false,1,29.90,3.7375,true,1,43659
7290018652909,false,מאגדת פרוייקט סער אס,גלידות נסטלה,,מאגדת פרוייקט סער אספרסו שוקולד 5יח,יחידה,5.00,יחידה,false,1,32.90,6.5800,true,1,40474
7290018652923,false,מאגדת פרוייקט סער תו,גלידות נסטלה,,מאגדת פרוייקט סער תות עוגת גבינה 5יח,יחידה,5.00,יחידה,false,1,32.90,6.5800,true,1,40475
7290018654385,false,מארז וופל בלגי 10יח,,,מארז וופל בלגי 10יח 55 גרם,יחידה,10.00,יחידה,false,8,31.90,3.1900,true,1,29812
7290018654422,false,מיני צורוס 300גר,,,מיני צורוס 300גר,גרמים,300.00,100 גרם,false,13,19.90,6.6333,true,1,30554
7290018654477,false,מקלות צורוס אורגינל,,,מקלות צורוס אורגינל 300גר,גרמים,300.00,100 גרם,false,13,19.90,6.6333,true,1,30555
7290018677001,false,לחפ טואז עם חמניות ל,,,לחפ טואז עם חמניות ללא גלוטן 375 גר,גרמים,375.00,100 גרם,false,16,16.90,4.5067,true,1,39803
7290018677018,false,לחם מחמצת אורגני כוס,,,לחפ מחמצת אורגני כוסמין מלא נוטרה זן 375,גרמים,375.00,100 גרם,false,16,16.90,4.5067,true,1,39802
7290018677056,false,קוואקר דק אורגני 500,,,קוואקר דק אורגני 500גר נוטרה זון,גרמים,500.00,100 גרם,false,1,10.90,2.1800,true,1,32046
7290018677063,false,קוואקר עבה אורגני 50,,,קוואקר עבה אורגני 500גר נוטרה זון,גרמים,500.00,100 גרם,false,1,10.90,2.1800,true,1,32045
7290018677070,false,קרם קוקוס אורגני 330,,,קרם קוקוס אורגני 330מל טטרה פק 18%שומן,גרמים,330.00,100 גרם,false,1,10.90,3.3030,true,1,32047
7290018677124,false,גרנולה קראנצי חמוציו,,,גרנולה קראנצי חמוציות ל.גלוטן סוכר300ג,גרמים,300.00,100 גרם,false,12,22.90,7.6333,true,1,33144
7290018677131,false,גרנולה קראנצי אגוז ש,,,גרנולה קראנצי אגוז שקד ל.גלוטן סוכר300ג,גרמים,300.00,100 גרם,false,12,22.90,7.6333,true,1,33143
7290018677148,false,גרנולה קראנצי שוקולד,,,גרנולה קראנצי שוקולד ל.גלוטן סוכר300ג,גרמים,300.00,100 גרם,false,12,22.90,7.6333,true,1,33145
7290018677155,false,תערובת קמחים רב תכלי,,,תערובת קמחים רב תכליתי ל.ג 500גר פאניריה,גרמים,500.00,100 גרם,false,1,19.90,3.9800,true,1,32042
7290018677162,false,תערובת רב תכליתית ל.,,,תערובת רב תכליתית ל.ג. בסיס עמילן 500גר,גרמים,500.00,100 גרם,false,1,19.90,3.9800,true,1,32043
7290018677216,false,פנה כוסמת אורגני ללא,,,פנה כוסמת אורגני ללא גלוטן 250גר,גרמים,250.00,100 גרם,false,1,14.90,5.9600,true,1,42555
7290018677223,false,פוזילי כוסמת אורגני,,,פוזילי כוסמת אורגני ללא גלוטן 250גר,גרמים,250.00,100 גרם,false,1,14.90,5.9600,true,1,42556
7290018677278,false,פתיתי פרו עדשים צהוב,,,פתיתי פרו עדשים צהובות אורגני 250גר,גרמים,250.00,100 גרם,false,1,14.90,5.9600,true,1,42553
7290018677285,false,פתיתי פרו עדשים אדומ,,,פתיתי פרו עדשים אדומות אורגני ל.גלוטן250,גרמים,250.00,100 גרם,false,1,14.90,5.9600,true,1,42551
7290018677292,false,איטריות פרו עדשים אד,,,איטריות פרו עדשים אדומות אורגני 250גר,גרמים,250.00,100 גרם,false,1,14.90,5.9600,true,1,42552
7290018677308,false,איטריות פרו עדשים צה,,,איטריות פרו עדשים צהובות אורגני 250גר,גרמים,250.00,100 גרם,false,1,14.90,5.9600,true,1,42554
7290018681558,false,שעועית מש אורגנית כר,כרם תעשיות,IL,שעועית מש אורגנית כרם 500 גרם,גרמים,500.00,100 גרם,false,1,12.90,2.5800,true,1,31143
7290018681565,false,שעועית שחורה אורגנית,כרם תעשיות,IL,שעועית שחורה אורגנית כרם 500 גרם,גרמים,500.00,100 גרם,false,1,10.90,2.1800,true,1,31156
7290018681602,false,זרעי ציה אורגני כרם,,PE,זרעי ציה אורגני כרם 650 גרם,גרמים,650.00,100 גרם,false,6,29.90,4.6000,true,1,38714
7290018681619,false,זרעי ציה אורגני כרם,,PE,זרעי ציה אורגני כרם 300 גרם,גרמים,300.00,100 גרם,false,12,19.90,6.6333,true,1,38715
7290018681626,false,זרעי ציה לבנה כרם 30,,PE,זרעי ציה לבנה כרם 300 גרם,גרמים,300.00,100 גרם,false,12,19.90,6.6333,true,1,38716
7290018681640,false,אורז בסמטי כרם אורגנ,,IN,אורז בסמטי כרם אורגני 1 קג,קילוגרמים,1.00,"ק""ג",false,10,19.90,19.9000,true,1,42020
7290018681701,false,סירופ מייפל 100% טהו,,CA,סירופ מייפל 100% טהור כרם 1 ל,גרמים,1.00,100 גרם,false,12,79.90,7990.0000,true,1,38721
7290018681749,false,אורז בסמטי חום כרם א,,IN,אורז בסמטי חום כרם אורגני 1 קג,קילוגרמים,1.00,"ק""ג",false,10,19.90,19.9000,true,1,42021
7290018681756,false,קמח 4 דגנים כרם 1 קג,עץ השדה,,קמח 4 דגנים כרם 1 קג,קילוגרמים,1.00,"ק""ג",false,1,13.90,13.9000,true,1,39585
7290018681763,false,גרנולה כרם שוקולד444,,IL,גרנולה כרם שוקולד444 גרם צנצנת,גרמים,444.00,100 גרם,false,12,19.90,4.4820,true,1,38725
7290018681770,false,גרנולה כרם שקדים 444,,IL,גרנולה כרם שקדים 444 גרם צנצנת,גרמים,444.00,100 גרם,false,12,19.90,4.4820,true,1,38726
7290018681787,false,גרנולה כרם עשירה 444,,IL,גרנולה כרם עשירה 444 גרם צנצנת,גרמים,444.00,100 גרם,false,12,19.90,4.4820,true,1,38727
7290018681930,false,פריכיות שבולת שועל ד,זן בר,IL,פריכיות שבולת שועל דקות כרם 100 גרם,גרמים,100.00,100 גרם,false,50,6.90,6.9000,true,1,43618
7290018681992,false,אגוזי מלך קליפורניה,כרם תעשיות,IL,אגוזי מלך קליפורניה כרם 450 גרפ שקית,גרמים,450.00,100 גרם,false,12,21.90,4.8667,true,1,40951
7290018720011,false,ביסקויט קרנבל חיות מ,,IL,ביסקויט קרנבל חיות מעדני המלך 250 ג,גרמים,250.00,100 גרם,false,12,6.90,2.7600,true,1,31918
7290018720028,false,ביסקויט קרנבל אותיות,,IL,ביסקויט קרנבל אותיות מעדני המלך 250 ג,גרמים,250.00,100 גרם,false,12,6.90,2.7600,true,1,31919
7290018720059,false,פירורי לחם פנקו מוזה,מאפית י.את א. ברמן ב,IL,פירורי לחם פנקו מוזהב 250 גרם,גרמים,250.00,100 גרם,false,12,7.90,3.1600,true,1,32655
7290018720103,false,ופל אפיפית ללא סוכר,גילרו,IL,ופל אפיפית ללא סוכר טעם שוקו 250 גרם,גרמים,250.00,100 גרם,false,1,8.90,3.5600,true,1,38459
7290018720110,false,עוגיות יאמי מילוי קר,,IL,עוגיות יאמי מילוי קרם אגוזים 150 גרם,גרמים,150.00,100 גרם,false,1,6.90,4.6000,true,1,38497
7290018720127,false,עוגיות יאמי מילוי קר,,IL,עוגיות יאמי מילוי קרם שמנת 150 גרם,גרמים,150.00,100 גרם,false,1,6.90,4.6000,true,1,38498
7290018720158,false,ערק אשכוליות 750 מל,,,ערק אשכוליות 750 מל,מיליליטרים,750.00,"100 מ""ל",false,12,75.00,10.0000,true,1,38106
7290018720189,false,ביסקויט קסטה מעדני ה,,IL,ביסקויט קסטה מעדני המלך 200 גרם,גרמים,200.00,100 גרם,false,12,5.50,2.7500,true,1,44268
7290018720219,false,פיצפוצי אורז ל.ס מעד,אשבל מזון פונקציונלי,IL,פיצפוצי אורז ל.ס מעדני המלך 250 גרם,גרמים,250.00,100 גרם,false,12,10.90,4.3600,true,1,44267
7290018720226,false,פיצפוצי אורז מעדני ה,אשבל מזון פונקציונלי,IL,פיצפוצי אורז מעדני המלך 250 גרם,גרמים,250.00,100 גרם,false,12,10.90,4.3600,true,1,44266
7290018724002,false,זרעי פשתן טחון נטורל,,,זרעי פשתן טחון נטורלה 300 גר,גרמים,300.00,100 גרם,false,16,12.90,4.3000,true,1,31016
7290018724606,false,סודה לשתיה ללא אלומי,,,סודה לשתיה ללא אלומיניום 350 גר,גרמים,350.00,100 גרם,false,24,14.90,4.2571,true,1,31012
7290018724613,false,מאפה משה בתיבה טבעונ,,,מאפה משה בתיבה טבעוני נטורלה 400גר,גרמים,400.00,100 גרם,false,1,28.90,7.2250,true,1,42542
7290018724620,false,זוג מאפי פאי סויה טב,,,זוג מאפי פאי סויה טבעוני נטורלה 460גר,גרמים,460.00,100 גרם,false,1,38.90,8.4565,true,1,42543
7290018724637,false,זוג מאפי פאי שווארמה,,,זוג מאפי פאי שווארמה טבעוני נטורלה 460גר,גרמים,460.00,100 גרם,false,1,38.90,8.4565,true,1,42544
7290018724644,false,מאפה בורקיטס פילו תח,,,מאפה בורקיטס פילו תחליף גב. טבעוני 400גר,גרמים,400.00,100 גרם,false,1,28.90,7.2250,true,1,42545
7290018724651,false,מאפה בורקיטס פילו ת.,,,מאפה בורקיטס פילו ת. גב זית טבעוני 400גר,גרמים,400.00,100 גרם,false,1,28.90,7.2250,true,1,42546
7290018724668,false,שווארמה סויה טבעונית,,,שווארמה סויה טבעונית 400גר,גרמים,400.00,100 גרם,false,1,19.90,4.9750,true,1,42547
7290018724873,false,סובין חיטה נטורלה 15,,,סובין חיטה נטורלה 150 גר,גרמים,150.00,100 גרם,false,16,7.90,5.2667,true,1,31015
7290018724880,false,סובין שיבולת שועל נט,,,סובין שיבולת שועל נטורלה 300 גר,גרמים,300.00,100 גרם,false,16,18.90,6.3000,true,1,31014
7290018724897,false,פירורי לחם נטורלה לל,,,פירורי לחם נטורלה ללא גלוטן 300 גר,גרמים,300.00,100 גרם,false,12,14.90,4.9667,true,1,31013
7290018752708,false,מארז שוקולתמר במילוי,,,מארז שוקולתמר במילוי חמאת שקדים 120ג,גרמים,120.00,100 גרם,false,12,14.90,12.4167,true,1,39810
7290018752715,false,מארז שוקולתמר במילוי,,,מארז שוקולתמר במילוי חמאת אגוזים 120ג,גרמים,120.00,100 גרם,false,12,14.90,12.4167,true,1,39811
7290018752722,false,מארז שוקולתמר במילוי,,,מארז שוקולתמר במילוי חמאת בוטנים 120ג,גרמים,120.00,100 גרם,false,12,14.90,12.4167,true,1,39812
7290018752739,false,מארז שוקולתמר במילוי,,,מארז שוקולתמר במילוי חמאת קוקוס 120ג,גרמים,120.00,100 גרם,false,12,14.90,12.4167,true,1,39813
7290018752746,false,מארז שוקולתמר במילוי,,,מארז שוקולתמר במילוי חמאת שומשום 120ג,גרמים,120.00,100 גרם,false,12,14.90,12.4167,true,1,39814
7290018752753,false,מארז שוקולתמר נטו 12,,,מארז שוקולתמר נטו 120 גר,גרמים,120.00,100 גרם,false,12,14.90,12.4167,true,1,39815
7290018787113,false,יין שרדונה קלו דה גת,,,יין שרדונה קלו דה גת  750 מל,מיליליטרים,750.00,"100 מ""ל",false,1,140.00,18.6667,true,1,42401
7290018787199,false,יין מרלו הראל 750 מל,,,יין מרלו הראל 750 מל,מיליליטרים,750.00,"100 מ""ל",false,1,125.00,16.6667,true,1,41258
7290018792841,false,קקאו גאנה 100% טבעי,,GH,קקאו גאנה 100% טבעי דל שומן 150 גרם,גרמים,150.00,100 גרם,false,18,10.00,6.6667,true,1,41789
7290018792858,false,קקאו גאנה 100% טבעי,,GH,קקאו גאנה 100% טבעי דל שומן 500 גרם,גרמים,500.00,100 גרם,false,12,27.90,5.5800,true,1,41790
7290018823415,false,פלפל חריף אורגני,,,פלפל חריף אורגני,Unknown,0.00,Unknown,false,1,10.00,0.0000,true,1,40628
7290018835005,false,ציפס אורז חום מלח פל,,BG,ציפס אורז חום מלח פלפל שמן זית 60 גרם,Unknown,0.00,Unknown,false,24,6.90,0.0000,true,1,42583
7290018867099,false,יין אפוד הילה אדום 7,,,יין אפוד הילה אדום 750 מל,מיליליטרים,750.00,"100 מ""ל",false,6,60.00,8.0000,true,1,41437
7290018867112,false,יין אפוד הילה לסן 75,,,יין אפוד הילה לסן 750 מל,מיליליטרים,750.00,"100 מ""ל",false,6,65.00,8.6667,true,1,41438
7290018867242,false,יין אפוד הילה אדום ק,,,יין אפוד הילה אדום קברנה מרלו 750 מלמל,מיליליטרים,750.00,"100 מ""ל",false,6,60.00,8.0000,true,1,43993
7290018878170,false,זוג שוקולד אגו 60% מ,כרמית תעשיות ממתקים,IL,זוג שוקולד אגו 60% מריר 100 גם,גרמים,200.00,100 גרם,false,24,10.90,5.4500,true,1,42592
7290018879658,false,שוקולד ציפס 45% קקאו,כרמית,,שוקולד ציפס 45% קקאו 250גר כרמית,גרמים,250.00,100 גרם,false,1,11.90,4.7600,true,1,40306
7290018879979,false,מרשמלו לבן טעם וניל,כרמית,,מרשמלו לבן טעם וניל כרמית 150 ג,גרמים,150.00,100 גרם,false,1,5.50,3.6667,true,1,41384
7290018893005,true,בייגלה צוקטה שטוח חר,אלקה קו,RO,בייגלה צוקטה שטוח חרדל ודבש 160 גרם,גרמים,160.00,100 גרם,false,12,6.90,4.3125,true,1,38315
7290018893098,false,ביסקויט צוקטה חצי מצ,דיסטרופר אוליבייר,BE,ביסקויט צוקטה חצי מצופה שוקולד חלב 100 ג,גרמים,100.00,100 גרם,false,12,10.90,10.9000,true,1,40598
7290018893104,false,ביסקויט צוקטה חצי מצ,דיסטרופר אוליבייר,BE,ביסקויט צוקטה חצי מצופה שוקולד מריר100 ג,גרמים,100.00,100 גרם,false,12,10.90,10.9000,true,1,40599
7290018893111,false,שוקולד צוקטה בלגי 70,נטרה,BE,שוקולד צוקטה בלגי 70% מריר 100 גרם,גרמים,100.00,100 גרם,false,28,8.90,8.9000,true,1,40601
7290018893128,false,שוקולד צוקטה בלגי 34,נטרה,BE,שוקולד צוקטה בלגי 34% חלב 100 גרם,גרמים,100.00,100 גרם,false,28,8.90,8.9000,true,1,40602
7290018893296,false,עוגיות צוקטה מיני מצ,דיסטרופר אוליבייר,BE,עוגיות צוקטה מיני מצופות 100 גרם,גרמים,100.00,100 גרם,false,12,9.90,9.9000,true,1,40597
7290018893319,false,שוקולד צוקטה בלגי 85,נטרה,BE,שוקולד צוקטה בלגי 85% מריר 100 גרם,גרמים,100.00,100 גרם,false,28,8.90,8.9000,true,1,40600
7290018893456,false,עוגה אישית צוקטה חלב,פרדי קונדיטוריה אס.פ,IT,עוגה אישית צוקטה חלב 10 יח 300 גר,גרמים,300.00,100 גרם,false,12,11.90,3.9667,true,1,33044
7290018893487,false,עוגה אישית קוקוס צוק,אס.פי.אס,,עוגה אישית קוקוס צוקטה 10 יח 300 גר,גרמים,300.00,100 גרם,false,1,11.90,3.9667,true,1,38157
7290018893494,false,עלי וופל דקים צוקטה,דיסטרופר אוליבייר,BE,עלי וופל דקים צוקטה טעם חמאה 100 גרם,גרמים,100.00,100 גרם,false,12,10.90,10.9000,true,1,38158
7290018893517,true,בייגלה צוקטה שטוח מצ,אלקה קו,RO,בייגלה צוקטה שטוח מצופה שוקולד מריר80גר,Unknown,0.00,Unknown,false,16,6.90,0.0000,true,1,40303
7290018893654,true,בייגלה צוקטה שטוח עם,אלקה קו,RO,בייגלה צוקטה שטוח עם מלח 200 גרם,גרמים,200.00,100 גרם,false,12,6.90,3.4500,true,1,38155
7290018893715,true,בייגלה צוקטה שטוח מצ,אלקה קו,RO,בייגלה צוקטה שטוח מצופה שוקולד חלב80גר,Unknown,0.00,Unknown,false,16,6.90,0.0000,true,1,40302
7290018893852,true,בייגלה צוקטה שטוח עם,אלקה קו,RO,בייגלה צוקטה שטוח עם שומשום 200 גרם,גרמים,200.00,100 גרם,false,12,6.90,3.4500,true,1,38154
7290018893876,false,עוגה אישית צוקטה וני,פרדי קונדיטוריה אס.פ,IT,עוגה אישית צוקטה וניל 10 יח 200 גר,גרמים,200.00,100 גרם,false,16,11.90,5.9500,true,1,33046
7290018894002,false,ופל בלקוני קוביות קר,בלקוני,IT,ופל בלקוני קוביות קרם קקאו 250 גרם,גרמים,250.00,100 גרם,false,12,11.90,4.7600,true,1,40610
7290018894200,false,ופל בלקוני קוביות קר,בלקוני,IT,ופל בלקוני קוביות קרם וניל 250 גרם,גרמים,250.00,100 גרם,false,12,11.90,4.7600,true,1,40609
7290018894408,false,ופל בלקוני קוביות קר,בלקוני,IT,ופל בלקוני קוביות קרם אגוזי לוז 250 גרם,גרמים,250.00,100 גרם,false,12,11.90,4.7600,true,1,40608
7290018894606,false,ופל בלקוני קרם קקאו,בלקוני,IT,ופל בלקוני קרם קקאו 175 גרם,גרמים,175.00,100 גרם,false,12,7.90,4.5143,true,1,40606
7290018894804,false,ופל בלקוני קרם אגוזי,בלקוני,IT,ופל בלקוני קרם אגוזי לוז 175 גרם,גרמים,175.00,100 גרם,false,12,7.90,4.5143,true,1,40607
7290018921029,false,מארז 4יח מגבוני קמיל,פישר תעשיות,,מארז 4יח מגבוני קמיל בלו סנסטיב 64יח,יחידה,256.00,יחידה,false,1,21.90,0.0855,true,1,37222
7290018921067,false,תחליב רחצה אפקטיב קר,פישר תעשיות,IL,תחליב רחצה אפקטיב קר מועשר ש.שקד 700מל,מיליליטרים,700.00,"100 מ""ל",false,12,12.90,1.8429,true,1,39771
7290018921166,false,אל סבון היגיני קלין,פישר תעשיות,IL,אל סבון היגיני קלין אנד נוריש אצות ים 1ל,ליטרים,1.00,ליטר,false,8,13.90,13.9000,true,1,37225
7290018921203,false,משחת החתלה קמיל בלו,פישר תעשיות,,משחת החתלה קמיל בלו קמומיל 120גר,גרמים,120.00,100 גרם,false,12,15.90,13.2500,true,1,43703
7290018921265,false,תחליב רחצה אפקטיב קר,פישר תעשיות,IL,תחליב רחצה אפקטיב קר מועשר אלוורה 700מל,מיליליטרים,700.00,"100 מ""ל",false,12,12.90,1.8429,true,1,39772
7290018921449,false,מארז 4יח מגבוני קמיל,פישר תעשיות,,מארז 4יח מגבוני קמיל בלו תפרחת 56יח,יחידה,224.00,יחידה,false,1,24.90,0.1112,true,1,37224
7290018921609,false,משחת החתלה קמיל בלו,פישר תעשיות,,משחת החתלה קמיל בלו קלנודולה 120גר,גרמים,120.00,100 גרם,false,12,15.90,13.2500,true,1,43705
7290018921616,false,מארז 4יח מגבוני שיבו,פישר תעשיות,,מארז 4יח מגבוני שיבולת שועל 64יח,יחידה,256.00,יחידה,false,1,22.90,0.0895,true,1,37223
7290018921654,false,תחליב רחצה אפקטיב קר,פישר תעשיות,IL,תחליב רחצה אפקטיב קר מועשר בלבנדר 700מל,מיליליטרים,700.00,"100 מ""ל",false,12,12.90,1.8429,true,1,39769
7290018921753,false,אל סבון היגיני קלין,פישר תעשיות,IL,אל סבון היגיני קלין אנד נוריש ורדים 1ליט,ליטרים,1.00,ליטר,false,8,13.90,13.9000,true,1,37226
7290018921807,false,משחת החתלה קמיל בלו,פישר תעשיות,,משחת החתלה קמיל בלו צמחי מרפא 120גר,גרמים,120.00,100 גרם,false,12,15.90,13.2500,true,1,43704
7290018925003,false,מיץ תפוח דובדבן 750מ,פרימור,IL,מיץ תפוח דובדבן 750מל פרימור,מיליליטרים,750.00,"100 מ""ל",false,6,12.90,1.7200,true,1,41517
7290018925041,false,מיץ תפוח רימון סלק 7,פרימור,IL,מיץ תפוח רימון סלק 750מל פרימור,מיליליטרים,750.00,"100 מ""ל",false,6,12.90,1.7200,true,1,41519
7290018925065,false,משקה פרימור תפוזים ס,פרימור,IL,משקה פרימור תפוזים סחוט 2ליטר פקדון,ליטרים,2.00,ליטר,false,4,26.90,13.4500,true,1,39470
7290018925072,false,משקה פרימור לימונים,פרימור,IL,משקה פרימור לימונים ונענע 2ליטר פקדון,ליטרים,2.00,ליטר,false,4,26.90,13.4500,true,1,39469
7290018925096,false,משקה קל פרימור תפוזי,פרימור,IL,משקה קל פרימור תפוזים 1.5ליטר בק.פקדון,ליטרים,1.50,ליטר,false,1,9.50,6.3333,true,1,39264
7290018925102,false,משקה קל פרימור ענבים,פרימור,IL,משקה קל פרימור ענבים 1.5ליטר בק.פקדון,ליטרים,1.50,ליטר,false,1,9.50,6.3333,true,1,39268
7290018925119,false,משקה קל פרימור אשכול,פרימור,IL,משקה קל פרימור אשכולית דיאט1.5ל בק.פקדון,ליטרים,1.50,ליטר,false,1,9.50,6.3333,true,1,39269
7290018925126,false,משקה קל פרימור תפוחי,פרימור,IL,משקה קל פרימור תפוחי עץ 1.5ליטר בק.פקדון,ליטרים,1.50,ליטר,false,1,9.50,6.3333,true,1,39266
7290018925133,false,משקה קל פרימור מנגו,פרימור,IL,משקה קל פרימור מנגו 1.5ליטר בק.פקדון,ליטרים,1.50,ליטר,false,1,9.50,6.3333,true,1,39271
7290018925140,false,משקה קל פרימור אשכול,פרימור,IL,משקה קל פרימור אשכולית 1.5ליטר בק.פקדון,ליטרים,1.50,ליטר,false,1,9.50,6.3333,true,1,39267
7290018925157,false,משקה קל פרימור לימונ,פרימור,IL,משקה קל פרימור לימונים 1.5ליטר בק.פקדון,ליטרים,1.50,ליטר,false,1,9.50,6.3333,true,1,39270
7290018925164,false,משקה קל פרימור תות ב,פרימור,IL,משקה קל פרימור תות בננה 1.5ליטר בק.פקדון,ליטרים,1.50,ליטר,false,1,9.50,6.3333,true,1,39265
7290018949009,false,משקה קל גרופר תפוזזה,,,משקה קל גרופר תפוזזה אורגני 330מל,מיליליטרים,330.00,"100 מ""ל",false,12,8.90,2.6970,true,1,42507
7290018949016,false,משקה קל גרופר תפוחחה,,,משקה קל גרופר תפוחחה אורגני 330מל,מיליליטרים,330.00,"100 מ""ל",false,12,8.90,2.6970,true,1,42508
7290018949023,false,משקה קל גרופר לימונד,,,משקה קל גרופר לימונדה אורגני 330מל,מיליליטרים,330.00,"100 מ""ל",false,12,8.90,2.6970,true,1,42506
7290018972106,false,כרובית קפואה מצופה 5,,,כרובית קפואה מצופה 500 גר,גרמים,500.00,100 גרם,false,12,29.90,5.9800,true,1,43285
7290018972113,false,ברוקולי קפוא מצופה 5,,,ברוקולי קפוא מצופה 500 גר,גרמים,500.00,100 גרם,false,12,29.90,5.9800,true,1,43286
7290018972120,false,נאגטס ברוקולי קפוא מ,,,נאגטס ברוקולי קפוא מצופה 500 גר,גרמים,500.00,100 גרם,false,12,29.90,5.9800,true,1,43287
7290018972168,false,נאגטס כרובית קפואה מ,,,נאגטס כרובית קפואה מצופה 500 גר,גרמים,500.00,100 גרם,false,12,29.90,5.9800,true,1,43288
7290018975008,false,מיקס חטיף אדממה כרם,סוזו יואי פודס,CN,מיקס חטיף אדממה כרם 80 גרם,Unknown,0.00,Unknown,false,30,5.50,0.0000,true,1,43619
7290018989128,false,סירופ יכין בטעם ענבי,זנלכל,IL,סירופ יכין בטעם ענבים 1 ליטר,ליטרים,1.00,ליטר,false,12,19.90,19.9000,true,1,44619
7290018989135,false,סירופ יכין בטעם פטל,זנלכל,IL,סירופ יכין בטעם פטל 1 ליטר,ליטרים,1.00,ליטר,false,12,19.90,19.9000,true,1,44618
7290019003038,false,דלעת חתוכה ארוזה שדו,,,דלעת חתוכה ארוזה שדות העמק,קילוגרמים,1.00,"ק""ג",true,,11.90,11.9000,true,1,33059
7290019015017,false,נר ריחני מראה,,,נר ריחני מראה,יחידה,1.00,יחידה,false,1,34.90,34.9000,true,1,40895
7290019015642,false,בקבוק טריטן 520מל,,,בקבוק טריטן 520מל,יחידה,1.00,יחידה,false,1,29.90,29.9000,true,1,41723
7290019015659,false,בקבוק טריטן 700מל,,,בקבוק טריטן 700מל,יחידה,1.00,יחידה,false,1,34.90,34.9000,true,1,41722
7290019015680,false,כפפת רחצה מסיבים מסו,,,כפפת רחצה מסיבים מסולסלים,יחידה,1.00,יחידה,false,1,15.90,15.9000,true,1,44037
7290019015697,false,רצועת רחצה מסיבים מס,,,רצועת רחצה מסיבים מסולסלים,יחידה,1.00,יחידה,false,1,14.90,14.9000,true,1,44038
7290019015703,false,כפפת רחצה הידרופילית,,,כפפת רחצה הידרופילית 17/11/1.6סמ,יחידה,1.00,יחידה,false,1,19.90,19.9000,true,1,44041
7290019015710,false,מטלית רחצה מסיבים מס,,,מטלית רחצה מסיבים מסולסלים/הידרופילית,יחידה,1.00,יחידה,false,1,19.90,19.9000,true,1,44039
7290019015772,false,בקבוק טריטן 750 מל,,,בקבוק טריטן 750 מל,יחידה,1.00,יחידה,false,1,39.90,39.9000,true,1,41724
7290019036227,false,שיני שום קלופות 1 קג,,,שיני שום קלופות 1 קג בצנצנת,קילוגרמים,1.00,"ק""ג",false,1,34.90,34.9000,true,1,45059
7290019056027,false,שוופס מוגז פירות תפו,יפאורה,,שוופס מוגז פירות תפוחים ל.סוכר1.5ל פקדון,ליטרים,1.50,ליטר,false,1,8.90,5.9333,true,1,39336
7290019056034,false,שוופס מוגז פירות אננ,יפאורה,,שוופס מוגז פירות אננס ל.סוכר 1.5ל פקדון,ליטרים,1.50,ליטר,false,1,8.90,5.9333,true,1,39337
7290019056041,false,שוופס מוגז פירות לימ,יפאורה,,שוופס מוגז פירות לימוני ל.סוכר1.5ל פקדון,ליטרים,1.50,ליטר,false,1,8.90,5.9333,true,1,39338
7290019056058,false,משקה שוופס מוגז עדין,יפאורה,,משקה שוופס מוגז עדין תפוח ליים1.5ל פקדון,ליטרים,1.50,ליטר,false,1,8.90,5.9333,true,1,39318
7290019056065,false,משקה שוופס מוגז עדין,יפאורה,,משקה שוופס מוגז עדין פ. יער 1.5ל פקדון,ליטרים,1.50,ליטר,false,1,8.90,5.9333,true,1,39319
7290019056072,false,משקה שוופס מוגז עדין,יפאורה,,משקה שוופס מוגז עדין אננס 1.5ל פקדון,ליטרים,1.50,ליטר,false,1,8.90,5.9333,true,1,39320
7290019056089,false,משקה שוופס מוגז עדין,יפאורה,,משקה שוופס מוגז עדין ע.ריזלינג1.5ל פקדון,ליטרים,1.50,ליטר,false,1,8.90,5.9333,true,1,39321
7290019056096,false,משקה שוופס מוגז עדין,יפאורה,,משקה שוופס מוגז עדין אפרסק 1.5ל פקדון,ליטרים,1.50,ליטר,false,1,8.90,5.9333,true,1,39322
7290019056126,false,שוופס סודה לימון 1.5,,,שוופס סודה לימון 1.5 ליטר בק.פקדון,ליטרים,1.50,ליטר,false,1,4.50,3.0000,true,1,39365
7290019056164,false,מארז 4יח סודה שוופס,,,מארז 4יח סודה שוופס 1.5ליטר בק.פקדון,ליטרים,6.00,ליטר,false,1,12.20,2.0333,true,1,39324
7290019056171,false,מארז 4יח סודה לימון,,,מארז 4יח סודה לימון שוופס 1.5ל בק.פקדון,ליטרים,6.00,ליטר,false,1,12.20,2.0333,true,1,39325
7290019056188,false,מארז 4יח סודה נענע ל,,,מארז 4יח סודה נענע ליים 1.5ל בק.פקדון,ליטרים,6.00,ליטר,false,1,12.20,2.0333,true,1,39326
7290019056201,false,מארז 4יח סודה פירות,,,מארז 4יח סודה פירות יער שוופס 1.5ל פקדון,ליטרים,6.00,ליטר,false,1,12.20,2.0333,true,1,39328
7290019056232,false,משקה שוופס מוגז עדין,יפאורה,,משקה שוופס מוגז עדין מוחיטו 1.5ל פקדון,ליטרים,1.50,ליטר,false,1,9.90,6.6000,true,1,39323
7290019056249,false,שוופס מים בטעם ענבים,יפאורה,,שוופס מים בטעם ענבים 1.5ליטר בק.פקדון,ליטרים,1.50,ליטר,false,1,7.90,5.2667,true,1,39300
7290019056256,false,שוופס מים בטעם תפוחי,יפאורה,,שוופס מים בטעם תפוחים 1.5ליטר בק.פקדון,ליטרים,1.50,ליטר,false,1,7.90,5.2667,true,1,39301
7290019056263,false,שוופס מים בטעם אפרסק,יפאורה,,שוופס מים בטעם אפרסק 1.5ליטר בק.פקדון,ליטרים,1.50,ליטר,false,1,7.90,5.2667,true,1,39302
7290019056270,false,שוופס מים בטעם פ.יער,יפאורה,,שוופס מים בטעם פ.יער 1.5ליטר בק.פקדון,ליטרים,1.50,ליטר,false,1,7.90,5.2667,true,1,39303
7290019056287,false,שוופס מים בטעם אפרסק,יפאורה,,שוופס מים בטעם אפרסק ללא סוכר 1.5ל פקדון,ליטרים,1.50,ליטר,false,1,7.90,5.2667,true,1,39304
7290019056294,false,משקה שוופס גינגר איל,יפאורה,,משקה שוופס גינגר איל 1.5 ליטר בק.פקדון,ליטרים,1.50,ליטר,false,1,11.90,7.9333,true,1,39310
7290019056300,false,משקה שוופס ביטר למון,יפאורה,,משקה שוופס ביטר למון 1.5ליטר בק.פקדון,ליטרים,1.50,ליטר,false,1,11.90,7.9333,true,1,39311
7290019056317,false,משקה שוופס ראשן 1.5,יפאורה,,משקה שוופס ראשן 1.5 ליטר בק.פקדון,ליטרים,1.50,ליטר,false,1,11.90,7.9333,true,1,39312
7290019056324,false,משקה שוופס טוניק 1.5,יפאורה,,משקה שוופס טוניק 1.5 ליטר בק.פקדון,ליטרים,1.50,ליטר,false,1,11.90,7.9333,true,1,39313
7290019056331,false,משקה שוופס טוניק ללא,יפאורה,,משקה שוופס טוניק ללא סוכר 1.5ל בק.פקדון,ליטרים,1.50,ליטר,false,1,10.90,7.2667,true,1,39314
7290019056355,false,משקה קל תפוזינה לימו,יפאורה,IL,משקה קל תפוזינה לימונענע 1.5ל בק.פקדון,ליטרים,1.50,ליטר,false,1,8.50,5.6667,true,1,39283
7290019056362,false,משקה קל תפוזינה ענבי,יפאורה,IL,משקה קל תפוזינה ענבים 1.5ליטר בק.פקדון,ליטרים,1.50,ליטר,false,1,8.50,5.6667,true,1,39285
7290019056379,false,משקה קל תפוזינה תפוז,יפאורה,IL,משקה קל תפוזינה תפוזים 1.5ליטר בק.פקדון,ליטרים,1.50,ליטר,false,1,8.50,5.6667,true,1,39286
7290019056386,false,משקה קל תפוזינה אשכו,יפאורה,IL,משקה קל תפוזינה אשכוליות1.5ליטר בק.פקדון,ליטרים,1.50,ליטר,false,1,8.50,5.6667,true,1,39287
7290019056393,false,משקה קל תפוזינה תות,יפאורה,IL,משקה קל תפוזינה תות בננה1.5ליטר בק.פקדון,ליטרים,1.50,ליטר,false,1,8.50,5.6667,true,1,39288
7290019056409,false,משקה קל תפוזינה מנגו,יפאורה,IL,משקה קל תפוזינה מנגו 1.5ליטר בק.פקדון,ליטרים,1.50,ליטר,false,1,8.50,5.6667,true,1,39289
7290019056416,false,משקה קל תפוזינה לימו,יפאורה,IL,משקה קל תפוזינה לימונדה ורודה 1.5ל פקדון,ליטרים,1.50,ליטר,false,1,8.50,5.6667,true,1,39290
7290019056423,false,משקה קל תפוזינה תפוח,יפאורה,IL,משקה קל תפוזינה תפוחים 1.5ליטר בק. פקדון,ליטרים,1.50,ליטר,false,1,8.50,5.6667,true,1,39291
7290019056430,false,משקה קל תפוזינה תפוז,יפאורה,IL,משקה קל תפוזינה תפוזים דיאט 1.5ל פקדון,ליטרים,1.50,ליטר,false,1,7.90,5.2667,true,1,39292
7290019056447,false,משקה תפוזינה אשכולית,יפאורה,IL,משקה תפוזינה אשכולית דיאט 1.5ל פקדון,ליטרים,1.50,ליטר,false,1,7.90,5.2667,true,1,39293
7290019056478,false,משקה ספרינג תה אפרסק,יפאורה,,משקה ספרינג תה אפרסק 1.5ליטר בק.פקדון,ליטרים,1.50,ליטר,false,1,7.90,5.2667,true,1,39296
7290019056485,false,משקה ספרינג תה ירוק,יפאורה,,משקה ספרינג תה ירוק 1.5ליטר בק.פקדון,ליטרים,1.50,ליטר,false,1,7.90,5.2667,true,1,39297
7290019056492,false,משקה ספרינג תה מנגו,יפאורה,,משקה ספרינג תה מנגו אפרסק 1.5ל בק.פקדון,ליטרים,1.50,ליטר,false,1,7.90,5.2667,true,1,39298
7290019056508,false,פרוט וואטר טעם ענבים,יפאורה,,פרוט וואטר טעם ענבים 1.5ליטר בק.פקדון,ליטרים,1.50,ליטר,false,1,8.90,5.9333,true,1,39305
7290019056515,false,פרוט וואטר טעם אננס,יפאורה,,פרוט וואטר טעם אננס 1.5ליטר בק.פקדון,ליטרים,1.50,ליטר,false,1,8.90,5.9333,true,1,39306
7290019056522,false,פרוט וואטר טעם תות 1,יפאורה,,פרוט וואטר טעם תות 1.5ליטר בק.פקדון,ליטרים,1.50,ליטר,false,1,8.90,5.9333,true,1,39307
7290019056539,false,פרוט וואטר טעם אפרסק,יפאורה,,פרוט וואטר טעם אפרסק 1.5ליטר בק.פקדון,ליטרים,1.50,ליטר,false,1,8.90,5.9333,true,1,39308
7290019056546,false,פרוט וואטר טעם אבטיח,יפאורה,,פרוט וואטר טעם אבטיח 1.5ליטר בק.פקדון,ליטרים,1.50,ליטר,false,1,8.90,5.9333,true,1,39309
7290019056553,false,שישיית מים עין גדי 2,,,שישיית מים עין גדי 2 ליטר בק.פקדון,ליטרים,12.00,ליטר,false,1,13.80,1.1500,true,1,39123
7290019056577,false,משקה קל ספרינג מנגו,יפאורה,IL,משקה קל ספרינג מנגו 1.5 ליטר בק.פקדון,ליטרים,1.50,ליטר,false,1,8.50,5.6667,true,1,39272
7290019056584,false,משקה קל ספרינג תפוזי,יפאורה,IL,משקה קל ספרינג תפוזים 1.5 ליטר בק.פקדון,ליטרים,1.50,ליטר,false,1,8.50,5.6667,true,1,39273
7290019056591,false,משקה קל ספרינג ענבים,יפאורה,IL,משקה קל ספרינג ענבים 1.5 ליטר בק.פקדון,ליטרים,1.50,ליטר,false,1,8.50,5.6667,true,1,39274
7290019056607,false,משקה קל ספרינג תפוחי,יפאורה,IL,משקה קל ספרינג תפוחים 1.5 ליטר בק.פקדון,ליטרים,1.50,ליטר,false,1,8.50,5.6667,true,1,39275
7290019056614,false,משקה קל ספרינג אפרסק,יפאורה,IL,משקה קל ספרינג אפרסק 1.5 ליטר בק.פקדון,ליטרים,1.50,ליטר,false,1,8.50,5.6667,true,1,39276
7290019056621,false,משקה קל ספרינג פירות,יפאורה,IL,משקה קל ספרינג פירות טרופי 1.5ל בק.פקדון,ליטרים,1.50,ליטר,false,1,8.50,5.6667,true,1,39277
7290019056638,false,משקה קל ספרינג תות ב,יפאורה,IL,משקה קל ספרינג תות בננה 1.5ליטר בק.פקדון,ליטרים,1.50,ליטר,false,1,8.50,5.6667,true,1,39278
7290019056645,false,משקה קל ספרינג אגס ת,יפאורה,IL,משקה קל ספרינג אגס תפוח סברס 1.5ל פקדון,ליטרים,1.50,ליטר,false,1,8.50,5.6667,true,1,39279
7290019056652,false,משקה קל ספרינג אננס,יפאורה,IL,משקה קל ספרינג אננס בננה 1.5ליטר  פקדון,ליטרים,1.50,ליטר,false,1,8.50,5.6667,true,1,39280
7290019056669,false,משקה קל ספרינג תפוחי,יפאורה,IL,משקה קל ספרינג תפוחים דיאט 1.5ליטר פקדון,ליטרים,1.50,ליטר,false,1,7.90,5.2667,true,1,39281
7290019056676,false,משקה קל ספרינג ד.אשכ,יפאורה,IL,משקה קל ספרינג ד.אשכולית אננס 1.5ל פקדון,ליטרים,1.50,ליטר,false,1,7.90,5.2667,true,1,39282
7290019056850,false,משקה ספרינג תה אפרסק,יפאורה,,משקה ספרינג תה אפרסק דיאט 1.5ל בק.פקדון,ליטרים,1.50,ליטר,false,1,7.90,5.2667,true,1,39299
7290019056881,false,שוופס סודה 1.5 ליטר,,,שוופס סודה 1.5 ליטר בק.פקדון,ליטרים,1.50,ליטר,false,1,4.50,3.0000,true,1,42035
7290019056942,false,מים עין גדי 2 ליטר ב,יפאורה,,מים עין גדי 2 ליטר בודד בק.פקדון,ליטרים,2.00,ליטר,false,1,4.80,2.4000,true,1,40072
7290019056959,false,מי עדן 1.5 ליטר בודד,,,מי עדן 1.5 ליטר בודד לא קר בק.פקדון,ליטרים,1.50,ליטר,false,1,2.70,1.8000,true,1,39380
7290019056966,false,מי עדן 1.5 ליטר בודד,,,מי עדן 1.5 ליטר בודד לא קר בק.פקדון,ליטרים,1.50,ליטר,false,1,2.70,1.8000,true,1,40101
7290019056973,false,מארז 6יח מי עדן 1.5ל,,,מארז 6יח מי עדן 1.5ליטר בק. פקדון,ליטרים,9.00,ליטר,false,1,12.70,1.4111,true,1,39339
7290019058007,false,תרד ניוזילנדי,,,תרד ניוזילנדי,Unknown,0.00,Unknown,false,1,11.90,0.0000,true,1,38729
7290019070214,false,רוטב צאטני תמר הינדי,,IN,רוטב צאטני תמר הינדי 450 גרם,גרמים,450.00,100 גרם,false,10,16.90,3.7556,true,1,42346
7290019074090,false,אל סבון קמיל בלו אקס,פישר תעשיות,IL,אל סבון קמיל בלו אקסטרה סופט 500מל,מיליליטרים,500.00,"100 מ""ל",false,12,22.90,4.5800,true,1,44070
7290019074298,false,שמפו קמיל בלו אקסטרה,פישר תעשיות,IL,שמפו קמיל בלו אקסטרה סופט 500מל,מיליליטרים,500.00,"100 מ""ל",false,12,22.90,4.5800,true,1,44071
7290019074885,false,קרם גוף קמיל בלו אקס,פישר תעשיות,IL,קרם גוף קמיל בלו אקסטרה סופט 500מל,מיליליטרים,500.00,"100 מ""ל",false,12,24.90,4.9800,true,1,44069
7290019075103,false,שמפו קמיל בלו אקסטרה,פישר תעשיות,IL,שמפו קמיל בלו אקסטרה סופט 1 ליטר,ליטרים,1.00,ליטר,false,16,32.90,32.9000,true,1,44072
7290019075899,false,אל סבון קמיל בלו אקס,פישר תעשיות,IL,אל סבון קמיל בלו אקסטרה סופט 1 ליטר,ליטרים,1.00,ליטר,false,16,32.90,32.9000,true,1,44073
7290019077206,false,רוטב רימונים ודבש לל,משק דבורים לין,IL,רוטב רימונים ודבש ללא סוכר משק לין 350 ג,גרמים,350.00,100 גרם,false,6,26.90,7.6857,true,1,38552
7290019078791,false,דובדבני אמרנה אלמנדו,"אלמונדס בע""מ",IL,דובדבני אמרנה אלמנדוס 425 גרם,גרמים,425.00,100 גרם,false,12,39.90,9.3882,true,1,43371
7290019108009,false,מעדן טבעוני פומאז שק,,IL,מעדן טבעוני פומאז שקד שוקולד 120גר,גרמים,120.00,100 גרם,false,8,10.90,9.0833,true,1,40541
7290019108023,false,מעדן טבעוני פו מוס 1,,IL,מעדן טבעוני פו מוס 120 גרם,גרמים,120.00,100 גרם,false,8,10.90,9.0833,true,1,39501
7290019108207,false,מעדן טבעוני פומאז שו,,IL,מעדן טבעוני פומאז שוקולד לבן ושקדים 120ג,גרמים,120.00,100 גרם,false,8,10.90,9.0833,true,1,44686
7290019108429,false,מעדן טבעוני פומאז יו,,IL,מעדן טבעוני פומאז יוגורט שקדים 120גר,גרמים,120.00,100 גרם,false,8,10.90,9.0833,true,1,40539
7290019108610,false,מעדן טבעוני פומאז שו,,IL,מעדן טבעוני פומאז שוקולד דובדני אמרנה120,גרמים,120.00,100 גרם,false,8,10.90,9.0833,true,1,40540
7290019108801,false,מעדן טבעוני פומאז מע,,IL,מעדן טבעוני פומאז מעדן תות 120גר,גרמים,120.00,100 גרם,false,8,10.90,9.0833,true,1,40273
7290019137016,false,תה ירוק אורגני לימון,,LK,תה ירוק אורגני לימון גראס גינגר 25 שק,יחידה,25.00,יחידה,false,12,12.90,0.5160,true,1,41561
7290019137023,false,תה ירוק אורגני בתוספ,,LK,תה ירוק אורגני בתוספת לואיזה 25 שק,יחידה,25.00,יחידה,false,12,12.90,0.5160,true,1,44449
7290019137030,false,חליטת למון גראס אורג,,LK,חליטת למון גראס אורגנית 25 שקיקים25 שק,יחידה,25.00,יחידה,false,12,12.90,0.5160,true,1,41562
7290019137177,false,ניוקי תפוא אורגני  ל,,,ניוקי תפוא אורגני  ללא גלוטן 350 גר,גרמים,350.00,100 גרם,false,14,10.90,3.1143,true,1,44201
7290019137184,false,ניוקי תפוחי אדמה אור,,,ניוקי תפוחי אדמה אורגני 350 גר,גרמים,350.00,100 גרם,false,14,10.90,3.1143,true,1,44197
7290019137191,false,ניוקי תפוא אורגני עם,,,ניוקי תפוא אורגני עם קמח כוסמין ותרד 350,גרמים,350.00,100 גרם,false,14,10.90,3.1143,true,1,44199
7290019137207,false,ניוקי תפוא אורגני  ע,,,ניוקי תפוא אורגני  עם ותרד 350,גרמים,350.00,100 גרם,false,14,10.90,3.1143,true,1,44200
7290019145691,false,ערק לימונענע דודו 75,,IL,ערק לימונענע דודו 750 מל,מיליליטרים,750.00,"100 מ""ל",false,12,65.00,8.6667,true,1,41599
7290019145899,false,ערק לימון דודו כשר 7,,IL,ערק לימון דודו כשר 700 מל,מיליליטרים,700.00,"100 מ""ל",false,12,65.00,9.2857,true,1,41749
7290019152002,false,מארז 4 לחמניות צבעונ,פילסברי,,מארז 4 לחמניות צבעוניות,Unknown,0.00,Unknown,false,1,18.00,0.0000,true,1,39515
7290019152040,false,עוגת שמרים שוקולד בל,פילסברי,,עוגת שמרים שוקולד בלגי 700 גרם,גרמים,700.00,100 גרם,false,,45.00,6.4286,true,1,39764
7290019152057,false,עוגת שמרים תפוחים 70,פילסברי,,עוגת שמרים תפוחים 700 גרם,גרמים,700.00,100 גרם,false,,45.00,6.4286,true,1,39766
7290019152064,false,עוגת שמרים פרג 700 ג,פילסברי,,עוגת שמרים פרג 700 גרם,גרמים,700.00,100 גרם,false,,45.00,6.4286,true,1,39767
7290019152071,false,עוגת שמרים חלבה שוקו,פילסברי,,עוגת שמרים חלבה שוקולד 700 גרם,גרמים,700.00,100 גרם,false,,45.00,6.4286,true,1,39765
7290019152231,false,לחם מחמצת דגנים וציה,פילסברי,,לחם מחמצת דגנים וציה,Unknown,0.00,Unknown,false,,20.20,0.0000,true,1,41795
7290019153078,false,משקה שוופס ביטר למון,יפאורה,,משקה שוופס ביטר למון לייט 1.5ל בק.פקדון,ליטרים,1.50,ליטר,false,1,10.90,7.2667,true,1,39974
7290019153085,false,משקה שוופס מוחיטו לל,יפאורה,,משקה שוופס מוחיטו ללא סוכר 1.5ליטר,ליטרים,1.50,ליטר,false,1,8.90,5.9333,true,1,40276
7290019153221,false,סודה שוופס 500מל טעם,יפאורה,,סודה שוופס 500מל טעם אננס,מיליליטרים,500.00,"100 מ""ל",false,1,4.90,0.9800,true,1,41576
7290019153238,false,סודה שוופס 500מל טעם,יפאורה,,סודה שוופס 500מל טעם תפוח,מיליליטרים,500.00,"100 מ""ל",false,1,4.90,0.9800,true,1,41577
7290019153245,false,סודה שוופס 500מל טעם,יפאורה,,סודה שוופס 500מל טעם לימון,מיליליטרים,500.00,"100 מ""ל",false,1,4.90,0.9800,true,1,41578
7290019153252,false,מארז 4יח סודה שוופס,,,מארז 4יח סודה שוופס תפוח 1.5ל בק.פקדון,ליטרים,6.00,ליטר,false,1,12.20,2.0333,true,1,41572
7290019153269,false,מארז 4יח סודה שוופס,,,מארז 4יח סודה שוופס אננס 1.5ל בק.פקדון,ליטרים,6.00,ליטר,false,1,12.20,2.0333,true,1,41571
7290019153313,false,משקה תפוח חמוציות או,יפאורה,IL,משקה תפוח חמוציות אוכמניות 350מל,מיליליטרים,350.00,"100 מ""ל",false,1,7.90,2.2571,true,1,41995
7290019153344,false,משקה קל תפוזינה סנגר,יפאורה,IL,משקה קל תפוזינה סנגרייה 1.5ליטר בק.פקדון,ליטרים,1.50,ליטר,false,1,8.50,5.6667,true,1,41996
7290019153351,false,משקה קל תפוזינה פינק,יפאורה,IL,משקה קל תפוזינה פינק אוזו 1.5ל בק.פקדון,ליטרים,1.50,ליטר,false,1,8.50,5.6667,true,1,41997
7290019153375,false,משקה קל תפוזינה מוחי,יפאורה,IL,משקה קל תפוזינה מוחיטו 1.5ל בק.פקדון,ליטרים,1.50,ליטר,false,1,8.50,5.6667,true,1,41998
7290019153535,false,מארז 4יח שוופס מוגז,,,מארז 4יח שוופס מוגז פירות למונייד ל.סוכר,מיליליטרים,1320.00,"100 מ""ל",false,1,12.90,0.9773,true,1,43363
7290019153566,false,משקה קל ספרינג רימון,יפאורה,IL,משקה קל ספרינג רימון אוכמניות 1.5ל פקדון,ליטרים,1.50,ליטר,false,1,8.50,5.6667,true,1,43756
7290019167020,false,קינוח עוגת גבינה עם,,,קינוח עוגת גבינה עם פירות יער לייט 82גר,Unknown,0.00,Unknown,false,12,6.50,0.0000,true,1,44506
7290019167037,false,קינוח תותים בקצפת 82,,,קינוח תותים בקצפת 82גר עדן קינוחים,Unknown,0.00,Unknown,false,12,6.50,0.0000,true,1,44504
7290019167044,false,קינוח קצפת קרם בייגל,,,קינוח קצפת קרם בייגלה מתוק מלוח 82גר,Unknown,0.00,Unknown,false,12,6.50,0.0000,true,1,44505
7290019204008,false,פסטרמה ארבעה פלפלים,עוף טוב,IL,פסטרמה ארבעה פלפלים 350גר עוף טוב,גרמים,350.00,100 גרם,false,8,24.90,7.1143,true,1,42737
7290019204107,false,פסטרמה בטעם אווז 320,עוף טוב,IL,פסטרמה בטעם אווז 320גר עוף טוב,גרמים,320.00,100 גרם,false,8,24.90,7.7812,true,1,42738
7290019204206,false,פסטרמה בסגנון רומני,עוף טוב,IL,פסטרמה בסגנון רומני 320גר עוף טוב,גרמים,320.00,100 גרם,false,8,24.90,7.7812,true,1,42739
7290019204305,false,פסטרמה ברביקיו 350גר,עוף טוב,IL,פסטרמה ברביקיו 350גר עוף טוב,גרמים,350.00,100 גרם,false,8,24.90,7.1143,true,1,42736
7290019204404,false,נקניק קורנביף 220גר,עוף טוב,IL,נקניק קורנביף 220גר עוף טוב נתח שלם,גרמים,220.00,100 גרם,false,8,24.90,11.3182,true,1,42742
7290019226123,false,קניידלך קפוא 400 גרם,,,קניידלך קפוא 400 גרם תומר,גרמים,400.00,100 גרם,false,12,17.90,4.4750,true,1,40774
7290019232353,false,תה ירוק סיני 1.5 ג 5,תה ויסוצקי,,תה ירוק סיני 1.5 ג 50 שקיקים,יחידה,50.00,יחידה,false,1,39.90,0.7980,true,1,43738
7290019232834,false,בייגלה פליפז קרם עוג,,,בייגלה פליפז קרם עוגיות 140 גרם,גרמים,140.00,100 גרם,false,1,8.90,6.3571,true,1,41284
7290019233008,false,רוטב זיתא לשקשוקה קו,,IT,רוטב זיתא לשקשוקה קוביות ארטישוק 420 גרם,גרמים,420.00,100 גרם,false,6,13.90,3.3095,true,1,41680
7290019233015,false,רוטב זיתא לשקשוקה יר,,IT,רוטב זיתא לשקשוקה ירוקה 420 גרם,גרמים,420.00,100 גרם,false,6,13.90,3.3095,true,1,41678
7290019233022,false,רוטב זיתא לשקשוקה קו,,IT,רוטב זיתא לשקשוקה קוביות חצילים 420 גרם,גרמים,420.00,100 גרם,false,6,13.90,3.3095,true,1,41679
7290019233039,false,רוטב זיתא לשקשוקה קו,,IT,רוטב זיתא לשקשוקה קוביות פלפל 420 גרם,גרמים,420.00,100 גרם,false,6,13.90,3.3095,true,1,41681
7290019233046,false,זית זיתא קלמטה בלונד,זיתא - י.ט.ב תעשיות,,זית זיתא קלמטה בלונד 215 גרם בגביע,גרמים,215.00,100 גרם,false,1,12.90,6.0000,true,1,39829
7290019297161,false,טורטיה טורטילס קמח ת,מוטלוקל,,טורטיה טורטילס קמח תירס 12 יח 450 גר,גרמים,450.00,100 גרם,false,1,10.90,2.4222,true,1,21085
7290019297239,false,צימוק חום 330 גר בקו,"דין שיווק וקלייה בע""",,צימוק חום 330 גר בקופסא,גרמים,330.00,100 גרם,false,1,13.90,4.2121,true,1,10368
7290019297246,false,שזיף מיובש 330 גר בק,"דין שיווק וקלייה בע""",,שזיף מיובש 330 גר בקופסא,גרמים,330.00,100 גרם,false,1,18.90,5.7273,true,1,10369
7290019297451,false,מי ורדים 500 מל,אלימד פוד,,מי ורדים 500 מל,מיליליטרים,500.00,"100 מ""ל",false,1,16.00,3.2000,true,1,10634
7290019297505,false,רוטב רימונים שקדיה 7,קארל קיוחנה,TR,רוטב רימונים שקדיה 1 ל,מיליליטרים,700.00,"100 מ""ל",false,1,19.90,2.8429,true,1,10399
7290019297512,false,רוטב רימונים שקדיה 3,סיטוגלוגידה,,רוטב רימונים שקדיה 350 מל,גרמים,340.00,100 גרם,false,1,9.90,2.9118,true,1,10398
7290019297536,false,חמאת בוטנים שברי בוט,שנדונג,,חמאת בוטנים שברי בוטנים 510 גר,גרמים,510.00,100 גרם,false,1,9.90,1.9412,true,1,10575
7290019297543,false,חמאת בוטנים חלקה 510,שנדונג,,חמאת בוטנים חלקה 510 גר,גרמים,510.00,100 גרם,false,1,9.90,1.9412,true,1,10576
7290019297628,false,שקד טבעי 150 גר ששון,"דין שיווק וקלייה בע""",,שקד טבעי ששון הקולה 150 גר,גרמים,150.00,100 גרם,false,1,13.90,9.2667,true,1,10386
7290019297635,false,שקד קלוי ששון הקולה,"דין שיווק וקלייה בע""",,שקד קלוי ששון הקולה 150 גר,גרמים,150.00,100 גרם,false,1,14.90,9.9333,true,1,10385
7290019297642,false,גרעין שחור קלוי ללא,"דין שיווק וקלייה בע""",,גרעין שחור קלוי ללא מלח ששון הקולה 150גר,גרמים,150.00,100 גרם,false,1,4.50,3.0000,true,1,10387
7290019302315,false,יין באז אבטיח מלון 7,,,יין באז אבטיח מלון 750 מל,מיליליטרים,750.00,"100 מ""ל",false,1,35.00,4.6667,true,1,42107
7290019304104,false,יין שאושינג 640 מל ס,Qingdao Sun-growing,CN,יין שאושינג 640 מל סאן,מיליליטרים,640.00,"100 מ""ל",false,12,34.90,5.4531,true,1,44198
7290019369004,false,יין שרדונה קסטל לבן,יקב קסטל,,יין שרדונה קסטל לבן 750 מל,גרמים,750.00,100 גרם,false,1,149.00,19.8667,true,1,43597
7290019369028,false,יין קסטל  גרנד ווין,יקב קסטל,,יין קסטל  גרנד ווין 750 מל,מיליליטרים,750.00,"100 מ""ל",false,1,250.00,33.3333,true,1,43596
7290019376002,false,רוטב שום לימון קפוא,,,רוטב שום לימון קפוא 500גר ארז,גרמים,500.00,100 גרם,false,1,18.90,3.7800,true,1,44324
7290022005555,false,תערובת פילדלפיה מיכל,א.ל ייצור ושיווק תבל,,תערובת פילדלפיה מיכל 120 גר,גרמים,120.00,100 גרם,false,1,11.90,9.9167,true,1,22002
7290022005562,false,פירורי לחם קריספ עם,,,פירורי לחם קריספ עם שום 300 גרם,גרמים,300.00,100 גרם,false,20,7.90,2.6333,true,1,42587
7290024486314,false,פרמיו בוגר עוף לכלב,,IT,פרמיו בוגר עוף לכלב 400 גר,גרמים,400.00,100 גרם,false,24,5.90,1.4750,true,1,42707
7290024486550,false,פרמיו עוף לחתול 400,,IT,פרמיו עוף לחתול 400 גר,גרמים,400.00,100 גרם,false,24,5.90,1.4750,true,1,42705
7290026220176,false,דבש פרחי השדה 1 קג ק,קיבוץ ארז,,דבש פרחי השדה 1 קג קיבוץ ארז,קילוגרמים,1.00,"ק""ג",false,1,49.90,49.9000,true,1,26476
7290026220206,false,דבש פרחי הדרים 1 קג,קיבוץ ארז,IL,דבש פרחי הדרים 1 קג קיבוץ ארז,קילוגרמים,1.00,"ק""ג",false,15,49.90,49.9000,true,1,26484
7290055090597,false,מטבעות שוקולד לבן 48,כרמית,,מטבעות שוקולד לבן 42ג ברשת,Unknown,0.00,Unknown,false,1,5.00,0.0000,true,1,7898
7290055090702,false,חטיפי קרח איגלו שלוק,כרמית,,חטיפי קרח איגלו שלוקים 70 יח כרמית,יחידה,60.00,יחידה,false,1,13.90,0.2317,true,1,8608
7290055090801,false,שוקולד לבן ללא סוכר,כרמית,,שוקולד לבן ללא סוכר כרמית 85 גר,גרמים,40000.00,100 גרם,false,1,5.50,0.0138,true,1,10914
7290100184059,false,גלגל ים ממותג מעורב,,,גלגל ים ממותג מעורב 20סמ,Unknown,0.00,Unknown,false,1,19.90,0.0000,true,1,41360
7290100240137,false,תרסיס למייבש בדין כח,זוהר דליה,,תרסיס למייבש בדין כחול 500 מל,מיליליטרים,500.00,"100 מ""ל",false,1,16.90,3.3800,true,1,5032
7290100240144,false,תרסיס למייבש בדין ור,זוהר דליה,,תרסיס למייבש בדין ורוד 500 מל,מיליליטרים,500.00,"100 מ""ל",false,1,16.90,3.3800,true,1,5031
7290100240632,false,פתית 6 דגנים 250 גר,יוניליוור,,פתית 6 דגנים 250 גר,גרמים,250.00,100 גרם,false,1,15.90,6.3600,true,1,5054
7290100240656,false,פתית שיפון 300 גר,יוניליוור,,פתית שיפון 300 גר,גרמים,300.00,100 גרם,false,1,15.90,5.3000,true,1,5055
7290100243084,false,מיונז הלמנס אמיתי 78,יוניליוור,,מיונז הלמנס אמיתי 789 גר,גרמים,789.00,100 גרם,false,1,19.90,2.5222,true,1,5612
7290100243671,false,מרכך כביסה בדין אקסט,יוניליוור,,מרכך כביסה בדין אקסטרא כחול 960 מל,מיליליטרים,960.00,"100 מ""ל",false,1,15.90,1.6563,true,1,5742
7290100245231,false,זוג מרק נמס בכוס ט.ע,יוניליוור,,זוג מרק נמס בכוס ט.עוף שקדי מרק38ג,Unknown,0.00,Unknown,false,1,6.50,0.0000,true,1,6195
7290100246023,false,דגני בוקר כריות 500,,,דגני בוקר כריות 500 גר כשלפ,גרמים,500.00,100 גרם,false,1,22.90,4.5800,true,1,6476
7290100249086,false,חטיף קליק או.קיי שוק,יוניליוור,,חטיף קליק או.קיי שוקולד לבן 35 גרם,Unknown,0.00,Unknown,false,1,4.50,0.0000,true,1,8634
7290100249598,false,רוטב קנור שום ודבש 3,יוניליוור,,רוטב קנור לבישול שום ודבש 320 גר בדץ,גרמים,320.00,100 גרם,false,1,11.90,3.7188,true,1,7005
7290100249659,false,רוטב קנור צילי יין ל,,,רוטב קנור לבישול עוף צילי יין  310מל בדץ,מיליליטרים,310.00,"100 מ""ל",false,1,11.90,3.8387,true,1,7003
7290100412343,false,מגבונים לניקוי כללי,די.פי.אל,,מגבונים לניקוי כללי קוויק לימון 50יח,יחידה,50.00,יחידה,false,1,8.90,0.1780,true,1,13386
7290100412435,false,מגבונים לניקוי כללי,די.פי.אל,,מגבונים לניקוי כללי קוויק פרחי בר 50יח,יחידה,50.00,יחידה,false,1,8.90,0.1780,true,1,13387
7290100412442,false,מגבונים לניקוי שירות,די.פי.אל,,מגבונים לניקוי שירותים/אמבטיה קוויק 50יח,יחידה,50.00,יחידה,false,1,8.90,0.1780,true,1,13388
7290100412459,false,מגבונים לניקוי שירות,די.פי.אל,,מגבונים לניקוי שירותים/אמבטיה קוויק 50יח,יחידה,50.00,יחידה,false,1,8.90,0.1780,true,1,13389
7290100412466,false,מגבוני קוויק לניקוי,די.פי.אל,,מגבוני קוויק לניקוי רצפות ניחוח לימון 10,יחידה,10.00,יחידה,false,12,9.90,0.9900,true,1,27061
7290100412701,false,קרם גוף דוקטור עור מ,"אמיליה קוסמטיקס בע""מ",,קרם גוף דוקטור עור מאסק 400מל,מיליליטרים,400.00,"100 מ""ל",false,1,17.90,4.4750,true,1,17108
7290100412718,false,תרחיץ פנים דוקטור עו,"אמיליה קוסמטיקס בע""מ",,תרחיץ פנים דוקטור עור מאסק 150 מל,מיליליטרים,150.00,"100 מ""ל",false,1,17.90,11.9333,true,1,17111
7290100412732,false,קרם גוף דוקטור עור פ,"אמיליה קוסמטיקס בע""מ",,קרם גוף דוקטור עור פרחי אביב 400מל,מיליליטרים,400.00,"100 מ""ל",false,1,17.90,4.4750,true,1,17110
7290100412756,false,קרם ידיים דוקטור עור,"אמיליה קוסמטיקס בע""מ",,קרם ידיים דוקטור עור פרחי אביב 100מל,מיליליטרים,100.00,"100 מ""ל",false,1,11.90,11.9000,true,1,17113
7290100412763,false,תחליב רחצה לבנדר דוק,"אמיליה קוסמטיקס בע""מ",,תחליב רחצה לבנדר דוקטור עור 700 מל,מיליליטרים,700.00,"100 מ""ל",false,1,19.90,2.8429,true,1,17103
7290100412770,false,תחליב רחצה מאסק דוקט,"אמיליה קוסמטיקס בע""מ",,תחליב רחצה מאסק דוקטור עור 700 מל,מיליליטרים,700.00,"100 מ""ל",false,1,19.90,2.8429,true,1,17104
7290100412787,false,תחליב רחצה פרחי כותנ,"אמיליה קוסמטיקס בע""מ",,תחליב רחצה פרחי כותנה דוקטור עור 700 מל,מיליליטרים,700.00,"100 מ""ל",false,1,19.90,2.8429,true,1,17105
7290100412794,false,פילינג פנים דוקטור ע,"אמיליה קוסמטיקס בע""מ",,פילינג פנים דוקטור עור מאסק 150 מל,מיליליטרים,150.00,"100 מ""ל",false,1,17.90,11.9333,true,1,17112
7290100412800,false,תחליב רחצה פרחי אביב,"אמיליה קוסמטיקס בע""מ",,תחליב רחצה פרחי אביב דוקטור עור 700 מל,מיליליטרים,700.00,"100 מ""ל",false,1,19.90,2.8429,true,1,17106
7290100412817,false,קרם רגליים דוקטור עו,"אמיליה קוסמטיקס בע""מ",,קרם רגליים דוקטור עור פרחי אביב 100 מל,מיליליטרים,100.00,"100 מ""ל",false,1,11.90,11.9000,true,1,17115
7290100412831,false,תחליב רחצה טרופיקל ו,"אמיליה קוסמטיקס בע""מ",,תחליב רחצה טרופיקל וניל דוקטור עור 700מל,מיליליטרים,700.00,"100 מ""ל",false,1,19.90,2.8429,true,1,17107
7290100412848,false,קרם גוף דוקטור עור ט,"אמיליה קוסמטיקס בע""מ",,קרם גוף דוקטור עור טרופיקל וניל 400מל,מיליליטרים,400.00,"100 מ""ל",false,1,17.90,4.4750,true,1,17109
7290100413593,false,מגבונים קוויק לניקוי,די.פי.אל,,מגבונים קוויק לניקוי כללי אקס אל 40יח,יחידה,40.00,יחידה,false,1,8.90,0.2225,true,1,14389
7290100653463,false,פלמוליב סבון נוזלי ס,CP - Turkey+60,,פלמוליב סבון נוזלי ספא מסאג 500 מל,מיליליטרים,500.00,"100 מ""ל",false,1,14.90,2.9800,true,1,3720
7290100653586,false,דאו.לסס ספיד סטיק גל,Colgate - USA,,דאו.לסס ספיד סטיק גל 24/7 ורוד,Unknown,0.00,Unknown,false,1,21.90,0.0000,true,1,4037
7290100658338,false,נוזל כלים פלמוליב או,Colgate - Greece,,נוזל כלים פלמוליב אוקסי כחול 750 מל,מיליליטרים,750.00,"100 מ""ל",false,1,10.90,1.4533,true,1,3795
7290100659090,false,מארז חטיף פריי תמר ק,FREE,,מארז חטיף פריי תמר קינמון ללא סוכר 5 יח,גרמים,90.00,100 גרם,false,1,16.90,18.7778,true,1,3895
7290100680650,false,מנה חמה נודלס ירקות,טאי רזידנט,,מנה חמה נודלס ירקות תאילנדי 76 גר,גרמים,76.00,100 גרם,false,1,6.50,8.5526,true,1,3670
7290100680667,false,מנה חמה נודלס ירקות,טאי רזידנט,,מנה חמה נודלס ירקות סצואן 76 גר,גרמים,76.00,100 גרם,false,1,6.50,8.5526,true,1,3671
7290100680711,false,פירורית זהב בשקית 35,עינת,,פירורית זהב בשקית 350 ג,גרמים,350.00,100 גרם,false,1,7.90,2.2571,true,1,3777
7290100680728,false,פירורית בשקית 350 ג,"אסם תעשיות בע""מ",,פירורית בשקית 350 ג,גרמים,350.00,100 גרם,false,1,6.90,1.9714,true,1,3776
7290100681015,false,אינסטנט פודינג ריבת,"אסם תעשיות בע""מ",,אינסטנט פודינג ריבת חלב84 גר,גרמים,84.00,100 גרם,false,1,5.50,6.5476,true,1,3728
7290100681138,false,מארז אפרופו מיוחד 3,"אסם תעשיות בע""מ",,מארז אפרופו מיוחד 3 יח,גרמים,150.00,100 גרם,false,1,11.90,7.9333,true,1,3507
7290100681503,false,סירופ דיאט לימונענע,בית השיטה,,סירופ דיאט לימונענע 1 ל,ליטרים,1.00,ליטר,false,1,16.90,16.9000,true,1,3669
7290100684139,false,פסטה אסם מיני מקרוני,זארה,,פסטה אסם מיני מקרוני 500 גרם,גרמים,500.00,100 גרם,false,1,5.90,1.1800,true,1,3892
7290100684306,false,רוטב צילי מתוק 600 מ,"אסם תעשיות בע""מ",,רוטב צילי מתוק 600 מל,מיליליטרים,600.00,"100 מ""ל",false,1,16.90,2.8167,true,1,4326
7290100685068,false,אינסטנט פודינג וניל+,"אסם תעשיות בע""מ",,אינסטנט פודינג וניל+פיצפוצי שוקולד 110 ג,גרמים,110.00,100 גרם,false,1,5.90,5.3636,true,1,4050
7290100685136,false,מרק עדיף טעם עוף 1 ק,"אסם תעשיות בע""מ",,מרק עדיף טעם עוף 1 קג,קילוגרמים,1.00,"ק""ג",false,1,13.90,13.9000,true,1,4049
7290100685242,false,במבה תות 30 ג על סרט,"אסם תעשיות בע""מ",,במבה תות 30 ג על סרט,Unknown,0.00,Unknown,false,1,3.00,0.0000,true,1,4086
7290100685334,false,מרק עוף אמיתי רכיב ט,"אסם תעשיות בע""מ",,מרק עוף אמיתי רכיב טבעי 400 גר אסם,גרמים,400.00,100 גרם,false,1,22.90,5.7250,true,1,4720
7290100685341,false,מרק זך טעם עוף זך רכ,"אסם תעשיות בע""מ",,מרק זך טעם עוף זך רכיבים טבעיים 400ג,גרמים,400.00,100 גרם,false,1,16.90,4.2250,true,1,4123
7290100685563,false,מארז 2 יח פירורית זה,,,מארז 2 יח פירורית זהב 200 גר,גרמים,400.00,100 גרם,false,1,9.90,2.4750,true,1,5725
7290100685600,false,פירורית חיטה מלאה 20,עינת,,פירורית חיטה מלאה 200 גרם,גרמים,200.00,100 גרם,false,1,6.50,3.2500,true,1,4142
7290100687109,false,חטיף במבה במילוי נוג,"אסם תעשיות בע""מ",,חטיף במבה במילוי נוגט 60 גר,גרמים,60.00,100 גרם,false,1,4.50,7.5000,true,1,5294
7290100700006,false,חיטה סוגת 1 קג,סוגת תעשיות בעמ,,חיטה סוגת 1 קג,קילוגרמים,1.00,"ק""ג",false,1,8.90,8.9000,true,1,4700
7290100700020,false,גריסי פנינה סוגת 500,סוגת תעשיות בעמ,,גריסי פנינה סוגת 500 גרם,גרמים,500.00,100 גרם,false,1,4.90,0.9800,true,1,3313
7290100700068,false,שעועית צבעונית 500 ג,סוגת תעשיות בעמ,,שעועית צבעונית 500 ג סוגת,גרמים,500.00,100 גרם,false,1,7.90,1.5800,true,1,3470
7290100700075,false,פירורי לחם מוזהב 200,סוגת תעשיות בעמ,,פירורי לחם מוזהב 200 ג סוגת,גרמים,200.00,100 גרם,false,1,4.00,2.0000,true,1,3471
7290100700242,false,אורז עגול מלא 1 קג ס,סוגת תעשיות בעמ,,אורז עגול מלא 1 קג סוגת,קילוגרמים,1.00,"ק""ג",false,1,9.90,9.9000,true,1,4102
7290100700273,false,קינואה לבנה 500 ג סו,סוגת תעשיות בעמ,,קינואה לבנה 500 ג סוגת,גרמים,500.00,100 גרם,false,1,12.90,2.5800,true,1,4059
7290100700297,false,עדשים מנומרות סוגת 5,סוגת תעשיות בעמ,,עדשים שחורים סוגת 500 גרם,גרמים,500.00,100 גרם,false,1,7.90,1.5800,true,1,4565
7290100700310,false,כוסמת סוגת 1 קג,סוגת תעשיות בעמ,,כוסמת סוגת 1 קג,קילוגרמים,1.00,"ק""ג",false,1,14.90,14.9000,true,1,4895
7290100700327,false,גריסי פנינה סוגת 1 ק,סוגת תעשיות בעמ,,גריסי פנינה סוגת 1 קג,קילוגרמים,1.00,"ק""ג",false,1,8.50,8.5000,true,1,4896
7290100700334,false,קינואה 1 קג סוגת,,,קינואה 1 קג סוגת,קילוגרמים,1.00,"ק""ג",false,1,19.90,19.9000,true,1,6760
7290100700365,false,שעועית אדומה 1 קג,סוגת תעשיות בעמ,,שעועית אדומה 1 קג,קילוגרמים,1.00,"ק""ג",false,1,18.90,18.9000,true,1,4897
7290100700372,false,אורז בסמטי מלא 1 קג,סוגת תעשיות בעמ,,אורז בסמטי מלא 1 קג סוגת,קילוגרמים,1.00,"ק""ג",false,1,12.90,12.9000,true,1,6759
7290100700389,false,אורז אדום סוגת 1 קג,סוגת תעשיות בעמ,,אורז אדום סוגת 1 קג,קילוגרמים,1.00,"ק""ג",false,1,12.90,12.9000,true,1,4701
7290100700396,false,אורז יסמין קלאסי 1 ק,סוגת תעשיות בעמ,,אורז יסמין קלאסי 1 קג,קילוגרמים,1.00,"ק""ג",false,1,11.90,11.9000,true,1,4899
7290100700402,false,חומוס ענק 1 קג,סוגת תעשיות בעמ,,חומוס ענק 1 קג,קילוגרמים,1.00,"ק""ג",false,1,18.90,18.9000,true,1,4898
7290100700419,false,בורגול סוגת 1 קג,סוגת תעשיות בעמ,,בורגול סוגת 1 קג,קילוגרמים,1.00,"ק""ג",false,1,8.50,8.5000,true,1,5877
7290100700563,false,אורז מיקס קלאסי 1 קג,סוגת תעשיות בעמ,,אורז מיקס קלאסי 1 קג,קילוגרמים,1.00,"ק""ג",false,1,12.90,12.9000,true,1,5082
7290100700587,false,בורגול סוגת 500 גר,סוגת תעשיות בעמ,,בורגול סוגת 500 גר,גרמים,500.00,100 גרם,false,1,4.90,0.9800,true,1,6589
7290100701126,false,שעועית מש סוגת 500 ג,סוגת תעשיות בעמ,,שעועית מש סוגת 500 גרם,גרמים,500.00,100 גרם,false,1,11.90,2.3800,true,1,6845
7290100701140,false,אורז ריזוטו אורבוריו,סוגת תעשיות בעמ,,אורז ריזוטו אורבוריו 1 קג סוגת,קילוגרמים,1.00,"ק""ג",false,1,13.90,13.9000,true,1,6682
7290100701157,false,אורז סושי 1 קג סוגת,סוגת תעשיות בעמ,,אורז סושי 1 קג סוגת,קילוגרמים,1.00,"ק""ג",false,1,13.90,13.9000,true,1,6733
7290100701300,false,קינואה אדומה 500 גר,,,קינואה אדומה 500 גר סוגת,גרמים,500.00,100 גרם,false,1,12.90,2.5800,true,1,6761
7290100701331,false,קמח רב תכליתי 1 קג ס,"שטיבל בע""מ",,קמח רב תכליתי 1 קג סוגת,קילוגרמים,1.00,"ק""ג",false,1,5.90,5.9000,true,1,7617
7290100701348,false,קמח שיפון מלא 1 קג ס,"שטיבל בע""מ",,קמח שיפון מלא 1 קג סוגת,קילוגרמים,1.00,"ק""ג",false,1,5.90,5.9000,true,1,7613
7290100701409,false,קמח תירס סוגת 500 גר,מולינו פילה ספא,,קמח תירס סוגת 500 גר,גרמים,500.00,100 גרם,false,1,6.90,1.3800,true,1,10040
7290100701454,false,גרישה סוגת 500 גר,סוגת תעשיות בעמ,,גרישה סוגת 500 גר,גרמים,500.00,100 גרם,false,1,4.90,0.9800,true,1,6762
7290100701577,false,קמח ללחם 1 קג סוגת,"שטיבל בע""מ",,קמח ללחם 1 קג סוגת,קילוגרמים,1.00,"ק""ג",false,1,5.90,5.9000,true,1,7615
7290100701874,false,קמח כוסמין 1 קג סוגת,"שטיבל בע""מ",,קמח כוסמין 1 קג סוגת,קילוגרמים,1.00,"ק""ג",false,1,13.90,13.9000,true,1,9100
7290100701881,false,קמח לפיצה 1 קג סוגת,"שטיבל בע""מ",,קמח לפיצה 1 קג סוגת,קילוגרמים,1.00,"ק""ג",false,1,5.90,5.9000,true,1,7614
7290100701898,false,קמח פסטה 1 קג סוגת,"שטיבל בע""מ",,קמח פסטה 1 קג סוגת,קילוגרמים,1.00,"ק""ג",false,1,13.90,13.9000,true,1,9099
7290100701966,false,אפונה צהובה סוגת 500,סוגת תעשיות בעמ,,אפונה צהובה סוגת 500 גרם,גרמים,500.00,100 גרם,false,1,5.90,1.1800,true,1,14211
7290100702260,false,קוסקוס דק 350 גר סוג,"אסיף תעשיות מזון בע""",,קוסקוס דק 350 גר סוגת,גרמים,350.00,100 גרם,false,1,5.50,1.5714,true,1,8408
7290100702277,false,קוסקוס עבה 350 גר סו,"אסיף תעשיות מזון בע""",,קוסקוס עבה 350 גר סוגת,גרמים,350.00,100 גרם,false,1,5.50,1.5714,true,1,8409
7290100702284,false,קוסקוס מלא 350 גר סו,"אסיף תעשיות מזון בע""",,קוסקוס מלא 350 גר סוגת,גרמים,350.00,100 גרם,false,1,5.50,1.5714,true,1,8410
7290100702314,false,שעועית שחורה 500 גר,סוגת תעשיות בעמ,,שעועית שחורה 500 גר סוגת,גרמים,500.00,100 גרם,false,1,7.90,1.5800,true,1,8609
7290100702383,false,קמח תופח 1 קג סוגת,"שטיבל בע""מ",,קמח תופח 1 קג סוגת,קילוגרמים,1.00,"ק""ג",false,1,5.90,5.9000,true,1,8477
7290100702611,false,פתיתים אפויים אורז ס,"אסיף תעשיות מזון בע""",,פתיתים אפויים אורז סוגת 500 גר,גרמים,500.00,100 גרם,false,1,5.90,1.1800,true,1,9081
7290100702628,false,פתיתים אפויים קוסקוס,"אסיף תעשיות מזון בע""",,פתיתים אפויים קוסקוס סוגת 500 גר,גרמים,500.00,100 גרם,false,1,5.90,1.1800,true,1,9082
7290100702635,false,פתיתים אפויים כוכבים,"אסיף תעשיות מזון בע""",,פתיתים אפויים כוכבים סוגת 500 גר,גרמים,500.00,100 גרם,false,1,5.90,1.1800,true,1,9083
7290100702642,false,פתיתים אפויים טבעות,"אסיף תעשיות מזון בע""",,פתיתים אפויים טבעות סוגת 500 גר,גרמים,500.00,100 גרם,false,1,5.90,1.1800,true,1,9084
7290100702659,false,פתיתים אפויים מקמח מ,"אסיף תעשיות מזון בע""",,פתיתים אפויים מקמח מלא סוגת 400 גר,גרמים,400.00,100 גרם,false,1,5.90,1.4750,true,1,9085
7290100702666,false,פתיתים אפויים עם בצל,"אסיף תעשיות מזון בע""",,פתיתים אפויים עם בצל סוגת 400 גר,גרמים,400.00,100 גרם,false,1,5.90,1.4750,true,1,9086
7290100702673,false,פתיתים אפויים 3 צבעי,"אסיף תעשיות מזון בע""",,פתיתים אפויים 3 צבעים סוגת 400 גר,גרמים,400.00,100 גרם,false,1,5.90,1.4750,true,1,9087
7290100702741,false,סוכר חום  בהיר צנצנת,סוגת תעשיות בעמ,,סוכר חום  בהיר צנצנת 1 קג סוגת,קילוגרמים,1.00,"ק""ג",false,1,12.90,12.9000,true,1,10092
7290100702994,false,סוכר חום דמררה שקית,"גילרו בע""מ",,סוכר חום דמררה שקית 500 גרם,גרמים,50000.00,100 גרם,false,1,5.50,0.0110,true,1,11555
7290100703007,false,עדשים שחורות בלוגה 5,"גילרו בע""מ",,עדשים שחורות בלוגה 500 גר,גרמים,50000.00,100 גרם,false,1,7.90,0.0158,true,1,11556
7290100703182,false,תבשיל נודלס אישי טעם,קאונו גרודאי,LT,תבשיל נודלס אישי טעם ירקות 65 גרם סוגת,Unknown,0.00,Unknown,false,12,4.90,0.0000,true,1,23138
7290100703199,false,תבשיל נודלס אישי טעם,קאונו גרודאי,LT,תבשיל נודלס אישי טעם פיקנטי 65 גרם סוגת,Unknown,0.00,Unknown,false,12,4.90,0.0000,true,1,23139
7290100703434,false,בורגול חום סוגת 500,סוגת תעשיות בעמ,,בורגול חום סוגת 500 גר,גרמים,500.00,100 גרם,false,1,4.90,0.9800,true,1,13230
7290100703458,false,כוסמת לא קלויה 500 ג,סוגת תעשיות בעמ,,כוסמת לא קלויה 500 גר סוגת,גרמים,500.00,100 גרם,false,1,8.90,1.7800,true,1,13678
7290100703533,false,קמח קסם שמרים 1 קג ס,"שטיבל בע""מ",,קמח קסם שמרים 1 קג סוגת,קילוגרמים,1.00,"ק""ג",false,1,9.90,9.9000,true,1,14210
7290100703557,false,קמח לפוקצה 1 קג סוגת,"שטיבל בע""מ",,קמח לפוקצה 1 קג סוגת,קילוגרמים,1.00,"ק""ג",false,1,5.90,5.9000,true,1,13860
7290100703632,false,קמח מלא מנופה סוגת 1,"שטיבל בע""מ",,קמח מלא מנופה סוגת 1 קג,קילוגרמים,1.00,"ק""ג",false,1,9.90,9.9000,true,1,14614
7290100703649,false,קמח 80% חיטה מלאה מנ,"שטיבל בע""מ",,קמח 80% חיטה מלאה מנופה סוגת 1 קג,קילוגרמים,1.00,"ק""ג",false,1,9.90,9.9000,true,1,14617
7290100703663,false,קמח תופח מנופה סוגת,"שטיבל בע""מ",,קמח תופח מנופה סוגת 1 קג,קילוגרמים,1.00,"ק""ג",false,1,9.90,9.9000,true,1,14616
7290100703670,false,קמח כוסמין מלא מנופה,"שטיבל בע""מ",IL,קמח כוסמין מנופה סוגת 1 קג,קילוגרמים,1.00,"ק""ג",false,1,15.90,15.9000,true,1,15630
7290100703847,false,סוכר קוביות לבן 500,,,סוכר קוביות לבן 500 גרם,גרמים,500.00,100 גרם,false,1,10.00,2.0000,true,1,16103
7290100703854,false,סוכר קוביות דמררה500,,,סוכר קוביות דמררה500 גרם,גרמים,500.00,100 גרם,false,1,10.00,2.0000,true,1,16104
7290100703861,false,קמח קסם שמרים לחלה 1,"שטיבל בע""מ",,קמח קסם שמרים לחלה 1 קג,קילוגרמים,1.00,"ק""ג",false,1,9.90,9.9000,true,1,15631
7290100703908,false,סוכר דמררה 1 קג שקית,סוגת תעשיות בעמ,,סוכר דמררה 1 קג שקית סוגת,קילוגרמים,1.00,"ק""ג",false,1,8.90,8.9000,true,1,15633
7290100703915,false,פופקורן למיקרו חמאה,,,פופקורן למיקרו חמאה 1+5 חינם 100 גרם,גרמים,600.00,100 גרם,false,1,9.90,1.6500,true,1,16984
7290100703922,false,פופקורן למיקרו טבעי,,,פופקורן למיקרו טבעי 1+5 חינם 100 גרם,גרמים,600.00,100 גרם,false,1,9.90,1.6500,true,1,16985
7290100703953,false,קוקוס לבן סוגת 500 ג,סוגת תעשיות בעמ,,קוקוס לבן סוגת 500 גרם,גרמים,500.00,100 גרם,false,1,10.90,2.1800,true,1,16442
7290100704066,false,עדשים צהובות סוגת500,סוגת תעשיות בעמ,,עדשים צהובות סוגת500 גרם,גרמים,500.00,100 גרם,false,1,7.90,1.5800,true,1,17611
7290100704141,false,סודה לשתיה סוגת 100,"י. כהן בע""מ",,סודה לשתיה סוגת 100 גרם,גרמים,100.00,100 גרם,false,1,2.50,2.5000,true,1,20827
7290100704264,false,עדשים שחורות בלוגה 1,סוגת תעשיות בעמ,,עדשים שחורות בלוגה 1 קג סוגת,קילוגרמים,1.00,"ק""ג",false,1,15.90,15.9000,true,1,21087
7290100704493,false,קמח שמרים פיצה סוגת,"שטיבל בע""מ",IL,קמח שמרים פיצה סוגת ללא ניפוי 1 קג,קילוגרמים,1.00,"ק""ג",false,1,9.90,9.9000,true,1,30448
7290100704516,false,חומוס מיני סוגת 500,"שטיבל בע""מ",IL,חומוס מיני סוגת 500 גרם,גרמים,500.00,100 גרם,false,1,7.90,1.5800,true,1,30453
7290100704530,false,קמח כוסמין לבן סוגת,"שטיבל בע""מ",IL,קמח כוסמין לבן סוגת ללא ניפוי 1 קג,קילוגרמים,1.00,"ק""ג",false,1,17.90,17.9000,true,1,30449
7290100704578,false,קמח כוסמין לבן סוגת,"שטיבל בע""מ",IL,קמח כוסמין לבן סוגת 1 קג,קילוגרמים,1.00,"ק""ג",false,1,13.90,13.9000,true,1,30452
7290100704608,false,שעועית לבנה עדינה סו,"שטיבל בע""מ",IL,שעועית לבנה עדינה סוגת 500 גרם,גרמים,500.00,100 גרם,false,1,7.90,1.5800,true,1,30454
7290100704615,false,סוכר לבן דק דק 500 ג,סוגת תעשיות בעמ,,סוכר לבן דק דק 500 גרם צנצנת,גרמים,500.00,100 גרם,false,1,7.90,1.5800,true,1,42828
7290100704622,false,סוכר דמררה דק דק 500,סוגת תעשיות בעמ,,סוכר דמררה דק דק 500 גרם צנצנת,גרמים,500.00,100 גרם,false,1,7.90,1.5800,true,1,42827
7290100704639,false,קמח שמרים פיתה סוגת,"שטיבל בע""מ",IL,קמח שמרים פיתה סוגת 1 קג,קילוגרמים,1.00,"ק""ג",false,1,9.90,9.9000,true,1,30447
7290100850336,false,חטיף מיני פסק זמן 19,,,חטיף מיני פסק זמן 195 ג משפחתי,גרמים,195.00,100 גרם,false,1,13.90,7.1282,true,1,3446
7290100850466,false,חטיף מיני מיקס פסק ז,,,חטיף מיני מיקס פסק זמן 390 ג משפחתי,גרמים,390.00,100 גרם,false,1,24.90,6.3846,true,1,3450
7290100850909,false,חטיף דוריטוס נאצו מק,STRAUSS-ISRAEL,,חטיף דוריטוס נאצו מקסיקני 70 ג,גרמים,70.00,100 גרם,false,1,3.70,5.2857,true,1,3494
7290100850916,false,חטיף דוריטוס חמוץ חר,STRAUSS-ISRAEL,,חטיף דוריטוס חמוץ חריף 70 ג,גרמים,70.00,100 גרם,false,1,3.70,5.2857,true,1,3495
7290100850923,false,חטיף דוריטוס גריל 70,STRAUSS-ISRAEL,,חטיף דוריטוס גריל 70 ג,גרמים,70.00,100 גרם,false,1,3.70,5.2857,true,1,3497
7290100850930,false,חטיף דוריטוס טבעי 70,STRAUSS-ISRAEL,,חטיף דוריטוס טבעי 70 ג,גרמים,70.00,100 גרם,false,1,3.70,5.2857,true,1,3496
7290100858592,false,אבקת קקאו 150 גר,,,אבקת קקאו 150 גר,גרמים,150.00,100 גרם,false,1,9.90,6.6000,true,1,4421
7290100858608,false,אבקת קקאו עלית 500 ג,,,אבקת קקאו עלית 500 גר,גרמים,500.00,100 גרם,false,1,25.90,5.1800,true,1,4422
7290100859162,false,זוג שוקולד פרה 60% מ,,,זוג שוקולד פרה 60% מריר 100 גר,גרמים,200.00,100 גרם,false,1,13.90,6.9500,true,1,4342
7290100921401,false,שמפו הוואי קרטין מחז,טרופיקל דגיל,,שמפו הוואי קרטין מחזק 700 מל,מיליליטרים,700.00,"100 מ""ל",false,1,8.90,1.2714,true,1,9980
7290100921418,false,מרכך הוואי קרטין מחז,טרופיקל דגיל,,מרכך הוואי קרטין מחזק 700 מל,מיליליטרים,700.00,"100 מ""ל",false,1,8.90,1.2714,true,1,9981
7290100921593,false,כדוריות נתלה ריח  לי,,,כדוריות נתלה ריח  לימון לניקוי אסלה סוד,Unknown,0.00,Unknown,false,1,8.90,0.0000,true,1,9788
7290100921609,false,כדוריות נתלה ריח  או,,,כדוריות נתלה ריח  אוקינוס ניקוי אסלה סוד,Unknown,0.00,Unknown,false,1,8.90,0.0000,true,1,9789
7290100921616,false,כדוריות נתלה ריח  או,,,כדוריות נתלה ריח  אורנים  ניקוי אסלה סוד,Unknown,0.00,Unknown,false,1,8.90,0.0000,true,1,9790
7290100921623,false,כדוריות נתלה ריח  אק,,,כדוריות נתלה ריח  אקונומיקניקוי אסלה סוד,Unknown,0.00,Unknown,false,1,8.90,0.0000,true,1,9791
7290100921760,false,שמפו הוואי ספורט לשי,טרופיקל דגיל,,שמפו הוואי ספורט לשיער ולגוף 700 מל,מיליליטרים,700.00,"100 מ""ל",false,1,8.90,1.2714,true,1,9982
7290100922569,false,מארז 3יח קרם ידיים ו,טרופיקל דגיל,,מארז 3יח קרם ידיים ולוטה גדול 80 ג,גרמים,240.00,100 גרם,false,1,15.90,6.6250,true,1,13809
7290100922637,false,שלישיית סבון נוזלי ה,הנקל סוד,,שלישיית סבון נוזלי הוואי מי קוקוס 500 מל,ליטרים,1.50,ליטר,false,1,14.90,9.9333,true,1,12896
7290100922651,false,מארז 4 יח סבון הוואי,טרופיקל דגיל,,מארז 4 יח סבון הוואי יוגורט 33% מי קוקוס,גרמים,400.00,100 גרם,false,1,10.90,2.7250,true,1,13556
7290100924457,false,מארז שלישיית סבון אס,,,מארז שלישיית סבון אסלה כדוריות סוד לימון,יחידה,3.00,יחידה,false,1,14.90,4.9667,true,1,11115
7290100924464,false,מארז שלישיית סבון אס,,,מארז שלישיית סבון אסלה כדוריות סוד אקונו,יחידה,3.00,יחידה,false,1,14.90,4.9667,true,1,11116
7290100924556,false,נוזל רצפות סוד מבריק,,,נוזל רצפות סוד מבריק כחול 1.25ליטר,מיליליטרים,1250.00,"100 מ""ל",false,1,17.90,1.4320,true,1,11357
7290100924631,false,מרכך כביסה סוד מרוכז,הנקל,,מרכך כביסה סוד מרוכז בייבי 900מל,מיליליטרים,900.00,"100 מ""ל",false,1,11.90,1.3222,true,1,11960
7290100924693,false,סבון מוצק סוד כדוריו,,,סבון מוצק סוד כדוריות כחול אקטיבי אקונומ,Unknown,0.00,Unknown,false,1,8.90,0.0000,true,1,11596
7290100925669,false,דפים למכונת כביסה למ,הנקל,,דפים למכונת כביסה למניעת מעבר צבעים 10דף,יחידה,10.00,יחידה,false,1,10.90,1.0900,true,1,13245
7290100925676,false,דפים למכונת כביסה למ,הנקל,,דפים למכונת כביסה למניעת מעבר צבעים 20דף,יחידה,20.00,יחידה,false,1,15.90,0.7950,true,1,13246
7290100926109,false,מרכך כביסה סוד סופט,,,מרכך כביסה סוד סופט האהבה 4 ל לבן,ליטרים,4.00,ליטר,false,1,18.90,4.7250,true,1,5613
7290100926147,false,א.כביסה פרסיל קולור,,,א.כביסה פרסיל קולור 2.5 קג בשקית,קילוגרמים,2.50,"ק""ג",false,1,19.90,7.9600,true,1,5153
7290100926598,false,א.כביסה פרסיל 5 קג ב,,,א.כביסה פרסיל 5 קג בשקית,קילוגרמים,5.00,"ק""ג",false,1,41.90,8.3800,true,1,6697
7290100927717,false,א.כביסה פרסיל קולור,,,א.כביסה פרסיל קולור 5 קג בשקית,קילוגרמים,5.00,"ק""ג",false,1,41.90,8.3800,true,1,7448
7290100928516,false,גל כביסה סוד ביד 1 ל,,,גל כביסה סוד ביד 1 ל,ליטרים,1.00,ליטר,false,1,13.90,13.9000,true,1,8045
7290100941416,false,יין פורט גראהם טאוני,גראהם,,יין פורט גראהם טאוני 750 מל,מיליליטרים,750.00,"100 מ""ל",false,1,70.00,9.3333,true,1,12417
7290100941980,false,יין דר לוסן וילה וול,,,יין דר לוסן וילה וולף גווירצ750 מל פקדון,מיליליטרים,750.00,"100 מ""ל",false,1,60.00,8.0000,true,1,4929
7290100942000,false,יין מרקז דה ריסקאל ר,מרקו דה ריסקל,ES,יין מרקז דה ריסקל ריוחה רזרבה 750 מל פקד,מיליליטרים,750.00,"100 מ""ל",false,1,120.00,16.0000,true,1,4015
7290100942024,false,יין מרקז דה ריסקל רו,,,יין מרקז דה ריסקל רואדה לבן י 750 מל פקד,מיליליטרים,750.00,"100 מ""ל",false,1,60.00,8.0000,true,1,4016
7290100945049,false,יין וודברידג זינפנדל,,,יין וודברידג זינפנדל אדום 750 מל פקדון,מיליליטרים,750.00,"100 מ""ל",false,1,45.00,6.0000,true,1,3682
7290100947883,false,יין דרך ארץ גוורצורמ,ברקן,IL,יין דרך ארץ גוורצורמינר 750 מל,מיליליטרים,750.00,"100 מ""ל",false,12,35.00,4.6667,true,1,23986
7290100949023,false,יין זאן לואי שאב קוט,לואי שאב,FR,יין שאב קוט דו רון מון קור 750מל פקדון,מיליליטרים,750.00,"100 מ""ל",false,1,80.00,10.6667,true,1,9101
7290101110811,false,מאגדת גלידל פסיפלורה,פלקו בעמ,,מאגדת גלידל פסיפלורה 8 יח  פלדמן,יחידה,8.00,יחידה,false,1,29.90,3.7375,true,1,5646
7290101112228,false,מאגדת גלידל פרי אננס,פלקו בעמ,,מאגדת גלידל פרי אננס 8 יח פלדמן,יחידה,8.00,יחידה,false,1,21.90,2.7375,true,1,11329
7290101112518,false,מאגדת אייס קפה שישיי,פלקו בעמ,,מאגדת אייס קפה שישייה,יחידה,6.00,יחידה,false,1,14.90,2.4833,true,1,11404
7290101112921,false,מאגדת גלידל פרי פירו,פלקו בעמ,,מאגדת גלידל פרי פירות טרופיים 8יח,יחידה,8.00,יחידה,false,1,21.90,2.7375,true,1,17056
7290101113157,false,מאגדת גלידל וניל עוג,פלקו בעמ,,מאגדת גלידל וניל עוגיות חלבי 6 יחידות,יחידה,6.00,יחידה,false,1,26.90,4.4833,true,1,21204
7290101113379,false,מאגדת שלגון יוגורט י,פלקו בעמ,IL,מאגדת שלגון יוגורט יופלה סורבה תות 5יח,יחידה,5.00,יחידה,false,1,24.90,4.9800,true,1,24872
7290101113409,false,מאגדת שלגון יופלה יו,פלקו בעמ,IL,מאגדת שלגון יופלה יוגורט תות 5יח,יחידה,5.00,יחידה,false,1,24.90,4.9800,true,1,24877
7290101113430,false,מאגדת גלידל סירופ שו,פלקו בעמ,,מאגדת גלידל סירופ שוקולד חלבי 6 יחידות,יחידה,6.00,יחידה,false,1,26.90,4.4833,true,1,24416
7290101113454,false,מאגדת שלגון גלידל יו,פלקו בעמ,,מאגדת שלגון גלידל יוגורט אפרסק 8יח,יחידה,8.00,יחידה,false,1,29.90,3.7375,true,1,24415
7290101113584,false,מאגדת טילון שוקולד ל,פלקו בעמ,IL,מאגדת טילון שוקולד לבן ליבת שוק יולו 5יח,יחידה,5.00,יחידה,false,1,21.90,4.3800,true,1,32363
7290101113591,false,מאגדת טילון שוקולד ל,פלקו בעמ,IL,מאגדת טילון שוקולד לבן עוגיות יולו 5יח,יחידה,5.00,יחידה,false,1,21.90,4.3800,true,1,32364
7290101113638,false,מאגדת סנקור 8יח פלדמ,פלקו בעמ,IL,מאגדת סנקור 8יח פלדמן,יחידה,8.00,יחידה,false,1,32.90,4.1125,true,1,32362
7290101113751,false,מאגדת שלגון יולו 4יח,פלקו בעמ,IL,מאגדת שלגון יולו 4יח קרמל ש.בלונדי,יחידה,4.00,יחידה,false,1,21.90,5.4750,true,1,42732
7290101113768,false,מאגדת שלגון יולו 4יח,פלקו בעמ,IL,מאגדת שלגון יולו 4יח עוגיות שוקולד חלב,יחידה,4.00,יחידה,false,1,21.90,5.4750,true,1,42733
7290101113805,false,מאגדת שלגון יוגורט י,פלקו בעמ,IL,מאגדת שלגון יוגורט יופלה שייק תות 5יח,יחידה,5.00,יחידה,false,1,24.90,4.9800,true,1,42731
7290101113812,false,מאגדת 5יח שלגון יוג.,פלקו בעמ,IL,מאגדת 5יח שלגון יוג.יופלה שייק פרי אננס,יחידה,5.00,יחידה,false,1,24.90,4.9800,true,1,42729
7290101113829,false,מאגדת שלגון יוגורט י,פלקו בעמ,IL,מאגדת שלגון יוגורט יופלה שייק מנגו 5יח,יחידה,5.00,יחידה,false,1,24.90,4.9800,true,1,42730
7290101411796,false,משקל אדם דיגיטלי זכו,,,משקל אדם דיגיטלי זכוכית מרובע,יחידה,1.00,יחידה,false,1,59.90,59.9000,true,1,27753
7290101413455,false,סט 3 מחבתות לקיטשן ס,,,סט 3 מחבתות לקיטשן סושף שחור 20/24/28,יחידה,3.00,יחידה,false,1,169.00,56.3333,true,1,33234
7290101413806,false,מסחטת הדרים שולחנית,,,מסחטת הדרים שולחנית ידנית כרום,יחידה,1.00,יחידה,false,1,119.00,119.0000,true,1,27731
7290101416517,false,מחבת סו שף אפור לקיט,,,מחבת סו שף אפור לקיטשן 24/4.5סמ,יחידה,1.00,יחידה,false,1,54.90,54.9000,true,1,20117
7290101453871,false,נר מספר,,,נר מספר,יחידה,1.00,יחידה,false,1,4.90,4.9000,true,1,15344
7290101455936,false,בקבוק נירוסטה מעוצב,,,בקבוק נירוסטה מעוצב מותגים 500 מל,Unknown,0.00,Unknown,false,1,32.90,0.0000,true,1,15373
7290101486688,false,מארז חטיף פריי מצופה,FREE,,מארז חטיף פריי מצופה שוקולד 5 יח,גרמים,100.00,100 גרם,false,1,16.90,16.9000,true,1,4926
7290101488248,false,דאו.רול און ליידי ספ,,,דאו.רול און ליידי ספיד סטיק 24/7 ורוד,Unknown,0.00,Unknown,false,1,14.90,0.0000,true,1,5417
7290101488286,false,דאו.ליידי ספיד 24/7,Colgate - Mexico,,דאו.ליידי ספיד 24/7 ספריי 150 מל ורוד,מיליליטרים,150.00,"100 מ""ל",false,1,14.90,9.9333,true,1,5987
7290101488316,false,דאו.ליידי ספיד סטיק,Colgate - USA,,דאו.ליידי ספיד סטיק ללא סימון ורוד 60 גר,גרמים,60.00,100 גרם,false,1,21.90,36.5000,true,1,5308
7290101488323,false,דאו.ליידי ספיד סטיק,Colgate - USA,,דאו.ליידי ספיד סטיק ללא סימון ירוק60 גר,גרמים,60.00,100 גרם,false,1,21.90,36.5000,true,1,5309
7290101551027,false,קפסולות אספרסו 14 חז,,,קפסולות אספרסו 14 חזקות 10 יח,יחידה,10.00,יחידה,false,1,16.50,1.6500,true,1,19481
7290101551263,false,סילאן טבעי יד מרדכי,,,סילאן טבעי יד מרדכי 700 גרם,גרמים,700.00,100 גרם,false,1,21.90,3.1286,true,1,18589
7290101551300,false,סילאן טבעי לחיץ יד מ,,,סילאן טבעי לחיץ יד מרדכי 380 גרם,גרמים,380.00,100 גרם,false,1,15.90,4.1842,true,1,18590
7290101551539,false,דנונה פרו אפרסק עשיר,שטראוס,,דנונה פרו אפרסק עשיר בחלבון 20גר 200 גר,גרמים,200.00,100 גרם,false,1,5.90,2.9500,true,1,18632
7290101551577,false,זוג קוואקר שיבולת שו,,GB,זוג קוואקר שיבולת שועל 500 ג פחית,גרמים,1000.00,100 גרם,false,12,21.90,2.1900,true,1,18606
7290101551584,false,מארז10יח תפוציפס קיד,STRAUSS-ISRAEL,,מארז10יח תפוציפס קידס 20 גר,גרמים,200.00,100 גרם,false,1,13.90,6.9500,true,1,18603
7290101551607,false,מארז10יח  חטיף שוש 2,STRAUSS-ISRAEL,,מארז10יח  חטיף שוש 25 גרם,גרמים,250.00,100 גרם,false,1,12.90,5.1600,true,1,18604
7290101551614,false,מארז 8 יח חטיף ציטוס,STRAUSS-ISRAEL,,מארז 8 יח חטיף ציטוס גבינה 30 גר,גרמים,240.00,100 גרם,false,1,13.90,5.7917,true,1,18605
7290101551621,false,מארז 10 יח ציטוס דול,STRAUSS-ISRAEL,,מארז 10 יח ציטוס דולפינים 200 גר,גרמים,200.00,100 גרם,false,9,12.90,6.4500,true,1,18600
7290101551638,false,מארז 10 יח ציטוס כאפ,STRAUSS-ISRAEL,,מארז 10 יח ציטוס כאפה 200 גר,גרמים,200.00,100 גרם,false,9,12.90,6.4500,true,1,18601
7290101820888,false,מארז 50יח מסכות פנים,,,מארז 50יח מסכות פנים כירוגיות שחורות,יחידה,50.00,יחידה,false,1,10.90,0.2180,true,1,35961
7290101820956,false,מארז 50יח מסכות פנים,,,מארז 50יח מסכות פנים שחורות לילדים,יחידה,50.00,יחידה,false,1,10.90,0.2180,true,1,40657
7290101824824,false,כפפות ויטריל מידה לא,,,כפפות ויטריל מידה לארג 100יח ללא אבקה,יחידה,100.00,יחידה,false,10,39.90,0.3990,true,1,31603
7290101824831,false,כפפות ויטריל מידה אק,,,כפפות ויטריל מידה אקס אל 100יח ללא אבקה,יחידה,100.00,יחידה,false,10,39.90,0.3990,true,1,31604
7290101824848,false,כפפות ויטריל מידה סמ,,,כפפות ויטריל מידה סמול 100יח ללא אבקה,יחידה,100.00,יחידה,false,10,39.90,0.3990,true,1,32307
7290101824855,false,כפפות ויטריל מידה מד,,,כפפות ויטריל מידה מדיום 100יח ללא אבקה,יחידה,100.00,יחידה,false,10,39.90,0.3990,true,1,32308
7290101824862,false,כפפות ויטריל מידה לא,,,כפפות ויטריל מידה לארג 100יח ללא אבקה,יחידה,100.00,יחידה,false,10,39.90,0.3990,true,1,32309
7290101824886,false,כפפות ניילון 100 יח,,,כפפות ניילון 100 יח,מיליליטרים,100.00,"100 מ""ל",false,100,4.90,4.9000,true,1,28447
7290101825210,false,כפפות לטקס סמול 100,,,כפפות לטקס סמול 100 יח הרקולס,יחידה,100.00,יחידה,false,1,19.90,0.1990,true,1,27108
7290101825227,false,כפפות לטקס מדיום 100,,,כפפות לטקס מדיום 100 יח הרקולס,יחידה,100.00,יחידה,false,1,19.90,0.1990,true,1,27107
7290101825234,false,כפפות לטקס לארג 100,,,כפפות לטקס לארג 100 יח הרקולס,יחידה,100.00,יחידה,false,1,19.90,0.1990,true,1,27106
7290101863410,false,ספריי אקונימקה סיליט,RB פולין,,ספריי אקונימקה סיליט באנג 750 מל,מיליליטרים,750.00,"100 מ""ל",false,1,13.90,1.8533,true,1,5773
7290101864127,false,ספריי קליה אוקסי אקש,RB פולין,,ספריי קליה אוקסי אקשן 750 מל,מיליליטרים,750.00,"100 מ""ל",false,1,16.90,2.2533,true,1,6090
7290101865261,false,נוזל פיניש הברקה 800,RB פולין,,נוזל פיניש הברקה 800 מל,מיליליטרים,800.00,"100 מ""ל",false,1,19.90,2.4875,true,1,6803
7290101866633,false,גל וניש קליה להסרת כ,סאסאטק,,גל וניש קליה להסרת כתמים 3 ל,ליטרים,3.00,ליטר,false,1,29.90,9.9667,true,1,7361
7290101866787,false,נוזל להסרת כתמים קלי,סאסאטק,,נוזל להסרת כתמים קליה וייט 3 ל,ליטרים,3.00,ליטר,false,1,29.90,9.9667,true,1,7701
7290101868460,false,אבקת כביסה קולון 101,זוהר דליה,,אבקת כביסה קולון 101 8 קג,גרמים,8000.00,100 גרם,false,1,49.90,0.6237,true,1,9324
7290101868958,false,נוזל פיניש הברקה לימ,RB פולין,,נוזל פיניש הברקה לימון 800 מל,מיליליטרים,800.00,"100 מ""ל",false,1,19.90,2.4875,true,1,10558
7290101869702,false,גל למדיח פיניש הכל ב,RB פולין,,גל למדיח פיניש הכל באחד 600 מל,מיליליטרים,600.00,"100 מ""ל",false,1,35.90,5.9833,true,1,11295
7290101869719,false,גל למדיח פיניש לימון,RB פולין,,גל למדיח פיניש לימון הכל באחד 600 מל,מיליליטרים,600.00,"100 מ""ל",false,1,35.90,5.9833,true,1,11296
7290101869726,false,גל למדיח פיניש  הכל,RB פולין,,גל למדיח פיניש  הכל באחד 1 ליטר,ליטרים,1.00,ליטר,false,1,44.90,44.9000,true,1,11297
7290101869733,false,גל למדיח פיניש לימון,RB פולין,,גל למדיח פיניש לימון הכל באחד 1 ליטר,ליטרים,1.00,ליטר,false,1,44.90,44.9000,true,1,11298
7290101869740,false,מבשם אויר מכשיר אוטו,RB הונגריה,,מבשם אויר מכשיר אוטומטי אירוויק חטאים מת,יחידה,1.00,יחידה,false,1,44.90,44.9000,true,1,11313
7290101869757,false,מבשם אויר מכשיר אוטו,RB הונגריה,,מבשם אויר מכשיר אוטומטי אירוויק אואזיס,יחידה,1.00,יחידה,false,1,44.90,44.9000,true,1,11312
7290101869764,false,מבשם אויר מכשיר אוטו,RB הונגריה,,מבשם אויר מכשיר אוטומטי אירוויק חלום ליל,יחידה,1.00,יחידה,false,1,44.90,44.9000,true,1,11311
7290101869788,false,מילוי מבשם אויר אוטו,RB בריטניה,,מילוי מבשם אויר אוטומטי אואזיס אירוויק,יחידה,1.00,יחידה,false,1,15.90,15.9000,true,1,11319
7290101869795,false,מילוי מבשם אויר אוטו,RB בריטניה,,מילוי מבשם אויר אוטומטי חלום קיץ אירוויק,יחידה,1.00,יחידה,false,1,15.90,15.9000,true,1,11320
7290101869801,false,מבשם אויר חשמלי מכשי,RB הונגריה,,מבשם אויר חשמלי מכשיר אואזיס סנס,יחידה,1.00,יחידה,false,1,24.90,24.9000,true,1,11304
7290101869818,false,מבשם אויר חשמלי מכשי,RB הונגריה,,מבשם אויר חשמלי מכשיר חלום ליל קיץ סנס,יחידה,1.00,יחידה,false,1,24.90,24.9000,true,1,11303
7290101869825,false,מילוי מבשם אויר חשמל,RB הונגריה,,מילוי מבשם אויר חשמלי אואזיס בודד,יחידה,1.00,יחידה,false,1,19.90,19.9000,true,1,11309
7290101869832,false,מילוי מבשם אויר חשמל,RB הונגריה,,מילוי מבשם אויר חשמלי חלום ליל קיץ בודד,יחידה,1.00,יחידה,false,1,19.90,19.9000,true,1,11308
7290101869917,false,מילוי מבשם אויר אוטו,RB בריטניה,,מילוי מבשם אויר אוטומטי היער הקסום אירוו,יחידה,1.00,יחידה,false,1,15.90,15.9000,true,1,11322
7290101869924,false,מילוי מבשם אויר חשמל,RB הונגריה,,מילוי מבשם אויר חשמלי מסתור אקזוטי בודד,יחידה,1.00,יחידה,false,1,19.90,19.9000,true,1,11306
7290101869962,false,מקלות ריחניים אירווי,RB הונגריה,,מקלות ריחניים אירוויק חלום ליל קיץ,Unknown,0.00,Unknown,false,1,14.90,0.0000,true,1,11323
7290101999560,false,נרות גמבו כוכבים ממו,,,נרות גמבו כוכבים ממותג,Unknown,0.00,Unknown,false,1,6.90,0.0000,true,1,15347
7290102002221,false,הפתעות ממותגים לילדי,,,הפתעות ממותגים לילדים,Unknown,0.00,Unknown,false,1,7.90,0.0000,true,1,15348
7290102006434,false,זר יום הולדת לראש עם,,,זר יום הולדת לראש עם פרחים,Unknown,0.00,Unknown,false,1,13.90,0.0000,true,1,15361
7290102030330,false,חטיף תפוציפס אקסטרא,STRAUSS-ISRAEL,,חטיף תפוציפס אקסטרא מקסיקני 200 גר,גרמים,200.00,100 גרם,false,1,9.90,4.9500,true,1,4731
7290102031276,false,משקה אקטימל בטעם תות,,,משקה אקטימל בטעם תות בננה 8יח,גרמים,864.00,100 גרם,false,1,19.90,2.3032,true,1,4764
7290102032334,false,קפה נמס לטה וניל 200,,,קפה נמס לטה וניל 200 גר,גרמים,200.00,100 גרם,false,1,24.90,12.4500,true,1,5143
7290102038558,false,עוגת בראוניס קוקוס כ,,,עוגת בראוניס קוקוס שוקולד380ג כשלפ,גרמים,380.00,100 גרם,false,1,15.90,4.1842,true,1,41056
7290102060764,false,זוג מב.שיניים מרידול,GABA TRISA SWIZ,,זוג מב.שיניים מרידול,Unknown,0.00,Unknown,false,1,29.90,0.0000,true,1,5855
7290102060979,false,מש.שיניים אלמקס משפח,CP-Poland swidnica,,מש.שיניים אלמקס משפחתית 100 מל,מיליליטרים,100.00,"100 מ""ל",false,1,14.90,14.9000,true,1,5546
7290102062195,false,מש.שיניים אלמקס גוני,CP-Poland swidnica,,מש.שיניים אלמקס גוניור 75 מל,מיליליטרים,75.00,"100 מ""ל",false,1,15.90,21.2000,true,1,9885
7290102300815,false,גבינת צדר כתומה פרוס,וואקפום,,גבינת צדר כתומה פרוסה 200גר,גרמים,200.00,100 גרם,false,1,27.90,13.9500,true,1,8873
7290102300822,false,גבינת צדר אנגלית כתו,וואקפום,,גבינת צדר אנגלית כתומה 200 גר,גרמים,200.00,100 גרם,false,1,19.90,9.9500,true,1,7763
7290102300853,false,גבינת צדר לבנה פרוסה,וואקפום,,גבינת צדר לבנה פרוסה  200גר,גרמים,200.00,100 גרם,false,1,27.90,13.9500,true,1,9705
7290102300860,false,גבינת צדר אנגלית 200,וואקפום,,גבינת צדר אנגלית 200 גר,גרמים,200.00,100 גרם,false,1,19.90,9.9500,true,1,7764
7290102300877,false,גבינת צדר אנגלית במש,וואקפום,,גבינת צדר אנגלית במשקל,קילוגרמים,1.00,"ק""ג",true,,135.00,135.0000,true,1,7766
7290102300884,false,גבינת צדר אנגלית  כת,וואקפום,,גבינת צדר אנגלית  כתומה במשקל,קילוגרמים,1.00,"ק""ג",true,,135.00,135.0000,true,1,7765
7290102301423,false,גבינת גאודה בקר במשק,הנרי בליך,,גבינת גאודה בקר במשקל סיימן,קילוגרמים,1.00,"ק""ג",true,,79.00,79.0000,true,1,8785
7290102301430,false,גבינת מלוסין עיזים ב,מלוסין,,גבינת מלוסין עיזים במשקל,קילוגרמים,1.00,"ק""ג",true,,145.00,145.0000,true,1,8860
7290102301485,false,גבינת סטילטון במשקל,וואקפום,,גבינת סטילטון במשקל,קילוגרמים,1.00,"ק""ג",true,,189.00,189.0000,true,1,8530
7290102301539,false,גבינת גאודה עיזים במ,הנרי בליך,,גבינת גאודה עיזים במשקל סיימן ל.כ,קילוגרמים,1.00,"ק""ג",true,,169.00,169.0000,true,1,10052
7290102301881,false,גבינת טרטר עשבי תיבו,בונגראן,,גבינת טרטר עשבי תיבול 150גר,גרמים,150.00,100 גרם,false,1,19.90,13.2667,true,1,8943
7290102302246,false,גבינת גאודה 200 גרם,הנרי בליך,,גבינת גאודה 200 גרם,גרמים,200.00,100 גרם,false,1,19.90,9.9500,true,1,14423
7290102302253,false,גבינת  גאודה  עיזים,,,גבינת  גאודה  עיזים 200 גרם,גרמים,200.00,100 גרם,false,1,24.90,12.4500,true,1,16277
7290102302260,false,גבינת גרנה פדנה 200,אמברוסי,,גבינת גרנה פדנה 200 גרם אמברוסי,גרמים,200.00,100 גרם,false,1,31.90,15.9500,true,1,14418
7290102302819,false,פילה טונה בהירה רובר,רמירז אנד קה פילהאוס,PT,פילה טונה בהירה רוברט בשמן זית 120 גרם,גרמים,120.00,100 גרם,false,1,15.90,13.2500,true,1,25156
7290102302826,false,פילה סרדין רוברט בשמ,רמירז אנד קה פילהאוס,PT,פילה סרדין רוברט בשמן זית 120 גרם,גרמים,120.00,100 גרם,false,1,13.90,11.5833,true,1,25157
7290102302833,false,גבינת גאודה 150 גרם,הנרי ויליך,NL,גבינת גאודה 150 גרם פרוס,גרמים,150.00,100 גרם,false,14,19.90,13.2667,true,1,24130
7290102302840,false,גבינת גאודה עיזים 15,הנרי ויליך,NL,גבינת גאודה עיזים 150 גרם פרוס,גרמים,150.00,100 גרם,false,14,29.90,19.9333,true,1,24131
7290102302864,false,גבינת גאודה פסטו ירו,הנרי ויליך,NL,גבינת גאודה פסטו ירוק 200 גר,גרמים,200.00,100 גרם,false,,29.90,14.9500,true,1,23420
7290102302888,false,גבינת גאודה כמון 200,הנרי ויליך,NL,גבינת גאודה כמון 200 גר,גרמים,200.00,100 גרם,false,,28.90,14.4500,true,1,23422
7290102303878,false,חמאת נורמנדי 200 גרם,אלוויר,,חמאת נורמנדי 200 גרם,גרמים,200.00,100 גרם,false,1,17.90,8.9500,true,1,32592
7290102303977,false,טונה רובטר בשמן זית,רמירז אנד קה פילהאוס,PT,טונה רובטר בשמן זית 140 גרם,גרמים,140.00,100 גרם,false,24,11.90,8.5000,true,1,44773
7290102303984,false,טונה רוברט במים 140,רמירז אנד קה פילהאוס,PT,טונה רוברט במים 140 גרם,גרמים,140.00,100 גרם,false,24,10.90,7.7857,true,1,44774
7290102304714,false,גבינת גלוריוס עיזים,הנרי ויליך,NL,גבינת גלוריוס עיזים 180 גר,גרמים,180.00,100 גרם,false,12,44.90,24.9444,true,1,41190
7290102304738,false,גבינת פיור פרפקשיין,הנרי ויליך,NL,גבינת פיור פרפקשיין 180גר,גרמים,180.00,100 גרם,false,12,38.90,21.6111,true,1,41191
7290102304745,false,גבינת פיור גולד 180ג,הנרי ויליך,NL,גבינת פיור גולד 180גרם,גרמים,180.00,100 גרם,false,12,38.90,21.6111,true,1,41192
7290102390427,false,מעדן מולר פרוופ תות,טרה,,מעדן מולר פרוופ תות 150 מל,מיליליטרים,150.00,"100 מ""ל",false,1,4.90,3.2667,true,1,5154
7290102390465,false,מעדן מולר פרוופ אפרס,טרה,,מעדן מולר פרוופ אפרסק פסיפלורה 150 מל,מיליליטרים,150.00,"100 מ""ל",false,1,4.90,3.2667,true,1,5155
7290102390489,false,מעדן מולר פרוופ לימו,טרה,,מעדן מולר פרוופ לימון 150 מל,מיליליטרים,150.00,"100 מ""ל",false,1,4.90,3.2667,true,1,5156
7290102391844,false,יוגורט מולר פרופ דיא,טרה,,יוגורט מולר פרופ דיאט פירות יער 150 מל,מיליליטרים,150.00,"100 מ""ל",false,1,4.90,3.2667,true,1,5608
7290102392049,false,גבינת תבור 5% לאפייה,מחלבת משק צוריאל,,גבינת תבור 5% לאפייה 500 גר,גרמים,500.00,100 גרם,false,1,23.90,4.7800,true,1,5849
7290102392094,false,חלב עיזים 1 ל בקרטון,מחלבת משק צוריאל,,חלב עיזים 1 ל בקרטון,ליטרים,1.00,ליטר,false,1,14.90,14.9000,true,1,5848
7290102392254,false,חלב 1% בקרטון 2 ל***,טרה,,חלב 1% בקרטון 2 ל***,ליטרים,2.00,ליטר,false,1,11.72,5.8600,true,1,5850
7290102393039,false,יוגורט מולר מיקס טופ,טרה,,יוגורט מולר מיקס טופ קרמי פצפ. שוקולד170,גרמים,170.00,100 גרם,false,1,5.90,3.4706,true,1,6503
7290102393060,false,יוגורט מולר מיקס קרמ,טרה,,יוגורט מולר מיקס קרמי גליליות ק.אגוז170ג,גרמים,170.00,100 גרם,false,1,5.90,3.4706,true,1,6502
7290102393169,false,מעדן מולר סימפלי פרו,טרה,,מעדן מולר סימפלי פרויט תות שדה 150 גר,גרמים,150.00,100 גרם,false,1,4.90,3.2667,true,1,6958
7290102393176,false,מעדן מולר סימפלי פרו,טרה,,מעדן מולר סימפלי פרויט אפרסק 150 גר,גרמים,150.00,100 גרם,false,1,4.90,3.2667,true,1,6959
7290102393190,false,מעדן מולר סימפלי פרו,טרה,,מעדן מולר סימפלי פרויט פירות יער 150 גר,גרמים,150.00,100 גרם,false,1,4.90,3.2667,true,1,6960
7290102393268,false,גבינה לבנה 5% למריחה,טרה,,גבינה לבנה 5% למריחה 750 ***,גרמים,750.00,100 גרם,false,1,14.94,1.9920,true,1,6587
7290102393299,false,יוגורט  עיזים לשתיה,מחלבת משק צוריאל,,יוגורט  עיזים לשתיה 3% 500 גרם,גרמים,500.00,100 גרם,false,1,12.90,2.5800,true,1,6749
7290102393718,false,גבינת חלומי בקר 200,מחלבת משק צוריאל,,גבינת חלומי בקר 200 גר,גרמים,200.00,100 גרם,false,1,19.90,9.9500,true,1,6880
7290102393848,false,יוגורט עיזים תות 150,מחלבת משק צוריאל,,יוגורט עיזים תות 150 גר,גרמים,150.00,100 גרם,false,1,5.90,3.9333,true,1,7103
7290102393855,false,יוגורט עיזים אפרסק 1,מחלבת משק צוריאל,,יוגורט עיזים אפרסק 150 גר,גרמים,150.00,100 גרם,false,1,5.90,3.9333,true,1,7104
7290102393947,false,מעדן מולר סימפלי פרו,טרה,,מעדן מולר סימפלי פרוט קיווי 150 גר,גרמים,150.00,100 גרם,false,1,4.90,3.2667,true,1,7234
7290102394081,false,יוגורט מולר מיקס קרמ,טרה,,יוגורט מולר מיקס קרמי קורנפלקס 170 ג,גרמים,170.00,100 גרם,false,1,5.90,3.4706,true,1,7235
7290102394258,false,גבינת עיזים קשה מהעז,מחלבת משק צוריאל,,גבינת עיזים קשה מהעז 9% 180 גר,גרמים,180.00,100 גרם,false,1,22.90,12.7222,true,1,7428
7290102394463,false,גבינה צהובה פרוסה 50,טרה,,גבינה צהובה פרוסה 500 גר בואקום נועם,גרמים,500.00,100 גרם,false,1,26.90,5.3800,true,1,8518
7290102394821,false,גבינה צהובה דק דק פ.,טרה,,גבינה צהובה דק דק פ. חוזרת28% 200גר נועם,גרמים,200.00,100 גרם,false,1,15.90,7.9500,true,1,7937
7290102394845,false,גבינה צהובה דק דק פ.,טרה,,גבינה צהובה דק דק פ. חוזרת  200ג נועם,גרמים,200.00,100 גרם,false,1,15.90,7.9500,true,1,7938
7290102395101,false,ממרח גבינה ושוקולד ש,טרה,,ממרח גבינה ושוקולד שוקי 200 גר,גרמים,200.00,100 גרם,false,1,10.90,5.4500,true,1,9810
7290102395217,false,מאגדת 8יח יוגורט ביו,טרה,,מאגדת 8יח יוגורט ביו במתיקות 2% 150מל,מיליליטרים,1200.00,"100 מ""ל",false,1,18.90,1.5750,true,1,8487
7290102395224,false,מארז 8יח יוגורט מולר,טרה,,מארז 8יח יוגורט מולר ביאנקו 1.7% 150 מל,מיליליטרים,1200.00,"100 מ""ל",false,1,16.90,1.4083,true,1,8475
7290102395231,false,מארז 8יח יוגורט מולר,טרה,,מארז 8יח יוגורט מולר ביאנקו 2.8% 150מל,מיליליטרים,1200.00,"100 מ""ל",false,1,16.90,1.4083,true,1,8476
7290102395262,false,מאגדת מולר סימפלי פר,טרה,,מאגדת מולר סימפלי פרוט תות אפרסק 8יח,קילוגרמים,1.20,"ק""ג",false,1,29.90,24.9167,true,1,8624
7290102395378,false,גבינה צהובה 28% בואק,טרה,,גבינה צהובה 28% בואקום 360 גר נועם,גרמים,360.00,100 גרם,false,1,19.90,5.5278,true,1,8517
7290102395408,false,גבינה צהובה נעם 28%,טרה,,גבינה צהובה נעם 28% במשקל***,קילוגרמים,1.00,"ק""ג",true,,44.79,44.7900,true,1,8770
7290102395415,false,גבינה צהובה 9% נעם ב,טרה,,גבינה צהובה 9% נעם במשקל,קילוגרמים,1.00,"ק""ג",true,,79.00,79.0000,true,1,9040
7290102395422,false,גבינה צהובה נעם 22%,טרה,,גבינה צהובה נעם 22% במשקל***,קילוגרמים,1.00,"ק""ג",true,,42.58,42.5800,true,1,10103
7290102395439,false,מאגדת מולר סימפלי פר,טרה,,מאגדת מולר סימפלי פרוט פ.יער קיווי 8יח,קילוגרמים,1.20,"ק""ג",false,1,29.90,24.9167,true,1,8623
7290102395446,false,מעדן מוו וניל וקצפת,טרה,,מעדן מוו וניל וקצפת 123 גרם,גרמים,123.00,100 גרם,false,1,2.90,2.3577,true,1,8486
7290102395477,false,מעדן מוו שוקולד עם ק,טרה,,מעדן מוו שוקולד עם קצפת 123 גר,גרמים,123.00,100 גרם,false,1,2.90,2.3577,true,1,8484
7290102395521,false,שמנת לבישול 15% 500מ,טרה,,שמנת לבישול 15% 500מל,מיליליטרים,500.00,"100 מ""ל",false,1,14.90,2.9800,true,1,10084
7290102396436,false,מעדן מוו שוקולד 1.5%,טרה,,מעדן מוו שוקולד 1.5% 125 גר,גרמים,125.00,100 גרם,false,1,2.90,2.3200,true,1,10259
7290102396580,false,מעדן מוו שוקולד ומוס,טרה,,מעדן מוו שוקולד ומוס שוקולד 118 גרם,גרמים,118.00,100 גרם,false,1,2.90,2.4576,true,1,10359
7290102396597,false,מעדן מוו וניל ומוס ש,טרה,,מעדן מוו וניל ומוס שוקולד 118 גרם,גרמים,118.00,100 גרם,false,1,2.90,2.4576,true,1,10360
7290102396665,false,גבינה צהובה נועם דק,,,גבינה צהובה נועם דק דק 15% פתח סגור 200ג,גרמים,200.00,100 גרם,false,1,15.90,7.9500,true,1,11769
7290102396672,false,גבינה צהובה נועם דק,,,גבינה צהובה נועם דק דק 9% פתח סגור 360ג,גרמים,360.00,100 גרם,false,1,25.90,7.1944,true,1,11770
7290102396719,false,מעדן מולר תות 0% סימ,טרה,,מעדן מולר תות 0% סימפלי פרויט 150ג,גרמים,150.00,100 גרם,false,1,4.90,3.2667,true,1,10772
7290102396740,false,מאגדת מולר סימפלי פר,טרה,,מאגדת מולר סימפלי פרוט תות אפרסק 8יח,קילוגרמים,1.20,"ק""ג",false,1,29.90,24.9167,true,1,10773
7290102397204,false,גבינה צהובה נועם דק,,,גבינה צהובה נועם דק דק 22% פתח סגור 200ג,גרמים,200.00,100 גרם,false,1,15.90,7.9500,true,1,11768
7290102397334,false,גבינה בולגרית 5% 250,מחלבת משק צוריאל,,גבינה בולגרית 5% 250גרם בגביע צוריאל,גרמים,250.00,100 גרם,false,1,19.90,7.9600,true,1,12570
7290102397464,false,יוגורט מולר מיקס טופ,טרה,,יוגורט מולר מיקס טופ פקאן גרעינים חמוציו,גרמים,170.00,100 גרם,false,1,5.90,3.4706,true,1,14489
7290102397600,false,יוגורט מולר מיקס טופ,טרה,,יוגורט מולר מיקס טופ שקדים ובוטנים 170גר,גרמים,170.00,100 גרם,false,1,5.90,3.4706,true,1,13266
7290102397617,false,יוגורט מולר מיקס טופ,טרה,,יוגורט מולר מיקס טופ קליק 170גר,גרמים,170.00,100 גרם,false,1,5.90,3.4706,true,1,13267
7290102397679,false,גבינת קוטג 5% מועשר,טרה,,גבינת קוטג 5% מועשר 375 גרם,גרמים,375.00,100 גרם,false,1,7.90,2.1067,true,1,14881
7290102397730,false,גבינת אמנטל נעם 28%,טרה,,גבינת אמנטל נעם 28% 200גר פתיחה חוזרת,גרמים,200.00,100 גרם,false,1,16.90,8.4500,true,1,15260
7290102397747,false,גבינת מוצרלה 200גר ר,טרה,,גבינת מוצרלה 200גר רכיבים טבעיים נועם,גרמים,200.00,100 גרם,false,1,16.90,8.4500,true,1,16463
7290102397891,false,גבינה מותכת משק צורי,משק צוריאל,,גבינה מותכת משק צוריאל 100 גרם,גרמים,100.00,100 גרם,false,1,6.90,6.9000,true,1,14507
7290102398058,false,חלב 3% שקית 1 ליטר מ,טרה,,חלב 3% שקית 1 ליטר מהדרין***וסטהיים,ליטרים,1.00,ליטר,false,1,5.43,5.4300,true,1,15697
7290102398065,false,חלב 3% בקרטון 2 ליטר,טרה,,חלב 3% בקרטון 2 ל*** מהדרין וסט,ליטרים,2.00,ליטר,false,1,12.46,6.2300,true,1,15093
7290102398072,false,חלב 3% בקרטון 1 ליטר,טרה,,חלב 3% בקרטון 1 ליטר מהדרין***מהדרין וסט,ליטרים,1.00,ליטר,false,1,6.23,6.2300,true,1,15094
7290102398188,false,מעדן מולר רייס בטעם,טרה,,מעדן מולר רייס בטעם תות 176גר,גרמים,176.00,100 גרם,false,1,4.90,2.7841,true,1,17466
7290102398331,false,חלב מעושר דל לקטוז 1,טרה,,חלב מעושר דל לקטוז 1 ליטר,ליטרים,1.00,ליטר,false,1,7.90,7.9000,true,1,16353
7290102398478,false,לאבנה 500 גר 9% שומן,טרה,IL,לאבנה 500 גר 9% שומן נעם,גרמים,500.00,100 גרם,false,,15.90,3.1800,true,1,26342
7290102398553,false,שוקו טרה 1.5ליטר בקב,טרה,IL,שוקו טרה 1.5ליטר בקבוק,ליטרים,1.50,ליטר,false,6,16.90,11.2667,true,1,23619
7290102398560,false,שוקו טרה 1ליטר בקבוק,טרה,,שוקו טרה 1ליטר בקבוק,ליטרים,1.00,ליטר,false,1,11.90,11.9000,true,1,18109
7290102398577,false,שוקו מועשר 250מל טרה,טרה,,שוקו מועשר 250מל טרה בקבוק,מיליליטרים,250.00,"100 מ""ל",false,1,5.80,2.3200,true,1,18112
7290102398614,false,משקה חלב בטעם  בננה,טרה,,משקה חלב בטעם  בננה 1 ליטר בקבוק,ליטרים,1.00,ליטר,false,1,11.90,11.9000,true,1,18110
7290102398638,false,משקה חלב בטעם  מוקה,טרה,,משקה חלב בטעם  מוקה 1 ליטר בקבוק,ליטרים,1.00,ליטר,false,1,11.90,11.9000,true,1,18111
7290102398669,false,אייס קפוצינו 1 ליטר,טרה,,אייס קפוצינו 1 ליטר,ליטרים,1.00,ליטר,false,1,11.90,11.9000,true,1,24682
7290102398782,false,משקה סויה קלאסי 1ליט,מחלבת משק צוריאל,IL,משקה סויה קלאסי 1ליטר צוריאל,ליטרים,1.00,ליטר,false,1,10.90,10.9000,true,1,22733
7290102398799,false,משקה סויה במתיקות מו,מחלבת משק צוריאל,IL,משקה סויה במתיקות מופחתת 1ליטר צוריאל,ליטרים,1.00,ליטר,false,1,10.90,10.9000,true,1,22731
7290102398805,false,משקה סויה בטעם וניל,מחלבת משק צוריאל,IL,משקה סויה בטעם וניל 1 ליטר צוריאל,ליטרים,1.00,ליטר,false,1,10.90,10.9000,true,1,22730
7290102398836,false,משקה שקדים קלאסי 1לי,מחלבת משק צוריאל,IL,משקה שקדים קלאסי 1ליטר צוריאל,ליטרים,1.00,ליטר,false,1,10.90,10.9000,true,1,22734
7290102399048,false,גבינת קשקבל 200 גרם,טרה,,גבינת קשקבל 200 גרם נעם פתיחה חוזרת,גרמים,200.00,100 גרם,false,1,19.90,9.9500,true,1,21039
7290102399772,false,ממרח חמאה מולר ספרדב,טרה,,ממרח חמאה מולר ספרדבל במליחות 250גר,גרמים,250.00,100 גרם,false,1,16.90,6.7600,true,1,25655
7290102399789,false,ממרח חמאה מולר ספרדב,טרה,,ממרח חמאה מולר ספרדבל  ללא מלח 250גר,גרמים,250.00,100 גרם,false,1,16.90,6.7600,true,1,25656
7290102399796,false,מעדן מולר אקטיב 25גר,טרה,IL,מעדן מולר אקטיב 25גר חלבון 200גר,גרמים,200.00,100 גרם,false,24,5.50,2.7500,true,1,23618
7290102399802,false,מעדן מולר אקטיב 20גר,טרה,IL,מעדן מולר אקטיב 20גר חלבון תות 200גר,גרמים,200.00,100 גרם,false,24,5.90,2.9500,true,1,23617
7290102399819,false,מעדן מולר אקטיב 20גר,טרה,IL,מעדן מולר אקטיב 20גר חלבון פ.יער 200גר,גרמים,200.00,100 גרם,false,24,5.90,2.9500,true,1,23616
7290102399857,false,מעדן מולר אקטיב 20גר,טרה,IL,מעדן מולר אקטיב 20גר חלבון תות 0% 200גר,גרמים,200.00,100 גרם,false,24,5.90,2.9500,true,1,25658
7290102441785,false,פטיש שניצל יציקה,,,פטיש שניצל יציקה,יחידה,1.00,יחידה,false,1,31.90,31.9000,true,1,27715
7290102444724,false,מחצלת קוקוס 33/60סמ,מגי,,מחצלת קוקוס 33/60סמ מיקס 1220,Unknown,0.00,Unknown,false,1,29.90,0.0000,true,1,18955
7290102444854,false,רשת צליה עמוק משובץ,,,רשת צליה עמוק משובץ 30/33/4סמ,יחידה,1.00,יחידה,false,1,34.90,34.9000,true,1,30538
7290102444922,false,רשת  צליה עמוק  רשת,,,רשת  צליה עמוק  רשת 25/33/5סמ,יחידה,1.00,יחידה,false,1,44.90,44.9000,true,1,30539
7290102444946,false,קרש סטייק עץ  25 סמ,,,קרש סטייק עץ  25 סמ באפלו,יחידה,1.00,יחידה,false,1,39.90,39.9000,true,1,27732
7290102446858,false,סט 6 כפיות מעוגל וינ,,,סט 6 כפיות מעוגל וינה,יחידה,6.00,יחידה,false,1,11.90,1.9833,true,1,17346
7290102446865,false,סט 6 כפות מעוגל וינה,,,סט 6 כפות מעוגל וינה,יחידה,6.00,יחידה,false,1,18.90,3.1500,true,1,17347
7290102446872,false,סט 6 מזלגות מעוגל וי,,,סט 6 מזלגות מעוגל וינה,יחידה,6.00,יחידה,false,1,18.90,3.1500,true,1,17348
7290102446940,false,סט 6 כפיות  לימונדה,,,סט 6 כפיות  לימונדה זהב מעוגל,יחידה,6.00,יחידה,false,1,32.90,5.4833,true,1,27747
7290102448838,false,סט 3 צנצנות 0.75ליטר,,,סט 3 צנצנות 0.75ליטר לקיטשן,יחידה,1.00,יחידה,false,1,44.90,44.9000,true,1,30544
7290102451821,false,מנגל גמבו רגליים מתק,,,מנגל גמבו רגליים מתקפלות,יחידה,1.00,יחידה,false,1,189.00,189.0000,true,1,41015
7290102453924,false,סכין פירות,,,סכין פירות,Unknown,0.00,Unknown,false,1,11.90,0.0000,true,1,6480
7290102454358,false,סט 6 צנצנות תבלינים,,,סט 6 צנצנות תבלינים זכוכית מכסה צבעוני,יחידה,6.00,יחידה,false,1,18.90,3.1500,true,1,27728
7290102454471,false,קרש חיתוך פלנרו בינו,,,קרש חיתוך פלנרו בינוני,Unknown,0.00,Unknown,false,1,19.90,0.0000,true,1,21417
7290102454761,false,סט 18 צלחות זכוכית ד,,,סט 18 צלחות זכוכית דיאמונדס,יחידה,18.00,יחידה,false,1,149.90,8.3278,true,1,41019
7290102455454,false,סט 6 קולבים פלסטיק ל,מגי,,סט 6 קולבים פלסטיק לבן שחור אפור,יחידה,6.00,יחידה,false,1,18.90,3.1500,true,1,22607
7290102455935,false,תבנית זכוכית 2.9ליטר,,,תבנית זכוכית 2.9ליטר פרשבוקס,יחידה,1.00,יחידה,false,1,76.90,76.9000,true,1,21782
7290102457007,false,מארז 3 קולפנים פסטל,,,מארז 3 קולפנים פסטל לקיטשן,יחידה,3.00,יחידה,false,1,16.90,5.6333,true,1,24067
7290102457014,false,קולפן פטנט 2ב1 פסטל,,,קולפן פטנט 2ב1 פסטל לקיטשן,יחידה,1.00,יחידה,false,1,16.90,16.9000,true,1,24068
7290102457076,false,פותחן מלצרים מולטי פ,,,פותחן מלצרים מולטי פסטל לקיטשן,יחידה,1.00,יחידה,false,1,11.90,11.9000,true,1,24073
7290102457083,false,קולפן ידית 2 ראשים פ,,,קולפן ידית 2 ראשים פסטל לקיטשן,יחידה,1.00,יחידה,false,1,11.90,11.9000,true,1,24074
7290102457106,false,מברשת סיליקון 5סמ פס,,,מברשת סיליקון 5סמ פסטל לקיטשן,יחידה,1.00,יחידה,false,1,11.90,11.9000,true,1,24076
7290102457120,false,מברשת+לקקן צר פסטל ל,,,מברשת+לקקן צר פסטל לקיטשן,יחידה,1.00,יחידה,false,1,11.90,11.9000,true,1,24077
7290102457144,false,מברשת לניקוי בקבוקים,,,מברשת לניקוי בקבוקים פסטל לקיטשן,יחידה,1.00,יחידה,false,1,11.90,11.9000,true,1,24079
7290102457151,false,מברשת לניקוי כלים פס,,,מברשת לניקוי כלים פסטל לקיטשן,יחידה,1.00,יחידה,false,1,11.90,11.9000,true,1,24080
7290102457168,false,סט 4 כפות מידה פסטל,,,סט 4 כפות מידה פסטל לקיטשן,יחידה,4.00,יחידה,false,1,11.90,2.9750,true,1,24081
7290102458080,false,סט 3 סכיני צבעוני,,,סט 3 סכיני צבעוני,Unknown,0.00,Unknown,false,1,18.90,0.0000,true,1,6793
7290102458424,false,צנצנת תבלינים הרמטי,,,צנצנת תבלינים הרמטי צבעוני 0.25ליטר,יחידה,1.00,יחידה,false,1,9.90,9.9000,true,1,27719
7290102459292,false,צנצנת דיזייו תבלינים,,,צנצנת דיזייו תבלינים 0.25ליטר,יחידה,1.00,יחידה,false,1,6.90,6.9000,true,1,40973
7290102459445,false,סט 4 סכיני חיתוך למט,,,סט 4 סכיני חיתוך למטבח,יחידה,4.00,יחידה,false,1,24.90,6.2250,true,1,9257
7290102808588,false,בקבוק ספורט פלסטיק פ,,,בקבוק ספורט פלסטיק פולו 0.8ל כולל שייקר,יחידה,1.00,יחידה,false,1,19.90,19.9000,true,1,32607
7290103120658,false,דאו.ספיד סטיק גל לגב,Colgate - USA,,דאו.ספיד סטיק גל לגבר שחור 24/7,Unknown,0.00,Unknown,false,1,21.90,0.0000,true,1,5663
7290103121600,false,דאו.ספיד סטיק ספריי,Colgate - Mexico,,דאו.ספיד סטיק ספריי 24/7 כתום 165 מל,מיליליטרים,165.00,"100 מ""ל",false,1,14.90,9.0303,true,1,6055
7290103124588,false,אלסבון פלמוליב משאבה,CP - Turkey+60,,אלסבון פלמוליב משאבה סגול 750 מל,מיליליטרים,750.00,"100 מ""ל",false,1,16.90,2.2533,true,1,7360
7290103124601,false,אלסבון פלמוליב משאבה,CP - Turkey+60,,אלסבון פלמוליב משאבה חלב ודבש 750 מל,מיליליטרים,750.00,"100 מ""ל",false,1,16.90,2.2533,true,1,7359
7290103126797,false,מש.שיניים קולגייט סנ,Colgate - Brazil,,מש.שיניים קולגייט סנסיטיב פרו ריליף75מל,מיליליטרים,75.00,"100 מ""ל",false,1,22.90,30.5333,true,1,7060
7290103129378,false,דאו.ספיד סטיק גל אקט,Colgate - USA,,דאו.ספיד סטיק גל אקטיב אקס 5,גרמים,51.00,100 גרם,false,1,21.90,42.9412,true,1,8397
7290103129392,false,דאו.ליידי ספיד סטיק,Colgate - USA,,דאו.ליידי ספיד סטיק אינפיוזן פרסיה65 ג,גרמים,65.00,100 גרם,false,1,21.90,33.6923,true,1,8526
7290103129408,false,דאו.ליידי ספיד סטיק,Colgate - USA,,דאו.ליידי ספיד סטיק אינפיוזן אורכד65 ג,גרמים,65.00,100 גרם,false,1,21.90,33.6923,true,1,8527
7290103151386,false,שקיות אשפה  עם ידית,גי פלסט,IL,שקיות אשפה  עם ידית 75/90 לפיד 25יח,יחידה,25.00,יחידה,false,15,12.90,0.5160,true,1,19789
7290103151478,false,קופסאות אחסון חד פעמ,מדף פלזית,,קופסאות אחסון חד פעמי 250סמק 20יח,יחידה,20.00,יחידה,false,1,11.90,0.5950,true,1,11992
7290103151485,false,קופסאות אחסון חד פעמ,מדף פלזית,,קופסאות אחסון חד פעמי 500סמק 15יח,יחידה,15.00,יחידה,false,1,11.90,0.7933,true,1,11993
7290103151508,false,מיכלי אחסון 1 ליטר 5,סנטר פלסט,,מיכלי אחסון 1 ליטר 5 יח,יחידה,5.00,יחידה,false,1,11.90,2.3800,true,1,11994
7290103151515,false,מיכלי אחסון 2 ליטר 4,סנטר פלסט,,מיכלי אחסון 2 ליטר 4 יח,יחידה,4.00,יחידה,false,1,11.90,2.9750,true,1,11995
7290103156312,false,כפות חד פעמי צבעוני,MAZLUM,,כפות חד פעמי צבעוני 100 יח,יחידה,100.00,יחידה,false,1,21.90,0.2190,true,1,12001
7290103156329,false,כפית חד פעמי צבעוני,MAZLUM,,כפית חד פעמי צבעוני 100 יח,יחידה,100.00,יחידה,false,1,21.90,0.2190,true,1,12002
7290103156336,false,מזלגות חד פעמי צבעונ,MAZLUM,,מזלגות חד פעמי צבעוני 100 יח,יחידה,100.00,יחידה,false,1,21.90,0.2190,true,1,12003
7290103156343,false,סכינים חד פעמי צבעונ,MAZLUM,,סכינים חד פעמי צבעוני 100 יח,יחידה,100.00,יחידה,false,1,21.90,0.2190,true,1,12004
7290103156466,false,כף חד פעמי 100 יח לפ,mazlum,,כף חד פעמי 100 יח לפיד,יחידה,100.00,יחידה,false,1,11.90,0.1190,true,1,11964
7290103156473,false,כפית חד פעמי 100 יח,mazlum,,כפית חד פעמי 100 יח לפיד,יחידה,100.00,יחידה,false,1,9.90,0.0990,true,1,11965
7290103156480,false,מזלג חד פעמי 100 יח,mazlum,,מזלג חד פעמי 100 יח לפיד,יחידה,100.00,יחידה,false,1,11.90,0.1190,true,1,11966
7290103156497,false,סכין חד פעמי 100 יח,mazlum,,סכין חד פעמי 100 יח לפיד,יחידה,100.00,יחידה,false,1,11.90,0.1190,true,1,11967
7290103156718,false,כוס שתיה חמה+מכסה טו,WSI INTERNATIONAL LT,,כוס שתיה חמה+מכסה טו גו 14 יח,יחידה,14.00,יחידה,false,1,10.90,0.7786,true,1,11971
7290103156930,false,כוסות יהלום חד פעמי,ningbo,,כוסות יהלום חד פעמי 40יח,יחידה,40.00,יחידה,false,1,16.90,0.4225,true,1,12000
7290103157128,false,צלחות קטנות חד פעמי,ningbo,,צלחות קטנות חד פעמי מילאנו 10יח כסף,יחידה,10.00,יחידה,false,1,21.90,2.1900,true,1,12020
7290103157159,false,צלחות מרק חד פעמי מי,ningbo,,צלחות מרק חד פעמי מילאנו 10יח לבן כסף,יחידה,10.00,יחידה,false,1,25.90,2.5900,true,1,12022
7290103157166,false,צלחת ליפתניה חד פעמי,ningbo,,צלחת ליפתניה חד פעמי מילאנו 10יח כסף,יחידה,10.00,יחידה,false,1,14.90,1.4900,true,1,11982
7290103157203,false,צלחות מרק חד פעמי מי,ningbo,,צלחות מרק חד פעמי מילאנו 10יח קרם זהב,יחידה,10.00,יחידה,false,1,25.90,2.5900,true,1,12023
7290103157678,false,צלחות גדולות חד פעמי,פאלאס תעשיות נטו (20,,צלחות גדולות חד פעמי 1 קילו לפיד,קילוגרמים,1.00,"ק""ג",false,1,39.90,39.9000,true,1,12019
7290103400194,false,כרוב לבן חתוך 400 גר,,,כרוב לבן חתוך 400 גר בדץ אחלה,גרמים,400.00,100 גרם,false,1,10.00,2.5000,true,1,6688
7290103400231,false,גזר חתוך 400 גר בדץ,,,גזר חתוך 400 גר בדץ אחלה,גרמים,400.00,100 גרם,false,1,9.00,2.2500,true,1,6687
7290103400255,false,סלט קולאסלאו 400 גר,,,סלט קולאסלאו 400 גר בדץ אחלה,גרמים,400.00,100 גרם,false,1,9.00,2.2500,true,1,6693
7290103401429,false,קפה נמס פלטינום ברזי,,,קפה נמס עלית קצב ברזילאי 200 גרם,גרמים,200.00,100 גרם,false,1,25.90,12.9500,true,1,6056
7290103404758,false,סלט כרוב יום יום 120,,,סלט כרוב יום יום 120 גר,גרמים,120.00,100 גרם,false,1,4.50,3.7500,true,1,5874
7290103408206,false,עלי חסה ערבית שטופים,,,עלי חסה ערבית שטופים 250 גר קופסא,גרמים,250.00,100 גרם,false,1,10.00,4.0000,true,1,6109
7290103681050,false,יין כרם יחיד ויונייה,,IL,יין כרם יחיד ויונייה 750 מל,מיליליטרים,750.00,"100 מ""ל",false,6,100.00,13.3333,true,1,27138
7290103681173,false,יין תבור הר קברנה סו,תבור,IL,יין תבור הר קברנה סוביניו 750 מל פקדון,מיליליטרים,750.00,"100 מ""ל",false,6,45.00,6.0000,true,1,20070
7290103681180,false,יין תבור הר מרלו 750,תבור,IL,יין תבור הר מרלו 750 מל פיקדון,מיליליטרים,750.00,"100 מ""ל",false,6,45.00,6.0000,true,1,20068
7290103681197,false,יין תבור הר שיראז 75,תבור,IL,יין תבור הר שיראז 750 מל פיקדון,מיליליטרים,750.00,"100 מ""ל",false,6,45.00,6.0000,true,1,20069
7290103681210,false,יין תבור הר שרדונה 7,תבור,IL,יין תבור הר שרדונה 750 מל פיקדון,מיליליטרים,750.00,"100 מ""ל",false,6,45.00,6.0000,true,1,20071
7290103681227,false,יין גוורצטרמיננר 750,תבור,IL,יין גוורצטרמיננר 750 מל,מיליליטרים,750.00,"100 מ""ל",false,6,45.00,6.0000,true,1,20072
7290103681234,false,יין תבור הר רוזה 750,תבור,IL,יין תבור הר רוזה 750 מל פיקדון,מיליליטרים,750.00,"100 מ""ל",false,6,45.00,6.0000,true,1,20073
7290103681241,false,יין תבור מוסקטו 750,תבור,IL,יין תבור מוסקטו 750 מל,מיליליטרים,750.00,"100 מ""ל",false,6,45.00,6.0000,true,1,20074
7290103681296,false,יין אדמה מרלו 750 מל,יקב תבור,IL,יין תבור מרלו 750 מל פיקדון,מיליליטרים,750.00,"100 מ""ל",false,6,60.00,8.0000,true,1,24271
7290103681302,false,יין אדמה שיראז 750 מ,יקב תבור,IL,יין אדמה שיראז 750 מל,מיליליטרים,750.00,"100 מ""ל",false,6,60.00,8.0000,true,1,27141
7290103681319,false,יין אדמה שרדונה 750,יקב תבור,IL,יין אדמה שרדונה 750 מל,מיליליטרים,750.00,"100 מ""ל",false,6,60.00,8.0000,true,1,27136
7290103681326,false,יין אדמה גוורצטרמינר,יקב תבור,IL,יין אדמה גוורצטרמינר  750 מל,מיליליטרים,750.00,"100 מ""ל",false,6,60.00,8.0000,true,1,27135
7290103681340,false,יין אדמה סוביניון בל,יקב תבור,IL,יין אדמה סוביניון בלאן 750 מל,מיליליטרים,750.00,"100 מ""ל",false,6,60.00,8.0000,true,1,27137
7290103681364,false,יין תבור קברנה סובינ,יקב תבור,IL,יין תבור קברנה סוביניון 750 מל,מיליליטרים,750.00,"100 מ""ל",false,6,60.00,8.0000,true,1,20076
7290103681388,false,יין תבור שרדונה 750,יקב תבור,IL,יין תבור שרדונה 750 מל,מיליליטרים,750.00,"100 מ""ל",false,6,60.00,8.0000,true,1,20077
7290103681562,false,יין כרם יחיד טנאט 75,יקב תבור,IL,יין כרם יחיד טנאט 750 מל,מיליליטרים,750.00,"100 מ""ל",false,1,100.00,13.3333,true,1,27179
7290103681579,false,יין כרם יחיד מרסלאן,יקב תבור,IL,יין כרם יחיד מרסלאן 750 מל,מיליליטרים,750.00,"100 מ""ל",false,1,100.00,13.3333,true,1,27143
7290103681647,false,יין אקו אדום 750 מל,יקב תבור,IL,יין אקו אדום 750 מל,מיליליטרים,750.00,"100 מ""ל",false,6,75.00,10.0000,true,1,27145
7290103681654,false,יין אקו לבן 750 מל,יקב תבור,IL,יין אקו לבן 750 מל,מיליליטרים,750.00,"100 מ""ל",false,6,75.00,10.0000,true,1,27144
7290103681661,false,יין אדמה שנין בלאן 7,יקב תבור,IL,יין אדמה שנין בלאן 750 מל,מיליליטרים,750.00,"100 מ""ל",false,6,60.00,8.0000,true,1,39441
7290104061219,false,גלילי וופל רבע לשבע,,,גלילי וופל רבע לשבע אגוזים 120 גר,גרמים,120.00,100 גרם,false,1,11.90,9.9167,true,1,6804
7290104061417,false,סלט חומוס עם רוטב שו,,,סלט חומוס עם טחינה 400 גר אחלה,גרמים,400.00,100 גרם,false,,9.90,2.4750,true,1,6221
7290104061424,false,סלט חומוס עם זעתר 40,,,סלט חומוס עם זעתר 400 גר אחלה,גרמים,400.00,100 גרם,false,1,9.90,2.4750,true,1,6224
7290104061431,false,סלט חומוס עם צנובר 4,,,סלט חומוס עם צנובר 400 גר אחלה,גרמים,400.00,100 גרם,false,1,9.90,2.4750,true,1,6223
7290104061448,false,סלט חומוס עם חריף 40,,,סלט חומוס עם חריף 400 גר אחלה,גרמים,400.00,100 גרם,false,1,9.90,2.4750,true,1,6222
7290104062599,false,מארז 8 גמדים תות בננ,,,מארז 8 גמדים תות בננה מחיר מיוחד 800 גר,גרמים,800.00,100 גרם,false,1,17.90,2.2375,true,1,6263
7290104064012,false,חטיף פסק זמן טו גוד,,,חטיף פסק זמן טו גוד לבן 36 גר,גרמים,36.00,100 גרם,false,1,6.00,16.6667,true,1,41539
7290104065187,false,קפה נמס מוקה אבקתי 2,,,קפה נמס מוקה אבקתי 200 גר,גרמים,200.00,100 גרם,false,1,24.90,12.4500,true,1,6629
7290104065934,false,עלי רוקט שטראוס 150,,,עלי רוקט שטראוס 150 גר,גרמים,150.00,100 גרם,false,1,10.00,6.6667,true,1,6524
7290104066016,false,מילקי טופ עדשים 149,,,מילקי טופ עדשים 149 גרם,גרמים,149.00,100 גרם,false,1,4.90,3.2886,true,1,6506
7290104067518,false,חטיף כיף כף לבן מגדי,,,חטיף כיף כף לבן מגדים 40 גרם,Unknown,0.00,Unknown,false,1,5.00,0.0000,true,1,32093
7290104067679,false,סלט טחינה אחלה 400גר,,,סלט טחינה אחלה 400גר,גרמים,400.00,100 גרם,false,1,10.90,2.7250,true,1,9563
7290104068539,false,מסטיק מאסט מלון אבטי,,,מסטיק מאסט מלון אבטיח 28 גר פליפטופ,גרמים,28.00,100 גרם,false,1,5.00,17.8571,true,1,6698
7290104068546,false,מסטיק מאסט קולה עם ק,,,מסטיק מאסט קולה עם קרח 28 ג פליפטופ,גרמים,28.00,100 גרם,false,1,5.00,17.8571,true,1,6802
7290104069680,false,עלי תרד ניו זילנדי 3,,,עלי תרד ניו זילנדי 300 גר אחלה,גרמים,300.00,100 גרם,false,1,12.00,4.0000,true,1,7371
7290104500572,false,חטיף אפרופו איטליאנו,"אסם תעשיות בע""מ",,חטיף תירס אפרופו איטליאנו 50 גרם,גרמים,50.00,100 גרם,false,1,4.50,9.0000,true,1,7177
7290104501661,false,אינסטנט פודינג וניל,"אסם תעשיות בע""מ",,אינסטנט פודינג וניל צרפתי אסם 80 גר,גרמים,80.00,100 גרם,false,1,5.50,6.8750,true,1,6938
7290104504228,false,מארז 5 יח חטיף דובונ,"אסם תעשיות בע""מ",,מארז 5 יח חטיף דובונים 20 גר,גרמים,100.00,100 גרם,false,1,12.90,12.9000,true,1,7347
7290104506819,false,דגני בוקר קראנץ רולס,,,דגני בוקר קראנץ רולס 370 גר כשלפ,גרמים,370.00,100 גרם,false,1,19.90,5.3784,true,1,7087
7290104508943,false,חטיף במבה קלאסי 200,"אסם תעשיות בע""מ",,חטיף במבה קלאסי 200 גר,גרמים,200.00,100 גרם,false,1,9.90,4.9500,true,1,7589
7290104570162,false,תמרים כבושים בית שאן,"תמר העמקים בע""מ",,תמרים כבושים 500 גר,גרמים,500.00,100 גרם,false,1,13.90,2.7800,true,1,8932
7290104570629,false,ממרח תמרים צמח 450 ג,"תמר העמקים בע""מ",,ממרח תמרים צמח 450 גרם,גרמים,450.00,100 גרם,false,1,5.90,1.3111,true,1,40107
7290104615214,false,צמחים,,,צמחים,Unknown,0.00,Unknown,false,1,25.00,0.0000,true,1,9202
7290104615221,false,צמחים,,,צמחים,Unknown,0.00,Unknown,false,1,26.00,0.0000,true,1,9203
7290104615252,false,זרים אחידים,,,זרים אחידים,Unknown,0.00,Unknown,false,1,40.00,0.0000,true,1,9206
7290104615283,false,צמחים,,,צמחים,Unknown,0.00,Unknown,false,1,60.00,0.0000,true,1,15334
7290104615337,false,זרים אחידים,,,זרים אחידים,Unknown,0.00,Unknown,false,1,45.00,0.0000,true,1,9162
7290104615429,false,צמחים,,,צמחים,Unknown,0.00,Unknown,false,1,14.00,0.0000,true,1,9169
7290104615467,false,צמחים,,,צמחים,Unknown,0.00,Unknown,false,1,18.00,0.0000,true,1,9173
7290104615603,false,צמחים,,,צמחים,Unknown,0.00,Unknown,false,1,45.00,0.0000,true,1,15322
7290104615719,false,צמחים,,,צמחים,Unknown,0.00,Unknown,false,1,30.00,0.0000,true,1,9179
7290104615818,false,עציץ,,,צמחים,Unknown,0.00,Unknown,false,1,42.00,0.0000,true,1,9184
7290104615849,false,צמחים,,,צמחים,Unknown,0.00,Unknown,false,1,45.00,0.0000,true,1,9185
7290104618208,false,צמחים,,,צמחים,Unknown,0.00,Unknown,false,1,60.00,0.0000,true,1,9188
7290104618246,false,צמחים,,,צמחים,Unknown,0.00,Unknown,false,1,80.00,0.0000,true,1,9192
7290104720499,false,מארז 8 יח מעדן דני ו,,,מארז 8 יח מעדן דני וניל 125 גרם,ליטרים,1.00,ליטר,false,1,15.90,15.9000,true,1,6692
7290104721953,false,לקט ירקות מסולסלים 3,,,לקט ירקות מסולסלים 350 גר,גרמים,350.00,100 גרם,false,1,13.00,3.7143,true,1,6779
7290104722219,false,עוגת שוקולד קרם שוקו,,,עוגת שוקולד קרם שוקולד 330 גר,גרמים,330.00,100 גרם,false,1,14.90,4.5152,true,1,7567
7290104722530,false,חטיף תפוציפס שמנת בצ,STRAUSS-ISRAEL,,חטיף תפוציפס שמנת בצל 200 גרם,גרמים,200.00,100 גרם,false,1,9.90,4.9500,true,1,6799
7290104725326,false,גבינת קוטג 5% 400 גר,,,גבינת קוטג 5% 400 גר שטראוס,גרמים,400.00,100 גרם,false,1,9.40,2.3500,true,1,7081
7290104726262,false,מארז 4 יח דני לשתיה,,,מארז 4 יח דני לשתיה 500גר,גרמים,500.00,100 גרם,false,1,11.90,2.3800,true,1,7090
7290104726712,false,מארז מילקי שמינייה 8,,,מארז מילקי שמינייה 8*133גר,גרמים,1.00,100 גרם,false,1,19.90,1990.0000,true,1,7785
7290104728310,false,שמנת מתוקה 38% עמידה,,,שמנת מתוקה 38% עמידה 250 מל***,גרמים,250.00,100 גרם,false,1,6.47,2.5880,true,1,7199
7290104729003,false,שמן זית כתית מעולה 7,,,שמן זית כתית מעולה 750 מל יד מרדכי,מיליליטרים,750.00,"100 מ""ל",false,1,32.90,4.3867,true,1,7150
7290104850875,false,צלחות חד פעמי ענקיות,,,צלחות חד פעמי ענקיות 25יח זהב פאלאס,יחידה,25.00,יחידה,false,20,29.90,1.1960,true,1,11192
7290104850981,false,צלחות אלגנט חד פעמי,,,צלחות אלגנט חד פעמי גדולות קרם 25 יח,יחידה,25.00,יחידה,false,1,18.90,0.7560,true,1,11174
7290104851230,false,צלחות מרק אלגנט חד פ,,,צלחות מרק אלגנט חד פעמי זהב 25 יח,יחידה,25.00,יחידה,false,1,11.90,0.4760,true,1,11181
7290104851346,false,צלחות אלגנט חד פעמי,,,צלחות אלגנט חד פעמי קטנות זהב 25 יח,יחידה,25.00,יחידה,false,1,11.90,0.4760,true,1,11178
7290104851612,false,ליפתניות חד פעמי 25י,,,ליפתניות חד פעמי 25יח קרם פאלאס,יחידה,25.00,יחידה,false,40,7.50,0.3000,true,1,23608
7290104851629,false,ליפתניות חד פעמי 25י,,,ליפתניות חד פעמי 25יח זהב פאלאס,יחידה,25.00,יחידה,false,40,7.50,0.3000,true,1,23606
7290104851674,false,קערית אובלית חד פעמי,,,קערית אובלית חד פעמי אלגנט קרם25 יח,יחידה,25.00,יחידה,false,1,9.90,0.3960,true,1,11188
7290104851681,false,קערית אובלית חד פעמי,,,קערית אובלית חד פעמי אלגנט זהב25 יח,יחידה,25.00,יחידה,false,1,9.90,0.3960,true,1,11189
7290104852138,false,מארז שישייה  מגבון ט,,,מארז שישייה  מגבון טואלט פאלאס,יחידה,6.00,יחידה,false,1,15.90,2.6500,true,1,11408
7290104852176,false,נר נשמה פחית פאלאס,,,נר נשמה פחית פאלאס,Unknown,0.00,Unknown,false,1,2.20,0.0000,true,1,11559
7290104852435,false,נרות שבת 8יח 140 גרם,פאלאס תעשיות נטו (20,,נרות שבת 8יח 140 גרם,גרמים,140.00,100 גרם,false,1,4.90,3.5000,true,1,12034
7290104852442,false,נרות שבת 10יח 140 גר,פאלאס תעשיות נטו (20,,נרות שבת 10יח 140 גרם,גרמים,140.00,100 גרם,false,1,4.90,3.5000,true,1,12035
7290104852459,false,נרות שבת 12יח 140 גר,פאלאס תעשיות נטו (20,,נרות שבת 12יח 140 גרם,גרמים,140.00,100 גרם,false,1,4.90,3.5000,true,1,12036
7290104852466,false,נרות שבת 16יח 140 גר,פאלאס תעשיות נטו (20,,נרות שבת 16יח 140 גרם,גרמים,140.00,100 גרם,false,1,4.90,3.5000,true,1,12037
7290104852473,false,נרות שבת 20יח 140 גר,פאלאס תעשיות נטו (20,,נרות שבת 20יח 140 גרם,גרמים,140.00,100 גרם,false,1,4.90,3.5000,true,1,12038
7290104852503,false,מגבוני טואלט 3/40 דף,,,מגבוני טואלט 3/40 דף פאלאס,יחידה,40.00,יחידה,false,1,10.00,0.2500,true,1,11409
7290104852794,false,תבנית אלומיניום לאוב,פאלאס,,תבנית אלומיניום לאובן 13יח פאלאס,יחידה,13.00,יחידה,false,1,12.90,0.9923,true,1,12980
7290104852800,false,תבנית אלומיניום מלבן,פאלאס,,תבנית אלומיניום מלבן לתנור+מכסה 10יח פאל,יחידה,10.00,יחידה,false,1,12.90,1.2900,true,1,12981
7290104855184,false,קעריות אובלי חד פעמי,ningbo,,קעריות אובלי חד פעמי 10יח לבן זהב מילאנו,יחידה,10.00,יחידה,false,1,17.90,1.7900,true,1,12705
7290104856877,false,רדיד אלומיניום קצר,,CN,רדיד אלומיניום קצר  60מטר עבה במיוחדלפיד,מטרים,60.00,מטר,false,12,27.90,0.4650,true,1,19799
7290104856914,false,מפות שולחן אל בד 2יח,ningbo,,מפות שולחן אל בד 2יח 2.7/1.2סמ לפיד,יחידה,2.00,יחידה,false,1,12.90,6.4500,true,1,12978
7290104857119,false,צלחות גדולות חד פעמי,פאלאס,,צלחות גדולות חד פעמי 100 יח לפיד,יחידה,100.00,יחידה,false,1,39.90,0.3990,true,1,24800
7290104858161,false,כוסות שתייה חמה חד פ,WSI INTERNATIONAL LT,,כוסות שתייה חמה חד פעמי 4 אונז 50 יח,יחידה,50.00,יחידה,false,1,7.90,0.1580,true,1,14019
7290104858178,false,כוסות קרטון חד פעמי,WSI INTERNATIONAL LT,,כוסות קרטון חד פעמי 10אונז 50יח פאלאס,יחידה,50.00,יחידה,false,1,14.90,0.2980,true,1,14020
7290104859564,false,מפיות מודפסות 20 יח,IHR,,מפיות מודפסות 20 יח 3 שכבות,יחידה,20.00,יחידה,false,1,8.00,0.4000,true,1,18157
7290104859779,false,כוסות חד פעמי 330 מל,xueli,,כוסות חד פעמי 330 מל 40יח,יחידה,30.00,יחידה,false,1,11.90,0.3967,true,1,16239
7290104859786,false,תבנית אלומיניום בינו,,,תבנית אלומיניום בינונית 7יח אר31 פאלאס,יחידה,7.00,יחידה,false,1,8.90,1.2714,true,1,17972
7290104859793,false,תבנית אלומיניום ענקי,,,תבנית אלומיניום ענקיות 4יח אר99 פאלאס,יחידה,4.00,יחידה,false,1,8.90,2.2250,true,1,17974
7290104859809,false,תבנית אלומיניום אינג,,,תבנית אלומיניום אינגליש קייק14יח אר88פאל,יחידה,14.00,יחידה,false,1,8.90,0.6357,true,1,17973
7290104859823,false,תבנית אלומיניום מלבן,,,תבנית אלומיניום מלבן עמוק 8יח אר64פאלאס,יחידה,8.00,יחידה,false,1,9.90,1.2375,true,1,17558
7290104859830,false,תבנית אלומיניום עגול,,,תבנית אלומיניום עגול גדול 8 יח פאלאס,יחידה,8.00,יחידה,false,8,10.90,1.3625,true,1,18293
7290104960239,false,אלסבון נקה 7 ארומה ל,,,אלסבון נקה 7 ארומה לבן 750 מל,מיליליטרים,750.00,"100 מ""ל",false,1,11.90,1.5867,true,1,7123
7290104960246,false,אלסבון נקה 7 ארומה ו,,,אלסבון נקה 7 ארומה ורוד 750 מל,מיליליטרים,750.00,"100 מ""ל",false,1,11.90,1.5867,true,1,7124
7290104960253,false,אלסבון נקה 7 ארומה ל,,,אלסבון נקה 7 ארומה לבנדר 750 מל,מיליליטרים,750.00,"100 מ""ל",false,1,11.90,1.5867,true,1,7125
7290104960352,false,אלסבון נקה שקד וניל,,,אלסבון נקה שקד וניל ארומה 750 מל,מיליליטרים,750.00,"100 מ""ל",false,1,11.90,1.5867,true,1,7126
7290104960970,false,דאו.ספריי טיטניום מט,,,דאו.ספריי טיטניום מטאל 180 מל,מיליליטרים,180.00,"100 מ""ל",false,1,17.90,9.9444,true,1,7473
7290104961205,false,ת.רחצה נקה מגע קטיפה,,,ת.רחצה נקה מגע קטיפה מלפפון750מל,מיליליטרים,750.00,"100 מ""ל",false,1,11.90,1.5867,true,1,7917
7290104961243,false,ת.רחצה נקה מגע קטיפה,,,ת.רחצה נקה מגע קטיפה קוקוס ליים750מל,מיליליטרים,750.00,"100 מ""ל",false,1,11.90,1.5867,true,1,7918
7290104961250,false,ת.רחצה נקה מגע קטיפה,,,ת.רחצה נקה מגע קטיפה וניל מאסק750מל,מיליליטרים,750.00,"100 מ""ל",false,1,11.90,1.5867,true,1,7919
7290104961878,false,שמפו קרטין אינטנס נט,,,שמפו קרטין אינטנס נטורל פורמולה 400מל,מיליליטרים,400.00,"100 מ""ל",false,1,27.90,6.9750,true,1,8577
7290104961892,false,מסכת שיער קרטין אינט,,,מסכת שיער קרטין אינטנס 350 מל,מיליליטרים,350.00,"100 מ""ל",false,1,34.90,9.9714,true,1,11365
7290104961991,false,מארז 3 יח סבון נוזלי,,,מארז 3 יח סבון נוזלי נקה 7 חמאת שיאה 500,ליטרים,1.50,ליטר,false,1,19.90,13.2667,true,1,11169
7290104962004,false,מארז 3 יח סבון נוזלי,,,מארז 3 יח סבון נוזלי נקה 7 וניל מאסק 500,ליטרים,1.50,ליטר,false,1,19.90,13.2667,true,1,11171
7290104962073,false,דאו.ספריי טיטניום גו,,,דאו.ספריי טיטניום גולד 180 מל,מיליליטרים,180.00,"100 מ""ל",false,1,17.90,9.9444,true,1,9427
7290104962080,false,דאו.ספריי גוף טיטניו,,,דאו.ספריי גוף טיטניום גולד 150 מל,מיליליטרים,150.00,"100 מ""ל",false,1,13.90,9.2667,true,1,9429
7290104962110,false,דאו קרליין ספריי נוש,,,דאו קרליין ספריי נושם נערות 150 מל,מיליליטרים,150.00,"100 מ""ל",false,1,12.90,8.6000,true,1,9798
7290104962134,false,דאו קרליין רול און נ,,,דאו קרליין רול און נושם נערות 75 מל,מיליליטרים,75.00,"100 מ""ל",false,1,12.90,17.2000,true,1,9799
7290104962578,false,דאו קרליין ספריי נוש,,,דאו קרליין ספריי נושם אינויזיבל 200 מל,מיליליטרים,200.00,"100 מ""ל",false,1,12.90,6.4500,true,1,14706
7290104962585,false,קרליין דאו רול און נ,,,קרליין דאו רול און נושם אינויזיבל 75 מל,מיליליטרים,75.00,"100 מ""ל",false,1,12.90,17.2000,true,1,14705
7290104962684,false,קרליין דאו רול און נ,,,קרליין דאו רול און נושם ללא אלומיניום 75,מיליליטרים,75.00,"100 מ""ל",false,1,12.90,17.2000,true,1,10789
7290104962745,false,קרם הגנה סקין גארד ש,,,קרם הגנה סקין גארד שקוף מס 30 300מל,מיליליטרים,300.00,"100 מ""ל",false,1,39.90,13.3000,true,1,11122
7290104962844,false,שמפו אמפולה אינטנס נ,,,שמפו אמפולה אינטנס נטורל פורמולה 400 מל,מיליליטרים,400.00,"100 מ""ל",false,1,27.90,6.9750,true,1,11412
7290104962851,false,מרכך אמפולה אינטנס נ,,,מרכך אמפולה אינטנס נטורל פורמולה 400 מל,מיליליטרים,400.00,"100 מ""ל",false,1,27.90,6.9750,true,1,11413
7290104962868,false,מסכת שיער אמפולה אינ,,,מסכת שיער אמפולה אינטנס נטורל פורמולה350,מיליליטרים,350.00,"100 מ""ל",false,1,34.90,9.9714,true,1,11414
7290104963001,false,מארז 4יח מגבוני סופט,סנו,,מארז 4יח מגבוני סופטקר בניחוח עדין,יחידה,4.00,יחידה,false,1,18.90,4.7250,true,1,12956
7290104963018,false,מארז 4יח מגבוני סופט,סנו,,מארז 4יח מגבוני סופטקר ללא בישום,יחידה,4.00,יחידה,false,1,17.90,4.4750,true,1,12957
7290104963155,false,שמן תינוקות סופטקר 5,,,שמן תינוקות סופטקר 500 מל,מיליליטרים,500.00,"100 מ""ל",false,1,24.90,4.9800,true,1,13212
7290104963216,false,אל סבון סופטקר עדין,סנו,,אל סבון סופטקר עדין 1 ליטר,ליטרים,1.00,ליטר,false,1,16.90,16.9000,true,1,13202
7290104963223,false,אל סבון סופטקר קלאסי,סנו,,אל סבון סופטקר קלאסי 1 ליטר,ליטרים,1.00,ליטר,false,1,16.90,16.9000,true,1,13200
7290104963650,false,שמפו סופטקר אל דמע 1,סנו,,שמפו סופטקר אל דמע 1 ליטר,ליטרים,1.00,ליטר,false,1,16.90,16.9000,true,1,13201
7290104963667,false,שמפו אלסבון סופטקר 2,סנו,,שמפו אלסבון סופטקר 2ב1 אל דמע 1 ליטר,ליטרים,1.00,ליטר,false,1,16.90,16.9000,true,1,13203
7290104963971,false,קרם הגנה סקין גארד ס,,,קרם הגנה סקין גארד ספריי שקוף 50 300מל,מיליליטרים,300.00,"100 מ""ל",false,1,46.90,15.6333,true,1,16593
7290104963988,false,קרם הגנה סקין גארדרו,,,קרם הגנה סקין גארדרול און לילדים מס 50,Unknown,0.00,Unknown,false,1,24.90,0.0000,true,1,16592
7290104964008,false,תחליב הגנה סקין גארד,,,תחליב הגנה סקין גארד ילדים מס30 300מל,מיליליטרים,300.00,"100 מ""ל",false,1,39.90,13.3000,true,1,12824
7290104964015,false,תחליב הגנה סקינגארד,,,תחליב הגנה סקינגארד לפנים מס 50,Unknown,0.00,Unknown,false,1,46.90,0.0000,true,1,14224
7290104964022,false,ספריי ווט סקין בוב ס,,,ספריי ווט סקין בוב ספוג 300 מל מס 30,מיליליטרים,300.00,"100 מ""ל",false,1,46.90,15.6333,true,1,14223
7290104964350,false,מארז 3 יח סבון נוזלי,,,מארז 3 יח סבון נוזלי נקה 7 פרחי מים 500,ליטרים,1.50,ליטר,false,1,19.90,13.2667,true,1,13409
7290104964398,false,מארז 3 יח סבון נוזלי,,,מארז 3 יח סבון נוזלי נקה 7 וניל רענן 500,ליטרים,1.50,ליטר,false,1,19.90,13.2667,true,1,15188
7290104964671,false,ספריי הגנה סקינגארד,,,ספריי הגנה סקינגארד שקוף 30 אננס ליצי,מיליליטרים,200.00,"100 מ""ל",false,1,39.90,19.9500,true,1,20163
7290104964688,false,ספריי הגנה סקינגארד,,,ספריי הגנה סקינגארד שקוף 30 מנגו קיווי,מיליליטרים,200.00,"100 מ""ל",false,1,39.90,19.9500,true,1,20164
7290104964701,false,קרם הגנה לפנים סקינג,,,קרם הגנה לפנים סקינגארד לגולשים 50,Unknown,0.00,Unknown,false,1,44.90,0.0000,true,1,20161
7290104964718,false,תחליב הגנה סקינגארד,,,תחליב הגנה סקינגארד ווט סקין 50 300מל,מיליליטרים,300.00,"100 מ""ל",false,1,44.90,14.9667,true,1,20160
7290104964756,false,מי פה תיאדנט ענבים 1,,,מי פה תיאדנט ענבים 150 מל,מיליליטרים,150.00,"100 מ""ל",false,1,17.90,11.9333,true,1,19318
7290104965647,false,דאודורנט קרליין רול,,,דאודורנט קרליין רול און נושם סוויט קיס75,מיליליטרים,75.00,"100 מ""ל",false,1,12.90,17.2000,true,1,30968
7290104965661,false,דאו קרליין ספריי נוש,,,דאו קרליין ספריי נושם בנות סוויט קיס 200,מיליליטרים,200.00,"100 מ""ל",false,1,12.90,6.4500,true,1,30967
7290105360250,false,קפסולות אספרסו 9 מקי,,,קפסולות אספרסו 9 מקיאטו 10 יח,יחידה,10.00,יחידה,false,1,16.50,1.6500,true,1,8504
7290105360328,false,קפסולות אספרסו 10 חז,,,קפסולות אספרסו 10 חזק 10 יח,יחידה,10.00,יחידה,false,1,16.50,1.6500,true,1,8506
7290105360335,false,קפסולות אספרסו 7 מעו,,,קפסולות אספרסו 7 מעודן  10 יח,יחידה,10.00,יחידה,false,1,16.50,1.6500,true,1,8505
7290105360878,false,מארז 4יח תפוציפס 50ג,STRAUSS-ISRAEL,,מארז 4יח תפוציפס 50גר,גרמים,200.00,100 גרם,false,8,10.90,5.4500,true,1,19653
7290105361707,false,חטיף כיף כף שוקולד ל,,,חטיף כיף כף שוקולד לבן 45 גר,Unknown,0.00,Unknown,false,1,5.00,0.0000,true,1,7242
7290105362339,false,שמנת לבישול מפוסטרת,,,שמנת לבישול מפוסטרת 15%,גרמים,241.00,100 גרם,false,1,8.90,3.6929,true,1,7991
7290105363572,false,שוק.פרה קראנץ חלב בי,,,שוק.פרה קראנץ חלב ביסקוויט 100 גר מגדים,גרמים,100.00,100 גרם,false,1,5.90,5.9000,true,1,31186
7290105363602,false,חטיף כיף כף מקלות שו,,,חטיף כיף כף מקלות שוקולד אגוזים42גר,Unknown,0.00,Unknown,false,1,5.50,0.0000,true,1,8420
7290105364289,false,חטיף כיף כף מקלות שו,,,חטיף כיף כף מקלות שוקולד פצפוצים42גר,Unknown,0.00,Unknown,false,1,5.50,0.0000,true,1,8421
7290105364302,false,חטיף כיף כף מקלות שו,,,חטיף כיף כף מקלות שוקולד אגוז 42גר,Unknown,0.00,Unknown,false,1,5.50,0.0000,true,1,8419
7290105364678,false,משקה דנונה אקטיביה א,,,משקה דנונה אקטיביה אפרסק 250 מל,מיליליטרים,250.00,"100 מ""ל",false,1,5.40,2.1600,true,1,7265
7290105364883,false,ביסקויט עד חצות שוקו,,,ביסקויט עד חצות שוקולד לבן 200 גר,גרמים,200.00,100 גרם,false,1,12.90,6.4500,true,1,8032
7290105366023,false,סלט חציל בטעם כבד 40,,,סלט חציל בטעם כבד 400 גר אחלה,גרמים,400.00,100 גרם,false,1,13.90,3.4750,true,1,7426
7290105366054,false,סלט טחינה לבנה ופטרו,,,סלט טחינה לבנה ופטרוזיליה 400 גר,גרמים,400.00,100 גרם,false,1,13.90,3.4750,true,1,7512
7290105366993,false,גב.סימפוניה פלפל שיפ,,,גב.סימפוניה פלפל שיפקה חריף  200 גרם,גרמים,200.00,100 גרם,false,1,10.90,5.4500,true,1,9650
7290105368225,false,סלט חומוס עם פלפל שי,,,סלט חומוס עם פלפל שיפקה 400 גר אחלה,גרמים,400.00,100 גרם,false,1,9.90,2.4750,true,1,8166
7290105368294,false,שום ישראלי קלוף 120,,,שום ישראלי קלוף 120 גרם אחלה,גרמים,120.00,100 גרם,false,1,10.90,9.0833,true,1,11487
7290105368331,false,מעדן מילקי תות 133 ג,,,מעדן מילקי תות 133 גרם,גרמים,133.00,100 גרם,false,1,2.90,2.1805,true,1,8114
7290105368904,false,שמנת מתוקה 32% 241 מ,,,שמנת מתוקה 32% 241 מל,מיליליטרים,241.00,"100 מ""ל",false,24,7.90,3.2780,true,1,8332
7290105368928,false,שמנת חמוצה 9% 200מל,,,שמנת חמוצה 9% 200מל,מיליליטרים,200.00,"100 מ""ל",false,1,3.20,1.6000,true,1,7992
7290105368959,false,פונץ בננה יוטבתה פקק,,,פונץ בננה יוטבתה פקק 250 מל,מיליליטרים,250.00,"100 מ""ל",false,1,4.90,1.9600,true,1,7990
7290105369130,false,גב.סימפוניה 5% בצל י,,,גב.סימפוניה 5% בצל ירוק 200 ג,גרמים,200.00,100 גרם,false,1,10.90,5.4500,true,1,8595
7290105369147,false,שוקולד ספלנדיד פירות,,,שוקולד ספלנדיד פירות יער 100 גר,גרמים,100.00,100 גרם,false,1,10.90,10.9000,true,1,33183
7290105369451,false,חטיף ציטוס דולפינים,STRAUSS-ISRAEL,,חטיף ציטוס דולפינים 55 גר,Unknown,0.00,Unknown,false,1,3.60,0.0000,true,1,7642
7290105430458,false,אלסבון פלמוליב משאבה,CP - Turkey+60,,אלסבון פלמוליב משאבה שקדים 750 מל,מיליליטרים,750.00,"100 מ""ל",false,1,16.90,2.2533,true,1,8994
7290105431516,false,חטיף פרי תמרים בוטני,FREE,,חטיף פרי תמרים בוטנים 5 יח 125 גר,גרמים,125.00,100 גרם,false,1,16.90,13.5200,true,1,8700
7290105431868,false,אלסבון פלמוליב ספא ק,CP - Turkey+60,,אלסבון פלמוליב ספא קוקוס גרגרים 500 מל,מיליליטרים,500.00,"100 מ""ל",false,1,14.90,2.9800,true,1,9631
7290105434029,false,דאו.ספיד סטיק ספריי,Colgate - Mexico,,דאו.ספיד סטיק ספריי נוטרו 165 מל,מיליליטרים,165.00,"100 מ""ל",false,1,14.90,9.0303,true,1,10786
7290105434050,false,דאו.ספיד סטיק ירוק ר,,,דאו.ספיד סטיק ירוק רגולר לגבר 85 גרם,גרמים,85.00,100 גרם,false,1,21.90,25.7647,true,1,11836
7290105434067,false,דאו.ספיד סטיק כחול א,,,דאו.ספיד סטיק כחול אושיין סרף לגבר 85גרם,גרמים,85.00,100 גרם,false,1,21.90,25.7647,true,1,11837
7290105436382,false,מארז חטיף פריי תמר ק,FREE,,מארז חטיף פריי תמר קשיו 125יח,גרמים,125.00,100 גרם,false,1,16.90,13.5200,true,1,10298
7290105438539,false,נייר אפיה קוקי 40 יח,OPAL,,נייר אפיה קוקי 40 יח,יחידה,40.00,יחידה,false,1,9.90,0.2475,true,1,10794
7290105438546,false,נייר אפיה קוקי אקולו,OPAL,,נייר אפיה קוקי אקולוגי 40 יח,יחידה,40.00,יחידה,false,1,10.90,0.2725,true,1,10795
7290105439499,false,מיונז הולנדי מאסטר ש,רמייה,,מיונז הולנדי מאסטר שף 481 גרם,גרמים,481.00,100 גרם,false,1,11.90,2.4740,true,1,12672
7290105439505,false,מיונז הולנדי לייט מא,רמייה,,מיונז הולנדי לייט מאסטר שף 497 גרם,גרמים,497.00,100 גרם,false,1,11.90,2.3944,true,1,13848
7290105439581,false,חרדל דיזון צרפתי מאס,COVINOR,,חרדל דיזון צרפתי מאסטר 370 גרם,Unknown,0.00,Unknown,false,1,11.90,0.0000,true,1,12673
7290105474049,false,מעדן לה קט מוס עוף 1,לה קט,,מעדן לה קט מוס עוף 155גר,גרמים,155.00,100 גרם,false,1,6.10,3.9355,true,1,10195
7290105474063,false,מעדן לה קט מוס כבד 1,לה קט,,מעדן לה קט מוס כבד 155גר,גרמים,155.00,100 גרם,false,1,6.10,3.9355,true,1,10198
7290105474124,false,מזון כלבים בונזו בשר,בונזו,,מזון כלבים בונזו בשר 12 קג  מחולק,קילוגרמים,12.00,"ק""ג",false,1,115.00,9.5833,true,1,9618
7290105479679,false,מזון כלבים בונזו בקר,בונזו,,מזון כלבים בונזו בקר וכבד 12 קג  מחולק,קילוגרמים,12.00,"ק""ג",false,1,115.00,9.5833,true,1,18777
7290105500151,false,וודקה פינלנדיה 700 מ,בראון פורמן,FI,וודקה פינלנדיה 700 מל פקדון,מיליליטרים,700.00,"100 מ""ל",false,6,65.00,9.2857,true,1,8221
7290105500236,false,וויסקי גק דניאלס 700,בראון פורמן,US,וויסקי גק דניאלס 700 מל פקדון,מיליליטרים,700.00,"100 מ""ל",false,6,110.00,15.7143,true,1,8536
7290105500632,false,וויסקי להפרויג קווטר,,,וויסקי להפרויג קווטר קאסק 700 מל פקדון,מיליליטרים,700.00,"100 מ""ל",false,1,315.00,45.0000,true,1,9334
7290105500748,false,וויסקי פיימוס גראוס,,,וויסקי פיימוס גראוס 700 מל פקדון,מיליליטרים,700.00,"100 מ""ל",false,1,85.00,12.1429,true,1,9330
7290105500953,false,וויסקי גק דניאלס דבש,,,וויסקי גק דניאלס דבש 700 מל פקדון,מיליליטרים,70000.00,"100 מ""ל",false,1,110.00,0.1571,true,1,9919
7290105500984,false,בוכא בוקובזה כשר 700,,,בוכא בוקובזה כשר 700 מל,מיליליטרים,70000.00,"100 מ""ל",false,1,139.00,0.1986,true,1,10060
7290105501103,false,מארז וויסקי גק דניאל,בראון פורמן,US,מארז וויסקי גק דניאלס +כוס 700 מל,מיליליטרים,700.00,"100 מ""ל",false,6,110.00,15.7143,true,1,13970
7290105501547,false,ומארז ודקה גריי גוס,בקרדי מרטיני,,ומארז ודקה גריי גוס + כוס מתכת 700 מל,מיליליטרים,700.00,"100 מ""ל",false,6,119.00,17.0000,true,1,39727
7290105691224,false,חטיפי פריכונים טורטי,פרח תעשיות,,חטיפי פריכונים טורטיה שום ובצל 60 גר,גרמים,60.00,100 גרם,false,1,6.90,11.5000,true,1,7591
7290105691248,false,חטיפי פריכונים טורטי,פרח תעשיות,,חטיפי פריכונים טורטיה תירס 60 גר,גרמים,60.00,100 גרם,false,1,6.90,11.5000,true,1,7590
7290105691897,false,קוסקוס אסם חיטה מלאה,קוסקוס,,קוסקוס אסם חיטה מלאה 350 גר,גרמים,350.00,100 גרם,false,1,7.90,2.2571,true,1,7963
7290105691934,false,קמח שמרים אסם 1 קג,תחנת קמח המפרץ,,קמח שמרים אסם 1 קג,קילוגרמים,1.00,"ק""ג",false,1,9.90,9.9000,true,1,8308
7290105692474,false,עוגת בראוניס קוקוס כ,"אסם תעשיות בע""מ",,עוגת בראוניס קוקוס כשלפ 430 ג,גרמים,430.00,100 גרם,false,1,12.90,3.0000,true,1,7870
7290105692498,false,עוגת בראוניס כשלפ 43,"אסם תעשיות בע""מ",,עוגת בראוניס כשלפ 430 ג,גרמים,430.00,100 גרם,false,1,12.90,3.0000,true,1,7869
7290105692511,false,עוגת שיש כשלפ 350 ג,"אסם תעשיות בע""מ",,עוגת שיש כשלפ 350 ג,גרמים,350.00,100 גרם,false,1,11.90,3.4000,true,1,7872
7290105692771,false,תערובת להכנת לחמניות,"אסם תעשיות בע""מ",,תערובת להכנת לחמניות לפסח 200 גר,גרמים,200.00,100 גרם,false,1,9.90,4.9500,true,1,7881
7290105693341,false,מארז 10 יח חטיף במבה,"אסם תעשיות בע""מ",,מארז 10 יח חטיף במבה 25 גר,גרמים,250.00,100 גרם,false,1,15.90,6.3600,true,1,9676
7290105693457,false,עוגת הבית  דמקה שוקו,"אסם תעשיות בע""מ",,עוגת הבית  דמקה שוקו וניל 320 גר,גרמים,320.00,100 גרם,false,1,12.90,4.0313,true,1,8058
7290105693952,false,פירורית זהב שומשום 2,עינת,,פירורית זהב שומשום 200 גרם,גרמים,200.00,100 גרם,false,1,5.90,2.9500,true,1,8106
7290105694614,false,פסטה אסם ספגטי  מהיר,זארה,,ספגטי אוסם מהיר הכנה 500 גר,גרמים,500.00,100 גרם,false,1,6.90,1.3800,true,1,8201
7290105694928,false,אבקת מרק בצל ר.טבעיי,"אסם תעשיות בע""מ",,אבקת מרק בצל ר.טבעיים 220 גר,גרמים,220.00,100 גרם,false,1,13.90,6.3182,true,1,8350
7290105695024,false,פתיתים אפויים אוסם א,"אסם תעשיות בע""מ",,פתיתים אפויים אוסם אורז איטריות 500 גר,גרמים,500.00,100 גרם,false,1,7.90,1.5800,true,1,8467
7290105695321,false,עוגת בראוניס פאדג 38,"אסם תעשיות בע""מ",,עוגת בראוניס פאדג 380 גר שמו,גרמים,380.00,100 גרם,false,1,16.90,4.4474,true,1,8155
7290105962331,false,סחוג אחלה זהבי חריף,,,סחוג אחלה זהבי חריף מאוד 220 גר,גרמים,220.00,100 גרם,false,1,13.50,6.1364,true,1,8036
7290105962980,false,סלט כרוב  אדום אחלה,,,סלט כרוב  אדום אחלה 400 גרם,גרמים,400.00,100 גרם,false,1,10.90,2.7250,true,1,8117
7290105962997,false,סלט חצילים במיונז אח,,,סלט חצילים במיונז אחלה 400ג ותוספת 100ג,גרמים,400.00,100 גרם,false,1,10.90,2.7250,true,1,8116
7290105963000,false,סלט מטבוחה אחלה 400ג,,,סלט מטבוחה אחלה 400גר,גרמים,400.00,100 גרם,false,1,10.90,2.7250,true,1,8115
7290105963864,false,חזרת אחלה 220 גרם,,,חזרת אחלה 220 גרם,גרמים,220.00,100 גרם,false,1,12.90,5.8636,true,1,8312
7290105964564,false,סלט חומוס אחלה 400גר,שטראוס,,סלט חומוס אחלה 400גרם,גרמים,400.00,100 גרם,false,1,7.90,1.9750,true,1,8118
7290105965493,false,שוקולד ספלנדיד מוס ש,,,שוקולד ספלנדיד מוס שוקולד100 גר,גרמים,100.00,100 גרם,false,1,10.90,10.9000,true,1,11811
7290105965516,false,שוקולד ספלנדיד מוס א,,,שוקולד ספלנדיד מוס אספרסו 100 גר,גרמים,100.00,100 גרם,false,1,10.90,10.9000,true,1,11809
7290105965738,false,משקה דנונה תות בננה,,,משקה דנונה תות בננה 267 גר,גרמים,267.00,100 גרם,false,1,5.40,2.0225,true,1,9977
7290105966469,false,חומץ בלסמי ממודנה 25,,,חומץ בלסמי ממודנה 250 מל יד מרדכי,מיליליטרים,250.00,"100 מ""ל",false,1,13.90,5.5600,true,1,8635
7290105968098,false,סלט קולסלאו 500 גר,שטראוס,,סלט קולסלאו 500 גר,גרמים,500.00,100 גרם,false,1,13.90,2.7800,true,1,8384
7290105968654,false,רביולי בטטה 400 גר,שטראוס,,רביולי בטטה 400 גר,גרמים,400.00,100 גרם,false,1,18.90,4.7250,true,1,8383
7290105968777,false,פרכיות אנרגי שוקולד,,,פרכיות אנרגי שוקולד מריר70 גר,גרמים,70.00,100 גרם,false,1,7.90,11.2857,true,1,8936
7290106398078,false,שטיח ירוק למקרר,,,שטיח ירוק למקרר,Unknown,0.00,Unknown,false,1,14.90,0.0000,true,1,10205
7290106520066,false,גלילי ופל רבע לשבע 1,,,גלילי ופל רבע לשבע 160 גר,גרמים,160.00,100 גרם,false,1,11.90,7.4375,true,1,8422
7290106520288,false,דנונה וואו תות 150גר,שטראוס,,דנונה וואו תות 150גרם 2.4% שומן,גרמים,150.00,100 גרם,false,1,4.90,3.2667,true,1,12540
7290106520905,false,סלט טורקי 400 גר,,,סלט טורקי 400 גר,גרמים,400.00,100 גרם,false,1,13.90,3.4750,true,1,8625
7290106520912,false,שמנת לבישול מפוסטרת,,,שמנת לבישול מפוסטרת 9% 250מל יטבתה,גרמים,250.00,100 גרם,false,1,8.90,3.5600,true,1,8982
7290106521049,false,סלט קוביות סלק 400גר,,,סלט קוביות סלק 400גר אחלה ט.השוק,גרמים,400.00,100 גרם,false,1,13.90,3.4750,true,1,9426
7290106521650,false,מארז 4 יח וופל טעמי,,,מאגדת 4 יח וופל טעמי 160 גר,גרמים,160.00,100 גרם,false,1,12.90,8.0625,true,1,8841
7290106521926,false,קפה טורקי 150 ג עלית,,,קפה טורקי 150 ג עלית,גרמים,150.00,100 גרם,false,1,10.90,7.2667,true,1,25352
7290106524439,false,חטיף תפוציפס פופס 60,STRAUSS-ISRAEL,,חטיף תפוציפס פופס 60 גר,Unknown,0.00,Unknown,false,1,4.00,0.0000,true,1,16281
7290106525320,false,שוקולית לאפיה 500 גר,,,שוקולית לאפיה 500 גר,גרמים,500.00,100 גרם,false,1,14.90,2.9800,true,1,10141
7290106525368,false,גלילי וופל רבע לשבע,,,גלילי וופל רבע לשבע אין סייד אוט 125 גר,גרמים,125.00,100 גרם,false,1,11.90,9.5200,true,1,31085
7290106525399,false,קפסולות אספרסו 6 ברז,,,קפסולות אספרסו 6 ברזיל 10 יח,יחידה,10.00,יחידה,false,1,16.50,1.6500,true,1,13061
7290106525405,false,קפסולות אספרסו נטול,,,קפסולות אספרסו נטול קפאין 10 יח,יחידה,10.00,יחידה,false,1,16.50,1.6500,true,1,10320
7290106526822,false,פרכיות אנרגי שוקולד,,,פרכיות אנרגי שוקולד חלב80 גר,Unknown,0.00,Unknown,false,1,7.90,0.0000,true,1,9877
7290106528567,false,חטיף דוריטוס גריל 18,STRAUSS-ISRAEL,,חטיף דוריטוס גריל 185 גר,גרמים,185.00,100 גרם,false,1,8.00,4.3243,true,1,12758
7290106528628,false,חטיף דוריטוס דיפאס,STRAUSS-ISRAEL,,חטיף דוריטוס טבעי 185 גר,גרמים,185.00,100 גרם,false,1,8.00,4.3243,true,1,12759
7290106528949,false,לקט לסלט ערוגות 450,,,לקט לסלט ערוגות 450 גרם,גרמים,450.00,100 גרם,false,1,13.00,2.8889,true,1,10193
7290106570153,false,תערובת להכנת לטקס כש,"אסם תעשיות בע""מ",,תערובת להכנת לטקס כשלפ 170 גר,גרמים,170.00,100 גרם,false,1,10.90,6.4118,true,1,8573
7290106571037,false,מאגדת שלגון גומי גם,גלידות נסטלה,,מאגדת שלגון גומי גם 5יח,יחידה,5.00,יחידה,false,1,29.90,5.9800,true,1,8576
7290106571921,false,עוגיות פיטנס חמוציות,"אסם תעשיות בע""מ",,עוגיות פיטנס חמוציות 180 גר,גרמים,180.00,100 גרם,false,1,10.90,6.0556,true,1,10169
7290106572027,false,לחמית חמישה דגנים 19,"אסם תעשיות בע""מ",,לחמית חמישה דגנים 190 גר,גרמים,190.00,100 גרם,false,1,7.90,4.1579,true,1,8466
7290106572065,false,חטיפי פריכונים טורטי,פרח תעשיות,,חטיפי פריכונים טורטיה חמוץ מתוק 60 גר,גרמים,60.00,100 גרם,false,1,6.90,11.5000,true,1,8465
7290106572614,false,חטיף תפוא דובונים  פ,"אסם תעשיות בע""מ",,חטיף תפוא דובונים  פיצה 40 גר,Unknown,0.00,Unknown,false,1,4.30,0.0000,true,1,8979
7290106572959,false,מארז חטיף אפרופו קלא,"אסם תעשיות בע""מ",,מארז חטיף אפרופו קלאסי 25 גר 5 יח,גרמים,125.00,100 גרם,false,1,11.90,9.5200,true,1,8783
7290106572997,false,קמח שמרים לפיצה אסם,תחנת קמח המפרץ,,קמח שמרים לפיצה אסם 1 קג,קילוגרמים,1.00,"ק""ג",false,1,9.90,9.9000,true,1,8715
7290106573024,false,סירופ דיאט אננס 1 ל,בית השיטה,,סירופ דיאט אננס 1 ל צבעים טבעיים,ליטרים,1.00,ליטר,false,1,16.90,16.9000,true,1,8915
7290106573086,false,זוג קוסקוס אמיתי בשק,קוסקוס,,זוג קוסקוס אמיתי בשקית 350 גרם,גרמים,700.00,100 גרם,false,1,9.90,1.4143,true,1,9244
7290106573277,false,חטיפי קרקר טאפאס זית,"אסם תעשיות בע""מ",,חטיפי קרקר טאפאס זיתים150גר,גרמים,150.00,100 גרם,false,1,12.90,8.6000,true,1,9518
7290106573314,false,חטיפי קרקר טאפאס כפר,"אסם תעשיות בע""מ",,חטיפי קרקר טאפאס כפרי 150גר,גרמים,150.00,100 גרם,false,1,12.90,8.6000,true,1,9520
7290106573574,false,סלט חומוס ירושלמי צב,צבר,,סלט חומוס ירושלמי צבר 400 גר,גרמים,400.00,100 גרם,false,1,10.90,2.7250,true,1,9014
7290106573628,false,סלט חומוס עם טחינה צ,צבר,,סלט חומוס עם טחינה צבר 400 גר,גרמים,400.00,100 גרם,false,1,10.90,2.7250,true,1,9013
7290106573642,false,סלט חומוס עם צנובר צ,צבר,,סלט חומוס עם צנובר צבר 400 גר,גרמים,400.00,100 גרם,false,1,10.90,2.7250,true,1,9012
7290106573819,false,סלט חומוס אבו גוש צב,צבר,,סלט חומוס אבו גוש צבר 400 גר,גרמים,400.00,100 גרם,false,1,10.90,2.7250,true,1,9016
7290106574953,false,בייגלה שטוחים שומשום,"אסם תעשיות בע""מ",,בייגלה שטוחים שומשום 300 גר,גרמים,300.00,100 גרם,false,1,10.90,3.6333,true,1,9145
7290106574977,false,בייגלה שטוחים מלח 30,"אסם תעשיות בע""מ",,בייגלה שטוחים מלח 300 גר,גרמים,300.00,100 גרם,false,1,10.90,3.6333,true,1,9144
7290106575431,false,עוגת הבית סופלה שוקו,"אסם תעשיות בע""מ",,עוגת הבית סופלה שוקו וניל 340 גר,גרמים,340.00,100 גרם,false,1,14.00,4.1176,true,1,9517
7290106575943,false,אבקה להכנת כופתאות ק,"אסם תעשיות בע""מ",,אבקה להכנת כופתאות קניידלך 140 גר,גרמים,140.00,100 גרם,false,1,9.90,7.0714,true,1,9746
7290106576513,false,סלט חומוס עגול צבר,צבר,,סלט חומוס עגול צבר  400 גר,גרמים,400.00,100 גרם,false,1,9.90,2.4750,true,1,9896
7290106576537,false,סלט חומוס מסעדות צבר,צבר,,סלט חומוס מסעדות צבר  700גר,גרמים,700.00,100 גרם,false,1,10.90,1.5571,true,1,9424
7290106576810,false,גל. לה קרמריה ריבת ח,גלידות נסטלה,,גל. לה קרמריה ריבת חלב 1.4 ליטר,מיליליטרים,1400.00,"100 מ""ל",false,1,18.90,1.3500,true,1,9864
7290106576834,false,גל. לה קרמריה פונטש,גלידות נסטלה,,גל. לה קרמריה פונטש בננה 1.4 ליטר,מיליליטרים,1400.00,"100 מ""ל",false,1,18.90,1.3500,true,1,9869
7290106576858,false,גל. לה קרמריה תותים,גלידות נסטלה,,גל. לה קרמריה תותים שמנת 1.4 ליטר,מיליליטרים,1400.00,"100 מ""ל",false,1,18.90,1.3500,true,1,9868
7290106576919,false,גל. לה קרמריה סורבה,גלידות נסטלה,,גל. לה קרמריה סורבה תות לימון 1.4 ליטר,מיליליטרים,1400.00,"100 מ""ל",false,1,18.90,1.3500,true,1,9867
7290106576957,false,גל. לה קרמריה שוקו ו,גלידות נסטלה,,גל. לה קרמריה שוקו וניל פליק פרווה 1.4ל,מיליליטרים,1400.00,"100 מ""ל",false,1,18.90,1.3500,true,1,9870
7290106576995,false,גל. לה קרמריה סורבה,גלידות נסטלה,,גל. לה קרמריה סורבה תות מנגו 1.4 ליטר,מיליליטרים,1400.00,"100 מ""ל",false,1,18.90,1.3500,true,1,9976
7290106577039,false,גל. לה קרמריה וניל ש,גלידות נסטלה,,גל. לה קרמריה וניל שוקו פליק 1.4 ליטר,מיליליטרים,1400.00,"100 מ""ל",false,1,18.90,1.3500,true,1,9866
7290106577282,false,סלט טחינה מרובע צבר,צבר,,סלט טחינה מרובע צבר 400 גר,גרמים,400.00,100 גרם,false,1,10.90,2.7250,true,1,9530
7290106577480,false,סלט חציל על האש בטחי,צבר,,סלט חציל על האש בטחינה  צבר מרובע 400גר,גרמים,400.00,100 גרם,false,1,10.90,2.7250,true,1,9531
7290106577527,false,סלט קולסלו  צבר מרוב,צבר,,סלט קולסלו  צבר מרובע 400גר,גרמים,400.00,100 גרם,false,1,10.90,2.7250,true,1,9535
7290106577541,false,סלט כרוב אדום צבר  מ,צבר,,סלט כרוב אדום צבר  מרובע 400גר,גרמים,400.00,100 גרם,false,1,10.90,2.7250,true,1,9534
7290106577572,false,סלט מטבוחה צבר מרובע,צבר,,סלט מטבוחה צבר מרובע 400גר,גרמים,400.00,100 גרם,false,1,10.90,2.7250,true,1,9529
7290106578692,false,חטיף מיקס במבה וביסל,"אסם תעשיות בע""מ",,חטיף מיקס במבה וביסלי 80 גר,גרמים,80.00,100 גרם,false,1,4.50,5.6250,true,1,10129
7290106578821,false,עוגת שמרים שוקולד קל,"אסם תעשיות בע""מ",,עוגת שמרים שוקולד קלאסית350גר,גרמים,350.00,100 גרם,false,1,15.90,4.5429,true,1,9848
7290106651265,false,מארז 3 יח פסק זמן קל,,,מאגדת 3 יח וופל פסק זמן קלאסי135גר,גרמים,135.00,100 גרם,false,1,12.90,9.5556,true,1,24513
7290106653689,false,לקט לסלט אסייתי 350,שטראוס,,לקט לסלט אסייתי 350 גרם,גרמים,350.00,100 גרם,false,1,10.90,3.1143,true,1,14456
7290106654099,false,מארז עוגות מילקי שמי,שטראוס,,מארז עוגות מילקי שמינייה אישית 34 גרם,גרמים,272.00,100 גרם,false,1,17.90,6.5809,true,1,12539
7290106656512,false,ופלות טורטית 360 גר,,,בפלות טורטית 360 גרם,גרמים,360.00,100 גרם,false,1,15.90,4.4167,true,1,10615
7290106660410,false,פסטה רביולי תרד וגבי,שטראוס,,פסטה רביולי תרד וגבינה 400גר,גרמים,400.00,100 גרם,false,1,18.90,4.7250,true,1,10513
7290106660649,false,חטיף ציטוס קראנץ בוט,STRAUSS-ISRAEL,,חטיף ציטוס בוטנים 80 גר,Unknown,0.00,Unknown,false,1,4.50,0.0000,true,1,14670
7290106662025,false,חטיף תפוציפס מלח פלפ,STRAUSS-ISRAEL,,חטיף תפוציפס מלח פלפל  50 גרם,Unknown,0.00,Unknown,false,1,4.00,0.0000,true,1,13332
7290106662964,false,סוכריות גומי יין 100,,,סוכריות גומי יין 100 גרם,גרמים,100.00,100 גרם,false,1,4.90,4.9000,true,1,11502
7290106663091,false,לאבנה 9% 500 גרם,שטראוס,,לאבנה 9% 500 גרם,גרמים,50000.00,100 גרם,false,1,17.90,0.0358,true,1,12252
7290106663503,false,קונפיטורה לייט תות י,,,קונפיטורה לייט תות יד מרדכי 230 גר,גרמים,230.00,100 גרם,false,1,12.90,5.6087,true,1,10694
7290106663558,false,רוטב טריאקי יד מרדכי,,,רוטב טריאקי רימון יד מרדכי 280 מל,גרמים,320.00,100 גרם,false,1,12.90,4.0313,true,1,11643
7290106664067,false,לאבנה שמן זית וזעתר,שטראוס,,לאבנה שמן זית וזעתר 10% 400 גרם,גרמים,40000.00,100 גרם,false,1,14.90,0.0373,true,1,12251
7290106664555,false,רוטב שמנת עם עגבניות,,,רוטב שמנת עם עגבניות 9% יטבתה 250 מל,מיליליטרים,250.00,"100 מ""ל",false,1,10.00,4.0000,true,1,11980
7290106664562,false,רוטב שמנת פטריות 9%,,,רוטב שמנת פטריות 9% יטבתה 250 מל,מיליליטרים,250.00,"100 מ""ל",false,1,10.00,4.0000,true,1,11157
7290106665491,false,חטיף פסק זמן קלאסי 4,,,חטיף פסק זמן קלאסי 43גר,Unknown,0.00,Unknown,false,1,6.00,0.0000,true,1,10915
7290106666788,false,סוכריות ממולאות טעם,,,סוכריות ממולאות טעם דבש 80 גר,Unknown,0.00,Unknown,false,1,5.90,0.0000,true,1,11504
7290106667266,false,חטיף דוריטוס חמוץ חר,STRAUSS-ISRAEL,,חטיף דוריטוס חמוץ חריף 185 גר,גרמים,185.00,100 גרם,false,1,8.00,4.3243,true,1,12757
7290106668133,false,אבקת שוקולית 400 גר,,,אבקת שוקולית 400 גר שקית,גרמים,400.00,100 גרם,false,1,11.90,2.9750,true,1,13288
7290106668577,false,מיץ לימון טבעי יד מר,,,מיץ לימון טבעי יד מרדכי 250 מל,מיליליטרים,250.00,"100 מ""ל",false,1,7.90,3.1600,true,1,11640
7290106668713,false,דנונה פרי 3% פירות י,יוניליוור,,דנונה פרי 3% פירות יער 150 גר,גרמים,150.00,100 גרם,false,1,3.70,2.4667,true,1,11588
7290106669857,false,קפסולות אספרסו וניל,,,קפסולות אספרסו וניל 10 יח,יחידה,10.00,יחידה,false,1,16.50,1.6500,true,1,14517
7290106720626,false,חטיף ציטוס קראנץ גבי,STRAUSS-ISRAEL,,חטיף ציטוס גבינה 80 גר,Unknown,0.00,Unknown,false,1,4.50,0.0000,true,1,14669
7290106721807,false,סלט חציל פיקנטי 400,,,סלט חציל פיקנטי 400 גרם,גרמים,400.00,100 גרם,false,1,10.90,2.7250,true,1,10512
7290106721913,false,מסטיק מאסט פפרמינט צ,,,מסטיק מאסט פפרמינט ציקלס 66 גר,Unknown,0.00,Unknown,false,1,8.90,0.0000,true,1,11507
7290106721920,false,מסטיק מאסט ספירמנט צ,,,מסטיק מאסט ספירמנט ציקלס 66 גר,Unknown,0.00,Unknown,false,1,8.90,0.0000,true,1,11506
7290106723689,false,עלי תרד בייבי 200 גר,,,עלי תרד בייבי 200 גרם,גרמים,200.00,100 גרם,false,1,10.00,5.0000,true,1,10704
7290106724419,false,ביסקויט חיוכים וניל,,,ביסקויט חיוכים וניל 150 גר,גרמים,150.00,100 גרם,false,1,5.50,3.6667,true,1,11096
7290106725966,false,מטבעות שוקולדחלב ברש,,,מטבעות שוקולדחלב ברשת 42 גר,גרמים,60.00,100 גרם,false,1,5.00,8.3333,true,1,12057
7290106726161,false,דנונה וואו אפרסק 150,שטראוס,,דנונה וואו אפרסק 150 גרם 2.4% שומן,גרמים,150.00,100 גרם,false,1,4.90,3.2667,true,1,12260
7290106726178,false,דנונה וואו פירות יער,שטראוס,,דנונה וואו פירות יער 150 גרם 2.4% שומן,גרמים,150.00,100 גרם,false,1,4.90,3.2667,true,1,12258
7290106727984,false,חטיף כיף כף פצפצים13,,,חטיף כיף כף פצפצים135 גרם,גרמים,135.00,100 גרם,false,1,8.90,6.5926,true,1,13515
7290106728127,false,חלב טבעי 1 ליטר 3.6%,שטראוס,,חלב טבעי 1 ליטר 3.6% בקבוק,ליטרים,1.00,ליטר,false,1,7.90,7.9000,true,1,12265
7290106729650,false,מארז 8יח דנונה תות 3,שטראוס,,מארז 8יח דנונה תות 3% 150 גרם,גרמים,1200.00,100 גרם,false,1,22.90,1.9083,true,1,12915
7290106772472,false,ממרח קקאו אגוזי לוז,"אלמונדס בע""מ",IL,ממרח קקאו אגוזי לוז בלגה 350 גרם,גרמים,300.00,100 גרם,false,12,13.90,4.6333,true,1,20978
7290106774001,false,שקד מולבן טחון אלמנד,"אלמונדס בע""מ",IL,שקד מולבן טחון אלמנדוס 400 גרם,גרמים,400.00,100 גרם,false,1,36.90,9.2250,true,1,25796
7290106774018,false,אבקת קקאו אלמנדוס 40,"אלמונדס בע""מ",IL,אבקת קקאו אלמנדוס 400 גרם,גרמים,400.00,100 גרם,false,1,34.90,8.7250,true,1,25797
7290106774049,false,חמאת קקאו אלמנדוס 30,"אלמונדס בע""מ",IL,חמאת קקאו אלמנדוס 300 גרם,גרמים,300.00,100 גרם,false,1,34.90,11.6333,true,1,25798
7290106774094,false,פייטה שבבי ופל מקורמ,"אלמונדס בע""מ",IL,פייטה שבבי ופל מקורמל אלמנדוס 90 גרם,Unknown,0.00,Unknown,false,1,19.90,0.0000,true,1,25803
7290106774124,false,שבבי שוקולד מריר אלמ,"אלמונדס בע""מ",IL,שבבי שוקולד מריר אלמנדוס 110 גרם,גרמים,110.00,100 גרם,false,1,19.90,18.0909,true,1,25805
7290106774131,false,שבבי שוקולד חלב אלמנ,"אלמונדס בע""מ",IL,שבבי שוקולד חלב אלמנדוס 110 גרם,גרמים,110.00,100 גרם,false,1,19.90,18.0909,true,1,25806
7290106774148,false,שבבי שוקולד לבן אלמנ,"אלמונדס בע""מ",IL,שבבי שוקולד לבן אלמנדוס 110 גרם,גרמים,110.00,100 גרם,false,1,19.90,18.0909,true,1,25807
7290106774162,false,שוקולד זברה אלמנדוס,"אלמונדס בע""מ",IL,שוקולד זברה אלמנדוס 90גרם,Unknown,0.00,Unknown,false,1,22.90,0.0000,true,1,25808
7290106774179,false,תלתלי שוקולד מעורב א,"אלמונדס בע""מ",IL,תלתלי שוקולד מעורב אלמנדוס 100גרם,גרמים,100.00,100 גרם,false,1,24.90,24.9000,true,1,25809
7290106774186,false,מיסטרל חלב לבן אלמנד,"אלמונדס בע""מ",IL,מיסטרל חלב לבן אלמנדוס 100גרם,גרמים,100.00,100 גרם,false,1,24.90,24.9000,true,1,25810
7290106774209,false,פניני קראנץ מריר אלמ,"אלמונדס בע""מ",IL,פניני קראנץ מריר אלמנדוס 140 גרם,גרמים,140.00,100 גרם,false,1,24.90,17.7857,true,1,25812
7290106774223,false,סוכריות מזרה שוקולד,"אלמונדס בע""מ",IL,סוכריות מזרה שוקולד אלמנדוס 230 גרם,גרמים,230.00,100 גרם,false,1,13.90,6.0435,true,1,25820
7290106774230,false,סוכריות מזרה צבעוני,"אלמונדס בע""מ",IL,סוכריות מזרה צבעוני אלמנדוס 230 גרם,גרמים,230.00,100 גרם,false,1,13.90,6.0435,true,1,25821
7290106774247,false,סוכר גבישי אלמנדוס 2,"אלמונדס בע""מ",IL,סוכר גבישי אלמנדוס 230 גרם,גרמים,230.00,100 גרם,false,1,19.90,8.6522,true,1,25822
7290106774254,false,סוכריות עדשים צבעוני,"אלמונדס בע""מ",IL,סוכריות עדשים צבעוני אלמנדוס 230 גרם,גרמים,230.00,100 גרם,false,1,18.90,8.2174,true,1,25823
7290106774278,false,שוקולד מריר 55% אלמנ,"אלמונדס בע""מ",IL,שוקולד מריר 55% אלמנדוס 500 גרם,גרמים,500.00,100 גרם,false,1,29.90,5.9800,true,1,25825
7290106774285,false,שוקולד מריר 60% אלמנ,"אלמונדס בע""מ",IL,שוקולד מריר 60% אלמנדוס 500 גרם,גרמים,500.00,100 גרם,false,1,39.90,7.9800,true,1,25826
7290106774292,false,שוקולד מריר 70% אלמנ,"אלמונדס בע""מ",IL,שוקולד מריר 70% אלמנדוס 500 גרם,גרמים,500.00,100 גרם,false,1,44.90,8.9800,true,1,25828
7290106774308,false,שוקולד  חלב לאפיה אל,"אלמונדס בע""מ",IL,שוקולד  חלב לאפיה אלמנדוס 500 גרם,גרמים,500.00,100 גרם,false,1,42.90,8.5800,true,1,25827
7290106774315,false,שוקולד לבן לאפיה אלמ,"אלמונדס בע""מ",IL,שוקולד לבן לאפיה אלמנדוס 500 גרם,גרמים,500.00,100 גרם,false,1,42.90,8.5800,true,1,25829
7290106774339,false,שוקולד ציפס מריר אלמ,"אלמונדס בע""מ",IL,שוקולד ציפס מריר אלמנדוס 500 גרם,גרמים,500.00,100 גרם,false,1,39.90,7.9800,true,1,25831
7290106775053,false,מחית נוגט אלמנדוס400,שקד תבור,,מחית נוגט אלמנדוס400 גרם,גרמים,400.00,100 גרם,false,1,24.90,6.2250,true,1,24965
7290106775091,false,מחית פיסטוק אלמנדוס,שקד תבור,,מחית פיסטוק אלמנדוס 200 גרם,גרמים,200.00,100 גרם,false,1,39.90,19.9500,true,1,25832
7290107020572,false,יין סנדרו בלנד 2017,,,יין סנדרו בלנד 2017 750 מל,מיליליטרים,750.00,"100 מ""ל",false,6,100.00,13.3333,true,1,23516
7290107021135,false,יין אלכסנדר רזרב ק.ס,,,יין אלכסנדר רזרב ק.סובניון 750 מל,מיליליטרים,750.00,"100 מ""ל",false,6,149.00,19.8667,true,1,32301
7290107021876,false,יין אלכסנדר רזרב גסט,,,יין אלכסנדר רזרב גסטו 750 מל,מיליליטרים,750.00,"100 מ""ל",false,6,149.00,19.8667,true,1,22628
7290107021883,false,יין אלכסנדר רוזה בלנ,,,יין אלכסנדר רוזה בלנד 750 מל,מיליליטרים,750.00,"100 מ""ל",false,6,149.00,19.8667,true,1,22627
7290107021890,false,יין אלכסנדר רזרב קבר,,,יין אלכסנדר רזרב קברנה פרנק 750 מל,מיליליטרים,750.00,"100 מ""ל",false,6,149.00,19.8667,true,1,22634
7290107021906,false,יין אלכסנדר רזרב שיר,,,יין אלכסנדר רזרב שיראז 750 מל,מיליליטרים,750.00,"100 מ""ל",false,6,149.00,19.8667,true,1,22631
7290107280020,false,מארז 3 יח מטליות לחו,,,מארז 3 יח מטליות לחות לניקוי סושי 150יח,יחידה,150.00,יחידה,false,1,21.90,0.1460,true,1,9311
7290107280037,false,מטליות לחות לניקוי כ,,,מטליות לחות לניקוי כללי סנו סושי 50יח,יחידה,50.00,יחידה,false,1,10.90,0.2180,true,1,9310
7290107280068,false,תבניות אלומיניום א.,,,תבניות אלומיניום א. לארג 2 יח סנו סושי,יחידה,2.00,יחידה,false,1,10.90,5.4500,true,1,9776
7290107280075,false,תבניות אלומיניום לאר,,,תבניות אלומיניום לארג 4 יח סנו סושי,יחידה,4.00,יחידה,false,1,10.90,2.7250,true,1,9774
7290107280082,false,תבניות אלומיניום אינ,,,תבניות אלומיניום אינגליש 7 יח סנו סושי,יחידה,7.00,יחידה,false,1,10.90,1.5571,true,1,9775
7290107280099,false,מארז 3 יח מגבוני טוא,,,מארז 3 יח מגבוני טואלט לחים סופט נשטפים,יחידה,144.00,יחידה,false,1,14.90,0.1035,true,1,10473
7290107280105,false,ממחטות אף סופט בקופס,,,ממחטות אף סופט בקופסה 120 יח,יחידה,120.00,יחידה,false,1,9.90,0.0825,true,1,10787
7290107280129,false,שקיות אשפה 20 יח סנו,,,שקיות אשפה 20 יח סנו סושי 78/90,יחידה,20.00,יחידה,false,1,25.90,1.2950,true,1,11082
7290107280341,false,מטליות סנו ריצפז פרש,,,מטליות סנו ריצפז פרש מלון מפנק 40*70 סמ,יחידה,10.00,יחידה,false,1,12.90,1.2900,true,1,22936
7290107280389,false,סנו גט לאמבט ה  750,,,סנו גט לאמבט ה  750 מל,מיליליטרים,750.00,"100 מ""ל",false,1,11.90,1.5867,true,1,9710
7290107280396,false,"סנו גט למטבח 750 מ""ל",,,"סנו גט למטבח 750 מ""ל",מיליליטרים,750.00,"100 מ""ל",false,1,11.90,1.5867,true,1,9580
7290107280402,false,סנו גט ניקוי כללי ור,,,סנו גט ניקוי כללי ורצפות 2 ליטר,ליטרים,2.00,ליטר,false,1,13.90,6.9500,true,1,9581
7290107280563,false,גל מסיר כתמים אוקסיג,,,גל מסיר כתמים אוקסיגן בייבי 3 ליטר,ליטרים,3.00,ליטר,false,1,29.90,9.9667,true,1,10596
7290107280570,false,גל כביסה מקסימה לכבס,,,גל כביסה מקסימה לכבס בלי להפריד 3 ליטר,ליטרים,3.00,ליטר,false,1,28.90,9.6333,true,1,10595
7290107280594,false,סבון אסלה סנובון דאב,סנו,,סבון אסלה סנובון דאבל אקשן לבנדר שלישייה,יחידה,3.00,יחידה,false,1,11.90,3.9667,true,1,11945
7290107280600,false,טבליות למדיח ספארק 1,סנו,,טבליות למדיח ספארק 100 טבליות,יחידה,100.00,יחידה,false,1,49.90,0.4990,true,1,16451
7290107280655,false,אבקת כביסה מקסימה בי,,,אבקת כביסה מקסימה בייבי 3.25 קג,קילוגרמים,3.25,"ק""ג",false,1,36.90,11.3538,true,1,10788
7290107280716,false,מלח למדיח סנו ספארק,,,מלח למדיח סנו ספארק 2 קג,קילוגרמים,2.00,"ק""ג",false,1,10.90,5.4500,true,1,11120
7290107280723,false,נוזל כלים סנו ספארק,,,נוזל כלים סנו ספארק לימון 700 מל,מיליליטרים,700.00,"100 מ""ל",false,1,7.90,1.1286,true,1,10864
7290107280730,false,נוזל כלים סנו ספארק,,,נוזל כלים סנו ספארק לבנדר 700 מל,מיליליטרים,700.00,"100 מ""ל",false,1,7.90,1.1286,true,1,10863
7290107280747,false,נוזל כלים סנו ספארק,,,נוזל כלים סנו ספארק קלאסי 700 מל,מיליליטרים,700.00,"100 מ""ל",false,1,7.90,1.1286,true,1,10865
7290107280754,false,נוזל כלים סנו ספארק,,,נוזל כלים סנו ספארק היפואלרגי 700 מל,מיליליטרים,700.00,"100 מ""ל",false,1,7.90,1.1286,true,1,10866
7290107280761,false,נוזל כלים סנו ספארק,,,נוזל כלים סנו ספארק לימון משאבה 1 ליטר,ליטרים,1.00,ליטר,false,1,10.90,10.9000,true,1,10867
7290107280822,false,נוזל ריצפז פרש הום,,,נוזל ריצפז פרש הום  2 ליטר ספא מרגיע סנו,ליטרים,2.00,ליטר,false,1,19.90,9.9500,true,1,11121
7290107463768,false,סט סכום דאלאס 24 חלק,,,סט סכום דאלאס 24 חלקים נירוסטה,יחידה,24.00,יחידה,false,1,99.90,4.1625,true,1,30396
7290107544481,false,קרם להסרת שיער אורנה,אלפא קוסמטיקה,,קרם להסרת שיער אורנה 19 80גר,Unknown,0.00,Unknown,false,1,14.90,0.0000,true,1,40104
7290107544504,false,קרם להסרת שיער אורנה,אלפא קוסמטיקה,,קרם להסרת שיער אורנה 19 לעור רגיש 80גר,Unknown,0.00,Unknown,false,1,14.90,0.0000,true,1,40103
7290107644488,false,בייגלה שמיניות 225 ג,יוניליוור,,בייגלה שמיניות 225 גרם בדצ,גרמים,225.00,100 גרם,false,1,6.90,3.0667,true,1,16134
7290107645584,false,מרק עוף קנור רכבים ט,יוניליוור,,מרק עוף קנור רכבים טבעיים 400 גר,גרמים,400.00,100 גרם,false,1,21.90,5.4750,true,1,16944
7290107645591,false,מרק טעם עוף קנור רכי,יוניליוור,,מרק טעם עוף קנור רכיבים טבעיים 400 ג,גרמים,400.00,100 גרם,false,1,15.90,3.9750,true,1,16945
7290107646062,false,מרק בצל קנור רכיבים,יוניליוור,,מרק בצל קנור רכיבים טבעיים  400 גר,גרמים,400.00,100 גרם,false,1,21.90,5.4750,true,1,16943
7290107646147,false,חטיף דגנים שוגי 6 יח,יוניליוור,,חטיף דגנים שוגי 6 יח 156 גרם,גרמים,156.00,100 גרם,false,1,12.90,8.2692,true,1,16938
7290107646154,false,חטיף דגנים קוקומן שו,יוניליוור,,חטיף דגנים קוקומן שוקו 6 יח 126 גרם,גרמים,126.00,100 גרם,false,1,12.90,10.2381,true,1,31544
7290107646376,false,מטליות לחות לניקוי כ,יוניליוור,,מטליות לחות לניקוי כללי 50יח,יחידה,50.00,יחידה,false,1,9.90,0.1980,true,1,14937
7290107646383,false,מטליות לחות לניקוי ר,יוניליוור,,מטליות לחות לניקוי רצפות 10יח,יחידה,10.00,יחידה,false,1,12.90,1.2900,true,1,14938
7290107646826,false,חטיף דגנים שוגי שוקו,יוניליוור,,חטיף דגנים שוגי שוקו 6 יח 156 גרם,גרמים,156.00,100 גרם,false,1,12.90,8.2692,true,1,16939
7290107646833,false,חטיף דגנים שוגי שוקו,יוניליוור,,חטיף דגנים שוגי שוקולד חלב 6 יח 138 גרם,גרמים,138.00,100 גרם,false,1,12.90,9.3478,true,1,16940
7290107646895,false,רוטב פסטה קנור נפולי,,,רוטב פסטה קנור נפוליטנה 415 גר,גרמים,415.00,100 גרם,false,1,9.90,2.3855,true,1,16044
7290107646918,false,רוטב קנור לשקשוקה415,,,רוטב שקשוקה קנור 415 גר,גרמים,415.00,100 גרם,false,1,9.90,2.3855,true,1,16045
7290107647359,false,סבון אסלה דומסטוס בנ,,,סבון אסלה דומסטוס בניחוח אוקינוס שלישייה,יחידה,3.00,יחידה,false,1,17.90,5.9667,true,1,16614
7290107647366,false,סבון אסלה דומסטוס בנ,,,סבון אסלה דומסטוס בניחוח ליים שלישייה,יחידה,3.00,יחידה,false,1,17.90,5.9667,true,1,16613
7290107647656,false,מאגדת מיני סולרו קוק,"גלידת שטראוס בע""מ",,מאגדת מיני סולרו קוקוס אננס 5 יח,יחידה,5.00,יחידה,false,1,22.90,4.5800,true,1,19448
7290107647748,false,דגני בוקר פיצי 500 ג,יוניליוור,,דגני בוקר פיצי 500 גר בדץ,גרמים,500.00,100 גרם,false,1,18.90,3.7800,true,1,15964
7290107647816,false,דגני ברנפלקס ללא סוכ,יוניליוור,,דגני ברנפלקס ללא סוכר 500 ג בד,גרמים,500.00,100 גרם,false,1,19.90,3.9800,true,1,15961
7290107647823,false,דגני ברנפלקס 500 גרם,יוניליוור,,דגני ברנפלקס 500 גרם בדצ,גרמים,500.00,100 גרם,false,1,19.90,3.9800,true,1,15960
7290107647854,false,דגני בוקר שוגי20%מופ,יוניליוור,,דגני בוקר שוגי20%מופחת סוכר 500 גר,גרמים,500.00,100 גרם,false,1,18.90,3.7800,true,1,15958
7290107648943,false,דגני ברנפלקס קרנצים,יוניליוור,,דגני ברנפלקס קרנצים מייפל 375 גר,גרמים,375.00,100 גרם,false,1,19.90,5.3067,true,1,17416
7290107648974,false,רוטב פסטה קנור בזילי,,,רוטב פסטה פומודורו קנור 415 גר,גרמים,415.00,100 גרם,false,1,9.90,2.3855,true,1,18999
7290107648981,false,רוטב פסטה קנור פומוד,,,רוטב פומודורו קנור 415 גר,גרמים,415.00,100 גרם,false,1,9.90,2.3855,true,1,16941
7290107649100,false,בייגלה טבעות שומשום,יוניליוור,,בייגלה טבעות שומשום 300 גר,גרמים,300.00,100 גרם,false,1,9.90,3.3000,true,1,19234
7290107871297,false,חטיפי מיני פריכונים,פרח תעשיות,,חטיפי מיני פריכונים עשבי תיבול 25 גר,Unknown,0.00,Unknown,false,1,4.30,0.0000,true,1,11099
7290107871532,false,מאגדת שלגון מלון דוב,גלידות נסטלה,,מאגדת שלגון מלון דובדבן 10 יח,יחידה,10.00,יחידה,false,1,16.90,1.6900,true,1,10963
7290107871990,false,פסטה צינורות אסם 500,זארה,,פסטה צינורות אסם 500 גרם,גרמים,500.00,100 גרם,false,1,5.90,1.1800,true,1,10437
7290107874427,false,חטיפי מיני פריכונים,פרח תעשיות,,חטיפי מיני פריכונים זעתר 25 גר,Unknown,0.00,Unknown,false,1,4.30,0.0000,true,1,11101
7290107874441,false,חטיפי מיני פריכונים,פרח תעשיות,,חטיפי מיני פריכונים בצל מקורמל 25 גר,Unknown,0.00,Unknown,false,1,4.30,0.0000,true,1,11100
7290107874502,false,מארז 4 יח ביסלי גריל,"אסם תעשיות בע""מ",,מארז 4 יח ביסלי גריל 55 ג,גרמים,220.00,100 גרם,false,1,12.50,5.6818,true,1,13066
7290107875271,false,מארז 4 יח ביסלי ברבי,"אסם תעשיות בע""מ",,מארז 4 יח ביסלי ברביקיו 55 ג,גרמים,220.00,100 גרם,false,1,12.50,5.6818,true,1,13067
7290107875400,false,גל. לה קרמריה פיסטוק,גלידות נסטלה,,גל. לה קרמריה פיסטוק מוקה 1.4 ליטר,מיליליטרים,1400.00,"100 מ""ל",false,1,18.90,1.3500,true,1,10849
7290107877619,false,מארז 5 יח חטיף במבה,"אסם תעשיות בע""מ",,מארז 5 יח חטיף במבה במילוי נוגט 30גר,גרמים,150.00,100 גרם,false,1,13.90,9.2667,true,1,12225
7290107879132,false,פריכיות מיני פיטנס ש,כרמית,,פריכיות מיני פיטנס שוקולד חלב 22 גר,Unknown,0.00,Unknown,false,1,5.00,0.0000,true,1,14966
7290107879521,false,מאגדת לה פרוטה תות 5,גלידות נסטלה,,מאגדת לה פרוטה תות 5יח,יחידה,5.00,יחידה,false,1,25.90,5.1800,true,1,12760
7290107879569,false,מאגדת לה פרוטה מנגו,גלידות נסטלה,,מאגדת לה פרוטה מנגו 5יח,יחידה,5.00,יחידה,false,1,25.90,5.1800,true,1,12761
7290107930321,false,קונפיטורה דובדבן 340,,,קונפיטורה דובדבן 340 גר יד מרדכי,גרמים,340.00,100 גרם,false,1,12.90,3.7941,true,1,11878
7290107931397,false,חטיף כיף כף פצפצים 4,,,חטיף כיף כף פצפצים 40 גר,Unknown,0.00,Unknown,false,1,4.90,0.0000,true,1,12993
7290107932080,false,חלב מועשר 1 ליטר 3%,שטראוס,,חלב מועשר 1 ליטר 3% בקבוק,ליטרים,1.00,ליטר,false,1,7.90,7.9000,true,1,12261
7290107932134,false,חלב מועשר 1 ליטר 1%,שטראוס,,חלב מועשר 1 ליטר 1% בקבוק,ליטרים,1.00,ליטר,false,1,7.90,7.9000,true,1,12262
7290107932240,false,שוקולד פרה אקסטרא ונ,,,שוקולד פרה אקסטרא וניל עוגיות100 גר,גרמים,100.00,100 גרם,false,1,5.90,5.9000,true,1,31557
7290107932271,false,שוקולד פרה אקסטרא יו,,,שוקולד פרה אקסטרא יוגורט תות100 גר,גרמים,100.00,100 גרם,false,1,5.90,5.9000,true,1,31558
7290107933155,false,לקט סלנובה 200 גרם א,שטראוס,,לקט סלנובה 200 גרם אחלה,גרמים,200.00,100 גרם,false,1,12.00,6.0000,true,1,12680
7290107933650,false,ארוחה קטנה בקבוק תות,שטראוס,,משקה חלב דגנים ובננה 250 גרם יטבתה,גרמים,250.00,100 גרם,false,9,4.50,1.8000,true,1,12912
7290107936309,false,יוגורט דנונה יווני ל,שטראוס,,יוגורט דנונה יווני לבן 120 גר,גרמים,120.00,100 גרם,false,1,3.50,2.9167,true,1,13908
7290107936460,false,מארז שמיניית דנכול ד,שטראוס,,מארז שמיניית דנכול דנונה 100 גרם,גרמים,800.00,100 גרם,false,1,29.90,3.7375,true,1,12914
7290107936958,false,ביסקויט עד חצות אצבע,,,ביסקויט עד חצות אצבעות 125 גר,גרמים,125.00,100 גרם,false,1,11.50,9.2000,true,1,15976
7290107937542,false,משקה דנונה אקטיביה ת,שטראוס,,משקה דנונה אקטיביה תות 250 מל,מיליליטרים,250.00,"100 מ""ל",false,1,5.40,2.1600,true,1,13087
7290107937627,false,מסטיק מאסט קוביות ספ,,,מסטיק מאסט קוביות ספירמנט 58 גר,Unknown,0.00,Unknown,false,1,8.90,0.0000,true,1,13884
7290107937634,false,מסטיק מאסט קוביות פפ,,,מסטיק מאסט קוביות פפירמנט 58 גר,Unknown,0.00,Unknown,false,1,8.90,0.0000,true,1,13885
7290107937856,false,קפסולות אספרסו 11 חז,,,קפסולות אספרסו 11 חזק במיוחד 10 יח,יחידה,10.00,יחידה,false,1,16.50,1.6500,true,1,13689
7290107938396,false,משקה אקטימל תות 8יח,שטראוס,,משקה אקטימל תות 8יח 108גר,גרמים,864.00,100 גרם,false,6,19.90,2.3032,true,1,13393
7290107939027,false,גזר חתוך דק דק 250 ג,שטראוס,,גזר חתוך דק דק 250 גרם שטראוס אחלה,גרמים,250.00,100 גרם,false,1,6.90,2.7600,true,1,13906
7290107940030,false,חומוס 650 גר אחלה,שטראוס,,חומוס 650 גר אחלה,גרמים,650.00,100 גרם,false,1,8.90,1.3692,true,1,16372
7290107940467,false,יוגורט דנונה אקטיביה,שטראוס,,יוגורט דנונה אקטיביה קרמי 1.5% 200גר,גרמים,200.00,100 גרם,false,1,3.90,1.9500,true,1,13391
7290107941259,false,עדשים ירוקות מבושלות,שטראוס,,עדשים ירוקות מבושלות 475 גרם אחלה,גרמים,475.00,100 גרם,false,1,10.90,2.2947,true,1,14100
7290107941266,false,שעועית אדומה מבושלת,שטראוס,,שעועית אדומה מבושלת 475 גרם אחלה,גרמים,475.00,100 גרם,false,1,10.90,2.2947,true,1,14101
7290107941273,false,חומוס מבושל 475 גרם,שטראוס,,חומוס מבושל 475 גרם אחלה,גרמים,475.00,100 גרם,false,1,10.90,2.2947,true,1,14099
7290107942232,false,מעדן ספלנדיד שוקולד,שטראוס,,מעדן ספלנדיד שוקולד חלב 130 גרם,גרמים,130.00,100 גרם,false,1,3.40,2.6154,true,1,13913
7290107943192,false,שמנת חמוצה מהערבה 27,יטבתה,,שמנת חמוצה מהערבה 27% 200 גר יטבתה,גרמים,200.00,100 גרם,false,1,4.50,2.2500,true,1,15982
7290107943369,false,שבולת שועל להכנה מהי,,,שבולת שועל להכנה מהירה ללא גלוטן 511 גר,גרמים,511.00,100 גרם,false,1,18.90,3.6986,true,1,15424
7290107944243,false,אפיפיות בטעם שוקולד,,,אפיפיות בטעם שוקולד 200 גר,גרמים,200.00,100 גרם,false,1,7.90,3.9500,true,1,15645
7290107944380,false,חטיף אגוזי כשלפ 45 ג,,,חטיף אגוזי כשלפ 45 גר,Unknown,0.00,Unknown,false,1,5.00,0.0000,true,1,14279
7290107944472,false,גב.סימפוניה שום שמיר,שטראוס,,גב.סימפוניה שום שמיר 5% 200 גרם,גרמים,200.00,100 גרם,false,1,10.90,5.4500,true,1,14096
7290107945165,false,קונפיטורה משמש יד מר,,,קונפיטורה משמש יד מרדכי 340 גר,גרמים,340.00,100 גרם,false,1,12.90,3.7941,true,1,14533
7290107947473,false,חטיפי אנרגי קרם פסק,,,חטיפי אנרגי קרם פסק זמן 10 יח 198 גר,יחידה,6.00,יחידה,false,1,12.90,2.1500,true,1,17689
7290107947480,false,חטיפי אנרגי שוקולד ח,,,חטיפי אנרגי שוקולד חלב 10 יח 168 גר,יחידה,6.00,יחידה,false,1,12.90,2.1500,true,1,17687
7290107950183,false,מעדן דיאט וניל 130גר,שטראוס,,מעדן דיאט וניל 130גרם 0% שומן שטראוס,גרמים,130.00,100 גרם,false,1,3.40,2.6154,true,1,13909
7290107950190,false,מעדן דיאט שוקולד מרי,שטראוס,,מעדן דיאט שוקולד מריר 130גר 0.5% שומן,גרמים,130.00,100 גרם,false,1,3.40,2.6154,true,1,13911
7290107950206,false,מעדן דיאט שוקולד 130,שטראוס,,מעדן דיאט שוקולד 130גרם 0% שומן שטראוס,גרמים,130.00,100 גרם,false,1,3.40,2.6154,true,1,13910
7290107951104,false,בפלות שוקולד עלית200,,,בפלות שוקולד עלית200 גרם,גרמים,200.00,100 גרם,false,1,4.70,2.3500,true,1,14076
7290107951111,false,בפלות לימון עלית 200,,,בפלות לימון עלית 200 גרם,גרמים,200.00,100 גרם,false,1,4.70,2.3500,true,1,14075
7290107951548,false,שוקולד פרה בלונד שבר,,,שוקולד פרה בלונד שברי שקדים 100 גרם,גרמים,100.00,100 גרם,false,1,6.90,6.9000,true,1,15653
7290107951630,false,שוקולד פרה בלונד קוק,,,שוקולד פרה בלונד קוקוס קלוי 100 גרם,גרמים,100.00,100 גרם,false,1,6.90,6.9000,true,1,15654
7290107951715,false,מסטיק מאסט קוביות ענ,,,מסטיק מאסט קוביות ענבים 58 גר,Unknown,0.00,Unknown,false,1,8.90,0.0000,true,1,14532
7290107953559,false,קפה טורקי לדרך 24 יח,,,קפה טורקי לדרך 24 יח 168 גרם,יחידה,24.00,יחידה,false,1,18.90,0.7875,true,1,14307
7290107954709,false,קונפיטורה פירות יער,,,קונפיטורה פירות יער יד מרדכי 340 גר,גרמים,340.00,100 גרם,false,1,12.90,3.7941,true,1,14990
7290107954976,false,משקה פרו קפה 350 מל,שטראוס,,משקה פרו קפה 350 מל 25גר חלבון יטבתה,מיליליטרים,350.00,"100 מ""ל",false,12,6.50,1.8571,true,1,15158
7290107955782,false,שוקולד פרה מריר ל.ס,,,שוקולד פרה מריר ל.ס 100 גרם,גרמים,100.00,100 גרם,false,1,8.50,8.5000,true,1,17141
7290107956543,false,דבש טהור יד מרדכי900,,,דבש טהור 900 גר יד מרדכי,גרמים,900.00,100 גרם,false,1,39.90,4.4333,true,1,16571
7290107956642,false,תרסיס שמן זית יד מרד,,,תרסיס שמן זית יד מרדכי 150 גרם,גרמים,150.00,100 גרם,false,1,14.90,9.9333,true,1,17263
7290107956895,false,קפסולות אספרסו קרמל,,,קפסולות אספרסו קרמל 10 יח,יחידה,10.00,יחידה,false,1,16.50,1.6500,true,1,17152
7290107956901,false,קפסולות אספרסו טעם א,,,קפסולות אספרסו טעם אגוזים 10 יח,יחידה,10.00,יחידה,false,1,16.50,1.6500,true,1,16162
7290107956925,false,קפסולות אספרסו 13 או,,,קפסולות אספרסו 13 אוגנדה 10 יח,יחידה,10.00,יחידה,false,1,16.50,1.6500,true,1,18620
7290107956932,false,קפסולות אספרסו 12 אנ,,,קפסולות אספרסו 12 אנדוניזיה 10 יח,יחידה,10.00,יחידה,false,1,16.50,1.6500,true,1,15970
7290107957069,false,מסטיק עלמה קוביות או,,,מסטיק עלמה קוביות אוכמניות 66 גרם,Unknown,0.00,Unknown,false,1,8.90,0.0000,true,1,15995
7290107957076,false,מסטיק עלמה קוביות ספ,,,מסטיק עלמה קוביות ספירמנט 66 גרם,Unknown,0.00,Unknown,false,1,8.90,0.0000,true,1,15996
7290107957137,false,גבינת סימפוניה עשבי,,,גבינת סימפוניה עשבי תיבול 5% 200גר,גרמים,200.00,100 גרם,false,1,10.90,5.4500,true,1,18624
7290107957229,false,נטיפי פרה שוקולד ציפ,,,נטיפי פרה שוקולד ציפס 50% מריר 250 גרם,גרמים,250.00,100 גרם,false,1,10.90,4.3600,true,1,17149
7290107957991,false,מארז עוגת מילקי מיני,שטראוס,IL,מארז עוגת מילקי מיני 9יח 16גר,גרמים,144.00,100 גרם,false,6,12.90,8.9583,true,1,18250
7290107958035,false,מארז 8 יח דנונה מתיק,שטראוס,,מארז 8 יח דנונה מתיקות מעודן ללא סוכר120,גרמים,960.00,100 גרם,false,1,18.90,1.9687,true,1,16205
7290107958523,false,מוס רבע לשבע חלבה100,,,מוס רבע לשבע חלבה100 גרם,גרמים,100.00,100 גרם,false,1,14.90,14.9000,true,1,28298
7290107958639,false,סלט מטבוחה מרוקאית ח,שטראוס,,סלט מטבוחה מרוקאית חריפה 400 גר אחלה,גרמים,400.00,100 גרם,false,1,13.90,3.4750,true,1,16195
7290107958653,false,סלט חומוס 9% 400גרם,שטראוס,,סלט חומוס 9% 400גרם אחלה,גרמים,400.00,100 גרם,false,1,8.90,2.2250,true,1,16378
7290107959032,false,מעדן סום טחינה נוגט,שטראוס,IL,מעדן סום טחינה נוגט 125גר,גרמים,125.00,100 גרם,false,24,4.30,3.4400,true,1,19199
7290107959056,false,מעדן סום טחינה שוקול,שטראוס,IL,מעדן סום טחינה שוקולד 125גר,גרמים,125.00,100 גרם,false,24,4.30,3.4400,true,1,19201
7290107970129,false,דאו.רול און ל.ספיד ס,Colgate - Mexico,,דאו.רול און ל.ספיד סטיק לסס פרש 50מ,Unknown,0.00,Unknown,false,1,14.90,0.0000,true,1,12045
7290107971539,false,חטיף פרי ללא גלוטן ב,אמקו סאם מילס ספול.,,חטיף פרי ללא גלוטן בוטנים קשיו5 יח140 גר,גרמים,140.00,100 גרם,false,1,16.90,12.0714,true,1,13056
7290107971744,false,מי פה קולגייט טוטל י,קולגייט פלמוליב,,מי פה קולגייט טוטל ירוק 500 מל,מיליליטרים,500.00,"100 מ""ל",false,1,24.90,4.9800,true,1,12948
7290107972130,false,קמח תופח כשלפ 200 גר,"אסם תעשיות בע""מ",,קמח תופח כשלפ 200 גר מאסטר שף,גרמים,200.00,100 גרם,false,1,8.90,4.4500,true,1,12551
7290107972307,false,משחת שיניים קולגייט,CP-Poland swidnica,,משחת שיניים קולגייט אופטיק וויט אנד 75מל,Unknown,0.00,Unknown,false,1,26.90,0.0000,true,1,14437
7290107973014,false,סבון ידיים פלמוליב ח,CP - Turkey+60,,סבון ידיים פלמוליב חלב ודבש 300 מל,מיליליטרים,300.00,"100 מ""ל",false,1,11.90,3.9667,true,1,13400
7290107973038,false,סבון ידיים פלמוליב א,CP - Turkey+60,,סבון ידיים פלמוליב אקווריום 300 מל,מיליליטרים,300.00,"100 מ""ל",false,1,11.90,3.9667,true,1,13399
7290107973861,false,מארז 3 יח עגבניות חת,קונסורזיו קאסאלאסקו,IT,מארז 3 יח עגבניות חתוכות מאסטר שף 400 גר,גרמים,1200.00,100 גרם,false,1,15.90,1.3250,true,1,13713
7290107974066,false,עלי טורטיה 5 דגנים 8,אלקאטי קורביישיסי גי,,עלי טורטיה 5 דגנים 8 יח 320 גר,גרמים,320.00,100 גרם,false,1,10.90,3.4063,true,1,13362
7290107974073,false,עלי טורטיה קמח לבן 8,אלקאטי קורביישיסי גי,,עלי טורטיה קמח לבן 20 יח 320 גר,גרמים,320.00,100 גרם,false,1,10.90,3.4063,true,1,13361
7290107974080,false,עלי טורטיה קמח מלא 2,אלקאטי קורביישיסי גי,,עלי טורטיה קמח מלא 25 יח 756 גר,גרמים,756.00,100 גרם,false,1,18.00,2.3810,true,1,13363
7290107974301,false,ליידי ספיד סטיק גל א,Colgate - USA,,ליידי ספיד סטיק גל אלוורה 65 גרם,Unknown,0.00,Unknown,false,1,21.90,0.0000,true,1,14751
7290107974646,false,מי פה מרידול נשימה ר,GABA THERW SWIZ,,מי פה מרידול נשימה רעננה 400 מל,מיליליטרים,400.00,"100 מ""ל",false,1,34.90,8.7250,true,1,13721
7290107974806,false,אורז במסטי מאסטר שף,דווה סינג שיהם סינג,,אורז במסטי מאסטר שף 1 קג,קילוגרמים,1.00,"ק""ג",false,1,11.90,11.9000,true,1,14578
7290107975278,false,דאו.ליידי ספיד סטיק,Colgate - USA,,דאו.ליידי ספיד סטיק אלוורה 45 גרם,יחידה,1.00,יחידה,false,1,21.90,21.9000,true,1,14752
7290107975285,false,דאו.ליידי ספיד סטיק,Colgate - USA,,דאו.ליידי ספיד סטיק נערות תות מתוק 65גר,Unknown,0.00,Unknown,false,12,21.90,0.0000,true,1,18407
7290107975292,false,דאו.ליידי ספיד סטיק,Colgate - USA,,דאו.ליידי ספיד סטיק נערות ורוד 65גר,Unknown,0.00,Unknown,false,12,21.90,0.0000,true,1,18406
7290107975346,false,דאו.ספיד סטיק גל לגב,Colgate - USA,,דאו.ספיד סטיק גל לגבר כח הטבע 24/7,Unknown,0.00,Unknown,false,1,21.90,0.0000,true,1,15030
7290107975360,false,ליידי ספיד סטיק גל פ,Colgate - USA,,ליידי ספיד סטיק גל פיור פרשנס 65 גרם,Unknown,0.00,Unknown,false,1,21.90,0.0000,true,1,15009
7290107975544,false,משחת שיניים קולגייט,CP-Poland swidnica,,משחת שיניים קולגייט סמיילס ברבי ילדים 50,Unknown,0.00,Unknown,false,1,12.90,0.0000,true,1,14681
7290107976428,false,מי פה קולגייט פלקס כ,Colgate - Brazil,PL,מי פה קולגייט פלקס כחול 250מל,מיליליטרים,250.00,"100 מ""ל",false,12,14.90,5.9600,true,1,18883
7290107976848,false,מארז 4יח פלמוליב סבו,CP - Turkey+60,,מארז 4יח פלמוליב סבון מוצק 90 גרם,גרמים,360.00,100 גרם,false,1,16.90,4.6944,true,1,15829
7290107976916,false,סבון ידיים פלמוליב ח,CP - Turkey+60,,סבון ידיים פלמוליב חלב זיתים 300 מל,מיליליטרים,300.00,"100 מ""ל",false,1,11.90,3.9667,true,1,15234
7290107977456,false,אלסבון פלמוליב משאבה,CP - Turkey+60,,אלסבון פלמוליב משאבה ספורט לגבר 750מל,מיליליטרים,750.00,"100 מ""ל",false,1,16.90,2.2533,true,1,22064
7290107977753,false,משחת שיניים מרידול פ,קולגייט,,משחת שיניים מרידול פרודונט אקספרס 75מל,מיליליטרים,75.00,"100 מ""ל",false,1,25.90,34.5333,true,1,15830
7290107978101,false,משחת שיניים קולגייט,CP-Poland swidnica,,משחת שיניים קולגייט אופטיק וויט פאור75מל,Unknown,0.00,Unknown,false,1,26.90,0.0000,true,1,15831
7290107978323,false,אטריות מאסטר שף דקיק,פי.פי.איג' ארטקלס ג',,אטריות מאסטר שף דקיקיות 400 גרם,גרמים,400.00,100 גרם,false,1,5.90,1.4750,true,1,14923
7290107978330,false,אטריות מאסטר שף דקות,פי.פי.איג' ארטקלס ג',,אטריות מאסטר שף דקות 400 גרם,גרמים,400.00,100 גרם,false,1,5.90,1.4750,true,1,14924
7290107978347,false,אטריות מאסטר שף בנונ,פי.פי.איג' ארטקלס ג',,אטריות מאסטר שף בנוניות 400 גרם,גרמים,400.00,100 גרם,false,1,5.90,1.4750,true,1,14925
7290107978453,false,חטיף קראנצוס גריל 55,Mana,,חטיף קראנצוס גריל 70 גר,Unknown,0.00,Unknown,false,1,3.90,0.0000,true,1,15466
7290107978460,false,חטיף קראנצוס פלאפל55,Mana,,חטיף קראנצוס פלאפל 70 גר,Unknown,0.00,Unknown,false,1,3.90,0.0000,true,1,15467
7290107979184,false,תבנית אלומיניום עם נ,,,תבנית אלומיניום עם נייר אפיה קוקי מס 3,יחידה,1.00,יחידה,false,1,10.90,10.9000,true,1,15337
7290107979191,false,תבנית אלומיניום עם נ,,,תבנית אלומיניום עם נייר אפיה קוקי מס 2,יחידה,1.00,יחידה,false,1,10.90,10.9000,true,1,15338
7290108070224,false,שקיות מודפסות מותגים,,,שקיות מודפסות מותגים 15 יח,Unknown,0.00,Unknown,false,1,13.90,0.0000,true,1,15362
7290108070316,false,שקיות מודפסות מותגים,,,שקיות מודפסות מותגים 15 יח,Unknown,0.00,Unknown,false,1,13.90,0.0000,true,1,15363
7290108074468,false,בקבוק לנוער מותגים 7,,,בקבוק לנוער מותגים 700 מל,Unknown,0.00,Unknown,false,1,27.90,0.0000,true,1,15370
7290108201284,false,מקלות ריחניים אירווי,RB הונגריה,,מקלות ריחניים אירוויק לבנדר 30מל,Unknown,0.00,Unknown,false,1,14.90,0.0000,true,1,14219
7290108201437,false,אבקת כביסה קולון 101,רקיט בנקיזר,,אבקת כביסה קולון 101 2.5קג,קילוגרמים,2.50,"ק""ג",false,1,19.90,7.9600,true,1,14479
7290108201802,false,ספריי חיטוי דטול 400,רקיט בנקיזר,US,ספריי חיטוי דטול 400מל בניחוח אביב,מיליליטרים,400.00,"100 מ""ל",false,12,19.90,4.9750,true,1,18464
7290108201864,false,טבליות גל כביסה קולו,רקיט בנקיזר,,טבליות גל כביסה קולון 28 יח,יחידה,28.00,יחידה,false,1,29.90,1.0679,true,1,17381
7290108201871,false,טבליות גל כביסה קולו,רקיט בנקיזר,,טבליות גל כביסה קולון 42 יח,יחידה,42.00,יחידה,false,1,39.90,0.9500,true,1,17380
7290108350128,false,שקיות אשפה 40 יח סנו,,,שקיות אשפה 40 יח סנו סושי 54/65,יחידה,40.00,יחידה,false,1,24.90,0.6225,true,1,11083
7290108350203,false,כריות קרצוף ספוג מקצ,סנו,,כריות קרצוף ספוג מקציף 6יח סנו סושי,יחידה,6.00,יחידה,false,1,11.90,1.9833,true,1,13414
7290108350210,false,שקיות אשפה 30יח חזקו,סנו,,שקיות אשפה 30יח חזקות 75/65 סנו סושי,יחידה,30.00,יחידה,false,1,24.90,0.8300,true,1,12242
7290108350524,false,סנו ארון פרש לבנדר,סנו,,סנו ארון פרש לבנדר,Unknown,0.00,Unknown,false,1,22.90,0.0000,true,1,13756
7290108350531,false,נוזל כלים סנו ספארק,,,נוזל כלים סנו ספארק קלאסי משאבה 1 ליטר,ליטרים,1.00,ליטר,false,1,10.90,10.9000,true,1,11602
7290108350548,false,נוזל כלים סנו ספארק,,,נוזל כלים סנו ספארק לבנדר משאבה 1 ליטר,ליטרים,1.00,ליטר,false,1,10.90,10.9000,true,1,11603
7290108350586,false,נוזל כלים סנו ספארק,סנו,,נוזל כלים סנו ספארק קלאסי 1.5 ליטר,ליטרים,1.50,ליטר,false,1,14.90,9.9333,true,1,14149
7290108350616,false,מרכך כביסה מקסימה מר,סנו,,מרכך כביסה מקסימה מרוכז בלו בלוסום 1ליטר,ליטרים,1.00,ליטר,false,1,17.90,17.9000,true,1,13238
7290108350623,false,מרכך כביסה מקסימה מר,סנו,,מרכך כביסה מקסימה מרוכז סופט סילק 1ליטר,ליטרים,1.00,ליטר,false,1,17.90,17.9000,true,1,13237
7290108350647,false,קרם להתרת קשרים כיף,סנו,,קרם להתרת קשרים כיף פיות 350 מל,מיליליטרים,350.00,"100 מ""ל",false,1,21.90,6.2571,true,1,12768
7290108350654,false,ספריי להתרת קשרים כי,סנו,,ספריי להתרת קשרים כיף פיות 350 מל,מיליליטרים,350.00,"100 מ""ל",false,1,17.90,5.1143,true,1,12769
7290108350685,false,מנקה למדיח כלים ספאר,סנו,,מנקה למדיח כלים ספארק 250מל,מיליליטרים,250.00,"100 מ""ל",false,1,13.90,5.5600,true,1,16822
7290108350722,false,מש. שיניים אורביטול,,,מש. שיניים אורביטול בוב ספוג 70גר,גרמים,70.00,100 גרם,false,1,8.90,12.7143,true,1,30001
7290108350739,false,מש. שיניים אורביטול,,,מש. שיניים אורביטול קידס 70גר ב.סוכריות,גרמים,70.00,100 גרם,false,1,8.90,12.7143,true,1,19154
7290108350753,false,משחת שיניים אורביטול,,,משחת שיניים אורביטול הגנה וריענון 145גר,גרמים,145.00,100 גרם,false,1,13.90,9.5862,true,1,18889
7290108350791,false,מברשת שיניים אורביטו,,,מברשת שיניים אורביטול כדורגל 8+,Unknown,0.00,Unknown,false,1,9.90,0.0000,true,1,19155
7290108350968,false,דאודורנט קרמה ספריי,סנו,,דאודורנט קרמה ספריי הגנה מוגברת 150 מל,מיליליטרים,150.00,"100 מ""ל",false,1,12.90,8.6000,true,1,14709
7290108351118,false,קיי 4000 קוטל מעופפי,סנו,,קיי 4000 קוטל מעופפים 750 מל,מיליליטרים,750.00,"100 מ""ל",false,1,29.90,3.9867,true,1,13493
7290108351149,false,גט גל לניקוי כללי ור,סנו,,גט גל לניקוי כללי ורצפות סודה 1.5ליטר,ליטרים,1.50,ליטר,false,1,12.90,8.6000,true,1,14152
7290108351156,false,גט גל לניקוי כללי ור,סנו,,גט גל לניקוי כללי ורצפות חומץ 1.5ליטר,ליטרים,1.50,ליטר,false,1,12.90,8.6000,true,1,14151
7290108351491,false,סנו אוקסיגן פאוור אב,סנו,,סנו אוקסיגן פאוור אבקה 720 גרם,גרמים,720.00,100 גרם,false,1,16.90,2.3472,true,1,14268
7290108351507,false,מרכך כביסה סנומקסימה,,,מרכך כביסה סנומקסימה 4 ל סופט סילק,ליטרים,4.00,ליטר,false,1,21.90,5.4750,true,1,14154
7290108351514,false,מרכך כביסה סנומקסימה,,,מרכך כביסה סנומקסימה 4 ל בלו,ליטרים,4.00,ליטר,false,1,21.90,5.4750,true,1,14153
7290108351538,false,מטהר אויר יבש פרש הו,,,מטהר אויר יבש פרש הום 200מל בלו,מיליליטרים,200.00,"100 מ""ל",false,12,12.90,6.4500,true,1,17792
7290108351545,false,מטהר אויר יבש פרש הו,,,מטהר אויר יבש פרש הום 200מל בניחוח מרכך,מיליליטרים,200.00,"100 מ""ל",false,12,12.90,6.4500,true,1,17791
7290108351552,false,מרסס סנו גט לניקוי כ,סנו,,מרסס סנו גט לניקוי כללי+חומץ 750מל,מיליליטרים,750.00,"100 מ""ל",false,1,11.90,1.5867,true,1,16093
7290108351569,false,סנו מקסימה בייבי למי,,,סנו מקסימה בייבי למייבש 750 מל,מיליליטרים,750.00,"100 מ""ל",false,1,17.90,2.3867,true,1,15189
7290108351583,false,סנו גט לניקוי אסלות,,,סנו גט לניקוי אסלות 750מל חומץ ומלח לימו,מיליליטרים,750.00,"100 מ""ל",false,12,10.90,1.4533,true,1,17790
7290108351590,false,מ. אויר סנופרש הום ב,,,מ. אויר סנופרש הום בריח בלו בלוסום 350מל,מיליליטרים,350.00,"100 מ""ל",false,1,13.90,3.9714,true,1,15187
7290108351606,false,מ. אויר סנופרש הום ב,,,מ. אויר סנופרש הום בריח סופט סילק 350מל,מיליליטרים,350.00,"100 מ""ל",false,1,13.90,3.9714,true,1,15186
7290108351613,false,נוזל ריצפז פרש הום 2,סנו,,נוזל ריצפז פרש הום 2 ליטר מלון חלומי סנו,ליטרים,2.00,ליטר,false,1,19.90,9.9500,true,1,14960
7290108351637,false,אב.כביסה סנו מקסימה,,,אב.כביסה סנו מקסימה סמארט 5 קג,קילוגרמים,5.00,"ק""ג",false,1,42.90,8.5800,true,1,15611
7290108351668,false,מטליות לחות גט חומץ,סנו,IL,מטליות לחות גט חומץ לניקוי כללי 50יח,יחידה,50.00,יחידה,false,24,9.90,0.1980,true,1,18014
7290108351699,false,מארז 3יח מגבוני גט+ח,,,מארז 3יח מגבוני גט+חומץ לניקוי כללי 50יח,יחידה,150.00,יחידה,false,8,21.90,0.1460,true,1,18234
7290108351705,false,פניני בישום מקסימה פ,סנו,IL,פניני בישום מקסימה פרש 275גר,גרמים,275.00,100 גרם,false,6,29.90,10.8727,true,1,22562
7290108351712,false,פניני בישום מקסימה ל,סנו,IL,פניני בישום מקסימה לאבלי 275גר,גרמים,275.00,100 גרם,false,6,29.90,10.8727,true,1,22563
7290108351729,false,נוזל ניקוי אסלות אקו,סנו,IL,נוזל ניקוי אסלות אקולוגי 750מל גרין פאור,מיליליטרים,750.00,"100 מ""ל",false,1,11.90,1.5867,true,1,25066
7290108351736,false,נוזל ניקוי חלונות אק,סנו,IL,נוזל ניקוי חלונות אקולוגי 750מל גרין פאו,מיליליטרים,750.00,"100 מ""ל",false,1,11.90,1.5867,true,1,25068
7290108351743,false,נוזל ניקוי כללי אקול,סנו,IL,נוזל ניקוי כללי אקולוגי 750מל גרין פאור,מיליליטרים,750.00,"100 מ""ל",false,1,11.90,1.5867,true,1,25070
7290108351750,false,נוזל שטיפת רצפות אקו,סנו,IL,נוזל שטיפת רצפות אקולוגי 2ליטר גרין פאור,ליטרים,2.00,ליטר,false,1,18.90,9.4500,true,1,25071
7290108351767,false,מטהר אויר סנו פרש או,,,מטהר אויר סנו פרש אוטומטי+מילוי בריזה,יחידה,1.00,יחידה,false,1,39.90,39.9000,true,1,19039
7290108351774,false,מרסס ניקוי מוצרי עור,,,מרסס ניקוי מוצרי עור 500מל,מיליליטרים,500.00,"100 מ""ל",false,1,29.90,5.9800,true,1,19359
7290108351781,false,סנו גט לניקוי אסלות,,,סנו גט לניקוי אסלות 750מל בניחוח הדרים,מיליליטרים,750.00,"100 מ""ל",false,12,10.90,1.4533,true,1,19153
7290108351804,false,מרכך כביסה מקסימה מר,,,מרכך כביסה מקסימה מרוכז בריזה עדינה 1לי,ליטרים,1.00,ליטר,false,1,17.90,17.9000,true,1,21466
7290108351811,false,מרכך כביסה מקסימה מר,,,מרכך כביסה מקסימה מרוכז נגיעות פרחים 1לי,ליטרים,1.00,ליטר,false,1,17.90,17.9000,true,1,21465
7290108351835,false,מרכך כביסה סנומקסימה,,,מרכך כביסה סנומקסימה 4 ל פריחה,ליטרים,4.00,ליטר,false,1,21.90,5.4750,true,1,22580
7290108351842,false,מבשם כביסה מרוכז מקס,,IL,מבשם כביסה מרוכז מקסימה 600מל כחול,מיליליטרים,600.00,"100 מ""ל",false,12,21.90,3.6500,true,1,19470
7290108351859,false,מבשם כביסה מרוכז מקס,,IL,מבשם כביסה מרוכז מקסימה 600מל ורוד,מיליליטרים,600.00,"100 מ""ל",false,12,21.90,3.6500,true,1,19471
7290108351866,false,מבשם כביסה מרוכז מקס,,IL,מבשם כביסה מרוכז מקסימה 600מל בורדו,מיליליטרים,600.00,"100 מ""ל",false,12,21.90,3.6500,true,1,19472
7290108351910,false,טבליות למדיח ספארק 3,,,טבליות למדיח ספארק 30 יח,יחידה,30.00,יחידה,false,1,19.90,0.6633,true,1,19480
7290108351927,false,טבליות למדיח ספארק 7,,,טבליות למדיח ספארק 70 יח,יחידה,70.00,יחידה,false,1,39.90,0.5700,true,1,19479
7290108351934,false,סבון אסלה מוצק רינגס,,IL,סבון אסלה מוצק רינגס לימון שלישייה,יחידה,3.00,יחידה,false,12,15.90,5.3000,true,1,21448
7290108351941,false,סבון אסלה מוצק רינגס,,IL,סבון אסלה מוצק רינגס יערות שלישייה,יחידה,3.00,יחידה,false,12,15.90,5.3000,true,1,21449
7290108351958,false,סבון אסלה מוצק רינגס,,IL,סבון אסלה מוצק רינגס אוקיינוס שלישייה,יחידה,3.00,יחידה,false,12,15.90,5.3000,true,1,21450
7290108351972,false,מטהר אויר פרש הום מל,,,מטהר אויר פרש הום מלון בוטיק 200מל,מיליליטרים,200.00,"100 מ""ל",false,12,12.90,6.4500,true,1,22933
7290108351989,false,מטהר אויר פרש הום מל,,,מטהר אויר פרש הום מלון מפנק 200מל,מיליליטרים,200.00,"100 מ""ל",false,12,12.90,6.4500,true,1,22932
7290108351996,false,מרסס בייבי לחיטוי  מ,סנו,IL,מרסס בייבי לחיטוי  משטחים סדרת 99% 750מל,מיליליטרים,750.00,"100 מ""ל",false,12,11.90,1.5867,true,1,20570
7290108352009,false,טבליות למדיח ספארק 5,סנו,IL,טבליות למדיח ספארק 50 יח,יחידה,50.00,יחידה,false,12,44.90,0.8980,true,1,24495
7290108352078,false,מי פה אורביטול בתוספ,סנו,IL,מי פה אורביטול בתוספת מלח 500מל,מיליליטרים,500.00,"100 מ""ל",false,12,24.90,4.9800,true,1,26202
7290108352085,false,מי פה אורביטול רעננו,סנו,IL,מי פה אורביטול רעננות חריפה 500מל,מיליליטרים,500.00,"100 מ""ל",false,12,19.90,3.9800,true,1,26203
7290108352092,false,משחת שיניים אורביטול,סנו,IL,משחת שיניים אורביטול בתוספת מלח 145גר,גרמים,145.00,100 גרם,false,24,17.90,12.3448,true,1,26200
7290108352108,false,משחת שיניים אורביטול,סנו,IL,משחת שיניים אורביטול רעננות חריפה 145גר,גרמים,145.00,100 גרם,false,24,15.90,10.9655,true,1,26201
7290108352115,false,מארז 3יח סבון אסלה מ,סנו,,מארז 3יח סבון אסלה מוצק אקונומיקה וואייב,יחידה,3.00,יחידה,false,1,10.90,3.6333,true,1,23106
7290108352139,false,גל כביסה אקולוגי 3לי,סנו,IL,גל כביסה אקולוגי 3ליטר גרין פאור,ליטרים,3.00,ליטר,false,1,29.90,9.9667,true,1,25072
7290108352146,false,סבון אסלות סנובון מג,,,סבון אסלות סנובון מגנוליה ונרולי 750מל,מיליליטרים,750.00,"100 מ""ל",false,1,11.90,1.5867,true,1,25165
7290108352153,false,סבון אסלות סנובון לו,,,סבון אסלות סנובון לוטוס סחלב 750מל,מיליליטרים,750.00,"100 מ""ל",false,1,11.90,1.5867,true,1,25166
7290108352214,false,קפסולות כביסה מקסימה,,IL,קפסולות כביסה מקסימה 40יח פרחוני,יחידה,40.00,יחידה,false,12,31.90,0.7975,true,1,24708
7290108352221,false,מ. אויר סנופרש מלון,,,מ. אויר סנופרש מלון מפנק 350מל,מיליליטרים,350.00,"100 מ""ל",false,1,13.90,3.9714,true,1,25167
7290108352269,false,מטליות לחות לניקוי ו,,IL,מטליות לחות לניקוי וחיטוי 99% 400יח בדלי,יחידה,400.00,יחידה,false,6,32.90,0.0822,true,1,24710
7290108352276,false,מטליות לחות לחיטוי ו,סנו,IL,מטליות לחות לחיטוי וניקוי רצפות 99% 10יח,יחידה,10.00,יחידה,false,12,17.90,1.7900,true,1,24283
7290108352283,false,נוזל רצפות לחיטוי ונ,סנו,IL,נוזל רצפות לחיטוי וניקוי סדרת 99% 2ליטר,ליטרים,2.00,ליטר,false,8,19.90,9.9500,true,1,24282
7290108352290,false,מארז 3יח מטליות לחיט,סנו,IL,מארז 3יח מטליות לחיטוי וניקוי 99% 50יח,יחידה,150.00,יחידה,false,8,23.90,0.1593,true,1,28743
7290108352320,false,מ. אויר סנופרש מלון,,,מ. אויר סנופרש מלון בוטיק 350מל,מיליליטרים,350.00,"100 מ""ל",false,1,13.90,3.9714,true,1,25168
7290108352337,false,מ.אויר סנו פרש מילוי,,,מ.אויר סנו פרש מילוי מלון מפנק 250מל,מיליליטרים,250.00,"100 מ""ל",false,1,14.90,5.9600,true,1,25170
7290108352344,false,מ.אויר סנו פרש מילוי,,,מ.אויר סנו פרש מילוי מלון בוטיק 250מל,מיליליטרים,250.00,"100 מ""ל",false,1,14.90,5.9600,true,1,25169
7290108352351,false,תרסיס לחיטוי משטחים,סנו,IL,תרסיס לחיטוי משטחים 99% 400מל,מיליליטרים,400.00,"100 מ""ל",false,12,22.90,5.7250,true,1,24714
7290108352368,false,תוסף לכביסה 3 ליטר,,,תוסף לכביסה 3 ליטר,ליטרים,3.00,ליטר,false,1,34.90,11.6333,true,1,32535
7290108352382,false,מגבונים לחיטוי משטחי,סנו,IL,מגבונים לחיטוי משטחים ואביזרים 99.9% 20י,יחידה,20.00,יחידה,false,12,10.90,0.5450,true,1,26226
7290108352399,false,נוזל ריצפז פרש הום 2,סנו,,נוזל ריצפז פרש הום 2ל בניחוח מרכך כביסה,ליטרים,2.00,ליטר,false,1,19.90,9.9500,true,1,40333
7290108352405,false,מבשם אויר פרש הום 30,סנו,IL,מבשם אויר פרש הום 300מל גרין גראס,מיליליטרים,300.00,"100 מ""ל",false,12,12.90,4.3000,true,1,26239
7290108352412,false,מבשם אויר פרש הום 30,סנו,IL,מבשם אויר פרש הום 300מל ורד אנגלי,מיליליטרים,300.00,"100 מ""ל",false,12,12.90,4.3000,true,1,26238
7290108352429,false,מבשם אויר פרש הום 30,סנו,IL,מבשם אויר פרש הום 300מל שמנים ארומטיים,מיליליטרים,300.00,"100 מ""ל",false,12,12.90,4.3000,true,1,26230
7290108352436,false,סבון אסלה סנובון שלי,,,סבון אסלה סנובון שלישייה מגנוליה ונרולי,יחידה,3.00,יחידה,false,1,14.90,4.9667,true,1,29999
7290108352443,false,סבון אסלה סנובון שלי,,,סבון אסלה סנובון שלישייה לוטוס וסחלב,יחידה,3.00,יחידה,false,1,14.90,4.9667,true,1,29998
7290108352450,false,נוזל ריצפז פרש הום 2,סנו,,נוזל ריצפז פרש הום 2ליטר ניחוח מרכך כביס,ליטרים,2.00,ליטר,false,1,19.90,9.9500,true,1,28745
7290108352474,false,מטהר אוויר סנומוד לי,,,מטהר אוויר סנומוד ליידי קוקו,מיליליטרים,150.00,"100 מ""ל",false,1,11.90,7.9333,true,1,29995
7290108352481,false,מטהר אוויר סנומוד נר,,,מטהר אוויר סנומוד נרסיסו,מיליליטרים,150.00,"100 מ""ל",false,1,11.90,7.9333,true,1,29994
7290108352498,false,מטהר אויר סנו פרש או,,,מטהר אויר סנו פרש אוטומטי+מילוי מ.בוטיק,יחידה,1.00,יחידה,false,1,39.90,39.9000,true,1,30966
7290108352511,false,נוזל מקסימה לניקוי ו,,,נוזל מקסימה לניקוי וחיטוי מכונת כביסה500,מיליליטרים,500.00,"100 מ""ל",false,12,14.90,2.9800,true,1,30970
7290108352528,false,מרסס לחיטוי וניקוי א,סנו,IL,מרסס לחיטוי וניקוי אמבטיה סדרת 99% 750מל,מיליליטרים,750.00,"100 מ""ל",false,12,14.90,1.9867,true,1,31565
7290108352535,false,דפי בישום לחים מקסימ,סנו,IL,דפי בישום לחים מקסימה למייבש כביסה 20יח,יחידה,20.00,יחידה,false,12,12.90,0.6450,true,1,39110
7290108352566,false,מרכך כביסה סנומקסימה,,,מרכך כביסה סנומקסימה 4 ליטר גוי,ליטרים,4.00,ליטר,false,1,21.90,5.4750,true,1,40989
7290108352573,false,מרכך כביסה סנומקסימה,,,מרכך כביסה סנומקסימה 4 ליטר קאלם,ליטרים,4.00,ליטר,false,1,21.90,5.4750,true,1,43261
7290108352597,false,מגבונים לניקוי כללי,סנו,,מגבונים לניקוי כללי 400יח בדלי,יחידה,400.00,יחידה,false,1,27.90,0.0697,true,1,13684
7290108352603,false,ממחטות אף סופט בוב ס,סנו,,ממחטות אף סופט בוב ספוג 56יח,יחידה,56.00,יחידה,false,1,7.90,0.1411,true,1,13686
7290108352641,false,מטליות מיקרופייבר לנ,סנו,,מטליות מיקרופייבר לניקוי כללי 3יח,יחידה,3.00,יחידה,false,1,14.90,4.9667,true,1,15184
7290108352672,false,מארז 2יח מטליות מיקר,סנו,,מארז 2יח מטליות מיקרופייבר לרצפות,יחידה,2.00,יחידה,false,1,19.90,9.9500,true,1,15185
7290108352689,false,כריות קרצוף 9יח ללכל,סנו,,כריות קרצוף 9יח ללכלוך קשה סנו סושי,יחידה,9.00,יחידה,false,1,11.90,1.3222,true,1,13413
7290108352696,false,ניילון נצמד רחב 100מ,,,ניילון נצמד רחב 100מטר 45סמ סנו סושי,מטרים,100.00,מטר,false,1,29.90,0.2990,true,1,18666
7290108352702,false,מארז שלישיית מגבונים,סנו,,מארז שלישיית מגבונים לחים לשירותים 48יח,יחידה,144.00,יחידה,false,1,14.90,0.1035,true,1,13298
7290108352788,false,שקיות זיפר 20יח לארג,סנו,IL,שקיות זיפר 20יח לארג סנו סושי,יחידה,20.00,יחידה,false,12,10.90,0.5450,true,1,19663
7290108352795,false,שקיות זיפר 50יחידות,סנו,IL,שקיות זיפר 50יחידות מדיום סנו סושי,יחידה,50.00,יחידה,false,12,10.90,0.2180,true,1,19664
7290108352801,false,שקיות אשפה לפחים קטנ,,,שקיות אשפה לפחים קטנים 100יח סנו סושי,יחידה,100.00,יחידה,false,1,18.90,0.1890,true,1,17484
7290108352818,false,מטלית  במבוק לניקוי,סנו,,מטלית  במבוק לניקוי 25/25סמ סנו סושי,יחידה,1.00,יחידה,false,12,8.90,8.9000,true,1,19046
7290108352825,false,ספוג הפלא נירוסטה סנ,סנו,IL,ספוג הפלא נירוסטה סנו סושי 3יח,יחידה,3.00,יחידה,false,12,10.90,3.6333,true,1,18016
7290108352849,false,מארז 3יח מטליות מיקר,סנו,,מארז 3יח מטליות מיקרופייבר דאקור סנו סוש,יחידה,3.00,יחידה,false,12,14.90,4.9667,true,1,28876
7290108352863,false,שקיות צליה 20יח סנו,,,שקיות צליה 20יח סנו סושי 38/25סמ לארג,יחידה,20.00,יחידה,false,12,7.90,0.3950,true,1,18664
7290108352870,false,שקיות צליה 10יח סנו,,,שקיות צליה 10יח סנו סושי 38/25סמ אקס אל,יחידה,10.00,יחידה,false,12,7.90,0.7900,true,1,18665
7290108352887,false,זוג מפות שולחן לבנות,,,זוג מפות שולחן לבנות סנו סושי,יחידה,2.00,יחידה,false,1,11.90,5.9500,true,1,19040
7290108352894,false,מפת שולחן חגיגית חד,סנו,IL,מפת שולחן חגיגית חד פעמי 270/120סמ,יחידה,1.00,יחידה,false,24,8.90,8.9000,true,1,19669
7290108352900,false,מגבות נייר סנו סושי,,IL,מגבות נייר סנו סושי 6 גלילים כפול,יחידה,6.00,יחידה,false,1,24.90,4.1500,true,1,21462
7290108352955,false,תבניות אינגליש 4יח,,IL,תבניות אינגליש 4יח  חד פעמי אקסטרה חזקות,יחידה,4.00,יחידה,false,1,16.90,4.2250,true,1,19473
7290108352962,false,תבניות עמוקות 3יח חד,,IL,תבניות עמוקות 3יח חד פעמי אקסטרה חזקות,יחידה,3.00,יחידה,false,1,16.90,5.6333,true,1,19475
7290108353006,false,שקיות  אוכל  נקשרות,,,שקיות  אוכל  נקשרות 250יח אקס אל,יחידה,250.00,יחידה,false,1,12.90,0.0516,true,1,20718
7290108353013,false,תבניות אפיה אינגליש,,IL,תבניות אפיה אינגליש קייק 5יח סנו סושי,יחידה,5.00,יחידה,false,1,15.90,3.1800,true,1,21904
7290108353020,false,תבניות אפיה מלבנית,,IL,תבניות אפיה מלבנית  גדולה 4יח סנו סושי,יחידה,4.00,יחידה,false,1,15.90,3.9750,true,1,21905
7290108353037,false,תבניות אפיה  עגולה,,IL,תבניות אפיה  עגולה  מנייר 4יח סנו סושי,יחידה,4.00,יחידה,false,1,15.90,3.9750,true,1,21906
7290108353068,false,כרית קרצוף עם  סיבי,סנו,IL,כרית קרצוף עם  סיבי נירוסטה 2יח סנו סושי,יחידה,2.00,יחידה,false,12,10.90,5.4500,true,1,21903
7290108353075,false,מפיות אירוח איכותיות,,IL,מפיות אירוח איכותיות 50יח תלת שכבתי,יחידה,50.00,יחידה,false,20,10.90,0.2180,true,1,20715
7290108353082,false,ממחטות אף סופט בקופס,,,ממחטות אף סופט בקופסה 120 יח,יחידה,120.00,יחידה,false,1,6.90,0.0575,true,1,21909
7290108353099,false,מארז 5יח ממחטות  אף,,,מארז 5יח ממחטות  אף סופט בניילון 100יח,יחידה,200.00,יחידה,false,10,13.90,0.0695,true,1,21910
7290108353334,false,שמפו כיף מונע קשקשים,,IL,שמפו כיף מונע קשקשים שמן עץ התה 700מל,מיליליטרים,700.00,"100 מ""ל",false,12,11.90,1.7000,true,1,22930
7290108353396,false,מב. שיניים אורביטול,סנו,IL,מב. שיניים אורביטול מקצועית 2יחידות 980,יחידה,2.00,יחידה,false,12,21.90,10.9500,true,1,26236
7290108353402,false,מב. שיניים אורביטול,סנו,IL,מב. שיניים אורביטול פחם 2 יח,יחידה,2.00,יחידה,false,12,21.90,10.9500,true,1,26237
7290108353433,false,מי פה אורביטול טריפל,,,מי פה אורביטול טריפל פרש 500מל,מיליליטרים,500.00,"100 מ""ל",false,1,19.90,3.9800,true,1,19156
7290108353471,false,סבון אסלה מוצק דיזיי,,IL,סבון אסלה מוצק דיזיין בניחוח ספא יחידה,יחידה,1.00,יחידה,false,12,7.50,7.5000,true,1,21455
7290108353488,false,סבון אסלה מוצק דיזיי,,IL,סבון אסלה מוצק דיזיין בניחוח מרכך כביסה,יחידה,1.00,יחידה,false,12,7.50,7.5000,true,1,21454
7290108353495,false,חוט דנטלי 50 מטר סנו,,,חוט דנטלי 50 מטר סנו,מטרים,50.00,מטר,false,1,11.90,0.2380,true,1,43276
7290108353501,false,שקיות אשפה גדולות במ,,IL,שקיות אשפה גדולות במיוחד 25יח 90/75סמ,יחידה,25.00,יחידה,false,12,21.90,0.8760,true,1,23103
7290108353525,false,תבניות אלומינים לארג,,IL,תבניות אלומינים לארג 4יח עם ידית אחיזה,יחידה,4.00,יחידה,false,24,16.90,4.2250,true,1,23110
7290108353532,false,שקיות אשפה חזקות 100,,IL,שקיות אשפה חזקות 100יח 65/54סמ,יחידה,100.00,יחידה,false,12,29.90,0.2990,true,1,23104
7290108353549,false,נייר אפיה 100יחידות,,IL,נייר אפיה 100יחידות 38/42סמ סנו סושי,יחידה,100.00,יחידה,false,24,22.90,0.2290,true,1,23105
7290108353556,false,נייר טואלט סופט 32יח,,,נייר טואלט סופט 32יח תלת שכבתי,יחידה,32.00,יחידה,false,1,39.90,1.2469,true,1,25171
7290108353648,false,שקיות אוכל מנייר 70י,סנו,IL,שקיות אוכל מנייר 70יח אקס אל,יחידה,70.00,יחידה,false,24,11.90,0.1700,true,1,26235
7290108353655,false,מפיות אירוח איכותיות,,IL,מפיות אירוח איכותיות 50יח תלת שכבתי לבן,יחידה,50.00,יחידה,false,20,10.90,0.2180,true,1,23108
7290108353662,false,מפת שולחן חד פעמי מו,סנו,IL,מפת שולחן חד פעמי מוטבעת 270/120סמ,יחידה,1.00,יחידה,false,24,8.90,8.9000,true,1,40988
7290108353679,false,מפות ניילון שקופות 1,סנו,IL,מפות ניילון שקופות 10יח סנו סושי,יחידה,10.00,יחידה,false,24,22.90,2.2900,true,1,24492
7290108353686,false,מטלית מיקרופייבר חלו,,,מטלית מיקרופייבר חלומית לרצפות סנו סושי,יחידה,1.00,יחידה,false,1,12.90,12.9000,true,1,28744
7290108353778,false,תחליב רחצה נקה 750מל,,,תחליב רחצה נקה 750מל שוודיה,מיליליטרים,750.00,"100 מ""ל",false,1,11.90,1.5867,true,1,28756
7290108353785,false,תחליב רחצה נקה 750מל,,,תחליב רחצה נקה 750מל מרוקו,מיליליטרים,750.00,"100 מ""ל",false,1,11.90,1.5867,true,1,28758
7290108353792,false,תחליב רחצה נקה 750מל,,,תחליב רחצה נקה 750מל יפן,מיליליטרים,750.00,"100 מ""ל",false,1,11.90,1.5867,true,1,28755
7290108353808,false,תחליב רחצה נקה 750מל,,,תחליב רחצה נקה 750מל מדגסקר,מיליליטרים,750.00,"100 מ""ל",false,1,11.90,1.5867,true,1,28757
7290108353891,false,דאודורנט קרמה רול או,סנו,IL,דאודורנט קרמה רול און 75מל מאסק,מיליליטרים,75.00,"100 מ""ל",false,12,15.90,21.2000,true,1,26225
7290108353907,false,דאודורנט קרמה רול או,סנו,IL,דאודורנט קרמה רול און 75מל קלאסי,מיליליטרים,75.00,"100 מ""ל",false,12,15.90,21.2000,true,1,26224
7290108353914,false,דאודורנט קרמה סטיק ל,סנו,IL,דאודורנט קרמה סטיק למון גראס אשכולית70מל,Unknown,0.00,Unknown,false,12,19.90,0.0000,true,1,31564
7290108353990,false,קרם גוף קרמה מאסק 50,,,קרם גוף קרמה מאסק 500 מל,מיליליטרים,500.00,"100 מ""ל",false,1,27.90,5.5800,true,1,30006
7290108354003,false,תחליב רחצה קרמה מועש,סנו,IL,תחליב רחצה קרמה מועשר 700מל גינגר,מיליליטרים,700.00,"100 מ""ל",false,12,17.90,2.5571,true,1,26214
7290108354034,false,סבון ידיים קרמה 300מ,סנו,IL,סבון ידיים קרמה 300מל חמאת שיאה וקוקוי,מיליליטרים,300.00,"100 מ""ל",false,12,12.90,4.3000,true,1,25592
7290108354065,false,גל רחצה קרמה מן פילי,,,גל רחצה קרמה מן פילינג 700מל,מיליליטרים,700.00,"100 מ""ל",false,1,14.90,2.1286,true,1,40336
7290108354140,false,מגבוני דאוד. קרליין,סנו,IL,מגבוני דאוד. קרליין נושם ורוד 20יח,יחידה,20.00,יחידה,false,12,12.90,0.6450,true,1,25593
7290108354157,false,מגבוני דאוד. קרליין,סנו,IL,מגבוני דאוד. קרליין נושם כתום 20יח,יחידה,20.00,יחידה,false,12,12.90,0.6450,true,1,26229
7290108354164,false,מארז 3יח אלסבון כיף,,,מארז 3יח אלסבון כיף מועשר בשמנים 500מל,ליטרים,1.50,ליטר,false,1,19.90,13.2667,true,1,28748
7290108354263,false,מש. שיניים אורביטול,,,מש. שיניים אורביטול חד קרן 70גר,גרמים,70.00,100 גרם,false,1,8.90,12.7143,true,1,30000
7290108354270,false,מרכך כביסה מקסימה מר,,,מרכך כביסה מקסימה מרוכז 1ליטר גוי,ליטרים,1.00,ליטר,false,1,17.90,17.9000,true,1,40990
7290108354355,false,מגבונים לניקוי ידיים,סנו,IL,מגבונים לניקוי ידיים 70%אלכוהול 20יח,יחידה,20.00,יחידה,false,12,11.90,0.5950,true,1,26227
7290108354430,false,שמפו כיף 700מל לשיקו,,IL,שמפו כיף 700מל לשיקום שמן קוקוס וקרטין,מיליליטרים,700.00,"100 מ""ל",false,12,11.90,1.7000,true,1,30004
7290108354447,false,מרכך כיף 700מל לשיקו,,IL,מרכך כיף 700מל לשיקום שמן קוקוס וקרטין,מיליליטרים,700.00,"100 מ""ל",false,12,11.90,1.7000,true,1,30005
7290108354485,false,מרכך קרליין לשיער אר,,,מרכך קרליין לשיער ארגן 700 מל חדש,מיליליטרים,700.00,"100 מ""ל",false,1,12.90,1.8429,true,1,40976
7290108354492,false,שמפו קרליין לשיער אר,,,שמפו קרליין לשיער ארגן 700 מל חדש,מיליליטרים,700.00,"100 מ""ל",false,1,12.90,1.8429,true,1,40975
7290108354591,false,תחליב רחצה נקה ביו 7,,,תחליב רחצה נקה ביו 750מל,מיליליטרים,750.00,"100 מ""ל",false,1,11.90,1.5867,true,1,43268
7290108354607,false,שמפו נקה 7 ביו 750מל,,,שמפו נקה 7 ביו 750מל,מיליליטרים,750.00,"100 מ""ל",false,1,11.90,1.5867,true,1,43269
7290108354614,false,מרכך נקה 7 ביו 750מל,,,מרכך נקה 7 ביו 750מל,מיליליטרים,750.00,"100 מ""ל",false,1,11.90,1.5867,true,1,43270
7290108354751,false,מרסס סנו גט לניקוי כ,סנו,,מרסס סנו גט לניקוי כללי+סודה 750מל,מיליליטרים,750.00,"100 מ""ל",false,1,11.90,1.5867,true,1,19358
7290108354768,false,קרם גוף קרמה 500 מל,,,קרם גוף קרמה 500 מל בניחוח דבש,מיליליטרים,500.00,"100 מ""ל",false,1,27.90,5.5800,true,1,35025
7290108354782,false,קרם גוף קרמה 500 מל,,,קרם גוף קרמה 500 מל גינגר ולמון גראס,מיליליטרים,500.00,"100 מ""ל",false,1,27.90,5.5800,true,1,28751
7290108354829,false,קרם ידיים קרמה 100מל,,,קרם ידיים קרמה 100מל ורד ווניל,מיליליטרים,100.00,"100 מ""ל",false,1,8.90,8.9000,true,1,28738
7290108354836,false,קרם ידיים קרמה מרוכז,סנו,IL,קרם ידיים קרמה מרוכז בישום עדין 50מל,Unknown,0.00,Unknown,false,12,16.90,0.0000,true,1,28747
7290108354850,false,דאודורנט קרמה רול או,סנו,IL,דאודורנט קרמה רול און 75מל בריזת ים,מיליליטרים,75.00,"100 מ""ל",false,12,15.90,21.2000,true,1,26218
7290108354911,false,שמפו גל רחצה וגילוח,,,שמפו גל רחצה וגילוח קרמה מן 3ב1 700מל,מיליליטרים,700.00,"100 מ""ל",false,1,19.90,2.8429,true,1,24490
7290108354973,false,סבון ידיים קרמה 300מ,סנו,IL,סבון ידיים קרמה 300מל ורד וניל,מיליליטרים,300.00,"100 מ""ל",false,12,12.90,4.3000,true,1,25591
7290108354980,false,קרם ידיים קרמה מרוכז,סנו,IL,קרם ידיים קרמה מרוכז ללא בישום 50מל,Unknown,0.00,Unknown,false,12,16.90,0.0000,true,1,28746
7290108355000,false,שמפו נקה 7 קידס מיני,סנו,,שמפו נקה 7 קידס מיניונים 750 מל,מיליליטרים,750.00,"100 מ""ל",false,1,11.90,1.5867,true,1,12773
7290108355017,false,מרכך נקה 7 קידס מיני,סנו,,מרכך נקה 7 קידס מיניונים 750 מל,מיליליטרים,750.00,"100 מ""ל",false,1,11.90,1.5867,true,1,12774
7290108355024,false,שמפו/מרכך נקה 7 קידס,סנו,,שמפו/מרכך נקה 7 קידס מיניונים 750 מל,מיליליטרים,750.00,"100 מ""ל",false,1,11.90,1.5867,true,1,12775
7290108355055,false,קרם לחות לשיער עם גל,קוסמופארם,,קרם לחות לשיער עם גלייז 400מל נטורל פורמ,מיליליטרים,400.00,"100 מ""ל",false,1,29.90,7.4750,true,1,14963
7290108355062,false,קרם לחות לשיער עם קר,קוסמופארם,,קרם לחות לשיער עם קרטין 400מל נטורל פורמ,מיליליטרים,400.00,"100 מ""ל",false,1,29.90,7.4750,true,1,14961
7290108355079,false,קרם לחות לשיער עם קו,קוסמופארם,,קרם לחות לשיער עם קוקוס 400מל נטורל פורמ,מיליליטרים,400.00,"100 מ""ל",false,1,29.90,7.4750,true,1,14962
7290108355086,false,גלייז לשיער נטורל פו,קוסמופארם,,גלייז לשיער נטורל פורמולה 350 מל,מיליליטרים,350.00,"100 מ""ל",false,1,39.90,11.4000,true,1,14964
7290108355147,false,אלסבון נקה 7 שמני הז,,,אלסבון נקה 7 שמני הזנה 750 מל,מיליליטרים,750.00,"100 מ""ל",false,1,11.90,1.5867,true,1,17827
7290108355154,false,שמפו נקה 7 שמני הזנה,,,שמפו נקה 7 שמני הזנה 750מל,מיליליטרים,750.00,"100 מ""ל",false,1,11.90,1.5867,true,1,17825
7290108355161,false,מרכך נקה 7 שמני הזנה,,,מרכך נקה 7 שמני הזנה 750מל,מיליליטרים,750.00,"100 מ""ל",false,1,11.90,1.5867,true,1,17826
7290108355178,false,קרם ידיים קרמה 100מל,,,קרם ידיים קרמה 100מל חמאת שיאה קוקוי,מיליליטרים,100.00,"100 מ""ל",false,1,8.90,8.9000,true,1,28739
7290108355185,false,מסכת שיער קרטין אינט,,,מסכת שיער קרטין אינטנס מונע קשקשים 350מל,מיליליטרים,350.00,"100 מ""ל",false,1,34.90,9.9714,true,1,16454
7290108355192,false,מרכך קרטין אינטנס מו,,,מרכך קרטין אינטנס מונע קשקשים 400מל,מיליליטרים,400.00,"100 מ""ל",false,1,27.90,6.9750,true,1,16456
7290108355208,false,שמפו קרטין אינטנס מו,,,שמפו קרטין אינטנס מונע קשקשים 400מל,מיליליטרים,400.00,"100 מ""ל",false,1,27.90,6.9750,true,1,16455
7290108355215,false,מסכת שיער קרטין אינט,נטורל פורמולה,,מסכת שיער קרטין אינטנס+משאבה 450מל,מיליליטרים,450.00,"100 מ""ל",false,1,44.90,9.9778,true,1,16582
7290108355253,false,גל רחצה לגבר נקה 7,,,גל רחצה לגבר נקה 7  750מל,מיליליטרים,750.00,"100 מ""ל",false,1,11.90,1.5867,true,1,18657
7290108355277,false,שמפו ומרכך נקה7 לגבר,,,שמפו ומרכך נקה7 לגבר 750מל,מיליליטרים,750.00,"100 מ""ל",false,1,11.90,1.5867,true,1,18655
7290108355284,false,תרסיס סירוק קל מתיר,,IL,תרסיס סירוק קל מתיר קשרים נקה 7 350מל,מיליליטרים,350.00,"100 מ""ל",false,12,16.90,4.8286,true,1,21447
7290108355291,false,קרם סירוק קל מתיר קש,,IL,קרם סירוק קל מתיר קשרים נקה 7 350מל,מיליליטרים,350.00,"100 מ""ל",false,12,16.90,4.8286,true,1,21446
7290108355307,false,שמפו נקה 7 סירוק קל,,IL,שמפו נקה 7 סירוק קל 750מל,מיליליטרים,750.00,"100 מ""ל",false,12,11.90,1.5867,true,1,21444
7290108355314,false,מרכך נקה 7 סירוק קל,,IL,מרכך נקה 7 סירוק קל 750מל,מיליליטרים,750.00,"100 מ""ל",false,12,11.90,1.5867,true,1,21445
7290108355451,false,דאודורנט קרמה רול או,סנו,IL,דאודורנט קרמה רול און 75מל ורד וניל,מיליליטרים,75.00,"100 מ""ל",false,12,15.90,21.2000,true,1,26223
7290108355468,false,דאודורנט קרמה רול או,סנו,IL,דאודורנט קרמה רול און 75מל מגנוליה,מיליליטרים,75.00,"100 מ""ל",false,12,15.90,21.2000,true,1,26221
7290108355482,false,דאודורנט קרמה רול או,סנו,IL,דאודורנט קרמה רול און 75מל לבנדר אקליפטו,מיליליטרים,75.00,"100 מ""ל",false,12,15.90,21.2000,true,1,26222
7290108355802,false,תחליב רחצה קרמה מועש,סנו,IL,תחליב רחצה קרמה מועשר 700מל ורד וניל,מיליליטרים,700.00,"100 מ""ל",false,12,17.90,2.5571,true,1,26217
7290108355949,false,תחליב רחצה קרמה מועש,סנו,IL,תחליב רחצה קרמה מועשר 700מל מגנוליה,מיליליטרים,700.00,"100 מ""ל",false,12,17.90,2.5571,true,1,26215
7290108356007,false,תחליב רחצה כיף גלידת,סנו,IL,תחליב רחצה כיף גלידת מרשמלו 700מל,מיליליטרים,700.00,"100 מ""ל",false,12,11.90,1.7000,true,1,19227
7290108356014,false,תחליב רחצה כיף מסקרפ,סנו,IL,תחליב רחצה כיף מסקרפונה ופירות 700מל,מיליליטרים,700.00,"100 מ""ל",false,12,11.90,1.7000,true,1,21464
7290108356021,false,תחליב רחצה כיף קרם ע,סנו,IL,תחליב רחצה כיף קרם עוגיות 700מל,מיליליטרים,700.00,"100 מ""ל",false,12,11.90,1.7000,true,1,19223
7290108356038,false,תחליב רחצה כיף גלידת,סנו,IL,תחליב רחצה כיף גלידת שוקולד תפוז700מל,מיליליטרים,700.00,"100 מ""ל",false,12,11.90,1.7000,true,1,19225
7290108356045,false,תחליב רחצה כיף גלידת,סנו,IL,תחליב רחצה כיף גלידת סוכריות גלי 700מל,מיליליטרים,700.00,"100 מ""ל",false,12,11.90,1.7000,true,1,19222
7290108356052,false,תחליב רחצה כיף גלידת,סנו,IL,תחליב רחצה כיף גלידת מנטה קפואה 700מל,מיליליטרים,700.00,"100 מ""ל",false,12,11.90,1.7000,true,1,20717
7290108356069,false,תחליב רחצה כיף גלידת,סנו,IL,תחליב רחצה כיף גלידת מרנג לימון 700מל,מיליליטרים,700.00,"100 מ""ל",false,12,11.90,1.7000,true,1,19226
7290108356083,false,תחליב רחצה כיף גלידת,סנו,IL,תחליב רחצה כיף גלידת סורבה מנגו 700מל,מיליליטרים,700.00,"100 מ""ל",false,12,11.90,1.7000,true,1,20716
7290108356090,false,שטיפה אינטימית קרמה,,,שטיפה אינטימית קרמה תרחיץ גל 220מל,מיליליטרים,220.00,"100 מ""ל",false,12,19.90,9.0455,true,1,30969
7290108356106,false,תחליב רחצה כיף מילק,סנו,IL,תחליב רחצה כיף מילק שקד 700 מל,מיליליטרים,700.00,"100 מ""ל",false,12,11.90,1.7000,true,1,19092
7290108356113,false,תחליב רחצה כיף מילק,סנו,IL,תחליב רחצה כיף מילק דבש 700 מל,מיליליטרים,700.00,"100 מ""ל",false,12,11.90,1.7000,true,1,19091
7290108356120,false,תחליב רחצה כיף מילק,סנו,IL,תחליב רחצה כיף מילק קוקוס וניל 700 מל,מיליליטרים,700.00,"100 מ""ל",false,12,11.90,1.7000,true,1,19094
7290108356137,false,תחליב רחצה כיף מילק,סנו,IL,תחליב רחצה כיף מילק לבנדר 700 מל,מיליליטרים,700.00,"100 מ""ל",false,12,11.90,1.7000,true,1,19093
7290108356151,false,תחליב רחצה כיף מילק,סנו,IL,תחליב רחצה כיף מילק מאסק יסמין 700 מל,מיליליטרים,700.00,"100 מ""ל",false,12,11.90,1.7000,true,1,19096
7290108356168,false,תחליב רחצה כיף מילק,סנו,IL,תחליב רחצה כיף מילק אוקיינוס 700 מל,מיליליטרים,700.00,"100 מ""ל",false,12,11.90,1.7000,true,1,19095
7290108356175,false,אלסבון כיף 1 ליטר אב,סנו,IL,אלסבון כיף 1 ליטר אבטיח ומנטה,ליטרים,1.00,ליטר,false,8,12.90,12.9000,true,1,26231
7290108356182,false,אלסבון כיף 1 ליטר תא,סנו,IL,אלסבון כיף 1 ליטר תאנה ותה ירוק,ליטרים,1.00,ליטר,false,8,12.90,12.9000,true,1,26232
7290108356199,false,אלסבון כיף 1 ליטר אפ,סנו,IL,אלסבון כיף 1 ליטר אפרסק ופלפל שחור,ליטרים,1.00,ליטר,false,8,12.90,12.9000,true,1,26233
7290108356229,false,גל גילוח קרמה קרבון,,,גל גילוח קרמה קרבון פאוור 200 מל,מיליליטרים,200.00,"100 מ""ל",false,1,11.90,5.9500,true,1,25782
7290108356274,false,מוס רחצה כיף 150מל ב,סנו,IL,מוס רחצה כיף 150מל בניחוח תות שמנת,מיליליטרים,150.00,"100 מ""ל",false,12,13.90,9.2667,true,1,39112
7290108356359,false,קרם לחות קרמה מן 400,,,קרם לחות קרמה מן 400מל לאחר גילוח,מיליליטרים,400.00,"100 מ""ל",false,1,27.90,6.9750,true,1,24491
7290108356373,false,גל לניקוי ידיים דמות,,,גל לניקוי ידיים דמות סיליקון מיניונים 30,יחידה,1.00,יחידה,false,10,9.90,9.9000,true,1,27677
7290108356489,false,תחליב רחצה כיף אפרסק,סנו,IL,תחליב רחצה כיף אפרסק וחמאת מורומורו 700מ,מיליליטרים,700.00,"100 מ""ל",false,12,11.90,1.7000,true,1,40985
7290108356519,false,שמפו קרליין לשיער רג,,,שמפו קרליין לשיער רגיל 700 מל חדש,מיליליטרים,700.00,"100 מ""ל",false,1,12.90,1.8429,true,1,40338
7290108356526,false,שמפו קרליין לשיער יב,,,שמפו קרליין לשיער יבש 700 מל חדש,מיליליטרים,700.00,"100 מ""ל",false,1,12.90,1.8429,true,1,40339
7290108356533,false,שמפו קרליין לשיער מת,,,שמפו קרליין לשיער מתולתל 700 מל חדש,מיליליטרים,700.00,"100 מ""ל",false,1,12.90,1.8429,true,1,40340
7290108356540,false,שמפו קרליין לשיער צב,,,שמפו קרליין לשיער צבוע 700 מל חדש,מיליליטרים,700.00,"100 מ""ל",false,1,12.90,1.8429,true,1,40341
7290108356557,false,שמפו קרליין למניעת ק,,,שמפו קרליין למניעת קשקשים 700 מל חדש,מיליליטרים,700.00,"100 מ""ל",false,1,12.90,1.8429,true,1,40342
7290108356564,false,מרכך קרליין שיער רגי,,,מרכך קרליין שיער רגיל 700 מל חדש,מיליליטרים,700.00,"100 מ""ל",false,1,12.90,1.8429,true,1,40343
7290108356571,false,מרכך קרליין שיער יבש,,,מרכך קרליין שיער יבש 700 מל חדש,מיליליטרים,700.00,"100 מ""ל",false,1,12.90,1.8429,true,1,40344
7290108356588,false,מרכך קרליין שיער מתו,,,מרכך קרליין שיער מתולתל 700 מל חדש,מיליליטרים,700.00,"100 מ""ל",false,1,12.90,1.8429,true,1,40345
7290108356595,false,מרכך קרליין שיער צבו,,,מרכך קרליין שיער צבוע 700 מל חדש,מיליליטרים,700.00,"100 מ""ל",false,1,12.90,1.8429,true,1,40346
7290108356854,false,מארז 5יח מגבוני בייב,סנו,,מארז 5יח מגבוני בייבי כיף בניחוח עדין,יחידה,5.00,יחידה,false,1,17.90,3.5800,true,1,29992
7290108356861,false,מארז 5יח מגבוני בייב,סנו,,מארז 5יח מגבוני בייבי כיף ללא בישום,יחידה,5.00,יחידה,false,1,17.90,3.5800,true,1,29993
7290108357004,false,שמפו כיף 700מל בניחו,,IL,שמפו כיף 700מל בניחוח ורד ושמן קוקוי,מיליליטרים,700.00,"100 מ""ל",false,12,11.90,1.7000,true,1,23111
7290108357011,false,מרכך כיף 700מל בניחו,,IL,מרכך כיף 700מל בניחוח ורד ושמן קוקוי,מיליליטרים,700.00,"100 מ""ל",false,12,11.90,1.7000,true,1,23112
7290108357028,false,תחליב רחצה כיף 700מל,,IL,תחליב רחצה כיף 700מל ורד ושמן קוקוי,מיליליטרים,700.00,"100 מ""ל",false,12,11.90,1.7000,true,1,23113
7290108357042,false,דאודורנט קרליין רול,,,דאודורנט קרליין רול און נושם ביו בלונס,מיליליטרים,75.00,"100 מ""ל",false,1,12.90,17.2000,true,1,40977
7290108357059,false,דאודורנט קרליין רול,,,דאודורנט קרליין רול און נושם ביו גארדן,מיליליטרים,75.00,"100 מ""ל",false,1,12.90,17.2000,true,1,40978
7290108357073,false,דאודורנט קרליין ספרי,,,דאודורנט קרליין ספריי נושם ביו בלוסום,מיליליטרים,200.00,"100 מ""ל",false,1,12.90,6.4500,true,1,40980
7290108357110,false,דאודורנט קרליין רול,,,דאודורנט קרליין רול און נושם ביו רוז,מיליליטרים,75.00,"100 מ""ל",false,1,12.90,17.2000,true,1,40979
7290108357189,false,סנו מקסימה למייבש 75,,,סנו מקסימה למייבש 750 מל פלורל טאצ,מיליליטרים,750.00,"100 מ""ל",false,1,17.90,2.3867,true,1,23107
7290108357196,false,מרסס סנו גט לניקוי כ,סנו,,מרסס סנו גט לניקוי כללי 750מל תמצית תה,מיליליטרים,750.00,"100 מ""ל",false,1,11.90,1.5867,true,1,32537
7290108357202,false,סנוקליר בלו בלוסום א,,,סנוקליר בלו בלוסום אקדח 1 ליטר,ליטרים,1.00,ליטר,false,1,11.90,11.9000,true,1,29996
7290108357226,false,אבקת סנו אוקסיגן 1.4,,,אבקת סנו אוקסיגן 1.4קג לבן בקופסא,גרמים,1400.00,100 גרם,false,12,31.90,2.2786,true,1,40349
7290108357233,false,מטליות לחות לניקוי ו,,,מטליות לחות לניקוי והברקה 50יח,יחידה,50.00,יחידה,false,24,11.90,0.2380,true,1,40353
7290108357240,false,אבקת סנו אוקסיגן 1.4,,,אבקת סנו אוקסיגן 1.4קג ירוק בקופסא,גרמים,1400.00,100 גרם,false,12,31.90,2.2786,true,1,40350
7290108357264,false,מ.אויר סנו פרש מילוי,,,מ.אויר סנו פרש מילוי אולטרה פרש 250מל,מיליליטרים,250.00,"100 מ""ל",false,1,14.90,5.9600,true,1,43273
7290108357271,false,סנובון אוקסי לניקוי,,,סנובון אוקסי לניקוי אסלות 750מל,מיליליטרים,750.00,"100 מ""ל",false,12,10.90,1.4533,true,1,43271
7290108357288,false,נוזל סנו זאול פריחה,,,נוזל סנו זאול פריחה לבנה 4 ליטר,ליטרים,4.00,ליטר,false,1,15.90,3.9750,true,1,40351
7290108357295,false,מסיר כתמים סנו אוקסי,,,מסיר כתמים סנו אוקסיגן לכביסה לבנה750 מל,מיליליטרים,750.00,"100 מ""ל",false,1,17.90,2.3867,true,1,43274
7290108357301,false,קוטל חרקים קיי 301 3,,,קוטל חרקים קיי 301 300מל,מיליליטרים,300.00,"100 מ""ל",false,1,12.90,4.3000,true,1,43267
7290108357394,false,תחליב רחצה קרמה מועש,סנו,IL,תחליב רחצה קרמה מועשר 700מל חלב ודבש,מיליליטרים,700.00,"100 מ""ל",false,12,17.90,2.5571,true,1,30965
7290108357400,false,תחליב רחצה קרמה מועש,סנו,IL,תחליב רחצה קרמה מועשר 700מל לבנדר,מיליליטרים,700.00,"100 מ""ל",false,12,17.90,2.5571,true,1,26216
7290108357417,false,קרם גוף קרמה 500 מל,,,קרם גוף קרמה 500 מל ורד וניל,מיליליטרים,500.00,"100 מ""ל",false,1,27.90,5.5800,true,1,28754
7290108357424,false,קרם גוף קרמה 500 מל,,,קרם גוף קרמה 500 מל נרולי ומגנוליה,מיליליטרים,500.00,"100 מ""ל",false,1,27.90,5.5800,true,1,28752
7290108357448,false,קרם גוף קרמה 500 מל,,,קרם גוף קרמה 500 מל לבנדר אקליפטוס,מיליליטרים,500.00,"100 מ""ל",false,1,27.90,5.5800,true,1,28753
7290108357493,false,תחליב רחצה קרמה מועש,סנו,IL,תחליב רחצה קרמה מועשר 700מל וניל ופלפל,מיליליטרים,700.00,"100 מ""ל",false,12,17.90,2.5571,true,1,30964
7290108357509,false,קרם גוף קרמה  500מל,,,קרם גוף קרמה  500מל וניל ופלפל ורוד,מיליליטרים,500.00,"100 מ""ל",false,1,27.90,5.5800,true,1,30007
7290108357516,false,סבון ידיים קרמה 500מ,סנו,IL,סבון ידיים קרמה 500מל וניל ופלפל אדום,מיליליטרים,500.00,"100 מ""ל",false,12,15.90,3.1800,true,1,32645
7290108357578,false,קרם ידיים קרמה 100מל,,,קרם ידיים קרמה 100מל וניל ופלפל ורוד,מיליליטרים,100.00,"100 מ""ל",false,1,8.90,8.9000,true,1,35024
7290108357707,false,שמפו כיף לשיער רגיל,,IL,שמפו כיף לשיער רגיל תפוח זרעי ציה 700מל,מיליליטרים,700.00,"100 מ""ל",false,12,11.90,1.7000,true,1,19670
7290108357714,false,שמפו כיף לשיער יבש ר,,IL,שמפו כיף לשיער יבש רימונים ושמן ארגן 700,מיליליטרים,700.00,"100 מ""ל",false,12,11.90,1.7000,true,1,19672
7290108357745,false,שמפו ומרכך כיף תאנה,,IL,שמפו ומרכך כיף תאנה מנטה 700מל,מיליליטרים,700.00,"100 מ""ל",false,12,11.90,1.7000,true,1,19676
7290108357769,false,מרכך כיף לשיער רגיל,,IL,מרכך כיף לשיער רגיל תפוח זרעי ציה 700מל,מיליליטרים,700.00,"100 מ""ל",false,12,11.90,1.7000,true,1,19671
7290108357776,false,מרכך כיף לשיער יבש ר,,IL,מרכך כיף לשיער יבש רימונים ושמן ארגן 700,מיליליטרים,700.00,"100 מ""ל",false,12,11.90,1.7000,true,1,19673
7290108357783,false,מרכך כיף לשיער דק וש,,IL,מרכך כיף לשיער דק ושביר גוגי ברי 700מל,מיליליטרים,700.00,"100 מ""ל",false,12,11.90,1.7000,true,1,19678
7290108357844,false,שקית מילוי כיף 1ליטר,סנו,IL,שקית מילוי כיף 1ליטר גנסינג,ליטרים,1.00,ליטר,false,12,9.90,9.9000,true,1,43264
7290108357851,false,תחליב רחצה כיף מילק,סנו,IL,תחליב רחצה כיף מילק שמן קוקוס 700 מל,מיליליטרים,700.00,"100 מ""ל",false,12,11.90,1.7000,true,1,40335
7290108357868,false,תחליב רחצה כיף מילק,סנו,IL,תחליב רחצה כיף מילק שמן מקדמיה 700 מל,מיליליטרים,700.00,"100 מ""ל",false,12,11.90,1.7000,true,1,40334
7290108357875,false,שמפו כיף לחות מוגברת,,IL,שמפו כיף לחות מוגברת אפרסק 700מל,מיליליטרים,700.00,"100 מ""ל",false,12,11.90,1.7000,true,1,40983
7290108357882,false,מרכך כיף לחות מוגברת,,IL,מרכך כיף לחות מוגברת אפרסק 700מל,מיליליטרים,700.00,"100 מ""ל",false,12,11.90,1.7000,true,1,40984
7290108358070,false,תחליב רחצה קרמה מועש,סנו,IL,תחליב רחצה קרמה מועשר 700מל קלאסי,מיליליטרים,700.00,"100 מ""ל",false,12,17.90,2.5571,true,1,27455
7290108358087,false,תחליב רחצה קרמה מועש,סנו,IL,תחליב רחצה קרמה מועשר 700מל ורד וניל,מיליליטרים,700.00,"100 מ""ל",false,12,17.90,2.5571,true,1,27456
7290108358100,false,מקלות מטהרי אויר פרש,,,מקלות מטהרי אויר פרש הום בייבי פאודר,Unknown,0.00,Unknown,false,12,19.90,0.0000,true,1,40356
7290108358117,false,מקלות מטהרי אויר פרש,,,מקלות מטהרי אויר פרש הום פרש לאוונדרי,Unknown,0.00,Unknown,false,12,19.90,0.0000,true,1,40355
7290108359008,false,שקיות זיפר+סליידר 15,,,שקיות זיפר+סליידר 15יח גודל לארג,יחידה,15.00,יחידה,false,12,13.90,0.9267,true,1,40332
7290108359015,false,שקיות זיפר+סליידר 20,,,שקיות זיפר+סליידר 20יח גודל מדיום,יחידה,20.00,יחידה,false,12,13.90,0.6950,true,1,40331
7290108359039,false,שקיות אשפה פחים גדול,,,שקיות אשפה פחים גדולים 30יח 60/90סמ,יחידה,30.00,יחידה,false,12,21.90,0.7300,true,1,30971
7290108359046,false,שקיות אשפה חזקות במי,סנו,,שקיות אשפה חזקות במיוחד 20יח סנו סושי,יחידה,20.00,יחידה,false,1,24.90,1.2450,true,1,32536
7290108359060,false,כריות ניקוי לשבת 4יח,סנו,IL,כריות ניקוי לשבת 4יח סנו סושי,יחידה,4.00,יחידה,false,12,12.90,3.2250,true,1,39113
7290108359077,false,ממחטות אף סופט לושן,,,ממחטות אף סופט לושן 3 שכבות 120יח,יחידה,120.00,יחידה,false,24,13.90,0.1158,true,1,40337
7290108359114,false,חמגשיות עם מכסה חד פ,,,חמגשיות עם מכסה חד פעמי 10יח סנו סושי,יחידה,10.00,יחידה,false,12,11.90,1.1900,true,1,43262
7290108359121,false,שקיות אשפה חזקות 100,,,שקיות אשפה חזקות 100יח בקופסא סנו סושי,יחידה,100.00,יחידה,false,8,59.90,0.5990,true,1,40347
7290108359138,false,שקיות אשפה חזקות 200,,,שקיות אשפה חזקות 200יח בקופסא סנו סושי,יחידה,200.00,יחידה,false,8,59.90,0.2995,true,1,40348
7290108359824,false,קרם גוף בייבי כיף 50,,IL,קרם גוף בייבי כיף 500 מל הידרומיסט 24,מיליליטרים,500.00,"100 מ""ל",false,12,23.90,4.7800,true,1,19364
7290108359831,false,שמן גוף בייבי כיף 50,,IL,שמן גוף בייבי כיף 500 מל הידרומיסט 24,מיליליטרים,500.00,"100 מ""ל",false,12,23.90,4.7800,true,1,19363
7290108359855,false,שמפו אלדמע בייבי כיף,,IL,שמפו אלדמע בייבי כיף 750 מל הידרומיסט 24,מיליליטרים,750.00,"100 מ""ל",false,12,15.90,2.1200,true,1,19362
7290108359879,false,אל סבון בייבי כיף 75,,IL,אל סבון בייבי כיף 750 מל הידרומיסט 24,מיליליטרים,750.00,"100 מ""ל",false,12,15.90,2.1200,true,1,19360
7290108359893,false,תחליב רחצה בייבי כיף,,IL,תחליב רחצה בייבי כיף 750 מל הידרומיסט 24,מיליליטרים,750.00,"100 מ""ל",false,12,15.90,2.1200,true,1,19361
7290108359985,false,סנו זאוול מרסס 1ליטר,,,סנו זאוול מרסס 1ליטר פריחה לבנה,ליטרים,1.00,ליטר,false,1,17.90,17.9000,true,1,40352
7290108501377,false,שפרוטים מריגה מעושני,Briavais Vilns,,שפרוטים מריגה מעושנים בשמן 160 גר,גרמים,160.00,100 גרם,false,1,9.90,6.1875,true,1,16290
7290108501407,false,גבינת צדר מיושנת 200,,GB,גבינת צדר מיושנת 200גרם וינטאג,גרמים,200.00,100 גרם,false,1,19.90,9.9500,true,1,21004
7290108501827,false,שערות קדאיף בצק 450ג,קאנקי,,שערות קדאיף בצק 450גר,גרמים,450.00,100 גרם,false,1,19.90,4.4222,true,1,17373
7290108501964,false,חטיף שקדים וצימוקים,ואמראליס,,חטיף שקדים וצימוקים האפי נאטס 35גר 140גר,גרמים,140.00,100 גרם,false,1,10.00,7.1429,true,1,17446
7290108501971,false,חטיף שקדים ומשמש האפ,ואמראליס,,חטיף שקדים ומשמש האפי נאטס 35גר 140גר,גרמים,140.00,100 גרם,false,1,10.00,7.1429,true,1,17447
7290108501988,false,חטיף שקדים וחמוציות,ואמראליס,,חטיף שקדים וחמוציות האפי נאטס 35גר 140גר,גרמים,140.00,100 גרם,false,1,10.00,7.1429,true,1,17445
7290108502268,false,קרקר איטלקי טעם טבעי,,IT,קרקר איטלקי טעם טבעי 250 גרם,גרמים,250.00,100 גרם,false,20,6.90,2.7600,true,1,43340
7290108502336,false,גבינת גורגונזולה איט,,IT,גבינת גורגונזולה איטלקית 150גר 29%שומן,גרמים,150.00,100 גרם,false,8,16.90,11.2667,true,1,44032
7290108502541,false,גבינת שמנת יורו ציז,אטלסר אנד אלפרי,DE,גבינת שמנת יורו ציז טבעי 200 גרם,גרמים,200.00,100 גרם,false,12,10.00,5.0000,true,1,19130
7290108502589,false,גבינת שמנת יורו ציז,אטלסר אנד אלפרי,DE,גבינת שמנת יורו ציז שום 200 גרם,גרמים,200.00,100 גרם,false,12,10.00,5.0000,true,1,19132
7290108502862,false,מלפפונים כבושים במלח,זיתור סאן גירה סני ו,TR,מלפפונים כבושים במלח 18-25 600 גר,גרמים,600.00,100 גרם,false,12,10.90,1.8167,true,1,18879
7290108503043,false,מארז 4יח חטיף תפוחונ,דונגפנג פוד קו,,מארז 4יח חטיף תפוחונים מיובשים 22 גרם,Unknown,0.00,Unknown,false,144,13.90,0.0000,true,1,18881
7290108503340,false,יוגורט יווני 150גר 0,,GR,יוגורט יווני 150גר 0%שומן,גרמים,150.00,100 גרם,false,6,5.80,3.8667,true,1,22417
7290108503364,false,יוגורט יווני עם לימו,,GR,יוגורט יווני עם לימון 150גר 0.9%שומן,גרמים,150.00,100 גרם,false,6,5.80,3.8667,true,1,22412
7290108503371,false,יוגורט יווני עם אפרס,,GR,יוגורט יווני עם אפרסק 150גר 0.9%שומן,גרמים,150.00,100 גרם,false,6,5.80,3.8667,true,1,22415
7290108504385,false,גבינת שמנת חלפינו יו,,IL,גבינת שמנת חלפינו יורו ציז  200גרם,גרמים,200.00,100 גרם,false,12,10.00,5.0000,true,1,23713
7290108504958,false,קוביות מנגו 300גר קפ,,RS,קוביות מנגו 300גר קפוא,גרמים,300.00,100 גרם,false,12,13.90,4.6333,true,1,24507
7290108505009,false,דובדבנים חמוצים 300ג,,RS,דובדבנים חמוצים 300גר קפוא,גרמים,300.00,100 גרם,false,12,13.90,4.6333,true,1,24503
7290108505016,false,תערובת פירות יער 300,,RS,תערובת פירות יער 300גר קפוא,גרמים,300.00,100 גרם,false,12,13.90,4.6333,true,1,24504
7290108505139,false,יוגורט יווני 150גרם,דלתא פודס,GR,יוגורט יווני 150גרם טבעי 0%שומן,גרמים,150.00,100 גרם,false,12,5.90,3.9333,true,1,25231
7290108505146,false,יוגורט יווני 150גרם,דלתא פודס,GR,יוגורט יווני 150גרם טבעי 2%שומן,גרמים,150.00,100 גרם,false,12,5.90,3.9333,true,1,25230
7290108505153,false,יוגורט יווני 150גרם,דלתא פודס,GR,יוגורט יווני 150גרם טבעי 10%שומן,גרמים,150.00,100 גרם,false,12,5.90,3.9333,true,1,25229
7290108505160,false,יוגורט יווני אגסים 1,דלתא פודס,GR,יוגורט יווני אגסים 150גרם 4% שומן,גרמים,150.00,100 גרם,false,6,5.90,3.9333,true,1,25236
7290108505177,false,יוגורט יווני אננס 15,דלתא פודס,GR,יוגורט יווני אננס 150גרם 0%שומן,גרמים,150.00,100 גרם,false,6,5.90,3.9333,true,1,25235
7290108505184,false,יוגורט יווני קוקוס 1,דלתא פודס,GR,יוגורט יווני קוקוס 150גר 5% שומן,גרמים,150.00,100 גרם,false,6,5.90,3.9333,true,1,25238
7290108505191,false,יוגורט יווני פצפוצי,דלתא פודס,GR,יוגורט יווני פצפוצי שוקולד 150גר 5% שומן,גרמים,150.00,100 גרם,false,6,5.90,3.9333,true,1,25237
7290108505207,false,יוגורט יווני אוכמניו,דלתא פודס,GR,יוגורט יווני אוכמניות 150גרם 0%שומן,גרמים,150.00,100 גרם,false,6,5.90,3.9333,true,1,25232
7290108505214,false,יוגורט יווני אפרסק 1,דלתא פודס,GR,יוגורט יווני אפרסק 150גרם 0%שומן,גרמים,150.00,100 גרם,false,6,5.90,3.9333,true,1,25234
7290108506037,false,יוגורט יווני טבעי 15,דלתא פודס,GR,יוגורט יווני טבעי 150גרם 5%שומן,גרמים,150.00,100 גרם,false,6,5.90,3.9333,true,1,31860
7290108506426,false,בייגלה סימיט קפוא 40,,TR,בייגלה סימיט קפוא 400גר,גרמים,400.00,100 גרם,false,10,16.90,4.2250,true,1,24502
7290108506488,false,סופלה  שוקולד  קפוא,,TR,סופלה  שוקולד  קפוא 2יח 100גר,גרמים,200.00,100 גרם,false,12,16.90,8.4500,true,1,24497
7290108506495,false,כנאפה קפוא 192.5גר,,TR,כנאפה קפוא 192.5גר,גרמים,193.00,100 גרם,false,42,13.90,7.2021,true,1,24498
7290108506969,false,בורקס מים טורקי גבינ,גידה,TR,בורקס מים טורקי גבינה 300גר,גרמים,300.00,100 גרם,false,1,14.90,4.9667,true,1,26782
7290108507010,false,בורקס מים טורקי תרד,גידה,TR,בורקס מים טורקי תרד גבינה 300גר,גרמים,300.00,100 גרם,false,1,14.90,4.9667,true,1,26783
7290108507188,false,כנאפה משפחתי קפוא 65,,TR,כנאפה משפחתי קפוא 657.5גר,גרמים,658.00,100 גרם,false,10,29.90,4.5441,true,1,27361
7290108508031,false,לפתן אננס שלם ויליפו,טקרנג,,לפתן אננס שלם ויליפוד 830 גרם,גרמים,830.00,100 גרם,false,1,10.90,1.3133,true,1,44348
7290108508369,false,גבינת ציז לונג 200גר,מוטיבי גידה דיירי אי,TR,גבינת ציז לונג 200גר,גרמים,200.00,100 גרם,false,12,19.90,9.9500,true,1,29797
7290108508543,false,אפונה מבושלת במי מלח,,TR,אפונה מבושלת במי מלח 700 גרם,גרמים,700.00,100 גרם,false,1,8.90,1.2714,true,1,38518
7290108508567,false,שעועית אדומה מבושלת,,TR,שעועית אדומה מבושלת 700 גרם,גרמים,700.00,100 גרם,false,1,8.90,1.2714,true,1,38516
7290108508765,false,קונכיות פתיתים 400 ג,,TR,קונכיות פתיתים 400 גרם צ,גרמים,400.00,100 גרם,false,1,7.90,1.9750,true,1,38519
7290108508901,false,יוגורט יווני דובדבן,דלתא פודס,GR,יוגורט יווני דובדבן שקד 150גרם 0%שומן,גרמים,150.00,100 גרם,false,6,5.90,3.9333,true,1,31858
7290108508918,false,יוגורט יווני לימון מ,דלתא פודס,GR,יוגורט יווני לימון מרנג 150גרם 0%שומן,גרמים,150.00,100 גרם,false,6,5.90,3.9333,true,1,31857
7290108508970,false,תה גרבה מטה 500 ג,אוסוואלדי קרוז בואנס,,תה גרבה מטה 500 ג,גרמים,500.00,100 גרם,false,1,16.90,3.3800,true,1,30677
7290108509052,false,מאפה פילו במילוי גבי,,GR,מאפה פילו במילוי גבינת פטה 400גר,גרמים,400.00,100 גרם,false,12,19.90,4.9750,true,1,31438
7290108509069,false,מאפה פילו במילוי ירק,,GR,מאפה פילו במילוי ירקות ירוקים 400גר,גרמים,400.00,100 גרם,false,12,19.90,4.9750,true,1,31439
7290108509397,false,עלי בצק פילו 360גרם,,GR,עלי בצק פילו 360גרם משולשים,גרמים,360.00,100 גרם,false,16,9.90,2.7500,true,1,43946
7290108509403,false,חלבה טורקית קלאסית 3,,TR,חלבה טורקית קלאסית 350 גרם,גרמים,350.00,100 גרם,false,12,9.90,2.8286,true,1,31969
7290108509410,false,חלבה טורקית עם קקאו,,TR,חלבה טורקית עם קקאו 350 גרם,גרמים,350.00,100 גרם,false,12,9.90,2.8286,true,1,31971
7290108509618,false,זית ירוק על הגריל מג,,TR,זית ירוק על הגריל מגולען 730 גרם,גרמים,730.00,100 גרם,false,12,24.90,3.4110,true,1,32752
7290108509625,false,זית ירוק עם פלפל על,,TR,זית ירוק עם פלפל על הגריל מגולען 730 גרם,גרמים,730.00,100 גרם,false,12,24.90,3.4110,true,1,32753
7290108509649,false,זית קלמטה מגולען 780,,TR,זית קלמטה מגולען 780 גרם,גרמים,780.00,100 גרם,false,12,17.90,2.2949,true,1,32754
7290108509700,false,אורז פרסי דאוואט 1 ק,אל.טי.פודס לימיטד,IN,אורז פרסי דאוואט 1 קג,קילוגרמים,1.00,"ק""ג",false,20,9.90,9.9000,true,1,39436
7290108620023,false,יין קפיטל קברנה סובנ,,,יין קפיטל קברנה סובניון 750 מל,מיליליטרים,750.00,"100 מ""ל",false,12,60.00,8.0000,true,1,40388
7290108620030,false,יין קפיטל מרלו 750 מ,,,יין קפיטל מרלו 750 מל,מיליליטרים,750.00,"100 מ""ל",false,12,60.00,8.0000,true,1,40389
7290108620054,false,יין אסטייט קברנה סוב,,,יין אסטייט קברנה סוביניון 750 מל,מיליליטרים,750.00,"100 מ""ל",false,12,40.00,5.3333,true,1,40382
7290108620061,false,יין אסטייט שיראז 750,,,יין אסטייט שיראז 750 מל,מיליליטרים,750.00,"100 מ""ל",false,12,40.00,5.3333,true,1,40383
7290108620078,false,יין אסטייט מרלו 750,,,יין אסטייט מרלו 750 מל,מיליליטרים,750.00,"100 מ""ל",false,12,40.00,5.3333,true,1,40384
7290108620085,false,יין אסטייט שרדונה 75,,,יין אסטייט שרדונה 750 מל,מיליליטרים,750.00,"100 מ""ל",false,12,40.00,5.3333,true,1,40385
7290108620108,false,יין אימפריאל קברנה ס,,IL,יין אימפריאל קברנה סוביניון 750 מל,מיליליטרים,750.00,"100 מ""ל",false,12,35.00,4.6667,true,1,42710
7290108620115,false,יין אימפריאל מרלו 75,,IL,יין אימפריאל מרלו 750 מל,מיליליטרים,750.00,"100 מ""ל",false,12,35.00,4.6667,true,1,42711
7290108620160,false,יין אימפריאל סוביניו,,IL,יין אימפריאל סוביניון בלאן 750 מל,מיליליטרים,750.00,"100 מ""ל",false,12,35.00,4.6667,true,1,42712
7290108620306,false,יין אימפריאל קברנה ס,,IL,יין אימפריאל קברנה סוביניון 375 מל,מיליליטרים,375.00,"100 מ""ל",false,12,25.00,6.6667,true,1,39843
7290108620313,false,יין אימפריאל רוזה 37,,IL,יין אימפריאל רוזה 375 מל,מיליליטרים,375.00,"100 מ""ל",false,12,25.00,6.6667,true,1,39844
7290108620320,false,יין אימפריאל סובניון,,IL,יין אימפריאל סובניון בלאן 375 מל,מיליליטרים,375.00,"100 מ""ל",false,12,25.00,6.6667,true,1,39845
7290108621143,false,יין אוריינט אדום דור,יקב 1848,,יין אוריינט אדום דור 5 750 מל,מיליליטרים,750.00,"100 מ""ל",false,1,70.00,9.3333,true,1,39751
7290108980301,false,מברשת למנגל/גריל מקצ,,,מברשת למנגל/גריל מקצועי,יחידה,1.00,יחידה,false,1,34.90,34.9000,true,1,30537
7290108980790,false,כותש שום פטנט גוי,shi ba zi kitchnware,,כותש שום פטנט גוי,יחידה,1.00,יחידה,false,1,31.90,31.9000,true,1,12307
7290108981599,false,מאג טרמי צבעוני,מגי,,מאג טרמי צבעוני,יחידה,1.00,יחידה,false,1,26.90,26.9000,true,1,12810
7290108982886,false,מחבת 14סמ צבעוני,,CN,מחבת 14סמ צבעוני,יחידה,1.00,יחידה,false,1,31.90,31.9000,true,1,29943
7290108986877,false,קערת זכוכית 0.5ליטר,,,קערת זכוכית 0.5ליטר עגולה גלאס 14/6.5סמ,יחידה,1.00,יחידה,false,1,11.90,11.9000,true,1,21798
7290108986884,false,קערת זכוכית 1ליטר עג,,,קערת זכוכית 1ליטר עגולה גלאס 16/8סמ,יחידה,1.00,יחידה,false,1,16.90,16.9000,true,1,21797
7290108986891,false,קערת זכוכית 1.5ליטר,,,קערת זכוכית 1.5ליטר עגולה גלאס,יחידה,1.00,יחידה,false,1,26.90,26.9000,true,1,21796
7290108986907,false,קערת זכוכית 2ליטר עג,,,קערת זכוכית 2ליטר עגולה גלאס 20.5/10.5סמ,יחידה,1.00,יחידה,false,1,32.90,32.9000,true,1,21799
7290109351025,false,מלך החומוס חומוסטחינ,צבר,,מלך החומוס חומוסטחינה 400 גרם צבר,גרמים,400.00,100 גרם,false,1,11.90,2.9750,true,1,12350
7290109351957,false,פריכיות פיטנס שוקולד,הרטו בלגיה,,פריכיות פיטנס שוקולד חלב 100 גר,גרמים,100.00,100 גרם,false,1,7.90,7.9000,true,1,13861
7290109351971,false,פריכיות פיטנס בר שוק,פרח תעשיות,,פריכיות פיטנס מצופות שוקולד חלב84 גר,Unknown,0.00,Unknown,false,1,11.90,0.0000,true,1,13741
7290109352916,false,פריכיות פיטנס בר שוק,פרח תעשיות,,פריכיות פיטנס מצופות שוקולד לבן84 גר,Unknown,0.00,Unknown,false,1,11.90,0.0000,true,1,13742
7290109353494,false,פסטה פרפקטו פראפלה 5,זארה,,פסטה פרפקטו פראפלה 500 ג,גרמים,500.00,100 גרם,false,1,6.90,1.3800,true,1,13518
7290109353517,false,אטריות פרפקטו פפרדלה,זארה,,אטריות פרפקטו פפרדלה 500 ג,גרמים,500.00,100 גרם,false,1,7.50,1.5000,true,1,13520
7290109353753,false,פסטה פרפקטו ספירלי ט,זארה,,פסטה פרפקטו ספירלי טריו 500 ג,גרמים,500.00,100 גרם,false,1,6.90,1.3800,true,1,13519
7290109354057,false,מאגדת לה פרוטה מיקס,גלידות נסטלה,,מאגדת לה פרוטה מיקס תפוז אננס 350גר,יחידה,5.00,יחידה,false,1,25.90,5.1800,true,1,13186
7290109354101,false,לחמית ללא גלוטן 200ג,"אסם תעשיות בע""מ",,לחמית ללא גלוטן 200גר,גרמים,190.00,100 גרם,false,1,8.90,4.6842,true,1,14936
7290109354972,false,ביסקויט פתיבר קלאסי,"אסם תעשיות בע""מ",,ביסקויט פתיבר קלאסי ללא גלוטן 200 גרם,גרמים,200.00,100 גרם,false,1,8.90,4.4500,true,1,13368
7290109354996,false,ביסקויט פתיבר שוקו ל,"אסם תעשיות בע""מ",,ביסקויט פתיבר שוקו ללא גלוטן 200 גרם,גרמים,200.00,100 גרם,false,1,8.90,4.4500,true,1,13369
7290109356556,false,חטיפי קרקר כשלפ 170,"אסם תעשיות בע""מ",,חטיפי קרקר כשלפ 170 גר,גרמים,170.00,100 גרם,false,1,6.90,4.0588,true,1,14356
7290109358260,false,נקניקיות טבעול עם חל,טבעול ישראל,,נקניקיות טבעול עם חלבון 600 גרם,גרמים,600.00,100 גרם,false,1,29.90,4.9833,true,1,14930
7290109358284,false,שניצל תירס עם חלבון,טבעול ישראל,,שניצל תירס עם חלבון טבעול 664 גר,גרמים,664.00,100 גרם,false,1,29.90,4.5030,true,1,14929
7290109358765,false,דגני קראנץ רולס 450,"אסם תעשיות בע""מ",,דגני בוקר קראנץ רולס 450 גר,גרמים,450.00,100 גרם,false,1,22.90,5.0889,true,1,15004
7290109580043,false,שניצל טבע תירס קלאסי,,IL,שניצל טבע תירס קלאסי 1.75קג,גרמים,1750.00,100 גרם,false,6,49.90,2.8514,true,1,42250
7290109580050,false,נקניקיות צוריסוס וונ,,IL,נקניקיות צוריסוס וונדרס 226גר,גרמים,226.00,100 גרם,false,6,27.90,12.3451,true,1,42257
7290109580067,false,טחון וונדרס 340גר,,IL,טחון וונדרס 340גר,גרמים,340.00,100 גרם,false,6,27.90,8.2059,true,1,42258
7290109580098,false,נקניק קבנוס סרירצה 1,,IL,נקניק קבנוס סרירצה 135גר,גרמים,135.00,100 גרם,false,12,9.90,7.3333,true,1,42249
7290109580104,false,נקניק רוסביף 150 גרם,,IL,נקניק רוסביף 150 גרם פרימיום,גרמים,150.00,100 גרם,false,8,24.90,16.6000,true,1,42233
7290109580111,false,נקניק צלעות אסאדו מע,,IL,נקניק צלעות אסאדו מעושנות 120גר פרימיום,גרמים,120.00,100 גרם,false,8,24.90,20.7500,true,1,42238
7290109580135,false,נקניק קורנדביף 180גר,,IL,נקניק קורנדביף 180גרם פרימיום,גרמים,180.00,100 גרם,false,8,24.90,13.8333,true,1,42235
7290109580159,false,פסטרמה בנוסח טוסקנה,,IL,פסטרמה בנוסח טוסקנה 180גר פרימיום,גרמים,180.00,100 גרם,false,8,24.90,13.8333,true,1,42236
7290109580166,false,נקניק סרוולד קלאסי 1,,IL,נקניק סרוולד קלאסי 150גר פרימיום,גרמים,150.00,100 גרם,false,8,24.90,16.6000,true,1,42237
7290109580210,false,נקניקיות ריינהולדס ה,,IL,נקניקיות ריינהולדס הצרפתיה 300גר,גרמים,300.00,100 גרם,false,6,19.90,6.6333,true,1,42241
7290109580227,false,נקניקיות קאריוורסט ר,,IL,נקניקיות קאריוורסט ריינהולדס 300גר,גרמים,300.00,100 גרם,false,6,19.90,6.6333,true,1,42242
7290109580234,false,נקניקיות מרגז וונדרס,,IL,נקניקיות מרגז וונדרס 226גר,גרמים,226.00,100 גרם,false,6,27.90,12.3451,true,1,42260
7290109580241,false,נאגטס מן הצומח 500גר,,IL,נאגטס מן הצומח 500גר,גרמים,500.00,100 גרם,false,12,22.90,4.5800,true,1,42298
7290109580319,false,בורגר וונדרס 280גר,,IL,בורגר וונדרס 280גר,גרמים,280.00,100 גרם,false,6,27.90,9.9643,true,1,42261
7290109580449,false,נקניק סלמי בטעם כמהי,,IL,נקניק סלמי בטעם כמהין 180גר פרימיום,גרמים,180.00,100 גרם,false,8,24.90,13.8333,true,1,42297
7290109640020,false,תחליף בסגנון מוצרלה,וי גרדן,,תחליף בסגנון מוצרלה 300 גרם משומשו,גרמים,300.00,100 גרם,false,1,19.90,6.6333,true,1,13370
7290109640198,false,תחליף גבינה לפיצה וא,וי גרדן,,תחליף גבינה לפיצה ואפיה 200גר משומשו,גרמים,200.00,100 גרם,false,1,19.90,9.9500,true,1,14730
7290109640204,false,גוש בסגנון חלומי 250,,IL,גוש בסגנון חלומי 250גר 18%שומן משומשו,גרמים,250.00,100 גרם,false,1,20.90,8.3600,true,1,14731
7290109640372,false,ממרח זיתים 200גר 9%,,IL,ממרח זיתים 200גר 9% על בסיס קוקוס משומשו,גרמים,200.00,100 גרם,false,1,15.90,7.9500,true,1,19327
7290109640396,false,ממרח שום שמיר 200גר,,IL,ממרח שום שמיר 200גר 9% בסיס קוקוס משומשו,גרמים,200.00,100 גרם,false,1,15.90,7.9500,true,1,19330
7290109640402,false,ממרח טבעי  200גר 9%,,IL,ממרח טבעי  200גר 9% על בסיס קוקוס משומשו,גרמים,200.00,100 גרם,false,1,15.90,7.9500,true,1,19328
7290109640631,false,בסגנון לאבנה 200גרם,,IL,בסגנון לאבנה 200גרם על בסיס קוקוס,גרמים,200.00,100 גרם,false,1,15.90,7.9500,true,1,27772
7290109640648,false,ממרח בטעם חמאה 150גר,,,ממרח בטעם חמאה 150גר משומשו,גרמים,150.00,100 גרם,false,1,12.90,8.6000,true,1,30136
7290109640761,false,מאפה פילאס מילוי פטה,,,מאפה פילאס מילוי פטה טבעונית 600גר משומש,גרמים,600.00,100 גרם,false,1,24.90,4.1500,true,1,30403
7290109640778,false,מאפה פילאס בסגנון בש,,,מאפה פילאס בסגנון בשר 600גר משומשו,גרמים,600.00,100 גרם,false,1,24.90,4.1500,true,1,30404
7290109640785,false,מאפה פילאס בסגנון פי,,,מאפה פילאס בסגנון פיצה 600גר משומשו,גרמים,600.00,100 גרם,false,1,24.90,4.1500,true,1,30405
7290109920061,false,ספריי מסיר חומרים נד,ריינבו,CN,ספריי מסיר חומרים נדבקים 450מל,מיליליטרים,450.00,"100 מ""ל",false,12,29.90,6.6444,true,1,39641
7290109920146,false,מסיר אבן דורגול קומק,דורינג,,מסיר אבן דורגול קומקום 750מל,מיליליטרים,750.00,"100 מ""ל",false,1,21.90,2.9200,true,1,13503
7290109920153,false,אבקה להלבנת כביסה לב,סאמיט,,אבקה להלבנת כביסה לבנה 790 גר וויט בריט,גרמים,790.00,100 גרם,false,1,29.90,3.7848,true,1,14018
7290109920221,false,ספריי שימון לרכב גמב,ריינבו,CN,ספריי שימון לרכב גמבו 235 מל,מיליליטרים,235.00,"100 מ""ל",false,24,29.90,12.7234,true,1,14602
7290109920313,false,מרסס אסטוניש מבריק ש,אסטוניש,,מרסס אסטוניש מבריק שמשות 750 מל,מיליליטרים,750.00,"100 מ""ל",false,1,11.90,1.5867,true,1,16106
7290109920597,false,מרסס אסטוניש למקלחון,אסטוניש,,מרסס אסטוניש למקלחון 750 מל,מיליליטרים,750.00,"100 מ""ל",false,1,11.90,1.5867,true,1,16108
7290109920627,false,קרם ניקוי אסטוניש אק,,,קרם ניקוי אסטוניש אקונומיקה 500 מל,מיליליטרים,500.00,"100 מ""ל",false,1,11.90,2.3800,true,1,16671
7290109920665,false,מרסס אסטוניש מסיר או,אסטוניש,,מרסס אסטוניש מסיר אוכל שרוף 750 מל,מיליליטרים,750.00,"100 מ""ל",false,1,11.90,1.5867,true,1,16110
7290109920672,false,אבקה למדיח הפי 1.4קג,קלרו,,אבקה למדיח הפי 1.4קג,קילוגרמים,1.40,"ק""ג",false,1,27.90,19.9286,true,1,16117
7290109920740,false,מרכך כביסה הפי מרוכז,וונדפוט,,מרכך כביסה הפי מרוכז 1 ליטר לבנדר,ליטרים,1.00,ליטר,false,1,9.90,9.9000,true,1,16116
7290109920757,false,מרכך כביסה הפי מרוכז,וונדפוט,,מרכך כביסה הפי מרוכז 1 ליטר ורדים,ליטרים,1.00,ליטר,false,1,9.90,9.9000,true,1,16115
7290109920795,false,נוזל ניקוי רב תכליתי,אסטוניש,,נוזל ניקוי רב תכליתי אסטוניש לבנדר 1ליטר,ליטרים,1.00,ליטר,false,1,9.90,9.9000,true,1,16672
7290109920818,false,נוזל ניקוי רב תכליתי,אסטוניש,,נוזל ניקוי רב תכליתי אסטוניש לימון 1ליטר,ליטרים,1.00,ליטר,false,1,9.90,9.9000,true,1,16673
7290109920825,false,מסיר אבן מכונת קפה ד,,,מסיר אבן מכונת קפה דורגול אספרסו 500מל,מיליליטרים,500.00,"100 מ""ל",false,1,29.90,5.9800,true,1,19142
7290109920849,false,מרסס אסטוניש לניקוי,אסטוניש,,מרסס אסטוניש לניקוי רב תכליתי 750 מל,מיליליטרים,750.00,"100 מ""ל",false,1,11.90,1.5867,true,1,16111
7290109920870,false,נוזל לכביסה שחורה וכ,וונדפוט,BE,נוזל לכביסה שחורה וכהה הפי 1 ליטר,ליטרים,1.00,ליטר,false,12,14.90,14.9000,true,1,18082
7290109920887,false,נוזל לכביסת צמר ומשי,וונדפוט,BE,נוזל לכביסת צמר ומשי הפי 1 ליטר,ליטרים,1.00,ליטר,false,12,14.90,14.9000,true,1,18084
7290109920894,false,גל לשטיפת רצפות הפי,וונדפוט,BE,גל לשטיפת רצפות הפי 1 ליטר גל דה ליין,ליטרים,1.00,ליטר,false,12,9.90,9.9000,true,1,18086
7290109920917,false,גל לניקוי אסלות עם כ,וונדפוט,,גל לניקוי אסלות עם כלור הפי 750מל,מיליליטרים,750.00,"100 מ""ל",false,1,7.90,1.0533,true,1,18386
7290109921075,false,מחטא בגדים דזיטול 50,,,מחטא בגדים דזיטול 500מל,מיליליטרים,500.00,"100 מ""ל",false,1,15.90,3.1800,true,1,44894
7290109921129,false,מרכך כביסה הפי מרוכז,וונדפוט,,מרכך כביסה הפי מרוכז 1 ליטר סיגליות,ליטרים,1.00,ליטר,false,1,9.90,9.9000,true,1,18385
7290109921280,false,נוזל לניקוי רצפות 3ל,,BE,נוזל לניקוי רצפות 3ליטר הפי גל דה ליין,ליטרים,3.00,ליטר,false,4,26.90,8.9667,true,1,20425
7290109921303,false,סופג לחות טורבולן 2י,,,סופג לחות טורבולן 2יח,יחידה,2.00,יחידה,false,1,31.90,15.9500,true,1,19146
7290109921334,false,דפי בד לכביסה פרוטקט,מרקה,,דפי בד לכביסה פרוטקט קולור 15 דף,יחידה,15.00,יחידה,false,1,12.90,0.8600,true,1,19839
7290109921372,false,משחה לתנורים אסטוניש,אסטוניש,GB,משחה לתנורים אסטוניש+ספוג,גרמים,500.00,100 גרם,false,1,19.90,3.9800,true,1,20426
7290109921389,false,נוזל השיפוצניק לניקו,,TR,נוזל השיפוצניק לניקוי רצפות 900מל,מיליליטרים,900.00,"100 מ""ל",false,12,19.90,2.2111,true,1,20428
7290109921488,false,דורגול למכונת כביסה,דורינג,CH,דורגול למכונת כביסה ניקוי וחיטוי 500מל,מיליליטרים,500.00,"100 מ""ל",false,10,29.90,5.9800,true,1,22347
7290109921563,false,נוזל לשטיפת  רצפות,וונדפוט,BE,נוזל לשטיפת  רצפות  שיש 1.25ליטר,מיליליטרים,1250.00,"100 מ""ל",false,9,14.90,1.1920,true,1,22348
7290109921570,false,נוזל לשטיפת  רצפות,וונדפוט,BE,נוזל לשטיפת  רצפות  פרקט 1.25ליטר,מיליליטרים,1250.00,"100 מ""ל",false,9,14.90,1.1920,true,1,22350
7290109921587,false,נוזל לשטיפת  רצפות ג,וונדפוט,BE,נוזל לשטיפת  רצפות גרניט פורצלן 1.25ליטר,מיליליטרים,1250.00,"100 מ""ל",false,9,14.90,1.1920,true,1,22349
7290109921686,false,מטליות לחות לניקוי ר,,DE,מטליות לחות לניקוי רהיטים פוליבוי 24יח,יחידה,24.00,יחידה,false,10,11.90,0.4958,true,1,23472
7290109921723,false,גל לניקוי אסלות דורג,וונדפוט,,גל לניקוי אסלות דורגול 750מל,מיליליטרים,750.00,"100 מ""ל",false,1,19.90,2.6533,true,1,28953
7290109921747,false,מארז 3יח סבון אסלה 5,רלווי,IT,מארז 3יח סבון אסלה 5 טיפות,יחידה,3.00,יחידה,false,12,17.90,5.9667,true,1,30762
7290109921815,false,אמבט הברקה לסכום כסף,,NL,אמבט הברקה לסכום כסף 580מל,גרמים,580.00,100 גרם,false,1,49.90,8.6034,true,1,27571
7290109921853,false,משחת אסטוניש לניקוי,אסטוניש,,משחת אסטוניש לניקוי עם עוצמה 150גר,גרמים,150.00,100 גרם,false,1,18.90,12.6000,true,1,28952
7290109921952,false,גל כביסה הפי 2.5ליטר,וונדפוט,,גל כביסה הפי 2.5ליטר סופר אקטיב ירוק,ליטרים,2.50,ליטר,false,1,24.90,9.9600,true,1,30730
7290109921969,false,גל כביסה הפי 2.5ליטר,וונדפוט,,גל כביסה הפי 2.5ליטר סופר קולור כחול,ליטרים,2.50,ליטר,false,1,24.90,9.9600,true,1,30731
7290109921976,false,גל כביסה הפי 2.5ליטר,וונדפוט,,גל כביסה הפי 2.5ליטר סופר בייבי לבן,ליטרים,2.50,ליטר,false,1,24.90,9.9600,true,1,30732
7290109922010,false,מחטא אויר ומשמיד חיי,אטקה,TR,מחטא אויר ומשמיד חיידקים 75% 500מל,מיליליטרים,500.00,"100 מ""ל",false,12,19.90,3.9800,true,1,30767
7290109922843,false,האקונומיקה המובילה ב,,BE,האקונומיקה המובילה באירופה 2ליטר,ליטרים,2.00,ליטר,false,6,11.90,5.9500,true,1,39639
7290109922867,false,גל כביסה+מרכך סופרו,וונדפוט,BE,גל כביסה+מרכך סופרו 2.5ליטר,ליטרים,2.50,ליטר,false,5,24.90,9.9600,true,1,39638
7290109922881,false,מרסס דורגול למטבח 60,דורינג,DE,מרסס דורגול למטבח 600מל,מיליליטרים,600.00,"100 מ""ל",false,12,24.90,4.1500,true,1,42649
7290109922898,false,ספריי דזיטול לחיטוי,מרקה,ES,ספריי דזיטול לחיטוי משטחים 400מל,מיליליטרים,400.00,"100 מ""ל",false,12,19.90,4.9750,true,1,39637
7290109922911,false,דזיטול חיטוי נעליים,מרקה,ES,דזיטול חיטוי נעליים מפטריות חיידקים וריח,מיליליטרים,150.00,"100 מ""ל",false,12,19.90,13.2667,true,1,42652
7290109923024,false,מרסס אסטוניש פרימיום,אסטוניש,GB,מרסס אסטוניש פרימיום למטבח 750מל,מיליליטרים,750.00,"100 מ""ל",false,12,13.90,1.8533,true,1,40969
7290109923031,false,מרסס אסטוניש פרימיום,אסטוניש,GB,מרסס אסטוניש פרימיום למקלחון 750מל,מיליליטרים,750.00,"100 מ""ל",false,12,13.90,1.8533,true,1,40970
7290109923048,false,מרסס אסטוניש פרימיום,אסטוניש,GB,מרסס אסטוניש פרימיום לכל הבית 750מל,מיליליטרים,750.00,"100 מ""ל",false,12,13.90,1.8533,true,1,40971
7290109923079,false,נוזל דזיטול מרוכז לח,מרקה,ES,נוזל דזיטול מרוכז לחיטוי כללי ולרצפות 2ל,ליטרים,2.00,ליטר,false,6,19.90,9.9500,true,1,42651
7290109923093,false,קרם אסטוניש כיריים ה,אסטוניש,GB,קרם אסטוניש כיריים הלוגן ומיקרו 500מל,מיליליטרים,500.00,"100 מ""ל",false,6,15.90,3.1800,true,1,39647
7290109923109,false,סבון אסלה 5צדפות+אקו,רלווי,IT,סבון אסלה 5צדפות+אקונומיקה 2יח,יחידה,2.00,יחידה,false,9,11.90,5.9500,true,1,42650
7290109923130,false,מדליק פחם מוצק  הפי,דה טורן,,מדליק פחם מוצק  הפי 250גר,גרמים,250.00,100 גרם,false,1,9.90,3.9600,true,1,42636
7290109923147,false,אסטוניש פלא של אקונו,אסטוניש,GB,אסטוניש פלא של אקונומיקה פרימיום 750מל,מיליליטרים,750.00,"100 מ""ל",false,12,13.90,1.8533,true,1,42648
7290110052232,false,זיקוק מספר,,,זיקוק מספר,Unknown,0.00,Unknown,false,1,5.90,0.0000,true,1,15346
7290110057701,false,קופסת אוכל תלת מימד,,,קופסת אוכל תלת מימד מותגים,Unknown,0.00,Unknown,false,1,19.90,0.0000,true,1,15368
7290110110024,false,משקה פאנטה תות פחית,קוקה קולה,,משקה פאנטה תות פחית 330 פקדון,מיליליטרים,330.00,"100 מ""ל",false,1,4.90,1.4848,true,1,15264
7290110110277,false,מארז 4יח סיידר תפוחי,,,מארז 4יח סיידר תפוחים סומרסבי 330מל בק,מיליליטרים,1320.00,"100 מ""ל",false,1,29.90,2.2652,true,1,17140
7290110110369,false,מארז 6 יח בירה לומה,,,מארז 6 יח בירה לומה 330מל בק. פקדון,ליטרים,1.98,ליטר,false,1,36.90,18.6364,true,1,25225
7290110110574,false,קוקה קולה זירו לימון,קוקה קולה,,קוקה קולה זירו לימון פחית 330 פקדון,מיליליטרים,330.00,"100 מ""ל",false,1,4.90,1.4848,true,1,17677
7290110110659,false,משקה ספרייט פחית 330,,,משקה ספרייט פחית 330 פקדון,מיליליטרים,330.00,"100 מ""ל",false,1,4.90,1.4848,true,1,17132
7290110110703,false,מארז 6 פחיות ספרייט,קוקה קולה,,מארז 6 פחיות ספרייט  330 מל פקדון,ליטרים,1.98,ליטר,false,1,23.90,12.0707,true,1,17131
7290110111557,false,משקה ספורט פאוורייד,קוקה קולה,IT,משקה ספורט פאוורייד מאונטיין 500מל פירות,מיליליטרים,500.00,"100 מ""ל",false,12,10.90,2.1800,true,1,30747
7290110111564,false,משקה ספורט פאוורייד,קוקה קולה,IT,משקה ספורט פאוורייד מאונטיין 500מל הדרים,מיליליטרים,500.00,"100 מ""ל",false,12,10.90,2.1800,true,1,30748
7290110111809,false,מארז 6 פחיות  פאנטה,קוקה קולה,,מארז 6 פחיות  פאנטה 330 מל פקדון,ליטרים,1.98,ליטר,false,1,23.90,12.0707,true,1,20532
7290110113261,false,משקה חמוציות אושן ספ,פריגת,,משקה חמוציות אושן ספריי 19קלוריות 1ליטר,ליטרים,1.00,ליטר,false,1,11.90,11.9000,true,1,38512
7290110113377,false,מארז 4יח קוקה קולה 1,,,מארז 4יח קוקה קולה 1 ליטר,ליטרים,4.00,ליטר,false,1,24.90,6.2250,true,1,29498
7290110113476,false,מארז 6 בירה קרלסברג,קרלסברג ישראל,,מארז 6 בירה קרלסברג ללא אלכוהול330מל,ליטרים,1.98,ליטר,false,1,28.90,14.5960,true,1,23983
7290110113605,false,בירה שקמה אי פי איי,,,בירה שקמה אי פי איי 330מל בק.פקדון,מיליליטרים,330.00,"100 מ""ל",false,24,12.90,3.9091,true,1,41546
7290110113629,false,בירה שקמה אייל ענברי,,,בירה שקמה אייל ענברי 330מל בק.פקדון,מיליליטרים,330.00,"100 מ""ל",false,24,12.90,3.9091,true,1,41547
7290110113636,false,בירה שקמה מרצן לאגר,,,בירה שקמה מרצן לאגר 330מל בק.פקדון,מיליליטרים,330.00,"100 מ""ל",false,24,12.90,3.9091,true,1,41548
7290110114787,false,מים נביעות פלוס תפוח,נביעות,,מים נביעות פלוס תפוח 1.5ל בק.פקדון,ליטרים,1.50,ליטר,false,1,8.90,5.9333,true,1,39124
7290110114794,false,מים נביעות פלוס אפרס,נביעות,,מים נביעות פלוס אפרסק 1.5ל בק.פקדון,ליטרים,1.50,ליטר,false,1,8.90,5.9333,true,1,39125
7290110114800,false,מים נביעות פלוס ענבי,נביעות,,מים נביעות פלוס ענבים 1.5ל בק.פקדון,ליטרים,1.50,ליטר,false,1,8.90,5.9333,true,1,39126
7290110114817,false,מים נביעות פלוס פרי,נביעות,,מים נביעות פלוס פרי מנגו 1.5ל בק.פקדון,ליטרים,1.50,ליטר,false,1,8.80,5.8667,true,1,39127
7290110114824,false,מים נביעות פלוס פרי,נביעות,,מים נביעות פלוס פרי אבטיח 1.5ל בק.פקדון,ליטרים,1.50,ליטר,false,1,8.80,5.8667,true,1,39128
7290110114831,false,מים נביעות פלוס פרי,נביעות,,מים נביעות פלוס פרי אננס 1.5ל בק.פקדון,ליטרים,1.50,ליטר,false,1,8.80,5.8667,true,1,39129
7290110114848,false,מים נביעות פלוס פרי,נביעות,,מים נביעות פלוס פרי ליצי 1.5ל בק.פקדון,ליטרים,1.50,ליטר,false,1,8.80,5.8667,true,1,39130
7290110114855,false,מארז 6יח מים נביעות,נביעות,,מארז 6יח מים נביעות 1.5ליטר בק. פקדון,ליטרים,9.00,ליטר,false,1,12.70,1.4111,true,1,39131
7290110114886,false,מיץ קלמנטינות סחוט 2,פריגת מצוננים,,מיץ קלמנטינות סחוט 2ליטר פריגת פקדון,ליטרים,2.00,ליטר,false,1,24.90,12.4500,true,1,39628
7290110114893,false,מיץ תפוזים סחוט 2ליט,פריגת מצוננים,,מיץ תפוזים סחוט 2ליטר פריגת פקדון,ליטרים,2.00,ליטר,false,1,24.90,12.4500,true,1,39629
7290110114916,false,מיץ לימונענע סחוט 2ל,פריגת מצוננים,,מיץ לימונענע סחוט 2ליטר פריגת פקדון,ליטרים,2.00,ליטר,false,1,25.90,12.9500,true,1,39631
7290110114954,false,מיץ תפוז מתקתק סחוט,פריגת מצוננים,,מיץ תפוז מתקתק סחוט טרי 2 ל פריגת פקדון,ליטרים,2.00,ליטר,false,1,22.90,11.4500,true,1,39633
7290110114961,false,משקה קל פריגת תפוזים,פריגת,,משקה קל פריגת תפוזים 1.5ליטר בק.פקדון,ליטרים,1.50,ליטר,false,1,9.40,6.2667,true,1,39133
7290110114978,false,משקה קל פריגת תפוזים,פריגת,,משקה קל פריגת תפוזים לייט 1.5ל בק.פקדון,ליטרים,1.50,ליטר,false,1,8.90,5.9333,true,1,39134
7290110114985,false,משקה קל פריגת אשכולי,פריגת,,משקה קל פריגת אשכולית 1.5ליטר בק.פקדון,ליטרים,1.50,ליטר,false,1,9.40,6.2667,true,1,39135
7290110114992,false,משקה קל פריגת אשכולי,פריגת,,משקה קל פריגת אשכולית לייט 1.5ל בק.פקדון,ליטרים,1.50,ליטר,false,1,8.90,5.9333,true,1,39136
7290110115005,false,משקה קל פריגת ענבים,פריגת,,משקה קל פריגת ענבים 1.5ליטר בק.פקדון,ליטרים,1.50,ליטר,false,1,9.40,6.2667,true,1,39137
7290110115029,false,משקה קל פריגת תפוחים,פריגת,,משקה קל פריגת תפוחים 1.5ל בק.פקדון,ליטרים,1.50,ליטר,false,1,9.40,6.2667,true,1,39140
7290110115036,false,משקה קל פריגת מנגו 1,פריגת,,משקה קל פריגת מנגו 1.5ל בק.פקדון,ליטרים,1.50,ליטר,false,1,9.40,6.2667,true,1,39143
7290110115043,false,משקה קל פריגת לימונע,פריגת,,משקה קל פריגת לימונענע 1.5ל בק.פקדון,ליטרים,1.50,ליטר,false,1,9.40,6.2667,true,1,39144
7290110115050,false,משקה קל פריגת תות בנ,פריגת,,משקה קל פריגת תות בננה 1.5ל בק.פקדון,ליטרים,1.50,ליטר,false,1,9.40,6.2667,true,1,39149
7290110115067,false,משקה קל פריגת אפרסק,פריגת,,משקה קל פריגת אפרסק 1.5ל בק.פקדון,ליטרים,1.50,ליטר,false,1,9.40,6.2667,true,1,39150
7290110115074,false,משקה קל פריגת תפוח ד,פריגת,,משקה קל פריגת תפוח דובדבן 1.5ל בק.פקדון,ליטרים,1.50,ליטר,false,1,9.40,6.2667,true,1,39151
7290110115081,false,משקה פריגת צלול ענבי,פריגת,,משקה פריגת צלול ענבים 1.5ליטר בק.פקדון,ליטרים,1.50,ליטר,false,1,8.90,5.9333,true,1,39155
7290110115098,false,משקה פריגת צלול תפוח,פריגת,,משקה פריגת צלול תפוחים 1.5ליטר בק.פקדון,ליטרים,1.50,ליטר,false,1,8.90,5.9333,true,1,39156
7290110115104,false,משקה פריגת צלול אפרס,פריגת,,משקה פריגת צלול אפרסק 1.5ליטר בק.פקדון,ליטרים,1.50,ליטר,false,1,8.90,5.9333,true,1,39157
7290110115111,false,משקה פריגת צלול אננס,פריגת,,משקה פריגת צלול אננס 1.5ליטר בק.פקדון,ליטרים,1.50,ליטר,false,1,8.90,5.9333,true,1,39158
7290110115128,false,משקה פריגת צלול לימו,פריגת,,משקה פריגת צלול לימונענע 1.5ל בק.פקדון,ליטרים,1.50,ליטר,false,1,8.90,5.9333,true,1,39159
7290110115135,false,משקה אייס ויסוצקי לי,,,משקה אייס ויסוצקי לימונית לואיזה 1.5ל פק,ליטרים,1.50,ליטר,false,1,9.90,6.6000,true,1,39160
7290110115159,false,משקה ויסוצקי אייס אר,,,משקה ויסוצקי אייס ארל גריי 1.5ל בק.פקדון,ליטרים,1.50,ליטר,false,1,9.90,6.6000,true,1,39162
7290110115203,false,משקה קוקה קולה 1.5לי,קוקה קולה,,משקה קוקה קולה 1.5ליטר בק.פקדון,ליטרים,1.50,ליטר,false,1,8.90,5.9333,true,1,39167
7290110115227,false,משקה קוקה קולה זירו,קוקה קולה,,משקה קוקה קולה זירו 1.5ליטר בק.פקדון,ליטרים,1.50,ליטר,false,1,8.40,5.6000,true,1,39169
7290110115234,false,משקה קוקה קולה זירו,קוקה קולה,,משקה קוקה קולה זירו נ.קפאין 1.5לפקדון,ליטרים,1.50,ליטר,false,1,8.40,5.6000,true,1,39171
7290110115241,false,משקה קוקה קולה זירו,קוקה קולה,,משקה קוקה קולה זירו לימון 1.5ל בק. פקדון,ליטרים,1.50,ליטר,false,1,8.40,5.6000,true,1,39173
7290110115258,false,משקה קוקה קולה זירו,קוקה קולה,,משקה קוקה קולה זירו מנגו 1.5ל בק. פקדון,ליטרים,1.50,ליטר,false,1,8.40,5.6000,true,1,39175
7290110115296,false,משקה פאנטה אורנג 1.5,קוקה קולה,,משקה פאנטה אורנג 1.5ליטר בק.פקדון,ליטרים,1.50,ליטר,false,1,8.90,5.9333,true,1,39204
7290110115302,false,משקה פאנטה אורנג זיר,קוקה קולה,,משקה פאנטה אורנג זירו 1.5ליטר בק.פקדון,ליטרים,1.50,ליטר,false,1,8.50,5.6667,true,1,39205
7290110115319,false,משקה פאנטה אקזוטיק 1,קוקה קולה,,משקה פאנטה אקזוטיק 1.5ליטר בק.פקדון,ליטרים,1.50,ליטר,false,1,8.90,5.9333,true,1,39207
7290110115326,false,משקה פאנטה אורנג מנג,קוקה קולה,,משקה פאנטה אורנג מנגו 1.5ליטר בק.פקדון,ליטרים,1.50,ליטר,false,1,8.90,5.9333,true,1,39208
7290110115333,false,משקה פאנטה תות 1.5לי,קוקה קולה,,משקה פאנטה תות 1.5ליטר בק.פקדון,ליטרים,1.50,ליטר,false,1,8.90,5.9333,true,1,39209
7290110115340,false,משקה פאנטה ענבים 1.5,קוקה קולה,,משקה פאנטה ענבים 1.5ליטר בק.פקדון,ליטרים,1.50,ליטר,false,1,8.90,5.9333,true,1,39210
7290110115364,false,מארז 6 יח קוקה קולה,קוקה קולה,,מארז 6 יח קוקה קולה 1.5 ליטר בק.פקדון,ליטרים,9.00,ליטר,false,1,49.90,5.5444,true,1,39184
7290110115371,false,מארז 6 יח קוקה קולה,קוקה קולה,,מארז 6 יח קוקה קולה דיאט 1.5ל בק.פקדון,ליטרים,9.00,ליטר,false,1,47.90,5.3222,true,1,39185
7290110115388,false,מארז 6 יח ספרייט ליי,קוקה קולה,,מארז 6 יח ספרייט ליים 1.5 ליטר בק.פקדון,ליטרים,9.00,ליטר,false,1,49.90,5.5444,true,1,39192
7290110115395,false,מארז 6 יח ספרייט זיר,קוקה קולה,,מארז 6 יח ספרייט זירו 1.5 ליטר בק.פקדון,ליטרים,9.00,ליטר,false,1,47.90,5.3222,true,1,39193
7290110115401,false,מארז 6יח קינלי סודה,קוקה קולה,,מארז 6יח קינלי סודה 1.5ליטר בק.פקדון,ליטרים,9.00,ליטר,false,1,16.70,1.8556,true,1,39213
7290110115418,false,מארז 6 יח קוקה קולה,קוקה קולה,,מארז 6 יח קוקה קולה זירו 1.5ל בק.פקדון,ליטרים,9.00,ליטר,false,1,47.90,5.3222,true,1,39188
7290110115425,false,משקה פיוז תה גרין לי,FUZE TEA,,משקה פיוז תה גרין לימון נענע 1.5ל פקדון,ליטרים,1.50,ליטר,false,1,8.80,5.8667,true,1,39176
7290110115449,false,משקה פיוז תה 1.5ליטר,FUZE TEA,,משקה פיוז תה 1.5ליטר מנגו אננס בק. פקדון,ליטרים,1.50,ליטר,false,1,9.40,6.2667,true,1,39178
7290110115456,false,משקה פיוז תה 1.5ליטר,FUZE TEA,,משקה פיוז תה 1.5ליטר אפרסק 19קלורי פקדון,ליטרים,1.50,ליטר,false,1,8.80,5.8667,true,1,39179
7290110115463,false,משקה פיוז תה 1.5ליטר,FUZE TEA,,משקה פיוז תה 1.5ליטר אפרסק  פקדון,ליטרים,1.50,ליטר,false,1,9.40,6.2667,true,1,39180
7290110115487,false,מארז 4יח משקה פיוז ת,FUZE TEA,,מארז 4יח משקה פיוז תה אפרסק 1.5ל פקדון,ליטרים,6.00,ליטר,false,1,37.90,6.3167,true,1,39183
7290110115494,false,משקה פיוז תה 1.5ליטר,FUZE TEA,,משקה פיוז תה 1.5ליטר ענבים בק. פקדון,ליטרים,1.50,ליטר,false,1,9.40,6.2667,true,1,39182
7290110115579,false,מארז 4 יח משקה פאנטה,קוקה קולה,,מארז 4 יח משקה פאנטה אורנג 1.5ליטר פקדון,ליטרים,6.00,ליטר,false,1,37.20,6.2000,true,1,39211
7290110115586,false,משקה קל פריגת תפוזים,פריגת,,משקה קל פריגת תפוזים 19קלוריות 1.5ל פקדו,ליטרים,1.50,ליטר,false,1,8.90,5.9333,true,1,39152
7290110115593,false,משקה קל פריגת אשכולי,פריגת,,משקה קל פריגת אשכולית 19קלוריות1.5ל פקדו,ליטרים,1.50,ליטר,false,1,8.90,5.9333,true,1,39153
7290110115609,false,משקה קל פריגת ענבים,פריגת,,משקה קל פריגת ענבים 19קלוריות 1.5ל פקדון,ליטרים,1.50,ליטר,false,1,8.90,5.9333,true,1,39154
7290110115616,false,משקה פיוז תה 1.5ליטר,FUZE TEA,,משקה פיוז תה 1.5ליטר גרין אננס פקדון,ליטרים,1.50,ליטר,false,1,8.80,5.8667,true,1,39522
7290110115623,false,משקה פיוז תה 1.5ליטר,FUZE TEA,,משקה פיוז תה 1.5ליטר אפרסק זירו פקדון,ליטרים,1.50,ליטר,false,1,8.80,5.8667,true,1,39521
7290110115777,false,נביעות 1.5 ליטר לא ק,נביעות,,נביעות 1.5 ליטר לא קר בק.פקדון,ליטרים,1.50,ליטר,false,1,3.50,2.3333,true,1,39852
7290110115821,false,משקה ספרייט ליים 1.5,קוקה קולה,,משקה ספרייט ליים 1.5ליטר בק.פקדון,ליטרים,1.50,ליטר,false,1,8.90,5.9333,true,1,42494
7290110115838,false,משקה ספרייט זירו 1.5,קוקה קולה,,משקה ספרייט זירו 1.5ליטר בק.פקדון,ליטרים,1.50,ליטר,false,1,8.40,5.6000,true,1,40100
7290110115845,false,משקה קוקה קולה 1.5לי,קוקה קולה,,משקה קוקה קולה 1.5ליטר בק.פקדון,ליטרים,1.50,ליטר,false,1,8.90,5.9333,true,1,39850
7290110115852,false,משקה קוקה קולה דיאט,קוקה קולה,,משקה קוקה קולה דיאט 1.5ליטר בק.פקדון,ליטרים,1.50,ליטר,false,1,8.40,5.6000,true,1,39871
7290110115869,false,משקה קוקה קולה זירו,קוקה קולה,,משקה קוקה קולה זירו 1.5ליטר בק.פקדון,ליטרים,1.50,ליטר,false,1,8.40,5.6000,true,1,39851
7290110115876,false,קינלי סודה 1.5 ליטר,קוקה קולה,,קינלי סודה 1.5 ליטר בק.פקדון,ליטרים,1.50,ליטר,false,1,3.80,2.5333,true,1,40908
7290110115913,false,משקה ספורט פאוורייד,קוקה קולה,IT,משקה ספורט פאוורייד זירו טעם אננס 500מל,מיליליטרים,500.00,"100 מ""ל",false,12,10.90,2.1800,true,1,41536
7290110115920,false,מארז 6 יח קוקה קולה,קוקה קולה,,מארז 6 יח קוקה קולה 1 ליטר בק.פקדון,ליטרים,6.00,ליטר,false,1,39.90,6.6500,true,1,40282
7290110115937,false,מארז 6 יח קוקה קולה,קוקה קולה,,מארז 6 יח קוקה קולה זירו 1 ליטר בק.פקדון,ליטרים,6.00,ליטר,false,1,38.90,6.4833,true,1,40283
7290110116040,false,משקה פאנטה זירו פירו,קוקה קולה,,משקה פאנטה זירו פירות כחול 1.5ל בק.פקדון,ליטרים,1.50,ליטר,false,1,8.50,5.6667,true,1,42204
7290110116125,false,סירופ פריגת פטל 750,סירופ - גבעת חיים,,סירופ פריגת פטל 750 מל בקבוק,מיליליטרים,750.00,"100 מ""ל",false,1,24.90,3.3200,true,1,43512
7290110116132,false,סירופ פריגת לימון 75,סירופ - גבעת חיים,,סירופ פריגת לימון 750 מל בקבוק,מיליליטרים,750.00,"100 מ""ל",false,1,24.90,3.3200,true,1,43511
7290110116149,false,סירופ פריגת ענבים 75,סירופ - גבעת חיים,,סירופ פריגת ענבים 750 מל בקבוק,מיליליטרים,750.00,"100 מ""ל",false,1,24.90,3.3200,true,1,43510
7290110116194,false,מים נביעות 0קלוריות,נביעות,,מים נביעות 0קלוריות 1.5ל לימון ליים פקדו,ליטרים,1.50,ליטר,false,1,8.80,5.8667,true,1,43503
7290110116217,false,מים נביעות 0קלוריות,נביעות,,מים נביעות 0קלוריות 1.5ליטר אשכולית פקדו,ליטרים,1.50,ליטר,false,1,8.80,5.8667,true,1,43502
7290110116316,false,מארז 6 יח קוקה קולה,קוקה קולה,,מארז 6 יח קוקה קולה 1.5ל חג שמח פקדון,ליטרים,9.00,ליטר,false,1,47.90,5.3222,true,1,41050
7290110116323,false,מארז 6 יח קוקה קולה,קוקה קולה,,מארז 6 יח קוקה קולה זירו1.5ל חג שמח פקדו,ליטרים,9.00,ליטר,false,1,44.90,4.9889,true,1,41049
7290110116392,false,סירופ פריגת תפוזים 7,סירופ - גבעת חיים,,סירופ פריגת תפוזים 750 מל בקבוק,מיליליטרים,750.00,"100 מ""ל",false,1,24.90,3.3200,true,1,43513
7290110116477,false,מארז 5 יח בירה 1664,,,מארז 5 יח בירה 1664 330מל+כוס פקדון,מיליליטרים,1650.00,"100 מ""ל",false,1,32.90,1.9939,true,1,42754
7290110116552,false,משקה ספרייט למון היט,קוקה קולה,,משקה ספרייט למון היט 1.5ליטר בק.פקדון,ליטרים,1.50,ליטר,false,1,8.90,5.9333,true,1,44556
7290110116569,false,משקה ספרייט זירו למו,קוקה קולה,,משקה ספרייט זירו למון היט 1.5ל בק.פקדון,ליטרים,1.50,ליטר,false,1,8.40,5.6000,true,1,44555
7290110116637,false,בירה שקמה 330מל חיטה,,,בירה שקמה 330מל חיטה מרה בק.פקדון,מיליליטרים,330.00,"100 מ""ל",false,24,12.90,3.9091,true,1,44207
7290110116644,false,מארז בירה שקמה מיקס,,,מארז בירה שקמה מיקס 5יח 330מל +מתנה,מיליליטרים,1650.00,"100 מ""ל",false,24,49.90,3.0242,true,1,44691
7290110320591,false,גבינה בולגרית 16% מע,תנובה חלב,,גבינה בולגרית 16% מעודנת 250גר פיראוס,גרמים,250.00,100 גרם,false,1,22.90,9.1600,true,1,14722
7290110320683,false,מארז 8 יח משקה יופלה,,,מארז 8 יח משקה יופלה תות 360 107 מל,מיליליטרים,856.00,"100 מ""ל",false,1,16.90,1.9743,true,1,15705
7290110320744,false,גבינת גרנה פדנו 150ג,תנובה חלב,IL,גבינת גרנה פדנו 150גר,גרמים,150.00,100 גרם,false,30,22.90,15.2667,true,1,20230
7290110320850,false,פתיתי עמק  200 גרם,תנובה חלב,,פתיתי עמק  200 גרם,גרמים,200.00,100 גרם,false,1,15.90,7.9500,true,1,16005
7290110320867,false,פתיתי עמק 28% למאפים,,,פתיתי עמק 28% למאפים 500 גרם,גרמים,500.00,100 גרם,false,1,32.90,6.5800,true,1,16990
7290110320935,false,גבינת מוצרלה פרוסות,תנובה חלב,,גבינת מוצרלה פרוסות 150גרם,גרמים,150.00,100 גרם,false,1,17.90,11.9333,true,1,15670
7290110321031,false,מעדן יופלה גו 200מל,תנובה חלב,,מעדן יופלה גו 200מל,מיליליטרים,200.00,"100 מ""ל",false,1,4.90,2.4500,true,1,15665
7290110321048,false,מעדן יופלה גו במתיקו,תנובה חלב,,מעדן יופלה גו במתיקות מעודנת 200מל,מיליליטרים,200.00,"100 מ""ל",false,1,5.50,2.7500,true,1,15666
7290110321277,false,קוטג 5% בקטנה 100גר,תנובה חלב,,קוטג 5% בקטנה 100גר,גרמים,100.00,100 גרם,false,1,2.90,2.9000,true,1,16387
7290110321284,false,קוטג 9% בקטנה 100גר,תנובה חלב,,קוטג 9% בקטנה 100גר,גרמים,100.00,100 גרם,false,1,2.90,2.9000,true,1,16388
7290110321604,false,גבינה בולגרית מעודנת,תנובה חלב,IL,גבינה בולגרית מעודנת קוביות 5%+ג.לסלט,גרמים,200.00,100 גרם,false,6,19.90,9.9500,true,1,17783
7290110321680,false,מעדן יופלה גו תות 20,תנובה חלב,,מעדן יופלה גו תות 200גר,מיליליטרים,200.00,"100 מ""ל",false,1,5.90,2.9500,true,1,16401
7290110321697,false,מעדן יופלה גו אפרסק,תנובה חלב,,מעדן יופלה גו אפרסק 200גר,מיליליטרים,200.00,"100 מ""ל",false,1,5.90,2.9500,true,1,16402
7290110321703,false,מעדן יופלה גו פירות,תנובה חלב,,מעדן יופלה גו פירות יער 200גר,מיליליטרים,200.00,"100 מ""ל",false,1,5.90,2.9500,true,1,17535
7290110321789,false,גבינת מסקרפונה 200גר,תנובה חלב,,גבינת מסקרפונה 200גר,גרמים,200.00,100 גרם,false,1,19.90,9.9500,true,1,16988
7290110322014,false,טופו טבעי 300 גרם,תנובה חלב,,טופו טבעי 300 גרם,גרמים,300.00,100 גרם,false,1,12.90,4.3000,true,1,17541
7290110322021,false,טופו בזיליקום 300 גר,תנובה חלב,,טופו בזיליקום 300 גרם,גרמים,300.00,100 גרם,false,1,12.90,4.3000,true,1,17542
7290110322038,false,טופו פיקנטי 300 גרם,תנובה חלב,,טופו פיקנטי 300 גרם,גרמים,300.00,100 גרם,false,1,12.90,4.3000,true,1,17543
7290110322946,false,יוגורט יופלה טיוב בט,תנובה חלב,IL,יוגורט יופלה טיוב בטעם תות בננה 348גר,גרמים,348.00,100 גרם,false,16,12.90,3.7069,true,1,18993
7290110323066,false,משקה יופלה מעושר בחל,תנובה חלב,,משקה יופלה מעושר בחלבון בננה אפרסק 250מל,מיליליטרים,250.00,"100 מ""ל",false,1,5.90,2.3600,true,1,18346
7290110323073,false,משקה יופלה מעושר בחל,תנובה חלב,,משקה יופלה מעושר בחלבון תות פטל 250מל,מיליליטרים,250.00,"100 מ""ל",false,1,5.90,2.3600,true,1,18347
7290110323301,false,גבינת טל העמק 200גר,,,גבינת טל העמק 200גר 32% שומן,גרמים,200.00,100 גרם,false,1,18.90,9.4500,true,1,19399
7290110323585,false,מעדן יופלה גו דובדבן,תנובה חלב,,מעדן יופלה גו דובדבן מופחת קלוריות 200גר,מיליליטרים,200.00,"100 מ""ל",false,24,5.90,2.9500,true,1,19032
7290110323592,false,מעדן יופלה גו אפרסק,תנובה חלב,,מעדן יופלה גו אפרסק מופחת קלוריות 200גר,מיליליטרים,200.00,"100 מ""ל",false,24,5.90,2.9500,true,1,19033
7290110323714,false,משקה קוקוס שקדים 1לי,,,משקה קוקוס שקדים 1ליטר טרי,ליטרים,1.00,ליטר,false,1,12.90,12.9000,true,1,19398
7290110324025,false,פתיתי גבינת מוצרלה,תנובה חלב,,פתיתי גבינת מוצרלה  500 גרם,גרמים,500.00,100 גרם,false,1,34.90,6.9800,true,1,20560
7290110324070,false,גבינת חלומי 200 גרם,תנובה חלב,IL,גבינת חלומי 200 גרם 22% שומן חלב בקר,גרמים,200.00,100 גרם,false,42,19.90,9.9500,true,1,19991
7290110324353,false,מעדן יופלה גו אננס ל,תנובה חלב,,מעדן יופלה גו אננס לייט 200גר,מיליליטרים,200.00,"100 מ""ל",false,1,5.90,2.9500,true,1,20946
7290110324551,false,יוגורט יופלה טיוב בט,תנובה חלב,IL,יוגורט יופלה טיוב בטעם תות 348גר,גרמים,348.00,100 גרם,false,16,12.90,3.7069,true,1,20561
7290110324704,false,טופו מתובל  300 גרם,תנובה חלב,,טופו מתובל  300 גרם בסגנון פרובנס,גרמים,300.00,100 גרם,false,1,12.90,4.3000,true,1,21179
7290110324711,false,ממרח סויה טבעי 250 ג,תנובה חלב,,ממרח סויה טבעי 250 גר 9% שומן,גרמים,250.00,100 גרם,false,1,8.90,3.5600,true,1,21160
7290110324728,false,ממרח סויה  שום שמיר,תנובה חלב,,ממרח סויה  שום שמיר 250 גר 9% שומן,גרמים,250.00,100 גרם,false,1,8.90,3.5600,true,1,21162
7290110324841,false,מעדן שקדים עם שוקולד,תנובה חלב,IL,מעדן שקדים עם שוקולד מריר 125גר,גרמים,125.00,100 גרם,false,36,4.20,3.3600,true,1,23085
7290110324858,false,מעדן שקדים בטעם אגוז,תנובה חלב,IL,מעדן שקדים בטעם אגוזי לוז 125גר,גרמים,125.00,100 גרם,false,36,4.20,3.3600,true,1,23086
7290110324872,false,גבינת גלבוע 5% 200גר,תנובה חלב,IL,גבינת גלבוע 5% 200גרם פרוס,גרמים,200.00,100 גרם,false,18,17.90,8.9500,true,1,23021
7290110324926,false,משקה סויה 1 ליטר ללא,,,משקה סויה 1 ליטר ללא תוספת סוכר,ליטרים,1.00,ליטר,false,1,11.90,11.9000,true,1,22200
7290110325114,false,משקה יופלה  גו לייט,תנובה חלב,,משקה יופלה  גו לייט תות בננה 250מל,מיליליטרים,250.00,"100 מ""ל",false,1,5.90,2.3600,true,1,21720
7290110325121,false,משקה יופלה  גו לייט,תנובה חלב,,משקה יופלה  גו לייט מנגו אננס 250מל,מיליליטרים,250.00,"100 מ""ל",false,1,5.90,2.3600,true,1,21719
7290110325169,false,גבינת גאודה 170 גרם,תנובה חלב,IL,גבינת גאודה 170 גרם פרוסה,גרמים,170.00,100 גרם,false,24,19.90,11.7059,true,1,24698
7290110325305,false,מעדן סויה גו במתיקות,תנובה חלב,,מעדן סויה גו במתיקות 20גר חלבון 200גר,מיליליטרים,200.00,"100 מ""ל",false,1,5.90,2.9500,true,1,22710
7290110325312,false,מעדן סויה גו טעם תות,תנובה חלב,,מעדן סויה גו טעם תות 20גר חלבון 200גר,מיליליטרים,200.00,"100 מ""ל",false,1,5.90,2.9500,true,1,22709
7290110325510,false,יוגורט יופלה טיוב בט,תנובה חלב,IL,יוגורט יופלה טיוב בטעם וניל יוניקור348גר,גרמים,348.00,100 גרם,false,16,12.90,3.7069,true,1,23087
7290110325619,false,משקה שבולת שועל 1 לי,,,משקה שבולת שועל 1 ליטר,ליטרים,1.00,ליטר,false,1,12.90,12.9000,true,1,23234
7290110325701,false,גבינת צזיקי פיראוס9%,,,פיראוס גבינת צזיקי יווני 9% 250 גר,גרמים,250.00,100 גרם,false,1,12.90,5.1600,true,1,23771
7290110325893,false,משקה חלב גו אייס קפה,תנובה חלב,IL,משקה חלב גו אייס קפה  340מל 27 גר חלבון,מיליליטרים,340.00,"100 מ""ל",false,20,7.90,2.3235,true,1,23231
7290110326210,false,יופלה און טופ פצפוצי,תנובה חלב,IL,יופלה און טופ פצפוצים 157גר,גרמים,157.00,100 גרם,false,12,5.60,3.5669,true,1,24466
7290110326227,false,יופלה און טופ קורנפל,תנובה חלב,IL,יופלה און טופ קורנפלקס 157גר,גרמים,157.00,100 גרם,false,12,5.60,3.5669,true,1,24468
7290110326234,false,יופלה און טופ כוכבים,תנובה חלב,IL,יופלה און טופ כוכבים 157גר,גרמים,157.00,100 גרם,false,12,5.60,3.5669,true,1,24467
7290110326241,false,יופלה און טופ גרנולה,תנובה חלב,IL,יופלה און טופ גרנולה 157גר,גרמים,157.00,100 גרם,false,12,5.60,3.5669,true,1,24469
7290110326333,false,גבינה סקנדינבית 170ג,,,גבינה סקנדינבית 170גר פרוס,גרמים,170.00,100 גרם,false,30,13.90,8.1765,true,1,27441
7290110326449,false,חמאה השף הלבן 250 גר,,,חמאה השף הלבן 250 גר,גרמים,250.00,100 גרם,false,40,9.80,3.9200,true,1,27438
7290110326548,false,גבינת קוטג מועשר בסי,,,גבינת קוטג מועשר בסידן עם זעתר ומיורן250,גרמים,250.00,100 גרם,false,1,5.90,2.3600,true,1,29078
7290110326845,false,ממרח חמאה 200גרם השף,תנובה חלב,IL,ממרח חמאה 200גרם השף הלבן,גרמים,200.00,100 גרם,false,16,10.00,5.0000,true,1,28485
7290110326906,false,חלב נטול לקטוז 1ליטר,,,חלב נטול לקטוז 1ליטר 3%שומן,ליטרים,1.00,ליטר,false,16,7.90,7.9000,true,1,26308
7290110326982,false,משקה חלב יולו שוקולד,,,משקה חלב יולו שוקולד קלאסי 1ליטר,ליטרים,1.00,ליטר,false,1,12.90,12.9000,true,1,26306
7290110327033,false,משקה סויה גו במתיקות,,,משקה סויה גו במתיקות מופחתת 1 ליטר,ליטרים,1.00,ליטר,false,16,12.90,12.9000,true,1,27007
7290110327064,false,משקה קפה שבולת שועל,,,משקה קפה שבולת שועל בטעם קרמל 1 ליטר,ליטרים,1.00,ליטר,false,1,12.90,12.9000,true,1,26303
7290110327125,false,גבינת פטה צאן 200גר,תנובה חלב,IL,גבינת פטה צאן 200גר 21% שומן,גרמים,200.00,100 גרם,false,8,22.90,11.4500,true,1,28477
7290110327316,false,גבינה לבנה עם פריכיו,תנובה חלב,IL,גבינה לבנה עם פריכיות 139גרם,גרמים,139.00,100 גרם,false,12,5.20,3.7410,true,1,31871
7290110327514,false,משקה שבולת שועל בטעם,,,משקה שבולת שועל בטעם אגוזי לוז 1 ליטר,ליטרים,1.00,ליטר,false,1,12.90,12.9000,true,1,32816
7290110327545,false,יופלה און טופ תות עם,תנובה חלב,IL,יופלה און טופ תות עם פצפוצי שוקולד 157גר,גרמים,157.00,100 גרם,false,12,5.60,3.5669,true,1,28481
7290110328016,false,משקה סויה מועשר בחלב,תנובה חלב,,משקה סויה מועשר בחלבון ב.אגוזי לוז250גר,מיליליטרים,250.00,"100 מ""ל",false,1,6.10,2.4400,true,1,29396
7290110328092,false,גבינת פטה יוונית קוב,תנובה חלב,IL,גבינת פטה יוונית קוביות 150גר פיראוס21%ש,גרמים,150.00,100 גרם,false,6,18.90,12.6000,true,1,31905
7290110328436,false,גבינת גאודה עיזים בט,תנובה חלב,IL,גבינת גאודה עיזים בטעם מעודן 150גר,גרמים,150.00,100 גרם,false,24,22.90,15.2667,true,1,30583
7290110328504,false,מיקס גבינות 300גר מו,תנובה חלב,IL,מיקס גבינות 300גר מוצרלה סקנדינבית גאודה,גרמים,300.00,100 גרם,false,20,24.90,8.3000,true,1,30570
7290110328580,false,יוגורט תנובה 5% 200,,,יוגורט תנובה 5% 200 גרם,גרמים,200.00,100 גרם,false,1,3.10,1.5500,true,1,39458
7290110328610,false,משקה אורז ושקדים ברי,,,משקה אורז ושקדים בריסטה 1ליטר אלטרנטיב,ליטרים,1.00,ליטר,false,1,12.90,12.9000,true,1,42662
7290110328627,false,מעדן יופלה גו בננה ק,תנובה חלב,,מעדן יופלה גו בננה קרמל במרקם סמיך 200גר,מיליליטרים,200.00,"100 מ""ל",false,1,5.90,2.9500,true,1,31775
7290110328641,false,מארז 2 יח טופו טבעי,תנובה חלב,,מארז 2 יח טופו טבעי 500גר אלטרנטיב,גרמים,500.00,100 גרם,false,1,18.90,3.7800,true,1,32477
7290110328764,false,מעדן יופלה גו תות במ,תנובה חלב,,מעדן יופלה גו תות במרקם סמיך 200גר,מיליליטרים,200.00,"100 מ""ל",false,1,5.90,2.9500,true,1,31772
7290110328771,false,מעדן יופלה גו פירות,תנובה חלב,,מעדן יופלה גו פירות יער במרקם סמיך 200גר,מיליליטרים,200.00,"100 מ""ל",false,1,5.90,2.9500,true,1,31773
7290110328788,false,מעדן יופלה גו אפרסק,תנובה חלב,,מעדן יופלה גו אפרסק במרקם סמיך 200גר,מיליליטרים,200.00,"100 מ""ל",false,1,5.90,2.9500,true,1,31774
7290110328887,false,חלב 3% בקבוק 1 ליטר*,,,חלב 3% בקבוק 1 ליטר***,ליטרים,1.00,ליטר,false,1,6.23,6.2300,true,1,40320
7290110328955,false,קוביות גבינת עיזים ב,תנובה חלב,IL,קוביות גבינת עיזים בשמן מתובל 350גר,גרמים,350.00,100 גרם,false,,24.90,7.1143,true,1,41509
7290110329136,false,מעדן יופלה גו טעם שו,תנובה חלב,IL,מעדן יופלה גו טעם שוקולד12גר חלבון 120גר,גרמים,120.00,100 גרם,false,20,4.90,4.0833,true,1,38441
7290110329143,false,מעדן יופלה גו טעם ונ,תנובה חלב,IL,מעדן יופלה גו טעם וניל 12גר חלבון 120גר,גרמים,120.00,100 גרם,false,20,4.90,4.0833,true,1,38439
7290110329273,false,יוגורט תנובה חלב עיז,,IL,יוגורט תנובה חלב עיזים מלא 750גר,גרמים,750.00,100 גרם,false,6,19.90,2.6533,true,1,32815
7290110329303,false,פרוסות בטעם צהובה קל,,,פרוסות בטעם צהובה קלאסית 200גר אלטרנטיב,גרמים,200.00,100 גרם,false,20,21.90,10.9500,true,1,32819
7290110329426,false,טופו טבעי 250גר עם ר,תנובה חלב,IL,טופו טבעי 250גר עם רוטב קרם קוקוס קארי,גרמים,310.00,100 גרם,false,27,13.90,4.4839,true,1,42849
7290110329433,false,טופו טבעי 250גר עם ר,תנובה חלב,IL,טופו טבעי 250גר עם רוטב סצואן 60מל,גרמים,310.00,100 גרם,false,27,13.90,4.4839,true,1,42850
7290110329600,false,מארז 3יח שמנת לבישול,,,מארז 3יח שמנת לבישול 15% 250גר,מיליליטרים,750.00,"100 מ""ל",false,8,21.90,2.9200,true,1,32818
7290110329624,false,יוגורט יופלה אוללה ט,,,יוגורט יופלה אוללה טארט טאטן בתחתית150גר,גרמים,150.00,100 גרם,false,1,4.90,3.2667,true,1,40092
7290110329648,false,יוגורט יופלה אוללה ק,,,יוגורט יופלה אוללה קרמל מלוח 150גר,גרמים,150.00,100 גרם,false,1,4.90,3.2667,true,1,40090
7290110329655,false,יוגורט יופלה אוללה מ,,,יוגורט יופלה אוללה מרנג לימון 150גר,גרמים,150.00,100 גרם,false,1,4.90,3.2667,true,1,40089
7290110329686,false,משקה חלב גו ט.עוגיות,תנובה חלב,IL,משקה חלב גו ט.עוגיות 340מל 27 גר חלבון,מיליליטרים,340.00,"100 מ""ל",false,20,7.90,2.3235,true,1,38437
7290110329693,false,מעדן יופלה גו מלבי ב,תנובה חלב,,מעדן יופלה גו מלבי במרקם סמיך 200גר,מיליליטרים,200.00,"100 מ""ל",false,1,5.90,2.9500,true,1,38438
7290110329716,false,משקה קפה קר קפוצינו,תנובה חלב,IL,משקה קפה קר קפוצינו 230גר,גרמים,230.00,100 גרם,false,8,6.90,3.0000,true,1,41512
7290110329723,false,משקה קפה קר טעם לאטה,תנובה חלב,IL,משקה קפה קר טעם לאטה 230גר,גרמים,230.00,100 גרם,false,8,6.90,3.0000,true,1,41513
7290110329730,false,משקה חלב שוקולד וקפה,תנובה חלב,IL,משקה חלב שוקולד וקפה בסגנון לאטה 230גר,גרמים,230.00,100 גרם,false,8,6.90,3.0000,true,1,41514
7290110329792,false,מעדן סויה ביו אפרסק,תנובה חלב,IL,מעדן סויה ביו אפרסק אלטרנטיב 150גר,גרמים,150.00,100 גרם,false,48,4.50,3.0000,true,1,39982
7290110329808,false,מעדן סויה ביו תות אל,תנובה חלב,IL,מעדן סויה ביו תות אלטרנטיב 150גר,גרמים,150.00,100 גרם,false,48,4.50,3.0000,true,1,39981
7290110329815,false,מעדן סויה ביו מתיקות,תנובה חלב,IL,מעדן סויה ביו מתיקות מעודן אלטרנטיב 150ג,גרמים,150.00,100 גרם,false,48,4.50,3.0000,true,1,39980
7290110329822,false,מעדן סויה ביו פירות,תנובה חלב,IL,מעדן סויה ביו פירות יער אלטרנטיב 150גר,גרמים,150.00,100 גרם,false,48,4.50,3.0000,true,1,39979
7290110329839,false,פרוסות בטעם צהובה זי,,,פרוסות בטעם צהובה זיתים 200גר אלטרנטיב,גרמים,200.00,100 גרם,false,20,21.90,10.9500,true,1,38442
7290110329846,false,מעדן סויה ביו טבעי א,תנובה חלב,IL,מעדן סויה ביו טבעי אלטרנטיב 150גר,גרמים,150.00,100 גרם,false,48,4.50,3.0000,true,1,39983
7290110329914,false,מאגדת 6יח משקה שיבול,תנובה חלב,IL,מאגדת 6יח משקה שיבולת שועל ושקדים 100מל,גרמים,618.00,100 גרם,false,12,18.90,3.0583,true,1,43691
7290110460006,false,תבנית אפיה קפיצית קו,,,תבנית אפיה קפיצית קוגלהוף 2בסיסים דולצה,יחידה,1.00,יחידה,false,1,64.90,64.9000,true,1,39006
7290110460372,false,משחיז סכינים שחור יד,,,משחיז סכינים שחור ידית רכה פוד אפל,יחידה,1.00,יחידה,false,1,39.90,39.9000,true,1,38919
7290110460648,false,סכין קילוף וחיתוך קל,,,סכין קילוף וחיתוך קלאסיק פוד אפיל,יחידה,1.00,יחידה,false,1,6.50,6.5000,true,1,43514
7290110460686,false,מגרדת נון סטיק 4 דפנ,,,מגרדת נון סטיק 4 דפנות 20סמ קיטשנוואר,יחידה,1.00,יחידה,false,1,31.90,31.9000,true,1,38894
7290110460785,false,מעמד תבלינים 12צנצנו,,,מעמד תבלינים 12צנצנות 100מל פודאפיל,יחידה,1.00,יחידה,false,1,129.00,129.0000,true,1,40577
7290110461317,false,שישיית כלי ששת במבוק,,,שישיית כלי ששת במבוק איכותי מינרל פודאפ,יחידה,6.00,יחידה,false,1,27.90,4.6500,true,1,38887
7290110462192,false,דיספנסר שמן/חומץ לחל,,,דיספנסר שמן/חומץ לחליטת תבלינים 550מל,יחידה,1.00,יחידה,false,1,31.90,31.9000,true,1,38892
7290110462499,false,מגרדת פוד אפיל קוואר,,,מגרדת פוד אפיל קווארס,יחידה,1.00,יחידה,false,1,41.90,41.9000,true,1,42372
7290110462505,false,מגרדת פוד אפיל פיין,,,מגרדת פוד אפיל פיין,יחידה,1.00,יחידה,false,1,41.90,41.9000,true,1,42375
7290110462604,false,משטח חיתוך מדיום גרי,,,משטח חיתוך מדיום גריפ ירוק 31/24סמ פוד,יחידה,1.00,יחידה,false,1,23.90,23.9000,true,1,38793
7290110462611,false,משטח חיתוך מדיום גרי,,,משטח חיתוך מדיום גריפ כחול 31/24סמ פוד,יחידה,1.00,יחידה,false,1,23.90,23.9000,true,1,38794
7290110462635,false,משטח חיתוך לארג גריפ,,,משטח חיתוך לארג גריפ כתום 38/29סמ פוד,יחידה,1.00,יחידה,false,1,31.90,31.9000,true,1,38899
7290110462840,false,סט שמן/חומץ/תבלינים,,,סט שמן/חומץ/תבלינים פוד אפיל,יחידה,1.00,יחידה,false,1,69.90,69.9000,true,1,40578
7290110463052,false,סט 6 סכינים פוד אפיל,,,סט 6 סכינים פוד אפיל,יחידה,6.00,יחידה,false,1,115.00,19.1667,true,1,43540
7290110463762,false,קופסאת איחסון מרובעת,,,קופסאת איחסון מרובעת 2.1ליטר טוויסט איט,יחידה,1.00,יחידה,false,1,36.90,36.9000,true,1,38912
7290110463809,false,קופסת איחסון מלבנית,,,קופסת איחסון מלבנית 3.6ליטר טוויסט איט,יחידה,1.00,יחידה,false,1,49.90,49.9000,true,1,38964
7290110463908,false,סט 2 כוסות דאבל 90מל,,,סט 2 כוסות דאבל 90מל קוסטה פוד אפל,יחידה,2.00,יחידה,false,1,34.90,17.4500,true,1,38907
7290110464202,false,רוסטר עם מכסה ארומטי,,,רוסטר עם מכסה ארומטי 39/26סמ 7.8ליטר,יחידה,1.00,יחידה,false,1,189.00,189.0000,true,1,39069
7290110464264,false,סיר פסטה עם מכסה מסנ,,,סיר פסטה עם מכסה מסננת 24סמ 5ליטר פודאפל,יחידה,1.00,יחידה,false,1,149.00,149.0000,true,1,39063
7290110464325,false,מכתש ועלי פוד אפל,,,מכתש ועלי פוד אפל,יחידה,1.00,יחידה,false,1,71.90,71.9000,true,1,39013
7290110464431,false,קרש חיתוך במבוק 36/2,,,קרש חיתוך במבוק 36/25.5סמ פודאפל אנד גרי,יחידה,1.00,יחידה,false,1,71.90,71.9000,true,1,39012
7290110464554,false,פינגאן אינדוקציה 0.5,,,פינגאן אינדוקציה 0.5ליטר קפה קולקטשיין,יחידה,1.00,יחידה,false,1,45.90,45.9000,true,1,38941
7290110464561,false,פינגאן אינדוקציה 0.8,,,פינגאן אינדוקציה 0.8ליטר קופי קולקטשיין,יחידה,1.00,יחידה,false,1,54.90,54.9000,true,1,38984
7290110464578,false,פינגאן אינדוקציה 1ל,,,פינגאן אינדוקציה 1ל פוד אפל קופי קולקטשי,יחידה,1.00,יחידה,false,1,59.90,59.9000,true,1,38997
7290110464677,false,סט 3 סירי זכוכית 1/1,,,סט 3 סירי זכוכית 1/1.4/2 ליטר,יחידה,3.00,יחידה,false,1,124.90,41.6333,true,1,42470
7290110465025,false,סכין סנטוקו 13סמ פיו,,,סכין סנטוקו 13סמ פיוזן פוד אפל,יחידה,1.00,יחידה,false,1,39.90,39.9000,true,1,38921
7290110465070,false,כף מחורצת עם קצה מסי,,,כף מחורצת עם קצה מסיליקון למניעת שריטות,יחידה,1.00,יחידה,false,1,23.90,23.9000,true,1,38873
7290110465568,false,קוצץ ירקות ידני איכו,,,קוצץ ירקות ידני איכותי פוד אפל,יחידה,1.00,יחידה,false,1,54.90,54.9000,true,1,38981
7290110465605,false,משחיז סכינים שולחני,,,משחיז סכינים שולחני תלת שלבי פוד אפל,יחידה,1.00,יחידה,false,1,48.90,48.9000,true,1,38962
7290110465858,false,פורס ביצים פוד אפל ס,,,פורס ביצים פוד אפל סיגנאטור,יחידה,1.00,יחידה,false,1,54.90,54.9000,true,1,38980
7290110465926,false,כף עץ מחורצת בוטניק,,,כף עץ מחורצת בוטניק פוד אפל,יחידה,1.00,יחידה,false,1,15.90,15.9000,true,1,38755
7290110465940,false,תרבד עץ בוטניק פוד א,,,תרבד עץ בוטניק פוד אפל,יחידה,1.00,יחידה,false,1,15.90,15.9000,true,1,38758
7290110465957,false,כף עץ בוטניק פוד אפל,,,כף עץ בוטניק פוד אפל,יחידה,1.00,יחידה,false,1,15.90,15.9000,true,1,38756
7290110465964,false,פטיש בשר דו צדדי מעץ,,,פטיש בשר דו צדדי מעץ בוטניק פוד אפיל,יחידה,1.00,יחידה,false,1,36.90,36.9000,true,1,42366
7290110465971,false,מלקחיים מעץ בוטניק פ,,,מלקחיים מעץ בוטניק פוד אפל,יחידה,1.00,יחידה,false,1,19.90,19.9000,true,1,38759
7290110465995,false,מערוך מעץ בונאטיק פו,,,מערוך מעץ בונאטיק פוד אפל,יחידה,1.00,יחידה,false,1,39.90,39.9000,true,1,38922
7290110466039,false,מטרפה מסיליקון שחור,,,מטרפה מסיליקון שחור פוד אפל אלאמנטל,יחידה,1.00,יחידה,false,1,21.90,21.9000,true,1,38776
7290110466077,false,לקקן מסיליקון שחור פ,,,לקקן מסיליקון שחור פוד אפל אלאמנטל,יחידה,1.00,יחידה,false,1,21.90,21.9000,true,1,38773
7290110466084,false,לקקן מקומר מסיליקון,,,לקקן מקומר מסיליקון שחור פוד אפל אלאמנטל,יחידה,1.00,יחידה,false,1,21.90,21.9000,true,1,38774
7290110466091,false,מברשת מסיליקון שחור,,,מברשת מסיליקון שחור פוד אפל אלאמנטל,יחידה,1.00,יחידה,false,1,21.90,21.9000,true,1,38775
7290110466107,false,מלקחיים מסיליקון שחו,,,מלקחיים מסיליקון שחור פוד אפל אלאמנטל,יחידה,1.00,יחידה,false,1,21.90,21.9000,true,1,38777
7290110466589,false,משחיז סכינים דו שלבי,,,משחיז סכינים דו שלבי פוד אפל,יחידה,1.00,יחידה,false,1,46.90,46.9000,true,1,38957
7290110467265,false,קופסאת אחסון מרובעת,,,קופסאת אחסון מרובעת 2.8ליטר טוויסט איט,יחידה,1.00,יחידה,false,1,45.90,45.9000,true,1,38946
7290110467289,false,קופסאת אחסון עגולה 1,,,קופסאת אחסון עגולה 1.2ליטר טוויסט איט,יחידה,1.00,יחידה,false,1,29.90,29.9000,true,1,38889
7290110467296,false,קופסת איחסון עגולה 1,,,קופסת איחסון עגולה 1.6ליטר טוויסט איט,יחידה,1.00,יחידה,false,1,36.90,36.9000,true,1,38902
7290110467302,false,קלחת 16סמ 1.4ליטר פו,,,קלחת 16סמ 1.4ליטר פוד אפל אוורי דאיי פלו,יחידה,1.00,יחידה,false,1,92.90,92.9000,true,1,39036
7290110467319,false,סיר 18סמ 1.8ליטר פוד,,,סיר 18סמ 1.8ליטר פוד אפל אוורי דיי פלוס,יחידה,1.00,יחידה,false,1,97.90,97.9000,true,1,39043
7290110467333,false,סוחט לימון ידני פוד,,,סוחט לימון ידני פוד אפל,יחידה,1.00,יחידה,false,1,23.90,23.9000,true,1,38792
7290110467340,false,סוחט פרי הדר ידני פו,,,סוחט פרי הדר ידני פוד אפל,יחידה,1.00,יחידה,false,1,31.90,31.9000,true,1,38896
7290110467401,false,מספריים רב תכליתי למ,,,מספריים רב תכליתי למטבח פוד אפיל,יחידה,1.00,יחידה,false,48,22.90,22.9000,true,1,41528
7290110467418,false,מספריים לחיתוך ופירו,,,מספריים לחיתוך ופירוק עוף פוד אפיל,יחידה,1.00,יחידה,false,48,31.90,31.9000,true,1,41531
7290110467517,false,קולפן נירוסטה איכותי,,,קולפן נירוסטה איכותי חלק פוד אפל,יחידה,1.00,יחידה,false,1,24.90,24.9000,true,1,38878
7290110467593,false,סיר 20סמ 2.6ליטר פוד,,,סיר 20סמ 2.6ליטר פוד אפל בלאקברי,יחידה,1.00,יחידה,false,1,139.00,139.0000,true,1,39060
7290110467609,false,סיר 24 סמ 4.6 ליטר פ,,,סיר 24 סמ 4.6 ליטר פוד אפל בלאקברי,יחידה,1.00,יחידה,false,1,179.00,179.0000,true,1,39068
7290110467616,false,סיר 28סמ 6.8ליטר פוד,,,סיר 28סמ 6.8ליטר פוד אפל בלאקברי,יחידה,1.00,יחידה,false,1,219.00,219.0000,true,1,39077
7290110467630,false,סוטאז 32סמ 8.2ליטר פ,,,סוטאז 32סמ 8.2ליטר פוד אפל בלאק ברי,יחידה,1.00,יחידה,false,1,239.00,239.0000,true,1,39076
7290110467647,false,קלחת עם מכסה 16סמ 1.,,,קלחת עם מכסה 16סמ 1.4ליטר פוד אפל בלאקבר,יחידה,1.00,יחידה,false,1,119.00,119.0000,true,1,39056
7290110467678,false,מחבת 20סמ פוד אפל בל,,,מחבת 20סמ פוד אפל בלאקברי,יחידה,1.00,יחידה,false,1,96.90,96.9000,true,1,39042
7290110467685,false,מחבת 24סמ פוד אפל בל,,,מחבת 24סמ פוד אפל בלאק ברי,יחידה,1.00,יחידה,false,1,109.00,109.0000,true,1,39047
7290110467708,false,מחבת 28סמ פוד אפל בל,,,מחבת 28סמ פוד אפל בלאקברי,יחידה,1.00,יחידה,false,1,126.00,126.0000,true,1,39057
7290110468026,false,מחבת 18סמ פוד אפל או,,,מחבת 18סמ פוד אפל אוורי דיי,יחידה,1.00,יחידה,false,1,51.90,51.9000,true,1,38969
7290110468033,false,מחבת 20סמ פוד אפל או,,,מחבת 20סמ פוד אפל אווירי דאי פלוס פודאפל,יחידה,1.00,יחידה,false,1,57.90,57.9000,true,1,38994
7290110468040,false,מחבת 22סמ פוד אפל או,,,מחבת 22סמ פוד אפל אוורי דאיי פלוס,יחידה,1.00,יחידה,false,1,69.90,69.9000,true,1,39009
7290110468057,false,מחבת 24סמ פוד אפל או,,,מחבת 24סמ פוד אפל אוורי דאיי פלוס,יחידה,1.00,יחידה,false,1,74.90,74.9000,true,1,39018
7290110468064,false,מחבת 26סמ פוד אפל או,,,מחבת 26סמ פוד אפל אוורי דאיי פלוס,יחידה,1.00,יחידה,false,1,79.90,79.9000,true,1,39025
7290110468071,false,מחבת 28סמ פוד אפל או,,,מחבת 28סמ פוד אפל אוורי דאיי פלוס,יחידה,1.00,יחידה,false,1,85.90,85.9000,true,1,39034
7290110468095,false,סיר 20סמ 2.8ליטר פוד,,,סיר 20סמ 2.8ליטר פוד אפל אוורי דיי פלוס,יחידה,1.00,יחידה,false,1,99.90,99.9000,true,1,39045
7290110468101,false,סיר 24סמ 5ליטר פוד א,,,סיר 24סמ 5ליטר פוד אפל אוורי דאיי,יחידה,1.00,יחידה,false,1,139.00,139.0000,true,1,39059
7290110468118,false,סיר 28סמ 7.4ליטר פוד,,,סיר 28סמ 7.4ליטר פוד אפל אוורי דאיי פלוס,יחידה,1.00,יחידה,false,1,169.00,169.0000,true,1,39066
7290110468125,false,סיר 32סמ 10.5ליטר פו,,,סיר 32סמ 10.5ליטר פודאפל אוורי דאיי פלוס,יחידה,1.00,יחידה,false,1,189.00,189.0000,true,1,39070
7290110468132,false,סוטאז 28סמ 4.7 ליטר,,,סוטאז 28סמ 4.7 ליטר פוד אפל אוורי דאיי,יחידה,1.00,יחידה,false,1,139.00,139.0000,true,1,39061
7290110468583,false,סוטאז 36סמ 8.2ליטר פ,,,סוטאז 36סמ 8.2ליטר פודאפל אוורידאיי פלוס,יחידה,1.00,יחידה,false,1,219.00,219.0000,true,1,39075
7290110469436,false,פינגאן 0.5 ליטר קפה,,,פינגאן 0.5 ליטר קפה קולקטשיין פוד אפל,יחידה,1.00,יחידה,false,1,33.90,33.9000,true,1,38906
7290110469535,false,קוצץ רב תכליתי פוד א,,,קוצץ רב תכליתי פוד אפיל,יחידה,1.00,יחידה,false,1,64.90,64.9000,true,1,42377
7290110469542,false,קוצץ ירקות ופירות לק,,,קוצץ ירקות ופירות לקוביות פוד אפל,יחידה,1.00,יחידה,false,1,109.00,109.0000,true,1,39048
7290110469856,false,פותחן יין שחור פוד א,,,פותחן יין שחור פוד אפיל סיגנאטור,יחידה,1.00,יחידה,false,1,18.90,18.9000,true,1,44243
7290110469986,false,סט 3 סירי זכוכית מרו,,,סט 3 סירי זכוכית מרובע 1/1.5/2.5ליטר,יחידה,3.00,יחידה,false,1,124.90,41.6333,true,1,42471
7290110550219,false,מטבעות שוקולד לבן לא,"פוליבה בע""ם",IL,מטבעות שוקולד לבן לאפיה עלית 400 גרם,גרמים,400.00,100 גרם,false,9,30.90,7.7250,true,1,44025
7290110550226,false,מטבעות שוקולד מריר ל,"פוליבה בע""ם",IL,מטבעות שוקולד מריר לאפיה עלית 400 גרם,גרמים,400.00,100 גרם,false,9,30.90,7.7250,true,1,44024
7290110550349,false,חטיף דוריטוס ספייסי,STRAUSS-ISRAEL,,חטיף דוריטוס ספייסי נאצוס 70 ג,גרמים,70.00,100 גרם,false,1,3.70,5.2857,true,1,33136
7290110550363,false,פריכיות אנרגי משולשו,פרח תעשיות,,פריכיות אנרגי משולשות קינואה מלח ים60גר,Unknown,0.00,Unknown,false,1,9.90,0.0000,true,1,40753
7290110550370,false,פריכיות אנרגי חלבון,פרח תעשיות,,פריכיות אנרגי חלבון קינואה פלפל שחור60,Unknown,0.00,Unknown,false,1,9.90,0.0000,true,1,44021
7290110550417,false,שוקולד פרה בלונד שומ,,,שוקולד פרה בלונד שומשום קרמל 100גרם,גרמים,100.00,100 גרם,false,1,6.90,6.9000,true,1,39919
7290110551117,false,שוקולד פרה לבן עם סו,,IL,שוקולד פרה לבן עם סוכריות קופצות 90 גר,Unknown,0.00,Unknown,false,1,5.90,0.0000,true,1,40289
7290110551254,false,נשנושי תירס מוכן לאכ,שטראוס,,נשנושי תירס מוכן לאכילה 600 גרם טעם הטבע,גרמים,600.00,100 גרם,false,1,12.90,2.1500,true,1,44195
7290110552121,false,יוגורוט דנונה הראשון,שטראוס,IL,יוגורוט דנונה הראשון שלי 100גר,גרמים,100.00,100 גרם,false,24,2.30,2.3000,true,1,42163
7290110552220,false,דנונה פרו תות 200גר,שטראוס,,דנונה פרו תות 200גר ללא סוכר 20גר חלבון,גרמים,200.00,100 גרם,false,1,5.90,2.9500,true,1,39903
7290110552237,false,דנונה פרו אפרסק מנגו,שטראוס,,דנונה פרו אפרסק מנגו  200גר ל.סוכר 20גר,גרמים,200.00,100 גרם,false,1,5.90,2.9500,true,1,39904
7290110552398,false,דנונה וואו פיסטוק 15,שטראוס,,דנונה וואו פיסטוק 150גרם,גרמים,150.00,100 גרם,false,1,4.90,3.2667,true,1,41735
7290110552411,false,משקה קפה קר טעם קרמל,שטראוס,IL,משקה קפה קר טעם קרמל 230 מל יטבטה,מיליליטרים,230.00,"100 מ""ל",false,10,7.90,3.4348,true,1,41742
7290110553012,false,מארז קפה נמס פלטינום,,,מארז קפה נמס פלטינום +ריפיל250גר,גרמים,250.00,100 גרם,false,1,25.90,10.3600,true,1,40804
7290110553029,false,פריכיות אנרגי חלבון,פרח תעשיות,,פריכיות אנרגי חלבון קייל חומוס מלח 60 גר,Unknown,0.00,Unknown,false,1,9.90,0.0000,true,1,40751
7290110553098,false,מארז 4יח אנרגי מיקס,קונסרב איטליה,IT,מארז 4יח אנרגי מיקס צימוק אגוז ושוקקולד,גרמים,100.00,100 גרם,false,16,15.90,15.9000,true,1,43575
7290110553265,false,דנונה וואו 150 גרם ב,שטראוס,,דנונה וואו 150 גרם בטעם בלונדי,גרמים,150.00,100 גרם,false,1,4.90,3.2667,true,1,39901
7290110553340,false,קפה נמס מילקשייק איי,,,קפה נמס מילקשייק אייס מלבי 200 גרם,גרמים,200.00,100 גרם,false,1,14.90,7.4500,true,1,42155
7290110553425,false,קפה נמס אבקתי 200 גר,,,קפה נמס אבקתי 200 גרם+20% תוספת,גרמים,240.00,100 גרם,false,1,22.00,9.1667,true,1,40120
7290110553449,false,מארז עוגת מילקי סנאק,שטראוס,IL,מארז עוגת מילקי סנאק 6יח 123גר,גרמים,123.00,100 גרם,false,6,12.90,10.4878,true,1,40232
7290110553494,false,חטיף דוריטוס דיפאס ת,STRAUSS-ISRAEL,,חטיף דוריטוס דיפאס תירס כחול 185 גרם,גרמים,185.00,100 גרם,false,12,8.00,4.3243,true,1,40322
7290110553623,false,חטיף ציטוס קראנץ צדר,STRAUSS-ISRAEL,,חטיף ציטוס קראנץ צדר חלפיניו 80 גר,Unknown,0.00,Unknown,false,1,4.50,0.0000,true,1,42005
7290110554118,false,ארוחת נודלס מלזי חרי,,IL,ארוחת נודלס מלזי חריף דלישס 350גר,גרמים,350.00,100 גרם,false,10,26.90,7.6857,true,1,38421
7290110554125,false,ארוחת נודלס סצואן חר,,IL,ארוחת נודלס סצואן חריף דלישס 350גר,גרמים,350.00,100 גרם,false,10,26.90,7.6857,true,1,38420
7290110554422,false,רוטב לשקשוקה עגבניות,אמיליאנה קונסרב ס.פ.,IT,רוטב לשקשוקה עגבניות ופלפל יד מרדכי 350,גרמים,350.00,100 גרם,false,12,11.90,3.4000,true,1,40293
7290110554477,false,קפסולות אספרסו אפוגט,,,קפסולות אספרסו אפוגטו מייפל פקאן 10 יח,יחידה,10.00,יחידה,false,1,17.00,1.7000,true,1,42159
7290110554507,false,קפה טורקי תימני 100,,,קפה טורקי תימני 100 גרם,גרמים,100.00,100 גרם,false,1,8.90,8.9000,true,1,42156
7290110554514,false,קפה טורקי אתיופי 100,,,קפה טורקי אתיופי 100 גרם,גרמים,100.00,100 גרם,false,1,8.90,8.9000,true,1,42157
7290110554545,false,קפסולות אספרסו אפוגט,,,קפסולות אספרסו אפוגטו קוקוס 10 יח,יחידה,10.00,יחידה,false,1,17.00,1.7000,true,1,42158
7290110554583,false,מארז 10 יח ציטוס פאפ,STRAUSS-ISRAEL,,מארז 10 יח ציטוס פאפאס גבינה 200 גר,גרמים,200.00,100 גרם,false,9,12.90,6.4500,true,1,39761
7290110554699,false,קפסולות קפה בתי קליה,,,קפסולות קפה בתי קליה עולה 10 יח,יחידה,10.00,יחידה,false,1,18.90,1.8900,true,1,44255
7290110554705,false,קפסולות קפה בתי קליה,,,קפסולות קפה בתי קליה יוניקו 10 יח,יחידה,10.00,יחידה,false,1,18.90,1.8900,true,1,44253
7290110554712,false,קפסולות קפה בתי קליה,,,קפסולות קפה בתי קליה נחת10 יח,יחידה,10.00,יחידה,false,1,18.90,1.8900,true,1,44254
7290110554729,false,קפסולות אספרסו 04 חז,,,קפסולות אספרסו 04 חזקות 10 יח,יחידה,10.00,יחידה,false,1,16.50,1.6500,true,1,40953
7290110554828,false,מארז 3 יח פסק זמן קל,,,מארז 3 יח פסק זמן קלאסי135גר כשלפ,גרמים,135.00,100 גרם,false,1,12.90,9.5556,true,1,40803
7290110555078,false,לאבנה שמן זית ועשבי,שטראוס,IL,לאבנה שמן זית ועשבי תיבול 250גר,גרמים,250.00,100 גרם,false,12,10.00,4.0000,true,1,42161
7290110555306,false,גלילי ופל רבע לשבע ס,,,גלילי ופל רבע לשבע סינמון באן 125 גרם,גרמים,125.00,100 גרם,false,1,11.90,9.5200,true,1,42817
7290110555603,false,שוקולטה ספלנדיד 360,,,שוקולטה ספלנדיד 360 גרם,גרמים,360.00,100 גרם,false,1,22.90,6.3611,true,1,44900
7290110555665,false,קקאו עלית דל שומן קו,,,קקאו עלית דל שומן קופסא 220 גרם,גרמים,220.00,100 גרם,false,1,19.90,9.0455,true,1,44899
7290110556242,false,שוקולד פרה מריר 100,,FR,שוקולד פרה מריר 100 גר,גרמים,100.00,100 גרם,false,1,5.90,5.9000,true,1,44029
7290110557027,false,חומוס עשיר בטחינה 50,שטראוס,,חומוס עשיר בטחינה 50% 400גרם,גרמים,400.00,100 גרם,false,1,11.90,2.9750,true,1,39468
7290110557102,false,דנונה פרו 11גר חלבון,שטראוס,IL,דנונה פרו 11גר חלבון עם שוקולד 150גר,גרמים,150.00,100 גרם,false,12,5.50,3.6667,true,1,33211
7290110557119,false,מעדן  גמדים  סקוויז,שטראוס,IL,מעדן  גמדים  סקוויז פירות יער 100גר בודד,גרמים,100.00,100 גרם,false,7,5.90,5.9000,true,1,39870
7290110557126,false,משקה יוגורט דנונה רי,שטראוס,,משקה יוגורט דנונה ריפרש בננה תמר 250מל,מיליליטרים,250.00,"100 מ""ל",false,12,5.90,2.3600,true,1,38429
7290110557133,false,מעדן הגולן וניל 125ג,שטראוס,IL,מעדן הגולן וניל 125גר,גרמים,125.00,100 גרם,false,24,2.90,2.3200,true,1,38431
7290110557164,false,חטיף טעמי בלונדי שקד,,,חטיף טעמי בלונדי שקדים 42 גר,Unknown,0.00,Unknown,false,1,5.00,0.0000,true,1,40055
7290110557317,false,יוגורוט דנונה הראשון,שטראוס,IL,יוגורוט דנונה הראשון שלי שבולת שועל100גר,גרמים,100.00,100 גרם,false,24,2.30,2.3000,true,1,42164
7290110557393,false,מארז 2יח מילקי שלוק,שטראוס,IL,מארז 2יח מילקי שלוק בטעם אייס קפה 276גר,גרמים,276.00,100 גרם,false,10,8.90,3.2246,true,1,43556
7290110557416,false,מילקי טופ לבבות 141ג,,,מילקי טופ לבבות 141גר,גרמים,141.00,100 גרם,false,1,4.90,3.4752,true,1,40233
7290110557478,false,חומוס גלילי 600 גרם,שטראוס,,חומוס גלילי 600 גרם אחלה,גרמים,600.00,100 גרם,false,1,13.90,2.3167,true,1,40682
7290110557539,false,מילקי מוס תותים בשמנ,שטראוס,,מילקי מוס תותים בשמנת 81גר,גרמים,81.00,100 גרם,false,1,3.50,4.3210,true,1,40234
7290110557645,false,מארז 4יח אנרגי מיקס,קונסרב איטליה,IT,מארז 4יח אנרגי מיקס צימוק חמוציות,גרמים,100.00,100 גרם,false,16,15.90,15.9000,true,1,43576
7290110558130,false,דנונה אקטיביה שיבולת,שטראוס,IL,דנונה אקטיביה שיבולת שועל ודבש 150 גר,גרמים,150.00,100 גרם,false,24,4.70,3.1333,true,1,42167
7290110558154,false,יוגורט דנונה לייט אנ,שטראוס,IL,יוגורט דנונה לייט אנד פריי ע.תפוחים 150ג,גרמים,150.00,100 גרם,false,24,4.90,3.2667,true,1,43651
7290110558161,false,יוגורט דנונה לייט אנ,שטראוס,IL,יוגורט דנונה לייט אנד פריי פאי לימון 150,גרמים,150.00,100 גרם,false,24,4.90,3.2667,true,1,41736
7290110558222,false,יוגורט דנונה וואו בנ,שטראוס,,יוגורט דנונה וואו בנופי 150גרם 4% שומן,גרמים,150.00,100 גרם,false,1,4.90,3.2667,true,1,43647
7290110558239,false,יוגורט דנונה וואו קר,שטראוס,,יוגורט דנונה וואו קראק פאי150גרם 4% שומן,גרמים,150.00,100 גרם,false,1,4.90,3.2667,true,1,43648
7290110558253,false,משקה יוגורט דנונה רי,שטראוס,,משקה יוגורט דנונה ריפרש בננה אננס 250מל,מיליליטרים,250.00,"100 מ""ל",false,12,5.90,2.3600,true,1,42168
7290110558284,false,יוגורט דנונה ביו מול,שטראוס,IL,יוגורט דנונה ביו מולטי 200גר,גרמים,200.00,100 גרם,false,24,4.20,2.1000,true,1,43555
7290110558307,false,דנונה פרו 20גר חלבון,שטראוס,IL,דנונה פרו 20גר חלבון עם שבולת שועל 200ג,גרמים,200.00,100 גרם,false,12,6.50,3.2500,true,1,41737
7290110558314,false,יוגורט דנונה פרו פיס,שטראוס,,יוגורט דנונה פרו פיסטוק 20גר חלבון 200גר,גרמים,200.00,100 גרם,false,1,5.90,2.9500,true,1,43650
7290110558338,false,דנונה פרו 25גר חלבון,שטראוס,IL,דנונה פרו 25גר חלבון 200גרם,גרמים,200.00,100 גרם,false,12,6.50,3.2500,true,1,41738
7290110558666,false,דניאלה בטעם תפוח 100,,,דניאלה בטעם תפוח 100 גרם,גרמים,100.00,100 גרם,false,1,4.50,4.5000,true,1,44638
7290110558710,false,מעדן דני שכבות שוקול,,,מעדן דני שכבות שוקולד וניל 125גר,גרמים,125.00,100 גרם,false,1,2.70,2.1600,true,1,42762
7290110558918,false,עלי חסה קראנץ שטופים,,,עלי חסה קראנץ שטופים 150 גרם בקופסא,גרמים,150.00,100 גרם,false,1,10.00,6.6667,true,1,43657
7290110559007,false,שעועית חומה טעם הטבע,קונסרב איטליה,IT,שעועית חומה טעם הטבע 380 גרם,גרמים,380.00,100 גרם,false,16,6.90,1.8158,true,1,43570
7290110559014,false,שעועית שחורה טעם הטב,קונסרב איטליה,IT,שעועית שחורה טעם הטבע 380 גרם,גרמים,380.00,100 גרם,false,16,6.90,1.8158,true,1,43569
7290110559038,false,מילקשייק שוקו 300מל,שטראוס,IL,מילקשייק שוקו 300מל עם סירופ יטבתה,מיליליטרים,300.00,"100 מ""ל",false,6,6.90,2.3000,true,1,43560
7290110559045,false,מילקשייק וניל 300מל,שטראוס,IL,מילקשייק וניל 300מל עם סירופ יטבתה,מיליליטרים,300.00,"100 מ""ל",false,6,6.90,2.3000,true,1,43559
7290110559748,false,מארז 3 יח חטיף אנרגי,קונסרב איטליה,IT,מארז 3 יח חטיף אנרגי ריל שקד קוקוס שוקול,גרמים,105.00,100 גרם,false,16,15.90,15.1429,true,1,43574
7290110559755,false,מארז 3 יח חטיף אנרגי,קונסרב איטליה,IT,מארז 3 יח חטיף אנרגי ריל בוטן פיסטוק חמו,גרמים,105.00,100 גרם,false,16,15.90,15.1429,true,1,43573
7290110559762,false,מארז 3 יח חטיף אנרגי,קונסרב איטליה,IT,מארז 3 יח חטיף אנרגי ריל תמר אגוז קוקוס,גרמים,105.00,100 גרם,false,16,15.90,15.1429,true,1,43572
7290110559939,false,נתחי סויה בסגנון שוו,,IL,נתחי סויה בסגנון שווארמה ומגדרה 350גר,גרמים,350.00,100 גרם,false,10,26.90,7.6857,true,1,41714
7290110560300,false,פריכיות אנרגי משולש,פרח תעשיות,,פריכיות אנרגי משולש פלפל שחור 30 גר,Unknown,0.00,Unknown,false,1,4.90,0.0000,true,1,19179
7290110560317,false,פריכיות אנרגי משולש,פרח תעשיות,,פריכיות אנרגי משולש מלח ים 30 גר,Unknown,0.00,Unknown,false,1,4.90,0.0000,true,1,19180
7290110560324,false,פריכיות אנרגי משולש,פרח תעשיות,,פריכיות אנרגי משולש אפונה ירוקה 30 גר,Unknown,0.00,Unknown,false,1,4.90,0.0000,true,1,19181
7290110561352,false,יוגורט דנונה ביו דל,,,יוגורט דנונה ביו דל לקטוז 3% 200גר,גרמים,200.00,100 גרם,false,1,3.80,1.9000,true,1,17364
7290110561604,false,מארז 8יח גמדים תות ב,,,מארז 8יח גמדים תות בננה 800 גר,גרמים,800.00,100 גרם,false,1,17.90,2.2375,true,1,16625
7290110563431,false,משקה  קפה  קר 230מל,שטראוס,IL,משקה  קפה  קר 230מל 1.6% סגנון קלאסי יטב,מיליליטרים,230.00,"100 מ""ל",false,10,7.90,3.4348,true,1,19771
7290110563448,false,משקה קפה קר מעודן יט,שטראוס,IL,משקה קפה קר מעודן יטבתה 230מל,מיליליטרים,230.00,"100 מ""ל",false,10,7.90,3.4348,true,1,19770
7290110563455,false,חלב דל לקטוז 1 ליטר,שטראוס,,חלב דל לקטוז 1 ליטר 3% בקבוק,ליטרים,1.00,ליטר,false,1,7.90,7.9000,true,1,16196
7290110563462,false,חלב נטול לקטוז 1ליטר,שטראוס,,חלב נטול לקטוז 1ליטר 2% שומן יטבתה,ליטרים,1.00,ליטר,false,12,8.50,8.5000,true,1,20237
7290110563820,false,סלק מבושל 1 קג,,,סלק מבושל 1 קג,קילוגרמים,1.00,"ק""ג",false,1,12.90,12.9000,true,1,16576
7290110563851,false,חטיפי אנרגי אגוז שוק,,,חטיפי אנרגי אגוז שוקולד מריר10 יח 144 גר,יחידה,6.00,יחידה,false,1,12.90,2.1500,true,1,17692
7290110563868,false,חטיפי אנרגי שוקולד מ,,,חטיפי אנרגי שוקולד מריר 10 יח 144 גר,יחידה,6.00,יחידה,false,1,12.90,2.1500,true,1,17691
7290110564339,false,חומוס עשיר בטחינה30%,שטראוס,,חומוס עשיר בטחינה30% 400גרם,גרמים,400.00,100 גרם,false,1,11.90,2.9750,true,1,16638
7290110564353,false,שוקולד פרה בלונד קרם,,,שוקולד פרה בלונד קרם אגוי לוז 100 גרם,גרמים,100.00,100 גרם,false,1,6.90,6.9000,true,1,22158
7290110564360,false,חומוס עשיר בטחינה40%,שטראוס,,חומוס עשיר בטחינה40% 400גרם,גרמים,400.00,100 גרם,false,1,11.90,2.9750,true,1,16639
7290110564414,false,חומוס עשיר בטחינה30%,שטראוס,,חומוס עשיר בטחינה30% 600גרם אחלה,גרמים,600.00,100 גרם,false,1,14.90,2.4833,true,1,16640
7290110564742,false,משקה  קפה  קר 230מל,שטראוס,IL,משקה  קפה  קר 230מל 1.2% סגנון חזק יטבתה,מיליליטרים,230.00,"100 מ""ל",false,10,7.90,3.4348,true,1,19769
7290110565435,false,לימבו גלי בטעם פטל 1,,,לימבו גלי בטעם פטל 125 גרם חלבי,גרמים,125.00,100 גרם,false,24,2.50,2.0000,true,1,16376
7290110565527,false,דנונה פרו עשיר בחלבו,שטראוס,,דנונה פרו עשיר בחלבון 20גרם 200 גרם,גרמים,200.00,100 גרם,false,1,5.90,2.9500,true,1,16202
7290110565572,false,קפה טורקי עם הל לדרך,,,קפה טורקי עם הל לדרך 14 יח 168 גרם,יחידה,24.00,יחידה,false,1,20.00,0.8333,true,1,21412
7290110565664,false,עוגת בראוניס שוקולד,,,עוגת בראוניס שוקולד מריר 380 ג,גרמים,380.00,100 גרם,false,1,15.90,4.1842,true,1,18619
7290110566623,false,קפסולות אספרסו 8 קול,,,קפסולות אספרסו 8 קולומביה 10 יח,יחידה,10.00,יחידה,false,1,16.50,1.6500,true,1,18045
7290110566975,false,דנונה פרו תות עשיר ב,שטראוס,,דנונה פרו תות עשיר בחלבון 20גרם 200 גרם,גרמים,200.00,100 גרם,false,1,5.90,2.9500,true,1,17180
7290110567057,false,מסטיק מאסט מנטה חזקה,,,מסטיק מאסט מנטה חזקה 66 גרם,Unknown,0.00,Unknown,false,1,8.90,0.0000,true,1,18969
7290110567309,false,חטיף פסק זמן בלונדי,,,חטיף פסק זמן בלונדי קרם חלב 45,Unknown,0.00,Unknown,false,1,6.00,0.0000,true,1,18613
7290110568238,false,קצפת צמחית 250גר יטב,שטראוס,IL,קצפת צמחית 250גר יטבתה 21% שומן,מיליליטרים,250.00,"100 מ""ל",false,18,8.50,3.4000,true,1,18310
7290110568276,false,משקה פרו וניל 350מל,שטראוס,,משקה פרו וניל 350מל 25גר חלבון יטבתה,מיליליטרים,350.00,"100 מ""ל",false,12,6.50,1.8571,true,1,17686
7290110568498,false,קונפיטורה תות מתיקות,,,קונפיטורה תות מתיקות מעודנת 265 גרם,גרמים,265.00,100 גרם,false,1,12.90,4.8679,true,1,20372
7290110568511,false,קונפיטורה פירות יער,,,קונפיטורה פירות יער מתיקות מעודנת265ג,גרמים,265.00,100 גרם,false,1,12.90,4.8679,true,1,20371
7290110568559,false,מארז 10יח דוריטוס חמ,STRAUSS-ISRAEL,,מארז 10יח דוריטוס חמוץ חריף 25 גרם,גרמים,250.00,100 גרם,false,1,13.90,5.5600,true,1,17900
7290110568566,false,מארז 10יח דוריטוס גר,STRAUSS-ISRAEL,,מארז 10יח דוריטוס גריל 25 גרם,גרמים,250.00,100 גרם,false,1,13.90,5.5600,true,1,17901
7290110570224,false,משקה קפה קר 230 מל ב,שטראוס,IL,משקה קפה קר 230 מל בטעם עוגיות יטבתה,מיליליטרים,230.00,"100 מ""ל",false,10,7.90,3.4348,true,1,43655
7290110570521,false,סלט חציל פיקנטי יום,שטראוס,IL,סלט חציל פיקנטי יום יום 125 גר,גרמים,125.00,100 גרם,false,24,4.50,3.6000,true,1,40218
7290110571184,false,עדשים חומות טעם הטבע,קונסרב איטליה,IT,עדשים חומות טעם הטבע 380 גרם,גרמים,380.00,100 גרם,false,16,6.90,1.8158,true,1,43571
7290110571375,false,מארז 4יח אנרגי מיקס,קונסרב איטליה,IT,מארז 4יח אנרגי מיקס שקד קוקס שוקולד,גרמים,100.00,100 גרם,false,16,15.90,15.9000,true,1,43577
7290110571382,false,דנונה פרו 11גר חלבון,שטראוס,IL,דנונה פרו 11גר חלבון טעם וניל 150גר,גרמים,150.00,100 גרם,false,12,5.50,3.6667,true,1,40680
7290110571405,false,עוגיות מיני פינוקיות,,,עוגיות מיני פינוקיות פסק זמן 180 ג,גרמים,180.00,100 גרם,false,1,10.90,6.0556,true,1,44570
7290110571412,false,עוגיות מיני פינוקיות,,,עוגיות מיני פינוקיות פאדג 180 ג,גרמים,180.00,100 גרם,false,1,10.90,6.0556,true,1,44571
7290110571474,false,גלילי ופל רבע לשבע פ,,,גלילי ופל רבע לשבע פופקורן 125 גרם,גרמים,125.00,100 גרם,false,1,11.90,9.5200,true,1,42819
7290110571481,false,קפה נמס אבקתי משפטים,,,קפה נמס אבקתי משפטים 200 גרם,גרמים,200.00,100 גרם,false,1,22.00,11.0000,true,1,43581
7290110572129,false,חטיף כיף כף מקלות שו,,,חטיף כיף כף מקלות שוקולד לבן 40גר,Unknown,0.00,Unknown,false,1,5.50,0.0000,true,1,44569
7290110572884,false,קפסולות אספרסו 20 חז,,,קפסולות אספרסו 20 חזק 10 יח,יחידה,10.00,יחידה,false,1,16.50,1.6500,true,1,44572
7290110572969,false,חטיף כיף כף פצפצים ל,,,חטיף כיף כף פצפצים לבן 40 גר,Unknown,0.00,Unknown,false,1,4.90,0.0000,true,1,43652
7290110576318,false,מארז 3יח שוקולד פרה,,FR,מארז 3יח שוקולד פרה לבן אגוזים100 גרם,גרמים,300.00,100 גרם,false,8,24.90,8.3000,true,1,44028
7290110576370,false,מארז 3יח שוקולד פרה,,FR,מארז 3יח שוקולד פרה מריר אגוזים100 גרם,גרמים,300.00,100 גרם,false,8,24.90,8.3000,true,1,44027
7290110576387,false,מארז 3יח שוקולד פרה,,FR,מארז 3יח שוקולד פרה חלב אגוזים100 גרם,גרמים,300.00,100 גרם,false,8,24.90,8.3000,true,1,44026
7290110576752,false,שוקולד ספלנדיד 70% מ,,,שוקולד ספלנדיד 70% מריר 100 גר,גרמים,100.00,100 גרם,false,1,10.90,10.9000,true,1,44545
7290110576776,false,שוקולד ספלנדיד 85% מ,,,שוקולד ספלנדיד 85% מריר 100 גר,גרמים,100.00,100 גרם,false,1,10.90,10.9000,true,1,44546
7290110576868,false,מארז 4 יח סופר גמדים,,,מארז 4 יח סופר גמדים סלט פירות 400 גרם,גרמים,400.00,100 גרם,false,1,11.90,2.9750,true,1,44641
7290111090134,false,מארז שלישיית מגבוני,די.פי.אל,IL,מארז שלישיית מגבוני איי קר לרענון 36יח,יחידה,36.00,יחידה,false,24,7.90,0.2194,true,1,19160
7290111090424,false,מגבונים להסרת לק איי,די.פי.אל,IL,מגבונים להסרת לק איי קר 10יח,יחידה,10.00,יחידה,false,24,7.90,0.7900,true,1,19157
7290111092985,false,רביעיית מגבוני בייבי,,,רביעיית מגבוני בייביסיטר מעוצבת 66יח,יחידה,264.00,יחידה,false,6,16.90,0.0640,true,1,43464
7290111093005,false,מגבונים להסרת איפור,די.פי.אל,IL,מגבונים להסרת איפור איי קר 25יח,יחידה,25.00,יחידה,false,24,7.90,0.3160,true,1,19159
7290111093760,false,מגבוני קוויק ניקוי ר,די.פי.אל,,מגבוני קוויק ניקוי רצפות נ.מרכך כביסה10י,יחידה,10.00,יחידה,false,12,9.90,0.9900,true,1,40943
7290111093982,false,תחליב רחצה 700מל דוק,"אמיליה קוסמטיקס בע""מ",,תחליב רחצה 700מל דוקטור עור פסיפלורה,מיליליטרים,700.00,"100 מ""ל",false,1,19.90,2.8429,true,1,43907
7290111094361,false,שקיות אשפה קוויק 25י,,,שקיות אשפה קוויק 25יח אקס אל 75/90 ידית,יחידה,25.00,יחידה,false,1,12.90,0.5160,true,1,39465
7290111094392,false,תחליב רחצה 700מל דוק,"אמיליה קוסמטיקס בע""מ",,תחליב רחצה 700מל דוקטור עור קוקוס ליים,מיליליטרים,700.00,"100 מ""ל",false,1,19.90,2.8429,true,1,43908
7290111094613,false,מגבונים לניקוי משקפי,די.פי.אל,IL,מגבונים לניקוי משקפיים איי קר 24יח,יחידה,24.00,יחידה,false,24,7.90,0.3292,true,1,19158
7290111094651,false,שקיות אשפה קוויק 40י,,,שקיות אשפה קוויק 40יח לארג 50/70עם ידית,יחידה,40.00,יחידה,false,18,12.90,0.3225,true,1,39466
7290111096921,false,מגבונים לניקוי כללי,די.פי.אל,,מגבונים לניקוי כללי קוויק חומץ ומלח 50יח,יחידה,50.00,יחידה,false,1,8.90,0.1780,true,1,37440
7290111097546,false,מגבונים קוויק לניקוי,די.פי.אל,,מגבונים קוויק לניקוי משטחים 50יח נ.מרכך,יחידה,50.00,יחידה,false,1,8.90,0.1780,true,1,40944
7290111097836,false,מגבוני קוויק דוחה אב,די.פי.אל,,מגבוני קוויק דוחה אבק למשטחים 50יח,יחידה,50.00,יחידה,false,1,8.90,0.1780,true,1,40945
7290111285417,false,קערת במבוק ממותגת,,,קערת במבוק ממותגת,יחידה,1.00,יחידה,false,1,12.90,12.9000,true,1,16285
7290111285523,false,כוס במבוק ממותגת,,,כוס במבוק ממותגת,יחידה,1.00,יחידה,false,1,12.90,12.9000,true,1,16284
7290111340109,false,מגן תחתון דיפנד אקטי,חוגלה קימברלי,,מגן תחתון דיפנד אקטיב נשים 22 יח,יחידה,22.00,יחידה,false,1,18.90,0.8591,true,1,19683
7290111340178,false,מטליות לחות לניקוי כ,,,מטליות לחות לניקוי כללי דוחה אבק 50יח,יחידה,50.00,יחידה,false,1,13.90,0.2780,true,1,15057
7290111340185,false,מטליות לחות לרצפה ני,,,מטליות לחות לרצפה ניקול בניחוח מרכך 10יח,יחידה,10.00,יחידה,false,1,13.90,1.3900,true,1,15056
7290111340420,false,תחתון סופג דיפנד נשי,KC USA,,תחתון סופג דיפנד נשים מידה מדיום 10יח,יחידה,10.00,יחידה,false,1,57.90,5.7900,true,1,16529
7290111340895,false,תחתון סופג דיפנד גבר,KC USA,,תחתון סופג דיפנד גברים מידה לארג 10יח,יחידה,9.00,יחידה,false,1,57.90,6.4333,true,1,16533
7290111340925,false,מטליות לחות ניקול לנ,,,מטליות לחות ניקול לניקוי כללי אקס אל40יח,יחידה,40.00,יחידה,false,1,13.90,0.3475,true,1,16534
7290111340956,false,מטליות לחות לניקוי ר,,,מטליות לחות לניקוי רצפות 10יח מהדורת ספא,יחידה,10.00,יחידה,false,1,12.90,1.2900,true,1,16535
7290111341359,false,רדיד אלומיניום 60מטר,,,רדיד אלומיניום 60מטר+סכין חיתוך ניקול,מטרים,60.00,מטר,false,1,39.90,0.6650,true,1,18294
7290111341366,false,מפיות אירוח חד שכבתי,חוגלה קימברלי,,מפיות אירוח חד שכבתי 30/30 150יח,יחידה,150.00,יחידה,false,1,8.90,0.0593,true,1,18295
7290111341434,false,תחבושות מיני דיפנד א,חוגלה קימברלי,,תחבושות מיני דיפנד אקטיב נשים 12 יח,יחידה,12.00,יחידה,false,1,19.90,1.6583,true,1,19685
7290111341496,false,תחבושות מיני דיפנד א,חוגלה קימברלי,,תחבושות מיני דיפנד אקטיב נשים 14 יח,יחידה,14.00,יחידה,false,1,19.90,1.4214,true,1,19684
7290111341540,false,טמפונים קוטקס אקטיב,KC Turkey,,טמפונים קוטקס אקטיב נורמל 32 יח,יחידה,32.00,יחידה,false,12,26.90,0.8406,true,1,21216
7290111341557,false,טמפונים קוטקס אקטיב,KC Turkey,,טמפונים קוטקס אקטיב סופר 32 יח,יחידה,32.00,יחידה,false,12,26.90,0.8406,true,1,21217
7290111341816,false,נייר אפיה ניקול 25מט,אופל,IL,נייר אפיה ניקול 25מטר עם סליידר,מטרים,25.00,מטר,false,15,19.90,0.7960,true,1,19681
7290111341984,false,מארז 4יח נייר טואלט,עלבד,IL,מארז 4יח נייר טואלט לח לילי 40יח,יחידה,160.00,יחידה,false,8,19.90,0.1244,true,1,22222
7290111341991,false,מגבון נייר טואלט לח,עלבד,IL,מגבון נייר טואלט לח סופרים 48 יח,יחידה,48.00,יחידה,false,18,7.90,0.1646,true,1,21212
7290111342004,false,מגבון נייר טואלט לח,עלבד,IL,מגבון נייר טואלט לח לילי קידס 56 יח,יחידה,56.00,יחידה,false,18,7.90,0.1411,true,1,21211
7290111342042,false,כריות יפניות אנטיבקט,,,כריות יפניות אנטיבקטריאליות 4 יח ניקול,יחידה,4.00,יחידה,false,1,15.90,3.9750,true,1,23475
7290111342059,false,מטליות לחות אנטיבקטר,,,מטליות לחות אנטיבקטריאלי מפחית ריחות 50י,יחידה,50.00,יחידה,false,1,15.90,0.3180,true,1,23474
7290111342073,false,מטליות מיקרופייבר אנ,,,מטליות מיקרופייבר אנטיבקטריאלי 2יח ניקול,יחידה,2.00,יחידה,false,1,14.90,7.4500,true,1,23476
7290111342189,false,מפיות אירוח ניקול חד,חוגלה קימברלי,,מפיות אירוח ניקול חד שכבתי150יח 30/30סמ,יחידה,150.00,יחידה,false,14,8.90,0.0593,true,1,22673
7290111342523,false,מפיות אירוח ניקול חד,חוגלה קימברלי,,מפיות אירוח ניקול חד שכבתי100יח 33/33סמ,יחידה,100.00,יחידה,false,1,7.90,0.0790,true,1,22672
7290111342738,false,מארז 4יח נייר טואלט,עלבד,IL,מארז 4יח נייר טואלט לח לילי קידס 40יח,יחידה,160.00,יחידה,false,8,19.90,0.1244,true,1,23030
7290111343117,false,ממחטות אף קלינקס לוש,PAPALINAS,,ממחטות אף קלינקס לושן סופט זוג 140יח,יחידה,140.00,יחידה,false,30,14.90,0.1064,true,1,28287
7290111343124,false,נייר טואלט לילי כפול,חוגלה קימברלי,IL,נייר טואלט לילי כפול 24גלילים=48,יחידה,24.00,יחידה,false,1,49.90,2.0792,true,1,25150
7290111343452,false,מטליות לחות לניקוי ב,חוגלה קימברלי,IL,מטליות לחות לניקוי בתוספת חומץ 50יח ניקו,יחידה,50.00,יחידה,false,24,12.90,0.2580,true,1,26914
7290111343803,false,מארז 3יח מטליות לחות,חוגלה קימברלי,IL,מארז 3יח מטליות לחות חיטוי אסלות 15יח,יחידה,45.00,יחידה,false,15,15.90,0.3533,true,1,26167
7290111343827,false,מטליות רב שימושיות ל,,,מטליות רב שימושיות לניקוי וקרצוף 6יח ניק,יחידה,6.00,יחידה,false,36,12.90,2.1500,true,1,26916
7290111343841,false,ספוגית הקסם לנירוסטה,,,ספוגית הקסם לנירוסטה 3יח ניקול,יחידה,3.00,יחידה,false,24,12.90,4.3000,true,1,26915
7290111343858,false,מטליות לחות לרצפות א,,,מטליות לחות לרצפות אנטיבקטריאלי 10יח ניק,יחידה,10.00,יחידה,false,1,12.90,1.2900,true,1,25155
7290111344077,false,מארז 3יח מטליות לחות,,,מארז 3יח מטליות לחות אנטיבקטריאלי 50יח,יחידה,150.00,יחידה,false,1,25.90,0.1727,true,1,25154
7290111344138,false,מטלית רב שימושית אנט,נ.אורים,,מטלית רב שימושית אנטיבקרטיאלי 6יח ניקול,יחידה,6.00,יחידה,false,1,11.90,1.9833,true,1,25158
7290111344145,false,מטליות מיקרופייבר לר,UFO,,מטליות מיקרופייבר לרצפות אנטיבקטראילי 2י,יחידה,2.00,יחידה,false,12,25.90,12.9500,true,1,26917
7290111344206,false,מארז 4יח מגבוני האגי,ווטנאפס,,מארז 4יח מגבוני האגיס נטורל קר 64יח,יחידה,256.00,יחידה,false,1,20.90,0.0816,true,1,38527
7290111344459,false,תחבושות קוטקס לילה א,KC Turkey,,תחבושות קוטקס לילה אקסטרה לונג 18יח,יחידה,18.00,יחידה,false,1,19.90,1.1056,true,1,30951
7290111344503,false,חיתולי האגיס אקסטרה,חוגלה קימברלי,,חיתולי האגיס אקסטרה קייר מידה 4+ 36יח,יחידה,36.00,יחידה,false,1,49.90,1.3861,true,1,31353
7290111344510,false,נייר אפיה 100יח ניקו,אופל,IL,נייר אפיה 100יח ניקול,יחידה,100.00,יחידה,false,12,21.90,0.2190,true,1,29826
7290111344527,false,שקיות אשפה שחורות לפ,אשפלסט,IL,שקיות אשפה שחורות לפחים ענקיים 20יח,יחידה,20.00,יחידה,false,12,26.90,1.3450,true,1,29825
7290111344558,false,שקיות אשפה גדולות עם,אשפלסט,IL,שקיות אשפה גדולות עם שרוך 100יח לארג,יחידה,100.00,יחידה,false,12,32.90,0.3290,true,1,32644
7290111344572,false,שקיות אשפה ניקול עם,,,שקיות אשפה ניקול עם ידיות 25יח,יחידה,25.00,יחידה,false,8,24.90,0.9960,true,1,38416
7290111344619,false,מטליות לחות ניקול לנ,חוגלה קימברלי,IL,מטליות לחות ניקול לניקוי סביבת התינוק 50,יחידה,50.00,יחידה,false,12,13.90,0.2780,true,1,30954
7290111344626,false,מארז 2יח מגבות מטבח,,IL,מארז 2יח מגבות מטבח אנטיבקטריאלי ניקול,יחידה,2.00,יחידה,false,24,22.90,11.4500,true,1,29828
7290111344633,false,משטח לייבוש כלים אנט,,IL,משטח לייבוש כלים אנטיבקטריאלי ניקול,יחידה,1.00,יחידה,false,12,22.90,22.9000,true,1,29827
7290111344701,false,שקיות סנדויצון ניקול,חוגלה קימברלי,IL,שקיות סנדויצון ניקול 250יח מיניונים,יחידה,250.00,יחידה,false,20,14.90,0.0596,true,1,44009
7290111344732,false,ממחטות אף קלינקס אלר,חוגלה קימברלי,IL,ממחטות אף קלינקס אלרגי קומפורט 140דף,יחידה,140.00,יחידה,false,30,14.90,0.1064,true,1,30955
7290111344824,false,מגן תחתון קוטקס אנטי,KC China,,מגן תחתון קוטקס אנטיבקטראלי לארג 52יח,יחידה,52.00,יחידה,false,1,21.90,0.4212,true,1,39898
7290111344831,false,מגן תחתון קוטקס אקסט,KC China,,מגן תחתון קוטקס אקסטרא פרוטקט נורמל 60יח,יחידה,60.00,יחידה,false,1,21.90,0.3650,true,1,39879
7290111344855,false,מגן תחתון קוטקס אקסט,KC China,,מגן תחתון קוטקס אקסטרא פרוטקט לארג 52יח,יחידה,52.00,יחידה,false,1,21.90,0.4212,true,1,39880
7290111344879,false,מגן תחתון קוטקס 2 ב1,KC China,,מגן תחתון קוטקס 2 ב1 לארג 44 יחידות,יחידה,44.00,יחידה,false,1,21.90,0.4977,true,1,39897
7290111344916,false,מארז 6יח כרית יפנית,חוגלה קימברלי,IL,מארז 6יח כרית יפנית אנטיבקטריאלי ניקול,יחידה,6.00,יחידה,false,24,13.90,2.3167,true,1,30952
7290111344930,false,מטליות לחות לניקוי ר,,,מטליות לחות לניקוי רצפות 10יח ניחוח מרכך,יחידה,10.00,יחידה,false,1,12.90,1.2900,true,1,38412
7290111344978,false,רדיד אלומיניום 60מטר,,,רדיד אלומיניום 60מטר עבה,מטרים,60.00,מטר,false,1,39.90,0.6650,true,1,30950
7290111345043,false,מטליות מיקרופייבר למ,,,מטליות מיקרופייבר למשטחים 2יח דו צדדי ני,יחידה,2.00,יחידה,false,24,17.90,8.9500,true,1,38414
7290111345050,false,כריות ניקוי מיקרופיי,,,כריות ניקוי מיקרופייבר דו צדדי 2יח ניקול,יחידה,2.00,יחידה,false,20,14.90,7.4500,true,1,38415
7290111345722,false,שקיות לשמירת הטריות,,,שקיות לשמירת הטריות 5יח ניקול,יחידה,5.00,יחידה,false,24,16.90,3.3800,true,1,42735
7290111345753,false,תחבושות קוטקס נטורל,KC Turkey,,תחבושות קוטקס נטורל נורמל דואו 24יח,יחידה,24.00,יחידה,false,16,19.90,0.8292,true,1,41269
7290111345760,false,תחבושות קוטקס נטורל,KC Turkey,,תחבושות קוטקס נטורל סופר דואו 18יח,יחידה,18.00,יחידה,false,16,19.90,1.1056,true,1,41270
7290111345777,false,תחבושות קוטקס נטורל,KC Turkey,,תחבושות קוטקס נטורל אוברנייט דואו 16יח,יחידה,16.00,יחידה,false,16,19.90,1.2437,true,1,41271
7290111345982,false,דפי ספוגית הקסם 10יח,UFO,,דפי ספוגית הקסם 10יח ניקול,יחידה,10.00,יחידה,false,24,10.90,1.0900,true,1,40836
7290111346088,false,נייר טואלט מולט אקסט,חוגלה קימברלי,IL,נייר טואלט מולט אקסטרא לאב 30גלילים,יחידה,30.00,יחידה,false,1,27.90,0.9300,true,1,42131
7290111346293,false,מארז 6יח מגבות נייר,חוגלה קימברלי,,מארז 6יח מגבות נייר למטבח ניקול,יחידה,6.00,יחידה,false,1,12.90,2.1500,true,1,42130
7290111346347,false,מארז 5 יח מגבוני אף,חוגלה קימברלי,,מארז 5 יח מגבוני אף קלינקס בניילון,יחידה,5.00,יחידה,false,18,15.90,3.1800,true,1,43628
7290111350030,false,רסק תפוח עץ טבעי קלי,,IL,רסק תפוח עץ טבעי קליית גת 670 גרם,גרמים,670.00,100 גרם,false,1,11.90,1.7761,true,1,40429
7290111350047,false,תמרים מגהול ללא חרצנ,טעמי הגליל,IL,תמרים מגהול ללא חרצנים קליית גת 500 גרם,גרמים,500.00,100 גרם,false,12,12.90,2.5800,true,1,40431
7290111350092,false,מארז המיטב של לואקר,,,מארז המיטב של לואקר 200 גרם,גרמים,200.00,100 גרם,false,1,20.00,10.0000,true,1,15230
7290111350665,false,דבש לחיץ קליית גת 35,,IL,דבש לחיץ קליית גת 350 גרם,גרמים,350.00,100 גרם,false,12,19.90,5.6857,true,1,40432
7290111350672,false,דבש טהור קליית גת 70,,IL,דבש טהור קליית גת 700 גרם,גרמים,700.00,100 גרם,false,12,29.90,4.2714,true,1,40433
7290111350719,false,חטיף נאצוס סגנון מסע,,,חטיף נאצוס סגנון מסעדות 322 גרם,גרמים,322.00,100 גרם,false,1,17.90,5.5590,true,1,20337
7290111350726,false,חטיף נאצוס סגנון מקס,,,חטיף נאצוס סגנון מקסיקני 322 גרם,גרמים,322.00,100 גרם,false,1,17.90,5.5590,true,1,20336
7290111350740,false,פופקורן הוטפופ קידס5,,,פופקורן הוטפופ קידס500 ג למיקרוגל,גרמים,500.00,100 גרם,false,1,15.00,3.0000,true,1,18949
7290111351112,false,ביסקויט סנדוויץ צוקט,אס.אל.יו,ES,ביסקויט סנדוויץ צוקטה קרם וניל 176 גרם,גרמים,176.00,100 גרם,false,12,5.90,3.3523,true,1,21519
7290111352508,false,סילאן טבעי לחיץ קליי,,IL,סילאן טבעי לחיץ קליית 840 גרם צנצנת,גרמים,840.00,100 גרם,false,1,19.90,2.3690,true,1,40592
7290111352935,false,סוכריות טופי יוגטה מ,,,סוכריות טופי יוגטה ממולאות 600 גרם,גרמים,600.00,100 גרם,false,1,10.90,1.8167,true,1,25795
7290111352959,false,גומי שטיח יוגטה ממול,,,גומי שטיח יוגטה ממולא פירות 80 גר,Unknown,0.00,Unknown,false,1,4.90,0.0000,true,1,25875
7290111352966,false,גומי יוגטה מקלות ממו,סאדאט,,גומי יוגטה מקלות ממולאות 250 גרם,גרמים,250.00,100 גרם,false,1,5.90,2.3600,true,1,25873
7290111352973,false,גומי יוגטה קוביות חמ,סאדאט,,גומי יוגטה קוביות חמוצות 220גרם,גרמים,220.00,100 גרם,false,1,5.90,2.6818,true,1,25874
7290111353079,false,סוכריות גומי יוגטה ד,אפגאם תעשיות ממתקים,IL,סוכריות גומי יוגטה דובונים קופסא 180 גרם,גרמים,180.00,100 גרם,false,18,8.90,4.9444,true,1,28919
7290111353123,false,סוכריות גומי יוגטה נ,אפגאם תעשיות ממתקים,IL,סוכריות גומי יוגטה נחשים חמוצות 200 גרם,גרמים,200.00,100 גרם,false,18,8.90,4.4500,true,1,28915
7290111353437,false,חטיף ציפס בטטה ומלח,,,חטיף ציפס בטטה ומלח ים טבעוני 120 גרם,גרמים,120.00,100 גרם,false,12,13.90,11.5833,true,1,40795
7290111353444,false,חטיף ציפס בטטות ומלח,,,חטיף ציפס בטטות ומלח ים טבעוני 120 גרם,גרמים,120.00,100 גרם,false,12,13.90,11.5833,true,1,40796
7290111353451,false,חטיף ציפס ירקות שורש,,,חטיף ציפס ירקות שורש ומלח ים טבעוני120גר,גרמים,120.00,100 גרם,false,12,13.90,11.5833,true,1,40797
7290111353550,false,חמאת בוטנים טבעית קל,J&G קיסריה,IL,חמאת בוטנים טבעית קליית גת 300 גרם,גרמים,350.00,100 גרם,false,12,14.90,4.2571,true,1,40434
7290111353567,false,ממרח שקדים קליית גת,J&G קיסריה,IL,ממרח שקדים קליית גת 300 גרם,גרמים,300.00,100 גרם,false,12,32.90,10.9667,true,1,40435
7290111354519,false,רמקול לואקר נייד,,,רמקול לואקר נייד,Unknown,0.00,Unknown,false,1,15.00,0.0000,true,1,42716
7290111354588,false,קלמר מנטוס מרענן,שטורק,DE,קלמר מנטוס מרענן,Unknown,0.00,Unknown,false,1,16.90,0.0000,true,1,43426
7290111354595,false,מארז קוספת אוכל וופל,שטורק,DE,מארז קוספת אוכל וופל קנופרס 125 גרם,גרמים,125.00,100 גרם,false,1,12.90,10.3200,true,1,43425
7290111354694,false,רייסז הובר בול,,,רייסז הובר בול,Unknown,0.00,Unknown,false,1,10.00,0.0000,true,1,44597
7290111563492,false,סלט מטבוחה חריפה צבר,צבר,,סלט מטבוחה חריפה צבר מרובע 400גר,גרמים,400.00,100 גרם,false,1,10.90,2.7250,true,1,17189
7290111564277,false,פריכיות פיטנס דקות ד,פרח תעשיות,,פריכיות פיטנס דקות דגנים 120 גרם,גרמים,120.00,100 גרם,false,1,9.90,8.2500,true,1,15134
7290111564291,false,פריכיות פיטנס דקות ק,פרח תעשיות,,פריכיות פיטנס דקות קינואה 120 גרם,גרמים,120.00,100 גרם,false,1,9.90,8.2500,true,1,15135
7290111564666,false,כדורי בשר מן הצומח 5,טבעול ישראל,,כדורי בשר מן הצומח 500 גר טבעול,גרמים,500.00,100 גרם,false,1,32.90,6.5800,true,1,16433
7290111564956,false,חטיף מיקס במבה ביסלי,"אסם תעשיות בע""מ",,חטיף מיקס במבה ביסלי 200גר,גרמים,200.00,100 גרם,false,1,9.90,4.9500,true,1,17157
7290111565038,false,גל. לה קרמריה וניל ק,גלידות נסטלה,,גל. לה קרמריה וניל קוקילידה 1.4 ליטר,מיליליטרים,1400.00,"100 מ""ל",false,1,18.90,1.3500,true,1,17306
7290111565656,false,חטיף במבה במילוי נוג,"אסם תעשיות בע""מ",,חטיף במבה במילוי נוגט 150 גר,גרמים,150.00,100 גרם,false,1,10.90,7.2667,true,1,31962
7290111566103,false,פלאפל רכיבים ביתיים,טבעול ישראל,,פלאפל רכיבים ביתיים 500גר טבעול,גרמים,500.00,100 גרם,false,1,32.90,6.5800,true,1,16423
7290111566127,false,מאגדת סנדביץ אוראו 6,גלידות נסטלה,,מאגדת סנדביץ אוראו 6יח,יחידה,6.00,יחידה,false,1,17.90,2.9833,true,1,16521
7290111566226,false,שניצל ברוקולי טבעול,טבעול ישראל,,שניצל ברוקולי טבעול 667גר,גרמים,667.00,100 גרם,false,1,32.90,4.9325,true,1,16420
7290111566240,false,שניצל דק מן הצומח טע,טבעול ישראל,,שניצל דק מן הצומח טעם צילי 564גר טבעול,גרמים,564.00,100 גרם,false,1,32.90,5.8333,true,1,16416
7290111566271,false,חטיפי תירס טבעול 600,טבעול ישראל,,חטיפי תירס טבעול 600 גר,גרמים,600.00,100 גרם,false,1,29.90,4.9833,true,1,16414
7290111566318,false,שניצל דק מן הצומח טע,טבעול ישראל,,שניצל דק מן הצומח טעם ביתי 564גר טבעול,גרמים,564.00,100 גרם,false,1,32.90,5.8333,true,1,16415
7290111566332,false,נקניקיות וינר מן הצו,טבעול ישראל,,נקניקיות וינר מן הצומח טבעול 680 גר,גרמים,680.00,100 גרם,false,1,32.90,4.8382,true,1,16417
7290111566417,false,טחון מן הצומח 500 גר,טבעול ישראל,,טחון מן הצומח 500 גר טבעול,גרמים,500.00,100 גרם,false,1,32.90,6.5800,true,1,16431
7290111566547,false,חזה בגריל מן הצומח 5,טבעול ישראל,,חזה בגריל מן הצומח 560גר טבעול,גרמים,560.00,100 גרם,false,1,32.90,5.8750,true,1,16429
7290111566561,false,שניצל ברוקולי מופחת,טבעול ישראל,,שניצל ברוקולי מופחת שומן טבעול  560 גר,גרמים,560.00,100 גרם,false,1,32.90,5.8750,true,1,16425
7290111566585,false,שניצל מן הצומח מופחת,טבעול ישראל,,שניצל מן הצומח מופחת שומן 650 גר טבעול,גרמים,650.00,100 גרם,false,1,32.90,5.0615,true,1,16428
7290111566660,false,קציצות עדשים כתומות,טבעול ישראל,,קציצות עדשים כתומות טבעול 530 גר,גרמים,530.00,100 גרם,false,1,32.90,6.2075,true,1,16421
7290111566691,false,שניצל תרד טבעול לייט,טבעול ישראל,,שניצל תרד טבעול לייט 99קלוריות 560 גר,גרמים,560.00,100 גרם,false,1,32.90,5.8750,true,1,16426
7290111566714,false,המבורגר מן הצומח 600,טבעול ישראל,,המבורגר מן הצומח 600גר 99קלוריות טבעול,גרמים,600.00,100 גרם,false,1,32.90,5.4833,true,1,16427
7290111566738,false,מיני המבורגר פטריות,טבעול ישראל,,מיני המבורגר פטריות טבעול 585 גר,גרמים,585.00,100 גרם,false,1,32.90,5.6239,true,1,16422
7290111566752,false,שניצל תירס לייט 693,טבעול ישראל,,שניצל תירס לייט 693 גר טבעול,גרמים,693.00,100 גרם,false,1,32.90,4.7475,true,1,16424
7290111566776,false,נקניקיות קוקטייל מן,טבעול ישראל,,נקניקיות קוקטייל מן הצומח טבעול 680 גר,גרמים,680.00,100 גרם,false,1,32.90,4.8382,true,1,16418
7290111567018,false,פירורית כוסמין זהב 2,עינת,,פירורית כוסמין זהב 200 גרם,גרמים,200.00,100 גרם,false,1,6.90,3.4500,true,1,16328
7290111568206,false,חטיף ביסלי מיקס פארט,"אסם תעשיות בע""מ",,מיקס ביסלי פארטי 150 גרם,גרמים,150.00,100 גרם,false,1,7.90,5.2667,true,1,17156
7290111568299,false,אטריות נודלס עם תרד,זארה,,אטריות נודלס עם תרד אוסם 300 גרם,גרמים,300.00,100 גרם,false,1,9.90,3.3000,true,1,17904
7290111568442,false,רוטב טריאקי מופחת מת,"אסם תעשיות בע""מ",,רוטב טריאקי מופחת מתרן וסוכר 290 מל,מיליליטרים,290.00,"100 מ""ל",false,1,11.90,4.1034,true,1,24836
7290111568466,false,רוטב אסייתי למוקפץ א,"אסם תעשיות בע""מ",,רוטב אסייתי למוקפץ אוסם 290 מל,מיליליטרים,290.00,"100 מ""ל",false,1,12.90,4.4483,true,1,17909
7290111930799,false,חטיף קראנצוס בצל 55,Mana,,חטיף קראנצוס בצל 70 גר,Unknown,0.00,Unknown,false,1,3.90,0.0000,true,1,15468
7290111930805,false,חטיף קראנצוס ברביקיו,Mana,,חטיף קראנצוס ברביקיו 70 גר,Unknown,0.00,Unknown,false,1,3.90,0.0000,true,1,15469
7290111930850,false,חטיף קראנצוס פיצה 55,Mana,,חטיף קראנצוס פיצה 70 גר,Unknown,0.00,Unknown,false,1,3.90,0.0000,true,1,15470
7290111930898,false,חטיף מנה פוף כוכבים,Mana,,חטיף מנה פוף כוכבים גריל 40 גר,Unknown,0.00,Unknown,false,1,3.90,0.0000,true,1,16186
7290111930904,false,חטיף מנה פוף כוכבים,Mana,,חטיף מנה פוף כוכבים בצל 40 גר,Unknown,0.00,Unknown,false,1,3.90,0.0000,true,1,16187
7290111930911,false,חטיף מנה פוף לבבות ק,Mana,,חטיף מנה פוף לבבות קלאסי 40 גר,Unknown,0.00,Unknown,false,1,3.90,0.0000,true,1,16183
7290111930928,false,חטיף מנה פוף לבבות ג,Mana,,חטיף מנה פוף לבבות גריל 40 גר,Unknown,0.00,Unknown,false,1,3.90,0.0000,true,1,16184
7290111930935,false,חטיף מנה פוף טבעות ק,Mana,,חטיף מנה פוף טבעות קלאסי 40 גר,Unknown,0.00,Unknown,false,1,3.90,0.0000,true,1,16185
7290111930959,false,פירורים מוזהבים מאסט,אם החיטה,,פירורים מוזהבים מאסטר שף כשלפ 350 גרם,גרמים,350.00,100 גרם,false,1,9.90,2.8286,true,1,16478
7290111931321,false,משחת שיניים קולגייט,CP-Poland swidnica,PL,משחת שיניים קולגייט ילדים מיניונים 6+,יחידה,1.00,יחידה,false,12,12.90,12.9000,true,1,17815
7290111931338,false,סבון נוזלי פלמוליב ל,CP - Turkey+60,,סבון נוזלי פלמוליב לומינוס תאנה 500 מל,מיליליטרים,500.00,"100 מ""ל",false,1,14.90,2.9800,true,1,17385
7290111932502,false,משחת שיניים קולגייט,CP-Poland swidnica,,משחת שיניים קולגייט אופטיק וויט אקס 75מל,Unknown,0.00,Unknown,false,1,26.90,0.0000,true,1,18404
7290111933530,false,מיץ לימון 100% טבעי,ליאוטי ס.פ.א,IT,מיץ לימון 100% טבעי מאסטר שף 250 מל,מיליליטרים,250.00,"100 מ""ל",false,12,7.90,3.1600,true,1,19279
7290111933547,false,פירורי לחם גריסיני מ,אפיפית,,פירורי לחם גריסיני מאסטר שף 200 גרם,גרמים,200.00,100 גרם,false,1,7.90,3.9500,true,1,25121
7290111933554,false,מארז 3 יח עגבניות קו,קונסורזיו קאסאלאסקו,IT,מארז 3 יח עגבניות קוביות מאסטר שף 400 גר,גרמים,1200.00,100 גרם,false,1,15.90,1.3250,true,1,40545
7290111933561,false,תערובת ציפוי לנאגטס,Mana,,תערובת ציפוי לנאגטס 200גרם,גרמים,200.00,100 גרם,false,1,8.90,4.4500,true,1,21429
7290111933998,false,תבנית אינגליש עם ניי,,,תבנית אינגליש עם נייר אפיה קוקי 4יח,יחידה,4.00,יחידה,false,1,10.90,2.7250,true,1,20309
7290111934032,false,רדיד אלומיניום קוקי,,CN,רדיד אלומיניום קוקי כוכבים עם סכין 60מטר,מטרים,60.00,מטר,false,12,29.90,0.4983,true,1,23268
7290111934827,false,סבון ידיים פלמוליב,CP - Turkey+60,,סבון ידיים פלמוליב  אלוורה דבש 300 מל,מיליליטרים,300.00,"100 מ""ל",false,1,11.90,3.9667,true,1,20308
7290111935527,false,זוג מש.שינים קולגייט,קיטים,PL,זוג מש.שינים קולגייט טוטל קלין מינט 100מ,מיליליטרים,200.00,"100 מ""ל",false,24,29.90,14.9500,true,1,20052
7290111935800,false,דאו.ליידי ספיד סטיק,Colgate - USA,,דאו.ליידי ספיד סטיק דרמה ויטמין איי 45גר,Unknown,0.00,Unknown,false,1,21.90,0.0000,true,1,20963
7290111935961,false,מחית עגבניות מאסטר ש,פראנו אנריקו ופיגלי,IT,מחית עגבניות מאסטר שף 690 גרם,גרמים,690.00,100 גרם,false,12,9.90,1.4348,true,1,40605
7290111936203,false,דאו. ליידי ספיד סטיק,Colgate - Mexico,,דאו. ליידי ספיד סטיק ספריי דרמה ויטמין,מיליליטרים,150.00,"100 מ""ל",false,1,14.90,9.9333,true,1,20964
7290111936210,false,דאו.ליידי ספיד דרמה,Colgate - Belgium,,דאו.ליידי ספיד דרמה ספריי פנינה 150מל,מיליליטרים,150.00,"100 מ""ל",false,1,14.90,9.9333,true,1,21372
7290111936296,false,אלסבון פלמוליב משאבה,CP - Turkey+60,,אלסבון פלמוליב משאבה סנסיישן מסאז 750מל,מיליליטרים,750.00,"100 מ""ל",false,1,16.90,2.2533,true,1,20685
7290111936487,false,זוג מש.שינים קולגייט,קיטים,PL,זוג מש.שינים קולגייט טוטל הלבנה 100מל,מיליליטרים,200.00,"100 מ""ל",false,24,29.90,14.9500,true,1,20054
7290111936784,false,חטיף פרי תמרים אגוזי,FREE,,חטיף פרי תמרים אגוזי לוז כשלפ,גרמים,125.00,100 גרם,false,1,16.90,13.5200,true,1,20140
7290111937088,false,דאוד.ליידי ספיד סטיק,Colgate - Mexico,,דאוד.ליידי ספיד סטיק דרמה רול און אומגה,Unknown,0.00,Unknown,false,1,14.90,0.0000,true,1,28325
7290111937095,false,דאוד.ליידי ספיד סטיק,Colgate - Mexico,,דאוד.ליידי ספיד סטיק דרמה רול און אלוור,Unknown,0.00,Unknown,false,1,14.90,0.0000,true,1,28324
7290111937231,false,חטיף פרי תמרים וקוקו,FREE,,חטיף פרי תמרים וקוקוס כשלפ,גרמים,125.00,100 גרם,false,1,16.90,13.5200,true,1,20136
7290111937248,false,חטיף פרי תמרים קשיו,FREE,,חטיף פרי תמרים קשיו ונגיעות לוז  כשלפ,גרמים,125.00,100 גרם,false,1,16.90,13.5200,true,1,20137
7290111937255,false,חטיף פרי תמרים בוטני,FREE,,חטיף פרי תמרים בוטנים ואגוזי לוז כשלפ,גרמים,125.00,100 גרם,false,1,16.90,13.5200,true,1,20138
7290111937262,false,חטיף פרי תמרים אגוזי,FREE,,חטיף פרי תמרים אגוזים ושברי קקאו כשלפ,גרמים,125.00,100 גרם,false,1,16.90,13.5200,true,1,20139
7290111937712,false,רדיד אלומינים עם ניי,,CN,רדיד אלומינים עם נייר אפיה קוקי 7.5מטר,מטרים,7.50,מטר,false,20,12.90,1.7200,true,1,23270
7290111938498,false,רוטב סויה בהירה מאסט,Roberto,,רוטב סויה בהירה מאסטר שף 700מל,מיליליטרים,700.00,"100 מ""ל",false,1,13.90,1.9857,true,1,23518
7290111939136,false,נייר אפיה קוקי עגול,,CN,נייר אפיה קוקי עגול קוטר 26יח 20יח,יחידה,20.00,יחידה,false,18,7.90,0.3950,true,1,23271
7290111939174,false,ניילון נצמד עם גומי,,CN,ניילון נצמד עם גומי מידה לארג 18יח,יחידה,18.00,יחידה,false,15,9.90,0.5500,true,1,23273
7290111939181,false,ניילון נצמד עם גומי,,CN,ניילון נצמד עם גומי מיקס 20יח קוקי,יחידה,20.00,יחידה,false,15,9.90,0.4950,true,1,23274
7290112000057,false,גל כביסה וולייט 3ליט,רקיט בנקיזר,,גל כביסה וולייט 3ליטר כביסה כהה,ליטרים,3.00,ליטר,false,1,19.90,6.6333,true,1,16227
7290112000132,false,מפזר אדים אירוויק או,RB הונגריה,,מפזר אדים אירוויק אוטומטי לבנדר שקדים,יחידה,1.00,יחידה,false,1,39.90,39.9000,true,1,17587
7290112000149,false,מפזר אדים אירוויק או,RB הונגריה,,מפזר אדים אירוויק אוטומטי יסמין ופרחים,יחידה,1.00,יחידה,false,1,39.90,39.9000,true,1,17588
7290112000156,false,מילוי מפזר אדים אירו,RB הונגריה,,מילוי מפזר אדים אירוויק אוטומטי יסמין,יחידה,1.00,יחידה,false,1,24.90,24.9000,true,1,17589
7290112000163,false,מילוי מפזר אדים אירו,RB הונגריה,,מילוי מפזר אדים אירוויק אוטומטי לבנדר,יחידה,1.00,יחידה,false,1,24.90,24.9000,true,1,17590
7290112000170,false,מילוי מפזר אדים אירו,RB הונגריה,,מילוי מפזר אדים אירוויק אוטומטי פרש,יחידה,1.00,יחידה,false,1,24.90,24.9000,true,1,17591
7290112000286,false,גל לניקוי אסלות סילי,,,גל לניקוי אסלות סיליט באנג 750מל ציטרוס,מיליליטרים,750.00,"100 מ""ל",false,1,9.90,1.3200,true,1,16439
7290112000293,false,גל לניקוי אסלות סילי,,,גל לניקוי אסלות סיליט באנג 750מל מרענן,מיליליטרים,750.00,"100 מ""ל",false,1,9.90,1.3200,true,1,16440
7290112000385,false,דטול מנקה ומחטא מטבח,רקיט בנקיזר,PL,דטול מנקה ומחטא מטבח 750 מל,מיליליטרים,750.00,"100 מ""ל",false,12,14.90,1.9867,true,1,18458
7290112000392,false,דטול מנקה ומחטא אמבט,רקיט בנקיזר,PL,דטול מנקה ומחטא אמבטיה 750 מל,מיליליטרים,750.00,"100 מ""ל",false,12,14.90,1.9867,true,1,18459
7290112000408,false,דטול מנקה ומחטא לניק,רקיט בנקיזר,PL,דטול מנקה ומחטא לניקוי כללי 750 מל,מיליליטרים,750.00,"100 מ""ל",false,12,14.90,1.9867,true,1,18456
7290112000712,false,קרם להסרת שיער ויט ל,רקיט בנקיזר צרפת,FR,קרם להסרת שיער ויט לגבר 150מל,מיליליטרים,150.00,"100 מ""ל",false,5,34.90,23.2667,true,1,18120
7290112000729,false,קרם להסרת שיער ויט ל,רקיט בנקיזר צרפת,FR,קרם להסרת שיער ויט לגבר 200מל,מיליליטרים,200.00,"100 מ""ל",false,6,49.90,24.9500,true,1,18121
7290112000736,false,טבליות למדיח הכל ב 1,RB פולין,,טבליות למדיח הכל ב 1 פיניש 80 יח,יחידה,80.00,יחידה,false,1,59.90,0.7487,true,1,17593
7290112000798,false,דטול מנקה ומחטא משטח,רקיט בנקיזר,PL,דטול מנקה ומחטא משטחים 750 מל,מיליליטרים,750.00,"100 מ""ל",false,12,14.90,1.9867,true,1,18460
7290112000828,false,דטול מטליות לחות מנק,רקיט בנקיזר,PL,דטול מטליות לחות מנקה ומחטא משטחים 60יח,יחידה,60.00,יחידה,false,12,10.90,0.1817,true,1,18462
7290112000842,false,דטול מטליות לחות לני,רקיט בנקיזר,PL,דטול מטליות לחות לניקוי כללי 60 יח,יחידה,60.00,יחידה,false,12,10.90,0.1817,true,1,18457
7290112000873,false,דטול מטליות לחות מנק,רקיט בנקיזר,PL,דטול מטליות לחות מנקה ומחטא אמבטיה 60יח,יחידה,60.00,יחידה,false,12,10.90,0.1817,true,1,18537
7290112000880,false,דטול מטליות לחות מנק,רקיט בנקיזר,PL,דטול מטליות לחות מנקה ומחטא למטבח 60 יח,יחידה,60.00,יחידה,false,12,10.90,0.1817,true,1,18461
7290112001016,false,מבשם אויר מכשיר אוטו,RB הונגריה,,מבשם אויר מכשיר אוטומטי אירוויק ת.אביב,יחידה,1.00,יחידה,false,1,44.90,44.9000,true,1,18448
7290112001023,false,מילוי מבשם אויר אוטו,RB בריטניה,,מילוי מבשם אויר אוטומטי אירוויק ת.אביב,יחידה,1.00,יחידה,false,1,15.90,15.9000,true,1,18449
7290112001030,false,מילוי מבשם אויר אוטו,RB בריטניה,,מילוי מבשם אויר אוטומטי אירוויק פ.דובדבן,יחידה,1.00,יחידה,false,1,15.90,15.9000,true,1,18450
7290112001221,false,נוזל קולון ניקוי מכו,רקיט בנקיזר,ES,נוזל קולון ניקוי מכונת כביסה 250מל,מיליליטרים,250.00,"100 מ""ל",false,12,14.90,5.9600,true,1,18639
7290112001238,false,נוזל קולון ניקוי מכו,רקיט בנקיזר,ES,נוזל קולון ניקוי מכונת כביסה 250מל לימון,מיליליטרים,250.00,"100 מ""ל",false,12,14.90,5.9600,true,1,18638
7290112001436,false,נוזל מנקה ומחדש פיני,RB פולין,,נוזל מנקה ומחדש פיניש לימון 250 מל,מיליליטרים,250.00,"100 מ""ל",false,1,14.90,5.9600,true,1,22616
7290112001870,false,ספריי סיליט באנג לני,RB פולין,,ספריי סיליט באנג לניקוי אמבטיות 750מל,מיליליטרים,750.00,"100 מ""ל",false,1,13.90,1.8533,true,1,21542
7290112001900,false,גל למדיח פיניש  הכל,RB פולין,,גל למדיח פיניש  הכל באחד 1 ליטר אקולוגי,ליטרים,1.00,ליטר,false,1,44.90,44.9000,true,1,21541
7290112002044,false,טבליות פיניש מנקה מד,רקיט בנקיזר,PL,טבליות פיניש מנקה מדיח כלים 4יח,יחידה,4.00,יחידה,false,12,15.90,3.9750,true,1,22170
7290112002099,false,גל כביסה קולון 2.5לי,רקיט בנקיזר,IL,גל כביסה קולון 2.5ליטר רגיל,מיליליטרים,2500.00,"100 מ""ל",false,6,24.90,0.9960,true,1,22173
7290112002105,false,גל כביסה קולון 2.5לי,רקיט בנקיזר,IL,גל כביסה קולון 2.5ליטר ניחוח לילך,מיליליטרים,2500.00,"100 מ""ל",false,6,24.90,0.9960,true,1,22176
7290112002112,false,גל כביסה קולון 2.5לי,רקיט בנקיזר,IL,גל כביסה קולון 2.5ליטר ניחוח ורדים,מיליליטרים,2500.00,"100 מ""ל",false,6,24.90,0.9960,true,1,22175
7290112002129,false,גל כביסה קולון 2.5לי,רקיט בנקיזר,IL,גל כביסה קולון 2.5ליטר ניחוח פריחה,מיליליטרים,2500.00,"100 מ""ל",false,6,24.90,0.9960,true,1,22174
7290112002136,false,גל כביסה קולון 4ליטר,רקיט בנקיזר,IL,גל כביסה קולון 4ליטר מרוכז רגיל,ליטרים,4.00,ליטר,false,4,34.90,8.7250,true,1,22177
7290112002143,false,גל כביסה קולון 4ליטר,רקיט בנקיזר,IL,גל כביסה קולון 4ליטר מרוכז נ.לילך,ליטרים,4.00,ליטר,false,4,34.90,8.7250,true,1,22179
7290112002150,false,גל כביסה קולון 4ליטר,רקיט בנקיזר,IL,גל כביסה קולון 4ליטר מרוכז נ.ורדים,ליטרים,4.00,ליטר,false,4,34.90,8.7250,true,1,22180
7290112002167,false,גל כביסה קולון 4ליטר,רקיט בנקיזר,IL,גל כביסה קולון 4ליטר מרוכז נ.פריחה,ליטרים,4.00,ליטר,false,4,34.90,8.7250,true,1,22178
7290112002228,false,מטהר אויר אירוויק גל,רקיט בנקיזר,CN,מטהר אויר אירוויק גל פחית לבנדר 70גר,יחידה,70.00,יחידה,false,24,8.90,0.1271,true,1,22154
7290112002259,false,מטהר אויר אירוויק גל,רקיט בנקיזר,CN,מטהר אויר אירוויק גל פחית מרענן 70גר,יחידה,70.00,יחידה,false,24,8.90,0.1271,true,1,22153
7290112002457,false,מארז 3יח מגבוני דטול,רקיט בנקיזר,PL,מארז 3יח מגבוני דטול 60יח,יחידה,180.00,יחידה,false,12,24.90,0.1383,true,1,22182
7290112002983,false,סיליט באנג ניקוי כלל,רקיט בנקיזר,PL,סיליט באנג ניקוי כללי 750מל ר.טבעיים,מיליליטרים,750.00,"100 מ""ל",false,12,16.90,2.2533,true,1,25210
7290112002990,false,מסיר שומנים סיליט בא,רקיט בנקיזר,PL,מסיר שומנים סיליט באנג 750מל ר.טבעיים,מיליליטרים,750.00,"100 מ""ל",false,12,16.90,2.2533,true,1,25209
7290112003096,false,מבשם בדים קולון 300מ,רקיט בנקיזר,ES,מבשם בדים קולון 300מל טבעי רענן ירוק,מיליליטרים,300.00,"100 מ""ל",false,12,21.90,7.3000,true,1,28683
7290112003188,false,טבליות גל כביסה קולו,רקיט בנקיזר,,טבליות גל כביסה קולון 60 יח,יחידה,60.00,יחידה,false,6,54.90,0.9150,true,1,27417
7290112003232,false,אב.כביסה קולון 5 קג,זוהר דליה,,אב.כביסה קולון 5 קג בריח לבנדר,קילוגרמים,5.00,"ק""ג",false,1,29.90,5.9800,true,1,26132
7290112003249,false,אב.כביסה קולון 5 קג,זוהר דליה,,אב.כביסה קולון 5 קג בריח מאסק,קילוגרמים,5.00,"ק""ג",false,1,29.90,5.9800,true,1,26133
7290112003256,false,אב.כביסה קולון 1.25ק,זוהר דליה,,אב.כביסה קולון 1.25קג בריח לבנדר,קילוגרמים,1.25,"ק""ג",false,1,12.90,10.3200,true,1,26131
7290112003423,false,מקלות ריחניים איירוו,,,מקלות ריחניים איירוויק אננס ורוזמרין80מל,Unknown,0.00,Unknown,false,1,29.90,0.0000,true,1,28835
7290112003454,false,מקלות ריחניים איירוו,,,מקלות ריחניים איירוויק יער ועשבי בר 80מל,Unknown,0.00,Unknown,false,1,29.90,0.0000,true,1,28834
7290112003478,false,מ.אוויר אירוויק ספרי,RB בריטניה,,מ.אוויר אירוויק ספריי אננס ורוזמרי236 מל,מיליליטרים,236.00,"100 מ""ל",false,1,21.90,9.2797,true,1,28838
7290112003508,false,מ.אוויר אירוויק ספרי,RB בריטניה,,מ.אוויר אירוויק ספריי יער ועשבי בר236 מל,מיליליטרים,236.00,"100 מ""ל",false,1,21.90,9.2797,true,1,28837
7290112003515,false,מ.אוויר אירוויק ספרי,RB בריטניה,,מ.אוויר אירוויק ספריי ורדים גרניום 236מל,מיליליטרים,236.00,"100 מ""ל",false,1,21.90,9.2797,true,1,28839
7290112003522,false,נר ריחני איירוויק אנ,,,נר ריחני איירוויק אננס ורוזמרין 205גר,גרמים,205.00,100 גרם,false,1,29.90,14.5854,true,1,28832
7290112003553,false,נר ריחני איירוויק יע,,,נר ריחני איירוויק יער ועשבי בר 205גר,גרמים,205.00,100 גרם,false,1,29.90,14.5854,true,1,28831
7290112003560,false,נר ריחני איירוויק ור,,,נר ריחני איירוויק ורדים וגרניום 205גר,גרמים,205.00,100 גרם,false,1,29.90,14.5854,true,1,28833
7290112003843,false,גל קלגון אנטי בקטריא,RB איטליה,,גל קלגון אנטי בקטריאלי 750מל,מיליליטרים,750.00,"100 מ""ל",false,1,29.90,3.9867,true,1,30921
7290112003959,false,אבקת וניש מסיר כתמים,RB איטליה,IT,אבקת וניש מסיר כתמים 470גר כביסה צבעונית,גרמים,470.00,100 גרם,false,12,17.90,3.8085,true,1,32525
7290112003973,false,אבקת וניש להסרת כתמי,RB איטליה,IT,אבקת וניש להסרת כתמים 1.35גר כב. צבעונית,גרמים,1350.00,100 גרם,false,6,34.90,2.5852,true,1,32527
7290112003997,false,אבקת וניש להסרת כתמי,RB איטליה,IT,אבקת וניש להסרת כתמים 1.62גר ורוד,גרמים,1620.00,100 גרם,false,6,34.90,2.1543,true,1,40543
7290112004000,false,אבקת וניש להסרת כתמי,RB איטליה,IT,אבקת וניש להסרת כתמים 1.62גר לבן,גרמים,1620.00,100 גרם,false,6,34.90,2.1543,true,1,40544
7290112004024,false,גל כביסה וניש גולד ל,RB איטליה,,גל כביסה וניש גולד להסרת כתמים לבן940מל,מיליליטרים,940.00,"100 מ""ל",false,1,19.90,2.1170,true,1,38358
7290112004031,false,גל כביסה וניש גולד ל,RB איטליה,,גל כביסה וניש גולד להסרת כתמים ורוד940מל,מיליליטרים,940.00,"100 מ""ל",false,1,19.90,2.1170,true,1,38357
7290112004109,false,מארז 3יח מגבוני דטול,רקיט בנקיזר,PL,מארז 3יח מגבוני דטול לניקוי כללי 60יח,יחידה,180.00,יחידה,false,12,24.90,0.1383,true,1,28830
7290112004154,false,מבשם אויר מכשיר אוטו,RB הונגריה,,מבשם אויר מכשיר אוטומטי אירוויק עשבי בר,יחידה,1.00,יחידה,false,1,44.90,44.9000,true,1,28829
7290112004161,false,מילוי מבשם אויר אירו,RB בריטניה,,מילוי מבשם אויר אירוויק פרשמטיק פיור עשב,יחידה,1.00,יחידה,false,1,15.90,15.9000,true,1,28828
7290112004185,false,נוזל הברקה פיניש למד,RB פולין,PL,נוזל הברקה פיניש למדיח 400מל אקולוגי,מיליליטרים,400.00,"100 מ""ל",false,12,14.90,3.7250,true,1,32529
7290112004192,false,טבליות פיניש למדיח ה,RB פולין,PL,טבליות פיניש למדיח הכל באחד 70יח אקולוגי,יחידה,70.00,יחידה,false,8,59.90,0.8557,true,1,32530
7290112004208,false,טבליות פיניש למדיח ה,RB פולין,,טבליות פיניש למדיח הכל באחד 50יח לימון,יחידה,50.00,יחידה,false,1,44.90,0.8980,true,1,32528
7290112004314,false,דטול מנקה ומחטא מטבח,רקיט בנקיזר,PL,דטול מנקה ומחטא מטבח 750מל רימונים,מיליליטרים,750.00,"100 מ""ל",false,12,14.90,1.9867,true,1,32531
7290112004321,false,מטליות לחות דטול לני,רקיט בנקיזר,PL,מטליות לחות דטול לניקוי כללי 60יח,יחידה,60.00,יחידה,false,12,10.90,0.1817,true,1,32532
7290112004413,false,ספריי וניש אוקסי אקש,RB פולין,,ספריי וניש אוקסי אקשן 750מל לבגדים לבנים,מיליליטרים,750.00,"100 מ""ל",false,1,16.90,2.2533,true,1,41095
7290112004451,false,נוזל מחטא כביסה דטול,RB איטליה,IT,נוזל מחטא כביסה דטול 1.5ליטר ספורט,מיליליטרים,1500.00,"100 מ""ל",false,8,24.90,1.6600,true,1,38363
7290112004468,false,נוזל מחטא כביסה דטול,RB איטליה,IT,נוזל מחטא כביסה דטול 1.5ליטר כותנה,מיליליטרים,1500.00,"100 מ""ל",false,8,24.90,1.6600,true,1,38364
7290112004604,false,מארז 3יח מגבוני דטול,רקיט בנקיזר,PL,מארז 3יח מגבוני דטול לניקוי כללי 60יח,יחידה,180.00,יחידה,false,12,24.90,0.1383,true,1,32533
7290112004611,false,גל וניש קליה פאואר 2,רקיט בנקיזר,IT,גל וניש קליה פאואר 200מל,מיליליטרים,200.00,"100 מ""ל",false,8,16.90,8.4500,true,1,40478
7290112004772,false,מילוי מבשם אויר חשמל,RB הונגריה,,מילוי מבשם אויר חשמלי כביסה באויר בודד,יחידה,1.00,יחידה,false,1,19.90,19.9000,true,1,42644
7290112004963,false,טבליות פיניש אולטימי,RB פולין,PL,טבליות פיניש אולטימייט למדיח 25 טבליות,יחידה,25.00,יחידה,false,1,34.90,1.3960,true,1,44080
7290112004970,false,טבליות פיניש למדיח א,RB פולין,,טבליות פיניש למדיח אולטימייט 50יח,יחידה,50.00,יחידה,false,1,59.90,1.1980,true,1,44082
7290112004987,false,מילוי מבשם אויר אירו,RB בריטניה,,מילוי מבשם אויר אירוויק פרשמטיק פצולי,יחידה,1.00,יחידה,false,1,15.90,15.9000,true,1,42540
7290112005045,false,אבקה להסרת כתמים וני,RB איטליה,IT,אבקה להסרת כתמים וניש כביסה לבנה 480גר,גרמים,480.00,100 גרם,false,12,14.90,3.1042,true,1,42655
7290112005052,false,אבקה להסרת כתמים וני,RB איטליה,IT,אבקה להסרת כתמים וניש כביסה לבנה 1.5קג,גרמים,1500.00,100 גרם,false,6,39.90,2.6600,true,1,42653
7290112005076,false,אבקה להסרת כתמים וני,RB איטליה,IT,אבקה להסרת כתמים וניש כביסה צבעוני 480גר,גרמים,480.00,100 גרם,false,12,14.90,3.1042,true,1,42656
7290112005083,false,אבקה להסרת כתמים וני,RB איטליה,IT,אבקה להסרת כתמים וניש כביסה צבעוני 1.5קג,גרמים,1500.00,100 גרם,false,6,39.90,2.6600,true,1,42654
7290112005168,false,טבליות פיניש קואנטום,RB פולין,PL,טבליות פיניש קואנטום לימון למדיח 60 יח,יחידה,60.00,יחידה,false,6,59.90,0.9983,true,1,44081
7290112191120,false,פסטהביצים אוריינט צו,פ.פ.ה טאביט,,פסטהביצים אוריינט צורות 400 גרם,גרמים,400.00,100 גרם,false,1,10.90,2.7250,true,1,18568
7290112192158,false,ניוקי תפוא ללא גלוטן,,,ניוקי תפוא ללא גלוטן 500 גר GFREE,גרמים,500.00,100 גרם,false,1,10.90,2.1800,true,1,20749
7290112192509,false,פירורי לחם GFREE  לל,אשבל מזון פונקציונלי,,פירורי לחם GFREE  ללא גלוטן 250  גר,גרמים,250.00,100 גרם,false,1,15.90,6.3600,true,1,19845
7290112192561,false,מש.שיניים פרודונטקס,,IE,מש.שיניים פרודונטקס מרעננת הלבנה 75מל,Unknown,0.00,Unknown,false,12,31.90,0.0000,true,1,22015
7290112192578,false,מש.שיניים פרודונטקס,,IE,מש.שיניים פרודונטקס הגנה מלאה 75מל,Unknown,0.00,Unknown,false,12,31.90,0.0000,true,1,22014
7290112192585,false,מברשת שינים פרדונטקס,גלקסוס סמית קליין,,מברשת שינים פרדונטקס הגנה מלאה,Unknown,0.00,Unknown,false,1,28.90,0.0000,true,1,22016
7290112192875,false,משחת שיניים סנסודיין,,GB,משחת שיניים סנסודיין רגישות וחניכיים 75מ,מיליליטרים,75.00,"100 מ""ל",false,12,31.90,42.5333,true,1,22336
7290112192882,false,משחת שיניים סנסודיין,,GB,משחת שיניים סנסודיין רגישות מלבינה 75מל,מיליליטרים,75.00,"100 מ""ל",false,12,31.90,42.5333,true,1,22337
7290112192905,false,מברשת שיניים סנסודיי,,DE,מברשת שיניים סנסודיין רגישות סופט,יחידה,1.00,יחידה,false,12,31.90,31.9000,true,1,22346
7290112192943,false,דוחה יתושים אנתוש אל,זובלה,IL,דוחה יתושים אנתוש אלוורה ספירה 50 מל,Unknown,0.00,Unknown,false,24,12.90,0.0000,true,1,24234
7290112193278,false,שמפו סטייל מתולתלות,א.ל. ארמן,IL,שמפו סטייל מתולתלות 600מל,מיליליטרים,600.00,"100 מ""ל",false,12,24.90,4.1500,true,1,25145
7290112193285,false,מרכך סטייל מתולתלות,א.ל. ארמן,IL,מרכך סטייל מתולתלות 600מל,מיליליטרים,600.00,"100 מ""ל",false,12,24.90,4.1500,true,1,25144
7290112193292,false,מסיכה לשיער מתולתלות,א.ל. ארמן,IL,מסיכה לשיער מתולתלות 500מל,מיליליטרים,500.00,"100 מ""ל",false,12,34.90,6.9800,true,1,25147
7290112193308,false,גלייז לשיער מתולתלות,א.ל. ארמן,IL,גלייז לשיער מתולתלות 400מל,מיליליטרים,400.00,"100 מ""ל",false,12,34.90,8.7250,true,1,25146
7290112193667,false,קמח כוסמת ללא גלוטן,,RS,קמח כוסמת ללא גלוטן 500 גר,גרמים,500.00,100 גרם,false,12,10.90,2.1800,true,1,29187
7290112193889,false,אל סבון סטייל תה שחו,,,אל סבון סטייל תה שחור 500מל,מיליליטרים,500.00,"100 מ""ל",false,1,7.90,1.5800,true,1,30152
7290112193896,false,אל סבון סטייל תה צהו,,,אל סבון סטייל תה צהוב 500מל,מיליליטרים,500.00,"100 מ""ל",false,1,7.90,1.5800,true,1,30153
7290112197085,false,אל סבון סטייל מעוצב,רנקסאן פלסטיק יאנגר,TR,אל סבון סטייל מעוצב פריז 500מל,מיליליטרים,500.00,"100 מ""ל",false,18,10.90,2.1800,true,1,44653
7290112197092,false,אל סבון סטייל מעוצב,רנקסאן פלסטיק יאנגר,TR,אל סבון סטייל מעוצב ניו יורק 500מל,מיליליטרים,500.00,"100 מ""ל",false,18,10.90,2.1800,true,1,44654
7290112197122,false,סבון ידיים סטייל אדו,רנקסאן פלסטיק יאנגר,TR,סבון ידיים סטייל אדום 500מל,מיליליטרים,500.00,"100 מ""ל",false,1,7.90,1.5800,true,1,40476
7290112197139,false,סבון ידיים סטייל ירו,רנקסאן פלסטיק יאנגר,TR,סבון ידיים סטייל ירוק 500מל,מיליליטרים,500.00,"100 מ""ל",false,1,7.90,1.5800,true,1,40477
7290112197177,false,דגני בוקר במילוי קרם,נטורל קייקס,IL,דגני בוקר במילוי קרם נוגט גפרי ללג 375גר,גרמים,375.00,100 גרם,false,10,16.90,4.5067,true,1,41709
7290112197191,false,דגני בוקר כהים קרם ו,נטורל קייקס,IL,דגני בוקר כהים קרם וניל גפרי ללג 375גר,גרמים,375.00,100 גרם,false,10,16.90,4.5067,true,1,41711
7290112330352,false,דנונה פרו וניל עשיר,שטראוס,,דנונה פרו וניל עשיר בחלבון 20גרם 200 גרם,גרמים,200.00,100 גרם,false,1,5.90,2.9500,true,1,20845
7290112330390,false,דנונה פרו פירות יער,שטראוס,,דנונה פרו פירות יער עשיר בחלבון20גר 200ג,גרמים,200.00,100 גרם,false,1,5.90,2.9500,true,1,20846
7290112330420,false,דנונה פרו טבעי 150גר,שטראוס,IL,דנונה פרו טבעי 150גר 2.9%שומן 12גר חלבון,גרמים,150.00,100 גרם,false,24,4.90,3.2667,true,1,19779
7290112330970,false,שייק חלבון מי גבינה,שטראוס,IL,שייק חלבון מי גבינה 350מל פירות יער,מיליליטרים,350.00,"100 מ""ל",false,6,6.90,1.9714,true,1,19767
7290112330987,false,שייק חלבון מי גבינה,שטראוס,IL,שייק חלבון מי גבינה 350מל אפרסק מנגו,מיליליטרים,350.00,"100 מ""ל",false,6,6.90,1.9714,true,1,19766
7290112331984,false,שוק.פרה קראנץ בלאק ו,,,שוק.פרה קראנץ בלאק וויט 100 גר,גרמים,100.00,100 גרם,false,1,5.90,5.9000,true,1,22857
7290112332158,false,שוקולד פרה בלונד קרם,,,שוקולד פרה בלונד קרם שמנת 100 גרם,גרמים,100.00,100 גרם,false,1,6.90,6.9000,true,1,22160
7290112332585,false,פריכיות אנרגי משולש,פרח תעשיות,,פריכיות אנרגי משולש סלק ומלח ים 30 גר,Unknown,0.00,Unknown,false,1,4.90,0.0000,true,1,20923
7290112332691,false,עוגיות קרם פסק זמן 2,,,עוגיות קרם פסק זמן 200 גרם,גרמים,200.00,100 גרם,false,1,10.90,5.4500,true,1,21452
7290112332707,false,גלילי וופל רבע לשבע,,,גלילי וופל רבע לשבע אחד אחד 370 גרם,גרמים,370.00,100 גרם,false,1,17.90,4.8378,true,1,20921
7290112332875,false,מסטיק מאסט קוביות מנ,,,מסטיק מאסט קוביות מנטה עדינה 86 גרם,Unknown,0.00,Unknown,false,1,12.90,0.0000,true,1,20833
7290112332899,false,מסטיק בזוקה פופיס קל,,,מסטיק בזוקה פופיס קלאסי 58 גרם,Unknown,0.00,Unknown,false,1,8.90,0.0000,true,1,20925
7290112334305,false,סלט כרובית בטחינה 33,שטראוס,IL,סלט כרובית בטחינה 330גר אחלה,גרמים,350.00,100 גרם,false,6,13.90,3.9714,true,1,19516
7290112334749,false,קפה טורקי עלית200+10,,,קפה טורקי עלית200+10%גרם,גרמים,200.00,100 גרם,false,1,14.90,7.4500,true,1,21664
7290112335043,false,מרשמלו בזוקה 150 גר,,,מרשמלו בזוקה 150 גר,גרמים,150.00,100 גרם,false,1,5.90,3.9333,true,1,20396
7290112335050,false,מרשמלו וניל 150 גרם,,,מרשמלו וניל 150 גרם,גרמים,150.00,100 גרם,false,1,5.90,3.9333,true,1,20397
7290112335111,false,מסטיק מאסט קוביות בז,,,מסטיק מאסט קוביות בזוקה 86 גרם,Unknown,0.00,Unknown,false,1,12.90,0.0000,true,1,20832
7290112335487,false,פריכיות אנרגי קצח וד,פרח תעשיות,,פריכיות אנרגי קצח ודגנים 135 גר,גרמים,135.00,100 גרם,false,1,11.90,8.8148,true,1,20831
7290112335494,false,פריכיות אנרגי פוטטוס,פרח תעשיות,,פריכיות אנרגי פוטטוס 135 גר,גרמים,135.00,100 גרם,false,1,11.90,8.8148,true,1,20830
7290112335500,false,פריכיות אנרגי מועשר,פרח תעשיות,,פריכיות אנרגי מועשר בחלבון 135 גר,גרמים,135.00,100 גרם,false,1,11.90,8.8148,true,1,20829
7290112336637,false,סוכ.מאסט יוגרט תות א,,,סוכ.מאסט יוגרט תות אוכ ללס 80 גר,גרמים,80.00,100 גרם,false,1,7.90,9.8750,true,1,22165
7290112336644,false,סוכ.מאסט לימון ללס80,,,סוכ.מאסט לימון ללס80 גר,Unknown,0.00,Unknown,false,1,7.90,0.0000,true,1,22166
7290112336651,false,סוכ.מאסט ריבת חלב לל,,,סוכ.מאסט ריבת חלב ללס80 גר,Unknown,0.00,Unknown,false,1,7.90,0.0000,true,1,22169
7290112336712,false,דנונה פרו 21גר חלבון,שטראוס,,דנונה פרו 21גר חלבון 0%שומן 200גר,גרמים,200.00,100 גרם,false,1,5.90,2.9500,true,1,20236
7290112337474,false,סוכ.מאסט פטל לימון ל,,,סוכ.מאסט פטל לימון ללס80 גר,Unknown,0.00,Unknown,false,1,7.90,0.0000,true,1,22167
7290112337481,false,סוכ.מאסט קפוצינו ללס,,,סוכ.מאסט קפוצינו ללס80 גר,Unknown,0.00,Unknown,false,1,7.90,0.0000,true,1,22168
7290112338877,false,גבינת סקי תות 125גרם,שטראוס,,גבינת סקי תות 125גרם,גרמים,125.00,100 גרם,false,1,3.90,3.1200,true,1,19514
7290112339171,false,מילקי מוס שוקולד וקצ,שטראוס,,מילקי מוס שוקולד וקצפת 81גרם,גרמים,81.00,100 גרם,false,1,3.50,4.3210,true,1,19519
7290112339294,false,דנונה אקטיביה ציה אפ,שטראוס,IL,דנונה אקטיביה ציה אפרסק 3% 150 גר,גרמים,150.00,100 גרם,false,24,4.70,3.1333,true,1,22092
7290112339362,false,יוגורט דנונה לייט אנ,שטראוס,IL,יוגורט דנונה לייט אנד פריי קפוצינו 150גר,גרמים,150.00,100 גרם,false,24,4.90,3.2667,true,1,22599
7290112339867,false,מעדן  גמדים  סקוויז,שטראוס,IL,מעדן  גמדים  סקוויז תות 100גר בודד,גרמים,100.00,100 גרם,false,7,5.90,5.9000,true,1,19776
7290112339874,false,מעדן  גמדים  סקוויז,שטראוס,IL,מעדן  גמדים  סקוויז תות בננה 100גר בודד,גרמים,100.00,100 גרם,false,7,5.90,5.9000,true,1,19777
7290112340122,false,פריכיות אנרגי 3 דגני,פרח תעשיות,,פריכיות אנרגי 3 דגנים 135 גר,גרמים,135.00,100 גרם,false,1,11.90,8.8148,true,1,20828
7290112340245,false,מסטיק מאסט דובדבן 66,,,מסטיק מאסט דובדבן 66 גר,Unknown,0.00,Unknown,false,1,8.90,0.0000,true,1,20368
7290112340276,false,עוגיות קרם קפה נמס 2,,,עוגיות קרם קפה נמס 200 גרם,גרמים,200.00,100 גרם,false,1,10.90,5.4500,true,1,21453
7290112340900,false,קפה האג טורקי ואקום,,,קפה האג טורקי ואקום 200 גרם,גרמים,200.00,100 גרם,false,1,25.90,12.9500,true,1,28133
7290112341006,false,מארז מילקי קצפת עם 2,,,מארז מילקי קצפת עם 2 כפיות שוקולד 172 גר,גרמים,172.00,100 גרם,false,1,8.90,5.1744,true,1,20652
7290112341112,false,משקה חלב טעם מוקה יו,,,משקה חלב טעם מוקה יוטבתה בקבוק 350 מל,מיליליטרים,350.00,"100 מ""ל",false,1,5.90,1.6857,true,1,20958
7290112341556,false,דנונה אקטיביה ציה תו,שטראוס,IL,דנונה אקטיביה ציה תות 3% 150 גר,גרמים,150.00,100 גרם,false,24,4.70,3.1333,true,1,22091
7290112341679,false,יוגורט דנונה אקטיביה,שטראוס,IL,יוגורט דנונה אקטיביה 3% 200גר,גרמים,200.00,100 גרם,false,24,3.90,1.9500,true,1,22090
7290112341686,false,מארז יוגורט אקטיביה,,,מארז יוגורט אקטיביה 3% 8יח 150גרם,גרמים,1200.00,100 גרם,false,1,19.90,1.6583,true,1,22093
7290112341693,false,משקה אונלי תות  פטל,שטראוס,IL,משקה אונלי תות  פטל 210 גר ללא חלב,גרמים,210.00,100 גרם,false,12,6.90,3.2857,true,1,21442
7290112342102,false,גב.סימפוניה בצל מקור,שטראוס,,גב.סימפוניה בצל מקורמל 200 גרם,גרמים,160.00,100 גרם,false,1,10.90,6.8125,true,1,23779
7290112342195,false,חטיף תפוציפס מקלות ט,STRAUSS-ISRAEL,,חטיף תפוציפס מקלות טבעי 200 גרם,גרמים,200.00,100 גרם,false,1,9.90,4.9500,true,1,23169
7290112342270,false,קפה נמס פלטיניום אינ,שטראוס,,קפה נמס פלטיניום אינטנס 10% אספרסו125גר,גרמים,125.00,100 גרם,false,1,19.90,15.9200,true,1,21693
7290112342508,false,חטיף דוריטוס קול ראנ,STRAUSS-ISRAEL,,חטיף דוריטוס ציז סוויט 70 ג,גרמים,70.00,100 גרם,false,1,3.70,5.2857,true,1,22827
7290112342553,false,משקה חלב בלונדי 350מ,,,משקה חלב בלונדי 350מל בק יטבתה,מיליליטרים,350.00,"100 מ""ל",false,1,5.90,1.6857,true,1,21595
7290112343260,false,רוטב שמנת קלאסי יטבת,,,רוטב שמנת קלאסי יטבתה 9% 260גר,גרמים,260.00,100 גרם,false,1,10.00,3.8462,true,1,22820
7290112343420,false,משקה פרו ארוחת בוקר,שטראוס,IL,משקה פרו ארוחת בוקר 350מל,מיליליטרים,350.00,"100 מ""ל",false,6,6.90,1.9714,true,1,22817
7290112343499,false,חטיף ציטוס פופס גבינ,STRAUSS-ISRAEL,,חטיף ציטוס פופס גבינה 55 גרם,Unknown,0.00,Unknown,false,1,3.60,0.0000,true,1,33138
7290112343512,false,חטיף ציטוס פופס גבינ,STRAUSS-ISRAEL,,חטיף ציטוס פופס גבינה 160 גרם,גרמים,160.00,100 גרם,false,9,8.90,5.5625,true,1,33140
7290112344564,false,פסטה  רביולי  גבינה,שטראוס,,פסטה  רביולי  גבינה 400 גרם קידס,גרמים,400.00,100 גרם,false,1,18.90,4.7250,true,1,22085
7290112344724,false,מילקי בטעם ש. בלונדי,שטראוס,IL,מילקי בטעם ש. בלונדי 170 גרם,גרמים,170.00,100 גרם,false,24,3.50,2.0588,true,1,22807
7290112344755,false,מעדן מילקי מופחת סוכ,,,מעדן מילקי מופחת סוכר 135גר,גרמים,135.00,100 גרם,false,1,2.90,2.1481,true,1,28984
7290112344786,false,קפה נמס פלטינום קלאס,,,קפה נמס פלטינום קלאסי 200 גרם,גרמים,200.00,100 גרם,false,1,25.90,12.9500,true,1,23699
7290112344793,false,ספלנדיד אשכלות לוז ו,,,ספלנדיד אשכלות לוז וחמוציות105גר,גרמים,105.00,100 גרם,false,1,11.90,11.3333,true,1,22860
7290112344953,false,גבינת סימפוניה חציל,שטראוס,,גבינת סימפוניה חציל קלוי 200גר,גרמים,200.00,100 גרם,false,1,10.90,5.4500,true,1,30101
7290112344960,false,גבינת סימפוניה 200גר,,,גבינת סימפוניה 200גרם פלפל חלפיניו,גרמים,200.00,100 גרם,false,1,10.90,5.4500,true,1,39869
7290112345219,false,קפה נמס פלטינום טו ג,,,קפה נמס פלטינום טו גו 25 סטיקים 50 גר,Unknown,0.00,Unknown,false,1,10.90,0.0000,true,1,22867
7290112345622,false,ח.אנרגי ללס אגוזים ש,,,ח.אנרגי ללס אגוזים שוקולד 6 יח 144 גר,גרמים,144.00,100 גרם,false,1,12.90,8.9583,true,1,22163
7290112346360,false,בפלות אחת אחת מצופות,,,בפלות אחת אחת מצופות 240 גרם,גרמים,240.00,100 גרם,false,1,13.90,5.7917,true,1,39474
7290112346537,false,עוגיות קרם טורטית 20,,,עוגיות קרם טורטית 200 גרם,גרמים,200.00,100 גרם,false,1,10.90,5.4500,true,1,22863
7290112346629,false,יוגורט דנונה בר קורנ,,,יוגורט דנונה בר קורנפלקס מצופה שוקולד172,גרמים,172.00,100 גרם,false,1,4.70,2.7326,true,1,25275
7290112346773,false,יוגורט דנונה לייט אנ,שטראוס,IL,יוגורט דנונה לייט אנד פריי וניל וחלבון,גרמים,150.00,100 גרם,false,24,4.90,3.2667,true,1,29586
7290112346797,false,דנונה אקטיביה שבולת,שטראוס,IL,דנונה אקטיביה שבולת שועל ושזיף 3% 150 גר,גרמים,150.00,100 גרם,false,24,4.70,3.1333,true,1,24421
7290112347008,false,מעדן  גמדים  סקוויז,שטראוס,IL,מעדן  גמדים  סקוויז ארוחת בוקר תות 100ג,גרמים,100.00,100 גרם,false,7,5.90,5.9000,true,1,22813
7290112347237,false,גבינת סקי טעם לימון,שטראוס,,גבינת סקי טעם לימון 125 גרם,גרמים,125.00,100 גרם,false,1,3.90,3.1200,true,1,42763
7290112347473,false,מארז 8יח דנונה לייט,,,מארז 8יח דנונה לייט אנד פריי תות אפרסק,גרמים,1200.00,100 גרם,false,1,25.90,2.1583,true,1,22600
7290112347602,false,נשנושי חטיף טורטית 1,,,נשנושי חטיף טורטית 130 גרם,גרמים,130.00,100 גרם,false,1,8.90,6.8462,true,1,24628
7290112347770,false,מארז שוקולית500גרם+ש,,,מארז שוקולית500גרם+שקית400גרם,גרמים,900.00,100 גרם,false,1,22.90,2.5444,true,1,31292
7290112347800,false,מארז קפה נמס פלטינום,,,מארז קפה נמס פלטינום ברזילאי+ריפיל250גר,גרמים,250.00,100 גרם,false,1,25.90,10.3600,true,1,24120
7290112348142,false,שעועית לבנה טעם הטבע,קונסרב איטליה,IT,שעית לבנה עטעם הטבע 380 גרם,גרמים,380.00,100 גרם,false,16,6.90,1.8158,true,1,25359
7290112348234,false,חטיף פסק פטיסרי קרם,,,חטיף פסק פטיסרי קרם פטל 35 גר,Unknown,0.00,Unknown,false,1,6.10,0.0000,true,1,27693
7290112348241,false,חטיף פסק פטיסרי קרם,,,חטיף פסק פטיסרי קרם קפה לטה 35 גר,Unknown,0.00,Unknown,false,1,6.10,0.0000,true,1,27692
7290112348548,false,שוקולד פרה לבן 100 ג,,IL,שוקולד פרה לבן 100 גרם מגדים,גרמים,100.00,100 גרם,false,1,5.90,5.9000,true,1,23388
7290112348616,false,קפה נמס אגוזי לוז 10,,,קפה נמס אגוזי לוז 100 גרם,גרמים,100.00,100 גרם,false,1,14.90,14.9000,true,1,28277
7290112348999,false,פריכיות אנרגי תירס ד,פרח תעשיות,,פריכיות אנרגי תירס דקות 135 גר,גרמים,135.00,100 גרם,false,1,11.90,8.8148,true,1,29124
7290112349316,false,מסטיק בזוקה ביג פופי,,,מסטיק בזוקה ביג פופים טעם תות 86 גרם,Unknown,0.00,Unknown,false,1,12.90,0.0000,true,1,24406
7290112349606,false,דניאלה תות בננה 88גר,,,דניאלה תות בננה 88גרם,Unknown,0.00,Unknown,false,1,4.50,0.0000,true,1,39899
7290112349644,false,מעדן דניאלה פירות יע,,,מעדן דניאלה פירות יער 88 גרם,Unknown,0.00,Unknown,false,1,4.50,0.0000,true,1,41739
7290112349675,false,מעדן  גמדים  סקוויז,שטראוס,IL,מעדן  גמדים  סקוויז ארוחת בוקר וניל 100ג,גרמים,100.00,100 גרם,false,7,5.90,5.9000,true,1,22812
7290112349705,false,רוטב פסטה פומודורו י,אמיליאנה קונסרב ס.פ.,IT,רוטב פסטה פומודורו יד מרדכי 350 גרם,גרמים,350.00,100 גרם,false,12,11.90,3.4000,true,1,23938
7290112349736,false,רוטב פסטה בזיליקום י,אמיליאנה קונסרב ס.פ.,IT,רוטב פסטה בזיליקום יד מרדכי 350 גרם,גרמים,350.00,100 גרם,false,12,11.90,3.4000,true,1,23937
7290112349743,false,רוטב פסטה ארביאטה יד,אמיליאנה קונסרב ס.פ.,IT,רוטב פסטה ארביאטה יד מרדכי 350 גרם,גרמים,350.00,100 גרם,false,12,11.90,3.4000,true,1,23936
7290112349750,false,רוטב פיצה יד מרדכי 3,אמיליאנה קונסרב ס.פ.,IT,רוטב פיצה יד מרדכי 350 גרם,גרמים,350.00,100 גרם,false,12,11.90,3.4000,true,1,23939
7290112349897,false,מסטיק מאסט קוביות מנ,,,מסטיק מאסט קוביות מנטה 86 גרם,Unknown,0.00,Unknown,false,1,12.90,0.0000,true,1,24407
7290112349903,false,רוטב שמנת גרגרי וניל,,,רוטב שמנת גרגרי וניל יטבתה 250 מל,מיליליטרים,250.00,"100 מ""ל",false,1,10.00,4.0000,true,1,41744
7290112350015,false,משקה חלבון מי גבינה,שטראוס,IL,משקה חלבון מי גבינה ט.לימונדה 350מל,מיליליטרים,350.00,"100 מ""ל",false,6,6.90,1.9714,true,1,38434
7290112350275,false,קפסולות אספרסו לונגו,,,קפסולות אספרסו לונגו בווסט12 יח,יחידה,12.00,יחידה,false,1,16.50,1.3750,true,1,23847
7290112350312,false,קפסולות אספרסו 15 עו,,,קפסולות אספרסו 15 עוצמתי ביותר 10 יח,יחידה,10.00,יחידה,false,1,16.50,1.6500,true,1,26867
7290112350350,false,חטיף פסק פטיסרי קרם,,,חטיף פסק פ טיסרי קרם אגוז 35 גר,Unknown,0.00,Unknown,false,1,6.10,0.0000,true,1,27691
7290112350589,false,קפה ציקו אבקה 65 גר,,,קפה ציקו אבקה 65 גר,Unknown,0.00,Unknown,false,1,11.90,0.0000,true,1,26292
7290112351197,false,שוקולד פרה מיקס עוגי,,IL,שוקולד פרה מיקס עוגיות ושקדים 95 גר,Unknown,0.00,Unknown,false,1,5.90,0.0000,true,1,27690
7290112351258,false,עוגיות פינוקיות שחור,,,עוגיות פינוקיות שחור לבן 200 גרם,גרמים,200.00,100 גרם,false,1,10.90,5.4500,true,1,26864
7290112351463,false,מארז 3 יח סוכ.מאסט פ,,,מארז 3 יח סוכ.מאסט פרש פטל לימון 45 גר,גרמים,135.00,100 גרם,false,1,8.90,6.5926,true,1,25853
7290112351470,false,מארז 3 יח סוכ.מאסט פ,,,מארז 3 יח סוכ.מאסט פרש רימון תות 45 גר,גרמים,135.00,100 גרם,false,1,8.90,6.5926,true,1,25854
7290112351524,false,עלי סלנובה טעם הטבע,שטראוס,,עלי סלנובה טעם הטבע 200 גרם,גרמים,200.00,100 גרם,false,1,9.90,4.9500,true,1,26343
7290112351753,false,מארז 3 יח  פסק זמן ק,,,מארז 3 יח  פסק זמן קראנץ 96 גר,Unknown,0.00,Unknown,false,8,12.90,0.0000,true,1,29528
7290112351807,false,שוקולד פרה בלונדי חל,,,שוקולד פרה בלונדי חלק 100 גרם,גרמים,100.00,100 גרם,false,1,6.90,6.9000,true,1,31086
7290112353214,false,מארז 3 יח פסק זמן גל,,,מאגדת 3 יח פסק זמן גליליות 120 גר,גרמים,120.00,100 גרם,false,1,12.90,10.7500,true,1,27696
7290112353221,false,מארז 3 יח פסק זמן פט,,,מאגדת 3 יח פסק זמן פטיסרי קרם אגוז105 גר,גרמים,105.00,100 גרם,false,1,12.90,12.2857,true,1,27694
7290112353412,false,פריכיות אנרגי משולש,פרח תעשיות,,פריכיות אנרגי משולש ירקות וקטניות 30 גר,Unknown,0.00,Unknown,false,1,4.90,0.0000,true,1,26865
7290112353887,false,משקה קפה קר טעם אגוז,שטראוס,IL,משקה קפה קר טעם אגוזים יטבתה 230מל,מיליליטרים,230.00,"100 מ""ל",false,10,7.90,3.4348,true,1,26026
7290112354174,false,ארוחת פסטה רוזה דליש,,IL,ארוחת פסטה רוזה דלישס 280גר,גרמים,280.00,100 גרם,false,1,21.90,7.8214,true,1,38417
7290112354198,false,ארוחת ספגטי עגבניות,,IL,ארוחת ספגטי עגבניות דלישס 600גר,גרמים,600.00,100 גרם,false,6,39.90,6.6500,true,1,38424
7290112354204,false,ארוחת ספגטי עגבניות,,IL,ארוחת ספגטי עגבניות דלישס 280גר,גרמים,280.00,100 גרם,false,1,21.90,7.8214,true,1,38418
7290112354235,false,ברקטה פיצה 300גר דלי,,IL,ברקטה פיצה 300גר דלישס,גרמים,300.00,100 גרם,false,10,25.90,8.6333,true,1,38426
7290112354242,false,קונוס פיצה 280גר דלי,,IL,קונוס פיצה 280גר דלישס,גרמים,280.00,100 גרם,false,6,25.90,9.2500,true,1,38477
7290112354747,false,דנונה בר בננה עם קור,שטראוס,IL,דנונה בר בננה עם קורנפלקס 172 גר,גרמים,150.00,100 גרם,false,12,4.70,3.1333,true,1,27444
7290112354945,false,חטיף תפוציפס וואוי ט,STRAUSS-ISRAEL,,חטיף תפוציפס וואוי טבעי 50 גרם,Unknown,0.00,Unknown,false,1,4.00,0.0000,true,1,44397
7290112354952,false,חטיף תפוציפס וואוי פ,STRAUSS-ISRAEL,,חטיף תפוציפס וואוי פפריקה 50 גרם,Unknown,0.00,Unknown,false,1,4.00,0.0000,true,1,44398
7290112354969,false,חטיף תפוציפס וואוי ט,STRAUSS-ISRAEL,,חטיף תפוציפס וואוי טבעי 200 גר,גרמים,200.00,100 גרם,false,1,9.90,4.9500,true,1,44399
7290112355027,false,דנונה פרו קרמל מלוח,שטראוס,,דנונה פרו קרמל מלוח בחלבון 20גרם 200 גרם,גרמים,200.00,100 גרם,false,1,5.90,2.9500,true,1,28982
7290112355102,false,מעדן  גמדים  סקוויז,שטראוס,IL,מעדן  גמדים  סקוויז סלט פירות 100גר בודד,גרמים,100.00,100 גרם,false,7,5.90,5.9000,true,1,29591
7290112355263,false,רוטב שמנת עם שוקולד,,,רוטב שמנת עם שוקולד יטבתה 250 מל,מיליליטרים,250.00,"100 מ""ל",false,1,10.00,4.0000,true,1,41745
7290112355317,false,רביולי רוטב פיצה 400,שטראוס,,רביולי רוטב פיצה 400 גרם,גרמים,400.00,100 גרם,false,1,18.90,4.7250,true,1,31864
7290112355386,false,רוטב שמנת קרמל מלוח,,,רוטב שמנת קרמל מלוח יטבתה 250 מל,מיליליטרים,250.00,"100 מ""ל",false,1,10.00,4.0000,true,1,41743
7290112355393,false,רוטב שמנת בטטה 257גר,שטראוס,IL,רוטב שמנת בטטה 257גרם יטבתה,גרמים,257.00,100 גרם,false,18,10.00,3.8911,true,1,44633
7290112355744,false,גבינת סקי טעם קוקוס,שטראוס,,גבינת סקי טעם קוקוס 125גרם,גרמים,125.00,100 גרם,false,1,3.90,3.1200,true,1,39455
7290112355775,false,גבינת סימפוניה עירית,,,גבינת סימפוניה עירית 200גר,גרמים,200.00,100 גרם,false,1,10.90,5.4500,true,1,43656
7290112355829,false,מילקי טופ קרם וניל ע,שטראוס,IL,מילקי טופ קרם וניל עוגיות 157גר,גרמים,157.00,100 גרם,false,20,4.90,3.1210,true,1,39906
7290112355881,false,יוגורט דנונה לייט אנ,שטראוס,IL,יוגורט דנונה לייט אנד פריי תות וחלבון,גרמים,150.00,100 גרם,false,24,4.90,3.2667,true,1,29587
7290112356536,false,אבקת קקאו 150 גר+10%,,,אבקת קקאו 150 גר+10% תוספת,גרמים,165.00,100 גרם,false,1,9.90,6.0000,true,1,26278
7290112357045,false,עגבניות איטלקיות מרו,קונסרב איטליה,IT,עגבניות איטלקיות מרוסקות טעם הטבע 390 גר,גרמים,390.00,100 גרם,false,24,6.90,1.7692,true,1,25649
7290112357069,false,מחית עגבניות טעם הטב,קונסרב איטליה,IT,מחית עגבניות טעם הטבע 500 גר,גרמים,390.00,100 גרם,false,24,7.50,1.9231,true,1,25650
7290112357083,false,אפונה גינה טעם הטבע,קונסרב איטליה,IT,אפונה גינה עטעם הטבע 380 גרם,גרמים,380.00,100 גרם,false,16,6.90,1.8158,true,1,25361
7290112357106,false,שעועית אדומה טעם הטב,קונסרב איטליה,IT,שעית אדומה עטעם הטבע 380 גרם,גרמים,380.00,100 גרם,false,16,6.90,1.8158,true,1,25360
7290112357113,false,גרגירי חומוס טעם הטב,קונסרב איטליה,IT,גרגירי חומוס טעם הטבע 380 גרם,גרמים,380.00,100 גרם,false,16,6.90,1.8158,true,1,25358
7290112357175,false,קפסולות אספרסו בווסט,,,קפסולות אספרסו בווסט12 יח,יחידה,12.00,יחידה,false,1,16.50,1.3750,true,1,23846
7290112357892,false,מארז 3 יח סוכ.מאסט פ,,,מארז 3 יח ססוכ.מאסט פרש מנטה 45 גר,גרמים,135.00,100 גרם,false,1,8.90,6.5926,true,1,25852
7290112358127,false,דנונה פרו עם מגנזיום,שטראוס,IL,דנונה פרו עם מגנזיום 20גר חלבון 200גר,גרמים,200.00,100 גרם,false,12,6.50,3.2500,true,1,28487
7290112358219,false,רוטב צילי מתוק יד מר,,,רוטב צילי מתוק יד מרדכי 300 גרם,גרמים,310.00,100 גרם,false,1,12.90,4.1613,true,1,26276
7290112358233,false,רוטב צילי חריף יד מר,,,רוטב צילי חריף יד מרדכי 320 גרם,גרמים,320.00,100 גרם,false,1,12.90,4.0313,true,1,26866
7290112358240,false,רוטב גריל יד מרדכי 3,,,רוטב גריל יד מרדכי 300 גרם,גרמים,300.00,100 גרם,false,1,12.90,4.3000,true,1,25356
7290112358257,false,רוטב לעוף עם שזיפים,,,רוטב לעוף עם שזיפים יד מרדכי 300 גרם,גרמים,300.00,100 גרם,false,1,12.90,4.3000,true,1,25355
7290112358431,false,ביסקויט עד חצות דאבל,,,ביסקויט עד חצות דאבל 200 גרם,גרמים,200.00,100 גרם,false,1,12.90,6.4500,true,1,31089
7290112358554,false,מארז 28 יח קפה נמס ל,,,מארז 28 יח קפה נמס לדרך 50 גרם,Unknown,0.00,Unknown,false,1,11.90,0.0000,true,1,26868
7290112358844,false,שוקולד פרה חלב מגדים,,IL,שוקולד פרה חלב מגדים שיברי אגוזים 100 גר,גרמים,100.00,100 גרם,false,1,5.90,5.9000,true,1,31289
7290112358981,false,חטיף שומשום קרמל מלו,,,חטיף שומשום קרמל מלוח 8 יח 100 גרם,יחידה,8.00,יחידה,false,1,13.90,1.7375,true,1,38029
7290112358998,false,חטיף שומשום שחור לבן,,,חטיף שומשום שחור לבן וקצח 8 יח 100 גרם,יחידה,8.00,יחידה,false,1,13.90,1.7375,true,1,38027
7290112359384,false,קפה נמס אלפחורס ריבת,,,קפה נמס אלפחורס ריבת חלב 100 גרם,גרמים,100.00,100 גרם,false,1,14.90,14.9000,true,1,28278
7290112359711,false,חטיף דוריטוס פלמין ה,STRAUSS-ISRAEL,,חטיף דוריטוס פלמין הוט 70 גרם,גרמים,70.00,100 גרם,false,1,3.70,5.2857,true,1,32048
7290112480545,false,צלחות חד פעמי גדולות,פאלאס,CN,צלחות חד פעמי גדולות רנסנס 10יח וורוד,יחידה,10.00,יחידה,false,12,24.90,2.4900,true,1,19815
7290112480552,false,צלחות חד פעמי קטנות,פאלאס,CN,צלחות חד פעמי קטנות רנסנס 10יח ורוד,יחידה,10.00,יחידה,false,12,16.90,1.6900,true,1,19819
7290112480569,false,צלחות מרק חד פעמי רנ,פאלאס,CN,צלחות מרק חד פעמי רנסנס 10יח וורוד,יחידה,10.00,יחידה,false,12,19.90,1.9900,true,1,19823
7290112480576,false,צלחות לפתן חד  פעמי,פאלאס,CN,צלחות לפתן חד  פעמי רנסנס 10יח וורוד,יחידה,10.00,יחידה,false,12,14.90,1.4900,true,1,19827
7290112480590,false,קערות חדפעמי  רנסנס,פאלאס,CN,קערות חדפעמי  רנסנס 5יח וורוד,יחידה,5.00,יחידה,false,12,24.90,4.9800,true,1,19835
7290112480682,false,צלחות חד פעמי גדולות,פאלאס,CN,צלחות חד פעמי גדולות רנסנס 10יח קרם,יחידה,10.00,יחידה,false,12,24.90,2.4900,true,1,19816
7290112480699,false,צלחות חד פעמי קטנות,פאלאס,CN,צלחות חד פעמי קטנות רנסנס 10יח קרם,יחידה,10.00,יחידה,false,12,16.90,1.6900,true,1,19820
7290112480705,false,צלחות מרק חד פעמי רנ,פאלאס,CN,צלחות מרק חד פעמי רנסנס 10יח קרם,יחידה,10.00,יחידה,false,12,19.90,1.9900,true,1,19824
7290112480712,false,צלחות לפתן חד  פעמי,פאלאס,CN,צלחות לפתן חד  פעמי רנסנס 10יח קרם,יחידה,10.00,יחידה,false,12,13.90,1.3900,true,1,19828
7290112482341,false,צלחות חד פעמי קטנות,,,צלחות חד פעמי קטנות 10יח קיסר לבן כסף,יחידה,10.00,יחידה,false,12,21.90,2.1900,true,1,41135
7290112482358,false,צלחות חד פעמי גדולות,,,צלחות חד פעמי גדולות 10יח קיסר לבן כסף,יחידה,10.00,יחידה,false,12,26.90,2.6900,true,1,41137
7290112482365,false,צלחות חד פעמי ענקיות,,,צלחות חד פעמי ענקיות 10יח קיסר לבן כסף,יחידה,10.00,יחידה,false,12,31.90,3.1900,true,1,41140
7290112482372,false,צלחות מרק חד פעמי 10,,,צלחות מרק חד פעמי 10יח קיסר לבן כסף,יחידה,10.00,יחידה,false,12,21.90,2.1900,true,1,41142
7290112482389,false,צלחות לפתן חד פעמי 1,,,צלחות לפתן חד פעמי 10יח קיסר לבן כסף,יחידה,10.00,יחידה,false,12,15.90,1.5900,true,1,41144
7290112482396,false,צלחות חד פעמי קטנות,,,צלחות חד פעמי קטנות 10יח קיסר שחור כסף,יחידה,10.00,יחידה,false,12,21.90,2.1900,true,1,41136
7290112482402,false,צלחות חד פעמי גדולות,,,צלחות חד פעמי גדולות 10יח קיסר שחור כסף,יחידה,10.00,יחידה,false,12,26.90,2.6900,true,1,41139
7290112482419,false,צלחות חד פעמי ענקיות,,,צלחות חד פעמי ענקיות 10יח קיסר שחור כסף,יחידה,10.00,יחידה,false,12,31.90,3.1900,true,1,41141
7290112482426,false,צלחות מרק חד פעמי 10,,,צלחות מרק חד פעמי 10יח קיסר שחור כסף,יחידה,10.00,יחידה,false,12,21.90,2.1900,true,1,41143
7290112482433,false,צלחות לפתן חד פעמי 1,,,צלחות לפתן חד פעמי 10יח קיסר שחור כסף,יחידה,10.00,יחידה,false,12,15.90,1.5900,true,1,41145
7290112482440,false,צלחות חד פעמי קטנות,,,צלחות חד פעמי קטנות 10יח לוקה לבן כסף,יחידה,10.00,יחידה,false,12,18.90,1.8900,true,1,41123
7290112482471,false,צלחות מרק חד פעמי 10,,,צלחות מרק חד פעמי 10יח לוקה לבן כסף,יחידה,10.00,יחידה,false,12,21.90,2.1900,true,1,41129
7290112482488,false,צלחות ליפתן חד פעמי,,,צלחות ליפתן חד פעמי 10יח לוקה לבן כסף,יחידה,10.00,יחידה,false,12,15.90,1.5900,true,1,41131
7290112482495,false,קעריות אובליות חד פע,,,קעריות אובליות חד פעמי 10יח לוקה לבן כסף,יחידה,10.00,יחידה,false,12,17.90,1.7900,true,1,41133
7290112482501,false,צלחות חד פעמי קטנות,,,צלחות חד פעמי קטנות 10יח לוקה לבן זהב,יחידה,10.00,יחידה,false,12,18.90,1.8900,true,1,41124
7290112482518,false,צלחות חד פעמי גדולות,,,צלחות חד פעמי גדולות 10יח לוקה לבן זהב,יחידה,10.00,יחידה,false,12,22.90,2.2900,true,1,41126
7290112482525,false,צלחות חד פעמי ענקיות,,,צלחות חד פעמי ענקיות 10יח לוקה לבן זהב,יחידה,10.00,יחידה,false,12,28.90,2.8900,true,1,41128
7290112482532,false,צלחות מרק חד פעמי 10,,,צלחות מרק חד פעמי 10יח לוקה לבן זהב,יחידה,10.00,יחידה,false,12,21.90,2.1900,true,1,41130
7290112482549,false,צלחות ליפתן חד פעמי,,,צלחות ליפתן חד פעמי 10יח לוקה לבן זהב,יחידה,10.00,יחידה,false,12,15.90,1.5900,true,1,41132
7290112482556,false,קעריות אובליות חד פע,,,קעריות אובליות חד פעמי 10יח לוקה לבן זהב,יחידה,10.00,יחידה,false,12,17.90,1.7900,true,1,41134
7290112483447,false,כפיות חד פעמי 50יחיד,,,כפיות חד פעמי 50יחידות צבעוני לפיד,יחידה,50.00,יחידה,false,1,9.90,0.1980,true,1,42674
7290112484505,false,קעריות חד פעמי אובלי,,,קעריות חד פעמי אובלי 10יח קיסר לבן כסף,יחידה,10.00,יחידה,false,12,17.90,1.7900,true,1,41146
7290112485014,false,צלחות חד פעמי קטנות,,,צלחות חד פעמי קטנות 10יח סטפס לבן,יחידה,10.00,יחידה,false,12,12.90,1.2900,true,1,41114
7290112485021,false,צלחות חד פעמי גדולות,,,צלחות חד פעמי גדולות 10יח סטפס לבן,יחידה,10.00,יחידה,false,12,17.90,1.7900,true,1,41115
7290112485038,false,צלחות חד פעמי ענקיות,,,צלחות חד פעמי ענקיות 10יח סטפס לבן,יחידה,10.00,יחידה,false,12,21.90,2.1900,true,1,41116
7290112485045,false,צלחות מרק חד פעמי 10,,,צלחות מרק חד פעמי 10יח סטפס לבן,יחידה,10.00,יחידה,false,12,21.90,2.1900,true,1,41117
7290112485052,false,צלחות חד פעמי קטנות,,,צלחות חד פעמי קטנות 10יח סטפס שחור,יחידה,10.00,יחידה,false,12,12.90,1.2900,true,1,41118
7290112485069,false,צלחות חד פעמי גדולות,,,צלחות חד פעמי גדולות 10יח סטפס שחור,יחידה,10.00,יחידה,false,12,17.90,1.7900,true,1,41119
7290112485076,false,צלחות חד פעמי ענקיות,,,צלחות חד פעמי ענקיות 10יח סטפס שחור,יחידה,10.00,יחידה,false,12,21.90,2.1900,true,1,41120
7290112485083,false,צלחות מרק חד פעמי 10,,,צלחות מרק חד פעמי 10יח סטפס שחור,יחידה,10.00,יחידה,false,12,21.90,2.1900,true,1,41121
7290112485717,false,צלחות חד פעמי קטנות,,,צלחות חד פעמי קטנות דקל 10יח קוטר 7,יחידה,10.00,יחידה,false,20,12.90,1.2900,true,1,41106
7290112485786,false,צלחות חד פעמי ענק עג,,,צלחות חד פעמי ענק עגולה מקאו 10יח קוטר11,יחידה,10.00,יחידה,false,10,22.90,2.2900,true,1,41101
7290112485793,false,צלחות חד פעמי גדולות,,,צלחות חד פעמי גדולות מקאו 10יח קוטר8.6,יחידה,10.00,יחידה,false,10,18.90,1.8900,true,1,41102
7290112485809,false,צלחות חד פעמי קטנות,,,צלחות חד פעמי קטנות מקאו 10יח קוטר7.5,יחידה,10.00,יחידה,false,10,17.90,1.7900,true,1,41103
7290112486455,false,צלחות חד פעמי אלגנט,,,צלחות חד פעמי אלגנט קטן 20יח,יחידה,20.00,יחידה,false,1,9.90,0.4950,true,1,44016
7290112486462,false,צלחות חד פעמי אלגנט,,,צלחות חד פעמי אלגנט גדול 20יח,יחידה,20.00,יחידה,false,1,15.90,0.7950,true,1,44011
7290112486479,false,צלחות חד פעמי אלגנט,,,צלחות חד פעמי אלגנט ענק 20 יח,יחידה,20.00,יחידה,false,1,24.90,1.2450,true,1,44010
7290112486509,false,קעריות חד פעמי אובלי,,,קעריות חד פעמי אובליות אלגנט 20יח,יחידה,20.00,יחידה,false,1,6.90,0.3450,true,1,44019
7290112486516,false,מגש אובלי חד פעמי אל,,,מגש אובלי חד פעמי אלגנט 20יח,יחידה,20.00,יחידה,false,1,29.90,1.4950,true,1,44020
7290112490032,false,זוג מרק נמס בכוס תיר,יוניליוור,,זוג מרק נמס בכוס תירס,Unknown,0.00,Unknown,false,1,6.50,0.0000,true,1,18514
7290112490117,false,שוקולד קליק וופל ואג,יוניליוור,,שוקולד קליק וופל ואגוזים 85 ג,Unknown,0.00,Unknown,false,1,4.90,0.0000,true,1,21409
7290112490209,false,זוג מרק נמס עגבניות,יוניליוור,,זוג מרק נמס עגבניות ר.טבעי 43 גרם,Unknown,0.00,Unknown,false,1,6.50,0.0000,true,1,18182
7290112490216,false,זוג מרק נמס עוף קרוט,יוניליוור,,זוג מרק נמס עוף קרוטונים ר.טבעי 43 גרם,Unknown,0.00,Unknown,false,1,6.50,0.0000,true,1,18183
7290112490230,false,זוג מרק נמס אפונה ר.,יוניליוור,,זוג מרק נמס אפונה ר.טבעי 43 גרם,Unknown,0.00,Unknown,false,1,6.50,0.0000,true,1,18184
7290112490582,false,חרדל הלמנס דיזון חלק,,,חרדל הלמנס דיזון חלק צרפתי 350 גרם,גרמים,350.00,100 גרם,false,1,11.90,3.4000,true,1,18469
7290112490599,false,חרדל הלמנס דיזון גרג,,,חרדל הלמנס דיזון גרגירים צרפתי 350 גרם,גרמים,350.00,100 גרם,false,1,11.90,3.4000,true,1,18470
7290112490650,false,קונפיטורה 778 תות שד,יוניליוור,,קונפיטורה 778 תות שדה 340 גרם,גרמים,340.00,100 גרם,false,1,12.90,3.7941,true,1,18186
7290112490667,false,קונפיטורה 778 משמש 3,יוניליוור,,קונפיטורה 778 משמש 340 גרם,גרמים,340.00,100 גרם,false,1,12.90,3.7941,true,1,18188
7290112490674,false,קונפיטורה 778 דובדבן,יוניליוור,,קונפיטורה 778 דובדבן 340 גרם,גרמים,340.00,100 גרם,false,1,12.90,3.7941,true,1,18189
7290112490698,false,קונפיטורה 778 תות לי,יוניליוור,,קונפיטורה 778 תות לייט 260 גר,גרמים,260.00,100 גרם,false,1,12.90,4.9615,true,1,18185
7290112490728,false,מרק קנור עשיר ירקות,יוניליוור,,מרק קנור עשיר ירקות בורגול 95 גר,Unknown,0.00,Unknown,false,,9.90,0.0000,true,1,19071
7290112490735,false,מרק קנור עשיר עגבניו,יוניליוור,,מרק קנור עשיר עגבניות פסטה 105 גר,גרמים,105.00,100 גרם,false,1,9.90,9.4286,true,1,19072
7290112490742,false,מרק קנור עשיר פטריות,יוניליוור,,מרק קנור עשיר פטריות גריסים 104 גר,גרמים,104.00,100 גרם,false,1,9.90,9.5192,true,1,19073
7290112490827,false,תרסיס למייבש בדין בי,זוהר דליה,,תרסיס למייבש בדין בייבי 500 מל,מיליליטרים,500.00,"100 מ""ל",false,1,16.90,3.3800,true,1,18684
7290112490896,false,רוטב  קנור צילי חריף,יוניליוור,,רוטב  קנור צילי חריף 340 מל,מיליליטרים,340.00,"100 מ""ל",false,1,11.90,3.5000,true,1,19215
7290112491527,false,רוטב קנור טריאקי שומ,יוניליוור,,רוטב קנור טריאקי שומשום 310 גר בדץ,גרמים,310.00,100 גרם,false,1,11.90,3.8387,true,1,21249
7290112491558,false,מארז 6 יח שוקולד מרי,יוניליוור,,מארז 6 יח שוקולד מריר ורד הגליל 100 גרם,גרמים,600.00,100 גרם,false,1,19.90,3.3167,true,1,19854
7290112491701,false,דגני ברנפלקס אקסטרא,יוניליוור,,דגני ברנפלקס אקסטרא חלבון 375 גרם,גרמים,375.00,100 גרם,false,1,21.90,5.8400,true,1,20218
7290112491770,false,בייגלה דקים מלח 300,יוניליוור,,בייגלה דקים מלח 300 גר,גרמים,300.00,100 גרם,false,1,9.90,3.3000,true,1,19233
7290112491787,false,בייגלה דקים שומשום 3,יוניליוור,,בייגלה דקים שומשום 300 גר,גרמים,300.00,100 גרם,false,1,9.90,3.3000,true,1,19232
7290112491794,false,בייגלה דקים שמנת בצל,יוניליוור,,בייגלה דקים שמנת בצל 300 גר,גרמים,300.00,100 גרם,false,1,9.90,3.3000,true,1,19505
7290112492203,false,פריכיות פתית תירס דק,"גוד פוד בע""מ",PL,פריכיות פתית תירס דקות ציה 25 גר,Unknown,0.00,Unknown,false,22,3.90,0.0000,true,1,20777
7290112492210,false,פריכיות פתית תירס דק,"גוד פוד בע""מ",PL,פריכיות פתית תירס דקות קינואה 25 גר,Unknown,0.00,Unknown,false,22,3.90,0.0000,true,1,20776
7290112492449,false,שמפו פינוק לשיער רגי,יוניליוור,,שמפו פינוק לשיער רגיל 700 מל,מיליליטרים,700.00,"100 מ""ל",false,1,10.90,1.5571,true,1,24254
7290112492456,false,שמפו פינוק לשיער יבש,יוניליוור,,שמפו פינוק לשיער יבש 700 מל,מיליליטרים,700.00,"100 מ""ל",false,1,10.90,1.5571,true,1,24255
7290112492463,false,שמפו פינוק 2 ב 1 לשי,יוניליוור,,שמפו פינוק 2 ב 1 לשיער רגיל 700 מל,מיליליטרים,700.00,"100 מ""ל",false,1,10.90,1.5571,true,1,24256
7290112492470,false,שמפו ומרכך פינוק 2ב1,יוניליוור,,שמפו ומרכך פינוק 2ב1 שיער יבש 700 מל,מיליליטרים,700.00,"100 מ""ל",false,1,10.90,1.5571,true,1,29351
7290112492487,false,שמפו פינוק שמן מרוקא,יוניליוור,,שמפו פינוק שמן מרוקאי 700 מל,מיליליטרים,700.00,"100 מ""ל",false,1,10.90,1.5571,true,1,24257
7290112492500,false,שמפו פינוק שמן קוקוס,יוניליוור,,שמפו פינוק שמן קוקוס 700 מל,מיליליטרים,700.00,"100 מ""ל",false,1,10.90,1.5571,true,1,24258
7290112492531,false,מרכך פינוק לשיער רגי,יוניליוור,,מרכך פינוק לשיער רגיל 700 מל,מיליליטרים,700.00,"100 מ""ל",false,1,10.90,1.5571,true,1,24724
7290112492548,false,מרכך פינוק לשיער יבש,יוניליוור,,מרכך פינוק לשיער יבש 700 מל,מיליליטרים,700.00,"100 מ""ל",false,1,10.90,1.5571,true,1,25206
7290112492593,false,תחליב רחצה פינוק ניח,יוניליוור,,תחליב רחצה פינוק ניחוח קלאסי 700 מל,מיליליטרים,700.00,"100 מ""ל",false,1,10.90,1.5571,true,1,25025
7290112492609,false,תחליב רחצה פינוק לבנ,יוניליוור,,תחליב רחצה פינוק לבנדר ווניל 700 מל,מיליליטרים,700.00,"100 מ""ל",false,1,10.90,1.5571,true,1,24246
7290112492630,false,שמפו פינוק לגבר 3 ב1,יוניליוור,,שמפו פינוק לגבר 3 ב1 700 מל,מיליליטרים,700.00,"100 מ""ל",false,1,10.90,1.5571,true,1,24394
7290112492647,false,תחליב רחצה פינוק 2 ב,יוניליוור,,תחליב רחצה פינוק 2 ב1 לגבר 700 מל,מיליליטרים,700.00,"100 מ""ל",false,1,10.90,1.5571,true,1,29785
7290112492715,false,שמפו פינוק סירוק קל,יוניליוור,,שמפו פינוק סירוק קל ללא דמעות 700מל,מיליליטרים,700.00,"100 מ""ל",false,1,14.90,2.1286,true,1,25192
7290112492722,false,שמפו ומרכך פינוק סיר,יוניליוור,,שמפו ומרכך פינוק סירוק קל 700מל,מיליליטרים,700.00,"100 מ""ל",false,1,14.90,2.1286,true,1,25195
7290112492746,false,מרכך פינוק סירוק קל,יוניליוור,,מרכך פינוק סירוק קל ללא דמעות 700מל,מיליליטרים,700.00,"100 מ""ל",false,1,14.90,2.1286,true,1,25193
7290112492753,false,אל סבון פינוק לילדים,יוניליוור,,אל סבון פינוק לילדים 700מל,מיליליטרים,700.00,"100 מ""ל",false,1,14.90,2.1286,true,1,25194
7290112492838,false,מגבונים לניקוי כללי,יוניליוור,,מגבונים לניקוי כללי סיף 50יח בניחוח מרכך,יחידה,50.00,יחידה,false,1,9.90,0.1980,true,1,20195
7290112492944,false,מרק קנור עוף אמיתי כ,יוניליוור,,מרק קנור עוף אמיתי כשלפ 400 גרם,גרמים,400.00,100 גרם,false,1,24.90,6.2250,true,1,23930
7290112492982,false,מרק פטריות קנור רכבי,יוניליוור,,מרק פטריות קנור רכבים טבעיים 400 גר,גרמים,400.00,100 גרם,false,1,21.90,5.4750,true,1,22850
7290112492999,false,מרק קנור טעם עוף 400,יוניליוור,,מרק קנור טעם עוף 400 גר בדץ,גרמים,400.00,100 גרם,false,1,14.90,3.7250,true,1,22851
7290112493064,false,רוטב קנור שזיפים לעו,יוניליוור,,רוטב קנור שזיפים לעוף 320 גר בדץ,גרמים,320.00,100 גרם,false,1,10.90,3.4063,true,1,33069
7290112493088,false,זוג מרק נמס בכוס עדש,יוניליוור,,זוג מרק נמס בכוס עדשים,Unknown,0.00,Unknown,false,1,6.50,0.0000,true,1,21682
7290112493095,false,זוג מרק נמס בכוס עגב,יוניליוור,,זוג מרק נמס בכוס עגבניות חריף,Unknown,0.00,Unknown,false,1,6.50,0.0000,true,1,21683
7290112493293,false,זוג מרק נמס בכוס קנו,יוניליוור,,זוג מרק נמס בכוס קנור ירקות,Unknown,0.00,Unknown,false,1,6.50,0.0000,true,1,21684
7290112493316,false,מרק קנור היום אפונה,יוניליוור,,מרק קנור היום אפונה 117 גר,גרמים,117.00,100 גרם,false,1,9.90,8.4615,true,1,21681
7290112493873,false,חטיפי קרקר דג דג 400,יוניליוור,,חטיפי קרקר דג דג 400 גרם,גרמים,400.00,100 גרם,false,1,12.90,3.2250,true,1,22847
7290112493927,false,גלידת קרמיסימו ריבת,"גלידת שטראוס בע""מ",,גלידת קרמיסימו ריבת חלב 1.33 ליטר,ליטרים,1.33,ליטר,false,1,19.90,14.9624,true,1,23188
7290112493934,false,גלידת קרמיסימו וניל,"גלידת שטראוס בע""מ",,גלידת קרמיסימו וניל צרפתי 1.33 ליטר,ליטרים,1.33,ליטר,false,1,19.90,14.9624,true,1,23187
7290112494153,false,תיבולית ניחוח צלי 72,יוניליוור,,תיבולית ניחוח צלי 72 גרם,Unknown,0.00,Unknown,false,1,10.00,0.0000,true,1,22841
7290112494221,false,חטיף קליק ביסקויט 65,יוניליוור,,חטיף קליק ביסקויט 65 גר,Unknown,0.00,Unknown,false,1,5.90,0.0000,true,1,22526
7290112494238,false,חטיף קליק כדורים לבן,יוניליוור,,חטיף קליק כדורים לבן 65 גר,Unknown,0.00,Unknown,false,1,5.90,0.0000,true,1,22522
7290112494276,false,חטיף קליק כריות 65 ג,יוניליוור,,חטיף קליק כריות 65 גר,Unknown,0.00,Unknown,false,1,5.90,0.0000,true,1,22524
7290112494313,false,חטיף קליק קורנפלקס65,יוניליוור,,חטיף קליק קורנפלקס65 גר,Unknown,0.00,Unknown,false,1,5.90,0.0000,true,1,22525
7290112494344,false,קורנפלקס אלופים 850,יוניליוור,IL,קורנפלקס אלופים 850 גרם כספי,גרמים,850.00,100 גרם,false,8,19.90,2.3412,true,1,24196
7290112494351,false,קורנפלקס אלופים 850,יוניליוור,IL,קורנפלקס אלופים 850 גרם בדץ,גרמים,850.00,100 גרם,false,8,19.90,2.3412,true,1,24195
7290112494382,false,תערובת פירה קנור בית,יוניליוור,,תערובת פירה קנור ביתי 260 ג,גרמים,260.00,100 גרם,false,1,14.90,5.7308,true,1,22836
7290112494610,false,רוטב קנור עגבניות לד,,,רוטב קנור עגבניות לדג 415 גר,גרמים,415.00,100 גרם,false,1,9.90,2.3855,true,1,22831
7290112494795,false,גל כביסה בדין 2.5ליט,יוניליוור,IL,גל כביסה בדין 2.5ליטר כחול,מיליליטרים,2500.00,"100 מ""ל",false,6,26.90,1.0760,true,1,22448
7290112494801,false,גל כביסה בדין 2.5ליט,יוניליוור,IL,גל כביסה בדין 2.5ליטר וורוד,מיליליטרים,2500.00,"100 מ""ל",false,6,26.90,1.0760,true,1,22449
7290112494818,false,גל כביסה בדין 2.5ליט,יוניליוור,IL,גל כביסה בדין 2.5ליטר בייבי,מיליליטרים,2500.00,"100 מ""ל",false,6,26.90,1.0760,true,1,22450
7290112494825,false,תרחיץ דאב פנים לעור,יוניליוור,,תרחיץ דאב פנים לעור רגיש 180 מל,מיליליטרים,180.00,"100 מ""ל",false,1,14.90,8.2778,true,1,27515
7290112494832,false,תרחיץ דאב פנים לעור,יוניליוור,,תרחיץ דאב פנים לעור רגיל 180 מל,מיליליטרים,180.00,"100 מ""ל",false,1,14.90,8.2778,true,1,27516
7290112495006,false,דגני תלמה כריות נוגט,יוניליוור,,דגני תלמה כריות נוגט686 גרם,גרמים,686.00,100 גרם,false,1,24.90,3.6297,true,1,22508
7290112495020,false,דגני כריות ציקולדה 6,יוניליוור,,דגני כריות ציקולדה 686 גר,גרמים,686.00,100 גרם,false,1,21.90,3.1924,true,1,22510
7290112495037,false,דגני קוקומן כדורים 3,יוניליוור,,דגני קוקומן כדורים 375 גר בדץ,גרמים,375.00,100 גרם,false,1,18.90,5.0400,true,1,22512
7290112495044,false,דגני קוקמן פיצפוצים,יוניליוור,,דגני קוקמן פיצפוצים 375 גר בדץ,גרמים,375.00,100 גרם,false,1,18.90,5.0400,true,1,22513
7290112495105,false,נשנושים שמנת ובצל260,יוניליוור,,נשנושים שמנת ובצל260 גרם,גרמים,260.00,100 גרם,false,1,10.90,4.1923,true,1,22520
7290112495112,false,נשנושים זעתר 260 גרם,יוניליוור,,נשנושים זעתר 260 גרם,גרמים,260.00,100 גרם,false,1,10.90,4.1923,true,1,22521
7290112495143,false,נשנושי קרקר קוקטייל,יוניליוור,,נשנושים קוקטייל מלוח 300 גרם,גרמים,300.00,100 גרם,false,1,10.90,3.6333,true,1,22517
7290112495150,false,נשנושי קרקר עגול מלו,יוניליוור,,נשנושים עגול מלח 300 גרם,גרמים,300.00,100 גרם,false,1,10.90,3.6333,true,1,22516
7290112495167,false,נשנושי קרקר משולש שו,יוניליוור,,נשנושי קרקר משולש שומשום 300 גרם,גרמים,300.00,100 גרם,false,1,10.90,3.6333,true,1,22518
7290112495174,false,נשנושי קרקר קוקטייל,יוניליוור,,נשנושי קרקר קוקטייל שומשום 300 גרם,גרמים,300.00,100 גרם,false,1,10.90,3.6333,true,1,22532
7290112495228,false,קורנפלקס דבש 448 גר,יוניליוור,,קורנפלקס דבש 448 גר בדץ,גרמים,448.00,100 גרם,false,1,17.90,3.9955,true,1,22514
7290112495280,false,ריבועי ברנפלקס קינמו,יוניליוור,,ריבועי ברנפלקס קינמון 400 גרם בדצ,גרמים,400.00,100 גרם,false,1,19.90,4.9750,true,1,23403
7290112495433,false,דגני דליפקאן תלמה 40,יוניליוור,,דגני דליפקאן תלמה 400 גר בדץ,גרמים,400.00,100 גרם,false,1,19.90,4.9750,true,1,21829
7290112495471,false,קורנפלקס תלמה כשלפ 5,מולינו ניקולי,IT,קורנפלקס תלמה כשלפ 500 גר,גרמים,500.00,100 גרם,false,10,19.90,3.9800,true,1,23932
7290112495488,false,קורנפלקס ללא גלוטן 5,יוניליוור,,קורנפלקס ללא גלוטן 500 גר,גרמים,500.00,100 גרם,false,1,19.90,3.9800,true,1,23402
7290112495556,false,מאגדת חטיף קליק נוגט,יוניליוור,IL,מאגדת חטיף קליק נוגט 3 יח 105 גרם,גרמים,105.00,100 גרם,false,8,10.00,9.5238,true,1,24690
7290112495648,false,קרם קרקר 210 גרם,אפיפית,,קרם קרקר 210 גרם,גרמים,210.00,100 גרם,false,1,10.90,5.1905,true,1,23400
7290112495662,false,קרקר חיטה מלאה עם פש,אפיפית,,קרקר חיטה מלאה עם פשתן 300 ג,גרמים,300.00,100 גרם,false,1,10.90,3.6333,true,1,26047
7290112495686,false,קרם שומשום 220 גרם,אפיפית,,קרם שומשום 220 גרם,גרמים,220.00,100 גרם,false,1,10.90,4.9545,true,1,23401
7290112495747,false,קנור רוטב צילי מתוק,יוניליוור,,קנור רוטב צילי מתוק פחות סוכר 300 מל,מיליליטרים,300.00,"100 מ""ל",false,1,11.90,3.9667,true,1,23398
7290112495754,false,הלמנס רוטב אלף האיים,יוניליוור,,הלמנס רוטב אלף האיים לסלט 305 גרם,גרמים,305.00,100 גרם,false,1,9.90,3.2459,true,1,23407
7290112495761,false,הלמנס רוטב אלף האיים,יוניליוור,,הלמנס רוטבאלף האיים לסלט 305 גרם,גרמים,305.00,100 גרם,false,1,9.90,3.2459,true,1,23406
7290112495792,false,הלמנס רוטב שום לייט,יוניליוור,,רוטב לסלט הלמנס שום לייט 300 מל,גרמים,300.00,100 גרם,false,1,9.90,3.3000,true,1,23394
7290112495808,false,הלמנס רוטב חרדל ודבש,יוניליוור,,הלמנס רוטב חרדל ודבש לסלט 300 גרם,גרמים,305.00,100 גרם,false,1,9.90,3.2459,true,1,23405
7290112495815,false,הלמנס רוטב חרדל ודבש,יוניליוור,,הלמנס רוטב חרדל ודבש לייט לסלט 305 גרם,גרמים,305.00,100 גרם,false,1,9.90,3.2459,true,1,23408
7290112495822,false,דגני כריות בלאק קרם,יוניליוור,,דגני כריות בלאק קרם וניל 686 גרם,גרמים,686.00,100 גרם,false,1,21.90,3.1924,true,1,22853
7290112495921,false,מרק דגש קנור כשלפ 1,יוניליוור,,מרק דגש קנור כשלפ 1 קג,קילוגרמים,1.00,"ק""ג",false,1,16.90,16.9000,true,1,23928
7290112495976,false,פריכיות פתית תירס שו,"גוד פוד בע""מ",PL,פריכיות פתית תירס שוקולד חלב 35 גר,Unknown,0.00,Unknown,false,30,4.90,0.0000,true,1,24848
7290112495983,false,פריכיות פתית תירס שו,"גוד פוד בע""מ",PL,פריכיות פתית תירס שוקולד קרמל 39 גר,Unknown,0.00,Unknown,false,30,4.90,0.0000,true,1,24847
7290112496034,false,סירופ אפיכל מייפל580,יוניליוור,,סירופ אפיכל מייפל580 גרם,גרמים,580.00,100 גרם,false,1,13.90,2.3966,true,1,23409
7290112496218,false,רוטב קנור טריאקי מופ,יוניליוור,,רוטב קנור טריאקי מופחת סוכר ונתרן340 גר,גרמים,340.00,100 גרם,false,1,11.90,3.5000,true,1,24248
7290112496270,false,פתית ציפס תפוא ועגבנ,"גוד פוד בע""מ",PL,פתית ציפס תפוא ועגבניות 22 גרם,Unknown,0.00,Unknown,false,30,4.90,0.0000,true,1,25930
7290112496287,false,פתית ציפס בטטה טבעי,"גוד פוד בע""מ",PL,פתית ציפס בטטה טבעי 22 גרם,Unknown,0.00,Unknown,false,30,4.90,0.0000,true,1,25931
7290112496294,false,פתית ציפס אפונה ירוק,"גוד פוד בע""מ",PL,פתית ציפס אפונה ירוקה וצהובה 22 גרם,Unknown,0.00,Unknown,false,30,4.90,0.0000,true,1,25932
7290112496430,false,מרק נמס בכוס אקסטרא,יוניליוור,,מרק נמס בכוס אקסטרא עגבניות,Unknown,0.00,Unknown,false,1,3.90,0.0000,true,1,39949
7290112496447,false,מרק נמס בכוס אקסטרא,יוניליוור,,מרק נמס בכוס אקסטרא טעם עוף,Unknown,0.00,Unknown,false,1,3.90,0.0000,true,1,39951
7290112496461,false,מרק נמס בכוס אקסטרא,יוניליוור,,מרק נמס בכוס אקסטרא ירקות,Unknown,0.00,Unknown,false,1,3.90,0.0000,true,1,39950
7290112496584,false,חטיף קליק כריות בלאק,יוניליוור,,חטיף קליק כריות 65 גר,Unknown,0.00,Unknown,false,1,5.90,0.0000,true,1,25653
7290112497031,false,רוטב קנור עגבניות לק,,,רוטב קנור עגבניות לקציצות 415 גר,גרמים,415.00,100 גרם,false,1,9.90,2.3855,true,1,31460
7290112497123,false,סחלב אינסטנט קנור 2,יוניליוור,,סחלב אינסטנט קנור 2 יח 112 גרם,גרמים,112.00,100 גרם,false,1,12.90,11.5179,true,1,28886
7290112497499,false,שוקולד קליק לבן עוגי,יוניליוור,,שוקולד קליק לבן עוגיות 85 ג,Unknown,0.00,Unknown,false,1,4.90,0.0000,true,1,32114
7290112497710,false,שמפו אל דמע פינוק לת,יוניליוור,IL,שמפו אל דמע פינוק לתינוק 700מל,מיליליטרים,700.00,"100 מ""ל",false,12,16.90,2.4143,true,1,43757
7290112497727,false,אל סבון פינוק לתינוק,יוניליוור,IL,אל סבון פינוק לתינוק 700מל,מיליליטרים,700.00,"100 מ""ל",false,12,16.90,2.4143,true,1,43758
7290112497864,false,מרק עוף קנור ר.ט. מו,יוניליוור,,מרק עוף קנור ר.ט. מופחת נתרן 400 גר,גרמים,400.00,100 גרם,false,1,21.90,5.4750,true,1,29738
7290112497901,false,חטיף קליק קרם חלב ש.,יוניליוור,,חטיף קליק קרם חלב ש.לבן 35 גרם,Unknown,0.00,Unknown,false,1,5.00,0.0000,true,1,27345
7290112497994,false,גרנולה תלמה פרוטאין,חטיפי העמק,,גרנולה תלמה פרוטאין אגוזים300 גר,גרמים,300.00,100 גרם,false,1,15.90,5.3000,true,1,31218
7290112498007,false,גרנולה תלמה פרוטאין,חטיפי העמק,,גרנולה תלמה פרוטאין חמוציות שקד300 גר,גרמים,300.00,100 גרם,false,1,15.90,5.3000,true,1,31219
7290112498106,false,תחליב רחצה פינוק שמן,יוניליוור,,תחליב רחצה פינוק שמן חוחובה 700 מל,מיליליטרים,700.00,"100 מ""ל",false,1,10.90,1.5571,true,1,27342
7290112498267,false,סבון ידיים פינוק נוז,יוניליוור,IL,סבון ידיים פינוק נוזלי קלאסי 950מל,מיליליטרים,950.00,"100 מ""ל",false,8,12.90,1.3579,true,1,32333
7290112498274,false,סבון ידיים פינוק נוז,יוניליוור,IL,סבון ידיים פינוק נוזלי לבנדר 950מל,מיליליטרים,950.00,"100 מ""ל",false,8,12.90,1.3579,true,1,32334
7290112498281,false,סבון ידיים פינוק נוז,יוניליוור,IL,סבון ידיים פינוק נוזלי קוקוס 950מל,מיליליטרים,950.00,"100 מ""ל",false,8,12.90,1.3579,true,1,32335
7290112498298,false,סבון ידיים פינוק נוז,יוניליוור,IL,סבון ידיים פינוק נוזלי מרוקאי 950מל,מיליליטרים,950.00,"100 מ""ל",false,8,12.90,1.3579,true,1,32336
7290112498441,false,רוטב קנור אסייתי למו,יוניליוור,,רוטב קנור אסייתי למוקפץ 370 גרם,מיליליטרים,300.00,"100 מ""ל",false,1,11.90,3.9667,true,1,31069
7290112498526,false,פתית ציפס בטטה סגולה,"גוד פוד בע""מ",PL,פתית ציפס בטטה סגולה שמנת בצל 22 גרם,Unknown,0.00,Unknown,false,30,4.90,0.0000,true,1,32119
7290112498632,false,מאגדת שלגון קרצופים,יוניליוור,,מאגדת שלגון קרצופים 10יח,יחידה,10.00,יחידה,false,1,34.90,3.4900,true,1,23824
7290112498649,false,גלידה פיינט פסק זמן,"גלידת שטראוס בע""מ",IL,גלידה פיינט פסק זמן קוקוס 520מל,מיליליטרים,520.00,"100 מ""ל",false,6,19.90,3.8269,true,1,26447
7290112498748,false,מאגדת מיני סולרו תות,"גלידת שטראוס בע""מ",,מאגדת מיני סולרו תות 5 יח,יחידה,5.00,יחידה,false,1,22.90,4.5800,true,1,29335
7290112498885,false,מאגדת שלגון גודיס תו,יוניליוור,,מאגדת שלגון גודיס תותים ושוקולד לבן 5יח,יחידה,5.00,יחידה,false,1,24.90,4.9800,true,1,30333
7290112498915,false,מאגדת מיני מגנום שקד,"גלידת שטראוס בע""מ",IL,מאגדת מיני מגנום שקדים מובחרים 250גר,גרמים,250.00,100 גרם,false,8,28.90,11.5600,true,1,31875
7290112498922,false,מאגדת מיני מגנום שוק,"גלידת שטראוס בע""מ",IL,מאגדת מיני מגנום שוקולד לבן 250גר,גרמים,250.00,100 גרם,false,8,28.90,11.5600,true,1,31876
7290112499097,false,מאגדת מיני מגנום מרי,"גלידת שטראוס בע""מ",IL,מאגדת מיני מגנום מריר 240גר,גרמים,240.00,100 גרם,false,8,28.90,12.0417,true,1,40284
7290112499189,false,גלידת קרמיסימו חד קר,"גלידת שטראוס בע""מ",,גלידת קרמיסימו חד קרן 1.33 ליטר,ליטרים,1.33,ליטר,false,1,19.90,14.9624,true,1,42637
7290112499196,false,גלידת קרמיסימו קורנפ,"גלידת שטראוס בע""מ",,גלידת קרמיסימו קורנפלקס 1.33 ליטר,ליטרים,1.33,ליטר,false,1,19.90,14.9624,true,1,42638
7290112499219,false,מאגדת שלגון גודיס פי,יוניליוור,,מאגדת שלגון גודיס פיסטוק ושוקולד 235גר,יחידה,5.00,יחידה,false,1,24.90,4.9800,true,1,41392
7290112499448,false,מרכך פינוק לשיער שמן,יוניליוור,,מרכך פינוק לשיער שמן מרוקאי 700 מל,מיליליטרים,700.00,"100 מ""ל",false,1,10.90,1.5571,true,1,31794
7290112499462,false,תחליב רחצה פינוק שמן,יוניליוור,,תחליב רחצה פינוק שמן קוקוס 700 מל,מיליליטרים,700.00,"100 מ""ל",false,1,10.90,1.5571,true,1,31789
7290112499479,false,שמפו פינוק קרטין 700,יוניליוור,,שמפו פינוק קרטין 700מל,מיליליטרים,700.00,"100 מ""ל",false,1,10.90,1.5571,true,1,29787
7290112499486,false,מרכך פינוק קרטין 700,יוניליוור,,מרכך פינוק קרטין 700מל,מיליליטרים,700.00,"100 מ""ל",false,1,10.90,1.5571,true,1,29788
7290112499493,false,דאודורנט רקסונה ספרי,יוניליוור,GB,דאודורנט רקסונה ספריי במבוק אלוורה 150מל,מיליליטרים,150.00,"100 מ""ל",false,6,19.90,13.2667,true,1,40707
7290112499509,false,דאודורנט רקסונה ספרי,יוניליוור,,דאודורנט רקסונה ספריי אפרסק 150מל,מיליליטרים,150.00,"100 מ""ל",false,1,19.90,13.2667,true,1,44352
7290112499516,false,דאודורנט רקסונה מן ס,יוניליוור,,דאודורנט רקסונה מן ספריי 150מל וי8,מיליליטרים,150.00,"100 מ""ל",false,1,19.90,13.2667,true,1,40705
7290112499523,false,דאודורנט רקסונה ספרי,יוניליוור,GB,דאודורנט רקסונה ספריי אקטיב דריי 150מל,מיליליטרים,150.00,"100 מ""ל",false,6,19.90,13.2667,true,1,40706
7290112499776,false,מאגדת שלגון גודיס 5י,יוניליוור,,מאגדת שלגון גודיס 5יח,יחידה,5.00,יחידה,false,1,24.90,4.9800,true,1,23823
7290112499844,false,מאגדת מיני מגנום דוא,"גלידת שטראוס בע""מ",IL,מאגדת מיני מגנום דואט שוקולד נוגט 310גר,גרמים,310.00,100 גרם,false,8,28.90,9.3226,true,1,23193
7290112499943,false,מאגדת מיני מגנום קלא,"גלידת שטראוס בע""מ",IL,מאגדת מיני מגנום קלאסיק שוקולד 250גר,גרמים,250.00,100 גרם,false,8,28.90,11.5600,true,1,23192
7290112961266,false,בייגלה כפיות פיזור א,"אסם תעשיות בע""מ",,בייגלה כפיות פיזור איטלקי 300 גר,גרמים,300.00,100 גרם,false,1,10.90,3.6333,true,1,20414
7290112961372,false,חטיפי פריכיות פיטנס,פרח תעשיות,,חטיפי פריכיות פיטנס דקות קינמון 60 גרם,Unknown,0.00,Unknown,false,1,7.90,0.0000,true,1,19722
7290112961440,false,פריכיות פיטנס בר שוק,פרח תעשיות,,פריכיות פיטנס בר שוקולד מריר84 גר,Unknown,0.00,Unknown,false,1,11.90,0.0000,true,1,24435
7290112961464,false,חטיפי פריכיות פיטנס,פרח תעשיות,,חטיפי פריכיות פיטנס דקות מתובלות 60 גרם,Unknown,0.00,Unknown,false,1,7.90,0.0000,true,1,19721
7290112962287,false,שווארמה טבעול טבעוני,טבעול ישראל,,שווארמה טבעול טבעונית 450גר,גרמים,450.00,100 גרם,false,1,32.90,7.3111,true,1,23561
7290112962522,false,חטיף ביסלי שום ובצל,"אסם תעשיות בע""מ",,חטיף ביסלי שום ובצל 60 גרם,Unknown,0.00,Unknown,false,1,4.30,0.0000,true,1,28538
7290112962546,false,מאגדת לה פרוטה מלון,גלידות נסטלה,,מאגדת לה פרוטה מלון תפוח 5יח,יחידה,5.00,יחידה,false,1,25.90,5.1800,true,1,19436
7290112962737,false,שניצל טבעול מן הצומח,טבעול ישראל,,שניצל טבעול מן הצומח עם חלבון 664 גרם,גרמים,664.00,100 גרם,false,1,32.90,4.9548,true,1,19139
7290112962775,false,מאגדת שלגון אוראו 4י,גלידות נסטלה,ES,מאגדת שלגון אוראו 4יח,יחידה,4.00,יחידה,false,8,25.90,6.4750,true,1,23135
7290112963000,false,רוטב צילי מתוק מופחת,"אסם תעשיות בע""מ",,רוטב צילי מתוק מופחת נתרן וסוכר 290 מל,מיליליטרים,290.00,"100 מ""ל",false,1,11.90,4.1034,true,1,24837
7290112963918,false,קרקר פיטנס דק רוזמרי,,,חטיפי קרקר פיטנס רוזמרין 140 גרם,גרמים,140.00,100 גרם,false,1,10.90,7.7857,true,1,21074
7290112964052,false,פסטה פרפקט וזוביוטו,זארה,,פסטה פרפקט וזוביוטו 500 גרם,גרמים,500.00,100 גרם,false,1,10.90,2.1800,true,1,20410
7290112964212,false,קונכיות פתיתים אוסם,"אסם תעשיות בע""מ",,קונכיות פתיתים אוסם 400 גרם,גרמים,400.00,100 גרם,false,1,7.90,1.9750,true,1,21344
7290112964410,false,רוטב אלף האיים לסלט,"אסם תעשיות בע""מ",,רוטב אלף האיים לסלט 290 גרם,גרמים,290.00,100 גרם,false,1,10.90,3.7586,true,1,21067
7290112964434,false,רוטב קיסר לסלט 290 ג,"אסם תעשיות בע""מ",,רוטב קיסר לסלט 290 גרם,גרמים,295.00,100 גרם,false,1,10.90,3.6949,true,1,21068
7290112964458,false,רוטב ויניגרט לסלט 29,"אסם תעשיות בע""מ",,רוטב ויניגרט לסלט 295 גרם,גרמים,295.00,100 גרם,false,1,10.90,3.6949,true,1,21101
7290112964472,false,רוטב שום לסלט 290 גר,"אסם תעשיות בע""מ",,רוטב שום לסלט 290 מל,גרמים,290.00,100 גרם,false,1,10.90,3.7586,true,1,21066
7290112964502,false,רוטב אלף האיים לסלט,"אסם תעשיות בע""מ",,רוטב אלף האיים לסלט 600 גרם,גרמים,600.00,100 גרם,false,1,17.90,2.9833,true,1,21069
7290112964564,false,רוטב אלף האיים לייט,"אסם תעשיות בע""מ",,רוטב אלף האיים לייט לסלט 295 גרם,גרמים,295.00,100 גרם,false,1,10.90,3.6949,true,1,21102
7290112964601,false,רוטב אסייתי נוסח סצו,"אסם תעשיות בע""מ",,רוטב אסייתי נוסח סצואן אוסם 290 מל,מיליליטרים,290.00,"100 מ""ל",false,1,12.90,4.4483,true,1,20698
7290112964724,false,המבורגר טבעול טבעוני,טבעול ישראל,,המבורגר טבעול טבעוני 580 גר,גרמים,580.00,100 גרם,false,1,32.90,5.6724,true,1,21274
7290112965080,false,תבשיל פסטה ברוטב פטר,"אסם תעשיות בע""מ",,תבשיל פסטה ברוטב פטריות 143 גר,גרמים,150.00,100 גרם,false,1,9.90,6.6000,true,1,22941
7290112965165,false,זוג מרק נמס אוסם פטר,"אסם תעשיות בע""מ",,זוג מרק נמס אוסם פטריות 34 גר,Unknown,0.00,Unknown,false,1,5.50,0.0000,true,1,21623
7290112965240,false,זוג מרק נמס אוסם עגב,"אסם תעשיות בע""מ",,זוג מרק נמס אוסם עגבניות 44 גר,Unknown,0.00,Unknown,false,1,5.50,0.0000,true,1,21627
7290112965264,false,זוג מרק נמס אוסם אפו,"אסם תעשיות בע""מ",,זוג מרק נמס אוסם אפונה 30 גר,Unknown,0.00,Unknown,false,1,6.00,0.0000,true,1,38343
7290112965288,false,זוג מרק נמס אוסם ירק,"אסם תעשיות בע""מ",,זוג מרק נמס אוסם ירקות 30 גר,Unknown,0.00,Unknown,false,1,6.00,0.0000,true,1,28441
7290112965301,false,זוג מרק נמס אוסם טעם,"אסם תעשיות בע""מ",,זוג מרק נמס טעם עוף אוסם 38 גר,Unknown,0.00,Unknown,false,1,5.50,0.0000,true,1,21622
7290112965325,false,תבשיל אסם אורז ספרדי,"אסם תעשיות בע""מ",,תבשיל אסם אורז ספרדי 140 ג,גרמים,140.00,100 גרם,false,1,9.90,7.0714,true,1,22943
7290112965363,false,קציצות קינואה וברוקו,טבעול ישראל,,קציצות קינואה וברוקולי 525 גר טבעול,גרמים,525.00,100 גרם,false,1,32.90,6.2667,true,1,23560
7290112965783,false,חטיף ביסלי על האש פר,"אסם תעשיות בע""מ",,חטיף ביסלי על האש פריסטייל 60 גרם,Unknown,0.00,Unknown,false,1,4.30,0.0000,true,1,31643
7290112965806,false,חטיף ביסלי חמוץ חריף,"אסם תעשיות בע""מ",,חטיף ביסלי חמוץ חריף פריסטייל 60 גרם,Unknown,0.00,Unknown,false,1,4.30,0.0000,true,1,31641
7290112965868,false,קרם קרקר מליחות מעוד,"אסם תעשיות בע""מ",,קרם קרקר מליחות מעודנת 250 גרם,גרמים,250.00,100 גרם,false,1,9.90,3.9600,true,1,22966
7290112965929,false,בייגלה דובלה 250 גר,"אסם תעשיות בע""מ",,בייגלה דובלה 250 גר,גרמים,400.00,100 גרם,false,1,9.90,2.4750,true,1,27245
7290112965943,false,נאגטס ירקות ירוקים ט,טבעול ישראל,IL,נאגטס ירקות ירוקים טבעול 500גר,גרמים,500.00,100 גרם,false,6,32.90,6.5800,true,1,25110
7290112965967,false,נאגטס ירקות כתומים ט,טבעול ישראל,IL,נאגטס ירקות כתומים טבעול 500גר,גרמים,500.00,100 גרם,false,6,32.90,6.5800,true,1,25108
7290112965981,false,ארוחת דגנים טבעול גו,טבעול ישראל,IL,ארוחת דגנים טבעול גורמה 450גר,גרמים,450.00,100 גרם,false,8,32.90,7.3111,true,1,40779
7290112966001,false,ארוחת ירוקים טבעול ג,טבעול ישראל,IL,ארוחת ירוקים טבעול גורמה 450גר,גרמים,450.00,100 גרם,false,8,32.90,7.3111,true,1,40780
7290112966124,false,ביסקויט פתי בר קלאסי,"אסם תעשיות בע""מ",,ביסקויט פתי בר קלאסי מופחת סוכר 500 גר,גרמים,500.00,100 גרם,false,1,11.90,2.3800,true,1,22958
7290112966247,false,לחמית כוסמין 200 גרם,"אסם תעשיות בע""מ",,לחמית כוסמין 200 גרם,גרמים,200.00,100 גרם,false,1,9.90,4.9500,true,1,24437
7290112966445,false,חטיף במבה מתוקה 100,"אסם תעשיות בע""מ",,חטיף במבה מתוקה 100 גרם,גרמים,100.00,100 גרם,false,1,9.00,9.0000,true,1,22211
7290112966728,false,סלט טחינה בלאדי פלפל,צבר,IL,סלט טחינה בלאדי פלפל חריף 350גר צבר,גרמים,350.00,100 גרם,false,6,12.90,3.6857,true,1,22205
7290112966766,false,סלט טחינה בלאדי חציל,צבר,IL,סלט טחינה בלאדי חציל ועגבניות 350גר צבר,גרמים,350.00,100 גרם,false,6,12.90,3.6857,true,1,22203
7290112966780,false,סלט טחינה בלאדי חציל,צבר,IL,סלט טחינה בלאדי חציל קלוי 350גר צבר,גרמים,350.00,100 גרם,false,6,12.90,3.6857,true,1,22201
7290112966803,false,אינסטנט פודינג שוקול,"אסם תעשיות בע""מ",,אינסטנט פודינג שוקולד אסם 88 גר,Unknown,0.00,Unknown,false,1,5.50,0.0000,true,1,22945
7290112966841,false,אינסטנט פודינג שוקול,"אסם תעשיות בע""מ",,אינסטנט פודינג שוקולד מריר90 גר,Unknown,0.00,Unknown,false,1,5.50,0.0000,true,1,22946
7290112967114,false,חטיפי פריכיות פיטנס,פרח תעשיות,,חטיפי פריכיות פיטנס קטניות ופלפל 60 גרם,Unknown,0.00,Unknown,false,1,7.90,0.0000,true,1,24434
7290112967138,false,בייגלה שמיניות ללא ג,"אסם תעשיות בע""מ",,בייגלה שמיניות ללא גלוטן 250 גר,גרמים,250.00,100 גרם,false,1,10.00,4.0000,true,1,23512
7290112967381,false,חטיפי פריכיות פיטנס,פרח תעשיות,,חטיפי פריכיות פיטנס דקות קטניות 60 גרם,Unknown,0.00,Unknown,false,1,7.90,0.0000,true,1,24433
7290112967404,false,רוטב אלף האיים כשלפ,"אסם תעשיות בע""מ",,רוטב אלף האיים לסלט כשלפ 290 גרם,גרמים,290.00,100 גרם,false,1,10.90,3.7586,true,1,23731
7290112967749,false,פסטה פרפקטו נוציאולה,זארה,,פסטה פרפקטו נוציאולה 500 גרם,גרמים,500.00,100 גרם,false,1,6.90,1.3800,true,1,22940
7290112968203,false,סלט טחינה בלאדי 250ג,צבר,IL,סלט טחינה בלאדי 250גר צבר,גרמים,250.00,100 גרם,false,6,11.90,4.7600,true,1,23551
7290112968340,false,חומוס גרוס גס גס צבר,צבר,,חומוס גרוס גס גס צבר 400 גר,גרמים,600.00,100 גרם,false,1,11.90,1.9833,true,1,23381
7290112968401,false,חומוס גרגרים רכים צב,צבר,,חומוס גרגרים רכים צבר 400 גר,גרמים,600.00,100 גרם,false,1,11.90,1.9833,true,1,23383
7290112968449,false,סלט כרוב אדום 250גר,צבר,IL,סלט כרוב אדום 250גר צבר,גרמים,250.00,100 גרם,false,6,11.90,4.7600,true,1,23552
7290112968685,false,חומוס גרגרים בתטבילה,צבר,,חומוס גרגרים בתטבילה צבר 400 גר,גרמים,600.00,100 גרם,false,1,11.90,1.9833,true,1,23384
7290112968784,false,חטיפי כרובית טבעול 4,טבעול ישראל,IL,חטיפי כרובית טבעול 450גר,גרמים,450.00,100 גרם,false,6,32.90,7.3111,true,1,25107
7290112968807,false,קרקר פיטנס דק סלק140,,,קרקר פיטנס דק סלק140 גרם,גרמים,140.00,100 גרם,false,1,10.90,7.7857,true,1,28530
7290112968821,false,קרקר פיטנס דק בטטה 1,,,קרקר פיטנס דק בטטה 140 גרם,גרמים,140.00,100 גרם,false,1,10.90,7.7857,true,1,28531
7290112969002,false,אינסטנט פודינג פיסטו,"אסם תעשיות בע""מ",,אינסטנט פודינג טירמיסו אסם 80 גר,גרמים,80.00,100 גרם,false,1,5.50,6.8750,true,1,24432
7290112969903,false,נאגטס ירקות לבנים טב,טבעול ישראל,IL,נאגטס ירקות לבנים טבעול 500גר,גרמים,500.00,100 גרם,false,6,32.90,6.5800,true,1,25109
7290112969989,false,מנה חמה נודלס קוריאנ,"אסם תעשיות בע""מ",,מנה חמה נודלס קוריאני חריף 75גר,Unknown,0.00,Unknown,false,1,6.50,0.0000,true,1,28532
7290113172456,false,סוטז יציקה קוטר 36 צ,,,סוטז יציקה קוטר 36 צהוב,יחידה,1.00,יחידה,false,6,149.00,149.0000,true,1,31418
7290113176188,false,סט 2 כוסות דיאנה ידי,,,סט 2 כוסות דיאנה ידית צבעונית,יחידה,2.00,יחידה,false,32,24.90,12.4500,true,1,31406
7290113190375,false,סילאן טבעי שקדיה 900,ג.מ. טעם הארץ,IL,סילאן טבעי שקדיה 900 גרם,גרמים,900.00,100 גרם,false,12,19.90,2.2111,true,1,24270
7290113190443,false,חרוסת שקדיה 250 גרם,,,חרוסת שקדיה 250 גרם,גרמים,250.00,100 גרם,false,1,10.00,4.0000,true,1,20307
7290113190450,false,ממרח תמרים שקדיה 450,"תמר העמקים בע""מ",,ממרח תמרים שקדיה 450 גרם,גרמים,450.00,100 גרם,false,1,5.90,1.3111,true,1,20213
7290113191921,false,סירופ מלבי 750 מל,"פוליבה בע""ם",IL,סירופ מלבי 750 מל,מיליליטרים,750.00,"100 מ""ל",false,12,16.90,2.2533,true,1,22115
7290113191938,false,סירופ רוזטה 750 מל,"פוליבה בע""ם",IL,סירופ רוזטה 750 מל,מיליליטרים,750.00,"100 מ""ל",false,12,16.90,2.2533,true,1,22114
7290113192089,false,בוטן שקדיה מצופה תיר,,CN,בוטן שקדיה מצופה תירס 100 גרם,גרמים,100.00,100 גרם,false,24,10.00,10.0000,true,1,30233
7290113192096,false,בוטן שקדיה מצופה ווא,,CN,בוטן שקדיה מצופה וואסבי 100 גרם,גרמים,100.00,100 גרם,false,24,10.00,10.0000,true,1,30234
7290113192201,false,תערובת להכנת סחלב שק,"י. כהן בע""מ",IL,תערובת להכנת סחלב שקדיה 500גרם,גרמים,500.00,100 גרם,false,12,14.90,2.9800,true,1,28206
7290113192218,false,תערובת להכנת מלבי שק,"שקדיה גבע תעשיות בע""",IL,תערובת להכנת מלבי שקדיה 500גרם,גרמים,500.00,100 גרם,false,12,14.90,2.9800,true,1,28205
7290113192225,false,תערובת לסופלה שוקולד,"י. כהן בע""מ",IL,תערובת סופלה שוקולד שקדיה 200 גרם,גרמים,200.00,100 גרם,false,12,14.90,7.4500,true,1,28196
7290113192232,false,תערובת לפנקיק שקדיה,"י. כהן בע""מ",IL,תערובת לפנקיק שקדיה 400 גרם,גרמים,400.00,100 גרם,false,12,14.90,3.7250,true,1,28197
7290113192300,false,זית חרוזית מושחר 275,בית השיטה,,זית חרוזית מושחר 275 גר בית השיטה,גרמים,275.00,100 גרם,false,1,10.90,3.9636,true,1,24849
7290113192317,false,טבעות זית מושחר 280,בית השיטה,,טבעות זית מושחר 280 גר בית השיטה,גרמים,280.00,100 גרם,false,1,10.90,3.8929,true,1,24850
7290113192324,false,זית ירוק מנזולינו בי,בית השיטה,,זית ירוק מנזולינו בינוני 340 גרבית השיטה,גרמים,340.00,100 גרם,false,1,8.90,2.6176,true,1,24989
7290113192331,false,זית ירוק מנזולינו גד,בית השיטה,,זית ירוק מנזולינו גדול 340 בית השיטה,גרמים,340.00,100 גרם,false,1,10.90,3.2059,true,1,24988
7290113192348,false,זית ירוק מנזולינו ג.,בית השיטה,,זית ירוק מנזולינו ג.מ.טעם שום340ב.השיט,גרמים,340.00,100 גרם,false,,10.90,3.2059,true,1,24987
7290113192355,false,זית חרוזית ירוק 275,בית השיטה,,זית חרוזית ירוק 275 גר בית השיטה,גרמים,275.00,100 גרם,false,1,9.90,3.6000,true,1,24851
7290113192362,false,טבעות זית ירוק 280 ג,בית השיטה,,טבעות זית ירוק 280 גר בית השיטה,גרמים,280.00,100 גרם,false,1,9.90,3.5357,true,1,24852
7290113192379,false,זית ירוק מבוקע 340 ג,בית השיטה,,זית ירוק מבוקע 340 גר בית השיטה,גרמים,340.00,100 גרם,false,1,10.90,3.2059,true,1,24990
7290113192386,false,זית ירוק סורי מבוקע,בית השיטה,,זית ירוק סורי מבוקע 340 גר בית השיטה,גרמים,340.00,100 גרם,false,1,11.90,3.5000,true,1,24854
7290113192393,false,קוקטייל זיתים 336 גר,בית השיטה,,זית ירוק סורי מבוקע א/2 בית השיטה,גרמים,3.00,100 גרם,false,1,11.90,396.6667,true,1,24853
7290113192478,false,מלפפון 10-12 במלח 32,בית השיטה,,מלפפון 10-12 במלח 320 גר בית השיטה,גרמים,320.00,100 גרם,false,1,7.50,2.3438,true,1,24909
7290113192485,false,מלפפון 10-12 בחומץ 3,בית השיטה,,מלפפון 10-12 בחומץ 320 גר בית השיטה,גרמים,320.00,100 גרם,false,1,7.50,2.3438,true,1,24910
7290113192492,false,מלפפון 13-17 בחומץ 3,בית השיטה,,מלפפון 13-17 בחומץ 320 גר בית השיטה,גרמים,320.00,100 גרם,false,1,9.90,3.0938,true,1,24858
7290113192508,false,מלפפון 13-17 במלח320,בית השיטה,,מלפפון 13-17 במלח320 גר בית השיטה,גרמים,320.00,100 גרם,false,1,9.90,3.0938,true,1,24857
7290113192515,false,מלפפון 18-25 במלח320,בית השיטה,,מלפפון 18-25 במלח320 גר בית השיטה,גרמים,320.00,100 גרם,false,1,10.90,3.4063,true,1,24859
7290113192539,false,מלפפון 7-9 במלח 320,בית השיטה,,מלפפון 7-9 במלח 320 גר בית השיטה,גרמים,320.00,100 גרם,false,1,6.50,2.0313,true,1,24860
7290113192546,false,מלפפון 7-9 בחומץ 320,בית השיטה,,מלפפון 7-9 בחומץ 320 גר בית השיטה,גרמים,320.00,100 גרם,false,1,6.50,2.0313,true,1,24912
7290113192553,false,מלפפון במלח בלדי 13-,בית השיטה,,מלפפון במלח בלדי 13-17 בית השיטה 320 גרם,גרמים,320.00,100 גרם,false,1,10.90,3.4063,true,1,24933
7290113192577,false,כרוב כבוש בית השיטה,בית השיטה,,כרוב כבוש בית השיטה 430 גר,גרמים,430.00,100 גרם,false,1,7.90,1.8372,true,1,24932
7290113193017,false,קוקטייל זיתים חרוזית,"אסם תעשיות בע""מ",,לחמית כוסמין 200 גרם,גרמים,275.00,100 גרם,false,1,11.90,4.3273,true,1,24438
7290113193031,false,זית חרוזית קלמטה 275,"אסם תעשיות בע""מ",,זית חרוזית קלמטה 275 גרם בית השיטה,גרמים,275.00,100 גרם,false,1,11.90,4.3273,true,1,26928
7290113193321,false,שמן זית בית השיטה750,בית השיטה,,שמן זית בית השיטה750 מל,מיליליטרים,750.00,"100 מ""ל",false,1,29.90,3.9867,true,1,28894
7290113193406,false,טבעות זית קוקטייל280,בית השיטה,,טבעות זית קוקטייל280 גר בית השיטה,גרמים,280.00,100 גרם,false,1,12.90,4.6071,true,1,24449
7290113195042,false,מלפפון כבישה ביתית ב,בית השיטה,,מלפפון כבישה ביתית בית השיטה 750 גרם,גרמים,750.00,100 גרם,false,1,25.90,3.4533,true,1,32079
7290113195066,false,חלבה טורקית וניל 400,,TR,חלבה טורקית וניל 400 גרם,גרמים,400.00,100 גרם,false,10,12.90,3.2250,true,1,29057
7290113195073,false,חלבה טורקית וניל עם,,TR,חלבה טורקית וניל עם פיסטוק 400 גרם,גרמים,400.00,100 גרם,false,10,14.90,3.7250,true,1,29055
7290113195080,false,חלבה טורקית וניל שוק,,TR,חלבה טורקית וניל שוקו 400 גרם,גרמים,400.00,100 גרם,false,10,12.90,3.2250,true,1,29056
7290113195264,false,ממרח פלפלים קלויים ג,,MK,ממרח פלפלים קלויים גורמט 360 גרם,גרמים,300.00,100 גרם,false,12,11.90,3.9667,true,1,29054
7290113195271,false,ממרח פלפלים פיקנטי ג,,MK,ממרח פלפלים פיקנטי גורמט 360 גרם,גרמים,300.00,100 גרם,false,12,11.90,3.9667,true,1,29053
7290113195349,false,טופו במים סו שף 400,,VN,טופו במים סו שף 400 גרם,גרמים,400.00,100 גרם,false,24,12.90,3.2250,true,1,30236
7290113195479,false,קמח שקדים שקדיה 200,"שקדיה גבע תעשיות בע""",IL,קמח שקדים שקדיה 200 גרם,גרמים,200.00,100 גרם,false,20,15.90,7.9500,true,1,29047
7290113195516,false,מיקס פרו חלבון שקדיה,"שקדיה גבע תעשיות בע""",IL,מיקס פרו חלבון שקדיה 200 גרם,גרמים,200.00,100 גרם,false,15,15.90,7.9500,true,1,29051
7290113196414,false,אורז בסמטי שקדיה 1 ק,,,"אורז בסמטי שקדיה 1 ק""ג",קילוגרמים,1.00,"ק""ג",false,1,9.90,9.9000,true,1,38505
7290113196896,false,תרסיס שמן זית שקדיה,גאטה,,תרסיס שמן זית שקדיה 170 מל,מיליליטרים,170.00,"100 מ""ל",false,12,13.90,8.1765,true,1,38064
7290113196902,false,מנה חמה סו שף אטריות,,VN,מנה חמה סו שף אטריות אורז בקר 60 גרם,Unknown,0.00,Unknown,false,12,7.90,0.0000,true,1,44270
7290113196919,false,מנה חמה סו שף אטריות,,VN,מנה חמה סו שף אטריות אורז ועוף 60 גרם,Unknown,0.00,Unknown,false,12,7.90,0.0000,true,1,44272
7290113196926,false,מנה חמה סו שף אטריות,,VN,מנה חמה סו שף אטריות אורז ירקות 60 גרם,Unknown,0.00,Unknown,false,12,7.90,0.0000,true,1,44269
7290113196933,false,מנה חמה סו שף אטריות,,VN,מנה חמה סו שף אטריות אורז טום יאם 60 גרם,Unknown,0.00,Unknown,false,12,7.90,0.0000,true,1,44271
7290113198029,false,אגוז פקאן שקדיה מצופ,"דין שיווק וקלייה בע""",IL,אגוז פקאן שקדיה מצופה חלבה 150 גרם,גרמים,150.00,100 גרם,false,12,14.90,9.9333,true,1,38176
7290113198036,false,אגוז פקאן שקדיה מצופ,"דין שיווק וקלייה בע""",IL,אגוז פקאן שקדיה מצופה טעם קרמל150 גרם,גרמים,150.00,100 גרם,false,12,14.90,9.9333,true,1,38181
7290113198043,false,אגוז פקאן שקדיה מצופ,"דין שיווק וקלייה בע""",IL,אגוז פקאן שקדיה מצופה שוקולד עוגי150 גרם,גרמים,150.00,100 גרם,false,12,14.90,9.9333,true,1,38179
7290113198050,false,אגוז פקאן שקדיה מצופ,"דין שיווק וקלייה בע""",IL,אגוז פקאן שקדיה מצופה בייגלה מלוח150 גרם,גרמים,150.00,100 גרם,false,12,14.90,9.9333,true,1,38178
7290113198067,false,אגוז פקאן שקדיה מצופ,"דין שיווק וקלייה בע""",IL,אגוז פקאן שקדיה מצופה שוקולד לבן 150 גרם,גרמים,150.00,100 גרם,false,12,14.90,9.9333,true,1,38177
7290113198074,false,אגוז פקאן שקדיה מצופ,"דין שיווק וקלייה בע""",IL,אגוז פקאן שקדיה מצופה שוקולד שיש150 גרם,גרמים,150.00,100 גרם,false,12,14.90,9.9333,true,1,38180
7290113198586,false,סוכריות גומי שקדיה א,טופגאם תעשיות ממתקים,IL,סוכריות גומי שקדיה אפרסק 200 ג קופסא,גרמים,200.00,100 גרם,false,12,9.90,4.9500,true,1,40518
7290113199323,false,טורטיה טורטילס מיני,מוטלוקל,TR,טורטיה טורטילס מיני 150 גרם,גרמים,150.00,100 גרם,false,1,4.90,3.2667,true,1,42844
7290113199385,false,פריכיות כוסמת דקות ש,זן בר,IL,פריכיות כוסמת דקות שקדיה מלוח 100 גרם,Unknown,0.00,Unknown,false,12,9.90,0.0000,true,1,41333
7290113199392,false,פריכיות כוסמת דקות ש,זן בר,IL,פריכיות כוסמת דקות שקדיה שקדים 90 גרם,Unknown,0.00,Unknown,false,12,9.90,0.0000,true,1,41334
7290113199408,false,פריכיות כוסמין דקות,זן בר,IL,פריכיות כוסמין דקות שקדיה מלוח 95 גרם,Unknown,0.00,Unknown,false,12,9.90,0.0000,true,1,41336
7290113199606,false,חטיפי שקדיה אנרגי מי,"שקדיה גבע תעשיות בע""",IL,חטיפי שקדיה אנרגי מיקס בוטן חמוציו 220 ג,גרמים,220.00,100 גרם,false,12,14.90,6.7727,true,1,40530
7290113199613,false,חטיפי שקדיה אנרגי מי,"שקדיה גבע תעשיות בע""",IL,חטיפי שקדיה אנרגי מיקס שקד חמוציות220 ג,גרמים,220.00,100 גרם,false,12,14.90,6.7727,true,1,40531
7290113199620,false,חטיפי שקדיה אנרגי מי,"שקדיה גבע תעשיות בע""",IL,חטיפי שקדיה אנרגי מיקס דלעת קשיו 220 ג,גרמים,220.00,100 גרם,false,12,14.90,6.7727,true,1,40529
7290113199637,false,חטיפי שקדיה אנרגי מי,"שקדיה גבע תעשיות בע""",IL,חטיפי שקדיה אנרגי מיקס שומשום פשתן 220 ג,גרמים,220.00,100 גרם,false,12,14.90,6.7727,true,1,40528
7290113199842,false,מגש אירוח סוכריות גו,טופגאם תעשיות ממתקים,IL,מגש אירוח סוכריות גומי שקדיה 700 גרם,גרמים,350.00,100 גרם,false,12,29.90,8.5429,true,1,40527
7290113199859,false,מגש אירוח סוכריות גו,טופגאם תעשיות ממתקים,IL,מגש אירוח סוכריות גומי שקדיה 350 גרם,גרמים,350.00,100 גרם,false,12,15.90,4.5429,true,1,40526
7290113199880,false,טורטיה טורטילס קמח כ,,TR,טורטיה טורטילס קמח כוסמין שבולת שועל 360,גרמים,360.00,100 גרם,false,1,10.90,3.0278,true,1,44516
7290113199897,false,סוכריות גומי שקדיה ח,טופגאם תעשיות ממתקים,IL,סוכריות גומי שקדיה חמצוצים תות 180ג קופס,גרמים,180.00,100 גרם,false,12,9.90,5.5000,true,1,40523
7290113199903,false,סוכריות גומי שקדיה ח,טופגאם תעשיות ממתקים,IL,סוכריות גומי שקדיה חמצוצים ת.ב180ג קופס,גרמים,180.00,100 גרם,false,12,9.90,5.5000,true,1,40522
7290113199910,false,סוכריות גומי שקדיה ח,טופגאם תעשיות ממתקים,IL,סוכריות גומי שקדיה חמצוצים קולה180ג קופס,גרמים,180.00,100 גרם,false,12,9.90,5.5000,true,1,40521
7290113199927,false,סוכריות גומי שקדיה ח,טופגאם תעשיות ממתקים,IL,סוכריות גומי שקדיה חמצוצים פירות 180גר,גרמים,180.00,100 גרם,false,12,9.90,5.5000,true,1,40525
7290113199934,false,סוכריות גומי שקדיה ח,טופגאם תעשיות ממתקים,IL,סוכריות גומי שקדיה חמצוצים אוכ 180ג קופס,גרמים,180.00,100 גרם,false,12,9.90,5.5000,true,1,40524
7290113286559,false,כפפות ניטרל שחורות 1,,,כפפות ניטרל שחורות 100יח ל.אבקה סמול,יחידה,100.00,יחידה,false,10,19.90,0.1990,true,1,44130
7290113286566,false,כפפות ניטרל שחורות 1,,,כפפות ניטרל שחורות 100יח ל.אבקה מדיום,יחידה,100.00,יחידה,false,10,19.90,0.1990,true,1,44131
7290113286573,false,כפפות ניטרל שחורות 1,,,כפפות ניטרל שחורות 100יח ל.אבקה לארג,יחידה,100.00,יחידה,false,10,19.90,0.1990,true,1,44132
7290113286580,false,כפפות ניטרל שחורות 1,,,כפפות ניטרל שחורות 100יח ל.אבקה אקס אל,יחידה,100.00,יחידה,false,10,19.90,0.1990,true,1,44133
7290113288836,false,כפפות חד פעמי 100יח,,CN,כפפות חד פעמי 100יח ניטריטקס סמול שחור,יחידה,100.00,יחידה,false,10,21.90,0.2190,true,1,39574
7290113288843,false,כפפות חד פעמי 100יח,,CN,כפפות חד פעמי 100יח ניטריטקס מדיום שחור,יחידה,100.00,יחידה,false,10,21.90,0.2190,true,1,39575
7290113288850,false,כפפות חד פעמי 100יח,,CN,כפפות חד פעמי 100יח ניטריטקס לארג שחור,יחידה,100.00,יחידה,false,10,21.90,0.2190,true,1,39576
7290113288867,false,כפפות חד פעמי 100יח,,CN,כפפות חד פעמי 100יח ניטריטקס אקס אל שחור,יחידה,100.00,יחידה,false,10,21.90,0.2190,true,1,39577
7290113300125,false,בונזו מקלות בקר 50 ג,,CN,בונזו מקלות בקר 50 גר,יחידה,1.00,יחידה,false,24,8.90,8.9000,true,1,26804
7290113300149,false,בונזו מקלות כבש 50 ג,,CN,בונזו מקלות כבש 50 גר,יחידה,1.00,יחידה,false,24,8.90,8.9000,true,1,26802
7290113300194,false,פאוץ נתחוני לה קט עם,,CZ,פאוץ נתחוני לה קט עם רוטב 85 גר,Unknown,0.00,Unknown,false,28,4.50,0.0000,true,1,26798
7290113300262,false,פאוץ נתחוני לה קט עם,,CZ,פאוץ נתחוני לה קט עם טונה וגלי 85 גר,Unknown,0.00,Unknown,false,28,4.50,0.0000,true,1,26801
7290113453081,false,סוכריות גומי שקדיה ל,טופגאם תעשיות ממתקים,IL,סוכריות גומי שקדיה לב מוברק 400 גרם,גרמים,400.00,100 גרם,false,12,10.90,2.7250,true,1,40324
7290113453135,false,סוכריות גומי שקדיה ע,טופגאם תעשיות ממתקים,IL,סוכריות גומי שקדיה עצם מוברק400גרם,גרמים,400.00,100 גרם,false,12,10.90,2.7250,true,1,40327
7290113453142,false,סוכריות גומי שקדיה ד,טופגאם תעשיות ממתקים,IL,סוכריות גומי שקדיה דולפין מוברק400גרם,גרמים,400.00,100 גרם,false,12,10.90,2.7250,true,1,40328
7290113560055,false,מי פה פרודונטקס 500מ,,GB,מי פה פרודונטקס 500מל,מיליליטרים,500.00,"100 מ""ל",false,1,29.90,5.9800,true,1,26816
7290113560062,false,מש. שיניים סנסודיין,,GB,מש. שיניים סנסודיין משאבה 100 מל,מיליליטרים,100.00,"100 מ""ל",false,1,27.90,27.9000,true,1,26815
7290113560109,false,מש.שיניים פרודונטקס,סמיתקליין ביצם,,מש.שיניים פרודונטקס הרבל 75מל,Unknown,0.00,Unknown,false,1,29.90,0.0000,true,1,28947
7290113560277,false,מארז 2יח מברשת שינים,גלקסוס סמית קליין,CN,מארז 2יח מברשת שינים סנסודיין רפיד רליף,יחידה,2.00,יחידה,false,1,32.90,16.4500,true,1,43928
7290113620766,false,חמאת בוטנים  מלאה או,,,חמאת בוטנים  מלאה אורגנית 300 גר,גרמים,300.00,100 גרם,false,12,17.90,5.9667,true,1,29969
7290113620773,false,חמאת שקדים מלאה אורג,,,חמאת שקדים מלאה אורגנית 300 גר,גרמים,300.00,100 גרם,false,12,39.90,13.3000,true,1,29970
7290113620780,false,חמאת קשיו מלאה אורגנ,,,חמאת קשיו מלאה אורגנית 300 גר,גרמים,300.00,100 גרם,false,12,39.90,13.3000,true,1,29971
7290113620810,false,חמאת שומשום שחור אור,,,חמאת שומשום שחור אורגנית 300 גר,גרמים,300.00,100 גרם,false,12,26.90,8.9667,true,1,29973
7290113622500,false,פסטה ללא גלוטן תירס,,,פסטה ללג תירס ואורז 250 גר,גרמים,250.00,100 גרם,false,10,12.90,5.1600,true,1,29974
7290113622524,false,פסטה ללא גלוטן כוסמת,,,פסטה ללא גלוטן כוסמת 250 גר,גרמים,250.00,100 גרם,false,10,12.90,5.1600,true,1,29976
7290113622548,false,פסטה ללא גלוטן אפונה,,,פסטה ללא גלוטן אפונה 250 גר,גרמים,250.00,100 גרם,false,10,12.90,5.1600,true,1,29978
7290113660182,false,נפנף למנגל,,,נפנף למנגל,יחידה,1.00,יחידה,false,1,3.90,3.9000,true,1,30755
7290113660311,false,פחם דרום אמריקאי 2קג,,,פחם דרום אמריקאי 2קג גריל גריל,קילוגרמים,2.00,"ק""ג",false,1,24.90,12.4500,true,1,41092
7290113661257,false,כוסות חד פעמי שתיה ק,,,כוסות חד פעמי שתיה קרה 180סמק 100יח,יחידה,100.00,יחידה,false,1,8.90,0.0890,true,1,41549
7290113661653,false,מנגל פח עם רשת ניקל,,,מנגל פח עם רשת ניקל 24/39סמ,יחידה,1.00,יחידה,false,1,39.90,39.9000,true,1,30742
7290113662759,false,תבניות אלומיניום מרו,,IL,תבניות אלומיניום מרובע שחור זהב+מכסה 10י,יחידה,10.00,יחידה,false,1,13.90,1.3900,true,1,38223
7290113662766,false,תבניות אלומיניום לב,,IL,תבניות אלומיניום לב אישי שחור זהב+מכסה10,יחידה,10.00,יחידה,false,1,13.90,1.3900,true,1,38224
7290113662773,false,תבניות אלומיניום סופ,,IL,תבניות אלומיניום סופלה שחור זהב+מכסה 10,יחידה,10.00,יחידה,false,1,13.90,1.3900,true,1,38225
7290113662780,false,תבניות אלומיניום מלב,,IL,תבניות אלומיניום מלבן שחור זהב+מכסה 6יח,יחידה,6.00,יחידה,false,1,12.90,2.1500,true,1,38226
7290113662797,false,תבניות אלומיניום מינ,,IL,תבניות אלומיניום מיני  אינגליש+מכסה 4יח,יחידה,4.00,יחידה,false,1,10.90,2.7250,true,1,38227
7290113662803,false,תבניות אלומיניום פאי,,IL,תבניות אלומיניום פאי שחור זהב+מכסה 6יח,יחידה,6.00,יחידה,false,1,13.90,2.3167,true,1,38228
7290113662810,false,תבניות אלומיניום אוב,,IL,תבניות אלומיניום אובלי שחור זהב+מכסה 3יח,יחידה,3.00,יחידה,false,1,14.90,4.9667,true,1,38229
7290113662827,false,תבניות אלומיניום כנא,,IL,תבניות אלומיניום כנאפה שחור זהב+מכסה 3יח,יחידה,3.00,יחידה,false,1,12.90,4.3000,true,1,38230
7290113662834,false,נייר אפיה לתבנית אינ,,IL,נייר אפיה לתבנית אינגליש 20יח 6.5/26סמ,יחידה,20.00,יחידה,false,1,10.90,0.5450,true,1,38222
7290113663060,false,מנגל פח מגולוון רגלי,,,מנגל פח מגולוון רגליים מתקפלות 80/30סמ,יחידה,1.00,יחידה,false,1,129.00,129.0000,true,1,41084
7290113763784,false,מכשיר סודה סטרים טרה,סודה סטרים,,מכשיר סודה סטרים טרה שחור,יחידה,1.00,יחידה,false,1,499.00,499.0000,true,1,43622
7290113764019,false,מכשיר סודה סטרים טרה,סודה סטרים,,מכשיר סודה סטרים טרה לבן,יחידה,1.00,יחידה,false,1,499.00,499.0000,true,1,43623
7290113795945,false,מבער גז ביאנקו,,,מבער גז ביאנקו,יחידה,1.00,יחידה,false,1,89.90,89.9000,true,1,40281
7290114151566,false,שמפו בונאטי אורגני ל,,IL,שמפו בונאטי אורגני לכל סוגי השיער 500מל,מיליליטרים,500.00,"100 מ""ל",false,10,22.90,4.5800,true,1,28795
7290114151603,false,מרכךבונאטי אורגני לכ,,IL,מרכךבונאטי אורגני לכל סוגי השיער 500מל,מיליליטרים,500.00,"100 מ""ל",false,10,22.90,4.5800,true,1,28797
7290114151641,false,סבון גוף בונאטי 500מ,,IL,סבון גוף בונאטי 500מל קוקוס אלוורה עץ תה,מיליליטרים,500.00,"100 מ""ל",false,10,22.90,4.5800,true,1,40418
7290114151658,false,סבון גוף בונאטי 500מ,,IL,סבון גוף בונאטי 500מל לעור יבש,מיליליטרים,500.00,"100 מ""ל",false,10,22.90,4.5800,true,1,40419
7290114151665,false,סבון ידיים בונאטי קו,,IL,סבון ידיים בונאטי קוקוס אלוורה עץ  500מל,מיליליטרים,500.00,"100 מ""ל",false,10,19.90,3.9800,true,1,40420
7290114151672,false,סבון ידיים בונאטי לב,,IL,סבון ידיים בונאטי לבנדר 500מל,מיליליטרים,500.00,"100 מ""ל",false,10,19.90,3.9800,true,1,28799
7290114152174,false,סבון ידיים בונאטי תפ,,IL,סבון ידיים בונאטי תפוז לימון 500מל,מיליליטרים,500.00,"100 מ""ל",false,10,19.90,3.9800,true,1,28800
7290114152181,false,סבון גוף בונאטי אורג,,IL,סבון גוף בונאטי אורגני 500מל תפוז לימון,מיליליטרים,500.00,"100 מ""ל",false,10,22.90,4.5800,true,1,28798
7290114291033,false,סט צנטרים אלומיניום,,,סט צנטרים אלומיניום,יחידה,1.00,יחידה,false,1,9.90,9.9000,true,1,31374
7290114291040,false,סט צנטרים פלסטיק צבע,,,סט צנטרים פלסטיק צבעוני,יחידה,1.00,יחידה,false,1,9.90,9.9000,true,1,31373
7290114310215,false,שמנת מתוקה 38% עמידה,טרה,,שמנת מתוקה 38% עמידה 250 מל***בקבוק,מיליליטרים,250.00,"100 מ""ל",false,1,6.47,2.5880,true,1,24749
7290114310222,false,חלב מועשר בסידן וויט,טרה,IL,חלב מועשר בסידן וויטמין די 1.5ליטר,מיליליטרים,1500.00,"100 מ""ל",false,6,11.90,0.7933,true,1,25299
7290114310239,false,חלב נטול לקטוז מועשר,טרה,IL,חלב נטול לקטוז מועשר וויטמין די 1.5ליטר,מיליליטרים,1500.00,"100 מ""ל",false,6,11.90,0.7933,true,1,25300
7290114310246,false,גבינת גרנה פדנו צאנק,,IT,גבינת גרנה פדנו צאנק 125גר צוריאל,גרמים,125.00,100 גרם,false,20,17.90,14.3200,true,1,29833
7290114310253,false,גבינת גרנה פדנו מגור,,IT,גבינת גרנה פדנו מגורדת 100גר צוריאל,גרמים,100.00,100 גרם,false,15,11.90,11.9000,true,1,29834
7290114310338,false,גבינה צפתית מעודנת 5,מחלבת משק צוריאל,IL,גבינה צפתית מעודנת 5% 225גר צוריאל,גרמים,225.00,100 גרם,false,1,17.90,7.9556,true,1,30113
7290114310345,false,מעדן מוו יוגורט בטעם,טרה,,מעדן מוו יוגורט בטעם תות 1.5% 125 גרם,גרמים,125.00,100 גרם,false,1,2.90,2.3200,true,1,27408
7290114310352,false,יוגורט מולר הוואן תפ,טרה,,יוגורט מולר הוואן תפוח פטל 120גר,מיליליטרים,120.00,"100 מ""ל",false,1,5.50,4.5833,true,1,32381
7290114310369,false,יוגורט מולר הוואן תו,טרה,,יוגורט מולר הוואן תות אננס 120גר,מיליליטרים,120.00,"100 מ""ל",false,1,5.50,4.5833,true,1,32382
7290114310376,false,יוגורט מולר הוואן מנ,טרה,,יוגורט מולר הוואן מנגו פסיפלורה 120גר,מיליליטרים,120.00,"100 מ""ל",false,1,5.50,4.5833,true,1,32383
7290114310482,false,גבינת נעם מעושנת 200,טרה,,גבינת נעם מעושנת 200 גרם,גרמים,200.00,100 גרם,false,1,19.90,9.9500,true,1,31266
7290114310499,false,יוגורט מולר מיקס פקא,טרה,,יוגורט מולר מיקס פקאן סיני מצופה 170גר,גרמים,170.00,100 גרם,false,1,5.90,3.4706,true,1,29062
7290114310536,false,יוגורט מולר אקטיב מע,טרה,IL,יוגורט מולר אקטיב מעושר חלבון 25גר וניל,גרמים,200.00,100 גרם,false,24,5.90,2.9500,true,1,29753
7290114310543,false,יוגורט מולר אקטיב מע,טרה,IL,יוגורט מולר אקטיב מעושר חלבון 22גר קפוצי,גרמים,200.00,100 גרם,false,24,5.90,2.9500,true,1,29754
7290114310550,false,גבינת פטה עיזים מעוד,מחלבת משק צוריאל,,גבינת פטה עיזים מעודנת 5% 200 גרם צוריאל,גרמים,200.00,100 גרם,false,1,24.90,12.4500,true,1,31261
7290114310567,false,לאבנה עיזים 200 גרם,מחלבת משק צוריאל,,לאבנה עיזים 200 גרם 5% צוריאל,גרמים,200.00,100 גרם,false,1,11.90,5.9500,true,1,31263
7290114310574,false,גבינת קרם שמנת עיזים,מחלבת משק צוריאל,,גבינת קרם שמנת עיזים 5% 200גר צוריאל,גרמים,200.00,100 גרם,false,1,11.90,5.9500,true,1,31262
7290114310611,false,משקה חלב בננה 250מל,טרה,,משקה חלב בננה 250מל טרה בקבוק,מיליליטרים,250.00,"100 מ""ל",false,1,5.80,2.3200,true,1,31264
7290114310628,false,משקה חלב וניל עוגיות,טרה,,משקה חלב וניל עוגיות 1 ליטר,ליטרים,1.00,ליטר,false,1,11.90,11.9000,true,1,30939
7290114310673,false,לאבנה 250 גר 9% שומן,טרה,IL,לאבנה 250 גר 9% שומן נעם,גרמים,250.00,100 גרם,false,,12.90,5.1600,true,1,30556
7290114310895,false,מאגדת מולר סימפלי פר,טרה,,מאגדת מולר סימפלי פרוט מנגו תות 8יח,קילוגרמים,1.20,"ק""ג",false,1,29.90,24.9167,true,1,38090
7290114310901,false,גבינה לבנה 5% 250 גר,טרה,,גבינה לבנה 5% 250 גרם***ווסטהיים,גרמים,250.00,100 גרם,false,1,4.98,1.9920,true,1,32879
7290114310918,false,גבינת קוטג 5% מועשר,טרה,,גבינת קוטג 5% מועשר 250 גרם ווסטהיים,גרמים,250.00,100 גרם,false,1,5.80,2.3200,true,1,32878
7290114310963,false,יוגורט עיזים 500 גרם,מחלבת משק צוריאל,IL,יוגורט עיזים 500 גרם בדלי 3.7%שומן,גרמים,500.00,100 גרם,false,1,14.90,2.9800,true,1,41619
7290114311014,false,משקה חלב אייס קפוצינ,טרה,,משקה חלב אייס קפוצינו 250מל טרה בקבוק,מיליליטרים,250.00,"100 מ""ל",false,1,5.80,2.3200,true,1,41501
7290114311021,false,משקה חלב וניל עוגיות,טרה,,משקה חלב וניל עוגיות 250מל טרה בקבוק,מיליליטרים,250.00,"100 מ""ל",false,1,5.80,2.3200,true,1,41502
7290114311045,false,מעדן מולר תות בננה ס,טרה,,מעדן מולר תות בננה סימפלי פרויט 150ג,גרמים,150.00,100 גרם,false,1,4.90,3.2667,true,1,40695
7290114311069,false,מעדן מולר אקטיב 25גר,טרה,IL,מעדן מולר אקטיב 25גר חלבון 0% שומן200גר,גרמים,200.00,100 גרם,false,24,5.50,2.7500,true,1,40760
7290114311076,false,חמאה מולר עם שום 200,טרה,,חמאה מולר עם שום 200גר,גרמים,200.00,100 גרם,false,1,11.90,5.9500,true,1,42127
7290114311083,false,חמאה מולר עם מלח 200,טרה,,חמאה מולר עם מלח 200גר,גרמים,200.00,100 גרם,false,1,11.90,5.9500,true,1,42126
7290114311090,false,יוגורט מולר נטורל עם,טרה,IL,יוגורט מולר נטורל עם גרנולה ודבש 177גר,גרמים,177.00,100 גרם,false,12,6.50,3.6723,true,1,39977
7290114311106,false,יוגורט מולר נטורל עם,טרה,IL,יוגורט מולר נטורל עם גרנולה וסילאן 177גר,גרמים,177.00,100 גרם,false,12,6.50,3.6723,true,1,39978
7290114311144,false,גבינת עיזים מה עז שו,מחלבת משק צוריאל,,גבינת עיזים מה עז שום שמיר 150גר 9%שומן,גרמים,150.00,100 גרם,false,1,22.90,15.2667,true,1,41506
7290114311151,false,גבינת עיזים מה עז כמ,מחלבת משק צוריאל,,גבינת עיזים מה עז כמהין 150גר 9%שומן,גרמים,150.00,100 גרם,false,1,22.90,15.2667,true,1,41505
7290114311175,false,גבינת נעם טעם זיתים,טרה,,גבינת נעם טעם זיתים 200 גרם,גרמים,200.00,100 גרם,false,1,19.90,9.9500,true,1,41504
7290114311182,false,גבינת תום עיזים 150ג,מחלבת משק צוריאל,,גבינת תום עיזים 150גר צוריאל,גרמים,150.00,100 גרם,false,1,24.90,16.6000,true,1,42117
7290114311199,false,גבינת גאודה עיזים 16,מחלבת משק צוריאל,,גבינת גאודה עיזים 160גר צוריאל,גרמים,160.00,100 גרם,false,1,22.90,14.3125,true,1,42119
7290114311205,false,גבינת תום עיזים ביין,מחלבת משק צוריאל,,גבינת תום עיזים ביין 160גר צוריאל,גרמים,160.00,100 גרם,false,1,28.90,18.0625,true,1,42118
7290114311298,false,יוגורט מולר פרופ תות,טרה,IL,יוגורט מולר פרופ תות בננה מלון 150גר,גרמים,150.00,100 גרם,false,1,4.90,3.2667,true,1,43601
7290114311304,false,יוגורט מולר פרופ מנג,טרה,IL,יוגורט מולר פרופ מנגו פסיפלורה בננה 150ג,גרמים,150.00,100 גרם,false,1,4.90,3.2667,true,1,43600
7290114311328,false,חלב דל לקטוז מועשר ב,טרה,,חלב דל לקטוז מועשר בויטמין די 1 ליטר,ליטרים,1.00,ליטר,false,1,7.90,7.9000,true,1,43675
7290114311359,false,יוגורט מולר פרופ קצי,טרה,IL,יוגורט מולר פרופ קציפת מנגו 150גר,גרמים,150.00,100 גרם,false,1,4.90,3.2667,true,1,43602
7290114311458,false,חלב מועשר וויטמין די,טרה,,חלב מועשר וויטמין די 1ליטר קרטון 3%שומן,ליטרים,1.00,ליטר,false,1,7.90,7.9000,true,1,44087
7290114311496,false,חלב מועשר 1ליטר קרטו,טרה,,חלב מועשר 1ליטר קרטון 1%שומן,ליטרים,1.00,ליטר,false,1,7.90,7.9000,true,1,44086
7290114600750,false,חטיף פריי קו קווים פ,ויטה ויגור,IT,חטיף פריי רור ווים עם פיקורינו 150 גרם,גרמים,150.00,100 גרם,false,12,11.90,7.9333,true,1,25787
7290114600767,false,חטיף פריי קו קווים ע,ויטה ויגור,IT,חטיף פריי קו קווים עגבניות זיתים 150 גרם,גרמים,150.00,100 גרם,false,12,11.90,7.9333,true,1,25788
7290114600774,false,חטיף פריי קו קווים ר,ויטה ויגור,IT,חטיף פריי קו קווים רוזמרין 150 גרם,גרמים,150.00,100 גרם,false,12,11.90,7.9333,true,1,25789
7290114600927,false,עלי טורטיה חיטה מלאה,אלקאטי קורביישיסי גי,,עלי טורטיה חיטה מלאה 8 יח 320 גר,גרמים,320.00,100 גרם,false,1,10.90,3.4063,true,1,27419
7290114600989,false,רוטב אלף האיים מאסטר,רמייה,NL,רוטב אלף האיים מאסטר שף 257 גרם,גרמים,257.00,100 גרם,false,6,9.90,3.8521,true,1,27870
7290114600996,false,רוטב שום מאסטר שף 25,רמייה,NL,רוטב שום מאסטר שף 256 גרם,גרמים,256.00,100 גרם,false,6,9.90,3.8672,true,1,27869
7290114602648,false,חטיף פרי תפוח עץ וקי,,PL,חטיף פרי תפוח עץ וקינמון  קראנצ  22 גר,יחידה,1.00,יחידה,false,1,5.90,5.9000,true,1,29162
7290114602778,false,חטיף פרי סליסים ציפס,,ES,חטיף פרי סליסים ציפס ירקות שורש 90 גרם,Unknown,0.00,Unknown,false,10,12.90,0.0000,true,1,32921
7290114602785,false,חטיף פרי סליסים ציפס,,ES,חטיף פרי סליסים ציפס בננה מלוח 90 גרם,Unknown,0.00,Unknown,false,14,12.90,0.0000,true,1,32920
7290114602952,false,קרקר מיניס פריי פריך,אפיפית,IL,קרקר מיניס פריי פריך מאפונה 120 גרם,גרמים,120.00,100 גרם,false,12,11.90,9.9167,true,1,29088
7290114602976,false,קרקר מיניס פריי פריך,אפיפית,IL,קרקר מיניס פריי פריך מחומוס 120 גרם,גרמים,120.00,100 גרם,false,12,11.90,9.9167,true,1,29089
7290114603034,false,גרנולה פריי אגוז צימ,"אפקטבעי בע""מ",IL,גרנולה פרי אגוז צימוק וחמוציות 300 גרם,גרמים,300.00,100 גרם,false,15,14.90,4.9667,true,1,29087
7290114603041,false,גרנולה פריי בוטן אגו,"אפקטבעי בע""מ",IL,רוטב קארי ירוק מאסטר שף 340 גרם,גרמים,300.00,100 גרם,false,15,14.90,4.9667,true,1,29086
7290114603492,false,רוטב סויה מאסטר שף 1,,TH,רוטב סויה מאסטר שף 100 מל,מיליליטרים,100.00,"100 מ""ל",false,50,4.90,4.9000,true,1,31538
7290114603508,false,רוטב להקפצה מאסטר שף,,,רוטב להקפצה מאסטר שף 300 מל,מיליליטרים,300.00,"100 מ""ל",false,12,9.90,3.3000,true,1,27420
7290114603522,false,רוטב קארי ירוק מאסטר,,TH,רוטב קארי ירוק מאסטר שף 340 גרם,גרמים,340.00,100 גרם,false,12,14.90,4.3824,true,1,29085
7290114603539,false,קרוטונים למרק מאסטר,EinatFood,IL,קרוטונים למרק מאסטר שף שום בצל 350 גרם,גרמים,350.00,100 גרם,false,12,17.90,5.1143,true,1,27412
7290114603553,false,עגבניות חתוכות מאסטר,פראנו אנריקו ופיגלי,IT,עגבניות חתוכות מאסטר שף 800 גרם,גרמים,800.00,100 גרם,false,12,8.90,1.1125,true,1,29873
7290114603591,false,חטיף מנה פוף טעם קטש,Mana,,חטיף מנה פוף טעם קטשופ 40 גר,Unknown,0.00,Unknown,false,1,3.90,0.0000,true,1,25793
7290114603607,false,חטיף מנה פוף טעם חמו,Mana,,חטיף מנה פוף טעם חמוץ חריף 40 גר,Unknown,0.00,Unknown,false,1,3.90,0.0000,true,1,25794
7290114603768,false,מארז 2יח אגקס שירותי,,,מארז 2יח אגקס שירותים 750מל,מיליליטרים,500.00,"100 מ""ל",false,6,24.90,4.9800,true,1,25727
7290114604222,false,מארז מש. שיניים קולג,CP-Poland swidnica,PL,מארז מש. שיניים קולגיט אופטיק וייט 75מל,מיליליטרים,150.00,"100 מ""ל",false,12,44.90,29.9333,true,1,26439
7290114604857,false,דפי אורז עגול מאסטר,,VN,דפי אורז עגול מאסטר שף 22 סמ 400 גרם,גרמים,400.00,100 גרם,false,24,13.90,3.4750,true,1,29853
7290114604864,false,קוסקוס סולת דק מאסטר,דוידוביץ,IL,קוסקוס סולת דק מאסטר שף 340 גר,גרמים,340.00,100 גרם,false,24,5.90,1.7353,true,1,29874
7290114604871,false,קוסקוס סולת בינוני מ,דוידוביץ,IL,קוסקוס סולת בינוני מאסטר שף 340 גר,גרמים,340.00,100 גרם,false,24,5.90,1.7353,true,1,29875
7290114604895,false,ממרח מיונז ספייסי לח,רמייה,NL,ממרח מיונז ספייסי לחיץ מאסטר שף 446 גרם,גרמים,446.00,100 גרם,false,6,12.90,2.8924,true,1,31683
7290114604901,false,ממרח מיונז שום לחיץ,רמייה,NL,ממרח מיונז שום לחיץ מאסטר שף 446 גרם,גרמים,444.00,100 גרם,false,6,12.90,2.9054,true,1,31684
7290114604925,false,קרם קוקוס לייט מאסטר,THAI COCONUT CO,TH,קרם קוקוס לייט מאסטר שף 400 מל,מיליליטרים,400.00,"100 מ""ל",false,24,8.90,2.2250,true,1,37470
7290114604932,false,רוטב ברביקיו דבש מאס,רמייה,,רוטב ברביקיו דבש מאסטר שף 520 גרם,גרמים,520.00,100 גרם,false,1,12.90,2.4808,true,1,31689
7290114604949,false,רוטב ברביקיו מאסטר ש,רמייה,,רוטב ברביקיו מאסטר שף 524 גרם,גרמים,524.00,100 גרם,false,1,12.90,2.4618,true,1,31688
7290114604963,false,פירורי לחם מתובלים מ,EinatFood,,פירורי לחם מתובלים מאסטר שף 230 גרם,גרמים,230.00,100 גרם,false,1,7.90,3.4348,true,1,29852
7290114605342,false,רפידות הנקה פירסט סמ,,CN,רפידות הנקה פירסט סמייל גודל מדיום 50יח,יחידה,50.00,יחידה,false,24,27.90,0.5580,true,1,31991
7290114605359,false,רפידות הנקה פירסט סמ,,CN,רפידות הנקה פירסט סמייל גודל לארג 50יח,יחידה,50.00,יחידה,false,24,27.90,0.5580,true,1,31992
7290114605533,false,משטח חיתוך חד פעמי ק,,CN,משטח חיתוך חד פעמי קוקי,יחידה,1.00,יחידה,false,16,19.90,19.9000,true,1,40960
7290114605571,false,תבניות אפיה מתקפלות,,IL,תבניות אפיה מתקפלות קוקי 5יח 9/31סמ,יחידה,5.00,יחידה,false,28,10.90,2.1800,true,1,30635
7290114606387,false,מארז 2יח מש. שיניים,קולגייט פלמוליב,PL,מארז 2יח מש. שיניים אופטיק וויט פחם 75מל,מיליליטרים,150.00,"100 מ""ל",false,24,44.90,29.9333,true,1,30637
7290114606530,false,ממרח מיו קטש לחיץ מא,רמייה,NL,ממרח מיו קטש לחיץ מאסטר שף 515 גרם,גרמים,515.00,100 גרם,false,6,12.90,2.5049,true,1,31686
7290114606547,false,ממרח מיונז כמהין לחי,רמייה,NL,ממרח מיונז כמהין לחיץ מאסטר שף 242 גרם,גרמים,242.00,100 גרם,false,6,12.90,5.3306,true,1,31685
7290114606554,false,מיונז מאסטר שף לייט,רמייה,,מיונז מאסטר שף לייט לחיץ הולנדי 470 גרם,גרמים,470.00,100 גרם,false,1,12.90,2.7447,true,1,31687
7290114606561,false,אטריות אורז דקות  מא,,TH,אטריות אורז דקות  מאסטר שף 400ג,גרמים,400.00,100 גרם,false,30,7.90,1.9750,true,1,37463
7290114607391,false,משחת שיניים קולגייט,קולגייט פלמוליב,MX,משחת שיניים קולגייט ילדים ברבי 75מל,Unknown,0.00,Unknown,false,12,15.90,0.0000,true,1,32653
7290114608022,false,מארז 2יח דאוד. ספיד,,US,מארז 2יח דאוד. ספיד סטיק ירוק פרש פאוור,גרמים,102.00,100 גרם,false,6,23.90,23.4314,true,1,30639
7290114608060,false,מארז 2יח דאוד. ספיד,,US,מארז 2יח דאוד. ספיד סטיק אלוורה 45גר,Unknown,0.00,Unknown,false,6,23.90,0.0000,true,1,30642
7290114608121,false,קרקר מיניס פריי פריך,אפיפית,IL,קרקר מיניס פריי פריך עדשים כתומות 120 גרם,גרמים,120.00,100 גרם,false,12,11.90,9.9167,true,1,32611
7290114608169,false,גרנולה פריי קפה קקאו,"אפקטבעי בע""מ",IL,גרנולה פריי קפה קקאו ואגוז 300 גרם,גרמים,300.00,100 גרם,false,15,14.90,4.9667,true,1,39263
7290114608657,false,סילאן טבעי מאסטר שף,,AE,סילאן טבעי מאסטר שף 700 גרם צנצנת,גרמים,700.00,100 גרם,false,12,19.90,2.8429,true,1,39419
7290114608671,false,סילאן טבעי מאסטר שף,,AE,סילאן טבעי מאסטר שף לחיץ 470 גרם,גרמים,470.00,100 גרם,false,12,14.90,3.1702,true,1,38670
7290114608695,false,מיונז לחיץ מאסטר שף,רמייה,NL,מיונז לחיץ מאסטר שף עם וואסבי 241 גרם,גרמים,241.00,100 גרם,false,6,12.90,5.3527,true,1,37464
7290114659949,false,מארז 50יח מסכות פנים,,,מארז 50יח מסכות פנים כירוגיות 3 שכבות,יחידה,50.00,יחידה,false,1,9.90,0.1980,true,1,38127
7290114750820,false,דאודורנט גילט קליר ג,,,דאודורנט גילט קליר גל 2יח ארטיק אייס,יחידה,2.00,יחידה,false,3,26.90,13.4500,true,1,43547
7290115073676,false,מארז 50יח מסכות פנים,,,מארז 50יח מסכות פנים צבעוניות שחורות,יחידה,50.00,יחידה,false,1,10.90,0.2180,true,1,27864
7290115077131,false,מארז 40יח מסכות פנים,,,מארז 40יח מסכות פנים צבעוניות לילדים,יחידה,40.00,יחידה,false,1,10.90,0.2725,true,1,28342
7290115200003,false,פתי בר פינוקי וניל 2,דיקסר,,פתי בר פינוקי וניל 220 גרם,גרמים,220.00,100 גרם,false,1,10.90,4.9545,true,1,27656
7290115200027,false,פתי בר פינוקי שוקו 2,דיקסר,,פתי בר פינוקי שוקו 220 גרם,גרמים,220.00,100 גרם,false,1,10.90,4.9545,true,1,27657
7290115200188,false,זוג מרק נמס אוסם עגב,"אסם תעשיות בע""מ",,זוג מרק נמס אוסם עגבניות פיקנטי 40 גר,Unknown,0.00,Unknown,false,1,5.50,0.0000,true,1,28445
7290115200928,false,חטיף ביסלי מיקס קראנ,"אסם תעשיות בע""מ",,חטיף ביסלי מיקס קראנץ 150 גר,גרמים,150.00,100 גרם,false,1,7.90,5.2667,true,1,39863
7290115201031,false,פתי בר דובי שוקולד 1,דיקסר,,פתי בר דובי שוקולד 175 גרם,גרמים,175.00,100 גרם,false,1,10.90,6.2286,true,1,31079
7290115201451,false,ארוחת לביבות בטטה קא,טבעול ישראל,IL,ארוחת לביבות בטטה קארי טבעול גורמה 455גר,גרמים,455.00,100 גרם,false,6,32.90,7.2308,true,1,40782
7290115201475,false,ארוחת לביבות כרישה ט,טבעול ישראל,IL,ארוחת לביבות כרישה טבעול גורמה 434גר,גרמים,434.00,100 גרם,false,6,32.90,7.5806,true,1,40783
7290115201536,false,ארוחת לביבות כרובית,טבעול ישראל,IL,ארוחת לביבות כרובית תפוא טבעול גורמה442ג,גרמים,442.00,100 גרם,false,6,32.90,7.4434,true,1,40784
7290115201550,false,חטיף ביסלי קרנבל מיק,"אסם תעשיות בע""מ",,חטיף ביסלי קרנבל מיקס 200 גר,גרמים,150.00,100 גרם,false,1,7.90,5.2667,true,1,28524
7290115201680,false,חטיף ביסלי ברביקיו70,"אסם תעשיות בע""מ",,חטיף ביסלי ברביקיו70גרם,Unknown,0.00,Unknown,false,1,4.30,0.0000,true,1,28529
7290115201703,false,חטיף ביסלי ברביקיו 2,"אסם תעשיות בע""מ",,חטיף ביסלי ברביקיו 200 גרם,גרמים,200.00,100 גרם,false,1,7.90,3.9500,true,1,28527
7290115201727,false,חטיף ביסלי בצל 200 ג,"אסם תעשיות בע""מ",,חטיף ביסלי בצל 200 גרם,גרמים,200.00,100 גרם,false,1,7.90,3.9500,true,1,28526
7290115201741,false,חטיף ביסלי בצל 70גרם,"אסם תעשיות בע""מ",,חטיף ביסלי בצל 70גרם,Unknown,0.00,Unknown,false,1,4.30,0.0000,true,1,28528
7290115201864,false,חטיף במבה נוגט אינסי,"אסם תעשיות בע""מ",,חטיף במבה נוגט אינסייד אאוט 60 גרם,גרמים,60.00,100 גרם,false,1,4.50,7.5000,true,1,39861
7290115202212,false,ארוחת לביבות סלק טבע,טבעול ישראל,IL,ארוחת לביבות סלק טבעול גורמה 434גר,גרמים,434.00,100 גרם,false,6,32.90,7.5806,true,1,40785
7290115202236,false,טבעול טופו קראנצים 4,טבעול ישראל,,טבעול טופו קראנצים 470גר,גרמים,470.00,100 גרם,false,6,32.90,7.0000,true,1,32516
7290115202250,false,טבעול טופו קראנצים צ,טבעול ישראל,,טבעול טופו קראנצים צילי פיקנטי 470גר,גרמים,470.00,100 גרם,false,6,32.90,7.0000,true,1,32518
7290115202304,false,אטריות נודלס אורז מר,זארה,,אטריות נודלס אורז מרובעות כלפ 230 גרם,גרמים,230.00,100 גרם,false,1,10.90,4.7391,true,1,30118
7290115202434,false,סלט חומוס עם זעתר 37,צבר,,סלט חומוס עם זעתר 375גר צבר,גרמים,375.00,100 גרם,false,1,10.90,2.9067,true,1,30478
7290115202687,false,סלט חומוס עם חריף 37,צבר,,סלט חומוס עם חריף 375גר צבר,גרמים,375.00,100 גרם,false,1,10.90,2.9067,true,1,30479
7290115202762,false,פרפקטו ניוקי טריקולו,איטלניוקי,,פרפקטו ניוקי טריקולור 500 גרם,גרמים,500.00,100 גרם,false,1,11.90,2.3800,true,1,41575
7290115202939,false,מנה חמה רייס נודלס ע,"אסם תעשיות בע""מ",TH,מנה חמה רייס נודלס עוף פטריות 50 גר,Unknown,0.00,Unknown,false,12,7.90,0.0000,true,1,39533
7290115202953,false,מנה חמה רייס נודלס ק,"אסם תעשיות בע""מ",TH,מנה חמה רייס נודלס קארי צהוב 55 גר,Unknown,0.00,Unknown,false,12,7.90,0.0000,true,1,39535
7290115203134,false,פופקו פופקורן במבה80,"אסם תעשיות בע""מ",,פופקו פופקורן במבה80 ג,Unknown,0.00,Unknown,false,1,4.90,0.0000,true,1,31644
7290115203172,false,חטיף במבה פרו 80 גרם,"אסם תעשיות בע""מ",,חטיף במבה פרו 80 גרם,Unknown,0.00,Unknown,false,1,4.50,0.0000,true,1,43595
7290115203387,false,פתיתים בסגנון אסיאתי,"אסם תעשיות בע""מ",,פתיתים בסגנון אסיאתי 400 גרם,גרמים,400.00,100 גרם,false,1,7.90,1.9750,true,1,31651
7290115203486,false,פירורית טעם ביסלי גר,עינת,,פירורית טעם ביסלי גריל 200 גרם,גרמים,200.00,100 גרם,false,1,5.90,2.9500,true,1,32080
7290115203806,false,רוטב בסיס אוסם 290 מ,"אסם תעשיות בע""מ",,רוטב בסיס אוסם 290 מל,מיליליטרים,290.00,"100 מ""ל",false,1,12.90,4.4483,true,1,38077
7290115203936,false,קטשופ אוסם מופחת סוכ,"אסם תעשיות בע""מ",,קטשופ אוסם מופחת סוכר כשלפ 690 גר,גרמים,690.00,100 גרם,false,1,10.90,1.5797,true,1,30142
7290115204056,false,קטשופ אוסם 56%פחות ס,"אסם תעשיות בע""מ",,קטשופ אוסם 56%פחות סוכר 690 גר,גרמים,690.00,100 גרם,false,1,10.90,1.5797,true,1,31377
7290115204131,false,סחוג ירוק 190גר צבר,צבר,IL,סחוג ירוק 190גר צבר,גרמים,190.00,100 גרם,false,6,10.90,5.7368,true,1,40204
7290115204155,false,סחוג אדום 190גר צבר,צבר,IL,סחוג אדום 190גר צבר,גרמים,190.00,100 גרם,false,6,10.90,5.7368,true,1,40202
7290115204186,false,ממרח פסטו 190גר צבר,צבר,IL,ממרח פסטו 190גר צבר,גרמים,190.00,100 גרם,false,6,14.90,7.8421,true,1,40200
7290115204247,false,ממרח עגבניות מיובשות,צבר,IL,ממרח עגבניות מיובשות 190גר צבר,גרמים,190.00,100 גרם,false,6,14.90,7.8421,true,1,40201
7290115204261,false,אריסה 190גר צבר,צבר,IL,אריסה 190גר צבר,גרמים,190.00,100 גרם,false,6,10.90,5.7368,true,1,40203
7290115204582,false,סלט טחינה ירוקה 350ג,צבר,IL,סלט טחינה ירוקה 350גר צבר,גרמים,350.00,100 גרם,false,6,12.90,3.6857,true,1,31328
7290115204636,false,קטשופ אוסם לפיצה 690,"אסם תעשיות בע""מ",,קטשופ אוסם לפיצה 690 גרם,גרמים,690.00,100 גרם,false,1,11.90,1.7246,true,1,38078
7290115204957,false,לחמית איטלקית 160 גר,"אסם תעשיות בע""מ",,לחמית איטלקית 160 גרם,גרמים,160.00,100 גרם,false,1,9.90,6.1875,true,1,41453
7290115205176,false,קרקר פיטנס דק כפרי 1,,,קרקר פיטנס דק כפרי 140 גרם,גרמים,140.00,100 גרם,false,1,10.90,7.7857,true,1,38486
7290115205251,false,פריכיות פיטנס בר קרמ,פרח תעשיות,,פריכיות פיטנס בר קרמל מלוח 84 גר,Unknown,0.00,Unknown,false,1,11.90,0.0000,true,1,44098
7290115205312,false,קרקר פיטנס דק זיתים,,,קרקר פיטנס דק זיתים 140 גרם,גרמים,140.00,100 גרם,false,1,10.90,7.7857,true,1,41455
7290115205435,false,לאבנה עם חציל על האש,צבר,IL,לאבנה עם חציל על האש 220גר צבר,גרמים,220.00,100 גרם,false,6,15.90,7.2273,true,1,40224
7290115205695,false,בצק מצונן לפיצה 460ג,בונז'ור,IL,בצק מצונן לפיצה 460גר בונזור,גרמים,460.00,100 גרם,false,10,18.90,4.1087,true,1,40377
7290115205718,false,בצק עלים מצונן 230גר,בונז'ור,IL,בצק עלים מצונן 230גר בונזור,גרמים,230.00,100 גרם,false,10,14.90,6.4783,true,1,40378
7290115205978,false,פתי בר אצבעות שוקולד,דיקסר,,פתי בר אצבעות שוקולד 180 גרם,גרמים,180.00,100 גרם,false,1,10.90,6.0556,true,1,40514
7290115206135,false,ארוחת קינואה טבעול ג,טבעול ישראל,IL,ארוחת קינואה טבעול גורמה 450גר,גרמים,450.00,100 גרם,false,8,32.90,7.3111,true,1,40781
7290115206333,false,עוגיות מיני שוקוציפס,כרמית,,עוגיות מיני שוקוציפס 225 ג,גרמים,225.00,100 גרם,false,1,9.90,4.4000,true,1,40513
7290115206708,false,חטיף במבה נוגט אינסי,"אסם תעשיות בע""מ",,חטיף במבה נוגט אינסייד אאוט 130 גר,גרמים,130.00,100 גרם,false,1,10.90,8.3846,true,1,39862
7290115206852,false,חטיף ביסלי ציז סטיקס,"אסם תעשיות בע""מ",,חטיף ביסלי ציז סטיקס 70 גרם,Unknown,0.00,Unknown,false,1,4.30,0.0000,true,1,43594
7290115206890,false,חטיף ביסלי המבורגר 7,"אסם תעשיות בע""מ",,חטיף ביסלי המבורגר 70 גרם,Unknown,0.00,Unknown,false,1,4.30,0.0000,true,1,43593
7290115206913,false,מארז נסקפה טסטר צויס,נסטלה קוריאה - קפה,,מארז נסקפה טסטר צויס 200 גרם+כוס קפה לדר,גרמים,200.00,100 גרם,false,1,29.90,14.9500,true,1,39867
7290115207149,false,חטיף במבה אפרופו מיק,"אסם תעשיות בע""מ",,חטיף במבה אפרופו מיקס 100 גרם,גרמים,100.00,100 גרם,false,1,8.90,8.9000,true,1,38488
7290115207361,false,ביסקויט פתי בר פיסטו,"אסם תעשיות בע""מ",,ביסקויט פתי בר פיסטוק 500 גרם,גרמים,500.00,100 גרם,false,1,11.90,2.3800,true,1,41471
7290115207460,false,סלט חציל פיקנטי 360ג,צבר,,סלט חציל פיקנטי 360גר היתר מכירה צבר,גרמים,360.00,100 גרם,false,1,15.90,4.4167,true,1,40206
7290115207484,false,סלט חציל על האש 400ג,צבר,,סלט חציל על האש 400גר היתר מכירה צבר,גרמים,400.00,100 גרם,false,1,15.90,3.9750,true,1,40207
7290115207507,false,סלט טורקי 360גר צבר,צבר,,סלט טורקי 360גר צבר,גרמים,360.00,100 גרם,false,1,15.90,4.4167,true,1,40205
7290115207620,false,רוטב סויה קלאסי אוסם,"אסם תעשיות בע""מ",,רוטב סויה קלאסי אוסם 290 מל,מיליליטרים,290.00,"100 מ""ל",false,1,12.90,4.4483,true,1,41461
7290115207682,false,רוטב סויה סגנון סיני,"אסם תעשיות בע""מ",,רוטב סויה סגנון סיני 290 מל,מיליליטרים,290.00,"100 מ""ל",false,1,10.90,3.7586,true,1,41459
7290115207743,false,ערגליות פונץ בננה 30,"אסם תעשיות בע""מ",,ערגליות פונץ בננה 300 גרם,גרמים,300.00,100 גרם,false,1,9.90,3.3000,true,1,40512
7290115207798,false,בורגר חריף טבעול טבע,טבעול ישראל,IL,בורגר חריף טבעול טבעוני 420גר,גרמים,420.00,100 גרם,false,6,32.90,7.8333,true,1,41100
7290115207811,false,נקניקיות טבעול טבעונ,טבעול ישראל,,נקניקיות טבעול טבעוניות 418גר,גרמים,680.00,100 גרם,false,1,32.90,4.8382,true,1,41542
7290115207941,false,סירופ ויטמינציק אננס,בית השיטה,IL,סירופ ויטמינציק אננס 1 ל,ליטרים,1.00,ליטר,false,12,19.90,19.9000,true,1,40135
7290115207965,false,סירופ ויטמינציק מנגו,בית השיטה,IL,סירופ ויטמינציק מנגו אפרסק 1 ל,ליטרים,1.00,ליטר,false,12,19.90,19.9000,true,1,40138
7290115207989,false,סירופ ויטמינציק לימו,בית השיטה,IL,סירופ ויטמינציק לימון 1 ל,ליטרים,1.00,ליטר,false,12,19.90,19.9000,true,1,40136
7290115208009,false,סירופ ויטמינציק ענבי,בית השיטה,IL,סירופ ויטמינציק ענבים 1 ל,ליטרים,1.00,ליטר,false,12,19.90,19.9000,true,1,40139
7290115208047,false,סירופ ויטמינציק פטל,בית השיטה,IL,סירופ ויטמינציק פטל 1 ל,ליטרים,1.00,ליטר,false,12,19.90,19.9000,true,1,40134
7290115208061,false,סירופ ויטמינציק תפוח,בית השיטה,IL,סירופ ויטמינציק תפוח 1 ל,ליטרים,1.00,ליטר,false,12,19.90,19.9000,true,1,40137
7290115209198,false,חטיף במבה אורירית 80,"אסם תעשיות בע""מ",,חטיף במבה אורירית 80 גרם,Unknown,0.00,Unknown,false,1,4.50,0.0000,true,1,42324
7290115209235,false,ביסקויט פתי בר קפה 5,"אסם תעשיות בע""מ",,ביסקויט פתי בר קפה 500 גרם,גרמים,500.00,100 גרם,false,1,11.90,2.3800,true,1,44099
7290115209273,false,חטיף במבה במילוי איי,"אסם תעשיות בע""מ",,חטיף במבה במילוי אייס קפה 60 גר,גרמים,60.00,100 גרם,false,1,4.50,7.5000,true,1,43598
7290115209358,false,חטיף במבה במילוי ברא,"אסם תעשיות בע""מ",,חטיף במבה במילוי בראוניז 60 גר,גרמים,60.00,100 גרם,false,1,4.50,7.5000,true,1,44522
7290115209372,false,חטיף במבה במילוי ברא,"אסם תעשיות בע""מ",,חטיף במבה במילוי בראוניז 150 גר,גרמים,150.00,100 גרם,false,1,10.90,7.2667,true,1,44523
7290115250503,false,קרקר כוסמין שום עשבי,"מאפיית פת במלח בע""מ",IL,קרקר כוסמין שום עשבי תיבול 225 גרם,גרמים,225.00,100 גרם,false,10,22.90,10.1778,true,1,25016
7290115250527,false,קרקר חומוס פתפותים 2,"מאפיית פת במלח בע""מ",IL,קרקר חומוס פתפותים 225 גרם,גרמים,225.00,100 גרם,false,10,22.90,10.1778,true,1,42329
7290115251227,false,קרקר חומוס מתובל פתפ,"מאפיית פת במלח בע""מ",IL,קרקר חומוס מתובל פתפותים 225 גרם,גרמים,225.00,100 גרם,false,10,22.90,10.1778,true,1,42328
7290115252330,false,קינואה וירו עם ירקות,,PE,קינואה וירו עם ירקות קלויים 470 גרם,גרמים,470.00,100 גרם,false,12,13.90,2.9574,true,1,39053
7290115252354,false,קינואה וירו עם זוקינ,,PE,קינואה וירו עם זוקיני ובצל 470 גרם,גרמים,470.00,100 גרם,false,12,13.90,2.9574,true,1,39054
7290115252378,false,קינואה וירו מנגו לבב,,PE,קינואה וירו מנגו לבבות דקל 470 גרם,גרמים,470.00,100 גרם,false,12,13.90,2.9574,true,1,39055
7290115252460,false,מקלות כוסמין פתפותים,"מאפיית פת במלח בע""מ",IL,מקלות כוסמין פתפותים 200 גרם,גרמים,200.00,100 גרם,false,15,19.90,9.9500,true,1,42331
7290115252477,false,מקלות כוסמין וזיתים,"מאפיית פת במלח בע""מ",IL,מקלות כוסמין וזיתים פתפותים200 גרם,גרמים,200.00,100 גרם,false,15,19.90,9.9500,true,1,42332
7290115252484,false,עוגת פאי פיצוחים פתפ,"מאפיית פת במלח בע""מ",IL,עוגת פאי פיצוחים פתפותים 400 גרם,גרמים,400.00,100 גרם,false,15,44.90,11.2250,true,1,42333
7290115252491,false,עוגת פאי שקדים פתפות,"מאפיית פת במלח בע""מ",IL,עוגת פאי שקדים פתפותים 400 גרם,גרמים,400.00,100 גרם,false,15,44.90,11.2250,true,1,42334
7290115252514,false,עוגת פאי פקאן פתפותי,"מאפיית פת במלח בע""מ",IL,עוגת פאי פקאן פתפותים 400 גרם,גרמים,400.00,100 גרם,false,15,44.90,11.2250,true,1,42335
7290115252750,false,מקלות כוסמין פתפותים,"מאפיית פת במלח בע""מ",IL,מקלות כוסמין פתפותים תרד ובצל 200 גרם,גרמים,200.00,100 גרם,false,15,19.90,9.9500,true,1,43583
7290115252774,false,כדורי ממה תמר ממולא,ממה חטיפי אנרגיה,IL,כדורי ממה תמר ממולא קקאו ח.בוטני 220 גרם,גרמים,220.00,100 גרם,false,6,25.90,11.7727,true,1,43586
7290115252781,false,כדורי ממה שקדים ממול,ממה חטיפי אנרגיה,IL,כדורי ממה שקדים ממולא תות לימון 220 גרם,גרמים,220.00,100 גרם,false,6,25.90,11.7727,true,1,43585
7290115252866,false,מקלות כוסמין פתפותים,"מאפיית פת במלח בע""מ",IL,מקלות כוסמין פתפותים שום שחור 200 גרם,גרמים,200.00,100 גרם,false,15,19.90,9.9500,true,1,43584
7290115254693,false,מאגדת סוכריות גוי לק,,CN,מאגדת סוכריות גוי לקישוט מסיבה160 גרם,גרמים,160.00,100 גרם,false,12,19.90,12.4375,true,1,42316
7290115254709,false,מאגדת סוכריות גוי לק,,CN,מאגדת סוכריות גוי לקישוט קלאסי 160 גרם,גרמים,165.00,100 גרם,false,12,19.90,12.0606,true,1,42317
7290115254716,false,מאגדת סוכריות גוי לק,,CN,מאגדת סוכריות גוי לקישוט כחול 160 גרם,גרמים,160.00,100 גרם,false,12,19.90,12.4375,true,1,42314
7290115254723,false,מאגדת סוכריות גוי לק,,CN,מאגדת סוכריות גוי לקישוט ורוד 160 גרם,גרמים,160.00,100 גרם,false,12,19.90,12.4375,true,1,42315
7290115254822,false,סוכריות גוי לקישוט צ,,CN,סוכריות גוי לקישוט צבעוני 100 גרם,גרמים,100.00,100 גרם,false,12,12.90,12.9000,true,1,42319
7290115254839,false,סוכריות גוי לקישוט ב,,CN,סוכריות גוי לקישוט בת הים 100 גרם,גרמים,100.00,100 גרם,false,12,12.90,12.9000,true,1,42321
7290115254846,false,סוכריות גוי לקישוט ל,,CN,סוכריות גוי לקישוט לבבות מיני 120 גרם,גרמים,120.00,100 גרם,false,12,12.90,10.7500,true,1,42318
7290115254860,false,סוכריות גוי לקישוט כ,,CN,סוכריות גוי לקישוט כוכבים מיני 90 גרם,Unknown,0.00,Unknown,false,12,12.90,0.0000,true,1,42320
7290115259179,false,טופי פנסטרס מלוח 100,,IL,טופי פנסטרס מלוח 100 גרם עבודת יד,גרמים,100.00,100 גרם,false,5,19.90,19.9000,true,1,38869
7290115259186,false,טופי פנסטרס אספרסו 1,,IL,טופי פנסטרס אספרסו 100 גרם עבודת יד,גרמים,100.00,100 גרם,false,5,19.90,19.9000,true,1,38872
7290115259193,false,טופי פנסטרס פירות יע,,IL,טופי פנסטרס פירות יער 100 גרם עבודת יד,גרמים,100.00,100 גרם,false,5,19.90,19.9000,true,1,38871
7290115259209,false,טופי פנסטרס לבנד 100,,IL,טופי פנסטרס לבנד 100 גרם עבודת יד,גרמים,100.00,100 גרם,false,5,19.90,19.9000,true,1,38870
7290115480009,false,מרכך כביסה סוד מרוכז,הנקל,IL,מרכך כביסה סוד מרוכז 900מל פרש ירוק,מיליליטרים,900.00,"100 מ""ל",false,12,11.90,1.3222,true,1,39489
7290115620023,false,זוג מחבתות אישיות 16,,,זוג מחבתות אישיות 16סמ אוורי דאיי מיני,יחידה,2.00,יחידה,false,1,76.90,38.4500,true,1,39678
7290115620238,false,מטרפה מנירוסטה 23סמ,,,מטרפה מנירוסטה 23סמ פוד אפיל,יחידה,1.00,יחידה,false,1,24.90,24.9000,true,1,42361
7290115620436,false,תבנית פיצה מחוררה 32,,,תבנית פיצה מחוררה 32סמ דולצה איטליאנו,יחידה,1.00,יחידה,false,1,39.90,39.9000,true,1,38923
7290115620689,false,צנצנת לתבלינים 100מל,,,צנצנת לתבלינים 100מל סאגה פוד אפל,יחידה,1.00,יחידה,false,1,7.50,7.5000,true,1,38743
7290115620832,false,מטחנת מלח/פלפל אלקטר,,,מטחנת מלח/פלפל אלקטרונית עם מנגנון גריסה,יחידה,1.00,יחידה,false,1,52.90,52.9000,true,1,38975
7290115620863,false,זוג מטחנות מלח/פלפל,,,זוג מטחנות מלח/פלפל עץ אלון טבעי פוד אפל,יחידה,2.00,יחידה,false,1,82.90,41.4500,true,1,39026
7290115620870,false,זוג מטחנות מלח/פלפל,,,זוג מטחנות מלח/פלפל עץ אלון שחור פוד אפל,יחידה,2.00,יחידה,false,1,99.90,49.9500,true,1,39044
7290115620917,false,פינגאן 0.9ליטר קפה ק,,,פינגאן 0.9ליטר קפה קולקטשיין פוד אפל,יחידה,1.00,יחידה,false,1,41.90,41.9000,true,1,38930
7290115620924,false,פינגאן 1.3ליטר פוד א,,,פינגאן 1.3ליטר פוד אפל קופי קולקטשיין,יחידה,1.00,יחידה,false,1,49.90,49.9000,true,1,38967
7290115620979,false,סיר גבוה 24סמ 6.15לי,,,סיר גבוה 24סמ 6.15ליטר בלאקברי פוד אפל,יחידה,1.00,יחידה,false,1,199.00,199.0000,true,1,39072
7290115621211,false,מארז 6 סכיני ירקות ש,,,מארז 6 סכיני ירקות שחור/כתום קלאסיק פוד,יחידה,6.00,יחידה,false,1,41.90,6.9833,true,1,38927
7290115621228,false,מארז 6 סכיני ירקות ש,,,מארז 6 סכיני ירקות שחור/סגול קלאסיק פוד,יחידה,6.00,יחידה,false,1,41.90,6.9833,true,1,38928
7290115621235,false,מארז 6 סכיני ירקות ש,,,מארז 6 סכיני ירקות שחור/אדום קלאסיק פוד,יחידה,6.00,יחידה,false,1,41.90,6.9833,true,1,38924
7290115621570,false,כף הגשה לעוגה מיני מ,,,כף הגשה לעוגה מיני מנירוסטה פוד אפל,יחידה,1.00,יחידה,false,1,23.90,23.9000,true,1,38784
7290115623307,false,סיר 5 ליטר פוד אפיל,,,סיר 5 ליטר פוד אפיל ביוקוק 24סמ,יחידה,1.00,יחידה,false,1,159.00,159.0000,true,1,44241
7290115623345,false,סיר סוטאז 32סמ ביוקו,,,סיר סוטאז 32סמ ביוקוק 6ליטר פוד אפיל,יחידה,1.00,יחידה,false,1,209.00,209.0000,true,1,43636
7290115623505,false,סיר 16סמ פוד אפל אוו,,,סיר 16סמ פוד אפל אווירי דאי פלוס מיני,יחידה,1.00,יחידה,false,1,56.90,56.9000,true,1,38988
7290115623550,false,מארז סירים 5חלקים פו,,,מארז סירים 5חלקים פוד אפל ורוד,יחידה,5.00,יחידה,false,1,109.00,21.8000,true,1,39084
7290115623567,false,מארז סירים 5חלקים פו,,,מארז סירים 5חלקים פוד אפל טורקיז,יחידה,5.00,יחידה,false,1,109.00,21.8000,true,1,39085
7290115623642,false,סיר 24 סמ מינרל וינט,,,סיר 24 סמ מינרל וינטג סגול פוד אפל,יחידה,1.00,יחידה,false,1,119.00,119.0000,true,1,39995
7290115624991,false,מארז 2יח סכינים פוד,,,מארז 2יח סכינים פוד אפל פריז,יחידה,2.00,יחידה,false,1,13.90,6.9500,true,1,38746
7290115625004,false,מזלגות 6יח פוד אפל פ,,,מזלגות 6יח פוד אפל פריז,יחידה,6.00,יחידה,false,1,21.90,3.6500,true,1,38771
7290115625011,false,כפות 6יח פוד אפל פרי,,,כפות 6יח פוד אפל פריז,יחידה,6.00,יחידה,false,1,21.90,3.6500,true,1,38770
7290115625028,false,כפיות 6יח פוד אפל פר,,,כפיות 6יח פוד אפל פריז,יחידה,6.00,יחידה,false,1,13.90,2.3167,true,1,38753
7290115625035,false,מזלגות עוגה 6יח פוד,,,מזלגות עוגה 6יח פוד אפל פריז,יחידה,6.00,יחידה,false,1,13.90,2.3167,true,1,38754
7290115625059,false,כפיות אספרסו 6יח פוד,,,כפיות אספרסו 6יח פוד אפל פריז,יחידה,6.00,יחידה,false,1,11.90,1.9833,true,1,38745
7290115625080,false,סכין שף 15סמ פוד אפל,,,סכין שף 15סמ פוד אפל אונו,יחידה,1.00,יחידה,false,1,72.90,72.9000,true,1,39014
7290115625097,false,סכין סנטוקו 18סמ פוד,,,סכין סנטוקו 18סמ פוד אפל אונו,יחידה,1.00,יחידה,false,1,76.90,76.9000,true,1,39021
7290115625103,false,סכין פריסה 20סמ פוד,,,סכין פריסה 20סמ פוד אפל אונו,יחידה,1.00,יחידה,false,1,69.90,69.9000,true,1,39008
7290115625110,false,סכין לחם 20סמ פוד אפ,,,סכין לחם 20סמ פוד אפל אונו,יחידה,1.00,יחידה,false,1,69.90,69.9000,true,1,39007
7290115625134,false,סכין חיתוך 9סמ אונו,,,סכין חיתוך 9סמ אונו פוד אפל,יחידה,1.00,יחידה,false,1,49.90,49.9000,true,1,38965
7290115625264,false,קערת עירבול עם תחתית,,,קערת עירבול עם תחתית סיליקון 24סמ דולצה,יחידה,1.00,יחידה,false,1,49.90,49.9000,true,1,38966
7290115625370,false,גלגלת נירוסטה לפיצה,,,גלגלת נירוסטה לפיצה 10סמ דולצה איטליאנו,יחידה,1.00,יחידה,false,1,27.90,27.9000,true,1,38885
7290115625417,false,סט 4 כוסות מדידה ניר,,,סט 4 כוסות מדידה נירוסטה דולצה איטליאנו,יחידה,4.00,יחידה,false,1,29.90,7.4750,true,1,38890
7290115625592,false,סט אוכל מעוטר 18חלקי,,,סט אוכל מעוטר 18חלקים אנטי ציפ,יחידה,18.00,יחידה,false,1,179.90,9.9944,true,1,44245
7290115625752,false,סט אוכל 18חלקים שחור,,,סט אוכל 18חלקים שחור מקרמיקה,יחידה,18.00,יחידה,false,1,199.00,11.0556,true,1,43634
7290115625769,false,סט אוכל מעוטר 18חלקי,,,סט אוכל מעוטר 18חלקים מזכוכית ורוד,יחידה,18.00,יחידה,false,1,99.00,5.5000,true,1,39699
7290115625998,false,תרמוס 1ליטר עם כוסות,,,תרמוס 1ליטר עם כוסות טו גו שחור פוד אפיל,יחידה,1.00,יחידה,false,1,96.90,96.9000,true,1,42465
7290115626216,false,סיר קדירה 24סמ 4.5לי,,,סיר קדירה 24סמ 4.5ליטר אוריינט פוד אפיל,יחידה,1.00,יחידה,false,1,189.90,189.9000,true,1,43637
7290115627220,false,תרבד מלקחיים נירוסטה,,,תרבד מלקחיים נירוסטה סיגנאטור פוד אפיל,יחידה,1.00,יחידה,false,48,16.90,16.9000,true,1,41522
7290115627244,false,מלקחיים נירוסטה 30.5,,,מלקחיים נירוסטה 30.5סמ סיגנאטור פוד אפיל,יחידה,1.00,יחידה,false,48,22.90,22.9000,true,1,41527
7290115627251,false,תרבד חורץ נירוסטה וק,,,תרבד חורץ נירוסטה וקצה סיליקון פוד אפיל,יחידה,1.00,יחידה,false,1,34.90,34.9000,true,1,42365
7290115627275,false,תרבד חורץ נירוסטה וק,,,תרבד חורץ נירוסטה וקצה סיליקון פוד אפיל,יחידה,1.00,יחידה,false,1,34.90,34.9000,true,1,42364
7290115627367,false,מלקחיים נירוסטה סילי,,,מלקחיים נירוסטה סיליקון 27סמ אלמנטל פוד,יחידה,1.00,יחידה,false,48,22.90,22.9000,true,1,41526
7290115627374,false,מלקחיים נירוסטה וסיל,,,מלקחיים נירוסטה וסיליקון 34.5סמ אלמנטל,יחידה,1.00,יחידה,false,48,26.90,26.9000,true,1,41529
7290115627398,false,כפפות סיליקון 19סמ א,,,כפפות סיליקון 19סמ אלמנטל פוד אפיל,יחידה,1.00,יחידה,false,48,44.90,44.9000,true,1,41533
7290115627404,false,משטח סיליקון מרובע 1,,,משטח סיליקון מרובע 17.5סמ פוד אפיל,יחידה,1.00,יחידה,false,1,15.90,15.9000,true,1,42358
7290115627411,false,משטח סיליקון עגול 17,,,משטח סיליקון עגול 17.5סמ פוד אפיל,יחידה,1.00,יחידה,false,1,15.90,15.9000,true,1,42357
7290115627848,false,מספריים רב תכליתי לע,,,מספריים רב תכליתי לעשבי תיבול פוד אפיל,יחידה,1.00,יחידה,false,48,29.90,29.9000,true,1,41530
7290115628067,false,קרש חיתוך עץ שיטה 41,,,קרש חיתוך עץ שיטה 41/15.5/1.5סמ פוד אפל,יחידה,1.00,יחידה,false,1,45.90,45.9000,true,1,38943
7290115628258,false,סט אוכל מעוטר 18חלקי,,,סט אוכל מעוטר 18חלקים אנטי ציפ בלו גארדי,יחידה,18.00,יחידה,false,1,179.90,9.9944,true,1,44246
7290115628333,false,לקקן סיליקון צבעוני,,,לקקן סיליקון צבעוני 32סמ דולצה איטליאנו,יחידה,1.00,יחידה,false,1,25.90,25.9000,true,1,38879
7290115628388,false,מחבת 26סמ פוד אפיל ק,,,מחבת 26סמ פוד אפיל קאזואל פלוס ידית קרם,יחידה,1.00,יחידה,false,1,89.90,89.9000,true,1,40550
7290115628425,false,מחבת ווק 28סמ פוד אפ,,,מחבת ווק 28סמ פוד אפיל ידית חרדל קאזואל,יחידה,1.00,יחידה,false,1,109.00,109.0000,true,1,40554
7290115628432,false,מחבת גריל 28סמ פוד א,,,מחבת גריל 28סמ פוד אפיל ידית בורדו,יחידה,1.00,יחידה,false,1,119.00,119.0000,true,1,40555
7290115628449,false,קלחת 16סמ פוד אפיל י,,,קלחת 16סמ פוד אפיל ידית תכלת קאזואל,יחידה,1.00,יחידה,false,1,69.90,69.9000,true,1,40556
7290115628463,false,מיכל אחסון לתבלינים,,,מיכל אחסון לתבלינים 90מל פוד אפיל,יחידה,1.00,יחידה,false,1,9.90,9.9000,true,1,42448
7290115628500,false,מגרדת 4 דפנות ומיכל,,,מגרדת 4 דפנות ומיכל אחסון פוד אפיל,יחידה,1.00,יחידה,false,1,52.90,52.9000,true,1,42376
7290115628517,false,קולפן נירוסטה איכותי,,,קולפן נירוסטה איכותי ירוק פוד אפל,יחידה,1.00,יחידה,false,1,25.90,25.9000,true,1,38881
7290115628647,false,סט 4 כוסות דופן אחת,,,סט 4 כוסות דופן אחת 400מל תאילנד פודאפיל,יחידה,4.00,יחידה,false,1,44.90,11.2250,true,1,43525
7290115628654,false,סט 4 כוסות דופן אחת,,,סט 4 כוסות דופן אחת 400מל מלזיה פוד אפיל,יחידה,4.00,יחידה,false,1,59.90,14.9750,true,1,44244
7290115628777,false,מטחנת מלח/פלפל אקריל,,,מטחנת מלח/פלפל אקרילית פוד אפיל,יחידה,1.00,יחידה,false,1,39.90,39.9000,true,1,40572
7290115628784,false,מטחנת מלח/פלפל אקריל,,,מטחנת מלח/פלפל אקרילית ראש רוז פוד אפיל,יחידה,1.00,יחידה,false,1,49.90,49.9000,true,1,40573
7290115628999,false,תבנית אפיה קפיצית גב,,,תבנית אפיה קפיצית גבוהה 20/8.5סמ דולצה,יחידה,1.00,יחידה,false,1,47.90,47.9000,true,1,38961
7290115629064,false,חולץ פקקי שעם כנפיים,,,חולץ פקקי שעם כנפיים סיגנאטור פוד אפיל,יחידה,1.00,יחידה,false,72,22.90,22.9000,true,1,41525
7290115629088,false,מלקחיים נירוסטה לקרח,,,מלקחיים נירוסטה לקרח סיגנאטור פוד אפיל,יחידה,1.00,יחידה,false,72,10.90,10.9000,true,1,41520
7290115629132,false,כף גלידה נירוסטה סיג,,,כף גלידה נירוסטה סיגנאטור פוד אפיל,יחידה,1.00,יחידה,false,72,21.90,21.9000,true,1,41524
7290115629194,false,קופסת אחסון שקופה 1.,,,קופסת אחסון שקופה 1.9ליטר קליר אנד פרש,יחידה,1.00,יחידה,false,1,56.90,56.9000,true,1,42461
7290115629675,false,תחתית סיר/כלי חם עגו,,,תחתית סיר/כלי חם עגולה במבוק 15/1.2סמ,יחידה,1.00,יחידה,false,1,15.90,15.9000,true,1,40574
7290115629682,false,תחתית סיר/כלי חם מרו,,,תחתית סיר/כלי חם מרובע במבוק 15/1.2סמ,יחידה,1.00,יחידה,false,1,15.90,15.9000,true,1,40575
7290115629774,false,בלוק סכינים 7 חלקים,,,בלוק סכינים 7 חלקים 6 סכינים במעמד עץ,יחידה,7.00,יחידה,false,1,62.90,8.9857,true,1,43539
7290115641028,false,סט 3 קופסאות מהודרות,,,סט 3 קופסאות מהודרות 800מל,יחידה,3.00,יחידה,false,1,11.90,3.9667,true,1,38219
7290115641035,false,סט 3 קופסאות מהודרות,,,סט 3 קופסאות מהודרות 1 ליטר,יחידה,3.00,יחידה,false,1,11.90,3.9667,true,1,38220
7290115670240,false,פריכיות אנרגי אורז מ,פרח תעשיות,,פריכיות אנרגי אורז מלא דקות 135 גר,גרמים,135.00,100 גרם,false,1,11.90,8.8148,true,1,30217
7290115670578,false,ממרחית שוקולד 500 גר,,,ממרחית שוקולד 500 גרם,גרמים,500.00,100 גרם,false,1,9.90,1.9800,true,1,28521
7290115670608,false,מארז נר חנוכה 98 גרם,,,מארז נר חנוכה 98 גרם,Unknown,0.00,Unknown,false,1,9.90,0.0000,true,1,38495
7290115670615,false,מארז סביביון חנוכה 1,,,מארז סביביון חנוכה 118 גרם,גרמים,118.00,100 גרם,false,1,12.90,10.9322,true,1,38494
7290115670691,false,גרנולה אנרגי פירות י,,,גרנולה אנרגי פירות יער 400 גר,גרמים,400.00,100 גרם,false,1,12.90,3.2250,true,1,31342
7290115670707,false,גרנולה אנרגי שוקולד,,,גרנולה אנרגי שוקולד אגוזים 400 גר,גרמים,400.00,100 גרם,false,1,12.90,3.2250,true,1,31340
7290115670752,false,מארז קפה נמס אבקתי+כ,,,מארז קפה נמס אבקתי+כוס טו גו 200 גרם,גרמים,200.00,100 גרם,false,1,22.00,11.0000,true,1,30209
7290115670844,false,חטיף מיני פרה ללס 20,,,חטיף מיני פרה ללא סוכר שקית,גרמים,208.00,100 גרם,false,1,19.90,9.5673,true,1,39446
7290115670868,false,חטיף מיני כיף כף ללס,,,חטיף מיני כיף כף ללא סוכר שקית,גרמים,200.00,100 גרם,false,1,19.90,9.9500,true,1,39447
7290115671155,false,מארז 3 יח סוכ.בזוקה,,,מארז 3 יח סוכ.בזוקה בטעם ענבים 45 גר,גרמים,135.00,100 גרם,false,1,8.90,6.5926,true,1,39924
7290115671223,false,מסטיק מאסט פאן אבטיח,,,מסטיק מאסט פאן אבטיח מנגו 58 גר,Unknown,0.00,Unknown,false,1,8.90,0.0000,true,1,39922
7290115671261,false,מארז 3יח שוקולד פרה,,,מארז 3יח שוקולד פרה חלב אגוז לוז 100 גרם,גרמים,100.00,100 גרם,false,1,24.90,24.9000,true,1,31088
7290115671308,false,מסטיק מאסט פאן תות ד,,,מסטיק מאסט פאן תות דובדבן 58 גר,Unknown,0.00,Unknown,false,1,8.90,0.0000,true,1,39923
7290115671339,false,עוגיות מיני פינוקיות,,,עוגיות מיני פינוקיות בראוניז בייגל 180 ג,גרמים,180.00,100 גרם,false,1,10.90,6.0556,true,1,32858
7290115671346,false,עוגיות מיני פינוקיות,,,עוגיות מיני פינוקיות קרמל מלוח 180 ג,גרמים,180.00,100 גרם,false,1,10.90,6.0556,true,1,32859
7290115671353,false,עוגיות מיני פינוקיות,,,עוגיות מיני פינוקיות שחור לבן 180 ג,גרמים,180.00,100 גרם,false,1,10.90,6.0556,true,1,39929
7290115671469,false,כוס חבק קפה טורקי על,פרח תעשיות,,כוס חבק קפה טורקי עלית,Unknown,0.00,Unknown,false,1,10.00,0.0000,true,1,44022
7290115673135,false,שוקולד פרה חלב עדשים,,IL,שוקולד פרה חלב עדשים 100 גר,גרמים,100.00,100 גרם,false,1,5.90,5.9000,true,1,30523
7290115673951,false,מארז פסק זמן פטיסרי,,,מארז פסק זמן פטיסרי 1+3חינם 180 גרם,גרמים,180.00,100 גרם,false,1,12.90,7.1667,true,1,32098
7290115674156,false,שוקולד פרה מיקס עוגי,,IL,שוקולד פרה מיקס עוגיות עדשים 95 גרם,גרמים,100.00,100 גרם,false,1,5.90,5.9000,true,1,31087
7290115674187,false,מוס רבע לשבע פטל מצו,,,מוס רבע לשבע פטל מצופה 100 גרם,גרמים,100.00,100 גרם,false,1,14.90,14.9000,true,1,38492
7290115674712,false,קרקר ברדס סריראצה 17,,US,קרקר ברדס סריראצה 170 גרם,גרמים,170.00,100 גרם,false,12,13.90,8.1765,true,1,39590
7290115674736,false,גריסיני ברדס חרדל דב,,US,גריסיני ברדס חרדל דבש 170 גרם,גרמים,170.00,100 גרם,false,12,13.90,8.1765,true,1,39592
7290115674743,false,חטיף ברדס פיתה מלח י,,US,חטיף ברדס פיתה מלח ים 170 גרם,גרמים,170.00,100 גרם,false,12,13.90,8.1765,true,1,39587
7290115674750,false,חטיף ברדס פיתה מלפפו,,US,חטיף ברדס פיתה מלפפון חמוץ 170 גרם,גרמים,170.00,100 גרם,false,12,13.90,8.1765,true,1,39588
7290115675580,false,חטיף קוואקר ובוטנים,STRAUSS-ISRAEL,,חטיף קוואקר ובוטנים 50 גרם,Unknown,0.00,Unknown,false,1,3.90,0.0000,true,1,38450
7290115675696,false,דגני כרוזלי קראנצים,,PL,דגני כרוזלי קראנצים אגוזים375 גרם,גרמים,375.00,100 גרם,false,6,19.90,5.3067,true,1,32596
7290115675702,false,דגני  כרוזלי קראנצים,,PL,דגני  כרוזלי קראנצים פירות 375 גרם,גרמים,375.00,100 גרם,false,6,19.90,5.3067,true,1,32597
7290115675719,false,דגני כרוזלי קראנצים,,PL,דגני כרוזלי קראנצים שוקולד375 גרם,גרמים,375.00,100 גרם,false,6,19.90,5.3067,true,1,32598
7290115675764,false,קפסולות אספרסו 8 אתי,,,קפסולות אספרסו 8 אתיופיה10 יח,יחידה,10.00,יחידה,false,1,16.50,1.6500,true,1,39931
7290115675788,false,קפה טורקי תבלינים גל,,,קפה טורקי תבלינים גלילי 100 גרם,גרמים,100.00,100 גרם,false,1,9.90,9.9000,true,1,32105
7290115675986,false,יוגורט דנונה בר אגוז,שטראוס,IL,יוגורט דנונה בר אגוז מקורמל קראנצ 173גר,גרמים,173.00,100 גרם,false,12,4.70,2.7168,true,1,29585
7290115676013,false,מארז קפה נמס+חיוכים,,,מארז קפה נמס+חיוכים 200 גרם,גרמים,200.00,100 גרם,false,1,22.00,11.0000,true,1,38493
7290115676020,false,דנונה בר בזוקה 173גר,,,דנונה בר בזוקה 173גר,גרמים,173.00,100 גרם,false,1,4.70,2.7168,true,1,39900
7290115676037,false,משקה יוגורט דנונה רי,שטראוס,,משקה יוגורט דנונה ריפרש תות דומדמיות 250,מיליליטרים,250.00,"100 מ""ל",false,12,5.90,2.3600,true,1,31899
7290115676051,false,משקה אקטיביה 250 מל,שטראוס,,משקה אקטיביה 250 מל שבולת שועל במתיקות,מיליליטרים,250.00,"100 מ""ל",false,1,5.40,2.1600,true,1,38430
7290115676082,false,משקה דנונה פרו תות 2,שטראוס,IL,משקה דנונה פרו תות 20גר חלבון 250מל,מיליליטרים,250.00,"100 מ""ל",false,12,7.10,2.8400,true,1,31863
7290115676099,false,משקה דנונה פרו וניל,שטראוס,IL,משקה דנונה פרו וניל 20גר חלבון 250מל,מיליליטרים,250.00,"100 מ""ל",false,12,7.10,2.8400,true,1,31862
7290115676273,false,קקאו עילת 500גר+10%ח,,,קקאו עילת 500גר+10%חינם,גרמים,550.00,100 גרם,false,1,25.90,4.7091,true,1,31090
7290115676990,false,חטיף תפוציפס מלח חומ,STRAUSS-ISRAEL,,חטיף תפוציפס מלח חומץ 50 גרם,Unknown,0.00,Unknown,false,1,4.00,0.0000,true,1,30678
7290115677089,false,קונפיטורה תפוח קינמו,,,קונפיטורה תפוח קינמון יד מרדכי 340 גר,גרמים,340.00,100 גרם,false,1,12.90,3.7941,true,1,32861
7290115677140,false,חטיף תפוציפס וואוי פ,STRAUSS-ISRAEL,,חטיף תפוציפס וואוי פפריקה 200 גר,גרמים,200.00,100 גרם,false,1,9.90,4.9500,true,1,44400
7290115677362,false,ארוחת נודלס טריאקי ד,,IL,ארוחת נודלס טריאקי דלישס 350גר,גרמים,350.00,100 גרם,false,10,26.90,7.6857,true,1,38419
7290115677423,false,ארוחת אורז קארי ירוק,,IL,ארוחת אורז קארי ירוק חריף דלישס 350גר,גרמים,350.00,100 גרם,false,10,26.90,7.6857,true,1,38422
7290115677485,false,חטיף ציטוס קראנץ פלמ,STRAUSS-ISRAEL,,חטיף ציטוס קראנץ פלמין הוט גבינה 80 גר,Unknown,0.00,Unknown,false,1,4.50,0.0000,true,1,32051
7290115677669,false,כרוב אדום 650 גרם אח,שטראוס,,כרוב אדום 650 גרם אחלה,גרמים,600.00,100 גרם,false,1,15.90,2.6500,true,1,40683
7290115677676,false,חומוס עשיר בטחינה עם,שטראוס,,חומוס עשיר בטחינה עם חריף 40% 400גרם,גרמים,400.00,100 גרם,false,1,11.90,2.9750,true,1,29571
7290115677805,false,מארז עוגת מילקי קייק,שטראוס,IL,מארז עוגת מילקי קייק קוקי 4 יח 136גר,גרמים,136.00,100 גרם,false,7,12.90,9.4853,true,1,31202
7290115677904,false,סלט חומוס פלפל חריף,שטראוס,IL,סלט חומוס פלפל חריף 235גר אחלה,גרמים,235.00,100 גרם,false,6,10.90,4.6383,true,1,31181
7290115677959,false,ממרח גוואקמולי 220גר,,,ממרח גוואקמולי 220גר,גרמים,220.00,100 גרם,false,1,17.90,8.1364,true,1,38468
7290115677966,false,ממרח אבוקדו טעם הטבע,שטראוס,,ממרח אבוקדו טעם הטבע 200 גרם,גרמים,200.00,100 גרם,false,1,14.90,7.4500,true,1,38314
7290115677997,false,חומוס עשיר בטחינה שו,שטראוס,,חומוס עשיר בטחינה שום לימון 40% 400גרם,גרמים,400.00,100 גרם,false,1,11.90,2.9750,true,1,32788
7290115678048,false,סלט טחינה קרם  חציל,שטראוס,IL,סלט טחינה קרם  חציל 235גר אחלה,גרמים,235.00,100 גרם,false,6,10.90,4.6383,true,1,31630
7290115678222,false,מארז 8יח דנונה יווני,שטראוס,IL,מארז 8יח דנונה יווני 125גרם,גרמים,1000.00,100 גרם,false,3,23.90,2.3900,true,1,31902
7290115678376,false,מעדן הגולן שוקולד 12,שטראוס,IL,מעדן הגולן שוקולד 125גר,גרמים,125.00,100 גרם,false,24,2.90,2.3200,true,1,32798
7290115678383,false,מעדן הגולן שוקולד מר,שטראוס,IL,מעדן הגולן שוקולד מריר 125גר,גרמים,125.00,100 גרם,false,24,2.90,2.3200,true,1,32799
7290115678529,false,פסטה רביולי מילוי גב,שטראוס,IL,פסטה רביולי מילוי גבינות פרו 320גר,גרמים,320.00,100 גרם,false,6,20.90,6.5312,true,1,38436
7290115678550,false,דנונה פרו ט. פיסטוק,שטראוס,,דנונה פרו ט. פיסטוק 20גר חלבון 200 גרם,גרמים,200.00,100 גרם,false,1,5.90,2.9500,true,1,38428
7290115678598,false,חסה אייסברג חיתוך גס,,,חסה אייסברג חיתוך גס 300 גרם,גרמים,300.00,100 גרם,false,1,10.90,3.6333,true,1,38496
7290115678635,false,נשנושי גבינה עם כעכי,שטראוס,,נשנושי גבינה עם כעכים שטוחים 67גר,Unknown,0.00,Unknown,false,10,9.90,0.0000,true,1,43558
7290115678642,false,נשנושי גבינה עם חטיף,שטראוס,,נשנושי גבינה עם חטיף אפוי זיתים 67גר,Unknown,0.00,Unknown,false,10,9.90,0.0000,true,1,43557
7290115678970,false,מארז 3 יח סוכ.פרש בז,,,מארז 3 יח סוכ.פרש בזוקה 45 גר,גרמים,135.00,100 גרם,false,1,8.90,6.5926,true,1,32860
7290115679519,false,שייק פירות ורוד 2יח,,,שייק פירות ורוד 2יח 150גר דלישס,גרמים,300.00,100 גרם,false,1,21.90,7.3000,true,1,45061
7290115679618,false,מארז סירופ מייפל טהו,,,מארז סירופ מייפל טהור+קוואקר פחית 500 גר,Unknown,0.00,Unknown,false,1,24.90,0.0000,true,1,40298
7290115679731,false,שייק פירות ירוק 2יח,,,שייק פירות ירוק 2יח 150גר דלישס,גרמים,300.00,100 גרם,false,1,21.90,7.3000,true,1,45062
7290115679762,false,שייק פירות צהוב 2יח,,,שייק פירות צהוב 2יח 150גר דלישס,גרמים,300.00,100 גרם,false,1,21.90,7.3000,true,1,45063
7290115679779,false,שייק פירות אדום 2יח,,,שייק פירות אדום 2יח 150גר דלישס,גרמים,300.00,100 גרם,false,1,21.90,7.3000,true,1,45064
7290115679878,false,פיצה מבצק עם סלק 320,,IL,פיצה מבצק עם סלק 320גר דלישס,גרמים,320.00,100 גרם,false,10,27.90,8.7187,true,1,40220
7290115679885,false,פיצה מבצק עם כרובית,,IL,פיצה מבצק עם כרובית 320גר דלישס,גרמים,320.00,100 גרם,false,10,27.90,8.7187,true,1,38427
7290115679915,false,פיצה מבצק עם דלעת 32,,IL,פיצה מבצק עם דלעת 320גר דלישס,גרמים,320.00,100 גרם,false,10,27.90,8.7187,true,1,40221
7290115679960,false,חטיף ציטוס פופקורן ט,STRAUSS-ISRAEL,,חטיף ציטוס פופקורן טבעי 60 גרם,Unknown,0.00,Unknown,false,1,4.00,0.0000,true,1,33141
7290116530000,false,תרחיץ פנים דאב 180מל,יוניליוור,,תרחיץ פנים דאב 180מל מלפפון,מיליליטרים,180.00,"100 מ""ל",false,1,14.90,8.2778,true,1,42783
7290116530062,false,הלמנס רוטב ויניגרט ל,יוניליוור,,הלמנס רוטב ויניגרט לסלט 295 גרם,גרמים,295.00,100 גרם,false,1,9.90,3.3559,true,1,32118
7290116530109,false,חטיף קליק מלוי נוגט,יוניליוור,,חטיף קליק מלוי נוגט לבן 35 גרם,Unknown,0.00,Unknown,false,1,5.00,0.0000,true,1,32115
7290116530147,false,תחליב רחצה פינוק פיר,יוניליוור,,תחליב רחצה פינוק פירות יער 700 מל,מיליליטרים,700.00,"100 מ""ל",false,1,10.90,1.5571,true,1,31790
7290116530161,false,תחליב רחצה פינוק אננ,יוניליוור,,תחליב רחצה פינוק אננס 700 מל,מיליליטרים,700.00,"100 מ""ל",false,1,10.90,1.5571,true,1,31792
7290116530185,false,דגני דלישקד קרמל מלו,יוניליוור,,דגני דלישקד קרמל מלוח תלמה 400 גר בדץ,גרמים,400.00,100 גרם,false,1,19.90,4.9750,true,1,38087
7290116530215,false,דאו אקס סטיק שוקולד,יוניליוור,,דאו אקס סטיק שוקולד 77 גרם,Unknown,0.00,Unknown,false,1,16.90,0.0000,true,1,31784
7290116530222,false,דאו אקס סטיק אנרכי 7,יוניליוור,,דאו אקס סטיק אנרכי 77 גרם,Unknown,0.00,Unknown,false,1,16.90,0.0000,true,1,31785
7290116530239,false,דאו אקס סטיק בלאק 77,יוניליוור,,דאו אקס סטיק בלאק 77 גרם,Unknown,0.00,Unknown,false,1,16.90,0.0000,true,1,31786
7290116530314,false,חטיף קליק דאבל בלאק,יוניליוור,,חטיף קליק דאבל בלאק חלב  65 גר,Unknown,0.00,Unknown,false,1,5.90,0.0000,true,1,32116
7290116530482,false,מארז 5 יח קורנפלקס א,יוניליוור,IL,מארז 5 יח קורנפקס אלופים 30 גרם,גרמים,150.00,100 גרם,false,8,12.90,8.6000,true,1,38553
7290116530871,false,נשנושים מיקס 240 גרם,יוניליוור,,נשנושים מיקס 240 גרם,גרמים,260.00,100 גרם,false,1,10.90,4.1923,true,1,31461
7290116530888,false,גל כביסה בדין 2.5ליט,יוניליוור,IL,גל כביסה בדין 2.5ליטר פינוק קלאסי,מיליליטרים,2500.00,"100 מ""ל",false,6,26.90,1.0760,true,1,32342
7290116530895,false,תרסיס בדין למייבש כב,זוהר דליה,,תרסיס בדין למייבש כביסה 500מל פינוק קלאס,מיליליטרים,500.00,"100 מ""ל",false,1,16.90,3.3800,true,1,32346
7290116531021,false,שוקולד ורד הגליל חלב,,TR,שוקולד ורד הגליל חלב 100 גרם,גרמים,100.00,100 גרם,false,12,5.90,5.9000,true,1,38501
7290116531038,false,שוקולד ורד הגליל 60%,,TR,שוקולד ורד הגליל 60% מריר 100 גרם,גרמים,100.00,100 גרם,false,12,5.90,5.9000,true,1,38502
7290116531083,false,דגני ברנפלקס שקדים ו,יוניליוור,,דגני ברנפלקס שקדים ודבש 400 גרם,גרמים,400.00,100 גרם,false,1,19.90,4.9750,true,1,39170
7290116531090,false,חטיפי דג דג מליחות מ,יוניליוור,IL,חטיפי דג דג מליחות מעודנת 250 גרם,גרמים,250.00,100 גרם,false,12,9.90,3.9600,true,1,40049
7290116531496,false,דגני קוקמן קינמונים,יוניליוור,,דגני קוקמן קינמונים 375 גר בדץ,גרמים,375.00,100 גרם,false,1,18.90,5.0400,true,1,40721
7290116531557,false,פריכיות פתית דקות תי,"גוד פוד בע""מ",PL,פריכיות פתית דקות תירס מלא 150 גרם,גרמים,150.00,100 גרם,false,12,11.90,7.9333,true,1,40866
7290116531564,false,פריכיות פתית דקות קי,"גוד פוד בע""מ",PL,פריכיות פתית דקות קינואה 150 גרם,גרמים,150.00,100 גרם,false,12,11.90,7.9333,true,1,40865
7290116531571,false,מטליות לחות לניקוי כ,יוניליוור,,מטליות לחות לניקוי כללי 50יח,יחידה,50.00,יחידה,false,1,9.90,0.1980,true,1,39556
7290116531588,false,מגבונים לניקוי כללי,יוניליוור,,מגבונים לניקוי כללי סיף 50יח בניחוח מרכך,יחידה,50.00,יחידה,false,1,9.90,0.1980,true,1,39555
7290116531595,false,מגבונים לניקוי כללי,יוניליוור,,מגבונים לניקוי כללי סיף 50יח בניחוח מאסק,יחידה,50.00,יחידה,false,1,9.90,0.1980,true,1,39554
7290116531656,false,מרכך פינוק 700 מל ני,יוניליוור,,מרכך פינוק 700 מל ניחוח תפוח,מיליליטרים,700.00,"100 מ""ל",false,1,10.90,1.5571,true,1,42787
7290116531663,false,תחליב רחצה פינוק ניח,יוניליוור,,תחליב רחצה פינוק ניחוח תפוח 700 מל,מיליליטרים,700.00,"100 מ""ל",false,1,10.90,1.5571,true,1,42784
7290116531748,false,חטיף קליק קוקומן חום,יוניליוור,,חטיף קליק קוקומן חום לבן 65 גר,Unknown,0.00,Unknown,false,1,5.90,0.0000,true,1,40816
7290116531762,false,בדין דפי מרכך ורוד ל,יוניליוור,,בדין דפי מרכך ורוד למייבש 40 יח,יחידה,40.00,יחידה,false,1,16.90,0.4225,true,1,40843
7290116531779,false,בדין דפי מרכך כחול ל,יוניליוור,,בדין דפי מרכך כחול למייבש 40 יח,יחידה,40.00,יחידה,false,1,16.90,0.4225,true,1,40842
7290116531793,false,הלמנס רוטב קיסר לסלט,יוניליוור,,הלמנס רוטב קיסר לסלט 295 גרם,גרמים,295.00,100 גרם,false,1,9.90,3.3559,true,1,39165
7290116531861,false,תחליב רחצה פינוק 700,יוניליוור,,תחליב רחצה פינוק 700מל שייק תפוז,מיליליטרים,700.00,"100 מ""ל",false,1,10.90,1.5571,true,1,40849
7290116531922,false,חטיפי דג דג בטעם קטש,יוניליוור,IL,חטיפי דג דג בטעם קטשופ 235 גרם,גרמים,235.00,100 גרם,false,12,9.90,4.2128,true,1,40050
7290116531939,false,גלידונית תות מצופה 6,"גלידת שטראוס בע""מ",,גלידונית תות מצופה 60 יח,גרמים,700.00,100 גרם,false,1,44.90,6.4143,true,1,40622
7290116532028,false,חטיף קליק מלוי נוגט,יוניליוור,,חטיף קליק מלוי נוגט כשלפ 35 גרם,Unknown,0.00,Unknown,false,1,5.00,0.0000,true,1,40820
7290116532042,false,חטיף קליק כריות נוגט,יוניליוור,,חטיף קליק כריות נוגט כשלפ 65 גר,Unknown,0.00,Unknown,false,1,5.90,0.0000,true,1,40821
7290116532219,false,קורנפלקס תלמה תות448,יוניליוור,,קורנפלקס תלמה תות448 גר בדץ,גרמים,448.00,100 גרם,false,1,17.90,3.9955,true,1,41500
7290116532240,false,שוקולד קליק פיצפוצי,יוניליוור,,שוקולד קליק פיצפוצי דגנים 85 ג,Unknown,0.00,Unknown,false,1,4.90,0.0000,true,1,41499
7290116532264,false,מאגדת שלגון גודיס אפ,יוניליוור,,מאגדת שלגון גודיס אפרסק 5יח,יחידה,5.00,יחידה,false,1,24.90,4.9800,true,1,41394
7290116532370,false,מארז מרכך כביסה בדין,יוניליוור,,מארז מרכך כביסה בדין אקסטרא 2יח 960מל,מיליליטרים,1920.00,"100 מ""ל",false,6,25.90,1.3490,true,1,40844
7290116532400,false,בייגלה מקלות מלוח 23,יוניליוור,,בייגלה מקלות מלוח 235 גרם בדצ,גרמים,225.00,100 גרם,false,1,6.90,3.0667,true,1,42829
7290116532462,false,גלידה פיינט קליק שוק,"גלידת שטראוס בע""מ",IL,גלידה פיינט קליק שוקולד בננה 520מל,מיליליטרים,520.00,"100 מ""ל",false,6,22.90,4.4038,true,1,41633
7290116532479,false,גלידה פיינט קליק שוק,"גלידת שטראוס בע""מ",IL,גלידה פיינט קליק שוק.לבן קרם עוגיות520מל,מיליליטרים,520.00,"100 מ""ל",false,6,22.90,4.4038,true,1,41632
7290116532486,false,גלידה פיינט קליק וני,"גלידת שטראוס בע""מ",IL,גלידה פיינט קליק וניל קרמל מלוח 520מל,מיליליטרים,520.00,"100 מ""ל",false,6,22.90,4.4038,true,1,41634
7290116532585,false,דגני ברנפלקס קרנצים,יוניליוור,,דגני ברנפלקס קרנצים דבש קינמון 375 גר,גרמים,375.00,100 גרם,false,1,19.90,5.3067,true,1,42825
7290116532622,false,מרכך פינוק 700 מל גו,יוניליוור,,מרכך פינוק 700 מל גוגי ברי,מיליליטרים,700.00,"100 מ""ל",false,1,10.90,1.5571,true,1,42788
7290116532721,false,הלמנס רוטב ישראלי לס,יוניליוור,,הלמנס רוטב ישראלי לסלט 295 גרם,גרמים,295.00,100 גרם,false,1,9.90,3.3559,true,1,44095
7290116532738,false,הלמנס רוטב איטלקי לס,יוניליוור,,הלמנס רוטב איטלקי לסלט 295 גרם,גרמים,295.00,100 גרם,false,1,9.90,3.3559,true,1,44094
7290116532769,false,גרנולה תלמה פרוטאין,חטיפי העמק,,גרנולה תלמה פרוטאין תפוח קינמון300 גר,גרמים,300.00,100 גרם,false,1,15.90,5.3000,true,1,42657
7290116532868,false,שמפו פינוק בייבי 900,יוניליוור,IL,שמפו פינוק בייבי 900 מל,מיליליטרים,900.00,"100 מ""ל",false,12,21.90,2.4333,true,1,43761
7290116532875,false,סבון נוזלי פינוק ביי,יוניליוור,IL,סבון נוזלי פינוק בייבי 900 מל,מיליליטרים,900.00,"100 מ""ל",false,12,21.90,2.4333,true,1,43759
7290116533063,false,דגני שוגי קרטיב ענבי,יוניליוור,,דגני שוגי קרטיב ענבים 400 גרם,גרמים,375.00,100 גרם,false,1,18.90,5.0400,true,1,42826
7290116533094,false,שמפו פינוק 700 מל בנ,יוניליוור,,שמפו פינוק 700 מל בניחוח ורדים לבנים,מיליליטרים,700.00,"100 מ""ל",false,1,10.90,1.5571,true,1,44355
7290116930077,false,יוגורט יופלה דיאט אפ,,,יוגורט יופלה דיאט אפרסק פסיפלורה 0% 150ג,גרמים,150.00,100 גרם,false,1,4.90,3.2667,true,1,40246
7290116930282,false,ארוחה בקטנה לאבנה עם,תנובה חלב,IL,ארוחה בקטנה לאבנה עם קרקרים 150גר,גרמים,150.00,100 גרם,false,24,8.50,5.6667,true,1,43603
7290116930367,false,מאגדת 3יח גבינה 250,תנובה חלב,IL,מאגדת 3יח גבינה 250 גרם 5%שומן***,גרמים,750.00,100 גרם,false,8,14.94,1.9920,true,1,41516
7290116930435,false,מעדן יופלה גו דובדבן,תנובה חלב,,מעדן יופלה גו דובדבן במרקם סמיך 200גר,מיליליטרים,200.00,"100 מ""ל",false,1,5.90,2.9500,true,1,41515
7290116930442,false,יופלה שייק 230מל בננ,תנובה חלב,IL,יופלה שייק 230מל בננה מנגו תפוז גזר וציה,מיליליטרים,230.00,"100 מ""ל",false,12,7.90,3.4348,true,1,42845
7290116930459,false,יופלה שייק 230מל אננ,תנובה חלב,IL,יופלה שייק 230מל אננס וקוקוס,מיליליטרים,230.00,"100 מ""ל",false,12,7.90,3.4348,true,1,42848
7290116930466,false,יופלה שייק 230מל מנג,תנובה חלב,IL,יופלה שייק 230מל מנגו בננה פסיפלורה והל,מיליליטרים,230.00,"100 מ""ל",false,12,7.90,3.4348,true,1,42847
7290116930480,false,יופלה שייק 230מל בננ,תנובה חלב,IL,יופלה שייק 230מל בננה קיווי תפוח,מיליליטרים,230.00,"100 מ""ל",false,12,7.90,3.4348,true,1,42846
7290116930558,false,משקה תה קר עם חלב טע,תנובה חלב,IL,משקה תה קר עם חלב טעם צאי קרמל 230מל,גרמים,230.00,100 גרם,false,8,6.90,3.0000,true,1,42666
7290116930565,false,משקה תה קר עם חלב טע,תנובה חלב,IL,משקה תה קר עם חלב טעם צאי מסאלה 230מל,גרמים,230.00,100 גרם,false,8,6.90,3.0000,true,1,42667
7290116930572,false,משקה תה קר עם חלב טע,תנובה חלב,IL,משקה תה קר עם חלב טעם צאי ורדים 230מל,גרמים,230.00,100 גרם,false,8,6.90,3.0000,true,1,43290
7290116930589,false,יוגורט יופלה דיאט מר,,,יוגורט יופלה דיאט מרנג לימון 150גר,גרמים,150.00,100 גרם,false,1,4.90,3.2667,true,1,43378
7290116930626,false,ארוחה בקטנה ציזיקי ע,תנובה חלב,IL,ארוחה בקטנה ציזיקי עם קרקרים 150גר,גרמים,150.00,100 גרם,false,24,8.50,5.6667,true,1,43604
7290116930633,false,מעדן יולו שוק. בלונד,,,מעדן יולו שוק. בלונד תוספת שברי בייגל120,גרמים,120.00,100 גרם,false,1,4.80,4.0000,true,1,42665
7290116930701,false,מעדן יופלה גו ט.קרמל,תנובה חלב,IL,מעדן יופלה גו ט.קרמל מלוח12גר חלבון 120ג,גרמים,120.00,100 גרם,false,20,4.90,4.0833,true,1,42661
7290116930718,false,מעדן תנובה דיאט שוקו,,,מעדן תנובה דיאט שוקולד קרמל מלוח 150 גר,גרמים,150.00,100 גרם,false,1,4.10,2.7333,true,1,43379
7290116930725,false,מעדן סויה ביו קוקוס,תנובה חלב,IL,מעדן סויה ביו קוקוס אלטרנטיב 150גר,גרמים,150.00,100 גרם,false,48,4.50,3.0000,true,1,43562
7290116931081,false,מעדן סויה בטעם טופי,,,מעדן סויה בטעם טופי קרמל 125 גרם,מיליליטרים,125.00,"100 מ""ל",false,1,3.90,3.1200,true,1,43605
7290116931104,false,יוגורט יופלה גו אננס,תנובה חלב,,יוגורט יופלה גו אננס במרקם סמיך 200גר,מיליליטרים,200.00,"100 מ""ל",false,1,5.90,2.9500,true,1,43561
7290117050156,false,תרמוס כד מהודר 1ליטר,,,תרמוס כד מהודר 1ליטר טו גו שחור פוד אפיל,יחידה,1.00,יחידה,false,1,64.90,64.9000,true,1,42463
7290117050347,false,קומקום נירוסטה שורק,,,קומקום נירוסטה שורק 2.9ליטר פוד אפיל,יחידה,1.00,יחידה,false,1,82.90,82.9000,true,1,42385
7290117050354,false,קומקום נירוסטה שורק,,,קומקום נירוסטה שורק 2.9ליטר פודאפיל שחור,יחידה,1.00,יחידה,false,1,145.00,145.0000,true,1,42397
7290117050392,false,בקבוק נירוסטה שומר ח,,,בקבוק נירוסטה שומר חום 500מל שחור מטלי,יחידה,1.00,יחידה,false,1,54.90,54.9000,true,1,43533
7290117050408,false,בקבוק נירוסטה שומר ח,,,בקבוק נירוסטה שומר חום 500מל חום רוז גול,יחידה,1.00,יחידה,false,1,54.90,54.9000,true,1,43535
7290117050415,false,בקבוק נירוסטה שומר ח,,,בקבוק נירוסטה שומר חום 500מל נחושת מטלי,יחידה,1.00,יחידה,false,1,54.90,54.9000,true,1,43536
7290117050637,false,מארז 6 סכיני סטייק מ,,,מארז 6 סכיני סטייק מיט לאבר פוד אפיל,יחידה,6.00,יחידה,false,1,59.90,9.9833,true,1,43537
7290117050644,false,מארז 6 מזלגות סטייק,,,מארז 6 מזלגות סטייק מיט לאבר פוד אפיל,יחידה,6.00,יחידה,false,1,59.90,9.9833,true,1,43538
7290117051207,false,מוט השחזה מקצועי יהל,,,מוט השחזה מקצועי יהלום 30סמ עגול פוד אפי,יחידה,1.00,יחידה,false,1,87.90,87.9000,true,1,43541
7290117051214,false,מטרפה סיליקון 28סמ פ,,,מטרפה סיליקון 28סמ פוד אפיל,יחידה,1.00,יחידה,false,1,24.90,24.9000,true,1,42360
7290117051252,false,קריספר פוד אפיל להכנ,,,קריספר פוד אפיל להכנת טוגנים ללא שמן,יחידה,1.00,יחידה,false,1,154.90,154.9000,true,1,43638
7290117051344,false,תבנית אפיה קוגלהוף 2,,,תבנית אפיה קוגלהוף 23סמ פוד אפיל,יחידה,1.00,יחידה,false,1,47.90,47.9000,true,1,43531
7290117051351,false,תבנית אפיה 24/24סמ ד,,,תבנית אפיה 24/24סמ דולצה איטליאנו פוד,יחידה,1.00,יחידה,false,1,39.90,39.9000,true,1,43528
7290117051412,false,תבנית אינגליש קייק 3,,,תבנית אינגליש קייק 30סמ דולצה איטליאנו,יחידה,1.00,יחידה,false,1,24.90,24.9000,true,1,43522
7290117051559,false,משטח לייבוש כלים אבן,,,משטח לייבוש כלים אבן 40/47סמ פוד אפיל,יחידה,1.00,יחידה,false,1,21.90,21.9000,true,1,43519
7290117051566,false,משטח לייבוש כלים שחו,,,משטח לייבוש כלים שחור 40/47סמ פוד אפיל,יחידה,1.00,יחידה,false,1,21.90,21.9000,true,1,43520
7290117051917,false,מארז 3יח מחבתות פוד,,,מארז 3יח מחבתות פוד אפיל 20+22+24סמ,יחידה,3.00,יחידה,false,1,209.00,69.6667,true,1,44240
7290117051924,false,מד חום אנלוגי לאפיה,,,מד חום אנלוגי לאפיה עד 300מעלות פוד אפיל,יחידה,1.00,יחידה,false,1,36.90,36.9000,true,1,43645
7290117051955,false,מד חום דיגיטלי דקר ע,,,מד חום דיגיטלי דקר עד 250מעלות פוד אפיל,יחידה,1.00,יחידה,false,1,79.90,79.9000,true,1,43646
7290117051986,false,סט 4 כוסות דופן כפול,,,סט 4 כוסות דופן כפולה 250מל ונצואלה,יחידה,4.00,יחידה,false,1,87.90,21.9750,true,1,43534
7290117052013,false,סט 3 סירי זכוכית אוב,,,סט 3 סירי זכוכית אובלי 0.7/1.5/2.5ליטר,יחידה,3.00,יחידה,false,1,124.90,41.6333,true,1,42472
7290117052020,false,תבנית זכוכית מלבנית,,,תבנית זכוכית מלבנית 2ליטר פוד אפיל,יחידה,1.00,יחידה,false,1,34.90,34.9000,true,1,42457
7290117052334,false,סט 2 כוסות דאבל 250מ,,,סט 2 כוסות דאבל 250מל פיליפיניס פוד אפיל,יחידה,2.00,יחידה,false,1,36.90,18.4500,true,1,43524
7290117052341,false,סט 2 כוסות 250מל טנז,,,סט 2 כוסות 250מל טנזיה פודאפיל,יחידה,2.00,יחידה,false,1,42.90,21.4500,true,1,43532
7290117052365,false,סט 2 כוסות דאבל 80מל,,,סט 2 כוסות דאבל 80מל מדגסקר פוד אפיל,יחידה,2.00,יחידה,false,1,29.90,14.9500,true,1,43523
7290117053799,false,פלנצה מלבנית 27/33סמ,,,פלנצה מלבנית 27/33סמ +מלקחיים פוד אפיל,יחידה,1.00,יחידה,false,1,189.00,189.0000,true,1,44242
7290117260043,false,ריבת עלי ורדים 380 ג,,TR,ריבת עלי ורדים 380 גרם,גרמים,380.00,100 גרם,false,12,9.90,2.6053,true,1,38683
7290117260050,false,קונפיטורה חבושים 380,,TR,קונפיטורה חבושים 380 גרם,גרמים,380.00,100 גרם,false,12,9.90,2.6053,true,1,38684
7290117260074,false,שעועית ירוקה חתוכה,,BE,שעועית ירוקה חתוכה  קפואה 800גר ויליפוד,גרמים,800.00,100 גרם,false,12,7.90,0.9875,true,1,43939
7290117260579,false,חטיף לנטיל ציפס קמח,,LT,חטיף לנטיל ציפס קמח עדשים שמנת חמ 80 גרם,Unknown,0.00,Unknown,false,28,9.90,0.0000,true,1,44379
7290117260586,false,חטיף לנטיל ציפס קמח,,LT,חטיף לנטיל ציפס קמח עדשים פלפל חל 80 גרם,Unknown,0.00,Unknown,false,28,9.90,0.0000,true,1,44378
7290117260593,false,חטיף לנטיל ציפס קמח,,LT,חטיף לנטיל ציפס קמח עדשים צדר 80 גרם,Unknown,0.00,Unknown,false,28,9.90,0.0000,true,1,44377
7290117260654,false,תן בו ציפוי ט.שוקולד,,,תן בו ציפוי ט.שוקולד חלב 100גר,גרמים,100.00,100 גרם,false,24,9.90,9.9000,true,1,39939
7290117260661,false,תן בו ציפוי ט.שוקולד,,,תן בו ציפוי ט.שוקולד מריר 100גר,גרמים,100.00,100 גרם,false,24,9.90,9.9000,true,1,39938
7290117260685,false,תן בו מיקס בציפויים,,,תן בו מיקס בציפויים שונים 230גר,גרמים,230.00,100 גרם,false,16,19.90,8.6522,true,1,39937
7290117260920,false,קרקרים ללא גלוטן 125,,IT,קרקרים ללא גלוטן 125 גר כשלפ,גרמים,125.00,100 גרם,false,6,9.90,7.9200,true,1,41592
7290117260937,false,קרקרים ללא גלוטן עם,,IT,קרקרים ללא גלוטן עם עגבניות אורגני 125ג,גרמים,125.00,100 גרם,false,6,9.90,7.9200,true,1,41593
7290117260944,false,מיני גריסיני בשמן זי,,IT,מיני גריסיני בשמן זית ללג 125 גר,גרמים,125.00,100 גרם,false,6,9.90,7.9200,true,1,41591
7290117260951,false,ביסקוויט ללא גלוטן פ,,IT,ביסקוויט ללא גלוטן פירות הדר 125גר כשלפ,גרמים,125.00,100 גרם,false,6,9.90,7.9200,true,1,41595
7290117260968,false,ביסקוויט ללא גלוטן 1,,IT,ביסקוויט ללא גלוטן 125 גר כשלפ,גרמים,125.00,100 גרם,false,6,9.90,7.9200,true,1,41594
7290117261521,false,סלמון אטלנטי בשמן קנ,,LV,סלמון אטלנטי בשמן קנולה 120 גרם,גרמים,120.00,100 גרם,false,11,10.90,9.0833,true,1,44371
7290117261538,false,סלמון אטלנטי בשמן קנ,,LV,סלמון אטלנטי בשמן קנולה וצילי 120 גרם,גרמים,120.00,100 גרם,false,11,10.90,9.0833,true,1,44374
7290117261545,false,סלמון אטלנטי ברוטב ט,,LV,סלמון אטלנטי ברוטב טריאקי 120 גרם,גרמים,120.00,100 גרם,false,11,10.90,9.0833,true,1,44376
7290117261552,false,סלמון אטלנטי ברוטב ע,,LV,סלמון אטלנטי ברוטב עגבניות 120 גרם,גרמים,120.00,100 גרם,false,11,10.90,9.0833,true,1,44375
7290117261569,false,סלמון אטלנטי מעושן ב,,LV,סלמון אטלנטי מעושן בשמן קנולה 120 גרם,גרמים,120.00,100 גרם,false,11,10.90,9.0833,true,1,44372
7290117261934,false,בסיס לחצופרי קפוא 46,,GR,בסיס לחצופרי קפוא 460גר,גרמים,460.00,100 גרם,false,14,14.90,3.2391,true,1,43945
7290117262023,false,ארטישוק אלה רומנו בש,,IT,ארטישוק אלה רומנו בשמן זית ותבלינים510גר,גרמים,510.00,100 גרם,false,12,31.90,6.2549,true,1,44370
7290117380147,false,רוטב חרדל ודבש מאסטר,רמייה,NL,רוטב חרדל ודבש מאסטר שף 260 גרם,מיליליטרים,260.00,"100 מ""ל",false,6,9.90,3.8077,true,1,41318
7290117380154,false,רוטב אסיאתי לסלט מאס,רמייה,NL,רוטב אסיאתי לסלט מאסטר שף 264 מל,גרמים,264.00,100 גרם,false,6,9.90,3.7500,true,1,41319
7290117380192,false,חטיף מנה פוף קראנץ ג,Mana,,חטיף מנה פוף קראנץ גריל 60 גר,Unknown,0.00,Unknown,false,1,3.90,0.0000,true,1,39259
7290117380208,false,חטיף מנה פוף קראנץ ח,Mana,,חטיף מנה פוף קראנץ חמוץ חריף 60 גר,Unknown,0.00,Unknown,false,1,3.90,0.0000,true,1,39260
7290117380215,false,חטיף מנה פוף קראנץ ט,Mana,,חטיף מנה פוף קראנץ טאקו 60 גר,Unknown,0.00,Unknown,false,1,3.90,0.0000,true,1,39261
7290117380857,false,חטיף פייבר סלים דליס,,NL,חטיף פייבר סלים דליס לימון 5 יח 120 ג,גרמים,120.00,100 גרם,false,12,11.90,9.9167,true,1,42013
7290117380864,false,חטיף פייבר סלים דליס,,NL,חטיף פייבר סלים דליס בראוניז 5 יח 120 ג,גרמים,120.00,100 גרם,false,12,11.90,9.9167,true,1,42014
7290117380871,false,חטיף פייבר סלים דליס,,NL,חטיף פייבר סלים דליס אוכמניות 5 יח 120 ג,גרמים,120.00,100 גרם,false,12,11.90,9.9167,true,1,42012
7290117767696,false,כפפות לטקס חד פעמי מ,,,כפפות לטקס חד פעמי מדיום 100 יח עם אבקה,יחידה,100.00,יחידה,false,1,19.90,0.1990,true,1,42578
7290117767702,false,כפפות לטקס חד פעמי ל,,,כפפות לטקס חד פעמי לארג 100 יח עם אבקה,יחידה,100.00,יחידה,false,1,19.90,0.1990,true,1,42579
7290117823798,false,מארז 5יח בדיקות אנטי,,,מארז 5יח בדיקות אנטיגן,יחידה,5.00,יחידה,false,1,49.90,9.9800,true,1,40399
7290117900949,false,בוטנים אמריקאים שקדי,"שקדיה גבע תעשיות בע""",IL,בוטנים אמריקאים שקדיה 250 גרם בגביע,גרמים,250.00,100 גרם,false,1,10.00,4.0000,true,1,42851
7290117900956,false,תערובת פיצוחים קלויי,"שקדיה גבע תעשיות בע""",IL,תערובת פיצוחים קלויים שקדיה180 גרם בגביע,גרמים,180.00,100 גרם,false,1,15.90,8.8333,true,1,42862
7290117900963,false,בוטנים קלויים שקדיה,"שקדיה גבע תעשיות בע""",IL,בוטנים קלויים שקדיה 270 גרם בגביע,גרמים,270.00,100 גרם,false,1,10.00,3.7037,true,1,42854
7290117900970,false,שקדים קלויים שקדיה 1,"שקדיה גבע תעשיות בע""",IL,שקדים קלויים שקדיה 180 גרם בגביע,גרמים,180.00,100 גרם,false,1,15.90,8.8333,true,1,42855
7290117900987,false,אגוז פקאן קלוף שקדיה,"שקדיה גבע תעשיות בע""",IL,אגוז פקאן קלוף שקדיה 140 גרם בגביע,גרמים,180.00,100 גרם,false,1,15.90,8.8333,true,1,42856
7290117901007,false,פיסטוק קלוי שקדיה 13,"שקדיה גבע תעשיות בע""",IL,פיסטוק קלוי שקדיה 130 גרם בגביע,גרמים,130.00,100 גרם,false,1,15.90,12.2308,true,1,42858
7290117901014,false,קשיו קלוי שקדיה 160,"שקדיה גבע תעשיות בע""",IL,קשיו קלוי שקדיה 160 גרם בגביע,גרמים,160.00,100 גרם,false,1,15.90,9.9375,true,1,42859
7290117901038,false,אגוזי מלך קלופים שקד,"שקדיה גבע תעשיות בע""",IL,אגוזי מלך קלופים שקדיה190 גרם בגביע,גרמים,190.00,100 גרם,false,1,15.90,8.3684,true,1,42863
7290117901045,false,בוטן רביולי שקדיה 20,"שקדיה גבע תעשיות בע""",IL,בוטן רביולי שקדיה 200 גרם בגביע,גרמים,200.00,100 גרם,false,1,15.90,7.9500,true,1,42860
7290117901052,false,שקד טבעי קלוף שקדיה,"שקדיה גבע תעשיות בע""",IL,שקד טבעי קלוף שקדיה 180 גרם בגביע,גרמים,180.00,100 גרם,false,1,15.90,8.8333,true,1,42861
7290117901205,false,טורטיה טורטילס שומשו,,TR,טורטיה טורטילס שומשום ופשתן 450 גרם,גרמים,450.00,100 גרם,false,1,10.90,2.4222,true,1,44517
7290118420378,false,פינוקי פתי בר תות בש,דיקסר,,פינוקי פתי בר תות בשמנת 220 גרם,גרמים,220.00,100 גרם,false,1,10.90,4.9545,true,1,44528
7291044019315,false,מארז 10יח נורת ליבון,,IL,מארז 10יח נורת ליבון בהיר 60 וואט,יחידה,10.00,יחידה,false,1,29.90,2.9900,true,1,23637
7291044032956,false,פנס קיר מילנו 60 לדי,,,פנס קיר מילנו 60 לדים 6וואט,יחידה,1.00,יחידה,false,1,76.90,76.9000,true,1,11907
7291044045550,false,מייבש שיער יונדאי 21,,IL,מייבש שיער יונדאי 2100וואט,יחידה,1.00,יחידה,false,1,130.00,130.0000,true,1,23898
7291044045666,false,מאוורר רוטורי 16אינץ,,,מאוורר רוטורי 16אינץ סמיקום קופסה,יחידה,1.00,יחידה,false,1,199.00,199.0000,true,1,30877
7291044047219,false,קוצץ ירקות יונדאי 40,,,קוצץ ירקות יונדאי 400וואט,יחידה,1.00,יחידה,false,1,150.00,150.0000,true,1,26999
7291044048834,false,כבל מאריך 2,,IL,כבל מאריך 2,יחידה,1.00,יחידה,false,1,18.90,18.9000,true,1,23642
7291044048889,false,כבל מאריך 3,,IL,כבל מאריך 3,יחידה,1.00,יחידה,false,1,24.90,24.9000,true,1,23643
7291044050004,false,נורה אקו טי2 15וואט,,IL,נורה אקו טי2 15וואט ספירל אי14 די אל,יחידה,1.00,יחידה,false,1,23.90,23.9000,true,1,23627
7291044050011,false,נורה אקו טי2 15וואט,,IL,נורה אקו טי2 15וואט ספירל אי14 דאבל יו,יחידה,1.00,יחידה,false,1,22.90,22.9000,true,1,23628
7291044050103,false,נורה אקו טי2 23וואט,,IL,נורה אקו טי2 23וואט ספירל אי27 די אל,יחידה,1.00,יחידה,false,1,26.90,26.9000,true,1,23633
7291044052817,false,פנס קיר לדים לונדון,,,פנס קיר לדים לונדון 120 איי סי 12וואט,יחידה,1.00,יחידה,false,1,119.90,119.9000,true,1,27464
7291044052923,false,מכונת תספורת טיטניום,,,מכונת תספורת טיטניום מקצועית,יחידה,1.00,יחידה,false,1,149.00,149.0000,true,1,26995
7291044053159,false,קומקום חשמלי 2 ליטר,,IL,קומקום חשמלי 2 ליטר יונדאי פנינה,יחידה,1.00,יחידה,false,1,75.00,75.0000,true,1,23647
7291044053906,false,מחבט קטלן יתושים אקו,,,מחבט קטלן יתושים אקו יורו,יחידה,1.00,יחידה,false,1,19.90,19.9000,true,1,24957
7291044056006,false,טוסטר לחיצה נירוסטה,,,טוסטר לחיצה נירוסטה 1200וואט יונדאי,יחידה,1.00,יחידה,false,1,169.00,169.0000,true,1,44277
7291044057195,false,נורה אקו 26וואט חצי,,IL,נורה אקו 26וואט חצי ספירל די אל,יחידה,1.00,יחידה,false,1,27.90,27.9000,true,1,23635
7291044057201,false,נורה אקו 26וואט חצי,,IL,נורה אקו 26וואט חצי ספירל דאבל יו,יחידה,1.00,יחידה,false,1,27.90,27.9000,true,1,23636
7291044058833,false,מכונת תספורת לזקן,,,מכונת תספורת לזקן,יחידה,1.00,יחידה,false,1,99.90,99.9000,true,1,24457
7291044061505,false,קומקום חשמלי 2 ליטר,,IL,קומקום חשמלי 2 ליטר יונדאי שחור,יחידה,1.00,יחידה,false,1,75.00,75.0000,true,1,23648
7291044064025,false,מגהץ אדים 2200וואט ק,,IL,מגהץ אדים 2200וואט קרמי יונדאי,יחידה,1.00,יחידה,false,1,69.00,69.0000,true,1,23902
7291044066289,false,טוסטר לחייצה 4 פרוסו,,IL,טוסטר לחייצה 4 פרוסות יונדאי,יחידה,1.00,יחידה,false,1,145.00,145.0000,true,1,23897
7291044066296,false,טוסטר לחיצה ל2 פרוסו,,IL,טוסטר לחיצה ל2 פרוסות גריל יונדאי,יחידה,1.00,יחידה,false,1,75.00,75.0000,true,1,23655
7291044066364,false,רב שקע 4 עד 1מטר,,IL,רב שקע 4 עד 1מטר,יחידה,1.00,יחידה,false,1,17.90,17.9000,true,1,23640
7291044066371,false,רב שקע 5 עד 1מטר,,IL,רב שקע 5 עד 1מטר,יחידה,1.00,יחידה,false,1,18.90,18.9000,true,1,23641
7291044068672,false,כירה חשמלית כפולה לב,,IL,כירה חשמלית כפולה לבן 2500 וואט,יחידה,1.00,יחידה,false,1,170.00,170.0000,true,1,23900
7291044068689,false,כירה חשמלית בודדת לב,,IL,כירה חשמלית בודדת לבן 1500 וואט,יחידה,1.00,יחידה,false,1,89.00,89.0000,true,1,23899
7291044079135,false,מגן ברקים תקע שקע,,IL,מגן ברקים תקע שקע,יחידה,1.00,יחידה,false,1,24.90,24.9000,true,1,23639
7291044079852,false,קטלן חרקים  מוסקיטר,,,קטלן חרקים  מוסקיטר 2/6וואט UV,יחידה,1.00,יחידה,false,1,125.00,125.0000,true,1,24110
7291044081268,false,זוג נורות לד 10וואט,,IL,זוג נורות לד 10וואט איי60 אי 27 די אל,יחידה,2.00,יחידה,false,1,13.90,6.9500,true,1,23620
7291044081275,false,זוג נורות לד 10וואט,,IL,זוג נורות לד 10וואט איי60 אי 27 דאבל יו,יחידה,2.00,יחידה,false,1,13.90,6.9500,true,1,23622
7291044081305,false,זוג נורות לד 12וואט,,IL,זוג נורות לד 12וואט איי60 אי 27 די אל,יחידה,2.00,יחידה,false,1,14.90,7.4500,true,1,23623
7291044081312,false,זוג נורות לד 12וואט,,IL,זוג נורות לד 12וואט איי60 אי 27 דאבל יו,יחידה,2.00,יחידה,false,1,14.90,7.4500,true,1,23624
7291044081381,false,נורת לד נר 8וואט אי,,IL,נורת לד נר 8וואט אי 14 סאפטי די אל,יחידה,1.00,יחידה,false,1,7.90,7.9000,true,1,23911
7291044081404,false,זוג נורות לד נר 8ווא,,IL,זוג נורות לד נר 8וואט אי 14 סאפטי די אל,יחידה,2.00,יחידה,false,1,14.90,7.4500,true,1,23915
7291044081428,false,נורת לד כדור 8וואט א,,IL,נורת לד כדור 8וואט אי 27 סאפטי די אל,יחידה,1.00,יחידה,false,1,7.90,7.9000,true,1,23907
7291044084559,false,נורת לד כדור 8וואט א,,IL,נורת לד כדור 8וואט אי 14 סאפטי די אל,יחידה,1.00,יחידה,false,1,7.90,7.9000,true,1,23909
7291044084566,false,נורת לד כדור 8וואט א,,IL,נורת לד כדור 8וואט אי 14 סאפטי דאבל יו,יחידה,1.00,יחידה,false,1,7.90,7.9000,true,1,23910
7291044084849,false,נורת לד נר 8וואט אי,,IL,נורת לד נר 8וואט אי 28 סאפטי די אל,יחידה,1.00,יחידה,false,1,7.90,7.9000,true,1,23913
7291044084856,false,נורת לד נר 8וואט אי,,IL,נורת לד נר 8וואט אי 28 סאפטי דאבל יו,יחידה,1.00,יחידה,false,1,7.90,7.9000,true,1,23914
7291044086263,false,מעבד מזון יונדאי 2.4,,,מעבד מזון יונדאי 2.4 ליטר 800וואט,יחידה,1.00,יחידה,false,1,379.00,379.0000,true,1,24652
7291044088786,false,חוט נורות חשמל גרילנ,,IL,חוט נורות חשמל גרילנדה 10 מטר,מטרים,10.00,מטר,false,1,99.90,9.9900,true,1,26984
7291044091304,false,מיקסר יד חשמלי 250וו,,IL,מיקסר יד חשמלי 250וואט יונדאי,יחידה,1.00,יחידה,false,1,85.00,85.0000,true,1,23663
7291044091311,false,קוצץ ירקות 200וואט י,,IL,קוצץ ירקות 200וואט יונדאי,יחידה,1.00,יחידה,false,1,112.00,112.0000,true,1,23660
7291044094336,false,זוג נורות לד 15וואט,,IL,זוג נורות לד 15וואט איי60 אי 27 די אל,יחידה,2.00,יחידה,false,1,17.90,8.9500,true,1,23626
7291044094343,false,זוג נורות לד 15וואט,,IL,זוג נורות לד 15וואט איי60 אי 27 דאבל יו,יחידה,2.00,יחידה,false,1,17.90,8.9500,true,1,23625
7291044094572,false,משקל אדם דיגיטלי יונ,,IL,משקל אדם דיגיטלי יונדאי,יחידה,1.00,יחידה,false,1,67.00,67.0000,true,1,23901
7291044096026,false,טוסטר לחיצה ל2 פרוסו,,IL,טוסטר לחיצה ל2 פרוסות גריל שחור,יחידה,1.00,יחידה,false,1,59.90,59.9000,true,1,23653
7291044097061,false,מצנם ל2 פרוסות 750וו,,IL,מצנם ל2 פרוסות 750וואט יונדאי שחור,יחידה,1.00,יחידה,false,1,74.00,74.0000,true,1,23657
7291044097078,false,מצנם ל2 פרוסות 750וו,,IL,מצנם ל2 פרוסות 750וואט יונדאי אדום,יחידה,1.00,יחידה,false,1,74.00,74.0000,true,1,23658
7291044097542,false,בלנדר חשמלי 450וואט,,IL,בלנדר חשמלי 450וואט יונדאי,יחידה,1.00,יחידה,false,1,139.00,139.0000,true,1,23661
7291044099225,false,קומקום חשמלי 1.7 ליט,,IL,קומקום חשמלי 1.7 ליטר יונדאי שחור,יחידה,1.00,יחידה,false,1,72.00,72.0000,true,1,23649
7291044099850,false,מפצל חשמל 1 ל4 פרפר,,IL,מפצל חשמל 1 ל4 פרפר,יחידה,1.00,יחידה,false,1,16.90,16.9000,true,1,23646
7291044101621,false,פנס נישא  לדים  לבן,,,פנס נישא  לדים  לבן 21 גי1 10וואט,יחידה,1.00,יחידה,false,1,66.90,66.9000,true,1,27460
7291044103571,false,מפצל חשמל 1 ל2 סמיקו,,IL,מפצל חשמל 1 ל2 סמיקום בליסטר,יחידה,1.00,יחידה,false,1,8.90,8.9000,true,1,23644
7291044103588,false,מפצל חשמל 1 ל3 סמיקו,,IL,מפצל חשמל 1 ל3 סמיקום בליסטר,יחידה,1.00,יחידה,false,1,9.90,9.9000,true,1,23645
7291044105315,false,מיחם שבת עד 30 כוסות,,,מיחם שבת עד 30 כוסות 5.5ליטר 2000וואט,יחידה,1.00,יחידה,false,1,275.00,275.0000,true,1,27001
7291044106930,false,מטחנת קפה/תבלינים 30,,,מטחנת קפה/תבלינים 300וואט 110גר,יחידה,1.00,יחידה,false,1,169.00,169.0000,true,1,26986
7291044108002,false,קומקום חשמלי זכוכית,,,קומקום חשמלי זכוכית שחור 2ליטר יונדאי,יחידה,1.00,יחידה,false,1,89.00,89.0000,true,1,26989
7291044108019,false,קומקום חשמלי זכוכית,,,קומקום חשמלי זכוכית לבן 2ליטר יונדאי,יחידה,1.00,יחידה,false,1,89.00,89.0000,true,1,26991
7291044108026,false,קומקום חשמלי זכוכית,,,קומקום חשמלי זכוכית אדום 2ליטר יונדאי,יחידה,1.00,יחידה,false,1,89.00,89.0000,true,1,26990
7291047015130,false,תחתית סיר מסיליקון 1,,,תחתית סיר מסיליקון 18 סמ,יחידה,1.00,יחידה,false,1,21.90,21.9000,true,1,11619
7296049012927,false,קערת עירבול נירוסטה,,,קערת עירבול נירוסטה 0.75ליטר 12/7.5לקיטש,יחידה,1.00,יחידה,false,1,17.90,17.9000,true,1,40994
7296049012934,false,קערת עירבול נירוסטה,,,קערת עירבול נירוסטה 1.5ליטר 16/9.5לקיטש,יחידה,1.00,יחידה,false,1,24.90,24.9000,true,1,40995
7296049012941,false,קערת עירבול נירוסטה,,,קערת עירבול נירוסטה 3.2ליטר 22/11לקיטשן,יחידה,1.00,יחידה,false,1,34.90,34.9000,true,1,40992
7296049012958,false,קערת עירבול נירוסטה,,,קערת עירבול נירוסטה 5ליטר 28/14לקיטשן,יחידה,1.00,יחידה,false,1,59.90,59.9000,true,1,40991
7296049012965,false,קערת עירבול נירוסטה,,,קערת עירבול נירוסטה 8.8ליטר 28/16לקיטשן,יחידה,1.00,יחידה,false,1,79.90,79.9000,true,1,40993
7296049013092,false,צנצנת עגולה מכסה זכו,,,צנצנת עגולה מכסה זכוכית 1.9ליטר,יחידה,1.00,יחידה,false,1,32.90,32.9000,true,1,41039
7296049013122,false,סט 10 קופסאות זכוכית,,,סט 10 קופסאות זכוכית,יחידה,10.00,יחידה,false,1,149.90,14.9900,true,1,41044
7296049015409,false,סט 3 צנצנות זכוכית ע,,,סט 3 צנצנות זכוכית עגולות 0.8ליטר 10/15,יחידה,3.00,יחידה,false,1,39.90,13.3000,true,1,41016
7296049015508,false,קלחת+מכסה מילאנו 1.2,,,קלחת+מכסה מילאנו 1.2ליטר 16/7.5,יחידה,1.00,יחידה,false,1,89.90,89.9000,true,1,41027
7296049015522,false,סיר+מכסה מילאנו 4ליט,,,סיר+מכסה מילאנו 4ליטר 24/11,יחידה,1.00,יחידה,false,1,169.00,169.0000,true,1,41022
7296049015539,false,סיר+מכסה מילאנו 6ליט,,,סיר+מכסה מילאנו 6ליטר 28/12,יחידה,1.00,יחידה,false,1,199.90,199.9000,true,1,41028
7296049015553,false,מחבת+מכסה מילאנו 4.2,,,מחבת+מכסה מילאנו 4.2ליטר 28/8,יחידה,1.00,יחידה,false,1,149.00,149.0000,true,1,41023
7296049015560,false,מחבת מילאנו 1.3ליטר,,,מחבת מילאנו 1.3ליטר 20/5,יחידה,1.00,יחידה,false,1,79.90,79.9000,true,1,41024
7296049015577,false,מחבת מילאנו 1.7ליטר,,,מחבת מילאנו 1.7ליטר 24/5,יחידה,1.00,יחידה,false,1,79.90,79.9000,true,1,41029
7296049015584,false,מחבת מילאנו 2.3ליטר,,,מחבת מילאנו 2.3ליטר 26/5.4,יחידה,1.00,יחידה,false,1,99.90,99.9000,true,1,41030
7296049015621,false,מחבת סטייק מילאנו 2ל,,,מחבת סטייק מילאנו 2ליטר 28/28/4.7,יחידה,1.00,יחידה,false,1,119.90,119.9000,true,1,41032
7296049016055,false,לוח חיתוך לקיטשן במב,,,לוח חיתוך לקיטשן במבוק 40/25/1.6סמ,יחידה,1.00,יחידה,false,1,44.90,44.9000,true,1,44154
7296049016109,false,תרווד במבוק שטוח לקי,,,תרווד במבוק שטוח לקיטשן,יחידה,1.00,יחידה,false,1,10.90,10.9000,true,1,44139
7296049016116,false,תרווד מחורץ במבוק שט,,,תרווד מחורץ במבוק שטוח לקיטשן,יחידה,1.00,יחידה,false,1,10.90,10.9000,true,1,44140
7296049016154,false,מלקחיים לקיטשן במבוק,,,מלקחיים לקיטשן במבוק,יחידה,1.00,יחידה,false,1,19.90,19.9000,true,1,44144
7296049016239,false,מארז 5אביזרי מטבח במ,,,מארז 5אביזרי מטבח במעמד במבוק לקיטשן,יחידה,5.00,יחידה,false,1,39.90,7.9800,true,1,44152
7296049016550,false,כוס קידוש פורצלן ותח,,,כוס קידוש פורצלן ותחתית עיטור זהב לקיטשן,יחידה,1.00,יחידה,false,1,34.90,34.9000,true,1,44146
7296049017342,false,מפת שולחן לבן/בז 240,,,מפת שולחן לבן/בז 240/140 ראנר כסף 33/100,יחידה,1.00,יחידה,false,1,64.90,64.9000,true,1,44157
7296049017366,false,מפת שולחן כסף/שחור 3,,,מפת שולחן כסף/שחור 300/140ראנר 33/120כסף,יחידה,1.00,יחידה,false,1,64.90,64.9000,true,1,44159
7296049017434,false,קוצץ ידני לקיטשן מקס,,,קוצץ ידני לקיטשן מקסי 17/17/27סמ,יחידה,1.00,יחידה,false,1,64.90,64.9000,true,1,44155
7296049017441,false,קוצץ משיכה לקיטשן מק,,,קוצץ משיכה לקיטשן מקסי 12/17/10סמ,יחידה,1.00,יחידה,false,1,44.90,44.9000,true,1,44153
7296049017458,false,קוצץ משיכה לקיטשן מי,,,קוצץ משיכה לקיטשן מיני 12/12/10סמ,יחידה,1.00,יחידה,false,1,39.90,39.9000,true,1,44150
7296049017557,false,מפת שולחן לבן/בז 240,,,מפת שולחן לבן/בז 240/140 ראנר זהב 33/100,יחידה,1.00,יחידה,false,1,64.90,64.9000,true,1,44158
7296049017588,false,מפת שולחן שחור/כסף 3,,,מפת שולחן שחור/כסף 300/140ראנר 33/120זהב,יחידה,1.00,יחידה,false,1,64.90,64.9000,true,1,44161
7296049032529,false,צידנית רכה 24 ליטר,,,צידנית רכה 24 ליטר,Unknown,0.00,Unknown,false,1,84.90,0.0000,true,1,11678
7296049145052,false,סל פיקניק ידיות אלומ,,,סל פיקניק ידיות אלומיניום,יחידה,1.00,יחידה,false,1,62.90,62.9000,true,1,14201
7296049145601,false,מבער גז רב תכליתי,,,מבער גז רב תכליתי,יחידה,1.00,יחידה,false,1,69.90,69.9000,true,1,27748
7296049161502,false,כירת גז ניידת,,,כירת גז ניידת,יחידה,1.00,יחידה,false,1,125.00,125.0000,true,1,11112
7296049222005,false,סט תה/קפה/סוכר מרובע,,CN,סט תה/קפה/סוכר מרובע לבן לקיטשן 12/12/14,יחידה,3.00,יחידה,false,1,69.90,23.3000,true,1,33235
7296049222548,false,מטרפת סיליקון לקיטשן,,CN,מטרפת סיליקון לקיטשן פסטל,יחידה,1.00,יחידה,false,1,24.90,24.9000,true,1,30252
7296049222555,false,מטרפת נירוסטה לקיטשן,,CN,מטרפת נירוסטה לקיטשן פסטל,יחידה,1.00,יחידה,false,1,24.90,24.9000,true,1,30253
7296049222586,false,גלגלת לפיצה לקיטשן פ,,CN,גלגלת לפיצה לקיטשן פסטל,יחידה,1.00,יחידה,false,1,16.90,16.9000,true,1,30255
7296049222920,false,קנקן תה זכוכית 1.1לי,,,קנקן תה זכוכית 1.1ליטר שחור/לבן,יחידה,1.00,יחידה,false,1,28.90,28.9000,true,1,27741
7296049222937,false,קנקן תה זכוכית 1.5לי,,,קנקן תה זכוכית 1.5ליטר שחור/לבן,יחידה,1.00,יחידה,false,1,36.90,36.9000,true,1,27740
7296049223750,false,קרחום 200 מל צבעוני,,,קרחום 200 מל צבעוני קמפטאון,יחידה,1.00,יחידה,false,1,11.90,11.9000,true,1,27737
7296049223781,false,קרחום 600 מל צבעוני,,,קרחום 600 מל צבעוני קמפטאון,יחידה,1.00,יחידה,false,1,15.90,15.9000,true,1,27736
7296049223798,false,קרחום 1000מל צבעוני,,,קרחום 1000מל צבעוני קמפטאון,יחידה,1.00,יחידה,false,1,15.90,15.9000,true,1,27734
7296049225365,false,מערוך עץ לקיטשן 37/5,,CN,מערוך עץ לקיטשן 37/5סמ,יחידה,1.00,יחידה,false,1,31.90,31.9000,true,1,29906
7296049225372,false,מערוך עץ לקיטשן 41/6,,CN,מערוך עץ לקיטשן 41/6סמ,יחידה,1.00,יחידה,false,1,44.90,44.9000,true,1,29907
7296049225600,false,תרווד טריו שחור לקיט,,CN,תרווד טריו שחור לקיטשן,יחידה,1.00,יחידה,false,1,19.90,19.9000,true,1,33258
7296049225617,false,כף הגשה טריו שחור לק,,CN,כף הגשה טריו שחור לקיטשן,יחידה,1.00,יחידה,false,1,19.90,19.9000,true,1,33259
7296049225631,false,כף פסטה טריו שחור לק,,CN,כף פסטה טריו שחור לקיטשן,יחידה,1.00,יחידה,false,1,19.90,19.9000,true,1,33261
7296049225648,false,כף מסננת טריו שחור ל,,CN,כף מסננת טריו שחור לקיטשן,יחידה,1.00,יחידה,false,1,19.90,19.9000,true,1,33262
7296049225655,false,מועך תפוא טריו שחור,,CN,מועך תפוא טריו שחור לקיטשן,יחידה,1.00,יחידה,false,1,19.90,19.9000,true,1,33263
7296049225662,false,תרווד פנקייק טריו שח,,CN,תרווד פנקייק טריו שחור לקיטשן,יחידה,1.00,יחידה,false,1,19.90,19.9000,true,1,33264
7296049225679,false,מטרפה טריו שחור לקיט,,CN,מטרפה טריו שחור לקיטשן,יחידה,1.00,יחידה,false,1,19.90,19.9000,true,1,33265
7296049225686,false,לקקן סיליקון טריו שח,,CN,לקקן סיליקון טריו שחור לקיטשן,יחידה,1.00,יחידה,false,1,19.90,19.9000,true,1,33266
7296049225693,false,מברשת סיליקון טריו ש,,CN,מברשת סיליקון טריו שחור לקיטשן,יחידה,1.00,יחידה,false,1,19.90,19.9000,true,1,33267
7296049225709,false,קולפן טריו שחור לקיט,,CN,קולפן טריו שחור לקיטשן,יחידה,1.00,יחידה,false,1,19.90,19.9000,true,1,33268
7296049225716,false,גלגלת פיצה טריו שחור,,CN,גלגלת פיצה טריו שחור לקיטשן,יחידה,1.00,יחידה,false,1,19.90,19.9000,true,1,33269
7296049225723,false,תרווד טריו אדום לקיט,,CN,תרווד טריו אדום לקיטשן,יחידה,1.00,יחידה,false,1,19.90,19.9000,true,1,33270
7296049225730,false,כף הגשה טריו אדום לק,,CN,כף הגשה טריו אדום לקיטשן,יחידה,1.00,יחידה,false,1,19.90,19.9000,true,1,33271
7296049225747,false,מצקת טריו אדום לקיטש,,CN,מצקת טריו אדום לקיטשן,יחידה,1.00,יחידה,false,1,19.90,19.9000,true,1,33272
7296049225754,false,כף פסטה טריו אדום לק,,CN,כף פסטה טריו אדום לקיטשן,יחידה,1.00,יחידה,false,1,19.90,19.9000,true,1,33273
7296049225761,false,כף מסננת טריו אדום ל,,CN,כף מסננת טריו אדום לקיטשן,יחידה,1.00,יחידה,false,1,19.90,19.9000,true,1,33274
7296049225785,false,תרווד פנקייק טריו אד,,CN,תרווד פנקייק טריו אדום לקיטשן,יחידה,1.00,יחידה,false,1,19.90,19.9000,true,1,33276
7296049225792,false,מטרפה טריו אדום לקיט,,CN,מטרפה טריו אדום לקיטשן,יחידה,1.00,יחידה,false,1,19.90,19.9000,true,1,33277
7296049225808,false,לקקן סיליקון טריו אד,,CN,לקקן סיליקון טריו אדום לקיטשן,יחידה,1.00,יחידה,false,1,19.90,19.9000,true,1,33278
7296049225815,false,מברשת סיליקון טריו א,,CN,מברשת סיליקון טריו אדום לקיטשן,יחידה,1.00,יחידה,false,1,19.90,19.9000,true,1,33279
7296049225822,false,קולפן טריו אדום לקיט,,CN,קולפן טריו אדום לקיטשן,יחידה,1.00,יחידה,false,1,19.90,19.9000,true,1,33280
7296049225884,false,סט 6 כוסות צבעוניות,,,סט 6 כוסות צבעוניות 425מל לוריין,יחידה,6.00,יחידה,false,1,59.90,9.9833,true,1,41017
7296049225921,false,כוס קידוש בראשית,,,כוס קידוש בראשית,יחידה,1.00,יחידה,false,1,29.90,29.9000,true,1,30542
7296049226218,false,קופסת אחסון זכוכית מ,,,קופסת אחסון זכוכית מלבן לקיטשן 590מל,יחידה,1.00,יחידה,false,1,19.90,19.9000,true,1,38217
7296049226225,false,קופסת אחסון זכוכית מ,,,קופסת אחסון זכוכית מלבן לקיטשן 830מל,יחידה,1.00,יחידה,false,1,24.90,24.9000,true,1,38214
7296049226249,false,קופסת אחסון זכוכית ע,,,קופסת אחסון זכוכית עגול לקיטשן 400מל,יחידה,1.00,יחידה,false,1,14.90,14.9000,true,1,38209
7296049226263,false,קופסת אחסון זכוכית ע,,,קופסת אחסון זכוכית עגול לקיטשן 860מל,יחידה,1.00,יחידה,false,1,22.90,22.9000,true,1,38216
7296049226287,false,קופסת אחסון זכוכית מ,,,קופסת אחסון זכוכית מרובע לקיטשן 760מל,יחידה,1.00,יחידה,false,1,19.90,19.9000,true,1,38210
7296049226904,false,ספל מאג זכוכית מרסיי,,CN,ספל מאג זכוכית מרסיי,יחידה,1.00,יחידה,false,1,5.90,5.9000,true,1,30243
7296049226911,false,ספל מאג זכוכית פריז,,CN,ספל מאג זכוכית פריז,יחידה,1.00,יחידה,false,1,5.90,5.9000,true,1,30244
7296049226928,false,ספל מאג זכוכית ניס,,CN,ספל מאג זכוכית ניס,יחידה,1.00,יחידה,false,1,5.90,5.9000,true,1,30245
7296049226935,false,ספל מאג זכוכית בורדו,,CN,ספל מאג זכוכית בורדו,יחידה,1.00,יחידה,false,1,5.90,5.9000,true,1,30246
7296049226942,false,ספל מאג זכוכית ליון,,CN,ספל מאג זכוכית ליון,יחידה,1.00,יחידה,false,1,5.90,5.9000,true,1,30247
7296049226959,false,ספל מאג זכוכית טולוז,,CN,ספל מאג זכוכית טולוז,יחידה,1.00,יחידה,false,1,5.90,5.9000,true,1,30248
7296049226966,false,ספל מאג זכוכית לימוז,,CN,ספל מאג זכוכית לימוז,יחידה,1.00,יחידה,false,1,5.90,5.9000,true,1,30249
7296049226980,false,ספל מאג זכוכית פרובא,,CN,ספל מאג זכוכית פרובאנס,יחידה,1.00,יחידה,false,1,7.90,7.9000,true,1,30251
7296049238921,false,ערכת קפה פלנרו בתיק,,,ערכת קפה פלנרו בתיק חצי שקוף שחור טרוול,יחידה,1.00,יחידה,false,1,169.00,169.0000,true,1,11113
7296049259100,false,סט 3 קופסאות מהודרות,,,סט 3 קופסאות מהודרות 800סמק דן,יחידה,3.00,יחידה,false,1,12.90,4.3000,true,1,41041
7296049259117,false,סט 3 קופסאות מהודרות,,,סט 3 קופסאות מהודרות 1000סמק דן,יחידה,3.00,יחידה,false,1,12.90,4.3000,true,1,41042
7296049259124,false,סט 3 קופסאות מהודרות,,,סט 3 קופסאות מהודרות 1200סמק דן,יחידה,3.00,יחידה,false,1,12.90,4.3000,true,1,41043
7296049259759,false,קופסא לאחסון נקניק ד,,,קופסא לאחסון נקניק דן,יחידה,1.00,יחידה,false,1,13.90,13.9000,true,1,41009
7296049259766,false,סיר מיקרוגל שף 3.2לי,,,סיר מיקרוגל שף 3.2ליטר דן,יחידה,1.00,יחידה,false,1,19.90,19.9000,true,1,41013
7296049259803,false,סיר מיקרוגל מקושט 3,,,סיר מיקרוגל מקושט 3 ליטר דן,יחידה,1.00,יחידה,false,1,19.90,19.9000,true,1,41008
7296102061848,false,מטאטא לוגנו,,PL,מטאטא לוגנו,יחידה,1.00,יחידה,false,12,19.90,19.9000,true,1,23595
7296102061855,false,מטאטא ביאנקו,,PL,מטאטא ביאנקו,יחידה,1.00,יחידה,false,12,19.90,19.9000,true,1,23590
7296102061862,false,מטאטא הרמוני,,PL,מטאטא הרמוני,יחידה,1.00,יחידה,false,12,19.90,19.9000,true,1,23592
7296102061879,false,מטאטא אורו,,PL,מטאטא אורו,יחידה,1.00,יחידה,false,12,19.90,19.9000,true,1,23589
7296155152548,false,סלסלה  סרוגה  מס  3,,,סלסלה  סרוגה  מס  3 מידה 30/15/24סמ,יחידה,1.00,יחידה,false,1,28.90,28.9000,true,1,20098
7296155152555,false,סלסלה  סרוגה  מס  3,,,סלסלה  סרוגה  מס  3 מידה 18/28/34סמ,יחידה,1.00,יחידה,false,1,41.90,41.9000,true,1,20099
7296168705113,false,קיסמי שיניים,ארוינג טישו,,קיסמי שיניים,יחידה,100.00,יחידה,false,1,16.90,0.1690,true,1,12096
7297488097995,false,גרנולה דבש ללא גלוטן,נטורפוד,,גרנולה דבש ללא גלוטן 250 גר,גרמים,250.00,100 גרם,false,1,14.90,5.9600,true,1,7865
7297488098015,false,גרנולה קראנצ ללא גלו,נטורפוד,,גרנולה קראנצ ללא גלוטן 250 גר,גרמים,250.00,100 גרם,false,1,14.90,5.9600,true,1,7866
7297488098152,false,קמח חומוס דגש 500 גר,נטורפוד,,קמח חומוס דגש 500 גר ללא גלוטן,גרמים,500.00,100 גרם,false,1,16.90,3.3800,true,1,7513
7297488098169,false,קמח תירס דגש 500 גר,דגש,IL,קמח תירס דגש 500 גר  ללא גלוטן,גרמים,500.00,100 גרם,false,15,8.90,1.7800,true,1,7146
7297488098176,false,קמח סויה דגש 500 גר,דגש,IL,קמח סויה דגש 500 גר ללא גלוטן,גרמים,500.00,100 גרם,false,15,8.90,1.7800,true,1,7736
7297488098183,false,קמח אורז דגש  500 גר,נטורפוד,,קמח אורז דגש  500 גר ללא גלוטן,גרמים,500.00,100 גרם,false,1,10.50,2.1000,true,1,7737
7297488098190,false,קמח אורז מלא דגש 500,דגש,IL,קמח אורז מלא דגש 500 גר ללא גלוטן,גרמים,500.00,100 גרם,false,15,14.90,2.9800,true,1,7740
7297488098220,false,קמח ת.אדמה דגש 500 ג,דגש,IL,קמח ת.אדמה דגש 500 גר ללא גלוטן,גרמים,500.00,100 גרם,false,15,11.90,2.3800,true,1,7741
7297488098282,false,מרק עוף ללא גלוטן 50,"תבליני העליון בע""מ",,מרק עוף ללא גלוטן 500 גר דגש,גרמים,500.00,100 גרם,false,1,19.90,3.9800,true,1,7735
7297488098299,false,קמח טפיוקה דגש  500,נטורפוד,,קמח טפיוקה דגש  500 גר ללא גלוטן,גרמים,500.00,100 גרם,false,1,9.90,1.9800,true,1,7738
7297488098305,false,קמח שקדים דגש 250 גר,נטורפוד,,קמח שקדים דגש 250 גר ללא גלוטן,גרמים,250.00,100 גרם,false,1,25.90,10.3600,true,1,8186
7297488098688,false,פיצפוצי אורז מלא ללא,"תירפז בע""מ",,פיצפוצי אורז מלא ללא סוכר ומלח 450גר,גרמים,450.00,100 גרם,false,1,19.90,4.4222,true,1,14728
7297488099760,false,עוגיות בטעם חלבה 250,דגש,IL,עוגיות בטעם חלבה 250גר דגש,גרמים,250.00,100 גרם,false,20,26.90,10.7600,true,1,14725
7297488099777,false,עוגיות בטעם קשיו 250,דגש,IL,עוגיות בטעם קשיו 250גר דגש,גרמים,250.00,100 גרם,false,20,26.90,10.7600,true,1,14726
7297488099821,false,גרנולה ללא תוספת סוכ,דגש,IL,גרנולה ללא תוספת סוכר 250 גרם דגש,גרמים,250.00,100 גרם,false,20,14.90,5.9600,true,1,14729
7297488099890,false,פרוסות בסגנון קלאסי,וי גרדן,,פרוסות בסגנון קלאסי 9% 200 גר משומשו,גרמים,200.00,100 גרם,false,1,19.90,9.9500,true,1,12076
7297488099906,false,פרוסות בסגנון קלאסי,וי גרדן,,פרוסות בסגנון קלאסי 18% 200 גר משומשו,גרמים,200.00,100 גרם,false,1,19.90,9.9500,true,1,12077
7297488099951,false,תחליף מלוחה 5% 250גר,וי גרדן,,תחליף מלוחה 5% 250גר משומשו,גרמים,250.00,100 גרם,false,1,19.90,7.9600,true,1,12079
7297488199590,false,פיצפוצי אורז רגיל 45,נטורפוד,,פיצפוצי אורז רגיל 450 גר דגש,גרמים,450.00,100 גרם,false,1,19.90,4.4222,true,1,9050
7297488199606,false,פיצפוצי אורז קל 450,נטורפוד,,פיצפוצי אורז קל 450 גר דגש,גרמים,450.00,100 גרם,false,1,19.90,4.4222,true,1,9051
7297488199620,false,פיצפוצי אורז מלא 450,נטורפוד,,פיצפוצי אורז מלא 450 גר דגש,גרמים,450.00,100 גרם,false,1,19.90,4.4222,true,1,9052
7297488199682,false,קמח כוסמת ללא גלוטן,דגש,IL,קמח כוסמת ללא גלוטן 500 גר דגש,גרמים,500.00,100 גרם,false,15,14.90,2.9800,true,1,9053
7297488199781,false,קניידלך דגש ללא גלוט,נטורפוד,,קניידלך דגש ללא גלוטן 140 גר,גרמים,140.00,100 גרם,false,1,18.90,13.5000,true,1,9857
7310511802301,false,שוקולד דיים מיני 200,מונדליז,CH,שוקולד דיים מיני 200 גרם,גרמים,200.00,100 גרם,false,15,18.90,9.4500,true,1,35087
7312040017034,false,וודקה אבסולוט 1 ל,פרנו ריקרד ($),,וודקה אבסולוט 1 ל פקדון,ליטרים,1.00,ליטר,false,1,99.00,99.0000,true,1,5677
7321011040308,false,מפיות  דוני 3 שכבות,דוני,,מפיות  דוני 3 שכבות 20יח צבע לבן,יחידה,20.00,יחידה,false,1,7.50,0.3750,true,1,12098
7321011040315,false,מפיות נייר דוני תלת,דוני,NL,מפיות נייר דוני תלת שכבתי 40/40,יחידה,40.00,יחידה,false,12,10.90,0.2725,true,1,18202
7321011040629,false,מפיות  דוני 3 שכבות,דוני,,מפיות  דוני 3 שכבות 20יח צבעוני,יחידה,20.00,יחידה,false,1,7.50,0.3750,true,1,12099
7321011404070,false,מפיות  דוני 3 שכבות,דוני,,מפיות  דוני 3 שכבות 20יח מעוטרות,יחידה,20.00,יחידה,false,1,10.90,0.5450,true,1,12100
7321011550067,false,מפיות דוני אלגנט 10י,דוני,,מפיות דוני אלגנט 10יח 40/40 צבעוני,יחידה,10.00,יחידה,false,1,21.90,2.1900,true,1,12102
7321031857054,false,מפות שולחן דוני דמוי,דוני,,מפות שולחן דוני דמוי בד 180/118 צבעוני,יחידה,1.00,יחידה,false,1,17.90,17.9000,true,1,20388
7332531063135,false,ספריי שיער סאיוס סרמ,מריבור,,ספריי שיער סאיוס סרמיד לחיזוק 400 מל,מיליליטרים,400.00,"100 מ""ל",false,1,24.90,6.2250,true,1,16628
7350022390386,false,קקאו הולנדי וואן האו,Van houten,,קקאו הולנדי וואן האוטן 125 גר,גרמים,125.00,100 גרם,false,1,12.90,10.3200,true,1,6534
7350075690013,false,מברשת שיניים המבל אק,,,מברשת שיניים המבל אקולוגי סופט כחול,יחידה,1.00,יחידה,false,20,19.90,19.9000,true,1,25284
7350075690044,false,מברשת שיניים המבל אק,,,מברשת שיניים המבל אקולוגי סופט לבן,יחידה,1.00,יחידה,false,20,19.90,19.9000,true,1,25283
7350075690228,false,מב. שיניים המבל אקול,,,מב. שיניים המבל אקולוגי ילדים סופט כחול,יחידה,1.00,יחידה,false,20,19.90,19.9000,true,1,25285
7350075690235,false,מב. שיניים המבל אקול,,,מב. שיניים המבל אקולוגי ילדים סופט צהוב,יחידה,1.00,יחידה,false,20,19.90,19.9000,true,1,25286
7350075690280,false,מברשת שיניים המבל אק,,,מברשת שיניים המבל אקולוגי סופט פחם,יחידה,1.00,יחידה,false,20,19.90,19.9000,true,1,25287
7350075691492,false,משחת שיניים טבעית המ,,,משחת שיניים טבעית המבל מנטה 75מל,מיליליטרים,75.00,"100 מ""ל",false,14,24.90,33.2000,true,1,25278
7350075691584,false,משחת שיניים טבעית המ,,,משחת שיניים טבעית המבל ילדים 75מל,מיליליטרים,75.00,"100 מ""ל",false,14,24.90,33.2000,true,1,25280
7350075692734,false,קיסמי שיניים מתכלים,,,קיסמי שיניים מתכלים המבל חוט דנטלי 50יח,יחידה,50.00,יחידה,false,12,19.90,0.3980,true,1,25288
7350075692741,false,קיסמי שיניים מתכלים,,,קיסמי שיניים מתכלים המבל פחם 50יח ח.דנטל,יחידה,50.00,יחידה,false,12,19.90,0.3980,true,1,25289
7350075693564,false,מברשת שיניים המבל אק,,,מברשת שיניים המבל אקולוגי צבעי הקשת,יחידה,1.00,יחידה,false,20,19.90,19.9000,true,1,26929
7393714008503,false,קוקטייל גין תות ליים,,,קוקטייל גין תות ליים 250מל קופרברג פח.פק,מיליליטרים,250.00,"100 מ""ל",false,24,11.90,4.7600,true,1,44497
7393714368584,false,סיידר קופרברג תות לי,,,סיידר קופרברג תות ליים 330מל 4.5%פחית,מיליליטרים,330.00,"100 מ""ל",false,1,10.00,3.0303,true,1,20046
7393714369000,false,סיידר קופרברג אגסים,,,סיידר קופרברג אגסים 330מל 4.5%פחית,מיליליטרים,330.00,"100 מ""ל",false,1,10.00,3.0303,true,1,20045
7393714369208,false,סיידר קופרברג פירות,,,סיידר קופרברג פירות יער 330מל 4.5%פחית,מיליליטרים,330.00,"100 מ""ל",false,1,10.00,3.0303,true,1,20047
7393714507020,false,סיידר קופרברג תות לי,,,סיידר קופרברג תות ליים 330מל 4.5%בקבוק,מיליליטרים,330.00,"100 מ""ל",false,1,10.00,3.0303,true,1,20043
7393714508102,false,סיידר קופרברג אגסים,,,סיידר קופרברג אגסים 330מל 4.5%בקבוק,מיליליטרים,330.00,"100 מ""ל",false,1,10.00,3.0303,true,1,20042
7393714509604,false,סיידר קופרברג  תפוח,,,סיידר קופרברג  תפוח 330מל 4.5%בקבוק,מיליליטרים,330.00,"100 מ""ל",false,1,10.00,3.0303,true,1,20044
7393714645401,false,קוקטייל גין פסיפלורה,,,קוקטייל גין פסיפלורה 250מל קופרברג פח.פק,מיליליטרים,250.00,"100 מ""ל",false,24,11.90,4.7600,true,1,44499
7393714645500,false,קוקטייל גין מיקס פרי,,,קוקטייל גין מיקס פרי 250מל קופרברג פח.פק,מיליליטרים,250.00,"100 מ""ל",false,24,11.90,4.7600,true,1,44498
7394376123337,false,משקה שיבולת שועל אור,,SE,משקה שיבולת שועל אורגני 1 ליטר אוטלי,ליטרים,1.00,ליטר,false,6,14.90,14.9000,true,1,25868
7394376615825,false,משקה שיבולת שועל מוע,,SE,משקה שיבולת שועל מועשר 1 ליטר אוטלי,ליטרים,1.00,ליטר,false,6,14.90,14.9000,true,1,25867
7394376615832,false,משקה שיבולת שועל בטע,,SE,משקה שיבולת שועל בטעם שוקולד 1 ליטר,ליטרים,1.00,ליטר,false,6,14.90,14.9000,true,1,25869
7394376616778,false,משקה שיבולת שועל ברי,,SE,משקה שיבולת שועל בריסטה להקצפה 1 ליטר,ליטרים,1.00,ליטר,false,6,14.90,14.9000,true,1,25866
7441000720599,false,לבבות דקל שלם 400 גר,,CR,לבבות דקל שלם 400 גרם לה צימה,גרמים,400.00,100 גרם,false,24,11.90,2.9750,true,1,17029
7441000720605,false,לבבות דקל צנצנת 410,,CR,לבבות דקל צנצנת 410 גרם לה צימה,גרמים,410.00,100 גרם,false,12,15.90,3.8780,true,1,17028
7501013101348,false,נקטר גומקס מנגו 473,,IL,נקטר גומקס מנגו 473 מל פקדון,מיליליטרים,473.00,"100 מ""ל",false,1,9.90,2.0930,true,1,22132
7501013101355,false,נקטר גומקס אפרסק 473,,IL,נקטר גומקס אפרסק 473מל פקדון,מיליליטרים,473.00,"100 מ""ל",false,1,9.90,2.0930,true,1,22130
7501013101362,false,משקה גומקס קוקוס אננ,,IL,משקה גומקס קוקוס אננס 473 מל פקדון,מיליליטרים,473.00,"100 מ""ל",false,1,9.90,2.0930,true,1,22133
7501013101393,false,משקה גומקס אננס 473,,IL,משקה גומקס אננס 473 מל פקדון,מיליליטרים,473.00,"100 מ""ל",false,1,9.90,2.0930,true,1,22131
7501013101430,false,משקה חמוציות יוניקו,,IL,משקה חמוציות יוניקו פרסקו 473מל פקדון,מיליליטרים,473.00,"100 מ""ל",false,1,9.90,2.0930,true,1,22134
7501013101447,false,משקה רימונים יוניקו,,IL,משקה רימונים יוניקו פרסקו 473מל פקדון,מיליליטרים,473.00,"100 מ""ל",false,1,9.90,2.0930,true,1,22135
7501013122039,false,נקטר מנגו גומקס 1ליט,COMERCIALIZADORA ELO,IL,נקטר מנגו גומקס 1ליטר קרטונית,ליטרים,1.00,ליטר,false,1,9.90,9.9000,true,1,22138
7501013122053,false,נקטר אפרסק גומקס 1לי,COMERCIALIZADORA ELO,IL,נקטר אפרסק גומקס 1ליטר קרטונית,ליטרים,1.00,ליטר,false,1,9.90,9.9000,true,1,22136
7501013122114,false,משקה אננס גומקס 1ליט,COMERCIALIZADORA ELO,IL,משקה אננס גומקס 1ליטר קרטונית,ליטרים,1.00,ליטר,false,1,9.90,9.9000,true,1,22137
7501013122190,false,משקה תפוחים גומקס 1ל,COMERCIALIZADORA ELO,IL,משקה תפוחים גומקס 1ליטר קרטונית,ליטרים,1.00,ליטר,false,1,9.90,9.9000,true,1,22140
7501013122992,false,משקה קוקוס אננס גומק,COMERCIALIZADORA ELO,IL,משקה קוקוס אננס גומקס 1ליטר קרטונית,ליטרים,1.00,ליטר,false,1,9.90,9.9000,true,1,22139
7501013138047,false,משקה רימונים יוניקו,COMERCIALIZADORA ELO,,משקה רימונים יוניקו פרסקו 1ליטר קרטונית,ליטרים,1.00,ליטר,false,1,11.90,11.9000,true,1,10164
7501013138184,false,משקה חמוציות יוניקו,COMERCIALIZADORA ELO,,משקה חמוציות יוניקו פרסקו 1ליטר קרטונית,ליטרים,1.00,ליטר,false,1,11.90,11.9000,true,1,10163
7501017005055,false,פלפל חלפינוס אדום לה,,MX,פלפל חלפינוס אדום לה קוסטינה 220 גרם,גרמים,220.00,100 גרם,false,12,15.90,7.2273,true,1,32952
7501017005062,false,פלפל נאצוס לה קוסטינ,,MX,פלפל נאצוס לה קוסטינה 220 גרם,גרמים,220.00,100 גרם,false,12,15.90,7.2273,true,1,32950
7501017005833,false,פלפל חלפיניוס וגזר ל,,MX,פלפל חלפיניוס וגזר לה קוסטינה 230 גרם,גרמים,230.00,100 גרם,false,12,15.90,6.9130,true,1,32951
7501017051496,false,פלפל טורדוס לה קוסטי,,MX,פלפל טורדוס לה קוסטינה 220 גרם,גרמים,220.00,100 גרם,false,12,15.90,7.2273,true,1,32953
7501035010208,false,טקילה רזרבה אנייחו 1,,,טקילה רזרבה אנייחו 1800 750מל פקדון,מיליליטרים,750.00,"100 מ""ל",false,1,250.00,33.3333,true,1,10108
7501035042131,false,טקילה קוארבו גולד 70,,,טקילה קוארבו גולד 700 מל,מיליליטרים,700.00,"100 מ""ל",false,1,89.90,12.8429,true,1,12612
7501049936945,false,מארז שישיית בירה סול,,IL,מארז שישיית בירה סול 330מל בק.פקדון,ליטרים,1.98,ליטר,false,4,29.90,15.1010,true,1,24476
7501064191398,false,מארז 6יח בירה קורונה,,,מארז 6יח בירה קורונה בק 355 מל,מיליליטרים,2130.00,"100 מ""ל",false,1,34.90,1.6385,true,1,20843
7503012779405,false,סירופ אגווה כחול אור,נוטריאגבס,,סירופ אגבה כחול אורגני 600 מל,מיליליטרים,600.00,"100 מ""ל",false,1,29.90,4.9833,true,1,11886
7509546057545,false,דאו.ליידי ספיד סטיק,Colgate - USA,,דאו.ליידי ספיד סטיק פרו 5 סטיק 45גרם,Unknown,0.00,Unknown,false,1,21.90,0.0000,true,1,32650
7509546061160,false,משחת שיניים קולגייט,קולגייט פלמוליב,MX,משחת שיניים קולגייט ילדים מיניונים 75מל,Unknown,0.00,Unknown,false,12,15.90,0.0000,true,1,32652
7509546663135,false,משחת שיניים קולגייט,CP-Poland swidnica,MX,משחת שיניים קולגייט זירו מנטה 98מל,Unknown,0.00,Unknown,false,24,17.90,0.0000,true,1,28816
7509546666846,false,משחת שיניים קולגייט,קולגייט,MX,משחת שיניים קולגייט טוטל פחם 75מל,מיליליטרים,75.00,"100 מ""ל",false,48,19.90,26.5333,true,1,31506
7509546678702,false,משחת שיניים קולגייט,CP-Poland swidnica,PL,משחת שיניים קולגייט טוטל אנטי טרטר 100מל,מיליליטרים,100.00,"100 מ""ל",false,48,16.90,16.9000,true,1,43588
7610008005384,false,שוקולד רגוזה לבן טרו,RAGUSA,,שוקולד רגוזה לבן טרופל מקורמלת 400 גר,גרמים,400.00,100 גרם,false,1,44.90,11.2250,true,1,15087
7610008059073,false,שוקולד רגוזה פרלין א,RAGUSA,,שוקולד רגוזה פרלין אגוזי לוז100 גר,גרמים,100.00,100 גרם,false,1,16.90,16.9000,true,1,29508
7610008059080,false,שוקולד רגוזה מריר טר,RAGUSA,,שוקולד רגוזה מריר טרופל אגוזי לוז100 גר,גרמים,100.00,100 גרם,false,1,16.90,16.9000,true,1,29509
7610008059110,false,שוקולד טורינו מריר 1,קמיל בלוך,,שוקולד טורינו מריר 100 גרם,גרמים,100.00,100 גרם,false,1,15.90,15.9000,true,1,38444
7610008641506,false,שוקולד טורינו מריר 1,קמיל בלוך,,שוקולד טורינו מריר 100 גרם,גרמים,100.00,100 גרם,false,1,15.90,15.9000,true,1,17313
7610008708506,false,שוקולד רגוזה מריר טר,RAGUSA,,שוקולד רגוזה מריר טרופל אגוזי לוז400 גר,גרמים,400.00,100 גרם,false,1,44.90,11.2250,true,1,15088
7610008709008,false,שוקולד רגוזה פרלין א,RAGUSA,,שוקולד רגוזה פרלין אגוזי לוז400 גר,גרמים,400.00,100 גרם,false,1,44.90,11.2250,true,1,15089
7610008713500,false,בונבוניירה טורינו300,RAGUSA,,בונבוניירה טורינו300 גרם,גרמים,400.00,100 גרם,false,1,44.90,11.2250,true,1,21632
7610023051212,false,תערובת מוזלי שוקו אי,BIO FAMILIA,,תערובת מוזלי שוקו איקס 500 גרם,גרמים,500.00,100 גרם,false,1,19.90,3.9800,true,1,2120
7610100034084,false,מיונז טומי שפופרת265,נסטלה,,מיונז טומי שפופרת265 גרם,גרמים,265.00,100 גרם,false,1,11.90,4.4906,true,1,17412
7610113011652,false,משקה בקרדי בריזר תפו,,,משקה בקרדי בריזר תפוח 275מל פיקדון,מיליליטרים,275.00,"100 מ""ל",false,1,11.90,4.3273,true,1,25332
7610113013250,false,משקה בקרדי מוחיטו 25,בקרדי מרטיני,,משקה בקרדי מוחיטו 250מל פח.פקדון,מיליליטרים,250.00,"100 מ""ל",false,1,14.90,5.9600,true,1,41793
7610243004463,false,מסיר אבן דורגול מרסס,דורינג,,מסיר אבן דורגול מרסס 500 מל,מיליליטרים,500.00,"100 מ""ל",false,1,19.90,3.9800,true,1,5307
7610400010481,false,שוקולד לינדט אקסלנס,לינדט,,שוקולד לינדט אקסלנס מילק 100 גרם,גרמים,100.00,100 גרם,false,1,14.90,14.9000,true,1,1670
7610400013802,false,שוקולד לינדט גולד צי,לינדט,FR,שוקולד לינדט גולד צימוק אגוז ושקד 300 גר,גרמים,300.00,100 גרם,false,10,34.90,11.6333,true,1,43402
7610400013857,false,שוקולד לינדט גולד מי,לינדט,FR,שוקולד לינדט גולד מילק  300 גרם,גרמים,300.00,100 גרם,false,11,34.90,11.6333,true,1,43403
7610400013864,false,שוקולד לינדט גולד אג,לינדט,FR,שוקולד לינדט גולד אגוזי לוז 300 גרם,גרמים,300.00,100 גרם,false,10,34.90,11.6333,true,1,43404
7610400014632,false,שוקולד לינדור לבן 10,לינדט,,שוקולד לינדור לבן 100 גר,גרמים,100.00,100 גרם,false,1,16.00,16.0000,true,1,1532
7610400014649,false,שוקולד לינדור מילוי,לינדט,,שוקולד לינדור מילוי קרם רך 100 גרם,גרמים,100.00,100 גרם,false,1,16.00,16.0000,true,1,1533
7610400030632,false,בונבוניירה לינדור וו,לינדט,DE,בונבוניירה לינדור וואיט 200 גר,גרמים,200.00,100 גרם,false,8,29.90,14.9500,true,1,8607
7610400068369,false,שוקולד לינדור אגוזים,לינדט,,שוקולד לינדור אגוזים 100 גר,גרמים,100.00,100 גרם,false,1,16.00,16.0000,true,1,6067
7610400068499,false,שוקולד לינדט גולד שק,לינדט,FR,שוקולד לינדט גולד שקד שלם 300 גרם,גרמים,300.00,100 גרם,false,10,34.90,11.6333,true,1,43617
7610400068505,false,בונבוניירה לינדור מי,לינדט,,בונבוניירה לינדור מילק 200 ג,גרמים,200.00,100 גרם,false,1,29.90,14.9500,true,1,5771
7610400068529,false,בונבוניירה לינדור אס,לינדט,,בונבוניירה לינדור אסורטד 200 ג,גרמים,200.00,100 גרם,false,1,29.90,14.9500,true,1,4129
7610400070577,false,שוקולד לינדט אקסלנס,לינדט,,שוקולד לינדט אקסלנס צילי 100 גרם,גרמים,100.00,100 גרם,false,1,14.90,14.9000,true,1,10803
7610400074155,false,שוקולד לינדור 60% מר,לינדט,,שוקולד לינדור 60% מריר  100 גרם,גרמים,100.00,100 גרם,false,1,16.00,16.0000,true,1,6066
7610400075770,false,שוקולד לינדט לגרנד מ,לינדט,,שוקולד לינדט לגרנד מריר אגוזים 150 גר,גרמים,150.00,100 גרם,false,1,24.90,16.6000,true,1,6781
7610400075787,false,שוקולד לינדט לגרנד ח,לינדט,,שוקולד לינדט לגרנד חלב אגוזים 150 גר,גרמים,150.00,100 גרם,false,1,24.90,16.6000,true,1,6780
7610400075794,false,שוקולד לינדט לגרנד ל,לינדט,,שוקולד לינדט לגרנד לבן שקדים 150 גר,גרמים,150.00,100 גרם,false,1,24.90,16.6000,true,1,6782
7610400085946,false,שוקולד לינדט לגרנד מ,לינדט,,שוקולד לינדט לגרנד מריר שקד מלוח 150 גר,גרמים,150.00,100 גרם,false,1,24.90,16.6000,true,1,22187
7610400086202,false,שוקולד לינדט לגרנד ב,לינדט,,שוקולד לינדט לגרנד בלוברי 150 גר,גרמים,150.00,100 גרם,false,1,24.90,16.6000,true,1,15897
7610400091060,false,שוקולד לינדט אקסלנס,לינדט,,שוקולד לינדט אקסלנס תפוז 100 גרם,גרמים,100.00,100 גרם,false,1,14.90,14.9000,true,1,25074
7610700002681,false,סוכ.ריקולה צמחים ללא,,,סוכ.ריקולה צמחים ללא סוכר 50 גר,Unknown,0.00,Unknown,false,1,12.90,0.0000,true,1,25026
7610700009956,false,סוכ.ריקולה סמבוקוס ל,,,סוכ.ריקולה סמבוקס ללא סוכר 50 גר,Unknown,0.00,Unknown,false,1,12.90,0.0000,true,1,27059
7610700012642,false,סוכ.ריקולה צמחים לימ,,,סוכ.ריקולה צמחים לימון 70 גר בשקית,Unknown,0.00,Unknown,false,1,9.90,0.0000,true,1,28901
7610700013083,false,סוכ.ריקולה מנטה ללא,,,סוכ.ריקולה מנטה ללא סוכר 50 גר,Unknown,0.00,Unknown,false,1,12.90,0.0000,true,1,35026
7610700607046,false,סוכ.ריקולה מנטה לימו,,,סוכ.ריקולה מנטה לימון ללא סוכר 50 גר,Unknown,0.00,Unknown,false,1,12.90,0.0000,true,1,5816
7610700607077,false,סוכ.ריקולה תפוז ללא,,,סוכ.ריקולה תפוז ללא סוכר 50 גר,Unknown,0.00,Unknown,false,1,12.90,0.0000,true,1,5817
7610700614914,false,סוכ.ריקולה פטל חמוצי,,,סוכ.ריקולה פטל חמוציות ללא סוכר 50 גר,Unknown,0.00,Unknown,false,1,12.90,0.0000,true,1,5819
7610815012384,false,שוקולד סוויס 72% מרי,,CH,שוקולד סוויס 72% מריר פולי קפה 100 גרם,גרמים,100.00,100 גרם,false,13,11.90,11.9000,true,1,30328
7610928010048,false,נוזל הגרטי לניקוי כל,הגרטי,,נוזל הגרטי לניקוי כלי כסף 100 מל,מיליליטרים,100.00,"100 מ""ל",false,1,33.90,33.9000,true,1,3999
7610928091184,false,משחה לניקוי כלי כסף,הגרטי,NL,משחה לניקוי כלי כסף ולהברקה 185גר הגרטי,גרמים,185.00,100 גרם,false,12,39.90,21.5676,true,1,22636
7610928263000,false,אמבט להברקת תכשיטי ז,,,אמבט להברקת תכשיטי זהב ויהלומים הגרטי,Unknown,0.00,Unknown,false,1,39.90,0.0000,true,1,22333
7610928263017,false,אמבט להברקת תכשיטי כ,,,אמבט להברקת תכשיטי כסף הגרטי,Unknown,0.00,Unknown,false,1,39.90,0.0000,true,1,22334
7612100061558,false,אבקה אובלטין להכנת מ,יוניליוור,GB,אבקה אובלטין להכנת משקה 300 גר,גרמים,300.00,100 גרם,false,6,25.90,8.6333,true,1,30761
7613030979647,false,דגני טריקס טעם פירות,ג.נרל מילס,,דגני בוקר טריקס טעם פירות 480 ג,גרמים,480.00,100 גרם,false,1,22.90,4.7708,true,1,17158
7613032045753,false,דגני פיטנס עם שוקולד,נסטלה צרפת איטנקורט,,דגני בוקר פיטנס עם שוקולד 375 ג,גרמים,375.00,100 גרם,false,1,19.90,5.3067,true,1,5389
7613032596668,false,שוקולד אפטר אייט מנט,נסטלה,PL,שוקולד אפטר אייט מנטה 200 גרם,גרמים,200.00,100 גרם,false,12,14.90,7.4500,true,1,40702
7613033548192,false,דגני פיטנס שוקולד מר,נסטלה צרפת איטנקורט,,דגני בוקר פיטנס שוקולד מריר 375 ג,גרמים,375.00,100 גרם,false,1,19.90,5.3067,true,1,7517
7613034146502,false,מזון לכלב מיני אקטיב,פורינה ONE,IT,מזון לכלב מיני אקטיב עוף פורינה 1.5 קג,קילוגרמים,1.50,"ק""ג",false,1,49.90,33.2667,true,1,22383
7613035378643,false,דנטלייף גזע גדול 4,,,דנטלייף גזע גדול 4   115 גר,גרמים,142.00,100 גרם,false,6,15.90,11.1972,true,1,38061
7613035379794,false,דנטלייף גזע בינוני 5,,,דנטלייף גזע בינוני 5   115 גר,גרמים,115.00,100 גרם,false,6,15.90,13.8261,true,1,38060
7613035379817,false,דנטלייף גזע קטן 7 11,,,דנטלייף גזע קטן 7 115 גר,גרמים,115.00,100 גרם,false,6,15.90,13.8261,true,1,38059
7613035548374,false,דגני גולדן מיניס 570,נסטלה פולין דגני בוק,,דגני בוקר גולדן מיניס 570 גרם,גרמים,570.00,100 גרם,false,1,22.90,4.0175,true,1,12353
7613035619050,false,קרחוני חמשושים מפלצו,נסטלה,,קרחוני חמשושים מפלצות,יחידה,1.00,יחידה,false,1,8.90,8.9000,true,1,14249
7613035622623,false,גרנולה פיטנס שקדים ו,,,גרנולה פיטנס שקדים ודבש 300 ג,גרמים,300.00,100 גרם,false,1,12.90,4.3000,true,1,12746
7613035635845,false,גרנולה פיטנס שוקולד,,,גרנולה פיטנס שוקולד 300 ג,גרמים,300.00,100 גרם,false,1,12.90,4.3000,true,1,12747
7613035758834,false,גרנולה פיטנס חמוציות,נסטלה,,גרנולה פיטנס חמוציות 300 ג,גרמים,300.00,100 גרם,false,1,12.90,4.3000,true,1,13646
7613035807778,false,רוטב עגבניות פרפקטו,נסטלה,,רוטב עגבניות פרפקטו לבולונז400 גר,גרמים,400.00,100 גרם,false,1,8.90,2.2250,true,1,13521
7613035809109,false,רוטב עגבניות פרפקטו,נסטלה,,רוטב עגבניות פרפקטו בזיליקום400 גר,גרמים,400.00,100 גרם,false,1,8.90,2.2250,true,1,13524
7613035809123,false,רוטב עגבניות פרפקטו,נסטלה,,רוטב עגבניות פרפקטו פלפלים400 גר,גרמים,400.00,100 גרם,false,1,8.90,2.2250,true,1,13523
7613035809857,false,רוטב עגבניות פרפקטו,נסטלה,,רוטב עגבניות פרפקטו לפסטה 400 גר,גרמים,400.00,100 גרם,false,1,8.90,2.2250,true,1,13522
7613035975897,false,רביעיית מים מינרליים,נסטלה,,רביעיית מים מינרליים פרייה 330 מל פיקדון,מיליליטרים,1320.00,"100 מ""ל",false,1,22.90,1.7348,true,1,21828
7613036105545,false,מזון כלבים דוגלי יבש,נסטלה פורינה באק הונ,,מזון כלבים דוגלי יבש גזע קטן 3 קג,קילוגרמים,3.00,"ק""ג",false,1,44.90,14.9667,true,1,15199
7613036105637,false,מזון כלבים דוגלי יבש,נסטלה פורינה באק הונ,,מזון כלבים דוגלי יבש בשר ועוף 12 קג,קילוגרמים,12.00,"ק""ג",false,1,120.00,10.0000,true,1,15201
7613036105651,false,מזון כלבים דוגלי יבש,נסטלה פורינה באק הונ,,מזון כלבים דוגלי יבש בשר וכבד 12 קג,קילוגרמים,12.00,"ק""ג",false,1,120.00,10.0000,true,1,15202
7613036286015,false,מארז 4יח מיץ פריה מנ,,IL,מארז 4יח מיץ פריה מנגו אננס 250מל פח.פקד,מיליליטרים,1000.00,"100 מ""ל",false,6,25.90,2.5900,true,1,28678
7613036520492,false,רוטב עגבניות פרפקטו,נסטלה,,רוטב עגבניות פרפקטו לפיצה400 גר,גרמים,400.00,100 גרם,false,1,8.90,2.2250,true,1,17160
7613036576734,false,קרחוני חמשושים,נסטלה,,קרחוני חמשושים,יחידה,1.00,יחידה,false,1,8.90,8.9000,true,1,17658
7613036725286,false,דנטלייף לחתוך סלמון,,,דנטלייף לחתוך סלמון 40 גר,גרמים,40.00,100 גרם,false,8,10.90,27.2500,true,1,38063
7613036725309,false,דנטלייף לחתוך עוף 40,,,דנטלייף לחתוך עוף 40 גר,גרמים,40.00,100 גרם,false,8,10.90,27.2500,true,1,38062
7613036737623,false,דגני קראנץ מיקס 410,"אסם תעשיות בע""מ",,דגני בוקר קראנץ מיקס 410 גר,גרמים,410.00,100 גרם,false,1,22.90,5.5854,true,1,18371
7613036760195,false,קפסולות אספרסו דולצה,נסטלה אנגליה,,קפסולות אספרסו דולצה גוסטו אינטנסו16יח,יחידה,16.00,יחידה,false,1,28.90,1.8062,true,1,19718
7613036842198,false,נסקפה נסטלה קלאסי 1+,,,נסקפה נסטלה קלאסי 1+3 170 גרם,גרמים,170.00,100 גרם,false,18,12.90,7.5882,true,1,31286
7613036867870,false,קפסולות אספרסו דולצה,נסטלה אנגליה,,קפסולות אספרסו דולצה גוסטו בריסטה16יח,יחידה,16.00,יחידה,false,1,28.90,1.8062,true,1,19719
7613036880534,false,מחית גרבר שלב3 מרק ע,נסטלה פולסקה אס.איי,,מחית גרבר שלב3 מרק עגבניות 190 גרם,גרמים,190.00,100 גרם,false,1,6.50,3.4211,true,1,22227
7613036880855,false,מחית גרבר שלב 3 תפוח,נסטלה פולסקה אס.איי,,מחית גרבר שלב 3 תפוח עץ ובננה 190 גר,גרמים,190.00,100 גרם,false,1,6.50,3.4211,true,1,22226
7613036932943,false,מארז 5 יח חטיף נסקוו,נסטלה,PL,מארז 5 יח חטיף נסקוויק 95 גר,Unknown,0.00,Unknown,false,20,11.00,0.0000,true,1,40703
7613036976695,false,פריסקיז פאוצ בקר 85,נסטלה פורינה  USA מק,,פריסקיז פאוצ בקר 85 גר,Unknown,0.00,Unknown,false,26,4.50,0.0000,true,1,25936
7613036976718,false,פריסקיז פאוצ ברווז 8,נסטלה פורינה  USA מק,,פריסקיז פאוצ ברווז 85 גר,Unknown,0.00,Unknown,false,26,4.50,0.0000,true,1,25938
7613037012200,false,מחית גרבר תפוח מנגו,נסטלה פולסקה אס.איי,IL,מחית תפוח מנגו גזר פאצ 90גר,Unknown,0.00,Unknown,false,16,5.90,0.0000,true,1,23558
7613037686906,false,דגני פיטנס שקדים ודב,נסטלה צרפת איטנקורט,,דגני בוקר פיטנס עם שקדים ודבש 355 ג,גרמים,355.00,100 גרם,false,1,19.90,5.6056,true,1,22359
7613038451954,false,דגני קראנץ שוקולד מו,נסטלה צרפת איטנקורט,,קראנץ שוקולד מופחת סוכר 410 גרם,גרמים,410.00,100 גרם,false,1,22.90,5.5854,true,1,23304
7613039547632,false,מחית גרבר תפוח בננה,מטרנה,ES,מחית גרבר תפוח בננה תות פאוץ 90גר,יחידה,1.00,יחידה,false,16,6.90,6.9000,true,1,26575
7613039547731,false,מחית גרבר תפוח משמש,מטרנה,ES,מחית גרבר תפוח משמש פאוץ 90גר,יחידה,1.00,יחידה,false,16,6.90,6.9000,true,1,26577
7613039547922,false,מחית גרבר תפוח בננה,מטרנה,ES,מחית גרבר תפוח בננה אגס פאוץ 90גר,יחידה,1.00,יחידה,false,16,6.90,6.9000,true,1,26576
7613039770450,false,בורגר טבעול סנסשיונל,טבעול ישראל,IL,בורגר טבעול סנסשיונל 226גר,גרמים,226.00,100 גרם,false,10,34.90,15.4425,true,1,27362
7613039771174,false,טחון מן הצומח טבעול,טבעול ישראל,IL,טחון מן הצומח טבעול מינס סנסשיונל 226גר,גרמים,226.00,100 גרם,false,6,34.90,15.4425,true,1,27363
7613039879382,false,מחית גרבר שלב 3 תפוח,נסטלה פולסקה אס.איי,,מחית גרבר שלב 3 תפוחי עץ 190 גר,גרמים,190.00,100 גרם,false,1,6.90,3.6316,true,1,29818
7613039880807,false,מחית גרבר שלב 3 תפוח,נסטלה פולסקה אס.איי,,מחית גרבר שלב 3 תפוח גזר 190 גר,גרמים,190.00,100 גרם,false,1,6.90,3.6316,true,1,29816
7613039881965,false,מחית גרבר שלב 3 תפוח,נסטלה פולסקה אס.איי,,מחית גרבר שלב 3 תפוח גזר מנגו 190 גר,גרמים,190.00,100 גרם,false,1,6.90,3.6316,true,1,29817
7613287104083,false,שוקולד סמארטיז חלב ט,נסטלה אנגליה,GB,שוקולד סמארטיז חלב טעם תפוז 90 גרם,Unknown,0.00,Unknown,false,18,9.90,0.0000,true,1,43424
7613287155863,false,מחית גרבר אגס פאצ 90,נסטלה פולסקה אס.איי,IL,מחית אגס פאצ 90גר,Unknown,0.00,Unknown,false,16,6.90,0.0000,true,1,31766
7613287155894,false,מחית גרבר אפרסק פאצ,נסטלה פולסקה אס.איי,IL,מחית אפרסק פאצ 90גר,Unknown,0.00,Unknown,false,16,6.90,0.0000,true,1,31768
7613287155924,false,מחית גרבר תפוח גזר פ,נסטלה פולסקה אס.איי,IL,מחית תפוח גזר פאצ 90גר,Unknown,0.00,Unknown,false,16,6.90,0.0000,true,1,31767
7613287181411,false,מחית ויטמנציק סלט פי,נסטלה,ES,מחית ויטמנציק סלט פירות 110 גרם,גרמים,110.00,100 גרם,false,8,5.90,5.3636,true,1,33189
7613287182326,false,מחית ויטמנציק תפוח ב,נסטלה,ES,מחית ויטמנציק תפוח בננה 110 גרם,גרמים,110.00,100 גרם,false,8,5.90,5.3636,true,1,33186
7613287182357,false,מחית ויטמנציק אגס תפ,נסטלה,ES,מחית ויטמנציק אגס תפוח ופירות יער110 גרם,גרמים,110.00,100 גרם,false,8,5.90,5.3636,true,1,33190
7613287182425,false,מחית ויטמנציק תפוח ב,נסטלה,ES,מחית ויטמנציק תפוח בננה תות 110 גרם,גרמים,110.00,100 גרם,false,8,5.90,5.3636,true,1,33187
7613287182456,false,מחית ויטמנציק אגס תפ,נסטלה,ES,מחית ויטמנציק אגס תפוח בננה 110 גרם,גרמים,110.00,100 גרם,false,8,5.90,5.3636,true,1,33188
7613287182487,false,מחית ויטמנציק תפוח ב,נסטלה,ES,מחית ויטמנציק תפוח בננה פירות יער110 גרם,גרמים,110.00,100 גרם,false,8,5.90,5.3636,true,1,33191
7613287325808,false,רוטב אוסם אולי שום ל,נסטלה,PL,רוטב אוסם אולי שום לחיץ 295 גרם,גרמים,295.00,100 גרם,false,8,13.90,4.7119,true,1,38676
7613287325822,false,רוטב אוסם מיקס לחיץ,נסטלה,PL,רוטב אוסם מיקס לחיץ 295 גרם,גרמים,295.00,100 גרם,false,8,13.90,4.7119,true,1,38678
7613287325853,false,רוטב אוסם ספייסי אוי,נסטלה,PL,רוטב אוסם ספייסי אוילי לחיץ 295 גרם,גרמים,295.00,100 גרם,false,8,13.90,4.7119,true,1,38677
7613287325952,false,רוטב אוסם ברביקיו לח,נסטלה,PL,רוטב אוסם ברביקיו לחיץ 335 גרם,גרמים,335.00,100 גרם,false,8,13.90,4.1493,true,1,38681
7613287325983,false,רוטב אוסם סלסה לחיץ,נסטלה,PL,רוטב אוסם סלסה לחיץ 335 גרם,גרמים,335.00,100 גרם,false,8,13.90,4.1493,true,1,38680
7613287394323,false,דגני מולטי ציריוס 60,נסטלה פולין דגני בוק,,דגני מולטי ציריוס 600 גרם,גרמים,600.00,100 גרם,false,1,22.90,3.8167,true,1,32492
7613287476494,false,מיונז אוסם לחיץ 280,נסטלה,PL,מיונז אוסם לחיץ 280 גרם,גרמים,280.00,100 גרם,false,8,13.90,4.9643,true,1,38679
7613287525789,false,מארז 6יח מים פרייה 5,סן-פלגרינו,,מארז 6יח מים פרייה 500 מל פקדון,ליטרים,3.00,ליטר,false,1,32.90,10.9667,true,1,34690
7613287654151,false,דגני כריות שוקו בננה,ג.נרל מילס,,דגני כריות שוקו בננה 385 גרם,גרמים,385.00,100 גרם,false,1,22.90,5.9481,true,1,32834
7613287821348,false,נתחוני  עוף טבעוני,טבעול ישראל,,נתחוני  עוף טבעוני  350גר טבעול,גרמים,350.00,100 גרם,false,6,32.90,9.4000,true,1,32792
7614500035788,false,שוקולד טובלרון חלב 2,מונדליז,,שוקולד טובלרון חלב 200 גר,גרמים,200.00,100 גרם,false,1,11.90,5.9500,true,1,29371
7617400098358,false,גלילי ופל טרופינו קר,,CH,גלילי ופל טרופינו קרם אגוז 100 גרם,גרמים,100.00,100 גרם,false,10,10.90,10.9000,true,1,44925
7617400098839,false,גלילי ופל טרופינו קר,,CH,גלילי ופל טרופינו קרם קוקוס 75 גרם,Unknown,0.00,Unknown,false,10,10.90,0.0000,true,1,44926
7622010001858,false,עוגיות אוראו קרם וני,,,עוגיות אוראו קרם וניל 176 גרם,גרמים,176.00,100 גרם,false,1,8.90,5.0568,true,1,12618
7622200009084,false,שוקולד מילקה ביסקויט,מונדליז,AT,שוקולד מילקה ביסקויט שוקו 300 גרם,גרמים,300.00,100 גרם,false,12,14.90,4.9667,true,1,28382
7622201050757,false,שוקולד מילקה חלב עם,מונדליז,,שוקולד מילקה חלב עם קרמל 100 גר,גרמים,100.00,100 גרם,false,1,6.90,6.9000,true,1,5419
7622201120931,false,שוקולד מילקה אוראו ל,מונדליז,HU,שוקולד מילקה אוראו לבן 100 גרם,גרמים,100.00,100 גרם,false,16,6.90,6.9000,true,1,42008
7622201124809,false,שוקולד קוטדור לבן מי,מונדליז,BE,שוקולד קוטדור לבן מילוי פרלין 200 גרם,גרמים,200.00,100 גרם,false,12,22.90,11.4500,true,1,39963
7622201127206,false,ממרח מילקה אגוזים350,מונדליז,AT,ממרח מילקה אגוזים350 גרם,גרמים,350.00,100 גרם,false,6,12.90,3.6857,true,1,38554
7622201127398,false,חטיפי מילקה אוראו מי,מונדליז,UA,חטיפי מיני אוראו חלב 153 גרם,גרמים,153.00,100 גרם,false,10,15.90,10.3922,true,1,25376
7622201401900,false,עוגיות מילקה סנסיישן,מונדליז,PL,עוגיות מילקה סנסיישן אוראו 156 גרם,גרמים,156.00,100 גרם,false,12,12.90,8.2692,true,1,28378
7622201502515,false,עוגיות מילקה קוקי לו,מונדליז,,עוגיות מילקה קוקי לופ 132 גרם,גרמים,150.00,100 גרם,false,1,12.90,8.6000,true,1,38072
7622201783297,false,שוקולד קדבורי חלב צי,מונדליז,GB,שוקולד קדבורי חלב צימוק ושקד 180 גרם,גרמים,180.00,100 גרם,false,14,19.90,11.0556,true,1,43415
7622201783365,false,שוקולד קדבורי חלב 18,מונדליז,GB,שוקולד קדבורי חלב 180 גרם,גרמים,180.00,100 גרם,false,16,19.90,11.0556,true,1,43413
7622201801809,false,שוקולד מילקה חלב אגו,מונדליז,,שוקולד מילקה חלב אגוז 100 ג,גרמים,100.00,100 גרם,false,1,6.90,6.9000,true,1,32582
7622201802363,false,שוקולד מילקה חלב צימ,מונדליז,,שוקולד מילקה חלב צימוק אגוז 100 ג,גרמים,100.00,100 גרם,false,1,6.90,6.9000,true,1,32581
7622201802394,false,שוקולד מילקה מיסרוני,מונדליז,DE,שוקולד מילקה מיסרונים 100 ג,גרמים,100.00,100 גרם,false,1,6.90,6.9000,true,1,32580
7622201808631,false,עוגיות אוראו וניל בכ,מונדליז,אנדונזיה,עוגיות אוראו וניל בכוס 67 גרם,Unknown,0.00,Unknown,false,12,7.90,0.0000,true,1,44696
7622201809188,false,ביסקויט מילקה חצי מצ,מונדליז,,ביסקויט מילקה חצי מצופה 150 גרם,גרמים,168.00,100 גרם,false,1,12.90,7.6786,true,1,30225
7622201813390,false,וופל מילקה במילוי קר,מונדליז,,וופל מילקה במילוי קרם קקאו 150 ג,גרמים,150.00,100 גרם,false,1,12.90,8.6000,true,1,30224
7622201819170,false,שוקולד מילקה דארק שק,מונדליז,DE,שוקולד מילקה דארק שקדים 85 גר,Unknown,0.00,Unknown,false,25,7.90,0.0000,true,1,38073
7622201819552,false,שוקולד מילקה דארק 85,מונדליז,DE,שוקולד מילקה דארק 85 גר,Unknown,0.00,Unknown,false,25,7.90,0.0000,true,1,38075
7622201823733,false,עוגיות מילקה טינס דק,מונדליז,ES,עוגיות מילקה טינס דקות 151 גרם,גרמים,151.00,100 גרם,false,12,12.90,8.5430,true,1,44946
7622210077691,false,שוקולד קדבורי חלב או,מונדליז,DE,שוקולד קדבורי חלב אוורירי  87 גרם,Unknown,0.00,Unknown,false,12,9.90,0.0000,true,1,44252
7622210078131,false,שוקולד מילקה שבבי קר,מונדליז,,שוקולד מילקה שבבי קרמל 100 גרם,גרמים,100.00,100 גרם,false,1,6.90,6.9000,true,1,14783
7622210117762,false,בונבוניירה בושה קודט,מונדליז,SK,בונ.קוטדור בושה 200 גר,גרמים,200.00,100 גרם,false,12,14.90,7.4500,true,1,26829
7622210137234,false,עוגיות אוראו דאבל קר,,,עוגיות אוראו דאבל קרם וניל 170 גרם,גרמים,170.00,100 גרם,false,1,8.90,5.2353,true,1,43906
7622210163899,false,שוקולד מילקה עם עדשי,מונדליז,,שוקולד מילקה עם עדשים 100 גר,גרמים,100.00,100 גרם,false,1,6.90,6.9000,true,1,17951
7622210229502,false,שוקולד קוטדור בושה מ,מונדליז,SK,שוקולד קוטדור בושה מיני 1 קג,קילוגרמים,1.00,"ק""ג",false,12,69.90,69.9000,true,1,44285
7622210240200,false,שוקולד מילקה אוראו 3,מונדליז,,שוקולד מילקה אוראו 300 גר,גרמים,300.00,100 גרם,false,1,14.90,4.9667,true,1,24439
7622210335630,false,שוקולד קדבורי חלב אג,מונדליז,DE,שוקולד קדבורי חלב אגוזי לוז90 גרם,Unknown,0.00,Unknown,false,12,9.90,0.0000,true,1,44251
7622210335647,false,שוקולד קדבורי חלב 90,מונדליז,DE,שוקולד קדבורי חלב 90 גרם,Unknown,0.00,Unknown,false,12,9.90,0.0000,true,1,44250
7622210392589,false,שוקולד טובלרון טייני,מונדליז,,שוקולד טובלרון טייני חלב 200 גר,גרמים,200.00,100 גרם,false,1,12.90,6.4500,true,1,31017
7622210453327,false,עוגיות מילקה סנסיישן,מונדליז,,עוגיות מילקה סנסיישן 156גר,גרמים,156.00,100 גרם,false,1,12.90,8.2692,true,1,15943
7622210462534,false,עוג.מיני אוראו קרם ת,,,עוג.מיני אוראו קרם תות כוס 67 גרם,Unknown,0.00,Unknown,false,1,7.90,0.0000,true,1,31803
7622210462985,false,שוקולד קוטדור חלב 20,מונדליז,BE,שוקולד קוטדור חלב 200 גרם,גרמים,200.00,100 גרם,false,12,22.90,11.4500,true,1,39962
7622210464729,false,עוגיות אוראו גולדן ק,מונדליז,UA,עוגיות אוראו גולדן קרם וניל 154 גרם,גרמים,154.00,100 גרם,false,16,7.90,5.1299,true,1,22475
7622210541994,false,עוג.מיני אוראו קרם מ,,,עוג.מיני אוראו קרם מוקה כוס 67 גרם,Unknown,0.00,Unknown,false,1,7.90,0.0000,true,1,31814
7622210597915,false,לבבות מילקה פרלינים,מונדליז,BO,לבבות מילקה פרלינים 110 גרם,גרמים,110.00,100 גרם,false,10,10.90,9.9091,true,1,26846
7622210635105,false,עוגיות אוראו קרם תות,מונדליז,ES,עוגיות אוראו קרם תות 154 גרם,גרמים,154.00,100 גרם,false,16,7.90,5.1299,true,1,22473
7622210637994,false,אוראו ביס קראנצי קרם,מונדליז,ES,אוראו ביס קראנצי קרם וניל 110 גרם,גרמים,110.00,100 גרם,false,8,8.90,8.0909,true,1,28379
7622210638021,false,אוראו ביס קראנצי קרם,מונדליז,ES,אוראו ביס קראנצי קרם שוקו 110 גרם,גרמים,110.00,100 גרם,false,8,8.90,8.0909,true,1,28380
7622210640062,false,גב. פילדלפיה עם פלפל,מונדליז,,גב. פילדלפיה עם פלפל חלפינו 175גר,גרמים,175.00,100 גרם,false,1,14.90,8.5143,true,1,29387
7622210653307,false,תערובת עוגת אוראו 21,מונדליז,ES,תערובת עוגת אוראו 215 גרם,גרמים,350.00,100 גרם,false,6,24.90,7.1143,true,1,39664
7622210653635,false,מילקה מומנט מיקס מינ,מונדליז,DE,מילקה מומנט מיקס מיני שוקולד 169גר,גרמים,169.00,100 גרם,false,8,21.90,12.9586,true,1,39146
7622210690883,false,שוקולדמילקה חלב מונד,מונדליז,AT,שוקולדמילקה חלב מונדיאל 270 גרם,גרמים,270.00,100 גרם,false,16,15.90,5.8889,true,1,44675
7622210724519,false,שוקולד קוטדור ביו 70,מונדליז,DE,שוקולד קוטדור ביו 70% מריר 90 גר,Unknown,0.00,Unknown,false,18,14.90,0.0000,true,1,29192
7622210724557,false,שוקולד קוטדור ביו 90,מונדליז,DE,שוקולד קוטדור ביו 90% מריר 90 גרם,Unknown,0.00,Unknown,false,18,14.90,0.0000,true,1,30087
7622210748997,false,פירורי ביסקויט אוראו,מונדליז,DE,פירורי ביסקויט אוראו 300 גרם,גרמים,300.00,100 גרם,false,18,14.90,4.9667,true,1,31274
7622210751010,false,עוגת ברני ספוג שוקול,מונדליז,PL,עוגת ברני ספוג שוקולד קרם שוקו 150 גרם,גרמים,150.00,100 גרם,false,24,10.90,7.2667,true,1,40047
7622210826053,false,שוקולד מילקה אוראו ס,מונדליז,HU,שוקולד מילקה אוראו סנדוויץ 92 גר,Unknown,0.00,Unknown,false,16,6.90,0.0000,true,1,28381
7622210829085,false,עוגיות אוראו דקים קר,מונדליז,,עוגיות אוראו דקים קרם וניל 96 גרם,Unknown,0.00,Unknown,false,1,7.90,0.0000,true,1,24778
7622210829108,false,עוגיות אוראו דקים קר,מונדליז,,עוגיות אוראו דקים קרם וניל 96 גרם,Unknown,0.00,Unknown,false,1,7.90,0.0000,true,1,24777
7622210835338,false,עוגיות אוראו בראוניז,,,עוגיות אוראו בראוניז 176 גרם,גרמים,176.00,100 גרם,false,1,8.90,5.0568,true,1,17957
7622210869616,false,שוקולד קוטדור ביו 85,מונדליז,DE,שוקולד קוטדור ביו 85% מריר 90 גרם,Unknown,0.00,Unknown,false,18,14.90,0.0000,true,1,29191
7622210996299,false,שוקולד קוטדור מריר א,מונדליז,BE,שוקולד קוטדור מריר אגוז שלם 180 גרם,גרמים,180.00,100 גרם,false,12,22.90,12.7222,true,1,39961
7622300134532,false,שוקולד מילקה טופי אג,מונדליז,AT,שוקולד מילקה טופי אגוזי לוז 300 גרם,גרמים,300.00,100 גרם,false,12,14.90,4.9667,true,1,28383
7622300200237,false,שוקולד מילקה חלב 250,מונדליז,,שוקולד מילקה חלב 250 גר,גרמים,250.00,100 גרם,false,1,12.90,5.1600,true,1,6230
7622300270506,false,עוגיות מילקה גריינס,מונדליז,,עוגיות מילקה גריינס מצופה168גר,גרמים,168.00,100 גרם,false,1,12.90,7.6786,true,1,7362
7622300315283,false,עוגיות אוראו קרם וני,מונדליז,UA,עוגיות אוראו קרם וניל 154 גרם,גרמים,154.00,100 גרם,false,16,7.90,5.1299,true,1,32081
7622300340285,false,גבינת פילדלפיה 175 ג,מונדליז,,גבינת פילדלפיה 175 גרם 22% שומן,גרמים,175.00,100 גרם,false,1,14.90,8.5143,true,1,17388
7622300340292,false,גבינת פילדלפיה 175 ג,מונדליז,,גבינת פילדלפיה 175 גרם 11% שומן,גרמים,175.00,100 גרם,false,1,14.90,8.5143,true,1,17389
7622300356767,false,עוגיות מילקה שוקוציפ,מונדליז,,עוגיות מילקה שוקוציפס168גר,גרמים,168.00,100 גרם,false,1,12.90,7.6786,true,1,6778
7622300434328,false,עוגיות מילקה גאפה גל,מונדליז,DE,עוגיות מילקה גאפה גלי תפוז 147 גרם,גרמים,147.00,100 גרם,false,24,7.90,5.3741,true,1,29472
7622300434373,false,עוגיות מילקה גאפה גל,מונדליז,DE,עוגיות מילקה גאפה גלי פטל 147 גרם,גרמים,147.00,100 גרם,false,24,7.90,5.3741,true,1,29471
7622300434472,false,עוגיות מילקה גאפה שו,מונדליז,DE,עוג.מילקה גאפה מוס שוקולד מתופה128גר,גרמים,128.00,100 גרם,false,24,7.90,6.1719,true,1,29456
7622300476236,false,מארז 3 יח חטיף שוקול,מונדליז,SE,מארז 3 יח חטיף שוקולד דיים 84 גרם,Unknown,0.00,Unknown,false,24,10.90,0.0000,true,1,43377
7622300489427,false,ביסקויט אוראו מצופה,מונדליז,ES,ביסקויט אוראו מצופה שוקולד לבן 246 גרם,גרמים,246.00,100 גרם,false,10,14.90,6.0569,true,1,16947
7622300489434,false,עוגיות אוראו מצופות,,,עוגיות אוראו מצופות שוקולד חלב 246 גרם,גרמים,246.00,100 גרם,false,1,14.90,6.0569,true,1,16946
7622300495046,false,שוקולד מילקה מריר אק,מונדליז,,שוקולד מילקה מריר אקסטרא קקאו 100 ג,גרמים,100.00,100 גרם,false,1,6.90,6.9000,true,1,8482
7622300498429,false,שוקולד מילקה קרם תות,מונדליז,,שוקולד מילקה קרם תות 100 גר,גרמים,100.00,100 גרם,false,1,6.90,6.9000,true,1,7129
7622300503079,false,עוגיות מילקה מוו מצו,מונדליז,,עוגיות מילקה מוו מצופות 200גר,גרמים,200.00,100 גרם,false,1,12.90,6.4500,true,1,7363
7622300509606,false,עוגת ברני ספוג קרם ש,מונדליז,PL,עוגת ברני ספוג קרם שוקולד 150 גרם,גרמים,150.00,100 גרם,false,24,10.90,7.2667,true,1,29412
7622300511814,false,עוגת ברני ספוג קרם ח,מונדליז,PL,עוגת ברני ספוג קרם חלב 150 גרם,גרמים,150.00,100 גרם,false,24,10.90,7.2667,true,1,29411
7622300617820,false,שוקולד מילקה אוראו 1,מונדליז,,שוקולד מילקה אוראו 100 ג,גרמים,100.00,100 גרם,false,1,6.90,6.9000,true,1,8481
7622300737900,false,שוקולד קדבורי דיירי,מונדליז,GB,שוקולד קדבורי דיירי מילק קרמל 120 גרם,גרמים,120.00,100 גרם,false,17,9.90,8.2500,true,1,44365
7622300756383,false,גב. פילדלפיה שוקולד,מונדליז,,גב. פילדלפיה שוקולד מילקה 175גר,גרמים,175.00,100 גרם,false,1,14.90,8.5143,true,1,29386
7622300756413,false,גבינת פילדלפיה מתובל,מונדליז,,גבינת פילדלפיה מתובלת 175גר 20% שומן,גרמים,175.00,100 גרם,false,1,14.90,8.5143,true,1,17390
7622300761349,false,עוג.מיני אוראו קרם ו,,,עוג.מיני אוראו קרם וניל כוס 67 גרם,Unknown,0.00,Unknown,false,1,7.90,0.0000,true,1,13125
7622300761363,false,עוג.מיני אוראו קרם ש,,,עוג.מיני אוראו קרם שוקולד כוס 67 גרם,Unknown,0.00,Unknown,false,1,7.90,0.0000,true,1,13126
7622400005190,false,שוקולד מילקה כאו 100,מילקה,,שוקולד מילקה כאו 100 ג,גרמים,100.00,100 גרם,false,1,6.90,6.9000,true,1,10814
7622400006753,false,שוקולד קוטדור 70% קק,מונדליז,,שוקולד קוטדור 70% קקאו 100 גרם,גרמים,100.00,100 גרם,false,1,12.90,12.9000,true,1,2001
7622400010446,false,שוקולד קוטדור דאבל ק,מונדליז,BE,שוקולד קוטדור דאבל קרם אגוזים 200 גרם,גרמים,200.00,100 גרם,false,12,22.90,11.4500,true,1,32998
7622400010460,false,שוקולד קוטדור מריר מ,מונדליז,BE,שוקולד קוטדור מריר מילוי פרלין 200 גרם,גרמים,200.00,100 גרם,false,12,22.90,11.4500,true,1,39964
7622400013423,false,שוקולד קוטדור 86% קק,מונדליז,,שוקולד קוטדור 86% קקאו 100 גרם,גרמים,100.00,100 גרם,false,1,12.90,12.9000,true,1,4045
7638900083071,false,זוג סוללות אנרגייזר,אנרג'ייזר,,זוג סוללות אנרגייזר 1.5וואט משחקי מחשב,יחידה,2.00,יחידה,false,1,14.90,7.4500,true,1,18673
7638900248333,false,זוג סוללת אנרגייזר ל,,,זוג סוללת אנרגייזר ליטיום כפתור,יחידה,2.00,יחידה,false,1,19.90,9.9500,true,1,18674
7638900248357,false,זוג סוללת ליטיום כפת,,,זוג סוללת ליטיום כפתור ליומנים 3 וולט,יחידה,2.00,יחידה,false,1,19.90,9.9500,true,1,18672
7638900295641,false,זוג סוללות שלט לרכב,אנרג'ייזר,,זוג סוללות שלט לרכב 12 וולט אנרגאיזר,Unknown,0.00,Unknown,false,1,19.90,0.0000,true,1,18695
7638900426663,false,סוללת אנרגייזר 9 וול,אנרג'ייזר,,סוללת אנרגייזר 9 וולט,יחידה,1.00,יחידה,false,1,27.90,27.9000,true,1,22877
7638900426809,false,זוג סוללות אנרגייזר,אנרג'ייזר,,זוג סוללות אנרגייזר סי,יחידה,2.00,יחידה,false,1,25.90,12.9500,true,1,23464
7638900426823,false,זוג סוללת אנרגייזר מ,אנרג'ייזר,,זוג סוללת אנרגייזר מקס די,יחידה,2.00,יחידה,false,1,29.90,14.9500,true,1,23463
7640156920536,false,גבינת גרוייר ריזרב 1,,,גבינת גרוייר ריזרב 150גר,גרמים,150.00,100 גרם,false,1,29.90,19.9333,true,1,29923
7640166794431,false,גבינת מוצרלה פנינים,זוקר,CH,גבינת מוצרלה פנינים 150גר,גרמים,150.00,100 גרם,false,,14.90,9.9333,true,1,18697
7702018069316,false,סכיני גילוח וונוס חד,פרוקטר אנד גמבל,,סכיני גילוח וונוס חד פעמי 4+2סכינים,יחידה,6.00,יחידה,false,1,14.90,2.4833,true,1,7302
7702018263783,false,מארז 8יח סכיני גילוח,פרוקטר אנד גמבל,,מארז 8יח סכיני גילוח גילט מאך 3,יחידה,8.00,יחידה,false,1,74.90,9.3625,true,1,18401
7702018264230,false,מארז 4יח סכיני גילוח,פרוקטר אנד גמבל,,מארז 4יח סכיני גילוח גילט מאך 3,יחידה,4.00,יחידה,false,1,42.90,10.7250,true,1,18400
7702018321520,false,דאו.סטיק גילייט מתקד,פרוקטר אנד גמבל,,דאו.סטיק גילייט מתקדם איי אי 45 מל,Unknown,0.00,Unknown,false,1,21.90,0.0000,true,1,11248
7702018321582,false,דאו.סטיק גילייט מתקד,פרוקטר אנד גמבל,,דאו.סטיק גילייט מתקדם 45 מל,Unknown,0.00,Unknown,false,1,21.90,0.0000,true,1,11247
7702018389285,false,מכשיר גילוח פיוזן פר,פרוקטר אנד גמבל,,מכשיר גילוח פיוזן פרושילד,יחידה,1.00,יחידה,false,1,65.00,65.0000,true,1,12269
7702018401147,false,סכיני גילוח ונוס 4יח,פרוקטר אנד גמבל,,סכיני גילוח ונוס 4יח סווירל פלקסיבול,יחידה,4.00,יחידה,false,1,69.90,17.4750,true,1,12859
7702018420476,false,מכשיר+סכיני גילוח ונ,פרוקטר אנד גמבל,,מכשיר+סכיני גילוח ונוס סווירל ידית+3סכינ,Unknown,0.00,Unknown,false,1,49.90,0.0000,true,1,14714
7702018421237,false,מארז מכשיר+ 7 סכיני,,,מארז מכשיר+ 6 סכיני גילוח פרוגלייד פלקס,Unknown,0.00,Unknown,false,1,99.90,0.0000,true,1,12893
7702018465675,false,סכיני גילוח ונוס3 סי,פרוקטר אנד גמבל,,סכיני גילוח ונוס3 סימפלי 4יח גילט,Unknown,0.00,Unknown,false,1,22.90,0.0000,true,1,19528
7702018469802,false,מכשיר+סכיני גילוח ונ,פרוקטר אנד גמבל,,מכשיר+סכיני גילוח ונוס סווירל ידית+3סכינ,Unknown,0.00,Unknown,false,1,49.90,0.0000,true,1,42749
7702018487394,false,מכשיר גילוח גילט סקי,פרוקטר אנד גמבל,,מכשיר גילוח גילט סקינגארד ידני,Unknown,0.00,Unknown,false,1,44.90,0.0000,true,1,21048
7702018539468,false,מכשיר+סכיני גילוח ונ,פרוקטר אנד גמבל,,מכשיר+סכיני גילוח ונוס תות ידית+3סכינים,Unknown,0.00,Unknown,false,1,49.90,0.0000,true,1,32144
7702018610280,false,מארז סכיני גילוח+ידי,,,מארז סכיני גילוח+ידית גילט פרוגלייד,יחידה,1.00,יחידה,false,1,89.90,89.9000,true,1,42748
7702018610303,false,מארז סכיני גילוח+ידי,,,מארז סכיני גילוח+ידית סקינגארד אלוורה,יחידה,1.00,יחידה,false,1,89.90,89.9000,true,1,42747
7702018866984,false,סכיני גילוח גילט פיו,פרוקטר אנד גמבל,,סכיני גילוח גילט פיוזן ידני 4 יח,יחידה,4.00,יחידה,false,1,69.90,17.4750,true,1,11243
7702018980833,false,גל גילוח סירייס מועש,פרוקטר אנד גמבל,,גל גילוח סירייס מועשר בלחות 200 מל,מיליליטרים,200.00,"100 מ""ל",false,1,16.90,8.4500,true,1,13580
7702024074625,false,חטיפי קרקר פיטנס חיט,,,קרקר פיטנס חיטה מלאה 234 גרם,גרמים,234.00,100 גרם,false,1,10.90,4.6581,true,1,18900
7702174066631,false,לקקן יוגטה פין פופ פ,אלדור,,לקקן יוגטה פין פופ פירות 10 יח 180 גר,גרמים,170.00,100 גרם,false,1,8.90,5.2353,true,1,6180
7702174068826,false,לקקן יוגטה טעם פירות,אלדור,,לקקן יוגטה טעם פירות 12 יח 216 גר,גרמים,216.00,100 גרם,false,1,8.90,4.1204,true,1,8361
7702174068833,false,לקקן יוגוטה טעם גליד,אלדור,,לקקן יוגוטה טעם גלידה 12 יח 216 גר,גרמים,216.00,100 גרם,false,1,8.90,4.1204,true,1,8250
7702174070201,false,לקקן יוגטה מגיק  12,אלדור,,לקקן יוגטה מגיק  12 יח 216 גר,גרמים,216.00,100 גרם,false,1,8.90,4.1204,true,1,8521
7702174073783,false,לקקן יוגטה פין פופ ק,אלדור,,לקקן יוגטה פין פופ קולה 10 יח 180 גר,גרמים,180.00,100 גרם,false,1,8.90,4.9444,true,1,11845
7707284029002,false,רום דיקטדור 12 שנה י,,CO,רום דיקטדור 12 שנה יישון 700 מל,מיליליטרים,700.00,"100 מ""ל",false,6,229.00,32.7143,true,1,26395
7750526001786,false,חטיף אינקה ציפס ירקו,Global Gourmet Produ,,חטיף אינקה ציפס ירקות שורש אוריגנל142 גר,גרמים,142.00,100 גרם,false,1,16.90,11.9014,true,1,29184
7790070508614,false,תה גרבה טראגוי 500 ג,,AR,תה גרבה טראגוי 500 גרם,גרמים,500.00,100 גרם,false,10,19.90,3.9800,true,1,41691
7790703100321,false,יין דון ולנטין לאקרא,BIANCHI,,יין דון ולנטין לאקראדו 750 מל פיקדון,מיליליטרים,750.00,"100 מ""ל",false,1,45.00,6.0000,true,1,5724
7790703165207,false,יין ניו אייג לבן 750,BIANCHI,,יין ניו אייג לבן 750 מל פיקדון,מיליליטרים,750.00,"100 מ""ל",false,1,45.00,6.0000,true,1,6001
7790703165276,false,יין שרדונה אלזה 750,BIANCHI,,יין שרדונה אלזה 750 מל פקדון,מיליליטרים,750.00,"100 מ""ל",false,1,45.00,6.0000,true,1,5570
7790703165443,false,יין מלבק אלזה 750 מל,BIANCHI,,יין מלבק אלזה 750 מל פקדון,מיליליטרים,750.00,"100 מ""ל",false,1,45.00,6.0000,true,1,5568
7790703167638,false,יין ק. סוביניון פמיל,BIANCHI,,יין ק. סוביניון פמיליה 750 מל פקדון,מיליליטרים,750.00,"100 מ""ל",false,1,65.00,8.6667,true,1,5719
7790703167645,false,יין מלבק פמיליה 750,BIANCHI,,יין מלבק פמיליה 750 מל פקדון,מיליליטרים,750.00,"100 מ""ל",false,1,65.00,8.6667,true,1,5718
7790703167737,false,יין ק. סוביניון פרטי,BIANCHI,,יין ק. סוביניון פרטיקולר 750 מל פקדון,מיליליטרים,750.00,"100 מ""ל",false,1,120.00,16.0000,true,1,6717
7790703168307,false,יין טורונטס אלזה 750,BIANCHI,,יין טורונטס אלזה 750 מל פקדון,מיליליטרים,750.00,"100 מ""ל",false,1,45.00,6.0000,true,1,7380
7790703200786,false,יין מלבק אלזה 1 לי,BIANCHI,,יין מלבק אלזה 1 לי,ליטרים,1.00,ליטר,false,1,45.00,45.0000,true,1,30688
7790762009337,false,יין רינקון דל סול מל,,,יין רינקון דל סול מלבק 750 מל פקדון,מיליליטרים,750.00,"100 מ""ל",false,1,45.00,6.0000,true,1,7172
7790762050537,false,יין רינקון דל סול שי,,,יין רינקון דל סול שירז מלבק 750 מל פקדון,מיליליטרים,750.00,"100 מ""ל",false,1,45.00,6.0000,true,1,7171
7791540090578,false,יין רוזה סירה פינקה,ארגנטינה - פינקה לאס,,יין רוזה סירה פינקה לאס מוראס 750 מל,מיליליטרים,750.00,"100 מ""ל",false,1,40.00,5.3333,true,1,10011
7791540127090,false,יין שרדונה פינקה לאס,ארגנטינה - פינקה לאס,,יין שרדונה פינקה לאס מוראס 750 מל,מיליליטרים,750.00,"100 מ""ל",false,1,40.00,5.3333,true,1,10010
7791540127106,false,יין קברנה סוביניון פ,ארגנטינה - פינקה לאס,,יין קברנה סוביניון פינקה לאס מוראס 750,מיליליטרים,750.00,"100 מ""ל",false,1,40.00,5.3333,true,1,10009
7791540127168,false,יין מלבק פינקה לאס מ,ארגנטינה - פינקה לאס,,יין מלבק פינקה לאס מוראס 750 מל,מיליליטרים,750.00,"100 מ""ל",false,1,40.00,5.3333,true,1,10008
7791875005353,false,ריבת חלב האוונה 450,פרימיום,ES,ריבת חלב האוונה 450 גרם,גרמים,450.00,100 גרם,false,12,19.90,4.4222,true,1,32566
7792860006218,false,לקקן בייבי דול  24 ג,לרטייר,,לקקן בייבי דול  24 גרם,Unknown,0.00,Unknown,false,1,2.50,0.0000,true,1,2950
7793046004059,false,ריבת חבושים דולקור 7,דולקור אסאיי,,ריבת חבושים דולקור 700 גר ארגנטינה,גרמים,700.00,100 גרם,false,1,28.00,4.0000,true,1,12459
7794450002570,false,יין קאטנה קברנה סובי,ארגנטינה בודגה קטנה,,יין קאטנה קברנה סוביניון 750 מל פקדון,מיליליטרים,750.00,"100 מ""ל",false,1,65.00,8.6667,true,1,7606
7794450005175,false,יין פאראחה אלטמירה מ,ארגנטינה בודגה קטנה,,יין פאראחה אלטמירה מלבק 750 מל,מיליליטרים,750.00,"100 מ""ל",false,1,80.00,10.6667,true,1,15113
7794450008060,false,יין אלאמוס קברנה 750,ארגנטינה בודגה קטנה,,יין אלאמוס קברנה 750 מל פיקדון,מיליליטרים,750.00,"100 מ""ל",false,1,45.00,6.0000,true,1,5681
7794450008077,false,יין אלאמוס שרדונה 75,ארגנטינה בודגה קטנה,,יין אלאמוס שרדונה 750 מל פיקדון,מיליליטרים,750.00,"100 מ""ל",false,1,45.00,6.0000,true,1,5680
7794450008084,false,יין אלאמוס מלבק 750,ארגנטינה בודגה קטנה,,יין אלאמוס מלבק 750 מל פיקדון,מיליליטרים,750.00,"100 מ""ל",false,1,45.00,6.0000,true,1,5682
7794450008886,false,יין אלאמוס מרלו 750,ארגנטינה בודגה קטנה,,יין אלאמוס מרלו 750 מל פיקדון,מיליליטרים,750.00,"100 מ""ל",false,1,45.00,6.0000,true,1,5684
7794450088383,false,יין אלאמוס סוביניון,ארגנטינה בודגה קטנה,,יין אלאמוס סוביניון בלאן 750 מל פיקדון,מיליליטרים,750.00,"100 מ""ל",false,1,45.00,6.0000,true,1,5683
7794450088703,false,יין אלאמוס סירה 750,ארגנטינה בודגה קטנה,,יין אלאמוס סירה 750 מל פיקדון,מיליליטרים,750.00,"100 מ""ל",false,1,45.00,6.0000,true,1,5685
7794450091338,false,יין אלאמוס מלבק סלקס,ארגנטינה בודגה קטנה,,יין אלאמוס מלבק סלקסיון 750 מל פקדו,מיליליטרים,750.00,"100 מ""ל",false,1,60.00,8.0000,true,1,7608
7798074860219,false,יין פורטילו שרדונה ל,,,יין פורטילו שרדונה לבן 750 מל,מיליליטרים,750.00,"100 מ""ל",false,6,45.00,6.0000,true,1,41813
7798074860233,false,יין פורטילו קברנה סו,,,יין פורטילו קברנה סוביניון 750 מל,מיליליטרים,750.00,"100 מ""ל",false,6,45.00,6.0000,true,1,41818
7798074860240,false,יין פורטילו מלבק 750,,,יין פורטילו מלבק 750 מל,מיליליטרים,750.00,"100 מ""ל",false,6,45.00,6.0000,true,1,41820
7798074860257,false,יין פורטילו מרלו 750,,,יין פורטילו מרלו 750 מל,מיליליטרים,750.00,"100 מ""ל",false,6,45.00,6.0000,true,1,41819
7798074860677,false,יין פורטילו רוזה 750,,,יין פורטילו רוזה 750 מל,מיליליטרים,750.00,"100 מ""ל",false,6,45.00,6.0000,true,1,41817
7798074863708,false,יין פורטילו דולציה ל,,,יין פורטילו דולציה לבן מתוק 750 מל,מיליליטרים,750.00,"100 מ""ל",false,6,45.00,6.0000,true,1,41816
7798080490363,false,יין טוקומאן מלבק 750,,AR,יין טוקומאן מלבק 750 מל,מיליליטרים,750.00,"100 מ""ל",false,1,45.00,6.0000,true,1,40180
7798080490387,false,יין טוקומאן סוביניון,,AR,יין טוקומאן סוביניון בלאן 750 מל,מיליליטרים,750.00,"100 מ""ל",false,1,45.00,6.0000,true,1,40181
7798080490394,false,יין טוקומאן שרדונה 7,,AR,יין טוקומאן שרדונה 750 מל,מיליליטרים,750.00,"100 מ""ל",false,1,45.00,6.0000,true,1,40182
7798130463187,false,יין ארגנטו קלאסיק רו,,,יין ארגנטו קלאסיק רוזה יבש 750 מל,מיליליטרים,750.00,"100 מ""ל",false,6,45.00,6.0000,true,1,24685
7798130463507,false,יין אדום קברנה פרנק,,AR,יין אדום קברנה פרנק ארגנטו אגרילו 750מל,מיליליטרים,750.00,"100 מ""ל",false,12,85.00,11.3333,true,1,43447
7798130463514,false,יין אדום מלבק ארגנטו,,AR,יין אדום מלבק ארגנטו אלטמירה 750מל פקדון,מיליליטרים,750.00,"100 מ""ל",false,12,85.00,11.3333,true,1,43446
7798159560096,false,יין ארגנטו קלאסיק ק.,,,יין ארגנטו קלאסיק ק.סוביניון יבש 750 מל,מיליליטרים,750.00,"100 מ""ל",false,6,45.00,6.0000,true,1,27033
7798159560102,false,יין ארגנטו קלאסיק שר,,,יין ארגנטו קלאסיק שרדונה ס. לבן 750 מל,מיליליטרים,750.00,"100 מ""ל",false,6,45.00,6.0000,true,1,27034
7798159560126,false,יין ארגנטו קלאסיק מל,,,יין ארגנטו מלבק אדום יבש 750 מל,מיליליטרים,750.00,"100 מ""ל",false,6,45.00,6.0000,true,1,24683
7798159560157,false,יין ארגנטו קלאסיק פי,,,יין ארגנטו קלאסיק פינו גריגיו לבן 750 מל,מיליליטרים,750.00,"100 מ""ל",false,6,45.00,6.0000,true,1,24684
7798159560256,false,יין ראגנטו סלקסיון ק,,,יין ראגנטו סלקסיון קברנה ס. 750 מל,מיליליטרים,750.00,"100 מ""ל",false,6,45.00,6.0000,true,1,30917
7798159560263,false,יין ראגנטו סלקסיון ש,,,יין ראגנטו סלקסיון שרדונה 750 מל750 מל,מיליליטרים,750.00,"100 מ""ל",false,6,45.00,6.0000,true,1,30915
7798159560270,false,יין ראגנטו סלקסיון מ,,,יין ראגנטו סלקסיון מלבק 750 מל,מיליליטרים,750.00,"100 מ""ל",false,6,45.00,6.0000,true,1,30916
7798164800019,false,אוכמניות ברי בקופסא,,,אוכמניות ברי בקופסא 125 גרם,גרמים,125.00,100 גרם,false,1,14.90,11.9200,true,1,26977
7802110001143,false,יין פיסקו סאוור קאפל,פיסקו קאפל,,יין פיסקו סאוור קאפל 750 מל,מיליליטרים,750.00,"100 מ""ל",false,1,60.00,8.0000,true,1,10999
7802110840353,false,ברנדי פיסקו קאפל מוא,פיסקו קאפל,,יין פיסקו קאפל מואהי רזרבדו 750 מל,מיליליטרים,750.00,"100 מ""ל",false,1,160.00,21.3333,true,1,10998
7804315000235,false,יין מבעבע דמי סק אונ,UNDURRAGA,,יין מבעבע דמי סק אונדורגה 750 מל פיקדון,מיליליטרים,750.00,"100 מ""ל",false,1,45.00,6.0000,true,1,5714
7804315000570,false,יין ק. סוביניון סירה,UNDURRAGA,,יין ק. סוביניון סירה אליווין 750מל פקדון,מיליליטרים,750.00,"100 מ""ל",false,1,60.00,8.0000,true,1,6651
7804315000587,false,יין ק. סוביניון מרלו,UNDURRAGA,,יין ק. סוביניון מרלו אליווין 750 מל פקדו,מיליליטרים,750.00,"100 מ""ל",false,1,60.00,8.0000,true,1,5571
7804315000594,false,יין ק. סוביניון קרמנ,UNDURRAGA,,יין ק. סוביניון קרמנר אליווין 750מל פקדו,מיליליטרים,750.00,"100 מ""ל",false,1,60.00,8.0000,true,1,5573
7804315000693,false,יין סוביניון בלאן אל,UNDURRAGA,,יין סוביניון בלאן אליווין 750 מל פקדון,מיליליטרים,750.00,"100 מ""ל",false,1,60.00,8.0000,true,1,5572
7804315001973,false,יין ק. סוביניון סיבר,UNDURRAGA,,יין ק. סוביניון סיבריס 750מל פקדון,מיליליטרים,750.00,"100 מ""ל",false,1,65.00,8.6667,true,1,5712
7804315001997,false,יין קרמנר סיבריס 750,UNDURRAGA,,יין קרמנר סיבריס 750 מל פקדון,מיליליטרים,750.00,"100 מ""ל",false,1,65.00,8.6667,true,1,5711
7804315002000,false,יין שרדונה סיבריס 75,UNDURRAGA,,יין שרדונה סיבריס 750 מל פקדון,מיליליטרים,750.00,"100 מ""ל",false,1,65.00,8.6667,true,1,8692
7804315002024,false,יין פינו נואר סיבריס,UNDURRAGA,,יין פינו נואר סיבריס 750מל פקדון,מיליליטרים,750.00,"100 מ""ל",false,1,65.00,8.6667,true,1,8693
7804315002628,false,יין אלטזור אנדראגה 7,UNDURRAGA,,יין אלטזור אנדראגה 750 מל פקדון,מיליליטרים,750.00,"100 מ""ל",false,1,250.00,33.3333,true,1,6672
7804315030027,false,יין מרלו וריאטל 750,UNDURRAGA,,יין מרלו וריאטל 750 מל פקדון,מיליליטרים,750.00,"100 מ""ל",false,1,45.00,6.0000,true,1,2522
7804315304647,false,יין גוורצטרמינר וריא,UNDURRAGA,,יין גוורצטרמינר וריאטל 750מל פקדון,מיליליטרים,750.00,"100 מ""ל",false,1,45.00,6.0000,true,1,2354
7804315304968,false,יין ק. סוביניון פאונ,UNDURRAGA,,יין ק. סוביניון פאונדרס 750 מל פקדון,מיליליטרים,750.00,"100 מ""ל",false,1,115.00,15.3333,true,1,5710
7804320135854,false,יין טורו פרונטרה קרמ,קונצה אי טורו,,יין טורו פרונטרה קרמנרה 750 מל,מיליליטרים,750.00,"100 מ""ל",false,1,45.00,6.0000,true,1,12424
7804320256900,false,יין דיאבלו שרדונה 75,קונצה אי טורו,,יין דיאבלו שרדונה 750 מל פיקדון,מיליליטרים,750.00,"100 מ""ל",false,1,60.00,8.0000,true,1,6086
7804320303178,false,יין ה דיאבלו קברנה 7,קונצה אי טורו,,יין ה דיאבלו קברנה 750 מל פיקדון,מיליליטרים,750.00,"100 מ""ל",false,1,60.00,8.0000,true,1,2273
7804320556000,false,יין פרונטרה סוביניון,קונצה אי טורו,,יין פרונטרה סוביניון בלאן 750מל פקדון,Unknown,0.00,Unknown,false,1,45.00,0.0000,true,1,4838
7804320559001,false,יין פרונטרה קברנה 75,קונצה אי טורו,,יין פרונטרה קברנה 750 מל פיקדון,מיליליטרים,750.00,"100 מ""ל",false,1,45.00,6.0000,true,1,2274
7804320642277,false,יין פרונטרה שרדונה 7,קונצה אי טורו,,יין פרונטרה שרדונה 750מל פקדון,מיליליטרים,750.00,"100 מ""ל",false,1,45.00,6.0000,true,1,4839
7804320706009,false,יין פרונטרה מרלו 750,קונצה אי טורו,,יין פרונטרה מרלו 750 מל פיקדון,מיליליטרים,750.00,"100 מ""ל",false,1,45.00,6.0000,true,1,4846
7804320746104,false,יין קונצה אי טורו די,קונצה אי טורו,CL,יין קונצה אי טורו דיאבלו 666 750 מל,מיליליטרים,750.00,"100 מ""ל",false,6,75.00,10.0000,true,1,19875
7804320750552,false,יין קונצה אי טורו די,קונצה אי טורו,CL,יין קונצה אי טורו דיאבלו ק.ס 750 מל,מיליליטרים,750.00,"100 מ""ל",false,6,75.00,10.0000,true,1,24473
7804320985633,false,יין  דיאבלו מרלו 750,קונצה אי טורו,,יין  דיאבלו מרלו 750 מל פיקדון,מיליליטרים,750.00,"100 מ""ל",false,1,60.00,8.0000,true,1,2272
7804338000021,false,יין לוס בולדוס טרידי,,ZA,יין לוס בולדוס טרידיסיון רזרב ק.סוביניון,מיליליטרים,750.00,"100 מ""ל",false,6,45.00,6.0000,true,1,41426
7804338000465,false,יין קברנה ס. רזרב גר,,,יין קברנה ס. רזרב גראנד לוס בולדוס 750 מ,מיליליטרים,750.00,"100 מ""ל",false,6,60.00,8.0000,true,1,41428
7804338000625,false,יין לוס בולדוס טרידי,,ZA,יין לוס בולדוס טרידיסיון רזרב קרמאנר 750,מיליליטרים,750.00,"100 מ""ל",false,6,45.00,6.0000,true,1,41427
7804338000649,false,יין גראנד רזרב קרמאנ,,,יין גראנד רזרב קרמאנר לוס בולדוס 750 מ,מיליליטרים,750.00,"100 מ""ל",false,6,60.00,8.0000,true,1,41429
7804414000860,false,יין דון חוליו קברנה,צ'ילה לואיס פיליפה א,,יין קברנה דון חוליו אדוארדו 750 מל פקדון,מיליליטרים,750.00,"100 מ""ל",false,1,35.00,4.6667,true,1,4372
7804414000877,false,יין דון חוליו מרלו 7,צ'ילה לואיס פיליפה א,,יין מרלו דון חוליו אדוארדו 750 מל פקדון,מיליליטרים,750.00,"100 מ""ל",false,1,35.00,4.6667,true,1,4373
7804414000884,false,יין דון חוליו שרדונה,צ'ילה לואיס פיליפה א,,יין שרדונה דון חוליו אדוארדו750 מל פקדון,מיליליטרים,750.00,"100 מ""ל",false,1,35.00,4.6667,true,1,5686
7804414001171,false,יין קברנה גראן רז אד,צ'ילה לואיס פיליפה א,,יין קברנה גראן רז אדוארדס 750 מל פקדון,מיליליטרים,750.00,"100 מ""ל",false,1,60.00,8.0000,true,1,5698
7804414001614,false,יין דון חוליו שיראז,צ'ילה לואיס פיליפה א,,יין שיראז דון חוליו אדוארדו750מל פקדון,מיליליטרים,750.00,"100 מ""ל",false,1,35.00,4.6667,true,1,5687
7804414002130,false,יין דון חוליו מרלו 3,,,"יין דון חוליו מרלו 375 מ""ל",מיליליטרים,375.00,"100 מ""ל",false,12,25.00,6.6667,true,1,21848
7804414002154,false,יין דון חוליו קברנה,,,"יין דון חוליו קברנה סוביניון 375 מ""ל",מיליליטרים,375.00,"100 מ""ל",false,12,25.00,6.6667,true,1,21849
7804414012344,false,יין דון חוליו סוביני,צ'ילה לואיס פיליפה א,,יין דון חוליו סוביניון בלאן 750 מל,מיליליטרים,750.00,"100 מ""ל",false,1,35.00,4.6667,true,1,14552
7804414012368,false,יין דון חוליו רוזה 7,צ'ילה לואיס פיליפה א,,יין דון חוליו רוזה 750 מל,מיליליטרים,750.00,"100 מ""ל",false,1,35.00,4.6667,true,1,14800
7804414017110,false,יין דון חוליו פינו נ,צ'ילה לואיס פיליפה א,,יין דון חוליו פינו נואר כשר 750 מל,מיליליטרים,750.00,"100 מ""ל",false,1,35.00,4.6667,true,1,23564
7861500002818,false,מארז 6יח בירה לף ברא,,,מארז 6יח בירה לף בראון 330מל בק.פקדון,מיליליטרים,1980.00,"100 מ""ל",false,1,47.90,2.4192,true,1,30415
7891024124826,false,מש.שיניים אופטיק ווי,Colgate - Brazil,,מש.שיניים אופטיק וויט 75 מל,מיליליטרים,75.00,"100 מ""ל",false,1,21.90,29.2000,true,1,8523
7891024130063,false,מי פה קולגייט פלקס ל,Colgate - Brazil,,מי פה קולגייט פלקס ללא אלכוהול 500 מל,מיליליטרים,500.00,"100 מ""ל",false,1,24.90,4.9800,true,1,5986
7896259411949,false,סוכריות פאדג אמבר קר,,BR,סוכריות פאדג אמבר קרמל 150 גרם,גרמים,150.00,100 גרם,false,24,6.90,4.6000,true,1,41683
7896259411956,false,סוכריות פאדג אמבר קר,,BR,סוכריות פאדג אמבר קרמל שוקו 150 גרם,גרמים,150.00,100 גרם,false,24,6.90,4.6000,true,1,41693
7896259411987,false,סוכריות פאדג אמברה ש,,BR,סוכריות פאדג אמברה שוקולד 150 גרם,גרמים,150.00,100 גרם,false,24,6.90,4.6000,true,1,41684
7896547500034,false,משקה קאשה 61 1 ל,קשאסה מיסייאטו,,משקה קאשה 61 1 ל פיקדון,ליטרים,1.00,ליטר,false,1,110.00,110.0000,true,1,8519
7908399533303,false,סט 6 כוסות שופ חלק,,,סט 6 כוסות שופ חלק,יחידה,6.00,יחידה,false,1,13.90,2.3167,true,1,41014
8000015001063,false,בישקוטים דיליו 200 ג,,IT,בישקוטים דיליו 200 גר איטלקי,גרמים,200.00,100 גרם,false,1,7.00,3.5000,true,1,5316
8000015002374,false,עוגיות דיליו איטלקי,,,עוגיות דיליו איטלקי גיריני 800 גר,גרמים,800.00,100 גרם,false,1,16.90,2.1125,true,1,7277
8000015002459,false,בישקוטים דיליו 400 ג,,IT,בישקוטים דיליו 400 גר איטלקי,גרמים,400.00,100 גרם,false,1,12.90,3.2250,true,1,41300
8000015002510,false,עוגיות דיליו אוסוויג,,,עוגיות דיליו אוסוויגו איטלקי 800 גר,גרמים,800.00,100 גרם,false,1,16.90,2.1125,true,1,5315
8000015002688,false,עוגיות דיליו גלי ספג,,,עוגיות דיליו גלי ספגוטי איטלקי 800 גר,גרמים,800.00,100 גרם,false,1,16.90,2.1125,true,1,6370
8000015002848,false,עוגיות דיליו גרנדורה,,,עוגיות דיליו גרנדורה איטלקי 700 גר,גרמים,700.00,100 גרם,false,1,16.90,2.4143,true,1,7685
8000015002855,false,עוגיות דיליו כוציולי,,,עוגיות דיליו כוציולי איטלקי 700 גר,גרמים,700.00,100 גרם,false,1,16.90,2.4143,true,1,7686
8000015002893,false,עוגיות דיליו כוצינה,,,עוגיות דיליו כוצינה איטלקי 700 גר,גרמים,700.00,100 גרם,false,1,16.90,2.4143,true,1,7687
8000015002909,false,עוגיות דיליו כוצינה,,,עוגיות דיליו כוצינה שחור איטלקי 700גר,גרמים,700.00,100 גרם,false,1,16.90,2.4143,true,1,7688
8000015002978,false,עוגיות דיליו איטלקי,,,עוגיות דיליו איטלקי 700 גר,גרמים,700.00,100 גרם,false,1,16.90,2.4143,true,1,9318
8000040000802,false,משקה קמפרי 1000 מל פ,קמפרי (יורו),,משקה קמפרי 1000 מל פקדון,ליטרים,1.00,ליטר,false,1,105.00,105.0000,true,1,4871
8000040001106,false,משקה קמפרי 700 מל,justrini & brooks,,משקה קמפרי 700 מל,מיליליטרים,700.00,"100 מ""ל",false,6,89.90,12.8429,true,1,26581
8000040500012,false,וויסקי ווליד טרקי 81,austln nickois,,וויסקי ווליד טרקי 81 700 מל,מיליליטרים,700.00,"100 מ""ל",false,1,89.00,12.7143,true,1,10723
8000040630269,false,וויסקי סקוטי גלן גרא,,,וויסקי סקוטי גלן גראנט 12שנים  700 מל,מיליליטרים,700.00,"100 מ""ל",false,1,149.90,21.4143,true,1,16189
8000070010680,false,קפסולות לוואצה ויגור,לווצה טורינו,IT,קפסולות לוואצה ויגורוסו 12 10 יח,יחידה,10.00,יחידה,false,10,16.90,1.6900,true,1,32987
8000070011878,false,קפה לוואצה דק נטול ק,לווצה טורינו,,קפה לוואצה דק נטול קופאין 250 ג,גרמים,250.00,100 גרם,false,1,39.90,15.9600,true,1,2892
8000070012219,false,פולי לווצה אורו 250,,IT,פולי לווצה אורו 250 גרם,גרמים,250.00,100 גרם,false,1,39.90,15.9600,true,1,32658
8000070012783,false,קפה לוואצה קואליטי א,לווצה טורינו,,קפה לוואצה קואליטי אורו 250 ג,גרמים,250.00,100 גרם,false,1,38.90,15.5600,true,1,2891
8000070027398,false,פולי לווצה קרמה קלסי,,IT,פולי לווצה קרמה קלסיקו 500 גרם,גרמים,500.00,100 גרם,false,1,69.90,13.9800,true,1,32659
8000070029996,false,קפה לוואצה קואליטי א,לווצה טורינו,IT,קפה לוואצה קואליטי אורו פירות ופרח 250 ג,גרמים,250.00,100 גרם,false,20,38.90,15.5600,true,1,43427
8000070032835,false,קפה לוואצה מאטינו 25,לווצה טורינו,,קפה לוואצה מאטינו 250 ג,גרמים,250.00,100 גרם,false,1,26.90,10.7600,true,1,4211
8000070035980,false,קפה לוואצה רוסו אדום,לווצה טורינו,,קפה לוואצה רוסו אדום 250 ג,גרמים,250.00,100 גרם,false,1,29.90,11.9600,true,1,7278
8000070036321,false,פולי לוואצה קואליטה,,IT,פולי לוואצה קואליטה רוסה 500 גרם,גרמים,500.00,100 גרם,false,1,69.90,13.9800,true,1,41441
8000070038868,false,קפה לוואצה קרמה גוסט,לווצה טורינו,,קפה לוואצה קרמה גוסטו 250 ג,גרמים,250.00,100 גרם,false,1,29.90,11.9600,true,1,7495
8000070038974,false,פולי לווצה קרמה גוסט,,IT,פולי לווצה קרמה גוסטו 1 קג,קילוגרמים,1.00,"ק""ג",false,1,109.90,109.9000,true,1,32660
8000070053465,false,קפסולות לוואצה 8 אור,לווצה טורינו,IT,קפסולות לוואצה 8 אורו 10 יח,יחידה,10.00,יחידה,false,1,19.90,1.9900,true,1,44593
8000070053472,false,קפסולות לוואצה 12 קר,לווצה טורינו,IT,קפסולות לוואצה 12 קרמה גוסטו קלאסיקו10יח,יחידה,10.00,יחידה,false,1,19.90,1.9900,true,1,44590
8000070053526,false,קפסולות לוואצה 10 רו,לווצה טורינו,IT,קפסולות לוואצה 10 רוסו 10 יח,יחידה,10.00,יחידה,false,1,19.90,1.9900,true,1,44592
8000070055254,false,קפסולות לוואצה 13 קר,לווצה טורינו,IT,קפסולות לוואצה 13 קרמה גוסטו פורטה 10 יח,יחידה,10.00,יחידה,false,1,19.90,1.9900,true,1,44589
8000070059832,false,קפסולות לוואצה 11 קר,לווצה טורינו,IT,קפסולות לוואצה 11 קרמה גוסטו ריקו 10יח,יחידה,10.00,יחידה,false,1,19.90,1.9900,true,1,44591
8000070081000,false,קפסולות לוואצה הרמונ,לווצה טורינו,IT,קפסולות לוואצה הרמוניקה 8 10 יח,יחידה,10.00,יחידה,false,10,16.90,1.6900,true,1,32982
8000070081017,false,קפסולות לוואצה דיצו,לווצה טורינו,IT,קפסולות לוואצה דיצו 10 10 יח,יחידה,10.00,יחידה,false,10,16.90,1.6900,true,1,32983
8000070081109,false,קפסולות לוואצה נטול,לווצה טורינו,IT,קפסולות לוואצה נטול קפאין 6 10 יח,יחידה,10.00,יחידה,false,10,16.90,1.6900,true,1,32986
8000070081154,false,קפסולות לוואצה לגרו,לווצה טורינו,IT,קפסולות לוואצה לגרו 4 10 יח,יחידה,10.00,יחידה,false,10,16.90,1.6900,true,1,32984
8000091200954,false,טורטיה ללא גלוטן 180,,IT,טורטיה ללא גלוטן 180גר,גרמים,180.00,100 גרם,false,12,17.90,9.9444,true,1,23678
8000146500039,false,שמן זית כמהין אורבני,,,שמן זית כמהין אורבני 55 מל,Unknown,0.00,Unknown,false,1,29.90,0.0000,true,1,8814
8000150655206,false,יין לבן פרסקאטי סופר,איטליה גרופו איטליאנ,,יין לבן פרסקאטי סופריורה 750 מל פקדון,מיליליטרים,750.00,"100 מ""ל",false,1,45.00,6.0000,true,1,7660
8000160611179,false,יין פינו גריגיו למבר,,,יין פינו גריגיו למברטי 750 מל,מיליליטרים,750.00,"100 מ""ל",false,1,45.00,6.0000,true,1,16482
8000160623271,false,יין מליני סן לורנצו,מליני,,יין מליני סן לורנצו קיאנטי 750 מל,מיליליטרים,750.00,"100 מ""ל",false,1,45.00,6.0000,true,1,22621
8000160631955,false,יין ריפסו ואלפוליצלה,,IT,יין ריפסו ואלפוליצלה 750 מל,מיליליטרים,750.00,"100 מ""ל",false,12,70.00,9.3333,true,1,38342
8000160661211,false,יין ספורסאט נינו נגר,איטליה גרופו איטליאנ,,יין ספורסאט נינו נגרי 750 מל פקדון,מיליליטרים,750.00,"100 מ""ל",false,1,155.00,20.6667,true,1,8311
8000215202406,false,מעדן אורז אורגני שוק,ויטריז,IT,מעדן אורז אורגני שוקו 400 גר,גרמים,400.00,100 גרם,false,6,14.90,3.7250,true,1,18277
8000215204219,false,משקה אורז אורגני 1 ל,אלינור,,משקה אורז אורגני 1 ל ויטאריס,ליטרים,1.00,ליטר,false,1,13.90,13.9000,true,1,9011
8000215204240,false,משקה אורז שקדים אורג,אלינור,,משקה אורז שקדים אורגני 1 ל ויטאריס,ליטרים,1.00,ליטר,false,1,13.90,13.9000,true,1,8589
8000215204264,false,משקה אורז 200 מל ויט,אלינור,,משקה אורז 200 מל ויטאריס,מיליליטרים,200.00,"100 מ""ל",false,1,4.00,2.0000,true,1,13173
8000215204271,false,משקה אורז שקדים 200מ,אלינור,,משקה אורז שקדים 200מל ויטאריס,מיליליטרים,200.00,"100 מ""ל",false,1,4.00,2.0000,true,1,11605
8000215204370,false,שמנת לבישול בסיס אור,אלינור,,שמנת לבישול בסיס אורז 200 מל ויטאריס,מיליליטרים,20000.00,"100 מ""ל",false,1,6.00,0.0300,true,1,11606
8000215204387,false,ויטריז לבישול רוטב ב,,,ויטריז לבישול רוטב בשמל צמחי אורגני 500מ,מיליליטרים,500.00,"100 מ""ל",false,1,12.90,2.5800,true,1,16166
8000215204394,false,משקה אורז ואגוזי לוז,אלינור,,משקה אורז ואגוזי לוז אורגני ויטאריס 1 לי,ליטרים,1.00,ליטר,false,1,16.90,16.9000,true,1,9352
8000215204554,false,משקה אורז קוקוס אורג,אלינור,,משקה אורז קוקוס אורגני 1 ל ויטאריס,ליטרים,1.00,ליטר,false,1,13.90,13.9000,true,1,13513
8000215204561,false,משקה שקדים אורגני 1,ויטהסי,IT,משקה שקדים אורגני 1 לי,ליטרים,1.00,ליטר,false,10,14.90,14.9000,true,1,19268
8000215204653,false,משה סויה ויטראריס 1,ויטהסי,IT,משה סויה ויטראריס 1 לי,ליטרים,1.00,ליטר,false,10,10.00,10.0000,true,1,22894
8000215204677,false,משקה שיבולת בריסטה א,אלינור,,משקה שיבולת בריסטה אורגני 1 ל ויטאריס,ליטרים,1.00,ליטר,false,1,13.90,13.9000,true,1,40184
8000215204714,false,משקה שבולת שועל אורג,אלינור,,משקה שבולת שועל אורגני  ויטאריס 1 לי,ליטרים,1.00,ליטר,false,1,13.90,13.9000,true,1,9010
8000320010088,false,פסאטה ציריו עגבניות,קונסרב,IT,פסאטה ציריו עגבניות מרקם גס 680 מל,מיליליטרים,680.00,"100 מ""ל",false,12,12.90,1.8971,true,1,3962
8000320010095,false,פסאטה ציריו עגבניות,קונסרב,IT,פסאטה ציריו עגבניות מרקם עדין 700 מל,מיליליטרים,700.00,"100 מ""ל",false,12,12.90,1.8429,true,1,42355
8000353000056,false,ליקר סמבוקה לבנה לוק,,,ליקר סמבוקה לבנה לוקסרדו 750מל פקדון,מיליליטרים,750.00,"100 מ""ל",false,1,110.00,14.6667,true,1,11812
8000353003149,false,ליקר אמרטו ססקירה לו,,,ליקר אמרטו ססקירה לוקסרדו 700 מל,מיליליטרים,700.00,"100 מ""ל",false,1,99.90,14.2714,true,1,44257
8000353006157,false,ליקר לוקסרדו מרסקינו,,,ליקר לוקסרדו מרסקינו 700 מל,מיליליטרים,700.00,"100 מ""ל",false,1,159.00,22.7143,true,1,11143
8000353006225,false,ליקר אמרטו ססקירה לו,,,ליקר אמרטו ססקירה לוקסרדו 700 מל,מיליליטרים,700.00,"100 מ""ל",false,1,99.90,14.2714,true,1,11144
8000353006386,false,ליקר לימוצלו לוקסרדו,,,ליקר לימוצלו לוקסרדו גקופסא 700  מל,מיליליטרים,700.00,"100 מ""ל",false,1,99.90,14.2714,true,1,11145
8000380003723,false,ופל פטיסרי אגוז 100,,,ופל פטיסרי אגוז 100 ג,גרמים,100.00,100 גרם,false,1,11.90,11.9000,true,1,2117
8000380003754,false,ופל לואקר פטיסרי קפו,,,ופל לואקר פטיסרי קפוצינו 100 גרם,גרמים,100.00,100 גרם,false,1,11.90,11.9000,true,1,2119
8000380003761,false,ופל פטיסרי קוקוס 100,,,ופל פטיסרי קוקוס 100 ג,גרמים,100.00,100 גרם,false,1,11.90,11.9000,true,1,2118
8000380004669,false,וופל לואקר סנדוויץ ק,,,וופל לואקר סנדוויץ קקאו 200 ג,גרמים,200.00,100 גרם,false,1,12.90,6.4500,true,1,1535
8000380004676,false,ופל לואקר סנדוויץ ונ,,,ופל לואקר סנדוויץ וניל 200 ג,גרמים,200.00,100 גרם,false,1,12.90,6.4500,true,1,1536
8000380004881,false,ופל קואדרטיני טרמיסו,,,ופל קואדרטיני טרמיסו 220 ג,גרמים,220.00,100 גרם,false,1,14.90,6.7727,true,1,3341
8000380004911,false,ופל קואדרטיני אגוז,,,ופל קואדרטיני אגוז  250 ג,גרמים,250.00,100 גרם,false,1,14.90,5.9600,true,1,1537
8000380004942,false,ופל קואדרטיני וניל 2,,,ופל קואדרטיני וניל 250 ג,גרמים,250.00,100 גרם,false,1,14.90,5.9600,true,1,7358
8000380004966,false,ופל קואדרטיני שוקולד,,,ופל קואדרטיני שוקולד 250 ג,גרמים,250.00,100 גרם,false,1,14.90,5.9600,true,1,1538
8000380005598,false,חטיף טורטינה מריר 12,,,חטיף טורטינה מריר 125 גר 6 יח,גרמים,125.00,100 גרם,false,1,16.90,13.5200,true,1,6545
8000380007219,false,ופל לואקר אגוז 175 ג,,,ופל לואקר אגוז 175 גר,גרמים,175.00,100 גרם,false,1,10.90,6.2286,true,1,1542
8000380007257,false,ופל גרדנה מצופה קרם,,,ופל גרדנה מצופה קרם אגוז200 גרם,גרמים,200.00,100 גרם,false,1,14.90,7.4500,true,1,1543
8000380007264,false,ופל לואקר קקאו 175 ג,,,ופל לואקר קקאו 175 גר,גרמים,175.00,100 גרם,false,1,10.90,6.2286,true,1,1544
8000380007271,false,ופל לואקר חלב 175 גר,,,ופל לואקר חלב 175 גר,גרמים,175.00,100 גרם,false,1,10.90,6.2286,true,1,1545
8000380106028,false,חטיף טורטינה חלב 125,,,חטיף טורטינה 125 גר 6 יח,גרמים,125.00,100 גרם,false,1,16.90,13.5200,true,1,5729
8000380142484,false,ופל קואדרטיני שוקולד,,,ופל קואדרטיני שוקולד מריר 250 גר,גרמים,250.00,100 גרם,false,1,14.90,5.9600,true,1,6124
8000380144044,false,ופל גרדנה מצופה קרם,,,ופל גרדנה מצופה קרם שוקולד 200 גרם,גרמים,200.00,100 גרם,false,1,14.90,7.4500,true,1,5083
8000380148035,false,ופל  פטיסרי מריר אגו,,,ופל  פטיסרי מריר אגוזים 100 ג,גרמים,100.00,100 גרם,false,1,11.90,11.9000,true,1,6546
8000380152704,false,חטיף ופל גרדנה אצבעו,,,חטיף ופל גרדנה אצבעות אגוזים 125 גר,גרמים,125.00,100 גרם,false,1,15.90,12.7200,true,1,8218
8000380152728,false,ופל גרדנה אצבעות שוק,,,חטיף ופל גרדנה אצבעות שוקולד 125 גר,גרמים,125.00,100 גרם,false,1,15.90,12.7200,true,1,8219
8000380153534,false,חטיף טורטינה לבן 125,,,חטיף טורטינה לבן 125 גר 6 יח,גרמים,125.00,100 גרם,false,1,16.90,13.5200,true,1,9124
8000380156016,false,בונבוניירה דולומיטים,,,בונבוניירה דולומיטים מריר 150 גר,גרמים,150.00,100 גרם,false,1,20.00,13.3333,true,1,32771
8000380156825,false,שוקולד לואקר חלב קרם,,,שוקולד לואקר חלב קרם חלב 87 גר,Unknown,0.00,Unknown,false,1,5.90,0.0000,true,1,41416
8000380156849,false,שוקולד לואקר מריר קר,,,שוקולד לואקר מריר קרם קקאו 87 גר,Unknown,0.00,Unknown,false,1,5.90,0.0000,true,1,41418
8000380156856,false,שוקולד לואקר לבן קרם,,,שוקולד לואקר לבן קרם חלב 87 גר,Unknown,0.00,Unknown,false,1,5.90,0.0000,true,1,41417
8000380157440,false,שוקולד לואקר ממולא א,,,שוקולד לואקר ממולא אגוזי לוז 85 גר,Unknown,0.00,Unknown,false,1,5.90,0.0000,true,1,13547
8000380157570,false,ופל לואקר אגוז 262.5,,,ופל לואקר אגוז 262.5 גר,גרמים,263.00,100 גרם,false,1,10.90,4.1445,true,1,15228
8000380157587,false,ופל לואקר קרם קקאו 2,,,ופל לואקר קרם קקאו 262.5 גר,גרמים,263.00,100 גרם,false,1,10.90,4.1445,true,1,15229
8000380180721,false,ופל לואקר שוקו חלב 1,,,ופל לואקר שוקו חלב 175 גר,גרמים,175.00,100 גרם,false,1,10.90,6.2286,true,1,12800
8000380180745,false,ופל קואדרטיני שוקו ח,,,ופל קואדרטיני שוקו חלב 250 ג,גרמים,250.00,100 גרם,false,1,14.90,5.9600,true,1,12799
8000380180837,false,ופל פטיסרי קרם קוקוס,,,ופל פטיסרי קרם קוקוס לבן 100 ג,גרמים,100.00,100 גרם,false,1,11.90,11.9000,true,1,13550
8000380180943,false,בונבוניירה דולומיטים,אושן ספריי,,בונבוניירה דולימיטים 300 גרם,גרמים,300.00,100 גרם,false,1,39.90,13.3000,true,1,13377
8000380181032,false,חטיף ופל גרדנה אצבעו,לואקר,,חטיף ופל גרדנה אצבעות לבן 125 גר,גרמים,125.00,100 גרם,false,1,15.90,12.7200,true,1,13549
8000380184330,false,שוקולד לואקר לבן 80,,,שוקולד לואקר לבן 80 גר,Unknown,0.00,Unknown,false,1,5.90,0.0000,true,1,16153
8000380186358,false,ופל לואקר טינס אוכמנ,,,ופל לואקר טינס אוכמניות 150 גר,גרמים,150.00,100 גרם,false,1,11.90,7.9333,true,1,32252
8000380187119,false,עוגיות לואקר קרם אגו,לואקר,IT,עוגיות לואקר אגוזי לוז 100 גרם,גרמים,100.00,100 גרם,false,12,14.90,14.9000,true,1,27721
8000380187249,false,עוגיות לואקר קרם שקד,לואקר,IT,עוגיות לואקר קרם שקדים 100 גרם,גרמים,100.00,100 גרם,false,12,14.90,14.9000,true,1,27722
8000380187300,false,עוגיות לואקר פתיתי ש,לואקר,IT,עוגיות לואקר פתיתי שלג 120 גרם,גרמים,120.00,100 גרם,false,12,14.90,12.4167,true,1,27723
8000380187775,false,ופל גרדנה מצופה קרם,,,ופל גרדנה מצופה קרם אגוז136 גרם,גרמים,136.00,100 גרם,false,1,10.00,7.3529,true,1,43971
8000380189281,false,מארז מיני מיקס לואקר,לואקר,,מארז מיני מיקס לואקר 210 גרם,גרמים,210.00,100 גרם,false,1,19.90,9.4762,true,1,17414
8000380192151,false,חטיף טורטינה טריפל ש,,,חטיף טורטינה טריפל שוקולד מריר125גר6יח,גרמים,125.00,100 גרם,false,1,16.90,13.5200,true,1,22583
8000380192199,false,ופל לואקר דאבל שוקול,,,ופל לואקר דאבל שוקולד 175 גר,גרמים,175.00,100 גרם,false,1,10.90,6.2286,true,1,20142
8000380192588,false,ופל קואדרטיני דאבל ש,,,ופל קואדרטיני דאבל שוקולד 250 ג,גרמים,250.00,100 גרם,false,1,14.90,5.9600,true,1,20594
8000380201396,false,חטיף טורטינה קרמל 12,,,חטיף טורטינה קרמל 125 גר 6 יח,גרמים,125.00,100 גרם,false,1,16.90,13.5200,true,1,32853
8000380205400,false,ופל קואדרטיני חמאת ב,,,ופל קואדרטיני חמאת בוטנים 250 גר,גרמים,250.00,100 גרם,false,1,14.90,5.9600,true,1,41436
8000380205523,false,ופל לואקר חמאת בוטני,,,ופל לואקר חמאת בוטנים 175 גר,גרמים,175.00,100 גרם,false,1,10.90,6.2286,true,1,41442
8000380206896,false,ופל גרדנה מצופה חמאת,,,ופל גרדנה מצופה חמאת בוטנים 200 גרם,גרמים,200.00,100 גרם,false,1,14.90,7.4500,true,1,41439
8000380207183,false,חטיף טורטינה חמאת בו,,,חטיף טורטינה חמאת בוטנים 125 גר 6 יח,גרמים,125.00,100 גרם,false,1,16.90,13.5200,true,1,41440
8000392503136,false,פומפה,,CN,פומפה,יחידה,1.00,יחידה,false,12,7.90,7.9000,true,1,23605
8000409354157,false,מקינטה מוקה לוואצה ל,,,מקינטה מוקה לוואצה לאספרסו,Unknown,0.00,Unknown,false,1,79.90,0.0000,true,1,42511
8000420000491,false,יין מבעבע גנציה אסטי,,,יין מבעבע גנציה אסטי 750 מל,מיליליטרים,750.00,"100 מ""ל",false,1,45.00,6.0000,true,1,17232
8000500009673,false,בונבוניירה פררו רושר,פררו,,בונבוניירה פררו רושר 300 ג,גרמים,300.00,100 גרם,false,1,45.90,15.3000,true,1,3709
8000500023624,false,חטיף הפי היפו קרם שו,פררו,,חטיף הפי היפו קרם שוקולד 5 יח,גרמים,104.00,100 גרם,false,1,12.90,12.4038,true,1,5157
8000500023976,false,בונבוניירה רפאלו 150,פררו,,בונבוניירה רפאלו 150 גרם,גרמים,150.00,100 גרם,false,1,16.90,11.2667,true,1,1546
8000500026731,false,ביצי הפתעה קינדר שלי,,,ביצי הפתעה קינדר שלישיה,Unknown,0.00,Unknown,false,1,14.90,0.0000,true,1,1547
8000500028124,false,מארז 3 ביצי קינדר גו,פררו,IT,מארז 3 ביצי קינדר גוי פאנקו,Unknown,0.00,Unknown,false,32,14.90,0.0000,true,1,32184
8000500029350,false,חטיף קינדר בואנו שלי,פררו,,חטיף קינדר בואנו שלישיה,גרמים,129.00,100 גרם,false,1,9.90,7.6744,true,1,1548
8000500032237,false,בונבוניירה פררו רושר,פררו,,בונבוניירה פררו רושר 375 ג,גרמים,375.00,100 גרם,false,1,44.90,11.9733,true,1,1902
8000500037874,false,בונבוניירה פררו רושר,פררו,,בונבוניירה פררו רושר 200 גרם,גרמים,200.00,100 גרם,false,1,24.90,12.4500,true,1,1549
8000500071083,false,שוקולד קינדר אצבעות,פררו,,שוקולד קינדר אצבעות 200 ג,גרמים,200.00,100 גרם,false,1,11.90,5.9500,true,1,1550
8000500075708,false,מארז 3 ביצי קינדר גו,פררו,,מארז 3 ביצי קינדר גוי כחול,Unknown,0.00,Unknown,false,1,14.90,0.0000,true,1,10234
8000500094976,false,בונבוניירה פררו רושר,פררו,,בונבוניירה פררו רושר קונוס 212 ג,גרמים,212.00,100 גרם,false,1,39.90,18.8208,true,1,26777
8000500096017,false,שוקולד קינדר דמויות,פררו,,שוקולד קינדר דמויות 90 גרם,Unknown,0.00,Unknown,false,1,12.90,0.0000,true,1,23176
8000500121436,false,חטיף קינדר בואנו לבן,פררו,,חטיף קינדר בואנו לבן שלישיה,גרמים,105.00,100 גרם,false,1,9.90,9.4286,true,1,7166
8000500126325,false,מארז 3 ביצי קינדר גו,פררו,,מארז 3 ביצי קינדר גוי ורוד,Unknown,0.00,Unknown,false,1,14.90,0.0000,true,1,10235
8000500127728,false,מארז 4יח עוגת מילק ס,,,מארז 4יח עוגת מילק סלי קינדר פינגווי30גר,גרמים,112.00,100 גרם,false,1,12.90,11.5179,true,1,31505
8000500167656,false,מארז 4יח חטיף קינדר,,,מארז 4יח חטיף קינדר קאנטרי 141 גר,Unknown,0.00,Unknown,false,1,8.50,0.0000,true,1,21986
8000500170359,false,ביצת הפתעה קינדר מקס,פררו,,ביצת הפתעה קינדר מקסי בנות100 גרם,גרמים,100.00,100 גרם,false,1,22.90,22.9000,true,1,40167
8000500172810,false,סוכריות טיק טק תות ש,אלדור,,סוכריות טיק טק תות שדה רביעיה,Unknown,0.00,Unknown,false,1,10.00,0.0000,true,1,9847
8000500227848,false,חטיף נוטלה בי רדי 6,פררו,,חטיף נוטלה בי רדי 6 יח 132 גר,גרמים,132.00,100 גרם,false,1,10.90,8.2576,true,1,15120
8000500247167,false,בונבוניירה פררו רושר,פררו,,בונבוניירה פררו רושר קולקשיין 269 גר,גרמים,269.00,100 גרם,false,1,45.90,17.0632,true,1,15052
8000500249352,false,חטיף קינדר בואנו מינ,פררו,,חטיף קינדר בואנו מיני מיקס 205 גרם,גרמים,205.00,100 גרם,false,1,17.90,8.7317,true,1,15476
8000500256213,false,שוקולד קינדר מיני 12,פררו,IT,שוקולד קינדר מיני 120 גרם,גרמים,120.00,100 גרם,false,16,10.00,8.3333,true,1,19390
8000500267103,false,עוגת קינדר דליס 10 י,,,עוגת קינדר דליס 10 יח 420 גרם,גרמים,380.00,100 גרם,false,1,19.90,5.2368,true,1,18289
8000500269169,false,חטיף קינדר קארדס חמי,פררו,IT,חטיף קינדר קארדס חמישיה 128 גרם,גרמים,128.00,100 גרם,false,20,13.90,10.8594,true,1,27398
8000500272442,false,מארז 10 יח וופל חנוט,פררו,DE,מארז 10 יח וופל חנוטה,יחידה,10.00,יחידה,false,20,25.90,2.5900,true,1,41686
8000500294345,false,איש שלג פררו 90 גרם,פררו,PL,איש שלג פררו 90 גרם,Unknown,0.00,Unknown,false,12,14.90,0.0000,true,1,28673
8000500310427,false,ביסקויט נוטלה 304 גר,פררו,IT,ביסקויט נוטלה 304 גרם,גרמים,304.00,100 גרם,false,10,29.90,9.8355,true,1,29600
8000500328750,false,בונבוניירה פררו רושר,פררו,,בונבוניירה פררו רושר רונדנואר 141גרם,גרמים,138.00,100 גרם,false,1,26.90,19.4928,true,1,30711
8000500353738,false,סוכריות טיק טק מנטה,פררו,,סוכריות טיק טק מנטה חזקה רביעיה,Unknown,0.00,Unknown,false,1,10.00,0.0000,true,1,28455
8000500359488,false,שוקולד פררו חלב קרם,,,שוקולד פררו חלב קרם אגוזי לוז 90 גרם,Unknown,0.00,Unknown,false,1,14.90,0.0000,true,1,41165
8000500359556,false,שוקולד רפאלו לבן קרם,,,שוקולד רפאלו לבן קרם קוקוס 90 גרם,Unknown,0.00,Unknown,false,1,14.90,0.0000,true,1,41168
8000500359815,false,שוקולד פררו מריר קרם,,,שוקולד פררו מריר קרם אגוזי לוז 90 גרם,Unknown,0.00,Unknown,false,1,14.90,0.0000,true,1,41167
8000500359884,false,שוקולד פררו לבן קרם,,,שוקולד פררו לבן קרם אגוזי לוז 90 גרם,Unknown,0.00,Unknown,false,1,14.90,0.0000,true,1,41166
8000500363492,false,מאגת 4יח גלידה רפאלו,,US,מאגת 4יח גלידה רפאלו,יחידה,4.00,יחידה,false,12,41.90,10.4750,true,1,32481
8000500363515,false,מאגדת 4 יח שלגון פרר,,FR,מאגדת 4 יח שלגון פררו רושר מריר,יחידה,4.00,יחידה,false,8,41.90,10.4750,true,1,31678
8000500363539,false,מאגדת 4 יח שלגון פרר,,FR,מאגדת 4 יח שלגון פררו רושר,יחידה,4.00,יחידה,false,8,41.90,10.4750,true,1,31677
8000500374429,false,גרנד פררו רושר 125 ג,,,גרנד פררו רושר 125 גרם,גרמים,125.00,100 גרם,false,1,15.90,12.7200,true,1,33077
8000500374542,false,גרנד פררו רושר מריר,,,גרנד פררו רושר מריר 125 גרם,גרמים,125.00,100 גרם,false,1,15.90,12.7200,true,1,40914
8000500384664,false,מאגדת טילון קינדר 4י,,FR,מאגדת טילון קינדר 4יח,יחידה,4.00,יחידה,false,8,41.90,10.4750,true,1,44014
8000500386941,false,ממרח נוטלה 900 גרם,פררו,IT,ממרח נוטלה 900 גרם,גרמים,900.00,100 גרם,false,1,29.90,3.3222,true,1,41254
8000570048022,false,מרטיני פיירו 750 מל,בקרדי מרטיני,IT,מרטיני פיירו 750 מל,מיליליטרים,750.00,"100 מ""ל",false,6,60.00,8.0000,true,1,19768
8000570283607,false,יין מרטיני אסטי  מבע,,,יין מרטיני אסטי  מבעבע כשר 750 מל,מיליליטרים,750.00,"100 מ""ל",false,1,70.00,9.3333,true,1,19120
8000698036642,false,בונבוניירה אלינור פי,SORINI,,בונבוניירה אלינור פילטי 450 גר,גרמים,450.00,100 גרם,false,1,68.90,15.3111,true,1,8996
8000700000050,false,סבון מוצק דאב 4 יח ל,יוניליוור,,סבון מוצק דאב 4 יח לבן,גרמים,400.00,100 גרם,false,1,14.90,3.7250,true,1,1551
8000786100408,false,קמח תירס פולנטה מסור,,,קמח תירס פולנטה מסורתית 1 קג,קילוגרמים,1.00,"ק""ג",false,1,15.90,15.9000,true,1,5776
8000798000925,false,מטאטא יהלום,,IT,מטאטא יהלום,יחידה,1.00,יחידה,false,12,19.90,19.9000,true,1,23594
8000798038034,false,כף אשפה מתקפל,,IT,כף אשפה מתקפל,יחידה,1.00,יחידה,false,24,14.90,14.9000,true,1,23576
8000798085014,false,מטאטא ואניטי,,IT,מטאטא ואניטי,יחידה,1.00,יחידה,false,12,12.90,12.9000,true,1,23593
8000798085052,false,מטאטא גולד,,IT,מטאטא גולד,יחידה,1.00,יחידה,false,12,14.90,14.9000,true,1,23591
8000798397704,false,כף אשפה נאון,,IT,כף אשפה נאון,יחידה,1.00,יחידה,false,12,16.90,16.9000,true,1,23577
8001003100164,false,סוכריות גלי פירות יו,סרז'טו,IT,סוכריות גלי פירות יוגטה 450 גרם,גרמים,450.00,100 גרם,false,20,10.90,2.4222,true,1,18000
8001003202028,false,סוכריות גלי מנטה יוג,,IT,סוכריות גלי מנטה יוגטה 80 גרם,Unknown,0.00,Unknown,false,12,4.90,0.0000,true,1,42561
8001003202035,false,סוכריות גלי פירות יו,,IT,סוכריות גלי פירות יוגטה 80 גרם,Unknown,0.00,Unknown,false,12,4.90,0.0000,true,1,42560
8001010033721,false,רוטב פסטו פונטי 135,,,רוטב פסטו פונטי 135 גר,גרמים,135.00,100 גרם,false,1,12.90,9.5556,true,1,12597
8001010039501,false,ארטישוק מתובל פלפל ו,,,ארטישוק מתובל פלפל ולימון פונטי 160 גר,גרמים,300.00,100 גרם,false,1,17.90,5.9667,true,1,8307
8001010062844,false,חומץ בלסמי פומטי 500,,,חומץ בלסמי פונטי 500 מל,מיליליטרים,500.00,"100 מ""ל",false,1,17.90,3.5800,true,1,23378
8001010071334,false,חומץ בן יין לבן פונט,,,חומץ בן יין לבן פונטי 500 מל,מיליליטרים,500.00,"100 מ""ל",false,1,10.00,2.0000,true,1,17155
8001010071358,false,חומץ בן יין אדום פונ,,,חומץ בן יין אדום פונטי 500 מל,מיליליטרים,500.00,"100 מ""ל",false,1,10.00,2.0000,true,1,17046
8001010085454,false,עגבניות מיובשות שמן,,,עגבניות מיובשות שמן חמניות 280 גר פונטי,גרמים,280.00,100 גרם,false,1,26.90,9.6071,true,1,11701
8001090015969,false,פיירי טבליות למדיח פ,,,פיירי טבליות למדיח פלטינום 63 יחידות,יחידה,63.00,יחידה,false,1,59.90,0.9508,true,1,13894
8001090016003,false,פיירי טבליות למדיח 8,,,פיירי טבליות למדיח 84 יחידות,יחידה,84.00,יחידה,false,1,59.90,0.7131,true,1,13892
8001090184375,false,נוזל כלים פיירי אורג,,GB,נוזל כלים פיירי אורגינל 900מל,מיליליטרים,900.00,"100 מ""ל",false,8,12.90,1.4333,true,1,41567
8001090184412,false,נוזל כלים פיירי לימו,,GB,נוזל כלים פיירי לימון 900מל,מיליליטרים,900.00,"100 מ""ל",false,8,12.90,1.4333,true,1,41568
8001090222428,false,שמפו הרבל אסנסס חלב,,,שמפו הרבל אסנסס חלב קוקוס 400מל,מיליליטרים,400.00,"100 מ""ל",false,6,17.90,4.4750,true,1,27055
8001090222541,false,שמפו הרבל אסנסס תות,,,שמפו הרבל אסנסס תות שדה מנטה 400מל,מיליליטרים,400.00,"100 מ""ל",false,6,17.90,4.4750,true,1,27053
8001090222572,false,מרכך הרבל אסנסס תות,,,מרכך הרבל אסנסס תות שדה מנטה 400מל,מיליליטרים,400.00,"100 מ""ל",false,6,17.90,4.4750,true,1,27054
8001090222725,false,שמפו הרבל אסנסס שמן,,,שמפו הרבל אסנסס שמן מורינגה 400מל,מיליליטרים,400.00,"100 מ""ל",false,6,17.90,4.4750,true,1,21599
8001090222756,false,מרכך הרבל אסנסס שמן,,,מרכך הרבל אסנסס שמן מורינגה 400מל,מיליליטרים,400.00,"100 מ""ל",false,6,17.90,4.4750,true,1,21601
8001090222848,false,שמפו הרבל אסנסס שמן,,,שמפו הרבל אסנסס שמן ארגן 400מל,מיליליטרים,400.00,"100 מ""ל",false,6,17.90,4.4750,true,1,21598
8001090222879,false,מרכך הרבל אסנסס שמן,,,מרכך הרבל אסנסס שמן ארגן 400מל,מיליליטרים,400.00,"100 מ""ל",false,6,17.90,4.4750,true,1,21600
8001090290830,false,משחת שיניים אורל בי,פרוקטר אנד גמבל,,משחת שיניים אורל בי פנינה בוהקת 75מל,Unknown,0.00,Unknown,false,1,19.90,0.0000,true,1,32151
8001090290939,false,משחת שיניים אורל בי,פרוקטר אנד גמבל,,משחת שיניים אורל בי לבן בוהק 75מל,Unknown,0.00,Unknown,false,1,19.90,0.0000,true,1,32150
8001090316103,false,קפסולות כביסה אריאל,פרוקטר אנד גמבל,FR,קפסולות כביסה אריאל גל 45יח כתמים קשים,יחידה,45.00,יחידה,false,2,64.90,1.4422,true,1,43546
8001090336354,false,חיתולי פמפרס מידה 2,פרוקטר אנד גמבל,,חיתולי פמפרס מידה 2 בייבי דריי 46יחידות,יחידה,46.00,יחידה,false,4,34.90,0.7587,true,1,22455
8001090336408,false,חיתולי פמפרס מידה 3,פרוקטר אנד גמבל,,חיתולי פמפרס מידה 3 בייבי דריי 38יחידות,יחידה,38.00,יחידה,false,4,34.90,0.9184,true,1,22456
8001090336446,false,חיתולי פמפרס מידה 4,פרוקטר אנד גמבל,,חיתולי פמפרס מידה 4 בייבי דריי 34יחידות,יחידה,34.00,יחידה,false,4,34.90,1.0265,true,1,22457
8001090336491,false,חיתולי פמפרס מידה 4+,פרוקטר אנד גמבל,,חיתולי פמפרס מידה 4+ בייבי דריי 31יחידות,יחידה,31.00,יחידה,false,4,34.90,1.1258,true,1,22458
8001090336521,false,חיתולי פמפרס מידה 5,פרוקטר אנד גמבל,,חיתולי פמפרס מידה 5 בייבי דריי 30יחידות,יחידה,30.00,יחידה,false,4,34.90,1.1633,true,1,22459
8001090336606,false,חיתולי פמפרס מידה 6,פרוקטר אנד גמבל,,חיתולי פמפרס מידה 6 בייבי דריי 26יחידות,יחידה,26.00,יחידה,false,4,34.90,1.3423,true,1,22460
8001090364159,false,משחת שיניים אורל בי,פרוקטר אנד גמבל,,משחת שיניים אורל בי 75מל רעננות אי אנד,Unknown,0.00,Unknown,false,1,14.90,0.0000,true,1,32146
8001090364203,false,משחת שיניים אורל בי,פרוקטר אנד גמבל,,משחת שיניים אורל בי 75מל הלבנה אי אנד,Unknown,0.00,Unknown,false,1,14.90,0.0000,true,1,32147
8001090375186,false,מרכך פנטן מרוכז 200מ,,,מרכך פנטן מרוכז 200מל לצבע מלא חיים,מיליליטרים,200.00,"100 מ""ל",false,1,17.90,8.9500,true,1,16390
8001090375230,false,מרכך פנטן מרוכז 200מ,,,מרכך פנטן מרוכז 200מל לחות מוגברת,מיליליטרים,200.00,"100 מ""ל",false,1,17.90,8.9500,true,1,16391
8001090375285,false,מרכך פנטן מרוכז 200מ,,,מרכך פנטן מרוכז 200מל למגע רך כמשי,מיליליטרים,200.00,"100 מ""ל",false,1,17.90,8.9500,true,1,16392
8001090379337,false,חיתולי פמפרס פרימיום,פרוקטר אנד גמבל,,חיתולי פמפרס פרימיום וי פי מידה 3 40יח,יחידה,40.00,יחידה,false,1,31.90,0.7975,true,1,15953
8001090379368,false,חיתולי פמפרס פרימיום,פרוקטר אנד גמבל,,חיתולי פמפרס פרימיום וי פי מידה 4 34יח,יחידה,34.00,יחידה,false,1,31.90,0.9382,true,1,15954
8001090379399,false,חיתולי פמפרס פרימיום,פרוקטר אנד גמבל,,חיתולי פמפרס פרימיום וי פי מידה 5 30יח,יחידה,30.00,יחידה,false,1,31.90,1.0633,true,1,15951
8001090458353,false,נוזל כלים פיירי אנטי,פרוקטר אנד גמבל,,נוזל כלים פיירי אנטי בקטריאלי 515 מל,מיליליטרים,515.00,"100 מ""ל",false,1,9.90,1.9223,true,1,14955
8001090493637,false,שמפו הד אנד שולדרס א,פרוקטר אנד גמבל,,שמפו הד אנד שולדרס אולטרא טוטל קר 450מל,מיליליטרים,450.00,"100 מ""ל",false,1,19.90,4.4222,true,1,15524
8001090580122,false,שמפו הד אנד שולדרס ס,פרוקטר אנד גמבל,,שמפו הד אנד שולדרס סופרים משקם 400מל,מיליליטרים,400.00,"100 מ""ל",false,1,19.90,4.9750,true,1,19699
8001090645487,false,שמפו הרבל אסנסס 400מ,,FR,שמפו הרבל אסנסס 400מל גינגר,מיליליטרים,400.00,"100 מ""ל",false,6,17.90,4.4750,true,1,29903
8001090645517,false,מרכך הרבל אסנסס 400מ,,FR,מרכך הרבל אסנסס 400מל גינגר,מיליליטרים,400.00,"100 מ""ל",false,6,17.90,4.4750,true,1,29902
8001090678195,false,מרכך הד אנד שולדרס ס,פרוקטר אנד גמבל,,מרכך הד אנד שולדרס סופרים לחות 275מל,מיליליטרים,275.00,"100 מ""ל",false,6,14.90,5.4182,true,1,19703
8001090678225,false,מרכך הד אנד שולדרס ס,פרוקטר אנד גמבל,,מרכך הד אנד שולדרס סופרים משקם 275מל,מיליליטרים,275.00,"100 מ""ל",false,6,14.90,5.4182,true,1,19702
8001090678614,false,שמפו הד אנד שולדרס ס,פרוקטר אנד גמבל,,שמפו הד אנד שולדרס סופרים לחות 400מל,מיליליטרים,400.00,"100 מ""ל",false,1,19.90,4.9750,true,1,19700
8001090721099,false,קפסולות לכביסה אריאל,פרוקטר אנד גמבל,FR,קפסולות לכביסה אריאל  27 יח,יחידה,27.00,יחידה,false,3,34.90,1.2926,true,1,18080
8001090721129,false,קפסולות לכביסה אריאל,פרוקטר אנד גמבל,FR,קפסולות לכביסה אריאל קולור  27 יח,יחידה,27.00,יחידה,false,3,34.90,1.2926,true,1,18081
8001090737809,false,מגן תחתון אולוויז טנ,,,מגן תחתון אולוויז טנגה 36יח סינגל,יחידה,36.00,יחידה,false,1,14.90,0.4139,true,1,18997
8001090832450,false,שמפו לשיער פנטן 660מ,פרוקטר אנד גמבל,RO,שמפו לשיער פנטן 660מל נוסחה קלאסית,מיליליטרים,660.00,"100 מ""ל",false,6,21.90,3.3182,true,1,28490
8001090832535,false,שמפו לשיער פנטן 660מ,פרוקטר אנד גמבל,RO,שמפו לשיער פנטן 660מל שמן מרוקאי משקם,מיליליטרים,660.00,"100 מ""ל",false,6,21.90,3.3182,true,1,28491
8001090832573,false,שמפו פנטן 660מל לחות,פרוקטר אנד גמבל,RO,שמפו פנטן 660מל לחות מוגברת,מיליליטרים,660.00,"100 מ""ל",false,6,21.90,3.3182,true,1,28492
8001090832610,false,שמפו פנטן 660מל למגע,פרוקטר אנד גמבל,RO,שמפו פנטן 660מל למגע רך כמשי,מיליליטרים,660.00,"100 מ""ל",false,6,21.90,3.3182,true,1,28493
8001090832696,false,שמפו פנטן 660מל לתלת,פרוקטר אנד גמבל,RO,שמפו פנטן 660מל לתלתלים מושלמים,מיליליטרים,660.00,"100 מ""ל",false,6,21.90,3.3182,true,1,28494
8001090832771,false,שמפו פנטן 660מל קרטי,פרוקטר אנד גמבל,RO,שמפו פנטן 660מל קרטין,מיליליטרים,660.00,"100 מ""ל",false,6,21.90,3.3182,true,1,28495
8001090832818,false,מרכך פנטן 660מל נוסח,פרוקטר אנד גמבל,RO,מרכך פנטן 660מל נוסחה קלאסית,מיליליטרים,660.00,"100 מ""ל",false,6,21.90,3.3182,true,1,28497
8001090832856,false,מרכך פנטן 660מל מרוק,פרוקטר אנד גמבל,RO,מרכך פנטן 660מל מרוקאי משקם,מיליליטרים,660.00,"100 מ""ל",false,6,21.90,3.3182,true,1,28498
8001090832894,false,מרכך פנטן 660מל לחות,פרוקטר אנד גמבל,RO,מרכך פנטן 660מל לחות מוגברת,מיליליטרים,660.00,"100 מ""ל",false,6,21.90,3.3182,true,1,28499
8001090832931,false,מרכך פנטן 660מל מגע,פרוקטר אנד גמבל,RO,מרכך פנטן 660מל מגע רך כמשי,מיליליטרים,660.00,"100 מ""ל",false,6,21.90,3.3182,true,1,28500
8001090832979,false,מרכך פנטן 660מל תלתל,פרוקטר אנד גמבל,RO,מרכך פנטן 660מל תלתלים מושלמים,מיליליטרים,660.00,"100 מ""ל",false,6,21.90,3.3182,true,1,28501
8001090833051,false,מרכך פנטן 660מל קרטי,פרוקטר אנד גמבל,RO,מרכך פנטן 660מל קרטין,מיליליטרים,660.00,"100 מ""ל",false,6,21.90,3.3182,true,1,28502
8001090833136,false,גל כביסה אריאל בייבי,פרוקטר אנד גמבל,FR,גל כביסה אריאל בייבי 2.255ליטר,מיליליטרים,2255.00,"100 מ""ל",false,4,34.90,1.5477,true,1,19166
8001090833167,false,גל כביסה אריאל 2.365,פרוקטר אנד גמבל,FR,גל כביסה אריאל 2.365ליטר ניחוח הדרים,מיליליטרים,2365.00,"100 מ""ל",false,4,34.90,1.4757,true,1,19163
8001090833198,false,גל כביסה אריאל 2.365,פרוקטר אנד גמבל,FR,גל כביסה אריאל 2.365ליטר ניחוח מרענן,מיליליטרים,2365.00,"100 מ""ל",false,4,34.90,1.4757,true,1,19164
8001090833228,false,גל כביסה אריאל קולור,פרוקטר אנד גמבל,FR,גל כביסה אריאל קולור 2.365ליטר,מיליליטרים,2365.00,"100 מ""ל",false,4,34.90,1.4757,true,1,19165
8001090833259,false,גל כביסה אריאל מרוכז,פרוקטר אנד גמבל,,גל כביסה אריאל מרוכז 3.740 ליטר,מיליליטרים,3740.00,"100 מ""ל",false,1,48.90,1.3075,true,1,19167
8001090886385,false,מבשם כביסה לנור כדור,פרוקטר אנד גמבל,,מבשם כביסה לנור כדוריות רענן 140גר,גרמים,140.00,100 גרם,false,1,19.90,14.2143,true,1,27268
8001090886460,false,מבשם כביסה לנור כדור,פרוקטר אנד גמבל,,מבשם כביסה לנור כדוריות אביבי 140גר,גרמים,140.00,100 גרם,false,1,19.90,14.2143,true,1,21051
8001090891273,false,מבשם כביסה לנור כדור,פרוקטר אנד גמבל,,מבשם כביסה לנור כדוריות סחלב 210גר,גרמים,210.00,100 גרם,false,1,27.90,13.2857,true,1,27263
8001090899194,false,תחבושות אולוויז נורמ,p&G,,תחבושות אולוויז נורמל פלטינום 24יח,יחידה,24.00,יחידה,false,8,16.90,0.7042,true,1,22423
8001090899224,false,תחבושות אולוויז לונג,p&G,,תחבושות אולוויז לונג פלטינום 20יח,יחידה,20.00,יחידה,false,8,16.90,0.8450,true,1,22424
8001090899255,false,תחבושות אולוויז לילה,p&G,,תחבושות אולוויז לילה פלטינום 16יח,יחידה,16.00,יחידה,false,8,16.90,1.0562,true,1,22425
8001090899286,false,תחבושות אולוויז לילה,p&G,,תחבושות אולוויז לילה בטוח פלטינום 14יח,יחידה,14.00,יחידה,false,8,16.90,1.2071,true,1,22426
8001110016303,false,ליקר דיסארונו אמרטו,אילווה סרונו,,ליקר דיסארונו אמרטו 700 מל פקדון,מיליליטרים,700.00,"100 מ""ל",false,1,90.00,12.8571,true,1,7564
8001160000888,false,משקה גטורייד ספורט ת,ALOE VERA HEAVEN SRL,,משקה גטורייד ספורט תפוז 500 מל פיקדון,מיליליטרים,500.00,"100 מ""ל",false,1,10.00,2.0000,true,1,8473
8001160001786,false,משקה גטורייד ספורט כ,ALOE VERA HEAVEN SRL,,משקה גטורייד ספורט כחול 500 מל פיקדון,מיליליטרים,500.00,"100 מ""ל",false,1,10.00,2.0000,true,1,8472
8001250003652,false,פסטה רדיאטורי מס 199,,,פסטה רדיאטורי מס 199 דה צקו 500 גר,גרמים,500.00,100 גרם,false,1,10.90,2.1800,true,1,8816
8001250009999,false,ניוקי תפוא 500 ג דה,,,ניוקי תפוא 500 ג דה צקו,גרמים,500.00,100 גרם,false,1,10.90,2.1800,true,1,2924
8001250110015,false,לזניה דה צקו 500 גר,,,לזניה דה צקו 500 גר,גרמים,500.00,100 גרם,false,1,18.90,3.7800,true,1,3958
8001250120069,false,פסטה פטוצלה מס 6 דה,,,פסטה פטוצלה מס 6 דה צקו 500 ג,גרמים,500.00,100 גרם,false,1,10.90,2.1800,true,1,3954
8001250120076,false,פסטה לינווני מס 7 דה,,,פסטה לינווני מס 7 דה צקו 500 גר,גרמים,500.00,100 גרם,false,1,10.90,2.1800,true,1,3963
8001250120113,false,פסטה ספגטיני מס 11 ד,,,פסטה ספגטיני מס 11 דה צקן 500 גר,גרמים,500.00,100 גרם,false,1,10.90,2.1800,true,1,3964
8001250120120,false,פסטה ספגטי מס 12 דה,,,פסטה ספגטי מס 12 דה צקו 500 גר,גרמים,500.00,100 גרם,false,1,10.90,2.1800,true,1,3965
8001250120151,false,פסטה בוקטיני מס 15 ד,,,פסטה בוקטיני מס 15 דה צקו 500 גר,גרמים,500.00,100 גרם,false,1,10.90,2.1800,true,1,5786
8001250120229,false,פסטה פסטונטי מס 22,,,פסטה פסטונטי מס 22  דה צקו 500 ג,גרמים,500.00,100 גרם,false,1,10.90,2.1800,true,1,6742
8001250120236,false,פסטה טורטוליוני מס 2,,,פסטה טורטוליוני מס 23 דה צקו 500 ג,גרמים,500.00,100 גרם,false,1,10.90,2.1800,true,1,8835
8001250120243,false,פסטה ריגטוני מס 24 ד,,,פסטה ריגטוני מס 24 דה צקו 500 גר,גרמים,500.00,100 גרם,false,1,10.90,2.1800,true,1,5787
8001250120267,false,פסטה ריגטוני קצר מס,,,פסטה ריגטוני קצר מס 28 דה צקו 500 גר,גרמים,500.00,100 גרם,false,1,10.90,2.1800,true,1,5788
8001250120335,false,פסטה קיפרי ריגטי מס,,,פסטה קיפרי ריגטי מס 33 דה צקו 500 גר,גרמים,500.00,100 גרם,false,1,10.90,2.1800,true,1,5789
8001250120342,false,פסטה פוזיליני מס 34,,,פסטה פוזיליני מס 34 דה צקו 500 גר,גרמים,500.00,100 גרם,false,1,10.90,2.1800,true,1,3966
8001250120410,false,פסטה פנה מס 41 דה צק,,,פסטה פנה מס 41 דה צקו 500 ג,גרמים,500.00,100 גרם,false,1,10.90,2.1800,true,1,3953
8001250120465,false,פסטה קונכיות ניוקי מ,,,פסטה קונכיות ניוקי מס 46 דה צקו 500 ג,גרמים,500.00,100 גרם,false,1,10.90,2.1800,true,1,3960
8001250120502,false,פסטה קונצלי מס 50 דה,,,פסטה קונצלי מס 50 דה צקו 500 ג,גרמים,500.00,100 גרם,false,1,10.90,2.1800,true,1,5790
8001250120519,false,פסטה קונצילייטה מס 5,,,פסטה קונצילייטה מס 51 דה צקן 500 גר,גרמים,500.00,100 גרם,false,1,10.90,2.1800,true,1,40161
8001250120748,false,פסטה ריזו מס 74 דה צ,,,פסטה ריזו מס 74 דה צקו 500 ג,גרמים,500.00,100 גרם,false,1,10.90,2.1800,true,1,5791
8001250120878,false,פסטה קוואטאפי מס 87,,,פסטה קוואטאפי מס 87 דה צקו 500 ג,גרמים,500.00,100 גרם,false,1,10.90,2.1800,true,1,5792
8001250120885,false,פסטה חונקי כמרים מס,,,פסטה חונקי כמרים מס 88 דה צקו 500 ג,גרמים,500.00,100 גרם,false,1,10.90,2.1800,true,1,5793
8001250120908,false,פסטה ראקט מס 90 דה צ,,,פסטה ראקט מס 90 דה צקו 500 ג,גרמים,500.00,100 גרם,false,1,10.90,2.1800,true,1,5794
8001250120915,false,פסטה אורקייטה מס 91,,,פסטה אורקייטה מס 91 דה צקן 500 גר,גרמים,500.00,100 גרם,false,1,10.90,2.1800,true,1,5813
8001250120939,false,פסטה פרפלה מס 93 דה,,,פסטה פרפלה מס 93 דה צקו 500 ג,גרמים,500.00,100 גרם,false,1,10.90,2.1800,true,1,5795
8001250121264,false,פסטה קנציליוני מס 12,,,פסטה קנציליוני מס 126 דה צקו 500 גר,גרמים,500.00,100 גרם,false,1,16.90,3.3800,true,1,5797
8001250121813,false,אטריות דה צקו פיליני,,,אטריות דה צקו פיליני 500 גרם,גרמים,500.00,100 גרם,false,1,10.90,2.1800,true,1,16384
8001250121981,false,פסטה פוזילי מסולסל מ,,,פסטה פוזילי מסולסל מס 198 דה צקו 500 ג,גרמים,500.00,100 גרם,false,1,10.90,2.1800,true,1,6743
8001250145345,false,פסטה פוזילי טריקולור,,,פסטה פוזילי טריקולור דה צקו 500 ג,גרמים,500.00,100 גרם,false,1,13.90,2.7800,true,1,4443
8001250145413,false,פסטה פנה טריקולור דה,,,פסטה פנה טריקולור דה צקו 500 ג,גרמים,500.00,100 גרם,false,1,13.90,2.7800,true,1,4442
8001250152015,false,פסטה פפרדלה דה צקו ק,,,פסטה פפרדלה קופסא דה צקו 500 ג,גרמים,500.00,100 גרם,false,1,14.90,2.9800,true,1,3957
8001250152091,false,פסטה קפלי דאנגלו דה,,,פסטה קפלי דאנגלו מס 209 דה צקו 500 ג,גרמים,500.00,100 גרם,false,1,14.90,2.9800,true,1,3956
8001250152114,false,פסטה טריפוליני דה צק,,,פסטה טריפוליני מס 211 דה צקו 500 ג,גרמים,500.00,100 גרם,false,1,14.90,2.9800,true,1,3961
8001250152336,false,פסטה פיטוציני דה צקו,,,פסטה פיטוציני מס 233 דה צקו 500 ג,גרמים,500.00,100 גרם,false,1,14.90,2.9800,true,1,3959
8001250201003,false,קנלוני דה צקו 250 ג,,,קנלוני דה צקו 250 ג,גרמים,250.00,100 גרם,false,1,14.90,5.9600,true,1,3955
8001250201010,false,פסטה פרפדלה ביצים מס,,,פסטה פרפדלה ביצים מס 103 דה צקו 250 גר,גרמים,250.00,100 גרם,false,1,12.90,5.1600,true,1,13014
8001250201034,false,פסטה פטוציני ביצים מ,,,פסטה פטוציני ביצים מס 103 דה צקו 250 גר,גרמים,250.00,100 גרם,false,1,12.90,5.1600,true,1,5796
8001250219138,false,רוטב פסטה סיציליאנה,,,רוטב פסטה סיציליאנה דה צקו 400 גר,גרמים,400.00,100 גרם,false,1,10.90,2.7250,true,1,8711
8001250219145,false,רוטב פסטה ארביאטה דה,,,רוטב פסטה ארביאטה דה צקו 400 גר,גרמים,400.00,100 גרם,false,1,10.90,2.7250,true,1,5799
8001250219169,false,רוטב פסטה נפוליטנה ד,,,רוטב פסטה נפוליטנה דה צקו 400 גר,גרמים,400.00,100 גרם,false,1,10.90,2.7250,true,1,5800
8001250250018,false,שמן זית כתית מעולה 7,,,שמן זית כתית מעולה 750 מל קלאסיקו,מיליליטרים,750.00,"100 מ""ל",false,1,39.90,5.3200,true,1,5845
8001250310125,false,ספגטי חיטה מלאה 12 ד,,,ספגטי חיטה מלאה 12 דה צקו 500 גר,גרמים,500.00,100 גרם,false,1,11.90,2.3800,true,1,5804
8001250310415,false,פסטה פנה חיטה מלאה 4,,,פסטה פנה חיטה מלאה 41 דה צקו 500 גר,גרמים,500.00,100 גרם,false,1,11.90,2.3800,true,1,5805
8001250861764,false,קמח מחיטת דורום דה צ,,,קמח מחיטת דורום דה צקו 1 קג,קילוגרמים,1.00,"ק""ג",false,1,16.90,16.9000,true,1,5803
8001420001327,false,אורז ריזוטו ארבוריו,ריזו גאלו,,אורז ריזוטו ארבוריו גאלו 500 גרם,גרמים,500.00,100 גרם,false,1,12.90,2.5800,true,1,2768
8001420005608,false,אורז ריזוטו שלושה דג,ריזו גאלו,,אורז ריזוטו שלושה דגנים 400 גרם,גרמים,400.00,100 גרם,false,1,16.00,4.0000,true,1,11730
8001420006360,false,ריזוטו להכנה מהירה פ,ריזו גאלו,IT,ריזוטו להכנה מהירה פטריות כמהין 175 גרם,גרמים,175.00,100 גרם,false,6,16.90,9.6571,true,1,30499
8001420006728,false,ריזוטו להכנה מהירה 4,ריזו גאלו,IT,ריזוטו להכנה מהירה 4 גבינות 175 גרם,גרמים,175.00,100 גרם,false,6,16.90,9.6571,true,1,30498
8001420006742,false,ריזוטו להכנה מהירה פ,ריזו גאלו,IT,ריזוטו להכנה מהירה פטריות פורציני175 גרם,גרמים,175.00,100 גרם,false,6,16.90,9.6571,true,1,30500
8001435310018,false,בירה מורטי 330מל בקב,,,בירה מורטי 330מל בקבוק פקדון,מיליליטרים,330.00,"100 מ""ל",false,1,8.90,2.6970,true,1,22507
8001505000160,false,מעדן דובדבן אורגני 2,פיור די פרוטה,,מעדן דובדבן אורגני 250 גר,גרמים,250.00,100 גרם,false,1,18.90,7.5600,true,1,13715
8001505000177,false,מעדן משמש אורגני 250,פיור די פרוטה,,מעדן משמש אורגני 250 גר,גרמים,250.00,100 גרם,false,1,18.90,7.5600,true,1,13716
8001505000184,false,מעדן אוכמניות אורגני,פיור די פרוטה,,מעדן אוכמניות אורגני 250 גר,גרמים,250.00,100 גרם,false,1,18.90,7.5600,true,1,13717
8001505000283,false,מעדן פטל אורגני 250,פיור די פרוטה,,מעדן פטל אורגני 250 גר,גרמים,250.00,100 גרם,false,1,18.90,7.5600,true,1,13718
8001505000306,false,מעדן פירות יער אורגנ,פיור די פרוטה,,מעדן פירות יער אורגני 250 גר,גרמים,250.00,100 גרם,false,1,18.90,7.5600,true,1,13719
8001505000313,false,ממרח אגוזי לוז אורגנ,פיור די פרוטה,,ממרח אגוזי לוז אורגני 270 גר,גרמים,270.00,100 גרם,false,1,19.90,7.3704,true,1,13725
8001505000320,false,מעדן תותי בר אורגני,פיור די פרוטה,,מעדן תותי בר אורגני 250 גר,גרמים,250.00,100 גרם,false,1,18.90,7.5600,true,1,13720
8001505000498,false,מעדן לימונים אורגני,פיור די פרוטה,,מעדן לימונים אורגני 250 גר,גרמים,250.00,100 גרם,false,1,18.90,7.5600,true,1,13723
8001505000573,false,מעדן דומדומניות שחור,פיור די פרוטה,,מעדן דומדומניות שחורות אורגני 250 גר,גרמים,250.00,100 גרם,false,1,18.90,7.5600,true,1,13722
8001505000580,false,מעדן אפרסק אורגני 25,פיור די פרוטה,,מעדן אפרסק אורגני 250 גר,גרמים,250.00,100 גרם,false,1,18.90,7.5600,true,1,13724
8001505001105,false,ממרח אגוזי לוז לא חל,פיור די פרוטה,,ממרח אגוזי לוז לא חלבי אורגני 270 גר,גרמים,270.00,100 גרם,false,1,19.90,7.3704,true,1,14721
8001505001785,false,ממרח אגוזי לוז לבן א,ריגוני די אסיי ישראל,IL,ממרח אגוזי לוז לבן אורגני 270 גר,גרמים,270.00,100 גרם,false,6,19.90,7.3704,true,1,21144
8001561015580,false,ריבת בצל אדום איטלקי,,,ריבת בצל אדום איטלקית 300 גרם,גרמים,300.00,100 גרם,false,1,25.90,8.6333,true,1,28917
8001561021383,false,טונה קליפו במים פח 1,,,טונה קליפו במים פח 160 גרם,גרמים,160.00,100 גרם,false,1,16.90,10.5625,true,1,17227
8001561024131,false,מארז 3 יח טונה קליפו,גיאצינטו קליפו,IT,מארז 3 יח טונה קליפו בשמן זית חאיף 80 גר,גרמים,240.00,100 גרם,false,32,24.90,10.3750,true,1,32521
8001561101252,false,פילה טינה וונטרסקה ב,גיאצינטו קליפו,IT,פילה טינה וונטרסקה בשמן זית 125 גרם,גרמים,125.00,100 גרם,false,24,41.90,33.5200,true,1,32507
8001561301706,false,טונה קליפו במן זית פ,,,טונה קליפו במן זית פח 160 גרם,גרמים,160.00,100 גרם,false,1,16.90,10.5625,true,1,17226
8001561521708,false,זוג טונה קליפו במים,גיאצינטו קליפו,,זוג טונה קליפו במים 160 גרם,גרמים,320.00,100 גרם,false,24,29.90,9.3437,true,1,32503
8001585001040,false,עוגה אישית 10יח מיקס,BALCONI,,עוגה אישית 10יח מיקס בלקוני שוקולד,גרמים,350.00,100 גרם,false,1,13.90,3.9714,true,1,4875
8001585004164,false,עוגת טירמיסו בלקוני,BALCONI,,עוגת טירמיסו בלקוני 400 גר,גרמים,400.00,100 גרם,false,1,14.90,3.7250,true,1,10078
8001585008414,false,ביסקויט בלקוני ביסבה,בלקוני,IT,ביסקויט בלקוני ביסבה 500 גרם,גרמים,400.00,100 גרם,false,1600,8.90,2.2250,true,1,28247
8001620011935,false,מארז 6יח מים סן בנדט,,,מארז 6יח מים סן בנדטו מוגז 500 מל פיקדון,מיליליטרים,3000.00,"100 מ""ל",false,1,12.90,0.4300,true,1,7372
8001620015629,false,משקה סן בנדטו תפוז א,,,משקה סן בנדטו תפוז אדום תפוז 400מל,מיליליטרים,400.00,"100 מ""ל",false,12,7.90,1.9750,true,1,39463
8001620015636,false,משקה סן בנדטו מיקס פ,,,משקה סן בנדטו מיקס פירות 400מל,מיליליטרים,400.00,"100 מ""ל",false,12,7.90,1.9750,true,1,31033
8001620018248,false,מים סן בנדטו 750 מל,,,מים סן בנדטו 750 מל פקק ספורט,מיליליטרים,750.00,"100 מ""ל",false,1,5.00,0.6667,true,1,20903
8001620018408,false,משקה סן בנדטו מנגו ת,,,משקה סן בנדטו מנגו תפוח 400מל,מיליליטרים,400.00,"100 מ""ל",false,12,7.90,1.9750,true,1,39464
8001660101757,false,יין רופינו קיאנטי 75,,,יין רופינו קיאנטי 750 מל פקדון,מיליליטרים,750.00,"100 מ""ל",false,1,45.00,6.0000,true,1,2276
8001660109753,false,יין רופינו קיאנטי קל,רופינו,IT,יין רופינו קיאנטי קלסיקו דוקלה750מל פקדו,מיליליטרים,750.00,"100 מ""ל",false,1,110.00,14.6667,true,1,3255
8001660126750,false,יין רופינו אורבייטו,,,יין רופינו אורבייטו קלסיקו 750 מל פקדון,מיליליטרים,750.00,"100 מ""ל",false,1,45.00,6.0000,true,1,3257
8001660197156,false,יין רופינו פינו גריג,,,יין רופינו פינו גריגיו 750 מל,מיליליטרים,750.00,"100 מ""ל",false,1,60.00,8.0000,true,1,16880
8001660251131,false,יין רופינו קיאנטי רז,,,יין רופינו קיאנטי רזרבה 750 מל,מיליליטרים,750.00,"100 מ""ל",false,1,75.00,10.0000,true,1,16881
8001720414360,false,עוגת פנדורו לימונצלו,BAULI,,עוגת פנדורו לימונצלו 750 ג באולי,גרמים,750.00,100 גרם,false,1,69.90,9.3200,true,1,28062
8001720415442,false,עוגת פנתוני עם ראם ו,BAULI,IT,עוגת פנתוני עם ראם ושיברי פיסטוק 750 גרם,גרמים,750.00,100 גרם,false,12,79.90,10.6533,true,1,44745
8001720415848,false,עוגת פנדורו באולי קל,BAULI,IT,עוגת פנדורו באולי קלאסית 700 גרם,גרמים,700.00,100 גרם,false,12,54.90,7.8429,true,1,44892
8001720415862,false,עוגת פנדורו שוקולד ש,BAULI,IT,עוגת פנדורו שוקולד של מודיקה 820 גרם באו,גרמים,820.00,100 גרם,false,12,79.90,9.7439,true,1,44746
8001720416401,false,עוגת פנדורו קרם שמנת,BAULI,,עוגת פנדורו קרם שמנת פיצפוצי שוקולד750גר,גרמים,750.00,100 גרם,false,1,69.90,9.3200,true,1,28066
8001720425847,false,עוגת פנתוני באולי קל,BAULI,IT,עוגת פנתוני באולי קלאסית 700 גרם,גרמים,700.00,100 גרם,false,12,54.90,7.8429,true,1,44893
8001780499307,false,דובדבני אמרנה 230 גר,,,דובדבני אמרנה 230 גר פאברי,גרמים,230.00,100 גרם,false,1,29.90,13.0000,true,1,22321
8001841006710,false,מבשם כביסה לנור כדור,פרוקטר אנד גמבל,,מבשם כביסה לנור כדוריות רענן 210גר,גרמים,210.00,100 גרם,false,1,27.90,13.2857,true,1,27264
8001841006833,false,מבשם כביסה לנור כדור,פרוקטר אנד גמבל,,מבשם כביסה לנור כדוריות אביבי 210גר,גרמים,275.00,100 גרם,false,1,27.90,10.1455,true,1,27265
8001841019291,false,קפסולות לכביסה אריאל,פרוקטר אנד גמבל,FR,קפסולות לכביסה אריאל  16יח בניחוח לנור,יחידה,16.00,יחידה,false,6,19.90,1.2437,true,1,38050
8001841062624,false,מארז מגבוני פמפרס 4י,פרוקטר אנד גמבל,,מארז מגבוני פמפרס 4יח ללא בישום 52יח,יחידה,204.00,יחידה,false,3,16.90,0.0828,true,1,30036
8001841077949,false,מארז מגבוני פמפרס 4י,פרוקטר אנד גמבל,,מארז מגבוני פמפרס 4יח פרש 52יח,יחידה,204.00,יחידה,false,3,16.90,0.0828,true,1,22461
8001841104751,false,חיתולי פמפרס פרימיום,פרוקטר אנד גמבל,,חיתולי פמפרס פרימיום וי פי מידה 1 52יח,יחידה,52.00,יחידה,false,1,31.90,0.6135,true,1,20706
8001841104799,false,חיתולי פמפרס פרימיום,פרוקטר אנד גמבל,,חיתולי פמפרס פרימיום וי פי מידה 2 46יח,יחידה,46.00,יחידה,false,1,31.90,0.6935,true,1,20704
8001841105093,false,חיתולי פמפרס פרימיום,פרוקטר אנד גמבל,,חיתולי פמפרס פרימיום וי פי מידה 6 26יח,יחידה,26.00,יחידה,false,1,31.90,1.2269,true,1,20705
8001841137179,false,מרכך הד אנד שולדרס ק,פרוקטר אנד גמבל,,מרכך הד אנד שולדרס קלאסי 275מל,מיליליטרים,275.00,"100 מ""ל",false,6,14.90,5.4182,true,1,22466
8001841137216,false,מרכך הד אנד שולדרס מ,פרוקטר אנד גמבל,RO,מרכך הד אנד שולדרס מגע רך 275מל,מיליליטרים,275.00,"100 מ""ל",false,6,14.90,5.4182,true,1,22467
8001841198347,false,דאודורנט גילט ספריי,פרוקטר אנד גמבל,,דאודורנט גילט ספריי קול וויב 150מל,מיליליטרים,150.00,"100 מ""ל",false,1,19.90,13.2667,true,1,23277
8001841272757,false,משחת שיניים אורל בי,פרוקטר אנד גמבל,,משחת שיניים אורל בי להלבנה פחם 75מל,Unknown,0.00,Unknown,false,1,19.90,0.0000,true,1,39440
8001841427126,false,מגן תחתון אולדייז מג,פרוקטר אנד גמבל,,מגן תחתון אולדייז מגה פק פרו פרש נורמל64,יחידה,64.00,יחידה,false,4,19.90,0.3109,true,1,25160
8001841500799,false,שמפו הרבל אסנסס ללא,,FR,שמפו הרבל אסנסס ללא סולפטים 380מל מנגו,מיליליטרים,380.00,"100 מ""ל",false,6,17.90,4.7105,true,1,28880
8001841502298,false,מרכך הרבל אסנסס ללא,,FR,מרכך הרבל אסנסס ללא סולפטים 275מל מנגו,מיליליטרים,275.00,"100 מ""ל",false,6,17.90,6.5091,true,1,28882
8001841502601,false,מרכך הרבל אסנסס ללא,,FR,מרכך הרבל אסנסס ללא סולפטים 275מל במבוק,מיליליטרים,275.00,"100 מ""ל",false,6,17.90,6.5091,true,1,28883
8001841566771,false,מבשם כביסה לנור כדור,פרוקטר אנד גמבל,,מבשם כביסה לנור כדוריות יסמין 210גר,גרמים,210.00,100 גרם,false,1,27.90,13.2857,true,1,27267
8001841625188,false,נוזל כלים פיירי פלטי,,,נוזל כלים פיירי פלטינום לימון 515מל,מיליליטרים,515.00,"100 מ""ל",false,16,9.90,1.9223,true,1,24341
8001841625362,false,נוזל כלים פיירי פלטי,,GB,נוזל כלים פיירי פלטינום לימון 780מל,מיליליטרים,900.00,"100 מ""ל",false,8,12.90,1.4333,true,1,41569
8001841625461,false,נוזל כלים פיירי פלטי,,,נוזל כלים פיירי פלטינום אורגינל 515מל,מיליליטרים,515.00,"100 מ""ל",false,16,9.90,1.9223,true,1,24342
8001841660257,false,מסכת שיער פנטן מיראק,,FR,מסכת שיער פנטן מיראקלס במבוק 160מל,מיליליטרים,160.00,"100 מ""ל",false,6,18.90,11.8125,true,1,31633
8001841660530,false,קרם לחות לשיער פנטן,,FR,קרם לחות לשיער פנטן מיראקלס במבוק 270מל,מיליליטרים,270.00,"100 מ""ל",false,6,18.90,7.0000,true,1,31631
8001841669465,false,קפסולות לכביסה אריאל,פרוקטר אנד גמבל,FR,קפסולות לכביסה אריאל קולור  24 יח,יחידה,27.00,יחידה,false,3,34.90,1.2926,true,1,29417
8001841669519,false,קפסולות לכביסה אריאל,פרוקטר אנד גמבל,FR,קפסולות לכביסה אריאל  55 יח,יחידה,55.00,יחידה,false,2,64.90,1.1800,true,1,26141
8001841680989,false,מגן תחתון אולדייז מג,פרוקטר אנד גמבל,,מגן תחתון אולדייז מגה פק פרו פרש לארג 60,יחידה,60.00,יחידה,false,4,19.90,0.3317,true,1,25161
8001841715957,false,גל רחצה ושמפו שולדרס,,FR,גל רחצה ושמפו שולדרס אינטנסיבי 360מל,מיליליטרים,360.00,"100 מ""ל",false,6,19.90,5.5278,true,1,32139
8001841716312,false,גל רחצה ושמפו שולדרס,,FR,גל רחצה ושמפו שולדרס ספורט 360מל,מיליליטרים,360.00,"100 מ""ל",false,6,19.90,5.5278,true,1,32140
8001841716435,false,גל רחצה ושמפו שולדרס,,FR,גל רחצה ושמפו שולדרס לעור רגיש 360מל,מיליליטרים,360.00,"100 מ""ל",false,6,19.90,5.5278,true,1,32141
8001841716596,false,גל רחצה ושמפו שולדרס,,FR,גל רחצה ושמפו שולדרס מרענן 360מל,מיליליטרים,360.00,"100 מ""ל",false,6,19.90,5.5278,true,1,32142
8001841893990,false,פיירי טבליות למדיח פ,,,פיירי טבליות למדיח פלטינום פלוס 30 יח,יחידה,30.00,יחידה,false,4,34.90,1.1633,true,1,28676
8001841941929,false,תחבושות אולוויז לילה,p&G,,תחבושות אולוויז לילה בטוח אקסטרא 16יח,יחידה,16.00,יחידה,false,1,16.90,1.0562,true,1,32143
8001841943961,false,מבשם כביסה לנור כדור,פרוקטר אנד גמבל,,מבשם כביסה לנור כדוריות אוקיינוס 210גר,גרמים,210.00,100 גרם,false,1,27.90,13.2857,true,1,27266
8001841958460,false,פיירי טבליות למדיח 4,,,פיירי טבליות למדיח 48 יחידות,יחידה,48.00,יחידה,false,1,34.90,0.7271,true,1,28674
8001841960081,false,פיירי טבליות למדיח פ,,,פיירי טבליות למדיח פלטינום 37 יחידות,יחידה,37.00,יחידה,false,1,34.90,0.9432,true,1,28675
8001876002107,false,אורז ארבוריו קולביטה,ריסרייה ויניולה גיוב,IT,אורז ארבוריו קולביטה 500 גרם,גרמים,500.00,100 גרם,false,12,15.90,3.1800,true,1,20811
8001876002152,false,קוסקוס קולביטה בנוני,סיפה אינטרנשיונל אס.,IT,קוסקוס קולביטה בנוני 500 גרם,גרמים,500.00,100 גרם,false,12,12.90,2.5800,true,1,20809
8001876012588,false,שמן זית כתית מעולה י,COLAVITA SpA,,שמן זית כתית מעולה ים תיכוני 750 מל,מיליליטרים,750.00,"100 מ""ל",false,1,45.00,6.0000,true,1,7749
8001876012595,false,שמן זית קולאויטה כתי,COLAVITA SpA,,שמן זית קולאויטה כתית מעולה יווני 750 מל,מיליליטרים,750.00,"100 מ""ל",false,1,45.00,6.0000,true,1,7748
8001876020088,false,שמן זית קולאויטה כתי,COLAVITA SpA,,שמן זית קולאויטה כתית מעולה 750 מל,מיליליטרים,750.00,"100 מ""ל",false,1,45.00,6.0000,true,1,6673
8001876550028,false,חומץ יין לבן 500 מל,COLAVITA SpA,,חומץ יין לבן 500 מל קולאויטא,מיליליטרים,500.00,"100 מ""ל",false,1,22.50,4.5000,true,1,6009
8001876550042,false,חומץ יין אדום 500 מל,COLAVITA SpA,,חומץ יין אדום 500 מל קולאויטא,מיליליטרים,500.00,"100 מ""ל",false,1,22.50,4.5000,true,1,6008
8001876550561,false,חומץ בלסמי ממודנה 50,COLAVITA SpA,,חומץ בלסמי ממודנה 500 מל קולאויטא,מיליליטרים,500.00,"100 מ""ל",false,1,27.50,5.5000,true,1,6006
8001876550646,false,חומץ פטל 500 מל קולא,COLAVITA SpA,,חומץ פטל 500 מל קולאויטא,מיליליטרים,500.00,"100 מ""ל",false,1,24.50,4.9000,true,1,6010
8001876552459,false,חומץ בלסמי מיושן ממו,DE NIGRIS,,חומץ בלסמי מיושן ממודנה 250 מל,מיליליטרים,250.00,"100 מ""ל",false,1,41.00,16.4000,true,1,7750
8001876552541,false,חומץ בלסמי לבן 500 מ,DE NIGRIS,,חומץ בלסמי לבן 500 מל קולאויטא,מיליליטרים,500.00,"100 מ""ל",false,1,27.50,5.5000,true,1,6007
8001900234054,false,יין למברוסקו פריזנטה,איטליה גרופו איטליאנ,,יין רוזה למברוסקו מבעבע 750 מל פקדון,מיליליטרים,750.00,"100 מ""ל",false,1,35.00,4.6667,true,1,4716
8001900527057,false,יין למברוסקו פריזנטה,איטליה גרופו איטליאנ,,יין אדום למברוסקו מבעבע 750 מל פקדון,מיליליטרים,750.00,"100 מ""ל",false,1,35.00,4.6667,true,1,4714
8001900628051,false,יין למברוסקו פריזנטה,איטליה גרופו איטליאנ,,יין לבן למברוסקו מבעבע 750 מל פקדון,מיליליטרים,750.00,"100 מ""ל",false,1,35.00,4.6667,true,1,4715
8001906998561,false,יין פרימו וי פרוסקו,,,יין פרוסקו פרימוב לבן מבעבע 750 מל פיקדו,מיליליטרים,750.00,"100 מ""ל",false,1,60.00,8.0000,true,1,39513
8001929256983,false,יין מונאפולציאנו די,,IT,יין מונאפולציאנו די או סי 250 מל,מיליליטרים,250.00,"100 מ""ל",false,,25.00,10.0000,true,1,38340
8001929257041,false,יין שרדונה 250 מל,,IT,יין קוואנטו באסטה שרדונה 250 מל,מיליליטרים,250.00,"100 מ""ל",false,18,25.00,10.0000,true,1,20252
8001929274727,false,יין קוואנטו באסטה פי,,IT,יין קוואנטו באסטה פיניולטו 250 מל,מיליליטרים,200.00,"100 מ""ל",false,18,25.00,12.5000,true,1,20253
8001929316717,false,יין פינו גריגיו קי ב,,IT,יין פינו גריגיו קי בי 250 מל,מיליליטרים,250.00,"100 מ""ל",false,24,25.00,10.0000,true,1,38341
8001935001133,false,יין וינו נובילה די מ,איטליה אנטינורי,,יין וינו נובילה די מונטפולציאנו 750מל פק,מיליליטרים,750.00,"100 מ""ל",false,1,80.00,10.6667,true,1,8002
8001935002079,false,יין איל ברושטו אנטינ,איטליה אנטינורי,,יין איל ברושטו אנטינורי 750 מל פקדון,מיליליטרים,750.00,"100 מ""ל",false,1,110.00,14.6667,true,1,7622
8001935002611,false,יין לה מאסטרלה אנטינ,איטליה אנטינורי,,יין לה מאסטרלה אנטינורי 750מל פקדון,מיליליטרים,750.00,"100 מ""ל",false,1,60.00,8.0000,true,1,8891
8001935005407,false,יין קיאנטי קלאסיקו ר,איטליה אנטינורי,,יין קיאנטי קלאסיקו ריזרבה וילה 750 מל,מיליליטרים,750.00,"100 מ""ל",false,1,100.00,13.3333,true,1,10952
8001935025504,false,יין אורבייטו גובאני,איטליה אנטינורי,,יין סאן גיובאני דלה סאלה 750מל פקדון,מיליליטרים,750.00,"100 מ""ל",false,1,75.00,10.0000,true,1,9054
8001935221401,false,יין אדום וילה אנטינו,איטליה אנטינורי,,יין אדום וילה אנטינורי 750 מל פקדון,מיליליטרים,750.00,"100 מ""ל",false,1,80.00,10.6667,true,1,2003
8001935294504,false,יין אדום פפולי קיאנט,איטליה אנטינורי,,יין אדום פפולי קיאנטי קלאסיקו 750מל פקדו,מיליליטרים,750.00,"100 מ""ל",false,1,80.00,10.6667,true,1,7627
8001935323204,false,יין אורבייטו קמפוגרנ,איטליה אנטינורי,,יין אורבייטו קמפוגרנדה 750 מל פקדון,מיליליטרים,750.00,"100 מ""ל",false,1,45.00,6.0000,true,1,7620
8001935333203,false,יין אורבייטו קאסאסול,איטליה אנטינורי,,יין אורבייטו קאסאסולה 750 מל פקדון,מיליליטרים,750.00,"100 מ""ל",false,1,60.00,8.0000,true,1,7621
8001935353201,false,יין לבן וילה אנטינור,איטליה אנטינורי,,יין לבן וילה אנטינורי 750 מל פיקדן,מיליליטרים,750.00,"100 מ""ל",false,1,60.00,8.0000,true,1,5679
8001935361404,false,יין אדום סנטה קריסטי,איטליה אנטינורי,,יין אדום סנטה קריסטינה אנטינ750 מל פקדון,מיליליטרים,750.00,"100 מ""ל",false,1,60.00,8.0000,true,1,1999
8001935650102,false,יין בראמיטו דל צרוו,אנטינורי,,יין בראמיטו דל צרוו 750 מל,מיליליטרים,750.00,"100 מ""ל",false,1,100.00,13.3333,true,1,15846
8001943549122,true,מטבעות שוקולד צוקטה,,IT,מטבעות שוקולד צוקטה 40 גרם,Unknown,0.00,Unknown,false,50,4.90,0.0000,true,1,38368
8002062000068,false,יין קמפיורין מאסי 75,מאסי,,יין קמפיורין מאסי 750 מל פיקדון,מיליליטרים,750.00,"100 מ""ל",false,1,100.00,13.3333,true,1,7047
8002062000099,false,יין סרגו אליגרי רוסו,מאסי,,יין סרגו אליגרי רוסו 750 מל פיקדון,מיליליטרים,750.00,"100 מ""ל",false,1,80.00,10.6667,true,1,14311
8002062000105,false,יין סרגו אליגרי ביאנ,מאסי,,יין סרגו אליגרי ביאנקו 750 מל פיקדון,מיליליטרים,750.00,"100 מ""ל",false,1,80.00,10.6667,true,1,14310
8002062001522,false,יין מודלו רוסו דלה ו,מאסי,,יין מודלו רוסו דלה ונציה 750 מל פיקדון,מיליליטרים,750.00,"100 מ""ל",false,1,60.00,8.0000,true,1,5586
8002062001560,false,יין מודלו ביאנקו דלה,מאסי,,יין מודלו ביאנקו דלה ונציה 750 מל פיקדון,מיליליטרים,750.00,"100 מ""ל",false,1,60.00,8.0000,true,1,7045
8002062001607,false,יין פאסדובלה מאסי 75,מאסי,,יין פאסדובלה מאסי 750 מל פיקדון,מיליליטרים,750.00,"100 מ""ל",false,1,70.00,9.3333,true,1,7049
8002062006510,false,יין רוזה די מאסי 750,מאסי,,יין רוזה די מאסי 750 מל פיקדון,מיליליטרים,750.00,"100 מ""ל",false,1,100.00,13.3333,true,1,14309
8002110383709,false,קרם ידיים ניוטרוגינה,,,קרם ידיים ניוטרוגינה לא מבושם 50 מל,Unknown,0.00,Unknown,false,1,25.90,0.0000,true,1,15940
8002130050216,false,אורז ארבוריו לריזוטו,ריזריה ויניולה ג'יוב,,אורז ארבוריו לריזוטו וינולה 500 גרם,גרמים,500.00,100 גרם,false,1,15.90,3.1800,true,1,13957
8002130202431,false,אורז אסור-ונורה וינו,ריזריה ויניולה ג'יוב,,אורז אסור-ונורה וינולה 500 גרם,גרמים,500.00,100 גרם,false,1,35.00,7.0000,true,1,13958
8002153007006,false,יין קיאנטי קסטלני 75,,,יין קיאנטי קסטלני 750 מל פיקדון,מיליליטרים,750.00,"100 מ""ל",false,1,45.00,6.0000,true,1,12279
8002153007808,false,יין מונטפולצאנו דארב,,,יין מונטפולצאנו דארברוצו 750מל 2015,מיליליטרים,750.00,"100 מ""ל",false,1,45.00,6.0000,true,1,14216
8002153007853,false,יין טומאילו אורביטו,,,יין טומאילו אורביטו קלאסיקו 750מל פיקדון,מיליליטרים,750.00,"100 מ""ל",false,1,45.00,6.0000,true,1,6576
8002153008324,false,יין קיאנטי רזרבה קסט,,,יין קיאנטי רזרבה קסטלני 2012 750 מל,מיליליטרים,750.00,"100 מ""ל",false,1,70.00,9.3333,true,1,12778
8002153208526,false,יין קמפו די מרצו פרי,,,יין קמפו די מרצו פרימיטיבו 750 מל,מיליליטרים,750.00,"100 מ""ל",false,1,45.00,6.0000,true,1,13122
8002153208540,false,יין קמפו די מרצו נגר,,,יין קמפו די מרצו נגרו אמרו 750 מל,מיליליטרים,750.00,"100 מ""ל",false,1,45.00,6.0000,true,1,13123
8002153209066,false,יין פרימיטיבו גריפונ,,,יין פרימיטיבו גריפונה 750 מל,מיליליטרים,75000.00,"100 מ""ל",false,1,60.00,0.0800,true,1,10161
8002153210925,false,יין סנגובזה גריפונה,,,יין סנגובזה גריפונה 750 מל,מיליליטרים,75000.00,"100 מ""ל",false,1,60.00,0.0800,true,1,10162
8002153216002,false,יין קמפו די מרצו סנג,,,יין קמפו די מרצו סנגובזה 750 מל,מיליליטרים,750.00,"100 מ""ל",false,1,45.00,6.0000,true,1,13003
8002153220016,false,יין קורבלי קסטלני רו,,,יין קורבלי קסטלני רוזה 750 מל,מיליליטרים,750.00,"100 מ""ל",false,1,45.00,6.0000,true,1,21320
8002153992616,false,יין פוגיו אל קסונה ק,,,יין פוגיו אל קסונה קיאנטי ס 750מל פיקדון,מיליליטרים,750.00,"100 מ""ל",false,1,65.00,8.6667,true,1,6577
8002205319835,false,מזון חתול בוגר סלמון,פורינה ONE,IT,מזול חתול בוגר סלמון פורינה 800גר,גרמים,800.00,100 גרם,false,1,29.90,3.7375,true,1,22379
8002205319903,false,מזון חתול בוגר עוף פ,פורינה ONE,IT,מזול חתול בוגר עוף פורינה 800גר,גרמים,800.00,100 גרם,false,1,29.90,3.7375,true,1,22378
8002213004068,false,קמח לפיצה ורוד 1 קג,,,קמח לפיצה ורוד 1 קג,קילוגרמים,1.00,"ק""ג",false,1,11.90,11.9000,true,1,11516
8002213008332,false,תערובת להכנת פוקצה ס,,IT,תערובת להכנת פוקצה ספאדוני 500 גרם,גרמים,500.00,100 גרם,false,6,17.90,3.5800,true,1,31895
8002213008349,false,תערובת להכנת לחם שיפ,,IT,תערובת להכנת לחם מלא ספאדוני 400 גרם,גרמים,400.00,100 גרם,false,6,17.90,4.4750,true,1,31894
8002230000012,false,ליקר אפרול 1 ליטר פי,davide campari,,ליקר אפרול 1 ליטר פיקדון,ליטרים,1.00,ליטר,false,1,89.00,89.0000,true,1,8205
8002235367554,false,יין קסטלו דל פוגיו ד,,IT,יין קסטלו דל פוגיו די או סי גי 750 מל,מיליליטרים,750.00,"100 מ""ל",false,6,60.00,8.0000,true,1,38334
8002267002270,false,חטיפי קרח פולרטי פיר,,,חטיפי קרח פולרטי פירות 18 יח,יחידה,18.00,יחידה,false,1,9.90,0.5500,true,1,11079
8002267014662,false,ביצי הפתעה ברבי שלשו,דולפין,IT,ביצי הפתעה ברבי שלשות 60 גרם,Unknown,0.00,Unknown,false,16,10.90,0.0000,true,1,18962
8002267014945,false,ביצי הפתעה הוט ווילס,דולפין,IT,ביצי הפתעה הוט ווילס שלשות 60 גרם,Unknown,0.00,Unknown,false,16,10.90,0.0000,true,1,18963
8002267016475,false,ביצי הפתעה בוב הבנאי,דולפין,IT,ביצי הפתעה בוב הבנאי שלשות 60 גרם,Unknown,0.00,Unknown,false,16,10.90,0.0000,true,1,40542
8002270015649,false,מים סן פלגרינו 250 מ,,,מים סן פלגרינו 250 מל פקדון,מיליליטרים,250.00,"100 מ""ל",false,1,6.90,2.7600,true,1,3738
8002270015656,false,מים סן פלגרינו 750 מ,,,מים סן פלגרינו 750 מל פקדון,מיליליטרים,750.00,"100 מ""ל",false,1,10.90,1.4533,true,1,2507
8002270166587,false,מארז 6יח מים סן פלגר,,,מארז 6יח מים סן פלגרינו 1ל פסטיק פקדון,ליטרים,6.00,ליטר,false,1,45.00,7.5000,true,1,14308
8002270166594,false,מים סן פלגינו 6*250מ,,,מים סן פלגינו 6*250מל פקדון,ליטרים,1.50,ליטר,false,1,28.90,19.2667,true,1,13073
8002270256790,false,מארז 6יח מים סן פלגר,סן-פלגרינו,,מארז 6יח מים סן פלגרינו תפוז 500מל פקדון,ליטרים,3.00,ליטר,false,1,32.90,10.9667,true,1,40815
8002270436581,false,מארז 6יח מים סן פלגר,סן-פלגרינו,,מארז 6יח מים סן פלגרינו 500 מל פקדון,ליטרים,3.00,ליטר,false,1,32.90,10.9667,true,1,13881
8002270866524,false,מים סן פלגרינו 1ל פס,,,מים סן פלגרינו 1ל פסטיק פקדון,ליטרים,1.00,ליטר,false,1,8.90,8.9000,true,1,8621
8002312991009,false,יין פוליזיאנו רוסו ד,,,יין פוליזיאנו רוסו די מונטפולציאנו 750מל,מיליליטרים,750.00,"100 מ""ל",false,1,70.00,9.3333,true,1,8980
8002365026505,false,יין ברברה דאסטי לא א,,,יין ברברה דאסטי סופריור 750מל פיקדון,מיליליטרים,750.00,"100 מ""ל",false,1,80.00,10.6667,true,1,5574
8002371000773,false,קרואסון תות אנטונלי,antonelli group s.r.,IT,קרואסון תות אנטונלי 300 גרם,גרמים,300.00,100 גרם,false,8,10.90,3.6333,true,1,29467
8002371001503,false,קרואסון שוקולד אנטונ,antonelli group s.r.,IT,קרואסון שוקולד אנטונלי 300 גרם,גרמים,300.00,100 גרם,false,8,10.90,3.6333,true,1,29466
8002450201008,false,יין ורדי רפסברי ספרק,איטליה בוסקה,,יין ורדי רפסברי ספרקלטיני 750 מל פיקדון,מיליליטרים,750.00,"100 מ""ל",false,1,25.00,3.3333,true,1,6003
8002450202005,false,ורדי אסאי ספרקלטיני,איטליה בוסקה,,יין ורדי אסאי ספרקלטיני 750 מל פיקדון,מיליליטרים,750.00,"100 מ""ל",false,1,25.00,3.3333,true,1,9033
8002450203002,false,יין ורדי טעם אבטיח 7,איטליה בוסקה,,יין וורדי טעם אבטיח 750 מל,מיליליטרים,750.00,"100 מ""ל",false,1,25.00,3.3333,true,1,20215
8002450204009,false,יין ורדי אפרסק 750 מ,איטליה בוסקה,,יין נתזים ורדי אפרסק 750 מל פיקדון,מיליליטרים,750.00,"100 מ""ל",false,1,25.00,3.3333,true,1,6132
8002450205006,false,יין ורדי תות 750 מל,איטליה בוסקה,,שיכר ורדי תות 750 מל פיקדון,מיליליטרים,750.00,"100 מ""ל",false,1,25.00,3.3333,true,1,14315
8002450206003,false,יין ורדי רימונים 750,איטליה בוסקה,,שיכר ורדי רימונים 750 מל פיקדון,מיליליטרים,750.00,"100 מ""ל",false,1,25.00,3.3333,true,1,6005
8002450208007,false,יין ורדי גרין אפל 75,איטליה בוסקה,,יין ורדי גרין אפל 750 מל פיקדון,מיליליטרים,750.00,"100 מ""ל",false,1,25.00,3.3333,true,1,6004
8002450209004,false,יין ורדי רוזה  750 מ,איטליה בוסקה,,יין ורדי רוזה  750 מל פיקדון,מיליליטרים,750.00,"100 מ""ל",false,1,25.00,3.3333,true,1,11948
8002450409206,false,יין ורדי אפרסק  כשלפ,איטליה בוסקה,,ורדי אפרסק  כשלפ 750 מל,מיליליטרים,750.00,"100 מ""ל",false,1,25.00,3.3333,true,1,23988
8002450609200,false,יין ורדי רימונים כשל,איטליה בוסקה,,ורדי רימונים כשלפ 750 מל,מיליליטרים,750.00,"100 מ""ל",false,1,25.00,3.3333,true,1,23987
8002530121028,false,קפסולות מאורו לאספרס,,IT,קפסולות מאורו לאספרסו צנטופרצנטו10 יח,יחידה,10.00,יחידה,false,12,16.90,1.6900,true,1,28288
8002530147028,false,קפסולות מאורו  צנטופ,,IT,קפסולות מאורו  צנטופרצנטו לאספרסו10 יח,יחידה,10.00,יחידה,false,12,16.90,1.6900,true,1,42424
8002530155122,false,קפסולות מאורו פרימיו,,IT,קפסולות מאורו פרימיום לאספרסו 10 יח,יחידה,10.00,יחידה,false,12,16.90,1.6900,true,1,28290
8002530164629,false,פולי קפה מאורו צנטופ,,IT,פולי קפה מאורו צנטופרצנטו 1 קג,קילוגרמים,1.00,"ק""ג",false,6,120.00,120.0000,true,1,40240
8002530164827,false,פולי קפה מאורו דה לו,,IT,פולי קפה מאורו דה לוקס  1 קג,קילוגרמים,1.00,"ק""ג",false,6,130.00,130.0000,true,1,39608
8002530164926,false,פולי קפה מאורו פרימי,,IT,פולי קפה מאורו פרימיום 1 קג,קילוגרמים,1.00,"ק""ג",false,6,110.00,110.0000,true,1,40239
8002530180124,false,פולי קפה מאורו צנטור,,IT,פולי קפה מאורו צנטורצנטו 250 גרם,גרמים,250.00,100 גרם,false,10,39.90,15.9600,true,1,38506
8002530180223,false,פולי קפה מאורו דה לו,,IT,פולי קפה מאורו דה לוקס 250 גרם,גרמים,250.00,100 גרם,false,10,39.90,15.9600,true,1,38508
8002530180322,false,פולי קפה מאורו פרימי,,IT,פולי קפה מאורו פרימיום 250 גרם,גרמים,250.00,100 גרם,false,10,39.90,15.9600,true,1,38507
8002550502203,false,יין פרוסקו די ואלדונ,איטליה קאנטין רגי,,יין פרוסקו די ואלדוניאדינה ריבה די 750 מ,מיליליטרים,750.00,"100 מ""ל",false,1,65.00,8.6667,true,1,15102
8002550502333,false,יין פרוסקו אקסטרא דר,איטליה קאנטין רגי,,יין פרוסקו אקסטרא דריי 750 מל,מיליליטרים,750.00,"100 מ""ל",false,1,45.00,6.0000,true,1,15099
8002550503637,false,יין מאסקיו רוזה מבעב,מאסקיו,IT,יין מאסקיו רוזה מבעבע 750 מל,מיליליטרים,750.00,"100 מ""ל",false,12,45.00,6.0000,true,1,19968
8002550503835,false,יין מאסקיו רוזה מבעב,,,יין מוגז פרוסקו רוזה מאסציו 200מל,מיליליטרים,200.00,"100 מ""ל",false,1,25.00,12.5000,true,1,16232
8002793005370,false,יין פיציני ממורו רוס,,,יין פיציני ממורו רוסו 750 מל,מיליליטרים,750.00,"100 מ""ל",false,6,45.00,6.0000,true,1,42135
8002793006797,false,יין פיציני ממורו ביא,,,יין פיציני ממורו ביאנקו 750 מל,מיליליטרים,750.00,"100 מ""ל",false,6,45.00,6.0000,true,1,42136
8002793007435,false,יין פיציני ממורו רוז,,,יין פיציני ממורו רוזה 750 מל,מיליליטרים,750.00,"100 מ""ל",false,6,45.00,6.0000,true,1,42137
8002793012941,false,יין פיציני פוגיו אלט,,,יין פיציני פוגיו אלטו וטוסקנה  750 מל,מיליליטרים,750.00,"100 מ""ל",false,6,60.00,8.0000,true,1,39724
8002793018776,false,יין פראפאסו פרימיטיב,,,יין פראפאסו פרימיטיבו די מאנדוריה 750 מל,מיליליטרים,750.00,"100 מ""ל",false,6,60.00,8.0000,true,1,39714
8002793021196,false,יין פיציני פינוקיו ר,,,יין פיציני פינוקיו רוסו דה איטליה 750 מל,מיליליטרים,750.00,"100 מ""ל",false,6,45.00,6.0000,true,1,44068
8002795000274,false,רוטב בשמל 200מל,,IT,רוטב בשמל 200מל,מיליליטרים,200.00,"100 מ""ל",false,1,6.90,3.4500,true,1,33223
8002795002445,false,מארז 2יח קרם ונילה א,,IT,מארז 2יח קרם ונילה איטלקי 100גר,גרמים,200.00,100 גרם,false,1,6.90,3.4500,true,1,33220
8002795002469,false,גבינת מסקרפונה איטלק,,IT,גבינת מסקרפונה איטלקי 200 גר,גרמים,200.00,100 גרם,false,1,16.90,8.4500,true,1,29911
8002910043476,false,ויט רצועות שעווה ביק,רקיט בנקיזר צרפת,,ויט רצועות שעווה ביקיני מוכנות לשימוש,Unknown,0.00,Unknown,false,1,21.90,0.0000,true,1,15838
8002960103199,false,רוטב פסטה מנו פומודו,,IT,רוטב פסטה מנו פומודורינה 370 גרם,גרמים,370.00,100 גרם,false,6,13.90,3.7568,true,1,41197
8002960103205,false,רוטב פסטה מנו ארביאט,,IT,רוטב פסטה מנו ארביאטה 370 גרם,גרמים,370.00,100 גרם,false,6,13.90,3.7568,true,1,41196
8002960103212,false,רוטב מנו לשקשוקה 370,,IT,רוטב מנו לשקשוקה 370 גרם,גרמים,370.00,100 גרם,false,6,13.90,3.7568,true,1,41198
8003007800484,false,פסטה טראלורו צוקה 50,,,פסטה טראלורו צוקה 500 גר,גרמים,500.00,100 גרם,false,1,14.90,2.9800,true,1,5208
8003007800712,false,פסטה טראלורו פרחים4ט,,,פסטה טראלורו פרחים4טעמים 500 גר,גרמים,500.00,100 גרם,false,1,14.90,2.9800,true,1,5204
8003007800842,false,פסטה טראלורו קונקילי,,,פסטה טראלורו קונקיליוני 500 גר,גרמים,500.00,100 גרם,false,1,14.90,2.9800,true,1,5206
8003007810001,false,פסטה טראלורו פנטה4טע,,,פסטה טראלורו פנטה4טעמים 500 גר,גרמים,500.00,100 גרם,false,1,14.90,2.9800,true,1,5203
8003007811473,false,פסטה טראלורו פנוני ר,,,פסטה טראלורו פנוני ריגטה 500 גר,גרמים,500.00,100 גרם,false,1,14.90,2.9800,true,1,10970
8003007816683,false,פסטה טראלורו ארמוניק,,,פסטה טראלורו ארמוניקה4טעמים 500 גר,גרמים,500.00,100 גרם,false,1,14.90,2.9800,true,1,6541
8003007817000,false,פסטה טראלורו פוזילי,,,פסטה טראלורו פוזילי טרפילטי 500 גרם,גרמים,500.00,100 גרם,false,1,14.90,2.9800,true,1,11206
8003007817918,false,פסטה טראלורו לומקוני,,,פסטה טראלורו לומקוני4טעמים 500 גר,גרמים,500.00,100 גרם,false,1,14.90,2.9800,true,1,10878
8003007821144,false,פסטה טראלורו גירלה4ט,,,פסטה טראלורו גירלה4טעמים 500 גר,גרמים,500.00,100 גרם,false,1,14.90,2.9800,true,1,11155
8003015701100,false,יין קיאנטי קלאסיקו ק,,,יין קיאנטי קלאסיקו קרפינטו 750 מל פיקדון,מיליליטרים,750.00,"100 מ""ל",false,1,100.00,13.3333,true,1,6580
8003015703722,false,יין קרפינטו רוסו די,,,יין קרפינטו רוסו די מונטפוליציאנו 750מל,מיליליטרים,750.00,"100 מ""ל",false,1,60.00,8.0000,true,1,8078
8003015703791,false,יין וינו נובילה רזרב,,,יין וינו נובילה רזרבה די מונטפוליציאנו 7,מיליליטרים,750.00,"100 מ""ל",false,1,155.00,20.6667,true,1,8080
8003015703913,false,יין קברנה סוביניון פ,,,יין קברנה סוביניון פרניטו 750 מל פקדון,מיליליטרים,750.00,"100 מ""ל",false,1,165.00,22.0000,true,1,8077
8003015703968,false,יין דוגיולו סופר טוס,,,יין דוגיולו סופר טוסקן 750 מל פקדון,מיליליטרים,750.00,"100 מ""ל",false,1,65.00,8.6667,true,1,7233
8003015706716,false,יין דוגיולו רוזה  75,,,יין דוגיולו רוזה  750 מל פקדון,מיליליטרים,750.00,"100 מ""ל",false,1,65.00,8.6667,true,1,10411
8003015709656,false,יין אוריגנלה אדום 75,קרפינטו,IT,יין אוריגנלה אדום 750 מל,מיליליטרים,750.00,"100 מ""ל",false,12,60.00,8.0000,true,1,31526
8003059152005,false,קרחום 1000 איטלקי,,,קרחום 1000 איטלקי,Unknown,0.00,Unknown,false,1,15.90,0.0000,true,1,4696
8003294529228,false,פילה טונה בהירה במים,ג'נרל קונסרבה,IT,פילה טונה בהירה במים 190 גרם,גרמים,190.00,100 גרם,false,12,31.90,16.7895,true,1,22268
8003340091280,false,בונבוניירה לינדור 60,לינדט,,בונבוניירה לינדור 60% מריר 200 ג,גרמים,200.00,100 גרם,false,1,29.90,14.9500,true,1,6068
8003407150578,false,חומץ בלסמי לבן 500 מ,אקטיפיקו,,חומץ בלסמי לבן 500 מל,מיליליטרים,500.00,"100 מ""ל",false,1,22.50,4.5000,true,1,5418
8003440997857,false,מסטיק מנטוס פיור פרש,פרפטי ואן מלה,,מסטיק מנטוס פיור פרש מנטה100יח שקית200גר,יחידה,100.00,יחידה,false,1,19.90,0.1990,true,1,40791
8003440997871,false,מסטיק מנטוס פיור פרש,פרפטי ואן מלה,,מסטיק מנטוס פיור פרש תות100יח בשקית200ג,יחידה,100.00,יחידה,false,1,19.90,0.1990,true,1,40789
8003490037206,false,גריסיני רוברטו עם מל,,IT,גריסיני רוברטו עם מלח 250 גרם,גרמים,250.00,100 גרם,false,14,24.90,9.9600,true,1,44932
8003490038708,false,גריסיני רוברטו עם רו,,IT,גריסיני רוברטו עם רוזמרין 250 גרם,גרמים,250.00,100 גרם,false,14,24.90,9.9600,true,1,44941
8003490042804,false,גריסיני רוברטו עם שמ,,IT,גריסיני רוברטו עם שמן זית 250 גרם,גרמים,250.00,100 גרם,false,14,24.90,9.9600,true,1,44942
8003490043009,false,מיני גריסיני רוברטו,,IT,מיני גריסיני רוברטו עם רוזמרין 150 גרם,גרמים,150.00,100 גרם,false,10,12.90,8.6000,true,1,44940
8003490043207,false,מיני גריסיני רוברטו,,IT,מיני גריסיני רוברטו עם שומשום 150 גרם,גרמים,150.00,100 גרם,false,10,12.90,8.6000,true,1,44937
8003490044501,false,מיני גריסיני רוברטו,,IT,מיני גריסיני רוברטו מלוח 150 גרם,גרמים,150.00,100 גרם,false,10,12.90,8.6000,true,1,44938
8003490044808,false,ברוסקטה רוברטו בשמן,,IT,ברוסקטה רוברטו בשמן זית 100 גרם,גרמים,100.00,100 גרם,false,10,11.90,11.9000,true,1,44933
8003490044815,false,ברוסקטה רוברטו עם רו,,IT,ברוסקטה רוברטו עם רוזמרין 100 גרם,גרמים,100.00,100 גרם,false,10,11.90,11.9000,true,1,44934
8003490044822,false,ברוסקטה רוברטו עם פס,,IT,ברוסקטה רוברטו עם פסטו 100 גרם,גרמים,100.00,100 גרם,false,10,11.90,11.9000,true,1,44935
8003490044839,false,ברוסקטה רוברטו עגבני,,IT,ברוסקטה רוברטו עגבניות ובזיליקום 100 גרם,גרמים,100.00,100 גרם,false,10,11.90,11.9000,true,1,44936
8003490044990,false,גריסיני רוברטו עם שו,,IT,גריסיני רוברטו עם שומשום 250 גרם,גרמים,250.00,100 גרם,false,14,24.90,9.9600,true,1,44943
8003490047038,false,קרוטונים רוברטו לסלט,,IT,קרוטונים רוברטו לסלט ולמרק 125 גרם,גרמים,125.00,100 גרם,false,15,16.90,13.5200,true,1,44944
8003508011921,false,ממרח זיתים ופלפל חרי,מאדאמה אוליבה,IT,ממרח זיתים ופלפל חריף 190 גרם,גרמים,190.00,100 גרם,false,11,17.90,9.4211,true,1,18475
8003508011938,false,ממרח זיתים וארטישוק,מאדאמה אוליבה,IT,ממרח זיתים וארטישוק 190 גרם,גרמים,190.00,100 גרם,false,11,17.90,9.4211,true,1,18474
8003545805705,false,יין פינק זינפנדל פוג,,IT,יין פינק זינפנדל פוגליה 750 מל,מיליליטרים,750.00,"100 מ""ל",false,6,60.00,8.0000,true,1,44183
8003576001534,false,מלקחיים נירוסטה גריל,,,מלקחיים נירוסטה גריל/סלט 20סמ,יחידה,1.00,יחידה,false,1,5.90,5.9000,true,1,30752
8003653001907,false,מגב ניקוי עם ספוג לה,טונקיטה,,מגב ניקוי עם ספוג להסרת מים,יחידה,1.00,יחידה,false,1,9.90,9.9000,true,1,12117
8003653002409,false,סט לניקוי אסלות מעוצ,טונקיטה,,סט לניקוי אסלות מעוצב,יחידה,1.00,יחידה,false,1,19.90,19.9000,true,1,12120
8003653003000,false,מברשת לניקוי כלים,טונקיטה,,מברשת לניקוי כלים,יחידה,1.00,יחידה,false,1,9.90,9.9000,true,1,12129
8003653005301,false,מברשת עם ידית אחיזה,טונקיטה,,מברשת עם ידית אחיזה,יחידה,1.00,יחידה,false,1,12.90,12.9000,true,1,12121
8003653005400,false,יעה נצמד,טונקיטה,,יעה נצמד,יחידה,1.00,יחידה,false,1,8.90,8.9000,true,1,12127
8003653006407,false,מברשת לניקוי בקבוקים,טונקיטה,,מברשת לניקוי בקבוקים,יחידה,1.00,יחידה,false,1,9.90,9.9000,true,1,12128
8003653008258,false,מגב ריצפה עם מקל 44,טונקיטה,,מגב ריצפה עם מקל 44 סמ,יחידה,1.00,יחידה,false,1,19.90,19.9000,true,1,12116
8003653008708,false,מגב ריצפה 55 סמ,טונקיטה,,מגב ריצפה 55 סמ,יחידה,1.00,יחידה,false,1,29.90,29.9000,true,1,12125
8003653010305,false,מטאטא סאפזיו,טונקיטה,,מטאטא סאפזיו,יחידה,1.00,יחידה,false,1,22.90,22.9000,true,1,12108
8003653011807,false,אטבי פלסטיק 20 יחידו,טונקיטה,,אטבי פלסטיק 20 יחידות,יחידה,20.00,יחידה,false,1,12.90,0.6450,true,1,12119
8003653013306,false,מקל מתכוונן למטאטא/מ,טונקיטה,,מקל מתכוונן למטאטא/מקל 150 סמ,יחידה,1.00,יחידה,false,1,16.90,16.9000,true,1,12115
8003653033588,false,מטאטא אוניברסל,טונקיטה,,מטאטא אוניברסל,יחידה,1.00,יחידה,false,1,27.90,27.9000,true,1,12110
8003653033601,false,מטאטא פעולה כפולה לש,טונקיטה,,מטאטא פעולה כפולה לשיער/אבק דואל,יחידה,1.00,יחידה,false,1,24.90,24.9000,true,1,12132
8003653033755,false,אטבי עץ 12 יחידות,טונקיטה,,אטבי עץ 12 יחידות,יחידה,12.00,יחידה,false,1,7.90,0.6583,true,1,12118
8003653033960,false,מטאטא טונקיטה פנימי,אריקס,,מטאטא טונקיטה פנימי אקולוגי+מקל,יחידה,1.00,יחידה,false,1,29.90,29.9000,true,1,14868
8003750001725,false,ליקר ביצרין שוקולד ג,,IT,ליקר ביצרין שוקולד גנדויה 700 מל,מיליליטרים,750.00,"100 מ""ל",false,6,85.00,11.3333,true,1,32281
8003750126046,false,ליקר ביצרין שוקולד ל,,IT,ליקר ביצרין שוקולד לבן 750 מל,מיליליטרים,750.00,"100 מ""ל",false,6,85.00,11.3333,true,1,32398
8003753900438,false,קפה אספרסו אילי 250,קפה לנדוור,,קפה אספרסו אילי 250 גרם,גרמים,250.00,100 גרם,false,1,42.90,17.1600,true,1,3352
8003753900469,false,קפה אספרסו אילי טחון,קפה לנדוור,,קפה אספרסו אילי טחון כהה 250 גר פחית,גרמים,250.00,100 גרם,false,1,42.90,17.1600,true,1,5327
8003753900520,false,פולי קפה אילי לאספרס,,IT,פולי קפה אילי לאספרסו 250 גרם,גרמים,250.00,100 גרם,false,6,49.90,19.9600,true,1,38333
8003866002111,false,קפסולות קפה כחול 10,,IT,קפסולות קפה כחול 10 יח דיים מנטה,יחידה,10.00,יחידה,false,1,18.90,1.8900,true,1,11261
8003866004214,false,קפסולות קפה אדום 10,,IT,קפסולות קפה אדום 10 יח דיים קורפו,יחידה,10.00,יחידה,false,1,18.90,1.8900,true,1,11260
8003866012011,false,קפה זהב טחון 100% אר,,IT,קפה זהב טחון 100% ארביקה 250 גר דיים,גרמים,250.00,100 גרם,false,1,30.00,12.0000,true,1,7715
8003866016538,false,קפסולות קפה כתום 10,,IT,קפסולות קפה כתום 10 יח דיים טנזניה,יחידה,10.00,יחידה,false,1,18.90,1.8900,true,1,11262
8003866107038,false,פולי קפה דיים אדום 5,,IT,פולי קפה דיים אדום 500 גר,גרמים,500.00,100 גרם,false,1,50.00,10.0000,true,1,26591
8003866116023,false,קפה זהב 100% ארביקה1,,IT,קפה זהב 100% ארביקה1קג,קילוגרמים,1.00,"ק""ג",false,1,110.00,110.0000,true,1,19168
8004030022010,false,ריו מרה אינסלטיסימי,BOLTON GROUP- RIO,,ריו מרה אינסלטיסימי ירקות גינה160גר,גרמים,160.00,100 גרם,false,1,15.90,9.9375,true,1,11056
8004030026018,false,ריו מרה אינסלטיסימי,BOLTON GROUP- RIO,,ריו מרה אינסלטיסימי מקסיקני 160גרם,גרמים,160.00,100 גרם,false,1,15.90,9.9375,true,1,11055
8004030044005,false,טונה ריו מרה בשמן זי,BOLTON GROUP- RIO,,טונה ריו מרה בשמן זית 160 גרם,גרמים,160.00,100 גרם,false,1,17.90,11.1875,true,1,1552
8004030081024,false,טונה ריו מרה בשמן זי,BOLTON GROUP- RIO,,טונה ריו מרה בשמן זית שום ופלפל 160 גרם,גרמים,160.00,100 גרם,false,1,17.90,11.1875,true,1,1553
8004030102033,false,שלישיית טונה ריו מרה,BOLTON GROUP- RIO,,שלישיית טונה ריו מרה שמן זית 80 גר,גרמים,240.00,100 גרם,false,1,27.90,11.6250,true,1,19076
8004030177000,false,שלישיית טונה ריו מרה,BOLTON GROUP- RIO,,מארז3יח טונה ריו מרה צילי 80 גר,גרמים,240.00,100 גרם,false,1,27.90,11.6250,true,1,17700
8004030344938,false,שלישיית טונה ריו מרה,BOLTON GROUP- RIO,,מארז3יח טונה ריו מרה שמן זית 80 גר,גרמים,240.00,100 גרם,false,1,27.90,11.6250,true,1,2608
8004030381681,false,זוג טונה ריו מרה בשמ,BOLTON GROUP- RIO,,זוג טונה ריו מרה בשמן זית 160 גרם,גרמים,320.00,100 גרם,false,1,31.90,9.9687,true,1,20916
8004030845046,false,ריו מרה אינסלטיסימי,BOLTON GROUP- RIO,,ריו מרה אינסלטיסימי אורז 160גרם,גרמים,160.00,100 גרם,false,1,15.90,9.9375,true,1,20287
8004030860001,false,ריו מרה אינסלטיסימי,BOLTON GROUP- RIO,,ריו מרה אינסלטיסימי קוסקוס 160גרם,גרמים,160.00,100 גרם,false,1,15.90,9.9375,true,1,13847
8004091037978,false,תה תפזורת ירוק 50גר,LA VIA DEL TE,IT,תה תפזורת ירוק 50גר לה וי דל טי,Unknown,0.00,Unknown,false,1,16.90,0.0000,true,1,22611
8004091037985,false,תה תפזורת אינגלש ברק,LA VIA DEL TE,IT,תה תפזורת אינגלש ברקפסט 50גר לה וי דל טי,Unknown,0.00,Unknown,false,1,16.90,0.0000,true,1,22610
8004091038029,false,תה תפזורת פירות יער,LA VIA DEL TE,IT,תה תפזורת פירות יער 50גר לה וי דל טי,Unknown,0.00,Unknown,false,1,18.90,0.0000,true,1,22612
8004091038050,false,תה תפזורת גינגר לימו,LA VIA DEL TE,IT,תה תפזורת גינגר לימון 40גר לה וי דל טי,Unknown,0.00,Unknown,false,1,18.90,0.0000,true,1,22614
8004091038104,false,תה תפזורת פירות קינמ,LA VIA DEL TE,IT,תה תפזורת פירות קינמון 50גר לה וי דל טי,Unknown,0.00,Unknown,false,1,18.90,0.0000,true,1,22613
8004123002509,false,שמן זרעי ענבים מזוכך,,IT,שמן זרעי ענבים מזוכך באסו אד 1 ליטר,ליטרים,1.00,ליטר,false,12,34.90,34.9000,true,1,32359
8004123004893,false,שמן זית בטעם פטריות,,IT,שמן זית בטעם פטריות כמהין באסו אד 250 מל,גרמים,250.00,100 גרם,false,12,29.90,11.9600,true,1,32514
8004160205208,false,וורמוט ברברו לבן 1 ל,,,וורמוט ברברו לבן 1 ל פקדון,ליטרים,1.00,ליטר,false,1,35.00,35.0000,true,1,4498
8004160208100,false,וורמוט ברברו יבש 1 ל,,,וורמוט ברברו יבש 1 ל פקדון,ליטרים,1.00,ליטר,false,1,35.00,35.0000,true,1,4500
8004160215207,false,וורמוט ברברו אדום 1,,,וורמוט ברברו אדום 1 ל פקדון,ליטרים,1.00,ליטר,false,1,35.00,35.0000,true,1,4499
8004160622500,false,גרפה לה ביאנקה ברברו,dcm,,גרפה לה ביאנקה ברברו  700 מל פקדון,מיליליטרים,700.00,"100 מ""ל",false,1,115.00,16.4286,true,1,8678
8004160660304,false,ליקר פרנגליקו 700 מל,davide campari,,ליקר פרנגליקו 700 מל,מיליליטרים,70000.00,"100 מ""ל",false,1,89.00,0.1271,true,1,26571
8004309009018,false,גבינת בוקנציני בואפל,,,גבינת בוקנציני בואפלו איטלקי 220גר,גרמים,220.00,100 גרם,false,1,29.90,13.5909,true,1,31946
8004309013305,false,גבינת בוקנציני בואפל,,IT,גבינת בוקנציני בואפלו איטלקי 220גר,גרמים,220.00,100 גרם,false,1,29.90,13.5909,true,1,33218
8004309015217,false,גבינת בורטה איטלקית,,,גבינת בורטה איטלקית 125גר,גרמים,125.00,100 גרם,false,1,22.90,18.3200,true,1,31944
8004323212654,false,פסטה קפליני 265 קולא,INDULCO,,פסטה קפליני 265 קולאויטא 500 גר,גרמים,500.00,100 גרם,false,1,12.50,2.5000,true,1,6256
8004323212678,false,פסטה טליאטלה 267 קול,INDULCO,,פסטה טליאטלה 267 קולאויטא 500 גר,גרמים,500.00,100 גרם,false,1,12.50,2.5000,true,1,6254
8004323212685,false,פסטה פטוציני 268 קול,INDULCO,,פסטה פטוציני 268 קולאויטא 500 גר,גרמים,500.00,100 גרם,false,1,12.50,2.5000,true,1,6286
8004323212708,false,פסטה פפארדלה 270 קול,INDULCO,,פסטה פפארדלה 270 קולאויטא 500 גר,גרמים,500.00,100 גרם,false,1,12.50,2.5000,true,1,6255
8004323933696,false,פסטה רדיאטורי ב3 צבע,INDULCO,,פסטה רדיאטורי ב3 צבעים קולויטה 500גר,גרמים,500.00,100 גרם,false,1,12.50,2.5000,true,1,7382
8004618001604,false,פסטה לינגוואני טרופל,,IT,פסטה לינגוואני טרופל 300גרם,גרמים,300.00,100 גרם,false,8,19.90,6.6333,true,1,30563
8004618001697,false,רביולי גבינה עם כמהי,,IT,רביולי גבינה עם כמהין 300גר,גרמים,300.00,100 גרם,false,8,22.90,7.6333,true,1,31397
8004618001789,false,רביולי ריקוטה ותרד 3,,IT,רביולי ריקוטה ותרד 300גר,גרמים,300.00,100 גרם,false,8,22.90,7.6333,true,1,30558
8004645230114,false,יין טומאסי פרוסקו טנ,,,יין טומאסי פרוסקו טנוטה פילודורה 750מל פ,מיליליטרים,750.00,"100 מ""ל",false,1,60.00,8.0000,true,1,8689
8004645404102,false,יין טומאסי אפסמיינטו,,,יין טומאסי אפסמיינטו אדום יבש 750מל פקדו,מיליליטרים,750.00,"100 מ""ל",false,1,60.00,8.0000,true,1,8333
8004645405109,false,יין טומאסי אפסמיינטו,,,יין טומאסי אפסמיינטו לבן חצי 750מל פקדו,מיליליטרים,750.00,"100 מ""ל",false,1,60.00,8.0000,true,1,8334
8004645406106,false,יין טומאסי אפסמיינטו,,,יין טומאסי אפסמיינטו רוזה 750 מל,מיליליטרים,750.00,"100 מ""ל",false,1,60.00,8.0000,true,1,32015
8004690050620,false,פסטה לינגוויני מוליס,,,פסטה לינגוויני איטלקית 500 גרם אל אם,גרמים,500.00,100 גרם,false,1,7.90,1.5800,true,1,30994
8004690051573,false,ספגטי מוליסאנא 500 ג,,,ספגטי איטלקי 500 גרם אל אם,גרמים,500.00,100 גרם,false,1,7.90,1.5800,true,1,30991
8004690052044,false,פסטה פנה זיטי ריגטה,,,פסטה פנה זיטי ריגטה איטלקית500 גרם אל אם,גרמים,500.00,100 גרם,false,1,7.90,1.5800,true,1,31000
8004690052600,false,פסטה קונכיות ניוקי מ,,,פסטה קונכיות ניוקי איטלקית 500 גרם אל אם,גרמים,500.00,100 גרם,false,1,7.90,1.5800,true,1,30996
8004690052815,false,פסטה קסיריס מוליסאנא,,,פסטה קסיריס מוליסאנא 500 גרם,גרמים,500.00,100 גרם,false,1,7.90,1.5800,true,1,31475
8004690052846,false,פסטה פוזילי מוליסאנא,,,פסטה פוזילי איטלקית 500 גרם אל אם,גרמים,500.00,100 גרם,false,1,7.90,1.5800,true,1,30988
8004690053195,false,פסטה ריגטוני מוליסאנ,,,פסטה ריגטוני איטלקית 500 גרם אל אם,גרמים,500.00,100 גרם,false,1,7.90,1.5800,true,1,30990
8004690053225,false,פסטה מזי ריגטוני מול,,,פסטה מזי ריגטוני איטלקית 500 גרם אל אם,גרמים,500.00,100 גרם,false,1,7.90,1.5800,true,1,30993
8004690054901,false,פסטה סדניני מוליסאנא,,,פסטה סדניני איטלקית 500 גרם אל אם,גרמים,500.00,100 גרם,false,1,7.90,1.5800,true,1,30998
8004690055601,false,פסטה צינסי מוליסאנא,,,פסטה צינסי איטלקית 500 גרם אל אם,גרמים,500.00,100 גרם,false,1,7.90,1.5800,true,1,30999
8004690057308,false,פסטה רדיאטורי מוליסא,,,פסטה רדיאטורי איטלקית 500 גרם אל אם,גרמים,500.00,100 גרם,false,1,7.90,1.5800,true,1,30997
8004690058008,false,פסטה גמלי מוליסאנא 5,,,פסטה גמלי איטלרית 500 גרם אל אם,גרמים,500.00,100 גרם,false,1,7.90,1.5800,true,1,30986
8004690101513,false,פסטה קוואדרטו מוליסא,,,פסטה קוואדרטו איטלקית 500 גרם אל אם,גרמים,500.00,100 גרם,false,1,7.90,1.5800,true,1,30992
8004690106600,false,פסטה פראפלה מוליסאנא,,,פסטה פראפלה איטלקית 500 גרם אל אם,גרמים,500.00,100 גרם,false,1,7.90,1.5800,true,1,30987
8004690107508,false,פסטה פנטצה מוליסאנא,,,פסטה פנטצה מוליסאנא 500 גרם,גרמים,500.00,100 גרם,false,1,7.90,1.5800,true,1,31489
8004690203002,false,ניוקי איטלקי מוליסאנ,,,ניוקי איטלקי אל אם 500 גרם,גרמים,500.00,100 גרם,false,1,7.90,1.5800,true,1,31004
8004690278246,false,קמח דורום איטלקי לפי,,,קמח דורום איטלקי לפיצה 1 קג לה מוליסנה,קילוגרמים,1.00,"ק""ג",false,1,14.90,14.9000,true,1,17505
8004690278253,false,קמח דורום איטלקי לפס,,,קמח דורום איטלקי לפסטה 1 קג לה מוליסנה,קילוגרמים,1.00,"ק""ג",false,1,14.90,14.9000,true,1,17506
8004690278277,false,קמח דורום  איטלקי מל,,,קמח דורום  איטלקי מלא 1 קג לה מוליסנה,קילוגרמים,1.00,"ק""ג",false,1,14.90,14.9000,true,1,17507
8004690470022,false,ספגטי ללא גלוטן אל א,,,פסטה איטלקית ללא גלוטן ספגטי 400 גר,גרמים,400.00,100 גרם,false,1,14.90,3.7250,true,1,16726
8004690470039,false,פסטה פנה ללא גלוטן א,,,פסטה איטלקית ללא גלוטן פנה 400 גר,גרמים,400.00,100 גרם,false,1,14.90,3.7250,true,1,16727
8004690611500,false,ספגטי מוליסאנא חיטה,,,ספגטי חיטה מלאה איטלקי 500 גרם אל אם,גרמים,500.00,100 גרם,false,1,9.90,1.9800,true,1,31001
8004690612002,false,פסטה מוליסאנא פנה חי,,,פסטה פנה חיטה מלאה איטלקי500גר,גרמים,500.00,100 גרם,false,1,9.90,1.9800,true,1,31003
8004708018963,false,מלח אפור אטלנטי טוסק,דרגוריה אלמנטריה,,מלח אפור אטלנטי בטחנה טוסקנה,Unknown,0.00,Unknown,false,1,12.90,0.0000,true,1,9361
8004708018987,false,מלח ורוד הימלאיה טוס,דרגוריה אלמנטריה,,מלח ורוד הימלאיה בטחנה טוסקנה,Unknown,0.00,Unknown,false,1,12.90,0.0000,true,1,9362
8004708036516,false,אורגנו טוסקנה מטחנה,דרגוריה אלמנטריה,,תבלין אורגנו מטחנה 12 גר טוסקנה,Unknown,0.00,Unknown,false,1,12.90,0.0000,true,1,8367
8004708046386,false,כורכום טוסקנה בטחנה,דרגוריה אלמנטריה,,כורכום במטחנה ארומה טוסקנה 52 גרם,Unknown,0.00,Unknown,false,1,13.90,0.0000,true,1,22577
8004708046409,false,תערובת מעושנת טוסקנה,דרגוריה אלמנטריה,,תערובת מעושנת במטחנה ארומה טוסקנה 45 גרם,Unknown,0.00,Unknown,false,1,13.90,0.0000,true,1,22578
8004730000028,false,יין אדום מרסלה וקיו,איטליה דוקה די סלפרו,,יין אדום מרסלה וקיו פלוריו סופריורה 750מ,מיליליטרים,750.00,"100 מ""ל",false,1,45.00,6.0000,true,1,7663
8004730000141,false,יין פלוריובו מרסלה 7,איטליה דוקה די סלפרו,,יין פלוריובו מרסלה 750 מל פקדון,מיליליטרים,750.00,"100 מ""ל",false,1,40.00,5.3333,true,1,8330
8004800000064,false,ופל לאגו פלאסיר קרם,,IT,ופל לאגו פלאסיר קרם קקאו מצופה 100גרם,גרמים,100.00,100 גרם,false,12,11.90,11.9000,true,1,44443
8004800000071,false,ופל לאגו פלאסיר קרם,,IT,ופל לאגו פלאסיר קרם אגוזי לוז מצופ100גרם,גרמים,100.00,100 גרם,false,12,11.90,11.9000,true,1,44442
8004800002006,false,וופל קוביות פארטי קק,אלדי,,וופל קוביות אלדי קקאו חלב 220 גר,גרמים,220.00,100 גרם,false,1,10.90,4.9545,true,1,27423
8004800002372,false,וופל קוביות פארטי קק,אלדי,,וופל קוביות אלדי קקאו 250 גר,גרמים,250.00,100 גרם,false,1,10.90,4.3600,true,1,27406
8004800002426,false,וופל קוביות פארטי אג,אלדי,,וופל קוביות אלדי אגוזים 250 גר,גרמים,250.00,100 גרם,false,1,10.90,4.3600,true,1,27405
8004800004802,false,ופל לאגו פלאסיר דומד,,IT,ופל לאגו פלאסיר דומדומניות שחורות100גרם,גרמים,100.00,100 גרם,false,12,11.90,11.9000,true,1,44441
8004800004819,false,ופל לאגו פלאסיר קרם,,IT,ופל לאגו פלאסיר קרם פסיפלורה מצופה100גרם,גרמים,100.00,100 גרם,false,12,11.90,11.9000,true,1,44444
8004800004826,false,ופל לאגו פלאסיר קרם,,IT,ופל לאגו פלאסיר קרם קוקוס מצופה 98 גרם,Unknown,0.00,Unknown,false,12,11.90,0.0000,true,1,44445
8004800005502,false,ופל לאגו מיני רול קר,,IT,ופל לאגו מיני רול קרם קקאו 125 גרם,גרמים,125.00,100 גרם,false,12,10.90,8.7200,true,1,44440
8004800005519,false,ופל לאגו מיני רול קר,,IT,ופל לאגו מיני רול קרם אגוזי לוז 125 גרם,גרמים,125.00,100 גרם,false,12,10.90,8.7200,true,1,44436
8004800005526,false,ופל לאגו מיני רול קר,,IT,ופל לאגו מיני רול קרם קוקוס 125 גרם,גרמים,125.00,100 גרם,false,12,10.90,8.7200,true,1,44438
8004955000155,false,עוגיות אמארתיני שקדי,ASOLO DOLCE,IT,עוגיות בטעם שקדים 250 גר אמארתיני,גרמים,200.00,100 גרם,false,8,12.90,6.4500,true,1,7048
8004955060203,false,עוגיות עם שקדים 250,ASOLO DOLCE,IT,עוגיות עם שקדים 250 גר אסולו דולצה,גרמים,200.00,100 גרם,false,1,12.90,6.4500,true,1,6549
8005110000416,false,זוג עגבניות מוטטי דט,,,זוג עגבניות מוטטי דטריני 300 גרם,גרמים,600.00,100 גרם,false,1,14.90,2.4833,true,1,43568
8005110001413,false,זוג רסק עגבניות 140,,,זוג רסק עגבניות 140 גר מוטטי,גרמים,140.00,100 גרם,false,6,10.90,7.7857,true,1,21842
8005110002243,false,רכז עגבניות מוטטי185,,,רכז עגבניות מוטטי185 גר שפופרת,גרמים,185.00,100 גרם,false,1,8.50,4.5946,true,1,27252
8005110060007,false,עגבניות מוטטי תמר מק,,,עגבניות מוטטי תמר מקולפות 400 גרם,גרמים,400.00,100 גרם,false,1,7.90,1.9750,true,1,2682
8005110060106,false,זוג עגבניות מוטטי תמ,,,זוג עגבניות מוטטי תמר מקולפות 400 גרם,גרמים,800.00,100 גרם,false,1,15.90,1.9875,true,1,13210
8005110170300,false,מארז 3 יח עגבניות מו,,,מארז 3 יח עגבניות חתוכות 400 גר,קילוגרמים,1.20,"ק""ג",false,1,15.90,13.2500,true,1,5807
8005110171215,false,עגבניות חתוכות 690 ג,,,עגבניות חתוכות 690 גר מוטטי,גרמים,690.00,100 גרם,false,1,15.90,2.3043,true,1,4106
8005110180002,false,קטשופ עגבניות מוטטי,,,קטשופ עגבניות מוטטי 340 גרם,גרמים,340.00,100 גרם,false,1,11.90,3.5000,true,1,4103
8005110191015,false,מחית עגבניות עם בזיל,,,רסק עגבניות עם בזיליקום 700 גר מוטטי,גרמים,700.00,100 גרם,false,1,14.90,2.1286,true,1,4105
8005110516009,false,רוטב עגבניות וזיתים,,,רוטב עגבניות וזיתים 400 גר מוטטי,גרמים,400.00,100 גרם,false,1,14.90,3.7250,true,1,21098
8005110517006,false,רוטב פסטה עגבניות בז,,,רוטב פסטה עגבניות בזיליקום 400 גר מוטטי,גרמים,400.00,100 גרם,false,1,14.90,3.7250,true,1,21100
8005110550508,false,עגבניות שרי 400 גר מ,,,עגבניות שרי 400 גר מוטטי,גרמים,400.00,100 גרם,false,1,9.00,2.2500,true,1,4702
8005110551253,false,רוטב לפיצה מוטטי 400,,,רוטב לפיצה מוטטי 400 גר,גרמים,400.00,100 גרם,false,1,8.90,2.2250,true,1,24517
8005140002138,false,חומץ בלסמי מיושן 10,,IT,חומץ בלסמי מיושן 10 שנים 250 מל,מיליליטרים,250.00,"100 מ""ל",false,1,84.90,33.9600,true,1,30474
8005140006051,false,חומץ בלסמי מיושן 5 ש,,IT,חומץ בלסמי מיושן 5 שנים 250 מל,מיליליטרים,250.00,"100 מ""ל",false,1,54.90,21.9600,true,1,30473
8005180150219,false,רביולי פאגאני גבינה,,IT,רביולי פאגאני גבינה 250 גרם,גרמים,250.00,100 גרם,false,12,18.90,7.5600,true,1,44730
8005180152640,false,רביולי פאגאני גבינה,,IT,רביולי פאגאני גבינה וכמהין 250 גרם,גרמים,250.00,100 גרם,false,12,18.90,7.5600,true,1,44731
8005180152657,false,טורטליני פאגאני ריקו,,IT,טורטליני פאגאני ריקוטה ותרד 200 גרם,גרמים,200.00,100 גרם,false,12,18.90,9.4500,true,1,44729
8005200256587,false,משקה נסטי אפרסק 1.5ל,,,משקה נסטי אפרסק 1.5ליטר בק.פקדון,ליטרים,1.50,ליטר,false,1,8.90,5.9333,true,1,39383
8005200286584,false,משקה נסטי מנגו אננס,,,משקה נסטי מנגו אננס 1.5ליטר בק.פקדון,ליטרים,1.50,ליטר,false,1,8.90,5.9333,true,1,39384
8005200316588,false,משקה נסטי דיאט אפרסק,,,משקה נסטי דיאט אפרסק 1.5ליטר בק.פקדון,ליטרים,1.50,ליטר,false,1,7.90,5.2667,true,1,39385
8005369000984,false,יין אדום ריפאסו 750,CANTINA ZENI S.R.L,,יין אדום ריפאסו 750 מל,מיליליטרים,750.00,"100 מ""ל",false,1,100.00,13.3333,true,1,10910
8005369001103,false,יין סואבה 750 מל,ZENI,IT,יין סואבה 750 מל,מיליליטרים,750.00,"100 מ""ל",false,6,60.00,8.0000,true,1,20170
8005369001141,false,יין ברדולינו 750 מל,ZENI,IT,יין ברדולינו 750 מל,מיליליטרים,750.00,"100 מ""ל",false,6,60.00,8.0000,true,1,20169
8005369001165,false,יין ולפוליצלה די או,ZENI,IT,יין ולפוליצלה די או סי 750 מל,מיליליטרים,750.00,"100 מ""ל",false,6,60.00,8.0000,true,1,20171
8005469951452,false,ממרח אנשובי איטלקי 6,בנדטו סקילה,,ממרח אנשובי איטלקי 60 גר שפופרת,Unknown,0.00,Unknown,false,1,11.90,0.0000,true,1,12886
8005469981602,false,פילה אנשובי סקאלה שמ,בנדטו סקילה,,פילה אנשובי סקאלה שמן צמחי 75 גרם,Unknown,0.00,Unknown,false,1,13.90,0.0000,true,1,17225
8005709207059,false,ספגטו כוסמין גרנו אר,GRANA ARMANDO,IT,ספגטו כוסמין גרנו ארמנדו 500 גר,גרמים,500.00,100 גרם,false,12,13.90,2.7800,true,1,42595
8005709207400,false,פסטה חונקי כמרים קמח,GRANA ARMANDO,IT,פסטה חונקי כמרים כוסמין גרנו ארמנ 500 גר,גרמים,500.00,100 גרם,false,12,13.90,2.7800,true,1,42593
8005709207738,false,פסטה פנה כוסמין גרנו,GRANA ARMANDO,IT,פסטה פנה כוסמין גרנו ארמנדו 500גר,גרמים,500.00,100 גרם,false,12,13.90,2.7800,true,1,42594
8005709280267,false,פתיתי אורז גרנו ארמנ,GRANA ARMANDO,IT,פתיתי אורז גרנו ארמנדו 400 גרם,גרמים,400.00,100 גרם,false,2000,10.00,2.5000,true,1,42839
8005709280274,false,פסטה כוכבים גרנו ארמ,GRANA ARMANDO,IT,פסטה כוכבים גרנו ארמנדו 400 גרם,גרמים,400.00,100 גרם,false,2000,10.00,2.5000,true,1,42837
8005709280380,false,פסטה אותיות גרנו ארמ,GRANA ARMANDO,IT,פסטה אותיות גרנו ארמנדו 400 גרם,גרמים,400.00,100 גרם,false,2000,10.00,2.5000,true,1,42838
8005803010357,false,מקלות גריסיני קלאסי,,,מקלות גריסיני קלאסי אמור 125 גרם,גרמים,125.00,100 גרם,false,1,5.90,4.7200,true,1,14351
8005803010371,false,מקלות גריסיני רוזמרי,,,מקלות גריסיני רוזמרין אמור 125 גרם,גרמים,125.00,100 גרם,false,1,5.90,4.7200,true,1,14354
8005803010586,false,מקלות 3414406 פיצה א,,,מקלות גריסיני פיצה אמור 125 גרם,גרמים,125.00,100 גרם,false,1,5.90,4.7200,true,1,14352
8005803010661,false,מקלות גריסיני שומשום,,,מקלות גריסיני שומשום אמור 125 גרם,גרמים,125.00,100 גרם,false,1,5.90,4.7200,true,1,14353
8005840020272,false,מאגדת לואקר קסטה לבן,,,מאגדת לואקר קסטה לבן 4 יח,יחידה,4.00,יחידה,false,1,49.90,12.4750,true,1,44678
8005840020289,false,מאגדת לואקר קסטה אדו,,,מאגדת לואקר קסטה אדום  4 יח,יחידה,4.00,יחידה,false,1,49.90,12.4750,true,1,44677
8006227000399,false,לחם סמנצאטו פרוס לבן,,IT,לחם סמנצאטו פרוס לבן 400גר,גרמים,400.00,100 גרם,false,8,16.90,4.2250,true,1,30863
8006227000405,false,לחם סמנצאטו חיטה מלא,,IT,לחם סמנצאטו חיטה מלאה 400גר פרוס,גרמים,400.00,100 גרם,false,8,16.90,4.2250,true,1,30861
8006227000412,false,לחם סמנצאטו חיטת דור,,IT,לחם סמנצאטו חיטת דורום 400גר פרוס,גרמים,400.00,100 גרם,false,8,16.90,4.2250,true,1,30862
8006227000429,false,לחם סמנצאטו פרוס מחמ,,IT,לחם סמנצאטו פרוס מחמצת 8 דגנים 400גר,גרמים,400.00,100 גרם,false,8,16.90,4.2250,true,1,35951
8006227000733,false,לחם סמנצאטו טראמציני,,IT,לחם סמנצאטו טראמציני חיטה מלאה 250גר,גרמים,250.00,100 גרם,false,1,14.90,5.9600,true,1,30856
8006227000870,false,לחם סמנצאטו חיטת דור,,IT,לחם סמנצאטו חיטת דורום 350גר,גרמים,350.00,100 גרם,false,6,17.90,5.1143,true,1,30860
8006227001372,false,לחם סמנצאטו 400גר לב,,IT,לחם סמנצאטו 400גר לבן עם שמן זית ללא קשה,גרמים,400.00,100 גרם,false,8,18.90,4.7250,true,1,32299
8006227001389,false,לחם סמנצאטו 400גר מל,,IT,לחם סמנצאטו 400גר מלא עם שמן זית ללא קשה,גרמים,400.00,100 גרם,false,8,18.90,4.7250,true,1,32300
8006227270945,false,לחם סמנצאטו טראמציני,,IT,לחם סמנצאטו טראמציני לבן 250גר ללא קשה,גרמים,250.00,100 גרם,false,1,14.90,5.9600,true,1,30857
8006290803521,false,מים מינרלים פררלה 75,נביעות,IT,מים מינרלים פררלה 750מל זכוכית פקדון,מיליליטרים,750.00,"100 מ""ל",false,12,10.90,1.4533,true,1,26878
8006423220072,false,שוקולד סנטה קטן אדום,SORINI,,שוקולד סנטה קטן אדום 500 גר סוריני,גרמים,500.00,100 גרם,false,1,36.90,7.3800,true,1,28056
8006423229112,false,שוקולד סנטה ממולא קר,SORINI,,שוקולד סנטה ממולא קרם חלב 500 גרם סוריני,גרמים,500.00,100 גרם,false,1,36.90,7.3800,true,1,28072
8006423229891,false,שוקולד איילים קריסמט,SORINI,,שוקולד איילים קריסמטס קרם חלב 500 גרם סו,גרמים,500.00,100 גרם,false,1,36.90,7.3800,true,1,28073
8006423229907,false,שוקולד איש קרח קריסמ,SORINI,,שוקולד איש קרח קריסמס ממולא קרם חלב 500,גרמים,500.00,100 גרם,false,1,36.90,7.3800,true,1,28074
8006423301856,false,בונבוניירה דפילה סור,SORINI,,בונבוניירה דפילה סוריני 450 גרם,גרמים,450.00,100 גרם,false,1,89.90,19.9778,true,1,2517
8006423461055,false,בונבוניירה סורינטה 2,SORINI,,בונבוניירה סורינטה 280 גר סוריני,גרמים,280.00,100 גרם,false,1,44.90,16.0357,true,1,5528
8006423462397,false,בונבוניירה לב מיוחד,SORINI,,בונבוניירה לב מיוחד 475 גר סוריני,גרמים,475.00,100 גרם,false,1,69.90,14.7158,true,1,5527
8006423462458,false,בונב.סוריני קריסמס פ,,,בונב.סוריני קריסמס פח מעבדה 400 גרם,גרמים,400.00,100 גרם,false,1,69.90,17.4750,true,1,18770
8006423462502,false,בונבוניירה קלאסיק סו,SORINI,,בונבוניירה קלאסיק סוריני 265 ג,גרמים,265.00,100 גרם,false,1,48.90,18.4528,true,1,3846
8006423467866,false,בונבוניירה קריסמס טי,SWEETITALY,,בונבוניירה קריסמס טיפאני 180 גרם סוריני,גרמים,180.00,100 גרם,false,1,17.90,9.9444,true,1,44750
8006423468276,false,בונבוניירה סופיה 270,SORINI,,בונבוניירה סופיה 270 גר סוריני,גרמים,270.00,100 גרם,false,1,52.90,19.5926,true,1,5547
8006423468382,false,בונבוניירה סנטה עם פ,SWEETITALY,,בונבוניירה סנטה עם פפיון 300 גרם סוריני,גרמים,300.00,100 גרם,false,1,52.90,17.6333,true,1,44749
8006423468801,false,בונבוניירה כדור טיפי,SORINI,,בונבוניירה כדור טיפי 320 ג,גרמים,340.00,100 גרם,false,1,34.90,10.2647,true,1,3845
8006423469617,false,בוננבוניירה ונציה 20,SORINI,,בוננבוניירה ונציה 200 ג סוריני,גרמים,200.00,100 גרם,false,1,34.90,17.4500,true,1,2820
8006423469624,false,בונ.ונציה סוריני 290,SORINI,,בונ.ונציה סוריני 290 גרם,גרמים,290.00,100 גרם,false,1,59.90,20.6552,true,1,2215
8006540027011,false,מרכך כביסה לנור מרוכ,פרוקטר אנד גמבל,,מרכך כביסה לנור מרוכז אמאטיסט 897 מל,מיליליטרים,897.00,"100 מ""ל",false,12,14.90,1.6611,true,1,31152
8006540027042,false,מרכך כביסה לנור מרוכ,פרוקטר אנד גמבל,,מרכך כביסה לנור מרוכז פרחי בר 897 מל,מיליליטרים,897.00,"100 מ""ל",false,12,14.90,1.6611,true,1,31153
8006540091906,false,מבשם כביסה לנור ריח,פרוקטר אנד גמבל,,מבשם כביסה לנור ריח אריאל 140גר,גרמים,140.00,100 גרם,false,1,19.90,14.2143,true,1,38034
8006540091937,false,מבשם כביסה לנור כדור,פרוקטר אנד גמבל,,מבשם כביסה לנור כדוריות אריאל 210גר,גרמים,275.00,100 גרם,false,1,27.90,10.1455,true,1,38035
8006540110317,false,שמפו פנטן מיראקלס במ,,RO,שמפו פנטן מיראקלס במבוק 400מל,מיליליטרים,400.00,"100 מ""ל",false,6,18.90,4.7250,true,1,31632
8006540112793,false,מרכך כביסה לנור מרוכ,פרוקטר אנד גמבל,,מרכך כביסה לנור מרוכז בניחוח יסמין 900,מיליליטרים,900.00,"100 מ""ל",false,12,14.90,1.6556,true,1,31148
8006540112823,false,מרכך כביסה לנור מרוכ,פרוקטר אנד גמבל,,מרכך כביסה לנור מרוכז בניחוח אוקיינוס900,מיליליטרים,900.00,"100 מ""ל",false,12,14.90,1.6556,true,1,31149
8006540112854,false,מרכך כביסה לנור מרוכ,פרוקטר אנד גמבל,,מרכך כביסה לנור מרוכז בניחוח סחלב 900,מיליליטרים,900.00,"100 מ""ל",false,12,14.90,1.6556,true,1,31150
8006540157374,false,מרכך שיער פנטן מיראק,,RO,מרכך שיער פנטן מיראקלס במבוק 275מל,מיליליטרים,275.00,"100 מ""ל",false,6,18.90,6.8727,true,1,31634
8006540163986,false,קפסולות לכביסה אריאל,פרוקטר אנד גמבל,FR,קפסולות לכביסה אריאל  35 יח,יחידה,35.00,יחידה,false,3,39.90,1.1400,true,1,31146
8006540222089,false,מגבוני פמפרס טו גו ל,,,מגבוני פמפרס טו גו לתינוקות וילדים 40יח,יחידה,40.00,יחידה,false,12,6.90,0.1725,true,1,38465
8006540352960,false,טמפון טמפקס פרל רגול,פרוקטר אנד גמבל,,טמפון טמפקס פרל רגולר 20יח,יחידה,20.00,יחידה,false,1,22.90,1.1450,true,1,38032
8006540353004,false,טמפון טמפקס פרל סופר,פרוקטר אנד גמבל,,טמפון טמפקס פרל סופר 18יח,יחידה,18.00,יחידה,false,1,22.90,1.2722,true,1,38033
8006540383018,false,טבליות למדיח פיירי פ,,BE,טבליות למדיח פיירי פלטינום דיפ קלין 23יח,יחידה,23.00,יחידה,false,5,34.90,1.5174,true,1,41563
8006540383087,false,טבליות פיירי פלטינום,,BE,טבליות פיירי פלטינום למדיח דיפ קלין 42יח,יחידה,42.00,יחידה,false,4,59.90,1.4262,true,1,41564
8006540425930,false,קפסולות לכביסה אריאל,פרוקטר אנד גמבל,FR,קפסולות לכביסה אריאל 24יח לכתמים קשים,יחידה,27.00,יחידה,false,3,39.90,1.4778,true,1,39439
8006540428368,false,חיתולי פמפרס 40יחידו,פרוקטר אנד גמבל,,חיתולי פמפרס 40יחידות בייבי דריי מידה 1,יחידה,40.00,יחידה,false,4,34.90,0.8725,true,1,39909
8006540429327,false,נוזל כלים פיירי לימו,,CZ,נוזל כלים פיירי לימון 440מל,מיליליטרים,440.00,"100 מ""ל",false,8,9.90,2.2500,true,1,39878
8006540463550,false,פיירי טבליות למדיח פ,,BE,פיירי טבליות למדיח פלטינום 63 יחידות,יחידה,63.00,יחידה,false,4,59.90,0.9508,true,1,42746
8006540491539,false,נוזל כלים פיירי פלטי,,GB,נוזל כלים פיירי פלטינום אורגינל 780מל,מיליליטרים,900.00,"100 מ""ל",false,8,12.90,1.4333,true,1,41570
8006540495186,false,מרכך כביסה לנור מרוכ,פרוקטר אנד גמבל,,מרכך כביסה לנור מרוכז בייבי 897מל,מיליליטרים,897.00,"100 מ""ל",false,12,14.90,1.6611,true,1,42096
8006540495216,false,מרכך כביסה לנור מרוכ,פרוקטר אנד גמבל,,מרכך כביסה לנור מרוכז אמאטיסט 897 מל,מיליליטרים,897.00,"100 מ""ל",false,12,14.90,1.6611,true,1,42097
8006540495247,false,מרכך כביסה לנור מרוכ,פרוקטר אנד גמבל,,מרכך כביסה לנור מרוכז פרחי בר 897 מל,מיליליטרים,897.00,"100 מ""ל",false,12,14.90,1.6611,true,1,42098
8007116011106,false,יין לאונרדו קיאנטי 7,איטליה לאונרדו דה וי,,יין לאונרדו דה וינצי קיאנטי 750 מל פקדון,מיליליטרים,750.00,"100 מ""ל",false,1,45.00,6.0000,true,1,2000
8007116021105,false,יין אדום קיאנטי לאונ,איטליה לאונרדו דה וי,,יין אדום קיאנטי לאונרדו ריזרב 750מל פקדו,מיליליטרים,750.00,"100 מ""ל",false,1,70.00,9.3333,true,1,7630
8007150901623,false,מארז שמן זרעי ענבים,,,מארז שמן זרעי ענבים 1 ל+500 מל,מיליליטרים,1500.00,"100 מ""ל",false,1,54.90,3.6600,true,1,15482
8007150907175,false,שמן אורז אולאיטליה 1,אולאיטליה,IT,שמן אורז אולאיטליה 1 לי,ליטרים,1.00,ליטר,false,9,36.90,36.9000,true,1,7463
8007178120310,false,חומץ בלסמי גקובזי 50,זקובזי,,חומץ בלסמי גקובזי 500 מל,מיליליטרים,500.00,"100 מ""ל",false,1,19.90,3.9800,true,1,4301
8007178223547,false,קרם בלסמי מצומצם  גק,זקובזי,,קרם בלסמי מצומצם  גקובזי 250 מל,מיליליטרים,500.00,"100 מ""ל",false,1,22.90,4.5800,true,1,11359
8007178510685,false,חומץ בלסמי לבן גקובז,זקובזי,,חומץ בלסמי לבן גקובזי 250 מל,מיליליטרים,250.00,"100 מ""ל",false,1,17.90,7.1600,true,1,17955
8007270126791,false,שמן זית אורגני קוסטה,קוסטה דיאורו,IT,שמן זית אורגני קוסטה דאורו 750 מל,מיליליטרים,750.00,"100 מ""ל",false,12,45.00,6.0000,true,1,28780
8007537000543,false,חטיף טורטילה ציפס טב,,,חטיף טורטילה ציפס טיבעי 450 גר,גרמים,450.00,100 גרם,false,1,24.90,5.5333,true,1,5636
8007537006538,false,חטיף טורטילה ציפס תע,,,חטיף טורטילה ציפס תערס כחול 450 גר,גרמים,300.00,100 גרם,false,1,24.90,8.3000,true,1,19278
8007880120400,false,יין אמרונה בלאק לייב,,,יין אמרונה בלאק לייבל 750 מל פקדון,מיליליטרים,750.00,"100 מ""ל",false,1,205.00,27.3333,true,1,8084
8007880123005,false,יין סואבה פסקוואה 75,,,יין סואבה פסקוואה 750 מל,מיליליטרים,750.00,"100 מ""ל",false,1,60.00,8.0000,true,1,27239
8007880123302,false,יין פינו גריגיו פסקו,,,יין פינו גריגיו פסקווא 750 מל פקדון,מיליליטרים,750.00,"100 מ""ל",false,1,60.00,8.0000,true,1,16087
8007880123500,false,יין רוזה 11 מינוט פס,,,יין רוזה 11 מינוט פסקווא 750 מל,מיליליטרים,750.00,"100 מ""ל",false,,100.00,13.3333,true,1,26380
8007880123609,false,יין שרדונה גרילו פסק,,,יין שרדונה גרילו פסקווא 750 מל,מיליליטרים,750.00,"100 מ""ל",false,1,60.00,8.0000,true,1,21321
8007880123708,false,יין ספומנטה פסקווא ר,,,יין ספומנטה פסקווא רוזה 750 מל,מיליליטרים,750.00,"100 מ""ל",false,1,65.00,8.6667,true,1,21322
8007880123807,false,יין נור דאבולה שירז,,,יין נור דאבולה שירז 750מל,מיליליטרים,750.00,"100 מ""ל",false,1,60.00,8.0000,true,1,30439
8007880139006,false,יין פרימיטיבו די פול,,IT,יין פרימיטיבו די פוליה 750 מל,מיליליטרים,750.00,"100 מ""ל",false,12,60.00,8.0000,true,1,18022
8007880140101,false,יין פסימנטו לבן 750,פסקווא,,יין פסימנטו לבן 750 מל,מיליליטרים,750.00,"100 מ""ל",false,1,80.00,10.6667,true,1,14033
8007880140705,false,יין פאסימנטו רומאו ו,,,יין פאסימנטו רומאו וגולייט 750מל פקדון,מיליליטרים,75000.00,"100 מ""ל",false,1,80.00,0.1067,true,1,18391
8007880211009,false,יין מונטפולציאנו דיא,,,יין מונטפולציאנו דיאברוצו 750 מל,מיליליטרים,750.00,"100 מ""ל",false,1,60.00,8.0000,true,1,10160
8007880212006,false,יין וילה בורגותי וול,,,יין וילה בורגותי וולפוליצלה קלאסיקו 750מ,מיליליטרים,750.00,"100 מ""ל",false,1,70.00,9.3333,true,1,7173
8007880214604,false,יין שרדונה גרילו פסק,,,יין שרדונה גרילו פסקווא לבן 700 מל,מיליליטרים,750.00,"100 מ""ל",false,1,65.00,8.6667,true,1,26335
8007880214802,false,יין נור דאבולה שירז,,,יין נור דאבולה שירז 750מל פיקדון,מיליליטרים,750.00,"100 מ""ל",false,1,60.00,8.0000,true,1,13040
8007880727807,false,יין ריפאסו ציצלה ברט,,,יין ריפאסו ציצלה ברטה 750 מל פיקדון,מיליליטרים,750.00,"100 מ""ל",false,1,110.00,14.6667,true,1,6584
8008090606913,false,דוחה יתושים ספירה גר,זובלה,IT,דוחה יתושים ספירה גרין מכשיר+טבליות,יחידה,1.00,יחידה,false,12,19.90,19.9000,true,1,30156
8008245004847,false,ממרח מובנפיק אגוזי ל,,IT,ממרח מובנפיק אגוזי לוז וקקאו 300 גרם,גרמים,300.00,100 גרם,false,6,12.90,4.3000,true,1,28942
8008245004861,false,ממרח מובנפיק אגוזי ל,,IT,ממרח מובנפיק אגוזי לוז וחלב 300 גרם,גרמים,300.00,100 גרם,false,6,12.90,4.3000,true,1,28943
8008429299120,false,בונבוניירה פרמידה קר,SWEETITALY,,בונב.פרמידה קריסמס 200 גר,גרמים,200.00,100 גרם,false,1,36.90,18.4500,true,1,28065
8008440222008,false,בירה פרוני נאסטרו אז,,,בירה פרוני נאסטרו אזורו 5.1% 330מל פקדון,מיליליטרים,330.00,"100 מ""ל",false,1,10.00,3.0303,true,1,5489
8008440249425,false,בירה אסהי 330מל בקבו,,,בירה אסהי 330מל בקבוק פקדון,מיליליטרים,330.00,"100 מ""ל",false,1,10.00,3.0303,true,1,21479
8008440522016,false,מארז 6יח בירה פרוני,,,מארז 6יח בירה פרוני נאסטרו אזורו 330מל,מיליליטרים,1980.00,"100 מ""ל",false,4,34.90,1.7626,true,1,24651
8008530001834,false,שלישייה יין טאברנלו,,,יין טאברנלו לבן שרדונה 250 מל טטרה פק,ליטרים,1.00,ליטר,false,1,19.90,19.9000,true,1,25584
8008620009313,false,קרקר קריץ מלוח 250 ג,nuova industria bisc,IT,קרקר קריץ מלוח 250 גרם,גרמים,250.00,100 גרם,false,12,8.90,3.5600,true,1,29457
8008620009337,false,קרקר קריץ חיטה מלאה,nuova industria bisc,IT,קרקר אורגני חיטה מלאה 254 גר,גרמים,250.00,100 גרם,false,12,8.90,3.5600,true,1,29455
8008620050506,false,קרקר אורגני מלוח עם,,IT,קרקר אורגני מלוח 254 גר,גרמים,250.00,100 גרם,false,12,14.90,5.9600,true,1,27630
8008620063032,false,קרקר קריץ שמן זית רו,nuova industria bisc,IT,קרקר קריץ שמן זית רוזמרין 250 גרם,גרמים,250.00,100 גרם,false,12,9.90,3.9600,true,1,29458
8008620063049,false,קרקר קריץ דגנים ושומ,nuova industria bisc,IT,קרקר קריץ דגנים ושומשום 250 גרם,גרמים,250.00,100 גרם,false,12,9.90,3.9600,true,1,29459
8008620063056,false,קרקר קריץ עגבניות וב,nuova industria bisc,IT,קרקר קריץ עגבניות ובזיליקום 250 גרם,גרמים,250.00,100 גרם,false,12,9.90,3.9600,true,1,29460
8008660210014,false,מעדן פרי משמש 300 גר,MENZ & GASSER,,מעדן משמש ריבה 300 גרם,גרמים,300.00,100 גרם,false,1,13.90,4.6333,true,1,13430
8008660210021,false,מעדן פרי  דובדבן 300,MENZ & GASSER,,מעדן דובדבן ריבה 300 גרם,גרמים,300.00,100 גרם,false,1,13.90,4.6333,true,1,13429
8008660210038,false,מעדן פרי תות שדה 300,MENZ & GASSER,,מעדן תות שדה ריבה 300 גרם,גרמים,300.00,100 גרם,false,1,13.90,4.6333,true,1,13432
8008660210045,false,מעדן פרי פירות יער 3,MENZ & GASSER,,מעדן פירות יער ריבה 300 גרם,גרמים,300.00,100 גרם,false,1,13.90,4.6333,true,1,13431
8008660210052,false,מעדן פרי תפוז 300 גר,MENZ & GASSER,,מעדן פרי תפוז 300 גרם,גרמים,300.00,100 גרם,false,1,13.90,4.6333,true,1,18967
8008660210069,false,מעדן פרי אפרסק פסיפל,MENZ & GASSER,,מעדן פרי אפרסק פסיפלורה 300 גרם,גרמים,300.00,100 גרם,false,1,13.90,4.6333,true,1,18968
8008698002025,false,בסיס לפיצה ללא גלוטן,"ד""ר שר ס.ר.ל",IT,בסיס לפיצה ללא גלוטן 300 גרם,גרמים,300.00,100 גרם,false,8,34.90,11.6333,true,1,4887
8008698002049,false,קרקרים עגולים 175 גר,"ד""ר שר ס.ר.ל",,קרקרים עגולים 175 גר ללא גלוטן,גרמים,175.00,100 גרם,false,1,22.90,13.0857,true,1,8454
8008698002100,false,גריסיני מקלות אפויים,"ד""ר שר ס.ר.ל",IT,גריסיני 150גר ללא גלוטן,גרמים,150.00,100 גרם,false,10,19.90,13.2667,true,1,4888
8008698002599,false,לחם הבית ללא גלוטן 2,,IT,לחם הבית ללא גלוטן 240 גר,גרמים,240.00,100 גרם,false,5,19.90,8.2917,true,1,40117
8008698002810,false,עוגה אישית ללא גלוטן,,,עוגה אישית ללא גלוטן 10יח 350גר שר,גרמים,350.00,100 גרם,false,1,28.90,8.2571,true,1,44688
8008698003152,false,לחמניות גבטה כפרית ל,,DE,לחמניות גבטה כפרית ללג 4 יח שר 250 גר,גרמים,250.00,100 גרם,false,6,22.90,9.1600,true,1,40489
8008698003503,false,קרקרים מלבניים 210גר,"ד""ר שר ס.ר.ל",,קרקרים מלבניים 210גר ללא גלוטן,גרמים,210.00,100 גרם,false,1,24.90,11.8571,true,1,8455
8008698003961,false,מקלות בציפוי שוקולד,,,מקלות בציפוי שוקולד 150גר ללא גלוטן שר,גרמים,150.00,100 גרם,false,1,18.90,12.6000,true,1,44687
8008698004548,false,ביסקויט מצופה שוקולד,"ד""ר שר ס.ר.ל",,ביסקויט מצופה שוקולד ל.ג.ם דר שר 150 גר,גרמים,150.00,100 גרם,false,1,20.00,13.3333,true,1,13711
8008698004630,false,עוגיות סנדוויץ במילו,"ד""ר שר ס.ר.ל",,עוגיות דבל שוקולד 250גר ללא גלוטן,גרמים,250.00,100 גרם,false,1,24.90,9.9600,true,1,8456
8008698004807,false,קמח לאפיה ללא גלוטן,"ד""ר שר ס.ר.ל",,קמח לאפיה ללא גלוטן  דר שר 1 קג,קילוגרמים,1.00,"ק""ג",false,1,30.00,30.0000,true,1,4889
8008698004852,false,קמח מיקס למאפים דר ש,"ד""ר שר ס.ר.ל",,קמח מיקס למאפים דר שר 1 קג,קילוגרמים,1.00,"ק""ג",false,1,30.00,30.0000,true,1,4890
8008698005231,false,עוגיות שוקולד דר שר,דר שר,DE,עוגיות שוקולד דר שר 165 גר,גרמים,165.00,100 גרם,false,6,19.90,12.0606,true,1,24991
8008698005347,false,עוגיות מצופות שוקולד,דר שר,DE,עוגיות מצופות שוקולד ללא גלוטן,גרמים,150.00,100 גרם,false,6,15.90,10.6000,true,1,4891
8008698008157,false,עוגיות בטעם שוקולד ו,"ד""ר שר ס.ר.ל",,עוגיות דבל וניל 100 גר ללא גלוטן,גרמים,100.00,100 גרם,false,1,12.90,12.9000,true,1,8457
8008698010259,false,לחמניות גבטה ללא גךל,,DE,לחמניות גבטה ללא גךלוטן 4 יח שר 200 גר,גרמים,200.00,100 גרם,false,6,22.90,11.4500,true,1,40488
8008698010358,false,קמח מיקס לאפיה דר שר,"ד""ר שר ס.ר.ל",,קמח מיקס לאפיה דר שר 500 גרם,גרמים,500.00,100 גרם,false,1,16.90,3.3800,true,1,13709
8008698012857,false,ביסקוויט פתי בר שר 1,ס.ר.ל פוסטל,,ביסקוויט פתי בר שר160 גר ללא גלוטן,גרמים,165.00,100 גרם,false,1,18.00,10.9091,true,1,10846
8008698013021,false,עוגיות שוקוציפס פריכ,"ד""ר שר ס.ר.ל",,עוגיות שוקוציפס פריכות ל.ג. דר שר 100גר,גרמים,100.00,100 גרם,false,1,13.50,13.5000,true,1,13712
8008698013045,false,עוגיות הופס ללא גלוט,,,עוגיות הופס ללא גלוטן 220גר שר,גרמים,220.00,100 גרם,false,1,14.90,6.7727,true,1,20695
8008698014349,false,חטיף שוקוליטס מארז ח,,IT,חטיף שוקוליטס מארז חמישיה,יחידה,5.00,יחידה,false,6,22.90,4.5800,true,1,19412
8008698024065,false,לחם ללא גלוטן 250 גר,,DE,לחם ללא גלוטן 250 גר פאן בלנקו,גרמים,250.00,100 גרם,false,8,16.90,6.7600,true,1,19410
8008698024140,false,לחם ללא גלוטן 250 גר,,DE,לחם ללא גלוטן 250 גר פאן מולטי גראנו,גרמים,250.00,100 גרם,false,8,16.90,6.7600,true,1,19411
8008698024188,false,לחם ללא גלוטן 250 גר,,DE,לחם ללא גלוטן 250 גר פאן רוסטיקו,גרמים,250.00,100 גרם,false,8,16.90,6.7600,true,1,19409
8008698031032,false,חטיף קרוויס ללא גלוט,,,חטיף קרוויס ללא גלוטן בטעם ברביקיו 170גר,גרמים,170.00,100 גרם,false,,16.90,9.9412,true,1,44690
8008698031056,false,חטיף קרוויס ללא גלוט,,,חטיף קרוויס ללא גלוטן בטעם טבעי 170גר שר,גרמים,170.00,100 גרם,false,,16.90,9.9412,true,1,44689
8008698032084,false,עוגיות מיני חברים  ל,,DE,עוגיות מיני ללא גלוטן 125 גר,מיליליטרים,125.00,"100 מ""ל",false,6,12.90,10.3200,true,1,40171
8008698033876,false,קרקר בתוספת דגנים לל,,DE,קרקר בתוספת דגנים ללג 210 גר שר,גרמים,210.00,100 גרם,false,5,24.90,11.8571,true,1,40132
8008698054109,false,מילי גריס ממרח אגוזי,"ד""ר שר ס.ר.ל",IT,מילי גריס ממרח אגוזי לוז+מקלות ללג 52גר,Unknown,0.00,Unknown,false,12,11.90,0.0000,true,1,23357
8008743023135,false,בונ.פרלין מעורב אדום,,,בונ.פרלין מעורב אדום 355 גר,גרמים,355.00,100 גרם,false,1,46.90,13.2113,true,1,8243
8008743023142,false,בונ.פרלין כחול כסף 3,,,בונ.פרלין כחול כסף 355 גר,גרמים,355.00,100 גרם,false,1,46.90,13.2113,true,1,8244
8008743035633,false,שוקולד חיפושית ברשת,,,שוקולד חיפושית ברשת 100 גרם,גרמים,100.00,100 גרם,false,1,7.90,7.9000,true,1,33088
8008743036609,false,שוקולד מכוניות ברשת,GUNZ WARENHANDELS,,שוקולד מכוניות ברשת 100 גר,גרמים,100.00,100 גרם,false,1,7.90,7.9000,true,1,33090
8008743037903,false,שוקולד שחקני כדורגל,,,שוקולד שחקני כדורגל ברשת 100 גרם,גרמים,100.00,100 גרם,false,1,7.90,7.9000,true,1,33091
8008743048695,false,שוקולד דובים ברשת 90,GUNZ WARENHANDELS,,שוקולד דובים ברשת 90  גר,Unknown,0.00,Unknown,false,1,7.90,0.0000,true,1,33094
8008743048824,false,פרלינים לייקה דובדבן,,IT,פרלינים לייקה דובדבן בליקר 90 גרם,Unknown,0.00,Unknown,false,14,7.90,0.0000,true,1,44340
8008743055266,false,פרלינים לייקה שוקולד,,IT,פרלינים לייקה שוקולד מריר72% 90 גרם,Unknown,0.00,Unknown,false,14,7.90,0.0000,true,1,44293
8008857200057,false,ספגטי רגייה שטוח 500,,IT,ספגטי רגייה שטוח 500 גר,גרמים,500.00,100 גרם,false,20,5.90,1.1800,true,1,9933
8008857200194,false,ספגטי רגייה 500 גר,,IT,ספגטי רגייה 500 גר,גרמים,500.00,100 גרם,false,1,5.90,1.1800,true,1,9928
8008857200200,false,ספגטי רגייה דק 500 ג,,IT,ספגטי רגייה דק 500 גר,גרמים,500.00,100 גרם,false,1,5.90,1.1800,true,1,9929
8008857300238,false,פסטה רגייה גליל 500,,IT,פסטה רגייה גליל 500 גר,גרמים,500.00,100 גרם,false,1,5.90,1.1800,true,1,9934
8008857300344,false,פסטה רגייה צינור 500,,IT,פסטה רגייה צינור 500 גר,גרמים,500.00,100 גרם,false,1,5.90,1.1800,true,1,9930
8008857300481,false,פסטה רגייה בורג 500,,IT,פסטה בורג רגייה 500 גר,גרמים,500.00,100 גרם,false,1,5.90,1.1800,true,1,9932
8008857300580,false,פסטה רגייה סהרון 500,,IT,פסטה רגייה סהרון 500 גר,גרמים,500.00,100 גרם,false,1,5.90,1.1800,true,1,9936
8008857300603,false,פסטה רגייה קונכיות 5,,IT,פסטה רגייה קונכיות 500 גר,גרמים,500.00,100 גרם,false,1,5.90,1.1800,true,1,9937
8008857300634,false,פסטה רגייה תלתל 500,,IT,פסטה רגייה תלתל 500 גר,גרמים,500.00,100 גרם,false,1,5.90,1.1800,true,1,9939
8008857300641,false,פסטה רגייה כובע 500,,,פסטה צדף רגייה 500 גר,גרמים,500.00,100 גרם,false,1,5.90,1.1800,true,1,11074
8008857300771,false,אטריות למרק רגייה 50,,,אטריות למרק רגייה 500 גר,גרמים,500.00,100 גרם,false,1,5.90,1.1800,true,1,9931
8008857704197,false,ספגטי רגייה חיטה מלא,,IT,ספגטי רגייה חיטה מלאה 500 גרם,גרמים,500.00,100 גרם,false,20,6.90,1.3800,true,1,43315
8008900001037,false,יין צילו קברנה סובינ,,,יין צילו קברנה סוביניו 750 מל פקדון,מיליליטרים,750.00,"100 מ""ל",false,1,35.00,4.6667,true,1,17986
8008900001075,false,יין לבן שרדונה צלו,,,צילו שרדונה 750 מל פקדון,מיליליטרים,750.00,"100 מ""ל",false,1,35.00,4.6667,true,1,2521
8008900001280,false,יין ביו ביו שרדונה 7,אי טרה אס פי,IT,יין ביו ביו שרדונה 750 מל,מיליליטרים,750.00,"100 מ""ל",false,6,45.00,6.0000,true,1,20204
8008900001297,false,יין ביו ביו מרלו 750,אי טרה אס פי,IT,יין ביו ביו מרלו 750 מל,מיליליטרים,750.00,"100 מ""ל",false,6,45.00,6.0000,true,1,20203
8008900002188,false,יין צילו פינו גריגיו,סיאלו אי טרה,,יין צילו פינו גריגיו 750 מל פקדון,מיליליטרים,750.00,"100 מ""ל",false,1,35.00,4.6667,true,1,17468
8008900004212,false,יין צילו מרלו 750 מל,,,צילו מרלו 750 מל פקדון,מיליליטרים,750.00,"100 מ""ל",false,1,35.00,4.6667,true,1,2525
8008900005899,false,יין צילו סוביניון 75,סיאלו אי טרה,,יין צילו סוביניון 750 מל פקדון,מיליליטרים,750.00,"100 מ""ל",false,1,35.00,4.6667,true,1,17271
8008900006186,false,יין צילו פינו נואר 7,סיאלו אי טרה,,יין צילו אדום יבש פינו נואר 750 מל,מיליליטרים,750.00,"100 מ""ל",false,1,35.00,4.6667,true,1,15265
8008900006223,false,יין צלו אמרונה דלה ו,,IT,יין צלו אמרונה דלה ואלפוליצאלה 750מל פקד,מיליליטרים,750.00,"100 מ""ל",false,1,129.00,17.2000,true,1,43407
8008900006797,false,יין צלו מאסטרו פרימי,,,יין צלו מאסטרו פרימיטיבו פוליה 750 מל,מיליליטרים,750.00,"100 מ""ל",false,6,45.00,6.0000,true,1,30708
8008900007763,false,יין צלו אפסיונמנטה ו,,IT,יין צךו אפסיונמנטה ונטו 750 מל,מיליליטרים,750.00,"100 מ""ל",false,6,65.00,8.6667,true,1,30706
8008900008692,false,יין קאזה דפרה ריזרבה,,IT,יין קאזה דפרה ריזרבה אדום 750מל בק.פקדון,מיליליטרים,750.00,"100 מ""ל",false,1,65.00,8.6667,true,1,43409
8008900009613,false,יין פאסיה טוסקנה רוס,,,יין פאסיה טוסקנה רוסו 750 מל,מיליליטרים,750.00,"100 מ""ל",false,12,60.00,8.0000,true,1,30707
8008912010034,false,ספגטי ליגורי 500 גרם,פסטיפיציו,IT,ספגטי לגיורי 500 גרם,גרמים,500.00,100 גרם,false,1,8.90,1.7800,true,1,31808
8008912010072,false,לינגוויני ליגורי 500,פסטיפיציו,IT,לינגוויני ליגורי 500 גרם,גרמים,500.00,100 גרם,false,1,8.90,1.7800,true,1,40372
8008912010270,false,פסטה ליגורי קסרצה500,פסטיפיציו,IT,פסטה ליגורי קסרצה 500 גרם,גרמים,500.00,100 גרם,false,1,8.90,1.7800,true,1,40371
8008912010300,false,פסטה ליגורי פרפלה 50,,,פסטה ליגורי פרפלה 500 גרם,גרמים,500.00,100 גרם,false,1,8.90,1.7800,true,1,31805
8008912010317,false,פסטה ליגורי פוזילי 5,פסטיפיציו,IT,פסטה ליגורי פוזילי 500 גרם,גרמים,500.00,100 גרם,false,1,8.90,1.7800,true,1,31806
8008912010331,false,פסטה ליגורי ניוקטי ס,פסטיפיציו,IT,פסטה ליגורי ניוקטי סרי קונכיות 500 גרם,גרמים,500.00,100 גרם,false,1,8.90,1.7800,true,1,40370
8008912010423,false,פסטה ליגורי פנה ריגט,פסטיפיציו,IT,פסטה ליגורי פנה ריגטה 500 גרם,גרמים,500.00,100 גרם,false,1,8.90,1.7800,true,1,31807
8008920114069,false,יין וילה גובאני מוסק,,,יין וילה גובאני מוסקטו מבעבע 750 מל פקדו,מיליליטרים,750.00,"100 מ""ל",false,1,45.00,6.0000,true,1,7346
8008920150104,false,יין למברוסקו אדום אמ,,,יין למברוסקו אדום אמראדורי 750 מל פיקדון,מיליליטרים,750.00,"100 מ""ל",false,1,25.00,3.3333,true,1,6507
8008920150128,false,יין למברוסקו לבן אמר,,,יין למברוסקו לבן אמראדורי 750 מל פיקדון,מיליליטרים,750.00,"100 מ""ל",false,1,25.00,3.3333,true,1,6508
8008990000040,false,מטאטא פרקטיקה,טונקיטה,,מטאטא פרקטיקה,יחידה,1.00,יחידה,false,1,22.90,22.9000,true,1,12238
8008990000101,false,מטאטא אראה,טונקיטה,,מטאטא אראה,יחידה,1.00,יחידה,false,1,27.90,27.9000,true,1,12111
8008990000262,false,ערכה ללכידת אבק  עם,אריקס,IT,ערכה ללכידת אבק  עם 10 מטליות למילוי,Unknown,0.00,Unknown,false,6,59.90,0.0000,true,1,31517
8008990000514,false,כף אשפה + מברשת,טונקיטה,,כף אשפה + מברשת,יחידה,1.00,יחידה,false,1,14.90,14.9000,true,1,12114
8008990000750,false,מברשת לניקוי אסלות,טונקיטה,,מברשת לניקוי אסלות,יחידה,1.00,יחידה,false,1,10.00,10.0000,true,1,12126
8008990001832,false,כיסוי לקרש גיהוץ סיל,אריקס,,כיסוי לקרש גיהוץ סילבר 100%כותנה 125/47,יחידה,1.00,יחידה,false,1,29.90,29.9000,true,1,12105
8008990002167,false,יעם עם מקל מתכת ארוך,טונקיטה,,יעם עם מקל מתכת ארוך טי איי 216 טונקיטה,יחידה,1.00,יחידה,false,1,19.90,19.9000,true,1,12135
8008990005809,false,מגב ניקוי להסרת מים,אריקס,IT,מגב ניקוי להסרת מים מזכוכית/אריחים 26סמ,יחידה,1.00,יחידה,false,12,15.90,15.9000,true,1,22568
8008990006721,false,מטאטא טונקיטה חיצוני,אריקס,,מטאטא טונקיטה חיצוני אקולוגי+מקל,יחידה,1.00,יחידה,false,1,34.90,34.9000,true,1,14870
8008990008923,false,דלי אובלי 13 ליטר,טונקיטה,,דלי אובלי 13 ליטר,יחידה,1.00,יחידה,false,1,19.90,19.9000,true,1,12134
8008990009234,false,ספוג מופ טי קיי 923,טונקיטה,,ספוג מופ טי קיי 923 טונקיטה,יחידה,1.00,יחידה,false,1,29.90,29.9000,true,1,12133
8008990061508,false,מטאטא ראפידה,טונקיטה,,מטאטא ראפידה,יחידה,1.00,יחידה,false,1,24.90,24.9000,true,1,12109
8008990065100,false,מטאטא קשה לקרצוף פרק,טונקיטה,,מטאטא קשה לקרצוף פרקטיקו,יחידה,1.00,יחידה,false,1,24.90,24.9000,true,1,12113
8009167091205,false,פסטה לינגוויני דיו ד,,,פסטה לינגוויני דיו דיונון 250 גר מורללי,גרמים,250.00,100 גרם,false,1,23.90,9.5600,true,1,7546
8009167141207,false,פסטה לינגוויני שום ב,,,פסטה לינגוויני שום בזיליקום250 גר מורללי,גרמים,250.00,100 גרם,false,1,23.90,9.5600,true,1,7548
8009167211207,false,פסטה לינגוויני כמהין,,,פסטה לינגוויני כמהין 250 גר מורללי,גרמים,250.00,100 גרם,false,1,24.90,9.9600,true,1,7549
8009167281200,false,פסטה לינגוויני לימון,,,פסטה לינגוויני לימון פלפל250 גר מורללי,גרמים,250.00,100 גרם,false,1,23.90,9.5600,true,1,7550
8009621006073,false,ניוקי תפוא וינצי 500,,,ניוקי תפוא וינצי 500 גר,גרמים,500.00,100 גרם,false,1,10.90,2.1800,true,1,5584
8009621006172,false,ניוקי תפוא מיני וינצ,,,ניוקי תפוא מיני וינצי 500 גר,גרמים,500.00,100 גרם,false,1,10.90,2.1800,true,1,10874
8009720626424,false,יין פאקמורה אינדוליה,B.C.A 1875 BAGLIO CU,,יין פאקמורה אינדוליה לבן  750 מל,מיליליטרים,750.00,"100 מ""ל",false,1,60.00,8.0000,true,1,10903
8009720659460,false,יין פאקמורה נרו אדום,B.C.A 1875 BAGLIO CU,,יין פאקמורה נרו אדום 750 מל,מיליליטרים,750.00,"100 מ""ל",false,1,60.00,8.0000,true,1,10904
8009915000039,false,פסטה קפליני מקמח תיר,,,פסטה קפליני מקמח תירס ל.ג.250גר,גרמים,250.00,100 גרם,false,1,12.90,5.1600,true,1,7027
8009915000282,false,פסטה פטוציני מקמח תי,,,פסטה פטוציני מקמח תירס ל.ג250גר,גרמים,250.00,100 גרם,false,1,12.90,5.1600,true,1,7028
8009915000367,false,פסטה אנלוני ללא גלוט,,,פסטה אנלוני ללא גלוטן 250 גר,גרמים,250.00,100 גרם,false,1,12.90,5.1600,true,1,10913
8009915000374,false,פסטה דיטאליני ללא גל,,,פסטה דיטאליני ללא גלוטן 250 גר,גרמים,250.00,100 גרם,false,1,12.90,5.1600,true,1,10912
8009915001227,false,פסטה פנה מקמח תירס ל,,,פסטה פנה מקמח תירס ל.ג.250 גר,גרמים,250.00,100 גרם,false,1,12.90,5.1600,true,1,7029
8009915001340,false,פסטה אליקה מקמח תירס,,,פסטה אליקה מקמח תירס ל.ג.250גר,גרמים,250.00,100 גרם,false,1,12.90,5.1600,true,1,7030
8010721997048,false,גבינת פרמזנו ריזאנו,,,גבינת פרמזנו ריזאנו 150גר 30 חודש,גרמים,150.00,100 גרם,false,1,32.00,21.3333,true,1,10110
8010721999929,false,גבינה קשה פקורינו רו,,,גבינה קשה פקורינו רומאנו 200 גר,גרמים,200.00,100 גרם,false,10,37.90,18.9500,true,1,23444
8011033011279,false,קוסקוס אמיתי 1 קג מר,אמירה,,קוסקוס אמיתי 1 קג מרקש,קילוגרמים,1.00,"ק""ג",false,1,15.90,15.9000,true,1,30227
8012169001011,false,אטריות טאגליאריני בי,,IT,אטריות טאגליאריני ביצים 500גרם,גרמים,500.00,100 גרם,false,12,14.90,2.9800,true,1,31108
8012824000991,false,מתקן לייבוש כביסה פל,,,מתקן לייבוש כביסה פלסטיק,Unknown,0.00,Unknown,false,1,139.00,0.0000,true,1,10591
8012901009374,false,קינוח לימונצלו 90 גר,סולו,IT,קינוח לימונצלו 90 גר סולו איטליה,Unknown,0.00,Unknown,false,8,6.90,0.0000,true,1,18313
8012901012800,false,קינוח טירמיסו 90גרם,סולו,IT,קינוח טירמיסו 90גרם סולו איטליה,Unknown,0.00,Unknown,false,8,6.90,0.0000,true,1,31031
8013108003509,false,בונבוניירה קורנט מיק,,,בונבוניירה קורנט מיקס שוקולד 165 גרם,גרמים,165.00,100 גרם,false,1,29.90,18.1212,true,1,28262
8013108003523,false,בונבוניירה קורנט אגו,,,בונבוניירה קורנט אגוזי פיימונטה 165 גרם,גרמים,165.00,100 גרם,false,1,29.90,18.1212,true,1,28261
8013108003530,false,בונבוניירה קורנט קרמ,,,בונבוניירה קורנט קרמיני 165 גרם קפרל,גרמים,165.00,100 גרם,false,1,29.90,18.1212,true,1,28259
8013399145278,false,סוכ.דיטורל ליקריץ רך,,,סוכ.דיטורל ליקריץ רך 70 גר סטיביה,Unknown,0.00,Unknown,false,1,7.90,0.0000,true,1,9766
8013399145315,false,סוכ.דיטורל תות רך 70,,,סוכ.דיטורל תות רך 70 גר סטיביה,Unknown,0.00,Unknown,false,1,7.90,0.0000,true,1,9764
8014207001106,false,אטריות מוסקוני טליאט,,IT,אטריות מוסקוני טליאטלה 250 גרם עבודת יד,גרמים,250.00,100 גרם,false,12,14.90,5.9600,true,1,44303
8014207001205,false,אטריות מוסקוני פטוצי,,IT,אטריות מוסקוני פטוציני 250 גרם עבודת יד,גרמים,250.00,100 גרם,false,12,14.90,5.9600,true,1,44300
8014207001304,false,אטריות מוסקוני פפרדל,,IT,אטריות מוסקוני פפרדלה 250 גרם עבודת יד,גרמים,250.00,100 גרם,false,12,14.90,5.9600,true,1,44302
8014207001502,false,אטריות מוסקוני טליול,,IT,אטריות מוסקוני טליוליני 250 גרם עבודת יד,גרמים,250.00,100 גרם,false,12,14.90,5.9600,true,1,44304
8014207001601,false,פסטה מוסקוני תרד 250,,IT,פסטה מוסקוני תרד 250 גרם עבודת יד,גרמים,250.00,100 גרם,false,12,14.90,5.9600,true,1,44301
8014601011565,false,קמח קונדיטוריה קאפוט,קאפוטו,IT,קמח קונדיטוריה קאפוטו 1 קג,קילוגרמים,1.00,"ק""ג",false,10,12.90,12.9000,true,1,29596
8014601012456,false,קמח נובולה קאפוטו 1,קאפוטו,IT,קמח נובולה קאפוטו 1 קג,קילוגרמים,1.00,"ק""ג",false,10,15.90,15.9000,true,1,29597
8014601026354,false,קמח פיצה שף קאפוטו א,קאפוטו,IT,קמח פיצה שף קאפוטו אדום 1 קג,קילוגרמים,1.00,"ק""ג",false,10,13.90,13.9000,true,1,29594
8014601028747,false,קמח אקסטרא קאפוטו לכ,קאפוטו,IT,קמח אקסטרא קאפוטו לכל מטרה כחול 1 קג,קילוגרמים,1.00,"ק""ג",false,10,11.90,11.9000,true,1,29595
8014601999870,false,סמולינה קאפוטו בטחינ,קאפוטו,IT,סמולינה קאפוטו טחינה כפולה צהוב 1 קג,קילוגרמים,1.00,"ק""ג",false,10,13.90,13.9000,true,1,29578
8015565030203,false,קרקר לאוריירי טעם רו,,IT,קרקר לאוריירי טעם רוזמרין 175גרם,גרמים,175.00,100 גרם,false,15,10.90,6.2286,true,1,44921
8015565030241,false,קרקר לאוריירי טעם מל,,IT,קרקר לאוריירי טעם מלוח 175גרם,גרמים,175.00,100 גרם,false,15,10.90,6.2286,true,1,44922
8015565030258,false,קרקר לאוריירי טעם פי,,IT,קרקר לאוריירי טעם פיצה 175גרם,גרמים,175.00,100 גרם,false,15,10.90,6.2286,true,1,44920
8015565030654,false,קרקר לאוריירי טעם פט,,IT,קרקר לאוריירי טעם פטריו כמהין175גרם,גרמים,175.00,100 גרם,false,15,10.90,6.2286,true,1,44919
8015565030906,false,צנימים לאוריירי טעם,,IT,צנימים לאוריירי טעם פסטו 150גרם,גרמים,150.00,100 גרם,false,15,10.90,7.2667,true,1,44923
8015822000031,false,יין אדום לה גרולה אל,איטליה אלגריני (Cort,,יין אדום לה גרולה אלגריני 750מל פקדון,מיליליטרים,750.00,"100 מ""ל",false,1,135.00,18.0000,true,1,7725
8015822000178,false,יין אדום פלצו דלה טו,איטליה אלגריני (Cort,,יין אדום פלצו דלה טורה 750מל פקדון,מיליליטרים,750.00,"100 מ""ל",false,1,110.00,14.6667,true,1,7726
8015822000253,false,יין לבן שרדונה קורטג,איטליה אלגריני (Cort,,יין לבן שרדונה קורטגיארה 750 מל פקדון,מיליליטרים,750.00,"100 מ""ל",false,1,45.00,6.0000,true,1,7662
8015822000413,false,יין אדום אמרונה קורט,איטליה אלגריני (Cort,,יין אדום אמרונה קורטגיארה 750מל פקדון,מיליליטרים,750.00,"100 מ""ל",false,1,160.00,21.3333,true,1,7728
8015822010078,false,יין אדום ולפוליצלה ק,איטליה אלגריני (Cort,,יין אדום ולפוליצלה קורטגיארה 750מל פקדון,מיליליטרים,750.00,"100 מ""ל",false,1,60.00,8.0000,true,1,7729
8015822010092,false,יין לבן סואבה קורטגי,איטליה אלגריני (Cort,,יין אדום סואבה קורטגיארה 750 מל פקדון,מיליליטרים,750.00,"100 מ""ל",false,1,45.00,6.0000,true,1,7703
8015822010108,false,יין רוזה ברדולינו קי,איטליה אלגריני (Cort,,יין ברדולינו קיארטו קורטגיארה אלגריני 75,מיליליטרים,750.00,"100 מ""ל",false,1,45.00,6.0000,true,1,39594
8015822010115,false,יין אדום ריפאסו קורט,איטליה אלגריני (Cort,,יין אדום ריפאסו קורטגיארה 750מל פקדון,מיליליטרים,750.00,"100 מ""ל",false,1,70.00,9.3333,true,1,7633
8015822010474,false,יין אדום ולפוליצלה ס,איטליה אלגריני (Cort,,יין אדום ולפוליצלה סופריורה 750מל פקדון,מיליליטרים,750.00,"100 מ""ל",false,1,70.00,9.3333,true,1,7632
8015997000607,false,בישקוטים פריכים מארי,biscanova SRL,,בישקוטים פריכים מאריני 200 גר,גרמים,200.00,100 גרם,false,1,6.90,3.4500,true,1,20902
8015997000911,false,בישקוטים פריכים מארי,biscanova SRL,,בישקוטים פריכים מאריני 200 גר,גרמים,200.00,100 גרם,false,1,6.90,3.4500,true,1,15892
8016001000040,false,יין אדום ברברה דאסטי,איטליה אנטינורי,,יין אדום ברברה דאסטי פיולוט 750מל פקדון,מיליליטרים,750.00,"100 מ""ל",false,1,60.00,8.0000,true,1,7626
8016001000101,false,יין מוסקטו דאסטי פרו,איטליה אנטינורי,,יין מוסקטו דאסטי 750 מל פיקדון,מיליליטרים,750.00,"100 מ""ל",false,1,65.00,8.6667,true,1,5863
8016129000847,false,גבינת פרמזנו ריגאנו,,,גבינת פרמזנו ריגאנו 150גר 12חודש,גרמים,150.00,100 גרם,false,1,25.00,16.6667,true,1,9853
8016129000854,false,גבינת גראנה פאדנו 15,,,גבינת גראנה פאדנו 150 גר,גרמים,150.00,100 גרם,false,1,23.00,15.3333,true,1,9852
8016608003215,false,יין קיאנטי סנטה טרינ,איטליה לה קיאנטי ג'י,,יין קיאנטי סנטה טרינטיה 750 מל פיקדון,מיליליטרים,750.00,"100 מ""ל",false,1,45.00,6.0000,true,1,5861
8016608003437,false,יין קיאנטי לוגיה דל,איטליה לה קיאנטי ג'י,,יין קיאנטי לוגיה דל סול 750מל פקדון,מיליליטרים,750.00,"100 מ""ל",false,1,40.00,5.3333,true,1,8034
8016608004311,false,יין קיאנטי גוברנאטו,איטליה לה קיאנטי ג'י,,יין קיאנטי גוברנאטו 750 מל פקדון,מיליליטרים,750.00,"100 מ""ל",false,1,45.00,6.0000,true,1,7721
8016760000558,false,יין אדום פינו גריגו,איטליה קול ד'אורצ'יה,,יין אדום פינו גריגו סנטאנטי 750 מל פקדון,מיליליטרים,750.00,"100 מ""ל",false,1,70.00,9.3333,true,1,7659
8016867002646,false,מגן תחתון ארוך 24יח,CORMAN,,מגן תחתון ארוך 24יח באריזה כותנה אורגנית,יחידה,24.00,יחידה,false,1,22.90,0.9542,true,1,10552
8016867003056,false,שטיפה אינטימית 250מל,,,שטיפה אינטימית 250מל אורגנית,מיליליטרים,250.00,"100 מ""ל",false,1,46.90,18.7600,true,1,44508
8016867007023,false,צמרוני אוזניים 200יח,,,צמרוני אוזניים 200יח אורגניק זון,יחידה,200.00,יחידה,false,1,14.90,0.0745,true,1,8956
8016867008860,false,מגבונים אינטימיים 20,,IL,מגבונים אינטימיים 20יח כותנה אורגנית,יחידה,20.00,יחידה,false,1,24.90,1.2450,true,1,44512
8016867008945,false,מגן תחתון 24יח באריז,CORMAN,,מגן תחתון 24יח באריזה כותנה אורגנית,יחידה,24.00,יחידה,false,1,22.90,0.9542,true,1,8949
8016867008976,false,טמפונים עם מוליך רגו,COTTON HITEC,,טמפונים עם מוליך רגולר 16יח אורגניק זון,יחידה,16.00,יחידה,false,1,32.90,2.0562,true,1,8952
8016867009904,false,טמפונים ללא מוליך סו,ONTEX,,טמפונים ללא מוליך סופר+ 16יח אורגניק זון,יחידה,16.00,יחידה,false,1,31.90,1.9937,true,1,20617
8016867009911,false,טמפונים ללא מוליך סו,ONTEX,,טמפונים ללא מוליך סופר 16יח אורגניק זון,יחידה,16.00,יחידה,false,1,31.90,1.9937,true,1,8951
8016867009928,false,טמפונים ללא מוליך רג,ONTEX,,טמפונים ללא מוליך רגולר 16יח אורגניק זון,יחידה,16.00,יחידה,false,1,31.90,1.9937,true,1,8950
8016867009935,false,תחבושות דקות לזרימה,CORMAN,,תחבושות דקות לזרימה מוגברת10יח אורגניקזו,יחידה,10.00,יחידה,false,1,31.90,3.1900,true,1,8955
8016867009942,false,תחבושות דקות לזרימה,CORMAN,,תחבושות דקות לזרימה רגילה 10יח אורגניקזו,יחידה,10.00,יחידה,false,1,31.90,3.1900,true,1,8954
8016867009959,false,מגן תחתון 24יח אריזה,CORMAN,,מגן תחתון 24יח אריזה אישית כותנה אורגנית,יחידה,24.00,יחידה,false,1,20.00,0.8333,true,1,25871
8016867015080,false,מגן תחתון 48 יחידות,,,מגן תחתון 48 יחידות כותנה אורגנית,יחידה,48.00,יחידה,false,1,34.90,0.7271,true,1,44507
8017070766530,false,קרקר דק קאזה מילו רו,,IT,קרקר דק קאזה מילו רוזמרין 150 גרם,גרמים,150.00,100 גרם,false,12,10.90,7.2667,true,1,43306
8017070766554,false,קרקר דק קאזה מילו קל,,IT,קרקר דק קאזה מילו קלאסי 150 גרם,גרמים,150.00,100 גרם,false,12,10.90,7.2667,true,1,43304
8017070766578,false,קרקר דק קאזה מילו עג,,IT,קרקר דק קאזה מילו עגבניות אורגנו 150 גרם,גרמים,150.00,100 גרם,false,12,10.90,7.2667,true,1,43305
8017070766615,false,קרקר דק קאזה מילו זר,,IT,קרקר דק קאזה מילו זרעי ציה 150 גרם,גרמים,150.00,100 גרם,false,12,10.90,7.2667,true,1,43307
8017494062034,false,יין וילה סנדי פרוסקו,וילה סנדי,IT,יין וילה סנדי פרוסקו 750 מל פקדון,מיליליטרים,750.00,"100 מ""ל",false,6,60.00,8.0000,true,1,4928
8017494077038,false,יין וילה סנדי מוסקטו,,,יין וילה סנדי מוסקטו דולצה 750 מל פיקדון,מיליליטרים,750.00,"100 מ""ל",false,1,45.00,6.0000,true,1,6101
8017494738014,false,יין וילה סאנדי פרוסק,,,יין וילה סאנדי פרוסקו רוזה ברוט 750 מל,מיליליטרים,750.00,"100 מ""ל",false,1,60.00,8.0000,true,1,39504
8017704000948,false,יין לנגה נביולו קורד,קורדרו די מונטזמולו,,יין לנגה נביולו קורדרו 750 מל,מיליליטרים,750.00,"100 מ""ל",false,1,110.00,14.6667,true,1,15854
8017704000955,false,יין לנגה ארנייז קורד,איטליה קורדרו די מונ,,יין לנגה ארנייז קורדרו די מונטזמולו 750מ,מיליליטרים,750.00,"100 מ""ל",false,1,75.00,10.0000,true,1,8703
8017746286539,false,יין קיאנטי פוגיו סו,פוגיו אל טאזורו,,יין קיאנטי פוגיו סו וינצי 750 מל,מיליליטרים,750.00,"100 מ""ל",false,1,60.00,8.0000,true,1,16192
8017938005122,false,חומץ תפוחים אורגני ב,ביוטרנטינו,,חומץ תפוחים אורגני ביוטרנטינו 750מל,מיליליטרים,750.00,"100 מ""ל",false,1,20.00,2.6667,true,1,13146
8017938005764,false,מיץ תפוחים אורגני 1ל,נטורפוד,,מיץ תפוחים אורגני 1ליטר נטורפוד,ליטרים,1.00,ליטר,false,1,19.90,19.9000,true,1,15223
8018102000110,false,אורז ריזוטו ארבוריו,,,אורז ריזוטו ארבוריו 500גר פרינסיפטו,גרמים,500.00,100 גרם,false,1,21.90,4.3800,true,1,8603
8019428000013,false,משקה אורז אורגני 1 ל,,,משקה אורז אורגני 1 ל,ליטרים,1.00,ליטר,false,1,12.90,12.9000,true,1,11512
8019428000099,false,משקה אורז שקדים אורג,,,משקה אורז שקדים אורגני 1 ל,ליטרים,1.00,ליטר,false,1,12.90,12.9000,true,1,11513
8019428000105,false,משקה שיבולת שועל 1לי,,,משקה שיבולת שועל 1ליטר,ליטרים,1.00,ליטר,false,1,12.90,12.9000,true,1,16512
8019428007005,false,משקה סויה אורגני 1 ל,,,משקה סויה אורגני 1 ל,ליטרים,1.00,ליטר,false,1,12.90,12.9000,true,1,11514
8019428007111,false,משקה שקדים אמנדה אור,THE BRIDGE,,משקה שקדים אמנדה אורגני 1 ל,ליטרים,1.00,ליטר,false,1,19.90,19.9000,true,1,11914
8019428007357,false,משקה אגוז ברזיל 1 לי,דה ברידג,,משקה אגוז ברזיל 1 ליטר קרטון,ליטרים,1.00,ליטר,false,1,15.90,15.9000,true,1,17712
8019428007364,false,משקה קוקוס 1ליטר קרט,דה ברידג,,משקה קוקוס 1ליטר קרטון,ליטרים,1.00,ליטר,false,1,14.90,14.9000,true,1,17737
8019428009078,false,מעדן אורז אורגני וני,,,מעדן אורז אורגני וניל 130 גר זוג,יחידה,130.00,יחידה,false,6,10.90,0.0838,true,1,41211
8019428009108,false,מעדן שיבולת שועל וני,,,מעדן שיבולת שועל וניל אורגני 130גר זוג,יחידה,130.00,יחידה,false,6,10.90,0.0838,true,1,41213
8020735008005,false,יין נרו דאבולה פלומב,איטליה לה קיאנטי ג'י,,יין נרו דאבולה פלומבאנו 750 מל,מיליליטרים,750.00,"100 מ""ל",false,1,80.00,10.6667,true,1,15110
8021904003111,false,יין גראן אפאסי אפסיט,,,יין גראן אפאסי אפסיטה 750 מל,מיליליטרים,750.00,"100 מ""ל",false,1,60.00,8.0000,true,1,39508
8021904031114,false,יין גראן אפאסי שרדונ,,,יין גראן אפאסי שרדונה  750 מל,מיליליטרים,750.00,"100 מ""ל",false,1,60.00,8.0000,true,1,39509
8021904060114,false,יין גראן אפאסי פרימי,,,יין גראן אפאסי פרימיטיבו 750 מל,מיליליטרים,750.00,"100 מ""ל",false,1,110.00,14.6667,true,1,39510
8022470213386,false,דרגה פריסקו שקד חלב,,IT,סוכ.דרגה שקד חלב 500 גר מקס,גרמים,500.00,100 גרם,false,12,35.90,7.1800,true,1,28268
8022470213393,false,דרגה פריסקו שקד מריר,,IT,סוכ.דרגה שקד מריר 500 גר מקס,גרמים,500.00,100 גרם,false,12,35.90,7.1800,true,1,28269
8022470213478,false,דרגה פריסקו דובדבן ח,,IT,סוכ.דרגה דובדבן חלב 500גר מקס,גרמים,500.00,100 גרם,false,10,35.90,7.1800,true,1,28272
8022470213485,false,דרגה פריסקו דובדבן מ,,IT,סוכ.דרגה דובדבן מריר 500גר מקס,גרמים,500.00,100 גרם,false,10,35.90,7.1800,true,1,28273
8022470213508,false,דרגה פריסקו צימוקים,,IT,סוכ.דרגה צימוקים חלב 500 גר מקס,גרמים,500.00,100 גרם,false,12,29.90,5.9800,true,1,28266
8022470213515,false,דרגה פריסקו  צימוקים,,IT,סוכ.דרגה צימוקים מריר 500 גר מקס,גרמים,500.00,100 גרם,false,12,29.90,5.9800,true,1,28267
8022470226362,false,דרגה פריסקו קשיו שוק,,IT,דרגה פריסקו קשיו שוקולד חלב 500 גרם,גרמים,500.00,100 גרם,false,12,35.90,7.1800,true,1,28274
8022470226379,false,דרגה פריסקו קשיו שוק,,IT,דרגה פריסקו קשיו שוקולד מריר 500 גרם,גרמים,500.00,100 גרם,false,12,35.90,7.1800,true,1,28275
8022470237498,false,בונבוננירה דרגה ליקר,SWEETITALY,,בונבוננירה דרגה ליקר סמבוקה מריר 500 גרם,גרמים,500.00,100 גרם,false,1,36.90,7.3800,true,1,22312
8022470253559,false,סוכריות פארטי אנד גו,,IT,סוכריות פארטי אנד גו בוטנים 250 גרם,גרמים,250.00,100 גרם,false,10,14.90,5.9600,true,1,30151
8022470253573,false,סוכריות פארטי אנד גו,,IT,סוכריות פארטי אנד גו עדשים קראנצ 250 גרם,גרמים,250.00,100 גרם,false,10,14.90,5.9600,true,1,30149
8022470253597,false,סוכריות פארטי אנד גו,,IT,סוכריות פארטי אנד גו עדשים כוכבי 250 גרם,גרמים,250.00,100 גרם,false,10,14.90,5.9600,true,1,30147
8023354024418,false,יין טראמארי רוזה 750,סאן מרזאנו,IT,יין טראמארי רוזה 750 מל,מיליליטרים,750.00,"100 מ""ל",false,6,60.00,8.0000,true,1,22493
8023354131918,false,יין פרימיטיבו די מנד,סאן מרזאנו,IT,יין פרימיטיבו די מנדוריה טאלו 750 מל,מיליליטרים,750.00,"100 מ""ל",false,6,65.00,8.6667,true,1,22496
8023354133714,false,יין פרימיטיבו מנדורי,סאן מרזאנו,IT,יין פרימיטיבו מנדוריה ססאנטאני 750 מל,מיליליטרים,750.00,"100 מ""ל",false,6,129.00,17.2000,true,1,22494
8023492000091,false,שוקולד גיאנדויה חלב,די.גי 3 דולצאריה ס.ר,IT,שוקולד גיאנדויה חלב אגוז 150 גרם,גרמים,150.00,100 גרם,false,24,15.90,10.6000,true,1,13754
8023492000237,false,טורונה גיאנדויה שקד,די.גי 3 דולצאריה ס.ר,IT,טורונה גיאנדויה שקד ופיסטוק 150 גרם,גרמים,150.00,100 גרם,false,24,15.90,10.6000,true,1,30145
8023492000336,false,שוקולד גיאנדויה מריר,די.גי 3 דולצאריה ס.ר,IT,שוקולד גיאנדויה מריר אגוז 150 גרם,גרמים,150.00,100 גרם,false,24,15.90,10.6000,true,1,13755
8023492000671,false,שוקולד גיאנדויה מריר,די.גי 3 דולצאריה ס.ר,IT,שוקולד גיאנדויה מריר אגוז ותפוז 150 גרם,גרמים,150.00,100 גרם,false,24,15.90,10.6000,true,1,32085
8023492004327,false,טורונה גיאנדויה אגוז,די.גי 3 דולצאריה ס.ר,IT,טורונה גיאנדויה אגוזי לוז 150 גרם,גרמים,150.00,100 גרם,false,24,15.90,10.6000,true,1,32086
8023492004341,false,שוקולד גיאנדויה פיסט,די.גי 3 דולצאריה ס.ר,IT,שוקולד גיאנדויה פיסטוק ושקדים 150 גרם,גרמים,150.00,100 גרם,false,24,15.90,10.6000,true,1,32083
8023678161288,false,משקה אורז אורגני 1 ל,,,משקה אורז אורגני 1 ליטר איזולה ליב,ליטרים,1.00,ליטר,false,1,12.90,12.9000,true,1,5450
8023678161363,false,משקה שיבולת שועל אור,,,משקה שיבולת שועל אורגני 1 ליטר איזולה לי,ליטרים,1.00,ליטר,false,1,12.90,12.9000,true,1,5451
8023678161387,false,משקה סויה אורגני 1 ל,,,משקה סויה אורגני 1 ליטר איזולה ליב,ליטרים,1.00,ליטר,false,1,11.90,11.9000,true,1,7925
8023678162360,false,משקה שקדים טבעי אורג,,,משקה שקדים טבעי אורגני איזולה 1 ל,ליטרים,1.00,ליטר,false,1,14.90,14.9000,true,1,11334
8023678164517,false,משקה שקדים ללס אורגנ,,IT,משקה שקדים ללס אורגני איזולה  1 לי,ליטרים,1.00,ליטר,false,1,14.90,14.9000,true,1,29045
8023678728290,false,משקה סויה בריסטה אור,,IT,משקה סויה בריסטה אורגני איזולה  1 לי,ליטרים,1.00,ליטר,false,1,12.90,12.9000,true,1,29044
8023678728832,false,משקה שבולת שועל בריס,,,משקה שבולת שועל בריסטה אורגני איזולה,ליטרים,1.00,ליטר,false,1,12.90,12.9000,true,1,29043
8023678729013,false,משקה אורז ללא סוכר 1,,,משקה אורז ללא סוכר 1ליטר איזולה,ליטרים,1.00,ליטר,false,1,12.90,12.9000,true,1,31206
8023678729112,false,משקה שיבולת שועל ללא,,,משקה שיבולת שועל ללא סוכר 1ליטר איזולה,ליטרים,1.00,ליטר,false,1,12.90,12.9000,true,1,31205
8023951002550,false,גבינת מסקרפונה איטלק,,,גבינת מסקרפונה איטלקי 250גר,גרמים,250.00,100 גרם,false,,22.90,9.1600,true,1,28433
8024985000062,false,זוג מחית תפוח אורגני,נטורה נובה,,זוג מחית תפוח אורגנית 100% פרי 200 גרם,גרמים,200.00,100 גרם,false,1,9.90,4.9500,true,1,13345
8024985000079,false,זוג מחית משמש תפוח א,נטורה נובה,,זוג מחית משמש תפוח אורגנית100%פרי200 גרם,גרמים,200.00,100 גרם,false,1,9.90,4.9500,true,1,13346
8024985000086,false,זוג מחית בננה תפוח א,נטורה נובה,,זוג מחית בננה תפוח אורגנית100%פרי200 גרם,גרמים,200.00,100 גרם,false,1,9.90,4.9500,true,1,13347
8024985000093,false,זוג מחית שזיף תפוח א,נטורה נובה,,זוג מחית שזיף תפוח אורגנית100%פרי200 גרם,גרמים,200.00,100 גרם,false,1,9.90,4.9500,true,1,13350
8024985000109,false,זוג מחית אגס אורגנית,נטורה נובה,,זוג מחית אגס אורגנית100%פרי200 גרם,גרמים,200.00,100 גרם,false,1,9.90,4.9500,true,1,13348
8024985002783,false,מחית סמוזי פירות גזר,נטורה נובה,,מחית סמוזי פירות גזר דלעת 100 גר נובה,גרמים,100.00,100 גרם,false,1,5.90,5.9000,true,1,18278
8024985002912,false,מחית סמוזי תפוח אגס,נטורה נובה,IT,מחית סמוזי תפוח אגס בטטה 100 גר נובה,גרמים,100.00,100 גרם,false,18,5.90,5.9000,true,1,21143
8024985002943,false,מחית סמוזי תפוח אננס,נטורה נובה,IT,מחית סמוזי תפוח אננס קוקוס 100 גר,גרמים,100.00,100 גרם,false,18,5.90,5.9000,true,1,26850
8024985002950,false,מחית סמוזי שזיף אורג,נטורה נובה,IT,מחית סמוזי שזיף אורגני 100 גר,גרמים,100.00,100 גרם,false,18,5.90,5.9000,true,1,26849
8024985002967,false,מחית סמוזי בננה תרד1,נטורה נובה,IT,מחית סמוזי בננה תרד100 גר,גרמים,100.00,100 גרם,false,18,5.90,5.9000,true,1,26851
8024985003988,false,מחית סמוזי תפוח בננה,נטורה נובה,,מחית סמוזי תפוח בננה 100גר נטורה,גרמים,100.00,100 גרם,false,1,5.90,5.9000,true,1,15210
8024985004299,false,מחית סמוזי אגס אורגנ,נטורה נובה,,מחית סמוזי אגס אורגני ל.ס.4יח100גר,גרמים,400.00,100 גרם,false,1,19.90,4.9750,true,1,12890
8024985004305,false,מחית סמוזי תפוח אורג,נטורה נובה,,מחית סמוזי תפוח אורגני ל.ס.4יח100גר,גרמים,400.00,100 גרם,false,1,19.90,4.9750,true,1,13169
8024985004695,false,מחית סמוזי בננה אורג,נטורה נובה,,מחית סמוזי בננה אורגני ל.ס.4יח100גר,גרמים,400.00,100 גרם,false,1,19.90,4.9750,true,1,12889
8024985005234,false,מחית סמוזי תפוח אפרס,נטורה נובה,,מחית סמוזי תפוח אפרסק מנגו 100גר נטורה,גרמים,100.00,100 גרם,false,1,5.90,5.9000,true,1,15209
8024985005296,false,מחית סמוזי נטורה נוב,נטורה נובה,,מחית סמוזי נטורה נובה קינואה120גר אורגני,גרמים,120.00,100 גרם,false,1,6.90,5.7500,true,1,15208
8024985005302,false,מחית סמוזי נטורה נוב,נטורה נובה,,מחית סמוזי נטורה נובה פירות 120גר אורגני,גרמים,120.00,100 גרם,false,1,6.90,5.7500,true,1,15207
8024985006309,false,מחית סמוזי מנגו ל.ס,נטורה נובה,IT,מחית סמוזי מנגו ל.ס 4 יח 100 גר,גרמים,400.00,100 גרם,false,14,19.90,4.9750,true,1,21166
8024985006408,false,מחית סמוזי מנגו 90 ג,נטורה נובה,,מחית סמוזי מנגו 100 גר נובה,גרמים,90.00,100 גרם,false,1,5.90,6.5556,true,1,28771
8024985006415,false,מחית סמוזי בננה 90 ג,נטורה נובה,,מחית סמוזי בננה 90 גר נובה,גרמים,90.00,100 גרם,false,1,5.90,6.5556,true,1,28772
8024985008037,false,מחית סמוזי תפוח 100ג,נטורה נובה,,מחית סמוזי תפוח 100גר נטורה נובה,גרמים,100.00,100 גרם,false,1,5.90,5.9000,true,1,15212
8024985008044,false,מחית סמוזי אגס 100גר,נטורה נובה,,מחית סמוזי אגס 100גר נטורה נובה,גרמים,100.00,100 גרם,false,1,5.90,5.9000,true,1,15211
8024985008051,false,מחית סמוזי פירות אדו,נטורה נובה,,מחית סמוזי פירות אדומים 100גר נטורה נובה,גרמים,100.00,100 גרם,false,1,5.90,5.9000,true,1,15213
8026530000176,false,יין אדום טורציקודה ט,איטליה אנטינורי,,יין אדום טורציקודה טורמרסקה 750מל פקדון,מיליליטרים,750.00,"100 מ""ל",false,1,80.00,10.6667,true,1,7629
8026705101103,false,יין אמאנו אדום 750 מ,amano,,יין אמאנו אדום 750 מל,מיליליטרים,750.00,"100 מ""ל",false,1,60.00,8.0000,true,1,14946
8026705201018,false,יין אמאנו לבן 750 מל,amano,,יין אמאנו לבן 750 מל,מיליליטרים,750.00,"100 מ""ל",false,1,60.00,8.0000,true,1,14945
8026705971119,false,יין א מאנו רוזה 750,א-מאנו,IT,יין א מאנו רוזה 750 מל,מיליליטרים,750.00,"100 מ""ל",false,6,60.00,8.0000,true,1,19876
8026879004019,false,יין לאנגה ברברה לואי,איטליה פודרי לואיג'י,,יין ברברה פיימונטה לואיגי 750 מל פקדון,מיליליטרים,750.00,"100 מ""ל",false,1,110.00,14.6667,true,1,8259
8026996116503,false,סט 6 סכיני מטבח פלנר,,,סט 6 סכיני מטבח פלנרו,יחידה,6.00,יחידה,false,1,18.90,3.1500,true,1,9328
8027403005915,false,קרקר עם רוזמרין סולו,סולו קוסה בואנה,IT,קרקר עם רוזמרין סולו קאסה 200 גרם,גרמים,200.00,100 גרם,false,1,19.90,9.9500,true,1,20493
8027403005939,false,קרקר בטעם עגבניות סו,סולו קוסה בואנה,IT,קרקר בטעם עגבניות סולו קאסה 200 גרם,גרמים,200.00,100 גרם,false,1,19.90,9.9500,true,1,20495
8027403009449,false,גריסיני קלאסי סולו ק,סולו קוסה בואנה,IT,גריסיני קלאסי סולו קסה 200 גרם,גרמים,200.00,100 גרם,false,1,19.90,9.9500,true,1,20498
8027403009517,false,גריסיני עם שמן זית ס,סולו קוסה בואנה,IT,גריסיני עם שמן זית סולו קסה 200 גרם,גרמים,200.00,100 גרם,false,1,19.90,9.9500,true,1,20497
8028144001013,false,יין ברולו ריזרבה וינ,איטליה רוקה די מאנזו,,יין ברולו ריזרבה ויניה קאפלה סטפאנו 750מ,מיליליטרים,750.00,"100 מ""ל",false,1,510.00,68.0000,true,1,9105
8028695004013,false,ארטישוק אלה רומנה בש,ITALCARCIOFI,,ארטישוק אלה רומנה בשמן 510 גרם,גרמים,510.00,100 גרם,false,1,34.90,6.8431,true,1,12994
8028695041919,false,זיתים ירוקים שלמים כ,ITALCARCIOFI,,זיתים ירוקים שלמים כבושים 530 גרם,גרמים,530.00,100 גרם,false,1,19.90,3.7547,true,1,12997
8028695057385,false,צלפים שלמים בחומץ 66,ITALCARCIOFI,,צלפים שלמים בחומץ 660 גרם,גרמים,660.00,100 גרם,false,1,31.90,4.8333,true,1,21378
8028695200231,false,ארטישוק רבעים בשמן ח,ITALCARCIOFI,,ארטישוק רבעים בשמן חמניות 510 גרם,גרמים,510.00,100 גרם,false,1,24.90,4.8824,true,1,12995
8032523530452,false,ממרח פיסטוק פיסטי אי,פיסטי,IT,ממרח פיסטוק פיסטי איטלקי 200 גרם,גרמים,200.00,100 גרם,false,10,35.90,17.9500,true,1,42836
8032685196770,false,עגבניות מקולפות אורג,סולניה,,עגבניות מקולפות אורגניות 400 גר,גרמים,400.00,100 גרם,false,1,6.90,1.7250,true,1,15214
8032685196787,false,עגבניות חתוכות אורגנ,סולניה,,עגבניות חתוכות אורגניות 400 גר,גרמים,400.00,100 גרם,false,1,6.90,1.7250,true,1,15215
8032685196800,false,עגבניות מרוסקות אורג,סולניה,,עגבניות מרוסקות אורגניות 700גר,גרמים,700.00,100 גרם,false,1,10.00,1.4286,true,1,15216
8032738680003,false,יין ויואלדי אמרונה 7,,,יין ויואלדי אמרונה 750 מל,מיליליטרים,750.00,"100 מ""ל",false,6,129.00,17.2000,true,1,30067
8032738680010,false,יין ויואלדי ריפאסו 7,,,יין ויואלדי ריפאסו 750 מל,מיליליטרים,750.00,"100 מ""ל",false,6,65.00,8.6667,true,1,30068
8032738680164,false,יין ויואלדי פינו גרי,,,יין ויואלדי פינו גריגיו 750 מל,מיליליטרים,750.00,"100 מ""ל",false,12,45.00,6.0000,true,1,30070
8032738680171,false,יין ויואלדי וולפופול,,,יין ויואלדי וולפופוליצלה  750 מל,מיליליטרים,750.00,"100 מ""ל",false,12,60.00,8.0000,true,1,30069
8032793151425,false,יין טלאמונטי טרבי טר,,,יין טלאמונטי טרבי טראביאנו 750 מל,מיליליטרים,750.00,"100 מ""ל",false,1,45.00,6.0000,true,1,17521
8032793151920,false,יין טלאמונטי טרהבוצי,,,יין טלאמונטי טרהבוציטו פקורינו 750 מל,מיליליטרים,750.00,"100 מ""ל",false,1,65.00,8.6667,true,1,18748
8032793152422,false,יין טלאמונטי אטרנום,טלאמונטי,IT,יין טלאמונטי אטרנום 750 מל,מיליליטרים,750.00,"100 מ""ל",false,6,65.00,8.6667,true,1,19878
8032793153320,false,יין טלאמונטי מודה מו,,,יין טלאמונטי מודה מונפולציטנו 750 מל,מיליליטרים,750.00,"100 מ""ל",false,1,45.00,6.0000,true,1,17522
8032793154327,false,יין טלאמונטי דה סאגי,,,יין טלאמונטי דה סאגי מונטפולציאנו 750 מל,מיליליטרים,750.00,"100 מ""ל",false,1,65.00,8.6667,true,1,18749
8032804430440,false,פליסיה ספגטי כוסמת א,פיליסיה,IT,פליסיה ספגטי כוסמת אורגני קופסא 400 גר,גרמים,400.00,100 גרם,false,12,17.90,4.4750,true,1,21151
8032804430501,false,פסטה100% אפונה ירוקה,מולינו אנדריאני,,פסטה100% אפונה ירוקה אורגנית250גרם,גרמים,250.00,100 גרם,false,1,14.90,5.9600,true,1,13268
8032804430761,false,פליסיה לזניה עדשים צ,פיליסיה,IT,פליסיה לזניה עדשים צהובות אורגני 250 גר,גרמים,250.00,100 גרם,false,12,19.90,7.9600,true,1,21153
8032804430785,false,פליסיה ספגטי עדשים צ,פיליסיה,IT,פליסיה ספגטי עדשים צהובות אורגני 250 גר,גרמים,250.00,100 גרם,false,12,13.90,5.5600,true,1,21152
8032804430815,false,פליסיה פוזילי שעועית,פיליסיה,IT,פליסיה מוזלי שעועית מש אורגני 250 גר,גרמים,250.00,100 גרם,false,12,14.90,5.9600,true,1,21148
8032804430846,false,פליסיה פוזילי חומוס,פיליסיה,IT,פליסיה פוזילי חומוס אורגני 250 גר,גרמים,250.00,100 גרם,false,12,14.90,5.9600,true,1,21154
8032804430853,false,פליסיה קופסא טליאטלה,פליסיה,,פליסיה קופסא טליאטלה אורז מלא,גרמים,250.00,100 גרם,false,1,15.90,6.3600,true,1,44543
8032804430914,false,פליסיה פנה שבולת שוע,פליסיה,IT,פליסיה פנה שבולת שועל ללא גלוטן 340 גר,גרמים,340.00,100 גרם,false,12,16.90,4.9706,true,1,22007
8032804430976,false,פליסיה ריגוןמח שנולת,פליסיה,IT,פליסיה ריגוןמח שנולת שועל ללא גלוטן 340,גרמים,340.00,100 גרם,false,12,16.90,4.9706,true,1,22008
8032804431287,false,ספגטי אורז מלא פליסי,פליסיה,,ספגטי אורז מלא פליסיה אורגני 400 גרם,גרמים,500.00,100 גרם,false,1,14.90,2.9800,true,1,13157
8032804432000,false,פסטה פנה כוסמת פליסי,פליסיה,,פסטה פנה כוסמת פליסיה 340 גרם,גרמים,340.00,100 גרם,false,1,15.90,4.6765,true,1,14605
8032804432017,false,פסטה פוזילי כוסמת פל,פליסיה,,פסטה פוזילי כוסמת פליסיה 340 גרם,גרמים,340.00,100 גרם,false,1,15.90,4.6765,true,1,14604
8032804432024,false,לזניה אורז ותירס פלי,פליסיה,,לזניה אורז ותירס פליסיה אורגני 250 גרם,גרמים,250.00,100 גרם,false,1,19.90,7.9600,true,1,13156
8032804432031,false,פסטה פנה אורז מלא פל,פליסיה,,פסטה פנה אורז מלא פליסיה אורגני 340גרם,גרמים,500.00,100 גרם,false,1,12.90,2.5800,true,1,13158
8032804435636,false,פסטה פוזילי 4דגנים פ,פליסיה,,פסטה פוזילי 4דגנים פליסיה אורגני340ג,גרמים,340.00,100 גרם,false,1,12.90,3.7941,true,1,13160
8032817240319,false,רוטב עגבניות שרי 330,,,רוטב עגבניות שרי 330 גר אגרומונטה,גרמים,330.00,100 גרם,false,1,13.90,4.2121,true,1,7424
8032817246045,false,רוטב עגבניות שרי בזי,AGROMONTE,,רוטב עגבניות שרי בזיליקום330 אגרומונטה,גרמים,330.00,100 גרם,false,1,13.90,4.2121,true,1,13416
8032825760137,false,יין אמרונה מונטה זוב,מונטה זובו,,יין אמרונה דלה ולפוליצלה 750 מל,מיליליטרים,750.00,"100 מ""ל",false,1,185.00,24.6667,true,1,15845
8032853729519,false,יין אדום מונטפולציאנ,איטליה אומני רונקי,,יין אדום מונטפולציאנו דאברוצו 750מל פקדו,מיליליטרים,750.00,"100 מ""ל",false,1,45.00,6.0000,true,1,7635
8032880800243,false,פיקניק הפתעה 50 גר,,,פיקניק הפתעה 50 גר,Unknown,0.00,Unknown,false,1,6.90,0.0000,true,1,5080
8032942610278,false,קוסקוס חיטה אורגני מ,סיפה אינטרנשיונל אס,IT,קוסקוס חיטה אורגני מרטינו 400גר,גרמים,400.00,100 גרם,false,12,13.90,3.4750,true,1,32304
8032942611602,false,קוסקוס עדשים אדומות,סיפה אינטרנשיונל אס,IT,קוסקוס עדשים אדומות אורגני מרטינו 400גר,גרמים,400.00,100 גרם,false,12,13.90,3.4750,true,1,32305
8032942611657,false,קוסקוס תרד אורגני מר,סיפה אינטרנשיונל אס,IT,קוסקוס תרד אורגני מרטינו 400גר,גרמים,400.00,100 גרם,false,12,13.90,3.4750,true,1,32306
8032993003371,false,לזניה ביצים 250 גר פ,,,לזניה ביצים 250 גר פילוטה,גרמים,250.00,100 גרם,false,1,22.90,9.1600,true,1,23353
8032993003388,false,פסטה ביצים פטוציני 2,,,פסטה ביצים פטוציני 250 גר פילוטה,גרמים,250.00,100 גרם,false,1,20.90,8.3600,true,1,23935
8032993003395,false,פסטה לינגוויני ביצים,,,פסטה לינגוויני ביצים 250 גר פילוטה,גרמים,250.00,100 גרם,false,1,20.90,8.3600,true,1,24487
8032993003401,false,פסטה ביצים פפרדלה 25,,,פסטה ביצים פפרדלה 250 גר פילוטה,גרמים,250.00,100 גרם,false,1,20.90,8.3600,true,1,23890
8033020445973,false,קמח פיווטי רב תכליתי,,,קמח איטלקי 00 רב תכליתי 1 קג פיווטי,קילוגרמים,1.00,"ק""ג",false,1,8.90,8.9000,true,1,20475
8033020445980,false,קמח לפסטה טריה איטלק,,,קמח לפסטה טריה איטלקי 1 קג פיווטי,קילוגרמים,1.00,"ק""ג",false,1,14.90,14.9000,true,1,21097
8033020445997,false,קמח פיווטי ללחם איטל,,,קמח פיווטי ללחם איטלקי 1 קג,קילוגרמים,1.00,"ק""ג",false,1,12.90,12.9000,true,1,20476
8033020446000,false,קמח פיווטי לפיצה ופו,,,קמח פיווטי לפיצה ופוקצה איטלקי 1 קג,קילוגרמים,1.00,"ק""ג",false,1,10.90,10.9000,true,1,20565
8033049450125,false,יין סולוסולה ורמנטינ,איטליה אלגריני (Cort,,יין סולוסולה ורמנטינו 750 מל פקדון,מיליליטרים,750.00,"100 מ""ל",false,1,85.00,11.3333,true,1,8178
8033378340043,false,חומץ בלסמי 3 שנים לי,,,חומץ בלסמי 3 שנים ליאונרדו 250 מל,מיליליטרים,250.00,"100 מ""ל",false,1,46.90,18.7600,true,1,8815
8033378349985,false,חומץ בלסמי לבן 250 מ,,,חומץ בלסמי לבן 250 מל ליונרדי,מיליליטרים,250.00,"100 מ""ל",false,1,36.90,14.7600,true,1,10058
8033413430067,false,ליקר וילה מאסה מנדרי,וילה מסה,,ליקר וילה מאסה מנדרין 700 מל פיקדון,מיליליטרים,750.00,"100 מ""ל",false,1,95.00,12.6667,true,1,6529
8033413430708,false,ליקר לימונצלו וילה מ,וילה מסה,,ליקר לימונצלו וילה מסה כשר 700 מל,מיליליטרים,700.00,"100 מ""ל",false,1,120.00,17.1429,true,1,10400
8034097876325,false,עוגת פנדורו קלאסית 7,,,עוגת פנדורו קלאסית 700 גרם מוטה,גרמים,700.00,100 גרם,false,1,54.90,7.8429,true,1,44751
8034097876424,false,עוגת פנתוני קלאסית 7,,,עוגת פנתוני קלאסית 700 גרם מוטה,גרמים,700.00,100 גרם,false,1,54.90,7.8429,true,1,44752
8034141060212,false,ליקר אבסנט קסנטה 700,,,ליקר אבסנט קסנטה 700 מל,מיליליטרים,700.00,"100 מ""ל",false,6,169.00,24.1429,true,1,27388
8051369000196,false,מאגדת אוראו בציפוי ש,,,מאגדת אוראו בציפוי שוקולד קדבורי 4יח,יחידה,4.00,יחידה,false,1,39.90,9.9750,true,1,31246
8052440756414,false,שמן פשתן אורגני 250,נטורפוד,IT,שמן פשתן אורגני 250 מל,מיליליטרים,250.00,"100 מ""ל",false,6,18.90,7.5600,true,1,22006
8053259247261,false,חומץ בלסמי עם תות מצ,i Solai,,חומץ בלסמי עם תאנים 180 מל אי סולאי,מיליליטרים,180.00,"100 מ""ל",false,1,11.90,6.6111,true,1,12068
8053259247278,false,חומץ בלסמי קלאסי 180,i Solai,,חומץ בלסמי קלאסי 180 מל אי סולאי,מיליליטרים,180.00,"100 מ""ל",false,1,11.90,6.6111,true,1,12072
8053259247285,false,חומץ בלסמי עם מנגו 1,i Solai,,חומץ בלסמי עם מנגו 180 מל אי סולאי,מיליליטרים,180.00,"100 מ""ל",false,1,11.90,6.6111,true,1,12070
8053259247292,false,חומץ בלסמי עם תות מצ,i Solai,,חומץ בלסמי עם תות 180 מל אי סולאי,מיליליטרים,180.00,"100 מ""ל",false,1,11.90,6.6111,true,1,12069
8053259247308,false,חומץ בלסמי למברוסקו,i Solai,,חומץ בלסמי למברוסקו 180 מל אי סולאי,מיליליטרים,180.00,"100 מ""ל",false,1,13.90,7.7222,true,1,12071
8053676820535,false,חומץ בלסמי לבן תיבול,,,חומץ בלסמי לבן תיבול שלוט250 מל ליונרדי,מיליליטרים,250.00,"100 מ""ל",false,1,49.90,19.9600,true,1,10057
8053676820542,false,חומץ בלסמי לבן תיבול,,,חומץ בלסמי לבן תיבול וניל 250 מל ליונרדי,מיליליטרים,250.00,"100 מ""ל",false,1,49.90,19.9600,true,1,10056
8055002120159,false,מחית קפריאני פטריות,,IT,מחית קפריאני פטריות כמהין לבנה 80 גרם,Unknown,0.00,Unknown,false,12,32.90,0.0000,true,1,44386
8055002120203,false,חמאת קפריאני פטריות,,IT,חמאת קפריאני פטריות כמהין לבנה 80 גרם,Unknown,0.00,Unknown,false,12,32.90,0.0000,true,1,44387
8076800195019,false,ספגטי ברילה מס 1 קפל,BARILLA,IT,פסטה ברילה ספגטי מס 1 קפליניי 500 גרם,גרמים,500.00,100 גרם,false,1,6.90,1.3800,true,1,3463
8076800195033,false,ספגטיני ברילה מס 3,BARILLA,IT,פסטה ברילה 3 ספגטיני 500 גרם,גרמים,500.00,100 גרם,false,1,6.90,1.3800,true,1,1582
8076800195057,false,ספגטי ברילה מס 5,BARILLA,IT,פסטה ברילה 5 ספגטיני 500 גרם,גרמים,500.00,100 גרם,false,1,6.90,1.3800,true,1,1583
8076800195132,false,פסטה ברילה 13 בבטה 5,BARILLA,IT,פסטה ברילה 13 בבטה 500 גרם,גרמים,500.00,100 גרם,false,1,6.90,1.3800,true,1,1584
8076800315097,false,פסטה ברילה 9 בוקטיני,BARILLA,IT,פסטה ברילה 9 בוקטיני 500 גרם,גרמים,500.00,100 גרם,false,1,6.90,1.3800,true,1,1585
8076802085738,false,פסטה ברילה פנה רגטה,BARILLA,IT,פסטה ברילה 73 פנה רגטה 500 גרם,גרמים,500.00,100 גרם,false,1,6.90,1.3800,true,1,1587
8076802085837,false,פסטה ברילה טורטליוני,BARILLA,IT,פסטה ברילה 83 טורטליני 500 גרם,גרמים,500.00,100 גרם,false,1,6.90,1.3800,true,1,1588
8076802085936,false,פסטה ברילה קנצילה רי,BARILLA,IT,פסטה ברילה 93 קונצילה ריגטי 500 גרם,גרמים,500.00,100 גרם,false,1,6.90,1.3800,true,1,1589
8076802085981,false,פסטה ברילה פוזילי500,BARILLA,IT,פסטה ברילה 98 פוזילי 500 גרם,גרמים,500.00,100 גרם,false,1,6.90,1.3800,true,1,1590
8076808050440,false,פסטה ברילה מקרוני500,BARILLA,IT,פסטה ברילה 44 מקרוני 500 גרם,גרמים,500.00,100 גרם,false,1,6.90,1.3800,true,1,1591
8076808060654,false,פסטה ברילה פרפלה 500,BARILLA,IT,פסטה ברילה 65 פרפלה 500 גרם,גרמים,500.00,100 גרם,false,1,6.90,1.3800,true,1,1592
8076808070882,false,ברילה 88 קנלוני 250,BARILLA,,ברילה 88 קנלוני 250 גרם,גרמים,250.00,100 גרם,false,1,13.90,5.5600,true,1,1811
8076808150072,false,ספגטי ברילה מס 7,BARILLA,IT,פסטה  ברילה 7 ספגטי 500 גר,גרמים,500.00,100 גרם,false,1,6.90,1.3800,true,1,1593
8076809501415,false,ברילה 78 פנה טריקולו,BARILLA,,ברילה 78 פנה טריקולור 500 גרם,גרמים,500.00,100 גרם,false,1,13.90,2.7800,true,1,2651
8076809506229,false,עוגיות מולינו ביאנקו,BARILLA,IT,עוגיות מולינו ביאנקו ריגולי עם דבש400 גר,גרמים,400.00,100 גרם,false,12,17.90,4.4750,true,1,31114
8076809512268,false,פסטה ברילה  גירנדולה,BARILLA,IT,פסטה ברילה 34 גירנדולה 500 גרם,גרמים,500.00,100 גרם,false,1,6.90,1.3800,true,1,2150
8076809513340,false,ממרח פסטו ברילה שום,פסטו קונסרב,,ממרח פסטו ברילה שום 190 גרם,גרמים,190.00,100 גרם,false,1,16.90,8.8947,true,1,8267
8076809513388,false,רוטב ברילה ארביאטה 4,BARILLA,IT,רוטב ברילה ארביאטה 400 גרם,גרמים,400.00,100 גרם,false,1,13.90,3.4750,true,1,1594
8076809513395,false,רוטב ברילה פומודורו,BARILLA,IT,רוטב ברילה פומודורו 400 גרם,גרמים,400.00,100 גרם,false,1,13.90,3.4750,true,1,1595
8076809513654,false,רוטב ברילה בולונז400,BARILLA,IT,רוטב ברילה עגבניות לבולונז 400 גרם,גרמים,400.00,100 גרם,false,1,13.90,3.4750,true,1,3462
8076809513692,false,רוטב ברילה נפוליטנה,BARILLA,IT,רוטב ברילה נפוליטנה 400 גרם,גרמים,400.00,100 גרם,false,1,13.90,3.4750,true,1,1596
8076809513739,false,רוטב ברילה בזיליקום,BARILLA,IT,רוטב ברילה בזיליקום 400 גרם,גרמים,400.00,100 גרם,false,1,13.90,3.4750,true,1,4149
8076809513753,false,ממרח פסטו ברילה בזיל,פסטו קונסרב,,ממרח פסטו ברילה בזיליקום 190 גרם,גרמים,190.00,100 גרם,false,1,16.90,8.8947,true,1,44286
8076809514774,false,ברילה פפרדלה 250 גרם,BARILLA,,ברילה פפרדלה 250 גרם,גרמים,250.00,100 גרם,false,1,18.90,7.5600,true,1,1812
8076809514859,false,עוגיות קרוסטיני במיל,BARILLA,IT,עוגיות קרוסטיני במילוי משמש 240 גרם,גרמים,240.00,100 גרם,false,12,14.90,6.2083,true,1,42092
8076809515115,true,טורטליני ברילה ריקוט,,IT,טורטליני ברילה ריקוטה ותרד 250 גרם,גרמים,250.00,100 גרם,false,12,22.90,9.1600,true,1,40618
8076809515399,false,פסטה ברילה אמיליאנה,BARILLA,IT,פסטה ברילה אמיליאנה טליאטלה 500 גרם,גרמים,500.00,100 גרם,false,12,14.90,2.9800,true,1,24391
8076809519977,false,פסטה ברילה אורקייטה,BARILLA,IT,פסטה ברילה אורקייטה 500 ג,גרמים,500.00,100 גרם,false,12,13.90,2.7800,true,1,41317
8076809523547,false,ממרח פסטו ברילה עגבנ,,IT,ממרח פסטו ברילה עגבניות ובלסמי200גרם,גרמים,200.00,100 גרם,false,12,16.90,8.4500,true,1,40450
8076809523561,false,רוטב ברילה לפיצה 400,BARILLA,IT,רוטב ברילה לפיצה 400 גרם,גרמים,400.00,100 גרם,false,1,13.90,3.4750,true,1,5890
8076809523707,false,פסטה ברילה קסטלנה500,BARILLA,IT,פסטה ברילה קסטלנה500 ג,גרמים,500.00,100 גרם,false,12,13.90,2.7800,true,1,30948
8076809523714,false,פסטה ברילה טליאטלה 5,BARILLA,,פסטה ברילה טליאטלה 500 גרם,גרמים,500.00,100 גרם,false,1,25.90,5.1800,true,1,3566
8076809523738,false,לזניה ברילה 500 גר,BARILLA,,לזניה ברילה 500 גר,גרמים,500.00,100 גרם,false,1,24.90,4.9800,true,1,2953
8076809523769,false,טליאטלה ברילה פלייה,BARILLA,IT,טליאטלה ברילה פלייה פיינו 500 גרם,גרמים,500.00,100 גרם,false,12,13.90,2.7800,true,1,30947
8076809528320,false,לחם לטוסט מולינו ביא,,,לחם לטוסט מולינו ביאנקו 285גר,גרמים,285.00,100 גרם,false,1,7.90,2.7719,true,1,40195
8076809529419,false,ספגטי ברילה מחיטה מל,BARILLA,,ספגטי ברילה מחיטה מלאה 500 ג,גרמים,500.00,100 גרם,false,1,13.90,2.7800,true,1,4203
8076809529433,false,פסטה ברילה פנה רגטה,BARILLA,,פסטה ברילה פנה רגטה חיטה מלאה 500 ג,גרמים,500.00,100 גרם,false,1,13.90,2.7800,true,1,4204
8076809531825,false,עוגיות מולינו ביאנקו,BARILLA,IT,עוגיות מולינו ביאנקו קורדימלה תפוחי350גר,גרמים,350.00,100 גרם,false,12,17.90,5.1143,true,1,32031
8076809545396,false,ממרח פסטו ברילה עלי,פסטו קונסרב,,ממרח פסטו ברילה עלי רוקט 190 גרם,גרמים,190.00,100 גרם,false,12,16.90,8.8947,true,1,18226
8076809545440,false,ספגטי ברילה ללא גלוט,BARILLA,,ספגטי ברילה ללא גלוטן 400 גרם,גרמים,400.00,100 גרם,false,1,15.90,3.9750,true,1,11916
8076809545457,false,פסטה ברילה פנה ל.גלו,BARILLA,,פסטה ברילה פנה ל.גלוטן 400 גרם,גרמים,400.00,100 גרם,false,1,15.90,3.9750,true,1,11917
8076809545464,false,פסטה ברילה פוזילי לל,BARILLA,,פסטה ברילה פוזילי ללא גלוטן 400 גרם,גרמים,400.00,100 גרם,false,1,15.90,3.9750,true,1,11918
8076809547956,false,פסטה ברילה קיפרי 500,,IT,פסטה ברילה קיפרי 500 גרם,גרמים,500.00,100 גרם,false,1,6.90,1.3800,true,1,24313
8076809570282,false,פוקאצה עם רוזמרין 19,,,פוקאצה עם רוזמרין 198גר מולינו ביאנקו,גרמים,198.00,100 גרם,false,1,17.90,9.0404,true,1,40198
8076809570886,false,רוטב ברילה סלסה קלאס,,IT,רוטב ברילה סלסה קלאסי 300 גרם,גרמים,300.00,100 גרם,false,6,12.90,4.3000,true,1,42300
8076809570893,false,רוטב ברילה סלסה תמר,,IT,רוטב ברילה סלסה תמר ובזיליקום 300 גרם,גרמים,300.00,100 גרם,false,6,12.90,4.3000,true,1,42301
8076809572828,false,עוגיות מולינו ביאנקו,BARILLA,IT,עוגיות מולינו ביאנקו טרלוצי 350 גר,גרמים,350.00,100 גרם,false,12,17.90,5.1143,true,1,31113
8076809572873,false,עוגיות מולינו ביאנקו,BARILLA,IT,עוגיות מולינו ביאנקו חמאה מסוכרות350גר,גרמים,350.00,100 גרם,false,12,17.90,5.1143,true,1,31111
8076809572897,false,עוגיות מולינו ביאנקו,BARILLA,IT,עוגיות מולינו ביאנקו מאשין350גר,גרמים,350.00,100 גרם,false,12,17.90,5.1143,true,1,31112
8076809573252,false,עוגיות מולינו ביאנקו,BARILLA,IT,עוגיות מולינו ביאנקו קרם אגוזים 260 גרם,גרמים,260.00,100 גרם,false,12,17.90,6.8846,true,1,31303
8076809575119,false,רוטב ברילה סלסה עגבנ,,IT,רוטב ברילה סלסה עגבניות תמר 300 גרם,גרמים,300.00,100 גרם,false,6,12.90,4.3000,true,1,42302
8076809578998,false,פסטה ברילה סטלינה500,,IT,פסטה ברילה סטלינה500 גרם,גרמים,500.00,100 גרם,false,1,6.90,1.3800,true,1,31523
8076809579568,false,עוגיות מולינו ביאנקו,BARILLA,IT,עוגיות מולינו ביאנקו אברצי  350 גרם,גרמים,350.00,100 גרם,false,12,17.90,5.1143,true,1,42089
8076809580496,false,פסטה ברילה פפירי 450,BARILLA,,פסטה ברילה פפירי 450 גרם,גרמים,450.00,100 גרם,false,1,14.90,3.3111,true,1,38182
8076809580618,false,עוגיות מולינו ביאנקו,BARILLA,IT,עוגיות מולינו ביאנקו נסקונדיני 300 גרם,גרמים,300.00,100 גרם,false,12,17.90,5.9667,true,1,42090
8076809580687,false,ממרח פסטו ברילה ריקו,,IT,ממרח פסטו ברילה ריקוטה אגוזי מלך 190 גרם,גרמים,190.00,100 גרם,false,12,16.90,8.8947,true,1,41801
8076809580717,false,ממרח פסטו ברילה בזיל,,IT,ממרח פסטו ברילה בזיליקום רוקולה 190 גרם,גרמים,190.00,100 גרם,false,12,16.90,8.8947,true,1,41802
8076809580724,false,ממרח פסטו ברילה ללא,פסטו קונסרב,,ממרח פסטו ברילה ללא שום190 גרם,גרמים,190.00,100 גרם,false,1,16.90,8.8947,true,1,44296
8076809580762,false,ממרח פסטו ברילה בזיל,,IT,ממרח פסטו ברילה בזיליקום פרמזן 190 גרם,גרמים,190.00,100 גרם,false,12,16.90,8.8947,true,1,41803
8109790012568,true,אבקת משקה לימונים טר,,US,אבקת משקה לימונים טרו טו גו 32יח,יחידה,32.00,יחידה,false,1,24.90,0.7781,true,1,28687
8109790016146,true,אבקת משקה אשכוליות ט,,US,אבקת משקה אשכוליות טרו טו גו 32יח,יחידה,32.00,יחידה,false,1,24.90,0.7781,true,1,28686
8109790052540,true,אבקת משקה תפוזים טרו,,US,אבקת משקה תפוזים טרו טו גו 32יח,יחידה,32.00,יחידה,false,1,24.90,0.7781,true,1,28688
8119620112382,false,מעדן שזיפים דודה ברט,,IL,מעדן שזיפים דודה ברטה 284 גרם,גרמים,284.00,100 גרם,false,6,15.90,5.5986,true,1,42306
8121300206946,false,טרוביה סטיביה ממתיק,הרתסייד פוד,US,טרוביה סטיביה ממתיק 80 שקיקים,יחידה,80.00,יחידה,false,12,14.90,0.1863,true,1,23012
8121300207004,false,טרוביה סטיביה ממתיק,קספרס פאקאגעהג,US,טרוביה סטיביה צצץיק בצנצנת 270 גרם,יחידה,270.00,יחידה,false,12,24.90,0.0922,true,1,23013
8121300207172,false,טרוביה סטיביה תערובת,קספרס פאקאגעהג,US,טרוביה סטיביה תערובת סוכר קנים 500 גר,יחידה,500.00,יחידה,false,12,24.90,0.0498,true,1,23014
8121300208780,false,טרוביה תחליף סוכר 36,,US,טרוביה תחליף סוכר 360 גר,גרמים,360.00,100 גרם,false,6,34.90,9.6944,true,1,44866
8121300209466,false,טרוביה תחליף סוכר חו,,US,טרוביה תחליף סוכר חום 320 גר,גרמים,320.00,100 גרם,false,6,34.90,10.9062,true,1,44867
8358110076302,false,כוסות לחיים 40 יח,,,כוסות לחיים 40 יח,יחידה,40.00,יחידה,false,1,9.90,0.2475,true,1,7303
8410000810004,false,עוגיות אוראו קרם וני,,,עוגיות אוראו קרם וניל 176 גרם,גרמים,176.00,100 גרם,false,1,7.90,4.4886,true,1,38164
8410001109978,false,זוג ספוגי קרצוף ללכל,3m,TR,זוג ספוגי קרצוף ללכלוך קשה,יחידה,2.00,יחידה,false,24,11.90,5.9500,true,1,28399
8410001129716,false,ספוג קרצוף לניקוי מש,3m,ES,ספוג קרצוף לניקוי משטחים עדינים סקוטש בר,יחידה,1.00,יחידה,false,36,16.90,16.9000,true,1,22566
8410001134833,false,זוג ספוגי ניקוי ללא,3m,US,זוג ספוגי ניקוי ללא שריטות שמזון אינו נל,יחידה,2.00,יחידה,false,14,14.90,7.4500,true,1,32718
8410001134864,false,זוג ספוגי ניקוי קשה,3m,US,זוג ספוגי ניקוי קשה שמזון אינו נלכד בתוכ,יחידה,2.00,יחידה,false,14,14.90,7.4500,true,1,32717
8410001134888,false,זוג ספוגים עם ידית א,3m,US,זוג ספוגים עם ידית אחיזה לניקוי קשה,יחידה,2.00,יחידה,false,14,14.90,7.4500,true,1,32720
8410001134918,false,זוג ספוגים עם ידית א,3m,US,זוג ספוגים עם ידית אחיזה ללא שריטות,יחידה,2.00,יחידה,false,14,14.90,7.4500,true,1,32719
8410001135304,false,כרית ניקוי לכיריים,3m,US,כרית ניקוי לכיריים  מזכוכית סקוטש ברייט,יחידה,1.00,יחידה,false,12,18.90,18.9000,true,1,32716
8410024700015,false,ליקר מאליבו 700 מל פ,,,ליקר מאליבו 700 מל פיקדון,מיליליטרים,700.00,"100 מ""ל",false,1,79.00,11.2857,true,1,17902
8410028030903,false,יין שרי קסטה קרים 75,ספרד ויליאם אנד אומב,,יין שרי קסטה קרים 750 מל פקדון,מיליליטרים,750.00,"100 מ""ל",false,1,60.00,8.0000,true,1,7730
8410028071906,false,יין שרי דריי סאק פינ,ספרד ויליאם אנד אומב,,יין שרי דריי סאק פינו 750 מל פקדון,מיליליטרים,750.00,"100 מ""ל",false,1,60.00,8.0000,true,1,7731
8410028228706,false,ברנדי מרקז דה מיסה 7,ספרד ויליאם אנד אומב,,ברנדי מרקז דה מיסה 700 מל פקדון,מיליליטרים,700.00,"100 מ""ל",false,1,79.90,11.4143,true,1,4717
8410031132519,false,לקקן צופה צופס 10 יח,,ES,לקקן צופה צופס 10 יח 120 גרם,גרמים,120.00,100 גרם,false,12,12.90,10.7500,true,1,33005
8410031934892,false,מארז 4 יח לקקן צופה,פרפטי ואן מלה,CN,מארז 4 יח לקקן צופה צופה מלודי,יחידה,4.00,יחידה,false,12,10.90,2.7250,true,1,31764
8410031966275,false,סוכריות צופה צופס חמ,,,סוכריות צופה צופס חמוץ מאוד 95 גרם,Unknown,0.00,Unknown,false,12,9.90,0.0000,true,1,41155
8410076600622,false,ח.דגנים נטשר ואלי קר,,,ח.דגנים נטשר ואלי קראנצי שוקולד6יח210גר,גרמים,210.00,100 גרם,false,1,14.90,7.0952,true,1,9125
8410076600790,false,חטיפי דגנים נייטשר ד,ג'נרל מילס,ES,חטיפי דגנים נייטשר דבש ש.שועל5י210 גרם,גרמים,210.00,100 גרם,false,5,13.90,6.6190,true,1,27396
8410076600806,false,חטיפי דגנים נייטשר ו,ג'נרל מילס,ES,חטיפי דגנים נייטשר ואלי מייפל 5  210 גרם,גרמים,210.00,100 גרם,false,5,13.90,6.6190,true,1,27393
8410076610379,false,חטיף פרוטאין נייטשר,,,חטיף פרוטאין נייטשר ואלי בוטן שוקולד4 יח,גרמים,160.00,100 גרם,false,1,22.90,14.3125,true,1,13094
8410076610386,false,חטיף פרוטאין נייטשר,,,חטיף פרוטאין נייטשר ואלי בוטן קרמל4 יח,גרמים,160.00,100 גרם,false,1,22.90,14.3125,true,1,13095
8410076610492,false,חטיף דגנים צואי5יח ס,,,חטיף דגנים צואי5יח סוויט בוטן מצופה150גר,גרמים,150.00,100 גרם,false,1,14.90,9.9333,true,1,13844
8410076610508,false,חטיף דגנים צואי5יח ס,,,חטיף דגנים צואי5יח סוויט שוק.מריר150גר,גרמים,150.00,100 גרם,false,1,14.90,9.9333,true,1,13843
8410076620507,false,חטיף נייטשר ואלי ממו,ג'נראל מילס,,חטיף נייטשר ואלי ממולא קרם לוז 4 יח,גרמים,152.00,100 גרם,false,1,14.90,9.8026,true,1,18438
8410076621009,false,חטיף דגנים פייבר 1 ק,,,חטיף דגנים פייבר 1 קרמל מלוח 5 יח,יחידה,5.00,יחידה,false,1,14.90,2.9800,true,1,28955
8410076621047,false,חטיף דגנים פייבר 1 ש,,,חטיף דגנים פייבר 1 שוקולד 5 יח,יחידה,5.00,יחידה,false,1,14.90,2.9800,true,1,28954
8410104039134,false,נוזל מנקה ומחדש פיני,RB פולין,,נוזל מנקה ומחדש פיניש למדיח 250 מל,מיליליטרים,250.00,"100 מ""ל",false,1,14.90,5.9600,true,1,1598
8410104044916,false,אבקה למדיח פיניש רגי,RB הונגריה,,אבקה למדיח פיניש רגיל 2.7 קג,קילוגרמים,2.70,"ק""ג",false,1,44.90,16.6296,true,1,1599
8410104045111,false,מלח למדיח פיניש 2 קג,חברת המלח,,מלח למדיח פיניש 2 קג,קילוגרמים,2.00,"ק""ג",false,6,14.90,7.4500,true,1,1600
8410104425906,false,שעווה חמה ויט 250 גר,רקיט בנקיזר צרפת,,שעווה חמה ויט 250 גר עם שמנים,גרמים,250.00,100 גרם,false,1,24.90,9.9600,true,1,1601
8410104437268,false,פיניש סטופ לריח,RB הונגריה,,פיניש סטופ לריח,Unknown,0.00,Unknown,false,1,16.90,0.0000,true,1,1874
8410104511340,false,רצועות שעווה ויט לעו,רקיט בנקיזר צרפת,,רצועות שעווה ויט לעור רגיל/יבש,Unknown,0.00,Unknown,false,1,21.90,0.0000,true,1,4056
8410113001122,false,יין וינייה אזמרלדה ט,טורס,ES,יין וינייה אסמרלדה טורז 750 מל פיקדון,מיליליטרים,750.00,"100 מ""ל",false,6,60.00,8.0000,true,1,6273
8410113001443,false,יין סנגרה דה טורו לב,,,יין סנגרה דה טורו לבן טורס 750 מל,מיליליטרים,750.00,"100 מ""ל",false,6,45.00,6.0000,true,1,37448
8410113002822,false,יין סנגרה דה טורו רו,,,יין סנגרה דה טורו רוזה טורס 750 מל,מיליליטרים,750.00,"100 מ""ל",false,6,45.00,6.0000,true,1,37449
8410113003089,false,יין קורונס טורס 750,טורס,ES,יין קורונס טורז 750 מל פיקדון,מיליליטרים,750.00,"100 מ""ל",false,6,60.00,8.0000,true,1,6274
8410113003119,false,יין קברנה.ס. גראן קו,טורס,ES,יין גראן קורונס טורז 750 מל פיקדון,מיליליטרים,750.00,"100 מ""ל",false,6,80.00,10.6667,true,1,6275
8410113009012,false,יין וינייה אזמרלדה ר,טורס,ES,יין וינייה אזמרלדה רוזה  טורס 750 מל,מיליליטרים,750.00,"100 מ""ל",false,6,60.00,8.0000,true,1,25126
8410128768324,false,משקה שקדים ויוה סוי,,,משקה שקדים ויוה סוי 1ליטר קרטון,ליטרים,1.00,ליטר,false,1,11.90,11.9000,true,1,24318
8410128768355,false,משקה  סויה ויוה סוי,,,משקה  סויה ויוה סוי 1ליטר קרטון,ליטרים,1.00,ליטר,false,1,10.90,10.9000,true,1,24315
8410128783587,false,משקה שיבולת שועל ויו,,,משקה שיבולת שועל ויוה סוי בריסטה 1לי,ליטרים,1.00,ליטר,false,1,11.90,11.9000,true,1,44188
8410161202250,false,גין לונדון דה לוקס פ,,,גין לונדון דה לוקס פיפטי פאונדס 700 מל,מיליליטרים,700.00,"100 מ""ל",false,1,155.00,22.1429,true,1,11801
8410161202724,false,ליקר הדרים אנגלוס 70,,,ליקר הדרים אנגלוס 700 מל,מיליליטרים,700.00,"100 מ""ל",false,1,155.00,22.1429,true,1,11798
8410161511253,false,ברנדי דה חרז סולרה ר,,,ברנדי דה חרז סולרה רזרבה 700 מל,מיליליטרים,700.00,"100 מ""ל",false,1,75.00,10.7143,true,1,11796
8410179002767,false,זיתים ירוקים ממולאים,אסייטונס גואדלקוויר,,זיתים ירוקים ממולאים מחית אנשובי 300 גרם,גרמים,300.00,100 גרם,false,12,10.90,3.6333,true,1,23121
8410179002828,false,זיתים ירוקים ממולאים,אסייטונס גואדלקוויר,,זיתים ירוקים ממולאים מחית סלמון 300 גרם,גרמים,300.00,100 גרם,false,12,10.90,3.6333,true,1,23120
8410184010108,false,אורז לה סיגלה עגול 1,בני ג'ורג' שוקחה חיפ,,אורז לה סיגלה עגול 1 קג,קילוגרמים,1.00,"ק""ג",false,1,10.00,10.0000,true,1,3489
8410302105518,false,יין קאווה קמפו וייחו,,,יין קאווה קמפו וייחו גרנד 750 מל פיקדון,מיליליטרים,750.00,"100 מ""ל",false,1,60.00,8.0000,true,1,6578
8410302106300,false,יין קמפו וייחו ריוחה,,,יין קמפו וייחו קריאנזה ריו 750 מל פיקדון,מיליליטרים,750.00,"100 מ""ל",false,1,60.00,8.0000,true,1,6582
8410302107697,false,יין קמפו וייחו ריזרב,,,יין קמפו וייחו ריזרבה ריו 750 מל פיקדון,מיליליטרים,750.00,"100 מ""ל",false,1,100.00,13.3333,true,1,6583
8410342000156,false,שוקולד מריר שקד ללס,,,שוקולד מריר שקד ללס וגלוטן 150 גר טוראס,גרמים,150.00,100 גרם,false,12,19.90,13.2667,true,1,42623
8410342003270,false,שוקולד מריר אגוז ללס,,,שוקולד מריר אגוז ללס וגלוטן 150 גר טוראס,גרמים,150.00,100 גרם,false,12,19.90,13.2667,true,1,42624
8410342003508,false,ממרח שוקולד ללס טורא,,,ממרח שוקולד ללס טוראס 200 גר,גרמים,200.00,100 גרם,false,1,19.90,9.9500,true,1,23289
8410342004789,false,שוקולד מריר 72% ללא,,,שוקולד מריר 72% ללא סוכר 100גר טוראס,גרמים,100.00,100 גרם,false,12,13.90,13.9000,true,1,27624
8410342004796,false,שוקולד מריר 85% ללא,,,שוקולד מריר 85% ללא סוכר 100גר טוראס,גרמים,100.00,100 גרם,false,1,13.90,13.9000,true,1,23282
8410342004987,false,שוקולד מריר 75% ללא,,,שוקולד מריר 72% ללא סוכר 100גר טוראס,גרמים,100.00,100 גרם,false,12,13.90,13.9000,true,1,23284
8410342005625,false,שוקולד חלב אגוז ללס,,,שוקולד חלב אגוז ללס 75 גר טוראס,Unknown,0.00,Unknown,false,1,9.90,0.0000,true,1,23287
8410342005632,false,שוקולד חלב שקד ללס 7,,,שוקולד חלב שקד ללס 75 גר טוראס,Unknown,0.00,Unknown,false,1,9.90,0.0000,true,1,23288
8410342006585,false,שוקולד מריר ששבי 72%,,,שוקולד מריר ששבי 72% ללס 75 גר טוראס,Unknown,0.00,Unknown,false,12,9.90,0.0000,true,1,27627
8410342007049,false,שוקולד מריר ששבי 85%,,,שוקולד מריר ששבי 85% ללס 75 גר טוראס,Unknown,0.00,Unknown,false,12,9.90,0.0000,true,1,27628
8410342007063,false,שוקולד מריר 955  100,,,שוקולד מריר 955  100 גר טוראס,גרמים,100.00,100 גרם,false,1,13.90,13.9000,true,1,39236
8410342007117,false,שוקולד מריר ששבי קקא,,,שוקולד מריר ששבי קקאו ללס 75 גר טוראס,גרמים,75.00,100 גרם,false,1,9.90,13.2000,true,1,39252
8410342007131,false,שוקולד מריר תפוז ללס,,,שוקולד מריר תפוז ללס 75 גר טוראס,גרמים,75.00,100 גרם,false,1,10.90,14.5333,true,1,39251
8410342007148,false,שוקולד מריר תפוז ללא,,,שוקולד מריר תפוז ללא סוכר 125 גר טוראס,גרמים,125.00,100 גרם,false,1,13.90,11.1200,true,1,39253
8410342007421,false,שוקולד חלב אגוז ללס,,,שוקולד חלב אגוז ללס וגלוטן 150 גר טוראס,גרמים,150.00,100 גרם,false,12,19.90,13.2667,true,1,42622
8410376006070,false,ביסקוויט מריה 800 גר,גולון,,ביסקוויט מריה 800 גר גולון,גרמים,800.00,100 גרם,false,1,11.90,1.4875,true,1,7700
8410376009392,false,ביסקוויט מרי ח.מלאה,GULLON,,ביסקוויט מרי ח.מלאה ללא סוכר 170 גר גול,גרמים,170.00,100 גרם,false,1,8.90,5.2353,true,1,5235
8410376009408,false,ביסקוויט דורה זהב לל,GULLON,,ביסקוויט דורה זהב ללא סוכר 330 גר גולון,גרמים,330.00,100 גרם,false,1,17.90,5.4242,true,1,5236
8410376010701,false,ביסקויט מרי ללא סוכר,GULLON,,ביסקויט מרי ללא סוכר 400 גר גולון,גרמים,400.00,100 גרם,false,1,17.90,4.4750,true,1,5238
8410376013191,false,קרקר פיק קוקטייל 350,GULLON,,קרקר פיק קוקטייל 350 גר גולון,גרמים,350.00,100 גרם,false,1,12.90,3.6857,true,1,7216
8410376014051,false,קרקר פיק מיניס 350 ג,GULLON,,קרקר פיק מיניס 350 גר גולון,גרמים,350.00,100 גרם,false,1,12.90,3.6857,true,1,17532
8410376014068,false,קרקר פיק דגים 350 גר,GULLON,,קרקר פיק דגים 350 גר גולון,גרמים,350.00,100 גרם,false,1,12.90,3.6857,true,1,17533
8410376016789,false,ביסקוויט גולון דיאגס,GULLON,,ביסקוויט גולון דיאגסטיב 400 גר,גרמים,300.00,100 גרם,false,1,12.90,4.3000,true,1,6776
8410376017113,false,ביסקוויט סנדוויץ שוק,גולון,,ביסקוויט סנדוויץ שוקו מגה 500גר גולו,גרמים,500.00,100 גרם,false,1,9.90,1.9800,true,1,7948
8410376017359,false,עוגיות גולון ללא גלו,GULLON,,עוגיות גולון ללא גלוטן 200 גר,גרמים,200.00,100 גרם,false,1,17.90,8.9500,true,1,5226
8410376023831,false,ביסקוויט מחיטה מלאה,GULLON,,ביסקוויט מחיטה מלאה ללא סוכר 400 גר גולו,גרמים,400.00,100 גרם,false,1,17.50,4.3750,true,1,5241
8410376029079,false,ביסקוויט רונדיטוס גו,GULLON,,ביסקוויט רונדיטוס גולון ללא סוכר 186 גר,גרמים,186.00,100 גרם,false,1,18.50,9.9462,true,1,7697
8410376033267,false,ביסקוויט דגנים גולון,GULLON,,ביסקוויט דגנים גולון ללא סוכר 410 גר,גרמים,410.00,100 גרם,false,1,17.90,4.3659,true,1,7696
8410376036169,false,ביסקויט מרי גולון ל.,GULLON,,ביסקויט מרי גולון ל.גלוטן ולקטוז400 גר,גרמים,380.00,100 גרם,false,1,21.90,5.7632,true,1,9602
8410376036862,false,ביסקוויט סנדויץ וניל,גולון,,ביסקוויט סנדויץ וניל מגה 500גר גולו,גרמים,500.00,100 גרם,false,1,9.90,1.9800,true,1,8290
8410376037784,false,ביסקויט סנדוויץ ללא,GULLON,ES,ביסקויט סנדוויץ ללא סוכר גולון 250 גר,גרמים,250.00,100 גרם,false,18,16.90,6.7600,true,1,18232
8410376037883,false,עוגיות שוקו ציפס גול,GULLON,,עוגיות שוקו ציפס גולון ל.גלוטן130גר,גרמים,130.00,100 גרם,false,1,11.90,9.1538,true,1,9603
8410376042481,false,ביסקוויט קרם יוגורט,GULLON,,ביסקוויט קרם יוגורט ללא סוכר220 גר גולון,גרמים,220.00,100 גרם,false,1,16.90,7.6818,true,1,12388
8410376044393,false,ביסקוויט או 2 ללא סו,GULLON,,ביסקוויט או 2 ללא סוכר 210 גר גולון,גרמים,210.00,100 גרם,false,1,20.90,9.9524,true,1,12389
8410376044409,false,ביסקוויט סנדוויץ שוק,גולון,,ביסקוויט סנדוויץ שוקו שוקו 500גר גולון,גרמים,500.00,100 גרם,false,1,9.90,1.9800,true,1,18490
8410376044959,false,ביסקויט גולון דיבוס,GULLON,,ביסקויט גולון דיבוס ל.גלוטן ולקטוז250 גר,גרמים,250.00,100 גרם,false,1,17.90,7.1600,true,1,12878
8410376045024,false,ביסקויט גולון דיאגסט,GULLON,,ביסקויט גולון דיאגסטיב ל.ג. ולקטוז 150 ג,גרמים,150.00,100 גרם,false,1,16.90,11.2667,true,1,12879
8410376047509,false,גולון ביסקוויט פתי ב,,ES,גולון ביסקוויט פתי בר ללא סוכר 400 גר,גרמים,400.00,100 גרם,false,7,17.90,4.4750,true,1,18231
8410376052633,false,עוגיות שוקו ציפס ללא,VIRGINIAS INDUSTRIAS,,עוגיות שוקו ציפס ללא סוכר 150 גר גולון,גרמים,150.00,100 גרם,false,1,16.90,11.2667,true,1,25123
8410376057270,false,ביסקוויט ללא סוכר עם,גולון,ES,ביסקוויט ללא סוכר עם ש.מריר 150גר,גרמים,150.00,100 גרם,false,12,17.90,11.9333,true,1,25233
8410376059380,false,גולון וופל וניל ללא,GULLON,ES,גולון וופל וניל ללא סוכר 180 גר,גרמים,250.00,100 גרם,false,12,16.90,6.7600,true,1,27625
8410376059397,false,גולון וופל שוקולד לל,GULLON,ES,גולון וופל שוקולד ללא סוכר 180 גר,גרמים,250.00,100 גרם,false,12,16.90,6.7600,true,1,27626
8410376061772,false,ביסקוויט דגנים שוקוצ,,,ביסקוויט דגנים שוקוציפס גולון ללג 220גר,גרמים,220.00,100 גרם,false,8,16.90,7.6818,true,1,41557
8410376061789,false,עוגיות סנדוויץ שוקול,,,עוגיות סנדוויץ שוקולד ללג גולון 225גר,גרמים,225.00,100 גרם,false,8,16.90,7.5111,true,1,41558
8410376064063,false,ביסקוויט רינג שוקו ל,,,ביסקוויט רינג שוקו גולון 150גר,גרמים,150.00,100 גרם,false,18,16.90,11.2667,true,1,41554
8410376064438,false,ביסקוויט דק שוקו חלב,,,ביסקוויט דק שוקו חלב ללס גולון 150גר,גרמים,150.00,100 גרם,false,12,16.90,11.2667,true,1,41555
8410441211002,false,יין פאוסטינו ריוחה 7,faustion,,יין פאוסטינו ריוחה 7 אדום 750 מל,מיליליטרים,750.00,"100 מ""ל",false,1,45.00,6.0000,true,1,5587
8410441231000,false,יין פאוסטינו ריוחה 7,faustion,,יין פאוסטינו ריוחה 7 לבן 750 מל,מיליליטרים,750.00,"100 מ""ל",false,1,45.00,6.0000,true,1,6639
8410441412065,false,יין פאוסטינו רזרבה ו,,,יין פאוסטינו רזרבה וי 750 מל פיקדון,מיליליטרים,750.00,"100 מ""ל",false,1,85.00,11.3333,true,1,6640
8410441512956,false,יין פאוסטינו גראן 19,,,יין פאוסטינו גראן 1998 רזרב750 מל פיקדון,מיליליטרים,750.00,"100 מ""ל",false,1,129.00,17.2000,true,1,6641
8410441612007,false,יין פאוסטינו ריוחה ק,,,יין פאוסטינו ריוחה קריאנזהאדום 750פיקדון,מיליליטרים,750.00,"100 מ""ל",false,1,60.00,8.0000,true,1,7400
8410441722058,false,יין פאוסטינו קווה בר,,,יין פאוסטינו קווה ברוט רוזה 750מל פיקדון,מיליליטרים,750.00,"100 מ""ל",false,1,65.00,8.6667,true,1,6642
8410441732101,false,יין פאוסטינו קווה בר,,,יין פאוסטינו קווה ברוט לבן מאוד750מל פיק,מיליליטרים,750.00,"100 מ""ל",false,1,60.00,8.0000,true,1,6643
8410702004329,false,יין ויניה לאנזאר לבן,ספרד פליקס סוליס,,יין ויניה לאנזאר לבן יבשבקרטון 1 ליטר,ליטרים,1.00,ליטר,false,1,24.70,24.7000,true,1,10744
8410702037532,false,יין פניאסול שרדונה 7,ספרד פליקס סוליס,,יין פניאסול שרדונה 750 מל,מיליליטרים,750.00,"100 מ""ל",false,1,35.00,4.6667,true,1,15097
8410793001764,false,מארז4יח בירה אסטריה,,,מארז4יח בירה אסטריה דאם דאורה 330מל פקד,מיליליטרים,1980.00,"100 מ""ל",false,1,24.90,1.2576,true,1,32751
8410793262936,false,בירה אסטרייה דאם דאו,,,בירה אסטרייה דאם דאורה ללא גלוטן 330מל,מיליליטרים,330.00,"100 מ""ל",false,1,11.90,3.6061,true,1,8515
8410869451202,false,יין מרקס דה ריסקל רי,,,יין מרקס דה ריסקל ריוחה קולדה750מל פיקדו,מיליליטרים,750.00,"100 מ""ל",false,1,60.00,8.0000,true,1,7042
8411211900072,false,חומץ שרי 250 מל,,,חומץ שרי 250 מל,מיליליטרים,250.00,"100 מ""ל",false,1,23.90,9.5600,true,1,7084
8411277205654,false,יין קאווה גום סרה גו,גרסיה,ES,יין קאווה גום סרה גולד 750 מל,מיליליטרים,750.00,"100 מ""ל",false,6,40.00,5.3333,true,1,19887
8411277350118,false,יין קווה גום סרה חצי,,,יין קווה גום סרה חצי יבש 750 מל פיקדון,מיליליטרים,750.00,"100 מ""ל",false,1,35.00,4.6667,true,1,7041
8411320105108,false,פילה אנשובי אורטיז ב,,,פילה אנשובי אורטיז בשמן זית 95 גר,גרמים,95.00,100 גרם,false,1,46.90,49.3684,true,1,6654
8411320234006,false,נתחי טונה אורטיז לבנ,,,נתחי טונה אורטיז לבנה בשמן זית112גר פחית,גרמים,112.00,100 גרם,false,1,19.90,17.7679,true,1,6655
8411320334027,false,נתחי טונה אורטיז צהו,,,נתחי טונה אורטיז צהוב בשמן זית112גר פחית,גרמים,112.00,100 גרם,false,1,15.90,14.1964,true,1,7272
8411320382967,false,טונה אורטיז צהובה בש,,,טונה אורטיז צהובה בשמן זית 220 גר,גרמים,220.00,100 גרם,false,1,37.90,17.2273,true,1,15122
8411320737002,false,פילה מקרל אורטיז בשמ,,,פילה מקרל אורטיז בשמן זית 250 גר צנצנת,גרמים,250.00,100 גרם,false,1,47.90,19.1600,true,1,8075
8411320801000,false,סרדינים אורטיז בשמן,,,סרדינים אורטיז בשמן זית 190 גר צנצנת,גרמים,190.00,100 גרם,false,1,29.90,15.7368,true,1,8074
8411320801055,false,סרדינים אורטיז בשמן,,,סרדינים אורטיז בשמן זית 140 גר,גרמים,140.00,100 גרם,false,1,17.90,12.7857,true,1,8073
8411423031113,false,יין אדום סרו אניון ר,ספרד בודגס אולארה,,יין אדום סרו אניון רזרבה 750 מל פקדון,מיליליטרים,750.00,"100 מ""ל",false,1,65.00,8.6667,true,1,7673
8411423041105,false,יין אדום סרו אניון ק,ספרד בודגס אולארה,,יין אדום סרו אניון קריאנזה 750 מל פקדון,מיליליטרים,750.00,"100 מ""ל",false,1,60.00,8.0000,true,1,7672
8411767040000,false,יין ריוחה רוזה 750 מ,,ES,יין ריוחה רוזה 750 מל,מיליליטרים,750.00,"100 מ""ל",false,1,60.00,8.0000,true,1,28088
8411767281250,false,יין אלטוס ריברה דל ד,,ES,יין אלטוס ריברה דל דוארו 750 מל,מיליליטרים,750.00,"100 מ""ל",false,1,60.00,8.0000,true,1,28089
8411767281281,false,יין ריאדמה ורדיחו 75,,ES,יין ריאדמה ורדיחו 750 מל,מיליליטרים,750.00,"100 מ""ל",false,1,60.00,8.0000,true,1,28086
8411767968359,false,יין ריוחה ויורה לבן,,ES,יין ריוחה ויורה לבן 750 מל,מיליליטרים,750.00,"100 מ""ל",false,1,60.00,8.0000,true,1,28087
8412168002529,false,משקה מחייה לימון 700,,,משקה מחייה לימון 700 מל,מיליליטרים,700.00,"100 מ""ל",false,1,56.90,8.1286,true,1,27036
8412168003106,false,משקה מחייה פסיפלורה,,,משקה מחייה פסיפלורה 700 מל,מיליליטרים,700.00,"100 מ""ל",false,1,56.90,8.1286,true,1,39498
8412300801072,false,קרם ניוואה רב שימושי,beiersdorf,,קרם ניוואה רב שימושי 400מל,גרמים,400.00,100 גרם,false,1,39.90,9.9750,true,1,25328
8412423121224,false,יין בודגאס בורסאו גר,בורסאו,ES,יין בודגאס בורסאו גרנש 750 מל,מיליליטרים,750.00,"100 מ""ל",false,6,45.00,6.0000,true,1,23487
8412423121255,false,יין בודגאס בורסאו שר,בורסאו,ES,יין בודגאס בורסאו שרדונה 750 מל,מיליליטרים,750.00,"100 מ""ל",false,6,45.00,6.0000,true,1,23488
8412497592630,false,קופסת אוכל מרובעת מו,,,קופסת אוכל מרובעת מותגים 1400 מל,Unknown,0.00,Unknown,false,1,27.90,0.0000,true,1,15372
8413393701010,false,יין אדום מרקיז דל גו,,,יין אדום מרקיז דל גוברה ריוחה קריאנז750מ,מיליליטרים,750.00,"100 מ""ל",false,6,60.00,8.0000,true,1,42613
8413393701027,false,יין אדום מרקיז דל גו,,,יין אדום מרקיז דל גוברה ריוחה רזרבה 750מ,מיליליטרים,750.00,"100 מ""ל",false,6,65.00,8.6667,true,1,42612
8413529821087,false,יין ויניה ארדנזה רזר,ספרד לה ריוחה אלטה,,יין ויניה ארדנזה רזרבה 750 מל פקדון,מיליליטרים,750.00,"100 מ""ל",false,1,145.00,19.3333,true,1,8151
8413529851039,false,יין ויניה אלברדי רזר,ספרד לה ריוחה אלטה,,יין ויניה אלברדי רזרבה750מל פיקדון,מיליליטרים,750.00,"100 מ""ל",false,1,85.00,11.3333,true,1,8064
8413529901048,false,יין לגר דה צרברה 750,ספרד לה ריוחה אלטה,,יין לגר דה צרברה 750 מל פקדון,מיליליטרים,750.00,"100 מ""ל",false,1,80.00,10.6667,true,1,8355
8413664511218,false,חטיף ציפס מקלות ארגנ,,,חטיף ציפס מקלות ארגנטה 250 גרם,גרמים,250.00,100 גרם,false,12,18.90,7.5600,true,1,33022
8413664511447,false,ברוסקטה פאפאס שום ופ,,ES,ברוסקטה פאפאס שום ופטרוזליה150 גרם,גרמים,150.00,100 גרם,false,12,9.90,6.6000,true,1,31125
8413664611956,false,חטיף ציפס ארגנטה עשב,,,חטיף ציפס ארגנטה עשבי תיבול  160 גרם,גרמים,160.00,100 גרם,false,12,18.90,11.8125,true,1,40310
8413664811844,false,חטיף ציפס שמן זית אר,,,חטיף ציפס שמן זית ארגנטה 180 גרם,גרמים,180.00,100 גרם,false,12,18.90,10.5000,true,1,33024
8413664811905,false,חטיף ציפס קינואה מלח,,,חטיף ציפס קינואה מלח ים ארגנטה 180 גרם,גרמים,180.00,100 גרם,false,12,18.90,10.5000,true,1,33025
8413700669729,false,תבשיל ארוחת פאייה יר,,ES,תבשיל ארוחת פאייה ירקות 256 גרם,גרמים,256.00,100 גרם,false,10,25.90,10.1172,true,1,31885
8413831140326,false,יין קאווה פריול ברוט,קובידס קסניוס קאווה,,יין קאווה פריול ברוט קובידס 750 מל,מיליליטרים,750.00,"100 מ""ל",false,1,35.00,4.6667,true,1,16047
8413831140371,false,יין קאווה פריול סמי,קובידס קסניוס קאווה,,יין קאווה פריול סמי סקו 750 מל,מיליליטרים,750.00,"100 מ""ל",false,1,35.00,4.6667,true,1,11938
8414581100004,false,יין קאנטאברייה סיירה,,,יין קאנטאברייה סיירה גארנאצה 750 מל,מיליליטרים,750.00,"100 מ""ל",false,6,85.00,11.3333,true,1,42620
8414581104002,false,יין אדום קאנטאברייה,,,יין אדום קאנטאברייה סיירה קריאנזה 750 מל,מיליליטרים,750.00,"100 מ""ל",false,6,65.00,8.6667,true,1,42617
8414581202005,false,יין אדום קאנטאברייה,,,יין אדום קאנטאברייה סיירה 750 מל,מיליליטרים,750.00,"100 מ""ל",false,6,110.00,14.6667,true,1,42616
8414581600009,false,יין אדום קאנטאברייה,,,יין אדום קאנטאברייה סיירה סלקסיון 750 מל,מיליליטרים,750.00,"100 מ""ל",false,6,45.00,6.0000,true,1,42618
8414753700124,false,פילה אנשובי בשמן זית,קונסורסיו,,פילה אנשובי בשמן זית 100 גר צנצנ,גרמים,100.00,100 גרם,false,1,20.00,20.0000,true,1,6209
8414825336633,false,יין מרטין קודאס אלבר,,,יין מרטין קודאס אלבריניו 750 מל,מיליליטרים,750.00,"100 מ""ל",false,1,65.00,8.6667,true,1,18758
8414825338163,false,יין מרטין קודאס פיזר,מרטין קודאס,ES,יין מרטין קודאס פיזראס דה אוטרו 750 מל,מיליליטרים,750.00,"100 מ""ל",false,6,60.00,8.0000,true,1,19882
8420071025702,false,גבינת עיזים קברה יין,ספניצ'יז,,גבינת עיזים קברה יין במשקל,קילוגרמים,1.00,"ק""ג",true,,189.00,189.0000,true,1,8103
8420675187158,false,יין סרדה לבן 750 מל,,,יין סרדה לבן 750 מל פיקדון,Unknown,0.00,Unknown,false,1,45.00,0.0000,true,1,5717
8420675387114,false,יין אלקלה רזרבה 750,,,יין אלקלה רזרבה 750 מל,מיליליטרים,750.00,"100 מ""ל",false,1,80.00,10.6667,true,1,5565
8420675387152,false,יין סרדה אדום 750 מל,,,יין סרדה אדום 750 מל פיקדון,Unknown,0.00,Unknown,false,1,45.00,0.0000,true,1,5716
8420675389118,false,יין אלקלה קריאנזה750,VINOS JEROMIN S.L,,יין אלקלה קריאנזה750מל פיקדון,מיליליטרים,750.00,"100 מ""ל",false,1,60.00,8.0000,true,1,5566
8420708012822,false,גבינת קשקבל בשלה 200,,,גבינת קשקבל בשלה 200 גרם,גרמים,200.00,100 גרם,false,1,22.90,11.4500,true,1,10785
8420708018817,false,גבינת מנצגו 150 גרם,סאן ויסנצה,,גבינת מנצגו 150 גרם,גרמים,150.00,100 גרם,false,1,27.90,18.6000,true,1,13574
8420822130600,false,מסיר שומנים סופר 750,,ES,מסיר שומנים סופר 750מל קיי אייץ7,מיליליטרים,750.00,"100 מ""ל",false,12,15.90,2.1200,true,1,39643
8420822130624,false,מסיר כתמים סופר 750מ,,ES,מסיר כתמים סופר 750מל קיי אייץ7,מיליליטרים,750.00,"100 מ""ל",false,12,19.90,2.6533,true,1,39642
8420878580800,false,עוגת אוראו 350 גרם ק,,ES,עוגת אוראו 350 גרם קפואה,גרמים,350.00,100 גרם,false,6,31.90,9.1143,true,1,43399
8420878580817,false,עוגת פילדלפיה 350גר,,ES,עוגת פילדלפיה 350גר קפואה,גרמים,350.00,100 גרם,false,6,31.90,9.1143,true,1,43398
8420878585744,false,עוגת מילקה 350 גרם ק,,ES,עוגת מילקה 350 גרם קפואה,גרמים,350.00,100 גרם,false,6,31.90,9.1143,true,1,43400
8420878599017,false,עוגת פילדלפיה 350גר,,ES,עוגת פילדלפיה 350גר בציפוי פטל קפואה,גרמים,350.00,100 גרם,false,6,31.90,9.1143,true,1,43401
8421401301206,false,פפריקה ספרדית מעושנת,,ES,פפריקה ספרדית מעושנת חריפה 70 גרם,Unknown,0.00,Unknown,false,12,14.90,0.0000,true,1,26827
8422019006002,false,חומץ שרי ספרדי 750 מ,חוזה פאז לובטו,,חומץ שרי ספרדי 750 מל,מיליליטרים,375.00,"100 מ""ל",false,1,39.90,10.6400,true,1,19249
8422019007009,false,חומץ שרי ספרדי 375 מ,חוזה פאז לובטו,,חומץ שרי ספרדי 375 מל,מיליליטרים,375.00,"100 מ""ל",false,1,25.90,6.9067,true,1,11386
8422864310040,false,יין זאן לאון לבן 305,,ES,יין זאן לאון לבן 3055 750 מל,מיליליטרים,750.00,"100 מ""ל",false,6,60.00,8.0000,true,1,44408
8423207206488,false,ח.דגנים סלימדליס שוק,Biocentury,,ח.דגנים סלימדליס שוקולד חלב6יח,גרמים,120.00,100 גרם,false,1,11.90,9.9167,true,1,8297
8423207206495,false,ח.דגנים  סלימדליס שו,Biocentury,,ח.דגנים  סלימדליס שוקולד מריר6יח,גרמים,120.00,100 גרם,false,1,11.90,9.9167,true,1,8298
8423207206501,false,ח.דגנים סלימדליס שוק,Biocentury,,ח.דגנים סלימדליס שוקולד חלב6יח,גרמים,78.00,100 גרם,false,1,11.90,15.2564,true,1,8299
8423207207362,false,ח.דגנים סלימדליס שוק,Biocentury,,ח.דגנים סלימדליס שוקולד לבן6יח,גרמים,120.00,100 גרם,false,1,11.90,9.9167,true,1,9587
8423207208260,false,ח.דגנים סלימדליס ל.ג,Merba BV,,ח.דגנים סלימדליס ל.גלוטן 6יח,גרמים,120.00,100 גרם,false,1,11.90,9.9167,true,1,12724
8423207208680,false,ח.דגנים ילדים סלימדל,Biocentury,,ח.דגנים ילדים סלימדליס שוקולד חלב6יח,גרמים,120.00,100 גרם,false,1,11.90,9.9167,true,1,12176
8423207208697,false,ח.דגנים ילדים סלימדל,Biocentury,,ח.דגנים ילדים סלימדליס שוקולד לבן6יח,גרמים,120.00,100 גרם,false,1,11.90,9.9167,true,1,12177
8423207208703,false,ח.דגנים ילדים סלימדל,Biocentury,,ח.דגנים ילדים סלימדליס שוקולד מריר6יח,גרמים,120.00,100 גרם,false,1,11.90,9.9167,true,1,12178
8423207208871,false,פריכיות תירס טבעי סל,בסינטצ'ורי,,פריכיות תירס טבעי סלים דליס 130 גר,גרמים,130.00,100 גרם,false,1,9.90,7.6154,true,1,12733
8423207208888,false,פריכיות תירס עגבניות,בסינטצ'ורי,,פריכיות תירס עגבניות סלים דליס123.5ג,גרמים,124.00,100 גרם,false,1,9.90,7.9839,true,1,12734
8423207208895,false,פריכיות תירס זיתים ס,בסינטצ'ורי,,פריכיות תירס זיתים סלים דליס123.5ג,גרמים,124.00,100 גרם,false,1,9.90,7.9839,true,1,12735
8423207209748,false,ח.דגנים סלימדליס תפו,,,ח.דגנים סלימדליס תפוז שוקולד6יח,גרמים,182.00,100 גרם,false,1,11.90,6.5385,true,1,16042
8423207209885,false,ח.דגנים סלימדליס שוק,,,ח.דגנים סלימדליס שוקולד חלב 6 יח,גרמים,182.00,100 גרם,false,1,11.90,6.5385,true,1,16441
8423207210287,false,ח.דגנים סלימדליס יוג,Vndmer,,ח.דגנים סלימדליס יוגורט שוקולד לבן6יח,גרמים,182.00,100 גרם,false,1,11.90,6.5385,true,1,18468
8423207210928,false,ח.דגנים סלימדליס טופ,נוטרישן אנד סנטה קוב,ES,ח.דגנים סלימדליס טופינג אגוזי לוז5יח,Unknown,0.00,Unknown,false,16,11.90,0.0000,true,1,26259
8423207210942,false,ח.דגנים סלימדליס טופ,נוטרישן אנד סנטה קוב,ES,ח.דגנים סלימדליס טופינג פירות יער 5יח,Unknown,0.00,Unknown,false,16,11.90,0.0000,true,1,26260
8423207210966,false,ח.דגנים סלימדליס טופ,נוטרישן אנד סנטה קוב,ES,ח.דגנים סלימדליס טופינג קוקוס ולימון5יח,Unknown,0.00,Unknown,false,16,11.90,0.0000,true,1,26258
8423207210980,false,ח.דגנים סלימדליס טופ,נוטרישן אנד סנטה קוב,ES,ח.דגנים סלימדליס טופינג קליפת תפוז5יח,Unknown,0.00,Unknown,false,16,11.90,0.0000,true,1,26261
8423339924014,false,יין פסקוארה טינטו רי,,ES,יין פסקוארה טינטו ריאנזה 750מל פקדון,מיליליטרים,750.00,"100 מ""ל",false,1,125.00,16.6667,true,1,8442
8423339965338,false,יין קונדדו דה האזה ק,,,יין קונדדו דה האזה קריאנזה 750מל פקדון,מיליליטרים,750.00,"100 מ""ל",false,1,85.00,11.3333,true,1,7208
8423453905692,false,בירה ווילדר לאגר 500,פונטסאלם,,בירה ווילדר לאגר 500מל פחית פקדון,מיליליטרים,500.00,"100 מ""ל",false,24,8.90,1.7800,true,1,20176
8423453905739,false,מארז 6 יח בירה ווילד,פונטסאלם,,מארז 6 יח בירה ווילדר לאגר 330מל בק.פקדו,מיליליטרים,1980.00,"100 מ""ל",false,4,32.90,1.6616,true,1,20179
8423453905746,false,מארז 6 יח בירה ווילד,פונטסאלם,,מארז 6 יח בירה ווילדר חיטה 330מל בק.פקדו,מיליליטרים,1980.00,"100 מ""ל",false,4,34.90,1.7626,true,1,20178
8424842050016,false,חטיף רוביו ציפס טעם,,ES,חטיף רוביו ציפס טעם כמהין 125 גרם,לא מנהל יחידת מידה,125.00,לא מנהל יחידת מידה,false,18,13.90,0.1112,true,1,32665
8424842050030,false,חטיף רוביו ציפס ומלח,,ES,חטיף רוביו ציפס ומלח החמלאיה 125 גרם,לא מנהל יחידת מידה,125.00,לא מנהל יחידת מידה,false,18,13.90,0.1112,true,1,32663
8424842050085,false,חטיף רוביו ציפס חרדל,,ES,חטיף רוביו ציפס חרדל ודבש 125 גרם,לא מנהל יחידת מידה,125.00,לא מנהל יחידת מידה,false,18,13.90,0.1112,true,1,32662
8424842201340,false,חטיף רוביו ציפס מסור,,ES,חטיף רוביו ציפס מסורתי 125 גרם,לא מנהל יחידת מידה,125.00,לא מנהל יחידת מידה,false,18,13.90,0.1112,true,1,32664
8425206000081,false,ריבת חלב מרדל 450 גר,,ES,ריבת חלב מרדל 450 גר צנצנת,גרמים,450.00,100 גרם,false,12,20.00,4.4444,true,1,10574
8425206000142,false,ריבת חלב מרדל לחיץ 3,,ES,ריבת חלב מרדל לחיץ 370 גר,גרמים,370.00,100 גרם,false,12,20.00,5.4054,true,1,14510
8425206000272,false,סירופ בטעם ריבת חלב,,ES,סירופ בטעם ריבת חלב 550 גרם,גרמים,550.00,100 גרם,false,12,20.00,3.6364,true,1,19019
8425704071019,false,יין טורה דה אוניה רז,לה ריוחה אלטה,,יין טורה דה אוניה רזרבה 750 מל,מיליליטרים,750.00,"100 מ""ל",false,1,120.00,16.0000,true,1,15853
8426617111694,false,סוכריות הריבו סטיקס,,GB,סוכריות הריבו סטיקס אבטיח 175 גרם,גרמים,175.00,100 גרם,false,15,14.90,8.5143,true,1,44393
8426617111717,false,סוכריות הריבו סטיקס,,GB,סוכריות הריבו סטיקס מסטיק 175 גרם,גרמים,175.00,100 גרם,false,15,14.90,8.5143,true,1,44392
8426617119461,false,סוכריות הריבו באלו ס,,,סוכריות הריבו באלו סטיקס דובדבן 200 גרם,גרמים,200.00,100 גרם,false,15,14.90,7.4500,true,1,41148
8426617119478,false,סוכריות הריבו סטיקס,,DE,סוכריות הריבו סטיקס פטל 200 גרם,גרמים,200.00,100 גרם,false,15,14.90,7.4500,true,1,41149
8427030007281,false,ת.חלב סימילק קונפורט,,,ת.חלב סימילק קונפורט שלב 1 820 גר,גרמים,820.00,100 גרם,false,1,106.90,13.0366,true,1,27758
8427030007298,false,ת.חלב סימילק קונפורט,,,ת.חלב סימילק קונפורט שלב 2 820 גר,גרמים,820.00,100 גרם,false,1,106.90,13.0366,true,1,27759
8428818164172,false,מלח אטלנטי אפור לח ט,,,מלח אטלנטי אפור לח טבעי 1 קג,קילוגרמים,1.00,"ק""ג",false,1,18.00,18.0000,true,1,11212
8435495805168,false,אבקת כביסה תינוקלין,פרוקטר אנד גמבל,,אבקת כביסה תינוקלין 1.25 קג,קילוגרמים,1.25,"ק""ג",false,1,21.90,17.5200,true,1,17333
8435495805199,false,אב.כביסה תינוקלין 3,פרוקטר אנד גמבל,,אב.כביסה תינוקלין 3 קג בשקית,קילוגרמים,3.00,"ק""ג",false,1,49.90,16.6333,true,1,17736
8435495807605,false,מרכך כביסה תינוקלין,פרוקטר אנד גמבל,TR,מרכך כביסה תינוקלין היפואלרגני 1 ליטר,ליטרים,1.00,ליטר,false,15,19.90,19.9000,true,1,19340
8435495807636,false,גל כביסה  תינוקלין 2,פרוקטר אנד גמבל,TR,גל כביסה  תינוקלין 2 ליטר,ליטרים,2.00,ליטר,false,6,34.90,17.4500,true,1,20660
8435495819363,false,מרכך כביסה תינוקלין,פרוקטר אנד גמבל,TR,מרכך כביסה תינוקלין פרש 1 ליטר,ליטרים,1.00,ליטר,false,15,19.90,19.9000,true,1,39467
8436028380008,false,יין דינסטיה ויונקו20,bodegas vivanco,,יין דינסטיה ויונקו2005 קריאנזה750מל פיקו,מיליליטרים,750.00,"100 מ""ל",false,1,60.00,8.0000,true,1,7032
8436028380060,false,יין ויוואנקו טמפרניו,bodegas vivanco,,יין ויוואנקו טמפרניו ריוחה לבן 750 מל,מיליליטרים,750.00,"100 מ""ל",false,1,40.00,5.3333,true,1,7034
8436535580137,false,זעפרן ספרדי 0.5 גר א,,,זעפרן ספרדי 0.5 גר אלברולה בקופסא,Unknown,0.00,Unknown,false,1,16.90,0.0000,true,1,7085
8436575292205,false,מאגדת חמשושים 180גר,גלידות נסטלה,ES,מאגדת חמשושים 180גר,גרמים,180.00,100 גרם,false,6,17.90,9.9444,true,1,19441
8437000906209,false,עלי טורטיה קמח  מלא,,,עלי טורטיה קמח  מלא 16 יח 320 גר,גרמים,320.00,100 גרם,false,1,11.90,3.7188,true,1,7808
8437001603176,false,סנגריה לוליילו גורמה,,,סנגריה לוליילו גורמה 750 מל,מיליליטרים,750.00,"100 מ""ל",false,1,45.00,6.0000,true,1,17554
8437001603602,false,מוחיטו קומפאיי 700 מ,,,מוחיטו קוצפאיי 700 מל,מיליליטרים,700.00,"100 מ""ל",false,1,65.00,9.2857,true,1,10273
8437001603626,false,משקה מרגריטה 700 מל,,,משקה מרגריטה 700 מל,מיליליטרים,700.00,"100 מ""ל",false,1,65.00,9.2857,true,1,27032
8437001603701,false,משקה סנגריה לוליילו,,,סנגריה לוליילו 750 מל פיקדון,Unknown,0.00,Unknown,false,1,35.00,0.0000,true,1,5707
8437005886674,false,אלוי שיכר סנגריה לבן,אלוי,ES,אלוי שיכר סנגריה לבן 750 מל,מיליליטרים,750.00,"100 מ""ל",false,12,24.90,3.3200,true,1,22775
8437008915456,false,עלי טורטיה חמישה דגנ,,,עלי טורטיה חמישה דגנים 20 יח 320 גר,גרמים,320.00,100 גרם,false,1,11.90,3.7188,true,1,10497
8445290341587,false,מזון חתולים פטה דג ל,נסטלה פורינה  USA ג',,מזון חתולים פטה דג לבן ועוף 85 גרם,גרמים,85.00,100 גרם,false,24,5.90,6.9412,true,1,43968
8445290341617,false,מזון חתולים פטה עוף,נסטלה פורינה  USA סט,,מזון חתולים פטה עוף ווסלמון 85 גר,גרמים,85.00,100 גרם,false,24,5.90,6.9412,true,1,43967
8445290341655,false,מזון חתולים פטה עוף,נסטלה פורינה  USA ג',,מזון חתולים פטה עוף 85 גר,גרמים,85.00,100 גרם,false,24,5.90,6.9412,true,1,43969
8445290427120,false,דגני פיטנס שוקולד מר,נסטלה צרפת איטנקורט,,דגני פיטנס שוקולד מריר ובננה 330 ג,גרמים,330.00,100 גרם,false,1,19.90,6.0303,true,1,43592
8593868000050,false,בירה סטארופרמן בהירה,,,בירה סטארופרמן בהירה פח 500 מל פקדון,מיליליטרים,500.00,"100 מ""ל",false,1,8.90,1.7800,true,1,4504
8593868000302,false,בירה סטארופרמן בהירה,,,בירה סטארופרמן בהירה בק. 500 מל פקדון,מיליליטרים,500.00,"100 מ""ל",false,1,10.00,2.0000,true,1,4503
8593868002368,false,בירה סטארופרמן 500מל,,,בירה סטארופרמן 500מל לא מסונן בק.פקדון,מיליליטרים,500.00,"100 מ""ל",false,1,10.00,2.0000,true,1,23993
8593868006014,false,בירה בלו מון 500 מל,,CZ,בירה בלו מון 500 מל 5.4% פח. פקדון,מיליליטרים,500.00,"100 מ""ל",false,24,11.90,2.3800,true,1,29774
8594006931328,false,בירה פרימטור וויצנבי,,,בירה פרימטור וויצנביר 5% 500 מל,מיליליטרים,500.00,"100 מ""ל",false,1,11.90,2.3800,true,1,8107
8594196130549,false,משקה אנרגיה ט.קאנביס,,CZ,משקה אנרגיה ט.קאנביס 330מל פח.פקדון,מיליליטרים,330.00,"100 מ""ל",false,24,8.90,2.6970,true,1,41174
8594200060015,false,בירה צסקה פינטה 500מ,"""cesu alus""",,בירה צסקה פינטה 500מל פח.פקדון,מיליליטרים,500.00,"100 מ""ל",false,1,10.00,2.0000,true,1,44186
8594403705010,false,בירה באדוויזר דארק,בראו יוניון,,בירה באדוויזר דארק  לאגר 500מל פח.פקדון,מיליליטרים,500.00,"100 מ""ל",false,1,8.90,1.7800,true,1,27792
8594403707649,false,בירה באדוויזר דארק,בראו יוניון,,בירה באדוויזר דארק  לאגר 500מל פח.פקדון,מיליליטרים,500.00,"100 מ""ל",false,1,8.90,1.7800,true,1,41507
8594403707977,false,בירה באדוויזר לאגר 5,,,בירה באדוויזר לאגר 500מל פח.פקדון,מיליליטרים,500.00,"100 מ""ל",false,1,8.90,1.7800,true,1,42628
8594404005096,false,בירה קוזל פרימיום 50,,,בירה קוזל פרימיום 500 מל פיקדון בקבוק,מיליליטרים,500.00,"100 מ""ל",false,1,11.90,2.3800,true,1,18998
8594404012094,false,בירה גמברינוס 500מל,,CZ,בירה גמברינוס 500מל,מיליליטרים,500.00,"100 מ""ל",false,12,10.00,2.0000,true,1,19964
8594404110110,false,בירה פילזנר אורקוול,,,בירה פילזנר אורקוול 500מל,מיליליטרים,500.00,"100 מ""ל",false,1,14.90,2.9800,true,1,2004
8594404115115,false,בירה פילזנר 500מל בפ,,,בירה פילזנר 500מל בפח פקדון,מיליליטרים,500.00,"100 מ""ל",false,1,10.00,2.0000,true,1,9387
8594405105429,false,ליקר בחרובקה 700 מל,,,ליקר בחרובקה 700 מל,מיליליטרים,700.00,"100 מ""ל",false,1,99.00,14.1429,true,1,20433
8606018615827,false,גלידה פיינט אוראו 48,גלידות נסטלה,,גלידה פיינט אוראו 480מל,מיליליטרים,480.00,"100 מ""ל",false,6,19.90,4.1458,true,1,40469
8606018615841,false,גלידה פיינט מילקה ונ,גלידות נסטלה,,גלידה פיינט מילקה וניל ליבת שוקולד 480מל,מיליליטרים,480.00,"100 מ""ל",false,6,19.90,4.1458,true,1,40470
8606018615865,false,גלידה פיינט מילקה קר,גלידות נסטלה,,גלידה פיינט מילקה קרמל ליבת שוקולד 480מל,מיליליטרים,480.00,"100 מ""ל",false,6,19.90,4.1458,true,1,40471
8606109023593,false,מיץ פרוויטה תפוחי עץ,,,מיץ פרוויטה תפוחי עץ אגסים 750מל פקדון,מיליליטרים,750.00,"100 מ""ל",false,6,12.90,1.7200,true,1,27049
8606109023609,false,מיץ פרוויטה תפוחי עץ,,,מיץ פרוויטה תפוחי עץ דובדבן 750מל פקדון,מיליליטרים,750.00,"100 מ""ל",false,6,12.90,1.7200,true,1,27050
8606109023623,false,מיץ פרוויטה תפוחי עץ,,,מיץ פרוויטה תפוחי עץ לימון ליים750מל פק.,מיליליטרים,750.00,"100 מ""ל",false,6,12.90,1.7200,true,1,27052
8606109023715,false,מיץ פרוויטה תפוחי עץ,,,מיץ פרוויטה תפוחי עץ אפרסקים 750מל פקדון,מיליליטרים,750.00,"100 מ""ל",false,6,12.90,1.7200,true,1,28094
8606109023722,false,מיץ פרוויטה תפוחי עץ,,,מיץ פרוויטה תפוחי עץ משמשים 750מל פקדון,מיליליטרים,750.00,"100 מ""ל",false,6,12.90,1.7200,true,1,28093
8681812071352,false,מארז 50יח מסכות פנים,,,מארז 50יח מסכות פנים לבנות לילדים,יחידה,50.00,יחידה,false,1,10.90,0.2180,true,1,40658
8683130008348,false,מיונז הלמנס חריף לחי,אפפילד איסטנבול יצור,TR,מיונז הלמנס חריף לחיץ 400 גרם,גרמים,400.00,100 גרם,false,8,13.90,3.4750,true,1,38500
8683130008355,false,מיונז הלמנס שום לחיץ,אפפילד איסטנבול יצור,TR,מיונז הלמנס שום לחיץ 400 גרם,גרמים,400.00,100 גרם,false,8,13.90,3.4750,true,1,38499
8683130008935,false,הלמנס קטשיונז 425 גר,אפפילד איסטנבול יצור,TR,הלמנס קטשיונז 425 גרם,גרמים,425.00,100 גרם,false,8,13.90,3.2706,true,1,39828
8683130025581,false,מרכך כביסה בדין אקסט,יוניליוור,,מרכך כביסה בדין אקסטרא ענבר 960 מל,מיליליטרים,960.00,"100 מ""ל",false,1,15.90,1.6563,true,1,42789
8683323063024,false,גומי יוגטה תותי פרוט,סאדאט,,גומי יוגטה תותי פרוטי 220גרם,גרמים,220.00,100 גרם,false,1,5.90,2.6818,true,1,14644
8686868600037,false,אביזרי שיער,,,אביזרי שיער,Unknown,0.00,Unknown,false,1,5.90,0.0000,true,1,15399
8686868600068,false,אביזרי שיער,,,אביזרי שיער,Unknown,0.00,Unknown,false,1,8.90,0.0000,true,1,15402
8686868600075,false,אביזרי שיער,,,אביזרי שיער,Unknown,0.00,Unknown,false,1,9.90,0.0000,true,1,15403
8686868600112,false,אביזרי שיער,,,אביזרי שיער,Unknown,0.00,Unknown,false,1,13.90,0.0000,true,1,15406
8686868600129,false,אביזרי שיער,,,אביזרי שיער,Unknown,0.00,Unknown,false,1,14.90,0.0000,true,1,15407
8686868600136,false,אביזרי שיער,,,אביזרי שיער,Unknown,0.00,Unknown,false,1,15.90,0.0000,true,1,15408
8686868600150,false,אביזרי שיער,,,אביזרי שיער,Unknown,0.00,Unknown,false,1,17.90,0.0000,true,1,15409
8686868600174,false,אביזרי רחצה,,,אביזרי רחצה,Unknown,0.00,Unknown,false,1,19.90,0.0000,true,1,15410
8686868600204,false,אביזרי מניקור,,,אביזרי מניקור,Unknown,0.00,Unknown,false,1,9.90,0.0000,true,1,15412
8686868600211,false,מטריית ילדים,,,מטריית ילדים,Unknown,0.00,Unknown,false,1,19.90,0.0000,true,1,27684
8686868600235,false,אביזרי טיפוח שונים,,,אביזרי טיפוח שונים,Unknown,0.00,Unknown,false,1,12.90,0.0000,true,1,15481
8686868600259,false,מטריה אוטומטית,,,מטריה אוטומטית,Unknown,0.00,Unknown,false,1,29.90,0.0000,true,1,15708
8690504081913,false,ביסקויט טינס מצופה ח,MACVUTES,,ביסקויט טינס מצופה חלב 150 גרם,גרמים,150.00,100 גרם,false,1,9.90,6.6000,true,1,17022
8690504081920,false,ביסקויט טינס מצופה מ,MACVUTES,,ביסקויט טינס מצופה מריר 150 גרם,גרמים,150.00,100 גרם,false,1,9.90,6.6000,true,1,17021
8690504081937,false,ביסקויט טינס מצופה ק,MACVUTES,,ביסקויט טינס מצופה קפוצינו 150 גרם,גרמים,150.00,100 גרם,false,1,9.90,6.6000,true,1,17023
8690504153740,false,שוקולד גודאיבה מריר,,,שוקולד גודאיבה מריר גנאש מריר 86 גרם,Unknown,0.00,Unknown,false,18,12.90,0.0000,true,1,19280
8690504153849,false,שוקולד גודאיבה חלב ק,,,שוקולד גודאיבה חלב ק.אגוז86 גרם,Unknown,0.00,Unknown,false,18,12.90,0.0000,true,1,19281
8690504156543,false,שוקולד גודאיבה גנאש,,,שוקולד גודאיבה גנאש חלב 88 גרם,Unknown,0.00,Unknown,false,18,12.90,0.0000,true,1,23335
8690526009254,false,מיני עוגה אישית מצופ,,TR,מיני עוגה אישית מצופה מילוי קרם קקאו144,גרמים,144.00,100 גרם,false,20,9.90,6.8750,true,1,35080
8690526009278,false,חטיף קרמל מצופה שוקו,,TR,חטיף קרמל מצופה שוקודלד ודגנים 126 גרם,גרמים,114.00,100 גרם,false,20,9.90,8.6842,true,1,35081
8690526019147,false,וופל קקאו במילוי קרם,,TR,וופל קקאו במילוי קרם אגוזי לוז 142 גרם,גרמים,142.00,100 גרם,false,20,7.90,5.5634,true,1,35076
8690526019154,false,וופל קקאו במילוי קרם,,TR,וופל קקאו במילוי קרם קקאו 142 גרם,גרמים,142.00,100 גרם,false,20,7.90,5.5634,true,1,35074
8690526019178,false,וופל קקאו במילוי קרם,,TR,וופל קקאו במילוי קרם קוקוס 142 גרם,גרמים,142.00,100 גרם,false,20,7.90,5.5634,true,1,35075
8690526019185,false,וופל קקאו במילוי קרם,,TR,וופל קקאו במילוי קרם שוקולד 142 גרם,גרמים,142.00,100 גרם,false,20,7.90,5.5634,true,1,35077
8690526029238,false,מארז 3 יח וופל מריר,,TR,מארז 3 יח וופל מריר 50 גרם,גרמים,150.00,100 גרם,false,20,9.90,6.6000,true,1,35084
8690526039213,false,עוגיות מצופות שוקולד,,TR,עוגיות מצופות שוקולד וקוקס קלוי 100 גרם,גרמים,100.00,100 גרם,false,20,7.90,7.9000,true,1,35078
8690531032377,false,פלפל שיפקונית גורמט,,TR,פלפל שיפקונית גורמט 340 גרם,גרמים,34000.00,100 גרם,false,12,7.90,0.0232,true,1,28207
8690572775288,false,מרכך שיער גליס דיפ ר,,,מרכך שיער גליס דיפ ריפייר 400 מל,מיליליטרים,400.00,"100 מ""ל",false,1,12.90,3.2250,true,1,12605
8690572778326,false,דאו פה ספריי דריי פר,שוורצקופף והנקל,,דאו פה ספריי דריי פרוטקט כותנה 200 מל,מיליליטרים,200.00,"100 מ""ל",false,1,8.90,4.4500,true,1,14476
8690572783931,false,דאו פה ספריי 200מל כ,שוורצקופף והנקל,,דאו פה ספריי 200מל כח לא נראה,מיליליטרים,200.00,"100 מ""ל",false,1,8.90,4.4500,true,1,16618
8690572784327,false,מסכת שיער גליס 300מל,שוורצקופף והנקל,,מסכת שיער גליס 300מל לאורך מושלם,מיליליטרים,300.00,"100 מ""ל",false,1,24.90,8.3000,true,1,18218
8690572786222,false,מרכך שיער גליס 400מל,שוורצקופף והנקל,,מרכך שיער גליס 400מל לאורך מושלם,מיליליטרים,400.00,"100 מ""ל",false,1,12.90,3.2250,true,1,18216
8690572788851,false,שמפו גליס ביוטק 400,שוורצקופף והנקל,,שמפו גליס ביוטק 400 מל,מיליליטרים,400.00,"100 מ""ל",false,1,16.90,4.2250,true,1,23320
8690572788912,false,מרכך גליס ביוטק 400,שוורצקופף והנקל,,מרכך גליס ביוטק 400 מל,מיליליטרים,400.00,"100 מ""ל",false,1,16.90,4.2250,true,1,23321
8690572794692,false,שמפו גליס נוטרי באלא,שוורצקופף והנקל,,שמפו גליס נוטרי באלאנס 400 מל,מיליליטרים,400.00,"100 מ""ל",false,1,12.90,3.2250,true,1,30547
8690572794715,false,מרכך שיער גליס נוטרי,,,מרכך שיער גליס נוטרי באלאנס 400 מל,מיליליטרים,400.00,"100 מ""ל",false,1,12.90,3.2250,true,1,30548
8690637073373,false,תה ארל גריי 25 יח לי,יוניליוור,,תה ארל גריי 25 יח ליפטון,יחידה,25.00,יחידה,false,1,8.00,0.3200,true,1,5467
8690637073434,false,תה ארל גריי  100 יח,יוניליוור,,תה ארל גריי  100 יח ליפטון,יחידה,100.00,יחידה,false,1,21.90,0.2190,true,1,5468
8690637503856,false,מיונז הלמנס אמיתי לח,יוניליוור,TR,מיונז הלמנס אמיתי לחיץ 395 גר,גרמים,395.00,100 גרם,false,8,13.90,3.5190,true,1,28887
8690637504426,false,קרם סיף לניקוי לימון,יוניליוור,,קרם סיף לניקוי לימון 500 מל,מיליליטרים,500.00,"100 מ""ל",false,1,10.90,2.1800,true,1,39433
8690637505607,false,מרכך כביסה בדין אקסט,יוניליוור,,מרכך כביסה בדין אקסטרא 960מל פינוק קלאסי,מיליליטרים,960.00,"100 מ""ל",false,1,15.90,1.6563,true,1,32343
8690637505614,false,מרכך כביסה בדין אקסט,יוניליוור,,מרכך כביסה בדין אקסטרא 960מל פינוק קוקוס,מיליליטרים,960.00,"100 מ""ל",false,1,15.90,1.6563,true,1,32344
8690637505935,false,תרחיץ ידיים דאב 500מ,,,תרחיץ ידיים דאב 500מל ניחוח אבוקדו,מיליליטרים,500.00,"100 מ""ל",false,1,18.90,3.7800,true,1,39427
8690637505959,false,תרחיץ ידיים דאב 500מ,,,תרחיץ ידיים דאב 500מל ניחוח לוטוס,מיליליטרים,500.00,"100 מ""ל",false,1,18.90,3.7800,true,1,39428
8690637555084,false,מרכך כביסה בדין אקסט,יוניליוור,,מרכך כביסה בדין אקסטרא פריחת תפוז 960מל,מיליליטרים,960.00,"100 מ""ל",false,1,15.90,1.6563,true,1,6258
8690637704277,false,שמפו דאב יום יומי 2,יוניליוור,,שמפו דאב יום יומי 2 ב1 600 מל,מיליליטרים,600.00,"100 מ""ל",false,1,18.90,3.1500,true,1,10807
8690637704291,false,שמפו דאב לשיקום שיער,יוניליוור,,שמפו דאב לשיקום שיער פגום 600 מל,מיליליטרים,600.00,"100 מ""ל",false,1,18.90,3.1500,true,1,10802
8690637704376,false,שמפו דאב עם שמן אבוק,יוניליוור,,שמפו דאב יום יומי 600 מל,מיליליטרים,600.00,"100 מ""ל",false,1,18.90,3.1500,true,1,10808
8690637704390,false,מרכך דאב יום יומי 60,יוניליוור,,מרכך דאב יום יומי 600 מל,מיליליטרים,600.00,"100 מ""ל",false,1,18.90,3.1500,true,1,10805
8690637704413,false,מרכך דאב לשיקום שיער,יוניליוור,,מרכך דאב לשיקום שיער פגום 600 מל,מיליליטרים,600.00,"100 מ""ל",false,1,18.90,3.1500,true,1,10804
8690637704437,false,שמפו דאב שמני הזנה 6,יוניליוור,,שמפו דאב שמני הזנה 600 מל,מיליליטרים,600.00,"100 מ""ל",false,1,18.90,3.1500,true,1,10809
8690637704451,false,מרכך דאב שמני הזנה 6,יוניליוור,,מרכך דאב שמני הזנה 600 מל,מיליליטרים,600.00,"100 מ""ל",false,1,18.90,3.1500,true,1,10806
8690637799594,false,תה ליפטון ירוק נענע,יוניליוור,,תה ליפטון ירוק נענע מרוקאי 20 יח,יחידה,20.00,יחידה,false,1,15.90,0.7950,true,1,13260
8690637835643,false,תה ליפטון ירוק לימונ,יוניליוור,,תה ליפטון ירוק לימונית לואיזה 20 יח,יחידה,20.00,יחידה,false,1,15.90,0.7950,true,1,15159
8690637842399,false,מאגדת מיני מגנום דאב,"גלידת שטראוס בע""מ",,מאגדת מיני מגנום דאבל שוקולד פרי יער 6יח,גרמים,282.00,100 גרם,false,1,29.90,10.6028,true,1,16585
8690637858734,false,סיף גל לאסלות לימון,יוניליוור,,סיף גל לאסלות לימון  750 מל,מיליליטרים,750.00,"100 מ""ל",false,1,11.90,1.5867,true,1,18254
8690637858741,false,סיף גל לאסלות רוח ים,יוניליוור,,סיף גל לאסלות רוח ים  750 מל,מיליליטרים,750.00,"100 מ""ל",false,1,11.90,1.5867,true,1,18253
8690637858758,false,סיף גל לאסלות אורנים,יוניליוור,,סיף גל לאסלות אורנים  750 מל,מיליליטרים,750.00,"100 מ""ל",false,1,11.90,1.5867,true,1,18255
8690637865589,false,תרחיץ ידיים דאב 500מ,,,תרחיץ ידיים דאב 500מל בניחוח מלפפון,מיליליטרים,500.00,"100 מ""ל",false,1,18.90,3.7800,true,1,20523
8690637865596,false,תרחיץ ידיים דאב הזנה,,,תרחיץ ידיים דאב הזנה 500מל,מיליליטרים,500.00,"100 מ""ל",false,1,18.90,3.7800,true,1,20524
8690637866753,false,מרכך כביסה בדין אקסט,יוניליוור,,מרכך כביסה בדין אקסטרא לבנדר 960 מל,מיליליטרים,960.00,"100 מ""ל",false,1,15.90,1.6563,true,1,17396
8690637871047,false,שמפו דאב שמן קוקוס ו,יוניליוור,,שמפו דאב שמן קוקוס וכורכום 600 מל,מיליליטרים,600.00,"100 מ""ל",false,1,18.90,3.1500,true,1,18904
8690637871108,false,חרדל הלמנס לחיץ 250,יוניליוור,TR,חרדל הלמנס לחיץ 250 גר,גרמים,250.00,100 גרם,false,12,11.90,4.7600,true,1,21696
8690637871245,false,מיונז הלמנס אמיתי לח,יוניליוור,TR,מיונז הלמנס אמיתי לחיץ 395 גר,גרמים,395.00,100 גרם,false,8,13.90,3.5190,true,1,20804
8690637890666,false,מאגדת מיני מגנום דאב,"גלידת שטראוס בע""מ",,מאגדת מיני מגנום דאבל פיסטוק 282גר 6יח,גרמים,282.00,100 גרם,false,1,29.90,10.6028,true,1,20089
8690637916977,false,מרכך דאב קוקוס 600מל,יוניליוור,,מרכך דאב קוקוס 600מל,מיליליטרים,600.00,"100 מ""ל",false,1,18.90,3.1500,true,1,21616
8690637916991,false,מרכך דאב עם שמן אבוק,יוניליוור,,מרכך דאב עם שמן אבוקדו 600 מל,מיליליטרים,600.00,"100 מ""ל",false,1,18.90,3.1500,true,1,21300
8690637946301,false,מרכך כביסה בדין בייב,יוניליוור,,מרכך כביסה בדין בייבי כחול 960 מל,מיליליטרים,960.00,"100 מ""ל",false,1,15.90,1.6563,true,1,24253
8690637946318,false,מרכך כביסה בדין בייב,יוניליוור,,מרכך כביסה בדין בייבי צהוב 960 מל,מיליליטרים,960.00,"100 מ""ל",false,1,16.90,1.7604,true,1,24252
8690637971310,false,מרכך כביסה בדין אקסט,יוניליוור,,מרכך כביסה בדין אקסטרא יערת דבש 960מל,מיליליטרים,960.00,"100 מ""ל",false,1,15.90,1.6563,true,1,27338
8690637976995,false,מרכך כביסה בדין אקסט,יוניליוור,,מרכך כביסה בדין אקסטרא ורוד 960מל,מיליליטרים,960.00,"100 מ""ל",false,1,15.90,1.6563,true,1,27339
8690637977794,false,תרחיץ ידיים דאב 500מ,,,תרחיץ ידיים דאב 500מל בניחוח שיאה ווניל,מיליליטרים,500.00,"100 מ""ל",false,1,18.90,3.7800,true,1,29142
8690637987281,false,ספריי דומסטוס אקונומ,יוניליוור,TR,ספריי דומסטוס אקונומיקה 750מל,מיליליטרים,750.00,"100 מ""ל",false,20,12.90,1.7200,true,1,29778
8690637987298,false,ספריי דומסטוס אלוורה,יוניליוור,TR,ספריי דומסטוס אלוורה 750מל,מיליליטרים,750.00,"100 מ""ל",false,20,12.90,1.7200,true,1,29779
8690637989612,false,מאגדת מיני מגנום דאב,"גלידת שטראוס בע""מ",,מאגדת מיני מגנום דאבל דולצה גולד 6יח,גרמים,282.00,100 גרם,false,1,29.90,10.6028,true,1,30334
8690734354412,false,ספוגיות מתכת סקוטש ב,3m,CN,ספוגיות מתכת סקוטש ברייט אל חלד 2יח,יחידה,2.00,יחידה,false,24,8.90,4.4500,true,1,43629
8690757002444,false,נוזל להברקת נעלים שח,,,נוזל להברקת נעלים שחור 75 מל,Unknown,0.00,Unknown,false,1,4.90,0.0000,true,1,15380
8690757002451,false,נוזל להברקת נעלים חו,,,נוזל להברקת נעלים חום 75 מל,Unknown,0.00,Unknown,false,1,4.90,0.0000,true,1,15378
8690757002475,false,ספוג להברקת נעליים ג,,,ספוג להברקת נעליים גדול נטורל סילבר,Unknown,0.00,Unknown,false,1,4.90,0.0000,true,1,15381
8690757002482,false,ספוג להברקת נעליים ע,,,ספוג להברקת נעליים עם צבע שחור סילבר,Unknown,0.00,Unknown,false,1,11.90,0.0000,true,1,15382
8690757002819,false,תרסיס מונע ריח לנעלי,סילברמיל,TR,תרסיס מונע ריח לנעליים 100 מל סילבר,מיליליטרים,100.00,"100 מ""ל",false,6,24.90,24.9000,true,1,23262
8690766156367,false,שוקולד גודאיבה פיור,,,שוקולד גודאיבה פיור חלב 90 גר,Unknown,0.00,Unknown,false,18,14.90,0.0000,true,1,23336
8690766156374,false,שוקולד גודאיבה פיור,,,שוקולד גודאיבה פיור 72% מריר 90גר,Unknown,0.00,Unknown,false,18,14.90,0.0000,true,1,23338
8690766156381,false,שוקולד גודאיבה פיור9,,,שוקולד גודאיבה פיור90% מריר 90 גר,Unknown,0.00,Unknown,false,18,14.90,0.0000,true,1,23339
8690766156398,false,שוקולד גודאיבה פיור,,,שוקולד גודאיבה פיור חלב שברי שקדים 90גר,Unknown,0.00,Unknown,false,18,14.90,0.0000,true,1,23341
8690766156404,false,שוקולד גודאיבה פיור,,,שוקולד גודאיבה פיור מריר תפוז90 גר,Unknown,0.00,Unknown,false,18,14.90,0.0000,true,1,23337
8690766156411,false,שוקולד גודאיבה פיור,,,שוקולד גודאיבה פיור מריר פלפל ורוד 90 גר,Unknown,0.00,Unknown,false,18,14.90,0.0000,true,1,23340
8690770322598,false,שמרים יבשים נמסים 12,,,שמרים יבשים נמסים 125 גר בדץ,גרמים,125.00,100 גרם,false,1,4.90,3.9200,true,1,5615
8690777202015,false,ירקות מעורבים כבושים,קורהאן,,ירקות מעורבים כבושים 700 גר סרא,גרמים,700.00,100 גרם,false,1,12.90,1.8429,true,1,5840
8690777203012,false,פלפל ירוק כבוש לא חר,קורהאן,,פלפל ירוק כבוש לא חריף 600 גר סרא,גרמים,600.00,100 גרם,false,1,12.90,2.1500,true,1,5837
8690777204071,false,פלפל חריף כבוש 640 ג,קורהאן,,פלפל חריף כבוש 640 גר סרא,גרמים,640.00,100 גרם,false,1,12.90,2.0156,true,1,5838
8690777206051,false,חציל קלוי על האש 650,קורהאן,,חציל קלוי על האש 650 גר,גרמים,650.00,100 גרם,false,1,12.90,1.9846,true,1,5185
8690777221405,false,פלפל אדום קלוי על הא,קורהאן,,פלפל אדום קלוי על האש 650 גר סרא,גרמים,650.00,100 גרם,false,1,12.90,1.9846,true,1,5839
8690784516440,false,נוזל אסלות דאק 750מל,SC Jonson,,נוזל אסלות דאק 750מל לבנדר,מיליליטרים,750.00,"100 מ""ל",false,1,9.90,1.3200,true,1,15874
8690784516778,false,גל אסלות דאק אקונומי,אס.סי.גונסון,IT,גל אסלות דאק אקונומיקה מקציפה 750מל,מיליליטרים,750.00,"100 מ""ל",false,12,10.90,1.4533,true,1,17806
8690784611442,false,סבון אסלה דאק טיפות,דאופלור אס פי אי כונ,,סבון אסלה דאק טיפות מקציף פי 4 הדרים,יחידה,1.00,יחידה,false,24,8.90,8.9000,true,1,22689
8690784614665,false,סבון אסלה דאק טיפות,דאופלור אס פי אי כונ,,סבון אסלה דאק טיפות מקציף פי 4 ים,יחידה,1.00,יחידה,false,24,8.90,8.9000,true,1,17947
8690784614771,false,סבון אסלה דאק טיפות,דאופלור אס פי אי כונ,,סבון אסלה דאק טיפות מקציף פי 4 רענן,יחידה,1.00,יחידה,false,24,8.90,8.9000,true,1,17948
8690784616775,false,סבון אסלה מוצק דאק א,,RS,סבון אסלה מוצק דאק אקווה בלו 4 ב1,יחידה,1.00,יחידה,false,12,9.90,9.9000,true,1,18675
8690784711777,false,סבון אסלה דאק אקונומ,דאופלור אס פי אי כונ,,סבון אסלה דאק אקונומיקה מקציפה פי 4 ים,יחידה,1.00,יחידה,false,24,8.90,8.9000,true,1,20933
8691451018335,false,דבק סופר גלו גל לוקט,,IE,דבק סופר גלו גל לוקטייט בעט,Unknown,0.00,Unknown,false,6,24.90,0.0000,true,1,23473
8691530924670,false,סירופ רימונים 345 מל,נטורסן,,סירופ רימונים 345 מל נטורסן,ליטרים,1.00,ליטר,false,1,16.90,16.9000,true,1,16868
8691530924687,false,סירופ רימונים 1 ל נט,נטורסן,,סירופ רימונים 1 ל נטורסן,ליטרים,1.00,ליטר,false,1,39.90,39.9000,true,1,16867
8691588090204,false,רכז רימונים אורגני,,TR,רכז רימונים אורגני   350גר יורופוד,מיליליטרים,350.00,"100 מ""ל",false,12,24.90,7.1143,true,1,21971
8692952043482,false,סט 6 כוסות יין 365מל,,,סט 6 כוסות יין 365מל,יחידה,6.00,יחידה,false,1,39.90,6.6500,true,1,41045
8693323085100,false,גומי שטיח יוגטה פירו,,,גומי שטיח יוגטה פירות 100 גר,גרמים,100.00,100 גרם,false,1,4.90,4.9000,true,1,18744
8693323099107,false,מרשמלו יוגטה לבבות 1,סאדאט,,מרשמלו יוגטה לבבות 150 גר,גרמים,180.00,100 גרם,false,1,5.90,3.2778,true,1,16094
8693495037853,false,זוג מברשת שיניים סלי,CP- China-SH,,זוג מברשת שיניים סלים סופט,יחידה,2.00,יחידה,false,1,29.90,14.9500,true,1,8933
8693495041461,false,זוג מברשת שיניים סלי,CP- China-SH,,זוג מברשת שיניים סלים סופט פחם,יחידה,2.00,יחידה,false,1,29.90,14.9500,true,1,10151
8693495050333,false,אלסבון פלמוליב לגבר,CP - Turkey+60,,אלסבון פלמוליב לגבר לימון ירוק 500 מל,מיליליטרים,500.00,"100 מ""ל",false,1,14.90,2.9800,true,1,15012
8693495051002,false,מברשת שיניים קולגייט,CP- China-SH,,מברשת שיניים קולגייט מיניונים 6פלוס,יחידה,1.00,יחידה,false,1,14.90,14.9000,true,1,15233
8693495051255,false,מברשת שיניים קולגייט,קולגייט,,מברשת שיניים קולגייט זוג סלים סופט זהב,יחידה,2.00,יחידה,false,1,29.90,14.9500,true,1,15463
8693495052177,false,אלסבון פלמוליב משאבה,CP - Turkey+60,,אלסבון פלמוליב משאבה זיתים 750 מל,מיליליטרים,750.00,"100 מ""ל",false,1,16.90,2.2533,true,1,16314
8693495052931,false,מברשת שיניים קולגייט,קולגייט,CN,מברשת שיניים קולגייט זוג 360 אדוונס,יחידה,2.00,יחידה,false,12,29.90,14.9500,true,1,20961
8693495054034,false,אלסבון פלמוליב משאבה,CP - Turkey+60,,אלסבון פלמוליב משאבה לומינוס אבוקדו750מל,מיליליטרים,750.00,"100 מ""ל",false,1,16.90,2.2533,true,1,38631
8693804012519,false,עלי בצק פילו יופקה 5,פרינסיס און וה אונלו,TR,עלי בצק פילו יופקה 500 גרם,גרמים,500.00,100 גרם,false,12,15.90,3.1800,true,1,24544
8693804012533,false,עלי בצק פילו יופקה 1,פרינסיס און וה אונלו,TR,עלי בצק פילו יופקה 1 קג,קילוגרמים,1.00,"ק""ג",false,12,29.90,29.9000,true,1,24543
8694732009275,false,מארז 3 יח סבון אסלה,,TR,מארז 3 יח סבון אסלה אסותא בניחוח לימון,יחידה,3.00,יחידה,false,24,10.90,3.6333,true,1,23165
8694732009381,false,מארז 3 יח סבון אסלה,,TR,מארז 3 יח סבון אסלה אסותא בניחוח אורנים,יחידה,3.00,יחידה,false,24,10.90,3.6333,true,1,23166
8695543006668,false,גבינת רסטה 200גר,מוטיבי גידה דיירי אי,TR,גבינת רסטה 200גר,גרמים,200.00,100 גרם,false,12,19.90,9.9500,true,1,20037
8697040108975,false,סבון היגיינה אסותא 4,,,סבון היגיינה אסותא 400 מל,מיליליטרים,400.00,"100 מ""ל",false,1,12.90,3.2250,true,1,14894
8697040108982,false,סבון נוזלי אסותא 400,,,סבון נוזלי אסותא 400 מל,מיליליטרים,400.00,"100 מ""ל",false,1,12.90,3.2250,true,1,14895
8697040109323,false,סבון מוצק אסותא 100,אטש סונמז כימיה,,סבון מוצק אסותא 100 גר,גרמים,100.00,100 גרם,false,1,3.90,3.9000,true,1,14896
8697040109859,false,סבון נוזלי אסותא 1לי,,IL,סבון נוזלי אסותא 1ליטר משאבה סגול,ליטרים,1.00,ליטר,false,12,9.90,9.9000,true,1,29437
8697040109866,false,סבון נוזלי אסותא 1לי,,IL,סבון נוזלי אסותא 1ליטר משאבה ירוק,ליטרים,1.00,ליטר,false,12,9.90,9.9000,true,1,29438
8697040109873,false,סבון נוזלי אסותא 1לי,,IL,סבון נוזלי אסותא 1ליטר משאבה כחול,ליטרים,1.00,ליטר,false,12,9.90,9.9000,true,1,29439
8697040109880,false,סבון נוזלי אסותא 1לי,,IL,סבון נוזלי אסותא 1ליטר משאבה כתום,ליטרים,1.00,ליטר,false,12,9.90,9.9000,true,1,29440
8697040109897,false,סבון נוזלי אסותא 1לי,,IL,סבון נוזלי אסותא 1ליטר משאבה צהוב,ליטרים,1.00,ליטר,false,12,9.90,9.9000,true,1,29441
8697040109903,false,גל רחצה אסותא 700מל,,,גל רחצה אסותא 700מל אלוורה,מיליליטרים,700.00,"100 מ""ל",false,12,8.90,1.2714,true,1,28788
8697040109910,false,גל רחצה אסותא 700מל,,,גל רחצה אסותא 700מל פירות יער,מיליליטרים,700.00,"100 מ""ל",false,12,8.90,1.2714,true,1,28789
8697040109927,false,גל רחצה אסותא 700מל,,,גל רחצה אסותא 700מל שוקולד,מיליליטרים,700.00,"100 מ""ל",false,12,8.90,1.2714,true,1,28790
8697040109934,false,גל רחצה אסותא 700מל,,,גל רחצה אסותא 700מל קוקוס,מיליליטרים,700.00,"100 מ""ל",false,12,8.90,1.2714,true,1,28791
8697040109941,false,גל רחצה אסותא 700מל,,,גל רחצה אסותא 700מל ורדים,מיליליטרים,700.00,"100 מ""ל",false,12,8.90,1.2714,true,1,28792
8697418280111,false,עלי טורטייה לה וילה8,פרינסיס און וה אונלו,TR,עלי טורטייה 840 גר 25 סמ,גרמים,840.00,100 גרם,false,12,23.90,2.8452,true,1,4179
8697418280128,false,עלי טורטייה לה וליה,פרינסיס און וה אונלו,TR,עלי טורטייה לה וליה 540 גר 20סמ,גרמים,540.00,100 גרם,false,12,21.90,4.0556,true,1,4542
8697418280173,false,עלי טורטייה חיטה מלא,פרינסיס און וה אונלו,TR,עלי טורטייה חיטה מלאה לה וליה 840 גרם,גרמים,840.00,100 גרם,false,12,24.90,2.9643,true,1,4543
8697418280180,false,עלי טורטיה לה וילה 3,פרינסיס און וה אונלו,TR,עלי טורטיה לה וילה 360 גרם 30 יח,גרמים,360.00,100 גרם,false,12,14.90,4.1389,true,1,16932
8697418280333,false,שערות קדאיף יבש לואל,פרינסיס און וה אונלו,TR,שערות קדאיף יבש לואליה 500 גר,גרמים,500.00,100 גרם,false,12,19.90,3.9800,true,1,16994
8697418280487,false,עלי טורטיה קמח תירס,פרינסיס און וה אונלו,TR,עלי טורטיה קמח תירס לה ויליה 540 גרם,גרמים,540.00,100 גרם,false,12,21.90,4.0556,true,1,32502
8697431460064,false,קונפ.משמש 70% פרי 45,,,קונפ.משמש 70% פרי 450 גר,גרמים,450.00,100 גרם,false,1,12.90,2.8667,true,1,2035
8697431460217,false,קונפ.תפוזים 70% פרי,,,קונפ.תפוזים 70% פרי 450 גר,גרמים,450.00,100 גרם,false,1,12.90,2.8667,true,1,2662
8697431460378,false,קונפ.שזיפים 70% פרי,,,קונפ.שזיפים 70% פרי 450 גר,גרמים,450.00,100 גרם,false,1,12.90,2.8667,true,1,2810
8697431921701,false,קונפ.תות  70% פרי 45,,,קונפ.תות  70% פרי 450 גר,גרמים,450.00,100 גרם,false,1,12.90,2.8667,true,1,10538
8697431921718,false,קונפ.דובדבן חמוץ 70%,,,קונפ.דובדבן חמוץ 70% פרי 450 גר,גרמים,450.00,100 גרם,false,1,12.90,2.8667,true,1,10557
8697431925143,false,קונפ.פירות יער 70% פ,,,קונפ.פירות יער 70% פרי 450 גר,גרמים,450.00,100 גרם,false,1,12.90,2.8667,true,1,10583
8697659224035,false,מטהר אויר אקווה 400מ,יעקובי,,מטהר אויר אקווה 400מל,מיליליטרים,400.00,"100 מ""ל",false,1,10.90,2.7250,true,1,13899
8697659224042,false,מטהר אויר אושן 400מל,יעקובי,,מטהר אויר אושן 400מל,מיליליטרים,400.00,"100 מ""ל",false,1,10.90,2.7250,true,1,13900
8697659224059,false,מטהר אויר הולידיי 40,יעקובי,,מטהר אויר הולידיי 400מל,מיליליטרים,400.00,"100 מ""ל",false,1,10.90,2.7250,true,1,13898
8697659224066,false,מטהר אויר טרופיקל 40,יעקובי,,מטהר אויר טרופיקל 400מל,מיליליטרים,400.00,"100 מ""ל",false,1,10.90,2.7250,true,1,13901
8697659225179,false,מטהר אויר עלי נענע פ,אטקה,,מטהר אויר עלי נענע פירות יער 250 מל,מיליליטרים,250.00,"100 מ""ל",false,1,12.90,5.1600,true,1,14600
8697659225186,false,מטהר אויר משב הכותנה,אטקה,,מטהר אויר משב הכותנה 250 מל,מיליליטרים,250.00,"100 מ""ל",false,1,12.90,5.1600,true,1,14598
8697659232733,false,מבשם  אריגים 425 מל,,,מבשם  אריגים 425 מל פרש כותנה,מיליליטרים,425.00,"100 מ""ל",false,1,12.90,3.0353,true,1,19147
8697659232757,false,מבשם  אריגים 425 מל,,,מבשם  אריגים 425 מל לבנדר,מיליליטרים,425.00,"100 מ""ל",false,1,12.90,3.0353,true,1,19148
8697659232788,false,מבשם  אריגים 425 מל,,,מבשם  אריגים 425 מל בריח קצפת ותות שדה,מיליליטרים,425.00,"100 מ""ל",false,1,12.90,3.0353,true,1,22077
8697659232795,false,מבשם  אריגים 425 מל,,,מבשם  אריגים 425 מל מנטרל ריחות עישון,מיליליטרים,425.00,"100 מ""ל",false,1,12.90,3.0353,true,1,22078
8697659238100,false,מטהר אויר פרש אנד מו,,TR,מטהר אויר פרש אנד מור כוכב סגול 400מל,מיליליטרים,400.00,"100 מ""ל",false,12,19.90,4.9750,true,1,23468
8697659238117,false,מטהר אויר פרש אנד מו,,TR,מטהר אויר פרש אנד מור כוכב צהוב 400מל,מיליליטרים,400.00,"100 מ""ל",false,12,19.90,4.9750,true,1,23469
8697659238124,false,מטהר אויר פרש אנד מו,,TR,מטהר אויר פרש אנד מור כוכב אדום 400מל,מיליליטרים,400.00,"100 מ""ל",false,12,19.90,4.9750,true,1,23470
8697659238131,false,מטהר אויר פרש אנד מו,,TR,מטהר אויר פרש אנד מור כוכב כחול 400מל,מיליליטרים,400.00,"100 מ""ל",false,12,19.90,4.9750,true,1,23471
8697826469092,false,טורטיה טורטילס קטנה,מוטלוקל,TR,טורטיה טורטילס קטנה 12 יח 540 גרם,גרמים,540.00,100 גרם,false,1,10.90,2.0185,true,1,6591
8697831371304,false,עוגיות מקרון מילנו 6,,TR,עוגיות מקרון מילנו 6 יחידות,יחידה,6.00,יחידה,false,14,29.90,4.9833,true,1,38523
8698683781600,false,מארז 4יח טישו דו שכב,איברהים האקיתשין,,מארז 4יח טישו דו שכבתי 300יח,יחידה,1200.00,יחידה,false,1,10.90,0.0091,true,1,14897
8698683781648,false,מארז 5יח טישו דו שכב,איברהים האקיתשין,,מארז 5יח טישו דו שכבתי 200יח,יחידה,1000.00,יחידה,false,1,10.90,0.0109,true,1,14898
8699250035041,false,זית שחור יבש 700 גרם,,,זית שחור יבש 700 גרם,גרמים,700.00,100 גרם,false,1,19.90,2.8429,true,1,17567
8699621150502,false,גז למילוי מצתים,,,גז למילוי מצתים,יחידה,1.00,יחידה,false,1,9.90,9.9000,true,1,30760
8710103787402,false,סכין למכשיר עיצוב זי,,NL,סכין למכשיר עיצוב זיפים וואן בלייד,יחידה,1.00,יחידה,false,4,99.00,99.0000,true,1,31584
8710103797951,false,מכשיר לעיצוב זיפים ו,,NL,מכשיר לעיצוב זיפים וואן בלייד,יחידה,1.00,יחידה,false,3,199.00,199.0000,true,1,31583
8710103811183,false,זוג מוצצי אוונט קלאס,,,זוג מוצצי אוונט קלאסיק 0-6 בנים,יחידה,1.00,יחידה,false,1,34.90,34.9000,true,1,23794
8710103811220,false,זוג מוצצי אוונט קלאס,,,זוג מוצצי אוונט קלאסיק 0-6 בנות,יחידה,1.00,יחידה,false,1,34.90,34.9000,true,1,23793
8710103811251,false,זוג מוצצי אוונט קלאס,,,זוג מוצצי אוונט קלאסיק 6-18 בנות,יחידה,1.00,יחידה,false,1,34.90,34.9000,true,1,23795
8710103811299,false,זוג מוצצי אוונט קלאס,,,זוג מוצצי אוונט קלאסיק 6-18 בנים,יחידה,1.00,יחידה,false,1,34.90,34.9000,true,1,23796
8710103851813,false,זוג מוצצי אוונט מאוי,,,זוג מוצצי אוונט מאויר 0-6 בנות,יחידה,1.00,יחידה,false,1,34.90,34.9000,true,1,23799
8710103851820,false,זוג מוצצי אוונט קלאס,,,זוג מוצצי אוונט קלאסיק  6-18 פיטר פן,יחידה,1.00,יחידה,false,1,34.90,34.9000,true,1,23798
8710103868347,false,בקבוק אוונט 260מל פו,פיליפס אוונט,,בקבוק אוונט 260מל פוליפרופילן חלב קלאסיק,יחידה,1.00,יחידה,false,1,34.90,34.9000,true,1,23789
8710103868637,false,בקבוק אוונט 260מל תכ,פיליפס אוונט,,בקבוק אוונט 260מל תכלת ללא בי פי איי,יחידה,1.00,יחידה,false,1,34.90,34.9000,true,1,23792
8710103868699,false,בקבוק אוונט 330מל פו,פיליפס אוונט,,בקבוק אוונט 330מל פוליפרופילן חלב קלאסיק,יחידה,1.00,יחידה,false,1,39.90,39.9000,true,1,23790
8710243961533,false,גבינת אולד אמסטרדם ח,,,גבינת אולד אמסטרדם חטיף בשקית 90גר לבן,Unknown,0.00,Unknown,false,1,19.90,0.0000,true,1,31947
8710243962400,false,גבינת קרם אולד אמסטר,ווסטלנד,,גבינת קרם אולד אמסטרדם 125 גרם,גרמים,125.00,100 גרם,false,1,19.90,15.9200,true,1,10532
8710252130647,false,ופל קונוס לגלידה האב,,BE,ופל קונוס לגלידה האבלה 14 יח 175 גרם,גרמים,175.00,100 גרם,false,12,14.90,8.5143,true,1,44930
8710252138599,false,ופל קעריות לגלידה הא,,BE,ופל קעריות לגלידה האבלה 100 גרם,גרמים,100.00,100 גרם,false,12,14.90,14.9000,true,1,44931
8710296166688,false,ברוסקטה פנדרו שמן זי,,ES,ברוסקטה פנדרו שמן זית עגבניות 160 גרם,גרמים,160.00,100 גרם,false,10,9.90,6.1875,true,1,35086
8710418111213,false,עוגיות חמאה ברינק ספ,CONTINENTAL BAKERIES,,עוגיות חמאה ברינק-ספריטס הולדי 400 גר,גרמים,400.00,100 גרם,false,1,10.00,2.5000,true,1,5014
8710428005755,false,ת.חלב סימילק איזומיל,,,ת.חלב סימילק איזומיל 400 גר,גרמים,400.00,100 גרם,false,1,44.90,11.2250,true,1,17099
8710428005762,false,ת.חלב סימילק איזומיל,,,ת.חלב סימילק איזומיל טף 400 גר,גרמים,400.00,100 גרם,false,1,44.90,11.2250,true,1,17100
8710428016348,false,אבקת פדיאשור וניל 40,,IL,אבקת פדיאשור וניל 400 גרם,גרמים,400.00,100 גרם,false,1,46.90,11.7250,true,1,28819
8710428016355,false,אבקת פדיאשור שוקולד,,IL,אבקת פדיאשור שוקולד 400 גרם,גרמים,400.00,100 גרם,false,1,46.90,11.7250,true,1,28818
8710447211052,false,שמפו טרזמה בוטניק  4,טריזמה,PL,שמפו טרזמה בוטניק  400מל,מיליליטרים,400.00,"100 מ""ל",false,6,17.90,4.4750,true,1,19660
8710447224311,false,מרכך טרזמה בוטניק  4,טריזמה,PL,מרכך טרזמה בוטניק  400מל,מיליליטרים,400.00,"100 מ""ל",false,6,17.90,4.4750,true,1,19662
8710447224342,false,שמפו טרזמה קרטין  40,טריזמה,PL,שמפו טרזמה קרטין  400מל,מיליליטרים,400.00,"100 מ""ל",false,6,17.90,4.4750,true,1,19659
8710447275306,false,קרם ידיים דאב  75 מל,יוניליוור,,קרם ידיים דאב  75 מל שמן אבוקדו,מיליליטרים,75.00,"100 מ""ל",false,1,10.90,14.5333,true,1,20699
8710447275313,false,קרם ידיים דאב  75 מל,יוניליוור,,קרם ידיים דאב  75 מל שמן קוקוס,מיליליטרים,75.00,"100 מ""ל",false,1,10.90,14.5333,true,1,20700
8710447331095,false,מסכת שיער טריזמה בוט,טריזמה,,מסכת שיער טריזמה בוטניק 300מל,מיליליטרים,300.00,"100 מ""ל",false,1,29.90,9.9667,true,1,19631
8710448562283,false,מיונז הולנדי רמייה צ,,,מיונז הולנדי רמייה צנצנת 500 מל,מיליליטרים,500.00,"100 מ""ל",false,1,13.90,2.7800,true,1,41293
8710448569879,false,מיונז הולנדי לחיץ750,רמייה,,מיונז הולנדי לחיץ750 מל,מיליליטרים,750.00,"100 מ""ל",false,1,20.00,2.6667,true,1,13004
8710448580089,false,מיונז הולנדי רמייה ל,רמייה,,מיונז הולנדי רמייה לחיץ 500 גר,גרמים,480.00,100 גרם,false,1,11.90,2.4792,true,1,13005
8710448588733,false,רוטב רמייה עשבי תיבו,רמייה,NL,רוטב לסלט עשבי תיבול רמייה 500 מל,מיליליטרים,500.00,"100 מ""ל",false,600,11.90,2.3800,true,1,21290
8710448588740,false,רוטב חרדל ודבש רמייה,רמייה,,רוטב חרדל ודבש רמייה 500מל,מיליליטרים,500.00,"100 מ""ל",false,1,13.90,2.7800,true,1,15090
8710448588764,false,רוטב רמייה עשבי תיבו,רמייה,NL,רוטב רמייה עשבי תיבול לסלט 500 מל,מיליליטרים,500.00,"100 מ""ל",false,600,11.90,2.3800,true,1,25786
8710448588771,false,רוטב רמיה איטלקי לסל,,,רוטב איטלקי לסלט רמייה 500 מל,מיליליטרים,500.00,"100 מ""ל",false,1,11.90,2.3800,true,1,11664
8710448588788,false,רוטב רמייה קיסר לחיץ,רמייה,NL,רוטב רמייה קיסר 500 מל לחיץ,מיליליטרים,500.00,"100 מ""ל",false,6,13.90,2.7800,true,1,28573
8710448593713,false,חרדל רמייה לחיץ 375,רמייה,NL,חרדל רמייה לחיץ 375 גר,גרמים,375.00,100 גרם,false,12,10.90,2.9067,true,1,30323
8710448595175,false,רוטב ברביקיו רמייה מ,רמייה,,רוטב ברביקיו רמייה מעושן 450 גר,גרמים,450.00,100 גרם,false,1,17.90,3.9778,true,1,12042
8710448595182,false,רוטב ברביקיו רמייה ד,רמייה,,רוטב ברביקיו רמייה דבש מעושן 450 מל,מיליליטרים,450.00,"100 מ""ל",false,1,17.90,3.9778,true,1,22394
8710448595199,false,רוטב ברביקיו רמייה צ,רמייה,,רוטב ברביקיו רמייה צילי חריף 450 גר,גרמים,450.00,100 גרם,false,1,17.90,3.9778,true,1,12043
8710448595847,false,רוטב רמייה בלו ציז 2,רמייה,NL,רוטב רמייה בלו ציז 250 מל,מיליליטרים,250.00,"100 מ""ל",false,6,14.90,5.9600,true,1,43724
8710448632856,false,רוטב רמייה הוואי חרד,רמייה,NL,רוטב רמייה הוואי חרדל אננס לחיץ 250 מל,מיליליטרים,250.00,"100 מ""ל",false,6,8.90,3.5600,true,1,28575
8710448634669,false,רוטב מיו פיקנטי אנדל,רמייה,NL,רוטב מיו פיקנטי אנדלוס גאודס 650 מל,מיליליטרים,650.00,"100 מ""ל",false,6,19.90,3.0615,true,1,33958
8710448636274,false,רוטב ברביקיו רמיה עם,רמייה,,רוטב ברביקיו רמיה עם בירה 450 גרם,גרמים,450.00,100 גרם,false,1,17.90,3.9778,true,1,26766
8710448636977,false,קטשופ רמייה מופחת סו,רמייה,,קטשופ רמייה מופחת סוכר ומלח 500 מל,מיליליטרים,500.00,"100 מ""ל",false,1,9.90,1.9800,true,1,31213
8710448638117,false,רוטב גאודס פריטס הול,Gauda glorie,,רוטב גאודס פריטס הולנדי 750 מל,מיליליטרים,750.00,"100 מ""ל",false,1,17.90,2.3867,true,1,44693
8710448638131,false,מיונז גאודסמופחת שומ,,,מיונז גאודס מופחת שומן הולנדי 750 מל,מיליליטרים,750.00,"100 מ""ל",false,1,17.90,2.3867,true,1,44692
8710448638162,false,מיונז גאודס  הולנדי,,,מיונז גאודס  הולנדי 750 מל,מיליליטרים,750.00,"100 מ""ל",false,1,21.90,2.9200,true,1,44694
8710448680321,false,מיונז הולנדי גאודס 8,,,מיונז הולנדי גאודס 850 מל,מיליליטרים,850.00,"100 מ""ל",false,1,19.90,2.3412,true,1,14693
8710448680376,false,רוטב מיו ספייסי סמור,רמייה,NL,רוטב מיו ספייסי סמוראי גאודס 650 מל,מיליליטרים,650.00,"100 מ""ל",false,6,19.90,3.0615,true,1,33960
8710448692737,false,קטשופ רמיה הולנדי לח,רמייה,NL,קטשוף רמיה הולנדי לחיץ 300 מל,מיליליטרים,300.00,"100 מ""ל",false,6,7.90,2.6333,true,1,28610
8710448692744,false,קטשופ רמיה קארי לחיץ,רמייה,NL,קטשוף רמיה קארי לחיץ 300 מל,מיליליטרים,300.00,"100 מ""ל",false,6,7.90,2.6333,true,1,28611
8710449922086,false,חטיפי נאגטס צאדר חלפ,,NL,חטיפי נאגטס צאדר חלפינו אביקו 1 קג,קילוגרמים,1.00,"ק""ג",false,5,69.90,69.9000,true,1,33962
8710449937776,false,צורוס אביקו 1 קג,,NL,צורוס אביקו 1 קג,קילוגרמים,1.00,"ק""ג",false,5,35.00,35.0000,true,1,38470
8710488190439,false,כרוב כבוש לבן מובחר,,,כרוב כבוש לבן מובחר 850 גר קרמר,גרמים,850.00,100 גרם,false,1,10.90,1.2824,true,1,12693
8710488190811,false,כרוב כבוש לבן מובחר,,,כרוב כבוש לבן מובחר 580 גר קרמר,גרמים,580.00,100 גרם,false,1,9.90,1.7069,true,1,25027
8710502011894,false,עוגיות שוקוציפס מרבה,Merba BV,,עוגיות שוקוציפס מרבה לימון 225 גרם,גרמים,225.00,100 גרם,false,1,9.90,4.4000,true,1,17471
8710502064814,false,עוגיות שוקוציפס מרבה,Merba BV,,עוגיות שוקוציפס מרבה רכות 175גר,גרמים,175.00,100 גרם,false,1,9.90,5.6571,true,1,11377
8710502139017,false,עוגיות שוקוציפס מרבה,Merba BV,,עוגיות שוקוציפס מרבה טריפל 180 גר,גרמים,180.00,100 גרם,false,1,9.90,5.5000,true,1,5675
8710502194801,false,עוגיות שוקוציפס מרבה,Merba BV,,עוגיות שוקוציפס מרבה פירות יער 175 גר,גרמים,175.00,100 גרם,false,1,9.90,5.6571,true,1,13367
8710502279010,false,עוגיות שוקוציפס מרבה,Merba BV,NL,עוגיות שוקוציפס מרבה מצופות 175 גר,גרמים,175.00,100 גרם,false,22,9.90,5.6571,true,1,28842
8710502285509,false,עוגיות שוקוציפס מרבה,Merba BV,NL,עוגיות שוקוציפס מרבה לימון 175 גר,גרמים,175.00,100 גרם,false,22,9.90,5.6571,true,1,37462
8710502405204,false,עוגיות שוקוציפס מרבה,Merba BV,,עוגיות שוקוציפס מרבה קרם שוקולד175 גר,גרמים,175.00,100 גרם,false,1,9.90,5.6571,true,1,7964
8710502470028,false,עוגיות שוקוציפס מרבה,Merba BV,,עוגיות שוקוציפס מרבה נוגטלי 160 גר,גרמים,160.00,100 גרם,false,1,9.90,6.1875,true,1,6884
8710522893807,false,ממרח מיונז תיפטולה ט,,,ממרח מיונז תיפטולה טבעוני 270 גר,מיליליטרים,270.00,"100 מ""ל",false,1,19.90,7.3704,true,1,39037
8710522893821,false,ממרח מיונז שום טבעונ,,,ממרח מיונז שום טבעוני  270 גר הלמנס,מיליליטרים,270.00,"100 מ""ל",false,1,19.90,7.3704,true,1,39041
8710522957769,false,מיונז קאלווה בלגי 65,יוניליוור,NL,מיונז קאלווה בלגי 650 גרם צנצנת,מיליליטרים,650.00,"100 מ""ל",false,12,19.90,3.0615,true,1,40439
8710552274614,false,קצף לניקוי שטיחים וא,RB בריטניה,NL,קצף לניקוי שטיחים ואריגים וניש גולד600מל,מיליליטרים,600.00,"100 מ""ל",false,6,18.90,3.1500,true,1,18455
8710625522109,false,ליקר קוואי פה ליצי 7,צויה,NL,ליקר קוואי פה ליצי 700 מל,מיליליטרים,700.00,"100 מ""ל",false,12,89.90,12.8429,true,1,20477
8710625524707,false,ליקר אפרסק פיצטרי 70,,,ליקר אפרסק פיצטרי 700 מל,מיליליטרים,700.00,"100 מ""ל",false,6,79.90,11.4143,true,1,20913
8710631018221,false,לימונצילו פיוריטו 50,,NL,לימונצינו פיוריטו 500 מל,מיליליטרים,500.00,"100 מ""ל",false,6,89.00,17.8000,true,1,20250
8710701044211,false,שרי טראדישן 750 מל,קוימנס רויאל,,שרי טראדישן 750 מל פקדון,מיליליטרים,750.00,"100 מ""ל",false,1,27.00,3.6000,true,1,2649
8710800027573,false,סוכ.מיני מנטוס פירות,,,סוכ.מיני מנטוס פירות 178 ג שקית,גרמים,178.00,100 גרם,false,1,12.90,7.2472,true,1,1605
8710800961310,false,מארז 4 יח סוכריות מנ,פרפטי ואן מלה,,מארז 4 יח סוכריות מנטוס תות,יחידה,4.00,יחידה,false,1,10.90,2.7250,true,1,1606
8710812001844,false,ריבת מיקס פירות ביתי,,,ריבת מיקס פירות ביתית 450 גר,גרמים,450.00,100 גרם,false,1,12.00,2.6667,true,1,33074
8710812011102,false,ריבת תות שדה ביתית 4,,,ריבת תות שדה ביתית 450 גר,גרמים,450.00,100 גרם,false,1,12.00,2.6667,true,1,9616
8710847860829,false,דאודורנט רקסונה רול,יוניליוור,GB,דאודורנט רקסונה רול און כותנה 50מל,Unknown,0.00,Unknown,false,6,19.90,0.0000,true,1,22446
8710847860843,false,דאודורנט רקסונה רול,יוניליוור,GB,דאודורנט רקסונה רול און אינביזיבל 50מל,Unknown,0.00,Unknown,false,6,19.90,0.0000,true,1,22445
8710847942679,false,שמפו טרזמה המפ 400מל,טריזמה,PL,שמפו טרזמה המפ 400מל,מיליליטרים,400.00,"100 מ""ל",false,6,17.90,4.4750,true,1,32340
8710847942693,false,מרכך טרזמה המפ 400מל,טריזמה,PL,מרכך טרזמה המפ 400מל,מיליליטרים,400.00,"100 מ""ל",false,6,17.90,4.4750,true,1,32341
8710847962592,false,דאודורנט אקס פינק פפ,יוניליוור,,דאודורנט אקס פינק פפר ספריי לגבר 150מל,מיליליטרים,150.00,"100 מ""ל",false,1,19.90,13.2667,true,1,23886
8710847962608,false,דאודורנט אקס מוחיטו,יוניליוור,,דאודורנט אקס מוחיטו ספריי לגבר 150מל,מיליליטרים,150.00,"100 מ""ל",false,1,19.90,13.2667,true,1,23887
8710847973970,false,סבון נוזלי דאב 750מל,יוניליוור,,סבון נוזלי דאב 750מל אלוורה ועץ שדר,מיליליטרים,750.00,"100 מ""ל",false,1,17.90,2.3867,true,1,29143
8710847995729,false,דאודורנט רקסונה ספרי,יוניליוור,,דאודורנט רקסונה ספריי 150מל דייזי פאור,מיליליטרים,150.00,"100 מ""ל",false,1,19.90,13.2667,true,1,25179
8710908160226,false,מרכך טריזמה לפני חפי,טריזמה,,מרכך טריזמה לפני חפיפה לנפח 500 מל,מיליליטרים,500.00,"100 מ""ל",false,1,19.90,3.9800,true,1,13876
8710908326691,false,סבון נוזלי דאב אדמונ,יוניליוור,,סבון נוזלי דאב אדמונית 750 מל,מיליליטרים,750.00,"100 מ""ל",false,1,17.90,2.3867,true,1,13028
8710908404184,false,דאו. דאב ספריי ללא א,יוניליוור,,דאו. דאב ספריי ללא אלומיניום אורגינל 150,מיליליטרים,150.00,"100 מ""ל",false,1,16.90,11.2667,true,1,23883
8710998448747,false,חטיפי פאנדיז הרשי קר,הרשיז,US,חטיפי פאנדיז הרשי קראנצי פינאטס לבן175גר,גרמים,175.00,100 גרם,false,30,9.90,5.6571,true,1,40697
8711000360606,false,קפסולות אספרסו לור7ר,JDE,FR,קפסולות אספרסו לור7אינטנסיטי 10 יח,יחידה,10.00,יחידה,false,10,19.90,1.9900,true,1,28363
8711000362556,false,קפסולות אספרסו לור 8,JDE,FR,קפסולות אספרסו לור 9 מאוזן 10 יח,יחידה,10.00,יחידה,false,10,19.90,1.9900,true,1,21312
8711000362570,false,קפסולות אספרסו לור 9,JDE,FR,קפסולות אספרסו לור 9 מלא 10 יח,יחידה,10.00,יחידה,false,10,19.90,1.9900,true,1,21311
8711000362617,false,קפסולות אספרסו לור 8,JDE,FR,קפסולות אספרסו לור 8 עוצמתי 10 יח,יחידה,10.00,יחידה,false,10,19.90,1.9900,true,1,21313
8711000362631,false,קפסולות אספרסו לור 1,JDE,FR,קפסולות אספרסו לור 12 מריר 10 יח,יחידה,10.00,יחידה,false,10,19.90,1.9900,true,1,21309
8711000362655,false,קפסולות אספרסו לור9א,JDE,FR,קפסולות אספרסו לור9אינטנסיטי 10 יח,יחידה,10.00,יחידה,false,10,19.90,1.9900,true,1,28362
8711000362679,false,קפסולות אספרסו לור ק,JDE,FR,קפסולות אספרסו לור קולומביה 10 יח,יחידה,10.00,יחידה,false,10,19.90,1.9900,true,1,21333
8711000362693,false,קפסולות אספרסו לור פ,JDE,FR,קפסולות אספרסו לור פפואה 10 יח,יחידה,10.00,יחידה,false,10,19.90,1.9900,true,1,21334
8711000362747,false,קפסולות אספרסו לור 1,JDE,FR,קפסולות אספרסו לור 11 אגוזי 10 יח,יחידה,10.00,יחידה,false,10,19.90,1.9900,true,1,21310
8711000431108,false,קפסולות אספרסו לור ה,JDE,FR,קפסולות אספרסו לור הודו 10 יח,יחידה,10.00,יחידה,false,10,19.90,1.9900,true,1,21335
8711000471296,false,קפסולות אספרסו לור13,JDE,FR,קפסולות אספרסו לור13אולטימו 10 יח,יחידה,10.00,יחידה,false,10,19.90,1.9900,true,1,25141
8711000481936,false,קפסולות אספרסו לור א,JDE,FR,קפסולות אספרסו לור אורגני 10 יח,יחידה,10.00,יחידה,false,10,19.90,1.9900,true,1,32670
8711151034500,false,ממרח תפוחי עץ טבעי ה,,,ממרח תפוחי עץ טבעי הולנדי 450 גר,גרמים,450.00,100 גרם,false,1,9.50,2.1111,true,1,5645
8711200389186,false,ממרח מיונז בטעם טבעי,,,ממרח מיונז בטעם טבעי טבעוני 270 גר,מיליליטרים,270.00,"100 מ""ל",false,1,19.90,7.3704,true,1,39040
8711200425990,false,חמאת בוטנים קאלווה ח,,,חמאת בוטנים קאלווה חלקה ללא סוכר 350 גר,גרמים,350.00,100 גרם,false,1,15.90,4.5429,true,1,22038
8711200426034,false,חמאת בוטנים קאלווה ק,,,חמאת בוטנים קאלווה קראנצי 350 גר,גרמים,350.00,100 גרם,false,1,15.90,4.5429,true,1,22037
8711200443789,false,חרדל מאילי דיזון לחי,מיילי,FR,חרדל מאילי דיזון לחיץ גרגירים235 מל,מיליליטרים,235.00,"100 מ""ל",false,8,15.90,6.7660,true,1,19725
8711200443802,false,חרדל מאילי דיזון לחי,מיילי,FR,חרדל מאילי דיזון לחיץ 235 מל,מיליליטרים,235.00,"100 מ""ל",false,8,15.90,6.7660,true,1,19724
8711200484874,false,חרדל ודבש קאלווה לחי,יוניליוור,NL,חרדל ודבש קאלווה לחיץ 450 מל,מיליליטרים,450.00,"100 מ""ל",false,12,24.90,5.5333,true,1,40443
8711200516636,false,קולמנס אבקת רוטב פלפ,,GB,קולמנס אבקת רוטב פלפל,Unknown,0.00,Unknown,false,12,10.90,0.0000,true,1,31739
8711271101014,false,ממרח פיקללי מקורי קש,,NL,ממרח פיקללי מקורי קשבאק 370 מל,מיליליטרים,370.00,"100 מ""ל",false,6,14.90,4.0270,true,1,32402
8711271101229,false,בצלי אמסטרדם קשבאק 3,,NL,בצלי אמסטרדם קשבאק 370 מל,מיליליטרים,370.00,"100 מ""ל",false,6,14.90,4.0270,true,1,43811
8711271105005,false,מלפפון חמוץ טבעות קא,,NL,מלפפון חמוץ טבעות קאשבאק 720 מל,מיליליטרים,720.00,"100 מ""ל",false,6,19.90,2.7639,true,1,43727
8711271107955,false,מלפפון חמוץ קוביות ק,,NL,מלפפון חמוץ קוביות קאשבאק 370 מל,מיליליטרים,370.00,"100 מ""ל",false,6,14.90,4.0270,true,1,43726
8711271109713,false,מלפפון חמוץ רצועות ק,,NL,מלפפון חמוץ רצועות קאשבאק 550 מל,מיליליטרים,550.00,"100 מ""ל",false,6,19.90,3.6182,true,1,43810
8711281013345,false,חרדל הולנדי הוייסמן,,,חרדל הולנדי הוייסמן גרגרים 335 גר,גרמים,335.00,100 גרם,false,1,11.90,3.5522,true,1,15739
8711281023344,false,חרדל הולנדי הוייסמן,,,חרדל הולנדי הוייסמן חלק 335 גר,גרמים,335.00,100 גרם,false,1,11.90,3.5522,true,1,15740
8711327475618,false,גלידה מגנום פיינט ונ,"גלידת שטראוס בע""מ",IL,גלידה מגנום פיינט וניל קלאסיק 260גר,גרמים,260.00,100 גרם,false,8,21.90,8.4231,true,1,29331
8711327475663,false,גלידה מגנום פיינט ונ,"גלידת שטראוס בע""מ",IL,גלידה מגנום פיינט וניל שוקולד לבן 260גר,גרמים,260.00,100 גרם,false,8,21.90,8.4231,true,1,29330
8711327475717,false,גלידה מגנום פיינט ונ,"גלידת שטראוס בע""מ",IL,גלידה מגנום פיינט וניל שקדים 260גר,גרמים,260.00,100 גרם,false,8,21.90,8.4231,true,1,29332
8711327475762,false,גלידה מגנום פיינט שו,"גלידת שטראוס בע""מ",IL,גלידה מגנום פיינט שוקולד לבן עוגיות260גר,גרמים,260.00,100 גרם,false,8,21.90,8.4231,true,1,29333
8711351010090,false,גלידה סורבה לימונענע,,,גלידה סורבה לימונענע 750 מל,גרמים,750.00,100 גרם,false,1,24.90,3.3200,true,1,2016
8711351010120,false,גלידה סורבה אננס 750,,,גלידה סורבה אננס 750 מל,גרמים,750.00,100 גרם,false,1,24.90,3.3200,true,1,2477
8711351010137,false,גלידה סורבה מנגו 750,,,גלידה סורבה מנגו 750 מל,גרמים,750.00,100 גרם,false,1,24.90,3.3200,true,1,2018
8711351010151,false,גלידה סורבה וניל חלב,,,גלידה סורבה וניל חלבי 750 מל,גרמים,750.00,100 גרם,false,1,24.90,3.3200,true,1,2017
8711351010182,false,גלידה סורבה פסיפלורה,,,גלידה סורבה פסיפלורה 750 מל,גרמים,750.00,100 גרם,false,1,24.90,3.3200,true,1,2020
8711351010199,false,גלידה סורבה פירות יע,,,גלידה סורבה פירות יער 750 מל,גרמים,750.00,100 גרם,false,1,24.90,3.3200,true,1,2909
8711351010205,false,גלידה סורבה תות 750,,,גלידה סורבה תות 750 מל,גרמים,750.00,100 גרם,false,1,24.90,3.3200,true,1,2015
8711406000496,false,בירה לה טראפ טריפל 3,לה טראפ,,בירה לה טראפ טריפל 330מל פקדון בקבוק,מיליליטרים,330.00,"100 מ""ל",false,1,12.90,3.9091,true,1,6171
8711406022207,false,בירה לה טראפ קואדריפ,לה טראפ,,בירה לה טראפ קואדריפל 330מל פקדון בקבוק,מיליליטרים,330.00,"100 מ""ל",false,1,12.90,3.9091,true,1,6173
8711406032602,false,בירה לה טראפ בלונד 3,לה טראפ,,בירה לה טראפ בלונד 330מל פקדון בקבוק,מיליליטרים,330.00,"100 מ""ל",false,1,12.90,3.9091,true,1,13474
8711406129777,false,בירה לה טראפ דאבל 75,לה טראפ,,בירה לה טראפ דאבל 750מל פקדון בקבוק,מיליליטרים,750.00,"100 מ""ל",false,1,29.90,3.9867,true,1,13478
8711528211138,false,גבינת גאודה עיזים במ,הנרי בליך,,גבינת גאודה עיזים במשקל,קילוגרמים,1.00,"ק""ג",true,,169.00,169.0000,true,1,1838
8711528211145,false,גבינת גאודה במשקל כש,הנרי בליך,,גבינת גאודה במשקל כשרה,קילוגרמים,1.00,"ק""ג",true,,69.00,69.0000,true,1,3917
8711700665834,false,סבון מוצק דאב מלפפון,יוניליוור,,סבון מוצק דאב מלפפון 6 יח 100 גר,גרמים,600.00,100 גרם,false,1,18.90,3.1500,true,1,8101
8712000051099,false,מארז 6יח בירה היינקן,,IL,מארז 6יח בירה היינקן 0% 330מל בק.פקדון,ליטרים,1.98,ליטר,false,4,32.90,16.6162,true,1,20727
8712400802499,false,תחליף חלב נוטרלין של,נוטרישה-נוטרילון,,תחליף חלב נוטרלין שלב 1 800 גר,גרמים,800.00,100 גרם,false,1,59.90,7.4875,true,1,7716
8712400802512,false,תחליף חלב נוטרלין של,נוטרישה-נוטרילון,,תחליף חלב נוטרלין שלב 2 800 גר,גרמים,800.00,100 גרם,false,1,59.90,7.4875,true,1,7717
8712400802536,false,תחליף חלב נוטרלין של,נוטרישה-נוטרילון,,תחליף חלב נוטרלין שלב 3 800 גר,גרמים,800.00,100 גרם,false,1,59.90,7.4875,true,1,7718
8712514091949,false,לקריץ מינק הולנדי בט,,NL,לקריץ מינק הולנדי בטעמים 225 גרם,גרמים,225.00,100 גרם,false,12,16.90,7.5111,true,1,33002
8712514092304,false,לקריץ מינק הולנדי צי,,NL,לקריץ מינק הולנדי ציפוי פריך 225 גרם,גרמים,225.00,100 גרם,false,12,16.90,7.5111,true,1,33003
8712514092342,false,לקריץ מינק הולנדי מל,,NL,לקריץ מינק הולנדי מלוח 225 גרם,גרמים,225.00,100 גרם,false,12,16.90,7.5111,true,1,33001
8712561594608,false,סבון נוזלי דאב הזנה,יוניליוור,,סבון נוזלי דאב הזנה עמוקה 750 מל,מיליליטרים,750.00,"100 מ""ל",false,1,17.90,2.3867,true,1,11233
8712561611411,false,סבון נוזלי דאב מלפפו,יוניליוור,,סבון נוזלי דאב מלפפונים 750 מל,מיליליטרים,750.00,"100 מ""ל",false,1,17.90,2.3867,true,1,11234
8712561626286,false,סבון נוזלי דאב זוהר,יוניליוור,,סבון נוזלי דאב זוהר כמשי 750 מל,מיליליטרים,750.00,"100 מ""ל",false,1,17.90,2.3867,true,1,11235
8712561631570,false,תחליב רחצה דאב חלב ק,יוניליוור,,תחליב רחצה דאב חלב קוקוס 750 מל,מיליליטרים,750.00,"100 מ""ל",false,1,17.90,2.3867,true,1,11236
8712566144921,false,קולמנס אבקת רוטב ביף,,GB,קולמנס אבקת רוטב ביף סטרונגוף,Unknown,0.00,Unknown,false,12,10.90,0.0000,true,1,31733
8712566412013,false,אטריות סיניות להקפצה,קונימיקס,,אטריות סיניות להקפצה 250 גרם הולנד,גרמים,250.00,100 גרם,false,1,12.00,4.8000,true,1,12044
8713323093483,false,גבינת גאודה הולנדי 1,ווסטלנד,NL,גבינת גאודה הולנדי 150גר פרוס ורוד,גרמים,150.00,100 גרם,false,1,14.90,9.9333,true,1,29918
8713323093490,false,גבינת אדם הולנדי 150,ווסטלנד,NL,גבינת אדם הולנדי 150גר פרוס ירוק,גרמים,150.00,100 גרם,false,1,14.90,9.9333,true,1,29917
8713323093506,false,גבינת מאסדאם הולנדי,ווסטלנד,NL,גבינת מאסדאם הולנדי 150גר פרוס כחול,גרמים,150.00,100 גרם,false,1,14.90,9.9333,true,1,29919
8713800129261,false,טופי לונקה פאדג קרמל,לונקה בי וי אוסטראוט,NL,פרלינים לונקה פאדג קרמל 180 גרם,גרמים,180.00,100 גרם,false,12,14.90,8.2778,true,1,21292
8713800134616,false,טופי לונקה פאדג סופט,לונקה בי וי אוסטראוט,NL,טופי לונקה פאדג סופט קרמל 210 גרם,גרמים,210.00,100 גרם,false,8,14.90,7.0952,true,1,31214
8714100402016,false,אטריות אורז מלא מיהו,,,אטריות אורז מלא מיהון 250 גר,גרמים,250.00,100 גרם,false,1,11.90,4.7600,true,1,10509
8714100535301,false,רוטב קולמנס פירות ים,,GB,רוטב קולמנס פירות ים 165 גרם,גרמים,165.00,100 גרם,false,6,13.90,8.4242,true,1,30781
8714100536186,false,רוטב קולמנס מנטה 165,,GB,רוטב קולמנס מנטה 165 גרם,גרמים,165.00,100 גרם,false,6,13.90,8.4242,true,1,30779
8714100609804,false,רוטב קולמנס קרנברי 1,,GB,רוטב קולמנס קרנברי 165 גרם,גרמים,165.00,100 גרם,false,6,13.90,8.4242,true,1,30783
8714100730003,false,מים מיסלרים דאב 240מ,יוניליוור,RU,מים מיסלרים דאב 240מל,מיליליטרים,240.00,"100 מ""ל",false,1,24.90,10.3750,true,1,21618
8714200207931,false,סוכריות לקריץ דבש168,,NL,סוכריות לקריץ דבש168 גר,גרמים,168.00,100 גרם,false,12,7.90,4.7024,true,1,31734
8714200207962,false,סוכריות לקריץ חתול 1,,NL,סוכריות לקריץ חתול 166 גר,גרמים,166.00,100 גרם,false,12,7.90,4.7590,true,1,31735
8714200208013,false,סוכריות לקריץ אנטביט,,NL,סוכריות לקריץ אנטביטיקה 166 גר,גרמים,166.00,100 גרם,false,12,7.90,4.7590,true,1,31736
8714200208051,false,סוכריות לקריץ גיר152,,NL,סוכריות לקריץ גיר152 גר,גרמים,152.00,100 גרם,false,12,7.90,5.1974,true,1,31737
8714443620030,false,מרק ירקות אורגני 200,נטורפוד,,מרק ירקות אורגני 200 גר נטורפוד,גרמים,200.00,100 גרם,false,1,26.90,13.4500,true,1,13127
8714599410530,false,קפה נמס גקובס 200גר,מונדליז,,קפה נמס גקובס 200גר שקית,גרמים,200.00,100 גרם,false,1,19.90,9.9500,true,1,15527
8714599412336,false,קפה נמס גקובס בריסטה,מונדליז,,קפה נמס גקובס בריסטה אמריקנו 160 גרם,גרמים,160.00,100 גרם,false,1,27.90,17.4375,true,1,38071
8714599513781,false,קפה גקובס קרנט זהב מ,מונדליז,,קפה גקובס קרנט זהב מיובש 200 גר,גרמים,200.00,100 גרם,false,1,27.90,13.9500,true,1,12396
8714599513835,false,קפה נמס גקובס נטול ק,מונדליז,,קפה נמס גקובס נטול קפאין 200 גר,גרמים,200.00,100 גרם,false,1,32.90,16.4500,true,1,13304
8714599513866,false,קפה נמס גקובס קרונונ,מונדליז,,קפה נמס גקובס קרונונג מיובש 200 גרם,גרמים,200.00,100 גרם,false,1,27.90,13.9500,true,1,12395
8714789177229,false,מארז 4 מב.שיניים אקס,CP- China-SH,,מארז 4 מב.שיניים אקסטרא קלין,Unknown,0.00,Unknown,false,1,13.90,0.0000,true,1,4970
8714789402918,false,נוזל לניקוי כללי אגק,Colgate - Greece,,נוזל לניקוי כללי אגקס אדום פרחים 1.5 ל,ליטרים,1.50,ליטר,false,1,19.90,13.2667,true,1,5664
8714789402970,false,נוזל לניקוי כללי אגק,Colgate - Greece,,נוזל לניקוי כללי אגקס ירוק פרחים 1.5 ל,ליטרים,1.50,ליטר,false,1,19.90,13.2667,true,1,5666
8714789450315,false,נוזל כלים פלמוליב לי,Colgate - Greece,,נוזל כלים פלמוליב לימון שקוף 1.5 ל,ליטרים,1.50,ליטר,false,1,13.90,9.2667,true,1,5847
8714789529561,false,מש.קולגייט סנסיטיב פ,Colgate - Brazil,,מש.קולגייט סנסיטיב פרו ריליף הלבנה75מל,מיליליטרים,75.00,"100 מ""ל",false,1,22.90,30.5333,true,1,7268
8714789582764,false,מרסס אגקס חלונות טרי,Colgate - Greece,,מרסס אגקס חלונות טריגרם 750מל,מיליליטרים,750.00,"100 מ""ל",false,1,15.90,2.1200,true,1,10434
8714789740058,false,זוג מב.שיניים קולגיי,CP-Vietnam,,זוג מב.שיניים קולגייט טוויסטר סופט,Unknown,0.00,Unknown,false,1,20.90,0.0000,true,1,8398
8714789797786,false,נוזל כלים פלמוליב גר,Colgate - Greece,,נוזל כלים פלמוליב גרייס בלאסטר750מל,מיליליטרים,750.00,"100 מ""ל",false,1,10.90,1.4533,true,1,8395
8714789834467,false,נוזל כלים פלמוליב שק,Colgate - Greece,,נוזל כלים פלמוליב שקוף קלאסי 1.5ליטר,ליטרים,1.50,ליטר,false,1,13.90,9.2667,true,1,9073
8714789835112,false,מברשת שיניים קולגייט,קולגייט,IT,מברשת שיניים קולגייט 360 אופטיק וייט חשמ,יחידה,1.00,יחידה,false,12,59.90,59.9000,true,1,17985
8714789930848,false,מש.שיניים אופטיק ווי,CP-Poland swidnica,,מש.שיניים אופטיק וויט אינסטנט 75 מל,מיליליטרים,75.00,"100 מ""ל",false,1,21.90,29.2000,true,1,10236
8714789966403,false,ליידי ספיד סטיק פרו,Colgate - USA,,ליידי ספיד סטיק פרו 5 גל 65גרם,Unknown,0.00,Unknown,false,1,21.90,0.0000,true,1,32649
8714800004114,false,בירה בווריה 8.6 אורג,בווריה,,בירה בווריה 8.6 אורגינל 500מל פקדון,מיליליטרים,500.00,"100 מ""ל",false,1,10.00,2.0000,true,1,8468
8714800007191,false,בירה בווריה פרימיום,בווריה,,בירה בווריה פרימיום 500מל פקדון,מיליליטרים,500.00,"100 מ""ל",false,1,8.90,1.7800,true,1,8470
8714800014182,false,בירה בווריה 8.6 אדום,בווריה,,בירה בווריה 8.6 אדום 500מל פקדון,מיליליטרים,500.00,"100 מ""ל",false,1,10.00,2.0000,true,1,8771
8714800017473,false,משקה מאלט תפוח 330מל,בווריה,,משקה מאלט תפוח 330מל בק. פקדון,מיליליטרים,330.00,"100 מ""ל",false,1,5.00,1.5152,true,1,28964
8714800017480,false,מארז 6יח משקה מאלט ב,,,מארז 6יח משקה מאלט בוואריה תפוח 330מל,מיליליטרים,1980.00,"100 מ""ל",false,1,27.90,1.4091,true,1,28965
8714800021395,false,בירה בווריה 8.6 גולד,בווריה,,בירה בווריה 8.6 גולד 500מל פקדון,מיליליטרים,500.00,"100 מ""ל",false,1,10.00,2.0000,true,1,8469
8714800023399,false,מארז 6יח משקה מאלט ב,,,מארז 6יח משקה מאלט בוואריה אורגינל 330מל,מיליליטרים,1980.00,"100 מ""ל",false,1,27.90,1.4091,true,1,28966
8714800024136,false,בירה הולנדיה 5% 500,בווריה,,בירה הולנדיה 5% 500 מל,מיליליטרים,500.00,"100 מ""ל",false,24,7.90,1.5800,true,1,12557
8714800025348,false,בירה הולנדיה 12% 500,בווריה,,בירה הולנדיה 12% 500מל פקדון,מיליליטרים,500.00,"100 מ""ל",false,1,10.00,2.0000,true,1,11854
8714800025898,false,בירה בווריה 8.6בלק 7,בווריה,,"בירה בווריה 8.6בלק 7.9% 500 מ""ל",מיליליטרים,500.00,"100 מ""ל",false,1,10.00,2.0000,true,1,10252
8714800036214,false,בירה איי פי אל 500מל,בווריה,,בירה איי פי אל 500מל 8.6% פחית פקדון,מיליליטרים,500.00,"100 מ""ל",false,1,8.90,1.7800,true,1,21194
8714800039772,false,מארז 6יח בירה 8.6 או,בווריה,,מארז 6יח בירה 8.6 אורגינל 330מל בק.פקדון,מיליליטרים,1980.00,"100 מ""ל",false,4,29.90,1.5101,true,1,38365
8714800041645,false,בירה בווריה 500 מל 8,בווריה,,בירה בווריה 500 מל 8.6 אקסטרים 10.5%,מיליליטרים,500.00,"100 מ""ל",false,1,10.00,2.0000,true,1,30310
8714800043182,false,בירה איי פי אל 500מל,בווריה,,בירה איי פי אל 500מל 8.6% פחית פקדון,מיליליטרים,500.00,"100 מ""ל",false,1,10.00,2.0000,true,1,40909
8715035150300,false,רוטב סויה קיקומן ללא,,,רוטב סויה קיקומן ללא גלוטן 250 מל,מיליליטרים,250.00,"100 מ""ל",false,1,19.90,7.9600,true,1,29082
8715035520301,false,רוטב פונזו קיקומן סו,,,רוטב פונזו קיקומן סויה ולימון 250 מל,מיליליטרים,250.00,"100 מ""ל",false,1,19.90,7.9600,true,1,21267
8715700110141,false,מיונז אמיתי היינץ 46,היינץ,,מיונז היינץ אמיתי 460 גרם,גרמים,460.00,100 גרם,false,1,11.90,2.5870,true,1,15948
8715700110158,false,מיונז היינץ לייט 490,היינץ,,מיונז היינץ לייט 490 גרם,גרמים,490.00,100 גרם,false,1,11.90,2.4286,true,1,15949
8715700115344,false,היינץ מתבל עגבניות ל,ה.י. היינץ,,היינץ מתבל עגבניות לחיץ 460 גרם כשלפ,גרמים,460.00,100 גרם,false,1,6.90,1.5000,true,1,14215
8715700115641,false,מיונז היינץ לייט לחי,,,מיונז היינץ לייט לחיץ395 גר ל.חומר משמר,גרמים,395.00,100 גרם,false,1,14.90,3.7722,true,1,14944
8715700117805,false,קטשופ היינץ ללא מלח,ה.י. היינץ,,קטשופ היינץ ללא מלח וסוכר 400 מל,מיליליטרים,400.00,"100 מ""ל",false,1,11.90,2.9750,true,1,24379
8715700120874,false,קטשופ היינץ עם שום 4,ה.י. היינץ,NL,קטשופ היינץ עם שום 460 גרם,גרמים,460.00,100 גרם,false,10,11.90,2.5870,true,1,38026
8715700416021,false,ממרח סנדויץ מלפפונים,,,ממרח סנדויץ מלפפונים 300 גר,גרמים,300.00,100 גרם,false,1,15.90,5.3000,true,1,16485
8715700419695,false,רוטב היינץ ברביקיו מ,היינץ,,רוטב היינץ ברביקיו מתוק 500 גר,גרמים,500.00,100 גרם,false,1,13.90,2.7800,true,1,15947
8715700419732,false,קטשופ היינץ לחיץ 700,ה.י. היינץ,,קטשופ היינץ לחיץ 700 גרם,גרמים,700.00,100 גרם,false,1,11.90,1.7000,true,1,10194
8715700420516,false,רוטב היינץ קארי קלאס,היינץ פודס,GB,רוטב היינץ קארי קלאסי 425 גרם,גרמים,425.00,100 גרם,false,12,22.90,5.3882,true,1,31742
8715700421032,false,ממרח סנדויץ טבעי היי,,,ממרח סנדויץ טבעי היינץ 300 גר,גרמים,300.00,100 גרם,false,1,15.90,5.3000,true,1,11621
8715700421056,false,ממרח סנדויץ פיקנטי 3,,,ממרח סנדויץ פיקנטי 300 גר,גרמים,300.00,100 גרם,false,1,15.90,5.3000,true,1,12600
8715700421322,false,רוטב היינץ ברביקיו צ,היינץ,,רוטב היינץ ברביקיו צילי 490 גר,גרמים,490.00,100 גרם,false,1,13.90,2.8367,true,1,15946
8715700422367,false,מיונז אמיתי לייט היי,,,מיונז אמיתי לייט היינץ 420 גרם,גרמים,420.00,100 גרם,false,1,8.90,2.1190,true,1,13249
8715700422473,false,מיונז היינץ לחיץ395,,,מיונז היינץ לחיץ395 גר ל.חומר משמר,גרמים,395.00,100 גרם,false,1,14.90,3.7722,true,1,14053
8715700423906,false,מתבל עגבניות היינץ מ,ה.י. היינץ,,מתבל עגבניות היינץ מופחת סוכר ונתרן555גר,גרמים,555.00,100 גרם,false,1,11.90,2.1441,true,1,16557
8716695028879,false,שעועית אפויה חומה אמ,אמה ואן טולי בי.וי,NL,שעועית אפויה חומה אמהא 340 גרם,גרמים,340.00,100 גרם,false,12,8.90,2.6176,true,1,43728
8716695032876,false,גרעיני תירס צעיר אמה,אמה ואן טולי בי.וי,NL,גרעיני תירס צעיר אמהא 340 גרם,גרמים,340.00,100 גרם,false,12,8.90,2.6176,true,1,43731
8716695033873,false,סלק פרוס בחומץ אמהא,אמה ואן טולי בי.וי,NL,סלק פרוס בחומץ אמהא 340 גרם,גרמים,340.00,100 גרם,false,12,8.90,2.6176,true,1,43729
8716695043872,false,שעועית ירוקה אמה חתו,אמה ואן טולי בי.וי,NL,שעועית ירוקה אמה חתוכה 680 גרם,גרמים,680.00,100 גרם,false,12,12.90,1.8971,true,1,43730
8716695354404,false,מלפפון קורנישון חמוץ,,,מלפפון קורנישון חמוץ מתוק אמהא 330 גר,גרמים,330.00,100 גרם,false,1,10.90,3.3030,true,1,28609
8716695356408,false,מלפפון קורנישון חמוץ,,,מלפפון קורנישון חמוץ מתוק אמהא 670 גר,גרמים,670.00,100 גרם,false,1,16.90,2.5224,true,1,28608
8716695411879,false,רסק תפוחי עץ אמהא360,,,רסק תפוחי עץ אמהא360גר,גרמים,360.00,100 גרם,false,1,6.90,1.9167,true,1,21629
8716695413873,false,רסק תפוחי עץ אמהא 72,אהק בו.וי.גיסן,,רסק תפוחי עץ אמהא 720גר צנצנת,גרמים,720.00,100 גרם,false,1,10.00,1.3889,true,1,21640
8716695882877,false,רסק תפוחי עץ ל.ס. אמ,,,רסק תפוחי עץ ל.ס. אמהא360גר,גרמים,360.00,100 גרם,false,1,7.90,2.1944,true,1,26748
8717038900562,false,וודקה פורטי 750 מל,,,וודקה פורטי 750 מל,מיליליטרים,750.00,"100 מ""ל",false,1,89.90,11.9867,true,1,14384
8717038900586,false,וודקה סופר פרמיום מי,,,וודקה סופר פרמיום מידנייט אסאי 750מל,מיליליטרים,750.00,"100 מ""ל",false,1,89.90,11.9867,true,1,14385
8717163607305,false,סבון מוצק דאב 4 יח ג,יוניליוור,,סבון מוצק דאב 4 יח גרגירים,גרמים,400.00,100 גרם,false,1,14.90,3.7250,true,1,2696
8717163628355,false,מרכך טרזמה להחלקה וצ,טריזמה,PL,מרכך טרזמה להחלקה וצבע 400מל,מיליליטרים,400.00,"100 מ""ל",false,6,24.90,6.2250,true,1,24261
8717163628812,false,מסכת שיער טרזמה להחל,טריזמה,,מסכת שיער טרזמה להחלקה וצבע 300מל,מיליליטרים,300.00,"100 מ""ל",false,1,29.90,9.9667,true,1,24259
8717163647196,false,דאודורנט אקס ספריי ג,יוניליוור,,דאודורנט אקס ספריי גוף אנרכי 150מל בנות,מיליליטרים,150.00,"100 מ""ל",false,1,19.90,13.2667,true,1,20449
8717163647226,false,דאודורנט אקס בלאק ספ,יוניליוור,,דאודורנט אקס בלאק ספריי לגבר 150מל,מיליליטרים,150.00,"100 מ""ל",false,1,19.90,13.2667,true,1,20447
8717163647233,false,דאודורנט אקס בלאק ני,יוניליוור,,דאודורנט אקס בלאק נייט ספריי לגבר 150מל,מיליליטרים,150.00,"100 מ""ל",false,1,19.90,13.2667,true,1,20446
8717163647240,false,דאודורנט אקס שוקולד,יוניליוור,,דאודורנט אקס שוקולד ספריי לגבר 150מל,מיליליטרים,150.00,"100 מ""ל",false,1,19.90,13.2667,true,1,20445
8717163647257,false,דאודורנט אקס גולד ספ,יוניליוור,,דאודורנט אקס גולד ספריי 150מל,מיליליטרים,150.00,"100 מ""ל",false,1,19.90,13.2667,true,1,20443
8717163647264,false,דאודורנט אקס ספריי ג,יוניליוור,,דאודורנט אקס ספריי גוף אייס ציל לגבר150מ,מיליליטרים,150.00,"100 מ""ל",false,1,19.90,13.2667,true,1,20441
8717163647295,false,דאודורנט אקס צארג אפ,יוניליוור,,דאודורנט אקס צארג אפ ספריי לגבר 150מל,מיליליטרים,150.00,"100 מ""ל",false,1,19.90,13.2667,true,1,20453
8717163648667,false,גל רחצה אקס אייס ציל,יוניליוור,,גל רחצה אקס אייס ציל 400 מל,מיליליטרים,400.00,"100 מ""ל",false,1,12.90,3.2250,true,1,20440
8717163655764,false,דאודורנט רקסונה ספרי,יוניליוור,GB,דאודורנט רקסונה ספריי שאוור פרש 150מל,מיליליטרים,150.00,"100 מ""ל",false,6,19.90,13.2667,true,1,22441
8717163658314,false,סבון נוזלי דאב 500מל,יוניליוור,,סבון נוזלי דאב 500מל מים מיסלריים סנסטיב,מיליליטרים,500.00,"100 מ""ל",false,1,15.90,3.1800,true,1,20430
8717163663493,false,דאודורנט רקסונה ספרי,יוניליוור,GB,דאודורנט רקסונה ספריי קובלט דריי 150מל,מיליליטרים,150.00,"100 מ""ל",false,6,19.90,13.2667,true,1,22443
8717163711668,false,דאודורנט רקסונה ספרי,יוניליוור,,דאודורנט רקסונה ספריי טלק 150מל,מיליליטרים,150.00,"100 מ""ל",false,1,19.90,13.2667,true,1,22642
8717163842676,false,סבון נוזלי דאב 500מל,יוניליוור,,סבון נוזלי דאב 500מל חימר ורוד,מיליליטרים,500.00,"100 מ""ל",false,1,15.90,3.1800,true,1,22991
8717163891735,false,דאודורנט רקסונה מן ס,יוניליוור,,דאודורנט רקסונה מן ספריי 150מל וורקאוט,מיליליטרים,150.00,"100 מ""ל",false,1,19.90,13.2667,true,1,23879
8717163947692,false,גל רחצה אקס פינק פפר,יוניליוור,,גל רחצה אקס פינק פפר400 מל,מיליליטרים,400.00,"100 מ""ל",false,1,12.90,3.2250,true,1,23885
8717399035231,false,סוכריות נפוליאון פיר,נפוליאון בי.וי,NL,סוכריות נפוליאון פירות 150 גרם,גרמים,150.00,100 גרם,false,1200,10.90,7.2667,true,1,17820
8717399036184,false,סוכריות נפוליאון קול,נפוליאון בי.וי,NL,סוכריות נפוליאון קולה 150 גרם,גרמים,150.00,100 גרם,false,1200,10.90,7.2667,true,1,19465
8717399036290,false,סוכריות נפוליאון לימ,נפוליאון בי.וי,NL,סוכריות נפוליאון לימון 150 גרם,גרמים,150.00,100 גרם,false,1200,10.90,7.2667,true,1,17818
8717545620236,false,גבינת אולד אמסטרדם 1,,,גבינת אולד אמסטרדם 150 גרם פרוסות,גרמים,150.00,100 גרם,false,1,24.90,16.6000,true,1,14388
8717545623077,false,גבינת אולד אמסטרדם 1,ווסטלנד,,גבינת אולד אמסטרדם 150 גרם אדום,גרמים,150.00,100 גרם,false,1,22.90,15.2667,true,1,10533
8717545810019,false,וופל סטרופ הולנד 175,,,וופל סטרופ הולנד דלמנס 175 גר,גרמים,175.00,100 גרם,false,1,10.90,6.2286,true,1,16289
8717644390566,false,סבון דאב מוצק 4 יח י,יוניליוור,,סבון דאב מוצק 4 יח ירוק,גרמים,400.00,100 גרם,false,1,14.90,3.7250,true,1,5621
8717677336593,false,שוקולד טוניס חלב 180,,NL,שוקולד טוניס 32% חלב 180 גרם,גרמים,180.00,100 גרם,false,15,17.90,9.9444,true,1,30504
8717677336616,false,שוקולד טוניס מריר שק,,NL,שוקולד טוניס מריר שקד ומלח ים 180 גרם,גרמים,180.00,100 גרם,false,15,17.90,9.9444,true,1,30505
8717677336630,false,שוקולד טוניס שקד דבש,,NL,שוקולד טוניס שקד דבש נוגט 180 גרם,גרמים,180.00,100 גרם,false,15,17.90,9.9444,true,1,30506
8717677336654,false,שוקולד טוניס קרמל מל,,NL,שוקולד טוניס קרמל מלח ים 180 גרם,גרמים,180.00,100 גרם,false,15,17.90,9.9444,true,1,30507
8717677336661,false,שוקולד טוניס 70% מרי,,NL,שוקולד טוניס 70% מריר 180 גרם,גרמים,180.00,100 גרם,false,15,17.90,9.9444,true,1,30508
8717677338436,false,שוקולד טוניס חלב אגו,,NL,שוקולד טוניס חלב אגוזי לוז 180 גרם,גרמים,180.00,100 גרם,false,15,17.90,9.9444,true,1,30509
8717677339891,false,שוקולד טוניס חלב פרצ,,NL,שוקולד טוניס חלב פרצל וטופי 180 גרם,גרמים,180.00,100 גרם,false,15,17.90,9.9444,true,1,40162
8717903962459,false,רוטב נורווגי חרדל וש,,NL,רוטב נורווגי חרדל ושמיר 265 מל ילדריז,מיליליטרים,265.00,"100 מ""ל",false,6,16.90,6.3774,true,1,28581
8718053512112,false,גבינת גאודה עיזים הו,ווסטלנד,NL,גבינת גאודה עיזים הולנדי 150גר פרוס כתום,גרמים,150.00,100 גרם,false,1,24.90,16.6000,true,1,29915
8718114047249,false,סבון מוצק דאב 6 יח 1,יוניליוור,,סבון מוצק דאב 6 יח 100 גר,גרמים,600.00,100 גרם,false,1,18.90,3.1500,true,1,6219
8718114734484,false,מיונז מאילי 320 גר צ,מיילי,,מיונז מאילי דיזון 320 גר צנצנת,גרמים,320.00,100 גרם,false,1,12.90,4.0313,true,1,7138
8718114781662,false,רוטב סויה מינס 250מל,,,רוטב סויה מינס 250מל קטצאפ,מיליליטרים,250.00,"100 מ""ל",false,1,18.90,7.5600,true,1,9278
8718692610828,false,שלישיית בקבוקים צבעו,סודה סטרים,,שלישיית בקבוקים צבעוניים סודה סטרים,Unknown,0.00,Unknown,false,1,59.90,0.0000,true,1,10240
8718692610835,false,שלישיית בקבוקים סודה,סודה סטרים,,שלישיית בקבוקים סודה סטרים,Unknown,0.00,Unknown,false,1,59.90,0.0000,true,1,13101
8718692611979,false,סירופ סודה סטרים דיא,סודה סטרים,,סירופ סודה סטרים דיאטפטל ופירות יער500מל,מיליליטרים,500.00,"100 מ""ל",false,1,22.90,4.5800,true,1,16222
8718692619456,false,מכשיר סודה ספיריט לב,סודה סטרים,,מכשיר סודה ספיריט לבן,יחידה,1.00,יחידה,false,1,499.00,499.0000,true,1,15568
8718951001596,false,מרסס אגקס אמבטיה 600,,,מרסס אגקס אמבטיה 600מל,מיליליטרים,600.00,"100 מ""ל",false,1,14.90,2.4833,true,1,11575
8718951001602,false,מרסס אגקס רב פעולות,,,מרסס אגקס רב פעולות 600מל,מיליליטרים,600.00,"100 מ""ל",false,1,14.90,2.4833,true,1,11576
8718951030169,false,מש.שיניים קולגייט סנ,CP-Poland swidnica,PL,מש.שיניים קולגייט סנסטייב הלבנה 75מל,מיליליטרים,75.00,"100 מ""ל",false,48,17.90,23.8667,true,1,24335
8718951030206,false,מש.שיניים קולגייט סנ,CP-Poland swidnica,PL,מש.שיניים קולגייט סנסטייב ש.רגישות 75מל,מיליליטרים,75.00,"100 מ""ל",false,48,17.90,23.8667,true,1,24334
8718951044913,false,משחת שיניים מרידול ל,,,משחת שיניים מרידול להלבנת שיניים 75 מל,מיליליטרים,75.00,"100 מ""ל",false,1,19.90,26.5333,true,1,11577
8718951048669,false,מרסס אגקס חלונות 750,Colgate - Greece,,מרסס אגקס חלונות 750מל בניחוח פרחים,מיליליטרים,750.00,"100 מ""ל",false,1,15.90,2.1200,true,1,40228
8718951076372,false,משחת שיניים קולגייט,Colgate - Brazil,,משחת שיניים קולגייט הרבל 100 מל,מיליליטרים,100.00,"100 מ""ל",false,1,11.90,11.9000,true,1,19373
8718951079205,false,מש.קולגייט סנסיטיב פ,Colgate - Brazil,,מש.קולגייט סנסיטיב פ.ריליף פריוונט 75מל,מיליליטרים,75.00,"100 מ""ל",false,1,22.90,30.5333,true,1,14597
8718951093331,false,זוג מברשות שיניים מר,CP- China-SH,,זוג מברשות שיניים מרידול אקסטרא סופט,יחידה,2.00,יחידה,false,1,29.90,14.9500,true,1,12604
8718951144064,false,זוג מב.שיניים מרידול,GABA TRISA SWIZ,,זוג מב.שיניים מרידול פרדונט אקספרט,Unknown,0.00,Unknown,false,1,29.90,0.0000,true,1,14145
8718951159808,false,קולגייט מברשת שיניים,,,קולגייט מברשת שיניים 360 שלישייה,יחידה,3.00,יחידה,false,1,29.90,9.9667,true,1,14904
8718951160897,false,מרסס אגקס אקונומיקה,קולגייט פלמוליב,,מרסס אגקס אקונומיקה טריגר עוצמה7 500מל,מיליליטרים,500.00,"100 מ""ל",false,1,14.90,2.9800,true,1,15031
8718951166288,false,מש.שיניים קולגייט מק,CP-Poland swidnica,PL,מש.שיניים קולגייט מקס וייט 125 מל,מיליליטרים,125.00,"100 מ""ל",false,12,16.90,13.5200,true,1,18857
8718951166561,false,מש.שיניים קולגייט מק,CP-Poland swidnica,PL,מש.שיניים קולגייט מקס פרש כחול 125 מל,מיליליטרים,125.00,"100 מ""ל",false,12,16.90,13.5200,true,1,18856
8718951167094,false,נוזל כלים פלמוליב צי,Colgate - Greece,,נוזל כלים פלמוליב צילנדר 1 ל תפוז ליים,ליטרים,1.00,ליטר,false,1,12.90,12.9000,true,1,16150
8718951170445,false,משחת שיניים קולגייט,CP-Poland swidnica,,משחת שיניים קולגייט סמיילס גיל 2-5 50מל,Unknown,0.00,Unknown,false,1,12.90,0.0000,true,1,16866
8718951175280,false,משחת שיניים קולגיט ט,CP-Poland swidnica,PL,משחת שיניים קולגיט טוטל פרו ויזבל 75חדש,Unknown,0.00,Unknown,false,48,16.90,0.0000,true,1,19366
8718951175631,false,משחת שיניים קולגייט,CP-Poland swidnica,PL,משחת שיניים קולגייט טוטל פרו גאם 75מלחדש,Unknown,0.00,Unknown,false,48,16.90,0.0000,true,1,19372
8718951176874,false,מי פה קולגייט קידס מ,Colgate - Brazil,PL,מי פה קולגייט קידס מיניונים 250מל,מיליליטרים,250.00,"100 מ""ל",false,12,14.90,5.9600,true,1,32654
8718951187115,false,זוג מב. שיניים אלמקס,GABA TRISA SWIZ,,זוג מב. שיניים אלמקס ילדים 3-6,יחידה,2.00,יחידה,false,1,22.90,11.4500,true,1,16539
8718951187122,false,זוג מב. שיניים אלמקס,GABA TRISA SWIZ,,זוג מב. שיניים אלמקס ילדים 0-3,יחידה,2.00,יחידה,false,1,22.90,11.4500,true,1,16538
8718951222779,false,משחת שיניים מרידול פ,קולגייט,,משחת שיניים מרידול פור 75מל,מיליליטרים,75.00,"100 מ""ל",false,1,24.90,33.2000,true,1,22463
8718951228801,false,מש.שינים קולגייט מקס,CP-Poland swidnica,PL,מש.שינים קולגייט מקס פרש כחול 125 מל,מיליליטרים,125.00,"100 מ""ל",false,12,16.90,13.5200,true,1,20048
8718951236790,false,משחת שיניים קולגייט,CP-Poland swidnica,PL,משחת שיניים קולגייט טוטל קלין מינט100חדש,מיליליטרים,100.00,"100 מ""ל",false,48,16.90,16.9000,true,1,19369
8718951236806,false,משחת שיניים קולגייט,CP-Poland swidnica,PL,משחת שיניים קולגייט טוטל הלבנה 100מל חדש,מיליליטרים,100.00,"100 מ""ל",false,48,16.90,16.9000,true,1,19368
8718951236813,false,משחת שיניים קולגיט ט,CP-Poland swidnica,PL,משחת שיניים קולגיט טוטל ניקוי מתקדם חדש,מיליליטרים,100.00,"100 מ""ל",false,48,16.90,16.9000,true,1,19367
8718951240742,false,משחת שיניים קולגייט,CP-Poland swidnica,PL,משחת שיניים קולגייט טוטל פסים 100מל חדש,מיליליטרים,100.00,"100 מ""ל",false,48,16.90,16.9000,true,1,19370
8718951247871,false,מרסס אגקס שירותים טר,,GR,מרסס אגקס שירותים טריגר 500מל,מיליליטרים,500.00,"100 מ""ל",false,12,14.90,2.9800,true,1,23264
8718951248656,false,תחליב רחצה פלמוליב,CP - Turkey+60,,תחליב רחצה פלמוליב  פרוטאין 500מל,מיליליטרים,500.00,"100 מ""ל",false,1,14.90,2.9800,true,1,27415
8718951254527,false,משחת שיניים קולגייט,Colgate - Brazil,PL,משחת שיניים קולגייט פרו ריליף סטרונג75מל,מיליליטרים,75.00,"100 מ""ל",false,48,22.90,30.5333,true,1,21562
8718951264618,false,משחת שיניים קולגייט,CP-Poland swidnica,,משחת שיניים קולגייט אופטיק וויט פחם 75מל,Unknown,0.00,Unknown,false,48,26.90,0.0000,true,1,24336
8718951265103,false,מברשת שיניים קולגייט,CP- China-SH,CN,מברשת שיניים קולגייט זוג אולטרה סופט,יחידה,2.00,יחידה,false,12,29.90,14.9500,true,1,21564
8718951281738,false,משחת  שיניים אלמקס,CP-Poland swidnica,PL,משחת  שיניים אלמקס  לשיניים רגישות 75מל,מיליליטרים,75.00,"100 מ""ל",false,12,19.90,26.5333,true,1,24791
8718951286733,false,משחת שיניים קולגייט,CP-Poland swidnica,,משחת שיניים קולגייט אופטיק לסטינג ויט 75,Unknown,0.00,Unknown,false,48,26.90,0.0000,true,1,35957
8718951289833,false,מארז סבון פלמוליב מו,CP - Turkey+60,TR,מארז סבון פלמוליב מוצק לומינוס 4יח 90גר,גרמים,360.00,100 גרם,false,18,16.90,4.6944,true,1,22703
8718951301139,false,אלסבון פלמוליב משאבה,CP - Turkey+60,,אלסבון פלמוליב משאבה ויטמין בי 750 מל,מיליליטרים,750.00,"100 מ""ל",false,1,16.90,2.2533,true,1,24833
8718951313927,false,סבון ידיים פלמוליב ח,CP - Turkey+60,,סבון ידיים פלמוליב חימר טונוס 300מל,מיליליטרים,300.00,"100 מ""ל",false,1,11.90,3.9667,true,1,26440
8718951314023,false,אלסבון פלמוליב משאבה,CP - Turkey+60,,אלסבון פלמוליב משאבה אפרסק 750 מל,מיליליטרים,750.00,"100 מ""ל",false,1,16.90,2.2533,true,1,38634
8718951315303,false,משחת שיניים קולגייט,CP-Poland swidnica,,משחת שיניים קולגייט אדומה 100מל 2 יח,מיליליטרים,200.00,"100 מ""ל",false,24,19.90,9.9500,true,1,25125
8718951319806,false,גל רחצה שמפו פלמוליב,CP - Turkey+60,TR,גל רחצה שמפו פלמוליב לגבר 750מל,מיליליטרים,750.00,"100 מ""ל",false,12,16.90,2.2533,true,1,23509
8718951320093,false,מברשת שיניים קולגייט,,,מברשת שיניים קולגייט אדוונס וויט זוג,יחידה,2.00,יחידה,false,1,29.90,14.9500,true,1,25120
8718951329270,false,דאו.ספיד סטיק ספריי,Colgate - Mexico,,דאו.ספיד סטיק ספריי פליי 150מל לגבר,מיליליטרים,150.00,"100 מ""ל",false,1,14.90,9.9333,true,1,25818
8718951333048,false,סבון ידיים פלמוליב ל,CP - Turkey+60,,סבון ידיים פלמוליב למטבח 300מל,מיליליטרים,300.00,"100 מ""ל",false,1,11.90,3.9667,true,1,30059
8718951334069,false,מרסס אגקס שירותים טר,,GR,מרסס אגקס שירותים טריגר 500מל,מיליליטרים,500.00,"100 מ""ל",false,12,14.90,2.9800,true,1,42642
8718951334090,false,מרכך כביסה סופלין מר,,,מרכך כביסה סופלין מרוכז כחול 650מל,מיליליטרים,650.00,"100 מ""ל",false,12,10.90,1.6769,true,1,24347
8718951334120,false,מרכך כביסה סופלין מר,,,מרכך כביסה סופלין מרוכז לבנדר 650מל,מיליליטרים,650.00,"100 מ""ל",false,12,10.90,1.6769,true,1,24348
8718951335066,false,מרכך כביסה סופלין מר,,,מרכך כביסה סופלין מרוכז ורדים 1.3ליטר,מיליליטרים,1300.00,"100 מ""ל",false,12,18.90,1.4538,true,1,24346
8718951338128,false,דאו. ליידי ספיד סטיק,,,דאו. ליידי ספיד סטיק רול און שאור פרש 50,Unknown,0.00,Unknown,false,1,14.90,0.0000,true,1,32651
8718951338364,false,מרסס אגקס טריגר פיור,קולגייט פלמוליב,,מרסס אגקס טריגר פיור הום תפוח 500מל,מיליליטרים,500.00,"100 מ""ל",false,1,14.90,2.9800,true,1,27413
8718951338395,false,מרסס אגקס טריגר פיור,קולגייט פלמוליב,,מרסס אגקס טריגר פיור הום סמבוק שחור500מל,מיליליטרים,500.00,"100 מ""ל",false,1,14.90,2.9800,true,1,27414
8718951345119,false,נוזל אגקס ניקוי כללי,Colgate - Greece,,נוזל אגקס ניקוי כללי עוצמת ה7 היביסקוס2ל,ליטרים,2.00,ליטר,false,1,23.90,11.9500,true,1,28814
8718951354807,false,נוזל ניקוי כללי אגקס,Colgate - Greece,,נוזל ניקוי כללי אגקס יסמין ח. פרחים 1.5ל,ליטרים,1.50,ליטר,false,1,19.90,13.2667,true,1,27416
8718951365865,false,מברשת שיניים קולגייט,,,מברשת שיניים קולגייט סיבי פחם זוג,יחידה,2.00,יחידה,false,1,32.90,16.4500,true,1,31995
8718951366015,false,משחת שיניים קולגייט,CP-Poland swidnica,PL,משחת שיניים קולגייט אופטיק וויט אקספרט,מיליליטרים,75.00,"100 מ""ל",false,24,49.90,66.5333,true,1,44480
8718951370135,false,אלסבון פלמוליב משאבה,CP - Turkey+60,,אלסבון פלמוליב משאבה סנסיישן גלואו 750מל,מיליליטרים,750.00,"100 מ""ל",false,1,16.90,2.2533,true,1,25726
8718951377998,false,מברשת שיניים קולגייט,,,מברשת שיניים קולגייט סופטנס זוג,יחידה,2.00,יחידה,false,1,29.90,14.9500,true,1,28323
8718951381292,false,משחת שיניים קולגייט,CP-Poland swidnica,PL,משחת שיניים קולגייט מקס דיטוקס פואם125מל,מיליליטרים,125.00,"100 מ""ל",false,12,16.90,13.5200,true,1,28817
8718951382640,false,גל רחצה פלמוליב חימר,CP - Turkey+60,,גל רחצה פלמוליב חימר דיטוקס 750מל,מיליליטרים,750.00,"100 מ""ל",false,1,16.90,2.2533,true,1,26443
8718951382664,false,גל רחצה פלמוליב חימר,CP - Turkey+60,,גל רחצה פלמוליב חימר טונוס 750מל,מיליליטרים,750.00,"100 מ""ל",false,1,16.90,2.2533,true,1,26445
8718951382718,false,גל רחצה פלמוליב חימר,CP - Turkey+60,,גל רחצה פלמוליב חימר התחדשות 750מל,מיליליטרים,750.00,"100 מ""ל",false,1,16.90,2.2533,true,1,26444
8718951382787,false,משחת שיניים קולגייט,CP-Poland swidnica,,משחת שיניים קולגייט אופטיק וויט חימר75מל,Unknown,0.00,Unknown,false,48,26.90,0.0000,true,1,39733
8718951385290,false,נוזל לניקוי כללי אגק,Colgate - Greece,,נוזל לניקוי כללי אגקס כחול 2 ל,ליטרים,2.00,ליטר,false,1,23.90,11.9500,true,1,29767
8718951391253,false,נוזל אגקס 1.5ליטר אנ,,GR,נוזל אגקס 1.5ליטר אנטיבקטריאלי מרענן כחו,מיליליטרים,1500.00,"100 מ""ל",false,8,19.90,1.3267,true,1,30055
8718951391284,false,נוזל אגקס 1.5ליטר אנ,,GR,נוזל אגקס 1.5ליטר אנטיבקטריאלי אוקיינוס,מיליליטרים,1500.00,"100 מ""ל",false,8,19.90,1.3267,true,1,30056
8718951391314,false,מרסס אגקס אנט בקטריא,קולגייט פלמוליב,,מרסס אגקס אנט בקטריאלי 500מל,מיליליטרים,500.00,"100 מ""ל",false,1,14.90,2.9800,true,1,30058
8718951400474,false,תחליב רחצה פלמוליב ק,CP - Turkey+60,,תחליב רחצה פלמוליב קמליה שקדים 750מל ללא,מיליליטרים,750.00,"100 מ""ל",false,1,16.90,2.2533,true,1,42659
8718951400597,false,תחליב רחצה פלמוליב ק,CP - Turkey+60,,תחליב רחצה פלמוליב קוקוס חלב 750מל ללא,מיליליטרים,750.00,"100 מ""ל",false,1,16.90,2.2533,true,1,42658
8718951409798,false,מברשת שיניים קולגייט,קולגייט,CN,מברשת שיניים קולגייט מקס וויט פחם זוג,יחידה,2.00,יחידה,false,12,24.90,12.4500,true,1,31507
8718951412378,false,משחת שיניים מרידול נ,קולגייט,,משחת שיניים מרידול נשימה רעננה 75מל,מיליליטרים,75.00,"100 מ""ל",false,1,24.90,33.2000,true,1,42641
8718951415836,false,מי פה קולגייט פלקס פ,Colgate - Brazil,,מי פה קולגייט פלקס פחם 500מל,מיליליטרים,500.00,"100 מ""ל",false,1,24.90,4.9800,true,1,31996
8718951428492,false,אלסבון פלמוליב משאבה,CP - Turkey+60,,אלסבון פלמוליב משאבה פחם 4ב1 לגבר 750מל,מיליליטרים,750.00,"100 מ""ל",false,1,16.90,2.2533,true,1,40227
8718951428522,false,אלסבון פלמוליב משאבה,CP - Turkey+60,,אלסבון פלמוליב משאבה המפ 4ב1 לגבר 750מל,מיליליטרים,750.00,"100 מ""ל",false,1,16.90,2.2533,true,1,38313
8718951431614,false,אלסבון פלמוליב משאבה,CP - Turkey+60,,אלסבון פלמוליב משאבה סו פירם מינרלים 750,מיליליטרים,750.00,"100 מ""ל",false,1,16.90,2.2533,true,1,35958
8718951433120,false,משחת שיניים קולגייט,CP-Poland swidnica,PL,משחת שיניים קולגייט טוטל גוניור 50מל,Unknown,0.00,Unknown,false,12,16.90,0.0000,true,1,43589
8718951443358,false,מארז 3יח סבון ידיים,CP - Turkey+60,TR,מארז 3יח סבון ידיים פלמוליב 300מל,מיליליטרים,900.00,"100 מ""ל",false,6,23.90,2.6556,true,1,31508
8718951443396,false,מארז 3יח סבון ידיים,CP - Turkey+60,TR,מארז 3יח סבון ידיים פלמוליב חלב דבש 300,מיליליטרים,900.00,"100 מ""ל",false,6,23.90,2.6556,true,1,31509
8718951446564,false,גל רחצה פלמוליב 500מ,CP - Turkey+60,,גל רחצה פלמוליב 500מל מומנטס לבנדר עץ אל,Unknown,0.00,Unknown,false,1,14.90,0.0000,true,1,41363
8718951466371,false,משחת שיניים מרידול ח,CP-Poland swidnica,,משחת שיניים מרידול חניכיים רגישות 75 מל,מיליליטרים,75.00,"100 מ""ל",false,48,16.90,22.5333,true,1,43753
8718951470323,false,מברשת שיניים קולגייט,,,מברשת שיניים קולגייט סופט פואם פחם זוג,יחידה,2.00,יחידה,false,1,29.90,14.9500,true,1,42640
8718951470538,false,מארז 2יח משחת שיניים,,PL,מארז 2יח משחת שיניים קולגייט מקס פרש 125,מיליליטרים,250.00,"100 מ""ל",false,24,29.90,11.9600,true,1,40687
8718951477384,false,משחת שיניים קולגייט,קולגייט,MX,משחת שיניים קולגייט טוטל גל 75מל,מיליליטרים,75.00,"100 מ""ל",false,48,19.90,26.5333,true,1,39930
8718951509627,false,משחת שיניים קולגייט,CP-Poland swidnica,,משחת שיניים קולגייט אופטיק וייט קפה 75מל,Unknown,0.00,Unknown,false,48,26.90,0.0000,true,1,41364
8719128110325,false,סירופ סודה סטרים לימ,סודה סטרים,,סירופ סודה סטרים לימונדה 500מל,מיליליטרים,500.00,"100 מ""ל",false,1,22.90,4.5800,true,1,16223
8719128110332,false,סירופ סודה סטרים אנר,סודה סטרים,,סירופ סודה סטרים אנרגיה 500 מל,מיליליטרים,500.00,"100 מ""ל",false,1,22.90,4.5800,true,1,16218
8719128110363,false,סירופ סודה סטרים אשכ,סודה סטרים,,סירופ סודה סטרים אשכולית אדומה 500 מל,מיליליטרים,500.00,"100 מ""ל",false,1,22.90,4.5800,true,1,16219
8719128110387,false,סירופ סודה סטרים דיא,סודה סטרים,,סירופ סודה סטרים דיאט אשכולית אדומה500,מיליליטרים,500.00,"100 מ""ל",false,1,22.90,4.5800,true,1,16220
8719128112633,false,זוג בקבוקי סודה סטרי,סודה סטרים,,זוג בקבוקי סודה סטרים הגזה 500מל ילדים,יחידה,2.00,יחידה,false,1,39.00,19.5000,true,1,16212
8719128117232,false,סירופ פפסי  440 מל ס,סודה סטרים,,סירופ פפסי  440 מל סודה סטרים,מיליליטרים,440.00,"100 מ""ל",false,1,22.90,5.2045,true,1,30823
8719128117249,false,סירופ פפסי מקס 440מל,סודה סטרים,,סירופ פפסי מקס 440מל סודה סטרים,מיליליטרים,440.00,"100 מ""ל",false,1,22.90,5.2045,true,1,30822
8719128117256,false,סירופ  סבנאפ 440 מל,סודה סטרים,,סירופ  סבנאפ 440 מל סודה סטרים,מיליליטרים,440.00,"100 מ""ל",false,1,22.90,5.2045,true,1,30824
8719128117263,false,סירופ מירנדה 440 מל,סודה סטרים,,סירופ מירנדה 440 מל סודה סטרים,מיליליטרים,440.00,"100 מ""ל",false,1,22.90,5.2045,true,1,30826
8719128117294,false,סירופ סבנאפ דיאט 440,סודה סטרים,,סירופ סבנאפ דיאט 440מל סודה סטרים,מיליליטרים,440.00,"100 מ""ל",false,1,22.90,5.2045,true,1,30825
8719128117409,false,ערכת טעימות סירופים,סודה סטרים,,ערכת טעימות סירופים פפסי 4יח 12מל,יחידה,4.00,יחידה,false,1,29.90,7.4750,true,1,30827
8719128118499,false,מיכל גז עד 60ליטר חי,,,מיכל גז עד 60ליטר חיבור מהיר,יחידה,1.00,יחידה,false,1,109.90,109.9000,true,1,43625
8719128118734,false,מילוי מיכל גז עד 60,,,מילוי מיכל גז עד 60 ליטר חיבור מהיר,יחידה,1.00,יחידה,false,1,62.90,62.9000,true,1,43624
8719200997998,false,מרגרינה עם מלח 200גר,יוניליוור,IL,מרגרינה עם מלח 200גר בלו בנד,גרמים,200.00,100 גרם,false,60,5.10,2.5500,true,1,23207
8719200998001,false,מרגרינה בלי מלח 200,יוניליוור,IL,מרגרינה בלי מלח 200 גרם בלו בנד,גרמים,200.00,100 גרם,false,60,5.10,2.5500,true,1,23208
8719200998018,false,מחמאה בלו בנד 200 גר,יוניליוור,,מחמאה בלו בנד 200 גר,גרמים,200.00,100 גרם,false,1,4.70,2.3500,true,1,23217
8719200998032,false,מרגרינה מזולה גלורי,יוניליוור,IL,מרגרינה מזולה גלורי טעם חמאה 250 גרם,גרמים,250.00,100 גרם,false,48,10.90,4.3600,true,1,23214
8719200998049,false,מרגרינה מזולה רגילה,יוניליוור,IL,מרגרינה מזולה רגילה 250 גרם,גרמים,250.00,100 גרם,false,48,10.90,4.3600,true,1,23211
8719200998094,false,מרגרינה מזולה ללא מל,יוניליוור,,מרגרינה מזולה ללא מלח 200 גר,גרמים,200.00,100 גרם,false,1,7.10,3.5500,true,1,23216
8719200998100,false,מרגרינה מזולה טעם חמ,יוניליוור,,מרגרינה מזולה טעם חמאה 200 גר,גרמים,200.00,100 גרם,false,1,7.10,3.5500,true,1,23215
8719324820417,false,חטיף טורטיליה נאכו ט,,NL,חטיף טורטיליה נאכו טבעי 200 גרם,גרמים,200.00,100 גרם,false,10,16.90,8.4500,true,1,43735
8719324820431,false,חטיף טורטיליה נאכו צ,,NL,חטיף טורטיליה נאכו צילי 200 גרם,גרמים,200.00,100 גרם,false,10,16.90,8.4500,true,1,43734
8719325897562,false,גליליות סאבור קרם קו,,NL,גליליות סאבור קרם קוקוס 162 גרם,גרמים,150.00,100 גרם,false,18,10.90,7.2667,true,1,39662
8719326873527,false,זוג כוסות יין הפי גל,,NL,זוג כוסות יין הפי גלאס מיסטר גוסטב,יחידה,2.00,יחידה,false,,49.90,24.9500,true,1,33155
8719326873534,false,מארז 4יח כוסות הפי ג,,NL,מארז 4יח כוסות הפי גלאס ליידי יוקו,יחידה,4.00,יחידה,false,1,69.90,17.4750,true,1,33100
8719326873541,false,מארז 4יח כוסות הפי ג,,NL,מארז 4יח כוסות הפי גלאס טיק טאקר,יחידה,4.00,יחידה,false,1,69.90,17.4750,true,1,33099
8719900516413,false,מאוורר אם אנד אמס,,,מאוורר אם אנד אמס,Unknown,0.00,Unknown,false,1,10.00,0.0000,true,1,29545
8719956492709,false,שוקולד טוניס לבן עם,,NL,שוקולד טוניס לבן עם פטל 180 גרם,גרמים,180.00,100 גרם,false,15,17.90,9.9444,true,1,30510
8719992179169,false,גליליות גוי סאבור קר,,NL,גליליות סאבור קרם אגוזים 162 גרם,גרמים,150.00,100 גרם,false,18,10.90,7.2667,true,1,39661
8720100012445,false,וופל טוסט בלגי 6 יח,DE BANKETGROEP,,וופל טוסט בלגי 6 יח 250 ג,גרמים,250.00,100 גרם,false,1,12.90,5.1600,true,1,4131
8720181045912,false,דאודורנט אקס ספריי א,יוניליוור,,דאודורנט אקס ספריי אפריקה 150מל,מיליליטרים,150.00,"100 מ""ל",false,1,19.90,13.2667,true,1,27524
8720181046605,false,דאו. דאב ספריי אורגי,יוניליוור,,דאו. דאב ספריי אורגינל 150 מל,מיליליטרים,150.00,"100 מ""ל",false,1,16.90,11.2667,true,1,28707
8720181046612,false,דאב דאו.רולאון אורגי,יוניליוור,,דאב דאו.רולאון אורגינל 50 מל,Unknown,0.00,Unknown,false,1,16.90,0.0000,true,1,31787
8720181074745,false,דאודורנט דאב ספריי א,יוניליוור,,דאודורנט דאב ספריי אסאי 150מל,מיליליטרים,150.00,"100 מ""ל",false,1,16.90,11.2667,true,1,32328
8720181090219,false,סבון נוזלי דאב רימונ,יוניליוור,,סבון נוזלי דאב רימונים 750מל,מיליליטרים,750.00,"100 מ""ל",false,1,17.90,2.3867,true,1,30843
8720181123955,false,גל רחצה אקס 400מל רי,יוניליוור,,גל רחצה אקס 400מל ריצארג,מיליליטרים,400.00,"100 מ""ל",false,1,12.90,3.2250,true,1,39429
8720182253033,false,חרדל לחיץ קאלווה 250,יוניליוור,NL,חרדל לחיץ קאלווה 250 מל,מיליליטרים,250.00,"100 מ""ל",false,12,18.90,7.5600,true,1,42840
8720600613968,false,רסק תפוח עץ האק ללא,,NL,רסק תפוח עץ האק ללא תוספת סוכר 700 גרם,גרמים,700.00,100 גרם,false,12,18.90,2.7000,true,1,43733
8720608014958,false,תה ליפטון ילו לייבל,יוניליוור,,תה ליפטון ילו לייבל 100 יח 1.5 גרם,יחידה,1.00,יחידה,false,1,12.90,12.9000,true,1,44092
8721200060107,false,וופל בקרסלנד סטרופ ה,VAN DER BREGGEN,,וופל בקרסלנד סטרופ הולנדי 250 ג המלט,גרמים,250.00,100 גרם,false,1,12.90,5.1600,true,1,4431
8722100023308,false,מיונז הולנדי גאודס 8,Gauda glorie,,מיונז הולנדי גאודס 850 גר,גרמים,850.00,100 גרם,false,1,28.90,3.4000,true,1,5642
8722700202325,false,מלפפון מאילי מיני קו,מיילי,,מלפפון מאילי מיני קורנישון 400 גר,גרמים,400.00,100 גרם,false,1,25.90,6.4750,true,1,13031
8723400756552,false,מארז 4 יח סוכריות מנ,פרפטי ואן מלה,,מארז 4 יח סוכריות מנטוס רינבוא,יחידה,4.00,יחידה,false,1,10.90,2.7250,true,1,8329
8723400793205,false,טופי אדווקט ואן מאל,,NL,טופי אדווקט ואן מאל 275 גרם,גרמים,275.00,100 גרם,false,12,15.90,5.7818,true,1,32318
8723400793922,false,מארז 4 יח סוכריות מנ,פרפטי ואן מלה,,מארז 4 יח סוכריות מנטוס דובדבן,יחידה,4.00,יחידה,false,1,10.90,2.7250,true,1,31055
8727500033094,false,קקאו הולנדי בלוקר 25,Van houten,,קקאו הולנדי בלוקר 250 גרם,גרמים,250.00,100 גרם,false,1,13.90,5.5600,true,1,16399
8801043025256,false,נונגשים ראמאן נודלס,,KR,נונגשים ראמאן נודלס שין חריף קערה 114 גר,גרמים,114.00,100 גרם,false,12,17.90,15.7018,true,1,43347
8801043028158,false,נונגשים ראמאן נודלס,,KR,נונגשים ראמאן נודלס קימצי בכוס 75 גר,Unknown,0.00,Unknown,false,12,11.90,0.0000,true,1,43353
8801043029353,false,נונגשים ראמאן נודלס,,KR,נונגשים ראמאן נודלס טמפורה בכוס 75 גר,Unknown,0.00,Unknown,false,12,13.90,0.0000,true,1,43350
8801043031011,false,נונגשים ראמאן נודלס,,KR,נונגשים ראמאן נודלס שיין חריףבכוס 68גר,Unknown,0.00,Unknown,false,12,11.90,0.0000,true,1,43352
8801043049566,false,נונגשים ראמאן נודלס,,KR,נונגשים ראמאן נודלס שין חריף בכוס 68 גר,Unknown,0.00,Unknown,false,12,11.90,0.0000,true,1,43354
8801043053167,false,נונגשים ראמאן נודלס,,KR,נונגשים ראמאן נודלס שין חריף מאוד 120ג,גרמים,120.00,100 גרם,false,20,10.90,9.0833,true,1,43357
8801043055604,false,נונגשים ראמאן נודלס,,KR,נונגשים ראמאן נודלס חריף קערה 100 גר,גרמים,100.00,100 גרם,false,12,15.90,15.9000,true,1,43348
8801043055628,false,נונגשים ראמאן נודלס,,KR,נונגשים ראמאן נודלס קימצי קערה 100 גר,גרמים,100.00,100 גרם,false,12,15.90,15.9000,true,1,43349
8801043150620,false,נונגשים ראמאן נודלס,,KR,נונגשים ראמאן נודלס שין חריף שקית 120ג,גרמים,120.00,100 גרם,false,20,10.90,9.0833,true,1,43358
8801043157735,false,נונגשים ראמאן נודלס,,KR,נונגשים ראמאן נודלס אנסוג חריף שקית125גר,גרמים,125.00,100 גרם,false,20,11.90,9.5200,true,1,43355
8801043157742,false,נונגשים ראמאן נודלס,,KR,נונגשים ראמאן נודלס קימצי שקית 120ג,גרמים,120.00,100 גרם,false,20,10.90,9.0833,true,1,43359
8801043157759,false,נונגשים ראמאן נודלס,,KR,נונגשים ראמאן נודלס פירות ים בכוס 75 גר,Unknown,0.00,Unknown,false,20,13.90,0.0000,true,1,43351
8801043157773,false,נונגשים ראמאן נודלס,,KR,נונגשים ראמאן נודלס נאוגרי פירות ים 120ג,גרמים,120.00,100 גרם,false,20,11.90,9.9167,true,1,43356
8801055706440,false,קפה נמס טסטר צויס טו,נסטלה קוריאה - קפה,,קפה נמס טסטר צויס טו גו 1.8/20גר,יחידה,20.00,יחידה,false,1,10.90,0.5450,true,1,6491
8801055706952,false,נסקפה קפוצינו קרמל 1,נסטלה קוריאה - קפה,,נסקפה קפוצינו קרמל 10 יח 17 גר,גרמים,170.00,100 גרם,false,1,19.90,11.7059,true,1,8345
8801055707966,false,נסקפה בריסטה טסטר צו,נסטלה קוריאה - קפה,,נסקפה בריסטה טסטר צויס 180 גר,גרמים,180.00,100 גרם,false,1,29.90,16.6111,true,1,13068
8801055708772,false,מארז נסקפה טסטר צויס,נסטלה קוריאה - קפה,,מארז נסקפה טסטר צויס 200 גרם+50גרם בשקית,גרמים,200.00,100 גרם,false,1,29.90,14.9500,true,1,17983
8801055709458,false,נסקפה קפוצינו קרמל 1,נסטלה קוריאה - קפה,,נסקפה קפוצינו קרמל 10 יח 17 גר,גרמים,170.00,100 גרם,false,1,19.90,11.7059,true,1,40508
8801055709465,false,נסקפה קפוצינו וניל 1,נסטלה קוריאה - קפה,,נסקפה קפוצינו וניל 10 יח 17 גר,גרמים,170.00,100 גרם,false,1,19.90,11.7059,true,1,40509
8801055709472,false,נסקפה קפוצינו קלאסי,נסטלה קוריאה - קפה,,נסקפה קפוצינו קלאסי 10 יח 17 גר,גרמים,170.00,100 גרם,false,1,19.90,11.7059,true,1,40510
8801055709489,false,נסקפה קפוצינו אגוזים,נסטלה קוריאה - קפה,,נסקפה קפוצינו אגוזים 10 יח 17 גר,גרמים,170.00,100 גרם,false,1,19.90,11.7059,true,1,40511
8801055709526,false,נסקפה קפוצינו שוקולד,נסטלה קוריאה - קפה,,נסקפה קפוצינו שוקולד לבן 10 יח 17 גר,גרמים,170.00,100 גרם,false,1,19.90,11.7059,true,1,41462
8801085020301,false,אטריות נאמה אודון 20,Alpha international,,אטריות נאמה אודון 200 גר,גרמים,200.00,100 גרם,false,1,8.50,4.2500,true,1,6240
8802241131664,false,מארז 9 יח חטיף אצות,"מאן-גון פוד בע""מ",KR,מארז 9 יח חטיף אצות 40 גר,Unknown,0.00,Unknown,false,1,26.90,0.0000,true,1,15885
8802241131671,false,מארז 9 יח חטיף אצות,"מאן-גון פוד בע""מ",KR,מארז 9 יח חטיף אצות וואסבי 4.5 גר,Unknown,0.00,Unknown,false,1,35.90,0.0000,true,1,40869
8802241132821,false,מארז 3 יח חטיף אצות,"מאן-גון פוד בע""מ",,מארז 3 יח חטיף אצות 13.50 גר,Unknown,0.00,Unknown,false,1,12.90,0.0000,true,1,16680
8809168840471,false,מארז 9 יח חטיף אצות,,KR,מארז 9 יח חטיף אצות מיובשות 40.50 גר,Unknown,0.00,Unknown,false,12,24.90,0.0000,true,1,30226
8809168840488,false,מארז 3 יח חטיף אצות,,KR,מארז 3 יח חטיף אצות מיובשות 40.50 גר,Unknown,0.00,Unknown,false,12,11.90,0.0000,true,1,27872
8809302288480,false,קופסת איחסון 600מל א,,,קופסת איחסון 600מל אדום טריטאן קלוק,יחידה,1.00,יחידה,false,1,24.90,24.9000,true,1,40560
8809302288497,false,קופסת איחסון 1000מל,,,קופסת איחסון 1000מל אדום טריטאן קלוק,יחידה,1.00,יחידה,false,1,27.90,27.9000,true,1,40562
8809302288503,false,קופסת איחסון 1400מל,,,קופסת איחסון 1400מל כתום טריטאן קלוק,יחידה,1.00,יחידה,false,1,31.90,31.9000,true,1,40564
8809302288510,false,קופסת איחסון 1200מל,,,קופסת איחסון 1200מל אדום טריטאן קלוק,יחידה,1.00,יחידה,false,1,42.90,42.9000,true,1,40563
8809302289425,false,קופסת איחסון 1500מל,,,קופסת איחסון 1500מל סגול טריטאן קלוק,יחידה,1.00,יחידה,false,1,39.90,39.9000,true,1,40565
8809302289432,false,קופסת איחסון 2500מל,,,קופסת איחסון 2500מל סגול טריטאן קלוק,יחידה,1.00,יחידה,false,1,44.90,44.9000,true,1,40568
8850006932964,false,מארז 5יח מברשת שיניי,CP-Vietnam,VN,מארז 5יח מברשת שיניים קולגייט טוויסטר,יחידה,5.00,יחידה,false,24,22.90,4.5800,true,1,30057
8850038400073,false,רוטב צדפות קטן מאקור,צ'או הוואד,,רוטב צדפות קטן מאקורה 300 מל,מיליליטרים,300.00,"100 מ""ל",false,1,16.90,5.6333,true,1,9345
8850058000710,false,מחית צילי בשמן 227 ג,Super J Internationa,,מחית צילי בשמן 227 גר,גרמים,22700.00,100 גרם,false,1,18.00,0.0793,true,1,5620
8850100004840,false,אטריות אורז חום מנות,תאי פריסרבר,,אטריות אורז חום 500 גר,גרמים,500.00,100 גרם,false,1,11.90,2.3800,true,1,6964
8850122103347,false,מארז אטריות שעועית 1,,TH,מארז אטריות שעועית 10 יח 40 גרם,גרמים,400.00,100 גרם,false,25,19.90,4.9750,true,1,44710
8850122201104,false,דפי שעועית לאגרול 24,פאם ואן דונג סטריט,TH,דפי שעועית לאגרול 24 סמ 190 גרם,גרמים,190.00,100 גרם,false,25,15.90,8.3684,true,1,22248
8850122201111,false,שבבי אטריות שעועית 1,,TH,שבבי אטריות שעועית 190 גרם,גרמים,190.00,100 גרם,false,25,16.90,8.8947,true,1,44697
8850161160851,false,משקה מי קוקוס 350מל,טויו סייקאן,TH,משקה מי קוקוס 350מל קוקו מקס,מיליליטרים,350.00,"100 מ""ל",false,24,8.90,2.5429,true,1,21348
8850161161247,false,משקה מי קוקוס 1ליטר,טויו סייקאן,TH,משקה מי קוקוס 1ליטר קוקו מקס,ליטרים,1.00,ליטר,false,12,15.90,15.9000,true,1,21350
8850161163081,false,מי קוקוס קוקו עם שבב,ASIATIC AGRO INDUSTR,TH,מי קוקוס קוקו עם שבבים 310 מל,מיליליטרים,310.00,"100 מ""ל",false,12,5.90,1.9032,true,1,39609
8850161166204,false,קרם קוקוס 17-19% אמפ,אמפווה קוקונט פרודקט,TH,קרם קוקוס 17-19% אמפאוה 500 מל בקבוק,מיליליטרים,500.00,"100 מ""ל",false,24,12.90,2.5800,true,1,20090
8850161167041,false,משקה חלב קוקוס 270מל,טויו סייקאן,TH,משקה חלב קוקוס 270מל קוקו וואי,מיליליטרים,270.00,"100 מ""ל",false,24,9.20,3.4074,true,1,21349
8850161167089,false,משקה חלב קוקוס 1ליטר,טויו סייקאן,TH,משקה חלב קוקוס 1ליטר קוקו וואי,ליטרים,1.00,ליטר,false,12,16.90,16.9000,true,1,21351
8850180040028,false,קמח טמפורה 500 גר גו,Malinee Food Product,,קמח טמפורה 500 גר גוגי,מיליליטרים,500.00,"100 מ""ל",false,1,10.90,2.1800,true,1,9959
8850206250592,false,רוטב צילי סיראצה 530,Yan Wal Yun Corpora,,רוטב צילי סיראצה 530 גרם,גרמים,530.00,100 גרם,false,1,19.90,3.7547,true,1,16052
8850206280049,false,רוטב צילי חריף מיו 2,Yan Wal Yun Corpora,TH,רוטב צילי חריף מיו 250 גרם,גרמים,250.00,100 גרם,false,12,17.90,7.1600,true,1,40620
8850344000103,false,רוטב פאד טאי 295 מל,סורי אינטרפודס,TH,רוטב פאד פתאי תאילנדי 384,מיליליטרים,295.00,"100 מ""ל",false,12,10.90,3.6949,true,1,2105
8850344001155,false,רוטב צילי מתוק 690 מ,,TH,רוטב צילי מתוק 690 מל,מיליליטרים,690.00,"100 מ""ל",false,12,9.90,1.4348,true,1,32411
8850344002480,false,רוטב צילי מתוק עם למ,סורי אינטרפודס,TH,רוטב צילי מתוק עם למון גראס 295 מל,מיליליטרים,295.00,"100 מ""ל",false,12,10.90,3.6949,true,1,23342
8850367300266,false,תערובת חמשת התבלינים,Theppadungporn cocon,,תערובת חמשת התבלינים 50 גר,גרמים,50.00,100 גרם,false,1,11.90,23.8000,true,1,42007
8850367990443,false,רוטב לסלט סגנון אסיא,Theppadungporn cocon,,רוטב לסלט סגנון אסיאתי 285 מל,מיליליטרים,285.00,"100 מ""ל",false,1,11.90,4.1754,true,1,11068
8850367992164,false,קרם קוקוס22%ללא חומר,Theppadungporn cocon,,קרם קוקוס22%ללא חומר משמר 250 מל,מיליליטרים,250.00,"100 מ""ל",false,1,7.90,3.1600,true,1,10880
8850367992171,false,קרם קוקוס22%ללא חומר,Theppadungporn cocon,,קרם קוקוס22%ללא חומר משמר1 ל,ליטרים,1.00,ליטר,false,1,24.90,24.9000,true,1,10881
8850367992898,false,רוטב טי.סי.סי לסלט ל,Theppadungporn cocon,,רוטב טי.סי.סי לסלט למון גראס 285 מל,מיליליטרים,285.00,"100 מ""ל",false,1,11.90,4.1754,true,1,13761
8850367994021,false,רוטב צילי ללא סוכר ט,Theppadungporn cocon,,רוטב צילי ללא סוכר טי.סי.סי 280 מל,מיליליטרים,280.00,"100 מ""ל",false,1,11.90,4.2500,true,1,41329
8850367994427,false,חלב קוקוס מרוכז וממו,Theppadungporn cocon,TH,חלב קוקוס מרוכז וממותק 330 גרם,גרמים,330.00,100 גרם,false,24,12.90,3.9091,true,1,29107
8850367994779,false,מחית קארי ירוקה טי.ס,Theppadungporn cocon,TH,מחית קארי ירוקה טי.סי.סי 50 גרם,Unknown,0.00,Unknown,false,12,6.90,0.0000,true,1,32494
8850367994786,false,מחית קארי אדומה טי.ס,Theppadungporn cocon,TH,מחית קארי אדומה טי.סי.סי 50 גרם,Unknown,0.00,Unknown,false,12,6.90,0.0000,true,1,32493
8850367994793,false,מחית קארי צהובה טי.ס,Theppadungporn cocon,TH,מחית קארי צהובה טי.סי.סי 50 גרם,Unknown,0.00,Unknown,false,12,6.90,0.0000,true,1,32495
8850372000380,false,מקלוני שעועית תאילנד,סיטינאן,,איטריות שעועית 10 יח 40 גר,גרמים,400.00,100 גרם,false,1,24.90,6.2250,true,1,6492
8850372000472,false,מקלוני שעועית תאילנד,סיטינאן,TH,מקלוני שעועית תאילנדי 200 גרם,גרמים,200.00,100 גרם,false,1,9.90,4.9500,true,1,39596
8850389103111,false,משקה סאפה ענבים 300,SAPPE PUBLIC COMPANY,,משקה סאפה ענבים 300 מל פיקדון,מיליליטרים,300.00,"100 מ""ל",false,1,8.90,2.9667,true,1,36792
8850389103128,false,משקה סאפה תפוח 300 מ,SAPPE PUBLIC COMPANY,,משקה סאפה תפוח 300 מל פיקדון,מיליליטרים,300.00,"100 מ""ל",false,1,8.90,2.9667,true,1,36791
8850389103159,false,משקה מוגו מוגו ליצי,SAPPE PUBLIC COMPANY,,משקה מוגו מוגו ליצי 300מל בק.פקדון,מיליליטרים,300.00,"100 מ""ל",false,1,8.90,2.9667,true,1,42537
8850389104637,false,משקה סאפה אפרסק 300,SAPPE PUBLIC COMPANY,,משקה סאפה אפרסק 300 מל פיקדון,מיליליטרים,300.00,"100 מ""ל",false,1,8.90,2.9667,true,1,36817
8850389105825,false,משקה סאפה אלוורה ענב,SAPPE PUBLIC COMPANY,,משקה סאפה אלוורה ענבים 1 ל פיקדון,ליטרים,1.00,ליטר,false,1,13.90,13.9000,true,1,6989
8850389105832,false,משקה סאפה אלוורה תפו,SAPPE PUBLIC COMPANY,,משקה סאפה אלוורה תפוחים 1 ל פיקדון,ליטרים,1.00,ליטר,false,1,13.90,13.9000,true,1,6988
8850389105849,false,משקה סאפה אלוורה אפר,SAPPE PUBLIC COMPANY,,משקה סאפה אלוורה אפרסק 1 ל פיקדון,ליטרים,1.00,ליטר,false,1,13.90,13.9000,true,1,6990
8850389111352,false,משקה מוגו מוגו מלון,SAPPE PUBLIC COMPANY,,משקה מוגו מוגו מלון 300מל בק.פקדון,מיליליטרים,300.00,"100 מ""ל",false,1,8.90,2.9667,true,1,42538
8850389115312,false,משקה סאפה מלון 300 מ,SAPPE PUBLIC COMPANY,,משקה סאפה מלון 300 מל פיקדון,מיליליטרים,300.00,"100 מ""ל",false,1,8.90,2.9667,true,1,37021
8850389115336,false,משקה סאפה אלוורה מלו,SAPPE PUBLIC COMPANY,,משקה סאפה אלוורה מלון 1 ל פיקדון,ליטרים,1.00,ליטר,false,1,13.90,13.9000,true,1,16834
8850521151215,false,קמח אורז דביק 400 גר,Oriental food co. lt,,קמח אורז דביק 400 גרם,גרמים,400.00,100 גרם,false,1,10.00,2.5000,true,1,2130
8850632604259,false,מקלות גומי יוגטה תות,סאדאט,,מקלות גומי יוגטה תות 50 גר,Unknown,0.00,Unknown,false,1,4.50,0.0000,true,1,6904
8850632604266,false,מקלות גומי יוגטה קול,סאדאט,,מקלות גומי יוגטה קולה 50 גר,Unknown,0.00,Unknown,false,1,4.50,0.0000,true,1,6905
8850632604372,false,שטיח גומי יוגטה תות,סאדאט,,שטיח גומי יוגטה תות 50 גר,Unknown,0.00,Unknown,false,1,4.50,0.0000,true,1,6906
8850632604402,false,שטיח גומי יוגטה מעור,סאדאט,,שטיח גומי יוגטה מעורב 50 גר,Unknown,0.00,Unknown,false,1,4.50,0.0000,true,1,6907
8850632605201,false,שטיח גומי יוגטה חיספ,סאדאט,,שטיח גומי יוגטה חיספוסים מעורב 50 גר,Unknown,0.00,Unknown,false,1,4.50,0.0000,true,1,6997
8850632606390,false,שטיח גומי יוגטה אבטי,ג'נרל קנדי,,שטיח גומי יוגטה אבטיח 50 גר,Unknown,0.00,Unknown,false,1,4.50,0.0000,true,1,9476
8850999112107,false,בירה סינגה 330 מל בק,,,בירה סינגה 330 מל בק. פיקדון,מיליליטרים,330.00,"100 מ""ל",false,1,7.90,2.3939,true,1,6107
8851019210117,false,מקלות פוקי שוקולד חל,,TH,מקלות פוקי שוקולד חלב 47 גר,Unknown,0.00,Unknown,false,12,7.90,0.0000,true,1,31818
8851019210124,false,מקלות פוקי תות 45 גר,,TH,מקלות פוקי תות 45 גר,Unknown,0.00,Unknown,false,12,7.90,0.0000,true,1,31817
8851019210193,false,מקלות פוקי שוקולד בנ,,TH,מקלות פוקי שוקולד בננה 42 גר,Unknown,0.00,Unknown,false,12,7.90,0.0000,true,1,31819
8851019210223,false,מקלות פוקי תה ירוק מ,,TH,מקלות פוקי תה ירוק מאצה 33 גר,Unknown,0.00,Unknown,false,12,7.90,0.0000,true,1,31820
8851019210292,false,מקלות פוקי לבן ועודי,,TH,מקלות פוקי לבן ועודיות 40 גר,Unknown,0.00,Unknown,false,12,7.90,0.0000,true,1,31816
8851019510132,false,מקלות פוקי דאבל שוקו,,TH,מקלות פוקי דאבל שוקולד 47 גר,Unknown,0.00,Unknown,false,12,7.90,0.0000,true,1,31815
8851613101378,false,חלב קוקוס ארוי די250,,,מי קוקוס בקרטון 250 מל,מיליליטרים,250.00,"100 מ""ל",false,1,9.90,3.9600,true,1,10218
8851613101385,false,חלב קוקוס ארוי די500,,,חלב קוקוס בקרטון 500 מל,מיליליטרים,500.00,"100 מ""ל",false,1,13.90,2.7800,true,1,10219
8851613106106,false,חלב קוקוס ארוי די150,תאי וורלד,,מי קוקוס 150 מל ארוי די,מיליליטרים,150.00,"100 מ""ל",false,1,7.90,5.2667,true,1,13059
8852072212018,false,ערמוני מים סילביה,Super J Internationa,,ערמוני מים סילביה,גרמים,565.00,100 גרם,false,1,14.90,2.6372,true,1,2471
8852116710258,false,אורז קוניו סמפטונג ד,,,אורז קוניו סמפטונג דביק 1 קג,קילוגרמים,1.00,"ק""ג",false,12,14.90,14.9000,true,1,40094
8852511010076,false,מיונז יפני 520 גר קי,KEWPIE (THAILAND)CO.,,מיונז יפני 520 גר קיו-פי,גרמים,500.00,100 גרם,false,1,60.00,12.0000,true,1,9403
8852633020403,false,פניני טפיוקה 500 ג,Super J Internationa,,פניני טפיוקה 500 ג,גרמים,500.00,100 גרם,false,1,11.90,2.3800,true,1,5081
8852633119077,false,רוטב דגים ירוק טעמי,,,רוטב דגים ירוק טעמי אסיה 700 מל,מיליליטרים,700.00,"100 מ""ל",false,1,10.90,1.5571,true,1,16474
8852633520408,false,סוכר דקלים 400 גר,Super J Internationa,,סוכר דקלים 400 גר,גרמים,400.00,100 גרם,false,1,15.00,3.7500,true,1,12250
8853662056098,false,רוטב סריראצה עם שום,EXOTIC FOOD PCL,,רוטב סריראצה עם שום 455 מל,מיליליטרים,455.00,"100 מ""ל",false,12,24.90,5.4725,true,1,31900
8853662056661,false,רוטב סריראצה מיו 455,EXOTIC FOOD PCL,,רוטב סריראצה מיו 455 מל,מיליליטרים,455.00,"100 מ""ל",false,1,24.90,5.4725,true,1,17253
8853662056982,false,רוטב סריראצה צילי יר,EXOTIC FOOD PCL,,רוטב סריראצה צילי ירוק חריף 455 מל,מיליליטרים,455.00,"100 מ""ל",false,1,24.90,5.4725,true,1,17256
8853662057019,false,רוטב סריראצה צילי צה,EXOTIC FOOD PCL,,רוטב סריראצה צילי צהוב חריף 455 מל,מיליליטרים,455.00,"100 מ""ל",false,1,24.90,5.4725,true,1,17255
8853662060026,false,רוטב סריראצה חריף455,EXOTIC FOOD PCL,,רוטב סריראצה חריף455 מל,מיליליטרים,455.00,"100 מ""ל",false,1,24.90,5.4725,true,1,42596
8853662060316,false,רוטב סריראצה עם קרם,EXOTIC FOOD PCL,,רוטב סריראצה עם קרם קוקוס 455 מל,מיליליטרים,455.00,"100 מ""ל",false,12,24.90,5.4725,true,1,31904
8853662060385,false,רוטב סריראצה שחור 45,EXOTIC FOOD PCL,,רוטב סריראצה שחור 455 מל,מיליליטרים,455.00,"100 מ""ל",false,12,24.90,5.4725,true,1,31901
8854404000126,false,קרם קוקוס 18% בלו אל,"בלו ספייס קו. בע""מ",TH,קרם קוקוס 18% בלו אלפנט 400 גרם,מיליליטרים,400.00,"100 מ""ל",false,6,14.90,3.7250,true,1,19947
8854404000225,false,מחית קארי צהוב בלו א,"בלו ספייס קו. בע""מ",TH,מחית קארי צהוב בלו אלפנט 70 גרם,Unknown,0.00,Unknown,false,6,14.90,0.0000,true,1,19924
8854404000522,false,אטריות אורז בלו אלפנ,"בלו ספייס קו. בע""מ",TH,אטריות אורז בלו אלפנט 500 גרם,גרמים,500.00,100 גרם,false,6,10.90,2.1800,true,1,19946
8854404000621,false,מחית קארי ירוק בלו א,"בלו ספייס קו. בע""מ",TH,מחית קארי ירוק בלו אלפנט 70 גרם,Unknown,0.00,Unknown,false,6,14.90,0.0000,true,1,19922
8854404000829,false,מחית קארי מסמאן בלו,"בלו ספייס קו. בע""מ",TH,מחית קארי מסמאן בלו אלפנט 70 גרם,Unknown,0.00,Unknown,false,6,14.90,0.0000,true,1,19925
8854404000928,false,מחית למרק טום ים בלו,"בלו ספייס קו. בע""מ",TH,מחית למרק טום ים בלו אלפנט 70 גרם,Unknown,0.00,Unknown,false,6,14.90,0.0000,true,1,19926
8854404001055,false,מחית קארי אדום בלו א,"בלו ספייס קו. בע""מ",TH,מחית קארי אדום בלו אלפנט 70 גרם,Unknown,0.00,Unknown,false,6,14.90,0.0000,true,1,19923
8854404001154,false,רוטב דגים בלו אלפנט,"בלו ספייס קו. בע""מ",TH,רוטב דגים בלו אלפנט 200 מל,מיליליטרים,200.00,"100 מ""ל",false,6,8.90,4.4500,true,1,19942
8854404002571,false,רוטב בוטנים בלו אלפנ,"בלו ספייס קו. בע""מ",TH,רוטב בוטנים בלו אלפנט 190 מל,מיליליטרים,190.00,"100 מ""ל",false,6,13.90,7.3158,true,1,38504
8854404002625,false,מחית למרק טום קה בלו,"בלו ספייס קו. בע""מ",TH,מחית למרק טום קה בלו אלפנט 70 גרם,Unknown,0.00,Unknown,false,6,14.90,0.0000,true,1,19927
8854404005213,false,רוטב קארי צהוב בלו א,"בלו ספייס קו. בע""מ",TH,רוטב קארי צהוב בלו אלפנט 300 גרם,גרמים,300.00,100 גרם,false,6,27.90,9.3000,true,1,38587
8854404005220,false,רוטב קארי אדום בלו א,"בלו ספייס קו. בע""מ",TH,רוטב קארי אדום בלו אלפנט 300 גרם,גרמים,300.00,100 גרם,false,6,27.90,9.3000,true,1,19921
8854404005237,false,רוטב קארי ירוק בלו א,"בלו ספייס קו. בע""מ",TH,רוטב קארי ירוק בלו אלפנט 300 גרם,גרמים,300.00,100 גרם,false,6,27.90,9.3000,true,1,19920
8854404005664,false,ערכה להכנת פאד תאי ב,"בלו ספייס קו. בע""מ",TH,ערכה להכנת פאד תאי בלו אלפנט300 גרם,גרמים,300.00,100 גרם,false,6,27.90,9.3000,true,1,19931
8854404006630,false,רוטב פלפל שחור בלו א,"בלו ספייס קו. בע""מ",TH,רוטב פלפל שחור בלו אלפנט 100 גרם,גרמים,100.00,100 גרם,false,6,13.90,13.9000,true,1,19940
8854404007002,false,בסיס להכנת מרק טום י,,,בסיס להכנת מרק טום יאם 250 גרם,גרמים,250.00,100 גרם,false,6,25.90,10.3600,true,1,30593
8854404007019,false,בסיס להכנת מרק טום ק,,,בסיס להכנת מרק טום קה 250 גרם,גרמים,250.00,100 גרם,false,6,25.90,10.3600,true,1,30592
8854404007071,false,רוטב פאד תאי בלו אלפ,"בלו ספייס קו. בע""מ",TH,רוטב פאד תאי בלו אלפנט 190 מל,גרמים,190.00,100 גרם,false,6,13.90,7.3158,true,1,40052
8857101301008,false,רוטב צילי מתוק 700 מ,פאן אינטר,,רוטב צילי מתוק 700 מל ויליפוד,מיליליטרים,700.00,"100 מ""ל",false,1,9.90,1.4143,true,1,4363
8857106430499,false,אטריות אורז עם אורז,,TH,אטריות אורז עם אורז שחור 250 גרם,גרמים,250.00,100 גרם,false,48,8.90,3.5600,true,1,30423
8857106430512,false,אטריות אורז עם אורז,,TH,אטריות אורז עם אורז חום 250 גרם,גרמים,250.00,100 גרם,false,48,8.90,3.5600,true,1,30424
8857106430529,false,אטריות אורז עלי תות,,TH,אטריות אורז עלי תות עץ 250 גרם,גרמים,250.00,100 גרם,false,48,8.90,3.5600,true,1,30422
8857122559198,false,רוטב סיאם למון גראס,,TH,רוטב סיאם למון גראס ובזיליקום 250 מל,מיליליטרים,250.00,"100 מ""ל",false,6,15.90,6.3600,true,1,43834
8857122559679,false,רוטב צילי מתוק ואננס,,TH,רוטב צילי מתוק ואננס סיאם 250 מל,מיליליטרים,250.00,"100 מ""ל",false,6,12.90,5.1600,true,1,43837
8858271002870,false,רוטב פאד תאי 250 מל,Yan Wal Yun Corpora,,רוטב פאד תאי 250 מל מקסצאפ,מיליליטרים,250.00,"100 מ""ל",false,1,11.90,4.7600,true,1,7435
8858271002887,false,רוטב טרייאקי 250 מל,Yan Wal Yun Corpora,,רוטב טרייאקי 250 מל מקסצאפ,מיליליטרים,250.00,"100 מ""ל",false,1,11.90,4.7600,true,1,7437
8858271003020,false,רוטב סויה פורמולה 1,Yan Wal Yun Corpora,,רוטב סויה פורמולה 1 700 מל מקסצאפ,מיליליטרים,700.00,"100 מ""ל",false,1,16.90,2.4143,true,1,7430
8858271003044,false,רוטב סויה כהה פורמול,Yan Wal Yun Corpora,,רוטב סויה כהה פורמולה 5 700 מל מקסצאפ,מיליליטרים,700.00,"100 מ""ל",false,1,16.90,2.4143,true,1,7432
8858271003068,false,רוטב סויה מתוקה כהה,Yan Wal Yun Corpora,,רוטב סויה מתוקה כהה 250 מל מקסצאפ,מיליליטרים,250.00,"100 מ""ל",false,1,11.90,4.7600,true,1,7436
8858271003136,false,רוטב פטריות צמחוני 2,Yan Wal Yun Corpora,,רוטב פטריות צמחוני 250 מל מקסצאפ,מיליליטרים,250.00,"100 מ""ל",false,1,11.90,4.7600,true,1,7438
8858271003174,false,רוטב שזיפים 700 מל מ,Yan Wal Yun Corpora,,רוטב שזיפים 700 מל מקסצאפ,מיליליטרים,700.00,"100 מ""ל",false,1,16.90,2.4143,true,1,40238
8858271003921,false,רוטב קארי אדום 250 מ,Yan Wal Yun Corpora,,רוטב קארי אדום 250 מל מקסצאפ,מיליליטרים,250.00,"100 מ""ל",false,1,11.90,4.7600,true,1,7434
8858271003938,false,רוטב קארי ירוק 250 מ,Yan Wal Yun Corpora,,רוטב קארי ירוק 250 מל מקסצאפ,מיליליטרים,250.00,"100 מ""ל",false,1,11.90,4.7600,true,1,7433
8858271003945,false,רוטב קארי צהוב 250 מ,Yan Wal Yun Corpora,TH,רוטב קארי צהוב 250 מל מקסצאפ,מיליליטרים,250.00,"100 מ""ל",false,12,11.90,4.7600,true,1,29105
8858271004034,false,רוטב צילי חריף 700 מ,Yan Wal Yun Corpora,,רוטב צילי חריף 700 מל מקסצאפ,מיליליטרים,700.00,"100 מ""ל",false,1,16.90,2.4143,true,1,7431
8858271004126,false,רוטב חמוץ מתוק 700 מ,Yan Wal Yun Corpora,,רוטב חמוץ מתוק 700 מל מקסצאפ,מיליליטרים,700.00,"100 מ""ל",false,1,16.90,2.4143,true,1,7429
8858271004300,false,רוטב טריאקי 700 מל מ,Yan Wal Yun Corpora,,רוטב טריאקי 700 מל מקסצאפ,מיליליטרים,700.00,"100 מ""ל",false,1,21.90,3.1286,true,1,8072
8858271004423,false,רוטב טום יאם 250 מל,Yan Wal Yun Corpora,,רוטב טום יאם 250 מל מקסצאפ,מיליליטרים,250.00,"100 מ""ל",false,1,11.90,4.7600,true,1,8189
8858271004461,false,מחית תמרינד מאקסצאפ,Yan Wal Yun Corpora,,מחית תמרינד מאקסצאפ 454 גר,גרמים,454.00,100 גרם,false,1,24.00,5.2863,true,1,12247
8858271004799,false,רוטב צילי מתוק 700 מ,Yan Wal Yun Corpora,,רוטב צילי מתוק 700 מל מקסצאפ כשלפ,מיליליטרים,700.00,"100 מ""ל",false,1,12.90,1.8429,true,1,9874
8858271005451,false,רוטב סויה  250 מל מק,Yan Wal Yun Corpora,,רוטב סויה  250 מל מקסצאפ,מיליליטרים,250.00,"100 מ""ל",false,1,11.90,4.7600,true,1,11069
8858271005499,false,רוטב ברביקיו 250 מל,Yan Wal Yun Corpora,,רוטב בקביקיו 250 מל מקסצאפ,מיליליטרים,250.00,"100 מ""ל",false,1,11.90,4.7600,true,1,11070
8858271005772,false,רוטב סויה תמרי ללא ג,,,רוטב סויה תמרי ללא גלוטן 300 מל,מיליליטרים,300.00,"100 מ""ל",false,1,16.90,5.6333,true,1,19970
8858359000255,false,עלי קפיר ליים יבשים,סופר גיי,TH,עלי קפיר ליים יבשים 30 גרם,Unknown,0.00,Unknown,false,60,10.90,0.0000,true,1,22257
8858671550063,false,קמח טמפורה מתובל שום,Malinee Food Product,,קמח טמפורה מתובל שופ ופלפל ש 500 גר גוגי,מיליליטרים,500.00,"100 מ""ל",false,1,12.90,2.5800,true,1,14684
8858960302878,false,רוטב קוקוס סיאם ותמר,,TH,רוטב קוקוס סיאם ותמרהינדי 100 גרם,גרמים,100.00,100 גרם,false,6,11.90,11.9000,true,1,43842
8858960302892,false,רוטב צילי סיאם ובזיל,,TH,רוטב צילי סיאם ובזיליקום תאילנדי 100 גרם,גרמים,100.00,100 גרם,false,6,11.90,11.9000,true,1,43840
8858960302915,false,רוטב צילי סיאם וסוכר,,TH,רוטב צילי סיאם וסוכר קוקוס 100 גרם,גרמים,100.00,100 גרם,false,6,11.90,11.9000,true,1,43841
8858960302939,false,ערכת סיאם להכנת קארי,,TH,ערכת סיאם להכנת קארי צהוב 260 גרם,גרמים,260.00,100 גרם,false,6,24.90,9.5769,true,1,43838
8858960302953,false,ערכת סיאם להכנת קארי,,TH,ערכת סיאם להכנת קארי מאסאמן 260 גרם,גרמים,260.00,100 גרם,false,6,24.90,9.5769,true,1,43839
8858960303233,false,שמן למון גראס סיאם ל,,TH,שמן למון גראס סיאם לבישול בווק 150 מל,מיליליטרים,150.00,"100 מ""ל",false,6,19.90,13.2667,true,1,43835
8858960303370,false,ערכת סיאם להכנת ספרי,,TH,ערכת סיאם להכנת ספרינג רול 260 גרם,גרמים,260.00,100 גרם,false,6,24.90,9.5769,true,1,43833
8888021200256,false,סוללות אנרגייזר שמינ,אנרג'ייזר,,סוללות אנרגייזר שמינייה AA,יחידה,8.00,יחידה,false,1,19.90,2.4875,true,1,3632
8888021200720,false,סוללות אנרגייזר AAA,אנרג'ייזר,,סוללות אנרגייזר AAA שמינייה,יחידה,8.00,יחידה,false,1,19.90,2.4875,true,1,2900
8888056700110,false,נודלס אינסטנט טעם יר,,SG,נודלס אינסטנט טעם ירקות 5 יח 425 גרם,גרמים,425.00,100 גרם,false,12,21.90,5.1529,true,1,38750
8888056701117,false,נודלס אינסטנט טעם עו,,SG,נודלס אינסטנט טעם עוף 5 יח 425 גרם,גרמים,425.00,100 גרם,false,12,21.90,5.1529,true,1,38747
8888056702220,false,נודלס אינסטנט טעם בק,,SG,נודלס אינסטנט טעם בקר 5 יח 425 גרם,גרמים,425.00,100 גרם,false,12,21.90,5.1529,true,1,38748
8888056706662,false,נודלס אינסטנט טעם פט,,SG,נודלס אינסטנט טעם פטריות 5 יח 425 גרם,גרמים,425.00,100 גרם,false,12,21.90,5.1529,true,1,38752
8888056708888,false,נודלס אינסטנט טעם טו,,SG,נודלס אינסטנט טעם טום יאם 5 יח 425 גרם,גרמים,425.00,100 גרם,false,12,21.90,5.1529,true,1,38751
8888056709991,false,נודלס אינסטנט טעם ספ,,SG,נודלס אינסטנט טעם ספייסי 5 יח 425 גרם,גרמים,425.00,100 גרם,false,12,21.90,5.1529,true,1,38749
8888757101506,false,שמן שומשום טהור 150,אוך אייק גואן פוד אי,,שמן שומשום טהור 150 מל,מיליליטרים,150.00,"100 מ""ל",false,1,12.00,8.0000,true,1,2558
8888757103005,false,שמן שומשום 300 מל,אוך אייק גואן פוד אי,,שמן שומשום טהור 300 מל,מיליליטרים,300.00,"100 מ""ל",false,1,18.90,6.3000,true,1,2559
8901138500306,false,משחת שיניים הימלאיה,,,משחת שיניים הימלאיה 100 גרם,גרמים,100.00,100 גרם,false,1,17.90,17.9000,true,1,15837
8901138825577,false,משחת שיניים הימלאיה,,,משחת שיניים הימלאיה הגנה מושלמת 75מל,מיליליטרים,75.00,"100 מ""ל",false,1,17.90,23.8667,true,1,15833
8901138825591,false,משחת שיניים הימלאיה,,,משחת שיניים הימלאיה מלבינה 75מל,מיליליטרים,75.00,"100 מ""ל",false,1,17.90,23.8667,true,1,15834
8901138825614,false,משחת שיניים הימלאיה,,,משחת שיניים הימלאיה מינט פרש 75מל,מיליליטרים,75.00,"100 מ""ל",false,1,17.90,23.8667,true,1,15836
8901537024014,false,אורז בסמטי דאוואט 1,lt foods,,אורז בסמטי מובחר 1 קג דאוואט,קילוגרמים,1.00,"ק""ג",false,1,12.90,12.9000,true,1,6098
8901537076679,false,אורז בסמטי דאוואט מל,אל.טי.פודס לימיטד,,אורז בסמטי דאוואט מלא 1 קג,קילוגרמים,1.00,"ק""ג",false,1,13.90,13.9000,true,1,17486
8904004402056,false,חטיף הודי הכל באחד 2,,IN,חטיף הודי הכל באחד 200 גרם,גרמים,200.00,100 גרם,false,40,10.90,5.4500,true,1,42337
8904004402810,false,חטיף הודי פנצרטן ביס,,IN,חטיף הודי פנצרטן ביסי תפוא 150גרם,גרמים,150.00,100 גרם,false,40,12.90,8.6000,true,1,42338
8904004403756,false,חטיף הודי מונג דל עד,,IN,חטיף הודי מונג דל עדשים 150 גרם,גרמים,150.00,100 גרם,false,40,10.90,7.2667,true,1,42336
8904180001340,false,ממרח ראגה צאטני מנגו,אלמק פודס,IN,ממרח רגה צאטני מנגו חריף 340 גר,גרמים,340.00,100 גרם,false,6,21.90,6.4412,true,1,22232
8904180001388,false,ממרח ראגה קארי חריף,אלמק פודס,IN,ממרח ראגה קארי חריף 340 גרם,גרמים,300.00,100 גרם,false,6,21.90,7.3000,true,1,22234
8904180001425,false,ממרח ראגה ביריאני300,אלמק פודס,IN,ממרח ראגה ביריאני300 גרם,גרמים,300.00,100 גרם,false,6,21.90,7.3000,true,1,22238
8904180001432,false,ממרח גראראם מסאלה נמ,אלמק פודס,IN,ממרח נמאסטא גראראם מסאלה 300 גר,גרמים,300.00,100 גרם,false,6,21.90,7.3000,true,1,22260
8906000596999,false,אורז בסמטי מלא מיתאס,ציימן לאל סטיה,,אורז בסמטי מלא מיתאס 1 קג,קילוגרמים,1.00,"ק""ג",false,1,10.90,10.9000,true,1,13228
8906059700385,false,תבשילסייטל הודי מסאל,טייסט'ל פיין פוד פי,IN,תבשיל סייטל הודי מסאלה חומוס 300 גרם,גרמים,300.00,100 גרם,false,20,15.90,5.3000,true,1,20505
8906059700408,false,תבשיל הודי דאל מאקאנ,טייסט'ל פיין פוד פי,IN,תבשיל סייטל הודי מאקאני שעועית 300 גרם,גרמים,300.00,100 גרם,false,20,15.90,5.3000,true,1,20503
8906059700507,false,תבשיל הודי דאל עם עד,טייסט'ל פיין פוד פי,IN,תבשיל סייטל הודי טדקה עם עדשים 300 גרם,גרמים,300.00,100 גרם,false,20,15.90,5.3000,true,1,20502
8906059702648,false,תבשיל סייטל הודי שעו,טייסט'ל פיין פוד פי,IN,תבשיל סייטל הודי שעועית ברוטב קארי285גר,גרמים,285.00,100 גרם,false,20,17.90,6.2807,true,1,38200
8906059702655,false,תבשיל סייטל הודי עדש,טייסט'ל פיין פוד פי,IN,תבשיל סייטל הודי עדשים ברוטב קארי285גר,גרמים,285.00,100 גרם,false,20,17.90,6.2807,true,1,38201
8906059703614,false,תבשיל הודי דאל תרד 3,טייסט'ל פיין פוד פי,IN,תבשיל סייטל הודי דאל תרד 300 גרם,גרמים,300.00,100 גרם,false,20,15.90,5.3000,true,1,20504
8908001017213,false,חטיף קורנטי בטעם טבע,,IN,חטיף קורנטי בטעם טבעי 150 גרם,גרמים,150.00,100 גרם,false,16,12.90,8.6000,true,1,43332
8908001017558,false,חטיף קורנטי בטעם ציל,,IN,חטיף קורנטי בטעם צילי מתוק 150 גרם,גרמים,150.00,100 גרם,false,16,12.90,8.6000,true,1,43334
8908001017718,false,חטיף קורנטי בטעם ווא,,IN,חטיף קורנטי בטעם וואסבי 150 גרם,גרמים,150.00,100 גרם,false,16,12.90,8.6000,true,1,43331
8934878081736,false,אטריות אורז 3 ממ רחב,Chanh Khang Company,,אטריות אורז 3 ממ רחבות 454 ג,גרמים,400.00,100 גרם,false,1,10.90,2.7250,true,1,9151
8934878081743,false,אטריות אורז 5 ממ רחב,Chanh Khang Company,,אטריות אורז 5 ממ רחבות 250 גרם,גרמים,250.00,100 גרם,false,1,7.90,3.1600,true,1,9153
8934878081811,false,דפי אורז עגול 22סמ 4,Chanh Khang Company,,דפי אורז עגול 22סמ 400 גרם,גרמים,400.00,100 גרם,false,1,13.90,3.4750,true,1,9006
8934878081866,false,דפי אורז מרובע 22סמ,Chanh Khang Company,,דפי אורז מרובע 22סמ 400 גרם,גרמים,400.00,100 גרם,false,1,13.90,3.4750,true,1,12246
8936144250105,false,ויקו מי קוקוס אורגני,,VN,ויקו מי קוקוס אורגני 100% 1 ליטר,ליטרים,1.00,ליטר,false,12,18.90,18.9000,true,1,32722
8936144481394,false,אורז גפוניקה שחור500,,VN,אורז גפוניקה שחור500 גרם אורגני,גרמים,500.00,100 גרם,false,24,21.90,4.3800,true,1,32956
8936144481905,false,אורז גפוניקה לבן500,,VN,אורז גפוניקה לבן500 גרם אורגני,גרמים,500.00,100 גרם,false,24,21.90,4.3800,true,1,32957
8938535541366,false,דפי אורז צבעוני עגול,Chanh Khang Company,VN,דפי אורז צבעוני עגול 22 סמ 400 גרם,גרמים,400.00,100 גרם,false,25,14.90,3.7250,true,1,30426
9000100590693,false,מוס לשיער סאיוס לייצ,מריבור,,מוס לשיער סאיוס לייצוב מקסימלי 250מל,מיליליטרים,250.00,"100 מ""ל",false,1,19.90,7.9600,true,1,16634
9000100590938,false,מוס סאיוס ליצירת נפח,מריבור,,מוס סאיוס ליצירת נפח 250מל,מיליליטרים,250.00,"100 מ""ל",false,1,19.90,7.9600,true,1,16632
9000100760591,false,דאו פה רול  50 מל כח,שוורצקופף והנקל,,דאו פה רול  50 מל כח ללא סימן,מיליליטרים,50.00,"100 מ""ל",false,1,8.90,17.8000,true,1,16620
9000100798709,false,דאו פה רול און כח המ,שוורצקופף והנקל,,דאו פה רול און כח המשיכה 50  מל,מיליליטרים,50.00,"100 מ""ל",false,1,8.90,17.8000,true,1,10556
9000100806657,false,דאו פה רול און ספורט,שוורצקופף והנקל,,דאו פה רול און ספורט ללא סימן 50 מל,מיליליטרים,50.00,"100 מ""ל",false,1,8.90,17.8000,true,1,8968
9000101329322,false,סבון אסלה ברף ניחוח,הנקל סוד,RS,סבון אסלה ברף ניחוח מתחלף תפוח נופר 50גר,Unknown,0.00,Unknown,false,10,9.90,0.0000,true,1,37473
9000101329742,false,סבון אסלה ברף ניחוח,הנקל סוד,RS,סבון אסלה ברף ניחוח מתחלף אפרסק תפוח50גר,Unknown,0.00,Unknown,false,10,9.90,0.0000,true,1,37474
9000101372878,false,קפסולות פרסיל דיסקס,הנקל,HU,קפסולות פרסיל דיסקס לכביסה לבנה 22יח,יחידה,22.00,יחידה,false,6,32.90,1.4955,true,1,31750
9000101375268,false,מארז 3 יח סבון אסלה,,,מארז 3 יח סבון אסלה סוד ברף יסמין מתחלף,יחידה,3.00,יחידה,false,1,14.90,4.9667,true,1,44043
9000101375299,false,מארז 3 יח סבון אסלה,,,מארז 3 יח סבון אסלה סוד ברף מגנוליה מתחל,יחידה,3.00,יחידה,false,1,14.90,4.9667,true,1,44042
9000101380255,false,קפסולות פרסיל דיסקס,הנקל,HU,קפסולות פרסיל דיסקס ניקיון היגייני 22יח,יחידה,22.00,יחידה,false,6,32.90,1.4955,true,1,37465
9000101417081,false,סבון אסלה סוד ברף דל,,,סבון אסלה סוד ברף דלקס מגנוליה כדוריות,Unknown,0.00,Unknown,false,1,8.90,0.0000,true,1,26814
9000101418163,false,מארז 3 יח סבון אסלה,,,מארז 3 יח סבון אסלה סוד ברף תפוח מתחלף,יחידה,3.00,יחידה,false,1,14.90,4.9667,true,1,41574
9000101511635,false,פרסיל דיסקס סנסיטיב,הנקל,HU,פרסיל דיסקס סנסיטיב 22יח,יחידה,22.00,יחידה,false,6,32.90,1.4955,true,1,41545
9000101520965,false,מארז 3 יח סבון אסלה,,,מארז 3 יח סבון אסלה סוד ברף לוטוס מתחלף,יחידה,3.00,יחידה,false,1,14.90,4.9667,true,1,41573
9000101521436,false,סבון אסלה ברף ניחוח,הנקל סוד,RS,סבון אסלה ברף ניחוח מתחלף לוטוס במבו50גר,Unknown,0.00,Unknown,false,10,9.90,0.0000,true,1,37475
9000101537550,false,קפסולות גל כב. פרסיל,הנקל,HU,קפסולות גל כב. פרסיל פאוור 52יח,יחידה,52.00,יחידה,false,4,49.90,0.9596,true,1,42756
9000101537581,false,קפסולות גל כב. פרסיל,הנקל,HU,קפסולות גל כב. פרסיל פאוור 52יח,יחידה,52.00,יחידה,false,4,49.90,0.9596,true,1,42757
9000331607917,false,וופל מאנר קרם אגוזים,,AT,וופל מאנר קרם אגוזים 400 גרם,גרמים,400.00,100 גרם,false,1,22.90,5.7250,true,1,39203
9000331607955,false,וופל מאנר מוס קרם אג,,AT,וופל מאנר מוס קרם אגוזים 400 גרם,גרמים,400.00,100 גרם,false,1,22.90,5.7250,true,1,39121
9000331607993,false,וופל מאנר קרם אגוזים,,AT,וופל מאנר קרם אגוזים מצופה 400 גרם,גרמים,400.00,100 גרם,false,1,22.90,5.7250,true,1,39202
9000331627526,false,וופל מאנר מילוי קרם,,AT,וופל מאנר מילוי קרם מלוח 200 גרם,גרמים,200.00,100 גרם,false,1,13.90,6.9500,true,1,39186
9000331627540,false,וופל מאנר מילוי קרם,,AT,וופל מאנר מילוי קרם וניל 200 גרם,גרמים,200.00,100 גרם,false,1,13.90,6.9500,true,1,39187
9001511004823,false,בירה גוסר בהיר 500מל,בראו יוניון,,בירה גוסר בהיר 500מל פקדון,מיליליטרים,500.00,"100 מ""ל",false,1,11.90,2.3800,true,1,9405
9001531947322,false,מרכך כביסה אקולוגי,ארדל רקס,,מרכך כביסה אקולוגי  750 מל לבנדר פרוש,מיליליטרים,750.00,"100 מ""ל",false,1,19.90,2.6533,true,1,19355
9001616202155,false,זוג מוצצי מאמ סיליקו,MAM,,זוג מוצצי מאמ סיליקון 16+ בן כחול,יחידה,2.00,יחידה,false,1,34.90,17.4500,true,1,17649
9001616202186,false,בקבוק האכלה לתינוק מ,MAM,,בקבוק האכלה לתינוק מאמ 330מל תכלת,יחידה,1.00,יחידה,false,1,34.90,34.9000,true,1,17654
9001616202377,false,זוג מוצצי מאמ זוהרים,MAM,,זוג מוצצי מאמ זוהרים בחושך 0-6 בן תכלת,יחידה,2.00,יחידה,false,1,34.90,17.4500,true,1,17651
9001616202445,false,זוג מוצצי מאמ סיליקו,MAM,,זוג מוצצי מאמ סיליקון איי לאב מאמי 0-6בן,יחידה,2.00,יחידה,false,1,34.90,17.4500,true,1,17644
9001616203305,false,זוג פטמות לבקבוק מאמ,MAM,,זוג פטמות לבקבוק מאמ איקס,יחידה,2.00,יחידה,false,1,29.90,14.9500,true,1,18894
9001616203350,false,זוג פטמות לבקבוק מאמ,MAM,,זוג פטמות לבקבוק מאמ שלב 1,יחידה,2.00,יחידה,false,1,29.90,14.9500,true,1,18891
9001616203367,false,זוג פטמות לבקבוק מאמ,MAM,,זוג פטמות לבקבוק מאמ שלב 2,יחידה,2.00,יחידה,false,1,29.90,14.9500,true,1,18892
9001616203626,false,זוג פטמות לבקבוק מאמ,MAM,,זוג פטמות לבקבוק מאמ שלב 3,יחידה,2.00,יחידה,false,1,29.90,14.9500,true,1,18893
9001616661099,false,בקבוק האכלה לתינוק מ,MAM,,בקבוק האכלה לתינוק מאמ 270מל תכלת,יחידה,1.00,יחידה,false,1,34.90,34.9000,true,1,17653
9001616669927,false,בקבוק האכלה לתינוק מ,MAM,,בקבוק האכלה לתינוק מאמ 260מל אפור,יחידה,1.00,יחידה,false,1,34.90,34.9000,true,1,17652
9001616680991,false,בקבוק האכלה לתינוק מ,MAM,,בקבוק האכלה לתינוק מאמ 260מל תכלת,יחידה,1.00,יחידה,false,1,34.90,34.9000,true,1,18432
9001616681363,false,בקבוק האכלה לתינוק מ,MAM,,בקבוק האכלה לתינוק מאמ 260מל ורוד,יחידה,1.00,יחידה,false,1,34.90,34.9000,true,1,18433
9001616702600,false,זוג מוצצי מאמ סיליקו,MAM,,זוג מוצצי מאמ סיליקון 0-2 בת ורוד,יחידה,2.00,יחידה,false,1,34.90,17.4500,true,1,18410
9001616702655,false,זוג מוצצי מאמ זוהרים,MAM,,זוג מוצצי מאמ זוהרים בחושך 0-6 בת ורוד,יחידה,2.00,יחידה,false,1,34.90,17.4500,true,1,18411
9001616702662,false,זוג מוצצי מאמ פרל סי,MAM,,זוג מוצצי מאמ פרל סיליקון 0-6 בת ורוד,יחידה,2.00,יחידה,false,1,34.90,17.4500,true,1,18412
9001616702679,false,זוג מוצצי מאמ סיליקו,MAM,,זוג מוצצי מאמ סיליקון זמן לאהבה 0-6 ורוד,יחידה,2.00,יחידה,false,1,34.90,17.4500,true,1,18413
9001616702686,false,זוג מוצצי מאמ סיליקו,MAM,,זוג מוצצי מאמ סיליקון איי לאב מאמי 0-6בת,יחידה,2.00,יחידה,false,1,34.90,17.4500,true,1,18414
9001616702822,false,זוג מוצצי מאמ סיליקו,MAM,,זוג מוצצי מאמ סיליקון קריסטל 6+ ורוד,יחידה,2.00,יחידה,false,1,34.90,17.4500,true,1,18428
9001616702839,false,זוג מוצצי מאמ סיליקו,MAM,,זוג מוצצי מאמ סיליקון קריסטל 6+ ירוק,יחידה,2.00,יחידה,false,1,34.90,17.4500,true,1,18429
9001616702846,false,זוג מוצצי מאמ איר סי,MAM,,זוג מוצצי מאמ איר סיליקון 0-6 ורוד,יחידה,2.00,יחידה,false,1,34.90,17.4500,true,1,18430
9001616702877,false,זוג מוצצי מאמ סיליקו,MAM,,זוג מוצצי מאמ סיליקון 16+ בן ורוד,יחידה,2.00,יחידה,false,1,34.90,17.4500,true,1,18431
9001616702921,false,בקבוק האכלה לתינוק מ,MAM,,בקבוק האכלה לתינוק מאמ 260מל לבן,יחידה,1.00,יחידה,false,1,34.90,34.9000,true,1,18434
9001616703010,false,בקבוק האכלה לתינוק מ,MAM,,בקבוק האכלה לתינוק מאמ 330מל ורוד,יחידה,1.00,יחידה,false,1,34.90,34.9000,true,1,18435
9001616813856,false,מארז שלישיית מוצצים,MAM,,מארז שלישיית מוצצים מאם 6פלוס,יחידה,3.00,יחידה,false,1,36.90,12.3000,true,1,42403
9001616820687,false,זוג מוצצי מאמ מאט אפ,MAM,,זוג מוצצי מאמ מאט אפור ותכלת,יחידה,2.00,יחידה,false,1,34.90,17.4500,true,1,41085
9002859018800,false,מיץ לימון טבעי צהוב,GUNZ WARENHANDELS,,מיץ לימון טבעי צהוב 200 מל,מיליליטרים,200.00,"100 מ""ל",false,1,4.50,2.2500,true,1,7392
9002859025204,false,פלחי מרמרלדה גונץ 20,GUNZ WARENHANDELS,,פלחי מרמרלדה גונץ 200 גר,גרמים,200.00,100 גרם,false,1,9.90,4.9500,true,1,7572
9002859026270,false,מיץ לימון ליים ירוק,GUNZ WARENHANDELS,,מיץ לימון ליים ירוק 200 מל,מיליליטרים,200.00,"100 מ""ל",false,1,4.50,2.2500,true,1,7391
9002859031434,false,סוכריות גלי פירות גו,GUNZ WARENHANDELS,,סוכריות גלי פירות גונץ 250 גר,גרמים,250.00,100 גרם,false,1,11.00,4.4000,true,1,6197
9002859035494,false,מיקס תבלינים ארומה 5,GUNZ WARENHANDELS,,מיקס תבלינים ארומה 500 גר גונץ,גרמים,500.00,100 גרם,false,1,13.50,2.7000,true,1,7698
9002859036583,false,לשונות חתול חלב 100,GUNZ WARENHANDELS,,לשונות חתול חלב 100 גר גונץ,גרמים,100.00,100 גרם,false,1,11.00,11.0000,true,1,7947
9002859042799,false,בונבוניירה מוצרט גונ,GUNZ WARENHANDELS,,בונ.מוצרט כדורים שקית 297 גר גונץ,גרמים,297.00,100 גרם,false,1,29.90,10.0673,true,1,8291
9002859050671,false,לבבות שוקולד גונץ בר,GUNZ WARENHANDELS,DE,לבבות שוקולד גונץ ברשת 100 גרם,גרמים,100.00,100 גרם,false,24,11.00,11.0000,true,1,9306
9002859050763,false,חיפושיות שוקולד גונץ,GUNZ WARENHANDELS,DE,חיפושיות שוקולד גונץ ברשת 100 גרם,גרמים,100.00,100 גרם,false,24,11.00,11.0000,true,1,9304
9002859054099,false,בונ.מוצרט כדורים משו,GUNZ WARENHANDELS,,בונ.מוצרט כדורים משושה 297 גר גונץ,גרמים,300.00,100 גרם,false,1,32.90,10.9667,true,1,7151
9002859058172,false,חטיף בננה בציפוי שוק,GUNZ WARENHANDELS,,חטיף בננה בציפוי שוקולד מריר 300גר גונץ,גרמים,300.00,100 גרם,false,1,14.90,4.9667,true,1,7699
9002859061240,false,שבבי בצל מטוגן 250 ג,GUNZ WARENHANDELS,,שבבי בצל מטוגן 250 גר ניקו,גרמים,250.00,100 גרם,false,1,10.90,4.3600,true,1,8054
9002859067570,false,דפדפי שוקולד תפוז 20,GUNZ WARENHANDELS,,דפדפי שוקולדה תפוז גונץ 200 גר,גרמים,100.00,100 גרם,false,1,18.00,18.0000,true,1,8644
9002859073298,false,כדורגל שוקולד גונץ ב,GUNZ WARENHANDELS,DE,כדורגל שוקולד גונץ ברשת 100 גר,גרמים,100.00,100 גרם,false,24,11.00,11.0000,true,1,9305
9002859100536,false,בונ.מוצרט אצבעות 200,GUNZ WARENHANDELS,,בונ.מוצרט אצבעות 200 גרם,גרמים,200.00,100 גרם,false,1,16.90,8.4500,true,1,16584
9002975393812,false,סוכריות גומי הריבו ה,,AT,סוכריות גומי הריבו הפי צירי 70 גרם,Unknown,0.00,Unknown,false,30,6.90,0.0000,true,1,30435
9002975393829,false,סוכריות גומי הריבו פ,,AT,סוכריות גומי הריבו פיציס 70 גרם,Unknown,0.00,Unknown,false,30,6.90,0.0000,true,1,30437
9002975393836,false,סוכריות גומי הריבו ה,,AT,סוכריות גומי הריבו הפי קולה 70 גרם,Unknown,0.00,Unknown,false,30,6.90,0.0000,true,1,30436
9002975393843,false,סוכריות גומי הריבו ג,,AT,סוכריות גומי הריבו גולדברס 70 גרם,Unknown,0.00,Unknown,false,30,6.90,0.0000,true,1,30434
9002975393850,false,סוכריות גומי הריבו ו,,AT,סוכריות גומי הריבו וורמס 70 גרם,Unknown,0.00,Unknown,false,30,6.90,0.0000,true,1,30438
9003100120037,false,בירה קייזר 500מל פח.,,AT,בירה קייזר 500מל פח.פקדון,מיליליטרים,500.00,"100 מ""ל",false,24,8.90,1.7800,true,1,43436
9003400304939,false,בירה שטיגל וייז חיטה,מבשלת שטיגל,,בירה שטיגל וייז חיטה 500מל פקדון,מיליליטרים,500.00,"100 מ""ל",false,1,11.90,2.3800,true,1,14112
9003400393032,false,בירה הל שטיגל 500מל,,,בירה הל שטיגל 500מל פח. פקדון,מיליליטרים,500.00,"100 מ""ל",false,24,10.00,2.0000,true,1,41253
9003401681138,false,מארז 6יח בירה שטיגל,,,מארז 6יח בירה שטיגל גולדבראו 330מל,מיליליטרים,1980.00,"100 מ""ל",false,1,34.90,1.7626,true,1,30107
9003402655084,false,בירה שטיגל רדלר פטל,,,בירה שטיגל רדלר פטל 500מל פחית פקדון,מיליליטרים,500.00,"100 מ""ל",false,24,7.90,1.5800,true,1,35960
9003402660088,false,בירה שטיגל גולדברו 5,,,בירה שטיגל גולדברו 500מל פחית,מיליליטרים,500.00,"100 מ""ל",false,24,10.00,2.0000,true,1,17944
9003402663089,false,בירה שטיגל רדלר 500מ,,,בירה שטיגל רדלר 500מל פחית פקדון,מיליליטרים,500.00,"100 מ""ל",false,24,7.90,1.5800,true,1,17945
9003402664079,false,בירה שטיגל רדלר לימו,,,בירה שטיגל רדלר לימון 500מל פחית פקדון,מיליליטרים,500.00,"100 מ""ל",false,24,7.90,1.5800,true,1,35959
9005800343143,false,אפטר שייב ניוואה מן,beiersdorf,,אפטר שייב ניוואה מן קול קיק פרש 100מל,מיליליטרים,100.00,"100 מ""ל",false,1,49.90,49.9000,true,1,32715
9005835312626,false,טבליות למדיח כלים קל,קלרו,AT,טבליות למדיח כלים קלרו 50 יח,קילוגרמים,1.00,"ק""ג",false,4,49.90,49.9000,true,1,22352
9005835312640,false,טבליות למדיח כלים קל,קלרו,AT,טבליות למדיח כלים קלרו 80 יח,יחידה,80.00,יחידה,false,4,69.90,0.8738,true,1,22439
9005835312718,false,מלח למדיח כלים קלרו,קלרו,AT,מלח למדיח כלים קלרו 1 קג,קילוגרמים,1.00,"ק""ג",false,5,14.90,14.9000,true,1,22353
9005835312732,false,נוזל הברקה למדיח כלי,קלרו,AT,נוזל הברקה למדיח כלים קלרו 500מל,מיליליטרים,500.00,"100 מ""ל",false,12,14.90,2.9800,true,1,22354
9005835312756,false,נוזל ניקוי למדיח כלי,קלרו,AT,נוזל ניקוי למדיח כלים קלרו 250מל,מיליליטרים,250.00,"100 מ""ל",false,6,14.90,5.9600,true,1,22355
9005835313609,false,טבליות קלרו למדיח כל,קלרו,AT,טבליות קלרו למדיח כלים 15טבליות,יחידה,15.00,יחידה,false,5,9.90,0.6600,true,1,39636
9005835313661,false,טבליות למדיח כלים קל,קלרו,AT,טבליות למדיח כלים קלרו 30 יח,יחידה,30.00,יחידה,false,5,29.90,0.9967,true,1,33289
9008700111546,false,נקטר דובדבן 1 ל ראוך,,,נקטר דובדבן 1 ל ראוך בקרטון,ליטרים,1.00,ליטר,false,1,11.90,11.9000,true,1,2663
9008700128971,false,מיץ קרנברי ראוך 100%,,,מיץ קרנברי ראוך 100% 1 ל בקרטון,ליטרים,1.00,ליטר,false,1,11.90,11.9000,true,1,26151
9008700146982,false,מיץ 100% פירות אדומי,,,מיץ 100% פירות אדומים 1 ל ראוך בקרטון,ליטרים,1.00,ליטר,false,1,11.90,11.9000,true,1,6569
9008700148146,false,נקטר ליצי 1 ל ראוך ב,,,נקטר ליצי 1 ל ראוך בקרטון,ליטרים,1.00,ליטר,false,1,11.90,11.9000,true,1,8055
9008700150095,false,מיץ קוקוס אננס 1 ל ר,,,מיץ קוקוס אננס 1 ל ראוך בקרטון,ליטרים,1.00,ליטר,false,1,11.90,11.9000,true,1,26154
9008700155458,false,נקטר גויאבה 1 ל ראוך,,,נקטר גויאבה 1 ל ראוך בקרטון,ליטרים,1.00,ליטר,false,1,11.90,11.9000,true,1,8928
9028800139493,false,בירה ציפפר 500מל פח.,,AT,בירה ציפפר 500מל פח.פקדון,מיליליטרים,500.00,"100 מ""ל",false,24,8.90,1.7800,true,1,43435
9028800627679,false,בירה אדלווייס 500 מל,,,בירה אדלווייס 500מל פח. פקדון,מיליליטרים,500.00,"100 מ""ל",false,1,11.90,2.3800,true,1,42801
9028800639962,false,בירה אדלווייס הפטרוב,,,בירה אדלווייס הפטרובה 500מל פקדון,מיליליטרים,500.00,"100 מ""ל",false,1,12.90,2.5800,true,1,9883
9044400231009,false,סוכריות פז מילוי פיר,PEZ,,סוכריות פז מילוי פירות שמיניה,Unknown,0.00,Unknown,false,1,10.00,0.0000,true,1,3829
9044400822320,false,סוכריות פז  10יח +בו,PEZ,,סוכריות פז  10יח +בובה שקית,Unknown,0.00,Unknown,false,1,14.90,0.0000,true,1,32007
9044400841000,false,סוכריות דמויות פז,PEZ,,סוכריות דמויות פז,Unknown,0.00,Unknown,false,1,13.00,0.0000,true,1,3828
9044400848931,false,מזוודת פז מיניונים,PEZ,,מזוודת פז מיניונים,Unknown,0.00,Unknown,false,1,59.90,0.0000,true,1,43429
9044400849105,false,סוכריות פז  10יח +בו,PEZ,,סוכריות פז  10יח +בובה שקית,Unknown,0.00,Unknown,false,1,14.90,0.0000,true,1,43763
9044400851672,false,סוכריות דמויות פז,PEZ,,סוכריות דמויות פז,Unknown,0.00,Unknown,false,1,13.00,0.0000,true,1,41491
9044400885578,false,סוכריות פז מילוי פיר,PEZ,,סוכריות פז מילוי פירות שמיניה,Unknown,0.00,Unknown,false,1,10.00,0.0000,true,1,43762
9044400885745,false,סוכריות בובת פז+מילו,PEZ,,סוכריות בובת פז+מילוי,Unknown,0.00,Unknown,false,1,11.90,0.0000,true,1,44474
9044400885752,false,סוכריות בובת פז+מילו,PEZ,,סוכריות בובת פז+מילוי,Unknown,0.00,Unknown,false,1,11.90,0.0000,true,1,44473
9120017113713,false,יין קראכר ריזלינג 75,,,יין קראכר ריזלינג 750 מל,מיליליטרים,750.00,"100 מ""ל",false,1,65.00,8.6667,true,1,11800
9120017114635,false,יין קראכר ריזלינג 75,,,יין קראכר ריזלינג 750 מל,מיליליטרים,750.00,"100 מ""ל",false,1,65.00,8.6667,true,1,18760
9120017115892,false,יין קראכר גרונר ולטל,,,יין קראכר גרונר ולטלינר 2018 750 מל,מיליליטרים,750.00,"100 מ""ל",false,1,65.00,8.6667,true,1,21633
9120025834723,false,חטיף אוראו קפוא 120ג,,IT,חטיף אוראו קפוא 120גר,גרמים,120.00,100 גרם,false,14,14.90,12.4167,true,1,43941
9120025839896,false,חטיף מילקה קפוא 128ג,,IT,חטיף מילקה קפוא 128גר,גרמים,128.00,100 גרם,false,14,14.90,11.6406,true,1,44120
9120066430014,false,טקילה סופרפרמיום  בל,,MX,טקילה סופרפרמיום  בלנקו 700 מל,מיליליטרים,700.00,"100 מ""ל",false,6,450.00,64.2857,true,1,21751
9120066430809,false,טקילה סופרפרמיום סי,,,טקילה סופרפרמיום סי אל 700 מל,מיליליטרים,700.00,"100 מ""ל",false,1,499.00,71.2857,true,1,43713
9120097310583,false,חטיף שוקו בננה מיניו,,IT,חטיף שוקו בננה מיניונים 108גר קפוא,גרמים,108.00,100 גרם,false,14,14.90,13.7963,true,1,43944
9300641001079,false,תמצית וניל טהור קולג,,GB,תמצית וניל טהור קולג אנד טיילור 65 מל,מיליליטרים,118.00,"100 מ""ל",false,12,75.00,63.5593,true,1,32540
9300752030074,false,יין אוז שרדונה רזרב,,,יין אוז שרדונה רזרב 750 מל,מיליליטרים,75000.00,"100 מ""ל",false,1,60.00,0.0800,true,1,14155
9300752030722,false,יין שרדונה די בי 750,,,יין שרדונה די בי 750 מל פקדון,מיליליטרים,750.00,"100 מ""ל",false,1,45.00,6.0000,true,1,9942
9300752305707,false,יין אוז שרדונה רזרב,,,יין אוז שרדונה רזרב 750 מל,מיליליטרים,75000.00,"100 מ""ל",false,1,60.00,0.0800,true,1,10155
9300752305721,false,יין אוז שיראז רזרב 7,,,יין אוז שיראז רזרב 750 מל,מיליליטרים,75000.00,"100 מ""ל",false,1,60.00,0.0800,true,1,10156
9310072025155,false,ביסקויט טים טם שוקול,ארנולטס,AU,ביסקויט טים טם שוקולד לבן 165 גרם,גרמים,165.00,100 גרם,false,24,19.90,12.0606,true,1,28600
9310072028743,false,ביסקויט טים טם אורגי,ארנולטס,AU,ביסקויט טים טם אורגינל 200 ג,גרמים,200.00,100 גרם,false,24,19.90,9.9500,true,1,12892
9310072028750,false,ביסקויט טים טם דאבל,ארנולטס,AU,ביסקויט טים טם דאבל 200 ג,גרמים,200.00,100 גרם,false,24,19.90,9.9500,true,1,12645
9310088007015,false,תחבושות דיפנד אובר נ,KC Vietnam,,תחבושות דיפנד אובר נייט 8 יחידות,Unknown,0.00,Unknown,false,1,19.90,0.0000,true,1,8871
9310297005239,false,יין שרדונה רונסונס ס,יינות מטואה,,יין שרדונה רונסונס סמיליון 2015 750 מל,מיליליטרים,750.00,"100 מ""ל",false,1,60.00,8.0000,true,1,13224
9310297009428,false,יין פנפולדס מקס שירא,,AU,יין פנפולדס מקס שיראז קברנה 750 מל,מיליליטרים,750.00,"100 מ""ל",false,6,115.00,15.3333,true,1,30704
9310297646258,false,יין שיראז קברנה רונס,יינות מטואה,,יין שיראז קברנה רונסונס 2015 750 מל,מיליליטרים,750.00,"100 מ""ל",false,1,60.00,8.0000,true,1,13225
9311218109562,false,יין שיראז 50 לינדמנס,יינות רוסונס,,יין שיראז 50 לינדמנס 2015 750 מל,מיליליטרים,750.00,"100 מ""ל",false,1,60.00,8.0000,true,1,13221
9311218110995,false,יין ק.סובניון 45 לינ,יינות רוסונס,,יין ק.סובניון 45 לינדמנס 2015 750 מל,מיליליטרים,750.00,"100 מ""ל",false,1,60.00,8.0000,true,1,13220
9311218114078,false,יין מרלו 40 לינדמנס,יינות רוסונס,,יין מרלו 40 לינדמנס 2015 750 מל,מיליליטרים,750.00,"100 מ""ל",false,1,60.00,8.0000,true,1,13219
9311218119486,false,יין שרדונה 65 לינדמנ,יינות רוסונס,,יין שרדונה 65 לינדמנס 2015 750 מל,מיליליטרים,750.00,"100 מ""ל",false,1,60.00,8.0000,true,1,13229
9312931720294,false,מכשיר גילוח שיק אינט,אדגוול,,מכשיר גילוח שיק אינטואישן+2 סכינים,גרמים,128.00,100 גרם,false,1,29.90,23.3594,true,1,17383
9312931720300,false,סכיני גילוח שיק אינט,אדגוול,,סכיני גילוח שיק אינטואישן 3 יחידות,יחידה,3.00,יחידה,false,1,29.90,9.9667,true,1,17384
9314820024957,false,רוטב בלסמי קולויטה מ,COLAVITA SpA,IT,רוטב בלסמי קולויטה מצומצם 225 מל,מיליליטרים,225.00,"100 מ""ל",false,12,29.90,13.2889,true,1,43832
9322969000015,false,פרכיות תירס אורגינל,Algam Gil - Agent,,פרכיות תירס אורגינל 150 גר,גרמים,150.00,100 גרם,false,1,10.90,7.2667,true,1,1680
9322969000022,false,פרכיות תירס סויה וזר,Algam Gil - Agent,,פרכיות תירס סויה וזרעי פשתן 150 גר,גרמים,150.00,100 גרם,false,1,10.90,7.2667,true,1,1683
9322969000046,false,פרכיות תירס אורגני ש,Algam Gil - Agent,,פרכיות תירס אורגני שומשום 150 גר,גרמים,150.00,100 גרם,false,1,10.90,7.2667,true,1,1682
9322969000053,false,פרכיות אורז מלא 150,Algam Gil - Agent,,פרכיות אורז מלא 150 גר,גרמים,150.00,100 גרם,false,1,10.90,7.2667,true,1,39090
9324054906394,false,מגבוני כלורקס אקספרט,כלורקס,US,מגבוני כלורקס אקספרט 30יח פלופאק,יחידה,30.00,יחידה,false,30,11.90,0.3967,true,1,37453
9324054906400,false,מגבוני כלורקס אקספרט,כלורקס,US,מגבוני כלורקס אקספרט 30יח במיכל,יחידה,30.00,יחידה,false,30,18.90,0.6300,true,1,37452
9330344004473,false,סכיני גילוח שיק הייד,,CN,סכיני גילוח שיק היידרו סילק חד פעמי 2 יח,יחידה,2.00,יחידה,false,6,24.90,12.4500,true,1,23508
9414416001468,false,יין סוביניון בלאן רז,ניו זילנד - וילה מרי,,יין סוביניון בלאן רזרב וואיירו 750מל פקד,מיליליטרים,750.00,"100 מ""ל",false,1,100.00,13.3333,true,1,9367
9414416305528,false,יין פרייבט בין סובינ,ניו זילנד - וילה מרי,,יין פרייבט בין סוביניון בלאן 750 מל פקדו,מיליליטרים,750.00,"100 מ""ל",false,1,70.00,9.3333,true,1,8121
9414416501876,false,יין פרייבט בין שרדונ,ניו זילנד - וילה מרי,,יין פרייבט בין שרדונה וילה מריה 750 מל,מיליליטרים,750.00,"100 מ""ל",false,1,70.00,9.3333,true,1,11437
9414416508158,false,יין אדום פרייבט בין,ניו זילנד - וילה מרי,,יין אדום פרייבט בין פינו נואר 750מל פק,מיליליטרים,750.00,"100 מ""ל",false,1,80.00,10.6667,true,1,7666
9415305122011,false,יין ס. בלאן מטואה מר,יינות מטואה,,יין ס. בלאן מטואה מרלבוך 2015 750 מל,מיליליטרים,750.00,"100 מ""ל",false,1,80.00,10.6667,true,1,13226
9415305236053,false,יין פינו נואר מטואה,יינות מטואה,,יין פינו נואר מטואה מרלבוך 2015 750 מל,מיליליטרים,750.00,"100 מ""ל",false,1,100.00,13.3333,true,1,13227
9419031001428,false,יין ס.בלאן פרמניגהאם,,,יין ס.בלאן פרמניגהאם נובאדיז 750 מל,מיליליטרים,750.00,"100 מ""ל",false,6,65.00,8.6667,true,1,41434
9419031002616,false,יין פינו נואר פרמניג,,,יין פינו נואר פרמניגהאם נובאדיז 750 מל,מיליליטרים,750.00,"100 מ""ל",false,6,65.00,8.6667,true,1,41433
9419031002630,false,יין פינו גרי פרמניגה,,,יין פינו גרי פרמניגהאם נובאדיז 750 מל,מיליליטרים,750.00,"100 מ""ל",false,6,65.00,8.6667,true,1,41432
9421901669058,false,יין פינו גרי אינביבו,,NZ,יין פינו גרי אינביבו 750 מל,מיליליטרים,750.00,"100 מ""ל",false,1,60.00,8.0000,true,1,32056
9421905673006,false,יין גסיקה פרקר ס.בלא,,NZ,יין גסיקה פרקר ס.בלאן אינביבו שרה 750 מל,מיליליטרים,750.00,"100 מ""ל",false,1,75.00,10.0000,true,1,32054
9421905673105,false,יין גסיקה פרקר רוזה,,FR,יין גסיקה פרקר רוזה אינביבו שרה 750 מל,מיליליטרים,750.00,"100 מ""ל",false,1,75.00,10.0000,true,1,32053
9720006678751,false,כבד דג שיבוט במיץ טב,איטל איסלנד,IS,כבד דג שיבוט במיץ טבעי 115 גרם,גרמים,115.00,100 גרם,false,24,7.90,6.8696,true,1,18503
9720188050109,false,ממרח טופו 225 גרם,מחלבת משק צוריאל,,ממרח טופו 225 גרם,גרמים,225.00,100 גרם,false,1,19.90,8.8444,true,1,1612
9720188060108,false,שמנת טופו בגביע 340,מחלבת משק צוריאל,,שמנת טופו בגביע 340 גרם,גרמים,340.00,100 גרם,false,1,19.90,5.8529,true,1,1613
9771565039125,false,חוברת לאישה,,,חוברת לאישה,Unknown,0.00,Unknown,false,1,21.90,0.0000,true,1,2437
9771565051035,false,עיתון ידיעות אחרונות,,,עיתון ידיעות אחרונות ערב חג,Unknown,0.00,Unknown,false,1,20.00,0.0000,true,1,1620
9771565051042,false,עיתון ידיעות אחרונות,,,עיתון ידיעות אחרונות ערב חג,Unknown,0.00,Unknown,false,1,20.00,0.0000,true,1,1621
9771565051059,false,עיתון ידיעות אחרונות,,,עיתון ידיעות אחרונות ערב חג,Unknown,0.00,Unknown,false,1,20.00,0.0000,true,1,1622
9771565051066,false,ידיעות שישי,,,ידיעות שישי,Unknown,0.00,Unknown,false,1,20.00,0.0000,true,1,2497
9771565192431,false,מנטה,,,מנטה,Unknown,0.00,Unknown,false,1,28.00,0.0000,true,1,2261
9999036214110,false,כיסוי הפלא לקרש גיהו,,CN,כיסוי הפלא לקרש גיהוץ 44/120סמ,יחידה,1.00,יחידה,false,1,119.00,119.0000,true,1,18166
