code,internal_code,name,manufacturer_name,manufacture_country,manufacturer_item_description,unit_qty,quantity,unit_of_measure,weighted,qty_in_package,price,unit_of_measure_price,allow_discount,status,item_id
300,false,פיתה פרינה,,,פיתה ש.י.שאשא,Unknown,0.00,Unknown,false,1,1.70,1.70,true,1,
602,false,בצל יבש,,,בצל יבש,Unknown,0.00,"ק""ג",true,0,5.90,5.90,true,1,
619,false,פלפל אדום,,,פלפל אדום,Unknown,0.00,"ק""ג",true,0,14.90,14.90,true,1,
671,false,קרמבולה,,,קרמבולה,Unknown,0.00,"ק""ג",true,0,49.90,49.90,true,1,
678,false,ברוקולי,,,ברוקולי,Unknown,0.00,Unknown,false,1,14.90,14.90,true,1,
5942,false,"תפו""ע קריספי",,,"תפו""ע קריספי",Unknown,0.00,"ק""ג",true,0,21.90,21.90,true,1,
46549,false,קולאז מוצרלה 20% במשקל,,,קולאז מוצרלה,קילוגרמים,0.00,"ק""ג",true,0,82.00,82.00,true,1,
53219,false,גבינה חריץ טל העמק 32% במשקל,,,גבינה טל העמק 32%,Unknown,0.00,"ק""ג",true,0,67.00,67.00,true,1,
56326,false,גבינה שוויצרית במשקל,,,גבינה שוויצרית במשקל,Unknown,0.00,"ק""ג",true,0,82.00,82.00,true,1,
90207,false,שום במשקל,,,שום במשקל,Unknown,0.00,"ק""ג",true,0,29.90,29.90,true,1,
304050,false,מסיכה כירורגית 1 יחידה,,,מסיכה כירורגית 1 יחי,Unknown,0.00,Unknown,false,1,0.50,0.50,true,1,
363486,false,נקניק תה טירת צבי במשקל,,,נקניק תה טירת צבי,Unknown,0.00,"ק""ג",true,0,60.00,60.00,true,1,
554792,false,בולגרית מעודנת 5% במשקל,,,בולגרית מעודנת 5%,Unknown,0.00,"ק""ג",true,0,64.00,64.00,true,1,
554815,false,מוצרלה טבעית במשקל,,,מוצרלה טבעית במשקל,Unknown,0.00,"ק""ג",true,0,95.00,95.00,true,1,
554969,false,גבינת שמנת 30% טבעי,,,גבינת שמנת 30% טבעי,Unknown,0.00,"ק""ג",true,0,52.00,52.00,true,1,
1356234,false,מקרל מעושן בוואקום,,,מקרל מעושן בוואקום,Unknown,0.00,"ק""ג",true,0,97.00,97.00,true,1,
1356418,false,פילה הרינג במשקל,,,פילה הרינג במשקל,Unknown,0.00,"ק""ג",true,0,61.00,61.00,true,1,
1356425,false,פילה מטיאס במשקל,,,פילה מטיאס במשקל,Unknown,0.00,"ק""ג",true,0,64.00,64.00,true,1,
1356630,false,פילה  הרינג כבוש במשקל,,,פילה  הרינג כבוש במש,Unknown,0.00,"ק""ג",true,0,64.00,64.00,true,1,
2345879,false,פרמזנו רגאנו במשקל,,IT,פרמזנו רגאנו במשקל,Unknown,0.00,"ק""ג",true,0,178.00,178.00,true,1,
2511137,false,פטה עיזים 20% במשקל,,,פטה עיזים 20% במשקל,Unknown,0.00,"ק""ג",true,0,108.00,108.00,true,1,
2511243,false,גבינה בולגרית 16% במשקל,,,גבינה בולגרית 16%,גרמים,0.00,"ק""ג",true,0,52.00,52.00,true,1,
2511250,false,גבינת שמנת 30% שום שמיר במשקל,,,גבינת שמנת 30% שום ש,גרמים,0.00,"ק""ג",true,0,47.00,47.00,true,1,
2617471,false,גבינת צדר אנגלית מיושנת במשקל,,,גבינת צדר אנגלית,Unknown,0.00,"ק""ג",true,0,131.00,131.00,true,1,
2617488,false,גבינת צדר אנגלית מיושנת במשקל,,,גבינת צדר אנגלית,Unknown,0.00,"ק""ג",true,0,126.00,126.00,true,1,
2812530,false,גאודה הולנדי עשבי תיבול במשקל,,,גאודה עשבי תיבול,Unknown,0.00,"ק""ג",true,0,107.00,107.00,true,1,
3345724,false,שוקיים עוף בלי עור,,,שוקיים עוף בלי עור,Unknown,0.00,"ק""ג",true,0,34.90,34.90,true,1,
3345731,false,כרעיים ללא עור ושומן,,,כרעיים ללא עור ושומן,Unknown,0.00,"ק""ג",true,0,29.90,29.90,true,1,
4050191,false,נקניק סלמי הונגרי,,,נקניק סלמי הונגרי,Unknown,0.00,"ק""ג",true,0,180.00,180.00,true,1,
4050283,false,פפרוני עגל במשקל,,,פפרוני עגל במשקל,Unknown,0.00,"ק""ג",true,0,175.00,175.00,true,1,
4050443,false,בייקון במשקל,,,בייקון במשקל,Unknown,0.00,"ק""ג",true,0,210.00,210.00,true,1,
4050597,false,פרושוטו,,,פרושוטו,Unknown,0.00,"ק""ג",true,0,320.00,320.00,true,1,
4050801,false,לשון בקר איטלקי,,,לשון בקר איטלקי,Unknown,0.00,"ק""ג",true,0,140.00,140.00,true,1,
4050894,false,נקניק סלמי כפרי,,,נקניק סלמי כפרי,Unknown,0.00,"ק""ג",true,0,182.00,182.00,true,1,
4051174,false,סרוולט אוסטרי במשקל,,,סרוולט אוסטרי,Unknown,0.00,"ק""ג",true,0,180.00,180.00,true,1,
4051204,false,פסטרמה הודו עם אווז,,,פסטרמה הודו עם אווז,Unknown,0.00,"ק""ג",true,0,140.00,140.00,true,1,
4051457,false,שוק מעושן במשקל,,,שוק מעושנת במשקל,Unknown,0.00,"ק""ג",true,0,105.00,105.00,true,1,
4051464,false,נקניק סלמי מילאנו,,,נקניק סלמי מילאנו,Unknown,0.00,"ק""ג",true,0,160.00,160.00,true,1,
4051495,false,בוזנינה כפרית במשקל,,,בוזנינה כפרית במשקל,Unknown,0.00,"ק""ג",true,0,180.00,180.00,true,1,
4051785,false,מורטדלה איטלקית,,,מורטדלה איטלקית,Unknown,0.00,"ק""ג",true,0,75.00,75.00,true,1,
4052119,false,חטיפי קבנוס רו,,,חטיפי קבנוס רו,Unknown,0.00,"ק""ג",true,0,175.00,175.00,true,1,
4052188,false,חזה הודו מעושן בגריל במשקל,,,חזה הודו מעושן בגריל,Unknown,0.00,"ק""ג",true,0,85.00,85.00,true,1,
4052348,false,קבנוס מזרע,,,קבנוס מזרע,Unknown,0.00,"ק""ג",true,0,105.00,105.00,true,1,
4052423,false,ברזאולה,,,ברזאולה,Unknown,0.00,"ק""ג",true,0,300.00,300.00,true,1,
4052966,false,נקניק תה רחב במשקל,,,נקניק תה במשקל,Unknown,0.00,"ק""ג",true,0,70.00,70.00,true,1,
4053017,false,נקניק סלמי הרץ מזרע,,,נקניק סלמי הרץ מזרע,Unknown,0.00,"ק""ג",true,0,160.00,160.00,true,1,
4053024,false,נקניק פפרוני,,,נקניק פפרוני,Unknown,0.00,"ק""ג",true,0,175.00,175.00,true,1,
4053161,false,נקניק רוסקי סרוולט,,,נקניק רוסקי סרוולט,Unknown,0.00,"ק""ג",true,0,175.00,175.00,true,1,
4053246,false,בסטרומה ארמנית דל שומןמזרע,,,"בסטרומה ארמנית ד""ש",Unknown,0.00,"ק""ג",true,0,220.00,220.00,true,1,
4053710,false,פסטרמה חזה הודו מקסיקני,,,פסטרמה חזה הודו,Unknown,0.00,"ק""ג",true,0,85.00,85.00,true,1,
4053918,false,כתף בקר מעושנת במשקל,,,כתף בקר מעושנת במשקל,Unknown,0.00,"ק""ג",true,0,130.00,130.00,true,1,
4054014,false,שינקן מעושן במשקל,,,שינקן מעושן במשקל,Unknown,0.00,"ק""ג",true,0,135.00,135.00,true,1,
4054021,false,שינקן פולני פולני חצי במשקל,,,שינקן פולני במשקל,Unknown,0.00,"ק""ג",true,0,125.00,125.00,true,1,
4054397,false,פרושוטו רוסי,,,פרושוטו רוסי,Unknown,0.00,"ק""ג",true,0,225.00,225.00,true,1,
4054427,false,שוק חזירון בלי עצם,,,פסטרמה שוק חזירון,Unknown,0.00,"ק""ג",true,0,115.00,115.00,true,1,
4055479,false,פסטרמה בקר בפלפל,,,פסטרמה בקר בפלפל,Unknown,0.00,"ק""ג",true,0,130.00,130.00,true,1,
4055608,false,פריזר איטלקי,,,פריזר איטלקי,Unknown,0.00,"ק""ג",true,0,65.00,65.00,true,1,
4055615,false,פריזר עגל,,,פריזר עגל,Unknown,0.00,"ק""ג",true,0,49.00,49.00,true,1,
4055769,false,נקניק לוביטליסקיה,,,נקניק לוביטליסקיה,Unknown,0.00,"ק""ג",true,0,110.00,110.00,true,1,
4055943,false,לקס עגל,,,לקס עגל,Unknown,0.00,"ק""ג",true,0,230.00,230.00,true,1,
4068400,false,קאשקבל במשקל,,,קאשקבל במשקל,Unknown,0.00,"ק""ג",true,0,149.00,149.00,true,1,
4135324,false,בולגרית פיראוס מעודנת 5% במשקל,,,בולגרית פיראוס מעודנ,Unknown,0.00,"ק""ג",true,0,52.00,52.00,true,1,
4412043,false,אגס בוסק,,,אגס בוסק,Unknown,0.00,"ק""ג",true,0,19.90,19.90,true,1,
4412166,false,אשכולית אדומה,,,אשכולית אדומה,Unknown,0.00,"ק""ג",true,0,9.90,9.90,true,1,
4412227,false,"תפו""א אדום",,,תפוא אדום,Unknown,0.00,"ק""ג",true,0,6.90,6.90,true,1,
4412241,false,סברס,,,סברס,Unknown,0.00,"ק""ג",true,0,39.90,39.90,true,1,
4412289,false,תפוזינה,,,תפוזינה,Unknown,0.00,"ק""ג",true,0,9.90,9.90,true,1,
4412319,false,בטטה,,,בטטה,Unknown,0.00,"ק""ג",true,0,13.90,13.90,true,1,
4412340,false,קלמנטינה,,,קלמנטינה,Unknown,0.00,"ק""ג",true,0,12.90,12.90,true,1,
4412357,false,רימון,,,רימון,Unknown,0.00,"ק""ג",true,0,13.90,13.90,true,1,
4412388,false,שומר,,,שומר,Unknown,0.00,"ק""ג",true,0,9.90,9.90,true,1,
4412395,false,תפוז ברשת,,,תפוז ברשת,Unknown,0.00,"ק""ג",true,0,12.90,12.90,true,1,
4412418,false,קיווי,,,קיווי,Unknown,0.00,"ק""ג",true,0,29.90,29.90,true,1,
4412432,false,תפוזים,,,תפוזים,Unknown,0.00,"ק""ג",true,0,10.90,10.90,true,1,
4412456,false,"תפו""ע חרמון",,,תפוע חרמון,Unknown,0.00,"ק""ג",true,0,14.90,14.90,true,1,
4412463,false,"תפו""ע מוזהב",,,תפוע מוזהב,Unknown,0.00,"ק""ג",true,0,15.90,15.90,true,1,
4412470,false,"תפו""ע סמיט",,,תפוע סמיט,Unknown,0.00,"ק""ג",true,0,14.90,14.90,true,1,
4412487,false,שזיף אדום,,,שזיף אדום,Unknown,0.00,"ק""ג",true,0,23.90,23.90,true,1,
4412500,false,בצל אדום,,,בצל אדום,Unknown,0.00,"ק""ג",true,0,7.90,7.90,true,1,
4412524,false,פומלית,,,פומלית,Unknown,0.00,"ק""ג",true,0,9.90,9.90,true,1,
4412531,false,ענבים ירוקים,,,ענבים ירוקים,Unknown,0.00,"ק""ג",true,0,34.90,34.90,true,1,
4412548,false,ענבים שחורים,,,ענבים שחורים,Unknown,0.00,"ק""ג",true,0,28.90,28.90,true,1,
4412579,false,מנגו,,,מנגו,Unknown,0.00,"ק""ג",true,0,19.90,19.90,true,1,
4412586,false,לימון,,,לימון,Unknown,0.00,"ק""ג",true,0,12.90,12.90,true,1,
4412616,false,בננות,,,בננות,Unknown,0.00,"ק""ג",true,0,11.90,11.90,true,1,
4412623,false,אגסים,,,אגסים,Unknown,0.00,"ק""ג",true,0,17.90,17.90,true,1,
4412647,false,אבוקדו,,,אבוקדו,Unknown,0.00,"ק""ג",true,0,22.90,22.90,true,1,
4412654,false,אפרסמון,,,אפרסמון,Unknown,0.00,"ק""ג",true,0,24.90,24.90,true,1,
4412678,false,"תפו""א לבן",,,תפוא לבן,Unknown,0.00,"ק""ג",true,0,5.90,5.90,true,1,
4412685,false,פומלה,,,פומלה,Unknown,0.00,"ק""ג",true,0,14.90,14.90,true,1,
4412715,false,קשואים,,,קישואים,Unknown,0.00,"ק""ג",true,0,10.90,10.90,true,1,
4412746,false,פלפל חריף,,,פלפל חריף,Unknown,0.00,"ק""ג",true,0,12.90,12.90,true,1,
4412760,false,פלפל ירוק,,,פלפל ירוק,Unknown,0.00,"ק""ג",true,0,12.90,12.90,true,1,
4412777,false,פלפל צהוב,,,פלפל צהוב,Unknown,0.00,"ק""ג",true,0,14.90,14.90,true,1,
4412784,false,עגבניות,,,עגבניות,Unknown,0.00,"ק""ג",true,0,11.90,11.90,true,1,
4412807,false,מלון,,,מלון,Unknown,0.00,"ק""ג",true,0,10.90,10.90,true,1,
4412814,false,מלפפונים,,,מלפפונים,Unknown,0.00,"ק""ג",true,0,11.90,11.90,true,1,
4412838,false,כרובית,,,כרובית,Unknown,0.00,"ק""ג",true,0,13.90,13.90,true,1,
4412852,false,כרוב לבן,,,כרוב לבן,Unknown,0.00,"ק""ג",true,0,5.90,5.90,true,1,
4412869,false,חצילים,,,חצילים,Unknown,0.00,"ק""ג",true,0,9.90,9.90,true,1,
4412876,false,דלעת,,,דלעת,Unknown,0.00,"ק""ג",true,0,8.90,8.90,true,1,
4412883,false,גזר,,,גזר,Unknown,0.00,"ק""ג",true,0,6.90,6.90,true,1,
4412944,false,פטריות יער יחידה,,,פטריות יער,Unknown,0.00,Unknown,false,1,12.90,12.90,true,1,
4467180,false,שניצל עוף דק דק שירות עצמי,,,שניצל עוף דק דק,Unknown,0.00,"ק""ג",true,0,49.90,49.90,true,1,
4530044,false,אמנטל צרפתי במשקל,,,אמנטל צרפתי במשקל,Unknown,0.00,"ק""ג",true,0,120.00,120.00,true,1,
4535209,false,סטייק צוואר פרוס טרי,,,סטייק צוואר פרוס טרי,Unknown,0.00,"ק""ג",true,0,94.90,94.90,true,1,
4535490,false,סטייק צלע לבן פרוס טרי,,,סטייק צלע לבן פרוס ט,Unknown,0.00,"ק""ג",true,0,86.90,86.90,true,1,
4725600,false,גבינה צהובה סקנדינבית 31% במשקל,,,גבינה צהובה סקנדינבי,Unknown,0.00,"ק""ג",true,0,78.00,78.00,true,1,
4861025,false,גבינה בולגרית 5%,,,גבינה בולגרית 5%,Unknown,0.00,"ק""ג",true,0,52.00,52.00,true,1,
4861315,false,לבנה טבעי 5% שמן זית וזעתר,,,לבנה טבעי 5% שמן זית,Unknown,0.00,"ק""ג",true,0,50.00,50.00,true,1,
5079412,false,גבינה אמנטל נעם במשקל,,,גבינה אמנטל נעם במשק,Unknown,0.00,"ק""ג",true,0,72.00,72.00,true,1,
5678400,false,ענבים ראד גלוב חרצנים,,,ענבים ראד גלוב חרצני,Unknown,0.00,"ק""ג",true,0,49.90,49.90,true,1,
5697166,false,קממבר עיזים במשקל גלילי,,,קממבר עיזים גלילי,Unknown,0.00,"ק""ג",true,0,179.00,179.00,true,1,
5697173,false,ברי עיזים במשקל גלילי,,,ברי עיזים במשקל,Unknown,0.00,"ק""ג",true,0,179.00,179.00,true,1,
5697203,false,קממבר כמהין במשקל,,,קממבר כמהין במשקל,Unknown,0.00,"ק""ג",true,0,216.00,216.00,true,1,
5697289,false,תום מורבייה עיזים מנות שקיל,,,תום מורבייה עיזים,Unknown,0.00,"ק""ג",true,0,221.00,221.00,true,1,
5697296,false,תום עיזים בורדו מנות שקיל,,,תום עיזים בורדו מנות,Unknown,0.00,"ק""ג",true,0,249.00,249.00,true,1,
5697340,false,ברי עיזים מנות שקיל,,,ברי עיזים מנות שקיל,Unknown,0.00,"ק""ג",true,0,198.00,198.00,true,1,
5697357,false,ולנסי עיזים מנות שקיל,,,ולנסי עיזים מנות שקי,Unknown,0.00,"ק""ג",true,0,221.00,221.00,true,1,
5697364,false,פרובנס עיזים מנות שקיל,,,פרובנס עיזים מנות,Unknown,0.00,"ק""ג",true,0,221.00,221.00,true,1,
5697371,false,קממבר כמהין מנות שקיל גלילי,,,קממבר כמהין גלילי,Unknown,0.00,"ק""ג",true,0,221.00,221.00,true,1,
5697494,false,גבינה תום כמהין,,,גבינה תום כמהין גליל,Unknown,0.00,"ק""ג",true,0,243.90,243.90,true,1,
6187260,false,סינטה לבן טרי מפורק,,,סינטה לבנה  מפורקת,Unknown,0.00,"ק""ג",true,0,79.90,79.90,true,1,
6188663,false,חזה הודו ברביקיו דל שומן מזרע,,,חזה הודו דל שומן,Unknown,0.00,"ק""ג",true,0,85.00,85.00,true,1,
6188717,false,חזה הודו רומני דל שומן מזרע,,,חזה הודו רומני דל.ש,Unknown,0.00,"ק""ג",true,0,90.00,90.00,true,1,
6194190,false,קצוות נקניק,,,קצוות נקניק,Unknown,0.00,"ק""ג",true,0,33.00,33.00,true,1,
6519511,false,פריזר עוף מזרע,,,פריזר עוף,Unknown,0.00,"ק""ג",true,0,36.00,36.00,true,1,
6835147,false,פסטרמה לבנה רוסית בשום מזרע,,,פסטרמה לבנה רוסית,Unknown,0.00,"ק""ג",true,0,120.00,120.00,true,1,
6835161,false,פסטרמה לבנה רוסית מעושנת מזרע,,,פסטרמה לבנה רוסית,Unknown,0.00,"ק""ג",true,0,125.00,125.00,true,1,
6837004,false,גבינה מעורב במשקל,,,גבינה מעורב במשקל,Unknown,0.00,"ק""ג",true,0,47.00,47.00,true,1,
6837394,false,סלמי העמק מזרע,,,סלמי העמק,Unknown,0.00,"ק""ג",true,0,60.00,60.00,true,1,
6837639,false,תחליף גבינה במשקל ROSSIYSKIY,,,ROSSIYSKIY גבינה אנל,Unknown,0.00,"ק""ג",true,0,72.00,72.00,true,1,
6843944,false,עוף שלם טרי,,,עוף שלם טרי,Unknown,0.00,"ק""ג",true,0,18.90,18.90,true,1,
6843951,false,גרון/גב/עצמות עוף טרי,,,גרון/גב/עצמות עוף טר,Unknown,0.00,"ק""ג",true,0,6.90,6.90,true,1,
8434638,false,פרגיות עוף שווארמה טרי,,IL,פרגית קצרה/ שווארמה,Unknown,0.00,"ק""ג",true,0,62.90,62.90,true,1,
8434683,false,צדר אדום גרמני במשקל,,,צדר אדום גרמני במשקל,Unknown,0.00,"ק""ג",true,0,90.00,90.00,true,1,
8434799,false,צדר לבן גרמני במשקל,,,צדר לבן גרמני במשקל,Unknown,0.00,"ק""ג",true,0,100.00,100.00,true,1,
8439510,false,פסטרמה הודו בדבש מזרע,,,פסטרמה הודו בדבש,Unknown,0.00,"ק""ג",true,0,75.00,75.00,true,1,
8439541,false,פסטרמה הודו על האש,,,פסטרמה הודו על האש,Unknown,0.00,"ק""ג",true,0,75.00,75.00,true,1,
8442350,false,גבינה מעושנת SNACKS במשקל,,,SNACKS גבינה אנלוגי,Unknown,0.00,"ק""ג",true,0,130.00,130.00,true,1,
8442398,false,אסאדו עגל טרי רצועות,,,אסאדו עגל טרי רצועות,Unknown,0.00,"ק""ג",true,0,54.90,54.90,true,1,
8618007,false,פילה סלמון פרוס טרי סקין,,IL,פילה סלמון פרוס טרי,Unknown,0.00,"ק""ג",true,0,119.90,119.90,true,1,
8618038,false,פילה לברק טרי סקין,,IL,פילה לברק טרי,Unknown,0.00,"ק""ג",true,0,154.90,154.90,true,1,
8713573,false,גאודה הולנדית חרדל במשקל,,,גאודה הולנדית חרדל,Unknown,0.00,"ק""ג",true,0,126.00,126.00,true,1,
8776875,false,סטייק ניו יורק,,,סטייק ניו יורק,Unknown,0.00,"ק""ג",true,0,119.90,119.90,true,1,
9441017,false,עגבניות שרי,,,עגבניות שרי,Unknown,0.00,"ק""ג",true,0,29.90,29.90,true,1,
9441024,false,עגבניות תמר,,,עגבניות שרי,Unknown,0.00,"ק""ג",true,0,29.90,29.90,true,1,
30107014,false,נייר גלגול גדול + פילטר בודד,,,נייר גלגול גדול + פי,Unknown,0.00,Unknown,false,1,6.00,6.00,true,1,
40052526,false,קיט קט שלישייה  41.5 גרם,,,קיט קט שלישייה  41.5,גרמים,42.00,100 גרם,false,1,7.90,18.81,true,1,
40084107,false,קינדר ביצת הפתעה,,,קינדר ביצת הפתעה,Unknown,0.00,Unknown,false,1,6.90,6.90,true,1,
40084725,false,קינדר מילק סלייס עוגת ספוג במילוי 30 ג,,,קינדר מילק סלייס,גרמים,30.00,100 גרם,false,1,4.90,16.33,true,1,
40111445,false,מ&מס פינאטס 45 גרם,,,מ&מס פינאטס 45 גרם,גרמים,45.00,100 גרם,false,1,5.50,12.22,true,1,
40111490,false,מ&מס שוקולד 45 גרם,,,מ&מס שוקולד 45 גרם,גרמים,45.00,100 גרם,false,1,5.50,12.22,true,1,
40144061,false,קנופרס חטיף וופל 25 גרם 24 יח,,DE,קנופרס חטיף וופל 25,גרמים,25.00,100 גרם,false,1,3.90,15.60,true,1,
40345512,false,-XXL סוכריות סמרטיז עדשים צבעוני 130 ג,,AT,-XXL סוכריות סמרטיז,גרמים,130.00,100 גרם,false,1,13.90,10.69,true,1,
40786179,false,בירה לוונבראו פחית 500 מל,,,בירה לוונבראו פחית 5,מיליליטרים,500.00,"100 מ""ל",false,1,12.90,2.58,true,1,
41001356,false,"בירה בקס פחית 500 מ""ל",,,"בירה בקס פחית 500 מ""",מיליליטרים,500.00,"100 מ""ל",false,1,12.90,2.58,true,1,
42061939,false,"בירה בקס בקבוק 500 מ""ל בקבוק",,,"בירה בקס 500 מ""ל",מיליליטרים,500.00,"100 מ""ל",false,1,10.90,2.18,true,1,
42138105,false,ווינסטון סופר סלימס כחול חפיסה,,,ווינסטון סופר סלימס,Unknown,0.00,Unknown,false,1,33.00,33.00,true,1,
42138129,false,ווינסטון סופר סלימס נטוראל חפיסה,,,ווינסטון סופר סלימס,Unknown,0.00,Unknown,false,1,33.00,33.00,true,1,
42154662,false,אורביט באריזת מעטפה ספירמינט מסטיק,,,אורביט באריזת מעטפה,Unknown,0.00,Unknown,false,1,7.90,7.90,true,1,
42182115,false,אורביט פייב ספירמינט 12 סטיקס 29 גר,,,אורביט פייב ספירמינט,Unknown,0.00,Unknown,false,1,7.50,7.50,true,1,
42306788,false,איירוייבז אוכמניות ומנטה בקופסה 25 יח HP,,,איירוייבז אוכמניות ו,Unknown,0.00,Unknown,false,1,7.90,7.90,true,1,
45358850,false,אוסובוקו טרי פרוס,,,אוסובוקו טרי,Unknown,0.00,"ק""ג",true,0,49.90,49.90,true,1,
50312719,false,קדבורי חטיף טווירל 43 גרם,,,קדבורי חטיף טווירל 4,Unknown,0.00,Unknown,false,1,8.30,8.30,true,1,
59039549,false,ווג פריזון מנטול חפיסה,,,ווג פריזון מנטול חפי,Unknown,0.00,Unknown,false,1,38.00,38.00,true,1,
59455233,false,ווג סופרסלימס כחול,,,ווג סופרסלימס כחול,יחידה,1.00,יחידה,false,1,38.00,38.00,true,1,
59455240,false,ווג סופרסלימס לילך חפיסה,,,ווג סופרסלימס לילך,יחידה,1.00,יחידה,false,1,38.00,38.00,true,1,
72940761,false,מילקי שוקולד 130 גרם,,,מילקי שוקולד 130 גרם,גרמים,130.00,100 גרם,false,1,2.90,2.23,true,1,
72945308,false,שמרית קוביה 50 גרם,,,שמרית קוביה 50 גרם,גרמים,50.00,100 גרם,false,1,3.90,7.80,true,1,
72986370,false,"בן אנד גריס גלידת וניל 500 מ""ל",,,בן אנד גריס גלידת ונ,מיליליטרים,500.00,"100 מ""ל",false,1,25.90,5.18,true,1,
72986424,false,"בן אנד גריס גלידת קרם עוגיות 500 מ""ל",,,בן אנד גריס גלידת קר,מיליליטרים,500.00,"100 מ""ל",false,1,25.90,5.18,true,1,
72986448,false,"בן אנד גריס גלידת טופי קראנץ 500 מ""ל",,,בן אנד גריס גלידת טו,מיליליטרים,800.00,"100 מ""ל",false,1,25.90,3.24,true,1,
72986455,false,"בן אנד גריס גלידת ניו יורק סופר 500 מ""ל",,,בן אנד גריס גלידת ני,מיליליטרים,500.00,"100 מ""ל",false,1,25.90,5.18,true,1,
72986479,false,"בן אנד גריס גלידת צאקי מנקי 500 מ""ל",,,בן אנד גריס גלידת צא,מיליליטרים,500.00,"100 מ""ל",false,1,25.90,5.18,true,1,
72989425,false,"בן אנד גריס שוקולד בראוניס 500 מ""ל",,,בן אנד גריס שוקולד ב,מיליליטרים,500.00,"100 מ""ל",false,1,25.90,5.18,true,1,
76136184,false,פאל מאל סופרסלימס כחול,,,פאל מאל סופרסלימס כח,Unknown,0.00,Unknown,false,1,30.00,30.00,true,1,
80042556,false,POLPA עגבניות חתוכות דק 400 גרם MUTTI,,,POLPA עגבניות חתוכות,גרמים,400.00,100 גרם,false,1,7.20,1.80,true,1,
80042563,false,מחית עגבניות קלה 700 גרם,,IT,מחית עגבניות קלה 700,גרמים,700.00,100 גרם,false,1,12.90,1.84,true,1,
80050124,false,סוכריות טיק טק בטעם מנטה,,,סוכריות טיק טק בטעם,גרמים,16.00,100 גרם,false,1,3.50,21.88,true,1,
80052760,false,חטיף קינדר בואנו 43 גר,,,חטיף קינדר בואנו 43,גרמים,43.00,100 גרם,false,1,4.90,11.40,true,1,
80176732,false,קינדר הפי הפי בודד 35 גר,,,קינדר הפי הפי בודד 3,גרמים,35.00,100 גרם,false,1,4.00,11.43,true,1,
80176800,false,ממרח שוקולד נוטלה 750 גרם,,,ממרח שוקולד נוטלה 75,גרמים,750.00,100 גרם,false,1,27.90,3.72,true,1,
80177173,false,ממרח נוטלה 350 גרם,,,ממרח נוטלה 350 גרם,גרמים,350.00,100 גרם,false,1,15.90,4.54,true,1,
80177609,false,קינדר 50 גרם,,,קינדר 50 גרם,גרמים,50.00,100 גרם,false,1,4.90,9.80,true,1,
80177616,false,טבלת שוקולד קינדר 100 גרם,,,טבלת שוקולד קינדר 10,גרמים,100.00,100 גרם,false,1,9.20,9.20,true,1,
80310167,false,קינדר מקסי שישייה 126 גר,,,קינדר מקסי שישייה 12,גרמים,126.00,100 גרם,false,1,12.10,9.60,true,1,
80310549,false,קינדר הפי היפו אגוזי לוז 35 גר,,,קינדר הפי היפו אגוזי,גרמים,35.00,100 גרם,false,1,4.20,12.00,true,1,
80310891,false,ביצה קינדר גוי,,ZA,ביצת הפתעה קינדר גוי,גרמים,20.00,100 גרם,false,1,6.90,34.50,true,1,
80525264,false,Agnesi רוטב עגבניות ובזיל 400 גר,,IT,רוטב עגבניות,גרמים,400.00,100 גרם,false,0,15.60,3.90,true,1,
80525462,false,Agnesi רוטב עגבניות נפוליטנה 400 גר,,IT,Agnesi רוטב עגבניות,גרמים,400.00,100 גרם,false,0,15.60,3.90,true,1,
80533917,false,פילה אנשובי בשמן זית 75 גרם צנצנת,,,פילה אנשובי בשמן זית,Unknown,0.00,Unknown,false,1,33.60,33.60,true,1,
80761761,false,קינדר בואנו לבן בודד 39 גר,,,קינדר בואנו לבן בודד,גרמים,39.00,100 גרם,false,1,4.90,12.56,true,1,
80773443,false,מנטוס בבקבוק מעוגל טעם מנטה עדינה 60 גר,,,מנטוס בבקבוק מעוגל ט,Unknown,0.00,Unknown,false,1,10.90,10.90,true,1,
80874652,false,קינדר קארדס 25.6 גרם,,IT,וופל קינדר קארדס 25.,גרמים,26.00,100 גרם,false,1,3.90,15.00,true,1,
80954521,false,מנטוס מסטיק בקופסה בטעם תות  28 גר,,NL,מנטוס מסטיק בקופסה ב,גרמים,28.00,100 גרם,false,1,4.90,17.50,true,1,
85939868,false,נייר קצר ללא פילטר PIH,,,נייר קצר ללא פילטר P,יחידה,1.00,יחידה,false,1,3.00,3.00,true,1,
85942707,false,נייר קצר ללא פילטר עבה PIH,,,נייר קצר ללא פילטר ע,יחידה,1.00,יחידה,false,1,3.00,3.00,true,1,
87221503,false,מיונז גאודס הולנדי אמיתי 650 גר,,NL,מיונז גאודס הולנדי א,גרמים,650.00,100 גרם,false,1,24.90,3.83,true,1,
90034107,false,"בירה שטיגל גולדברו 500 מ""ל",,,בירה שטיגל גולדברו,מיליליטרים,500.00,"100 מ""ל",false,1,13.90,2.78,true,1,
90087011,false,מיץ תפוחים  100% קרטונית ראוך,,,מיץ תפוחים  100% קרט,מיליליטרים,1000.00,"100 מ""ל",false,1,15.40,1.54,true,1,
90087547,false,מיץ עגבניות 1 ליטר ראוך קרטונית,,,מיץ עגבניות 1 ליטר ר,מיליליטרים,1000.00,"100 מ""ל",false,1,12.50,1.25,true,1,
90087998,false,"מיץ לימון טבעי 250 מ""ל",,,מיץ לימון טבעי 250 מ,מיליליטרים,250.00,"100 מ""ל",false,1,8.50,3.40,true,1,
90162602,false,"משקה רד בול מוגז פחית 250 מ""ל",,,משקה רד בול מוגז פחי,מיליליטרים,250.00,"100 מ""ל",false,1,7.90,3.16,true,1,
90453427,false,"משקה אנרגיה רד בול פיטאיה 250 מ""ל",רד בול,,משקה אנרגיה רד בול פ,מיליליטרים,250.00,"100 מ""ל",false,1,7.90,3.16,true,1,
11182700923,false,שעועית אדומה בהירה 454 גרם,,,שעועית אדומה בהירה 4,גרמים,454.00,100 גרם,false,1,12.80,2.82,true,1,
11210000094,false,"טבסקו פלפל אדום 60 מ""ל",,,טבסקו פלפל אדום 60 מ,מיליליטרים,90.00,"100 מ""ל",false,1,12.80,14.22,true,1,
11210009387,false,"טבסקו פלפל ירוק 60 מ""ל",,,טבסקו פלפל ירוק 60 מ,מיליליטרים,60.00,"100 מ""ל",false,1,12.80,21.33,true,1,
11210607040,false,"רוטב טבסקו ציפוטלי 60 מ""ל",,,רוטב טבסקו ציפוטלי 6,מיליליטרים,60.00,"100 מ""ל",false,1,12.80,21.33,true,1,
12086304019,false,יין גוזף דרוהין בורגון אליגוטה 750 מל,,,יין גוזף דרוהין בורג,Unknown,0.00,Unknown,false,1,91.90,91.90,true,1,
12086322112,false,יין דרוהין שבלי רזרב 750 מל,,,יין דרוהין שבלי רזרב,מיליליטרים,750.00,"100 מ""ל",false,1,146.90,19.59,true,1,
12086322211,false,יין דרוהין שבלי 750 מל צרפתי,,,יין דרוהין שבלי 750,Unknown,0.00,Unknown,false,1,109.90,109.90,true,1,
12086511318,false,זוזף דרוהין לאפורה פינו נואר 750 מל,,,זוזף דרוהין לאפורה,Unknown,0.00,Unknown,false,1,110.90,110.90,true,1,
16000185517,false,פייבר וואן 555 גרם,,,פייבר וואן 555 גרם,גרמים,555.00,100 גרם,false,1,34.00,6.13,true,1,
16000423534,false,קראנצי שיבולת שועל ושוקולד מריר 210 גר,,,קראנצי שיבולת שועל ו,גרמים,210.00,100 גרם,false,1,19.90,9.48,true,1,
16000548602,false,קראנצי בטעם קנמון 210 גר,,,קראנצי בטעם קנמון,גרמים,210.00,100 גרם,false,1,19.90,9.48,true,1,
16000548909,false,חטיף ניישטר וואלי 1/5 בריאות מעורב 210 ג,,,חטיף ניישטר וואלי 1/,גרמים,210.00,100 גרם,false,1,19.90,9.48,true,1,
16229909819,false,קרם קוקוס 1 ליטר AROY-D,,,קרם קוקוס 1 ליטר ARO,ליטרים,0.00,ליטר,false,1,24.90,24.90,true,1,
16229924263,false,"קרם קוקוס 250 מ""ל",,,"קרם קוקוס 250 מ""ל",מיליליטרים,250.00,"100 מ""ל",false,1,10.50,4.20,true,1,
22224200820,false,וולבי ליקריץ תות בסגנון אוסטרלי 114 גרם,,,וולבי ליקריץ תות בסג,גרמים,114.00,100 גרם,false,1,13.50,11.84,true,1,
22224200837,false,וולבי ליקריץ שחור בסגנון אוסטרלי 114 גרם,,,וולבי ליקריץ שחור בס,גרמים,114.00,100 גרם,false,1,13.50,11.84,true,1,
24100226429,false,סנשיין קרקר ציז איט אורגינל קטן 127 גרם,,,סנשיין קרקר ציז איט,גרמים,127.00,100 גרם,false,1,12.70,10.00,true,1,
24463061095,false,רוטב פלפל צילי חריף 435 גר סריראצה,,,רוטב פלפל צילי חריף,גרמים,435.00,100 גרם,false,1,36.90,8.48,true,1,
25675120020,false,מקלות חמצוצים פטל 100 גרם,,,מקלות חמצוצים פטל 10,גרמים,100.00,100 גרם,false,1,9.90,9.90,true,1,
25675120037,false,מקלות חמצוצים תות 100 גרם,,,מקלות חמצוצים תות 10,גרמים,100.00,100 גרם,false,1,9.90,9.90,true,1,
25675120068,false,מקלות חמצוצים קולה 100 גרם,,,מקלות חמצוצים קולה 1,גרמים,100.00,100 גרם,false,1,9.90,9.90,true,1,
25675121034,false,חמצוצים רחב תות 115 גרם,,,חמצוצים רחב 115 גר ת,גרמים,115.00,100 גרם,false,1,12.60,10.96,true,1,
25675121058,false,חמצוצים רחב תפוח 115 גרם,,,חמצוצים רחב תפוח 115,גרמים,115.00,100 גרם,false,1,12.60,10.96,true,1,
25675301108,false,מקלות חמצוצים תות 50 גרם,,,מקלות חמצוצים תות 50,גרמים,50.00,100 גרם,false,1,5.90,11.80,true,1,
30000315958,false,קוואקר פרוטאין בננה אגוזים 366 גר,,US,קוואקר פרוטאין בננה,גרמים,366.00,100 גרם,false,1,25.90,7.08,true,1,
30000315989,false,קוואקר פרוטאין חמוציות ושקדים 372 גר,,US,קוואקר פרוטאין חמוצי,גרמים,372.00,100 גרם,false,1,25.90,6.96,true,1,
34000148301,false,הרשי נטיפי שוקולד מריר לאפייה 340 גר,,,הרשי נטיפי שוקולד מר,גרמים,340.00,100 גרם,false,1,20.90,6.15,true,1,
34000196173,false,טבלת קוקיס אנד קרים 120 גרם XL,,,טבלת קוקיס אנד קרים,גרמים,120.00,100 גרם,false,1,12.40,10.33,true,1,
34000442652,false,טבלת ריזס  120 גרם XL,,,טבלת ריזס  120 גרם X,גרמים,120.00,100 גרם,false,1,12.90,10.75,true,1,
34000446001,false,חטיפי שוקולד ריזס מיניאטורס 150 גרם,,,חטיפי שוקולד ריזס מי,גרמים,150.00,100 גרם,false,1,10.90,7.27,true,1,
38000138638,false,פרינגלס פיצה 158 גרם,,,פרינגלס פיצה 158 גרם,גרמים,158.00,100 גרם,false,1,10.90,6.90,true,1,
38000138720,false,פרינגלס ראנץ 158 גרם,,,פרינגלס ראנץ 158 גרם,גרמים,158.00,100 גרם,false,1,10.90,6.90,true,1,
38000183690,false,פרינגלס מידי ברביקיו 71  גרם,,,פרינגלס מידי ברביקיו,גרמים,71.00,100 גרם,false,1,5.90,8.31,true,1,
38000183928,false,פרינגלס חרדל ודבש 158 גרם,,US,פרינגלס חרדל ודבש 15,גרמים,158.00,100 גרם,false,1,10.90,6.90,true,1,
38000197840,false,פרינגלס וייב חריף מתוק 130 גרם,,US,פרינגלס וייב חריף מת,גרמים,137.00,100 גרם,false,1,10.90,7.96,true,1,
38000202278,false,פרינגלס וייב אורגינל 130 גרם,,US,פרינגלס וייב אורגינל,גרמים,130.00,100 גרם,false,1,10.90,8.38,true,1,
38000232152,false,פרינגלס ברביקיו 158 גרם,,,פרינגלס ברביקיו 158,גרמים,158.00,100 גרם,false,1,10.90,6.90,true,1,
38000232169,false,פרינגלס מידי אורגינל 71 גרם,,,פרינגלס מידי אורגינל,גרמים,71.00,100 גרם,false,1,5.90,8.31,true,1,
38000232176,false,פרינגלס שמנת בצל 158 גרם,,,פרינגלס שמנת בצל 158,גרמים,158.00,100 גרם,false,1,10.90,6.90,true,1,
38000232183,false,פרינגלס אוריגינל 149 גרם,,,פרינגלס אוריגינל 149,גרמים,149.00,100 גרם,false,1,10.90,7.32,true,1,
38000845253,false,פרינגלס מידי שמנת בצל 71  גרם,,,פרינגלס מידי שמנת בצ,גרמים,71.00,100 גרם,false,1,5.90,8.31,true,1,
38527591053,false,דגני בוקר מרובעים קינמון 411 גרם קוואקר,,,דגני בוקר מרובעים קי,גרמים,411.00,100 גרם,false,1,22.90,5.57,true,1,
38527591060,false,דגני בוקר מרובעים  411 גרם קוואקר,,,דגני בוקר מרובעים  4,גרמים,411.00,100 גרם,false,1,22.90,5.57,true,1,
39047001152,false,ווקרס עוגיות חמאה פינגרס 150 גרם,,,ווקרס עוגיות חמאה פי,גרמים,150.00,100 גרם,false,1,20.90,13.93,true,1,
39047005426,false,ווקרס ביסקוויט גינגר 150 גרם,,,ווקרס ביסקוויט עם גי,גרמים,150.00,100 גרם,false,1,20.90,13.93,true,1,
41331124027,false,גויה שעועית קידני אדומה 439 גרם,,,גויה שעועית קידני אד,גרמים,439.00,100 גרם,false,1,12.90,2.94,true,1,
41331124430,false,שעועית לבנה חמאה  439 גרם,,,שעועית לבנה חמאה,גרמים,439.00,100 גרם,false,1,14.60,3.33,true,1,
41390010309,false,"רוטב טריאקי קיקומן 444 מ""ל",,,רוטב טריאקי קיקומן 4,מיליליטרים,444.00,"100 מ""ל",false,1,25.10,5.65,true,1,
43647320018,false,קונפיטורה משמש 340 גר TIPTREE,,,קונפיטורה משמש 340 ג,גרמים,340.00,100 גרם,false,1,31.90,9.38,true,1,
46214372250,false,"עוגיות  שטרודל תפו""ע  וצימוקים 225 גר",,,"עוגיות  שטרודל תפו""ע",גרמים,225.00,100 גרם,false,1,10.90,4.84,true,1,
46214731552,false,עוגיות מרבה שוקולד ציפס 225 גר,,,עוגיות מרבה שוקולד צ,גרמים,225.00,100 גרם,false,1,10.90,4.84,true,1,
47997130105,false,מגיק תערובת תיבול ללא מלח 141.8 גרם,,,מגיק תערובת תיבול לל,גרמים,142.00,100 גרם,false,1,28.60,20.14,true,1,
48327203513,false,"שמן זית כתית מעולה 750 מ""ל YBARRA",,ES,שמן זית כתית מעולה 7,מיליליטרים,750.00,"100 מ""ל",false,1,39.90,5.32,true,1,
50000100347,false,פריסקיז מעדני חתול 1.43 גרם,,,פריסקיז מעדני החתול,קילוגרמים,0.00,"ק""ג",false,1,34.90,34.90,true,1,
50000429042,false,פינסי פיטס כבד מעדן ועוף 85 גר,,,פינסי פיטס כבד מעדן,גרמים,85.00,100 גרם,false,1,5.70,6.71,true,1,
50000503896,false,פנסי פיסט  גרילד סלמון,,,פנסי פיסט  גרילד סלמ,גרמים,85.00,100 גרם,false,1,5.90,6.94,true,1,
51500255162,false,חמאת בוטנים חלקה 454 גר JIF,,,חמאת בוטנים חלקה 454,גרמים,454.00,100 גרם,false,1,19.80,4.36,true,1,
52100070865,false,תמצית וניל טהור 29 גר,,US,תמצית וניל תהור 29 ג,גרמים,29.00,100 גרם,false,1,29.90,103.10,true,1,
52100071138,false,אורגנו עלים 38 גר,,US,אורגנו עלים 38 גר,גרמים,38.00,100 גרם,false,1,20.90,55.00,true,1,
54881001779,false,אחמד תה 12 סוגים 60 שקיות,,,אחמד תה 12 סוגים 60,גרמים,120.00,100 גרם,false,1,33.50,27.92,true,1,
54881008167,false,תה אחמד אינגליש ברק 100 שקיות,,,תה אחמד אינגליש ברק,גרמים,200.00,100 גרם,false,1,23.00,11.50,true,1,
70177078904,false,תה אנגליש ברקפסט 50 שקיות טוינינגס,,PL,תה אינגליש ברקפסט 50,גרמים,100.00,100 גרם,false,1,39.90,39.90,true,1,
70177177669,false,חליטה למון גינגר 30 גרם טווינינג,,PL,חליטה למון גינגר 30,Unknown,0.00,Unknown,false,1,19.80,19.80,true,1,
72600062290,false,הר חטיף בטעם גבינה חריף  198 גרם,,,הר חטיף בטעם גבינה ח,גרמים,198.00,100 גרם,false,1,25.90,13.08,true,1,
72600062313,false,הר חטיף גבינה בפאלו גבינה כחולה 198 גר,,,הר חטיף גבינה בפאלו,גרמים,198.00,100 גרם,false,1,25.90,13.08,true,1,
74570274000,false,גלידה האגן דאז קרם עוגיות,,,גלידה האגן דאז,מיליליטרים,473.00,"100 מ""ל",false,1,26.90,5.69,true,1,
74680008519,false,וובר מיונז בופאלו לחיץ 311 גרם,,,וובר מיונז בופאלו לח,גרמים,311.00,100 גרם,false,1,25.90,8.33,true,1,
76808009330,false,עוגיות סנדוויץ אגוזי לוז קקאו 200 גרם,,,עוגיות סנדוויץ אגוזי,גרמים,200.00,100 גרם,false,1,16.70,8.35,true,1,
76808009354,false,עוגיות קקאו שוקולד חלב ומריר 200 גרם,,,עוגיות קקאו שוקולד ח,גרמים,180.00,100 גרם,false,1,16.70,9.28,true,1,
76840100156,false,"בן אנד גריס גלידת צרי גרסיה 500 מ""ל",,US,גלידת צרי גרסיה בן,גרמים,441.00,100 גרם,false,1,25.90,5.87,true,1,
76840100583,false,"בן אנד גריס וניל עם בצק עוגיות 500 מ""ל",,,בן אנד גריס וניל עם,גרמים,500.00,100 גרם,false,1,25.90,5.18,true,1,
76840400218,false,"בן אנד גריס עוגת גבינה עם תות 473 מ""ל",,,בן אנד גריס עוגת גבי,מיליליטרים,473.00,"100 מ""ל",false,1,25.90,5.48,true,1,
77975093085,false,בייגלה סניידרס בציפוי שוקולד חלב 141 גר,,,בייגלה סניידרס בציפו,גרמים,141.00,100 גרם,false,1,17.90,12.70,true,1,
77975093108,false,בייגלה סניידרס בציפוי שוקולד לבן 141 גר,,,בייגלה סניידרס בציפו,גרמים,141.00,100 גרם,false,1,17.90,12.70,true,1,
77975094624,false,סניידרס שברי בייגלה חמאת בוטנים 270 גר,,,סניידרס שברי בייגלה,גרמים,270.00,100 גרם,false,1,17.70,6.56,true,1,
77975094631,false,סניידרס סנדוויץ בייגלה קרם צידר 283 גר,,,סניידרס סנדוויץ בייג,גרמים,283.00,100 גרם,false,1,17.70,6.25,true,1,
77975094761,false,שברי בייגלה סניידרס בטעם צידר 340 גרם,,,שברי בייגלה סניידרס,גרמים,340.00,100 גרם,false,1,17.70,5.21,true,1,
77975094778,false,שברי בייגלה סניידרס בטעם דבש חרדל 340 גר,,,שברי בייגלה סניידרס,גרמים,340.00,100 גרם,false,1,17.70,5.21,true,1,
77975095157,false,שברי בייגלה סניידרס חלפיניו 318 גר,,US,שברי בייגלה סניידרס,גרמים,318.00,100 גרם,false,1,17.70,5.57,true,1,
82184090442,false,וויסקי גק דניאלס 1 ליטר,,,וויסקי גק דניאלס 1 ל,מיליליטרים,1000.00,"100 מ""ל",false,1,141.90,14.19,true,1,
84279978727,false,יין גוורצטרמינר 750 מל,,,יין גוורצטרמינר 750,Unknown,0.00,Unknown,false,1,61.90,61.90,true,1,
84380957444,false,סאנט דלפור תות שדה 284 גרם,,,סאנט דלפור תות שדה 2,גרמים,284.00,100 גרם,false,1,22.90,8.06,true,1,
84380957642,false,אנט דלפור אפרסקים 284 גרם,,,אנט דלפור אפרסקים 28,גרמים,284.00,100 גרם,false,1,22.90,8.06,true,1,
85696608044,false,טופו ללא גלוטן 349 גר,,,טופו ללא גלוטן 349 ג,מיליליטרים,349.00,"100 מ""ל",false,1,13.90,3.98,true,1,
89041081056,false,שמן צילי 180 מל,,,"שמן צילי 180 מ""ל",מיליליטרים,185.00,"100 מ""ל",false,1,14.20,7.68,true,1,
608614342631,false,פרסבורגר פרג,,,פרסבורגר פרג,Unknown,0.00,Unknown,false,1,39.90,39.90,true,1,
608614342648,false,שמרים גבינה דובדבן,,,שמרים גבינה דובדבן,Unknown,0.00,Unknown,false,1,39.90,39.90,true,1,
608614342754,false,עוגיות פרימיום,,,עוגיות פרימיום,Unknown,0.00,Unknown,false,1,37.90,37.90,true,1,
608614342815,false,מארז לחמניות,,,מארז לחמניות,Unknown,0.00,Unknown,false,1,16.90,16.90,true,1,
608614342921,false,חלת שמרים,,,חלת שמרים,Unknown,0.00,Unknown,false,1,15.90,15.90,true,1,
608614342990,false,חצי עוגת שמרים,,,חצי עוגת שמרים,Unknown,0.00,Unknown,false,1,24.90,24.90,true,1,
608614343065,false,חצי לחם מחמצת,,,חצי לחם מחמצת,Unknown,0.00,Unknown,false,1,12.90,12.90,true,1,
608614343072,false,לחם שיפון 100% קוביה,,,מארז בגט,Unknown,0.00,Unknown,false,1,16.90,16.90,true,1,
613008742348,false,אריזונה גנסנג ודבש בקבוק 1 ליטר,,DE,אריזונה גנסנג ודבש ב,מיליליטרים,1000.00,"100 מ""ל",false,1,12.80,1.28,true,1,
613008742409,false,אריזונה אפרסק בקבוק 1 ליטר,,DE,אריזונה אפרסק בקבוק,מיליליטרים,1000.00,"100 מ""ל",false,1,12.80,1.28,true,1,
613008753290,false,"אריזונה אפרסק 450 מ""ל",,BG,"אריזונה אפרסק 450 מ""",מיליליטרים,450.00,"100 מ""ל",false,1,7.90,1.76,true,1,
613008753320,false,"אריזונה גינסנג ודבש 450 מ""ל",,BG,אריזונה גינסנג ודבש,מיליליטרים,450.00,"100 מ""ל",false,1,7.90,1.76,true,1,
638102582737,false,חטיף זון קלסיק רול קינמון 50 גר,,,חטיף זון קלסיק רול ק,גרמים,50.00,100 גרם,false,1,13.90,27.80,true,1,
645173911038,false,קורנישון מיני בצנצנת 720 גרם,,,קורנישון מיני בצנצנת,גרמים,720.00,100 גרם,false,1,11.50,1.60,true,1,
645173995663,false,רוטב פלפלים חמלי-סומלי אימרטי 370 גר,,,רוטב פלפלים חמלי-סומ,גרמים,370.00,100 גרם,false,1,12.60,3.41,true,1,
693493095532,false,עוגיות אלפחורס ממולא,,,עוגיות אלפחורס ממולא,Unknown,0.00,Unknown,false,1,37.90,37.90,true,1,
693493095662,false,עוגיות גרנולה שוקולד,,,עוגיות גרנולה שוקולד,Unknown,0.00,Unknown,false,1,37.90,37.90,true,1,
693493095679,false,אוזני פיל,,,אוזני פיל,Unknown,0.00,Unknown,false,1,37.90,37.90,true,1,
693493095914,false,מארז שנק וניל,,,מארז שנק וניל,Unknown,0.00,Unknown,false,1,26.90,26.90,true,1,
693493095921,false,מארז רוגלך בטעמים,,,מארז רוגלך בטעמים,Unknown,0.00,Unknown,false,1,26.90,26.90,true,1,
693493095976,false,עוגת דבש ותפוחים,,,עוגת דבש ותפוחים,Unknown,0.00,Unknown,false,1,39.90,39.90,true,1,
707595100206,false,מלפפונים חמוצים 355 גרם,,GR,מלפפונים חמוצים 355,גרמים,355.00,100 גרם,false,1,15.60,4.39,true,1,
728229123590,false,חטיף ציפס  טרה אורגינל 110 גרם,,,חטיף ציפס  טרה אורגי,גרמים,110.00,100 גרם,false,1,16.90,15.36,true,1,
728229123613,false,ציפס 110 גרם טרה כחול,,,ציפס 110 גרם טרה כחו,גרמים,110.00,100 גרם,false,1,16.90,15.36,true,1,
728229123811,false,ציפס 110 גרם טרה בטטה,,,ציפס 110 גרם טרה בטט,גרמים,110.00,100 גרם,false,1,16.90,15.36,true,1,
728229124764,false,חטיף ציפס בטטה עם מלח ים 110 גרם,,US,חטיף ציפס בטטה עם מל,גרמים,110.00,100 גרם,false,1,16.90,15.36,true,1,
728229124771,false,חטיף ציפס טרה מבטטה בטעם ברביקיו 110 גרם,,,חטיף ציפס טרה מבטטה,גרמים,110.00,100 גרם,false,1,16.90,15.36,true,1,
728229130444,false,חטיף ציפס מירקות כחולים עם מלח 110 גרם,,,חטיף ציפס מירקות כחו,גרמים,110.00,100 גרם,false,1,16.90,15.36,true,1,
732494000524,false,קרטורס פופקורן שיקגו קרמל 213 גרם,,,קרטורס פופקורן שיקגו,גרמים,213.00,100 גרם,false,1,31.50,14.79,true,1,
768404001640,false,"בן אנד גריס בטעם קפה 500 מ""ל",,,בן אנד גריס בטעם קפה,מיליליטרים,500.00,"100 מ""ל",false,1,25.90,5.18,true,1,
805278150149,false,אורז בסמטי 1 קג טאג-מהאל,,,אורז בסמטי 1 קג טאג,קילוגרמים,0.00,"ק""ג",false,1,13.70,13.70,true,1,
833949000264,false,"סירופ מייפל אמיתי 100% אורגני 250 מ""ל",,,סירופ מייפל אמיתי,מיליליטרים,250.00,"100 מ""ל",false,1,36.90,14.76,true,1,
839762000641,false,משקה איילנד מנגו 1 ליטר,,,משקה איילנד מנגו 1 ל,מיליליטרים,1000.00,"100 מ""ל",false,1,15.90,1.59,true,1,
839762000658,false,משקה איילנד גויאבה 1 ליטר,,,משקה איילנד גויאבה 1,מיליליטרים,1000.00,"100 מ""ל",false,1,15.90,1.59,true,1,
884912102102,false,דגני סלקט עם אוכמניות 382 גרם פוסט,,,דגני סלקט עם אוכמניו,גרמים,382.00,100 גרם,false,1,27.90,7.30,true,1,
884912116505,false,דגני סלקט בננה 369 גרם פוסט,,,דגני סלקט בננה 369 ג,גרמים,369.00,100 גרם,false,1,27.90,7.56,true,1,
893594002068,false,חטיף פופקורן עם מלח 32 גר,PepsiCo inc. Frito lay Division,US,חטיף פופקורנס מלח ים,גרמים,28.00,100 גרם,false,1,6.50,23.21,true,1,
2261746002521,false,גבינת בלו סטילטון אנגלית במשקל,,,גבינת בלו סטילטון,Unknown,0.00,"ק""ג",true,0,189.00,189.00,true,1,
3014260022730,false,מב.שיניים אדוונטג 40 מדיום אורל בי זוג,,,מב.שיניים אדוונטג 40,Unknown,0.00,Unknown,false,1,29.50,29.50,true,1,
3014260289287,false,סכין גילוח גילט בלו 2 לנשים-חמישייה,,,סכין גילוח גילט בלו,Unknown,0.00,Unknown,false,1,18.90,18.90,true,1,
3014260833848,false,מברשות שיניים אורל בי פרו אקספרט 35 זוג,,,מברשות שיניים אורל ב,יחידה,1.00,יחידה,false,1,39.90,39.90,true,1,
3046920010801,false,לינדט שוקולד אקסלנס הזלנט 100 גר,,,לינדט שוקולד אקסלנס,גרמים,100.00,100 גרם,false,1,17.90,17.90,true,1,
3046920027281,false,לינדט אקס קרמל סולט 100 גרם,,,לינדט אקס קרמל סולט,גרמים,100.00,100 גרם,false,1,17.90,17.90,true,1,
3046920028363,false,לינדט אקסלנס 85% 100 גרם,,,לינדט אקסלנס 85% 100,גרמים,100.00,100 גרם,false,1,17.90,17.90,true,1,
3046920029674,false,לינדט אקס סולט 100 גר,,,לינדט אקס סולט 100 ג,גרמים,100.00,100 גרם,false,1,17.90,17.90,true,1,
3046920029759,false,"לינדט אקס 90%, 100 גרם",,,"לינדט אקס 90%, 100 ג",גרמים,100.00,100 גרם,false,1,17.90,17.90,true,1,
3068320055008,false,מים מינרלים אוויאן 500 מל,,,מים מינרלים אוויאן 5,מיליליטרים,500.00,"100 מ""ל",false,1,7.90,1.58,true,1,
3073781162790,false,בייבי בל אדם 120 גר,,,בייבי בל אדם 120 גר,גרמים,120.00,100 גרם,false,1,21.90,18.25,true,1,
3080216034508,false,"בירה רגינברג בלונד 330 מ""ל",,,בירה רגינברג בלונד 3,מיליליטרים,330.00,"100 מ""ל",false,1,7.90,2.39,true,1,
3080216034645,false,"בירה רגינברג אמברה 330 מ""ל",,,בירה רגינברג אמברה 3,מיליליטרים,330.00,"100 מ""ל",false,1,10.90,3.30,true,1,
3161420001972,false,"ברנדי סנט רמי 700 מ""ל VSOP",,,"ברנדי סנט רמי 700 מ""",מיליליטרים,700.00,"100 מ""ל",false,1,83.90,11.99,true,1,
3161911366429,false,אלוויר חמאה רכה מלוחה 250 גר,,,אלוויר חמאה רכה מלוח,גרמים,250.00,100 גרם,false,1,23.90,9.56,true,1,
3175460000017,false,גבינת בורסאן שום ועשבי תיבול 150 גר,,,גבינת בורסאן שום 150,גרמים,150.00,100 גרם,false,1,24.90,16.60,true,1,
3175529633934,false,יין לבן ויו פאפ שרדונה קולומברד 750 מל,,FR,יין לבן ויו פאפ שרדו,Unknown,0.00,Unknown,false,1,43.90,43.90,true,1,
3175529633941,false,"יין אדום ויו פאפ מרלו סירה 750 מ""ל",,FR,יין אדום ויו פאפ מרל,Unknown,0.00,Unknown,false,1,43.90,43.90,true,1,
3178530402353,false,מיני מדליינס סאן מישל 175 גרם,,,מיני מדליינס סאן מיש,גרמים,175.00,100 גרם,false,1,12.90,7.37,true,1,
3178530407938,false,מיני מדליין 175 גר,,,מיני מדליין 175 גר,גרמים,175.00,100 גרם,false,1,14.90,8.51,true,1,
3178530409673,false,עוגיות פלמיה קרמל 100 גרם,,,עוגיות פלמיה קרמל 10,גרמים,100.00,100 גרם,false,1,15.90,15.90,true,1,
3178530412703,false,דונאט עם שוקולד 180 גרם,,,דונאט עם שוקולד 180,גרמים,180.00,100 גרם,false,1,15.90,8.83,true,1,
3178530417418,false,דונאט עם שוקולד ציפס 180 גרם,,,דונאט עם שוקולד ציפס,גרמים,180.00,100 גרם,false,1,15.90,8.83,true,1,
3179732348913,false,מים מינרלים פרייה 1 ליטר,,,מים מינרלים פרייה 1,מיליליטרים,1000.00,"100 מ""ל",false,1,9.90,0.99,true,1,
3179732348944,false,שישיית מים מינרלים פרייה 1 ליטר,,,שישיית מים מינרלים פ,ליטרים,0.01,ליטר,false,1,60.90,6090.00,true,1,
3184030003570,false,גבינה קממברט 250 גר מנות,,,גבינה קממבר 250 גר,גרמים,250.00,100 גרם,false,1,46.50,18.60,true,1,
3211200008049,false,"יין לאודלה רוזה 750 מ""ל",,FR,יין לאודלה רוזה 750,מיליליטרים,750.00,"100 מ""ל",false,1,49.90,6.65,true,1,
3211200108756,false,"יין מיזון קסטל מרלו רוזה 750 מ""ל",,,יין מיזון קסטל מרלו,Unknown,0.00,Unknown,false,1,48.90,48.90,true,1,
3211201046439,false,מיזון קסטל קברנה סוביניון 750 מל,,,מיזון קסטל קברנה סוב,Unknown,0.00,Unknown,false,1,48.90,48.90,true,1,
3211201046460,false,"מיזון קסטל מרלו  750 מ""ל",,,מיזון קסטל מרלו  750,Unknown,0.00,Unknown,false,1,48.90,48.90,true,1,
3211201046521,false,מיזון קסטל סוביניון בלאן 750 מל,,,מיזון קסטל סוביניון,Unknown,0.00,Unknown,false,1,48.90,48.90,true,1,
3211203429315,false,ברון דה לסטאק בלאן בורדו 750 מל,,,ברון דה לסטאק בלאן,Unknown,0.00,Unknown,false,1,65.90,65.90,true,1,
3211203433220,false,ברון דה לסטאק בורדו 750 מל,,,ברון דה לסטאק בורדו,Unknown,0.00,Unknown,false,1,65.90,65.90,true,1,
3211203444103,false,מיזון קסטל גרנד רזרב ק. סוביניון 750 מ,,,מיזון קסטל גרנד רזרב,Unknown,0.00,Unknown,false,1,52.90,52.90,true,1,
3211203448347,false,שאטו דו לורט בורדו 750 מל,,,שאטו דו לורט בורדו,Unknown,0.00,Unknown,false,1,67.90,67.90,true,1,
3211209117964,false,"מיזון קסטל קוט דה פרובנס רוזה 750 מ""ל",,,מיזון קסטל קוט דה פר,Unknown,0.00,Unknown,false,1,67.90,67.90,true,1,
3211209149897,false,יין ברון דה לסטאק רוזה בורדו 750 מל,,,יין ברון דה לסטאק רו,Unknown,0.00,Unknown,false,1,65.90,65.90,true,1,
3211209158028,false,יין רוזה  יבש מאספלורי קוט דה פרובנס 375,,,יין רוזה  יבש מאספלו,מיליליטרים,375.00,"100 מ""ל",false,1,29.90,7.97,true,1,
3211209194507,false,מיזון קסטל שרדונה 750 מל,,,מיזון קסטל שרדונה 75,Unknown,0.00,Unknown,false,1,48.90,48.90,true,1,
3211209267126,false,מיזון קסטל גוורצטרמינר 750 מל,,,מיזון קסטל גוורצטרמי,Unknown,0.00,Unknown,false,1,48.90,48.90,true,1,
3211209282167,false,"מיזון קסטל ברוט רוזה מבעבע 750 מ""ל",,,מיזון קסטל ברוט רוזה,Unknown,0.00,Unknown,false,1,65.90,65.90,true,1,
3211209719342,false,שאטו דו בוסקה קוט דה בורג 750 מל,,,שאטו דו בוסקה קוט דה,Unknown,0.00,Unknown,false,1,86.90,86.90,true,1,
3211209968832,false,"יין מיזון קסטל ויוניה 750 מ""ל",,,יין מיזון קסטל ויוני,Unknown,0.00,Unknown,false,1,48.90,48.90,true,1,
3211209990826,false,"יין לאודלה שרדונה 750 מ""ל",,FR,יין לאודלה שרדונה 75,מיליליטרים,750.00,"100 מ""ל",false,1,49.90,6.65,true,1,
3211209990833,false,"יין לאודלה לה פטיט לבן 750 מ""ל",,FR,יין לאודלה לה פטיט ל,מיליליטרים,750.00,"100 מ""ל",false,1,38.90,5.19,true,1,
3211209990840,false,"יין לאודלה לה פטיט אדום 750 מ""ל",,FR,יין לאודלה לה פטיט א,מיליליטרים,750.00,"100 מ""ל",false,1,38.90,5.19,true,1,
3211209991793,false,ברון דה לסטק בורדו מואל לבן חצי מתוק 750,,,ברון דה לסטק בורדו מ,Unknown,0.00,Unknown,false,1,65.90,65.90,true,1,
3245995960015,false,הנסי 700 V.S באריזת מתנה,,,הנסי 700 V.S באריזת,מיליליטרים,700.00,"100 מ""ל",false,1,157.90,22.56,true,1,
3256761201003,false,פלשארד בסגנון פטה מעודנת 500 גר קרטונית,,,פלשארד בסגנון פטה מע,גרמים,500.00,100 גרם,false,1,13.50,2.70,true,1,
3272770003148,false,שברו עיזים טבעי 150 גר,,,שברו עיזים טבעי 150,גרמים,150.00,100 גרם,false,1,27.90,18.60,true,1,
3276210810105,false,יין לה פטיט פרייר סוביניון בלאן 750 מל,,,יין לה פטיט פרייר סו,Unknown,0.00,Unknown,false,1,52.90,52.90,true,1,
3276210812109,false,יין לה פטיט פרייר פינו נואר רוזה 750 מל,,,יין לה פטיט פרייר פי,Unknown,0.00,Unknown,false,1,52.90,52.90,true,1,
3328640121945,false,וויסקי היילנד קווין בלנדד שרי פיניש 1 ל,,,וויסקי היילנד קווין,מיליליטרים,1000.00,"100 מ""ל",false,1,104.90,10.49,true,1,
3335121604934,false,חרדל דיגון 370 גרם (חלק),,,חרדל דיגון 370 גרם (,גרמים,370.00,100 גרם,false,1,11.90,3.22,true,1,
3412290023640,false,אמנטל צרפתי ארוז 250 גר,,,אמנטל צרפתי ארוז 250,גרמים,250.00,100 גרם,false,1,29.30,11.72,true,1,
3417320023881,false,בירה חזקה 8.8% סברנה פרמיום 500 מל פחי,,,בירה חזקה 8.8% סברנה,מיליליטרים,500.00,"100 מ""ל",false,1,7.90,1.58,true,1,
3451790476945,false,קרם ציז במשקל,,,קרם ציז במקשל,Unknown,0.00,"ק""ג",true,0,82.00,82.00,true,1,
3523230025638,false,מיני בושה עיזים טבעי 125 גר,,,גבינה מיני בושה עיזי,גרמים,125.00,100 גרם,false,1,25.90,20.72,true,1,
3523230026888,false,גב עיזים למריחה שום ועשבי תיבול פירמידה,,,גב עיזים למריחה שום,גרמים,140.00,100 גרם,false,1,25.90,18.50,true,1,
3574661425696,false,תחליב גונסונס בייבי,,IT,תחליב גונסונס בייבי,Unknown,0.00,Unknown,false,1,30.90,30.90,true,1,
3800020412091,false,קיט קט צאנקי וופל ש. חלב רביעייה 4*32 גר,,AT,קיט קט צאנקי וופל ש.,גרמים,128.00,100 גרם,false,1,11.90,9.30,true,1,
3800065781114,false,עוגת וופל צודו בוטנים 250 גרם,,BG,עוגת וופל במ.קרם קקא,גרמים,250.00,100 גרם,false,1,12.50,5.00,true,1,
3800065781268,false,עוגת וופל צודו בוטנים 180 גרם,,BG,עוגת וופל במ.קרם קקא,גרמים,180.00,100 גרם,false,1,10.90,6.06,true,1,
3800065781688,false,עוגת וופל צודו אגוזי לוז 125 גר,,BG,עוגת וופל במילוי קרם,גרמים,125.00,100 גרם,false,1,10.90,8.72,true,1,
3800740027155,false,שימורי ירקות ליוטניצה טודורקה 350 גרם,,,שימורי ירקות ליוטניצ,גרמים,350.00,100 גרם,false,1,14.90,4.26,true,1,
3800740031084,false,רוטב עגבניות עם אוכמניות וצילי 330 גר,,BG,רוטב עגבניות עם אוכמ,גרמים,330.00,100 גרם,false,1,13.90,4.21,true,1,
4000161050223,false,נידרגר מרציפן מצופה שוקולד 75 גר,,,נידרגר מרציפן מצופה,גרמים,75.00,100 גרם,false,1,26.70,35.60,true,1,
4000417019004,false,שוקולד RITTER SPORT אגוזים 100 גרם,,,שוקולד RITTER SPORT,גרמים,400.00,100 גרם,false,1,11.90,2.98,true,1,
4000417022004,false,שוקולד ריטר ספורט צימוקים ואג 100 גרם,,,שוקולד ריטר ספורט צי,גרמים,100.00,100 גרם,false,1,9.90,9.90,true,1,
4000417025005,false,שוקולד ריטר ספורט מרצפן 100 גרם,,,שוקולד RITTER SPORT,גרמים,100.00,100 גרם,false,1,9.90,9.90,true,1,
4000417212009,false,שוקולד ריטר ספורט שקדים וקליפות תפוז 100,,DE,שוקולד ריטר ספורט שק,גרמים,100.00,100 גרם,false,1,9.90,9.90,true,1,
4000417222008,false,שוקולד ריטר ספורט חלב עם אגוזים 100 גר,,,שוקולד ריטר ספורט חל,גרמים,100.00,100 גרם,false,1,9.90,9.90,true,1,
4000417298003,false,שוקולד ריטר ספורט קוקוס 100 גרם,,,שוקולד ריטר ספורט קו,גרמים,100.00,100 גרם,false,1,9.90,9.90,true,1,
4000417707000,false,שוקולד RITTER SPORT שקדים 100 גרם,,,ריטר ספורט חלב קשיו,גרמים,100.00,100 גרם,false,1,11.90,11.90,true,1,
4000417708007,false,ריטר ספורט מריר שקד,,,ריטר ספורט מריר שקד,גרמים,100.00,100 גרם,false,1,11.90,11.90,true,1,
4000504149324,false,גבינת רוגט גרמני 125 גרם,,DE,גבינת רוגט גרמני 125,גרמים,125.00,100 גרם,false,0,24.00,19.20,true,1,
4000504213028,false,גבינה דורבלו גרמנית במשקל,,,גבינה דורבלו גרמנית,Unknown,0.00,"ק""ג",true,0,189.00,189.00,true,1,
4000539280726,false,שוקולד לינדט אקסלנס מילד 70% 100 גר,,DE,שוקולד לינדט אקסלנס,גרמים,100.00,100 גרם,false,1,10.00,10.00,true,1,
4000539280740,false,שוקולד לינדט אקסלנס 78% 100 גר,,DE,שוקולד לינדט אקסלנס,גרמים,100.00,100 גרם,false,1,17.90,17.90,true,1,
4001507161955,false,קווקר פתיתי שיבולת שועל עבה 500 גר,,,קווקר פתיתי שיבולת ש,גרמים,500.00,100 גרם,false,1,6.50,1.30,true,1,
4001751073677,false,רוטב חזרת עם סלק 200 גר,,,רוטב חזרת עם סלק 200,גרמים,200.00,100 גרם,false,1,10.90,5.45,true,1,
4002631025069,false,"בירה קוניגסבכר 4.6% 500 מ""ל פחית",,,בירה קוניגסבכר 4.6%,מיליליטרים,500.00,"100 מ""ל",false,1,6.90,1.38,true,1,
4002631025830,false,"בירה קוניגסבאכר חיטה 5.1% 500 מ""ל פחית",,,בירה קוניגסבאכר חיטה,מיליליטרים,500.00,"100 מ""ל",false,1,6.90,1.38,true,1,
4004591131316,false,"בירה קייזרדום חיטה 6*330 מ""ל בקבוק",,,בירה קייזרדום חיטה,מיליליטרים,1980.00,"100 מ""ל",false,1,37.90,1.91,true,1,
4007745058828,false,חרדל צרפתי גרגרים אורגני 200 גרם,,,חרדל צרפתי גרגרים או,גרמים,200.00,100 גרם,false,1,16.50,8.25,true,1,
4007993016922,false,מאגדת אוראו 4 יח,,DE,מאגדת אוראו 4 יח,Unknown,0.00,Unknown,false,1,34.90,34.90,true,1,
4008400209524,false,קינדר - מארז שוקולד קריסמס 102 גרם,,IT,קינדר - מארז שוקולד,גרמים,102.00,100 גרם,false,1,22.90,22.45,true,1,
4008400510125,false,קינדר- שוקולד חלב בצורת סנטה קלאוס 75 גר,,IT,קינדר- שוקולד חלב בצ,גרמים,75.00,100 גרם,false,1,21.90,29.20,true,1,
4008400511825,false,שוקולד קינדר בצורת סנטה קלאוס 110 גרם,,IT,שוקולד קינדר בצורת ס,גרמים,110.00,100 גרם,false,1,22.90,20.82,true,1,
4008400511924,false,שוקולד קינדר בצורת סנטה קלאוס 160 גרם,,IT,שוקולד קינדר בצורת ס,גרמים,160.00,100 גרם,false,1,31.90,19.94,true,1,
4009300528821,false,"פומפדור  תה ירוק גינגר קינמון 30 מ""ל",,,פומפדור  תה ירוק גינ,מיליליטרים,30.00,"100 מ""ל",false,1,24.50,81.67,true,1,
4009300529576,false,תה חליטת פומפדור פירות רימונים 20 יח,,,תה חליטת פומפדור פיר,Unknown,0.00,Unknown,false,1,18.90,18.90,true,1,
4009309114346,false,"מלפפונים ללת""ס אורגניים בחומץ 670 גר",,,"מלפפונים ללת""ס אורגנ",גרמים,670.00,100 גרם,false,1,25.50,3.81,true,1,
4009309740422,false,רסק תפוחים אורגני – נטורפוד 700 גרם,,,רסק תפוחים אורגני –,גרמים,700.00,100 גרם,false,1,18.90,2.70,true,1,
4009900402965,false,מסטיק אורביט WHITE בטעם פירות,,,מסטיק אורביט WHITE ב,Unknown,0.00,Unknown,false,1,11.90,11.90,true,1,
4009900420129,false,מסטיק אורביט פרופשיונל פפרמינט בקבוקון,,PL,מסטיק אורביט פרופשיו,Unknown,0.00,Unknown,false,1,11.90,11.90,true,1,
4009900426121,false,מסטיק איירוויבז אוכמניות בקבוקון 64 גר,,,מסטיק איירוויבז אוכמ,גרמים,64.00,100 גרם,false,1,11.90,18.59,true,1,
4009900455299,false,סקיטלס פירות 174 גרם,,,סקיטלס פירות 174 גרם,גרמים,174.00,100 גרם,false,1,10.90,6.26,true,1,
4009900479998,false,"מסטיק אורביט לל""ס אוכמניות בקבוקון",,,"מסטיק אורביט לל""ס או",Unknown,0.00,Unknown,false,1,11.90,11.90,true,1,
4009900482417,false,מסטיק אורביט באבל מינט בקבוקון,,,מסטיק אורביט באבל מי,Unknown,0.00,Unknown,false,1,11.90,11.90,true,1,
4009900531122,false,מסטיק אורביט פרופשיונל ספירמינט בקבוקון,,PL,מסטיק אורביט פרופשיו,Unknown,0.00,Unknown,false,1,11.90,11.90,true,1,
4009900539746,false,מסטיק פייב באונס אבטיח בקבוקון 61.8 גר,,,מסטיק פייב באונס אבט,גרמים,62.00,100 גרם,false,1,12.90,20.81,true,1,
4011800290030,false,חטיף חלבון קורני שוקו 50 גר,,CZ,חטיף חלבון קורני שוק,גרמים,50.00,100 גרם,false,1,8.90,17.80,true,1,
4011800628512,false,חטיף קורני שוקולד חלב 6 יח 150 גר,,DE,חטיף קורני שוקולד חל,גרמים,150.00,100 גרם,false,1,13.90,9.27,true,1,
4011800630515,false,חטיף קורני שוקולד חלב ובננה 6 יח 150 גר,,DE,חטיף קורני שוקולד חל,גרמים,150.00,100 גרם,false,1,13.90,9.27,true,1,
4011800632519,false,קורני בייס קוקונט 6 יח 150 גר,,DE,קורני בייס קוקונט 6,גרמים,150.00,100 גרם,false,1,13.90,9.27,true,1,
4011800635510,false,קורני פרי נאטס 6 יח 120 גר,,DE,קורני פרי נאטס 6 יח,גרמים,120.00,100 גרם,false,1,13.90,11.58,true,1,
4011800636517,false,קורני פרי שוקולד חלב 6 יח 120 גר,,DE,קורני פרי שוקולד חלב,גרמים,120.00,100 גרם,false,1,13.90,11.58,true,1,
4013197062030,false,סקיי סוכריות קשות בטעמי פירות 130 גרם,,,סקיי סוכריות קשות בט,גרמים,130.00,100 גרם,false,1,9.50,7.31,true,1,
4014086024245,false,בירה גרלסבורג חיטה מעוננת לא מסוננת 500,,,בירה גרלסבורג חיטה מ,מיליליטרים,500.00,"100 מ""ל",false,1,6.90,1.38,true,1,
4014400900217,false,בונבוניירה מרסי 400 גרם,,,בונבוניירה מרסי 400,גרמים,400.00,100 גרם,false,1,52.50,13.13,true,1,
4014400901191,false,בונבוניירה מרסי 250 גרם,,,בונבוניירה מרסי 250,גרמים,250.00,100 גרם,false,1,31.90,12.76,true,1,
4014400914924,false,סוכריות  וורטר ללא סוכר קפה 80 גרם,,,סוכריות  וורטר ללא ס,Unknown,0.00,Unknown,false,1,10.90,10.90,true,1,
4014400923711,false,טופיפי 125 גרם כשלפ,,,טופיפי 125 גרם,גרמים,125.00,100 גרם,false,1,13.90,11.12,true,1,
4014400925319,false,וורטר פופקורן קרמל 140 גר,,DE,וורטר פופקורן קרמל 1,גרמים,140.00,100 גרם,false,1,16.90,12.07,true,1,
4015400564454,false,אולדייז מגה פק לארג 68 יח,,,אולדייז מגה פק לארג,Unknown,0.00,Unknown,false,1,22.90,22.90,true,1,
4015400681670,false,תחבושות אולוויז לילה בטוח וליו פק 18 יח,,,תחבושות אולוויז לילה,Unknown,0.00,Unknown,false,1,22.90,22.90,true,1,
4015400690313,false,טמפונים פרל רגולר טמפקס קומפאק 18 יח,,,טמפונים פרל רגולר טמ,Unknown,0.00,Unknown,false,1,29.50,29.50,true,1,
4015400690405,false,טמפונים פרל סופר טמפקס קומפאק 18 יח,,,טמפונים פרל סופר טמפ,Unknown,0.00,Unknown,false,1,29.50,29.50,true,1,
4015400746812,false,מגן תחתון נורמל אולוויז מגה פק 80 יח,,,מגן תחתון נורמל,Unknown,0.00,Unknown,false,1,22.90,22.90,true,1,
4015600762742,false,"הד&שולדרס שמפו קלאסי 500 מ""ל",,,הד&שולדרס שמפו 500 מ,מיליליטרים,500.00,"100 מ""ל",false,1,24.90,4.98,true,1,
4015600762940,false,"הד&שולדרס שמפו תפוח 500 מ""ל",,,הד&שולדרס שמפו 500 מ,מיליליטרים,500.00,"100 מ""ל",false,1,24.90,4.98,true,1,
4017100290008,false,ביסקוויט ליבניץ שוקולד חלב 125 גרם,,,ביסקוויט ליבניץ שוקו,גרמים,125.00,100 גרם,false,1,15.90,12.72,true,1,
4017100291005,false,בלזן ביסקוויט מצופה שוקולד מריר 125 גרם,,,בלזן ביסקוויט מצופה,גרמים,125.00,100 גרם,false,1,15.90,12.72,true,1,
4017100364112,false,ביסקוויט ממולא קרם שוקולד היט 220 גרם,,,ביסקוויט ממולא קרם ש,גרמים,220.00,100 גרם,false,1,10.90,4.95,true,1,
4018722344308,false,פפרדלה כוסמין אורגני אלב גולד 500 גרם,,DE,פפרדלה כוסמין אורגני,גרמים,500.00,100 גרם,false,1,21.90,4.38,true,1,
4022025000137,false,יין בלו נאן גוורצטרמינר 750 מל,,,יין בלו נאן גוורצטרמ,Unknown,0.00,Unknown,false,1,52.90,52.90,true,1,
4025700001962,false,שוקולד לבן מילקה 100 ג,,,שוקולד לבן מילקה 100,גרמים,100.00,100 גרם,false,1,7.90,7.90,true,1,
4030300022064,false,וויקס סוכריות עם דובדבן ואוקליפ ללא סוכר,,,וויקס סוכריות עם דוב,גרמים,72.00,100 גרם,false,1,13.90,19.31,true,1,
4032900111292,false,ווינסטון קומפלקט כחול חפיסה,,,ווינסטון קומפלקט כחו,Unknown,0.00,Unknown,false,1,28.50,28.50,true,1,
4032900124254,false,ווינסטון קומפלקט ברי PP חפיסה,,,ווינסטון קומפלקט ברי,Unknown,0.00,Unknown,false,1,28.50,28.50,true,1,
4033100024146,false,ווינסטון CODE חפיסה,,,ווינסטון CODE חפיסה,יחידה,1.00,יחידה,false,1,30.90,30.90,true,1,
4033100024252,false,ווינסטון AQUA חפיסה,,,ווינסטון AQUA חפיסה,יחידה,1.00,יחידה,false,1,30.90,30.90,true,1,
4033100038914,false,כאמל כחול טבק חפיסה,,,כאמל כחול טבק חפיסה,יחידה,1.00,יחידה,false,1,76.90,76.90,true,1,
4033100047350,false,כאמל צהוב טבק חפיסה,,,כאמל צהוב טבק חפיסה,יחידה,1.00,יחידה,false,1,76.90,76.90,true,1,
4037400129037,false,קטיאס גומי בטעמי פירות טרופיים 200 גרם,,DE,קטיאס גומי בטעמי פיר,גרמים,200.00,100 גרם,false,1,9.90,4.95,true,1,
4037400433004,false,קטיאס וונדרלנד שחור 200 גרם,,DE,קטיאס וונדרלנד שחור,גרמים,200.00,100 גרם,false,1,9.90,4.95,true,1,
4043058008778,false,טבק אמריקן ספיריט כחול פאוצ,,,טבק לגלגול אמריקון 3,יחידה,1.00,יחידה,false,1,81.90,81.90,true,1,
4049366003429,false,ארנסט לודוויג גוורצטרמינר 750 מל,,,ארנסט לודוויג גוורצט,Unknown,0.00,Unknown,false,1,48.90,48.90,true,1,
4052197000352,false,"בירה 330 מ""ל WHEAT BEER BENEDIKTINER",,,"בירה 330 מ""ל WHEAT B",מיליליטרים,330.00,"100 מ""ל",false,1,8.90,2.70,true,1,
4052197000925,false,בירה בנדקטינר דונקל כהה 500 מל,,,בירה בנדקטינר דונקל,מיליליטרים,500.00,"100 מ""ל",false,1,12.90,2.58,true,1,
4052197001281,false,בירה בנדיקטינר 500 מל פחית,,,בירה בנדיקטינר 500 מ,מיליליטרים,500.00,"100 מ""ל",false,1,9.90,1.98,true,1,
4052197001366,false,"בירה בנדקטינר ללא אלכוהול 500 מ""ל",,,בירה בנדקטינר ללא אל,מיליליטרים,500.00,"100 מ""ל",false,1,12.90,2.58,true,1,
4052197002806,false,"מארז בירה בנדיקטינר 4*500 מ""ל פחית",,,מארז בירה בנדיקטינר,מיליליטרים,2000.00,"100 מ""ל",false,1,37.90,1.90,true,1,
4056489246053,false,סונדיי ביסקוויט ממולא קרם אגוזים 175 ג,,NL,סונדיי ביסקוויט ממול,גרמים,175.00,100 גרם,false,1,9.90,5.66,true,1,
4056489379508,false,קונטיננטל-ביסקויט סנדוויץ עם קרם חלב 250,,,קונטיננטל-ביסקויט סנ,גרמים,250.00,100 גרם,false,1,5.90,2.36,true,1,
4061445096726,false,קפה דוידוף מגורען 100 גר RICH AROMA,,CO,קפה דווידוף ריץ ארומ,גרמים,100.00,100 גרם,false,1,23.90,23.90,true,1,
4066600601920,false,"בירה פאולנר 500 מ""ל פחית",,DE,"בירה פאולנר 500 מ""ל",מיליליטרים,500.00,"100 מ""ל",false,1,12.90,2.58,true,1,
4066600612049,false,"בירה פאולנר אורטובר פאסט 500 מ""ל בקובק",,,בירה פאולנר אורטובר,מיליליטרים,500.00,"100 מ""ל",false,1,11.90,2.38,true,1,
4072700001775,false,בירה פרנסיסקאנר בהירה פחית 500 מל,,,בירה פרנסיסקאנר בהיר,מיליליטרים,500.00,"100 מ""ל",false,1,12.90,2.58,true,1,
4072700003649,false,"בירה פרנסיסקאנר בהירה 500 מ""ל",,,בירה פרנסיסקאנר בהיר,מיליליטרים,500.00,"100 מ""ל",false,1,13.90,2.78,true,1,
4084500853836,false,"נוזל כלים פיירי ורדים ומשי 515 מ""ל",,GB,נוזל כלים פיירי ורדי,מיליליטרים,515.00,"100 מ""ל",false,1,12.50,2.43,true,1,
4100130937163,false,בירה בקס שישייה 6*275 מל,,,בירה בקס שישייה 6*27,ליטרים,0.00,ליטר,false,1,34.90,34.90,true,1,
4101540707353,false,שטולן לחם צימוקים וקליפות הדרים מסוכ 500,,,שטולן לחם צימוקים וק,גרמים,500.00,100 גרם,false,1,28.90,5.78,true,1,
4101940131628,false,"בירה 500 מ""ל STEPHANS BRAU WEISBER",,,"בירה 500 מ""ל STEPHAN",מיליליטרים,500.00,"100 מ""ל",false,1,8.50,1.70,true,1,
4102430003418,false,בירה ביטבורגר פחית  מארז רביעיה 4*500 מ,,DE,בירה ביטבורגר פחית,מיליליטרים,2000.00,"100 מ""ל",false,1,32.90,1.65,true,1,
4105120623941,false,"בירה ויינשטפן  500 מ""ל בקבוק",,,בירה ויינשטפן  500 מ,מיליליטרים,330.00,"100 מ""ל",false,1,13.90,4.21,true,1,
4105120624412,false,"בירה ויינשטפן ויטוס 500 מ""ל",,IL,בירה ויינשטפן ויטוס,מיליליטרים,500.00,"100 מ""ל",false,1,13.90,2.78,true,1,
4333465053769,false,יין פרנאווי-סוביניון בלאן ניו זילנד 750,,,יין פרנאווי-סוביניון,Unknown,0.00,Unknown,false,1,88.90,88.90,true,1,
4600528347289,false,מיונז ריאבה פרוואנסל 200 גרם,,,מיונז ריאבה פרוואנסל,גרמים,200.00,100 גרם,false,1,7.50,3.75,true,1,
4600528347296,false,מיונז  ריאבה אוליבקווי 200 גרם,,,מיונז  ריאבה אוליבקו,גרמים,200.00,100 גרם,false,1,7.50,3.75,true,1,
4600625307407,false,גלידה אסקינו לנינגרדסקי 80 גר,,,גלידה אסקינו לנינגרד,גרמים,80.00,100 גרם,false,1,6.90,8.63,true,1,
4600625314498,false,גלידה פלומביר אסקימו 80 גר,,,גלידה פלומביר אסקימו,גרמים,80.00,100 גרם,false,1,6.90,8.63,true,1,
4601513007997,false,רולדה קורובקה בטעם חלב מבושל 200 גר,,,רולדה קורובקה בטעם ח,גרמים,200.00,100 גרם,false,1,10.40,5.20,true,1,
4601780010003,false,כוסמת 5*80 גר מאקפה,,,כוסמת 5*80 גר מאקפה,גרמים,400.00,100 גרם,false,1,11.90,2.98,true,1,
4602486002071,false,"וודקה בלנקאיה גולד 700 מ""ל",,RU,וודקה בלנקאיה גולד 7,מיליליטרים,700.00,"100 מ""ל",false,1,59.90,8.56,true,1,
4603400000043,false,"וודקה רוסקיי סטנדרט 700 מ""ל",,,וודקה רוסקיי סטנדרט,מיליליטרים,700.00,"100 מ""ל",false,1,64.90,9.27,true,1,
4603566903950,false,תבלין מלח 7 מנות  400 גר,,,תבלין מלח 7 מנות  40,גרמים,400.00,100 גרם,false,1,13.90,3.48,true,1,
4603566907958,false,תבלין מלח מנות ראשונות 400 גר,,,תבלין מלח מנות ראשונ,גרמים,400.00,100 גרם,false,1,13.90,3.48,true,1,
4603566921954,false,תבלין מלח 12 ירקות 400 גר,,,תבלין מלח 12 ירקות 4,גרמים,400.00,100 גרם,false,1,13.90,3.48,true,1,
4604248000349,false,מיונז מאחייב פרובנסאל 380 גר,,,מיונז מאחייב פרובנסא,גרמים,380.00,100 גרם,false,1,11.90,3.13,true,1,
4604248000844,false,מיונז מאחייב עם שמן זית 380 גרם,,,מיונז מאחייב עם שמן,גרמים,380.00,100 גרם,false,1,11.90,3.13,true,1,
4604248003081,false,מיונז מאחייב פרובנסאל 420 גר PEREPEL,,,מיונז מאחייב פרובנסא,גרמים,420.00,100 גרם,false,1,11.90,2.83,true,1,
4604248012601,false,חזרת 190 גרם מחייב,,,חזרת 190 גרם מחייב,גרמים,190.00,100 גרם,false,1,11.50,6.05,true,1,
4604248012618,false,חרדל רוסקיה 190 גרם מחייב,,,Maheev חרדל רוסי 190,גרמים,190.00,100 גרם,false,1,9.50,5.00,true,1,
4604248014797,false,רוטב תיבול חריף אגיקה מאחייב 190 גר,,,רוטב תיבול חריף אגיק,גרמים,190.00,100 גרם,false,1,10.90,5.74,true,1,
4604248016272,false,ריבת מאחייב דובדבן בזכוכית 400 גר,,,ריבת מאחייב דובדבן,גרמים,400.00,100 גרם,false,1,23.90,5.98,true,1,
4605246004278,false,תה גרינפילד שחור ארל גריי 25 שקי 50 גר,,RU,תה גרינפילד שחור ארל,גרמים,50.00,100 גרם,false,1,13.20,26.40,true,1,
4605246005947,false,תה טס פלזה 25 שקיקים,,,תה טס פלזה 25 שקיקים,Unknown,0.00,Unknown,false,1,12.90,12.90,true,1,
4605246015380,false,חליטה צמחים דובדבן -25 שקיות,,RU,חליטה צמחים דובדבן -,גרמים,50.00,100 גרם,false,1,13.20,26.40,true,1,
4605362008716,false,גרעינים שחורים 300 גר בבקיני,,,גרעינים שחורים 300 ג,גרמים,300.00,100 גרם,false,1,18.90,6.30,true,1,
4605504512378,false,עוגיות שמנת 200 גר סורמובסקויה,,,עוגיות שמנת 200 גר ס,גרמים,200.00,100 גרם,false,1,6.50,3.25,true,1,
4605504512620,false,עוגיות ריבת חלב 200 גר סורמובסקויה,,,עוגיות ריבת חלב 200,גרמים,200.00,100 גרם,false,1,6.50,3.25,true,1,
4605561010336,false,חתיכות פילה הרינג מעושן בשמן 200 גרם,,,חתיכות פילה הרינג מע,גרמים,200.00,100 גרם,false,1,12.50,6.25,true,1,
4605561011975,false,חתיכות פילה הרינג בשמן 150 גרם,,,חתיכות פילה הרינג בש,גרמים,200.00,100 גרם,false,1,8.90,4.45,true,1,
4606598001366,false,תבלין לדגים מגיה ווסטוקה 15 גר,,RU,תבלין לדגים מגיה ווס,Unknown,0.00,Unknown,false,1,3.90,3.90,true,1,
4606598001434,false,תבלין לבשר טחון מגיה ווסטוקה  15 גרם,,,תבלין לבשר טחון מגיה,Unknown,0.00,Unknown,false,1,3.90,3.90,true,1,
4606598001724,false,תבלין לגולש מגיה ווסטוקה  15 גרם,,,תבלין לגולש מגיה ווס,Unknown,0.00,Unknown,false,1,3.90,3.90,true,1,
4606598003612,false,תבלין לכרעיים מגיה ווסטוקה  15 גרם,,,תבלין לכרעיים מגיה ו,Unknown,0.00,Unknown,false,1,3.90,3.90,true,1,
4606598007054,false,תבלין פלפל שחור טחון מגיה ווסטוקה 10 גר,,,תבלין פלפל שחור טחון,Unknown,0.00,Unknown,false,1,3.90,3.90,true,1,
4606598016018,false,תבלין לעוף על האש מגיה ווסטוקה 15 גר,,,תבלין לעוף על האש מג,Unknown,0.00,Unknown,false,1,3.90,3.90,true,1,
4607002995752,false,אסורטי עגבניות/מלפפונים דיאדיה וניה 680,,,אסורטי עגבניות/מלפפו,גרמים,680.00,100 גרם,false,1,14.90,2.19,true,1,
4607002995943,false,ממרח קישואים קלויים דיאדיה וניה 460 גר,,RU,ממרח קישואים קלויים,גרמים,460.00,100 גרם,false,1,12.90,2.80,true,1,
4607002998142,false,מלפפונים בחומץ 950 גר דאדיה וניה,,RU,מלפפונים בחומץ 950 ג,מיליליטרים,950.00,"100 מ""ל",false,1,16.90,1.78,true,1,
4607002999286,false,קישואים באגיקה דיאדיה וניה 460 גרם,,,קישואים באגיקה דיאדי,גרמים,460.00,100 גרם,false,1,12.90,2.80,true,1,
4607005405609,false,סט טרופל שוקולד עם מרציפן פובדה 60 גר,,RU,סט טרופל שוקולד עם מ,גרמים,60.00,100 גרם,false,1,9.90,16.50,true,1,
4607011260230,false,עוגיות ש.שועל קלאסי 400 גר HVATAY-KA,,,עוגיות ש.שועל קלאסי,גרמים,400.00,100 גרם,false,1,10.90,2.73,true,1,
4607012350992,false,גרעיני חמניות מרטין 100 גרם,,,גרעיני חמניות מרטין,גרמים,100.00,100 גרם,false,1,8.30,8.30,true,1,
4607012351128,false,גרעיני חמניות מרטין 500 גרם,,,גרעיני חמניות מרטין,גרמים,500.00,100 גרם,false,1,31.50,6.30,true,1,
4607012351999,false,גרעיני חמניות מרטין עם מלח 200 גרם,,,גרעיני חמניות מרטין,גרמים,200.00,100 גרם,false,1,12.90,6.45,true,1,
4607012352453,false,גרעיני חמניות מרטין פסים עם מלח 150 גר,,,גרעיני חמניות מרטין,גרמים,150.00,100 גרם,false,1,12.00,8.00,true,1,
4607012352538,false,גרעיני חמניות מרטין מיקס 200 גרם,,,גרעיני חמניות מרטין,גרמים,200.00,100 גרם,false,1,12.90,6.45,true,1,
4607014780551,false,שמן חמניות  מזוכך בלגו 1 ל,,,שמן חמניות  מזוכך בל,מיליליטרים,1000.00,"100 מ""ל",false,1,21.90,2.19,true,1,
4607014788014,false,שמן קנולה 1 ליטר בית יוסף,,RU,שמן קנולה 1 ליטר בית,מיליליטרים,1000.00,"100 מ""ל",false,1,12.90,1.29,true,1,
4607016243184,false,דייסה שבולת שועל עם צירניקה 40 גר אובלקה,,,דייסה שבולת שועל,גרמים,40.00,100 גרם,false,1,3.50,8.75,true,1,
4607016248431,false,דייסה שיבולת שועל עם בננה ותות שדה 40 גר,,RU,דייסה שיבולת שועל עם,גרמים,40.00,100 גרם,false,1,3.50,8.75,true,1,
4607025280026,false,קמח חיטה 1 קג,,,"קמח חיטה 1 ק""ג",גרמים,1000.00,100 גרם,false,1,11.90,1.19,true,1,
4607037431164,false,זפיר בטעם חמאה 420 גרם NEVA,,,זפיר בטעם חמאה 420 ג,גרמים,420.00,100 גרם,false,1,19.90,4.74,true,1,
4607037431188,false,זפיר מצופה שוקולד 450 גר,,,זפיר מצופה שוקולד 45,גרמים,450.00,100 גרם,false,1,27.90,6.20,true,1,
4607037431225,false,זפיר ורוד-לבן 420 גרם NEVA,,,זפיר ורוד-לבן 420 גר,גרמים,420.00,100 גרם,false,1,19.90,4.74,true,1,
4607037431263,false,זפיר בטעם ריבת חלב 420 גרם NEVA,,,זפיר בטעם ריבת חלב 4,גרמים,420.00,100 גרם,false,1,19.90,4.74,true,1,
4607041232757,false,כעכים 200 גרם MALUTKA,,,כעכים 200 גרם MALUTK,גרמים,200.00,100 גרם,false,1,5.90,2.95,true,1,
4607051158221,false,תה ארל גריי 20 שקיקים CURTIS,,,תה ארל גריי 20 שקיקי,Unknown,0.00,Unknown,false,1,15.40,15.40,true,1,
4607054451718,false,"גרעינים 230 גר ""VOLK*",,,"גרעינים 230 גר ""VOLK",גרמים,230.00,100 גרם,false,1,12.60,5.48,true,1,
4607054451831,false,גרעינים עם מלח 200 גר *VOLK*,,,גרעינים עם מלח 200 ג,גרמים,230.00,100 גרם,false,1,12.60,5.48,true,1,
4607065580070,false,איטריות להכנה מהירה קויסטי בקר 70 גר קוי,,,איטריות להכנה מהירה,גרמים,70.00,100 גרם,false,1,3.90,5.57,true,1,
4607065580087,false,איטריות להכנה מהירה קויסטי עוף 70 גר קוי,,,תבשיל אטריות להכנה מ,Unknown,0.00,Unknown,false,1,3.90,3.90,true,1,
4607065580094,false,תבשיל אטריות פטריות 70 ג DOSHIRAK QUISTY,,UA,תבשיל אטריות פטריות,גרמים,70.00,100 גרם,false,1,3.90,5.57,true,1,
4607065580193,false,דושירק בטעם טלה 90 גרם,,,דושירק בטעם טלה 90 ג,גרמים,90.00,100 גרם,false,1,10.90,12.11,true,1,
4607065580216,false,דושירק בטעם בקר 90 גרם,,,מרק דושירק בטעם בקר,גרמים,90.00,100 גרם,false,1,10.90,12.11,true,1,
4607065580223,false,דושירק בטעם עוף 90 גרם,,,דושירק בטעם עוף 90 ג,גרמים,90.00,100 גרם,false,1,10.90,12.11,true,1,
4607065580247,false,דושירק בטעם בקון 90 גר,,,דושירק בטעם בקון 90,גרמים,90.00,100 גרם,false,1,10.90,12.11,true,1,
4607067933911,false,גלידה שמנת קרמל במילוי ריבת חלב 80 גר,,,גלידה שמנת קרמל במיל,גרמים,80.00,100 גרם,false,1,6.90,8.63,true,1,
4607067934055,false,גלידת מצופה שוקולד עם שביי שקדים 80 גר,,RU,גלידת מצופה שוקולד ע,גרמים,80.00,100 גרם,false,1,6.90,8.63,true,1,
4607067935175,false,גלידת מצופה שוקולד עם שביי פיסטוק 80 גר,,RU,גלידת מצופה שוקולד ע,גרמים,80.00,100 גרם,false,1,6.90,8.63,true,1,
4607067937551,false,גלידה כוס פלומביר פילבסקי שוקולד 90 גר,,,גלידה כוס פלומביר פי,גרמים,90.00,100 גרם,false,1,6.90,7.67,true,1,
4607067937698,false,גלידה כוס פלומביר וולגודסקי 100 גרם,,,גלידה כוס פלומביר וו,גרמים,100.00,100 גרם,false,1,6.90,6.90,true,1,
4607084352511,false,עוגיות 360 ORION CHOCO-PIE BLAK CURRANT,,RU,עוגיות 360 ORION CHO,גרמים,360.00,100 גרם,false,1,15.90,4.42,true,1,
4607135892973,false,עוגת וופל קורובקה 200 גר,,,עוגת וופל קורובקה 20,גרמים,200.00,100 גרם,false,1,18.90,9.45,true,1,
4610028130052,false,"וודקה לגנד אוף קרמלין 700 מ""ל",,,וודקה לגנד אוף קרמלי,מיליליטרים,700.00,"100 מ""ל",false,1,139.90,19.99,true,1,
4620015850351,false,תה ירוק 36 גרם HUGO COCTAIL CURTIS,,,תה ירוק 36 גרם HUGO,Unknown,0.00,Unknown,false,1,15.40,15.40,true,1,
4620015851068,false,תה שחור 20 שקיקים 36 גר TRUFFLE CURTIS,,,תה שחור 20 שקיקים 36,Unknown,0.00,Unknown,false,1,15.40,15.40,true,1,
4620015851778,false,תה שחור RICHARD* ENG.BREAKFAST*,,RU,תה שחור RICHARD* ENG,גרמים,200.00,100 גרם,false,1,19.90,9.95,true,1,
4620015851877,false,תה שחור ריצירד רויאל צילון  20 שקיקים,,,תה שחור ריצירד רויאל,Unknown,0.00,Unknown,false,1,15.40,15.40,true,1,
4620015852966,false,תה שחור ריצירד  20 שקיקים GRAPE ROYAL,,RU,תה שחור ריצירד 20 שק,Unknown,0.00,Unknown,false,1,15.40,15.40,true,1,
4620032651207,false,גלידת וניל בגביע מילוי ריבת חלב 100 גר,,RU,גלידת וניל בגביע מיל,גרמים,100.00,100 גרם,false,1,6.90,6.90,true,1,
4620032652358,false,רוזוק שוקולד במילוי משמש 80 גרם,,,רוזוק שוקולד במילוי,גרמים,80.00,100 גרם,false,1,6.90,8.63,true,1,
4630049326746,false,"שמן חמניות בראביטה 870 מ""ל",,,שמן חמניות בראביטה 8,מיליליטרים,870.00,"100 מ""ל",false,1,14.90,1.71,true,1,
4640001890031,false,סודה לשתייה 500 גר,,,סודה לשתייה 500 גר,גרמים,500.00,100 גרם,false,1,11.90,2.38,true,1,
4660013940456,false,שוקולד מריר 55% פובדה 250 גר,,RU,שוקולד מריר 55% פובד,גרמים,250.00,100 גרם,false,1,14.90,5.96,true,1,
4680009730045,false,דובשניות  סחרניה בטעם דבש  500 גר  BKK,,RU,דובשניות  סחרניה בטע,גרמים,500.00,100 גרם,false,1,13.90,2.78,true,1,
4710068001692,false,"מאסטר קפה לאטה 240 מ""ל",,,מאסטר קפה לאטה 240 מ,מיליליטרים,240.00,"100 מ""ל",false,1,8.20,3.42,true,1,
4710068001715,false,"מאסטר קפה טירמיסו 240 מ""ל",,,מאסטר קפה טירמיסו 24,מיליליטרים,240.00,"100 מ""ל",false,1,8.20,3.42,true,1,
4710068002798,false,"מאסטר קפה וונילה 240 מ""ל",,,מאסטר קפה וניל 240 מ,מיליליטרים,240.00,"100 מ""ל",false,1,8.20,3.42,true,1,
4710068002811,false,"מאסטר קפה וונילה  240 מ""ל",,,מאסטר קפה וונילה  24,מיליליטרים,240.00,"100 מ""ל",false,1,8.20,3.42,true,1,
4740012034667,false,שוקולד מריר עם דובדבנים 100 גר KALEV,,EE,שוקולד מריר עם דובדב,גרמים,100.00,100 גרם,false,1,7.90,7.90,true,1,
4740098079309,false,"סיידר ""FIZZ"" אוכמניות 500 מ""ל",,,"סיידר ""FIZZ"" אוכמניו",מיליליטרים,500.00,"100 מ""ל",false,1,9.00,1.80,true,1,
4740098079316,false,"סיידר ""FIZZ"" תות שדה 500 מ""ל",,,"סיידר ""FIZZ"" תות שדה",מיליליטרים,500.00,"100 מ""ל",false,1,9.00,1.80,true,1,
4740098098331,false,"קוקטייל בלו לגון אה לה קוק 330 מ""ל",,,קוקטייל בלו לגון אה,מיליליטרים,330.00,"100 מ""ל",false,1,12.90,3.91,true,1,
4740098098393,false,"קוקטייל און דה ביץ  אה לה קוק 330 מ""ל",,,קוקטייל און דה ביץ,מיליליטרים,330.00,"100 מ""ל",false,1,12.90,3.91,true,1,
4750001955507,false,LAIMA עוגות וופל 350 גר 18 יח,,LV,LAIMA עוגות וופל 350,גרמים,350.00,100 גרם,false,1,23.90,6.83,true,1,
4750010011232,false,קילקה מטוגנת ברוטב עגבניות 240 גר,,LV,קילקה מטוגנת ברוטב ע,גרמים,240.00,100 גרם,false,1,7.90,3.29,true,1,
4750010492826,false,שפרוטים מעושנים ריגה בצנצנת 250 גר,,LV,שפרוטים מעושנים ריגה,גרמים,250.00,100 גרם,false,1,16.40,6.56,true,1,
4750021201592,false,וודקה 1 ליור RIGA BLACK,,,וודקה 1 ליטר RIGA BL,מיליליטרים,1000.00,"100 מ""ל",false,1,87.90,8.79,true,1,
4750022001993,false,רוטב עגבניות עם שום 510 גר SPILVA,,LV,רוטב עגבניות עם שום,גרמים,510.00,100 גרם,false,1,16.90,3.31,true,1,
4750142003426,false,"בירה פילזנר אקסטרה 500 מ""ל",,RU,בירה פילזנר אקסטרה 5,מיליליטרים,500.00,"100 מ""ל",false,1,7.90,1.58,true,1,
4750142004980,false,"בירה פרימיום צסו 568 מ""ל",,,בירה פרימיום צסו 568,מיליליטרים,568.00,"100 מ""ל",false,1,8.90,1.57,true,1,
4750142005062,false,"בירה ברוזה לא מסוננת צסו 568 מ""ל",,,בירה ברוזה לא מסוננת,מיליליטרים,568.00,"100 מ""ל",false,1,8.90,1.57,true,1,
4750142016518,false,בירה צסו לא מסוננת 5.4% 568 מל,,,בירה צסו לא מסוננת 5,מיליליטרים,568.00,"100 מ""ל",false,1,8.90,1.57,true,1,
4750142021505,false,"בירה PILSENER בהירה 4.7% פחית 500 מ""ל",,,בירה PILSENER בהירה,מיליליטרים,500.00,"100 מ""ל",false,1,7.90,1.58,true,1,
4750817032010,false,סלט סלומון עם ירקות בטעם מקסיקני 240 גר,,LV,סלט סלומון עם ירקות,גרמים,240.00,100 גרם,false,1,7.90,3.29,true,1,
4750817032027,false,סלט סלומון עם ירקות בטעם איטלקי 240 גר,,LV,סלט סלומון עם ירקות,גרמים,240.00,100 גרם,false,1,7.90,3.29,true,1,
4751005703569,false,שפרוטים מעושנים בשמן 250 גר AMBERFISH,,LV,שפרוטים מעושנים בשמן,גרמים,250.00,100 גרם,false,1,17.90,7.16,true,1,
4751007732840,false,פילה סלמון ברוטב מתובל 170 גרם,,,פילה סלמון ברוטב מתו,גרמים,170.00,100 גרם,false,1,11.90,7.00,true,1,
4751007732864,false,שימורי פילה סלמון ברוטב חרדל 200 גר,,,שימורי פילה סלמון בר,גרמים,200.00,100 גרם,false,1,11.90,5.95,true,1,
4751007732970,false,סלט איטלקי עם סלומון 170 גרם,,,סלט איטלקי עם סלומון,גרמים,170.00,100 גרם,false,1,11.90,7.00,true,1,
4751007733007,false,סלט צרפתי עם סלומון 170 גרם,,,סלט צרפתי עם סלומון,גרמים,170.00,100 גרם,false,1,11.90,7.00,true,1,
4751007738385,false,קילקה ברוטב עגבניות 240 גר KARAVELA,,,קילקה ברוטב עגבניות,גרמים,240.00,100 גרם,false,1,4.50,1.88,true,1,
4751007739535,false,שימורי בשמן עם צילי 160 ג SURIMI,,,שימורי בשמן עם צילי,גרמים,160.00,100 גרם,false,1,21.90,13.69,true,1,
4751007739542,false,שימורי במרינדה עם פטרוזיליה 160 ג SURIMI,,,שימורי במרינדה עם פט,גרמים,160.00,100 גרם,false,1,21.90,13.69,true,1,
4751007739917,false,נתחי דג סלמון במיץ טבעי תומר 185 גרם,,,נתחי דג סלמון במיץ ט,גרמים,185.00,100 גרם,false,1,10.90,5.89,true,1,
4760018504612,false,ריבה דובדבן 400 גרם BIZIM TARLA,,AZ,ריבה דובדבן 400 גרם,גרמים,400.00,100 גרם,false,1,15.90,3.98,true,1,
4760018504773,false,ריבה אגוזים 400 גרם BIZIM TARLA,,AZ,ריבה אגוזי מלך 400 ג,גרמים,400.00,100 גרם,false,1,17.90,4.48,true,1,
4760062101775,false,תה שחור אזרציי 250 גר,,AZ,תה שחור אזרציי 250 ג,גרמים,250.00,100 גרם,false,1,32.50,13.00,true,1,
4760068001710,false,ריבת תות שדה 400 גרם  ביזים טארלה,אזרסטאן קאנד,AZ,ריבת תות שדה 400 גרם,גרמים,400.00,100 גרם,false,1,15.90,3.98,true,1,
4760068002274,false,ריבת חבושים 400 גרם  ביזים טארלה,אזרסטאן קאנד,AZ,ריבת חבושים 400 גרם,גרמים,400.00,100 גרם,false,1,15.90,3.98,true,1,
4760127700493,false,עוגת רולדה במילוי קרם בטעם טופי 150,,,עוגת רולדה במילוי קר,גרמים,150.00,100 גרם,false,1,5.90,3.93,true,1,
4760127700639,false,עוגת רולדה במילוי קרם בטעם חלב 150,,,עוגת רולדה במילוי קר,גרמים,150.00,100 גרם,false,1,5.90,3.93,true,1,
4770237051804,false,חטיף גבינה וניל 45 גר,,,חטיף גבינה וניל 45 ג,גרמים,4500.00,100 גרם,false,1,4.50,0.10,true,1,
4770237051811,false,חטיף גבינה עם ריבת חלב 45 גר,,,חטיף גבינה עם ריבת ח,גרמים,4500.00,100 גרם,false,1,4.50,0.10,true,1,
4770237051828,false,חטיף גבינה תות שדה 45 גר,,,חטיף גבינה תות שדה 4,גרמים,4500.00,100 גרם,false,1,4.50,0.10,true,1,
4770237051842,false,חטיף גבינה בטעם שוקולד 45 גר,,,חטיף גבינה בטעם שוקו,גרמים,4500.00,100 גרם,false,1,4.50,0.10,true,1,
4770237055055,false,שמנת 30% 200 גר,,,30% 200 גר SMETANKA,גרמים,200.00,100 גרם,false,1,11.90,5.95,true,1,
4770265046452,false,גבינה מותכת 28% סבליה 185 גר,,LT,גבינה מותכת 28% סבלי,גרמים,185.00,100 גרם,false,1,20.90,11.30,true,1,
4770265046568,false,דייסת אורז עם משמש 200 גר,,,דייסת אורז עם משמש,גרמים,200.00,100 גרם,false,1,8.30,4.15,true,1,
4770265046575,false,דייסת סולת עם תותי בר 200 גר,,,דייסת סולת תותי בר,גרמים,200.00,100 גרם,false,1,8.30,4.15,true,1,
4770265213786,false,משקה חלב ריזנקה 500 מל,,,משקה חלבי ריזנקה 500,מיליליטרים,500.00,"100 מ""ל",false,1,11.90,2.38,true,1,
4770265214752,false,יוגורט יווני 200 גר,,,יוגורט יווני 200 גר,גרמים,200.00,100 גרם,false,1,10.90,5.45,true,1,
4770265219535,false,גבינה אנגולי מעושנת 150 גר גורמן,,,גבינה אנגולי מעושנת,גרמים,150.00,100 גרם,false,1,12.90,8.60,true,1,
4770275049580,false,טבורוג 5% סבליה 370 גר,,,טבורוג אנלוגי סבליה,גרמים,370.00,100 גרם,false,1,20.90,5.65,true,1,
4770275049597,false,טבורוג 5% סבליה 900 גר,,,טבורוג אנלוגי סבליה,גרמים,900.00,100 גרם,false,1,43.90,4.88,true,1,
4770275049603,false,טבורוג 9% סבליה 370 גר,,,טבורוג אנלוגי 9% סבל,גרמים,370.00,100 גרם,false,1,20.90,5.65,true,1,
4770337046748,false,גבינה פרמזן PARNIDZIO 200 גר,,IL,גבינה פרמזן PARNIDZI,גרמים,200.00,100 גרם,false,1,26.50,13.25,true,1,
4770337047431,false,תחליף גבינה 150 גר SVALIA,,,גבינה אנלוגי  150 גר,גרמים,150.00,100 גרם,false,1,12.90,8.60,true,1,
4770337047448,false,תחליף גבינה 150 גר DRAVO,,,גבינה אנלוגי  150 גר,גרמים,150.00,100 גרם,false,1,12.90,8.60,true,1,
4770337047455,false,תחליף גבינה רוסיסקי 150 גר,,,גבינה אנלוגי רוסיסקי,גרמים,150.00,100 גרם,false,1,12.90,8.60,true,1,
4770337047530,false,תחליף גבינה סבליה 240 גר,,,SVALIA גבינה אנלוגי,גרמים,240.00,100 גרם,false,1,18.90,7.88,true,1,
4770583219194,false,כרוב כבוש עם חמוציות 900 גרם,,,כרוב כבוש עם חמוציות,גרמים,900.00,100 גרם,false,1,17.90,1.99,true,1,
4770583228240,false,ממרח סלומון בטעם גריל 280 גר ZAKUSKA,,,ממרח סלומון בטעם גרי,גרמים,280.00,100 גרם,false,1,17.90,6.39,true,1,
4780030690292,false,AGROMIRמלפפונים בחומץ עם שום ושמיר 720מ,,,AGROMIRמלפפונים בחומ,גרמים,750.00,100 גרם,false,1,14.90,1.99,true,1,
4792032060454,false,"גרין קוקו - מי קוקוס אורגניים 330 מ""ל",,,גרין קוקו - מי קוקוס,מיליליטרים,330.00,"100 מ""ל",false,1,10.50,3.18,true,1,
4792252916531,false,תה אוריאנטל מורוזני 2*20 בזילור,,,תה אוריאנטל מורוזני,Unknown,0.00,Unknown,false,1,18.90,18.90,true,1,
4810065006987,false,חלב מרוכז ממותק דוי פק רוגציוב 380 גרם,,BY,חלב מרוכז ממותק דוי,גרמים,380.00,100 גרם,false,1,14.90,3.92,true,1,
4810065013121,false,חלב מרוכז ממותק דוי פק רוגציוב 280 גרם,,BY,חלב מרוכז ממותק דוי,גרמים,280.00,100 גרם,false,1,15.90,5.68,true,1,
4810168000998,false,חתיכות פילה הרינג מלוח מצונן בצל 260 גר,,,חתיכות פילה הרינג,גרמים,260.00,100 גרם,false,1,19.80,7.62,true,1,
4810168001056,false,חתיכות פילה הרינג מלוח מצונן 260 גר,,,חתיכות פילה הרינג,גרמים,260.00,100 גרם,false,1,19.80,7.62,true,1,
4810168001933,false,מקלות סורימי בטעם סרטן קפוא 200 גרם,,,מקלות סורימי בטעם סר,גרמים,200.00,100 גרם,false,1,7.70,3.85,true,1,
4810168001964,false,נתחי סורימי בטעם סרטן קפוא 200 גרם,,,נתחי סורימי בטעם סרט,גרמים,200.00,100 גרם,false,1,7.70,3.85,true,1,
4810168004132,false,ביצי דג טרוטונית אטלנטי מומלח מצונן 180,,,ביצי דג טרוטונית אטל,גרמים,180.00,100 גרם,false,1,18.80,10.44,true,1,
4810168004149,false,ביצי דג טרוטונית אטלנטי מעושן מצונן 180,,,ביצי דג טרוטונית אטל,גרמים,180.00,100 גרם,false,1,18.80,10.44,true,1,
4810168004156,false,ביצי דג טרוטונית אטלנטי סלמון מעושן 180ג,,,ביצי דג טרוטונית אטל,גרמים,180.00,100 גרם,false,1,18.80,10.44,true,1,
4810168016104,false,ביצי דג טרוטונית אטלנטי חסילונים 180 גר,,,ביצי דג טרוטונית אטל,גרמים,180.00,100 גרם,false,1,18.80,10.44,true,1,
4810168018795,false,חתיכות פילה הרינג מלוח 200 גר,,,חתיכות פילה הרינג מל,גרמים,200.00,100 גרם,false,1,15.60,7.80,true,1,
4810168020309,false,אצות ים מוחמצות 150 גר,,,אצות ים מוחמצות 150,גרמים,150.00,100 גרם,false,1,7.70,5.13,true,1,
4810168020361,false,אצות ים מוחמצות עם חצילים 150 גר,,,אצות ים מוחמצות עם ח,גרמים,150.00,100 גרם,false,1,7.70,5.13,true,1,
4810168020392,false,אצות ים מוחמצות גזר 150 גר,,,אצות ים מוחמצות גזר,גרמים,150.00,100 גרם,false,1,7.70,5.13,true,1,
4810168025793,false,ביצי דג זהבנון מומלח מצונן 130 גר,,,ביצי דג זהבנון מומלח,גרמים,130.00,100 גרם,false,1,17.70,13.62,true,1,
4810168031794,false,ביצי דג הרינג אטלנטי מומלח מצונן 110 גר,,,ביצי דג הרינג אטלנטי,גרמים,110.00,100 גרם,false,1,17.70,16.09,true,1,
4810168049966,false,בלינצס במילוי דובדבן מוקפא 360 גרם,,BY,בלינצס במילוי דובדבן,גרמים,360.00,100 גרם,false,1,15.40,4.28,true,1,
4820000455909,false,קואס טאראס 1.5 ל,,,קואס טאראס 1.5 ל,ליטרים,0.00,ליטר,false,1,17.90,17.90,true,1,
4820030561410,false,שעועית ברוטב עגבניות 540 גרם באבושקינה,,,שעועית ברוטב עגבניות,גרמים,540.00,100 גרם,false,1,13.90,2.57,true,1,
4820077081124,false,"שמן חמניות לא מזוכך גרנה 850 מ""ל",,,שמן חמניות לא מזוכך,מיליליטרים,850.00,"100 מ""ל",false,1,12.90,1.52,true,1,
4820077081148,false,"שמן חמניות מזוכך גרנה 850 מ""ל",,,שמן חמניות מזוכך גרנ,מיליליטרים,850.00,"100 מ""ל",false,1,12.90,1.52,true,1,
4820103341574,false,חלב מרוכז 370 גרם,,,חלב מרוכז 370 גרם,גרמים,370.00,100 גרם,false,1,12.90,3.49,true,1,
4820171991664,false,ורניק לסקה תפוח אדמה 900 גר,,,ורניק לסקה תפוח אדמה,גרמים,900.00,100 גרם,false,1,25.90,2.88,true,1,
4820171993279,false,"קרפלך תפו""א ופטריות 900 גר",,,"קרפלך תפו""א ופטריות",גרמים,900.00,100 גרם,false,1,25.90,2.88,true,1,
4820179251593,false,איטריות רולטון בטעם בקר בבכוס 75 גרם,,,איטריות רולטון בטעם,גרמים,0.00,100 גרם,false,1,7.90,7.90,true,1,
4820179251616,false,איטריות רולטון בטעם עוף בבכוס 75 גרם,,,איטריות רולטון בטעם,גרמים,0.00,100 גרם,false,1,7.90,7.90,true,1,
4820179253726,false,איטריות רולטון להכנה מהירה עם פטריות 75,,,איטריות רולטון להכנה,גרמים,0.00,100 גרם,false,1,7.90,7.90,true,1,
4820179254013,false,פירה בטעם שמנת בכוס 40 גרם Rolton,Mareven Food Ukraine LLC,UA,פירה בטעם שמנת בכוס,גרמים,40.00,100 גרם,false,1,5.90,14.75,true,1,
4820179254044,false,פירה בטעם עוף בכוס 40 גרם Rolton,Mareven Food Ukraine LLC,UA,פירה בטעם עוף בכוס 4,גרמים,40.00,100 גרם,false,1,5.90,14.75,true,1,
4820179254716,false,פירה  להכנה מהירה בטעם עוף בכוס 55 גר,,,פירה  להכנה מהירה בט,גרמים,55.00,100 גרם,false,1,9.90,18.00,true,1,
4820179255003,false,איטריות רולטון להכנה מהירה בטעם גבינה ו,,,איטריות רולטון להכנה,גרמים,0.00,100 גרם,false,1,7.90,7.90,true,1,
4820182740053,false,ציפס בטעם סרטן 70 גר,,,ציפס בטעם סרטן 70 גר,גרמים,70.00,100 גרם,false,1,8.90,12.71,true,1,
4820182740077,false,ציפס בטעם גבינה 70 גר,,,ציפס בטעם גבינה 70 ג,גרמים,70.00,100 גרם,false,1,8.90,12.71,true,1,
4820182740084,false,ציפס בטעם בקון 70 גר,,,ציפס בטעם בקון 70 גר,Unknown,0.00,Unknown,false,1,8.90,8.90,true,1,
4820182742019,false,ציפס בטעם כנפיים ברביקיו 70 גר פלינט,,,ציפס כנפיים ברביקיו,גרמים,70.00,100 גרם,false,1,8.90,12.71,true,1,
4820185230230,false,גלידה משפחתית לאסקה וניל 1 קג,,,גלידה משפחתית לאסקה,גרמים,1000.00,100 גרם,false,1,36.90,3.69,true,1,
4820185231978,false,גלידה פלומביר בלרוסקי 600 גר,,,גלידה פלומביר בלרוסק,גרמים,600.00,100 גרם,false,1,32.90,5.48,true,1,
4820185233330,false,גלידה משפחתית לאסקה תות 1 קג,,,גלידה משפחתית לאסקה,גרמים,1000.00,100 גרם,false,1,36.90,3.69,true,1,
4820199870019,false,סושקה וניל בקק 300 גר,,,סושקה וניל בקק 300 ג,גרמים,300.00,100 גרם,false,1,8.50,2.83,true,1,
4820217240114,false,חמאה 82.5% פרמה 200 גר,,UA,חמאה 82.5% פרמה 200,גרמים,200.00,100 גרם,false,1,7.80,3.90,true,1,
4823006802401,false,אדגיקה חריפה נזין 450 גרם,,,אדגיקה חריפה נזין 45,גרמים,450.00,100 גרם,false,1,16.90,3.76,true,1,
4823077608513,false,סוכריות קורובקה 205 גרם רושן,,,סוכריות קורובקה 205,גרמים,205.00,100 גרם,false,1,6.90,3.37,true,1,
4823077613203,false,שוקולד רושן מריר + פונדוק שלם 90 גר רושן,,,שוקולד רושן מריר + פ,גרמים,90.00,100 גרם,false,1,7.90,8.78,true,1,
4823077613630,false,באטונציק קרם ברולה 43 גר רושן,,,באטונציק קרם ברולה 4,גרמים,43.00,100 גרם,false,1,3.90,9.07,true,1,
4823077614699,false,ביסקוויט וניל 185 גר רושן,,,ביסקוויט וניל 185 גר,גרמים,185.00,100 גרם,false,1,3.90,2.11,true,1,
4823077614767,false,שוקולד רושן חלב נוגט בטעם אגוזי לוז 90 ג,,,שוקולד רושן חלב נוגט,גרמים,90.00,100 גרם,false,1,4.90,5.44,true,1,
4823077614804,false,שוקולד חלב נוגט וניל 90 גרם רושן,,,שוקולד חלב נוגט וניל,גרמים,90.00,100 גרם,false,1,4.90,5.44,true,1,
4823077618161,false,וופל רול קונאפטו חלב רושן 140 גר,,,וופל רול קונאפטו חלב,גרמים,140.00,100 גרם,false,1,6.90,4.93,true,1,
4823077618901,false,בונבוניירה שוטרס רום ליקר 150 גר,,,בונבוניירה שוטרס רום,גרמים,150.00,100 גרם,false,1,14.90,9.93,true,1,
4823077618918,false,בונבוניירה שוטרס ברנדי ליקר 150 גר,,,בונבוניירה שוטרס ברנ,גרמים,150.00,100 גרם,false,1,14.90,9.93,true,1,
4823077621154,false,באטונציק 43 גר רושן,,,באטונציק 43 גר רושן,גרמים,43.00,100 גרם,false,1,3.90,9.07,true,1,
4823077624261,false,גילי בוני פרוט 200 גר BERRY MIX,,,גילי בוני פרוט 200 ג,גרמים,200.00,100 גרם,false,1,6.90,3.45,true,1,
4823077625145,false,בונבוניירה רושן דובדבן בליקר דובדבן 155,,UA,בונבוניירה רושן דובד,גרמים,155.00,100 גרם,false,1,14.90,9.61,true,1,
4823077625589,false,וופל וואפרס חלב רושן 216 גר,,UA,וופל וואפרס חלב רושן,גרמים,216.00,100 גרם,false,1,6.90,3.19,true,1,
4823077625602,false,וופל וואפרס שוקולד רושן 216 גר,,UA,וופל וואפרס שוקולד ר,גרמים,216.00,100 גרם,false,1,6.90,3.19,true,1,
4823077626203,false,שוקולד אורירי מריר 80 גר רושן,,UA,שוקולד אורירי מריר 8,גרמים,80.00,100 גרם,false,1,6.90,8.63,true,1,
4823077626227,false,שוקולד אורירי חלב 80 גר רושן,,UA,שוקולד אורירי חלב 80,גרמים,80.00,100 גרם,false,1,6.90,8.63,true,1,
4823077626241,false,שוקולד אורירי לבן קרמל 80 גר רושן,,UA,שוקולד אורירי לבן קר,גרמים,80.00,100 גרם,false,1,6.90,8.63,true,1,
4823077626364,false,שוקולד אורירי לבן 80 גר רושן,,UA,שוקולד אורירי לבן 80,גרמים,80.00,100 גרם,false,1,6.90,8.63,true,1,
4823077631467,false,קרקר עם מלח ים רושן 168 גר,,,קרקר עם מלח ים רושן,גרמים,168.00,100 גרם,false,1,4.90,2.92,true,1,
4823077631856,false,וופל רול קונאפטו קוקוס 140 גר,,UA,וופל רול קונאפטו קוק,גרמים,140.00,100 גרם,false,1,6.90,4.93,true,1,
4823077631863,false,וופל רול קונאפטו וניל 140 גר,,UA,וופל רול קונאפטו וני,גרמים,140.00,100 גרם,false,1,6.90,4.93,true,1,
4823077632112,false,וופל בטעם קקאו חלב רושן 216 גר,,,וופל בטעם קקאו חלב ר,גרמים,216.00,100 גרם,false,1,6.90,3.19,true,1,
4823077632259,false,באטונציק קרם עם בוטנים 38 גר,,,באטונציק קרם עם בוטנ,גרמים,38.00,100 גרם,false,1,3.90,10.26,true,1,
4823077632594,false,שוקולד רושן חלב עם אגוז שלם  90 גר LACMI,,,שוקולד רושן חלב עם א,גרמים,90.00,100 גרם,false,1,7.90,8.78,true,1,
4823077633058,false,"גליליות וופל רושן ""קונאפטו"" אגוז 140 ג",,,"גליליות וופל רושן ""ק",גרמים,140.00,100 גרם,false,1,6.90,4.93,true,1,
4823077633317,false,עוגיות שוקולד עם חתיכות שוקולד 150 גר,,,עוגיות שוקולד עם חתי,גרמים,150.00,100 גרם,false,1,6.90,4.60,true,1,
4823077633324,false,עוגיות רושן עם חתיכות שוקולד 150 גר,,,עוגיות שוקוציפס  עם,גרמים,150.00,100 גרם,false,1,6.90,4.60,true,1,
4823077633331,false,עוגיות רושן עם בטעם תפוז 150 גר,,,עוגיות רושן עם בטעם,גרמים,150.00,100 גרם,false,1,6.90,4.60,true,1,
4823077633348,false,עוגיות רושן עם חתיכות בוטנים 150 גר,,,עוגיות רושן עם חתיכו,גרמים,150.00,100 גרם,false,1,6.90,4.60,true,1,
4823077633690,false,בונבוניירה רושן שוטרס ויסקי 150 גר,,,בונבוניירה רושן שוטר,גרמים,150.00,100 גרם,false,1,14.90,9.93,true,1,
4823077634178,false,עוגיות עם מילוי תפוח קינמון 168 גר LOVIT,,,עוגיות עם מילוי תפוח,גרמים,168.00,100 גרם,false,1,6.90,4.11,true,1,
4823077634192,false,עוגיות עם מילוי דובדבן וניל 168 גר LOVIT,,,עוגיות עם מילוי דובד,גרמים,168.00,100 גרם,false,1,6.90,4.11,true,1,
4823077634277,false,עוגיות תות שדה 135 גר LOVITA,,,עוגיות תות שדה 135 ג,גרמים,135.00,100 גרם,false,1,6.90,5.11,true,1,
4823077634741,false,עוגיות עם מילוי תות שדה  168 גר LOVITA,,,עוגיות עם מילוי תות,גרמים,168.00,100 גרם,false,1,6.90,4.11,true,1,
4823077635533,false,חטיף וופל רושן קרם חלב 350 גר,,,חטיף וופל רושן קרם ח,גרמים,350.00,100 גרם,false,1,18.90,5.40,true,1,
4823077636004,false,עוגיות קקאו דובדבן 135 גר LOVITA,,,עוגיות קקאו דובדבן 1,גרמים,135.00,100 גרם,false,1,6.90,5.11,true,1,
4823077636110,false,עוגיות תפוז 420 גר LOVITA,,,עוגיות תפוז 420 גר L,גרמים,420.00,100 גרם,false,1,18.90,4.50,true,1,
4823077636172,false,וופל רושן בטעם לימון 216 גר,,UA,וופל רושן בטעם לימון,גרמים,216.00,100 גרם,false,1,6.20,2.87,true,1,
4840008000987,false,סושקה וניל 500 גרם FRANZELUTA,,,סושקה וניל 500 גרם F,גרמים,500.00,100 גרם,false,1,11.00,2.20,true,1,
4840008008624,false,מיני סושקה לוביטלסקיה 500 גרם FRANZELUTA,,,מיני סושקה לוביטלסקי,גרמים,500.00,100 גרם,false,1,11.00,2.20,true,1,
4840008018319,false,דובשניות עם שזיף 400 גרם פרנצלוטה,,,דובשניות עם שזיף 400,גרמים,400.00,100 גרם,false,1,10.90,2.73,true,1,
4840008018333,false,דובשניות טעם דבש 400 גרם פרנצלוטה,,,דובשניות טעם דבש 400,גרמים,400.00,100 גרם,false,1,9.80,2.45,true,1,
4840008028028,false,פרנזלוטה צנימים עם צימוקים 200 גרם,,,פרנזלוטה צנימים עם צ,גרמים,200.00,100 גרם,false,1,8.30,4.15,true,1,
4840048000299,false,"ברנדי בליי איסט 500 מ""ל מולדובה",,,ברנדי בליי איסט 500,מיליליטרים,500.00,"100 מ""ל",false,1,72.90,14.58,true,1,
4850011110818,false,קונפיטורת דובדבנים 400 גר TAMARA,,,קונפיטורת דובדבנים 4,גרמים,400.00,100 גרם,false,1,26.50,6.63,true,1,
4860019001346,false,"מים מינרלים בורגומי 500 מ""ל",,,מים מינרלים בורגומי,מיליליטרים,500.00,"100 מ""ל",false,1,8.20,1.64,true,1,
4860019001414,false,"מים בורגומי 750 מ""ל",,,"מים בורגומי 750 מ""ל",מיליליטרים,750.00,"100 מ""ל",false,1,9.20,1.23,true,1,
4903001904192,false,"רוטב סויה יאמסה פרימיום 500 מ""ל",,,רוטב סויה יאמסה 500,מיליליטרים,500.00,"100 מ""ל",false,1,18.80,3.76,true,1,
4903001925784,false,"רוטב סויה יאמאסה פרמיום דל מלח 500 מ""ל",,,רוטב סויה יאמאסה פרמ,מיליליטרים,500.00,"100 מ""ל",false,1,18.80,3.76,true,1,
5000111001007,false,HP רוטב  255 גרם,,,HP רוטב  255 גרם,מיליליטרים,255.00,"100 מ""ל",false,1,16.50,6.47,true,1,
5000111047364,false,רוטב ברביקיו דבש 465 גרם,,NL,רוטב ברביקיו דבש 465,גרמים,465.00,100 גרם,false,1,18.90,4.06,true,1,
5000127163195,false,דגני ספיישל קיי 500 גרם,,,דגני ספיישל קיי 500,גרמים,500.00,100 גרם,false,1,27.20,5.44,true,1,
5000157143365,false,"מתבל בטעם מיונז וקטשופ 425 מ""ל",,PL,מתבל בטעם מיונז וקטש,מיליליטרים,425.00,"100 מ""ל",false,1,15.90,3.74,true,1,
5000159020312,false,מלטיזרס 37 גרם,,,מלטיזרס 37 גרם,גרמים,37.00,100 גרם,false,1,5.50,14.86,true,1,
5000159344074,false,מאגדת סניקרס 6 יח,,FR,מאגדת סניקרס 6 יח,Unknown,0.00,Unknown,false,1,29.90,29.90,true,1,
5000159382694,false,מארס עשירייה 450 גרם,,NL,מארס עשירייה 450 גרם,גרמים,450.00,100 גרם,false,1,27.90,6.20,true,1,
5000159382731,false,סניקרס 10*50 גרם,,,סניקרס 10*50 גרם,גרמים,500.00,100 גרם,false,1,27.90,5.58,true,1,
5000159382786,false,טוויקס  10*50 גרם,,,טוויקס  10*50 גרם,גרמים,500.00,100 גרם,false,1,27.90,5.58,true,1,
5000159397292,false,מאגדת מארס 6 יח,,FR,מאגדת מארס 6 יח,Unknown,0.00,Unknown,false,1,33.50,33.50,true,1,
5000159407236,false,חטיף מארס 51 גרם,,,חטיף מארס 51 גרם,גרמים,51.00,100 גרם,false,1,4.90,9.61,true,1,
5000159461122,false,חטיף סניקרס 50 גרם,,,חטיף סניקרס 50 גרם,גרמים,50.00,100 גרם,false,1,4.90,9.80,true,1,
5000159471510,false,אם אנד אם בוטנים 220 גרם,,FR,אם אנד אם בוטנים 220,גרמים,220.00,100 גרם,false,1,17.60,8.00,true,1,
5000159471794,false,אם אנד אם שוקולד 220 גרם,,BE,אם אנד אם שוקולד 220,גרמים,220.00,100 גרם,false,1,17.60,8.00,true,1,
5000159472029,false,אם אנד אם קריספי 213 גרם,,FR,אם אנד אם קריספי 213,גרמים,213.00,100 גרם,false,1,20.90,9.81,true,1,
5000159484695,false,מאגדת טוויקס 6 יח,,FR,מאגדת טוויקס 6 יח,Unknown,0.00,Unknown,false,1,29.90,29.90,true,1,
5000159543859,false,מלטיזרס שוקולד מריר 59 גרם,,,מלטיזרס שוקולד מריר,גרמים,59.00,100 גרם,false,1,10.90,18.47,true,1,
5000175411217,false,קוביות תיבול 71 גרם XO ירקות,,,קוביות תיבול 71 גרם,גרמים,71.00,100 גרם,false,1,18.80,26.48,true,1,
5000189363069,false,אפטר אייט 200 גר,,,אפטר אייט 200 גר,גרמים,200.00,100 גרם,false,1,16.90,8.45,true,1,
5000213000359,false,בירה גינס בקבוק 330 מל,,,בירה גינס בקבוק 330,מיליליטרים,330.00,"100 מ""ל",false,1,15.90,4.82,true,1,
5000232902450,false,שעועית אפויה 420 גר HP,,,שעועית אפויה 420 גר,גרמים,420.00,100 גרם,false,1,8.80,2.10,true,1,
5000267014234,false,"גוני ווקר אדום 700 מ""ל",,,מארז גוני ווקר אדום,מיליליטרים,750.00,"100 מ""ל",false,1,79.90,10.65,true,1,
5000267024233,false,"גוני ווקר שחור 40% 700 מ""ל",,,מארז גוני ווקר שחור,מיליליטרים,700.00,"100 מ""ל",false,1,114.90,16.41,true,1,
5000267116303,false,מארז וויסקי גוני ווקר דאבל בלק 700 מל,,,מארז וויסקי גוני ווק,מיליליטרים,700.00,"100 מ""ל",false,1,162.90,23.27,true,1,
5000289925440,false,"גין גורדון 700 מ""ל",,,"גין גורדון 700 מ""ל",מיליליטרים,700.00,"100 מ""ל",false,1,89.90,12.84,true,1,
5000394137486,false,מארז *4 סוללות דורסל אופטימום AA,,BE,מארז *4 סוללות דורסל,Unknown,0.00,Unknown,false,1,23.00,23.00,true,1,
5000394140820,false,סוללות דורסל פלוס פאוור AA שישיית,,BE,סוללות דורסל פלוס פא,יחידה,1.00,יחידה,false,1,18.60,18.60,true,1,
5000394141209,false,סוללות דורסל פלוס פאוור AAA שישיית,,BE,סוללות דורסל פלוס פא,יחידה,1.00,יחידה,false,1,18.60,18.60,true,1,
5000394203921,false,סוללות דורסל ליתיום זוג,,CN,סוללות דורסל ליתיום,Unknown,0.00,Unknown,false,1,19.80,19.80,true,1,
5000396037531,false,מקוויטיס ביסקוויט מצופה שוקולד חלב 200 ג,,,מקוויטיס ביסקוויט מצ,גרמים,200.00,100 גרם,false,1,13.20,6.60,true,1,
5000396037548,false,מקוויטיס ביסקוויט מצופה שוקולד מריר 200,,,מקוויטיס ביסקוויט מצ,גרמים,200.00,100 גרם,false,1,13.20,6.60,true,1,
5010035068383,false,פוקס-עוגיות שוק ציפס חצי-מצופות שוק 180ג,,,פוקס-עוגיות שוק ציפס,גרמים,180.00,100 גרם,false,1,12.50,6.94,true,1,
5010038454831,false,בירה בלו מון 330 מל בקבוק,,,בירה בלו מון 330 מל,מיליליטרים,330.00,"100 מ""ל",false,1,13.90,4.21,true,1,
5010265002836,false,רייויטה פת פריכה אורגינל שיפון 250 גרם,,,רייויטה פת פריכה אור,גרמים,250.00,100 גרם,false,1,13.90,5.56,true,1,
5010327000046,false,"וויסקי גראנטס  700 מ""ל",,,וויסקי גראנטס  700 מ,מיליליטרים,700.00,"100 מ""ל",false,1,84.90,12.13,true,1,
5010327000176,false,"וויסקי גלנפידיך מולט 12 שנה 700 מ""ל",,,וויסקי גלנפידיך מולט,מיליליטרים,700.00,"100 מ""ל",false,1,157.90,22.56,true,1,
5010494560282,false,וויסקי גלנמורנגי אוריגינל 10 שנים 700 מל,,,וויסקי גלנמורנגי אור,מיליליטרים,700.00,"100 מ""ל",false,1,152.90,21.84,true,1,
5010677551281,false,"בקרדי בריזר לימון 275 מ""ל",,,בקרדי בריזר לימון,מיליליטרים,275.00,"100 מ""ל",false,1,16.80,6.11,true,1,
5010677551397,false,"בקרדי בריזר לימון ליים 275 מ""ל",,,בקרדי בריזר לימון לי,מיליליטרים,275.00,"100 מ""ל",false,1,16.80,6.11,true,1,
5010677552387,false,"בקרדי בריזר אננס 275 מ""ל",,,בקרדי בריזר אננס 275,מיליליטרים,275.00,"100 מ""ל",false,1,16.80,6.11,true,1,
5010677554398,false,"בקרדי בריזר אבטיח 275 מ""ל",,,בקרדי בריזר אבטיח,מיליליטרים,275.00,"100 מ""ל",false,1,16.80,6.11,true,1,
5010677714006,false,"גין בומבאי ספייר 700 מ""ל",,,גין בומביי ספייר 700,מיליליטרים,700.00,"100 מ""ל",false,1,119.90,17.13,true,1,
5010909006121,false,היילנד עוגיות חמאה סקוטיות משולשות 125 ג,,GB,היילנד עוגיות חמאה ס,גרמים,125.00,100 גרם,false,1,6.90,5.52,true,1,
5011007003005,false,"וויסקי אירי גיימסון 700 מ""ל",,,וויסקי אירי גיימסון,גרמים,800.00,100 גרם,false,1,99.90,12.49,true,1,
5011013100132,false,"אייריש קרים בייליס 750 מ""ל",,,אייריש קרים בייליס 7,מיליליטרים,750.00,"100 מ""ל",false,1,94.90,12.65,true,1,
5011348016238,false,"בירה שיפיארד 500 מ""ל",,,"בירה שיפיארד 500 מ""ל",מיליליטרים,500.00,"100 מ""ל",false,1,18.90,3.78,true,1,
5011348023458,false,"בירה הובגובלין אי.פי.איי. פחית 500 מ""ל",,GB,בירה הובגובלין אי.פי,מיליליטרים,500.00,"100 מ""ל",false,1,17.90,3.58,true,1,
5011885003500,false,בירה פולרס לונדון פרייד 330 מל,,,בירה פולרס לונדון פר,מיליליטרים,330.00,"100 מ""ל",false,1,15.90,4.82,true,1,
5013965948428,false,משחת שיניים אורל בי פרואקספרט מנטה 75 מל,,DE,משחת שיניים אורל בי,מיליליטרים,75.00,"100 מ""ל",false,1,15.90,21.20,true,1,
5013967011557,false,"וויסקי טמנאוולין דאבל קאסק 700 מ""ל",,GB,וויסקי טמנאוולין דאב,מיליליטרים,700.00,"100 מ""ל",false,1,146.90,20.99,true,1,
5014271310428,false,מעדן סאנט דלפור דובדבנים ש 284 גר,,,מעדן סאנט דלפור דובד,גרמים,284.00,100 גרם,false,1,22.90,8.06,true,1,
5014271360423,false,מעדן סאנט דלפור תפוז 284 גר,,,מעדן סאנט דלפור תפוז,גרמים,284.00,100 גרם,false,1,22.90,8.06,true,1,
5014271400426,false,מעדן סאנט דלפור תות שדה 284 גר,,,מעדן סאנט דלפור תות,גרמים,284.00,100 גרם,false,1,22.90,8.06,true,1,
5014379009972,false,בירה לאגר באדוויזר פחית 500 מל,,GB,בירה לאגר באדוויזר פ,מיליליטרים,500.00,"100 מ""ל",false,1,9.50,1.90,true,1,
5017375033873,false,מיליונס סוכריות לעיסה תפוח 100 גרם,,,מיליונס סוכריות לעיס,גרמים,100.00,100 גרם,false,1,9.90,9.90,true,1,
5017375433895,false,מיליונס סוכריות לעיסה בטעם מסטיק 85 גרם,,,מיליונס סוכריות לעיס,גרמים,85.00,100 גרם,false,1,9.90,11.65,true,1,
5018357006755,false,תערובת דגנים 50% פירות ואגוזים 540 גרם,,,תערובת דגנים 50% פיר,גרמים,540.00,100 גרם,false,1,33.50,6.20,true,1,
5024546366609,false,"וויסקי 700 מ""ל LAUDERS SCOTCH",,,"וויסקי 700 מ""ל LAUDE",מיליליטרים,700.00,"100 מ""ל",false,1,89.90,12.84,true,1,
5024546366630,false,וויסקי לאודרס 1 ליטר SCOTCH,,,וויסקי לאודרס 1 ליטר,מיליליטרים,1000.00,"100 מ""ל",false,1,115.90,11.59,true,1,
5029053039725,false,ממחטות נייר קלינקס נטורל פרש קופסה 72 דף,,,ממחטות נייר קלינקס נ,Unknown,0.00,Unknown,false,1,12.90,12.90,true,1,
5029053510811,false,תחבושת קוטקס נורמל  +,,,תחבושת קוטקס נורמל,Unknown,0.00,Unknown,false,1,25.90,25.90,true,1,
5029054220085,false,מגבוני האגיס רך נולד 4 יח,,IL,מגבוני האגיס רך נולד,Unknown,0.00,Unknown,false,1,33.80,33.80,true,1,
5030544903081,false,גבינת עיזים 200 גרם,,,גבינת עיזים 200 גרם,גרמים,200.00,100 גרם,false,1,38.90,19.45,true,1,
5035766044673,false,"סיידר תפוחים סטרונגבאו בודד 330 מ""ל",,,סיידר תפוחים סטרונגב,מיליליטרים,330.00,"100 מ""ל",false,1,8.50,2.58,true,1,
5035766060253,false,מרפיס פחית 500 מל,,,"מרפיס פחית 500 מ""ל",מיליליטרים,500.00,"100 מ""ל",false,1,14.90,2.98,true,1,
5050974505259,false,רייויטה פת פריכה שיפון גרענים/דגנים 250,,,רייויטה פת פריכה שיפ,גרמים,250.00,100 גרם,false,1,13.90,5.56,true,1,
5050974505297,false,רייויטה פת פריכה שיפון מלא שומשום 250 גר,,,רייויטה פת פריכה שיפ,גרמים,250.00,100 גרם,false,1,13.90,5.56,true,1,
5056357905579,false,מארס טריפל טריט 128 גרם,,IE,מארס טריפל טריט 128,גרמים,227.00,100 גרם,false,1,17.90,7.89,true,1,
5056357905616,false,באונטי טריפל טריט 128 גרם,,IE,באונטי טריפל טריט 12,גרמים,227.00,100 גרם,false,1,17.90,7.89,true,1,
5056357906323,false,אם אנד אם קריספי חלבון 52 גרם,,,אם אנד אם קריספי חלב,גרמים,52.00,100 גרם,false,1,17.90,34.42,true,1,
5060108450003,false,"טוניק פיבר טרי 200 מ""ל",,,טוניק פיבר טרי 200 מ,מיליליטרים,200.00,"100 מ""ל",false,1,9.90,4.95,true,1,
5060122034401,false,"משקה מארס 350 מ""ל",,GB,"משקה מארס 350 מ""ל",מיליליטרים,350.00,"100 מ""ל",false,1,13.90,3.97,true,1,
5060122034487,false,"משקה באונטי 350 מ""ל",,,"משקה באונטי 350 מ""ל",גרמים,350.00,100 גרם,false,1,13.90,3.97,true,1,
5060122036849,false,"משקה סניקרס 350 מ""ל",,GB,"משקה סניקרס 350 מ""ל",מיליליטרים,350.00,"100 מ""ל",false,1,13.90,3.97,true,1,
5060323903933,false,הילפילד שעועית צ`ילי 400 גר,,,הילפילד שעועית צ`ילי,גרמים,400.00,100 גרם,false,1,9.10,2.28,true,1,
5060326870898,false,חטיף ציפס חלבון בטעם ברביקיו מתוק85 ג,,GB,חטיף ציפס חלבון בטעם,גרמים,85.00,100 גרם,false,1,10.40,12.24,true,1,
5060402900822,false,"משקה אם אנד אם שוקולד 350 מ""ל",,,משקה אם אנד אם שוקול,גרמים,350.00,100 גרם,false,1,13.90,3.97,true,1,
5060402900860,false,"משקה אם אנד אם בוטנים 350 מ""ל",,,משקה אם אנד אם בוטני,גרמים,350.00,100 גרם,false,1,13.90,3.97,true,1,
5060462260713,false,אצבעות וופל קרם קרמל מלוח מ.קרמל 45 גרם,,ES,אצבעות וופל קרם קרמל,גרמים,45.00,100 גרם,false,1,16.90,37.56,true,1,
5200132560150,false,"יין דומיין סבאניס, פייר ווינד רוזה 750",,GR,"יין דומיין סבאניס, פ",Unknown,0.00,Unknown,false,1,39.90,39.90,true,1,
5200132560167,false,"יין דומיין סבאניס, פייר ווינד לבן 750",,GR,"יין דומיין סבאניס, פ",Unknown,0.00,Unknown,false,1,39.90,39.90,true,1,
5200133120476,false,גליליות וופלים ממולא קרם אגוזים  400 גר,,,גליליות וופלים ממולא,גרמים,400.00,100 גרם,false,1,18.90,4.73,true,1,
5202175002451,false,"טורטיה 25 ס""מ 4 יח",,,"טורטיה 25 ס""מ",Unknown,0.00,Unknown,false,1,10.40,10.40,true,1,
5202302000039,false,זיתים שחורים טבעיים קלמטה 275 גרם,,,זיתים שחורים טבעיים,גרמים,275.00,100 גרם,false,1,28.90,10.51,true,1,
5202390021121,false,קרמי אוריגינל טבעוני ויולייף 150 גר,,GR,קרמי אוריגינל טבעוני,גרמים,150.00,100 גרם,false,1,19.90,13.27,true,1,
5208049001841,false,פאל מאל דמי קפסולה חפיסה,,,פאל מאל דמי קפסולה ח,Unknown,0.00,Unknown,false,1,26.00,26.00,true,1,
5410126006360,false,לוטוס עוגיות במילוי קרם לוטוס 150 גרם,,,לוטוס עוגיות במילוי,גרמים,150.00,100 גרם,false,1,9.90,6.60,true,1,
5410126037005,false,מאגדת גלידה לוטוס 4 יח 284 גר,,BE,מאגדת גלידה לוטוס 4,Unknown,0.00,Unknown,false,1,43.90,43.90,true,1,
5410126297003,false,מארז גלידת לוטוס שוקולד לבן על מקל 284 ג,,BE,מארז גלידת לוטוס שוק,גרמים,284.00,100 גרם,false,1,43.90,15.46,true,1,
5410126666038,false,עוגיות לוטוס 279 גרם,,BE,עוגיות לוטוס 279 גרם,גרמים,279.00,100 גרם,false,1,14.60,5.23,true,1,
5410126716016,false,ביסקויט קרמל לוטוס 250 גר,,,ביסקויט קרמל לוטוס 2,גרמים,250.00,100 גרם,false,1,12.90,5.16,true,1,
5410228141266,false,"בירה סטלה ארטואה 330 מ""ל",,,בירה סטלה ארטואה 330,מיליליטרים,330.00,"100 מ""ל",false,1,6.90,2.09,true,1,
5410228144755,false,"בירה סטלה ארטואה שישייה בקבוק 330 מ""ל",,,שישיית סטלה ארטואה,מיליליטרים,1980.00,"100 מ""ל",false,1,36.90,1.86,true,1,
5410228267508,false,בירה לאגר באדוויזר 330 מל,,GB,בירה לאגר באדוויזר 3,מיליליטרים,330.00,"100 מ""ל",false,1,7.90,2.39,true,1,
5410228267515,false,"שישיית בירה לאגר באדוויזר 6*330 מ""ל",,GB,שישיית בירה לאגר באד,מיליליטרים,1980.00,"100 מ""ל",false,1,38.90,1.96,true,1,
5410316983693,false,"סמירנוף אייס בודד 275 מ""ל",,,סמירנוף אייס בודד 27,מיליליטרים,275.00,"100 מ""ל",false,1,13.90,5.05,true,1,
5410316994019,false,"סמירנוף אדום 700 מ""ל",,,"סמירנוף אדום 700 מ""ל",מיליליטרים,700.00,"100 מ""ל",false,1,59.90,8.56,true,1,
5410358453024,false,הריבו מרשמלו אקזוטי 175 גרם,,BE,הריבו מרשמלו אקזוטי,גרמים,175.00,100 גרם,false,1,9.30,5.31,true,1,
5410358453116,false,הריבו- מרשמלו מיקס 175 גרם,,BE,הריבו- מרשמלו מיקס 1,גרמים,175.00,100 גרם,false,1,9.30,5.31,true,1,
5410481080043,false,קרלייר-נוגט פירות יער 100 גר,,BE,קרלייר-נוגט פירות יע,גרמים,100.00,100 גרם,false,1,16.40,16.40,true,1,
5410481080180,false,קרלייר-נוגט תות פיסטוק וקקאו 100 גר,,BE,קרלייר-נוגט תות פיסט,גרמים,100.00,100 גרם,false,1,16.40,16.40,true,1,
5410769100081,false,"בירה לה שוף 330 מ""ל בקבוק",,,"בירה לה שוף 330 מ""ל",מיליליטרים,330.00,"100 מ""ל",false,1,17.90,5.42,true,1,
5410769800097,false,"בירה לה  צרי שוף 8% 330 מ""ל בקבוק",,,בירה לה  צרי שוף 8%,מיליליטרים,330.00,"100 מ""ל",false,1,17.90,5.42,true,1,
5410976826019,false,שוקולד מריר 72% 100 גר גיליאן,,BE,שוקולד מריר 72% 100,גרמים,100.00,100 גרם,false,1,16.90,16.90,true,1,
5411081003654,false,"בירה קסטיל רוז 330 מ""ל",,,בירה קסטיל רוז 330 מ,מיליליטרים,330.00,"100 מ""ל",false,1,12.90,3.91,true,1,
5411081008192,false,"בירה קסטיל רוז 330 מ""ל פחית",,,בירה קסטיל רוז 330 מ,מיליליטרים,330.00,"100 מ""ל",false,1,12.90,3.91,true,1,
5411081008567,false,"בירה קסטיל נואר (פורטר) נייטרו 300 מ""ל",,,בירה קסטיל נואר (פור,מיליליטרים,330.00,"100 מ""ל",false,1,15.90,4.82,true,1,
5411188080268,false,אלפרו סויה אורגני  אלפרו 1 ליטר,,,אלפרו סויה אורגני  א,מיליליטרים,1000.00,"100 מ""ל",false,0,17.50,1.75,true,1,
5411188081852,false,אלפרו סויה בטעם וניל 1 ליטר,,,אלפרו סויה בטעם וניל,מיליליטרים,1000.00,"100 מ""ל",false,1,17.50,1.75,true,1,
5411188110835,false,אלפרו משקה שקדים 1 ליטר,,,אלפרו משקה שקדים 1 ל,מיליליטרים,1000.00,"100 מ""ל",false,1,15.90,1.59,true,1,
5411188112709,false,אלפרו משקה שקדים ללא סוכר 1 ליטר,,,אלפרו משקה שקדים ללא,מיליליטרים,1000.00,"100 מ""ל",false,1,15.90,1.59,true,1,
5411188115472,false,אלפרו משקה סויה 1 ליטר,,BE,אלפרו משקה סויה 1 לי,מיליליטרים,1000.00,"100 מ""ל",false,1,14.90,1.49,true,1,
5411188120742,false,אלפרו משקה שקדים בטעם וניל 1 ליטר,,,אלפרו משקה שקדים בטע,מיליליטרים,1000.00,"100 מ""ל",false,1,15.90,1.59,true,1,
5411188121923,false,"שלישיות סויה סידן 750 מ""ל",,,שלישיות אלפרו סויה ב,מיליליטרים,750.00,"100 מ""ל",false,1,15.90,2.12,true,1,
5411188121978,false,"שלישיות סויה סידן 750 מ""ל",,,שלישיות אלפרו סויה ש,מיליליטרים,750.00,"100 מ""ל",false,1,15.90,2.12,true,1,
5411188122586,false,"אלפרו משקה שקדים 250 מ""ל",,,אלפרו משקה שקדים 250,מיליליטרים,250.00,"100 מ""ל",false,1,6.90,2.76,true,1,
5411188124726,false,אלפרו משקה שיבולת שועל שקדים 1 ליטר,,,אלפרו משקה שיבולת שו,מיליליטרים,1000.00,"100 מ""ל",false,1,15.90,1.59,true,1,
5411188127697,false,אלפרו בריסטה משקה שיבולת שועל 1 ליטר,,BE,אלפרו בריסטה משקה שי,מיליליטרים,1000.00,"100 מ""ל",false,1,16.90,1.69,true,1,
5411223030081,false,"בירה לינדמנס קריק דובדבנים 250 מ""ל",,,בירה לינדמנס דובדבני,מיליליטרים,250.00,"100 מ""ל",false,1,15.90,6.36,true,1,
5411616002190,false,"בירה STRONG מרטינס  8.5% כהל 500 מ""ל",,,בירה STRONG מרטינס,מיליליטרים,500.00,"100 מ""ל",false,1,8.90,1.78,true,1,
5411616133245,false,"בירה מרטנס 500 מ""ל-פחית",,,"בירה מרטנס 500 מ""ל-פ",מיליליטרים,500.00,"100 מ""ל",false,1,7.90,1.58,true,1,
5411616148546,false,"בירה מרטינס גולד 500 מ""ל-פחית",,,בירה מרטינס גולד 500,מיליליטרים,500.00,"100 מ""ל",false,1,7.90,1.58,true,1,
5411681014005,false,בירה דובל 330 מל,,,"בירה דובל 330 מ""ל",מיליליטרים,330.00,"100 מ""ל",false,1,16.90,5.12,true,1,
5413121355075,false,שוקולד בלגי מריר עם תפוז פרסטיז 100 גרם,,,שוקולד בלגי מריר עם,גרמים,100.00,100 גרם,false,1,14.50,14.50,true,1,
5413121356737,false,"BCG שוקולד מריר ללת""ס 100 גר",,,"BCG שוקולד מריר ללת""",גרמים,100.00,100 גרם,false,1,18.50,18.50,true,1,
5413121359981,false,"בלגיאן שוקולד ללת""ס חלב אגוזים  100 גר",,,"בלגיאן שוקולד ללת""ס",גרמים,100.00,100 גרם,false,1,22.90,22.90,true,1,
5414145035622,false,וויסקי בורבון קנטקי גק 1 ליטר,,,וויסקי בורבון קנטקי,מיליליטרים,1000.00,"100 מ""ל",false,1,130.90,13.09,true,1,
5420066330203,false,ביאנקה טרופל קקאו באריזת זהב 175 גר,,,ביאנקה טרופל קקאו בא,גרמים,175.00,100 גרם,false,1,14.90,8.51,true,1,
5420066384084,false,שוקולד מריר 72% ביאנקה 100 גר,,,שוקולד מריר 72% ביאנ,גרמים,100.00,100 גרם,false,1,10.50,10.50,true,1,
5449000098917,false,"קוקה קולה וניל 330 מ""ל",,,קוקה קולה וניל 330 מ,מיליליטרים,330.00,"100 מ""ל",false,1,5.90,1.79,true,1,
5600286004089,false,תפוחונים חמצמץ אורגני 40 גרם,,PT,תפוחונים חמצמץ אורגנ,גרמים,40.00,100 גרם,false,1,8.50,21.25,true,1,
5601008200444,false,עוגיות טבעת מצופה שוק. חלב 150 גר גודיס,,,עוגיות טבעת מצופה שו,גרמים,150.00,100 גרם,false,1,11.40,7.60,true,1,
5601008200468,false,עוגיות טבעת מצופה שוק. לבן 150 גר גודיס,,,עוגיות טבעת מצופה שו,גרמים,150.00,100 גרם,false,1,11.40,7.60,true,1,
5601012837636,false,"יין סילק אנד ספייס אדום 750 מ""ל",,,יין סילק אנד ספייס א,Unknown,0.00,Unknown,false,1,65.90,65.90,true,1,
5601045300022,false,משקה גוארנה  אנטרטיקה פחית 355 מל,,,משקה גוארנה  אנטרטיק,מיליליטרים,356.00,"100 מ""ל",false,1,6.90,1.94,true,1,
5604912415041,false,סרדינים בשמן חמניה פורטוס 125 גרם,,PT,סרדינים בשמן חמניה פ,גרמים,125.00,100 גרם,false,1,7.50,6.00,true,1,
5604912415058,false,סרדינים בשמן חמניה חריף פורטוס 125 גרם,,PT,סרדינים בשמן חמניה ח,גרמים,125.00,100 גרם,false,1,7.50,6.00,true,1,
5604912425057,false,מקרלים בשמן חמניה חריף פורטוס 125 גרם,,PT,מקרלים בשמן חמניה חר,גרמים,125.00,100 גרם,false,1,7.50,6.00,true,1,
5701932026964,false,הוט פופ מלוח 600 גרם,,,הוטפופ מלוח 600 גרם,גרמים,600.00,100 גרם,false,1,16.90,2.82,true,1,
5701932026971,false,הוטפופ חמאה 600 גרם,,,הוטפופ חמאה 600 גרם,גרמים,600.00,100 גרם,false,1,16.90,2.82,true,1,
5710840209437,false,טבק באלי נטוראל 40 גרם,,,טבק באלי נטוראל 40 ג,Unknown,0.00,Unknown,false,1,95.90,95.90,true,1,
5710840210013,false,טבק באלי לבן 40 גרם,,,טבק באלי לבן 40 גרם,Unknown,0.00,Unknown,false,1,95.90,95.90,true,1,
5740900403215,false,ממרח לורפק עם מלח 250 גר,,DK,ממרח לורפק עם מלח 25,גרמים,250.00,100 גרם,false,1,17.90,7.16,true,1,
5740900403260,false,ממרח לורפק ללא מלח מופחת שומן 250 גר,,DK,ממרח לורפק ללא מלח מ,גרמים,250.00,100 גרם,false,1,19.90,7.96,true,1,
5760466976282,false,"משקה סטארבקס וניל 250 מ""ל",,DK,משקה סטארבקס וניל 25,מיליליטרים,250.00,"100 מ""ל",false,1,14.60,5.84,true,1,
5760466976350,false,"משקה סטארבקס מוקה 250 מ""ל",,DK,משקה סטארבקס מוקה 25,מיליליטרים,250.00,"100 מ""ל",false,1,14.60,5.84,true,1,
5774540984254,false,אנטון ברג-מרציפן משמש בברנדי 220 גר,,,אנטון ברג-מרציפן משמ,גרמים,220.00,100 גרם,false,1,43.90,19.95,true,1,
5900020015174,false,פיטנס חטיף דגנים שוקולד 141 גרם,,,פיטנס חטיף דגנים שוק,גרמים,141.00,100 גרם,false,1,18.90,13.40,true,1,
5900020026552,false,האני נאט ציריוס מלחמת הכוכבים 625 גרם,,,האני נאט ציריוס מלחמ,גרמים,625.00,100 גרם,false,1,27.90,4.46,true,1,
5900020034021,false,פיטנס בר דליס שוקולד בננה  8*23.5 גרם,,PL,פיטנס בר דליס שוקולד,גרמים,188.00,100 גרם,false,1,18.90,10.05,true,1,
5900020034991,false,קראנץ צדפים בטעם שוקולד 450 גרם,,,קראנץ צדפים בטעם שוק,גרמים,450.00,100 גרם,false,1,27.90,6.20,true,1,
5900020037916,false,צריוס שיבולת שועל 375 גרם,,FR,צריוס שיבולת שועל 37,גרמים,375.00,100 גרם,false,1,20.90,5.57,true,1,
5900020039132,false,ציריוס שיבולת שועל תפוח קינמון 320 גרם,,,ציריוס שיבולת שועל ת,גרמים,320.00,100 גרם,false,1,21.90,6.84,true,1,
5901008000991,false,שימורי עגבניות כבושות 660 גר POLAN,,,שימורי עגבניות כבושו,גרמים,660.00,100 גרם,false,1,12.50,1.89,true,1,
5901008990100,false,פרוסות מלפפון ופלפל 850 גר POLAN,,PL,פרוסות מלפפון ופלפל,גרמים,850.00,100 גרם,false,1,13.90,1.64,true,1,
5901008990322,false,שימורי פטיסונים מוחמצים 860 גר POLAN,,,שימורי פטיסונים מוחמ,גרמים,860.00,100 גרם,false,1,18.60,2.16,true,1,
5901008990339,false,פרוסות מלפפונים מוחמצים 660 גר POLAN,,,פרוסות מלפפונים מוחמ,גרמים,660.00,100 גרם,false,1,16.30,2.47,true,1,
5901008990407,false,שימורי מלפפונים מוחמצים 860 גר POLAN,,,שימורי מלפפונים מוחמ,גרמים,860.00,100 גרם,false,1,18.80,2.19,true,1,
5901008990599,false,מלפפונים קורנישונים מוחמצים 860 גר POLAN,,,מלפפונים קורנישונים,גרמים,860.00,100 גרם,false,1,19.80,2.30,true,1,
5901041003003,false,"וודקה בלוודר 700 מ""ל",,,"וודקה בלוודר 700 מ""ל",מיליליטרים,700.00,"100 מ""ל",false,1,109.90,15.70,true,1,
5901669485663,false,ברון שוקולד מריר תפוז 100 גרם,,PL,ברון שוקולד מריר תפו,גרמים,100.00,100 גרם,false,1,9.90,9.90,true,1,
5902198160403,false,"XL TEN משקה אנרגיה ללא סוכר 250 מ""ל",,,XL TEN משקה אנרגיה,מיליליטרים,250.00,"100 מ""ל",false,1,4.90,1.96,true,1,
5902581689344,false,ברון שוקולד מריר 70% עם קפה 100 גרם,,PL,ברון שוקולד מריר 70%,גרמים,100.00,100 גרם,false,1,9.90,9.90,true,1,
5902808786672,false,"טורטילאב-דפי טורטייה 20 ס""מ 320 גרם",,PL,טורטילאב-דפי טורטייה,גרמים,320.00,100 גרם,false,1,11.50,3.59,true,1,
5904358560009,false,ברון שוקולד מריר 72% 126 גרם,,PL,ברון שוקולד מריר 72%,גרמים,126.00,100 גרם,false,1,13.90,11.03,true,1,
5904358560023,false,ברון ש. מריר עם חתיכות פטל 126 גרם,,PL,ברון שוקולד מריר עם,גרמים,126.00,100 גרם,false,1,13.90,11.03,true,1,
5906485301012,false,"משקה אנרגיה XL פחית 250 מ""ל",,,משקה אנרגיה XL פחית,מיליליטרים,250.00,"100 מ""ל",false,1,4.90,1.96,true,1,
5941000025585,false,"חטיפי תפ""א הגל טעם פלפל חריף  לייס 130 ג",,RO,"חטיפי תפ""א הגל טעם פ",גרמים,130.00,100 גרם,false,1,18.90,14.54,true,1,
5941000025615,false,"חטיפי תפ""א בטעם גבינה של לייס 140 גר",,RO,"חטיפי תפ""א בטעם גבינ",גרמים,140.00,100 גרם,false,1,18.90,13.50,true,1,
5997010301010,false,מחית פפריקה מתוקה  70 גרם,,HU,מחית פפריקה מתוקה  7,גרמים,70.00,100 גרם,false,1,12.90,18.43,true,1,
5998710131877,false,בונבונטי חטיף דובדבן בשוקולד 36 גרם,,HU,בונבונטי חטיף דובדבן,גרמים,36.00,100 גרם,false,1,4.40,12.22,true,1,
6001452301862,false,יין נידרברג קברנה סוביניון 750 מל,,,יין נידרברג קברנה סו,Unknown,0.00,Unknown,false,1,60.90,60.90,true,1,
6009900532684,false,"יין קייפ גואל שרדונה ריזרב 750 מ""ל",,ZA,יין קייפ גואל שרדונה,Unknown,0.00,Unknown,false,1,48.90,48.90,true,1,
6009900532769,false,"יין קייפ גואל רוזה ריזרב 750 מ""ל",,ZA,יין קייפ גואל רוזה ר,Unknown,0.00,Unknown,false,1,48.90,48.90,true,1,
6009900532776,false,"יין קייפ גואל שנין בלאן ריזרב 750 מ""ל",,ZA,יין קייפ גואל שנין ב,Unknown,0.00,Unknown,false,1,48.90,48.90,true,1,
6111094000013,false,קוסקוס מרוקאי בינוני 1 קג,,,קוסקוס מרוקאי בינוני,גרמים,1000.00,100 גרם,false,1,19.50,1.95,true,1,
6111094000198,false,קוסקוס דארי דק 350 גרם,,,קוסקוס דארי דק 350 ג,גרמים,360.00,100 גרם,false,1,7.30,2.03,true,1,
6910191800287,false,אצות נורי בלו 10 דפים,,,אצות נורי בלו 10 דפי,Unknown,0.00,Unknown,false,1,13.90,13.90,true,1,
6912977000140,false,אטריות שעועית דקות 250 גרם,,,אטריות שעועית דקות 2,גרמים,250.00,100 גרם,false,1,9.90,3.96,true,1,
6921052701001,false,אצות ווקאמה 40 גרם,,,אצות ווקאמה 40 גרם,גרמים,40.00,100 גרם,false,1,10.50,26.25,true,1,
6922276100083,false,מחית וואסבי - חזרת 43 גרם דליאן,,,מחית וואסבי - חזרת 4,גרמים,43.00,100 גרם,false,1,10.50,24.42,true,1,
6934731210138,false,אטריות טריות עבות 200 גרם,,CN,אטריות טריות עבות 20,גרמים,200.00,100 גרם,false,1,8.30,4.15,true,1,
6936745600783,false,חומץ אורז מיצוקאן 500 מל,,,חומץ אורז מיצוקאן 50,מיליליטרים,500.00,"100 מ""ל",false,1,17.90,3.58,true,1,
7290000000112,false,ברוקומיני,,,ברוקומיני,Unknown,0.00,Unknown,false,1,19.90,19.90,true,1,
7290000000374,false,פטריות,,,פטריות,Unknown,0.00,Unknown,false,1,12.90,12.90,true,1,
7290000000603,false,בצל ירוק,,,בצל ירוק,Unknown,0.00,Unknown,false,1,6.90,6.90,true,1,
7290000000608,false,חסה ערבית,,,חסה ערבית,Unknown,0.00,Unknown,false,1,6.90,6.90,true,1,
7290000000617,false,שורש -פטרוזילה,,,שורש -פטרוזילה,Unknown,0.00,Unknown,false,1,5.90,5.90,true,1,
7290000000632,false,שום,,,שום ברשת,Unknown,0.00,Unknown,false,1,12.90,12.90,true,1,
7290000000641,false,אננס טרי,,,אננס טרי,Unknown,0.00,Unknown,false,1,44.90,44.90,true,1,
7290000000707,false,פטל,,,פטל,Unknown,0.00,Unknown,false,1,29.90,29.90,true,1,
7290000000751,false,שום ברשת,,,שום ברשת,Unknown,0.00,Unknown,false,1,12.90,12.90,true,1,
7290000001104,false,פטריות פרטובלה,,,פטריות פרטובלה,Unknown,0.00,Unknown,false,1,14.90,14.90,true,1,
7290000001261,false,נבטים,,,נבטים,Unknown,0.00,Unknown,false,1,11.90,11.90,true,1,
7290000009977,false,משלוח,,,משלוח,Unknown,0.00,Unknown,false,1,29.90,29.90,true,1,
7290000040042,false,יופלה תות 3% 150 גר,,,יופלה תות 3% 150 גרם,גרמים,150.00,100 גרם,false,1,5.40,3.60,true,1,
7290000040066,false,יופלה דובדבן 3%  150 גר,,,יופלה דובדבן 3%  150,גרמים,150.00,100 גרם,false,1,5.40,3.60,true,1,
7290000040080,false,יופלה אפרסק 3% 150 גר,,,יופלה אפרסק 3% 150 ג,גרמים,150.00,100 גרם,false,1,5.40,3.60,true,1,
7290000040974,false,חלב טרי דל לקטוז 1 ל,,,חלב טרי דל לקטוז 1 ל,מיליליטרים,1000.00,"100 מ""ל",false,1,7.20,0.72,true,1,
7290000041858,false,"שמנת חמוצה 15% 200 מ""ל",,,שמנת חמוצה 15% 200 מ,מיליליטרים,200.00,"100 מ""ל",false,1,2.90,1.45,true,1,
7290000042435,false,חלב דל שומן בקרטון+פקק 1 ליטר 1%,,,חלב דל שומן בקרטון,מיליליטרים,1000.00,"100 מ""ל",false,1,5.86,0.59,true,1,
7290000042640,false,"חלב עמיד 3% 250 מ""ל",,,"חלב עמיד 3% 250 מ""ל",מיליליטרים,250.00,"100 מ""ל",false,1,2.90,1.16,true,1,
7290000043814,false,"שמנת עמידה להקצפה 38% 250 מ""ל",,,שמנת עמידה להקצפה 38,גרמים,250.00,100 גרם,false,1,6.47,2.59,true,1,
7290000043890,false,רויון 1.5% 1 ליטר,,,רויון 1.5% 1 ליטר,מיליליטרים,1000.00,"100 מ""ל",false,1,12.00,1.20,true,1,
7290000045573,false,גבינה מותכת נעמה 200 גרם,,,גבינה מותכת נעמה 200,גרמים,200.00,100 גרם,false,1,15.90,7.95,true,1,
7290000046327,false,גבינת גלבוע פרוס 200 גרם,,,גבינת גלבוע פרוס 200,גרמים,200.00,100 גרם,false,1,14.50,7.25,true,1,
7290000047546,false,גבינת כנען 5% 500 גרם,,,גבינת כנען 5% 500 גר,גרמים,500.00,100 גרם,false,1,26.10,5.22,true,1,
7290000048185,false,גבינה לבנה 5% 250 גר,,,גבינה לבנה 5% 250 גר,גרמים,250.00,100 גרם,false,1,4.98,1.99,true,1,
7290000048192,false,גבינה למריחה 9% 250 גרם,,,גבינה למריחה 9% 250,גרמים,250.00,100 גרם,false,1,4.98,1.99,true,1,
7290000048437,false,צפתית פיראוס 5% 200 גרם,,,צפתית פיראוס 5% 200,גרמים,200.00,100 גרם,false,1,16.10,8.05,true,1,
7290000050447,false,יופלה תות 3% 500גר,,,יופלה תות 3% 500גר,גרמים,500.00,100 גרם,false,1,14.90,2.98,true,1,
7290000050454,false,יופלה אפרסק 3% 500 גר,,,יופלה אפרסק 3% 500 ג,גרמים,500.00,100 גרם,false,1,14.90,2.98,true,1,
7290000051352,false,חלב של פעם 3.5% 1 ל,,,חלב של פעם 3.5% 1 ל,מיליליטרים,1000.00,"100 מ""ל",false,1,8.30,0.83,true,1,
7290000051710,false,פיראוס לאבנה עם שמן זית וזעתר 260גר,,,פיראוס לאבנה עם שמן,גרמים,260.00,100 גרם,false,1,14.60,5.62,true,1,
7290000052311,false,עמק פרוס בקופסא 200 גר 15% שומן,,,עמק פרוס בקופסא 200,גרמים,200.00,100 גרם,false,1,16.40,8.20,true,1,
7290000055206,false,גבינה לבנה בטעם בצל מטוגן 5% 250 גר,,,גבינה לבנה בטעם בצל,גרמים,250.00,100 גרם,false,1,5.90,2.36,true,1,
7290000055329,false,משקה יוגורט יופלה בטעם תות-מלון 250 גר,,,משקה יוגורט יופלה בט,גרמים,250.00,100 גרם,false,1,5.70,2.28,true,1,
7290000055336,false,משקה יוגורט יופלה בטעם בננה אפרסק 250 גר,,,משקה יוגורט יופלה בט,גרמים,250.00,100 גרם,false,1,5.70,2.28,true,1,
7290000055350,false,גבינה צהובה חריץ עמק 28% במשקל,,,גבינה צהובה עמק 28%,Unknown,0.00,"ק""ג",true,0,44.79,44.79,true,1,
7290000056845,false,חלב קרטון 3% תנובה 1.5 ליטר,,,חלב קרטון 3% תנובה,ליטרים,0.00,ליטר,false,1,9.34,9.34,true,1,
7290000057088,false,עמק דק 200 גרם,,,עמק דק 200 גרם,גרמים,200.00,100 גרם,false,1,16.90,8.45,true,1,
7290000057132,false,יוגורט 1.5% 200 גרם,,,יוגורט 1.5% 200 גרם,גרמים,200.00,100 גרם,false,1,3.30,1.65,true,1,
7290000058580,false,קוקילידה וניל,,,קוקילידה וניל,Unknown,0.00,Unknown,false,1,10.00,10.00,true,1,
7290000060071,false,פריכונים מאורז מלא מלוח עדין 80 גרם,,,פריכונים טבעי  80 גר,גרמים,80.00,100 גרם,false,1,8.50,10.63,true,1,
7290000060156,false,אטריות ביצים דקות 200 גרם,,,אטריות ביצים דקות 20,גרמים,200.00,100 גרם,false,1,8.50,4.25,true,1,
7290000060163,false,אטריות דקות 400 גרם,,,אטריות דקות 400 גרם,גרמים,400.00,100 גרם,false,1,8.50,2.13,true,1,
7290000060200,false,פתיתים אפויים קוסקוס 500 גרם,,,פתיתים אפויים קוסקוס,גרמים,500.00,100 גרם,false,1,7.90,1.58,true,1,
7290000060316,false,פסטה ספגטי פרפקטו 500 גרם,,,פסטה ספגטי פרפקטו 50,גרמים,500.00,100 גרם,false,1,8.30,1.66,true,1,
7290000060330,false,פסטה פרפקטו ספירלי 500 גרם,,,פסטה פרפקטו ספירלי 5,גרמים,500.00,100 גרם,false,1,8.30,1.66,true,1,
7290000060781,false,פסטה מסולסלים (57) 500 גרם,,,פסטה מסולסלים (57) 5,גרמים,500.00,100 גרם,false,1,6.90,1.38,true,1,
7290000060828,false,פסטה קרניים בינוניות (55) 500 גרם,,,פסטה קרניים בינוניות,גרמים,500.00,100 גרם,false,1,6.90,1.38,true,1,
7290000060842,false,פסטה צדפים גדולים (56) 500 גרם,,,פסטה צדפים גדולים (5,גרמים,500.00,100 גרם,false,1,6.90,1.38,true,1,
7290000060880,false,ספגטי (3) 500 גרם,,,ספגטי (3) 500 גרם,גרמים,500.00,100 גרם,false,1,6.90,1.38,true,1,
7290000060903,false,פתיתים אפויים אורז 500 גרם,,,פתיתים אפויים אורז 5,גרמים,500.00,100 גרם,false,1,7.90,1.58,true,1,
7290000061061,false,קרקר בצל 250 גרם,,,קרקר בצל 250 גרם,גרמים,250.00,100 גרם,false,1,11.90,4.76,true,1,
7290000061108,false,"רוטב טריאקי 290 מ""ל-בקבוק",,,"רוטב טריאקי 290 מ""ל-",מיליליטרים,290.00,"100 מ""ל",false,1,13.90,4.79,true,1,
7290000061764,false,נסקפה רד מאג 200 גרם,,,נס קפה רד מאג 200 גר,גרמים,200.00,100 גרם,false,1,24.90,12.45,true,1,
7290000062952,false,מיני קרוטונים למרק וסלט 250 גר,,,מיני קרוטונים למרק ו,גרמים,250.00,100 גרם,false,1,17.90,7.16,true,1,
7290000063140,false,שקדי מרק 400 גרם -שקית,,,שקדי מרק 400 גרם -שק,גרמים,400.00,100 גרם,false,1,12.90,3.23,true,1,
7290000063157,false,"קמח עוגה תופח מאליו 1 ק""ג",,,קמח עוגה תופח מאליו,גרמים,1000.00,100 גרם,false,1,10.90,1.09,true,1,
7290000064871,false,"מנה חמה פירה תפו""א ובצל 56 גרם",,,"מנה חמה פירה תפו""א ו",גרמים,56.00,100 גרם,false,1,8.80,15.71,true,1,
7290000065328,false,חלה מתוקה שאשא,,,חלה מתוקה שאשא,Unknown,0.00,Unknown,false,1,17.90,17.90,true,1,
7290000065557,false,מנה חמה קוסקוס עם ירקות 62 גר,,,מנה חמה קוסקוס עם יר,גרמים,62.00,100 גרם,false,1,8.80,14.19,true,1,
7290000065977,false,אסם חטיפי פריכונים תירס כלפ 80 גרם,,IL,אסם חטיפי פריכונים ת,גרמים,80.00,100 גרם,false,1,8.50,10.63,true,1,
7290000066141,false,ביסלי בטעם גריל 70 גרם,,,ביסלי בטעם גריל 70 ג,גרמים,70.00,100 גרם,false,1,4.70,6.71,true,1,
7290000066196,false,ביסלי בטעם גריל 200 גרם,,,ביסלי בטעם גריל 200,גרמים,200.00,100 גרם,false,1,8.90,4.45,true,1,
7290000066226,false,ביסלי בטעם פיצה 200 גרם,,,ביסלי בטעם פיצה 200,גרמים,200.00,100 גרם,false,1,8.90,4.45,true,1,
7290000066318,false,במבה 80 גרם,,,במבה 80 גרם,גרמים,80.00,100 גרם,false,1,4.90,6.13,true,1,
7290000066332,false,חטיף אפרופו 50 גרם,,,חטיף אפרופו 50 גרם,גרמים,50.00,100 גרם,false,1,5.90,11.80,true,1,
7290000066431,false,פופקו חטיף תירס בטעם חמאה ודבש 80 גרם,,,פופקו חטיף תירס בטעם,גרמים,80.00,100 גרם,false,1,5.50,6.88,true,1,
7290000067544,false,פירורית זהב 200 גרם,,,פירורית זהב 200 גרם,גרמים,200.00,100 גרם,false,1,7.50,3.75,true,1,
7290000067735,false,ניוקי בצקיות תפוא 500 גרם,,,"ניוקי בצקיות תפו""א 5",גרמים,500.00,100 גרם,false,1,16.60,3.32,true,1,
7290000068138,false,פודינג אינסטנט בטעם וניל,,,פודינג אינסטנט בטעם,גרמים,80.00,100 גרם,false,1,5.90,7.38,true,1,
7290000068343,false,פריכונים מאורז מלא 140 גרם,,,פריכונים מאורז מלא 1,גרמים,140.00,100 גרם,false,1,8.90,6.36,true,1,
7290000070308,false,אבקת מרק  עוף אמיתי 400 גרם-מיכל,,,אבקת מרק עוף אמיתי,גרמים,400.00,100 גרם,false,1,23.90,5.98,true,1,
7290000070322,false,אבקת מרק פטריות 400 גרם-מיכל,,,אבקת מרק פטריות 400,גרמים,400.00,100 גרם,false,1,28.90,7.23,true,1,
7290000071008,false,בייגלה שטוחים עם מלח 60 גרם,,,בייגלה שטוחים עם מלח,גרמים,60.00,100 גרם,false,1,3.90,6.50,true,1,
7290000072067,false,במבה במילוי חלווה 60 גרם,,,במבה במילוי חלווה 60,גרמים,60.00,100 גרם,false,1,4.90,8.17,true,1,
7290000072623,false,קטשופ אסם בקבוק לחיץ 750 גרם,,,קטשופ אסם בקבוק לחיץ,גרמים,750.00,100 גרם,false,1,12.90,1.72,true,1,
7290000072753,false,נסקפה טייסטרס צויס 200 גר,,,נסקפה טייסטרס צויס,גרמים,200.00,100 גרם,false,1,32.90,16.45,true,1,
7290000073125,false,מנה חמה פסטה עם עגבניות 62 גר,,,מנה חמה פסטה עם עגבנ,גרמים,62.00,100 גרם,false,1,8.80,14.19,true,1,
7290000073767,false,מנה חמה נודלס אטר.+ירקות טעם בקר 70 גרם,,,מנה חמה נודלס אטר.+י,גרמים,70.00,100 גרם,false,1,7.50,10.71,true,1,
7290000074184,false,פתי בר וניל 500 גרם,,,פתי בר וניל 500 גרם,גרמים,500.00,100 גרם,false,1,12.50,2.50,true,1,
7290000074245,false,קרם קרקר 250 גרם,,,קרם קרקר 250 גרם,גרמים,250.00,100 גרם,false,1,11.90,4.76,true,1,
7290000074375,false,קרקר זהב 150 גרם,,,קרקר זהב 150 גרם,גרמים,150.00,100 גרם,false,1,8.50,5.67,true,1,
7290000076126,false,בייגלה שמיניות קטנות 80 גרם,,,בייגלה שמיניות קטנות,גרמים,80.00,100 גרם,false,1,3.90,4.88,true,1,
7290000077017,false,עוגיות קרמוגית במילוי שוקולד 200 גרם,,,עוגיות קרמוגית במילו,גרמים,200.00,100 גרם,false,1,13.90,6.95,true,1,
7290000077253,false,לחמית כפרית 190 גרם,,,לחמית כפרית 190 גרם,גרמים,190.00,100 גרם,false,1,11.90,6.26,true,1,
7290000079233,false,קרם קרקר דיאטטי דל נתרן 250 גרם,,,קרם קרקר דיאטטי דל נ,גרמים,250.00,100 גרם,false,1,13.50,5.40,true,1,
7290000085180,false,פתי בר וניל 470 גר,,,פתי בר וניל 470 גר,גרמים,470.00,100 גרם,false,1,11.00,2.34,true,1,
7290000100135,false,פירות קפואים סנפרוסט דובדבן 300 גר,,IL,פירות קפואים דובדבן,גרמים,300.00,100 גרם,false,1,20.90,6.97,true,1,
7290000101941,false,אננס מוקפא סנפרוסט 300 גרם,,,אננס מוקפא סנפרוסט,גרמים,300.00,100 גרם,false,1,19.90,6.63,true,1,
7290000104201,false,אפונה עדינה 600 גר סנפרוסט,,,אפונה עדינה 600 גר,גרמים,600.00,100 גרם,false,1,19.90,3.32,true,1,
7290000104676,false,אפונת גינה 800 גרם-סנפרוסט,,,אפונת גינה 800 גרם,גרמים,800.00,100 גרם,false,1,19.90,2.49,true,1,
7290000104805,false,חומוס קפוא סנפרוסט 800 גרם,,,חומוס קפוא סנפרוסט,גרמים,800.00,100 גרם,false,1,19.90,2.49,true,1,
7290000107295,false,ברוקולי 800 גרם סנפרוסט,,,ברוקולי 800 גרם סנפר,גרמים,800.00,100 גרם,false,1,28.90,3.61,true,1,
7290000111000,false,שתיה קרה בודד,,,שתיה קרה בודד,Unknown,0.00,Unknown,false,1,1.00,1.00,true,1,
7290000111063,false,מיונז תלמה 250 גרם,,,מיונז תלמה 250 גרם,גרמים,250.00,100 גרם,false,1,7.90,3.16,true,1,
7290000111186,false,מיונז תלמה 500 גרם-צנצנת,,,מיונז תלמה 500 גרם-צ,גרמים,500.00,100 גרם,false,1,11.90,2.38,true,1,
7290000112220,false,טחינה 500 גר בארכה,,,טחינה 500 גר בארכה,גרמים,500.00,100 גרם,false,1,15.90,3.18,true,1,
7290000112619,false,אבקת מרק עוף קנור 400 גרם-צנצנת,,,אבקת מרק עוף קנור,גרמים,400.00,100 גרם,false,1,22.90,5.73,true,1,
7290000116945,false,"רוטב קנור סויה 300 מ""ל",,,רוטב קנור סויה 300 מ,מיליליטרים,300.00,"100 מ""ל",false,1,14.90,4.97,true,1,
7290000117720,false,מרק נמס בכוס פטריות 43 גרם- קנור,,,מרק נמס בכוס פטריות,גרמים,43.00,100 גרם,false,1,8.50,19.77,true,1,
7290000120836,false,מיונז הלמנס 394 גרם,,,מיונז הלמנס 394 גרם,גרמים,433.00,100 גרם,false,1,12.80,2.96,true,1,
7290000120874,false,מיונז הלמנס לייט 424 גרם,,,מיונז הלמנס לייט 424,גרמים,476.00,100 גרם,false,1,12.80,2.69,true,1,
7290000135052,false,"XL TEN משקה אנרגיה מנגו ללא סוכר 250 מ""ל",,,XL TEN משקה אנרגיה מ,מיליליטרים,250.00,"100 מ""ל",false,1,4.90,1.96,true,1,
7290000135113,false,"פחית XL TEN נענע ליים 250 מ""ל",,,פחית XL TEN נענע ליי,מיליליטרים,250.00,"100 מ""ל",false,1,4.90,1.96,true,1,
7290000136660,false,מי סודה 1.5 ליטר,,IL,מי סודה 1.5 ליטר,ליטרים,0.00,ליטר,false,1,3.70,3.70,true,1,
7290000136677,false,פפסי קולה 1.5 ליטר,,IL,פפסי קולה 1.5 ליטר,ליטרים,0.00,ליטר,false,1,8.90,8.90,true,1,
7290000136684,false,פפסי מקס 1.5 ליטר,,IL,פפסי מקס 1.5 ליטר,ליטרים,0.00,ליטר,false,1,8.10,8.10,true,1,
7290000136790,false,שישיית סודה 1.5 ליטר,,IL,שישיית סודה 1.5 ליטר,ליטרים,0.01,ליטר,false,1,20.70,2070.00,true,1,
7290000136806,false,רביעייה סודה לימון ליים 1.5 ליטר,,IL,רביעייה סודה לימון ל,ליטרים,0.01,ליטר,false,1,13.10,1310.00,true,1,
7290000136820,false,סודה פירות יער 1.5 ליטר רביעייה,,IL,סודה פירות יער 1.5 ל,ליטרים,0.01,ליטר,false,1,13.10,1310.00,true,1,
7290000136844,false,שישיית אקווה נובה 2 ל,,IL,שישיית אקווה נובה 2ל,ליטרים,0.01,ליטר,false,1,12.90,1290.00,true,1,
7290000136851,false,סבן אפ 1.5 ליטר,,IL,סבן אפ 1.5 ליטר,ליטרים,0.00,ליטר,false,1,8.90,8.90,true,1,
7290000136868,false,שישיית מים סאן בנדטו 1.5 ליטר,,IL,שישיית מים סאן בנדטו,ליטרים,0.01,ליטר,false,1,19.90,1990.00,true,1,
7290000136875,false,שישיית סאן בנדטו מוגז  1.5 ליטר,,IL,שישיית סאן בנדטו מוג,ליטרים,0.01,ליטר,false,1,19.90,1990.00,true,1,
7290000136936,false,סבן אפ דיאט 1.5 ליטר,,IL,סבן אפ דיאט 1.5 ליטר,ליטרים,0.00,ליטר,false,1,8.50,8.50,true,1,
7290000137513,false,גלידונית 60 יחידות,,,גלידונית 60 יחידות,גרמים,700.00,100 גרם,false,1,49.90,7.13,true,1,
7290000143255,false,"שמפו הוואי רגיל 700 מ""ל ירוק",,,שמפו הוואי רגיל 700,מיליליטרים,700.00,"100 מ""ל",false,1,12.90,1.84,true,1,
7290000144160,false,שמן זית כתית מעולה בטעם מודגש 750 מל,,,שמן זית כתית מעולה ב,מיליליטרים,750.00,"100 מ""ל",false,1,34.90,4.65,true,1,
7290000144467,false,שמן עץ הזית חמניות 1 ליטר בריאות מהטבע,,,שמן עץ הזית חמניות 1,מיליליטרים,1000.00,"100 מ""ל",false,1,16.90,1.69,true,1,
7290000144474,false,שמן עץ הזית קנולה 1 ליטר בריאות מהטבע,,,שמן עץ הזית קנולה 1,מיליליטרים,1000.00,"100 מ""ל",false,1,16.90,1.69,true,1,
7290000146997,false,"משחת שיניים מסטיק טום וגרי 60 מ""ל",,,משחת שיניים מסטיק טו,Unknown,0.00,Unknown,false,1,10.50,10.50,true,1,
7290000148380,false,פיסטוק קלוי שקית 200 גרם,,,פיסטוק קלוי שקית 200,גרמים,200.00,100 גרם,false,1,26.50,13.25,true,1,
7290000168173,false,ברנפלקס קרנצים 375 גרם,,,ברנפלקס קרנצים 375 ג,גרמים,375.00,100 גרם,false,1,25.90,6.91,true,1,
7290000174723,false,שוקולית 500 גרם,,,שוקולית 500 גרם,גרמים,500.00,100 גרם,false,1,15.90,3.18,true,1,
7290000176062,false,קפה עלית טורקי 100 גרם,,,קפה עלית טורקי 100 ג,גרמים,100.00,100 גרם,false,1,9.50,9.50,true,1,
7290000176079,false,קפה עלית טורקי עם הל 100 גרם,,,קפה עלית טורקי עם הל,גרמים,100.00,100 גרם,false,1,10.90,10.90,true,1,
7290000176413,false,קפה נמס עלית 50 גרם,,,קפה נמס עלית 50 גרם,גרמים,50.00,100 גרם,false,1,13.90,27.80,true,1,
7290000176420,false,קפה נמס עלית 200 גרם,,,קפה נמס עלית 200 גרם,גרמים,200.00,100 גרם,false,1,21.90,10.95,true,1,
7290000178707,false,תפוציפס טבעי 50 גרם,,,תפוציפס טבעי 50 גרם,גרמים,50.00,100 גרם,false,1,4.90,9.80,true,1,
7290000178721,false,תפוציפס טבעי 200 גרם,,,תפוציפס טבעי 200 גרם,גרמים,200.00,100 גרם,false,1,10.90,5.45,true,1,
7290000186535,false,לילי טריו לבן 32 גלילים,,,לילי טריו לבן 32 גלי,מטרים,537.28,מטר,false,1,44.90,0.08,true,1,
7290000187938,false,לילי פסטל 32 גלילים,,,לילי פסטל 32 גלילים,מטרים,588.00,מטר,false,1,39.90,0.07,true,1,
7290000187952,false,לילי טריו 32 גלילים,,,לילי טריו ורוד 32 גל,מטרים,537.28,מטר,false,1,44.90,0.08,true,1,
7290000189260,false,תבניות מלבניות 5 יח,,,תבניות מלבניות 5 יח,Unknown,0.00,Unknown,false,1,14.90,14.90,true,1,
7290000189598,false,ניקול מטלית לחות חד פעמיות לניקוי כללי,,,ניקול מטלית לחות חד,Unknown,0.00,Unknown,false,1,12.90,12.90,true,1,
7290000189659,false,ניקול מטליות לחות לרצפה,,,ניקול מטליות לחות לר,Unknown,0.00,Unknown,false,1,14.90,14.90,true,1,
7290000189734,false,מטליות לחות לפרקטים,,,מטליות לחות לפרקטים,Unknown,0.00,Unknown,false,1,17.90,17.90,true,1,
7290000189871,false,אשפתון מתכלה ניקול 60 יח,,,אשפתון מתכלה ניקול 5,Unknown,0.00,Unknown,false,1,27.90,27.90,true,1,
7290000190068,false,מפיות ניקול 100,,,מפיות ניקול 100,Unknown,0.00,Unknown,false,1,9.40,9.40,true,1,
7290000190198,false,מטלית ניקול לניקוי חדרי שירותים ואמבט,,,מטלית ניקול לניקוי ח,Unknown,0.00,Unknown,false,1,14.90,14.90,true,1,
7290000190853,false,לילי פיור נייר טואלט דו שכבתי 30 גלילים,,,לילי פיור נייר טואלט,מטרים,588.00,מטר,false,1,43.90,0.07,true,1,
7290000191966,false,נייר טואלט לח סנסטיב,,IL,נייר טואלט לח לילי נ,Unknown,0.00,Unknown,false,1,9.50,9.50,true,1,
7290000192581,false,נייר מגבת ניקול 6=12 129.72 מטר,,IL,נייר מגבת ניקול 6=12,מטרים,129.72,מטר,false,1,24.00,0.19,true,1,
7290000195216,false,נייר אפיה 50 יח,,,נייר אפייה ניקול,Unknown,0.00,Unknown,false,1,11.90,11.90,true,1,
7290000195537,false,מגבוני האגיס רביעיה ללא בישום,,,מגבוני האגיס רביעיה,Unknown,0.00,Unknown,false,1,24.90,24.90,true,1,
7290000195773,false,מגבוני האגיס קמומיל רבעייה,,,מגבוני האגיס קמומיל,Unknown,0.00,Unknown,false,1,24.90,24.90,true,1,
7290000197432,false,זוג סנדביצון ענק,,,זוג סנדביצון ענק,Unknown,0.00,Unknown,false,1,16.50,16.50,true,1,
7290000197463,false,האגיס פרידום דריי שלב 4+ 42 יחידות,,,האגיס פרידום דריי של,Unknown,0.00,Unknown,false,1,45.90,45.90,true,1,
7290000197548,false,האגיס פרידום דריי שלב 5 38 יחידות,,,האגיס פרידום דריי של,Unknown,0.00,Unknown,false,1,45.90,45.90,true,1,
7290000197753,false,זוג ניילון נצמד ניקול,,,זוג ניילון נצמד ניקו,מטרים,60.00,מטר,false,1,13.90,0.23,true,1,
7290000199313,false,קוטקס לנערות 28 יח,,,קוטקס לנערות 28 יח,Unknown,0.00,Unknown,false,1,25.90,25.90,true,1,
7290000204215,false,כרית ניקול שישייה,,,כרית ניקול שישייה,Unknown,0.00,Unknown,false,1,13.90,13.90,true,1,
7290000204253,false,מטליות ניקול 9 יח,,,מטליות ניקול 9 יח,Unknown,0.00,Unknown,false,1,13.90,13.90,true,1,
7290000207063,false,פריכוז 260 גרם,,,פריכוז 240 גר,גרמים,240.00,100 גרם,false,1,5.40,2.25,true,1,
7290000207162,false,רוטב עגבניות יכין 100 גרם,,IL,רוטב עגבניות יכין 10,גרמים,100.00,100 גרם,false,1,2.90,2.90,true,1,
7290000208077,false,אפונת גינה רגילה 550 גרם יכין,,,אפונת גינה רגילה 550,גרמים,550.00,100 גרם,false,1,8.90,1.62,true,1,
7290000208114,false,אפונה וגזר יכין 550 גר,,,אפונה וגזר יכין 550,גרמים,550.00,100 גרם,false,1,8.90,1.62,true,1,
7290000208145,false,תירס לייט יכין 550 גרם A2,,,תירס לייט יכין 550 ג,גרמים,550.00,100 גרם,false,1,10.90,1.98,true,1,
7290000208220,false,שעועית צלי חריף A2,,,שעועית צלי חריף A2,גרמים,550.00,100 גרם,false,1,10.90,1.98,true,1,
7290000208244,false,בסיס לשקשוקה יכין 570 גר,,,בסיס לשקשוקה יכין 57,גרמים,570.00,100 גרם,false,1,10.50,1.84,true,1,
7290000208312,false,תירס ואקום 400 גרם יכין,,IL,תירס מתוק יכין 400 ג,גרמים,400.00,100 גרם,false,1,7.90,1.98,true,1,
7290000208329,false,תירס גרעינים 550 גר A2 יכין,,,תירס גרעינים 550 גר,גרמים,550.00,100 גרם,false,1,8.90,1.62,true,1,
7290000208336,false,רוטב עגבניות 260 גרם יכין,,,רוטב עגבניות יכין 24,גרמים,240.00,100 גרם,false,1,4.90,2.04,true,1,
7290000208343,false,עגבניות מרוסקות שום 850 גר יכין A 2.5,,,עגבניות מרוסקות שום,גרמים,850.00,100 גרם,false,1,10.90,1.28,true,1,
7290000208367,false,עגבניות מרוסקות בזיליקום יכין 850  A 2.5,,,עגבניות מרוסקות בזיל,גרמים,800.00,100 גרם,false,1,10.90,1.36,true,1,
7290000208404,false,פול יכין 560 גרם,,,פול יכין 560 גרם,גרמים,560.00,100 גרם,false,1,8.90,1.59,true,1,
7290000208428,false,חומוס יכין שלם 550 גר A/2,,,חומוס יכין שלם 550 ג,גרמים,550.00,100 גרם,false,1,8.90,1.62,true,1,
7290000208534,false,תירס קיד יכין 550 גר,,,תירס קיד יכין 550 גר,גרמים,550.00,100 גרם,false,1,10.90,1.98,true,1,
7290000208855,false,רוטב לפסטה 260 גרם יכין,,,רוטב לפסטה 260 גרם י,מיליליטרים,260.00,"100 מ""ל",false,1,6.90,2.65,true,1,
7290000208930,false,עגבניות +שום 260 גרם יכין,,,עגבניות +שום 260 גרם,גרמים,260.00,100 גרם,false,1,6.90,2.65,true,1,
7290000208978,false,רסק עגבניות פריכוז 100 גרם,,,רסק עגבניות פריכוז 1,גרמים,100.00,100 גרם,false,1,3.40,3.40,true,1,
7290000209371,false,שלישיית תירס יכין 165 גר OZ 6,,,שלישיית תירס יכין 16,גרמים,165.00,100 גרם,false,1,15.90,9.64,true,1,
7290000209708,false,עגבניות +בזיליקום 260 גרם יכין,,,עגבניות +בזיליקום 26,גרמים,260.00,100 גרם,false,1,6.90,2.65,true,1,
7290000209722,false,רסק עגבניות פריכוז A2 580,,,רסק עגבניות פריכוז A,גרמים,580.00,100 גרם,false,1,10.90,1.88,true,1,
7290000209906,false,עגבניות מרוסקות עם בצל 260 גרם יכין,,,עגבניות מרוסקות עם ב,גרמים,260.00,100 גרם,false,1,6.90,2.65,true,1,
7290000209944,false,רוטב  עגבניות לשקשוקה 260 גרם יכין,,,רוטב  עגבניות לשקשוק,גרמים,260.00,100 גרם,false,1,6.90,2.65,true,1,
7290000209951,false,רוטב  עגבניות לפיצה 260 גרם יכין,,,רוטב  עגבניות לפיצה,גרמים,260.00,100 גרם,false,1,6.90,2.65,true,1,
7290000210469,false,עגבניות 2.5 A שלמות 850 גר יכין,,,עגבניות 2.5 A שלמות,גרמים,850.00,100 גרם,false,1,9.90,1.16,true,1,
7290000210896,false,רוטב בולונז 260 גרם יכין,,,רוטב בולונז 260 גרם,מיליליטרים,260.00,"100 מ""ל",false,1,6.90,2.65,true,1,
7290000211169,false,"אורז תאילנדי 1 ק""ג",,,"אורז תאילנדי 1 ק""ג",קילוגרמים,0.00,"ק""ג",false,1,8.30,8.30,true,1,
7290000211312,false,אורז מלא 1 קג,,,"אורז מלא 1 ק""ג",גרמים,1000.00,100 גרם,false,1,10.90,1.09,true,1,
7290000211442,false,"אורז פרסי 1 ק""ג סוגת",,,"אורז פרסי 1 ק""ג  סוג",גרמים,1000.00,100 גרם,false,1,10.90,1.09,true,1,
7290000211503,false,"סוכר לבן 1 ק""ג",,,"סוכר לבן 1 ק""ג",קילוגרמים,0.00,"ק""ג",false,1,4.80,4.80,true,1,
7290000211985,false,אורז עגול 1 קג,,,אורז עגול 1 קג,גרמים,1000.00,100 גרם,false,1,9.90,0.99,true,1,
7290000238029,false,"בצק עלים מרודד 1 ק""ג מעדנות",,,"בצק עלים מרודד 1 ק""ג",גרמים,1000.00,100 גרם,false,1,24.90,2.49,true,1,
7290000238036,false,מלאווח 700גר מעדנות,,,מלאווח מעדנות 700 גר,גרמים,700.00,100 גרם,false,1,18.90,2.70,true,1,
7290000238173,false,בורקס גבינה מעדנות 800גר,,,בורקס גבינה מעדנות,גרמים,800.00,100 גרם,false,1,25.90,3.24,true,1,
7290000245287,false,"אב.כביסה פרסיל קולור 1.25 ק""ג",,,אב.כביסה פרסיל קולור,קילוגרמים,0.00,"ק""ג",false,1,20.30,20.30,true,1,
7290000245508,false,"אב.כביסה סוד פרפקט 1.25ק""ג-שקית כחולה",,,אב.כביסה סוד פרפקט 1,קילוגרמים,0.00,"ק""ג",false,1,10.90,10.90,true,1,
7290000245515,false,"א.כ סוד קומפקט ביואקטיב פרפריום 1.25 ק""ג",,,א.כ סוד קומפקט ביואק,קילוגרמים,0.00,"ק""ג",false,1,10.90,10.90,true,1,
7290000262031,false,נייר טואלט מולט 32 גלילים,,,נייר טואלט מולט 32 ג,מטרים,588.80,מטר,false,1,32.90,0.06,true,1,
7290000267036,false,שקד מולבן משובב 100 גרם,,,שקד מולבן משובב 100,גרמים,100.00,100 גרם,false,1,13.90,13.90,true,1,
7290000267043,false,שקד מולבן פרוס 100 גרם,,,שקד מולבן פרוס 100 ג,גרמים,100.00,100 גרם,false,1,13.90,13.90,true,1,
7290000272696,false,מיץ לימון עסיס משומר 1 ליטר-בקבוק,,,מיץ לימון עסיס משומר,מיליליטרים,1000.00,"100 מ""ל",false,1,12.90,1.29,true,1,
7290000272726,false,חומץ טבעי עסיס 5% -1 ליטר,,,חומץ טבעי עסיס 5% -1,מיליליטרים,1000.00,"100 מ""ל",false,1,7.30,0.73,true,1,
7290000286228,false,סנו סושי כרית יפנית שישייה,,,סנו סושי כרית יפנית,Unknown,0.00,Unknown,false,1,14.60,14.60,true,1,
7290000288109,false,סנו מקסימה א. זאוול שקית 1.25קג,,,סנו מקסימה א. זאוול,קילוגרמים,0.00,"ק""ג",false,1,16.90,16.90,true,1,
7290000289069,false,סנו זאוול מרסס לימון 1 ליטר,,,סנו זאוול מרסס לימון,מיליליטרים,1000.00,"100 מ""ל",false,1,19.90,1.99,true,1,
7290000289748,false,סנו פורטה פלוס 750 מל,,,סנו פורטה פלוס 750 מ,מיליליטרים,750.00,"100 מ""ל",false,1,16.90,2.25,true,1,
7290000291963,false,סנו זאוול סמיכה 1 ליטר,,,סנו זאוול סמיכה 1 לי,מיליליטרים,1000.00,"100 מ""ל",false,1,8.90,0.89,true,1,
7290000294780,false,סנו זאוול סמיכה 4 ליטר,,,סנו זאוול סמיכה 4 לי,ליטרים,0.00,ליטר,false,1,17.90,17.90,true,1,
7290000300900,false,שניצל תירס 750 גרם טבעול,,,שניצל תירס 750 גרם,גרמים,750.00,100 גרם,false,1,27.90,3.72,true,1,
7290000313528,false,חלת שמרים,,,חלה בית מאפה שמרים,Unknown,0.00,Unknown,false,1,15.90,15.90,true,1,
7290000345260,false,תה ויסוצקי 25 שקיקים 1.5 גרם,,,תה ויסוצקי 25 שקיקים,Unknown,0.00,Unknown,false,1,8.80,8.80,true,1,
7290000345284,false,תה קלאסיק 100 שקיקים * 1.5 גרם,,IL,תה קלאסיק 100 שקיקים,גרמים,150.00,100 גרם,false,1,18.90,12.60,true,1,
7290000345291,false,תה ארל גריי 25 שקיקים 1.5 גרם,,,תה ארל גריי 25 שקיקי,Unknown,0.00,Unknown,false,1,18.90,18.90,true,1,
7290000345536,false,תה נענע 25 שקיקים 1.5 גרם,,,תה נענע 25 שקיקים 1.,Unknown,0.00,Unknown,false,1,22.90,22.90,true,1,
7290000346120,false,חליטת קסם הקינמון 25 שקיקים גן קסום,,,חליטת קסם הקינמון 25,Unknown,0.00,Unknown,false,1,19.90,19.90,true,1,
7290000346205,false,חליטת קמומיל 25 שקיקים הגן קסום,,,חליטת קמומיל 25 שקיק,Unknown,0.00,Unknown,false,1,19.90,19.90,true,1,
7290000347752,false,תה ירוק לימונית לואיזה 25 שקיקים 1.5 גרם,,,תה ירוק לימונית לואי,Unknown,0.00,Unknown,false,1,26.90,26.90,true,1,
7290000363363,false,קבנוס מיוחד 160 גרםטירת צבי,,,קבנוס מיוחד 160 גרם,גרמים,160.00,100 גרם,false,1,21.90,13.69,true,1,
7290000364261,false,סלסולי כתף בקר 120גר טירת צבי,,,סלסולי כתף בקר 120גר,גרמים,120.00,100 גרם,false,1,17.90,14.92,true,1,
7290000364278,false,סלסולי סלמי איטלקי משובח  120גרטירת צבי,,,סלסולי סלמי איטלקי,גרמים,120.00,100 גרם,false,1,17.90,14.92,true,1,
7290000364285,false,סלסולי פסטרמה הודו  120גרטירת צבי,,,סלסולי פסטרמה הודו,גרמים,120.00,100 גרם,false,1,17.90,14.92,true,1,
7290000364292,false,סלסולי גחלים 120גר טירת צבי,,,סלסולי גחלים 120גר,גרמים,120.00,100 גרם,false,1,17.90,14.92,true,1,
7290000364810,false,נקניקיות עגל 500 גרםטירת צבי,,,נקניקיות עגל 500 גרם,גרמים,500.00,100 גרם,false,1,31.10,6.22,true,1,
7290000364858,false,"טירת צבי נקניקיות עוף טרי 1 ק""ג",,,טירת צבי נקניקיות עו,קילוגרמים,0.00,"ק""ג",false,1,27.90,27.90,true,1,
7290000364872,false,נקניקיות עוף 400 גרםטירת צבי,,,נקניקיות עוף 400 גרם,גרמים,400.00,100 גרם,false,1,14.90,3.73,true,1,
7290000377612,false,"פריגת סחוט תפוז 400 מ""ל",,,פריגת סחוט תפוז 400,מיליליטרים,400.00,"100 מ""ל",false,1,10.90,2.73,true,1,
7290000390536,false,לבבות חסה,,,לבבות חסה,Unknown,0.00,Unknown,false,1,11.90,11.90,true,1,
7290000408316,false,יוגורט דנונה דל לקטוז 200 גרם,,,דנונה דל לקטוז,גרמים,200.00,100 גרם,false,1,3.70,1.85,true,1,
7290000408354,false,דנונה בר פצפוצים 173 גר,,,דנונה בר פצפוצים 173,גרמים,173.00,100 גרם,false,1,4.80,2.77,true,1,
7290000416045,false,"ממרח השחר 1 ק""ג",,,"ממרח השחר 1 ק""ג",גרמים,1000.00,100 גרם,false,1,28.20,2.82,true,1,
7290000419107,false,קפה לנדור כחול 100 גרם,,,קפה לנדור כחול 100 ג,גרמים,100.00,100 גרם,false,1,8.90,8.90,true,1,
7290000419909,false,קפה לנדוור טעם אקספרסו טחון טורקי 100ג,,,קפה לנדוור טעם אקספר,גרמים,100.00,100 גרם,false,1,8.90,8.90,true,1,
7290000430102,false,"קוביות קרח 2 ק""ג",,,"קוביות קרח 2 ק""ג",קילוגרמים,0.00,"ק""ג",false,1,10.90,10.90,true,1,
7290000446547,false,חמאת בוטנים ב.ד 350 גרם,,,חמאת בוטנים טבעית בט,גרמים,350.00,100 גרם,false,1,16.90,4.83,true,1,
7290000446554,false,חמאת בוטנים טבעית בט,,,חמאת בוטנים טבעית בט,גרמים,1000.00,100 גרם,false,1,33.90,3.39,true,1,
7290000453781,false,שמרים יבשים שמרית 125 גרם,,PT,שמרים יבשים שמרית 12,גרמים,125.00,100 גרם,false,1,7.50,6.00,true,1,
7290000461724,false,בייגל גדול גדול שומשום 400 גרם,,,בייגל גדול גדול שומש,גרמים,400.00,100 גרם,false,1,17.70,4.43,true,1,
7290000474090,false,חלב 1% בקרטון 1 ליטר,,,חלב 1% בקרטון 1 ליטר,מיליליטרים,1000.00,"100 מ""ל",false,1,5.86,0.59,true,1,
7290000474540,false,טוב טעם 250 גרם,,,טוב טעם 250 גרם,גרמים,250.00,100 גרם,false,1,12.90,5.16,true,1,
7290000480107,false,קוואקר שיבולת שועל פחית 500 גר,,,קוואקר שיבולת שועל פ,גרמים,500.00,100 גרם,false,1,14.90,2.98,true,1,
7290000480442,false,קוואקר 500 גרם שקית,,,קוואקר 500 גרם שקית,גרמים,500.00,100 גרם,false,1,14.80,2.96,true,1,
7290000484747,false,"ערק עלית 40% 700 מ""ל",,,"ערק עלית 40% 700 מ""ל",מיליליטרים,700.00,"100 מ""ל",false,1,59.90,8.56,true,1,
7290000497044,false,לחם ברמן אקטיב 750 גר,,,לחם ברמן אקטיב 750 ג,גרמים,750.00,100 גרם,false,1,17.90,2.39,true,1,
7290000497112,false,אחיד פרוס ברמן,,,אחיד פרוס ברמן,גרמים,750.00,100 גרם,false,1,7.11,0.95,true,1,
7290000497204,false,פיתות אסלי ברמן 5 יח,,,פיתות אסלי ברמן 5 יח,גרמים,500.00,100 גרם,false,1,7.50,1.50,true,1,
7290000497358,false,חלומית ארוזה ברמן 500 גרם,,IL,חלומית ארוזה ברמן 50,גרמים,500.00,100 גרם,false,1,15.90,3.18,true,1,
7290000497426,false,לחם ברמן לענין פלוס 500 גרם,,,לחם ברמן לענין פלוס,גרמים,500.00,100 גרם,false,1,16.90,3.38,true,1,
7290000497570,false,לחם דגנים פלוס ברמן 500 גרם,,,לחם דגנים פלוס ברמן,גרמים,500.00,100 גרם,false,1,16.50,3.30,true,1,
7290000518336,false,MOOOSH צמר גפן מתוק,,IL,MOOOSH צמר גפן מתוק,גרמים,10.00,100 גרם,false,1,5.20,52.00,true,1,
7290000523125,false,מלח הארץ ים יבש  250 גרם,,,מלח הארץ ים יבש  250,גרמים,250.00,100 גרם,false,1,6.70,2.68,true,1,
7290000523224,false,מלח הארץ ים יבש  500 גרם,,,מלח הארץ ים יבש  500,גרמים,500.00,100 גרם,false,1,8.90,1.78,true,1,
7290000523514,false,מלח ים יבש מופחת נתרן 250 גר,,,מלח ים יבש מופחת נתר,גרמים,250.00,100 גרם,false,1,12.90,5.16,true,1,
7290000523521,false,מלח הארץ מועשר ביוד 250 גרם,,,מלח הארץ מועשר ביוד,גרמים,250.00,100 גרם,false,1,7.50,3.00,true,1,
7290000523811,false,מלח גס 1 קג צנצנת,,,"מלח גס 1 ק""ג צנצנת",גרמים,1000.00,100 גרם,false,1,9.10,0.91,true,1,
7290000525969,false,מיץ תפוזים סחוט 1 ל פרימור,,,מיץ תפוזים סחוט 1 ל,מיליליטרים,1000.00,"100 מ""ל",false,1,17.90,1.79,true,1,
7290000529875,false,תה צאי מאסלה אורגני עדנים,,,תה צאי מאסלה אורגני,Unknown,0.00,Unknown,false,1,17.90,17.90,true,1,
7290000554402,false,מעדן מלבי 160 גר,,,מעדן מלבי 160 גר,גרמים,160.00,100 גרם,false,1,6.20,3.88,true,1,
7290000554532,false,צפתית מעודנת 5% במלח ים טבעי 200גר,,,צפתית מעודנת 5% במלח,גרמים,200.00,100 גרם,false,1,15.90,7.95,true,1,
7290000554600,false,מוצרלה מגורדת 300 גרם,,,מוצרלה מגורדת 300 גר,גרמים,300.00,100 גרם,false,1,25.50,8.50,true,1,
7290000554624,false,מעדן ירח מתוק 150 גר,,,מעדן ירח מתוק 150 גר,גרמים,150.00,100 גרם,false,1,6.10,4.07,true,1,
7290000554822,false,ריקוטה 250 גרם,,,ריקוטה 250 גרם,גרמים,250.00,100 גרם,false,1,15.90,6.36,true,1,
7290000554839,false,גבינת מסקרפונה 250 גרם,,,גבינת מסקרפונה 250 ג,גרמים,250.00,100 גרם,false,1,21.90,8.76,true,1,
7290000555505,false,פיקדון זוג,,,פיקדון זוג,Unknown,0.00,Unknown,false,1,0.60,0.60,true,1,
7290000571386,false,יוגורמה יוגורט כבשים 850 גר,,,יוגורמה יוגורט כבשים,גרמים,850.00,100 גרם,false,1,28.90,3.40,true,1,
7290000652542,false,פילה אמנון קפוא,,,פילה אמנון קפוא,Unknown,0.00,"ק""ג",true,0,32.90,32.90,true,1,
7290000654546,false,פילה אמנון קפוא 7-9,,,פילה אמנון קפוא 7-9,Unknown,0.00,"ק""ג",true,0,36.90,36.90,true,1,
7290000662817,false,סלמון מעושן 100 גרם,,IL,סלמון מעושן 100 גרם,גרמים,100.00,100 גרם,false,0,25.90,25.90,true,1,
7290000688381,false,"מי עדן שישיה אישי 500 מ""ל",,,מי עדן שישיה אישי,מיליליטרים,3000.00,"100 מ""ל",false,1,15.90,0.53,true,1,
7290000688503,false,שישיית מים ספורט 750 מל,,,שישיית מים ספורט 750,מיליליטרים,4500.00,"100 מ""ל",false,1,18.90,0.42,true,1,
7290000789538,false,קרנץ שמרים,,,קרנץ שמרים,Unknown,0.00,Unknown,false,1,43.90,43.90,true,1,
7290000801476,false,אקמול לשיכוך כאבים וחום,,,אקמול לשיכוך כאבים ו,Unknown,0.00,Unknown,false,1,15.90,15.90,true,1,
7290000801483,false,אקמול טו גו לשיכוך כאבים וחום,,,אקמול טו גו לשיכוך כ,Unknown,0.00,Unknown,false,1,19.90,19.90,true,1,
7290000982113,false,עגבניית טעם,,,עגבניית טעם,Unknown,0.00,"ק""ג",true,0,19.90,19.90,true,1,
7290000993461,false,שרי צהוב,,,שרי צהוב,Unknown,0.00,Unknown,false,1,12.90,12.90,true,1,
7290000993560,false,שרי מנומר,,,שרי מנומר,Unknown,0.00,Unknown,false,1,14.90,14.90,true,1,
7290000995410,false,נבטים סינים,,,נבטים סינים,Unknown,0.00,Unknown,false,1,11.90,11.90,true,1,
7290001045169,false,מיץ תפוחים צלול 1 ל פרימור,,,מיץ תפוחים צלול 1 ל,מיליליטרים,1000.00,"100 מ""ל",false,1,17.90,1.79,true,1,
7290001045688,false,"תפוזים סחוט 400 מ""ל פרימור",,,"תפוזים סחוט 400 מ""ל",מיליליטרים,400.00,"100 מ""ל",false,1,11.90,2.98,true,1,
7290001111500,false,לחם מחמצת בטעמים 700 גרם,,,לחם מחמצת בטעמים 700,גרמים,700.00,100 גרם,false,1,18.50,2.64,true,1,
7290001216040,false,טחינה 500 גרם טחינת אל-ארז,,,טחינה 500 גרם טחינת,גרמים,500.00,100 גרם,false,1,18.90,3.78,true,1,
7290001230331,false,כאמל בוקס חפיסה,,,כאמל בוקס חפיסה,Unknown,0.00,Unknown,false,1,30.90,30.90,true,1,
7290001230739,false,כאמל כחול חפיסה,,,כאמל כחול חפיסה,Unknown,0.00,Unknown,false,1,30.90,30.90,true,1,
7290001231932,false,ווינסטון כחול בוקס חפיסה,,,ווינסטון כחול בוקס ח,Unknown,0.00,Unknown,false,1,33.00,33.00,true,1,
7290001247082,false,קרטונית נקטר ספרינג עגבניות 1 ליטר,,,קרטונית נקטר ספרינג,מיליליטרים,1000.00,"100 מ""ל",false,1,7.60,0.76,true,1,
7290001247105,false,קרטונית נקטר ספרינג אפרסק 1 ליטר,,,קרטונית נקטר ספרינג,מיליליטרים,1000.00,"100 מ""ל",false,1,7.40,0.74,true,1,
7290001247112,false,קרטונית נקטר ספרינג לימונענע 1 ליטר,,,קרטונית נקטר ספרינג,מיליליטרים,1000.00,"100 מ""ל",false,1,7.40,0.74,true,1,
7290001247129,false,קרטונית נקטר ספרינג תפוזים,,,קרטונית נקטר ספרינג,מיליליטרים,1000.00,"100 מ""ל",false,1,7.40,0.74,true,1,
7290001247143,false,קרטונית נקטר ספרינג תפוחים,,,קרטונית נקטר ספרינג,מיליליטרים,1000.00,"100 מ""ל",false,1,7.40,0.74,true,1,
7290001305188,false,פלמוליב לכלים אקטיב לימון 750 צהוב,,,פלמוליב לכלים אקטיב,מיליליטרים,750.00,"100 מ""ל",false,1,13.90,1.85,true,1,
7290001342862,false,קרם פפריקה הונגרית חריפה בשפופרת 160 גרם,,HU,קרם פפריקה הונגרית ח,גרמים,160.00,100 גרם,false,1,27.90,17.44,true,1,
7290001343845,false,"גרנולה פירות 1 ק""ג ורוד שקדיה",,,"גרנולה פירות 1 ק""ג ו",גרמים,1000.00,100 גרם,false,1,22.90,2.29,true,1,
7290001356166,false,סלמון מעושן 100 גרם,,,סלמון מעושן 100 גרם,גרמים,100.00,100 גרם,false,1,25.00,25.00,true,1,
7290001361016,false,עוגה גינגית  600 גרם,,,עוגה גינגית  600 גרם,גרמים,600.00,100 גרם,false,1,47.90,7.98,true,1,
7290001361054,false,אקלרים וניל 600 גרם,,,אקלרים וניל 600 גרם,גרמים,600.00,100 גרם,false,1,45.90,7.65,true,1,
7290001361085,false,עוגת נפוליאון,,,עוגת נפוליאון,גרמים,600.00,100 גרם,false,1,47.90,7.98,true,1,
7290001361177,false,עוגת דובדבנים,,,עוגת דובדבנים,גרמים,650.00,100 גרם,false,1,52.90,8.14,true,1,
7290001361207,false,עוגת אוכמניות,,,עוגת אוכמניות,גרמים,650.00,100 גרם,false,1,50.90,7.83,true,1,
7290001361450,false,עוגת ריבת חלב,,,עוגת ריבת חלב,גרמים,600.00,100 גרם,false,1,74.90,12.48,true,1,
7290001361580,false,פס היער השחור נטלי 550 גרם,,,פס היער השחור נטלי,גרמים,550.00,100 גרם,false,1,49.90,9.07,true,1,
7290001361733,false,פס אלפחורס נטלי 550 גרם,,,פס אלפחורס נטלי,גרמים,550.00,100 גרם,false,1,49.90,9.07,true,1,
7290001361924,false,פס גבינה פרורוים 500 גר,,,פס גבינה פרורוים 500,גרמים,500.00,100 גרם,false,1,41.90,8.38,true,1,
7290001361931,false,פחזניות במילוי גבינה 350גר,,,פחזניות במילוי גבינה,גרמים,450.00,100 גרם,false,1,38.90,8.64,true,1,
7290001407769,false,טחינה משומשום מלא 500 גר בארכה,,,טחינה משומשום מלא,גרמים,500.00,100 גרם,false,1,19.20,3.84,true,1,
7290001407813,false,חלבה שאמית פיסטוק 350 גרם,,,חלבה שאמית פיסטוק 35,גרמים,350.00,100 גרם,false,1,18.20,5.20,true,1,
7290001407820,false,חלבה שאמית קלאסית 350 גרם,,,חלבה שאמית קלאסית 35,גרמים,350.00,100 גרם,false,1,18.20,5.20,true,1,
7290001427019,false,"מיץ תפוז קשת 500 מ""ל",,,"מיץ תפוז קשת 500 מ""ל",מיליליטרים,500.00,"100 מ""ל",false,1,18.90,3.78,true,1,
7290001427132,false,"מיץ רימונים 500 מ""ל",,,"מיץ רימונים 500 מ""ל",מיליליטרים,500.00,"100 מ""ל",false,1,25.90,5.18,true,1,
7290001427255,false,קשת מיץ תפוחים טבעי,,,קשת מיץ תפוחים טבעי,מיליליטרים,1000.00,"100 מ""ל",false,1,20.90,2.09,true,1,
7290001468753,false,קמח תפוא 500 גרם,,,קמח תפוא 500 גרם,גרמים,500.00,100 גרם,false,1,7.90,1.58,true,1,
7290001482094,false,פרמזנו 200 גר,,,פרמזנו 200 גר,גרמים,200.00,100 גרם,false,1,28.90,14.45,true,1,
7290001581094,false,כנפיים עוף ללא נוצות טרי,,,כנפיים עוף ללא נוצות,Unknown,0.00,"ק""ג",true,0,18.90,18.90,true,1,
7290001588352,false,אבוקדו אורגני,,,אבוקדו אורגני,Unknown,0.00,"ק""ג",true,0,38.90,38.90,true,1,
7290001588383,false,בטטה אורגנית,,,בטטה אורגנית שדות,Unknown,0.00,"ק""ג",true,0,15.90,15.90,true,1,
7290001588390,false,בננה אורגנית,,,בננה אורגנית שדות,Unknown,0.00,"ק""ג",true,0,17.90,17.90,true,1,
7290001588437,false,מלפפון אורגני,,,מלפפון אורגני שדות,Unknown,0.00,"ק""ג",true,0,14.90,14.90,true,1,
7290001588444,false,עגבניה אורגנית,,,עגבניה אורגנית שדות,Unknown,0.00,"ק""ג",true,0,14.90,14.90,true,1,
7290001588475,false,פלפל אדום אורגני,,,פלפל אדום אורגני שדו,Unknown,0.00,"ק""ג",true,0,16.90,16.90,true,1,
7290001588567,false,תפוח עץ אורגני אדום,,,תפוח עץ אורגני אדום,Unknown,0.00,"ק""ג",true,0,29.90,29.90,true,1,
7290001588604,false,לימון  אורגני,,,לימון  אורגני שדות,Unknown,0.00,"ק""ג",true,0,19.90,19.90,true,1,
7290001588703,false,גזר ארוז מגשית אורגני,,,גזר ארוז מגשית אורגנ,Unknown,0.00,"ק""ג",true,0,14.90,14.90,true,1,
7290001594025,false,קוקה קולה קלאסי 350 מל,,,קוקה קולה קלאסי 350,מיליליטרים,350.00,"100 מ""ל",false,1,6.60,1.89,true,1,
7290001594155,false,"קוקה קולה 500 מ""ל",,,"קוקה קולה 500 מ""ל",מיליליטרים,500.00,"100 מ""ל",false,1,8.50,1.70,true,1,
7290001594179,false,"פאנטה אורנג 500 מ""ל",,,"פאנטה אורנג 500 מ""ל",מיליליטרים,500.00,"100 מ""ל",false,1,8.50,1.70,true,1,
7290001594377,false,"פריגת תפוזים 500 מ""ל",,,"פריגת תפוזים 500 מ""ל",מיליליטרים,500.00,"100 מ""ל",false,1,5.90,1.18,true,1,
7290001594391,false,פריגת ענבים 500,,,פריגת ענבים 500,מיליליטרים,500.00,"100 מ""ל",false,1,5.90,1.18,true,1,
7290001594544,false,טובורג מאלט בקבוק 330 מ|ל,,,טובורג מאלט בקבוק 33,מיליליטרים,330.00,"100 מ""ל",false,1,6.50,1.97,true,1,
7290001594568,false,"קרלסברג פחית 500 מ""ל",,,"קרלסברג פחית 500 מ""ל",מיליליטרים,500.00,"100 מ""ל",false,1,9.90,1.98,true,1,
7290001594575,false,"טובורג 500 מ""ל",,,"בירה טובורג 500 מ""ל",מיליליטרים,500.00,"100 מ""ל",false,1,9.90,1.98,true,1,
7290001594858,false,"טובורג רד שישייה בקבוק 330 מ""ל",,,טובורג רד שישייה בקב,מיליליטרים,1980.00,"100 מ""ל",false,1,39.90,2.02,true,1,
7290001594865,false,"קרלסברג שישיה בקבוק 330 מ""ל",,,קרלסברג שישיה בקבוק,מיליליטרים,1980.00,"100 מ""ל",false,1,36.90,1.86,true,1,
7290001780800,false,קראנץ ליבת נוגט,,,קראנץ ליבת נוגט,Unknown,0.00,Unknown,false,1,10.90,10.90,true,1,
7290001791349,false,פסגה אקונומיקה 4 ליטר,,,פסגה אקונומיקה 4 ליט,ליטרים,0.00,ליטר,false,1,11.90,11.90,true,1,
7290001901656,false,היימיש פיש הדג המיוחד 7 קציצות 600 גרם,,,היימיש פיש הדג המיוח,גרמים,600.00,100 גרם,false,1,18.90,3.15,true,1,
7290001901670,false,גפילטע פיש גולד ללא סוכר 470 ג הדג המיוח,,,גפילטע פיש גולד ללא,גרמים,470.00,100 גרם,false,1,25.90,5.51,true,1,
7290001975992,false,"בירה ויינשטפן 330 מ""ל",,,"בירה ויינשטפן 330 מ""",מיליליטרים,330.00,"100 מ""ל",false,1,14.90,4.52,true,1,
7290001990117,false,שומשום 100 גרם,,,שומשום 100 גרם,גרמים,100.00,100 גרם,false,1,4.70,4.70,true,1,
7290002037569,false,שישיית לחמניות באניס,,,שישיית לחמניות באניס,גרמים,450.00,100 גרם,false,1,14.90,3.31,true,1,
7290002037637,false,מארז 4 חליות מתוקות,,,מארז 4 חליות מתוקות,גרמים,360.00,100 גרם,false,1,14.50,4.03,true,1,
7290002053088,false,אטריות ביצים מס 8 200 גר,,,אטריות ביצים מס 8 20,גרמים,200.00,100 גרם,false,1,8.70,4.35,true,1,
7290002053118,false,אטריות ביצים 14 200 גר,,,אטריות ביצים 14 200,גרמים,200.00,100 גרם,false,1,8.70,4.35,true,1,
7290002073628,false,גאודה אגוזים הולנדי במשקל,,,גאודה אגוזים הולנדי,Unknown,0.00,"ק""ג",true,0,147.00,147.00,true,1,
7290002073864,false,תום כבשים דותן במשקל,,,תום כבשים דותן במשקל,Unknown,0.00,"ק""ג",true,0,196.00,196.00,true,1,
7290002107965,false,צוריאל גבינה טבורוג 5% 500 גר,,,צוריאל גבינה טבורוג,גרמים,500.00,100 גרם,false,1,26.90,5.38,true,1,
7290002130567,false,דבש טהור יד מרדכי 350 גרם,,,דבש טהור יד מרדכי 35,גרמים,350.00,100 גרם,false,1,21.90,6.26,true,1,
7290002130574,false,דבש טהור 500 גר יד מרדכי זכוכית,,,דבש טהור יד מרדכי500,גרמים,500.00,100 גרם,false,1,29.90,5.98,true,1,
7290002208464,false,קשקבל כבשים משק דותן 200 גרם,,,קשקבל כבשים משק דותן,גרמים,200.00,100 גרם,false,1,42.90,21.45,true,1,
7290002253006,false,שום כתוש בצנצנת 200 גר דורות,,,שום כתוש בצנצנת 200,גרמים,200.00,100 גרם,false,1,19.90,9.95,true,1,
7290002253105,false,מגשית שום טרי דורות 80ג,,,מגשית שום טרי דורות,גרמים,80.00,100 גרם,false,1,16.90,21.13,true,1,
7290002304609,false,קונפיטורה ביתי ענבי ציון תות 600 גרם,,IL,קונפיטורה ביתי ענבי,גרמים,600.00,100 גרם,false,1,19.90,3.32,true,1,
7290002304630,false,קונפיטורה ביתי ענבי ציון דובדבן 600 גרם,,IL,קונפיטורה ביתי ענבי,גרמים,600.00,100 גרם,false,1,19.90,3.32,true,1,
7290002331025,false,נביעות 500 מל פקק ספורט,,,"נביעות 500 מ""ל",מיליליטרים,500.00,"100 מ""ל",false,1,5.90,1.18,true,1,
7290002331094,false,נביעות בודד 755 מל,,,"נביעות בודד 755 מ""ל",מיליליטרים,755.00,"100 מ""ל",false,1,5.90,0.78,true,1,
7290002331124,false,מים נביעות בטעם תפוח 0.5 ליטר,,,מים נביעות בטעם תפוח,מיליליטרים,500.00,"100 מ""ל",false,1,7.90,1.58,true,1,
7290002331155,false,מים נביעות בטעם אפרסק  0.5 ליטר,,,מים נביעות בטעם אפרס,מיליליטרים,500.00,"100 מ""ל",false,1,7.90,1.58,true,1,
7290002331360,false,"שישיית מים נביעות 500 מ""ל",,,שישיית מים נביעות,מיליליטרים,3000.00,"100 מ""ל",false,1,16.90,0.56,true,1,
7290002331421,false,שישיית נביעות 755 מל,,,"שישיית נביעות 755 מ""",מיליליטרים,4530.00,"100 מ""ל",false,1,17.90,0.40,true,1,
7290002331711,false,מים נביעות בטעם ענבים  0.5 ליטר,,,מים נביעות בטעם ענבי,מיליליטרים,500.00,"100 מ""ל",false,1,7.90,1.58,true,1,
7290002353836,false,סרדינים רוברט בשמן זית 120 גר,,,סרדינים רוברט בשמן,גרמים,120.00,100 גרם,false,1,8.90,7.42,true,1,
7290002360230,false,חרדל דיזון גרגרים 210 גרם בורנייר,,,חרדל דיזון גרגרים 21,גרמים,200.00,100 גרם,false,1,16.70,8.35,true,1,
7290002371533,false,סלסולי פסטרמה ודבש 120 גר טירת צבי,,,סלסולי פסטרמה ודבש 1,גרמים,120.00,100 גרם,false,1,17.90,14.92,true,1,
7290002371540,false,קורנביף 120 גר טירת מבי,,,קורנביף 120 גר,גרמים,120.00,100 גרם,false,1,17.90,14.92,true,1,
7290002374312,false,שמן קנולה 1 ליטר,,,שמן קנולה 1 ליטר,מיליליטרים,1000.00,"100 מ""ל",false,1,12.90,1.29,true,1,
7290002421160,false,גבינת פטה 19% 160 גרם,,,גבינת פטה 19% 160 גר,גרמים,160.00,100 גרם,false,1,28.20,17.63,true,1,
7290002421443,false,גבינת צדר 180 גרם,,,גבינת צדר 180 גרם,גרמים,180.00,100 גרם,false,1,32.40,18.00,true,1,
7290002477556,false,כבד עוף טרי,,,כבד עוף טרי,Unknown,0.00,"ק""ג",true,0,22.90,22.90,true,1,
7290002543046,false,קלוגס פרוסטיס 750 גרם,,,קלוגס פרוסטיס 750 גר,גרמים,750.00,100 גרם,false,1,24.90,3.32,true,1,
7290002543237,false,קלוגס קורן פלקס 750 גרם,,,קלוגס קורן פלקס 750,גרמים,750.00,100 גרם,false,1,17.90,2.39,true,1,
7290002551003,false,טונה סטארקיסט בשמן 160 גרם,,,טונה סטארקיסט בשמן,גרמים,160.00,100 גרם,false,1,8.20,5.13,true,1,
7290002551010,false,טונה סטארקיסט במים 160 גרם,,,טונה סטארקיסט במים,גרמים,160.00,100 גרם,false,1,8.20,5.13,true,1,
7290002566175,false,חטיף שומשום בתוספת סילאן טבעי 180 גרם,,IL,חטיף שומשום בתוספת ס,גרמים,180.00,100 גרם,false,1,18.90,10.50,true,1,
7290002566946,false,חטיף בוטנים 180 גרם,,,חטיף בוטנים 180 גרם,גרמים,180.00,100 גרם,false,1,18.90,10.50,true,1,
7290002617013,false,מונטניולו גרמני במשקל,,,מונטניולו גרמני במשק,Unknown,0.00,"ק""ג",true,0,177.00,177.00,true,1,
7290002617518,false,צוריסוס עגל קפוא,,,צוריסוס עגל קפוא,Unknown,0.00,"ק""ג",true,0,72.90,72.90,true,1,
7290002661962,false,פריך קינואה 150 גרם,,HU,פריך קינואה 150 גרם,גרמים,150.00,100 גרם,false,1,7.50,5.00,true,1,
7290002661979,false,פריך פישתן 150 גרם,,HU,פריך פישתן 150 גרם,גרמים,150.00,100 גרם,false,1,7.50,5.00,true,1,
7290002692393,false,שמן קנולה עץ הזית 1 ל מועשר,,,שמן קנולה עץ הזית 1,מיליליטרים,1000.00,"100 מ""ל",false,1,16.90,1.69,true,1,
7290002697114,false,10 פיתות עבודת יד,,,10 פיתות עבודת יד,גרמים,500.00,100 גרם,false,1,17.90,3.58,true,1,
7290002697176,false,פיתה תימנית 5 יחידות עבודת יד,,,פיתה תימנית 5 יחידות,גרמים,500.00,100 גרם,false,1,8.90,1.78,true,1,
7290002715511,false,מרק בשר מגיק בכוס 70 גרם,,,מרק בשר מגיק בכוס 70,גרמים,70.00,100 גרם,false,1,5.50,7.86,true,1,
7290002715528,false,מרק ירקות מגיק בכוס 70 גרם,,,מרק ירקות מגיק בכוס,גרמים,70.00,100 גרם,false,1,5.50,7.86,true,1,
7290002730262,false,פלמוליב לכלים אקטיב קלאסי 750 ירוק,,,פלמוליב לכלים אקטיב,מיליליטרים,750.00,"100 מ""ל",false,1,13.90,1.85,true,1,
7290002730675,false,"משחת שיניים קולגייט משפחתי 100 מ""ל",,,משחת שיניים קולגייט,Unknown,0.00,Unknown,false,1,10.90,10.90,true,1,
7290002752349,false,מנטוס מנטה גליל,,NL,מנטוס מנטה גליל 37 ג,גרמים,37.00,100 גרם,false,1,3.60,9.73,true,1,
7290002824183,false,סקי משפחתי 5% 500 גרם,,,סקי משפחתי 5% 500 גר,גרמים,500.00,100 גרם,false,1,9.96,1.99,true,1,
7290002824466,false,יוגורט דנונה ביו 0% 200 גרם,,,יוגורט דנונה ביו 0%,מיליליטרים,200.00,"100 מ""ל",false,1,3.70,1.85,true,1,
7290002825722,false,כרוב אדום 500 גר,,,כרוב אדום 500 גר,גרמים,500.00,100 גרם,false,1,17.70,3.54,true,1,
7290002868996,false,קוטג 5% מועשר 250 גרם,,,קוטג 5% מועשר 250 גר,גרמים,250.00,100 גרם,false,1,6.50,2.60,true,1,
7290002879237,false,סומבררו ברבקיו 200 גר,,,סומבררו ברבקיו 200 ג,מיליליטרים,200.00,"100 מ""ל",false,1,18.90,9.45,true,1,
7290002881025,false,מעדן דובדבן חמוץ 100% 284 גרם,,,מעדן דובדבן חמוץ 100,גרמים,284.00,100 גרם,false,1,15.90,5.60,true,1,
7290002881209,false,רסק תפוחי עץ 720 גרם צנצנת,,,רסק תפוחי עץ 720 גרם,גרמים,720.00,100 גרם,false,1,12.80,1.78,true,1,
7290002881865,false,פטריות חתוכות 400 גר תומר,,,פטריות חתוכות 400 גר,גרמים,400.00,100 גרם,false,1,5.90,1.48,true,1,
7290002900566,false,"פסטרמה ברביקיו ד""ש 360 גטירת צבי",,,"פסטרמה ברביקיו ד""ש 3",גרמים,360.00,100 גרם,false,1,27.90,7.75,true,1,
7290002971009,false,"קמח לבן שטיבל 1 ק""ג",,,"קמח לבן שטיבל 1 ק""ג",גרמים,1000.00,100 גרם,false,1,4.80,0.48,true,1,
7290002971207,false,קמח רב תכליתי מס 1 שטיבל 1 קג,,,קמח רב תכליתי מס 1 ש,גרמים,1000.00,100 גרם,false,1,10.10,1.01,true,1,
7290002971214,false,"קמח לחם מעושר מס 2 1 ק""ג",,,קמח לחם מעושר מס 2 1,גרמים,1000.00,100 גרם,false,1,11.10,1.11,true,1,
7290002971955,false,"קמח שטיבל 650 ללא ניפוי 1 ק""ג",,,קמח שטיבל 650 ללא ני,גרמים,1000.00,100 גרם,false,1,9.50,0.95,true,1,
7290002972365,false,"קמח שטיבל 13 ללא ניפוי 1 ק""ג",,,קמח שטיבל 13 ללא ניפ,גרמים,1000.00,100 גרם,false,1,9.50,0.95,true,1,
7290003009640,false,סחוט טרי תפוז 1 ליטר,,,סחוט טרי תפוז 1 ליטר,מיליליטרים,1000.00,"100 מ""ל",false,1,19.90,1.99,true,1,
7290003024001,false,גבינה ברי צרפתי במשקל,,,גבינה ברי צרפתי,Unknown,0.00,"ק""ג",true,0,189.00,189.00,true,1,
7290003024513,false,גבינת פקורינו טוסקנו שקיל,,,גבינת פקורינו טוסקנו,Unknown,0.00,"ק""ג",true,0,273.00,273.00,true,1,
7290003029181,false,שוקו 1ליטר בקבוק,,IL,שוקו בקבוק יטבתה,מיליליטרים,1000.00,"100 מ""ל",false,1,12.50,1.25,true,1,
7290003029433,false,"שוקו פקק יטבתה 250 מ""ל",,,שוקו פקק יטבתה 250 מ,מיליליטרים,250.00,"100 מ""ל",false,1,5.70,2.28,true,1,
7290003029532,false,מוקה בקבוק 1 ליטר,,,מוקה בקבוק 1 ליטר,מיליליטרים,1000.00,"100 מ""ל",false,1,12.50,1.25,true,1,
7290003029907,false,קפה יטבתה 1 ליטר,,,קפה יטבתה 1ליטר,מיליליטרים,1000.00,"100 מ""ל",false,1,12.50,1.25,true,1,
7290003054190,false,לחם שיפון 3 דגנים 500 גרם,,,לחם שיפון 3 דגנים 50,גרמים,500.00,100 גרם,false,1,15.90,3.18,true,1,
7290003054206,false,לחם שיפון חמניות 500 גרם,,,לחם שיפון חמניות 500,גרמים,500.00,100 גרם,false,1,15.90,3.18,true,1,
7290003054657,false,חרדל דיזיון 370 גר,,,חרדל דיזיון 370 גר,גרמים,370.00,100 גרם,false,1,13.90,3.76,true,1,
7290003072606,false,מיני נקניקיות עוף טירת צבי 350 גר,,IL,מיני נקניקיות עוף טי,גרמים,350.00,100 גרם,false,1,14.90,4.26,true,1,
7290003072811,false,נקניקיות בראטוורסט 320 גרם,,IL,נקניקיות בראטוורסט 3,גרמים,320.00,100 גרם,false,1,27.90,8.72,true,1,
7290003072828,false,נקניקיות פרנקפורטר 320 גרם,,IL,נקניקיות פרנקפורטר 3,גרמים,320.00,100 גרם,false,1,27.90,8.72,true,1,
7290003072835,false,נקניקיות קנאקוורסט 320 גרם,,IL,נקניקיות קנאקוורסט 3,גרמים,320.00,100 גרם,false,1,27.90,8.72,true,1,
7290003094400,false,קוויאר פחיות 140 גר,,,קוויאר פחיות 140 גר,Unknown,0.00,Unknown,false,1,45.90,45.90,true,1,
7290003126958,false,טופו גולמי 300גר,,,טופו גולמי 300גר,גרמים,300.00,100 גרם,false,1,14.90,4.97,true,1,
7290003144310,false,תערובת אגוזים וחמוציות קליית גת 150 גרם,,,תערובת אגוזים וחמוצי,גרמים,150.00,100 גרם,false,1,22.90,15.27,true,1,
7290003208586,false,"וורמוט מרטיני לבן 750 מ""ל",,,וורמוט מרטיני לבן 75,Unknown,0.00,Unknown,false,1,54.90,54.90,true,1,
7290003208609,false,"וורמוט מרטיני אדום מתוק 750 מ""ל",,,וורמוט מרטיני אדום מ,Unknown,0.00,Unknown,false,1,54.90,54.90,true,1,
7290003208647,false,"יין מבעבע מרטיני ברוט 750 מ""ל",,,יין מבעבע מרטיני ברו,Unknown,0.00,Unknown,false,1,76.90,76.90,true,1,
7290003229109,false,פסטרמה בפפריקה 400 גרםטירת צבי,,,פסטרמה בפפריקה 400 ג,גרמים,400.00,100 גרם,false,1,30.90,7.73,true,1,
7290003229116,false,פסטרמה בדבש 400 גרםטירת צבי,,,פסטרמה בדבש 400 גרם,גרמים,400.00,100 גרם,false,1,30.90,7.73,true,1,
7290003229123,false,פסטרמה על גחלים 400 גרםטירת צבי,,,פסטרמה על גחלים,גרמים,400.00,100 גרם,false,1,30.90,7.73,true,1,
7290003229192,false,כתף בקר מעושן 400 גרםטירת צבי,,,כתף בקר מעושן 400 גר,גרמים,400.00,100 גרם,false,1,32.90,8.23,true,1,
7290003229208,false,פסטרמה ספרדית 360 גרטירת צבי,,,פסטרמה ספרדית 360 גר,גרמים,360.00,100 גרם,false,1,33.50,9.31,true,1,
7290003321155,false,דנונה בר פקאן 183 גר,,,דנונה בר פקאן 183 גר,גרמים,183.00,100 גרם,false,1,4.80,2.62,true,1,
7290003400500,false,חטיף הרשי ריזס נאטרייגיס 47 גרם,,,חטיף הרשי ריזס,גרמים,47.00,100 גרם,false,1,5.90,12.55,true,1,
7290003414406,false,ריזס נטיפי לאפייה 283 גרם,,,ריזס נטיפי לאפייה 28,גרמים,283.00,100 גרם,false,1,19.80,7.00,true,1,
7290003423909,false,חטיף הרשי קוקיס קרם לבן 43 גרם,,,חטיף הרשי קוקיס קרם,Unknown,0.00,Unknown,false,1,5.50,5.50,true,1,
7290003444009,false,חטיף הרשי ריזס שוקולד חלב  42 גר,,,חטיף הרשי ריזס שוקול,גרמים,42.00,100 גרם,false,1,4.50,10.71,true,1,
7290003450602,false,חרדל היינץ לחיץ 255 גרם,,,ממרח חרדל צהוב היינץ,גרמים,255.00,100 גרם,false,1,12.90,5.06,true,1,
7290003457991,false,קורנטו קלאסיק וניל 6 יח,,,קורנטו קלאסיק וניל 6,גרמים,360.00,100 גרם,false,1,38.90,10.81,true,1,
7290003514007,false,שקדי מרק מנה  400 גרם,,,שקדי מרק מנה  400 גר,גרמים,400.00,100 גרם,false,1,10.90,2.73,true,1,
7290003610129,false,בשר טחון טרי לקבב/המבורגר,,,בשר טחון טרי,Unknown,0.00,"ק""ג",true,0,42.90,42.90,true,1,
7290003643004,false,"אורז בסמטי 1 ק""ג",,,"אורז בסמטי 1 ק""ג",גרמים,1000.00,100 גרם,false,1,14.90,1.49,true,1,
7290003643127,false,אבקת אפיה 10*10 גרם,,,אבקת אפיה 10*10 גרם,גרמים,100.00,100 גרם,false,1,2.90,2.90,true,1,
7290003643134,false,סוכר וניל 10*10 גרם,,,סוכר וניל 10*10 גרם,גרמים,100.00,100 גרם,false,1,2.90,2.90,true,1,
7290003643387,false,סוכר לבן בצנצנת 1 קג,,,"סוכר לבן בצנצנת 1 ק""",גרמים,1000.00,100 גרם,false,1,8.90,0.89,true,1,
7290003643646,false,"סוכר חום דמררה צנצנת 1 ק""ג",,,סוכר חום דמררה צנצנת,גרמים,1000.00,100 גרם,false,1,14.20,1.42,true,1,
7290003643684,false,אפונה 500 גרם,,,אפונה 500 גרם,גרמים,500.00,100 גרם,false,1,7.90,1.58,true,1,
7290003643738,false,חיטה 500 גרם,,,חיטה 500 גרם,גרמים,500.00,100 גרם,false,1,4.80,0.96,true,1,
7290003643745,false,כוסמת 500 גרם,,,כוסמת 500 גרם,גרמים,500.00,100 גרם,false,1,7.90,1.58,true,1,
7290003643752,false,עדשים ירוקים 500 גרם,,,עדשים ירוקים 500 גרם,גרמים,500.00,100 גרם,false,1,8.50,1.70,true,1,
7290003643769,false,עדשים אדומים 500 גרם,,,עדשים אדומים 500 גרם,גרמים,500.00,100 גרם,false,1,8.90,1.78,true,1,
7290003643776,false,פופקורן 500 גרם,,,פופקורן 500 גרם,גרמים,500.00,100 גרם,false,1,6.50,1.30,true,1,
7290003643783,false,קוקוס 100 גרם,,,קוקוס 100 גרם,גרמים,100.00,100 גרם,false,1,4.70,4.70,true,1,
7290003643806,false,שעועית לבנה 500 גרם,,,שעועית לבנה 500 גרם,גרמים,500.00,100 גרם,false,1,12.90,2.58,true,1,
7290003643813,false,שעועית אדומה 500 גרם,,,שעועית אדומה 500 גרם,גרמים,500.00,100 גרם,false,1,12.90,2.58,true,1,
7290003726615,false,טופו וילר 300 גר,,,טופו וילר 300 גר,גרמים,300.00,100 גרם,false,1,13.00,4.33,true,1,
7290003779093,false,סלרי עלים,,,סלרי עלים,Unknown,0.00,Unknown,false,1,5.90,5.90,true,1,
7290003781065,false,מלפפונים בסגנון צרפת,,VN,מלפפונים בסגנון צרפת,ליטרים,0.68,ליטר,false,1,11.90,17.50,true,1,
7290003781652,false,צלפים 350 גרם,,TR,צלפים 350 גרם,גרמים,350.00,100 גרם,false,1,11.60,3.31,true,1,
7290003864478,false,סרדינים בשמן צמחי 100 גרם פתח -קל,,,סרדינים בשמן צמחי 11,גרמים,110.00,100 גרם,false,1,5.50,5.00,true,1,
7290003864485,false,סרדינים ברוטב עגבניות 100 גרם פתח -קל,,,סרדינים ברוטב עגבניו,גרמים,110.00,100 גרם,false,1,5.50,5.00,true,1,
7290003864492,false,סרדינים בשמן צמחי חריף 100 גרם פתח -קל,,,סרדינים בשמן צמחי חר,גרמים,110.00,100 גרם,false,1,5.50,5.00,true,1,
7290003882922,false,עלי גפן ממולאות באורז 400 גרם,,,עלי גפן ממולאות באור,גרמים,400.00,100 גרם,false,1,9.90,2.48,true,1,
7290003989096,false,חציל פיקנטי אחלה 500 גרם,,,חציל פיקנטי אחלה 500,גרמים,500.00,100 גרם,false,1,20.70,4.14,true,1,
7290004011338,false,ריץ קצפת במיכל 250 גר חלבי,,,ריץ קצפת במיכל 250 ג,גרמים,250.00,100 גרם,false,1,14.90,5.96,true,1,
7290004030018,false,"מיץ לימון 100% סחוט טבעי 500 מ""ל",,,מיץ לימון 100% סחוט,מיליליטרים,500.00,"100 מ""ל",false,1,8.00,1.60,true,1,
7290004030445,false,מיץ תפוזים 1 ליטר,,,מיץ תפוזים 1 ליטר,מיליליטרים,1000.00,"100 מ""ל",false,1,16.90,1.69,true,1,
7290004030612,false,מיץ קיווי אגס 90% 1 ל,,,מיץ קיווי אגס 90% 1,מיליליטרים,1000.00,"100 מ""ל",false,1,19.90,1.99,true,1,
7290004033736,false,לחם עננים בסגנון בריוש 750 גרם,,IL,לחם עננים בסגנון ברי,גרמים,750.00,100 גרם,false,1,16.90,2.25,true,1,
7290004033835,false,לחמניות לבנות ללא גלוטן 200 גרם,,,לחמניות לבנות ללא גל,קילוגרמים,0.20,"ק""ג",false,1,18.50,92.50,true,1,
7290004050788,false,בייקון 170 גר,,,בייקון 170 גר,גרמים,170.00,100 גרם,false,1,52.00,30.59,true,1,
7290004050856,false,סלמי מילאנו פרוס 170 גר,,,סלמי מילאנו פרוס 170,גרמים,170.00,100 גרם,false,1,35.00,20.59,true,1,
7290004050887,false,פרושוטו 120 גר,,,פרושוטו 120 גר,גרמים,120.00,100 גרם,false,1,41.90,34.92,true,1,
7290004050948,false,סלמי כפרית פרוס 170 גר,,,סלמי כפרית פרוס 170,גרמים,170.00,100 גרם,false,1,36.00,21.18,true,1,
7290004050955,false,פטה כבד עוף 170 גר,,,פטה כבד עוף 170 גר,גרמים,170.00,100 גרם,false,1,17.90,10.53,true,1,
7290004050986,false,רו בייקון 170 גר,,,רו בייקון 170 גר,גרמים,170.00,100 גרם,false,1,59.90,35.24,true,1,
7290004051044,false,סלמי הונגרי פרוס 170גר,,,סלמי הונגרי פרוס 170,גרמים,170.00,100 גרם,false,1,36.50,21.47,true,1,
7290004051068,false,שינקן מעושן פרוס 200 גר,,,שינקן מעושן פרוס 200,גרמים,200.00,100 גרם,false,1,33.50,16.75,true,1,
7290004051136,false,סלמי צרפתי פרוס 170 גר,,,סלמי צרפתי פרוס,גרמים,170.00,100 גרם,false,1,36.50,21.47,true,1,
7290004051150,false,סלמי רו סרוולט 170 גר,,,סלמי רו סרוולט 170 ג,גרמים,170.00,100 גרם,false,1,36.50,21.47,true,1,
7290004051167,false,ברזאולה 120 גר,,,ברזאולה 120 גר,גרמים,120.00,100 גרם,false,1,47.90,39.92,true,1,
7290004051334,false,פפרוני עגל 170 גר,,,פפרוני עגל 170 גר,גרמים,170.00,100 גרם,false,1,32.90,19.35,true,1,
7290004051365,false,קרפצו 120 גר,,,קרפצו 120 גר,גרמים,120.00,100 גרם,false,1,36.90,30.75,true,1,
7290004051419,false,ממרח כבד מיני 220 גר,,,ממרח כבד מיני 220 גר,גרמים,220.00,100 גרם,false,1,18.90,8.59,true,1,
7290004051792,false,נקניקיות קוקטייל 900 גר,,,נקניקיות קוקטייל 900,גרמים,900.00,100 גרם,false,1,55.90,6.21,true,1,
7290004052041,false,קבנוס קלאסי 210 גר,,,קבנוס קלאסי 210 גר,גרמים,210.00,100 גרם,false,1,31.50,15.00,true,1,
7290004052317,false,סלמי פפרוני 170 גר,,,סלמי פפרוני 170 גר,גרמים,170.00,100 גרם,false,1,36.50,21.47,true,1,
7290004052690,false,נקניקיות פרגית 600 גר,,,נקניקיות פרגית 600 ג,גרמים,600.00,100 גרם,false,1,23.90,3.98,true,1,
7290004053192,false,נקניקיות עגל 600 גר,,,נקניקיות עגל 600 גר,גרמים,600.00,100 גרם,false,1,26.90,4.48,true,1,
7290004053291,false,קרפלך עגל בטעם ביתי 600 גר,,,קרפלך עגל בטעם ביתי,גרמים,600.00,100 גרם,false,1,23.00,3.83,true,1,
7290004054243,false,גיוזה ירקות 320 גר,,,גיוזה ירקות 320 גר,גרמים,320.00,100 גרם,false,1,36.90,11.53,true,1,
7290004054267,false,נקניקיות פרנקפורטר 900 גר,,,נקניקיות פרנקפורטר,גרמים,900.00,100 גרם,false,1,56.90,6.32,true,1,
7290004055271,false,פניני קבנוס 150 גר,,,פניני קבנוס 150 גר,גרמים,150.00,100 גרם,false,1,34.90,23.27,true,1,
7290004063016,false,"מלח דק 1 ק""ג",,,"מלח דק 1 ק""ג",גרמים,1000.00,100 גרם,false,1,2.07,0.21,true,1,
7290004063115,false,"מלח מטבח רגיל 1 ק""ג",,,"מלח מטבח גס 1 ק""ג",גרמים,1000.00,100 גרם,false,1,2.07,0.21,true,1,
7290004063153,false,"מלח ים אטלנטי טבעי 1 ק""ג",,,מלח ים אטלנטי טבעי 1,גרמים,1000.00,100 גרם,false,1,21.90,2.19,true,1,
7290004064099,false,מטחנה מלח מהרי ההימלאיה 250 ג מלח הארץ,,,מטחנה מלח מהרי ההימל,גרמים,250.00,100 גרם,false,1,18.90,7.56,true,1,
7290004119225,false,יופלה אננס 3% 150 גר,,,יופלה אננס 3% 150 גר,גרמים,150.00,100 גרם,false,1,5.40,3.60,true,1,
7290004120108,false,דיאט יופלה דובדבן 150 גר,,,דיאט יופלה דובדבן 15,גרמים,150.00,100 גרם,false,1,5.40,3.60,true,1,
7290004120566,false,גבינה בולגרית פיראוס 24% 250 גרם,,,גבינה בולגרית פיראוס,גרמים,250.00,100 גרם,false,1,24.90,9.96,true,1,
7290004120573,false,גבינה בולגרית פיראוס 16% 250 גרם,,,גבינה בולגרית פיראוס,גרמים,250.00,100 גרם,false,1,24.90,9.96,true,1,
7290004120634,false,גבינה פיראוס בולגרית 5%  250 גרם,,,גבינה פיראוס בולגרית,גרמים,250.00,100 גרם,false,1,24.90,9.96,true,1,
7290004121488,false,דיאט יופלה אפרסק 150 גר,,,דיאט יופלה אפרסק 150,מיליליטרים,150.00,"100 מ""ל",false,1,5.40,3.60,true,1,
7290004121754,false,יופלה עוגת גבינה ותות 3% 150 גר,,,יופלה עוגת גבינה,גרמים,150.00,100 גרם,false,1,5.40,3.60,true,1,
7290004121839,false,גבינה פטה פיראוס 250 גרם,,,גבינה פטה פיראוס 250,גרמים,250.00,100 גרם,false,1,29.50,11.80,true,1,
7290004122195,false,גבינה צהובה גוש חלב 200 גרם,,,גבינה צהובה גוש חלב,גרמים,200.00,100 גרם,false,1,15.50,7.75,true,1,
7290004122270,false,גבינה עמק פרוס בקופסה 28% 200 גרם,,,גבינה עמק פרוס בקופס,גרמים,200.00,100 גרם,false,1,16.90,8.45,true,1,
7290004122348,false,גבינת עמק לייט פרוס בקופסא 200 גרם,,,גבינת עמק לייט פרוס,גרמים,200.00,100 גרם,false,1,16.80,8.40,true,1,
7290004122683,false,אצבעות עמק 172 גר,,,אצבעות עמק 172 גר,גרמים,172.00,100 גרם,false,1,16.90,9.83,true,1,
7290004125400,false,"שלי אשל 200 מ""ל",,,"שלי אשל 200 מ""ל",מיליליטרים,200.00,"100 מ""ל",false,1,1.69,0.85,true,1,
7290004125417,false,"שלי גיל 200 מ""ל",,,"שלי גיל 200 מ""ל",מיליליטרים,200.00,"100 מ""ל",false,1,1.50,0.75,true,1,
7290004125455,false,"שמנת חמוצה 15% 200 מ""ל",,,שמנת חמוצה 15% 200 מ,גרמים,200.00,100 גרם,false,1,2.40,1.20,true,1,
7290004125462,false,"שמנת חמוצה 15% 500 מ""ל",,,שמנת חמוצה 15% 500 מ,מיליליטרים,500.00,"100 מ""ל",false,1,6.00,1.20,true,1,
7290004125509,false,"שמנת חמוצה 100 מ""ל",,,"שמנת חמוצה 100 מ""ל",מיליליטרים,100.00,"100 מ""ל",false,1,1.70,1.70,true,1,
7290004125578,false,משקה סויה מועשר 1 ליטר,,,משקה סויה מועשר 1 לי,מיליליטרים,1000.00,"100 מ""ל",false,1,12.50,1.25,true,1,
7290004125585,false,משקה סויה על הבוקר 1 ליטר,,,משקה סויה על הבוקר 1,מיליליטרים,1000.00,"100 מ""ל",false,1,12.50,1.25,true,1,
7290004125721,false,"שמנת לבישול 15% השף הלבן 250 מ""ל",,,שמנת לבישול 15% השף,גרמים,250.00,100 גרם,false,1,8.30,3.32,true,1,
7290004125738,false,"שמנת מתוקה להקצפה 32% 250 מ""ל",,,שמנת מתוקה להקצפה 32,גרמים,250.00,100 גרם,false,1,6.90,2.76,true,1,
7290004125776,false,עמק פרוס בקופסה 400גר 28%,,,עמק פרוס בקופסה 400ג,גרמים,400.00,100 גרם,false,1,30.30,7.58,true,1,
7290004126674,false,טל העמק לייט 200 גרם,,,טל העמק לייט 200 גרם,גרמים,200.00,100 גרם,false,1,18.80,9.40,true,1,
7290004126759,false,דיאט יופלה פירות יער 150 גר,,,דיאט יופלה פירות יער,גרמים,150.00,100 גרם,false,1,5.40,3.60,true,1,
7290004126872,false,"שוקו שוק בקבוק 250 מ""ל",,,שוקו שוק בקבוק 250 מ,גרמים,250.00,100 גרם,false,1,6.50,2.60,true,1,
7290004127329,false,גבינת קוטג  5% 250 גרם,,,גבינת קוטג 5% 250 גר,גרמים,250.00,100 גרם,false,1,5.70,2.28,true,1,
7290004127336,false,גבינת קוטג 9% 250 גרם,,,גבינת קוטג 9% 250 גר,גרמים,250.00,100 גרם,false,1,5.70,2.28,true,1,
7290004127800,false,גבינה לבנה למריחה 5% 500 גר,,,גבינה לבנה למריחה 5%,גרמים,500.00,100 גרם,false,1,9.96,1.99,true,1,
7290004127862,false,גבינה למריחה 5% 750 גרם,,,גבינה למריחה 5% 750,גרמים,750.00,100 גרם,false,1,14.94,1.99,true,1,
7290004128364,false,גבינת שמנת עם זיתים 5% 200ג,,,גבינת שמנת עם זיתים,גרמים,200.00,100 גרם,false,1,12.50,6.25,true,1,
7290004130794,false,משקה סויה טבעי מתיקות מופחתת 1ל,,,משקה סויה טבעי מתיקו,מיליליטרים,1000.00,"100 מ""ל",false,1,12.50,1.25,true,1,
7290004130916,false,יופלה פירות יער בשמנת 150 גר,,,יופלה פירות יער בשמנ,גרמים,150.00,100 גרם,false,1,5.40,3.60,true,1,
7290004131074,false,חלב קרטון+פקק 3% תנובה 1 ליטר,,,חלב קרטון+פקק 3% תנו,מיליליטרים,1000.00,"100 מ""ל",false,1,6.23,0.62,true,1,
7290004132552,false,דיאט סויה טבעי 1 ליטר,,,דיאט סויה טבעי 1 ליט,מיליליטרים,1000.00,"100 מ""ל",false,1,12.50,1.25,true,1,
7290004135614,false,פיראוס בולגרית מעודנת 5% 250 גר,,,פיראוס בולגרית מעודנ,גרמים,250.00,100 גרם,false,1,24.90,9.96,true,1,
7290004136857,false,גלי פטל 125גר,,,גלי פטל 125גר,גרמים,125.00,100 גרם,false,1,2.60,2.08,true,1,
7290004136864,false,גלי אננס עם חתיכות אננס 125גר,,,גלי אננס עם חתיכות א,גרמים,125.00,100 גרם,false,1,3.00,2.40,true,1,
7290004136871,false,גלי אפרסק עם חתיכות אפרסק 125גר,,,גלי אפרסק עם חתיכות,גרמים,150.00,100 גרם,false,1,3.00,2.00,true,1,
7290004137021,false,"שמנת לבישול 10%-השף הלבן 250 מ""ל",,,שמנת לבישול 10%-השף,גרמים,250.00,100 גרם,false,1,8.30,3.32,true,1,
7290004150365,false,חומוס בטטה פיקנטי פרימיום 300 גרם,,IL,חומוס בטטה פיקנטי פר,גרמים,300.00,100 גרם,false,1,16.90,5.63,true,1,
7290004386825,false,שעועית ענק ברוטב עגבניות וילי פוד 420 גר,,GR,שעועית ענק ברוטב עגב,גרמים,420.00,100 גרם,false,1,11.00,2.62,true,1,
7290004494063,false,יין דלתון פטיט סירה 750 מל,,,יין דלתון פטיט סירה,Unknown,0.00,Unknown,false,1,68.90,68.90,true,1,
7290004494179,false,יין דלתון שרדונה 750 מל,,,יין דלתון שרדונה 750,Unknown,0.00,Unknown,false,1,68.90,68.90,true,1,
7290004494315,false,יין כנען מוסקטו דלתון 750 מל,,,יין כנען מוסקטו דלתו,Unknown,0.00,Unknown,false,1,44.90,44.90,true,1,
7290004494377,false,"יין אדום שיראז סדרת דלתון 750 מ""ל",,,יין אדום שיראז סדרת,Unknown,0.00,Unknown,false,1,68.90,68.90,true,1,
7290004502997,false,"וודקה פינלנדיה 500 מ""ל",,,וודקה פינלנדיה 500 מ,מיליליטרים,500.00,"100 מ""ל",false,1,52.90,10.58,true,1,
7290004584528,false,יוגורט דנונה ביו טבעי 1.7% 200 גרם,,,יוגורט דנונה ביו טבע,גרמים,200.00,100 גרם,false,1,3.70,1.85,true,1,
7290004658960,false,יין ארמלד ריזלינג P.C לבן חצי יבש 750 מ,,,יין אמרלד ריזלינג P.,Unknown,0.00,Unknown,false,1,42.90,42.90,true,1,
7290004685010,false,שיפון פלוס לחם הארץ 500 גרם,,IL,לחם 100% שיפון מקמח,גרמים,500.00,100 גרם,false,1,18.50,3.70,true,1,
7290004685089,false,לחם חמניות 500 גרם,,,לחם חמניות 500 גרם,גרמים,500.00,100 גרם,false,1,18.50,3.70,true,1,
7290004685126,false,לחם 5 דגנים 750 גרם,,,לחם 5 דגנים 750 גרם,גרמים,750.00,100 גרם,false,1,18.50,2.47,true,1,
7290004685157,false,לחם שיפון 100%,,,לחם שיפון 100%,גרמים,750.00,100 גרם,false,1,17.90,2.39,true,1,
7290004685430,false,לחם כוסמין 100% 500 גר,,,לחם כוסמין 100% 500,גרמים,500.00,100 גרם,false,1,17.90,3.58,true,1,
7290004685447,false,שישיית לחמניות כוסמין,,IL,שישיית לחמניות כוסמי,Unknown,0.00,Unknown,false,1,16.50,16.50,true,1,
7290004731076,false,אלסבון כיף 1 ליטר,,,אלסבון כיף 1 ליטר,ליטרים,0.00,ליטר,false,1,16.00,16.00,true,1,
7290004737719,false,אספרגוס שלם מקולף 330 גרם צנצנת,,,אספרגוס שלם מקולף 33,גרמים,330.00,100 גרם,false,1,12.50,3.79,true,1,
7290005008184,false,פלמוליב נטורלס סבון נוזלי 500 כתום,,,פלמוליב נטורלס סבון,מיליליטרים,500.00,"100 מ""ל",false,1,21.90,4.38,true,1,
7290005020162,false,"וויסקי בלנטייניס 700 מ""ל",,,וויסקי בלנטיינס 700,מיליליטרים,700.00,"100 מ""ל",false,1,89.90,12.84,true,1,
7290005020346,false,"רום בקרדי לבן 750 מ""ל",,,"רום בקרדי לבן 750 מ""",מיליליטרים,750.00,"100 מ""ל",false,1,115.90,15.45,true,1,
7290005084355,false,"משחת שיניים  סנסודיין דואלקר  75 מ""ל",,,משחת שיניים  סנסודיי,גרמים,75.00,100 גרם,false,1,22.90,30.53,true,1,
7290005095573,false,מצת קליפר,,,מצת קליפר,Unknown,0.00,Unknown,false,1,7.20,7.20,true,1,
7290005174513,false,חצילים במיונז 500 גר,,,חצילים במיונז 500 גר,גרמים,500.00,100 גרם,false,1,19.70,3.94,true,1,
7290005174551,false,חומוס יום יום 125 גרם,,,חומוס יום יום 125 גר,גרמים,125.00,100 גרם,false,1,5.80,4.64,true,1,
7290005174575,false,טחינה יום יום 125 גרם,,,טחינה יום יום 125 גר,גרמים,125.00,100 גרם,false,1,5.80,4.64,true,1,
7290005197758,false,חיוכים שוקו 150 גרם,,,חיוכים שוקו 150 גרם,גרמים,150.00,100 גרם,false,1,7.20,4.80,true,1,
7290005199738,false,מסטיק MUST LL ריח פה פפרמינט 28 גר,,,מסטיק MUST LL ריח פה,Unknown,0.00,Unknown,false,1,4.90,4.90,true,1,
7290005200786,false,תפוציפס שמנת ובצל 50 גרם,,,תפוציפס שמנת ובצל 50,גרמים,50.00,100 גרם,false,1,4.90,9.80,true,1,
7290005201882,false,קפה טורקי עלית 200 גרם,,IL,קפה טורקי עלית 200 ג,גרמים,200.00,100 גרם,false,1,17.90,8.95,true,1,
7290005287206,false,טונה סטארקיסט בשמן רביעיות 4*160 גר,,,טונה סטארקיסט בשמן ר,גרמים,640.00,100 גרם,false,1,25.90,4.05,true,1,
7290005287251,false,טונה סטארקיסט במים רביעיות 4*160 גר,,,טונה סטארקיסט במים ר,גרמים,640.00,100 גרם,false,1,25.90,4.05,true,1,
7290005287534,false,טונה בשמן עישון טבעי 160 גרם פ.ק,,,טונה בשמן עישון טבעי,גרמים,160.00,100 גרם,false,1,9.40,5.88,true,1,
7290005424847,false,סנו סופט 150 מפיות לבן,,,סנו סופט 150 מפיות ל,Unknown,0.00,Unknown,false,1,8.50,8.50,true,1,
7290005426230,false,סושי מטלית הפלא לרצפה,,,סושי מטלית הפלא לרצפ,Unknown,0.00,Unknown,false,1,14.50,14.50,true,1,
7290005427107,false,שישיית סנו סושי מגבות נייר,,,שישיית סנו סושי,Unknown,0.00,Unknown,false,1,12.90,12.90,true,1,
7290005431883,false,מלבי חלבי 165 גר,,IL,מלבי חלבי 165 גר,גרמים,165.00,100 גרם,false,1,7.90,4.79,true,1,
7290005431913,false,עוגת גינה פירורים 92 גרם,,IL,עוגת גבינה פירורים,גרמים,92.00,100 גרם,false,1,7.90,8.59,true,1,
7290005431920,false,עוגת גינה פירורים לייט 78 גר,,IL,עוגת גבינה פירורים,גרמים,78.00,100 גרם,false,1,7.90,10.13,true,1,
7290005555100,false,פיקדון רביעייה,,,פיקדון רביעייה,Unknown,0.00,Unknown,false,1,1.20,1.20,true,1,
7290005555101,false,פיקדון שישייה,,,פיקדון שישייה,Unknown,0.00,Unknown,false,1,1.80,1.80,true,1,
7290005555127,false,פיקדון 30 אג,,,פיקדון 30 אג,Unknown,0.00,Unknown,false,1,0.30,0.30,true,1,
7290005559907,false,פיצה משפחתית גבינה מעדנות 500 גר,,,פיצה משפחתית גבינה,גרמים,500.00,100 גרם,false,1,24.90,4.98,true,1,
7290005559914,false,פיצה משפחתית זיתים מעדנות 550 גר,,,פיצה משפחתית זיתים מ,גרמים,550.00,100 גרם,false,1,25.90,4.71,true,1,
7290005559990,false,בצק פילאס תורכי מעדנות 600 גר,,,בצק פילאס תורכי מעדנ,גרמים,600.00,100 גרם,false,1,27.90,4.65,true,1,
7290005571022,false,צלי כתף טרי,,,צלי כתף טרי,Unknown,0.00,"ק""ג",true,0,89.90,89.90,true,1,
7290005571046,false,כתף בקר מרכזי טרי,,,כתף בקר מרכזי טרי,Unknown,0.00,"ק""ג",true,0,69.90,69.90,true,1,
7290005571176,false,ויסבארטן טרי,,,ויסבארטן טרי,Unknown,0.00,"ק""ג",true,0,69.90,69.90,true,1,
7290005571596,false,נתח סינטה עגל טרי,,,סינטה עגל טרי,Unknown,0.00,"ק""ג",true,0,99.90,99.90,true,1,
7290005591761,false,דבש טהור לחיץ פרחי בר 400 גרם,,,דבש טהור לחיץ פרחי ב,גרמים,400.00,100 גרם,false,1,24.90,6.23,true,1,
7290005610509,false,צנונית,,,צנונית,Unknown,0.00,Unknown,false,1,9.90,9.90,true,1,
7290005678318,false,אוטום קריספ,,,ענבי אוטום קריספ,Unknown,0.00,"ק""ג",true,0,34.90,34.90,true,1,
7290005678585,false,סקרלוטה ללא חרצנים,,,סקרלוטה ללא חרצנים,Unknown,0.00,"ק""ג",true,0,39.90,39.90,true,1,
7290005686436,false,תפוחי עץ 200 גרם,,,תפוחי עץ 200 גר,גרמים,200.00,100 גרם,false,1,14.50,7.25,true,1,
7290005697333,false,קממבר עיזים מנות שקיל גלילי,,,קממבר עיזים מנות שקי,Unknown,0.00,"ק""ג",true,0,194.00,194.00,true,1,
7290005697517,false,"יוגורט עיזים טבעי ביו 500 מ""ל",,,יוגורט עיזים טבעי בי,מיליליטרים,500.00,"100 מ""ל",false,1,18.90,3.78,true,1,
7290005697524,false,"יוגורט עיזים תמרים ביו 500 מ""ל",,,יוגורט עיזים תמרים ב,מיליליטרים,500.00,"100 מ""ל",false,1,18.90,3.78,true,1,
7290005697548,false,"יוגורט עיזים פירות יער ביו 500 מ""ל",,,יוגורט עיזים פירות י,מיליליטרים,500.00,"100 מ""ל",false,1,18.90,3.78,true,1,
7290005838002,false,דניאלה 88 גרם,,,דניאלה וניל 100 גרם,גרמים,88.00,100 גרם,false,1,4.30,4.89,true,1,
7290005839108,false,סימפוניה 5% עם זיתים 200 גרם,,,סימפוניה 5% עם זיתים,גרמים,200.00,100 גרם,false,1,12.90,6.45,true,1,
7290005896620,false,מים סאן בנדטו 1.5 ל מוגז,,,מים סאן בנדטו 1.5 ל,ליטרים,0.00,ליטר,false,1,3.60,3.60,true,1,
7290005896637,false,מים סאן בנדיטו 1.5 ליטר,,IL,מים סאן בנדיטו 1.5 ל,ליטרים,0.00,ליטר,false,1,4.00,4.00,true,1,
7290005992575,false,בולגרית למריחה 250 גר,,,בולגרית למריחה 250 ג,גרמים,250.00,100 גרם,false,1,20.50,8.20,true,1,
7290005992735,false,גבינה לבנה טבעית 250 גר,,,גבינה לבנה טבעית 250,גרמים,250.00,100 גרם,false,1,13.50,5.40,true,1,
7290006189358,false,סטייק אנטריקוט מוצר בשר מעובד מופשר,,,אנטריקוט מעובד מופשר,Unknown,0.00,"ק""ג",true,0,109.90,109.90,true,1,
7290006190765,false,גבינת גרוייר רזרב שוויצרי במשקל,,,גבינת גרוייר רזרב,Unknown,0.00,"ק""ג",true,0,241.00,241.00,true,1,
7290006194022,false,גורגונזולה דולצה איטלקי במשקל,,,גורגונזולה דולצה,Unknown,0.00,"ק""ג",true,0,199.00,199.00,true,1,
7290006229427,false,שישיית מים מינרלים סאן בנדטו 500 מל,,,שישיית מים מינרלים ס,ליטרים,0.02,ליטר,false,1,14.90,745.00,true,1,
7290006241214,false,שקד טבעי 200 ג שקית,,,שקד טבעי 200 ג שקית,גרמים,200.00,100 גרם,false,1,21.90,10.95,true,1,
7290006265500,false,פטריות שמפיניון ארוז,,,פטריות שמפיניון ארוז,Unknown,0.00,Unknown,false,1,12.90,12.90,true,1,
7290006271181,false,גחנון אפוי 750גר מעדנות,,,גחנון אפוי 750 גר,גרמים,750.00,100 גרם,false,1,28.70,3.83,true,1,
7290006272430,false,בצק עלים חמאה 600גר,,,בצק עלים חמאה מעדנות,גרמים,600.00,100 גרם,false,1,31.90,5.32,true,1,
7290006342065,false,בוטן קלויים 200 גרם ששון הקולה,,,בוטן קלויים 200 גרם,גרמים,200.00,100 גרם,false,1,7.90,3.95,true,1,
7290006342072,false,גרעין לבן 200 גרם ששון הקולה,,,גרעין לבן 200 גרם,גרמים,200.00,100 גרם,false,1,9.90,4.95,true,1,
7290006342089,false,גרעין שחור 200 גרם ששון הקולה,,,גרעין שחור 200 גרם ש,גרמים,200.00,100 גרם,false,1,7.00,3.50,true,1,
7290006342447,false,גרעין אבטיח 200 גרם ששון הקולה,,,גרעין אבטיח 200 גרם,גרמים,200.00,100 גרם,false,1,15.90,7.95,true,1,
7290006342515,false,מנצס 200 גרם ששון הקולה,,,מנצס 200 גרם ששון הק,גרמים,200.00,100 גרם,false,1,6.90,3.45,true,1,
7290006342553,false,קבוקים 200 גרם ששון וקולה,,,קבוקים 200 גרם ששון,גרמים,200.00,100 גרם,false,1,5.90,2.95,true,1,
7290006342560,false,בוטן אמריקאי 200 גרם ששון הקולה,,,בוטן אמריקאי 200 גרם,גרמים,200.00,100 גרם,false,1,5.90,2.95,true,1,
7290006401571,false,אדוויל ליקווי גל,,,אדוויל ליקווי גל,Unknown,0.00,Unknown,false,1,31.50,31.50,true,1,
7290006449023,false,עירית,,,עירית,Unknown,0.00,Unknown,false,1,5.90,5.90,true,1,
7290006449047,false,רוזמרין,,,רוזמרין,Unknown,0.00,Unknown,false,1,5.90,5.90,true,1,
7290006459947,false,"פחמים גריל פרימיום שקד 2 ק""ג",,דרום אמריקה,פחמים גריל פרימיום ש,קילוגרמים,0.00,"ק""ג",false,1,21.90,21.90,true,1,
7290006492432,false,מוצרלה בייבי 150 גרם,,,מוצרלה בייבי 150 גרם,גרמים,170.00,100 גרם,false,1,15.30,9.00,true,1,
7290006492616,false,בולגרית בפרוסות 5% 250 גר,,,בולגרית בפרוסות 5% 2,גרמים,250.00,100 גרם,false,1,28.30,11.32,true,1,
7290006492852,false,גבינה לבנה עיזים 250 גרם,,,גבינה לבנה עיזים 250,גרמים,250.00,100 גרם,false,1,18.20,7.28,true,1,
7290006520500,false,שוקיים עוף טרי,,,שוקיים עוף טרי,Unknown,0.00,"ק""ג",true,0,29.90,29.90,true,1,
7290006582539,false,חמוציות 250 גרם ששון הקולה,,,חמוציות 250 גרם ששון,גרמים,250.00,100 גרם,false,1,12.90,5.16,true,1,
7290006653765,false,פטוציני פרפקטו 500 גרם,,,פטוציני פרפקטו 500 ג,גרמים,500.00,100 גרם,false,1,8.30,1.66,true,1,
7290006653819,false,פתיתי קוסקוס דק 350 גרם,,,פתיתי קוסקוס דק 350,גרמים,350.00,100 גרם,false,1,10.50,3.00,true,1,
7290006660602,false,מי קוקוס אורגני גרין קוקו קרטונית 1 ליטר,,VN,מי קוקוס אורגני גרין,מיליליטרים,1000.00,"100 מ""ל",false,1,20.90,2.09,true,1,
7290006704832,false,אוכמניות טריות יחידה,,,אוכמניות טריות יחידה,Unknown,0.00,Unknown,false,1,19.90,19.90,true,1,
7290006705334,false,מקלות סורימי 200 גרם,,,מקלות סורימי 200 גרם,גרמים,200.00,100 גרם,false,1,5.10,2.55,true,1,
7290006719058,false,חלה רגילה,,,חלה רגילה,גרמים,500.00,100 גרם,false,1,5.17,1.03,true,1,
7290006724458,false,"דפי אורז וטפיוקה עגולים 22 ס""מ לל""ג 270",,VN,דפי אורז וטפיוקה עגו,גרמים,270.00,100 גרם,false,1,12.90,4.78,true,1,
7290006724472,false,טחינה אורגנית 500 גרם ליב,,,טחינה אורגנית 500 גר,גרמים,500.00,100 גרם,false,1,19.90,3.98,true,1,
7290006764072,false,"בירה גולדסטאר בק חוזר 500 מ""ל",,,"בירה גולדסטאר 500 מ""",מיליליטרים,500.00,"100 מ""ל",false,1,7.90,1.58,true,1,
7290006765000,false,טורטיה מקמח מלא 540 גרם,,,טורטיה מקמח מלא 540,גרמים,540.00,100 גרם,false,1,11.40,2.11,true,1,
7290006765895,false,בוטן בקליפה 200 גרם שושן הקולה,,,בוטן בקליפה 200 גרם,גרמים,200.00,100 גרם,false,1,8.90,4.45,true,1,
7290006833822,false,נקניקיות עוף 600 גר מזרע,,,נקניקיות עוף 600 גר,גרמים,600.00,100 גרם,false,1,23.90,3.98,true,1,
7290006834539,false,גבינת קומבוזולה גרמנית במשקל,,,גבינת קומבוזולה,Unknown,0.00,"ק""ג",true,0,199.00,199.00,true,1,
7290006834553,false,גבינת רוגט גרמני במשקל,,,גבינת רוגט גרמני,Unknown,0.00,"ק""ג",true,0,225.00,225.00,true,1,
7290006835321,false,קבנוס עגל 250 גר,,,קבנוס עגל 250 גר,גרמים,250.00,100 גרם,false,1,23.90,9.56,true,1,
7290006855190,false,ברבריא חטיף תמריםבננה 30*4,,,ברבריא חטיף תמריםבננ,גרמים,120.00,100 גרם,false,1,19.80,16.50,true,1,
7290006983176,false,לחמית שיפון 230 גרם,,,לחמית שיפון 230 גרם,גרמים,230.00,100 גרם,false,1,11.00,4.78,true,1,
7290008066145,false,בירה קורונה,,,"בירה קורונה 355 מ""ל",מיליליטרים,355.00,"100 מ""ל",false,1,8.90,2.51,true,1,
7290008101264,false,זרעי ציה 150 גרם,,IL,זרעי ציה 150 גרם,גרמים,150.00,100 גרם,false,0,15.90,10.60,true,1,
7290008102674,false,זובירקס קרם 5%,,,זובירקס קרם 5%,גרמים,2.00,100 גרם,false,1,35.50,1775.00,true,1,
7290008175173,false,לורפק חמאה 200 גר,,,חמאה ללא תוספת מלח 2,גרמים,200.00,100 גרם,false,1,14.90,7.45,true,1,
7290008175814,false,וילי פוד פטריות שמפניון חתיכות 400 גר`,,NL,וילי פוד פטריות שמפנ,גרמים,400.00,100 גרם,false,1,5.50,1.38,true,1,
7290008329293,false,סכינים פרימיום שקוף/,,TR,סכינים פרימיום שקוף/,Unknown,1.00,Unknown,false,1,9.50,9.50,true,1,
7290008329309,false,מזלגות פרמיום שקוף/ק,,TR,מזלגות פרמיום שקוף/ק,Unknown,1.00,Unknown,false,1,9.50,9.50,true,1,
7290008329316,false,כפות פרימיום שקוף/קר,,TR,כפות פרימיום שקוף/קר,Unknown,1.00,Unknown,false,1,9.50,9.50,true,1,
7290008437127,false,רגל עגל חלב קפוא מזרע,,,רגל עגל קפוא מזרע,Unknown,0.00,"ק""ג",true,0,36.90,36.90,true,1,
7290008437646,false,שקית גופיה טיב טעם,,,שקית גופיה,Unknown,0.00,Unknown,false,1,0.10,0.10,true,1,
7290008438285,false,גבינה אמנטל שוויצרי במשקל,,,גבינה אמנטל שוויצרי,Unknown,0.00,"ק""ג",true,0,220.00,220.00,true,1,
7290008464024,false,"בירה גולדסטאר לא מסוננת 500 מ""ל פחית",,,בירה גולדסטאר לא מסו,מיליליטרים,500.00,"100 מ""ל",false,1,10.90,2.18,true,1,
7290008464130,false,"שישיית בירה גולדסטאר 330 מ""ל UNFILTERED",,,שישיית בירה גולדסטאר,מיליליטרים,1980.00,"100 מ""ל",false,1,37.90,1.91,true,1,
7290008464222,false,"בירה מכבי  7.9% פחית 500 מ""ל",,,בירה מכבי  7.9% פחית,מיליליטרים,500.00,"100 מ""ל",false,1,8.90,1.78,true,1,
7290008464345,false,בירה גולדסטאר בקבוק 330 מל,,,בירה גולדסטאר בקבוק,מיליליטרים,330.00,"100 מ""ל",false,1,7.90,2.39,true,1,
7290008464468,false,"גולדסטאר פחית 500 מ""ל",,,"גולדסטאר פחית 500 מ""",מיליליטרים,500.00,"100 מ""ל",false,1,9.90,1.98,true,1,
7290008464475,false,"בירה מכבי פחית 500 מ""ל",,,בירה מכבי פחית 500 מ,מיליליטרים,500.00,"100 מ""ל",false,1,9.90,1.98,true,1,
7290008464505,false,"מים סאן בנדטו 500 מ""ל",,,"מים סאן בנדטו 500 מ""",מיליליטרים,500.00,"100 מ""ל",false,1,2.90,0.58,true,1,
7290008464604,false,"היינקן פחית 500 מ""ל",,,"היינקן פחית 500 מ""ל",מיליליטרים,500.00,"100 מ""ל",false,1,10.90,2.18,true,1,
7290008464673,false,"בירה גולדסטאר SLOW BREW פחית 500 מ""ל",,IL,בירה גולדסטאר SLOW B,מיליליטרים,500.00,"100 מ""ל",false,1,10.90,2.18,true,1,
7290008464697,false,"שישיית בירה מכבי 7.9% 330 מ""ל",,,שישיית בירה מכבי 7.9,מיליליטרים,1980.00,"100 מ""ל",false,1,38.90,1.96,true,1,
7290008464703,false,"שישיית בקבוקי מכבי 330 מ""ל",,,שישיית בקבוקי מכבי 3,מיליליטרים,1980.00,"100 מ""ל",false,1,37.90,1.91,true,1,
7290008464741,false,"שישיית בקבוקי גולדסטאר 330 מ""ל",,,שישיית בקבוקי גולדסט,מיליליטרים,1980.00,"100 מ""ל",false,1,32.90,1.66,true,1,
7290008464796,false,"שישיית הייניקן בקבוק 330 מ""ל",,,שישיית הייניקן בקבוק,מיליליטרים,1980.00,"100 מ""ל",false,1,38.90,1.96,true,1,
7290008644235,false,עלי בייבי אחלה טבע,,,עלי בייבי אחלה טבע,גרמים,120.00,100 גרם,false,1,12.90,10.75,true,1,
7290008644945,false,סלט המושבה אחלה טבע,,,סלט המושבה אחלה טבע,גרמים,450.00,100 גרם,false,1,12.90,2.87,true,1,
7290008645935,false,חומוס אחלה 750 גר,,,חומוס אחלה 750 גרם,גרמים,750.00,100 גרם,false,1,11.90,1.59,true,1,
7290008670135,false,רקנאטי גליל עליון סוביניון בלאן 750 מל,,,רקנאטי גליל עליון סו,Unknown,0.00,Unknown,false,1,67.90,67.90,true,1,
7290008670142,false,רקנאטי יסמין אדום 750 מל,,,רקנאטי יסמין אדום 75,Unknown,0.00,Unknown,false,1,39.90,39.90,true,1,
7290008670159,false,רקנאטי יסמין לבן 750 מל,,,רקנאטי יסמין לבן 201,Unknown,0.00,Unknown,false,1,39.90,39.90,true,1,
7290008670937,false,רקנאטי גליל עליון שיראז 2017 750 מל,,,רקנאטי גליל עליון שי,Unknown,0.00,Unknown,false,1,67.90,67.90,true,1,
7290008690713,false,נקטר אושן ספריי חמוציות 1 ל,,,נקטר אושן ספריי 1 ל,מיליליטרים,1000.00,"100 מ""ל",false,1,13.90,1.39,true,1,
7290008693134,false,דניאלה תות 88 גרם,,,דניאלה תות 88 גרם,גרמים,88.00,100 גרם,false,1,4.30,4.89,true,1,
7290008745239,false,תפוציפס אקסטרא טבעי 50 גרם,,,תפוציפס אקסטרא טבעי,גרמים,50.00,100 גרם,false,1,4.90,9.80,true,1,
7290008747547,false,תפוציפס קראנץ טבעי 200 גרם,,,תפוציפס קראנץ טבעי 2,גרמים,200.00,100 גרם,false,1,10.90,5.45,true,1,
7290008752244,false,תפוציפס קראנצי גריל 50 גרם,,IL,תפוציפס קראנצי גריל,גרמים,50.00,100 גרם,false,1,4.90,9.80,true,1,
7290008757027,false,שוופס 250 טוניק בקבוק,,,שוופס 250 טוניק בקבו,מיליליטרים,250.00,"100 מ""ל",false,1,6.90,2.76,true,1,
7290008757980,false,קרטונית ספרינג רימונים 1 ליטר,,,קרטונית ספרינג רימונ,מיליליטרים,1000.00,"100 מ""ל",false,1,7.40,0.74,true,1,
7290008776028,false,המבורגר קלאסי קפוא,,,המבורגר קלאסי קפוא,גרמים,300.00,100 גרם,false,0,31.50,10.50,true,1,
7290008776103,false,קוביות לגולש עגל טרי,,,קוביות לגולש עגל טרי,Unknown,0.00,"ק""ג",true,0,69.90,69.90,true,1,
7290008802291,false,"יין מרלו אדום יבש 750 מ""ל PRIVATE",,,יין מרלו אדום יבש 75,Unknown,0.00,Unknown,false,1,42.90,42.90,true,1,
7290008802895,false,"קברנה סובניון אדום יבש 750 מ""ל",,,קברנה סובניון אדום י,Unknown,0.00,Unknown,false,1,42.90,42.90,true,1,
7290008828581,false,חסה פקצוי,,,חסה פקצוי,Unknown,0.00,Unknown,false,1,11.90,11.90,true,1,
7290008909853,false,"קוקה קולה 500  מ""ל ZERO",,,"קוקה קולה 500  מ""ל Z",מיליליטרים,500.00,"100 מ""ל",false,1,8.50,1.70,true,1,
7290008909884,false,קוקה קולה ZERO קלאסי 350 מל-,,,קוקה קולה ZERO קלאסי,מיליליטרים,350.00,"100 מ""ל",false,1,6.50,1.86,true,1,
7290008961110,false,טושיונקה בקר מיוחד 400 גר,,,טושיונקה בקר מיוחד 4,גרמים,400.00,100 גרם,false,1,25.10,6.28,true,1,
7290008961127,false,טושיונקה בקר רוסית 400 גרם,,,טושיונקה בקר רוסית 4,גרמים,400.00,100 גרם,false,1,25.10,6.28,true,1,
7290008961585,false,כוסמת פוסולסקי דבור 800 גר,,IL,כוסמת פוסולסקי דבור,גרמים,800.00,100 גרם,false,1,14.60,1.83,true,1,
7290010002016,false,כוסברה טחון 100 גרם,,,כוסברה טחון 100 גרם,גרמים,100.00,100 גרם,false,1,10.50,10.50,true,1,
7290010002023,false,כורכום הודי טחון 100 גרם,,,כורכום הודי טחון 100,גרמים,100.00,100 גרם,false,1,12.90,12.90,true,1,
7290010002030,false,כמון 100 גרם,,,כמון 100 גרם,גרמים,100.00,100 גרם,false,1,12.90,12.90,true,1,
7290010002047,false,מלח לימון 200 גרם,,,מלח לימון 200 גרם,גרמים,200.00,100 גרם,false,1,12.90,6.45,true,1,
7290010002061,false,פלפל לבן טחון 100 גרם,,,פלפל לבן טחון 120 גר,גרמים,100.00,100 גרם,false,1,19.90,19.90,true,1,
7290010002078,false,פלפל שחור טחון 100 גרם,,,פלפל שחור טחון 120 ג,גרמים,100.00,100 גרם,false,1,16.90,16.90,true,1,
7290010002092,false,פלפל שחור גס דק 90 גרם,,,פלפל שחור גס דק 90 ג,גרמים,90.00,100 גרם,false,1,16.90,18.78,true,1,
7290010002108,false,פלפל שחור גרוס גס 90 גרם,,,פלפל שחור גרוס גס 90,גרמים,90.00,100 גרם,false,1,16.90,18.78,true,1,
7290010002122,false,פפריקה הונגרית מתוקה 100 גרם,,,פפריקה הונגרית מתוקה,גרמים,100.00,100 גרם,false,1,12.90,12.90,true,1,
7290010002139,false,פפריקה הונגרית חריפה 100 גרם,,,פפריקה הונגרית חריפה,גרמים,100.00,100 גרם,false,1,12.90,12.90,true,1,
7290010002146,false,פפריקה מרוקאית מתוקה 100 גרם,,,פפריקה מרוקאית מתוקה,גרמים,100.00,100 גרם,false,1,12.90,12.90,true,1,
7290010002153,false,פפריקה מרוקאית חריפה 100 גרם,,,פפריקה מרוקאית חריפה,גרמים,100.00,100 גרם,false,1,12.90,12.90,true,1,
7290010002207,false,קינמון טחון 100 גרם,,,קינמון טחון 100 גרם,גרמים,100.00,100 גרם,false,1,10.50,10.50,true,1,
7290010002320,false,תבלין גריל עוף 100 גרם,,,תבלין גריל עוף 130 ג,גרמים,100.00,100 גרם,false,1,12.90,12.90,true,1,
7290010002344,false,תבלין לדג 100 גרם,,,תבלין לדג 100 גרם,גרמים,100.00,100 גרם,false,1,12.90,12.90,true,1,
7290010002351,false,זעתר ושומשום בלדי 100 גרם,,,זעתר ושומשום בלדי 10,גרמים,100.00,100 גרם,false,1,12.90,12.90,true,1,
7290010002368,false,תערובת חווג למרק 100 גרם,,,תערובת חווג למרק 100,גרמים,100.00,100 גרם,false,1,12.90,12.90,true,1,
7290010002375,false,מדרס קארי 100 גרם,,,מדרס קארי 100 גרם,גרמים,100.00,100 גרם,false,1,12.90,12.90,true,1,
7290010002405,false,טימין הררי 40 גרם,,,טימין הררי 40 גרם,Unknown,0.00,Unknown,false,1,10.50,10.50,true,1,
7290010002429,false,עלי דפנה 20 גרם,,,עלי דפנה 20 גרם,Unknown,0.00,Unknown,false,1,10.50,10.50,true,1,
7290010002450,false,שמיר 25 גרם,,,שמיר 25 גרם,Unknown,0.00,Unknown,false,1,10.50,10.50,true,1,
7290010002481,false,שום טחון 100 גרם,,,שום טחון 100 גרם,גרמים,100.00,100 גרם,false,1,16.40,16.40,true,1,
7290010002498,false,שום גבישי 120 גרם,,,שום גבישי 120 גרם,גרמים,120.00,100 גרם,false,1,16.40,13.67,true,1,
7290010002597,false,כוסברה ירוקה 30 גרם,,,כוסברה ירוקה 30 גרם,גרמים,30.00,100 גרם,false,1,10.50,35.00,true,1,
7290010003440,false,שבבי בצל מטוגן 200 גר,,,שבבי בצל מטוגן 200 ג,גרמים,200.00,100 גרם,false,1,12.90,6.45,true,1,
7290010003693,false,פפריקה מתוקה 80 גרם שקית,,,פפריקה מתוקה 80 גרם,Unknown,0.00,Unknown,false,1,6.90,6.90,true,1,
7290010003709,false,פלפל שחור טחון 50 גרם שקית,,,פלפל שחור טחון 50 גר,Unknown,0.00,Unknown,false,1,8.50,8.50,true,1,
7290010003761,false,כורכום טחון 80 שקית,,,כורכום טחון 80 שקית,Unknown,0.00,Unknown,false,1,6.90,6.90,true,1,
7290010003778,false,תיבול לגריל עוף  שקית 80 גרם,,,תיבול לגריל עוף  שקי,Unknown,0.00,Unknown,false,1,6.90,6.90,true,1,
7290010003792,false,מלח לימון שקית 100 גרם,,,מלח לימון שקית 100 ג,גרמים,100.00,100 גרם,false,1,6.90,6.90,true,1,
7290010003839,false,קינמון טחון 80 גרם שקית,,,שקיות תבלינים שונים,Unknown,0.00,Unknown,false,1,6.90,6.90,true,1,
7290010117970,false,סבבה בוטנים אמריקאים 50 גרם,,,סבבה בוטנים אמריקאים,Unknown,0.00,Unknown,false,1,3.30,3.30,true,1,
7290010140732,false,טאמס בטעם פירות יער,,,טאמס בטעם פירות יער,Unknown,0.00,Unknown,false,1,35.20,35.20,true,1,
7290010154241,false,חזרת 250 גר,,,סלט חזרת 250 גר,גרמים,250.00,100 גרם,false,1,15.90,6.36,true,1,
7290010154425,false,סחוג ירוק 120 גר,,,סחוג ירוק 120 גר,גרמים,120.00,100 גרם,false,1,10.90,9.08,true,1,
7290010163069,false,צנובר 100 גרם ששון הקולה,,,צנובר 100 גרם ששון ו,גרמים,100.00,100 גרם,false,1,29.90,29.90,true,1,
7290010237548,false,"פפסי מקס דל קלוריות 500 מ""ל בקבוק",,,פפסי מקס דל קלוריות,מיליליטרים,500.00,"100 מ""ל",false,1,4.90,0.98,true,1,
7290010237890,false,"היינקן בק חוזר 500 מ""ל",,,"בירה היינקן  500 מ""ל",מיליליטרים,500.00,"100 מ""ל",false,1,9.90,1.98,true,1,
7290010259359,false,אטריות להקפצה רחבות נודלס 200 גרם,,,אטריות להקפצה  רחבות,גרמים,200.00,100 גרם,false,0,4.90,2.45,true,1,
7290010259366,false,אטריות להקפצה מסולסלות נודלס 200 גרם,,,אטריות להקפצה מסולסל,גרמים,200.00,100 גרם,false,1,4.90,2.45,true,1,
7290010300075,false,שמרים נמסים בקופסא 33 גרם,,,שמרים נמסים בקופסא 3,גרמים,33.00,100 גרם,false,1,7.20,21.82,true,1,
7290010429554,false,שמן זית כתית מעולה 2 קלאסי 750 יד מרדכי,,,שמן זית כתית מעולה 2,מיליליטרים,750.00,"100 מ""ל",false,1,37.90,5.05,true,1,
7290010546558,false,גרנולה חלבה תמרים מנדל 400 גר,,,גרנולה חלבה תמרים מנ,גרמים,400.00,100 גרם,false,1,20.90,5.23,true,1,
7290010582037,false,חטיף פלפלון,,,חטיף פלפלון,Unknown,0.00,Unknown,false,1,9.90,9.90,true,1,
7290010627004,false,טחינה ירושלים 500 גרם,,,טחינה ירושלים 500 גר,גרמים,500.00,100 גרם,false,1,16.90,3.38,true,1,
7290010650019,false,אנדי בלגי,,,אנדי בלגי,Unknown,0.00,Unknown,false,1,13.90,13.90,true,1,
7290010676446,false,"פילה דג בסה מעובד קפוא 1 ק""ג",,,פילה דג בסה קפוא,קילוגרמים,0.00,"ק""ג",false,1,32.90,32.90,true,1,
7290010777006,false,מארז לחמניות כוסמין 360 גרם,,IL,מארז לחמניות כוסמים,גרמים,360.00,100 גרם,false,1,16.90,4.69,true,1,
7290010777051,false,מארז לחמניות המבורגר 5 יח,,,מארז לחמניות המבורגר,Unknown,0.00,Unknown,false,1,15.90,15.90,true,1,
7290010777068,false,מארז לחמניות מתוקות/קלועות 5 יח,,,מארז לחמניות מתוקות/,Unknown,0.00,Unknown,false,1,15.90,15.90,true,1,
7290010777136,false,לחמנייה שמיניה 5 יח,,,לחמניה קלועה 5 יח,Unknown,0.00,Unknown,false,1,15.50,15.50,true,1,
7290010777150,false,פיתה בריבוע חיטה מלאה 8 יח,,,פיתה בריבוע חיטה מלא,Unknown,0.00,Unknown,false,1,17.90,17.90,true,1,
7290010777297,false,פיתה ביס לבן,,,פיתה ביס לבן,גרמים,500.00,100 גרם,false,1,17.90,3.58,true,1,
7290010777358,false,מארז שמיניית פיתות 100% כוסמין מלא,,,מארז שמיניית פיתות 1,גרמים,400.00,100 גרם,false,1,17.90,4.48,true,1,
7290010777488,false,מארז פיתות 100% מחמצת קמח מלא 500 גרם,,IL,מארז פיתות 100% מחמצ,גרמים,500.00,100 גרם,false,1,18.90,3.78,true,1,
7290010777525,false,מארז פיתות כוסמין 6 יח,,,מארז פיתות כוסמין 6,Unknown,0.00,Unknown,false,1,19.90,19.90,true,1,
7290010859283,false,פניסטיל גל 30 גרם,,,פניסטיל גל 30 גרם,גרמים,30.00,100 גרם,false,1,39.90,133.00,true,1,
7290010859306,false,"אוטריוין למבוגרים 10 מ""ל",,,אוטריוין למבוגרים 10,מיליליטרים,10.00,"100 מ""ל",false,1,29.90,299.00,true,1,
7290010859320,false,"אוטריוין מנטול 10 מ""ל",,,"אוטריוין מנטול 10 מ""",מיליליטרים,10.00,"100 מ""ל",false,1,29.90,299.00,true,1,
7290010883370,false,כפפות אלוורה סנו סושי גדול בינוני,,,כפפות אלוורה סנו סוש,Unknown,0.00,Unknown,false,1,12.20,12.20,true,1,
7290011017866,false,"פחית סליק ק""ק 330 מ""ל",,,"פחית סליק ק""ק 330 מ""",מיליליטרים,330.00,"100 מ""ל",false,1,5.90,1.79,true,1,
7290011017873,false,"פחית סליק זירו 330 מ""ל",,,פחית סליק זירו 330 מ,מיליליטרים,330.00,"100 מ""ל",false,1,5.90,1.79,true,1,
7290011017880,false,"פחית סליק ד. ק""ק 330 מ""ל",,,"פחית סליק ד. ק""ק 330",מיליליטרים,330.00,"100 מ""ל",false,1,5.90,1.79,true,1,
7290011018184,false,"תה פיוז אפרסק 500 מ""ל",,,"תה פיוז אפרסק 500 מ""",מיליליטרים,500.00,"100 מ""ל",false,1,8.80,1.76,true,1,
7290011018368,false,"שישיית בירה ויינשטפן 330 מ""ל",,,שישיית בירה ויינשטפן,מיליליטרים,1980.00,"100 מ""ל",false,1,72.90,3.68,true,1,
7290011018443,false,"סליק פאנטה אורנג 330 מ""ל",,,סליק פאנטה אורנג 330,מיליליטרים,330.00,"100 מ""ל",false,1,5.90,1.79,true,1,
7290011018474,false,"סומרסבי סיידר תפוחים אלכוהולי 300 מ""ל",,,סומרסבי סיידר תפוחים,מיליליטרים,330.00,"100 מ""ל",false,1,9.90,3.00,true,1,
7290011018832,false,"קוקה קולה פרידגפק סליק 330 מ""ל שישייה",,,קוקה קולה פרידגפק,ליטרים,0.00,ליטר,false,1,24.90,24.90,true,1,
7290011018917,false,ק.קולה זירו פרידגפק סליק 330 מל שישייה,,,ק.קולה זירו פרידגפק,ליטרים,0.00,ליטר,false,1,24.90,24.90,true,1,
7290011065430,false,צילי מטחנה 50 גרם,,,צילי מטחנה 50 גרם,גרמים,50.00,100 גרם,false,1,19.90,39.80,true,1,
7290011065829,false,פלפל ארבע עונות מטחנה 60 גרם,,,פלפל ארבע עונות מטחנ,גרמים,60.00,100 גרם,false,1,19.90,33.17,true,1,
7290011132507,false,מים סאן בנדטו מוגז עדין 500 מל,,,סאן בנדטו מוגז 50 מל,מיליליטרים,500.00,"100 מ""ל",false,1,4.90,0.98,true,1,
7290011142001,false,לחם דואט 550 גר,,,לחם דואט 550 גר,גרמים,550.00,100 גרם,false,1,13.90,2.53,true,1,
7290011142148,false,מארז שישית לחמניות,,,מארז שישית לחמניות,גרמים,450.00,100 גרם,false,1,13.90,3.09,true,1,
7290011142193,false,4 לחמניות מתוקות,,,4 לחמניות מתוקות,Unknown,0.00,Unknown,false,1,13.90,13.90,true,1,
7290011148898,false,גבעולי ברוקולי משקל 400 גר,,,גבעולי ברוקולי 400 ג,קילוגרמים,0.00,"ק""ג",false,1,14.90,14.90,true,1,
7290011148935,false,מלפפון בייבי,,,מלפפון בייבי,Unknown,0.00,Unknown,false,1,14.90,14.90,true,1,
7290011194246,false,קוטג 5% 250 גר,,,קוטג 5% 250 גר,גרמים,250.00,100 גרם,false,1,5.90,2.36,true,1,
7290011223243,false,"טואלט דאק גל אסלה ניחוח לבנדר 55 מ""ל",,,טואלט דאק גל אסלה ני,Unknown,0.00,Unknown,false,1,13.80,13.80,true,1,
7290011235024,false,רוזמרין,,,רוזמרין,Unknown,0.00,Unknown,false,1,5.90,5.90,true,1,
7290011235031,false,בזיליקום,,,רוקולה,Unknown,0.00,Unknown,false,1,5.90,5.90,true,1,
7290011235055,false,בזיליקום,,,בזיליקום,Unknown,0.00,Unknown,false,1,5.90,5.90,true,1,
7290011235062,false,עירית,,,עירית,Unknown,0.00,Unknown,false,1,5.90,5.90,true,1,
7290011235079,false,רוזמרין,,,קורנית,Unknown,0.00,Unknown,false,1,5.90,5.90,true,1,
7290011236649,false,נטיפי שוקולד ציפס 54% מוצקי קקאו 300 גרם,,,נטיפי שוקולד ציפס 54,גרמים,300.00,100 גרם,false,1,15.20,5.07,true,1,
7290011435226,false,דבש מפרחי בר בלחיץ 650 גרם,,,דבש מפרחי בר 650 גרם,גרמים,650.00,100 גרם,false,1,39.90,6.14,true,1,
7290011499051,false,פטה כבשים מסורתית  250 גר,,,פטה כבשים מסורתית  2,גרמים,250.00,100 גרם,false,1,28.90,11.56,true,1,
7290011499129,false,קוביות בולגרית מעודנת  5% 200 גר,,,קוביות בולגרית מעודנ,גרמים,200.00,100 גרם,false,1,24.90,12.45,true,1,
7290011499327,false,גבינה בולגרית מעודנת חלב בקר 250 גר,,,גבינה בולגרית מעודנת,גרמים,250.00,100 גרם,false,1,24.90,9.96,true,1,
7290011499365,false,גבינת חלומי 200 גר,,,גבינת חלומי 200 גר,גרמים,200.00,100 גרם,false,1,24.90,12.45,true,1,
7290011499419,false,גבינת במרקם שמנת 5% טבעי 200 גר,,,גבינה במרקם שמנת 5%,גרמים,200.00,100 גרם,false,1,12.90,6.45,true,1,
7290011499624,false,גבינת שמנת 30% טבעי 200 גר,,,גבינת שמנת 30% טבעי,גרמים,200.00,100 גרם,false,1,13.40,6.70,true,1,
7290011499846,false,ריקוטה פרסקה 9% 300 גר,,,ריקוטה פרסקה 9% 300,גרמים,150.00,100 גרם,false,1,19.90,13.27,true,1,
7290011501617,false,חמוציות ברכז תפוחים ללא סוכר 250 גרם,,,חמוציות תפוחים ללא ס,גרמים,250.00,100 גרם,false,1,19.90,7.96,true,1,
7290011570507,false,"קמח נטול גלוטן כרגיל 1 ק""ג",,,קמח נטול גלוטן כרגיל,גרמים,1000.00,100 גרם,false,1,21.90,2.19,true,1,
7290011587307,false,ארטישוק תחתיות,,,ארטישוק תחתיות,גרמים,400.00,100 גרם,false,1,13.10,3.28,true,1,
7290011587857,false,עגבניות מיובשות מתובלות 250 גרם,,,עגבניות מיובשות מתוב,גרמים,250.00,100 גרם,false,1,13.70,5.48,true,1,
7290011598211,false,סנו אנטי קאלק רב שימושי 750 מל,,,סנו אנטי קאלק רב שימ,מיליליטרים,750.00,"100 מ""ל",false,1,19.90,2.65,true,1,
7290011644000,false,מקלות תירס ממותקים 80 גרם,,,מקלות תירס ממותקים 8,גרמים,90.00,100 גרם,false,1,5.70,6.33,true,1,
7290011644505,false,שימורי כבד דג שיבוט 120 גרם ISLAND,,,שימורי כבד דג שיבוט,גרמים,120.00,100 גרם,false,1,11.40,9.50,true,1,
7290011878351,false,תמרים מגהול 400 גרם אורגני,,,תמרים מגהול 400 גרם,גרמים,400.00,100 גרם,false,1,28.90,7.23,true,1,
7290011923013,false,דובדבן חמוץ אורגני קפוא 300 גרם,,RS,דובדבן חמוץ אורגני ק,גרמים,300.00,100 גרם,false,1,26.50,8.83,true,1,
7290011923211,false,"שמן זית אורגני 750 מ""ל ליב",,,שמן זית אורגני 750 מ,גרמים,750.00,100 גרם,false,1,59.90,7.99,true,1,
7290011923273,false,טופו אורגני 300 גרם ליב,,,טופו אורגני 300 גרם,גרמים,300.00,100 גרם,false,1,13.90,4.63,true,1,
7290011923303,false,טופו טבעי ליב 300 גר,,,טופו טבעי ליב 300 גר,גרמים,300.00,100 גרם,false,1,11.90,3.97,true,1,
7290011947309,false,זית סורי מבוקע עם לימון כבוש זיתא 220 גר,,,זית סורי מבוקע עם לי,גרמים,220.00,100 גרם,false,1,14.90,6.77,true,1,
7290011947316,false,זיתי קלמטה  215 גרם,,,זיתי קלמטה  215 גרם,גרמים,215.00,100 גרם,false,1,14.90,6.93,true,1,
7290011947798,false,זית קלמטה ללא גלעין זיתא 190 גר,,IL,זית קלמטה ללא גלעין,גרמים,190.00,100 גרם,false,0,14.90,7.84,true,1,
7290011947873,false,זית קלמטה בפח 440 גר,,IL,זית קלמטה בפח 440 גר,גרמים,440.00,100 גרם,false,1,21.90,4.98,true,1,
7290012019012,false,אספרגוס לבן 350 גר,,,אספרגוס לבן 350 גר,גרמים,350.00,100 גרם,false,1,10.80,3.09,true,1,
7290012040443,false,טבק צסטרפילד פיין וירגיניה 30PP חפיסה,,,טבק צסטרפילד פיין וי,יחידה,1.00,יחידה,false,1,59.90,59.90,true,1,
7290012040481,false,טבק לגלגול סוגריות מלברו גולד 30 גר בודד,,,טבק לגלגול סוגריות מ,יחידה,1.00,יחידה,false,1,74.90,74.90,true,1,
7290012040511,false,טבק נקסט פיין PP חפיסה,,,טבק נקסט פיין PP חפי,יחידה,1.00,יחידה,false,1,76.50,76.50,true,1,
7290012116735,false,נייר טואלט סנו סופט גמבו קומפקט 24 גל,,,נייר טואלט סנו סופט,מטרים,900.00,מטר,false,1,43.90,0.05,true,1,
7290012159275,false,מיונז אמיתי 430 גרם LINA,,,מיונז אמיתי 430 גרם,גרמים,430.00,100 גרם,false,1,11.00,2.56,true,1,
7290012191053,false,גפרורים ארוכים לגרילים,,,גפרור מטבח ארוך,Unknown,0.00,Unknown,false,1,7.90,7.90,true,1,
7290012251047,false,קבנוס כפרי 250 גרם מזרע,,,קבנוס כפרי 250 גרם,גרמים,250.00,100 גרם,false,1,18.90,7.56,true,1,
7290012251276,false,תיק בד טיב טעם,,,תיק רב פעמי ממוחזר,Unknown,0.00,Unknown,false,1,5.90,5.90,true,1,
7290012251313,false,גיוזה בטטה 320 גר קפוא מזרע,,,גיוזה בטטה 320 גר,גרמים,320.00,100 גרם,false,1,36.90,11.53,true,1,
7290012251412,false,"קרפלך עוף מזרע 1 ק""ג",,,"קרפלך עוף מזרע 1 ק""ג",גרמים,1000.00,100 גרם,false,1,38.50,3.85,true,1,
7290012251474,false,שרימפס מקולף 500 גר קפוא XL,,,שרימפס מקולף 500 גר,גרמים,500.00,100 גרם,false,1,51.50,10.30,true,1,
7290012251481,false,שרימפס מקולף 500 גר קפוא L,,,שרימפס מקולף 500 גר,גרמים,500.00,100 גרם,false,1,52.50,10.50,true,1,
7290012251498,false,שרימפס מקולף 500 גר קפוא M,,,שרימפס מקולף 500 גר,גרמים,500.00,100 גרם,false,1,52.50,10.50,true,1,
7290012251528,false,נקניקיות בוואריה עם גבינה 700 גר מזרע,,,נקניקיות בוואריה,גרמים,700.00,100 גרם,false,1,67.90,9.70,true,1,
7290012251535,false,שרימפס מבושל 750 גר קפוא,,,שרימפס מבושל קפוא,גרמים,750.00,100 גרם,false,1,61.90,8.25,true,1,
7290012251542,false,"שרימפס לא מקולף גדול 1 ק""ג קפוא 26/30",,,שרימפס לא מקולף גדול,קילוגרמים,0.00,"ק""ג",false,1,110.50,110.50,true,1,
7290012251672,false,חמאה צרפתית 200 גר,,,חמאה צרפתית 200 גר,גרמים,200.00,100 גרם,false,1,7.80,3.90,true,1,
7290012251757,false,קרפלך תפוחי אדמה 600 גר,,,קרפלך תפוחי אדמה 600,גרמים,600.00,100 גרם,false,1,23.00,3.83,true,1,
7290012251986,false,ממרח חמאה עם שום שמיר Farmers cheese 150,,IL,ממרח חמאה עם שום שמי,גרמים,150.00,100 גרם,false,1,12.90,8.60,true,1,
7290012251993,false,ממרח חמאה פטריות כמהין Farmers cheese,,IL,ממרח חמאה פטריות כמה,גרמים,150.00,100 גרם,false,1,13.90,9.27,true,1,
7290012252506,false,שלגון שוקולד מצופה מועשר בסידן,,,שלגון שוקולד מצופה מ,Unknown,0.00,Unknown,false,1,6.90,6.90,true,1,
7290012252891,false,נקניקיות אוסטריות מצוננות 600 גרם,,IL,נקניקיות אוסטריות מצ,גרמים,600.00,100 גרם,false,1,32.90,5.48,true,1,
7290012309939,false,חלבה מסולסלת 500 גרם,,,חלבה מסולסלת 500 גרם,גרמים,500.00,100 גרם,false,1,18.90,3.78,true,1,
7290012404955,false,ספרינג Collection חמוציות 1.25 ליטר,,,ספרינג Collection,ליטרים,0.00,ליטר,false,1,14.40,14.40,true,1,
7290012404993,false,ספרינג Collection דיאט חמוציות 1.25 ליטר,,,ספרינג Collection די,ליטרים,0.00,ליטר,false,1,14.40,14.40,true,1,
7290012525049,false,קרחון אבטיח 108 גר,,IL,קרחון אבטיח 108 גר,גרמים,108.00,100 גרם,false,1,6.90,6.39,true,1,
7290012525087,false,שלגון בננה מצופה,,,שלגון בננה מצופה,Unknown,0.00,Unknown,false,1,6.90,6.90,true,1,
7290012642586,false,ערמונים קלופים 100 גרם,,,ערמונים קלופים 100 ג,גרמים,100.00,100 גרם,false,1,7.70,7.70,true,1,
7290012645112,false,יוגורט עיזים בדלי 750 מל,,,יוגורט עיזים בדלי 75,מיליליטרים,750.00,"100 מ""ל",false,1,21.90,2.92,true,1,
7290012803314,false,סוכרלוז 300 טבליות 21.6 גר,,,סוכרלוז 300 טבליות 2,גרמים,22.00,100 גרם,false,1,50.00,227.27,true,1,
7290012823381,false,מרכך כביסה מקסימה סופר מרוכז 1 ל סנסטיב,,,מרכך כביסה מקסימה סו,מיליליטרים,1000.00,"100 מ""ל",false,1,18.90,1.89,true,1,
7290012864025,false,נבטי אלפלפא,,,נבטי אלפלפא,Unknown,0.00,Unknown,false,1,9.90,9.90,true,1,
7290012901355,false,פולד מקרוני & ציז 206 גרם,,,פולד מקרוני & ציז 20,גרמים,206.00,100 גרם,false,1,12.90,6.26,true,1,
7290012901959,false,אטריות עם גבינה מסולסלים 156 גרם,,US,אטריות עם גבינה מסול,גרמים,156.00,100 גרם,false,1,13.50,8.65,true,1,
7290012921025,false,"בירה מלכה בהירה 330 מ""ל",,,בירה מלכה בהירה 330,מיליליטרים,330.00,"100 מ""ל",false,1,16.90,5.12,true,1,
7290012921032,false,"בירה מלכה אדמונית 330 מ""ל",,,בירה מלכה אדמונית 33,מיליליטרים,330.00,"100 מ""ל",false,1,16.90,5.12,true,1,
7290012921056,false,"בירה מלכה חיטה 330 מ""ל",,,בירה מלכה חיטה 330 מ,מיליליטרים,330.00,"100 מ""ל",false,1,16.90,5.12,true,1,
7290012921063,false,"בירה מלכה הינדי 330 מ""ל",,,בירה מלכה הינדי 330,מיליליטרים,330.00,"100 מ""ל",false,1,16.90,5.12,true,1,
7290012936852,false,תבלינים קימל טחון בצנצנות  40 גרם,,,תבלינים קימל טחון בצ,גרמים,40.00,100 גרם,false,1,10.50,26.25,true,1,
7290012936944,false,תבלינים אגוז מוסקט טחון 40 גרם,,,תבלינים אגוז מוסקט ט,Unknown,0.00,Unknown,false,1,16.40,16.40,true,1,
7290012962417,false,כפפות איזי טאצ ניטריל ל.אבקה כחול 100M,,ID,כפפות איזי טאצ ניטרי,Unknown,0.00,Unknown,false,1,29.90,29.90,true,1,
7290013038432,false,אקווה נובה  2 ל,,IL,אקווה נובה  2 ל,ליטרים,0.00,ליטר,false,1,2.90,2.90,true,1,
7290013083999,false,קריסטל יורוקיטי 3.8 ליטר,,,קריסטל יורוקיטי 3.8,Unknown,0.00,Unknown,false,1,24.90,24.90,true,1,
7290013089809,false,פילה אמנון קפוא במשקל,,,פילה אמנון קפוא,Unknown,0.00,"ק""ג",true,0,37.90,37.90,true,1,
7290013092236,false,רני מנטה להקלה בצרבת,,,רני מנטה להקלה בצרבת,Unknown,0.00,Unknown,false,1,29.90,29.90,true,1,
7290013144232,false,פודינג וניל 85 גר,,,פודינג וניל 85 גר,גרמים,85.00,100 גרם,false,1,6.60,7.76,true,1,
7290013144393,false,"תמצית וניל 50 מ""ל",,,"תמצית וניל 50 מ""ל",מיליליטרים,50.00,"100 מ""ל",false,1,5.50,11.00,true,1,
7290013145055,false,פרג שלם 100 גר,,,פרג שלם 100 גר,גרמים,100.00,100 גרם,false,1,7.50,7.50,true,1,
7290013145109,false,שקד מולבן טחון 100 גר,,,שקד מולבן טחון 100 ג,גרמים,100.00,100 גרם,false,1,16.90,16.90,true,1,
7290013145178,false,קוקוס טחון לבן 100 גר,,,קוקוס טחון לבן 100 ג,גרמים,100.00,100 גרם,false,1,5.90,5.90,true,1,
7290013145192,false,שומשום 100 גר,,,שומשום 100 גר,גרמים,100.00,100 גרם,false,1,5.90,5.90,true,1,
7290013145529,false,סוכריות צבעוניות לקישוט 90 גר,,,סוכריות צבעוניות לקי,גרמים,90.00,100 גרם,false,1,7.10,7.89,true,1,
7290013145918,false,אבקת סוכר 100 גר,,,אבקת סוכר 100 גר,גרמים,100.00,100 גרם,false,1,2.00,2.00,true,1,
7290013145963,false,שמרים יבשים בואקום 125 גרם,,,שמרים יבשים בואקום 1,גרמים,125.00,100 גרם,false,1,6.60,5.28,true,1,
7290013145970,false,קורנפלור 200 גרם,,,קורנפלור 200 גרם,גרמים,200.00,100 גרם,false,1,4.20,2.10,true,1,
7290013187154,false,מזרע קרפלך טלה מתכון סבתא 600 גר,,,קרפלך כבש מתכון סבתא,גרמים,600.00,100 גרם,false,1,31.50,5.25,true,1,
7290013187765,false,ברוקולי טבעפרוסט 800 גר,,,ברוקולי טבעפרוסט 800,גרמים,800.00,100 גרם,false,1,19.90,2.49,true,1,
7290013187772,false,אפונה ירוקה עדינה טבעפרוסט 800 גר,,,אפונה ירוקה עדינה טב,גרמים,800.00,100 גרם,false,1,19.90,2.49,true,1,
7290013187789,false,אפונה ירוקה טבעפרוסט 800 גר,,,אפונה ירוקה טבעפרוסט,גרמים,800.00,100 גרם,false,1,16.70,2.09,true,1,
7290013187796,false,שעועית ירוקה שלמה טבעפרוסט 800 גר,,,שעועית ירוקה שלמה טב,גרמים,800.00,100 גרם,false,1,16.90,2.11,true,1,
7290013187802,false,שעועית ירוקה עדינה טבעפרוסט 800 גר,,,שעועית ירוקה עדינה ט,גרמים,800.00,100 גרם,false,1,16.90,2.11,true,1,
7290013187819,false,שעועית ירוקה חתוכה טבעפרוסט 800 גר,,,שעועית ירוקה חתוכה ט,גרמים,800.00,100 גרם,false,1,16.90,2.11,true,1,
7290013187826,false,כרוב ניצנים טבעפרוסט 800 גר,,,כרוב ניצנים טבעפרוסט,גרמים,800.00,100 גרם,false,1,16.90,2.11,true,1,
7290013187833,false,כרובית טבעפרוסט 800 גר,,,כרובית טבעפרוסט 800,גרמים,800.00,100 גרם,false,1,16.90,2.11,true,1,
7290013187840,false,גזר גמדי טבעפרוסט 800 גר,,,גזר גמדי טבעפרוסט 80,גרמים,800.00,100 גרם,false,1,16.90,2.11,true,1,
7290013187857,false,תרד טבעפרוסט 800 גר,,,תרד טבעפרוסט 800 גר,גרמים,800.00,100 גרם,false,1,16.90,2.11,true,1,
7290013187864,false,נקניקיות שפיקצקי 600 גרם,,,נקניקיות שפיקצקי,גרמים,600.00,100 גרם,false,1,44.90,7.48,true,1,
7290013187871,false,סרוולט אוסטרי 170 גר,,,סרוולט אוסטרי 170 גר,גרמים,170.00,100 גרם,false,1,35.90,21.12,true,1,
7290013215017,false,פיטריות דואט,,,פיטריות דואט,Unknown,0.00,Unknown,false,1,19.90,19.90,true,1,
7290013268020,false,מרכך כביסה מקסימה סופר מרוכז 1 ל אולטרא,,,מרכך כביסה מקסימה סו,מיליליטרים,1000.00,"100 מ""ל",false,1,18.90,1.89,true,1,
7290013268242,false,נוזל רצפות ריצפז פרש הום מלון מפנק 2 ל,,IL,נוזל רצפות ריצפז פרש,ליטרים,0.00,ליטר,false,1,22.90,22.90,true,1,
7290013268983,false,מרכך מרוכז 1 ליטר עוצמתי במיוחד,,,מרכך מרוכז 1 ליטר עו,ליטרים,0.00,ליטר,false,1,18.90,18.90,true,1,
7290013276124,false,"בירה נגב אמבר אייל 330 מ""ל",,,בירה נגב אמבר אייל 3,מיליליטרים,330.00,"100 מ""ל",false,1,16.90,5.12,true,1,
7290013310378,false,כפפות ניטרל S כחולות ללא אבקה 80 יח,,,כפפות ניטרל S כחולות,יחידה,1.00,יחידה,false,1,27.90,27.90,true,1,
7290013310385,false,כפפות ניטרל M כחולות ללא אבקה 80 יח,,,כפפות ניטרל M כחולות,יחידה,1.00,יחידה,false,1,27.90,27.90,true,1,
7290013329301,false,פריכיות כוסמת עם מלח 160 גרם,,,פריכיות כוסמת עם מלח,גרמים,160.00,100 גרם,false,1,12.50,7.81,true,1,
7290013329738,false,"תמר מגהול 1 ק""ג",,,"תמר מגהול 1 ק""ג",קילוגרמים,0.00,"ק""ג",false,1,24.90,24.90,true,1,
7290013358356,false,מאסטר שף פירורי לחם מוזהבים 320 גרם,,,מאסטר שף פירורי לחם,גרמים,320.00,100 גרם,false,1,8.30,2.59,true,1,
7290013358363,false,פירורי לחם פנקו 300 גרם מנה,,,פירורי לחם פנקו 300,גרמים,300.00,100 גרם,false,1,13.90,4.63,true,1,
7290013358530,false,"רוטב צילי מתוק מנה אסייאתי 700 מ""ל מ.שף",,,רוטב צילי מתוק מנה א,מיליליטרים,700.00,"100 מ""ל",false,1,15.90,2.27,true,1,
7290013358585,false,מנה אסייאתי נודלס ביצים להקפצה 400 מ.שף,,,מנה אסייאתי נודלס בי,גרמים,400.00,100 גרם,false,1,10.90,2.73,true,1,
7290013366108,false,אספרגוס,,,אספרגוס,Unknown,0.00,Unknown,false,1,34.90,34.90,true,1,
7290013366634,false,חסה ראשים 200 גר,,,חסה ראשים 200 גר,גרמים,200.00,100 גרם,false,1,11.90,5.95,true,1,
7290013366658,false,חסה סנלובה 200 גר,,,חסה סנלובה 200 גר,גרמים,200.00,100 גרם,false,1,14.90,7.45,true,1,
7290013381996,false,סרדינים בשמן זית 125 גרם,,,סרדינים בשמן זית 125,גרמים,125.00,100 גרם,false,1,6.70,5.36,true,1,
7290013389114,false,"ניוקי תפו""א 500 גרם",,,"ניוקי תפו""א 500 גרם",גרמים,500.00,100 גרם,false,1,10.30,2.06,true,1,
7290013389145,false,מיני ניוקי 500 גרם,,,מיני ניוקי 500 גרם,גרמים,500.00,100 גרם,false,1,13.50,2.70,true,1,
7290013430083,false,"בירה אלכסנדר בלונד 330 מ""ל",,,בירה אלכסנדר בלונד 3,מיליליטרים,330.00,"100 מ""ל",false,1,14.90,4.52,true,1,
7290013430090,false,"בירה אלכסנדר אמברה 330 מ""ל",,,בירה אלכסנדר אמברה 3,מיליליטרים,330.00,"100 מ""ל",false,1,14.90,4.52,true,1,
7290013430304,false,"בירה אלכסנדר גרין 330 מ""ל",,,בירה אלכסנדר גרין 33,מיליליטרים,330.00,"100 מ""ל",false,1,14.90,4.52,true,1,
7290013472199,false,ערמונים קלופים וקלויים 105 גרם,,,ערמונים קלופים וקלוי,גרמים,105.00,100 גרם,false,1,7.90,7.52,true,1,
7290013492005,false,תפוחוני אדמה למיקרוגל,,,תפוחוני אדמה למיקרו,גרמים,700.00,100 גרם,false,1,9.90,1.41,true,1,
7290013531117,false,רוטב לפסטה קידס 260 גר יכין,,,רוטב לפסטה קידס 260,מיליליטרים,260.00,"100 מ""ל",false,1,6.90,2.65,true,1,
7290013531759,false,שעועית לבנה במים 550 גרם,,,שעועית לבנה במים 550,גרמים,550.00,100 גרם,false,1,10.90,1.98,true,1,
7290013542236,false,כוס שתיה קרה 100 יח,,TR,כוס שתיה קרה 100 יח,Unknown,0.00,Unknown,false,1,11.00,11.00,true,1,
7290013542458,false,קיסמי שיניים מלחיה 3,,CN,קיסמי שיניים מלחיה 3,Unknown,0.00,Unknown,false,1,1.90,1.90,true,1,
7290013542526,false,כוס נייר 50 יח לשתיה,,CN,כוס נייר 50 יח לשתיה,Unknown,0.00,Unknown,false,1,10.90,10.90,true,1,
7290013585233,false,"ספרייט ZERO פחית סליק 330 מ""ל",,,ספרייט ZERO פחית סלי,מיליליטרים,330.00,"100 מ""ל",false,1,5.90,1.79,true,1,
7290013585394,false,קוקה קולה 1 ליטר,,,קוקה קולה 1 ליטר,מיליליטרים,1000.00,"100 מ""ל",false,1,7.50,0.75,true,1,
7290013608260,false,מיץ רימונים 100% סחוט טרי פרימור 1 ל,,,מיץ רימונים 100% סחו,מיליליטרים,1000.00,"100 מ""ל",false,1,26.90,2.69,true,1,
7290013713018,false,"בירה גמס לאגר כהה 330 מ""ל",,,בירה גמס לאגר כהה 33,מיליליטרים,330.00,"100 מ""ל",false,1,13.90,4.21,true,1,
7290013713025,false,"בירה  פילס 330 מ""ל גמס",,,"בירה  פילס 330 מ""ל ג",מיליליטרים,330.00,"100 מ""ל",false,1,13.90,4.21,true,1,
7290013720436,false,קרפלך בטעם ביתי קפוא 600 גר,,,קרפלך בטעם ביתי קפוא,גרמים,600.00,100 גרם,false,1,21.90,3.65,true,1,
7290013720443,false,קרפלך סבתא עוף קפוא 600 גר,,,קרפלך סבתא עוף קפוא,גרמים,600.00,100 גרם,false,1,30.90,5.15,true,1,
7290013720498,false,פיין שרימפס מבושל 750 גר M,,,פיין שרימפס מבושל,גרמים,750.00,100 גרם,false,1,63.90,8.52,true,1,
7290013764027,false,סיידר תפוחים יבש 330 מל,,,סיידר תפוחים יבש 330,מיליליטרים,330.00,"100 מ""ל",false,1,14.90,4.52,true,1,
7290013764041,false,סיידר תפוחים מתוק 330 מל,,,סיידר תפוחים מתוק 33,מיליליטרים,330.00,"100 מ""ל",false,1,14.90,4.52,true,1,
7290013764140,false,שיכר לימונדה חמוציות 330 מל,,,שיכר לימונדה חמוציות,מיליליטרים,330.00,"100 מ""ל",false,1,14.90,4.52,true,1,
7290013787408,false,רביולי בטטה 330 גרם,,,רביולי בטטה 330 גרם,גרמים,330.00,100 גרם,false,1,28.20,8.55,true,1,
7290013847867,false,מארז זוגות טונה בשמן סויה 2* 140 גר,,,טונה סטארקיסט בשמן ס,גרמים,280.00,100 גרם,false,1,13.90,4.96,true,1,
7290013848345,false,מטליות לחות סנו 99.9% 50 יח*3,,IL,שלישיית מטליות לחות,Unknown,0.00,Unknown,false,1,21.90,21.90,true,1,
7290013861566,false,אורז לסושי 1 קג,,,"אורז לסושי 1 ק""ג",גרמים,1000.00,100 גרם,false,1,13.50,1.35,true,1,
7290013903273,false,אדממה אורגני קפוא 400 גר,,CN,אדממה אורגני קפוא 40,גרמים,400.00,100 גרם,false,1,13.20,3.30,true,1,
7290013903310,false,טופו אורגני 2 יח 500 גר,,IL,טופו אורגני 2 יח 500,גרמים,500.00,100 גרם,false,1,20.90,4.18,true,1,
7290013903327,false,טופו טבעי 2 יח 500 גר,,IL,טופו טבעי 2 יח 500 ג,גרמים,500.00,100 גרם,false,1,18.80,3.76,true,1,
7290013903594,false,רסק תפוחים טבעי 670 גרם ליב,,,רסק תפוחים טבעי 670,גרמים,670.00,100 גרם,false,1,13.50,2.01,true,1,
7290013903822,false,קציצות כרובית וברוקולי טבעוני 400 גרם,,IL,קציצות כרובית וברוקו,גרמים,400.00,100 גרם,false,1,27.20,6.80,true,1,
7290013906052,false,נקניקיות פרגיות 300 גרםטירת צבי,,,נקניקיות פרגיות,גרמים,300.00,100 גרם,false,1,14.90,4.97,true,1,
7290013906441,false,קבנוס טירת צבי 120 גר,,,קבנוס טירת צבי 120 ג,גרמים,120.00,100 גרם,false,1,12.90,10.75,true,1,
7290013906458,false,קבנוס בטעם פיקנטי טירת צבי 120 גר,,,קבנוס בטעם פיקנטי טי,גרמים,120.00,100 גרם,false,1,12.90,10.75,true,1,
7290013906496,false,פסטרמה עגל בסגנון רומני טירת צבי 120 גר,,,פסטרמה עגל בסגנון רו,גרמים,120.00,100 גרם,false,1,19.90,16.58,true,1,
7290013906519,false,פרושוטו בקר טירת צבי 100 גר,,,פרושוטו בקר טירת צבי,גרמים,100.00,100 גרם,false,1,34.90,34.90,true,1,
7290014002203,false,חליטת קמומיל ולואיזה 25 שק הגן הקסום,,,חליטת קמומיל ולואיזה,Unknown,0.00,Unknown,false,1,19.90,19.90,true,1,
7290014056053,false,"בירה שפירא אי פי אי 330 מ""ל",,IL,בירה שפירא אי פי אי,מיליליטרים,330.00,"100 מ""ל",false,1,16.90,5.12,true,1,
7290014066359,false,לנדוור קפסולות אספרסו בלאנסד 10 יח,,,לנדוור קפסולות אספרס,Unknown,0.00,Unknown,false,1,17.90,17.90,true,1,
7290014066373,false,לנדוור קפסולות אספרסו קלאסיק 10 יח,,,לנדוור קפסולות אספרס,Unknown,0.00,Unknown,false,1,17.90,17.90,true,1,
7290014066441,false,לנדוור קפסולות אספרסו נטול קפאין 10 יח,,,לנדוור קפסולות אספרס,Unknown,0.00,Unknown,false,1,17.90,17.90,true,1,
7290014066526,false,לנדוור קפסולות אספרסו תערובת הבית 10 יח,,,לנדוור קפסולות אספרס,Unknown,0.00,Unknown,false,1,17.90,17.90,true,1,
7290014066533,false,לנדוור קפסולות אספרסו קלייה כפולה 10 יח,,,לנדוור קפסולות אספרס,Unknown,0.00,Unknown,false,1,17.90,17.90,true,1,
7290014079014,false,לבבות קיסר,,,לבבות קיסר,Unknown,0.00,Unknown,false,1,11.90,11.90,true,1,
7290014079236,false,פטריות פורטבלו,,,פטריות פורטבלו,Unknown,0.00,Unknown,false,1,11.90,11.90,true,1,
7290014094338,false,דלעת מקולפת 250 גר,,,דלעת מקולפת 250 גר,גרמים,250.00,100 גרם,false,1,25.50,10.20,true,1,
7290014094345,false,חמניה מקולפת 300 גר,,,חמניה מקולפת 300 גר,גרמים,300.00,100 גרם,false,1,13.80,4.60,true,1,
7290014094352,false,אגוזי מלך  200 גר,,,אגוזי מלך  200 גר,גרמים,200.00,100 גרם,false,1,16.90,8.45,true,1,
7290014094369,false,שקד טבעי  200 גר קופסא ששון הקולה,,,שקד טבעי  200 גר קופ,גרמים,200.00,100 גרם,false,1,23.90,11.95,true,1,
7290014094376,false,שזיפים ללא גלעין 330 גר,,,שזיפים ללא גלעין 330,גרמים,330.00,100 גרם,false,1,24.00,7.27,true,1,
7290014094383,false,משמש 330 גר,,,משמש 330 גר,גרמים,330.00,100 גרם,false,1,28.90,8.76,true,1,
7290014094406,false,צימוק לבן 330 גר,,,צימוק לבן 330 גר,גרמים,330.00,100 גרם,false,1,18.90,5.73,true,1,
7290014094505,false,אורז בסמטי טהור 1 קג אהרוני,,,"אורז בסמטי טהור 1 ק""",גרמים,1000.00,100 גרם,false,1,12.90,1.29,true,1,
7290014094529,false,"רוטב סויה 300 מ""ל אהרוני",,,"רוטב סויה 300 מ""ל אה",מיליליטרים,300.00,"100 מ""ל",false,1,13.10,4.37,true,1,
7290014094628,false,פקאן טבעי 200 גר,,,פקאן טבעי 200 גר,גרמים,200.00,100 גרם,false,1,32.50,16.25,true,1,
7290014094642,false,קשיו טבעי גדול  250 גר,,,קשיו טבעי גדול 250 ג,גרמים,250.00,100 גרם,false,1,30.90,12.36,true,1,
7290014094796,false,משמש מיובש 300 גרם ששון הקולה,,,משמש מיובש 300 גרם ש,גרמים,300.00,100 גרם,false,1,21.90,7.30,true,1,
7290014094864,false,פיסטוק קלוי 170 גר עם קליפה ששון הקולה,,,פיסטוק קלוי 170 גר,גרמים,170.00,100 גרם,false,1,19.90,11.71,true,1,
7290014094895,false,אגוזים מלך קלופים 150 גרם ששון הקולה,,,אגוזים מלך קלופים 15,גרמים,150.00,100 גרם,false,1,13.90,9.27,true,1,
7290014094901,false,פקאן טבעי 150 גרם ששון הקולה,,,פקאן טבעי 150 גרם שש,גרמים,150.00,100 גרם,false,1,24.50,16.33,true,1,
7290014095861,false,שיבולת שועל דקה 500 גרם קוואקר,,,שיבולת שועל דקה 500,גרמים,500.00,100 גרם,false,1,7.90,1.58,true,1,
7290014095953,false,משוקלדים פקאן חלב 140 גר שקדיה,,,משוקלדים פקאן חלב 14,גרמים,140.00,100 גרם,false,1,14.20,10.14,true,1,
7290014095960,false,שיבולת שועל עבה 500 גרם קוואקר,,,שיבולת שועל עבה 500,גרמים,500.00,100 גרם,false,1,7.90,1.58,true,1,
7290014218932,false,חטיפי פיצה זיתים 710 גר,,IL,חטיפי פיצה זיתים,גרמים,710.00,100 גרם,false,1,37.90,5.34,true,1,
7290014256231,false,"יין  4 וואטס אדום יקבי כרמל  750 מ""ל",,,יין  4 וואטס אדום יק,Unknown,0.00,Unknown,false,1,62.90,62.90,true,1,
7290014305571,false,"בירה הדובים עשן לבן 330 מ""ל",,,בירה הדובים עשן לבן,מיליליטרים,330.00,"100 מ""ל",false,1,15.90,4.82,true,1,
7290014318151,false,ממרח ארטישוק 212,,,ממרח ארטישוק 212,מיליליטרים,212.00,"100 מ""ל",false,1,20.70,9.76,true,1,
7290014435704,false,סלמון מעושן 100 גר,,,סלמון מעושן 100 גר,גרמים,100.00,100 גרם,false,1,25.90,25.90,true,1,
7290014435803,false,מטיאס הולנדי עם בצל בשמן 200 גר,,,מטיאס הולנדי עם בצל,גרמים,200.00,100 גרם,false,1,21.90,10.95,true,1,
7290014440463,false,"יין מדבר שרדונה  סדרה 22 750 מ""ל",,IL,יין מדבר שרדונה  סדר,מיליליטרים,750.00,"100 מ""ל",false,1,52.90,7.05,true,1,
7290014440470,false,"יין מדבר סוביניון בלאן  סדרה 22 750 מ""ל",,IL,יין מדבר סוביניון בל,מיליליטרים,750.00,"100 מ""ל",false,1,52.90,7.05,true,1,
7290014440487,false,"יקב מדבר סדרה 22 סוביניון 750 מ""ל",,IL,יקב מדבר סדרה 22 סוב,מיליליטרים,750.00,"100 מ""ל",false,1,52.90,7.05,true,1,
7290014440494,false,"יין מדבר רוזה  סדרה 22 750 מ""ל",,IL,יין מדבר רוזה  סדרה,מיליליטרים,750.00,"100 מ""ל",false,1,52.90,7.05,true,1,
7290014440548,false,"יקב מדבר סדרה 22 קברנה פרנק 750 מ""ל",,IL,יקב מדבר סדרה 22 קבר,מיליליטרים,750.00,"100 מ""ל",false,1,52.90,7.05,true,1,
7290014440807,false,"יין מדבר קברנה סוביניון סדרה 22 750 מ""ל",,IL,יין מדבר קברנה סובינ,מיליליטרים,750.00,"100 מ""ל",false,1,54.90,7.32,true,1,
7290014440883,false,"יין מדבר קברנה סוביניון 2017 750 מ""ל",,,יין מדבר קברנה סובינ,Unknown,0.00,Unknown,false,1,73.90,73.90,true,1,
7290014455320,false,כדור מוצרלה פרסקה 100 גר,,,כדור מוצרלה פרסקה 10,גרמים,100.00,100 גרם,false,1,10.20,10.20,true,1,
7290014459373,false,תפוגן ציפס קראנצי לתנור  1.5 קג,,,תפוגן ציפס קראנצי לת,קילוגרמים,0.00,"ק""ג",false,1,31.50,31.50,true,1,
7290014466890,false,"יין גמלא השמורה קברנה מרלו 2020 750 מ""ל",,,יין גמלא השמורה קברנ,Unknown,0.00,Unknown,false,1,69.90,69.90,true,1,
7290014472136,false,גרעין שחור קלוי 150 ג ששון הקולה,,,גרעין שחור קלוי 150,גרמים,150.00,100 גרם,false,1,5.30,3.53,true,1,
7290014472228,false,תאנים 330 גר,,,תאנים 330 גר,גרמים,330.00,100 גרם,false,1,25.20,7.64,true,1,
7290014472471,false,גרעינים שחור ענק 200 גר פרימיום,,,גרעיני חמניה קלויים,גרמים,200.00,100 גרם,false,1,7.90,3.95,true,1,
7290014472495,false,קשיו קלוי ענק 250 גר פרימיום ששון הקולה,,,קשיו קלוי ענק 250 גר,גרמים,250.00,100 גרם,false,1,22.90,9.16,true,1,
7290014472501,false,פיסטוק קלוי ענק 250 ג פרימיום ששון הקולה,,,פיסטוק קלוי ענק 250,גרמים,250.00,100 גרם,false,1,24.90,9.96,true,1,
7290014472518,false,בוטן קלוי ענק 250 גר פרימיום ששון הקולה,,,בוטן קלוי ענק 250 גר,גרמים,250.00,100 גרם,false,1,12.90,5.16,true,1,
7290014472525,false,תערובת מובחרת 250 גר פרימיום ששון הקולה,,,תערובת מובחרת 250 גר,גרמים,250.00,100 גרם,false,1,24.90,9.96,true,1,
7290014503137,false,"יין כנען אדום דלתון 750 מ""ל",,,יין כנען אדום דלתון,Unknown,0.00,Unknown,false,1,44.90,44.90,true,1,
7290014503144,false,יין כנען לבן דלתון 750 מל,,,יין כנען לבן דלתון 7,Unknown,0.00,Unknown,false,1,44.90,44.90,true,1,
7290014673014,false,פלפל אנגלי שלם 90 גרם,,,פלפל אנגלי שלם 90 גר,Unknown,0.00,Unknown,false,1,16.40,16.40,true,1,
7290014673021,false,פלפל שחור שלם 100 גרם,,,פלפל שחור שלם 100 גר,גרמים,100.00,100 גרם,false,1,16.40,16.40,true,1,
7290014673434,false,פלפל שחור גרוס דק 50 גרם שקית,,,פלפל שחור גרוס 80 גר,Unknown,0.00,Unknown,false,1,10.40,10.40,true,1,
7290014692299,false,גבינת ברי 125 גר,,,גבינת ברי 125 גר,גרמים,125.00,100 גרם,false,1,21.90,17.52,true,1,
7290014692305,false,גבינת קממבר 125 גר,,,גבינת קממבר 125 גר,גרמים,125.00,100 גרם,false,1,21.90,17.52,true,1,
7290014692541,false,אמה מגורדת 500 גר,,,צהובה מגורדת גולדן 5,גרמים,500.00,100 גרם,false,1,24.90,4.98,true,1,
7290014749245,false,צונגו רצועות שניצל שומשום 600 גרם,,,צונגו רצועות שניצל ש,גרמים,600.00,100 גרם,false,1,39.90,6.65,true,1,
7290014749764,false,עוף טוב שניצל עוף ביתי עדין 700 גרם,,,עוף טוב שניצל עוף בי,גרמים,700.00,100 גרם,false,1,47.90,6.84,true,1,
7290014758100,false,שמיניית מאגדת BIO יוגורט 3% 150 גרם,,,שמיניית מאגדת BIO,גרמים,150.00,100 גרם,false,1,17.20,11.47,true,1,
7290014758117,false,שמיניית יוגורט ביו 1.5% 150 גרם,,,שמיניית יוגורט ביו,קילוגרמים,0.00,"ק""ג",false,1,18.10,18.10,true,1,
7290014759084,false,נפוליאון מופחת שומן 16% 225 גר,,,נפוליאון מופחת שומן,גרמים,225.00,100 גרם,false,1,15.00,6.67,true,1,
7290014759534,false,פיראוס בולגרית למריחה 5% 200 גר,,,פיראוס בולגרית למריח,גרמים,200.00,100 גרם,false,1,17.70,8.85,true,1,
7290014759978,false,קולאז קשקבל גלעד פלח 200 גר,,,קולאז קשקבל גלעד פלח,גרמים,200.00,100 גרם,false,1,21.90,10.95,true,1,
7290014760141,false,משקה שקדים טרי 1 ליטר,,,משקה שקדים טרי 1 ליט,מיליליטרים,1000.00,"100 מ""ל",false,1,14.90,1.49,true,1,
7290014761056,false,יולו שוקולד חלב מעולה 123 גר,,,יולו שוקולד חלב,גרמים,123.00,100 גרם,false,1,5.00,4.07,true,1,
7290014761063,false,יולו שוקולד מריר מעולה 123 גר,,,יולו שוקולד מריר,גרמים,123.00,100 גרם,false,1,5.00,4.07,true,1,
7290014761070,false,YOLO שוקולד לבן מעולה 123 ג,,,YOLO שוקולד לבן מעול,גרמים,123.00,100 גרם,false,1,5.00,4.07,true,1,
7290014761612,false,YOLO מעדן שכבות שוקולד מריר ולבן 123 גר,,,YOLO מעדן שכבות שוקו,גרמים,123.00,100 גרם,false,1,5.00,4.07,true,1,
7290014762756,false,נפוליאון 16%בטעם בצל 225 גר,,,נפוליאון 16%בטעם בצל,גרמים,225.00,100 גרם,false,1,15.00,6.67,true,1,
7290014789913,false,מארז עוגיות אוראו עם קרם וניל 3*176 גרם,,,מארז עוגיות אוראו עם,גרמים,528.00,100 גרם,false,1,25.10,4.75,true,1,
7290014860100,false,"מקלות אורז ללא גלוטן 1 מ""מ 454 גרם",,,מקלות אורז ללא גלוטן,גרמים,454.00,100 גרם,false,1,11.90,2.62,true,1,
7290014910515,false,שימורי  שפרוטים מעושנים בשמן צמחי 250 גר,,,שימורי  שפרוטים מעוש,גרמים,250.00,100 גרם,false,1,13.20,5.28,true,1,
7290015009300,false,עלי טורטייה מקמח תירס 360 גרם,,,עלי טורטייה מקמח תיר,גרמים,360.00,100 גרם,false,1,16.70,4.64,true,1,
7290015039246,false,רביעית טונה בהירה בשמן וילי פוד 4*160 גר,,TH,רביעית טונה בהירה בש,גרמים,640.00,100 גרם,false,1,22.90,3.58,true,1,
7290015039338,false,רביעית טונה במי מלח וילי פוד 4*160 גר,,TH,רביעית טונה במי מלח,גרמים,640.00,100 גרם,false,1,22.90,3.58,true,1,
7290015127530,false,זית סורי אורגני 180 גרם,,IL,זית סורי אורגני 180,גרמים,180.00,100 גרם,false,1,15.90,8.83,true,1,
7290015129251,false,איטריות קונגאק ללא גלוטן 270 גרם skinny,,,איטריות קונגאק ללא ג,גרמים,270.00,100 גרם,false,1,12.90,4.78,true,1,
7290015164832,false,מחית קארי ירוק 400 גרם SUREE כשר,,,מחית קארי ירוק 400 ג,מיליליטרים,400.00,"100 מ""ל",false,1,21.90,5.48,true,1,
7290015164856,false,רוטב קארי אדומה 400 גרם SUREE כשר,,,רוטב קארי אדומה 400,מיליליטרים,400.00,"100 מ""ל",false,1,21.90,5.48,true,1,
7290015178174,false,פסטו בטעם פרמזן אוליביה 180 גר,,IL,פסטו בטעם פרמזן אולי,גרמים,180.00,100 גרם,false,1,16.40,9.11,true,1,
7290015282000,false,איקרה לבנה 200 גרם,,IL,איקרה אדומה 200 גרם,גרמים,200.00,100 גרם,false,0,16.70,8.35,true,1,
7290015282024,false,איקרה אדומה 200 גרם,,IL,איקרה לבנה 200 גרם,גרמים,200.00,100 גרם,false,0,16.70,8.35,true,1,
7290015282581,false,חומוס אבו גוש עם חריף 200 גר,,,חומוס אבו גוש עם חרי,גרמים,200.00,100 גרם,false,1,11.60,5.80,true,1,
7290015282598,false,חומוס מסעדות 200 גר,,,חומוס מסעדות 200 גר,גרמים,200.00,100 גרם,false,1,11.60,5.80,true,1,
7290015282604,false,טחינה מיוחדת 200 גר,,,טחינה מיוחדת 200 גר,גרמים,200.00,100 גרם,false,1,11.60,5.80,true,1,
7290015282628,false,חציל בטעם כבד 200 גר,,,חציל בטעם כבד 200 גר,גרמים,200.00,100 גרם,false,1,13.90,6.95,true,1,
7290015282635,false,חומוס מסבחה 200 גר,,,חומוס מסבחה 200 גר,גרמים,200.00,100 גרם,false,1,11.60,5.80,true,1,
7290015282642,false,חומוס אבו גוש 200 גר,,,חומוס אבו גוש 200 גר,גרמים,200.00,100 גרם,false,1,11.60,5.80,true,1,
7290015282680,false,קישואא בטעם כבד 200 גר,,,קישוא בטעם כבד 200 ג,גרמים,200.00,100 גרם,false,1,13.90,6.95,true,1,
7290015282697,false,כרוב אדום 200 גר,,,כרוב אדום 200 גר,גרמים,200.00,100 גרם,false,1,13.90,6.95,true,1,
7290015282734,false,מטבוחה ביתית 200 גר,,,מטבוחה ביתית 200 גר,גרמים,200.00,100 גרם,false,1,13.90,6.95,true,1,
7290015282741,false,חציל תאילנדי 200 גר,,,חציל תאילנדי 200 גר,גרמים,200.00,100 גרם,false,1,13.90,6.95,true,1,
7290015282796,false,תפוח אדמה 200 גר,,,תפוח אדמה 200 גר,גרמים,200.00,100 גרם,false,1,13.90,6.95,true,1,
7290015417136,false,עגבנית שרי אורגנית ארוז,,,עגבנית שרי אורגנית,גרמים,400.00,100 גרם,false,1,14.90,3.73,true,1,
7290015417167,false,פלפל ביס אורגני,,,פלפל ביס אורגני,גרמים,200.00,100 גרם,false,1,11.90,5.95,true,1,
7290015417242,false,מלפפון מיני אורגני ארוז,,,מלפפון מיני אורגני א,גרמים,350.00,100 גרם,false,1,12.90,3.69,true,1,
7290015528320,false,צלחת פלסטיק 7 קטנה ק,,CN,צלחת פלסטיק 7 קטנה ק,Unknown,1.00,Unknown,false,1,12.50,12.50,true,1,
7290015528344,false,צלחת פלסטיק 9 בינוני,,CN,צלחת פלסטיק 9 בינוני,Unknown,1.00,Unknown,false,1,19.90,19.90,true,1,
7290015528832,false,צלחת 9 בינוני מתכלה,,IN,צלחת 9 בינוני מתכלה,Unknown,1.00,Unknown,false,1,12.80,12.80,true,1,
7290015603188,false,אטריות ביצים 454 גרם,,,אטריות ביצים 454 גרם,גרמים,454.00,100 גרם,false,1,11.90,2.62,true,1,
7290015603522,false,נוזל אגוזי קוקוס 5-7% 400 מל,,,נוזל אגוזי קוקוס 5-7,מיליליטרים,400.00,"100 מ""ל",false,1,7.90,1.98,true,1,
7290015603546,false,שימורי קרם קוקוס 17-19% 400 מל ASIATIC,,,שימורי קרם קוקוס 17-,מיליליטרים,400.00,"100 מ""ל",false,1,10.90,2.73,true,1,
7290015603560,false,"שימורי קרם קוקוס 20-22% 400 מ""ל",,,שימורי קרם קוקוס 20-,מיליליטרים,400.00,"100 מ""ל",false,1,10.90,2.73,true,1,
7290015603591,false,גינגר כבוש וורוד 160 גרם,,,גינגר כבוש וורוד 160,גרמים,160.00,100 גרם,false,1,8.90,5.56,true,1,
7290015634120,false,יין עמק האלה אוורד לבן 2015 750 מל,,,יין עמק האלה אוורד ל,Unknown,0.00,Unknown,false,1,46.90,46.90,true,1,
7290015634137,false,"יין עמק האלה סוביניון בלאן 2015 750 מ""ל",,,יין עמק האלה סוביניו,Unknown,0.00,Unknown,false,1,87.90,87.90,true,1,
7290015634151,false,"עמק האלה קברנה סוביניון 2012 750 מ""ל",,,יין עמק האלה קברנה א,Unknown,0.00,Unknown,false,1,87.90,87.90,true,1,
7290015634182,false,עמק האלה אוורד קברנה/ מרלו 2015 750 מל,,,עמק האלה אוורד אדום,Unknown,0.00,Unknown,false,1,46.90,46.90,true,1,
7290015634588,false,"יין עמק האלה אדום 750 מ""ל",,IL,יין עמק האלה אדום 75,Unknown,0.00,Unknown,false,1,67.90,67.90,true,1,
7290015635059,false,ממרח חמאת בוטנים וניל אספרסו,,IL,ממרח חמאת בוטנים וני,גרמים,200.00,100 גרם,false,1,25.90,12.95,true,1,
7290015652070,false,קשיו קלוי 150 גרם ששון הקולה,,,קשיו קלוי 150 גרם שש,גרמים,150.00,100 גרם,false,1,13.90,9.27,true,1,
7290015652087,false,תערובת פיצוחים 150 גרם ששון הקולה,,,תערובת פיצוחים 150 ג,גרמים,150.00,100 גרם,false,1,13.90,9.27,true,1,
7290015652254,false,גרעיני חמניה קלויים 400 גרם ששון הקלה,,,גרעיני חמניה קלויים,גרמים,400.00,100 גרם,false,1,10.00,2.50,true,1,
7290015652278,false,תערובת פיצוחים 250 גרם ששון הקולה,,,תערובת פיצוחים 250 ג,גרמים,250.00,100 גרם,false,1,20.00,8.00,true,1,
7290015652285,false,אגוזים קלופים 250 גרם ששון הקולה,,,אגוזים קלופים 250 גר,גרמים,250.00,100 גרם,false,1,20.00,8.00,true,1,
7290015652292,false,קבוקים עם שומשום 400 גרם ששון הקלה,,,קבוקים עם שומשום 400,גרמים,400.00,100 גרם,false,1,10.50,2.63,true,1,
7290015652308,false,מנצס 300 גרם ששון הקולה,,,מנצס 300 גרם ששון הק,גרמים,300.00,100 גרם,false,1,10.00,3.33,true,1,
7290015652315,false,חמוציות מסוכרות 300 גרם ששון הקולה,,,חמוציות מסוכרות 300,גרמים,300.00,100 גרם,false,1,10.00,3.33,true,1,
7290015652407,false,פיסטוק קלוי 250 גר דין שיווק,,,פיסטוק קלוי 250 גר ד,גרמים,250.00,100 גרם,false,1,21.50,8.60,true,1,
7290015673150,false,קציצות אוקרה ברוקולי וציה 400 גר,,,קציצות אוקרה ברוקולי,גרמים,400.00,100 גרם,false,1,25.90,6.48,true,1,
7290015673204,false,קבב מהצומח עם פטרוזיליה 400 גר,,,קבב מהצומח עם פטרוזי,גרמים,400.00,100 גרם,false,1,26.90,6.73,true,1,
7290015781114,false,יין IMPRES מרלו 750 מל,,,יין IMPRES מרלו 750,Unknown,0.00,Unknown,false,1,49.90,49.90,true,1,
7290015781121,false,יין IMPRES קברנה סוביניון 750 מל,,,יין IMPRES קברנה סוב,Unknown,0.00,Unknown,false,1,49.90,49.90,true,1,
7290015781169,false,יין IMPRES קברנה סוביניון חצי יבש 750 מל,,,יין IMPRES קברנה סוב,Unknown,0.00,Unknown,false,1,49.90,49.90,true,1,
7290015781282,false,יין IMPRES גוורצטרמינר 750 מל,,,יין IMPRES גוורצטרמי,Unknown,0.00,Unknown,false,1,49.90,49.90,true,1,
7290015781305,false,יין IMPRES סירה 750 מל,,,יין IMPRES סירה 750,Unknown,0.00,Unknown,false,1,49.90,49.90,true,1,
7290015790000,false,גרעיני רימון,,,גרעיני רימון,קילוגרמים,0.00,"ק""ג",false,1,17.90,17.90,true,1,
7290015809214,false,"פלאפל לל""ג דגש 180 גרם",,,"פלאפל לל""ג דגש 180 ג",גרמים,180.00,100 גרם,false,1,13.90,7.72,true,1,
7290015856720,false,סנקסו חטיף אפונה אפוי עם זעתר 50 גרם,,IL,סנקסו חטיף אפונה אפו,גרמים,50.00,100 גרם,false,1,6.90,13.80,true,1,
7290015858113,false,ממרח עגבניות מיובשות 180 גר,,,מצונן ממרח עגבניות,גרמים,180.00,100 גרם,false,1,20.90,11.61,true,1,
7290015858441,false,איולי פלפלים עללחם 295 גרם,,IL,איולי פלפלים עללחם 2,גרמים,295.00,100 גרם,false,1,17.90,6.07,true,1,
7290015858687,false,איולי שום עללחם 295 גרם,,IL,איולי שום עללחם 295,גרמים,295.00,100 גרם,false,1,17.90,6.07,true,1,
7290015858694,false,איולי שום לימון עללחם 295 גרם,,IL,איולי שום לימון עללח,גרמים,295.00,100 גרם,false,1,17.90,6.07,true,1,
7290016006025,false,"שוופס סודה שרינק 500 מ""ל",,,שוופס סודה שרינק 500,מיליליטרים,500.00,"100 מ""ל",false,1,2.90,0.58,true,1,
7290016028447,false,נר נשמה 24 שעות,,CN,נר נשמה 24 שעות,Unknown,1.00,Unknown,false,1,2.20,2.20,true,1,
7290016028836,false,קש מתקפל צבעוני 150 יח,,CN,קשית מתקפלת צבעונית,Unknown,0.00,Unknown,false,1,8.80,8.80,true,1,
7290016077759,false,רוטב ברביקיו קלאסי 480 גרם,,,רוטב ברביקיו קלאסי 4,גרמים,480.00,100 גרם,false,1,19.90,4.15,true,1,
7290016094039,false,אולטרסול ספריי שקוף קידס 50/200,,,אולטרסול  שקוף קידס,גרמים,200.00,100 גרם,false,1,64.90,32.45,true,1,
7290016114300,false,נייר טואלט לילי לבן דאבל 16 גל=32 גל,,,נייר טואלט לילי לבן,מטרים,588.80,מטר,false,1,37.90,0.06,true,1,
7290016197877,false,שקית לפחי אשפה קטנים 80 יח M,,,שקית לפחי אשפה קטנים,Unknown,0.00,Unknown,false,1,27.20,27.20,true,1,
7290016233995,false,אנשובי בפח עם שמן זית 45 גרם,,,פילה אנשובי,גרמים,45.00,100 גרם,false,1,7.90,17.56,true,1,
7290016270570,false,מלפפון בייבי,,,מלפפון בייבי,Unknown,0.00,Unknown,false,1,14.90,14.90,true,1,
7290016277562,false,אגוזים קלופים ששון הקולה 300 גרם,,IL,אגוזים קלופים ששון ה,גרמים,300.00,100 גרם,false,1,24.00,8.00,true,1,
7290016277630,false,צנובר 150 גרם ששון - קופסא,,,צנובר 150 גרם ששון -,גרמים,150.00,100 גרם,false,1,31.90,21.27,true,1,
7290016277647,false,בננה מסוכרת 250 גרם ששון- קופסא,,,בננה מסוכרת 250 גרם,גרמים,250.00,100 גרם,false,1,13.50,5.40,true,1,
7290016277654,false,פיסטוק קלוף טבעי 150 גרם ששון- קופסא,,,פיסטוק קלוף טבעי 150,גרמים,150.00,100 גרם,false,1,46.50,31.00,true,1,
7290016334616,false,בצל ירוק,,,בצל ירוק,Unknown,0.00,Unknown,false,1,5.90,5.90,true,1,
7290016381443,false,סילאן לחיץ טבעי כרם 350 גר,,,סילאן לחיץ טבעי כרם,גרמים,350.00,100 גרם,false,1,20.70,5.91,true,1,
7290016509809,false,גל פרסיל קולור 2.5 ל,,,גל פרסיל קולור 2.5 ל,ליטרים,0.00,ליטר,false,1,36.90,36.90,true,1,
7290016509823,false,גל פרסיל בלו 2.5 ל,,,גל פרסיל בלו 2.5 ל,ליטרים,0.00,ליטר,false,1,36.90,36.90,true,1,
7290016513011,false,מנגו קפוא 250 גר,,,מנגו קפוא 250 גר,גרמים,250.00,100 גרם,false,1,15.60,6.24,true,1,
7290016513035,false,פסיפלורה קפוא 250 גר,,,פסיפלורה קפוא 250 גר,גרמים,250.00,100 גרם,false,1,15.60,6.24,true,1,
7290016513288,false,פטל אדום 250 גר,,,פטל אדום 250 גר,גרמים,250.00,100 גרם,false,1,22.90,9.16,true,1,
7290016513325,false,דובדבן 250 גר,,,דובדבן 250 גר,גרמים,250.00,100 גרם,false,1,12.50,5.00,true,1,
7290016513332,false,מיקס פירות 250 גר,,,מיקס פירות 250 גר,גרמים,250.00,100 גרם,false,1,12.50,5.00,true,1,
7290016513349,false,תות שדה 250 גר,,,תות שדה 250 גר,גרמים,250.00,100 גרם,false,1,12.10,4.84,true,1,
7290016580433,false,תבניות רוסטר  קשיחה,,CN,תבניות רוסטר  קשיחה,Unknown,1.00,Unknown,false,1,10.90,10.90,true,1,
7290016580532,false,אשפתון  שחור עם שרוך,,TR,אשפתון  שחור עם שרוך,Unknown,1.00,Unknown,false,1,14.90,14.90,true,1,
7290016584011,false,חטיפוני גזר 350 גרם,,,חטיפוני גזר 350 גרם,גרמים,350.00,100 גרם,false,1,10.90,3.11,true,1,
7290016682038,false,מיץ תפוזים פריניב 400 מל,,,מיץ תפוזים פריניב 40,מיליליטרים,400.00,"100 מ""ל",false,1,10.90,2.73,true,1,
7290016682083,false,מיץ תות בננה פריניב 400 מל,,,מיץ תות בננה פריניב,מיליליטרים,400.00,"100 מ""ל",false,1,10.90,2.73,true,1,
7290016682335,false,סחוט טרי תפוזים 2 ליטר,,,סחוט טרי תפוזים 2 לי,ליטרים,0.00,ליטר,false,1,29.90,29.90,true,1,
7290016682441,false,מיץ תפוזים 1 ליטר,,IL,מיץ תפוזים פריניב 1,מיליליטרים,1000.00,"100 מ""ל",false,1,16.90,1.69,true,1,
7290017058795,false,תירס גמדי שלם במי מלח בצנצנת 340 גרם,,,תירס גמדי שלם במי מל,גרמים,340.00,100 גרם,false,1,8.90,2.62,true,1,
7290017065137,false,ריקוטה למריחה 5% טבעית 200 גר,,,ריקוטה למריחה 5% טבע,גרמים,200.00,100 גרם,false,1,11.90,5.95,true,1,
7290017065441,false,פרוסות גאודה עיזים 200 גר,,IL,פרוסות גאודה עיזים 2,גרמים,200.00,100 גרם,false,1,35.90,17.95,true,1,
7290017065731,false,גבינת שמנת עם כמהין 30%,,IL,גבינת שמנת עם כמהין,גרמים,200.00,100 גרם,false,1,14.90,7.45,true,1,
7290017065786,false,צדר 210 גרם,,,צדר 210 גרם,גרמים,210.00,100 גרם,false,1,24.50,11.67,true,1,
7290017105079,false,שימורי יכין שעועית אפויה 200 גר,,,שימורי יכין שעועית א,גרמים,200.00,100 גרם,false,1,4.90,2.45,true,1,
7290017105468,false,מארז שלישייה אפונה קטנה יכין 3*200 גר,,IL,מארז שלישייה אפונה ק,גרמים,600.00,100 גרם,false,1,15.90,2.65,true,1,
7290017141176,false,"וודקה עם חמוציות אוק אנד אש  330 מ""ל",,IL,וודקה עם חמוציות אוק,מיליליטרים,330.00,"100 מ""ל",false,1,14.90,4.52,true,1,
7290017142166,false,פילה טונה פרוס עם שמן זית עץ הזית 120 גר,,,פילה טונה פרוס עם שמ,גרמים,120.00,100 גרם,false,1,15.90,13.25,true,1,
7290017142395,false,טונה עם פסטה בשמן זית 160 גרם עץ הזית,,TH,טונה עם פסטה בשמן זי,גרמים,160.00,100 גרם,false,1,14.90,9.31,true,1,
7290017142456,false,נתחי טונה בשמן זית 160*2 גר עץ הזית,,TH,נתחי טונה בשמן זית 1,גרמים,320.00,100 גרם,false,1,30.50,9.53,true,1,
7290017180588,false,ריבת בצל יין אדום וסויה 250 גרם,,IL,ריבת בצל יין אדום וס,גרמים,250.00,100 גרם,false,1,19.90,7.96,true,1,
7290017217918,false,"מדליק פחם נוזלי איזי לייט 500 מ""ל",,NL,מדליק פחם נוזלי איזי,מיליליטרים,500.00,"100 מ""ל",false,1,19.90,3.98,true,1,
7290017386041,false,חמאת בוטנים קלאסית כרם - 510 גר,,IN,חמאת בוטנים קלאסית כ,גרמים,510.00,100 גרם,false,0,13.90,2.73,true,1,
7290017386263,false,"סירופ מייפל אורגני כרם 250 מ""ל",,,סירופ מייפל אורגני כ,מיליליטרים,250.00,"100 מ""ל",false,1,31.50,12.60,true,1,
7290017386867,false,"סירופ חרובים 400 מ""ל",,TR,"סירופ חרובים 400 מ""ל",מיליליטרים,400.00,"100 מ""ל",false,1,16.90,4.23,true,1,
7290017386959,false,"נוזל קוקוס אורגני 17-19% שומן 400 מ""ל",,VN,נוזל קוקוס אורגני 17,מיליליטרים,400.00,"100 מ""ל",false,1,11.90,2.98,true,1,
7290017386997,false,מי קוקוס אורגניים 1 ליטר,,VN,מי קוקוס אורגניים 1,מיליליטרים,1000.00,"100 מ""ל",false,1,13.90,1.39,true,1,
7290017389028,false,אננס מיובש ללא סוכר 160 גרם קופסא,,,אננס מיובש ללא סוכר,גרמים,160.00,100 גרם,false,1,21.90,13.69,true,1,
7290017457581,false,"מרכך כביסה סוד מרוכז קוקוס 900 מ""ל",,IL,מרכך כביסה סוד מרוכז,מיליליטרים,900.00,"100 מ""ל",false,1,15.90,1.77,true,1,
7290017457703,false,מרכך כביסה סוד מרוכז זהב ארומתרפי 900 מל,,IL,מרכך כביסה סוד מרוכז,מיליליטרים,900.00,"100 מ""ל",false,1,15.90,1.77,true,1,
7290017477596,false,תמר מגהול פרימיום 400 גרם,,IL,תמר מגהול פרימיום 40,גרמים,400.00,100 גרם,false,1,20.90,5.23,true,1,
7290017513409,false,תה ירוק טעם אוכמניות ואסאי 25 שק*1.5 גר,,IL,תה ירוק טעם אוכמניות,גרמים,38.00,100 גרם,false,1,26.90,70.79,true,1,
7290017617046,false,רביעיית טונה בשמן זית כתית  4*140 גר,,,רביעיית טונה בשמן זי,גרמים,560.00,100 גרם,false,1,29.90,5.34,true,1,
7290017647425,false,יין גמלא קברנה סוביניון 2019 750 מל,,,יין גמלא קברנה סובינ,Unknown,0.00,Unknown,false,1,67.90,67.90,true,1,
7290017647548,false,"יין ירדן מרלו 2018 750 מ""ל",,,יין ירדן מרלו 2018 7,Unknown,0.00,Unknown,false,1,99.90,99.90,true,1,
7290017647852,false,"יין ירדן מרלו 2019 750 מ""ל",,,יין ירדן מרלו 2019 7,Unknown,0.00,Unknown,false,1,104.90,104.90,true,1,
7290017677804,false,"רוטב סויה קיקומן 444 מ""ל",,,רוטב סויה קיקומן 444,מיליליטרים,444.00,"100 מ""ל",false,1,25.10,5.65,true,1,
7290017715346,false,זית שחור טאסוס  400 גרם,,TR,זית שחור טאסוס  400,גרמים,400.00,100 גרם,false,1,15.90,3.98,true,1,
7290017751931,false,"אלכו גל 100 מ""ל",,IL,גל חיטוי ידיים 100 מ,Unknown,0.00,Unknown,false,1,10.90,10.90,true,1,
7290017791142,false,קרקר כוסמין מלא שקית,,IL,קרקר כוסמין מלא שקית,גרמים,225.00,100 גרם,false,1,27.90,12.40,true,1,
7290017791203,false,קרקר כוסמין מלא סלק שקית,,IL,קרקר כוסמין מלא סלק,גרמים,225.00,100 גרם,false,1,27.90,12.40,true,1,
7290017812571,false,יין תירוש אדום 100%ה טבעי 1 ליטר,,,יין תירוש אדום 100%,Unknown,0.00,Unknown,false,1,21.90,21.90,true,1,
7290017812830,false,"יין רוזה 750 מ""ל P.C",,,"יין רוזה 750 מ""ל P.C",Unknown,0.00,Unknown,false,1,42.90,42.90,true,1,
7290017870540,false,אשפתון  עם שרוך לפח,,TR,אשפתון  עם שרוך לפח,Unknown,1.00,Unknown,false,1,15.90,15.90,true,1,
7290017888019,false,"פרוט & וג תפוח רימון סלק 350 מ""ל",,IL,פרוט & ווג תפוח רימו,מיליליטרים,350.00,"100 מ""ל",false,1,8.90,2.54,true,1,
7290017888026,false,"פרוט & וג אננס תפוח גזר 350 מ""ל",,IL,פרוט & וג אננס תפוח,מיליליטרים,350.00,"100 מ""ל",false,1,8.90,2.54,true,1,
7290017888033,false,"פרוט & וג בננה מלון נענע 350 מ""ל",,IL,פרוט & וג בננה מלון,מיליליטרים,350.00,"100 מ""ל",false,1,8.90,2.54,true,1,
7290017888347,false,מי עדן אישי 500 מל,,IL,מי עדן אישי 500 מל,מיליליטרים,500.00,"100 מ""ל",false,1,2.90,0.58,true,1,
7290017894010,false,מי קוקוס אורגני עם אננס גרין קוקו 1 ליטר,,VN,מי קוקוס אורגני עם א,מיליליטרים,1000.00,"100 מ""ל",false,1,21.90,2.19,true,1,
7290017894140,false,נייר טואלט אקולוגי,,,נייר טואלט אקולוגי,Unknown,0.00,Unknown,false,1,46.90,46.90,true,1,
7290017894256,false,"פריכיות מאורז מלא לל""ג דגש 230 גרם",,,פריכיות מאורז מלא לל,גרמים,230.00,100 גרם,false,1,14.90,6.48,true,1,
7290017894300,false,גנדולה עוגיות כוסמין לימון אורגני 250,,IT,גנדולה עוגיות כוסמין,גרמים,250.00,100 גרם,false,1,15.90,6.36,true,1,
7290017894317,false,גנדולה עוגיות כוסמין ש.ציפס אורגני 250,,IT,גנדולה עוגיות כוסמין,גרמים,250.00,100 גרם,false,1,15.90,6.36,true,1,
7290017973944,false,רצועות קלמרי מיובש ומומלח בטעם סרטן 90 ג,,,רצועות קלמרי מיובש,גרמים,90.00,100 גרם,false,1,15.40,17.11,true,1,
7290018045084,false,דגניםבמילוי קרם טעם בראוניז 480 גרם,,DE,דגניםבמילוי קרם טעם,מטרים,0.00,מטר,false,1,25.50,25.50,true,1,
7290018045893,false,דגניםבמילוי קרם נוגט 480 גרם,,DE,דגניםבמילוי קרם נוגט,מטרים,0.00,מטר,false,1,25.50,25.50,true,1,
7290018131336,false,שלגון ליון 71 גרם,,,שלגון ליון 71 גרם,גרמים,71.00,100 גרם,false,1,10.60,14.93,true,1,
7290018131640,false,קראנץ בלונד נוגט בוטנים נסטלה 100 גרם,,,קראנץ בלונד נוגט בוט,גרמים,100.00,100 גרם,false,1,10.90,10.90,true,1,
7290018237939,false,שניצלונים ציפוי שומשום עוף טוב 700 גרם,,IL,שניצלונים ציפוי שומש,גרמים,700.00,100 גרם,false,1,24.50,3.50,true,1,
7290018359334,false,רכז עגבניות טבעי פריכוז שף יכין 580 גר,,IL,רכז עגבניות טבעי פרי,גרמים,580.00,100 גרם,false,1,10.90,1.88,true,1,
7290018359686,false,חומוס ענק יכין 550 ג A2,,IL,חומוס ענק יכין 550 ג,גרמים,550.00,100 גרם,false,1,10.90,1.98,true,1,
7290018380505,false,"אורז פרסי לבן ארוך 1 ק""ג",,TH,אורז פרסי לבן ארוך 1,גרמים,1000.00,100 גרם,false,1,7.90,0.79,true,1,
7290018380567,false,"סקוויז מחית תפו""ע גזר וסלק 100 גרם",,,"סקוויז מחית תפו""ע גז",גרמים,100.00,100 גרם,false,1,6.50,6.50,true,1,
7290018380628,false,צלפים עם גבעול במי מלח 370 גרם,,MA,צלפים עם גבעול במי מ,גרמים,370.00,100 גרם,false,1,13.90,3.76,true,1,
7290018440438,false,טונה קאלוו איזי פליפ בשמן 65 גר*3,קאלוו,ES,טונה קאלוו איזי פליפ,גרמים,195.00,100 גרם,false,1,26.90,13.79,true,1,
7290018440513,false,סלט קליפורנייה קאלוו עם טונה 150 גר,,,סלט קליפורנייה קאלוו,גרמים,150.00,100 גרם,false,1,14.90,9.93,true,1,
7290018468401,false,פסטרמה צמחונית בטעם גריל 100 גר טירת צבי,,IL,פסטרמה צמחונית בטעם,גרמים,100.00,100 גרם,false,1,20.90,20.90,true,1,
7290018468425,false,נקניק טבעוני בטעם פקנטי 100 גרם טירת צבי,,IL,נקניק טבעוני בטעם פק,גרמים,100.00,100 גרם,false,1,20.90,20.90,true,1,
7290018468432,false,נקניק טבעוני בטעם מעושן 100 גרם טירת צבי,,IL,נקניק טבעוני בטעם מע,גרמים,100.00,100 גרם,false,1,20.90,20.90,true,1,
7290018471036,false,"שוופס סודה לימון 500 מ""ל",,,שוופס סודה לימון 500,מיליליטרים,500.00,"100 מ""ל",false,1,2.90,0.58,true,1,
7290018471135,false,"ספרינג שייק בננה תמר תפוז 330 מ""ל",,IL,ספרינג שייק בננה תמר,מיליליטרים,330.00,"100 מ""ל",false,1,8.90,2.70,true,1,
7290018471142,false,"ספרינג שייק בננה אננס קוקוס פ.יער 330 מ""",,IL,ספרינג שייק בננה אננ,מיליליטרים,330.00,"100 מ""ל",false,1,8.90,2.70,true,1,
7290018471470,false,תפוזינה תפוז פסיפלורה 1 ל קרטונית enjoy,,,תפוזינה תפוז פסיפלור,מיליליטרים,1000.00,"100 מ""ל",false,1,8.00,0.80,true,1,
7290018471944,false,שוופס מוגז לימונייד 1.5 ליטר,,IL,שוופס מוגז לימונייד,ליטרים,0.00,ליטר,false,1,9.30,9.30,true,1,
7290018471951,false,שוופס מוגז אשכולית אדומה 1.5 ל,,IL,שוופס מוגז אשכולית א,ליטרים,0.00,ליטר,false,1,9.30,9.30,true,1,
7290018516089,false,פרמיו דליקט טונה דג,,,פרמיו דליקט טונה דג,Unknown,1.00,Unknown,false,1,9.90,9.90,true,1,
7290018516348,false,פאוץ פרינוק סלט פירות וש.שועל 120 גרם,,CZ,פאוץ פרינוק סלט פירו,גרמים,120.00,100 גרם,false,1,5.50,4.58,true,1,
7290018593325,false,לאבנה שקדים טבעוני פלנטי 220 גרם,,IL,לאבנה שקדים טבעוני פ,גרמים,220.00,100 גרם,false,1,21.90,9.95,true,1,
7290018641439,false,"ערק אשכולית אדומה מוגז 330  מ""ל",,,ערק אשכולית אדומה מו,מיליליטרים,330.00,"100 מ""ל",false,1,14.90,4.52,true,1,
7290018652015,false,סופרולר 75 גרם,,,סופרולר 75 גרם,גרמים,75.00,100 גרם,false,1,9.50,12.67,true,1,
7290018652053,false,ביסקולידה אקסטרה שוקו וניל 90 גרם,,IL,ביסקולידה אקסטרה שוק,גרמים,90.00,100 גרם,false,1,5.90,6.56,true,1,
7290018652190,false,חטיף גלידה קראנץ בר 60 גרם,,IL,חטיף גלידה קראנץ בר,גרמים,60.00,100 גרם,false,1,8.00,13.33,true,1,
7290018860991,false,אטריות ביצים רחבות 400 גרם,,CN,אטריות ביצים רחבות 4,גרמים,400.00,100 גרם,false,1,10.90,2.73,true,1,
7290018893005,false,בייגלה ציוקטה חרדל ודבש 160 גר,,RO,בייגלה ציוקטה חרדל ו,גרמים,160.00,100 גרם,false,1,8.90,5.56,true,1,
7290018925065,false,מיץ תפוזים סחוט 2 ל פרימור,,IL,מיץ תפוזים סחוט 2 ל,מיליליטרים,2000.00,"100 מ""ל",false,1,28.90,1.45,true,1,
7290018925409,false,מיץ לימון ואננס 410 מל פרימור,,,מיץ לימון ואננס 410,מיליליטרים,410.00,"100 מ""ל",false,1,11.90,2.90,true,1,
7290018925416,false,מיץ לימון ופסיפלורה 410 מל פרימור,,,מיץ לימון ופסיפלורה,מיליליטרים,410.00,"100 מ""ל",false,1,11.90,2.90,true,1,
7290018949009,false,גרופר משקה קל מוגז אורגני תפוזזה   330 מ,,PL,גרופר משקה קל מוגז א,מיליליטרים,330.00,"100 מ""ל",false,1,9.50,2.88,true,1,
7290018949016,false,"גרופר משקה קל מוגז אורגני תפוחחה  330 מ""",,PL,גרופר משקה קל מוגז א,מיליליטרים,330.00,"100 מ""ל",false,1,9.50,2.88,true,1,
7290018972762,false,נודלס מנה חמה עוף תומר 72 גרם,,,נודלס מנה חמה עוף תו,גרמים,72.00,100 גרם,false,1,6.50,9.03,true,1,
7290018972779,false,נודלס מנה חמה בקר תומר 72 גרם,,,נודלס מנה חמה בקר תו,גרמים,72.00,100 גרם,false,1,6.50,9.03,true,1,
7290019056027,false,שוופס מוגז פירות ללא סוכר תפוח 1.5 ל,,IL,שוופס מוגז פירות,ליטרים,0.00,ליטר,false,1,8.80,8.80,true,1,
7290019056034,false,שוופס מוגז אננס ללא סוכר  1.5 ל,,IL,שוופס מוגז אננס ללא,ליטרים,0.00,ליטר,false,1,8.80,8.80,true,1,
7290019056041,false,שוופס מוגז  ללא סוכר למונייד 1.5 ל,,IL,שוופס מוגז  ללא סוכר,ליטרים,0.00,ליטר,false,1,8.80,8.80,true,1,
7290019056058,false,שוופס מוגז עדין תפוח ליים 1.5 ליטר,,IL,שוופס מוגז עדין תפוח,ליטרים,0.00,ליטר,false,1,9.90,9.90,true,1,
7290019056065,false,שוופס מוגז עדין פירות יער  1.5 ליטר,,IL,שוופס מוגז עדין פירו,ליטרים,0.00,ליטר,false,1,9.90,9.90,true,1,
7290019056164,false,רביעיית שוופס סודה 1.5 לי,,IL,רביעיית שוופס סודה 1,ליטרים,0.00,ליטר,false,1,13.10,13.10,true,1,
7290019056171,false,רביעיית שוופס סודה לימון 1.5 לי,,IL,רביעיית שוופס סודה ל,ליטרים,0.00,ליטר,false,1,13.10,13.10,true,1,
7290019056188,false,רביעיית שוופס סודה נענע ליים 1.5 לי,,IL,רביעיית שוופס סודה נ,ליטרים,0.00,ליטר,false,1,13.10,13.10,true,1,
7290019056300,false,שוופס ביטר 1.5 ליטר,,IL,שוופס ביטר 1.5 ליטר,ליטרים,0.00,ליטר,false,1,12.70,12.70,true,1,
7290019056324,false,שוופס טוניק 1.5 ליטר,,IL,שוופס טוניק 1.5 ליטר,ליטרים,0.00,ליטר,false,1,12.70,12.70,true,1,
7290019056331,false,שוופס טוניק ללא סוכר 1.5 ליטר,,IL,שוופס טוניק ללא סוכר,ליטרים,0.00,ליטר,false,1,12.70,12.70,true,1,
7290019056485,false,משקה ספרינג טי לימון לואיזה   1.5 ליטר,,IL,משקה ספרינג טי לימון,ליטרים,0.00,ליטר,false,1,8.90,8.90,true,1,
7290019056515,false,FRUIT WATER אננס 1.5 ל,,IL,FRUIT WATER אננס 1.5,ליטרים,0.00,ליטר,false,1,9.90,9.90,true,1,
7290019056553,false,שישיית מים עין גדי 2 ליטר,,IL,שישיית מים עין גדי 2,ליטרים,0.01,ליטר,false,1,13.80,1380.00,true,1,
7290019056621,false,ספרינג 1.5 ליטר פירות טרופים,,IL,ספרינג 1.5 ליטר פירו,ליטרים,0.00,ליטר,false,1,9.50,9.50,true,1,
7290019056645,false,ספרינג 1.5 ליטר אגסים סברס תפוח,,IL,ספרינג 1.5 ליטר אגסי,ליטרים,0.00,ליטר,false,1,9.50,9.50,true,1,
7290019056881,false,שוופס סודה 1.5 ליטר,,,שוופס סודה 1.5 ליטר,ליטרים,0.00,ליטר,false,1,4.00,4.00,true,1,
7290019056904,false,שוופס סודה תפוח 1.5 ל,,IL,שוופס סודה תפוח 1.5,ליטרים,0.00,ליטר,false,1,3.90,3.90,true,1,
7290019056942,false,מי עין גדי 2 ל,,IL,מי עין גדי 2 ל,ליטרים,0.00,ליטר,false,1,3.00,3.00,true,1,
7290019056966,false,מי עדן 1.5 ליטר,,IL,מי עדן 1.5 ליטר,ליטרים,0.00,ליטר,false,1,5.20,5.20,true,1,
7290019056973,false,שישיית מי עדן 1.5 ליטר משפחתי,,IL,שישיית מי עדן 1.5 לי,ליטרים,0.01,ליטר,false,1,14.90,1490.00,true,1,
7290019153085,false,שוופס לייםמוחיטו ללא סוכר 1.5 ל,,,שוופס ליים מוחיטו לל,ליטרים,0.00,ליטר,false,1,10.90,10.90,true,1,
7290019153566,false,ספרינג רימון אוכמניות דובדבן 1.5 ל,,,ספרינג רימון אוכמניו,ליטרים,0.00,ליטר,false,1,9.50,9.50,true,1,
7290019167020,false,עוגת גבינה עם פירות יער לייט 80 גרם,,,עוגת גבינה עם פירות,גרמים,80.00,100 גרם,false,1,7.90,9.88,true,1,
7290019176039,false,פילה טונה בשמן קנולה עם פלפל שמן 160 גר,,LV,פילה טונה בשמן קנולה,גרמים,160.00,100 גרם,false,1,15.90,9.94,true,1,
7290019233046,false,זית קלמטה בלונד זיתא 215 גרם,,,זית קלמטה בלונד זיתא,גרמים,215.00,100 גרם,false,1,14.90,6.93,true,1,
7290019297239,false,צימוק חום 330 גר,,,צימוק חום 330 גר,גרמים,330.00,100 גרם,false,1,15.40,4.67,true,1,
7290019297536,false,חמאת בוטנים עם שברי בוטנים 510 גרם,,,חמאת בוטנים עם שברי,גרמים,510.00,100 גרם,false,1,16.40,3.22,true,1,
7290019297550,false,בוטנים מטוגנים בקוספא 185 גרם,,,בוטנים מטוגנים בקוספ,גרמים,185.00,100 גרם,false,1,10.90,5.89,true,1,
7290019297635,false,שקד קלויים 150 גרם ששון הקולה,,,שקד קלויים 150 גרם ש,גרמים,150.00,100 גרם,false,1,17.90,11.93,true,1,
7290019297642,false,גרעין שחור קלוי ללא מלח 150 ג ששון הקולה,,,גרעין שחור קלוי ללא,גרמים,150.00,100 גרם,false,1,5.30,3.53,true,1,
7290069701151,false,פריזר דוקטורסקיה אוריגינל מזרע,,,פריזר דוקטורסקיה,Unknown,0.00,"ק""ג",true,0,80.00,80.00,true,1,
7290100240144,false,בדין תרסיס למייבש ורוד,,,בדין תרסיס למייבש ור,מיליליטרים,500.00,"100 מ""ל",false,1,23.90,4.78,true,1,
7290100240632,false,"פתית 6 דגנים בד""צ 250 גרם",,,"פתית 6 דגנים בד""צ 25",גרמים,250.00,100 גרם,false,1,19.90,7.96,true,1,
7290100243671,false,בדין אקסטרא כחול 960 מל,,,בדין אקסטרא כחול 960,מיליליטרים,960.00,"100 מ""ל",false,1,17.90,1.86,true,1,
7290100249659,false,קנור רוטב צילי שום 320 גרם,,,קנור רוטב צילי שום 3,גרמים,320.00,100 גרם,false,1,14.90,4.66,true,1,
7290100321775,false,חזה עוף טרי,,,חזה עוף טרי,Unknown,0.00,"ק""ג",true,0,35.90,35.90,true,1,
7290100323038,false,כרעיים עוף טרי,,,כרעיים עוף טרי,Unknown,0.00,"ק""ג",true,0,24.90,24.90,true,1,
7290100570234,false,אבזרי מטבח,,,אבזרי מטבח,Unknown,0.00,Unknown,false,1,12.90,12.90,true,1,
7290100572146,false,אבזרי מטבח,,,אבזרי מטבח,Unknown,0.00,Unknown,false,1,24.90,24.90,true,1,
7290100572368,false,אבזרי מטבח,,,אבזרי מטבח,Unknown,0.00,Unknown,false,1,19.90,19.90,true,1,
7290100572702,false,אביזרי מטבח,,,אביזרי מטבח,Unknown,0.00,Unknown,false,1,10.90,10.90,true,1,
7290100573396,false,אביזרי מטבח,,,אביזרי מטבח,Unknown,0.00,Unknown,false,1,9.90,9.90,true,1,
7290100573716,false,אביזרי מטבח,,,אביזרי מטבח,Unknown,0.00,Unknown,false,1,14.90,14.90,true,1,
7290100575086,false,אבזרי מטבח,,,אבזרי מטבח,Unknown,0.00,Unknown,false,1,6.90,6.90,true,1,
7290100658338,false,"פלמוליב אוקסי פלוס כחול 750 מ""ל שקוף",,,פלמוליב אוקסי פלוס כ,מיליליטרים,750.00,"100 מ""ל",false,1,13.90,1.85,true,1,
7290100680728,false,פירורית 350 גרם,,,פירורית 350 גרם,גרמים,350.00,100 גרם,false,1,8.90,2.54,true,1,
7290100684764,false,במבה על סרט  25 גרם,,,במבה על סרט 25 גרם,גרמים,25.00,100 גרם,false,1,2.90,11.60,true,1,
7290100685334,false,מרק עוף אמיתי מרכיבים טבעיים 400 גרם,,,מרק עוף אמיתי מרכיבי,גרמים,400.00,100 גרם,false,1,26.90,6.73,true,1,
7290100687109,false,במבה במילוי נוגת 60 גרם,,,במבה במילוי נוגת 60,גרמים,60.00,100 גרם,false,1,4.90,8.17,true,1,
7290100700075,false,פירורי לחם מוזהבים 200 גרם,,,פירורי לחם מוזהבים 2,גרמים,200.00,100 גרם,false,1,4.40,2.20,true,1,
7290100700242,false,אורז מלא עגול 1 קג,,,"אורז מלא עגול 1 ק""ג",גרמים,1000.00,100 גרם,false,1,11.90,1.19,true,1,
7290100700266,false,פירורי לחם לבנים 200 גרם,,,פירורי לחם לבנים 200,גרמים,200.00,100 גרם,false,1,4.40,2.20,true,1,
7290100700273,false,קינואה 500 גרם,,,קינואה 500 גרם,גרמים,500.00,100 גרם,false,1,15.90,3.18,true,1,
7290100700297,false,עדשים מנומרות 500 גרם,,,עדשים מנומרות 500 גר,גרמים,500.00,100 גרם,false,1,8.80,1.76,true,1,
7290100700396,false,אורז יסמין קלאסי 1 קג,,,אורז יסמין קלאסי 1 ק,גרמים,1000.00,100 גרם,false,1,12.90,1.29,true,1,
7290100700563,false,אורז מיקס 1 קג,,,"אורז מיקס 1 ק""ג",גרמים,1000.00,100 גרם,false,1,15.90,1.59,true,1,
7290100700587,false,בורגול 500 גרם,,,בורגול 500 גרם,גרמים,500.00,100 גרם,false,1,4.80,0.96,true,1,
7290100701140,false,אורז ריזוטו ארבוריו 1 קג,,,אורז ריזוטו ארבוריו,גרמים,1000.00,100 גרם,false,1,15.90,1.59,true,1,
7290100701157,false,אורז סושי 1 קג,,,"אורז סושי 1 ק""ג",גרמים,1000.00,100 גרם,false,1,15.50,1.55,true,1,
7290100701331,false,"קמח רב תכליתי 1 ק""ג סוגת",,,"קמח רב תכליתי 1 ק""ג",גרמים,1000.00,100 גרם,false,1,7.90,0.79,true,1,
7290100701454,false,גרישה 500 גר,,,גרישה 500 גר,גרמים,500.00,100 גרם,false,1,4.80,0.96,true,1,
7290100702611,false,פתיתים אפויים אורז 500 גרם סוגת,,,פתיתים אפויים אורז 5,גרמים,500.00,100 גרם,false,1,6.50,1.30,true,1,
7290100702666,false,פתיתים אפויים עם בצל 400 גר גרם סוגת,,,פתיתים אפויים עם בצל,גרמים,400.00,100 גרם,false,1,7.50,1.88,true,1,
7290100702741,false,סוכר חום בהיר 1 קג בצנצנת,,,"סוכר חום בהיר 1 ק""ג",גרמים,1000.00,100 גרם,false,1,14.60,1.46,true,1,
7290100702987,false,שיבולת שועל 500 גרם סוגת,,,שיבולת שועל 500 גרם,גרמים,500.00,100 גרם,false,1,6.80,1.36,true,1,
7290100703007,false,עדשים שחורות בלוגה 500 גר,,,עדשים שחורות בלוגה 5,גרמים,500.00,100 גרם,false,1,9.90,1.98,true,1,
7290100703182,false,תבשיל אישי נודלס בטעם ירקות 65 גרם,,IL,תבשיל אישי נודלס בטע,גרמים,65.00,100 גרם,false,1,5.90,9.08,true,1,
7290100850909,false,דוריטוס נאצו מקסיקני 70 גרם,,IL,דוריטוס נאצו מקסיקני,גרמים,70.00,100 גרם,false,1,4.90,7.00,true,1,
7290100850916,false,דוריטוס חמוץ חריף 70 גרם,,,דוריטוס חמוץ חריף 70,גרמים,70.00,100 גרם,false,1,4.90,7.00,true,1,
7290100850923,false,דוריטוס גריל 70 גרם,,,דוריטוס גריל 70 גרם,גרמים,70.00,100 גרם,false,1,4.90,7.00,true,1,
7290100850930,false,דוריטוס טבעי 70 גרם,,,דוריטוס טבעי 70 גרם,גרמים,70.00,100 גרם,false,1,4.90,7.00,true,1,
7290100921609,false,סבון אסלה סוד אוקיינוס 50 גר,,,סבון אסלה סוד אוקיינ,גרמים,50.00,100 גרם,false,1,10.90,21.80,true,1,
7290100921623,false,סבון אסלה סוד אקונומיקה 50 גר,,,סבון אסלה סוד אקונומ,גרמים,50.00,100 גרם,false,1,10.90,21.80,true,1,
7290100924693,false,סוד סבון מוצק כחול אקטיבי אקונומיקה 50 ג,,,סוד סבון מוצק כחול א,גרמים,50.00,100 גרם,false,1,11.10,22.20,true,1,
7290101500193,false,חסה רומית נספק,,,חסה רומית,Unknown,0.00,Unknown,false,1,11.90,11.90,true,1,
7290101500506,false,פטרוזיליה ארוזה,,,פטרוזיליה ארוזה,Unknown,0.00,Unknown,false,1,5.90,5.90,true,1,
7290101500513,false,שמיר ארוז,,,שמיר ארוז,Unknown,0.00,Unknown,false,1,5.90,5.90,true,1,
7290101500520,false,כוסברה ארוזה,,,כוסברה ארוזה,Unknown,0.00,Unknown,false,1,5.90,5.90,true,1,
7290101500537,false,נענע ארוזה,,,נענע ארוזה,Unknown,0.00,Unknown,false,1,4.90,4.90,true,1,
7290101500551,false,סלרי אמריקאי ארוז,,,סלרי אמריקאי ארוז,Unknown,0.00,Unknown,false,1,7.90,7.90,true,1,
7290101500568,false,סלרי ראש ארוז,,,סלרי ראש ארוז,Unknown,0.00,Unknown,false,1,5.90,5.90,true,1,
7290101500926,false,תרד ארוז רכות,,,תרד ארוז רכות,Unknown,0.00,Unknown,false,1,12.90,12.90,true,1,
7290101501176,false,פלפל טינקרבל,,,פלפל טינקרבל,Unknown,0.00,Unknown,false,1,12.90,12.90,true,1,
7290101551027,false,קפסולות 14 חזק במיוחד למכונות נספרסו 50,,IL,קפסולות 14 חזק במיוח,גרמים,50.00,100 גרם,false,1,18.90,37.80,true,1,
7290101551300,false,סילאן טבעי לחיץ יד מרדכי 380 גרם,,,סילאן טבעי לחיץ יד מ,גרמים,700.00,100 גרם,false,1,16.90,2.41,true,1,
7290101868392,false,נורופן טבליות,,,נורופן טבליות,Unknown,0.00,Unknown,false,1,19.90,19.90,true,1,
7290101868446,false,נורופן גל,,,נורופן גל,Unknown,0.00,Unknown,false,1,31.50,31.50,true,1,
7290101952176,false,קבנוס ציידים 200 גרם,,,קבנוס ציידים 200 גרם,גרמים,200.00,100 גרם,false,1,26.90,13.45,true,1,
7290101952343,false,המבורגר מסעדות 400 גרם,,,המבורגר מסעדות,גרמים,400.00,100 גרם,false,1,28.90,7.23,true,1,
7290101952497,false,גרגרי חומוס טבעפרוסט 800 כר,,,גרגרי חומוס טבעפרוסט,גרמים,800.00,100 גרם,false,1,19.80,2.48,true,1,
7290101952510,false,לקט פרובנס טבעפרוסט 800 גר,,,לקט פרובנס טבעפרוסט,גרמים,800.00,100 גרם,false,1,19.80,2.48,true,1,
7290102030330,false,תפוציפס קראנצ מקסיקני 200 גרם,,,תפוציפס קראנצ מקסיקנ,גרמים,200.00,100 גרם,false,1,10.90,5.45,true,1,
7290102300822,false,צדר אנגלית כתומה 200 גר,,,צדר אנגלית כתומה 200,גרמים,200.00,100 גרם,false,1,25.90,12.95,true,1,
7290102303977,false,גוש טונה בשמן זית רוברט 140 גרם,,PT,גוש טונה בשמן זית רו,גרמים,140.00,100 גרם,false,1,12.90,9.21,true,1,
7290102390427,false,יוגורט מולר פרופ בטעם תות 150גר,,,יוגורט מולר פרופ בטע,גרמים,150.00,100 גרם,false,1,5.60,3.73,true,1,
7290102390465,false,"פרופ אפרסק פסיפלורה מולר 150 מ""ל",,,פרופ אפרסק פסיפלורה,מיליליטרים,150.00,"100 מ""ל",false,1,5.60,3.73,true,1,
7290102390489,false,"פרופ לימון מולר 150 מ""ל",,,פרופ לימון מולר 150,מיליליטרים,150.00,"100 מ""ל",false,1,5.60,3.73,true,1,
7290102391844,false,"פרופ  מולר פירות יער 150 מ""ל",,,פרופ  מולר פירות יער,גרמים,150.00,100 גרם,false,1,5.60,3.73,true,1,
7290102392094,false,חלב עיזים בקרטון 1ל,,,חלב עיזים בקרטון 1ל,מיליליטרים,1000.00,"100 מ""ל",false,1,18.50,1.85,true,1,
7290102392254,false,חלב 2 ל 1%,,,חלב 2 ל 1%,ליטרים,0.00,ליטר,false,1,11.72,11.72,true,1,
7290102393039,false,מולר מיקס יוגורט קרמי עם פצפוצים 150ג,,,מולר מיקס יוגורט,גרמים,150.00,100 גרם,false,1,6.50,4.33,true,1,
7290102393169,false,SIMPLY FRUIT מולר בטעם תות 3% 150 גר,,,SIMPLY FRUIT מולר בט,מיליליטרים,150.00,"100 מ""ל",false,1,5.60,3.73,true,1,
7290102393176,false,SIMPLY FRUIT מולר בטעם אפרסק 3% 150 גר,,,SIMPLY FRUIT מולר בט,מיליליטרים,150.00,"100 מ""ל",false,1,5.60,3.73,true,1,
7290102393299,false,יוגורט עיזים לשתיה 500גר,,,יוגורט עיזים לשתיה 5,גרמים,500.00,100 גרם,false,1,15.90,3.18,true,1,
7290102393848,false,"משק צוריאל יוגורט עיזים תות 3% 140 מ""ל",,,משק צוריאל יוגורט עי,מיליליטרים,140.00,"100 מ""ל",false,1,7.50,5.36,true,1,
7290102393855,false,"משק צוריאל יוגורט עיזים אפרסק 3% 140 מ""ל",,,משק צוריאל יוגורט עי,מיליליטרים,140.00,"100 מ""ל",false,1,7.50,5.36,true,1,
7290102393947,false,SIMPLY FRUIT מולר בטעם קיווי 3% 150 גר,,,SIMPLY FRUIT מולר בט,מיליליטרים,150.00,"100 מ""ל",false,1,5.60,3.73,true,1,
7290102394821,false,"נעם גבינה צהובה דק דק פ""ח 28% 200 גר",,,נעם גבינה צהובה דק ד,גרמים,200.00,100 גרם,false,1,18.90,9.45,true,1,
7290102395408,false,נעם גבינה צהובה 28% במשקל,,,נעם גבינה צהובה 28%,Unknown,0.00,"ק""ג",true,0,44.79,44.79,true,1,
7290102395422,false,נעם גבינה צהובה 22% במשקל,,,נעם גבינה צהובה 22%,Unknown,0.00,"ק""ג",true,0,42.58,42.58,true,1,
7290102395521,false,שמנת לבישול 15% 500 מל,,,שמנת לבישול 15% 500,מיליליטרים,500.00,"100 מ""ל",false,1,17.50,3.50,true,1,
7290102396436,false,מעדן מו שוקולד 123 גר,,,מעדן מו שוקולד 123 ג,גרמים,123.00,100 גרם,false,1,3.40,2.76,true,1,
7290102396443,false,מעדן מו וניל 123 גר,,,מעדן מו וניל 123 גר,גרמים,123.00,100 גרם,false,1,3.40,2.76,true,1,
7290102396597,false,מעדן מוו וניל ומוס שוקולד 123 גר,,,מעדן מוו וניל ומוס ש,גרמים,123.00,100 גרם,false,1,3.50,2.85,true,1,
7290102396665,false,גבינה צהובה נעם דק דק 15% 200 גר,,,גבינה צהובה נעם דק ד,גרמים,200.00,100 גרם,false,1,18.90,9.45,true,1,
7290102397204,false,גבינה צהובה נעם דק דק 22% 200 גר,,,גבינה צהובה נעם דק ד,גרמים,200.00,100 גרם,false,1,18.90,9.45,true,1,
7290102397464,false,מולר נטורל+ פקאן גרעינים וחמוציות 170 גר,,,מולר נטורל+ פקאן גרע,גרמים,170.00,100 גרם,false,1,6.50,3.82,true,1,
7290102397600,false,מולר מיקס שקדים ובוטנים מקורמלים 170 גר,,,מולר מיקס שקדים ובוט,גרמים,170.00,100 גרם,false,1,6.50,3.82,true,1,
7290102397617,false,מולר מיקס קליק 170 גר,,,מולר מיקס קליק 170 ג,גרמים,170.00,100 גרם,false,1,6.50,3.82,true,1,
7290102397730,false,גבינת אמנטל נעם 200 גרם,,,גבינת אמנטל נעם 200,גרמים,200.00,100 גרם,false,1,19.90,9.95,true,1,
7290102397747,false,מוצרלה נעם רכיבים טבעיים 200 גרם,,,מוצרלה נעם רכיבים,גרמים,200.00,100 גרם,false,1,20.90,10.45,true,1,
7290102397891,false,גבינה מותכת 100 גרם צוריאל,,,גבינה מותכת 100 גרם,גרמים,100.00,100 גרם,false,1,8.50,8.50,true,1,
7290102398065,false,קרטון חלב 2 ליטר 3% מהדרין,,,חלב 3% מהדרין 2 ליטר,ליטרים,0.00,ליטר,false,1,12.46,12.46,true,1,
7290102398553,false,שוקו טרה בבקבוק 1.5 ליטר,,,שוקו טרה בבקבוק 1.5,ליטרים,0.00,ליטר,false,1,17.90,17.90,true,1,
7290102398560,false,שוקו מועשר טרה 1 ליטר,,IL,שוקו מועשר טרה 1 ליט,מיליליטרים,1000.00,"100 מ""ל",false,1,13.90,1.39,true,1,
7290102398577,false,מששוקו מועשר טרה 250 מל,,IL,שוקו מועשר טרה 250 מ,מיליליטרים,250.00,"100 מ""ל",false,1,6.20,2.48,true,1,
7290102398614,false,משקה חלב בננה טרה 1 ליטר,,IL,משקה חלב בננה טרה 1,מיליליטרים,1000.00,"100 מ""ל",false,1,13.90,1.39,true,1,
7290102398669,false,אייס קפוצינו 1 ליטר,,IL,אייס קפוצינו 1 ליטר,ליטרים,0.00,ליטר,false,1,13.90,13.90,true,1,
7290102398782,false,משקה סויה קלאסי משק צוריאל 1 ליטר,,IL,משקה סויה קלאסי משק,ליטרים,0.00,ליטר,false,1,12.90,12.90,true,1,
7290102398799,false,משקה סויה במתיקות מופחתת צוריאל 1 ליטר,,IL,משקה סויה במתיקות מו,ליטרים,0.00,ליטר,false,1,12.90,12.90,true,1,
7290102398836,false,משקה שקדים קלאסי משק צוריאל 1 ליטר,,IT,משקה שקדים קלאסי משק,ליטרים,0.00,ליטר,false,1,15.20,15.20,true,1,
7290102399635,false,"פרופ קוקוס ואננס 150 מ""ל",,IL,מולר פרופ קוקוס,מיליליטרים,150.00,"100 מ""ל",false,1,5.60,3.73,true,1,
7290102601547,false,כפיות פרמיום שקוף/קר,,TR,כפיות פרמיום שקוף/קר,Unknown,0.00,Unknown,false,1,9.50,9.50,true,1,
7290102611836,false,להבונים בשקית 50 יח,,CN,להבונים בשקית 50 יח,Unknown,1.00,Unknown,false,1,12.50,12.50,true,1,
7290103404758,false,כרוב אדום 120 גר,,,כרוב אדום 120 גר,גרמים,125.00,100 גרם,false,1,5.80,4.64,true,1,
7290103408206,false,עלי חסה שטופים בקופסה 250גר,,,עלי חסה שטופים בקופס,גרמים,250.00,100 גרם,false,1,11.90,4.76,true,1,
7290104061431,false,חומוס צנובר 400 גר,,,חומוס צנובר 400 גר,גרמים,400.00,100 גרם,false,1,13.50,3.38,true,1,
7290104508943,false,במבה קלאסי 200 גרם,,,במבה קלאסי 200 גרם,גרמים,200.00,100 גרם,false,1,9.90,4.95,true,1,
7290104615252,false,צמחים,,,צמחים,Unknown,0.00,Unknown,false,1,40.00,40.00,true,1,
7290104615412,false,צמחים,,,צמחים,Unknown,0.00,Unknown,false,1,13.00,13.00,true,1,
7290104615436,false,צמחים,,,צמחים,Unknown,0.00,Unknown,false,1,15.00,15.00,true,1,
7290104615450,false,צמחים,,,צמחים,Unknown,0.00,Unknown,false,1,17.00,17.00,true,1,
7290104615498,false,צמחים,,,צמחים,Unknown,0.00,Unknown,false,1,21.00,21.00,true,1,
7290104615641,false,חבילת פרחים,,,חבילת פרחים,Unknown,0.00,Unknown,false,1,34.00,34.00,true,1,
7290104615849,false,צמחים,,,צמחים,Unknown,0.00,Unknown,false,1,45.00,45.00,true,1,
7290104615986,false,עציצים,,,עציצים,Unknown,0.00,Unknown,false,1,70.00,70.00,true,1,
7290104618222,false,צמחים,,,צמחים,Unknown,0.00,Unknown,false,1,70.00,70.00,true,1,
7290104618253,false,צמחים,,,צמחים,Unknown,0.00,Unknown,false,1,85.00,85.00,true,1,
7290104721762,false,מארז קפה טורקי עלית 3*85 גר,,,מארז קפה טורקי עלית,גרמים,255.00,100 גרם,false,1,24.90,9.76,true,1,
7290104722530,false,תפוציפס שמנת בצל 200 גרם,,,תפוציפס שמנת בצל 200,גרמים,200.00,100 גרם,false,1,10.90,5.45,true,1,
7290104961403,false,סקינגארד  קרם פנים ילדים SPF 50 60,,,סקינגארד  קרם פנים י,Unknown,0.00,Unknown,false,1,29.90,29.90,true,1,
7290104962752,false,סקינגארד גל הגנה שקוף לפנים SPF50 60 מל,,,סקינגארד גל הגנה שקו,מיליליטרים,6000.00,"100 מ""ל",false,1,45.90,0.77,true,1,
7290104964664,false,"מרסס סקינגארד קוקוס ליים 200 מ""ל 30SPF",,IL,מרסס סקינגארד קוקוס,מיליליטרים,200.00,"100 מ""ל",false,1,34.90,17.45,true,1,
7290104964671,false,"מרסס סקינגארד אננס ליצי 200 מ""ל 30SPF",,IL,מרסס סקינגארד אננס ל,מיליליטרים,200.00,"100 מ""ל",false,1,34.90,17.45,true,1,
7290104964688,false,"מרסס סקינגארד מנגו קיווי 200 מ""ל 30SPF",,IL,מרסס סקינגארד מנגו ק,מיליליטרים,200.00,"100 מ""ל",false,1,34.90,17.45,true,1,
7290105360250,false,קפסולות מקיאטו למכונות נספרסו 50 גר,,,קפסולות מקיאטו למכונ,גרמים,50.00,100 גרם,false,1,18.90,37.80,true,1,
7290105360335,false,קפסולות אספרסו למכונות נספרסו 50 גר,,,קפסולות אספרסו למכונ,גרמים,50.00,100 גרם,false,1,18.90,37.80,true,1,
7290105360755,false,"שמן זית 3 חזק 750 מ""ל יד מרדכי",,,"שמן זית 3 חזק 750 מ""",מיליליטרים,750.00,"100 מ""ל",false,1,37.90,5.05,true,1,
7290105362339,false,"שמנת לבישול 15% מהדרין 250 מ""ל",,,שמנת לבישול 15% מהדר,מיליליטרים,250.00,"100 מ""ל",false,1,9.90,3.96,true,1,
7290105363602,false,כיף כף מקלות קלאסי 40 גרם,,,כיף כף מקלות קלאסי 4,Unknown,0.00,Unknown,false,1,5.50,5.50,true,1,
7290105364289,false,כיף כף מקלות פצפוצים 40 גרם,,,כיף כף מקלות פצפוצים,Unknown,0.00,Unknown,false,1,5.50,5.50,true,1,
7290105438546,false,נייר אפי פרימיום קוקי,,,נייר אפי פרימיום קוק,Unknown,0.00,Unknown,false,1,12.10,12.10,true,1,
7290105500151,false,"וודקה פינלנדיה 700 מ""ל",,,וודקה פינלנדיה 700 מ,מיליליטרים,700.00,"100 מ""ל",false,1,59.90,8.56,true,1,
7290105500953,false,"וויסקי גק דניאלס דבש 700 מ""ל",,,וויסקי גק דניאלס דבש,מיליליטרים,700.00,"100 מ""ל",false,1,109.90,15.70,true,1,
7290105694614,false,ספגטי מהיר הכנה 500 גרם אסם,,,ספגטי מהיר הכנה 500,גרמים,500.00,100 גרם,false,1,8.70,1.74,true,1,
7290105965738,false,"משקה בוקר תות בננה 267 מ""ל",,,משקה בוקר תות בננה 2,מיליליטרים,267.00,"100 מ""ל",false,1,5.60,2.10,true,1,
7290105966469,false,חומץ בלסמי יד מרדכי 250 מל,,,חומץ בלסמי יד מרדכי,מיליליטרים,250.00,"100 מ""ל",false,1,16.90,6.76,true,1,
7290105968777,false,פריכיות אנרגי תחתית שוקולד מריר 70 גרם,,,פריכיות אנרגי תחתית,גרמים,70.00,100 גרם,false,1,8.90,12.71,true,1,
7290106520912,false,שמנת לבישול 9% 250 מל,,,שמנת לבישול 9% 250 מ,מיליליטרים,250.00,"100 מ""ל",false,1,9.90,3.96,true,1,
7290106524439,false,תפוציפס פופס 60 גרם,,,תפוציפס פופס 60 גרם,גרמים,60.00,100 גרם,false,1,4.90,8.17,true,1,
7290106525399,false,קפסולות ברזיל 06 למכונות נספרסו 50 גר,,,קפסולות ברזיל 06 למכ,גרמים,50.00,100 גרם,false,1,18.90,37.80,true,1,
7290106528567,false,חטיף דוריטוס גריל 185 גרם,,,חטיף דוריטוס גריל 18,גרמים,185.00,100 גרם,false,1,8.90,4.81,true,1,
7290106528628,false,חטיף דוריטוס טבעי 185 גרם,,,Dippas חטיף דוריטוס,גרמים,185.00,100 גרם,false,1,8.90,4.81,true,1,
7290106528949,false,לקט ערוגות,,,לקט ערוגות,Unknown,0.00,Unknown,false,1,12.90,12.90,true,1,
7290106572065,false,חטיפי פריכונים טורטיה חמוץ מתוק 60 גרם,,,חטיפי פריכונים טורטי,גרמים,60.00,100 גרם,false,1,8.50,14.17,true,1,
7290106573277,false,קריספי טאפאס זיתים 150 גרם,,,קריספי טאפאס זיתים 1,גרמים,150.00,100 גרם,false,1,16.50,11.00,true,1,
7290106574120,false,גומיגם 90 גר,",                    ,",,גומיגם 90 גר,גרמים,90.00,100 גרם,false,1,8.00,8.89,true,1,
7290106574953,false,בייגלה שטוחים שומשום 300 גרם,,,בייגלה שטוחים שומשום,גרמים,300.00,100 גרם,false,1,11.90,3.97,true,1,
7290106574977,false,בייגלה שטוחים עם מלח 300 גרם,,,בייגלה שטוחים עם מלח,גרמים,300.00,100 גרם,false,1,11.90,3.97,true,1,
7290106578692,false,ביסלי במבה גריל מיקס  80 גרם,,,ביסלי במבה גריל מיקס,גרמים,80.00,100 גרם,false,1,4.90,6.13,true,1,
7290106653689,false,לקט לסלט אסייתי 350 גר,,,לקט לסלט אסייתי 350,גרמים,350.00,100 גרם,false,1,12.90,3.69,true,1,
7290106662025,false,תפוציפס טבעי מלח ופלפל 50 גרם,,,תפוציפס טבעי מלח ופל,גרמים,50.00,100 גרם,false,1,4.90,9.80,true,1,
7290106664067,false,לאבנה עם שמן זית וזעתר 10% 400 גר,,,לאבנה עם שמן זית וזע,גרמים,400.00,100 גרם,false,1,16.90,4.23,true,1,
7290106664555,false,יטבתה רוטב שמנת עם עגבניות 9% 250 גר,,,יטבתה רוטב שמנת עם ע,גרמים,250.00,100 גרם,false,1,11.90,4.76,true,1,
7290106667266,false,חטיף דוריטוס חמוץ חריף 185 גרם,,,חטיף דוריטוס חמוץ חר,גרמים,185.00,100 גרם,false,1,8.90,4.81,true,1,
7290106668577,false,"מיץ לימון 250 מ""ל יד מרדכי",,,"מיץ לימון 250 מ""ל יד",מיליליטרים,250.00,"100 מ""ל",false,1,9.90,3.96,true,1,
7290106720626,false,ציטוס בטעם גבינה 80 גר,,,ציטוס בטעם גבינה 80,גרמים,80.00,100 גרם,false,1,5.20,6.50,true,1,
7290106721920,false,צנצנת מסטיקים ספירמינט מגדים ציקלט 66 גר,,,צנצנת מסטיקים ספירמי,Unknown,0.00,Unknown,false,1,11.50,11.50,true,1,
7290106723689,false,תרד בייבי  200 גר,,,תרד בייבי  200 גר,גרמים,200.00,100 גרם,false,1,12.90,6.45,true,1,
7290107280341,false,מט.לחות לרצפה סנו רצפז פרש מלון מפנק 10,,IL,מט.לחות לרצפה סנו רצ,Unknown,0.00,Unknown,false,1,14.90,14.90,true,1,
7290107280754,false,נוזל כלים סנו ספארק היפואלרגי 700 מל,,,נוזל כלים סנו ספארק,מיליליטרים,700.00,"100 מ""ל",false,1,10.50,1.50,true,1,
7290107646970,false,ממרח איולי שום תלמה 250 גרם,,,ממרח איולי שום תלמה,גרמים,250.00,100 גרם,false,1,9.90,3.96,true,1,
7290107871990,false,פסטה צינורות 500 גר אסם,,,פסטה צינורות 500 גר,גרמים,500.00,100 גרם,false,1,6.90,1.38,true,1,
7290107874502,false,ביסלי גריל קדמ. מארז אחיד 10 4*55 גרם,,,ביסלי גריל קדמ. מארז,גרמים,200.00,100 גרם,false,1,15.90,7.95,true,1,
7290107879620,false,גלידה לה פרוטה מלון תפוח 70 גר,,,גלידה לה פרוטה מלון,Unknown,0.00,Unknown,false,1,6.90,6.90,true,1,
7290107930321,false,קונפיטורת יד מרדכי דובדובן 340 גרם,,,קונפיטורת יד מרדכי ד,גרמים,340.00,100 גרם,false,1,15.90,4.68,true,1,
7290107931397,false,כיף כף פצפוצים במילוי שוקולד 40 גרם,,,כיף כף פצפוצים במילו,Unknown,0.00,Unknown,false,1,6.30,6.30,true,1,
7290107932080,false,חלב מועשר יוטבתה בבקבוק 3% 1 ליטר,,,חלב מועשר יוטבתה בבק,מיליליטרים,1000.00,"100 מ""ל",false,1,7.90,0.79,true,1,
7290107933155,false,לקט סלנובה 200 גר,,,לקט סלנובה 200 גר,גרמים,200.00,100 גרם,false,1,13.90,6.95,true,1,
7290107936309,false,דנונה יווני לבן 5.8% 120 גר,,,דנונה יווני לבן 5.8%,גרמים,120.00,100 גרם,false,1,3.50,2.92,true,1,
7290107936965,false,עיגולים עד חצות עם שוקולד חלב 225 גר,,IL,עיגולים עד חצות עם,גרמים,225.00,100 גרם,false,1,14.80,6.58,true,1,
7290107937856,false,קפסולות אספרסו 11 למכונות נספרסו 50 גר,,,קפסולות אספרסו 11 למ,Unknown,0.00,Unknown,false,1,18.90,18.90,true,1,
7290107943369,false,קוואקר שיבולת שועל ללא גלוטן 511 גר,,,קוואקר שיבולת שועל ל,גרמים,511.00,100 גרם,false,1,19.90,3.89,true,1,
7290107944472,false,סימפוניה שום שמיר 5% 200 גר,,,סימפוניה שום שמיר 5%,גרמים,200.00,100 גרם,false,1,12.90,6.45,true,1,
7290107945165,false,קונפיטורת  יד מרדכי משמש 340 גר,,,קונפיטורת  יד מרדכי,גרמים,340.00,100 גרם,false,1,15.90,4.68,true,1,
7290107951104,false,בפלות שוקולד 200 גרם,,,בפלות שוקולד 200 גרם,גרמים,200.00,100 גרם,false,1,6.20,3.10,true,1,
7290107954976,false,משקה פרו קפה יטבתה 350 מל,,,משקה פרו קפה יטבתה 3,מיליליטרים,350.00,"100 מ""ל",false,1,7.20,2.06,true,1,
7290107956901,false,קפסולות בטעם אגוזים למכונות נספרסו 50 גר,,,קפסולות בטעם אגוזים,גרמים,50.00,100 גרם,false,1,18.90,37.80,true,1,
7290107956925,false,קפסולות אוגנדה 13 למכונות נספרסו 50 גר,,IL,קפסולות אוגנדה 13 למ,גרמים,50.00,100 גרם,false,1,18.90,37.80,true,1,
7290107956932,false,קפסולות אספרסו אידונזיה למכונות 50 גר,,,קפסולות אספרסו אידונ,גרמים,50.00,100 גרם,false,1,18.90,37.80,true,1,
7290107973014,false,פלמוליב סבון ידיים חלב ודבש 300 מל,,,פלמוליב סבון ידיים ח,מיליליטרים,300.00,"100 מ""ל",false,1,12.90,4.30,true,1,
7290107973038,false,פלמוליב סבון ידיים אקווריום 300 מל,,,פלמוליב סבון ידיים א,מיליליטרים,300.00,"100 מ""ל",false,1,12.90,4.30,true,1,
7290107974073,false,מנה עלי טורטיה קמח לבן מ.שף 20 סמ 320 גר,,,מנה עלי טורטיה קמח ל,גרמים,320.00,100 גרם,false,1,11.90,3.72,true,1,
7290107974080,false,מנה עלי טורטיה קמח לבן מ.שף 25 סמ 840 גר,,,מנה עלי טורטיה קמח ל,גרמים,840.00,100 גרם,false,1,18.90,2.25,true,1,
7290107975360,false,דאו גל פיור פרשנס ליידי ספיד סטיק 65 גר,,,דאו גל פיור פרשנס לי,גרמים,65.00,100 גרם,false,1,33.90,52.15,true,1,
7290107976848,false,סבון מוצק פלמוליב קמומיל 90 גר*4,,,סבון מוצק פלמוליב קמ,Unknown,0.00,Unknown,false,1,22.50,22.50,true,1,
7290108350128,false,סנו סושי 40 שקיות אשפה חזקות במיוחד,,,סנו סושי 40 שקיות אש,Unknown,0.00,Unknown,false,1,29.90,29.90,true,1,
7290108352061,false,משחת שיניים אורביטול פחם 145 גר,,IL,משחת שיניים אורביטול,גרמים,145.00,100 גרם,false,1,16.90,11.66,true,1,
7290108352450,false,נוזל רצפות ריצפז פרש הום בלוסום 2 ליטר,,IL,נוזל רצפות ריצפז פרש,ליטרים,0.00,ליטר,false,1,22.90,22.90,true,1,
7290108355802,false,"תחליב רחצה קרמה ורד ווניל 700 מ""ל",,IL,תחליב רחצה קרמה ורד,מיליליטרים,700.00,"100 מ""ל",false,1,19.90,2.84,true,1,
7290108356168,false,"תחליב רחצה כיף אוקיינוס 700 מ""ל",,IL,תחליב רחצה כיף אוקיי,מיליליטרים,700.00,"100 מ""ל",false,1,13.90,1.99,true,1,
7290108356229,false,"גל גילוח קרמה קרבון 200 מ""ל",,IL,גל גילוח קרמה קרבון,מיליליטרים,200.00,"100 מ""ל",false,1,13.90,6.95,true,1,
7290108357202,false,סנוקליר לניקוי בניחוח בלו בלוסום 1 ליטר,,IL,סנוקליר לניקוי בניחו,ליטרים,0.00,ליטר,false,1,12.90,12.90,true,1,
7290108357271,false,סנובון מוצק בניחוח כח החמצן שלישייה,,,סנובון מוצק בניחוח כ,מיליליטרים,0.00,"100 מ""ל",false,1,12.90,12.90,true,1,
7290108357295,false,סנו אוקסיגן מסיר כתמים קשים כ.לבנה 75 מל,,,סנו אוקסיגן מסיר כתמ,מיליליטרים,750.00,"100 מ""ל",false,1,20.90,2.79,true,1,
7290108357301,false,"K-300 סנו 300 מ""ל",,,"K-300 סנו 300 מ""ל",מיליליטרים,300.00,"100 מ""ל",false,1,14.90,4.97,true,1,
7290108500677,false,כבד דג שיבוט בשמן הדג 115 גרם,,,כבד דג שיבוט בשמן הד,גרמים,115.00,100 גרם,false,1,11.90,10.35,true,1,
7290108501360,false,גבינת צדר בשלה 200 גרם,,,גבינת צדר בשלה 200 ג,גרמים,200.00,100 גרם,false,1,21.90,10.95,true,1,
7290108502329,false,רביעית טונה בשמן זית וילי פוד 4*160 גר,,TH,רביעית טונה בשמן זית,גרמים,640.00,100 גרם,false,1,28.90,4.52,true,1,
7290108502725,false,גבינת גאודה פרוסות 400 גר,,IL,גבינת גאודה פרוסות 4,גרמים,400.00,100 גרם,false,1,25.10,6.28,true,1,
7290108503692,false,פיצה מרגריטה 380 גר,,IT,פיצה מרגריטה 380 גר,גרמים,380.00,100 גרם,false,1,16.90,4.45,true,1,
7290108503715,false,פיצה עם זיתים 385 גר,,IT,פיצה עם זיתים 385 גר,גרמים,385.00,100 גרם,false,1,16.90,4.39,true,1,
7290108504699,false,רביעית טונה בשמן קנולה וילי פוד 4*160 גר,,TH,רביעית טונה בשמן קנו,גרמים,640.00,100 גרם,false,1,22.90,3.58,true,1,
7290108505207,false,יוגורט ען אוכמניות 0% שומן 150 גרם,,GR,יוגורט עם אוכמניות,גרמים,150.00,100 גרם,false,1,6.60,4.40,true,1,
7290108507065,false,גבינת פרמגיאנו רגיאנו מגורדת 100 גרם,,IT,גבינת פרמגיאנו רגיאנ,גרמים,100.00,100 גרם,false,1,17.60,17.60,true,1,
7290108507072,false,שבבי גבינת גרנה פדנו 100 גרם,,,שבבי גבינת גרנה פדנו,גרמים,100.00,100 גרם,false,1,12.00,12.00,true,1,
7290108507652,false,ביסקויט פריך בשוקולד לבן 100 גרם,,TR,ביסקויט פריך בשוקולד,גרמים,100.00,100 גרם,false,1,6.90,6.90,true,1,
7290108507911,false,קינואה עם טונה וירקות  160 גרם,,TR,קינואה עם טונה וירקו,גרמים,160.00,100 גרם,false,1,13.50,8.44,true,1,
7290108508499,false,"איירן משקה יוגורט בסגנון טורקי 293 מ""ל",,TR,איירן משקה יוגורט בס,מיליליטרים,293.00,"100 מ""ל",false,1,6.50,2.22,true,1,
7290108509250,false,"אנטיפסטי ארטישוק בשמן חמניות  380מ""ל",,,אנטיפסטי ארטישוק בשמ,מיליליטרים,380.00,"100 מ""ל",false,1,25.10,6.61,true,1,
7290108509359,false,פופקורן בציפוי בטעם קרמל 90 גרם,,UA,פופקורן בציפוי בטעם,גרמים,90.00,100 גרם,false,1,8.80,9.78,true,1,
7290109355504,false,שלגון וניל במילוי נוגט קראנץ 100 גרם,,,שלגון וניל במילוי נו,גרמים,100.00,100 גרם,false,1,10.60,10.60,true,1,
7290109580319,false,בורגר wonders 280 גר,,,בורגר wonders 280 גר,גרמים,280.00,100 גרם,false,1,37.50,13.39,true,1,
7290110110352,false,"בירה קרלסברג 0.0 בק 330 מ""ל",,IL,בירה קרלסברג 0.0 בק,מיליליטרים,330.00,"100 מ""ל",false,1,5.20,1.58,true,1,
7290110110574,false,"סליק קולה ZERO לימון 330 מ""ל פחית",,,סליק קולה ZERO לימון,מיליליטרים,330.00,"100 מ""ל",false,1,5.90,1.79,true,1,
7290110113490,false,"תה פיוז אפרסק 19 קל 500 מ""ל",,,תה פיוז אפרסק 19 קל,מיליליטרים,500.00,"100 מ""ל",false,1,8.80,1.76,true,1,
7290110114794,false,מים נביעות 1.5 ליטר,,IL,מים נביעות 1.5 ליטר,ליטרים,0.00,ליטר,false,1,10.40,10.40,true,1,
7290110114800,false,מים נביעות בטעם ענבי,,IL,מים נביעות בטעם ענבי,ליטרים,0.00,ליטר,false,1,10.40,10.40,true,1,
7290110114817,false,נביעות + רכיבי פרי,,IL,נביעות + רכיבי פרי,ליטרים,0.00,ליטר,false,1,9.90,9.90,true,1,
7290110114855,false,שישיית מים נביעות,,IL,שישיית מים נביעות,ליטרים,0.01,ליטר,false,1,13.90,1390.00,true,1,
7290110114893,false,פריגת סחוט טרי תפוז 2 ליטר,,,פריגת סחוט טרי תפוז,ליטרים,0.00,ליטר,false,1,32.90,32.90,true,1,
7290110114909,false,פריגת טרי תפוח צלול 2 ליטר,,,פריגת טרי תפוח צלול,ליטרים,0.00,ליטר,false,1,32.90,32.90,true,1,
7290110114961,false,פריגת תפוזים 1.5 ליט,,IL,פריגת תפוזים 1.5 ליט,ליטרים,0.00,ליטר,false,1,9.90,9.90,true,1,
7290110114985,false,פריגת אשכוליות 1.5 ל,,IL,פריגת אשכוליות 1.5 ל,ליטרים,0.00,ליטר,false,1,9.90,9.90,true,1,
7290110115005,false,פריגת ענבים 1.5 ליטר,,IL,פריגת ענבים 1.5 ליטר,ליטרים,0.00,ליטר,false,1,9.90,9.90,true,1,
7290110115036,false,פריגת מנגו 1.5 ליטר,,IL,פריגת מנגו 1.5 ליטר,ליטרים,0.00,ליטר,false,1,9.90,9.90,true,1,
7290110115043,false,פריגת לימונענע 1.5 ל,,IL,פריגת לימונענע 1.5 ל,ליטרים,0.00,ליטר,false,1,9.90,9.90,true,1,
7290110115227,false,קוקה קולה  1.5 ליטר,,IL,קוקה קולה  1.5 ליטר,ליטרים,0.00,ליטר,false,1,9.50,9.50,true,1,
7290110115296,false,פאנטה אורנג 1.5 ליטר,,IL,פאנטה אורנג 1.5 ליטר,ליטרים,0.00,ליטר,false,1,10.00,10.00,true,1,
7290110115364,false,קוקה קולה שישייה 1.5,,IL,קוקה קולה שישייה 1.5,ליטרים,0.01,ליטר,false,1,52.90,5290.00,true,1,
7290110115401,false,קינלי סודה  שישייה 1,,IL,קינלי סודה  שישייה 1,ליטרים,0.01,ליטר,false,1,16.70,1670.00,true,1,
7290110115418,false,קוקה קולה דיאט ZERO,,IL,קוקה קולה דיאט ZERO,ליטרים,0.01,ליטר,false,1,49.90,4990.00,true,1,
7290110115449,false,תה פיוז מנגו 1.5 ליט,,IL,תה פיוז מנגו 1.5 ליט,ליטרים,0.00,ליטר,false,1,9.90,9.90,true,1,
7290110115463,false,תה פיוז אפרסק 1.5 לי,,IL,תה פיוז אפרסק 1.5 לי,ליטרים,0.00,ליטר,false,1,9.90,9.90,true,1,
7290110115616,false,פיוז טי זירו גרין אננס 1.5 ליטר,,IL,פיוז טי זירו גרין אנ,ליטרים,0.00,ליטר,false,1,9.90,9.90,true,1,
7290110115623,false,פיוז טי זירו אפרסק 1.5 ליטר,,IL,פיוז טי זירו אפרסק 1,ליטרים,0.00,ליטר,false,1,9.90,9.90,true,1,
7290110115661,false,"תה פיוז  זירו אפרסק 500 מ""ל",,,תה פיוז  זירו אפרסק,מיליליטרים,500.00,"100 מ""ל",false,1,8.80,1.76,true,1,
7290110115777,false,נביעות 1.5 ליטר,,,נביעות 1.5 ליטר,ליטרים,0.00,ליטר,false,1,3.90,3.90,true,1,
7290110115821,false,ספרייט לימון- ליים 1.5 ליטר,,,ספרייט לימון- ליים 1,ליטרים,0.00,ליטר,false,1,9.00,9.00,true,1,
7290110115838,false,ספרייט לימון- ליים 1.5 ליטר,,IL,ספרייט זירו לימון- ל,ליטרים,0.00,ליטר,false,1,9.50,9.50,true,1,
7290110115845,false,קוקה קולה 1.5 ליטר,,,קוקה קולה 1.5 ליטר,ליטרים,0.00,ליטר,false,1,9.20,9.20,true,1,
7290110115852,false,קוקה קולה דיאט 1.5 ליטר,,,קוקה קולה דיאט 1.5 ל,ליטרים,0.00,ליטר,false,1,9.20,9.20,true,1,
7290110115869,false,קוקה קולה  1.5 ליטר ZERO,,IL,קוקה קולה  1.5 ליטר,ליטרים,0.00,ליטר,false,1,9.50,9.50,true,1,
7290110115876,false,קינלי סודה 1.5 ליטר,,,קינלי סודה 1.5 ליטר,ליטרים,0.00,ליטר,false,1,3.30,3.30,true,1,
7290110115913,false,"פאוורייד זירו בטעם אננס 500 מ""ל",,IT,פאוורייד זירו בטעם א,מיליליטרים,500.00,"100 מ""ל",false,1,12.90,2.58,true,1,
7290110115975,false,קוקה ZERO  ליטר,,,קוקה קולה זירו 1 ליט,מיליליטרים,1000.00,"100 מ""ל",false,1,7.50,0.75,true,1,
7290110116385,false,"סליק סטפאני זירו 330 מ""ל",,,סליק סטפאני זירו 330,מיליליטרים,330.00,"100 מ""ל",false,1,5.90,1.79,true,1,
7290110320591,false,פיראוס בולגרית מעודנת 16% 250 גר,,,פיראוס בולגרית מעודנ,גרמים,250.00,100 גרם,false,1,24.90,9.96,true,1,
7290110320850,false,פתיתי עמק 200 גר,,,פתיתי עמק 200 גר,גרמים,200.00,100 גרם,false,1,17.90,8.95,true,1,
7290110321284,false,קוטג בקטנה 9% 100 גר,,,קוטג בקטנה 9% 100 גר,גרמים,100.00,100 גרם,false,1,2.80,2.80,true,1,
7290110321604,false,קוביות בולגרית מעודנת 5% 200 גר,,IL,קוביות בולגרית 5% מע,גרמים,200.00,100 גרם,false,1,24.50,12.25,true,1,
7290110322014,false,טופו טבעי 300 גר,,,טופו טבעי 300 גר,גרמים,300.00,100 גרם,false,1,12.90,4.30,true,1,
7290110322021,false,טופו בזיליקום 300 גר,,,טופו בזיליקום 300 גר,גרמים,300.00,100 גרם,false,1,12.90,4.30,true,1,
7290110322038,false,טופו פיקנטי 300 גר,,,טופו פיקנטי 300 גר,גרמים,300.00,100 גרם,false,1,12.90,4.30,true,1,
7290110323073,false,משקה יוגורט מועשר בחלבון תות פטל 1% 250מ,,IL,משקה יוגורט מועשר בח,מיליליטרים,250.00,"100 מ""ל",false,1,6.90,2.76,true,1,
7290110323585,false,יוגורט עם דובדבן מופחת שומן 200 מל GO,,IL,יוגורט עם דובדבן מופ,מיליליטרים,200.00,"100 מ""ל",false,1,6.20,3.10,true,1,
7290110323714,false,משקה קוקוס שקדים 1 ליטר,,IL,משקה קוקוס שקדים 1 ל,מיליליטרים,1000.00,"100 מ""ל",false,1,14.90,1.49,true,1,
7290110324353,false,יופלה אננס לייט 200 מל GO,,IL,יופלה גו אננס לייט,מיליליטרים,200.00,"100 מ""ל",false,1,6.20,3.10,true,1,
7290110324841,false,מעדן שקדים עם שוקולד מריר 125 גרם,,IL,מעדן שקדים עם שוקולד,גרמים,125.00,100 גרם,false,1,5.30,4.24,true,1,
7290110324926,false,משקה סויה ללא תוספת סוכר 1 ליטר,,,משקה סויה ללא תוספת,מיליליטרים,1000.00,"100 מ""ל",false,1,12.50,1.25,true,1,
7290110325114,false,משקה יוגורט גו לייט תות בננה 250 מל,,IL,משקה יוגורט גו לייט,מיליליטרים,250.00,"100 מ""ל",false,1,6.90,2.76,true,1,
7290110325305,false,מעדן סויה גו 20 גר חלבון במתיקות  מעודנת,,IL,מעדן סויה גו 200 גרם,גרמים,200.00,100 גרם,false,1,6.20,3.10,true,1,
7290110325312,false,מעדן סויה גו 20 גר חלבון תות 200 גר,,IL,מעדן סויה גו 20 גר ח,גרמים,200.00,100 גרם,false,1,6.20,3.10,true,1,
7290110325619,false,מאגדת זוג משקה שקדים 2*1 ליטר,,IL,משקה שיבולת שועל 1 ל,ליטרים,0.00,ליטר,false,1,14.90,14.90,true,1,
7290110325701,false,גבינת פיראוס יווני 9% שומן על בסיס יוגור,,,גבינת פיראוס יווני 9,גרמים,250.00,100 גרם,false,1,14.60,5.84,true,1,
7290110325879,false,פתיתי גאודה 200 גרם,,IL,פתיתי גאודה 200 גרם,גרמים,200.00,100 גרם,false,1,19.90,9.95,true,1,
7290110325893,false,"אייס קפה  GO 340 מ""ל",,IL,"אייס קפה GO 340 מ""ל",גרמים,340.00,100 גרם,false,1,8.90,2.62,true,1,
7290110326210,false,יופלה און טופ פצפוצים 157 גרם,,,יופלה און טופ פצפוצי,גרמים,157.00,100 גרם,false,1,5.80,3.69,true,1,
7290110326227,false,יופלה און טופ קורנפלקס 157 גרם,,,יופלה און טופ קורנפל,גרמים,157.00,100 גרם,false,1,5.80,3.69,true,1,
7290110326241,false,ייופלה און טופ גרנולה 157 גרם,,,יופלה און טופ גרנולה,גרמים,157.00,100 גרם,false,1,5.80,3.69,true,1,
7290110326333,false,גבינה סקנדינבית פרוסות 170 גרם,,IL,גבינה סקנדינבית פרוס,גרמים,170.00,100 גרם,false,0,20.90,12.29,true,1,
7290110327033,false,משקה סויה גו מועשר מתיקות מופחתת 1 ליטר,,,משקה סויה גו מועשר מ,מיליליטרים,1000.00,"100 מ""ל",false,1,14.90,1.49,true,1,
7290110328504,false,טריו מיקס- מוצרלה סקנדינבית וגאודה 300 ג,,IL,טריו מיקס- מוצרלה סק,גרמים,300.00,100 גרם,false,1,29.90,9.97,true,1,
7290110328627,false,יוגורט סמיך בננה קרמל 0% 200 מל GO,,,יוגורט גו סמיך בננה,מיליליטרים,200.00,"100 מ""ל",false,1,6.20,3.10,true,1,
7290110328764,false,יוגורט סמיך תות 0% 200 מל GO,,,יוגורט גו סמיך תות,מיליליטרים,200.00,"100 מ""ל",false,1,6.20,3.10,true,1,
7290110328788,false,יוגורט סמיך אפרסק 0% 200 מל GO,,,יוגורט גו סמיך אפרסק,מיליליטרים,200.00,"100 מ""ל",false,1,6.20,3.10,true,1,
7290110329136,false,מעדן חלב go בטעם שוקולד 12 ג חלבון 120 ג,,,מעדן חלב go בטעם שוק,גרמים,120.00,100 גרם,false,1,5.40,4.50,true,1,
7290110329143,false,מעדן חלב go בטעם וניל 12 ג חלבון 120 גרם,,,מעדן חלב go בטעם וני,גרמים,120.00,100 גרם,false,1,5.40,4.50,true,1,
7290110329266,false,יוגורט תנובה מחלב עיזים מלא 150 גרם,,,יוגורט תנובה מחלב עי,גרמים,150.00,100 גרם,false,1,6.90,4.60,true,1,
7290110329686,false,"משקה חלב גו בטעם עוגיות 340 מ""ל",,,משקה חלב גו בטעם עוג,מיליליטרים,340.00,"100 מ""ל",false,1,8.90,2.62,true,1,
7290110329723,false,משקה קפה קר בטעם לאטה 230 גרם,,IL,משקה קפה קר בטעם לאט,מיליליטרים,230.00,"100 מ""ל",false,1,7.90,3.43,true,1,
7290110329730,false,משקה חלב עם שוקולד וקפה לאטה 230 גרם,,IL,משקה חלב עם שוקולד ו,מיליליטרים,230.00,"100 מ""ל",false,1,7.90,3.43,true,1,
7290110329792,false,סויה BIO אפרסק גביע Alternative 150 גרם,,IL,סויה BIO אפרסק גביע,גרמים,150.00,100 גרם,false,1,5.10,3.40,true,1,
7290110329822,false,מעדן סויה ביו פירות יער alternative 150,,IL,מעדן סויה ביו פירות,גרמים,150.00,100 גרם,false,1,5.10,3.40,true,1,
7290110329914,false,מאגדת משקה שיבולת שועל ושקדים alternativ,,,מאגדת משקה שיבולת שו,ליטרים,0.60,ליטר,false,1,19.90,33.17,true,1,
7290110550394,false,234ג PERFECT BITE קרם אגוזים ושברי אגוזי,,,234ג PERFECT BITE קר,גרמים,234.00,100 גרם,false,1,24.50,10.47,true,1,
7290110552220,false,דנונה פרו תות 20 ג חלבון ללא סוכר 200 גר,,,דנונה פרו תות 20 ג ח,גרמים,200.00,100 גרם,false,1,6.20,3.10,true,1,
7290110552237,false,דנונה פרו אפרסק מנגו 20 ג ללא סוכר 200 ג,,,דנונה פרו אפרסק מנגו,גרמים,200.00,100 גרם,false,1,6.20,3.10,true,1,
7290110553029,false,פריכיות חלבון קייל חומוס ומלח 60 ג,,IL,פריכיות חלבון קייל ח,גרמים,60.00,100 גרם,false,1,12.80,21.33,true,1,
7290110553623,false,ציטוס קראנץ צדר חלפיניו 80 גר,,IL,ציטוס קראנץ צדר חלפי,גרמים,80.00,100 גרם,false,1,4.90,6.13,true,1,
7290110556242,false,שוקולד מריר פרווה  חדש 100 גרם,,,שוקולד מריר פרווה  ח,גרמים,100.00,100 גרם,false,1,6.00,6.00,true,1,
7290110560300,false,פריכיות משולשות אנרגי פלפל שחור 30 גר,,IL,פריכיות משולשות אנרג,גרמים,30.00,100 גרם,false,1,5.90,19.67,true,1,
7290110560317,false,פריכיות משולשות אנרגי מלח ים 30 גר,,IL,פריכיות משולשות אנרג,גרמים,30.00,100 גרם,false,1,5.90,19.67,true,1,
7290110560324,false,פריכיות משולשות אנרגי אפונה ירוקה 30 גר,,IL,פריכיות משולשות אנרג,גרמים,30.00,100 גרם,false,1,5.90,19.67,true,1,
7290110561352,false,דנונה דל לקטוז 200 גרם,,,דנונה דל לקטוז,גרמים,200.00,100 גרם,false,1,3.70,1.85,true,1,
7290110564360,false,חומוס עשיר ב-40% טחינה 400 גר,,,חומוס עשיר ב-40% טחי,גרמים,400.00,100 גרם,false,1,15.60,3.90,true,1,
7290110565527,false,דנונה פרו 20 גרם חלבון 1.5% 200 גר,,,דנונה פרו 20 גרם חלב,גרמים,200.00,100 גרם,false,1,6.20,3.10,true,1,
7290110566975,false,דנונה פרו תות 20 גרם 12 יח,,,דנונה פרו תות 20 גרם,גרמים,200.00,100 גרם,false,1,6.20,3.10,true,1,
7290110570224,false,"משקה קפה קר בטעם עוגיות 230 מ""ל",,AT,משקה קפה קר בטעם עוג,מיליליטרים,230.00,"100 מ""ל",false,1,8.90,3.87,true,1,
7290110571405,false,מיני פינוקיות בגביע פסק זמן 180 גר,,,מיני פינוקיות בגביע,גרמים,180.00,100 גרם,false,1,12.90,7.17,true,1,
7290111340178,false,מטל.לחות לניקוי כללי בנ.מרכך כביסה 50 יח,,,מטל.לחות לניקוי כללי,Unknown,0.00,Unknown,false,1,15.60,15.60,true,1,
7290111340185,false,מטליות לחות לנ.רצפה בנ.מרכך כביסה 10 יח,,,מטליות לחות לנ.רצפה,Unknown,0.00,Unknown,false,1,14.90,14.90,true,1,
7290111341373,false,לילי נייר פסטל 30 גלילים,,,לילי נייר פסטל 30 גל,מטרים,588.00,מטר,false,1,35.90,0.06,true,1,
7290111341984,false,נייר טואלט לילי לח מארז רביעייה,,IL,נייר טואלט לילי לח מ,Unknown,0.00,Unknown,false,1,24.00,24.00,true,1,
7290111342004,false,נייר טואלט לח לילי קידס 56 דפים,,IL,נייר טואלט לח לילי ק,Unknown,0.00,Unknown,false,1,9.50,9.50,true,1,
7290111342042,false,כריות יפניות ניקול לניקוי אנטיבקטריאלי 4,,IL,כריות יפניות ניקול ל,Unknown,0.00,Unknown,false,1,14.90,14.90,true,1,
7290111342523,false,מפיות ניקול חד שכבתיות צבעוני 33*33 100,,IL,מפיות ניקול חד שכבתי,יחידה,1.00,יחידה,false,1,9.40,9.40,true,1,
7290111342738,false,נייר טואלט לילי לח קידס מארז רביעייה,,IL,נייר טואלט לילי לח ק,Unknown,0.00,Unknown,false,1,24.00,24.00,true,1,
7290111343117,false,ממחטות אף קלינקס לושן סופט פק 140 דף,,,ממחטות אף קלינקס לוש,Unknown,0.00,Unknown,false,1,19.60,19.60,true,1,
7290111344206,false,מגבוני האגיס רביעייה  מבושם,,,מגבוני האגיס רביעייה,Unknown,0.00,Unknown,false,1,24.90,24.90,true,1,
7290111346293,false,מגבות ניקול שישייה מהדורה חגיגית,,,מגבות ניקול שישייה מ,Unknown,0.00,Unknown,false,1,12.90,12.90,true,1,
7290111350665,false,דבש לחיץ קליית גת 350 גר,,,דבש לחיץ קליית גת 35,גרמים,350.00,100 גרם,false,1,25.10,7.17,true,1,
7290111566318,false,שניצל דק טבעול 564 גר,,,שניצל דק טבעול 564 ג,גרמים,564.00,100 גרם,false,1,34.90,6.19,true,1,
7290111566547,false,חזה בגריל צמחוני טבעול 560 גר,,,חזה בגריל צמחוני טבע,גרמים,560.00,100 גרם,false,1,34.90,6.23,true,1,
7290111566752,false,שניצל תירס 99 קלוריות טבעול 693 גר,,,שניצל תירס 99 קלוריו,גרמים,693.00,100 גרם,false,1,34.90,5.04,true,1,
7290111568206,false,ביסלי פארטי מיקס 150 גרם,,,ביסלי פארטי מיקס 150,גרמים,150.00,100 גרם,false,1,9.90,6.60,true,1,
7290111936296,false,סבון נוזלי פלמוליב ארומה סנסיישן מסאג750,,TR,סבון נוזלי פלמוליב א,מיליליטרים,750.00,"100 מ""ל",false,1,21.90,2.92,true,1,
7290112330352,false,דנונה פרו וניל 20 גרם חלבון 0% 200 גר,,IL,דנונה פרו וניל 20 גר,גרמים,200.00,100 גרם,false,1,6.20,3.10,true,1,
7290112330390,false,דנונה פרו פירות יער 20 גרם חלבון 0% 200ג,,IL,דנונה פרו פירות יער,גרמים,200.00,100 גרם,false,1,6.20,3.10,true,1,
7290112332899,false,צנצנת בזוקה פופים קלאסי 58 גר,,IL,צנצנת בזוקה פופים קל,גרמים,58.00,100 גרם,false,1,11.50,19.83,true,1,
7290112334749,false,קפה עלית טורקי 200 גרם + 10% תוספת,,,קפה עלית טורקי 200 ג,גרמים,220.00,100 גרם,false,1,17.90,8.14,true,1,
7290112335487,false,פריכיות הטעימות קצח ודגנים אנרגי 135 גר,,IL,פריכיות הטעימות קצח,גרמים,135.00,100 גרם,false,1,12.90,9.56,true,1,
7290112335500,false,פריכיות הטעימות חלבון אנרגי 135 גר,,IL,פריכיות הטעימות חלבו,גרמים,135.00,100 גרם,false,1,12.90,9.56,true,1,
7290112340122,false,פריכיות טעימות 3 דגנים אנרגי 135 גר,,IL,פריכיות טעימות 3 דגנ,גרמים,135.00,100 גרם,false,1,12.90,9.56,true,1,
7290112343499,false,ציטוס 55 גרם 48 יחידות  puffs,,,ציטוס 55 גרם 48 יחיד,גרמים,55.00,100 גרם,false,1,4.90,8.91,true,1,
7290112343512,false,ציטוס  160 גרם 9 יחידות puffs,,,ציטוס  160 גרם 9 יחי,גרמים,160.00,100 גרם,false,1,8.90,5.56,true,1,
7290112355027,false,דנונה פרו 20 גרם חלבון קרמל מלוח 200 גרם,,,דנונה פרו 20 גרם חלב,גרמים,200.00,100 גרם,false,1,6.20,3.10,true,1,
7290112356536,false,קקאו עלית 150 גרם + 10%,,IL,קקאו עלית 150 גרם +,גרמים,165.00,100 גרם,false,1,11.90,7.21,true,1,
7290112357175,false,קפסולות בוסט למכונות נספרסו 50 גר,,IL,קפסולות בוסט למכונות,גרמים,50.00,100 גרם,false,1,18.90,37.80,true,1,
7290112490216,false,מרק קנור נמס בכוס עוף וקרוטונים 48 גרם,,IL,מרק קנור נמס בכוס עו,גרמים,48.00,100 גרם,false,1,8.50,17.71,true,1,
7290112490230,false,מרק נמס בכוס אפונה 50 גרם,,IL,מרק נמס בכוס אפונה 5,גרמים,50.00,100 גרם,false,1,8.50,17.00,true,1,
7290112490674,false,קונפיטורה דובדבן 340 גרם-צנצנת,,BE,קונפיטורה דובדבן 340,גרמים,340.00,100 גרם,false,1,17.90,5.26,true,1,
7290112490759,false,מרק עוף עם אטריות 100% רכיבים טבעיים,,IL,מרק עוף עם אטריות,גרמים,74.00,100 גרם,false,1,14.90,20.14,true,1,
7290112491701,false,ברנפלקס אקסטרה פרוטאין 375 גרם,,IL,ברנפלקס אקסטרה פרוטא,גרמים,375.00,100 גרם,false,1,25.90,6.91,true,1,
7290112491787,false,בייגלה דקים דקים שומשום קלאסי 300 גרם,,,בייגלה דקים דקים שומ,גרמים,300.00,100 גרם,false,1,13.90,4.63,true,1,
7290112492449,false,"שמפו פינוק לשיער רגיל 700 מ""ל",,IL,שמפו פינוק לשיער רגי,מיליליטרים,700.00,"100 מ""ל",false,1,13.90,1.99,true,1,
7290112493095,false,מרק קנור נמס בכוס עגבניות חריף 48 גרם,,,מרק קנור נמס בכוס עג,גרמים,48.00,100 גרם,false,1,8.50,17.71,true,1,
7290112493293,false,מרק קנור נמס בכוס ירקות 44 גרם,,,מרק קנור נמס בכוס יר,גרמים,44.00,100 גרם,false,1,8.50,19.32,true,1,
7290112493927,false,קרמיסימו ריבת חלב 1.33 ליטר,,,קרמיסימו ריבת חלב 1.,ליטרים,0.00,ליטר,false,1,24.90,24.90,true,1,
7290112494221,false,קליק ביסקוויט 65 גרם,,,קליק ביסקוויט 65 גרם,גרמים,65.00,100 גרם,false,1,6.90,10.62,true,1,
7290112494276,false,קליק כריות 65 גר,,,קליק כריות 65 גר,גרמים,65.00,100 גרם,false,1,7.90,12.15,true,1,
7290112494283,false,קליק חום לבן 65 גרם,,,קליק חום לבן 65 גרם,גרמים,65.00,100 גרם,false,1,6.90,10.62,true,1,
7290112494313,false,קליק קורנפלקס 65 גרם,,,קליק קורנפלקס 65 גרם,גרמים,65.00,100 גרם,false,1,6.90,10.62,true,1,
7290112494382,false,פירה בטעם ביתי 260 גרם-קופסא,,,פירה בטעם ביתי 260 ג,גרמים,260.00,100 גרם,false,1,14.90,5.73,true,1,
7290112495006,false,כריות נוגט 686 גרם - קופסא,,,כריות נוגט 686 גרם -,גרמים,686.00,100 גרם,false,1,27.90,4.07,true,1,
7290112497994,false,גרנולה פרוטאין בתוספת חלבון ואגוזים 300,,,גרנולה פרוטאין בתוספ,גרמים,300.00,100 גרם,false,1,20.90,6.97,true,1,
7290112498007,false,גרנולה פרוטאין ת.חלבון שקדים חמוציות 300,,,גרנולה פרוטאין ת.חלב,גרמים,300.00,100 גרם,false,1,20.90,6.97,true,1,
7290112498069,false,קוקומן ללא גלוטן 375 גרם,,,קוקומן ללא גלוטן 375,גרמים,375.00,100 גרם,false,1,25.90,6.91,true,1,
7290112498526,false,פתית ציפס בטטה סגולה שמנת ובצל 22 ג,,GB,פתית ציפס בטטה סגולה,גרמים,22.00,100 גרם,false,1,5.90,26.82,true,1,
7290112498922,false,מאגדת מיני מגנום לבן 250 גרם,,IL,מאגדת מיני מגנום לבן,גרמים,250.00,100 גרם,false,1,29.90,11.96,true,1,
7290112499097,false,מאגדת מיני מגנום מריר INTENSE DARK,,IL,מאגדת מיני מגנום מרי,גרמים,310.00,100 גרם,false,1,29.90,9.65,true,1,
7290112499929,false,מגנום שוקולד,,,מגנום שוקולד אימפאלס,גרמים,85.00,100 גרם,false,1,11.90,14.00,true,1,
7290112499936,false,מגנום שקדים,,,מגנום שקדים,Unknown,0.00,Unknown,false,1,11.90,11.90,true,1,
7290112499943,false,מיני מגנום וניל+שוקו,,,מיני מגנום וניל+שוקו,גרמים,270.00,100 גרם,false,1,29.90,11.07,true,1,
7290112961266,false,בייגלה כפיות פיזור איטלקי 300 גרם,,,בייגלה כפיות פיזור א,גרמים,300.00,100 גרם,false,1,11.90,3.97,true,1,
7290112961464,false,פיטנס חטיפי פריכיות דקות מתובלות 60 גרם,,IL,פיטנס חטיפי פריכיות,גרמים,60.00,100 גרם,false,1,9.90,16.50,true,1,
7290112962003,false,שלגון קראנץ וניל עוגיות 90 גרם,,IL,שלגון קראנץ וניל עוג,גרמים,90.00,100 גרם,false,1,10.60,11.78,true,1,
7290112963918,false,פיטנס קרקר דק רוזמרין 140 גרם,,IL,פיטנס קרקר דק רוזמרי,גרמים,140.00,100 גרם,false,1,13.90,9.93,true,1,
7290112964052,false,פסטה מוביוטו פרפקטו 500 גרם,,,פסטה מוביוטו פרפקטו,גרמים,500.00,100 גרם,false,1,13.90,2.78,true,1,
7290112964434,false,"רוטב לסלט קיסר 295 מ""ל אסם",,IL,רוטב לסלט קיסר 295 מ,מיליליטרים,295.00,"100 מ""ל",false,1,15.00,5.08,true,1,
7290112965684,false,פיטנס חטיף מולטיגריין ע.תיבול 25 גרם,,IL,פיטנס חטיף מולטיגריי,גרמים,25.00,100 גרם,false,1,5.50,22.00,true,1,
7290112965707,false,פיטנס חטיף מולטיגריין צילי מעודן 25 גרם,,IL,פיטנס חטיף מולטיגריי,גרמים,25.00,100 גרם,false,1,5.50,22.00,true,1,
7290112965967,false,טבעול נאגטס ירקות כתומים 500 גרם,,IL,טבעול נאגטס ירקות כת,גרמים,500.00,100 גרם,false,1,38.50,7.70,true,1,
7290112966001,false,טבעול גורמה ארוחת ירוקים 450 גרם,,IL,טבעול גורמה ארוחת יר,גרמים,450.00,100 גרם,false,1,35.90,7.98,true,1,
7290112966445,false,במבה מתוקה אריזה גדולה 100 גרם,,IL,במבה מתוקה אריזה גדו,גרמים,100.00,100 גרם,false,1,8.30,8.30,true,1,
7290112967381,false,פיטנס חטיפי פריכיות קטניות ומלח ים 60 גר,,,פיטנס חטיפי פריכיות,גרמים,60.00,100 גרם,false,1,9.90,16.50,true,1,
7290112968807,false,פיטנס קרקר דק סלק 140 גרם,,,פיטנס קרקר דק סלק 14,גרמים,140.00,100 גרם,false,1,13.90,9.93,true,1,
7290112968821,false,פיטנס קרקר דק בטטה 140 גרם,,,פיטנס קרקר דק בטטה 1,גרמים,140.00,100 גרם,false,1,13.90,9.93,true,1,
7290112969071,false,פרפקטו פסטה רדיאטורי 500 גרם,,,פרפקטו פסטה רדיאטורי,גרמים,400.00,100 גרם,false,1,13.90,3.48,true,1,
7290113191907,false,טורטיה חיטה להכנת פיצה 440 גרם,,TR,טורטיה חיטה להכנת פי,גרמים,440.00,100 גרם,false,1,11.90,2.70,true,1,
7290113192089,false,בוטנים מצופים בטעם תירס 100 גרם,,,בוטנים מצופים בטעם ת,גרמים,100.00,100 גרם,false,1,9.90,9.90,true,1,
7290113192096,false,בוטנים מצופים בטעם וואסבי 100 גרם,,,בוטנים מצופים בטעם ו,גרמים,100.00,100 גרם,false,1,9.90,9.90,true,1,
7290113192157,false,אגוזי ברזיל קלופים 150 גרם,,IL,אגוזי ברזיל קלופים 1,גרמים,150.00,100 גרם,false,1,18.80,12.53,true,1,
7290113192164,false,אגוזי קשיו קלופים 150 גרם,,IL,אגוזי קשיו קלופים 15,גרמים,150.00,100 גרם,false,1,17.90,11.93,true,1,
7290113192171,false,מיקס אגוזים שקדים וחמוציות 150 גרם,,IL,מיקס אגוזים שקדים וח,גרמים,150.00,100 גרם,false,1,17.90,11.93,true,1,
7290113192355,false,זית חרוזית ירוק A2 בית השיטה 275 גרם,,,זית חרוזית ירוק A2 ב,גרמים,275.00,100 גרם,false,1,10.90,3.96,true,1,
7290113192362,false,זיתים ירוקים טבעות A2 בית השיטה 280 גרם,,IL,זיתים ירוקים טבעות A,גרמים,280.00,100 גרם,false,1,13.50,4.82,true,1,
7290113192379,false,זיתים ירוקים מבוקעים A2 בית השיטה 340 גר,,IL,זיתים ירוקים מבוקעים,גרמים,340.00,100 גרם,false,1,12.60,3.71,true,1,
7290113192478,false,מלפפונים במלח 10-12 בית השטה 320 גרם,,IL,מלפפונים במלח 10-12,גרמים,320.00,100 גרם,false,1,9.50,2.97,true,1,
7290113192485,false,מלפפונים בחומץ 10-12 בית השטה 320 גרם,,IL,מלפפונים בחומץ 10-12,גרמים,320.00,100 גרם,false,1,9.50,2.97,true,1,
7290113192508,false,מלפפון במלח 17-13 בית השיטה 320 גרם,,IL,מלפפון במלח 17-13 בי,גרמים,320.00,100 גרם,false,1,12.90,4.03,true,1,
7290113192539,false,מלפפון במלח  7-9 בית השיטה 320 גר,,IL,מלפפון במלח  7-9 בית,גרמים,320.00,100 גרם,false,1,7.90,2.47,true,1,
7290113192546,false,מלפפון בחומץ  7-9 בית השיטה 290 גר,,IL,מלפפון בחומץ  7-9 בי,גרמים,290.00,100 גרם,false,1,7.90,2.72,true,1,
7290113192553,false,מלפפונים במלח באלדי 13-17 בית השיטה 320ג,,IL,מלפפונים במלח באלדי,גרמים,320.00,100 גרם,false,1,11.90,3.72,true,1,
7290113192577,false,כרוב כבוש A2 בית השיטה 430 גרם,,IL,כרוב כבוש A2 בית השי,גרמים,430.00,100 גרם,false,1,9.90,2.30,true,1,
7290113192881,false,טורטיה חיטה מופחתת קלוריות 270 גרם,,TR,טורטיה חיטה מופחתת ק,גרמים,270.00,100 גרם,false,1,11.90,4.41,true,1,
7290113193017,false,קוקטייל זיתים 275 גרם בית השיטה,,IL,קוקטייל זיתים 275 גר,גרמים,275.00,100 גרם,false,1,15.90,5.78,true,1,
7290113193031,false,חרוזית קלמטה 275 גרם בית השיטה,,IL,חרוזית קלמטה 275 גרם,גרמים,275.00,100 גרם,false,1,15.90,5.78,true,1,
7290113193321,false,בית השיטה שמן זית כתית מעולה 750 מל,,IL,בית השיטה שמן זית כת,מיליליטרים,750.00,"100 מ""ל",false,1,34.90,4.65,true,1,
7290113193406,false,בית השיטה טבעות קוקטייל זיתים 280 גרם,,,בית השיטה טבעות קוקט,גרמים,280.00,100 גרם,false,1,12.70,4.54,true,1,
7290113195066,false,חלבה טורקית בטעם וניל 400 גרם,,,חלבה טורקית בטעם וני,גרמים,400.00,100 גרם,false,1,13.90,3.48,true,1,
7290113195271,false,ממרח פלפלים פיקנטיים 360 גרם,,MK,ממרח פלפלים פיקנטיים,גרמים,360.00,100 גרם,false,1,12.90,3.58,true,1,
7290113198067,false,פקאן מצופה שוקולד לבן 150 גרם,,,פקאן מצופה שוקולד לב,גרמים,150.00,100 גרם,false,1,14.90,9.93,true,1,
7290114310215,false,שמנת מתוקה 38% 250 מל בקבוק,,IL,שמנת מתוקה 38% 250 מ,גרמים,250.00,100 גרם,false,1,6.47,2.59,true,1,
7290114310239,false,חלב נטול לקטוז מועשר בוויטמין D 2% 1.5 ל,,IL,חלב נטול לקטוז מועשר,מיליליטרים,1500.00,"100 מ""ל",false,1,13.90,0.93,true,1,
7290114310901,false,גבינה לבנה 5% 250 גר,,,גבינה לבנה טרה 5%,גרמים,250.00,100 גרם,false,1,4.98,1.99,true,1,
7290114311014,false,"משקה חלב אייס קפוצינו יטבתה 250 מ""ל פקק",,,משקה חלב אייס קפוצינ,גרמים,200.00,100 גרם,false,1,6.20,3.10,true,1,
7290114311021,false,"משקה חלב וניל עוגיות טרה 250 מ""ל פקק ספו",,,משקה חלב וניל עוגיות,מיליליטרים,250.00,"100 מ""ל",false,1,6.20,2.48,true,1,
7290114311038,false,"שמנת מתוקה 32% 250 מ""ל בבקבוק טרה",,,שמנת מתוקה 32% 250 מ,מיליליטרים,250.00,"100 מ""ל",false,1,7.20,2.88,true,1,
7290114311304,false,יוגורט מולר פרופ בטעם מנגו פסיפלורה בננה,,IL,יוגורט מולר פרופ בטע,גרמים,150.00,100 גרם,false,1,5.40,3.60,true,1,
7290114311458,false,חלב בקרטון מועשר ויטמין D 3% 1 ליטר,,,חלב בקרטון מועשר ויט,מיליליטרים,1000.00,"100 מ""ל",false,1,8.90,0.89,true,1,
7290114600927,false,מנה עלי טורטיה חיט מלאה מ.שף 320 גר,,,מנה עלי טורטיה חיט מ,גרמים,320.00,100 גרם,false,1,11.90,3.72,true,1,
7290114606578,false,שקדי מרק מאסטר שף 400 גרם,,IL,שקדי מרק מאסטר שף 40,גרמים,400.00,100 גרם,false,1,10.00,2.50,true,1,
7290114608640,false,קרוטונים לסלט כוסמין מאסטר שף 260 גרם,,IL,קרוטונים לסלט כוסמין,גרמים,260.00,100 גרם,false,1,22.90,8.81,true,1,
7290114655354,false,מסכה לפנים חד פעמי מארז 10 יח,,,מסכה לפנים חד פעמי מ,יחידה,1.00,יחידה,false,1,3.90,3.90,true,1,
7290114659949,false,מסכה לפנים חד פעמי 50 יח,,,מסכה לפנים חד פעמי 5,יחידה,1.00,יחידה,false,1,10.90,10.90,true,1,
7290115073676,false,מסכה לפנים חד פעמי 50 יח צבעוניות,,,מסכה לפנים חד פעמי 5,יחידה,1.00,יחידה,false,1,10.90,10.90,true,1,
7290115073683,false,מסכה לפנים חד פעמי מארז 10 יח צבעוניות,,,מסכה לפנים חד פעמי מ,יחידה,1.00,יחידה,false,1,4.90,4.90,true,1,
7290115180251,false,יחידות טבק לחימום אמבר PP קרטוש,,,יחידות טבק לחימום אמ,Unknown,0.00,Unknown,false,1,26.50,26.50,true,1,
7290115180268,false,יחידות טבק לחימום צהוב PP,,,יחידות טבק לחימום צה,Unknown,0.00,Unknown,false,1,26.50,26.50,true,1,
7290115180282,false,יחידות טבק לחימום ברונז PP,,,יחידות טבק לחימום בר,Unknown,0.00,Unknown,false,1,26.50,26.50,true,1,
7290115190014,false,מרלבורו רד קצר בוקס חפיסה,,,מרלבורו רד קצר בוקס,Unknown,0.00,Unknown,false,1,35.90,35.90,true,1,
7290115190052,false,מרלבורו גולדן רד KS חפיסה,,,מרלבורו פלייבור מיקס,Unknown,0.00,Unknown,false,1,35.90,35.90,true,1,
7290115190083,false,מרלבורו גולד PP קרטוש,,,מרלבורו גולד PP קרטו,Unknown,0.00,Unknown,false,1,355.00,355.00,true,1,
7290115190090,false,מרלבורו גולד קצר,,,מרלבורו גולד קצר,Unknown,0.00,Unknown,false,1,35.90,35.90,true,1,
7290115190137,false,מלבורו פיין טאצ 7.1 חפיסה,,,מלבורו פיין טאצ 7.1,יחידה,1.00,יחידה,false,1,31.90,31.90,true,1,
7290115190151,false,מלבורו גולד טאצ 7.1 חפיסה,,,מלבורו גולד טאצ 7.1,יחידה,1.00,יחידה,false,1,31.90,31.90,true,1,
7290115190199,false,פרלמנט ארוך RCB חפיסה,,,פרלמנט ארוך RCB חפיס,Unknown,0.00,Unknown,false,1,41.00,41.00,true,1,
7290115190236,false,פרלמנט קצר בלו חפיסה,,,פרלמנט קצר בלו חפיסה,Unknown,0.00,Unknown,false,1,41.00,41.00,true,1,
7290115190250,false,פרלמנט נייט PP חפיסה,,,פרלמנט נייט PP חפיסה,Unknown,0.00,Unknown,false,1,41.00,41.00,true,1,
7290115190335,false,ל.מ.בלו לייבל ארוך בוקס חפיסה,,,ל.מ.בלו לייבל ארוך ב,Unknown,0.00,Unknown,false,1,31.90,31.90,true,1,
7290115190359,false,L&M בלו לייבל קצר-חפיסה,,,L&M בלו לייבל קצר-חפ,Unknown,0.00,Unknown,false,1,31.90,31.90,true,1,
7290115190373,false,ל.מ.פורוורד חפיסה,,,ל.מ.פורוורד חפיסה,Unknown,0.00,Unknown,false,1,31.90,31.90,true,1,
7290115190458,false,נקסט ארג חפיסה,,,נקסט ארג חפיסה,Unknown,0.00,Unknown,false,1,24.90,24.90,true,1,
7290115190472,false,נקסט  פיין ארג חפיסה,,,נקסט  פיין ארג חפיסה,Unknown,0.00,Unknown,false,1,24.90,24.90,true,1,
7290115190519,false,נקסט חפיסה,,,נקסט חפיסה,Unknown,0.00,Unknown,false,1,29.90,29.90,true,1,
7290115190557,false,נקסט ריסס חפיסה,,,נקסט ריסס חפיסה,Unknown,0.00,Unknown,false,1,25.90,25.90,true,1,
7290115190595,false,נקסט FF חפיסה,,,נקסט FF חפיסה,Unknown,0.00,Unknown,false,1,29.90,29.90,true,1,
7290115190892,false,מרלבורו פיוזן קפסולה חפיסה,,,מרלבורו פיוזן קפסולה,Unknown,0.00,Unknown,false,1,26.90,26.90,true,1,
7290115202748,false,אסם קטשופ לעל האש 710 גרם,,,אסם קטשופ לעל האש 71,גרמים,710.00,100 גרם,false,1,14.90,2.10,true,1,
7290115202939,false,מנה חמה רייס נודלס עוף פטריות 50 גר,,,מנה חמה רייס נודלס ע,גרמים,50.00,100 גרם,false,1,9.90,19.80,true,1,
7290115202953,false,מנה חמה רייס נודלס קארי צהוב 55 גרם,,,מנה חמה רייס נודלס ק,גרמים,55.00,100 גרם,false,1,9.90,18.00,true,1,
7290115203134,false,פופקו פופקורן במבה 80 גרם,,,פופקו פופקורן במבה 8,גרמים,80.00,100 גרם,false,1,5.70,7.13,true,1,
7290115203486,false,אסם פירורית בטעם ביסלי גריל 200 גרם,,,אסם פירורית בטעם ביס,גרמים,200.00,100 גרם,false,1,7.50,3.75,true,1,
7290115204995,false,לחמית ים תיכונית 160 גרם,,,לחמית ים תיכונית 160,גרמים,200.00,100 גרם,false,1,11.90,5.95,true,1,
7290115205176,false,פיטנס קרקר כפרי 140 גרם,,IL,פיטנס קרקר כפרי 140,גרמים,140.00,100 גרם,false,1,13.90,9.93,true,1,
7290115205312,false,פיטנס קרקר זיתים 140 גרם,,IL,פיטנס קרקר זיתים 140,גרמים,140.00,100 גרם,false,1,13.90,9.93,true,1,
7290115205527,false,פיטנס חטיף מולטגריין עם עדשים 25 גרם,,,פיטנס חטיף מולטגריין,גרמים,25.00,100 גרם,false,1,5.50,22.00,true,1,
7290115208009,false,סירופ ויטמינציק ענבים 1 ליטר,,,סירופ ויטמינציק ענבי,מיליליטרים,1000.00,"100 מ""ל",false,1,23.90,2.39,true,1,
7290115208047,false,סירופ ויטמינציק פטל 1 ליטר,,,סירופ ויטמינציק פטל,מיליליטרים,1000.00,"100 מ""ל",false,1,23.90,2.39,true,1,
7290115208344,false,אסם בייגלה כפיות שמנת בצל 300 גרם,,,אסם בייגלה כפיות שמנ,גרמים,300.00,100 גרם,false,1,11.90,3.97,true,1,
7290115208801,false,לחמית דבש ואגוזים 190 גרם,,,לחמית דבש ואגוזים 19,גרמים,190.00,100 גרם,false,1,11.90,6.26,true,1,
7290115250503,false,קרקר כוסמין שום ועשבי תיבול שקית 225 גרם,,IL,קרקר כוסמין שום ועשב,גרמים,225.00,100 גרם,false,1,27.90,12.40,true,1,
7290115250527,false,קרקר חומוס 225 גרם,,IL,קרקר חומוס 225 גרם,גרמים,225.00,100 גרם,false,1,27.90,12.40,true,1,
7290115252330,false,וירו מנת קינואה ספרדי 470 גרם,,,וירו מנת קינואה ספרד,גרמים,470.00,100 גרם,false,1,15.90,3.38,true,1,
7290115674743,false,Breadz פיתה מלח ים 170 ג 12 י,,US,Breadz פיתה מלח ים 1,גרמים,170.00,100 גרם,false,1,14.90,8.76,true,1,
7290115675696,false,קוואקר  אגוזים 375 גר 6 יח Cruesli,,,קוואקר  אגוזים 375 ג,גרמים,375.00,100 גרם,false,1,22.90,6.11,true,1,
7290116530185,false,דלישקד קרמל מלוח 400 גרם,,,דלישקד קרמל מלוח 400,גרמים,400.00,100 גרם,false,1,24.90,6.23,true,1,
7290116531557,false,מאגדת פתית פריכיות תירס דקות 150 גרם,,PL,מאגדת פתית פריכיות ת,גרמים,150.00,100 גרם,false,1,13.90,9.27,true,1,
7290116531564,false,מאגדת פתית פריכיות קינואה בזיליקום 150 ג,,PL,מאגדת פתית פריכיות ק,גרמים,150.00,100 גרם,false,1,13.90,9.27,true,1,
7290116930282,false,ארוחה בקטנה עם קרקרים 150 גרם,,,ארוחה בקטנה לאבנה עם,גרמים,150.00,100 גרם,false,1,8.50,5.67,true,1,
7290116930435,false,"יוגורט גו סמיך דובדבן 0% 200 מ""ל",,IL,יוגורט גו סמיך דובדב,מיליליטרים,200.00,"100 מ""ל",false,1,6.20,3.10,true,1,
7290116930466,false,"יופלה שייק מנגו בננה פסיפלורה והל 230 מ""",,,יופלה שייק מנגו בננה,מיליליטרים,230.00,"100 מ""ל",false,1,8.90,3.87,true,1,
7290116930626,false,ארוחה בקטנה ציזיקי עם קרקרים 150 גרם,,,ארוחה בקטנה ציזיקי ע,גרמים,150.00,100 גרם,false,1,8.50,5.67,true,1,
7290116930701,false,מעדן חלב go בטעם קרמל מלוח 120 גרם,,,מעדן חלב go בטעם קרמ,גרמים,120.00,100 גרם,false,1,5.40,4.50,true,1,
7290116931104,false,"יוגורט גו סמיך עם אננס 0% 200 מ""ל",,,יוגורט גו סמיך עם אנ,מיליליטרים,200.00,"100 מ""ל",false,1,6.20,3.10,true,1,
7290117260227,false,קפה טורקי אמיתי מטורקיה 100 גרם,,,קפה טורקי אמיתי מטור,גרמים,100.00,100 גרם,false,1,5.90,5.90,true,1,
7290117260890,false,פופקורן בציפוי בטעם קוקוס 90 גרם,,,פופקורן בציפוי בטעם,גרמים,90.00,100 גרם,false,1,8.80,9.78,true,1,
7290117261521,false,סלמון אטלנטי בשמן קנולה וילי פוד 120 גר,,LV,סלמון אטלנטי בשמן קנ,גרמים,120.00,100 גרם,false,1,14.90,12.42,true,1,
7290117262030,false,וופל שוקולד תפוזים וילי פוד 200 גר,,GR,וופל שוקולד תפוזים ו,גרמים,200.00,100 גרם,false,1,12.90,6.45,true,1,
7290117382318,false,חטיף חלבון מ.שוקולד מריר סלים דליס 60 גר,,IT,חטיף חלבון מ.שוקולד,גרמים,60.00,100 גרם,false,1,13.90,23.17,true,1,
7290117382332,false,חטיף חלבון מ.שוקו עוגיות סלים דליס 60 גר,,IT,חטיף חלבון מ.שוקו עו,גרמים,60.00,100 גרם,false,1,13.90,23.17,true,1,
7290117900949,false,בוטנים מצופים אמריקאים 250 גרם,,IL,בוטנים מצופים אמריקא,גרמים,250.00,100 גרם,false,1,10.90,4.36,true,1,
7290117900956,false,תערובת פיצוחים קלויים 180 גרם,,IL,תערובת פיצוחים קלויי,גרמים,180.00,100 גרם,false,1,15.90,8.83,true,1,
7290117900963,false,בוטנים קלויים 270 גרם,,IL,בוטנים קלויים 270 גר,גרמים,270.00,100 גרם,false,1,10.90,4.04,true,1,
7290117900987,false,אגוזי פקאן קלוף 140 גרם,,IL,אגוזי פקאן קלוף 140,גרמים,140.00,100 גרם,false,1,16.90,12.07,true,1,
7290117900994,false,פקאן סיני מסוכר 140 גרם,,IL,פקאן סיני מסוכר 140,גרמים,140.00,100 גרם,false,1,15.90,11.36,true,1,
7290117901007,false,פיסטוקים קלויים 130 גרם,,IL,פיסטוקים קלויים 130,גרמים,130.00,100 גרם,false,1,15.90,12.23,true,1,
7290117901038,false,אגוזי מלך קלופים 190 גרם,,IL,אגוזי מלך קלופים 190,גרמים,190.00,100 גרם,false,1,15.90,8.37,true,1,
7290117901045,false,בוטן רביולי 200 גרם,,IL,בוטן רביולי 200 גרם,גרמים,200.00,100 גרם,false,1,15.90,7.95,true,1,
7290117901168,false,מיקס אגוזים וחמוציות 250 גרם ששון הקולה,,,מיקס אגוזים וחמוציות,גרמים,250.00,100 גרם,false,1,20.00,8.00,true,1,
7290117901175,false,שקדים קלופים 250 גרם ששון הקולה,,,שקדים קלופים 250 גרם,גרמים,250.00,100 גרם,false,1,20.00,8.00,true,1,
7296082000035,false,ביצה פלוס 6 יח L,,,ביצה פלוס 6 יח L,Unknown,0.00,Unknown,false,1,14.90,14.90,true,1,
7296082000080,false,ביצי חופש 12 יח,,,ביצי חופש 12 יח,Unknown,0.00,Unknown,false,1,21.90,21.90,true,1,
7296082000134,false,ביצים רגילות 12 יח L,,,ביצים רגילות 12 יח L,Unknown,0.00,Unknown,false,1,12.05,12.05,true,1,
7296082000141,false,ביצים רגילות  12 יח M,,,ביצים רגילות  12 יח,Unknown,0.00,Unknown,false,1,11.15,11.15,true,1,
7296082000165,false,ביצים אורגניות 12 יח,,,ביצים אורגניות 12 יח,Unknown,0.00,Unknown,false,1,25.90,25.90,true,1,
7298087000959,false,וולטרן משחה 50 גרם,,,וולטרן משחה 50 גרם,גרמים,50.00,100 גרם,false,1,47.90,95.80,true,1,
7310511802301,false,דאיים מיני 200 גרם,,SE,דאיים מיני 200 גרם,Unknown,1.00,Unknown,false,1,16.90,16.90,true,1,
7312220016277,false,אנאס עוגיות דקות בטעם שקדים 150 גר,Annas Pepparkakor,SE,אנאס עוגיות דקות בטע,גרמים,150.00,100 גרם,false,1,12.90,8.60,true,1,
7332531063135,false,"ספריי לשיער סאיוס סרמיד לחיזוק  400 מ""ל",,,ספריי לשיער סאיוס,מיליליטרים,400.00,"100 מ""ל",false,1,37.00,9.25,true,1,
7393714507020,false,קופרברג סיידר תות ליים 4.5% בקבוק 330 מ,,SE,קופרברג סיידר תות לי,מיליליטרים,330.00,"100 מ""ל",false,1,9.50,2.88,true,1,
7393714509604,false,קופרברג סיידר תפוח 4.5% בקבוק 330 מ,,SE,קופרברג סיידר תפוח 4,מיליליטרים,330.00,"100 מ""ל",false,1,9.50,2.88,true,1,
7394376123337,false,משקה ש.שועל אורגני 1 ליטר,,,משקה ש.שועל אורגני 1,מיליליטרים,1000.00,"100 מ""ל",false,1,15.90,1.59,true,1,
7394376615825,false,משקה ש.שועל מועשר בסידן וויטמינים 1 ליטר,,,משקה ש.שועל מועשר בס,מיליליטרים,1000.00,"100 מ""ל",false,1,15.90,1.59,true,1,
7394376615832,false,משקה ש.שועל בטעם שוקולד 1 ליטר,,,משקה ש.שועל בטעם שוק,מיליליטרים,1000.00,"100 מ""ל",false,1,16.90,1.69,true,1,
7394376616778,false,משקה ש.שועל להקצפה בריסטה 1 ליטר,,,משקה ש.שועל להקצפה ב,מיליליטרים,1000.00,"100 מ""ל",false,1,16.90,1.69,true,1,
7394376620294,false,משקה ש.שועל בטעם וניל 1 ליטר,,,משקה ש.שועל בטעם וני,מיליליטרים,1000.00,"100 מ""ל",false,1,16.90,1.69,true,1,
7500162900000,false,"בירה סול  330 מ""ל בקבוק",,NL,"בירה סול  330 מ""ל בק",מיליליטרים,330.00,"100 מ""ל",false,1,7.50,2.27,true,1,
7501013101355,false,"גומקס נקטר אפרסק 473 מ""ל",,,גומקס נקטר אפרסק 473,מיליליטרים,473.00,"100 מ""ל",false,1,9.90,2.09,true,1,
7501013101362,false,"גומקס משקה קוקוס אננס 473 מ""ל",,,גומקס משקה קוקוס אננ,מיליליטרים,473.00,"100 מ""ל",false,1,9.90,2.09,true,1,
7501013122053,false,גומקס נקטר אפרסק קרטונית 1 ליטר,,,גומקס נקטר אפרסק קרט,מיליליטרים,1000.00,"100 מ""ל",false,1,11.70,1.17,true,1,
7501013122114,false,גומקס משקה אננס קרטונית 1 ליטר,,,גומקס משקה אננס קרטו,מיליליטרים,1000.00,"100 מ""ל",false,1,11.70,1.17,true,1,
7501013122190,false,גומקס משקה תפוחים קרטונית 1 ליטר,,,גומקס משקה תפוחים קר,מיליליטרים,1000.00,"100 מ""ל",false,1,11.70,1.17,true,1,
7501013122992,false,גומקס משקה קוקוס אננס קרטונית 1 ליטר,,,גומקס משקה קוקוס אננ,מיליליטרים,1000.00,"100 מ""ל",false,1,11.70,1.17,true,1,
7501049936945,false,"בירה  סול שישייה בקבוק 330 מ""ל",,NL,בירה  סול שישייה בקב,מיליליטרים,1980.00,"100 מ""ל",false,1,39.90,2.02,true,1,
7501064191466,false,"שישיית בירה קורונה 355 מ""ל בקבוק",,,שישיית בירה קורונה 3,מיליליטרים,2130.00,"100 מ""ל",false,1,35.90,1.69,true,1,
7610100034084,false,מיונז טומי 265 גר,,,מיונז טומי 265 גר,גרמים,265.00,100 גרם,false,1,13.90,5.25,true,1,
7610113011652,false,"בקרדי בריזר תפוח 275 מ""ל",,,בקרדי בריזר תפוח 275,מיליליטרים,275.00,"100 מ""ל",false,1,16.80,6.11,true,1,
7610400014649,false,לינדט שוקולד חלב 100 גרם,,,לינדט שוקולד חלב 100,גרמים,100.00,100 גרם,false,1,16.90,16.90,true,1,
7610400074155,false,לינדט שוקולד 60% 100 גרם,,,לינדט שוקולד 60% 100,גרמים,100.00,100 גרם,false,1,16.90,16.90,true,1,
7610400075770,false,לינדט לה גרנד מריר אגוז 150 גר,,,לינדט לה גרנד מריר א,גרמים,150.00,100 גרם,false,1,24.90,16.60,true,1,
7610400075787,false,לינדט לה גרנד חלב אגוזים 150 גר,,,לינדט לה גרנד חלב אג,גרמים,150.00,100 גרם,false,1,24.90,16.60,true,1,
7610400091060,false,לינדט שוקולד אקסלנס אורנגי 100 גרם,,,לינדט שוקולד אקסלנס,גרמים,100.00,100 גרם,false,1,17.90,17.90,true,1,
7610563208374,false,גרוייר שוויצרי פרוס 150 גר,,,גרוייר שוויצרי פרוס,גרמים,150.00,100 גרם,false,1,42.90,28.60,true,1,
7610700612934,false,ריקולה ס.קשות ללא סוכר בטעם חמוציות 45 ג,,CH,ריקולה ס.קשות ללא סו,גרמים,45.00,100 גרם,false,1,10.90,24.22,true,1,
7613030979647,false,דגנים טריקס פירות עולם היורה 480 גרם,,,דגנים טריקס פירות עו,גרמים,480.00,100 גרם,false,1,28.90,6.02,true,1,
7613032045753,false,פיטנס שוקולד 375 ג,,,פיטנס שוקולד 375 ג,גרמים,375.00,100 גרם,false,1,22.90,6.11,true,1,
7613035635845,false,פיטנס גרנולה שוקולד 300 גרם,,,פיטנס גרנולה שוקולד,גרמים,300.00,100 גרם,false,1,17.90,5.97,true,1,
7613036314114,false,נס קפה גולד 200 גרם,,,נס קפה גולד 200 גרם,גרמים,200.00,100 גרם,false,1,52.50,26.25,true,1,
7613037686906,false,דגני בוקר פיטנס שקדים ודבש  355 גרם,,,דגני בוקר פיטנס שקדי,גרמים,375.00,100 גרם,false,1,22.90,6.11,true,1,
7613039905920,false,סמרטיז שלישייה 102 גרם,,,סמרטיז שלישייה 102 ג,גרמים,102.00,100 גרם,false,1,11.90,11.67,true,1,
7613287182326,false,ויטמינציק בננה תפוח 110 גרם,,IL,ויטמינציק בננה תפוח,גרמים,110.00,100 גרם,false,1,5.90,5.36,true,1,
7613287182456,false,ויטמינציק אגס תפוח ובננה 110 גרם,,IL,ויטמינציק אגס תפוח ו,גרמים,110.00,100 גרם,false,1,5.90,5.36,true,1,
7613287325822,false,רוטב מיקס לחיץ 295 גרם אסם,,,רוטב מיקס לחיץ 295 ג,גרמים,295.00,100 גרם,false,1,16.90,5.73,true,1,
7613287525758,false,"פרייה מים מוגזים 500 מ""ל",,,פרייה מים מוגזים 500,מיליליטרים,500.00,"100 מ""ל",false,1,4.90,0.98,true,1,
7613287525789,false,"שישיית פרייה מים מוגזים 500 מ""ל",,,שישיית פרייה מים מוג,מיליליטרים,3000.00,"100 מ""ל",false,1,28.90,0.96,true,1,
7613287855640,false,סטארבקס קפסולות גוואטמלה 52 גרם,,,סטארבקס קפסולות גווא,גרמים,57.00,100 גרם,false,1,22.90,40.18,true,1,
7614500010310,false,טובלרון לבן 100 גר,,,טובלרון לבן 100 גר,גרמים,100.00,100 גרם,false,1,11.00,11.00,true,1,
7614500010617,false,טובלרון מריר 100 גרם,,,טובלרון מריר 100 גרם,גרמים,100.00,100 גרם,false,1,11.00,11.00,true,1,
7622200009084,false,מילקה שוקולד חלב ובסקוויט 300 גרם,,,מילקה שוקולד חלב ובס,גרמים,300.00,100 גרם,false,1,20.80,6.93,true,1,
7622201050757,false,שוקולד חלב עם קרמל מילקה  100 גרם,,,שוקולד חלב עם קרמל מ,גרמים,100.00,100 גרם,false,1,7.90,7.90,true,1,
7622201137052,false,מילקה מיני קוקיז 110 גרם,,ES,מילקה מיני קוקיז 110,גרמים,110.00,100 גרם,false,1,8.90,8.09,true,1,
7622201401900,false,עוגיות מילקה סנסיישן אוראו 156 גרם,,PL,עוגיות מילקה סנסיישן,גרמים,156.00,100 גרם,false,1,12.90,8.27,true,1,
7622201442880,false,טבלת קדבורי אוראו לבן 120 גרם,,GB,טבלת קדבורי אוראו לב,גרמים,120.00,100 גרם,false,1,10.90,9.08,true,1,
7622201500733,false,עוגיות אוראו רמיקס דאבל קרם קרמל וניל157,,ES,עוגיות אוראו רמיקס ד,גרמים,157.00,100 גרם,false,1,9.90,6.31,true,1,
7622201502515,false,מילקה קוקי לופ 132 גרם,,,מילקה קוקי לופ 132 ג,גרמים,132.00,100 גרם,false,1,12.90,9.77,true,1,
7622201787790,false,מילקה שוקולד שוקו קוקי 300 גרם,,,מילקה שוקולד שוקו קו,גרמים,300.00,100 גרם,false,1,20.80,6.93,true,1,
7622201802363,false,שוקולד מילקה  צימוק 100 גרם,,,שוקולד מילקה  צימוק,גרמים,100.00,100 גרם,false,1,7.90,7.90,true,1,
7622201802394,false,שוקולד מילקה חלב 100 גרם,,,שוקולד מילקה חלב 100,גרמים,100.00,100 גרם,false,1,7.90,7.90,true,1,
7622201811495,false,מילקה טריו 150 גרם,,CZ,מילקה טריו 150 גרם,גרמים,150.00,100 גרם,false,1,13.90,9.27,true,1,
7622201813390,false,עוגיות מילקה וואפל במילוי קרם קקאו 150 ג,,,עוגיות מילקה וואפל ב,גרמים,150.00,100 גרם,false,1,12.90,8.60,true,1,
7622201819170,false,מילקה דרק שקדים 85  גרם,,DE,מילקה דרק שקדים 85,גרמים,85.00,100 גרם,false,1,8.50,10.00,true,1,
7622201819408,false,מילקה דרק קרמל 85 גרם,,DE,מילקה דרק קרמל 85 גר,גרמים,85.00,100 גרם,false,1,8.50,10.00,true,1,
7622210078131,false,שוקולד חלב עם דאיים מילקה 100 גרם,,,שוקולד חלב עם דאיים,גרמים,100.00,100 גרם,false,1,7.90,7.90,true,1,
7622210275516,false,מילקה שוקולד ביסקוויטים 300 גרם,,DE,מילקה שוקולד ביסקווי,גרמים,300.00,100 גרם,false,1,20.80,6.93,true,1,
7622210392589,false,טובלרון טייני חלב 200 גרם,,,טובלרון טייני חלב 20,גרמים,200.00,100 גרם,false,1,19.80,9.90,true,1,
7622210453327,false,עוגיות מילקה סנסיישן 156 גרם,,,מילקה סנסיישן 156 גר,גרמים,100.00,100 גרם,false,1,12.90,12.90,true,1,
7622210464729,false,אוראו גולדן 154 גרם,,UA,אוראו גולדן 154 גרם,גרמים,154.00,100 גרם,false,1,8.90,5.78,true,1,
7622210497383,false,קדבורי שוקולד חלב 95 גרם,,GB,קדבורי שוקולד חלב 95,גרמים,95.00,100 גרם,false,1,13.70,14.42,true,1,
7622210585639,false,מילקה כדורי ש.חלב במילוי אוראו 86 גרם,,DE,מילקה כדורי ש.חלב במ,גרמים,86.00,100 גרם,false,1,10.90,12.67,true,1,
7622210635105,false,אוראו תות 154 גרם,,UA,אוראו תות 154 גרם,גרמים,154.00,100 גרם,false,1,8.90,5.78,true,1,
7622210638021,false,אוראו ביס קראנצי ציפוי שוקולד 110 גרם,,ES,אוראו ביס קראנצי ציפ,גרמים,110.00,100 גרם,false,1,8.90,8.09,true,1,
7622210644817,false,קדבורי פירות יבשים ואגוזים 110 גרם,,,קדבורי פירות יבשים ו,גרמים,110.00,100 גרם,false,1,11.90,10.82,true,1,
7622210690852,false,מילקה טריוולד 280 גרם,,,מילקה טריוולד 280 גר,גרמים,280.00,100 גרם,false,1,20.80,7.43,true,1,
7622210702555,false,מילקה שוקולד אגוזים שלמים 270 גרם,,DE,מילקה שוקולד אגוזים,גרמים,270.00,100 גרם,false,1,20.80,7.70,true,1,
7622210826053,false,שוקולד מילקה אוראו סנדביץ 92 גר,,DE,שוקולד מילקה אוראו ס,גרמים,92.00,100 גרם,false,1,7.90,8.59,true,1,
7622210835338,false,אוראו בראוניז 176 גר,,,אוראו בראוניז 176 גר,גרמים,176.00,100 גרם,false,1,10.90,6.19,true,1,
7622300270506,false,עוגיות ש.שועל מצופות שוקולד 168 גר מילקה,,,עוגיות ש.שועל מצופות,גרמים,168.00,100 גרם,false,1,12.90,7.68,true,1,
7622300340285,false,גבינת פילדלפיה 22% 175 גר,,,גבינת פילדלפיה 22%,גרמים,175.00,100 גרם,false,1,17.90,10.23,true,1,
7622300340292,false,גבינת פילדלפיה 11% 175 גר,,,גבינת פילדלפיה 11%,גרמים,175.00,100 גרם,false,1,17.90,10.23,true,1,
7622300356767,false,עוגיות עם גרנולה ושוקולד 168 גר מילקה,,,עוגיות עם גרנולה ושו,גרמים,168.00,100 גרם,false,1,12.90,7.68,true,1,
7622300489427,false,אוראו פאג שוקולד לבן 246 גרם,,,אוראו פאג שוקולד לבן,גרמים,246.00,100 גרם,false,1,19.90,8.09,true,1,
7622300489434,false,אוראו פאדג שוקולד חלב 246 גרם,,,אוראו פאדג שוקולד חל,גרמים,246.00,100 גרם,false,1,19.90,8.09,true,1,
7622300495046,false,שוקולד מילקה אקסטרה קקאו 100 גרם,,,שוקולד מילקה אקסטרה,גרמים,100.00,100 גרם,false,1,7.90,7.90,true,1,
7622300503079,false,ביסקוויט מצופה שוקולד חלב 200 גר מילקה,,,ביסקוויט מצופה שוקול,גרמים,200.00,100 גרם,false,1,12.90,6.45,true,1,
7622300617820,false,שוקולד מילקה אוראו 100 גרם,,,שוקולד מילקה אוראו 1,גרמים,100.00,100 גרם,false,1,7.90,7.90,true,1,
7622300756413,false,גבינת פילדלפיה 20% עם תבלינים 175 גר,,,גבינת פילדלפיה 20%,גרמים,175.00,100 גרם,false,1,17.90,10.23,true,1,
7630311507016,false,סטארבקס קפסולות סאני דיי 57 ג,,,סטארבקס קפסולות סאני,גרמים,57.00,100 גרם,false,1,22.90,40.18,true,1,
7630477891592,false,סטארבקס קפסולות האוס בלנד 57 גרם,,,סטארבקס קפסולות האוס,גרמים,57.00,100 גרם,false,1,22.90,40.18,true,1,
7630477891615,false,סטארבקס קפסולות סומטרה 55 גרם,,,סטארבקס קפסולות סומט,גרמים,55.00,100 גרם,false,1,22.90,41.64,true,1,
7630477891691,false,סטארבקס קפסולות קולומביה 57 גרם,,,סטארבקס קפסולות קולו,גרמים,57.00,100 גרם,false,1,22.90,40.18,true,1,
7630477891714,false,סטארבקס קפסולות אספרסו 57 גרם,,,סטארבקס קפסולות אספר,גרמים,57.00,100 גרם,false,1,22.90,40.18,true,1,
7702018482740,false,סכיני גילוח חד פעמי 5 יח  VENUS SIMPLY,,,סכיני גילוח חד פעמי,יחידה,1.00,יחידה,false,1,9.90,9.90,true,1,
7702024258322,false,פיטנס חטיפי קרקר ציה ופשתן 234 גר,,,פיטנס חטיפי קרקר ציה,גרמים,234.00,100 גרם,false,1,13.90,5.94,true,1,
7790240072150,false,טרפיצה קברנה סובניון 750 מל-יין אדום,,,טרפיצה קברנה סובניון,Unknown,0.00,Unknown,false,1,46.90,46.90,true,1,
7790240072808,false,יין אדום טרפיצה מלבק סדרת OAK CASK,,,יין אדום טרפיצה מלבק,Unknown,0.00,Unknown,false,1,61.90,61.90,true,1,
7790240090192,false,יין טרפיצה ברוקל קברנה סובניון  750 מל,,,יין טרפיצה ברוקל קבר,Unknown,0.00,Unknown,false,1,76.90,76.90,true,1,
7790240094442,false,"יין טרפיצה פיור מלבק 750 מ""ל",,AR,יין טרפיצה פיור מלבק,מיליליטרים,750.00,"100 מ""ל",false,1,60.90,8.12,true,1,
7790762000686,false,סנטה אנה שיראז 750 מל,,,סנטה אנה שיראז 750 מ,Unknown,0.00,Unknown,false,1,41.90,41.90,true,1,
7790762000693,false,סנטה אנה שרדונה 750 מל,,,סנטה אנה שרדונה 750,Unknown,0.00,Unknown,false,1,41.90,41.90,true,1,
7790762001287,false,סנטה אנה קברנה סובניון 750 מל,,,סנטה אנה קברנה,Unknown,0.00,Unknown,false,1,41.90,41.90,true,1,
7790762050117,false,סנטה אנה לה מסקוטה ק.סוביניון 750 מל,,,סנטה אנה לה מסקוטה,Unknown,0.00,Unknown,false,1,73.90,73.90,true,1,
7791875005353,false,הוואנה דולצה דה לצה 450 גרם,,,ריבת חלב הוואנה דולצ,גרמים,450.00,100 גרם,false,1,21.90,4.87,true,1,
7792860006218,false,בייבי דול לקקן 24 גרם,,,לקקן בייבי דול 24 גר,גרמים,24.00,100 גרם,false,1,2.10,8.75,true,1,
7798304600042,false,אוכמניות,,,אוכמניות,Unknown,0.00,Unknown,false,1,24.90,24.90,true,1,
8000070038868,false,קפה לוואצה קלוי וטחון חוזק 8 קלאסיקו 250 גר,,IT,לוואצה חוזק 8 קרמה ג,גרמים,250.00,100 גרם,false,1,35.90,14.36,true,1,
8000070053465,false,קפסולות לוואצה אורו חוזק 8 10 יח,,IT,קפסולות לוואצה אורו,יחידה,1.00,יחידה,false,1,22.90,22.90,true,1,
8000070053472,false,קפסולות לוואצה קרמה גוסטו קלאסיקו חוזק12,,IT,קפסולות לוואצה קרמה,יחידה,1.00,יחידה,false,1,22.90,22.90,true,1,
8000070053502,false,קפסולות לוואצה נטול קפאין חוזק 7 10 יח,,IT,קפסולות לוואצה נטול,יחידה,1.00,יחידה,false,1,22.90,22.90,true,1,
8000113003402,false,"קמח תירס בואקום 1 ק""ג",,,"קמח תירס בואקום 1 ק""",גרמים,1000.00,100 גרם,false,1,16.90,1.69,true,1,
8000139000942,false,פסטה גרפולו לומצינה 500 גרם,,,פסטה גרפולו לומקינה,גרמים,500.00,100 גרם,false,1,14.20,2.84,true,1,
8000139910173,false,פסטה גרפולו אורזו 500 גרם,,,פסטה גרפולו אורזו 50,גרמים,500.00,100 גרם,false,1,14.20,2.84,true,1,
8000139910197,false,פסטה גרפולו ריגטוני 500 גרם,,,פסטה גרפולו ריגטוני,גרמים,500.00,100 גרם,false,1,14.20,2.84,true,1,
8000139910227,false,פסטה גרפולו פוזילי 500 גרם,,,פסטה גרפולו פוזילי 5,גרמים,500.00,100 גרם,false,1,14.20,2.84,true,1,
8000139910234,false,פסטה גרפולו פנה ריגטה 500 גר,,,פסטה גרפולו פנה ריגט,גרמים,500.00,100 גרם,false,1,14.20,2.84,true,1,
8000139910265,false,פסטה ראדיאטורי גרפולו 500 גר,,,פסטה ראדיאטורי גרפול,גרמים,500.00,100 גרם,false,1,14.20,2.84,true,1,
8000139910272,false,פסטה גרפולו פפרדלה נידו 500 גר,,,פסטה גרפולו פפרדלה נ,גרמים,500.00,100 גרם,false,1,15.40,3.08,true,1,
8000139910289,false,פסטה טליאטלה גרפולו 500 גר,,,פסטה גרפולו טליאטלה,גרמים,500.00,100 גרם,false,1,15.40,3.08,true,1,
8000139910357,false,פסטה לומאקוני גרפולו 500 גרם,,,פסטה לומאקוני גארופא,גרמים,500.00,100 גרם,false,1,15.40,3.08,true,1,
8000139910432,false,פסטה גרפולו פטוציה 500 גרם,,,פסטה גרפולו פטוציה 5,גרמים,500.00,100 גרם,false,1,14.20,2.84,true,1,
8000139920875,false,ניוקי תפוח אדמה גרפולו 500 גרם,,,ניוקי תפוח אדמה גרפו,גרמים,500.00,100 גרם,false,1,15.40,3.08,true,1,
8000139929687,false,ספגטי ללא גלוטן 400 גר,,,ספגטי ללא גלוטן 400,גרמים,400.00,100 גרם,false,1,16.70,4.18,true,1,
8000215204219,false,משקה אורז - אורגני 1 ליטר,,,משקה אורז - אורגני 1,מיליליטרים,1000.00,"100 מ""ל",false,1,15.90,1.59,true,1,
8000215204240,false,משקה שקדים ואורז - אורגני 1 ליטר,,,משקה שקדים ואורז - א,מיליליטרים,1000.00,"100 מ""ל",false,1,15.90,1.59,true,1,
8000215204271,false,ויטריז - משקה שקדים ואורז אישי 200 גר,,,ויטריז - משקה שקדים,מיליליטרים,200.00,"100 מ""ל",false,1,4.90,2.45,true,1,
8000215204394,false,משקה אגוזי לוז ואורז אורגני 1 ליטר,,,משקה אגוזי לוז ואורז,מיליליטרים,1000.00,"100 מ""ל",false,1,19.90,1.99,true,1,
8000215204677,false,משקה ש.שועל בריסטה אורגני 1 ליטר ויטריז,,,משקה ש.שועל בריסטה א,מיליליטרים,1000.00,"100 מ""ל",false,1,15.90,1.59,true,1,
8000215204714,false,משקה שיבולת שועל אורגני 1 ליטר PRIMAVENA,,,משקה שיבולת שועל אור,מיליליטרים,1000.00,"100 מ""ל",false,1,15.90,1.59,true,1,
8000320010026,false,עגבניות תמר מקולפות CIRIO 400 גר,,IT,עגבניות תמר מקולפות,גרמים,400.00,100 גרם,false,1,7.90,1.98,true,1,
8000380004669,false,וופל שוקולד לואקר 200 גרם,,,וופל שוקולד לואקר 20,גרמים,200.00,100 גרם,false,1,15.90,7.95,true,1,
8000380004676,false,וופל וניל 200 גרם,,,וופל וניל 200 גרם,גרמים,200.00,100 גרם,false,1,15.90,7.95,true,1,
8000380004966,false,וופל קוארדטיני קקאו 250 גרם,,,וופל קוארדטיני קקאו,גרמים,250.00,100 גרם,false,1,15.90,6.36,true,1,
8000380007257,false,וופל גרדנה אגוז 200 גרם,,,וופל גרדנה אגוז 200,גרמים,200.00,100 גרם,false,1,15.90,7.95,true,1,
8000380142484,false,קואדרטיני שוקולד מריר 250 גר,,,קואדרטיני שוקולד מרי,גרמים,250.00,100 גרם,false,1,15.90,6.36,true,1,
8000380144044,false,וופל גרדנה שוקולד 200 גרם,,,וופל גרדנה שוקולד 20,גרמים,200.00,100 גרם,false,1,15.90,7.95,true,1,
8000380180745,false,לואקר קוביות וופל קקאו עם קרם חלבי 250 ג,,,לואקר קוביות וופל קק,גרמים,250.00,100 גרם,false,1,15.90,6.36,true,1,
8000380201396,false,שוקולד חלב ממולא קרם קרמל ועלי וופל פריכ,,,שוקולד חלב ממולא קרם,גרמים,125.00,100 גרם,false,1,18.90,15.12,true,1,
8000500023976,false,בונבוניירה רפאלו 150 גרם,,,בונבוניירה רפאלו 150,גרמים,150.00,100 גרם,false,1,19.90,13.27,true,1,
8000500026731,false,שלישיית ביצי הפתעה קינדר 60 גר,,,שלישיית ביצי הפתעה ק,גרמים,60.00,100 גרם,false,1,16.00,26.67,true,1,
8000500028124,false,קינדר גוי מארז 1/3,,ZA,ביצת הפתעה קינדר גוי,גרמים,60.00,100 גרם,false,1,15.90,26.50,true,1,
8000500029350,false,שלישייה קינדר בואנו חלב 129 גרם,,,שלישייה קינדר בואנו,גרמים,129.00,100 גרם,false,1,12.90,10.00,true,1,
8000500037874,false,בונבוניירה פררו רושה 200 גרם,,,בונבוניירה פררו רושה,גרמים,200.00,100 גרם,false,1,26.90,13.45,true,1,
8000500071083,false,קינדר שוקולד מארז 200 גרם,,,קינדר שוקולד מארז 20,גרמים,200.00,100 גרם,false,1,14.50,7.25,true,1,
8000500075708,false,קינדר גוי כחול מארז 3*20 גר,,,קינדר גוי כחול מארז,גרמים,60.00,100 גרם,false,1,15.90,26.50,true,1,
8000500121436,false,שלישייה קינדר בואנו לבן 129 גרם,,,שלישייה קינדר בואנו,גרמים,129.00,100 גרם,false,1,12.90,10.00,true,1,
8000500167656,false,קינדר שוקולד עם דגנים 94 גר,,IT,קינדר שוקולד עם דגני,גרמים,94.00,100 גרם,false,1,9.30,9.89,true,1,
8000500227848,false,וופל נוטלה בי רדי שישייה 132 גרם,,IT,וופל נוטלה בי רדי שי,גרמים,132.00,100 גרם,false,1,13.90,10.53,true,1,
8000500256213,false,קינדר שוקולד מיני 120 גרם,,IT,קינדר שוקולד מיני 12,גרמים,120.00,100 גרם,false,1,12.50,10.42,true,1,
8000500267103,false,עוגת קינדר דליס 390 גר,,IT,עוגת קינדר דליס 390,גרמים,390.00,100 גרם,false,1,21.90,5.62,true,1,
8000500269169,false,קינדר קארדס חמישייה 128 גרם,,IT,וופל קינדר קארדס 128,גרמים,128.00,100 גרם,false,1,14.90,11.64,true,1,
8000500384664,false,מאגדת גלידה קינדר בואנו רביעייה 284 גרם,,DE,מאגדת גלידה קינדר בו,גרמים,284.00,100 גרם,false,1,36.90,12.99,true,1,
8000500384718,false,מאגדת גלידה קינדר בואנו שוקולד לבן רביעי,,DE,מאגדת גלידה קינדר בו,גרמים,284.00,100 גרם,false,1,36.90,12.99,true,1,
8000500392027,false,קינדר מיני ביצים אגוזי לוז 85 גרם,,,קינדר מיני ביצים אגו,גרמים,85.00,100 גרם,false,1,18.90,22.24,true,1,
8000570812708,false,"יין מבעבע מרטיני רוזה 750 מ""ל",,,מבעבע מרטיני רוזה,Unknown,0.00,Unknown,false,1,76.90,76.90,true,1,
8000895003379,false,עוגיות רכות עם שקדים 175 גרם SAPORI,,,עוגיות רכות עם שקדים,גרמים,175.00,100 גרם,false,1,18.40,10.51,true,1,
8001090364104,false,G&E משחת שיניים אורל בי  אוריגינל,,,G&E משחת שיניים אורל,יחידה,1.00,יחידה,false,1,19.90,19.90,true,1,
8001090721099,false,קפסולות לכביסה אריאל פודש 27 יח,,FR,קפסולות לכביסה אריאל,Unknown,0.00,Unknown,false,1,36.90,36.90,true,1,
8001090802385,false,קפסולות גל לכביסה טייד בניחוח לנור 26 יח,,FR,קפסולות גל לכביסה טי,Unknown,0.00,Unknown,false,1,34.90,34.90,true,1,
8001090832535,false,"שמפו פנטן שמן מרוקאי משקם 660 מ""ל",,,שמפו פנטן שמן מרוקאי,מיליליטרים,660.00,"100 מ""ל",false,1,23.90,3.62,true,1,
8001090833136,false,גל כביסה אריאל בייבי 2.255 ליטר,,FR,גל כביסה אריאל בייבי,ליטרים,0.00,ליטר,false,1,36.90,36.90,true,1,
8001090833228,false,גל כביסה אריאל קולור 2.365 ליטר,,FR,גל כביסה אריאל קולור,ליטרים,0.00,ליטר,false,1,36.90,36.90,true,1,
8001090899194,false,תחבושות אולוויז פלטינום נורמל 24 יח,,DE,תחבושות אולוויז פלטי,Unknown,0.00,Unknown,false,1,27.20,27.20,true,1,
8001100050546,false,עוגת פנטונה עם צימוקים וקליפות תפו 500 ג,,,עוגת פנטונה עם צימוק,גרמים,500.00,100 גרם,false,1,31.90,6.38,true,1,
8001100051055,false,עוגת פנטונה עם צימוקים בציפוי אגוזי 750ג,,,עוגת פנטונה עם צימוק,גרמים,750.00,100 גרם,false,1,47.50,6.33,true,1,
8001100059198,false,עוגת פנטונה בלוקו 100 גרם,,,עוגת פנטונה בלוקו,Unknown,0.00,Unknown,false,1,15.40,15.40,true,1,
8001100062518,false,פנטונה 750 גרם PANDORO פח,,,פנטונה 750 גרם PANDO,גרמים,750.00,100 גרם,false,1,64.90,8.65,true,1,
8001100064802,false,עוגת סאן סירו 500 גרם,,IT,עוגת סאן סירו 500 גר,גרמים,500.00,100 גרם,false,1,27.90,5.58,true,1,
8001160000888,false,"גטורייד ספורט תפוז 500 מ""ל",,,גטורייד ספורט תפוז 5,מיליליטרים,500.00,"100 מ""ל",false,1,12.90,2.58,true,1,
8001160001786,false,"גטורייד ספורט כחול 500 מ""ל",,,גטורייד ספורט כחול 5,מיליליטרים,500.00,"100 מ""ל",false,1,12.90,2.58,true,1,
8001160001892,false,"גטורייד ספורט תפוז אדום 500 מ""ל",,,גטורייד ספורט תפוז א,מיליליטרים,500.00,"100 מ""ל",false,1,12.90,2.58,true,1,
8001200023808,false,פסטה אליציה צבעוני 500 גר Agnesi,,,פסטה אליציה צבעוני 5,גרמים,500.00,100 גרם,false,1,8.80,1.76,true,1,
8001200039014,false,פסטה פנה חיטה מלאה 500 גר Agnesi,,,פסטה פנה חיטה מלאה 5,גרמים,500.00,100 גרם,false,1,14.20,2.84,true,1,
8001200045190,false,פסטה אליציה מס.56 500 גר Agnesi,,,פסטה אליציה מס.56 50,גרמים,500.00,100 גרם,false,1,8.80,1.76,true,1,
8001200045299,false,פסטה פנה ריגטה 500 גר Agnesi,,IT,פסטה פנה ריגטה 500 ג,גרמים,500.00,100 גרם,false,1,8.80,1.76,true,1,
8001200045350,false,פסטה ניוקי 500 גר Agnesi,,IT,פסטה ניוקי 500 גר Ag,גרמים,500.00,100 גרם,false,1,8.80,1.76,true,1,
8001200045473,false,פסטה ריגטוני 500 גר Agnesi,,,פסטה ריגטוני 500 גר,גרמים,500.00,100 גרם,false,1,8.80,1.76,true,1,
8001200045831,false,פסטה פארפלה מס.61 500 גר Agnesi,,IT,פסטה פארפלה מס.61 50,גרמים,500.00,100 גרם,false,1,8.80,1.76,true,1,
8001387077106,false,קונטיזקה קאנטלופי פרימיטיבו סאלנטו 750 מ,,IT,קונטיזקה קאנטלופי פר,מיליליטרים,750.00,"100 מ""ל",false,1,60.90,8.12,true,1,
8001440118944,false,עגבניות פולפה 3*400 גר CIRIO,,IT,עגבניות פולפה 3*400,קילוגרמים,0.00,"ק""ג",false,1,15.90,15.90,true,1,
8001440134487,false,עגבניות שרי מקולפות 400 גר CIRIO,,IT,עגבניות שרי מקולפות,גרמים,400.00,100 גרם,false,1,10.90,2.73,true,1,
8001505000160,false,מעדן דובדבנים אורגני 250 גר FIORDIFRUTT,,,מעדן דובדבנים אורגני,גרמים,250.00,100 גרם,false,1,23.90,9.56,true,1,
8001505003963,false,ממרח אגוזי לוז קראנצי אורגני 270 גרם,,,ממרח אגוזי לוז קראנצ,גרמים,270.00,100 גרם,false,1,25.50,9.44,true,1,
8001620011935,false,"שישיית סאן בנדטו מוגז עדין 500 מ""ל",,,שישיית סאן בנדטו מוג,מיליליטרים,1500.00,"100 מ""ל",false,1,14.90,0.99,true,1,
8001620017449,false,"בנדטו שישייה 500 מ""ל פקק ספורט",,,"בנדטו שישייה 500 מ""ל",מיליליטרים,500.00,"100 מ""ל",false,1,3.50,0.70,true,1,
8001620017456,false,"סאן בנדטו שישייה 500 מ""ל פקק ספורט",,,סאן בנדטו שישייה 500,מיליליטרים,3000.00,"100 מ""ל",false,1,16.90,0.56,true,1,
8001637404195,false,גורגונזולה דולצה 150 גרם,,,גורגונזולה דולצה 150,גרמים,150.00,100 גרם,false,1,43.90,29.27,true,1,
8001841053806,false,תחבושות אולוויז עבות ללילה 9 יח,,DE,תחבושות אולוויז עבות,Unknown,0.00,Unknown,false,1,13.50,13.50,true,1,
8001841062624,false,מגבוני פמפרס פרש ללא בישום רביעייה,,DE,מגבוני פמפרס פרש ללא,יחידה,1.00,יחידה,false,1,21.90,21.90,true,1,
8001841625188,false,"נוזל כלים פיירי פלטינום לימון 515 מ""ל",,GB,נוזל כלים פיירי פלטי,מיליליטרים,515.00,"100 מ""ל",false,1,12.50,2.43,true,1,
8001841625461,false,"נוזל כלים פיירי פלטינום אורגינל 515 מ""ל",,GB,נוזל כלים פיירי פלטי,מיליליטרים,515.00,"100 מ""ל",false,1,12.50,2.43,true,1,
8001841669465,false,קפסולות לכביסה אריאל 24 יח בניחוח לנור,,FR,קפסולות לכביסה אריאל,Unknown,0.00,Unknown,false,1,36.90,36.90,true,1,
8001841893990,false,טבליות למדיח פלטינום פיירי 37 יחידות,,,טבליות למדיח פלטינום,יחידה,1.00,יחידה,false,1,43.90,43.90,true,1,
8001841958460,false,טבליות למדיח פיירי 48 יח,,BE,טבליות למדיח פיירי 4,יחידה,1.00,יחידה,false,1,43.90,43.90,true,1,
8002200145668,false,קפה קימבו נאפולי קפסולות 10 יח,,,קפה קימבו נאפולי קפס,Unknown,0.00,Unknown,false,1,19.80,19.80,true,1,
8002200145675,false,קפה קימבו ארמוניה קפסולות 10 יח,,,קפה קימבו ארמוניה קפ,Unknown,0.00,Unknown,false,1,19.80,19.80,true,1,
8002270166587,false,שישייה סאן פלגרינו פלסט 1 ליטר,,,שישייה סאן פלגרינו פ,ליטרים,0.01,ליטר,false,1,52.90,5290.00,true,1,
8002270216800,false,סאן פלגרינו בטעם לימון 500 מ,,,סאן פלגרינו בטעם לימ,מיליליטרים,500.00,"100 מ""ל",false,1,6.90,1.38,true,1,
8002270236792,false,שישיית סאן פלגרינו לימון 500 גר,,,שישיית סאן פלגרינו ל,מיליליטרים,3000.00,"100 מ""ל",false,1,32.90,1.10,true,1,
8002270236808,false,סאן פלגרינו בטעם תפוז אדום ופטל 500 מ,,,סאן פלגרינו בטעם תפו,מיליליטרים,500.00,"100 מ""ל",false,1,6.90,1.38,true,1,
8002270436581,false,"שישיית מים סאן פלגרינו פלסט 500 מ""ל",,,שישיית מים סאן פלגרי,מיליליטרים,3000.00,"100 מ""ל",false,1,27.90,0.93,true,1,
8002270846472,false,מים סאן פלגרינו פלסט 500 מל,,,מים סאן פלגרינו פלסט,מיליליטרים,500.00,"100 מ""ל",false,1,5.90,1.18,true,1,
8002270866524,false,סאן פלגרינו 1 ליטר,,,סאן פלגרינו 1 ליטר,מיליליטרים,1000.00,"100 מ""ל",false,1,9.90,0.99,true,1,
8002305009506,false,רוקה דלה מאציה קיאנטי קלאסיקו 750 מל,,,רוקה דלה מאציה קיאנט,Unknown,0.00,Unknown,false,1,94.90,94.90,true,1,
8002590012915,false,קרקר מלוח 250 גרם COLUSSI,,,קרקר מלוח 250 גרם CO,גרמים,250.00,100 גרם,false,1,7.60,3.04,true,1,
8002590017514,false,קרקר רוזמרין ושמן זית 250 גרם COLUSSI,,,קרקר רוזמרין ושמן זי,גרמים,250.00,100 גרם,false,1,8.90,3.56,true,1,
8002590017538,false,קרקר חיטה מלאה 250 גרם COLUSSI,,,קרקר חיטה מלאה 250 ג,גרמים,250.00,100 גרם,false,1,7.60,3.04,true,1,
8003294931557,false,פילה מקרל 150 גר,,,פילה מקרל 150 גר,גרמים,150.00,100 גרם,false,1,33.90,22.60,true,1,
8003340091280,false,בונבוניירה לינדור60% 200 גרם,,,בונבוניירה לינדור60%,גרמים,200.00,100 גרם,false,1,34.90,17.45,true,1,
8003410249313,false,שרוול תערובת קפה אינטנסו עוצמה 12,,IT,שרוול תערובת קפה סגפ,גרמים,11.00,100 גרם,false,1,21.90,199.09,true,1,
8004030044005,false,טונה בשמן זית ריו מרה 160 גרם,,,טונה בשמן זית ריו מר,גרמים,160.00,100 גרם,false,1,18.70,11.69,true,1,
8004030081024,false,טונה בשמן זית שום ופלפל ריו מרה 160 גרם,,,טונה בשמן זית שום ופ,גרמים,160.00,100 גרם,false,1,18.70,11.69,true,1,
8004030180000,false,טונה בשמן זית כתית ריו מרה 3*80 גרם,,,טונה בשמן זית כתית ר,גרמים,240.00,100 גרם,false,1,33.50,13.96,true,1,
8004275058775,false,שמן זית כתית מעולה 500 מל CIRIO,,,שמן זית כתית מעולה 5,מיליליטרים,500.00,"100 מ""ל",false,1,28.20,5.64,true,1,
8004275058942,false,"שמן זית כתית מעולה 750 מ""ל CIRIO",,,שמן זית כתית מעולה 7,מיליליטרים,750.00,"100 מ""ל",false,1,39.90,5.32,true,1,
8004275059543,false,"חומץ בלסמי ממודנה גלייז 250 מ""ל CIRIO",,,חומץ בלסמי ממודנה,מיליליטרים,250.00,"100 מ""ל",false,1,21.90,8.76,true,1,
8004275059895,false,"חומץ בן יין לבן 500 מ""ל CIRIO",,,חומץ בן יין לבן 500,מיליליטרים,500.00,"100 מ""ל",false,1,16.70,3.34,true,1,
8004275080509,false,"CIRIO שמן זית אורגני כתית מעולה 500 מ""ל",,IT,CIRIO שמן זית אורגני,מיליליטרים,500.00,"100 מ""ל",false,1,42.90,8.58,true,1,
8004800004826,false,וופלים לאגו פלאסיר קרם קוקוס 98 גר,,,וופלים לאגו פלאסיר ק,גרמים,98.00,100 גרם,false,1,12.90,13.16,true,1,
8004800005526,false,גלילי ופל לאגו מיני רול קרם קוקוס 125 גר,,,גלילי ופל לאגו מיני,גרמים,125.00,100 גרם,false,1,11.90,9.52,true,1,
8005085719429,false,קריספו-צימוקים מצופים שוקולד מריר 150 גר,,IT,קריספו-צימוקים מצופי,גרמים,150.00,100 גרם,false,1,13.90,9.27,true,1,
8005110002243,false,רכז עגבניות DOPPIO בשפופרת 185 גרם,,,רכז עגבניות DOPPIO ב,גרמים,185.00,100 גרם,false,1,8.90,4.81,true,1,
8005110170300,false,POLPA עגבניות חתוכות דק 400X3 גרם MUTTI,,,POLPA עגבניות חתוכות,גרמים,400.00,100 גרם,false,1,19.90,4.98,true,1,
8005110171215,false,POLPAPEZZI עגבניות חתוכות 690 גרם MUTTI,,,POLPAPEZZI עגבניות ח,גרמים,500.00,100 גרם,false,1,16.90,3.38,true,1,
8005110191015,false,רסק עגבניות ובזיליקום 700 גרם,,,רסק עגבניות ובזיליקו,גרמים,500.00,100 גרם,false,1,14.90,2.98,true,1,
8005110550508,false,עגבניות שרי 400 גרם MUTTI,,,עגבניות שרי 400 גרם,מיליליטרים,400.00,"100 מ""ל",false,1,12.25,3.06,true,1,
8005200256587,false,נסטי בטעם אפרסק 1.5 ליטר,,IL,נסטי בטעם אפרסק 1.5,ליטרים,0.00,ליטר,false,1,9.00,9.00,true,1,
8005200286584,false,נסטי בטעם מנגו אננס 1.5 ליטר,,IL,נסטי בטעם מנגו אננס,ליטרים,0.00,ליטר,false,1,9.00,9.00,true,1,
8005200486526,false,"נסטי בטעם אפרסק 500 מ""ל",,,נסטי בטעם אפרסק 500,מיליליטרים,500.00,"100 מ""ל",false,1,6.50,1.30,true,1,
8005390002667,false,יין פרוסקו ברוט 750 מל,,,יין פרוסקו ברוט 750,Unknown,0.00,Unknown,false,1,60.90,60.90,true,1,
8005390036099,false,סרטורי מרלו 750 מל,,,וילה מורה מרלו 750 מ,Unknown,0.00,Unknown,false,1,40.90,40.90,true,1,
8005390046579,false,"סרטורי, פינו גריגיו רוזה, לאב סטורי 750מ",,,סרטורי פינו גריגיו,Unknown,0.00,Unknown,false,1,52.90,52.90,true,1,
8005390080993,false,יין וילה מורה רוזה 750 מל,,,יין וילה מורה רוזה 7,Unknown,0.00,Unknown,false,1,40.90,40.90,true,1,
8005390083291,false,יין סרטורי וילה מורה פינו ביאנקו 750 מל,,,יין וילה מורה פינו ב,Unknown,0.00,Unknown,false,1,40.90,40.90,true,1,
8005390095317,false,יין סרטורי קוסטוזה 750 מל,,,יין סרטורי קוסטוזה 7,Unknown,0.00,Unknown,false,1,52.90,52.90,true,1,
8005390936153,false,"סרטורי פינו גריגיו ארכולה 750 מ""ל",,,סרטורי פינו גריגיו,Unknown,0.00,Unknown,false,1,52.90,52.90,true,1,
8005469981602,false,פילה אנשובי איטלקי ש.חמניות 80 גר SCALIA,,,פילה אנשובי איטלקי ש,גרמים,80.00,100 גרם,false,1,16.90,21.13,true,1,
8005493000966,false,יין ציטרה קרוסו 750 מל,,,יין ציטרה קרוסו 750,Unknown,0.00,Unknown,false,1,83.90,83.90,true,1,
8006540221341,false,מגן תחתון אולוויז לארג 48 יח,,,מגן תחתון אולוויז לא,Unknown,0.00,Unknown,false,1,16.90,16.90,true,1,
8006540222089,false,מגבונים היגיינים לתינוקות ולילדים to go,,ES,מגבונים היגיינים לתי,יחידה,1.00,יחידה,false,1,7.90,7.90,true,1,
8006540425930,false,קפסולות לכביסה אריאל כתמים קשים 24 יח,,,קפסולות לכביסה אריאל,Unknown,0.00,Unknown,false,1,36.90,36.90,true,1,
8006540429327,false,"פיירי סבון כלים לימון 440 מ""ל",,,פיירי סבון כלים לימו,יחידה,1.00,יחידה,false,1,10.90,10.90,true,1,
8006663001042,false,גראנה פדאנה 200 גר,,IT,גרנה פדנו איטלקי,גרמים,200.00,100 גרם,false,1,28.20,14.10,true,1,
8006663001073,false,פרמזנו רגאנו איטלקי 200 גרם,,IT,פרמזנו רגאנו איטלקי,גרמים,200.00,100 גרם,false,1,35.90,17.95,true,1,
8007178120310,false,חומץ בלסמי גקובזי 500 מל,,,חומץ בלסמי גקובזי 50,מיליליטרים,500.00,"100 מ""ל",false,1,24.90,4.98,true,1,
8007270999012,false,שמן גרעיני ענבים 1 ליטר,,,שמן גרעיני ענבים 1 ל,מיליליטרים,1000.00,"100 מ""ל",false,1,43.90,4.39,true,1,
8007537005920,false,פרימיום ציפס מלח ים 300 גרם,,IT,פרימיום ציפס מלח ים,גרמים,300.00,100 גרם,false,1,27.20,9.07,true,1,
8007537005937,false,פרימיום ציפס פלפל שחור ומלח ים 300 גרם,,IT,פרימיום ציפס פלפל שח,גרמים,300.00,100 גרם,false,1,27.20,9.07,true,1,
8007537006538,false,"טורטיליה ציפס תירס כחול לל""ג 450 גרם",,IT,טורטיליה ציפס תירס כ,גרמים,450.00,100 גרם,false,1,27.20,6.04,true,1,
8008164002412,false,"גלידה משפחתית גלטי טרמיסו 1 ק""ג",,,גלידה משפחתית גלטי ט,גרמים,1000.00,100 גרם,false,1,32.90,3.29,true,1,
8008164002580,false,"גלידה משפחתית גלטי ריבת חלב 1 ק""ג",,,גלידה משפחתית גלטי ר,גרמים,1000.00,100 גרם,false,1,32.90,3.29,true,1,
8008440222008,false,בירה פרוני 330 מל,,,"בירה פרוני 330 מ""ל",מיליליטרים,330.00,"100 מ""ל",false,1,7.90,2.39,true,1,
8008698003503,false,עוגיות שיבולת שועל עם צימוקים 250 גר,,,קרקרים 210  גרם,גרמים,210.00,100 גרם,false,1,32.90,15.67,true,1,
8008698012857,false,ביסקויטים פתי בר שר 165 גרם,,,ביסקויטים פתי בר שר,גרמים,165.00,100 גרם,false,1,21.50,13.03,true,1,
8008698024065,false,לחם ללא גלוטן פאן בלנקו 250 גר,,DE,לחם ללא גלוטן פאן בל,גרמים,250.00,100 גרם,false,1,20.80,8.32,true,1,
8008698024140,false,לחם ללא גלוטן פאן מולטי גראנו 250 גר,,DE,לחם ללא גלוטן פאן מו,גרמים,250.00,100 גרם,false,1,20.80,8.32,true,1,
8008825012538,false,מחית עגבניות 690 גרם Rodolfi,,,מחית עגבניות 690 גרם,גרמים,690.00,100 גרם,false,1,12.90,1.87,true,1,
8008825012545,false,מחית עגבניות/זרעים 690 גרם  Rodolfi,,,מחית עגבניות/זרעים 6,גרמים,690.00,100 גרם,false,1,13.50,1.96,true,1,
8008920590061,false,למברוסקו ספומנטה רוזה 750 מל CORONA,,,למברוסקו ספומנטה אדו,Unknown,0.00,Unknown,false,1,33.90,33.90,true,1,
8008920590078,false,למברוסקו ספומנטה לבן 750 מל CORONA,,,למברוסקו ספומנטה לבן,Unknown,0.00,Unknown,false,1,33.90,33.90,true,1,
8009470009164,false,סימבה כלב כבש 400 ג,,,סימבה לכלב כבש  415,גרמים,400.00,100 גרם,false,1,4.00,1.00,true,1,
8010024006010,false,חמאת שקדים 100% 350 גרם השקד,,,חמאת שקדים 100% 350,גרמים,350.00,100 גרם,false,1,44.90,12.83,true,1,
8014601028747,false,קמח 00 איטלקי כחול 1 קג CAPUTO,,,"קמח ""00"" איטלקי כחול",גרמים,1000.00,100 גרם,false,1,13.50,1.35,true,1,
8017746286539,false,"יין  קיאנטי פוגיו סו וינצי 750 מ""ל",,,יין  קיאנטי פוגיו סו,Unknown,0.00,Unknown,false,1,52.90,52.90,true,1,
8017938005184,false,"חומץ תפוחים אורגני 750 מ""ל",,,חומץ תפוחים אורגני 7,מיליליטרים,750.00,"100 מ""ל",false,1,18.90,2.52,true,1,
8017938005764,false,מיץ תפוחים אורגני 100% 1 ליטר נטורפוד,,,מיץ תפוחים אורגני 10,מיליליטרים,1000.00,"100 מ""ל",false,1,23.20,2.32,true,1,
8019428000099,false,משקה אורז אורגני בתוספת שקדים 1 ליטר,,,משקה אורז אורגני בתו,מיליליטרים,1000.00,"100 מ""ל",false,1,15.60,1.56,true,1,
8021274001007,false,קמח פסטה פרסקה 1 קג  STAGIONI 5,,,"קמח פסטה פרסקה 1 ק""ג",קילוגרמים,0.00,"ק""ג",false,1,11.80,11.80,true,1,
8021274070010,false,קמח לבן פיצה נפוליטנה 1 קג  STAGIONI 5,,,קמח לבן פיצה נפוליטנ,גרמים,1000.00,100 גרם,false,1,11.80,1.18,true,1,
8022734000103,false,"חומץ בלסמי ממודנה 250 מ""ל ORO",,,חומץ בלסמי ממודנה 25,מיליליטרים,250.00,"100 מ""ל",false,1,111.50,44.60,true,1,
8023678161363,false,משקה שבולת שועל אורגני 1 ליטר ISOLA,,,משקה שבולת שועל אורג,מיליליטרים,1000.00,"100 מ""ל",false,1,12.90,1.29,true,1,
8024985002783,false,סמוזי נטורה נובה גזר ודלעת 100 גרם,,,סמוזי נטורה נובה גזר,גרמים,100.00,100 גרם,false,1,6.50,6.50,true,1,
8024985002967,false,סמוזי נטורה נובה בננה תרד 100 גרם,,,סמוזי נטורה נובה בננ,גרמים,100.00,100 גרם,false,1,6.50,6.50,true,1,
8024985004282,false,סמוזי אגס רביעיה 400 גר נטורה נובה,,,סמוזי אגס רביעיה 400,גרמים,400.00,100 גרם,false,1,24.50,6.13,true,1,
8024985004305,false,סמוזי תפוח רביעיה 400 גר נטורה נובה,,,סמוזי תפוח רביעיה 40,גרמים,400.00,100 גרם,false,1,24.50,6.13,true,1,
8024985005234,false,סמוזי נטורה נובה סמוצי תפוח מנגו 100 גרם,,,מחית נטורה נובה סמוצ,גרמים,100.00,100 גרם,false,1,6.50,6.50,true,1,
8024985005296,false,סמוזי אגס בננה תפוח וקינואה אורגני,,,סמוזי אגס בננה תפוח,גרמים,120.00,100 גרם,false,1,8.50,7.08,true,1,
8024985005302,false,סמוזי תפוח רימון פטל אוכמניות אורגני,,,סמוזי תפוח רימון פטל,גרמים,120.00,100 גרם,false,1,8.50,7.08,true,1,
8024985008037,false,סמוזי נטורה נובה סמוצי תפוח 100 גרם,,,מחית נטורה נובה סמוצ,גרמים,100.00,100 גרם,false,1,6.50,6.50,true,1,
8024985008044,false,סמוזי נטורה נובה סמוצי אגס 100 גרם,,,מחית נטורה נובה סמוצ,גרמים,100.00,100 גרם,false,1,6.50,6.50,true,1,
8024985008051,false,סמוזי נטורה נובה סמוצי פירות אדומים 100,,,מחית נטורה נובה סמוצ,גרמים,100.00,100 גרם,false,1,6.50,6.50,true,1,
8024985011204,false,סמוזי תפוח תות בננה 100 גר נטורה נובה,,,סמוזי תפוח תות בננה,גרמים,100.00,100 גרם,false,1,6.50,6.50,true,1,
8032880800410,false,פיק-ניק מקלות פריכים עם ממרח שוקולד 50 ג,,,פיק-ניק מקלות פריכים,גרמים,50.00,100 גרם,false,1,5.90,11.80,true,1,
8034023209104,false,רבעי ארטישוק 280 גרם TERRE,,,רבעי ארטישוק 280 גרם,גרמים,280.00,100 גרם,false,1,20.90,7.46,true,1,
8076800195019,false,ספגטי מס 1 קפליני  500 גר ברילה,,,ספגטי מס 1 קפליני  5,גרמים,500.00,100 גרם,false,1,7.90,1.58,true,1,
8076800195033,false,ספגטי ברילה מס 3 ברילה,,,ספגטי ברילה מס 3 ברי,גרמים,500.00,100 גרם,false,1,7.90,1.58,true,1,
8076800195057,false,ספגטי ברילה מס 5 ברילה,,,ספגטי ברילה מס 5 ברי,גרמים,500.00,100 גרם,false,1,7.90,1.58,true,1,
8076800195132,false,פסטה ברילה מס 13,,,פסטה ברילה מס 13,גרמים,500.00,100 גרם,false,1,7.90,1.58,true,1,
8076800315097,false,ספגטי ברילה בוקטיני מס 9,,,ספגטי ברילה בוקטיני,גרמים,500.00,100 גרם,false,1,7.90,1.58,true,1,
8076802085738,false,פסטה ברילה פנה רגטה מס 73,,,פסטה ברילה פנה רגטה,גרמים,500.00,100 גרם,false,1,7.90,1.58,true,1,
8076802085837,false,פסטה ברילה טורטליוני מס 83,,,פסטה ברילה טורטליוני,גרמים,500.00,100 גרם,false,1,7.90,1.58,true,1,
8076802085981,false,פסטה ברילה פוזילי מס 98,,,פסטה ברילה פוזילי מס,גרמים,500.00,100 גרם,false,1,7.90,1.58,true,1,
8076808060654,false,ברילה פרפלה מס 65,,,ברילה פרפלה מס 65,גרמים,500.00,100 גרם,false,1,7.90,1.58,true,1,
8076808150072,false,ספגטי ברילה מס 7 ברילה,,,ספגטי ברילה מס 7 ברי,גרמים,500.00,100 גרם,false,1,7.90,1.58,true,1,
8076809512268,false,ברילה גירנדולה מס 34,,,ברילה גירנדולה מס 34,גרמים,500.00,100 גרם,false,1,7.90,1.58,true,1,
8076809513395,false,רוטב פומודורו 400 גרם ברילה,,,רוטב פומודורו 400 גר,גרמים,400.00,100 גרם,false,1,16.90,4.23,true,1,
8076809513654,false,בסיס רוטב עגבניות לבולונז 400 גרם ברילה,,,בסיס רוטב עגבניות לב,גרמים,400.00,100 גרם,false,1,16.90,4.23,true,1,
8076809513692,false,רוטב נפוליטנה 400 גרם ברילה,,,רוטב נפוליטנה 400 גר,גרמים,400.00,100 גרם,false,1,16.90,4.23,true,1,
8076809513739,false,רוטב בזיליקום 400 גרם ברילה,,,רוטב בזיליקום 400 גר,גרמים,400.00,100 גרם,false,1,16.90,4.23,true,1,
8076809514774,false,פסטה עם ביצים פפרדלה 250 גר,,,פסטה עם ביצים פפרדלה,גרמים,250.00,100 גרם,false,1,19.90,7.96,true,1,
8076809515399,false,ברילה אמיליאנה טליאטלה 500 גרם,,IT,ברילה אמיליאנה טליאט,גרמים,500.00,100 גרם,false,1,16.90,3.38,true,1,
8076809519977,false,ברילה אורקייטה 500 גר,,,ברילה אורקייטה 500 ג,גרמים,500.00,100 גרם,false,1,15.90,3.18,true,1,
8076809523738,false,ברילה לזניה 500 גרם,,,ברילה לזניה 500 גרם,גרמים,500.00,100 גרם,false,1,25.90,5.18,true,1,
8076809523769,false,פסטה ברילה פליה א פינו 500 גרם,,,פסטה ברילה פליה א פי,גרמים,500.00,100 גרם,false,1,15.90,3.18,true,1,
8076809547956,false,ברילה צ.ק קיפרי 500 גרם,,IT,ברילה  קיפרי 500 גר,גרמים,500.00,100 גרם,false,1,7.90,1.58,true,1,
8076809572828,false,מולינו ביאנקו טרלוסי עוגיות פריכות 350 ג,,,מולינו ביאנקו טרלוסי,גרמים,350.00,100 גרם,false,1,12.90,3.69,true,1,
8076809572873,false,עוגיות מולינו ביאנקו ברילה גלטי 350 גרם,,,עוגיות מולינו ביאנקו,גרמים,350.00,100 גרם,false,1,12.90,3.69,true,1,
8076809580687,false,רוטב פסטו אדום ברילה 190 גר,,,רוטב פסטו אדום ברילה,גרמים,190.00,100 גרם,false,1,19.80,10.42,true,1,
8076809580762,false,רוטב פסטו ברילה 190 גר GENOVESE,,,רוטב פסטו ברילה 190,גרמים,190.00,100 גרם,false,1,19.80,10.42,true,1,
8410013991042,false,יין קאווה באך יבש 750 מל,,,יין קאווה באך יבש 75,Unknown,0.00,Unknown,false,1,44.90,44.90,true,1,
8410031966237,false,צופה צופ חמוץ סוכריות על מקל  114 גרם,,ES,צופה צופ חמוץ סוכריו,גרמים,114.00,100 גרם,false,1,10.90,9.56,true,1,
8410076610379,false,חטיף נייטשר ואלי פרוטאין שוקולד 210 גרם,,,חטיף נייטשר ואלי פרו,גרמים,210.00,100 גרם,false,1,27.90,13.29,true,1,
8410376009392,false,"ביסקוויט ללת""ס חיטה מלאה 170 גר",,,ביסקוויט חיטה מלאה,גרמים,170.00,100 גרם,false,1,10.90,6.41,true,1,
8410376044393,false,"גולון- או 2 ללת""ס 210 גר",,,"גולון- או 2 ללת""ס 21",גרמים,210.00,100 גרם,false,1,19.90,9.48,true,1,
8410376059380,false,גולון וופל וניל ללא תוספת סוכר 180 גרם,,ES,גולון וופל וניל ללא,גרמים,180.00,100 גרם,false,1,17.90,9.94,true,1,
8410525116704,false,פיני גומי נשיקות 90 גרם,,ES,פיני גומי נשיקות 90,Unknown,1.00,Unknown,false,1,7.50,7.50,true,1,
8410525116742,false,פיני גומי פטל 90 גרם,,ES,פיני גומי פטל 90 גרם,גרמים,90.00,100 גרם,false,1,7.50,8.33,true,1,
8410525116827,false,פיני מסטיק עגול 90 גרם,,ES,פיני מסטיק עגול 90 ג,Unknown,1.00,Unknown,false,1,7.50,7.50,true,1,
8410525116834,false,פיני גומי כרישים 90 גרם,,ES,פיני גומי כרישים 90,Unknown,1.00,Unknown,false,1,7.50,7.50,true,1,
8410525119019,false,פיני גומי תותים 90 גרם,,ES,פיני גומי תותים 90 ג,גרמים,90.00,100 גרם,false,1,7.50,8.33,true,1,
8410525121500,false,פיני שטיחים מסוכרים 90 גרם,,ES,פיני שטיחים מסוכרים,Unknown,1.00,Unknown,false,1,7.50,7.50,true,1,
8410525125973,false,פיני גומי נחשים 90 גרם,,ES,פיני גומי נחשים 90 ג,גרמים,90.00,100 גרם,false,1,7.50,8.33,true,1,
8410525144264,false,פיני מיני טיובס 90 גרם,,ES,פיני מיני טיובס 90 ג,גרמים,90.00,100 גרם,false,1,7.50,8.33,true,1,
8410525160554,false,פיני צורות שונות מיקס 90 גרם,,ES,פיני צורות שונות מיק,גרמים,90.00,100 גרם,false,1,7.50,8.33,true,1,
8410525175589,false,פיני סוכריות גלי בטעם דובדבן 80 גרם,,ES,פיני סוכריות גלי בטע,Unknown,1.00,Unknown,false,1,7.50,7.50,true,1,
8410525178085,false,פיני גומי אבטיח מסוכר 90 גרם,,ES,פיני גומי אבטיח מסוכ,Unknown,1.00,Unknown,false,1,7.50,7.50,true,1,
8410525179914,false,פיני גומי ביצת עין 90 גרם,,ES,פיני גומי ביצת עין 9,Unknown,0.00,Unknown,false,1,7.50,7.50,true,1,
8410525183775,false,פיני גומי פארטי מיקס 90 גרם,,ES,פיני גומי פארטי מיקס,Unknown,1.00,Unknown,false,1,7.50,7.50,true,1,
8410525186516,false,פיני גומי יוגורט 90 גרם,,ES,פיני גומי יוגורט 90,Unknown,1.00,Unknown,false,1,7.50,7.50,true,1,
8410525206191,false,פיני ליקריץ ריינבואו חמוץ 90 גרם,,ES,פיני ליקריץ ריינבואו,גרמים,90.00,100 גרם,false,1,7.50,8.33,true,1,
8410525211065,false,פיני ספגטי צבעוני חמוץ 85 גרם,,ES,פיני ספגטי צבעוני חמ,גרמים,85.00,100 גרם,false,1,7.50,8.82,true,1,
8410525211232,false,פיני מיני טריטס גומי בטעמי פירות 180 גרם,,ES,פיני מיני טריטס גומי,גרמים,180.00,100 גרם,false,1,10.90,6.06,true,1,
8410525211263,false,פיני גימבורי גומי פירות וליקריץ 180 ג,,ES,פיני גימבורי גומי פי,גרמים,180.00,100 גרם,false,1,10.90,6.06,true,1,
8410525228315,false,פיני גומי תות חמוץ במילוי מתוק 75 גרם,,ES,פיני גומי תות חמוץ ב,Unknown,0.00,Unknown,false,1,7.50,7.50,true,1,
8410525234293,false,פיני גומי פירות 90 גרם,,ES,פיני גומי פירות 90 ג,Unknown,1.00,Unknown,false,1,7.50,7.50,true,1,
8410628460612,false,טונה ספרדית בשמן זית ולימון 190 גרם,,ES,טונה ספרדית בשמן זית,גרמים,190.00,100 גרם,false,1,29.30,15.42,true,1,
8410655000416,false,"בירה סאן מיגל 330 מ""ל",,,"בירה סאן מיגל 330 מ""",מיליליטרים,330.00,"100 מ""ל",false,1,10.90,3.30,true,1,
8410655000423,false,"מארז בירה סאן מיגל 4*330 מ""ל",,,מארז בירה סאן מיגל 4,מיליליטרים,1320.00,"100 מ""ל",false,1,26.90,2.04,true,1,
8410655001147,false,בירה סאן מיגל 500 מל פחית,,,בירה סאן מיגל אספסיא,מיליליטרים,500.00,"100 מ""ל",false,1,9.90,1.98,true,1,
8411320105108,false,פילה אנשובי בשמן זית 95 גר ORTIZ צנצנת,,,פילה אנשובי בשמן זית,גרמים,95.00,100 גרם,false,1,54.50,57.37,true,1,
8413165061618,false,אוגרטה ריוחה קריאנזה 750 מל,,,אוגרטה ריוחה קריאנזה,Unknown,0.00,Unknown,false,1,60.90,60.90,true,1,
8413165070825,false,אוגרטה ריוחה קוסצה 2012 750 מל,,,אוגרטה ריוחה קוסצה,Unknown,0.00,Unknown,false,1,48.90,48.90,true,1,
8413664611611,false,פאפאס ארגנטה ציפס דליקטס 180 גרם,,ES,פאפאס ארגנטה ציפס דל,גרמים,180.00,100 גרם,false,1,24.90,13.83,true,1,
8414753110343,false,פילה אנשובי אמיתי בשמן זית 45 גר פח,,,פילה אנשובי אמיתי בש,Unknown,0.00,Unknown,false,1,10.90,10.90,true,1,
8423371005795,false,קאנטרי מיקס סאליסול 45 גרם,,ES,קאנטרי מיקס סאליסול,גרמים,45.00,100 גרם,false,1,6.00,13.33,true,1,
8423453905692,false,"בירה ווילדר לאגר 500 מ""ל פחית",,ES,בירה ווילדר לאגר 500,מיליליטרים,500.00,"100 מ""ל",false,1,7.90,1.58,true,1,
8423453905739,false,"שישיית בירה ווילדר לאגר 330 מ""ל בקבוק",,ES,שישיית בירה ווילדר ל,מיליליטרים,1980.00,"100 מ""ל",false,1,33.90,1.71,true,1,
8431438000089,false,גבינה איבריקו גוורדמור ספרדי במשקל,,,גבינה גוורדמור ספרדי,Unknown,0.00,"ק""ג",true,0,220.00,220.00,true,1,
8431438000256,false,מנצגו קייסו ספרדי במשקל,,,מנצגו קייסו ספרדי במ,Unknown,0.00,"ק""ג",true,0,210.00,210.00,true,1,
8435185944009,false,"משקה קל ד""ר פפר 330 מ""ל",,,"משקה קל ד""ר פפר 330",מיליליטרים,330.00,"100 מ""ל",false,1,6.90,2.09,true,1,
8435185953711,false,"משקה מוגז ד""ר פפר 330 מ""ל ללא סוכר",,,"משקה מוגז ד""ר פפר 33",מיליליטרים,330.00,"100 מ""ל",false,1,5.90,1.79,true,1,
8435185954626,false,"משקה קל ד""ר פפר בטעם דובדבן 330 מ""ל",,,"משקה קל ד""ר פפר בטעם",מיליליטרים,330.00,"100 מ""ל",false,1,6.90,2.09,true,1,
8445290019516,false,קוואלטי סטריט שקית 382 גרם,,,קוואלטי סטריט שקית 3,גרמים,382.00,100 גרם,false,1,38.90,10.18,true,1,
8593868000050,false,"בירה סטארופרמן לאגר פח 5% 500 מ""ל",,CZ,בירה סטארופרמן פחית,מיליליטרים,500.00,"100 מ""ל",false,1,11.90,2.38,true,1,
8593868002368,false,בירה סטארופרמן אנפילטר בירה 500 מל בקבוק,,CZ,בירה סטארופרמן אנפיל,מיליליטרים,500.00,"100 מ""ל",false,1,10.90,2.18,true,1,
8594403707649,false,"בירה באדוויזר דארק לאגר 500 מ""ל פחית",,,בירה באדוויזר דארק ל,מיליליטרים,500.00,"100 מ""ל",false,1,8.90,1.78,true,1,
8594403707977,false,"בירה באדוויזר לאגר פחית 500 מ""ל",,,בירה באדוויזר לאגר פ,מיליליטרים,500.00,"100 מ""ל",false,1,9.90,1.98,true,1,
8594404001418,false,"בירה קוזל כהה 500 מ""ל",,,"בירה קוזל כהה 500 מ""",מיליליטרים,500.00,"100 מ""ל",false,1,9.40,1.88,true,1,
8594404110110,false,בירה פילסנר אוראקוול 500 מל,,,בירה פילסנר אוראקוול,מיליליטרים,500.00,"100 מ""ל",false,1,13.90,2.78,true,1,
8594404115115,false,בירה פילזנר אורקוול פחית 500 מל,,CZ,בירה פילזנר אורקוול,מיליליטרים,500.00,"100 מ""ל",false,1,11.90,2.38,true,1,
8595134503302,false,פילטר ארוך 6 ממ,,,פילטר ארוך 6 ממ,Unknown,0.00,Unknown,false,1,5.00,5.00,true,1,
8595134503975,false,נייר גלגול בינוני  כולל פילטר PIH,,,נייר גלגול בינוני  כ,יחידה,1.00,יחידה,false,1,6.00,6.00,true,1,
8606109023593,false,פרוויטה מיץ תפוחי עץ ואגסים 750 מל,,RS,פרוויטה מיץ תפוחי עץ,מיליליטרים,750.00,"100 מ""ל",false,1,14.90,1.99,true,1,
8606109023623,false,פרוויטה מיץ תפוחי עץ ולימון ליים 750 מ,,RS,פרוויטה מיץ תפוחי עץ,מיליליטרים,750.00,"100 מ""ל",false,1,14.90,1.99,true,1,
8681863065287,false,מלח הימלאיה וילי פוד 350 גר,,TR,מלח הימלאיה וילי פוד,גרמים,350.00,100 גרם,false,1,24.90,7.11,true,1,
8681863065324,false,מלח ים עם רוזמרין וילי פוד 200 גר,,TR,מלח ים עם רוזמרין וי,גרמים,200.00,100 גרם,false,1,24.90,12.45,true,1,
8683130025581,false,בדין אקסטרא gbcr 960 מל,,,בדין אקסטרא gbcr 960,מיליליטרים,960.00,"100 מ""ל",false,1,17.90,1.86,true,1,
8690504156543,false,שוקולד חלב גודייבה קרם גנאש שוקולד 88 גר,,TR,שוקולד חלב גודייבה ק,גרמים,88.00,100 גרם,false,1,15.90,18.07,true,1,
8690526029191,false,מיני וופל במילוי קרם אגוזים וחתיכ 140 גר,,TR,מיני וופל קרם אגוזים,גרמים,140.00,100 גרם,false,1,12.90,9.21,true,1,
8690526029238,false,וופל בציפוי עם שוקולד מריר ובמילוי 3*50,,TR,וופל בציפוי ש.מריר ו,גרמים,150.00,100 גרם,false,1,9.90,6.60,true,1,
8690637073373,false,תה ארל גריי - 25 סרוויס,,,תה ארל גריי - 25 סרו,Unknown,0.00,Unknown,false,1,10.50,10.50,true,1,
8690637505607,false,"מרכך כביסה בדין פינוק כחול 960 מ""ל",,,מרכך כביסה בדין פינו,מיליליטרים,960.00,"100 מ""ל",false,1,17.90,1.86,true,1,
8690637688195,false,תה ירוק CLEAN GREEN קלאסי,,,תה ירוק CLEAN GREEN,Unknown,0.00,Unknown,false,1,21.90,21.90,true,1,
8690637866753,false,"מרכך כביסה בדין אקסטרה לבנדר 960 מ""ל",,,מרכך כביסה בדין אקסט,מיליליטרים,960.00,"100 מ""ל",false,1,17.90,1.86,true,1,
8690637890666,false,מאגדת מיני מגנום דאבל פיסטוק/שוקולד 6 יח,,IL,מאגדת מיני מגנום דאב,גרמים,282.00,100 גרם,false,1,34.90,12.38,true,1,
8690637989629,false,מגנום דאבל דולצה גולד 63 גרם,,,מגנום דאבל דולצה גול,גרמים,63.00,100 גרם,false,1,13.50,21.43,true,1,
8690766156374,false,שוקולד מריר 72% גודייבה 90 גר,,TR,שוקולד מריר 72% גודי,גרמים,90.00,100 גרם,false,1,15.90,17.67,true,1,
8690766156381,false,שוקולד מריר 90% גודייבה 90 גר,,TR,שוקולד מריר 90% גודי,גרמים,90.00,100 גרם,false,1,15.90,17.67,true,1,
8690777221405,false,פלפל אדום קלויים על האש 650 גרם SERA,,,פלפל אדום קלויים על,גרמים,650.00,100 גרם,false,1,13.90,2.14,true,1,
8691351103667,false,נוגט עם שקדים וחמוציות 100 גרם,,TR,נוגט עם שקדים וחמוצי,גרמים,100.00,100 גרם,false,1,11.90,11.90,true,1,
8691351103674,false,נוגט עם שקדים ולימון 100 גרם,,TR,נוגט עם שקדים ולימון,גרמים,100.00,100 גרם,false,1,11.90,11.90,true,1,
8697431460378,false,קונפיטורה 70% שזיפים 450 גר,,,קונפיטורה 70% שזיפים,גרמים,450.00,100 גרם,false,1,18.60,4.13,true,1,
8697530910743,false,פאל מאל כחול קצר האוס חפיסה,,,פאל מאל כחול קצר האו,Unknown,0.00,Unknown,false,1,30.00,30.00,true,1,
8697530910750,false,פאל מאל כחול ארוך האוס חפיסה,,,פאל מאל כחול ארוך הא,Unknown,0.00,Unknown,false,1,30.00,30.00,true,1,
8710502100864,false,מרבה פטיסרי עוגיות דאבל שוקולד 200 גרם,,NL,מרבה פטיסרי עוגיות ד,גרמים,200.00,100 גרם,false,1,11.50,5.75,true,1,
8710502139017,false,עוגיות שוקולד מצופות שוקולד 180 גר,,,עוגיות שוקולד מצופות,גרמים,180.00,100 גרם,false,1,10.90,6.06,true,1,
8710502194801,false,מרבה עוגיות שוקולד ציפס פירות יער 175 גר,,,מרבה עוגיות שוקולד צ,גרמים,175.00,100 גרם,false,1,10.90,6.23,true,1,
8710502285509,false,עוגיות לימון שוקולד ציפס במרקם רך 175 גר,,,עוגיות לימון שוקולד,גרמים,175.00,100 גרם,false,1,10.90,6.23,true,1,
8710502405204,false,עוגיות שוק.ציפס ממולאות קרם שוקולד 175 ג,,,עוגיות שוק.ציפס ממול,גרמים,175.00,100 גרם,false,1,10.90,6.23,true,1,
8710502470028,false,עוגיות מרבה נוגטלי 160 גרם,,,עוגיות מרבה נוגטלי 1,גרמים,160.00,100 גרם,false,1,10.90,6.81,true,1,
8710502470035,false,מרבה פטיסרי עוגיות נוגטלי אגוזים 200 גרם,,NL,מרבה פטיסרי עוגיות נ,גרמים,200.00,100 גרם,false,1,11.50,5.75,true,1,
8710679158385,false,"ציפס פריטס קלאסי 2.5 ק""ג",,,"ציפס קלאסי 2.5 ק""ג",קילוגרמים,0.00,"ק""ג",false,1,44.90,44.90,true,1,
8710862057617,false,מימי בקר לחתול 410ג,,,מימי בקר לחתול 410ג,גרמים,410.00,100 גרם,false,1,4.00,0.98,true,1,
8711000371244,false,קפסולות קפה אספרסו לונגו גייקובס 52 גר,,FR,קפסולות קפה אספרסו ל,גרמים,52.00,100 גרם,false,1,17.90,34.42,true,1,
8711281013345,false,חרדל הולנדי מקורי גרגירים 335 גרם,,,חרדל הולנדי מקורי גר,גרמים,335.00,100 גרם,false,1,15.90,4.75,true,1,
8711281023344,false,חרדל הולנדי מקורי חלק קרמי 335 גרם,,,חרדל הולנדי מקורי חל,גרמים,335.00,100 גרם,false,1,16.90,5.04,true,1,
8711327475717,false,מגנום וניל שקדים 302 גרם,,IL,מגנום וניל שקדים 302,גרמים,302.00,100 גרם,false,1,25.50,8.44,true,1,
8712000051099,false,"שישיית בירה היינקן 0.0% אלכוהול 330 מ""ל",,,שישיית בירה היינקן 0,מיליליטרים,1980.00,"100 מ""ל",false,1,35.90,1.81,true,1,
8712092034673,false,גבינה מותכת מעושנת 23% במשקל,,,גבינה מותכת מעושנת 2,Unknown,0.00,"ק""ג",true,0,105.00,105.00,true,1,
8712561611183,false,"דאב תחליב רחצה תה ירוק ומלפפון 500 מ""ל",,,דאב תחליב רחצה תה יר,מיליליטרים,500.00,"100 מ""ל",false,1,19.90,3.98,true,1,
8713499045156,false,גאודה כמון הולנדית במשקל,,,גאודה כמון הולנדית ב,Unknown,0.00,"ק""ג",true,0,121.00,121.00,true,1,
8713501034406,false,גאודה שום הולנדית במשקל,,,גאודה שום הולנדית,Unknown,0.00,"ק""ג",true,0,126.00,126.00,true,1,
8713505038608,false,גאודה הולנדית פטריות כמהין במשקל,,,גאודה הולנדית פטריות,Unknown,0.00,"ק""ג",true,0,189.00,189.00,true,1,
8713800119934,false,רד בנד בטעמי פירות 200 גרם,,,רד בנד בטעמי פירות 2,גרמים,200.00,100 גרם,false,1,10.90,5.45,true,1,
8713800119972,false,רד בנד גומי פאן מיקס 200 גרם,,NL,רד בנד גומי פאן מיקס,גרמים,200.00,100 גרם,false,1,10.90,5.45,true,1,
8713800123566,false,רד בנד טו גו מקלות גומי חמוץ פירות 185 ג,,,רד בנד טו גו מקלות ג,גרמים,185.00,100 גרם,false,1,9.90,5.35,true,1,
8714100616963,false,"ליפטון אייס תה מוגז 330 מ""ל",,BE,ליפטון אייס תה מוגז,מיליליטרים,330.00,"100 מ""ל",false,1,5.00,1.52,true,1,
8714200207931,false,ונקו - ממתק לקריץ בטעם דבש 157 גרם,,,ונקו - ממתק לקריץ בט,גרמים,157.00,100 גרם,false,1,11.90,7.58,true,1,
8714200207962,false,ונקו -ממתק לקריץ בצורת חתולים 155 גרם,,,ונקו -ממתק לקריץ בצו,גרמים,155.00,100 גרם,false,1,11.90,7.68,true,1,
8714200208013,false,ונקו ממתק לקריץ בציפוי דרגה צבעוני 166 ג,,,ונקו ממתק לקריץ בציפ,גרמים,166.00,100 גרם,false,1,11.90,7.17,true,1,
8714200208037,false,ונקו - ממתק לקריץ בצורות שונות 127 גרם,,,ונקו - ממתק לקריץ בצ,גרמים,127.00,100 גרם,false,1,11.90,9.37,true,1,
8714599104316,false,קפה שחור קלוי וטחון טורקי גייקובס 200 גר,,RU,קפה שחור קלוי וטחון,גרמים,200.00,100 גרם,false,1,16.70,8.35,true,1,
8714599412336,false,גיקובס בריסטה אמריקנו קפה נמס 160 גר,,,גיקובס בריסטה אמריקנ,גרמים,160.00,100 גרם,false,1,29.50,18.44,true,1,
8714599513781,false,גיקובס גולד מיובש בהקפאה 200 גר,,,גיקובס גולד מיובש בה,גרמים,200.00,100 גרם,false,1,29.90,14.95,true,1,
8714599513866,false,גיקובס קרונונג מיובש בהקפאה 200 גר,,,גיקובס קרונונג מיובש,גרמים,200.00,100 גרם,false,1,30.90,15.45,true,1,
8714789177229,false,רביעיית מברשות שיניים קולגייט אקסטרא,,,רביעיית מברשות שיניי,Unknown,0.00,Unknown,false,1,17.70,17.70,true,1,
8715700110141,false,מיונז בצנצנת היינץ 460 גרם,,,מיונז בצנצנת היינץ 4,גרמים,460.00,100 גרם,false,1,12.90,2.80,true,1,
8715700117805,false,"מתבל עגבניות ללת""ס ומלח 425 מ""ל",,NL,"מתבל עגבניות ללת""ס ו",מיליליטרים,425.00,"100 מ""ל",false,1,12.90,3.04,true,1,
8715700120874,false,קטשופ שום היינץ 460 גרם,,NL,קטשופ שום היינץ 460,גרמים,460.00,100 גרם,false,1,11.40,2.48,true,1,
8715700419732,false,מתבל היינץ 700 גרם,,,מתבל היינץ 700 גרם,גרמים,700.00,100 גרם,false,1,13.90,1.99,true,1,
8715700421032,false,ממרח סנדויץ טבעי 300 גרם,,,ממרח סנדויץ טבעי 300,גרמים,300.00,100 גרם,false,1,19.60,6.53,true,1,
8715700421056,false,ממרח סנדויץ פיקנטי 300 גרם,,,ממרח סנדויץ פיקנטי 3,גרמים,300.00,100 גרם,false,1,18.40,6.13,true,1,
8715700422473,false,מיונז לחיץ היינץ 395 גרם,,,מיונז לחיץ היינץ 395,גרמים,395.00,100 גרם,false,1,15.90,4.03,true,1,
8716605000995,false,גבינה מסדאם הולנדית במשקל,,,גבינה מסדאם הולנדית,Unknown,0.00,"ק""ג",true,0,90.00,90.00,true,1,
8716605001022,false,גבינת דניש בלו 100 גר,,,גבינת דניש בלו 100 ג,גרמים,100.00,100 גרם,false,1,15.20,15.20,true,1,
8717677334117,false,טוני שוקולונלי שוקולד מריר 70% 180 גרם,,NL,טוני שוקולונלי שוקול,מיליליטרים,180.00,"100 מ""ל",false,1,21.90,12.17,true,1,
8717677336722,false,טוני שוקולונלי ש.מריר שקדים ומלח ים 180ג,,NL,טוני שוקולונלי ש.מרי,מיליליטרים,180.00,"100 מ""ל",false,1,21.90,12.17,true,1,
8718951166561,false,"משחת שיניים קולגייט מקס פרש כחול 125 מ""ל",,PL,קולגייט משחה מקס פרש,מיליליטרים,125.00,"100 מ""ל",false,1,22.90,18.32,true,1,
8718951400474,false,פלמוליב תחליב רחצה קמליה ושקדים  750 מל,,,פלמוליב תחליב רחצה ק,מיליליטרים,750.00,"100 מ""ל",false,1,20.90,2.79,true,1,
8718951428492,false,פלמוליב סבון רחצה לגבר 4 ב-1 פחם 750 מל,,,פלמוליב סבון רחצה לג,מיליליטרים,750.00,"100 מ""ל",false,1,21.90,2.92,true,1,
8718951428522,false,גל רחצה פלמוליב לגבר 4 ב 1  750 מל,,,גל רחצה פלמוליב לגבר,מיליליטרים,750.00,"100 מ""ל",false,1,21.90,2.92,true,1,
8718951431614,false,פלמוליב סבון נוזלי סו פירם מינרלי 750 מל,,,פלמוליב סבון נוזלי ס,מיליליטרים,750.00,"100 מ""ל",false,1,21.90,2.92,true,1,
8718951509627,false,קולגייט אופטיק וויט לאהבי קפה  75 מל,,PL,קולגייט אופטיק וויט,מיליליטרים,75.00,"100 מ""ל",false,1,31.90,42.53,true,1,
8719200998032,false,מזולה בטעם חמאה 250 גר,,,מזולה בטעם חמאה 250,גרמים,250.00,100 גרם,false,1,11.50,4.60,true,1,
8719956492068,false,טוני שוקולונלי ש.חלב עוגיות ציפס 180 ג,,,טוני שוקולונלי ש.חלב,מיליליטרים,180.00,"100 מ""ל",false,1,21.90,12.17,true,1,
8719956493140,false,טוני שוקולונלי ש. חלב  פקאן ובראוני 180ג,,,טוני שוקולונלי ש. חל,מיליליטרים,180.00,"100 מ""ל",false,1,21.90,12.17,true,1,
8719956496745,false,טוני שוקולונלי שוקולד חלב ביסקוויט 180 ג,,,טוני שוקולונלי שוקול,מיליליטרים,180.00,"100 מ""ל",false,1,21.90,12.17,true,1,
8720182253194,false,סבון מוצק דאב מלפפונים ותה ירוק שישיית,,DE,סבון מוצק דאב מלפפונ,גרמים,540.00,100 גרם,false,1,28.90,5.35,true,1,
8720182256362,false,סבון מוצק דאב קלאסי שישיית,,DE,סבון מוצק דאב קלאסי,גרמים,540.00,100 גרם,false,1,28.90,5.35,true,1,
8721200060107,false,סטרופ וופל 260 גר בקרסלנד,,,סטרופ וופל 260 גר בק,גרמים,260.00,100 גרם,false,1,16.50,6.35,true,1,
8801055707966,false,נסקפה טייסטרס צויס בריסטה 180 גר,,,נסקפה טייסטרס צויס ב,גרמים,180.00,100 גרם,false,1,32.90,18.28,true,1,
8801055709434,false,נסקפה טייסטרס צויס קולומביה 100 גר,,KR,נסקפה טייסטרס צויס ק,גרמים,100.00,100 גרם,false,1,25.10,25.10,true,1,
8850161160851,false,"מי קוקוס קוקו מקס 350 מ""ל",,TH,מי קוקוס קוקו מקס 35,מיליליטרים,350.00,"100 מ""ל",false,1,9.20,2.63,true,1,
8850161161247,false,מי קוקוס קוקו מקס 1 ליטר,,TH,מי קוקוס קוקו מקס 1,מיליליטרים,1000.00,"100 מ""ל",false,1,18.90,1.89,true,1,
8850161167041,false,"חלב קוקוס קוקו וואי 270 מ""ל",,TH,חלב קוקוס קוקו וואי,מיליליטרים,270.00,"100 מ""ל",false,1,9.20,3.41,true,1,
8850161167089,false,חלב קוקוס קוקו וואי 1 ליטר,,TH,חלב קוקוס קוקו וואי,מיליליטרים,1000.00,"100 מ""ל",false,1,18.90,1.89,true,1,
8850206250592,false,רוטב צ`ילי סיראצ`ה 540 גרם,,,רוטב צ`ילי סיראצ`ה 5,גרמים,540.00,100 גרם,false,1,20.90,3.87,true,1,
8850206280049,false,רוטב צילי חריף מיו 250 גרם,,TH,רוטב צילי חריף מיו 2,גרמים,250.00,100 גרם,false,1,17.70,7.08,true,1,
8850367992164,false,קרם קוקוס 250 מל 20-22% ללא חומר משמר,,,"קרם קוקוס 250 מ""ל 20",גרמים,250.00,100 גרם,false,1,8.90,3.56,true,1,
8850389103111,false,"משקה קל סאפה בטעם ענבים 300 מ""ל",,,משקה קל סאפה בטעם ענ,מיליליטרים,300.00,"100 מ""ל",false,1,9.90,3.30,true,1,
8850389103159,false,מוגו מוגו ליצי עם חתיכות גלי קוקוס 320 מ,,,מוגו מוגו ליצי עם חת,מיליליטרים,320.00,"100 מ""ל",false,1,8.80,2.75,true,1,
8850389105825,false,סאפה אלוורה ענבים 1 ליטר,,,סאפה אלוורה ענבים 1,מיליליטרים,1000.00,"100 מ""ל",false,1,15.20,1.52,true,1,
8850389105849,false,סאפה אלוורה אפרסק 1 ליטר,,,סאפה אלוורה אפרסק 1,מיליליטרים,1000.00,"100 מ""ל",false,1,15.20,1.52,true,1,
8850389111352,false,מוגו מוגו מלון עם חתיכות גלי קוקוס 320 מ,,,מוגו מוגו מלון עם חת,מיליליטרים,320.00,"100 מ""ל",false,1,8.80,2.75,true,1,
8850632604259,false,מקלות חספוסים יוגטה טעם תות שדה 50 גר,,,מקלות חספוסים יוגטה,גרמים,50.00,100 גרם,false,1,5.90,11.80,true,1,
8850632605201,false,שטיח חספוסים יוגטה 50 גר,,,שטיח חספוסים יוגטה,גרמים,50.00,100 גרם,false,1,5.90,11.80,true,1,
8850632606390,false,שטיח חספוסים יוגטה טעם אבטיח 50 גר,,,שטיח חספוסים יוגטה,גרמים,50.00,100 גרם,false,1,5.90,11.80,true,1,
8851613101385,false,חלב קוקוס 500 מל,,,"חלב קוקוס 500 מ""ל",מיליליטרים,500.00,"100 מ""ל",false,1,13.90,2.78,true,1,
8853662004020,false,"רוטב צילי מתוק 725 מ""ל EXOTIC",,,רוטב צילי מתוק 725 מ,מיליליטרים,725.00,"100 מ""ל",false,1,16.70,2.30,true,1,
8853662040400,false,"רוטב סויה 725 מ""ל EXOTIC",,,רוטב סויה EXOTIK,מיליליטרים,725.00,"100 מ""ל",false,1,14.90,2.06,true,1,
8853662056661,false,"רוטב סריראצ`ה מיו 455 מ""ל",,,רוטב סריראצ`ה מיו 45,מיליליטרים,455.00,"100 מ""ל",false,1,31.50,6.92,true,1,
8854661001843,false,שרימפס בייבי 500 גרם קפוא,,,שרימפס בייבי 500 גרם,גרמים,500.00,100 גרם,false,1,36.90,7.38,true,1,
8854661003786,false,שרימפס מבושל עם ראש 500 גר,,,שרימפס מבושל עם ראש,גרמים,510.00,100 גרם,false,1,35.90,7.04,true,1,
8854661007012,false,"שרימפס מבושל מקולף 1 ק""ג קפוא",,,שרימפס מבושל מקולף,קילוגרמים,0.00,"ק""ג",false,1,88.50,88.50,true,1,
8858271003020,false,רוטב סויה פורמולה 1 700 גרם מקסצאפ,,,רוטב סויה פורמולה 1,מיליליטרים,700.00,"100 מ""ל",false,1,16.90,2.41,true,1,
8858271003075,false,רוטב סויה מתוקה 700 גרם מקסצאפ,,,רוטב סויה מתוקה 700,מיליליטרים,700.00,"100 מ""ל",false,1,17.90,2.56,true,1,
8858271004300,false,רוטב טריאקי מקסצאפ 700 מל,,,רוטב טריאקי מקסצאפ 7,מיליליטרים,700.00,"100 מ""ל",false,1,21.90,3.13,true,1,
8858271004799,false,"רוטב צילי מתוק אל פורפסיס 700 מ""ל",,,רוטב צילי מתוק אל פו,מיליליטרים,700.00,"100 מ""ל",false,1,13.90,1.99,true,1,
8858359000255,false,עלי קפיר ליים יבשים 30 גר (שופרא),,,עלי קפיר ליים יבשים,גרמים,30.00,100 גרם,false,1,13.80,46.00,true,1,
8859103400734,false,דג צנינון מלוח מיובש 100 גר,,,דג צנינון מלוח מיובש,גרמים,100.00,100 גרם,false,1,15.40,15.40,true,1,
8859103401199,false,דג ברקודה מלוח מיובש 100 גר,,,דג ברקודה מלוח מיובש,גרמים,100.00,100 גרם,false,1,15.40,15.40,true,1,
8859103401991,false,דג צלופח מטוגן מלוח מיובש עם צילי 100 גר,,TH,דג צלופח מטוגן מלוח,קילוגרמים,0.00,"ק""ג",false,1,13.90,13.90,true,1,
8886303210542,false,"קארה קרם קוקונט 17% 400 מ""ל",,,קארה קרם קוקונט 17%,מיליליטרים,400.00,"100 מ""ל",false,1,11.00,2.75,true,1,
8901537024014,false,"אורז בסמטי מובחר דאווט 1 ק""ג",,,אורז בסמטי מובחר,גרמים,1000.00,100 גרם,false,1,13.90,1.39,true,1,
8908000959613,false,קורנישונים כבושים קן,,,קורנישונים כבושים קן,Unknown,1.00,Unknown,false,1,16.90,16.90,true,1,
8934878081811,false,"דפי אורז 22 ס""מ 400 גר",,,"דפי אורז 22 ס""מ 400",גרמים,400.00,100 גרם,false,1,14.90,3.73,true,1,
8935083158008,false,קוקטייל פירות ים 500 גר,,,קוקטייל פירות ים 500,גרמים,500.00,100 גרם,false,1,33.50,6.70,true,1,
8935215401873,false,טבעות קלמרי 500 גר,,,קלמרי טבעות 500 גר,גרמים,500.00,100 גרם,false,1,35.90,7.18,true,1,
8936018435218,false,דג צנינון מלוח מיובש 100 גר BALICHOK,,VN,דג צנינון מלוח מיובש,גרמים,100.00,100 גרם,false,1,15.40,15.40,true,1,
8936018435256,false,דג צנינון מלוח מיובש 100 גר IMERATOR,,VN,דג צנינון מלוח מיובש,גרמים,100.00,100 גרם,false,1,15.40,15.40,true,1,
8997206332016,false,סוכר קוקוס אורגני 454 גרם אינדונזיה,,,סוכר קוקוס אורגני 45,גרמים,454.00,100 גרם,false,1,21.90,4.82,true,1,
9002859050367,false,בובות סנטה קטנות בשקית 100 גר גונץ,,,בובות סנטה קטנות בשק,גרמים,100.00,100 גרם,false,1,12.90,12.90,true,1,
9002859050671,false,לבבות שוקולד ברשת 100 גרם גונץ,,,לבבות שוקולד ברשת 10,גרמים,100.00,100 גרם,false,1,12.50,12.50,true,1,
9002859050725,false,תפזורת סנטה  ברשת 100 גר גונץ,,,תפזורת סנטה  ברשת 10,גרמים,100.00,100 גרם,false,1,12.60,12.60,true,1,
9002859050749,false,גונץ-כדורי שוקולד קריסמיס רשת 100 גר,,,גונץ-כדורי שוקולד קר,גרמים,100.00,100 גרם,false,1,10.90,10.90,true,1,
9002859050763,false,חיפושיות שוקולד ברשת 100 גרם גונץ,,,חיפושיות שוקולד ברשת,גרמים,100.00,100 גרם,false,1,12.50,12.50,true,1,
9002859050848,false,מטבעות זהב וכסף ברשת 100 גרם גונץ,,,מטבעות זהב וכסף ברשת,גרמים,100.00,100 גרם,false,1,12.50,12.50,true,1,
9002859054099,false,מוצרט משושה 300 גרם גונץ,,,מוצרט משושה 300 גרם,גרמים,300.00,100 גרם,false,1,34.90,11.63,true,1,
9002859067570,false,דפדפי שוקולד תפוז - גונץ 200 גרם,,,דפדפי שוקולד תפוז -,גרמים,200.00,100 גרם,false,1,18.40,9.20,true,1,
9002859067907,false,גונץ עוגיות עם קרם בטעם וניל 380 גרם,,,גונץ עוגיות עם קרם ב,גרמים,380.00,100 גרם,false,1,21.60,5.68,true,1,
9002859088490,false,גונץ עוגיות עם קרם בטעם אוכמניות 380 גרם,,,גונץ עוגיות עם קרם ב,גרמים,380.00,100 גרם,false,1,21.60,5.68,true,1,
9002859099373,false,גונץ-מטבעות קריסמס ברשת 85 גרם,,,גונץ-מטבעות קריסמס ב,גרמים,85.00,100 גרם,false,1,10.90,12.82,true,1,
9002859107054,false,גונץ-אצבעות שוקולד פרחים 200 גרם,,AT,גונץ-אצבעות שוקולד פ,גרמים,200.00,100 גרם,false,1,18.90,9.45,true,1,
9002859110153,false,גונץ-עוגיות עם קרם  תות 380 גרם,,,גונץ-עוגיות עם קרם,גרמים,380.00,100 גרם,false,1,21.60,5.68,true,1,
9002975393843,false,סוכריות גילי הריבו גולדברס 70 גרם,,AT,סוכריות גילי הריבו ג,גרמים,70.00,100 גרם,false,1,7.90,11.29,true,1,
9003400393032,false,"פחית בירה הל שטיגל 500 מ""ל",,AT,פחית בירה הל שטיגל 5,מיליליטרים,500.00,"100 מ""ל",false,1,9.90,1.98,true,1,
9003402660088,false,"בירה שטיגל גולדבראו  500 מ""ל פחית",,AT,בירה שטיגל גולדבראו,מיליליטרים,500.00,"100 מ""ל",false,1,9.90,1.98,true,1,
9003402663089,false,"בירה שטיגל רדלר אשכוליות 500 מ""ל פחית",,AT,בירה שטיגל רדלר אשכו,מיליליטרים,500.00,"100 מ""ל",false,1,8.90,1.78,true,1,
9310072028750,false,טים טם דאבל 200 גרם,,,טים טם דאבל 200 גרם,גרמים,200.00,100 גרם,false,1,21.70,10.85,true,1,
9414416305528,false,יין פרייבט בין סוביניון בלאן 750 מל,,,יין פרייבט בין סובינ,Unknown,0.00,Unknown,false,1,88.90,88.90,true,1,
9414416501876,false,"יין פרייבט בין שרדונה 750 מ""ל וילה מריה",,,יין פרייבט בין שרדונ,Unknown,0.00,Unknown,false,1,88.90,88.90,true,1,
9771565051066,false,ידיעות אחרונות שישי,,,ידיעות אחרונות שישי,Unknown,0.00,Unknown,false,1,20.00,20.00,true,1,
9871184221359,false,גאודה הולנדית 30% במשקל,,,גאודה הולנדית 30%,Unknown,0.00,"ק""ג",true,0,90.00,90.00,true,1,
9871184221367,false,גאודה עיזים הולנדית במשקל,,,גאודה עיזים הולנדית,Unknown,0.00,"ק""ג",true,0,133.00,133.00,true,1,
