code,internal_code,name,manufacturer_name,manufacture_country,manufacturer_item_description,unit_qty,quantity,unit_of_measure,weighted,qty_in_package,price,unit_of_measure_price,allow_discount,status,item_id
-999,true,~מב~~צע ~מ~~ק~~ס~~~יום הולדת,לפ קואופ ישראל רשת סופרמר,,,"י""ח",200,ל גרם,false,1,5,2.50,false,1,
39,true,ב 39 תו קניה,שונות /שרות,,,"י""ח",1,,false,1,10,10,false,1,
80,true,דג קורבינה קפוא שקילה,ב ספק דגים קפואים,,,"ק""ג",1,,true,1,34.99,34.99,false,1,
151,true,עוף טחון טרי {קצביה]**,ח.י. מעדני גורמה בעמ,,,"ק""ג",1,,true,1,49.90,49.90,true,1,
352,true,חסה עגולה,ביכורי השדה צפון 1994 ג.ד. בעמ,,,"י""ח",1,,false,1,6.90,6.90,false,1,
353,true,גינגר תפזורת,ביכורי השדה צפון 1994 ג.ד. בעמ,,,"ק""ג",1,,true,1,40.90,40.90,false,1,
504,true,אנונה,ביכורי השדה צפון 1994 ג.ד. בעמ,,,"ק""ג",1,,true,1,24.90,24.90,false,1,
505,true,אבוקדו,ביכורי השדה צפון 1994 ג.ד. בעמ,,,"ק""ג",1,"ק""ג",true,1,7.90,7.90,false,1,
506,true,אבטיח,ביכורי השדה צפון 1994 ג.ד. בעמ,,,"ק""ג",1,"ק""ג",true,1,5.90,5.90,false,1,
507,true,אפרסק מובחר,ביכורי השדה צפון 1994 ג.ד. בעמ,,,"ק""ג",1,"ק""ג",true,1,6.90,6.90,false,1,
509,true,קסביה,ביכורי השדה צפון 1994 ג.ד. בעמ,,,"ק""ג",1,"ק""ג",true,1,14.90,14.90,false,1,
510,true,אגסים,ביכורי השדה צפון 1994 ג.ד. בעמ,,,"ק""ג",1,"ק""ג",true,1,11.90,11.90,false,1,
511,true,אגס קטן,ביכורי השדה צפון 1994 ג.ד. בעמ,,,"י""ח",1,,true,1,7.90,7.90,false,1,
512,true,אגס חום,ביכורי השדה צפון 1994 ג.ד. בעמ,,,"ק""ג",1,,true,1,11.90,11.90,false,1,
515,true,אפרסמון,ביכורי השדה צפון 1994 ג.ד. בעמ,,,"ק""ג",1,"ק""ג",true,1,11.90,11.90,false,1,
516,true,קרמבולה,ביכורי השדה צפון 1994 ג.ד. בעמ,,,"ק""ג",1,,true,1,39.90,39.90,false,1,
522,true,אננס.,ביכורי השדה צפון 1994 ג.ד. בעמ,,,"י""ח",1,,false,1,29.90,29.90,false,1,
523,true,אשכולית אדומה,ביכורי השדה צפון 1994 ג.ד. בעמ,,,"ק""ג",1,"ק""ג",true,1,6.90,6.90,false,1,
525,true,אשכולית,ביכורי השדה צפון 1994 ג.ד. בעמ,,,"ק""ג",1,"ק""ג",true,1,5.90,5.90,false,1,
529,true,חזרת,ביכורי השדה צפון 1994 ג.ד. בעמ,,,"ק""ג",1,"ק""ג",true,1,39.90,39.90,false,1,
530,true,בננה.,ביכורי השדה צפון 1994 ג.ד. בעמ,,,"ק""ג",1,"ק""ג",true,1,5.90,5.90,false,1,
532,true,חבושים,ביכורי השדה צפון 1994 ג.ד. בעמ,,,"ק""ג",1,"ק""ג",true,1,24.90,24.90,false,1,
533,true,גויאבה,ביכורי השדה צפון 1994 ג.ד. בעמ,,,"ק""ג",1,"ק""ג",true,1,19.90,19.90,false,1,
535,true,לימון,ביכורי השדה צפון 1994 ג.ד. בעמ,,,"ק""ג",1,"ק""ג",true,1,7.90,7.90,false,1,
536,true,פמלה,ביכורי השדה צפון 1994 ג.ד. בעמ,,,"ק""ג",1,"ק""ג",true,1,6.90,6.90,false,1,
537,true,לימון ברשת,ביכורי השדה צפון 1994 ג.ד. בעמ,,,"ק""ג",1,"ק""ג",true,1,7.90,7.90,false,1,
540,true,מלון,ביכורי השדה צפון 1994 ג.ד. בעמ,,,"ק""ג",1,"ק""ג",true,1,6.90,6.90,false,1,
543,true,מנגו,ביכורי השדה צפון 1994 ג.ד. בעמ,,,"ק""ג",1,"ק""ג",true,1,11.90,11.90,false,1,
546,true,פפאיה,ביכורי השדה צפון 1994 ג.ד. בעמ,,,"ק""ג",1,,true,1,20.90,20.90,false,1,
553,true,ענב אדום,ביכורי השדה צפון 1994 ג.ד. בעמ,,,"ק""ג",1,"ק""ג",true,1,15.90,15.90,false,1,
554,true,ענבים לבן .,ביכורי השדה צפון 1994 ג.ד. בעמ,,,"ק""ג",1,"ק""ג",true,1,23.90,23.90,false,1,
557,true,פמלית,ביכורי השדה צפון 1994 ג.ד. בעמ,,,"ק""ג",1,"ק""ג",true,1,9.90,9.90,false,1,
560,true,קלמנטינה,ביכורי השדה צפון 1994 ג.ד. בעמ,,,"ק""ג",1,"ק""ג",true,1,4.90,4.90,false,1,
563,true,קיווי.,ביכורי השדה צפון 1994 ג.ד. בעמ,,,"ק""ג",1,"ק""ג",true,1,14.90,14.90,false,1,
564,true,רימונים,ביכורי השדה צפון 1994 ג.ד. בעמ,,,"ק""ג",1,"ק""ג",true,1,7.90,7.90,false,1,
566,true,שזיף אדום.,ביכורי השדה צפון 1994 ג.ד. בעמ,,,"ק""ג",1,"ק""ג",true,1,15.90,15.90,false,1,
575,true,תפוז תבורי.,ביכורי השדה צפון 1994 ג.ד. בעמ,,,"ק""ג",1,"ק""ג",true,1,2.90,2.90,false,1,
580,true,תפוח אנה,ביכורי השדה צפון 1994 ג.ד. בעמ,,,"ק""ג",1,"ק""ג",true,1,9.90,9.90,false,1,
581,true,תפוח יונתן,ביכורי השדה צפון 1994 ג.ד. בעמ,,,"ק""ג",1,"ק""ג",true,1,11.90,11.90,false,1,
583,true,תפוח סמיט ירוק,ביכורי השדה צפון 1994 ג.ד. בעמ,,,"ק""ג",1,"ק""ג",true,1,9.90,9.90,false,1,
585,true,תפוח חרמון,ביכורי השדה צפון 1994 ג.ד. בעמ,,,"ק""ג",1,"ק""ג",true,1,9.90,9.90,false,1,
586,true,תפוז ברשת,ביכורי השדה צפון 1994 ג.ד. בעמ,,,"ק""ג",1,,true,1,4.90,4.90,false,1,
587,true,קלמנטינה ברשת,ביכורי השדה צפון 1994 ג.ד. בעמ,,,"ק""ג",1,,true,1,4.90,4.90,false,1,
588,true,תפוח גלה,ביכורי השדה צפון 1994 ג.ד. בעמ,,,"ק""ג",1,"ק""ג",true,1,13.90,13.90,false,1,
590,true,תפוח זהוב.,ביכורי השדה צפון 1994 ג.ד. בעמ,,,"ק""ג",1,"ק""ג",true,1,9.90,9.90,false,1,
594,true,סברס,ביכורי השדה צפון 1994 ג.ד. בעמ,,,"ק""ג",1,"ק""ג",true,1,29.90,29.90,false,1,
600,true,לימון בלדי-קטן,ביכורי השדה צפון 1994 ג.ד. בעמ,,,"ק""ג",1,,true,1,14.90,14.90,false,1,
603,true,פטרוזיליה רגילה לא ארוז,ביכורי השדה צפון 1994 ג.ד. בעמ,,,"י""ח",1,,false,1,4.90,4.90,false,1,
604,true,נענע רגילה לא ארוז,ביכורי השדה צפון 1994 ג.ד. בעמ,,,"י""ח",1,,false,1,3.90,3.90,false,1,
605,true,בצל יבש,ביכורי השדה צפון 1994 ג.ד. בעמ,,,"ק""ג",1,"ק""ג",true,1,3.90,3.90,false,1,
606,true,בצל אדום,ביכורי השדה צפון 1994 ג.ד. בעמ,,,"ק""ג",1,"ק""ג",true,1,5.90,5.90,false,1,
607,true,בצל לבן,ביכורי השדה צפון 1994 ג.ד. בעמ,,,"ק""ג",1,,true,1,3.90,3.90,false,1,
608,true,בצל ירוק,ביכורי השדה צפון 1994 ג.ד. בעמ,,,"י""ח",1,,false,1,5.90,5.90,false,1,
610,true,ברוקולי יחידה,ביכורי השדה צפון 1994 ג.ד. בעמ,,,"י""ח",1,,false,1,12.90,12.90,false,1,
612,true,בטטה,ביכורי השדה צפון 1994 ג.ד. בעמ,,,"ק""ג",1,"ק""ג",true,1,6.90,6.90,false,1,
620,true,דלעת,ביכורי השדה צפון 1994 ג.ד. בעמ,,,"ק""ג",1,"ק""ג",true,1,12.90,12.90,false,1,
622,true,דלורית,ביכורי השדה צפון 1994 ג.ד. בעמ,,,"ק""ג",1,"ק""ג",true,1,4.90,4.90,false,1,
625,true,חציל,ביכורי השדה צפון 1994 ג.ד. בעמ,,,"ק""ג",1,"ק""ג",true,1,5.90,5.90,false,1,
629,true,7290113198470ירק בתפזורת,ביכורי השדה צפון 1994 ג.ד. בעמ,,,"י""ח",1,,false,1,3.90,3.90,false,1,
630,true,כרוב לבן,ביכורי השדה צפון 1994 ג.ד. בעמ,,,"ק""ג",1,"ק""ג",true,1,2.90,2.90,false,1,
633,true,כרוב אדום,ביכורי השדה צפון 1994 ג.ד. בעמ,,,"ק""ג",1,"ק""ג",true,1,3.90,3.90,false,1,
635,true,כרובית,ביכורי השדה צפון 1994 ג.ד. בעמ,,,"י""ח",1,"ק""ג",false,1,13.90,13.90,false,1,
643,true,כוסברה רגילה לא ארוז,ביכורי השדה צפון 1994 ג.ד. בעמ,,,"י""ח",1,,false,1,3.90,3.90,false,1,
644,true,חסה אמריקאית,ביכורי השדה צפון 1994 ג.ד. בעמ,,,"י""ח",1,,false,1,7.90,7.90,false,1,
645,true,מלפפון.,ביכורי השדה צפון 1994 ג.ד. בעמ,,,"ק""ג",1,"ק""ג",true,1,5.90,5.90,false,1,
659,true,סלק אדום,ביכורי השדה צפון 1994 ג.ד. בעמ,,,"ק""ג",1,"ק""ג",true,1,4.90,4.90,false,1,
660,true,עגבניה.,ביכורי השדה צפון 1994 ג.ד. בעמ,,,"ק""ג",1,"ק""ג",true,1,5.90,5.90,false,1,
661,true,עגבניה שרי תפזורת,ביכורי השדה צפון 1994 ג.ד. בעמ,,,"ק""ג",1,,true,1,18.90,18.90,false,1,
663,true,פלפל חריף ירוק,ביכורי השדה צפון 1994 ג.ד. בעמ,,,"ק""ג",1,"ק""ג",true,1,7.90,7.90,false,1,
665,true,פלפל כהה,ביכורי השדה צפון 1994 ג.ד. בעמ,,,"ק""ג",1,"ק""ג",true,1,7.90,7.90,false,1,
666,true,פלפל צהוב,ביכורי השדה צפון 1994 ג.ד. בעמ,,,"ק""ג",1,"ק""ג",true,1,7.90,7.90,false,1,
667,true,גמבה אדומה,ביכורי השדה צפון 1994 ג.ד. בעמ,,,"ק""ג",1,"ק""ג",true,1,11.90,11.90,false,1,
680,true,צנון,ביכורי השדה צפון 1994 ג.ד. בעמ,,,"ק""ג",1,"ק""ג",true,1,8.90,8.90,false,1,
684,true,זנגביל,ביכורי השדה צפון 1994 ג.ד. בעמ,,,"ק""ג",1,,true,1,29.90,29.90,false,1,
685,true,קישואים.,ביכורי השדה צפון 1994 ג.ד. בעמ,,,"ק""ג",1,"ק""ג",true,1,6.90,6.90,false,1,
687,true,קולורבי,ביכורי השדה צפון 1994 ג.ד. בעמ,,,"ק""ג",1,"ק""ג",true,1,7.90,7.90,false,1,
689,true,7290016150117שום ארוז.,ביכורי השדה צפון 1994 ג.ד. בעמ,,,"י""ח",1,,false,1,8.90,8.90,true,1,
690,true,שומר,ביכורי השדה צפון 1994 ג.ד. בעמ,,,"ק""ג",1,"ק""ג",true,1,5.90,5.90,false,1,
692,true,שום טרי.,ביכורי השדה צפון 1994 ג.ד. בעמ,,,"ק""ג",1,,true,1,24.90,24.90,false,1,
698,true,תירס קלחים טרי ארוז.,ביכורי השדה צפון 1994 ג.ד. בעמ,,,"ק""ג",1,"ק""ג",true,1,9.90,9.90,false,1,
699,true,תפוח אדמה אדום.,ביכורי השדה צפון 1994 ג.ד. בעמ,,,"ק""ג",1,"ק""ג",true,1,4.90,4.90,false,1,
700,true,תפוח אדמה לבן ארוז,ביכורי השדה צפון 1994 ג.ד. בעמ,,,"ק""ג",1,"ק""ג",true,1,3.90,3.90,false,1,
702,true,"תפו""א לאפיה",ביכורי השדה צפון 1994 ג.ד. בעמ,,,"ק""ג",1,,true,1,2.90,2.90,false,1,
712,true,חציל בלאדי,ביכורי השדה צפון 1994 ג.ד. בעמ,,,"ק""ג",1,,true,1,5.90,5.90,false,1,
716,true,פלפל כתום,ביכורי השדה צפון 1994 ג.ד. בעמ,,,"ק""ג",1,"ק""ג",true,1,7.90,7.90,false,1,
720,true,אבוקדו ברשת,ביכורי השדה צפון 1994 ג.ד. בעמ,,,"ק""ג",1,,true,1,7.90,7.90,false,1,
723,true,תפוח פינק ישראלי.,ביכורי השדה צפון 1994 ג.ד. בעמ,,,"ק""ג",1,,true,1,19.90,19.90,false,1,
734,true,קובו,ביכורי השדה צפון 1994 ג.ד. בעמ,,,"ק""ג",1,,true,1,29.90,29.90,false,1,
735,true,קישוא זוקיני,ביכורי השדה צפון 1994 ג.ד. בעמ,,,"ק""ג",1,,true,1,6.90,6.90,false,1,
770,true,פלפל שושקה,ביכורי השדה צפון 1994 ג.ד. בעמ,,,"ק""ג",1,,true,1,15.90,15.90,false,1,
821,true,תפוח פינק,ביכורי השדה צפון 1994 ג.ד. בעמ,,,"ק""ג",1,"ק""ג",true,1,19.90,19.90,false,1,
868,true,חצי בגט,שונות /שרות,,,"י""ח",1,,false,1,3,3,false,1,
891,true,אפרסמון קרמבו.,ביכורי השדה צפון 1994 ג.ד. בעמ,,,"ק""ג",1,"ק""ג",true,1,11.90,11.90,false,1,
978,true,חסה,ביכורי השדה צפון 1994 ג.ד. בעמ,,,"י""ח",1,,false,1,6.90,6.90,false,1,
1074,true,כרוב אדום,ביכורי השדה צפון 1994 ג.ד. בעמ,,,"ק""ג",1,,true,1,3.90,3.90,false,1,
1111,true,סט שולחן פלוס 6 כסאות ארוח פלייר,שונות /שרות,,,"י""ח",1,,false,1,45,45,false,1,
1616,true,כוסברה,ביכורי השדה צפון 1994 ג.ד. בעמ,,,"י""ח",1,,false,1,6.90,6.90,true,1,
2061,true,סטייק עם עצם טרי**.,ח.י. מעדני גורמה בעמ,,,"ק""ג",1,,true,1,119.90,119.90,false,1,
2065,true,צלי כתף טרי/מצונן**,ח.י. מעדני גורמה בעמ,,,"ק""ג",1,,true,1,99.90,99.90,false,1,
2066,true,פילה מדומה טרי/מצונן**,ח.י. מעדני גורמה בעמ,,,"ק""ג",1,,true,1,84.90,84.90,true,1,
2067,true,אוסובוקו טרי**,ח.י. מעדני גורמה בעמ,,,"ק""ג",1,,true,1,59.90,59.90,true,1,
2068,true,שריר טרי/מצונן**,ח.י. מעדני גורמה בעמ,,,"ק""ג",1,"ק""ג",true,1,69.90,69.90,true,1,
2069,true,צוואר טרי /מצונן חלק**,ח.י. מעדני גורמה בעמ,,,"ק""ג",1,"ק""ג",true,1,64.90,64.90,true,1,
3416,true,קוקטייל עוף טרי מקוצב,ח.י. מעדני גורמה בעמ,,,"ק""ג",1,,true,1,49.90,49.90,true,1,
3535,true,ממתקים במשקל,לפ אנרבר תעשיות מזון,,,"ק""ג",1,,true,1,20,20,false,1,
4443,true,סופגניה רגילה עם ריבה.,שונות /שרות,,,"י""ח",1,,false,1,4.90,4.90,true,1,
4444,true,סופגניה פרימיום מצופות.,ג נרל מילס ישראל בעמ,,,"י""ח",1,,false,1,5.90,5.90,true,1,
5506,true,אבטיח אישי,ביכורי השדה צפון 1994 ג.ד. בעמ,,,"ק""ג",1,,true,1,7.90,7.90,false,1,
5545,true,ענב אדום שקיל,ביכורי השדה צפון 1994 ג.ד. בעמ,,,"ק""ג",1,,true,1,15.90,15.90,false,1,
6807,true,צנון אוצר הארץ,ביכורי השדה צפון 1994 ג.ד. בעמ,,,"ק""ג",1,"ק""ג",true,1,9.90,9.90,false,1,
7100,true,מבצע ראש השנה,שונות /שרות,,,"י""ח",1,,false,1,0.10,0.10,false,1,
7554,true,ענבים לבן שמיטה,ביכורי השדה צפון 1994 ג.ד. בעמ,,,"ק""ג",1,,true,1,23.90,23.90,false,1,
7560,true,קלמנטינה שמיטה,ביכורי השדה צפון 1994 ג.ד. בעמ,,,"ק""ג",1,,true,1,4.90,4.90,false,1,
8027,true,תרומה ילדים בסיכוי,שונות /שרות,,,"י""ח",1,,false,1,10,10,false,1,
9343,true,קופון הנחה פיצה שלושת האופים ב5ש,נטו מלינדה סחר בעמ,,,"י""ח",1,,false,1,0.01,0.01,false,1,
18163,true,קישואים,פלאפל הגשר מרכז,,,"ק""ג",0,"ק""ג",true,1,5.90,5.90,false,1,
24202,true,רזרב קברנה סובניון ברקן,טמפו משקאות בעמ,,,"י""ח",750,"ל מ""ל",false,1,44.90,5.95,true,1,
24516,true,"יין לבן עלמון אסמבלאז 750מ""ל",טמפו משקאות בעמ,,,"י""ח",750,"ל מ""ל",false,1,59.90,7.95,true,1,
40442,true,עצמות בקר למרק טרי**,ח.י. מעדני גורמה בעמ,,,"ק""ג",1,,true,1,19.90,19.90,false,1,
40974,true,חלב טרי דל לקטוז 1 ליטר,תנובה בעמ ***,,,"י""ח",1,ליטר,false,1,7.20,7.20,false,1,
41012,true,שניצל עגל טרי/מצונן**,ח.י. מעדני גורמה בעמ,,,"ק""ג",1,,true,1,79.90,79.90,false,1,
41042,true,דואט למרק **,ח.י. מעדני גורמה בעמ,,,"ק""ג",1,,true,1,16.90,16.90,true,1,
41212,true,סטייק פרגיות עוף טרי**,ח.י. מעדני גורמה בעמ,,,"ק""ג",1,,true,1,79.90,79.90,true,1,
41218,true,גרון עוף טרי **,ח.י. מעדני גורמה בעמ,,,"ק""ג",1,,true,1,14.90,14.90,true,1,
41235,true,רצועות שוארמה הודו**,ח.י. מעדני גורמה בעמ,,,"ק""ג",1,,true,1,74.90,74.90,false,1,
41265,true,עצמות מח/ברך טרי**,ח.י. מעדני גורמה בעמ,,,"ק""ג",1,,true,1,39.90,39.90,false,1,
41268,true,אסאדו עם עצם טרי**,ח.י. מעדני גורמה בעמ,,,"ק""ג",1,,true,1,79.90,79.90,true,1,
41269,true,גולש עגל טרי/מצונן**,ח.י. מעדני גורמה בעמ,,,"ק""ג",1,,true,1,79.90,79.90,true,1,
41270,true,כנפית עוף **,ח.י. מעדני גורמה בעמ,,,"ק""ג",1,,true,1,21.90,21.90,true,1,
41271,true,אנטריקוט טרי/מצונן**,ח.י. מעדני גורמה בעמ,,,"ק""ג",1,,true,1,199,199,true,1,
41315,true,זוג עופיונים,ח.י. מעדני גורמה בעמ,,,"י""ח",1,,false,1,85,85,true,1,
41324,true,רוסטביף לתנור **,ח.י. מעדני גורמה בעמ,,,קוב,1,,true,1,89.90,89.90,false,1,
41326,true,צלי חזה בקר טרי **,ח.י. מעדני גורמה בעמ,,,"ק""ג",1,,true,1,69.90,69.90,true,1,
41360,true,חזה בקר טרי**,ח.י. מעדני גורמה בעמ,,,"ק""ג",1,,true,1,59.90,59.90,true,1,
41365,true,שומן טרי,ח.י. מעדני גורמה בעמ,,,"ק""ג",1,,true,1,29.90,29.90,false,1,
41379,true,שוקית כנף עוף **,ח.י. מעדני גורמה בעמ,,,"ק""ג",1,,true,1,21.90,21.90,true,1,
41425,true,"כתף בקר טרי בד""ץ**.",ח.י. מעדני גורמה בעמ,,,"ק""ג",1,,true,1,79.90,79.90,true,1,
41426,true,"צלעות בקר טרי בד""ץ **.",ח.י. מעדני גורמה בעמ,,,"ק""ג",1,,true,1,69.90,69.90,false,1,
41447,true,פרגית עוף לתנור עם עצם טרי**,ח.י. מעדני גורמה בעמ,,,"ק""ג",1,,true,1,59.90,59.90,true,1,
41659,true,אסאדו בלי עצם טרי**,ח.י. מעדני גורמה בעמ,,,"ק""ג",1,,true,1,79.90,79.90,true,1,
41680,true,דנוור סטייק טרי **.,ח.י. מעדני גורמה בעמ,,,"ק""ג",1,,true,1,118,118,false,1,
41996,true,מעורב ישראלי,ח.י. מעדני גורמה בעמ,,,"ק""ג",1,,true,1,69.90,69.90,true,1,
42209,true,טחון כתף/צלעות טרי **,ח.י. מעדני גורמה בעמ,,,"ק""ג",1,,true,1,59.90,59.90,true,1,
42323,true,אצבעות נגיסי עוף טרי**.,ח.י. מעדני גורמה בעמ,,,"ק""ג",1,,true,1,49.90,49.90,true,1,
46006,true,עמק שקילה *,תנובה בעמ ***,,,"ק""ג",1000,ל גרם,true,1,44.79,4.48,false,1,
46501,true,טל העמק שקיל,תנובה בעמ ***,,,"ק""ג",1000,ל גרם,true,1,58,5.80,false,1,
46662,true,.גבינה סקנדינבית,תנובה בעמ ***,,,"ק""ג",10,"ק""ג",true,1,79,7.90,false,1,
47027,true,גבינה קצ`קבל(גלעד) חריץ תנובה שקיל,תנובה בעמ ***,,,"ק""ג",1000,ל גרם,true,1,128,12.80,false,1,
47485,true,בולגרית פיראוס %24 שקיל,תנובה בעמ ***,,,"ק""ג",1,"ק""ג",true,1,62,62,false,1,
51352,true,חלב של פעם 1 ליטר,תנובה בעמ ***,,,"י""ח",1,ליטר,false,1,7.40,7.40,false,1,
51376,true,יופלה דיאט אננס ספורטיבי 150גר`,תנובה בעמ ***,,,"י""ח",150,ל גרם,false,1,5.20,3.47,false,1,
52311,true,עמק 15% פרוס בקופסא 200גר`,תנובה בעמ ***,,,"י""ח",200,ל גרם,false,1,16.40,8.20,true,1,
55329,true,"יופלה משקה יוגורט טעם תות-מלון 250מ""ל",תנובה בעמ ***,,,"י""ח",250,ל גרם,false,1,6,2.40,false,1,
55336,true,"יופלה משקה יוגורט טעם בננה-אפרסק 250מ""",תנובה בעמ ***,,,"י""ח",250,ל גרם,false,1,6,2.40,false,1,
55343,true,"יופלה משקה יוגורט טעם טרופי 250מ""ל",תנובה בעמ ***,,,"י""ח",250,ל גרם,false,1,6,2.40,false,1,
55893,true,חמאה 200גרם רגיל*תנובה,תנובה בעמ ***,,,"י""ח",200,ל גרם,false,1,7.80,3.90,false,1,
56883,true,מאגדת יופלה שמיניה פירות 3%,תנובה בעמ ***,,,"י""ח",1.20,ליטר,false,1,32.30,26.92,false,1,
56890,true,מאגדת יופלה שמיניה דיאט 0%,תנובה בעמ ***,,,"י""ח",1.20,ליטר,false,1,32.30,26.92,false,1,
57088,true,עמק דק 200גר`,תנובה בעמ ***,,,"י""ח",200,ל גרם,false,1,16.40,8.20,true,1,
57118,true,עמק סמי מעדניה 400גרם,תנובה בעמ ***,,,"י""ח",400,ל גרם,false,1,23.90,5.98,false,1,
57132,true,יוגורט תנובה 1.5% 200גרם,תנובה בעמ ***,,,"י""ח",200,ל גרם,false,1,3.20,1.60,false,1,
57149,true,יוגורט תנובה 3% 200גרם,תנובה בעמ ***,,,"י""ח",200,ל גרם,false,1,3.20,1.60,false,1,
58047,true,"שמנת מתוקה (38%תנובה)עם פקק 500 מ""ל*",תנובה בעמ ***,,,"י""ח",500,"ל מ""ל",false,1,12.94,2.59,false,1,
58979,true,ג לי בטעם תות 125גר,תנובה בעמ ***,,,"י""ח",125,"ל מ""ל",false,1,1.50,1.20,false,1,
60316,true,פרפקטו ספגטי,קבוצת אוסם סחר-שות.מוגבלת,,,"י""ח",500,ל גרם,false,1,9.70,1.94,false,1,
60903,true,פתיתים אפויים אורז אוסם,קבוצת אוסם סחר-שות.מוגבלת,,,"י""ח",500,ל גרם,false,1,7.80,1.56,true,1,
63142,true,פרגיות עוף טרי[קצביה]**מוזל,ח.י. מעדני גורמה בעמ,,,"ק""ג",1,"ק""ג",true,1,69.90,69.90,true,1,
65250,true,כנפיים עוף מוזל טרי,ח.י. מעדני גורמה בעמ,,,"ק""ג",1,,true,1,16.90,16.90,true,1,
69609,true,חטיפי קרקר זעתר 300גר`,קבוצת אוסם סחר-שות.מוגבלת,,,"י""ח",300,ל גרם,false,1,12.90,4.30,true,1,
69715,true,חטיפי קרקר מלוח 300גר`,קבוצת אוסם סחר-שות.מוגבלת,,,"י""ח",300,ל גרם,false,1,12.40,4.13,true,1,
72067,true,במבה חלבה 60גר`,קבוצת אוסם סחר-שות.מוגבלת,,,"י""ח",60,ל גרם,false,1,4.90,8.17,true,1,
73699,true,חומוס 150גר צבר,קבוצת אוסם סחר-שות.מוגבלת,,,"י""ח",150,ל גרם,false,1,5.80,3.87,false,1,
74481,true,לחמית אגוזים 230גרם,קבוצת אוסם סחר-שות.מוגבלת,,,"י""ח",230,ל גרם,false,1,9.90,4.30,true,1,
75693,true,עוגת שמרים בריוש שוקולד,קבוצת אוסם סחר-שות.מוגבלת,,,"י""ח",360,ל גרם,false,1,18.10,5.03,false,1,
77253,true,לחמית כפרית עם דגנים מלאים 190 ג`,קבוצת אוסם סחר-שות.מוגבלת,,,"י""ח",190,ל גרם,false,1,9.90,5.21,true,1,
77925,true,טוסטעים צנימים עגולים חיטה מלאה 125גר`,קבוצת אוסם סחר-שות.מוגבלת,,,"י""ח",125,ל גרם,false,1,12.20,9.76,false,1,
103839,true,מרק כתום 572גרם סנפרוסט,תנובה בשר,,,"י""ח",572,ל גרם,false,1,19.90,3.48,true,1,
110851,true,כיפלי חטיף בצל,יוניליוור ישראל שיווק בעמ,,,"י""ח",70,ל גרם,false,1,6.50,9.29,false,1,
116884,true,רוטב ברביקיו-קנור 340גרם,יוניליוור ישראל שיווק בעמ,,,"י""ח",340,ל גרם,false,1,11.90,3.50,true,1,
116945,true,רוטב סויה-קנור 340גרם,יוניליוור ישראל שיווק בעמ,,,"י""ח",340,ל גרם,false,1,11.90,3.50,true,1,
120874,true,מיונז הלמנס לייט 424גרם,יוניליוור ישראל שיווק בעמ,,,"י""ח",424,ל גרם,false,1,13.90,3.28,false,1,
135595,true,פפסי מקס טעם דובדבן 1.5 ליטר,טמפו משקאות בעמ,,,"י""ח",1.50,ליטר,false,1,7.50,4.80,true,1,
136141,true,פפסי 1.5 ליטר.,טמפו משקאות בעמ,,,"י""ח",150,"ל מ""ל",false,1,7.90,5.07,true,1,
136165,true,מירנדה 1.5 ליטר,טמפו משקאות בעמ,,,"י""ח",1.50,ליטר,false,1,7.90,5.07,true,1,
136189,true,7-UP דיאט 1.5 ליטר,טמפו משקאות בעמ,,,"י""ח",1.50,ליטר,false,1,7.20,4.60,true,1,
136516,true,ג אמפ מנגו פסיפלורה 1.5 ליטר,טמפו משקאות בעמ,,,"י""ח",1.50,ליטר,false,1,7.50,4.80,true,1,
136523,true,ג אמפ ענבים 1.5 ליטר,טמפו משקאות בעמ,,,"י""ח",1.50,ליטר,false,1,7.50,4.80,true,1,
136806,true,סודה לימון ליים 1.5ליטר רביעייה,טמפו משקאות בעמ,,,"י""ח",6,ליטר,false,1,12.50,1.88,true,1,
136813,true,סודה אננס 1.5ליטר רביעייה.,טמפו משקאות בעמ,,,"י""ח",6,ליטר,false,1,12.50,1.88,true,1,
136837,true,סודה נגיעות אפרסק 1.5ליטר רביעייה.,טמפו משקאות בעמ,,,"י""ח",6,ליטר,false,1,12.50,1.88,true,1,
136868,true,סאן בנדטו שישיה 1.5 ל,טמפו משקאות בעמ,,,"י""ח",9,ליטר,false,1,19.90,2.01,false,1,
136905,true,סודה אננס 1.5ל,טמפו משקאות בעמ,,,"י""ח",1.50,ליטר,false,1,6.20,3.93,true,1,
152943,true,מארז סלמי+פסטרמה 350*2,קבוצת אוסם סחר-שות.מוגבלת,,,"י""ח",700,ל גרם,false,1,29.90,4.27,true,1,
168173,true,ברנפלקס קראנצ`ים 375גרם,יוניליוור ישראל שיווק בעמ,,,"י""ח",500,ל גרם,false,1,22.90,4.58,false,1,
169538,true,נמס בכוס מרק עגבניות עם קרוטונים 62 ג`ב,יוניליוור ישראל שיווק בעמ,,,"י""ח",34,ל גרם,false,1,8.50,25,true,1,
169798,true,"עוגי מופחת סוכר 500 ג בד""ץ",יוניליוור ישראל שיווק בעמ,,,"י""ח",500,ל גרם,false,1,21.90,4.38,true,1,
176420,true,111,שטראוס גרופ בעמ,,,"י""ח",200,"ל מ""ל",false,1,19.90,9.95,false,1,
185330,true,סילאן טבעי 900ג,תה ויסוצקי (ישראל)בעמ,,,"י""ח",900,ל גרם,false,1,24.90,2.77,true,1,
187853,true,נייר טואלט לילי לבן 1/40,קימברלי קלארק ישראל שיווק בעמ,,,"י""ח",40,"י""ח",false,1,46.90,1.17,true,1,
188355,true,מגבות ניקול לבנה 1/6,קימברלי קלארק ישראל שיווק בעמ,,,"י""ח",66.20,מטר,false,1,12.90,0.19,true,1,
188386,true,מגבות ניקול לבנה 1/12,קימברלי קלארק ישראל שיווק בעמ,,,"י""ח",132.40,מארז,false,1,22.90,0.17,false,1,
188553,true,מגני תחתון קוטקס SILK נורמל,קימברלי קלארק ישראל שיווק בעמ,,,"י""ח",1,"י""ח",false,1,22.90,22.90,true,1,
189277,true,.תבניות מלבניות גדולות ועמוקות,קימברלי קלארק ישראל שיווק בעמ,,,"י""ח",1,,false,1,14.40,14.40,false,1,
189871,true,#ניקול אשפתון פחים גדולים 55יח,קימברלי קלארק ישראל שיווק בעמ,,,"י""ח",55,"י""ח",false,1,23.90,0.43,true,1,
190198,true,מטליות לחות לניקוי נירוסטה,קימברלי קלארק ישראל שיווק בעמ,,,"י""ח",1,,false,1,12.90,12.90,false,1,
191645,true,האגיס רך נולד NB,קימברלי קלארק ישראל שיווק בעמ,,,"י""ח",1,,false,1,34.90,34.90,false,1,
192581,true,מגבות ניקול גליל כפול 6=12,קימברלי קלארק ישראל שיווק בעמ,,,"י""ח",6,"י""ח",false,1,21.90,3.65,false,1,
194288,true,משטח החתלה,קימברלי קלארק ישראל שיווק בעמ,,,"י""ח",1,,false,1,29,29,false,1,
195216,true,נייר אפיה לתנור בשקית 50יח,קימברלי קלארק ישראל שיווק בעמ,,,"י""ח",1,"י""ח",false,1,11.90,11.90,false,1,
196763,true,שקיות אשפה ניקול גדול,קימברלי קלארק ישראל שיווק בעמ,,,"י""ח",1,"י""ח",false,1,24.90,24.90,true,1,
197425,true,האגיס פרידום דריי שלב 3,קימברלי קלארק ישראל שיווק בעמ,,,"י""ח",54,"י""ח",false,1,45.90,0.85,true,1,
197456,true,האגיס פרידום דריי שלב 4,קימברלי קלארק ישראל שיווק בעמ,,,"י""ח",44,"י""ח",false,1,45.90,1.04,true,1,
197463,true,האגיס פרידום דריי שלב 4+,קימברלי קלארק ישראל שיווק בעמ,,,"י""ח",42,"י""ח",false,1,45.90,1.09,true,1,
197548,true,האגיס פרידום דריי שלב 5,קימברלי קלארק ישראל שיווק בעמ,,,"י""ח",38,"י""ח",false,1,45.90,1.21,true,1,
197678,true,18571736האגיס פרידום דריי שלב 6,קימברלי קלארק ישראל שיווק בעמ,,,"י""ח",34,"י""ח",false,1,45.90,1.35,true,1,
201818,true,טיטולים פרמיום שלב 2,קימברלי קלארק ישראל שיווק בעמ,,,"י""ח",1,"י""ח",false,1,36.90,36.90,true,1,
204512,true,מטליות לחות לרצפה בריח לימון,קימברלי קלארק ישראל שיווק בעמ,,,"י""ח",1,"י""ח",false,1,12.50,12.50,false,1,
205915,true,האגיס אקסטרא קר מידה 4,קימברלי קלארק ישראל שיווק בעמ,,,"י""ח",1,"י""ח",false,1,57.90,57.90,true,1,
209371,true,שלשות תירס 6OZ,זנלכל בעמ,,,"י""ח",600,ל גרם,false,1,16.90,2.82,false,1,
209388,true,תירס לייט 150 ג שלישיה,זנלכל בעמ,,,"י""ח",1,,false,1,16.90,16.90,false,1,
210896,true,רוטב בולונז לפסטה 240 גר`פלסטיק,זנלכל בעמ,,,"י""ח",240,ל גרם,false,1,6.50,2.71,false,1,
253374,true,מיני שוקולד ציפס 250גר אופנהיימר,תה ויסוצקי (ישראל)בעמ,,,"י""ח",250,ל גרם,false,1,15.90,6.36,false,1,
311869,true,וופל שוקולד ללא סוכר 180ג מן,ח.כהן סוכנות מזון ומשקאות בע,,,"י""ח",180,ל גרם,false,1,9.50,5.28,false,1,
311876,true,"וופלים וניל לל""ס 180גר מן",ח.כהן סוכנות מזון ומשקאות בע,,,"י""ח",200,ל גרם,false,1,9.50,4.75,false,1,
319803,true,קבנוס קלאסי 125ג,מעדני יחיעם 1993 בעמ,,,"י""ח",125,ל גרם,false,1,14.90,11.92,true,1,
327020,true,"פפסי שישייה פחיות 330מ""ל",טמפו משקאות בעמ,,,"י""ח",1.98,ליטר,false,1,19.90,9.14,false,1,
327051,true,"סודה בטעם אננס 500מ""ל שישייה",טמפו משקאות בעמ,,,"י""ח",3,ליטר,false,1,15.90,4.70,false,1,
364285,true,סלסולי פסטרמה הודו 120גר`,תנובה בשר,,,"י""ח",120,ל גרם,false,1,17.90,14.92,false,1,
364292,true,סלסולי פסטרמה גחלים 120גר`,תנובה בשר,,,"י""ח",120,ל גרם,false,1,17.90,14.92,false,1,
379240,true,חלה רגילה מרובעת 500 גרם*,שלמה א.אנג ל בעמ,,,"י""ח",500,ל גרם,false,1,5.10,1.02,false,1,
379524,true,לחמניה קשר,שלמה א.אנג ל בעמ,,,"י""ח",1,,false,1,2.50,2.50,false,1,
379531,true,לחמניה קלועה מונדלך קטן מתוק,שלמה א.אנג ל בעמ,,,"י""ח",125,ל גרם,false,1,2.90,2.32,false,1,
379609,true,לחמניה ארוכה שומשום,שלמה א.אנג ל בעמ,,,"י""ח",1,,false,1,4.20,4.20,false,1,
379944,true,"קמח אנג ל 1ק""ג",שלמה א.אנג ל בעמ,,,"י""ח",1,מארז,false,1,5.90,5.90,false,1,
415789,true,קובה בשר נבולוסיה 800 ג`יסמין,עת -רן (1996) בעמ,,,"י""ח",800,ל גרם,false,1,39.90,4.99,false,1,
415796,true,סיגרים בשר 800 ג`יסמין,עת -רן (1996) בעמ,,,"י""ח",800,ל גרם,false,1,45.90,5.74,false,1,
416809,true,ממרח שחר חצי חצי מובחר למריחה 350 חלבי,השחר העולה תעשית ממתקים,,,"י""ח",350,ל גרם,false,1,12.90,3.69,true,1,
416922,true,ממרח חלב שחר 350 חלבי,השחר העולה תעשית ממתקים,,,"י""ח",350,ל גרם,false,1,10.90,3.11,true,1,
419374,true,מארז לנדוור טחון טורקי 3*100גרם,ש.שסטוביץ בעמ,,,"י""ח",200,ל גרם,false,1,19.90,9.95,false,1,
453408,true,בצק פיצה דק ומוכן לאפיה שמרית 415גר,שטראוס גרופ ***בעמ,,,"י""ח",415,ל גרם,false,1,16.90,4.07,false,1,
453415,true,בצק עלים מצונן ומוכן לאפיה שמרית 300גר,שטראוס גרופ ***בעמ,,,"י""ח",300,ל גרם,false,1,15.90,5.30,false,1,
453422,true,בצק פילו מוכן לאפיה שמרית 300גר,שטראוס גרופ ***בעמ,,,"י""ח",300,ל גרם,false,1,15.90,5.30,false,1,
453446,true,פיצה קראסט שמרית 500גר,שטראוס גרופ ***בעמ,,,"י""ח",500,ל גרם,false,1,19.90,3.98,true,1,
453866,true,נטורינה קוקוס 200גר,שטראוס גרופ ***בעמ,,,"י""ח",200,ל גרם,false,1,7.90,3.95,false,1,
518220,true,סוכרה דיאט 100 יח.,מתוק וקל בעמ,,,"י""ח",100,"י""ח",false,1,29.90,0.30,false,1,
518336,true,צמר גפן מתוק,מתוק וקל בעמ,,,"י""ח",25,ל גרם,false,1,4.90,19.60,true,1,
521015,true,יין סגל לבן,טמפו משקאות בעמ,,,"י""ח",750,"ל מ""ל",false,1,22.90,3.01,true,1,
523804,true,"מלח עדין 1 ק""ג צנצנת הארץ",סוגת תעשיות בעמ,,,"י""ח",1,"ק""ג",false,1,7.30,7.30,false,1,
524191,true,עוגיות מובחרות כעכים ריפעת,שיבולים ייצור ושיווק מאפה בעמ,,,"י""ח",400,ל גרם,false,1,13.90,3.48,false,1,
540931,true,עוגיות 400ג טעמים שונים,ציון תורגמן בעמ,,,"י""ח",400,ל גרם,false,1,12.90,3.23,false,1,
554006,true,קשקבלו מחלבות גד שקיל,מחלבות גד,,,"ק""ג",1,,true,1,134,134,false,1,
554532,true,צפתית גד מעודנת 5% במלח ים טבעי 200 ג,מחלבות גד,,,"י""ח",200,"ל מ""ל",false,1,14.90,7.45,true,1,
554815,true,גבינה מוצרלה משק}גד{,מחלבות גד,,,"ק""ג",1,,true,1,86,86,false,1,
555502,true,אריזת פקדון(חוק פקדון),שונות /שרות,,,"י""ח",1,,false,1,0.30,0.30,false,1,
555503,true,פיקדון X 6,שונות /שרות,,,"י""ח",1,,false,1,1.80,1.80,false,1,
555504,true,פיקדון X 4,שונות /שרות,,,"י""ח",1,,false,1,1.20,1.20,false,1,
555513,true,פיקדון *5בקבוקים,טמפו משקאות בעמ,,,"י""ח",1,,false,1,1.50,1.50,false,1,
630519,true,עוף טרי שלם מוכשר(קצביה)**.,ח.י. מעדני גורמה בעמ,,,"ק""ג",1,"ק""ג",true,1,21.90,21.90,false,1,
631059,true,כבד עוף טרי(קצביה) **.,ח.י. מעדני גורמה בעמ,,,"ק""ג",1,"ק""ג",true,1,29.90,29.90,true,1,
632278,true,שניצל עוף פרימיום נקי ודק דק[קצביה].,ח.י. מעדני גורמה בעמ,,,"ק""ג",1,"ק""ג",true,1,49.90,49.90,true,1,
632308,true,חזה עוף חצוי נקי טרי(קצביה )**.,ח.י. מעדני גורמה בעמ,,,"ק""ג",1,,true,1,42.80,42.80,false,1,
641751,true,חזה הודו טרי נז קצביה**,ח.י. מעדני גורמה בעמ,,,"ק""ג",1,,true,1,32.90,32.90,false,1,
642840,true,שוקיים הודו טרי**,ח.י. מעדני גורמה בעמ,,,"ק""ג",1,,true,1,29.90,29.90,false,1,
643243,true,שווארמה הודו נקבה}קצביה{**,ח.י. מעדני גורמה בעמ,,,"ק""ג",1,,true,1,74.90,74.90,false,1,
643946,true,כנף הודו טרי}קצביה{**,ח.י. מעדני גורמה בעמ,,,"ק""ג",1,,true,1,14.90,14.90,false,1,
644356,true,גרון הודו טרי(קצביה)**,ח.י. מעדני גורמה בעמ,,,"ק""ג",1,,true,1,32.90,32.90,false,1,
644783,true,דג סלמון קפוא מנות תנובה,תנובה בשר,,,"ק""ג",1,"ק""ג",true,1,89.90,89.90,false,1,
646299,true,פילה נסיכת נילוס 100% דג,תנובה בשר,,,"ק""ג",1,,true,1,54.90,54.90,false,1,
652177,true,נתחי פילה נסיכה 100% דג,תנובה בשר,,,"ק""ג",1,,true,1,59.90,59.90,false,1,
654546,true,פילה אמנון 7-9 100% דג פרמיום,תנובה בשר,,,"ק""ג",1,,true,1,37.90,37.90,false,1,
657657,true,מאפים טריים במשקל אפיה מקומית.,ג נרל מילס ישראל בעמ,,,"ק""ג",1,,true,1,44.90,44.90,true,1,
663036,true,פילה אמנון ללא עור קפוא,תנובה בשר,,,"ק""ג",1,,true,1,44.90,44.90,false,1,
666601,true,פיקדון 0.30.,שונות /שרות,,,"י""ח",1,"י""ח",false,1,0.30,0.30,false,1,
688374,true,מי עדן בייבי שישיה 250,יפאורה שותפות מוגבלת לשיווק,,,"י""ח",1.50,ליטר,false,1,17.40,10.40,false,1,
688381,true,מי עדן שישיה 0.5 ליטר,יפאורה שותפות מוגבלת לשיווק,,,"י""ח",3,ליטר,false,1,14.90,4.37,true,1,
688428,true,מי מינרלים בודד חצי ליטר,יפאורה שותפות מוגבלת לשיווק,,,"י""ח",500,"ל מ""ל",false,1,3,0.54,false,1,
688503,true,"מי עדן שישייה ג ים 750 מ""ל",יפאורה שותפות מוגבלת לשיווק,,,"י""ח",4.50,ליטר,false,1,17.50,3.49,true,1,
843601,true,מעדן חצילים שקיל,לפ סלטי עמים ברדה בעמ,,,"ק""ג",1,,true,1,19.99,19.99,false,1,
936026,true,גבטה,לפ לפ מגריסו גיל,,,"י""ח",1,,false,1,5.70,5.70,false,1,
961804,true,דלעת ארוזה שקיל,ביכורי השדה צפון 1994 ג.ד. בעמ,,,"ק""ג",1,,true,1,12.90,12.90,false,1,
995410,true,נבטים,ביכורי השדה צפון 1994 ג.ד. בעמ,,,"י""ח",1,,false,1,6.90,6.90,false,1,
1121238,true,קורנד ביף 180גר`,מעדני יחיעם 1993 בעמ,,,"י""ח",180,ל גרם,false,1,24.90,13.83,false,1,
1201510,true,ביצים M 30 יח,מ.לסר בעמ,,,"י""ח",30,"י""ח",false,1,27.80,0.93,false,1,
1201589,true,ביצים L 12 יח*,מ.לסר בעמ,,,"י""ח",12,"י""ח",false,1,12.05,1,false,1,
1201602,true,ביצים L 18יח,מ.לסר בעמ,,,"י""ח",18,"י""ח",false,1,18,1,false,1,
1201862,true,ביצים 12יח L חופש,מ.לסר בעמ,,,"י""ח",12,"י""ח",false,1,18.90,1.58,false,1,
1209349,true,עוף טרי ארוז עטרה,ח.י. מעדני גורמה בעמ,,,"ק""ג",1,"ק""ג",true,1,25.90,25.90,true,1,
1209356,true,כרעיים עוף טרי עטרה ארוז,ח.י. מעדני גורמה בעמ,,,"ק""ג",1,"ק""ג",true,1,34.90,34.90,true,1,
1209370,true,ירכיים עוף טרי ארוז עטרה**,ח.י. מעדני גורמה בעמ,,,"ק""ג",1,"ק""ג",true,1,34.90,34.90,true,1,
1215705,true,חצי חלה,ג נרל מילס ישראל בעמ,,,"י""ח",1,,false,1,10.90,10.90,true,1,
1216040,true,"טחינה""אל ארז""רגילה 500גר",סוגת תעשיות בעמ,,,"י""ח",500,ל גרם,false,1,16.90,3.38,false,1,
1216231,true,"טחינה""אל ארז""מלאה 500גר",סוגת תעשיות בעמ,,,"י""ח",500,ל גרם,false,1,17.90,3.58,false,1,
1230331,true,כאמל בוקס בודד.,גלוברנדס בעמ,,,"י""ח",1,,false,1,31,31,false,1,
1231932,true,וינסטון כחול בודד.,גלוברנדס בעמ,,,"י""ח",1,,false,1,32.50,32.50,false,1,
1245798,true,נ.כלים לימון 1.6 ל`טאצ,סאסאטק אגשח בעמ,,,"י""ח",1.60,ליטר,false,1,11.90,7.44,true,1,
1245835,true,נוזל רצפות אורנים 4ליטר טאצ`,סאסאטק אגשח בעמ,,,"י""ח",4,ליטר,false,1,14.90,3.73,true,1,
1246276,true,"מטהר אוויר אורנים 300מ""ל טאצ`",סאסאטק אגשח בעמ,,,"י""ח",300,"ל מ""ל",false,1,5.70,1.90,false,1,
1246337,true,"גל אסלות אורנים 750מ""ל טאצ`",סאסאטק אגשח בעמ,,,"י""ח",750,"ל מ""ל",false,1,9.90,1.32,false,1,
1246351,true,נוזל רצפות לבנדר 4ליטר טאצ`.,סאסאטק אגשח בעמ,,,"י""ח",4,ליטר,false,1,14.90,3.73,true,1,
1246528,true,מרכך כביסה מרוכז פרםיום מיסטרי 1 ל`טא,סאסאטק אגשח בעמ,,,"י""ח",1,ליטר,false,1,14.90,14.90,true,1,
1246757,true,נוזל רצפות מלון בוטיק 2ליטר טאצ`,סאסאטק אגשח בעמ,,,"י""ח",2,ליטר,false,1,18.90,9.45,true,1,
1343845,true,"גרנולה פירות 1ק""ג",דין שיווק וקליה 2021 בעמ,,,"י""ח",1,"ק""ג",false,1,19.90,19.90,true,1,
1415276,true,עוגת שמרים שוקולד,ג נרל מילס ישראל בעמ,,,"י""ח",500,ל גרם,false,1,24.90,4.98,true,1,
1439074,true,כדור ליפה בשקית שלישיה,מוסקו בעמ,,,"י""ח",1,,false,1,9.90,9.90,false,1,
1444160,true,"שמן זית כתית מעולה מ עץ הזית 750 מ""ל.",סוגת תעשיות בעמ,,,"י""ח",750,"ל מ""ל",false,1,37.90,5.05,true,1,
1476208,true,ברי פיקאן משולש משקל גד,מחלבות גד,,,"ק""ג",1,,true,1,139,139,false,1,
1482094,true,פרמזנו 200 ג ויליפוד,ג.וילי פוד אינטרנשיונל בעמ,,,"י""ח",200,ל גרם,false,1,23.90,11.95,false,1,
1482100,true,גבינה גאודה עם זיתים ועגבניות,ג.וילי פוד אינטרנשיונל בעמ,,,"ק""ג",1,"ק""ג",true,1,99.90,99.90,false,1,
1567760,true,פסטרמה של פעם 300ג,מעדני יחיעם 1993 בעמ,,,"י""ח",300,ל גרם,false,1,26.90,8.97,true,1,
1567937,true,איטלקי מפולפל 200ג,מעדני יחיעם 1993 בעמ,,,"י""ח",200,ל גרם,false,1,12.90,6.45,false,1,
1591505,true,סטייק דג טונה קפוא עם עור מחנה יהודה.,נטו מלינדה סחר בעמ,,,"ק""ג",1,"ק""ג",true,1,39.90,39.90,true,1,
1591567,true,פילה אמנון 100% מחנה יהודה.,נטו מלינדה סחר בעמ,,,"ק""ג",1,"ק""ג",true,1,36.90,36.90,true,1,
1591574,true,פילה אמנון 80% מחנה יהודה.,נטו מלינדה סחר בעמ,,,"ק""ג",1,"ק""ג",true,1,26.90,26.90,true,1,
1591604,true,המבורגר אנגוס מחנה יהודה 600גר,נטו מלינדה סחר בעמ,,,"י""ח",600,ל גרם,false,1,29.90,4.98,true,1,
1591611,true,קבבוני אנגוס עגול מחנה יהודה 500גר,נטו מלינדה סחר בעמ,,,"י""ח",500,ל גרם,false,1,29.90,5.98,true,1,
1591635,true,נקניקיות מרגז סגנון מרוקאי מחנה יהודה,נטו מלינדה סחר בעמ,,,"י""ח",500,ל גרם,false,1,29.90,5.98,true,1,
1591642,true,קבבוני טלה מחנה יהודה 500גר.,נטו מלינדה סחר בעמ,,,"י""ח",500,ל גרם,false,1,29.90,5.98,true,1,
1648919,true,קפה כתר 70גר3*.,רוני רג ואן,,,"י""ח",210,ל גרם,false,1,12.90,6.14,false,1,
1713150,true,אקונומיקה קצף ניקוי 1ליטר מרסס,קומפלקס כימיקלסבעמ ~~~,,,"י""ח",1,,false,1,13.90,13.90,false,1,
1713662,true,מרכך מרוכז 1ליטר בית מלון רויאל PURE,קומפלקס כימיקלסבעמ ~~~,,,"י""ח",1,ליטר,false,1,9.90,9.90,false,1,
1879627,true,פילה עוף טרי**,ח.י. מעדני גורמה בעמ,,,"ק""ג",1,,true,1,49.90,49.90,true,1,
1946121,true,פפריקה 400גר`,דין שיווק וקליה 2021 בעמ,,,"י""ח",400,ל גרם,false,1,21.90,5.48,false,1,
2008989,true,קישקשים 225 יחידות הנמל,הנמל אריזות ושווק בעמ,,,"י""ח",225,"י""ח",false,1,9.90,0.04,false,1,
2026440,true,פרצלס קפוא,מוצרי איכות אמריקאיים בעמ,,,"י""ח",400,ל גרם,false,1,17,4.25,true,1,
2043218,true,צ`יפס אורז חום מלא מלוח 60גר,א.ל.יצור ושיווקתבלינים בעמ,,,"י""ח",60,ל גרם,false,1,6.90,11.50,true,1,
2043782,true,צ`יפס אורז חום מלא טקסס ברביקיו 60גר,א.ל.יצור ושיווקתבלינים בעמ,,,"י""ח",60,ל גרם,false,1,6.90,11.50,true,1,
2043850,true,באר אקסטרה בציפוי שוקולד מריר 90גר,א.ל.יצור ושיווקתבלינים בעמ,,,"י""ח",90,ל גרם,false,1,13.90,15.44,true,1,
2043867,true,באר אקסטרה בציפוי שוקולד לבן 90גר,א.ל.יצור ושיווקתבלינים בעמ,,,"י""ח",90,ל גרם,false,1,13.90,15.44,true,1,
2065616,true,לחם שיפון גרעינים 750גר`,שלמה א.אנג ל בעמ,,,"י""ח",750,ל גרם,false,1,12.90,1.72,false,1,
2077725,true,סלומון נורווגי מצונן 100 גרם(נטו),נטו מלינדה סחר בעמ,,,"י""ח",100,ל גרם,false,1,19.90,19.90,false,1,
2079590,true,חלה שמיניה,דוידוביץ ובניו שיווק ומכירות,,,"י""ח",1,,false,1,5.17,5.17,false,1,
2107385,true,מה עז 180 גרם צוריאל,*החברה המרכזית להפצת משקאותבעמ,,,"י""ח",180,ל גרם,false,1,24.90,13.83,false,1,
2129462,true,פיצה איטלקית דקה שלושת האופים זוג 640ג,נטו מלינדה סחר בעמ,,,"י""ח",640,ל גרם,false,1,28.90,4.52,true,1,
2129479,true,פיצה איטלקית דקה שלושת האופים 320גר,נטו מלינדה סחר בעמ,,,"י""ח",320,ל גרם,false,1,16.90,5.28,true,1,
2157830,true,קוביות גולש 100% בשר 800ג,נטו מלינדה סחר בעמ,,,"י""ח",800,ל גרם,false,1,44.90,5.61,false,1,
2157953,true,טונה קנולה 140ג 1/4,נטו מלינדה סחר בעמ,,,"י""ח",560,ל גרם,false,1,20.90,3.73,true,1,
2157960,true,טונה במים 140ג 1/4,נטו מלינדה סחר בעמ,,,"י""ח",560,ל גרם,false,1,20.90,3.73,true,1,
2278528,true,זוג כריות ניקוי כלים,ח.כהן סוכנות מזון ומשקאות בע,,,"י""ח",2,"י""ח",false,1,7.90,3.95,false,1,
2281429,true,סטייק דג טונה קפוא ללא עור,נטו מלינדה סחר בעמ,,,"ק""ג",1,"ק""ג",true,1,54.90,54.90,false,1,
2281467,true,מארז 3 פיצות טוב טעם,נטו מלינדה סחר בעמ,,,"י""ח",3,"י""ח",false,1,37.90,12.63,false,1,
2281498,true,מגורדת 500ג ריץ,נטו מלינדה סחר בעמ,,,"י""ח",500,ל גרם,false,1,26.90,5.38,false,1,
2300884,true,צ`דר אנגלי כתום נטו.,א. סיימן סחר בעמ,,,"ק""ג",1,,true,1,129,129,true,1,
2327066,true,קונכיות בצק קפוא,נטו מלינדה סחר בעמ,,,"י""ח",500,ל גרם,false,1,21.90,4.38,true,1,
2327073,true,בורקס גבינה 800 גרם,נטו מלינדה סחר בעמ,,,"י""ח",800,ל גרם,false,1,24.50,3.06,true,1,
2329619,true,עוגת שוקו צ`יפס 350גר.,בני פאוזי שמשום (2009) בעמ,,,"י""ח",350,ל גרם,false,1,7.90,2.26,true,1,
2329718,true,עוגת דבש 350גר,בני פאוזי שמשום (2009) בעמ,,,"י""ח",350,ל גרם,false,1,7.90,2.26,true,1,
2331360,true,נביעות שישיות 500 מייל פקק ספורט,החברה המרכזית להפצת משקאות בעמ,,,"י""ח",3,ליטר,false,1,15.90,4.70,true,1,
2345022,true,אנטריקוט דקדק 250גר,נטו מלינדה סחר בעמ,,,"י""ח",250,ל גרם,false,1,28.90,11.56,true,1,
2345435,true,פילה מרלוזה,נטו מלינדה סחר בעמ,,,"ק""ג",1,"ק""ג",true,1,31.90,31.90,true,1,
2370796,true,גבינת כבשים בציפוי רוזמרין 36%,ג.וילי פוד אינטרנשיונל בעמ,,,"ק""ג",1,"ק""ג",true,1,90,90,false,1,
2371526,true,סלסולי פסטרמה שום וצ`ילי 120גר`,תנובה בשר,,,"י""ח",120,ל גרם,false,1,17.90,14.92,false,1,
2371533,true,סלסולי פסטרמה דבש 120גר`,תנובה בשר,,,"י""ח",120,ל גרם,false,1,17.90,14.92,false,1,
2371939,true,סרוולד צרפתי 120גר,תנובה בשר,,,"י""ח",120,ל גרם,false,1,26.90,22.42,false,1,
2374640,true,שמן קנולה פלוס אומגה 3 עץ הזית 1ליטר,סוגת תעשיות בעמ,,,"י""ח",1,ליטר,false,1,17.70,17.70,false,1,
2385479,true,צפתית מלבן 5% במים גד,מחלבות גד,,,"ק""ג",1,,true,1,77,77,false,1,
2385486,true,גבינת שמנת טבעית 30% שקיל גד,מחלבות גד,,,"ק""ג",1,,true,1,49,49,false,1,
2385493,true,גבינת שמנת זיתים 30% שקיל,מחלבות גד,,,"ק""ג",1,,true,1,49,49,false,1,
2385509,true,גבינת שמנת שמיר 30% שקיל גד,מחלבות גד,,,"ק""ג",1,,true,1,49,49,false,1,
2385745,true,פקורינו משולשים שקיל גד,מחלבות גד,,,"ק""ג",1,,true,1,141,141,false,1,
2395408,true,"גבנצ נעם 28% ק""ג *.",*החברה המרכזית להפצת משקאותבעמ,,,"ק""ג",1,,true,1,44.79,44.79,false,1,
2395422,true,גבינה צהובה נעם 22% שקיל*,*החברה המרכזית להפצת משקאותבעמ,,,"ק""ג",1,,true,1,42.58,42.58,false,1,
2439233,true,רולדת שוקולד 450גר,נטו מלינדה סחר בעמ,,,"י""ח",450,ל גרם,false,1,34.90,7.76,false,1,
2487364,true,בורקס פילו גבינה זיתים 700 גרם,נטו מלינדה סחר בעמ,,,"י""ח",700,ל גרם,false,1,21.90,3.13,true,1,
2507451,true,קציצות דג סלמון לבישול 750גרם,נטו מלינדה סחר בעמ,,,"י""ח",7500,ל גרם,false,1,28.90,0.39,true,1,
2517726,true,מקלות קנמון 15גרם,תבליני טעם וריח בעמ,,,"י""ח",1,,false,1,5.90,5.90,false,1,
2517825,true,פלפל לבן טחון 40 גרם,תבליני טעם וריח בעמ,,,"י""ח",1,,false,1,9.90,9.90,false,1,
2542506,true,בירה קורונה 355מייל,תימקו בירה בעמ,,,"י""ח",330,"ל מ""ל",false,1,14.10,4.18,false,1,
2542780,true,"בירה סטלה ארטואה 330מ""ל 1/6 בקבוק",תימקו בירה בעמ,,,"י""ח",330,"ל מ""ל",false,1,39.90,11.55,true,1,
2542841,true,"לף בלונד בקבוק 330מ""ל 1/6.",תימקו בירה בעמ,,,"י""ח",330,"ל מ""ל",false,1,49.90,14.58,true,1,
2579731,true,"נר נשמה שבועי בזכוכית""שווה""",ח.כהן סוכנות מזון ומשקאות בע,,,"י""ח",1,,false,1,9.90,9.90,false,1,
2603634,true,"משולש זיתים דק תפזורת בעל""ז",נטו מלינדה סחר בעמ,,,"י""ח",1,"י""ח",false,1,4,4,true,1,
2608509,true,לחם מחמצת זיתי קלמטה 530גר,ג נרל מילס ישראל בעמ,,,"י""ח",530,ל גרם,false,1,15.90,3,false,1,
2608516,true,לחם מחמצת טוסקני מקמח מלא 530גר,ג נרל מילס ישראל בעמ,,,"י""ח",530,ל גרם,false,1,15.90,3,false,1,
2628170,true,צלי כתף מס 5 חלק ג.חול פרגוואי.,בלדי בעמ,,,"ק""ג",1,"ק""ג",true,1,79.90,79.90,true,1,
2706731,true,רצועות פילה נסיכה קפוא 100% דג,נטו מלינדה סחר בעמ,,,"ק""ג",1,"ק""ג",true,1,79.90,79.90,false,1,
2750963,true,בגט רוסטיק פילסברי,ג נרל מילס ישראל בעמ,,,"י""ח",1,,false,1,7.90,7.90,true,1,
2757139,true,מלוואח 700 גר`שלושת האופים,נטו מלינדה סחר בעמ,,,"י""ח",700,ל גרם,false,1,17.90,2.56,true,1,
2757146,true,"קובה למרק חמוסטה 1 ק""ג",נטו מלינדה סחר בעמ,,,"י""ח",1,"ק""ג",false,1,23.90,23.90,false,1,
2757511,true,קציצת דג לבישול 750גר`,נטו מלינדה סחר בעמ,,,"י""ח",750,"ל מ""ל",false,1,28.90,3.85,true,1,
2757535,true,בורקס פילו-אצבעות גבינה 500גר`,נטו מלינדה סחר בעמ,,,"י""ח",500,ל גרם,false,1,21.90,4.38,true,1,
2757719,true,"בצק עלים 1 ק""ג",נטו מלינדה סחר בעמ,,,"י""ח",1,"ק""ג",false,1,16.90,16.90,false,1,
2757733,true,ג`חנון 650 ג`,נטו מלינדה סחר בעמ,,,"י""ח",650,ל גרם,false,1,13.90,2.14,false,1,
2757757,true,מלאווח 700גר`,נטו מלינדה סחר בעמ,,,"י""ח",700,ל גרם,false,1,13.90,1.99,false,1,
2775317,true,פילה זהבנון,נטו מלינדה סחר בעמ,,,"ק""ג",1,,true,1,22.90,22.90,false,1,
2787884,true,"מקלות בורקס פילו תפו""א 650גר`",נטו מלינדה סחר בעמ,,,"י""ח",650,ל גרם,false,1,22.30,3.43,true,1,
2787891,true,מקלות בורקס פילו תרד 650גר`,נטו מלינדה סחר בעמ,,,"י""ח",650,ל גרם,false,1,22.30,3.43,true,1,
2814290,true,קצף מרוכז אקונומיקה 1ל בלנקו,קומפלקס כימיקלסבעמ ~~~,,,"י""ח",1,ליטר,false,1,10.90,10.90,false,1,
2814849,true,סבון אסלה מרוכז 1/3,קומפלקס כימיקלסבעמ ~~~,,,"י""ח",3,"י""ח",false,1,12.90,4.30,false,1,
2814894,true,אקונומיקה קצף ניקוי 1ל לבנדר,קומפלקס כימיקלסבעמ ~~~,,,"י""ח",1,ליטר,false,1,12.90,12.90,false,1,
2814917,true,לניקוי רצפות 4 ליטר,קומפלקס כימיקלסבעמ ~~~,,,"י""ח",4,ליטר,false,1,13.80,3.45,false,1,
2830245,true,פילה לברק 5-7 קפוא,נטו מלינדה סחר בעמ,,,"ק""ג",200,ל גרם,true,1,52.90,26.45,false,1,
2871361,true,2542780קרלסברג בירה 500 חוזר,החברה המרכזית להפצת משקאות בעמ,,,"י""ח",500,"ל מ""ל",false,1,9.50,1.66,false,1,
2929642,true,טונה מארז 4 יח }ויליגיר{ 140גר,נטו מלינדה סחר בעמ,,,"י""ח",560,ל גרם,false,1,20.90,3.73,true,1,
2939108,true,חזה עוף טרי(עטרה)ארוז,ח.י. מעדני גורמה בעמ,,,"ק""ג",1,,true,1,39.90,39.90,true,1,
2971191,true,"קמח חיטה לבן שטיבל 1ק""ג",טחנות קמח שטיבל בש בעמ,,,"י""ח",1,"ק""ג",false,1,4.50,4.50,true,1,
2971955,true,"קמח לבן 650 ללא צורך בניפוי 1ק""ג שטיבל",ח.כהן סוכנות מזון ומשקאות בע,,,"י""ח",1,"ק""ג",false,1,8.90,8.90,false,1,
2971962,true,"קמח מלא 100% 1ק""ג ללא צורך בניפוי",ח.כהן סוכנות מזון ומשקאות בע,,,"י""ח",1,"ק""ג",false,1,8.90,8.90,false,1,
2971986,true,קמח שיפון ללא צורך בניפוי,ח.כהן סוכנות מזון ומשקאות בע,,,"י""ח",1,"ק""ג",false,1,8.90,8.90,false,1,
2972006,true,"קמח בהיר 405 ללא צורך בניפוי 1ק""ג שטיב",ח.כהן סוכנות מזון ומשקאות בע,,,"י""ח",1,"ק""ג",false,1,8.90,8.90,false,1,
2972365,true,"קמח תופח ללא צורך בניפוי 1ק""ג",ח.כהן סוכנות מזון ומשקאות בע,,,"י""ח",1,"ק""ג",false,1,8.90,8.90,false,1,
2972426,true,"קמח מלא 80% ללא צורך בניפוי 1ק""ג",ח.כהן סוכנות מזון ומשקאות בע,,,"י""ח",1,"ק""ג",false,1,7.90,7.90,false,1,
2973812,true,"קמח כוסמין 80% ללא צורך בניפוי 1ק""ג",ח.כהן סוכנות מזון ומשקאות בע,,,"י""ח",1,"ק""ג",false,1,15.90,15.90,false,1,
2973829,true,"קמח כוסמין לבן ללא צורך בניפוי 1ק""ג.",ח.כהן סוכנות מזון ומשקאות בע,,,"י""ח",1,"ק""ג",false,1,15.90,15.90,false,1,
2974222,true,קמח עוגיות 4 שטיבל ללא צ.בניפוי,ח.כהן סוכנות מזון ומשקאות בע,,,"י""ח",1,"ק""ג",false,1,7.90,7.90,false,1,
2974239,true,קמח עוגיות 5 שטיבל ללא צ.בניפוי,ח.כהן סוכנות מזון ומשקאות בע,,,"י""ח",1,"ק""ג",false,1,7.90,7.90,false,1,
2974314,true,קמח פיצה שטיבל ללא צ.בניפוי,ח.כהן סוכנות מזון ומשקאות בע,,,"י""ח",1,"ק""ג",false,1,10.90,10.90,false,1,
3031702,true,"נקנקיות הודו 1 ק""ג מהדרין",תנובה בשר,,,"י""ח",1,"ק""ג",false,1,28.90,28.90,false,1,
3031733,true,פסטרמה על גחלים 400 גרם,תנובה בשר,,,"י""ח",400,ל גרם,false,1,31.90,7.98,false,1,
3060313,true,"קמח כוסמין מעושר בחנקן 1ק""ג.",טחנות ישראליות בעמ,,,"י""ח",1,"ק""ג",false,1,13.90,13.90,true,1,
3069682,true,בצק פילאס 500ג,נטו מלינדה סחר בעמ,,,"י""ח",500,ל גרם,false,1,21.90,4.38,true,1,
3072521,true,פסטרמה כתף בקר מעושנת 300ג,תנובה בשר,,,"י""ח",300,ל גרם,false,1,29.90,9.97,false,1,
3072965,true,קבנוס חריף מעושן 120ג,תנובה בשר,,,"י""ח",120,ל גרם,false,1,12.90,10.75,false,1,
3102136,true,צמר גפן רפואי,אינטרסן (1996) בעמ,,,"י""ח",1,,false,1,5.50,5.50,false,1,
3102419,true,כפפות ניילון 100 יח,אינטרסן (1996) בעמ,,,"י""ח",1,,false,1,6.80,6.80,true,1,
3107353,true,משפר אפיה ביתי שמרים יבשים שטיבל 33ג,ח.כהן סוכנות מזון ומשקאות בע,,,"י""ח",33,ל גרם,false,1,5.90,17.88,false,1,
3143139,true,סילאן קליית גת 900גרם,ליימן שליסל,,,"י""ח",900,ל גרם,false,1,19.90,2.21,true,1,
3143146,true,"ממרח תמרים קליית גת 450גרם כשל""פ",ליימן שליסל,,,"י""ח",450,ל גרם,false,1,6.90,1.53,false,1,
3143276,true,יוגטה מרשמלו מגולגל 180ג,ליימן שליסל,,,"י""ח",180,ל גרם,false,1,9.40,5.22,true,1,
3144679,true,הוטפופ 5(בדלי) שקיות עם מלח,ליימן שליסל,,,"י""ח",500,ל גרם,false,1,16.90,3.38,true,1,
3189274,true,צהובה מעושן חלב נוכרי במשקל,גבינות הכפר בעמ,,,"ק""ג",1,"י""ח",true,1,44.90,44.90,false,1,
3229222,true,סלמי תה משובח 300גר`,תנובה בשר,,,"י""ח",300,ל גרם,false,1,23.90,7.97,false,1,
3251308,true,אציטון,ציון תורגמן בעמ,,,"י""ח",100,"ל מ""ל",false,1,4.80,4.80,false,1,
3364978,true,סופר בליידס,צעצועי דורון ~~~,,,"י""ח",1,,false,1,49.90,49.90,false,1,
3400500,true,חטיף קרמל עם בוטנים נטרייג`ס 47גר,ליימן שליסל,,,"י""ח",47,ל גרם,false,1,5.50,11.70,false,1,
3402809,true,חטיף שוקולד לבן ריזס 39גר.,ליימן שליסל,,,"י""ח",39,ל גרם,false,1,3.90,10,false,1,
3423909,true,חטיף שוקולד לבן קוקיז אנד קרים 43גר,ליימן שליסל,,,"י""ח",43,ל גרם,false,1,5.70,13.26,false,1,
3444009,true,חטיף שוקולד לבן ריזס 42גר,ליימן שליסל,,,"י""ח",43,ל גרם,false,1,4.50,10.47,false,1,
3726615,true,טופו ויילר 300גר,שטראוס גרופ ***בעמ,,,"י""ח",300,ל גרם,false,1,13,4.33,false,1,
3976560,true,"מטהר אוויר מיסטרי 250מ""ל טאץ",סאסאטק אגשח בעמ,,,"י""ח",250,"ל מ""ל",false,1,12.90,5.16,false,1,
3976607,true,אקונומיקה סמיכה 4 ל` טאצ`לבנדר.,סאסאטק אגשח בעמ,,,"י""ח",4,ליטר,false,1,14.90,3.73,true,1,
4011260,true,"ריץ`קפה 427מ""ל",נטו מלינדה סחר בעמ,,,"י""ח",427,"ל מ""ל",false,1,12,2.81,false,1,
4011277,true,"ריץ`בישול והקרמה 220מ""ל",נטו מלינדה סחר בעמ,,,"י""ח",220,"ל מ""ל",false,1,12.20,5.55,false,1,
4011284,true,"בסיס להכנת קצפת 212מ""ל",נטו מלינדה סחר בעמ,,,"י""ח",212,"ל מ""ל",false,1,9.90,4.67,true,1,
4011338,true,"קצפת 250מ""ל",נטו מלינדה סחר בעמ,,,"י""ח",250,"ל מ""ל",false,1,9.90,3.96,false,1,
4011345,true,"קצפת ריצ`פרווה במיכל 250 מ""ל",נטו מלינדה סחר בעמ,,,"י""ח",250,"ל מ""ל",false,1,9.90,3.96,false,1,
4014407,true,סוכריות M M שוקו,מרס ריגלי ישראל בעמ,,,"י""ח",1,,false,1,5.20,5.20,true,1,
4026851,true,בייגלה רומני,ג נרל מילס ישראל בעמ,,,"י""ח",150,ל גרם,false,1,4.50,3,true,1,
4030544,true,מיץ לימונענע 1 ליטר,תנובה בעמ ***,,,"י""ח",1,ליטר,false,1,14.10,14.10,true,1,
4030728,true,"מיץ לימון 100% 250 מ""ל מחנה יהודה",פריניב סחר והפצה בעמ,,,"י""ח",250,"ל מ""ל",false,1,7.90,3.16,true,1,
4063016,true,"מלח שולחן 1 ק""ג*",סוגת תעשיות בעמ,,,"י""ח",1,"ק""ג",false,1,2.07,2.07,false,1,
4064174,true,"מלח דק 1 ק""ג צנצנת ההימלאיה",סוגת תעשיות בעמ,,,"י""ח",1,"ק""ג",false,1,17.90,17.90,false,1,
4064181,true,"מלח גס 1 ק""ג צנצנת ההימלאיה",סוגת תעשיות בעמ,,,"י""ח",1,"ק""ג",false,1,17.90,17.90,false,1,
4128333,true,לבנה פיראוס,תנובה בעמ ***,,,"י""ח",500,ל גרם,false,1,21.90,4.38,false,1,
4135324,true,בולגרית מעודנת,תנובה בעמ ***,,,"ק""ג",1,"ק""ג",true,1,52,52,false,1,
4136291,true,צפתית מעודנת פיראוס (5%שקיל).,תנובה בעמ ***,,,"ק""ג",1,"ק""ג",true,1,55,55,false,1,
4194529,true,עוף טרי ארוז מחפוד**,ח.י. מעדני גורמה בעמ,,,"ק""ג",1,"ק""ג",true,1,22.90,22.90,false,1,
4194536,true,חזה עוף טרי שלם ארוז מחפוד**,ח.י. מעדני גורמה בעמ,,,"ק""ג",1,,true,1,34.90,34.90,false,1,
4194543,true,כרעיים עוף טרי ארוז מחפוד**,ח.י. מעדני גורמה בעמ,,,"ק""ג",1,,true,1,34.90,34.90,true,1,
4194550,true,כנפיים עוף טרי ארוז מחפוד**,ח.י. מעדני גורמה בעמ,,,"ק""ג",1,,true,1,14.90,14.90,true,1,
4194574,true,שוקיים עוף טרי ארוז מחפוד**.,ח.י. מעדני גורמה בעמ,,,"ק""ג",1,,true,1,30.90,30.90,true,1,
4228804,true,עלי בצק למילוי סיגרים 450 ג`,נטו מלינדה סחר בעמ,,,"י""ח",450,ל גרם,false,1,13.90,3.09,false,1,
4229870,true,בורקס פטריות 600 ג,נטו מלינדה סחר בעמ,,,"י""ח",600,ל גרם,false,1,19.90,3.32,true,1,
4230371,true,מקלות בורקס פילו פיצה 600 גרם,נטו מלינדה סחר בעמ,,,"י""ח",600,ל גרם,false,1,21.90,3.65,true,1,
4230944,true,מקלות בורקס פילו גבינה 600 גרם,נטו מלינדה סחר בעמ,,,"י""ח",600,ל גרם,false,1,21.90,3.65,true,1,
4255428,true,"נר נשמה פחית מנורה ""שווה""",ח.כהן סוכנות מזון ומשקאות בע,,,"י""ח",1,,false,1,2.90,2.90,true,1,
4257125,true,סינטה דק דק 250ג עטרה,נטו מלינדה סחר בעמ,,,"י""ח",250,ל גרם,false,1,19.90,7.96,false,1,
4267049,true,עוגיות מיני ריבועיות 180 ג`ברמן,ח.כהן סוכנות מזון ומשקאות בע,,,"י""ח",300,ל גרם,false,1,5.90,1.97,false,1,
4267636,true,עוגיות לקפה 600גר`,ח.כהן סוכנות מזון ומשקאות בע,,,"י""ח",600,ל גרם,false,1,14.90,2.48,false,1,
4480349,true,גאודה עיזים משולשים שקיל גד,מחלבות גד,,,"ק""ג",1,,true,1,134,134,false,1,
4494919,true,"יין כנען קברנה שיראז דלתון 750מ""",הכרם משקאות חריפים בעמ,,,"י""ח",750,"ל מ""ל",false,1,44.90,5.95,true,1,
4685010,true,לחם קל 100%,י.את א. ברמן בעמ,,,"י""ח",750,ל גרם,false,1,16.50,2.20,false,1,
4685089,true,לחם חמניות 750 גר`ברמן,י.את א. ברמן בעמ,,,"י""ח",750,ל גרם,false,1,16.50,2.20,false,1,
4685447,true,לחמניות כוסמין 6 בשקית,י.את א. ברמן בעמ,,,"י""ח",450,ל גרם,false,1,14.90,3.31,false,1,
4731564,true,מבשם ומרכך למייבש כביסה כחול,החב הדרומית לשיווק,,,"י""ח",750,"ל מ""ל",false,1,19.90,2.65,true,1,
5095801,true,עמבה תמר 500 גרם עם פרי,ציון תורגמן בעמ,,,"י""ח",500,ל גרם,false,1,17.90,3.58,false,1,
5103123,true,ג`בטה 180 קפואה,ג נרל מילס ישראל בעמ,,,"י""ח",1,,false,1,4.50,4.50,true,1,
5113222,true,מיקס זיתים 2 A יבנה,קבוצת יבנה מוצרי מזון בעמ,,,"י""ח",1,,false,1,9.80,9.80,true,1,
5358739,true,בשר ראש קפוא חלק,נטו מלינדה סחר בעמ,,,"ק""ג",1,,true,1,79.90,79.90,false,1,
5358753,true,לשון חלק,נטו מלינדה סחר בעמ,,,"ק""ג",1,,true,1,34.90,34.90,false,1,
5384868,true,בסגנון דנאבלו למעדניה וילי פוד,ג.וילי פוד אינטרנשיונל בעמ,,,"ק""ג",1000,ל גרם,true,1,84.90,8.49,true,1,
5384899,true,בסגנון פטה ים תיכונית 19%שומן שקיל,ג.וילי פוד אינטרנשיונל בעמ,,,"ק""ג",1,,true,1,22.90,22.90,true,1,
5387043,true,צלעות מס 2 חלק רבנות,בלדי בעמ,,,"ק""ג",1,"ק""ג",true,1,34.90,34.90,true,1,
5431883,true,מלבי חלבי 165ג. תנובה,תנובה בעמ ***,,,"י""ח",165,"ל מ""ל",false,1,6.90,4.18,false,1,
5431968,true,מלבי שמנת 150ג,תנובה בעמ ***,,,"י""ח",150,"ל מ""ל",false,1,6.90,4.60,false,1,
5555502,true,אריזת פקדון 30 אגורות,שונות /שרות,,,"י""ח",1,,false,1,0.30,0.30,false,1,
5559907,true,פיצה משפחתית גבינה 500 ג מעדנות,תנובה בשר,,,"י""ח",500,ל גרם,false,1,25.50,5.10,true,1,
5559990,true,בצק פילאס טורקי,תנובה בשר,,,"י""ח",600,ל גרם,false,1,22.90,3.82,false,1,
5610127,true,תפוח אדמה גורמה,ביכורי השדה צפון 1994 ג.ד. בעמ,,,"ק""ג",1,"ק""ג",true,1,3.90,3.90,false,1,
5610448,true,גזר ארוז,ביכורי השדה צפון 1994 ג.ד. בעמ,,,"ק""ג",1,"ק""ג",true,1,3.90,3.90,false,1,
5678202,true,ענבים אדומים,ביכורי השדה צפון 1994 ג.ד. בעמ,,,"ק""ג",1,,true,1,15.90,15.90,false,1,
5678318,true,ענב טלי בוטיק אוטם קריספי,ביכורי השדה צפון 1994 ג.ד. בעמ,,,"ק""ג",1,,true,1,23.90,23.90,false,1,
5678332,true,ענבים שחורים ארומטיים ואקזוטיים.,ביכורי השדה צפון 1994 ג.ד. בעמ,,,"ק""ג",1,,true,1,15.90,15.90,false,1,
5678387,true,ענב טלי,ביכורי השדה צפון 1994 ג.ד. בעמ,,,"ק""ג",1,,true,1,15.90,15.90,false,1,
5678417,true,ענבים טלי לבן,ביכורי השדה צפון 1994 ג.ד. בעמ,,,"ק""ג",1,,true,1,23.90,23.90,false,1,
5678455,true,ענבים אדומים,ביכורי השדה צפון 1994 ג.ד. בעמ,,,"ק""ג",1,,true,1,15.90,15.90,false,1,
5678585,true,ענב סקרלוטה אדום מארז,ביכורי השדה צפון 1994 ג.ד. בעמ,,,"ק""ג",1,,true,1,15.90,15.90,false,1,
5678608,true,ענבים אדומים טלי,ביכורי השדה צפון 1994 ג.ד. בעמ,,,"ק""ג",1,,true,1,15.90,15.90,false,1,
5678745,true,ענב אדום ארוז,ביכורי השדה צפון 1994 ג.ד. בעמ,,,"ק""ג",1,,true,1,15.90,15.90,false,1,
5678806,true,ענב אדום ארוז.,ביכורי השדה צפון 1994 ג.ד. בעמ,,,"ק""ג",1,,true,1,15.90,15.90,false,1,
5734144,true,רובוט בקופסא,צעצועי דורון ~~~,,,"י""ח",1,,false,1,31.90,31.90,false,1,
5736193,true,ערכת יצירה לחנוכה,צעצועי דורון ~~~,,,"י""ח",1,,false,1,19.90,19.90,false,1,
5737800,true,סביבון תות,צעצועי דורון ~~~,,,"י""ח",1,,false,1,14.90,14.90,false,1,
5738050,true,סביבון פומפה חדש,צעצועי דורון ~~~,,,"י""ח",1,,false,1,12.90,12.90,false,1,
5896453,true,"מכבי 7.9% 500מ""ל בקבוק חוזר",טמפו משקאות בעמ,,,"י""ח",500,"ל מ""ל",false,1,7.60,1.28,false,1,
5996238,true,פסטרמה בדבש דק דק 120ג,מעדני יחיעם 1993 בעמ,,,"י""ח",120,ל גרם,false,1,14.90,12.42,true,1,
5996276,true,פסטרמה ברביקיו דק דק 120ג,מעדני יחיעם 1993 בעמ,,,"י""ח",120,ל גרם,false,1,14.90,12.42,true,1,
6271174,true,ג חנון בצק}מעדנות 700 ג,תנובה בשר,,,"י""ח",700,ל גרם,false,1,18.90,2.70,false,1,
6342645,true,טורטיה גדולה 840 ג 12 יח`,דין שיווק וקליה 2021 בעמ,,,"י""ח",840,ל גרם,false,1,14.90,1.77,false,1,
6421511,true,"פריגת לימונענע 280מ""ל קפוא",*החברה המרכזית להפצת משקאותבעמ,,,"י""ח",280,ל גרם,false,1,10.90,3.89,false,1,
6459008,true,חלבה פרווה בטעמים שונים במשקל,ציון תורגמן בעמ,,,"ק""ג",1,,true,1,45,45,false,1,
6459961,true,אובלט קימל תמר 282 גרם,ציון תורגמן בעמ,,,"י""ח",282,ל גרם,false,1,12.90,4.57,false,1,
6459978,true,אובלט שומשום 282 גרם,ציון תורגמן בעמ,,,"י""ח",282,ל גרם,false,1,12.90,4.57,false,1,
6511706,true,גבינת גאודה עם כמון שקיל,ג.וילי פוד אינטרנשיונל בעמ,,,"ק""ג",1,"ק""ג",true,1,110,110,true,1,
6582355,true,סילאן 900 גר`דין שווק,דין שיווק וקליה 2021 בעמ,,,"י""ח",900,ל גרם,false,1,11.90,1.32,false,1,
6739124,true,בצק פילאס 500גר זוגלובק,זוגלובק שיווק בעמ,,,"י""ח",500,ל גרם,false,1,20.50,4.10,true,1,
6739407,true,שניצל תירס לייט 600גר`,זוגלובק שיווק בעמ,,,"י""ח",600,ל גרם,false,1,33,5.50,true,1,
6739421,true,מעושן איטלקי 300גר`,זוגלובק שיווק בעמ,,,"י""ח",300,ל גרם,false,1,29.90,9.97,true,1,
6739445,true,שניצל תירס קלאסי 750גר`,זוגלובק שיווק בעמ,,,"י""ח",750,ל גרם,false,1,28.70,3.83,true,1,
6739544,true,כתף בקר 300גר`,זוגלובק שיווק בעמ,,,"י""ח",300,ל גרם,false,1,36.70,12.23,true,1,
6742278,true,פסטרממיה צלויה על לבנים 330גר`,זוגלובק שיווק בעמ,,,"י""ח",330,ל גרם,false,1,29.90,9.06,true,1,
6742292,true,פסטרממיה בדבש 330גר`,זוגלובק שיווק בעמ,,,"י""ח",330,ל גרם,false,1,29.90,9.06,true,1,
6742315,true,חזה הודו ברביקיו 330גר`,זוגלובק שיווק בעמ,,,"י""ח",330,ל גרם,false,1,29.90,9.06,true,1,
6764072,true,"גולדסטאר 500 מ""ל}חוזר{",טמפו משקאות בעמ,,,"י""ח",500,"ל מ""ל",false,1,7.90,1.34,false,1,
6784360,true,מס 1 לניקוי חלונות 1 ליטר,קומפלקס כימיקלסבעמ ~~~,,,"י""ח",1,ליטר,false,1,8.90,8.90,false,1,
6805362,true,חצי בגט מאפית אפיה מקומית.,ג נרל מילס ישראל בעמ,,,"י""ח",1,,false,1,3.30,3.30,true,1,
6941466,true,שמן קנולה 1 ליטר שווה,ח.כהן סוכנויות מזון ומשקאות***,,,"י""ח",1,ליטר,false,1,10.90,10.90,false,1,
8000796,true,סופרמן משחת שיניים לילדים,גורי ע.ע.ע. בעמ,,,"י""ח",1,,false,1,10.90,10.90,false,1,
8101264,true,זרעי צ יה 150ג,א.ל.יצור ושיווקתבלינים בעמ,,,"י""ח",150,ל גרם,false,1,15.90,10.60,false,1,
8101318,true,קריספי פירורי לחם זהוב 300גר,א.ל.יצור ושיווקתבלינים בעמ,,,"י""ח",300,ל גרם,false,1,6.90,2.30,true,1,
8101356,true,קריספי פאנקו זהוב 300גר,א.ל.יצור ושיווקתבלינים בעמ,,,"י""ח",300,ל גרם,false,1,9.90,3.30,true,1,
8175760,true,גבינת מנצ`יגו(חלב כבשים)למעדניה,ג.וילי פוד אינטרנשיונל בעמ,,,"ק""ג",1,"ק""ג",true,1,113.90,113.90,true,1,
8175777,true,גבינת איבריקו למעדניה,ג.וילי פוד אינטרנשיונל בעמ,,,"ק""ג",1,"ק""ג",true,1,120,120,true,1,
8175814,true,"פטריות חתוך 400 גרם 8""",ג.וילי פוד אינטרנשיונל בעמ,,,"י""ח",400,ל גרם,false,1,5.40,1.35,false,1,
8175906,true,גבינה עיזים שקיל,ג.וילי פוד אינטרנשיונל בעמ,,,"ק""ג",1,"ק""ג",true,1,132,132,false,1,
8345156,true,פילה מקרוסקה 2.5 קג שקיל,נטו מלינדה סחר בעמ,,,"ק""ג",1,,true,1,125,125,false,1,
8345170,true,מקרל חצאים 2.5 קג שקיל,נטו מלינדה סחר בעמ,,,"ק""ג",1,,true,1,105,105,false,1,
8409049,true,מיני מיני שניצלונים בציפוי שומשום,תנובה בשר,,,"י""ח",1,,false,1,29.50,29.50,false,1,
8455732,true,שניצל פרוס עוף לנדא}קפוא{,עוף ירושלים שיווק בעמ,,,"ק""ג",1,"ק""ג",true,1,54.90,54.90,false,1,
8461047,true,גבינה ברי לרוסטיק,א. סיימן סחר בעמ,,,"ק""ג",1,,true,1,150,150,true,1,
8464024,true,"7290002543גולדסטאר פחית 500 מ""ל לט מסונן",טמפו משקאות בעמ,,,"י""ח",500,"ל מ""ל",false,1,10.60,2.06,false,1,
8464130,true,גולדסטאר UF שישייה לא מסונן,טמפו משקאות בעמ,,,"י""ח",1.98,ליטר,false,1,51.40,25.05,true,1,
8464611,true,"סודה טמפו 275 מ""ל.",טמפו משקאות בעמ,,,"י""ח",275,"ל מ""ל",false,1,3.90,1.31,true,1,
8464741,true,גולדסטאר 330 מייל שישייה.,טמפו משקאות בעמ,,,"י""ח",1980,"ל מ""ל",false,1,35.90,1.72,true,1,
8464796,true,היינקן שישיה}בקבוק 330 מייל,טמפו משקאות בעמ,,,"י""ח",1.98,ליטר,false,1,39.90,19.24,true,1,
8466639,true,רוגלך ירושלמי ברלס,הלל בן הלל שיווק ומסחר בעמ,,,"י""ח",250,ל גרם,false,1,19.90,7.96,false,1,
8466653,true,שניק וניל ברליס,הלל בן הלל שיווק ומסחר בעמ,,,"י""ח",250,ל גרם,false,1,19.90,7.96,false,1,
8466806,true,מארז שניק וניל 500ג מחנה יהודה,הלל בן הלל שיווק ומסחר בעמ,,,"י""ח",500,ל גרם,false,1,17.90,3.58,true,1,
8500128,true,עוגת שמרים שוקולד,ג נרל מילס ישראל בעמ,,,"י""ח",500,ל גרם,false,1,24.90,4.98,true,1,
8500159,true,עוגת שמרים גבינה,ג נרל מילס ישראל בעמ,,,"י""ח",500,ל גרם,false,1,24.90,4.98,true,1,
8631952,true,כנפיים לחמין לנדא}קפוא{,נטו מלינדה סחר בעמ,,,"ק""ג",1,"ק""ג",true,1,10.90,10.90,false,1,
8670012,true,"יין רקנאטי קברנה סוביניון 750מ""ל",היכל היין שקד גולן בעמ,,,"י""ח",750,"ל מ""ל",false,1,54.90,7.28,true,1,
8739955,true,רחנים,מוסקו בעמ,,,"י""ח",1,,false,1,12,12,false,1,
8747547,true,"תפוצ יפס קראנץ טבעי 200ג כשל""פ",שטראוס פריטו ליי בעמ,,,"י""ח",200,ל גרם,false,1,12.20,6.10,true,1,
8757072,true,פחית שוופס תות,יפאורה שותפות מוגבלת לשיווק,,,"י""ח",330,"ל מ""ל",false,1,5.50,1.58,true,1,
8801843,true,סלקטד קברנה סובניון 0.75,אגודת הכורמים,,,"י""ח",750,"ל מ""ל",false,1,29.90,3.95,true,1,
8802512,true,VINO אדום כרמל 750,אגודת הכורמים,,,"י""ח",750,"ל מ""ל",false,1,21.90,2.88,true,1,
8804189,true,"הסדרה אזורית קברנה סובניון 750מ""ל",אגודת הכורמים,,,"י""ח",750,"ל מ""ל",false,1,59.90,7.95,true,1,
8899321,true,חלה רגילה קלועה (אפיה מקומית).,ג נרל מילס ישראל בעמ,,,"י""ח",570,ל גרם,false,1,10.90,1.91,true,1,
8899345,true,שמינייה כפרית קלועה פילסבר..,ג נרל מילס ישראל בעמ,,,"י""ח",1,,false,1,3.90,3.90,true,1,
8899376,true,לחמניה פילסברי קשר.אפיה מקומית,ג נרל מילס ישראל בעמ,,,"י""ח",1,,false,1,2.50,2.50,true,1,
8899413,true,לחמניה בודד,ג נרל מילס ישראל בעמ,,,"י""ח",40,ל גרם,false,1,2.10,5.25,false,1,
8989091,true,פריכיות אורז שלישיה B D,בטר אנד דיפרנט בעמ,,,"י""ח",310,ל גרם,false,1,13.90,4.48,false,1,
8989695,true,חיטה תפוחה עם דבש 400 גר(שלווה),בטר אנד דיפרנט בעמ,,,"י""ח",400,ל גרם,false,1,14.90,3.73,false,1,
14205017,true,"צלחת קטנות""שווה""50יח",ח.כהן סוכנות מזון ומשקאות בע,,,"י""ח",30,"י""ח",false,1,10.90,0.36,false,1,
16000247,true,רימון בינוני,לפ חגים נחלים שיווק בעמ,,,"י""ח",1,,false,1,6.90,6.90,false,1,
40099132,true,הובה בובה תות 20חפ`,מרס ריגלי ישראל בעמ,,,"י""ח",35,ל גרם,false,1,5,14.29,false,1,
40099583,true,אורביט ילדים קלאסי,מרס ריגלי ישראל בעמ,,,"י""ח",1,,false,1,5,5,false,1,
40111216,true,באונטי חטיף שוקולד 57גר,מרס ריגלי ישראל בעמ,,,"י""ח",57,ל גרם,false,1,4.90,8.60,true,1,
40144016,true,סוכריה וורטר גליל,ליימן שליסל,,,"י""ח",50,ל גרם,false,1,5.70,11.40,false,1,
40144061,true,וופל קנופרס 25גר.,ליימן שליסל,,,"י""ח",25,ל גרם,false,1,2.90,11.60,true,1,
41001356,true,"בירה בק`ס 500מ""ל פחית",הכרם משקאות חריפים בעמ,,,"י""ח",500,"ל מ""ל",false,1,10.90,2.12,true,1,
42046219,true,ריטר שוקולד חלב חטיף 33גר,ליימן שליסל,,,"י""ח",33,ל גרם,false,1,4.50,13.64,false,1,
42182115,true,מסטיק 5 טעם מנטה עדינה,מרס ריגלי ישראל בעמ,,,"י""ח",1,,false,1,7.60,7.60,false,1,
42188889,true,מסטיק 5 טעם פירות אבטיח,מרס ריגלי ישראל בעמ,,,"י""ח",1,,false,1,7.60,7.60,false,1,
72940754,true,"מילקי וניל רובין כשל""פ 135גר",שטראוס גרופ ***בעמ,,,"י""ח",130,"ל מ""ל",false,1,2.90,2.23,false,1,
72940761,true,"מילקי שוקו}שטראוס{רובין כשל""פ",שטראוס גרופ ***בעמ,,,"י""ח",130,"ל מ""ל",false,1,2.90,2.23,false,1,
72940952,true,מילקי פי2 קצפת 111גר,שטראוס גרופ ***בעמ,,,"י""ח",111,ל גרם,false,1,4.10,3.69,false,1,
72941041,true,מיני מילקי שוקו,שטראוס גרופ ***בעמ,,,"י""ח",130,"ל מ""ל",false,1,2.10,1.62,false,1,
72945308,true,שמרים קוביות 50,שטראוס גרופ ***בעמ,,,"י""ח",50,ל גרם,false,1,3.80,7.60,false,1,
72961209,true,שמנית*,תנובה בעמ ***,,,"י""ח",200,"ל מ""ל",false,1,2.40,1.20,false,1,
72961223,true,גילה*,תנובה בעמ ***,,,"י""ח",200,"ל מ""ל",false,1,1.51,0.76,false,1,
72961506,true,"פרילי תות 125 מ""ל",תנובה בעמ ***,,,"י""ח",125,"ל מ""ל",false,1,3.70,2.96,false,1,
72961544,true,באדי תות,תנובה בעמ ***,,,"י""ח",125,"ל מ""ל",false,1,3,2.40,false,1,
72963753,true,"שמנת של פעם 27% 200 מ""ל",תנובה בעמ ***,,,"י""ח",200,"ל מ""ל",false,1,4,2,false,1,
72964422,true,שלי יוגורט 4.5% שומן,תנובה בעמ ***,,,"י""ח",200,"ל מ""ל",false,1,3,1.50,false,1,
72986370,true,גלידה פיינטים וניל,מוצרי איכות אמריקאיים בעמ,,,"י""ח",500,"ל מ""ל",false,1,29.90,5.98,true,1,
72986448,true,גלידה פיינטים טופי קראנץ,מוצרי איכות אמריקאיים בעמ,,,"י""ח",750,"ל מ""ל",false,1,29.90,3.99,true,1,
72986479,true,גלידה פיינטים צאנקי מנקי,מוצרי איכות אמריקאיים בעמ,,,"י""ח",500,"ל מ""ל",false,1,29.90,5.98,true,1,
72991374,true,טיים בודד,דובק בעמ,,,"י""ח",1,,false,1,29.50,29.50,false,1,
72991381,true,טיים ארוך בודד,דובק בעמ,,,"י""ח",1,,false,1,29.50,29.50,false,1,
72993637,true,דני שוקולד בודד,שטראוס גרופ ***בעמ,,,"י""ח",125,"ל מ""ל",false,1,2.70,2.16,false,1,
80001027,true,טורטינה חלב,ליימן שליסל,,,"י""ח",200,ל גרם,false,1,5.90,2.95,true,1,
80001287,true,גרדנה 25 יח 38 גרם,ליימן שליסל,,,"י""ח",1,,false,1,5.90,5.90,true,1,
80001461,true,גרנד שוקולד 38 גרם,ליימן שליסל,,,"י""ח",38,ל גרם,false,1,5.90,15.53,true,1,
80001485,true,גרנדה קוקוס 38 גרם.,ליימן שליסל,,,"י""ח",38,ל גרם,false,1,5.90,15.53,true,1,
80001799,true,טורטינה לבן,ליימן שליסל,,,"י""ח",200,ל גרם,false,1,5.90,2.95,true,1,
80042556,true,עגבניות חתוכות 400ג MUTTI.,רסטרטו יבוא ושיווק בעמ,,,"י""ח",400,ל גרם,false,1,5.90,1.48,true,1,
80042563,true,מחית עגבניות 700ג צהוב MUTTI,רסטרטו יבוא ושיווק בעמ,,,"י""ח",700,ל גרם,false,1,13.90,1.99,true,1,
80050124,true,חטיף טיק טק,פרימיום - חברה לדברי מתיקה ולמ,,,"י""ח",16,ל גרם,false,1,4.10,25.63,true,1,
80052760,true,קינדר בואנו,פרימיום - חברה לדברי מתיקה ולמ,,,"י""ח",1,,false,1,5.90,5.90,false,1,
80052883,true,טיק טק מנטה חזק,פרימיום - חברה לדברי מתיקה ולמ,,,"י""ח",16,ל גרם,false,1,3.50,21.88,true,1,
80136194,true,קינדר הפי היפו 1/5 אגוזי לוז,פרימיום - חברה לדברי מתיקה ולמ,,,"י""ח",5,"י""ח",false,1,12.90,2.58,false,1,
80176800,true,נוטלה 750 גרם,פרימיום - חברה לדברי מתיקה ולמ,,,"י""ח",750,ל גרם,false,1,27.90,3.72,false,1,
80177173,true,נוטלה 350 גרם.,פרימיום - חברה לדברי מתיקה ולמ,,,"י""ח",3.50,"י""ח",false,1,15.90,4.54,false,1,
80177609,true,קינדר 50 גרם,פרימיום - חברה לדברי מתיקה ולמ,,,"י""ח",50,ל גרם,false,1,5.50,11,false,1,
80310167,true,קינדר אצבעות 126 גר,פרימיום - חברה לדברי מתיקה ולמ,,,"י""ח",126,ל גרם,false,1,10.90,8.65,true,1,
80762362,true,מנטוס בוקס וואיט אקליפטוס 40 יח`,ליימן שליסל,,,"י""ח",128,ל גרם,false,1,9.90,7.73,true,1,
80768258,true,קינדר ג וי בודד ורוד,פרימיום - חברה לדברי מתיקה ולמ,,,"י""ח",1,,false,1,6.90,6.90,false,1,
80773429,true,מנטוס טעם תות בקבוק 60ג,ליימן שליסל,,,"י""ח",60,ל גרם,false,1,10.90,18.17,true,1,
80773443,true,מנטוס טעם פירות מנטה בקבוק 60ג,ליימן שליסל,,,"י""ח",60,ל גרם,false,1,10.90,18.17,true,1,
80790990,true,מנטוס טעם מנטה עדין בקבוק 60ג,ליימן שליסל,,,"י""ח",60,ל גרם,false,1,10.90,18.17,true,1,
80831402,true,סוכריות מנטה עדינה ללא סוכר,ליימן שליסל,,,"י""ח",100,ל גרם,false,1,6.90,6.90,true,1,
80832560,true,סוכריות מנטוס מרעננות ללא סוכר פירות י,ליימן שליסל,,,"י""ח",93,ל גרם,false,1,6.90,7.42,true,1,
80850885,true,מנטוס בוקס מנטה עדינה,ליימן שליסל,,,"י""ח",128,ל גרם,false,1,9.90,7.73,true,1,
80854753,true,סוכריות מנטה ללא סוכר,ליימן שליסל,,,"י""ח",100,ל גרם,false,1,6.90,6.90,true,1,
80864295,true,מנטוס בוקס וואיט מנטה עדינה 30 יח`,ליימן שליסל,,,"י""ח",60,ל גרם,false,1,9.90,16.50,true,1,
80896081,true,מנטוס טעם אבטיח בקבוק 60ג,ליימן שליסל,,,"י""ח",60,ל גרם,false,1,10.90,18.17,true,1,
80913467,true,מנטוס טעם מנטה בקבוק 60ג,ליימן שליסל,,,"י""ח",60,ל גרם,false,1,10.90,18.17,true,1,
80954521,true,מנטוס מסטיק קופסא 28ג תות,ליימן שליסל,,,"י""ח",28,ל גרם,false,1,4.90,17.50,true,1,
80974482,true,קינדר ג וי בודד כחול,פרימיום - חברה לדברי מתיקה ולמ,,,"י""ח",1,,false,1,6.90,6.90,false,1,
80979128,true,מנטוס טעם דובדבן בקבוק 60ג,ליימן שליסל,,,"י""ח",60,ל גרם,false,1,9.90,16.50,true,1,
80986348,true,מנטוס בוקס וואיט מנטה 30 יח`,ליימן שליסל,,,"י""ח",60,ל גרם,false,1,9.90,16.50,true,1,
80995128,true,מנטוס טעם הדרים בתוספת ויטמין D,ליימן שליסל,,,"י""ח",60,ל גרם,false,1,9.90,16.50,true,1,
87108538,true,מנטוס גלילים תות,ליימן שליסל,,,"י""ח",37,ל גרם,false,1,4,10.81,true,1,
87108651,true,מנטוס מנטה 1\4,ליימן שליסל,,,"י""ח",1,,false,1,11.90,11.90,false,1,
87108712,true,מנטוס פירות 1\4,ליימן שליסל,,,"י""ח",150,ל גרם,false,1,11.90,7.93,false,1,
90162602,true,"רד בול פחית 250 מ""ל",דיפלומט מפיצים (1968) בעמ**,,,"י""ח",250,"ל מ""ל",false,1,8.20,3.16,true,1,
8112100298,true,"שמן שומשום טהור 185מ""ל",מזרח ומערב יבוא ושיווק,,,"י""ח",185,"ל מ""ל",false,1,15.90,8.59,false,1,
8421902309,true,בובת TY עיינים גדולות M פיל,שמחה זה אנחנו,,,"י""ח",1,,false,1,55.90,55.90,false,1,
9800800056,true,נוטלה גו 52ג,פרימיום - חברה לדברי מתיקה ולמ,,,"י""ח",52,ל גרם,false,1,5.90,11.35,true,1,
11182700916,true,קינג קול שעועית לבנה צפונית 439ג,מור ים מרקטינג בעמ,,,"י""ח",439,ל גרם,false,1,11.90,2.71,false,1,
11182701388,true,קינג קול שעועית פינטו 439ג,מור ים מרקטינג בעמ,,,"י""ח",439,ל גרם,false,1,11.90,2.71,false,1,
11210000094,true,"טבסקו חריף 60 מ""ל",ציון תורגמן בעמ,,,"י""ח",60,"ל מ""ל",false,1,10.90,18.17,true,1,
11210006508,true,רוטב טבסקו חריף אקסטרה,ציון תורגמן בעמ,,,"י""ח",60,"ל מ""ל",false,1,22.90,38.17,false,1,
11210009387,true,טבסקו פלפל ירוק,ציון תורגמן בעמ,,,"י""ח",60,"ל מ""ל",false,1,10.90,18.17,false,1,
16000281684,true,נייטשר קראנצ`י פקאן 1/5,ליימן שליסל,,,"י""ח",210,ל גרם,false,1,21.90,10.43,true,1,
16000423534,true,נייטשר קראנצ`י ש.שועל ושוקולד מריר 1/5,ליימן שליסל,,,"י""ח",210,ל גרם,false,1,21.90,10.43,true,1,
16000548404,true,נייטשר קראנצ`י שיבולת שועל ודבש 1/5,ליימן שליסל,,,"י""ח",210,ל גרם,false,1,21.90,10.43,true,1,
18000701223,true,תערובת לעוגת שוק(פילסברי),ליימן שליסל,,,"י""ח",517,ל גרם,false,1,21.20,4.10,false,1,
18000703494,true,תערובת לעוגות וניל(פילסברי),ליימן שליסל,,,"י""ח",524,ל גרם,false,1,21.20,4.05,false,1,
18000766413,true,תערובת לבראוניס,ליימן שליסל,,,"י""ח",609,ל גרם,false,1,21.20,3.48,false,1,
22200956932,true,##ספיד סטיק ג ל-כחול,ש.שסטוביץ בעמ,,,"י""ח",51,ל גרם,false,1,19.90,39.02,true,1,
22224200837,true,קני וופלי ליקריץ אוסטרלי שחור 114ג,מור ים מרקטינג בעמ,,,"י""ח",114,ל גרם,false,1,11.90,10.44,false,1,
31200001597,true,חמוציות אושן ספריי 170גר,ליימן שליסל,,,"י""ח",170,ל גרם,false,1,15.60,9.18,true,1,
34000148301,true,נטיפי שוקולד מריר לאפייה 340גר הרשי,ליימן שליסל,,,"י""ח",340,ל גרם,false,1,19.90,5.85,true,1,
34000196173,true,הרשי קוקיס קרים XL,ליימן שליסל,,,"י""ח",47,ל גרם,false,1,10.80,22.98,false,1,
34000271184,true,קוקיס אנד קרים דרופס 59 גרם,ליימן שליסל,,,"י""ח",59,ל גרם,false,1,6.90,11.69,false,1,
34000312177,true,סירופ שוקולד הרשי 680גר,ליימן שליסל,,,"י""ח",680,"ל מ""ל",false,1,22.30,3.28,true,1,
34000442652,true,ריזס קבלה XL,ליימן שליסל,,,"י""ח",47,ל גרם,false,1,10.80,22.98,false,1,
34000446001,true,חטיפי שוקולד חלב ריזס מיניס 150גר,ליימן שליסל,,,"י""ח",150,ל גרם,false,1,12.20,8.13,false,1,
34000470228,true,חטיפי שוקולד חלב ריזס מיניס 70גר,ליימן שליסל,,,"י""ח",70,ל גרם,false,1,7.70,11,false,1,
34000470563,true,ריזס מיניס ארזה משפחתית 215ג,ליימן שליסל,,,"י""ח",215,ל גרם,false,1,19.90,9.26,false,1,
34000544028,true,ממתק בטעם תות 198ג,ליימן שליסל,,,"י""ח",198,ל גרם,false,1,10,5.05,false,1,
34000544431,true,ליקרויץ 198 גרם -דובדבן,ליימן שליסל,,,"י""ח",1,,false,1,10,10,false,1,
34000996643,true,הרשי דרופס ארזה משפחתית 215ג,ליימן שליסל,,,"י""ח",215,ל גרם,false,1,19.90,9.26,false,1,
35000458476,true,קולגייט מברשת ילדים מארז רביעייה,ש.שסטוביץ בעמ,,,"י""ח",1,,false,1,25.90,25.90,false,1,
36000516876,true,טישו קלינקס 3 שכבות 75יח,קימברלי קלארק ישראל שיווק בעמ,,,"י""ח",75,"י""ח",false,1,13.90,0.19,false,1,
37600207188,true,חמאת קלאסי סקיפי,דיפלומט מפיצים (1968) בעמ**,,,"י""ח",462,ל גרם,false,1,20.90,4.52,false,1,
37600207256,true,חמאת בוטנים סקיפי עם שברי בוטנים 462 ג,דיפלומט מפיצים (1968) בעמ**,,,"י""ח",462,ל גרם,false,1,20.90,4.52,false,1,
37600297967,true,מטבל סלסה עדינה 300ג CHI CHIS,ליימן שליסל,,,"י""ח",300,"ל מ""ל",false,1,18.90,6.30,true,1,
37977050059,true,זוג מוצצים 0-2בנים ננו סיליקון,אלפא קוסמטיקה,,,"י""ח",1,,false,1,41.40,41.40,false,1,
38000138638,true,פרינגלס פיצה 161 גר`פלקס,דיפלומט מפיצים (1968) בעמ**,,,"י""ח",161,ל גרם,false,1,9.90,6.15,true,1,
38000183928,true,פרינגלס חרדל דבש 158ג`,דיפלומט מפיצים (1968) בעמ**,,,"י""ח",158,ל גרם,false,1,9.90,6.27,true,1,
38000197840,true,פרינגלס גלי בטעם חריף מתוק 137גר,דיפלומט מפיצים (1968) בעמ**,,,"י""ח",149,ל גרם,false,1,9.90,6.64,true,1,
38000202278,true,פרינגלס גלי בטעם אוריגינל 130 גר`,דיפלומט מפיצים (1968) בעמ**,,,"י""ח",130,ל גרם,false,1,9.90,7.62,true,1,
38000232152,true,פרינגלס ברביקיו 161 גר`פלקס,דיפלומט מפיצים (1968) בעמ**,,,"י""ח",161,ל גרם,false,1,9.90,6.15,true,1,
38000232176,true,פרינגלס שמנת בצל 161 גר`פלקס,דיפלומט מפיצים (1968) בעמ**,,,"י""ח",161,ל גרם,false,1,9.90,6.15,true,1,
38000232183,true,7290002929642פרינגלס אוריגינל 149 גר`.,דיפלומט מפיצים (1968) בעמ**,,,"י""ח",149,ל גרם,false,1,9.90,6.64,true,1,
38527591053,true,דגנים מרובעים קי,שטראוס פריטו ליי בעמ,,,"י""ח",375,ל גרם,false,1,19.90,5.31,false,1,
38527591060,true,דגנים מרובעים,שטראוס פריטו ליי בעמ,,,"י""ח",453,ל גרם,false,1,19.90,4.39,false,1,
40000513568,true,שוקולד M M אריזה גדולה 156ג,מרס ריגלי ישראל בעמ,,,"י""ח",1560,ל גרם,false,1,11.90,0.76,false,1,
40000514480,true,סוכריות M M שוקו.,מרס ריגלי ישראל בעמ,,,"י""ח",1,,false,1,5.20,5.20,true,1,
40000514510,true,סוכריות M M פינאטס 48 ג,מרס ריגלי ישראל בעמ,,,"י""ח",1,,false,1,5.20,5.20,true,1,
41390010309,true,"רוטב טריאקי 444מ""ל",דיפלומט מפיצים (1968) בעמ**,,,"י""ח",144,"ל מ""ל",false,1,19.90,13.82,false,1,
46214731552,true,עוגיות שוקו צ יפ מרבה,ש.שסטוביץ בעמ,,,"י""ח",225,ל גרם,false,1,9.90,4.40,true,1,
51500255162,true,חמאת בוטנים חלקה 454ג,גורי מוצרי צריכה בעמ,,,"י""ח",454,ל גרם,false,1,17.90,3.94,false,1,
55369902564,true,"מחית תפ""ע לא ממותק 452גר אפלסנקס",מור ים מרקטינג בעמ,,,"י""ח",452,ל גרם,false,1,15.90,3.52,false,1,
64144090020,true,~תרסיס שמן זית 141 ג,ליימן שליסל,,,"י""ח",141,"ל מ""ל",false,1,19.90,14.11,true,1,
64144090051,true,תרסיס שמן פאם קנולה 148 ג,ליימן שליסל,,,"י""ח",148,"ל מ""ל",false,1,19.90,13.45,true,1,
71570001841,true,גלי בלי 70גר טעמים חמוצים,מור ים מרקטינג בעמ,,,"י""ח",70,ל גרם,false,1,11.90,17,false,1,
72600007123,true,הר חטיף תפוח אדמה קטל טבעי 170גר,מור ים מרקטינג בעמ,,,"י""ח",170,ל גרם,false,1,21.90,12.88,false,1,
76840001774,true,גלידה פיינטים בצק עוגיות שוקולד צ`יפס,מוצרי איכות אמריקאיים בעמ,,,"י""ח",750,"ל מ""ל",false,1,23.90,3.19,true,1,
76840100156,true,גלידה פיינטים צרי גרסיה,מוצרי איכות אמריקאיים בעמ,,,"י""ח",750,"ל מ""ל",false,1,29.90,3.99,true,1,
76840400218,true,"גלידת בן אנד גריס 473מ""לעוגת גבינה עם",מוצרי איכות אמריקאיים בעמ,,,"י""ח",473,"ל מ""ל",false,1,29.90,6.32,true,1,
77245110610,true,סוכריות מאסט מנטה ללא סוכ,שטראוס גרופ בעמ,,,"י""ח",80,ל גרם,false,1,9.60,12,false,1,
77975093108,true,סניידרס בייגלה בציפוי שוקולד לבן 141ג,ליימן שליסל,,,"י""ח",141,ל גרם,false,1,16.90,11.99,true,1,
77975094631,true,סנדוויץ בייגל במילוי קרם צ דר 226ג.,ליימן שליסל,,,"י""ח",226,ל גרם,false,1,15.90,7.04,true,1,
77975094761,true,סניידרס שברי בייגל גבינת צ`דר 340גר,ליימן שליסל,,,"י""ח",340,ל גרם,false,1,15.90,4.68,true,1,
77975094778,true,"סניידרס שברי בייגל בצל,חרדל ודבש 340ג",ליימן שליסל,,,"י""ח",340,ל גרם,false,1,15.90,4.68,true,1,
77975095157,true,סניידרס שברי בגיילה טעם חלפיניו 318גר,ליימן שליסל,,,"י""ח",318,ל גרם,false,1,15.90,5,true,1,
77975095164,true,סניידרס שברי בייגל פרמזו ושום 318ג,ליימן שליסל,,,"י""ח",318,ל גרם,false,1,15.90,5,true,1,
80432402931,true,"וויסקי שיבאס רגאל 700מ""ל",טמפו משקאות בעמ,,,"י""ח",700,"ל מ""ל",false,1,129.90,18.51,true,1,
80518532743,true,שקית בלונים,שמחה זה אנחנו,,,"י""ח",1,,false,1,12,12,false,1,
89397344362,true,רוטב פסטה מרינרה 737גרם,מור ים מרקטינג בעמ,,,"י""ח",737,ל גרם,false,1,17.90,2.43,false,1,
608011104276,true,לחמניות אצבעוני מתוקות,גיא מאפים שיווק טוב בעמ,,,"י""ח",1,,false,1,14.90,14.90,false,1,
613008753290,true,"אריזונה אפרסק 450מ""ל",טמפו משקאות בעמ,,,"י""ח",450,"ל מ""ל",false,1,7.40,1.58,true,1,
613008753382,true,"אריזונה אוכמניות 450מ""ל",טמפו משקאות בעמ,,,"י""ח",450,"ל מ""ל",false,1,7.40,1.58,true,1,
628154383659,true,דגני בוקר פרוטי פבלס 311גר,ר.ב. מוצרי דגנים בעמ,,,"י""ח",311,ל גרם,false,1,21.90,7.04,false,1,
693493102575,true,עגבניות שרי קלמרים,ביכורי השדה צפון 1994 ג.ד. בעמ,,,"י""ח",450,ל גרם,false,1,11.90,2.64,false,1,
726367812239,true,ענבים לבן ארוז,ביכורי השדה צפון 1994 ג.ד. בעמ,,,"ק""ג",1,"ק""ג",true,1,23.90,23.90,false,1,
728229124771,true,צי פס בטטה טעם ברביקיו TERRA,מ.סידס ובנו בעמ,,,"י""ח",110,ל גרם,false,1,15.90,14.45,true,1,
728229130154,true,חטיף צ`יפס בטטה וסלק 110גר`,מ.סידס ובנו בעמ,,,"י""ח",110,ל גרם,false,1,15.90,14.45,true,1,
729002864025,true,נבטי אלפלפא,ביכורי השדה צפון 1994 ג.ד. בעמ,,,"י""ח",1,,false,1,6.90,6.90,false,1,
753182231761,true,משקה אנרגיה בלו סיקס ללא סוכר,בני פאוזי שמשום (2009) בעמ,,,"י""ח",250,"ל מ""ל",false,1,4.50,1.68,true,1,
768404001640,true,גלידה פיינטים קפה,מוצרי איכות אמריקאיים בעמ,,,"י""ח",500,"ל מ""ל",false,1,29.90,5.98,true,1,
786150000281,true,"לף בראון בקבוק 330מ""ל 1/6",תימקו בירה בעמ,,,"י""ח",330,"ל מ""ל",false,1,49.90,14.58,true,1,
835811000488,true,קערה מלבן 1יח 2ליטר הנמל,הנמל אריזות ושווק בעמ,,,"י""ח",1,,false,1,9.90,9.90,false,1,
835811002246,true,גביעי מאפינס צבעוני 200יח מס2,הנמל אריזות ושווק בעמ,,,"י""ח",1,,false,1,7.50,7.50,false,1,
835811002253,true,גביעי מאפינס צבעוני 200יח מס1.5,הנמל אריזות ושווק בעמ,,,"י""ח",1,,false,1,5.90,5.90,false,1,
835811004189,true,פרורי לחם מוזהבים 800 גרם הנמל,הנמל אריזות ושווק בעמ,,,"י""ח",800,ל גרם,false,1,13.20,1.65,false,1,
835811004417,true,ריבת חלב 340ג,הנמל אריזות ושווק בעמ,,,"י""ח",340,ל גרם,false,1,13.90,4.09,false,1,
835811004424,true,חלב מרוכז 340ג,הנמל אריזות ושווק בעמ,,,"י""ח",340,ל גרם,false,1,13.90,4.09,false,1,
835811007166,true,כוסות קפה לדרך+מכסה 16 יחידות הנמל,הנמל אריזות ושווק בעמ,,,"י""ח",16,"י""ח",false,1,13.90,0.87,false,1,
835811007432,true,תבנית משפחתית,הנמל אריזות ושווק בעמ,,,"י""ח",1,,false,1,14.30,14.30,false,1,
835811007661,true,שקיות הקפאה 200יח,הנמל אריזות ושווק בעמ,,,"י""ח",1,,false,1,9.30,9.30,false,1,
835811007678,true,שקיות אוכל 200יח הנמל,הנמל אריזות ושווק בעמ,,,"י""ח",2,"י""ח",false,1,3.90,1.95,false,1,
856591000062,true,עבאדי עוגיות מזרחיות מלח -400,תה ויסוצקי (ישראל)בעמ,,,"י""ח",400,ל גרם,false,1,18.90,4.73,false,1,
856591000109,true,עבאדי עוגיות מזרחיות פריך במיוחד 400גר,תה ויסוצקי (ישראל)בעמ,,,"י""ח",400,ל גרם,false,1,18.90,4.73,false,1,
856591000512,true,עוגיות מזרחיות מקלות לניגוב 400גר`,תה ויסוצקי (ישראל)בעמ,,,"י""ח",400,ל גרם,false,1,18.90,4.73,true,1,
884912002372,true,דגני בוקר קרנברי 566גר,ר.ב. מוצרי דגנים בעמ,,,"י""ח",566,ל גרם,false,1,26.90,4.75,false,1,
884912014245,true,דגני בוקר האני באנצ רוסטד411גר,ר.ב. מוצרי דגנים בעמ,,,"י""ח",411,ל גרם,false,1,25.90,6.30,false,1,
884912129512,true,דגני בוקר קוקו פבלס 311 גרם,ר.ב. מוצרי דגנים בעמ,,,"י""ח",1,,false,1,21.90,21.90,false,1,
884912342737,true,דגני בוקר CRISP WAFFLE י326 גרם.,ר.ב. מוצרי דגנים בעמ,,,"י""ח",326,ל גרם,false,1,20.90,6.41,false,1,
884912359421,true,האני באנצ מייפל ופקאן 340ג,ר.ב. מוצרי דגנים בעמ,,,"י""ח",340,ל גרם,false,1,21.90,6.44,true,1,
884912359483,true,דגני בוקר האני באנצ תות 340ג,ר.ב. מוצרי דגנים בעמ,,,"י""ח",340,ל גרם,false,1,21.90,6.44,true,1,
884912365200,true,דגני בוקר אוראו 311גר.,ר.ב. מוצרי דגנים בעמ,,,"י""ח",311,ל גרם,false,1,23.90,7.68,true,1,
884912377142,true,דגני בוקר האני באנצ וניל 340ג,ר.ב. מוצרי דגנים בעמ,,,"י""ח",340,ל גרם,false,1,21.90,6.44,true,1,
893594002051,true,חטיף פופקורן צ`יפס טעם גבינת צ`דר 28גר,שטראוס פריטו ליי בעמ,,,"י""ח",28,ל גרם,false,1,6.90,24.64,false,1,
893594002068,true,חטיף פופקורן צ`יפס עם מלח ים 28גר,שטראוס פריטו ליי בעמ,,,"י""ח",28,ל גרם,false,1,6.90,24.64,false,1,
3014260287030,false,ג`ילט סכיני גילוח חדפ לגבר יבוא מקביל,פארמה דיל (פ.א.ב.) שיווק והפצה,,,"י""ח",1,,false,1,7.90,7.90,true,1,
3014260289287,false,סכין גילוח גילט בלו 2 לנשים-חמישייה,דיפלומט מפיצים (1968) בעמ,,,"י""ח",1,,false,1,16.90,16.90,true,1,
3045206360609,false,"דזיטול נוזל מחטא בגדים בכביסה, 1 ליטר","יעקב יעקבי ובניו בע""מ",,,"י""ח",500,"ל מ""ל",false,1,23.90,4.78,true,1,
3046920028004,false,לינדט שוקולד אקסלנס מריר 70% 100 גר,לינדט ושפרונגלי קילשברג,,,"י""ח",100,ל גרם,false,1,17.90,17.90,true,1,
3046920028363,false,לינדט אקסלנס 85% מוצקי קקאו 100 גרם,לינדט ושפרונגלי קילשברג,,,"י""ח",100,ל גרם,false,1,17.90,17.90,true,1,
3046920028721,false,לינדט אקסלנס סטרוברי 100גר`,לינדט ושפרונגלי קילשברג,,,"י""ח",100,ל גרם,false,1,17.90,17.90,true,1,
3046920028752,false,שוקולד לינדט אקסלנס מינט 100 גרם,לינדט ושפרונגלי קילשברג,,,"י""ח",100,ל גרם,false,1,17.90,17.90,true,1,
3046920029759,false,אקסלנס שוקולד מריר 90% לינדט (100 גרם),לינדט ושפרונגלי קילשברג,,,"י""ח",100,ל גרם,false,1,17.90,17.90,true,1,
3059943015104,false,"אירוויק מבשם אויר נטול גז בניחוח פריסיה ויסמין 345 מ""ל",רקיט בנקיזר (ניר איסט) בעמ,,,"י""ח",345,"ל מ""ל",false,1,14.90,4.32,true,1,
3059943015128,false,מבשם אוויר נטול גז אקווה מיסט בניחוח לבנדר פראי ואוויר הרים,רקיט בנקיזר (ניר איסט) בעמ,,,"י""ח",345,"ל מ""ל",false,1,14.90,4.32,true,1,
3073781161663,false,גבינה מותכת 18.5% שומן לה וואש קירי,בני ג`ורג` שוקחה (חיפה) בעמ,,,"י""ח",128,ל גרם,false,1,11.90,9.30,false,1,
3073781161687,false,גבינה לוואש קרי(מותכת) 16 יח 256 גר,בני ג`ורג` שוקחה (חיפה) בעמ,,,"י""ח",256,ל גרם,false,1,22.90,8.95,true,1,
3073781162790,false,גבינה מותכת בייבי בל 120 גרם,א. סיימן סחר בעמ,,,"י""ח",120,ל גרם,false,1,21.90,18.25,true,1,
3161911229199,false,חמאה צרפתית רכה למריחה אל & ויר 250 גרם,א. סיימן סחר בעמ,,,"י""ח",250,ל גרם,false,1,23.90,9.56,true,1,
3178530407938,false,עוגיות מיני מדליין עם שוקוצ'יפס סאן מישל 175 גרם,א. סיימן סחר בעמ,,,"י""ח",175,ל גרם,false,1,12.90,7.37,true,1,
3178530417418,false,עוגיות חמאה דונאט עם שוקולד ציפס 180 גר,א. סיימן סחר בעמ,,,"י""ח",180,ל גרם,false,1,19.90,11.06,false,1,
3282554138911,false,כפיות לבן 100 יח PP ארקפלסט (40 בק`)*,ח.כהן סוכנות מזון ומשקאות בע,,,"י""ח",100,"י""ח",false,1,6.90,0.07,false,1,
3282554174841,false,מזלגות לבן 100 יח PP ארקפלסט (40 בק`),ח.כהן סוכנות מזון ומשקאות בע,,,"י""ח",100,"י""ח",false,1,9.90,0.10,false,1,
3387390525960,false,קראנץ' דגני בוקר עם שוקולד חלב נסטלה 500 גרם,קבוצת אוסם סחר שותפות מוגבלת,,,"י""ח",500,ל גרם,false,1,24.70,4.94,true,1,
3387390730852,false,פיטנס דגנים מחיטה מלאה ואורז נסטלה 375 גרם,קבוצת אוסם סחר-שות.מוגבלת,,,"י""ח",375,ל גרם,false,1,22.90,6.11,true,1,
3574660089547,false,טמפונים נורמל קלאסי אובה 32 יחידות,ג'\ונסון אנד ג'\ונסון,,,"י""ח",1,,false,1,24.90,24.90,false,1,
3574660464368,false,קרפרי מגה פק מגן תחתון אוורירי מבושם 76,גונסון אנד גונסון,,,"י""ח",1,,false,1,19.90,19.90,false,1,
3574661003924,false,שטיפת פה טוטאל קר בטעם מנטה צלול,ג'\ונסון אנד ג'\ונסון,,,"י""ח",500,"ל מ""ל",false,1,19.90,3.98,true,1,
3574661487328,false,קרפרי מגני תחתון אורגינל פלוס 56 יח',הדקלאים אגודת שיתופי,,,"י""ח",58,"י""ח",false,1,19.90,0.34,true,1,
3574661487632,false,מגני תחתון פלוס לארג' בניחוח עדין L,ג'\ונסון אנד ג'\ונסון,,,"י""ח",1,,false,1,22.90,22.90,false,1,
3574661500355,false,קרפרי מגן תחתון מקסי לונג רגיל 40 יח',ג'ויה מעבדות לקוסמטי,,,"י""ח",1,,false,1,18.90,18.90,true,1,
3574661552576,false,קרפרי מגן תחתון רגיל טנגה לבן 56 יח חדש,הדקלאים אגודת שיתופי,,,"י""ח",1,,false,1,18.90,18.90,true,1,
3574661552804,false,מגן תחתון קרפרי אלוורה 56 יחידות,הדקלאים אגודת שיתופי,,,"י""ח",1,,false,1,18.90,18.90,true,1,
3574661554877,false,מגן תחתון קרפרי כותון מבושם 56 יחידות,הנסיך- מפעל לייצור ט,,,"י""ח",1,,false,1,18.90,18.90,true,1,
3600522344032,false,"אלביב מסכה לשיער פגום טואל ריפר 300מ""ל",לוריאל ישראל קוסמטיקס בעמ,,,"י""ח",300,"ל מ""ל",false,1,34.90,11.63,false,1,
3608580730255,false,קונפיטורה בטעם משמש 370 גר BONNE MAMAN,ר.ב. מוצרי דגנים בעמ,,,"י""ח",370,ל גרם,false,1,19.90,5.38,false,1,
3800020423578,false,קיט קט שוקולד אצבעות צ'אנקי אדום 40ג',קבוצת אוסם סחר שותפות מוגבלת,,,"י""ח",48,ל גרם,false,1,4.90,10.21,true,1,
3838824127248,false,פלטה סמי קיט חום בהיר 5-0 צבע שיער,שוורצקופף והנקל,,,"י""ח",1,,false,1,22.90,22.90,true,1,
3883133883132,false,סביבון,צבע ומכחול (2014) בעמ,,,"י""ח",1,,false,1,7.90,7.90,false,1,
4000417101211,false,גלילי וופל עם קרם אגוזי לוז בציפוי שוקולד חלב,ליימן שליסל בע`מ,,,"י""ח",150,ל גרם,false,1,17.90,11.93,true,1,
4000417211002,false,שוקולד חלב מעולה ממולא קרם קרמל מוקצף ושברי שקדים מומלחים,ריטר ספורט Ritter sport,,,"י""ח",100,ל גרם,false,1,9.90,9.90,true,1,
4000417294005,false,שוקולד ריטר מוס קקאו 100 גרם חלב נוכרי,ריטר ספורט Ritter sport,,,"י""ח",100,ל גרם,false,1,9.90,9.90,true,1,
4000417298003,false,שוקולד ריטר ספורט קוקוס 100 גרם חלב נוכרי,ריטר ספורט Ritter sport,,,"י""ח",100,ל גרם,false,1,9.90,9.90,true,1,
4000417450302,false,שוקולד חלב ומריר ריטר ספורט מונדיאל 183ג,ליימן שליסל בעמ,,,"י""ח",183,ל גרם,false,1,19.90,10.87,false,1,
4000417707000,false,שוקולד חלב מעולה עם שברי קשיו קלוי ומומלח,ריטר ספורט Ritter sport,,,"י""ח",100,ל גרם,false,1,12.90,12.90,true,1,
4000522009747,false,"מקלות בייגלה תפו""א צ'יו 80 גרם",טרופיקל דגיל תעשיות,,,"י""ח",80,ל גרם,false,1,4.40,5.50,false,1,
4000869032569,false,"הפי מבשם ומטהר אויר ורוד מוצק יעקבי 150 מ""ל","יעקב יעקבי ובניו בע""מ",,,"י""ח",1,,false,1,10.90,10.90,false,1,
4002448017684,false,"סיליט באנג ספריי ניקוי כללי מסיר אבנית 750 מ""ל",רקיט בנקיזר (ניר איסט) בעמ,,,"י""ח",750,"ל מ""ל",false,1,12.90,1.72,false,1,
4002575016253,false,מרציפן מצופה שוקולד זנטיס (100 גרם),הדקלאים אגודת שיתופי,,,"י""ח",100,ל גרם,false,1,13.40,13.40,false,1,
4002590000022,false,סוכריות קלפני פירות יער אוכמניות 150 ג',ליימן שליסל בע`מ,,,"י""ח",150,ל גרם,false,1,12.20,8.13,false,1,
4002590000046,false,סוכריות בטעם מנטה מרענן קלפני 150 גרם,ליימן שליסל בע`מ,,,"י""ח",150,ל גרם,false,1,12.20,8.13,false,1,
4002720005736,false,מליטה קפה לפילטר פרימיום 250 גרם,המאפיה של הרמן,,,"י""ח",250,ל גרם,false,1,16.90,6.76,false,1,
4004715020755,false,קישוטים לעוגה 3 צילינדרים בקופסא,היינץ צפון אמריקה מק,,,"י""ח",1,,false,1,13.90,13.90,false,1,
4005808366392,false,שפתון ליובש כחול קלאסי לבלו 48 גרם,טרופיקל דגיל תעשיות,,,"י""ח",1,,false,1,11.90,11.90,true,1,
4005808515554,false,ניוואה סופט קרם רב שימושי מרקם עדין 300מ,אלפא- ב.ד.ף בעמ,,,"י""ח",300,ל גרם,false,1,35.90,11.97,true,1,
4005808702107,false,ניוואה תחליב גוף לעור יבש מאד 500 מל,בטר אנד דיפרנט,,,"י""ח",500,ל גרם,false,1,29.90,5.98,true,1,
4008287058161,false,בירה קרומבאכר פילס 4.8% שישיה 6 * 330 מל,אגודת הכורמים -כרמל מזרחי,,,"י""ח",1.98,ליטר,false,1,37.90,18.23,true,1,
4009309022399,false,כרוב כבוש אורגני 670 גרם,נטורפוד בעמ,,,"י""ח",670,ל גרם,false,1,14.90,2.22,false,1,
4009309114407,false,נטורפוד מלפפון כבוש אורגני 670 גרם,נטורפוד בעמ,,,"י""ח",670,ל גרם,false,1,21.90,3.27,false,1,
4009309740422,false,רסק תפוחים אורגני – נטורפוד 700 גרם,נטורפוד בעמ,,,"י""ח",700,ל גרם,false,1,15.90,2.27,false,1,
4009900013581,false,מסטיק אורביט ספרמינט סטיקס משפחתי-חמישיות,"מרס ריגלי ישראל בע""מ",,,"י""ח",5,"י""ח",false,1,11.50,2.30,false,1,
4009900402965,false,אורביט וויט בטעם פירות בקבוקון 46מלבניות,"מרס ריגלי ישראל בע""מ",,,"י""ח",90,ל גרם,false,1,11.50,12.78,true,1,
4009900403023,false,אורביט וויט בטעם מנטה בקבוקון 46 מלבניות,"מרס ריגלי ישראל בע""מ",,,"י""ח",90,ל גרם,false,1,11.50,12.78,true,1,
4009900406918,false,מסטיק הובה בובה טייפ טריפל מיקס 56ג',מרס ריגלי קונפקשונרי,,,"י""ח",56,ל גרם,false,1,8.40,15,false,1,
4009900420129,false,מסטיק אורביט פרופשנל פפרמינט בקבוקון 64 גר',"מרס ריגלי ישראל בע""מ",,,"י""ח",90,ל גרם,false,1,11.50,12.78,true,1,
4009900426039,false,מסטיק מנטה אקליפטוס בקבוקון איירווייבס 64 גרם,"מרס ריגלי ישראל בע""מ",,,"י""ח",90,ל גרם,false,1,11.50,12.78,true,1,
4009900426121,false,מסטיק אורביט איירוויז בקבוקון אוכמניות 64ג',"מרס ריגלי ישראל בע""מ",,,"י""ח",90,ל גרם,false,1,11.50,12.78,true,1,
4009900455299,false,"סוכרית ג'לי אדומה 174 גרם ""סקיטלס""","מרס ריגלי ישראל בע""מ",,,"י""ח",174,ל גרם,false,1,11,6.32,false,1,
4009900465304,false,סוכריות סקיטלס פירות חמוצים 174 גרם,"מרס ריגלי ישראל בע""מ",,,"י""ח",174,ל גרם,false,1,11,6.32,false,1,
4009900479998,false,אורביט וויט אוכמניות בקבוקון 46 מלבניות,"מרס ריגלי ישראל בע""מ",,,"י""ח",90,ל גרם,false,1,11.50,12.78,true,1,
4009900482417,false,מסטיק אורביט פירות מנטה בקבוקון באבל מינט 45יח,"מרס ריגלי ישראל בע""מ",,,"י""ח",90,ל גרם,false,1,11.50,12.78,true,1,
4009900484091,false,מסטיק אורביט פרופשיונל בטעם מנטה ללא סוכר,"מרס ריגלי ישראל בע""מ",,,"י""ח",84,ל גרם,false,1,14.90,17.74,false,1,
4009900487283,false,מסטיק אורביט סטיקס מארז חמישייה ללס בטע,"מרס ריגלי ישראל בע""מ",,,"י""ח",5,"י""ח",false,1,11.50,2.30,false,1,
4009900500166,false,סוכריות פירות אדום סקיטלס בקבוקון 125ג',"מרס ריגלי ישראל בע""מ",,,"י""ח",1,,false,1,10.90,10.90,false,1,
4009900514996,false,מסטיק טעם תות בקבוקון אורביט 64 גרם,"מרס ריגלי ישראל בע""מ",,,"י""ח",90,ל גרם,false,1,11.50,12.78,true,1,
4009900521611,false,סוכריות אורביט מינטס דובדבן מנטה בבקבוקון,מרס ריגלי ישראל בעמ,,,"י""ח",77,ל גרם,false,1,10.90,14.16,true,1,
4009900531122,false,"מסטיק בטעם מנטה ספירמינט, 64 ג' פרופשיונל אורפיט","מרס ריגלי ישראל בע""מ",,,"י""ח",90,ל גרם,false,1,11.50,12.78,true,1,
4009900535519,false,מסטיק אורביט רפרשרס ספירמינט ללא סוכר 15.6גר',"מרס ריגלי ישראל בע""מ",,,"י""ח",15,ל גרם,false,1,3.90,26,false,1,
4009900535540,false,מסטיק אורביט רפרשרס פפרמינט ללא סוכר 15.6גר',"מרס ריגלי ישראל בע""מ",,,"י""ח",15,ל גרם,false,1,3.90,26,false,1,
4009900535823,false,מסטיק אורביט רפרשרס באבלמינט ללא סוכר 15.6גר',"מרס ריגלי ישראל בע""מ",,,"י""ח",15,ל גרם,false,1,3.90,26,false,1,
4009900536486,false,מסטיק אורביט רפרשרס באבלמינט בקבוקון ללא סוכר 67 גר',מרס ריגלי קונפקשונרי,,,"י""ח",67,ל גרם,false,1,11.90,17.76,false,1,
4009900539432,false,מסטייק אורבייט פייב באונוס אבטיח HP,מרס ריגלי ישראל בעמ,,,"י""ח",15,ל גרם,false,1,3.90,26,false,1,
4009900539685,false,"מסטיק פייב באונס בטעם מנטה בקבוקון, 61.8 גרם","מרס ריגלי ישראל בע""מ",,,"י""ח",67,ל גרם,false,1,11.90,17.76,true,1,
4009900539746,false,"מסטיק פייב באונס בטעם אבטיח בקבוקון, 61.8 גרם","מרס ריגלי ישראל בע""מ",,,"י""ח",67,ל גרם,false,1,11.90,17.76,true,1,
4011100001220,false,מרס חטיף שוקולד עם קרמל מארז 403 גרם,לינדט ושפרונגלי קילשברג,,,"י""ח",403,ל גרם,false,1,25.90,6.43,false,1,
4011800528416,false,קורני חטיף דגנים עם בוטנים מתוק-מלוח*6,משה סידס ובנו בעמ,,,"י""ח",150,ל גרם,false,1,11.90,7.93,true,1,
4011800567613,false,מאגדת קורני מילק דרק & ואיט 120 גרם,מיוצר עי קונדיטוריית,,,"י""ח",1,,false,1,15.90,15.90,true,1,
4011800568610,false,מארז רביעיית קורני בטעם קלאסי,שוורטאוור וורקה,,,"י""ח",1,,false,1,15.90,15.90,true,1,
4011800628512,false,חטיף קורני שוקולד חלב 6 יח 150 גר,מיוצר עי קונדיטוריית,,,"י""ח",150,ל גרם,false,1,15.90,10.60,true,1,
4011800629519,false,"מארז חטיפי דגנים אגוזים ""קורני""",משה סידס ובנו בעמ,,,"י""ח",150,ל גרם,false,1,15.90,10.60,true,1,
4011800630515,false,חטיף קורני שוקולד חלב ובננה 6 יח 150 גר,מיוצר עי קונדיטוריית,,,"י""ח",150,ל גרם,false,1,15.90,10.60,true,1,
4011800632519,false,חטיף קורני שישייה שוקולד חלבי וקוקוס,מיוצר עי קונדיטוריית,,,"י""ח",150,ל גרם,false,1,15.90,10.60,true,1,
4011800633516,false,קורני שוקולד מריר מעולה 58% קקאו 6*1,משה סידס ובנו בעמ,,,"י""ח",6,"י""ח",false,1,15.90,2.65,true,1,
4011800636517,false,קורני פרי שוקולד חלב מעולה ללא סוכר 6*1,מיוצר עי קונדיטוריית,,,"י""ח",6,"י""ח",false,1,15.90,2.65,true,1,
4011800637514,false,חטיף קורני Corny Free עם שוקולד לבן ללא תוספת סוכר,מ.סידס ובנו בעמ,,,"י""ח",150,ל גרם,false,1,15.90,10.60,true,1,
4014400901191,false,בונבונריית מרסי מבחר ממתקי שוקולד 250 גרם,ליימן שליסל בע`מ,,,"י""ח",250,ל גרם,false,1,31.90,12.76,true,1,
4014400901405,false,בונבונריית מרסי מבחר ממתקי שוקולד חלב 250 גרם,קריניציה ויטמינה אס,,,"י""ח",250,ל גרם,false,1,31.90,12.76,false,1,
4014400901412,false,מרסי בונבוניירה שוק`מריר 250 גר כשלפ,ליימן שליסל בע`מ,,,"י""ח",250,ל גרם,false,1,31.90,12.76,false,1,
4014400904277,false,סוכריות בטעם מנטה אייס פרש סטורק 425 גרם,ליימן שליסל בע`מ,,,"י""ח",425,ל גרם,false,1,16.90,3.98,true,1,
4014400904307,false,סוכריות בטעם פירות קליפורניה סטורק 425 גרם,קריניציה ויטמינה אס,,,"י""ח",425,ל גרם,false,1,16.90,3.98,true,1,
4014400904376,false,סוכריות טופי בטעם שוקולד סטורק 325 גרם,קריניציה ויטמינה אס,,,"י""ח",325,ל גרם,false,1,16.90,5.20,true,1,
4014400904390,false,סוכריות טופי ממולא חלב סטורק 325 גרם,קריניציה ויטמינה אס,,,"י""ח",325,ל גרם,false,1,16.90,5.20,true,1,
4014400907902,false,"וורטרס אורגינל סוכריות חמאה ללא סוכר בקופסה
42 גרם",ליימן שליסל בע`מ,,,"י""ח",42,ל גרם,false,1,8.10,19.29,false,1,
4014400910063,false,סוכריות חמאה וורטרס אורגינל (135 גרם),ליימן שליסל בע`מ,,,"י""ח",135,ל גרם,false,1,12.80,9.48,true,1,
4014400914696,false,וורטרס אורגינל סוכריות ללא סוכר 80 גרם,ליימן שליסל בע`מ,,,"י""ח",1,,false,1,11,11,true,1,
4014400920857,false,וורטר אורגינל ללא סוכר בטעם שוקולד-שקית 70 גרם,קריניציה ויטמינה אס,,,"י""ח",70,ל גרם,false,1,11,15.71,true,1,
4014400923711,false,בונבוניירה שוקולד אגוזים טופיפי 125 גרם,ליימן שליסל בע`מ,,,"י""ח",125,ל גרם,false,1,13.90,11.12,true,1,
4014400929010,false,וופל מיני קנופרס 200 גר 10 גר*20 יחידות,ליימן שליסל בע`מ,,,"י""ח",200,ל גרם,false,1,17.90,8.95,true,1,
4015400564034,false,מגן תחתון אולוויז מגה פק לונג פלוס 58 יחידות,דיפלומט מפיצים (1986) בע`מ,,,"י""ח",58,"י""ח",false,1,24.90,0.43,true,1,
4015400731719,false,תחבושות היגייניות אולוויז יום ולילה Day & Night,דיפלומט מפיצים (1986) בע`מ,,,"י""ח",1,,false,1,19.90,19.90,true,1,
4015400746812,false,מגני תחתון אולוויז נורמל עם ניחוח מגה פק,דיפלומט מפיצים (1986) בע`מ,,,"י""ח",80,"י""ח",false,1,24.90,0.31,true,1,
4015400755241,false,תחבושות היגייניות אולוויז אולטרה נורמל - 28 יח',דיפלומט מפיצים (1986) בע`מ,,,"י""ח",1,,false,1,19.90,19.90,true,1,
4015600762780,false,שמפו וקונדישינר יומיומי למניעת קשקשים הנוסחה הקלאסית 2in1,דיפלומט מפיצים (1986) בע`מ,,,"י""ח",500,"ל מ""ל",false,1,22.90,4.58,false,1,
4015600762902,false,"שמפו האד אנד שולדרס מנטול 500 מ""ל",דיפלומט מפיצים (1986) בע`מ,,,"י""ח",500,"ל מ""ל",false,1,22.90,4.58,false,1,
4017100219900,false,בלזן וופלטן וופל מגולגל מצופה שוקולד חלב 100 גרם,הדקלאים אגודת שיתופי,,,"י""ח",100,ל גרם,false,1,13.90,13.90,true,1,
4017100290008,false,בלזן בסקויט חמאה מצופה שוקולד חלב 125 גרם,הדקלאים אגודת שיתופי,,,"י""ח",125,ל גרם,false,1,11.90,9.52,true,1,
4023800012109,false,מרציפן שלוקוורד מצופ,שוקוטרייד בעמ,,,"י""ח",100,ל גרם,false,1,7.90,7.90,false,1,
4023800122105,false,מרציפן לא מצופה 82 גרם,שוקוטרייד בעמ,,,"י""ח",82,ל גרם,false,1,7.90,9.63,false,1,
4023800231647,false,בונבוניירה מוצארט 200 גרם Mozartkugeln,שוקוטרייד בעמ,,,"י""ח",200,ל גרם,false,1,20.90,10.45,false,1,
4025700001962,false,מילקה טבלה 100 גר' לבן 1/22 (4248023),דיפלומט מפיצים (1968) בעמ**,,,"י""ח",100,ל גרם,false,1,7.90,7.90,true,1,
4032900124254,false,ווינסטון קומפלקט ברי PP חפיסה,גלוברנדס גרופ בעמ,,,"י""ח",1,,false,1,28,28,false,1,
4032900124261,false,ווינסטון קומפלקט ברי PP עשירייה,גלוברנדס בעמ,,,"י""ח",1,,false,1,284,284,false,1,
4033100014529,false,סיגריות אל די סלים בודד,גלוברנדס בעמ - שיווק סיגריות,,,"י""ח",1,,false,1,25,25,false,1,
4033100024146,false,סיגריות ווינסטון קוד בודד,גלוברנדס בעמ - שיווק סיגריות,,,"י""ח",1,,false,1,31,31,false,1,
4066600999614,false,"בירה פאולנר, בירת חיטה מעוננת, בקבוק 500 מ""ל",טמפו משקאות בע`מ,,,"י""ח",500,"ל מ""ל",false,1,14,2.74,true,1,
4084500065598,false,"קרם לחות פנטן לתלתלים מושלמים 300 מ""ל",דיפלומט מפיצים (1968) בעמ,,,"י""ח",300,"ל מ""ל",false,1,19.90,6.63,false,1,
4084500853836,false,"נוזל כלים פיירי ורדים ומשי 515 מ""ל בד""צ",דיפלומט מפיצים (1986) בע`מ,,,"י""ח",1.24,ליטר,false,1,12.50,10.08,false,1,
4084500853898,false,"נוזל כלים פיירי אלוורה ומלפפונים 515 מ""ל בד""צ",דיפלומט מפיצים (1986) בע`מ,,,"י""ח",515,"ל מ""ל",false,1,12.50,2.43,false,1,
4084500920880,false,נוזל כלים פיירי אורגינל ירוק 1.24 ליטר,דיפלומט מפיצים (1968) בעמ,,,"י""ח",1.24,ליטר,false,1,15.90,12.82,true,1,
4600659010854,false,וודקה סטוליצ`יניה (700 מל),הכרם -משקאות חריפים בע`מ,,,"י""ח",700,"ל מ""ל",false,1,74.90,10.66,true,1,
4605561011975,false,חתיכות פילה דג הרינג בשמן מצונן 150 גרם,דילר בי.אם.די. פורמולה בעמ,,,"י""ח",150,ל גרם,false,1,7.90,5.27,false,1,
4710068001692,false,מאסטר קפה בטעם לאטה בפחית 240מ`ל,תאיט מרקטינג אנד דיסטריב,,,"י""ח",240,"ל מ""ל",false,1,7.20,2.88,true,1,
4750021000133,false,וודקה סטולי פרמיום,הכרם משקאות חריפים בעמ,,,"י""ח",500,"ל מ""ל",false,1,51.20,10.18,true,1,
4800888219510,false,דאב - דאודורנט סטיק לאישה פרש מלפפונים 50 גרם,יוניליוור ישראל שיווק בע`מ,,,"י""ח",50,ל גרם,false,1,19.90,39.80,true,1,
4810168018795,false,חתיכות פילה דג הרינג מלוח מצונן 200גרם,דילר בי.אם.די. פורמולה בעמ,,,"י""ח",200,ל גרם,false,1,13.90,6.95,true,1,
4810168055882,false,חתיכות פילה דג הרינג ממולח בשמן 1200 גרם,דילר בי.אם.די. פורמולה בעמ,,,"י""ח",1.20,"ק""ג",false,1,39.90,33.25,false,1,
4810168058975,false,חתיכות פילה דג הרינג סקנדינבי מלוח מצונן 260 גר,דילר בי.אם.די. פורמולה בעמ,,,"י""ח",260,ל גרם,false,1,17.90,6.88,false,1,
4810168058982,false,חתיכות פילה דג הרינג סקנדינבי מלוח בשמן 400 גר,דילר בי.אם.די. פורמולה בעמ,,,"י""ח",400,ל גרם,false,1,26.90,6.73,true,1,
4823077608513,false,רושן סוכריות טופי חלב קורבקה 205 גרם,דילר בי.אמ.די.אינטרנשויונל בעמ,,,"י""ח",205,ל גרם,false,1,6.90,3.37,true,1,
4823077613203,false,שוקולד רושן מריר + פונדוק שלם 90 גר רושן,דילר בי.אמ.די.אינטרנשויונל בעמ,,,"י""ח",90,ל גרם,false,1,7.90,8.78,true,1,
4823077613630,false,חטיף שוקולד רושן ממולה קרם בורלה 43 גרם,דילר בי.אמ.די.אינטרנשויונל בעמ,,,"י""ח",40,ל גרם,false,1,3.90,9.75,true,1,
4823077614699,false,ביסקוויט לקפה רושן בטעם חמאה וניל 185 גרם,דילר בי.אמ.די.אינטרנשויונל בעמ,,,"י""ח",185,ל גרם,false,1,3.90,2.11,true,1,
4823077614767,false,שוקולד רושן חלב נוגט בטעם אגוזי לוז 90 גרם,דילר בי.אמ.די.אינטרנשויונל בעמ,,,"י""ח",90,ל גרם,false,1,4.90,5.44,true,1,
4823077614804,false,שוקולד רושן חלב נוגט בטעם אוכמניות כחולות 90 גרם,דילר בי.אמ.די.אינטרנשויונל בעמ,,,"י""ח",90,ל גרם,false,1,4.90,5.44,true,1,
4823077617041,false,חטיף שוקולד רושן ממולה קרם קרמל 43 גרם,דילר בי.אמ.די.אינטרנשויונל בעמ,,,"י""ח",43,ל גרם,false,1,3.90,9.07,true,1,
4823077618901,false,בונבוניירה רושן דובדבן ליקר רום 150 גרם,דילר בי.אמ.די.אינטרנשויונל בעמ,,,"י""ח",150,ל גרם,false,1,12.90,8.60,true,1,
4823077621659,false,חטיף שוקולד רושן בטעם אגוז 72 גר,דילר בי.אמ.די.אינטרנשויונל בעמ,,,"י""ח",72,ל גרם,false,1,3.90,5.42,true,1,
4823077624247,false,"רושן ממתקי סוכריות ג'ילי ""בוני פרוט"" בטעם הדרים 200 גר",דילר בי.אמ.די.אינטרנשויונל בעמ,,,"י""ח",200,ל גרם,false,1,6.90,3.45,true,1,
4823077624391,false,רושן סוכריות טופי מינקי בינקי 185 גרם,דילר בי.אמ.די.אינטרנשויונל בעמ,,,"י""ח",1,"ק""ג",false,1,6.90,6.90,true,1,
4823077625145,false,ממתקי שוקולד מריר עם דובדבן בליקר דובדבן,דילר בי.אמ.די.אינטרנשויונל בעמ,,,"י""ח",150,ל גרם,false,1,12.90,8.60,true,1,
4823077625589,false,וופל וואפרס חלב רושן 216 גר,דילר בי.אמ.די.אינטרנשויונל בעמ,,,"י""ח",216,ל גרם,false,1,6.90,3.19,true,1,
4823077625602,false,וופל וואפרס שוקולד רושן 216 גר,דילר בי.אמ.די.אינטרנשויונל בעמ,,,"י""ח",216,ל גרם,false,1,6.90,3.19,true,1,
4823077625626,false,וופל וואפרס אגוז רושן 216 גר,דילר בי.אמ.די.אינטרנשויונל בעמ,,,"י""ח",216,ל גרם,false,1,6.90,3.19,true,1,
4823077626203,false,שוקולד רושן אורירי מריר 80 גרם,דילר בי.אמ.די.אינטרנשויונל בעמ,,,"י""ח",80,ל גרם,false,1,6.90,8.63,true,1,
4823077626227,false,שוקולד רושן אורירי חלב 80 גרם,דילר בי.אמ.די.אינטרנשויונל בעמ,,,"י""ח",80,ל גרם,false,1,6.90,8.63,true,1,
4823077626241,false,שוקולד רושן אורירי לבן קרמל 80 גרם,דילר בי.אמ.די.אינטרנשויונל בעמ,,,"י""ח",80,ל גרם,false,1,6.90,8.63,true,1,
4823077626364,false,שוקולד רושן אורירי לבן 80 גרם,דילר בי.אמ.די.אינטרנשויונל בעמ,,,"י""ח",80,ל גרם,false,1,6.90,8.63,true,1,
4823077629136,false,שוקולד רושן חלב lacmuי 90 גרם,דילר בי.אמ.די.אינטרנשויונל בעמ,,,"י""ח",85,ל גרם,false,1,6.90,8.12,true,1,
4823077631856,false,גליליות ופל רושן קונפטו קוקוס 140 גרם,דילר בי.אמ.די.אינטרנשויונל בעמ,,,"י""ח",140,ל גרם,false,1,6.90,4.93,true,1,
4823077632112,false,וופל רושן בטעם קקאו חלב 216 גרם,דילר בי.אמ.די.אינטרנשויונל בעמ,,,"י""ח",216,ל גרם,false,1,6.90,3.19,true,1,
4823077632259,false,חטיף שוקולד רושן עם בוטנים 43 גרם,דילר בי.אמ.די.אינטרנשויונל בעמ,,,"י""ח",40,ל גרם,false,1,3.90,9.75,true,1,
4823077632570,false,שוקולד רושן BRUT מריר 85 גרם,דילר בי.אמ.די.אינטרנשויונל בעמ,,,"י""ח",85,ל גרם,false,1,6.90,8.12,true,1,
4823077632587,false,שוקולד רושן חלב עם שקד שלם 90 גר` LACMI,דילר בי.אמ.די.אינטרנשויונל בעמ,,,"י""ח",90,ל גרם,false,1,7.90,8.78,true,1,
4823077633324,false,עוגיות שוקוצ'יפס LOVITA עם חתיכות שוקולד 150 גרם,דילר בי.אמ.די.אינטרנשויונל בעמ,,,"י""ח",150,ל גרם,false,1,6.90,4.60,true,1,
4823077633331,false,עוגיות שוקוצ'יפס LOVITA בטעם תפוז 150 גרם,דילר בי.אמ.די.אינטרנשויונל בעמ,,,"י""ח",150,ל גרם,false,1,6.90,4.60,true,1,
4823077633348,false,עוגיות שוקוצ'יפס LOVITA עם חתיכות בוטנים 150 גרם,דילר בי.אמ.די.אינטרנשויונל בעמ,,,"י""ח",150,ל גרם,false,1,6.90,4.60,true,1,
4823077633355,false,עוגיות רושן במילוי קרם חלב 170גר,דילר בי.אמ.די.אינטרנשיונל בעמ,,,"י""ח",170,ל גרם,false,1,6.90,4.06,true,1,
4823077633508,false,חטיף שוקולד רושן במילוי קרם קקאו מצופה 34 גרם,דילר בי.אמ.די.אינטרנשויונל בעמ,,,"י""ח",34,ל גרם,false,1,3.90,11.47,true,1,
4823077633515,false,חטיף שוקולד רושן במילוי קרם חלבי מצופה 34 גרם,דילר בי.אמ.די.אינטרנשויונל בעמ,,,"י""ח",34,ל גרם,false,1,3.90,11.47,true,1,
4823077633690,false,בונבוניירה רושן שוטרס ויסקי 150 גרם,דילר בי.אמ.די.אינטרנשיונל בעמ,,,"י""ח",150,ל גרם,false,1,12.90,8.60,true,1,
4823077634178,false,עוגיות רושן LOVITA במילוי תפוח קינמון 168 גרם,דילר בי.אמ.די.אינטרנשויונל בעמ,,,"י""ח",168,ל גרם,false,1,6.90,4.11,true,1,
4823077634192,false,עוגיות רושן LOVITA במילוי דובדבן וניל 168 גרם,דילר בי.אמ.די.אינטרנשויונל בעמ,,,"י""ח",168,ל גרם,false,1,6.90,4.11,true,1,
4823077634222,false,עוגיות Lovita ממולאות ג'לי תפוז מצופות צימקאו,דילר בי.אמ.די.אינטרנשויונל בעמ,,,"י""ח",168,ל גרם,false,1,6.90,4.11,true,1,
4823077634246,false,עוגיות Lovita ממולאות ג'לי פטל מצופות צימקאו,דילר בי.אמ.די.אינטרנשויונל בעמ,,,"י""ח",168,ל גרם,false,1,6.90,4.11,true,1,
4823077634741,false,עוגיות רושן LOVITA במילוי תות שדה 168 גרם,דילר בי.אמ.די.אינטרנשויונל בעמ,,,"י""ח",168,ל גרם,false,1,6.90,4.11,true,1,
4823077635489,false,חטיף וופל רושן קרם קקאו JOHNY KROCKERי 350 גרם,דילר בי.אמ.די.אינטרנשויונל בעמ,,,"י""ח",350,ל גרם,false,1,16.90,4.83,true,1,
4823077635533,false,חטיף וופל רושן קרם חלב JOHNY KROCKERי 350 גרם,דילר בי.אמ.די.אינטרנשויונל בעמ,,,"י""ח",350,ל גרם,false,1,16.90,4.83,true,1,
4823077635793,false,"וופלים דקיקים רושן ""THINS"" בטעם חלב וניל 55 גר",דילר בי.אמ.די.אינטרנשיונל בעמ,,,"י""ח",55,ל גרם,false,1,4.90,8.91,true,1,
4823077635809,false,"וופלים דקיקים רושן ""THINS"" בטעם קקאו 55 גר",דילר בי.אמ.די.אינטרנשיונל בעמ,,,"י""ח",55,ל גרם,false,1,4.90,8.91,true,1,
4823077636004,false,עוגיות Lovita ממולאות ג'לי דובדבן מצופות צימקאו,דילר בי.אמ.די.אינטרנשויונל בעמ,,,"י""ח",168,ל גרם,false,1,6.90,4.11,true,1,
4823077636073,false,עוגיות תות שדה LOVITAי 420 גרם,דילר בי.אמ.די.אינטרנשויונל בעמ,,,"י""ח",420,ל גרם,false,1,16.90,4.02,true,1,
4823077636172,false,וופל רושן בטעם לימון 216 גרם,דילר בי.אמ.די.אינטרנשויונל בעמ,,,"י""ח",216,ל גרם,false,1,6.90,3.19,true,1,
4895149084921,false,שלישיית נורות לד 12W=75W הברגה E27 אור,פוגיקום בעמ,,,"י""ח",1,,false,1,24.90,24.90,true,1,
4903001904208,false,רוטב סויה יאמאסה פרימיום 1 ליטר,הדקלאים אגודת שיתופי,,,"י""ח",1,ליטר,false,1,45.60,45.60,false,1,
5000146401568,false,וולייט דפים למניעת העברת צבע 10 דפים,רקיט בנקיזר (ניר איסט) בעמ,,,"י""ח",1,"י""ח",false,1,15.90,15.90,false,1,
5000157143365,false,מתבל בטעם מיונז וקטשופ היינץ 425 גרם,דיפלומט מפיצים (1968) בעמ**,,,"י""ח",425,ל גרם,false,1,16.90,3.98,false,1,
5000159452540,false,סניקרס חטיף שוקולד עם בוטנים חמישייה ברי,"מרס ריגלי ישראל בע""מ",,,"י""ח",180,ל גרם,false,1,12.90,7.17,true,1,
5000159452663,false,מרס מארז חטיף 45 גרם חמישייה,"מרס ריגלי ישראל בע""מ",,,"י""ח",180,ל גרם,false,1,12.90,7.17,true,1,
5000159461122,false,סניקרס חטיף שוקולד עם בוטנים 50 גרם,"מרס ריגלי ישראל בע""מ",,,"י""ח",51,ל גרם,false,1,4.90,9.61,true,1,
5000159536400,false,טוויקס סטיקס 99 קלוריות ליחידה 10 יח,מרס ריגלי ישראל בעמ,,,"י""ח",200,ל גרם,false,1,15.90,7.95,false,1,
5000159538626,false,טוויקס מארז חטיף 50 גרם חמישייה,"מרס ריגלי ישראל בע""מ",,,"י""ח",180,ל גרם,false,1,12.90,7.17,true,1,
5000168199245,false,שוקולד חלב מעולה בתוספת קרמל מלוח פיור גודייבה 90 ג',"אולקר מקבוצת פלאדיס, ציק",,,"י""ח",90,ל גרם,false,1,14.90,16.56,true,1,
5000204657883,false,"קיווי משחת נעליים בקופסא חום 50מ""ל",ג' אל ראיה בוגור ג'א,,,"י""ח",50,ל גרם,false,1,6.90,13.80,false,1,
5000204658187,false,משחת נעליים קראון שחור קיווי (75 מל),אס' סי' ג'ונסון במה,,,"י""ח",75,"י""ח",false,1,17.30,0.23,false,1,
5000267014234,false,וויסקי ג'וני ווקר רד לייבל Red label,החברה המרכזית להפצת משקאות בעמ,,,"י""ח",700,"ל מ""ל",false,1,84.90,12.09,false,1,
5000267024233,false,"וויסקי ג'וני בלאק לייבל עם פורר 700מ""ל",החברה המרכזית להפצת משקאות בעמ,,,"י""ח",700,"ל מ""ל",false,1,129.90,18.51,false,1,
5000396037944,false,מקוויטיס ביסקוויט אורגינל 250 גרם,תה ויסוצקי (ישראל)בעמ,,,"י""ח",250,ל גרם,false,1,11.90,4.76,true,1,
5010106113127,false,"וויסקי בלנטיין 700מ""ל",טמפו משקאות בעמ,,,"י""ח",700,"ל מ""ל",false,1,89.90,12.80,true,1,
5010677850100,false,"וודקה צרפתית גריי גוס 700מ""ל",בקרדי מרטיני,,,"י""ח",750,"ל מ""ל",false,1,109.90,14.61,false,1,
5011157671222,false,"טילדה אורז בסמטי חום מלא 1 ק""ג",ש.שסטוביץ בעמ,,,"י""ח",1,"ק""ג",false,1,19.90,19.90,false,1,
5014271360423,false,"מעדן תפוזים לל""ס סאן דלפור 284 גרם",סאן דלפור - שמבור,,,"י""ח",284,ל גרם,false,1,23.90,8.42,true,1,
5014271400426,false,"מעדן בטעם תות שדה לל""ס סאן דלפור 284 גרם",סאן דלפור - שמבור,,,"י""ח",284,ל גרם,false,1,23.90,8.42,true,1,
5029053002408,false,קלינקס - נייר טואולט קליניקס לבן 9 גלילים,קימברלי קלארק ישראל שיווק בעמ,,,"י""ח",1184,ל גרם,false,1,33.90,2.86,false,1,
5029053002439,false,קלינקס - נייר טואולט קליניקס צהוב 9 גלילים,קימברלי קלארק ישראל שיווק בעמ,,,"י""ח",1184,ל גרם,false,1,33.90,2.86,false,1,
5029053039725,false,ממחטות נייר קלינקס נטורל פרש קופסה 72 דף,קימברלי קלארק ישראל שיווק בעמ,,,"י""ח",72,"י""ח",false,1,10.90,0.15,true,1,
5029053523446,false,קוטקס - תחבושות אולטרה נייט + כנפיים 20 יח',קימברלי קלארק ישראל שיווק בעמ,,,"י""ח",20,"י""ח",false,1,19.90,1,true,1,
5029053527574,false,האגיס תחתון ספיגה 4-7 בנים דריי נייטס 10 יחידות,קימברלי קלארק ישראל שיווק בעמ,,,"י""ח",1,"י""ח",false,1,38.90,38.90,false,1,
5029053527604,false,האגיס תחתון ספיגה 15-8 בנות דריי נייטס 9 יחידות,קימברלי קלארק ישראל שיווק בעמ,,,"י""ח",1,"י""ח",false,1,38.90,38.90,false,1,
5029053574141,false,האגיס פול אפס תח.גמילה לילה בנות 18 יחיד,קימברלי קלארק ישראל שיווק בעמ,,,"י""ח",1,,false,1,44.90,44.90,false,1,
5050083559761,false,דגני בוקר קלוגס קוקו פופס שוקוס 500 גרם,קלוגס מניופקטורינג אספנה,,,"י""ח",500,ל גרם,false,1,20.90,4.18,false,1,
5060033823675,false,"קרם לניקוי כללי 500מ""ל",ר.ב. מוצרי דגנים בעמ,,,"י""ח",1,,false,1,19.90,19.90,false,1,
5060517886486,false,"משקה אנרגיה מונסטר אנרג'י בפחית 500 מ""ל",החברה המרכזית להפצת משקאות בעמ,,,"י""ח",500,"ל מ""ל",false,1,7,1.34,false,1,
5099864006377,false,תחליף חלב מהדרין שלב 1 סימילאק אדוונס 90,אבוט מעבדות רפואיות,,,"י""ח",900,ל גרם,false,1,89.90,9.99,false,1,
5099864006384,false,סימילאק למהדרין שלב 2 אריזת חיסכון 900 ג.,אבוט מעבדות רפואיות,,,"י""ח",900,ל גרם,false,1,89.90,9.99,false,1,
5200133120476,false,גלילות וופלים ממולאים קרם אגוזים וקקאו 400 ג',דיפלומט מפיצים (1968) בעמ**,,,"י""ח",400,ל גרם,false,1,17.90,4.48,false,1,
5201004020338,false,גליליות קפריס קרם אגוזים שוקולד 400 גר,משה סידס ובנו בעמ,,,"י""ח",400,ל גרם,false,1,24.90,6.23,false,1,
5201184478530,false,קישוטי עוגה נסיכה+גמדים,שמחה זה אנחנו,,,"י""ח",1,,false,1,10.70,10.70,false,1,
5201347400545,false,רצועות שעווה מוכנות לשימוש לפנים ולאזורים רגישים,רקיט בנקיזר (ניר איסט) בעמ,,,"י""ח",1,"י""ח",false,1,23.90,23.90,true,1,
5201940010110,false,זיתים שחורים קלמטה וילי פוד 250 גרם,ג. וילי-פוד אינטרנשיונל בע`מ,,,"י""ח",454,ל גרם,false,1,19.90,4.38,false,1,
5391523057943,false,סימילאק גולד שלב 3 תרכובת מזון על בסיס חלב,אבוט מעבדות רפואיות,,,"י""ח",700,ל גרם,false,1,69.90,9.99,false,1,
5410126006360,false,לוטוס עוגיות סנדוויץ' במילוי לוטוס 150 גר',דיפלומט מפיצים (1968) בעמ**,,,"י""ח",150,ל גרם,false,1,9.90,6.60,false,1,
5410126106022,false,לוטוס ביסקויט מארז חג 2*250ג.,דיפלומט מפיצים (1968) בעמ**,,,"י""ח",500,ל גרם,false,1,17.90,3.58,true,1,
5410126116953,false,ממרח ביסקוויט קרמל לוטוס (400 גרם),דיפלומט מפיצים (1968) בעמ**,,,"י""ח",312,ל גרם,false,1,22.90,7.34,false,1,
5410126726947,false,ממרח ביסקוויט קרמל קראנץ' לוטוס 380 גרם,דיפלומט מפיצים (1968) בעמ**,,,"י""ח",380,ל גרם,false,1,23.90,6.29,false,1,
5410291021991,false,ממרח אגוזי לוז עם קקאו צ`וקטה (700 גרם),ש. שסטוביץ בע`מ,,,"י""ח",385,ל גרם,false,1,18.90,4.91,false,1,
5410291022011,false,ממרח אגוזי לוז עם קקאו צ`וקטה (350 גרם),ש. שסטוביץ בע`מ,,,"י""ח",385,ל גרם,false,1,11.90,3.09,true,1,
5410291022738,false,צ'וקטה ממרח חלב ואגוזי לוז עם קקאוי 350ג',ש. שסטוביץ בע`מ,,,"י""ח",350,ל גרם,false,1,11.90,3.40,true,1,
5410291022752,false,צ'וקטה ממרח אגוזי לוז עם קקאו פרווה 350 ג',ש. שסטוביץ בע`מ,,,"י""ח",350,ל גרם,false,1,11.90,3.40,true,1,
5410769800097,false,"בירה לה צרי שוף 8% 330 מ""ל בקבוק",הכרם -משקאות חריפים בע`מ,,,"י""ח",330,"ל מ""ל",false,1,14.90,4.42,true,1,
5411188094159,false,רביעיית מעדן סויה שוקו מריר אלפרו 125 גרם,הנסיך- מפעל לייצור ט,,,"י""ח",500,ל גרם,false,1,19.80,3.96,false,1,
5411188110835,false,אלפרו חלב סויה שקדים וניל 1ל',הנסיך- מפעל לייצור ט,,,"י""ח",1,ליטר,false,1,14.90,14.90,false,1,
5411188112709,false,"משקה קוקוס אלפרו 1 ליטר משקה שקדים לל""ס",הנסיך- מפעל לייצור ט,,,"י""ח",1,ליטר,false,1,16.80,16.80,false,1,
5411188115366,false,משקה קוקוס אלפרו 1 ליטר משקה שיבולת שועל 1 ליטר,הנסיך- מפעל לייצור ט,,,"י""ח",1,ליטר,false,1,16.70,16.70,false,1,
5411188115472,false,משקה סויה אלפרו 1 ליטר,הנסיך- מפעל לייצור ט,,,"י""ח",1,ליטר,false,1,14.90,14.90,false,1,
5411188120742,false,משקה קוקוס אלפרו 1 ליטר שקדים וניל 1 ל',הנסיך- מפעל לייצור ט,,,"י""ח",1,ליטר,false,1,16.80,16.80,false,1,
5411188134985,false,אלפרו 3.5% NOT M*LK שיבולת שועל 1 ליטר בית יוסף,שטראוס גרופ בעמ/מצונן,,,"י""ח",1,ליטר,false,1,13.90,13.90,true,1,
5411188135005,false,אלפרו 1.8% NOT M*LK שיבולת שועל 1 ליטר בית יוסף,שטראוס גרופ בעמ/מצונן,,,"י""ח",1,ליטר,false,1,13.90,13.90,true,1,
5411188300328,false,אלפרו משקה סויה עמיד בטעם שוקו 1 ליטר,הנסיך- מפעל לייצור ט,,,"י""ח",1,ליטר,false,1,17.50,17.50,false,1,
5411188543398,false,משקה סויה ללא סוכר אלפרו 1 ליטר,הנסיך- מפעל לייצור ט,,,"י""ח",1,ליטר,false,1,14.80,14.80,false,1,
5413149655522,false,"אבקת כביסה שושן צחור 1.25 ק""ג אריאל",דיפלומט מפיצים (1986) בע`מ,,,"י""ח",2.50,"ק""ג",false,1,19.90,7.96,false,1,
5413149922907,false,"אבקת כביסה קולור וסטייל 5 ק""ג אריאל",דיפלומט מפיצים (1986) בע`מ,,,"י""ח",5,"ק""ג",false,1,49.90,9.98,true,1,
5413149922938,false,"אריאל אבקת כביסה שושן צחור, 5 ק""ג",דיפלומט מפיצים (1986) בע`מ,,,"י""ח",5,"ק""ג",false,1,49.90,9.98,true,1,
5601008200444,false,עוגיות גודיס טבעות מצופות שוקולד חלב מרבה 150 גרם,הנסיך- מפעל לייצור ט,,,"י""ח",150,ל גרם,false,1,7.90,5.27,true,1,
5601008200468,false,עוגיות גודיס טבעות מצופות שוקולד לבו מרבה 150 גרם,קריניציה ויטמינה אס,,,"י""ח",150,ל גרם,false,1,7.90,5.27,true,1,
5701932026964,false,"הוטפופ גרעיני תירס להכנת פופקורן במיקרוגל בטעם טבעי, בתוספת מלח, 600 גרם",ליימן שליסל בע`מ,,,"י""ח",600,ל גרם,false,1,17.90,2.98,true,1,
5701932026971,false,הוטפופ גרעיני תירס להכנת פופקורן במיקרוגל בטעם חמאה 600 גרם,ליימן שליסל בע`מ,,,"י""ח",600,ל גרם,false,1,17.90,2.98,true,1,
5701932026995,false,"הוטפופ גרעיני תירס להכנת פופקורן במיקרוגל בטעם טבעי מופחת שומן, 510 גרם",קריניציה ויטמינה אס,,,"י""ח",510,ל גרם,false,1,17.90,3.51,true,1,
5705550300963,false,ביצי דג שיבוט 200 גרם יורו פוד,בני ג`ורג` שוקחה (חיפה) בעמ,,,"י""ח",200,ל גרם,false,1,11.90,5.95,false,1,
5711953106583,false,גבינת שמנת בטעם טבעי 200 גרם ארלה,שטראוס גרופ בעמ/מצונן,,,"י""ח",200,ל גרם,false,1,16.90,8.45,true,1,
5711953106590,false,גבינת שמנת ארלה שמנת שום 200 גרם,שטראוס גרופ בעמ/מצונן,,,"י""ח",200,ל גרם,false,1,16.90,8.45,true,1,
5740900403215,false,ממרח חמאה דנית לורפק עם מלח 250 גרם,שטראוס גרופ בעמ/מצונן,,,"י""ח",250,ל גרם,false,1,17.90,7.16,false,1,
5740900403222,false,ממרח לורפק חמאה עם מלח מופחת שומן 250 ג,שטראוס גרופ בעמ/מצונן,,,"י""ח",250,ל גרם,false,1,17.90,7.16,false,1,
5740900403239,false,ממרח חמאה דנית לורפק ללא מלח 250 גרם,שטראוס גרופ בעמ/מצונן,,,"י""ח",250,ל גרם,false,1,17.90,7.16,false,1,
5740900403253,false,ממרח מחמאת לורפק עם מלח 500 ג',שטראוס גרופ בעמ/מצונן,,,"י""ח",500,ל גרם,false,1,29.80,5.96,true,1,
5900017062419,false,"ניוואה - תחליב רחצה ורדים ושמן שקדים 750 מ""ל",אלפא ב.ד.ף בעמ,,,"י""ח",750,"ל מ""ל",false,1,15.90,2.12,true,1,
5900020026552,false,דגני בוקר האני נאט צ'יריוס בטעם דבש ושקדים,קבוצת אוסם סחר שותפות מוגבלת,,,"י""ח",615,ל גרם,false,1,26.30,4.28,true,1,
5900020037916,false,דגני בוקר שיבולת שועל צ'ריוס 375ג',קבוצת אוסם סחר שותפות מוגבלת,,,"י""ח",375,ל גרם,false,1,15.90,4.24,false,1,
5900020039590,false,פיטנס חטיף דגנים קלאסי 6.8*23.5גר פרווה,קבוצת אוסם סחר-שות.מוגבלת,,,"י""ח",141,ל גרם,false,1,16.70,11.84,true,1,
5900020039620,false,פיטנס חטיף דגנים שקדים ודבש פרווה 8 6*23 ג,קבוצת אוסם סחר שותפות מוגבלת,,,"י""ח",141,ל גרם,false,1,16.70,11.84,true,1,
5900627063233,false,טבליות למדיח הכל ב-1 פיניש מקס 50 יחידות,רקיט בנקיזר (ניר איסט) בעמ,,,"י""ח",50,"י""ח",false,1,39.90,0.80,true,1,
5900951283963,false,חטיף סניקרס עם חמאת בוטנים Creamy Peanut Butter,"מרס ריגלי ישראל בע""מ",,,"י""ח",36,ל גרם,false,1,4.50,12.50,true,1,
5901888020508,false,FREEYU חטיף דגנים עם קינואה בטעם צ'ילי 70 גרם,"דנשר (1963) בע,מ",,,"י""ח",70,ל גרם,false,1,12.90,18.43,false,1,
5902198160403,false,XL משקה אנרגיה מוגז ללא סוכר עד 10 קלוריות לפחית 250 מל,"טמפו משקאות בע""\מ",,,"י""ח",250,"ל מ""ל",false,1,4.20,1.56,true,1,
5904941750312,false,"משקה אנרגיה BLU מוחיטו בודד 250 מ""ל",בני פאוזי שמשום (2009) בעמ,,,"י""ח",250,"ל מ""ל",false,1,4.50,1.68,true,1,
5904941751302,false,משקה אנרגיה בפחית בלו (250 מל),בני פאוזי שמשום (2009) בעמ,,,"י""ח",250,"ל מ""ל",false,1,3.90,1.44,true,1,
5904941751524,false,"משקה אנרגיה BLU DAY אבטיח בודד 250 מ""ל",בני פאוזי שמשום (2009) בעמ,,,"י""ח",250,"ל מ""ל",false,1,4.50,1.68,true,1,
5904941751715,false,משקה אנרגיה Blu פחיתבטעם חמוציות 250מל,בני פאוזי שמשום (2009) בעמ,,,"י""ח",250,"ל מ""ל",false,1,3.90,1.44,true,1,
5904941751913,false,משקה אנרגיה Blu פחית בטעם פסיפלורה250מ,בני פאוזי שמשום (2009) בעמ,,,"י""ח",250,"ל מ""ל",false,1,3.90,1.44,true,1,
5906485301012,false,משקה אנרגיה XL מוגז פחית 250 מל,טמפו משקאות בע`מ,,,"י""ח",250,"ל מ""ל",false,1,4.50,1.68,true,1,
5998710131877,false,בונבונטי חטיף דובדבן בשוקולד 36 גרם,דילר בי.אמ.די.אינטרנשיונל בעמ,,,"י""ח",36,ל גרם,false,1,3.90,10.83,true,1,
6901022100409,false,ג'ינג'ר כתוש לירון 100 גרם,ביג פוד כחול לבן בעמ*שיק 30 יו,,,"י""ח",1,,false,1,4.90,4.90,false,1,
6901022100416,false,שום כתוש לירון 100 גרם,ביג פוד כחול לבן בעמ*שיק 30 יו,,,"י""ח",1,,false,1,4.90,4.90,false,1,
6901022100584,false,רצועות פלפלים אדומים קלויים,ביג פוד כחול לבן בעמ*שיק 30 יו,,,"י""ח",1,,false,1,13.90,13.90,false,1,
6901022100591,false,רצועות מיקס פלפלים קלויים,ביג פוד כחול לבן בעמ*שיק 30 יו,,,"י""ח",1,,false,1,13.90,13.90,false,1,
6910191800287,false,אצות נורי בלו 10 דף (ננגטונג),מזרח ומערב יבוא ושיווק,,,"י""ח",10,"י""ח",false,1,13.90,1.39,true,1,
6921850620504,false,לד 15W A60 לבן אור יום מארז שלישיה OMEGA E27,עולם הבית שיווק והפצה בעמ,,,"י""ח",3,"י""ח",false,1,24.90,8.30,false,1,
6922276100083,false,מחית וואסבי -חזרת 43 גרם (דליאן),מזרח ומערב יבוא ושיווק,,,"י""ח",500,ל גרם,false,1,11.90,2.38,false,1,
6934931265334,false,סוללות 14 יח' קטן,עולם הבית שיווק והפצה בעמ,,,"י""ח",1,,false,1,9.90,9.90,false,1,
6936613888667,false,שום ארוז יבוא,ביכורי השדה צפון 1994 ג.ד. בעמ,,,"י""ח",1,,false,1,8.90,8.90,true,1,
6936745600783,false,"חומץ אורז מזרח מערב 500 מ""ל",מזרח ומערב יבוא ושיווק,,,"י""ח",500,"ל מ""ל",false,1,16.90,3.38,false,1,
6974640730167,false,פטריות שיטאקה 100 גר (כ) (Zhejiang),מזרח ומערב יבוא ושיווק,,,"י""ח",100,ל גרם,false,1,12.90,12.90,false,1,
7200029736291,false,"קמח מנופה 1ק""ג שטיבל כחול",ח.כהן סוכנות מזון ומשקאות בע,,,"י""ח",1,"ק""ג",false,1,8.50,8.50,false,1,
7262626058466,false,טייץ שחור מודפס,ביג מול בעמ,,,"י""ח",1,,false,1,29.90,29.90,false,1,
7262626058497,false,כובע צמר לגבר,ביג מול בעמ,,,"י""ח",1,,false,1,29.90,29.90,false,1,
7262626088197,false,טייץ טרמי צבעוני מלא,ביג מול בעמ,,,"י""ח",183,ל גרם,false,1,29.90,16.34,false,1,
7262626088319,false,כובע חורף נשים פונפון,ביג מול בעמ,,,"י""ח",1,,false,1,29.90,29.90,false,1,
7271730901261,false,ווקי מאק ארוחת אטריות עם גבינה 156 גרם,ניו וורלד פסטה קומפנ,,,"י""ח",156,ל גרם,false,1,11.90,7.63,false,1,
7290000000510,false,פטרוזיליה ביכורי שדה ארוז,ביכורי השדה צפון 1994 ג.ד. בעמ,,,"י""ח",1,,false,1,11.90,11.90,false,1,
7290000000848,false,תירס מתוק ארוז,ביכורי השדה צפון 1994 ג.ד. בעמ,,,"ק""ג",1,,true,1,19.90,19.90,false,1,
7290000000978,false,חסה גוש קטיף ירק הארץ היתר מכירה,ביכורי השדה צפון 1994 ג.ד. בעמ,,,"י""ח",1,,false,1,6.90,6.90,true,1,
7290000000985,false,פטרוזיליה ברכת קטיף ייבול נוכרי בוסתן,ביכורי השדה צפון 1994 ג.ד. בעמ,,,"י""ח",1,,false,1,5.90,5.90,true,1,
7290000001043,false,כרוב לבן מהדרין-ברכת קטיף,ביכורי השדה צפון 1994 ג.ד. בעמ,,,"ק""ג",1,,true,1,14.90,14.90,false,1,
7290000001074,false,כרוב אדום מהדרין-ברכת קטיף,ביכורי השדה צפון 1994 ג.ד. בעמ,,,"ק""ג",1,,true,1,3.90,3.90,false,1,
7290000001401,false,עלי סלק גלאט עלי הארץ,ביכורי השדה צפון 1994 ג.ד. בעמ,,,"י""ח",1,,false,1,7.90,7.90,false,1,
7290000001579,false,סלרי מהדרין קטיף טרי,ביכורי השדה צפון 1994 ג.ד. בעמ,,,"י""ח",1,,false,1,5.50,5.50,true,1,
7290000001593,false,נענע מהדרין קטיף טרי,ביכורי השדה צפון 1994 ג.ד. בעמ,,,"י""ח",1,,false,1,6.90,6.90,true,1,
7290000001609,false,עלי סלק מהדרין קטיף טרי,ביכורי השדה צפון 1994 ג.ד. בעמ,,,"י""ח",1,,false,1,6.90,6.90,false,1,
7290000001616,false,כוסברה ירק הארץ גוש היתר מכירה,ביכורי השדה צפון 1994 ג.ד. בעמ,,,"י""ח",1,,false,1,5.90,5.90,true,1,
7290000023083,false,ערק אשקלון בקבוק 700,טמפו משקאות בע`מ,,,"י""ח",700,"ל מ""ל",false,1,58.90,8.37,true,1,
7290000034256,false,ביסקוויט תירוש חצי מצופה 175 ג`הדר*,ח.כהן סוכנות מזון ומשקאות בע,,,"י""ח",175,ל גרם,false,1,6.90,3.94,true,1,
7290000040042,false,יופלה יוגורט תות %3 גביע 150 גרם,"תנובה בע""מ ***",,,"י""ח",150,"ל מ""ל",false,1,5.60,3.73,false,1,
7290000040066,false,יופלה יוגורט דובדבן %3 גביע 150 גרם,תנובה מרכז שיתופי לש,,,"י""ח",150,"ל מ""ל",false,1,5.60,3.73,false,1,
7290000040080,false,יופלה יוגורט אפרסק %3 גביע 150 גרם,"תנובה בע""מ ***",,,"י""ח",150,"ל מ""ל",false,1,5.60,3.73,false,1,
7290000040301,false,תנובה עין גדי קממבר מחלב בקר 24% שומן,תנובה מרכז שיתופי לש,,,"י""ח",125,ל גרם,false,1,20.60,16.48,false,1,
7290000040462,false,טוסטי גבינה בסגנון אמריקאי אדם 23% תנובה 200 גרם,תנובה מרכז שיתופי לש,,,"י""ח",200,ל גרם,false,1,18.10,9.05,false,1,
7290000041407,false,"גיל קטן 3% תנובה 125 מ""ל בד""ץ",תנובה מרכז שיתופי לש,,,"י""ח",125,"ל מ""ל",false,1,0.90,0.72,false,1,
7290000042015,false,חלב 3% בשקית בדצ תנובה (1 ליטר)פיקוח,תנובה מרכז שיתופי לש,,,"י""ח",1,ליטר,false,1,5.43,5.43,false,1,
7290000042435,false,חלב דל שומן 1% בקרטון תנובה (1 ליטר)פיק,תנובה מרכז שיתופי לש,,,"י""ח",1,ליטר,false,1,5.86,5.86,false,1,
7290000042640,false,"חלב תנובה עמיד 3% קרטון 250 מ""ל",תנובה מרכז שיתופי לש,,,"י""ח",250,"ל מ""ל",false,1,2.70,1.08,false,1,
7290000042855,false,"שוקו בשקית 250 מ""ל ""יטבתה""",שטראוס גרופ בעמ/מצונן,,,"י""ח",225,"ל מ""ל",false,1,2.90,1.29,false,1,
7290000043012,false,"שוקו עמיד 2% בקרטון 250 מ""ל תנובה",תנובה מרכז שיתופי לש,,,"י""ח",250,"ל מ""ל",false,1,4.60,1.84,false,1,
7290000043814,false,השף הלבן שמנת להקצפה 38% שומן 250 מל - מוצר בפיקוח,תנובה מרכז שיתופי לש,,,"י""ח",250,"ל מ""ל",false,1,6.47,2.59,false,1,
7290000043890,false,תנובה רויון לבן מחלב מפסוטר 1.5%,תנובה מרכז שיתופי לש,,,"י""ח",1.0350,ליטר,false,1,12.50,12.08,false,1,
7290000044712,false,יוגורט עם תות 1.5% שומן 500 ג' פרילי,מיוצר עי קונדיטוריית,,,"י""ח",500,"ל מ""ל",false,1,10.80,2.16,false,1,
7290000044880,false,יוגורט בטעם תות שדה 3% באדי (500 גרם),מיוצר עי קונדיטוריית,,,"י""ח",500,"ל מ""ל",false,1,9.30,1.86,false,1,
7290000046020,false,"גלבוע 22% שקילה}גבנ""צ{*.",תנובה מרכז שיתופי לש,,,"ק""ג",1000,ל גרם,true,1,42.58,4.26,false,1,
7290000046327,false,גלבוע גבינה צהובה פרוסה 22% תנובה 200 גרם,תנובה מרכז שיתופי לש,,,"י""ח",200,ל גרם,false,1,13.20,6.60,false,1,
7290000046563,false,קולאג 23% פרמזן חריץ תנובה,תנובה מרכז שיתופי לש,,,"ק""ג",1000,ל גרם,true,1,114,11.40,false,1,
7290000047546,false,השף הלבן כנען גבינה לבנה דלת נתרן 5% תנובה 500 גרם,תנובה מרכז שיתופי לש,,,"י""ח",500,ל גרם,false,1,25.30,5.06,false,1,
7290000047621,false,גבינה לבנה רכה 5% תנובה 250ג' מהדרין,תנובה מרכז שיתופי לש,,,"י""ח",250,ל גרם,false,1,4.70,1.88,false,1,
7290000047942,false,**תנובה גבינה לבנה מהדרין 9% 250ג,תנובה מרכז שיתופי לש,,,"י""ח",250,ל גרם,false,1,4.80,1.92,false,1,
7290000048185,false,גבינה לבנה 5% תנובה 250 גרם מהדרין,מיוצר עי קונדיטוריית,,,"י""ח",250,ל גרם,false,1,4.98,1.99,false,1,
7290000048192,false,גבינה לבנה 9% תנובה 250 גרם מהדרין,מחלבת אלון תבור,,,"י""ח",250,ל גרם,false,1,4.80,1.92,false,1,
7290000048307,false,גבינת קוטג`5% עם זיתים תנובה (250 גרם),מיוצר עי קונדיטוריית,,,"י""ח",250,ל גרם,false,1,5.80,2.32,false,1,
7290000048413,false,גבינה חמד (25016% גרם)פיראוס תנובה,תנובה מרכז שיתופי לש,,,"י""ח",250,ל גרם,false,1,19.50,7.80,false,1,
7290000048437,false,גבינת צפתית (2005% גרם)פיראוס תנובה,פארייפאבה אגרואינדוס,,,"י""ח",200,ל גרם,false,1,15.90,7.95,false,1,
7290000048444,false,"גבינת חמד 16%שומן 1 ק""ג",תנובה מרכז שיתופי לש,,,"י""ח",1,"ק""ג",false,1,54.50,54.50,false,1,
7290000060088,false,בייגלה מקלות עם מלח אסם (400 גרם),קבוצת אוסם סחר שותפות מוגבלת,,,"י""ח",400,ל גרם,false,1,12.10,3.03,false,1,
7290000060200,false,פסטה אסם פתיתים אפויים קוסקוס 500גר,קבוצת אוסם סחר שותפות מוגבלת,,,"י""ח",500,ל גרם,false,1,7.80,1.56,true,1,
7290000060217,false,פסטה מקרוני מספר 7 אסם (500 גרם),קבוצת אוסם סחר שותפות מוגבלת,,,"י""ח",500,ל גרם,false,1,6.90,1.38,true,1,
7290000060248,false,פסטה אסם פתיתים תלתלים 500 גר',קבוצת אוסם סחר שותפות מוגבלת,,,"י""ח",500,ל גרם,false,1,6.90,1.38,true,1,
7290000060408,false,פסטה אסם פתיתים אפויים טבעות 500 גר,קבוצת אוסם סחר שותפות מוגבלת,,,"י""ח",500,ל גרם,false,1,7.80,1.56,true,1,
7290000060576,false,פתיתים אפויים כוכבים אסם (500 גרם),קבוצת אוסם סחר שותפות מוגבלת,,,"י""ח",500,"ל מ""ל",false,1,7.80,1.56,true,1,
7290000060781,false,פרומנטי פתיתים מסולסלים אוסם,קבוצת אוסם סחר שותפות מוגבלת,,,"י""ח",500,ל גרם,false,1,6.90,1.38,true,1,
7290000060828,false,פסטה קרניים בינוניות אסם (500 גרם),קבוצת אוסם סחר שותפות מוגבלת,,,"י""ח",500,ל גרם,false,1,6.90,1.38,true,1,
7290000060842,false,פסטה אסם פתיתים צדפים גדולים 500גר,קבוצת אוסם סחר שותפות מוגבלת,,,"י""ח",500,ל גרם,false,1,6.90,1.38,true,1,
7290000060859,false,פסטה אסם פתיתים צדפים קטנים 500גר,קבוצת אוסם סחר-שות.מוגבלת,,,"י""ח",500,ל גרם,false,1,6.90,1.38,true,1,
7290000060880,false,פסטה ספגטי מספר 8 אסם 500 גרם,קבוצת אוסם סחר שותפות מוגבלת,,,"י""ח",500,ל גרם,false,1,6.90,1.38,true,1,
7290000060958,false,אטריות מובחרות בינוניות אסם (400 גרם),קבוצת אוסם סחר שותפות מוגבלת,,,"י""ח",400,ל גרם,false,1,7.90,1.98,true,1,
7290000061061,false,קרקר חיטה עם בצל אסם,קבוצת אוסם סחר שותפות מוגבלת,,,"י""ח",250,ל גרם,false,1,11.80,4.72,true,1,
7290000061108,false,"רוטב טריאקי 290 מ""ל-בקבוק",קבוצת אוסם סחר שותפות מוגבלת,,,"י""ח",290,"ל מ""ל",false,1,12.90,4.45,true,1,
7290000061764,false,קפה נמס מגורען רד מאג 200 גרם,קבוצת אוסם סחר שותפות מוגבלת,,,"י""ח",200,ל גרם,false,1,22.40,11.20,false,1,
7290000063140,false,שקדי מרק רכיבים טבעיים בשקית 400 ג' אסם,קבוצת אוסם סחר שותפות מוגבלת,,,"י""ח",400,ל גרם,false,1,12.90,3.23,true,1,
7290000063157,false,"קמח עוגה תופח מאליו אסם 1 ק""ג",קבוצת אוסם סחר שותפות מוגבלת,,,"י""ח",1,"ק""ג",false,1,9.90,9.90,true,1,
7290000064758,false,קוסקוס בינוני אמיתי אסם 350 ג',קבוצת אוסם סחר שותפות מוגבלת,,,"י""ח",350,ל גרם,false,1,9.20,2.63,false,1,
7290000065090,false,מיני קרוטונים מתובלים למרק ולסלט אסם 400 גרם,קבוצת אוסם סחר שותפות מוגבלת,,,"י""ח",400,ל גרם,false,1,25.90,6.48,false,1,
7290000065557,false,אוסם - מנה חמה קוסקוס עם ירקות 84 גרם,קבוצת אוסם סחר שותפות מוגבלת,,,"י""ח",50,ל גרם,false,1,7.90,15.80,true,1,
7290000066141,false,ביסלי חטיף בטעם גריל אסם (70 גרם),קבוצת אוסם סחר שותפות מוגבלת,,,"י""ח",70,ל גרם,false,1,4.50,6.43,true,1,
7290000066189,false,ביסלי חטיף בטעם פלאפל אסם (200 גרם),קבוצת אוסם סחר שותפות מוגבלת,,,"י""ח",200,ל גרם,false,1,8.90,4.45,true,1,
7290000066196,false,ביסלי חטיף בטעם גריל אסם (200 גרם),קבוצת אוסם סחר שותפות מוגבלת,,,"י""ח",200,ל גרם,false,1,8.90,4.45,true,1,
7290000066226,false,ביסלי חטיף בטעם פיצה אסם (200 גרם),קבוצת אוסם סחר שותפות מוגבלת,,,"י""ח",200,ל גרם,false,1,8.90,4.45,true,1,
7290000066264,false,דובונים חטיף תפוחי אדמה אסם (40 גרם),קבוצת אוסם סחר שותפות מוגבלת,,,"י""ח",40,ל גרם,false,1,5,12.50,true,1,
7290000066318,false,במבה חטיף בוטנים אסם 80 גרם,קבוצת אוסם סחר שותפות מוגבלת,,,"י""ח",80,ל גרם,false,1,4.90,6.13,true,1,
7290000066332,false,אפרופו חטיף תירס אסם (50 גרם),קבוצת אוסם סחר שותפות מוגבלת,,,"י""ח",50,ל גרם,false,1,5.80,11.60,true,1,
7290000066431,false,פופקו חטיף פופקורן בטעם חמאה ודבש אסם 80 גרם,קבוצת אוסם סחר שותפות מוגבלת,,,"י""ח",80,ל גרם,false,1,5.50,6.88,true,1,
7290000067599,false,מנה חמה ספגטי ברוטב בולונז אסם 65 גרם,קבוצת אוסם סחר שותפות מוגבלת,,,"י""ח",55,ל גרם,false,1,7.90,14.36,true,1,
7290000068084,false,"אסם פתי בר 1.75 ק""ג",קבוצת אוסם סחר-שות.מוגבלת,,,"י""ח",1.75,"ק""ג",false,1,26.80,15.31,false,1,
7290000068138,false,אינסטנט פודינג בטעם וניל אסם 80 גרם,קבוצת אוסם סחר שותפות מוגבלת,,,"י""ח",80,ל גרם,false,1,5.90,7.38,true,1,
7290000068190,false,אסם ג'לי תות שדה צבעים טבעיים 90 גרם,קבוצת אוסם סחר שותפות מוגבלת,,,"י""ח",85,ל גרם,false,1,7.20,8.47,false,1,
7290000068343,false,אסם פריכונים פרוסות קלויות מלא,קבוצת אוסם סחר שותפות מוגבלת,,,"י""ח",140,ל גרם,false,1,8.70,6.21,false,1,
7290000068701,false,אסם שקדי מרק רכיבים טבע.מיכל 400 גרם,קבוצת אוסם סחר שותפות מוגבלת,,,"י""ח",400,ל גרם,false,1,18.30,4.58,false,1,
7290000070308,false,אבקת מרק עוף אמיתי בשרי אסם 400 גרם,קבוצת אוסם סחר שותפות מוגבלת,,,"י""ח",400,ל גרם,false,1,17.90,4.48,false,1,
7290000070322,false,אבקת מרק פטריות רכיבים טבעיים אסם 400 גרם,קבוצת אוסם סחר שותפות מוגבלת,,,"י""ח",400,ל גרם,false,1,26.40,6.60,false,1,
7290000070353,false,אבקת מרק בצל רכיבים טבעיים אסם 400 גרם,קבוצת אוסם סחר שותפות מוגבלת,,,"י""ח",400,ל גרם,false,1,26.40,6.60,false,1,
7290000072623,false,קטשופ אסם בקבוק לחיץ 750 גרם,קבוצת אוסם סחר שותפות מוגבלת,,,"י""ח",750,ל גרם,false,1,11.90,1.59,true,1,
7290000072753,false,קפה נמס מגורען טסטרס צ'ויס 200 גרם-,קבוצת אוסם סחר שותפות מוגבלת,,,"י""ח",200,ל גרם,false,1,31.90,15.95,false,1,
7290000072777,false,קפה נמס מגורען נטול קפאין טסטרס צ'ויס 200 גרם,קבוצת אוסם סחר שותפות מוגבלת,,,"י""ח",200,ל גרם,false,1,36.90,18.45,false,1,
7290000072968,false,דגני בוקר סיני מיניס חיטה מלאה וקינמון נסטלה 500 גרם,קבוצת אוסם סחר-שות.מוגבלת,,,"י""ח",375,ל גרם,false,1,27.30,7.28,true,1,
7290000073125,false,מנה חמה פסטה ברוטב עגבניות אסם (62 גרם),קבוצת אוסם סחר שותפות מוגבלת,,,"י""ח",55,ל גרם,false,1,7.90,14.36,true,1,
7290000073415,false,אוסם - מנה חמה פסטה ברוטב פיצה 61 גרם,קבוצת אוסם סחר שותפות מוגבלת,,,"י""ח",61,ל גרם,false,1,7.90,12.95,true,1,
7290000073767,false,מנה חמה נודלס אטר.+ירקות טעם בקר 70 גרם,קבוצת אוסם סחר שותפות מוגבלת,,,"י""ח",76,ל גרם,false,1,7.90,10.39,true,1,
7290000073774,false,מנה חמה נודלס אטר+ירקות טעם צילי 70 גרם,קבוצת אוסם סחר שותפות מוגבלת,,,"י""ח",76,ל גרם,false,1,7.90,10.39,true,1,
7290000074153,false,ביסקוויט פתי בר שוקולד אסם (500 גרם),קבוצת אוסם סחר שותפות מוגבלת,,,"י""ח",500,ל גרם,false,1,13.90,2.78,true,1,
7290000074184,false,ביסקוויט פתי בר אסם (500 גרם),קבוצת אוסם סחר שותפות מוגבלת,,,"י""ח",500,ל גרם,false,1,12.90,2.58,true,1,
7290000074245,false,אוסם - קרם קרקר אסם 250 גרם,קבוצת אוסם סחר שותפות מוגבלת,,,"י""ח",250,ל גרם,false,1,10.90,4.36,true,1,
7290000074276,false,קרקר פיקנטי טבעון 250 ג' אסם,קבוצת אוסם סחר שותפות מוגבלת,,,"י""ח",250,ל גרם,false,1,11.70,4.68,true,1,
7290000074764,false,קרקר זהב אסם (900 גרם),קבוצת אוסם סחר שותפות מוגבלת,,,"י""ח",900,ל גרם,false,1,30.40,3.38,true,1,
7290000076133,false,בייגלה שמיניות קטנות עם מלח אסם 400 גרם,קבוצת אוסם סחר שותפות מוגבלת,,,"י""ח",400,ל גרם,false,1,12.50,3.13,false,1,
7290000079233,false,קרם קרקר דיאטטי דל נתרן 250 גרם,קבוצת אוסם סחר שותפות מוגבלת,,,"י""ח",250,ל גרם,false,1,11.80,4.72,true,1,
7290000080765,false,פת קלויה טוסטעים עם שומשום אסם (100 גרם),קבוצת אוסם סחר שותפות מוגבלת,,,"י""ח",100,ל גרם,false,1,12.70,12.70,false,1,
7290000081663,false,"בייגלה טבעות שומשום אסם 300 גרם בד""ץ",קבוצת אוסם סחר שותפות מוגבלת,,,"י""ח",300,ל גרם,false,1,11.70,3.90,false,1,
7290000104201,false,אפונה עדינה מוקפאת סנפרוסט (600 גרם),תנובה ענף ב.ע.ד,,,"י""ח",600,ל גרם,false,1,20.70,3.45,true,1,
7290000104218,false,סנפרוסט במיה 600 גרם,תנובה מרכז שיתופי לשיווק תוצרת,,,"י""ח",800,ל גרם,false,1,18.30,2.29,true,1,
7290000104683,false,שעועית ירוקה שלמה סנפרוסט (800 גרם),תנובה מרכז שיתופי לשיווק תוצרת,,,"י""ח",800,ל גרם,false,1,23.90,2.99,true,1,
7290000104690,false,גרעיני תירס מוקפאים סנפרוסט (800 גרם),תנובה מרכז שיתופי לשיווק תוצרת,,,"י""ח",800,ל גרם,false,1,19.30,2.41,true,1,
7290000104706,false,גזר גמדי מוקפא סנפרוסט (800 גרם),תנובה מרכז שיתופי לשיווק תוצרת,,,"י""ח",800,ל גרם,false,1,19.40,2.43,true,1,
7290000104713,false,פול ירוק קפוא סנפורסט 800 גרם,תנובה מרכז שיתופי לשיווק תוצרת,,,"י""ח",800,ל גרם,false,1,26.60,3.33,true,1,
7290000104720,false,שעועית ירוקה חתוכה סנפרוסט (800 גרם),תנובה מרכז שיתופי לשיווק תוצרת,,,"י""ח",800,ל גרם,false,1,19.90,2.49,true,1,
7290000104737,false,שעועית צהובה חתוכה סנפרוסט 800 גרם,תנובה מרכז שיתופי לשיווק תוצרת,,,"י""ח",800,ל גרם,false,1,19.90,2.49,true,1,
7290000104799,false,שעועית לבנה מבושלת סנפרוסט (800 גרם),תנובה מרכז שיתופי לשיווק תוצרת,,,"י""ח",1,"ק""ג",false,1,21.90,21.90,true,1,
7290000104805,false,גרגרי חומוס מבושלים סנפרוסט (800 גרם),תנובה מרכז שיתופי לשיווק תוצרת,,,"י""ח",800,ל גרם,false,1,21.90,2.74,true,1,
7290000104829,false,קלחי תירס חתוכים סנפרוסט 1 קילו,תנובה מרכז שיתופי לשיווק תוצרת,,,"י""ח",1,"ק""ג",false,1,22.40,22.40,true,1,
7290000104881,false,לקט אפונה וגזר מוקפאים סנפרוסט (800 גרם),תנובה מרכז שיתופי לשיווק תוצרת,,,"י""ח",800,ל גרם,false,1,19.40,2.43,true,1,
7290000107189,false,תחתיות ארטישוק סנפרוסט (400 גרם),תנובה מרכז שיתופי לשיווק תוצרת,,,"י""ח",400,ל גרם,false,1,24.40,6.10,true,1,
7290000107295,false,תפרחות ברוקולי סנפרוסט 800 גרם,תנובה מרכז שיתופי לשיווק תוצרת,,,"י""ח",800,ל גרם,false,1,27.60,3.45,true,1,
7290000110844,false,כיפלי בטעם גריל בד`צ 70 גרם .,יוניליוור ישראל שיווק בע`מ,,,"י""ח",70,ל גרם,false,1,6.50,9.29,false,1,
7290000111063,false,מיונז אמיתי תלמה (250 גרם),יוניליוור ישראל שיווק בע`מ,,,"י""ח",250,ל גרם,false,1,7.90,3.16,false,1,
7290000111186,false,"מיונז אמיתי תלמה 500 גרם בד""צ","יוניליוור ישראל שיווק בע""מ",,,"י""ח",500,ל גרם,false,1,10.40,2.08,false,1,
7290000111353,false,מיונז אמיתי תלמה (1 קג),"יוניליוור ישראל שיווק בע""מ",,,"י""ח",1,"ק""ג",false,1,18.90,18.90,false,1,
7290000111360,false,חרדל אמיתי חריף 250 גרם בצנצנת כשלפ,יוניליוור ישראל שיווק בע`מ,,,"י""ח",250,ל גרם,false,1,6.90,2.76,false,1,
7290000111384,false,חרדל אמיתי בצנצנת 550 ג' תלמה,יוניליוור ישראל שיווק בע`מ,,,"י""ח",550,ל גרם,false,1,9.10,1.65,false,1,
7290000112220,false,טחינה גולמית שומשום טהור בארכה 500 גרם,קבוצת אוסם סחר שותפות מוגבלת,,,"י""ח",500,ל גרם,false,1,15.40,3.08,false,1,
7290000112619,false,אבקת מרק עוף אמיתי קנור 400 ג' כשלפ,יוניליוור ישראל שיווק בע`מ,,,"י""ח",400,ל גרם,false,1,22.90,5.73,true,1,
7290000116921,false,"קנור רוטב צילי מתוק 300 מ""ל כשלפ",יוניליוור ישראל שיווק בע`מ,,,"י""ח",340,"ל מ""ל",false,1,11.90,3.50,true,1,
7290000117171,false,מרק טעם עוף דל קלוריות 48 גרם-קופסא,יוניליוור ישראל שיווק בע`מ,,,"י""ח",48,ל גרם,false,1,7.80,16.25,false,1,
7290000117720,false,נמס בכוס פטריות קנור 21.5 גרם מארז זוגי,יוניליוור ישראל שיווק בע`מ,,,"י""ח",43,ל גרם,false,1,8.50,19.77,true,1,
7290000118277,false,כופתאות מצה להכנת מהירה 65 ג' קנור,"יוניליוור ישראל שיווק בע""מ",,,"י""ח",130,ל גרם,false,1,11.80,9.08,false,1,
7290000120836,false,מיונז אמיתי הלמנס (394 גרם),"יוניליוור ישראל שיווק בע""מ",,,"י""ח",394,ל גרם,false,1,13.90,3.53,false,1,
7290000121109,false,גבינה מותכת לייט עם זיתים 7% מון בלאן 120 גרם,נטו מילנדה סחר בעמ*,,,"י""ח",120,ל גרם,false,1,12.90,10.75,false,1,
7290000121239,false,מיוקל 5% שומן ללא כולסטרול תלמה 500ג',יוניליוור ישראל שיווק בע`מ,,,"י""ח",500,ל גרם,false,1,15.60,3.12,false,1,
7290000123363,false,"צימקאו לציפוי ואפיה אפיכל 500 גרם בד""צ","יוניליוור ישראל שיווק בע""מ",,,"י""ח",500,ל גרם,false,1,10.90,2.18,false,1,
7290000124841,false,ורד הגליל שוקולד חלב מארז שלישיה 300 גרם,"יוניליוור ישראל שיווק בע""מ",,,"י""ח",300,ל גרם,false,1,15.90,5.30,true,1,
7290000129457,false,אבקת רוטב פטריות קנור 28 ג' שקית,יוניליוור ישראל שיווק בע`מ,,,"י""ח",28,ל גרם,false,1,4.60,16.43,false,1,
7290000129785,false,מרכך כביסה ירוק בדין (4 ליטר),יוניליוור ישראל שיווק בע`מ,,,"י""ח",4,ליטר,false,1,21.90,5.48,false,1,
7290000134352,false,קינמון טחון בקופ' 90 גר' טעם וריח,"תבליני טעם וריח בע""מ",,,"י""ח",1,,false,1,9.90,9.90,true,1,
7290000134376,false,פפריקה בשמן בקופ' 90 גר' טעם וריח,"תבליני טעם וריח בע""מ",,,"י""ח",1,,false,1,9.90,9.90,true,1,
7290000134550,false,עלי דפנה 20 גר' טעם וריח,"תבליני טעם וריח בע""מ",,,"י""ח",1,,false,1,5.90,5.90,false,1,
7290000134826,false,זעתר מעורב בקופ' 100 גר' טעם וריח,"תבליני טעם וריח בע""מ",,,"י""ח",1,,false,1,9.90,9.90,true,1,
7290000134871,false,פלפל שחור טחון בקופ' 100 גר' טעם וריח,"תבליני טעם וריח בע""מ",,,"י""ח",100,ל גרם,false,1,14.90,14.90,true,1,
7290000134970,false,חוואיג' בקופ' 100 גר' טעם וריח,"תבליני טעם וריח בע""מ",,,"י""ח",1,,false,1,9.90,9.90,true,1,
7290000134987,false,פלפל שחור גרוס בקופ' 90 גר' טעם וריח,"תבליני טעם וריח בע""מ",,,"י""ח",90,ל גרם,false,1,14.90,16.56,true,1,
7290000135045,false,"XL TEN משקה אנרגיה פתוח ללא סוכר 250 מ""ל","טמפו משקאות בע""\מ",,,"י""ח",250,"ל מ""ל",false,1,4.20,1.56,true,1,
7290000135052,false,"XL TEN משקה אנרגיה מנגו ללא סוכר 250 מ""ל","טמפו משקאות בע""\מ",,,"י""ח",250,"ל מ""ל",false,1,4.20,1.56,true,1,
7290000136646,false,בירה שחורה נשר מאלט בקבוק 1.5 ליטר,"טמפו משקאות בע""\מ",,,"י""ח",1.50,ליטר,false,1,9.40,6.07,true,1,
7290000136844,false,מארז מים מזוככים אקווה נובה שישיית 2 ליטר,"טמפו משקאות בע""\מ",,,"י""ח",12,ליטר,false,1,12.90,0.93,false,1,
7290000137513,false,גלידונית גלידה וניל בציפוי שוקולד 60 יח' קרמיסימו,"גלידת שטראוס בע""\מ, רחוב",,,"י""ח",700,ל גרם,false,1,49.90,7.13,false,1,
7290000137643,false,שלגוני טעמקור בטעם שוקו וניל שטראוס 8*50 גרם,"גלידת שטראוס בע""\מ, רחוב",,,"י""ח",1,,false,1,34.90,34.90,false,1,
7290000144467,false,שמן חמניות מועשר בנוגדי חמצון 1 ל' עץ הזית,"נארז ע""י : א.ג. גילר",,,"י""ח",1,ליטר,false,1,16.90,16.90,false,1,
7290000144474,false,שמן עץ הזית קנולה 1 ליטר בריאות מהטבע,סוגת תעשיות בעמ,,,"י""ח",1,ליטר,false,1,15.90,15.90,false,1,
7290000146683,false,הוואי - סבון מוצק אפקט דאודורנט 100 גרם רביעייה,טרופיקל דגיל קוסמטיק,,,"י""ח",400,ל גרם,false,1,13.90,3.48,true,1,
7290000148489,false,"קליית גת גרעיני דלעת קלויים,200 גרם",ליימן שליסל בעמ,,,"י""ח",200,ל גרם,false,1,9.90,4.95,false,1,
7290000148748,false,קליית גת גרעיני חמניה קלויים ומומלחים200,ליימן שליסל בעמ,,,"י""ח",200,ל גרם,false,1,6.90,3.45,true,1,
7290000161358,false,מיונז אמיתי משמן קנולה תלמה (500 גרם),"יוניליוור ישראל שיווק בע""מ",,,"י""ח",500,ל גרם,false,1,14.90,2.98,false,1,
7290000174723,false,שוקולית אבקה להכנת משקה שוקו 500 גרם,הנסיך- מפעל לייצור ט,,,"י""ח",500,ל גרם,false,1,13.80,2.76,false,1,
7290000176413,false,קפה נמס עלית פחית 50 גרם,הנסיך- מפעל לייצור ט,,,"י""ח",50,ל גרם,false,1,10.90,21.80,false,1,
7290000178707,false,חטיף צ`יפס בטעם טבעי תפוצ`יפס (50 גרם),"שטראוס פריטו ליי בע""\מ )",,,"י""ח",50,ל גרם,false,1,4.40,8.80,false,1,
7290000178721,false,חטיף צ`יפס בטעם טבעי תפוצ`יפס (200 גרם),"שטראוס פריטו ליי בע""\מ )",,,"י""ח",200,ל גרם,false,1,12.20,6.10,true,1,
7290000187860,false,מגבוני טואלט לחים לילי דיספנסר 40יח',קימברלי קלארק ישראל שיווק בעמ,,,"י""ח",59,ל גרם,false,1,8.90,15.08,false,1,
7290000189550,false,"שקיות אשפה ענקיות עם שרוך 78 * 90 ס""מ ניקול 2 * 10 יחידות",קימברלי קלארק ישראל שיווק בעמ,,,"י""ח",1,"י""ח",false,1,24.90,24.90,true,1,
7290000190150,false,מפיות מודפסות תלת שכבתיות ניקול 20 יחידות,קימברלי קלארק ישראל שיווק בעמ,,,"י""ח",20,"י""ח",false,1,8.90,0.45,false,1,
7290000191393,false,מגבוני טישיו רכים שביעייה מולט 100X7יח',קימברלי קלארק ישראל שיווק בעמ,,,"י""ח",822.50,ל גרם,false,1,21.90,2.66,false,1,
7290000191539,false,חמישיית ממחטות טישו צבועני לילי 100 יחידות,קימברלי קלארק ישראל שיווק בעמ,,,"י""ח",593,ל גרם,false,1,17.90,3.02,false,1,
7290000193083,false,נובה-לי תחבושות היגייניות לילי 28 יחידות,קימברלי קלארק ישראל שיווק בעמ,,,"י""ח",1,"י""ח",false,1,12,12,true,1,
7290000193205,false,תחבושות עם כנפיים ללילה נטורל לילי 20 יחידות,קימברלי קלארק ישראל שיווק בעמ,,,"י""ח",1,"י""ח",false,1,19.90,19.90,false,1,
7290000193656,false,תחבושות עם כנפיים סופר פלוס לילי 24 יחידות,קימברלי קלארק ישראל שיווק בעמ,,,"י""ח",100,ל גרם,false,1,19.90,19.90,false,1,
7290000195537,false,האגיס - מגבוני האגיס דיילי קר לא מבושם 64 יח' * 4,קימברלי קלארק ישראל שיווק בעמ,,,"י""ח",4,"י""ח",false,1,19.90,4.98,true,1,
7290000195773,false,האגיס - מגבוני האגיס סנסטיב קר לא מבושם 64 יח' * 4,קימברלי קלארק ישראל שיווק בעמ,,,"י""ח",1,,false,1,19.90,19.90,true,1,
7290000196039,false,ניקול מפות שולחן חד פעמיות 2 יח,קימברלי קלארק ישראל שיווק בעמ,,,"י""ח",250,ל גרם,false,1,13.90,5.56,false,1,
7290000197326,false,רדיד אלומיניום ניקול זוגות 7.5*2קצר,קימברלי קלארק ישראל שיווק בעמ,,,"י""ח",200,ל גרם,false,1,11.90,5.95,false,1,
7290000197340,false,"רדיד אלומניום ארוך 45 ס""מ רוחב ניקול 7.5 מטר",קימברלי קלארק ישראל שיווק בעמ,,,"י""ח",1,"י""ח",false,1,21.90,21.90,false,1,
7290000197432,false,שקיות אוכל סנדביצ'ון ניקול מארז 150X2יח',קימברלי קלארק ישראל שיווק בעמ,,,"י""ח",2,"י""ח",false,1,12.90,6.45,false,1,
7290000197470,false,שקיות רב שימושיות מתכלות ניקול 250 יחידות,קימברלי קלארק ישראל שיווק בעמ,,,"י""ח",200,"י""ח",false,1,17.90,0.09,false,1,
7290000197654,false,שקיות אשפה ענקיות נשלפות 75*90 ניקול 50 יחידות,קימברלי קלארק ישראל שיווק בעמ,,,"י""ח",45,"י""ח",false,1,24,0.53,true,1,
7290000197753,false,ניילון נצמד אנטי בטקריאלי ניקול 30X2מ',קימברלי קלארק ישראל שיווק בעמ,,,"י""ח",1,"י""ח",false,1,13.10,13.10,false,1,
7290000197883,false,תבנית אלומיניום 100 גדולה ניקול 4 יחידות,קימברלי קלארק ישראל שיווק בעמ,,,"י""ח",1,"י""ח",false,1,11.90,11.90,false,1,
7290000197999,false,רדיד אלומיניום עבה ניקול זוגי 30X7.5מ',קימברלי קלארק ישראל שיווק בעמ,,,"י""ח",1,"י""ח",false,1,22.70,22.70,false,1,
7290000204086,false,ניקול כרית קרצוף מארז שלישייה,קימברלי קלארק ישראל שיווק בעמ,,,"י""ח",3,"י""ח",false,1,11.90,3.97,false,1,
7290000204215,false,שישיית כרית יפנית ניקול 6 יחידות,קימברלי קלארק ישראל שיווק בעמ,,,"י""ח",600,ל גרם,false,1,10.90,1.82,false,1,
7290000204253,false,מטליות רב שימושיות לניקיון ניקול 9 יחידות,קימברלי קלארק ישראל שיווק בעמ,,,"י""ח",9,"י""ח",false,1,10.90,1.21,false,1,
7290000207162,false,רוטב עגבניות מרכיב טבעי 100 ג' יכין,זנלכול יכין,,,"י""ח",100,ל גרם,false,1,2.90,2.90,true,1,
7290000207438,false,עגבניות מקולפות חתוכות לקוביות,זנלכול יכין,,,"י""ח",800,ל גרם,false,1,11.90,1.49,false,1,
7290000208008,false,רסק פלפל חריף חריסה A2 יכין 550 ג',זנלכול יכין,,,"י""ח",570,ל גרם,false,1,11.90,2.09,true,1,
7290000208022,false,עגבניות 2.5 A מרוסקות 850 גרם יכין,זנלכול יכין,,,"י""ח",800,ל גרם,false,1,11.90,1.49,false,1,
7290000208077,false,אפונת גינה גדולה יכין (550 גרם),זנלכול יכין,,,"י""ח",550,ל גרם,false,1,10.90,1.98,true,1,
7290000208114,false,"אפונה וגזר יכין A2 פ""ק בית יוסף",זנלכול יכין,,,"י""ח",550,ל גרם,false,1,10.90,1.98,true,1,
7290000208138,false,סירופ דיאט בטעם ענבים יכין (1 ליטר),זנלכול יכין,,,"י""ח",1,ליטר,false,1,21.90,21.90,false,1,
7290000208213,false,שעועית לבנה אפויה A2 ברוטב עגבניות יכין 560ג',היינץ צפון אמריקה מק,,,"י""ח",580,ל גרם,false,1,10.90,1.88,true,1,
7290000208220,false,שעועית צ`ילי מקסיקני חריף יכין (550 גרם),היינץ צפון אמריקה מק,,,"י""ח",550,ל גרם,false,1,11.90,2.16,false,1,
7290000208244,false,"בסיס לשקשוקה יכין A2 פ""ק בית יוסף",זנלכול יכין,,,"י""ח",570,ל גרם,false,1,11.90,2.09,true,1,
7290000208251,false,שעועית ירוקה חתוכה יכין (550 גרם),"זנלכל בע""מ",,,"י""ח",550,ל גרם,false,1,11.90,2.16,false,1,
7290000208312,false,גרעיני תירס מתוק בואקום יכין 400 גר',"זנלכל בע""\מ",,,"י""ח",325,ל גרם,false,1,7.90,2.43,true,1,
7290000208329,false,גרעיני תירס מתוק יכין (550 גרם),זנלכול יכין,,,"י""ח",550,ל גרם,false,1,10.90,1.98,true,1,
7290000208336,false,רסק יכין 240גר 22% יכין בית יוסף,"זנלכל בע""\מ",,,"י""ח",240,ל גרם,false,1,4.90,2.04,true,1,
7290000208367,false,עגבניות מרוסקות בזיליקום יכין A2.5 בית יוסף,זנלכול יכין,,,"י""ח",800,ל גרם,false,1,11.90,1.49,false,1,
7290000208404,false,A2 פול מצרי 550 גרם יכין,זנלכול יכין,,,"י""ח",600,ל גרם,false,1,10.90,1.82,false,1,
7290000208428,false,גרגרי חומוס שלם 550 גרם יכין,היינץ צפון אמריקה מק,,,"י""ח",550,ל גרם,false,1,10.90,1.98,true,1,
7290000208459,false,"לקט אפונה, תפוחי אדמה וגזר יכין 550 גרם",זנלכול יכין,,,"י""ח",600,ל גרם,false,1,11.90,1.98,false,1,
7290000208534,false,תירס קיד גרעיני תירס מתוק יכין (550 גרם),זנלכול יכין,,,"י""ח",550,ל גרם,false,1,11.90,2.16,false,1,
7290000208855,false,רוטב לפסטה קלאסי יכין (240 גרם),זנלכול יכין,,,"י""ח",240,ל גרם,false,1,6.50,2.71,false,1,
7290000208930,false,עגבניות מרוסקות בתוספת שום 240 גרם יכין,זנלכול יכין,,,"י""ח",240,ל גרם,false,1,6.50,2.71,false,1,
7290000208947,false,עגבניות מרוסקות יכין (240 גרם),היינץ צפון אמריקה מק,,,"י""ח",240,ל גרם,false,1,6.50,2.71,false,1,
7290000209524,false,סירופ דיאט בטעם פטל יכין (1 ליטר),זנלכול יכין,,,"י""ח",1,ליטר,false,1,21.90,21.90,false,1,
7290000209722,false,רוטב עגבניות 28% יכין (580 גרם)פריכוז,"זנלכל בע""\מ",,,"י""ח",580,ל גרם,false,1,12.90,2.22,true,1,
7290000209913,false,עגבניות חתוכות לקוביות 240 גרם יכין,"זנלכל בע""\מ",,,"י""ח",240,ל גרם,false,1,6.50,2.71,false,1,
7290000209944,false,רוטב לעגבניות בסיס לשקשוקה 240 ג' יכין,"זנלכל בע""\מ",,,"י""ח",240,ל גרם,false,1,6.50,2.71,false,1,
7290000209951,false,רוטב עגבניות לפיצה 260 גרם יכין,"זנלכל בע""\מ",,,"י""ח",240,"ל מ""ל",false,1,6.50,2.71,false,1,
7290000211442,false,אורז בסגנון פרסי קלאסי סוגת (1 קג),האי נאם סי או אל.טי.,,,"י""ח",1,"ק""ג",false,1,10.90,10.90,false,1,
7290000211503,false,סוכר לבן ארוז בשקית,"סוגת תעשיות בע""\מ",,,"י""ח",1,"ק""ג",false,1,4.40,4.40,false,1,
7290000211985,false,אורז עגול ריזוטו אחד אחד 1 קג,"סוגת תעשיות בע""\מ",,,"י""ח",1,"ק""ג",false,1,9.90,9.90,false,1,
7290000238036,false,מלאווח מעדנות 6 יח`700 גרם קפוא,תנובה מרכז שיתופי לשיווק תוצרת,,,"י""ח",700,ל גרם,false,1,17.90,2.56,true,1,
7290000238173,false,.בורקס במילוי גבינה 800 גרם מעדנות,מיוצר עי קונדיטוריית,,,"י""ח",800,ל גרם,false,1,21.90,2.74,true,1,
7290000238180,false,בורקס במילוי תפוא 800 גרם מעדנות,מיוצר עי קונדיטוריית,,,"י""ח",800,ל גרם,false,1,19.90,2.49,true,1,
7290000240541,false,ריבועי בצק עלים מעדנות 800 גרם,תנובה מרכז שיתופי לשיווק תוצרת,,,"י""ח",800,ל גרם,false,1,26.40,3.30,false,1,
7290000244051,false,"הוואי שלישיית סבון נוזלי משב טרופי 500 מ""ל",טרופיקל דגיל,,,"י""ח",1.50,ליטר,false,1,19.90,13.27,true,1,
7290000244082,false,"הוואי שלישיית סבון נוזלי שמיים כחולים 500 מ""ל",טרופיקל דגיל,,,"י""ח",1.50,ליטר,false,1,19.90,13.27,true,1,
7290000245089,false,סוד סופט מרכך כביסה סגול 4 ליטר,גורי שיווק בעמ,,,"י""ח",4,ליטר,false,1,18.90,4.73,false,1,
7290000245294,false,"פרסיל אבקת כביסה סופרא 2.5ק""ג",גורי שיווק בעמ,,,"י""ח",2.50,"ק""ג",false,1,27.90,11.16,false,1,
7290000253220,false,שוקולדצ`יפס לאפייה 260 גר`אופנהיימר,תה ויסוצקי (ישראל) בעמ,,,"י""ח",260,ל גרם,false,1,13.90,5.35,false,1,
7290000262031,false,נייר טואלט מולט לבבות 32 גלילים,קימברלי קלארק ישראל שיווק בעמ,,,"י""ח",1850,ל גרם,false,1,31.90,1.72,false,1,
7290000262161,false,נייר טואלט לב אדום 40 גלילים מולט,קימברלי קלארק ישראל שיווק בעמ,,,"י""ח",716,מטר,false,1,36.90,0.05,false,1,
7290000267012,false,שקד מולבן שלם 100גר שקדיה,דין שיווק וקליה 2021 בעמ,,,"י""ח",100,ל גרם,false,1,11.90,11.90,true,1,
7290000267036,false,שקדים מולבנים משובבים השף 100 גרם,דין שיווק וקליה 2021 בעמ,,,"י""ח",100,ל גרם,false,1,13.80,13.80,true,1,
7290000267043,false,שקדים מולבנים פרוסים השף 100 גרם,דין שיווק וקליה 2021 בעמ,,,"י""ח",100,ל גרם,false,1,13.80,13.80,true,1,
7290000267548,false,אגוזי מלך טחונים השף 100 גרם,דין שיווק וקליה 2021 בעמ,,,"י""ח",100,ל גרם,false,1,10.90,10.90,false,1,
7290000267586,false,גרעייני חמניה קלופים 150 גר,דין שיווק וקליה 2021 בעמ,,,"י""ח",150,ל גרם,false,1,9.90,6.60,false,1,
7290000272696,false,מיץ לימון טבעי משומר 1 ליטר עסיס כלפ,קבוצת אוסם סחר שותפות מוגבלת,,,"י""ח",1,ליטר,false,1,9.90,9.90,false,1,
7290000272726,false,חומץ רכיבים רכיבים טבעיים 5% עסיס 1 ליטר,קבוצת אוסם סחר שותפות מוגבלת,,,"י""ח",1,ליטר,false,1,7.50,7.50,false,1,
7290000286228,false,ספוגיות לניקוי כללי סנו סושי 6 יחידות,החברה הדרומית לשיווק בעמ,,,"י""ח",6,"י""ח",false,1,12.90,2.15,false,1,
7290000286297,false,"אנטי קאלק מסיר אבנית מקומקום סנו 700 מ""ל",החברה הדרומית לשיווק בעמ,,,"י""ח",700,"ל מ""ל",false,1,10.90,1.56,false,1,
7290000286594,false,אבקה לניקוי במיכל לימון X סנו 600 גרם,החברה הדרומית לשיווק בעמ,,,"י""ח",600,ל גרם,false,1,9.90,1.65,false,1,
7290000286761,false,ניילון נצמד סנו סושי פלסטיק מארז 30X2 מ',החברה הדרומית לשיווק בעמ,,,"י""ח",1,,false,1,12.90,12.90,false,1,
7290000288017,false,אקונומיקה בריח לימון סנו ז'אוול 1 ליטר,החברה הדרומית לשיווק בעמ,,,"י""ח",1,ליטר,false,1,8.90,8.90,false,1,
7290000288024,false,סנו - ז'אוול אקונומיקה בריח לימון 4 ליטר,החברה הדרומית לשיווק בעמ,,,"י""ח",4,ליטר,false,1,17.90,4.48,false,1,
7290000288048,false,ז`אוול מרסס לניקוי כללי לבנדר סנו (1 ליט,החברה הדרומית לשיווק בעמ,,,"י""ח",1,ליטר,false,1,19.90,19.90,false,1,
7290000288642,false,מקסימה מרכך כביסה סנסיטיב בייבי סנו 4 ליטר,החברה הדרומית לשיווק בעמ,,,"י""ח",4,ליטר,false,1,21.90,5.48,false,1,
7290000289069,false,סנו - ז'אוול מרסס קצף ניקוי בתוספת אקונומיקה בריח לימון 1 ליטר,החברה הדרומית לשיווק בעמ,,,"י""ח",1,ליטר,false,1,19.90,19.90,false,1,
7290000289748,false,"מסיר שומנים לתנורים פורטה פלוס סנו 750 מ""ל",החברה הדרומית לשיווק בעמ,,,"י""ח",750,"ל מ""ל",false,1,14.90,1.99,false,1,
7290000289892,false,"סנו פרש ענק מאונטן טורקיז 375 מ""ל",החברה הדרומית לשיווק בעמ,,,"י""ח",375,"ל מ""ל",false,1,9.90,2.64,false,1,
7290000293073,false,מקסימה מרכך כביסה ביו לבן סנו 4 ליטר,החברה הדרומית לשיווק בעמ,,,"י""ח",4,ליטר,false,1,21.90,5.48,false,1,
7290000293561,false,"תרסיס להסרת כתמי עובש עם אקונומיקה סנו 750 מ""ל",החברה הדרומית לשיווק בעמ,,,"י""ח",750,"ל מ""ל",false,1,19.90,2.65,false,1,
7290000294773,false,אקונומיקה בריח לבנדר סנו ז'אוול 4 ליטר,החברה הדרומית לשיווק בעמ,,,"י""ח",4,ליטר,false,1,17.90,4.48,false,1,
7290000294780,false,אקונומיקה סמיכה בריח לימון סנו ז'אוול 4 ליטר,החברה הדרומית לשיווק בעמ,,,"י""ח",4,ליטר,false,1,17.90,4.48,false,1,
7290000295121,false,מטליות זיגזג סנו סושי לניקוי רצפות 3יח',החברה הדרומית לשיווק בעמ,,,"י""ח",1,,false,1,12.90,12.90,false,1,
7290000295299,false,סנו סושי כריות הפלא רב תכלתיות רביעייה,החברה הדרומית לשיווק בעמ,,,"י""ח",1,,false,1,12.90,12.90,false,1,
7290000295558,false,"רדיד אלומיניום רוחב 30 ס""מ סנו סושי 2 יח' 7.5 מטר",החברה הדרומית לשיווק בעמ,,,"י""ח",1,,false,1,12.90,12.90,false,1,
7290000300900,false,שניצל תירס מרכיבים טבעיים טבעול 750 גרם,קבוצת אוסם סחר שותפות מוגבלת,,,"י""ח",750,ל גרם,false,1,39.90,5.32,true,1,
7290000305882,false,אס הרינג עם ירקות ברוטב עגבניות 120 גרם,דיפלומט מפיצים (1968) בעמ**,,,"י""ח",110,ל גרם,false,1,6.90,6.27,false,1,
7290000311128,false,עוגיות מובחרות בטעם חמאה מן (300 גרם),רוקחמן בעמ מפעל לייצור ופלים ו,,,"י""ח",300,ל גרם,false,1,8.50,2.83,false,1,
7290000311203,false,"וופלים בטעם שוקולד ""מן"" 200 גרם",רוקחמן בעמ מפעל לייצור ופלים ו,,,"י""ח",200,ל גרם,false,1,5.30,2.65,false,1,
7290000311210,false,"וופלים בטעם לימון ""מן"" 200 גרם",רוקחמן בעמ מפעל לייצור ופלים ו,,,"י""ח",200,ל גרם,false,1,5.30,2.65,false,1,
7290000311227,false,"וופלים במילוי קרם קפה ""מן"" 200 גרם",ח.כהן סוכנות מזון ומשקאות בע,,,"י""ח",200,ל גרם,false,1,4.90,2.45,false,1,
7290000311500,false,וופלים מן שוקו ללא כולסטרול 500 גרם,רוקחמן בעמ מפעל לייצור ופלים ו,,,"י""ח",500,ל גרם,false,1,12.20,2.44,false,1,
7290000311715,false,מן עוגיות כוכבים בטעם שוקולד 300 גרם*נ.ל.פ,רוקחמן בעמ מפעל לייצור ופלים ו,,,"י""ח",300,ל גרם,false,1,8.50,2.83,false,1,
7290000311722,false,"עוגיות בטעם וניל עם כוכבים ""מן"" 300 גרם",רוקחמן בעמ מפעל לייצור ופלים ו,,,"י""ח",300,ל גרם,false,1,8.50,2.83,false,1,
7290000313160,false,זהבה ושלושת הדובים עוגיות בטעם שוקולד אסם 350 גרם,קבוצת אוסם סחר שותפות מוגבלת,,,"י""ח",250,ל גרם,false,1,9.50,3.80,false,1,
7290000313184,false,עוגיות חברים גן חיות וניל אסם 250 גר',קבוצת אוסם סחר שותפות מוגבלת,,,"י""ח",1,,false,1,9.60,9.60,false,1,
7290000313290,false,אסם נודלס נודלס איטריות מסולסלות 200גר,קבוצת אוסם סחר שותפות מוגבלת,,,"י""ח",200,ל גרם,false,1,12.90,6.45,false,1,
7290000315133,false,קנור ציר בקר משחתי 300ג,יוניליוור ישראל שיווק בע`מ,,,"י""ח",300,ל גרם,false,1,24.90,8.30,false,1,
7290000318127,false,נקניקיות ביס יחיעם (380 גרם),מעדני יחיעם (1993) בעמ,,,"י""ח",380,ל גרם,false,1,12.90,3.39,false,1,
7290000318707,false,נקניק סלמי מעושן יחיעם 500 גרם,מעדני יחיעם ( 1993 ) בע`מ,,,"י""ח",500,ל גרם,false,1,31.90,6.38,true,1,
7290000318943,false,פסטרמה של פעם מעושן 1.5% יחיעם 200 גרם,מעדני יחיעם ( 1993 ) בע`מ,,,"י""ח",200,ל גרם,false,1,23.90,11.95,false,1,
7290000319520,false,נקניק סלמי צרפתי יחיעם 100 גרם,מעדני יחיעם (1993) בעמ,,,"י""ח",100,ל גרם,false,1,21.90,21.90,false,1,
7290000334684,false,תפוגן טבעות בצל לתנור 700 גרם,קבוצת אוסם סחר שותפות מוגבלת,,,"י""ח",700,ל גרם,false,1,18.40,2.63,false,1,
7290000334745,false,"ציפס אמריקאי דקדק תפוגן 1.5 ק""ג",קבוצת אוסם סחר שותפות מוגבלת,,,"י""ח",1.50,"ק""ג",false,1,25.90,17.27,false,1,
7290000339566,false,מרכך כביסה ורוד בדין (4 ליטר),יוניליוור ישראל שיווק בע`מ,,,"י""ח",4,ליטר,false,1,21.90,5.48,false,1,
7290000342856,false,מרכך כביסה כחול בדין (4 ליטר),יוניליוור ישראל שיווק בע`מ,,,"י""ח",4,ליטר,false,1,21.90,5.48,false,1,
7290000345048,false,תה עלים 74 פחית 125 גרם,תה ויסוצקי (ישראל) בעמ,,,"י""ח",125,ל גרם,false,1,15.80,12.64,false,1,
7290000345055,false,תה עלים ארל גריי ויסוצקי 100 גרם,תה ויסוצקי (ישראל) בעמ,,,"י""ח",100,ל גרם,false,1,17.10,17.10,false,1,
7290000345116,false,תה ירוק עלים ויסוצקי (125 גרם),תה ויסוצקי (ישראל) בעמ,,,"י""ח",125,ל גרם,false,1,17.50,14,false,1,
7290000345284,false,תה ויסוצקי קלאסי אריזה ירוקה מרובעת (100 שקיקים),תה ויסוצקי (ישראל) בעמ,,,"י""ח",150,ל גרם,false,1,17.90,11.93,false,1,
7290000345536,false,תה נענע 1.5/ 25 שקיקים ויסוצקי,תה ויסוצקי (ישראל) בעמ,,,"י""ח",37.50,ל גרם,false,1,19.90,53.07,false,1,
7290000346021,false,חליטת קמומיל הגן הקסום ויסוצקי 50 יחידות,תה ויסוצקי (ישראל) בעמ,,,"י""ח",1,,false,1,39.90,39.90,false,1,
7290000346137,false,חליטת הילולי פירות הגן הקסום ויסוצקי 25 יחידות,תה ויסוצקי (ישראל) בעמ,,,"י""ח",62.50,ל גרם,false,1,18.90,30.24,true,1,
7290000346168,false,חליטת שומר הגן הקסום ויסוצקי 25 יחידות,תה ויסוצקי (ישראל) בעמ,,,"י""ח",37.50,ל גרם,false,1,18.90,50.40,true,1,
7290000346205,false,חליטת קמומיל הגן הקסום ויסוצקי 25 יחידות,תה ויסוצקי (ישראל) בעמ,,,"י""ח",37.50,ל גרם,false,1,18.90,50.40,true,1,
7290000347738,false,תה ירוק בתוספת עלי נענע 25 שקיקים,תה ויסוצקי (ישראל) בעמ,,,"י""ח",25,"י""ח",false,1,25.90,1.04,true,1,
7290000347752,false,תה ירוק לימונית ולואיזה 25 שקיקים *1.5 ג'' ויסוצקי,תה ויסוצקי (ישראל) בעמ,,,"י""ח",37.50,ל גרם,false,1,25.90,69.07,true,1,
7290000363363,false,קבנוס נקניק מעושן יבש 160 גרם,תנובה מרכז שיתופי לשיווק תוצרת,,,"י""ח",160,ל גרם,false,1,12.90,8.06,false,1,
7290000363899,false,נקניקיות פיקנטיות טירת צבי 400 גרם,תנובה ענף ב.ע.ד,,,"י""ח",400,ל גרם,false,1,15.50,3.88,false,1,
7290000364872,false,נקניקיות עוף טירת צבי (400 גרם),טיב טירת צבי 2000,,,"י""ח",400,ל גרם,false,1,14.90,3.73,true,1,
7290000377445,false,נש צ'אנס קליית גת 200 גרם,ליימן שליסל בעמ,,,"י""ח",200,ל גרם,false,1,9.90,4.95,true,1,
7290000377452,false,גרעיני אבטיח קלויים ומלוחים קלית גת 200,הדקלאים אגודת שיתופי,,,"י""ח",200,ל גרם,false,1,13,6.50,false,1,
7290000379000,false,חלה רגילה/קלועה חדשה 650 גרם *.,שלמה א.אנג ל בעמ,,,"י""ח",650,ל גרם,false,1,6.60,1.02,false,1,
7290000379142,false,לחם עינן מחיטה מלאה פרוס 750 גרם(מרובע),מאפיית שלמה א. אנג'\ל בע,,,"י""ח",750,ל גרם,false,1,15.90,2.12,false,1,
7290000379203,false,לחם עינן קל פרוס מחיטה מלאה אנג'ל 500 גרם,מאפיית שלמה א. אנג'\ל בע,,,"י""ח",500,ל גרם,false,1,17.90,3.58,true,1,
7290000379258,false,"חלה מתוקה קונדטוריה ארוזה ""אנג'ל""",מאפיית שלמה א. אנג'\ל בע,,,"י""ח",500,ל גרם,false,1,15.90,3.18,false,1,
7290000379432,false,לחמניה אצבע אנג'ל 75 ג',שלמה א. אנג`ל בעמ,,,"י""ח",75,ל גרם,false,1,2.40,3.20,false,1,
7290000379593,false,לחמניה קלועה מונדלך גדול,שלמה א.אנג ל בעמ,,,"י""ח",125,ל גרם,false,1,3.60,2.88,false,1,
7290000379951,false,"סולת חיטה 1 ק""ג אנג'ל",שלמה א.אנג ל בעמ,,,"י""ח",1,"ק""ג",false,1,6.90,6.90,false,1,
7290000408316,false,יוגורט דנונה דל לקטוז 200 גרם,שטראוס גרופ בעמ/מצונן,,,"י""ח",200,"ל מ""ל",false,1,3.70,1.85,false,1,
7290000408354,false,יוגורט עם אורז מצופה שוקולד קקאו 175 ג' דנונה,שטראוס גרופ בעמ/מצונן,,,"י""ח",175,"ל מ""ל",false,1,4.80,2.74,false,1,
7290000412481,false,נוזל לניקוי אסלות 00 סנו (1 ליטר),החברה הדרומית לשיווק בעמ,,,"י""ח",1,ליטר,false,1,7.90,7.90,false,1,
7290000415666,false,"קובה חמוסטה יסמין 1 ק""ג",עת -רן (1996) בעמ,,,"י""ח",1,"ק""ג",false,1,61.90,61.90,false,1,
7290000416021,false,ממרח בטעם שוקולד השחר העולה (500 גרם),השחר העולה תעשית ממתקים בעמ,,,"י""ח",500,ל גרם,false,1,14.90,2.98,false,1,
7290000416045,false,ממרח בטעם שוקולד השחר העולה (1 קג),השחר העולה תעשית ממתקים בעמ,,,"י""ח",1,"ק""ג",false,1,23.90,23.90,false,1,
7290000416076,false,"צימקאו לאפייה וציפוי השחר 400 גרם כשל""פ",השחר העולה תעשית ממתקים בעמ,,,"י""ח",400,ל גרם,false,1,14.90,3.73,false,1,
7290000416618,false,"ממרח שוקולד פרווה השחר 400 גרם כשל""פ",השחר העולה תעשית ממתקים בעמ,,,"י""ח",400,ל גרם,false,1,13.90,3.48,false,1,
7290000416632,false,"ממרח שוקולד פרווה השחר 1 ק""ג כשל""פ",השחר העולה תעשית ממתקים בעמ,,,"י""ח",1,מטר,false,1,25.20,25.20,false,1,
7290000419220,false,לנדוור כחול המקורי קפה טחון טורקי 3*100 גרם 16 יח',ש.שסטוביץ בעמ,,,"י""ח",300,ל גרם,false,1,19.90,6.63,false,1,
7290000420325,false,"פופסטאר פופקורן למקירוגל בטעם טבעי 5 שקיות,500 גרם",פרסטון פארמס,,,"י""ח",500,ל גרם,false,1,13.80,2.76,true,1,
7290000432120,false,נרות חנוכה בקופסה 44,פאלאס תעשיות נטו (2014) בעמ,,,"י""ח",1,,false,1,3.90,3.90,false,1,
7290000432212,false,נרות שבת אקסטרא 72 י,פאלאס תעשיות נטו (2014) בעמ,,,"י""ח",1,,false,1,41.90,41.90,false,1,
7290000432335,false,נר זכרון בכוס פאלאס,פאלאס תעשיות נטו (2014) בעמ,,,"י""ח",1,,false,1,7.50,7.50,false,1,
7290000432359,false,נר זכרון לשבוע נר ציון,פאלאס תעשיות נטו (2014) בעמ,,,"י""ח",1,,false,1,12.90,12.90,false,1,
7290000432489,false,נרות חנוכה מיוחד 45,פאלאס תעשיות נטו (2014) בעמ,,,"י""ח",1,,false,1,7.90,7.90,false,1,
7290000432632,false,נרות שבת מס 4 180 גר,פאלאס תעשיות נטו (2014) בעמ,,,"י""ח",1,,false,1,4.80,4.80,false,1,
7290000432649,false,נרות שבת 6 יחידות,פאלאס תעשיות נטו (2014) בעמ,,,"י""ח",140,ל גרם,false,1,4.80,3.43,false,1,
7290000432656,false,נרות שבת 8 יחידות,פאלאס תעשיות נטו (2014) בעמ,,,"י""ח",180,ל גרם,false,1,4.80,2.67,false,1,
7290000432663,false,נרות חימום 10 קוד,פאלאס תעשיות נטו (2014) בעמ,,,"י""ח",180,ל גרם,false,1,4.80,2.67,false,1,
7290000432670,false,נרות שבת 12 יחידות,פאלאס תעשיות נטו (2014) בעמ,,,"י""ח",180,ל גרם,false,1,4.80,2.67,false,1,
7290000432687,false,נרות שבת מס' 16 ציון,פאלאס תעשיות נטו (2014) בעמ,,,"י""ח",1,,false,1,4.80,4.80,false,1,
7290000432694,false,נרות 20 180 גרם,פאלאס תעשיות נטו (2014) בעמ,,,"י""ח",1,,false,1,4.80,4.80,false,1,
7290000432922,false,נריות בפלסטיק 5 שעות 72 יח,פאלאס תעשיות נטו (2014) בעמ,,,"י""ח",1,,false,1,32.90,32.90,false,1,
7290000446523,false,ממרח בוטנים מתוק בטר אנד דיפרנט 350 גרם,בטר אנד דיפרנט בעמ,,,"י""ח",350,ל גרם,false,1,13.90,3.97,false,1,
7290000446547,false,חמאת בוטנים טבעית בטר אנד דיפרנט 350 גרם,"בטר אנד דיפרנט בע""מ",,,"י""ח",350,ל גרם,false,1,13.90,3.97,false,1,
7290000446554,false,"חמאת בוטנים טבעית בטר אנד דיפרנט 1 ק""ג",בטר אנד דיפרנט בעמ,,,"י""ח",510,ל גרם,false,1,29.90,5.86,false,1,
7290000446776,false,פיצפוצי אורז מלא ללא סוכר ומלח בשקית 450 גרם,בטר אנד דיפרנט בעמ,,,"י""ח",500,ל גרם,false,1,19.90,3.98,false,1,
7290000449128,false,סיף פנטסטיק לימון ניקוי רב תכליתי 4ל',יוניליוור ישראל שיווק בע`מ,,,"י""ח",4,ליטר,false,1,25.10,6.28,false,1,
7290000450209,false,נתחי טונה בהירה בשמן פוסידון (108 גרם),נטו מלינדה סחר בע`מ,,,"י""ח",110,ל גרם,false,1,6.70,6.09,false,1,
7290000453125,false,שמרית שמרים טריים לאפיה +משפר אפיה 100ג,שטראוס גרופ בעמ/מצונן,,,"י""ח",100,ל גרם,false,1,7.90,7.90,false,1,
7290000461625,false,בייגלה שמיניות מלח בייגל בייגל 400 ג',יוניליוור ישראל שיווק בע`מ,,,"י""ח",400,ל גרם,false,1,11.90,2.98,true,1,
7290000461656,false,בייגלה מקלות מלוחים בייגל בייגל 400 גרם,יוניליוור ישראל שיווק בע`מ,,,"י""ח",400,ל גרם,false,1,11.90,2.98,true,1,
7290000461724,false,בייגלה שמיניות גדולות שומשום בייגל בייגל,"יוניליוור ישראל שיווק בע""מ",,,"י""ח",400,ל גרם,false,1,13.90,3.48,false,1,
7290000461793,false,בייגלה ארוך ארוך סידרה ירוקה בייגל בייגל 150 גרם,יוניליוור ישראל שיווק בע`מ,,,"י""ח",150,ל גרם,false,1,7.90,5.27,false,1,
7290000474076,false,"חלב קרטון 3%-1 ליטר ""טרה""-מוצר בפיקוח",החברה המרכזית טלהפצת משקאות בע,,,"י""ח",1,ליטר,false,1,6.23,6.23,false,1,
7290000474373,false,"שמנת חמוצה 15% שומן 200 מ""ל טרה",החברה המרכזית טלהפצת משקאות בע,,,"י""ח",200,"ל מ""ל",false,1,2.40,1.20,false,1,
7290000474502,false,גבינה לבנה טרה 5% מרכיבים טבעיים,החברה המרכזית טלהפצת משקאות בע,,,"י""ח",250,ל גרם,false,1,4.98,1.99,false,1,
7290000474540,false,טוב טעם גבינה לבנה 3% טרה 250 גרם,החברה המרכזית טלהפצת משקאות בע,,,"י""ח",250,ל גרם,false,1,11.50,4.60,false,1,
7290000474830,false,נעם גבינה צהובה מגורדת 28% טרה 500 גרם,החברה המרכזית טלהפצת משקאות בע,,,"י""ח",500,ל גרם,false,1,32.90,6.58,true,1,
7290000480442,false,קוואקר שיבולת שועל בשקית 500 גרם,שטראוס פריטו ליי בע`מ,,,"י""ח",500,ל גרם,false,1,13.90,2.78,true,1,
7290000482033,false,שקיות לצליה בתנור ובמיקרוגל קוקי 5 יחידות,הנסיך- מפעל לייצור ט,,,"י""ח",1,,false,1,13.90,13.90,true,1,
7290000484747,false,"ארק עלית 700 מ""ל 40% יקב הגליל*",יקב הגליל יוסף גולד ובניו,,,"י""ח",700,"ל מ""ל",false,1,59.90,8.51,false,1,
7290000493176,false,אסם אבקת רוטב צלי לבשר 22 ג',קבוצת אוסם סחר שותפות מוגבלת,,,"י""ח",22,ל גרם,false,1,5,22.73,false,1,
7290000493183,false,אבקת רוטב פטריות לבשר-30 גרם,קבוצת אוסם סחר שותפות מוגבלת,,,"י""ח",30,ל גרם,false,1,5,16.67,false,1,
7290000497044,false,לחם אקטיב ברמן (750 גרם),מאפית י את א ברמן בע,,,"י""ח",1,,false,1,16.90,16.90,false,1,
7290000497112,false,"לחם כהה פרוס וארוז ""ברמן""-מוצר בפיקוח",מאפית י את א ברמן בע,,,"י""ח",750,ל גרם,false,1,7,0.93,false,1,
7290000497204,false,פיתות בשקית חמישיה. ברמן,מאפית י את א ברמן בע,,,"י""ח",500,ל גרם,false,1,7.90,1.58,false,1,
7290000497228,false,לחמניה רגילה בשקית ברמן 6יח',מאפית י את א ברמן בע,,,"י""ח",450,ל גרם,false,1,9.90,2.20,false,1,
7290000497303,false,"שישיית לחמניות מקמח מלא ""ברמן""",מאפית י את א ברמן בע,,,"י""ח",540,ל גרם,false,1,12.90,2.39,false,1,
7290000497426,false,לחם ברמן לענין פלוס 500 גרם,מאפית י את א ברמן בע,,,"י""ח",750,ל גרם,false,1,14.50,1.93,false,1,
7290000497570,false,לחם דגנים פלוס ברמן 500 גרם,מאפית י את א ברמן בע,,,"י""ח",750,ל גרם,false,1,15.90,2.12,false,1,
7290000523125,false,מלח הארץ הים האדום 250 ג' עדין,"חברת מלח הארץ אילת בע""\מ",,,"י""ח",250,ל גרם,false,1,6.70,2.68,false,1,
7290000523224,false,מלח הארץ הים האדום 500 ג' עדין,"חברת מלח הארץ אילת בע""\מ",,,"י""ח",500,ל גרם,false,1,8.90,1.78,false,1,
7290000523521,false,מלח ים מלח הארץ 250 גרם מועשר ביוד,חברת מלח הארץ אילת ב,,,"י""ח",200,ל גרם,false,1,6.80,3.40,false,1,
7290000525969,false,מיץ תפוזים סחוט רכיבים טבעיים פרימור 1 ליטר,שטראוס גרופ בעמ/מצונן,,,"י""ח",1,ליטר,false,1,16.60,16.60,false,1,
7290000530116,false,נקניק סלמי מעושן בשן 470 ג' זוגלובק,נקניק נהריה כשר זוגל,,,"י""ח",700,ל גרם,false,1,28.90,4.13,true,1,
7290000530291,false,נקניק מבשר הודו קטן זוגלובק 750 גרם,נקניק נהריה כשר זוגל,,,"י""ח",800,ל גרם,false,1,21.90,2.74,true,1,
7290000530413,false,המבורגר זהב זוגלובק 400 גרם,נקניק נהריה כשר זוגל,,,"י""ח",400,ל גרם,false,1,22.90,5.73,true,1,
7290000530468,false,נקניקיות וניר 1 קג` זוגלובק,זוגלובק שיווק בעמ,,,"י""ח",1,"ק""ג",false,1,28.90,28.90,true,1,
7290000530598,false,נקניקיות עוף וינר זוגלובק 500 גרם,נקניק נהריה כשר זוגל,,,"י""ח",500,ל גרם,false,1,19.50,3.90,true,1,
7290000530703,false,פסטרמה חרמון כפרית ונקניק תה מעושן זוגלובק 2*400 גרם,נקניק נהריה כשר זוגל,,,"י""ח",800,ל גרם,false,1,29.90,3.74,true,1,
7290000531601,false,סטייק בורגר בקר זהב 400 גרם קפוא,נקניק נהריה כשר זוגל,,,"י""ח",400,ל גרם,false,1,27.90,6.98,true,1,
7290000531977,false,בורקס במילוי גבינה זוגלובק 800 גרם,נקניק נהריה כשר זוגל,,,"י""ח",800,ל גרם,false,1,21,2.63,true,1,
7290000533353,false,"בצק עלים צרפתי 1 ק""ג זוגלובק",מאפיית אריאל וגידרון,,,"י""ח",1,"ק""ג",false,1,17.90,17.90,true,1,
7290000536774,false,"נקניקיות מן הצומח זוגלובק 1ק""ג בד""צ",זוגלובק שיווק בעמ,,,"י""ח",1,"ק""ג",false,1,32.90,32.90,true,1,
7290000537566,false,נקניקיות עוף טרי 400 ג' זוגלובק,נקניק נהריה כשר זוגל,,,"י""ח",400,ל גרם,false,1,13.90,3.48,true,1,
7290000537603,false,נקניקיות עוף זוגלובק (1 קג),זוגלובק שיווק בעמ,,,"י""ח",1,"ק""ג",false,1,26.90,26.90,true,1,
7290000538709,false,נקניק סלמי תה מעושן זוגלובק 200 גרם,נקניק זוגלובק נהריה,,,"י""ח",200,ל גרם,false,1,14.90,7.45,false,1,
7290000552569,false,סטייקבורגר בקר טיבון ויל 400 גרם,"טיבון ויל אחזקות בע""\מ",,,"י""ח",400,ל גרם,false,1,23.90,5.98,true,1,
7290000554471,false,נקניק מוצרלה 22 אחוז 180גרם גד מהדרין,מחלבות גד שיווק 1992 בעמ,,,"י""ח",1,,false,1,18.50,18.50,true,1,
7290000554600,false,מוצרלה מגורדת 22 אחוז 300גרם גד מהדרין,מחלבות גד שיווק 1992 בעמ,,,"י""ח",300,ל גרם,false,1,22.90,7.63,true,1,
7290000554686,false,גבינת לאבנה בתוספת שמן זית וזעתר 5% גד 250 גרם,מחלבות גד שיווק 1992 בעמ,,,"י""ח",250,ל גרם,false,1,16.90,6.76,true,1,
7290000554792,false,גבינה בולגרית 5%במשקל,מחלבות גד,,,"ק""ג",1000,ל גרם,true,1,62.90,6.29,false,1,
7290000554822,false,ריקוטה גבינה לבנה בסגנון איטלקי 5% גד 250 גרם,מחלבות גד שיווק 1992 בעמ,,,"י""ח",250,ל גרם,false,1,15.90,6.36,true,1,
7290000554839,false,מסקרפונה שמנת מתוקה קשה בסגנון איטלקי 40% גד 250 גרם,מחלבות גד שיווק 1992 בעמ,,,"י""ח",250,ל גרם,false,1,21.90,8.76,true,1,
7290000560540,false,אדג`פרו ג`ל לגילוח עור רגיש כתום220,המאפיה של הרמן,,,"י""ח",200,ל גרם,false,1,17.90,8.95,false,1,
7290000572215,false,חלבה``שלגון``מצופה 80 גרם בד``צ,אחדות ביתחרושת לטחינה חלבה,,,"י""ח",80,ל גרם,false,1,2.90,3.63,false,1,
7290000572222,false,חלווה בלוק וניל אחוה 500 גרם,שוורצקוף& הנקל דיסלד,,,"י""ח",500,ל גרם,false,1,11.90,2.38,false,1,
7290000572529,false,חלוה עם פיסטוק אחווה 400 גרם,אחדות ביתחרושת לטחינה חלבה,,,"י""ח",400,ל גרם,false,1,14.90,3.73,false,1,
7290000572628,false,חלבה חטיף לייט 25 ג* 11יח קופ`שי אחוה,שוורצקוף& הנקל דיסלד,,,"י""ח",276,ל גרם,false,1,11.90,4.31,false,1,
7290000572819,false,"אחוה טחינה גולמית 1 ק""ג בפלסטיק",אחדות ביחר לטחינה חל,,,"י""ח",1,"ק""ג",false,1,21.90,21.90,false,1,
7290000601632,false,ביצים מס 3 -18 יח,תנובה ביצים,,,"י""ח",1,,false,1,14.35,14.35,false,1,
7290000631141,false,קורקבן עוף[קצביה]**,ח.י. מעדני גורמה בעמ,,,"ק""ג",1,,true,1,9.90,9.90,false,1,
7290000631424,false,פרגיות עוף טרי[קצביה]**,"ח.י. מעדני גורמה בע""מ",,,"ק""ג",1,"ק""ג",true,1,79.90,79.90,true,1,
7290000632452,false,כרעיים עוף טרי(קצביה )**.,"ח.י. מעדני גורמה בע""מ",,,"ק""ג",1,"ק""ג",true,1,36.90,36.90,true,1,
7290000632759,false,שוקיים עוף טרי (קצביה)**,"ח.י. מעדני גורמה בע""מ",,,"ק""ג",1,"ק""ג",true,1,42.90,42.90,true,1,
7290000633855,false,כנפיים עוף טרי מקוצבות[קצביה],"ח.י. מעדני גורמה בע""מ",,,"ק""ג",1,"י""ח",true,1,16.90,16.90,true,1,
7290000640150,false,הודו שלם נקבה}קצביה{**,ח.י. מעדני גורמה בעמ,,,"ק""ג",1,"ק""ג",true,1,29.90,29.90,false,1,
7290000643250,false,עוף טרי מפורק(קצביה)**,"ח.י. מעדני גורמה בע""מ",,,"י""ח",1,,true,1,23.90,23.90,false,1,
7290000659312,false,דגי תנובה פילה סלומון קפוא בוואקום,תנובה בשר,,,"ק""ג",1,"ק""ג",true,1,84.90,84.90,false,1,
7290000688176,false,מי עדן בייבי 330 מל בודד,יפאורה שותפות מוגבלת לשיווק,,,"י""ח",250,"ל מ""ל",false,1,3.90,1.44,false,1,
7290000803067,false,"משחת שיניים לילדים גילאים 6-2 אלמקס 75 מ""ל",הנסיך- מפעל לייצור ט,,,"י""ח",75,ל גרם,false,1,15.90,21.20,true,1,
7290001041123,false,שקדים מולבנים פרוסים מיה 100 גרם,מיה תעשיות מזון מ.ת.מ. בעמ,,,"י""ח",1,"י""ח",false,1,11.90,11.90,false,1,
7290001041260,false,שומשום מיה (400 גרם),מיה תעשיות מזון מ.ת.מ. בעמ,,,"י""ח",400,ל גרם,false,1,12.90,3.23,false,1,
7290001041987,false,סוכר חום צנצנת מיה 1,מיה תעשיות מזון מ.ת.מ. בעמ,,,"י""ח",1,"ק""ג",false,1,16.90,16.90,false,1,
7290001041994,false,"סוכר דמררה בצנצנת מיה 1 ק""ג",מיה תעשיות מזון מ.ת.מ. בעמ,,,"י""ח",1,"ק""ג",false,1,10.90,10.90,false,1,
7290001124536,false,ארוחת נודלס טעם תירס מג'יק 70 גרם,נטו מלינדה סחר בעמ,,,"י""ח",70,ל גרם,false,1,4.90,7,false,1,
7290001136287,false,"שמפו לשיער רגיל בבושם פרחים נקה 7 750 מ""ל",החברה הדרומית לשיווק בעמ,,,"י""ח",750,"ל מ""ל",false,1,12.90,1.72,false,1,
7290001136294,false,"שמפו לשיער יבש בבישום פרחים נקה 7 750 מ""ל",החברה הדרומית לשיווק בעמ,,,"י""ח",750,"ל מ""ל",false,1,12.90,1.72,false,1,
7290001245705,false,אקונומיקה מבושמת טאצ' 4 ליטר,סאסאטק אגשח בעמ,,,"י""ח",4,ליטר,false,1,11.90,2.98,false,1,
7290001245712,false,אקונומיקה 4 ליטר טאצ,סאסאטק אגשח בעמ,,,"י""ח",4,ליטר,false,1,9.90,2.48,false,1,
7290001245729,false,ג'ל כביסה ירוקה טאצ 3 ליטר סלקט,סאסאטק אגשח בעמ,,,"י""ח",1,ליטר,false,1,19.90,19.90,true,1,
7290001245828,false,נוזל כלים קלאסי טאצ' 18% 1.6 ליטר,סאסאטק אגשח בעמ,,,"י""ח",1.60,ליטר,false,1,11.90,7.44,true,1,
7290001245958,false,מרכך כביסה ורוד טאצ' 4 ליטר,סאסאטק אגשח בעמ,,,"י""ח",4,ליטר,false,1,15.90,3.98,true,1,
7290001245996,false,מרכך כביסה צהוב 4 ליטר טאצ',סאסאטק אגשח בעמ,,,"י""ח",4,ליטר,false,1,15.90,3.98,true,1,
7290001246146,false,מסיר אבן 1 ליטר טאצ',סאסאטק אגשח בעמ,,,"י""ח",1,ליטר,false,1,13.90,13.90,false,1,
7290001246634,false,"נוזל אסלות ע""ב חומצה 1 ליטר טאצ'",סאסאטק אגשח בעמ,,,"י""ח",1,ליטר,false,1,5.70,5.70,false,1,
7290001247099,false,קרטונית נקטר ספרינג מנגו 1 ליטר,יפאורה שותפות מוגבלת לשיווק,,,"י""ח",1,ליטר,false,1,6.90,6.90,true,1,
7290001247112,false,קרטונית נקטר ספרינג לימונענע 1 ליטר,יפאורה שותפות מוגבלת לשיווק,,,"י""ח",1,ליטר,false,1,6.90,6.90,true,1,
7290001247730,false,"נקטר ספרינג בטעם מנגו פחית 330 מ""ל",יפאורה שותפות מוגבלת לשיווק,,,"י""ח",330,"ל מ""ל",false,1,5.90,1.70,true,1,
7290001247747,false,"ספרינג נקטר תפוחים פחית 330 מ""ל",יפאורה שותפות מוגבלת לשיווק,,,"י""ח",330,"ל מ""ל",false,1,5.90,1.70,true,1,
7290001247891,false,"ספרינג נקטר אפרסקים פחית 330 מ""ל",יפאורה שותפות מוגבלת לשיווק,,,"י""ח",330,"ל מ""ל",false,1,5.90,1.70,true,1,
7290001305058,false,"פלמוליב - נטורלס תחליב רחצה חלב ודבש 500 מ""ל",הנסיך- מפעל לייצור ט,,,"י""ח",500,"ל מ""ל",false,1,15.90,3.18,true,1,
7290001305188,false,"נוזל לניקוי כלים בריח לימון פלמוליב 750 מ""ל",יבואן ומשווק: ש. שסט,,,"י""ח",750,"ל מ""ל",false,1,11.90,1.59,true,1,
7290001327180,false,שטראוס קרמיסימו וניל ציפ 1.33 ליטר,"גלידת שטראוס בע""\מ, רחוב",,,"י""ח",1.33,ליטר,false,1,18.90,14.21,false,1,
7290001327791,false,גלידה קרמיסימו וניל עוגיות 1.33 ליטר,"גלידת שטראוס בע""\מ, רחוב",,,"י""ח",1.33,ליטר,false,1,18.90,14.21,false,1,
7290001407509,false,שוואיה שוואיה טחינה מובחרת בקליה איטית,קבוצת אוסם סחר-שות.מוגבלת,,,"י""ח",500,ל גרם,false,1,17.40,3.48,false,1,
7290001482186,false,אננס חתוך בסירופ קל ויליפוד 565 גרם,ג.וילי-פוד אינטרנשיונל בעמ,,,"י""ח",567,ל גרם,false,1,5.90,1.04,false,1,
7290001594155,false,"קוקה-קולה בבקבוק אישי 500 מ""ל",החברה המרכזית להפצת משקאות בעמ,,,"י""ח",500,"ל מ""ל",false,1,7.90,1.52,true,1,
7290001594230,false,קינלי סודה בבקבוק זכוכית,החברה המרכזית להפצת משקאות בעמ,,,"י""ח",250,"ל מ""ל",false,1,3.20,1.16,true,1,
7290001594568,false,בירה בפחית קרלסברג (500 מל),החברה המרכזית להפצת משקאות בעמ,,,"י""ח",500,"ל מ""ל",false,1,10.90,2.12,false,1,
7290001594858,false,מארז שישייה בירה טובורג רד (330x6 מל),החברה המרכזית להפצת משקאות בעמ,,,"י""ח",1.98,ליטר,false,1,46,22.32,true,1,
7290001713167,false,סנט מוריץ - מרסס קצף ניקוי 1 ליטר סניטרי אפור,קומפלקס כימיקלסבעמ ~~~,,,"י""ח",1,ליטר,false,1,12.90,12.90,false,1,
7290001713860,false,PURE מרכך כביסה בניחוח מלון ספא 1 ליטר,קומפלקס כימיקלסבעמ ~~~,,,"י""ח",100,"ל מ""ל",false,1,9.90,9.90,false,1,
7290001791349,false,אקונומיקה פיסגה ריחנית סנו (4 ליטר),החברה הדרומית לשיווק בעמ,,,"י""ח",4,ליטר,false,1,12.90,3.23,false,1,
7290001791356,false,"פרש מבשם אויר אוטומטי בניחוח לבנדר סנו 250 מ""ל",החברה הדרומית לשיווק בעמ,,,"י""ח",165,ל גרם,false,1,14.90,9.03,false,1,
7290001813454,false,"עוגיות חיוכים שוקולד עלית 900 גרם מארז 6 יחידות בד""צ",אפיפית נצרת תעשיות ב,,,"י""ח",900,ל גרם,false,1,21.90,2.43,true,1,
7290001813478,false,"עוגיות חיוכים וניל עלית 900 גרם מארז 6 יחידות בד""צ",אפיפית נצרת תעשיות ב,,,"י""ח",900,ל גרם,false,1,21.90,2.43,true,1,
7290001817377,false,צ`יטוס איקס עיגול בטעם פיצה 60 גרם,"שטראוס פריטו ליי בע""\מ )",,,"י""ח",60,ל גרם,false,1,3.90,6.50,true,1,
7290001817728,false,צ'יטוס אפוי כאפה בטעם קטשופ 55 גרם,"שטראוס פריטו ליי בע""\מ )",,,"י""ח",0.55,"י""ח",false,1,3.90,7.09,true,1,
7290001901250,false,גפילטע פיש הונגרי בצנצנת קלאסי דג 670 גרם,ח.כהן סוכנות מזון ומשקאות בע,,,"י""ח",8,"י""ח",false,1,18,2.25,false,1,
7290001922231,false,כדורי פלאפל 700גר שף הטבע,קפוא זן תעשיות מזון בעמ,,,"י""ח",700,ל גרם,false,1,16.90,2.41,false,1,
7290001990148,false,"סוכר גולדן קלאסי בצנצנת סוגת 1 ק""ג",האי נאם סי או אל.טי.,,,"י""ח",1,"ק""ג",false,1,13.90,13.90,false,1,
7290001990261,false,"סוגת חומוס 1 ק""ג","סוגת תעשיות בע""\מ",,,"י""ח",1,,false,1,17.90,17.90,false,1,
7290001990278,false,"שעועית לבנה סוגת 1 ק""ג","סוגת תעשיות בע""\מ",,,"י""ח",1,"ק""ג",false,1,19.90,19.90,true,1,
7290001990407,false,"עדשים ירוקים 1 ק""ג סוגת","סוגת תעשיות בע""\מ",,,"י""ח",1,"ק""ג",false,1,15.90,15.90,true,1,
7290001990414,false,עדשים אדומות סוגת (1 קג),"סוגת תעשיות בע""\מ",,,"י""ח",1,"ק""ג",false,1,14.90,14.90,true,1,
7290001990421,false,"פופקורן גרעינים סוגת 1 ק""ג","סוגת תעשיות בע""\מ",,,"י""ח",1,"ק""ג",false,1,10.80,10.80,true,1,
7290002007371,false,פירורי לחם הנמל 500 ג',הנמל אריזות ושיווק 1984 בע`מ,,,"י""ח",500,ל גרם,false,1,7.90,1.58,false,1,
7290002007999,false,צלחות פלסטיק גדולות חד פעמיות 50 יח,הנמל אריזות ושיווק (1984) בעמ,,,"י""ח",1,,false,1,18.90,18.90,false,1,
7290002008507,false,נייר אפיה הנמל 50 יחידות,הנמל אריזות ושיווק (1984) בעמ,,,"י""ח",1,,false,1,7.90,7.90,false,1,
7290002014201,false,חומוס מעדני מיקי 200 גרם,"סלטי שמיר 2006 בע""\מ",,,"י""ח",200,ל גרם,false,1,7.90,3.95,true,1,
7290002014218,false,טחינה מעדני מיקי 200 גרם,"סלטי שמיר 2006 בע""\מ",,,"י""ח",200,ל גרם,false,1,7.90,3.95,true,1,
7290002014225,false,חציל במיונז מעדני מיקי 200 גרם,"סלטי שמיר 2006 בע""\מ",,,"י""ח",200,ל גרם,false,1,7,3.50,true,1,
7290002014799,false,מטבוחה מעדני מיקי 200 גרם,"סלטי שמיר 2006 בע""\מ",,,"י""ח",200,ל גרם,false,1,7.90,3.95,true,1,
7290002019114,false,רוטב עגבניות מרוכז מאד 28-30BX פריניר,ח.כהן סוכנות מזון ומשקאות בע,,,"י""ח",580,ל גרם,false,1,7.80,1.34,false,1,
7290002019763,false,עגבניות מרוסקות 800ג פריניר ה.מכירה *,ח.כהן סוכנות מזון ומשקאות בע,,,"י""ח",800,ל גרם,false,1,6.90,0.86,false,1,
7290002019787,false,רוטב עגבניות מרוכז מאוד 260 גרם פריניר,ח.כהן סוכנות מזון ומשקאות בע,,,"י""ח",260,ל גרם,false,1,4.30,1.65,false,1,
7290002019794,false,רוטב עגבניות מרוכז מאוד 100 גרם פריניר,ח.כהן סוכנות מזון ומשקאות בע,,,"י""ח",100,ל גרם,false,1,2.10,2.10,false,1,
7290002026358,false,אריסטו קראנץ צ`יפס בטטה זיגזג טוגנים 500,מוצרי איכות אמריקאיים בעמ,,,"י""ח",500,ל גרם,false,1,21.20,4.24,true,1,
7290002037309,false,לחמניות המבורגר מאפיית ודש 8),מאפית י את א ברמן בע,,,"י""ח",400,ל גרם,false,1,13.90,3.48,false,1,
7290002037637,false,לחמניות הבית מתוקות מאפיית ודש) (4,מאפית י את א ברמן בע,,,"י""ח",1,,false,1,12.90,12.90,false,1,
7290002040019,false,קוסקוס רגיל מזון קוסקוס (350 גרם),הנמל אריזות ושיווק (1984) בעמ,,,"י""ח",350,ל גרם,false,1,6.90,1.97,false,1,
7290002040064,false,קוסקוס דק להכנה מהירה בשקית 350 גרם,הנמל אריזות ושיווק (1984) בעמ,,,"י""ח",350,ל גרם,false,1,6.90,1.97,false,1,
7290002040071,false,קוסקוס עבה להכנה קלה ומהירה 350 גרם,הנמל אריזות ושיווק (1984) בעמ,,,"י""ח",350,ל גרם,false,1,6.90,1.97,false,1,
7290002040088,false,קוסקוס מלא מזון קוסקוס (350 גרם),הנמל אריזות ושיווק (1984) בעמ,,,"י""ח",350,ל גרם,false,1,8.20,2.34,false,1,
7290002057017,false,זיתים ירוקים נובו קבוצת יבנה (540 גרם),קבוצת יבנה מוצרי מזון אגודה שי,,,"י""ח",560,ל גרם,false,1,8.90,1.59,false,1,
7290002057062,false,זיתים מנזנילו ירוק בינוני קבוצת יבנה 340 גרם,קבוצת יבנה מוצרי מזון בעמ,,,"י""ח",560,ל גרם,false,1,6.90,1.23,false,1,
7290002057093,false,זיתים מנזנילו גדול קבוצת יבנה 340 גרם,קבוצת יבנה מוצרי מזון אגודה שי,,,"י""ח",600,ל גרם,false,1,10.50,1.75,false,1,
7290002057123,false,זיתים ירוקים מנזנילו קבוצת יבנה 560 גרם,קבוצת יבנה מוצרי מזון אגודה שי,,,"י""ח",560,ל גרם,false,1,9.90,1.77,true,1,
7290002057161,false,זיתים מרינט ביין גדול מאד קבוצת יבנה 340 גרם,קבוצת יבנה מוצרי מזון בעמ,,,"י""ח",560,ל גרם,false,1,8.90,1.59,false,1,
7290002057369,false,מלפפונים במלח ‏12‏-‏10‏ קבוצת יבנה 320 גרם,"קבוצת יבנה מוצרי מזון בע""מ",,,"י""ח",600,ל גרם,false,1,7.50,1.25,false,1,
7290002057376,false,מלפפונים במלח ‏17‏-‏13‏ קבוצת יבנה 320 גרם,"קבוצת יבנה מוצרי מזון בע""מ",,,"י""ח",600,ל גרם,false,1,9.90,1.65,false,1,
7290002057468,false,מלפפונים בחומץ בינוני קבוצת יבנה 560 גרם,"קבוצת יבנה מוצרי מזון בע""מ",,,"י""ח",600,ל גרם,false,1,7.50,1.25,false,1,
7290002057475,false,מלפפונים בחומץ ‏17‏-‏13 קבוצת יבנה 290 גרם,קבוצת יבנה מוצרי מזון אגודה שי,,,"י""ח",600,ל גרם,false,1,9.90,1.65,false,1,
7290002057604,false,פלפל חריף שיפקה קבוצת יבנה (540 גרם),קבוצת יבנה מוצרי מזון אגודה שי,,,"י""ח",560,ל גרם,false,1,5.50,0.98,false,1,
7290002057628,false,זיתים מושחרים טבעות קבוצת יבנה (540 גרם),קבוצת יבנה מוצרי מזון אגודה שי,,,"י""ח",540,ל גרם,false,1,10.90,2.02,false,1,
7290002057703,false,חצילים במלח קבוצת יבנה 320 גרם,"קבוצת יבנה מוצרי מזון בע""מ",,,"י""ח",560,ל גרם,false,1,7.50,1.34,false,1,
7290002057864,false,זיתים נובו ענק צנצנת יבנה 540 גר',קבוצת יבנה מוצרי מזון בעמ,,,"י""ח",560,ל גרם,false,1,10.90,1.95,false,1,
7290002057871,false,זית חרוזית צנצנת 540 ג' יבנה,קבוצת יבנה מוצרי מזון בעמ,,,"י""ח",560,ל גרם,false,1,9.50,1.70,false,1,
7290002065555,false,שישיית לחמנייה הכי רכה בהפסקה אנג'ל 450 גרם,מאפיית שלמה א. אנג'\ל בע,,,"י""ח",1,,false,1,11.90,11.90,false,1,
7290002075233,false,שוקולד אייסקונפקט 250 גרם,שוקוטרייד בעמ,,,"י""ח",250,ל גרם,false,1,17.90,7.16,false,1,
7290002130567,false,דבש דבורים טהור פרחי בר יד מרדכי 350 גרם,מכוורת יד מרדכי שטראוס ב,,,"י""ח",3.50,"י""ח",false,1,20.70,5.91,false,1,
7290002130574,false,דבש טהור מפרחי בר בזכוכית 500 ג' יד מרדכי,מכוורת יד מרדכי שטראוס ב,,,"י""ח",500,ל גרם,false,1,28.60,5.72,false,1,
7290002130581,false,דבש טהור מפרחי בר יד מרדכי (1 קג),מכוורת יד מרדכי שטראוס ב,,,"י""ח",1,קוב,false,1,48.90,48.90,false,1,
7290002132011,false,עוגיות מזרחיות עם שומשום עבאדי (400 גר),מאפיית יוסף ושמחה עבאדי,,,"י""ח",400,ל גרם,false,1,18.90,4.73,false,1,
7290002253105,false,שום במגשית 20 שיניים כתושות קפוא 80,קבוצת אוסם סחר-שות.מוגבלת,,,"י""ח",80,ל גרם,false,1,13.90,17.38,false,1,
7290002253150,false,קוביות בזיליקום קצוץ דורות 70 גרם,קבוצת אוסם סחר שותפות מוגבלת,,,"י""ח",70,ל גרם,false,1,10.90,15.57,false,1,
7290002253167,false,פטרוזיליה טרייה קצוצה מוקפאת 70 גרם,קבוצת אוסם סחר שותפות מוגבלת,,,"י""ח",70,ל גרם,false,1,11.90,17,false,1,
7290002253181,false,כוסברה טרייה קצוצה 20 קוביות 70 גרם קפוא,קבוצת אוסם סחר שותפות מוגבלת,,,"י""ח",70,ל גרם,false,1,10.90,15.57,false,1,
7290002259664,false,רדיד אלומיניום דיימונד גדול 60X0.60מ',ריינולדס מוצרי צריכה,,,"י""ח",1,,false,1,49.90,49.90,false,1,
7290002319016,false,אבקת אפיה עשיריות מיה 100 גרם,מיה תעשיות מזון מ.ת.מ. בעמ,,,"י""ח",100,ל גרם,false,1,1.90,1.90,false,1,
7290002319023,false,סוכר וניל עשיריות מיה 100 גרם,מיה תבליני החיים ירושלים בע`מ,,,"י""ח",100,ל גרם,false,1,1.90,1.90,false,1,
7290002319054,false,פרג טחון מיה 100 גרם,מיה תעשיות מזון מ.ת.מ. בעמ,,,"י""ח",100,ל גרם,false,1,5.90,5.90,false,1,
7290002319061,false,קוקוס טחון מיה (100 גרם),מיה תעשיות מזון מ.ת.מ. בעמ,,,"י""ח",100,ל גרם,false,1,4.90,4.90,false,1,
7290002319078,false,שומשום מיה 100 גרם,מיה תעשיות מזון מ.ת.מ. בעמ,,,"י""ח",100,ל גרם,false,1,3.90,3.90,false,1,
7290002319092,false,"קמח תפוח אדמה 500ג בד""ץ מיה*",מיה תעשיות מזון מ.ת.מ. בעמ,,,"י""ח",500,ל גרם,false,1,8.70,1.74,false,1,
7290002319115,false,חומוס גדול יבש מיה 500 גר',מיה תעשיות מזון מ.ת.מ. בעמ,,,"י""ח",500,ל גרם,false,1,6.90,1.38,true,1,
7290002319122,false,גריסים יבשים מיה 500 גר',מיה תעשיות מזון מ.ת.מ. בעמ,,,"י""ח",500,ל גרם,false,1,6.90,1.38,true,1,
7290002319139,false,שעועית לבנה יבשה מיה 500 ג',מיה תעשיות מזון מ.ת.מ. בעמ,,,"י""ח",500,ל גרם,false,1,11.40,2.28,true,1,
7290002319146,false,שעועית אדומה מיה (500 גרם),מיה תעשיות מזון מ.ת.מ. בעמ,,,"י""ח",500,ל גרם,false,1,13.50,2.70,false,1,
7290002319160,false,אפונה ירוקה יבשה מיה 500 ג',מיה תעשיות מזון מ.ת.מ. בעמ,,,"י""ח",500,ל גרם,false,1,7.30,1.46,true,1,
7290002319184,false,עדשים אדומים יבשים מיה 500 גר',מיה תעשיות מזון מ.ת.מ. בעמ,,,"י""ח",500,ל גרם,false,1,10.60,2.12,true,1,
7290002319191,false,עדשים ירוקים יבשים מיה 500 גר',מיה תעשיות מזון מ.ת.מ. בעמ,,,"י""ח",500,ל גרם,false,1,10.60,2.12,true,1,
7290002319207,false,כוסמת מיה (500 גרם),מיה תעשיות מזון מ.ת.מ. בעמ,,,"י""ח",500,ל גרם,false,1,10.20,2.04,true,1,
7290002319221,false,חיטה מיה (500 גרם),מיה תעשיות מזון מ.ת.מ. בעמ,,,"י""ח",500,ל גרם,false,1,7.40,1.48,false,1,
7290002319375,false,"קורנפלור 200 ג' בד""ץ מיה",מיה תעשיות מזון מ.ת.מ. בעמ,,,"י""ח",200,ל גרם,false,1,5.80,2.90,false,1,
7290002319740,false,אגוזי מלך טחונים מיה 100 גרם,מיה תעשיות מזון מ.ת.מ. בעמ,,,"י""ח",100,ל גרם,false,1,11.90,11.90,false,1,
7290002319771,false,תמצית אפיה בטעם וניל מיה (50 מל),מיה תעשיות מזון מ.ת.מ. בעמ,,,"י""ח",50,"ל מ""ל",false,1,4.90,9.80,false,1,
7290002319795,false,"תמצית אפיה שקדים מיה 50 מ""ל",מיה תעשיות מזון מ.ת.מ. בעמ,,,"י""ח",60,"ל מ""ל",false,1,5.10,8.50,false,1,
7290002319825,false,"אבקת סוכר 100 ג`בד""ץ מיה",מיה תעשיות מזון מ.ת.מ. בעמ,,,"י""ח",100,ל גרם,false,1,2.30,2.30,false,1,
7290002327028,false,ג`חנון בטעם מיוחד 650 גרם קפוא,נטו מלינדה סחר בע`מ,,,"י""ח",650,ל גרם,false,1,19.70,3.03,true,1,
7290002327059,false,"בצק עלים 1 ק""ג שלושת האופים קהילות",נטו מלינדה סחר בע`מ,,,"י""ח",1,"ק""ג",false,1,19.90,19.90,true,1,
7290002327929,false,מיני בורקס תפוח אדמה 700 גר שלושת האופים,נטו מלינדה סחר בע`מ,,,"י""ח",800,ל גרם,false,1,22.90,2.86,true,1,
7290002329602,false,עוגת שוקולד עוגל'ה 350 גרם,בני פאוזי שמשום (2009) בעמ,,,"י""ח",350,ל גרם,false,1,7.90,2.26,true,1,
7290002329626,false,שיש- עוגה 350 גר' תבואות בר,בני פאוזי שמשום (2009) בעמ,,,"י""ח",350,ל גרם,false,1,7.90,2.26,true,1,
7290002329657,false,עוגת תפוז עוגל'ה 350 גרם,בני פאוזי שמשום (2009) בעמ,,,"י""ח",350,ל גרם,false,1,7.90,2.26,true,1,
7290002331025,false,"מים מינרלים נביעות ספורט 500 מ""ל פקדון",החברה המרכזית להפצת משקאות בעמ,,,"י""ח",500,"ל מ""ל",false,1,4.90,0.92,false,1,
7290002331094,false,"מים מינרליים GO TO נביעות 755 מ""ל",החברה המרכזית להפצת משקאות בעמ,,,"י""ח",755,"ל מ""ל",false,1,6,0.75,false,1,
7290002348306,false,'קוקטייל פירות ויליגר 850 ג,נטו מילנדה סחר בעמ*,,,"י""ח",850,ל גרם,false,1,8.90,1.05,true,1,
7290002353836,false,סרדינים רוברט בשמן זית 115 גרם,קונסרבס פורטוגל נורטה,,,"י""ח",120,ל גרם,false,1,9.90,8.25,true,1,
7290002360155,false,חליטת תה פרחי שומר פומפדור 20 שקיקים,ש.שסטוביץ בעמ,,,"י""ח",40,ל גרם,false,1,14.90,37.25,true,1,
7290002360285,false,חליטת צמחים פומפדור קמומיל 20 יחידות,ש. שסטוביץ בע`מ,,,"י""ח",30,ל גרם,false,1,14.90,49.67,true,1,
7290002374312,false,שמן קנולה מזוכך 6% מילומור (1 ליטר),"נארז ע""י : א.ג. גילר",,,"י""ח",1,ליטר,false,1,11.90,11.90,false,1,
7290002515333,false,"ד""ר פישר - קמיל בלו סנסיטיב אל סבון עדין לתינוק 500 מ""ל","פישר תעשיות פרמצביטות בע""מ",,,"י""ח",400,"ל מ""ל",false,1,22.90,5.73,false,1,
7290002515371,false,"קמיל בלו אל סבון לתינוקות ד""ר פישר 1 ליטר","פישר תעשיות פרמצביטות בע""מ",,,"י""ח",1,ליטר,false,1,29.90,29.90,true,1,
7290002517283,false,תבלין פלפל שחור גרוס 40 גר' מיכל,תבליני טעם וריח בעמ,,,"י""ח",1,,false,1,9.90,9.90,false,1,
7290002543237,false,דגני בוקר קלוגס קורנפלקס 750 גרם,קלוגס קומפני אוף גרייט ב,,,"י""ח",750,ל גרם,false,1,17.90,2.39,true,1,
7290002551003,false,נתחי טונה בהירה בשמן סטארקיסט (160 גרם),דיפלומט מפיצים (1968) בעמ**,,,"י""ח",160,ל גרם,false,1,7.70,4.81,false,1,
7290002627210,false,גפילטע פיש קציצות מדגי קרפיון וכסיף בצנצנת 560 גרם,האי נאם סי או אל.טי.,,,"י""ח",520,ל גרם,false,1,10.90,2.10,false,1,
7290002692393,false,שמן קנולה מזוכך מועשר עץ הזית (1 ליטר),סוגת תעשיות בעמ,,,"י""ח",1,ליטר,false,1,15.90,15.90,false,1,
7290002715580,false,ארוחת נודלס בטעם סיני חריף מג'יק 70 גרם,נטו מילנדה סחר בעמ*,,,"י""ח",70,ל גרם,false,1,5,7.14,false,1,
7290002730538,false,פדיות להסרת איפור בלונס 80 יחידות,הנסיך- מפעל לייצור ט,,,"י""ח",1,"י""ח",false,1,8.90,8.90,false,1,
7290002730675,false,"קולגייט משחת שיניים אדומה משפחתי 100 מ""ל",קולגייט-פלמוליב,,,"י""ח",100,"ל מ""ל",false,1,10.90,10.90,false,1,
7290002730811,false,"משחת שיניים ג'ל פסים מרעננים קולגייט 100 מ""ל",הנסיך- מפעל לייצור ט,,,"י""ח",138,ל גרם,false,1,14.80,10.72,true,1,
7290002735021,false,ג`חנון ארוז 750 גר`יינון,קפוא-זן תעשיות מזון בעמ - תפוג,,,"י""ח",750,ל גרם,false,1,14.90,1.99,false,1,
7290002735120,false,"בורקס תפו""א ינון 800 גרם",קפוא-זן תעשיות מזון בעמ - תפוג,,,"י""ח",800,ל גרם,false,1,15.90,1.99,false,1,
7290002750130,false,מארז חליות פילסברי 6יח,ג נרל מילס ישראל בעמ ~~~,,,"י""ח",1,,false,1,12.90,12.90,false,1,
7290002752349,false,סוכריות מנטוס מנטה 40יח' בגליל 38ג',ליימן שליסל בעמ,,,"י""ח",37.50,ל גרם,false,1,4,10.67,true,1,
7290002753223,false,רביעייה סוכריות תפוז 4*16 ג' טיק טק,פרימיום-חברה לדברי מתיקה ולמסח,,,"י""ח",1,,false,1,12,12,false,1,
7290002768043,false,"תיאדנט מי-פה ענק פלאוריד 150 מ""ל",החברה הדרומית לשיווק בעמ,,,"י""ח",150,"ל מ""ל",false,1,14.90,9.93,false,1,
7290002805151,false,סיף פנטסטיק לרצפות בניחוח סחלבים 4ל',יוניליוור ישראל שיווק בע`מ,,,"י""ח",4,ליטר,false,1,21.80,5.45,false,1,
7290002814016,false,"מסיר שומנים מתז 750 מ""ל סנט מוריץ כשל""פ עד""ח",קומפלקס כימיקלסבעמ ~~~,,,"י""ח",750,"ל מ""ל",false,1,15.90,2.12,false,1,
7290002824183,false,"גבינה לבנה סקי 500 גרם 5% ""שטראוס"" -מוצר בפיקוח",שטראוס גרופ בעמ/מצונן,,,"י""ח",500,ל גרם,false,1,9.50,1.90,false,1,
7290002824466,false,יוגורט דנונה ביו לבן 0% שומן 200 גרם,שטראוס גרופ בעמ/מצונן,,,"י""ח",200,"ל מ""ל",false,1,3.70,1.85,false,1,
7290002824640,false,"גבינת סקי 250 גרם 5% ""שטראוס"" -מוצר בפיקוח",שטראוס גרופ בעמ/מצונן,,,"י""ח",250,ל גרם,false,1,4.97,1.99,false,1,
7290002825722,false,כרוב אדום במיונז אחלה (500 גרם),שטראוס גרופ בעמ/מצונן,,,"י""ח",500,ל גרם,false,1,14.90,2.98,true,1,
7290002842002,false,פתיתי שיבולת שועל קוואקר אנגלי מורנפלייק,ליימן שליסל בעמ,,,"י""ח",500,ל גרם,false,1,10.90,2.18,false,1,
7290002868996,false,"קוטג' 5% שומן, רכיבים טבעיים, 250 גרם",החברה המרכזית טלהפצת משקאות בע,,,"י""ח",250,ל גרם,false,1,5.90,2.36,false,1,
7290002905462,false,מקל אלומיניום למטאטא,לפ סולומון סולור,,,"י""ח",1,,false,1,4.30,4.30,false,1,
7290002987963,false,"חומוס אחלה 1 ק""ג שטראוס",שטראוס גרופ בעמ/מצונן,,,"י""ח",1,"ק""ג",false,1,14.90,14.90,false,1,
7290003009312,false,בוטן קלוי 200 גרם שקית קליית גת,הדקלאים אגודת שיתופי,,,"י""ח",200,ל גרם,false,1,6.90,3.45,true,1,
7290003009329,false,בוטנים אמריקאיים קליית גת (200 גרם),הדקלאים אגודת שיתופי,,,"י""ח",200,ל גרם,false,1,6.90,3.45,true,1,
7290003009336,false,קבוקים קליית גת (200 גרם),הדקלאים אגודת שיתופי,,,"י""ח",200,ל גרם,false,1,6.90,3.45,true,1,
7290003009640,false,מיץ תפוזים סחוט רכיבים טבעיים פריגת 1 ליטר,החברה המרכזית טלהפצת משקאות בע,,,"י""ח",1,ליטר,false,1,17.60,17.60,true,1,
7290003020010,false,רדיד אלומיניום 7.5/30,פאלאס תעשיות נטו (2014) בעמ,,,"י""ח",1,,false,1,6.90,6.90,false,1,
7290003020027,false,רדיד אלומיניום ארוך,פאלאס תעשיות נטו (2014) בעמ,,,"י""ח",1,,false,1,8.90,8.90,false,1,
7290003020171,false,רדיד אלומיניום 0,פאלאס תעשיות נטו (2014) בעמ,,,"י""ח",1,,false,1,32.90,32.90,false,1,
7290003020188,false,נייר אלומיניום 50 מקרון,פאלאס תעשיות נטו (2014) בעמ,,,"י""ח",1,,false,1,29.90,29.90,false,1,
7290003020195,false,רדיד 100 מקרון,נטו מלינדה סחר בעמ,,,"י""ח",1,,false,1,40.90,40.90,false,1,
7290003020348,false,זוג רדידי אלומיניום קצר,פאלאס תעשיות נטו (2014) בעמ,,,"י""ח",1,,false,1,12.90,12.90,false,1,
7290003020355,false,רדיד אלומניום זוג}אלומפייל{,פאלאס תעשיות נטו (2014) בעמ,,,"י""ח",2,"י""ח",false,1,17.90,8.95,false,1,
7290003026036,false,"ד""ר פישר - קמיל בלו סנסיטיב אל סבון עדין לתינוק 1 ליטר","פישר תעשיות פרמצביטות בע""מ",,,"י""ח",1,ליטר,false,1,32.90,32.90,true,1,
7290003026319,false,"קמיל בלו משחת החתלה לתינוק ד""ר פישר 120 גרם","פישר תעשיות פרמצביטות בע""מ",,,"י""ח",120,ל גרם,false,1,25.50,21.25,true,1,
7290003029181,false,משקה יטבתה שוקו' בקבוק 1ל מהדרין,שטראוס גרופ בעמ/מצונן,,,"י""ח",1,ליטר,false,1,12,12,false,1,
7290003029372,false,יטבתה משקה בטעם בננה %3 בקבוק 1 ליטר,שטראוס גרופ בעמ/מצונן,,,"י""ח",1,ליטר,false,1,12,12,false,1,
7290003029389,false,"משקה חלב בננה פקק ספורט 250 מ""ל יוטבתה",שטראוס גרופ בעמ/מצונן,,,"י""ח",250,"ל מ""ל",false,1,5.60,2.24,false,1,
7290003029433,false,"משקה יטבתה שוקו פקק 250 מ""ל מהדרין",שטראוס גרופ בעמ/מצונן,,,"י""ח",250,"ל מ""ל",false,1,5.60,2.24,false,1,
7290003029532,false,מוקה בבקבוק יטבתה 1 ליטר מהדרין,שטראוס גרופ בעמ/מצונן,,,"י""ח",1,ליטר,false,1,12,12,false,1,
7290003029792,false,"משקה יטבתה שוקו שקיות מהדרין מארז 225X8מ""ל",שטראוס גרופ בעמ/מצונן,,,"י""ח",1.80,ליטר,false,1,19.90,11.06,false,1,
7290003029815,false,כד חלב 3% יטבתה 2 ליטר מהדרין,שטראוס גרופ בעמ/מצונן,,,"י""ח",2,ליטר,false,1,15.60,7.80,false,1,
7290003029907,false,משקה חלב אייס קפה 2% יטבתה (1 ליטר,שטראוס גרופ בעמ/מצונן,,,"י""ח",1,ליטר,false,1,12,12,false,1,
7290003031740,false,טירתצבי פסטרמה בדבש קופ. מחפוד 400ג,טיב טירת צבי 2000,,,"י""ח",400,ל גרם,false,1,31.90,7.98,false,1,
7290003047642,false,תה שחור יילו לייבל 100*1.5 ג' שקיק ליפטון,"יוניליוור ישראלשיווק בע""מ",,,"י""ח",150,ל גרם,false,1,14.90,9.93,false,1,
7290003102587,false,מברשת לבקבוק+מברשת ל,אינטרסן (1996) בעמ,,,"י""ח",1,,false,1,6.90,6.90,false,1,
7290003102976,false,צימרוני אוזניים פלסטיק בקופסה 200 יחידות,הדקלאים אגודת שיתופי,,,"י""ח",20000,ל גרם,false,1,5.30,0.03,false,1,
7290003119509,false,פקדון בקבוק בירה ריק,שונות /שרות,,,"י""ח",1,"י""ח",false,1,1.20,1.20,false,1,
7290003121106,false,ארוחת נודלס טעם עוף בשקית מג'יק 85 גרם,נטו מילנדה סחר בעמ*,,,"י""ח",85,ל גרם,false,1,4.40,5.18,false,1,
7290003126712,false,יוגורט עיזים מחלב מלא 3.7% משק צוריאל 150 גרם,החברה המרכזית טלהפצת משקאות בע,,,"י""ח",140,"ל מ""ל",false,1,6.50,4.64,false,1,
7290003126958,false,טופו גבינה גוש בואקום צוריאל 300 ג',החברה המרכזית טלהפצת משקאות בע,,,"י""ח",300,ל גרם,false,1,12.30,4.10,false,1,
7290003127597,false,שקית שרות קופה גופיה,שונות /שרות,,,"י""ח",1,,false,1,0.10,0.10,false,1,
7290003145959,false,פקאן טבעי קליית גת 150 גרם,ליימן שליסל בעמ,,,"י""ח",150,ל גרם,false,1,25.40,16.93,false,1,
7290003229192,false,נקניק כתף בקר מעושן 2% טירת צבי 400 גרם,תנובה מרכז שיתופי לשיווק תוצרת,,,"י""ח",400,ל גרם,false,1,35.90,8.98,false,1,
7290003229208,false,פסטרמה ספרדית 2% טירת צבי 360 גרם,תנובה מרכז שיתופי לשיווק תוצרת,,,"י""ח",360,ל גרם,false,1,29.90,8.31,false,1,
7290003229215,false,פסטרמה איטלקית 3.5% טירת צבי 360 גרם,תנובה מרכז שיתופי לשיווק תוצרת,,,"י""ח",360,ל גרם,false,1,29.90,8.31,false,1,
7290003258284,false,"קרם גוף מס' 3 350 מ""ל פנינה רוזנבלום",פנינה רוזנבלום בעמ,,,"י""ח",400,"ל מ""ל",false,1,28.90,7.23,false,1,
7290003321155,false,יוגורט בר עם פקאן מצופה שוקולד 183 ג' דנונה,שטראוס גרופ בעמ/מצונן,,,"י""ח",175,"ל מ""ל",false,1,4.80,2.74,false,1,
7290003364794,false,בובות פרווה,צעצועי דורון ~~~,,,"י""ח",1,,false,1,33,33,false,1,
7290003401420,false,"קרם לחות לשיער סיליקון כתום נטורל 400 מ""ל",החברה הדרומית לשיווק בעמ,,,"י""ח",400,"ל מ""ל",false,1,24.90,6.23,false,1,
7290003411757,false,"צלחות 1 ק""ג הנמל",הנמל אריזות ושווק בעמ,,,"י""ח",1,"ק""ג",false,1,34.90,34.90,false,1,
7290003427154,false,"שמן זית כתית מעולה טעם מעודן זיתא 750 מ""ל",תה ויסוצקי (ישראל) בעמ,,,"י""ח",750,"ל מ""ל",false,1,37.90,5.05,true,1,
7290003438006,false,ממרח אולביה פסטו וצנובר איטלקי 190ג',תה ויסוצקי (ישראל) בעמ,,,"י""ח",190,ל גרם,false,1,15.50,8.16,true,1,
7290003438013,false,7290003אוליביה ממרח זיתים ירוקים 190 גרם,תה ויסוצקי (ישראל) בעמ,,,"י""ח",190,ל גרם,false,1,15.50,8.16,true,1,
7290003438020,false,אוליביה ממרח עגבניות מיובשות (190 גרם),תה ויסוצקי (ישראל) בעמ,,,"י""ח",190,ל גרם,false,1,15.50,8.16,true,1,
7290003457991,false,טילון קורנטו וניל עם וופל ואגוזי לוז מסוכרים,"גלידת שטראוס בע""\מ, רחוב",,,"י""ח",1,,false,1,34.90,34.90,false,1,
7290003550753,false,נתחי טונה בהירה בשמן פוסידון (108x4 גרם),נטו מילנדה סחר בעמ*,,,"י""ח",340,ל גרם,false,1,23.90,7.03,false,1,
7290003578061,false,לבבות דקל שלמים וילי פוד (400 גרם),ג.וילי-פוד אינטרנשיונל בעמ,,,"י""ח",400,ל גרם,false,1,11.90,2.98,false,1,
7290003578290,false,וילי פוד מקלוני אורז בדץ 300ג,ג. וילי-פוד אינטרנשיונל בע`מ,,,"י""ח",300,ל גרם,false,1,6.90,2.30,false,1,
7290003578313,false,דובדבנים ללא חרצנים ויליפוד 680 גרם,ג. וילי-פוד אינטרנשיונל בע`מ,,,"י""ח",720,ל גרם,false,1,10.90,1.51,false,1,
7290003643004,false,אורז בסמטי קלאסי סוגת (1 קג),האי נאם סי או אל.טי.,,,"י""ח",1,"ק""ג",false,1,13.90,13.90,false,1,
7290003643387,false,סוכר לבן בצנצנת פלסטיק 1 ק`ג,האי נאם סי או אל.טי.,,,"י""ח",1,"ק""ג",false,1,8.90,8.90,false,1,
7290003643646,false,"סוכר דמררה קלאסי בצנצנת סוגת 1 ק""ג",האי נאם סי או אל.טי.,,,"י""ח",1,"ק""ג",false,1,13.90,13.90,false,1,
7290003643684,false,אפונה יבשה סוגת 500 גר',האי נאם סי או אל.טי.,,,"י""ח",500,ל גרם,false,1,6.90,1.38,true,1,
7290003643707,false,גריסים סוגת (500 גרם),"סוגת תעשיות בע""מ",,,"י""ח",500,ל גרם,false,1,5.80,1.16,true,1,
7290003643714,false,חומוס גרגירים 500 גרם סוגת,האי נאם סי או אל.טי.,,,"י""ח",500,ל גרם,false,1,8.90,1.78,true,1,
7290003643738,false,חיטה סוגת (500 גרם),האי נאם סי או אל.טי.,,,"י""ח",500,ל גרם,false,1,6.80,1.36,true,1,
7290003643752,false,עדשים ירוקים יבש סוגת 500 גר',האי נאם סי או אל.טי.,,,"י""ח",500,ל גרם,false,1,8.90,1.78,true,1,
7290003643776,false,"פופקורן גרעינים סוגת 500 ג' כשל""פ",האי נאם סי או אל.טי.,,,"י""ח",500,ל גרם,false,1,6.90,1.38,true,1,
7290003643806,false,שעועית לבנה יבשה סוגת (500 גרם),האי נאם סי או אל.טי.,,,"י""ח",500,ל גרם,false,1,13.80,2.76,true,1,
7290003643813,false,שעועית אדומה יבשה סוגת 500 גר',האי נאם סי או אל.טי.,,,"י""ח",500,ל גרם,false,1,13.70,2.74,true,1,
7290003643820,false,חומוס ענק יבש סוגת 500 גרם,"סוגת תעשיות בע""\מ",,,"י""ח",500,ל גרם,false,1,10.90,2.18,true,1,
7290003681303,false,שעועית מעורבת יבשה מיה 500 גר',מיה תעשיות מזון מ.ת.מ. בעמ,,,"י""ח",500,ל גרם,false,1,13.50,2.70,false,1,
7290003681334,false,"קוקוס 400 גרם מיה בד""צ",מיה תעשיות מזון מ.ת.מ. בעמ,,,"י""ח",400,ל גרם,false,1,11.90,2.98,false,1,
7290003681365,false,קישוט לעוגה צבעוני בבצנצנת מיה 80 גרם,מיה תעשיות מזון מ.ת.מ. בעמ,,,"י""ח",200,ל גרם,false,1,5.90,2.95,false,1,
7290003681716,false,גריסי פנינה מיה (500 גרם),מיה תעשיות מזון מ.ת.מ. בעמ,,,"י""ח",500,ל גרם,false,1,8.10,1.62,false,1,
7290003719259,false,לחם אקסקלוסיבי פרוס ליבו (1 קג),מאפית י את א ברמן בע,,,"י""ח",1,"ק""ג",false,1,15.90,15.90,false,1,
7290003744848,false,אובלטים גריל ברביקיו,שוקוטרייד בעמ,,,"י""ח",300,ל גרם,false,1,11.90,3.97,false,1,
7290003804252,false,תיבוליות לאורז בנוסח הודי קנור 80גרם,יוניליוור ישראל שיווק בע`מ,,,"י""ח",72,ל גרם,false,1,10.40,14.44,true,1,
7290003804320,false,תיבולית שום ופטרוזיליה קנור 72 גרם,יוניליוור ישראל שיווק בע`מ,,,"י""ח",72,ל גרם,false,1,10.40,14.44,true,1,
7290003804368,false,תיבוליות בזיליקום קנור (8 יח`- 72 גרם),יוניליוור ישראל שיווק בע`מ,,,"י""ח",72,ל גרם,false,1,10.40,14.44,true,1,
7290003804382,false,תיבוליות פטריות קנור (8 יח`- 72 גרם),יוניליוור ישראל שיווק בע`מ,,,"י""ח",72,ל גרם,false,1,10.40,14.44,true,1,
7290003805501,false,"פתית בסגנון שוודי תלמה בד""צ 300 גרם",יוניליוור ישראל שיווק בע`מ,,,"י""ח",300,ל גרם,false,1,18.70,6.23,false,1,
7290003805587,false,"פתית חיטה מלאה בד""צ 250 גרם-קופסא",יוניליוור ישראל שיווק בע`מ,,,"י""ח",250,ל גרם,false,1,18.70,7.48,false,1,
7290003807178,false,"רוטב קנור סויה בסגנון סיני 300 מ""ל",יוניליוור ישראל שיווק בע`מ,,,"י""ח",300,"ל מ""ל",false,1,11.90,3.97,true,1,
7290003807482,false,קנור רוטב טריאקי מופחת נתרן 370 גרם,יוניליוור ישראל שיווק בע`מ,,,"י""ח",370,"ל מ""ל",false,1,11.90,3.22,true,1,
7290003864478,false,סרדינים בשמן צמחי פתח קל ויליפוד 110 גרם,ג.וילי-פוד אינטרנשיונל בעמ,,,"י""ח",110,ל גרם,false,1,6.30,5.73,true,1,
7290003864485,false,סרדינים ברוטב עגבנ יות ויליפוד 110ג' פתח קל,ג. וילי-פוד אינטרנשיונל בע`מ,,,"י""ח",110,ל גרם,false,1,6.30,5.73,true,1,
7290003864492,false,סרדינים בשמן צמחי חריף פתח קל ויליפוד 110ג',ג. וילי-פוד אינטרנשיונל בע`מ,,,"י""ח",110,ל גרם,false,1,6.30,5.73,true,1,
7290003882922,false,עלי גפן ממולאים באורז וילי פוד 360 גרם,ג. וילי-פוד אינטרנשיונל בע`מ,,,"י""ח",400,ל גרם,false,1,8.90,2.23,false,1,
7290003903771,false,קפה נמס קפוצ'ינו רגיל 200 ג',שטראוס גרופ בע`מ,,,"י""ח",200,ל גרם,false,1,27.70,13.85,false,1,
7290003989096,false,סלט חצילים פיקנטי אחלה 500 גרם,שטראוס גרופ בעמ/מצונן,,,"י""ח",500,ל גרם,false,1,14.90,2.98,true,1,
7290003989539,false,רביולי עם גבינה שטראוס (400 גרם),שטראוס גרופ בעמ/מצונן,,,"י""ח",400,ל גרם,false,1,20.90,5.23,true,1,
7290003989553,false,פסטה טורטליני גבינה ופטריות 400 גרם,שטראוס גרופ בעמ/מצונן,,,"י""ח",400,ל גרם,false,1,21.70,5.43,true,1,
7290004061487,false,טבעות עוף700 גר`טופ שף,קפוא-זן תעשיות מזון בעמ - תפוג,,,"י""ח",700,ל גרם,false,1,16.90,2.41,true,1,
7290004063115,false,"מלח מטבח עבה להמלחת בשר ובישול 1 ק""ג 1ק""ג",האי נאם סי או אל.טי.,,,"י""ח",1,"ק""ג",false,1,2.07,2.07,false,1,
7290004078690,false,"אגקס נוזל לניקוי אסלות מרענן 750 מ""ל",הנסיך- מפעל לייצור ט,,,"י""ח",750,"ל מ""ל",false,1,15.90,2.12,true,1,
7290004119225,false,יופלה יוגורט בטעם אננס %3 150 גרם,תנובה מרכז שיתופי לש,,,"י""ח",150,"ל מ""ל",false,1,5.60,3.73,false,1,
7290004120061,false,מעדן חלב בטעם שוקו וניל שוניל 2% קרלו 125 גרם,תנובה מרכז שיתופי לש,,,"י""ח",125,"ל מ""ל",false,1,3.10,2.48,false,1,
7290004120108,false,יופלה דיאט יוגורט דובדבן %0 גביע 150גרם,תנובה מרכז שיתופי לש,,,"י""ח",150,"ל מ""ל",false,1,5.20,3.47,false,1,
7290004120566,false,גבינה בולגרית (25024% גרם)פיראוס תנובה,"תנובה בע""מ ***",,,"י""ח",250,ל גרם,false,1,23.90,9.56,true,1,
7290004120573,false,גבינה בולגרית (25016% גרם)פיראוס תנובה,תנובה מרכז שיתופי לש,,,"י""ח",250,ל גרם,false,1,23.90,9.56,false,1,
7290004120634,false,גבינה בולגרית (2505% גרם)פיראוס תנובה,תנובה מרכז שיתופי לש,,,"י""ח",250,ל גרם,false,1,23.90,9.56,true,1,
7290004121488,false,יוגורט ביו דיאט 0% אפרסק יופלה (150 גרם),תנובה מרכז שיתופי לש,,,"י""ח",150,"ל מ""ל",false,1,5.40,3.60,false,1,
7290004121853,false,גבינה בולגרית קוביות (2005% גרם)פיראוס,תנובה מרכז שיתופי לש,,,"י""ח",200,ל גרם,false,1,23.90,11.95,false,1,
7290004122119,false,פתיתי פרמזן לפסטה 23% השף הלבן 100 גרם,"תנובה בע""מ ***",,,"י""ח",100,ל גרם,false,1,13.90,13.90,true,1,
7290004122195,false,גוש חלב גבינה צהובה פרוסה 28% תנובה 200 גרם,"תנובה בע""מ ***",,,"י""ח",200,ל גרם,false,1,14.60,7.30,false,1,
7290004122270,false,עמק קלאסית פרוסות גבינה חצי קשה 28% 200 גרם,תנובה מרכז שיתופי לש,,,"י""ח",200,ל גרם,false,1,16.40,8.20,true,1,
7290004122348,false,גבינה צהובה מופחתת שומן 9% עמק (200 גרם),תנובה מרכז שיתופי לש,,,"י""ח",200,ל גרם,false,1,16.80,8.40,true,1,
7290004122676,false,גבינה חמד לייט (2505% גרם)פיראוס תנובה,"תנובה,מחלבת טנא נוגה",,,"י""ח",250,ל גרם,false,1,19.10,7.64,true,1,
7290004122683,false,עמק חטיף אצבעות גבינה חצי קשה 28% שומן,תנובה מרכז שיתופי לש,,,"י""ח",172,ל גרם,false,1,17.10,9.94,true,1,
7290004124205,false,יופלה דיאט יוגורט תות %0 גביע 150 גרם,תנובה מרכז שיתופי לש,,,"י""ח",150,"ל מ""ל",false,1,5.20,3.47,false,1,
7290004125370,false,"שמנת חמוצה 9% מופחתת שומן תנובה 200 מ""ל מהדרין",תנובה מרכז שיתופי לש,,,"י""ח",200,"ל מ""ל",false,1,3.70,1.85,false,1,
7290004125400,false,"אשל שלי מהדרין 200 מ""ל 4.5% ""תנובה""- מוצר בפיקוח",פארייפאבה אגרואינדוס,,,"י""ח",200,"ל מ""ל",false,1,1.69,0.85,false,1,
7290004125417,false,"גיל 3% שלי 200 מ""ל ""תנובה"" -מוצר בפיקוח",תנובה מרכז שיתופי לש,,,"י""ח",200,ל גרם,false,1,1.51,0.76,false,1,
7290004125455,false,"שמנת חמוצה 200 מ""ל 15% ""תנובה"" -מוצר בפיקוח",תנובה מרכז שיתופי לש,,,"י""ח",200,"ל מ""ל",false,1,2.40,1.20,false,1,
7290004125462,false,"שמנת חמוצה 15% תנובה 500 מ""ל מהדרין",תנובה מרכז שיתופי לש,,,"י""ח",500,"ל מ""ל",false,1,6,1.20,false,1,
7290004125509,false,"שמנת חמוצה 15% מועשרת תנובה 100 מ""ל",תנובה מרכז שיתופי לש,,,"י""ח",100,"ל מ""ל",false,1,1.80,1.80,false,1,
7290004125578,false,משקה סויה מעושר בסידן תנובה 1ל',תנובה מרכז שיתופי לש,,,"י""ח",1,ליטר,false,1,11.90,11.90,true,1,
7290004125585,false,משקה סויה בטעם וניל תנובה 1 ליטר,תנובה מרכז שיתופי לש,,,"י""ח",1,ליטר,false,1,11.90,11.90,true,1,
7290004125721,false,"השף הלבן שמנת עמידה לבישול 15% תנובה 250 מ""ל",תנובה מרכז שיתופי לש,,,"י""ח",250,"ל מ""ל",false,1,8.30,3.32,false,1,
7290004125738,false,שמנת מתוקה להקצפה32% 250מל עמיד השף הלבן,תנובה מרכז שיתופי לש,,,"י""ח",250,"ל מ""ל",false,1,6.80,2.72,false,1,
7290004125776,false,גבינה צהובה קלאסית 28% עמק (400 גרם),"תנובה בע""מ ***",,,"י""ח",400,ל גרם,false,1,30.30,7.58,true,1,
7290004126674,false,טל העמק פרוסות גבינה חצי קשה לייט %9 200 גרם בקופסא,תנובה מרכז שיתופי לש,,,"י""ח",200,ל גרם,false,1,18.80,9.40,false,1,
7290004126759,false,דאיט יופלה פירות יער טו יוג פרי 150גר.,"תנובה בע""מ ***",,,"י""ח",150,"ל מ""ל",false,1,5.20,3.47,false,1,
7290004127077,false,קוטג תנובה 3% גביע 250 גרם מהדרין,מיוצר עי קונדיטוריית,,,"י""ח",250,ל גרם,false,1,5.90,2.36,false,1,
7290004127329,false,קוטג תנובה גביע 250 גרם %5 ו.מהדרין,מיוצר עי קונדיטוריית,,,"י""ח",275,ל גרם,false,1,5.90,2.15,false,1,
7290004127336,false,קוטג תנובה גביע 250 גרם %9 ו.מהדרין,מיוצר עי קונדיטוריית,,,"י""ח",250,ל גרם,false,1,5.90,2.36,false,1,
7290004127800,false,"גבינה לבנה 500 גרם 5% ""תנובה"" -מוצר בפיקוח",מיוצר עי קונדיטוריית,,,"י""ח",500,ל גרם,false,1,9.96,1.99,false,1,
7290004127817,false,גבינה לבנה 9% שומן 500 ג' תנובה,מיוצר עי קונדיטוריית,,,"י""ח",500,ל גרם,false,1,9.50,1.90,false,1,
7290004127862,false,"גבינה לבנה 750 גרם 5% ""תנובה"" - מוצר בפיקוח",תנובה מרכז שיתופי לש,,,"י""ח",750,ל גרם,false,1,14.94,1.99,false,1,
7290004129101,false,גבינת שמנת 25% בטעם טבעי 225 ג' נפוליאון,תנובה מרכז שיתופי לש,,,"י""ח",225,ל גרם,false,1,15,6.67,false,1,
7290004129156,false,גבינת שמנת25% עם שום שמיר 225 ג' נפוליאון,תנובה מרכז שיתופי לש,,,"י""ח",225,ל גרם,false,1,15,6.67,false,1,
7290004130794,false,משקה סויה במתיקות מופחתת תנובה (1 ליטר),תנובה מרכז שיתופי לש,,,"י""ח",1,ליטר,false,1,11.90,11.90,true,1,
7290004130916,false,יוגורט יופלה פירות יער בשמנת 3% 150 גרם,תנובה מרכז שיתופי לש,,,"י""ח",150,"ל מ""ל",false,1,5.60,3.73,false,1,
7290004131074,false,"חלב 1 ליטר 3% קרטון ""תנובה""- מוצר בפיקוח",תנובה מרכז שיתופי לש,,,"י""ח",1,ליטר,false,1,6.23,6.23,false,1,
7290004131814,false,גבינת צפתית מעודנת (2005% גרם)פיראוס ת,פארייפאבה אגרואינדוס,,,"י""ח",200,ל גרם,false,1,15.90,7.95,false,1,
7290004132552,false,משקה סויה בטעם טבעי לייט תנובה 1 ליטר,תנובה מרכז שיתופי לש,,,"י""ח",1,ליטר,false,1,11.90,11.90,true,1,
7290004132712,false,חטיף אצבעות גבינת מוצרלה 20% 172 ג' עמק,תנובה מרכז שיתופי לש,,,"י""ח",172,ל גרם,false,1,17.10,9.94,true,1,
7290004132903,false,גבינה לבנה 3% מהדרין תנובה 250 גרם,תנובה מרכז שיתופי לש,,,"י""ח",250,ל גרם,false,1,4.70,1.88,false,1,
7290004133511,false,יופלה מאגדת לבן 1.5% מעודן 8 יח' * 150 ג',מיוצר עי קונדיטוריית,,,"י""ח",1.20,ליטר,false,1,20.80,17.33,false,1,
7290004134945,false,יוגורט ביו 3% בטעם מוקה יופלה (150 גרם),תנובה מרכז שיתופי לש,,,"י""ח",150,"ל מ""ל",false,1,5.60,3.73,false,1,
7290004135614,false,גבינה בולגרית מעודנת 5% פיראוס 250 גרם,"תנובה בע""מ ***",,,"י""ח",250,ל גרם,false,1,23.90,9.56,false,1,
7290004136857,false,מעדן ג`לי בטעם פטל תנובה (125 גרם),תנובה מרכז שיתופי לש,,,"י""ח",125,"ל מ""ל",false,1,2.70,2.16,false,1,
7290004136871,false,מעדן ג'לי בטעם אפרסק עם חתיכות תנובה 125 גרם,תנובה מרכז שיתופי לש,,,"י""ח",125,"ל מ""ל",false,1,2.90,2.32,false,1,
7290004137809,false,לאבנה אסלית 5% גביע (250 גרם)פיראוס תנו,"תנובה, מחלבת אלון תב",,,"י""ח",250,ל גרם,false,1,14,5.60,false,1,
7290004199203,false,קיסמי שיניים במבוק מלחיה לב הוסטס (300),הדקלאים אגודת שיתופי,,,"י""ח",1,,false,1,3.90,3.90,true,1,
7290004199579,false,פלסטר מעורב 100 יח' - SUNNY PLASTER,הדקלאים אגודת שיתופי,,,"י""ח",100,"י""ח",false,1,11.60,0.12,true,1,
7290004199777,false,צימרוני אוזניים פלסטיק בכוס 300 יחידות אינטרסאן,אינטרסן (1996) בעמ,,,"י""ח",1,,false,1,8.50,8.50,true,1,
7290004200282,false,פרסים רמה 7,שמחה זה אנחנו,,,"י""ח",1,,false,1,16.50,16.50,false,1,
7290004324605,false,גבינה מותכת למריחה בטעם רוקפור 7% מון בלאן 120 ג',נטו מילנדה סחר בעמ*,,,"י""ח",120,ל גרם,false,1,13.50,11.25,false,1,
7290004492274,false,בייגלה טבעות מלוחות בייגל בייגל 400 גרם,יוניליוור ישראל שיווק בע`מ,,,"י""ח",400,ל גרם,false,1,11.90,2.98,true,1,
7290004494131,false,יין דלתון קברנה סוביניון גליל,הכרם - משקאות חריפים בעמ,,,"י""ח",750,"ל מ""ל",false,1,50.90,6.75,false,1,
7290004494148,false,"דלתון גליל מרלו 750 מ""ל",הכרם - משקאות חריפים בעמ,,,"י""ח",750,"ל מ""ל",false,1,50.90,6.75,false,1,
7290004584351,false,גבינה לבנה סימפוניה עם תוספות 200 ג' חמישית 200,שטראוס גרופ בעמ/מצונן,,,"י""ח",200,ל גרם,false,1,12,6,true,1,
7290004584528,false,יוגורט דנונה ביו לבן 1.7% שומן 200 גרם,שטראוס גרופ בעמ/מצונן,,,"י""ח",200,"ל מ""ל",false,1,3.70,1.85,false,1,
7290004585907,false,דני ועדן וניל 1.5% 125ג' שטראוס,שטראוס גרופ בעמ/מצונן,,,"י""ח",130,"ל מ""ל",false,1,2.70,2.08,false,1,
7290004658847,false,"תירוש כרמל מיץ ענבים אדום, 187 מ""ל",אגודת הכורמים בעמ,,,"י""ח",187,"ל מ""ל",false,1,6.50,3.32,false,1,
7290004685126,false,לחם 5 דגנים פרוס לחם הארץ (750 גרם),מאפית י את א ברמן בע,,,"י""ח",750,ל גרם,false,1,15.90,2.12,false,1,
7290004685195,false,לחם 10 דגנים פרוס לחם הארץ (750 גרם),מאפית י את א ברמן בע,,,"י""ח",750,ל גרם,false,1,15.90,2.12,false,1,
7290004685225,false,לחם פומפרניקל פרוס לחם הארץ (750 גרם),מאפית י את א ברמן בע,,,"י""ח",750,ל גרם,false,1,15.90,2.12,false,1,
7290004685430,false,100% לחם כומסין 500 גר לחם הארץ,מאפית י את א ברמן בע,,,"י""ח",1,,false,1,16.90,16.90,false,1,
7290004731472,false,"שלישיית אלסבון צבעוני כיף 500 מ""ל",החברה הדרומית לשיווק בעמ,,,"י""ח",1.50,ליטר,false,1,18.90,12.60,false,1,
7290004731519,false,"מקסימה מרכך ומבשם כביסה למייבש סנסיטיב סנו 750 מ""ל",החברה הדרומית לשיווק בעמ,,,"י""ח",750,"ל מ""ל",false,1,19.90,2.65,true,1,
7290004737719,false,אספרגוס שלם מקולף בצנצנת ויליפוד 330 גרם,ג.וילי-פוד אינטרנשיונל בעמ,,,"י""ח",330,ל גרם,false,1,11.40,3.45,false,1,
7290005084355,false,סנסודין משחת שיניים דואל קר פלואוריד 75,גלקסו סמית קליין,,,"י""ח",75,ל גרם,false,1,23.90,31.87,true,1,
7290005111761,false,"מזון לכלבים בונזו מזון כלבים בשר 3 ק""ג",דיפלומט מפיצים (1968) בעמ**,,,"י""ח",3,"ק""ג",false,1,45.90,15.30,false,1,
7290005174513,false,חציל על האש במיונז אחלה 400 גרם+225גר,שטראוס גרופ בעמ/מצונן,,,"י""ח",500,ל גרם,false,1,14.90,2.98,true,1,
7290005174551,false,סלט חומוס עם צנוברים 125 ג' אחלה,שטראוס גרופ בעמ/מצונן,,,"י""ח",125,ל גרם,false,1,5.70,4.56,false,1,
7290005174575,false,טחינה אחלה יום יום משובחת 125ג',שטראוס גרופ בעמ/מצונן,,,"י""ח",125,ל גרם,false,1,5.70,4.56,false,1,
7290005197758,false,"עוגיות חיוכים שוקולד עלית 150 גרם בד""צ",אפיפית נצרת תעשיות ב,,,"י""ח",150,ל גרם,false,1,6.50,4.33,false,1,
7290005200786,false,תפוצ'יפס בטעם שמנת בצל עלית 50 גרם,"שטראוס פריטו ליי בע""\מ )",,,"י""ח",50,ל גרם,false,1,4.40,8.80,false,1,
7290005287206,false,רביעיית טונה בשמן סטארקיסט 160 גרם,דיפלומט מפיצים (1968) בעמ**,,,"י""ח",640,ל גרם,false,1,27.90,4.36,true,1,
7290005287251,false,רביעיית טונה במים סטארקיסט 160 גרם,דיפלומט מפיצים (1968) בעמ**,,,"י""ח",640,ל גרם,false,1,27.90,4.36,true,1,
7290005317200,false,קרקר טופז טעמים שונים 110 גר,ח.כהן סוכנות מזון ומשקאות בע,,,"י""ח",110,ל גרם,false,1,3.90,3.55,true,1,
7290005423253,false,"סנו - מקסימה מרסס למייבש כביסה אולטרה פרש 750 מ""ל",החברה הדרומית לשיווק בעמ,,,"י""ח",750,"ל מ""ל",false,1,19.90,2.65,true,1,
7290005423734,false,מרכך כביסה מרוכז אולטרא פרש סנו מקסימה 4 ליטר,החברה הדרומית לשיווק בעמ,,,"י""ח",4,ליטר,false,1,21.90,5.48,false,1,
7290005423918,false,סנו - מקסימה מרכך כביסה היפואלרגני אלוורה 4 ליטר,החברה הדרומית לשיווק בעמ,,,"י""ח",4,ליטר,false,1,21.90,5.48,false,1,
7290005424403,false,"אל סבון כיף אצות ים קטיפתי 1ליטר,",החברה הדרומית לשיווק בעמ,,,"י""ח",1,ליטר,false,1,14.90,14.90,false,1,
7290005424847,false,"מפיות סופט לבנות לשולחן (150 יח') ""סנו""",החברה הדרומית לשיווק בעמ,,,"י""ח",150,"י""ח",false,1,7.90,0.05,false,1,
7290005424915,false,"סנומוד מבשם אויר בניחוח לבנדר פטצ'ולי סנו 150 מ""ל",החברה הדרומית לשיווק בעמ,,,"י""ח",150,"ל מ""ל",false,1,12.90,8.60,false,1,
7290005425202,false,אבקת כביסה ביו מקסימה לכתמים קשים,החברה הדרומית לשיווק בעמ,,,"י""ח",2.50,"ק""ג",false,1,26.90,10.76,false,1,
7290005425646,false,קליר נוזל לניקוי חלונות רב תכליתי סנו 1 ליטר,החברה הדרומית לשיווק בעמ,,,"י""ח",1,ליטר,false,1,12.90,12.90,false,1,
7290005426803,false,מקסימה מרכך כביסה פצ'ולי לבנדר סגול סנו 4 ליטר,החברה הדרומית לשיווק בעמ,,,"י""ח",4,ליטר,false,1,21.90,5.48,false,1,
7290005426971,false,סנובון סבון לאסלה תפוח כחול סנו 3 יחידות,החברה הדרומית לשיווק בעמ,,,"י""ח",165,ל גרם,false,1,17.90,10.85,true,1,
7290005427107,false,סנו - סושי מגבות נייר הפלא 6 יחידות,החברה הדרומית לשיווק בעמ,,,"י""ח",570,ל גרם,false,1,13.90,2.44,false,1,
7290005427633,false,"כיף גל לשיער לשיער חזק במיוחד 1 ק""ג",החב הדרומית לשיווק,,,"י""ח",1,"ק""ג",false,1,22.90,22.90,false,1,
7290005428852,false,ממחטות טישו צבעוניים סנו סופט 5 יח' *100דף,החברה הדרומית לשיווק בעמ,,,"י""ח",650,ל גרם,false,1,13.90,2.14,false,1,
7290005429286,false,"אבקת כביסה מקסימה ביו 6 ק""ג סנו",החברה הדרומית לשיווק בעמ,,,"י""ח",6,"ק""ג",false,1,49.90,8.32,false,1,
7290005430602,false,"סנו אוקסיג'ן ספריי להסרת כתמים עם חמצן פעיל 750 מ""ל",החברה הדרומית לשיווק בעמ,,,"י""ח",750,"ל מ""ל",false,1,18.90,2.52,false,1,
7290005430671,false,פוליויקס נוזל לניקוי קרמיקה סנו 2 ליטר,החברה הדרומית לשיווק בעמ,,,"י""ח",2,ליטר,false,1,20.90,10.45,true,1,
7290005437861,false,קוקטייל פירות טרופיים בסירופ קל טעמן 825 גרם,טעמן שיווק מזון בעמ,,,"י""ח",900,ל גרם,false,1,11.90,1.32,false,1,
7290005509445,false,עוגיות מיני קוקיס חמאה בצנצנת כרמית 600 גרם,כרמית תעשיות ממתקים בעמ,,,"י""ח",600,"ס""מ",false,1,16.90,2.82,false,1,
7290005591761,false,דבש טהור מפרחי בר בלחיץ 400 ג' יד מרדכי,מכוורת יד מרדכי שטרא,,,"י""ח",400,ל גרם,false,1,24.90,6.23,false,1,
7290005651069,false,"מזון חתולים לה קט מיקס 2.85 ק""ג",דיפלומט מפיצים (1968) בעמ**,,,"י""ח",2.85,"ק""ג",false,1,69.90,24.53,false,1,
7290005678516,false,ענבים טלי לבן,ביכורי השדה צפון 1994 ג.ד. בעמ,,,"ק""ג",1,,true,1,23.90,23.90,false,1,
7290005680052,false,טמפונים סופר פלוס אובה 32 יחידות,גונסון אנד גונסון,,,"י""ח",1,,false,1,24.90,24.90,false,1,
7290005733116,false,דפי קסם לחנוכה (נא השאירו את ההגדרה: צעצועי דורון),צעצועי דורון ~~~,,,"י""ח",1,,false,1,12.90,12.90,false,1,
7290005735523,false,כלי רכב (י),צעצועי דורון ~~~,,,"י""ח",1,,false,1,22.30,22.30,false,1,
7290005838002,false,מעדן גבינה ויוגורט בטעם וניל 88 ג' דניאלה,שטראוס גרופ בעמ/מצונן,,,"י""ח",150,"ל מ""ל",false,1,4.30,2.87,false,1,
7290005839078,false,שמיניית יוגורט לבן 3% ביו דנונה 150 גרם,שטראוס גרופ בעמ/מצונן,,,"י""ח",1.20,ליטר,false,1,17.60,14.67,false,1,
7290005839108,false,גבינה לבנה סימפוניה עם תוספות 200 ג'+זיתים 5%,שטראוס גרופ בעמ/מצונן,,,"י""ח",200,ל גרם,false,1,12,6,true,1,
7290005839313,false,מילקי Top עם שוקולדה מגולגלת 140 גרם,שטראוס גרופ בעמ/מצונן,,,"י""ח",130,"ל מ""ל",false,1,5,3.85,false,1,
7290005992575,false,גבינה בולגרית למריחה 5% גד (250 גרם),מחלבות גד שיווק 1992 בעמ,,,"י""ח",250,ל גרם,false,1,18.20,7.28,true,1,
7290005992735,false,לאבנה טבעית 5% 250 גר' - רבנות,מחלבות גד שיווק 1992 בעמ,,,"י""ח",250,ל גרם,false,1,12.90,5.16,true,1,
7290006185204,false,"קרם לחות לשיער יבש 400 מ""ל פנינה רוזנבלום",פנינה רוזנבלום בעמ,,,"י""ח",500,"ל מ""ל",false,1,19.10,3.82,false,1,
7290006185501,false,"פנינה רוזנבלום -אל סבון נוזלי ורוד,1 ליטר","פנינה רוזנבלום בע""מ",,,"י""ח",1,ליטר,false,1,10.90,10.90,true,1,
7290006241191,false,אגוזי מלך טבעיים קליית גת (150 גרם),הדקלאים אגודת שיתופי,,,"י""ח",150,ל גרם,false,1,17.90,11.93,true,1,
7290006241504,false,"משקה תפוזים קפוא פריגת 340 מ""ל",החברה המרכזית טלהפצת משקאות בע,,,"י""ח",280,ל גרם,false,1,14.20,4.96,false,1,
7290006241535,false,"משקה מנגו קפוא פריגת 340 מ""ל",*החברה המרכזית להפצת משקאותבעמ,,,"י""ח",280,ל גרם,false,1,13.90,4.96,false,1,
7290006251107,false,תה צ'אי מסאלה ויסוצקי 25 יחידות,תה ויסוצקי (ישראל) בעמ,,,"י""ח",50,ל גרם,false,1,19.90,39.80,false,1,
7290006251275,false,תה ירוק סיני קלאסי ויסוצקי 25 יחידות,תה ויסוצקי (ישראל) בעמ,,,"י""ח",37.50,ל גרם,false,1,25.90,69.07,true,1,
7290006251343,false,חליטת פסיפלורה מנגו הגן הקסום ויסוצקי 25 יחידות,תה ויסוצקי (ישראל) בעמ,,,"י""ח",62.50,ל גרם,false,1,18.90,30.24,true,1,
7290006251374,false,תה ירוק לימונית וג'ינג'ר ויסוצקי 25 יחידות,תה ויסוצקי (ישראל) בעמ,,,"י""ח",25,ל גרם,false,1,25.90,103.60,true,1,
7290006251589,false,תה ירוק עם עלי נענע 50 שקיקים ויסוצקי,תה ויסוצקי (ישראל) בעמ,,,"י""ח",75,ל גרם,false,1,48.90,65.20,true,1,
7290006265500,false,פטריות שמפיניון ארוז מרינה,קונס`-מרינה פטריות הגליל בעמ*ש,,,"י""ח",1,,false,1,11.90,11.90,true,1,
7290006271655,false,מיני בורקס במילוי גבינה מעדנות (800 גרם),תנובה מרכז שיתופי לשיווק תוצרת,,,"י""ח",800,ל גרם,false,1,28.30,3.54,false,1,
7290006374738,false,קונפיטורה תות יד מרדכי בטעם תות,אף.סי תבליני בגליל ב,,,"י""ח",340,ל גרם,false,1,15.60,4.59,false,1,
7290006380142,false,גזר טרי ארוז,ביכורי השדה צפון 1994 ג.ד. בעמ,,,"ק""ג",1,"ק""ג",true,1,3.90,3.90,false,1,
7290006492616,false,גבינה בולגרית מעודנת פרוסות 5% גד 250 גרם,מחלבות גד שיווק 1992 בעמ,,,"י""ח",250,ל גרם,false,1,27.50,11,true,1,
7290006492685,false,גבינת לאבנה עיזים 5% גד (250 גרם),מחלבות גד שיווק 1992 בעמ,,,"י""ח",250,ל גרם,false,1,20.60,8.24,true,1,
7290006494924,false,טוסו וופל קלאסי במילוי קרם לימון 200 גרם,"דנשר (1963) בע,מ",,,"י""ח",180,ל גרם,false,1,7.80,4.33,false,1,
7290006498052,false,דנונה ביו יוגורט טבעי מהדרין 3% 150 ג',שטראוס גרופ בעמ/מצונן,,,"י""ח",150,"ל מ""ל",false,1,3.10,2.07,false,1,
7290006511751,false,פטריות שמפניון חתוך ויליפוד 290X3 ג' בד”צ,ג.וילי-פוד אינטרנשיונל בעמ,,,"י""ח",870,ל גרם,false,1,11.90,1.37,false,1,
7290006546302,false,"צ'יפס קיטרינג פרי גליל 1.5 ק""ג",ויטה- פרי גליל (החדשה) בעמ,,,"י""ח",1.50,"ק""ג",false,1,21.90,14.60,true,1,
7290006546319,false,"סטייק צ'יפס פרי הגליל 1.5 ק""ג",ויטה- פרי גליל (החדשה) בעמ,,,"י""ח",700,ל גרם,false,1,21.90,3.13,true,1,
7290006546524,false,צי'פס מובחר קפוא פרי גליל 800 ג',נטו מלינדה סחר בעמ,,,"י""ח",800,ל גרם,false,1,14.90,1.86,false,1,
7290006618078,false,"מרסס לניקוי יסודי מטבח אסטוניש 750 מ""ל","יעקב יעקבי ובניו בע""מ",,,"י""ח",750,"ל מ""ל",false,1,16.90,2.25,true,1,
7290006618610,false,הפי ספוגיות לניקוי כלים חלביים ובשריים יעקבי 6 יחידות,יעקב יעקבי ובניו בעמ,,,"י""ח",1,,false,1,11.20,11.20,false,1,
7290006644527,false,תפוזינה תות בננה 0.5 ליטר,יפאורה שותפות מוגבלת לשיווק,,,"י""ח",500,"ל מ""ל",false,1,5.90,1.12,true,1,
7290006652027,false,במבה חטיף בוטנים אסם 20*15 גרם,קבוצת אוסם סחר שותפות מוגבלת,,,"י""ח",300,ל גרם,false,1,27.70,9.23,true,1,
7290006653819,false,קוסקוס אמיתי דק בשקית 350 גרם,קבוצת אוסם סחר שותפות מוגבלת,,,"י""ח",350,ל גרם,false,1,9.20,2.63,false,1,
7290006664037,false,גמדים סופר ארוחת בוקר דגנים 4*100גר,שטראוס גרופ בעמ/מצונן,,,"י""ח",400,"ל מ""ל",false,1,11.90,2.98,true,1,
7290006664402,false,גבינה לבנה סקי 5% שומן 750 גרם,שטראוס גרופ בעמ/מצונן,,,"י""ח",750,ל גרם,false,1,14.25,1.90,false,1,
7290006664655,false,דנונה Actimel יוגורט טבעי 8*100 מ``ל,שטראוס גרופ בעמ/מצונן,,,"י""ח",800,"ל מ""ל",false,1,22.70,2.84,false,1,
7290006664990,false,"יוגורט דנונה ביו לבן 1.7% שומן 8*150 מ""ל",שטראוס גרופ בעמ/מצונן,,,"י""ח",1.20,ליטר,false,1,17.60,14.67,false,1,
7290006681553,false,קרמבו בטעם וניל שטראוס 8 יחידות,"גלידות שטראוס בע""מ",,,"י""ח",8,"י""ח",false,1,15.90,1.99,false,1,
7290006681560,false,קרמבו בטעם מוקה שטראוס 8 יחידות,"גלידות שטראוס בע""מ",,,"י""ח",8,"י""ח",false,1,15.90,1.99,false,1,
7290006739346,false,נקניקיות פרגיות טרי 400 גרם זוגלובק,נקניק נהריה כשר זוגל,,,"י""ח",400,ל גרם,false,1,23.20,5.80,true,1,
7290006741363,false,בורקס תפוחי אדמה זוגלובק 800 גרם,מאפיית אריאל וגידרון,,,"י""ח",800,ל גרם,false,1,19.40,2.43,true,1,
7290006741387,false,מלווח תימני זוגלובק בד`צ 700 גרם קפוא,נקניק נהריה כשר זוגל,,,"י""ח",700,ל גרם,false,1,17.90,2.56,true,1,
7290006775016,false,עוגת תפוז אחוה (450 גרם)אחוה,אחדות ביתחרושת לטחינה חלבה,,,"י""ח",450,ל גרם,false,1,10.90,2.42,false,1,
7290006775047,false,עוגת שוקולד אחוה (450 גרם)אחוה,אחדות ביתחרושת לטחינה חלבה,,,"י""ח",450,ל גרם,false,1,10.90,2.42,false,1,
7290006775054,false,עוגת שיש אחוה (450 גרם)אחוה,אחדות ביתחרושת לטחינה חלבה,,,"י""ח",450,ל גרם,false,1,10.90,2.42,false,1,
7290006804907,false,פיתה אסלית אפויה קפואה (חמישיות),קונסיגנציה ג`נרל מילס ישראל בע,,,"י""ח",1,,false,1,7.90,7.90,true,1,
7290006805355,false,"פילסברי, כדורים בטעם שוקולד, תערובת להכנת כדורים בטעם שוקולד. 500 גרם.",הדקלאים אגודת שיתופי,,,"י""ח",500,ל גרם,false,1,21.20,4.24,false,1,
7290006878106,false,כרוב לבן,ביכורי השדה צפון 1994 ג.ד. בעמ,,,"ק""ג",1,,true,1,2.90,2.90,false,1,
7290006983152,false,קרוטונים מתובלים למרק אסם (400 גרם),קבוצת אוסם סחר שותפות מוגבלת,,,"י""ח",400,ל גרם,false,1,20.50,5.13,false,1,
7290006983176,false,קרקר לחמית שיפון אסם (230 גרם),קבוצת אוסם סחר שותפות מוגבלת,,,"י""ח",230,ל גרם,false,1,9.90,4.30,true,1,
7290006983206,false,תערובת להכנת פלפל קלי קלות 180 גרם,קבוצת אוסם סחר שותפות מוגבלת,,,"י""ח",90,ל גרם,false,1,11.30,12.56,false,1,
7290006983770,false,עוגת הבית שיש אסם (400 גרם),קבוצת אוסם סחר שותפות מוגבלת,,,"י""ח",400,ל גרם,false,1,14.10,3.53,false,1,
7290008000826,false,"משחת שיניים לילדים בטעם פירות לגילאים 2-6 כצט 50 מ""ל",גורי ע.ע.ע. בע`מ,,,"י""ח",50,ל גרם,false,1,10.90,21.80,false,1,
7290008154222,false,שניצלונים עוף טוב 700 גרם,קבוצת אוסם סחר-שות.מוגבלת,,,"י""ח",700,ל גרם,false,1,15.90,2.27,true,1,
7290008175173,false,חמאה מפינלנד ללא מלח 200 גרם ויליפוד,ג.וילי-פוד אינטרנשיונל **גבינו,,,"י""ח",200,ל גרם,false,1,10.90,5.45,false,1,
7290008190909,false,עוגיות מיני קוקיס שוקולד צ'יפס בצנצנת כרמית 600 גרם,כרמית תעשיות ממתקים בעמ,,,"י""ח",600,ל גרם,false,1,16.90,2.82,false,1,
7290008190985,false,לקקנים בטעם גלידה 450גר 50יח`,כרמית תעשיות ממתקים בעמ,,,"י""ח",500,ל גרם,false,1,17.90,3.58,true,1,
7290008343466,false,בצק פילו שלושת האופים (500 גרם),שלושת האופים שגמור,,,"י""ח",500,ל גרם,false,1,21.90,4.38,true,1,
7290008343558,false,סיגרים במילוי בשר פיקנטי 1 ק``ג קפוא,נטו מלינדה סחר בע`מ,,,"י""ח",1,"ק""ג",false,1,21.90,21.90,true,1,
7290008343572,false,אגרול סיני 1 קג -שלושת האופים,נטו מלינדה סחר בע`מ,,,"י""ח",1,"ק""ג",false,1,22.90,22.90,false,1,
7290008343619,false,"פסטלים תפו""א שלושת האופים 1 ק""ג",נטו מלינדה סחר בע`מ,,,"י""ח",1,"ק""ג",false,1,21.90,21.90,false,1,
7290008344258,false,המבורגר מיזרחי 400 גר`טיבונוויל,"טיבון ויל אחזקות בע""\מ",,,"י""ח",400,ל גרם,false,1,25.50,6.38,true,1,
7290008409100,false,אצבעות שניצל בציפוי שומשום מאמא עוף 700 גרם,תנובה גליל שותפות מוגבלת,,,"י""ח",600,ל גרם,false,1,39.40,6.57,false,1,
7290008409124,false,מאמא עוף קפוא שניצל ג'ונגל פריך 700 גרם,תנובה מרכז שיתופי לשיווק תוצרת,,,"י""ח",700,ל גרם,false,1,39.40,5.63,false,1,
7290008409551,false,שניצל עוף אמיתי בציפוי מעודן 700 ג' מאמא עוף,תנובה מרכז שיתופי לשיווק תוצרת,,,"י""ח",700,ל גרם,false,1,45.90,6.56,false,1,
7290008409605,false,כוכבי עוף בציפוי מעודן מאמא עף 700 גרם,תנובה מרכז שיתופי לשיווק תוצרת,,,"י""ח",700,ל גרם,false,1,39.40,5.63,false,1,
7290008415514,false,צבר חומוס עם חריף עגול 150 גרם,קבוצת אוסם סחר שותפות מוגבלת,,,"י""ח",150,ל גרם,false,1,5.80,3.87,false,1,
7290008443630,false,"שמפו לשיער מתולתל סגול נקה 7 750 מ""ל",החברה הדרומית לשיווק בעמ,,,"י""ח",750,"ל מ""ל",false,1,12.90,1.72,false,1,
7290008443647,false,"מרכך לשיער מתולתל סגול, 750 מ""ל נקה 7",החברה הדרומית לשיווק בעמ,,,"י""ח",750,"ל מ""ל",false,1,12.90,1.72,false,1,
7290008461238,false,"סרדינים בשמן חמניות ופלפל חריף רוברט 84 גרם, 115 גרם",א. סיימן סחר בעמ,,,"י""ח",115,ל גרם,false,1,7.90,6.87,true,1,
7290008462204,false,חרדל דיז'ון מקורי נטו מאי 380 גרם,א. סיימן סחר בעמ,,,"י""ח",380,ל גרם,false,1,16.90,4.45,true,1,
7290008464345,false,"בירה גולדסטאר, בקבוק 330 מ''ל",פארייפאבה אגרואינדוס,,,"י""ח",330,"ל מ""ל",false,1,4.90,1.39,false,1,
7290008466660,false,מארז רוגלך מחנה יהודה 500 גר`,הלל בן הלל שיווק ומסחר בעמ,,,"י""ח",500,ל גרם,false,1,17.90,3.58,true,1,
7290008609531,false,נייר אפייה 50 יח`פאלאס,פאלאס תעשיות נטו (2014) בעמ,,,"י""ח",1,,false,1,9.90,9.90,false,1,
7290008634533,false,"ספוג+סקוטש עשיריה ""UNISUN""",אינטרסן (1996) בעמ,,,"י""ח",1,,false,1,4.50,4.50,false,1,
7290008634663,false,בקבוק לתינוק +0 טוליפס) (3,אינטרסן (1996) בעמ,,,"י""ח",1,,false,1,15.90,15.90,false,1,
7290008636650,false,קמח מצה מיה 500 גרם,מיה תעשיות מזון מ.ת.מ. בעמ,,,"י""ח",500,ל גרם,false,1,9.40,1.88,false,1,
7290008636926,false,קקאו הולנדי בשקית מיה 500 גרם,מיה תעשיות מזון מ.ת.מ. בעמ,,,"י""ח",500,ל גרם,false,1,19.90,3.98,false,1,
7290008636933,false,אגוזי מלך גרוסים מיה 100 גרם,מיה תעשיות מזון מ.ת.מ. בעמ,,,"י""ח",100,ל גרם,false,1,11.90,11.90,false,1,
7290008636995,false,גרעיני דלעת קלופים מיה 100 גרם,מיה תעשיות מזון מ.ת.מ. בעמ,,,"י""ח",100,ל גרם,false,1,7.50,7.50,false,1,
7290008644112,false,אחלה יום יום סלט מטבוחה יום יום 125 גרם,שטראוס גרופ בעמ/מצונן,,,"י""ח",125,ל גרם,false,1,5.70,4.56,false,1,
7290008690713,false,נקטר חמוציות אושן ספריי פריגת (1 ליטר),החברה המרכזית להפצת משקאות בעמ,,,"י""ח",1,ליטר,false,1,13.90,13.90,false,1,
7290008693134,false,מעדן גבינה ויוגורט בטעם תות 5% שומן 88 ג' דניאלה,שטראוס גרופ בעמ/מצונן,,,"י""ח",150,"ל מ""ל",false,1,4.30,2.87,false,1,
7290008713900,false,לחם שיפון עגול פרוס אחדות (750 גרם),מאפיית אנג'\ל אורנים מאפ,,,"י""ח",750,ל גרם,false,1,12.90,1.72,false,1,
7290008713917,false,לחם שיפון כהה פרוס מאפיית אחדות 750 גרם,מאפיית שלמה א. אנג'\ל בע,,,"י""ח",750,ל גרם,false,1,12.90,1.72,false,1,
7290008745239,false,תפוצ'יפס קראנצ' בטעם טבעי עלית 50 גרם,"שטראוס פריטו ליי בע""\מ )",,,"י""ח",55,ל גרם,false,1,4.40,8,false,1,
7290008752244,false,תפוצ'יפס קראנץ' בטעם גריל עלית 50 גרם,"שטראוס פריטו ליי בע""\מ )",,,"י""ח",50,ל גרם,false,1,4.40,8.80,false,1,
7290008753111,false,תפוצ'יפס קראנץ' בטעם מקסיקני עלית 50 גרם,"שטראוס פריטו ליי בע""\מ )",,,"י""ח",50,ל גרם,false,1,4.40,8.80,false,1,
7290008754415,false,גומי מאסט בטעם ספירמינט עדין פליפטופ 28 ג' עלית,שטראוס גרופ בע`מ,,,"י""ח",28,ל גרם,false,1,4.70,16.79,false,1,
7290008757980,false,קרטונית ספרינג נקטר רימונים 1 ליטר,יפאורה שותפות מוגבלת לשיווק,,,"י""ח",1,ליטר,false,1,6.90,6.90,true,1,
7290008775816,false,ערגליות עוגיות במילוי שוקולד אסם 300 גרם,קבוצת אוסם סחר שותפות מוגבלת,,,"י""ח",300,ל גרם,false,1,10.90,3.63,true,1,
7290008775823,false,ערגליות עוגיות תות שדה אסם 300 גרם,קבוצת אוסם סחר שותפות מוגבלת,,,"י""ח",300,ל גרם,false,1,10.90,3.63,true,1,
7290008801119,false,סלקטד סוביניון בלאן יקבי כרמל (750 מל),אגודת הכורמים הקואופרטיב,,,"י""ח",750,"ל מ""ל",false,1,29.90,3.95,true,1,
7290008806985,false,נישנושים גלידה שוקו וניל בציפוי שוקולד 60 יח' קרמיסימו,"גלידת שטראוס בע""\מ, רחוב",,,"י""ח",630,ל גרם,false,1,49.90,7.92,false,1,
7290008909761,false,"קרלסברג בקבוק יחיד 330מ""ל",החברה המרכזית להפצת משקאות בעמ,,,"י""ח",330,"ל מ""ל",false,1,8.80,2.58,true,1,
7290008909778,false,"קרלסברג שישייה 330מ""ל",החברה המרכזית להפצת משקאות בעמ,,,"י""ח",1.98,ליטר,false,1,49.50,24.09,true,1,
7290008909853,false,"קוקה קולה זירו בקבוק 500 מ""ל.",החברה המרכזית להפצת משקאות בעמ,,,"י""ח",500,"ל מ""ל",false,1,7.90,1.52,true,1,
7290008945202,false,שקיות אשפה לפח ענק 90x75 גלילונית) (50,"קילט ניהול פרוייקטים בע""מ",,,"י""ח",1,,false,1,16.90,16.90,false,1,
7290008975551,false,תחליף חלב מטרנה מהדרין שלב 3 חלבי 700 גרם,קבוצת אוסם סחר שותפות מוגבלת,,,"י""ח",700,ל גרם,false,1,49.90,7.13,false,1,
7290008989169,false,"אורז תפוח בשקית בטר אנד דיפרנט 500 גרם לל""ג",בטר אנד דיפרנט בעמ,,,"י""ח",500,ל גרם,false,1,19.90,3.98,false,1,
7290009076509,false,חמישיית פיתות אפיה במקום אנג'ל,שלמה א.אנג ל בעמ,,,"י""ח",1,,false,1,7.90,7.90,true,1,
7290010002023,false,כורכום הודי טחון תבליני מימון 100 גרם,א.ל. ייצור ושיווק תבלינים בע`מ,,,"י""ח",100,ל גרם,false,1,12.90,12.90,false,1,
7290010002047,false,תבלין מלח לימון תבליני מימון 200 גרם,א.ל. ייצור ושיווק תבלינים בע`מ,,,"י""ח",200,ל גרם,false,1,9.90,4.95,false,1,
7290010002108,false,תבלין פלפל שחור גרוס גס תבליני מימון 90,א.ל. ייצור ושיווק תבלינים בע`מ,,,"י""ח",90,ל גרם,false,1,14.90,16.56,false,1,
7290010002146,false,פפריקה מרוקאית מתוקה תבליני מימון 100 גרם,א.ל. ייצור ושיווק תבלינים בע`מ,,,"י""ח",100,ל גרם,false,1,12.90,12.90,false,1,
7290010002207,false,תבלין קינמון טחון תבליני מימון 100 גרם,א.ל. ייצור ושיווק תבלינים בע`מ,,,"י""ח",100,ל גרם,false,1,9.90,9.90,false,1,
7290010002306,false,תיבול לקציצות תבליני מימון 100 גרם,א.ל.ייצור ושיווק תבלינים בעמ,,,"י""ח",100,ל גרם,false,1,12.90,12.90,false,1,
7290010002313,false,תבלין ראס אל חנות תבליני מימון 100 גרם,א.ל. ייצור ושיווק תבלינים בע`מ,,,"י""ח",100,ל גרם,false,1,12.90,12.90,false,1,
7290010002337,false,תיבול לסטייק תבליני מימון 100 גרם,א.ל. ייצור ושיווק תבלינים בע`מ,,,"י""ח",100,ל גרם,false,1,12.90,12.90,false,1,
7290010002344,false,תבלין לדג תבליני מימון 100 גרם.,א.ל. ייצור ושיווק תבלינים בע`מ,,,"י""ח",100,ל גרם,false,1,12.90,12.90,false,1,
7290010002368,false,תערובת חווויג' תבליני מימון 100 גרם,א.ל. ייצור ושיווק תבלינים בע`מ,,,"י""ח",100,ל גרם,false,1,12.90,12.90,false,1,
7290010002375,false,תבלין מדראס קארי תבליני מימון (100 גרם),א.ל. ייצור ושיווק תבלינים בע`מ,,,"י""ח",100,ל גרם,false,1,12.90,12.90,false,1,
7290010002481,false,תבלין שום טחון תבליני מימון 100 גרם,א.ל. ייצור ושיווק תבלינים בע`מ,,,"י""ח",100,ל גרם,false,1,14.90,14.90,false,1,
7290010002498,false,תבלין שום גבישי תבליני מימון 120 גרם,א.ל. ייצור ושיווק תבלינים בע`מ,,,"י""ח",120,ל גרם,false,1,14.90,12.42,false,1,
7290010002696,false,אקסטרה צ'יפס אורז חום מלא שמנת בצל 60 גרם,א.ל.ייצור ושיווק תבלינים בעמ,,,"י""ח",60,ל גרם,false,1,7.90,13.17,true,1,
7290010003051,false,פפריקה הונגרית מתוקה תבליני מימון 400 גרם,א.ל. ייצור ושיווק תבלינים בע`מ,,,"י""ח",400,ל גרם,false,1,25.90,6.48,false,1,
7290010003075,false,פפריקה מרוקאית מתוקה תבליני מימון 400 גרם,א.ל. ייצור ושיווק תבלינים בע`מ,,,"י""ח",400,ל גרם,false,1,25.90,6.48,false,1,
7290010003686,false,עלי דפנה שקית תבליני מימון (20 גרם),א.ל. ייצור ושיווק תבלינים בע`מ,,,"י""ח",20,ל גרם,false,1,5.90,29.50,false,1,
7290010003693,false,פפריקה מתוקה בשקית תבליני מימון 80 גרם,א.ל. ייצור ושיווק תבלינים בע`מ,,,"י""ח",80,ל גרם,false,1,6.50,8.13,false,1,
7290010003709,false,פלפל שחור טחון בשקית תבליני מימון 50 גרם,א.ל. ייצור ושיווק תבלינים בע`מ,,,"י""ח",50,ל גרם,false,1,8.90,17.80,false,1,
7290010003754,false,כמון טחון בשקית תבליני תבליני מימון 50 גרם,א.ל. ייצור ושיווק תבלינים בע`מ,,,"י""ח",50,ל גרם,false,1,6.90,13.80,false,1,
7290010003761,false,כורכום טחון בשקית תבליני מימון 80 גרם,א.ל. ייצור ושיווק תבלינים בע`מ,,,"י""ח",80,ל גרם,false,1,6.90,8.63,false,1,
7290010003778,false,תיבול לגריל עוף בשקית תבליני מימון 80 גרם,א.ל. ייצור ושיווק תבלינים בע`מ,,,"י""ח",80,ל גרם,false,1,6.90,8.63,false,1,
7290010003792,false,מלח לימון בשקית תבליני מימון 100 גרם,א.ל. ייצור ושיווק תבלינים בע`מ,,,"י""ח",100,ל גרם,false,1,6.90,6.90,false,1,
7290010003808,false,זעתר ושומשום בשקית תבליני מימון (80 גרם),א.ל. ייצור ושיווק תבלינים בע`מ,,,"י""ח",80,ל גרם,false,1,6.90,8.63,false,1,
7290010003822,false,פפריקה חריפה בשקית תבליני מימון (80 גרם),א.ל. ייצור ושיווק תבלינים בע`מ,,,"י""ח",80,ל גרם,false,1,6.90,8.63,false,1,
7290010003839,false,קינמון טחון בשקית תבליני מימון 80 גרם,א.ל. ייצור ושיווק תבלינים בע`מ,,,"י""ח",80,ל גרם,false,1,6.90,8.63,false,1,
7290010003846,false,אורגנו בשקית תבליני מימון 20 גרם,א.ל. ייצור ושיווק תבלינים בע`מ,,,"י""ח",20,ל גרם,false,1,6.90,34.50,false,1,
7290010003990,false,פטרוזיליה בשקית תבליני מימון 20 גרם,א.ל. ייצור ושיווק תבלינים בע`מ,,,"י""ח",20,ל גרם,false,1,6.90,34.50,false,1,
7290010065332,false,מחית תפוח עץ בננה ג'וניור פרינוק 190 גרם,גורי מוצרי צריכה (1991) בעמ,,,"י""ח",760,ל גרם,false,1,5.90,0.78,true,1,
7290010065349,false,מחית סלט פירות ג'וניור פרינוק 190 גרם,גורי מוצרי צריכה (1991) בעמ,,,"י""ח",190,ל גרם,false,1,5.90,3.11,true,1,
7290010066513,false,נתחי טונה בשמן צמחי רביעיה *158ג' פילטונה,תעשיות פילטונה בעמ,,,"י""ח",640,ל גרם,false,1,23.90,3.73,false,1,
7290010066599,false,רביעיית נתחי טונה בשמן זית פילטונה 158X4 גרם,תעשיות פילטונה בעמ,,,"י""ח",640,ל גרם,false,1,28.90,4.52,false,1,
7290010116980,false,שוקולית אבקה להכנת משקה שוקו שקית 850,הנסיך- מפעל לייצור ט,,,"י""ח",850,ל גרם,false,1,18.90,2.22,false,1,
7290010117864,false,דוריטוס חטיף תירס בטעם חריף אש עלית 70 גרם,"שטראוס פריטו ליי בע""\מ )",,,"י""ח",70,ל גרם,false,1,4.50,6.43,true,1,
7290010129003,false,עוגיות אוזניים דולצ`ה ויטה 600 גר,שיבולים יצור ושיווק מוצרי מאפה,,,"י""ח",600,ל גרם,false,1,19.90,3.32,false,1,
7290010129010,false,עוגיות כתר ריבה דולצ`ה ויטה (600 גרם),שיבולים יצור ושיווק מוצרי מאפה,,,"י""ח",600,ל גרם,false,1,19.90,3.32,false,1,
7290010129027,false,עוגיות מרוקאיות דולצ`ה ויטה (600 גרם),שיבולים יצור ושיווק מוצרי מאפה,,,"י""ח",600,ל גרם,false,1,19.90,3.32,false,1,
7290010129300,false,עוגיות רייף 350ג מאפים של אדל,שיבולים יצור ושיווק מוצרי מאפה,,,"י""ח",350,ל גרם,false,1,16.90,4.83,false,1,
7290010129324,false,עוגיות מעמול דולצה ויטה 600 גר,שיבולים יצור ושיווק מוצרי מאפה,,,"י""ח",600,ל גרם,false,1,19.90,3.32,false,1,
7290010129553,false,עוגיות רולדה תמרים דולצ`ה ויטה (600 גרם),שיבולים יצור ושיווק מוצרי מאפה,,,"י""ח",600,ל גרם,false,1,19.90,3.32,false,1,
7290010129720,false,עוגיות שמרים קינמון 400 גרם דולצה ויטה,שיבולים יצור ושיווק מוצרי מאפה,,,"י""ח",400,ל גרם,false,1,13.90,3.48,true,1,
7290010129959,false,עוגיות שמרים 400 גרם דולצה ויטה,שיבולים יצור ושיווק מוצרי מאפה,,,"י""ח",400,ל גרם,false,1,13.90,3.48,true,1,
7290010153510,false,בורגול יבש מיה 500 גר',מיה תעשיות מזון מ.ת.מ. בעמ,,,"י""ח",500,ל גרם,false,1,6.90,1.38,false,1,
7290010153688,false,חומץ רכיבים טבעיים 1 ליטר,מיה תעשיות מזון מ.ת.מ. בעמ,,,"י""ח",1,ליטר,false,1,8.40,8.40,false,1,
7290010153770,false,ציפוי לשניצל פיקנטי מיה 500 גרם,מיה תעשיות מזון מ.ת.מ. בעמ,,,"י""ח",500,ל גרם,false,1,12.90,2.58,false,1,
7290010153787,false,ציפוי לשניצל עם שומשום 500 גר`מיה,מיה תעשיות מזון מ.ת.מ. בעמ,,,"י""ח",500,ל גרם,false,1,12.90,2.58,false,1,
7290010153794,false,ציפוי לשניצל עם עשבי תיבול מיה 500 גרם,מיה תעשיות מזון מ.ת.מ. בעמ,,,"י""ח",500,ל גרם,false,1,12.90,2.58,false,1,
7290010153817,false,ריבת חלב אמיתי מיה 400 גרם,מיה תעשיות מזון מ.ת.מ. בעמ,,,"י""ח",300,ל גרם,false,1,13.90,4.63,true,1,
7290010173037,false,"יין הרי גליל רוזה, 750 מ""ל י יקב הרי גליל",היכל היין שקד גולן בעמ,,,"י""ח",750,"ל מ""ל",false,1,38.90,5.15,true,1,
7290010175819,false,חמאת בוטנים קלאסית טעמן 510 גרם,טעמן שווק מזון בעמ,,,"י""ח",510,ל גרם,false,1,10.90,2.14,true,1,
7290010175833,false,זאזא סוכריות מיני רולס,טעמן שווק מזון בעמ,,,"י""ח",150,ל גרם,false,1,8.90,5.93,false,1,
7290010192120,false,צנונית ארוז 400 גרם,ביכורי השדה צפון 1994 ג.ד. בעמ,,,"י""ח",1,,false,1,6.90,6.90,false,1,
7290010237890,false,"בירה הייניקן בקבוק 500 מ""ל חוזר",טמפו משקאות בע''מ,,,"י""ח",500,"ל מ""ל",false,1,9,1.56,false,1,
7290010259311,false,מי קוקוס 400 גרם]וויליפו,ג.וילי-פוד אינטרנשיונל בעמ,,,"י""ח",400,ל גרם,false,1,7.90,1.98,false,1,
7290010259359,false,וילי פוד נודלס אטר.ביצים להקפצה בדץ 200ג,ג.וילי-פוד אינטרנשיונל בעמ,,,"י""ח",200,ל גרם,false,1,4.90,2.45,false,1,
7290010259366,false,וילי פוד נודלס אטר.ביצים מסולסל בדץ 200ג,ג. וילי-פוד אינטרנשיונל בע`מ,,,"י""ח",200,ל גרם,false,1,4.90,2.45,false,1,
7290010259854,false,מנת השף מרק עם נודלס בטעם פטריות ויליפוד 70 גרם,ג. וילי-פוד אינטרנשיונל בע`מ,,,"י""ח",70,ל גרם,false,1,5.90,8.43,true,1,
7290010259861,false,מנת השף מרק עם נודלס בטעם ירקות ויליפוד 70 גרם,ג. וילי-פוד אינטרנשיונל בע`מ,,,"י""ח",70,ל גרם,false,1,5.90,8.43,true,1,
7290010328093,false,ממרח חלווה אחווה 400 ג' מהדרין,אחדות בית חרושת לטחי,,,"י""ח",400,ל גרם,false,1,12.90,3.23,false,1,
7290010328246,false,טחינה גולמית שומשום מלא אחווה 500 ג',אחדות ביתחרושת לטחינה חלבה,,,"י""ח",500,ל גרם,false,1,10.90,2.18,true,1,
7290010328253,false,טחינה גולמית משומשום טבעי אחווה 500 גרם,אחדות ביתחרושת לטחינה חלבה,,,"י""ח",500,ל גרם,false,1,10.90,2.18,true,1,
7290010328345,false,חלווה בקופסה אחוה 50 גרם,אחדות ביחר לטחינה חל,,,"י""ח",50,ל גרם,false,1,1.90,3.80,false,1,
7290010328505,false,"מארז מיני חלווה 15 יחידות לל""ס אחוה 150 גרם",אחדות ביחר לטחינה חל,,,"י""ח",12,"י""ח",false,1,11.70,0.98,false,1,
7290010328680,false,עוגה בטעם שוקולד עם שוקוצ'יפס מריר ולבן 450 גרם,אחדות ביחר לטחינה חל,,,"י""ח",450,ל גרם,false,1,10.90,2.42,false,1,
7290010328710,false,קצפיות אחווה 180 גר`חדש ללא חזרות*,אחדות ביחר לטחינה חל,,,"י""ח",180,ל גרם,false,1,10.90,6.06,false,1,
7290010328734,false,ממרח טחינה עם סילאן משומשום מלא,אחדות ביחר לטחינה חל,,,"י""ח",400,ל גרם,false,1,12.90,3.23,false,1,
7290010328819,false,"ממרח טחינה עם שוקולד לל""ס 400 ג' אחדות!.",אחדות ביחר לטחינה חל,,,"י""ח",400,ל גרם,false,1,9.90,2.48,false,1,
7290010471669,false,יוגורט תות עם קורנפלקס מצופה שוקולד ללא גלוטן 3.9%,שטראוס גרופ בעמ/מצונן,,,"י""ח",175,"ל מ""ל",false,1,4.80,2.74,false,1,
7290010513727,false,פנקו פרורי לחם 200 גרם (קינגדאו),מזרח ומערב יבוא ושיווק,,,"י""ח",200,ל גרם,false,1,9.90,4.95,false,1,
7290010609550,false,טרופי קש 20 יח בקופסא,דודו הדיל בעמ,,,"י""ח",20,"י""ח",false,1,24.90,1.25,false,1,
7290010609734,false,אייס לי משקה להקפאה בטעמי פירות - מארז 8 יח',דודו הדיל בעמ,,,"י""ח",8,"י""ח",false,1,6.90,0.86,true,1,
7290010613991,false,מטליות רצפה בניחוח מרכך כביסה 10 יח' טאצ',סאסאטק אגשח בעמ,,,"י""ח",10,"י""ח",false,1,11.90,1.19,true,1,
7290010627004,false,טחינה גולמית מסורתית ירושלים 500 ג',תה ויסוצקי (ישראל) בעמ,,,"י""ח",500,ל גרם,false,1,16.90,3.38,true,1,
7290010650033,false,בצלצלי שלוט מגשית 350 גר,ביכורי השדה צפון 1994 ג.ד. בעמ,,,"י""ח",350,ל גרם,false,1,10.90,3.11,false,1,
7290010650354,false,שורש כורכום טרי חוות תקוע 120 גרם,ביכורי השדה צפון 1994 ג.ד. בעמ,,,"י""ח",1,,false,1,13.90,13.90,false,1,
7290010718627,false,פנינה רוזנבלום אל סבון נוזלי ירוק 1 ליטר,"פנינה רוזנבלום בע""מ",,,"י""ח",1,ליטר,false,1,10.90,10.90,true,1,
7290010719013,false,"שמן זית כתית מעולה משק אחיה 750 מ""ל",ח.כהן סוכנות מזון ומשקאות בע,,,"י""ח",750,"ל מ""ל",false,1,39.90,5.32,false,1,
7290010748860,false,"ד""ר פישר - אפקטיב קר קרם ידיים אינטנסיב 150 מ""ל","פישר תעשיות פרמצביטות בע""מ",,,"י""ח",150,"ל מ""ל",false,1,16.10,10.73,true,1,
7290010777150,false,שמניית פיתה בריבוע מחיטה מלאה פיתה אקספרס,מגוון שיווק והפצת מאפים בעמ,,,"י""ח",1,,false,1,15.90,15.90,false,1,
7290010777242,false,עשיירית פיתה מחמצת פיתה אקספרס,מגוון שיווק והפצת מאפים בעמ,,,"י""ח",1,,false,1,15.90,15.90,false,1,
7290010777297,false,פיתות עבודת יד10 יח'/ פיתה ביס לבן 12 יח',מגוון שיווק והפצת מאפים בעמ,,,"י""ח",1,,false,1,13.90,13.90,false,1,
7290010777358,false,מארז שמיניית פיתות 100% כוסמין מלא,מגוון שיווק והפצת מאפים בעמ,,,"י""ח",1,,false,1,15.90,15.90,false,1,
7290010777488,false,פיתה מחמצת 100% קמח מלא פיתה אקספרס,מגוון שיווק והפצת מאפים בעמ,,,"י""ח",1,,false,1,15.90,15.90,false,1,
7290010777525,false,מארז שישייה פיתות כוסמין פיתה אקספרס,מגוון שיווק והפצת מאפים בעמ,,,"י""ח",1,,false,1,16.90,16.90,false,1,
7290010791583,false,לה-קט דליקטס דגי אוקינוס וטונה 85 גר',דיפלומט מפיצים (1968) בעמ**,,,"י""ח",85,ל גרם,false,1,6.70,7.88,false,1,
7290010814244,false,שלשות שוקולד מריר 85 גרם*3 בלמינט *18 בקרטון,כרמית תעשיות ממתקים בעמ,,,"י""ח",255,ל גרם,false,1,11.90,4.67,true,1,
7290010814268,false,שלשות שוקולד לבן 85 גר*3 בלמינט * 18 בקרטון,כרמית תעשיות ממתקים בעמ,,,"י""ח",300,ל גרם,false,1,11.90,3.97,true,1,
7290010814695,false,שוקולד מריר פרווה ללא תוספת סוכר כרמית 85 גרם,כרמית תעשיות ממתקים בעמ,,,"י""ח",85,ל גרם,false,1,7.50,8.82,true,1,
7290010814701,false,שוקולד חלב ללא תוספת סוכר וסטהיים,כרמית תעשיות ממתקים בעמ,,,"י""ח",85,ל גרם,false,1,7.50,8.82,true,1,
7290010817016,false,קישוא זוקיני,ביכורי השדה צפון 1994 ג.ד. בעמ,,,"ק""ג",1,,true,1,6.90,6.90,false,1,
7290010838219,false,ממתיק על בסיס צמח הסטיביה - שקיות,"קיפל טבליות וממתיקים בע""מ",,,"י""ח",100,"י""ח",false,1,25.90,0.26,false,1,
7290010838424,false,ג'ל לניקוי מתקדם בניחוח רענן - מארז זוג,"איטיליאן פוד, אס.פי.",,,"י""ח",1.50,ליטר,false,1,24.70,16.47,false,1,
7290010839865,false,רוטב רכז רימונים ויליפוד 320 ג',ג. וילי-פוד אינטרנשיונל בע`מ,,,"י""ח",320,ל גרם,false,1,10.90,3.41,false,1,
7290010922765,false,מנגו קפוא בלדי 250 גרם,בלדי בעמ,,,"י""ח",250,ל גרם,false,1,14.90,5.96,false,1,
7290010931330,false,סלט מטבוחה אחלה 500 גרם,שטראוס גרופ בעמ/מצונן,,,"י""ח",500,ל גרם,false,1,14.90,2.98,true,1,
7290010945450,false,גבינה לבנה 3% 250 גר מועשר בסידן וויטמין,החברה המרכזית טלהפצת משקאות בע,,,"י""ח",250,ל גרם,false,1,4.98,1.99,false,1,
7290010945481,false,גבינה לבנה טרה 5% מרכיבים טבעיים,החברה המרכזית טלהפצת משקאות בע,,,"י""ח",500,ל גרם,false,1,9.96,1.99,false,1,
7290011017866,false,פחית קולה סליק קוקה-קולה (330 מל),החברה המרכזית להפצת משקאות בעמ,,,"י""ח",330,"ל מ""ל",false,1,4.90,1.39,true,1,
7290011017873,false,פחית זירו סליק קוקה-קולה (330 מל),החברה המרכזית להפצת משקאות בעמ,,,"י""ח",330,"ל מ""ל",false,1,4.90,1.39,true,1,
7290011018184,false,תה קר בטעם אפרסק פיוז-טי (500 מל),החברה המרכזית להפצת משקאות בעמ,,,"י""ח",500,"ל מ""ל",false,1,8.20,1.58,true,1,
7290011018443,false,משקה מוגז אורנג` פאנטה (330 מל),החברה המרכזית להפצת משקאות בעמ,,,"י""ח",330,"ל מ""ל",false,1,4.90,1.39,true,1,
7290011026301,false,"ד""ר פישר - שמפו לשיער כסוף 400 מ""ל","פישר תעשיות פרמצביטות בע""מ",,,"י""ח",1,,false,1,21.90,21.90,false,1,
7290011065430,false,צ'ילי מטחנה מימונס 50 גרם,א.ל.ייצור ושיווק תבלינים בעמ,,,"י""ח",50,ל גרם,false,1,18.90,37.80,false,1,
7290011081492,false,גלידה בטעם שלושה שוקולדים 1.33ל' קרמיסימו,"גלידת שטראוס בע""\מ, רחוב",,,"י""ח",1.33,ליטר,false,1,18.90,14.21,false,1,
7290011126209,false,הגן הקסום תה טעם תפוח וקינמון סיידר ויסוצקי 25 יח',תה ויסוצקי (ישראל)בעמ,,,"י""ח",55,ל גרם,false,1,18.90,34.36,true,1,
7290011126452,false,הגן הקסום תה בטעם קמומיל ונענע ויסוצקי 25 יחידות,תה ויסוצקי (ישראל) בעמ,,,"י""ח",37.50,ל גרם,false,1,18.90,50.40,true,1,
7290011148805,false,שעועית טריה עד 500 ג,ירקט ירקות צעירים ארוזים בעמ,,,"י""ח",1,,false,1,19.90,19.90,false,1,
7290011174224,false,"צ יפס קפוא 1.5 ק""ג פרי גליל בד""ץ",ויטה- פרי גליל (החדשה) בעמ,,,"י""ח",1.50,"ק""ג",false,1,21.90,14.60,false,1,
7290011174323,false,"צ'יפס אמריקאי פרי הגליל 1.5 ק""ג",ויטה- פרי גליל (החדשה) בעמ,,,"י""ח",1.50,"ק""ג",false,1,21.90,14.60,true,1,
7290011174422,false,"סטייק צ יפס 1.5 ל בד""ץ",ויטה- פרי גליל (החדשה) בעמ,,,"י""ח",1,,false,1,21.90,21.90,false,1,
7290011194215,false,מעדן גבינה ויוגורט בטעם בננה 5% שומן 88 ג' דניאלה,שטראוס גרופ בעמ/מצונן,,,"י""ח",150,"ל מ""ל",false,1,4.30,2.87,false,1,
7290011194246,false,קוטג 5% 250 גרם עם סידן שטראוס,שטראוס גרופ בעמ/מצונן,,,"י""ח",250,ל גרם,false,1,5.90,2.36,false,1,
7290011223038,false,בונומי עלים לקרמשניט שכבות אפויות מבצק עלים 300 גרם,דנשר (1963) בעמ,,,"י""ח",400,ל גרם,false,1,18,4.50,false,1,
7290011239404,false,חטיפים מתוקים טעמים שונים 330גר,סוכנויות עמוס ממתקים בעמ,,,"י""ח",330,ל גרם,false,1,19.90,6.03,false,1,
7290011249748,false,רולים גלילי ופל במילוי קרם שוקולד 100 ג' עלמה,ח.כהן סוכנות מזון ומשקאות בע,,,"י""ח",100,ל גרם,false,1,3.90,3.90,false,1,
7290011249755,false,רולים גלילי ופל במילוי קרם אגוזים 100 ג' עלמה,ח.כהן סוכנות מזון ומשקאות בע,,,"י""ח",100,ל גרם,false,1,3.90,3.90,false,1,
7290011254032,false,קינואה מיה (500 גרם),מיה תעשיות מזון מ.ת.מ. בעמ,,,"י""ח",500,ל גרם,false,1,9.90,1.98,true,1,
7290011254254,false,נטיפי שוקולד צ'יפס בטעם שוקולד מיה 300 גרם,מיה תעשיות מזון מ.ת.מ. בעמ,,,"י""ח",300,ל גרם,false,1,10.90,3.63,false,1,
7290011276485,false,חסה עגולה רמי לוי,ביכורי השדה צפון 1994 ג.ד. בעמ,,,"י""ח",1,,false,1,6.90,6.90,false,1,
7290011379018,false,מארז משפחתי שמפיניון 500 ג' מרינה,ביכורי השדה צפון 1994 ג.ד. בעמ,,,"י""ח",1,,false,1,18.90,18.90,false,1,
7290011438142,false,"משקה יטבתה אייס קפה בבקבוק אישי 350 מ""ל",שטראוס גרופ בעמ/מצונן,,,"י""ח",350,"ל מ""ל",false,1,6.50,1.86,false,1,
7290011447267,false,מטרנה פרימיום חלבי שלב 1 700 גרם חיסכון,קבוצת אוסם סחר שותפות מוגבלת,,,"י""ח",700,ל גרם,false,1,49.90,7.13,false,1,
7290011447281,false,מטרנה פרימיום חלבי שלב 2 700 גרם חיסכון,קבוצת אוסם סחר שותפות מוגבלת,,,"י""ח",700,ל גרם,false,1,49.90,7.13,false,1,
7290011447304,false,מטרנה פרימיום חלבי שלב 3 700 גרם חיסכון,קבוצת אוסם סחר שותפות מוגבלת,,,"י""ח",700,ל גרם,false,1,49.90,7.13,false,1,
7290011447359,false,תחליף חלב מטרנה מהדרין שלב 1 חלבי 700 גרם,קבוצת אוסם סחר שותפות מוגבלת,,,"י""ח",700,ל גרם,false,1,49.90,7.13,false,1,
7290011461058,false,גומא - מקלות ריחניים,מוסקו בעמ,,,"י""ח",1,,false,1,19.90,19.90,false,1,
7290011480516,false,שמיר טרי מהדרין ארוז,ביכורי השדה צפון 1994 ג.ד. בעמ,,,"י""ח",1,,false,1,6.90,6.90,true,1,
7290011480523,false,נענע יבולי הכפר(חאסלט),ביכורי השדה צפון 1994 ג.ד. בעמ,,,"י""ח",1,,false,1,6.90,6.90,true,1,
7290011480547,false,בצל ירוק יבולי הכפר הר' אפרתי,ביכורי השדה צפון 1994 ג.ד. בעמ,,,"י""ח",1,,false,1,5.90,5.90,true,1,
7290011488062,false,בצלצלי שאלוט תיבולי הכפר,ביכורי השדה צפון 1994 ג.ד. בעמ,,,"י""ח",350,ל גרם,false,1,13.90,3.97,false,1,
7290011489595,false,קרקר טופז שומשום 110 גרם הדר*,ח.כהן סוכנות מזון ומשקאות בע,,,"י""ח",110,ל גרם,false,1,3.90,3.55,false,1,
7290011499051,false,פטה כבשים מסורתית 20% בגביע 250 גרם - רובין,מחלבות גד שיווק 1992 בעמ,,,"י""ח",250,ל גרם,false,1,29.90,11.96,true,1,
7290011499105,false,בולגרית מסורתית 5% 250 גרם -רבנות,מחלבות גד שיווק 1992 בעמ,,,"י""ח",250,ל גרם,false,1,23.30,9.32,true,1,
7290011499112,false,בולגרית מסורתית 16% 250 גרם - רבנות,מחלבות גד שיווק 1992 בעמ,,,"י""ח",250,"ס""מ",false,1,23.70,9.48,true,1,
7290011499129,false,גבינה בולגרית מעודנת קוביות קטנות 5% גד 200 גרם,מחלבות גד שיווק 1992 בעמ,,,"י""ח",200,ל גרם,false,1,23.40,11.70,true,1,
7290011499341,false,גבינת קשקבל ארוז 26 אחוז 250גרם גד,מחלבות גד שיווק 1992 בעמ,,,"י""ח",200,ל גרם,false,1,26.90,13.45,true,1,
7290011499358,false,פטה עיזים מסורתית 20% בגביע 200 גרם - רובין,מחלבות גד שיווק 1992 בעמ,,,"י""ח",200,ל גרם,false,1,27.90,13.95,true,1,
7290011499365,false,גבינת חלומי 24% מחלב בקר גד (200 גרם),מחלבות גד שיווק 1992 בעמ,,,"י""ח",200,ל גרם,false,1,21.60,10.80,true,1,
7290011499419,false,גבינה במרקם שמנת בטעם טבעי 5% ניו יורק,מחלבות גד שיווק 1992 בעמ,,,"י""ח",200,ל גרם,false,1,13.90,6.95,true,1,
7290011499853,false,שמנת 30% ניו יורק זיתים מחלבות גד,מחלבות גד שיווק 1992 בעמ,,,"י""ח",200,ל גרם,false,1,13.90,6.95,true,1,
7290011505424,false,נובי מימיה עם קשית ומכסה מתקפל,אינטרסן (1996) בעמ,,,"י""ח",3,"י""ח",false,1,31.90,10.63,true,1,
7290011505806,false,קיסמי שיניים דנטאליים מפלסטיק 200 יחידות בחבית,אינטרסן (1996) בעמ,,,"י""ח",200,"י""ח",false,1,8.90,0.04,false,1,
7290011518561,false,"אקטימל תות 1.51 ק""ג מארז 14 יחידות",שטראוס גרופ בעמ/מצונן,,,"י""ח",1.40,ליטר,false,1,32.60,23.29,false,1,
7290011593087,false,"שמן זית כתית מעולה 750 מ""ל סבא חביב",בני פאוזי שמשום (2009) בעמ,,,"י""ח",750,"ל מ""ל",false,1,32.90,4.39,true,1,
7290011593117,false,זית סורי ירוק מבוקע 800 ג' סבא חביב,בני פאוזי שמשום (2009) בעמ,,,"י""ח",800,ל גרם,false,1,24.90,3.11,false,1,
7290011598211,false,"סנו - אנטי קאלק מרסס ניקוי כללי 4 ב-1 700 מ""ל",החברה הדרומית לשיווק בעמ,,,"י""ח",700,"ל מ""ל",false,1,19.90,2.84,false,1,
7290011598402,false,מקסימה מרכך כביסה ארומתרפי מאסק סנו 4 ליטר,החברה הדרומית לשיווק בעמ,,,"י""ח",4,ליטר,false,1,21.90,5.48,false,1,
7290011607180,false,"אבקת כביסה קולון 101 1.25 ק""ג",רקיט בנקיזר (ניר איסט) בעמ,,,"י""ח",1.25,"ק""ג",false,1,14.90,11.92,false,1,
7290011607197,false,"קולון 101 אבקת כביסה 5 ק""ג",רקיט בנקיזר (ניר איסט) בעמ,,,"י""ח",5,"ק""ג",false,1,39.90,7.98,false,1,
7290011615406,false,בולגרית בקוביות בשמן ותבלינים הבולגריה 325 ג' קוליוס,ג.וילי פוד אינטרנשיונל בעמ,,,"י""ח",325,ל גרם,false,1,17.90,5.51,false,1,
7290011668136,false,מסיכה לשיער מחליקה 1 ליטר פנינה רוזנבלום,פנינה רוזנבלום בעמ,,,"י""ח",1,"ק""ג",false,1,33.90,33.90,false,1,
7290011800840,false,רפי כהן סלט טחינה בלאדי צבר 400 גרם,קבוצת אוסם סחר שותפות מוגבלת,,,"י""ח",400,ל גרם,false,1,16.90,4.23,true,1,
7290011860271,false,ביסבול כדורי פירה מתפוחי אדמה תפוגן 700 גרם,קבוצת אוסם סחר שותפות מוגבלת,,,"י""ח",700,ל גרם,false,1,17.30,2.47,false,1,
7290011870249,false,סוללות *AAA12 פוגיקום,פוגיקום בעמ,,,"י""ח",1,,false,1,19.90,19.90,true,1,
7290011870270,false,פוג'יקום סוללות מארז 12 יח' AA,פוגיקום בעמ,,,"י""ח",1,,false,1,19.90,19.90,true,1,
7290011877866,false,"מקסימה אבקת כביסה בניחוח מאסק סנו 6 ק""ג",החברה הדרומית לשיווק בעמ,,,"י""ח",6,"ק""ג",false,1,49.90,8.32,false,1,
7290011947309,false,זיתים מצוננים סורי מבוקע ולימון כבוש זיתא 230 ג',תה ויסוצקי (ישראל) בעמ,,,"י""ח",560,ל גרם,false,1,14.90,2.66,false,1,
7290011947743,false,זיתים זיתא מיקס זית ירוק וזית קלמטה 215 גרם,תה ויסוצקי (ישראל) בעמ,,,"י""ח",215,ל גרם,false,1,14.90,6.93,false,1,
7290011964344,false,שום גבישי בקופ' 120 גר' טעם וריח,"תבליני טעם וריח בע""מ",,,"י""ח",1,,false,1,9.90,9.90,true,1,
7290011964702,false,שווארמה ללא מונסודיום 100 גרם מיכל גדול,"תבליני טעם וריח בע""מ",,,"י""ח",1,,false,1,9.90,9.90,true,1,
7290011977634,false,סרדינים בשמן קנולה עם פלפל חריף טעים 125 גרם,טעמן שווק מזון בעמ,,,"י""ח",125,ל גרם,false,1,4.90,3.92,true,1,
7290011977665,false,סרדינים ברוטב עגבניות טעים 125 גרם,טעמן שווק מזון בעמ,,,"י""ח",125,ל גרם,false,1,4.90,3.92,true,1,
7290012022203,false,פריכיות חיטה מלאה 60 גרם,דילייט 2005 בע`מ,,,"י""ח",140,ל גרם,false,1,13.90,9.93,false,1,
7290012022227,false,פריכיות חיטה טבעי 60 גרם,דילייט 2005 בע`מ,,,"י""ח",140,ל גרם,false,1,11.90,8.50,false,1,
7290012022272,false,פריכיות קליליות קידס,דילייט 2005 בעמ,,,"י""ח",30,ל גרם,false,1,10.90,36.33,false,1,
7290012116063,false,כיף אלסבון פיות מועשר בתמציות קמומיל 750,החברה הדרומית לשיווק בעמ,,,"י""ח",800,ל גרם,false,1,11.90,1.49,false,1,
7290012116537,false,"מקסימה אבקת כביסה בניחוח מאסק סנו 2.5 ק""ג",החברה הדרומית לשיווק בעמ,,,"י""ח",2.50,"ק""ג",false,1,26.90,10.76,false,1,
7290012117039,false,נוזל לניקוי אמבטיה 00 סנו 1 ליטר,החברה הדרומית לשיווק בעמ,,,"י""ח",1,ליטר,false,1,9.90,9.90,false,1,
7290012117091,false,"אבקת כביסה סנסיטיב סנו מקסימה 6 ק""ג",החברה הדרומית לשיווק בעמ,,,"י""ח",6,קוב,false,1,49.90,8.32,false,1,
7290012117534,false,מרכך כביסה מרוכז תכלת קול סנו מקסימה 1 ליטר,החברה הדרומית לשיווק בעמ,,,"י""ח",1,ליטר,false,1,19.90,19.90,false,1,
7290012117558,false,מקסימה מרכך כביסה מרוכז ורוד בניחוח מאסק סנו 1 ליטר,החברה הדרומית לשיווק בעמ,,,"י""ח",1,ליטר,false,1,19.90,19.90,false,1,
7290012117572,false,כפפות סנו סושי לטקס M אריזת 100יח',החב. הדרומית לשיווק,,,"י""ח",1,,false,1,44.90,44.90,false,1,
7290012117732,false,מקסימה מרכך כביסה ארומתרפי קול סנו 4 ליטר,החברה הדרומית לשיווק בעמ,,,"י""ח",4,ליטר,false,1,21.90,5.48,false,1,
7290012159480,false,יין לבן חצי יבש מבעבע גוטה דה מרוויה,יורוסטנדרט בעמ,,,"י""ח",750,"ל מ""ל",false,1,40.90,5.41,false,1,
7290012193125,false,ממתיק על בסיס סוכרלוז - טבליות,"קיפל טבליות וממתיקים בע""מ",,,"י""ח",150,ל גרם,false,1,30.60,20.40,false,1,
7290012226021,false,נקניק סלמי מעושן פראג זוגלובק (400 גרם),נקניק נהריה כשר זוגל,,,"י""ח",400,ל גרם,false,1,22.90,5.73,true,1,
7290012226120,false,קבנוס זוגלובק (45x3 גרם),נקניק נהריה כשר זוגל,,,"י""ח",135,ל גרם,false,1,14.50,10.74,true,1,
7290012226991,false,"נקניקיות עוף באריזת ג''מבו 1.5 ק""ג זוגלובק",נקניק נהריה כשר זוגל,,,"י""ח",1.50,"י""ח",false,1,29.90,19.93,true,1,
7290012227172,false,חרמן הודו בדבש וברביקיו זוג במארז 600 ג' זוגלובק,נקניק נהריה כשר זוגל,,,"י""ח",600,ל גרם,false,1,35.50,5.92,true,1,
7290012227592,false,פסט' חרמון כפרי וסלמי תה זוגי זוגלובק 300X2ג' מחפוד,זוגלובק שיווק בעמ,,,"י""ח",700,ל גרם,false,1,40.40,5.77,true,1,
7290012227608,false,מארז חרמון 300 גר' +חרמון ברבקיו 300ג' זוגלובק,זוגלובק שיווק בעמ,,,"י""ח",600,ל גרם,false,1,42.50,7.08,true,1,
7290012227615,false,נקניקיות עוף זוגלובק 800 ג' מחפוד,זוגלובק שיווק בעמ,,,"י""ח",800,ל גרם,false,1,26.90,3.36,true,1,
7290012227622,false,פסטרמה חרמון כפרית דבש 400גר מחפוד זוגלובק,זוגלובק שיווק בעמ,,,"י""ח",400,ל גרם,false,1,25.10,6.28,true,1,
7290012227783,false,נקניק תה מעושן מחפוד זוגלובק 400ג',זוגלובק שיווק בעמ,,,"י""ח",400,ל גרם,false,1,22.30,5.58,true,1,
7290012227974,false,פסטרמה הודו בדבש טהור דק דק דק,זוגלובק שיווק בעמ,,,"י""ח",120,ל גרם,false,1,15.90,13.25,true,1,
7290012227998,false,פסטרמה דק דק חזה בקר 120 ג' זוגלובק,זוגלובק שיווק בעמ,,,"י""ח",120,ל גרם,false,1,15.90,13.25,true,1,
7290012228261,false,נקנקיות קנקרס הודו ועוף ריינהולד'ס זוגלובק 300 ג',זוגלובק שיווק בעמ,,,"י""ח",310,ל גרם,false,1,19.90,6.42,false,1,
7290012228407,false,"נקניקיות ג'מבו מחפוד זוגלובק 1.5 ק""ג",זוגלובק שיווק בעמ,,,"י""ח",1.50,"ק""ג",false,1,36.90,24.60,true,1,
7290012228766,false,קבנוס מחפוד זוגלובק 120 גרם,זוגלובק שיווק בעמ,,,"י""ח",120,ל גרם,false,1,10.90,9.08,false,1,
7290012245275,false,"גולד ציפס בטטה קריספי 1 ק""ג",קפוא זן תעשיות מזון בעמ,,,"י""ח",1,"י""ח",false,1,27.90,27.90,false,1,
7290012295973,false,עלי רוקולה פרמיום 100ג שמיטה,ביכורי השדה צפון 1994 ג.ד. בעמ,,,"י""ח",1,,false,1,9.90,9.90,false,1,
7290012309311,false,ערמונים קלופים ששון הקולה 100 גרם,דין שיווק וקליה 2021 בעמ,,,"י""ח",1,,false,1,8.40,8.40,false,1,
7290012309939,false,חלווה מסולסלת בקופסא ששון הקולה 500 גרם,דין שיווק וקליה 2021 בעמ,,,"י""ח",1,,false,1,17.90,17.90,false,1,
7290012313073,false,מיקס זיתים מגולענים מרינד קבוצת יבנה 340 גרם,"קבוצת יבנה מוצרי מזון בע""מ",,,"י""ח",1,,false,1,11.90,11.90,true,1,
7290012317255,false,קובה ירושלמי במילוי בשר 1 קג יסמין,לפ עת-רן (1996 ) בעמ,,,"י""ח",1,"ק""ג",false,1,50,50,false,1,
7290012317644,false,"קובה מרק גורמה 1 ק""ג עתרן",עת -רן (1996) בעמ,,,"י""ח",1,"ק""ג",false,1,52.90,52.90,false,1,
7290012404955,false,נקטר חמוציות ספרינג קולקשן (1.25 ליטר),יפאורה - שותפות מוגבלת לשיווק,,,"י""ח",1.25,ליטר,false,1,13.50,10.56,true,1,
7290012404993,false,נקטר דיאט חמוציות ספרינג קולקשן 1.25 ליטר,יפאורה - שותפות מוגבלת לשיווק,,,"י""ח",1.25,ליטר,false,1,13.50,10.56,true,1,
7290012483608,false,"אורז בסגנון בסמטי מובחר 5ק""ג DAWAT",ג.וילי-פוד אינטרנשיונל בעמ,,,"י""ח",5,"ק""ג",false,1,59.90,11.98,false,1,
7290012522581,false,טבעול שניצל תירס ללא גלוטן טבעול 664 גרם,קבוצת אוסם סחר-שות.מוגבלת,,,"י""ח",664,ל גרם,false,1,39.90,6.01,true,1,
7290012576362,false,יין ספיישל רזרב קברנה סוביניון 750 מל,יקבי ברקן שיווק והפצה בע,,,"י""ח",750,"ל מ""ל",false,1,69.90,9.28,false,1,
7290012645112,false,יוגורט עיזים 2.8% בדלי חלב הארץ 750 גרם,שטראוס גרופ בעמ/מצונן,,,"י""ח",750,"ל מ""ל",false,1,19.90,2.65,true,1,
7290012645129,false,יוגורט כבשים 5% בדלי חלב הארץ 750 גרם,שטראוס גרופ בעמ/מצונן,,,"י""ח",750,"ל מ""ל",false,1,21.50,2.87,true,1,
7290012645389,false,יוגורט עיזים טבעי 1 ליטר בבקבוק חלב האר,שטראוס גרופ בעמ/מצונן,,,"י""ח",1,ליטר,false,1,23.50,23.50,true,1,
7290012803055,false,סוכרלוז מרמולייט- 100שקיות אישיות,"קיפל טבליות וממתיקים בע""מ",,,"י""ח",100,ל גרם,false,1,19.80,19.80,false,1,
7290012823602,false,נייר טואלט סופט סילק לבן 32 גלילים סנו,החברה הדרומית לשיווק בעמ,,,"י""ח",32,"י""ח",false,1,35.90,1.12,false,1,
7290012838026,false,עוגיות מלוחות עבודת יד 350גר,הלל בן הלל שיווק ומסחר בעמ,,,"י""ח",350,ל גרם,false,1,15.90,4.54,false,1,
7290012850035,false,מחית בוליווד תפוח ואפרסק 190 גרם,שקד תבל בע`מ,,,"י""ח",190,"ל מ""ל",false,1,6.30,3.32,true,1,
7290012864001,false,נבטי חמנייה ארוז א.אדמה,ביכורי השדה צפון 1994 ג.ד. בעמ,,,"י""ח",1,,false,1,9.90,9.90,false,1,
7290012864155,false,מיקס נבטים נבטי העמק,ביכורי השדה צפון 1994 ג.ד. בעמ,,,"י""ח",1,,false,1,15,15,false,1,
7290012901355,false,דודלס ארוחת אטריות עם גבינה 206 גרם,האי נאם סי או אל.טי.,,,"י""ח",206,ל גרם,false,1,11.90,5.78,false,1,
7290012929380,false,תססן סודה+מקל סודה מארז של 12יח,טעמן שווק מזון בעמ,,,"י""ח",110,ל גרם,false,1,8.90,8.09,false,1,
7290012936937,false,תבלינים בהרט בצנצנת 40 גרם,א.ל. ייצור ושיווק תבלינים בע`מ,,,"י""ח",40,ל גרם,false,1,12.90,32.25,false,1,
7290012936944,false,אגוז מוסקט טחון תבליני מימון (40 גרם),א.ל. ייצור ושיווק תבלינים בע`מ,,,"י""ח",50,ל גרם,false,1,14.90,29.80,false,1,
7290012938405,false,"רדיד אלומיניום עבה במיוחד לבישול,אפייה והקפאה.",גורי ע.ע.ע. בע`מ,,,"י""ח",100,ל גרם,false,1,16.90,16.90,false,1,
7290012962561,false,קיסמי שיניים במבוק הוסטס) (500,אינטרסן (1996) בעמ,,,"י""ח",200,"י""ח",false,1,5.90,0.03,true,1,
7290012962684,false,"הוסטס שקיות צליה ג'מבו 50X35 ס""מ בקופסה 5 יח'",אינטרסן (1996) בעמ,,,"י""ח",50,"ס""מ",false,1,5,10,true,1,
7290012975875,false,כוסות יהלום בנדע שווה 75יח,ח.כהן סוכנות מזון ומשקאות בע,,,"י""ח",1,,false,1,10.90,10.90,true,1,
7290012996672,false,סבון אסלה + בושם ל24 שעות ביום הפי,יעקב יעקבי ובניו בעמ,,,"י""ח",88,"ל מ""ל",false,1,9.90,11.25,false,1,
7290012996702,false,הפי ג'ל דוחה עש ומבשם לארון הבגדים,יעקב יעקבי ובניו בעמ,,,"י""ח",500,"ל מ""ל",false,1,12.20,2.44,false,1,
7290013010353,false,עגבניות מרוסקות בזיליקום פרי מבורך 800 גרם,זנלכל בעמ,,,"י""ח",800,ל גרם,false,1,11.90,1.49,false,1,
7290013027399,false,לחם קמח מלא קל בתוספת שיפון 750 ג' אנג'ל,מאפיית שלמה א. אנג'\ל בע,,,"י""ח",750,ל גרם,false,1,15.90,2.12,false,1,
7290013117236,false,בורקס פילו פיצה מעדנות 600 גרם,תנובה מרכז שיתופי לשיווק תוצרת,,,"י""ח",600,ל גרם,false,1,22.30,3.72,false,1,
7290013117243,false,בורקס פילו בולגרית מעדנות 600 גרם,תנובה מרכז שיתופי לשיווק תוצרת,,,"י""ח",600,ל גרם,false,1,22.30,3.72,false,1,
7290013117526,false,בצק שמרים מרודד למאפים מתוקים מעדנות 900 גרם,תנובה מרכז שיתופי לשיווק תוצרת,,,"י""ח",900,ל גרם,false,1,22.90,2.54,false,1,
7290013144157,false,תערובת להכנת סחלב 130גרם,א.ל. ייצור ושיווק תבלינים בע`מ,,,"י""ח",130,ל גרם,false,1,10.90,8.38,true,1,
7290013144171,false,מיימונס תערובת עוגת שוקולד 560 גרם.,א.ל.ייצור ושיווק תבלינים בעמ,,,"י""ח",560,ל גרם,false,1,16.90,3.02,true,1,
7290013144218,false,מיימונס תערובת עוגת וניל 560 גרם.,א.ל.ייצור ושיווק תבלינים בעמ,,,"י""ח",560,ל גרם,false,1,16.90,3.02,true,1,
7290013144232,false,מיימונס פודינג בטעם וניל 80 גרם,א.ל. ייצור ושיווק תבלינים בע`מ,,,"י""ח",8500,ל גרם,false,1,5.90,0.07,true,1,
7290013144270,false,תערובת להכנת קרם פטיסייר מיימונס 100 גרם,א.ל. ייצור ושיווק תבלינים בע`מ,,,"י""ח",100,ל גרם,false,1,9.90,9.90,false,1,
7290013144287,false,מיימונס ג'לי תות 85 גרם,א.ל. ייצור ושיווק תבלינים בע`מ,,,"י""ח",1,,false,1,5.90,5.90,false,1,
7290013144317,false,מימונס ג'וני גלילית וופל למילוי 18 יחידות,א.ל. ייצור ושיווק תבלינים בע`מ,,,"י""ח",1,,false,1,23.90,23.90,false,1,
7290013144393,false,תמצית אפיה בטעם וניל מימונס (50 מל),א.ל. ייצור ושיווק תבלינים בע`מ,,,"י""ח",1,,false,1,5.50,5.50,false,1,
7290013144409,false,תמצית אפיה בטעם רום מימונס (50 מל),א.ל. ייצור ושיווק תבלינים בע`מ,,,"י""ח",1,,false,1,5.50,5.50,false,1,
7290013144416,false,"תמצית בטעם שקדים מימונס 50 מ""ל",א.ל. ייצור ושיווק תבלינים בע`מ,,,"י""ח",1,,false,1,4.90,4.90,false,1,
7290013144539,false,צבע מאכל אדום מימונס 50 גרם,א.ל. ייצור ושיווק תבלינים בע`מ,,,"י""ח",1,,false,1,4.90,4.90,false,1,
7290013144751,false,סירופ בטעם מייפל מימונס 500 גרם,א.ל. ייצור ושיווק תבלינים בע`מ,,,"י""ח",500,"ל מ""ל",false,1,14.90,2.98,true,1,
7290013144805,false,אבקת אייס קפה דיאט 320 גרם מימונס,א.ל. ייצור ושיווק תבלינים בע`מ,,,"י""ח",250,ל גרם,false,1,20.90,8.36,true,1,
7290013145017,false,אגוז מלך קלוף מימונס (100 גרם),א.ל. ייצור ושיווק תבלינים בע`מ,,,"י""ח",100,ל גרם,false,1,12.90,12.90,false,1,
7290013145024,false,מיימונס אגוז מלך טחון 100 גרם,א.ל. ייצור ושיווק תבלינים בע`מ,,,"י""ח",100,ל גרם,false,1,13.90,13.90,false,1,
7290013145031,false,אגוזי לוז מסוכרים מיימונס 100 גרם,א.ל. ייצור ושיווק תבלינים בע`מ,,,"י""ח",100,ל גרם,false,1,13.90,13.90,false,1,
7290013145048,false,צנוברים מימונס (100 גרם),א.ל.ייצור ושיווק תבלינים בעמ,,,"י""ח",100,ל גרם,false,1,26.90,26.90,false,1,
7290013145109,false,שקד מולבן טחון מימונס (100 גרם),א.ל. ייצור ושיווק תבלינים בע`מ,,,"י""ח",100,ל גרם,false,1,13.90,13.90,true,1,
7290013145116,false,מיימונס שקד מולבן מקלות 100 גרם.,א.ל. ייצור ושיווק תבלינים בע`מ,,,"י""ח",100,ל גרם,false,1,13.90,13.90,true,1,
7290013145178,false,קוקוס לבן טחון מימונס (100 גרם),א.ל. ייצור ושיווק תבלינים בע`מ,,,"י""ח",100,ל גרם,false,1,4.90,4.90,false,1,
7290013145192,false,שומשום מימונס (100 גרם),א.ל. ייצור ושיווק תבלינים בע`מ,,,"י""ח",100,ל גרם,false,1,4.90,4.90,false,1,
7290013145215,false,שומשום מימונס (400 גרם),א.ל.ייצור ושיווק תבלינים בעמ,,,"י""ח",400,ל גרם,false,1,15.90,3.98,false,1,
7290013145277,false,עלים לקרמשניט מימונס 300 גרם,א.ל.ייצור ושיווק תבלינים בעמ,,,"י""ח",300,ל גרם,false,1,17.90,5.97,true,1,
7290013145437,false,שוקולד מריר מעולה ציפס מימונס 250 ג',א.ל. ייצור ושיווק תבלינים בע`מ,,,"י""ח",250,ל גרם,false,1,13.90,5.56,false,1,
7290013145444,false,שוקולד מריר מעולה ציפס 66% מימונס 250 ג',א.ל. ייצור ושיווק תבלינים בע`מ,,,"י""ח",250,"ל מ""ל",false,1,16.90,6.76,false,1,
7290013145529,false,סוכריות צבעוניות לקישוט מיימונס 90 גרם,א.ל. ייצור ושיווק תבלינים בע`מ,,,"י""ח",1,,false,1,5.90,5.90,false,1,
7290013145536,false,סוכריות לקישוט בטעם שוקולד מיימונס 85 גרם,א.ל. ייצור ושיווק תבלינים בע`מ,,,"י""ח",1,,false,1,5.90,5.90,false,1,
7290013145567,false,מיימונס מיני מיני עדשים 90 גרם.,א.ל.ייצור ושיווק תבלינים בעמ,,,"י""ח",1,,false,1,10.90,10.90,false,1,
7290013145628,false,סוכריות צבעוניות לקישוט מימונס 200 גרם,א.ל. ייצור ושיווק תבלינים בע`מ,,,"י""ח",400,ל גרם,false,1,8.90,2.23,false,1,
7290013145659,false,ג'לי בטעם לימון מימונס 85 גרם,א.ל.יצור ושיווקתבלינים בעמ,,,"י""ח",85,ל גרם,false,1,5.90,6.94,false,1,
7290013145710,false,מיימונס דובדבנים מסוכרים 100 גרם,א.ל. ייצור ושיווק תבלינים בע`מ,,,"י""ח",100,ל גרם,false,1,9.90,9.90,false,1,
7290013145840,false,סוכר וניל מימונס 10יח בצלופן,א.ל. ייצור ושיווק תבלינים בע`מ,,,"י""ח",10,"י""ח",false,1,3.50,0.35,false,1,
7290013145857,false,אבקת אפיה מימונס 10יח בצלופן,א.ל. ייצור ושיווק תבלינים בע`מ,,,"י""ח",10,"י""ח",false,1,2.90,0.29,false,1,
7290013145918,false,אבקת סוכר מימונס (100 גרם),א.ל. ייצור ושיווק תבלינים בע`מ,,,"י""ח",100,ל גרם,false,1,2.50,2.50,false,1,
7290013145956,false,שמרים יבשים בוואקום מיימונס 500 גרם,א.ל. ייצור ושיווק תבלינים בע`מ,,,"י""ח",500,ל גרם,false,1,14.50,2.90,false,1,
7290013145963,false,שמרים יבשים בוואקום מיימונס 125 גרם,א.ל. ייצור ושיווק תבלינים בע`מ,,,"י""ח",125,ל גרם,false,1,6.50,5.20,false,1,
7290013145970,false,קורנפלור מימונס בשקית 200 ג',א.ל. ייצור ושיווק תבלינים בע`מ,,,"י""ח",100,ל גרם,false,1,4.50,4.50,false,1,
7290013146199,false,מלית קרם נוגט 350 גרם מימונס,א.ל ייצור ושיווק תבלינים בעמ,,,"י""ח",350,ל גרם,false,1,15.90,4.54,true,1,
7290013146267,false,"פודינג בטעם וניל שקית מימונס 1 ק""ג",א.ל ייצור ושיווק תבלינים בעמ,,,"י""ח",1,"ק""ג",false,1,20.90,20.90,false,1,
7290013146403,false,סירופ בטעם קרמל מלוח מימונס 500 גרם,א.ל.ייצור ושיווק תבלינים בעמ,,,"י""ח",50,ל גרם,false,1,16.90,33.80,false,1,
7290013146427,false,נשיקות לקישוט צבע לבן מימונס 60 גרם,א.ל.יצור ושיווקתבלינים בעמ,,,"י""ח",1,,false,1,15.90,15.90,true,1,
7290013146441,false,נשיקות לקישוט צבע ורוד מימונס 60 גרם,א.ל ייצור ושיווק תבלינים בעמ,,,"י""ח",1,,false,1,15.90,15.90,true,1,
7290013146656,false,כוכבים תכלת ירוק לבן לקישוט 60 גר`מימונ,א.ל.ייצור ושיווק תבלינים בעמ,,,"י""ח",60,ל גרם,false,1,11.90,19.83,false,1,
7290013146663,false,אטריות צבעוניות לקישוט מימונס 55 גרם,א.ל.ייצור ושיווק תבלינים בעמ,,,"י""ח",55,ל גרם,false,1,11.90,21.64,true,1,
7290013146670,false,סוכריות לב סגול ורוד לבן לקישוט 60 גרם,א.ל.ייצור ושיווק תבלינים בעמ,,,"י""ח",60,ל גרם,false,1,11.90,19.83,true,1,
7290013146816,false,אבקת סוכר שקית 500 מימונס,א.ל.ייצור ושיווק תבלינים בעמ,,,"י""ח",200,ל גרם,false,1,7.70,3.85,false,1,
7290013146854,false,קוקוס לבן טחון מימונס 400 ג',א.ל.יצור ושיווקתבלינים בעמ,,,"י""ח",1,,false,1,15.90,15.90,false,1,
7290013156006,false,עוגיות כעכים לקפה מרוקאיות 200גר,הלל בן הלל שיווק ומסחר בעמ,,,"י""ח",300,ל גרם,false,1,16.90,5.63,false,1,
7290013156020,false,מארז עוגות בחושות 350גר,הלל בן הלל שיווק ומסחר בעמ,,,"י""ח",350,ל גרם,false,1,39.90,11.40,false,1,
7290013156822,false,עוגיות רייף 350ג גאקובס,הלל בן הלל שיווק ומסחר בעמ,,,"י""ח",350,ל גרם,false,1,16.90,4.83,false,1,
7290013156846,false,עוגיות מלוחןת גאקובס,הלל בן הלל שיווק ומסחר בעמ,,,"י""ח",350,ל גרם,false,1,16.90,4.83,false,1,
7290013156914,false,עוגיות כעך טוניסאי 350גר,הלל בן הלל שיווק ומסחר בעמ,,,"י""ח",350,ל גרם,false,1,16.90,4.83,false,1,
7290013156921,false,עוגיות מרוקאיות ללא סוכר,הלל בן הלל שיווק ומסחר בעמ,,,"י""ח",350,ל גרם,false,1,16.90,4.83,false,1,
7290013215017,false,פטריות זוגות חוות השמפניון,ביכורי השדה צפון 1994 ג.ד. בעמ,,,"י""ח",1,,false,1,18.90,18.90,false,1,
7290013267665,false,סולרו מיני קלאסי - פירות טרופיים (חלבי),"מיוצר ע""\י גלידת שטראוס",,,"י""ח",354,ל גרם,false,1,24.90,7.03,false,1,
7290013268020,false,מקסימה מרכך כביסה מרוכז בניחוח אולטרא פרש סנו 1 ליטר,החברה הדרומית לשיווק בעמ,,,"י""ח",1,ליטר,false,1,19.90,19.90,false,1,
7290013268037,false,מקסימה מרכך כביסה מרוכז בניחוח לבנדר פצ'ולי סנו 1 ליטר,החברה הדרומית לשיווק בעמ,,,"י""ח",1,ליטר,false,1,19.90,19.90,false,1,
7290013268242,false,תרכיז ריחני לניקוי רצפות בריח מלון מפנק ריצפז פרש,החברה הדרומית לשיווק בעמ,,,"י""ח",1.45,ליטר,false,1,22.90,15.79,false,1,
7290013268884,false,"נוזל רצפות מאסק 2 ליטר ""ריצפז פרש""",החברה הדרומית לשיווק בעמ,,,"י""ח",2,ליטר,false,1,19.90,9.95,false,1,
7290013269003,false,מרכך כביסה סופר מרוכז בייבי לתינוקות ולעור רגיש,החברה הדרומית לשיווק בעמ,,,"י""ח",1,ליטר,false,1,19.90,19.90,false,1,
7290013269263,false,ג'ל כביסה מרוכז מקסימה בבישום קריסטל נואר,החברה הדרומית לשיווק בעמ,,,"י""ח",3,ליטר,false,1,34.90,11.63,false,1,
7290013269287,false,סנו - מקסימה ג'ל כביסה מרוכז מאסק 3 ליטר,החברה הדרומית לשיווק בעמ,,,"י""ח",3,ליטר,false,1,34.90,11.63,false,1,
7290013276117,false,"בקבוק בירה נגב אואזיס 330 מ""ל",הכרם - משקאות חריפים בעמ,,,"י""ח",330,"ל מ""ל",false,1,14.90,4.42,true,1,
7290013284310,false,רוטב פסטה לילדים פריניר 240 גרם,ח.כהן סוכנות מזון ומשקאות בע,,,"י""ח",70,ל גרם,false,1,5.90,8.43,false,1,
7290013284662,false,רוטב פיצה פיתה לילדים 240 ג' פריניר,ח.כהן סוכנות מזון ומשקאות בע,,,"י""ח",70,ל גרם,false,1,6.70,9.57,false,1,
7290013310101,false,"שיפודי במבוק ג'מבו 50 יח' עובי 5 מ""מ אורך 30 ס""מ",הדקלאים אגודת שיתופי,,,"י""ח",1,,false,1,5,5,false,1,
7290013310118,false,"ממחטות כיס שישיה תלת שכבתי ""פנטזיה""",אינטרסן (1996) בעמ,,,"י""ח",1,,false,1,3.90,3.90,true,1,
7290013310163,false,מדליקי פחם מוצק איזי לייט) (40,הדקלאים אגודת שיתופי,,,"י""ח",40,"י""ח",false,1,6.50,0.16,false,1,
7290013310385,false,כפפות ניטריל M כחולות ללא אבקה 80 יח' EASY TOUCH,אינטרסן (1996) בעמ,,,"י""ח",80,"י""ח",false,1,24.90,0.31,true,1,
7290013310408,false,כפפות ניטריל XL כחולות ללא אבקה 80 יח' EASY TOUCH,אינטרסן (1996) בעמ,,,"י""ח",80,"י""ח",false,1,24.90,0.31,true,1,
7290013358356,false,פירורי לחם מוזהבים מאסטר שף (320גרם),ש. שסטוביץ בע`מ,,,"י""ח",320,ל גרם,false,1,8.30,2.59,false,1,
7290013358530,false,מאסטר שף אסייאתי רוטב צ'ילי מתוק 700 מל כשלפ,קריניציה ויטמינה אס,,,"י""ח",700,"ל מ""ל",false,1,13.90,1.99,false,1,
7290013358547,false,מאסטר שף אסייאתי רוטב צ'ילי חריף 700 מל כשלפ,קי.אר.אס. ספייסי פוד,,,"י""ח",700,"ל מ""ל",false,1,13.90,1.99,false,1,
7290013361981,false,צ'יפס קפוא חתוך פרי הגליל,ויטה- פרי גליל (החדשה) בעמ,,,"י""ח",2,"ק""ג",false,1,27.90,13.95,false,1,
7290013361998,false,"סטייק צ'יפס פרי הגליל 2 ק""ג",ויטה- פרי גליל (החדשה) בעמ,,,"י""ח",2,"ק""ג",false,1,27.90,13.95,false,1,
7290013412409,false,טופד סופגנית מקסי 15,שקד תבל בעמ,,,"י""ח",15,"י""ח",false,1,9.90,0.66,true,1,
7290013412966,false,רבעיית מגבונים תולי 72*4 יחידות,שקד תבל בעמ,,,"י""ח",4,"י""ח",false,1,12.90,3.23,true,1,
7290013472892,false,בולגריה קוביות במי מלח - מרכיבי חלב ושומן צמחי,ג.וילי-פוד אינטרנשיונל **גבינו,,,"י""ח",200,ל גרם,false,1,11.90,5.95,false,1,
7290013492005,false,תפוח אדמה אדום למיקרו 600 ג',ביכורי השדה צפון 1994 ג.ד. בעמ,,,"י""ח",1,,false,1,9.90,9.90,true,1,
7290013525260,false,שמיר חציל במיונז 160,"סלטי שמיר 2006 בע""מ",,,"י""ח",160,ל גרם,false,1,6.30,3.94,false,1,
7290013525727,false,חומוס עם רוטב מסבחה 160 גרם,סלטי שמיר2006בעמ,,,"י""ח",160,ל גרם,false,1,6.30,3.94,false,1,
7290013525741,false,חומוס עם רוטב חריף 160 גרם,"סלטי שמיר 2006 בע""מ",,,"י""ח",160,ל גרם,false,1,6.30,3.94,false,1,
7290013531117,false,רוטב פסטה לילדים יכין (240 גר`),"זנלכל בע""\מ",,,"י""ח",240,ל גרם,false,1,6.50,2.71,false,1,
7290013531346,false,סירופ דיאט בטעם לימונענע יכין 1 ליטר,זנלכול יכין,,,"י""ח",1,ליטר,false,1,21.90,21.90,false,1,
7290013531612,false,רוטב לפסטה נפוליטנה יכין 240 גרם,זנלכול יכין,,,"י""ח",240,ל גרם,false,1,6.50,2.71,false,1,
7290013531759,false,שעועית לבנה מבושלת במים יכין (550 גרם),זנלכול יכין,,,"י""ח",600,ל גרם,false,1,11.90,1.98,false,1,
7290013534057,false,"צ'יפס בטטה טבעי מיה 100ג' 'כשל""פ",מיה תעשיות מזון מ.ת.מ. בעמ,,,"י""ח",100,ל גרם,false,1,9.90,9.90,true,1,
7290013579416,false,אננס קפוא 250 גרם - Shake It,בלדי בעמ,,,"י""ח",250,ל גרם,false,1,14.90,5.96,false,1,
7290013585233,false,"ספרייט זירו פחית סליק 330 מ""ל",החברה המרכזית להפצת משקאות בעמ,,,"י""ח",330,"ל מ""ל",false,1,4.90,1.39,true,1,
7290013585387,false,בקבוק זירו קוקה-קולה (1 ליטר),החברה המרכזית להפצת משקאות בעמ,,,"י""ח",1,ליטר,false,1,7.70,7.70,false,1,
7290013585394,false,בקבוק קוקה-קולה (1 ליטר),החברה המרכזית להפצת משקאות בעמ,,,"י""ח",1,ליטר,false,1,7.70,7.70,false,1,
7290013608260,false,מיץ רימונים 100%מיץ סחוט טרי מצונן 1ליט,שטראוס גרופ בעמ/מצונן,,,"י""ח",1,ליטר,false,1,26.10,26.10,false,1,
7290013625403,false,חצאי אפרסק צ'ויס בסירופ 470גרם,טעמן שווק מזון בעמ,,,"י""ח",820,ל גרם,false,1,11.90,1.45,false,1,
7290013625670,false,סינטטי חומצה אצטית מדוללת למזון 5%,טעמן שווק מזון בעמ,,,"י""ח",1,ליטר,false,1,3.90,3.90,false,1,
7290013677648,false,שמן זית למאור מיה 1 ליטר,מיה תעשיות מזון מ.ת.מ. בעמ,,,"י""ח",100,"ל מ""ל",false,1,18.90,18.90,false,1,
7290013713001,false,"בירה JEM'S אמבר אייל בקבוק 330 מ""ל",אגודת הכורמים,,,"י""ח",330,"ל מ""ל",false,1,12.90,3.82,true,1,
7290013724939,false,משוקלדים חמוציות מריר 140 גר' קופסא,דין שיווק וקליה 2021 בעמ,,,"י""ח",140,ל גרם,false,1,12.90,9.21,false,1,
7290013724946,false,שקדים בשוקולד מריר בקופסא 140 גרם,דין שיווק וקליה 2021 בעמ,,,"י""ח",140,ל גרם,false,1,13.90,9.93,false,1,
7290013724953,false,חמוציות בציפוי שוקולד בקופסא שקדיה 140 גרם,דין שיווק וקליה 2021 בעמ,,,"י""ח",140,ל גרם,false,1,12.90,9.21,false,1,
7290013724960,false,שקדים בציפוי שוקולד בקופסא שקדיה 140 גרם,דין שיווק וקליה 2021 בעמ,,,"י""ח",140,ל גרם,false,1,12.90,9.21,false,1,
7290013724977,false,צימוקים בשוקולד מריר בקופסא 140 גרם,דין שיווק וקליה 2021 בעמ,,,"י""ח",140,ל גרם,false,1,12.90,9.21,false,1,
7290013724991,false,אגוזי לוז בציפוי שוקולד בקופסא שקדיה 140 גרם,דין שיווק וקליה 2021 בעמ,,,"י""ח",140,ל גרם,false,1,13.90,9.93,false,1,
7290013725820,false,אגוזי לוז בשוקולד מריר בקופסא 140 גרם,דין שיווק וקליה 2021 בעמ,,,"י""ח",140,ל גרם,false,1,15.80,11.29,false,1,
7290013725837,false,שומשום בציפוי שוקולד בקופסא שקדיה 140 גרם,דין שיווק וקליה 2021 בעמ,,,"י""ח",140,ל גרם,false,1,12.90,9.21,false,1,
7290013725844,false,שומשום בשוקולד מריר בקופסא 140 גרם,דין שיווק וקליה 2021 בעמ,,,"י""ח",140,ל גרם,false,1,12.90,9.21,false,1,
7290013847119,false,טונה סטארקיסט בשמן קנולה רביעיות בישול י,דיפלומט מפיצים (1968) בעמ**,,,"י""ח",560,ל גרם,false,1,27.90,4.98,true,1,
7290013847867,false,מארז זוג טונה בשמן סויה 140 ג' סטארקיסט,דיפלומט מפיצים (1968) בעמ**,,,"י""ח",280,ל גרם,false,1,12.90,4.61,true,1,
7290013848383,false,קרמה מן גל רחצה אקטיב בלוק 700 מל לגבר,החברה הדרומית לשיווק בעמ,,,"י""ח",1,,false,1,19.90,19.90,false,1,
7290013861054,false,צימוקים בשוקולד חלב בקופסא 140 גרם,דין שיווק וקליה 2021 בעמ,,,"י""ח",140,ל גרם,false,1,13.90,9.93,false,1,
7290013861061,false,בוטנים בשוקולד חלב בקופסא 160 גרם,דין שיווק וקליה 2021 בעמ,,,"י""ח",160,ל גרם,false,1,13.90,8.69,false,1,
7290013883148,false,סופג ריחות במקרר ווליט 40 גרם,יעקב יעקבי ובניו בעמ,,,"י""ח",300,"ל מ""ל",false,1,17.30,5.77,false,1,
7290013906489,false,חטיפי מיני קבנוס טירת צבי 120 גרם,תנובה מרכז שיתופי לשיווק תוצרת,,,"י""ח",120,ל גרם,false,1,12.90,10.75,false,1,
7290013906687,false,פסט' צמד כפרית ברביקיו ודבש 300X2ג' טירת צבי,תנובה מרכז שיתופי לשיווק תוצרת,,,"י""ח",600,ל גרם,false,1,29.90,4.98,false,1,
7290013906700,false,"נקניקיות הודו טירת צבי כשרות הרב מחפוד 1.5 ק""ג",תנובה מרכז שיתופי לשיווק תוצרת,,,"י""ח",1.50,"ק""ג",false,1,39.90,26.60,false,1,
7290013906984,false,סלמי תה טירת צבי מחפוד 300 גרם,טיב טירת צבי 2000,,,"י""ח",300,ל גרם,false,1,24.90,8.30,false,1,
7290013927019,false,עוגיות דקליות בטעם קינמון אחוה (400 גרם),אחדות ביתחרושת לטחינה חלבה,,,"י""ח",400,ל גרם,false,1,10.90,2.73,false,1,
7290013927057,false,א. עוגיות שוקולד צ'יפס במגש 400 גר',"אחדות בע""מ",,,"י""ח",400,ל גרם,false,1,10.90,2.73,false,1,
7290013927064,false,א. עוגיות גרנולה עם פירות יער 400 ג'-אחווה,אחדות ביתחרושת לטחינה חלבה,,,"י""ח",400,ל גרם,false,1,10.90,2.73,false,1,
7290013927804,false,"טחינה גולמית משומשום מלא אחוה 1 ק""ג",אחדות ביחר לטחינה חל,,,"י""ח",1,"ק""ג",false,1,21.90,21.90,false,1,
7290014002197,false,חליטת קמומיל ולימונית הגן הקסום ויסוצקי 25 יחידות,תה ויסוצקי (ישראל) בעמ,,,"י""ח",37.50,ל גרם,false,1,18.90,50.40,true,1,
7290014002203,false,חליטת לימונית ולואיזה הגן הקסום ויסוצקי 25 יחידות,תה ויסוצקי (ישראל) בעמ,,,"י""ח",37.50,ל גרם,false,1,18.90,50.40,true,1,
7290014002470,false,תה ויסוצקי קלאסיק - מארז 75 שקיקים,תה ויסוצקי (ישראל) בעמ,,,"י""ח",75,"י""ח",false,1,13.90,0.19,false,1,
7290014002944,false,גן קסום חליטת פירות וצמחים חמדת שקד 25 שקיקים,תה ויסוצקי (ישראל) בעמ,,,"י""ח",1,,false,1,18.90,18.90,true,1,
7290014046047,false,פסטרמת מעודנת ברביקיו 2יח*300גר,מעדני יחיעם ( 1993 ) בע`מ,,,"י""ח",600,ל גרם,false,1,24.90,4.15,false,1,
7290014046757,false,סלמי תה יחיעם (300 גרם),מעדני יחיעם (1993) בעמ,,,"י""ח",300,ל גרם,false,1,21.90,7.30,false,1,
7290014046764,false,סלמי פפרוני יחיעם 200 גרם,מעדני יחיעם (1993) בעמ,,,"י""ח",200,ל גרם,false,1,12.90,6.45,false,1,
7290014068353,false,לחם מחמצת,מאפיית הראשונים מ.ל. בעמ,,,"י""ח",1,"י""ח",false,1,16.90,16.90,false,1,
7290014069251,false,לחמניה קלועה 60 ג`,מאפיית הראשונים מ.ל. בעמ,,,"י""ח",1,"י""ח",false,1,2.50,2.50,false,1,
7290014072084,false,כרוב לבן מהדרין-קטיף הטבע,ביכורי השדה צפון 1994 ג.ד. בעמ,,,"ק""ג",1,,true,1,2.90,2.90,false,1,
7290014072091,false,כרוב אדום י.ש ירקות עלים,ביכורי השדה צפון 1994 ג.ד. בעמ,,,"ק""ג",1,,true,1,3.90,3.90,false,1,
7290014083479,false,גבינה פרוסה גאודה 27% שומן EURO CHEESE ויליפוד 150 גרם,ג.וילי פוד אינטרנשיונל בעמ,,,"י""ח",150,ל גרם,false,1,9.90,6.60,false,1,
7290014094352,false,אגוז מלך טבעי ששון הקולה (200 גרם),דין שיווק וקליה 2021 בעמ,,,"י""ח",250,ל גרם,false,1,15.90,6.36,false,1,
7290014094390,false,חמוציות מסוכרות ששון הקולה 250 גר`,דין שיווק וקליה 2021 בעמ,,,"י""ח",250,ל גרם,false,1,15.90,6.36,false,1,
7290014094543,false,תרסיס שמן קנולה מזוכך 186 מל שקדיה,דין שיווק וקליה 2021 בעמ,,,"י""ח",250,"ל מ""ל",false,1,14.90,5.96,false,1,
7290014094628,false,פקאן טבעי ששון הקולה (200 גרם),דין שיווק וקליה 2021 בעמ,,,"י""ח",200,ל גרם,false,1,27.90,13.95,false,1,
7290014094642,false,אגוזי קשיו טבעיים ששון הקולה (250 גרם),דין שיווק וקליה 2021 בעמ,,,"י""ח",200,ל גרם,false,1,20.90,10.45,false,1,
7290014094826,false,שזיפים ללא גלעין בשקית ששון הקולה 300 גרם,דין שיווק וקליה 2021 בעמ,,,"י""ח",300,ל גרם,false,1,23.90,7.97,false,1,
7290014094833,false,צימוק בהיר 300 גרם ששון הקולה,דין שיווק וקליה 2021 בעמ,,,"י""ח",300,ל גרם,false,1,13.90,4.63,false,1,
7290014094895,false,אגוזים קלופים בשקית ששון הקולה 150 גרם,דין שיווק וקליה 2021 בעמ,,,"י""ח",150,ל גרם,false,1,13.90,9.27,false,1,
7290014095861,false,שיבולת שועל דקה בשקית שקדיה 500 גרם,דין שיווק וקליה 2021 בעמ,,,"י""ח",500,ל גרם,false,1,8.40,1.68,false,1,
7290014095946,false,משוקלדים פקאן בשוקולד מריר 140 גרם,דין שיווק וקליה 2021 בעמ,,,"י""ח",140,ל גרם,false,1,12.90,9.21,false,1,
7290014095953,false,פקאן בציפוי שוקולד בקופסא שקדיה 140 גרם,דין שיווק וקליה 2021 בעמ,,,"י""ח",140,ל גרם,false,1,12.90,9.21,false,1,
7290014095960,false,שיבולת שועל עבה בשקית שקדיה 500 גרם,דין שיווק וקליה 2021 בעמ,,,"י""ח",500,ל גרם,false,1,8.40,1.68,false,1,
7290014126428,false,מרמולייט סטיביה ממתיק 150 טבליות,מיוצר עי קונדיטוריית,,,"י""ח",150,ל גרם,false,1,25.90,17.27,false,1,
7290014204560,false,"פנינהרוזנבלום- סבון נוזלי לידיים שלישיה,3*500 מ""ל","פנינה רוזנבלום בע""מ",,,"י""ח",0.50,ליטר,false,1,14.90,29.80,true,1,
7290014204645,false,"שמפו קרטין לאחר החלקה 750 מ""ל פנינה רוזנבלום","פנינה רוזנבלום בע""מ",,,"י""ח",750,"ל מ""ל",false,1,24.90,3.32,false,1,
7290014204768,false,"תרסיס גוף מס' 3 250 מ""ל פנינה רוזנבלום",פנינה רוזנבלום בעמ,,,"י""ח",250,"ל מ""ל",false,1,29.90,11.96,false,1,
7290014205000,false,צלחות גדולות 50 יחידות,ח.כהן סוכנות מזון ומשקאות בע,,,"י""ח",50,"י""ח",false,1,14.90,0.30,false,1,
7290014205024,false,"קעריות אובלי ח""פ לבן 25 יח!",ח.כהן סוכנות מזון ומשקאות בע,,,"י""ח",30,"י""ח",false,1,5.90,0.20,true,1,
7290014205031,false,"לפתניה לבן 25 יח ""שווה"" *",ח.כהן סוכנות מזון ומשקאות בע,,,"י""ח",25,"י""ח",false,1,4.90,0.20,true,1,
7290014205048,false,disposable plastic 17 cm soup plate 25,ח.כהן סוכנות מזון ומשקאות בע,,,"י""ח",2500,ל גרם,false,1,7.90,0.32,false,1,
7290014205055,false,"צלחת עמוקה""שווה""30יח לבן",ח.כהן סוכנות מזון ומשקאות בע,,,"י""ח",30,"י""ח",false,1,14.90,0.50,false,1,
7290014205062,false,"כוסות ח""פ פלסטיק 100""שווה"".",ח.כהן סוכנות מזון ומשקאות בע,,,"י""ח",100,"י""ח",false,1,7.90,0.08,false,1,
7290014205093,false,דבש 350ג שווה,ח.כהן סוכנות מזון ומשקאות בע,,,"י""ח",350,ל גרם,false,1,18.90,5.40,false,1,
7290014205116,false,כוסות שקוף שמש 140יח שווה,ח.כהן סוכנות מזון ומשקאות בע,,,"י""ח",140,"י""ח",false,1,16.90,0.12,false,1,
7290014205130,false,צלחות גדול קרם / לבן/ בורדו/ זהב 25 יח,ח.כהן סוכנות מזון ומשקאות בע,,,"י""ח",2500,ל גרם,false,1,11.90,0.48,false,1,
7290014205147,false,"צלחת קטן צבעוני 25 יח ""שווה"" *",ח.כהן סוכנות מזון ומשקאות בע,,,"י""ח",25,"י""ח",false,1,6.90,0.28,false,1,
7290014205154,false,קעריות אובלי קרם /בורדו זהב 25 יח,ח.כהן סוכנות מזון ומשקאות בע,,,"י""ח",2500,ל גרם,false,1,5.90,0.24,false,1,
7290014205161,false,disposable plastic 12.5 cm compote plate,ח.כהן סוכנות מזון ומשקאות בע,,,"י""ח",2500,ל גרם,false,1,4.90,0.20,false,1,
7290014205178,false,"מרקיה צבעוני ""שווה"" 25יח",ח.כהן סוכנות מזון ומשקאות בע,,,"י""ח",2500,ל גרם,false,1,8.90,0.36,false,1,
7290014205208,false,סכינים שקוףשווה צבעוני 50 יחידות יצרןמותג: חכהן,ח.כהן סוכנות מזון ומשקאות בע,,,"י""ח",50,"י""ח",false,1,9.90,0.20,false,1,
7290014205604,false,"פחם 2 ק""ג""שווה"" דרום אמריקאי משובח",ח.כהן סוכנות מזון ומשקאות בע,,,"י""ח",2,"ק""ג",false,1,26.90,13.45,false,1,
7290014205673,false,שמן סויה מזוכך 1 ליטר,ח.כהן סוכנויות מזון ומשקאות***,,,"י""ח",1,ליטר,false,1,9.90,9.90,false,1,
7290014205697,false,אננס חתוך 565 גר`A2 שווה* (24 בקרטו,ח.כהן סוכנות מזון ומשקאות בע,,,"י""ח",600,ל גרם,false,1,7.90,1.32,true,1,
7290014205765,false,מפות שולחן 8* עבה במיוחד 1.35/2.4 מ`שו,ח.כהן סוכנות מזון ומשקאות בע,,,"י""ח",25,"י""ח",false,1,11.90,0.48,false,1,
7290014205796,false,"שקיות מזון זוג בקופסה 150*2 יח ""שווה""*",ח.כהן סוכנות מזון ומשקאות בע,,,"י""ח",750,"ל מ""ל",false,1,11.90,1.59,false,1,
7290014205802,false,שקיות הקפאה שווה 200יח זוג,ח.כהן סוכנות מזון ומשקאות בע,,,"י""ח",200,"י""ח",false,1,7.90,0.04,false,1,
7290014205819,false,"שקיות אפור ""75/90 שווה""20 יח`ממוחזר",ח.כהן סוכנות מזון ומשקאות בע,,,"י""ח",20,"י""ח",false,1,17.90,0.90,true,1,
7290014205857,false,"שקיות אפור ""75/90 שווה""20 יח`ממוחזר.",ח.כהן סוכנות מזון ומשקאות בע,,,"י""ח",20,"י""ח",false,1,11.90,0.60,true,1,
7290014205864,false,"שקיות כתום 75/90 ""שווה"" 50יח",ח.כהן סוכנות מזון ומשקאות בע,,,"י""ח",50,"י""ח",false,1,8.90,0.18,false,1,
7290014206250,false,מפיות נייר 1/80 מעוטרות שווה,ח.כהן סוכנות מזון ומשקאות בע,,,"י""ח",80,"י""ח",false,1,6.90,0.09,true,1,
7290014206410,false,מארז זוג חלונות 2 ל`משאבה+מילוי שווה*,ח.כהן סוכנות מזון ומשקאות בע,,,"י""ח",2,ליטר,false,1,8.90,4.45,false,1,
7290014206526,false,שקיות מזון מרשרש 150יח *3+מדבקות שווה,ח.כהן סוכנות מזון ומשקאות בע,,,"י""ח",1,,false,1,14.90,14.90,true,1,
7290014206571,false,קינוחיות משולש ענק+מכסה שווה,ח.כהן סוכנות מזון ומשקאות בע,,,"י""ח",12,"י""ח",false,1,9.90,0.83,false,1,
7290014206885,false,אנשובי ארוך בפח בשמן חמניות 77ג שווה,ח.כהן סוכנות מזון ומשקאות בע,,,"י""ח",77,ל גרם,false,1,6.90,8.96,false,1,
7290014206892,false,אנשובי צנצנת 100 ג` שמן חמניות שווה*,ח.כהן סוכנות מזון ומשקאות בע,,,"י""ח",100,ל גרם,false,1,12.90,12.90,false,1,
7290014206908,false,אננס שלם A2 שווה,ח.כהן סוכנות מזון ומשקאות בע,,,"י""ח",227,ל גרם,false,1,7.90,3.48,false,1,
7290014206915,false,"לפתניה קשוף ""שווה"" 20יח",ח.כהן סוכנות מזון ומשקאות בע,,,"י""ח",2000,ל גרם,false,1,5.90,0.30,false,1,
7290014206939,false,"מרקיה קשופה ""שווה"" 20יח",ח.כהן סוכנות מזון ומשקאות בע,,,"י""ח",2000,ל גרם,false,1,11.90,0.60,false,1,
7290014206960,false,"צלחת ענקית קשופה ""שווה"" 20יח",ח.כהן סוכנות מזון ומשקאות בע,,,"י""ח",2000,ל גרם,false,1,24.90,1.25,true,1,
7290014217027,false,עוף T130 -BUL בקופ' 120 גר' טעם וריח,"תבליני טעם וריח בע""מ",,,"י""ח",120,ל גרם,false,1,15.80,13.17,false,1,
7290014217140,false,"מיכל ראס אל חנות 100 גר' ""טעם וריח""","תבליני טעם וריח בע""מ",,,"י""ח",1,,false,1,9.90,9.90,true,1,
7290014217157,false,תיבול טוסקנה בקופ' 120 גר' טעם וריח,"תבליני טעם וריח בע""מ",,,"י""ח",1,,false,1,9.90,9.90,true,1,
7290014217355,false,קרי אבקה בקופ' 100 גר' טעם וריח,"תבליני טעם וריח בע""מ",,,"י""ח",1,,false,1,9.90,9.90,true,1,
7290014218321,false,בורקס אישי יפו גבינה מעדנות 600 גרם,תנובה מרכז שיתופי לשיווק תוצרת,,,"י""ח",600,ל גרם,false,1,19.90,3.32,false,1,
7290014218338,false,"בורקס אישי יפו תפו""א מעדנות 600 גרם",מיוצר עי קונדיטוריית,,,"י""ח",600,ל גרם,false,1,17.90,2.98,false,1,
7290014218932,false,חטיפי פיצה בתוספ זיתים בשקית מעדנות 710 גרם,מיוצר עי קונדיטוריית,,,"י""ח",710,ל גרם,false,1,37.90,5.34,false,1,
7290014256620,false,"יין מבעבע קריניאנו באזז יקבי כרמל 750 מ""ל",אגודת הכורמים -כרמל מזרחי,,,"י""ח",750,"ל מ""ל",false,1,27.90,3.68,true,1,
7290014258716,false,תרכובת מזון צמחי על בסיס חלבון סויה מגיל לידה,קבוצת אוסם סחר שותפות מוגבלת,,,"י""ח",700,ל גרם,false,1,63.90,9.13,true,1,
7290014288058,false,"להבונים 50 שקית ""שווה""",ח.כהן סוכנות מזון ומשקאות בע,,,"י""ח",1,,false,1,10.90,10.90,true,1,
7290014288072,false,כריות יפניות רביעייה שווה,ח.כהן סוכנות מזון ומשקאות בע,,,"י""ח",1,"י""ח",false,1,6.90,6.90,false,1,
7290014288089,false,סרטי קירצוף זוגות שווה איכותי,ח.כהן סוכנות מזון ומשקאות בע,,,"י""ח",10,"י""ח",false,1,5.90,0.59,false,1,
7290014288119,false,"ממרקות מתכת 4 יח ""שווה"" *",ח.כהן סוכנות מזון ומשקאות בע,,,"י""ח",1,,false,1,5.90,5.90,false,1,
7290014288195,false,מפת שולחן אל בד 1.8/1.1,ח.כהן סוכנות מזון ומשקאות בע,,,"י""ח",1.80,מטר,false,1,6.90,3.83,false,1,
7290014288201,false,מארז מטליות מיקרופייבר שווה,ח.כהן סוכנות מזון ומשקאות בע,,,"י""ח",400,"ל מ""ל",false,1,12.90,3.23,false,1,
7290014288300,false,עלי טורטייה שווה 8 יח' 320 גרם,ח.כהן סוכנות מזון ומשקאות בע,,,"י""ח",320,ל גרם,false,1,10.90,3.41,true,1,
7290014288317,false,עלי טורטייה שווה 6 יח' 420 גרם,ח.כהן סוכנות מזון ומשקאות בע,,,"י""ח",320,ל גרם,false,1,10.90,3.41,true,1,
7290014288324,false,עלי טורטייה מקמח מלא שווה 8 יח' 320 גרם,ח.כהן סוכנות מזון ומשקאות בע,,,"י""ח",320,ל גרם,false,1,10.90,3.41,true,1,
7290014288331,false,נודלס HOT CUP טעם עוף 60ג שווה*,ח.כהן סוכנות מזון ומשקאות בע,,,"י""ח",60,ל גרם,false,1,4.90,8.17,true,1,
7290014288355,false,נודלס HOT CUP טעם בקר 60ג שווה*,ח.כהן סוכנות מזון ומשקאות בע,,,"י""ח",60,ל גרם,false,1,4.90,8.17,true,1,
7290014288379,false,"ערמונים 100 גר` ""שווה""",ח.כהן סוכנות מזון ומשקאות בע,,,"י""ח",100,ל גרם,false,1,5.90,5.90,true,1,
7290014288393,false,"רוטב סויה 500מ""ל שווה",ח.כהן סוכנות מזון ומשקאות בע,,,"י""ח",700,"ל מ""ל",false,1,9.90,1.41,false,1,
7290014288447,false,"נרות חנוכה צבעוניים""שווה"" *-ללא חזרו",ח.כהן סוכנות מזון ומשקאות בע,,,"י""ח",1,,false,1,3.90,3.90,false,1,
7290014288454,false,"נרות חנוכה מיוחדים מהודרים ""שווה"" *",ח.כהן סוכנות מזון ומשקאות בע,,,"י""ח",1,,false,1,7.90,7.90,false,1,
7290014288461,false,נר נשמה שווה 24 שעות,ח.כהן סוכנות מזון ומשקאות בע,,,"י""ח",1,,false,1,2.90,2.90,true,1,
7290014288584,false,נייר אפיה 50 יחידות איכותי שווה*,ח.כהן סוכנות מזון ומשקאות בע,,,"י""ח",50,"י""ח",false,1,9.90,0.20,true,1,
7290014288614,false,רדיד אלומיניום קצר כוכבים גבוה/עבה 16M,ח.כהן סוכנות מזון ומשקאות בע,,,,10,"י""ח",false,1,21.90,2.19,false,1,
7290014288645,false,מגבונים מגבופיל 72יח שווה,ח.כהן סוכנות מזון ומשקאות בע,,,"י""ח",72,"י""ח",false,1,18.90,0.26,true,1,
7290014288720,false,כוסות וודקה 350CC שווה,ח.כהן סוכנות מזון ומשקאות בע,,,,10,"י""ח",false,1,9.90,0.99,false,1,
7290014288737,false,"כוסות חד פעמי מעוטרות 40יח 285מ""ל שווה",ח.כהן סוכנות מזון ומשקאות בע,,,"י""ח",40,"י""ח",false,1,12.90,0.32,false,1,
7290014288980,false,נייר טישו חמישיה (10 יח בקרטון) שווה*,ח.כהן סוכנות מזון ומשקאות בע,,,"י""ח",5,"י""ח",false,1,12.90,2.58,false,1,
7290014298217,false,"בקבוק שתיה קטן 350 מ""ל",מוסקו בעמ,,,"י""ח",1,,false,1,24.90,24.90,false,1,
7290014298996,false,"בקבוק תרמי לשתיה קרה/חמה 500 מ""ל",מוסקו בעמ,,,"י""ח",1,,false,1,59.90,59.90,false,1,
7290014325043,false,פודינג בטעם וניל 1 קג מיה,מיה תעשיות מזון מ.ת.מ. בעמ,,,"י""ח",1,"ק""ג",false,1,23.90,23.90,false,1,
7290014325050,false,קורנפלור 500 גר` מיה ג.,מיה תעשיות מזון מ.ת.מ. בעמ,,,"י""ח",300,ל גרם,false,1,6.90,2.30,false,1,
7290014356061,false,"פסטה ספגטי 500 ג""שדות"" * (20 בקר`)",האחים אגא (א.מ)שיווק בעמ,,,"י""ח",500,ל גרם,false,1,4.90,0.98,true,1,
7290014356245,false,שמן קנולה - שדות מרובע,אחים אגא (א.מ.) שיווק,,,"י""ח",1,ליטר,false,1,12.90,12.90,true,1,
7290014397279,false,שקיות מזון גדולות XL סנו סושי 300 יחידות,החברה הדרומית לשיווק בעמ,,,"י""ח",1,,false,1,12.90,12.90,false,1,
7290014397675,false,סנו מקסימה מרכך כביסה חלב ודבש 4 ליטר,החברה הדרומית לשיווק בעמ,,,"י""ח",4,ליטר,false,1,21.90,5.48,false,1,
7290014397774,false,ריצפז פרש הום טבע רענן 2ל לרצפה,החברה הדרומית לשיווק בעמ,,,"י""ח",1.45,ליטר,false,1,22.90,15.79,false,1,
7290014435360,false,חומוס עם רוטב חריף שמיר 400 גרם,"סלטי שמיר 2006 בע""מ",,,"י""ח",400,ל גרם,false,1,11.90,2.98,true,1,
7290014435377,false,חומוס עם רוטב מסבחה שמיר 400 גרם,סלטי שמיר 2006 בעמ,,,"י""ח",400,ל גרם,false,1,11.90,2.98,true,1,
7290014435391,false,חומוס אורגינל עם גרגירים שמיר 400 גרם,"סלטי שמיר 2006 בע""מ",,,"י""ח",400,ל גרם,false,1,11.90,2.98,true,1,
7290014435704,false,סלמון מעושן פרוס 100ג(שמיר),שבעת הימים - שמיר,,,"י""ח",100,ל גרם,false,1,25.90,25.90,false,1,
7290014435841,false,פילה הרינג עם בצל בשמן מטיאס הולנדי שמיר 200 גרם,סלטי שמיר 2006 בעמ,,,"י""ח",180,ל גרם,false,1,19.90,11.06,false,1,
7290014455252,false,גבינת גרנה פדנו מגורדת 29% גד (100 גרם),מחלבות גד שיווק 1992 בעמ,,,"י""ח",100,ל גרם,false,1,12.40,12.40,true,1,
7290014466128,false,"יין הר חרמון אינדיגו 750 מ""ל",מיוצר וממולא על ידי יקב,,,"י""ח",750,"ל מ""ל",false,1,36.90,4.88,true,1,
7290014466463,false,הר חרמון מוסקט יקב רמת הגולן (750 מל),היכל היין שקד גולן בעמ,,,"י""ח",750,"ל מ""ל",false,1,36.90,4.88,true,1,
7290014471412,false,"מוזלי בוטנים אגוזים ושקדים 1 ק""ג - 412 ירוק שקדיה",דין שיווק וקליה 2021 בעמ,,,"י""ח",0,"ק""ג",false,1,19.90,19.90,true,1,
7290014471429,false,"מוזלי עם פירות 1 ק""ג - 429 סגול שקדיה",דין שיווק וקליה 2021 בעמ,,,"י""ח",0,"ק""ג",false,1,19.90,19.90,true,1,
7290014471443,false,"גרנולה צימוקים אגוזים ושקדים1 ק""ג חדש - 443 כתום שקדיה (כתום)",דין שיווק וקליה 2021 בעמ,,,"י""ח",0,"ק""ג",false,1,19.90,19.90,true,1,
7290014472426,false,קונפיטורה דובדבן 70% פרי 450 גרם שקדיה,דין שיווק וקליה 2021 בעמ,,,"י""ח",450,ל גרם,false,1,13.90,3.09,false,1,
7290014472471,false,גרעיני חמנייה קלוי ענק ששון הקולה 200 גרם,דין שיווק וקליה 2021 בעמ,,,"י""ח",200,ל גרם,false,1,8.90,4.45,false,1,
7290014503137,false,יין אדום יבש יובלים יקב דלתון (750 מל),הכרם - משקאות חריפים בעמ,,,"י""ח",750,"ל מ""ל",false,1,44.90,5.95,true,1,
7290014525306,false,חטיפי סלים דליס קריספי אוכמניות מרבה 125 גרם,סלים דליס Slim Delis,,,"י""ח",120,ל גרם,false,1,13.90,11.58,true,1,
7290014525665,false,מרבה על חלל עוגיות קקאו וסוכריות שוק חלב 140 יח',ש.שסטוביץ בעמ,,,"י""ח",140,ל גרם,false,1,10.90,7.79,false,1,
7290014673014,false,פלפל אנגלי שלם תבליני מימון (90 גרם),א.ל.ייצור ושיווק תבלינים בעמ,,,"י""ח",50,ל גרם,false,1,13.90,27.80,false,1,
7290014673021,false,פלפל שחור שלם תבליני מימון (100 גרם),א.ל.ייצור ושיווק תבלינים בעמ,,,"י""ח",100,ל גרם,false,1,14.90,14.90,false,1,
7290014673038,false,תערובת תיבול טוסקנה מימון 120 גרם,א.ל ייצור ושיווק תבלינים בעמ,,,"י""ח",120,ל גרם,false,1,11.50,9.58,true,1,
7290014673366,false,כורכום טחון תבליני מימון (250 גרם),א.ל. ייצור ושיווק תבלינים בע`מ,,,"י""ח",250,ל גרם,false,1,21.90,8.76,false,1,
7290014673373,false,פפריקה הונגרית חריפה תבליני מימון 250 גרם,א.ל.ייצור ושיווק תבלינים בעמ,,,"י""ח",250,ל גרם,false,1,21.90,8.76,false,1,
7290014673380,false,כמון טחון תבליני מימון 250 גרם,א.ל. ייצור ושיווק תבלינים בע`מ,,,"י""ח",250,ל גרם,false,1,21.90,8.76,false,1,
7290014674004,false,קריספ פירורי לחם שומשום ומלח ים 300 גרם מיימונס,א.ל.ייצור ושיווק תבלינים בעמ,,,"י""ח",300,ל גרם,false,1,7.90,2.63,true,1,
7290014692541,false,צהובה מגורדת גולדן 500 גרם ויליפוד,ג.וילי-פוד אינטרנשיונל **גבינו,,,"י""ח",500,ל גרם,false,1,19.90,3.98,false,1,
7290014692565,false,גרעיני תירס מתוק וילי פוד (320 גרם),ג.וילי-פוד אינטרנשיונל בעמ,,,"י""ח",320,ל גרם,false,1,5.90,1.84,true,1,
7290014692817,false,גבינת מוצרלה מגורדתEURO CHEESE ויליפוד 200 גרם,ג.וילי-פוד אינטרנשיונל **גבינו,,,"י""ח",200,ל גרם,false,1,13.90,6.95,false,1,
7290014749078,false,מקלוני קבנוס עוף טוב 200 גרם,קבוצת אוסם סחר שותפות מוגבלת,,,"י""ח",200,ל גרם,false,1,17.40,8.70,false,1,
7290014749245,false,ספיישל רצועות שניצל שומשום עוף טוב 600 גרם,קבוצת אוסם סחר שותפות מוגבלת,,,"י""ח",700,ל גרם,false,1,39.90,5.70,true,1,
7290014749887,false,שניצל דק ענק קריספי קלאסי עוף טוב 720 גרם,קבוצת אוסם סחר שותפות מוגבלת,,,"י""ח",720,ל גרם,false,1,30.90,4.29,true,1,
7290014758100,false,מאגדת יוגורט ביו 3% שומן 8 יח' *150ג' תנובה,מיוצר עי קונדיטוריית,,,"י""ח",1.20,ליטר,false,1,17.30,14.42,true,1,
7290014758117,false,מאגדת יוגורט ביו 1.5% שומן 8 יח' *150 ג' תנובה,מיוצר עי קונדיטוריית,,,"י""ח",1.20,ליטר,false,1,17.30,14.42,true,1,
7290014758162,false,חלב עיזים מלא 3.6% שומן תנובה (1 ליטר),תנובה מרכז שיתופי לש,,,"י""ח",1,ליטר,false,1,15.70,15.70,false,1,
7290014758681,false,גבינת קוטג`1% בגביע תנובה (250 גרם),מיוצר עי קונדיטוריית,,,"י""ח",275,ל גרם,false,1,5.90,2.15,false,1,
7290014759084,false,גבינת שמנת נפוליאון 16% מופחת שומן תנובה 225 גרם,תנובה מרכז שיתופי לש,,,"י""ח",225,ל גרם,false,1,15,6.67,false,1,
7290014760134,false,"מעדן סויה בטעם וניל תנובה 125 מ""ל","תנובה בע""מ ***",,,"י""ח",125,"ל מ""ל",false,1,4.70,3.76,false,1,
7290014760141,false,משקה שקדים טרי תנובה (1 ליטר),"תנובה בע""מ ***",,,"י""ח",1,ליטר,false,1,13.90,13.90,true,1,
7290014760912,false,גבינה צהובה 28% מהדרין גוש חלב (400 גרם),תנובה מרכז שיתופי לש,,,"י""ח",400,ל גרם,false,1,26.10,6.53,false,1,
7290014761018,false,גיל בטעם וניל תנובה 125 גרם,תנובה מרכז שיתופי לש,,,"י""ח",125,"ל מ""ל",false,1,1.50,1.20,false,1,
7290014761056,false,מעדן שוקולד חלב יולו תנובה 123 גרם,מיוצר עי קונדיטוריית,,,"י""ח",123,"ל מ""ל",false,1,5,4.07,true,1,
7290014761070,false,מעדן שוקולד לבן יולו תנובה 123 גרם,מיוצר עי קונדיטוריית,,,"י""ח",123,"ל מ""ל",false,1,5,4.07,true,1,
7290014761414,false,יולו מעדן שכבות שוקולד חלב ולבן 123 גר,מיוצר עי קונדיטוריית,,,"י""ח",123,"ל מ""ל",false,1,5,4.07,true,1,
7290014761438,false,פיראוס בולגרית קלאסית 24% סמי מעדניה 400,תנובה מרכז שיתופי לש,,,"י""ח",400,ל גרם,false,1,26.90,6.73,false,1,
7290014761612,false,מעדן שכבות שוקולד מריר ולבן יולו 122 גרם,מיוצר עי קונדיטוריית,,,"י""ח",123,"ל מ""ל",false,1,5,4.07,true,1,
7290014761698,false,"גבינת עמק 28% סמי חצי קשה 600 גרם בד""ץ",תנובה מרכז שיתופי לש,,,"י""ח",600,ל גרם,false,1,31.90,5.32,false,1,
7290014762800,false,מעדן סויה שוקולד גביע 125 גרם אלטרנטיב,תנובה מרכז שיתופי לש,,,"י""ח",125,"ל מ""ל",false,1,4.70,3.76,false,1,
7290014762831,false,גבינת שמנת נפוליאון 16% עם פלפל חלפיניו תנובה 225 גרם,תנובה מרכז שיתופי לש,,,"י""ח",225,ל גרם,false,1,15,6.67,false,1,
7290014791091,false,"שוופס מוגז פירות לימונייד 500 מ""ל",יפאורה - שותפות מוגבלת לשיווק,,,"י""ח",500,"ל מ""ל",false,1,6.50,1.24,true,1,
7290014855434,false,מגבונים בייביסיטר פרפורמנס מבושם רביעיה,בייביסיטר Babysitter,,,"י""ח",1,,false,1,16.90,16.90,true,1,
7290014855458,false,מגבוני בייביסיטר פרפורמנס ללא בישום מארז 72X4יח',בייביסיטר Babysitter,,,"י""ח",1,,false,1,16.90,16.90,true,1,
7290014860070,false,"מקלוני אורז ללא גלוטן 5 מ""מ 454גר' (אור)",מזרח ומערב יבוא ושיווק,,,"י""ח",454,ל גרם,false,1,10.90,2.40,true,1,
7290014905498,false,הפי מטליות דו צדדיות בגליל 20 מטליות,"יעקב יעקבי ובניו בע""מ",,,"י""ח",1,,false,1,14.90,14.90,false,1,
7290014905689,false,"נוזל כלים הפי מרוכז 24% תפוח 750 מ""ל","יעקב יעקבי ובניו בע""מ",,,"י""ח",750,"ל מ""ל",false,1,7.90,1.05,false,1,
7290014940901,false,לחם פשוט מלא לילדים פרוס אנג`ל (750 גרם),מאפיית שלמה א. אנג'\ל בע,,,"י""ח",750,ל גרם,false,1,14.50,1.93,false,1,
7290015005555,false,"צ'יפס אמריקאי 2 ק""ג פרי הגליל",ויטה- פרי גליל (החדשה) בעמ,,,"י""ח",2,"ק""ג",false,1,27.90,13.95,false,1,
7290015014168,false,בייבי מיקס רמי לוי,ביכורי השדה צפון 1994 ג.ד. בעמ,,,"י""ח",300,ל גרם,false,1,9.90,3.30,false,1,
7290015014182,false,לבבות קיסר בנספק רמי לוי,ביכורי השדה צפון 1994 ג.ד. בעמ,,,"י""ח",300,ל גרם,false,1,12.90,4.30,true,1,
7290015014274,false,צנונית ארוזה שמיטה,ביכורי השדה צפון 1994 ג.ד. בעמ,,,"י""ח",1,,false,1,7.90,7.90,false,1,
7290015014458,false,מרווה רמי לוי,ביכורי השדה צפון 1994 ג.ד. בעמ,,,"י""ח",1,,false,1,6.90,6.90,false,1,
7290015014465,false,רוזמרין רמילוי,ביכורי השדה צפון 1994 ג.ד. בעמ,,,"י""ח",1,,false,1,6.90,6.90,false,1,
7290015014472,false,קורנית(בוסתן),ביכורי השדה צפון 1994 ג.ד. בעמ,,,"י""ח",1,,false,1,6.90,6.90,false,1,
7290015027021,false,עוגות שמרים פרימיום 500גר,הלל בן הלל שיווק ומסחר בעמ,,,"י""ח",500,ל גרם,false,1,21.90,4.38,false,1,
7290015039253,false,עלי גפן במי מלח ויליפוד 620 גרם,ג. וילי-פוד אינטרנשיונל בע`מ,,,"י""ח",620,ל גרם,false,1,9.90,1.60,false,1,
7290015039499,false,ויליפוד עוגיות חמאה איטלקיות מובחרות 1ק,ג.וילי-פוד אינטרנשיונל בעמ,,,"י""ח",1,"ק""ג",false,1,12.90,12.90,true,1,
7290015057110,false,מקלות חמוצים בטעם תות 20גרם טעמן,אלבן מזון תעשיות ומס,,,"י""ח",20,ל גרם,false,1,1.90,9.50,false,1,
7290015139250,false,"שוקולד מריר פצפוצי אורז כרמית 85 גרם לל""ס",כרמית תעשיות ממתקים בעמ,,,"י""ח",85,ל גרם,false,1,7.50,8.82,true,1,
7290015139267,false,שוקולד מריר עם שקדים ללא תוספת סוכר וסטהיים,כרמית תעשיות ממתקים בעמ,,,"י""ח",85,ל גרם,false,1,7.50,8.82,true,1,
7290015139557,false,חופשי ופל שוקו ללא גלוטן כרמית 200 גרם,כרמית תעשיות ממתקים בעמ,,,"י""ח",200,ל גרם,false,1,11.90,5.95,false,1,
7290015150088,false,מחית עגבניות קלה גרנד איטליה 700 גרם,תה ויסוצקי (ישראל) בעמ,,,"י""ח",700,ל גרם,false,1,13.90,1.99,true,1,
7290015150118,false,שלישיית עגבניות חתוכות דק גרנד איטליה 400 גרם,תה ויסוצקי (ישראל) בעמ,,,"י""ח",400,ל גרם,false,1,18.90,4.73,false,1,
7290015155847,false,מחית סלט פירות חטיפטף ללא תוספת סוכר,גורי מוצרי צריכה (1991) בעמ,,,"י""ח",120,ל גרם,false,1,6.90,5.75,true,1,
7290015156776,false,מחית פירות טרופיים חטיפטף ללא תוספת סוכר,גורי מוצרי צריכה (1991) בעמ,,,"י""ח",120,ל גרם,false,1,6.90,5.75,true,1,
7290015282581,false,חומוס אבו גוש עם חריף שמיר 200 גרם,"סלטי שמיר 2006 בע""מ",,,"י""ח",200,ל גרם,false,1,11.90,5.95,true,1,
7290015282598,false,חומוס מסעדות גורמה שמיר 200 גרם,"סלטי שמיר 2006 בע""מ",,,"י""ח",200,ל גרם,false,1,11.90,5.95,true,1,
7290015282604,false,טחינה מיוחדת גורמה שמיר 200 גרם,"סלטי שמיר 2006 בע""מ",,,"י""ח",200,ל גרם,false,1,11.90,5.95,true,1,
7290015282628,false,חציל בטעם כבד גורמה שמיר 200 גרם,"סלטי שמיר 2006 בע""מ",,,"י""ח",200,ל גרם,false,1,12.90,6.45,true,1,
7290015282635,false,חומוס מסבחה גורמה שמיר 200 גרם,"סלטי שמיר 2006 בע""מ",,,"י""ח",200,ל גרם,false,1,11.90,5.95,true,1,
7290015282642,false,חומוס אבו גוש גורמה שמיר 200 גרם,"סלטי שמיר 2006 בע""מ",,,"י""ח",200,ל גרם,false,1,11.90,5.95,true,1,
7290015282673,false,חציל במיונז ביתי גורמה שמיר 200 גרם,"סלטי שמיר 2006 בע""מ",,,"י""ח",200,ל גרם,false,1,11.90,5.95,true,1,
7290015282710,false,קוביות סלק גורמה שמיר 200 גרם,"סלטי שמיר 2006 בע""מ",,,"י""ח",200,ל גרם,false,1,11.90,5.95,true,1,
7290015282727,false,גזר מרוקאי ברוטב פיקנטי אסלי שמיר 200 ג',"סלטי שמיר 2006 בע""מ",,,"י""ח",200,ל גרם,false,1,12.90,6.45,true,1,
7290015282734,false,מטבוחה ביתית גורמה שמיר 200 גרם,"סלטי שמיר 2006 בע""מ",,,"י""ח",200,ל גרם,false,1,12.90,6.45,true,1,
7290015282796,false,"סלט תפו""א שמיר במיונז 200ג'","סלטי שמיר 2006 בע""מ",,,"י""ח",200,ל גרם,false,1,12.90,6.45,true,1,
7290015324007,false,פלפל שחור גרוס 80 גר' טעם וריח,"תבליני טעם וריח בע""מ",,,"י""ח",1,,false,1,10.90,10.90,false,1,
7290015324014,false,"פלפל שחור טחון בשקית 80 גרם ""טעם וריח""","תבליני טעם וריח בע""מ",,,"י""ח",1,,false,1,10.90,10.90,false,1,
7290015324038,false,פפריקה מתוקה בשמן 100 גרם טעם וריח,"תבליני טעם וריח בע""מ",,,"י""ח",1,,false,1,5.90,5.90,false,1,
7290015324052,false,פפריקה מתוקה 80 גר' טעם וריח,"תבליני טעם וריח בע""מ",,,"י""ח",1,,false,1,5.90,5.90,false,1,
7290015324069,false,גריל עוף 80 גר' טעם וריח,"תבליני טעם וריח בע""מ",,,"י""ח",1,,false,1,5.90,5.90,false,1,
7290015324076,false,זעתר מעורב 80 גר' טעם וריח,"תבליני טעם וריח בע""מ",,,"י""ח",1,,false,1,5.90,5.90,false,1,
7290015324083,false,מלח לימון 80 גר' טעם וריח,"תבליני טעם וריח בע""מ",,,"י""ח",1,,false,1,5.90,5.90,false,1,
7290015324090,false,כמון טחון 80 גר' טעם וריח,"תבליני טעם וריח בע""מ",,,"י""ח",1,,false,1,5.90,5.90,false,1,
7290015324106,false,כורכום טחון 80 גר' טעם וריח,"תבליני טעם וריח בע""מ",,,"י""ח",1,,false,1,5.90,5.90,false,1,
7290015324113,false,טעם וריח בהרט שקית 8,"תבליני טעם וריח בע""מ",,,"י""ח",1,,false,1,5.90,5.90,false,1,
7290015324120,false,שום גבישי 80 גר' טעם וריח,"תבליני טעם וריח בע""מ",,,"י""ח",1,,false,1,5.90,5.90,false,1,
7290015324151,false,חוואיג' למרק 80 גר' טעם וריח,"תבליני טעם וריח בע""מ",,,"י""ח",1,,false,1,5.90,5.90,false,1,
7290015324168,false,שק 80 גרם על האש ללא מונוסטדיום,"תבליני טעם וריח בע""מ",,,"י""ח",80,ל גרם,false,1,5.90,7.38,false,1,
7290015324519,false,תערובת לפיצה שקית 80 גרם,"תבליני טעם וריח בע""מ",,,"י""ח",80,ל גרם,false,1,5.90,7.38,false,1,
7290015324526,false,תערובת תיבול לפרגיות 80 גרם,"תבליני טעם וריח בע""מ",,,"י""ח",80,ל גרם,false,1,5.90,7.38,false,1,
7290015324571,false,פפריקה מתוקה בשמן בסגנון מרוקאי 400גרם.,"תבליני טעם וריח בע""\מ",,,"י""ח",400,ל גרם,false,1,19.90,4.98,false,1,
7290015324670,false,מטחנת פלפל שחור שלם 50 ג' טעם וריח,תבליני טעם וריח בעמ,,,"י""ח",30,ל גרם,false,1,14.90,49.67,true,1,
7290015339568,false,פסטה פתיתים אורז טעמן 500 גר',מוטלו מקרנה גזאנטפ,,,"י""ח",500,ל גרם,false,1,4.90,0.98,false,1,
7290015339933,false,ריבת חלב טעמן 340 גרם,טעמן שיווק מזון בעמ,,,"י""ח",340,ל גרם,false,1,14.90,4.38,false,1,
7290015347259,false,פירורי לחם מוזהבים מיה 400 גרם,מיה תעשיות מזון מ.ת.מ בעמ,,,"י""ח",400,ל גרם,false,1,5.50,1.38,false,1,
7290015347273,false,נטיפי שוקולד לאפייה שוקולדמריר 250גר,מיה תעשיות מזון מ.ת.מ. בעמ,,,"י""ח",250,ל גרם,false,1,10.90,4.36,false,1,
7290015347464,false,מיה קינואה מעורבת 400 גרם,מיה תעשיות מזון מ.ת.מ. בעמ,,,"י""ח",500,ל גרם,false,1,14.90,2.98,true,1,
7290015348423,false,מיץ ענבים סגל משפחות 1 ליטר,טמפו משקאות בעמ,,,"י""ח",7.50,"י""ח",false,1,15.90,2.08,true,1,
7290015350150,false,יין אדום חצי יבש של סגל (750 מל),"כרמי צבי - אחים סגל בע""\",,,"י""ח",750,"ל מ""ל",false,1,22.90,3.01,true,1,
7290015366663,false,"משחת שיניים מנטה עדין אקווה פרש 100 מ""ל",גלקסוסמיתקליין,,,"י""ח",100,ל גרם,false,1,7.90,7.90,true,1,
7290015596251,false,"אלכוג'ל קיווי לשמירת הגיינת ידיים 100 מ""ל",פישר תעשיות פרמבצטיות בעמ,,,"י""ח",1,,false,1,13.90,13.90,true,1,
7290015603218,false,אטריות עם עגבניה מזרח מערב 454 גרם,מזרח ומערב יבוא ושיווק,,,"י""ח",454,ל גרם,false,1,10.90,2.40,true,1,
7290015603225,false,איטריות בתוספת גזר 454 גרם,מזרח ומערב יבוא ושיווק,,,"י""ח",454,ל גרם,false,1,10.90,2.40,true,1,
7290015603546,false,"שימורי קרם קוקוס 17-19% 400 מ""ל (ASIATIC)(כ)",מזרח ומערב יבוא ושיווק,,,"י""ח",400,ל גרם,false,1,8.90,2.23,false,1,
7290015644297,false,שישיית לחמניות פשוט מלא אנג'ל 450 גרם,מאפיית שלמה א. אנג'\ל בע,,,"י""ח",6,"י""ח",false,1,12.90,2.15,false,1,
7290015644426,false,"לחם צרפתי חיטה מלאה ודגנים 600 גרם ""אנג'ל""",מאפיית שלמה א. אנג'\ל בע,,,"י""ח",600,ל גרם,false,1,16.90,2.82,false,1,
7290015652070,false,קשוי קלוי בשקית ששון הקולה 150 גרם,דין שיווק וקליה 2021 בעמ,,,"י""ח",150,ל גרם,false,1,13.90,9.27,false,1,
7290015652124,false,"רוטב סריראציה חריף מאוד 450 מ""ל אהרוני",דין שיווק וקליה 2021 בעמ,,,"י""ח",450,"ל מ""ל",false,1,16.90,3.76,false,1,
7290015652254,false,גרעיני חמניה קלויים ששון הקולה (400 גרם),דין שיווק וקליה 2021 בעמ,,,"י""ח",400,ל גרם,false,1,9.90,2.48,true,1,
7290015652261,false,בוטנים קלויים ששון הקולה 350 גרם,דין שיווק וקליה 2021 בעמ,,,"י""ח",300,ל גרם,false,1,9.90,3.30,false,1,
7290015652278,false,תערובת פיצוחים ששון הקולה 300 גרם,דין שיווק וקליה 2021 בעמ,,,"י""ח",250,ל גרם,false,1,20,8,false,1,
7290015652285,false,אגוזים קלופים ששון הקולה 250 גרם,דין שיווק וקליה 2021 בעמ,,,"י""ח",250,ל גרם,false,1,20,8,false,1,
7290015652292,false,קבוקים עם שומשום ששון הקולה 400 גרם,דין שיווק וקליה 2021 בעמ,,,"י""ח",400,ל גרם,false,1,10,2.50,false,1,
7290015652308,false,מנצ'ס ששון הקולה 400 גרם,דין שיווק וקליה 2021 בעמ,,,"י""ח",300,ל גרם,false,1,10,3.33,false,1,
7290015652322,false,בוטנים אמריקאיים מצופים 400 גר ששון הקלה,דין שיווק וקליה 2021 בעמ,,,"י""ח",400,ל גרם,false,1,10,2.50,false,1,
7290015652407,false,פיסטוק קלוי ששון הקולה (250 גרם),דין שיווק וקליה 2021 בעמ,,,"י""ח",250,ל גרם,false,1,20,8,false,1,
7290015664684,false,תבנית אלומניום עגולה רויאל,טעמן שווק מזון בעמ,,,"י""ח",1,"י""ח",false,1,8.90,8.90,false,1,
7290015699730,false,סבון דה מארסיי יעקבי 1.5 ליטר *חדש-,"יעקב יעקבי ובניו בע""מ",,,"י""ח",1.50,ליטר,false,1,10.90,7.27,false,1,
7290015719100,false,כרוב לבן מהדרין,ביכורי השדה צפון 1994 ג.ד. בעמ,,,"ק""ג",1,,true,1,3.90,3.90,false,1,
7290015733243,false,מטרנה אקסטרה קייר מהדרין שלב 3 700 גרם,קבוצת אוסם סחר שותפות מוגבלת,,,"י""ח",700,ל גרם,false,1,59.90,8.56,false,1,
7290015781008,false,"יין VISION מרלו אדום טפרברג 750 מ""ל",יקב טפרברג 1870 בעמ (יינות ומש,,,"י""ח",750,"ל מ""ל",false,1,39.90,5.28,true,1,
7290015781282,false,"יין IMPRESSION גוורצטרמינר טפרברג 750 מ""ל",יקב טפרברג 1870 בעמ (יינות ומש,,,"י""ח",750,"ל מ""ל",false,1,49.90,6.61,true,1,
7290015781305,false,יין אדום אימפרשיין סירה טפרברג (750 מל),יקב טפרברג 1870 בעמ (יינות ומש,,,"י""ח",750,"ל מ""ל",false,1,49.90,6.61,true,1,
7290015821728,false,נר נשמה בכוס פלסטיק 48,פאלאס תעשיות נטו (2014) בעמ,,,"י""ח",1,,false,1,5.90,5.90,false,1,
7290015855006,false,לוף ארוז,ביכורי השדה צפון 1994 ג.ד. בעמ,,,"י""ח",1,,false,1,7.90,7.90,false,1,
7290015856935,false,ביסקויט אקסטרא גליל טעם חמאה 400 גרם,ח.כהן סוכנות מזון ומשקאות בע,,,"י""ח",500,ל גרם,false,1,7.90,1.58,false,1,
7290015865692,false,ענבי ציון תענוג פרי תות שדה 400 גר`,אבאל יזמות בעמ,,,"י""ח",400,ל גרם,false,1,17.90,4.48,false,1,
7290015865715,false,ענבי ציון תענוג פרי פירות יער 400 גר`,אבאל יזמות בעמ,,,"י""ח",400,ל גרם,false,1,17.90,4.48,false,1,
7290015865722,false,ענבי ציון קונפיטורה לייט תות שדה 400 גר`,אבאל יזמות בעמ,,,"י""ח",400,ל גרם,false,1,19.90,4.98,false,1,
7290015865746,false,ענבי ציון קונפיטורה לייט פירות יער 400 ג,אבאל יזמות בעמ,,,"י""ח",400,ל גרם,false,1,19.90,4.98,false,1,
7290015872096,false,חומוס סלטי שמיר 700 גרם,"סלטי שמיר 2006 בע""מ",,,"י""ח",700,ל גרם,false,1,10.90,1.56,true,1,
7290016006148,false,"שוופס מוגז עדין ענבים בקבוק 500מ""ל",יפאורה - שותפות מוגבלת לשיווק,,,"י""ח",500,"ל מ""ל",false,1,6.50,1.24,true,1,
7290016076035,false,רביעיית פיתות פרנה ארוך,מגוון שיווק והפצת מאפים בעמ,,,"י""ח",1,,false,1,14.90,14.90,false,1,
7290016077766,false,"שעועית אפויה ""היינץ"" 453 גרם",דיפלומט מפיצים (1968) בעמ**,,,"י""ח",410,ל גרם,false,1,10.90,2.66,false,1,
7290016087499,false,פריניר עגבניות חתוכות דק שלישיה 3 * 400 גרם,ח.כהן סוכנות מזון ומשקאות בע,,,"י""ח",400,ל גרם,false,1,13.90,3.48,false,1,
7290016096491,false,נתחי טונה בהירה בשמן צמחי שלישיה *80ג' פילטונה,תעשיות פיל טונה בעמ,,,"י""ח",240,ל גרם,false,1,11.90,4.96,true,1,
7290016096934,false,מארז זוגות סלט טונה 2*160 ג' פילטונה,תעשיות פיל טונה בעמ,,,"י""ח",320,ל גרם,false,1,11.90,3.72,true,1,
7290016136722,false,פתיתים פנה ללא גלוטן 340 גרם גי פרי,גורי מוצרי צריכה (1991) בעמ,,,"י""ח",340,ל גרם,false,1,14.90,4.38,false,1,
7290016136739,false,GFREE פתיתי פוזילי על בסיס קמח תירס וקמח,גורי מוצרי צריכה (1991) בעמ,,,"י""ח",340,ל גרם,false,1,11.40,3.35,false,1,
7290016144000,false,"קמח חיטה מלאה נפלאות 80% 1 ק""ג",תה ויסוצקי (ישראל)בעמ,,,"י""ח",1,"ק""ג",false,1,10.90,10.90,true,1,
7290016144017,false,"קמח מלא נפלאות 100% ללא ניפוי 1 ק""ג",תה ויסוצקי (ישראל)בעמ,,,"י""ח",1,"ק""ג",false,1,10.90,10.90,true,1,
7290016144024,false,"קמח כוסמין מלא נפלאות 100% 1 ק""ג",תה ויסוצקי (ישראל)בעמ,,,"י""ח",1,"ק""ג",false,1,16.90,16.90,false,1,
7290016144055,false,קמח כוסמין 80% קמח נפלאות 1 קג,תה ויסוצקי (ישראל)בעמ,,,"י""ח",1,"ק""ג",false,1,15.90,15.90,false,1,
7290016144116,false,"קמח תופח נפלאות, 1 ק""ג",תה ויסוצקי (ישראל)בעמ,,,"י""ח",1,"ק""ג",false,1,11.90,11.90,true,1,
7290016150117,false,סלק אדום מבושל 500 ג' בוואקום,ביג פוד כחול לבן בעמ*שיק 30 יו,,,"י""ח",500,ל גרם,false,1,9.90,1.98,true,1,
7290016162233,false,עוגיות ממולאות סוגים שונים 200 גרם קפולסקי,קפולסקי אדל בעמ,,,"י""ח",280,ל גרם,false,1,19.90,7.11,false,1,
7290016197488,false,מטליות מיקרופייבר למשטחים ניקול 3יח',קימברלי קלארק ישראל שיווק בעמ,,,"י""ח",3,"י""ח",false,1,16.50,5.50,false,1,
7290016197495,false,ניקול זוג מטליות הקסם מיקרופייבר לרצפה,קימברלי קלארק ישראל שיווק בעמ,,,"י""ח",2,"י""ח",false,1,21.90,10.95,false,1,
7290016197624,false,תחבושות לנשים סופר דיפנד 8 יחידות,קימברלי קלארק ישראל שיווק בעמ,,,"י""ח",1,,false,1,21.90,21.90,true,1,
7290016197853,false,ניקול שקיות אשפה לפחים קטנים 42X45 סמ,קימברלי קלארק ישראל שיווק בעמ,,,"י""ח",50,"י""ח",false,1,19.90,0.40,false,1,
7290016217742,false,חציל בטחינה 200גרם גורמה,"סלטי שמיר 2006 בע""מ",,,"י""ח",200,ל גרם,false,1,11.90,5.95,true,1,
7290016217759,false,חציל מרוקאי 200גרם גורמה,"סלטי שמיר 2006 בע""מ",,,"י""ח",200,ל גרם,false,1,12.90,6.45,true,1,
7290016270709,false,עגבניות שרי אשכולות,ביכורי השדה צפון 1994 ג.ד. בעמ,,,"י""ח",1,,false,1,11.90,11.90,false,1,
7290016276534,false,"שמן קוקוס לא מזוכך 500 מ""ל",קונסיגנציה-דין שיווק וקליה 202,,,"י""ח",500,"ל מ""ל",false,1,33.90,6.78,false,1,
7290016276794,false,מעדן תפוז 100% רכיבי פרי ללא תוספת סוכ,דין שיווק וקליה 2021 בעמ,,,"י""ח",284,ל גרם,false,1,13.90,4.89,true,1,
7290016276855,false,תבשיל אטריות בטעם ירקות 70 גרם סו שף,דין שיווק וקליה 2021 בעמ,,,"י""ח",70,ל גרם,false,1,4.90,7,false,1,
7290016277470,false,שיבולת שועל דקה 350 גר' שקית (3 ב- 10),דין שיווק וקליה 2021 בעמ,,,"י""ח",350,ל גרם,false,1,4.90,1.40,true,1,
7290016277487,false,שיבולת שועל עבה 350 גר',דין שיווק וקליה 2021 בעמ,,,"י""ח",350,ל גרם,false,1,4.90,1.40,true,1,
7290016321883,false,פרשוואנס נייר טואלט מתכלה לילדים -מארז שלישייה,עלבד משואות יצחק בעמ,,,"י""ח",1,,false,1,13.90,13.90,false,1,
7290016329261,false,סרקל מתיר קשרים ספריי רציףף 300 מ'ל,"פישר תעשיות פרמצביטות בע""מ",,,"י""ח",300,"ל מ""ל",false,1,36.90,12.30,true,1,
7290016334050,false,סלרי חתוך.,ביכורי השדה צפון 1994 ג.ד. בעמ,,,"י""ח",1,,false,1,6.90,6.90,true,1,
7290016334166,false,לוף רגיל ארוז ליח,ביכורי השדה צפון 1994 ג.ד. בעמ,,,"י""ח",1,,false,1,9.90,9.90,false,1,
7290016334173,false,פלפל טינקרבל שמיטה,ביכורי השדה צפון 1994 ג.ד. בעמ,,,"י""ח",1,,false,1,10.90,10.90,true,1,
7290016334180,false,מלפפון בייבי רמי לוי,ביכורי השדה צפון 1994 ג.ד. בעמ,,,"י""ח",1,,false,1,8.90,8.90,true,1,
7290016334296,false,ברוקולי ארוז יחידה שמיטה,ביכורי השדה צפון 1994 ג.ד. בעמ,,,"י""ח",1,,false,1,11.90,11.90,false,1,
7290016334395,false,שיבה רמי לוי,ביכורי השדה צפון 1994 ג.ד. בעמ,,,"י""ח",1,,false,1,6.90,6.90,false,1,
7290016334432,false,שורש פטרוזיליה,ביכורי השדה צפון 1994 ג.ד. בעמ,,,"י""ח",1,,false,1,6.90,6.90,false,1,
7290016334456,false,בזיליקום רמי לוי,ביכורי השדה צפון 1994 ג.ד. בעמ,,,"י""ח",1,,false,1,5.90,5.90,false,1,
7290016334463,false,ראש סלרי,ביכורי השדה צפון 1994 ג.ד. בעמ,,,"י""ח",1,,false,1,6.90,6.90,false,1,
7290016334494,false,חסה ערבית,ביכורי השדה צפון 1994 ג.ד. בעמ,,,"י""ח",1,,false,1,4.90,4.90,false,1,
7290016334500,false,לבבות חסה זוגות בשקי,ביכורי השדה צפון 1994 ג.ד. בעמ,,,"י""ח",300,ל גרם,false,1,8.90,2.97,false,1,
7290016334579,false,פטרוזיליה בוסתן,ביכורי השדה צפון 1994 ג.ד. בעמ,,,"י""ח",1,,false,1,4.90,4.90,false,1,
7290016334586,false,כוסברה בוסתן,ביכורי השדה צפון 1994 ג.ד. בעמ,,,"י""ח",1,,false,1,4.90,4.90,false,1,
7290016334593,false,שמיר ארוז,ביכורי השדה צפון 1994 ג.ד. בעמ,,,"י""ח",1,,false,1,4.90,4.90,false,1,
7290016334609,false,נענע בשקית,ביכורי השדה צפון 1994 ג.ד. בעמ,,,"י""ח",1,,false,1,4.90,4.90,false,1,
7290016334616,false,בצל ירוק רבנות,ביכורי השדה צפון 1994 ג.ד. בעמ,,,"י""ח",1,,false,1,5.90,5.90,false,1,
7290016334623,false,סלרי אמריקאי,ביכורי השדה צפון 1994 ג.ד. בעמ,,,"י""ח",1,"י""ח",false,1,5.90,5.90,false,1,
7290016334647,false,מנגולד-סלק עלים ארוז,ביכורי השדה צפון 1994 ג.ד. בעמ,,,"י""ח",1,,false,1,6.90,6.90,false,1,
7290016334654,false,תרד ניו זילנדי רמי לוי,ביכורי השדה צפון 1994 ג.ד. בעמ,,,"י""ח",200,ל גרם,false,1,14.90,7.45,false,1,
7290016334883,false,שרי תמר בוסתן שמיטה,ביכורי השדה צפון 1994 ג.ד. בעמ,,,"י""ח",1,,false,1,11.90,11.90,false,1,
7290016334890,false,עגבניות שרי ליקופן,ביכורי השדה צפון 1994 ג.ד. בעמ,,,"י""ח",1,,false,1,12.90,12.90,false,1,
7290016334906,false,מיקס עגבניות שרי.,ביכורי השדה צפון 1994 ג.ד. בעמ,,,"י""ח",1,,false,1,12.90,12.90,false,1,
7290016334975,false,אספרגוס רמי לוי,ביכורי השדה צפון 1994 ג.ד. בעמ,,,"י""ח",1,,false,1,29.90,29.90,false,1,
7290016370096,false,זיתים שחורים מיובשים במלח יבנה 340 ג',קבוצת יבנה מוצרי מזון בעמ,,,"י""ח",1,,false,1,12.90,12.90,false,1,
7290016370263,false,יבנה מארז זיתים חרוזית 200*3 ג',קבוצת יבנה מוצרי מזון בעמ,,,"י""ח",600,ל גרם,false,1,13.90,2.32,false,1,
7290016370270,false,זית קלמטה מגולען 560 ג' -יבנה,"קבוצת יבנה מוצרי מזון בע""מ",,,"י""ח",560,ל גרם,false,1,11.90,2.13,false,1,
7290016370317,false,זית קלמטה ללא גלעין 560 גרם צנצנת יבנה,קבוצת יבנה מוצרי מזון בעמ,,,"י""ח",560,ל גרם,false,1,14.90,2.66,false,1,
7290016370959,false,חציל קלוי (פירה) בצנצנת קבוצת יבנה 530 גרם,"קבוצת יבנה מוצרי מזון בע""מ",,,"י""ח",58,ל גרם,false,1,12.90,22.24,false,1,
7290016372342,false,עגבניות חתוך קוביות גראנד איטליה מארז 400X3ג',תה ויסוצקי (ישראל) בעמ,,,"י""ח",400,ל גרם,false,1,19.90,4.98,false,1,
7290016372359,false,עגבניות תחוכות דק עם בזיליקום 400ג,תה ויסוצקי (ישראל)בעמ,,,"י""ח",400,ל גרם,false,1,6.90,1.73,false,1,
7290016372373,false,רסק עגבניות ללא תוספת סוכר ומלח - מארז זוג,תה ויסוצקי (ישראל) בעמ,,,"י""ח",280,ל גרם,false,1,7.90,2.82,false,1,
7290016373035,false,ליצ'י שלם מקולף 567 גרם בסירופ קל,טעמן שיווק מזון בעמ,,,"י""ח",900,ל גרם,false,1,10.90,1.21,false,1,
7290016373691,false,מקלות חמוצים בטעם תפוח 20 גרם טעמן,אלבן מזון תעשיות ומס,,,"י""ח",20,ל גרם,false,1,1.90,9.50,false,1,
7290016373707,false,מקלות חמוצים בטעם אפרסק 20גרם טעמן,אלבן מזון תעשיות ומס,,,"י""ח",20,ל גרם,false,1,1.90,9.50,false,1,
7290016373806,false,לקקנים ממולאים טופי בטעם פירות 500 גרם,טעמן שיווק מזון בעמ,,,"י""ח",500,ל גרם,false,1,19.90,3.98,true,1,
7290016400175,false,שקיות צליה ענק 5יח שווה,ח.כהן סוכנות מזון ומשקאות בע,,,"י""ח",10,"י""ח",false,1,4.90,0.49,true,1,
7290016400243,false,מפיות נייר תלת שכבתי מעוטרות 20יח שווה,ח.כהן סוכנות מזון ומשקאות בע,,,"י""ח",10,"י""ח",false,1,6.90,0.69,true,1,
7290016400403,false,שקיות שחור 75/90 גליל 50יח שווה,ח.כהן סוכנות מזון ומשקאות בע,,,"י""ח",50,"י""ח",false,1,14.90,0.30,false,1,
7290016400434,false,אשפתון גופיה 75/90 חזק אפור 25יח שווה,ח.כהן סוכנות מזון ומשקאות בע,,,"י""ח",25,"י""ח",false,1,17.90,0.72,true,1,
7290016400458,false,מפת גליל 45 מטר שווה,ח.כהן סוכנות מזון ומשקאות בע,,,"י""ח",45,מטר,false,1,24.90,0.55,true,1,
7290016400502,false,גפרורים 10 חדש שווה,ח.כהן סוכנות מזון ומשקאות בע,,,"י""ח",10,"י""ח",false,1,4,0.40,false,1,
7290016400540,false,"קינוחיות עגול קטן עם מכסה 12 יח ""שווה",ח.כהן סוכנות מזון ומשקאות בע,,,"י""ח",12,"י""ח",false,1,9.90,0.83,false,1,
7290016400632,false,רשת צלייה קטנה שווה,ח.כהן סוכנות מזון ומשקאות בע,,,"י""ח",1,"י""ח",false,1,19.90,19.90,false,1,
7290016400793,false,מפיות נייר 100יח שווה,ח.כהן סוכנות מזון ומשקאות בע,,,"י""ח",100,"י""ח",false,1,5.90,0.06,true,1,
7290016401103,false,טורטיה ענקית 30 ס``מ 6 יח` שווה,ח.כהן סוכנות מזון ומשקאות בע,,,"י""ח",540,ל גרם,false,1,11.90,2.20,true,1,
7290016401141,false,עלי טורטיה תירס שווה 8 יח' 320 גרם,ח.כהן סוכנות מזון ומשקאות בע,,,"י""ח",320,ל גרם,false,1,10.90,3.41,true,1,
7290016401158,false,נודלס 200ג דקות שווה*,ח.כהן סוכנות מזון ומשקאות בע,,,"י""ח",200,ל גרם,false,1,5.90,2.95,false,1,
7290016401196,false,"שמן קוקוס אורגני 500 מ""ל שווה*",ח.כהן סוכנות מזון ומשקאות בע,,,"י""ח",500,"ל מ""ל",false,1,33.90,6.78,true,1,
7290016401240,false,"נוזל קוקוס 400מ""ל 5-7% שווה",ח.כהן סוכנות מזון ומשקאות בע,,,"י""ח",400,"ל מ""ל",false,1,7.90,1.98,false,1,
7290016401295,false,"רוטב צילי מתוק 700מ""ל שווה",ח.כהן סוכנות מזון ומשקאות בע,,,"י""ח",700,"ל מ""ל",false,1,11.90,1.70,false,1,
7290016401394,false,פטריות חתוך שווה 400 גרם,ח.כהן סוכנות מזון ומשקאות בע,,,"י""ח",400,ל גרם,false,1,5.90,1.48,false,1,
7290016401493,false,רוטב לימון משומר 1ליטר שווה,ח.כהן סוכנות מזון ומשקאות בע,,,"י""ח",1,ליטר,false,1,6.90,6.90,false,1,
7290016401509,false,חומץ 1ליטר 5% שווה,ח.כהן סוכנות מזון ומשקאות בע,,,"י""ח",1,ליטר,false,1,6.90,6.90,false,1,
7290016401578,false,זוג רדיד אלומיניום ארוך שווה,ח.כהן סוכנות מזון ומשקאות בע,,,"י""ח",1,"י""ח",false,1,14.90,14.90,false,1,
7290016401585,false,זוג רדיד אלומיניום קצר 7.5/30 שווה *,ח.כהן סוכנות מזון ומשקאות בע,,,"י""ח",1,"י""ח",false,1,10.90,10.90,false,1,
7290016401592,false,זוג ניילון נצמד ביתי שווה,ח.כהן סוכנות מזון ומשקאות בע,,,"י""ח",1,"י""ח",false,1,11.90,11.90,true,1,
7290016401745,false,קיסמי שיניים דנטליים עם חוט 50יח שווה,ח.כהן סוכנות מזון ומשקאות בע,,,"י""ח",50,"י""ח",false,1,6.90,0.14,false,1,
7290016401844,false,תבניות רוסטר גדול עבות במיוחד *2 שווה,ח.כהן סוכנות מזון ומשקאות בע,,,"י""ח",2,"י""ח",false,1,9.90,4.95,true,1,
7290016401899,false,מטליות מיקרופייבר 1/10 ניקוי כללי,ח.כהן סוכנות מזון ומשקאות בע,,,"י""ח",10,"י""ח",false,1,18.90,1.89,false,1,
7290016401905,false,שקיות לפח קטן 40/45 שווה,ח.כהן סוכנות מזון ומשקאות בע,,,"י""ח",10,"י""ח",false,1,9.90,0.99,false,1,
7290016408140,false,טריליני כעכים רוטב פיצה כרמית 225 גרם,כרמית תעשיות ממתקים בעמ,,,"י""ח",225,ל גרם,false,1,6.90,3.07,false,1,
7290016408157,false,טריליני כעכים קמח מלא כרמית 225 גרם,כרמית תעשיות ממתקים בעמ,,,"י""ח",225,ל גרם,false,1,6.90,3.07,false,1,
7290016408294,false,"מרשמלו ורוד לבן וסטהיים 150 ג', 26 בקרטון",כרמית תעשיות ממתקים בעמ,,,"י""ח",1,,false,1,5.90,5.90,true,1,
7290016408447,false,קרקר עגבניות ובזיליקום כרמית 130 גרם,כרמית תעשיות ממתקים בעמ,,,"י""ח",130,ל גרם,false,1,6.90,5.31,true,1,
7290016408980,false,"מטבעות שוקולד חלב 36 ג' כשל""פ בד""ץ!",כרמית תעשיות ממתקים בעמ,,,"י""ח",36,ל גרם,false,1,3.60,10,true,1,
7290016437607,false,קוטקס - תחתונים סופגים לנשים לאחר לידה לארג' 8 יח',קימברלי קלארק ישראל שיווק בעמ,,,"י""ח",100,ל גרם,false,1,35.90,35.90,false,1,
7290016509809,false,ג'ל מרוכז לכביסה קולור 2.5 ל' פרסיל,גורי שיווק בעמ,,,"י""ח",2.50,ליטר,false,1,34.90,13.96,false,1,
7290016517507,false,"שוקולד למריחה 400 גרם בד""ץ",אחים אגא (א.מ.) שיווק,,,"י""ח",400,ל גרם,false,1,6.90,1.73,false,1,
7290016572391,false,"צ`יפס קלאסי 2.5ק""ג ש",***אדום גרופ למזון שיווק***,,,"י""ח",2.50,"ק""ג",false,1,27.90,11.16,false,1,
7290016617047,false,אורגנו אדום ירוק ארו,ביכורי השדה צפון 1994 ג.ד. בעמ,,,"י""ח",1,,false,1,5.90,5.90,false,1,
7290016717051,false,משקה Buzz מוגז בטעם רימון מבוסס יין אדום מתוק,אגודת הכורמים -כרמל מזרחי,,,"י""ח",750,"ל מ""ל",false,1,27.90,3.68,true,1,
7290016717099,false,"יין כרמל סלקטד אדום חצי יבש, 750 מ""ל",אגודת הכורמים בעמ,,,"י""ח",750,"ל מ""ל",false,1,29.90,3.95,true,1,
7290016717631,false,יין מוסקטו בעל חוזק אלכוהול נמוך פרייבט קולקשן,אגודת הכורמים הקואופרטיב,,,"י""ח",500,"ל מ""ל",false,1,39.90,7.92,true,1,
7290016717754,false,יין היובל ישן נושן יקבי כרמל (750 מל),אגודת הכורמים הקואופרטיב,,,"י""ח",750,"ל מ""ל",false,1,19.90,2.61,true,1,
7290016865943,false,אטריות ביצים פטוציני אוריינט 400 גרם,גורי מוצרי צריכה 1991 בעמ,,,"י""ח",400,ל גרם,false,1,13.90,3.48,true,1,
7290016866650,false,"פרודונטקס - משחת שיניים אוריג'ינל 75 מ""ל",פרודונטקס Parodontax,,,"י""ח",75,"ל מ""ל",false,1,30.90,41.20,true,1,
7290016866667,false,"פרודונטקס - משחת שיניים ללא פלאוריד 75 מ""ל",פרודונטקס Parodontax,,,"י""ח",75,"ל מ""ל",false,1,30.90,41.20,true,1,
7290016882414,false,קונפיטורה שזיפים 70% פרי 450 גרם שקדיה,דין שיווק וקליה 2021 בעמ,,,"י""ח",450,ל גרם,false,1,13.90,3.09,false,1,
7290016882421,false,קונפיטורה אפרסק 70% פרי 450גר,דין שיווק וקליה 2021 בעמ,,,"י""ח",450,ל גרם,false,1,13.90,3.09,false,1,
7290016967074,false,לחם חיטה מלאה עם גרעינים ודגנים,מאפיית שלמה א. אנג'\ל בע,,,"י""ח",750,ל גרם,false,1,16.90,2.25,false,1,
7290016967456,false,לחם צרפתי מחמצת 100% כוסמין 600 ג' אנג'ל,"מאפיית אנג'\ל בעמ, מקבוצ",,,"י""ח",600,ל גרם,false,1,16.90,2.82,false,1,
7290016998320,false,לבבות קיסר נטורזה יח,ביכורי השדה צפון 1994 ג.ד. בעמ,,,"י""ח",300,ל גרם,false,1,10.90,3.63,true,1,
7290017004433,false,7290017004433פתי בר 500גר פינטולה,2121 ייבוא וסחר,,,"י""ח",5,"ק""ג",false,1,8.90,1.78,true,1,
7290017004808,false,פסטה פוזילי 500גר פנטולה,מ.ר. ניאוברנד בעמ,,,"י""ח",500,ל גרם,false,1,4.90,0.98,true,1,
7290017004815,false,ספגטי 500גר פנטולה,מ.ר. ניאוברנד בעמ,,,"י""ח",500,ל גרם,false,1,4.90,0.98,true,1,
7290017004877,false,טחינה גולמית 500ג מחנה יהודה,"אחדות בע""מ",,,"י""ח",500,ל גרם,false,1,14.90,2.98,true,1,
7290017023823,false,"רביעיית ספרינג תות בננה 250 מ""ל",יפאורה שותפות מוגבלת לשיווק,,,"י""ח",1,ליטר,false,1,12.90,12.90,true,1,
7290017023854,false,מי סודה בקבוקים אישיים - מארז 4 יח',יפאורה שותפות מוגבלת לשיווק,,,"י""ח",1,ליטר,false,1,13.90,13.90,true,1,
7290017031170,false,פתיתים על בסיס קמח עדשים אדומות בצורת פוזילי ללא גלוטן 250 גר',גורי מוצרי צריכה בעמ,,,"י""ח",250,ל גרם,false,1,16.90,6.76,false,1,
7290017031705,false,"סנסודיין משחת שיניים קלין & פרש 75 מ""ל",גלקסוס סמית קליין,,,"י""ח",75,ל גרם,false,1,23.90,31.87,true,1,
7290017062686,false,מרכך כביסה מרוכז בייבי 1 ל`טאצ`.,סאסאטק אגשח בעמ,,,"י""ח",1,ליטר,false,1,14.90,14.90,true,1,
7290017065007,false,פרוסות גבינה מוצרלה חצי קשה 22% שומן 200 ג' גד,מחלבות גד שיווק 1992 בעמ,,,"י""ח",200,ל גרם,false,1,19.50,9.75,true,1,
7290017065144,false,ריקוטה למריחה בתוספת בזיליקום 5% גד 200 גם,מחלבות גד שיווק 1992 בעמ,,,"י""ח",200,ל גרם,false,1,10.90,5.45,true,1,
7290017065168,false,גבינה כחולה denish blue cheese 100 גרם,מחלבות גד שיווק 1992 בעמ,,,"י""ח",100,ל גרם,false,1,17.90,17.90,true,1,
7290017065380,false,גרנה פדנו שבבים 100 גר`מחלבות גד,מחלבות גד שיווק 1992 בעמ,,,"י""ח",100,ל גרם,false,1,12.90,12.90,true,1,
7290017065731,false,גבינת שמנת 30% ניו יורק +כמהין 200 גרם רבנות,מחלבות גד שיווק 1992 בעמ,,,"י""ח",200,ל גרם,false,1,12.90,6.45,true,1,
7290017068206,false,צימוקים בהירים בקרטון מיה 350 גרם,מיה תעשיות מזון מ.ת.מ. בעמ,,,"י""ח",350,ל גרם,false,1,18.90,5.40,false,1,
7290017068237,false,שזיפים לללא גלעין 350 גר`בקרטון מיה,מיה תעשיות מזון מ.ת.מ. בעמ,,,"י""ח",350,ל גרם,false,1,22.90,6.54,false,1,
7290017068367,false,שמרים בוואקום 125 גרם,מיה תעשיות מזון מ.ת.מ בעמ,,,"י""ח",125,ל גרם,false,1,3.90,3.12,false,1,
7290017068374,false,שמרים יבשים בואקום מיה 500 גרם,מיה תעשיות מזון מ.ת.מ. בעמ,,,"י""ח",500,ל גרם,false,1,11.90,2.38,false,1,
7290017068855,false,סוכריות קישוט לעוגה בטעם שוקולד 200 גרם מיה,מיה תעשיות מזון מ.ת.מ. בעמ,,,"י""ח",200,ל גרם,false,1,8.90,4.45,false,1,
7290017068893,false,סוכריות ג`לי דגיגים בציפוי סוכר 350גר,מיה תעשיות מזון מ.ת.מ. בעמ,,,"י""ח",350,ל גרם,false,1,14.90,4.26,true,1,
7290017068985,false,שיבולת שועל מלאה עבה 500 גר בזיפר מיה,מיה תעשיות מזון מ.ת.מ. בעמ,,,"י""ח",500,ל גרם,false,1,10,2,true,1,
7290017079356,false,קשיות עם אבקה בטעם פרי חמצמץ 100 יח' גוגלס,טעמן שווק מזון בעמ,,,"י""ח",100,"י""ח",false,1,18.90,0.19,false,1,
7290017079769,false,מחית תפוח עץ ובננה בפאוץ פריטוב קידס,פרוטה פודיוין איי.אס,,,"י""ח",120,ל גרם,false,1,4.50,3.75,false,1,
7290017079783,false,מחיות פאוץ' תפוח עץ פריטוב 120 גרם,פרוטה פודיוין איי.אס,,,"י""ח",120,ל גרם,false,1,4.50,3.75,false,1,
7290017079790,false,מחיות פאוץ' פירות מעורבים פריטוב 120 גרם,פרוטה פודיוין איי.אס,,,"י""ח",120,ל גרם,false,1,4.50,3.75,false,1,
7290017088051,false,בייביסיטר - חיתולי סטנדרט מידה 3 - 52 יח',די.פי.אל תעשיות מוצרים ח,,,"י""ח",1,,false,1,34.90,34.90,true,1,
7290017088068,false,בייביסיטר - חיתולי סטנדרט מידה 4 - 42 יח',די.פי.אל תעשיות מוצרים ח,,,"י""ח",1,,false,1,34.90,34.90,true,1,
7290017088075,false,בייביסיטר - חיתולי סטנדרט מידה 4+ - 40 יח',די.פי.אל תעשיות מוצרים ח,,,"י""ח",1,,false,1,34.90,34.90,true,1,
7290017088082,false,בייביסיטר - חיתולי סטנדרט מידה 5 - 36 יח',די.פי.אל תעשיות מוצרים ח,,,"י""ח",1,,false,1,34.90,34.90,true,1,
7290017088693,false,קוויק מטליות לחות לניקוי וחיטוי רצפות ניחוח לוונדר 10 יחידות,שקד תבל בעמ,,,"י""ח",10,"י""ח",false,1,11.90,1.19,true,1,
7290017088815,false,בריז תחבושות לבריחת שתן נורמל 12 יח,שקד תבל בעמ,,,"י""ח",12,"י""ח",false,1,17.90,1.49,true,1,
7290017088914,false,מגבונים בייביסיטר מבושם מארז שישייה,שקד תבל בעמ,,,"י""ח",1,,false,1,19.90,19.90,true,1,
7290017088969,false,חיתולי בייביסיטר ניו בורן מידה 1 42 יח',די.פי.אל תעשיות מוצרים ח,,,"י""ח",42,"י""ח",false,1,29.90,0.71,true,1,
7290017105895,false,גרגרי חומוס להכנת חומוס משובח יכין 560 ג,זנלכל בעמ,,,"י""ח",560,ל גרם,false,1,11.90,2.13,true,1,
7290017106069,false,"קוביות סלק יכין, 550 גרם",היינץ צפון אמריקה מק,,,"י""ח",550,ל גרם,false,1,11.90,2.16,false,1,
7290017129501,false,אגו מיקס כדורי תירס מצופים שוקולד לבן כרמית 55 גרם,כרמית תעשיות ממתקים בעמ,,,"י""ח",55,ל גרם,false,1,3.90,7.09,true,1,
7290017129518,false,אגו מיקס כדורי תירס מצופים שוקולד חלב ולבן כרמית 55 גרם,כרמית תעשיות ממתקים בעמ,,,"י""ח",55,ל גרם,false,1,3.90,7.09,true,1,
7290017129549,false,סוכריות לקקן גלידה כרמית 90 גרם,כרמית תעשיות ממתקים בעמ,,,"י""ח",90,ל גרם,false,1,5.90,6.56,true,1,
7290017129761,false,שוקולד פרימיום 70% מריר בטעם תפוז כרמית 100 גרם,כרמית תעשיות ממתקים בעמ,,,"י""ח",100,ל גרם,false,1,8.90,8.90,false,1,
7290017129822,false,מטבעות שוקולד מריר כרמית 36 גרם,כרמית תעשיות ממתקים בעמ,,,"י""ח",36,ל גרם,false,1,3.60,10,true,1,
7290017129839,false,שוקולד פרימיום 70% מריר בטעם פטל כרמית 100 גרם,כרמית תעשיות ממתקים בעמ,,,"י""ח",100,ל גרם,false,1,8.90,8.90,false,1,
7290017142128,false,"שמן זית כתית מעולה קלאסי עץ הזית 750 מ""ל",סוגת תעשיות בעמ,,,"י""ח",750,"ל מ""ל",false,1,31.90,4.25,true,1,
7290017142159,false,"שלישיית נתחי טונה בהירה בשמן זית 80 גרם ""עץ הזית""",הנסיך- מפעל לייצור ט,,,"י""ח",240,ל גרם,false,1,21.90,9.13,false,1,
7290017142609,false,"תרסיס שמן זית בטעם לימון עץ הזית 150 מ""ל",סוגת תעשיות בעמ,,,"י""ח",150,"ל מ""ל",false,1,19.90,13.27,false,1,
7290017217468,false,שקיות אוכל מנייר הוסט 50 יח',אינטרסן (1996) בעמ,,,"י""ח",50,"י""ח",false,1,6.90,0.14,false,1,
7290017266312,false,וופל מילוי קרם בטעם שוקולד 150 גרם,ח.כהן סוכנות מזון ומשקאות בע,,,"י""ח",15,ל גרם,false,1,3.20,21.33,false,1,
7290017266916,false,וופלים מעולים במילוי קרם בטעם לימון SUNי 200 גרם,ח.כהן סוכנות מזון ומשקאות בע,,,"י""ח",200,ל גרם,false,1,4.90,2.45,false,1,
7290017275741,false,חלווה עם אגוזי לוז במגש 400 גר אחווה,אחדות ביתחרושת לטחינה חלבה,,,"י""ח",400,ל גרם,false,1,12.90,3.23,false,1,
7290017285894,false,"ד""ר פישר - אולטרסול קידס קרם פנים צורני 30 מ""ל 50SPF",פישר תעשיות פרמבצטיות בעמ,,,"י""ח",50,"ל מ""ל",false,1,29.90,59.80,false,1,
7290017289106,false,"מרלו ממלכת יהודה 750 מ""ל",יקבי טפרברג 1870 בעמ,,,"י""ח",750,"ל מ""ל",false,1,25.20,3.32,false,1,
7290017289120,false,יין מרלו-פטיט סירה ממלכת יהודה.,יקבי טפרברג 1870 בעמ,,,"י""ח",750,"ל מ""ל",false,1,25.20,3.32,false,1,
7290017297156,false,"צ יפס עם קליפה 1.5 ק""ג פרי הגליל",ויטה- פרי גליל (החדשה) בעמ,,,"י""ח",1.50,"ק""ג",false,1,21.90,14.60,true,1,
7290017297392,false,תירס קפוא פרי אדמה 800ג,לפ ויטה פרי גליל (החדשה) בעמ,,,"י""ח",800,ל גרם,false,1,14.90,1.86,true,1,
7290017297408,false,אפונה עדינה קפואה פרי אדמה 600ג,ויטה פרי גליל (החדשה) בעמ,,,"י""ח",600,ל גרם,false,1,14.90,2.48,true,1,
7290017297415,false,אפונה קפואה פרי אדמה 800ג.,לפ ויטה פרי גליל (החדשה) בעמ,,,"י""ח",800,ל גרם,false,1,14.90,1.86,true,1,
7290017297422,false,אפונה וגזר קפוא פרי אדמה 800ג,לפ ויטה פרי גליל (החדשה) בעמ,,,"י""ח",800,ל גרם,false,1,14.90,1.86,true,1,
7290017297439,false,שעועית ירוקה פרי אדמה 800ג,לפ ויטה פרי גליל (החדשה) בעמ,,,"י""ח",800,ל גרם,false,1,14.90,1.86,true,1,
7290017297453,false,שעועית שלמה קפואה פרי אדמה 800ג,לפ ויטה פרי גליל (החדשה) בעמ,,,"י""ח",800,ל גרם,false,1,14.90,1.86,true,1,
7290017297484,false,שעועית אדומה פרי אדמה 800ג,ויטה פרי גליל (החדשה) בעמ,,,"י""ח",800,ל גרם,false,1,16.90,2.11,true,1,
7290017297507,false,גזר גמדי פרי אדמה 800ג,לפ ויטה פרי גליל (החדשה) בעמ,,,"י""ח",800,ל גרם,false,1,14.90,1.86,true,1,
7290017297514,false,לקט ירק מעורב פרי אדמה 700ג,לפ ויטה פרי גליל (החדשה) בעמ,,,"י""ח",700,ל גרם,false,1,14.90,2.13,true,1,
7290017297521,false,ברוקולי פרי אדמה 800ג,ויטה פרי גליל (החדשה) בעמ,,,"י""ח",800,ל גרם,false,1,19.90,2.49,true,1,
7290017297538,false,כרובית פרי אדמה 800ג,לפ ויטה פרי גליל (החדשה) בעמ,,,"י""ח",800,ל גרם,false,1,14.90,1.86,true,1,
7290017297545,false,תחתיות ארטישוק פרי אדמה 400ג,ויטה פרי גליל (החדשה) בעמ,,,"י""ח",400,ל גרם,false,1,10.90,2.73,true,1,
7290017297552,false,במיה פרי אדמה 600ג,לפ ויטה פרי גליל (החדשה) בעמ,,,"י""ח",600,ל גרם,false,1,14.90,2.48,true,1,
7290017297583,false,"ציפס 2ק""ג קפוא פרי אדמה.",לפ ויטה פרי גליל (החדשה) בעמ,,,"י""ח",2,"ק""ג",false,1,24.90,12.45,true,1,
7290017297590,false,"ציפס זיגזג 2ק""ג קפוא פרי אדמה",לפ ויטה פרי גליל (החדשה) בעמ,,,"י""ח",2,"ק""ג",false,1,24.90,12.45,true,1,
7290017297606,false,"ציפס אמריקאי 2ק""ג קפוא פרי אדמה",לפ ויטה פרי גליל (החדשה) בעמ,,,"י""ח",2,"ק""ג",false,1,24.90,12.45,true,1,
7290017297613,false,"סטייק ציפס 2ק""ג קפוא פרי אדמה",לפ ויטה פרי גליל (החדשה) בעמ,,,"י""ח",2,"ק""ג",false,1,24.90,12.45,true,1,
7290017297729,false,גזר ננסי פרי אדמה 800ג,לפ ויטה פרי גליל (החדשה) בעמ,,,"י""ח",800,ל גרם,false,1,14.90,1.86,true,1,
7290017304519,false,חלה חצי מתוקה ארוזה אנג'ל 500 גרם,שלמה א.אנג ל בעמ,,,"י""ח",500,ל גרם,false,1,14.90,2.98,false,1,
7290017304885,false,לחם שיפון מחיטה מלאה ללא תוספת סוכר 750 ג' אנג'ל,מאפיית שלמה א. אנג'\ל בע,,,"י""ח",750,ל גרם,false,1,16.90,2.25,false,1,
7290017440965,false,אל סבון היגייני לניקוי יסודי ולהזנת העור clean & nourish,"פישר תעשיות פרמבצטיות בע""מ",,,"י""ח",1,ליטר,false,1,15.90,15.90,true,1,
7290017457727,false,"סוד כחול מרכך כביסה מרוכז20%+בישום 900 מ""ל",גורי שיווק בעמ,,,"י""ח",90,"ל מ""ל",false,1,13.90,15.44,false,1,
7290017477169,false,קשיו קלוי 250 גרם ששון הקולה,דין שיווק וקליה 2021 בעמ,,,"י""ח",250,ל גרם,false,1,19.90,7.96,false,1,
7290017504001,false,פטריות שמפיניון ארוז,ביכורי השדה צפון 1994 ג.ד. בעמ,,,"י""ח",1,,false,1,11.90,11.90,true,1,
7290017504025,false,פטריות פורטבלה ברכת קטיף,ביכורי השדה צפון 1994 ג.ד. בעמ,,,"י""ח",1,,false,1,11.90,11.90,false,1,
7290017504032,false,זוג פטריות שמפניון ו,ביכורי השדה צפון 1994 ג.ד. בעמ,,,"י""ח",1,,false,1,18.90,18.90,false,1,
7290017513775,false,פליפז בייגלה מצופה שוקולד חלב מקוויטיס 140 גרם,תה ויסוצקי (ישראל) בעמ,,,"י""ח",140,ל גרם,false,1,8.90,6.36,true,1,
7290017513782,false,פליפז בייגלה מצופה שוקולד מריר מקוויטיס 140 גרם,תה ויסוצקי (ישראל) בעמ,,,"י""ח",140,ל גרם,false,1,8.90,6.36,true,1,
7290017586007,false,גזר ארוז,ביכורי השדה צפון 1994 ג.ד. בעמ,,,"ק""ג",1,"ק""ג",true,1,3.90,3.90,false,1,
7290017599281,false,סוכרזית סטיוויה פלוס 100שקיות,"שטראוס גרופ בע""מ",,,"י""ח",100,ל גרם,false,1,35.90,35.90,false,1,
7290017599359,false,סוכרזית קלאסי כפית לכפית 400גר,"שטראוס גרופ בע""מ",,,"י""ח",400,ל גרם,false,1,29.90,7.48,false,1,
7290017617046,false,נתחי טונה בשמן זית כתית מעולה רביעיה * 140 ג',דיפלומט מפיצים (1968) בעמ**,,,"י""ח",560,"ל מ""ל",false,1,27.90,4.98,false,1,
7290017617275,false,שלישיית ממרח טונה סטארקיסט 160X3 גרם,דיפלומט מפיצים (1968) בעמ**,,,"י""ח",540,ל גרם,false,1,24.90,4.61,false,1,
7290017617411,false,סטארקיסט מיקס סלמון עם אורז מלא וירקות 160 גרם,דיפלומט מפיצים (1968) בעמ**,,,"י""ח",80,ל גרם,false,1,15.90,19.88,false,1,
7290017641096,false,"שוקולד פרימיום 70% לל""ס 100גרם בדצ *12יח*2 בדיס",כרמית תעשיות ממתקים בעמ,,,"י""ח",100,ל גרם,false,1,8.90,8.90,false,1,
7290017641102,false,שוקולד פרימיום 70% ללא סוכר בטעם תפוז 100 גרם,כרמית תעשיות ממתקים בעמ,,,"י""ח",100,ל גרם,false,1,8.90,8.90,false,1,
7290017641676,false,"שלישיית שוקולד מריר אגוזים אגו כרמית 255 גרם כשל""פ",כרמית תעשיות ממתקים בעמ,,,"י""ח",255,ל גרם,false,1,12.90,5.06,false,1,
7290017641720,false,שוקולד פרימיום 70% שברי שקד כרמית 100 גרם,כרמית תעשיות ממתקים בעמ,,,"י""ח",85,ל גרם,false,1,8.90,10.47,false,1,
7290017641737,false,שוקולד פרימיום 70% שברי אגוז כרמית 100 גרם,כרמית תעשיות ממתקים בעמ,,,"י""ח",85,ל גרם,false,1,8.90,10.47,false,1,
7290017647425,false,"יין גמלא קברנה סוביניון שנת 2018 750 מ""ל",היכל היין שקד גולן בעמ,,,"י""ח",750,"ל מ""ל",false,1,69.90,9.28,true,1,
7290017677804,false,"רוטב סויה קיקומן ללא חומרים משמרים 444 מ""ל",דיפלומט מפיצים (1968) בעמ**,,,"י""ח",444,"ל מ""ל",false,1,19.90,4.48,false,1,
7290017724027,false,עוגיות אלפחורס 300 גרם,הלל בן הלל שיווק ומסחר בעמ,,,"י""ח",300,ל גרם,false,1,23.90,7.97,false,1,
7290017724058,false,עוגיות מעדן תמר אגוז אקלר,הלל בן הלל שיווק ומסחר בעמ,,,"י""ח",250,ל גרם,false,1,23.90,9.56,false,1,
7290017724119,false,עוגיות אוזנים אקלר 200 גרם,הלל בן הלל שיווק ומסחר בעמ,,,"י""ח",200,ל גרם,false,1,23.90,11.95,false,1,
7290017724164,false,עוגיות אוזניים ללא סוכר אקלר 200 גרם,הלל בן הלל שיווק ומסחר בעמ,,,"י""ח",250,ל גרם,false,1,23.90,9.56,false,1,
7290017724270,false,עוגיות אשכול בריאות ללא סוכר אקלר,הלל בן הלל שיווק ומסחר בעמ,,,"י""ח",200,ל גרם,false,1,23.90,11.95,false,1,
7290017724287,false,עוגיות אצבעות פקאן ללא סוכר אקלר,הלל בן הלל שיווק ומסחר בעמ,,,"י""ח",200,ל גרם,false,1,23.90,11.95,false,1,
7290017812052,false,יין שיראז-קברנה סוביניון אקסלנס יקבי כרמל,אגודת הכורמים בעמ,,,"י""ח",750,"ל מ""ל",false,1,24.90,3.28,false,1,
7290017812069,false,יין אמרלד ריזלינג שרדונה אקסלנס Excellence,אגודת הכורמים -כרמל מזרחי,,,"י""ח",750,"ל מ""ל",false,1,24.90,3.28,false,1,
7290017812571,false,מיץ ענבים תירוש אדום 100% טבעי כרמל 1 ליטר,אגודת הכורמים -כרמל מזרחי,,,"י""ח",1,ליטר,false,1,19.90,19.90,false,1,
7290017812618,false,מיץ ענבים תירוש אדום רוזה כרמל 1 ליטר,אגודת הכורמים -כרמל מזרחי,,,"י""ח",1,ליטר,false,1,19.90,19.90,false,1,
7290017812830,false,יין רוזה פרייבט קולקשיין 750מל יקבי כרמל,"כד בני דרום בע""מ",,,"י""ח",750,"ל מ""ל",false,1,39.90,5.28,true,1,
7290017812861,false,יין לבש יבש ( 750 מל) וינו,אגודת הכורמים -כרמל מזרחי,,,"י""ח",750,"ל מ""ל",false,1,21,2.76,true,1,
7290017812878,false,"אקסלנס וזה -קברנה סוביניון כרמל 750 מ""ל",אגודת הכורמים בעמ,,,"י""ח",750,"ל מ""ל",false,1,24.90,3.28,false,1,
7290017812885,false,"יין P.C סוביניון בלאן גוורצטרמינר כרמל 750 מ""ל",אגודת הכורמים א.ת אל,,,"י""ח",500,"ל מ""ל",false,1,39.90,7.92,true,1,
7290017841540,false,תבניות נייר אינגליש מעוטרות 3יח שווה ח,ח.כהן סוכנות מזון ומשקאות בע,,,"י""ח",3,"י""ח",false,1,7.90,2.63,true,1,
7290017841625,false,מטליות מיקרופיבר אנטיבקטריאלי לרצפה *2,ח.כהן סוכנות מזון ומשקאות בע,,,"י""ח",2,"י""ח",false,1,16.90,8.45,true,1,
7290017841731,false,מטליות מיקרופייבר גדולות במיוחד *2 שוו,ח.כהן סוכנות מזון ומשקאות בע,,,"י""ח",2,"י""ח",false,1,14.90,7.45,false,1,
7290017841885,false,דלי מגבונים ניקוי כללי 400 יח שווה*,ח.כהן סוכנות מזון ומשקאות בע,,,"י""ח",400,"י""ח",false,1,19.90,0.05,true,1,
7290017842028,false,תבניות+מכסים מלבנית ארוכה שווה,ח.כהן סוכנות מזון ומשקאות בע,,,"י""ח",5,"י""ח",false,1,9.90,1.98,false,1,
7290017842110,false,"שקיות נייר מאוירות""שווה"" 50 יחידות*",ח.כהן סוכנות מזון ומשקאות בע,,,"י""ח",50,"י""ח",false,1,8.90,0.18,false,1,
7290017842127,false,"ניירות סנדויץ` מאוירים ""שווה"" 100 יח",ח.כהן סוכנות מזון ומשקאות בע,,,"י""ח",100,"י""ח",false,1,9.90,0.10,false,1,
7290017842141,false,"נייר אפייה איכותי אקולוגי, 40 יח ""שווה",ח.כהן סוכנות מזון ומשקאות בע,,,"י""ח",1,"י""ח",false,1,9.90,9.90,true,1,
7290017842202,false,נייר טישו כיס מארז 10 יח` שווה,ח.כהן סוכנות מזון ומשקאות בע,,,"י""ח",1,,false,1,6.90,6.90,true,1,
7290017842240,false,אנשובי ארוך בפח בשמן זית שווה,ח.כהן סוכנות מזון ומשקאות בע,,,"י""ח",77,ל גרם,false,1,6.90,8.96,false,1,
7290017842257,false,אנשובי ארוך פח פלפל וצילי שווה 46 גרם,ח.כהן סוכנות מזון ומשקאות בע,,,"י""ח",1,,false,1,5.90,5.90,false,1,
7290017842318,false,מארז 2 מטליות מיקרופייבר לרצפה שווה*,ח.כהן סוכנות מזון ומשקאות בע,,,"י""ח",2,"י""ח",false,1,15.90,7.95,false,1,
7290017842424,false,סילאן 100% טבעי 700 גר`צנצנת שווה*,ח.כהן סוכנות מזון ומשקאות בע,,,"י""ח",700,ל גרם,false,1,17.90,2.56,true,1,
7290017842448,false,"אננס שלם 227 ג ""שווה"" *",ח.כהן סוכנות מזון ומשקאות בע,,,"י""ח",227,ל גרם,false,1,4.90,2.16,false,1,
7290017842493,false,"תירס גמדי 425 גרם ""שווה"" *",ח.כהן סוכנות מזון ומשקאות בע,,,"י""ח",425,"ל מ""ל",false,1,7.90,1.86,false,1,
7290017842554,false,חמאת בוטנים קראנץ 510גר קלאסית שווה,ח.כהן סוכנות מזון ומשקאות בע,,,"י""ח",510,ל גרם,false,1,11.90,2.33,true,1,
7290017842752,false,צלחת גדולה חושן מתכלה 20 יח שווה,ח.כהן סוכנות מזון ומשקאות בע,,,"י""ח",20,"י""ח",false,1,13.90,0.70,false,1,
7290017842776,false,מרקיה חושן מתכלה 20 יח שווה,ח.כהן סוכנות מזון ומשקאות בע,,,"י""ח",20,"י""ח",false,1,12.90,0.65,false,1,
7290017842783,false,קערית אובלית חושן מתכלה 20 יח,ח.כהן סוכנות מזון ומשקאות בע,,,"י""ח",20,"י""ח",false,1,8.90,0.45,false,1,
7290017845029,false,פטריות צמד משפחתי(מוגו),ביכורי השדה צפון 1994 ג.ד. בעמ,,,"י""ח",1,,false,1,18.90,18.90,false,1,
7290017845067,false,פטריות פורטובלה XL מוגו,ביכורי השדה צפון 1994 ג.ד. בעמ,,,"י""ח",1,,false,1,19.90,19.90,false,1,
7290017864259,false,בזיליקום-תקומה 100 גרם,ביכורי השדה צפון 1994 ג.ד. בעמ,,,"י""ח",1,,false,1,8.90,8.90,false,1,
7290017864433,false,כרוב סיני תקומה ארוזה,ביכורי השדה צפון 1994 ג.ד. בעמ,,,"י""ח",1,,false,1,7.90,7.90,false,1,
7290017864594,false,שום צנצנת רמי לוי,ביכורי השדה צפון 1994 ג.ד. בעמ,,,"י""ח",1,,false,1,14.90,14.90,false,1,
7290017871967,false,טוסו אבקת ג'לי טעם אננס 30גרם,אשבל מזון פונקציונלי בע\,,,"י""ח",1,"י""ח",false,1,10.90,10.90,false,1,
7290017873039,false,מארז זוג שקיות לסנדוויץ גלילונית 2*160 יח',"קינג באג בע""מ",,,"י""ח",320,"י""ח",false,1,11.90,0.04,false,1,
7290017873367,false,"קרם ידיים ויטליטי לכל סוגי העור 100 מ""ל פנג'ל","דנלוג אינטרקוסמא בע""\מ",,,"י""ח",10000,"ל מ""ל",false,1,12.90,0.13,true,1,
7290017888644,false,"משקה אננס בננה כורכום פרות & ווג 350 מ""ל",יפאורה שותפות מוגבלת לשיווק,,,"י""ח",350,"ל מ""ל",false,1,7.50,2.06,true,1,
7290017888729,false,שוופס סודה בקבוק 1 ל',יפאורה שותפות מוגבלת לשיווק,,,"י""ח",1,ליטר,false,1,4.50,4.50,true,1,
7290017888972,false,בקבוק מי עדן פקק ספורט 1 ליטר,יפאורה שותפות מוגבלת לשיווק,,,"י""ח",1,ליטר,false,1,3.90,3.90,false,1,
7290017925554,false,"חמישיית בירה לאגר באדוויזר 5*330 מ""ל+כוס",הכרם משקאות חריפים בעמ,,,"י""ח",1.65,ליטר,false,1,24.90,14.18,true,1,
7290017928807,false,בייגלה אצבעות שומשום מאיר בייגל 300 גרם,מאיר את בייגל,,,"י""ח",300,ל גרם,false,1,12.90,4.30,true,1,
7290017928821,false,מקלות גריסיני קלאסי מאיר בייגל 200 גרם,מאיר את בייגל,,,"י""ח",200,ל גרם,false,1,12.90,6.45,true,1,
7290017932231,false,"סירופ מייפל טהור גאלה 250 מ""ל",בולדוק מייפל פרודקס,,,"י""ח",250,ל גרם,false,1,34.90,13.96,false,1,
7290017932316,false,רוטב עגבניות לפסטה עם שמן זית 680 גר' דיניקולה,מור ים מרקטינג בעמ,,,"י""ח",737,ל גרם,false,1,17.90,2.43,false,1,
7290017947105,false,לחם אנג'ל בסגנון אמריקה 500 גרם,מאפיית שלמה א. אנג'\ל בע,,,"י""ח",500,ל גרם,false,1,14.90,2.98,false,1,
7290017947334,false,חלה טרום נבוטה ארוזה אנג'ל 500 גרם,שלמה א.אנג ל בעמ,,,"י""ח",500,ל גרם,false,1,13.90,2.78,false,1,
7290017947365,false,חצי חלה שומשום ארוזה אנג'ל 250 גרם,שלמה א.אנג ל בעמ,,,"י""ח",250,ל גרם,false,1,7.90,3.16,false,1,
7290017947372,false,חלה מתוקה ארוזה אנג'ל 500 גרם,שלמה א.אנג ל בעמ,,,"י""ח",500,ל גרם,false,1,13.90,2.78,false,1,
7290017947457,false,חלה קלועה כוסמין אנג'ל ארוזה 500 גרם,מאפיית שלמה א.אנג'ל,,,"י""ח",500,ל גרם,false,1,16.90,3.38,false,1,
7290017947464,false,שמיניית פיתות כוסמין אנג'ל 8*50 גרם,מאפיית שלמה א.אנג'\ל בע\,,,"י""ח",8,"י""ח",false,1,14.90,1.86,true,1,
7290017947495,false,לחמניות כוסמין 6 יח(450 גר`)אנג`ל,מאפיית שלמה א.אנג'\ל,,,"י""ח",450,ל גרם,false,1,15.90,3.53,false,1,
7290017947891,false,לחם אנג'ל כוסמין וחיטה מלאה 750 גרם,מאפיית שלמה א. אנג'\ל בע,,,"י""ח",750,ל גרם,false,1,15.90,2.12,false,1,
7290017947921,false,לחמניות המבורגר בסגנון אמריקאי מארז 6 יח',מאפיית שלמה א. אנג'\ל בע,,,"י""ח",450,ל גרם,false,1,12.90,2.87,false,1,
7290017947938,false,מיני לחמניות המבורגר בסגנון אמריקה 400 ג' אנג'ל,מאפיית שלמה א. אנג'\ל בע,,,"י""ח",400,ל גרם,false,1,14.90,3.73,false,1,
7290018029206,false,עוגיות כתר ריבה מיקס 600 גרם,שיבולים יצור ושיווק מוצרי מאפה,,,"י""ח",600,ל גרם,false,1,19.90,3.32,false,1,
7290018043844,false,חטיף חלבון בוטנים קרמל קראנץ 60 ג' פראוד,דיפלומט מפיצים (1968) בעמ**,,,"י""ח",60,ל גרם,false,1,13.90,23.17,false,1,
7290018045084,false,דגני בוקר בון בון במילוי קרם בטעם בראוני,ר.ב. מוצרי דגנים בעמ,,,"י""ח",750,ל גרם,false,1,21.90,2.92,true,1,
7290018045893,false,דגני בוקר בון בון במילוי קרם נוגט 480 גר,ר.ב. מוצרי דגנים בעמ,,,"י""ח",750,ל גרם,false,1,21.90,2.92,true,1,
7290018071205,false,כפפות ניטרו V כחולות אלסטיות S ללא אבקה 100 יחידות,אינטרסן (1996) בעמ,,,"י""ח",100,"י""ח",false,1,22.90,0.23,true,1,
7290018071212,false,כפפות ניטרו V כחולות אלסטיות M ללא אבקה 100 יחידות,אינטרסן (1996) בעמ,,,"י""ח",100,"י""ח",false,1,22.90,0.23,true,1,
7290018098653,false,מרק מינסטרונה ירוק מן הצומח 500גר,קפוא זן תעשיות מזון בעמ,,,"י""ח",500,ל גרם,false,1,16.90,3.38,false,1,
7290018131336,false,שלגון ליון בטעם קרמל עם,שוורצקוף& הנקל דיסלד,,,"י""ח",66,ל גרם,false,1,11.90,18.03,true,1,
7290018131428,false,טילון אקסטרים מסקרפו,גלידות נסטלה )נגה גלידות,,,"י""ח",1,,false,1,9.90,9.90,true,1,
7290018131596,false,אימפלס מיני בייטס אוראו 8 יחידות,שוורצקוף& הנקל דיסלד,,,"י""ח",54,ל גרם,false,1,10.90,20.19,true,1,
7290018131831,false,נסטלה מאגדת שלגון מילקה וניל חדש8 4*66ג,נגה גלידות שותפות מוגבלת,,,"י""ח",284,ל גרם,false,1,36.90,12.99,false,1,
7290018131978,false,טילון נסטלה אוראו 68.5 גרם,פרונרי פולין,,,"י""ח",68,ל גרם,false,1,8.90,13.09,true,1,
7290018132388,false,"מטרנה גולד בד""ץ שלב 2 700 גרם",קבוצת אוסם סחר שותפות מוגבלת,,,"י""ח",700,ל גרם,false,1,74.90,10.70,true,1,
7290018165010,false,"יין רזרב GOLD EDITION גווצטרמינר ברקן 750 מ""ל",יקבי ברקן שיווק והפצה בע,,,"י""ח",750,"ל מ""ל",false,1,49.90,6.61,true,1,
7290018192658,false,מארז זוג פטריות פורטובלה ושמפיניון מרינה,קונס`-מרינה פטריות הגליל בעמ*ש,,,"י""ח",1,,false,1,19.90,19.90,false,1,
7290018195499,false,אבקת אפיה 100 גרם טעמן,טעמן שווק מזון בעמ,,,"י""ח",100,ל גרם,false,1,2.90,2.90,true,1,
7290018195505,false,סוכר וניל 100 גרם טעמן,טעמן שווק מזון בעמ,,,"י""ח",100,ל גרם,false,1,2.90,2.90,true,1,
7290018198209,false,צ'יפס בטטה קראנצ'י תפוגן 500 גרם,קבוצת אוסם סחר שותפות מוגבלת,,,"י""ח",500,ל גרם,false,1,21.90,4.38,false,1,
7290018198384,false,תפוגן צ'יפס קריספי פרוסות לתנור אסם 1.25 קג,קבוצת אוסם סחר-שות.מוגבלת,,,"י""ח",1.25,"ק""ג",false,1,27.90,22.32,false,1,
7290018208472,false,"תמר מג`הול 1ק""ג מחנה יהודה.",א.מ. עישבי תיבול תקומה בעמ,,,"י""ח",1,"ק""ג",false,1,19.90,19.90,true,1,
7290018208489,false,תמר מג`הול 800גר פרימים מחנה יהודה,א.מ. עישבי תיבול תקומה בעמ,,,"י""ח",800,ל גרם,false,1,24.90,3.11,true,1,
7290018208496,false,תמר מג`הול 650גר סופר פרימים מחנה יהוד,א.מ. עישבי תיבול תקומה בעמ,,,"י""ח",650,ל גרם,false,1,24.90,3.83,true,1,
7290018237373,false,עוף טוב פסטרמה צרובה על הגריל נתח שלם 8*300 גרם,קבוצת אוסם סחר-שות.מוגבלת,,,"י""ח",300,ל גרם,false,1,25.90,8.63,true,1,
7290018237397,false,עוף טוב פסטרמה מקורמלת נתח שלם 8*300 גרם,קבוצת אוסם סחר שותפות מוגבלת,,,"י""ח",300,ל גרם,false,1,25.90,8.63,true,1,
7290018237410,false,עוף טוב פסטרמה במעשנה נתח שלם 8*300 גרם,קבוצת אוסם סחר-שות.מוגבלת,,,"י""ח",300,ל גרם,false,1,25.90,8.63,true,1,
7290018237939,false,שניצלונים ציפוי שומשום עוף טוב 700 גרם,קבוצת אוסם סחר שותפות מוגבלת,,,"י""ח",700,ל גרם,false,1,14.90,2.13,true,1,
7290018237960,false,עוף טוב כתף בקר עסיסי 265 גרם,קבוצת אוסם סחר שותפות מוגבלת,,,"י""ח",265,ל גרם,false,1,29.90,11.28,true,1,
7290018294352,false,"ארק יקבי כרמל 700 מ""",אגודת הכורמים -כרמל מזרחי,,,"י""ח",700,"ל מ""ל",false,1,59.90,8.51,true,1,
7290018333112,false,טופי אצבעות מיקס פירות כרמית 402 גרם,כרמית תעשיות ממתקים בעמ,,,"י""ח",402,ל גרם,false,1,11.90,2.96,false,1,
7290018333198,false,"אגו רוקס חטיפי שוקולד חלב עם פתיתי תירס, שברי בוטנים מסוכרים ומלח 100 גרם",כרמית תעשיות ממתקים בעמ,,,"י""ח",100,ל גרם,false,1,10.90,10.90,false,1,
7290018333945,false,חטיף אגוזים רפאלס שקד ווניל בדצ 150 גר *12יח,כרמית תעשיות ממתקים בעמ,,,"י""ח",150,ל גרם,false,1,15.90,10.60,false,1,
7290018333969,false,חטיף גרנולה רפאלס שקדים וטחינה בדצ 150 גר *12יח,כרמית תעשיות ממתקים בעמ,,,"י""ח",150,ל גרם,false,1,15.90,10.60,false,1,
7290018343487,false,"אלכוג ל H שפורפרת 75מ""ל",פישר תעשיות פרמבצטיות בעמ,,,"י""ח",75,"ל מ""ל",false,1,12.90,17.20,false,1,
7290018359679,false,הקיסרית-שעועית לימה יכין 550 גרם,קריות זול,,,"י""ח",520,ל גרם,false,1,11.90,2.29,false,1,
7290018359686,false,יכין חומוס גדול 550 גר A2,היינץ צפון אמריקה מק,,,"י""ח",520,ל גרם,false,1,11.90,2.29,false,1,
7290018359884,false,פולפה עגבניות ליקופן טבעית 2*400 יכין,זנלכול יכין,,,"י""ח",800,ל גרם,false,1,19.90,2.49,true,1,
7290018359938,false,"רוטב עגבניות לשקשוקה יכין, 400 גרם",זנלכול יכין,,,"י""ח",400,ל גרם,false,1,12.90,3.23,false,1,
7290018359952,false,רוטב עגבניות לפסטה יכין 400 גרם,זנלכול יכין,,,"י""ח",400,ל גרם,false,1,12.90,3.23,false,1,
7290018440193,false,פליפז בייגלה בציפוי קרם בטעם חמאת בוטנים מקוויטיס 140 גרם,תה ויסוצקי (ישראל) בעמ,,,"י""ח",140,ל גרם,false,1,8.90,6.36,true,1,
7290018440476,false,פליפז בייגלה מצופה בקרם עוגת גבינה ותותים מקוויטיס 140 גרם,תה ויסוצקי (ישראל) בעמ,,,"י""ח",140,ל גרם,false,1,8.90,6.36,true,1,
7290018440483,false,פליפז בייגלה מצופה בקרמל מלוח ושוקולד מקוויטיס 140 גרם,תה ויסוצקי (ישראל) בעמ,,,"י""ח",140,ל גרם,false,1,8.90,6.36,true,1,
7290018443040,false,נבטים סיניים (בוסתן,ביכורי השדה צפון 1994 ג.ד. בעמ,,,"י""ח",1,,false,1,7.90,7.90,false,1,
7290018443347,false,שמיר ברכת קטיף מצע מנותק ייבול נוכרי,ביכורי השדה צפון 1994 ג.ד. בעמ,,,"י""ח",1,,false,1,6.90,6.90,true,1,
7290018443354,false,נענע ברכת קטיף מצע מנותק ייבול נוכרי,ביכורי השדה צפון 1994 ג.ד. בעמ,,,"י""ח",1,,false,1,6.90,6.90,true,1,
7290018443408,false,כרוב לבן ברכת קטיף מצע מנותק ייבול נוכרי,ביכורי השדה צפון 1994 ג.ד. בעמ,,,"ק""ג",1,,true,1,2.90,2.90,false,1,
7290018443712,false,כרובית ארוזה תקומה,ביכורי השדה צפון 1994 ג.ד. בעמ,,,"י""ח",1,"י""ח",false,1,11.90,11.90,false,1,
7290018443828,false,צמח חסה אייסברג,ביכורי השדה צפון 1994 ג.ד. בעמ,,,"י""ח",150,ל גרם,false,1,11.90,7.93,false,1,
7290018443835,false,שרי סוכריות פרמיום תקומה,ביכורי השדה צפון 1994 ג.ד. בעמ,,,"י""ח",1,,false,1,13.90,13.90,false,1,
7290018443873,false,צמר ברוקובית תקומה,ביכורי השדה צפון 1994 ג.ד. בעמ,,,"י""ח",1,,false,1,18.90,18.90,false,1,
7290018468401,false,פסטרמה צמחונית בטעם גריל 100 גר טירת צבי,תנובה מרכז שיתופי לשיווק תוצרת,,,"י""ח",120,ל גרם,false,1,18.90,15.75,false,1,
7290018468418,false,פסטרמה צמחונית טעם מפולפל 120 גרם טירת צבי,תנובה מרכז שיתופי לשיווק תוצרת,,,"י""ח",120,ל גרם,false,1,18.90,15.75,false,1,
7290018471029,false,"סודה בטעם לימון - מארז 6 בקבוקים 500 מ""ל",יפאורה שותפות מוגבלת לשיווק,,,"י""ח",300,"ל מ""ל",false,1,15.90,4.70,false,1,
7290018471180,false,משקה פרוט& ווג' אננס תפוח גזר 1 ליטר,יפאורה שותפות מוגבלת לשיווק,,,"י""ח",1,ליטר,false,1,12.90,12.90,false,1,
7290018471197,false,פרוט אנד ווג` תפוח בננה מלון נענע 1 ליטר,יפאורה שותפות מוגבלת לשיווק,,,"י""ח",1,ליטר,false,1,12.90,12.90,false,1,
7290018471210,false,ספרינג נקטר אגס סברס תפוח 1ליטר קרטוני,יפאורה שותפות מוגבלת לשיווק,,,"י""ח",1,ליטר,false,1,6.90,6.90,true,1,
7290018471395,false,משקה פרוט& ווג' תפוח רימון ג'ינג'ר 1 ליטר,יפאורה שותפות מוגבלת לשיווק,,,"י""ח",1,ליטר,false,1,12.90,12.90,false,1,
7290018471449,false,קרטונית ספרינג שייק בננה תמר תפוז 1 ליטר,יפאורה - שותפות מוגבלת לשיווק,,,"י""ח",1,ליטר,false,1,11.60,11.60,true,1,
7290018471470,false,תפוזינה נקטר תפוז פסיפלורה קרטונית 1 ליטר,יפאורה שותפות מוגבלת לשיווק,,,"י""ח",1,ליטר,false,1,8.10,8.10,true,1,
7290018471494,false,תפוזינה משקה תפוז גזר קרטונית 1 ליטר,יפאורה שותפות מוגבלת לשיווק,,,"י""ח",1,ליטר,false,1,8.10,8.10,true,1,
7290018471616,false,שוופס אינדיאן טוניק 1 ליטר,יפאורה שותפות מוגבלת לשיווק,,,"י""ח",1,ליטר,false,1,9.40,9.40,true,1,
7290018471623,false,שוופס טוניק אשכוליות ליצ`י 1 ליטר,יפאורה שותפות מוגבלת לשיווק,,,"י""ח",1,ליטר,false,1,9.40,9.40,true,1,
7290018471692,false,ספרינג שייק בננה אננס קוקוס פירות יער קרטונית 1 ליטר,יפאורה - שותפות מוגבלת לשיווק,,,"י""ח",1,ליטר,false,1,11.60,11.60,true,1,
7290018471906,false,שוופס מוגז פירות לימונדה ורודה 1.5 ליטר פיקדון,יפאורה - שותפות מוגבלת לשיווק,,,"י""ח",1.50,ליטר,false,1,9.20,5.93,true,1,
7290018471913,false,משקה מוגז פירות תפוחים שוופס 1.5 ליטר,יפאורה - שותפות מוגבלת לשיווק,,,"י""ח",1.50,ליטר,false,1,9.20,5.93,true,1,
7290018471920,false,שוופס מוגז פירות ענבים 1.5 ליטר פיקדון,יפאורה - שותפות מוגבלת לשיווק,,,"י""ח",1.50,ליטר,false,1,9.20,5.93,true,1,
7290018471937,false,שוופס מוגז פירות תות ליים 1.5 ליטר פיקדון,יפאורה - שותפות מוגבלת לשיווק,,,"י""ח",1.50,ליטר,false,1,9.20,5.93,true,1,
7290018471944,false,שוופס מוגז פירות לימונייד 1.5 ליטר פיקדון,יפאורה - שותפות מוגבלת לשיווק,,,"י""ח",1.50,ליטר,false,1,9.20,5.93,true,1,
7290018471951,false,שוופס מוגז פירות אשכולית אדומה 1.5 ליטר פיקדון,יפאורה - שותפות מוגבלת לשיווק,,,"י""ח",1.50,ליטר,false,1,9.20,5.93,true,1,
7290018500231,false,לחם פרוס וויקאנד אנג'ל 750 גרם,מאפיית שלמה א. אנג'\ל בע,,,"י""ח",750,ל גרם,false,1,16.90,2.25,false,1,
7290018500361,false,"לחם שחור פרוס 900 גרם ""אנג'ל"" -מוצר בפיקוח",מאפיית שלמה א. אנג'\ל בע,,,"י""ח",900,ל גרם,false,1,8.53,0.95,false,1,
7290018500460,false,לחם חצי מלא אנג'ל 700 גרם,שלמה א.אנג ל בעמ,,,"י""ח",750,ל גרם,false,1,11.90,1.59,false,1,
7290018500491,false,חלה בסגנון אמריקה אנגל.,שלמה א.אנג ל בעמ,,,"י""ח",500,ל גרם,false,1,15.90,3.18,false,1,
7290018540329,false,שקית פיתה פיתה בלדי 800 ג' אנג'ל,מאפיית שלמה א. אנג'\ל בע,,,"י""ח",8,"י""ח",false,1,12.90,1.61,false,1,
7290018540459,false,לחמניות המבורגר כוסמין 6 יח`300 גרם אנג,מאפיית שלמה א.אנג'\ל בע\,,,"י""ח",300,ל גרם,false,1,15.90,5.30,false,1,
7290018540817,false,ארטיזנל לחם מחמצת כוסמין אנג'ל 500 גרם,שלמה א. אנג`ל בעמ,,,"י""ח",500,ל גרם,false,1,17.90,3.58,true,1,
7290018540831,false,ארטיזנל לחם מחמצת חיטה מלאה ודגנים אנג'ל 500 גרם,שלמה א. אנג`ל בעמ,,,"י""ח",500,ל גרם,false,1,17.90,3.58,true,1,
7290018571149,false,שקד מולבן פרוס בנספק ( 200 גר`) מיה,מיה תעשיות מזון מ.ת.מ. בעמ,,,"י""ח",200,ל גרם,false,1,29.90,14.95,false,1,
7290018571156,false,שקד מולבן שבבים בנספק ( 200 גר`) מיה,מיה תעשיות מזון מ.ת.מ. בעמ,,,"י""ח",200,ל גרם,false,1,29.90,14.95,false,1,
7290018571231,false,"עדשי שוקולד לאפיה ""מיה"" 400 גרם",מיה תעשיות מזון מ.ת.מ בעמ,,,"י""ח",400,ל גרם,false,1,18.90,4.73,false,1,
7290018571408,false,מיה לקקנים מולטיקולור תותי פרוטי 220 גרם,מיה תעשיות מזון מ.ת.מ. בעמ,,,"י""ח",200,ל גרם,false,1,9.20,4.60,true,1,
7290018571507,false,סוכריות ויטמין סי לילדים דובונים יד למעלה 175 גרם מיה פלוס,מיה תעשיות מזון מ.ת.מ בעמ,,,"י""ח",175,ל גרם,false,1,39.90,22.80,false,1,
7290018571514,false,סוכריות ויטמין די ילדים דובונים יד למעלה 175 גרם מיה פלוס,מיה תעשיות מזון מ.ת.מ בעמ,,,"י""ח",175,ל גרם,false,1,39.90,22.80,false,1,
7290018571521,false,סוכריות מולטי ויטמין ילדים דובונים יד למעלה 175 גרם מיה פלוס,מיה תעשיות מזון מ.ת.מ בעמ,,,"י""ח",175,ל גרם,false,1,39.90,22.80,false,1,
7290018571538,false,סוכריות חורף פרופוליס אכיניציה ילדים דובונים יד למעלה 175 גרם מיה פלוס,מיה תעשיות מזון מ.ת.מ בעמ,,,"י""ח",175,ל גרם,false,1,39.90,22.80,false,1,
7290018571552,false,סוכריות ג'לי ללא סוכר עם חומצות שומן אומגה 3 למבוגרים,מיה תעשיות מזון מ.ת.מ בעמ,,,"י""ח",240,ל גרם,false,1,39.90,16.63,false,1,
7290018571569,false,תמצית וניל טהורה 30 מ''ל,מיה תעשיות מזון מ.ת.מ בעמ,,,"י""ח",30,ל גרם,false,1,29.90,99.67,false,1,
7290018571613,false,סוכריות אומגה 3 מבוגרים אצבעות מיה פלוס 210 גרם ללס,מיה תעשיות מזון מ.ת.מ בעמ,,,"י""ח",210,ל גרם,false,1,39.90,19,false,1,
7290018571651,false,סוכריות קולגן למבוגרים אצבעות רחבות 175 גרם מיה,מיה תעשיות מזון מ.ת.מ בעמ,,,"י""ח",210,ל גרם,false,1,39.90,19,false,1,
7290018571699,false,"קמח שקדים 250 גרם כשל""פ עד""ח",מיה תעשיות מזון מ.ת.מ. בעמ,,,"י""ח",250,ל גרם,false,1,25.90,10.36,false,1,
7290018571705,false,"אורז יסמין 1 ק""ג מיה.",מיה תעשיות מזון מ.ת.מ. בעמ,,,"י""ח",1,"ק""ג",false,1,10.90,10.90,true,1,
7290018571712,false,"אורז בסגנון פרסי 1 ק""ג",מיה תעשיות מזון מ.ת.מ. בעמ,,,"י""ח",1,"ק""ג",false,1,9.90,9.90,true,1,
7290018571736,false,אורז בסמטי הודי 1ק''ג,מיה תעשיות מזון מ.ת.מ. בעמ,,,"י""ח",1,"ק""ג",false,1,10.90,10.90,true,1,
7290018652688,false,לה קרמריה פירות טרופיים ופירות יער נסטלה 700 גרם,נגה גלידות שותפות מוגבלת,,,"י""ח",1.40,ליטר,false,1,19.90,14.21,false,1,
7290018703083,false,פראוד חטיף חלבון דאבל שוקולד 60 גרם קראנץ,דיפלומט מפיצים (1968) בעמ**,,,"י""ח",60,ל גרם,false,1,13.90,23.17,false,1,
7290018703311,false,פראוד - חטיף חלבון קרם עוגיות קראנצ' 60ג,דיפלומט מפיצים (1968) בעמ**,,,"י""ח",60,ל גרם,false,1,13.90,23.17,false,1,
7290018792858,false,אבקת קקאו טבעי 500 גר` גאנה,תה ויסוצקי (ישראל) בעמ,,,"י""ח",500,ל גרם,false,1,24.90,4.98,true,1,
7290018878095,false,שלישיית שוקולד חלב ללא סוכר 85 גרם,כרמית תעשיות ממתקים בעמ,,,"י""ח",255,ל גרם,false,1,15.90,6.24,false,1,
7290018878170,false,אגו שוקולד מריר 60% מוצקי קקאו 2*100גר,כרמית תעשיות ממתקים בעמ,,,"י""ח",170,ל גרם,false,1,10.90,6.41,false,1,
7290018893005,false,"חטיפי בייגלה אפוי בטעם חרדל ודבש, 160 גרם",ש.שסטוביץ בעמ,,,"י""ח",200,ל גרם,false,1,6.90,3.45,false,1,
7290018893098,false,צ'וקטה עוגויות ביסקוויט מצופה שוקולד חלב 100 גרם,דיסטרופר אוליבייר,,,"י""ח",100,ל גרם,false,1,9.90,9.90,true,1,
7290018893258,false,צ'וקטה עוגות אישיות במילוי קרם קרמל ובציפוי בטעם שוקולד 300 גרם,פרדי קונדיטוריה אס.פ,,,"י""ח",300,ל גרם,false,1,14.90,4.97,false,1,
7290018893265,false,צ'וקטה עוגות אישיות בטעם שוקולד מריר 8 יח 240 גרם,"פרדי קונדיטוריה אס,פי.אי",,,"י""ח",240,ל גרם,false,1,11.90,4.96,true,1,
7290018893456,false,צ'וקטה עוגות אישיות במילוי קרם ובציפוי בטעם שוקולד 300 גרם,"פרדי קונדיטוריה אס,פי.אי",,,"י""ח",300,ל גרם,false,1,14.90,4.97,false,1,
7290018893654,false,חטיפי בייגלה דקיקים ופריכים מלח צ'וקטה 200 ג',ש.שסטוביץ בעמ,,,"י""ח",200,ל גרם,false,1,6.90,3.45,false,1,
7290018893753,false,עלי וופל חמאה בטעם לימון 100 גר` צוקטה,ש.שסטוביץ בעמ,,,"י""ח",100,ל גרם,false,1,9.90,9.90,true,1,
7290018893845,false,פתי בר ביסקוויט בטעם חמאה 400 גרם צ'וקטה,ש. שסטוביץ בע`מ,,,"י""ח",400,ל גרם,false,1,8.90,2.23,false,1,
7290018893876,false,עוגות אישיות רכות עם מילוי קרם בטעם וניל,פרדי קונדיטוריה אס.פ,,,"י""ח",240,ל גרם,false,1,11.90,4.96,true,1,
7290018893913,false,"צ`וקטה ממרח אגוזי לוז עם מקלות גריסיני קקאו, 52 גרם",ש.שסטוביץ בעמ,,,"י""ח",52,ל גרם,false,1,7.90,15.19,true,1,
7290018894002,false,קוביות וופל במילוי קרם קקאו - חלבי,ש. שסטוביץ בע`מ,,,"י""ח",250,ל גרם,false,1,12.90,5.16,true,1,
7290018894071,false,צוקטה מארז סביבון לחנוכה 225ג,ש.שסטוביץ בעמ,,,"י""ח",225,ל גרם,false,1,16.90,7.51,false,1,
7290018894200,false,וופל קוביות ווניל בלקוני 250 גרם,ש. שסטוביץ בע`מ,,,"י""ח",250,ל גרם,false,1,12.90,5.16,true,1,
7290018894248,false,צ'וקטה - שוקולד חלב שלישייה 3 * 100 גרם,ש. שסטוביץ בע`מ,,,"י""ח",300,"ל מ""ל",false,1,13.90,4.63,true,1,
7290018894408,false,קוביות וופל במילוי קרם אגוזי לוז - חלבי,ש. שסטוביץ בע`מ,,,"י""ח",250,ל גרם,false,1,12.90,5.16,true,1,
7290018904008,false,מארז עוגיות שבקייה ושומשומית 350גר,הלל בן הלל שיווק ומסחר בעמ,,,"י""ח",350,ל גרם,false,1,29.90,8.54,false,1,
7290018921029,false,"ד""ר פישר - קמיל בלו מגבוני סנסיטיב 64 יח' * 4","פישר תעשיות פרמבצטיות בע""מ",,,"י""ח",4,"י""ח",false,1,21.90,5.48,true,1,
7290018921067,false,"ד""ר פישר - אפקטיב קר תחליב רחצה שמן שקדים 700 מ""ל","פישר תעשיות פרמצביטות בע""מ",,,"י""ח",700,"ל מ""ל",false,1,16.90,2.41,true,1,
7290018921166,false,קמיל אל סבון להזנת העור מועשר באצות-ים 1 ליטר,"פישר תעשיות פרמבצטיות בע""מ",,,"י""ח",1,ליטר,false,1,15.90,15.90,true,1,
7290018921609,false,"ד""ר פישר - קמיל בלו קרם החתלה קלנדולה 120 גרם","פישר תעשיות פרמצבטיות בע""מ",,,"י""ח",120,ל גרם,false,1,21.90,18.25,true,1,
7290018921616,false,רביעיית מגבוני קמיל בלו שיבולת שועל 64 יח',"פישר תעשיות פרמצביטות בע""מ",,,"י""ח",4,"י""ח",false,1,22.90,5.73,true,1,
7290018925065,false,מיץ תפוזים סחוט פרימור (2 ליטר),שטראוס גרופ בעמ/מצונן,,,"י""ח",2,ליטר,false,1,26.90,13.30,false,1,
7290018989005,false,שלישיית פולפה עגבניות טבעי יכין 400X3 גרם,זנלכול יכין,,,"י""ח",800,ל גרם,false,1,19.90,2.49,true,1,
7290019014027,false,טאצ' נוזל רצפות בלוסום 4 ליטר,סאסאטק אגשח בעמ,,,"י""ח",4,ליטר,false,1,14.90,3.73,true,1,
7290019056027,false,שוופס מוגז פירות תפוחים ללא סוכר 1.5 ליטר פיקדון,יפאורה - שותפות מוגבלת לשיווק,,,"י""ח",1.50,ליטר,false,1,9.20,5.93,true,1,
7290019056034,false,שוופס מוגז פירות אננס ללא סוכר 1.5 ליטר פיקדון,יפאורה - שותפות מוגבלת לשיווק,,,"י""ח",1.50,ליטר,false,1,9.20,5.93,true,1,
7290019056041,false,שוופס מוגז פירות לימונייד ללא סוכר 1.5 ליטר פיקדון,יפאורה - שותפות מוגבלת לשיווק,,,"י""ח",1.50,ליטר,false,1,9.20,5.93,true,1,
7290019056058,false,שוופס מוגז עדין תפוח ליים 1.5 ליטר פיקדון,יפאורה - שותפות מוגבלת לשיווק,,,"י""ח",1.50,ליטר,false,1,8.60,5.53,true,1,
7290019056065,false,שוופס מוגז עדין פירות יער 1.5 ליטר פיקדון,יפאורה - שותפות מוגבלת לשיווק,,,"י""ח",1.50,ליטר,false,1,8.60,5.53,true,1,
7290019056072,false,שוופס מוגז עדין אננס 1.5 ליטר פיקדון,יפאורה - שותפות מוגבלת לשיווק,,,"י""ח",1.50,ליטר,false,1,8.60,5.53,true,1,
7290019056089,false,שוופס מוגז עדין ענבי ריזלינג 1.5 ליטר פיקדון,יפאורה - שותפות מוגבלת לשיווק,,,"י""ח",1.50,ליטר,false,1,8.60,5.53,true,1,
7290019056096,false,שוופס מוגז עדין אפרסק 1.5 ליטר פיקדון,יפאורה - שותפות מוגבלת לשיווק,,,"י""ח",1.50,ליטר,false,1,8.60,5.53,true,1,
7290019056164,false,שוופס סודה 1.5 ליטר רביעייה פיקדון,יפאורה - שותפות מוגבלת לשיווק,,,"י""ח",6,ליטר,false,1,12.90,1.95,true,1,
7290019056171,false,שוופס סודה לימון 1.5 ליטר רביעייה פיקדון,יפאורה - שותפות מוגבלת לשיווק,,,"י""ח",6,ליטר,false,1,12.90,1.95,true,1,
7290019056188,false,שוופס סודה נענע ליים 1.5 ליטר רביעייה פיקדון,יפאורה - שותפות מוגבלת לשיווק,,,"י""ח",6,ליטר,false,1,12.90,1.95,true,1,
7290019056201,false,שוופס סודה פירות יער 1.5 ליטר רביעייה פיקדון,יפאורה - שותפות מוגבלת לשיווק,,,"י""ח",6,ליטר,false,1,12.90,1.95,true,1,
7290019056232,false,משקה מוגז בטעם ליים מוחיטו 1.5 ל' שוופס,יפאורה - שותפות מוגבלת לשיווק,,,"י""ח",1.50,ליטר,false,1,8.60,5.53,true,1,
7290019056249,false,שוופס מים בטעמים ענבים 1.5 ליטר פיקדון,יפאורה - שותפות מוגבלת לשיווק,,,"י""ח",1.50,ליטר,false,1,8.80,5.67,true,1,
7290019056256,false,שוופס מים בטעמים תפוחים 1.5 ליטר פיקדון,יפאורה - שותפות מוגבלת לשיווק,,,"י""ח",1.50,ליטר,false,1,8.80,5.67,true,1,
7290019056263,false,שוופס מים בטעמים אפרסק 1.5 ליטר פיקדון,יפאורה - שותפות מוגבלת לשיווק,,,"י""ח",1.50,ליטר,false,1,8.80,5.67,true,1,
7290019056270,false,שוופס מים בטעמים פירות יער 1.5 ליטר פיקדון,יפאורה - שותפות מוגבלת לשיווק,,,"י""ח",1.50,ליטר,false,1,8.80,5.67,true,1,
7290019056287,false,שוופס מים בטעמים אפרסק ללא סוכר 1.5 ליטר פיקדון,יפאורה - שותפות מוגבלת לשיווק,,,"י""ח",1.50,ליטר,false,1,8.80,5.67,true,1,
7290019056300,false,משקה בטעם ביטר לימון 1.5 ל' שוויפס,יפאורה - שותפות מוגבלת לשיווק,,,"י""ח",1.50,ליטר,false,1,12.50,8.13,false,1,
7290019056317,false,שוופס ראשן 1.5 ליטר פיקדון,יפאורה - שותפות מוגבלת לשיווק,,,"י""ח",1.50,ליטר,false,1,12.50,8.13,false,1,
7290019056331,false,שוופס טוניק ללא סוכר 1.5 ליטר פיקדון,יפאורה - שותפות מוגבלת לשיווק,,,"י""ח",1.50,ליטר,false,1,11.90,7.73,false,1,
7290019056362,false,תפוזינה משקה קל ענבים 1.5 ליטר,יפאורה - שותפות מוגבלת לשיווק,,,"י""ח",1.50,ליטר,false,1,9.20,5.93,true,1,
7290019056409,false,תפוזינה משקה קל מנגו עסיסי1.5ליטר,יפאורה - שותפות מוגבלת לשיווק,,,"י""ח",1.50,ליטר,false,1,9.20,5.93,true,1,
7290019056416,false,מיץ בטעם לימונדה ורודה 1.5 ל' תפוזינה,יפאורה - שותפות מוגבלת לשיווק,,,"י""ח",1.50,ליטר,false,1,9.20,5.93,true,1,
7290019056478,false,ספרינג טי קר אפרסק 1.5ליטר פיקדון,יפאורה - שותפות מוגבלת לשיווק,,,"י""ח",1.50,ליטר,false,1,7.50,4.80,true,1,
7290019056485,false,ספריג תה ירוק לימון לואיזה 1.5 ליטר פיקדון,יפאורה - שותפות מוגבלת לשיווק,,,"י""ח",1.50,ליטר,false,1,7.50,4.80,true,1,
7290019056492,false,ספרינג תה מנגו אפרסק 1.5 ליטר פיקדון,יפאורה - שותפות מוגבלת לשיווק,,,"י""ח",1.50,ליטר,false,1,7.50,4.80,true,1,
7290019056508,false,פרוט ווטר ענבים 1.5 ליטר פיקדון,יפאורה - שותפות מוגבלת לשיווק,,,"י""ח",1.50,ליטר,false,1,8.80,5.67,true,1,
7290019056515,false,פרוט ווטר אננס 1.5 ליטר פיקדון,יפאורה - שותפות מוגבלת לשיווק,,,"י""ח",1.50,ליטר,false,1,8.80,5.67,true,1,
7290019056539,false,פרוט ווטר אפרסק 1.5 ליטר פיקדון,יפאורה שותפות מוגבלת לשיווק,,,"י""ח",1.50,ליטר,false,1,8.80,5.67,true,1,
7290019056546,false,פרוט ווטר אבטיח 1.5 ליטר פיקדון,יפאורה - שותפות מוגבלת לשיווק,,,"י""ח",1.50,ליטר,false,1,8.80,5.67,true,1,
7290019056553,false,שישיית מים מינרלים עין גדי 2 ליטר,יפאורה - שותפות מוגבלת לשיווק,,,"י""ח",12,ליטר,false,1,13.70,0.99,false,1,
7290019056560,false,עין גדי מים מינרלים בקבוק 2 ליטר,יפאורה שותפות מוגבלת לשיווק,,,"י""ח",2,ליטר,false,1,4.50,2.10,false,1,
7290019056577,false,ספרינג קל מנגו 1.5 ליטר פיקדון,יפאורה - שותפות מוגבלת לשיווק,,,"י""ח",1.50,ליטר,false,1,9.10,5.87,true,1,
7290019056584,false,משקה קל תפוזים ספרינג 1.5 ליטר,יפאורה - שותפות מוגבלת לשיווק,,,"י""ח",1.50,ליטר,false,1,9.10,5.87,true,1,
7290019056607,false,משקה קל תפוחים ספרינג 1.5 ליטר,יפאורה - שותפות מוגבלת לשיווק,,,"י""ח",1.50,ליטר,false,1,9.10,5.87,true,1,
7290019056614,false,משקה קל ספרינג 1.5 ליטר אפרסק,יפאורה - שותפות מוגבלת לשיווק,,,"י""ח",1.50,ליטר,false,1,9.10,5.87,true,1,
7290019056621,false,משקה קל פירות טרופיים ספרינג 1.5 ליטר,יפאורה - שותפות מוגבלת לשיווק,,,"י""ח",1.50,ליטר,false,1,9.10,5.87,true,1,
7290019056638,false,משקה קל תות בננה ספרינג 1.5 ליטר,יפאורה - שותפות מוגבלת לשיווק,,,"י""ח",1.50,ליטר,false,1,9.10,5.87,true,1,
7290019056645,false,משקה קל ספרינג 1.5 ליטר אגס תפוח סברס,יפאורה - שותפות מוגבלת לשיווק,,,"י""ח",1.50,ליטר,false,1,9.10,5.87,true,1,
7290019056652,false,משקה קל ספרינג 1.5 ליטר אננס בננה,יפאורה - שותפות מוגבלת לשיווק,,,"י""ח",1.50,ליטר,false,1,9.10,5.87,true,1,
7290019056669,false,משקה קל תפוחים דיאט ספרינג 1.5 ליטר,יפאורה - שותפות מוגבלת לשיווק,,,"י""ח",1.50,ליטר,false,1,9.20,5.93,true,1,
7290019056676,false,משקה קל אשכולית אננס דיאט ספרינג 1.5 ליטר,יפאורה - שותפות מוגבלת לשיווק,,,"י""ח",1.50,ליטר,false,1,8.80,5.67,true,1,
7290019056720,false,קריסטל מיץ ענבים 2 ליטר פיקדון,יפאורה - שותפות מוגבלת לשיווק,,,"י""ח",2,ליטר,false,1,7.80,3.75,true,1,
7290019056737,false,משקה קל קריסטל (2 ליטר)אשכוליות,יפאורה - שותפות מוגבלת לשיווק,,,"י""ח",2,ליטר,false,1,7.80,3.75,true,1,
7290019056768,false,קריסטל משקה קל מנגו 2 ליטר פיקדון,יפאורה - שותפות מוגבלת לשיווק,,,"י""ח",2,ליטר,false,1,7.80,3.75,true,1,
7290019056782,false,משקה קל קריסטל (2 ליטר)מוגז למון ליים,יפאורה - שותפות מוגבלת לשיווק,,,"י""ח",2,ליטר,false,1,7.80,3.75,true,1,
7290019056805,false,משקה קל קריסטל (2 ליטר)מוגז תפוחים,יפאורה - שותפות מוגבלת לשיווק,,,"י""ח",2,ליטר,false,1,7.80,3.75,true,1,
7290019056812,false,משקה קל קריסטל (2 ליטר)מוגז מנטה,יפאורה - שותפות מוגבלת לשיווק,,,"י""ח",2,ליטר,false,1,7.80,3.75,true,1,
7290019056836,false,משקה קל קריסטל (2 ליטר)מוגז תות,יפאורה - שותפות מוגבלת לשיווק,,,"י""ח",2,ליטר,false,1,7.80,3.75,true,1,
7290019056850,false,ספרינג תה אפרסק דיאט 1.5 ליטר פיקדון,יפאורה - שותפות מוגבלת לשיווק,,,"י""ח",1.50,ליטר,false,1,7.50,4.80,true,1,
7290019056959,false,מי עדן בקבוק מתכווץ שקט 1.5 מ``ל,יפאורה - שותפות מוגבלת לשיווק,,,"י""ח",1.50,ליטר,false,1,5.50,3.47,false,1,
7290019056973,false,מי עדן שישיה בק `1.5ליטר פיקדון,יפאורה - שותפות מוגבלת לשיווק,,,"י""ח",9,ליטר,false,1,14.90,1.46,false,1,
7290019074885,false,"ד""ר פישר - קמיל בלו אקסטרה סופט קרם גוף לתינוק 500 מ""ל","פישר תעשיות פרמצביטות בע""מ",,,"י""ח",500,ל גרם,false,1,29.90,5.98,true,1,
7290019075400,false,"אפקטיב קר תחליב רחצה מועשר בשיבולת שועל 700 מ""ל","פישר תעשיות פרמבצטיות בע""מ",,,"י""ח",700,"ל מ""ל",false,1,16.90,2.41,true,1,
7290019075608,false,"אפקטיב קר תחליב רחצה מועשר בתה ירוק ויסמין 700 מ""ל","פישר תעשיות פרמבצטיות בע""מ",,,"י""ח",700,"ל מ""ל",false,1,16.90,2.41,true,1,
7290019145202,false,משקה אלכהלי מחנה יהודה רוזטה 700 מייל,פיירוואטר בעמ,,,"י""ח",750,"ל מ""ל",false,1,40.20,5.32,true,1,
7290019145813,false,ערק מחנה יהודה 40% 700 מייל,פיירוואטר בעמ,,,"י""ח",700,"ל מ""ל",false,1,49.90,7.09,true,1,
7290019153078,false,שוופס ביטר למון 1.5 לייט ליטר פיקדון,יפאורה - שותפות מוגבלת לשיווק,,,"י""ח",1.50,ליטר,false,1,12.50,8.13,false,1,
7290019153085,false,שוופס מוגז ליים מוחיטו ללא סוכר 1.5 ליטר-,יפאורה - שותפות מוגבלת לשיווק,,,"י""ח",1.50,ליטר,false,1,8.80,5.67,true,1,
7290019153221,false,שוופס סודה בטעם אננס 0.5 ליטר,יפאורה שותפות מוגבלת לשיווק,,,"י""ח",500,"ל מ""ל",false,1,4.50,0.84,true,1,
7290019153238,false,שוופס סודה בטעם תפוח 0.5 ליטר,יפאורה - שותפות מוגבלת לשיווק,,,"י""ח",500,"ל מ""ל",false,1,4.50,0.84,true,1,
7290019153245,false,שוופס סודה לימון מוגז עדין 0.50,יפאורה - שותפות מוגבלת לשיווק,,,"י""ח",500,"ל מ""ל",false,1,4.50,0.84,true,1,
7290019153252,false,שוופס סודה תפוח 1.5 ליטר רביעייה פיקדון,יפאורה - שותפות מוגבלת לשיווק,,,"י""ח",6,ליטר,false,1,12.90,1.95,true,1,
7290019153269,false,שוופס סודה אננס 1.5 ליטר רביעייה פיקדון,יפאורה - שותפות מוגבלת לשיווק,,,"י""ח",6,ליטר,false,1,12.90,1.95,true,1,
7290019153290,false,שוופס סודה תפוח 1.5 ליטר בק' בודד פיקדון,יפאורה שותפות מוגבלת לשיווק,,,"י""ח",1.50,ליטר,false,1,4.30,2.67,true,1,
7290019153375,false,משקה קל תפוזינה 1.5 ליטר מוחיטו,יפאורה - שותפות מוגבלת לשיווק,,,"י""ח",1.50,ליטר,false,1,9.20,5.93,true,1,
7290019153566,false,משקה קל רימון אוכמניות דובדבן ספרינג 1.5 ליטר,יפאורה - שותפות מוגבלת לשיווק,,,"י""ח",1.50,ליטר,false,1,9.10,5.87,true,1,
7290019167020,false,עוגת גבינה עם פירות יער לייט עדן קינוחים 82 גרם,"תנובה בע""מ ***",,,"י""ח",82,"ל מ""ל",false,1,6.90,8.41,false,1,
7290019167037,false,תותים בקצפת עדן קינוחים 82 גרם,תנובה בעמ ***,,,"י""ח",82,"ל מ""ל",false,1,6.90,8.41,false,1,
7290019167044,false,קצפת עם קרם בייגלה מתוק מלוח עדן קינוחים 82 גרם,תנובה בעמ ***,,,"י""ח",82,"ל מ""ל",false,1,6.90,8.41,false,1,
7290019204008,false,עוף טוב פסטרמה ארבעה פלפלים 350 גרם,קבוצת אוסם סחר שותפות מוגבלת,,,"י""ח",350,ל גרם,false,1,29.90,8.54,true,1,
7290019232094,false,חליטת פירות וצמחים אפרסק הגן הקסום ויסוצקי 25 יחידות,תה ויסוצקי (ישראל) בעמ,,,"י""ח",20,"י""ח",false,1,17.90,0.90,true,1,
7290019232162,false,"חליטת ""לילה טוב"" קמומיל מליסה 25 שקיקים ויסוצקי",תה ויסוצקי (ישראל) בעמ,,,"י""ח",25,"י""ח",false,1,24.90,1,true,1,
7290019232803,false,הולגריין ביסקוויט+קרם חלב ושוקולד חלב 300 גרם רבנות,"אולקר ביסקווי סנאי, א.ס.",,,"י""ח",300,ל גרם,false,1,10.90,3.63,true,1,
7290019297161,false,טורטיה ראפ מקמח תירס שקדיה 450 גרם,דין שיווק וקליה 2021 בעמ,,,"י""ח",540,ל גרם,false,1,8.90,1.65,false,1,
7290019297383,false,מעדן משמש 100% רכיבי פרי ללא תוספת סוכ,דין שיווק וקליה 2021 בעמ,,,"י""ח",284,ל גרם,false,1,13.90,4.89,true,1,
7290019297406,false,מעדן דובדובן ללא סוכר שקדיה 284 ג',דין שיווק וקליה 2021 בעמ,,,"י""ח",284,ל גרם,false,1,13.90,4.89,true,1,
7290019297420,false,מעדן תות שדה 100% רכיבי פרי 284 גר' ללא תוספת סוכר,דין שיווק וקליה 2021 בעמ,,,"י""ח",284,ל גרם,false,1,13.90,4.89,true,1,
7290019297642,false,גרעין שחור קלוי ללא מלח ששון הקולה 150 ג',דין שיווק וקליה 2021 בעמ,,,"י""ח",150,ל גרם,false,1,6.90,4.60,false,1,
7290042051921,false,כוסות יהלום שווה 40יח,ח.כהן סוכנות מזון ומשקאות בע,,,"י""ח",40,"י""ח",false,1,8.90,0.22,false,1,
7290055090801,false,כרמית שוקולד לבן ללא תוספת סוכר 85 גרם,כרמית תעשיות ממתקים בעמ,,,"י""ח",85,ל גרם,false,1,7.50,8.82,true,1,
7290100240137,false,"תרסיס ריחני למייבש כחול בדין 500 מ""ל",יוניליוור ישראל שיווק בע`מ,,,"י""ח",500,"ל מ""ל",false,1,19.90,3.98,true,1,
7290100240144,false,"תרסיס ריחני למייבש ורוד בדין 500 מ""ל",יוניליוור ישראל שיווק בע`מ,,,"י""ח",500,"ל מ""ל",false,1,19.90,3.98,true,1,
7290100240632,false,קרקר פתית 200-300ג' 6 דגנים 250 גרם,יוניליוור ישראל שיווק בע`מ,,,"י""ח",250,ל גרם,false,1,18.70,7.48,false,1,
7290100240656,false,"פתית שיפון בד""צ חדש 300X24 גר'",יוניליוור ישראל שיווק בע`מ,,,"י""ח",300,ל גרם,false,1,18.70,6.23,false,1,
7290100243671,false,"מרכך כביסה מרוכז אקסטרה כחול בדין 960 מ""ל",יוניליוור ישראל שיווק בע`מ,,,"י""ח",960,"ל מ""ל",false,1,17.90,1.86,true,1,
7290100245231,false,נמס בכוס מרק בטעם עוף עם אטריות ושקדי מרק-2 שקיות,יוניליוור ישראל שיווק בע`מ,,,"י""ח",50,ל גרם,false,1,8.50,17,true,1,
7290100411254,false,מחית בוליווד תפוח ובננה 190 גרם ללא תוספ,שקד תבל בע`מ,,,"י""ח",190,"ל מ""ל",false,1,6.30,3.32,true,1,
7290100412343,false,קוויק מטליות לחות 99.9% לניקוי כללי בריח לימון 50 יחידות,שקד תבל בע`מ,,,"י""ח",50,"י""ח",false,1,8.90,0.18,true,1,
7290100412442,false,קוויק מטליות לחות 99.9% לניקוי שירותים ומקלחות בריח מנטה 50 יחידות,שקד תבל בע`מ,,,"י""ח",50,"י""ח",false,1,8.90,0.18,true,1,
7290100412466,false,מגבונים קוויק לניקוי וחיטוי רצפות בניחוח לימון 10 יח',שקד תבל בע`מ,,,"י""ח",10,"י""ח",false,1,11.90,1.19,true,1,
7290100412831,false,תחליב רחצה אנטי אייג'ינג בניחוח וניל טרופי,"אמיליה קוסמטיקס בע""מ",,,"י""ח",700,ל גרם,false,1,19.90,2.84,true,1,
7290100653586,false,"דאודורנט ג'ל פרש פיוזן 24/7 ליידי ספיד סטיק 65 מ""ל",ליידי ספיד סטיק Lady Speed Stick,,,"י""ח",1,"י""ח",false,1,23.90,23.90,true,1,
7290100680650,false,מנה חמה נודלס-אטריות ירקות טעם תאילנדי אסם 76 ג',קבוצת אוסם סחר שותפות מוגבלת,,,"י""ח",76,ל גרם,false,1,7.90,10.39,true,1,
7290100680711,false,פירורית זהב אסם זהב 350ג',קבוצת אוסם סחר שותפות מוגבלת,,,"י""ח",350,ל גרם,false,1,10.10,2.89,false,1,
7290100680728,false,פירורית רגילה שקית 350 גרם,קבוצת אוסם סחר שותפות מוגבלת,,,"י""ח",350,ל גרם,false,1,8.60,2.46,false,1,
7290100681138,false,מארז אפרופו חטיף תירס 3 יחידות,קבוצת אוסם סחר שותפות מוגבלת,,,"י""ח",150,ל גרם,false,1,14.10,9.40,true,1,
7290100683880,false,פירה אסם ללא צורך בבישול 260 גרם,קבוצת אוסם סחר שותפות מוגבלת,,,"י""ח",260,ל גרם,false,1,17.10,6.58,false,1,
7290100684139,false,פסטה מיני מקרוני אסם (500 גרם),קבוצת אוסם סחר שותפות מוגבלת,,,"י""ח",500,ל גרם,false,1,6.90,1.38,true,1,
7290100685136,false,"אבקת מרק טעם עוף 1 ק""ג 1/8 אסם",קבוצת אוסם סחר שותפות מוגבלת,,,"י""ח",1,"ק""ג",false,1,14.90,14.90,false,1,
7290100685242,false,במבה מתוקה מחומרים טבעיים סרט 30 גרם,קבוצת אוסם סחר-שות.מוגבלת,,,"י""ח",30,ל גרם,false,1,3.10,10.33,false,1,
7290100686164,false,מארז מולטיפק ביסלי ברביקיו 6 יח 35 גר יח,קבוצת אוסם סחר שותפות מוגבלת,,,"י""ח",210,ל גרם,false,1,14.90,7.10,true,1,
7290100686171,false,מארז מולטיפק ביסלי גריל 6 יח 35 גר ליח,קבוצת אוסם סחר שותפות מוגבלת,,,"י""ח",210,ל גרם,false,1,15.90,7.57,true,1,
7290100687109,false,במבה במילוי קרם נוגט 60ג' אסם,קבוצת אוסם סחר-שות.מוגבלת,,,"י""ח",60,ל גרם,false,1,4.90,8.17,true,1,
7290100689301,false,אבקת מרק בטעם עוף זך עדיף אסם 400 גרם,קבוצת אוסם סחר שותפות מוגבלת,,,"י""ח",400,ל גרם,false,1,17.40,4.35,false,1,
7290100700006,false,"סוגת חיטה 1 ק""ג","סוגת תעשיות בע""\מ",,,"י""ח",1,"ק""ג",false,1,9.90,9.90,true,1,
7290100700020,false,גריסי פנינה סוגת (500 גרם),האי נאם סי או אל.טי.,,,"י""ח",200,ל גרם,false,1,6.80,3.40,true,1,
7290100700157,false,"אורז סושי 1ק""ג סוגת",סוגת תעשיות בעמ,,,"י""ח",1,"ק""ג",false,1,14.80,14.80,false,1,
7290100700372,false,"אורז בסגנון בסמטי מלא 1 ק""ג",האי נאם סי או אל.טי.,,,"י""ח",1,"ק""ג",false,1,14.90,14.90,false,1,
7290100700587,false,בורגול סוגת (500 גרם),האי נאם סי או אל.טי.,,,"י""ח",500,ל גרם,false,1,6.80,1.36,true,1,
7290100701454,false,בורגול דק גרישה סוגת (500 גרם),"סוגת תעשיות בע""\מ",,,"י""ח",500,ל גרם,false,1,5.90,1.18,true,1,
7290100701966,false,אפונה צהובה 500 ג' סוגת,"סוגת תעשיות בע""מ",,,"י""ח",500,ל גרם,false,1,6.90,1.38,true,1,
7290100702383,false,קמח תופח מס' 13 סוגת,"שטיבל בע""\מ - טחנות קמח",,,"י""ח",1,"ק""ג",false,1,8.90,8.90,true,1,
7290100702611,false,פתיתים אפויים אורז סוגת 500 גרם,"אסיף תעשיות מזון בע""\מ",,,"י""ח",500,ל גרם,false,1,5.90,1.18,true,1,
7290100702628,false,פתיתים אפויים קוסקוס סוגת 500 גרם,"אסיף תעשיות מזון בע""\מ",,,"י""ח",500,ל גרם,false,1,5.90,1.18,true,1,
7290100702673,false,פתיתים אפויים 3 צבעים 400 גר גרם סוגת,"אסיף תעשיות מזון בע""",,,"י""ח",400,ל גרם,false,1,5.90,1.48,true,1,
7290100702994,false,סוכר דמררה קלאסי בשקית סוגת 500 גרם,"סוגת תעשיות בע""מ",,,"י""ח",500,ל גרם,false,1,6.70,1.34,false,1,
7290100850909,false,חטיף תירס נאצ`ו מקסיקני דוריטוס (70 גרם),"שטראוס פריטו ליי בע""\מ",,,"י""ח",70,ל גרם,false,1,4.50,6.43,true,1,
7290100850916,false,דוריטוס חמוץ חריף מעודן 70 גרם כשר לפסח,"שטראוס פריטו ליי בע""\מ )",,,"י""ח",70,ל גרם,false,1,4.50,6.43,true,1,
7290100850923,false,חטיף תירס גריל דוריטוס (70 גרם),"שטראוס פריטו ליי בע""\מ )",,,"י""ח",70,ל גרם,false,1,4.50,6.43,true,1,
7290100850930,false,חטיף תירס בטעם טבעי דוריטוס (70 גרם),"שטראוס פריטו ליי בע""\מ )",,,"י""ח",70,ל גרם,false,1,4.50,6.43,true,1,
7290100851968,false,מארז קפה נמס עלית זוגות,"שטראוס גרופ בע""מ",,,"י""ח",400,ל גרם,false,1,39.40,9.85,true,1,
7290100858592,false,אבקת קקאו עלית שקית 150 ג',הנסיך- מפעל לייצור ט,,,"י""ח",150,ל גרם,false,1,10.20,6.80,false,1,
7290100925775,false,נוזל כלים רימון ותאנים סוד (650 מל),גורי שיווק בעמ,,,"י""ח",650,"ל מ""ל",false,1,7.50,1.15,false,1,
7290101113812,false,מאגדת יופלה שייק פרי אננס קוקוס פלדמן 5 יחידות,פלקו בעמ חברה ישראלית,,,"י""ח",1,,false,1,12.90,12.90,false,1,
7290101450900,false,נרות ג'מבו כוכבים ממ,שמחה זה אנחנו,,,"י""ח",1,,false,1,7,7,false,1,
7290101451105,false,נרות מטה כוכבים תותים,שמחה זה אנחנו,,,"י""ח",1,,false,1,6,6,false,1,
7290101453895,false,נר מספר - 2 (1X12X60),שמחה זה אנחנו,,,"י""ח",1,,false,1,3.50,3.50,false,1,
7290101455929,false,"בקבוק נירוסטה מעוצב 500מ""ל מיקי",שמחה זה אנחנו,,,"י""ח",1,,false,1,29.90,29.90,false,1,
7290101551027,false,קפסולות קפה אספרסו חזק במיוחד 14 עלית 10 יח',הנסיך- מפעל לייצור ט,,,"י""ח",50,ל גרם,false,1,19.90,39.80,true,1,
7290101551300,false,סילאן טבעי ללא תוספת סוכר בקבוק לחיץ,מכוורת יד מרדכי שטראוס ב,,,"י""ח",380,ל גרם,false,1,15.60,4.11,false,1,
7290101551539,false,יוגורט PRO בטעם אפרסק 0% 20 גרם חלבון בגביע,שטראוס גרופ בעמ/מצונן,,,"י""ח",20,"ל מ""ל",false,1,6.20,31,false,1,
7290101551614,false,חטיף צ'יטוס קראנץ בטעם גבינה - מארז 8 יח',"שטראוס פריטו ליי בע""מ )פ",,,"י""ח",550,ל גרם,false,1,14.90,2.71,false,1,
7290101551638,false,חטיף צ'יטוס כאפה בטעם קטשופ - מארז 10 יח',"שטראוס פריטו ליי בע""מ )פ",,,"י""ח",10,"י""ח",false,1,14.90,1.49,true,1,
7290101863410,false,"סיליט באנג ספריי ניקוי עוצמתי מכיל אקונומיקה 750 מ""ל",רקיט בנקיזר (ניר איסט) בעמ,,,"י""ח",1,,false,1,12.90,12.90,false,1,
7290101864127,false,ספריי להסרת כתמים וניש קליה (750 מל),רקיט בנקיזר (ניר איסט) בעמ,,,"י""ח",750,"ל מ""ל",false,1,17.90,2.39,true,1,
7290101865261,false,נוזל הברקה למדיח כלים פיניש (800 מל),רקיט בנקיזר (ניר איסט) בעמ,,,"י""ח",800,"ל מ""ל",false,1,19.90,2.49,false,1,
7290101868958,false,פיניש נוזל הברקה למדיח בניחוח לימון,רקיט בנקיזר (ניר איסט) בעמ,,,"י""ח",800,"ל מ""ל",false,1,19.90,2.49,false,1,
7290101869726,false,ג'ל מרוכז למדיח הכל ב-1 פיניש 1 ליטר,רקיט בנקיזר (ניר איסט) בעמ,,,"י""ח",1,ליטר,false,1,43.90,43.90,false,1,
7290101869962,false,"אירוויק מקלות ריחניים בניחוח חלום ליל קיץ 30 מ""ל",רקיט בנקיזר (ניר איסט) בעמ,,,"י""ח",1,,false,1,16.90,16.90,true,1,
7290102000432,false,בקבוק בועות סבון ברבי 50,שמחה זה אנחנו,,,"י""ח",1,,false,1,3,3,false,1,
7290102003907,false,נרות מטה לבבות - מכוניות(1X24),שמחה זה אנחנו,,,"י""ח",1,,false,1,7,7,false,1,
7290102006403,false,זר יום הולדת לראש עם פרחים סגול 1 יחידה,שמחה זה אנחנו,,,"י""ח",1,,false,1,11,11,false,1,
7290102030330,false,תפוצ`יפס אקסטרא מקסיקני 200 גרם +20 תו,"שטראוס פריטו ליי בע""\מ )",,,"י""ח",200,ל גרם,false,1,12.20,6.10,true,1,
7290102031276,false,מארז 8 יחידות אקטימל משקה יוגורט בטעם תות בננה,שטראוס גרופ בעמ/מצונן,,,"י""ח",800,"ל מ""ל",false,1,22.70,2.84,false,1,
7290102032334,false,אבקה להכנת משקה קפה בטעם וניל,שטראוס קפה בי.וי,,,"י""ח",200,ל גרם,false,1,24.90,12.45,false,1,
7290102390427,false,יוגורט ביו עם קציפת תות 3% שומן 150 ג' מולר,החברה המרכזית טלהפצת משקאות בע,,,"י""ח",150,"ל מ""ל",false,1,5.30,3.53,true,1,
7290102390465,false,יוגורט ביו עם קציפת אפרסק ופסיפלורה 3% שומן 150 ג' מולר,החברה המרכזית טלהפצת משקאות בע,,,"י""ח",150,"ל מ""ל",false,1,5.30,3.53,true,1,
7290102390489,false,יוגורט ביו עם קציפת לימון 3% שומן 150 ג' מולר,החברה המרכזית טלהפצת משקאות בע,,,"י""ח",150,"ל מ""ל",false,1,5.30,3.53,true,1,
7290102391301,false,"מולר ביאנקו נאטורל ביו 1.7% 150 מ""ל",החברה המרכזית טלהפצת משקאות בע,,,"י""ח",150,"ל מ""ל",false,1,3.20,2.13,false,1,
7290102391844,false,יוגורט ביו עם קציפת פירות יער3% שומן 150 ג' מולר,החברה המרכזית טלהפצת משקאות בע,,,"י""ח",150,"ל מ""ל",false,1,5.30,3.53,true,1,
7290102392094,false,חלב עיזים 3.7% בקרטון משק צוריאל 1 ליטר,החברה המרכזית טלהפצת משקאות בע,,,"י""ח",1,ליטר,false,1,15.90,15.90,false,1,
7290102393039,false,"יוגורט ביו קרמי מיקס פצפוצי שוקולד 7.6% מולר 170 מ""ל",החברה המרכזית טלהפצת משקאות בע,,,"י""ח",500,ל גרם,false,1,6.10,1.22,true,1,
7290102393060,false,"יוגורט ביו קרמי מיקס גלילי ופל ואגוזים 5.9% מולר 170 מ""ל",*החברה המרכזית להפצת משקאותבעמ,,,"י""ח",500,ל גרם,false,1,6.10,1.22,true,1,
7290102393169,false,"יוגורט סימפלי פרוט בטעם תות 3% מולר 150 מ""ל",*החברה המרכזית להפצת משקאותבעמ,,,"י""ח",150,"ל מ""ל",false,1,5.30,3.53,true,1,
7290102393176,false,סימפלי פרוט יוגורט אפרסק 3% שומן 150 ג' מולר,*החברה המרכזית להפצת משקאותבעמ,,,"י""ח",150,"ל מ""ל",false,1,5.30,3.53,true,1,
7290102393268,false,"גבינה לבנה 5% שומן, רכיבים טבעיים 750 גרם",*החברה המרכזית להפצת משקאותבעמ,,,"י""ח",750,ל גרם,false,1,14.94,1.99,true,1,
7290102393718,false,גבינת חלומי מחלב בקר 28% משק צוריאל 200 גרם,החברה המרכזית טלהפצת משקאות בע,,,"י""ח",200,ל גרם,false,1,21.90,10.95,true,1,
7290102394463,false,נעם גבינה צהובה פרוסה ואקום 28% טרה 500 גרם,החברה המרכזית טלהפצת משקאות בע,,,"י""ח",500,ל גרם,false,1,26.90,5.38,false,1,
7290102394821,false,גבינה צהובה 28% דק דק לפתיחה חוזרת 200,החברה המרכזית טלהפצת משקאות בע,,,"י""ח",200,ל גרם,false,1,16,8,true,1,
7290102394845,false,נעם גבינה צהובה לייט פרוסה דק דק 9% טרה 200 גרם,החברה המרכזית טלהפצת משקאות בע,,,"י""ח",200,ל גרם,false,1,17.30,8.65,true,1,
7290102395224,false,שמיניית יוגורט ביו ביאנקו 1.7% מולר 150 גרם,החברה המרכזית טלהפצת משקאות בע,,,"י""ח",900,ל גרם,false,1,18.30,2.03,false,1,
7290102395231,false,שמיניית יוגורט ביו ביאנקו 2.8% מולר 150 גרם,*החברה המרכזית להפצת משקאותבעמ,,,"י""ח",900,ל גרם,false,1,18.30,2.03,false,1,
7290102395262,false,מארז 8 גביעים יוגורט בטעם תות שדה ואפרסק 3% Simply Fruit,החברה המרכזית טלהפצת משקאות בע,,,"י""ח",150,"ל מ""ל",false,1,30.90,20.60,false,1,
7290102395378,false,נעם גבינה צהובה פרוסה ואקום 28% טרה 360 גרם,*החברה המרכזית להפצת משקאותבעמ,,,"י""ח",360,ל גרם,false,1,20.90,5.81,false,1,
7290102395439,false,מארז 8 גביעים יוגורט בטעם פירות יער וקיווי 3% Simply Fruit,החברה המרכזית טלהפצת משקאות בע,,,"י""ח",150,"ל מ""ל",false,1,30.90,20.60,false,1,
7290102395446,false,מעדן חלב בטעם וניל עם קצפת 123 ג' טרה,*החברה המרכזית להפצת משקאותבעמ,,,"י""ח",250,ל גרם,false,1,3,1.20,false,1,
7290102396399,false,שמיניית מעדן שוקולד מוו 1.5% טרה 100 גרם,החברה המרכזית טלהפצת משקאות בע,,,"י""ח",800,ל גרם,false,1,14.20,1.78,false,1,
7290102396405,false,שמיניית מעדן וניל מוו 1.5% טרה 100 גרם,החברה המרכזית טלהפצת משקאות בע,,,"י""ח",800,ל גרם,false,1,14.20,1.78,false,1,
7290102396436,false,מעדן בטעם שוקולד 1.5% שומן מוו (125 גרם),החברה המרכזית טלהפצת משקאות בע,,,"י""ח",250,ל גרם,false,1,3,1.20,true,1,
7290102396443,false,מעדן בטעם וניל 1.5% שומן מוו (125 גרם),*החברה המרכזית להפצת משקאותבעמ,,,"י""ח",250,ל גרם,false,1,3,1.20,true,1,
7290102396597,false,מעדן מוו וניל ומוס שוקולד טרה 118 גרם,החברה המרכזית טלהפצת משקאות בע,,,"י""ח",123,ל גרם,false,1,3,2.44,false,1,
7290102396665,false,צהובה פרוסות דקדק פתח סגור 15% 200 גר`,החברה המרכזית טלהפצת משקאות בע,,,"י""ח",200,ל גרם,false,1,16.10,8.05,true,1,
7290102397310,false,מעדן מיני בטעם שוקולד קצפת מוו מאגדת 8 יח' * 70 ג',החברה המרכזית טלהפצת משקאות בע,,,"י""ח",250,ל גרם,false,1,13.90,5.56,false,1,
7290102397464,false,יוגורט ביו בתוספת גרעינים אגוזים וחמוציות 170 ג' מולר,החברה המרכזית טלהפצת משקאות בע,,,"י""ח",170,ל גרם,false,1,6.10,3.59,true,1,
7290102397600,false,מיקס יוגורט בתוספת שקדים ובוטנים מקורמלים 170 ג' מולר,החברה המרכזית טלהפצת משקאות בע,,,"י""ח",170,ל גרם,false,1,6.10,3.59,true,1,
7290102397617,false,יוגורט ביו קרמי עם כדורים מצופים שוקולד חום לבן,החברה המרכזית טלהפצת משקאות בע,,,"י""ח",500,ל גרם,false,1,6.10,1.22,true,1,
7290102397679,false,קוטג' וחצי טרה 5% מרכיבים טבעיים,החברה המרכזית טלהפצת משקאות בע,,,"י""ח",350,ל גרם,false,1,7.90,2.26,false,1,
7290102397730,false,פרוסות גבינה אמנטל חצי קשה 30% שומן 200 ג' נעם,החברה המרכזית טלהפצת משקאות בע,,,"י""ח",200,ל גרם,false,1,17.90,8.95,true,1,
7290102397891,false,גבינה ניו יורק מותכת %16 4*25 גרם,החברה המרכזית טלהפצת משקאות בע,,,"י""ח",100,"ל מ""ל",false,1,7.60,7.60,false,1,
7290102398072,false,"חלב קרטון 3%-1 ליטר "" טרה"" -מוצר פיקוח",החברה המרכזית טלהפצת משקאות בע,,,"י""ח",1,ליטר,false,1,6.23,6.23,false,1,
7290102398331,false,חלב מועשר דל לקטוז 2% שומן טרה 1 ליטר,החברה המרכזית טלהפצת משקאות בע,,,"י""ח",1,ליטר,false,1,7.70,7.70,false,1,
7290102398560,false,משקה שוקו מועשר בבקבוק 1 ליטר טרה,החברה המרכזית טלהפצת משקאות בע,,,"י""ח",1,ליטר,false,1,12.20,12.20,false,1,
7290102398577,false,משקה חלב בטעם שוקו 2% בבקבוק אישי,החברה המרכזית טלהפצת משקאות בע,,,"י""ח",250,"ל מ""ל",false,1,5.70,2.28,true,1,
7290102398614,false,משקה חלב טרה ט. בננה 1ליטר בקבוק,החברה המרכזית טלהפצת משקאות בע,,,"י""ח",1,ליטר,false,1,12.20,12.20,false,1,
7290102398638,false,משקה חלב טרה ט.מוקה 1ליטר בקבוק,החברה המרכזית טלהפצת משקאות בע,,,"י""ח",1,ליטר,false,1,12.20,12.20,false,1,
7290102398669,false,משקה חלב אייס קפוצ'ינו טרה 1 ליטר,החברה המרכזית טלהפצת משקאות בע,,,"י""ח",1,ליטר,false,1,12.20,12.20,false,1,
7290102399048,false,פרוסות גבינת קשקבל נעם 200 ג' טרה,*החברה המרכזית להפצת משקאותבעמ,,,"י""ח",200,ל גרם,false,1,22.30,11.15,true,1,
7290102399635,false,"מולר פרופ יוגורט ביו עם קציפת קוקוס ואננס 150 מ""ל",החברה המרכזית טלהפצת משקאות בע,,,"י""ח",150,ל גרם,false,1,5.30,3.53,true,1,
7290102399819,false,יוגורט עם פירות יער מולר אקטיב מועשר בחלבון 200 גר',החברה המרכזית טלהפצת משקאות בע,,,"י""ח",200,"ל מ""ל",false,1,6.20,3.10,true,1,
7290102840175,false,אינסטנט פודינג בטעם וניל מיה (85 גרם),מיה תעשיות מזון מ.ת.מ. בעמ,,,"י""ח",85,ל גרם,false,1,4.90,5.76,false,1,
7290102840182,false,פודינג בטעם שוקולד 85 גר`מיה,מיה תעשיות מזון מ.ת.מ. בעמ,,,"י""ח",85,ל גרם,false,1,4.90,5.76,false,1,
7290103124601,false,"תחליב רחצה נוזל חלב ודבש משאבה 750מ""ל פלמוליב",הנסיך- מפעל לייצור ט,,,"י""ח",750,"ל מ""ל",false,1,19.90,2.65,true,1,
7290103126797,false,"משחת שיניים קולגייט סנסיטיב פרו רליף 75 מ""ל",הנסיך- מפעל לייצור ט,,,"י""ח",75,"ל מ""ל",false,1,19.90,26.53,true,1,
7290103153779,false,מכסה לתבנית R31 לפיד 1/10,נטו מלינדה סחר בעמ,,,"י""ח",10,"י""ח",false,1,7.90,0.79,false,1,
7290103153786,false,מכסה לתבנית R2 בינוני 15 יח`,פאלאס תעשיות נטו (2014) בעמ,,,"י""ח",10,"י""ח",false,1,7.90,0.79,false,1,
7290103153793,false,מכסה לתבנית R29 לפיד 1/20,נטו מלינדה סחר בעמ,,,"י""ח",20,"י""ח",false,1,7.90,0.40,false,1,
7290103155582,false,מכסה לתבנית R64 לפיד 1/15,נטו מלינדה סחר בעמ,,,"י""ח",15,"י""ח",false,1,7.90,0.53,false,1,
7290103401429,false,קפה קצב ברזילאי אוריגינס 200 גר,הנסיך- מפעל לייצור ט,,,"י""ח",200,ל גרם,false,1,28.80,14.40,true,1,
7290103404758,false,סלט כרוב אדום במיונז אחלה 120 גרם,שטראוס גרופ בעמ/מצונן,,,"י""ח",120,ל גרם,false,1,5.40,4.50,false,1,
7290103700379,false,טאצ' כריות קרצוף ענקיות 3 יח',שניב תעשיות נייר בעמ,,,"י""ח",1,,false,1,9.90,9.90,true,1,
7290103700393,false,טאצ' כריות יפניות עבות עם תעלות 4 יח',שניב תעשיות נייר בעמ,,,"י""ח",1,,false,1,9.90,9.90,true,1,
7290103702540,false,נייר טואלט מהדרות כדור פורח 30 גלילים טאצ',שניב תעשיות נייר בעמ,,,"י""ח",30,"י""ח",false,1,26.90,0.90,true,1,
7290103703219,false,דלי מטליות לחות לניקוי כללי בניחוח לימון טאצ',סאסאטק אגשח בעמ,,,"י""ח",7,"י""ח",false,1,21.90,3.13,true,1,
7290103703233,false,מטליות לחות לניקוי כללי דלי תפוח טאצ.,סאסאטק אגשח בעמ,,,"י""ח",1,"י""ח",false,1,19.90,19.90,true,1,
7290103704186,false,מגבות מטבח כפול טאצ`מהדורת 2021 6 יחידות,שניב תעשיות נייר בעמ,,,"י""ח",6,"י""ח",false,1,21.90,3.65,true,1,
7290103704674,false,רדיד אלומיניום קומפקט 16 50 מ' טאצ',שניב תעשיות נייר בעמ,,,"י""ח",1,,false,1,34.90,34.90,false,1,
7290103704766,false,נייר טואלט 24 גליל כפול מהדורת פרח סגול,"שניב תעשיות נייר בע""\מ",,,"י""ח",883,מטר,false,1,42.90,0.05,true,1,
7290103722005,false,נייר טואלט לאבלי 32 ג' לבן-מרכז,שניב תעשיות נייר בעמ,,,"י""ח",588,מטר,false,1,36.90,0.06,true,1,
7290104005176,false,חגורות גברים,ביג מול בעמ,,,"י""ח",1,,false,1,19.90,19.90,false,1,
7290104061417,false,סלט חומוס עם טחינה אחלה 400 גרם,שטראוס גרופ בעמ/מצונן,,,"י""ח",400,ל גרם,false,1,11.90,2.98,false,1,
7290104061424,false,סלט חומוס עם זעתר אחלה 400 גרם,שטראוס גרופ בעמ/מצונן,,,"י""ח",400,ל גרם,false,1,11.90,2.98,false,1,
7290104061431,false,סלט חומוס עם צנובר אחלה 400 גרם,שטראוס גרופ בעמ/מצונן,,,"י""ח",400,ל גרם,false,1,11.90,2.98,false,1,
7290104061448,false,סלט חומוס עם חריף אחלה 400 גרם,שטראוס גרופ בעמ/מצונן,,,"י""ח",400,ל גרם,false,1,11.90,2.98,false,1,
7290104062599,false,מארז 8 יחידות מעדן גמדים בטעמי תות ובננה,שטראוס גרופ בעמ/מצונן,,,"י""ח",800,ל גרם,false,1,18.90,2.36,false,1,
7290104065187,false,אבקה להכנת משקה קפה בטעם מוקה,שטראוס גרופ בע`מ,,,"י""ח",200,ל גרם,false,1,24.90,12.45,false,1,
7290104066566,false,סלט טחינה שומשום מלא 500גר אחלה,שטראוס גרופ בעמ/מצונן,,,"י""ח",500,ל גרם,false,1,14.90,2.98,true,1,
7290104067693,false,חומוס אחלה עם תוספת חריף 150 גר,שטראוס גרופ בעמ/מצונן,,,"י""ח",150,ל גרם,false,1,5.80,3.87,false,1,
7290104501661,false,אינסטנט פודינג בטעם וניל צרפתי אסם 80 גרם,קבוצת אוסם סחר-שות.מוגבלת,,,"י""ח",110,ל גרם,false,1,6.90,6.27,true,1,
7290104508202,false,גביעי גלידה אמריקאים אסם 120 גרם 24 יחידות,קבוצת אוסם סחר-שות.מוגבלת,,,"י""ח",24,"י""ח",false,1,14,0.58,false,1,
7290104508943,false,במבה חטיף בוטנים אסם 200 גרם,קבוצת אוסם סחר-שות.מוגבלת,,,"י""ח",200,ל גרם,false,1,10.60,5.30,true,1,
7290104721762,false,מארז שלשות קפה טורקי עלית 85 ג',שטראוס גרופ בע`מ,,,"י""ח",1,"י""ח",false,1,24.80,24.80,false,1,
7290104722530,false,תפוצ'יפס בטעם שמנת בצל עלית 200 גרם,"שטראוס פריטו ליי בע""\מ )",,,"י""ח",200,ל גרם,false,1,12.20,6.10,true,1,
7290104726712,false,מארז 8 יחידות מעדן מילקי בטעם שוקולד עם קצפת,שטראוס גרופ בעמ/מצונן,,,"י""ח",868,"ל מ""ל",false,1,21.20,2.44,false,1,
7290104728310,false,"שמנת מתוקה עמידה 38% שומן ""יטבתה"" -מוצר בפיקוח",שטראוס גרופ בעמ/מצונן,,,"י""ח",250,"ל מ""ל",false,1,6.47,2.59,true,1,
7290104729003,false,שמן זית כתית יד מרדכי 750 גרם [מוצר מדבקה],מכוורת יד מרדכי שטרא,,,"י""ח",750,"ל מ""ל",false,1,36.80,4.91,true,1,
7290104851988,false,מפות שולחן עבות 1.35*3 8יח`,פאלאס תעשיות נטו (2014) בעמ,,,"י""ח",8,"י""ח",false,1,6.90,0.86,false,1,
7290104859786,false,תבנית אלומניום בינונית R31 פאלאס 7 יח,פאלאס תעשיות נטו (2014) בעמ,,,"י""ח",1,,false,1,12.90,12.90,false,1,
7290104859793,false,תבנית אלומניום ענק R99 פאלאס 4 יח,פאלאס תעשיות נטו (2014) בעמ,,,"י""ח",1,,false,1,12.90,12.90,false,1,
7290104859809,false,תבנית אלומניום אינגליש R88 פאלאס 14 יח,פאלאס תעשיות נטו (2014) בעמ,,,"י""ח",1,,false,1,12.90,12.90,false,1,
7290104859816,false,תבנית אלומניום בינונית R2 פאלאס 7 יח,פאלאס תעשיות נטו (2014) בעמ,,,"י""ח",1,,false,1,12.90,12.90,false,1,
7290104859823,false,תבנית אלומניום עמוקה R64 פאלאס 8 יח,פאלאס תעשיות נטו (2014) בעמ,,,"י""ח",1,,false,1,12.90,12.90,false,1,
7290104859830,false,תבנית אלומניום עגולה c10 פאלאס 8 יח,פאלאס תעשיות נטו (2014) בעמ,,,"י""ח",1,,false,1,12.90,12.90,false,1,
7290104961526,false,דאודורנט ספריי גוף טיטניום קלאסיק Titanium Classic,החברה הדרומית לשיווק בעמ,,,"י""ח",150,"ל מ""ל",false,1,12.90,8.60,false,1,
7290104963001,false,סופטקר מגבונים לחים רביעייה בניחוח עדין,החברה הדרומית לשיווק בעמ,,,"י""ח",4,"י""ח",false,1,17.90,4.48,false,1,
7290104963018,false,סופטקר מגבונים לחים רביעייה ללא בישום,החברה הדרומית לשיווק בעמ,,,"י""ח",4,"י""ח",false,1,18.90,4.73,false,1,
7290104964718,false,"סקינגארד - ספריי שקוף לעור רטוב 300 מ""ל SPF50",אמיליה קוסמטיקס בעמ,,,"י""ח",300,"ל מ""ל",false,1,42.90,14.30,false,1,
7290105360250,false,קפסולות 09 עשיר וארומטי למכונת נספרסו עלית 10יח',הנסיך- מפעל לייצור ט,,,"י""ח",50,ל גרם,false,1,19.90,39.80,true,1,
7290105360878,false,תפוציפס טבעי 50 גרם מארז רביעייה,"שטראוס פריטו ליי בע""\מ )",,,"י""ח",200,ל גרם,false,1,11.90,5.95,false,1,
7290105362339,false,"שמנת לבישול 15% 250 מ""ל יטבתה מהדרין",שטראוס גרופ בעמ/מצונן,,,"י""ח",250,"ל מ""ל",false,1,8.60,3.44,true,1,
7290105363602,false,מקלות כיף כף קלאסי עלית (40 גרם),שולן צ'\יקולטה גידה סאן.,,,"י""ח",40,ל גרם,false,1,5.30,13.25,true,1,
7290105364289,false,מקלות כיף כף פצפוצים עלית 40 גרם,שולן צ'\יקולטה גידה סאן.,,,"י""ח",40,ל גרם,false,1,5.20,13,true,1,
7290105364302,false,"עלית חטיף שוקולד כיף כף מקלות אגוזים, 40 גרם",שולן צ'\יקולטה גידה סאן.,,,"י""ח",40,ל גרם,false,1,5.20,13,true,1,
7290105366023,false,סלט חצילים בטעם כבד אחלה 400 גרם,שטראוס גרופ בעמ/מצונן,,,"י""ח",400,ל גרם,false,1,14.90,3.73,true,1,
7290105366993,false,סימפוניה גבינת שמנת פלפל שיפקה 5% שטראוס 200 גרם,שטראוס גרופ בעמ/מצונן,,,"י""ח",200,ל גרם,false,1,12,6,true,1,
7290105368225,false,חומוס עם פלפל שיפקה אחלה (400 גרם),שטראוס גרופ בעמ/מצונן,,,"י""ח",400,ל גרם,false,1,11.90,2.98,false,1,
7290105368331,false,מעדן מילקי בטעם תות עם קצפת,שטראוס גרופ בעמ/מצונן,,,"י""ח",130,"ל מ""ל",false,1,2.90,2.23,false,1,
7290105368904,false,"שמנת מתוקה להקצפה 32% שומן 250 מ""ל יוטבתה",שטראוס גרופ בעמ/מצונן,,,"י""ח",250,"ל מ""ל",false,1,7.80,3.12,true,1,
7290105439505,false,מאסטר שף קרם בטעם מיונז לייט 479 גר כשלפ,רמיה סי.וי. הולנד,,,"י""ח",521,ל גרם,false,1,12.90,2.48,false,1,
7290105500151,false,וודקה פינלנדיה רגיל 700,"אלטיה קורפ, הלסינקי,",,,"י""ח",750,"ל מ""ל",false,1,69.90,9.28,true,1,
7290105691224,false,אסם חטיפי פריכונים טורטייה שום בצל 60 גרם,קבוצת אוסם סחר-שות.מוגבלת,,,"י""ח",60,ל גרם,false,1,9.20,15.33,false,1,
7290105691934,false,קמח שמרים אסם 1 קילו,קבוצת אוסם סחר שותפות מוגבלת,,,"י""ח",1,"ק""ג",false,1,10.90,10.90,false,1,
7290105693341,false,מארז עשיריית במבה אסם 25*10 גרם,קבוצת אוסם סחר שותפות מוגבלת,,,"י""ח",250,ל גרם,false,1,16.90,6.76,true,1,
7290105693457,false,עוגת הבית דמקה שוקו וניל 320 גר`בחושות,קבוצת אוסם סחר שותפות מוגבלת,,,"י""ח",400,ל גרם,false,1,14.10,3.53,false,1,
7290105693952,false,פירורית זהב אסם זהב שומשום 200 ג',קבוצת אוסם סחר שותפות מוגבלת,,,"י""ח",200,ל גרם,false,1,8.40,4.20,false,1,
7290105694614,false,פסטה אוסם ספגטי מהיר הכנה 500 גרם,קבוצת אוסם סחר שותפות מוגבלת,,,"י""ח",500,ל גרם,false,1,6.90,1.38,true,1,
7290105695024,false,פתיתים אפויים אורז עם אטריות אסם 500 גרם,קבוצת אוסם סחר שותפות מוגבלת,,,"י""ח",500,ל גרם,false,1,7.90,1.58,true,1,
7290105695321,false,עוגת הבית בראוניס פאדג' אסם 380 גרם,קבוצת אוסם סחר שותפות מוגבלת,,,"י""ח",380,ל גרם,false,1,18.90,4.97,false,1,
7290105695895,false,עוגת הבית דמקה דבש אסם (320 גרם),קבוצת אוסם סחר-שות.מוגבלת,,,"י""ח",320,ל גרם,false,1,14.90,4.66,false,1,
7290105964564,false,חומוס אחלה 400 גרם. שטראוס,שטראוס גרופ בעמ/מצונן,,,"י""ח",400,ל גרם,false,1,9.50,2.38,false,1,
7290105968098,false,סלט קולסלאו אחלה (500 גרם),שטראוס גרופ בעמ/מצונן,,,"י""ח",500,ל גרם,false,1,14.90,2.98,true,1,
7290105968654,false,רביולי עם בטטה פרווה שטראוס (400 גרם),שטראוס גרופ בעמ/מצונן,,,"י""ח",400,ל גרם,false,1,21.70,5.43,true,1,
7290106520066,false,"רבע לשבע שוקולד חלב במילוי אגוזים עלית 160 גרם בד""צ","הגביע מוצרי וופלים בע""\מ",,,"י""ח",160,ל גרם,false,1,12.90,8.06,false,1,
7290106520905,false,סלט טורקי אחלה (400 גרם),שטראוס גרופ בעמ/מצונן,,,"י""ח",400,ל גרם,false,1,14.90,3.73,true,1,
7290106520912,false,שמנת לבישול 9% שומן 258גר מהדרין יטבתה,שטראוס גרופ בעמ/מצונן,,,"י""ח",258,"ל מ""ל",false,1,8.60,3.33,true,1,
7290106521926,false,קפה טורקי בצלופן עלית 150 גרם,שטראוס קפה בי.ויn\.,,,"י""ח",150,ל גרם,false,1,13.90,9.27,true,1,
7290106526822,false,פריכיות אורז חום מלא תחתית שוקולד חלב 80 גרם,"טחנת האבן תעשיות בע""",,,"י""ח",80,ל גרם,false,1,9,11.25,true,1,
7290106528628,false,חטיף תירס בטעם טבעי דוריטוס (185 גרם),"שטראוס פריטו ליי בע""\מ )",,,"י""ח",185,ל גרם,false,1,7.90,4.27,false,1,
7290106572027,false,קרקר לחמית חמישה דגנים אסם (190 גרם),קבוצת אוסם סחר-שות.מוגבלת,,,"י""ח",230,ל גרם,false,1,9.90,4.30,true,1,
7290106572065,false,חטיפי טורטיה בטעם חמוץ מתוק אסם (60 גרם),קבוצת אוסם סחר שותפות מוגבלת,,,"י""ח",60,ל גרם,false,1,10.30,17.17,false,1,
7290106572959,false,אפרופו חטיף קלאסי 5חי*25גר,קבוצת אוסם סחר שותפות מוגבלת,,,"י""ח",150,ל גרם,false,1,14.10,9.40,true,1,
7290106572997,false,קמח שמרים לפיצה ופוקצ`ה אסם 1 קג`,קבוצת אוסם סחר שותפות מוגבלת,,,"י""ח",1,"ק""ג",false,1,10.90,10.90,false,1,
7290106573277,false,חטיף קרקר קריספי עם זיתים כבושים,קבוצת אוסם סחר שותפות מוגבלת,,,"י""ח",150,ל גרם,false,1,12.90,8.60,false,1,
7290106573314,false,חטיף קריספי בטעם כפרי 150 ג' אסם,קבוצת אוסם סחר שותפות מוגבלת,,,"י""ח",150,ל גרם,false,1,12.90,8.60,false,1,
7290106573598,false,חומוס לבנוני צבר (400 גרם),קבוצת אוסם סחר שותפות מוגבלת,,,"י""ח",400,ל גרם,false,1,13.90,3.48,true,1,
7290106573628,false,חומוס עם טחינה צבר (400 גרם),קבוצת אוסם סחר שותפות מוגבלת,,,"י""ח",400,ל גרם,false,1,13.90,3.48,true,1,
7290106574793,false,עוגת הבית בטעם שוקו-שוקוצ'יפס 350 ג' אסם,קבוצת אוסם סחר שותפות מוגבלת,,,"י""ח",216,ל גרם,false,1,13.10,6.06,false,1,
7290106574953,false,בייגלה שטוחים כעכים שטוחים עם שומשום,קבוצת אוסם סחר שותפות מוגבלת,,,"י""ח",300,ל גרם,false,1,11.70,3.90,false,1,
7290106575431,false,עוגת הבית סופלה בטעם שוקוניל 340 ג' אסם,קבוצת אוסם סחר-שות.מוגבלת,,,"י""ח",340,ל גרם,false,1,14.10,4.15,false,1,
7290106576513,false,סלט רק חומוס צבר 400 גרם,קבוצת אוסם סחר שותפות מוגבלת,,,"י""ח",400,ל גרם,false,1,11.90,2.98,false,1,
7290106576537,false,חומוס מסעדות צבר 700 גרם,קבוצת אוסם סחר שותפות מוגבלת,,,"י""ח",700,ל גרם,false,1,12.70,1.81,false,1,
7290106576834,false,גלידה לה קרמריה פונטש בננה1.4 ל' נסטלה,נגה גלידות שותפות מוגבלת,,,"י""ח",1.40,ליטר,false,1,19.90,14.21,false,1,
7290106576919,false,"לה קרמריה סורבה תות לימו 1.4 ליטר כשל""פ",נגה גלידות שותפות מוגבלת,,,"י""ח",1.40,ליטר,false,1,19.90,14.21,false,1,
7290106576971,false,גלידה לה קרמריה שוקולד בלגי 1.4 ל' נסטלה,נגה גלידות שותפות מוגבלת,,,"י""ח",1.40,ליטר,false,1,19.90,14.21,false,1,
7290106577039,false,גלידה לה קרמריה שוקו וניל פליק 1.4 ל' נסטלה,נגה גלידות שותפות מוגבלת,,,"י""ח",1.40,ליטר,false,1,19.90,14.21,false,1,
7290106577572,false,מטבוחה אמיתית מרובע 400 ג' צבר,קבוצת אוסם סחר-שות.מוגבלת,,,"י""ח",400,ל גרם,false,1,14.70,3.68,true,1,
7290106578692,false,ביסלי במבה מיקס מהדורת אליפות אסם 80 גרם,קבוצת אוסם סחר שותפות מוגבלת,,,"י""ח",60,ל גרם,false,1,5.20,8.67,true,1,
7290106578821,false,עוגת הבית שמרים קלאסית שוקולד אסם 350 גרם,קבוצת אוסם סחר שותפות מוגבלת,,,"י""ח",350,ל גרם,false,1,18.10,5.17,false,1,
7290106654099,false,מילקי CAKE עוגות אישיות במילוי קרם חלב,בובארד איטליה אס.פי.איי,,,"י""ח",272,ל גרם,false,1,20.90,7.68,true,1,
7290106656734,false,"עוגיות חיוכים וניל עלית 600 גרם בד""צ",אפיפית נצרת תעשיות ב,,,"י""ח",600,ל גרם,false,1,18.60,3.10,false,1,
7290106663121,false,"עוגה אישית במילוי קרם חלב ""מילקי קייק"" שטראוס",בובארד איטליה אס.פי.איי,,,"י""ח",34,ל גרם,false,1,3.10,9.12,false,1,
7290106663503,false,קונפיטורת תות לייט יד מרדכי (230 גרם),אף.סי תבליני בגליל ב,,,"י""ח",250,ל גרם,false,1,14.90,5.96,false,1,
7290106664562,false,רוטב שמנת עם פטריות 9% שומן 258 ג' יוטבתה,שטראוס גרופ בעמ/מצונן,,,"י""ח",200,ל גרם,false,1,11.30,5.65,true,1,
7290106667266,false,חטיף תירס חמוץ חריף דוריטוס (185 גרם),"שטראוס פריטו ליי בע""\מ )",,,"י""ח",185,ל גרם,false,1,9.90,5.35,false,1,
7290106668713,false,יוגורט עם פירות יער 3% שומן 150 ג' דנונה,שטראוס גרופ בעמ/מצונן,,,"י""ח",150,"ל מ""ל",false,1,3.90,2.60,true,1,
7290106720626,false,חטיף תירס בטעם גבינה צ`יטוס (80 גרם),"שטראוס פריטו ליי בע""\מ )",,,"י""ח",80,ל גרם,false,1,5.40,6.75,false,1,
7290106721920,false,צנצנת מסטיק מאסט בטעם ספירמינט עדין 66 ג' עלית,"שטראוס גרופ בע""\מ.",,,"י""ח",66,ל גרם,false,1,11.50,17.42,true,1,
7290106725867,false,סירופ מייפל טהור ללס יד מרדכי 189 גר,שטראוס גרופ בע`מ,,,"י""ח",189,"ל מ""ל",false,1,38.50,20.37,true,1,
7290106729650,false,יוגורט עם תות מאגדת 8 יח' * 150ג' דנונה,שטראוס גרופ בעמ/מצונן,,,"י""ח",1.20,ליטר,false,1,26,21.67,false,1,
7290107280020,false,שלישיית מטליות לחות לניקוי כללי סנו סושי 50 יחידות,החברה הדרומית לשיווק בעמ,,,"י""ח",1,,false,1,18.90,18.90,false,1,
7290107280341,false,ריצפז מטליות לחות לניקוי הרצפה בניחוח מלון מפנק,החברה הדרומית לשיווק בעמ,,,"י""ח",1,,false,1,12.90,12.90,false,1,
7290107280723,false,נוזל לניקוי כלים סנו ספארק Spark בניחוח לימון רענן,החברה הדרומית לשיווק בעמ,,,"י""ח",700,"ל מ""ל",false,1,10.90,1.56,false,1,
7290107280730,false,נוזל לניקוי כלים סנו ספארק Spark בניחוח לבנדר,החברה הדרומית לשיווק בעמ,,,"י""ח",700,"ל מ""ל",false,1,10.90,1.56,false,1,
7290107280747,false,נוזל לניקוי כלים סנו ספארק Spark קלאסי,החברה הדרומית לשיווק בעמ,,,"י""ח",700,"ל מ""ל",false,1,10.90,1.56,false,1,
7290107645591,false,אבקת מרק בטעם עוף 100% רכיבים טבעיים 400 גרם,יוניליוור ישראל שיווק בע`מ,,,"י""ח",400,ל גרם,false,1,17.90,4.48,false,1,
7290107646062,false,אבקת מרק בצל רכיבים טבעיים קנור 400 ג',יוניליוור ישראל שיווק בע`מ,,,"י""ח",400,ל גרם,false,1,22.90,5.73,true,1,
7290107646147,false,"חטיף שוגי קורנפלקס תלמה 156 גרם מארז 6 יחידות בד""צ",יוניליוור ישראל שיווק בע`מ,,,"י""ח",156,ל גרם,false,1,14.90,9.55,false,1,
7290107646154,false,"חטיף קוקומן פצפוצים תלמה 126 גרם מארז 6 יחידות בד""צ",יוניליוור ישראל שיווק בע`מ,,,"י""ח",156,ל גרם,false,1,14.90,9.55,false,1,
7290107646826,false,"חטיף שוגי שוקו תלמה 156 גרם מארז 6 יחידות בד""צ",יוניליוור ישראל שיווק בע`מ,,,"י""ח",156,ל גרם,false,1,14.90,9.55,false,1,
7290107646970,false,"מיונז תלמה איולי שום 273 גר בד""ץ",יוניליוור ישראל שיווק בע`מ,,,"י""ח",250,ל גרם,false,1,9.90,3.96,false,1,
7290107647359,false,דומסטוס סבון אסלה 5 הפועלות בניחות אוקיינוס 3 יח' * 55 ג',יוניליוור ישראל שיווק בע`מ,,,"י""ח",165,"ל מ""ל",false,1,16,9.70,false,1,
7290107647366,false,דומסטוס סבון אסלה 5 הפועלות בניחות ליים 3 יח' * 55 ג',יוניליוור ישראל שיווק בע`מ,,,"י""ח",165,"ל מ""ל",false,1,16,9.70,false,1,
7290107647731,false,קוקומן חום לבן 20% פחות סוכר 375 גרם ב,יוניליוור ישראל שיווק בע`מ,,,"י""ח",375,ל גרם,false,1,21.90,5.84,true,1,
7290107647816,false,"דגני ברנפלקס ללא תוספת סוכר 500 גרם בד""צ",יוניליוור ישראל שיווק בע`מ,,,"י""ח",500,ל גרם,false,1,22.90,4.58,false,1,
7290107647854,false,"שוגי מופחת סוכר תלמה 500 ג' בד""צ",יוניליוור ישראל שיווק בע`מ,,,"י""ח",500,ל גרם,false,1,21.90,4.38,true,1,
7290107649681,false,טילון פסק זמן - נוגט קראנץ',"מיוצר ע""\י גלידת שטראוס",,,"י""ח",70,ל גרם,false,1,8,11.43,true,1,
7290107649858,false,טילון סופר מגנום וניל ושוקלד לבן,"מיוצר ע""\י גלידת שטראוס",,,"י""ח",85,ל גרם,false,1,11,12.94,true,1,
7290107870047,false,טילון אקסטרים115-120 גרם ענק נסטלה 120 גרם,נגה גלידות שותפות מוגבלת,,,"י""ח",115,ל גרם,false,1,11.10,9.65,true,1,
7290107871297,false,אוסם - מיני פריכונים עשבי תיבול 25 גרם,קבוצת אוסם סחר שותפות מוגבלת,,,"י""ח",25,ל גרם,false,1,4.80,19.20,false,1,
7290107871990,false,פסטה צינורות מהדרין אסם (500 גרם),קבוצת אוסם סחר שותפות מוגבלת,,,"י""ח",500,ל גרם,false,1,6.90,1.38,true,1,
7290107874427,false,מיני פריכונים בטעם זעתר אסם (25 גרם),קבוצת אוסם סחר שותפות מוגבלת,,,"י""ח",25,ל גרם,false,1,5.30,21.20,false,1,
7290107874441,false,פריכונים מיני בצל מקורמל אסם (25 גרם),קבוצת אוסם סחר שותפות מוגבלת,,,"י""ח",25,ל גרם,false,1,5.30,21.20,false,1,
7290107874502,false,ביסלי גריל קדמ. מארז אחיד 10 4*55 גרם,קבוצת אוסם סחר שותפות מוגבלת,,,"י""ח",210,ל גרם,false,1,13,6.19,true,1,
7290107875158,false,במבה קלאסי מארז 4 יח' *60ג' אסם,קבוצת אוסם סחר-שות.מוגבלת,,,"י""ח",240,ל גרם,false,1,14.70,6.13,true,1,
7290107875271,false,ביסלי ברביקיו קדמ. מארז אחיד10 4*55 גרם,קבוצת אוסם סחר שותפות מוגבלת,,,"י""ח",210,ל גרם,false,1,12.90,6.14,true,1,
7290107877619,false,מארז במבה במילוי קרם נוגט 5*30ג' אסם,קבוצת אוסם סחר שותפות מוגבלת,,,"י""ח",150,ל גרם,false,1,14.90,9.93,true,1,
7290107931397,false,כיף כף פצפוצים במילוי שוקולד 40 גרם,שולן צ'\יקולטה גידה סאן.,,,"י""ח",40,ל גרם,false,1,5.60,14,true,1,
7290107932080,false,חלב מועשר יוטבתה בבקבוק 3% 1 ליטר,שטראוס גרופ בעמ/מצונן,,,"י""ח",1,ליטר,false,1,7.90,7.90,false,1,
7290107932134,false,חלב מועשר יוטבתה בבקבוק 1% 1 ליטר,שטראוס גרופ בעמ/מצונן,,,"י""ח",1,ליטר,false,1,7.90,7.90,false,1,
7290107934473,false,שמינייה יוגורט לבן אקטיביה 1.5% דנונה 150 גרם,שטראוס גרופ בעמ/מצונן,,,"י""ח",1.20,ליטר,false,1,21.50,17.92,false,1,
7290107936309,false,דנונה יוגורט 7% יווני לבן 130 ג',שטראוס גרופ בעמ/מצונן,,,"י""ח",130,ל גרם,false,1,3.50,2.69,false,1,
7290107937542,false,משקה יוגורט אקטיביה עם תות 1.2% שומן,שטראוס גרופ בעמ/מצונן,,,"י""ח",250,"ל מ""ל",false,1,5.10,2.04,false,1,
7290107937856,false,קפסולות 11חזק למכונות נספרסו עלית 10יח',הנסיך- מפעל לייצור ט,,,"י""ח",50,ל גרם,false,1,19.90,39.80,true,1,
7290107938396,false,שמיניית אקטימל תות דיסני בנים 108 גרם,שטראוס גרופ בעמ/מצונן,,,"י""ח",800,"ל מ""ל",false,1,22.70,2.84,false,1,
7290107940030,false,"חומוס אחלה מופחת שומן 650 גרם ""אחלה""","שטראוס גרופ ***בע""מ",,,"י""ח",500,ל גרם,false,1,10.90,2.18,true,1,
7290107943192,false,"שמנת חמוצה מהערבה 27% שומן 200 מ""ל יטבתה",שטראוס גרופ בעמ/מצונן,,,"י""ח",200,"ל מ""ל",false,1,4.20,2.10,false,1,
7290107944243,false,אפיפיות בטעם שוקולד 200 גרם כשר לפסח,"שטראוס גרופ בע""\מ",,,"י""ח",200,ל גרם,false,1,9.90,4.95,false,1,
7290107944472,false,סימפוניה גבינה במרקם שמנת 5% שום שמיר,שטראוס גרופ בעמ/מצונן,,,"י""ח",200,ל גרם,false,1,12,6,true,1,
7290107953559,false,"מארז קפה טורקי עלית לדרך כשל""פ 168 גרם",הנסיך- מפעל לייצור ט,,,"י""ח",168,ל גרם,false,1,20,11.90,false,1,
7290107956642,false,"תרסיס שמן זית 150 מ""ל יד מרדכי כשלפ",פארייפאבה אגרואינדוס,,,"י""ח",150,ל גרם,false,1,18.90,12.60,false,1,
7290107956895,false,קפסולות טעם קרמל למכונות נספרסו 50גר,שטראוס קפה בי.וי.,,,"י""ח",50,ל גרם,false,1,19.90,39.80,true,1,
7290107956901,false,קפסולות בטעם אגוזים למכונת נספרסו עלית 10 יחידות,שטראוס קפה בי.וי.,,,"י""ח",50,ל גרם,false,1,19.90,39.80,true,1,
7290107957991,false,מילקי CAKE מיניס קרם חלב בציפוי שוקולד חלב שקית 16X9ג',בובארד איטליה אס.פי.איי,,,"י""ח",144,ל גרם,false,1,15.50,10.76,true,1,
7290107973014,false,"סבון ידיים משאבה פלמוליב חלב ודבש 300 מ""ל",הנסיך- מפעל לייצור ט,,,"י""ח",300,"ל מ""ל",false,1,9.90,3.30,true,1,
7290107973793,false,שימורי עגבניות שלמות 400 ג' מאסטר שף,פראנו אריקו ופיגלי ס,,,"י""ח",400,ל גרם,false,1,6.90,1.73,false,1,
7290107973861,false,מאסטר שף עגבניות קצוצות דק שלישיה 400ג*3 כשלפ,קונסרזיו קאסאלאסקו ד,,,"י""ח",1.20,"ק""ג",false,1,17.90,14.92,false,1,
7290107974073,false,עלי טורטיה קמח לבן 320 גר`מנה מאסטר שף,אלקאטי קורביישיסי גי,,,"י""ח",320,ל גרם,false,1,10.90,3.41,false,1,
7290107974080,false,עלי טורטיה קמח לבן 744 גר`מנה מאסטר שף,הדקלאים אגודת שיתופי,,,"י""ח",740,ל גרם,false,1,18.90,2.55,false,1,
7290107974813,false,מאסטר שף אורז יסמין 1 קג`,טאומי אינטרפרייד,,,"י""ח",1,"ק""ג",false,1,11.90,11.90,false,1,
7290107974820,false,ממרח בטעם ספייסי מיונז מאסטר שף 250 גרם,רמיה סי.וי.הולנד,,,"י""ח",253,ל גרם,false,1,8.90,3.52,false,1,
7290107975346,false,ספיד סטיק - דאודורנט ג'ל לגבר כוח הטבע 85 גרם,קולגייט-פלמוליב,,,"י""ח",1,"י""ח",false,1,19.90,19.90,true,1,
7290107975360,false,ליידי ספיד סטיק פיור פרשנס ג'ל נשים 65ג',ליידי ספיד סטיק Lady Speed Stick,,,"י""ח",1,"י""ח",false,1,23.90,23.90,true,1,
7290107978101,false,מש.שיניים קולגייט א.וויט אקסטרה פאוור 75,קולגייט-פלמוליב,,,"י""ח",256,ל גרם,false,1,26.90,10.51,true,1,
7290107978323,false,איטריות דקיקות מאסטר שף 400 גרם,הדקלאים אגודת שיתופי,,,"י""ח",400,ל גרם,false,1,5.90,1.48,true,1,
7290107978330,false,מאסטר שף איטריות דקות 400 גרם,הדקלאים אגודת שיתופי,,,"י""ח",400,ל גרם,false,1,5.90,1.48,true,1,
7290107978453,false,חטיף בטעם גריל קראנצ,ש. שסטוביץ בע`מ,,,"י""ח",55,ל גרם,false,1,3.90,7.09,true,1,
7290108090338,false,עגבניה תמר,ביכורי השדה צפון 1994 ג.ד. בעמ,,,"ק""ג",1,,true,1,5.90,5.90,false,1,
7290108201284,false,איירוויק מקלות ריחניים בניחוח לבנדר מתוק,רקיט בנקיזר (ניר איסט) בעמ,,,"י""ח",30,"ל מ""ל",false,1,16.90,56.33,true,1,
7290108201864,false,קולון קפסולות גל לכביסה 28 יחידות,רקיט בנקיזר (ניר איסט) בעמ,,,"י""ח",28,"י""ח",false,1,28.90,1.03,false,1,
7290108350128,false,סנו סושי שקיות אשפה חזקות במיוחד 40 יח',החברה הדרומית לשיווק בעמ,,,"י""ח",1,,false,1,24.90,24.90,false,1,
7290108350548,false,סנו ספארק נוזל כלים בניחוח לבנדר עם משאבה 1 ל',החברה הדרומית לשיווק בעמ,,,"י""ח",1,ליטר,false,1,12.90,12.90,false,1,
7290108350555,false,נוזל כלים סנו ספארק Spark היפואלרגני פריחת השקד,החברה הדרומית לשיווק בעמ,,,"י""ח",1,ליטר,false,1,12.90,12.90,false,1,
7290108351149,false,ג'ל ניקוי כללי בתוספת אבקת סודה ריח כביסה סנו ג'ט 1.5 ליטר,החברה הדרומית לשיווק בעמ,,,"י""ח",1.50,ליטר,false,1,15.90,10.60,false,1,
7290108351156,false,ג'ל ניקוי כללי בתוספת חומץ בריח לבנדר סנו ג'ט 1.5 ליטר,החברה הדרומית לשיווק בעמ,,,"י""ח",1.50,ליטר,false,1,15.90,10.60,false,1,
7290108351491,false,סנו - אוקסיג'ן פאוור אבקה להסרת כתמים קשים 720 גרם,החב הדרומית לשיווק,,,"י""ח",720,ל גרם,false,1,14.90,2.07,false,1,
7290108351507,false,מרכך כביסה אינספרישיין סנו מקסימה 4 ליטר,החברה הדרומית לשיווק בעמ,,,"י""ח",4,ליטר,false,1,21.90,5.48,false,1,
7290108351514,false,מרכך כביסה בלו בלוסום סנו מקסימה 4 ליטר,החברה הדרומית לשיווק בעמ,,,"י""ח",4,ליטר,false,1,21.90,5.48,false,1,
7290108351552,false,"סנו - ג'ט לניקוי כללי בתוספת חומץ בניחוח לבנדר 750 מ""ל",החברה הדרומית לשיווק בעמ,,,"י""ח",750,"ל מ""ל",false,1,16.90,2.25,false,1,
7290108351613,false,סנו ריצפז פרש הום 2 ליטר בניחוח מלון חלומי,החברה הדרומית לשיווק בעמ,,,"י""ח",1.45,ליטר,false,1,22.90,15.79,false,1,
7290108351699,false,סנו - ג'ט מטליות לחות לניקוי כללי בתוספת חומץ לבנדר שלישיה,החברה הדרומית לשיווק בעמ,,,"י""ח",1,,false,1,20,20,false,1,
7290108352061,false,משחת שיניים Go White אורביט 145 גרם עם פחם,טרופיקל דגיל תעשיות קוסמ,,,"י""ח",145,ל גרם,false,1,10.90,7.52,false,1,
7290108352153,false,"סנובון נוזלי בניחוח לוטוס וסחלב סנו 750 מ""ל",החברה הדרומית לשיווק בעמ,,,"י""ח",750,"ל מ""ל",false,1,11.90,1.59,false,1,
7290108352627,false,סנו סושי מפות ניילון שקופה בגליל,החברה הדרומית לשיווק בעמ,,,"י""ח",1,,false,1,19.90,19.90,false,1,
7290108352702,false,סנו סופט שלישיית מגבוני טואלט נשטפים בוב ספוג 48 יחידות,החברה הדרומית לשיווק בעמ,,,"י""ח",3,"י""ח",false,1,16.30,5.43,false,1,
7290108352924,false,כפפות ניטריל כחולות 80 יח' M סנו סושי,החב. הדרומית לשיווק,,,"י""ח",80,"י""ח",false,1,29.90,0.37,false,1,
7290108353341,false,"מרכך למניעת קשקשים עם שמן עץ התה ואסאי 700 מ""ל כיף",החברה הדרומית לשיווק בעמ,,,"י""ח",700,"ל מ""ל",false,1,13.90,1.99,false,1,
7290108353372,false,אורביטול צמד מברשות שיניים 12000 סיבי פחם,החברה הדרומית לשיווק בעמ,,,"י""ח",1,,false,1,29.90,29.90,false,1,
7290108354492,false,"קרליין שמפו 10 לשיער שמן ארגן 700 מ""ל",החברה הדרומית לשיווק בעמ,,,"י""ח",700,"ל מ""ל",false,1,13.90,1.99,true,1,
7290108354829,false,"קרם ידיים קרמה ורד וניל 100 מ""ל מ""ל",החברה הדרומית לשיווק בעמ,,,"י""ח",100,"ל מ""ל",false,1,12.90,12.90,true,1,
7290108355161,false,"מרכך שיער שמני הזנה 750 מ""ל נקה 7",החברה הדרומית לשיווק בעמ,,,"י""ח",750,"ל מ""ל",false,1,12.90,1.72,false,1,
7290108356182,false,אל סבון נוזלי כיף תאנה ותה ירוק (1ליטר),החברה הדרומית לשיווק בעמ,,,"י""ח",1,ליטר,false,1,14.90,14.90,false,1,
7290108356519,false,קרליין שמפו 10למניעת קשקשים 700מל,החברה הדרומית לשיווק בעמ,,,"י""ח",700,"ל מ""ל",false,1,14.90,2.13,true,1,
7290108356526,false,"קרליין - שמפו 10 לשיער יבש 700 מ""ל",החברה הדרומית לשיווק בעמ,,,"י""ח",700,"ל מ""ל",false,1,14.90,2.13,true,1,
7290108356564,false,"קרליין - מרכך 10 לשיער רגיל 700 מ""ל",החברה הדרומית לשיווק בעמ,,,"י""ח",700,"ל מ""ל",false,1,14.90,2.13,true,1,
7290108356571,false,"קרליין - מרכך 10 לשיער יבש 700 מ""ל",החברה הדרומית לשיווק בעמ,,,"י""ח",700,"ל מ""ל",false,1,14.90,2.13,true,1,
7290108356816,false,"סבון בוטני גרניום ופטצ'ולי לניקוי וטיפוח הידיים, טבעוני 1 ל' כיף",החברה הדרומית לשיווק בעמ,,,"י""ח",1,ליטר,false,1,15.90,15.90,false,1,
7290108357028,false,"תחליב רחצה כיף ורד ושמן קוקוי 700 מ""ל",החברה הדרומית לשיווק בעמ,,,"י""ח",700,"ל מ""ל",false,1,13.90,1.99,false,1,
7290108357264,false,"פרש אוטומטי מילוי בניחוח מרכך הכביסה אולטרה 375 מ""ל סנו",החברה הדרומית לשיווק בעמ,,,"י""ח",165,ל גרם,false,1,14.90,9.03,false,1,
7290108357271,false,סנובון ג'ל לניקוי אסלות עם חמצן פעיל לניקוי עוצמתי,החברה הדרומית לשיווק בעמ,,,"י""ח",750,"ל מ""ל",false,1,10.90,1.45,false,1,
7290108357288,false,אקונומיקה ז'אוול בניחוח פריחה לבנה 4 ל' סנו,החברה הדרומית לשיווק בעמ,,,"י""ח",4,ליטר,false,1,17.90,4.48,false,1,
7290108357707,false,"כיף שמפו לשיער רגיל- תפוח זרעי צ'יה 700 מ""ל",החברה הדרומית לשיווק בעמ,,,"י""ח",700,"ל מ""ל",false,1,13.90,1.99,false,1,
7290108357745,false,"כיף שמפו ומרכך 700 מ""ל 2ב-1 תאנה ומנטה",החברה הדרומית לשיווק בעמ,,,"י""ח",700,"ל מ""ל",false,1,13.90,1.99,false,1,
7290108357776,false,"כיף מרכך לשיער יבש -רימונים ושמן ארגן 700 מ""ל",החברה הדרומית לשיווק בעמ,,,"י""ח",700,"ל מ""ל",false,1,13.90,1.99,false,1,
7290108357875,false,"כיף - שמפו לחות מוגברת עם אפרסק וחמאת מורומורו 700 מ""ל",החברה הדרומית לשיווק בעמ,,,"י""ח",700,"ל מ""ל",false,1,13.90,1.99,false,1,
7290108500677,false,כבד דג שיבוט בשמן דג וילי פוד 115 גרם,ג. וילי-פוד אינטרנשיונל בע`מ,,,"י""ח",115,ל גרם,false,1,11,9.57,true,1,
7290108501346,false,גבינה מגורדת גאודה 28% שומן EURO CHEESE ויליפוד 500 גרם,ג.וילי-פוד אינטרנשיונל **גבינו,,,"י""ח",500,ל גרם,false,1,26.90,5.38,false,1,
7290108501377,false,שפרוטים מעושנים בשמן מרינה מכסה שקוף 160 ג',ג. וילי-פוד אינטרנשיונל בע`מ,,,"י""ח",160,ל גרם,false,1,10.50,6.56,false,1,
7290108502329,false,רביעיית טונה בשמן זית ויליפוד 4*160 גרם,ג. וילי-פוד אינטרנשיונל בע`מ,,,"י""ח",640,ל גרם,false,1,28.90,4.52,false,1,
7290108502725,false,גבינת גאודה פרוסות ויליפוד 400 גרם,ג.וילי-פוד אינטרנשיונל **גבינו,,,"י""ח",120,ל גרם,false,1,20.90,17.42,false,1,
7290108503043,false,תפוחונים חטיף פלחים מיובשים מארז 22X4ג',ג. וילי-פוד אינטרנשיונל בע`מ,,,"י""ח",4,"י""ח",false,1,15.90,3.98,false,1,
7290108503708,false,פיצה עם פטריות ויליפוד 390 גרם,ג.וילי-פוד אינטרנשיונל **גבינו,,,"י""ח",390,ל גרם,false,1,15.90,4.08,false,1,
7290108505490,false,דונאטס קפוא ויליפוד,ג.וילי פוד אינטרנשיונל בעמ,,,"י""ח",1,,false,1,5.90,5.90,true,1,
7290108505726,false,אצבעות גבינת חצי קשה EURO CHEESE ויליפוד 200 גרם,ג.וילי-פוד אינטרנשיונל **גבינו,,,"י""ח",200,ל גרם,false,1,15.90,7.95,false,1,
7290108506495,false,"כנאפה מאפה בצק ""שערות"" קדאיף וגבינה",ג.וילי-פוד אינטרנשיונל **גבינו,,,"י""ח",192,ל גרם,false,1,16.90,8.80,true,1,
7290108507065,false,גבינת פרמג'אנו רגיאנו מגורדת ויליפוד 100 גרם,ג.וילי-פוד אינטרנשיונל **גבינו,,,"י""ח",100,ל גרם,false,1,12.90,12.90,false,1,
7290108508499,false,"איירן משקה יוגורט בסגנון טורקי יורו 293 מ""ל",ג.וילי-פוד אינטרנשיונל **גבינו,,,"י""ח",293,ל גרם,false,1,5.90,2.01,true,1,
7290108508970,false,תה ג`רבה עלי מנטה 500 גרם וילי פוד,ג.וילי-פוד אינטרנשיונל בעמ,,,"י""ח",500,ל גרם,false,1,19.70,3.94,true,1,
7290108509137,false,"גבינה בולגרית מעודנת 5% שומן 250 גרם חת""ס פ""ת",ג.וילי-פוד אינטרנשיונל **גבינו,,,"י""ח",250,ל גרם,false,1,13.90,5.56,false,1,
7290108509212,false,ויליפוד חטיף אורז אפוי בטעם ירקות לתינוקות 50 גר',ג. וילי-פוד אינטרנשיונל בע`מ,,,"י""ח",50,ל גרם,false,1,11.90,23.80,false,1,
7290108509229,false,חטיף אורז בטעם בננה לתינוקות ויליפוד 50 גרם,ג. וילי-פוד אינטרנשיונל בע`מ,,,"י""ח",50,ל גרם,false,1,11.90,23.80,false,1,
7290108509359,false,פופקורן בציפוי בטעם קרמל ויליפוד 90 גרם,ג. וילי-פוד אינטרנשיונל בע`מ,,,"י""ח",90,ל גרם,false,1,6.90,7.67,true,1,
7290108509700,false,אורז פרסי 1 קג`DAAWAT וילי פוד,ג. וילי-פוד אינטרנשיונל בע`מ,,,"י""ח",1,"ק""ג",false,1,9.90,9.90,false,1,
7290108509908,false,"מנת השף בשקית-איטריות בטעם ירקות 85 ג' חתם סופר ב""ב",ג. וילי-פוד אינטרנשיונל בע`מ,,,"י""ח",85,ל גרם,false,1,3.90,4.59,true,1,
7290108509915,false,"מנת השף בשקית-איטריות בטעם סיני פיקנטי 85 ג' חתם סופר ב""ב",ג. וילי-פוד אינטרנשיונל בע`מ,,,"י""ח",85,ל גרם,false,1,3.90,4.59,true,1,
7290108509922,false,מנתהשף אטריות להכנה מהירה טעם עוף ויליפוד 85 גרם,ג. וילי-פוד אינטרנשיונל בע`מ,,,"י""ח",85,ל גרם,false,1,3.90,4.59,true,1,
7290108509984,false,"רוטב סויה 300 מ""ל וילי פוד",ג.וילי-פוד אינטרנשיונל בעמ,,,"י""ח",300,ל גרם,false,1,8.90,2.97,false,1,
7290108509991,false,"רוטב טריאקי 300 מ""ל וילי פוד",ג.וילי-פוד אינטרנשיונל בעמ,,,"י""ח",300,ל גרם,false,1,8.90,2.97,false,1,
7290109071985,false,כפפות גבר,ביג מול בעמ,,,"י""ח",1,,false,1,29.90,29.90,false,1,
7290109351025,false,מלך החומוס חומוסטחינה 40% טחינה גולמית,קבוצת אוסם סחר שותפות מוגבלת,,,"י""ח",400,ל גרם,false,1,15.40,3.85,true,1,
7290109351957,false,פריכיות פיטנס מיני גדולות שוקולד חלב 100ג',קבוצת אוסם סחר שותפות מוגבלת,,,"י""ח",100,ל גרם,false,1,9.60,9.60,false,1,
7290109352916,false,פריכיות דגנים פיטנס מצופות שוקולד לבן,קבוצת אוסם סחר שותפות מוגבלת,,,"י""ח",84,ל גרם,false,1,14.90,17.74,true,1,
7290109353494,false,פסטה פרפקטו פארפאלה 500ג' אסם,קבוצת אוסם סחר-שות.מוגבלת,,,"י""ח",500,ל גרם,false,1,9.70,1.94,false,1,
7290109358482,false,עוגיות קרמוגית במילוי קרם בטעם חלבה,קבוצת אוסם סחר שותפות מוגבלת,,,"י""ח",200,ל גרם,false,1,11.90,5.95,true,1,
7290109580050,false,נקניקיות צ'וריסוס וונדרס 0% בשר טבעוני ללא גלוטן,זוגלובק שיווק בעמ ו/או וונדרס,,,"י""ח",226,ל גרם,false,1,29.90,13.23,true,1,
7290109580111,false,צלעות אסאדו מעושנות פרימיום זוגלובק 120 גרם,נקניק זוגלובק נהריה,,,"י""ח",120,ל גרם,false,1,24.90,20.75,false,1,
7290109580135,false,קורנדביף פרימיום 180 גרם זוגלובק,נקניק זוגלובק נהריה,,,"י""ח",180,ל גרם,false,1,24.90,13.83,false,1,
7290109580302,false,מארז זוג תה מעושן 350+חזה עוף 350 זוגלובק,זוגלובק שיווק בעמ,,,"י""ח",700,ל גרם,false,1,31.90,4.56,false,1,
7290109580357,false,מארז זוג חרמון 300 +חרמון ברביקיו 300 גרם זוגלובק,זוגלובק שיווק בעמ,,,"י""ח",600,ל גרם,false,1,35.90,5.98,false,1,
7290109843445,false,"בירה מולר פחית 500מ""ל 8.6% אלכוהול",בני פאוזי שמשום (2009) בעמ,,,"י""ח",500,"ל מ""ל",false,1,9.90,1.92,true,1,
7290109843476,false,פלטת שבת אמאייל 4סירים,אליהו שיווק חשמל בעמ,,,"י""ח",1,,false,1,79.90,79.90,false,1,
7290109921372,false,אסטוניש משחה לניקוי תנורים וגריל+ספוג 250 גר',"יעקב יעקבי ובניו בע""מ",,,"י""ח",250,"ל מ""ל",false,1,17.90,7.16,false,1,
7290109921969,false,ג'ל כביסה סופרו אקטיב יעקובי כחול 2.5 ליטר,"יעקב יעקבי ובניו בע""מ",,,"י""ח",3,ליטר,false,1,24.90,8.30,false,1,
7290109923062,false,הפי מטליות גילדה לניקוי הבית,יעקב יעקבי ובניו בעמ,,,"י""ח",1,,false,1,18.90,18.90,false,1,
7290109923093,false,"אסטוניש - קרם כיריים הלוגן ומיקרו 500 מ""ל","יעקב יעקבי ובניו בע""מ",,,"י""ח",500,"ל מ""ל",false,1,14.90,2.98,true,1,
7290110000288,false,"מיצוי מימי של שזיפים מיובשים 946 מ""ל",היל ויו פאקינג קומפני,,,"י""ח",946,"ל מ""ל",false,1,23.90,2.53,false,1,
7290110110024,false,פחית קוקה פאנטה תות סליק,החברה המרכזית להפצת משקאות בעמ,,,"י""ח",330,"ל מ""ל",false,1,4.90,1.39,true,1,
7290110110277,false,"סומרסבי סיידר תפוחים אלכוהולי 4*300 מ""ל",החברה המרכזית להפצת משקאות בעמ,,,"י""ח",1.32,ליטר,false,1,37.10,27.20,true,1,
7290110110369,false,"שישייה בירה קרלסברג LUMA בקבוק 330 מ""ל",החברה המרכזית להפצת משקאות בעמ,,,"י""ח",1.98,ליטר,false,1,46.90,22.78,true,1,
7290110110574,false,פחית קוקה קולה סליק זירו לימון 330 מל,החברה המרכזית להפצת משקאות בעמ,,,"י""ח",330,"ל מ""ל",false,1,4.90,1.39,true,1,
7290110110635,false,ספרייט 0.5 ליים חייב פקדון,החברה המרכזית להפצת משקאות בעמ,,,"י""ח",500,"ל מ""ל",false,1,7.90,1.52,true,1,
7290110110659,false,"ספרייט לימון ליים פחית 330מ""ל",החברה המרכזית להפצת משקאות בעמ,,,"י""ח",330,"ל מ""ל",false,1,4.90,1.39,true,1,
7290110113377,false,קוקה קולה מארז רביעיה 1X4 ליטר,החברה המרכזית להפצת משקאות בעמ,,,"י""ח",4,ליטר,false,1,29.90,7.18,false,1,
7290110114787,false,נביעות+ מים מינרליים בטעם תפוח 1.5 ליטר,החברה המרכזית להפצת משקאות בעמ,,,"י""ח",1.50,ליטר,false,1,9.20,5.93,false,1,
7290110114794,false,נביעות+ מים מינרליים בטעם אפרסק 1.5 ליטר,החברה המרכזית להפצת משקאות בעמ,,,"י""ח",1.50,ליטר,false,1,9.20,5.93,false,1,
7290110114800,false,נביעות+ מים מינרליים בטעם ענבים 1.5 ליטר,החברה המרכזית להפצת משקאות בעמ,,,"י""ח",1.50,ליטר,false,1,9.20,5.93,false,1,
7290110114817,false,נביעות פלוס רכיבי פרי מנגו 1.5 ליטר,החברה המרכזית להפצת משקאות בעמ,,,"י""ח",1.50,ליטר,false,1,9,5.80,false,1,
7290110114824,false,נביעות+רכיבי פרי אבטיח 1.5 ליטר פיקדון,החברה המרכזית להפצת משקאות בעמ,,,"י""ח",1.50,ליטר,false,1,9,5.80,false,1,
7290110114855,false,"נביעות מים מינרליים, שישיה 6 * 1.5 ליטר פקדון",החברה המרכזית להפצת משקאות בעמ,,,"י""ח",9,ליטר,false,1,14.50,1.41,false,1,
7290110114893,false,מיץ תפוזים מפוסטר סחוט 2 ליטר,החברה המרכזית טלהפצת משקאות בע,,,"י""ח",2,ליטר,false,1,28.90,14.30,false,1,
7290110114916,false,מיץ סחוט לימונענע פריגת 2 ליטר,החברה המרכזית טלהפצת משקאות בע,,,"י""ח",2,ליטר,false,1,28.90,14.30,false,1,
7290110114954,false,מיץ תפוזים מתקתקים פריגת 2 ליטר,החברה המרכזית טלהפצת משקאות בע,,,"י""ח",2,ליטר,false,1,21.90,10.80,false,1,
7290110114961,false,משקה קל בטעם תפוזים פריגת (1.5 ליטר),החברה המרכזית להפצת משקאות בעמ,,,"י""ח",1.50,ליטר,false,1,9,5.80,false,1,
7290110114985,false,משקה קל בטעם אשכוליות פריגת (1.5 ליטר),החברה המרכזית להפצת משקאות בעמ,,,"י""ח",1.50,ליטר,false,1,9,5.80,false,1,
7290110115005,false,משקה קל בטעם ענבים פריגת (1.5 ליטר),החברה המרכזית להפצת משקאות בעמ,,,"י""ח",1.50,ליטר,false,1,9,5.80,false,1,
7290110115029,false,משקה קל בטעם תפוחים פריגת (1.5 ליטר),החברה המרכזית להפצת משקאות בעמ,,,"י""ח",1.50,ליטר,false,1,9,5.80,false,1,
7290110115036,false,משקה קל בטעם מנגו פריגת (1.5 ליטר),החברה המרכזית להפצת משקאות בעמ,,,"י""ח",1.50,ליטר,false,1,9,5.80,false,1,
7290110115043,false,משקה קל בטעם לימונענע פריגת (1.5 ליטר),החברה המרכזית להפצת משקאות בעמ,,,"י""ח",1.50,ליטר,false,1,9,5.80,false,1,
7290110115050,false,משקה קל בטעם תות בננה פריגת (1.5 ליטר),החברה המרכזית להפצת משקאות בעמ,,,"י""ח",1.50,ליטר,false,1,9,5.80,false,1,
7290110115081,false,פריגת צלול ענבים 1.5 ליטר פיקדון,החברה המרכזית להפצת משקאות בעמ,,,"י""ח",1.50,ליטר,false,1,8.60,5.53,false,1,
7290110115128,false,פריגת צלול בטעם לימונענע 1.5 ליטר פיקדון,החברה המרכזית להפצת משקאות בעמ,,,"י""ח",1.50,ליטר,false,1,8.60,5.53,false,1,
7290110115180,false,נביעות מים מינרלים שקט 1.5 ליטר פיקדון,החברה המרכזית להפצת משקאות בעמ,,,"י""ח",1.50,ליטר,false,1,3.10,1.87,false,1,
7290110115203,false,קוקה קולה 1.5 ליטר פיקדון,החברה המרכזית להפצת משקאות בעמ,,,"י""ח",150,"ל מ""ל",false,1,9.20,5.93,false,1,
7290110115227,false,קוקה קולה Zero בקבוק 1.5 ליטר פיקדון,החברה המרכזית להפצת משקאות בעמ,,,"י""ח",1.50,ליטר,false,1,9,5.80,false,1,
7290110115241,false,קוקה קולה דיאט לימון 1.5 ליטר פיקדון,החברה המרכזית להפצת משקאות בעמ,,,"י""ח",1.50,ליטר,false,1,8.60,5.53,false,1,
7290110115258,false,קוקה-קולה זירו מנגו בקבוק 1.5 ליטר,החברה המרכזית להפצת משקאות בעמ,,,"י""ח",1.50,ליטר,false,1,8.30,5.33,false,1,
7290110115265,false,ספרייט לימון ליים 1.5 ליטר-,החברה המרכזית להפצת משקאות בעמ,,,"י""ח",1.50,ליטר,false,1,9,5.80,true,1,
7290110115272,false,ZERO ספרייט 1.5 ליטר פיקדון,החברה המרכזית להפצת משקאות בעמ,,,"י""ח",1.50,ליטר,false,1,9.50,6.13,true,1,
7290110115289,false,ספרייט 19 קל' לימון-נענע 1.5 ליטר פיקדון,החברה המרכזית להפצת משקאות בעמ,,,"י""ח",1.50,ליטר,false,1,9,5.80,true,1,
7290110115296,false,גזוז בטעם תפוז פאנטה 1.5 ליטר פיקדון,החברה המרכזית להפצת משקאות בעמ,,,"י""ח",1.50,ליטר,false,1,9,5.80,false,1,
7290110115302,false,משקה מוגז אורנג' זירו פאנטה 1.5 ליטר,החברה המרכזית להפצת משקאות בעמ,,,"י""ח",1.50,ליטר,false,1,8.50,5.47,false,1,
7290110115319,false,פאנטה אקזוטי פירות טרופיים 1.5ל פיקדון,החברה המרכזית להפצת משקאות בעמ,,,"י""ח",1.50,ליטר,false,1,9,5.80,false,1,
7290110115333,false,גזוז בטעם תות פאנטה 1.5 ליטר פיקדון,החברה המרכזית להפצת משקאות בעמ,,,"י""ח",1.50,ליטר,false,1,9,5.80,false,1,
7290110115340,false,פאנטה ענבים 1.5 ליטר פיקדון,החברה המרכזית להפצת משקאות בעמ,,,"י""ח",1.50,ליטר,false,1,9,5.80,false,1,
7290110115364,false,שישייה קוקה קולה 1.5 ליטר פיקדון,החברה המרכזית להפצת משקאות בעמ,,,"י""ח",9,ליטר,false,1,51.90,5.57,false,1,
7290110115388,false,ספרייט לימון ליים 1.5 ליטר מארז שישייה,החברה המרכזית להפצת משקאות בעמ,,,"י""ח",9,ליטר,false,1,49.90,5.34,false,1,
7290110115395,false,ספרייט זירו שישיות 1.5 ליטר פיקדון,החברה המרכזית להפצת משקאות בעמ,,,"י""ח",9,ליטר,false,1,49.90,5.34,false,1,
7290110115401,false,קינלי סודה שישייה 1.5 ליטר פיקדון,החברה המרכזית להפצת משקאות בעמ,,,"י""ח",9,ליטר,false,1,17.90,1.79,false,1,
7290110115418,false,קוקה קולה זירו 1.5 ליטר מארז שישייה,החברה המרכזית להפצת משקאות בעמ,,,"י""ח",9,ליטר,false,1,49.90,5.34,false,1,
7290110115425,false,FUZE TEA גרין לימונענע -נענע 1.5 ליטר פיקדון,החברה המרכזית להפצת משקאות בעמ,,,"י""ח",1.50,ליטר,false,1,9.50,6.13,false,1,
7290110115449,false,פיוז-טי תה מנגו אננס 1.5 ליטר פיקדון,החברה המרכזית להפצת משקאות בעמ,,,"י""ח",1.50,ליטר,false,1,9.50,6.13,false,1,
7290110115463,false,פיוז-טי תה אפרסק 1.5 ליטר פיקדון,החברה המרכזית להפצת משקאות בעמ,,,"י""ח",1.50,ליטר,false,1,9.50,6.13,false,1,
7290110115494,false,תה קר בטעם ענבים פיוז טי 1.5 ליטר,החברה המרכזית להפצת משקאות בעמ,,,"י""ח",1.50,ליטר,false,1,9.50,6.13,false,1,
7290110115623,false,פיוז-טי תה אפרסק זירו 1.5 ליטר פיקדון,החברה המרכזית להפצת משקאות בעמ,,,"י""ח",1.50,ליטר,false,1,8.90,5.73,false,1,
7290110116064,false,פאנטה זירו בטעם פירות ירוק 1.5 ל פיקדון,החברה המרכזית להפצת משקאות בעמ,,,"י""ח",1.50,ליטר,false,1,9,5.80,false,1,
7290110116194,false,נביעות+ סדרת 0 קלוריות לימון-ליים 1.5 ליטר,החברה המרכזית להפצת משקאות בעמ,,,"י""ח",1.50,ליטר,false,1,9.50,6.13,false,1,
7290110116552,false,ספרייט לימון היט 1.5 ליטר LIME פיקדון,החברה המרכזית להפצת משקאות בעמ,,,"י""ח",1.50,ליטר,false,1,9,5.80,true,1,
7290110116569,false,ספרייט זירו 1.5 ליטר LEMON HIT פיקדון,החברה המרכזית להפצת משקאות בעמ,,,"י""ח",1.50,ליטר,false,1,9,5.80,true,1,
7290110320591,false,גבינה בולגרית במרקם מעודן 16% פיראוס,"תנובה בע""מ ***",,,"י""ח",250,ל גרם,false,1,23.90,9.56,false,1,
7290110320850,false,פתיתים גבינה חצי קשה מגורדת 28% שומן,תנובה מרכז שיתופי לש,,,"י""ח",200,ל גרם,false,1,15.90,7.95,false,1,
7290110320867,false,פתיתים גבינה חצי קשה מגורדת 28% שומן,תנובה מרכז שיתופי לש,,,"י""ח",500,ל גרם,false,1,37.90,7.58,true,1,
7290110321031,false,מעדן חלב GO יוגורט מועשר בחלבון טבעי 200 ג' יופלה,"תנובה, מחלבת אלון תב",,,"י""ח",200,ל גרם,false,1,5.80,2.90,false,1,
7290110321284,false,קוטג' בקטנה 9% תנובה 100 גרם מהדרין,פארייפאבה אגרואינדוס,,,"י""ח",100,ל גרם,false,1,2.70,2.70,false,1,
7290110321604,false,קוביות פיראוס בולגרית מעודנת 5% 200 גרם - רבנות,"תנובה בע""מ ***",,,"י""ח",232,ל גרם,false,1,23.90,10.30,false,1,
7290110321680,false,יוגורט GO בטעם תות 20 גרם חלבון בגביע,מיוצר עי קונדיטוריית,,,"י""ח",200,ל גרם,false,1,5.80,2.90,false,1,
7290110323097,false,מעדן גבינה עם מחית תות-תאומים 80 גר`,"תנובה בע""מ ***",,,"י""ח",80,ל גרם,false,1,1.90,2.38,false,1,
7290110323585,false,יופלה יוגורט עם דובדבן מופחת קלוריות 200 ג' GO,"תנובה בע""מ ***",,,"י""ח",200,ל גרם,false,1,5.80,2.90,false,1,
7290110323714,false,משקה קוקוס שקדים תנובה E אלטרנטיב,מיוצר עי קונדיטוריית,,,"י""ח",1,ליטר,false,1,13.90,13.90,true,1,
7290110324872,false,גבינה צהובה גלבוע (5% 200 גר`)תנובה,גלבוע - תנובה,,,"י""ח",200,ל גרם,false,1,18.90,9.45,false,1,
7290110324926,false,משקה סויה ללא תוספת סוכר E אלטרנטיב,תנובה מרכז שיתופי לש,,,"י""ח",1,ליטר,false,1,11.90,11.90,true,1,
7290110325084,false,מאגדת שמינייה מיני קרלו שוניל 8*100גרם,"תנובה בע""מ ***",,,"י""ח",800,"ל מ""ל",false,1,14.30,1.79,false,1,
7290110325510,false,יופלה טיוב יוגורט במרקם חלק בטעם וניל-יוניקור,"תנובה בע""מ ***",,,"י""ח",348,"ל מ""ל",false,1,12.90,3.71,false,1,
7290110325619,false,משקה שיבולת שועל תנובה E אלטרנטיב,מיוצר עי קונדיטוריית,,,"י""ח",1,ליטר,false,1,13.90,13.90,true,1,
7290110325893,false,משקה חלב GO מועשר בחלבון בטעם אייס קפה,מיוצר עי קונדיטוריית,,,"י""ח",340,"ל מ""ל",false,1,7.90,2.32,true,1,
7290110326906,false,חלב נטול לקטוז 3% שומן( 1 ליטר)תנובה,מיוצר עי קונדיטוריית,,,"י""ח",1,ליטר,false,1,7.50,7.50,false,1,
7290110327514,false,alternative משקה שיבולת שועל בטעם אגוזי לוז תנובה 1 ליטר,תנובה מרכז שיתופי לש,,,"י""ח",1,ליטר,false,1,13.90,13.90,true,1,
7290110328627,false,יוגורט יופלה GO במרקם סמיך בטעם בננה קרמל 0%,מיוצר עי קונדיטוריית,,,"י""ח",200,"ל מ""ל",false,1,5.90,2.95,true,1,
7290110328764,false,יוגורט יופלה GO במרקם סמיך עם תות 0%,מיוצר עי קונדיטוריית,,,"י""ח",200,"ל מ""ל",false,1,5.90,2.95,true,1,
7290110328771,false,יוגורט יופלה GO במרקם סמיך עם פירות יער 0%,מיוצר עי קונדיטוריית,,,"י""ח",200,"ל מ""ל",false,1,5.90,2.95,true,1,
7290110328788,false,יוגורט יופלה GO במרקם סמיך בטעם אפרסק 0%,תנובה מרכז שיתופי לש,,,"י""ח",200,"ל מ""ל",false,1,5.90,2.95,true,1,
7290110329136,false,מעדן חלב מעושר בחלבון בטעם שוקולד 120 ג' GO,תנובה מרכז שיתופי לש,,,"י""ח",120,"ל מ""ל",false,1,5.30,4.42,false,1,
7290110329143,false,מעדן חלב מעושר בחלבון בטעם וניל גביע 120 ג' GO,תנובה מרכז שיתופי לש,,,"י""ח",120,"ל מ""ל",false,1,5.30,4.42,false,1,
7290110329686,false,משקה GO חלב בטעם עוגיות 27 גר`חלבון,מיוצר עי קונדיטוריית,,,"י""ח",340,"ל מ""ל",false,1,7.50,2.21,true,1,
7290110329716,false,משקה חלב קר בטעם קפוצ'ינו 230 גרם תנובה,תנובה מרכז שיתופי לש,,,"י""ח",230,ל גרם,false,1,6.90,3,false,1,
7290110329723,false,משקה חלב קר בטעם לאטה 230 גרם תנובה,תנובה מרכז שיתופי לש,,,"י""ח",230,ל גרם,false,1,6.90,3,false,1,
7290110329730,false,"משקה חלב עם שוקולד וקפה בסגנון לאטה 2.7%  230 מ""ל תנובה",תנובה מרכז שיתופי לש,,,"י""ח",230,ל גרם,false,1,6.90,3,false,1,
7290110329792,false,יוגורט סויה BIO Alternative אפרסק 150 ג' תנובה,מיוצר עי קונדיטוריית,,,"י""ח",150,"ל מ""ל",false,1,5.50,3.67,false,1,
7290110329808,false,יוגורט סויה BIO Alternative תות 150 ג' תנובה,מיוצר עי קונדיטוריית,,,"י""ח",150,"ל מ""ל",false,1,5.50,3.67,false,1,
7290110329822,false,יוגורט סויה BIO Alternative פירות יער 150 ג' תנובה,מיוצר עי קונדיטוריית,,,"י""ח",150,"ל מ""ל",false,1,4.80,3.20,false,1,
7290110550219,false,מטבעות שוקולד לבן לאפיה 400 גרם עלית,שטראוס גרופ בע`מ,,,"י""ח",400,ל גרם,false,1,29.90,7.48,false,1,
7290110552220,false,יוגורט PRO בטעם תות 0% סוכר לבן 20 גרם חלבון בגביע,שטראוס גרופ בעמ/מצונן,,,"י""ח",20,"ל מ""ל",false,1,5.90,29.50,false,1,
7290110552237,false,יוגורט פרו בטעם אפרסק מנגו ללא סוכר 200 ג' דנונה,שטראוס גרופ בעמ/מצונן,,,"י""ח",20,"ל מ""ל",false,1,5.90,29.50,false,1,
7290110553173,false,אנרגי פריכיות אורז בטעם קרמל 50 גרם,שטראוס גרופ בע`מ,,,"י""ח",40,ל גרם,false,1,6.90,17.25,true,1,
7290110553432,false,תבשיל אורז מלא וירקות קלויים דלישס,קפוא זן תעשיות מזון בעמ,,,"י""ח",300,ל גרם,false,1,26.90,8.97,true,1,
7290110553623,false,צ'יטוס קראנצ'י בטעם צ'דר חלפיניו - חלבי,"שטראוס פריטו ליי בע""\מ )",,,"י""ח",80,ל גרם,false,1,5.40,6.75,false,1,
7290110554262,false,חלבית מלבין קפה חלבי 350 ג' עלית,שטראוס גרופ בע`מ,,,"י""ח",350,ל גרם,false,1,21.90,6.26,false,1,
7290110554507,false,עלית - קפה טורקי תימני 100 גרם,שטראוס קפה בי.וי.,,,"י""ח",100,ל גרם,false,1,11.90,11.90,false,1,
7290110554583,false,מארז חטיפי צ'יטוס פאפס בטעם גבינה - 10 יחידות,"שטראוס פריטו ליי בע""\מ )",,,"י""ח",200,ל גרם,false,1,12.90,6.45,true,1,
7290110554729,false,קפסולות עלית אספרסו 04 תואמות למכונות NESPRESSO,שטראוס קפה בי.וי.,,,"י""ח",50,ל גרם,false,1,19.90,39.80,true,1,
7290110555009,false,זוג פסאטה מחית עגבניות חלקה יד מרדכי 700 גרם,אמיליאנה קונסרב ס.פ.,,,"י""ח",700,ל גרם,false,1,11.90,1.70,false,1,
7290110555368,false,רבע לשבע טבעוני מרשמלו עלית 125 גרם,"הגביע מוצרי וופלים בע""\מ",,,"י""ח",125,ל גרם,false,1,12.90,10.32,false,1,
7290110556242,false,"שוקולד מריר פרווה 100 גר' בד""ץ תוצרת חוץ","שטראוס גרופ בע""מ.",,,"י""ח",100,ל גרם,false,1,6.50,6.50,true,1,
7290110557027,false,חומוס עשיר 50% טחינה גולמית 400 ג' אחלה,שטראוס גרופ בעמ/מצונן,,,"י""ח",400,ל גרם,false,1,15.20,3.80,true,1,
7290110557133,false,מעדן הגולן וניל 125 ג' שטראוס,שטראוס גרופ בעמ/מצונן,,,"י""ח",125,ל גרם,false,1,3.40,2.72,true,1,
7290110557478,false,חומוס גלילי במרקם מעודן 600 גרם,שטראוס גרופ בעמ/מצונן,,,"י""ח",600,ל גרם,false,1,12.90,2.15,true,1,
7290110558130,false,יוגורט אקטיביה עם שיבולת שועל ודבש 150 גרם,שטראוס גרופ בעמ/מצונן,,,"י""ח",150,"ל מ""ל",false,1,4.50,3,false,1,
7290110558239,false,"וואו יוגורט עם שכבה בטעם קראק פאי 5.4%, 150 ג דנונה",שטראוס גרופ בעמ/מצונן,,,"י""ח",150,"ל מ""ל",false,1,4.90,3.27,true,1,
7290110558284,false,דנונה ביו מולטי שטראוס 200 גרם,שטראוס גרופ בעמ/מצונן,,,"י""ח",200,"ל מ""ל",false,1,4.20,2.10,false,1,
7290110558307,false,יוגורט דנונה PRO עם שיבולת שועל במתיקות מעודנת,שטראוס גרופ בעמ/מצונן,,,"י""ח",200,"ל מ""ל",false,1,6.70,3.35,false,1,
7290110558314,false,דנונה פרו 20 גרם חלבון ללא סוכר פיסטוק 200 גרם,שטראוס גרופ בעמ/מצונן,,,"י""ח",20,"ל מ""ל",false,1,5.90,29.50,false,1,
7290110558338,false,דנונה פרו 25 ג' חלבון 200 ג' שטראוס,שטראוס גרופ בעמ/מצונן,,,"י""ח",200,"ל מ""ל",false,1,6.70,3.35,false,1,
7290110558666,false,מעדן גבינה בטעם תפוח 88 ג' דניאלה,שטראוס גרופ בעמ/מצונן,,,"י""ח",150,"ל מ""ל",false,1,4.30,2.87,false,1,
7290110559007,false,"שועועית חומה טעם הטבע קופסה, 380 גרם",שטראוס גרופ בע`מ,,,"י""ח",380,ל גרם,false,1,6.90,1.82,true,1,
7290110559014,false,שעועית שחורה מבושלת טעם הטבע 380 גרם,שטראוס גרופ בע`מ,,,"י""ח",380,ל גרם,false,1,6.90,1.82,true,1,
7290110560300,false,"הפריכיות הטעימות חומוס, עדשים שחורות, קינואה ופלפל שחור",אנרג'י Energy - שטראוס,,,"י""ח",30,ל גרם,false,1,5.50,18.33,false,1,
7290110560317,false,"הפריכיות הטעימות חומוס, עדשים שחורות, קינואה ומלח ים","פרח תעשיו מזון בע""מ",,,"י""ח",30,ל גרם,false,1,5.50,18.33,false,1,
7290110560324,false,"הפריכיות הטעימות תפו""א, אורז, אפונה ומלח ים","פרח תעשיו מזון בע""מ",,,"י""ח",30,ל גרם,false,1,5.50,18.33,false,1,
7290110561352,false,דנונה יוגורט ביו פרוביוטי 3% דל לקטוז 150ג',שטראוס גרופ בעמ/מצונן,,,"י""ח",200,"ל מ""ל",false,1,3.70,1.85,false,1,
7290110561604,false,מארז 8 יחידות מעדן גמדים בטעם תות בננה,שטראוס גרופ בעמ/מצונן,,,"י""ח",800,ל גרם,false,1,18.90,2.36,false,1,
7290110563448,false,"משקה קפה קר בסגנון מעודן 230 מ""ל 1.6% יוטבתה",שטראוס גרופ בעמ/מצונן,,,"י""ח",230,"ל מ""ל",false,1,7.90,3.43,true,1,
7290110563462,false,חלב 2% דל לקטוז בבקבוק יטבתה 1 ליטר.,שטראוס גרופ בעמ/מצונן,,,"י""ח",1,ליטר,false,1,8.20,8.20,false,1,
7290110564339,false,חומוס אחלה הסידרה המובחר 30% טחינה 400 גר',שטראוס גרופ בעמ/מצונן,,,"י""ח",400,ל גרם,false,1,15.20,3.80,true,1,
7290110564360,false,חומוס אחלה הסידרה המובחר 40% טחינה 400 גר',שטראוס גרופ בעמ/מצונן,,,"י""ח",400,ל גרם,false,1,15.20,3.80,true,1,
7290110564414,false,חומוס אחלה הסידרה המובחר 30% טחינה 600 גר',שטראוס גרופ בעמ/מצונן,,,"י""ח",600,ל גרם,false,1,13.90,2.32,false,1,
7290110565435,false,מעדן ג`לי בטעם פטל חלבי שטראוס (125 גרם,שטראוס גרופ בעמ/מצונן,,,"י""ח",125,ל גרם,false,1,2.30,1.84,true,1,
7290110565527,false,יוגורט PRO פרו 1.5% 20 גרם חלבון בגביע,שטראוס גרופ בעמ/מצונן,,,"י""ח",20,"ל מ""ל",false,1,6.20,31,false,1,
7290110565572,false,מארז קפה טורקי עלית לדרך עם הל 168 גרם,שטראוס קפה בי.וי.,,,"י""ח",168,ל גרם,false,1,19.90,11.85,false,1,
7290110566975,false,דנונה פרו יוגורט 0% תות עשיר בחלבון 200ג',שטראוס גרופ בעמ/מצונן,,,"י""ח",20,"ל מ""ל",false,1,6.20,31,false,1,
7290110568238,false,"קצפת צמחית 21% שומן 250 מ""ל יוטבתה",שטראוס גרופ בעמ/מצונן,,,"י""ח",250,"ל מ""ל",false,1,8.20,3.28,false,1,
7290110571405,false,עלית - מיני פינוקיות בגביע פסק זמן 180 גרם,שטראוס גרופ בע`מ,,,"י""ח",200,ל גרם,false,1,10.90,5.45,true,1,
7290110571412,false,מיני פינוקיות - פאדג' שוקולד בגביע 180 גרם,שטראוס גרופ בע`מ,,,"י""ח",200,ל גרם,false,1,10.90,5.45,true,1,
7290110572129,false,כיף כף מקלות שוקולד לבן 40 ג' עלית,סולן בעבור שטראוס,,,"י""ח",40,ל גרם,false,1,5.20,13,true,1,
7290110572969,false,כיף כף פצפצים עלית קרם לבן (40 גר`),שולן צ'\יקולטה גידה סאן.,,,"י""ח",40,ל גרם,false,1,4.90,12.25,true,1,
7290110575274,false,"שמן זית יד מרדכי כתית 750 מ""ל שמיטה","שטראוס גרופ בע""מ",,,"י""ח",750,"ל מ""ל",false,1,33.20,4.43,false,1,
7290110576318,false,מאגדת שלישיית שוקולד אגוז לבן 300 ג' עלית,שטראוס גרופ בע`מ,,,"י""ח",112,ל גרם,false,1,25.90,23.13,false,1,
7290110576356,false,"שוקולד ספלנדיד מריר 64% - חלבי , מפולי קקאו מפרו",שטראוס גרופ בע`מ,,,"י""ח",105,ל גרם,false,1,8.90,8.48,true,1,
7290110576387,false,מאגדת שלישיית שוקולד אגוז חלב 300 ג' עלית,שטראוס גרופ בע`מ,,,"י""ח",112,ל גרם,false,1,25.90,23.13,false,1,
7290110576752,false,טבלאות שוקולד ספלנדיד מריר 70% 100 ג' עלית,שטראוס גרופ בע`מ,,,"י""ח",100,ל גרם,false,1,12.40,12.40,false,1,
7290110576776,false,טבלאות שוקולד ספלנדיד מריר 85% 100 ג' עלית,שטראוס גרופ בע`מ,,,"י""ח",100,ל גרם,false,1,12.40,12.40,false,1,
7290110576868,false,רבעיית גמדים סלט פירוט * 100 ג' שטראוס,שטראוס גרופ בעמ/מצונן,,,"י""ח",400,"ל מ""ל",false,1,11.90,2.98,true,1,
7290110577230,false,משקה חלב בטעם פיסטוק בבקבוק יטבתה 1 ליטר,שטראוס גרופ בעמ/מצונן,,,"י""ח",1,ליטר,false,1,11.90,11.90,false,1,
7290110577247,false,"יטבתה משקה חלב-פיסטוק בבקבוק 350 מ""ל",שטראוס גרופ בעמ/מצונן,,,"י""ח",350,"ל מ""ל",false,1,6.50,1.86,false,1,
7290111094248,false,"קוויק שקית אשפה חזקה וגדולה במיוחד (90*78), 20 יח'",שקד תבל בע`מ,,,"י""ח",1,"י""ח",false,1,21.90,21.90,true,1,
7290111096921,false,קוויק מגבונים לניקוי כללי בתוספת חומץ ומלח לימון 50 יח',שקד תבל בע`מ,,,"י""ח",50,"י""ח",false,1,8.90,0.18,true,1,
7290111341373,false,נייר טואלט לילי פסטל 30 יחידות,קימברלי קלארק ישראל שיווק בעמ,,,"י""ח",30,"י""ח",false,1,35.90,1.20,false,1,
7290111342042,false,ניקול כריות יפניות אנטיבקטריאלי 4 יחידות,קימברלי קלארק ישראל שיווק בעמ,,,"י""ח",1,"י""ח",false,1,13.90,13.90,true,1,
7290111342059,false,50 מטליות מיקרופייבר לשטחים אנטיבקטריאלי ניקול,קימברלי קלארק ישראל שיווק בעמ,,,"י""ח",100,ל גרם,false,1,13.90,13.90,true,1,
7290111342523,false,מפיות אירוח לשימוש יומיומי ניקול 100 יח,קימברלי קלארק ישראל שיווק בעמ,,,"י""ח",100,"י""ח",false,1,7.90,0.08,false,1,
7290111343117,false,קלינקס ממחטות לושן סופט פק זוגות 140דף,קימברלי קלארק ישראל שיווק בעמ,,,"י""ח",140,"י""ח",false,1,15.90,0.11,false,1,
7290111344138,false,שישיית מטליות רב סיבי נחושת אנטיבקטראלי,קימברלי קלארק ישראל שיווק בעמ,,,"י""ח",6,"י""ח",false,1,10.90,1.82,false,1,
7290111344206,false,האגיס נטורל קר מגבונים לחים בבישום עדין רביעייה,קימברלי קלארק ישראל שיווק בעמ,,,"י""ח",4,"י""ח",false,1,19.90,4.98,true,1,
7290111344510,false,נייר אפייה ניקול בשקית 100 יח,קימברלי קלארק ישראל שיווק בעמ,,,"י""ח",100,"י""ח",false,1,21.90,0.22,false,1,
7290111344558,false,שקיות אשפה בגודל L עם שרוך 100 יח`,קימברלי קלארק ישראל שיווק בעמ,,,"י""ח",100,"י""ח",false,1,29.90,0.30,false,1,
7290111344695,false,נייר טואלט מולט 32 יח' מהדורת חורף,קימברלי קלארק ישראל שיווק בעמ,,,"י""ח",1850,ל גרם,false,1,31.90,1.72,false,1,
7290111344916,false,ניקול שישיית כריות יפניות אנטיבקטריאליות,קימברלי קלארק ישראל שיווק בעמ,,,"י""ח",1,"י""ח",false,1,13.90,13.90,false,1,
7290111345814,false,נייר טואלט לילי נטורל קר 30 גלילים מהדורה,קימברלי קלארק ישראל שיווק בעמ,,,"י""ח",552,מטר,false,1,35.90,0.07,false,1,
7290111346347,false,מגבוני אף אוריגינל סופט חמישיה קלינקס,קימברלי קלארק ישראל שיווק בעמ,,,"י""ח",5,"י""ח",false,1,15.90,3.18,true,1,
7290111346538,false,"האגיס פרידום דריי שלב 5+ משקל 14-20ק""ג",קימברלי קלארק ישראל שיווק בעמ,,,"י""ח",38,"י""ח",false,1,45.90,1.21,true,1,
7290111350030,false,רסק תפוחי עץ טבעי בצנצנת 670 גרם קלית גת,ליימן שליסל בעמ,,,"י""ח",5.60,,false,1,10.90,1.95,false,1,
7290111350092,false,מארז מיקס חטיפי מיני לואקר בסט 200 גר,ליימן שליסל בעמ,,,"י""ח",1,"י""ח",false,1,24.90,24.90,true,1,
7290111350672,false,צנצנת דבש קליית גת 700 גרם,חקלאות עין חרוד מאוח,,,"י""ח",700,"ל מ""ל",false,1,32.90,4.70,false,1,
7290111350719,false,חטיף נאצוס הוטפופ בסגנון מסעדות 322 גר,ליימן שליסל בע`מ,,,"י""ח",323,ל גרם,false,1,15.90,4.92,true,1,
7290111350726,false,חטיף נאצוס הוטפופ בסגנון מקסיקני 322 גר,ליימן שליסל בע`מ,,,"י""ח",323,ל גרם,false,1,15.90,4.92,true,1,
7290111352430,false,ממרח תמרים טבעי קליית גת 440 גרם,ליימן שליסל בע`מ,,,"י""ח",440,ל גרם,false,1,12.90,2.93,true,1,
7290111353055,false,"גומי דובי 200 גר' וסטהיים (כש""לפ בית יוסף)",טופגם תעשיות ממתקים,,,"י""ח",200,ל גרם,false,1,9.90,4.95,true,1,
7290111353109,false,"גומי נחש מבריק 200 גר' וסטהיים (כש""לפ בית יוסף).",טופגם תעשיות ממתקים,,,"י""ח",200,ל גרם,false,1,9.90,4.95,true,1,
7290111353123,false,"גומי נחש מסוכר 200 גר' וסטהיים (כש""לפ בית יוסף)",טופגם תעשיות ממתקים,,,"י""ח",200,ל גרם,false,1,9.90,4.95,true,1,
7290111353239,false,"גומי יין 200 גר' וסטהיים (כש""לפ בית יוסף)",טופגם תעשיות ממתקים,,,"י""ח",200,ל גרם,false,1,9.90,4.95,true,1,
7290111353376,false,מארז 100 סוכריות מנטוס שמחות בטעם מנטה 250 גרם,פרפטי ואן מלה ברדה,,,"י""ח",178,ל גרם,false,1,14.90,8.37,true,1,
7290111354144,false,ממרח קוקוס מקורמל קליית גת 200 גרם,ליימן שליסל בעמ,,,"י""ח",200,ל גרם,false,1,15.90,7.95,true,1,
7290111354298,false,יוגטה שטיח חמוץ חצי מטר קולה 15 גרם,ליימן שליסל בעמ,,,"י""ח",100,ל גרם,false,1,1,1,false,1,
7290111564277,false,פריכיות דקות ונימוחות 3 דגנים פיטנס Fitness,קבוצת אוסם סחר שותפות מוגבלת,,,"י""ח",120,ל גרם,false,1,11.90,9.92,true,1,
7290111564291,false,פריכיות דקות ונימוחות 3 דגנים וקינואה פיטנס Fitness,קבוצת אוסם סחר שותפות מוגבלת,,,"י""ח",120,ל גרם,false,1,11.90,9.92,true,1,
7290111564727,false,עוגיות אסם קרמוגית וקרם אגוזים אסם 200ג',קבוצת אוסם סחר שותפות מוגבלת,,,"י""ח",200,ל גרם,false,1,10.90,5.45,true,1,
7290111565038,false,"לה קרמריה וניל קוקילידה בד""צ 1.4 ל'",נגה גלידות שותפות מוגבלת,,,"י""ח",1.40,ליטר,false,1,19.90,14.21,false,1,
7290111566103,false,טבעול פלאפל מרכיבים ביתיים בלבד 590 גרם,קבוצת אוסם סחר שותפות מוגבלת,,,"י""ח",590,ל גרם,false,1,39.90,6.76,true,1,
7290111566240,false,שניצל דק מן הצומח בטעם צ'ילי חריף 700 גרם,קבוצת אוסם סחר שותפות מוגבלת,,,"י""ח",564,ל גרם,false,1,39.90,7.07,true,1,
7290111566318,false,שניצל דק מן הצומח בטעם ביתי 700 גרם,קבוצת אוסם סחר שותפות מוגבלת,,,"י""ח",564,ל גרם,false,1,39.90,7.07,true,1,
7290111566547,false,טבעול חזה בגריל צמחוני 99 קלוריות 560ג',קבוצת אוסם סחר שותפות מוגבלת,,,"י""ח",560,ל גרם,false,1,39.90,7.13,true,1,
7290111566714,false,טבעול המבורגר צמחוני 99 קלוריות 600 גרם,קבוצת אוסם סחר שותפות מוגבלת,,,"י""ח",600,ל גרם,false,1,39.90,6.65,true,1,
7290111566752,false,טבעול שניצל תירס 99 קלוריות 693 גרם,קבוצת אוסם סחר שותפות מוגבלת,,,"י""ח",693,ל גרם,false,1,39.90,5.76,true,1,
7290111568206,false,ביסלי פארטי מיקס אסם 150 גר',קבוצת אוסם סחר שותפות מוגבלת,,,"י""ח",150,ל גרם,false,1,8.90,5.93,true,1,
7290111930805,false,קראנצ'וס טעם ברביקיו 55 גר',ש. שסטוביץ בע`מ,,,"י""ח",55,ל גרם,false,1,3.90,7.09,true,1,
7290111930898,false,חטיף פוף כוכבים גריל אמריקאי 40 גרם,ש. שסטוביץ בע`מ,,,"י""ח",40,ל גרם,false,1,4.40,11,true,1,
7290111930904,false,חטיף פוף כוכבים בצל 40 גרם,ש. שסטוביץ בע`מ,,,"י""ח",40,ל גרם,false,1,4.40,11,true,1,
7290111930911,false,חטיף פוף לבבות קלאסי 40 גרם,ש. שסטוביץ בע`מ,,,"י""ח",40,ל גרם,false,1,4.40,11,true,1,
7290111930928,false,חטיף פוף לבבות גריל 40 גרם,ש. שסטוביץ בע`מ,,,"י""ח",40,ל גרם,false,1,4.40,11,true,1,
7290111933462,false,"רוטב צ'ילי מתוק מאסטר שף 300 מ""ל",ש. שסטוביץ בע`מ,,,"י""ח",300,ל גרם,false,1,10.90,3.63,false,1,
7290111933554,false,שלישייה עגבניות קוביות מאסטר שף 400 גרם,קונסוריזיו קאסאלסקו,,,"י""ח",1.20,"ק""ג",false,1,17.90,14.92,false,1,
7290111933561,false,מאסטר שף תערובת ציפוי נגטס 250 גרם,טסט וסנט קו.לטד,,,"י""ח",250,ל גרם,false,1,7.90,3.16,false,1,
7290111935961,false,מאסטר שף מחית עגבניות 690 גרם,פראנו אנריקו ופיגלי,,,"י""ח",690,ל גרם,false,1,10.90,1.58,false,1,
7290111937088,false,"ליידי ספיד סטיק רול און אומגה 3 50 מ""ל",ליידי ספיד סטיק Lady Speed Stick,,,"י""ח",50,"ל מ""ל",false,1,18.90,37.80,true,1,
7290111937255,false,פרי מארז חטיפים 5 יחידות תמרים בוטנים ואגוזי לוז כשלפ,"טבעית מוצרים מהטבע בע""\מ",,,"י""ח",125,ל גרם,false,1,17.90,14.32,false,1,
7290111937262,false,מארז חמישיית חטיפי תמרים אגוזים ושברי קקאו פרי 125 גרם,"טבעית מוצרים מהטבע בע""\מ",,,"י""ח",125,ל גרם,false,1,17.90,14.32,false,1,
7290112001436,false,"פיניש מנקה מדיח כלים בניחוח לימון 250 מ""ל",רקיט בנקיזר (ניר איסט) בעמ,,,"י""ח",2,ליטר,false,1,18.90,9.45,true,1,
7290112002112,false,ג'ל כביסה מרוכז קולון 101 בניחוח ורדים,רקיט בנקיזר (ניר איסט) בעמ,,,"י""ח",2.50,ליטר,false,1,26.90,10.76,true,1,
7290112002129,false,ג'ל כביסה מרוכז קולון 101 בניחוח פריחה מרענן,רקיט בנקיזר (ניר איסט) בעמ,,,"י""ח",2.50,ליטר,false,1,26.90,10.76,true,1,
7290112002143,false,ג'ל כביסה מרוכז קולון 101 בניחוח לילך,רקיט בנקיזר (ניר איסט) בעמ,,,"י""ח",4,ליטר,false,1,36.90,9.23,false,1,
7290112002167,false,קולון ג'ל כביסה בניחוח פריחה מרענן ירוק 4 ליטר,רקיט בנקיזר (ניר איסט) בעמ,,,"י""ח",4,ליטר,false,1,36.90,9.23,false,1,
7290112003072,false,קולון מבשם בדים משב רוח ים (כחול),רקיט בנקיזר (ניר איסט) בעמ,,,"י""ח",1,"י""ח",false,1,24.90,24.90,false,1,
7290112003096,false,קולון מבשם כביסה טבעי רענן (ירוק),רקיט בנקיזר (ניר איסט) בעמ,,,"י""ח",1,"י""ח",false,1,24.90,24.90,false,1,
7290112003232,false,אבקת כביסה בניחוח לבנדר קולון 5 ק''ג,רקיט בנקיזר (ניר איסט) בעמ,,,"י""ח",5,"ק""ג",false,1,39.90,7.98,false,1,
7290112003966,false,"אבקה להסרת כתמים לכביסה לבנה ""וניש גולד""",רקיט בנקיזר (ניר איסט) בעמ,,,"י""ח",470,ל גרם,false,1,19.90,4.23,false,1,
7290112004208,false,פיניש טבליות למדיח הכל ב 1 לימון 50 יחידות,רקיט בנקיזר (ניר איסט) בעמ,,,"י""ח",50,"י""ח",false,1,39.90,0.80,true,1,
7290112004314,false,"דטול - תרסיס חיטוי וניקוי בניחוח לימון רימונים 750 מ""ל",רקיט בנקיזר (ניר איסט) בעמ,,,"י""ח",750,"ל מ""ל",false,1,14.90,1.99,true,1,
7290112004413,false,"ספריי וניש קליה להסרת כתמים לבגדים לבנים 750 מ""ל",רקיט בנקיזר (ניר איסט) בעמ,,,"י""ח",750,"ל מ""ל",false,1,17.90,2.39,true,1,
7290112005045,false,וניש מסיר כתמים אבקה לכביסה לבנה 480 גרם,רקיט בנקיזר (ניר איסט) בעמ,,,"י""ח",480,ל גרם,false,1,16.90,3.52,true,1,
7290112005052,false,וניש תוסף כביסה רב תכליתי לבגדים לבנים,רקיט בנקיזר (ניר איסט) בעמ,,,"י""ח",150,ל גרם,false,1,39.90,26.60,true,1,
7290112005076,false,וניש תוסף כביסה רב תכליתי צבעוני 480 גרם,רקיט בנקיזר (ניר איסט) בעמ,,,"י""ח",480,ל גרם,false,1,16.90,3.52,true,1,
7290112192158,false,"ניוקי תפו""א 500 גרם ללא גלוטן",גורי מוצרי צריכה בעמ,,,"י""ח",500,ל גרם,false,1,11.90,2.38,false,1,
7290112195647,false,"שמן זית כתית מעולה 750מ""ל הזית",א.ג בחירה חכמה בעמ,,,"י""ח",750,"ל מ""ל",false,1,29.90,3.99,true,1,
7290112197191,false,דגני בוקר כהים במילוי קרם וניל ללא גלוטן 375 ג' G FREE,גורי מוצרי צריכה (1991) בעמ,,,"י""ח",375,ל גרם,false,1,19.90,5.31,true,1,
7290112330352,false,"יוגורט PRO בטעם וניל 0% , 20 גרם חלבון בגביע",שטראוס גרופ בעמ/מצונן,,,"י""ח",20,"ל מ""ל",false,1,6.20,31,false,1,
7290112330390,false,דנונה פרו פירות יער 20 גרם חלבון 0% שומן 200 גרם,שטראוס גרופ בעמ/מצונן,,,"י""ח",200,"ל מ""ל",false,1,6.20,3.10,false,1,
7290112332585,false,פריכיות משולש תפוא אורז בתיבול סלק ומלח ים אנרג'י 30 גרם,"פרח תעשיו מזון בע""מ",,,"י""ח",30,ל גרם,false,1,5.50,18.33,false,1,
7290112332691,false,פינוקיות עוגיות קרם פסק זמן אגוזים 200 גרם,"הגביע מוצרי וופלים בע""\מ",,,"י""ח",200,ל גרם,false,1,12.80,6.40,true,1,
7290112334596,false,שוקולית אבקת שוקו עלית,שטראוס קפה בי.וי.,,,"י""ח",850,ל גרם,false,1,17.90,2.11,false,1,
7290112334749,false,קפה טורקי בצלופן עלית 200 גרם+ 10% תוספת,שטראוס קפה בי.וי,,,"י""ח",200,ל גרם,false,1,17.90,8.95,true,1,
7290112335494,false,הפריכיות הטעימות תפוחי אדמה בטעם פוטטוס,"פרח תעשיות מזון בע""\מ",,,"י""ח",135,ל גרם,false,1,13.90,10.30,false,1,
7290112335500,false,"פרכיות אנרג'י חומוס,אורז,עדשים שחורות וקינואה 135 גרם","פרח תעשיות מזון בע""\מ",,,"י""ח",135,ל גרם,false,1,13.90,10.30,false,1,
7290112336637,false,סוכריות מאסט Must ללא סוכר יוגורט תות ואוכניות,שטראוס גרופ בע`מ,,,"י""ח",80,ל גרם,false,1,9.50,11.88,false,1,
7290112336644,false,סוכריות מאסט ללא סוכר לימון 80 ג' עלית,שטראוס גרופ בע`מ,,,"י""ח",80,ל גרם,false,1,9.50,11.88,false,1,
7290112337474,false,סוכריות מאסט ללא סוכר פטל לימון 80 ג' עלית,שטראוס גרופ בע`מ,,,"י""ח",80,ל גרם,false,1,9.60,12,false,1,
7290112337481,false,סוכריות מאסט ללא סוכר קפצ''ינו 80 ג' עלית,שטראוס גרופ בע`מ,,,"י""ח",80,ל גרם,false,1,9.60,12,false,1,
7290112339171,false,מעדן מוס שוקולד 81 גר`מילקי,שטראוס גרופ בעמ/מצונן,,,"י""ח",81,ל גרם,false,1,3.70,4.57,false,1,
7290112339362,false,דנונה לייט אנד פריי בטעם קפוצ'ינו 150 גרם,שטראוס גרופ בעמ/מצונן,,,"י""ח",150,"ל מ""ל",false,1,4.90,3.27,true,1,
7290112339867,false,גמדים לדרך גבינה לבנה עם מחית תות,שטראוס גרופ בעמ/מצונן,,,"י""ח",100,ל גרם,false,1,5.90,5.90,false,1,
7290112339874,false,גמדים לדרך גבינה לבנה עם מחיות תות ובננה,שטראוס גרופ בעמ/מצונן,,,"י""ח",100,ל גרם,false,1,5.90,5.90,false,1,
7290112340122,false,הפריכיות הטעימות 3 דגנים אנרג'י 135 גרם,"פרח תעשיות מזון בע""\מ",,,"י""ח",135,ל גרם,false,1,13.90,10.30,false,1,
7290112340276,false,פינוקיות עוגיית קרם קפה נמס 200 גרם,"הגביע מוצרי וופלים בע""\מ",,,"י""ח",200,ל גרם,false,1,12.90,6.45,true,1,
7290112341686,false,שמינייה יוגורט לבן אקטיביה 3% דנונה 150 גרם.,שטראוס גרופ בעמ/מצונן,,,"י""ח",1.20,ליטר,false,1,21.50,17.92,false,1,
7290112342102,false,סימפוניה גבינה במרקם שמנת בצל מקורמל 5%,שטראוס גרופ בעמ/מצונן,,,"י""ח",200,ל גרם,false,1,12,6,true,1,
7290112343260,false,"יטבתה רוטב שמנת קלאסי 9% שומן 260 מ""ל",שטראוס גרופ בעמ/מצונן,,,"י""ח",260,ל גרם,false,1,11.30,4.35,true,1,
7290112343420,false,"משקה חלב עם דגנים מלאים ובננה פרו יטבתה 350מ""ל",שטראוס גרופ בעמ/מצונן,,,"י""ח",350,"ל מ""ל",false,1,7.90,2.26,false,1,
7290112343499,false,חטיף צ'יטוס פאפס אפוי בטעם גבינה,"שטראוס פריטו ליי בע""\מ )",,,"י""ח",60,ל גרם,false,1,3.50,5.83,true,1,
7290112344564,false,רביולי גבינה קלאסי שטראוס 400 ג',שטראוס גרופ בעמ/מצונן,,,"י""ח",400,ל גרם,false,1,21.70,5.43,true,1,
7290112344724,false,מילקי בטעם שוקולד בלונדי עם קצפת 133גר,שטראוס גרופ בעמ/מצונן,,,"י""ח",133,ל גרם,false,1,3.40,2.56,false,1,
7290112344755,false,מילקי עם 26% פחות סוכר 135 גר}שטראוס{,שטראוס גרופ בעמ/מצונן,,,"י""ח",130,"ל מ""ל",false,1,2.90,2.23,false,1,
7290112344786,false,קפה פלטינום קלאסיק עלית 200 גרם,הנסיך- מפעל לייצור ט,,,"י""ח",200,ל גרם,false,1,28.90,14.45,true,1,
7290112344953,false,סימפוניה חציל קלוי גבינה במקרם שמנת 5%,שטראוס גרופ בעמ/מצונן,,,"י""ח",200,ל גרם,false,1,12,6,true,1,
7290112346537,false,עוגיות פינוקיות בטעם טורטית 200 ג' עלית,"הגביע מוצרי ופלים בע""\מ",,,"י""ח",200,ל גרם,false,1,12.90,6.45,true,1,
7290112346827,false,שמיניית אקטימל ויטמין C פטל 108 גרם,שטראוס גרופ בעמ/מצונן,,,"י""ח",800,"ל מ""ל",false,1,20.20,2.53,false,1,
7290112347008,false,גמדים לדרך גבינה לבנה עם מחית תות ושיבולת שועל,שטראוס גרופ בעמ/מצונן,,,"י""ח",100,ל גרם,false,1,5.90,5.90,false,1,
7290112348142,false,שעועית לבנה 380 גר' בקופסה טעם הטבע,שטראוס גרופ בע`מ,,,"י""ח",380,ל גרם,false,1,7.90,2.08,true,1,
7290112349606,false,מעדן גבינה ויוגורט תות בננה 88 ג' דניאלה,שטראוס גרופ בעמ/מצונן,,,"י""ח",150,"ל מ""ל",false,1,4.30,2.87,false,1,
7290112350312,false,קפסולות 15 קפה יותר למכונות נספרסו עלית 10יח',הנסיך- מפעל לייצור ט,,,"י""ח",50,ל גרם,false,1,19.90,39.80,true,1,
7290112351258,false,עוגיית קקאו פינוקיות שחור לבן 200 גר,"הגביע מוצרי ופלים בע""\מ",,,"י""ח",200,ל גרם,false,1,12.90,6.45,true,1,
7290112353887,false,"משקה קפה קר בטעם אגוזים יטבתה 230 מ""ל",האי נאם סי או אל.טי.,,,"י""ח",230,"ל מ""ל",false,1,7.90,3.43,true,1,
7290112354211,false,"פיצה מרגריטה""דלישס"" שטראוס",קפוא-זן תעשיות מזון בעמ - תפוג,,,"י""ח",300,ל גרם,false,1,25.90,8.63,true,1,
7290112354945,false,תפוצ'יפס WAVY בטעם טבעי 50 גרם,שטראוס פריטו ליי בע”,,,"י""ח",50,ל גרם,false,1,4.50,9,false,1,
7290112355102,false,גמדים סקוויז 100 גרם פאוץ סלט פירות 100 גרם,שטראוס גרופ בעמ/מצונן,,,"י""ח",100,ל גרם,false,1,5.90,5.90,false,1,
7290112355393,false,"יטבתה רוטב שמנת+בטטה 9% שומן 250 מ""ל",שטראוס גרופ בעמ/מצונן,,,"י""ח",257,ל גרם,false,1,10.90,4.24,true,1,
7290112355812,false,מילקי טופ קורנפלקס 141 ג' שטראוס,שטראוס גרופ בעמ/מצונן,,,"י""ח",130,"ל מ""ל",false,1,4.60,3.54,false,1,
7290112357113,false,גרגרי חומוס בקופסה 380 גר' טעם הטבע,שטראוס גרופ בע`מ,,,"י""ח",380,ל גרם,false,1,7.90,2.08,true,1,
7290112358127,false,דנונה פרו חלבון+מגנזיום- וניל ועוגיות 200 גרם,שטראוס גרופ בעמ/מצונן,,,"י""ח",200,"ל מ""ל",false,1,6.70,3.35,false,1,
7290112359353,false,קפה טורקי אלדין ( 200 גר`) עלית,שטראוס קפה בי.וי,,,"י""ח",200,ל גרם,false,1,21.90,10.95,true,1,
7290112490032,false,"נמס בכוס טעם תירס קנור 31 גרם מארז זוגי בד""צ",יוניליוור ישראל שיווק בע`מ,,,"י""ח",64,ל גרם,false,1,8.50,13.28,true,1,
7290112490209,false,נמס בכוס מרק עגבניות עם קרוטונים רכיבים טבעיים,יוניליוור ישראל שיווק בע`מ,,,"י""ח",56,ל גרם,false,1,8.50,15.18,true,1,
7290112490230,false,מרק נמס בכוס אפונה קנור 100% רכיבים טבעיים,יוניליוור ישראל שיווק בע`מ,,,"י""ח",50,ל גרם,false,1,8.50,17,true,1,
7290112490599,false,חרדל צרפתי עם גרגירים שלמים הלמנס 350 גר,יוניליוור ישראל שיווק בע`מ,,,"י""ח",350,ל גרם,false,1,14.90,4.26,false,1,
7290112490650,false,קונפיטורה תות שדה 340 גרם-צנצנת,יוניליוור ישראל שיווק בע`מ,,,"י""ח",340,ל גרם,false,1,13.90,4.09,false,1,
7290112490667,false,קונפיטורה משמש778 50% פרי 340 גר',יוניליוור ישראל שיווק בע`מ,,,"י""ח",340,ל גרם,false,1,13.90,4.09,false,1,
7290112490674,false,קונפיטורה דובדבנים 778 50% פרי 340 גר-,יוניליוור ישראל שיווק בע`מ,,,"י""ח",340,ל גרם,false,1,13.90,4.09,false,1,
7290112490896,false,"קנור רוטב צ'ילי חריף 370 מ""ל PAL",יוניליוור ישראל שיווק בע`מ,,,"י""ח",300,"ל מ""ל",false,1,11.90,3.97,true,1,
7290112491794,false,בייגלה דקים דקים בטעם שמנת ובצל בייגל בייגל 300 גרם,יוניליוור ישראל שיווק בע`מ,,,"י""ח",300,ל גרם,false,1,11.90,3.97,true,1,
7290112492449,false,פינוק שמפו שיער רגיל 700 מל-חדש,"יוניליוור ישראל שיווק בע""מ",,,"י""ח",700,"ל מ""ל",false,1,13.90,1.99,true,1,
7290112492463,false,"שמפו ומרכך 2 ב-1 לשיער רגיל פינוק 700 מ""ל.",יוניליוור ישראל שיווק בע`מ,,,"י""ח",700,"ל מ""ל",false,1,13.90,1.99,true,1,
7290112492500,false,פינוק שמפו לשיער עם שמן קוקוס 700 מל,יוניליוור ישראל שיווק בע`מ,,,"י""ח",700,"ל מ""ל",false,1,13.90,1.99,true,1,
7290112492531,false,"פינוק קונדישנר לשיער רגיל 700מ""ל",יוניליוור ישראל שיווק בע`מ,,,"י""ח",700,"ל מ""ל",false,1,13.90,1.99,true,1,
7290112492548,false,"מרכך פינוק עם שמן חוחובה 700 מ""ל",יוניליוור ישראל שיווק בע`מ,,,"י""ח",700,"ל מ""ל",false,1,13.90,1.99,true,1,
7290112492609,false,"תחליב רחצה פינוק 700 מ""ל לבנדר ווניל",יוניליוור ישראל שיווק בע`מ,,,"י""ח",700,"ל מ""ל",false,1,11.90,1.70,false,1,
7290112492630,false,"שמפו ג'ל רחצה וסבון פנים 3 ב-1 לגבר פינוק 700 מ""ל",יוניליוור ישראל שיווק בע`מ,,,"י""ח",700,"ל מ""ל",false,1,13.90,1.99,true,1,
7290112492982,false,"אבקת מרק פטריות כשל""פ 100% רכיבים טבעיים 400 גרם",יוניליוור ישראל שיווק בע`מ,,,"י""ח",400,ל גרם,false,1,29.50,7.38,true,1,
7290112492999,false,קנור מרק עוף אמיתי 400 גרם פרווה,יוניליוור ישראל שיווק בע`מ,,,"י""ח",400,ל גרם,false,1,15.90,3.98,true,1,
7290112493088,false,נמס בכוס עדשים מרק רכיבים טבעיים קנור 54 ג',יוניליוור ישראל שיווק בע`מ,,,"י""ח",48,ל גרם,false,1,8.50,17.71,true,1,
7290112493095,false,נמס בכוס מרק עגבניות חריף רכיבים טבעיים קנור 48 ג',יוניליוור ישראל שיווק בע`מ,,,"י""ח",48,ל גרם,false,1,8.50,17.71,true,1,
7290112493293,false,קנור - נמס ירקות וקרוטונים ר.טבעי 44 גרם,יוניליוור ישראל שיווק בע`מ,,,"י""ח",48,ל גרם,false,1,8.50,17.71,true,1,
7290112493927,false,גלידה בטעם ריבת חלב 1.33ל' קרמיסימו,"גלידת שטראוס בע""\מ, רחוב",,,"י""ח",776,"ל מ""ל",false,1,21.90,2.82,false,1,
7290112494016,false,"מיונז אמיתי מופחת שומן תלמה 500 גרם בד""צ",יוניליוור ישראל שיווק בע`מ,,,"י""ח",500,ל גרם,false,1,11.90,2.38,false,1,
7290112494153,false,תיבוליות ניחוח צלי קנור( 72 גרם),יוניליוור ישראל שיווק בע`מ,,,"י""ח",72,ל גרם,false,1,10.40,14.44,true,1,
7290112494221,false,חטיף ביסקויט שוקולד חלב קליק (65 גרם),יוניליוור ישראל שיווק בע`מ,,,"י""ח",65,ל גרם,false,1,6.40,9.85,false,1,
7290112494238,false,חטיף כדורים שוקולד חלב קליק (65 גרם),יוניליוור ישראל שיווק בע`מ,,,"י""ח",65,ל גרם,false,1,6.40,9.85,false,1,
7290112494276,false,קליק כריות בתפזורת כשר לפסח,יוניליוור ישראל שיווק בע`מ,,,"י""ח",65,ל גרם,false,1,6.40,9.85,false,1,
7290112494283,false,חטיף כדורים מעורב חום לבו 65 גר`קליק,יוניליוור ישראל שיווק בע`מ,,,"י""ח",65,ל גרם,false,1,6.40,9.85,false,1,
7290112494344,false,קורנפלקס של אלופים תלמה (850 גרם)רבנות,יוניליוור ישראל שיווק בע`מ,,,"י""ח",850,ל גרם,false,1,18.70,2.20,false,1,
7290112494351,false,קורנפלקס של אלופים תלמה (850 גרם).בדצ,יוניליוור ישראל שיווק בע`מ,,,"י""ח",850,ל גרם,false,1,18.70,2.20,false,1,
7290112494382,false,פירה בטעם ביתי 260 גרם-קופסא,יוניליוור ישראל שיווק בע`מ,,,"י""ח",260,ל גרם,false,1,12.70,4.88,false,1,
7290112494801,false,בדין-ג'ל לכביסה לבנה וצבעונית בניחוח עדין ורוד 2.5 ליטר,יוניליוור ישראל שיווק בע`מ,,,"י""ח",2.50,ליטר,false,1,35.90,14.36,false,1,
7290112494993,false,כריות דגנים במילוי וניל בדצ 686 גרם,יוניליוור ישראל שיווק בע`מ,,,"י""ח",750,ל גרם,false,1,28.90,3.85,true,1,
7290112495006,false,כריות דגנים במילוי נוגט בדצ 686 גרם,יוניליוור ישראל שיווק בע`מ,,,"י""ח",750,ל גרם,false,1,25.90,3.45,false,1,
7290112495020,false,כריות צוקולדה בדצ מאוחד 750 גר,יוניליוור ישראל שיווק בע`מ,,,"י""ח",750,ל גרם,false,1,28.90,3.85,true,1,
7290112495037,false,דגני בוקר בטעם שוקולד כדורים 375 ג' קוקומן,יוניליוור ישראל שיווק בע`מ,,,"י""ח",375,ל גרם,false,1,21.90,5.84,true,1,
7290112495044,false,דגני קוקומן פצפוצים תלמה (375 גרם),יוניליוור ישראל שיווק בע`מ,,,"י""ח",375,ל גרם,false,1,21.90,5.84,true,1,
7290112495105,false,נשנושים טעם שמנת בצל בייגל בייגל 260 גרם,יוניליוור ישראל שיווק בע`מ,,,"י""ח",260,ל גרם,false,1,13.90,5.35,false,1,
7290112495228,false,קורנפלקס נגיעות דבש תלמה 448 גרם,יוניליוור ישראל שיווק בע`מ,,,"י""ח",448,ל גרם,false,1,19.70,4.40,true,1,
7290112495280,false,ברנפלקס ריבועי קינמון תלמה (400 גרם),יוניליוור ישראל שיווק בע`מ,,,"י""ח",400,"ל מ""ל",false,1,22.90,5.73,false,1,
7290112495433,false,דגני דליפקאן תוספת אגוזי פקאן ושקדים 400 גר,יוניליוור ישראל שיווק בע`מ,,,"י""ח",400,ל גרם,false,1,21.90,5.48,false,1,
7290112495556,false,מארז שלישיית חטיפי קליק ממולא בנוגט,יוניליוור ישראל שיווק בע`מ,,,"י""ח",106,ל גרם,false,1,13.90,13.11,true,1,
7290112495686,false,"קרקר שומשום בייגל בייגל 220 גרם בד""צ",יוניליוור ישראל שיווק בע`מ,,,"י""ח",220,"ל מ""ל",false,1,10.90,4.95,false,1,
7290112495754,false,רוטב לסלט אלף האיים הלמנס (305 מל),יוניליוור ישראל שיווק בע`מ,,,"י""ח",305,ל גרם,false,1,11.90,3.90,false,1,
7290112495761,false,רוטב לסלט אלף האיים לייט הלמנס (305 מל),יוניליוור ישראל שיווק בע`מ,,,"י""ח",305,ל גרם,false,1,11.90,3.90,false,1,
7290112495785,false,רוטב לסלט שום (300 גרם)הלמנס,יוניליוור ישראל שיווק בע`מ,,,"י""ח",300,ל גרם,false,1,11.90,3.97,false,1,
7290112496027,false,"סירופ שוקולד לחיץ 580 מ""ל כשל""פ אפיכל",יוניליוור ישראל שיווק בע`מ,,,"י""ח",580,"ל מ""ל",false,1,13.90,2.40,false,1,
7290112496034,false,"סירופ מייפל לחיץ 580 מ""ל כשל""פ אפיכל",יוניליוור ישראל שיווק בע`מ,,,"י""ח",580,"ל מ""ל",false,1,13.90,2.40,false,1,
7290112496447,false,נמס בכוס אקסטרה טעם עוף עם המון אטריות 27ג',יוניליוור ישראל שיווק בע`מ,,,"י""ח",39,ל גרם,false,1,3.90,10,false,1,
7290112496461,false,נמס בכוס אקסטרה מרק ירקות עם המון אטריות,יוניליוור ישראל שיווק בע`מ,,,"י""ח",35,ל גרם,false,1,5.90,16.86,false,1,
7290112497123,false,סחלב תערובת להכנת מעדן בטעם סחלב 112גרם,יוניליוור ישראל שיווק בע`מ,,,"י""ח",112,ל גרם,false,1,12.90,11.52,false,1,
7290112497499,false,קליק אקסטרא לארג שוקולד לבן עוגיות 85 גרם,יוניליוור ישראל שיווק בע`מ,,,"י""ח",100,ל גרם,false,1,6.90,6.90,true,1,
7290112497710,false,פינוק בייבי שמפו אל דמע לתינוקות 700 מל,יוניליוור ישראל שיווק בע`מ,,,"י""ח",700,"ל מ""ל",false,1,14.90,2.13,false,1,
7290112497727,false,פינוק בייבי אל סבון אל דמע לתינוקות 700,יוניליוור ישראל שיווק בע`מ,,,"י""ח",700,"ל מ""ל",false,1,14.90,2.13,false,1,
7290112498052,false,מארז פתית צ`יפס בטטה בטעם טבעי 84 ג`,יוניליוור ישראל שיווק בע`מ,,,"י""ח",84,ל גרם,false,1,16.90,20.12,false,1,
7290112498267,false,פינוק אל סבון לידיים בניחוח פינוק קלאסי,יוניליוור ישראל שיווק בע`מ,,,"י""ח",950,"ל מ""ל",false,1,12.90,1.36,false,1,
7290112498441,false,"קנור רוטב אסיאתי למוקפץ 300 מ""ל בד""ץ",יוניליוור ישראל שיווק בע`מ,,,"י""ח",370,"ל מ""ל",false,1,11.90,3.22,true,1,
7290112498915,false,מאגדת מיני מגנום שקדים מובחר שטראוס 250 גרם,"מיוצר ע""\י גלידת שטראוס",,,"י""ח",280,ל גרם,false,1,27.90,9.96,false,1,
7290112499080,false,סולרו בר קוקוס שטראוס 65 גרם,"מיוצר ע""\י גלידת שטראוס",,,"י""ח",1,"י""ח",false,1,7,7,true,1,
7290112499127,false,שלגון גלידה שוקולד לבן ותות 77 גרם,"מיוצר ע""\י גלידת שטראוס",,,"י""ח",90,ל גרם,false,1,10,11.11,true,1,
7290112499462,false,פינוק תחליב רחצה 700 בתוספת שמן קוקוס,יוניליוור ישראל שיווק בע`מ,,,"י""ח",750,"ל מ""ל",false,1,11.90,1.59,false,1,
7290112499479,false,"פינוק - שמפו בתוספת קרטין 700 מ""ל",יוניליוור ישראל שיווק בע`מ,,,"י""ח",700,"ל מ""ל",false,1,13.90,1.99,true,1,
7290112499639,false,טילון סופר מגנום וניל צ'יפ שוקולד 110 גרם,"מיוצר ע""\י גלידת שטראוס",,,"י""ח",110,ל גרם,false,1,11,10,true,1,
7290112499844,false,מאגדת מיני מגנום דואט שוקולד עם נוגט שטראוס 310 גרם,"מיוצר ע""\י גלידת שטראוס",,,"י""ח",280,ל גרם,false,1,27.90,9.96,false,1,
7290112499929,false,מגנום שוקולד אימפלס פסח 120מל,"מיוצר ע""\י גלידת שטראוס",,,"י""ח",90,ל גרם,false,1,11,12.22,true,1,
7290112499936,false,מגנום שקדים אימפלס פסח 125מל,"מיוצר ע""\י גלידת שטראוס",,,"י""ח",90,ל גרם,false,1,11,12.22,true,1,
7290112960856,false,טילון אקסטרים115-120 גרם מטבע שוקולד בטעם לוז נוגט נסטלה 115 גרם,נגה גלידות שותפות מוגבלת,,,"י""ח",115,ל גרם,false,1,12.90,11.22,true,1,
7290112961181,false,נודלס אטריות אורז דקיקות 300 גרם כשלפ,קבוצת אוסם סחר-שות.מוגבלת,,,"י""ח",300,ל גרם,false,1,12.90,4.30,false,1,
7290112961440,false,פיטנס חטיפי פריכיות שוקולד מריר 84 גרם,קבוצת אוסם סחר שותפות מוגבלת,,,"י""ח",84,ל גרם,false,1,14.90,17.74,true,1,
7290112962751,false,מעדן קפוא בטעם וניל עם שברי עוגיות וציפוי,שוורצקוף& הנקל דיסלד,,,"י""ח",80,ל גרם,false,1,12.90,16.13,true,1,
7290112963321,false,גריסיני בייגלה שטוח ללא גלוטן אסם 300גרם,קבוצת אוסם סחר שותפות מוגבלת,,,"י""ח",300,ל גרם,false,1,14.10,4.70,false,1,
7290112963918,false,פיטנס חטיפי קרקר דק רוזמרין 140 גרם,קבוצת אוסם סחר שותפות מוגבלת,,,"י""ח",140,ל גרם,false,1,13.90,9.93,true,1,
7290112964434,false,אסם רוטב קיסר חדש לסלט 295 גרם,קבוצת אוסם סחר שותפות מוגבלת,,,"י""ח",290,"ל מ""ל",false,1,12.90,4.45,true,1,
7290112964458,false,רוטב ויניגרט חדש לסלט 295 גרם אסם,קבוצת אוסם סחר שותפות מוגבלת,,,"י""ח",375,ל גרם,false,1,12.90,3.44,true,1,
7290112965165,false,מרק נמס פטריות אסם בדצ 48 גרם מארז זוגי,קבוצת אוסם סחר שותפות מוגבלת,,,"י""ח",34,ל גרם,false,1,6.40,18.82,false,1,
7290112965240,false,מרק נמס בטעם עגבניות זוג * 44 ג' אסם,קבוצת אוסם סחר שותפות מוגבלת,,,"י""ח",60,ל גרם,false,1,6.90,11.50,false,1,
7290112965301,false,זוג מרק נמס בטעם עוף עם שקדי מרק רגע חם,קבוצת אוסם סחר שותפות מוגבלת,,,"י""ח",52,ל גרם,false,1,6.40,12.31,false,1,
7290112966247,false,לחמית כוסמין אסם 200 גרם,קבוצת אוסם סחר שותפות מוגבלת,,,"י""ח",200,ל גרם,false,1,9.90,4.95,true,1,
7290112966841,false,אינסטנט פודינג בטעם שוקולד מריר 95 גרם,קבוצת אוסם סחר שותפות מוגבלת,,,"י""ח",88,ל גרם,false,1,5.90,6.70,true,1,
7290112967381,false,פיטנס חטיפי פריכיות קטניות ומלח ים 60 גרם,קבוצת אוסם סחר שותפות מוגבלת,,,"י""ח",60,ל גרם,false,1,11.20,18.67,true,1,
7290112967572,false,"אסם רוטב ברביקיו 290 מ""ל אסם",קבוצת אוסם סחר שותפות מוגבלת,,,"י""ח",290,"ל מ""ל",false,1,12.90,4.45,true,1,
7290112968708,false,"שניצל תירס עדה חרדית טבעול 1.3 ק""ג",קבוצת אוסם סחר שותפות מוגבלת,,,"י""ח",1.30,"ק""ג",false,1,50.30,38.69,true,1,
7290112968722,false,טבעול נקניקיות מן הצומח עדה חרדית 1.2קג,קבוצת אוסם סחר שותפות מוגבלת,,,"י""ח",1.30,"ק""ג",false,1,58.30,44.85,true,1,
7290112968807,false,80018416694פיטנס חטיפי קרקר דק סלק 150גר,קבוצת אוסם סחר שותפות מוגבלת,,,"י""ח",150,ל גרם,false,1,13.90,9.27,true,1,
7290112968821,false,חטיפי קרקר דק בטטה 140 גר` פיטנס,קבוצת אוסם סחר שותפות מוגבלת,,,"י""ח",150,ל גרם,false,1,13.90,9.27,true,1,
7290112969286,false,בישולים רוטב חרדל ודבש ( 330 גר`) אסם,קבוצת אוסם סחר שותפות מוגבלת,,,"י""ח",330,ל גרם,false,1,17.30,5.24,true,1,
7290112969903,false,נאגטס ירקות לבנים ( 500 גר`) טבעול,קבוצת אוסם סחר-שות.מוגבלת,,,"י""ח",500,ל גרם,false,1,39.90,7.98,true,1,
7290113050273,false,תבנית אינגליש קצרה R15,פאלאס תעשיות נטו (2014) בעמ,,,"י""ח",1,,false,1,0.70,0.70,false,1,
7290113190450,false,ממרח תמרים 450 גרם שקדיה,דין שיווק וקליה 2021 בעמ,,,"י""ח",450,ל גרם,false,1,5.90,1.31,false,1,
7290113191747,false,"דפי אורז מרובעים 22 ס""מ שקדיה 250 גרם",דין שיווק וקליה 2021 בעמ,,,"י""ח",250,ל גרם,false,1,9.90,3.96,false,1,
7290113191907,false,טורטיה להכנת פיצה שקדיה 400 גרם,אלקטי קוראבייכיסיגידה טו,,,"י""ח",440,ל גרם,false,1,11.90,2.70,false,1,
7290113192164,false,אגוזי קשיו קלופים 150 גרם ששון הקולה,דין שיווק וקליה 2021 בעמ,,,"י""ח",150,ל גרם,false,1,15.90,10.60,false,1,
7290113192300,false,זיתים מושחרים חרוזית 275 גרם בית השיטה,קבוצת אוסם סחר שותפות מוגבלת,,,"י""ח",275,ל גרם,false,1,11.30,4.11,true,1,
7290113192324,false,זיתים ירוקים שלמים בינוניים בית השיטה,קבוצת אוסם סחר-שות.מוגבלת,,,"י""ח",340,ל גרם,false,1,10.90,3.21,false,1,
7290113192331,false,זיתים ירוקים מנזנילו 340 גר' בית השיטה,קבוצת אוסם סחר שותפות מוגבלת,,,"י""ח",340,ל גרם,false,1,11.30,3.32,false,1,
7290113192348,false,בית השיטה זיתים ירוקים גדול מאודבטעם שום,קבוצת אוסם סחר-שות.מוגבלת,,,"י""ח",340,ל גרם,false,1,11.20,3.29,true,1,
7290113192355,false,חרוזית זיתים ירוקים ללא גלעין 275 ג' בית השיטה,קבוצת אוסם סחר שותפות מוגבלת,,,"י""ח",275,ל גרם,false,1,11.10,4.04,true,1,
7290113192362,false,זיתים ירוקים טבעות A2 בית השיטה 280 גרם,קבוצת אוסם סחר שותפות מוגבלת,,,"י""ח",280,ל גרם,false,1,11.20,4,false,1,
7290113192379,false,בית השיטה זיתים ירוקים מבוקעים א2 340גר',קבוצת אוסם סחר-שות.מוגבלת,,,"י""ח",340,ל גרם,false,1,11.60,3.41,false,1,
7290113192386,false,בית השיטה זיתים ירוקים סורי מבוקע 340גרם,קבוצת אוסם סחר שותפות מוגבלת,,,"י""ח",340,ל גרם,false,1,12.50,3.68,false,1,
7290113192478,false,בית השיטה מלפפונים במלח בינוני 10-12 320 גרם,קבוצת אוסם סחר שותפות מוגבלת,,,"י""ח",320,ל גרם,false,1,9.40,2.94,false,1,
7290113192485,false,בית השיטה מלפפונים בחומץ בינוני 10-12 290 גרם,קבוצת אוסם סחר שותפות מוגבלת,,,"י""ח",290,ל גרם,false,1,9.30,3.21,false,1,
7290113192492,false,בית השיטה מלפפונים בחומץ קטנים 1317 290 גרם,קבוצת אוסם סחר שותפות מוגבלת,,,"י""ח",290,ל גרם,false,1,10.90,3.76,false,1,
7290113192508,false,בית השיטה מלפפונים במלח קטן 1317 320 גרם,קבוצת אוסם סחר שותפות מוגבלת,,,"י""ח",320,ל גרם,false,1,10.90,3.41,false,1,
7290113192515,false,בית השיטה מלפפונים במלח קטן מאוד 1825 320 גרם,קבוצת אוסם סחר שותפות מוגבלת,,,"י""ח",320,ל גרם,false,1,13.30,4.16,false,1,
7290113192522,false,בית השיטה מלפפונים בחומץ קטן מאוד 1825 290 גרם,קבוצת אוסם סחר שותפות מוגבלת,,,"י""ח",290,ל גרם,false,1,13.30,4.59,false,1,
7290113192539,false,בית השיטה מלפפונים במלח גדול 79 320 גרם,קבוצת אוסם סחר שותפות מוגבלת,,,"י""ח",320,ל גרם,false,1,7.90,2.47,false,1,
7290113192546,false,"מלפפונים בחומץ רכיבים טבעיים 7-9 ""בית השיטה""",קבוצת אוסם סחר שותפות מוגבלת,,,"י""ח",290,ל גרם,false,1,7.90,2.72,false,1,
7290113192577,false,בית השיטה כרוב כבוש א2 12*430גרם חדש,קבוצת אוסם סחר שותפות מוגבלת,,,"י""ח",430,ל גרם,false,1,7.90,1.84,false,1,
7290113192881,false,"טורטיה חיטה מופחת קלוריות, קוטר 20 ס""מ - 6 יח'",דין שיווק וקליה 2021 בעמ,,,"י""ח",420,ל גרם,false,1,8.90,2.12,false,1,
7290113192997,false,בית השיטה חזית מרוקאי 340 גר`,קבוצת אוסם סחר שותפות מוגבלת,,,"י""ח",720,ל גרם,false,1,12.90,1.79,false,1,
7290113193017,false,בית השיטה חרוזית קוקטייל זיתים 275 גרם,קבוצת אוסם סחר שותפות מוגבלת,,,"י""ח",275,ל גרם,false,1,12.90,4.69,false,1,
7290113193031,false,חרוזית קלמטה - זיתים שחורים ללא גלעין קלמטה,קבוצת אוסם סחר שותפות מוגבלת,,,"י""ח",275,ל גרם,false,1,12.90,4.69,false,1,
7290113193369,false,"תרסיס שמן קנולה מזוכך בית השיטה 150מ""ל",קבוצת אוסם סחר שותפות מוגבלת,,,"י""ח",150,"ל מ""ל",false,1,14.90,9.93,false,1,
7290113193406,false,"קוקטייל טבעות זיתים - זיתים ירוקים, שחורים מרינד",קבוצת אוסם סחר שותפות מוגבלת,,,"י""ח",275,ל גרם,false,1,12.90,4.69,false,1,
7290113193673,false,זיתים שחורים יבשים במלח 400 גר`שקדיה,דין שיווק וקליה 2021 בעמ,,,"י""ח",400,ל גרם,false,1,14.90,3.73,false,1,
7290113195356,false,שמן קנולה מזוכך זית השיטה 1 ליטר,קבוצת אוסם סחר-שות.מוגבלת,,,"י""ח",1,ליטר,false,1,13.90,13.90,false,1,
7290113195967,false,קוואקר שיבולת שועל פחית שקדיה 500 גרם,דין שיווק וקליה 2021 בעמ,,,"י""ח",500,ל גרם,false,1,9.90,1.98,false,1,
7290113196018,false,פסטה ביסלי שקדיה 500 גרם,דין שיווק וקליה 2021 בעמ,,,"י""ח",500,ל גרם,false,1,4.90,0.98,true,1,
7290113196025,false,פסטה צינורות שקדיה 500 גר` .,דין שיווק וקליה 2021 בעמ,,,"י""ח",500,ל גרם,false,1,4.90,0.98,true,1,
7290113196032,false,פסטה צדפים שקדיה 500 גר` .,דין שיווק וקליה 2021 בעמ,,,"י""ח",500,ל גרם,false,1,4.90,0.98,true,1,
7290113196490,false,פריכיות כוסמת בתוספת זרעי ציה שקדיה 150 גרם,דין שיווק וקליה 2021 בעמ,,,"י""ח",150,ל גרם,false,1,9.90,6.60,false,1,
7290113196506,false,פריכיות כוסמת ללא מלח שקדיה 150 גרם,דין שיווק וקליה 2021 בעמ,,,"י""ח",150,ל גרם,false,1,9.90,6.60,false,1,
7290113196896,false,"תרסיס שמן זית שקדיה 170 מ""ל",דין שיווק וקליה 2021 בעמ,,,"י""ח",170,"ל מ""ל",false,1,13.90,8.18,false,1,
7290113196902,false,מנה חמה אטריות אורז בטעם בקר שקדיה 70 גרם,דין שיווק וקליה 2021 בעמ,,,"י""ח",70,ל גרם,false,1,7.90,11.29,false,1,
7290113196919,false,מנה חמה אטריות אורז בטעם עוף שקדיה 70 גרם,דין שיווק וקליה 2021 בעמ,,,"י""ח",70,ל גרם,false,1,7.90,11.29,false,1,
7290113197169,false,שקדיה חמאת בוטנים עם שברי בוטנים 510 גר,דין שיווק וקליה 2021 בעמ,,,"י""ח",510,ל גרם,false,1,15.90,3.12,false,1,
7290113197824,false,לבבות דקל בית השיטה 220 גרם,קבוצת אוסם סחר-שות.מוגבלת,,,"י""ח",220,ל גרם,false,1,12.90,5.86,true,1,
7290113198395,false,קשיו ענק 250גר מחנה יהודה,דין שיווק וקליה 2021 בעמ****,,,"י""ח",250,ל גרם,false,1,24.90,9.96,true,1,
7290113198418,false,שקד קלוי ענק 250גר מחנה יהודה,דין שיווק וקליה 2021 בעמ****,,,"י""ח",250,ל גרם,false,1,24.90,9.96,true,1,
7290113198425,false,פקאן טבעי 200גר מחנה יהודה,דין שיווק וקליה 2021 בעמ****,,,"י""ח",200,ל גרם,false,1,24.90,12.45,true,1,
7290113198432,false,תערובת פיצוחים מובחרת 250גר מחנה יהודה,דין שיווק וקליה 2021 בעמ****,,,"י""ח",250,ל גרם,false,1,24.90,9.96,true,1,
7290113198449,false,שקד טבעי 300גר מחנה יהודה,דין שיווק וקליה 2021 בעמ****,,,"י""ח",300,ל גרם,false,1,24.90,8.30,true,1,
7290113198456,false,חמוציות 250גר מחנה יהודה,דין שיווק וקליה 2021 בעמ****,,,"י""ח",250,ל גרם,false,1,9.90,3.96,true,1,
7290113198463,false,פקאו סיני 160גר מחנה יהודה,דין שיווק וקליה 2021 בעמ****,,,"י""ח",160,ל גרם,false,1,19.90,12.44,true,1,
7290113198470,false,אגוז מלך 200גר מחנה יהודה,דין שיווק וקליה 2021 בעמ****,,,"י""ח",200,ל גרם,false,1,14.90,7.45,true,1,
7290113198494,false,פיסטוק קלוי גדול 200גר מחנה יהודה,דין שיווק וקליה 2021 בעמ****,,,"י""ח",200,ל גרם,false,1,24.90,12.45,true,1,
7290113198500,false,תמר מג`הול 800גר מחנה יהודה,דין שיווק וקליה 2021 בעמ****,,,"י""ח",800,ל גרם,false,1,39.90,4.99,true,1,
7290113198517,false,שזיף ללא גרעין 330גר מחנה יהודה,דין שיווק וקליה 2021 בעמ****,,,"י""ח",330,ל גרם,false,1,19.90,6.03,true,1,
7290113198562,false,סוכריות גומי בטעם תות שדה 200 ג' שקדיה,דין שיווק וקליה 2021 בעמ,,,"י""ח",200,ל גרם,false,1,9.90,4.95,false,1,
7290113198579,false,סוכריות גומי דובונים בטעמי פירות 200 ג' שקדיה,דין שיווק וקליה 2021 בעמ,,,"י""ח",200,ל גרם,false,1,9.90,4.95,false,1,
7290113198593,false,סוכריות גומי מסוכרות בטעם בננה 200 ג' שקדיה,דין שיווק וקליה 2021 בעמ,,,"י""ח",200,ל גרם,false,1,9.90,4.95,false,1,
7290113198739,false,סוכריות גומי בננה 300ג מחנה יהודה,דין שיווק וקליה 2021 בעמ****,,,"י""ח",288,ל גרם,false,1,14.90,5.17,true,1,
7290113199408,false,פרכיות כוסמין דקות בתוספת מלח שקדיה 95 גרם,דין שיווק וקליה 2021 בעמ,,,"י""ח",150,ל גרם,false,1,9.90,6.60,false,1,
7290113199620,false,"חטיף שקדים גרעיני דלעת קשיו חמוציות וגרעיני חמניה לל""ס",דין שיווק וקליה 2021 בעמ,,,"י""ח",220,ל גרם,false,1,14.90,6.77,false,1,
7290113199798,false,ממרח 100% אגוזי קשיו 200 גר`,דין שיווק וקליה 2021 בעמ,,,"י""ח",200,ל גרם,false,1,25.90,12.95,false,1,
7290113199842,false,מגש אירוח סוכריות גומי 700 ג' שקדיה,דין שיווק וקליה 2021 בעמ,,,"י""ח",350,ל גרם,false,1,29.90,8.54,false,1,
7290113199859,false,מגש אירוח סוכריות גומי 350 ג' שקדיה,דין שיווק וקליה 2021 בעמ,,,"י""ח",350,ל גרם,false,1,14.90,4.26,false,1,
7290113199897,false,סוכריות חמצוצים בטעם תות שדה 180 ג' שקדיה,דין שיווק וקליה 2021 בעמ,,,"י""ח",180,ל גרם,false,1,9.90,5.50,false,1,
7290113199910,false,סוכריות חמצוצים בטעם קולה 180 ג' שקדיה,דין שיווק וקליה 2021 בעמ,,,"י""ח",180,ל גרם,false,1,9.90,5.50,false,1,
7290113199927,false,סוכריות חמצוצים בטעם פירות 180 ג' שקדיה,דין שיווק וקליה 2021 בעמ,,,"י""ח",180,ל גרם,false,1,9.90,5.50,false,1,
7290113860070,false,פירות קפואים תמר מחנה יהודה 350 גר,אביב שלמה השקעות בעמ,,,"י""ח",1,,false,1,12.90,12.90,true,1,
7290113860476,false,מארז אוברול קימונו שרוול קצר 3-6 תכלת,"קבוצת יבנה מוצרי מזון בע""מ",,,"י""ח",600,ל גרם,false,1,6.90,1.15,true,1,
7290113860667,false,לייף בייביז תחליב גוף להזנת העור 400 מל,טחנות ישראליות בעמ,,,"י""ח",1,"ק""ג",false,1,7.90,7.90,true,1,
7290113860674,false,לייף בייביז שמפו להרגעת העור 1 ליטר,טחנות ישראליות בעמ,,,"י""ח",1,"ק""ג",false,1,8.90,8.90,true,1,
7290113860681,false,לייף בייביז אלסבון להרגעת העור 1 ליטר,טחנות ישראליות בעמ,,,"י""ח",1,"ק""ג",false,1,8.90,8.90,true,1,
7290113860698,false,לייף בייביז שמפו וסבון יחדיו להרגעת העור,טחנות ישראליות בעמ,,,"י""ח",1,"ק""ג",false,1,15.90,15.90,true,1,
7290114310222,false,חלב מועשר בסידן וויטמין Dי 3% 1.5 ל' טרה,החברה המרכזית טלהפצת משקאות בע,,,"י""ח",1.50,ליטר,false,1,12.50,8.33,false,1,
7290114310239,false,חלב נטול לקטוז מועשר בוויטמין D י 2% 1.5 ל' טרה,החברה המרכזית טלהפצת משקאות בע,,,"י""ח",1.50,ליטר,false,1,12.50,8.33,false,1,
7290114310338,false,צפתית מעודנת 5% בגביע 225 גרם משק צוריאל,החברה המרכזית טלהפצת משקאות בע,,,"י""ח",250,ל גרם,false,1,16.90,6.76,false,1,
7290114310345,false,מעדן יוגורט בטעם תות 1.5% 125 גרם טרה,החברה המרכזית טלהפצת משקאות בע,,,"י""ח",250,ל גרם,false,1,2.90,1.16,true,1,
7290114310574,false,צוריאל קרם שמנת עיזים מעודנת 5% 200 גר,החברה המרכזית טלהפצת משקאות בע,,,"י""ח",200,ל גרם,false,1,14.90,7.45,true,1,
7290114310611,false,"משקה חלב בננה בבקבוק פקק ספורט טרה 250 מ""ל",החברה המרכזית טלהפצת משקאות בע,,,"י""ח",250,"ל מ""ל",false,1,5.70,2.28,true,1,
7290114310628,false,משקה חלב וניל ועוגיות בקבוק 1 ליטר,החברה המרכזית טלהפצת משקאות בע,,,"י""ח",1,ליטר,false,1,12.20,12.20,false,1,
7290114310673,false,לאבנה מחלב בקר 9% שומן 250 גרם,החברה המרכזית טלהפצת משקאות בע,,,"י""ח",250,ל גרם,false,1,12.90,5.16,false,1,
7290114311014,false,"משקה חלב אייס קפוצ'ינו פקק ספורט טרה 250 מ""ל",החברה המרכזית טלהפצת משקאות בע,,,"י""ח",250,"ל מ""ל",false,1,5.70,2.28,true,1,
7290114311021,false,"משקה חלב וניל עוגיות פקק ספורט טרה 250 מ""ל",החברה המרכזית טלהפצת משקאות בע,,,"י""ח",250,"ל מ""ל",false,1,5.70,2.28,true,1,
7290114311038,false,"שמנת מתוקה 32% עמידה בבקבוק טרה 250 מ""ל",החברה המרכזית טלהפצת משקאות בע,,,"י""ח",250,"ל מ""ל",false,1,6.90,2.76,false,1,
7290114311069,false,יוגורט לבן מועשר בחלבון 0% שומן 200 גרם muller active,החברה המרכזית טלהפצת משקאות בע,,,"י""ח",200,"ל מ""ל",false,1,6,3,true,1,
7290114311298,false,יוגורט מולר פרופ בטעם תות בננה מלון 150,החברה המרכזית טלהפצת משקאות בע,,,"י""ח",150,"ל מ""ל",false,1,5.30,3.53,true,1,
7290114311304,false,יוגורט קציפת מנגו פסיפלורה בננה 150 ג' מולר,החברה המרכזית טלהפצת משקאות בע,,,"י""ח",150,"ל מ""ל",false,1,5.30,3.53,true,1,
7290114311328,false,חלב מועשר דל לקטוז מעושר בויטמין Dי 2% שומן טרה 1 ליטר,החברה המרכזית טלהפצת משקאות בע,,,"י""ח",1,ליטר,false,1,7.90,7.90,false,1,
7290114311359,false,יוגורט עם קציפת מנגו 3% שומן פרופ 150 ג' מולר,החברה המרכזית טלהפצת משקאות בע,,,"י""ח",150,"ל מ""ל",false,1,5.30,3.53,true,1,
7290114311434,false,מולר אקטיב יוגורט חלבון קרמל מלוח 200 גרם,החברה המרכזית טלהפצת משקאות בע,,,"י""ח",200,"ל מ""ל",false,1,6,3,true,1,
7290114311458,false,חלב קרטון 3% מועשר ויטמין די 1 ליטר,החברה המרכזית טלהפצת משקאות בע,,,"י""ח",1,ליטר,false,1,7.70,7.70,false,1,
7290114600927,false,עלי טורטייה חיטה מלאה מאסטר שף 320 גרם,אלקאטי קורביישיסי גי,,,"י""ח",320,ל גרם,false,1,10.90,3.41,false,1,
7290114600941,false,מאסטר שף מיונז הולנדי לחיץ 435 גרם,ש. שסטוביץ בע`מ,,,"י""ח",435,ל גרם,false,1,13.90,3.20,false,1,
7290114600989,false,"רוטב אלף האיים מאסטר שף 250 מ""ל",ש. שסטוביץ בע`מ,,,"י""ח",250,ל גרם,false,1,10.90,4.36,false,1,
7290114603041,false,פריי גרנולה בוטנים אגוזים וקוקוס חלבון,ש. שסטוביץ בע`מ,,,"י""ח",300,ל גרם,false,1,15.90,5.30,false,1,
7290114603508,false,"רוטב להקצפה מאסטר שף 300 מ""ל",ש. שסטוביץ בע`מ,,,"י""ח",300,ל גרם,false,1,10.90,3.63,false,1,
7290114604864,false,קוסקוס סולת דק מאסטר שף 350 גרם,ש. שסטוביץ בע`מ,,,"י""ח",350,ל גרם,false,1,6.90,1.97,false,1,
7290114604895,false,מאסטר שף מיונז ספייסי לחיץ 446 גרם,ש. שסטוביץ בע`מ,,,"י""ח",446,ל גרם,false,1,13.90,3.12,false,1,
7290114604932,false,רוטב ברביקיו דבש מאסטר שף 520 גרם,רמיה סי.וי. הולנד,,,"י""ח",520,ל גרם,false,1,13.90,2.67,false,1,
7290114604949,false,מאסטר שף רוטב ברביקיו 524 גרם,רמיה סי.וי. הולנד,,,"י""ח",524,ל גרם,false,1,13.90,2.65,false,1,
7290114606530,false,רוטב בטעם מיונז וקטשופ מאסטר שף 515 גרם,ש. שסטוביץ בע`מ,,,"י""ח",515,ל גרם,false,1,13.90,2.70,false,1,
7290114606561,false,מאסטר שף אטריות אורז דקות ורמיצ'לי 400 ג,לינג טונג רייס ורמיצ'ילי,,,"י""ח",400,ל גרם,false,1,8.90,2.23,false,1,
7290114606578,false,שקדי מרק מאסטר שף 400 גרם,ש. שסטוביץ בע`מ,,,"י""ח",400,ל גרם,false,1,10.90,2.73,true,1,
7290114608657,false,סילאן לחיץ מאסטר שף 700 גרם,ש.שסטוביץ בעמ,,,"י""ח",700,ל גרם,false,1,19.90,2.84,false,1,
7290114608671,false,סילאן לחיץ מאסטר שף 470 גרם,ש. שסטוביץ בע`מ,,,"י""ח",470,ל גרם,false,1,15.90,3.38,false,1,
7290115073676,false,מסכות כירורגיות צבעוני מארז 50 יח(ש),שמחה זה אנחנו בע`מ,,,"י""ח",50,"י""ח",false,1,9.90,0.20,false,1,
7290115073713,false,שלישיית ביצי שוקולד(חלב נוכרי)-טום וג'רי,שמחה זה אנחנו בעמ,,,"י""ח",1,,false,1,14.90,14.90,false,1,
7290115073720,false,שלישיית ביצי שוקולד(חלב נוכרי)-לוני טונס,שמחה זה אנחנו בעמ,,,"י""ח",1,,false,1,14.90,14.90,false,1,
7290115190014,false,סיגריות מרלבורו רד קצר בוקס,פיליפ מוריס בעמ,,,"י""ח",1,,false,1,34.90,34.90,false,1,
7290115190083,false,מרלבורו גולד פאקט) (10 חדש,פיליפ מוריס בעמ,,,"י""ח",1,,false,1,349,349,false,1,
7290115190090,false,סיגריות מרלבורו קצר בוקס בודד,פיליפ מוריס בעמ,,,"י""ח",1,,false,1,34.90,34.90,false,1,
7290115190151,false,סיגריות מרלבורו טאצ גולד,פיליפ מוריס בעמ,,,"י""ח",1,,false,1,30.90,30.90,false,1,
7290115190236,false,סיגריות פרלמנט קצר בלו בודד,פיליפ מוריס בעמ,,,"י""ח",1,,false,1,39.50,39.50,false,1,
7290115190250,false,סיגריות פרלמנט קצר בודד,פיליפ מוריס בעמ,,,"י""ח",1,,false,1,39.50,39.50,false,1,
7290115190335,false,ל.מ.בלו לייבל ארוך בוקס חפיסה,פיליפ מוריס בעמ,,,"י""ח",1,,false,1,30.50,30.50,false,1,
7290115190359,false,אל.אמ בלו לייבל קצר חפיסה) (20,פיליפ מוריס בעמ,,,"י""ח",1,,false,1,30.50,30.50,false,1,
7290115190380,false,ל.מ רדPP פאקט סיגריו,פיליפ מוריס בעמ,,,"י""ח",1,,false,1,299.90,299.90,false,1,
7290115190397,false,סיגריות L.M קצר רד לייבל בודד,פיליפ מוריס בעמ,,,"י""ח",1,,false,1,30.50,30.50,false,1,
7290115190441,false,נקסט אדג` פקאט 10 יחידות,פיליפ מוריס בעמ,,,"י""ח",1,,false,1,259.90,259.90,false,1,
7290115190458,false,סיגריות נקסט פיין אדג' בודד,פיליפ מוריס בעמ,,,"י""ח",1,,false,1,26.50,26.50,true,1,
7290115190472,false,סיגריות נקסט פיין אדג',פיליפ מוריס בעמ,,,"י""ח",1,,false,1,26.50,26.50,true,1,
7290115190496,false,סיגריות נקסט ארוך בודד,פיליפ מוריס בעמ,,,"י""ח",1,,false,1,29.90,29.90,false,1,
7290115190502,false,נקסט פיין פקאט 10 יחידות,פיליפ מוריס בעמ,,,"י""ח",1,,false,1,289.90,289.90,true,1,
7290115190519,false,סיגריות נקסט פיין חפ,פיליפ מוריס בעמ,,,"י""ח",1,,false,1,29.90,29.90,false,1,
7290115190571,false,סיגריות נקסט לילך בודד,פיליפ מוריס בעמ,,,"י""ח",1,,false,1,29.90,29.90,false,1,
7290115190595,false,סיגריות נקסט אוריגינ,פיליפ מוריס בעמ,,,"י""ח",1,,false,1,29.90,29.90,false,1,
7290115200003,false,פתי בר פינוקי וניל אסם 220 גרם,קבוצת אוסם סחר שותפות מוגבלת,,,"י""ח",220,ל גרם,false,1,10.90,4.95,true,1,
7290115200027,false,אסם פתי בר פינוקים שוקו 220 גרם,קבוצת אוסם סחר שותפות מוגבלת,,,"י""ח",220,ל גרם,false,1,10.90,4.95,true,1,
7290115200676,false,עוגיות קרמוגית במילוי קרם בטעם קרמל מלוח,קבוצת אוסם סחר שותפות מוגבלת,,,"י""ח",200,ל גרם,false,1,11.90,5.95,true,1,
7290115201031,false,פתי בר פינוקי דובי שוקולד 175גר.,קבוצת אוסם סחר שותפות מוגבלת,,,"י""ח",175,ל גרם,false,1,10.90,6.23,true,1,
7290115201536,false,"טבעול גורמה לביבות כרובית ותפו""א 442 גרם",קבוצת אוסם סחר שותפות מוגבלת,,,"י""ח",442,ל גרם,false,1,29.90,6.76,true,1,
7290115201680,false,ביסלי חטיף בטעם ברביקין אסם (70 גרם),קבוצת אוסם סחר שותפות מוגבלת,,,"י""ח",70,ל גרם,false,1,4.50,6.43,true,1,
7290115201727,false,ביסלי חטיף בטעם בצל אסם (200 גרם),קבוצת אוסם סחר-שות.מוגבלת,,,"י""ח",200,ל גרם,false,1,8.90,4.45,true,1,
7290115202434,false,צבר סלט חומוס עם זעתר 375 גרם,קבוצת אוסם סחר שותפות מוגבלת,,,"י""ח",375,ל גרם,false,1,14.70,3.92,true,1,
7290115202762,false,מיני ניוקי טריקולור 500 גרם פרפקטו אסם,קבוצת אוסם סחר-שות.מוגבלת,,,"י""ח",500,ל גרם,false,1,13,2.60,false,1,
7290115202786,false,מנה חמה פאוצ' נדלס.אטר.טעם בקר 70 גרם,קבוצת אוסם סחר שותפות מוגבלת,,,"י""ח",70,ל גרם,false,1,4.90,7,false,1,
7290115202847,false,מנה חמה פאוצ' נדלס ספייסי אסם 70 ג',קבוצת אוסם סחר שותפות מוגבלת,,,"י""ח",70,ל גרם,false,1,4.90,7,false,1,
7290115203172,false,במבה PRO מכיל 18 גרם חלבון בשקית,קבוצת אוסם סחר שותפות מוגבלת,,,"י""ח",80,ל גרם,false,1,4.90,6.13,true,1,
7290115203486,false,פירורית טעם ביסלי גריל אסם (200 גרם),קבוצת אוסם סחר שותפות מוגבלת,,,"י""ח",200,ל גרם,false,1,7.40,3.70,false,1,
7290115204056,false,"קטשופ מופחת סוכר אסם 690 גרם כשל""פ",קבוצת אוסם סחר שותפות מוגבלת,,,"י""ח",690,ל גרם,false,1,11.90,1.72,true,1,
7290115205176,false,729001032825פיטנס חטיפי קרקר כפרי 140גר.,קבוצת אוסם סחר שותפות מוגבלת,,,"י""ח",140,ל גרם,false,1,13.90,9.93,true,1,
7290115205312,false,קרקר פיטנס דק עם זיתי קלמטה ועשבי תיבול,קבוצת אוסם סחר שותפות מוגבלת,,,"י""ח",140,ל גרם,false,1,12.90,9.21,true,1,
7290115205978,false,פתיבר ואצבעות שוקולד 180 גרם - רבנות,קבוצת אוסם סחר שותפות מוגבלת,,,"י""ח",180,ל גרם,false,1,11.90,6.61,true,1,
7290115206531,false,אסם קרמוגית במילוי קרם בייגלה 12*200 גרם,קבוצת אוסם סחר שותפות מוגבלת,,,"י""ח",200,ל גרם,false,1,11.90,5.95,true,1,
7290115207361,false,ביסקוויט פתיבר בטעם פיסטוק,קבוצת אוסם סחר שותפות מוגבלת,,,"י""ח",500,ל גרם,false,1,12.90,2.58,true,1,
7290115207484,false,צבר סלט חציל על האש היתר 360 גרם,קבוצת אוסם סחר שותפות מוגבלת,,,"י""ח",400,ל גרם,false,1,16.40,4.10,true,1,
7290115207507,false,סלט טורקי צבר היתר 360 גר`,קבוצת אוסם סחר שותפות מוגבלת,,,"י""ח",360,ל גרם,false,1,16.90,4.69,true,1,
7290115207880,false,סירופ ויטמינציק פטל 2 ליטר,קבוצת אוסם סחר שותפות מוגבלת,,,"י""ח",2,ליטר,false,1,41.90,20.95,false,1,
7290115207941,false,סירופ אננס ויטמינצ'יק 1 ליטר,קבוצת אוסם סחר שותפות מוגבלת,,,"י""ח",1,ליטר,false,1,21.90,21.90,false,1,
7290115207965,false,סירופ מנגו אפרסק ויטמינצ'יק 1 ליטר,קבוצת אוסם סחר שותפות מוגבלת,,,"י""ח",1,ליטר,false,1,21.90,21.90,false,1,
7290115207989,false,סירופ לימון ויטמינצ'יק 1 ליטר,קבוצת אוסם סחר שותפות מוגבלת,,,"י""ח",1,ליטר,false,1,21.90,21.90,false,1,
7290115208009,false,סירופ ענבים ויטמינצ'יק 1 ליטר,קבוצת אוסם סחר שותפות מוגבלת,,,"י""ח",1,ליטר,false,1,21.90,21.90,false,1,
7290115208023,false,סירופ ויטמינציק ענבים 2 ליטר,קבוצת אוסם סחר שותפות מוגבלת,,,"י""ח",1,ליטר,false,1,41.90,41.90,false,1,
7290115208047,false,סירופ פטל ויטמינצ`יק (1 ליטר),קבוצת אוסם סחר שותפות מוגבלת,,,"י""ח",1,ליטר,false,1,21.90,21.90,false,1,
7290115208061,false,סירופ תפוח ויטמינצ'יק 1 ליטר,קבוצת אוסם סחר שותפות מוגבלת,,,"י""ח",1,ליטר,false,1,21.90,21.90,false,1,
7290115208320,false,אפרופו חטיף בטעם ביסלי בצל 50 גרם,קבוצת אוסם סחר שותפות מוגבלת,,,"י""ח",50,ל גרם,false,1,3.90,7.80,true,1,
7290115208597,false,קרמוגית מיניס קרמל מלוח אסם 200 גרם,קבוצת אוסם סחר שותפות מוגבלת,,,"י""ח",200,ל גרם,false,1,11.90,5.95,true,1,
7290115208801,false,קרקר לחמית דבש ואגוזים אסם (190 גרם),קבוצת אוסם סחר שותפות מוגבלת,,,"י""ח",190,ל גרם,false,1,9.90,5.21,true,1,
7290115209136,false,טבעול חטיפי עוף צמחי העדה החרדית 6*1.2קג,קבוצת אוסם סחר שותפות מוגבלת,,,"י""ח",1.30,"ק""ג",false,1,46.10,35.46,true,1,
7290115209198,false,במבה אוורירית אסם 80 גרם,קבוצת אוסם סחר שותפות מוגבלת,,,"י""ח",80,ל גרם,false,1,3.90,4.88,true,1,
7290115209235,false,ביסקוויט פתי בר קפה אסם (500 גרם),קבוצת אוסם סחר שותפות מוגבלת,,,"י""ח",500,ל גרם,false,1,13.90,2.78,true,1,
7290115209358,false,במבה במילוי בראוניז אסם (60 גרם),קבוצת אוסם סחר שותפות מוגבלת,,,"י""ח",600,ל גרם,false,1,4.90,0.82,true,1,
7290115400328,false,עוגיות מלוחות זעתר ותבלינים 200ג,שיבולים יצור ושיווק מוצרי מאפה,,,"י""ח",200,ל גרם,false,1,16.90,8.45,false,1,
7290115403299,false,עוגיות פרפריות 450ג דל,שיבולים יצור ושיווק מוצרי מאפה,,,"י""ח",450,ל גרם,false,1,15.90,3.53,false,1,
7290115403312,false,עוגיות מלוחות קריספי עגול 450ג דל,שיבולים יצור ושיווק מוצרי מאפה,,,"י""ח",450,ל גרם,false,1,15.90,3.53,false,1,
7290115403367,false,עוגיות קוואקר פריכות 500ג דל,שיבולים יצור ושיווק מוצרי מאפה,,,"י""ח",500,ל גרם,false,1,15.90,3.18,false,1,
7290115403411,false,עוגיות עינוגים בטעם קרם אגוזים 500 גר`,שיבולים יצור ושיווק מוצרי מאפה,,,"י""ח",500,ל גרם,false,1,15.90,3.18,false,1,
7290115403442,false,עוגיות ממולאות טעם שוקולד 500ג דל,שיבולים יצור ושיווק מוצרי מאפה,,,"י""ח",500,ל גרם,false,1,15.90,3.18,false,1,
7290115403459,false,עוגיות נסיכה בטעם תות 500 גר`,שיבולים יצור ושיווק מוצרי מאפה,,,"י""ח",500,ל גרם,false,1,15.90,3.18,false,1,
7290115403473,false,עוגיות עינוגי שוקולד 500ג דל,שיבולים יצור ושיווק מוצרי מאפה,,,"י""ח",500,ל גרם,false,1,15.90,3.18,false,1,
7290115403480,false,עוגיות בסגנון מרוקאי מיני 500ג דל,שיבולים יצור ושיווק מוצרי מאפה,,,"י""ח",500,ל גרם,false,1,15.90,3.18,false,1,
7290115403510,false,עוגיות מגולגלות תמרים 500ג דל,שיבולים יצור ושיווק מוצרי מאפה,,,"י""ח",500,ל גרם,false,1,15.90,3.18,false,1,
7290115405781,false,פחזניות ממולאות בטעם שוקולד קפולסקי 180 גרם,תופינים מקבוצת קפולס,,,"י""ח",180,ל גרם,false,1,13.90,7.72,false,1,
7290115642445,false,חנוכיה,צבע ומכחול (2014) בעמ,,,"י""ח",1,,false,1,129.90,129.90,false,1,
7290115670691,false,גרנולה שיבולת שועל עם פירות יער,אנרג'י Energy - שטראוס,,,"י""ח",400,ל גרם,false,1,13.90,3.48,false,1,
7290115670929,false,אייס קפה נמס מילקשייק אייס קלאסי 200,שטראוס קפה בי.וי,,,"י""ח",200,ל גרם,false,1,19.90,9.95,true,1,
7290115671223,false,מסטיק מאסט פאן אבטיח מנגו צנצנת 58 גרם,שטראוס גרופ בע`מ,,,"י""ח",58,ל גרם,false,1,11.40,19.66,true,1,
7290115675702,false,דגני בוקר קראנצ'ים שיבולת שועל עם פירות מיובשים,שטראוס פריטו ליי בע`מ,,,"י""ח",375,ל גרם,false,1,19.90,5.31,false,1,
7290115675887,false,אייס קפה נמס מילקשייק וניל עוגיות 200 ג,שטראוס קפה בי.וי,,,"י""ח",200,ל גרם,false,1,19.90,9.95,true,1,
7290115676051,false,"משקה אקטיביה שיבולת שועל במתיקות מעודנת 250 מ""ל",שטראוס גרופ בעמ/מצונן,,,"י""ח",265,"ל מ""ל",false,1,5.10,1.92,false,1,
7290115676273,false,אבקת קקאו עלית 500 גרם+ 10% תוספת,שטראוס קפה בי.וי.,,,"י""ח",500,ל גרם,false,1,26.90,5.38,false,1,
7290115677089,false,קונפיטורת תפוח וקינמון יד מרדכי 340 גרם,שטראוס גרופ בע`מ,,,"י""ח",340,ל גרם,false,1,13.50,3.97,false,1,
7290115678376,false,מעדן הגולן שוקולד 125 גרם,שטראוס גרופ בעמ/מצונן,,,"י""ח",125,ל גרם,false,1,3.40,2.72,true,1,
7290115678383,false,מעדן הגולן שוקולד מריר בודד 125גר,שטראוס גרופ בעמ/מצונן,,,"י""ח",125,ל גרם,false,1,3.40,2.72,true,1,
7290115678970,false,מארז סוכריות FRESH בטעם בזוקה עלית 3*15 ג',"הליקון גידה בע""\מ",,,"י""ח",45,ל גרם,false,1,7.90,17.56,false,1,
7290116530871,false,נשנושים מיקס בייגל בייגל 240 גרם,יוניליוור ישראל שיווק בע`מ,,,"י""ח",240,ל גרם,false,1,13.90,5.79,false,1,
7290116531021,false,"שוקולד חלב ורד הגליל 100 גרם כשל""פ",יוניליוור ישראל שיווק בע`מ,,,"י""ח",100,ל גרם,false,1,4.90,4.90,false,1,
7290116531090,false,בייגל בייגל דג דג במליחות עדינה 250 גרם,יוניליוור ישראל שיווק בע`מ,,,"י""ח",250,ל גרם,false,1,9.90,3.96,true,1,
7290116531496,false,קינמונים דגנים פריכים מצופים קינמון 375,"יוניליוור ישראל שיווק בע""מ",,,"י""ח",375,ל גרם,false,1,19.90,5.31,true,1,
7290116531564,false,מאגדת פתית פריכיות תירס דקות עם קינואה ובזיליקום 150 ג',יוניליוור ישראל שיווק בע`מ,,,"י""ח",150,ל גרם,false,1,10.90,7.27,false,1,
7290116531939,false,גלידה בשומן צמחי בטעם תות שדה בציפוי מכיל שוקולד,"גלידת שטראוס בע""\מ, רח'",,,"י""ח",700,ל גרם,false,1,49.90,7.13,false,1,
7290116531977,false,אקס דאודורנט בודי ספריי סקייטבורד וורדים,יוניליוור ישראל שיווק בע`מ,,,"י""ח",150,"ל מ""ל",false,1,11.90,7.93,true,1,
7290116532011,false,קליק אוקיי נוגט בציפוי שוקולד חלב 35 גרם,יוניליוור ישראל שיווק בע`מ,,,"י""ח",35,ל גרם,false,1,3.90,11.14,true,1,
7290116532219,false,קורנפלקס תות תלמה אלופים 448 גרם,"יוניליוור ישראל שיווק בע""מ",,,"י""ח",448,ל גרם,false,1,17.90,4,true,1,
7290116532264,false,גודיז פרי אפרסק – שלגון מופחת קלוריות עם יוגורט בציפוי בטעם אפרסק,"גלידת שטראוס בע""\מ, רחוב",,,"י""ח",297,ל גרם,false,1,19.90,6.70,false,1,
7290116532585,false,דגני בוקר ברנפלקס קרנצ'ים בטעם דבש וקינמון,יוניליוור ישראל שיווק בע`מ,,,"י""ח",500,ל גרם,false,1,19.90,3.98,false,1,
7290116532899,false,נישנושים איירביס טעם פלאפל 155 גר`,יוניליוור ישראל שיווק בע`מ,,,"י""ח",150,ל גרם,false,1,11.90,7.93,false,1,
7290116532905,false,נישנושים איירביס טעם ברביקיו 155 גר`,יוניליוור ישראל שיווק בע`מ,,,"י""ח",150,ל גרם,false,1,11.90,7.93,false,1,
7290116533216,false,"קנור מרק תיבול ירקות 235 מ""ל",יוניליוור ישראל שיווק בע`מ,,,"י""ח",235,ל גרם,false,1,14.90,6.34,false,1,
7290116533230,false,דליאגוז 400ג אגוזי לוז שלמים,יוניליוור ישראל שיווק בע`מ,,,"י""ח",400,ל גרם,false,1,21.90,5.48,false,1,
7290116930282,false,ארוחה בקטנה לאבנה עם קרקרים 150ג' תנובה,"תנובה בע""מ ***",,,"י""ח",150,ל גרם,false,1,7.90,5.27,false,1,
7290116930459,false,"יופלה שייק מנגו בננה אננס וקוקוס 230 מ""ל",קבוצת המזון אקטשלאר,,,"י""ח",230,"ל מ""ל",false,1,7.90,3.43,false,1,
7290116930480,false,"משקה SHAKE בננה קיווי תפוח 230 מ""ל יופלה",קבוצת המזון אקטשלאר,,,"י""ח",230,"ל מ""ל",false,1,7.90,3.43,false,1,
7290116930626,false,ארוחה בקטנה ציזיקי עם קרקרים 150ג' תנובה,"תנובה בע""מ ***",,,"י""ח",150,ל גרם,false,1,7.90,5.27,false,1,
7290116930657,false,"משקה חלב גו בטעם בננה תמר בתוספת שיבולת שועל במרקם חלק 340 מ""ל",תנובה מרכז שיתופי לש,,,"י""ח",340,"ל מ""ל",false,1,7.50,2.21,true,1,
7290116930671,false,"חלב קפה דל לקטוז 800מ""ל%1.8 קרטון","תנובה בע""מ ***",,,"י""ח",1,ליטר,false,1,7.30,7.30,false,1,
7290116930701,false,מעדן חלב GO מועשר בחלבון בטעם קרמל מלוח,תנובה מרכז שיתופי לש,,,"י""ח",120,"ל מ""ל",false,1,5.20,4.33,false,1,
7290116930954,false,יוגורט טעם פאי תפוחים 3% 150 ג' יופלה,תנובה בעמ ***,,,"י""ח",150,"ל מ""ל",false,1,5,3.33,false,1,
7290116931029,false,משקה בריסטה ש.שועל בטעם אייריש 1ל,"תנובה בע""מ ***",,,"י""ח",1,ליטר,false,1,12.90,12.90,true,1,
7290116931432,false,משקה סחלב ש.שועל 1ל,"תנובה בע""מ ***",,,"י""ח",1,ליטר,false,1,12.90,12.90,true,1,
7290117030615,false,תבניות שחור זהב אינגליש גבוהה שווה,ח.כהן סוכנות מזון ומשקאות בע,,,"י""ח",4,"י""ח",false,1,13.90,3.48,false,1,
7290117030752,false,תבניות ארוז *7 (R31/105) מרובעות שווה,ח.כהן סוכנות מזון ומשקאות בע,,,"י""ח",7,"י""ח",false,1,7.90,1.13,true,1,
7290117030769,false,תבניות ארוז (R2/90)*7 מלבן ארוך שווה ח,ח.כהן סוכנות מזון ומשקאות בע,,,"י""ח",7,"י""ח",false,1,7.90,1.13,true,1,
7290117030776,false,תבניות ארוז מלבן עמוק *7 (R64/80A) שוו,ח.כהן סוכנות מזון ומשקאות בע,,,"י""ח",7,"י""ח",false,1,7.90,1.13,true,1,
7290117030783,false,תבניות ארוז *4 (R99/210) ענקיות חדש ש,ח.כהן סוכנות מזון ומשקאות בע,,,"י""ח",4,"י""ח",false,1,7.90,1.98,true,1,
7290117030813,false,תבניות ארוז *4 C60 עגול עמוק שווה חדש,ח.כהן סוכנות מזון ומשקאות בע,,,"י""ח",4,"י""ח",false,1,7.90,1.98,true,1,
7290117031049,false,צלחות דקל מרובעות ענקיות 10 יח`שווה*,ח.כהן סוכנות מזון ומשקאות בע,,,,10,"י""ח",false,1,17.90,1.79,true,1,
7290117031056,false,צלחות דקל מרובעות גדולות 10 יח`שווה*,ח.כהן סוכנות מזון ומשקאות בע,,,,10,"י""ח",false,1,14.90,1.49,true,1,
7290117031490,false,כריות מיקרופיבר לקרצוף וניקוי שווה,ח.כהן סוכנות מזון ומשקאות בע,,,"י""ח",3,"י""ח",false,1,8.90,2.97,true,1,
7290117031513,false,כוסות נייר גודל 10 שווה 40 יח (25 בקרט,ח.כהן סוכנות מזון ומשקאות בע,,,"י""ח",40,"י""ח",false,1,13.90,0.35,true,1,
7290117031537,false,כוסות נייר גודל 16 שווה 40 יח (25 בקר,ח.כהן סוכנות מזון ומשקאות בע,,,"י""ח",40,"י""ח",false,1,18.90,0.47,true,1,
7290117031551,false,כוסות נייר גודל 2.5 שווה 40 יח (25 בקר,ח.כהן סוכנות מזון ומשקאות בע,,,"י""ח",40,"י""ח",false,1,4.90,0.12,true,1,
7290117031568,false,כוסות נייר גודל 9OZ איכותית 40 יח` שוו,ח.כהן סוכנות מזון ומשקאות בע,,,,40,"י""ח",false,1,12.90,0.32,false,1,
7290117032008,false,מזלגונים איכותי 40יח קרם שווה,ח.כהן סוכנות מזון ומשקאות בע,,,"י""ח",40,"י""ח",false,1,6.90,0.17,true,1,
7290117032046,false,סכינים איכותיות 40יח שקוף שווה*,ח.כהן סוכנות מזון ומשקאות בע,,,"י""ח",40,"י""ח",false,1,6.90,0.17,true,1,
7290117032060,false,כפות איכותיות 40יח קרם שווה*,ח.כהן סוכנות מזון ומשקאות בע,,,"י""ח",40,"י""ח",false,1,6.90,0.17,true,1,
7290117032077,false,כפות איכותיות 40יח שקוף שווה*,ח.כהן סוכנות מזון ומשקאות בע,,,"י""ח",40,"י""ח",false,1,6.90,0.17,true,1,
7290117032091,false,כפיות איכותיות 40יח קרם שווה*,ח.כהן סוכנות מזון ומשקאות בע,,,"י""ח",40,"י""ח",false,1,6.90,0.17,true,1,
7290117032107,false,כפיות איכותיות 40יח שקוף שווה*,ח.כהן סוכנות מזון ומשקאות בע,,,"י""ח",40,"י""ח",false,1,6.90,0.17,true,1,
7290117032541,false,צלחת קטנה אריזה משפחתית 75יח שווה,ח.כהן סוכנות מזון ומשקאות בע,,,,75,"י""ח",false,1,25.90,0.35,true,1,
7290117032589,false,צלחת גדולה אריזה משפחתית 60יח שווה,ח.כהן סוכנות מזון ומשקאות בע,,,,60,"י""ח",false,1,25.90,0.43,true,1,
7290117032596,false,"צלחות גדולות 60 יח אריזה משפחתית ""שווה",ח.כהן סוכנות מזון ומשקאות בע,,,,60,"י""ח",false,1,25.90,0.43,true,1,
7290117033005,false,מארז פופקורן למיקרו מלח 5*100 ג`שווה*,ח.כהן סוכנות מזון ומשקאות בע,,,"י""ח",500,ל גרם,false,1,10.90,2.18,true,1,
7290117033029,false,מארז פופקורן למיקרו לייט 5*85 ג`שווה*,ח.כהן סוכנות מזון ומשקאות בע,,,"י""ח",425,ל גרם,false,1,10.90,2.56,true,1,
7290117260449,false,גבינה בולגרית מעודנת למריחה בטעם טבעי 5% שומן 200 ג' יורו,ג.וילי-פוד אינטרנשיונל **גבינו,,,"י""ח",200,ל גרם,false,1,9.90,4.95,false,1,
7290117260685,false,תן בו וניל ציפויים בטעמים שונים 230 גרם,ג. וילי-פוד אינטרנשיונל בע`מ,,,"י""ח",300,ל גרם,false,1,19.90,6.63,false,1,
7290117260890,false,פופקורן בציפוי בטעם קוקוס 90 גרם,ג. וילי-פוד אינטרנשיונל בע`מ,,,"י""ח",90,ל גרם,false,1,6.90,7.67,true,1,
7290117260951,false,ביסקוויטים ללא גלוטן ופירות הדר ויליפוד 125 גרם,ג. וילי-פוד אינטרנשיונל בע`מ,,,"י""ח",125,ל גרם,false,1,9.90,7.92,true,1,
7290117260968,false,ביסקוויטים ללא גלוטן ויליפוד 125 גרם,ג. וילי-פוד אינטרנשיונל בע`מ,,,"י""ח",125,ל גרם,false,1,9.90,7.92,true,1,
7290117261415,false,euro cheese יוגורט פרוביוטי 2.7% שומן 125 גרם,ג.וילי-פוד אינטרנשיונל **גבינו,,,"י""ח",150,ל גרם,false,1,2.90,1.93,false,1,
7290117261439,false,EURO יוגורט פרוביוטי עם פירות יער 2% 125 גרם,ג.וילי-פוד אינטרנשיונל **גבינו,,,"י""ח",150,ל גרם,false,1,2.90,1.93,false,1,
7290117261446,false,euro cheese יוגורט פרוביוטי אפרסק 2% שומן 125 גרם,ג.וילי-פוד אינטרנשיונל **גבינו,,,"י""ח",150,ל גרם,false,1,2.90,1.93,false,1,
7290117261491,false,מאפה יווני ממולא פטה טבעונית 450 גרם,ג.וילי-פוד אינטרנשיונל **גבינו,,,"י""ח",450,ל גרם,false,1,22.90,5.09,true,1,
7290117261521,false,סלמון אטלנטי בשמן קנולה 120 גרם ויליפוד,ג. וילי-פוד אינטרנשיונל בע`מ,,,"י""ח",120,ל גרם,false,1,11.90,9.92,true,1,
7290117261552,false,סלמון אטלנטי ברוטב עגבניות 120 גרם ויליפוד,ג.וילי-פוד אינטרנשיונל בעמ,,,"י""ח",120,ל גרם,false,1,11.90,9.92,true,1,
7290117261569,false,סלמון אטלנטי מעושן בשמן קנולה 120 גרם ויליפוד,ג. וילי-פוד אינטרנשיונל בע`מ,,,"י""ח",120,ל גרם,false,1,11.90,9.92,true,1,
7290117261576,false,סרדינים בריסלינג מעושנים ברוטב עגבניות 185 גרם צנצנת,ג. וילי-פוד אינטרנשיונל בע`מ,,,"י""ח",185,ל גרם,false,1,13.90,7.51,false,1,
7290117261583,false,סרדינים בריסלינג מעושנים בשמן קנולה 129 גרם (צנצנת),ג. וילי-פוד אינטרנשיונל בע`מ,,,"י""ח",185,ל גרם,false,1,13.90,7.51,false,1,
7290117261590,false,סרדינים בריסלינג מעושנים בשמן זית 185 גרם צנצנת,ג. וילי-פוד אינטרנשיונל בע`מ,,,"י""ח",185,ל גרם,false,1,13.90,7.51,false,1,
7290117380864,false,סלים דליס פייבר עוגות בראוניס אישיות בטעם שוקולד 120 גרם,ש.שסטוביץ בעמ,,,"י""ח",120,ל גרם,false,1,13.90,11.58,true,1,
7290117860038,false,"הוואי - תחליב רחצה יוגורט בניחוח אוכמניות 700 מ""ל","טרופיקל דגיל בע""\מ",,,"י""ח",700,"ל מ""ל",false,1,14.90,2.13,true,1,
7290117860090,false,מרכך תמציות אלוורה ותה ירוק לשיער רגיל,"טרופיקל דגיל בע""\מ",,,"י""ח",700,"ל מ""ל",false,1,14.90,2.13,true,1,
7290117860199,false,שמפו שמן ורד הבר ושמן מקדמיה לשיער יבש,"טרופיקל דגיל בע""\מ",,,"י""ח",700,"ל מ""ל",false,1,14.90,2.13,true,1,
7290117860397,false,שמפו תמצית פריחת הדובדבן לשיער רגיל,"טרופיקל גליל בע""מ",,,"י""ח",700,"ל מ""ל",false,1,14.90,2.13,true,1,
7290117860441,false,"מרכך הוואי פריחת הדובדבן 700 מ""ל","טרופיקל גליל בע""מ",,,"י""ח",700,"ל מ""ל",false,1,14.90,2.13,true,1,
7290117901168,false,מיקס אגוזים וחמוציות 250 גרם ששון הקולה,דין שיווק וקליה 2021 בעמ,,,"י""ח",250,ל גרם,false,1,20,8,false,1,
7290117901175,false,שקדים קלופים 250 גרם ששון הקולה,דין שיווק וקליה 2021 בעמ,,,"י""ח",200,ל גרם,false,1,20,10,false,1,
7290117901182,false,בוטן קליפה קלוי 350 גרם ששון הקלה,דין שיווק וקליה 2021 בעמ,,,"י""ח",350,ל גרם,false,1,10,2.86,false,1,
7290117901762,false,בוטן רביולי 200גר מחנה יהודה,דין שיווק וקליה 2021 בעמ****,,,"י""ח",200,ל גרם,false,1,24.90,12.45,true,1,
7290117901809,false,צנובר 130גר מחנה יהודה,דין שיווק וקליה 2021 בעמ****,,,"י""ח",130,ל גרם,false,1,39.90,30.69,true,1,
7290117901816,false,אגוז קשיו טבעי 250גר מחנה יהודה,דין שיווק וקליה 2021 בעמ****,,,"י""ח",250,ל גרם,false,1,29.90,11.96,true,1,
7290117901823,false,שקד מולבן פרוס 250גר מחנה יהודה,דין שיווק וקליה 2021 בעמ****,,,"י""ח",250,ל גרם,false,1,29.90,11.96,true,1,
7290118420477,false,אסם בייגלה שטוחים בטעם ביסלי בצל 300 גרם,קבוצת אוסם סחר שותפות מוגבלת,,,"י""ח",300,ל גרם,false,1,10.90,3.63,false,1,
7290118420514,false,אינסטנט פודינג בטעם נוגט אסם 75 גרם,קבוצת אוסם סחר שותפות מוגבלת,,,"י""ח",75,ל גרם,false,1,5.90,7.87,true,1,
7290118751649,false,אנטריקוט פרוס טרי חלק ארוז *,"ח.י. מעדני גורמה בע""מ",,,"ק""ג",1,,true,1,199,199,true,1,
7290118751656,false,אנטריקוט פרוס דק טרי חלק ארוז*,"ח.י. מעדני גורמה בע""מ",,,"ק""ג",1,,true,1,199,199,true,1,
7290118751663,false,רוסטביף לתנור טרי חלק ארוז **,"ח.י. מעדני גורמה בע""מ",,,קוב,1,,true,1,89.90,89.90,false,1,
7290118751670,false,צלי כתף חצוי טרי חלק ארוז**,"ח.י. מעדני גורמה בע""מ",,,"ק""ג",1,,true,1,99.90,99.90,false,1,
7290118751687,false,שריר טרי חלק ארוז **,"ח.י. מעדני גורמה בע""מ",,,"ק""ג",1,"ק""ג",true,1,69.90,69.90,true,1,
7290118751694,false,שריר עגל מעובד מופשר חלק ארוז**,"ח.י. מעדני גורמה בע""מ",,,"ק""ג",1,,true,1,59.90,59.90,false,1,
7290118751700,false,גולש טרי חלק ארוז**,"ח.י. מעדני גורמה בע""מ",,,"ק""ג",1,,true,1,79.90,79.90,false,1,
7290118751717,false,בשר לטחינה טרי חלק ארוז**,"ח.י. מעדני גורמה בע""מ",,,"ק""ג",1,,true,1,59.90,59.90,false,1,
7291044075847,false,פ.נטען 24X0.5W LED תל אביב SMD,סמיקום לקסיס בעמ,,,"י""ח",1,,false,1,59.90,59.90,false,1,
7291044098631,false,קומקום נירוסטה כסוף 1.7 יונדאי,סמיקום לקסיס בעמ,,,"י""ח",1,,false,1,99.90,99.90,false,1,
7297488097995,false,גרנולה דבש ללא גלוטן 250 גרם דגש,תות תעשיות מזון (201,,,"י""ח",250,ל גרם,false,1,14.90,5.96,false,1,
7297488098015,false,גרנולה קרנץ' עם שוקולד צ'יפס מריר ללא גלוטן 250 גרם דגש,תות תעשיות מזון (201,,,"י""ח",250,ל גרם,false,1,14.90,5.96,false,1,
7297488098282,false,אבקת מרק בטעם עוף ללא גלוטן בריאות וטבע,אף.סי. תבליני הגליל,,,"י""ח",500,ל גרם,false,1,21.90,4.38,false,1,
7297488098305,false,"מרק דגש""קמח שקדים""250גרם",תות תעשיות מזון (201,,,"י""ח",250,ל גרם,false,1,26.90,10.76,false,1,
7297488199606,false,פצפוצי אורז תפוח ללא תוספת סוכר ומלח ללא גלוטן,דגש- דוכן גן שמואל,,,"י""ח",450,ל גרם,false,1,19.90,4.42,false,1,
7297579011312,false,מגבת פנים מדאם,"דהן פרוספר בע""מ",,,"י""ח",1,,false,1,14.90,14.90,true,1,
7312040017683,false,מארז אבסולוט רגיל(וודקה {}{700 עם כוס,טמפו משקאות בע`מ,,,"י""ח",750,"ל מ""ל",false,1,64.90,8.61,true,1,
7450014901320,false,נעלי בית חורף נשים דגם SY001 שחור,ביג מול בעמ,,,"י""ח",1,,false,1,39.90,39.90,false,1,
7450014901344,false,נעלי בית חורף נשים דגם SY001 אפור,ביג מול בעמ,,,"י""ח",1,,false,1,39.90,39.90,false,1,
7450014901351,false,נעלי בית חורף נשים דגם SY001 אפור,ביג מול בעמ,,,"י""ח",1,,false,1,39.90,39.90,false,1,
7450026800413,false,נעלי בית חורף גברים SY012 שחור,ביג מול בעמ,,,"י""ח",1,,false,1,39.90,39.90,false,1,
7450026800505,false,נעלי בית חורף גברים SY013 ירוק,ביג מול בעמ,,,"י""ח",1,,false,1,39.90,39.90,false,1,
7501013101355,false,"נקטר בטעם אפרסק 500 מ""ל JUMEX",חומקס קומר קומרסאליזדורה,,,"י""ח",473,"ל מ""ל",false,1,8.50,1.73,true,1,
7501013122039,false,ג'ומקס מיץ מנגו קרטונית ליטר תריסר,חומקס קומר קומרסאליזדורה,,,"י""ח",1,ליטר,false,1,9.50,9.50,true,1,
7501013122114,false,"נקטר משקה אננס בקרטונית ג'ומקס, 1 ל'",חומקס קומר קומרסאליזדורה,,,"י""ח",1,ליטר,false,1,9.50,9.50,true,1,
7501013122190,false,ג'ומקס מיץ תפוחים קרטונית ליטר תריסר,חומקס קומר קומרסאליזדורה,,,"י""ח",1,ליטר,false,1,9.50,9.50,true,1,
7501013122992,false,ג'ומקס מיץ קוקוס אננס קרטונית ליטר תריסר,חומקס קומר קומרסאליזדורה,,,"י""ח",1,ליטר,false,1,9.50,9.50,true,1,
7501064191398,false,שישיית בירה קורונה אקסטרא *355 מל,קריניציה ויטמינה אס,,,"י""ח",6,"י""ח",false,1,39.90,6.35,true,1,
7509546678702,false,קולגייט משחת שיניים טוטל אנטי טרטר 100 מ,קולגייט-פלמוליב,,,"י""ח",100,"ל מ""ל",false,1,16.90,16.90,true,1,
7610100034084,false,מיונז טומי בשפורפרת 265 גרם,ליימן שליסל בע`מ,,,"י""ח",265,ל גרם,false,1,11.90,4.49,false,1,
7610211130903,false,הרמזית ממתיק 800+200 טבליות,דיפלומט מפיצים (1968) בעמ**,,,"י""ח",800,ל גרם,false,1,27.50,3.44,false,1,
7610243004463,false,"דורגול - מרסס להסרת אבנית במקלחון 600 מ""ל","יעקב יעקבי ובניו בע""מ",,,"י""ח",500,"ל מ""ל",false,1,24.90,4.98,true,1,
7610400014649,false,לינדור קוביות במילוי קרם שוקולד חלב 100 גרם,לינדט ושפרונגלי קילשברג,,,"י""ח",100,ל גרם,false,1,19.20,19.20,true,1,
7610400068505,false,לינדט לינדור בונבוניירה שוקולד חלב 200 גרם,לינדט ושפרונגלי קילשברג,,,"י""ח",1,,false,1,37.20,37.20,true,1,
7610400068529,false,לינדט לינדור בונבוניירה כדורי שוקולד מטעמים 200 גרם,לינדט ושפרונגלי קילשברג,,,"י""ח",200,ל גרם,false,1,37.20,18.60,true,1,
7610400075787,false,לינדט לה גרנד שוקולד חלב אגוז 150 גרם,לינדט ושפרונגלי קילשברג,,,"י""ח",140,ל גרם,false,1,28.40,20.29,true,1,
7610400091060,false,שוקולד מריר לינדט אקסלנס בתוספת תפוז ושקדים,לינדט ושפרונגלי קילש,,,"י""ח",100,ל גרם,false,1,16.90,16.90,true,1,
7610700009956,false,ריקולה ללא ת.סוכר סמבוקוס 50 גרם,שוקוטרייד בעמ,,,"י""ח",50,ל גרם,false,1,13.90,27.80,false,1,
7613030979647,false,דגני בוקר טריקס פירות עולם היורה 480 ג',קבוצת אוסם סחר שותפות מוגבלת,,,"י""ח",4.80,"י""ח",false,1,27.30,5.69,true,1,
7613032045753,false,פיטנס דגנים מחיטה מלאה שוקולד 375גרם,קבוצת אוסם סחר שותפות מוגבלת,,,"י""ח",375,ל גרם,false,1,22.90,6.11,true,1,
7613033548192,false,פיטנס - דגני בוקר שוקולד מריר 375 גרם,קבוצת אוסם סחר שותפות מוגבלת,,,"י""ח",375,ל גרם,false,1,22.90,6.11,true,1,
7613035548374,false,דגני בוקר גולדן מיניס מחיטה מלאה ותירס,קבוצת אוסם סחר-שות.מוגבלת,,,"י""ח",500,ל גרם,false,1,27.30,5.46,true,1,
7613036737623,false,דגני בוקר קראנץ מיקס 410גר,קבוצת אוסם סחר שותפות מוגבלת,,,"י""ח",410,ל גרם,false,1,25.90,6.32,true,1,
7613037012200,false,גרבר מחית תפוח גזר ומנגו 90 גרם פאוץ,קבוצת אוסם סחר שותפות מוגבלת,,,"י""ח",130,ל גרם,false,1,7.90,6.08,true,1,
7613037686906,false,פיטנס שקדים ודבש 355 גרם מופחת סוכר,קבוצת אוסם סחר שותפות מוגבלת,,,"י""ח",355,ל גרם,false,1,22.90,6.45,true,1,
7613038268262,false,דגני בוקר צ'יריוס דבש ושקדים במתיקות מעודנת,קבוצת אוסם סחר שותפות מוגבלת,,,"י""ח",410,ל גרם,false,1,25.90,6.32,true,1,
7613287394323,false,דגני בוקר מולטי צ'יריוס 600 גרם,קבוצת אוסם סחר שותפות מוגבלת,,,"י""ח",500,ל גרם,false,1,22.30,4.46,true,1,
7622010001858,false,עוגיות אוראו ממולאות קרם וניל 176 גרם.,דיפלומט מפיצים (1968) בעמ**,,,"י""ח",176,ל גרם,false,1,9.90,5.63,true,1,
7622201050757,false,מילקה שוקולד חלב במילוי קרם קרמל 100 ג,דיפלומט מפיצים (1968) בעמ**,,,"י""ח",100,ל גרם,false,1,7.90,7.90,true,1,
7622201401900,false,עוגיות סנסיישן אוראו מילקה 156 גרם,דיפלומט מפיצים (1968) בעמ**,,,"י""ח",156,ל גרם,false,1,10.90,6.99,true,1,
7622201502515,false,עוגיות מילקה קוקי לופ שוקולד צ'יפס,דיפלומט מפיצים (1968) בעמ**,,,"י""ח",132,ל גרם,false,1,10.90,8.26,true,1,
7622201521493,false,גבינת פילדלפיה שום ועשבי תיבול 150 גר` (,מיודלז אספניה פרודוק,,,"י""ח",150,ל גרם,false,1,14.90,9.93,true,1,
7622201798154,false,גבינת שמנת לייט מופחתת שומן 13% שומן,מיודלז אספניה פרודוק,,,"י""ח",150,ל גרם,false,1,15.90,10.60,false,1,
7622201801809,false,מילקה שוקולד חלב עם אגוזים 100 גרם חדש,מנדלז דויצ'\לנד סנקס פרו,,,"י""ח",100,ל גרם,false,1,7.90,7.90,true,1,
7622201802363,false,מילקה טבלת שוקולד חלב וצימוקים ואגוזים 100ג',מנדלז דויצ'\לנד סנקס פרו,,,"י""ח",100,ל גרם,false,1,7.90,7.90,true,1,
7622201802394,false,שוקולד מילקה חלב מסרונים 100 גרם,מנדלז דויצ'\לנד סנקס פרו,,,"י""ח",100,ל גרם,false,1,7.90,7.90,true,1,
7622201808631,false,אוראו מיני עוגיות ממולאות קרם וניל 67גרם,דיפלומט מפיצים (1968) בעמ**,,,"י""ח",67,"ס""מ",false,1,6.90,10.30,true,1,
7622201813390,false,עוגיות מילקה וואפל במילוי קרם קקאו 150 ג,דיפלומט מפיצים (1968) בעמ**,,,"י""ח",150,ל גרם,false,1,10.90,7.27,true,1,
7622210453327,false,עוגיות שוקוצ'יפס במילוי שוקולד סנסיישן,דיפלומט מפיצים (1968) בעמ**,,,"י""ח",156,ל גרם,false,1,14,8.97,true,1,
7622210637994,false,מיני עוגיות אוראו קראנצ'י בייטס אורגינל,דיפלומט מפיצים (1968) בעמ**,,,"י""ח",110,ל גרם,false,1,7.90,7.18,true,1,
7622210638021,false,מיני עוגיות אוראו קראנצ'י בייטס מצופים,דיפלומט מפיצים (1968) בעמ**,,,"י""ח",110,ל גרם,false,1,7.90,7.18,true,1,
7622210664150,false,"עוגיות אוראו וניל, 396 גרם",דיפלומט מפיצים (1968) בעמ**,,,"י""ח",156,ל גרם,false,1,14.90,9.55,false,1,
7622300270506,false,מילקה גריינס - עוגיות שיבולת שועל מצופות שוקולד 168 ג',דיפלומט מפיצים (1968) בעמ**,,,"י""ח",168,ל גרם,false,1,10.90,6.49,true,1,
7622300489427,false,עוגיות אוראו בציפוי בטעם שוקולד לבן 246 גרם,דיפלומט מפיצים (1968) בעמ**,,,"י""ח",264,ל גרם,false,1,21.90,8.30,true,1,
7622300489434,false,"עוגיות אוראו פאדג' בציפוי שוקולד חלב, 246 גרם",דיפלומט מפיצים (1968) בעמ**,,,"י""ח",264,ל גרם,false,1,21.90,8.30,true,1,
7622300495046,false,מילקה שוקולד חלב עם אקסטרה קקאו 100 גרם,מנדלז דויצ'\לנד סנקס פרו,,,"י""ח",100,ל גרם,false,1,7.90,7.90,true,1,
7622300503079,false,עוגיות ביסקוויט מצופה שוקולד חלב מילקה 200 גרם,דיפלומט מפיצים (1968) בעמ**,,,"י""ח",200,ל גרם,false,1,10.90,5.45,true,1,
7622300617820,false,מילקה שוקולד חלב במילוי קרם חלב ווניל ושבבי עוגיות אוראו 100 גרם,מנדלז דויצ'\לנד סנקס פרו,,,"י""ח",100,ל גרם,false,1,7.90,7.90,true,1,
7622400005190,false,שוקולד חלב נגיעות שוקולד לבן מילקה 100 ג,מנדלז דויצ'\לנד סנקס פרו,,,"י""ח",1,,false,1,7.90,7.90,true,1,
7630477891592,false,סטארבקס קפסולות קפה האוס בלנד 10 יחידות,קבוצת אוסם סחר שותפות מוגבלת,,,"י""ח",57,ל גרם,false,1,21.90,38.42,true,1,
7630477891691,false,קפסולות קפה קולומביה (10 יח) סטארבקס ( 5,קבוצת אוסם סחר שותפות מוגבלת,,,"י""ח",57,ל גרם,false,1,22.90,40.18,true,1,
7638900426823,false,סוללות מקס D אנרגייזר2יח,דנשר (1963) בעמ,,,"י""ח",1,,false,1,32,32,false,1,
7702174070201,false,יוגטה לקקן בטעם מסטיק ממולא טופי בטעם תות 12 יח' 204 גרם,הדקלאים אגודת שיתופי,,,"י""ח",216,ל גרם,false,1,9.90,4.58,false,1,
7792860006218,false,סוכריות לקקן בייבי דול לריטייר (24 גרם),גוד פוד פרודקטס S.p,,,"י""ח",24,ל גרם,false,1,2.70,11.25,true,1,
7798378440018,false,אוכמניות יחידה,ביכורי השדה צפון 1994 ג.ד. בעמ,,,"י""ח",1,,false,1,15.90,15.90,true,1,
7798382150019,false,אוכמניות טריות 125גרם,ביכורי השדה צפון 1994 ג.ד. בעמ,,,"י""ח",1,,false,1,15.90,15.90,true,1,
7804414000860,false,קברנה סוביניון דון חוליו (750 מל),צ'ילה לואיס פיליפה אדוארדס,,,"י""ח",750,"ל מ""ל",false,1,26.20,3.45,false,1,
8000070053465,false,קפסולות לוואצה למכונת אספרסו חוזק 8,לאוג'י לוואצה אס.פי.אי,,,"י""ח",55,ל גרם,false,1,19.90,36.18,true,1,
8000215204219,false,משקה אורז ביו אורגני ויטאריז 1 ליטר,בטר אנד דיפרנט,,,"י""ח",1,ליטר,false,1,15.90,15.90,false,1,
8000215204240,false,משקה אורז ושקדים ביו אורגני ויטאריז 1 לי,בטר אנד דיפרנט,,,"י""ח",1,ליטר,false,1,16.90,16.90,false,1,
8000215204714,false,משקה שיבולת שועל אורגני פרימונה 1 ליטר,בטר אנד דיפרנט,,,"י""ח",1,ליטר,false,1,16.90,16.90,false,1,
8000380003723,false,וופלים גרנד פטיסרי במילוי קרם אגוזים 100,קריניציה ויטמינה אס,,,"י""ח",1,,false,1,15.60,15.60,true,1,
8000380003754,false,וופל גראן פטיסרי Gran Pasticceria קפוצ'ינו,ליימן שליסל בעמ,,,"י""ח",100,ל גרם,false,1,12.90,12.90,true,1,
8000380003761,false,וופל גרנד פטיסרי שוקולד וקוקוס לואקר 100 גרם,קריניציה ויטמינה אס,,,"י""ח",100,ל גרם,false,1,13.90,13.90,true,1,
8000380004669,false,וופל לואקר סנדוויץ קוביות ושוקולד 200ג',"א. לואקר, קונפקט ג'י",,,"י""ח",200,ל גרם,false,1,13.90,6.95,true,1,
8000380004676,false,קוביות וופל סנדוויץ Sandwich עם וניל וחלב,"א. לואקר, קונפקט ג'י",,,"י""ח",200,ל גרם,false,1,13.90,6.95,true,1,
8000380004881,false,וופל קוארדטיני לואקר קוביות טרמיסו 220ג',קריניציה ויטמינה אס,,,"י""ח",220,ל גרם,false,1,15.20,6.91,true,1,
8000380004911,false,קוביות וופל קואדרטיני Quadratini קרם אגוזים,קריניציה ויטמינה אס,,,"י""ח",250,ל גרם,false,1,15.20,6.08,true,1,
8000380004942,false,וופל לואקר קוארדטיני קוביות ווניל 250ג',ליימן שליסל בע`מ,,,"י""ח",250,ל גרם,false,1,15.20,6.08,true,1,
8000380004966,false,וופל קוארדטיני לואקר קוביות שוקולד 250ג',קריניציה ויטמינה אס,,,"י""ח",250,ל גרם,false,1,15.20,6.08,true,1,
8000380007257,false,וופל גרדנה במילוי קרם אגוזים מצופה,קריניציה ויטמינה אס,,,"י""ח",200,ל גרם,false,1,16.70,8.35,true,1,
8000380007271,false,וופל במילוי קרם חלב לואקר (175 גרם),ליימן שליסל בע`מ,,,"י""ח",175,ל גרם,false,1,13.60,7.77,true,1,
8000380106028,false,טורטינה לואקר וופל שוקולד ואגוזים שישיה 125ג',קריניציה ויטמינה אס,,,"י""ח",125,ל גרם,false,1,19.90,15.92,true,1,
8000380144044,false,גרדנה וופל מצופה שוקולד חלב לואקר 200 גרם,ליימן שליסל בע`מ,,,"י""ח",200,ל גרם,false,1,16.70,8.35,true,1,
8000380153442,false,וופל קלאסיק בטעם אגוזים לואקר 90 גרם,ליימן שליסל,,,"י""ח",90,ל גרם,false,1,9.10,10.11,true,1,
8000380153466,false,וופל קלאסיק בטעם קקאו לואקר 90 גרם,קריניציה ויטמינה אס,,,"י""ח",90,ל גרם,false,1,9.10,10.11,true,1,
8000380153534,false,מארז וופל שוקולד טורטינה Tortina שוקולד לבן,א. לואקר אס. פי. אי-אי.,,,"י""ח",125,ל גרם,false,1,19.90,15.92,true,1,
8000380156573,false,לואקר בונבוניירה ורד הדולמיטים 150 גרם,קריניציה ויטמינה אס,,,"י""ח",150,ל גרם,false,1,31.90,21.27,true,1,
8000380156825,false,שוקולד חלב במילוי קרם חלב וופל לואקר 87 גרם,ליימן שליסל בעמ,,,"י""ח",87,ל גרם,false,1,10.60,12.18,false,1,
8000380157440,false,שוקולד חלב במילוי קרם אגוזי לוז לואקר 87 גרם,ליימן שליסל בע`מ,,,"י""ח",85,ל גרם,false,1,10.60,12.47,false,1,
8000380180721,false,לואקר וופל קקאו במילוי קרם חלבי 175 גר,קריניציה ויטמינה אס,,,"י""ח",175,ל גרם,false,1,13.60,7.77,true,1,
8000380180745,false,וופל קוביות קקאו במילוי קרם חלב לואקר 250 גרם,"א. לואקר, קונפקט ג'י",,,"י""ח",250,ל גרם,false,1,15.20,6.08,true,1,
8000380180837,false,וופל גרנד פטיסרי קוקוס לבן מצופה שוקולד לבן לואקר 100 גרם,ליימן שליסל בע`מ,,,"י""ח",100,ל גרם,false,1,13.90,13.90,true,1,
8000380192243,false,וופלים מלבנים פריכיים בטעם אגוז 200 גר`,ליימן שליסל בע`מ,,,"י""ח",200,ל גרם,false,1,13.90,6.95,false,1,
8000380192250,false,וופלים מלבנים פריכיים בטעם שוקולד 200 גר,ליימן שליסל בע`מ,,,"י""ח",200,ל גרם,false,1,13.90,6.95,false,1,
8000380205400,false,וופלים קואדרטיני חמאת בוטנים לואקר 250 גרם,ליימן שליסל בע`מ,,,"י""ח",250,ל גרם,false,1,15.20,6.08,true,1,
8000380206896,false,וופל גרדנה במילוי חמאת בוטנים 200 גרם,ליימן שליסל בע`מ,,,"י""ח",200,ל גרם,false,1,16.70,8.35,true,1,
8000500023624,false,חטיפי הפי היפו Happy Hippo במילוי קרם חלב וקקאו,פרימיום-חברה לדברי מתיקה ולמסח,,,"י""ח",90,ל גרם,false,1,12.90,14.33,false,1,
8000500023976,false,בונבוניירת רפאלו פררו (150 גרם),פרימיום-חברה לדברי מתיקה ולמסח,,,"י""ח",150,ל גרם,false,1,18.90,12.60,false,1,
8000500026731,false,ביצי שוקולד קינדר מארז 3 יח סופרייז,פרימיום-חברה לדברי מתיקה ולמסח,,,"י""ח",60,ל גרם,false,1,15.90,26.50,true,1,
8000500029350,false,מארז וופל מצופה 3יח' *43 גרם קינדר בואנו,פרימיום-חברה לדברי מתיקה ולמסח,,,"י""ח",120,ל גרם,false,1,12.90,10.75,true,1,
8000500032237,false,בונבונרייה פררו רושר 375 גרם,פרימיום-חברה לדברי מתיקה ולמסח,,,"י""ח",375,ל גרם,false,1,47.90,12.77,true,1,
8000500071083,false,אצבעות שוקולד קינדר Kinder שש עשרה יחידות,פרימיום-חברה לדברי מתיקה ולמסח,,,"י""ח",200,ל גרם,false,1,14.90,7.45,false,1,
8000500075708,false,ביצי שוקולד הפתעה קינדר ג'וי כחול בנים שלישיה,פרימיום-חברה לדברי מתיקה ולמסח,,,"י""ח",3,"י""ח",false,1,16.90,5.63,false,1,
8000500126325,false,ביצי שוקולד הפתעה קינדר ג'וי ורוד בנות שלישיה,פרימיום-חברה לדברי מתיקה ולמסח,,,"י""ח",3,"י""ח",false,1,16.90,5.63,false,1,
8000500167656,false,קינדר שוקולד עם דגנים סיריאל 94 ג',פרימיום-חברה לדברי מתיקה ולמסח,,,"י""ח",96,ל גרם,false,1,7.90,8.23,false,1,
8000500172810,false,סוכריות בטעם תות שדה מנטה- מארז רביעייה,פרימיום-חברה לדברי מתיקה ולמסח,,,"י""ח",250,ל גרם,false,1,12,4.80,true,1,
8000500256213,false,קינדר שוקולד חלב במילוי קרם חלבי,פרימיום-חברה לדברי מתיקה ולמסח,,,"י""ח",120,ל גרם,false,1,11.90,9.92,false,1,
8000500267103,false,קינדר דליס עוגת ספוג קקאו במילוי חלבי*10,פרימיום-חברה לדברי מתיקה ולמסח,,,"י""ח",4.20,"י""ח",false,1,21.90,5.21,true,1,
8001090016003,false,טבליות למדיח קלאסי הכל באחד פיירי,דיפלומט מפיצים (1968) בעמ,,,"י""ח",84,"י""ח",false,1,59.90,0.71,false,1,
8001090184412,false,"פיירי נוזל לניקוי כלים לימון שקוף, 900 מ""ל",דיפלומט מפיצים (1968) בעמ,,,"י""ח",900,"ל מ""ל",false,1,14.90,1.66,true,1,
8001090222428,false,"הרבל אסנסס - שמפו חלב קוקוס 400 מ""ל",דיפלומט מפיצים 1968 בעמ,,,"י""ח",400,"ל מ""ל",false,1,19.90,4.98,true,1,
8001090222879,false,"הרבל אסנסס - מרכך שיקום שמן ארגן 400 מ""ל",דיפלומט מפיצים (1968) בעמ,,,"י""ח",400,"ל מ""ל",false,1,19.90,4.98,true,1,
8001090336446,false,חיתולי ביביי דריי מידה 4 ( 34 יח) פמפרס,דיפלומט מפיצים (1986) בע`מ,,,"י""ח",1,,false,1,39.90,39.90,true,1,
8001090336521,false,חיתולי פמפרס בייבי דריי מידה 5 30 יח` `,דיפלומט מפיצים (1986) בע`מ,,,"י""ח",1,,false,1,39.90,39.90,true,1,
8001090458353,false,סבון כלים פעולה אנטי-בקטריאלית אקליפטוס,דיפלומט מפיצים (1986) בע`מ,,,"י""ח",500,"ל מ""ל",false,1,12.50,2.50,false,1,
8001090734044,false,אולוויז מגן תחתון גיגה פק לארג' אקסטרה פרוטקט 64 יח',דיפלומט מפיצים (1986) בע`מ,,,"י""ח",78,"י""ח",false,1,24.90,0.32,true,1,
8001090740717,false,מגני תחתון אולוויז נורמל עם ניחוח רענן Fresh Scent,פרוקטר אנד גמבל )ראה קוד,,,"י""ח",76,"י""ח",false,1,29.90,0.39,true,1,
8001090802385,false,קפסולות גל לכביסה טייד בניחוח לנור 26 יח,דיפלומט מפיצים (1986) בע`מ,,,"י""ח",26,"י""ח",false,1,29.90,1.15,false,1,
8001090832771,false,"פנטן שמפו להזנת קרטין 660 מ""ל",דיפלומט מפיצים (1986) בע`מ,,,"י""ח",660,"ל מ""ל",false,1,23.90,3.62,false,1,
8001090833228,false,אריאל ג'ל כביסה קולור 2.365 ליטר,דיפלומט מפיצים (1986) בע`מ,,,"י""ח",2.36,ליטר,false,1,35.90,15.21,false,1,
8001090886385,false,לנור כדוריות הבושם בניחוח רענן 140 גרם,דיפלומט מפיצים (1968) בעמ,,,"י""ח",180,"ל מ""ל",false,1,19.90,11.06,false,1,
8001090899224,false,תחבושות אולוויז פלטינום לונג 20 יחידות,דיפלומט מפיצים (1986) בע`מ,,,"י""ח",1,,false,1,19.90,19.90,true,1,
8001090899255,false,תחבושות אולוויז פלטינום לילה 16 יחידות,דיפלומט מפיצים (1986) בע`מ,,,"י""ח",1,,false,1,19.90,19.90,true,1,
8001090899286,false,תחבושות אולוויז פלטינום לילה בטוח 14 יח',דיפלומט מפיצים (1986) בע`מ,,,"י""ח",1,,false,1,19.90,19.90,true,1,
8001160001786,false,"משקה אנרגיה גטורייד ספורט כחול 500מ""ל",אקווה מינרלה סאן בנדטו,,,"י""ח",500,"ל מ""ל",false,1,9.60,1.86,true,1,
8001505000306,false,נטורפוד מעדן פירות יער אורגני 250 גרם,פיור די פרוטה,,,"י""ח",250,ל גרם,false,1,18.90,7.56,false,1,
8001620011935,false,"סן בנדטו- מים מינרלים מוגז - מארז שישיית 500 מ""ל",אקווה מינרלה סאן בנד,,,"י""ח",3,ליטר,false,1,14.90,4.37,true,1,
8001841019291,false,קפסולות לכביסה בניחוח לנור אריאל 16 יחידות,דיפלומט מפיצים (1968) בעמ,,,"י""ח",16,"י""ח",false,1,21.90,1.37,false,1,
8001841053806,false,תחבושות היגייניות אולוויז מקסי עבה לילה,דיפלומט מפיצים (1968) בעמ,,,"י""ח",1,,false,1,13.90,13.90,false,1,
8001841062624,false,פמפרס מגבונים לחים ללא בישום רביעייה,דיפלומט מפיצים (1968) בעמ,,,"י""ח",1,,false,1,17.90,17.90,false,1,
8001841096889,false,"נוזל לניקוי כלים לימון קלאסי 900 מ""ל",דיפלומט מפיצים (1968) בעמ,,,"י""ח",900,"ל מ""ל",false,1,9.90,1.10,true,1,
8001841137216,false,"קונדישנר למגע רך כמשי הד אנד שולדרס 275 מ""ל",דיפלומט מפיצים (1986) בע`מ,,,"י""ח",275,"ל מ""ל",false,1,19.90,7.24,false,1,
8001841427126,false,מגן תחתון אולוויז מגה פק פרו פרש נורמל 64 יחי,דיפלומט מפיצים (1986) בע`מ,,,"י""ח",80,"י""ח",false,1,23.90,0.30,true,1,
8001841500942,false,"הרבל אסנסס - שמפו ללא סולפטים אלוורה ובמבוק 380 מ""ל",דיפלומט מפיצים (1986) בע`מ,,,"י""ח",380,"ל מ""ל",false,1,19.90,5.24,true,1,
8001841669465,false,קפסולות לכביסה אריאל בניחוח לנור 24 יחידות,דיפלומט מפיצים (1986) בע`מ,,,"י""ח",24,"י""ח",false,1,32.90,1.37,true,1,
8001841669519,false,קפסולות לכביסה ALL IN ONE אריאל 55 יחידות,דיפלומט מפיצים (1986) בע`מ,,,"י""ח",55,"י""ח",false,1,59.90,1.09,true,1,
8001841716312,false,"ג'ל רחצה ושמפו ספורט האד אנד שולדרס 360 מ""ל",דיפלומט מפיצים (1986) בע`מ,,,"י""ח",500,"ל מ""ל",false,1,19.90,3.98,false,1,
8001841960081,false,פיירי טבליות למדיח פלטינום הכל באחד - מארז 37 יח',דיפלומט מפיצים (1986) בע`מ,,,"י""ח",37,"י""ח",false,1,39.90,1.08,false,1,
8002270256790,false,"שישייה סן פלגרינו אסנזה תפוז אדום 500 מ""ל",סן פלגרינו San Pellegrino,,,"י""ח",3,ליטר,false,1,29.90,9.37,true,1,
8002450204009,false,משקה כהלי וורדי רספברי אפרסק,הכרם - משקאות חריפים בעמ,,,"י""ח",1,,false,1,26.20,26.20,true,1,
8002450205006,false,ספרקלטיני תות שדה ורדי בוסקה (750 מל),הכרם - משקאות חריפים בעמ,,,"י""ח",750,"ל מ""ל",false,1,26.20,3.45,true,1,
8002450206003,false,משקה כהלי ורדי רימונים ספרקלטיני 750מ,הכרם - משקאות חריפים בעמ,,,"י""ח",750,"ל מ""ל",false,1,26.20,3.45,true,1,
8002450208007,false,ספרקלטיני גרין אפל ורדי בוסקה (750 מל),הכרם - משקאות חריפים בעמ,,,"י""ח",1,,false,1,31.30,31.30,true,1,
8002910043476,false,ויט רצועות שעווה מוכנות לקו הביקיני 12 יחידות,רקיט בנקיזר (ניר איסט) בעמ,,,"י""ח",1,"י""ח",false,1,23.90,23.90,true,1,
8004030022010,false,ירקות גינה עם טונה ריו מרה אינסלטיסימי 160 ג',"בולטון אלימנטרי בע""\מ",,,"י""ח",160,ל גרם,false,1,15.90,9.94,false,1,
8004030026018,false,"מקסיקני עם טונה ריו מרה אינסלטיסימי, 160 ג'","בולטון אלימנטרי בע""\מ",,,"י""ח",160,ל גרם,false,1,15.90,9.94,false,1,
8004030344938,false,"ריו מרה טונה בשמן זית 3X80 גרם מתכון חדש כשל""פ","בולטון אלימנטרי בע""\מ",,,"י""ח",240,ל גרם,false,1,24.90,10.38,false,1,
8004800004802,false,לאגו פלאסיר גליליוופל קרם דומדמניות 100 גרם,תה ויסוצקי (ישראל) בעמ,,,"י""ח",100,ל גרם,false,1,11.90,11.90,true,1,
8005110170300,false,עגבניות מרוסקות חתוכות מוטי MUTTI שלישיה *400,רסטרטו יבוא ושיווק בעמ*אין החז,,,"י""ח",400,ל גרם,false,1,18.90,4.73,true,1,
8005110200014,false,רסק עגבניות 210 ג' CONCENTRATO MUTTI,רסטרטו יבוא ושיווק בעמ,,,"י""ח",200,ל גרם,false,1,7.90,3.95,false,1,
8005200256587,false,נסטי - תה קר בטעם אפרסק 1.5 ליטר,מפעל סאנפלגרינו S.P.A,,,"י""ח",1.50,ליטר,false,1,8.90,5.73,true,1,
8005200286584,false,תה קר נסטי מנגו אננס 1.5 ליטר פיקדון,מפעל סאנפלגרינו S.P.A,,,"י""ח",1.50,ליטר,false,1,8.90,5.73,true,1,
8005803010357,false,גריסיני קלאסי - מקלות אפויים עם שמן זית ומלח,ליימן שליסל בע`מ,,,"י""ח",125,ל גרם,false,1,7.90,6.32,true,1,
8005803010586,false,"מקלות אפויים עם שמן זית, מלח, עגבניות ואורגנו, 125 גרם, אמור די פאן","הוסטה איטליה, ס.ר.ל.",,,"י""ח",125,ל גרם,false,1,7.90,6.32,true,1,
8006540112823,false,"לנור מרכך כביסה מרוכז בניחוח האוקיינוס 900 מ""ל",דיפלומט מפיצים (1968) בעמ,,,"י""ח",900,"ל מ""ל",false,1,15.90,1.77,true,1,
8006540112854,false,"מרכך כביסה מרוכז בניחוח סחלב לנור 900 מ""ל",דיפלומט מפיצים (1986) בע`מ,,,"י""ח",900,"ל מ""ל",false,1,15.90,1.77,true,1,
8006540163986,false,אריאל קפסולות לכביסה 35 יח`,דיפלומט מפיצים (1968) בעמ,,,"י""ח",35,"י""ח",false,1,44.90,1.28,false,1,
8006540222089,false,פמפרס מגבונים היגיינים לתינוקות וילדים TO GO 40 יח',דיפלומט מפיצים (1986) בע`מ,,,"י""ח",1,,false,1,7.90,7.90,false,1,
8006540429327,false,פיירי מקס פאוור לימון עם מנגנון למניעת נזילות,דיפלומט מפיצים (1968) בעמ,,,"י""ח",1.24,ליטר,false,1,9.90,7.98,false,1,
8006540491539,false,"נוזל כלים פיירי פלטינום אוריגינל 780 מ""ל",דיפלומט מפיצים (1986) בע`מ,,,"י""ח",780,"ל מ""ל",false,1,14.90,1.91,true,1,
8007178223547,false,ג`קובזי קרם בלסמי מצומצם ממודנה 250 מל,דיפלומט מפיצים (1968) בעמ**,,,"י""ח",250,"ל מ""ל",false,1,25.90,10.36,false,1,
8008245004861,false,ממרח אגוזי לוז עם חלב מובנפיק 300 גרם,יבואן ומשווק: ש. שסט,,,"י""ח",300,ל גרם,false,1,16.90,5.63,true,1,
8008660210038,false,מעדן ריבה מנץ אנד גאססר תות שדה 300 גר,תה ויסוצקי (ישראל) בעמ,,,"י""ח",300,ל גרם,false,1,15.90,5.30,true,1,
8008660210045,false,מעדן פירות יער מנז אנד גאסר ויסוצקי 300 גרם,תה ויסוצקי (ישראל) בעמ,,,"י""ח",300,ל גרם,false,1,15.90,5.30,true,1,
8008912010034,false,ליגורי- ספגטי מספר 3 500גר,תה ויסוצקי (ישראל)בעמ,,,"י""ח",500,ל גרם,false,1,8.90,1.78,true,1,
8008912010317,false,LIGUORI פסטה פוזילי 500 גרם מספר 31,תה ויסוצקי (ישראל)בעמ,,,"י""ח",500,ל גרם,false,1,8.90,1.78,true,1,
8011033011279,false,קוסקוס אמיתי 1 קג מר,דין שיווק וקליה 2021 בעמ,,,"י""ח",1,"ק""ג",false,1,11.90,11.90,false,1,
8017938005122,false,"נטורפוד חומץ תפוחים אורגני 750 מ""ל",מריה לוצ'יה מלצ'יורי,,,"י""ח",750,ל גרם,false,1,20.90,2.79,false,1,
8024985002783,false,מחית פירות סמוצ`י תפוח גזר דלעת ללא תוספ,נטורפוד בעמ,,,"י""ח",100,ל גרם,false,1,5.90,5.90,false,1,
8024985005234,false,מחית פירות סמוצ`י תפוח עץ ומנגו אורגנית,נטורפוד בעמ,,,"י""ח",100,ל גרם,false,1,5.90,5.90,false,1,
8024985005302,false,סמוזי תפוח רימון פטל אוכמנויות ואסאי אורגני,נטורפוד בעמ,,,"י""ח",120,ל גרם,false,1,6.90,5.75,false,1,
8024985008037,false,מחית פירות סמוצ`י תפוח אורגנית ללא תוספת,"נטורפוד בע""מ",,,"י""ח",100,ל גרם,false,1,5.90,5.90,false,1,
8024985008044,false,מחית פירות סמוצ`י אגס אורגנית ללתס נטור,"נטורפוד בע""מ",,,"י""ח",100,ל גרם,false,1,5.90,5.90,false,1,
8032793342458,false,עגבניות מרוסקות דק ומסוננות בבקבוק 700 ג',קונסוריזיו קאסאלסקו דל פ,,,"י""ח",700,ל גרם,false,1,11.90,1.70,true,1,
8032880800243,false,פיקניק הפתעה - אגוזי לוז ומקלות אפויים,"הוסטה איטליה, ס.ר.ל.",,,"י""ח",50,ל גרם,false,1,9.30,18.60,true,1,
8076800195057,false,ברילה - צ.א ספגטי מס5 חדש 500 גרם,ברילה גי.אי.אר פרטלי ס.פ,,,"י""ח",500,ל גרם,false,1,7.90,1.58,false,1,
8076802085738,false,ברילה צ.ק פנה רגטה מס' 73 500 גרם,ברילה גי.אי.אר פרטלי ס.פ,,,"י""ח",500,ל גרם,false,1,7.90,1.58,false,1,
8076802085936,false,ברילה פסטה צ.ק. קונצילה ריגטה חדש,ברילה גי.אי.אר פרטלי ס.פ,,,"י""ח",500,ל גרם,false,1,7.90,1.58,false,1,
8076802085981,false,ברילה - צ.ק פוזילי חדש 500 גרם,ברילה גי.אי.אר פרטלי ס.פ,,,"י""ח",500,ל גרם,false,1,7.90,1.58,false,1,
8076808060654,false,פסטה פרפלה מספר 65 ברילה 500 גרם,ברילה גי.אי.אר פרטלי ס.פ,,,"י""ח",500,ל גרם,false,1,7.90,1.58,false,1,
8076808150072,false,ברילה - צ.א ספגטוני מס7 חדש 500 גרם,ברילה גי.אי.אר פרטלי ס.פ,,,"י""ח",500,ל גרם,false,1,7.90,1.58,false,1,
8076809512268,false,פסטה גירנדולה טורסדס מספר 34 ברילה 500 גרם,ברילה גי.אי.אר פרטלי ס.פ,,,"י""ח",500,ל גרם,false,1,7.90,1.58,false,1,
8076809513395,false,ברילה פומודורו רוטב עגבניות קלאסי 400 גר,ברילה גי.אי.אר פרטלי ס.פ,,,"י""ח",400,ל גרם,false,1,15.90,3.98,true,1,
8076809513654,false,בסיס רוטב עגבניות לבולונז ברילה 400 גרם,ברילה גי.אי.אר פרטלי ס.פ,,,"י""ח",400,ל גרם,false,1,15.90,3.98,true,1,
8076809514774,false,ברילה פפרדלה איטריות ביצים 250 גרם,ברילה גי.אי.אר פרטלי ס.פ,,,"י""ח",250,ל גרם,false,1,17.90,7.16,false,1,
8076809523707,false,פסטה ברילה קסטלנה 500 גרם,ברילה גי.אי.אר פרטלי ס.פ,,,"י""ח",500,ל גרם,false,1,13.90,2.78,false,1,
8076809523738,false,דפי לזניה ברילה 500 גרם,ברילה גי.אי.אר פרטלי ס.פ,,,"י""ח",500,ל גרם,false,1,24.90,4.98,false,1,
8410076600622,false,חטיפי גרנולה קראנצ'י עם שוקולד מריר נייצ'ר ואלי 210 גרם,ג'נרל מילס סאן אדריאן,,,"י""ח",210,ל גרם,false,1,21.90,10.43,true,1,
8410076610386,false,נייטשר ואלי פרוטאין בוטנים עם ציפוי בטעם קרמל מלוח 160 ג',ג'\נרל מילס סאן אדריאן S,,,"י""ח",4,"י""ח",false,1,26.90,6.73,false,1,
8410076610492,false,חטיף שיבולת שועל מלאה ובוטנים בציפוי עם חמאת בוטנים,יבואן ומשווק: ש. שסט,,,"י""ח",4,"י""ח",false,1,21.90,5.48,true,1,
8410076621047,false,עוגות אישיות בטעם שוקולד עם חתיכות בטעם שוקולד,ליימן שליסל בע`מ,,,"י""ח",210,ל גרם,false,1,12.90,6.14,true,1,
8410104045111,false,"פיניש מלח למדיח כלים 2ק""ג",רקיט בנקיזר (ניר איסט) בעמ,,,"י""ח",1,"י""ח",false,1,14.90,14.90,false,1,
8410104437268,false,מפיג ריח רגיל למדיח פיניש 1 יחידה,רקיט בנקיזר (ניר איסט) בעמ,,,"י""ח",27,ל גרם,false,1,18.90,70,true,1,
8412497913992,false,"בקבוק פלסטיק גדול 600מ""ל פרוזן",שמחה זה אנחנו,,,"י""ח",1,,false,1,29.90,29.90,false,1,
8420708012822,false,קשקבל צאן ספרדי בשלה 200 גר,מיוצר עי קונדיטוריית,,,"י""ח",200,ל גרם,false,1,27.90,13.95,false,1,
8420822130624,false,"ספריי סופר מסיר כתמים 750מ""ל יעקבי","יעקב יעקבי ובניו בע""מ",,,"י""ח",750,ל גרם,false,1,20.90,2.79,false,1,
8423207206488,false,סלים דליס חטיף דגנים מצופה שוקולד חלב מרבה 6*20 גרם,אף.סי תבליני בגליל ב,,,"י""ח",283,ל גרם,false,1,13.90,4.91,true,1,
8423207208680,false,חטיף דגנים שוקולד סלים דליס לילדים מרבה 6 יחידות,ביסנצ'ורי אס.אל.יו,,,"י""ח",283,ל גרם,false,1,13.90,4.91,true,1,
8423207208697,false,חטיפי סלים דליס לילדים שוקולד לבן מרבה 6 יחידות,ביסנצ'ורי אס.אל.יו,,,"י""ח",283,ל גרם,false,1,13.90,4.91,true,1,
8423207209885,false,מרבה חטיפי סלים דליס מהדורה מיוחדת שוקולד חלב,סלים דליס Slim Delis,,,"י""ח",283,ל גרם,false,1,13.90,4.91,true,1,
8423207210287,false,מרבה סלים דליס שוקולד לבן בטעם יוגורט 120 ג',סלים דליס Slim Delis,,,"י""ח",120,ל גרם,false,1,13.90,11.58,true,1,
8423207210928,false,חטיף דגנים מצופה שוקולד חלב ואגוזי לוז - 5 במארז,נוטרישן אנד סנטה קוב,,,"י""ח",283,ל גרם,false,1,13.90,4.91,true,1,
8435495805106,false,"ביומט אבקת כביסה בניחוח רענן 5ק""ג",ליימן שליסל בעמ,,,"י""ח",5,"ק""ג",false,1,34.90,6.98,true,1,
8435495805168,false,"תינוקלין לכביסה לעור רגיש אולימפיק 1.25ק""ג",מולינו ניקולי s.p.a,,,"י""ח",1.25,"ק""ג",false,1,25.90,20.72,false,1,
8435495807605,false,תינוקלין מרכך כביסה היפואלרגני מרוכז 1 ליטר,מולינו ניקולי s.p.a,,,"י""ח",1,ליטר,false,1,19.90,19.90,true,1,
8435495807636,false,תינוקלין ג`ל כביסה בייבי סנסטיב היפואל,ליימן שליסל בע`מ,,,"י""ח",5,"ק""ג",false,1,30.90,6.18,false,1,
8485818700014,false,משקפי ראיה איכותיים,ביג מול בעמ,,,"י""ח",1,,false,1,19.90,19.90,false,1,
8681863065287,false,saltbae מלח הימלאיה 350 גרם ויליפוד,ג. וילי-פוד אינטרנשיונל בע`מ,,,"י""ח",350,ל גרם,false,1,24.90,7.11,true,1,
8681982060668,false,מארז קופסאות.,פיקס יבוא (ש.ע) בעמ,,,"י""ח",1,,false,1,19.90,19.90,true,1,
8683130008355,false,מיונז שום לחיץ אמיתי הלמנס 400 גרם,יוניליוור ישראל שיווק בע`מ,,,"י""ח",400,ל גרם,false,1,13.90,3.48,false,1,
8683130008935,false,"הלמנס קטשיונז 425 גר{הרב רלב""ג}",יוניליוור ישראל שיווק בע`מ,,,"י""ח",425,ל גרם,false,1,13.90,3.27,false,1,
8683130025574,false,"מרכך כביסה מרוכז אקסטרה לבנדר בדין 960 מ""ל",יוניליוור ישראל שיווק בע`מ,,,"י""ח",960,"ל מ""ל",false,1,15.90,1.66,true,1,
8683130025581,false,"מרכך כביסה מרוכז אקסטרה ענבר בדין 960 מ""ל",יוניליוור ישראל שיווק בע`מ,,,"י""ח",960,"ל מ""ל",false,1,15.90,1.66,true,1,
8686868600075,false,אביזרי שיער סיכות פפיון גדולות,אל האופק שיווק וסחר,,,"י""ח",1,,false,1,9.90,9.90,false,1,
8686868600129,false,המותג אביזרי שיער,אל האופק שיווק וסחר,,,"י""ח",1,,false,1,14.90,14.90,false,1,
8690504081913,false,מקוויטיס טינס מצופה שוקולד חלב 150 גרם,תה ויסוצקי (ישראל) בעמ,,,"י""ח",150,ל גרם,false,1,10.90,7.27,true,1,
8690504081937,false,מקוויטיס טינס שוקולד חלב וקפוצינו 150 גר,תה ויסוצקי (ישראל) בעמ,,,"י""ח",150,ל גרם,false,1,12.90,8.60,true,1,
8690582232405,false,"בירה VENUS פחית ירוק 500 מ""ל",אינטרסן (1996) בעמ,,,"י""ח",500,"ל מ""ל",false,1,6.50,1.24,true,1,
8690637073434,false,תה ארל גריי בטעם ברגמוט ללא שקית100ש,יוניליוור ישראל שיווק בע`מ,,,"י""ח",200,ל גרם,false,1,26.90,13.45,false,1,
8690637503856,false,ממרח הלמנס כ- 40% פחות שומן לעומת מיונז,יוניליוור ישראל שיווק בע`מ,,,"י""ח",789,ל גרם,false,1,13.90,1.76,false,1,
8690637505959,false,דאב סבון ידיים הזנה לוטוס 500 מל,יוניליוור ישראל שיווק בעמ,,,"י""ח",500,"ל מ""ל",false,1,12.90,2.58,false,1,
8690637842382,false,מגנום דאבל פרי יער שטראוס 82 גר,"מיוצר ע""\י יונילוור סנאי",,,"י""ח",85,ל גרם,false,1,11,12.94,true,1,
8690637946301,false,"בדין - מרכך כביסה אקסטרא בייביי כחול 960 מ""ל",יוניליוור ישראל שיווק בע`מ,,,"י""ח",960,"ל מ""ל",false,1,17.90,1.86,false,1,
8690637971310,false,"מרכך כביסה מרוכז אקסטרה בניחוח יערת הדבש בדין 960 מ""ל",יוניליוור ישראל שיווק בע`מ,,,"י""ח",960,"ל מ""ל",false,1,17.90,1.86,true,1,
8690637976995,false,"מרכך כביסה מרוכז אקסטרה ורוד סחלבים פראי בדין 960 מ""ל",יוניליוור ישראל שיווק בע`מ,,,"י""ח",960,"ל מ""ל",false,1,17.90,1.86,true,1,
8690757002376,false,"משחה להברקת נעליים עם ספוג 50 SILVERמ""ל-צבע שחור",אינטרסן (1996) בעמ,,,"י""ח",75,"ל מ""ל",false,1,4.90,6.53,false,1,
8693323099107,false,מרשמלו לבבות בטעם תות ווניל,ליימן שליסל בעמ,,,"י""ח",150,ל גרם,false,1,9.40,6.27,true,1,
8697418261370,false,מים 0.5ליטר אקווה ביני פקק רגיל בודד,אלמוג ר.א.מ. מזון בעמ,,,"י""ח",50,"ל מ""ל",false,1,2.90,5.20,false,1,
8697418261431,false,מים 0.5ליטר אקווה בינ פקק רגיל מארז 12יח,אלמוג ר.א.מ. מזון בעמ,,,"י""ח",6,ליטר,false,1,19.90,2.72,false,1,
8697530910743,false,סיגריות פאל מאל כחול קצר מטאליק,גלוברנדס בעמ - שיווק סיגריות,,,"י""ח",1,,false,1,29.50,29.50,false,1,
8697826469092,false,טורטיה קטנה שקדיה 540 גרם 12 יחידות,דין שיווק וקליה 2021 בעמ,,,"י""ח",540,ל גרם,false,1,9.90,1.83,true,1,
8698313596666,false,גלידת שמנת עם חתיכות פיסטוק 555 גר,אייס דילר בי.אמ.די בעמ,,,"י""ח",555,ל גרם,false,1,35.90,6.47,false,1,
8710502064814,false,עוגיות מרבה שוקולד ציפס במרקם רך 175 גר,בנקטבקריי מרבה בי.וי,,,"י""ח",225,ל גרם,false,1,9.90,4.40,true,1,
8710502139017,false,עוגיות טריפל שוקולד צ`יפס מרבה (180 גרם),בנקטבקריי מרבה בי.וי,,,"י""ח",180,ל גרם,false,1,9.90,5.50,true,1,
8710502194801,false,"עוגיות שוקלד ציפס רכה פירות יער ""מרבה"" 175 גרם",בנקטבקריי מרבה בי.וי,,,"י""ח",175,ל גרם,false,1,9.90,5.66,true,1,
8710502194825,false,מרבה - עוגיות שוקוצ'יפס כשר למהדרין 150 גרם,ש.שסטוביץ בעמ,,,"י""ח",150,ל גרם,false,1,6.90,4.60,true,1,
8710502470035,false,מרבה פטיסרי עוגיות נוגטלי במילוי קרם אגו,ש. שסטוביץ בע`מ,,,"י""ח",180,ל גרם,false,1,10.90,6.06,true,1,
8710679158248,false,"צ`יפס קלאסי 2.5ק""ג ק",***אדום גרופ למזון שיווק***,,,"י""ח",2.50,"ק""ג",false,1,27.90,11.16,false,1,
8710800027573,false,סוכריות מיני בטעם פירות מנטוס 178 גרם,פרפטי ואן מלה ברדה,,,"י""ח",178,ל גרם,false,1,18.70,10.51,true,1,
8711000371183,false,ג'ייקובס קפסולות קפה אספרסו אינטסו עוצמה 10,ג'ייקובס דאו אגברטס צרפת,,,"י""ח",52,ל גרם,false,1,16.90,32.50,true,1,
8711000371206,false,ג'ייקובס קפסולות קפה אספרסו ריסטרטו עוצמה 12,ג'ייקובס דאו אגברטס צרפת,,,"י""ח",52,ל גרם,false,1,16.90,32.50,true,1,
8711000371244,false,"ג'ייקובס קפסולות אספרסו (8) 10 יח', 52ג' לונגו",דיפלומט מפיצים (1968) בעמ**,,,"י""ח",52,ל גרם,false,1,16.90,32.50,true,1,
8712400802499,false,תרכובת מזון המשך לפעוטות על בסיס חלב שלב 1,דיפלומט מפיצים (1968) בעמ**,,,"י""ח",800,ל גרם,false,1,64.90,8.11,false,1,
8712400802512,false,תרכובת מזון המשך לפעוטות על בסיס חלב שלב 2,דיפלומט מפיצים (1968) בעמ**,,,"י""ח",800,ל גרם,false,1,64.90,8.11,false,1,
8712400802536,false,תרכובת מזון המשך לפעוטות על בסיס חלב שלב 3,דיפלומט מפיצים (1968) בעמ**,,,"י""ח",800,ל גרם,false,1,64.90,8.11,false,1,
8712561594608,false,"דאב תחליב רחיצה להזנה עמוקה 750 מ""ל",יוניליוור ישראל שיווק בע`מ,,,"י""ח",750,"ל מ""ל",false,1,22.90,3.05,true,1,
8712561611411,false,"תחליב רחצה בניחוח מלפפון ותה ירוק דאב 750 מ""ל",יוניליוור ישראל שיווק בע`מ,,,"י""ח",750,"ל מ""ל",false,1,22.90,3.05,true,1,
8714599410530,false,קפה ג`ייקובס קרוננג מיובש בהקפאה 200 ג,דיפלומט מפיצים (1968) בעמ**,,,"י""ח",200,ל גרם,false,1,22.90,11.45,false,1,
8714599410806,false,ג'ייקובס קרוננג מיובש בהקפאה 160 גרם סגירה חוזרת,דיפלומט מפיצים (1968) בעמ**,,,"י""ח",160,ל גרם,false,1,19.90,12.44,true,1,
8714599513781,false,"קפה נמס מיובש בהקפאה זהב צנצנת ג'ייקובס 200 גרם לל""ס",דיפלומט מפיצים (1968) בעמ**,,,"י""ח",200,ל גרם,false,1,27.90,13.95,false,1,
8714599513835,false,גי'קובס קרונונג נייט אנד דיי - נטול קופיאין,דיפלומט מפיצים (1968) בעמ**,,,"י""ח",200,ל גרם,false,1,36.90,18.45,false,1,
8714599513866,false,"קפה נמס מיובש בהקפאה קרונג צנצנת ג'ייקובס 200 גרם לל""ס",דיפלומט מפיצים (1968) בעמ**,,,"י""ח",200,ל גרם,false,1,27.90,13.95,true,1,
8714789177229,false,רבעיית מברשות שיניים קולגייט אקסטרה קלין 1 יחידה,הנסיך- מפעל לייצור ט,,,"י""ח",1,,false,1,11.90,11.90,false,1,
8714789402918,false,נוזל לניקוי כללי ורצפות בניחוח פרחי בר אג'קס 1.5 ליטר,הנסיך- מפעל לייצור ט,,,"י""ח",1.50,ליטר,false,1,19.90,13.27,true,1,
8714789402970,false,נוזל לניקוי כללי ורצפות בניחוח פרחי אביב אגק'ס 1.5 ליטר,הנסיך- מפעל לייצור ט,,,"י""ח",1.50,ליטר,false,1,19.90,13.27,true,1,
8714789450315,false,פלמוליב נוזל כלים לימון 1.5 ליטר,הנסיך- מפעל לייצור ט,,,"י""ח",1.50,ליטר,false,1,16.90,11.27,true,1,
8714789834467,false,פלמוליב נוזל לניקוי כלים קלאסי 1.5 ליטר,קולגייט-פלמוליב,,,"י""ח",1.50,ליטר,false,1,15.90,10.60,true,1,
8714789930848,false,"משחת שיניים אופטיק וייט הלבנה מיידית קולגייט 75 מ""ל",איינשטיין-צור יבוא-יצוא וסחר ב,,,"י""ח",750,"ל מ""ל",false,1,22.90,3.05,true,1,
8715300238306,false,חמאה הולנדית ללא מלח 200 גרם,בני ג`ורג` שוקחה (חיפה) בעמ,,,"י""ח",200,ל גרם,false,1,12.90,6.45,false,1,
8715700110141,false,מיונז קרמי היינץ צנצנת 460ג',דיפלומט מפיצים (1968) בעמ**,,,"י""ח",460,ל גרם,false,1,12.90,2.80,false,1,
8715700110158,false,היינץ ממרח במרקם קרמי צנצנת 490 גרם,דיפלומט מפיצים (1968) בעמ**,,,"י""ח",490,ל גרם,false,1,12.90,2.63,false,1,
8715700115344,false,"מתבל עגבניות היינץ 460 גר' כשל""פ",דיפלומט מפיצים (1968) בעמ**,,,"י""ח",460,ל גרם,false,1,7.90,1.72,false,1,
8715700117805,false,"קטשופ היינץ מתבל עגבניות ללא תוספת סוכר ומלח 425 מ""ל",דיפלומט מפיצים (1968) בעמ**,,,"י""ח",400,ל גרם,false,1,11.90,2.98,false,1,
8715700419732,false,מתבל עגבניות היינץ (700 גרם),דיפלומט מפיצים (1968) בעמ**,,,"י""ח",700,ל גרם,false,1,13.90,1.99,true,1,
8715700421322,false,היינץ רוטב ברביקיו צ'ילי 490 גרם,דיפלומט מפיצים (1968) בעמ**,,,"י""ח",480,ל גרם,false,1,16.90,3.52,false,1,
8717163647226,false,"אקס דאודורנט ספריי גוף בלאק 150 מ""ל",יוניליוור ישראל שיווק בע`מ,,,"י""ח",150,"ל מ""ל",false,1,16.90,11.27,true,1,
8717163647240,false,"אקס דאודורנט ספריי גוף לגבר שוקולד 150 מ""ל",יוניליוור ישראל שיווק בע`מ,,,"י""ח",150,"ל מ""ל",false,1,16.90,11.27,true,1,
8717163647257,false,"אקס דאודורנט ספריי גוף גולד 150 מ""ל",יוניליוור ישראל שיווק בע`מ,,,"י""ח",150,"ל מ""ל",false,1,16.90,11.27,true,1,
8717163711668,false,"דאודורנט רקסונה ספריי נשים טלק 150 מ""ל",יוניליוור ישראל שיווק בע`מ,,,"י""ח",150,"ל מ""ל",false,1,16.90,11.27,true,1,
8717163859759,false,"דאו ספריי וורקאאוט נשים רקסונה 150 מ""ל","יוניליוור ישראלשיווק בע""מ",,,"י""ח",150,"ל מ""ל",false,1,16.90,11.27,true,1,
8717677336616,false,שוקולד מריר עם שקדים ומלח טוניס' שוקולונלי 180 גרם,ליימן שליסל בע`מ,,,"י""ח",180,ל גרם,false,1,18.90,10.50,true,1,
8717677336654,false,טוניס - שוקולד חלב מעולה עם שברי קרמל מלוח,ליימן שליסל בע`מ,,,"י""ח",180,ל גרם,false,1,18.90,10.50,true,1,
8718951031241,false,אלמקס משחת שיניים פרופשיונל 75 מל,ש.שסטוביץ בעמ,,,"י""ח",100,ל גרם,false,1,18.90,18.90,false,1,
8718951076372,false,"קולגייט משחת שיניים תמציות צמחים לשיניים 100 מ""ל",קולגייט פלמוליב,,,"י""ח",100,ל גרם,false,1,11.90,11.90,false,1,
8718951228801,false,"משחת שיניים קולגייט מקס פרש כחול 125 מ""ל",קולגייט פלמוליב,,,"י""ח",125,"ל מ""ל",false,1,17.90,14.32,false,1,
8718951236790,false,"קולגייט טוטאל משחת שיניים קלין מינט לפה בריא 100 מ""ל",קולגייט פלמוליב,,,"י""ח",100,"ל מ""ל",false,1,18.90,18.90,true,1,
8718951236806,false,"קולגייט טוטאל הלבנה משחת שיניים המסייעת בהסרת כתמים 100 מ""ל",ש. שסטוביץ בע`מ,,,"י""ח",100,"ל מ""ל",false,1,18.90,18.90,true,1,
8718951264618,false,"קולגייט אופטיק וייט פחם צ'רקול משחת שיניים, 75 מ""ל",איינשטיין-צור יבוא-יצוא וסחר ב,,,"י""ח",256,ל גרם,false,1,26.90,10.51,true,1,
8718951286733,false,"קולגייט אופטיק וייט לסטינג וייט משחת שיניים 75 מ""ל",ש. שסטוביץ בע`מ,,,"י""ח",256,ל גרם,false,1,27.90,10.90,true,1,
8718951290150,false,קולגייט שטיפת פה Gum Invigorate,ש.שסטוביץ בעמ,,,"י""ח",500,"ל מ""ל",false,1,29.90,5.98,true,1,
8718951333048,false,"פלמוליב סבון לידיים למטבח, 300 מ""ל",הנסיך- מפעל לייצור ט,,,"י""ח",300,"ל מ""ל",false,1,9.90,3.30,true,1,
8718951338098,false,ליידי ספיד רול און פ,ש.שסטוביץ בעמ,,,"י""ח",50,"ל מ""ל",false,1,14.90,29.80,true,1,
8718951354807,false,נוזל רצפות אגקס חגיגת הפרחים יסמין 1.5 ל,קולגייט פלמוליב,,,"י""ח",1.50,ליטר,false,1,19.90,13.27,true,1,
8718951382640,false,פלמוליב גל רחצה חימר דיטוקס משאבה 750,קולגייט פלמוליב,,,"י""ח",750,"ל מ""ל",false,1,19.90,2.65,true,1,
8718951382718,false,"פלמוליב ג`ל רחצה חימר התחדשות 750 מ""ל",קולגייט פלמוליב,,,"י""ח",750,"ל מ""ל",false,1,19.90,2.65,true,1,
8718951477384,false,"קולגייט משחת שיניים טוטאל ג'ל מתקדם פיור 75 מ""ל",קולגייט פלמוליב,,,"י""ח",75,"ל מ""ל",false,1,19.90,26.53,false,1,
8718951497184,false,"פלמוליב סבון נוזלי ים תיכוני 750 מ""ל",ש.שסטוביץ בעמ,,,"י""ח",750,"ל מ""ל",false,1,19.90,2.65,true,1,
8718951497207,false,"פלמוליב סבון גוף מעושר בלחות 750 מ""ל",ש.שסטוביץ בעמ,,,"י""ח",750,"ל מ""ל",false,1,19.90,2.65,true,1,
8719200997998,false,מרגרינה למריחה בישול וטיגון 200 ג' בלו בנד,דיפלומט מפיצים (1968) בעמ**,,,"י""ח",200,ל גרם,false,1,6.50,3.25,false,1,
8719200998001,false,מרגרינה לאפיה ובישול בלי מלח 200 ג' בלו בנד,יוניליוור ישראל מזון בע\,,,"י""ח",200,ל גרם,false,1,4.90,2.45,false,1,
8719200998018,false,מחמאה מרגרינה בטעם חמאה בלובנד 200 גרם,"מיוצר ע""\י יוניליוור ישר",,,"י""ח",200,ל גרם,false,1,6.60,3.30,false,1,
8719200998094,false,"מרגרינה מזולה לאפיה ללא תוספת מלח 200גר - 40 יח' -כשל""פ","מיוצר ע""\י יוניליוור ישר",,,"י""ח",200,ל גרם,false,1,8.50,4.25,false,1,
8720181045912,false,"אקס דאודורנט ספריי גוף אפריקה 150 מ""ל",יוניליוור ישראל שיווק בע`מ,,,"י""ח",150,"ל מ""ל",false,1,16.90,11.27,true,1,
8722700197508,false,"גלייז חומץ בלסמי 250מ""ל",א. סיימן סחר בעמ,,,"י""ח",250,ל גרם,false,1,39.90,15.96,false,1,
8723400782544,false,מנטוס סוכריות לעיסה בתפזורת בטעם מנטה 160 ג',ליימן שליסל בע`מ,,,"י""ח",1,"י""ח",false,1,15.90,15.90,true,1,
8801055706440,false,מנות אישיות קפה נמס טייסטרס צ'ויס Taster's Choice,קבוצת אוסם סחר-שות.מוגבלת,,,"י""ח",36,ל גרם,false,1,10.90,30.28,false,1,
8801055707966,false,קפה טייסטרס צ`ויס בריסטה נסקפה (180 גרם),קבוצת אוסם סחר שותפות מוגבלת,,,"י""ח",180,ל גרם,false,1,32.90,18.28,false,1,
8801055708772,false,קפה נמס טייסטרס צ`ויס 200 גר+ מילוי 50,קבוצת אוסם סחר-שות.מוגבלת,,,"י""ח",180,ל גרם,false,1,31.40,17.44,false,1,
8801055709427,false,קפה נמס טסטר'ס צ'ויס אלטה ריקה 100 גרם,קבוצת אוסם סחר שותפות מוגבלת,,,"י""ח",100,ל גרם,false,1,25.90,25.90,true,1,
8801055709489,false,אבקה להכנת משקה קפה בטעם קפוצ'ינו אגוזים,קבוצת אוסם סחר שותפות מוגבלת,,,"י""ח",180,ל גרם,false,1,19.90,11.06,false,1,
8801055709526,false,אבקה להכנת משקה קפה בטעם קפוצ'ינו שוקולד לבן,קבוצת אוסם סחר שותפות מוגבלת,,,"י""ח",180,ל גרם,false,1,19.90,11.06,false,1,
8809168840471,false,חטיף אצות מיובשות 9יח 4.5גרם.,מזרח ומערב יבוא ושיווק,,,"י""ח",9,"י""ח",false,1,24.90,2.77,false,1,
8850006331699,false,שלישיית מברשת שיניים קולגייט סלים סופט,קולגייט פלמוליב,,,"י""ח",1,,false,1,24.90,24.90,false,1,
8850006932964,false,מארז מברשות שיניים טוויסטר קולגייט חמישייה,קולגייט פלמוליב,,,"י""ח",1,,false,1,19.90,19.90,false,1,
8850206250592,false,רוטב צ'ילי סריראצ'ה 540 גרם (מזרח ומערב),מזרח ומערב יבוא ושיווק,,,"י""ח",530,ל גרם,false,1,19.90,3.75,false,1,
8850367992164,false,קרם קוקוס 250 מל 20-22% ללא חומר משמר,מזרח ומערב יבוא ושיווק,,,"י""ח",250,"ל מ""ל",false,1,7.90,3.16,true,1,
8850367994779,false,מחית קארי ירוקה 50 גרם,מזרח ומערב יבוא ושיווק,,,"י""ח",50,ל גרם,false,1,5.90,11.80,false,1,
8850389103128,false,"משקה קל סאפה בטעם תפוח 300 מ""ל",פארייפאבה אגרואינדוס,,,"י""ח",300,"ל מ""ל",false,1,7.90,2.53,true,1,
8850389105825,false,משקה אלוורה בטעם ענבים סאפה 1 ליטר,סאפה פובליק קומפני לימיט,,,"י""ח",1,ליטר,false,1,14,14,false,1,
8850389105849,false,סאפה משקה אלוורה מופחת קלוריות בטעם אפרסק 1 ליטר,סאפה פובליק קומפני לימיט,,,"י""ח",1,ליטר,false,1,14,14,false,1,
8850389111352,false,"משקה מלון עם חתיכות גלי קוקוס 320 מ""ל מוגו מוגו",סאפה פובליק קומפני לימיט,,,"י""ח",320,"ל מ""ל",false,1,6.90,2.06,true,1,
8850632604259,false,"יוגטה, חיספוסים, ממתק חמוץ בצורת מקלות בטעם תות שדה,50 גרם",ליימן שליסל בע`מ,,,"י""ח",50,ל גרם,false,1,4.90,9.80,true,1,
8850632604266,false,"יוגטה, ממתק חמוץ בצורת מקלות בטעם קולה, 50 גרם",ליימן שליסל בע`מ,,,"י""ח",50,ל גרם,false,1,4.90,9.80,true,1,
8850632606390,false,"יוגטה, חיספוסים, ממתק חמוץ בצורת שטיח בטעם אבטיח, 50 גרם",ליימן שליסל בע`מ,,,"י""ח",50,ל גרם,false,1,4.90,9.80,true,1,
8858271004799,false,"רוטב צילי מתוק אל פורפסיס 700 מ""ל",מזרח ומערב יבוא ושיווק,,,"י""ח",700,"ל מ""ל",false,1,12.90,1.84,false,1,
8858271005451,false,"רוטב סויה פורמולה 1 - 250 מ""ל מקסצ'אפ",מזרח ומערב יבוא ושיווק,,,"י""ח",250,"ל מ""ל",false,1,11.90,4.76,true,1,
8858271005772,false,"רוטב סויה ללא גלוטן (תמרי)300 מ""ל (כ)",מזרח ומערב יבוא ושיווק,,,"י""ח",300,"ל מ""ל",false,1,16.90,5.63,false,1,
8888021200256,false,סוללות אנרג'ייזר AA מקס 8 יחידות,יצרן: אנרג'ייזר סינג,,,"י""ח",1,,false,1,27.90,27.90,true,1,
8888021200720,false,סוללות אנרג'ייזר AAA מקס 8 יחידות,יצרן: אנרג'ייזר סינג,,,"י""ח",1,,false,1,23.90,23.90,false,1,
8888111030053,false,"מיץ אננס SW טבעי מארז 240X4מ""ל פרימיום",בני פאוזי שמשום (2009) בעמ,,,"י""ח",960,"ל מ""ל",false,1,14.10,1.34,true,1,
8901537024014,false,"אורז בסמטי מובחר 1 ק""ג - דוואט) יורה דיעה",ג. וילי-פוד אינטרנשיונל בע`מ,,,"י""ח",1,"ק""ג",false,1,14.90,14.90,true,1,
8934878081811,false,"דפי אורז 22 ס""מ 400 גר'(Trav) ללא גלוטן",מזרח ומערב יבוא ושיווק,,,"י""ח",400,ל גרם,false,1,14.90,3.73,true,1,
9000101418163,false,שלישיית סבון אסלה בניחוח מתחלף תפוח ירוק ברף,גורי שיווק בעמ,,,"י""ח",50,"ל מ""ל",false,1,17.90,35.80,false,1,
9000101515817,false,קפסולות ג'ל כביסה לבנה וצבעונית 56 יח' פרסיל,גורי שיווק בעמ,,,"י""ח",56,"י""ח",false,1,54.90,0.98,true,1,
9000101520965,false,"סבון אסלה בניחוח מתחלף לוטוס עדין במבוק, 3 יחידות",גורי שיווק בעמ,,,"י""ח",50,"ל מ""ל",false,1,17.90,35.80,false,1,
9001616681363,false,"בקבוק לתינוק אנטי קוליק מאמ 260 מ""ל",אלפא קוסמטיקה בעמ,,,"י""ח",260,"ל מ""ל",false,1,38.90,14.96,false,1,
9001616702730,false,זוג מוצצי סיליקון לאב אנד אפקשן 6+ ו רוד,אלפא קוסמטיקה בעמ,,,"י""ח",1,,false,1,34.90,34.90,false,1,
9002975393812,false,סוכריות גילי הריבו האפי צירי 70 גרם,"האריבו , ג'\י.אם.בי.אייץ",,,"י""ח",70,ל גרם,false,1,6.90,9.86,true,1,
9002975393829,false,סוכריות גילי הריבו פיציס 70 גרם,"האריבו , ג'\י.אם.בי.אייץ",,,"י""ח",70,ל גרם,false,1,6.90,9.86,true,1,
9002975393836,false,סוכריות גילי הריבו האפי קולה 70 גרם,"האריבו , ג'\י.אם.בי.אייץ",,,"י""ח",70,ל גרם,false,1,6.90,9.86,true,1,
9002975393843,false,סוכריות גילי הריבו גולדברס 70 גרם,"האריבו , ג'\י.אם.בי.אייץ",,,"י""ח",70,ל גרם,false,1,6.90,9.86,true,1,
9002975393850,false,סוכריות גילי הריבו וורמס 70 גרם,"האריבו , ג'\י.אם.בי.אייץ",,,"י""ח",70,ל גרם,false,1,6.90,9.86,true,1,
9044400851672,false,סוכריות פז סוגים שונים + 3 מילויים,ר.ב. מוצרי דגנים בעמ,,,"י""ח",25.50,ל גרם,false,1,11.90,46.67,false,1,
9044400885578,false,סוכ.פז מילוי ט.פירות68גר,ר.ב. מוצרי דגנים בעמ,,,"י""ח",8,"י""ח",false,1,10.90,1.36,false,1,
9310072028743,false,טים טם ביסקוויט במילוי שוקולד 200 גרם,"ארנוטס ביסקוויטס בע""",,,"י""ח",200,ל גרם,false,1,21.90,10.95,true,1,
9310072028750,false,חטיף שוקולד דאבל קרם טים טם (200 גרם),"ארנוטס ביסקוויטס בע""",,,"י""ח",200,ל גרם,false,1,21.90,10.95,true,1,
9771565025005,false,עיתון מעריב סוף השבוע,ג`רוזלם פוסט בעמ,,,"י""ח",1,,false,1,6,6,true,1,
9771565039125,false,עיתון לאישה יום ב,ידיעות אחרונות בעמ,,,"י""ח",1,,false,1,21.90,21.90,false,1,
9771565051066,false,עיתון ידיעות אחרונות,ידיעות אחרונות בעמ,,,"י""ח",1,,false,1,20,20,false,1,
9771565066961,false,ידיעות ירושלים יום שישי,ידיעות אחרונות בעמ,,,"י""ח",1,,false,1,6.80,6.80,false,1,
9843022871156,false,נר הבדלה דקורטיבי,צבע ומכחול (2014) בעמ,,,"י""ח",1,"י""ח",false,1,19.90,19.90,false,1,
9843022871972,false,מארז 6 כוסיות לנרונים ללא רגל,צבע ומכחול (2014) בעמ,,,"י""ח",1,,false,1,19.90,19.90,false,1,
72901008010259,true,אפרסמון,ביכורי השדה צפון 1994 ג.ד. בעמ,,,"ק""ג",1,"ק""ג",true,1,11.90,11.90,false,1,
