code,internal_code,name,manufacturer_name,manufacture_country,manufacturer_item_description,unit_qty,quantity,unit_of_measure,weighted,qty_in_package,price,unit_of_measure_price,allow_discount,status,item_id
30,true,קרטון סודה טמפו 24 י,,,קרטון סודה טמפו 24 י,ליטרים,6.60,ליטר,false,,57.90,8.7727,true,1,1171495
48,true,חלה מתוקה עגולה לא א,,,חלה מתוקה עגולה לא א,גרמים,500.00,100 גרם,false,,8.90,0.0178,true,1,1170951
73,true,"10 ק""ג סוכר",,,"10 ק""ג סוכר",יחידה,0.00,יחידה,false,,39.00,0.0000,true,1,1180649
84,true,חלה רגילה/קלועה 500,,,חלה רגילה/קלועה 500,גרמים,500.00,100 גרם,false,,4.90,0.0098,true,1,1175023
87,true,"מארז פחיות 250 מ""ל X",,,"מארז פחיות 250 מ""ל X",ליטרים,6.00,ליטר,false,,89.90,14.9833,true,1,1171498
100,true,Temp Item,,,Temp Item,,0.00,,false,,0.00,0.0000,true,1,2041341
126,true,קרטון מי עדן  קטן-24,,,קרטון מי עדן  קטן-24,ליטרים,12.00,ליטר,false,,45.00,3.7500,true,1,1182374
170,true,בגט בונזור.,,,בגט בונזור.,יחידה,0.00,יחידה,false,,4.40,0.0000,true,1,1155579
172,true,לחם איטלקי טעמים.,,,לחם איטלקי טעמים.,יחידה,0.00,יחידה,false,,6.90,0.0000,true,1,1155581
176,true,חלה מתוקה קלועה בונז,,,חלה מתוקה קלועה בונז,גרמים,560.00,100 גרם,false,,10.90,0.0195,true,1,1155585
177,true,חלה רגילה בונז'ור,,,חלה רגילה בונז'ור,יחידה,0.00,יחידה,false,,9.90,0.0000,true,1,1155586
201,true,בגט כפרי/חיטה מלאה.,,,בגט כפרי/חיטה מלאה.,יחידה,0.00,יחידה,false,,4.90,0.0000,true,1,1155589
213,true,בגט קראסט שיפון.,,,בגט קראסט שיפון.,יחידה,0.00,יחידה,false,,7.90,0.0000,true,1,1155591
351,true,קרטון סודה קינלי 250,,,קרטון סודה קינלי 250,ליטרים,6.00,ליטר,false,,60.00,10.0000,true,1,1182376
473,true,בצל שאלוט,,,בצל שאלוט,00000000000000000יח',1.00,00000000000000000יח',false,,9.90,9.9000,true,1,1190226
554,true,"קמח לבן 10 ק""ג",,,"קמח לבן 10 ק""ג",קילוגרמים,10.00,"ק""ג",false,,43.00,4.3000,true,1,1186423
650,true,פופקורן מלוח מוכן,,,פופקורן מלוח מוכן,גרמים,240.00,100 גרם,false,,6.90,0.0288,true,1,1170933
957,true,מים בורזום טבעיים מא,,,מים בורזום טבעיים מא,ליטרים,4.50,ליטר,false,,39.90,8.8667,true,1,1182290
1104,true,פטריות פורטבלה ארוז,,,פטריות פורטבלה ארוז,00000000000000000יח',1.00,00000000000000000יח',false,,7.90,7.9000,true,1,1198948
2545,true,תמר דקל נור,,,תמר דקל נור,קילוגרמים,1.00,"ק""ג",true,,19.00,19.0000,true,1,1166978
3528,true,בוטנים קלויים,,,בוטנים קלויים,קילוגרמים,1.00,"ק""ג",true,,39.00,39.0000,true,1,1182024
3535,true,גרעין אבטיח קלוי,שקדיה,,גרעין אבטיח קלוי,קילוגרמים,1.00,"ק""ג",true,,59.00,59.0000,true,1,1196825
3542,true,גרעין לבן קלוי,שקדיה,,גרעין לבן קלוי,קילוגרמים,1.00,"ק""ג",true,,44.00,44.0000,true,1,1196826
3559,true,גרעין שחור קלוי,שקדיה,,גרעין שחור קלוי,קילוגרמים,1.00,"ק""ג",true,,29.00,29.0000,true,1,1196827
3573,true,פיסטוק קלוי,שקדיה,,פיסטוק קלוי,קילוגרמים,1.00,"ק""ג",true,,99.00,99.0000,true,1,1196829
3597,true,קשיו קלוי,שקדיה,,קשיו קלוי,קילוגרמים,1.00,"ק""ג",true,,99.00,99.0000,true,1,1182025
3601,true,ברוקולי ארוז,,,ברוקולי ארוז,000000000000000יחידה,1.00,000000000000000יחידה,false,,9.90,9.9000,true,1,1190234
3603,true,שקד ענק קלוי,שקדיה,,שקד ענק קלוי,קילוגרמים,1.00,"ק""ג",true,,99.00,99.0000,true,1,1196830
3641,true,בונדוק קלוי,שקדיה,,בונדוק קלוי,קילוגרמים,1.00,"ק""ג",true,,89.00,89.0000,true,1,1196832
4259,true,"סוכריות מנטה 1 ק""ג",שקדיה,,"סוכריות מנטה 1 ק""ג",קילוגרמים,1.00,"ק""ג",true,,39.00,39.0000,true,1,1196854
4303,true,"סוכריות גומי 1 ק""ג",שקדיה,,"סוכריות גומי 1 ק""ג",קילוגרמים,1.00,"ק""ג",true,,39.00,39.0000,true,1,1196858
4440,true,מאפים מתוקים-מלוחים.,,,מאפים מתוקים-מלוחים.,קילוגרמים,1.00,"ק""ג",true,,39.00,39.0000,true,1,1155600
4662,true,מארז שלישית לחמניות,,,מארז שלישית לחמניות,יחידה,0.00,יחידה,false,,9.90,0.0000,true,1,1193424
4914,true,אננס טבעי,,,אננס טבעי,קילוגרמים,1.00,"ק""ג",true,,79.00,79.0000,true,1,1180825
4938,true,חמוציות מופחת סוכר,,,חמוציות מופחת סוכר,קילוגרמים,1.00,"ק""ג",true,,39.00,39.0000,true,1,1180826
5010,true,חמוציות שלמות,,,חמוציות שלמות,קילוגרמים,1.00,"ק""ג",true,,39.00,39.0000,true,1,1180827
6246,true,צימוק לבן קטן/ בוכרי,,,צימוק לבן קטן/ בוכרי,קילוגרמים,1.00,"ק""ג",true,,39.00,39.0000,true,1,1180828
6500,true,אבטיח סידלס,,,אבטיח סידלס,קילוגרמים,1.00,"ק""ג",true,,5.90,5.9000,true,1,1190235
6504,true,ג'נגיר -זנגוויל,,,ג'נגיר -זנגוויל,קילוגרמים,1.00,"ק""ג",true,,29.90,29.9000,true,1,1195144
6600,true,בטטה,,,בטטה,קילוגרמים,1.00,"ק""ג",true,,5.90,5.9000,true,1,1190237
6660,true,בצל יבש רגיל,,,בצל יבש רגיל,קילוגרמים,1.00,"ק""ג",true,,3.90,3.9000,true,1,1190238
6800,true,גזר ארוז,,,גזר ארוז,קילוגרמים,1.00,"ק""ג",true,,2.90,2.9000,true,1,1190241
6801,true,גזר תפזורת,,,גזר תפזורת,קילוגרמים,1.00,"ק""ג",true,,3.90,3.9000,true,1,1170102
6850,true,סלק אדום,,,סלק אדום,קילוגרמים,1.00,"ק""ג",true,,2.90,2.9000,true,1,1190243
6900,true,חציל,,,חציל,קילוגרמים,1.00,"ק""ג",true,,6.90,6.9000,true,1,1190244
6950,true,קישואים רגיל,,,קישואים רגיל,קילוגרמים,1.00,"ק""ג",true,,7.90,7.9000,true,1,1190245
7000,true,עגבניות חממה גדול,,,עגבניות חממה גדול,קילוגרמים,1.00,"ק""ג",true,,5.90,5.9000,true,1,1190246
7007,true,אבטיח בייבי,,,אבטיח בייבי,קילוגרמים,1.00,"ק""ג",true,,5.90,5.9000,true,1,1190247
7038,true,עגבניות קוקטייל,,,עגבניות קוקטייל,קילוגרמים,1.00,"ק""ג",true,,14.90,14.9000,true,1,1190255
7044,true,חסה מסולסלת,,,חסה מסולסלת,00000000000000000000,0.00,00000000000000000000,false,,4.90,0.0000,true,1,1190259
7050,true,שרי אשכולות,,,שרי אשכולות,קילוגרמים,1.00,"ק""ג",true,,14.90,14.9000,true,1,1190263
7053,true,שרי ליקופן,,,שרי ליקופן,קילוגרמים,1.00,"ק""ג",true,,19.90,19.9000,true,1,1170108
7065,true,בצל ירוק יחידה,,,בצל ירוק יחידה,00000000000000000000,0.00,00000000000000000000,false,,4.90,0.0000,true,1,1190269
7075,true,חטיפיפון/חטיפי מלפפו,,,חטיפיפון/חטיפי מלפפו,00000000000000000יח',1.00,00000000000000000יח',false,,7.90,7.9000,true,1,1190274
7100,true,מלפפון,,,מלפפון,קילוגרמים,1.00,"ק""ג",true,,5.90,5.9000,true,1,1190275
7111,true,בצל אדום,,,בצל אדום,קילוגרמים,1.00,"ק""ג",true,,5.90,5.9000,true,1,1190277
7114,true,פלפל אדום,,,פלפל אדום,קילוגרמים,1.00,"ק""ג",true,,7.90,7.9000,true,1,1190279
7117,true,פלפל ירוק,,,פלפל ירוק,קילוגרמים,1.00,"ק""ג",true,,7.90,7.9000,true,1,1190282
7123,true,פלפל נהריה,,,פלפל נהריה,קילוגרמים,1.00,"ק""ג",true,,7.90,7.9000,true,1,1190283
7130,true,דלורית מיני פאם,,,דלורית מיני פאם,קילוגרמים,1.00,"ק""ג",true,,7.90,7.9000,true,1,1190284
7131,true,דלורית,,,דלורית,קילוגרמים,1.00,"ק""ג",true,,7.90,7.9000,true,1,1190285
7134,true,במיה,,,במיה,קילוגרמים,1.00,"ק""ג",true,,29.90,29.9000,true,1,1190287
7140,true,חסה ערבית,,,חסה ערבית,00000000000000000יח',1.00,00000000000000000יח',false,,3.90,3.9000,true,1,1190289
7141,true,חסה אמריקאית,,,חסה אמריקאית,00000000000000000יח',1.00,00000000000000000יח',false,,4.90,4.9000,true,1,1190290
7145,true,כרובית,,,כרובית,קילוגרמים,1.00,"ק""ג",true,,9.90,9.9000,true,1,1190292
7148,true,פרסה,,,פרסה,קילוגרמים,1.00,"ק""ג",true,,19.90,19.9000,true,1,1190294
7150,true,מלון,,,מלון,קילוגרמים,1.00,"ק""ג",true,,5.90,5.9000,true,1,1190296
7152,true,מלון כתום,,,מלון כתום,קילוגרמים,1.00,"ק""ג",true,,5.90,5.9000,true,1,1190298
7155,true,ברוקלית,,,ברוקלית,00000000000000000000,0.00,00000000000000000000,false,,7.90,0.0000,true,1,1206667
7159,true,קולרבי,,,קולרבי,קילוגרמים,1.00,"ק""ג",true,,7.90,7.9000,true,1,1190303
7161,true,קישואים למילוי,,,קישואים למילוי,קילוגרמים,1.00,"ק""ג",true,,12.90,12.9000,true,1,1190305
7162,true,שעועית ירוקה,,,שעועית ירוקה,קילוגרמים,1.00,"ק""ג",true,,29.90,29.9000,true,1,1190306
7163,true,שעועית צהובה,,,שעועית צהובה,קילוגרמים,1.00,"ק""ג",true,,29.90,29.9000,true,1,1190307
7170,true,סלרי עלים קצוץ,,,סלרי עלים קצוץ,00000000000000000000,0.00,00000000000000000000,false,,5.90,0.0000,true,1,1170118
7172,true,שומר,,,שומר,קילוגרמים,1.00,"ק""ג",true,,7.90,7.9000,true,1,1190310
7175,true,פלפל חריף ירוק,,,פלפל חריף ירוק,קילוגרמים,1.00,"ק""ג",true,,7.90,7.9000,true,1,1190312
7178,true,דלעת,,,דלעת,קילוגרמים,1.00,"ק""ג",true,,5.90,5.9000,true,1,1190314
7180,true,פל שושקה ירוק,,,פל שושקה ירוק,קילוגרמים,1.00,"ק""ג",true,,12.90,12.9000,true,1,1190315
7181,true,דלעת ערמונים,,,דלעת ערמונים,קילוגרמים,1.00,"ק""ג",true,,19.90,19.9000,true,1,1190316
7183,true,סלק עלים,,,סלק עלים,00000000000000000יח',1.00,00000000000000000יח',false,,4.90,4.9000,true,1,1190317
7184,true,פלפל שושקה אדום,,,פלפל שושקה אדום,קילוגרמים,1.00,"ק""ג",true,,12.90,12.9000,true,1,1190318
7185,true,פלפל חריף אדום,,,פלפל חריף אדום,קילוגרמים,1.00,"ק""ג",true,,12.90,12.9000,true,1,1190319
7248,true,פלפל צהוב,,,פלפל צהוב,קילוגרמים,1.00,"ק""ג",true,,7.90,7.9000,true,1,1190325
7249,true,פלפל כתום,,,פלפל כתום,קילוגרמים,1.00,"ק""ג",true,,7.90,7.9000,true,1,1190326
7250,true,"תפוא"" לבן תפזורת",,,"תפוא"" לבן תפזורת",קילוגרמים,1.00,"ק""ג",true,,6.90,6.9000,true,1,1190327
7251,true,תפוח אדמה גורמה תפזו,,,תפוח אדמה גורמה תפזו,קילוגרמים,1.00,"ק""ג",true,,6.90,6.9000,true,1,1212993
7300,true,ירק,,,ירק,00000000000000000יח',1.00,00000000000000000יח',false,,2.90,2.9000,true,1,1170121
7320,true,צנונית ארוז,,,צנונית ארוז,גרמים,400.00,00000000000000000גרם,false,,4.90,0.0123,true,1,1190332
7342,true,קישואים זוקיני ירוק,,,קישואים זוקיני ירוק,קילוגרמים,1.00,"ק""ג",true,,9.90,9.9000,true,1,1190340
7372,true,שעועית בולגרית,,,שעועית בולגרית,קילוגרמים,1.00,"ק""ג",true,,29.90,29.9000,true,1,1190344
7373,true,שעועית הילדה,,,שעועית הילדה,קילוגרמים,1.00,"ק""ג",true,,29.90,29.9000,true,1,1190345
7376,true,שום יבוא,,,שום יבוא,00000000000000000000,0.00,00000000000000000000,false,,4.90,0.0000,true,1,1190347
7400,true,כרוב אדום,,,כרוב אדום,קילוגרמים,1.00,"ק""ג",true,,6.90,6.9000,true,1,1190348
7432,true,שרי תמר,,,שרי תמר,קילוגרמים,1.00,"ק""ג",true,,19.90,19.9000,true,1,1190350
7433,true,שרי קלמר,,,שרי קלמר,00000000000000000000,0.00,00000000000000000000,false,,7.90,0.0000,true,1,1170128
7461,true,תירס ארוז,,,תירס ארוז,קילוגרמים,1.00,"ק""ג",true,,7.90,7.9000,true,1,1190355
7473,true,"תפו""א אדום תפזורת",,,"תפו""א אדום תפזורת",קילוגרמים,1.00,"ק""ג",true,,6.90,6.9000,true,1,1190356
7474,true,"תפו""א אדום לאפיה",,,"תפו""א אדום לאפיה",קילוגרמים,1.00,"ק""ג",true,,3.90,3.9000,true,1,1190357
7476,true,"תפו""א ירושלמי",,,"תפו""א ירושלמי",קילוגרמים,1.00,"ק""ג",true,,9.90,9.9000,true,1,1170131
7478,true,"תפו""א לבן לאפיה",,,"תפו""א לבן לאפיה",קילוגרמים,1.00,"ק""ג",true,,3.90,3.9000,true,1,1170132
7500,true,כרוב לבן,,,כרוב לבן,קילוגרמים,1.00,"ק""ג",true,,2.90,2.9000,true,1,1190364
7501,true,כרוב שטוח למילוי,,,כרוב שטוח למילוי,קילוגרמים,1.00,"ק""ג",true,,5.90,5.9000,true,1,1190365
7505,true,אננס,,,אננס,00000000000000000000,0.00,00000000000000000000,false,,29.90,0.0000,true,1,1190367
7507,true,אפרסק לבן,,,אפרסק לבן,קילוגרמים,1.00,"ק""ג",true,,14.90,14.9000,true,1,1190368
7508,true,אפרסק צהוב,,,אפרסק צהוב,קילוגרמים,1.00,"ק""ג",true,,14.90,14.9000,true,1,1190369
7509,true,קיווי,,,קיווי,קילוגרמים,1.00,"ק""ג",true,,19.90,19.9000,true,1,1190370
7511,true,גויאבה,,,גויאבה,קילוגרמים,1.00,"ק""ג",true,,19.90,19.9000,true,1,1190372
7513,true,חבוש,,,חבוש,קילוגרמים,1.00,"ק""ג",true,,14.90,14.9000,true,1,1190374
7518,true,ערמונים אלטאי,,,ערמונים אלטאי,קילוגרמים,1.00,"ק""ג",true,,17.90,17.9000,true,1,1219312
7523,true,ערמונים,,,ערמונים,קילוגרמים,1.00,"ק""ג",true,,17.90,17.9000,true,1,1190379
7528,true,רימון,,,רימון,קילוגרמים,1.00,"ק""ג",true,,7.90,7.9000,true,1,1190384
7529,true,תאנים שקיל,,,תאנים שקיל,קילוגרמים,1.00,"ק""ג",true,,24.90,24.9000,true,1,1190385
7533,true,תע זהוב מובחר,,,תע זהוב מובחר,קילוגרמים,1.00,"ק""ג",true,,11.90,11.9000,true,1,1190388
7534,true,תע אורליאנס,,,תע אורליאנס,קילוגרמים,1.00,"ק""ג",true,,9.90,9.9000,true,1,1190389
7535,true,תע יונתן מובחר,,,תע יונתן מובחר,קילוגרמים,1.00,"ק""ג",true,,11.90,11.9000,true,1,1190390
7536,true,תע חרמון מובחר,,,תע חרמון מובחר,קילוגרמים,1.00,"ק""ג",true,,9.90,9.9000,true,1,1190391
7541,true,תע סמיט מובחר,,,תע סמיט מובחר,קילוגרמים,1.00,"ק""ג",true,,12.90,12.9000,true,1,1190394
7544,true,"תפו""ע קריספינק",,,"תפו""ע קריספינק",קילוגרמים,1.00,"ק""ג",true,,18.90,18.9000,true,1,1190397
7545,true,"תפו""ע גלה מובחר",,,"תפו""ע גלה מובחר",קילוגרמים,1.00,"ק""ג",true,,12.90,12.9000,true,1,1190398
7546,true,תפוח עץ פודזי,,,תפוח עץ פודזי,קילוגרמים,1.00,"ק""ג",true,,14.90,14.9000,true,1,1190399
7550,true,שזיף סנטה רוזה,,,שזיף סנטה רוזה,קילוגרמים,1.00,"ק""ג",true,,17.90,17.9000,true,1,1190402
7552,true,שזיף שגיב,,,שזיף שגיב,קילוגרמים,1.00,"ק""ג",true,,14.90,14.9000,true,1,1190404
7553,true,שזיף שחור,,,שזיף שחור,קילוגרמים,1.00,"ק""ג",true,,19.90,19.9000,true,1,1190405
7554,true,"תפו""ע יונתן קטן",,,"תפו""ע יונתן קטן",קילוגרמים,1.00,"ק""ג",true,,6.90,6.9000,true,1,1190406
7555,true,תפוח עץ קנזי,,,תפוח עץ קנזי,קילוגרמים,1.00,"ק""ג",true,,11.90,11.9000,true,1,1170140
7600,true,אגס קוסיה,,,אגס קוסיה,קילוגרמים,1.00,"ק""ג",true,,12.90,12.9000,true,1,1190407
7662,true,לימון,,,לימון,קילוגרמים,1.00,"ק""ג",true,,8.90,8.9000,true,1,1190408
7663,true,תפוז גדול,,,תפוז גדול,קילוגרמים,1.00,"ק""ג",true,,7.90,7.9000,true,1,1190409
7697,true,אשכולית צהובה,,,אשכולית צהובה,קילוגרמים,1.00,"ק""ג",true,,6.90,6.9000,true,1,1190410
7698,true,אשכולית אדום,,,אשכולית אדום,קילוגרמים,1.00,"ק""ג",true,,3.90,3.9000,true,1,1190411
7700,true,אפרסמון,,,אפרסמון,קילוגרמים,1.00,"ק""ג",true,,14.90,14.9000,true,1,1190413
7713,true,נקטרינה אדומה,,,נקטרינה אדומה,קילוגרמים,1.00,"ק""ג",true,,14.90,14.9000,true,1,1190415
7714,true,נקטרינה לבנה,,,נקטרינה לבנה,קילוגרמים,1.00,"ק""ג",true,,14.90,14.9000,true,1,1190416
7728,true,קלמ מיכל,,,קלמ מיכל,קילוגרמים,1.00,"ק""ג",true,,5.90,5.9000,true,1,1190419
7730,true,קרמבולה,,,קרמבולה,קילוגרמים,1.00,"ק""ג",true,,29.90,29.9000,true,1,1190420
7732,true,פומלה לבנה,,,פומלה לבנה,קילוגרמים,1.00,"ק""ג",true,,7.90,7.9000,true,1,1190422
7734,true,פומלה אדומה,,,פומלה אדומה,קילוגרמים,1.00,"ק""ג",true,,9.90,9.9000,true,1,1190423
7735,true,פומלית,,,פומלית,קילוגרמים,1.00,"ק""ג",true,,7.90,7.9000,true,1,1190424
7736,true,קלמנטינה אורה,,,קלמנטינה אורה,קילוגרמים,1.00,"ק""ג",true,,5.90,5.9000,true,1,1190425
7740,true,קלמנטינה נובה,,,קלמנטינה נובה,קילוגרמים,1.00,"ק""ג",true,,5.90,5.9000,true,1,1190429
7742,true,תפוז ארוז,,,תפוז ארוז,קילוגרמים,1.00,"ק""ג",true,,3.90,3.9000,true,1,1190431
7751,true,תפוח עץ ענה מובחר,,,תפוח עץ ענה מובחר,קילוגרמים,1.00,"ק""ג",true,,5.90,5.9000,true,1,1170152
7758,true,אגס תפוח,,,אגס תפוח,קילוגרמים,1.00,"ק""ג",true,,12.90,12.9000,true,1,1190436
7764,true,אוכמניות,,,אוכמניות,00000000000000000000,0.00,00000000000000000000,false,,9.90,0.0000,true,1,1190440
7768,true,תפוז צהוב,,,תפוז צהוב,קילוגרמים,1.00,"ק""ג",true,,6.90,6.9000,true,1,1190442
7800,true,בננה,,,בננה,קילוגרמים,1.00,"ק""ג",true,,5.90,5.9000,true,1,1190443
7900,true,מנגו,,,מנגו,קילוגרמים,1.00,"ק""ג",true,,12.90,12.9000,true,1,1190445
8011,true,אגס ספדונה,,,אגס ספדונה,קילוגרמים,1.00,"ק""ג",true,,12.90,12.9000,true,1,1190450
8012,true,אגס אדום,,,אגס אדום,קילוגרמים,1.00,"ק""ג",true,,14.90,14.9000,true,1,1190451
8013,true,אגס אמריקאי,,,אגס אמריקאי,קילוגרמים,1.00,"ק""ג",true,,14.90,14.9000,true,1,1190452
8092,true,מארז 10 לחמניות פטיט,,,מארז 10 לחמניות פטיט,יח',10.00,יח',false,,10.00,1.0000,true,1,1155604
8100,true,סברס,,,סברס,קילוגרמים,1.00,"ק""ג",true,,27.90,27.9000,true,1,1190453
8170,true,מנגו מאיה,,,מנגו מאיה,קילוגרמים,1.00,"ק""ג",true,,14.90,14.9000,true,1,1190455
8200,true,ענב לבן,,,ענב לבן,קילוגרמים,1.00,"ק""ג",true,,24.90,24.9000,true,1,1170159
8222,true,ענב לבן טלי ארוז,,,ענב לבן טלי ארוז,קילוגרמים,1.00,"ק""ג",true,,17.90,17.9000,true,1,1190457
8300,true,ענב שחור מוסקט,,,ענב שחור מוסקט,קילוגרמים,1.00,"ק""ג",true,,19.90,19.9000,true,1,1190458
8302,true,ענב שחור תיפזורת,,,ענב שחור תיפזורת,קילוגרמים,1.00,"ק""ג",true,,19.90,19.9000,true,1,1190460
8303,true,ענב שחור בלי גרעינים,,,ענב שחור בלי גרעינים,קילוגרמים,1.00,"ק""ג",true,,19.90,19.9000,true,1,1190461
8304,true,פטייה,,,פטייה,קילוגרמים,1.00,"ק""ג",true,,29.90,29.9000,true,1,1190462
8500,true,אבוקדו,,,אבוקדו,קילוגרמים,1.00,"ק""ג",true,,14.90,14.9000,true,1,1190464
8880,true,מארז 6 יח' בייבי חלו,,,מארז 6 יח' בייבי חלו,יח',6.00,יח',false,,10.00,1.6667,true,1,1155607
8884,true,מארז חצי בגט 4 יחידו,,,מארז חצי בגט 4 יחידו,יח',4.00,יח',false,,9.90,2.4750,true,1,1155610
8887,true,מארז שליש בגט 5 יחיד,,,מארז שליש בגט 5 יחיד,יח',5.00,יח',false,,9.90,1.9800,true,1,1155612
8888,true,מארז לחמניות 5 יחידו,,,מארז לחמניות 5 יחידו,יח',5.00,יח',false,,9.90,1.9800,true,1,1155613
498393,true,חלה מתוקה עגולה לא א,,,חלה מתוקה עגולה לא א,גרמים,500.00,100 גרם,false,,7.90,0.0158,true,1,2087971
799806,true,Temp Item,,,Temp Item,,0.00,,false,,0.00,0.0000,true,1,2007069
30500001,false,חגורת עור,,,חגורת עור,יחידה,0.00,יחידה,false,,59.90,0.0000,true,1,1989687
32147230,false,מיץ לימון משומר 200,סידג,CH,"מיץ לימון משומר 200מ""ל",מיליליטרים,200.00,"100 מ""ל",false,,7.90,0.0395,true,1,1199643
40052403,false,וופל קיט-קאט בודד,,,וופל קיט-קאט בודד,גרמים,41.50,100 גרם,false,,3.90,0.0940,true,1,1299084
40084077,false,אצבעות קינדר מקסי.,,,אצבעות קינדר מקסי.,גרמים,21.00,100 גרם,false,,2.00,0.0952,true,1,1173955
40084107,false,ביצת הפתעה קינדר.,,,ביצת הפתעה קינדר.,גרמים,20.00,100 גרם,false,,4.90,0.2450,true,1,1243614
40099132,false,מסטיק הובה בובה תות,,,מסטיק הובה בובה תות,גרמים,35.00,100 גרם,false,,2.90,0.0829,true,1,1184039
40111216,false,חטיף באונטי שוקולד.,מרס Mars,NL,57GR 'באונטי חטיף שוק,גרמים,57.00,100 גרם,false,,3.90,0.0684,true,1,1166655
40345123,false,סוכריות ממולא שוקולד,נסטלה,DE,סמרטיס גליל,גרמים,38.00,100 גרם,false,,3.90,0.1026,true,1,1191557
40786179,false,בירה לוונבראו בפחית.,,,בירה לוונבראו בפחית.,מיליליטרים,500.00,"100 מ""ל",false,,9.90,0.0198,true,1,2024996
41001356,false,בירה בקס פחית.,,,בירה בקס פחית.,מיליליטרים,500.00,"100 מ""ל",false,,9.90,0.0198,true,1,1171774
42123866,false,מסטיק הובה בובה קלאס,,,מסטיק הובה בובה קלאס,גרמים,35.00,100 גרם,false,,2.90,0.0829,true,1,1184043
42246640,false,ניוואה דאו רול און ל,,,ניוואה דאו רול און ל,יחידה,1.00,יחידה,false,,13.90,13.9000,true,1,1208339
42299363,false,ניוואה דאו רול און פ,,,ניוואה דאו רול און פ,יחידה,0.00,יחידה,false,,13.90,0.0000,true,1,1349824
50398904,false,קרם חמצן 6%,גדעון קוסמטיקס,IL,"אינדולה קרם חמצן 6% 60 מ""",מיליליטרים,60.00,"100 מ""ל",false,,3.90,0.0650,true,1,1170546
54051157,false,אלפרו מעדן סויה רביע,אלפרו Alpro,BE,אלפרו מעדן סויה בטעם שוקו,גרמים,500.00,100 גרם,false,,16.90,0.0338,true,1,1185642
59079774,false,דאודורנטרול און רקסו,,,דאודורנטרול און רקסו,מיליליטרים,50.00,"100 מ""ל",false,,15.90,0.3180,true,1,1988622
59079798,false,דאודורנט רול און רקס,,,דאודורנט רול און רקס,מיליליטרים,50.00,"100 מ""ל",false,,15.90,0.3180,true,1,1990345
59082637,false,דאודורנטרול און רקסו,,,דאודורנטרול און רקסו,מיליליטרים,50.00,"100 מ""ל",false,,15.90,0.3180,true,1,1989656
72940754,false,מעדן מילקי וניל.,שטראוס,IL,מילקי וניל,גרמים,135.00,100 גרם,false,,2.80,0.0207,true,1,1188738
72940761,false,מעדן מילקי שוקו.,שטראוס,IL,מילקי שוקולד,גרמים,170.00,100 גרם,false,,2.80,0.0165,true,1,1188739
72940952,false,מעדן מילקי פי 2 קצפת,שטראוס,IL,מילקי אקסטרה קצפת,גרמים,170.00,100 גרם,false,,3.50,0.0206,true,1,1188740
72940976,false,כרוב אדום אחלה 250 ג,שטראוס,IL,כרוב אדום 250,גרמים,250.00,100 גרם,false,,6.90,0.0276,true,1,1188741
72940983,false,חומוס אחלה 250 גרם,שטראוס,IL,חומוס אחלה 250,גרמים,250.00,100 גרם,false,,6.90,0.0276,true,1,1606032
72941041,false,מעדן מילקי מיני שוקו,,,מעדן מילקי מיני שוקו,גרמים,70.00,100 גרם,false,,2.00,0.0286,true,1,1188743
72945308,false,שמרים קוביות 2 *25 ג,פאקא תעשיות,IL,שמרית קוביה,גרמים,50.00,100 גרם,false,,3.20,0.0640,true,1,1188744
72961544,false,"מעדן באדי תות 125 מ""",,,"מעדן באדי תות 125 מ""",מיליליטרים,125.00,"100 מ""ל",false,,2.80,0.0224,true,1,1187169
72964132,false,מעדן פרילי טבעגורט 2,,,מעדן פרילי טבעגורט 2,גרמים,200.00,100 גרם,false,,4.90,0.0245,true,1,1187175
72986370,false,גלידת וניל בן אנד ג',מוצרי איכות אמריקאיי,IL,"גל.וניל צרפתי 500 מ""ל",מיליליטרים,500.00,"100 מ""ל",false,,24.90,0.0498,true,1,1174499
72986424,false,גלידה קרם עוגיות בן,מוצרי איכות אמריקאיי,IL,"גל.קרם עוגיות 500 מ""ל",מיליליטרים,500.00,"100 מ""ל",false,,24.90,0.0498,true,1,1174500
72986448,false,גלידה בטעם טופי בן א,מוצרי איכות אמריקאיי,IL,"גל.טופי קראנץ 500 מ""ל",מיליליטרים,500.00,"100 מ""ל",false,,24.90,0.0498,true,1,1174501
72986455,false,גלידה בטעם שוקולד עם,מוצרי איכות אמריקאיי,IL,גלידת שוקולד פאגד'אגוזים,מיליליטרים,500.00,"100 מ""ל",false,,24.90,0.0498,true,1,1174502
72986479,false,גלידת וניל אגוזים בן,מוצרי איכות אמריקאיי,IL,"גל.צ'אנקי מאנקי 500 מ""ל",מיליליטרים,500.00,"100 מ""ל",false,,24.90,0.0498,true,1,1174503
72989425,false,גלידת שוקולד בראוניס,מוצרי איכות אמריקאיי,IL,500 גלידה שוקולד בראוניס,מיליליטרים,500.00,"100 מ""ל",false,,24.90,0.0498,true,1,1174504
72991886,false,גלידת ריבת חלב בן אנ,מוצרי איכות אמריקאיי,IL,500 גלידת דולצ'ה דה לצ'ה,מיליליטרים,500.00,"100 מ""ל",false,,24.90,0.0498,true,1,1174505
72993637,false,מעדן דני שטראוס.,שטראוס,IL,דני שוקולד,גרמים,125.00,100 גרם,false,,2.70,0.0216,true,1,1188750
72994061,false,חטיף פסק זמן 36 גרם,SOLEN CIKOLATA GIDA,TR,פסק זמן 2Good,גרמים,36.00,100 גרם,false,,4.90,0.1361,true,1,1547536
80001027,false,עוגיית לואקר טורטינה,לואקר,IT,חטיף טורטינה חלב,גרמים,21.00,100 גרם,false,,3.50,0.1667,true,1,1173958
80001287,false,חטיף וופל גרדנה אגוז,,,חטיף וופל גרדנה אגוז,גרמים,38.00,100 גרם,false,,3.50,0.0921,true,1,1173959
80001461,false,חטיף וופל גרדנה שוקו,לואקר,IT,חטיף גרדנה מצופה,גרמים,38.00,100 גרם,false,,3.50,0.0921,true,1,1173961
80001485,false,חטיף וופל גרדנה קוקו,לואקר,IT,חטיף גרדנה קוקוס,גרמים,38.00,100 גרם,false,,3.50,0.0921,true,1,1173962
80001799,false,עוגיית לואקר טורטינה,לואקר,IT,חטיף טורטינה קרם אגוזים 2,גרמים,21.00,100 גרם,false,,3.50,0.1667,true,1,1173963
80001911,false,חטיף וופל גרדנה אגוז,,,חטיף וופל גרדנה אגוז,גרמים,38.00,100 גרם,false,,3.50,0.0921,true,1,1605107
80042556,false,עגבניות מרוסקות   PO,,,עגבניות מרוסקות   PO,גרמים,400.00,100 גרם,false,,5.90,0.0148,true,1,2094769
80050025,false,סוכריות טיק טק,,,סוכריות טיק טק,גרמים,16.00,100 גרם,false,,2.90,0.1812,true,1,1173964
80050124,false,סוכריות טיק-טק,,,סוכריות טיק-טק,גרמים,16.00,100 גרם,false,,2.90,0.1812,true,1,1173965
80050278,false,חטיף רושה 1/3.,,,חטיף רושה 1/3.,גרמים,37.50,100 גרם,false,,4.90,0.1307,true,1,1173966
80052487,false,חטיף רפאלו 30 גרם,,,חטיף רפאלו 30 גרם,גרמים,30.00,100 גרם,false,,3.90,0.1300,true,1,1173970
80052760,false,קינדר בואנו שוקולד ב,,,קינדר בואנו שוקולד ב,גרמים,43.00,100 גרם,false,,3.50,0.0814,true,1,1173971
80052883,false,סוכריות טיק טק,,,סוכריות טיק טק,גרמים,16.00,100 גרם,false,,2.90,0.1812,true,1,2042338
80136194,false,הפי היפו חמישייה,,,הפי היפו חמישייה,גרמים,103.50,100 גרם,false,,12.90,0.1246,true,1,1585074
80176732,false,חטיף קינדר היפו שוקו,,,חטיף קינדר היפו שוקו,גרמים,20.50,100 גרם,false,,2.90,0.1415,true,1,1173973
80176800,false,ממרח נוטלה 750 גרם,,,ממרח נוטלה 750 גרם,גרמים,750.00,100 גרם,false,,24.90,0.0332,true,1,1173974
80177173,false,ממרח נוטלה 350 גרם,,,ממרח נוטלה 350 גרם,גרמים,350.00,100 גרם,false,,13.90,0.0397,true,1,1173975
80177180,false,שוקולד קינדר קאנטרי.,,,שוקולד קינדר קאנטרי.,גרמים,23.50,100 גרם,false,,2.00,0.0851,true,1,1173976
80177609,false,שוקולד קינדר אצבעות,,,שוקולד קינדר אצבעות,גרמים,50.00,100 גרם,false,,3.50,0.0700,true,1,1173978
80177616,false,שוקולד קינדר,,,שוקולד קינדר,גרמים,100.00,100 גרם,false,,6.90,0.0690,true,1,1173979
80310549,false,חטיף קינדר היפו שוקו,,,חטיף קינדר היפו שוקו,גרמים,20.50,100 גרם,false,,2.90,0.1415,true,1,1585075
80310891,false,קינדר ג'וי ביצת הפתע,,,קינדר ג'וי ביצת הפתע,גרמים,20.00,100 גרם,false,,4.90,0.2450,true,1,2137269
80761761,false,קינדר בואנו לבן בודד,,,קינדר בואנו לבן בודד,גרמים,39.00,100 גרם,false,,3.50,0.0897,true,1,1173987
80768838,false,מסטיק מנטוס בטעם פיר,,,מסטיק מנטוס בטעם פיר,גרמים,90.00,100 גרם,false,,10.00,0.1111,true,1,1350624
80773429,false,מסטיק מנטוס תות 60 ג,,,מסטיק מנטוס תות 60 ג,גרמים,60.00,100 גרם,false,,9.90,0.1650,true,1,1636541
80773443,false,מסטיק מנטוס פירות 60,,,מסטיק מנטוס פירות 60,גרמים,60.00,100 גרם,false,,9.90,0.1650,true,1,1459782
80780595,false,מסטיק מנטוס בטעם מנט,,,מסטיק מנטוס בטעם מנט,גרמים,90.00,100 גרם,false,,10.00,0.1111,true,1,1459784
80790990,false,מסטיק מנטוס פירות,,,מסטיק מנטוס פירות,גרמים,60.00,100 גרם,false,,9.90,0.1650,true,1,1459785
80794233,false,מסטיק מנטוס בטעם מנט,,,מסטיק מנטוס בטעם מנט,גרמים,90.00,100 גרם,false,,10.00,0.1111,true,1,1459786
80804697,false,מסטיק מנטוס בטעם מנט,,,מסטיק מנטוס בטעם מנט,גרמים,105.00,100 גרם,false,,10.00,0.0952,true,1,1350626
80831402,false,סוכריות מנטוס מנטה ע,,,סוכריות מנטוס מנטה ע,גרמים,31.00,100 גרם,false,,6.90,0.2226,true,1,2015864
80832560,false,סוכריות מנטוס פירות,,,סוכריות מנטוס פירות,גרמים,31.00,100 גרם,false,,6.90,0.2226,true,1,2127896
80843184,false,מסטיק מנטוס ענבים,,,מסטיק מנטוס ענבים,גרמים,60.00,100 גרם,false,,9.90,0.1650,true,1,2083330
80850885,false,מסטיק מנטוס וויט מנט,,,מסטיק מנטוס וויט מנט,גרמים,60.00,100 גרם,false,,9.90,0.1650,true,1,1212408
80854753,false,סוכריות מנטוס מנטה ל,,,סוכריות מנטוס מנטה ל,גרמים,31.00,100 גרם,false,,6.90,0.2226,true,1,2015865
80864295,false,מסטיק מנטוס וויט מנט,,,מסטיק מנטוס וויט מנט,גרמים,60.00,100 גרם,false,,9.90,0.1650,true,1,2085785
80896081,false,מסטיק מנטוס אבטיח 60,,,מסטיק מנטוס אבטיח 60,גרמים,60.00,100 גרם,false,,9.90,0.1650,true,1,1636542
80913467,false,מסטיק מנטוס מנטה,,,מסטיק מנטוס מנטה,גרמים,60.00,100 גרם,false,,9.90,0.1650,true,1,1459787
80945468,false,מסטיק מנטוס וויט מנט,,,מסטיק מנטוס וויט מנט,גרמים,60.00,100 גרם,false,,9.90,0.1650,true,1,2085786
80974215,false,מסטיק מנטוס בטעם תות,,,מסטיק מנטוס בטעם תות,גרמים,90.00,100 גרם,false,,10.00,0.1111,true,1,1802601
80979128,false,מסטיק מנטוס דובדבן,,,מסטיק מנטוס דובדבן,גרמים,60.00,100 גרם,false,,9.90,0.1650,true,1,2083331
80982470,false,מסטיק מנטוס מנטה חזק,,,מסטיק מנטוס מנטה חזק,גרמים,60.00,100 גרם,false,,9.90,0.1650,true,1,2064659
80986348,false,מסטיק מנטוס וויט מנט,,,מסטיק מנטוס וויט מנט,גרמים,60.00,100 גרם,false,,9.90,0.1650,true,1,2085787
87108538,false,מנטוס תות בודד,,,מנטוס תות בודד,גרמים,37.00,100 גרם,false,,3.00,0.0811,true,1,1174008
87108651,false,מנטוס 1/4 טעם מנטה,,,מנטוס 1/4 טעם מנטה,גרמים,150.00,100 גרם,false,,10.90,0.0727,true,1,1174009
87108712,false,מנטוס 1/4 טעם פירות,,,מנטוס 1/4 טעם פירות,גרמים,150.00,100 גרם,false,,10.90,0.0727,true,1,1174010
87311396,false,מנטוס גליל בודד,,,מנטוס גליל בודד,גרמים,37.50,100 גרם,false,,3.00,0.0800,true,1,1174016
87354041,false,מנטוס דובדבן בודד,,,מנטוס דובדבן בודד,גרמים,37.50,100 גרם,false,,3.00,0.0800,true,1,2084691
88888100,true,מוכרנים - מוצרי חשמל,,,מוכרנים - מוצרי חשמל,,0.00,,false,,0.00,0.0000,true,1,1958968
90034107,false,בירה שטיגל-גולדבראו,,,בירה שטיגל-גולדבראו,מיליליטרים,500.00,"100 מ""ל",false,,11.90,0.0238,true,1,1363809
90087998,false,מיץ לימון טבעי 250 מ,,,מיץ לימון טבעי 250 מ,מיליליטרים,250.00,"100 מ""ל",false,,5.90,0.0236,true,1,1186560
90162602,false,משקה רד-בול אנרגיה.,היינץ,,משקה רד-בול אנרגיה.,מיליליטרים,250.00,"100 מ""ל",false,,5.90,0.0236,true,1,1193919
90446269,false,משקה רד-בול אנרגיה א,היינץ,,משקה רד-בול אנרגיה א,מיליליטרים,250.00,"100 מ""ל",false,,5.90,0.0236,true,1,2072592
90448867,false,משקה רד-בול אנרגיה ל,רד בול,,משקה רד-בול אנרגיה ל,מיליליטרים,250.00,"100 מ""ל",false,,5.90,0.0236,true,1,2125777
96033531,false,דאב רול און רימונים,,,דאב רול און רימונים,מיליליטרים,50.00,"100 מ""ל",false,,17.90,0.3580,true,1,1877748
721610212,false,נעלי בית נשים 36-41,,,נעלי בית נשים 36-41,יחידה,0.00,יחידה,false,,34.90,0.0000,true,1,2097221
3593320019,false,גרבי ילדים מדוגם,,,גרבי ילדים מדוגם,יחידה,0.00,יחידה,false,,14.90,0.0000,true,1,2035635
3593320030,false,קרסוליות בנים חלק,,,קרסוליות בנים חלק,יחידה,0.00,יחידה,false,,14.90,0.0000,true,1,2096297
3593430001,false,גופיות בנים לבן,,,גופיות בנים לבן,יחידה,0.00,יחידה,false,,29.90,0.0000,true,1,2007110
3595110023,false,בוקסר גבר רחב חלק מ.,,,בוקסר גבר רחב חלק מ.,יחידה,0.00,יחידה,false,,19.90,0.0000,true,1,2007149
3595110030,false,בוקסר גבר מודל ארוך,,,בוקסר גבר מודל ארוך,יחידה,0.00,יחידה,false,,19.90,0.0000,true,1,2097440
3595110050,false,בוקסר גבר חלק כ/ל גו,,,בוקסר גבר חלק כ/ל גו,יחידה,0.00,יחידה,false,,39.90,0.0000,true,1,2097454
3595210008,false,סליפ גבר חלק 3 יח,,,סליפ גבר חלק 3 יח,יחידה,0.00,יחידה,false,,29.90,0.0000,true,1,2097108
3595320036,false,גרבי בריאות גבר,,,גרבי בריאות גבר,יחידה,0.00,יחידה,false,,14.90,0.0000,true,1,2082222
3595320040,false,גרבי גבר אלגנט חלק,,,גרבי גבר אלגנט חלק,יחידה,0.00,יחידה,false,,29.90,0.0000,true,1,2082223
3595320044,false,גרבי סניקרס גבר,,,גרבי סניקרס גבר,יחידה,0.00,יחידה,false,,19.90,0.0000,true,1,2096323
3595920005,false,גרבי ספורט גבר שחור,,,גרבי ספורט גבר שחור,יחידה,0.00,יחידה,false,,24.90,0.0000,true,1,2073047
3595920006,false,גרבי ספורט גבר לבן,,,גרבי ספורט גבר לבן,יחידה,0.00,יחידה,false,,24.90,0.0000,true,1,2073048
3595920007,false,גרבי ספורט גבר צבעונ,,,גרבי ספורט גבר צבעונ,יחידה,0.00,יחידה,false,,24.90,0.0000,true,1,2073049
3595950012,false,בוקסר גבר חלק בנדוטי,,,בוקסר גבר חלק בנדוטי,יחידה,0.00,יחידה,false,,14.90,0.0000,true,1,2119317
3596210003,false,חמישיית תחתוני נשים,,,חמישיית תחתוני נשים,יחידה,0.00,יחידה,false,,34.90,0.0000,true,1,2007178
3596320023,false,קרסוליות יוניסקס חלק,,,קרסוליות יוניסקס חלק,יחידה,0.00,יחידה,false,,14.90,0.0000,true,1,2082214
3596320026,false,עקביות  נשים,,,עקביות  נשים,יחידה,0.00,יחידה,false,,19.90,0.0000,true,1,2082215
3596320028,false,שלישיית גרבי בריאות,,,שלישיית גרבי בריאות,יחידה,0.00,יחידה,false,,14.90,0.0000,true,1,2097506
9800800056,false,ממרח נוטלה אנד גו,,,ממרח נוטלה אנד גו,גרמים,52.00,100 גרם,false,,4.90,0.0942,true,1,1348680
11210006508,false,טבסקו,מקאילהייני Mc.Ilhenn,US,טבסקו הבנרו,מיליליטרים,60.00,"100 מ""ל",false,,15.90,0.2650,true,1,1177337
11210007253,false,"טבסקו שום 60 מ""ל",מקאילהייני Mc.Ilhenn,US,טבסקו שום,מיליליטרים,60.00,"100 מ""ל",false,,9.90,0.1650,true,1,1177338
11210618503,false,טבסקו סקורפיון,,,טבסקו סקורפיון,מיליליטרים,60.00,"100 מ""ל",false,,14.90,0.2483,true,1,2044435
11210698055,false,טבסקו רוטב סרירצ'ה,,,טבסקו רוטב סרירצ'ה,מיליליטרים,566.00,"100 מ""ל",false,,24.90,0.0440,true,1,2044436
16000281684,false,חטיף 1/5 קראנצי נייט,ג'נרל מילס,US,קראנצי בטעם פקאן חמישייה,גרמים,210.00,100 גרם,false,,14.90,0.0710,true,1,1174021
16000423534,false,חטיף 1/5 קראנצי נייט,ג'נרל מילס,US,קראנצי שיבולת שועל ושוקול,גרמים,210.00,100 גרם,false,,14.90,0.0710,true,1,1174022
16000548404,false,חטיף 1/5 קראנצי נייט,ג'נרל מילס,ES,קראנצי בטעם שיבולת שועל ו,גרמים,210.00,100 גרם,false,,14.90,0.0710,true,1,1174028
16000548503,false,חטיף 1/5 קראנצי נייט,ג'נרל מילס,ES,קראנצי בטעם מייפל וסוכר ח,גרמים,210.00,100 גרם,false,,14.90,0.0710,true,1,1174029
16000548909,false,חטיף 1/5 קראנצי נייט,ג'נרל מילס,ES,חטיף ניישטר וואלי 1/5 ברי,גרמים,210.00,100 גרם,false,,14.90,0.0710,true,1,1174031
16229924263,false,"קרם קוקוס 250 מ""ל",,,"קרם קוקוס 250 מ""ל",מיליליטרים,250.00,"100 מ""ל",false,,9.90,0.0396,true,1,2041704
18000701223,false,תערובת לעוגת שוקולד,ג'נרל מילס,IL,תערובת לעוגת שוקולד 517 ג,גרמים,500.00,100 גרם,false,,19.90,0.0398,true,1,1174033
18000703517,false,תערובת לעוגת שיש,ג'נרל מילס,IL,תערובת לעוגת שיש 550 גרם,גרמים,550.00,100 גרם,false,,19.90,0.0362,true,1,1174035
18000766413,false,תערובת לבראוניס,ג'נרל מילס,IL,תערובת לבראוניס 552 גרם,גרמים,550.00,100 גרם,false,,19.90,0.0362,true,1,1174036
19548003107,false,בלוק צימקאו לבן 300,,,בלוק צימקאו לבן 300,גרמים,300.00,100 גרם,false,,8.90,0.0297,true,1,1909563
25675120006,false,חמצוצים 4 צבעים טבעי,פאסין,NL,מקלות חמוצים 4 טעמים ללא,גרמים,100.00,100 גרם,false,,6.90,0.0690,true,1,1192978
25675120020,false,מקלות חמוצות,פאסין,NL,מקלות חמוצים פטל,גרמים,100.00,100 גרם,false,,6.90,0.0690,true,1,1192979
25675120037,false,מקלות חמוצות,פאסין,NL,מקלות חמוצים תות,גרמים,100.00,100 גרם,false,,6.90,0.0690,true,1,1192980
25675120068,false,מקלות חמוצות,פאסין,NL,מקלות חמוצים קולה,גרמים,100.00,100 גרם,false,,6.90,0.0690,true,1,1192982
25675121027,false,חמצוצים רחב צבעוני,,,חמצוצים רחב צבעוני,גרמים,115.00,100 גרם,false,,6.90,0.0600,true,1,2051147
25675121041,false,חמצוצים רחב בטעם פטל,פאסין,NL,שטיח חמוץ פטל,גרמים,115.00,100 גרם,false,,6.90,0.0600,true,1,1192991
25675301092,false,חמצוצים 4 טעמים טבעי,פאסין,NL,מקלות חמוצים 4 טעמים ללא,גרמים,40.00,100 גרם,false,,4.90,0.1225,true,1,1193000
25675301108,false,מקלות חמוצות 50 גר,פאסין,NL,מקלות חמוצים תות,גרמים,50.00,100 גרם,false,,4.90,0.0980,true,1,1193001
25675301153,false,מקלות חמוצות 50 גרם,פאסין,NL,מקלות חמוצים פטל,גרמים,50.00,100 גרם,false,,4.90,0.0980,true,1,1193002
25675301184,false,מקלות חמוצות 50 גר,פאסין,NL,מקלות חמוצים קולה,גרמים,50.00,100 גרם,false,,4.90,0.0980,true,1,1193003
25675301207,false,מקלות חמוצות 50 גר,פאסין,NL,מקלות חמוצים תפוח עץ,גרמים,50.00,100 גרם,false,,4.90,0.0980,true,1,1193004
25700005674,false,שקיות אחסון סליידר ג,,,שקיות אחסון סליידר ג,יח',15.00,יח',false,,15.90,1.0600,true,1,2042064
25700005681,false,שקיות אחסון סליידר ב,,,שקיות אחסון סליידר ב,יח',20.00,יח',false,,15.90,0.7950,true,1,2042065
31290140107,false,שוקולד גודייבה סטיקס,,,שוקולד גודייבה סטיקס,גרמים,90.00,100 גרם,false,,10.90,0.1211,true,1,2043507
31290140176,false,שוקולד גודייבה סטיקס,,,שוקולד גודייבה סטיקס,גרמים,90.00,100 גרם,false,,10.90,0.1211,true,1,2043508
31290140190,false,שוקולד גודייבה סטיקס,,,שוקולד גודייבה סטיקס,גרמים,90.00,100 גרם,false,,10.90,0.1211,true,1,2043509
33200140306,false,דפים למייבש 40 יח' ב,,,דפים למייבש 40 יח' ב,יח',40.00,יח',false,,9.90,0.2475,true,1,2067035
33200140702,false,מארז דפים למייבש 100,CHURCH AND DWIGHT,US,פרש&סופט100 תכלת מרענן,יח',100.00,יח',false,,24.90,0.2490,true,1,1159611
33200147701,false,מארז דפים למייבש 100,CHURCH AND DWIGHT,US,פרש&סופט100 ורוד למייבש,יח',100.00,יח',false,,24.90,0.2490,true,1,1159612
33617000026,false,קרקרים ואזה מקמח מלא,,,קרקרים ואזה מקמח מלא,גרמים,260.00,100 גרם,false,,12.90,0.0496,true,1,1277510
33617322616,false,פתית שיפון.,WASA,SE,'ואזה קלה מקמח שיפון 270,גרמים,270.00,100 גרם,false,,12.90,0.0478,true,1,1159615
33617340610,false,פתית שיפון.,WASA,SE,'ואזה מקמח שיפון 275 ג,גרמים,275.00,100 גרם,false,,12.90,0.0469,true,1,1159616
34000148301,false,נטיפים לאפייה שוקולד,,,נטיפים לאפייה שוקולד,גרמים,340.00,100 גרם,false,,18.90,0.0556,true,1,1591713
34000196173,false,טבלת שוקולד הרשיס קו,,,טבלת שוקולד הרשיס קו,גרמים,113.00,100 גרם,false,,7.90,0.0699,true,1,1273080
34000312177,false,סירופ שוקולד HERSHEY,,,סירופ שוקולד HERSHEY,גרמים,680.00,100 גרם,false,,19.90,0.0293,true,1,1174045
34000442652,false,טבלת שוקולד ריזס,,,טבלת שוקולד ריזס,גרמים,120.00,100 גרם,false,,7.90,0.0658,true,1,1273081
34000470228,false,חטיף שוקולד חלב במיל,הרשי,US,חטיף ריזס מיניס 70 גרם,גרמים,70.00,100 גרם,false,,4.90,0.0700,true,1,1174047
34000544028,false,ממתק בטעם תות טוויזל,הרשי,US,ממתקי טוויזלרס תות שדה  1,גרמים,198.00,100 גרם,false,,7.90,0.0399,true,1,1174048
35000458476,false,מברשת שיניים קולגייט,,,מברשת שיניים קולגייט,יח',4.00,יח',false,,19.90,4.9750,true,1,1975498
37600207188,false,ממרח סקיפי 462 גרם,סקיפי,,ממרח סקיפי 462 גרם,גרמים,462.00,100 גרם,false,,19.90,0.0431,true,1,1212587
38000138607,false,חטיף פרינגלס חומץ מל,פרינגלס,,חטיף פרינגלס חומץ מל,גרמים,158.00,100 גרם,false,,8.90,0.0563,true,1,1960626
38000138638,false,חטיף פרינגלס 158 גרם,פרינגלס,,חטיף פרינגלס 158 גרם,גרמים,158.00,100 גרם,false,,8.90,0.0563,true,1,1534323
38000138720,false,חטיף פרינגלס 158 גרם,פרינגלס,,חטיף פרינגלס 158 גרם,גרמים,158.00,100 גרם,false,,8.90,0.0563,true,1,1732333
38000169663,false,חטיף פרינגלס אורגינל,פרינגלס,,חטיף פרינגלס אורגינל,גרמים,191.00,100 גרם,false,,11.90,0.0623,true,1,2038824
38000183690,false,פרינגלס 71 גרם ברביק,פרינגלס,,פרינגלס 71 גרם ברביק,גרמים,71.00,100 גרם,false,,4.90,0.0690,true,1,1661285
38000183928,false,חטיף פרינגלס 158 חרד,פרינגלס,,חטיף פרינגלס 158 חרד,גרמים,158.00,100 גרם,false,,8.90,0.0563,true,1,2038825
38000197840,false,חטיף פרינגלס 137 בטע,פרינגלס,,חטיף פרינגלס 137 בטע,גרמים,137.00,100 גרם,false,,8.90,0.0650,true,1,2038826
38000202278,false,פרינגלס גלי בטעם אור,פרינגלס,,פרינגלס גלי בטעם אור,גרמים,130.00,100 גרם,false,,8.90,0.0685,true,1,2044218
38000232152,false,חטיף פרינגלס 158 גרם,פרינגלס,,חטיף פרינגלס 158 גרם,גרמים,158.00,100 גרם,false,,8.90,0.0563,true,1,2004800
38000232169,false,פרינגלס 67 גרם אורגי,פרינגלס,,פרינגלס 67 גרם אורגי,גרמים,67.00,100 גרם,false,,4.90,0.0731,true,1,2004808
38000232176,false,חטיף פרינגלס 158 גרם,פרינגלס,,חטיף פרינגלס 158 גרם,גרמים,158.00,100 גרם,false,,8.90,0.0563,true,1,2004801
38000232183,false,חטיף פרינגלס 149 גרם,פרינגלס,,חטיף פרינגלס 149 גרם,גרמים,149.00,100 גרם,false,,8.90,0.0597,true,1,2004802
38000845253,false,פרינגלס 71 גרם שמנת,פרינגלס,,פרינגלס 71 גרם שמנת,גרמים,71.00,100 גרם,false,,4.90,0.0690,true,1,1293627
38527591053,false,דגנים מרובעים קינמון,BEVERAGES FOODS & SE,US,קוואקר ריבועים קנמון 411,גרמים,412.00,100 גרם,false,,19.90,0.0483,true,1,1189955
39800013613,false,סוללה 9V אנרג'ייזר,אנרג'יזר Energizer,US,סוללות ADVANCED FORMULA *,יח',1.00,יח',false,,22.90,22.9000,true,1,1199650
40000512943,false,חטיף בוטנים MַM שוקו,,,חטיף בוטנים MַM שוקו,גרמים,303.00,100 גרם,false,,19.90,0.0657,true,1,1789279
40000513568,false,חטיף שוקולד m&m אריז,,,חטיף שוקולד m&m אריז,גרמים,156.00,100 גרם,false,,9.90,0.0635,true,1,1559949
40000513629,false,חטיף חמאת בוטנים m&m,,,חטיף חמאת בוטנים m&m,גרמים,156.00,100 גרם,false,,9.90,0.0635,true,1,1559951
41224468108,false,עגבניות מיובשות,,,עגבניות מיובשות,גרמים,283.00,100 גרם,false,,22.90,0.0809,true,1,1196642
41390000058,false,"רוטב טריאקי 296 מ""ל",ראקוטו קאסיי,,"רוטב טריאקי 296 מ""ל",מיליליטרים,296.00,"100 מ""ל",false,,17.90,0.0605,true,1,1157366
41390001079,false,רוטב סויה קיקומן 444,ראקוטו קאסיי,,רוטב סויה קיקומן 444,מיליליטרים,444.00,"100 מ""ל",false,,19.90,0.0448,true,1,1225457
41390001451,false,רוטב סויה 1.2 ליטר,ראקוטו קאסיי,,רוטב סויה 1.2 ליטר,מיליליטרים,1200.00,"100 מ""ל",false,,44.90,0.0374,true,1,1157369
41390010309,false,רוטב טריאקי קיקומן 4,ראקוטו קאסיי,,רוטב טריאקי קיקומן 4,מיליליטרים,444.00,"100 מ""ל",false,,19.90,0.0448,true,1,1225458
42400108153,false,דגני פרוטי פבלס.,,,דגני פרוטי פבלס.,גרמים,354.00,100 גרם,false,,22.90,0.0647,true,1,2044957
44164103382,false,נרות שמן זית לכוסיות,,,נרות שמן זית לכוסיות,יחידה,0.00,יחידה,false,,29.90,0.0000,true,1,1529380
44600300580,false,כלורקס קלין אפ פרש 9,,,כלורקס קלין אפ פרש 9,מיליליטרים,946.00,"100 מ""ל",false,,19.90,0.0210,true,1,2042175
45600033560,false,צובעים סוגים שונים,,,צובעים סוגים שונים,יחידה,0.00,יחידה,false,,7.90,0.0000,true,1,2107313
46214372250,false,עוגיות שטרודל משובחו,מרבה Merba,NL,מרבה עוגיות  שטרודל תפוחי,גרמים,200.00,100 גרם,false,,8.90,0.0445,true,1,1185652
46214382259,false,עוגיות בראוניס 200 ג,מרבה Merba,NL,מרבה עוגיות  בראוניס,גרמים,200.00,100 גרם,false,,8.90,0.0445,true,1,1185653
46214731552,false,עוגיות שוקולד ציפס מ,מרבה Merba,NL,מרבה עוגיות  37% שוקולד צ,גרמים,225.00,100 גרם,false,,8.90,0.0396,true,1,1185654
50000084500,false,פריסקיז מזון יבש בטע,נסטלה פורינה,US,פורינה פריסקיז עם נתחי בר,קילוגרמים,1.43,"ק""ג",false,,34.90,24.4056,true,1,1156212
50000100347,false,פריסקיז מעדני חתול,נסטלה פורינה,US,פורינה פריסקיז מעדני החתו,קילוגרמים,1.43,"ק""ג",false,,34.90,24.4056,true,1,1156214
50000170180,false,פריסקיז פריים עוף בר,,,פריסקיז פריים עוף בר,גרמים,156.00,100 גרם,false,,4.90,0.0314,true,1,1280624
50000225224,false,פריסקיז פריים פילה ה,,,פריסקיז פריים פילה ה,גרמים,156.00,100 גרם,false,,4.90,0.0314,true,1,1280625
50000237951,false,פריסקיז פרטי מיקס גר,,,פריסקיז פרטי מיקס גר,גרמים,60.00,100 גרם,false,,8.90,0.1483,true,1,2128567
50000292615,false,פנסי פיסט לבבות עוף,,,פנסי פיסט לבבות עוף,גרמים,85.00,100 גרם,false,,4.90,0.0576,true,1,1298003
50000434640,false,פנסי פיסט לבבות עוף,נסטלה פורינה,US,פנסי פיסט נתחי לבבות עוף,גרמים,85.00,100 גרם,false,,4.90,0.0576,true,1,1156226
50000574414,false,פריסקיז פרטי מיקס פק,,,פריסקיז פרטי מיקס פק,גרמים,60.00,100 גרם,false,,8.90,0.1483,true,1,2128569
50000574438,false,פריסקיז פרטי מיקס מע,,,פריסקיז פרטי מיקס מע,גרמים,60.00,100 גרם,false,,8.90,0.1483,true,1,2128570
50000578238,false,פריסקיז פרטי מיקס קר,,,פריסקיז פרטי מיקס קר,גרמים,60.00,100 גרם,false,,8.90,0.1483,true,1,2128571
50000578450,false,פנסי פיסט עוף ברוטב,,,פנסי פיסט עוף ברוטב,גרמים,85.00,100 גרם,false,,4.90,0.0576,true,1,1298004
51500255162,false,חמאת בוטנים ג'יפ 454,,,חמאת בוטנים ג'יפ 454,גרמים,454.00,100 גרם,false,,14.90,0.0328,true,1,2072775
51500255377,false,חמאת בוטנים ג'יפ עם,,,חמאת בוטנים ג'יפ עם,גרמים,454.00,100 גרם,false,,14.90,0.0328,true,1,2072781
52100070865,false,תמצית וניל טהור,מקורמיק mccormik,US,וניל טהור        29 מל,מיליליטרים,29.00,"100 מ""ל",false,,29.90,1.0310,true,1,1166684
54881000048,false,תה שחור פרחי הדר 20ש,,,תה שחור פרחי הדר 20ש,גרמים,40.00,100 גרם,false,,9.90,0.2475,true,1,1456585
54881003988,false,תה 4 סוגים 20 שקיות,,,תה 4 סוגים 20 שקיות,גרמים,40.00,100 גרם,false,,9.90,0.2475,true,1,1310567
54881006972,false,תה שחור לימון ליים 2,,,תה שחור לימון ליים 2,גרמים,40.00,100 גרם,false,,9.90,0.2475,true,1,1186578
54881006996,false,תה אפרסק ופסיפלורה 2,,,תה אפרסק ופסיפלורה 2,גרמים,40.00,100 גרם,false,,9.90,0.2475,true,1,1660516
54881007108,false,תה שחור דומדמניות 20,,,תה שחור דומדמניות 20,גרמים,40.00,100 גרם,false,,9.90,0.2475,true,1,1186580
54881007535,false,תה ירוק 20 שקיות לימ,,,תה ירוק 20 שקיות לימ,גרמים,40.00,100 גרם,false,,9.90,0.2475,true,1,1545200
54881008181,false,תה אינגליש 100 שקיות,,,תה אינגליש 100 שקיות,גרמים,200.00,100 גרם,false,,16.90,0.0845,true,1,1186588
54881016001,false,תה 4 סוגי חליטות פרי,,,תה 4 סוגי חליטות פרי,גרמים,35.00,100 גרם,false,,9.90,0.2829,true,1,1999019
55500012046,false,כלורוקס קלין אפ מרסס,CLOROX,US,"קלין אפ מרסס 946מ""ל",מיליליטרים,946.00,"100 מ""ל",false,,19.90,0.0210,true,1,1159629
56594009998,false,רביעיית סבונים מוצקי,,,רביעיית סבונים מוצקי,גרמים,400.00,100 גרם,false,,14.90,0.0373,true,1,2127777
62558202381,false,סירופ מייפל אמיתי או,,,סירופ מייפל אמיתי או,מיליליטרים,236.00,"100 מ""ל",false,,29.90,0.1267,true,1,1491721
64144090013,false,תרסיס שמן פאם חמאה,קונגרה,US,ספריי שמן PAM בטעם חמאה 1,מיליליטרים,148.00,"100 מ""ל",false,,19.90,0.1345,true,1,1174051
64144090020,false,תרסיס שמן פאם זית,קונגרה,US,ספריי שמן PAM בטעם שמן זי,מיליליטרים,148.00,"100 מ""ל",false,,19.90,0.1345,true,1,1174052
64144090051,false,תרסיס שמן פאם קנולה,קונגרה,US,ספריי שמן PAM קנולה אורגי,מיליליטרים,148.00,"100 מ""ל",false,,19.90,0.1345,true,1,1228147
70221011116,false,שוקולד טובלרון חלב 1,קראפט,,שוקולד טובלרון חלב 1,גרמים,100.00,100 גרם,false,,9.90,0.0990,true,1,1157371
70970471254,false,סוכריות ג'לי בטעם פי,גאסט בורן,US,סוכריות גלי פירות,גרמים,141.00,100 גרם,false,,9.90,0.0702,true,1,1159631
73490130946,false,ביסקוויט פתיבר 500 ג,אפיפית נצרת,IL,ביסקויט פטיבר רגיל 14/0.5,גרמים,500.00,100 גרם,false,,6.90,0.0138,true,1,1194588
73490130953,false,ביסקוויט פתיבר שוקו,אפיפית נצרת,IL,ביסקויט פטיבר שוקו 14/0.5,גרמים,500.00,100 גרם,false,,6.90,0.0138,true,1,1194589
76171102829,false,ריחנית אמריקאית,,,ריחנית אמריקאית,יחידה,0.00,יחידה,false,,4.90,0.0000,true,1,1995560
76840001774,false,גלידת עוגיות חלב,,,גלידת עוגיות חלב,מיליליטרים,500.00,"100 מ""ל",false,,24.90,0.0498,true,1,2033101
76840002542,false,גלידת חמאת בוטנים בן,,,גלידת חמאת בוטנים בן,מיליליטרים,500.00,"100 מ""ל",false,,24.90,0.0498,true,1,2016850
76840100583,false,גלידה וניל עם בצק עו,מוצרי איכות אמריקאיי,IL,גלידת וניל עם בצק עוגיות,מיליליטרים,473.00,"100 מ""ל",false,,24.90,0.0526,true,1,1174512
76840400218,false,גלידה עוגת גבינה עם,מוצרי איכות אמריקאיי,IL,420 גל.עוגת גבינה עם תות,מיליליטרים,473.00,"100 מ""ל",false,,24.90,0.0526,true,1,1174523
77245110610,false,סוכריות מאסט ללא סוכ,MIESZKO S.A,PL,כשלפ סוכריות MUST מנטה,גרמים,80.00,100 גרם,false,,7.90,0.0988,true,1,1189432
77343000127,false,נר נשמה 26 שעות בכוס,,,נר נשמה 26 שעות בכוס,יח',1.00,יח',false,,2.90,2.9000,true,1,2076253
77343001100,false,נר נשמה 26 שעות,,,נר נשמה 26 שעות,יחידה,0.00,יחידה,false,,2.00,0.0000,true,1,1199547
77975036976,false,מטבל סלסה בחריפות מע,,,מטבל סלסה בחריפות מע,גרמים,439.00,100 גרם,false,,13.90,0.0317,true,1,2055427
77975093108,false,בייגלה סניידרס מצופה,,,בייגלה סניידרס מצופה,גרמים,141.00,100 גרם,false,,16.90,0.1199,true,1,2129765
77975094631,false,סנדווי'ץ בייגלה במיל,,,סנדווי'ץ בייגלה במיל,גרמים,226.80,100 גרם,false,,16.90,0.0745,true,1,2033318
77975094761,false,שברי בייגלה צדר 340,,,שברי בייגלה צדר 340,גרמים,340.00,100 גרם,false,,16.90,0.0497,true,1,2064633
77975094778,false,שברי בייגלה דבש חרדל,,,שברי בייגלה דבש חרדל,גרמים,340.00,100 גרם,false,,16.90,0.0497,true,1,2069541
77975095133,false,שברי בייגלה כנפי באפ,,,שברי בייגלה כנפי באפ,גרמים,319.00,100 גרם,false,,16.90,0.0530,true,1,2147550
84213017420,false,מיסלי אגוזים 500 גרם,מרום את קונפינו,,מיסלי אגוזים 500 גרם,גרמים,500.00,100 גרם,false,,18.90,0.0378,true,1,1157374
84213017499,false,מיסלי פירות יער 500,מרום את קונפינו,,מיסלי פירות יער 500,גרמים,500.00,100 גרם,false,,18.90,0.0378,true,1,1157376
195480030088,false,בלוק צימקאו מריר 300,,,בלוק צימקאו מריר 300,גרמים,300.00,100 גרם,false,,8.90,0.0297,true,1,1909564
305213079004,false,תחליב גוף וזלין הזנה,,,תחליב גוף וזלין הזנה,מיליליטרים,600.00,"100 מ""ל",false,,24.90,0.0415,true,1,1799657
413900010558,false,רוטב קיקומן דל מלח 2,ראקוטו קאסיי,,רוטב קיקומן דל מלח 2,מיליליטרים,296.00,"100 מ""ל",false,,19.90,0.0672,true,1,1157378
613008753320,false,תה ירוק גינסינג ודבש,,,תה ירוק גינסינג ודבש,מיליליטרים,450.00,"100 מ""ל",false,,7.50,0.0167,true,1,1910319
613008753351,false,אריזונה רימונים,,,אריזונה רימונים,מיליליטרים,450.00,"100 מ""ל",false,,7.50,0.0167,true,1,1910320
628154383659,false,דגנים פרוטי פבלס,,,דגנים פרוטי פבלס,גרמים,311.00,100 גרם,false,,24.90,0.0801,true,1,2148981
639138513238,false,פילה הרינג מעושן בשמ,,,פילה הרינג מעושן בשמ,גרמים,190.00,100 גרם,false,,10.90,0.0574,true,1,1159177
639138527617,false,פילה הרינג ברוטב עגב,,,פילה הרינג ברוטב עגב,גרמים,200.00,100 גרם,false,,10.90,0.0545,true,1,1159178
639138527624,false,פילה הרינג ברוטב פפר,,,פילה הרינג ברוטב פפר,גרמים,200.00,100 גרם,false,,10.90,0.0545,true,1,1159179
639138527631,false,פילה הרינג ברוטב חרד,,,פילה הרינג ברוטב חרד,גרמים,200.00,100 גרם,false,,10.90,0.0545,true,1,1159180
639138717902,false,מקרל פילה מעושן בשמן,,,מקרל פילה מעושן בשמן,גרמים,190.00,100 גרם,false,,12.90,0.0679,true,1,1159181
651080161510,false,חוט דנטלי 36 יח פלאק,,,חוט דנטלי 36 יח פלאק,יח',36.00,יח',false,,9.90,0.2750,true,1,1501848
651080647519,false,קיסם עם חוט מנטה ג'ו,,,קיסם עם חוט מנטה ג'ו,יח',36.00,יח',false,,9.90,0.2750,true,1,1496542
660089001147,false,פותח סתימות נוזלי,,,פותח סתימות נוזלי,מיליליטרים,950.00,"100 מ""ל",false,,18.90,0.0199,true,1,1177379
678506868150,false,אוכמניות,,,אוכמניות,יחידה,0.00,יחידה,false,,24.90,0.0000,true,1,2149613
728229123590,false,חטיף צ'יפס מירקות 11,Global Gourmet Produ,IL,טרה מירקות אקזוטיים 110ג[,גרמים,110.00,100 גרם,false,,14.90,0.1355,true,1,1199668
728229123811,false,חטיף צ'יפס ירקות מתו,Global Gourmet Produ,IL,טרה מירקות אקזוטיים בנוסח,גרמים,110.00,100 גרם,false,,14.90,0.1355,true,1,1199670
728229124764,false,חטיף צ'יפס בטטה עם מ,Global Gourmet Produ,,חטיף צ'יפס בטטה עם מ,גרמים,110.00,100 גרם,false,,14.90,0.1355,true,1,1784080
728229130444,false,חטיף צ'יפס מירקות עם,Global Gourmet Produ,IL,טרה מירקות אקזוטיים כחולי,גרמים,110.00,100 גרם,false,,14.90,0.1355,true,1,1199672
753182231761,false,משקה אנרגיה BLU SUGA,,,משקה אנרגיה BLU SUGA,מיליליטרים,250.00,"100 מ""ל",false,,4.20,0.0168,true,1,1218148
768404001640,false,גלידת קפה בן אנד ג'ר,מוצרי איכות אמריקאיי,IL,"גלידה בטעם קפה 500 מ""ל",מיליליטרים,500.00,"100 מ""ל",false,,24.90,0.0498,true,1,1174525
769904000997,false,שקדי מרק ללא גלוטן,משובח,IL,"שקדי מרק דג""ש 200",גרמים,200.00,100 גרם,false,,14.90,0.0745,true,1,1197026
786150000281,false,בירה לף בראון,,,בירה לף בראון,ליטרים,1.98,ליטר,false,,39.90,20.1515,true,1,2046292
786560002240,false,שייקר פטנט קפיץ,,,שייקר פטנט קפיץ,יח',1.00,יח',false,,15.90,15.9000,true,1,2041278
811250030699,false,פלפל שחור,,,פלפל שחור,גרמים,50.00,100 גרם,false,,4.90,0.0980,true,1,2017950
811250031528,false,כוסברה  עלים,,,כוסברה  עלים,גרמים,100.00,100 גרם,false,,9.90,0.0990,true,1,2050801
818570007066,false,תמצית וניל טהור,,,תמצית וניל טהור,מיליליטרים,29.00,"100 מ""ל",false,,29.90,1.0310,true,1,2011835
835811001119,false,מיני עדשים 200 גר בצ,,,מיני עדשים 200 גר בצ,גרמים,200.00,100 גרם,false,,12.90,0.0645,true,1,2023947
835811001157,false,צלחות גדול מדקל,,,צלחות גדול מדקל,יח',10.00,יח',false,,14.90,1.4900,true,1,2029692
835811001164,false,צלחות קטן מדקל,,,צלחות קטן מדקל,יח',10.00,יח',false,,9.90,0.9900,true,1,2029693
835811001188,false,צלחות ענק מדקל,,,צלחות ענק מדקל,יח',10.00,יח',false,,14.90,1.4900,true,1,2029695
835811001201,false,מגש אובלי גדול מדקל,,,מגש אובלי גדול מדקל,יח',5.00,יח',false,,19.90,3.9800,true,1,2029706
835811001232,false,נייר אפיה לתבנית עגו,,,נייר אפיה לתבנית עגו,יח',10.00,יח',false,,10.90,1.0900,true,1,2032383
835811001676,false,מגש כסף 9 יח,,,מגש כסף 9 יח,יח',9.00,יח',false,,11.90,1.3222,true,1,1888300
835811001744,false,תבנית אלומיניום עבה,,,תבנית אלומיניום עבה,יח',2.00,יח',false,,11.90,5.9500,true,1,1265642
835811001959,false,תבנית אלומיניום רוסט,,,תבנית אלומיניום רוסט,יח',3.00,יח',false,,11.90,3.9667,true,1,1213595
835811001966,false,תבניות אלומניום עבה,,,תבניות אלומניום עבה,יח',4.00,יח',false,,11.90,2.9750,true,1,1213596
835811001997,false,תבנית אלומניום עבה ל,,,תבנית אלומניום עבה ל,יח',4.00,יח',false,,11.90,2.9750,true,1,1213599
835811003434,false,כוס רויאל משובחות,,,כוס רויאל משובחות,יח',10.00,יח',false,,10.90,1.0900,true,1,2119537
835811003458,false,מזלגות אלגנט שקוף 50,,,מזלגות אלגנט שקוף 50,יח',50.00,יח',false,,11.90,0.2380,true,1,2119543
835811003465,false,סכנים אלגנט שקוף 50,,,סכנים אלגנט שקוף 50,יח',50.00,יח',false,,11.90,0.2380,true,1,2119551
835811003489,false,כפיות אלגנט שקוף 50,,,כפיות אלגנט שקוף 50,יח',50.00,יח',false,,11.90,0.2380,true,1,2119553
835811003588,false,צלחות קלאסי גדול לבן,,,צלחות קלאסי גדול לבן,יח',65.00,יח',false,,34.90,0.5369,true,1,2119544
835811003595,false,צלחות קלאסי קטן לבן,,,צלחות קלאסי קטן לבן,יח',65.00,יח',false,,24.90,0.3831,true,1,2119545
835811003601,false,צמרוני תינוק 90 יח,,,צמרוני תינוק 90 יח,יח',90.00,יח',false,,5.90,0.0656,true,1,1801901
835811003670,false,סירופ שוקולד,,,סירופ שוקולד,גרמים,600.00,100 גרם,false,,9.90,0.0165,true,1,2023948
835811003700,false,סודה לשתיה,,,סודה לשתיה,גרמים,250.00,100 גרם,false,,5.90,0.0236,true,1,2023955
835811004066,false,צלחות מרובעות קטנות,,,צלחות מרובעות קטנות,יח',10.00,יח',false,,9.90,0.9900,true,1,2029697
835811004417,false,ריבת חלב,,,ריבת חלב,גרמים,340.00,100 גרם,false,,9.90,0.0291,true,1,1986857
835811004455,false,קישקשים מנייר 12 יח,,,קישקשים מנייר 12 יח,יחידה,0.00,יחידה,false,,7.90,0.0000,true,1,1993148
835811004660,false,גביע אלומיניום לאפיי,,,גביע אלומיניום לאפיי,יח',100.00,יח',false,,5.90,0.0590,true,1,1169257
835811004677,false,גביע אלומיניום לאפיי,,,גביע אלומיניום לאפיי,יח',100.00,יח',false,,8.90,0.0890,true,1,1169258
835811004684,false,גביע אלומיניום לאפיי,,,גביע אלומיניום לאפיי,יח',100.00,יח',false,,7.90,0.0790,true,1,1169259
835811004691,false,גביע אלומיניום לאפיי,,,גביע אלומיניום לאפיי,יח',100.00,יח',false,,6.90,0.0690,true,1,1169260
835811004790,false,צלחת הגשה בינונית מח,,,צלחת הגשה בינונית מח,יחידה,0.00,יחידה,false,,6.90,0.0000,true,1,1169269
835811005049,false,נייר אפייה 40 יח מתכ,,,נייר אפייה 40 יח מתכ,יח',14.00,יח',false,,14.90,1.0643,true,1,1169281
835811005339,false,זוג שקיות אוכל,,,זוג שקיות אוכל,יח',300.00,יח',false,,7.90,0.0263,true,1,1169300
835811005667,false,נטיפי צ'יפס בטעם שוק,,,נטיפי צ'יפס בטעם שוק,גרמים,250.00,100 גרם,false,,8.90,0.0356,true,1,1169323
835811005704,false,נייר עטיפה לכריכים,,,נייר עטיפה לכריכים,יח',100.00,יח',false,,7.90,0.0790,true,1,1169325
835811005728,false,עלים לקרמשניט 400 גר,,,עלים לקרמשניט 400 גר,גרמים,400.00,100 גרם,false,,14.90,0.0373,true,1,1169327
835811005810,false,מגש הכסף + מכסה,,,מגש הכסף + מכסה,יח',10.00,יח',false,,11.90,1.1900,true,1,1888301
835811005933,false,מגש הכסף תבנית ענק,,,מגש הכסף תבנית ענק,יח',5.00,יח',false,,11.90,2.3800,true,1,1888302
835811005940,false,מגש הכסף + מכסה,,,מגש הכסף + מכסה,יח',8.00,יח',false,,11.90,1.4875,true,1,1169336
835811005957,false,מגש הכסף + מכסה,,,מגש הכסף + מכסה,יח',8.00,יח',false,,11.90,1.4875,true,1,1888303
835811005964,false,מגש הכסף תבנית מאורך,,,מגש הכסף תבנית מאורך,יח',20.00,יח',false,,11.90,0.5950,true,1,1888304
835811006220,false,צלחות ענקיות קנה סוכ,,,צלחות ענקיות קנה סוכ,יח',25.00,יח',false,,17.90,0.7160,true,1,1169357
835811006435,false,מגש כסף 9 יח,,,מגש כסף 9 יח,יח',9.00,יח',false,,11.90,1.3222,true,1,1169360
835811006770,false,מגש כסף 5 יח,,,מגש כסף 5 יח,יח',5.00,יח',false,,11.90,2.3800,true,1,1888305
835811007296,false,כפיות אלגנט קרם 50 י,,,כפיות אלגנט קרם 50 י,יח',50.00,יח',false,,11.90,0.2380,true,1,2119554
835811007302,false,כפות אלגנט קרם 50 יח,,,כפות אלגנט קרם 50 יח,יח',50.00,יח',false,,11.90,0.2380,true,1,2119555
835811007319,false,מזלגות אלגנט קרם 50,,,מזלגות אלגנט קרם 50,יח',50.00,יח',false,,11.90,0.2380,true,1,2119556
835811007432,false,תבנית קרטון משפחתית,,,תבנית קרטון משפחתית,יח',3.00,יח',false,,10.90,3.6333,true,1,1169380
835811007494,false,גלטין טהור 14 גר 2יח,,,גלטין טהור 14 גר 2יח,גרמים,28.00,100 גרם,false,,9.90,0.3536,true,1,1169381
835811007562,false,תבנית קרטון אינגליש,,,תבנית קרטון אינגליש,יח',6.00,יח',false,,9.90,1.6500,true,1,1169384
835811007678,false,שקיות אוכל 200 יח',,,שקיות אוכל 200 יח',יח',200.00,יח',false,,3.90,0.0195,true,1,1169385
835811008347,false,גפרור ארוך מאוד,,,גפרור ארוך מאוד,יח',45.00,יח',false,,4.90,0.1089,true,1,1169395
839762000658,false,מיץ גויאבה איילנד לי,,,מיץ גויאבה איילנד לי,ליטרים,1.00,ליטר,false,,10.90,10.9000,true,1,1156913
850004207789,false,מיטבולס ביונד מיט 29,קראפט,,מיטבולס ביונד מיט 29,גרמים,290.00,100 גרם,false,,37.90,0.1307,true,1,2095848
850006036028,false,עוגיות מזרחיות מקלונ,,,עוגיות מזרחיות מקלונ,גרמים,400.00,100 גרם,false,,17.90,0.0447,true,1,2124674
851621000050,false,שישיית בירה בלאנק 16,,,שישיית בירה בלאנק 16,ליטרים,1.98,ליטר,false,,39.90,20.1515,true,1,2014058
856591000055,false,עוגיות מזרחיות קריספ,,,עוגיות מזרחיות קריספ,גרמים,400.00,100 גרם,false,,17.90,0.0447,true,1,1336900
856591000062,false,עוגיות מזרחיות מלח ע,עבאדי,IL,ע.מזרחיות  מלח 400 גרם,גרמים,400.00,100 גרם,false,,17.90,0.0447,true,1,1186286
856591000949,false,עוגיות מזרחיות עבאדי,,,עוגיות מזרחיות עבאדי,גרמים,350.00,100 גרם,false,,17.90,0.0511,true,1,2121694
856591000956,false,עוגיות מזרחיות עבאדי,,,עוגיות מזרחיות עבאדי,גרמים,350.00,100 גרם,false,,15.90,0.0454,true,1,2121707
856591000970,false,עוגיות מזרחיות מקלונ,,,עוגיות מזרחיות מקלונ,גרמים,400.00,100 גרם,false,,17.90,0.0447,true,1,2124675
859547004084,false,ספוג קרצוף סקראב דדי,,,ספוג קרצוף סקראב דדי,יחידה,0.00,יחידה,false,,17.90,0.0000,true,1,2114396
859547004466,false,ספוג קרצוף סקראב דדי,,,ספוג קרצוף סקראב דדי,יחידה,0.00,יחידה,false,,17.90,0.0000,true,1,2114398
877300000050,false,קינמון טחון,,,קינמון טחון,גרמים,80.00,100 גרם,false,,4.90,0.0613,true,1,2017967
877300000074,false,פלפל שחור גרוס,,,פלפל שחור גרוס,גרמים,100.00,100 גרם,false,,14.90,0.1490,true,1,1360453
877300000081,false,פלפל שחור טחון,,,פלפל שחור טחון,גרמים,100.00,100 גרם,false,,14.90,0.1490,true,1,1360447
877300000364,false,אורגנו,,,אורגנו,גרמים,20.00,100 גרם,false,,4.90,0.2450,true,1,2017961
877300001019,false,כוסברה טחון,,,כוסברה טחון,גרמים,120.00,100 גרם,false,,9.90,0.0825,true,1,1200249
877300001040,false,כורכום טחון,,,כורכום טחון,גרמים,150.00,100 גרם,false,,9.90,0.0660,true,1,1200251
877300001071,false,שום גבישי דק,,,שום גבישי דק,גרמים,150.00,100 גרם,false,,9.90,0.0660,true,1,1200254
877300001101,false,קינמון טחון,,,קינמון טחון,גרמים,150.00,100 גרם,false,,9.90,0.0660,true,1,1200256
877300001170,false,פפריקה מתוקה,,,פפריקה מתוקה,גרמים,150.00,100 גרם,false,,9.90,0.0660,true,1,1200262
877300001200,false,עלי דפנה,,,עלי דפנה,גרמים,20.00,100 גרם,false,,9.90,0.4950,true,1,1200263
877300001286,false,כמון טחון,,,כמון טחון,גרמים,150.00,100 גרם,false,,9.90,0.0660,true,1,1200265
877300001385,false,תבלין לפרגיות,,,תבלין לפרגיות,גרמים,150.00,100 גרם,false,,9.90,0.0660,true,1,1200270
877300001392,false,תבלין גריל עוף,,,תבלין גריל עוף,גרמים,150.00,100 גרם,false,,9.90,0.0660,true,1,1200271
877300001552,false,טוסקנה,,,טוסקנה,גרמים,150.00,100 גרם,false,,9.90,0.0660,true,1,1200276
877300001583,false,תבלין לדג מבושל,,,תבלין לדג מבושל,גרמים,120.00,100 גרם,false,,9.90,0.0825,true,1,1200278
877300001637,false,פפריקה מתוקה גס בשמן,,,פפריקה מתוקה גס בשמן,גרמים,150.00,100 גרם,false,,9.90,0.0660,true,1,1200279
877300002160,false,רוטב צ'ילי מתוק,,,רוטב צ'ילי מתוק,גרמים,370.00,100 גרם,false,,12.90,0.0349,true,1,1200294
877300002184,false,אריסה מתוקה,,,אריסה מתוקה,גרמים,180.00,100 גרם,false,,9.90,0.0550,true,1,1289077
877300002214,false,אריסה,,,אריסה,גרמים,180.00,100 גרם,false,,9.90,0.0550,true,1,1200296
877300002313,false,תבלין ראס אל חנות,,,תבלין ראס אל חנות,גרמים,150.00,100 גרם,false,,9.90,0.0660,true,1,1200298
877300002504,false,רוטב פיקנטי בטעם עמב,,,רוטב פיקנטי בטעם עמב,גרמים,500.00,100 גרם,false,,12.90,0.0258,true,1,2047764
877300002610,false,ממרח אריסה לימון,,,ממרח אריסה לימון,גרמים,180.00,100 גרם,false,,9.90,0.0550,true,1,1555885
877300003075,false,צ'אטני שזיף פיקנטי,,,צ'אטני שזיף פיקנטי,גרמים,370.00,100 גרם,false,,12.90,0.0349,true,1,1200305
877300003259,false,רוטב סצ'ואן,,,רוטב סצ'ואן,גרמים,340.00,100 גרם,false,,12.90,0.0379,true,1,1200308
877300003358,false,פלפל צ'ומה,,,פלפל צ'ומה,גרמים,180.00,100 גרם,false,,9.90,0.0550,true,1,1200317
877300004119,false,ממרח סחוג אדום,,,ממרח סחוג אדום,גרמים,180.00,100 גרם,false,,9.90,0.0550,true,1,1305452
877300004157,false,סחוג,,,סחוג,גרמים,180.00,100 גרם,false,,9.90,0.0550,true,1,1584199
877300004416,false,פלפל שחור גרוס דק,,,פלפל שחור גרוס דק,גרמים,50.00,100 גרם,false,,4.90,0.0980,true,1,2046662
877300004614,false,גריל עוף,,,גריל עוף,גרמים,80.00,100 גרם,false,,4.90,0.0613,true,1,1360460
877300004621,false,זעתר שומשום,,,זעתר שומשום,גרמים,80.00,100 גרם,false,,4.90,0.0613,true,1,1360461
877300004638,false,מלח לימון,,,מלח לימון,גרמים,100.00,100 גרם,false,,3.90,0.0390,true,1,1360462
877300008674,false,פלפל שחור שלם במטחנה,,,פלפל שחור שלם במטחנה,גרמים,45.00,100 גרם,false,,14.90,0.3311,true,1,1292332
877300008698,false,פלפלת ארבע עונות שלם,,,פלפלת ארבע עונות שלם,גרמים,30.00,100 גרם,false,,14.90,0.4967,true,1,1292334
877300009800,false,תבלין טימין,,,תבלין טימין,גרמים,40.00,100 גרם,false,,9.90,0.2475,true,1,1950317
877300009848,false,מלח לימון,,,מלח לימון,מיליליטרים,150.00,"100 מ""ל",false,,9.90,0.0660,true,1,1892121
883314801972,false,קערית 12 דיוואלי LIG,,,קערית 12 דיוואלי LIG,יחידה,0.00,יחידה,false,,9.90,0.0000,true,1,2103569
884912002372,false,דגני קרנברי סלקט,פוסט Post,US,סלקט קרנברי חדש,גרמים,396.00,100 גרם,false,,24.90,0.0629,true,1,1196699
884912126115,false,דגנים תערובת סלקט,פוסט Post,US,סלקט גרייט גריינס דייטס ח,גרמים,453.00,100 גרם,false,,24.90,0.0550,true,1,1196710
884912129512,false,דגני בוקר בטעם קקאו,,,דגני בוקר בטעם קקאו,גרמים,311.00,100 גרם,false,,24.90,0.0801,true,1,2148987
884912180629,false,דגני חיטה מלאה גרוסה,,,דגני חיטה מלאה גרוסה,גרמים,464.00,100 גרם,false,,22.90,0.0494,true,1,1345186
884912342737,false,דגני בוקר וופל קריספ,,,דגני בוקר וופל קריספ,גרמים,425.00,100 גרם,false,,22.90,0.0539,true,1,1998226
884912359155,false,דגני האני באנצ' רוסט,,,דגני האני באנצ' רוסט,גרמים,411.00,100 גרם,false,,22.90,0.0557,true,1,2119881
884912359162,false,דגני האני באנצ'.,,,דגני האני באנצ'.,גרמים,411.00,100 גרם,false,,22.90,0.0557,true,1,2119882
884912359483,false,דגני האני באנצ' תות,,,דגני האני באנצ' תות,גרמים,368.00,100 גרם,false,,22.90,0.0622,true,1,2119890
884912365217,false,דגני בוקר בטעם אוראו,,,דגני בוקר בטעם אוראו,גרמים,311.00,100 גרם,false,,19.90,0.0640,true,1,2081520
884912378118,false,דגני רייזן ברן.,,,דגני רייזן ברן.,גרמים,411.00,100 גרם,false,,22.90,0.0557,true,1,2143295
888849000005,false,קווסט חטיף חלבון עוג,,,קווסט חטיף חלבון עוג,גרמים,60.00,100 גרם,false,,17.90,0.2983,true,1,2041021
888849000012,false,קווסט חטיף חלבון עוג,,,קווסט חטיף חלבון עוג,גרמים,60.00,100 גרם,false,,17.90,0.2983,true,1,2041022
888849000418,false,קווסט חטיף חלבון שוק,,,קווסט חטיף חלבון שוק,גרמים,60.00,100 גרם,false,,17.90,0.2983,true,1,2041025
888849004621,false,קווסט חטיף חלבון שיב,,,קווסט חטיף חלבון שיב,גרמים,60.00,100 גרם,false,,17.90,0.2983,true,1,2041030
888849008117,false,משקה חלבון קווסט בטע,,,משקה חלבון קווסט בטע,מיליליטרים,325.00,"100 מ""ל",false,,17.90,0.0551,true,1,2071600
1230000068314,false,בשר טחון ביונד מינט,קראפט,,בשר טחון ביונד מינט,גרמים,300.00,100 גרם,false,,29.90,0.0997,true,1,2102958
1230000116022,false,המבורגר ביונד מיט מא,קראפט,,המבורגר ביונד מיט מא,גרמים,226.00,100 גרם,false,,34.90,0.1544,true,1,2125869
3010470155299,false,פריסקיז פטה בקר וירק,,,פריסקיז פטה בקר וירק,גרמים,400.00,100 גרם,false,,8.90,0.0223,true,1,1458160
3014260022839,false,זוג מברשות שיניים או,פרוקטר אנד גמבל,IN,דליקייט  וויט  זוג  40 רך,יח',2.00,יח',false,,14.90,7.4500,true,1,1250082
3014260023089,false,3 מברשות שיניים אורל,פרוקטר אנד גמבל,IN,קלאסיק שלישיה 40 מדיום,יח',3.00,יח',false,,14.90,4.9667,true,1,1269471
3014260100698,false,אורל בי מברשת שיניים,,,אורל בי מברשת שיניים,יחידה,0.00,יחידה,false,,14.90,0.0000,true,1,2022239
3014260201753,false,סכיני גילוח בלו 5 יח,פרוקטר אנד גמבל,PL,בלו 2*5 (שקית),יח',5.00,יח',false,,12.90,2.5800,true,1,1157543
3014260228842,false,ג'ילט קצף גילוח 200,פרוקטר אנד גמבל,GB,ק.גילוח רגיל,מיליליטרים,200.00,"100 מ""ל",false,,14.90,0.0745,true,1,1157552
3014260240226,false,ג'ילט קצף גילוח 200,פרוקטר אנד גמבל,GB,ק.גילוח רגיש,מיליליטרים,200.00,"100 מ""ל",false,,14.90,0.0745,true,1,1157554
3014260262709,false,סכיני גילוח וונוס 4,פרוקטר אנד גמבל,PL,ס.ג .ונוס4X1,יח',4.00,יח',false,,44.90,11.2250,true,1,1157562
3014260274924,false,מאך 3 טורבו שמיניה,פרוקטר אנד גמבל,DE,מאך 3טורבו 8,יח',8.00,יח',false,,89.90,11.2375,true,1,1157567
3014260280772,false,חוט דנטלי אורל בי,פרוקטר אנד גמבל,MX,חוט דנטלי אסנשיאל מנטה עם,מטרים,50.00,מטר,false,,12.90,0.2580,true,1,1157570
3014260287030,false,סכיני גילט חמישיה,פרוקטר אנד גמבל,PL,גילט 2חמישיה,יח',5.00,יח',false,,7.90,1.5800,true,1,1157574
3014260289287,false,סכיני גילוח לנשים,פרוקטר אנד גמבל,PL,בלו 2 לנשים 5,יח',5.00,יח',false,,14.90,2.9800,true,1,1157576
3045201108008,false,מסיר כתמים אידיאל -צ,מרקה,ES,אידאל-מסיר כתמים-צהוב 006,מיליליטרים,150.00,"100 מ""ל",false,,19.90,0.1327,true,1,1173219
3046920010047,false,שוקולד לינדט 78% אקס,,,שוקולד לינדט 78% אקס,גרמים,100.00,100 גרם,false,,14.90,0.1490,true,1,1642913
3046920010801,false,שוקולד לינדט אקסלנט,,,שוקולד לינדט אקסלנט,גרמים,100.00,100 גרם,false,,14.90,0.1490,true,1,1642914
3046920016377,false,שוקולד לינדט אקסלנט,,,שוקולד לינדט אקסלנט,גרמים,50.00,100 גרם,false,,14.90,0.2980,true,1,2022064
3046920027281,false,שוקולד לינדט אקסלנט,לינדט Lindt,FR,לינדט אקסלנס 70% 100 גרם,גרמים,100.00,100 גרם,false,,14.90,0.1490,true,1,1258926
3046920028004,false,שוקולד לינדט אקסלנט,לינדט Lindt,FR,לינדט אקסלנס 70% 100 גרם,גרמים,100.00,100 גרם,false,,14.90,0.1490,true,1,1166707
3046920028363,false,שוקולד לינדט אקסלנס,לינדט Lindt,FR,לינדט אקסלנס 85% 100 גרם,גרמים,100.00,100 גרם,false,,14.90,0.1490,true,1,1166708
3046920028721,false,שוקולד לינדט 99% אקס,,,שוקולד לינדט 99% אקס,גרמים,50.00,100 גרם,false,,14.90,0.2980,true,1,1642916
3046920029674,false,שוקולד לינדט אקסלנס,לינדט Lindt,FR,לינדט אקס' סולט 100 גרם,גרמים,100.00,100 גרם,false,,14.90,0.1490,true,1,1166711
3046920029681,false,שוקולד אקסלנס 85%,,,שוקולד אקסלנס 85%,גרמים,100.00,100 גרם,false,,14.90,0.1490,true,1,2022065
3046920029759,false,שוקולד לינדט אקסלנט,לינדט Lindt,FR,לינדט אקסלנס 70% 100 גרם,גרמים,100.00,100 גרם,false,,14.90,0.1490,true,1,1258927
3059943016569,false,מבשם אוויר ספריי - א,רקיט בנקיזר,GB,איירוויק ספריי פריסיה ויס,מיליליטרים,240.00,"100 מ""ל",false,,9.90,0.0413,true,1,1159817
3073781162790,false,גבינת בייבי בל אדם 1,,,גבינת בייבי בל אדם 1,גרמים,120.00,100 גרם,false,,16.90,0.1408,true,1,2118209
3073781177220,false,גבינת בייבי בל רול,,,גבינת בייבי בל רול,גרמים,120.00,100 גרם,false,,16.90,0.1408,true,1,2141928
3141360054405,false,מפיג ריח למדיח פיניש,,,מפיג ריח למדיח פיניש,גרמים,27.00,100 גרם,false,,14.90,0.5519,true,1,1375254
3147697720204,false,וויסקי לייבל 5 קלאסי,,,וויסקי לייבל 5 קלאסי,מיליליטרים,700.00,"100 מ""ל",false,,69.00,0.0986,true,1,1305706
3161911229199,false,חמאה רכה 250 גרם אלו,אלוויר,FR,חמאה רכה 250 ג,גרמים,250.00,100 גרם,false,,19.90,0.0796,true,1,1177281
3161911366429,false,חמאה מלוחה 250 גרם א,אלוויר,FR,חמאה מלוחה 250 ג,גרמים,250.00,100 גרם,false,,19.90,0.0796,true,1,1177282
3161911393210,false,חמאה צרפתית נורמנדי,,,חמאה צרפתית נורמנדי,גרמים,200.00,100 גרם,false,,18.90,0.0945,true,1,2125228
3178530402278,false,גלאט חמאה קרצל סן מי,,,גלאט חמאה קרצל סן מי,גרמים,150.00,100 גרם,false,,14.90,0.0993,true,1,1433385
3178530402353,false,מיני מדלן סן מישל,,,מיני מדלן סן מישל,גרמים,175.00,100 גרם,false,,10.90,0.0623,true,1,1433386
3178530407938,false,מיני מדלן שוקו סן מי,,,מיני מדלן שוקו סן מי,גרמים,175.00,100 גרם,false,,10.90,0.0623,true,1,1433389
3178530417340,false,בראוניז שוקולד עוגות,,,בראוניז שוקולד עוגות,גרמים,210.00,100 גרם,false,,12.90,0.0614,true,1,2050694
3178530417357,false,בראוניז שוקולד לבן ע,,,בראוניז שוקולד לבן ע,גרמים,210.00,100 גרם,false,,12.90,0.0614,true,1,2050695
3228022910023,false,חמאה פרזידנט 200 גרם,לקטליס,FR,חמאה פרזיגנט 200 ג,גרמים,200.00,100 גרם,false,,14.90,0.0745,true,1,1177291
3254550033279,false,גבינה קממבר איסיני 2,,,גבינה קממבר איסיני 2,גרמים,250.00,100 גרם,false,,28.90,0.1156,true,1,1420656
3278486902355,false,ברנדי ראגל פרייד XO,,,ברנדי ראגל פרייד XO,מיליליטרים,700.00,"100 מ""ל",false,,89.90,0.1284,true,1,1282161
3328640121976,false,ויסקי היילנד בלנדר,,,ויסקי היילנד בלנדר,מיליליטרים,700.00,"100 מ""ל",false,,74.90,0.1070,true,1,2024253
3387390320244,false,דגני בוקר פיטנס עם פ,נסטלה,FR,פיטנס פירות 375 גרם,גרמים,375.00,100 גרם,false,,19.90,0.0531,true,1,1156236
3387390525960,false,דגני בוקר קראנץ'.,נסטלה,FR,קראנץ' דגני בוקר פריכים ע,גרמים,500.00,100 גרם,false,,21.90,0.0438,true,1,1156237
3387390730852,false,דגני בוקר פיטנס.,נסטלה,FR,פיטנס קלאסי 375 גרם,גרמים,375.00,100 גרם,false,,19.90,0.0531,true,1,1156238
3523230026826,false,גבינה עזים פירמידה 1,,,גבינה עזים פירמידה 1,גרמים,140.00,100 גרם,false,,19.90,0.1421,true,1,1420657
3574660026788,false,טלק גונסון 200 גר,,,טלק גונסון 200 גר,גרמים,200.00,100 גרם,false,,18.90,0.0945,true,1,1922045
3574660058857,false,"שמן גונסון 500 מ""ל",,,"שמן גונסון 500 מ""ל",מיליליטרים,500.00,"100 מ""ל",false,,29.90,0.0598,true,1,1922046
3574660115154,false,טמפוני או-בה סופר 32,CILAG GMBH INTERNATI,GR,אובה קלאסי סופר 32,יח',32.00,יח',false,,29.90,0.9344,true,1,1185675
3574660239829,false,קרם ידיים קליל NEUTR,CILAG GMBH INTERNATI,FR,נוטרגינה ס.נורבגית קרם יד,מיליליטרים,75.00,"100 מ""ל",false,,19.90,0.2653,true,1,1185684
3574660269635,false,ניוטרוגינה ד.קלין אי,,,ניוטרוגינה ד.קלין אי,מיליליטרים,150.00,"100 מ""ל",false,,36.90,0.2460,true,1,2041372
3574660333466,false,טמפונים או-בה מיני 3,CILAG GMBH INTERNATI,DE,אובה פרוקומפורט מיני 32 י,יח',32.00,יח',false,,29.90,0.9344,true,1,1185699
3574660342291,false,קרם ידיים ציפורניים,CILAG GMBH INTERNATI,FR,נוטרוגינה ס.נורבגית ידיים,מיליליטרים,75.00,"100 מ""ל",false,,19.90,0.2653,true,1,1542487
3574660464337,false,תחתוניות קרפרי אוורי,,,תחתוניות קרפרי אוורי,יח',76.00,יח',false,,22.90,0.3013,true,1,1701022
3574660464368,false,תחתוניות קרפרי אוורי,,,תחתוניות קרפרי אוורי,יח',76.00,יח',false,,22.90,0.3013,true,1,1701023
3574660464429,false,תחתוניות קרפרי אוורי,,,תחתוניות קרפרי אוורי,יח',76.00,יח',false,,22.90,0.3013,true,1,1701025
3574660514643,false,קרם גוף עשיר ניוטרוג,CILAG GMBH INTERNATI,FR,נוטרוגינה קרם לחות עשיר 3,מיליליטרים,300.00,"100 מ""ל",false,,19.90,0.0663,true,1,1185711
3574661003924,false,מי פה ליסטרין טוטל ק,JOHNSON & JOHNSON,IT,LISTERINE TOTAL CARE 500M,מיליליטרים,500.00,"100 מ""ל",false,,22.90,0.0458,true,1,1157014
3574661098531,false,תחליב גוף לעור יבש ו,,,תחליב גוף לעור יבש ו,מיליליטרים,400.00,"100 מ""ל",false,,19.90,0.0497,true,1,1784013
3574661098937,false,תחליב גוף לעור יבש ע,,,תחליב גוף לעור יבש ע,מיליליטרים,400.00,"100 מ""ל",false,,19.90,0.0497,true,1,1784014
3574661114620,false,מי פה ליסטרין זירו 2,,,מי פה ליסטרין זירו 2,מיליליטרים,250.00,"100 מ""ל",false,,12.90,0.0516,true,1,1876079
3574661114637,false,"מי פה ליסטרין 500 מ""",,,"מי פה ליסטרין 500 מ""",מיליליטרים,500.00,"100 מ""ל",false,,19.90,0.0398,true,1,1157015
3574661141022,false,תחבושות הגייניות מקס,CILAG GMBH INTERNATI,BE,וניה תחבושות הגייניות מקס,יח',12.00,יח',false,,24.90,2.0750,true,1,1265312
3574661200019,false,תחליב גוף עם משאבה 4,,,תחליב גוף עם משאבה 4,מיליליטרים,400.00,"100 מ""ל",false,,19.90,0.0497,true,1,1296256
3574661287201,false,ניוטרוג'ינה הידרובוס,,,ניוטרוג'ינה הידרובוס,מיליליטרים,50.00,"100 מ""ל",false,,50.90,1.0180,true,1,2041373
3574661351711,false,ניוטרוגינה היידרו קר,,,ניוטרוגינה היידרו קר,מיליליטרים,50.00,"100 מ""ל",false,,50.90,1.0180,true,1,1820646
3574661352275,false,מי פה ליסטרין קידס 2,,,מי פה ליסטרין קידס 2,מיליליטרים,250.00,"100 מ""ל",false,,10.90,0.0436,true,1,2022415
3574661363998,false,שטיפת פה ליסטרין תה,,,שטיפת פה ליסטרין תה,מיליליטרים,500.00,"100 מ""ל",false,,22.90,0.0458,true,1,1530384
3574661391373,false,תחליב גוף הידרו בוסט,,,תחליב גוף הידרו בוסט,מיליליטרים,400.00,"100 מ""ל",false,,19.90,0.0497,true,1,1943696
3574661392486,false,קרם ידיים NEUTROGENA,,,קרם ידיים NEUTROGENA,מיליליטרים,75.00,"100 מ""ל",false,,19.90,0.2653,true,1,1962869
3574661392493,false,קרם גוף עשיר ניוטרוג,,,קרם גוף עשיר ניוטרוג,מיליליטרים,200.00,"100 מ""ל",false,,19.90,0.0995,true,1,1962870
3574661393667,false,ניוטרוגינה הידרובוסט,,,ניוטרוגינה הידרובוסט,מיליליטרים,30.00,"100 מ""ל",false,,57.90,1.9300,true,1,2041375
3574661401140,false,ליסטרין נייטלי רייסט,,,ליסטרין נייטלי רייסט,מיליליטרים,400.00,"100 מ""ל",false,,19.90,0.0497,true,1,1941299
3574661419435,false,תחבושות הגייניות מקס,,,תחבושות הגייניות מקס,יח',12.00,יח',false,,24.90,2.0750,true,1,2121008
3574661428055,false,תחליב גונסון בייבי מ,,,תחליב גונסון בייבי מ,מיליליטרים,500.00,"100 מ""ל",false,,29.90,0.0598,true,1,2125894
3574661487328,false,תחתוניות קרפרי 56 יח,,,תחתוניות קרפרי 56 יח,יח',56.00,יח',false,,16.90,0.3018,true,1,1975455
3574661487335,false,תחתוניות קרפרי מקסי,,,תחתוניות קרפרי מקסי,יח',40.00,יח',false,,16.90,0.4225,true,1,1975460
3574661487618,false,תחתוניות קרפרי מבושם,,,תחתוניות קרפרי מבושם,יח',48.00,יח',false,,16.90,0.3521,true,1,1975461
3574661487625,false,תחתוניות קרפרי מקסי,,,תחתוניות קרפרי מקסי,יח',48.00,יח',false,,16.90,0.3521,true,1,1975480
3574661487632,false,תחתוניות קרפרי לארג',,,תחתוניות קרפרי לארג',יח',64.00,יח',false,,22.90,0.3578,true,1,1992125
3574661500355,false,תחתוניות קרפרי מקסי,,,תחתוניות קרפרי מקסי,יח',40.00,יח',false,,16.90,0.4225,true,1,1975462
3574661552576,false,תחתוניות קרפרי טנגה,,,תחתוניות קרפרי טנגה,יח',56.00,יח',false,,16.90,0.3018,true,1,2011563
3574661552804,false,תחתוניות קרפרי אלוור,,,תחתוניות קרפרי אלוור,יח',56.00,יח',false,,16.90,0.3018,true,1,2011564
3574661552811,false,תחתוניות קרפרי אוורי,,,תחתוניות קרפרי אוורי,יח',56.00,יח',false,,16.90,0.3018,true,1,2011565
3574661554877,false,תחתוניות קרפרי מבושם,,,תחתוניות קרפרי מבושם,יח',56.00,יח',false,,16.90,0.3018,true,1,2011566
3574661554884,false,תחתוניות קרפרי מבושם,,,תחתוניות קרפרי מבושם,יח',56.00,יח',false,,16.90,0.3018,true,1,2011567
3574661560489,false,ניוטרוגינה דיפ קלין,,,ניוטרוגינה דיפ קלין,יחידה,25.00,יחידה,false,,15.90,0.6360,true,1,2041388
3574661610344,false,קרם גוף אינטנסיבי ני,,,קרם גוף אינטנסיבי ני,מיליליטרים,300.00,"100 מ""ל",false,,19.90,0.0663,true,1,2102720
3574661650029,false,מי פה ליסטרין נוטרל,,,מי פה ליסטרין נוטרל,מיליליטרים,500.00,"100 מ""ל",false,,22.90,0.0458,true,1,2107563
3574669907682,false,טלק גונסון 500 גר,,,טלק גונסון 500 גר,גרמים,500.00,100 גרם,false,,29.90,0.0598,true,1,1922050
3574669907767,false,גונסונס בייבי שמפו ק,,,גונסונס בייבי שמפו ק,מיליליטרים,750.00,"100 מ""ל",false,,16.90,0.0225,true,1,1927372
3574669908245,false,מרכך ג'ונסונס טיפות,,,מרכך ג'ונסונס טיפות,מיליליטרים,500.00,"100 מ""ל",false,,16.90,0.0338,true,1,1922052
3574669909204,false,שמן תינוקות גונסונס,,,שמן תינוקות גונסונס,מיליליטרים,300.00,"100 מ""ל",false,,22.90,0.0763,true,1,2003018
3600521094341,false,צבע שיער קאסטינג 200,,,צבע שיער קאסטינג 200,יחידה,0.00,יחידה,false,,34.90,0.0000,true,1,1150930
3600521094389,false,צבע שיער קאסטינג 400,,,צבע שיער קאסטינג 400,יחידה,0.00,יחידה,false,,34.90,0.0000,true,1,1150934
3600522344070,false,מסיכת הזנה לשיער אלב,,,מסיכת הזנה לשיער אלב,מיליליטרים,300.00,"100 מ""ל",false,,24.90,0.0830,true,1,1151106
3600522825463,false,צבע שיער אקסלנס אינט,,,צבע שיער אקסלנס אינט,יחידה,0.00,יחידה,false,,34.90,0.0000,true,1,1285902
3600523192717,false,מג'יק ריטאצ' בלונד ב,,,מג'יק ריטאצ' בלונד ב,מיליליטרים,75.00,"100 מ""ל",false,,34.90,0.4653,true,1,2063594
3600523193158,false,מג'יק ריטאצ' חום 2 L,,,מג'יק ריטאצ' חום 2 L,מיליליטרים,75.00,"100 מ""ל",false,,34.90,0.4653,true,1,1352241
3600523448760,false,חלב פנים לעור רגיש,,,חלב פנים לעור רגיש,מיליליטרים,400.00,"100 מ""ל",false,,29.90,0.0747,true,1,1615473
3600523476619,false,דרמו פרחים גל ניקוי,,,דרמו פרחים גל ניקוי,מיליליטרים,150.00,"100 מ""ל",false,,29.90,0.1993,true,1,1939167
3600523642489,false,אלביב מסכה 6 שמנים מ,,,אלביב מסכה 6 שמנים מ,מיליליטרים,300.00,"100 מ""ל",false,,24.90,0.0830,true,1,1902439
3600523651870,false,שמפו אלביב 6 שמנים,,,שמפו אלביב 6 שמנים,מיליליטרים,550.00,"100 מ""ל",false,,14.90,0.0271,true,1,1668385
3600523651887,false,שמפו אלביב טוטאל,,,שמפו אלביב טוטאל,מיליליטרים,550.00,"100 מ""ל",false,,14.90,0.0271,true,1,1668386
3600523651900,false,מרכך אלביב 6 שמנים,,,מרכך אלביב 6 שמנים,מיליליטרים,550.00,"100 מ""ל",false,,14.90,0.0271,true,1,1668387
3600523652228,false,מרכך אלביב טוטאל,,,מרכך אלביב טוטאל,מיליליטרים,550.00,"100 מ""ל",false,,14.90,0.0271,true,1,1668388
3600523652242,false,שמפו אלביב קולור,,,שמפו אלביב קולור,מיליליטרים,550.00,"100 מ""ל",false,,14.90,0.0271,true,1,1668390
3600523652259,false,מרכך אלביב קולור,,,מרכך אלביב קולור,מיליליטרים,550.00,"100 מ""ל",false,,14.90,0.0271,true,1,1668391
3600523652280,false,שמפו אלביב 6 שמנים,,,שמפו אלביב 6 שמנים,מיליליטרים,550.00,"100 מ""ל",false,,14.90,0.0271,true,1,1668394
3600523652297,false,מרכך אלביב 6 שמנים,,,מרכך אלביב 6 שמנים,מיליליטרים,550.00,"100 מ""ל",false,,14.90,0.0271,true,1,1668395
3600523756322,false,מרכך אלביב 6 שמנים,,,מרכך אלביב 6 שמנים,מיליליטרים,550.00,"100 מ""ל",false,,14.90,0.0271,true,1,1988700
3600523782567,false,שמפו אלביב דרים לונו,,,שמפו אלביב דרים לונו,מיליליטרים,500.00,"100 מ""ל",false,,14.90,0.0298,true,1,1939174
3600523782581,false,מרכך אלביב דרים לונג,,,מרכך אלביב דרים לונג,מיליליטרים,500.00,"100 מ""ל",false,,14.90,0.0298,true,1,1939176
3600541023291,false,קרם גוף GARNIER אלוו,,,קרם גוף GARNIER אלוו,מיליליטרים,400.00,"100 מ""ל",false,,14.90,0.0373,true,1,1992970
3600541029323,false,מסיר איפור 2 ב 1 GAR,SOPROCOS סופרוקוס,FR,200 מס.איפור אסנשיאל 2ב1,מיליליטרים,200.00,"100 מ""ל",false,,19.90,0.0995,true,1,1151228
3600541740006,false,דאודורנט ספריי אקשן,,,דאודורנט ספריי אקשן,מיליליטרים,150.00,"100 מ""ל",false,,11.90,0.0793,true,1,1296652
3600541928275,false,גרנייה מים מיסלריים,,,גרנייה מים מיסלריים,מיליליטרים,400.00,"100 מ""ל",false,,29.90,0.0747,true,1,1350999
3600542216623,false,דאודורנט GARNIER רול,,,דאודורנט GARNIER רול,מיליליטרים,50.00,"100 מ""ל",false,,11.90,0.2380,true,1,1995415
3600542267953,false,פיור מי מיסלר GARNIE,,,פיור מי מיסלר GARNIE,מיליליטרים,400.00,"100 מ""ל",false,,29.90,0.0747,true,1,1987597
3600542309974,false,דאודורנט GARNIER רול,,,דאודורנט GARNIER רול,מיליליטרים,50.00,"100 מ""ל",false,,11.90,0.2380,true,1,2144130
3600542385091,false,אקשן קונטרול טרמיק 7,,,אקשן קונטרול טרמיק 7,מיליליטרים,50.00,"100 מ""ל",false,,11.90,0.2380,true,1,2063670
3600542385251,false,דאודורנט GARNIER רול,,,דאודורנט GARNIER רול,מיליליטרים,50.00,"100 מ""ל",false,,11.90,0.2380,true,1,2063673
3600542385268,false,דאודורנט אינביזבל רו,,,דאודורנט אינביזבל רו,מיליליטרים,50.00,"100 מ""ל",false,,11.90,0.2380,true,1,2063680
3600542431828,false,צבע שיער קולור נטורל,,,צבע שיער קולור נטורל,מיליליטרים,40.00,"100 מ""ל",false,,19.90,0.4975,true,1,2108871
3600542431842,false,צבע לשיער קולור נטור,,,צבע לשיער קולור נטור,מיליליטרים,40.00,"100 מ""ל",false,,19.90,0.4975,true,1,2108873
3600542431859,false,צבע לשיער קולור נטור,,,צבע לשיער קולור נטור,מיליליטרים,40.00,"100 מ""ל",false,,19.90,0.4975,true,1,2108874
3600542431866,false,צבע לשיער קולור נטור,,,צבע לשיער קולור נטור,מיליליטרים,40.00,"100 מ""ל",false,,19.90,0.4975,true,1,2108875
3600542431880,false,צבע לשיער קולור נטור,,,צבע לשיער קולור נטור,מיליליטרים,40.00,"100 מ""ל",false,,19.90,0.4975,true,1,2108877
3600542431941,false,צבע לשיער קולור נטור,,,צבע לשיער קולור נטור,מיליליטרים,40.00,"100 מ""ל",false,,19.90,0.4975,true,1,2108893
3600542431996,false,צבע לשיער קולור נטור,,,צבע לשיער קולור נטור,מיליליטרים,50.00,"100 מ""ל",false,,19.90,0.3980,true,1,2108898
3600542432023,false,צבע שיער קולור שחור,,,צבע שיער קולור שחור,מיליליטרים,137.00,"100 מ""ל",false,,19.90,0.1453,true,1,2108901
3600542432061,false,צבע שיער קולור בלונד,,,צבע שיער קולור בלונד,מיליליטרים,137.00,"100 מ""ל",false,,19.90,0.1453,true,1,2108905
3600542432085,false,צבע שיער קולור נטורל,,,צבע שיער קולור נטורל,יחידה,0.00,יחידה,false,,19.90,0.0000,true,1,2108907
3607345265117,false,ספריי גוף פיוז'ן טים,אגריפק אס איי לגרדה,ES,פיוז'ן-ספריי גוף טים פורס,מיליליטרים,150.00,"100 מ""ל",false,,10.90,0.0727,true,1,1199695
3614223736485,false,דאו ספריי לגבר,,,דאו ספריי לגבר,מיליליטרים,200.00,"100 מ""ל",false,,15.90,0.0795,true,1,1697213
3614224051235,false,בודי ספריי אדידס 200,,,בודי ספריי אדידס 200,מיליליטרים,200.00,"100 מ""ל",false,,15.90,0.0795,true,1,1908201
3661163970448,false,דאו ספריי גברים דריי,COLEPCCL POLSKA,PT,דאו' ספריי לגבר A3קול דרי,מיליליטרים,200.00,"100 מ""ל",false,,15.90,0.0795,true,1,1199711
3661163990545,false,דאו ספריי גברים דריי,,,דאו ספריי גברים דריי,מיליליטרים,200.00,"100 מ""ל",false,,15.90,0.0795,true,1,1199713
3800020403631,false,"שוקולד קיט ""קאט חמאת",נסטלה,BG,קיט קאט צ'אנקי חמאת בוטני,גרמים,40.00,100 גרם,false,,3.90,0.0975,true,1,1191560
3800020423578,false,חטיף קיט קאט,נסטלה,BG,קיט קאט צ'אנקי,גרמים,40.00,100 גרם,false,,3.90,0.0975,true,1,1191562
3800020472712,false,חטיף קיט קט צאנקי פו,,,חטיף קיט קט צאנקי פו,גרמים,42.00,100 גרם,false,,3.90,0.0929,true,1,2087209
3838824127248,false,צבע שיער סמי קיט חום,הנקל סוד,DE,פאלטה סמי קיט 5-0 חום בהי,יחידה,1.00,יחידה,false,,22.90,22.9000,true,1,1170562
3838824127262,false,צבע שיער סמי קיט בלו,הנקל סוד,DE,פאלטה סמי קיט 6-0 בלונד כ,יחידה,1.00,יחידה,false,,22.90,22.9000,true,1,1170563
3838824127309,false,צבע שיער סמי קיט בלו,הנקל סוד,DE,פאלטה סמי קיט 8-0 בלונד ב,יחידה,1.00,יחידה,false,,22.90,22.9000,true,1,1170565
3838824127361,false,צבע שיער סמי קיט,הנקל סוד,DE,פאלטה סמי קיט 5-68 ערמוני,יחידה,1.00,יחידה,false,,22.90,22.9000,true,1,1170567
3838824127507,false,צבע שיער סמי קיט חום,הנקל סוד,DE,פאלטה סמי קיט 4-60 חום קט,יחידה,1.00,יחידה,false,,22.90,22.9000,true,1,1170569
3838824380827,false,צבע שיער סמי קיט פאל,,,צבע שיער סמי קיט פאל,יחידה,1.00,יחידה,false,,22.90,22.9000,true,1,2078814
4000415040109,false,שוקולד שוגטן קרמל 10,,,שוקולד שוגטן קרמל 10,גרמים,100.00,100 גרם,false,,5.90,0.0590,true,1,1240079
4000415065805,false,שוקולד סאלוט 50% מרי,,,שוקולד סאלוט 50% מרי,גרמים,100.00,100 גרם,false,,3.90,0.0390,true,1,2124738
4000415851705,false,שוקולד שוגטן נוגט 10,,,שוקולד שוגטן נוגט 10,גרמים,100.00,100 גרם,false,,5.90,0.0590,true,1,1173110
4000417022004,false,שוקולד שקדים חלב,ריטר ספורט,DE,שוקולד RITTER SPORT צימוק,גרמים,100.00,100 גרם,false,,7.90,0.0790,true,1,1174056
4000417025005,false,שוקולד ספורט מרצפן ר,ריטר ספורט,DE,שוקולד RITTER SPORT מרצפן,גרמים,100.00,100 גרם,false,,7.90,0.0790,true,1,1174058
4000417026002,false,שוקולד ריטר נוגט,ריטר ספורט,DE,שוקולד RITTER SPORT נוגט,גרמים,100.00,100 גרם,false,,7.90,0.0790,true,1,1174059
4000417101211,false,גלילי וופל עם קרם אג,,,גלילי וופל עם קרם אג,גרמים,150.00,100 גרם,false,,17.90,0.1193,true,1,2103831
4000417101310,false,גלילי וופל עם קרם קק,,,גלילי וופל עם קרם קק,גרמים,150.00,100 גרם,false,,17.90,0.1193,true,1,2147574
4000417211002,false,שוקולד ספורט מוס קרמ,,,שוקולד ספורט מוס קרמ,גרמים,100.00,100 גרם,false,,7.90,0.0790,true,1,1352321
4000417222008,false,שוקולד חלב אגוז ריטר,,,שוקולד חלב אגוז ריטר,גרמים,100.00,100 גרם,false,,7.90,0.0790,true,1,1352322
4000417224002,false,שוקולד מריר עם אגוזי,ריטר ספורט,DE,שוקולד RITTER SPORT מריר,גרמים,100.00,100 גרם,false,,9.90,0.0990,true,1,1174061
4000417294005,false,שוקולד ריטר קרם,ריטר ספורט,DE,שוקולד RITTER SPORT מוס ק,גרמים,100.00,100 גרם,false,,7.90,0.0790,true,1,1174064
4000417708007,false,שוקולד מריר שקד ריטר,,,שוקולד מריר שקד ריטר,גרמים,100.00,100 גרם,false,,9.90,0.0990,true,1,2064739
4000522009747,false,סטיקלטי תפוח אדמה 80,,,סטיקלטי תפוח אדמה 80,גרמים,80.00,100 גרם,false,,3.90,0.0487,true,1,1470625
4000522061752,false,בייגלה מקלות 100 גרם,,,בייגלה מקלות 100 גרם,גרמים,100.00,100 גרם,false,,3.90,0.0390,true,1,1208404
4000539363108,false,שוקולד לינדור סטיק 3,,,שוקולד לינדור סטיק 3,גרמים,38.00,100 גרם,false,,5.90,0.1553,true,1,1643675
4000576022044,false,+אולטרא תחבושות,,,+אולטרא תחבושות,יח',14.00,יח',false,,9.90,0.7071,true,1,1853108
4000576022068,false,תחבושות אולטרא,,,תחבושות אולטרא,יח',12.00,יח',false,,9.90,0.8250,true,1,1898047
4000576022969,false,תחתונית קומפורט אלוו,,,תחתונית קומפורט אלוו,יח',58.00,יח',false,,14.90,0.2569,true,1,1811893
4000576022983,false,מגן תחתון 58 יח',,,מגן תחתון 58 יח',יח',58.00,יח',false,,14.90,0.2569,true,1,2050624
4000576030582,false,מגן תחתון 58 יח',,,מגן תחתון 58 יח',יח',62.00,יח',false,,12.90,0.2081,true,1,2011329
4000576034986,false,תחתונית קומפורט תה ל,,,תחתונית קומפורט תה ל,יח',40.00,יח',false,,19.90,0.4975,true,1,2048343
4000576399405,false,פדים להסרת איפור רחב,,,פדים להסרת איפור רחב,יח',40.00,יח',false,,8.90,0.2225,true,1,1155473
4000576481889,false,צימרונים לתינוק,,,צימרונים לתינוק,יחידה,0.00,יחידה,false,,6.40,0.0000,true,1,1155476
4000576550226,false,תחבושות נורמל,,,תחבושות נורמל,יח',16.00,יח',false,,9.90,0.6188,true,1,1219640
4000576722654,false,פדים להסרת איפור 140,,,פדים להסרת איפור 140,יח',140.00,יח',false,,14.90,0.1064,true,1,1155491
4000607851001,false,שוקולד שוגטן חלב אגו,,,שוקולד שוגטן חלב אגו,גרמים,100.00,100 גרם,false,,5.90,0.0590,true,1,1173117
4000607852008,false,שוקולד שוגטן מריר 10,,,שוקולד שוגטן מריר 10,גרמים,100.00,100 גרם,false,,5.90,0.0590,true,1,1173118
4001507161948,false,פתיתי שיבולת שועל דק,,,פתיתי שיבולת שועל דק,גרמים,500.00,100 גרם,false,,5.90,0.0118,true,1,1363785
4001507161955,false,פתיתי שיבולת שועל עב,,,פתיתי שיבולת שועל עב,גרמים,500.00,100 גרם,false,,5.90,0.0118,true,1,1641913
4002448019480,false,מסיר שומנים רב שימוש,רקיט בנקיזר,PL,סיליט ספרי שומנים 750 שרו,מיליליטרים,750.00,"100 מ""ל",false,,14.90,0.0199,true,1,1159832
4002575016253,false,מרציפן מצופה,זנטיס,DE,מרציפן 100 גרם,גרמים,100.00,100 גרם,false,,8.90,0.0890,true,1,1174067
4002590000022,false,סוכריות בטעם פרות יע,קלפני,DE,קלפני פירות אוכמניות 150,גרמים,150.00,100 גרם,false,,8.90,0.0593,true,1,1174071
4002590000039,false,סוכריות בטעם פרי הדר,,,סוכריות בטעם פרי הדר,גרמים,150.00,100 גרם,false,,8.90,0.0593,true,1,1174072
4002590000046,false,סוכריות מרעננות-קלפנ,קלפני,DE,קלפני מרענן 150 גרם,גרמים,150.00,100 גרם,false,,8.90,0.0593,true,1,1174073
4002590000633,false,סוכריות קלפני בטעם פ,קלפני,DE,סוכריות קלפני פירות 150 ג,גרמים,150.00,100 גרם,false,,8.90,0.0593,true,1,1174075
4002720004371,false,קפה אספרסו,Melitta Kaffee GmbH,DE,מליטה CREMA BELLAקפה אספר,גרמים,250.00,100 גרם,false,,22.90,0.0916,true,1,1199721
4002720005736,false,קפה פילטר,Melitta Kaffee GmbH,DE,מליטה קפה PREMIUMלפילטר 2,גרמים,250.00,100 גרם,false,,14.90,0.0596,true,1,1199722
4004666042004,false,מלרוד מרסס נגד עובש,מלרוד,DE,מלרוד מרסס 0.5 ליטר,מיליליטרים,500.00,"100 מ""ל",false,,34.90,0.0698,true,1,1173225
4004666111656,false,מלרוד ג'ל פעיל להשמד,,,מלרוד ג'ל פעיל להשמד,מיליליטרים,250.00,"100 מ""ל",false,,29.90,0.1196,true,1,2105683
4005808128631,false,ניוואה 500גל רחצה לג,ביירסדורף,DE,N SPORT SHOWER GEL BODY&H,מיליליטרים,500.00,"100 מ""ל",false,,13.90,0.0278,true,1,1181096
4005808222698,false,ניוואה קצף גילוח לעו,ביירסדורף,DE,ניוואה לגבר- קצף גילוח לב,מיליליטרים,200.00,"100 מ""ל",false,,19.90,0.0995,true,1,1225177
4005808229390,false,ניוואה 500גל רחצה לג,ביירסדורף,DE,NBC FOR MEN - KOOL KICK 5,מיליליטרים,500.00,"100 מ""ל",false,,13.90,0.0278,true,1,1181101
4005808274932,false,קרם ידיים אטריקס 100,ביירסדורף,DE,ATRIX INTENSIVE PRO,גרמים,100.00,100 גרם,false,,9.90,0.0990,true,1,1181109
4005808293469,false,ניוואה דאו ספרי גבר,,,ניוואה דאו ספרי גבר,מיליליטרים,150.00,"100 מ""ל",false,,13.90,0.0927,true,1,2094414
4005808366392,false,שפתון לבלו כחול,,,שפתון לבלו כחול,יחידה,0.00,יחידה,false,,9.90,0.0000,true,1,1349797
4005808502004,false,שפתון לבלו ורוד,ביירסדורף,DE,לבלו ורוד בליסטר,יחידה,0.00,יחידה,false,,9.90,0.0000,true,1,1181118
4005808817306,false,ניוואה גל גילוח רגיל,ביירסדורף,DE,ג'ל גילוח ניוואה,מיליליטרים,200.00,"100 מ""ל",false,,16.90,0.0845,true,1,1181150
4005808817726,false,ניוואה קרם גילוח,ביירסדורף,DE,קרם גילוח לעור רגיל,מיליליטרים,100.00,"100 מ""ל",false,,12.90,0.1290,true,1,1181153
4005808850723,false,שפתון לבלו תות בליסט,ביירסדורף,DE,לבלו תות בליסטר,מיליליטרים,5.50,"100 מ""ל",false,,9.90,1.8000,true,1,1181167
4005808851515,false,שפתון לבלו לגבר,,,שפתון לבלו לגבר,יחידה,0.00,יחידה,false,,9.90,0.0000,true,1,2033332
4005808890507,false,ניוואה סופט קרם לחות,ביירסדורף,DE,"קרם סופט 200 מ""ל",מיליליטרים,200.00,"100 מ""ל",false,,19.90,0.0995,true,1,1181175
4005808908585,false,ניוואה דאו ספריי לאש,,,ניוואה דאו ספריי לאש,יחידה,1.00,יחידה,false,,13.90,13.9000,true,1,1208340
4005900036476,false,ניוואה דאו רול און ל,ביירסדורף,DE,NDEO RLL-ON INV BLC&WHT C,מיליליטרים,50.00,"100 מ""ל",false,,13.90,0.2780,true,1,1181183
4005900037909,false,ניוואה דאו ספריי לאש,,,ניוואה דאו ספריי לאש,יחידה,1.00,יחידה,false,,13.90,13.9000,true,1,1208342
4005900274304,false,ניוואה דאו ספריי פרש,,,ניוואה דאו ספריי פרש,יחידה,0.00,יחידה,false,,13.90,0.0000,true,1,1349826
4005900420220,false,ניוואה 500גל רחצה לג,,,ניוואה 500גל רחצה לג,מיליליטרים,500.00,"100 מ""ל",false,,13.90,0.0278,true,1,2085507
4005900488459,false,דאודורנט רול און לאי,,,דאודורנט רול און לאי,מיליליטרים,50.00,"100 מ""ל",false,,13.90,0.2780,true,1,1897116
4005900513069,false,ניוואה רול און דיפ ל,,,ניוואה רול און דיפ ל,מיליליטרים,50.00,"100 מ""ל",false,,13.90,0.2780,true,1,1778606
4005900555915,false,תחליב רחצה קוקוס 750,,,תחליב רחצה קוקוס 750,מיליליטרים,750.00,"100 מ""ל",false,,13.90,0.0185,true,1,2047079
4005900816016,false,ניוואה דאו ספרי אשה,ביירסדורף,DE,פרש ספריי לאישה ניוואה,מיליליטרים,150.00,"100 מ""ל",false,,13.90,0.0927,true,1,1181190
4005900828088,false,ניוואה דאו רול און ג,ביירסדורף,DE,רול און פרש לגבר ניוואה,מיליליטרים,50.00,"100 מ""ל",false,,13.90,0.2780,true,1,1181198
4005900833723,false,ניוואה 500גל רחצה לג,,,ניוואה 500גל רחצה לג,מיליליטרים,500.00,"100 מ""ל",false,,13.90,0.0278,true,1,2086172
4005900845702,false,ניוואה דאו רול און ל,,,ניוואה דאו רול און ל,מיליליטרים,50.00,"100 מ""ל",false,,13.90,0.2780,true,1,2080498
4005900874931,false,ניוואה מן דאודורנט ס,,,ניוואה מן דאודורנט ס,מיליליטרים,150.00,"100 מ""ל",false,,13.90,0.0927,true,1,2127446
4006508177325,false,מטליות למשקפיים,,,מטליות למשקפיים,יח',30.00,יח',false,,13.90,0.4633,true,1,1177381
4006529002170,false,עוגיות גולד רינג 400,,,עוגיות גולד רינג 400,גרמים,400.00,100 גרם,false,,8.90,0.0223,true,1,1198757
4007519050713,false,שקיות אשפה 35 ל,,,שקיות אשפה 35 ל,יח',25.00,יח',false,,9.90,0.3960,true,1,1155495
4007519050720,false,שקיות אשפה 60 ל,,,שקיות אשפה 60 ל,יח',20.00,יח',false,,9.90,0.4950,true,1,1155496
4007519050744,false,שקיות אשפה 120 ל,,,שקיות אשפה 120 ל,יח',10.00,יח',false,,9.90,0.9900,true,1,1155497
4007519086224,false,שקיות אשפה 20 ל ריחנ,,,שקיות אשפה 20 ל ריחנ,יחידה,0.00,יחידה,false,,10.90,0.0000,true,1,1155500
4007519086248,false,שקיות אשפה 35 ל ריחנ,,,שקיות אשפה 35 ל ריחנ,יחידה,0.00,יחידה,false,,10.90,0.0000,true,1,1155501
4007745058811,false,חרדל אורגני נטורפוד,,,חרדל אורגני נטורפוד,גרמים,200.00,100 גרם,false,,13.90,0.0695,true,1,1346844
4008102002867,false,תה גרגירים מילפורד ל,o.t.g,DE,תה לימון 400 גרם,גרמים,400.00,100 גרם,false,,14.90,0.0373,true,1,1174082
4008287058161,false,בירה קרומבאכר פילס ש,,,בירה קרומבאכר פילס ש,ליטרים,1.98,ליטר,false,,29.90,15.1010,true,1,2067105
4008400290423,false,עוגת ספוג במילוי חלב,,,עוגת ספוג במילוי חלב,גרמים,120.00,100 גרם,false,,13.90,0.1158,true,1,2072085
4008402101772,false,מבריק נעלים קיווי חו,Jonson ג'ונסון,ID,קיווי אקספרס ספוג הברקה ח,מיליליטרים,6.00,"100 מ""ל",false,,14.90,2.4833,true,1,1199734
4008500006337,false,אוטן סטיק דוחה יתושי,COSMINT,IT,"אוטן פמילי קייר סטיק 50מ""",מיליליטרים,50.00,"100 מ""ל",false,,18.90,0.3780,true,1,1199735
4009300522935,false,תה פומפדור עם לימוני,TEEKANNE,DE,פומפדור תה ירוק עם לימוני,גרמים,30.00,100 גרם,false,,14.90,0.4967,true,1,1185736
4009300522966,false,תה פומפדור נענע,TEEKANNE,DE,פומפדור תה ירוק נענע,גרמים,30.00,100 גרם,false,,14.90,0.4967,true,1,1185737
4009300524588,false,חליטת פומפדור חליטת,TEEKANNE,DE,פומפדור חליטת צמחים פירות,גרמים,60.00,100 גרם,false,,11.90,0.1983,true,1,1185739
4009300524625,false,תה פומפדור צ'אי מסאל,TEEKANNE,DE,פומפדור צאי מסאלה,גרמים,40.00,100 גרם,false,,11.90,0.2975,true,1,1185740
4009300525684,false,חליטת פומפדור לימון,TEEKANNE,DE,פומפדור חליטת צמחים גי'נג,גרמים,35.00,100 גרם,false,,11.90,0.3400,true,1,1185744
4009300526438,false,תה פומפדור ירוק קלאס,TEEKANNE,DE,פומפדור תה ירוק קלאסי 30,גרמים,30.00,100 גרם,false,,14.90,0.4967,true,1,1211628
4009300527909,false,חליטת פומפדור ג'ינג',,,חליטת פומפדור ג'ינג',גרמים,35.00,100 גרם,false,,11.90,0.3400,true,1,1579879
4009300528821,false,תה ירוק פומפדור ג'ינ,,,תה ירוק פומפדור ג'ינ,גרמים,30.00,100 גרם,false,,14.90,0.4967,true,1,1962871
4009300528845,false,תה ירוק פומפדור לימו,,,תה ירוק פומפדור לימו,גרמים,30.00,100 גרם,false,,14.90,0.4967,true,1,1962872
4009300529538,false,פומפדור חליטת פירות,,,פומפדור חליטת פירות,גרמים,45.00,100 גרם,false,,11.90,0.2644,true,1,2128125
4009300529576,false,חליטת פומפדור 30 גרם,,,חליטת פומפדור 30 גרם,גרמים,50.00,100 גרם,false,,11.90,0.2380,true,1,2084789
4009300529613,false,חליטת פומפדור קאלם א,,,חליטת פומפדור קאלם א,גרמים,36.00,100 גרם,false,,14.90,0.4139,true,1,2040869
4009300530121,false,תה פומפדור חליטה קרה,,,תה פומפדור חליטה קרה,גרמים,30.00,100 גרם,false,,11.90,0.3967,true,1,2068993
4009300530183,false,תה פומפדור חליטה תפו,,,תה פומפדור חליטה תפו,גרמים,44.00,100 גרם,false,,11.90,0.2705,true,1,2147663
4009300530206,false,תה פומפדור חליטה תפו,,,תה פומפדור חליטה תפו,גרמים,50.00,100 גרם,false,,11.90,0.2380,true,1,2147664
4009300530275,false,תה פומפדור חליטה מנט,,,תה פומפדור חליטה מנט,גרמים,36.00,100 גרם,false,,11.90,0.3306,true,1,2147665
4009300595106,false,חליטת פומפדור קמומיל,,,חליטת פומפדור קמומיל,גרמים,30.00,100 גרם,false,,11.90,0.3967,true,1,2020541
4009300595120,false,חליטת פומפדור ג'ינג',,,חליטת פומפדור ג'ינג',גרמים,30.00,100 גרם,false,,11.90,0.3967,true,1,2020542
4009309740422,false,רסק תפוחים 700 גרם,,,רסק תפוחים 700 גרם,גרמים,700.00,100 גרם,false,,16.90,0.0241,true,1,1346979
4009309742426,false,רסק תפוח מנגו אורגני,,,רסק תפוח מנגו אורגני,גרמים,700.00,100 גרם,false,,17.90,0.0256,true,1,1346980
4009900385824,false,מסטיק אורביט סטיקס ח,,,מסטיק אורביט סטיקס ח,גרמים,65.00,100 גרם,false,,9.90,0.1523,true,1,1184087
4009900402965,false,מסטיק אורביט White ב,,,מסטיק אורביט White ב,גרמים,64.00,100 גרם,false,,9.90,0.1547,true,1,1184090
4009900403023,false,מסטיק אורביט בקבוקון,,,מסטיק אורביט בקבוקון,גרמים,64.00,100 גרם,false,,9.90,0.1547,true,1,1184091
4009900420129,false,מסטיק אורביט פפרמינט,,,מסטיק אורביט פפרמינט,גרמים,64.00,100 גרם,false,,9.90,0.1547,true,1,1868651
4009900426121,false,מסטיק איירוויבז בקבו,,,מסטיק איירוויבז בקבו,גרמים,64.00,100 גרם,false,,9.90,0.1547,true,1,1360790
4009900465304,false,סוכריות סקיטלס חמוצי,,,סוכריות סקיטלס חמוצי,גרמים,174.00,100 גרם,false,,8.90,0.0511,true,1,1240307
4009900479998,false,מסטיק אורביט White ב,,,מסטיק אורביט White ב,גרמים,64.00,100 גרם,false,,9.90,0.1547,true,1,1213640
4009900482417,false,מסטיק אורביט באבל מי,,,מסטיק אורביט באבל מי,גרמים,64.00,100 גרם,false,,9.90,0.1547,true,1,1184119
4009900484060,false,מסטיק אורביט פפרימינ,,,מסטיק אורביט פפרימינ,גרמים,84.00,100 גרם,false,,12.90,0.1536,true,1,1184121
4009900484091,false,מסטיק אורביט ספירימנ,,,מסטיק אורביט ספירימנ,גרמים,84.00,100 גרם,false,,12.90,0.1536,true,1,1184122
4009900484305,false,מסטיק אורביט אקליפטו,,,מסטיק אורביט אקליפטו,גרמים,84.00,100 גרם,false,,12.90,0.1536,true,1,1184123
4009900487283,false,מסטיק אורביט סטיקס ח,,,מסטיק אורביט סטיקס ח,גרמים,65.00,100 גרם,false,,9.90,0.1523,true,1,1184124
4009900491044,false,מסטיק אורביט אוכמניו,,,מסטיק אורביט אוכמניו,גרמים,84.00,100 גרם,false,,12.90,0.1536,true,1,1893380
4009900500166,false,סוכריות סקיטלס בקבוק,,,סוכריות סקיטלס בקבוק,גרמים,125.00,100 גרם,false,,8.90,0.0712,true,1,1398743
4009900509770,false,מסטיק אורביט פפרימינ,,,מסטיק אורביט פפרימינ,גרמים,84.00,100 גרם,false,,12.90,0.1536,true,1,1306455
4009900531122,false,מסטיק אורביט ספירמינ,,,מסטיק אורביט ספירמינ,גרמים,64.00,100 גרם,false,,9.90,0.1547,true,1,1868652
4009900534611,false,מסטיק איירוויבז בקבו,,,מסטיק איירוויבז בקבו,גרמים,64.00,100 גרם,false,,9.90,0.1547,true,1,2007822
4009900535519,false,מסטיק אורביט ללא סוכ,,,מסטיק אורביט ללא סוכ,גרמים,15.60,100 גרם,false,,3.90,0.2500,true,1,2070737
4009900535540,false,מסטיק אורביט ללא סוכ,,,מסטיק אורביט ללא סוכ,גרמים,15.60,100 גרם,false,,3.90,0.2500,true,1,2070746
4009900535823,false,מסטיק אורביט ללא סוכ,,,מסטיק אורביט ללא סוכ,גרמים,15.60,100 גרם,false,,3.90,0.2500,true,1,2070747
4009900536288,false,מסטיק אורביט ללא סוכ,,,מסטיק אורביט ללא סוכ,גרמים,67.00,100 גרם,false,,10.90,0.1627,true,1,2070739
4009900536486,false,מסטיק אורביט ללא סוכ,,,מסטיק אורביט ללא סוכ,גרמים,67.00,100 גרם,false,,10.90,0.1627,true,1,2070740
4009900539401,false,מסטיק פייב באונס בטע,,,מסטיק פייב באונס בטע,גרמים,14.40,100 גרם,false,,3.90,0.2708,true,1,2113897
4009900539432,false,מסטיק פייב באונס בטע,,,מסטיק פייב באונס בטע,גרמים,14.40,100 גרם,false,,3.90,0.2708,true,1,2113898
4009900539685,false,מסטיק פייב באונס בטע,,,מסטיק פייב באונס בטע,גרמים,61.80,100 גרם,false,,10.90,0.1764,true,1,2113889
4009900539746,false,מסטיק פייב באונס בטע,,,מסטיק פייב באונס בטע,גרמים,61.80,100 גרם,false,,10.90,0.1764,true,1,2113890
4009900540551,false,מסטיק אורביט ללא סוכ,,,מסטיק אורביט ללא סוכ,גרמים,67.00,100 גרם,false,,10.90,0.1627,true,1,2108737
4010492052629,false,אתנה סטיק רך 50ג',,,אתנה סטיק רך 50ג',גרמים,100.00,100 גרם,false,,16.90,0.1690,true,1,2145391
4011800528416,false,חטיף קורני דגנים עם,,,חטיף קורני דגנים עם,גרמים,150.00,100 גרם,false,,9.90,0.0660,true,1,1998143
4011800567613,false,חטיף קורני סנדוויץ',Schwartauer,DE,קורני סנדוויץ שחור ולבן ע,גרמים,120.00,100 גרם,false,,9.90,0.0825,true,1,1199756
4011800568610,false,חטיף קורני סנדוויץ',Schwartauer,DE,קורני סנדוויץ קלאסי עם קר,גרמים,120.00,100 גרם,false,,9.90,0.0825,true,1,1199757
4011800577810,false,חטיף קורני נוגט 6 יח,,,חטיף קורני נוגט 6 יח,גרמים,120.00,100 גרם,false,,9.90,0.0825,true,1,2097048
4011800628512,false,חטיף קורני שוקולד חל,Schwartauer,DE,קורני עם שוקולד חלב - 1X6,גרמים,150.00,100 גרם,false,,9.90,0.0660,true,1,1199778
4011800629519,false,חטיף קורני עם אגוזים,Schwartauer,DE,קורני עם אגוזים 1X6,גרמים,150.00,100 גרם,false,,9.90,0.0660,true,1,1199779
4011800632519,false,חטיף קורני עם קוקוס,Schwartauer,DE,קורני עם שוקולד חלב וקוקו,גרמים,150.00,100 גרם,false,,9.90,0.0660,true,1,1199782
4011800633516,false,חטיף קורני שוקלד מרי,Schwartauer,DE,קורני עם שוקולד מריר מעול,גרמים,138.00,100 גרם,false,,9.90,0.0717,true,1,1199783
4011800635510,false,חטיף קורני עם אגוזים,Schwartauer,DE,"קורני ""פרי ""עם אגוזים ושק",גרמים,120.00,100 גרם,false,,9.90,0.0825,true,1,1199784
4011800636517,false,חטיף קורני שוקלד חלב,Schwartauer,DE,"קורני ""פרי ""עם שוקולד חלב",גרמים,120.00,100 גרם,false,,9.90,0.0825,true,1,1199785
4011800637514,false,חטיף קורני שוקולד לב,Schwartauer,DE,"קורני ""פרי ""עם שוקולד לבן",גרמים,120.00,100 גרם,false,,9.90,0.0825,true,1,1199786
4012273123009,false,קרם ידיים NEUTROGENA,NEOPHARM ISRAEL 1996,FR,נוטרוגינה ס.נורבגית קרם י,מיליליטרים,50.00,"100 מ""ל",false,,19.90,0.3980,true,1,2047655
4012839597596,false,כבד דג שיבוט בשמן,,,כבד דג שיבוט בשמן,גרמים,121.00,100 גרם,false,,9.90,0.0818,true,1,2129190
4013197766976,false,סוכריות פחיות טעם תפ,,,סוכריות פחיות טעם תפ,גרמים,200.00,100 גרם,false,,9.90,0.0495,true,1,1184426
4013197767010,false,סוכריות פחיות טעם פי,,,סוכריות פחיות טעם פי,גרמים,200.00,100 גרם,false,,9.90,0.0495,true,1,1184427
4013197767027,false,סוכריות פחיות טעם דו,,,סוכריות פחיות טעם דו,גרמים,200.00,100 גרם,false,,9.90,0.0495,true,1,1184428
4013197767034,false,סוכריות פחיות טעם לי,,,סוכריות פחיות טעם לי,גרמים,200.00,100 גרם,false,,9.90,0.0495,true,1,1184429
4013197767119,false,סוכריות פחיות טעם מנ,,,סוכריות פחיות טעם מנ,גרמים,200.00,100 גרם,false,,9.90,0.0495,true,1,1184433
4013227013391,false,משקה קרם אוטום.,,,משקה קרם אוטום.,מיליליטרים,700.00,"100 מ""ל",false,,39.90,0.0570,true,1,1181274
4013227013414,false,פינה קולדה.,,,פינה קולדה.,מיליליטרים,700.00,"100 מ""ל",false,,39.90,0.0570,true,1,1181275
4014400904277,false,סוכריות מרעננות,שטורק,DE,סוכריות אייס פרש בשקית 42,גרמים,425.00,100 גרם,false,,14.90,0.0351,true,1,1174097
4014400904376,false,סוכריות טופי שטורק,שטורק,DE,סוכריות שוקולדן 325 גרם,גרמים,325.00,100 גרם,false,,14.90,0.0458,true,1,1174100
4014400904390,false,סוכריות טופי שטורק ו,שטורק,DE,סוכריות וולמילש 325 גרם,גרמים,325.00,100 גרם,false,,14.90,0.0458,true,1,1174101
4014400907902,false,סוכריות וורטר BOX לל,שטורק,DE,סוכריות וורטר בוקס ללא סו,גרמים,42.00,100 גרם,false,,6.90,0.1643,true,1,1174102
4014400910063,false,סוכריות וורטר אורגינ,שטורק,DE,סוכריות וורטר אורגינל שקי,גרמים,135.00,100 גרם,false,,9.90,0.0733,true,1,1174107
4014400913910,false,סוכריות וורטר אורגינ,שטורק,DE,וורטר אוריגינל במילוי קרם,גרמים,125.00,100 גרם,false,,9.90,0.0792,true,1,1174108
4014400914696,false,וורטר סוכריות טופי ל,שטורק,DE,סוכריות חמאה וורטר אור לל,גרמים,70.00,100 גרם,false,,7.90,0.1129,true,1,1174109
4014400914924,false,וורטר סוכריות ללא סו,שטורק,DE,סוכריות  וורטר ללא סוכר ק,גרמים,80.00,100 גרם,false,,7.90,0.0988,true,1,1174110
4014400920857,false,וורטר סוכריות טעם שו,,,וורטר סוכריות טעם שו,גרמים,70.00,100 גרם,false,,7.90,0.1129,true,1,1243363
4014400923711,false,סוכריות טופיפי 125 ג,,,סוכריות טופיפי 125 ג,גרמים,125.00,100 גרם,false,,12.90,0.1032,true,1,1367762
4014400925319,false,פופקורן קרמל וורטר,,,פופקורן קרמל וורטר,גרמים,140.00,100 גרם,false,,14.90,0.1064,true,1,2100075
4015000031394,false,מסיר כתמים ספטיל,הנקל סוד,IL,משחה להסרת כתמים ספטיל 20,גרמים,200.00,100 גרם,false,,14.90,0.0745,true,1,1206185
4015000280211,false,דאודורנט פה רול-און,הנקל סוד,DE,פה דאודורנט רולאון קריביא,מיליליטרים,50.00,"100 מ""ל",false,,15.90,0.3180,true,1,1170616
4015000280372,false,דאודורנט פה רול-און,הנקל סוד,DE,פה דאודורנט רולאון ספורט,מיליליטרים,50.00,"100 מ""ל",false,,15.90,0.3180,true,1,1170617
4015000519915,false,דאודורנט ספריי פה,הנקל סוד,DE,פה דאודורנט ספריי פינק פש,מיליליטרים,200.00,"100 מ""ל",false,,15.90,0.0795,true,1,1170623
4015000615884,false,דאודורנט פה-ספריי,הנקל סוד,DE,פה דאודורנט ספריי קריביאן,מיליליטרים,200.00,"100 מ""ל",false,,15.90,0.0795,true,1,1170657
4015000615921,false,דאודורנט פה-ספריי,הנקל סוד,DE,פה דאודורנט ספריי ספורט 2,מיליליטרים,200.00,"100 מ""ל",false,,15.90,0.0795,true,1,1170659
4015000995122,false,דאודורנט ספריי פה,הנקל סוד,DE,פה דאודורנט ספריי כח המשי,מיליליטרים,200.00,"100 מ""ל",false,,15.90,0.0795,true,1,1170730
4015000997430,false,דאודורנט ספריי פה,הנקל סוד,DE,פה דאודורנט ספריי אינוויז,מיליליטרים,200.00,"100 מ""ל",false,,15.90,0.0795,true,1,1170736
4015100190793,false,גליס מסכה,,,גליס מסכה,מיליליטרים,200.00,"100 מ""ל",false,,32.90,0.1645,true,1,1577128
4015100325355,false,צבע שיער פלטה דלוקס,,,צבע שיער פלטה דלוקס,יחידה,1.00,יחידה,false,,32.90,32.9000,true,1,2015591
4015400564034,false,אולוויז  58 יחידות מ,פרוקטר אנד גמבל,DE,מגן תחתון אולוויז מגה פק,יח',58.00,יח',false,,21.90,0.3776,true,1,1157681
4015400564454,false,אולוויז  68 יחידות מ,פרוקטר אנד גמבל,DE,מגן תחתון אולוויז מגה פק,יח',68.00,יח',false,,21.90,0.3221,true,1,1157684
4015400598329,false,אולוויז קואטרו 56 יח,פרוקטר אנד גמבל,DE,אולוויז קוואטרו נורמל + א,יח',56.00,יח',false,,39.90,0.7125,true,1,1157691
4015400598381,false,אולוויז קואטרו 48 יח,פרוקטר אנד גמבל,DE,אולוויז קוואטרו לונג + אי,יח',48.00,יח',false,,39.90,0.8312,true,1,1157692
4015400598411,false,אולוויז קואטרו 40 יח,פרוקטר אנד גמבל,DE,אולוויז קוואטרו לילה אירו,יח',40.00,יח',false,,39.90,0.9975,true,1,1157693
4015400681670,false,אולוויז לילה 18 יח',,,אולוויז לילה 18 יח',יח',18.00,יח',false,,19.90,1.1056,true,1,1256988
4015400690405,false,טמפוני טמפקס פרל 18,,,טמפוני טמפקס פרל 18,יח',18.00,יח',false,,27.90,1.5500,true,1,1345239
4015400731719,false,אולוויז דואו 20 יחיד,,,אולוויז דואו 20 יחיד,יח',20.00,יח',false,,19.90,0.9950,true,1,1306373
4015400746812,false,אולוויז  80 יחידות מ,פרוקטר אנד גמבל,DE,מגן תחתון אולוויז  מגה פק,יח',80.00,יח',false,,21.90,0.2737,true,1,1337651
4015400755241,false,אולוויז דואו 28 יחיד,,,אולוויז דואו 28 יחיד,יח',28.00,יח',false,,19.90,0.7107,true,1,1306375
4015400755487,false,אולוויז דואו 24 יחיד,,,אולוויז דואו 24 יחיד,יח',24.00,יח',false,,19.90,0.8292,true,1,1306378
4015400824725,false,טמפקס סופר 30 יחידות,,HU,טמפקס סופר 30 יחידות,יח',30.00,יח',false,,24.90,0.8300,true,1,1157703
4015400824749,false,טמפקס סופר-פלוס 30 י,פרוקטר אנד גמבל,HU,טמפקס פלאש סופר פלוס 30יח,יח',30.00,יח',false,,29.90,0.9967,true,1,1157704
4015400990482,false,"אריאל 3 ק""ג קולור",,,"אריאל 3 ק""ג קולור",קילוגרמים,3.00,"ק""ג",false,,31.90,10.6333,true,1,1284667
4015600762742,false,שמפו הד אנד שולדרס 5,פרוקטר אנד גמבל,FR,"ה&ש שמפו קלאסי  500 מ""ל",מיליליטרים,500.00,"100 מ""ל",false,,20.90,0.0418,true,1,1157728
4015600762780,false,שמפו הד אנד שולדרס 5,פרוקטר אנד גמבל,FR,"ה&ש 2 ב 1 קלאסי 500  מ""ל",מיליליטרים,500.00,"100 מ""ל",false,,20.90,0.0418,true,1,1157729
4015600762902,false,שמפו הד אנד שולדרס 5,פרוקטר אנד גמבל,FR,"ה&ש שמפו מנטול  500 מ""ל",מיליליטרים,500.00,"100 מ""ל",false,,20.90,0.0418,true,1,1157732
4015600762940,false,שמפו הד אנד שולדרס 5,פרוקטר אנד גמבל,FR,"ה&ש שמפו תפוח  500 מ""ל",מיליליטרים,500.00,"100 מ""ל",false,,20.90,0.0418,true,1,1157733
4015600763022,false,שמפו הד אנד שולדרס 5,פרוקטר אנד גמבל,FR,"ה&ש שמפו מגע משי  500 מ""ל",מיליליטרים,500.00,"100 מ""ל",false,,20.90,0.0418,true,1,1157735
4015600807436,false,דאודורנט ג'ל ג'ילט 7,פרוקטר אנד גמבל,US,דאו ג'ל 75 מל CW-PB חדש,מיליליטרים,75.00,"100 מ""ל",false,,19.90,0.2653,true,1,1211937
4015600807573,false,דאודורנט ג'ל ג'ילט 7,פרוקטר אנד גמבל,US,דאו ג'ל 75 מל PR-PB חדש,מיליליטרים,75.00,"100 מ""ל",false,,19.90,0.2653,true,1,1211938
4015600810849,false,דאודורנט ק.גל ג'ילט,פרוקטר אנד גמבל,CZ,דאודורנט פאוייר רוש 70 מל,מיליליטרים,70.00,"100 מ""ל",false,,18.90,0.2700,true,1,1212404
4017100160417,false,וופל קרמי וניל בלזן,,,וופל קרמי וניל בלזן,גרמים,75.00,100 גרם,false,,7.90,0.1053,true,1,2023765
4017100210105,false,גלילי וופל מריר.,,,גלילי וופל מריר.,גרמים,100.00,100 גרם,false,,10.90,0.1090,true,1,1251042
4017100219900,false,גלילי וופל עם שוקולד,,,גלילי וופל עם שוקולד,גרמים,100.00,100 גרם,false,,10.90,0.1090,true,1,1174120
4018722100133,false,אטריות כוסמין וביצים,,,אטריות כוסמין וביצים,גרמים,250.00,100 גרם,false,,15.90,0.0636,true,1,1701868
4018722100188,false,אטריות רחבות כוסמין,,,אטריות רחבות כוסמין,גרמים,250.00,100 גרם,false,,15.90,0.0636,true,1,1701870
4018722102632,false,ספגטי כוסמין מלא אור,,,ספגטי כוסמין מלא אור,גרמים,500.00,100 גרם,false,,16.90,0.0338,true,1,1701871
4023800012109,false,מרציפן 100 גרם,,,מרציפן 100 גרם,גרמים,100.00,100 גרם,false,,7.90,0.0790,true,1,1184437
4023800231647,false,בונבו מוצרט קוגל 200,,,בונבו מוצרט קוגל 200,יחידה,0.00,יחידה,false,,19.90,0.0000,true,1,1984783
4025700001962,false,מילקה שוקולד לבן 100,קראפט,,מילקה שוקולד לבן 100,גרמים,100.00,100 גרם,false,,5.90,0.0590,true,1,2012990
4027314005800,false,סלקוריניה,,,סלקוריניה,00000000000000000000,0.00,00000000000000000000,false,,6.90,0.0000,true,1,1344058
4037719066986,false,סוכריות פחיות טעם פי,,,סוכריות פחיות טעם פי,גרמים,200.00,100 גרם,false,,9.90,0.0495,true,1,1184444
4037719068157,false,סוכריות פחיות טעם אפ,,,סוכריות פחיות טעם אפ,גרמים,200.00,100 גרם,false,,9.90,0.0495,true,1,1984804
4037719068317,false,סוכריות פחיות טעם יע,,,סוכריות פחיות טעם יע,גרמים,200.00,100 גרם,false,,9.90,0.0495,true,1,1184448
4037719680212,false,סוכריות פחיות טעם תו,,,סוכריות פחיות טעם תו,גרמים,200.00,100 גרם,false,,9.90,0.0495,true,1,1184449
4045787068238,false,צבע לשיער פרוטאין קו,הנקל סוד,DE,אינדולה פרוטאין קולור שפו,מיליליטרים,60.00,"100 מ""ל",false,,19.90,0.3317,true,1,1170741
4045787068245,false,צבע לשיער פרוטאין קו,הנקל סוד,DE,אינדולה פרוטאין קולור שפו,מיליליטרים,60.00,"100 מ""ל",false,,19.90,0.3317,true,1,1170742
4045787068290,false,צבע לשיער פרוטאין קו,הנקל סוד,DE,אינדולה פרוטאין קולור שפו,מיליליטרים,60.00,"100 מ""ל",false,,19.90,0.3317,true,1,1170745
4045787068320,false,צבע לשיער פרוטאין קו,הנקל סוד,DE,אינדולה פרוטאין קולור שפו,מיליליטרים,60.00,"100 מ""ל",false,,19.90,0.3317,true,1,1170748
4045787068337,false,צבע לשיער פרוטאין קו,הנקל סוד,DE,אינדולה פרוטאין קולור שפו,מיליליטרים,60.00,"100 מ""ל",false,,19.90,0.3317,true,1,1170749
4045787068375,false,צבע לשיער פרוטאין קו,הנקל סוד,DE,אינדולה פרוטאין קולור שפו,מיליליטרים,60.00,"100 מ""ל",false,,19.90,0.3317,true,1,1170753
4045787068412,false,צבע לשיער פרוטאין קו,הנקל סוד,DE,אינדולה פרוטאין קולור שפו,מיליליטרים,60.00,"100 מ""ל",false,,19.90,0.3317,true,1,1170757
4045787068429,false,צבע לשיער פרוטאין קו,הנקל סוד,DE,אינדולה פרוטאין קולור שפו,מיליליטרים,60.00,"100 מ""ל",false,,19.90,0.3317,true,1,1170758
4045787068467,false,צבע לשיער פרוטאין קו,הנקל סוד,DE,אינדולה פרוטאין קולור שפו,מיליליטרים,60.00,"100 מ""ל",false,,19.90,0.3317,true,1,1170762
4045787068498,false,צבע לשיער פרוטאין קו,הנקל סוד,DE,אינדולה פרוטאין קולור שפו,מיליליטרים,60.00,"100 מ""ל",false,,19.90,0.3317,true,1,1170764
4045787068542,false,צבע לשיער פרוטאין קו,הנקל סוד,DE,אינדולה פרוטאין קולור שפו,מיליליטרים,60.00,"100 מ""ל",false,,19.90,0.3317,true,1,1170768
4045787068566,false,צבע לשיער פרוטאין קו,הנקל סוד,DE,אינדולה פרוטאין קולור שפו,מיליליטרים,60.00,"100 מ""ל",false,,19.90,0.3317,true,1,1170769
4052197000017,false,בירה בנדקטינר,,,בירה בנדקטינר,מיליליטרים,500.00,"100 מ""ל",false,,9.90,0.0198,true,1,2024220
4053700292455,false,רצועות שעווה לעור רג,רקיט בנקיזר,FR,ויט רצועות שעווה לעור רגי,יחידה,0.00,יחידה,false,,29.90,0.0000,true,1,1159835
4054596879195,false,פלסטר נקסקר קסום לבנ,,,פלסטר נקסקר קסום לבנ,יח',20.00,יח',false,,24.90,1.2450,true,1,2101804
4056800649792,false,וולה פלקס מוס לנפח ל,,,וולה פלקס מוס לנפח ל,מיליליטרים,200.00,"100 מ""ל",false,,24.90,0.1245,true,1,2041255
4056800912483,false,מוס לשיער למראה שיער,,,מוס לשיער למראה שיער,מיליליטרים,200.00,"100 מ""ל",false,,24.90,0.1245,true,1,2044013
4056800943739,false,קרם חמצן וולוקסון 9%,פרוקטר אנד גמבל,FR,וולוקסון 6%,מיליליטרים,75.00,"100 מ""ל",false,,3.90,0.0520,true,1,1157789
4066600601920,false,"בירה פאולנר 500 מ""ל",,,"בירה פאולנר 500 מ""ל",מיליליטרים,500.00,"100 מ""ל",false,,10.90,0.0218,true,1,2002463
4066600612049,false,בירה פאולנר אוקטוברפ,,,בירה פאולנר אוקטוברפ,מיליליטרים,500.00,"100 מ""ל",false,,10.90,0.0218,true,1,1983331
4067700014849,false,ייגרמייסטר ליקר,,,ייגרמייסטר ליקר,מיליליטרים,700.00,"100 מ""ל",false,,79.90,0.1141,true,1,1346740
4084500065536,false,"קרם לחות פנטן 300 מ""",,,"קרם לחות פנטן 300 מ""",מיליליטרים,300.00,"100 מ""ל",false,,18.90,0.0630,true,1,1243630
4084500065598,false,"קרם לחות פנטן 300 מ""",,,"קרם לחות פנטן 300 מ""",מיליליטרים,300.00,"100 מ""ל",false,,18.90,0.0630,true,1,1258241
4084500081314,false,משחת שיניים אוראל בי,,,משחת שיניים אוראל בי,מיליליטרים,75.00,"100 מ""ל",false,,9.90,0.1320,true,1,1988207
4084500088917,false,"פיירי לימון 650 מ""ל",פרוקטר אנד גמבל,GB,פיירי אוריגינל 750מ'ל,מיליליטרים,650.00,"100 מ""ל",false,,11.90,0.0183,true,1,1276096
4084500178137,false,טייד ג'ל 4 ליטר,פרוקטר אנד גמבל,FR,טייד ג'ל 4 ליטר,ליטרים,4.00,ליטר,false,,35.90,8.9750,true,1,1157793
4084500853836,false,"פיירי 515 מ""ל ורדים",פרוקטר אנד גמבל,GB,פיירי  אלוורה ומלפפונים 6,מיליליטרים,515.00,"100 מ""ל",false,,11.90,0.0231,true,1,1276100
4084500853898,false,"פיירי 515 מ""ל אלוורה",פרוקטר אנד גמבל,GB,פיירי  אלוורה ומלפפונים 6,מיליליטרים,515.00,"100 מ""ל",false,,11.90,0.0231,true,1,1276101
4084500854048,false,פיירי לימון 1.24 ליט,,,פיירי לימון 1.24 ליט,ליטרים,1.24,ליטר,false,,17.90,14.4355,true,1,1276102
4084500920880,false,פיירי 1.24 ליטר אורג,,,פיירי 1.24 ליטר אורג,ליטרים,1.24,ליטר,false,,17.90,14.4355,true,1,1276104
4100130937163,false,בירה בקס שישיה,,,בירה בקס שישיה,ליטרים,1.65,ליטר,false,,24.90,15.0909,true,1,1513908
4105120623941,false,"בירה ויינשטפן 500 מ""",,,"בירה ויינשטפן 500 מ""",מיליליטרים,500.00,"100 מ""ל",false,,9.90,0.0198,true,1,1573998
4210201181538,false,4 ראש מברשת שיניים ח,,,4 ראש מברשת שיניים ח,יח',4.00,יח',false,,84.90,21.2250,true,1,1722275
4260147890513,false,איטריות ורמיצ'לי איט,דין שיווק,,איטריות ורמיצ'לי איט,גרמים,500.00,100 גרם,false,,9.90,0.0198,true,1,1175194
4260147890551,false,איטריות ביצים רצועות,דין שיווק,,איטריות ביצים רצועות,גרמים,500.00,100 גרם,false,,9.90,0.0198,true,1,1175196
4260147890711,false,איטריות ביצים מגולגל,דין שיווק,,איטריות ביצים מגולגל,גרמים,500.00,100 גרם,false,,9.90,0.0198,true,1,1175197
4260334140049,false,שוקולד ג'נדויה טבעונ,,,שוקולד ג'נדויה טבעונ,גרמים,65.00,100 גרם,false,,12.90,0.1985,true,1,1870146
4600659010854,false,וודקה סטוליצ'ניה 700,,,וודקה סטוליצ'ניה 700,מיליליטרים,700.00,"100 מ""ל",false,,59.90,0.0856,true,1,1181279
4600659011059,false,וודקה סטוליצניה,,,וודקה סטוליצניה,ליטרים,1.00,ליטר,false,,79.90,79.9000,true,1,1240702
4600680013800,false,חטיף קיט קט זברה 4 א,,,חטיף קיט קט זברה 4 א,גרמים,41.50,100 גרם,false,,3.90,0.0940,true,1,2087210
4601576004032,false,רוטב לסלט מצ'טה חוזי,,,רוטב לסלט מצ'טה חוזי,גרמים,873.00,100 גרם,false,,19.90,0.0228,true,1,1182300
4601576004100,false,מיונז מצ'טה חוזייקי,,,מיונז מצ'טה חוזייקי,גרמים,873.00,100 גרם,false,,19.90,0.0228,true,1,1182301
4603400000043,false,"וודקה רוסקי 700מ""ל",,,"וודקה רוסקי 700מ""ל",מיליליטרים,700.00,"100 מ""ל",false,,69.90,0.0999,true,1,1182302
4603928000983,false,וודקה בלוגה 1 ליטר,,,וודקה בלוגה 1 ליטר,ליטרים,1.00,ליטר,false,,159.90,159.9000,true,1,1254855
4605561010305,false,פילה הרינג עם שמיר ב,,,פילה הרינג עם שמיר ב,גרמים,500.00,100 גרם,false,,26.90,0.0538,true,1,2130196
4605561010343,false,פילה הרינג בשמן חתיכ,,,פילה הרינג בשמן חתיכ,גרמים,500.00,100 גרם,false,,26.90,0.0538,true,1,2130198
4605561011975,false,חתיכות פילה הרינג בש,,,חתיכות פילה הרינג בש,גרמים,150.00,100 גרם,false,,7.90,0.0527,true,1,2130200
4605561012613,false,פילה הרינג (קצוץ) בש,,,פילה הרינג (קצוץ) בש,גרמים,400.00,100 גרם,false,,15.90,0.0398,true,1,2130201
4605561013009,false,פילה הרינג בשמן 400,,,פילה הרינג בשמן 400,גרמים,400.00,100 גרם,false,,15.90,0.0398,true,1,2130202
4607002990290,false,מלפפונים מוחמצים,,,מלפפונים מוחמצים,גרמים,680.00,100 גרם,false,,11.90,0.0175,true,1,1806620
4607002995752,false,עגבניות ומלפפונים מו,,,עגבניות ומלפפונים מו,גרמים,680.00,100 גרם,false,,11.90,0.0175,true,1,1806622
4607002995943,false,ממרח קישואים קלויים,,,ממרח קישואים קלויים,גרמים,460.00,100 גרם,false,,9.90,0.0215,true,1,2040119
4607002999309,false,תבשיל שעועית לבנה אפ,,,תבשיל שעועית לבנה אפ,גרמים,480.00,100 גרם,false,,9.90,0.0206,true,1,2040126
4607002999323,false,ממרח חצילים 460 גרם,,,ממרח חצילים 460 גרם,גרמים,460.00,100 גרם,false,,9.90,0.0215,true,1,2040127
4607012351005,false,גרעיני חמניות ללא מל,,,גרעיני חמניות ללא מל,גרמים,200.00,100 גרם,false,,12.90,0.0645,true,1,1363717
4607012351128,false,גרעיני חמניות מרטין,,,גרעיני חמניות מרטין,גרמים,500.00,100 גרם,false,,26.90,0.0538,true,1,1812560
4607012351999,false,גרעיני חמניות עם מלח,,,גרעיני חמניות עם מלח,גרמים,200.00,100 גרם,false,,12.90,0.0645,true,1,1363718
4607012352095,false,גרעיני חמניות 500 גר,,,גרעיני חמניות 500 גר,גרמים,500.00,100 גרם,false,,26.90,0.0538,true,1,1812561
4607012352453,false,גרעיני חמניות עם פסי,,,גרעיני חמניות עם פסי,גרמים,150.00,100 גרם,false,,8.90,0.0593,true,1,1585136
4607012352538,false,גרעיני חמניות מיקס -,,,גרעיני חמניות מיקס -,גרמים,200.00,100 גרם,false,,12.90,0.0645,true,1,1758367
4607109409619,false,פיניש 25 טבליות AIO,,,פיניש 25 טבליות AIO,יח',25.00,יח',false,,29.90,1.1960,true,1,1343582
4620015851877,false,תה שחור,,,תה שחור,גרמים,25.00,100 גרם,false,,9.90,0.3960,true,1,2015914
4640018993343,false,טבליות למדיח כלים 30,,,טבליות למדיח כלים 30,יח',30.00,יח',false,,34.90,1.1633,true,1,2019738
4640018993350,false,טבליות למדיח כלים 30,,,טבליות למדיח כלים 30,יח',30.00,יח',false,,34.90,1.1633,true,1,2019739
4640018993398,false,טבליות למדיח כלים 60,,,טבליות למדיח כלים 60,יח',60.00,יח',false,,54.90,0.9150,true,1,2019741
4710068001692,false,מאסטר קפה,,,מאסטר קפה,מיליליטרים,240.00,"100 מ""ל",false,,5.90,0.0246,true,1,1156915
4710068001715,false,מאסטר קפה טרמיסו,,,מאסטר קפה טרמיסו,מיליליטרים,250.00,"100 מ""ל",false,,5.90,0.0236,true,1,1156916
4710068001739,false,מאסטר קפה קולומביאני,,,מאסטר קפה קולומביאני,מיליליטרים,250.00,"100 מ""ל",false,,5.90,0.0236,true,1,1156917
4710068002798,false,מאסטר קפה ונילה,,,מאסטר קפה ונילה,מיליליטרים,240.00,"100 מ""ל",false,,5.90,0.0246,true,1,1944118
4711476002790,false,קפה קר פיפו לאטה זכו,,,קפה קר פיפו לאטה זכו,מיליליטרים,240.00,"100 מ""ל",false,,7.90,0.0329,true,1,2117677
4740098079316,false,סיידר פיז תות שדה 50,,,סיידר פיז תות שדה 50,מיליליטרים,500.00,"100 מ""ל",false,,7.90,0.0158,true,1,1363874
4740098079323,false,"סיידר פיז אגס 500 מ""",,,"סיידר פיז אגס 500 מ""",מיליליטרים,500.00,"100 מ""ל",false,,7.90,0.0158,true,1,1956151
4740098084440,false,סיידר פיז תפוח-עץ 50,,,סיידר פיז תפוח-עץ 50,מיליליטרים,500.00,"100 מ""ל",false,,7.90,0.0158,true,1,1449918
4750021003905,false,וודקה סטולי,,,וודקה סטולי,מיליליטרים,700.00,"100 מ""ל",false,,89.90,0.1284,true,1,1609006
4750021005725,false,וודקה סטולי כשר לפסח,,,וודקה סטולי כשר לפסח,מיליליטרים,700.00,"100 מ""ל",false,,79.90,0.1141,true,1,1609007
4750142002719,false,בירה בפחית לא מסוננת,,,בירה בפחית לא מסוננת,מיליליטרים,500.00,"100 מ""ל",false,,6.90,0.0138,true,1,2126214
4750142003426,false,בירה פילזנר בהירה בפ,,,בירה פילזנר בהירה בפ,מיליליטרים,500.00,"100 מ""ל",false,,6.90,0.0138,true,1,2015790
4750142005000,false,בירה צ'סו כהה בוהמיי,,,בירה צ'סו כהה בוהמיי,מיליליטרים,568.00,"100 מ""ל",false,,8.90,0.0157,true,1,2126206
4750142005062,false,בירה ברוז'ה לא מסונן,,,בירה ברוז'ה לא מסונן,מיליליטרים,568.00,"100 מ""ל",false,,8.90,0.0157,true,1,2126207
4750142016518,false,בירה צ'סו לא מסונן 5,,,בירה צ'סו לא מסונן 5,מיליליטרים,568.00,"100 מ""ל",false,,8.90,0.0157,true,1,1363858
4750142021505,false,בירה פילזנר .בהירה ב,,,בירה פילזנר .בהירה ב,מיליליטרים,500.00,"100 מ""ל",false,,6.90,0.0138,true,1,1585114
4750616000258,false,שימורי דגים שפרוטים,,,שימורי דגים שפרוטים,גרמים,190.00,100 גרם,false,,7.90,0.0416,true,1,1806632
4750616000593,false,שימורי דגים שפרוטים,,,שימורי דגים שפרוטים,גרמים,190.00,100 גרם,false,,7.90,0.0416,true,1,1806633
4750616001194,false,שימורי דגים שפרוטים,,,שימורי דגים שפרוטים,גרמים,240.00,100 גרם,false,,7.90,0.0329,true,1,1716505
4750616001361,false,שימורי דגים סלאקה מע,,,שימורי דגים סלאקה מע,גרמים,190.00,100 גרם,false,,7.90,0.0416,true,1,1716506
4750616001989,false,שימורי דגים פטה שפרו,,,שימורי דגים פטה שפרו,גרמים,240.00,100 גרם,false,,4.90,0.0204,true,1,1716514
4750616002276,false,שימורי דגים קילקה עם,,,שימורי דגים קילקה עם,גרמים,240.00,100 גרם,false,,4.90,0.0204,true,1,1716515
4750616002337,false,שימורי דגים קילקה במ,,,שימורי דגים קילקה במ,גרמים,240.00,100 גרם,false,,4.90,0.0204,true,1,1716507
4750616002344,false,שימורי דגים קילקה עם,,,שימורי דגים קילקה עם,גרמים,240.00,100 גרם,false,,4.90,0.0204,true,1,1716516
4770237049443,false,גלידה קרם ברולה פלומ,,,גלידה קרם ברולה פלומ,גרמים,70.00,100 גרם,false,,5.90,0.0843,true,1,1849940
4770237049450,false,גלידה פלומביר בכוס 7,,,גלידה פלומביר בכוס 7,גרמים,70.00,100 גרם,false,,5.90,0.0843,true,1,1849941
4770237050432,false,גלידה שוקולד פלומביר,,,גלידה שוקולד פלומביר,גרמים,70.00,100 גרם,false,,5.90,0.0843,true,1,1849942
4770237056748,false,גלידה אסקימו עגול פל,,,גלידה אסקימו עגול פל,גרמים,70.00,100 גרם,false,,5.90,0.0843,true,1,2024041
4796019790013,false,שמן קוקוס אורגני 300,,,שמן קוקוס אורגני 300,מיליליטרים,300.00,"100 מ""ל",false,,19.90,0.0663,true,1,1347094
4800888150080,false,דאב דאו רולאון מלפפו,יוניליוור,PH,דאב דאו רול-און פרש 50טאץ,מיליליטרים,50.00,"100 מ""ל",false,,17.90,0.3580,true,1,1188258
4800888209368,false,דאודורנט סטיק רקסונה,,,דאודורנט סטיק רקסונה,מיליליטרים,50.00,"100 מ""ל",false,,16.90,0.3380,true,1,2010616
4800888209429,false,דאודורנט סטיק רקסונה,,,דאודורנט סטיק רקסונה,מיליליטרים,50.00,"100 מ""ל",false,,16.90,0.3380,true,1,2015834
4800888219534,false,דאב סטיק אורגינל 50,,,דאב סטיק אורגינל 50,גרמים,50.00,100 גרם,false,,18.90,0.3780,true,1,2069518
4801234159856,false,גלייד מיני ג'ל בניחו,Jonson ג'ונסון,ID,גלייד מיני ג'ל בניחוח מרכ,גרמים,75.00,100 גרם,false,,6.90,0.0920,true,1,1199802
4801234159863,false,גלייד מיני ג'ל בניחו,Jonson ג'ונסון,ID,גלייד מיני ג'ל בניחוח חבצ,גרמים,75.00,100 גרם,false,,6.90,0.0920,true,1,1199803
4810168000011,false,פילה דג הרינג מלוח מ,,,פילה דג הרינג מלוח מ,גרמים,250.00,100 גרם,false,,13.90,0.0556,true,1,1850025
4810168000066,false,פילה דג הרינג מלוח מ,,,פילה דג הרינג מלוח מ,גרמים,250.00,100 גרם,false,,13.90,0.0556,true,1,1850026
4810168000998,false,חתיכות פילה דג הרינג,,,חתיכות פילה דג הרינג,גרמים,260.00,100 גרם,false,,17.90,0.0688,true,1,1850027
4810168001056,false,חתיכות פילה דג הרינג,,,חתיכות פילה דג הרינג,גרמים,260.00,100 גרם,false,,17.90,0.0688,true,1,1850028
4810168018795,false,חתיכות פילה דג הרינג,,,חתיכות פילה דג הרינג,גרמים,200.00,100 גרם,false,,13.90,0.0695,true,1,1850029
4810168019051,false,חתיכות פילה דג הרינג,,,חתיכות פילה דג הרינג,גרמים,200.00,100 גרם,false,,13.90,0.0695,true,1,1850030
4810168024512,false,חתיכות פילה דג הרינג,,,חתיכות פילה דג הרינג,גרמים,260.00,100 גרם,false,,17.90,0.0688,true,1,1850031
4810168037888,false,YUKKI גלידה פלומביר,,,YUKKI גלידה פלומביר,גרמים,65.00,100 גרם,false,,5.90,0.0908,true,1,1849951
4810168038977,false,"גלידה פלומביר בכוס """,,,"גלידה פלומביר בכוס """,גרמים,75.00,100 גרם,false,,5.90,0.0787,true,1,1849953
4810168038984,false,גלידה פלומביר בריקט,,,גלידה פלומביר בריקט,גרמים,80.00,100 גרם,false,,5.90,0.0738,true,1,1849954
4810168038991,false,גלידה שוקולד פלומביר,,,גלידה שוקולד פלומביר,גרמים,75.00,100 גרם,false,,5.90,0.0787,true,1,1849955
4810168045098,false,YUKKI גלידה קרם ברול,,,YUKKI גלידה קרם ברול,גרמים,70.00,100 גרם,false,,5.90,0.0843,true,1,1849960
4810168057435,false,חתיכות פילה דג הרינג,,,חתיכות פילה דג הרינג,גרמים,400.00,100 גרם,false,,26.90,0.0672,true,1,2130208
4810168057510,false,חתיכות פילה דג הרינג,,,חתיכות פילה דג הרינג,גרמים,400.00,100 גרם,false,,26.90,0.0672,true,1,2130209
4810168058975,false,חתיכות פילה דג הרינג,,,חתיכות פילה דג הרינג,גרמים,260.00,100 גרם,false,,17.90,0.0688,true,1,2136226
4810168058982,false,חתיכות פילה דג הרינג,,,חתיכות פילה דג הרינג,גרמים,400.00,100 גרם,false,,26.90,0.0672,true,1,2136227
4810168058999,false,פילה דג הרינג סקנדינ,,,פילה דג הרינג סקנדינ,גרמים,250.00,100 גרם,false,,13.90,0.0556,true,1,2130211
4820015165213,false,גלידה פלומביר בריקט,,,גלידה פלומביר בריקט,גרמים,90.00,100 גרם,false,,5.90,0.0656,true,1,1849964
4820080720768,false,"וודקה פשניצניה 700מ""",,,"וודקה פשניצניה 700מ""",מיליליטרים,700.00,"100 מ""ל",false,,54.90,0.0784,true,1,1182316
4820154722469,false,"גלידה ""אסקימוס"" כוס",,,"גלידה ""אסקימוס"" כוס",גרמים,80.00,100 גרם,false,,5.90,0.0738,true,1,1849975
4820154723275,false,"גלידה ""אסקימוס"" אסקי",,,"גלידה ""אסקימוס"" אסקי",גרמים,80.00,100 גרם,false,,5.90,0.0738,true,1,1849977
4823077602863,false,סוכריות טופי בטעם חל,,UA,סוכ.דבורה משוגעת 200 ג בש,גרמים,200.00,100 גרם,false,,6.90,0.0345,true,1,2071650
4823077604379,false,סוכריות קשות במילוי,,,סוכריות קשות במילוי,גרמים,1000.00,100 גרם,false,,24.90,0.0249,true,1,1849755
4823077613203,false,שוקולד רושן מריר + פ,,,שוקולד רושן מריר + פ,גרמים,90.00,100 גרם,false,,7.90,0.0878,true,1,1849784
4823077613630,false,חטיף שוקולד באטונצ'י,,,חטיף שוקולד באטונצ'י,גרמים,40.00,100 גרם,false,,3.90,0.0975,true,1,2062635
4823077614767,false,שוקולד רושן חלב נוגט,,,שוקולד רושן חלב נוגט,גרמים,90.00,100 גרם,false,,4.90,0.0544,true,1,2080075
4823077614804,false,שוקולד חלב נוגט בטעם,,,שוקולד חלב נוגט בטעם,גרמים,90.00,100 גרם,false,,4.90,0.0544,true,1,1849789
4823077617041,false,חטיף שוקולד באטונצ'י,,,חטיף שוקולד באטונצ'י,גרמים,40.00,100 גרם,false,,3.90,0.0975,true,1,1849793
4823077618901,false,בונבוניירה שוטרס רום,,,בונבוניירה שוטרס רום,גרמים,150.00,100 גרם,false,,12.90,0.0860,true,1,1849794
4823077621635,false,וופל רושן אישי,,,וופל רושן אישי,גרמים,72.00,100 גרם,false,,3.90,0.0542,true,1,2104557
4823077621642,false,וופל רושן אישי,,,וופל רושן אישי,גרמים,72.00,100 גרם,false,,3.90,0.0542,true,1,2104558
4823077621659,false,וופל רושן אישי,,,וופל רושן אישי,גרמים,72.00,100 גרם,false,,3.90,0.0542,true,1,2104559
4823077623714,false,סוכריות טופי בטעם חל,,,סוכריות טופי בטעם חל,גרמים,180.00,100 גרם,false,,6.90,0.0383,true,1,1849805
4823077624223,false,"ממתקי ג'ילי ""בוני פר",,,"ממתקי ג'ילי ""בוני פר",גרמים,200.00,100 גרם,false,,6.90,0.0345,true,1,1954781
4823077624247,false,"ממתקי ג'ילי ""בוני פר",,,"ממתקי ג'ילי ""בוני פר",גרמים,200.00,100 גרם,false,,6.90,0.0345,true,1,1849806
4823077624391,false,סוכריות טופי בטעם חל,,,סוכריות טופי בטעם חל,גרמים,185.00,100 גרם,false,,4.90,0.0265,true,1,2078331
4823077625879,false,בונבוניירה,,,בונבוניירה,גרמים,145.00,100 גרם,false,,18.90,0.1303,true,1,1989993
4823077626227,false,שוקולד אורירי חלב 80,,,שוקולד אורירי חלב 80,גרמים,80.00,100 גרם,false,,6.90,0.0863,true,1,1954783
4823077626241,false,שוקולד אורירי לבן קר,,,שוקולד אורירי לבן קר,גרמים,80.00,100 גרם,false,,6.90,0.0863,true,1,1954784
4823077626364,false,שוקולד אורירי לבן 80,,,שוקולד אורירי לבן 80,גרמים,80.00,100 גרם,false,,6.90,0.0863,true,1,1954785
4823077630439,false,סנדוויץ קרקר רושן,,,סנדוויץ קרקר רושן,גרמים,235.00,100 גרם,false,,9.90,0.0421,true,1,2103394
4823077632259,false,חטיף שוקולד חלב  ממו,,,חטיף שוקולד חלב  ממו,גרמים,40.00,100 גרם,false,,3.90,0.0975,true,1,2055964
4823077632570,false,שוקולד רושן מריר,,,שוקולד רושן מריר,גרמים,85.00,100 גרם,false,,6.90,0.0812,true,1,2078313
4823077633508,false,וופל רושן אישי,,,וופל רושן אישי,גרמים,72.00,100 גרם,false,,3.90,0.0542,true,1,2135674
4823077633515,false,וופל רושן אישי,,,וופל רושן אישי,גרמים,72.00,100 גרם,false,,3.90,0.0542,true,1,2135675
4823077634178,false,עוגיות במילוי תפוח ו,,,עוגיות במילוי תפוח ו,גרמים,168.00,100 גרם,false,,6.90,0.0411,true,1,2103414
4823077634192,false,עוגיות במילוי דובדבן,,,עוגיות במילוי דובדבן,גרמים,168.00,100 גרם,false,,6.90,0.0411,true,1,2103415
4823077634222,false,עוגיות במילוי תפוז,,,עוגיות במילוי תפוז,גרמים,135.00,100 גרם,false,,6.90,0.0511,true,1,2103422
4823077634246,false,עוגיות במילוי פטל,,,עוגיות במילוי פטל,גרמים,135.00,100 גרם,false,,6.90,0.0511,true,1,2103423
4823077634277,false,עוגיות במילוי תות שד,,,עוגיות במילוי תות שד,גרמים,135.00,100 גרם,false,,6.90,0.0511,true,1,2103424
4823077634369,false,שוקולד רושן חלב,,,שוקולד רושן חלב,גרמים,85.00,100 גרם,false,,6.90,0.0812,true,1,2135682
4823077634376,false,שוקולד רושן חלב,,,שוקולד רושן חלב,גרמים,85.00,100 גרם,false,,6.90,0.0812,true,1,2135683
4823077636004,false,עוגיות במילוי קקאו ד,,,עוגיות במילוי קקאו ד,גרמים,135.00,100 גרם,false,,6.90,0.0511,true,1,2103425
4823097809754,false,גלידת שמנת משובחת ונ,,,גלידת שמנת משובחת ונ,גרמים,90.00,100 גרם,false,,5.90,0.0656,true,1,2069439
4823097809815,false,גלידה  חלבית עם אוכמ,,,גלידה  חלבית עם אוכמ,גרמים,85.00,100 גרם,false,,5.90,0.0694,true,1,2071669
4823097810026,false,"גביע ""אמפרזה"" טריפל",,,"גביע ""אמפרזה"" טריפל",גרמים,100.00,100 גרם,false,,7.90,0.0790,true,1,2095096
4840008001205,false,מיני כעכים סושקה פרג,,,מיני כעכים סושקה פרג,גרמים,500.00,100 גרם,false,,9.90,0.0198,true,1,1363668
4840008008624,false,מיני כעכים סושקה לוב,,,מיני כעכים סושקה לוב,גרמים,500.00,100 גרם,false,,9.90,0.0198,true,1,1363673
4840008018302,false,דובשניות בסיגנון כפר,,,דובשניות בסיגנון כפר,גרמים,400.00,100 גרם,false,,7.90,0.0198,true,1,1714307
4840008018319,false,דובשניות עם שזיף -40,,,דובשניות עם שזיף -40,גרמים,400.00,100 גרם,false,,7.90,0.0198,true,1,1714308
4840008018333,false,דובשניות בטעם דבש 40,,,דובשניות בטעם דבש 40,גרמים,400.00,100 גרם,false,,7.90,0.0198,true,1,1714309
4840008018371,false,דובשניות צפניות-סברנ,,,דובשניות צפניות-סברנ,גרמים,400.00,100 גרם,false,,7.90,0.0198,true,1,1714310
4840008040075,false,"עוגיות בצק עלים ""אוז",,,"עוגיות בצק עלים ""אוז",גרמים,350.00,100 גרם,false,,9.90,0.0283,true,1,2080787
4840709002440,false,ברנדי קווינט,,,ברנדי קווינט,מיליליטרים,500.00,"100 מ""ל",false,,54.90,0.1098,true,1,1758410
4860019001346,false,מים בורזומי מינרליים,,,מים בורזומי מינרליים,מיליליטרים,500.00,"100 מ""ל",false,,6.90,0.0138,true,1,1182321
4860019001414,false,מים בורג'ומי מינרלים,,,מים בורג'ומי מינרלים,מיליליטרים,750.00,"100 מ""ל",false,,6.90,0.0092,true,1,1182323
4860019001421,false,מים בורזום טבעיים מא,,,מים בורזום טבעיים מא,ליטרים,4.50,ליטר,false,,39.90,8.8667,true,1,1903211
4865602000027,false,מים מינרלים נבגלבי מ,,,מים מינרלים נבגלבי מ,ליטרים,1.00,ליטר,false,,5.90,5.9000,true,1,1714311
4891228304478,false,רביעיית סכינים שיק ה,,,רביעיית סכינים שיק ה,יח',4.00,יח',false,,59.90,14.9750,true,1,1868646
4891228310493,false,מארז ידית שיק היידרו,,,מארז ידית שיק היידרו,יחידה,0.00,יחידה,false,,69.90,0.0000,true,1,2082786
4891228430030,false,סכין גילוח 5 יח שיק,אנרג'יזר Energizer,CN,שיק אקזקטה2 רגיש חמישייה,יח',5.00,יח',false,,14.90,2.9800,true,1,1185749
4891228430047,false,סכיני גילוח שיק,אנרג'יזר Energizer,CN,שיק אקזקטה2 רגיש עשירייה,יח',10.00,יח',false,,24.90,2.4900,true,1,1185750
4891228430061,false,סכיני גילוח שיק לנשי,אנרג'יזר Energizer,CN,שיק אקזקטה2 נשים עשירייה,יח',10.00,יח',false,,24.90,2.4900,true,1,1185751
4891228430085,false,רבעיה סכיני גילוח לג,אנרג'יזר Energizer,CN,שיק אקסטרים 3 קומפורט + ר,יח',4.00,יח',false,,19.90,4.9750,true,1,1185752
4903001904192,false,רוטב סויה יאמסה פרימ,יאמאסה,JP,רוטב סויה יאמסה פרימיום 5,מיליליטרים,500.00,"100 מ""ל",false,,17.90,0.0358,true,1,1174131
4903001925784,false,רוטב סויה יאמסה פרימ,יאמאסה,JP,רוטב סויה יאמאסה פרמיום ד,מיליליטרים,500.00,"100 מ""ל",false,,17.90,0.0358,true,1,1174132
4903001930993,false,רוטב טריאקי יאמסה,,,רוטב טריאקי יאמסה,מיליליטרים,500.00,"100 מ""ל",false,,17.90,0.0358,true,1,1295082
5000054351900,false,פריסקיז פטה דג אוקיי,,,פריסקיז פטה דג אוקיי,גרמים,156.00,100 גרם,false,,4.90,0.0314,true,1,2136207
5000054353300,false,פריסקיז פטה סלומון,,,פריסקיז פטה סלומון,גרמים,156.00,100 גרם,false,,4.90,0.0314,true,1,2136208
5000054357100,false,פריסקיז פטה מיקס גרי,,,פריסקיז פטה מיקס גרי,גרמים,156.00,100 גרם,false,,4.90,0.0314,true,1,2136210
5000146048671,false,מטליות להברקת כלי כס,רקיט בנקיזר,PT,סילבו (בד75*6) גרם,גרמים,75.00,100 גרם,false,,14.90,0.1987,true,1,1159840
5000146057710,false,ספריי לניקוי חלונות,רקיט בנקיזר,PL,גלסקס חלונות 750 מל,מיליליטרים,750.00,"100 מ""ל",false,,12.90,0.0172,true,1,1159843
5000157143365,false,מתבל בטעם מיונז וקטש,היינץ,,מתבל בטעם מיונז וקטש,גרמים,425.00,100 גרם,false,,14.90,0.0351,true,1,1998291
5000159376655,false,סוכריות סקיטלס פירות,,,סוכריות סקיטלס פירות,גרמים,38.00,100 גרם,false,,2.90,0.0763,true,1,1184137
5000159376792,false,סוכריות סקיטלס חמוץ,,,סוכריות סקיטלס חמוץ,גרמים,38.00,100 גרם,false,,2.90,0.0763,true,1,1184138
5000159407236,false,חטיף מרס שוקולד.,מרס Mars,NL,51G 'מרס חטיף שוק,גרמים,51.00,100 גרם,false,,3.90,0.0765,true,1,1166737
5000159414197,false,חטיף בוטנים m&m אריז,,,חטיף בוטנים m&m אריז,גרמים,135.00,100 גרם,false,,9.90,0.0733,true,1,2126263
5000159452540,false,מארז חטיפי סניקרס,,,מארז חטיפי סניקרס,גרמים,250.00,100 גרם,false,,10.90,0.0436,true,1,2015705
5000159452977,false,חטיף מיקס מיני 400 ג,מרס Mars,NL,'מיקס חטיפי מיני 400 ג,גרמים,400.00,100 גרם,false,,19.90,0.0497,true,1,1166744
5000159461122,false,חטיף סניקרס שוקולד.,מרס Mars,NL,50G סניקרס חטיף שוק,גרמים,57.00,100 גרם,false,,3.90,0.0684,true,1,1166747
5000159500692,false,בקבוק עם שוקולדים סל,,,בקבוק עם שוקולדים סל,גרמים,312.00,100 גרם,false,,29.90,0.0958,true,1,2043559
5000159500845,false,סלבריין מארז מתנה,,,סלבריין מארז מתנה,גרמים,196.00,100 גרם,false,,19.90,0.1015,true,1,2138017
5000159538626,false,מארז חטיפי טוויקס,,,מארז חטיפי טוויקס,גרמים,250.00,100 גרם,false,,10.90,0.0436,true,1,2073447
5000168199245,false,שוקולד גודייבה חלב ב,,,שוקולד גודייבה חלב ב,גרמים,90.00,100 גרם,false,,10.90,0.1211,true,1,1848143
5000204114898,false,מטהר אוויר גלייד איר,,,מטהר אוויר גלייד איר,מיליליטרים,300.00,"100 מ""ל",false,,9.90,0.0330,true,1,1994757
5000204114928,false,מטהר אוויר גלייד איר,,,מטהר אוויר גלייד איר,מיליליטרים,300.00,"100 מ""ל",false,,9.90,0.0330,true,1,1994745
5000204115048,false,מטהר אוויר גלייד איר,,,מטהר אוויר גלייד איר,מיליליטרים,300.00,"100 מ""ל",false,,9.90,0.0330,true,1,1994758
5000204151053,false,פלדג' תרסיס לניקוי ע,,,פלדג' תרסיס לניקוי ע,מיליליטרים,250.00,"100 מ""ל",false,,10.90,0.0436,true,1,2016635
5000204151084,false,פלדג' תרסיס לניקוי ע,,,פלדג' תרסיס לניקוי ע,מיליליטרים,250.00,"100 מ""ל",false,,10.90,0.0436,true,1,2016643
5000204153729,false,מילוי למטהר אוויר או,,,מילוי למטהר אוויר או,מיליליטרים,269.00,"100 מ""ל",false,,12.90,0.0480,true,1,2023741
5000204153842,false,מילוי למטהר אוויר או,,,מילוי למטהר אוויר או,מיליליטרים,269.00,"100 מ""ל",false,,12.90,0.0480,true,1,2023750
5000204153903,false,מילוי למטהר אוויר או,,,מילוי למטהר אוויר או,מיליליטרים,269.00,"100 מ""ל",false,,12.90,0.0480,true,1,2023751
5000204156218,false,מטהר אוויר אוטומטי ג,,,מטהר אוויר אוטומטי ג,גרמים,400.00,100 גרם,false,,49.90,0.1247,true,1,2023744
5000204167856,false,מילוי למטהר אוויר או,,,מילוי למטהר אוויר או,מיליליטרים,269.00,"100 מ""ל",false,,12.90,0.0480,true,1,2097742
5000204182057,false,גלייד ג'ל ריחני בניח,,,גלייד ג'ל ריחני בניח,גרמים,180.00,100 גרם,false,,14.90,0.0828,true,1,2115186
5000204197051,false,מארז רייד מכשיר+מילו,,,מארז רייד מכשיר+מילו,יחידה,0.00,יחידה,false,,29.90,0.0000,true,1,2071542
5000204225655,false,מילוי למטהר אוויר או,,,מילוי למטהר אוויר או,מיליליטרים,269.00,"100 מ""ל",false,,12.90,0.0480,true,1,2097743
5000204243000,false,ט.דאק נוזל אפרסק על,,,ט.דאק נוזל אפרסק על,מיליליטרים,750.00,"100 מ""ל",false,,12.90,0.0172,true,1,2115217
5000204243031,false,ט.דאק נוזל ירח פורח,,,ט.דאק נוזל ירח פורח,מיליליטרים,750.00,"100 מ""ל",false,,12.90,0.0172,true,1,2115218
5000204254587,false,דאק סבון ניקוי אסלה,,,דאק סבון ניקוי אסלה,גרמים,38.60,100 גרם,false,,7.90,0.2047,true,1,2115195
5000204254617,false,דאק סבון ניקוי אסלה,,,דאק סבון ניקוי אסלה,גרמים,38.60,100 גרם,false,,7.90,0.2047,true,1,2115196
5000204657913,false,מ.נעליים שחור קיווי,,,מ.נעליים שחור קיווי,מיליליטרים,50.00,"100 מ""ל",false,,4.90,0.0980,true,1,1732351
5000204658064,false,מבריק נעלים קיווי שח,Jonson ג'ונסון,ID,קיווי אקספרס ספוג הברקה ש,מיליליטרים,6.00,"100 מ""ל",false,,14.90,2.4833,true,1,1199809
5000204658187,false,משחת נעלים קיווי שחו,Jonson ג'ונסון,ID,קיווי קראון נוזלי מבריק ש,מיליליטרים,75.00,"100 מ""ל",false,,14.90,0.1987,true,1,1199811
5000204660159,false,מבריק נעלים קיווי שק,Jonson ג'ונסון,ID,קיווי אקספרס ספוג הברקה ש,מיליליטרים,6.00,"100 מ""ל",false,,14.90,2.4833,true,1,1199813
5000204661392,false,משחת נעלים שחור קיוו,Jonson ג'ונסון,ID,קיווי אקסטרא לארג' שחור(ג,מיליליטרים,100.00,"100 מ""ל",false,,8.90,0.0890,true,1,1199814
5000204886566,false,פלדג לניקוי רהיטים O,Jonson ג'ונסון,US,"פלדג' 473 ORANGE OILמ""ל",מיליליטרים,473.00,"100 מ""ל",false,,22.90,0.0484,true,1,1199818
5000207007425,false,קרם ג'ל גרגירים לניק,CILAG GMBH INTERNATI,FR,קק קרם גל גרגרים לניקוי 1,מיליליטרים,150.00,"100 מ""ל",false,,39.90,0.2660,true,1,1185765
5000213014905,false,בירה גינס פחית 440 מ,קרלסברג Carlsberg,IE,"גינס פחית 440 מ""ל",מיליליטרים,440.00,"100 מ""ל",false,,12.90,0.0293,true,1,1182514
5000267024233,false,וויסקי ג'וני ווקר שח,,,וויסקי ג'וני ווקר שח,מיליליטרים,700.00,"100 מ""ל",false,,119.00,0.1700,true,1,1944731
5000299223031,false,קפטן מורגן ספייסד גו,אלכוהול (איי.בי.בי),,קפטן מורגן ספייסד גו,מיליליטרים,700.00,"100 מ""ל",false,,79.90,0.1141,true,1,1198995
5000299609347,false,ווסקי גלנליווט פאונד,,,ווסקי גלנליווט פאונד,מיליליטרים,700.00,"100 מ""ל",false,,149.90,0.2141,true,1,1479173
5000394002562,false,סוללות דורסל AA4,,,סוללות דורסל AA4,יחידה,0.00,יחידה,false,,16.90,0.0000,true,1,1366731
5000394009769,false,סוללות דורסל AA,,,סוללות דורסל AA,יחידה,0.00,יחידה,false,,16.90,0.0000,true,1,1539561
5000394019089,false,2 סוללות C פלוס פאוו,,,2 סוללות C פלוס פאוו,יח',2.00,יח',false,,22.90,11.4500,true,1,1339820
5000394140851,false,סוללות דורסל AA4 פלו,,,סוללות דורסל AA4 פלו,יח',4.00,יח',false,,10.90,2.7250,true,1,2101281
5000394140899,false,סוללות דורסל שמיניות,,,סוללות דורסל שמיניות,יח',8.00,יח',false,,19.90,2.4875,true,1,2108458
5000394141117,false,סוללות דורסל AAA4 פל,,,סוללות דורסל AAA4 פל,יח',4.00,יח',false,,10.90,2.7250,true,1,2101282
5000394141179,false,סוללות דורסל שמיניות,,,סוללות דורסל שמיניות,יח',8.00,יח',false,,19.90,2.4875,true,1,2108460
5000394141230,false,סוללות דורסל תריסר A,,,סוללות דורסל תריסר A,יח',12.00,יח',false,,30.90,2.5750,true,1,2108468
5000394203884,false,דורסל ליתיום 2016,,,דורסל ליתיום 2016,יח',2.00,יח',false,,14.90,7.4500,true,1,2022240
5000394203907,false,דורסל זוג סוללות לית,,,דורסל זוג סוללות לית,יח',2.00,יח',false,,14.90,7.4500,true,1,2022241
5000394203921,false,דורסל זוג סוללות לית,,,דורסל זוג סוללות לית,יח',2.00,יח',false,,14.90,7.4500,true,1,1994685
5000396037531,false,ביסקוויט מקוויטיס מצ,,,ביסקוויט מקוויטיס מצ,גרמים,200.00,100 גרם,false,,8.90,0.0445,true,1,1590846
5000396037548,false,ביסקוויט מקוויטיס מצ,,,ביסקוויט מקוויטיס מצ,גרמים,200.00,100 גרם,false,,8.90,0.0445,true,1,1590847
5010026515919,false,מוזלי קריספי נאטי 65,,,מוזלי קריספי נאטי 65,גרמים,650.00,100 גרם,false,,23.90,0.0368,true,1,2115004
5010026515933,false,מוזלי קריספי פירות ו,,,מוזלי קריספי פירות ו,גרמים,750.00,100 גרם,false,,23.90,0.0319,true,1,2115005
5010026515940,false,מוזלי קריספי פרוטי 7,,,מוזלי קריספי פרוטי 7,גרמים,750.00,100 גרם,false,,23.90,0.0319,true,1,2115006
5010026519368,false,קווקר שיבולת שועל.,,,קווקר שיבולת שועל.,גרמים,500.00,100 גרם,false,,7.90,0.0158,true,1,2043219
5010029000252,false,דיגני בריאות וויטביק,,,דיגני בריאות וויטביק,גרמים,430.00,100 גרם,false,,22.90,0.0533,true,1,1543237
5010029219241,false,דגני בוקר קריספי מינ,,,דגני בוקר קריספי מינ,גרמים,440.00,100 גרם,false,,22.90,0.0520,true,1,1641977
5010029222005,false,דגני בוקר וויטביקס פ,,,דגני בוקר וויטביקס פ,גרמים,440.00,100 גרם,false,,24.90,0.0566,true,1,2086400
5010106111956,false,וויסקי בלנטיינס 1.לי,,,וויסקי בלנטיינס 1.לי,ליטרים,1.00,ליטר,false,,109.90,109.9000,true,1,1171673
5010182996799,false,טואלט דאק אסלה נוזלי,DEOFLOR,IT,דאק ג'ל אסלה פרחי בר ורוד,מיליליטרים,55.00,"100 מ""ל",false,,9.90,0.1800,true,1,1199821
5010182996805,false,מבשם רייד מונע עש בנ,ZOBELE,IT,RAIDמונע עש ניחוח לבנדר,גרמים,20.00,100 גרם,false,,9.90,0.4950,true,1,1199822
5010182997253,false,קוטל חרקים תיקנים,Jonson ג'ונסון,NL,"RAIDקוטל ג'וקים 300מ""ל",מיליליטרים,300.00,"100 מ""ל",false,,15.90,0.0530,true,1,1199823
5010182997338,false,"ט.דאק ג""ל אסלה ניחוח",DEOFLOR,IT,ט.ד ג'ל אסלה ניחוח רענן י,מיליליטרים,55.00,"100 מ""ל",false,,9.90,0.1800,true,1,1199824
5010182997680,false,קוטל נמלים אירוסול א,Jonson ג'ונסון,NL,"RAIDקוטל נמלים 300מ""ל",מיליליטרים,300.00,"100 מ""ל",false,,15.90,0.0530,true,1,1199827
5010182997918,false,טואלט דאק גל אסלה,DEOFLOR,IT,ט.ד ג'ל אסלה ניחוח ים כחו,מיליליטרים,55.00,"100 מ""ל",false,,9.90,0.1800,true,1,1199828
5010182998847,false,ט.דאק נוזל כחול 750מ,Jonson ג'ונסון,NL,"טואלט דאק נוזל כחול 750מ""",מיליליטרים,750.00,"100 מ""ל",false,,12.90,0.0172,true,1,1199829
5010327000046,false,וויסקי גראנטס.,,,וויסקי גראנטס.,מיליליטרים,700.00,"100 מ""ל",false,,74.90,0.1070,true,1,1181281
5010327324333,false,וויסקי גלנפידיך,,,וויסקי גלנפידיך,מיליליטרים,700.00,"100 מ""ל",false,,189.00,0.2700,true,1,1990424
5010327399614,false,גולנפידיך 12 אמריקן,,,גולנפידיך 12 אמריקן,מיליליטרים,750.00,"100 מ""ל",false,,159.90,0.2132,true,1,2128188
5010478482814,false,"סוכריות פירות 1 ק""ג",,,"סוכריות פירות 1 ק""ג",גרמים,1000.00,100 גרם,false,,39.90,0.0399,true,1,1940028
5010478484818,false,"סוכריות מנטה 1 ק""ג",,,"סוכריות מנטה 1 ק""ג",גרמים,1000.00,100 גרם,false,,39.90,0.0399,true,1,1940029
5010478485020,false,"סוכריות לקריץ 1 ק""ג",,,"סוכריות לקריץ 1 ק""ג",גרמים,1000.00,100 גרם,false,,39.90,0.0399,true,1,1940030
5010478564190,false,סוכריות תות בננה 1 ק,,,סוכריות תות בננה 1 ק,גרמים,1000.00,100 גרם,false,,39.90,0.0399,true,1,2043131
5010622005012,false,חוט דנטלי אורל בי,פרוקטר אנד גמבל,MX,חוט דנטלי אסנשייאל ללא שע,מטרים,50.00,מטר,false,,15.90,0.3180,true,1,1157860
5010677551281,false,בקרדי בריזר-לימון 27,,,בקרדי בריזר-לימון 27,מיליליטרים,275.00,"100 מ""ל",false,,12.90,0.0469,true,1,1171677
5010677551397,false,בקרדי בריזר-לימון לי,,,בקרדי בריזר-לימון לי,מיליליטרים,275.00,"100 מ""ל",false,,12.90,0.0469,true,1,1251816
5010677552387,false,בקרדי בריזר-אננס 275,,,בקרדי בריזר-אננס 275,מיליליטרים,275.00,"100 מ""ל",false,,12.90,0.0469,true,1,1171678
5010677554398,false,בקרדי בריזר-אבטיח 27,,,בקרדי בריזר-אבטיח 27,מיליליטרים,275.00,"100 מ""ל",false,,12.90,0.0469,true,1,1171679
5010677850100,false,וודקה גריי גוס 700 מ,,,וודקה גריי גוס 700 מ,מיליליטרים,700.00,"100 מ""ל",false,,104.90,0.1499,true,1,1922092
5010724527481,false,שמפו יבש בניחוח קלאס,,,שמפו יבש בניחוח קלאס,מיליליטרים,200.00,"100 מ""ל",false,,24.90,0.1245,true,1,1488910
5011007003227,false,וויסקי ג'ימסון 1 ליט,,,וויסקי ג'ימסון 1 ליט,ליטרים,1.00,ליטר,false,,119.90,119.9000,true,1,1171683
5011026108033,false,וויסקי אירי טולמור 7,,,וויסקי אירי טולמור 7,מיליליטרים,700.00,"100 מ""ל",false,,84.90,0.1213,true,1,1181290
5011157630281,false,"אורז טילדה 1ק""ג",Tilda Limited,GB,טילדה אורז בסמטי 1 קג,קילוגרמים,1.00,"ק""ג",false,,21.90,21.9000,true,1,1185766
5011157730271,false,"אורז יסמין טילדה 1ק""",,,"אורז יסמין טילדה 1ק""",קילוגרמים,1.00,"ק""ג",false,,19.90,19.9000,true,1,2123991
5013931015741,false,ידית הפלא לשטיפת כלי,,,ידית הפלא לשטיפת כלי,יחידה,0.00,יחידה,false,,19.90,0.0000,true,1,2019674
5013965850455,false,מי פה פרו אקספרט 250,,,מי פה פרו אקספרט 250,מיליליטרים,250.00,"100 מ""ל",false,,8.90,0.0356,true,1,2022242
5013965948428,false,משחת שיניים אוראל בי,,,משחת שיניים אוראל בי,מיליליטרים,75.00,"100 מ""ל",false,,9.90,0.1320,true,1,1988208
5013965953354,false,משחת שיניים אוראל בי,,,משחת שיניים אוראל בי,מיליליטרים,100.00,"100 מ""ל",false,,10.90,0.1090,true,1,1789121
5014271001210,false,מעדן פרי סנדלפור 4 פ,,,מעדן פרי סנדלפור 4 פ,גרמים,500.00,100 גרם,false,,24.90,0.0498,true,1,2013950
5014271001227,false,מעדן פרי סנדלפור משמ,,,מעדן פרי סנדלפור משמ,גרמים,500.00,100 גרם,false,,24.90,0.0498,true,1,2013951
5014271001234,false,מעדן פרי סנדלפור דוב,,,מעדן פרי סנדלפור דוב,גרמים,500.00,100 גרם,false,,24.90,0.0498,true,1,2013952
5014271001241,false,מעדן פרי סנדלפור תות,,,מעדן פרי סנדלפור תות,גרמים,500.00,100 גרם,false,,24.90,0.0498,true,1,2013953
5014271300429,false,מעדן ריבת משמש 284 ג,סנט דלפור,FR,מעדן ריבת משמש 284 גרם,גרמים,284.00,100 גרם,false,,19.90,0.0701,true,1,1177298
5014271310428,false,מעדן ריבת דובדבנים 2,סנט דלפור,FR,מעדן ריבת דובדבנים 284 גר,גרמים,284.00,100 גרם,false,,19.90,0.0701,true,1,1177299
5014271330426,false,מעדן ריבת אוכמניות 2,סנט דלפור,FR,מעדן ריבת אוכמניות 284 גר,גרמים,284.00,100 גרם,false,,19.90,0.0701,true,1,1177300
5014271350424,false,מעדן ריבת פירות 284,סנט דלפור,FR,מעדן ריבת פירות 284 גרם,גרמים,284.00,100 גרם,false,,19.90,0.0701,true,1,1177301
5014271360423,false,מעדן ריבת תפוז 284 ג,סנט דלפור,FR,מעדן ריבת תפוז 284 גרם,גרמים,284.00,100 גרם,false,,19.90,0.0701,true,1,1177302
5014271370422,false,מעדן ריבת אפרסק 284,סנט דלפור,FR,מעדן ריבת אפרסק 284 גרם,גרמים,284.00,100 גרם,false,,19.90,0.0701,true,1,1177303
5014271400426,false,מעדן ריבת תות שדה 28,סנט דלפור,FR,מעדן ריבת תות שדה 284 גרם,גרמים,284.00,100 גרם,false,,19.90,0.0701,true,1,1177306
5014271560427,false,מעדן ריבת תפוז 284 ג,סנט דלפור,FR,מעדן ריבת תפוז 284 גרם,גרמים,284.00,100 גרם,false,,19.90,0.0701,true,1,1177307
5014379009972,false,בירה באדוויזר פחית,,,בירה באדוויזר פחית,מיליליטרים,500.00,"100 מ""ל",false,,9.90,0.0198,true,1,1990426
5024546356600,false,וויסקי גרנד.,,,וויסקי גרנד.,מיליליטרים,700.00,"100 מ""ל",false,,79.90,0.1141,true,1,2024269
5024546366630,false,ויסקי לאודרס,,,ויסקי לאודרס,ליטרים,1.00,ליטר,false,,99.90,99.9000,true,1,2024270
5029053002408,false,נייר טואלט קלינקס לב,,,נייר טואלט קלינקס לב,מטרים,30.70,מטר,false,,34.90,1.1368,true,1,1171256
5029053002439,false,נייר טואלט קלינקס צה,,,נייר טואלט קלינקס צה,מטרים,30.70,מטר,false,,34.90,1.1368,true,1,1171257
5035766044673,false,סיידר תפוחים סטרונגב,,,סיידר תפוחים סטרונגב,מיליליטרים,330.00,"100 מ""ל",false,,7.90,0.0239,true,1,1225359
5035766060253,false,"בירה מרפיס 500 מ""ל.",,,"בירה מרפיס 500 מ""ל.",מיליליטרים,500.00,"100 מ""ל",false,,14.90,0.0298,true,1,1171684
5056357900925,false,סניקרס חמאת בוטנים ח,,,סניקרס חמאת בוטנים ח,גרמים,57.00,100 גרם,false,,16.90,0.2965,true,1,2132242
5056357901441,false,אם אנד אם בוטנים חטי,,,אם אנד אם בוטנים חטי,גרמים,51.00,100 גרם,false,,16.90,0.3314,true,1,2132233
5056357906323,false,אם אנד אם קריספי חטי,,,אם אנד אם קריספי חטי,גרמים,52.00,100 גרם,false,,16.90,0.3250,true,1,2132235
5059001003713,false,מקלות ריחניים תאנה ו,,,מקלות ריחניים תאנה ו,מיליליטרים,30.00,"100 מ""ל",false,,24.90,0.8300,true,1,2146827
5060402909542,false,מארס קרמל מלוח חטיף,,,מארס קרמל מלוח חטיף,גרמים,55.00,100 גרם,false,,16.90,0.3073,true,1,2132246
5060412214124,false,אברקלין ללא עקבות 6ל,,,אברקלין ללא עקבות 6ל,ליטרים,6.00,ליטר,false,,49.90,8.3167,true,1,2004950
5060465390004,false,בירה לאגר סקיני ללא,,,בירה לאגר סקיני ללא,מיליליטרים,330.00,"100 מ""ל",false,,7.90,0.0239,true,1,2043124
5060517886486,false,מונסטר אנרג'י פח 500,,,מונסטר אנרג'י פח 500,מיליליטרים,500.00,"100 מ""ל",false,,8.90,0.0178,true,1,1998835
5060517886516,false,מונסטר אנרג'י זירו פ,,,מונסטר אנרג'י זירו פ,מיליליטרים,500.00,"100 מ""ל",false,,8.90,0.0178,true,1,1998836
5060639128051,false,מונסטר אולטרה פח 500,,,מונסטר אולטרה פח 500,מיליליטרים,500.00,"100 מ""ל",false,,8.90,0.0178,true,1,2023452
5060639129102,false,מונסטר אנרג'י פח 500,,,מונסטר אנרג'י פח 500,מיליליטרים,500.00,"100 מ""ל",false,,8.90,0.0178,true,1,2046038
5060751219033,false,מונסטר ZERO PARADISE,,,מונסטר ZERO PARADISE,מיליליטרים,500.00,"100 מ""ל",false,,8.90,0.0178,true,1,2121552
5200133120476,false,גליליות קרם אגוזים ו,גולדן ברק,,גליליות קרם אגוזים ו,גרמים,400.00,100 גרם,false,,15.90,0.0398,true,1,1683139
5200133120483,false,גליליות קרם וניל 400,גולדן ברק,,גליליות קרם וניל 400,גרמים,400.00,100 גרם,false,,15.90,0.0398,true,1,1683145
5200389218002,false,ג'לי 800 גר',,,ג'לי 800 גר',יחידה,0.00,יחידה,false,,18.90,0.0000,true,1,1984792
5201004020338,false,קפריס רולס קלאסיק 40,,,קפריס רולס קלאסיק 40,גרמים,400.00,100 גרם,false,,19.90,0.0497,true,1,1995355
5201178801030,false,ניוואה קרם 75מל,ביירסדורף,DE,קרם ניוואה 75מל',גרמים,75.00,100 גרם,false,,14.90,0.1987,true,1,1181210
5201178801047,false,ניוואה קרם 150מל,ביירסדורף,DE,קרם ניוואה 150מל',מיליליטרים,150.00,"100 מ""ל",false,,15.90,0.1060,true,1,1181211
5201178801054,false,ניוואה קרם רב שימושי,ביירסדורף,DE,קרם ניוואה 250מל',גרמים,250.00,100 גרם,false,,36.90,0.1476,true,1,1181212
5201246002215,false,בירה פילס היילס,,,בירה פילס היילס,מיליליטרים,500.00,"100 מ""ל",false,,4.90,0.0098,true,1,1813272
5201347400545,false,רצועות שעווה לפנים -,רקיט בנקיזר,FR,ויט רצועות שעווה לפנים,יחידה,0.00,יחידה,false,,29.90,0.0000,true,1,1159872
5201940010011,false,זיתים שחורים טבעיים,סיוראס,GR,זיתים שחורים טבעיים בפח 4,גרמים,454.00,100 גרם,false,,14.90,0.0328,true,1,1159323
5201940010110,false,זיתים שחורים מזן קלמ,סיוראס,GR,זיתים שחורים מזן קלמטה בפ,גרמים,454.00,100 גרם,false,,14.90,0.0328,true,1,1159324
5202300042956,false,צבע קולסטון 2000 מהג,פרוקטר אנד גמבל,DE,קולסטון 5/5 מהגוני,מיליליטרים,60.00,"100 מ""ל",false,,24.90,0.4150,true,1,1157920
5202300043144,false,צבע קולסטון 2000 בלו,פרוקטר אנד גמבל,DE,קולסטון 9/0 בלונד בהיר מא,מיליליטרים,60.00,"100 מ""ל",false,,24.90,0.4150,true,1,1157931
5202300043212,false,צבע קולסטון 2000 שחו,פרוקטר אנד גמבל,DE,קולסטון 2/0 שחור,מיליליטרים,60.00,"100 מ""ל",false,,24.90,0.4150,true,1,1157938
5202300043434,false,צבע קולסטון 2000 חום,פרוקטר אנד גמבל,DE,קולסטון 7/73 בלונד אביב,מיליליטרים,60.00,"100 מ""ל",false,,24.90,0.4150,true,1,1157948
5202390014239,false,צהובה טבעונית עשבי ת,קראפט,,צהובה טבעונית עשבי ת,גרמים,200.00,100 גרם,false,,21.90,0.1095,true,1,1664468
5202390015618,false,צהובה טבעונית אורגינ,קראפט,,צהובה טבעונית אורגינ,גרמים,200.00,100 גרם,false,,21.90,0.1095,true,1,1279896
5202795080709,false,אוזו מטקסה.,,,אוזו מטקסה.,מיליליטרים,700.00,"100 מ""ל",false,,69.90,0.0999,true,1,1181291
5206759020701,false,סוכריות גלי אקזוטי 7,,,סוכריות גלי אקזוטי 7,גרמים,700.00,100 גרם,false,,14.90,0.0213,true,1,1223554
5207227060472,false,זוג נורות לד 10W לבן,,,זוג נורות לד 10W לבן,יחידה,0.00,יחידה,false,,12.90,0.0000,true,1,2006632
5207227060502,false,זוג נורות לד 15W לבן,,,זוג נורות לד 15W לבן,יחידה,0.00,יחידה,false,,19.90,0.0000,true,1,2006633
5207227060533,false,זוג נורות לד 10W אור,,,זוג נורות לד 10W אור,יחידה,0.00,יחידה,false,,12.90,0.0000,true,1,2006634
5207227060595,false,שלישיית נורות לד 10W,,,שלישיית נורות לד 10W,יחידה,0.00,יחידה,false,,19.90,0.0000,true,1,2006636
5207227060625,false,שלישיית נורות לד 15W,,,שלישיית נורות לד 15W,יחידה,0.00,יחידה,false,,24.90,0.0000,true,1,2006637
5391523057936,false,סימילאק גולד שלב 2 7,,,סימילאק גולד שלב 2 7,גרמים,700.00,100 גרם,false,,69.90,0.0999,true,1,1672688
5391523057943,false,סימילאק גולד שלב 3 7,,,סימילאק גולד שלב 3 7,גרמים,700.00,100 גרם,false,,69.90,0.0999,true,1,1672689
5391523058070,false,סימילאק אדוואנס שלב,,,סימילאק אדוואנס שלב,גרמים,700.00,100 גרם,false,,64.90,0.0927,true,1,1709170
5391523058087,false,סימילאק אדוואנס שלב,,,סימילאק אדוואנס שלב,גרמים,700.00,100 גרם,false,,64.90,0.0927,true,1,1709171
5410076933129,false,"אריאל 3 ק""ג שושן צחו",פרוקטר אנד גמבל,TR,"אריאל שושן צחור 2.5 ק""ג",קילוגרמים,3.00,"ק""ג",false,,31.90,10.6333,true,1,1276105
5410091677992,false,ספרי לשיער סאיוס,הנקל סוד,DE,סאיוס ספריי לשיער לייצוב,מיליליטרים,400.00,"100 מ""ל",false,,29.90,0.0747,true,1,1170777
5410091678005,false,ספרי לשיער סאיוס,הנקל סוד,DE,סאיוס ספריי לשיער ליצירת,מיליליטרים,400.00,"100 מ""ל",false,,29.90,0.0747,true,1,1170778
5410103161617,false,קרם לחות ליום לעור י,KARLSRUHE GERMANY,DE,קרם לחות פעולה משולשת50מ,מיליליטרים,50.00,"100 מ""ל",false,,44.90,0.8980,true,1,1151366
5410126006087,false,ביסקפה לוטוס 700 גרם,לוטוס,,ביסקפה לוטוס 700 גרם,גרמים,700.00,100 גרם,false,,24.90,0.0356,true,1,1157400
5410126006360,false,לוטוס עוגיות סנדוויץ,לוטוס,,לוטוס עוגיות סנדוויץ,גרמים,150.00,100 גרם,false,,8.90,0.0593,true,1,2093371
5410126006377,false,לוטוס עוגיות סנדוויץ,לוטוס,,לוטוס עוגיות סנדוויץ,גרמים,150.00,100 גרם,false,,8.90,0.0593,true,1,2093372
5410126106183,false,ביסקפה לוטוס 312 גרם,לוטוס,,ביסקפה לוטוס 312 גרם,גרמים,312.00,100 גרם,false,,17.90,0.0574,true,1,1157403
5410126116953,false,ממרח קרמל לוטוס 400,לוטוס,,ממרח קרמל לוטוס 400,גרמים,400.00,100 גרם,false,,18.90,0.0472,true,1,1157404
5410126666038,false,ביסקפה לוטוס 276 גרם,לוטוס,,ביסקפה לוטוס 276 גרם,גרמים,276.00,100 גרם,false,,12.90,0.0467,true,1,1781383
5410126716016,false,ביסקפה לוטוס 250 גרם,לוטוס,,ביסקפה לוטוס 250 גרם,גרמים,250.00,100 גרם,false,,9.90,0.0396,true,1,1157405
5410126726947,false,ממרח עוגיות לוטוס 38,לוטוס,,ממרח עוגיות לוטוס 38,גרמים,380.00,100 גרם,false,,18.90,0.0497,true,1,1286921
5410228217732,false,בירה סטלה ארטואה-פחי,,,בירה סטלה ארטואה-פחי,מיליליטרים,440.00,"100 מ""ל",false,,12.90,0.0293,true,1,2046293
5410228267515,false,בירה באדוויזר שישייה,,,בירה באדוויזר שישייה,ליטרים,1.98,ליטר,false,,29.90,15.1010,true,1,1990427
5410291021991,false,ממרח אגוזי לוז 700 ג,,,ממרח אגוזי לוז 700 ג,גרמים,700.00,100 גרם,false,,18.90,0.0270,true,1,1323984
5410291022011,false,ממרח אגוזי לוז צוקטה,,,ממרח אגוזי לוז צוקטה,גרמים,350.00,100 גרם,false,,11.90,0.0340,true,1,1323979
5410291022738,false,ממרח אגוזי לוז צוקטה,,,ממרח אגוזי לוז צוקטה,גרמים,350.00,100 גרם,false,,11.90,0.0340,true,1,1476169
5410291022752,false,ממרח אגוזי לוז צוקטה,,,ממרח אגוזי לוז צוקטה,גרמים,350.00,100 גרם,false,,11.90,0.0340,true,1,1364483
5410291022776,false,ממרח אגוזי לוז 700 ג,,,ממרח אגוזי לוז 700 ג,גרמים,700.00,100 גרם,false,,18.90,0.0270,true,1,1364484
5410316983693,false,"סמירנוף אייס 275 מ""ל",IBBLS,IT,סמירנוף אייס בודד,מיליליטרים,275.00,"100 מ""ל",false,,10.90,0.0396,true,1,1182523
5410316994019,false,"וודקה סמירנוף 700 מ""",,,"וודקה סמירנוף 700 מ""",מיליליטרים,700.00,"100 מ""ל",false,,54.90,0.0784,true,1,1199007
5410769800097,false,"בירה לה שוף 330 מ""ל",,,"בירה לה שוף 330 מ""ל",ליטרים,330.00,100 ליטר,false,,14.90,0.0452,true,1,1543232
5411188081852,false,חלב סויה וניל אלפרו,אלפרו Alpro,BE,אלפרו סויה וניל 1 ליטר *,ליטרים,1.00,ליטר,false,,14.90,14.9000,true,1,1185771
5411188094159,false,אלפרו מעדן סויה רביע,אלפרו Alpro,BE,אלפרו מעדן סויה בטעם שוקו,גרמים,500.00,100 גרם,false,,16.90,0.0338,true,1,1185773
5411188110835,false,משקה שקדים אלפרו,אלפרו Alpro,BE,אלפרו משקה שקדים 1 ליטר,ליטרים,1.00,ליטר,false,,15.90,15.9000,true,1,1185779
5411188112549,false,משקה אורז אלפרו,אלפרו Alpro,BE,אלפרו משקה אורז 1 ליטר,ליטרים,1.00,ליטר,false,,15.90,15.9000,true,1,1185782
5411188112709,false,אלפרו משקה שקדים ללא,אלפרו Alpro,BE,אלפרו משקה שקדים ללא סוכר,ליטרים,1.00,ליטר,false,,15.90,15.9000,true,1,1220647
5411188115366,false,משקה שיבולת שועל אלפ,אלפרו Alpro,BE,אלפרו משקה שיבולת שועל 1,ליטרים,1.00,ליטר,false,,15.90,15.9000,true,1,1185784
5411188115472,false,אלפרו משקה סויה,,,אלפרו משקה סויה,ליטרים,1.00,ליטר,false,,13.90,13.9000,true,1,2031398
5411188116905,false,אלפרו משקה סויה בטעם,,,אלפרו משקה סויה בטעם,ליטרים,1.00,ליטר,false,,14.90,14.9000,true,1,2122066
5411188118732,false,משקה קוקוס שקדים אלפ,,,משקה קוקוס שקדים אלפ,ליטרים,1.00,ליטר,false,,15.90,15.9000,true,1,1286604
5411188120742,false,משקה שקדים בטעם וניל,,,משקה שקדים בטעם וניל,ליטרים,1.00,ליטר,false,,15.90,15.9000,true,1,1286605
5411188121923,false,אלפרו חלב סויה סידן,,,אלפרו חלב סויה סידן,מיליליטרים,750.00,"100 מ""ל",false,,13.90,0.0185,true,1,1620426
5411188121978,false,אלפרו חלב סויה סידן,,,אלפרו חלב סויה סידן,מיליליטרים,750.00,"100 מ""ל",false,,13.90,0.0185,true,1,1585953
5411188124689,false,אלפרו שיבולת שועל לל,,,אלפרו שיבולת שועל לל,ליטרים,1.00,ליטר,false,,13.90,13.9000,true,1,2039246
5411188126195,false,משקה שקדים אורגני אל,,,משקה שקדים אורגני אל,ליטרים,1.00,ליטר,false,,15.90,15.9000,true,1,1733707
5411188127697,false,אלפרו בריסטה שיבולת,,,אלפרו בריסטה שיבולת,ליטרים,1.00,ליטר,false,,14.90,14.9000,true,1,2031400
5411188129899,false,אלפרו בריסטה שקדים,,,אלפרו בריסטה שקדים,ליטרים,1.00,ליטר,false,,14.90,14.9000,true,1,2031401
5411188133490,false,משקה אלפרו  סויה קפה,,,משקה אלפרו  סויה קפה,מיליליטרים,250.00,"100 מ""ל",false,,6.90,0.0276,true,1,2094398
5411188134985,false,משקה אלפרו  3.5% שיב,,,משקה אלפרו  3.5% שיב,ליטרים,1.00,ליטר,false,,13.90,13.9000,true,1,2083874
5411188135005,false,משקה אלפרו  1.8% שיב,,,משקה אלפרו  1.8% שיב,ליטרים,1.00,ליטר,false,,13.90,13.9000,true,1,2083875
5411188300328,false,חלב סויה שוקו אלפרו,אלפרו Alpro,BE,אלפרו סויה שוקו 1 ליטר *,ליטרים,1.00,ליטר,false,,14.90,14.9000,true,1,1185787
5411188543398,false,אלפרו משקה סויה ללא,,,אלפרו משקה סויה ללא,ליטרים,1.00,ליטר,false,,13.90,13.9000,true,1,2031402
5411663002846,false,בירה גולדן דראק 9000,,,בירה גולדן דראק 9000,מיליליטרים,330.00,"100 מ""ל",false,,14.90,0.0452,true,1,1363816
5411718911963,false,סיידר רוזה סטרונגבאו,,,סיידר רוזה סטרונגבאו,מיליליטרים,330.00,"100 מ""ל",false,,7.90,0.0239,true,1,2033925
5413149655522,false,"אריאל 1.25 ק""ג שושן",,,"אריאל 1.25 ק""ג שושן",קילוגרמים,1.25,"ק""ג",false,,19.90,15.9200,true,1,1158035
5413216990242,false,צדפי שוקולד ממולאים,,,צדפי שוקולד ממולאים,גרמים,250.00,100 גרם,false,,13.90,0.0556,true,1,1287768
5413548040479,false,שוקולד רפאלו 240 גרם,,,שוקולד רפאלו 240 גרם,גרמים,240.00,100 גרם,false,,22.90,0.0954,true,1,1174142
5601008200444,false,גודיס-עוגיות מצופות,מרבה Merba,PT,מרבה גודיס שוקולד חלב,גרמים,150.00,100 גרם,false,,8.90,0.0593,true,1,1185792
5601008200468,false,גודיס-עוגיות מצופות,מרבה Merba,PT,מרבה גודיס שוקולד לבן,גרמים,150.00,100 גרם,false,,8.90,0.0593,true,1,1185794
5601010111035,false,סרדינים בשמן,,,סרדינים בשמן,גרמים,125.00,100 גרם,false,,9.90,0.0792,true,1,1995471
5601036205534,false,צבע שיער אקסלנס 1 LO,,,צבע שיער אקסלנס 1 LO,יחידה,0.00,יחידה,false,,34.90,0.0000,true,1,1151374
5601036205657,false,צבע שיער אקסלנס 7 LO,,,צבע שיער אקסלנס 7 LO,יחידה,0.00,יחידה,false,,34.90,0.0000,true,1,1151384
5601036205688,false,צבע שיער אקסלנס 8 LO,,,צבע שיער אקסלנס 8 LO,יחידה,0.00,יחידה,false,,34.90,0.0000,true,1,1151387
5601036205725,false,צבע שיער אקסלנס 10 L,,,צבע שיער אקסלנס 10 L,יחידה,0.00,יחידה,false,,34.90,0.0000,true,1,1151389
5601217129420,false,וולייט דפים שומרי צב,,,וולייט דפים שומרי צב,יח',20.00,יח',false,,19.90,0.9950,true,1,1586034
5604912415041,false,סרדינים בשמן חמניה פ,סטארקיסט,,סרדינים בשמן חמניה פ,גרמים,125.00,100 גרם,false,,6.90,0.0552,true,1,1878603
5604912415058,false,סרדינים בשמן חמניה ח,סטארקיסט,,סרדינים בשמן חמניה ח,גרמים,125.00,100 גרם,false,,6.90,0.0552,true,1,1878609
5604912425057,false,מקרלים בשמן חמניה חר,סטארקיסט,,מקרלים בשמן חמניה חר,גרמים,125.00,100 גרם,false,,6.90,0.0552,true,1,1878611
5701932026964,false,פופקורן עם מלח הוט פ,פופז,US,הוט פופ מלוח 600 גרם,גרמים,600.00,100 גרם,false,,16.90,0.0282,true,1,1174144
5701932026971,false,פופקורן חמאה הוט פופ,פופז,US,הוטפופ חמאה 600 גרם,גרמים,600.00,100 גרם,false,,16.90,0.0282,true,1,1174145
5701932026995,false,פופקורן לייט טבעי הו,פופז,US,פופקורן הוט פופ טבעי לייט,גרמים,510.00,100 גרם,false,,16.90,0.0331,true,1,1174146
5706516031358,false,פופקורן 100 קלוריות,פופז,US,הוטפופ 100 קלוריות 160 גר,גרמים,160.00,100 גרם,false,,16.90,0.1056,true,1,1174147
5706516110039,false,פופקורן עם מלח הוט פ,,,פופקורן עם מלח הוט פ,גרמים,540.00,100 גרם,false,,18.90,0.0350,true,1,2020896
5711953106583,false,גבינת שמנת ארלה 24.5,,,גבינת שמנת ארלה 24.5,גרמים,200.00,100 גרם,false,,14.90,0.0745,true,1,1988983
5740900403239,false,ממרח לורפאק בלי מלח,,,ממרח לורפאק בלי מלח,גרמים,250.00,100 גרם,false,,15.90,0.0636,true,1,1880103
5740900403253,false,ממרח לורפאק עם מלח 5,,,ממרח לורפאק עם מלח 5,גרמים,500.00,100 גרם,false,,24.90,0.0498,true,1,1880105
5740900403260,false,ממרח לורפאק ללא מלח,,,ממרח לורפאק ללא מלח,גרמים,250.00,100 גרם,false,,15.90,0.0636,true,1,1880106
5740900403284,false,חמאת לורפאק 200 גרם,,,חמאת לורפאק 200 גרם,גרמים,200.00,100 גרם,false,,10.90,0.0545,true,1,2024516
5740900403864,false,חמאת לורפאק 200 גרם,,,חמאת לורפאק 200 גרם,גרמים,200.00,100 גרם,false,,10.90,0.0545,true,1,2082988
5900017062419,false,ניוואה 750תחליב רחצה,,,ניוואה 750תחליב רחצה,מיליליטרים,750.00,"100 מ""ל",false,,13.90,0.0185,true,1,2068924
5900020012814,false,דגני בוקר נסקוויק.,נסטלה,PL,נסקוויק דגני בוקר תפוחים,גרמים,500.00,100 גרם,false,,24.90,0.0498,true,1,1156241
5900020015174,false,חטיף פיטנס דגנים שוק,נסטלה,PL,פיטנס חטיף דגנים עם שוקול,גרמים,141.00,100 גרם,false,,15.90,0.1128,true,1,1156242
5900020018908,false,חטיף פיטנס דגנים קרם,נסטלה,PL,פיטנס חטיף דגנים עם עוגיו,גרמים,141.00,100 גרם,false,,15.90,0.1128,true,1,1156248
5900020020710,false,חטיף קראנץ שוקו וניל,נסטלה,PL,קראנץ' חטיף דגנים שוקו-ונ,גרמים,150.00,100 גרם,false,,15.90,0.1060,true,1,1156249
5900020020741,false,חטיף נסקוויק דגנים ש,נסטלה,PL,נסקוויק חטיף דגנים שוקו-ש,גרמים,150.00,100 גרם,false,,15.90,0.1060,true,1,1156250
5900020024770,false,חטיף פיטנס בר דליס ש,נסטלה,PL,פיטנס חטיף דגנים 141 גרם,גרמים,135.00,100 גרם,false,,15.90,0.1178,true,1,1265733
5900020024817,false,חטיף פיטנס בר דליס ש,נסטלה,PL,פיטנס חטיף דגנים 141 גרם,גרמים,135.00,100 גרם,false,,15.90,0.1178,true,1,1265734
5900020025647,false,חטיף פיטנס בר דליס ש,נסטלה,PL,פיטנס חטיף דגנים 141 גרם,גרמים,135.00,100 גרם,false,,15.90,0.1178,true,1,1265736
5900020026552,false,דגני בוקר האני צ'ריו,,,דגני בוקר האני צ'ריו,גרמים,625.00,100 גרם,false,,24.90,0.0398,true,1,1305864
5900020029669,false,חטיף פיטנס פירות יער,,,חטיף פיטנס פירות יער,גרמים,141.00,100 גרם,false,,15.90,0.1128,true,1,1520864
5900020031877,false,חטיף דגנים צ'יריוס,,,חטיף דגנים צ'יריוס,גרמים,132.00,100 גרם,false,,15.90,0.1205,true,1,1708227
5900020032539,false,מארז חטיף פיטנס שוקו,,,מארז חטיף פיטנס שוקו,גרמים,184.00,100 גרם,false,,15.90,0.0864,true,1,2080786
5900020033314,false,חטיף ליון דגנים 25*6,,,חטיף ליון דגנים 25*6,גרמים,150.00,100 גרם,false,,15.90,0.1060,true,1,1806602
5900020034021,false,חטיף פיטנס דגנים שוק,,,חטיף פיטנס דגנים שוק,גרמים,141.00,100 גרם,false,,15.90,0.1128,true,1,1909558
5900020036407,false,דגני בוקר ליון וקרמל,,,דגני בוקר ליון וקרמל,גרמים,480.00,100 גרם,false,,24.90,0.0519,true,1,2005685
5900020037916,false,דגני בוקר צ'ריוס שיב,,,דגני בוקר צ'ריוס שיב,גרמים,375.00,100 גרם,false,,14.90,0.0397,true,1,2045693
5900020039132,false,דגני בוקר ציריוס שוע,,,דגני בוקר ציריוס שוע,גרמים,320.00,100 גרם,false,,14.90,0.0466,true,1,2072127
5900020039590,false,חטיף פיטנס דגנים קלא,,,חטיף פיטנס דגנים קלא,גרמים,141.00,100 גרם,false,,15.90,0.1128,true,1,2080106
5900020039620,false,חטיף פיטנס דגנים שקד,,,חטיף פיטנס דגנים שקד,גרמים,141.00,100 גרם,false,,15.90,0.1128,true,1,2080107
5900238587234,false,שוקולד מריר 62% ברון,,,שוקולד מריר 62% ברון,גרמים,100.00,100 גרם,false,,5.90,0.0590,true,1,1237800
5900352000770,false,בונבונירה 190 גרם,,,בונבונירה 190 גרם,גרמים,190.00,100 גרם,false,,8.90,0.0468,true,1,1173121
5900352001821,false,בונבונירה 190 גרם,,,בונבונירה 190 גרם,גרמים,190.00,100 גרם,false,,8.90,0.0468,true,1,1173123
5900352002866,false,חטיף שוקולד אליבי מק,,,חטיף שוקולד אליבי מק,גרמים,49.00,100 גרם,false,,2.90,0.0592,true,1,1173125
5900352008509,false,עוגיות יזיקי אדווקט,,,עוגיות יזיקי אדווקט,גרמים,140.00,100 גרם,false,,5.90,0.0421,true,1,2124768
5900352011356,false,חטיפי שוקולד עוגיות,,,חטיפי שוקולד עוגיות,גרמים,140.00,100 גרם,false,,5.90,0.0421,true,1,2124754
5900352012605,false,חטיף קוקוס אליבי 49,,,חטיף קוקוס אליבי 49,גרמים,49.00,100 גרם,false,,2.90,0.0592,true,1,1173130
5900352014449,false,וופל בלגי וניל 130 ג,,,וופל בלגי וניל 130 ג,גרמים,130.00,100 גרם,false,,3.90,0.0300,true,1,2124741
5900352014470,false,וופל בלגי קרמל 130 ג,,,וופל בלגי קרמל 130 ג,גרמים,130.00,100 גרם,false,,3.90,0.0300,true,1,2124743
5900352014890,false,עוגיות יזיקי מריר תפ,,,עוגיות יזיקי מריר תפ,גרמים,140.00,100 גרם,false,,5.90,0.0421,true,1,2146255
5900352015125,false,עוגיות יזיקי קרמל מל,,,עוגיות יזיקי קרמל מל,גרמים,140.00,100 גרם,false,,5.90,0.0421,true,1,2146256
5900352015576,false,וופל בלגי קוקוס 130,,,וופל בלגי קוקוס 130,גרמים,130.00,100 גרם,false,,3.90,0.0300,true,1,2146249
5900617015716,false,חטיף קרנצ' אגוזים שק,,,חטיף קרנצ' אגוזים שק,גרמים,40.00,100 גרם,false,,3.90,0.0975,true,1,2126566
5900617015945,false,חטיף קרנצ' אגוזים וש,,,חטיף קרנצ' אגוזים וש,גרמים,40.00,100 גרם,false,,3.90,0.0975,true,1,2126569
5900617035905,false,חטיף חלבון פרוטאין 3,,,חטיף חלבון פרוטאין 3,גרמים,50.00,100 גרם,false,,9.90,0.1980,true,1,2099946
5900617035929,false,חטיף חלבון פרוטאין 3,,,חטיף חלבון פרוטאין 3,גרמים,50.00,100 גרם,false,,9.90,0.1980,true,1,2099947
5900627063233,false,פיניש 50 טבליות AIO,,,פיניש 50 טבליות AIO,יח',50.00,יח',false,,34.90,0.6980,true,1,1343583
5900627066715,false,פיניש 100 טבליות למד,,,פיניש 100 טבליות למד,יח',100.00,יח',false,,54.90,0.5490,true,1,1365909
5900951283963,false,חטיף סניקרס קרמי חמא,,,חטיף סניקרס קרמי חמא,גרמים,57.00,100 גרם,false,,3.90,0.0684,true,1,2090135
5901105745122,false,כוס מאג פלורידה 375,,,כוס מאג פלורידה 375,יחידה,0.00,יחידה,false,,6.90,0.0000,true,1,1999099
5901105745207,false,"כוס מאג נבדה 350 מ""ל",,,"כוס מאג נבדה 350 מ""ל",יחידה,0.00,יחידה,false,,6.90,0.0000,true,1,2009680
5901414200411,false,ביסקוויט מיני ממולא,,,ביסקוויט מיני ממולא,גרמים,130.00,100 גרם,false,,6.90,0.0531,true,1,1174148
5901669486196,false,שוקולד ברון חלב בוטנ,,,שוקולד ברון חלב בוטנ,גרמים,300.00,100 גרם,false,,11.90,0.0397,true,1,1237822
5901677007611,false,שוקולד ברון חלב 300,,,שוקולד ברון חלב 300,גרמים,300.00,100 גרם,false,,11.90,0.0397,true,1,1198804
5901677009011,false,שוקולד ברון מריר 70%,,,שוקולד ברון מריר 70%,גרמים,100.00,100 גרם,false,,5.90,0.0590,true,1,1237840
5902198160403,false,משקה XL בפחית,,,משקה XL בפחית,מיליליטרים,250.00,"100 מ""ל",false,,4.30,0.0172,true,1,1424000
5902581683779,false,שוקולד חלב ברון 90 ג,,,שוקולד חלב ברון 90 ג,גרמים,90.00,100 גרם,false,,4.90,0.0544,true,1,2129240
5902581683793,false,שוקולד חלב ממולא קרמ,,,שוקולד חלב ממולא קרמ,גרמים,100.00,100 גרם,false,,4.90,0.0490,true,1,2129248
5902581683816,false,שוקולד חלב ממולא תות,,,שוקולד חלב ממולא תות,גרמים,100.00,100 גרם,false,,4.90,0.0490,true,1,2129249
5904603190739,false,אסורטי ירקות,,,אסורטי ירקות,גרמים,860.00,100 גרם,false,,12.90,0.0150,true,1,2120162
5904603190883,false,עגבניות ירוקות כבושו,,,עגבניות ירוקות כבושו,גרמים,880.00,100 גרם,false,,12.90,0.0147,true,1,2120164
5904941750312,false,משקה בלו מוחיטו,,,משקה בלו מוחיטו,מיליליטרים,250.00,"100 מ""ל",false,,4.20,0.0168,true,1,1218149
5904941751302,false,BLU משקה אנרגיה 250מ,,,BLU משקה אנרגיה 250מ,מיליליטרים,250.00,"100 מ""ל",false,,4.20,0.0168,true,1,1190072
5904941751371,false,משקה בלו דיי    אקזו,,,משקה בלו דיי    אקזו,מיליליטרים,250.00,"100 מ""ל",false,,3.90,0.0156,true,1,1523816
5904941751524,false,משקה בלו דיי אבטיח,,,משקה בלו דיי אבטיח,מיליליטרים,250.00,"100 מ""ל",false,,4.20,0.0168,true,1,1218151
5904941751715,false,משקה אנרגיה 250 מל,,,משקה אנרגיה 250 מל,מיליליטרים,250.00,"100 מ""ל",false,,3.90,0.0156,true,1,1190073
5904941751920,false,משקה בלו דיי,,,משקה בלו דיי,מיליליטרים,250.00,"100 מ""ל",false,,4.20,0.0168,true,1,1218154
5904941752262,false,משקה אנרגיה BLU SUGA,,,משקה אנרגיה BLU SUGA,מיליליטרים,250.00,"100 מ""ל",false,,4.20,0.0168,true,1,2032128
5906485301012,false,"משקה XL בפחית 250 מ""",,,"משקה XL בפחית 250 מ""",מיליליטרים,250.00,"100 מ""ל",false,,4.30,0.0172,true,1,1171688
5997321770307,false,רצועות שעווה לעור רג,,,רצועות שעווה לעור רג,יחידה,0.00,יחידה,false,,29.90,0.0000,true,1,1884104
5998710131877,false,סוכריות שוקולד 36 CH,,,סוכריות שוקולד 36 CH,גרמים,36.00,100 גרם,false,,3.90,0.1083,true,1,1849758
6001067017332,false,מברשת שיניים קולגייט,,,מברשת שיניים קולגייט,יחידה,0.00,יחידה,false,,10.00,0.0000,true,1,1323224
6001067017523,false,מברשת שיניים קולגייט,COLGATE PALMOLIVE,CN,קולגייט מברשת ילדים ספידר,יח',1.00,יח',false,,18.90,18.9000,true,1,1185796
6009188004828,false,חטיף קיט קט צ'אנקי ל,,,חטיף קיט קט צ'אנקי ל,גרמים,40.00,100 גרם,false,,3.90,0.0975,true,1,2137106
6111094000198,false,קוסקוס דארי 350 גרם,,,קוסקוס דארי 350 גרם,גרמים,350.00,100 גרם,false,,5.90,0.0169,true,1,1629812
6253017300012,false,טחינה גולמית קראוון,,,טחינה גולמית קראוון,גרמים,450.00,100 גרם,false,,14.90,0.0331,true,1,1194474
6253017300029,false,טחינה גולמית קרוואן,,,טחינה גולמית קרוואן,גרמים,950.00,100 גרם,false,,22.90,0.0241,true,1,1194475
6281001510390,false,מברשת שיניים קולגייט,COLGATE PALMOLIVE,CN,קולגייט מברשת ילדים 0-2 ח,יח',1.00,יח',false,,18.90,18.9000,true,1,1185803
6920354822223,false,משחת שניים קולגייט נ,,,משחת שניים קולגייט נ,מיליליטרים,68.00,"100 מ""ל",false,,29.90,0.4397,true,1,2079349
6922163616659,false,תה ירוק שקיקים 40 גר,fujian blue lake,TH,תה ירוק שקיקים 40 גרם-כשר,גרמים,40.00,100 גרם,false,,7.90,0.1975,true,1,1190100
6922163616666,false,תה ירוק עם יסמין 40,fujian blue lake,CN,תה ירוק עם יסמין -שקיקים,גרמים,40.00,100 גרם,false,,7.90,0.1975,true,1,1190101
6935673035612,false,כפפות אלוורה S,מ.א ייצור ושיווק מטל,CN,כפפות אלוורה 1/120 S,יחידה,0.00,יחידה,false,,5.90,0.0000,true,1,1174357
6935673035629,false,כפפות אלוורה M,מ.א ייצור ושיווק מטל,CN,כפפות אלוורה 1/120 M,יחידה,0.00,יחידה,false,,5.90,0.0000,true,1,1174358
6935673035636,false,כפפות אלוורה L,מ.א ייצור ושיווק מטל,CN,כפפות אלוורה 1/120 L,יח',2.00,יח',false,,5.90,2.9500,true,1,1174359
6935673035643,false,כפפות אלוורה XL,מ.א ייצור ושיווק מטל,CN,כפפות אלוורה 1/120 XL,יחידה,0.00,יחידה,false,,5.90,0.0000,true,1,1174360
6944027000428,false,תה סיני,,,תה סיני,גרמים,250.00,100 גרם,false,,9.90,0.0396,true,1,1198251
6971071749386,false,כבל לאייפון,,,כבל לאייפון,יחידה,0.00,יחידה,false,,9.90,0.0000,true,1,2038797
6971071749409,false,כבל מיקרו,,,כבל מיקרו,יחידה,0.00,יחידה,false,,9.90,0.0000,true,1,2038799
7038513866311,false,מברשת שיניים גורדן,ג'ורדן Jordan,MY,ג'ורדן מברשת לילדים 3-5,יח',1.00,יח',false,,12.90,12.9000,true,1,1199845
7038516550309,false,מברשת שיניים גורדן,ג'ורדן Jordan,MY,ג'ורדן מ.שיניים אינדיבידו,יחידה,0.00,יחידה,false,,14.90,0.0000,true,1,1199857
7046110052686,false,חוט דנטלי גורדן בניח,,,חוט דנטלי גורדן בניח,מטרים,50.00,מטר,false,,9.90,0.1980,true,1,2143916
7046110064016,false,מברשת שיניים 3-5 ג'ו,,,מברשת שיניים 3-5 ג'ו,יח',1.00,יח',false,,14.90,14.9000,true,1,1555934
7046110069868,false,מברשת שיניים גורדן,,,מברשת שיניים גורדן,יח',1.00,יח',false,,12.90,12.9000,true,1,1345607
7204003803450,false,פלייסמנט,,,פלייסמנט,יחידה,0.00,יחידה,false,,19.90,0.0000,true,1,2118391
7290000000996,false,שתיה קרה,,,שתיה קרה,יחידה,0.00,יחידה,false,,8.00,0.0000,true,1,1977249
7290000001134,false,רביעייה סופגניות,,,רביעייה סופגניות,יח',4.00,יח',false,,10.00,2.5000,true,1,2039079
7290000001135,false,שמינייה סופגניות מינ,,,שמינייה סופגניות מינ,יחידה,0.00,יחידה,false,,14.90,0.0000,true,1,2039080
7290000001137,false,רביעיית סופגניות מיו,,,רביעיית סופגניות מיו,יחידה,0.00,יחידה,false,,14.90,0.0000,true,1,2039081
7290000001603,false,מארז מסיכות 50 יח',,,מארז מסיכות 50 יח',יח',50.00,יח',false,,9.90,0.1980,true,1,2010410
7290000003001,false,חלה ויזניץ לשבת,,,חלה ויזניץ לשבת,יחידה,0.00,יחידה,false,,17.90,0.0000,true,1,2137107
7290000010809,false,צ'יאה,,,צ'יאה,קילוגרמים,1.00,"ק""ג",true,,30.00,30.0000,true,1,1210873
7290000010816,false,גוג'י ברי,,,גוג'י ברי,קילוגרמים,1.00,"ק""ג",true,,60.00,60.0000,true,1,1210874
7290000010885,false,בוטן הולנדי,,,בוטן הולנדי,קילוגרמים,1.00,"ק""ג",true,,59.00,59.0000,true,1,1216075
7290000010953,false,גבינה צהובה 28% נועם,,,גבינה צהובה 28% נועם,קילוגרמים,1.00,"ק""ג",true,,44.75,44.7500,true,1,1176089
7290000010984,false,גבינה צהובה 9% נועם,טרה,IL,חריץ גבינה צהובה נעם 9% ב,קילוגרמים,1.00,"ק""ג",true,,69.00,69.0000,true,1,1176090
7290000010991,false,גבינה צהובה 22% נועם,טרה,IL,חריץ גבינה צהובה נעם 22%,קילוגרמים,1.00,"ק""ג",true,,42.55,42.5500,true,1,1562168
7290000011462,false,עצמות מח טרי,,,עצמות מח טרי,קילוגרמים,1.00,"ק""ג",true,,49.90,49.9000,true,1,1213670
7290000011639,false,אפונה וואסבי חריף,,,אפונה וואסבי חריף,קילוגרמים,1.00,"ק""ג",true,,39.00,39.0000,true,1,1216077
7290000011646,false,בוטן יפני רביולי גרי,,,בוטן יפני רביולי גרי,קילוגרמים,1.00,"ק""ג",true,,59.00,59.0000,true,1,1216078
7290000011691,false,פרכיות אורז,,,פרכיות אורז,קילוגרמים,1.00,"ק""ג",true,,59.00,59.0000,true,1,1216082
7290000012384,false,"גבינה עמק מרוסקת ק""ג",,,"גבינה עמק מרוסקת ק""ג",קילוגרמים,1.00,"ק""ג",true,,44.75,44.7500,true,1,1216389
7290000018225,false,"חמניות קלופות 1 ק""ג",,,"חמניות קלופות 1 ק""ג",קילוגרמים,1.00,"ק""ג",true,,29.00,29.0000,true,1,1362298
7290000018232,false,אדממה,,,אדממה,קילוגרמים,1.00,"ק""ג",true,,49.00,49.0000,true,1,1557780
7290000018355,false,חמוציות שלמות,,,חמוציות שלמות,קילוגרמים,1.00,"ק""ג",true,,69.00,69.0000,true,1,1545549
7290000019666,false,פקאן קלוי מלוח,שקדיה,,פקאן קלוי מלוח,קילוגרמים,1.00,"ק""ג",true,,99.00,99.0000,true,1,1564174
7290000019673,false,צימוק גדול שחור,,,צימוק גדול שחור,קילוגרמים,1.00,"ק""ג",true,,39.00,39.0000,true,1,1585511
7290000019697,false,שקד מולבן חצוי,,,שקד מולבן חצוי,קילוגרמים,1.00,"ק""ג",true,,79.00,79.0000,true,1,1585512
7290000021294,false,דונאטס רביעייה,,,דונאטס רביעייה,יחידה,0.00,יחידה,false,,19.90,0.0000,true,1,1989693
7290000021554,false,חולצה מכופתרת קלאסי,,,חולצה מכופתרת קלאסי,יחידה,0.00,יחידה,false,,49.90,0.0000,true,1,2064093
7290000022635,false,שלישייה דונאטס בטעמי,,,שלישייה דונאטס בטעמי,יחידה,0.00,יחידה,false,,10.00,0.0000,true,1,2094259
7290000023083,false,ערק אשקלון 40% 700 מ,,,ערק אשקלון 40% 700 מ,מיליליטרים,700.00,"100 מ""ל",false,,59.90,0.0856,true,1,1171518
7290000023809,false,יין קברנה סובניון 75,,,יין קברנה סובניון 75,מיליליטרים,750.00,"100 מ""ל",false,,39.90,0.0532,true,1,1171535
7290000023816,false,יין אמרלד ריזלינג 75,,,יין אמרלד ריזלינג 75,מיליליטרים,750.00,"100 מ""ל",false,,32.90,0.0439,true,1,1171536
7290000023823,false,קלאסיק סובניון בלאן,,,קלאסיק סובניון בלאן,מיליליטרים,750.00,"100 מ""ל",false,,32.90,0.0439,true,1,1171537
7290000023977,false,"יין מרלו 750 מ""ל",,,"יין מרלו 750 מ""ל",מיליליטרים,750.00,"100 מ""ל",false,,39.90,0.0532,true,1,1171542
7290000024202,false,יין רזרב קברנה סובינ,,,יין רזרב קברנה סובינ,מיליליטרים,750.00,"100 מ""ל",false,,59.90,0.0799,true,1,1171547
7290000024219,false,יין רזרב אמרלד ריזלי,,,יין רזרב אמרלד ריזלי,מיליליטרים,750.00,"100 מ""ל",false,,44.90,0.0599,true,1,1171548
7290000024264,false,יין רזרב מרלו אדום 7,,,יין רזרב מרלו אדום 7,מיליליטרים,750.00,"100 מ""ל",false,,59.90,0.0799,true,1,1171552
7290000024523,false,יין תירוש מתוק,,,יין תירוש מתוק,ליטרים,1.00,ליטר,false,,12.90,12.9000,true,1,1336100
7290000024530,false,יין אדום מתוק של סגל,,,יין אדום מתוק של סגל,מיליליטרים,750.00,"100 מ""ל",false,,18.90,0.0252,true,1,1171558
7290000024554,false,יין אדום אסמבלאז,,,יין אדום אסמבלאז,מיליליטרים,750.00,"100 מ""ל",false,,55.90,0.0745,true,1,1832283
7290000026565,false,חטיפים מתוקים בתפזור,,,חטיפים מתוקים בתפזור,קילוגרמים,1.00,"ק""ג",true,,40.00,40.0000,true,1,2114876
7290000034034,false,דגן קרקר עם חיטה מלא,אפיפית נצרת,IL,קרקר דגני ללא סוכר וללא מ,גרמים,250.00,100 גרם,false,,7.90,0.0316,true,1,1194562
7290000040042,false,יופלה תות 3%.,,,יופלה תות 3%.,גרמים,150.00,100 גרם,false,,4.70,0.0313,true,1,1186764
7290000040066,false,יופלה דובדבן.,,,יופלה דובדבן.,גרמים,150.00,100 גרם,false,,4.70,0.0313,true,1,1186766
7290000040080,false,יופלה אפרסק 3%.,,,יופלה אפרסק 3%.,גרמים,150.00,100 גרם,false,,4.70,0.0313,true,1,1186767
7290000040301,false,גבינה עין גדי /קממבר,,,גבינה עין גדי /קממבר,גרמים,125.00,100 גרם,false,,18.90,0.1512,true,1,1186768
7290000040974,false,חלב טרי דל לקטוז 2%,,,חלב טרי דל לקטוז 2%,ליטרים,1.00,ליטר,false,,6.90,6.9000,true,1,1186772
7290000041445,false,"קוטג' 5% בד""צ תנובה",,,"קוטג' 5% בד""צ תנובה",גרמים,250.00,100 גרם,false,,5.40,0.0216,true,1,1186773
7290000041858,false,שמנת יטבתה 15% שומן,שטראוס,IL,שמנת חמוצה 15% מועשרת מהד,גרמים,200.00,100 גרם,false,,2.50,0.0125,true,1,1188641
7290000041865,false,לבן יטבתה 4.5% שומן,שטראוס,IL,לבן 4.5% שומן- מהדרין,גרמים,200.00,100 גרם,false,,2.00,0.0100,true,1,1188642
7290000041872,false,לבן יטבתה 3% שומן 20,שטראוס,IL,לבן 3% שומן- מהדרין,גרמים,200.00,100 גרם,false,,2.00,0.0100,true,1,1188643
7290000042015,false,חלב שקית 3% שומן -מה,,,חלב שקית 3% שומן -מה,ליטרים,1.00,ליטר,false,,5.40,5.4000,true,1,1186776
7290000042404,false,שקית חלב 1 ליטר 3% י,שטראוס,IL,חלב שקית מהדרין 3% מועשר,ליטרים,1.00,ליטר,false,,5.90,5.9000,true,1,1188644
7290000042435,false,חלב 1% שומן בקרטון 1,,,חלב 1% שומן בקרטון 1,ליטרים,1.00,ליטר,false,,5.85,5.8500,true,1,1186781
7290000042442,false,חלב 3% בקרטון 1 ליטר,,,חלב 3% בקרטון 1 ליטר,ליטרים,1.00,ליטר,false,,6.20,6.2000,true,1,1186782
7290000042640,false,"חלב עמיד 3% 250 מ""ל.",,,"חלב עמיד 3% 250 מ""ל.",מיליליטרים,250.00,"100 מ""ל",false,,2.50,0.0100,true,1,1186787
7290000042855,false,שקית שוקו יטבתה 225,שטראוס,IL,*פריט החזרות* שוקו שקית ב,מיליליטרים,225.00,"100 מ""ל",false,,2.40,0.0107,true,1,1188645
7290000043012,false,"שוקו עמיד 250 מ""ל.",,,"שוקו עמיד 250 מ""ל.",מיליליטרים,250.00,"100 מ""ל",false,,4.50,0.0180,true,1,1186791
7290000043111,false,חמאה 200 גרם.,,,חמאה 200 גרם.,גרמים,200.00,100 גרם,false,,7.80,0.0390,true,1,1186792
7290000043814,false,שמנת עמידה לקצפת 38%,,,שמנת עמידה לקצפת 38%,מיליליטרים,250.00,"100 מ""ל",false,,6.40,0.0256,true,1,1186794
7290000043890,false,משקה רויון 1.5% שומן,,,משקה רויון 1.5% שומן,ליטרים,1.00,ליטר,false,,10.90,10.9000,true,1,1186796
7290000044712,false,מעדן פרילי תות 500 מ,,,מעדן פרילי תות 500 מ,מיליליטרים,500.00,"100 מ""ל",false,,9.90,0.0198,true,1,1186800
7290000045573,false,גבינה נעמה.,,,גבינה נעמה.,גרמים,200.00,100 גרם,false,,13.90,0.0695,true,1,1186803
7290000045665,false,תבניות אפייה סולתם מ,,,תבניות אפייה סולתם מ,יחידה,0.00,יחידה,false,,5.00,0.0000,true,1,2125558
7290000045917,false,גבינת עזים פרומעז גל,,,גבינת עזים פרומעז גל,גרמים,200.00,100 גרם,false,,24.90,0.1245,true,1,1186806
7290000046020,false,"גבינה גלבוע בלוק ק""ג",,,"גבינה גלבוע בלוק ק""ג",קילוגרמים,1.00,"ק""ג",true,,42.55,42.5500,true,1,1186809
7290000046501,false,גבינה טל העמק בלוק ק,,,גבינה טל העמק בלוק ק,קילוגרמים,1.00,"ק""ג",true,,59.00,59.0000,true,1,1186814
7290000046563,false,"פרמזן בלוק ק""ג",,,"פרמזן בלוק ק""ג",קילוגרמים,1.00,"ק""ג",true,,120.00,120.0000,true,1,1186817
7290000046662,false,"גבינה סקנדינבית ק""ג.",,,"גבינה סקנדינבית ק""ג.",קילוגרמים,1.00,"ק""ג",true,,79.00,79.0000,true,1,1186820
7290000047485,false,בולגרית 24% שומן פח,,,בולגרית 24% שומן פח,קילוגרמים,1.00,"ק""ג",true,,59.00,59.0000,true,1,1186825
7290000047546,false,גבינה כנען 5% 500 גר,,,גבינה כנען 5% 500 גר,גרמים,500.00,100 גרם,false,,22.90,0.0458,true,1,1186826
7290000047942,false,"גבינה למריחה 9% בד""צ",,,"גבינה למריחה 9% בד""צ",גרמים,250.00,100 גרם,false,,4.70,0.0188,true,1,1186830
7290000048185,false,גבינה למריחה 5% מהדר,,,גבינה למריחה 5% מהדר,גרמים,250.00,100 גרם,false,,4.95,0.0198,true,1,1186831
7290000048192,false,גבינה למריחה 9% 250,,,גבינה למריחה 9% 250,גרמים,250.00,100 גרם,false,,4.70,0.0188,true,1,1186832
7290000048437,false,צפתית 5% פיראוס 200,,,צפתית 5% פיראוס 200,גרמים,200.00,100 גרם,false,,13.90,0.0695,true,1,1186835
7290000049458,false,פטה עיזים 16% פיראוס,,,פטה עיזים 16% פיראוס,גרמים,250.00,100 גרם,false,,26.90,0.1076,true,1,1186838
7290000050447,false,יופלה תות 500 גרם.,,,יופלה תות 500 גרם.,גרמים,500.00,100 גרם,false,,12.20,0.0244,true,1,1186844
7290000051376,false,יופלה דיאט אננס ספור,,,יופלה דיאט אננס ספור,גרמים,150.00,100 גרם,false,,4.70,0.0313,true,1,1186852
7290000051710,false,לאבנה פיראוס עם זעתר,,,לאבנה פיראוס עם זעתר,גרמים,263.00,100 גרם,false,,12.90,0.0490,true,1,1186854
7290000052311,false,עמק פרוס 15% שומן בק,,,עמק פרוס 15% שומן בק,גרמים,200.00,100 גרם,false,,15.90,0.0795,true,1,1186860
7290000052649,false,לבנה 5% אסלית על בסי,,,לבנה 5% אסלית על בסי,גרמים,500.00,100 גרם,false,,19.90,0.0398,true,1,1186863
7290000055015,false,גבינה פטה כבשים 5% פ,,,גבינה פטה כבשים 5% פ,גרמים,250.00,100 גרם,false,,25.90,0.1036,true,1,1186880
7290000055329,false,משקה יוגורט יופלה תו,,,משקה יוגורט יופלה תו,גרמים,250.00,100 גרם,false,,4.90,0.0196,true,1,1186883
7290000055336,false,משקה יוגורט יופלה בנ,,,משקה יוגורט יופלה בנ,גרמים,250.00,100 גרם,false,,4.90,0.0196,true,1,1186884
7290000055343,false,משקה יוגורט יופלה טר,,,משקה יוגורט יופלה טר,גרמים,250.00,100 גרם,false,,4.90,0.0196,true,1,1186885
7290000056081,false,מאגדת 6 פרילי טבע- 2,,,מאגדת 6 פרילי טבע- 2,גרמים,1200.00,100 גרם,false,,21.90,0.0182,true,1,1186889
7290000056845,false,חלב טרי הומוגני 3% ש,,,חלב טרי הומוגני 3% ש,ליטרים,1.50,ליטר,false,,9.30,6.2000,true,1,1186899
7290000056906,false,מאגדת 8 יופלה לבן טב,,,מאגדת 8 יופלה לבן טב,גרמים,1200.00,100 גרם,false,,16.90,0.0141,true,1,1186903
7290000056951,false,שמנת לבישול 15%שומן,,,שמנת לבישול 15%שומן,מיליליטרים,500.00,"100 מ""ל",false,,15.90,0.0318,true,1,1186905
7290000057088,false,עמק פרוס דק 200 גרם.,,,עמק פרוס דק 200 גרם.,גרמים,200.00,100 גרם,false,,15.90,0.0795,true,1,1186909
7290000057118,false,גבינה עמק פרוס 400 ג,,,גבינה עמק פרוס 400 ג,גרמים,400.00,100 גרם,false,,21.90,0.0547,true,1,1186911
7290000057132,false,יוגורט תנובה 1.5% שו,,,יוגורט תנובה 1.5% שו,גרמים,200.00,100 גרם,false,,2.90,0.0145,true,1,1186912
7290000057552,false,יופלה דיאט עוגת גבינ,,,יופלה דיאט עוגת גבינ,גרמים,150.00,100 גרם,false,,4.70,0.0313,true,1,1186921
7290000058047,false,שמנת מתוקה להקצפה 38,,,שמנת מתוקה להקצפה 38,מיליליטרים,500.00,"100 מ""ל",false,,12.80,0.0256,true,1,1186928
7290000060163,false,אטריות דקות 400 גרם.,אסם תעשיות,IL,אסם אטריות דקות 400 גרם,גרמים,400.00,100 גרם,false,,6.90,0.0173,true,1,1155621
7290000060200,false,פתיתים אפויים קוסקוס,אסם תעשיות,IL,אסם פתיתים אפויים קוסקוס,גרמים,500.00,100 גרם,false,,7.90,0.0158,true,1,1155622
7290000060217,false,פסטה מקרוני 500 גרם.,זארה,IT,אסם פסטה מקרוני 7 500 גרם,גרמים,500.00,100 גרם,false,,5.90,0.0118,true,1,1155623
7290000060316,false,פסטה פרפקטו 500 גרם.,זארה,IT,פרפקטו ספגטי 500 גרם,גרמים,500.00,100 גרם,false,,6.90,0.0138,true,1,1155627
7290000060330,false,פסטה פרפקטו 500 גרם.,זארה,IT,פרפקטו ספירלי 500 גרם,גרמים,500.00,100 גרם,false,,6.90,0.0138,true,1,1155629
7290000060408,false,פתיתים אפויים טבעות.,אסם תעשיות,IL,אסם פתיתים אפויים טבעות 5,גרמים,500.00,100 גרם,false,,7.90,0.0158,true,1,1155632
7290000060415,false,פסטה פרפקטו לזניה 50,פסטה לנסי,IT,פרפקטו לזניה 500 גרם,גרמים,500.00,100 גרם,false,,12.90,0.0258,true,1,1155633
7290000060576,false,פתיתים אפויים כוכבים,אסם תעשיות,IL,אסם פתיתים אפויים כוכבים,גרמים,500.00,100 גרם,false,,7.90,0.0158,true,1,1155640
7290000060781,false,פסטה מסולסלים אסם 50,זארה,IT,אסם פסטה מסולסלים 500 גרם,גרמים,500.00,100 גרם,false,,5.90,0.0118,true,1,1155642
7290000060828,false,פסטה אוסם קרניים בינ,זארה,IT,אסם פסטה קרניים בינוניות,גרמים,500.00,100 גרם,false,,5.90,0.0118,true,1,1155643
7290000060842,false,פסטה אוסם צדפים גדול,זארה,IT,אסם פסטה צדפים גדולים 500,גרמים,500.00,100 גרם,false,,5.90,0.0118,true,1,1155644
7290000060880,false,פסטה אסם ספגטי 500 ג,זארה,IT,אסם פסטה ספגטי 8 500 גרם,גרמים,500.00,100 גרם,false,,5.90,0.0118,true,1,1155647
7290000060903,false,פתיתים אפויים אורז.,אסם תעשיות,IL,אסם פתיתים אפויים אורז 50,גרמים,500.00,100 גרם,false,,7.90,0.0158,true,1,1155648
7290000060958,false,אטריות בינוניות 400,אסם תעשיות,IL,אסם אטריות בינוניות 400 ג,גרמים,400.00,100 גרם,false,,6.90,0.0173,true,1,1155649
7290000060965,false,אטריות רחבות 400 גרם,אסם תעשיות,IL,אסם אטריות רחבות 400 גרם,גרמים,400.00,100 גרם,false,,6.90,0.0173,true,1,1155650
7290000061061,false,קרקר בצל 250 גרם.,אסם תעשיות,IL,אסם קרקר בטעם בצל 250 גרם,גרמים,250.00,100 גרם,false,,9.90,0.0396,true,1,1155652
7290000061108,false,"רוטב טריאקי 290 מ""ל",אסם תעשיות,IL,"אסם רוטב טריאקי 290מ""ל",מיליליטרים,290.00,"100 מ""ל",false,,10.90,0.0376,true,1,1155654
7290000061245,false,עוגיות שוקוצ'יפס ממו,אסם תעשיות,IL,אסם עוגיות שוקוציפס ממולא,גרמים,220.00,100 גרם,false,,10.90,0.0495,true,1,1155656
7290000061450,false,פתיתים קוסקוס 3 צבעי,אסם תעשיות,IL,אסם פתיתים אפויים קוסקוס,גרמים,500.00,100 גרם,false,,7.90,0.0158,true,1,1155658
7290000061764,false,נס קפה רד מאג טעם חד,נסטלה,ES,נסקפה רד מאג 200 גרם,גרמים,200.00,100 גרם,false,,23.90,0.1195,true,1,1155659
7290000062129,false,אינסטנט פודינג בטעם,אסם תעשיות,IL,אסם פודינג אינסטנט בטעם ו,גרמים,1000.00,100 גרם,false,,27.90,0.0279,true,1,1155664
7290000062952,false,מיני קרוטונים למרק ו,עינת תעשיות מזון,IL,מיני קרוטונים מתובלים למר,גרמים,250.00,100 גרם,false,,13.90,0.0556,true,1,1155668
7290000063102,false,קמח תופח אוסם.,אסם תעשיות,IL,אסם קמח תופח לעוגות ולאפי,גרמים,350.00,100 גרם,false,,4.40,0.0126,true,1,1155671
7290000063133,false,שקדי מרק 100 גרם.,אסם תעשיות,IL,שקדי מרק אסם רכיבים טבעיי,גרמים,100.00,100 גרם,false,,4.40,0.0440,true,1,1155672
7290000063140,false,שקדי מרק 400 גרם.,אסם תעשיות,IL,שקדי מרק אסם רכיבים טבעיי,גרמים,400.00,100 גרם,false,,12.90,0.0323,true,1,1155673
7290000063157,false,קמח תופח אוסם.,אסם תעשיות,IL,אסם קמח תופח לעוגות ולאפי,קילוגרמים,1.00,"ק""ג",false,,9.90,9.9000,true,1,1155674
7290000064758,false,קוסקוס אמיתי 350 גרם,קוסקוס,IL,אסם קוסקוס בינוני 350 גרם,גרמים,350.00,100 גרם,false,,6.90,0.0197,true,1,1155689
7290000065090,false,מיני קרוטונים למרק ו,עינת תעשיות מזון,IL,מיני קרוטונים מתובלים למר,גרמים,400.00,100 גרם,false,,22.90,0.0572,true,1,1155691
7290000065540,false,מנה חמה פסטה מוקרמת.,אסם תעשיות,IL,מנה חמה פסטה מוקרמת בטעם,גרמים,55.00,100 גרם,false,,6.50,0.1182,true,1,1155694
7290000065557,false,מנה חמה קוסקוס עם יר,אסם תעשיות,IL,מנה חמה קוסקוס עם ירקות 8,גרמים,84.00,100 גרם,false,,6.50,0.0774,true,1,1155695
7290000065977,false,חטיפי פירכונים תירס,פרח תעשיות מזון,IL,אסם חטיפי פריכונים מתירס,גרמים,80.00,100 גרם,false,,6.90,0.0863,true,1,1155701
7290000066141,false,ביסלי גריל 70 גרם,אסם תעשיות,IL,ביסלי גריל 70 גרם,גרמים,70.00,100 גרם,false,,4.30,0.0614,true,1,1155703
7290000066196,false,ביסלי גריל 200 גרם.,אסם תעשיות,IL,ביסלי גריל 200 גרם,גרמים,200.00,100 גרם,false,,7.90,0.0395,true,1,1155708
7290000066264,false,"חטיף תפו""א בצורת דוב",אסם תעשיות,IL,חבורת דובונים  40 גרם,גרמים,40.00,100 גרם,false,,4.30,0.1075,true,1,1155712
7290000066295,false,במבה מתוקה תות 30 גר,אסם תעשיות,IL,במבה מתוקה 30 גרם,גרמים,30.00,100 גרם,false,,2.30,0.0767,true,1,1155713
7290000066318,false,במבה 80 גרם,אסם תעשיות,IL,במבה קלאסית 80 גרם,גרמים,80.00,100 גרם,false,,4.50,0.0563,true,1,1155714
7290000066332,false,אפרופו 50 גרם,אסם תעשיות,IL,אפרופו קלאסי  50 גרם,גרמים,50.00,100 גרם,false,,4.50,0.0900,true,1,1155715
7290000067599,false,מנה חמה ספגטי בולונז,אסם תעשיות,IL,מנה חמה ספגטי בולונז 65גר,גרמים,65.00,100 גרם,false,,6.50,0.1000,true,1,1155732
7290000068138,false,אינסטנט פודינג בטעם,אסם תעשיות,IL,אסם פודינג אינסטנט בטעם ו,גרמים,80.00,100 גרם,false,,5.50,0.0688,true,1,1155739
7290000068190,false,ג'לי תות שדה,אסם תעשיות,IL,אסם ג'לי מהיר הכנה בטעם ת,גרמים,90.00,100 גרם,false,,5.90,0.0656,true,1,1155743
7290000068206,false,ג'לי טעם משמש,אסם תעשיות,IL,אסם ג'לי מהיר הכנה בטעם מ,גרמים,85.00,100 גרם,false,,5.90,0.0694,true,1,1155744
7290000068237,false,ג'לי טעם פטל,אסם תעשיות,IL,אסם ג'לי מהיר הכנה בטעם פ,גרמים,85.00,100 גרם,false,,5.90,0.0694,true,1,1155745
7290000068251,false,ג'לי טעם אננס,אסם תעשיות,IL,אסם ג'לי מהיר הכנה בטעם א,גרמים,85.00,100 גרם,false,,5.90,0.0694,true,1,1155746
7290000068343,false,פריכונים מאורז מלא,פרח תעשיות מזון,IL,אסם פריכונים מאורז מלא 14,גרמים,140.00,100 גרם,false,,6.90,0.0493,true,1,1155749
7290000068701,false,שקדי מרק מיכל 400 גר,אסם תעשיות,IL,שקדי מרק אסם רכיבים טבעיי,גרמים,400.00,100 גרם,false,,14.90,0.0373,true,1,1155750
7290000068770,false,במבה גדול 80 גרם,אסם תעשיות,IL,במבה אריזת תינוק 80 גרם,גרמים,80.00,100 גרם,false,,4.50,0.0563,true,1,1155752
7290000068787,false,במבה 25 גרם,אסם תעשיות,IL,במבה אריזת תינוק 25 גרם,גרמים,25.00,100 גרם,false,,2.30,0.0920,true,1,1155753
7290000069258,false,פסטה פרפקטו 500 גרם.,זארה,IT,פרפקטו פנה ריגאטה 500 גרם,גרמים,500.00,100 גרם,false,,6.90,0.0138,true,1,1155760
7290000069364,false,פריכונים ללא מלח.,פרח תעשיות מזון,IL,אסם פריכונים עגול אורז דל,גרמים,140.00,100 גרם,false,,6.90,0.0493,true,1,1155765
7290000069609,false,חטיפי קרקר זעתר.,אסם תעשיות,IL,אסם חטיפי קרקר זעתר 300 ג,גרמים,300.00,100 גרם,false,,9.90,0.0330,true,1,1155769
7290000069715,false,חטיפי קרקר מלוח.,אסם תעשיות,IL,אסם חטיפי קרקר מלוח 300גר,גרמים,300.00,100 גרם,false,,9.90,0.0330,true,1,1155771
7290000070308,false,מרק עוף אמיתי,אסם תעשיות,IL,אסם מרק עוף אמיתי 400 גרם,גרמים,400.00,100 גרם,false,,19.90,0.0497,true,1,1155778
7290000070322,false,אבקת מרק פטריות 400,אסם תעשיות,IL,אסם מרק פטריות רכיבים טבע,גרמים,400.00,100 גרם,false,,25.90,0.0647,true,1,1155780
7290000070353,false,אבקת מרק בצל 400 גרם,אסם תעשיות,IL,אסם מרק בצל רכיבים טבעיים,גרמים,400.00,100 גרם,false,,25.90,0.0647,true,1,1155781
7290000070919,false,בייגלה רשתות מלח.,אסם תעשיות,IL,אסם בייגלה רשתות מלח 400,גרמים,400.00,100 גרם,false,,11.90,0.0298,true,1,1155791
7290000071008,false,בייגלה שטוחים עם מלח,אסם תעשיות,IL,אסם בייגלה שטוחים מלח 60,גרמים,60.00,100 גרם,false,,2.90,0.0483,true,1,1155792
7290000072067,false,במבה במילוי קרם חלבה,אסם תעשיות,IL,במבה במילוי קרם חלבה 60 ג,גרמים,60.00,100 גרם,false,,4.50,0.0750,true,1,1155797
7290000072241,false,"רוטב פיצה 290 מ""ל",אסם תעשיות,IL,"אסם רוטב פיצה 290מ""ל",מיליליטרים,290.00,"100 מ""ל",false,,10.90,0.0376,true,1,1155801
7290000072623,false,קטשופ אוסם,אסם תעשיות,IL,קטשופ אסם 750 גרם,גרמים,750.00,100 גרם,false,,12.90,0.0172,true,1,1155808
7290000072753,false,טסטרס צ'ויס רגיל 200,נסטלה,KR,נסקפה טייסטרס צ'ויס 200 ג,גרמים,200.00,100 גרם,false,,29.90,0.1495,true,1,1155813
7290000072760,false,טסטרס צ'ויס רגיל 100,נסטלה,KR,נסקפה טייסטרס צ'ויס 100 ג,גרמים,100.00,100 גרם,false,,26.90,0.2690,true,1,1155815
7290000072777,false,טסטרס צ'ויס נטול 200,נסטלה,KR,נסקפה טייסטרס צ'ויס נטול,גרמים,200.00,100 גרם,false,,44.90,0.2245,true,1,1155816
7290000072784,false,טסטרס צ'ויס נטול 100,נסטלה,KR,נסקפה טייסטרס צ'ויס נטול,גרמים,100.00,100 גרם,false,,29.90,0.2990,true,1,1155817
7290000072968,false,דגני בוקר סיני-מיני,נסטלה,PL,סיני מיניס דגני בוקר מחיט,גרמים,500.00,100 גרם,false,,24.90,0.0498,true,1,1155822
7290000073125,false,מנה חמה פסטה עם עגבנ,אסם תעשיות,IL,מנה חמה פסטה ברוטב עגבניו,גרמים,62.00,100 גרם,false,,6.50,0.1048,true,1,1155823
7290000073415,false,מנה חמה פסטה ברוטב פ,אסם תעשיות,IL,מנה חמה פסטה ברוטב פיצה 6,גרמים,61.00,100 גרם,false,,6.50,0.1066,true,1,1155824
7290000073699,false,חומוס 150 גרם,צבר,IL,צבר חומוס חלק 150 גרם,גרמים,150.00,100 גרם,false,,4.40,0.0293,true,1,1155826
7290000073750,false,מנה חמה נודלס אטריות,טאי רזידנט,TH,מנה חמה נודלס בטעם עוף 71,גרמים,71.00,100 גרם,false,,6.50,0.0915,true,1,1155827
7290000073767,false,מנה חמה נודלס אטריות,טאי רזידנט,TH,מנה חמה נודלס בטעם בקר 71,גרמים,71.00,100 גרם,false,,6.50,0.0915,true,1,1155828
7290000073774,false,מנה חמה נודלס אטריות,טאי רזידנט,TH,מנה חמה נודלס בטעם פיקנטי,גרמים,71.00,100 גרם,false,,6.50,0.0915,true,1,1155829
7290000074153,false,פתיבר שוקו 500 גרם.,אסם תעשיות,IL,אסם פתי בר שוקו 500גרם,גרמים,500.00,100 גרם,false,,11.90,0.0238,true,1,1155834
7290000074184,false,פתיבר וניל 500 גרם.,אסם תעשיות,IL,אסם פתי בר קלאסי  500 גרם,גרמים,500.00,100 גרם,false,,11.90,0.0238,true,1,1155836
7290000074245,false,קרם קרקר 250 גרם.,אסם תעשיות,IL,אסם קרם קרקר 250 גרם,גרמים,250.00,100 גרם,false,,7.90,0.0316,true,1,1155837
7290000074276,false,קרקר פיקנטי 250 גרם.,אסם תעשיות,IL,אסם קרקר פיקטני 250 גרם,גרמים,250.00,100 גרם,false,,8.90,0.0356,true,1,1155839
7290000074375,false,קרקר זהב 150 גרם.,אסם תעשיות,IL,אסם קרקר זהב 150 גרם,גרמים,150.00,100 גרם,false,,6.40,0.0427,true,1,1155843
7290000074481,false,לחמית אגוזים.,אסם תעשיות,IL,אסם לחמית אגוזים 160 גרם,גרמים,160.00,100 גרם,false,,9.90,0.0619,true,1,1155845
7290000074696,false,"קרם קרקר 1 ק""ג.",אסם תעשיות,IL,"אסם קרם קרקר 1 ק""ג",גרמים,1000.00,100 גרם,false,,25.90,0.0259,true,1,1155848
7290000074764,false,קרקר זהב 900 גרם.,אסם תעשיות,IL,אסם קרקר זהב 900 גרם,גרמים,900.00,100 גרם,false,,25.90,0.0288,true,1,1155852
7290000075204,false,לחמית חיטה מלאה.,אסם תעשיות,IL,אסם לחמית חיטה מלאה 250 ג,גרמים,250.00,100 גרם,false,,7.90,0.0316,true,1,1155857
7290000075693,false,עוגת שמרים בריוש שוק,אסם תעשיות,IL,אסם הבית עוגת שמרים בריוש,גרמים,360.00,100 גרם,false,,15.90,0.0442,true,1,1155859
7290000076126,false,בייגלה שמיניות קטנות,אסם תעשיות,IL,אסם בייגלה שמיניות מלח 80,גרמים,80.00,100 גרם,false,,2.90,0.0362,true,1,1155860
7290000076133,false,בייגלה שמיניות קטנות,אסם תעשיות,IL,אסם בייגלה שמיניות מלח 40,גרמים,400.00,100 גרם,false,,9.90,0.0248,true,1,1155861
7290000076645,false,טוסטעים חיטה מלאה.,ון-דר-מולן,NL,אסם טוסטעים חיטה מלאה 100,גרמים,100.00,100 גרם,false,,9.90,0.0990,true,1,1155866
7290000077253,false,לחמית כפרית.,אסם תעשיות,IL,לחמית כפרית 190 גרם,גרמים,190.00,100 גרם,false,,9.90,0.0521,true,1,1155868
7290000077925,false,טוסטעים צנימים עגולי,ון-דר-מולן,NL,אסם טוסטעים צנימים עגולים,גרמים,125.00,100 גרם,false,,9.90,0.0792,true,1,1155871
7290000078762,false,חטיפי פריכונים אורז,הרטו,BE,אסם חטיפי פריכונים אורז ו,גרמים,80.00,100 גרם,false,,6.90,0.0863,true,1,1155881
7290000079233,false,קרם קרקר ללא מלח.,אסם תעשיות,IL,אסם קרם קרקר דל נתרן 250,גרמים,250.00,100 גרם,false,,9.90,0.0396,true,1,1155884
7290000080765,false,טוסטעים שומשום.,ון-דר-מולן,NL,אסם טוסטעים עם שומשום 100,גרמים,100.00,100 גרם,false,,9.90,0.0990,true,1,1155893
7290000081663,false,בייגלה טבעות שומשום,אסם תעשיות,IL,אסם בייגלה טבעות שומשום 3,גרמים,300.00,100 גרם,false,,9.90,0.0330,true,1,1155895
7290000089188,false,יין פומפידיתא אדום מ,בנימינה Binyamina,IL,פומפידיתא יין אדום מתוק -,ליטרים,1.00,ליטר,false,,14.90,14.9000,true,1,1193696
7290000090078,false,פטינה רכה למריחה,,,פטינה רכה למריחה,קילוגרמים,1.00,"ק""ג",true,,28.00,28.0000,true,1,1997671
7290000100029,false,פתיתי כרובית סנפרוסט,,,פתיתי כרובית סנפרוסט,גרמים,800.00,100 גרם,false,,19.90,0.0249,true,1,1721621
7290000100050,false,פתיתי ברוקולי סנפרוס,,,פתיתי ברוקולי סנפרוס,גרמים,700.00,100 גרם,false,,17.90,0.0256,true,1,2130831
7290000100128,false,תות מוקפא 300 גרם סנ,,,תות מוקפא 300 גרם סנ,גרמים,300.00,100 גרם,false,,12.90,0.0430,true,1,1717878
7290000100135,false,דובדבן מוקפא 300 גרם,,,דובדבן מוקפא 300 גרם,גרמים,300.00,100 גרם,false,,12.90,0.0430,true,1,1717879
7290000100296,false,שייק תות בננה,,,שייק תות בננה,גרמים,300.00,100 גרם,false,,12.90,0.0430,true,1,1972640
7290000100302,false,פול ירוק קפוא קלוף 6,,,פול ירוק קפוא קלוף 6,גרמים,600.00,100 גרם,false,,23.90,0.0398,true,1,1895036
7290000100593,false,פרוסות אנטיפסטי לתנו,,,פרוסות אנטיפסטי לתנו,גרמים,600.00,100 גרם,false,,21.90,0.0365,true,1,2006418
7290000100609,false,קוביות אנטי פסטי להק,,,קוביות אנטי פסטי להק,גרמים,600.00,100 גרם,false,,21.90,0.0365,true,1,2006426
7290000101927,false,אוכמניות כחולות מוקפ,,,אוכמניות כחולות מוקפ,גרמים,300.00,100 גרם,false,,12.90,0.0430,true,1,1475535
7290000101934,false,מיקס פירות יער מוקפא,,,מיקס פירות יער מוקפא,גרמים,300.00,100 גרם,false,,12.90,0.0430,true,1,1475536
7290000101941,false,אננס מוקפא 300 ג סנפ,,,אננס מוקפא 300 ג סנפ,גרמים,300.00,100 גרם,false,,12.90,0.0430,true,1,1475537
7290000101958,false,מנגו מוקפא 300 ג סנפ,,,מנגו מוקפא 300 ג סנפ,גרמים,300.00,100 גרם,false,,12.90,0.0430,true,1,1475521
7290000103365,false,מרק ירקות סנפרוסט,סנפרוסט,IL,מרק ירקות  12 יח 550 גר,גרמים,550.00,100 גרם,false,,18.90,0.0344,true,1,1187345
7290000103433,false,לקט ירקות לתנור,,,לקט ירקות לתנור,גרמים,800.00,100 גרם,false,,22.90,0.0286,true,1,1318909
7290000103457,false,מיני כרובית סנפרוסט,,,מיני כרובית סנפרוסט,גרמים,600.00,100 גרם,false,,19.90,0.0332,true,1,1311394
7290000103471,false,מיני ברוקולי סנפרוסט,,,מיני ברוקולי סנפרוסט,גרמים,600.00,100 גרם,false,,19.90,0.0332,true,1,1311395
7290000103488,false,ארטישוק ירושלמי,,,ארטישוק ירושלמי,גרמים,400.00,100 גרם,false,,19.90,0.0497,true,1,1318911
7290000103815,false,לקט להקפצה בסגנון תא,סנפרוסט,IL,לקט להקפצה בסגנון תאילנדי,גרמים,800.00,100 גרם,false,,22.90,0.0286,true,1,1187354
7290000103839,false,מרק כתום סנפרוסט,סנפרוסט,IL,מרק כתום 12 יח' 570 גר,גרמים,570.00,100 גרם,false,,18.90,0.0332,true,1,1187356
7290000103846,false,מרק אפונה סנפרוסט,סנפרוסט,IL,מרק אפונה 12 יח 570 גר,גרמים,570.00,100 גרם,false,,18.90,0.0332,true,1,1187357
7290000103860,false,מרק עדשים סנפרוסט,סנפרוסט,IL,מרק עדשים 12 יח 570 גר,גרמים,570.00,100 גרם,false,,18.90,0.0332,true,1,1187359
7290000103877,false,מרק שעועית סנפרוסט,סנפרוסט,IL,מרק שעועית 12 יח 640 גר,גרמים,640.00,100 גרם,false,,18.90,0.0295,true,1,1187360
7290000104072,false,עדשים ירוקים מבושלים,סנפרוסט,IL,עדשים מוקפאים 14 יח 800 ג,גרמים,800.00,100 גרם,false,,19.90,0.0249,true,1,1187362
7290000104201,false,אפונה עדינה סנפרוסט,סנפרוסט,IL,אפונה עדינה 12 יח 600 ג,גרמים,600.00,100 גרם,false,,19.90,0.0332,true,1,1187365
7290000104225,false,בצל קצוץ סנפרוסט,סנפרוסט,IL,בצל קצוץ 14 יח 600 ג,גרמים,600.00,100 גרם,false,,16.90,0.0282,true,1,1187367
7290000104676,false,אפונת גינה סנפרוסט 8,סנפרוסט,IL,אפונה גינה 20 יח 800 ג,גרמים,800.00,100 גרם,false,,18.90,0.0236,true,1,1187369
7290000104683,false,שעועית ירוקה שלמה סנ,סנפרוסט,IL,שעועית ירוקה שלמה 16 יח 8,גרמים,800.00,100 גרם,false,,22.90,0.0286,true,1,1187370
7290000104690,false,תירס גרעינים סנפרוסט,סנפרוסט,IL,גרעיני תירס 20 יח 800 ג,גרמים,800.00,100 גרם,false,,19.90,0.0249,true,1,1187371
7290000104713,false,פול ירוק קפוא 800 גר,סנפרוסט,IL,פול ירוק 20 יח 800 ג,גרמים,800.00,100 גרם,false,,24.90,0.0311,true,1,1187373
7290000104720,false,שעועית ירוקה חתוכה ס,סנפרוסט,IL,שעועית ירוקה חתוכה 16 יח,גרמים,800.00,100 גרם,false,,19.90,0.0249,true,1,1187374
7290000104744,false,כרובית סנפרוסט,סנפרוסט,IL,כרובית 12 יח 800 ג,גרמים,800.00,100 גרם,false,,24.90,0.0311,true,1,1187376
7290000104751,false,כרוב ניצנים סנפרוסט,סנפרוסט,IL,כרוב ניצנים 16 יח 800 ג,גרמים,800.00,100 גרם,false,,24.90,0.0311,true,1,1187377
7290000104768,false,עלי תרד סנפרוסט,סנפרוסט,IL,עלי תרד  14 יח 800 ג,גרמים,800.00,100 גרם,false,,24.90,0.0311,true,1,1187378
7290000104775,false,תרד מדליון סנפרוסט,סנפרוסט,IL,מדליוני תרד 16 יח 800 ג,גרמים,800.00,100 גרם,false,,24.90,0.0311,true,1,1187379
7290000104799,false,שעועית לבנה מבושלת ס,סנפרוסט,IL,שעועית לבנה 16 יח 800 גר,גרמים,800.00,100 גרם,false,,19.90,0.0249,true,1,1187380
7290000104805,false,גרגירי חומוס מבושל ס,סנפרוסט,IL,גרגירי חומוס 14 יח 800 גר,גרמים,800.00,100 גרם,false,,19.90,0.0249,true,1,1187381
7290000104829,false,תירס קלחים סנפרוסט,סנפרוסט,IL,קלחוני תירס  16 יח 1 קג,גרמים,1000.00,100 גרם,false,,22.90,0.0229,true,1,1187382
7290000104836,false,שעועית עדינה שלמה יר,סנפרוסט,IL,שעועית עדינה שלמה  12 יח,גרמים,600.00,100 גרם,false,,22.90,0.0382,true,1,1187383
7290000104874,false,לקט לקוסקוס סנפרוסט,סנפרוסט,IL,לקט קוסקוס  12 יח 800 ג,גרמים,800.00,100 גרם,false,,22.90,0.0286,true,1,1187384
7290000104881,false,אפונה וגזר 800 גרם ס,סנפרוסט,IL,לקט אפונה וגזר 13 יח 800,גרמים,800.00,100 גרם,false,,19.90,0.0249,true,1,1187385
7290000104904,false,לקט ירקות סנפרוסט,סנפרוסט,IL,ירקות מעורבים 14 יח 800 ג,גרמים,800.00,100 גרם,false,,22.90,0.0286,true,1,1187386
7290000104911,false,לקט נורמנדי סנפרוסט,סנפרוסט,IL,לקט נורמנדי  12 יח 800 ג,גרמים,800.00,100 גרם,false,,22.90,0.0286,true,1,1187387
7290000106175,false,"לקט כפרי 2 ק""ג סנפרו",סנפרוסט,IL,לקט כפרי 6 יח  2 קג,גרמים,2000.00,100 גרם,false,,39.90,0.0199,true,1,1187388
7290000107189,false,תחתיות ארטישוק סנפרו,סנפרוסט,IL,תחתיות ארטישוק 12 יח 400,גרמים,400.00,100 גרם,false,,22.90,0.0572,true,1,1187390
7290000107295,false,ברוקולי סנפרוסט,סנפרוסט,IL,תפרחות ברוקולי 12 יח  800,גרמים,800.00,100 גרם,false,,24.90,0.0311,true,1,1187391
7290000107615,false,מנה אסיאתית צבעונית,,,מנה אסיאתית צבעונית,גרמים,800.00,100 גרם,false,,19.90,0.0249,true,1,1983288
7290000107622,false,פסטה וירקות א-לה איט,,,פסטה וירקות א-לה איט,גרמים,800.00,100 גרם,false,,19.90,0.0249,true,1,1983289
7290000110844,false,כיפלי גריל בדצ,יוניליוור,IL,כיפלי גריל בדצ 70גר,גרמים,70.00,100 גרם,false,,5.90,0.0843,true,1,1187750
7290000111063,false,מיונז תלמה 250 גרם,יוניליוור,IL,תלמה מיונז רגיל אמיתי 250,גרמים,250.00,100 גרם,false,,6.50,0.0260,true,1,1187752
7290000111186,false,מיונז תלמה 500 גרם,יוניליוור,IL,תלמה רגיל מיונז אמיתי 500,גרמים,500.00,100 גרם,false,,10.90,0.0218,true,1,1187755
7290000111360,false,חרדל תלמה 250 גרם,יוניליוור,IL,תלמה חרדל 250 גרם,גרמים,250.00,100 גרם,false,,6.50,0.0260,true,1,1187758
7290000111384,false,חרדל תלמה 550 גרם,יוניליוור,IL,תלמה חרדל 550 גרם,גרמים,550.00,100 גרם,false,,8.90,0.0162,true,1,1187759
7290000112220,false,טחינה בארכה 500 גרם,רושדי תעשיות מזון,IL,טחינה בארכה 100% שומשום ט,גרמים,500.00,100 גרם,false,,13.90,0.0278,true,1,1186189
7290000112237,false,טחינה בארכה גלמית 1,רושדי תעשיות מזון,IL,טחינה בארכה 100% שומשום ט,גרמים,1000.00,100 גרם,false,,24.90,0.0249,true,1,1186190
7290000112497,false,מרק קנור עוף ואטריות,יוניליוור,IL,מרקים רגיל אחר קנור עוף ע,גרמים,68.00,100 גרם,false,,9.90,0.1456,true,1,1187762
7290000112503,false,מרק קנור ירקות עשיר,יוניליוור,IL,מרקים רגיל אחר קנור עשיר,גרמים,61.00,100 גרם,false,,9.90,0.1623,true,1,1187763
7290000112619,false,מרק עוף אמיתי בשרי ק,יוניליוור,IL,קנור מרקי תיבול טעם עוף 4,גרמים,400.00,100 גרם,false,,19.90,0.0497,true,1,1187765
7290000114187,false,סיף פנטסטיק 4 ליטר א,יוניליוור,IL,סיף ניקוי כללי אורנים 4ל,ליטרים,4.00,ליטר,false,,19.90,4.9750,true,1,1187776
7290000116204,false,קנור דגש מרק עוף 1 ק,יוניליוור,IL,קנור בויון דגש 1 קג,קילוגרמים,1.00,"ק""ג",false,,14.90,14.9000,true,1,1187784
7290000116884,false,רוטב ברביקיו קנור 30,יוניליוור,IL,רוטב ברביקיו 350 גר,מיליליטרים,300.00,"100 מ""ל",false,,12.90,0.0430,true,1,1187785
7290000116921,false,רוטב צ'ילי מתוק 300,יוניליוור,IL,רוטב צ'ילי מתוק 380 גר,מיליליטרים,300.00,"100 מ""ל",false,,12.90,0.0430,true,1,1187786
7290000116945,false,רוטב סויה קנור 300 מ,יוניליוור,IL,קנור רוטב סויה בסגנון סינ,מיליליטרים,300.00,"100 מ""ל",false,,12.90,0.0430,true,1,1187787
7290000117171,false,נמס בכוס מרק טעם עוף,יוניליוור,IL,מרקי אינסטנט אחרים קנור ב,גרמים,48.00,100 גרם,false,,6.50,0.1354,true,1,1187790
7290000117720,false,נמס בכוס זוג פטריות,יוניליוור,IL,מרקי אינסטנט אחרים קנור פ,גרמים,43.00,100 גרם,false,,6.50,0.1512,true,1,1187794
7290000118277,false,קניידלך 65 גרם,יוניליוור,IL,קניידלך 130 גר,גרמים,130.00,100 גרם,false,,9.90,0.0762,true,1,1187798
7290000118352,false,תערובת לטקס,,,תערובת לטקס,גרמים,170.00,100 גרם,false,,14.90,0.0876,true,1,1187800
7290000121017,false,גבינת שומרון,נטו,IL,גבינת שומרון,גרמים,120.00,100 גרם,false,,9.90,0.0825,true,1,1177236
7290000121079,false,גבינת מון בלאן שמיר,נטו,IL,גבינת מון בלאן שמיר 120 ג,גרמים,120.00,100 גרם,false,,9.90,0.0825,true,1,1177239
7290000121093,false,גבינה מון בלאן שיווצ,נטו,IL,גבינה מון בלאן שיווצרית,גרמים,120.00,100 גרם,false,,9.90,0.0825,true,1,1177240
7290000121147,false,גבינת מון בלאן פיקנט,נטו,IL,גבינת מון בלאן פיקנטי 120,גרמים,120.00,100 גרם,false,,9.90,0.0825,true,1,1177242
7290000121154,false,גבינה מון-בלאן סלומו,נטו,IL,גבינה מון-בלאן סלומון 120,גרמים,120.00,100 גרם,false,,9.90,0.0825,true,1,1177243
7290000121239,false,מיוקל תלמה 5% שומן ל,יוניליוור,IL,תלמה מיונז מופחת שומן מיו,גרמים,500.00,100 גרם,false,,12.90,0.0258,true,1,1187808
7290000122830,false,רוטב סצ'ואן בקבוק 37,יוניליוור,IL,רוטב סצ'ואן 370 גר,גרמים,300.00,100 גרם,false,,12.90,0.0430,true,1,1187819
7290000129457,false,קנור אבקת רוטב פטריו,יוניליוור,IL,קנור קוק-IN-רטבים אבקת פט,גרמים,28.00,100 גרם,false,,4.90,0.1750,true,1,1187839
7290000129785,false,מרכך בדין ירוק 4 ליט,יוניליוור,IL,Badin Std Liquid Green 4L,ליטרים,4.00,ליטר,false,,19.90,4.9750,true,1,1187842
7290000131009,false,בצק פילו 500 גרם-שחף,,,בצק פילו 500 גרם-שחף,גרמים,500.00,100 גרם,false,,14.90,0.0298,true,1,1187644
7290000131023,false,"בצק עלים שחף 1 ק""ג.",,,"בצק עלים שחף 1 ק""ג.",קילוגרמים,1.00,"ק""ג",false,,12.90,12.9000,true,1,1187645
7290000131122,false,"בצק עלים שחף 1.5 ק""ג",,,"בצק עלים שחף 1.5 ק""ג",קילוגרמים,1.50,"ק""ג",false,,16.90,11.2667,true,1,1187646
7290000133904,false,מטהר אוויר דאו פרש,סנו,IL,דואו פרש פסיפלור.תפוז300,מיליליטרים,300.00,"100 מ""ל",false,,10.90,0.0363,true,1,1167225
7290000134147,false,מוסקט טחון,תבליני טעם וריח,IL,מיכל קטן מוסקט טחון 40גר',גרמים,40.00,100 גרם,false,,14.90,0.3725,true,1,1197204
7290000134307,false,קינמון טחון,תבליני טעם וריח,IL,שק.50 גר.קינמון טחון,גרמים,50.00,100 גרם,false,,4.90,0.0980,true,1,1197205
7290000134314,false,תיבול לפיצה,תבליני טעם וריח,IL,מיכל ת.לפיצה 120 גר',גרמים,120.00,100 גרם,false,,7.90,0.0658,true,1,1197206
7290000134338,false,שום אבקה,תבליני טעם וריח,IL,מיכל שום אבקה 90 גר',גרמים,90.00,100 גרם,false,,7.90,0.0878,true,1,1197207
7290000134376,false,פפריקה בשמן,תבליני טעם וריח,IL,מיכל פפריקה בשמן 90 גר,גרמים,90.00,100 גרם,false,,7.90,0.0878,true,1,1197209
7290000134673,false,זנגביל,תבליני טעם וריח,IL,מיכל קטן זנגויל 30גר',גרמים,30.00,100 גרם,false,,4.90,0.1633,true,1,1197216
7290000134758,false,"תיבול לתפו""א",תבליני טעם וריח,IL,"מיכל ת.תפו""א 100 גר'",גרמים,100.00,100 גרם,false,,7.90,0.0790,true,1,1197219
7290000134826,false,זעתר מעורב,תבליני טעם וריח,IL,מיכל זעתר 100 גרם,גרמים,100.00,100 גרם,false,,7.90,0.0790,true,1,1197222
7290000134833,false,כמון,תבליני טעם וריח,IL,מיכל כמון 100 גרם,גרמים,100.00,100 גרם,false,,7.90,0.0790,true,1,1197223
7290000134857,false,פפריקה מתוקה,תבליני טעם וריח,IL,מיכל פ.מתוקה 100 גר',גרמים,100.00,100 גרם,false,,7.90,0.0790,true,1,1197225
7290000134871,false,פלפל שחור טחון,תבליני טעם וריח,IL,מיכל פ.שחור טחון 100 גר',גרמים,100.00,100 גרם,false,,12.90,0.1290,true,1,1197227
7290000134970,false,חוויאג',תבליני טעם וריח,IL,מיכל חוואיג' 100 גרם,גרמים,100.00,100 גרם,false,,7.90,0.0790,true,1,1197230
7290000134987,false,פלפל שחור גרוס,תבליני טעם וריח,IL,מיכל פל.שחור גרוס 90גר,גרמים,90.00,100 גרם,false,,12.90,0.1433,true,1,1197231
7290000134994,false,טימין,תבליני טעם וריח,IL,מיכל קטן טימין 20גר',גרמים,20.00,100 גרם,false,,4.90,0.2450,true,1,1197232
7290000135045,false,משקה XL TENבפחית 250,,,משקה XL TENבפחית 250,מיליליטרים,250.00,"100 מ""ל",false,,4.30,0.0172,true,1,1903899
7290000135052,false,משקה XL TEN בפחית 25,,,משקה XL TEN בפחית 25,מיליליטרים,250.00,"100 מ""ל",false,,4.30,0.0172,true,1,1903900
7290000135113,false,"משקה XL בפחית 250 מ""",,,"משקה XL בפחית 250 מ""",מיליליטרים,250.00,"100 מ""ל",false,,4.30,0.0172,true,1,1993055
7290000135168,false,מארז שישיית מקס ליים,,,מארז שישיית מקס ליים,ליטרים,1.98,ליטר,false,,19.90,10.0505,true,1,2023423
7290000135175,false,פפסי קולה ליים 330 מ,,,פפסי קולה ליים 330 מ,מיליליטרים,330.00,"100 מ""ל",false,,3.50,0.0106,true,1,2013057
7290000135182,false,מארז פחיות סבן אפ פר,,,מארז פחיות סבן אפ פר,ליטרים,1.98,ליטר,false,,18.90,9.5455,true,1,2035925
7290000135465,false,"סודה 500 מ""ל מארז תר",,,"סודה 500 מ""ל מארז תר",ליטרים,6.00,ליטר,false,,25.90,4.3167,true,1,2066695
7290000135595,false,פפסי מקס בטעם דובדבן,,,פפסי מקס בטעם דובדבן,ליטרים,1.50,ליטר,false,,7.60,5.0667,true,1,2069654
7290000135632,false,רביעיית פחית גולדסטא,,,רביעיית פחית גולדסטא,מיליליטרים,500.00,"100 מ""ל",false,,34.90,0.0698,true,1,2079384
7290000135663,false,מארז שישיית פפסי דוב,,,מארז שישיית פפסי דוב,ליטרים,1.98,ליטר,false,,18.90,9.5455,true,1,2125308
7290000135670,false,פחית פפסי מקס דובדבן,,,פחית פפסי מקס דובדבן,מיליליטרים,330.00,"100 מ""ל",false,,3.50,0.0106,true,1,2135529
7290000136141,false,פפסי קולה 1.5 ליטר,,,פפסי קולה 1.5 ליטר,ליטרים,1.50,ליטר,false,,8.20,5.4667,true,1,2099817
7290000136158,false,פפסי מקס 1.5 ליטר,,,פפסי מקס 1.5 ליטר,ליטרים,1.50,ליטר,false,,7.60,5.0667,true,1,2099824
7290000136165,false,מירנדה 1.5 ליטר,,,מירנדה 1.5 ליטר,ליטרים,1.50,ליטר,false,,8.20,5.4667,true,1,2099804
7290000136172,false,סבן אפ 1.5 ליטר,,,סבן אפ 1.5 ליטר,ליטרים,1.50,ליטר,false,,8.20,5.4667,true,1,2099811
7290000136189,false,סבן אפ דיאט 1.5 ליטר,,,סבן אפ דיאט 1.5 ליטר,ליטרים,1.50,ליטר,false,,7.60,5.0667,true,1,2099795
7290000136240,false,סודה 1.5 ליטר,,,סודה 1.5 ליטר,ליטרים,1.50,ליטר,false,,3.20,2.1333,true,1,2099766
7290000136257,false,משקה פאנק טוניק 1.5,,,משקה פאנק טוניק 1.5,ליטרים,1.50,ליטר,false,,8.90,5.9333,true,1,2099659
7290000136288,false,סירופ בטעם תפוחים סי,,,סירופ בטעם תפוחים סי,מיליליטרים,330.00,"100 מ""ל",false,,15.90,0.0482,true,1,2125314
7290000136301,false,סירופ בטעם ענבים סיי,,,סירופ בטעם ענבים סיי,מיליליטרים,330.00,"100 מ""ל",false,,15.90,0.0482,true,1,2125316
7290000136431,false,ג'אמפ אפרסק צלול 1.5,,,ג'אמפ אפרסק צלול 1.5,ליטרים,1.50,ליטר,false,,7.50,5.0000,true,1,2099351
7290000136455,false,ג'אמפ אשכולית 1.5 לי,,,ג'אמפ אשכולית 1.5 לי,ליטרים,1.50,ליטר,false,,7.50,5.0000,true,1,2099660
7290000136516,false,ג'אמפ מנגו 1.5 ליטר,,,ג'אמפ מנגו 1.5 ליטר,ליטרים,1.50,ליטר,false,,7.50,5.0000,true,1,2099661
7290000136523,false,ג'אמפ ענבים 1.5 ליטר,,,ג'אמפ ענבים 1.5 ליטר,ליטרים,1.50,ליטר,false,,7.50,5.0000,true,1,2099747
7290000136561,false,ג'אמפ תות בננה 1.5 ל,,,ג'אמפ תות בננה 1.5 ל,ליטרים,1.50,ליטר,false,,7.50,5.0000,true,1,2099748
7290000136585,false,ג'אמפ תפוז 1.5 ליטר,,,ג'אמפ תפוז 1.5 ליטר,ליטרים,1.50,ליטר,false,,7.50,5.0000,true,1,2099662
7290000136608,false,ג'אמפ תפוח 1.5 ליטר,,,ג'אמפ תפוח 1.5 ליטר,ליטרים,1.50,ליטר,false,,7.50,5.0000,true,1,2099749
7290000136646,false,בירה נשר מאלט 1.5 לי,,,בירה נשר מאלט 1.5 לי,ליטרים,1.50,ליטר,false,,8.90,5.9333,true,1,2099652
7290000136653,false,בירה דיאט מאלט 1.5 ל,,,בירה דיאט מאלט 1.5 ל,ליטרים,1.50,ליטר,false,,8.90,5.9333,true,1,2099653
7290000136660,false,סודה רגיל 1.5 ליטר,,,סודה רגיל 1.5 ליטר,ליטרים,1.50,ליטר,false,,3.20,2.1333,true,1,2102549
7290000136691,false,7 UP שישייה 1.5 ליטר,,,7 UP שישייה 1.5 ליטר,ליטרים,9.00,ליטר,false,,42.90,4.7667,true,1,2099818
7290000136752,false,7 UP דיאט שישייה 1.5,,,7 UP דיאט שישייה 1.5,ליטרים,9.00,ליטר,false,,39.90,4.4333,true,1,2099797
7290000136769,false,פפסי קולה שישייה 1.5,,,פפסי קולה שישייה 1.5,ליטרים,9.00,ליטר,false,,41.90,4.6556,true,1,2099825
7290000136776,false,פפסי מקס שישייה 1.5,,,פפסי מקס שישייה 1.5,ליטרים,9.00,ליטר,false,,37.90,4.2111,true,1,2099831
7290000136783,false,מירנדה שישייה 1.5 לי,,,מירנדה שישייה 1.5 לי,ליטרים,9.00,ליטר,false,,42.90,4.7667,true,1,2099805
7290000136790,false,שישיית סודה טמפו 1.5,,,שישיית סודה טמפו 1.5,ליטרים,9.00,ליטר,false,,16.70,1.8556,true,1,2099772
7290000136844,false,שישייה מים אקווה נוב,,,שישייה מים אקווה נוב,ליטרים,12.00,ליטר,false,,11.70,0.9750,true,1,2101516
7290000136875,false,מים סאן בנדטו מוגז ש,,,מים סאן בנדטו מוגז ש,ליטרים,9.00,ליטר,false,,18.90,2.1000,true,1,2099755
7290000143217,false,שמפו הוואי,טרופיקל דגיל,IL,הוואי שמפו לשיער יבש 700,מיליליטרים,700.00,"100 מ""ל",false,,10.90,0.0156,true,1,1170456
7290000143255,false,שמפו הוואי,טרופיקל דגיל,IL,הוואי שמפו לשיער רגיל 700,מיליליטרים,700.00,"100 מ""ל",false,,10.90,0.0156,true,1,1170457
7290000143279,false,שמפו הוואי,טרופיקל דגיל,IL,הוואי שמפו נגד קשקשים 700,מיליליטרים,700.00,"100 מ""ל",false,,10.90,0.0156,true,1,1170459
7290000143286,false,מרכך הוואי רגיל,טרופיקל דגיל,IL,הוואי מרכך לשיער רגיל 700,מיליליטרים,700.00,"100 מ""ל",false,,10.90,0.0156,true,1,1170460
7290000144160,false,"שמן זית 750 מ""ל מודג",שמן תעשיות,IL,שמן זית כתית מעולה מודגש,מיליליטרים,750.00,"100 מ""ל",false,,32.90,0.0439,true,1,1184494
7290000144467,false,שמן חמניות מזוכך עץ,שמן תעשיות,IL,שמן חמניות בריאות מהטבע 1,ליטרים,1.00,ליטר,false,,15.90,15.9000,true,1,1184497
7290000144474,false,שמן קנולה מזוכך עץ ה,שמן תעשיות,IL,שמן קנולה בריאות מהטבע 1,ליטרים,1.00,ליטר,false,,14.90,14.9000,true,1,1184498
7290000146645,false,סבון מוצק הוואי מארז,טרופיקל דגיל,IL,הוואי סבון מוצק שחור 100,גרמים,400.00,100 גרם,false,,10.90,0.0273,true,1,1170469
7290000146652,false,סבון מוצק הוואי מארז,טרופיקל דגיל,IL,הוואי סבון מוצק ורוד 100,גרמים,400.00,100 גרם,false,,10.90,0.0273,true,1,1170470
7290000146669,false,סבון מוצק הוואי מארז,טרופיקל דגיל,IL,הוואי סבון מוצק כחול 100,גרמים,400.00,100 גרם,false,,10.90,0.0273,true,1,1170471
7290000146676,false,סבון מוצק הוואי מארז,טרופיקל דגיל,IL,הוואי סבון מוצק לגבר 100,גרמים,400.00,100 גרם,false,,10.90,0.0273,true,1,1170472
7290000146683,false,סבון מוצק הוואי מארז,טרופיקל דגיל,IL,הוואי סבון מוצק דאודורנט,גרמים,400.00,100 גרם,false,,10.90,0.0273,true,1,1170473
7290000146928,false,משחת שיניים טום ג'רי,טרופיקל דגיל,IL,טום&ג'רי משחת שיניים ענבי,מיליליטרים,50.00,"100 מ""ל",false,,7.90,0.1580,true,1,1170477
7290000146980,false,משחת שיניים פלואוריד,,,משחת שיניים פלואוריד,מיליליטרים,100.00,"100 מ""ל",false,,3.90,0.0390,true,1,1170478
7290000146997,false,משחת שיניים טום ג'רי,טרופיקל דגיל,IL,טום&ג'רי משחת שיניים מסטי,גרמים,50.00,100 גרם,false,,7.90,0.1580,true,1,1170479
7290000148489,false,גרעיני דלעת,,,גרעיני דלעת,גרמים,200.00,100 גרם,false,,9.90,0.0495,true,1,1173881
7290000148618,false,קשיו בשקית,,,קשיו בשקית,גרמים,200.00,100 גרם,false,,15.90,0.0795,true,1,1173882
7290000148748,false,גרעיני חמניה,,,גרעיני חמניה,גרמים,200.00,100 גרם,false,,5.90,0.0295,true,1,1173883
7290000148939,false,שקד קלוי בשקית,,,שקד קלוי בשקית,גרמים,200.00,100 גרם,false,,19.90,0.0995,true,1,1173884
7290000149349,false,שמפו לשיער ויטל 1 לי,,,שמפו לשיער ויטל 1 לי,ליטרים,1.00,ליטר,false,,11.90,11.9000,true,1,1190852
7290000149615,false,רביעיית סבון מוצק נק,גליל כימיכלים,IL,רבעיית סבון מוצק נקה 7 לת,גרמים,400.00,100 גרם,false,,9.90,0.0248,true,1,1190854
7290000149806,false,נקה 7 סופר נוזל לכלי,,,נקה 7 סופר נוזל לכלי,ליטרים,1.00,ליטר,false,,11.90,11.9000,true,1,1167226
7290000149844,false,נקה 7 סינטבון חתול,,,נקה 7 סינטבון חתול,גרמים,230.00,100 גרם,false,,6.90,0.0300,true,1,1167228
7290000149905,false,טקסטיל שמפו נקה 1 לי,סנו,IL,טקסטיל נוזל לכביסה 1ליטר,ליטרים,1.00,ליטר,false,,12.90,12.9000,true,1,1167231
7290000149943,false,שמפו בשקית נקה טקסטי,סנו,IL,טקסטיל שמפו בשקית 1 קג,קילוגרמים,1.00,"ק""ג",false,,12.90,12.9000,true,1,1167232
7290000150956,false,מקלוני קבנוס עוף טוב,עיצובים 2020 (4.9),,מקלוני קבנוס עוף טוב,גרמים,160.00,100 גרם,false,,10.90,0.0681,true,1,1408224
7290000152288,false,נקניקיות עוף טוב 400,עיצובים 2020 (4.9),,נקניקיות עוף טוב 400,גרמים,400.00,100 גרם,false,,11.90,0.0298,true,1,1363358
7290000158105,false,שניצל דינוזאור רכיבי,עיצובים 2020 (4.9),IL,עוף טוב שניצל עוף מיני די,גרמים,700.00,100 גרם,false,,35.90,0.0513,true,1,1155903
7290000159010,false,שניצל עוף מיני דובונ,עיצובים 2020 (4.9),IL,עוף טוב שניצל עוף מיני דו,גרמים,700.00,100 גרם,false,,35.90,0.0513,true,1,1155907
7290000166605,false,פנטסטיק סיף 4 ליטר נ,יוניליוור,IL,סיף ניקוי כללי יסמין 4ל,ליטרים,4.00,ליטר,false,,19.90,4.9750,true,1,1187968
7290000168173,false,קרנצ'ים 375גרם ללא ת,יוניליוור,IL,תלמה דגני מבוגרים קראנצ'י,גרמים,375.00,100 גרם,false,,22.90,0.0611,true,1,1188006
7290000169538,false,נמס בכוס ועוד 64 גרם,יוניליוור,IL,קנור נמס בכוס ועוד עגבניו,גרמים,64.00,100 גרם,false,,6.50,0.1016,true,1,1188045
7290000169798,false,עוגי מופחת סוכר 20%,יוניליוור,IL,עוגי 500גר,גרמים,500.00,100 גרם,false,,21.90,0.0438,true,1,1188050
7290000174723,false,שוקולית קופסא 500 גר,שטראוס,IL,שוקולית קופסא 500  / 12 ק,גרמים,500.00,100 גרם,false,,11.90,0.0238,true,1,1189293
7290000176062,false,קפה טורקי 100 גרם,שטראוס,RO,טורקי עלית ר 100 גרם,גרמים,100.00,100 גרם,false,,8.90,0.0890,true,1,1189296
7290000176079,false,קפה טורקי + הל 100 ג,שטראוס,IL,עלית טורקי עם הל 00/1שק'/,גרמים,100.00,100 גרם,false,,9.60,0.0960,true,1,1189297
7290000176413,false,קפה נמס עלית 50 גרם,שטראוס,IL,עלית נמס אבקתי 50 ג/1פח'/,גרמים,50.00,100 גרם,false,,8.90,0.1780,true,1,1189302
7290000176420,false,נס קפה 200 גרם,שטראוס,IL,כשלפ פחיות אבקתי,גרמים,200.00,100 גרם,false,,19.90,0.0995,true,1,1189303
7290000176468,false,קפה האג עלית,שטראוס,IL,כשלפ האג נמס אבקתי 50,גרמים,50.00,100 גרם,false,,11.90,0.2380,true,1,1189304
7290000176475,false,קפה האג גדול,שטראוס,IL,כשלפ האג נ.אבקתי 200ג-,גרמים,200.00,100 גרם,false,,34.90,0.1745,true,1,1189305
7290000178707,false,תפוצ'יפס 50 גרם טבעי,שטראוס,IL,תפוצ'יפס*50 בטעם טב/1שק'/,גרמים,50.00,100 גרם,false,,3.90,0.0780,true,1,1189927
7290000178721,false,תפוצ'יפס 200 גרם טבע,שטראוס,IL,תפוציפס*200*גר'/1שק'/200ג,גרמים,200.00,100 גרם,false,,9.90,0.0495,true,1,1189928
7290000186030,false,רביעיית מגבוני האגיס,,,רביעיית מגבוני האגיס,יח',224.00,יח',false,,29.90,0.1335,true,1,1852374
7290000188225,false,מארז שלישיית מגבוני,,,מארז שלישיית מגבוני,יחידה,0.00,יחידה,false,,10.90,0.0000,true,1,1982392
7290000188355,false,מגבת ניקול לבנה מארז,חוגלה קימברלי,IL,מגבת ניקול לבנה /6,מטרים,64.80,מטר,false,,12.90,0.1991,true,1,1171064
7290000189215,false,מטלית קסם לרצפה ניקו,U.F.O,CN,מטלית קסם רצפה בסט,יח',1.00,יח',false,,15.90,15.9000,true,1,1171076
7290000190068,false,מפיות ניקול,,,מפיות ניקול,יח',100.00,יח',false,,6.90,0.0690,true,1,1171103
7290000190198,false,מטלית לניקוי וחיטוי,על בד,IL,מ.לחות לניקוי וחיט,יח',50.00,יח',false,,10.90,0.2180,true,1,1171109
7290000192581,false,מגבת נייר ניקול  6=1,,,מגבת נייר ניקול  6=1,מטרים,129.70,מטר,false,,21.90,0.1689,true,1,2043294
7290000193540,false,מגני תחתון לשימוש יו,,,מגני תחתון לשימוש יו,יח',52.00,יח',false,,15.90,0.3058,true,1,1171141
7290000193656,false,תחבושות היגייניות סו,,,תחבושות היגייניות סו,יח',24.00,יח',false,,15.90,0.6625,true,1,1171144
7290000194172,false,מארז  מתוקים ללא תוס,,,מארז  מתוקים ללא תוס,גרמים,250.00,100 גרם,false,,14.90,0.0596,true,1,2074403
7290000194288,false,משטח החתלה,Ontex,BE,האגיס משטחי החתלה,יח',10.00,יח',false,,19.90,1.9900,true,1,1171147
7290000195537,false,מגבוני האגיס מארז 4,על בד,IL,מגבוני האגיס מארז,יח',256.00,יח',false,,22.90,0.0895,true,1,1171154
7290000197326,false,זוג נייר כסף ניקול,אופל,IL,רדיד אלומיניום 7.5,מטרים,15.00,מטר,false,,10.90,0.7267,true,1,1171171
7290000197432,false,זוג שקיות סנדויץ,אשפלסט תעשיות,IL,סנדויצ'ון זוגות מת,יח',2.00,יח',false,,13.90,6.9500,true,1,1171173
7290000197753,false,זוג ניילון נצמד,GTC,CN,ניקול ניילון נצמד,מטרים,60.00,מטר,false,,10.90,0.1817,true,1,1171178
7290000204147,false,כרית יפנית ניקול רבי,פלסטו פוליש (ברקן),IL,כרית יפנית,יח',4.00,יח',false,,11.90,2.9750,true,1,1171214
7290000204307,false,מטלית ניקול בגליל,נ.אורים,IL,"מטלית רב""ש בגליל 0",יח',40.00,יח',false,,20.90,0.5225,true,1,1171218
7290000204611,false,ספוגית ניקול מארז 6,U.F.O,US,ניקול ספוגית הקסם,יח',6.00,יח',false,,12.90,2.1500,true,1,1171219
7290000205526,false,נוזל רצפות פיסגה 2 ל,סנו,IL,פיסגה שטיפת רצפות 2 ליטר,ליטרים,2.00,ליטר,false,,10.90,5.4500,true,1,1167238
7290000207063,false,פריכוז עגבניות 240 ג,זנלכל,IL,רסק עגבניות פריכוז 260 ג,גרמים,240.00,100 גרם,false,,4.90,0.0204,true,1,1170377
7290000207162,false,רסק עגבניות 100 גרם,זנלכל,IL,רסק עגבניות 100 ג יכין,גרמים,100.00,100 גרם,false,,1.90,0.0190,true,1,1170380
7290000207438,false,עגבניות קוביות 850 ג,זנלכל,IL,עגבניות קוביות 800 ג יכין,גרמים,800.00,100 גרם,false,,9.90,0.0124,true,1,2042395
7290000208077,false,אפונה גדולה 2A,זנלכל,IL,אפונת גינה גדולה 550 ג יכ,גרמים,550.00,100 גרם,false,,7.90,0.0144,true,1,1170384
7290000208114,false,אפונה וגזר 2A,זנלכל,IL,אפונה וגזר 550 ג יכין,גרמים,550.00,100 גרם,false,,7.90,0.0144,true,1,1170386
7290000208145,false,תירס לייט,זנלכל,IL,תירס לייט 550 ג יכין,גרמים,550.00,100 גרם,false,,8.90,0.0162,true,1,1170389
7290000208244,false,בסיס לשקשוקה,זנלכל,IL,בסיס לשקשוקה,גרמים,570.00,100 גרם,false,,8.90,0.0156,true,1,1170394
7290000208329,false,תירס A2,זנלכל,IL,תירס מתוק 550 ג יכין,גרמים,550.00,100 גרם,false,,7.90,0.0144,true,1,1170398
7290000208336,false,רסק עגבניות 240 גרם,זנלכל,IL,רסק עגבניות 260 ג יכין,גרמים,240.00,100 גרם,false,,3.90,0.0162,true,1,1170399
7290000208459,false,לקט ירקות מעורבים,זנלכל,IL,ירקות מעורבים 550 ג יכין,גרמים,550.00,100 גרם,false,,8.90,0.0162,true,1,1170403
7290000208480,false,תירס בטעם חמאה,זנלכל,IL,תירס בטעם חמאה A/2,גרמים,550.00,100 גרם,false,,8.90,0.0162,true,1,1170404
7290000208534,false,תירס קיד,זנלכל,IL,תירס קיד 550 ג יכין,גרמים,550.00,100 גרם,false,,8.90,0.0162,true,1,1170405
7290000208855,false,רוטב פסטה 240 גרם,זנלכל,IL,רוטב פסטה 260 ג יכין,גרמים,240.00,100 גרם,false,,5.50,0.0229,true,1,1170407
7290000208930,false,עגבניות מרוסקות עם ש,זנלכל,IL,עגבניות מרוסקות שום 260 ג,גרמים,240.00,100 גרם,false,,5.50,0.0229,true,1,1170409
7290000208947,false,עגבניות מרוסקות 240,זנלכל,IL,עגבניות מרוסקות 260 ג יכי,גרמים,240.00,100 גרם,false,,5.50,0.0229,true,1,1170410
7290000209517,false,סירופ דיאט לימון 1 ל,זנלכל,IL,סירופ דיאט לימון 1 ליטר,ליטרים,1.00,ליטר,false,,16.90,16.9000,true,1,1170424
7290000209531,false,סירופ דיאט אשכוליות,זנלכל,IL,'סירופ דיאט אשכוליות 1 ל,ליטרים,1.00,ליטר,false,,16.90,16.9000,true,1,1170426
7290000209708,false,עגבניות מרוסקות עם ב,זנלכל,IL,עגבניות מרוסקות בזיליקום,גרמים,240.00,100 גרם,false,,5.50,0.0229,true,1,1170431
7290000209722,false,רסק עגבניות פריכוז 5,זנלכל,IL,פריכוז 580 ג יכין,גרמים,580.00,100 גרם,false,,9.90,0.0171,true,1,1170433
7290000209944,false,עגבניות לשקשוקה 240,זנלכל,IL,בסיס לשקשוקה 260 ג יכין,גרמים,240.00,100 גרם,false,,5.50,0.0229,true,1,1170436
7290000209951,false,רוטב פיצה 240 גרם,זנלכל,IL,רוטב עגבניות לפיצה 260 ג,גרמים,240.00,100 גרם,false,,5.50,0.0229,true,1,1170437
7290000209968,false,רוטב לזניה 240 גרם,זנלכל,IL,רוטב  עגבניות ללזניה 260,גרמים,240.00,100 גרם,false,,5.50,0.0229,true,1,1170438
7290000211169,false,אורז תאילנדי סוגת 1,,,אורז תאילנדי סוגת 1,קילוגרמים,1.00,"ק""ג",false,,6.90,6.9000,true,1,2075498
7290000211312,false,אורז מלא ארוך,סוגת תעשיות,IL,"אורז מלא 1 ק""ג",קילוגרמים,1.00,"ק""ג",false,,8.90,8.9000,true,1,1180652
7290000211442,false,"אורז פרסי 1 ק""ג סוגת",סוגת תעשיות,IL,"אורז פרסי 1 ק""ג",קילוגרמים,1.00,"ק""ג",false,,10.90,10.9000,true,1,1180655
7290000211503,false,"סוכר 1 ק""ג",סוגת תעשיות,IL,"סה""כ סוכר לבן 1 ק""ג",קילוגרמים,1.00,"ק""ג",false,,3.90,3.9000,true,1,1180656
7290000211626,false,"אורז חיש 1 ק""ג",סוגת תעשיות,IL,"אורש חיש 1 ק""ג",קילוגרמים,1.00,"ק""ג",false,,10.90,10.9000,true,1,1180657
7290000211985,false,"אורז עגול 1 ק""ג",סוגת תעשיות,IL,"אורז עגול 1 ק""ג",קילוגרמים,1.00,"ק""ג",false,,7.90,7.9000,true,1,1180658
7290000214115,false,מרק עוף בצנצנת ויטה,פרי הגליל,IL,מרק עוף צנצ . 400ויטה,גרמים,400.00,100 גרם,false,,9.90,0.0248,true,1,1193698
7290000218502,false,"חמין א-2 בד""צ.",פרי הגליל,IL,חמין א -2ויטה בדצ,גרמים,570.00,100 גרם,false,,8.90,0.0156,true,1,1193701
7290000238029,false,בצק עלים מעדנות.,מעדנות,IL,"בצק עלים מרודד 1 ק""ג מעדנ",קילוגרמים,1.00,"ק""ג",false,,19.90,19.9000,true,1,1187395
7290000238036,false,מלווח מעדנות.,מעדנות,IL,מלאווח 700גר מעדנות,גרמים,700.00,100 גרם,false,,16.90,0.0241,true,1,1187396
7290000238173,false,בורקס גבינה 800 גרם.,מעדנות,IL,בורקס גבינה מעדנות 800גר,גרמים,800.00,100 גרם,false,,22.90,0.0286,true,1,1187397
7290000238180,false,"בורקס תפו""א 800 גרם",מעדנות,IL,"בורקס תפו""א 800 גרם מעדנו",גרמים,800.00,100 גרם,false,,19.90,0.0249,true,1,1187398
7290000240541,false,ריבועי בצק עלים.,מעדנות,IL,ריבועי בצק עלים 800גר מעד,גרמים,800.00,100 גרם,false,,22.90,0.0286,true,1,1187400
7290000243566,false,שמן קנולה בריאות 750,שמן תעשיות,IL,שמן קנולה בריאות מהטבע 75,מיליליטרים,750.00,"100 מ""ל",false,,11.90,0.0159,true,1,1184500
7290000244143,false,קרם לאחר גילוח הוואי,טרופיקל דגיל,IL,הוואי קרם לאחר גילוח 120,גרמים,120.00,100 גרם,false,,19.90,0.1658,true,1,1170486
7290000244280,false,משחת גילוח,,,משחת גילוח,גרמים,80.00,100 גרם,false,,7.90,0.0988,true,1,1170489
7290000244631,false,קרם ידיים ענוגה גליצ,טרופיקל דגיל,IL,קרם ענוגה גליצרין 80 גר',מיליליטרים,80.00,"100 מ""ל",false,,7.90,0.0988,true,1,1170491
7290000245072,false,מרכך כביסה בייבי סוד,הנקל סוד,IL,מרכך כביסה סוד בייבי 4 לי,ליטרים,4.00,ליטר,false,,18.90,4.7250,true,1,1206163
7290000245157,false,מרכך כביסה סופט סוד,הנקל סוד,IL,מרכך כביסה סוד סנסיישן 4,ליטרים,4.00,ליטר,false,,18.90,4.7250,true,1,1206165
7290000245270,false,אבקת כביסה פרסיל שקי,הנקל סוד,IL,"אבקת כביסה פרסיל 1.25 ק""ג",קילוגרמים,1.25,"ק""ג",false,,15.90,12.7200,true,1,1206167
7290000245287,false,אבקת כביסה פרסיל קול,הנקל סוד,IL,"אבקת כביסה פרסיל 1.25 ק""ג",קילוגרמים,1.25,"ק""ג",false,,15.90,12.7200,true,1,1206168
7290000245294,false,אבקת כביסה פרסיל שקי,הנקל סוד,IL,אבקת כביסה פרסיל אקטיב 2.,קילוגרמים,2.50,"ק""ג",false,,28.90,11.5600,true,1,1206169
7290000245386,false,"משחה אמה 1 ק""ג לימון",,,"משחה אמה 1 ק""ג לימון",קילוגרמים,1.00,"ק""ג",false,,8.90,8.9000,true,1,1282345
7290000245478,false,אבקת כביסה סוד לתינו,הנקל סוד,IL,אבקת כביסה סוד בייבי 1.25,קילוגרמים,1.25,"ק""ג",false,,12.90,10.3200,true,1,1206173
7290000245508,false,אבקת כביסה סוד טוטל,הנקל סוד,IL,אבקת כביסה סוד שושן מרענן,קילוגרמים,1.25,"ק""ג",false,,12.90,10.3200,true,1,1206174
7290000245515,false,אבקת כביסה מילוי פרפ,הנקל סוד,IL,אבקת כביסה סוד לבנדר 1.25,קילוגרמים,1.25,"ק""ג",false,,12.90,10.3200,true,1,1206175
7290000245539,false,אבקת כביסה מילוי קול,הנקל סוד,IL,אבקת כביסה סוד קולור 1.25,קילוגרמים,1.25,"ק""ג",false,,12.90,10.3200,true,1,1206176
7290000245782,false,מרכך סופט סוד ורדי ה,הנקל סוד,IL,מרכך כביסה סוד ורוד 4 ליט,ליטרים,4.00,ליטר,false,,18.90,4.7250,true,1,1206181
7290000245799,false,מרכך סופט סוד פעמוני,הנקל סוד,IL,מרכך כביסה סוד כחול 4 ליט,ליטרים,4.00,ליטר,false,,18.90,4.7250,true,1,1206182
7290000253220,false,שוקולד צ'יפס 260 גרם,אופנהיימר,IL,אופנ.שוקוצ'יפס פרווה 300,גרמים,260.00,100 גרם,false,,12.90,0.0496,true,1,1166610
7290000253251,false,שוקולד צ'יפס לבן 300,אופנהיימר,IL,אופנ.שוקוצ'יפס לבן 300 גר,גרמים,250.00,100 גרם,false,,12.90,0.0516,true,1,1166611
7290000253374,false,מיני  שוקולד ציפס 25,,,מיני  שוקולד ציפס 25,גרמים,250.00,100 גרם,false,,14.90,0.0596,true,1,2083345
7290000253459,false,שוקולד צ'יפס בטעם קר,,,שוקולד צ'יפס בטעם קר,גרמים,260.00,100 גרם,false,,12.90,0.0496,true,1,2149126
7290000253503,false,מרציפן מצופה שוקולד,,,מרציפן מצופה שוקולד,גרמים,40.00,100 גרם,false,,3.90,0.0975,true,1,1909568
7290000254197,false,קפה אספרסו זהב 200 ג,שטראוס,IL,אספרסו זהב 200 גר/1שק'/20,גרמים,200.00,100 גרם,false,,24.90,0.1245,true,1,1189317
7290000267036,false,שקדים מולבנים 100 גר,דין שיווק,,שקדים מולבנים 100 גר,גרמים,100.00,100 גרם,false,,10.90,0.1090,true,1,1175130
7290000267500,false,קליפות הדר מצופות בש,שקדיה,,קליפות הדר מצופות בש,גרמים,200.00,100 גרם,false,,9.90,0.0495,true,1,1196870
7290000267548,false,אגוז מלך גרוסים 100ג,דין שיווק,,אגוז מלך גרוסים 100ג,גרמים,100.00,100 גרם,false,,9.90,0.0990,true,1,1175134
7290000267555,false,בוטנים טבעיים גרוסים,דין שיווק,,בוטנים טבעיים גרוסים,גרמים,100.00,100 גרם,false,,4.50,0.0450,true,1,1175135
7290000267586,false,חמניות קלופות 150 גר,דין שיווק,,חמניות קלופות 150 גר,גרמים,150.00,100 גרם,false,,4.90,0.0327,true,1,1175136
7290000267678,false,דלעת 150 גרם,דין שיווק,,דלעת 150 גרם,גרמים,150.00,100 גרם,false,,7.90,0.0527,true,1,1175137
7290000272467,false,סירופ פטל דיאט 1 ליט,בית השיטה,IL,עסיס סירופ דיאט בטעם פטל,ליטרים,1.00,ליטר,false,,16.90,16.9000,true,1,1155919
7290000272696,false,מיץ לימון משומר 1 לי,בית השיטה,IL,עסיס מיץ לימון משומר מרכז,ליטרים,1.00,ליטר,false,,9.90,9.9000,true,1,1155920
7290000272726,false,חומץ טבעי 5% ליטר,בית השיטה,IL,עסיס חומץ 5%  1 ליטר,ליטרים,1.00,ליטר,false,,6.90,6.9000,true,1,1155921
7290000286228,false,ספוגיות לניקוי כלים,סדובסקי,IL,סנו סושי 6 כריות יפניות,יח',6.00,יח',false,,11.90,1.9833,true,1,1167239
7290000286297,false,מסיר אבנית מהקומקום,סנו,IL,סנו אנטיקאלק מסיר אבן700,מיליליטרים,700.00,"100 מ""ל",false,,14.90,0.0213,true,1,1167240
7290000286471,false,ג'ל לניקוי ידיים סנו,,,ג'ל לניקוי ידיים סנו,מיליליטרים,29.00,"100 מ""ל",false,,9.90,0.3414,true,1,1989752
7290000286488,false,ספוג רחצה כיף פיראט,קוסמופארם,IL,ספוג כיף פיראט 1 יחידה,יח',1.00,יח',false,,5.90,5.9000,true,1,1167242
7290000286495,false,ספוג רחצה בייבי כיף,קוסמופארם,IL,ספוג בייבי כיף,יחידה,0.00,יחידה,false,,5.90,0.0000,true,1,1167243
7290000286501,false,ספוג רחצה כיף מסאז,קוסמופארם,IL,ספוג כיף מסאז' 1 יחידה,יח',1.00,יח',false,,7.90,7.9000,true,1,1167244
7290000286525,false,ספוג רחצה כיף פרינה,קוסמופארם,IL,ספוג כיף רחצה פרינה 1 יח,יח',1.00,יח',false,,7.90,7.9000,true,1,1167245
7290000286549,false,מטליות סנו סושי 9 יח,נועם אורים תעשיות,IL,'מטליות רב שימוש 9 יח,יח',9.00,יח',false,,12.90,1.4333,true,1,1167246
7290000286594,false,סנו X חול לניקוי,סנו,IL,לימון 600 גרם X-סנו,גרמים,600.00,100 גרם,false,,9.90,0.0165,true,1,1167248
7290000286631,false,שקית מילוי לניקוי סנ,סנו,IL,לימון שק.מילוי600ג X סנו,גרמים,600.00,100 גרם,false,,6.90,0.0115,true,1,1167249
7290000286761,false,זוג ניילון נצמד סנו,FV.HK,CN,ניילון נצמד 2*30 מטר,יח',2.00,יח',false,,11.90,5.9500,true,1,1167251
7290000286877,false,סנו רב לניקוי מתכת,סנו,IL,"סנו רב מתכת 300 מ""ל",מיליליטרים,300.00,"100 מ""ל",false,,24.90,0.0830,true,1,1167252
7290000286891,false,לרצפות סנו מגן קריסט,סנו,IL,סנו מגן קריסטל לרצפות1לי,ליטרים,1.00,ליטר,false,,23.90,23.9000,true,1,1167253
7290000286907,false,סנו מסיר כתמים באירו,סנו,IL,"סנו מסיר כתמים 170 מ""ל",גרמים,125.00,100 גרם,false,,22.90,0.1832,true,1,1167254
7290000286921,false,סנו קל רסס וכבס 750,סנו,IL,"סנוקל רסס וכבס 750 מ""ל",מיליליטרים,750.00,"100 מ""ל",false,,8.90,0.0119,true,1,1167256
7290000286945,false,מרסס סנו ריהוט נוזל,סנו,IL,"סנו רהיט מרסס 500 מ""ל",מיליליטרים,500.00,"100 מ""ל",false,,22.90,0.0458,true,1,1167257
7290000287102,false,סנו שמפו לשטיחים,סנו,IL,סנו שמפו לשטיחים 540 גרם,מיליליטרים,600.00,"100 מ""ל",false,,22.90,0.0382,true,1,1167260
7290000287195,false,סנו רהיט ספריי אירוס,סנו,IL,סנורהיט מבריק רהיטים305ג,מיליליטרים,300.00,"100 מ""ל",false,,14.90,0.0497,true,1,1167261
7290000287355,false,לרצפות סופר פוליש 1,סנו,IL,סנו סופר פוליש לרצפות 1ל,ליטרים,1.00,ליטר,false,,27.90,27.9000,true,1,1167263
7290000287409,false,שלישיה סנובון לאסלה,סנו,IL,55 גרם X'סנובון תות 3יח,גרמים,165.00,100 גרם,false,,9.90,0.0600,true,1,1167265
7290000287430,false,שלישיה סנובון לאסלה,סנו,IL,'סנובון לימון לאסלה 3 יח,גרמים,165.00,100 גרם,false,,9.90,0.0600,true,1,1167266
7290000287485,false,שלישיה סנובון לאסלה,סנו,IL,55גרם X'סנובון לובר 3יח,גרמים,165.00,100 גרם,false,,9.90,0.0600,true,1,1167267
7290000287607,false,לאסלות סנו בלו גדול,סנו,IL,סנו בלו סבון למיכל האסלה,גרמים,150.00,100 גרם,false,,19.90,0.1327,true,1,1167270
7290000287621,false,מנקה אסלות אנטי קאלק,סנו,IL,סנו אנטי קאלק לאסלות750מ,מיליליטרים,750.00,"100 מ""ל",false,,11.90,0.0159,true,1,1167271
7290000288017,false,ז'אוול אקונומיקה 1 ל,סנו,IL,סנו ג'אוול לימון 1 ליטר,ליטרים,1.00,ליטר,false,,7.90,7.9000,true,1,1167279
7290000288024,false,אקונומיקה סנו ז'אוול,סנו,IL,סנו ג'אוול לימון 4 ליטר,ליטרים,4.00,ליטר,false,,16.90,4.2250,true,1,1167280
7290000288079,false,ז'אוול אקונומיקה 2 ל,סנו,IL,סנו ג'אוול לימון 2 ליטר,ליטרים,2.00,ליטר,false,,13.90,6.9500,true,1,1167283
7290000288086,false,אבקת ניקוי ז'אוול,סנו,IL,ג'אוול אב.ניקוי לימון600,גרמים,600.00,100 גרם,false,,10.90,0.0182,true,1,1167284
7290000288109,false,אבקת כביסה מקסימה 1.,סנו,IL,אבקת מקסימה ג'אבל 1.25קג,קילוגרמים,1.25,"ק""ג",false,,9.90,7.9200,true,1,1167285
7290000288291,false,סנומט קוטל חרקים 30,זובאלה,IT,סנומט קוטל יתוש/זבוב30טב,יח',30.00,יח',false,,9.90,0.3300,true,1,1167288
7290000288352,false,K300 קוטל חרקים 630,סנו,IL,300 קוטל חרק./זוחל630מ-K,מיליליטרים,630.00,"100 מ""ל",false,,19.90,0.0316,true,1,1167291
7290000288390,false,קוטל חרקים K600,סנו,IL,600 יבש קוטל חרקים500מ-K,מיליליטרים,450.00,"100 מ""ל",false,,22.90,0.0509,true,1,1167293
7290000288413,false,סנו די נגד יתושים,קוסמופארם,IL,"סנו די כדורי 50 מ""ל",גרמים,50.00,100 גרם,false,,19.90,0.3980,true,1,1167294
7290000288529,false,משחה לכלים בדלי סנו,סנו,IL,מש.כלים סנוסאן לימון3.5ק,קילוגרמים,3.50,"ק""ג",false,,28.90,8.2571,true,1,1167297
7290000288727,false,אבקת כביסה מקסימה 1.,סנו,IL,א.כביסה מקסימה מאסק1.25ק,קילוגרמים,1.25,"ק""ג",false,,9.90,7.9200,true,1,1167299
7290000288840,false,מים מזוקקים למגהץ ול,סנו,IL,סנו מים מזוקקים 2 ליטר,ליטרים,2.00,ליטר,false,,12.90,6.4500,true,1,1167300
7290000289052,false,פוליויקס מנקה ומבריק,סנו,IL,פוליויקס סחלבים 4 ליטר,ליטרים,4.00,ליטר,false,,42.90,10.7250,true,1,1167303
7290000289069,false,תרסיס סנו ז'אוול קצף,סנו,IL,סנו ג'אוול מרסס לימון 1ל,ליטרים,1.00,ליטר,false,,19.90,19.9000,true,1,1167304
7290000289380,false,ז'אוול ג'ל לניקוי אס,סנו,IL,מונבלאן750 WC ג'אוול ג'ל,מיליליטרים,750.00,"100 מ""ל",false,,9.90,0.0132,true,1,1167310
7290000289472,false,שקיות אשפה 90*76 50,אשפלסט תעשיות,IL,50 שק.אשפה מתכלות 76*90ס,יח',50.00,יח',false,,19.90,0.3980,true,1,1167312
7290000289595,false,משחת שיניים אורביטול,טרופיקל דגיל,IL,אורביטול קיד תות 145 גרם,גרמים,145.00,100 גרם,false,,8.90,0.0614,true,1,1167315
7290000289601,false,ז'אוול אקונומיקה 2 ל,סנו,IL,סנו ג'אוול לבנדר 2 ליטר,ליטרים,2.00,ליטר,false,,13.90,6.9500,true,1,1167316
7290000289892,false,מטהר אויר סנופרש יבש,סנו,IL,סנו פרש מאונטן טורקיז375,מיליליטרים,375.00,"100 מ""ל",false,,9.90,0.0264,true,1,1167320
7290000291857,false,פוליויקס לרצפות 2 לי,סנו,IL,פוליויקס סנרייז 2 ליטר,ליטרים,2.00,ליטר,false,,24.90,12.4500,true,1,1167324
7290000291932,false,סנובון נוזלי לאסלות,סנו,IL,סנובון נוזלי לבנדר 750מל,מיליליטרים,750.00,"100 מ""ל",false,,9.90,0.0132,true,1,1167326
7290000291956,false,ז'אוול אקונומיקה 1 ל,,,ז'אוול אקונומיקה 1 ל,ליטרים,1.00,ליטר,false,,7.90,7.9000,true,1,1167327
7290000291963,false,ז'אוול אקונומיקה 1 ל,סנו,IL,אקונומיקה ג'אוול סמיכה1ל,ליטרים,1.00,ליטר,false,,7.90,7.9000,true,1,1167328
7290000292137,false,מנקה עור נוזלי,סנו,IL,"סנו לניקוי עור 500 מ""ל",מיליליטרים,500.00,"100 מ""ל",false,,29.90,0.0598,true,1,1167329
7290000292311,false,פוליויקס לרצפות 2 לי,סנו,IL,פוליויקס סחלבים 2 ליטר,ליטרים,2.00,ליטר,false,,24.90,12.4500,true,1,1167331
7290000292434,false,מליוי לסנו רהיט,סנו,IL,שקית מילוי סנו רהיט 500מ,מיליליטרים,500.00,"100 מ""ל",false,,12.90,0.0258,true,1,1167332
7290000292533,false,ג'ל לניקוי כללי אורנ,,,ג'ל לניקוי כללי אורנ,ליטרים,1.00,ליטר,false,,16.90,16.9000,true,1,1167334
7290000292557,false,מילוי סנומט קוטל חרק,זובאלה,IT,סנומט נוזלי45לילות-מילוי,מיליליטרים,35.00,"100 מ""ל",false,,19.90,0.5686,true,1,1167336
7290000292564,false,K-2000 קוטל חרקים,סנו,IL,"2000 אינסקטל 750 מ""ל-K",מיליליטרים,750.00,"100 מ""ל",false,,29.90,0.0399,true,1,1167337
7290000292687,false,שלישייה סנובון לאסלה,סנו,IL,55גX3 סנובון כחול שלישיה,גרמים,165.00,100 גרם,false,,19.90,0.1206,true,1,1167341
7290000292694,false,מגן קריסטל לרצפות,סנו,IL,'מגן קריסטל לרצפה סנו 2ל,ליטרים,2.00,ליטר,false,,44.90,22.4500,true,1,1167342
7290000292915,false,סנו רסס נגב מרסס,סנו,IL,"סנו רסס ונגב מרסס 750מ""ל",מיליליטרים,750.00,"100 מ""ל",false,,8.90,0.0119,true,1,1167343
7290000292939,false,סנו לאסלה אקוה בלו,סנו,IL,אקווה בלו למיכל אסלה100ג,גרמים,100.00,100 גרם,false,,12.90,0.1290,true,1,1167344
7290000293516,false,סנו סופג לחות,סנו,IL,סנו סופג לחות במיכל 340ג,יח',1.00,יח',false,,27.90,27.9000,true,1,1167346
7290000293530,false,סופג לחות ומונע עובש,סנו,IL,סנו סופג לחות ש.מילוי340,מיליליטרים,340.00,"100 מ""ל",false,,14.90,0.0438,true,1,1167347
7290000293561,false,סנו מסיר עובש,סנו,IL,"סנו מסיר עובש 750 מ""ל",מיליליטרים,750.00,"100 מ""ל",false,,15.90,0.0212,true,1,1167348
7290000293820,false,קרמה מן ג'ל רחצה אקט,,,קרמה מן ג'ל רחצה אקט,מיליליטרים,700.00,"100 מ""ל",false,,18.90,0.0270,true,1,1691253
7290000293837,false,דאודורנט ג'ל קרמה מן,,,דאודורנט ג'ל קרמה מן,מיליליטרים,70.00,"100 מ""ל",false,,14.90,0.2129,true,1,1691254
7290000293943,false,מסיר אבנית וחלודה אנ,סנו,IL,'סנו אנטי קאלק מרסס 1 ל,ליטרים,1.00,ליטר,false,,18.90,18.9000,true,1,1167350
7290000294575,false,רב מגבת סנו סושי,סנו,IL,רב מגבת סנו סושי 63 דפים,יח',63.00,יח',false,,12.90,0.2048,true,1,1167355
7290000294773,false,אקונומיקה סנו ז'אוול,סנו,IL,סנו ג'אוול לבנדר 4 ליטר,ליטרים,4.00,ליטר,false,,16.90,4.2250,true,1,1167356
7290000294780,false,אקונומיקה סנו ז'אוול,סנו,IL,סנו ג'אול אקונומ.סמיכה4ל,ליטרים,4.00,ליטר,false,,16.90,4.2250,true,1,1167357
7290000295121,false,מטליות רצפה זיגזג של,עופרטקס,IL,מטליות זיגזג 3 יחידות,יח',3.00,יח',false,,13.90,4.6333,true,1,1167359
7290000295299,false,כריות הפלא 4 יח' סנו,סדובסקי,IL,כריות הפלא 4 יח סנו סושי,יח',4.00,יח',false,,12.90,3.2250,true,1,1167360
7290000295336,false,אבקת כביסה מקסימה סנ,סנו,IL,אבקת מקסימה סנסטיב 1.25ק,קילוגרמים,1.25,"ק""ג",false,,9.90,7.9200,true,1,1167362
7290000295343,false,אבקת כביסה מקסימה 1.,סנו,IL,"אבקת מקסימה ביו 1.25 ק""ג",קילוגרמים,1.25,"ק""ג",false,,9.90,7.9200,true,1,1167363
7290000295367,false,אבקת כביסה מקסימה 2.,סנו,IL,אבקת מקסימה ג'אוול 2.5קג,קילוגרמים,2.50,"ק""ג",false,,22.90,9.1600,true,1,1167364
7290000295404,false,סושי שקיות אשפה 65*5,אשפלסט תעשיות,IL,שקיות אשפה 60יחידות,יח',60.00,יח',false,,22.90,0.3817,true,1,1167365
7290000295503,false,שקיות מזון מתכלות מא,אשפלסט תעשיות,IL,שקיות אוכל 2*150 יחידות,יח',300.00,יח',false,,14.90,0.0497,true,1,1167367
7290000295541,false,רב מגבת ג'מבו סנו סו,סנו,IL,סנו סושי 75רב מגבת ג'מבו,יח',75.00,יח',false,,17.90,0.2387,true,1,1167368
7290000295558,false,זוג רדיד אלומיניום ע,בורסה פזרי,TR,2רדידי אלומיניום7.5*0.3מ,מטרים,15.00,מטר,false,,11.90,0.7933,true,1,1167369
7290000295565,false,זוג רדיד אלומיניום 7,בורסה פזרי,TR,7.5Xצמד רדיד אלומניום45ס,מטרים,15.00,מטר,false,,16.90,1.1267,true,1,1167370
7290000295572,false,זוג מנקה אסלות 00,סנו,IL,"מנקה אסלות ""00"" 2*750מל",ליטרים,1.50,ליטר,false,,18.90,12.6000,true,1,1167371
7290000295749,false,ספוג רחצה כיף מסאז',קוסמופארם,IL,ספוג כיף סאקי מסאז' 1 יח,יח',1.00,יח',false,,7.90,7.9000,true,1,1167373
7290000295794,false,ספוגית מתכת רב שימוש,,,ספוגית מתכת רב שימוש,יח',3.00,יח',false,,9.90,3.3000,true,1,1167374
7290000295817,false,סושי פלסטיק נצמד,FV.HK,CN,ניילון נצמד סנו סושי300מ,מטרים,300.00,מטר,false,,39.90,0.1330,true,1,1167375
7290000295824,false,רדידי אלומיניום סנו,,IL,100מXסושי אלומ.חסכונ0.3,מטרים,100.00,מטר,false,,55.90,0.5590,true,1,1167376
7290000299877,false,קרם לכפות רגליים,,,קרם לכפות רגליים,מיליליטרים,90.00,"100 מ""ל",false,,22.90,0.2544,true,1,1198281
7290000299907,false,דאודורנט רול און,"ד""ר פישר Dr fischer",IL,פינק דאו רול און 100 - חד,גרמים,100.00,100 גרם,false,,15.90,0.1590,true,1,1198282
7290000300900,false,שניצל תירס.,עיצובים 2020 (4.8),IL,טבעול שניצל תירס מרכיבים,גרמים,750.00,100 גרם,false,,29.90,0.0399,true,1,1155928
7290000303581,false,פול מצרי A2 פרי הגלי,פרי הגליל,IL,פול מצרי א -2פג,גרמים,560.00,100 גרם,false,,6.50,0.0116,true,1,1193733
7290000303598,false,שעועית אפויה ברוטב פ,פרי הגליל,IL,שע .ברוטב א -2אגודה,גרמים,580.00,100 גרם,false,,6.50,0.0112,true,1,1193734
7290000303604,false,חומוס גרגרים פרי הגל,פרי הגליל,IL,חומוס א -2אגודה פג,גרמים,550.00,100 גרם,false,,6.50,0.0118,true,1,1193735
7290000305882,false,סלט דגים אס 120 גרם,סטארקיסט,,סלט דגים אס 120 גרם,גרמים,120.00,100 גרם,false,,5.90,0.0492,true,1,1157239
7290000307015,false,אפונת גינה פרי הגליל,פרי הגליל,IL,אפונה א -2פג,גרמים,550.00,100 גרם,false,,6.90,0.0125,true,1,1193736
7290000307046,false,אפונת גינה עם גזר פר,פרי הגליל,IL,אפונה וגזר א -2פג,גרמים,550.00,100 גרם,false,,6.90,0.0125,true,1,1193737
7290000307220,false,גרעיני תירס פרי הגלי,פרי הגליל,IL,תירס 12אונק פג,גרמים,340.00,100 גרם,false,,4.90,0.0144,true,1,1193738
7290000307237,false,גרעיני תירס A-2 פרי,פרי הגליל,IL,תירס א -2פג,גרמים,550.00,100 גרם,false,,6.90,0.0125,true,1,1193739
7290000307343,false,שעועית ירוקה פרי הגל,פרי הגליל,IL,שע ירוקה א -2פג,גרמים,550.00,100 גרם,false,,6.90,0.0125,true,1,1193744
7290000307800,false,פול ירוק פרי הגליל,פרי הגליל,IL,פול 800פג,גרמים,800.00,100 גרם,false,,19.90,0.0249,true,1,1193745
7290000307985,false,תירס ללא מלח בוואקום,פרי הגליל,IL,תירס 12אונק ל מלח פג,גרמים,340.00,100 גרם,false,,4.90,0.0144,true,1,1193746
7290000308951,false,רביולי גבינה אחלה 40,שטראוס,IL,רביולי גבינה 400 חדש,גרמים,400.00,100 גרם,false,,18.90,0.0472,true,1,1188647
7290000311203,false,וופל מן 200 גרם.,רוקחמן,IL,ופלים 200 גר' שוקו,גרמים,200.00,100 גרם,false,,4.30,0.0215,true,1,1184012
7290000311210,false,וופל מן 200 גר.,רוקחמן,IL,ופלים 200 גר' לימון,גרמים,200.00,100 גרם,false,,4.30,0.0215,true,1,1184013
7290000311227,false,וופל מן 200 גרם.,רוקחמן,IL,ופלים 200 גר' קפה,גרמים,200.00,100 גרם,false,,4.30,0.0215,true,1,1184014
7290000311234,false,וופלים בטעם וניל.,רוקחמן,IL,ופלים 200 גר' וניל,גרמים,200.00,100 גרם,false,,4.30,0.0215,true,1,1184015
7290000311272,false,וופל חלבה.,רוקחמן,IL,ופל חלבה 180 גר',גרמים,180.00,100 גרם,false,,4.30,0.0239,true,1,1184017
7290000311432,false,עוגיות גרנולה בטעם ק,,,עוגיות גרנולה בטעם ק,גרמים,200.00,100 גרם,false,,8.90,0.0445,true,1,2080511
7290000311869,false,וופלים ללא תוספת סוכ,,,וופלים ללא תוספת סוכ,גרמים,180.00,100 גרם,false,,7.90,0.0439,true,1,1281055
7290000311876,false,וופלים ללא תוספת סוכ,,,וופלים ללא תוספת סוכ,גרמים,180.00,100 גרם,false,,7.90,0.0439,true,1,1281056
7290000311883,false,עוגיות גרנולה ללא תו,,,עוגיות גרנולה ללא תו,גרמים,200.00,100 גרם,false,,8.90,0.0445,true,1,1281057
7290000311890,false,וופלים ללא תוספת סוכ,,,וופלים ללא תוספת סוכ,גרמים,180.00,100 גרם,false,,7.90,0.0439,true,1,2043357
7290000313160,false,עוגיות בטעם שוקולד ז,אסם תעשיות,IL,אסם עוגיות שוקולד זהבה וש,גרמים,250.00,100 גרם,false,,7.90,0.0316,true,1,1155935
7290000313184,false,עוגיות גן חיות בטעם,אסם תעשיות,IL,אסם עוגיות גן חיות וניל 2,גרמים,250.00,100 גרם,false,,7.90,0.0316,true,1,1155936
7290000315126,false,קנור ציר עוף משחתי 3,יוניליוור,IL,קנור בויון עוף 300 גרם,גרמים,300.00,100 גרם,false,,24.90,0.0830,true,1,1188056
7290000315133,false,קנור ציר בקר משחתי 3,יוניליוור,IL,קנור בויון בקר 300 גרם,גרמים,300.00,100 גרם,false,,24.90,0.0830,true,1,1188057
7290000318011,false,נקניקיות ענקניקיה 1,,,נקניקיות ענקניקיה 1,גרמים,1000.00,100 גרם,false,,19.90,0.0199,true,1,1249329
7290000318479,false,נקניק פרושטו בקר,מעדני יחיעם,IL,פרושוטו בקר 100גרם,גרמים,100.00,100 גרם,false,,24.90,0.2490,true,1,1189848
7290000318677,false,נקניק סרוולד,מעדני יחיעם,IL,סרוולד 150,גרמים,150.00,100 גרם,false,,22.90,0.1527,true,1,1189853
7290000319063,false,כתף בקר מפולפל,,,כתף בקר מפולפל,גרמים,150.00,100 גרם,false,,22.90,0.1527,true,1,1732929
7290000319292,false,נקניקיות וניר פלוס 1,,,נקניקיות וניר פלוס 1,גרמים,1000.00,100 גרם,false,,19.90,0.0199,true,1,1249340
7290000319520,false,נקניק צרפתי,מעדני יחיעם,IL,צרפתי 100גרם- H,גרמים,100.00,100 גרם,false,,16.90,0.1690,true,1,1189879
7290000319803,false,קבנוס קלאסי 125 גרם,,,קבנוס קלאסי 125 גרם,גרמים,125.00,100 גרם,false,,12.90,0.1032,true,1,1249361
7290000319834,false,קבנוס פפרוני 125 גרם,,,קבנוס פפרוני 125 גרם,גרמים,125.00,100 גרם,false,,12.90,0.1032,true,1,1249362
7290000334684,false,טבעות בצל 700 גרם,עיצובים 2020 (4.5),IL,תפוגן טבעות בצל 700 גרם,גרמים,700.00,100 גרם,false,,14.90,0.0213,true,1,1155947
7290000336282,false,"סיידר צלול 330 מ""ל",,,"סיידר צלול 330 מ""ל",מיליליטרים,330.00,"100 מ""ל",false,,7.50,0.0227,true,1,1171593
7290000339191,false,"רן הלבנה 0.35 ק""ג",זהר דליה,IL,בדין אבקה מסוג אבקה רגילה,גרמים,350.00,100 גרם,false,,15.90,0.0454,true,1,1188088
7290000341071,false,בייבי בדין 2 ליטר,יוניליוור,IL,Badin Std Liquid Baby 2L,ליטרים,2.00,ליטר,false,,18.90,9.4500,true,1,1188094
7290000345048,false,תה עלים 74,ויסוצקי,IL,תה 74,גרמים,125.00,100 גרם,false,,11.90,0.0952,true,1,1186195
7290000345055,false,תה ארל גריי,ויסוצקי,IL,ארל גריי,גרמים,100.00,100 גרם,false,,12.90,0.1290,true,1,1186196
7290000345116,false,תה סיני-ויסוצקי,ויסוצקי,IL,תה ירוק,גרמים,125.00,100 גרם,false,,12.90,0.1032,true,1,1186197
7290000345208,false,תה קלאסי ויסוצקי 25,ויסוצקי,IL,תה ויסוצקי קלאסי  25/1,גרמים,25.00,100 גרם,false,,5.90,0.2360,true,1,1186199
7290000345215,false,תה קלאסי ויסוצקי 100,ויסוצקי,IL,תה ויסוצקי קלאסי  100/1,גרמים,100.00,100 גרם,false,,19.90,0.1990,true,1,1186200
7290000345260,false,תה ויסוצקי קלאסיק,ויסוצקי,IL,תה ויסוצקי קלאסי 25/1.5,גרמים,37.50,100 גרם,false,,5.90,0.1573,true,1,1186201
7290000345284,false,תה ויסוצקי 100 שקיות,ויסוצקי,IL,תה ויסוצקי קלאסי  100/1.5,גרמים,150.00,100 גרם,false,,19.90,0.1327,true,1,1186203
7290000345291,false,תה ארל גריי 25 שקיק,ויסוצקי,IL,ארל גריי  25,גרמים,37.50,100 גרם,false,,13.90,0.3707,true,1,1186204
7290000345307,false,תה ארל גריי,ויסוצקי,IL,ארל גריי  50,גרמים,75.00,100 גרם,false,,24.90,0.3320,true,1,1186205
7290000345536,false,תה נענע 25 שקיקים,ויסוצקי,IL,תה נענע,גרמים,42.50,100 גרם,false,,15.90,0.3741,true,1,1186206
7290000346120,false,תה חליטת צמחים קסם ה,ויסוצקי,IL,חליטת קסם הקינמון,גרמים,62.50,100 גרם,false,,16.90,0.2704,true,1,1186212
7290000346137,false,תה חליטת צמחים הילול,ויסוצקי,IL,חליטת הילולי פירות,גרמים,62.50,100 גרם,false,,16.90,0.2704,true,1,1186213
7290000346144,false,תה חליטת צמחים עינוג,ויסוצקי,IL,חליטת עינוגי תפוח,גרמים,67.50,100 גרם,false,,16.90,0.2504,true,1,1186214
7290000346199,false,תה חליטת צמחים פירות,ויסוצקי,IL,חליטת פירות יער,גרמים,67.50,100 גרם,false,,16.90,0.2504,true,1,1186217
7290000346205,false,תה צמחים קמומיל 25 ש,ויסוצקי,IL,חליטת קמומיל,גרמים,37.50,100 גרם,false,,16.90,0.4507,true,1,1186218
7290000346212,false,תה צמחים מנטה 25 שקי,ויסוצקי,IL,חליטת מנטה,גרמים,50.00,100 גרם,false,,16.90,0.3380,true,1,1186219
7290000346236,false,תה צמחים לואיזה הגן,ויסוצקי,IL,חליטת לואיזה,גרמים,50.00,100 גרם,false,,16.90,0.3380,true,1,1186221
7290000346960,false,תה נענע,ויסוצקי,IL,תה נענע,גרמים,85.00,100 גרם,false,,27.90,0.3282,true,1,1186223
7290000347738,false,תה ירוק נענע,ויסוצקי,IL,תה ירוק נענע,גרמים,37.50,100 גרם,false,,22.90,0.6107,true,1,1186226
7290000347752,false,תה ירוק לימונית לואי,ויסוצקי,IL,תה ירוק לימונית ולואיזה,גרמים,37.50,100 גרם,false,,22.90,0.6107,true,1,1186228
7290000355382,false,עגבניות מרוסקות עם ב,מילוז(1989),IL,עגב.מרוסקות בזיל. א- 2.5ט,גרמים,800.00,100 גרם,false,,6.90,0.0086,true,1,1193752
7290000355405,false,עגבניות מרוסקות + בצ,מילוז(1989),IL,עגב.מרוסקות בצל א- 2.5טל,גרמים,800.00,100 גרם,false,,6.90,0.0086,true,1,1193754
7290000355412,false,עגבניות מרוסקות + שו,מילוז(1989),IL,עגב.מרוסקות שום א- 2.5טל,גרמים,800.00,100 גרם,false,,6.90,0.0086,true,1,1193755
7290000355481,false,רוטב עגבניות 570 גרם,מילוז(1989),IL,רוטב עגב. א- BX22 2טומטו,גרמים,570.00,100 גרם,false,,4.90,0.0086,true,1,1193756
7290000355498,false,רכז עגבניות טומטו,מילוז(1989),IL,רוטב עגב. א- BX28 2טומטו,גרמים,580.00,100 גרם,false,,5.90,0.0102,true,1,1193757
7290000355757,false,עגבניות מרוסקות טל,מילוז(1989),IL,עגב.מרוסקות א- 2.5טל,גרמים,800.00,100 גרם,false,,6.90,0.0086,true,1,1193762
7290000363363,false,קבנוס מיוחד 160 גרם,טירת צבי,IL,קבנוס מיוחד 160 גרם טירת,גרמים,160.00,100 גרם,false,,12.90,0.0806,true,1,1187410
7290000363899,false,נקניקיות פיקנטיות 40,טירת צבי,IL,נקניקיות פיקנטיות 400 גרם,גרמים,400.00,100 גרם,false,,10.90,0.0273,true,1,1187414
7290000364261,false,נקניק כתף בקר דק-דק,טירת צבי,IL,סלסולי כתף בקר 120גר' טיר,גרמים,120.00,100 גרם,false,,12.90,0.1075,true,1,1187417
7290000364278,false,נקניק סלמי איטלקי דק,טירת צבי,IL,סלסולי סלמי איטלקי משובח,גרמים,120.00,100 גרם,false,,12.90,0.1075,true,1,1187418
7290000364285,false,פסטרמה הודו דק-דק,טירת צבי,IL,סלסולי פסטרמה הודו  120גר,גרמים,120.00,100 גרם,false,,12.90,0.1075,true,1,1187419
7290000364803,false,נקניקיות בסגנון אמרי,טירת צבי,IL,נקניקיות בקר בסגנון  אמרי,גרמים,500.00,100 גרם,false,,24.90,0.0498,true,1,1187425
7290000364858,false,"נקניקיות עוף 1 ק""ג",טירת צבי,IL,טירת צבי נקניקיות עוף טרי,קילוגרמים,1.00,"ק""ג",false,,32.90,32.9000,true,1,1187427
7290000364872,false,נקניקיות עוף 400 גרם,טירת צבי,IL,נקניקיות עוף 400 גרם טירת,גרמים,400.00,100 גרם,false,,14.90,0.0373,true,1,1187428
7290000364957,false,נקניקיות מיני מיני ע,טירת צבי,IL,נקניקיות מיני מיני עוף 70,גרמים,700.00,100 גרם,false,,24.90,0.0356,true,1,1187429
7290000365817,false,המבורגר 500 גרם,טירת צבי,IL,המבורגר 500 גרם,גרמים,500.00,100 גרם,false,,19.90,0.0398,true,1,1187440
7290000367590,false,נקניק כפרי 400 + 400,טירת צבי,IL,צמד כפרי 800 גרם טירת צבי,גרמים,800.00,100 גרם,false,,34.90,0.0436,true,1,1187451
7290000369297,false,מעדן גבינת שמנת מתוב,,,מעדן גבינת שמנת מתוב,קילוגרמים,1.00,"ק""ג",true,,45.90,45.9000,true,1,2082799
7290000369341,false,לבנה אבו גוש,,,לבנה אבו גוש,קילוגרמים,1.00,"ק""ג",true,,50.00,50.0000,true,1,1984829
7290000369365,false,מעדן חציל וגבינה בול,,,מעדן חציל וגבינה בול,גרמים,200.00,100 גרם,false,,12.90,0.0645,true,1,1975321
7290000369617,false,כדורי פטה 150 גרם,,,כדורי פטה 150 גרם,גרמים,150.00,100 גרם,false,,16.90,0.1127,true,1,1975328
7290000369709,false,ממרח חמאה 100 גרם,,,ממרח חמאה 100 גרם,גרמים,100.00,100 גרם,false,,12.90,0.1290,true,1,1975322
7290000377452,false,גרעיני אבטיח,,,גרעיני אבטיח,גרמים,200.00,100 גרם,false,,13.90,0.0695,true,1,1173887
7290000408316,false,יוגורט דנונה שטראוס,שטראוס,IL,"דנונה ביו טבעי 3%, 200 גר",גרמים,200.00,100 גרם,false,,3.30,0.0165,true,1,1188649
7290000408354,false,דנונה בר דגנים מצופי,שטראוס,IL,בר פיצפוצים בודד – מקט הח,גרמים,173.00,100 גרם,false,,4.50,0.0260,true,1,1188650
7290000412481,false,מנקה 00 לאסלות 1 ליט,סנו,IL,"מנקה אסלות ""00"" 1 ליטר",ליטרים,1.00,ליטר,false,,8.90,8.9000,true,1,1167381
7290000416021,false,ממרח השחר 500 גרם,השחר העולה,IL,קרם מובחר למריחה השחר 500,גרמים,500.00,100 גרם,false,,13.90,0.0278,true,1,1167204
7290000416045,false,"ממרח השחר 1 ק""ג",השחר העולה,IL,קרם מובחר למריחה השחר 1 ק,גרמים,1000.00,100 גרם,false,,24.90,0.0249,true,1,1167205
7290000416076,false,צימקאו-שוקולד לבישול,השחר העולה,IL,צימקאו שוקולד לבישול השחר,גרמים,400.00,100 גרם,false,,12.90,0.0323,true,1,1167206
7290000416618,false,ממרח השחר 400 גרם,השחר העולה,IL,קרם מובחר למריחה בדץ השחר,גרמים,400.00,100 גרם,false,,11.90,0.0298,true,1,1167211
7290000416632,false,"ממרח השחר 1 ק""ג פרוו",השחר העולה,IL,קרם מובחר למריחה פרווה הש,גרמים,1000.00,100 גרם,false,,24.90,0.0249,true,1,1167212
7290000416809,false,קרם למריחה וממרח חלב,,,קרם למריחה וממרח חלב,גרמים,350.00,100 גרם,false,,11.90,0.0340,true,1,1589535
7290000416854,false,קקאו 150 גר השחר העו,השחר העולה,IL,קקאו השחר 150 גרם,גרמים,150.00,100 גרם,false,,8.90,0.0593,true,1,1167214
7290000419107,false,קפה לנדוור 100 גרם,קפה לנדוור,IL,לנדוור קפה שחור המקורי 10,גרמים,100.00,100 גרם,false,,7.90,0.0790,true,1,1155956
7290000419114,false,קפה לנדוור 200 גרם,קפה לנדוור,IL,לנדוור קפה שחור המקורי 20,גרמים,200.00,100 גרם,false,,14.90,0.0745,true,1,1155957
7290000419220,false,מארז קפה לנדוור 3*10,קפה לנדוור,IL,לנדוור קפה שחור המקורי 10,גרמים,300.00,100 גרם,false,,19.90,0.0663,true,1,1155958
7290000419374,false,מארז קפה לנדוור 3*10,קפה לנדוור,IL,לנדוור קפה שחור לבוקר 100,גרמים,300.00,100 גרם,false,,19.90,0.0663,true,1,1155959
7290000419893,false,קפה לנדוור טורקי טחו,קפה לנדוור,IL,לנדוור קפה שחור לבוקר 100,גרמים,100.00,100 גרם,false,,7.90,0.0790,true,1,1155960
7290000419909,false,קפה לנדוור אספרסו טח,קפה לנדוור,IL,לנדוור קפה שחור בטעם אספר,גרמים,100.00,100 גרם,false,,7.90,0.0790,true,1,1155961
7290000420325,false,פופקורן פופסטאר טבעי,Preston farms,US,פופסטאר טבעי 5יח',גרמים,500.00,100 גרם,false,,12.90,0.0258,true,1,1199548
7290000420332,false,פופקורן פופסטאר חמאה,Preston farms,US,פופסטאר חמאה 5יח',גרמים,500.00,100 גרם,false,,12.90,0.0258,true,1,1199549
7290000442013,false,סבון נוזלי פמינה אינ,כצט,IL,"פמינה יאנג 220 מ""ל",מיליליטרים,220.00,"100 מ""ל",false,,19.90,0.0905,true,1,1192913
7290000442044,false,סבון נוזלי פמינה מוע,כצט,IL,פמינה חמוציות,מיליליטרים,220.00,"100 מ""ל",false,,24.90,0.1132,true,1,1192914
7290000442280,false,אקילן קרם שפשפת,כצט,IL,אקילן כתום למניעת שפשפת,מיליליטרים,60.00,"100 מ""ל",false,,16.90,0.2817,true,1,1192916
7290000442310,false,משחה לתינוק בייביסקי,כצט,IL,בייביסקין קרם שפורפרת,מיליליטרים,100.00,"100 מ""ל",false,,9.90,0.0990,true,1,1192917
7290000442587,false,קרם רב שימושי גינקו,כצט,IL,"גינקו רב שימושי 250 מ""ל",מיליליטרים,220.00,"100 מ""ל",false,,22.90,0.1041,true,1,1192918
7290000446110,false,פריכיות עם מלח 100 ג,בטר אנד דיפרנט B&D,IL,פריכיות עם מלח  100 גרם,גרמים,100.00,100 גרם,false,,4.90,0.0490,true,1,1194612
7290000446127,false,פריכיות ללא מלח 100,בטר אנד דיפרנט B&D,IL,פריכיות ללא מלח  100 גרם,גרמים,100.00,100 גרם,false,,4.90,0.0490,true,1,1194613
7290000446547,false,חמאת בוטנים טבעית 35,בטר אנד דיפרנט B&D,IL,חמאת בוטנים טבעית  350 גר,גרמים,350.00,100 גרם,false,,12.90,0.0369,true,1,1194623
7290000446554,false,חמאת בוטנים טבעית 1,בטר אנד דיפרנט B&D,IL,"חמאת בוטנים טבעית 1 ק""ג",גרמים,1000.00,100 גרם,false,,24.90,0.0249,true,1,1194624
7290000446806,false,דייסת דגנים מעורבים,בטר אנד דיפרנט B&D,IL,דייסת דגנים מעורבים 200 ג,גרמים,200.00,100 גרם,false,,9.90,0.0495,true,1,1194627
7290000449128,false,פנטסטיק סיף ניקוי כל,יוניליוור,IL,סיף שמפו לרצפות GPC 4 ליט,ליטרים,4.00,ליטר,false,,19.90,4.9750,true,1,1188098
7290000450209,false,טונה פוסידון,פוסידון,IL,טונה פוסידון,גרמים,77.00,100 גרם,false,,4.90,0.0636,true,1,1177245
7290000450308,false,טונה במים פוסידון 10,פוסידון,IL,טונה במים פוסידון 108 ג',גרמים,108.00,100 גרם,false,,4.90,0.0454,true,1,1177246
7290000453019,false,שמרית שקית 50 גרם,פאקא תעשיות,IL,שמרית (שקית),גרמים,50.00,100 גרם,false,,4.20,0.0840,true,1,1188651
7290000453125,false,שמרית + משפר אפיה 10,פאקא תעשיות,IL,שמרית + משפר לאפיה ביתית,גרמים,100.00,100 גרם,false,,7.40,0.0740,true,1,1188652
7290000453385,false,שמרים יבשים פאקא אינ,,,שמרים יבשים פאקא אינ,גרמים,500.00,100 גרם,false,,11.90,0.0238,true,1,1288036
7290000453408,false,בצק פיצה דק מוכן לאפ,,,בצק פיצה דק מוכן לאפ,גרמים,415.00,100 גרם,false,,14.90,0.0359,true,1,1986369
7290000453415,false,בצק עלים מוכן לאפיה,,,בצק עלים מוכן לאפיה,גרמים,300.00,100 גרם,false,,14.90,0.0497,true,1,1986362
7290000453422,false,בצק פילו מוכן לאפיה,,,בצק פילו מוכן לאפיה,גרמים,300.00,100 גרם,false,,14.90,0.0497,true,1,1986363
7290000453484,false,בצק קדאיף 350 גרם,,,בצק קדאיף 350 גרם,גרמים,350.00,100 גרם,false,,14.90,0.0426,true,1,2124100
7290000453781,false,שמרים יבשים שמרית,,,שמרים יבשים שמרית,גרמים,125.00,100 גרם,false,,5.90,0.0472,true,1,1791345
7290000453798,false,שמרים אקטיבים לעוגות,,,שמרים אקטיבים לעוגות,גרמים,500.00,100 גרם,false,,14.90,0.0298,true,1,1297192
7290000453866,false,תחליף מרגרינה נטורינ,,,תחליף מרגרינה נטורינ,גרמים,200.00,100 גרם,false,,6.90,0.0345,true,1,1574777
7290000453897,false,מרגרינה בטעם חמאה לא,,,מרגרינה בטעם חמאה לא,גרמים,200.00,100 גרם,false,,5.90,0.0295,true,1,1297913
7290000461625,false,בייגלה שמונה שמונה 4,יוניליוור,IL,בייגל בייגל בייגלה מלח 40,גרמים,400.00,100 גרם,false,,9.90,0.0248,true,1,1188101
7290000461656,false,בייגלה אחד אחד 400 ג,יוניליוור,IL,אחד אחד 400גר,גרמים,400.00,100 גרם,false,,9.90,0.0248,true,1,1188103
7290000461700,false,בייגלה גדול גדול 400,יוניליוור,IL,גדול גדול 400גר,גרמים,400.00,100 גרם,false,,12.90,0.0323,true,1,1188104
7290000461724,false,בייגלה שומשום 400 גר,יוניליוור,IL,בייגלה גדול שומשום 400גר,גרמים,400.00,100 גרם,false,,12.90,0.0323,true,1,1188105
7290000461793,false,בייגלה מקלות ארוך 15,יוניליוור,IL,ארוך ארוך 150גר,גרמים,150.00,100 גרם,false,,5.90,0.0393,true,1,1188107
7290000462103,false,סחוג אדום 150 גרם,זהבי הכרם,IL,זחוק תימני אדום חריף עדין,גרמים,150.00,100 גרם,false,,7.90,0.0527,true,1,1188653
7290000462141,false,סחוג אדום חריף מאד 1,זהבי הכרם,IL,זחוק תימני אדום חריף מאוד,גרמים,150.00,100 גרם,false,,7.90,0.0527,true,1,1188654
7290000462172,false,סחוג ירוק 140 גרם,זהבי הכרם,IL,זחוק תימני ירוק חריף 150,גרמים,140.00,100 גרם,false,,7.90,0.0564,true,1,1188655
7290000462981,false,סחוג חריף אש 150 גרם,,,סחוג חריף אש 150 גרם,גרמים,150.00,100 גרם,false,,7.90,0.0527,true,1,2020021
7290000469638,false,"מריטו לגיהוץ 500 מ""ל",BOLTON MANITOBA S.P.,IT,מריטו ספריי לגיהוץ קל,מיליליטרים,500.00,"100 מ""ל",false,,21.90,0.0438,true,1,1185511
7290000474090,false,חלב בקרטון 1 ליטר 1%,טרה,IL,חלב בקרטון 1%- 1 ליטר,ליטרים,1.00,ליטר,false,,5.85,5.8500,true,1,1176100
7290000474373,false,"שמנת חמוצה 200 מ""ל",טרה,IL,"שמנת חמוצה - 200 מ""ל",מיליליטרים,200.00,"100 מ""ל",false,,2.40,0.0120,true,1,1176105
7290000474502,false,גבינה לבנה 5% 250 גר,טרה,IL,גבינה לבנה 250 גרם 5% מהד,גרמים,250.00,100 גרם,false,,4.95,0.0198,true,1,1176108
7290000474540,false,גבינה טוב טעם 250 גר,טרה,IL,טוב טעם 3% -250גרם מהדרין,גרמים,250.00,100 גרם,false,,10.90,0.0436,true,1,1176109
7290000474830,false,גבינת צהובה מגורדת 2,טרה,IL,"כתר מרוסקת 28% 0.5 ק""ג",גרמים,500.00,100 גרם,false,,31.90,0.0638,true,1,1176110
7290000480107,false,קוואקר בפח 500 גרם.,פריטו ליי FRITO-LAY,CH,קוואקר שיבולת שועל פחית 5,גרמים,500.00,100 גרם,false,,12.90,0.0258,true,1,1189930
7290000480442,false,קוואקר שקית 500 גרם.,פריטו ליי FRITO-LAY,CH,קוואקר שיבולת שועל שקית 5,גרמים,500.00,100 גרם,false,,11.90,0.0238,true,1,1189931
7290000482019,false,שקיות קוקי 10 יחידות,שסטוביץ,IL,קוקי רגיל שקיות צליה 10 י,יח',10.00,יח',false,,10.90,1.0900,true,1,1185512
7290000482033,false,שקיות קוקי לצליה 5 י,שסטוביץ,IL,קוקי ענק שקיות צליה 5 יח,יח',5.00,יח',false,,10.90,2.1800,true,1,1185514
7290000483412,false,קישוט לעוגה המרשלג ט,המרשלג,IL,60G המרשלג טפטופים,גרמים,60.00,100 גרם,false,,14.90,0.2483,true,1,1166620
7290000483641,false,מרציפן חלה,המרשלג,IL,75Gהמרשלג מרצ' חלה,גרמים,75.00,100 גרם,false,,7.90,0.1053,true,1,1166621
7290000483887,false,מרציפן ללא סוכר,המרשלג,IL,75Gהמרשלג ללא סוכר,גרמים,75.00,100 גרם,false,,14.90,0.1987,true,1,1166622
7290000484549,false,כהל 96%,,,כהל 96%,מיליליטרים,750.00,"100 מ""ל",false,,129.00,0.1720,true,1,1196021
7290000484747,false,עלית הארק,,,עלית הארק,מיליליטרים,700.00,"100 מ""ל",false,,54.90,0.0784,true,1,1313749
7290000490717,false,שמיניית שלגוני וניל,,,שמיניית שלגוני וניל,גרמים,560.00,100 גרם,false,,19.90,0.0355,true,1,1182138
7290000493176,false,אבקת רוטב צלי לבשר,אסם תעשיות,IL,אסם רוטב צלי 22 גרם,גרמים,22.00,100 גרם,false,,3.90,0.1773,true,1,1156000
7290000493183,false,אבקת רוטב פטריות,אסם תעשיות,IL,אסם רוטב פטריות 30 גרם,גרמים,30.00,100 גרם,false,,4.90,0.1633,true,1,1156001
7290000497044,false,לחם אקטיב 750 גר'.,,,לחם אקטיב 750 גר'.,גרמים,750.00,100 גרם,false,,13.90,0.0185,true,1,1213785
7290000497112,false,לחם אחיד כהה פרוס 75,,,לחם אחיד כהה פרוס 75,גרמים,750.00,100 גרם,false,,6.90,0.0092,true,1,1175024
7290000497228,false,מארז 6 לחמניות 450 ג,,,מארז 6 לחמניות 450 ג,גרמים,450.00,100 גרם,false,,10.00,0.0222,true,1,1175027
7290000497273,false,מארז 6 לחמניות אקטיב,,,מארז 6 לחמניות אקטיב,גרמים,450.00,100 גרם,false,,11.90,0.0264,true,1,1333373
7290000497303,false,מארז 6 לחמניות קמח מ,,,מארז 6 לחמניות קמח מ,גרמים,450.00,100 גרם,false,,11.90,0.0264,true,1,1175028
7290000497358,false,חלה מתוקה חלומית ארו,,,חלה מתוקה חלומית ארו,גרמים,500.00,100 גרם,false,,11.90,0.0238,true,1,1175029
7290000497426,false,ברמן לעניין קל 500 ג,,,ברמן לעניין קל 500 ג,גרמים,500.00,100 גרם,false,,13.90,0.0278,true,1,1175030
7290000497617,false,רוגלאך 500 גרם.,,,רוגלאך 500 גרם.,גרמים,500.00,100 גרם,false,,11.90,0.0238,true,1,1175035
7290000497648,false,רוגלאך קינמון 500 גר,,,רוגלאך קינמון 500 גר,גרמים,500.00,100 גרם,false,,11.90,0.0238,true,1,1175036
7290000498393,true,חלה מתוקה עגולה לא א,,,חלה מתוקה עגולה לא א,גרמים,500.00,100 גרם,false,,7.90,0.0158,true,1,2087972
7290000504025,false,סוכרזית פטריה 300 טב,סוכרזית Sucrazit,IL,פטריה 300,גרמים,24.00,100 גרם,false,,7.90,0.3292,true,1,1189319
7290000504049,false,סוכרזית קנקן 1200 טב,סוכרזית Sucrazit,IL,קנקן 1200,יח',1200.00,יח',false,,22.90,0.0191,true,1,1189321
7290000504209,false,סוכרזית דיאטיפ נוזל,סוכרזית Sucrazit,IL,כשלפ דיאטיפ,מיליליטרים,220.00,"100 מ""ל",false,,17.90,0.0814,true,1,1189322
7290000504278,false,סוכרזית פטנט 700 טבל,סוכרזית Sucrazit,IL,פטנט 700,יח',700.00,יח',false,,15.90,0.0227,true,1,1189324
7290000518121,false,מתוק וקל 50 גרם,,,מתוק וקל 50 גרם,גרמים,50.00,100 גרם,false,,4.90,0.0980,true,1,1200049
7290000518152,false,מתוק וקל זהב,,,מתוק וקל זהב,גרמים,50.00,100 גרם,false,,5.90,0.1180,true,1,1200050
7290000518176,false,מתוק וקל,,,מתוק וקל,גרמים,250.00,100 גרם,false,,19.90,0.0796,true,1,1200052
7290000518190,false,מתוק וקל סטיביה 100,,,מתוק וקל סטיביה 100,גרמים,80.00,100 גרם,false,,19.90,0.2487,true,1,1428038
7290000518220,false,סוכרה דיאט,,,סוכרה דיאט,גרמים,80.00,100 גרם,false,,19.90,0.2487,true,1,1428039
7290000518237,false,סוכרה דיאט אבקה 100,,,סוכרה דיאט אבקה 100,גרמים,100.00,100 גרם,false,,19.90,0.1990,true,1,1428040
7290000518251,false,מתוק וקל,,,מתוק וקל,גרמים,100.00,100 גרם,false,,11.90,0.1190,true,1,1200053
7290000518336,false,צמר גפן מתוק עשוי סי,,,צמר גפן מתוק עשוי סי,גרמים,10.00,100 גרם,false,,4.90,0.4900,true,1,2075368
7290000521008,false,"יין סגל אדום 750 מ""ל",,,"יין סגל אדום 750 מ""ל",מיליליטרים,750.00,"100 מ""ל",false,,24.90,0.0332,true,1,1171601
7290000521015,false,"יין סגל לבן 750 מ""ל",,,"יין סגל לבן 750 מ""ל",מיליליטרים,750.00,"100 מ""ל",false,,24.90,0.0332,true,1,1171602
7290000521022,false,יין לבן חצי יבש 750,,,יין לבן חצי יבש 750,מיליליטרים,750.00,"100 מ""ל",false,,24.90,0.0332,true,1,1171603
7290000521404,false,יין מרום גליל סובניו,,,יין מרום גליל סובניו,מיליליטרים,750.00,"100 מ""ל",false,,49.90,0.0665,true,1,1171609
7290000521411,false,יין מרום גליל מרלו 7,,,יין מרום גליל מרלו 7,מיליליטרים,750.00,"100 מ""ל",false,,49.90,0.0665,true,1,1171610
7290000522166,false,חלב הרים עמיד נטול ל,"מחלבות רמה""ג",IL,חלב הרים טהור נטול לקטוז,ליטרים,1.00,ליטר,false,,10.90,10.9000,true,1,1176117
7290000523224,false,מלח הארץ ים יבש 500,מלח הארץ,IL,מלח הים האדום 500 גרם,גרמים,500.00,100 גרם,false,,7.90,0.0158,true,1,1186231
7290000523514,false,מלח הארץ 50% מכמות ה,מלח הארץ,IL,מלח הארץ מופחת נתרן 250 ג,גרמים,250.00,100 גרם,false,,9.90,0.0396,true,1,1186232
7290000523811,false,"מלח גס צנצנת 1 ק""ג",מלח הארץ,IL,"מלח הים האדום צנצנת 1 ק""ג",קילוגרמים,1.00,"ק""ג",false,,6.90,6.9000,true,1,1186235
7290000525969,false,מיץ תפוזים סחוט 1 לי,גניר (1992),IL,מיץ תפוזים סחוט 1 ליטר,ליטרים,1.00,ליטר,false,,15.90,15.9000,true,1,1188656
7290000530086,false,נקניק מעושן,,,נקניק מעושן,גרמים,600.00,100 גרם,false,,29.90,0.0498,true,1,1170217
7290000530109,false,זוג קבנוס,,,זוג קבנוס,גרמים,360.00,100 גרם,false,,24.90,0.0692,true,1,1170219
7290000530413,false,המבורגר זהב 400 גרם,,,המבורגר זהב 400 גרם,גרמים,400.00,100 גרם,false,,19.90,0.0497,true,1,1170228
7290000530468,false,"נקניקיות וינר 1 ק""ג",,,"נקניקיות וינר 1 ק""ג",קילוגרמים,1.00,"ק""ג",false,,24.90,24.9000,true,1,1170230
7290000530703,false,חרמון 400 גרם + תה מ,,,חרמון 400 גרם + תה מ,גרמים,800.00,100 גרם,false,,29.90,0.0374,true,1,1170233
7290000531601,false,סטייק בורגר 400 גרם,,,סטייק בורגר 400 גרם,גרמים,400.00,100 גרם,false,,19.90,0.0497,true,1,1170242
7290000536743,false,אצבעות סטיקס תירס.,,,אצבעות סטיקס תירס.,גרמים,500.00,100 גרם,false,,19.90,0.0398,true,1,1218288
7290000537566,false,נקניקיות עוף 400 גרם,,,נקניקיות עוף 400 גרם,גרמים,400.00,100 גרם,false,,9.90,0.0248,true,1,1170273
7290000537603,false,"נקניקיות עוף 1 ק""ג מ",,,"נקניקיות עוף 1 ק""ג מ",קילוגרמים,1.00,"ק""ג",false,,24.90,24.9000,true,1,1170274
7290000554006,false,"גבינה קשקבל ק""ג.",מחלבות גד,IL,"קשקבלו גלגל ק""ג שקיל",קילוגרמים,1.00,"ק""ג",true,,120.00,120.0000,true,1,1175443
7290000554402,false,מלבי גד חלבי 5% 160,מחלבות גד,IL,"מלבי גד 160 גרם בד""ץ",גרמים,160.00,100 גרם,false,,5.50,0.0344,true,1,1175447
7290000554457,false,צפתית 5% 350 גרם.,מחלבות גד,IL,צפתית 5% מיני 350 גרם,גרמים,350.00,100 גרם,false,,19.90,0.0569,true,1,1175448
7290000554471,false,מוצרלה 22% 180 גרם.,מחלבות גד,IL,"נקניק מוצרלה 180 גרם בד""ץ",גרמים,180.00,100 גרם,false,,15.90,0.0883,true,1,1175449
7290000554532,false,צפתית מעודנת במלח ים,מחלבות גד,IL,צפתית מעודנת 5% מלח ים 20,גרמים,200.00,100 גרם,false,,13.90,0.0695,true,1,1175451
7290000554600,false,מוצרלה מגורדת 300 גר,מחלבות גד,IL,"מוצרלה מרוסקת 300 גרם בד""",גרמים,300.00,100 גרם,false,,24.90,0.0830,true,1,1175453
7290000554624,false,מעדן ירח מתוק 3% 150,מחלבות גד,IL,"ירח מתוק 150 גרם בד""ץ",גרמים,150.00,100 גרם,false,,4.90,0.0327,true,1,1175454
7290000554662,false,"בולגרית למריחה ק""ג.",מחלבות גד,IL,"בולגרית למריחה 2 ק""ג",קילוגרמים,1.00,"ק""ג",true,,45.00,45.0000,true,1,1175456
7290000554686,false,לאבנה בשמן זית וזעתר,מחלבות גד,IL,לאבנה 5% שמן זית וזעתר 25,גרמים,250.00,100 גרם,false,,13.90,0.0556,true,1,1175457
7290000554754,false,כדורי מוצרלה במים בי,מחלבות גד,IL,"בייבי מוצרלה 2 ק""ג",קילוגרמים,1.00,"ק""ג",true,,89.00,89.0000,true,1,1175458
7290000554792,false,"בולגרית מעודנת 5% ק""",דשן,IL,"דלי בולגרית מעודנת 5%  ק""",קילוגרמים,1.00,"ק""ג",true,,49.00,49.0000,true,1,1175459
7290000554815,false,"גבינת מוצרלה טבעי ק""",מחלבות גד,IL,"מוצרלה נקניק טיבעי ק""ג שק",קילוגרמים,1.00,"ק""ג",true,,79.00,79.0000,true,1,1175460
7290000554822,false,גבינת ריקוטה 5% 250,מחלבות גד,IL,גביע ריקוטה 250 גרם,גרמים,250.00,100 גרם,false,,12.90,0.0516,true,1,1175461
7290000554839,false,גבינה מסקרפונה 40% 2,מחלבות גד,IL,מסקרפונה 250 גרם,גרמים,250.00,100 גרם,false,,19.90,0.0796,true,1,1175462
7290000554891,false,בולגרית מעודנת 16% ש,דשן,IL,"דלי בולגרית מעודנת 16% ק""",קילוגרמים,1.00,"ק""ג",true,,56.00,56.0000,true,1,1175463
7290000554914,false,"גבינה צפתית 5% ק""ג.",מחלבות גד,IL,"צפתית מלבן 5% ק""ג שקיל",קילוגרמים,1.00,"ק""ג",true,,55.00,55.0000,true,1,1175464
7290000554921,false,"גבינת ריקוטה ק""ג.",מחלבות גד,IL,"ריקוטה 1.8 ק""ג",קילוגרמים,1.00,"ק""ג",true,,59.00,59.0000,true,1,1175465
7290000554976,false,גבינת שמנת 30% זתים,מחלבות גד,IL,"גבינת שמנת זיתים 30% 2 ק""",קילוגרמים,1.00,"ק""ג",true,,45.00,45.0000,true,1,1175469
7290000554983,false,"לאבנה ק""ג.",מחלבות גד,IL,"לאבנה 5% 2 ק""ג",קילוגרמים,1.00,"ק""ג",true,,39.00,39.0000,true,1,1175470
7290000560533,false,ג'ל לגילוח ירוק אדג',אנרג'יזר Energizer,US,אדג' ג'ל ירוק לעור רגיל 1,גרמים,200.00,100 גרם,false,,19.90,0.0995,true,1,1199554
7290000560540,false,ג'ל לגילוח כתום אדג',אנרג'יזר Energizer,US,אדג' ג'ל כתום לעור רגיש 1,גרמים,200.00,100 גרם,false,,19.90,0.0995,true,1,1199555
7290000560557,false,ג'ל לגילוח סגול אדג',אנרג'יזר Energizer,US,אדג' ג'ל סגול כהה לעור יב,גרמים,198.00,100 גרם,false,,19.90,0.1005,true,1,1199556
7290000571232,false,גבינה גאודה פרוס בית,,,גבינה גאודה פרוס בית,גרמים,200.00,100 גרם,false,,22.90,0.1145,true,1,1186952
7290000571843,false,יוגורט עיזים יוגורמה,,,יוגורט עיזים יוגורמה,גרמים,140.00,100 גרם,false,,5.90,0.0421,true,1,1251003
7290000571935,false,יוגורט כבשים יוגורמה,,,יוגורט כבשים יוגורמה,גרמים,142.00,100 גרם,false,,5.90,0.0415,true,1,2021159
7290000572055,false,חלווה ללא סוכר עם אג,"אחדות ביח""ר לטחינה ח",IL,חלוה ללא סוכר עם סיבים וא,גרמים,400.00,100 גרם,false,,14.90,0.0373,true,1,1157130
7290000572208,false,חלווה 100 גרם,"אחדות ביח""ר לטחינה ח",IL,חלוה 100 גרם אחוה,גרמים,100.00,100 גרם,false,,2.90,0.0290,true,1,1157132
7290000572222,false,חלווה בלוק 500 גרם,"אחדות ביח""ר לטחינה ח",IL,חלוה בלוק 500 גרם אחוה -,גרמים,500.00,100 גרם,false,,10.90,0.0218,true,1,1996336
7290000572529,false,חלווה עם פיסטוק 400,"אחדות ביח""ר לטחינה ח",IL,חלוה פיסטוק 400 גרם במגש,גרמים,400.00,100 גרם,false,,12.90,0.0323,true,1,1157135
7290000572536,false,חלווה וניל 400 גרם,"אחדות ביח""ר לטחינה ח",IL,חלוה וניל 400 גרם במגש,גרמים,400.00,100 גרם,false,,10.90,0.0273,true,1,1157136
7290000572543,false,חלווה שוקו-וניל 400,"אחדות ביח""ר לטחינה ח",IL,חלוה שיש 400 גרם במגש,גרמים,400.00,100 גרם,false,,10.90,0.0273,true,1,1157137
7290000572628,false,חטיפי חלוה ללא תוספת,,,חטיפי חלוה ללא תוספת,גרמים,275.00,100 גרם,false,,13.90,0.0505,true,1,1996344
7290000572673,false,חטיף חלוה 12 יח',"אחדות ביח""ר לטחינה ח",IL,"חלוה בקופסת שי ""חטיף 10""",גרמים,300.00,100 גרם,false,,13.90,0.0463,true,1,1157140
7290000602226,false,ביצי חופש 12L תנובה.,,,ביצי חופש 12L תנובה.,יח',12.00,יח',false,,24.90,2.0750,true,1,2129050
7290000603049,false,ביצי אומגה 3 גדול.,,,ביצי אומגה 3 גדול.,יח',12.00,יח',false,,18.90,1.5750,true,1,1187623
7290000604015,false,ביצים 12 יח' XL.,,,ביצים 12 יח' XL.,יח',12.00,יח',false,,13.10,1.0917,true,1,1187626
7290000604022,false,ביצים 12 יחידות L.,,,ביצים 12 יחידות L.,יח',12.00,יח',false,,12.05,1.0042,true,1,1187627
7290000604039,false,ביצים 12 יחידות M.,,,ביצים 12 יחידות M.,יח',12.00,יח',false,,11.15,0.9292,true,1,1187628
7290000604121,false,ביצים 18 יחידות L.,,,ביצים 18 יחידות L.,יח',18.00,יח',false,,18.00,1.0000,true,1,1187631
7290000604534,false,ביצים 30 יחידות M.,,,ביצים 30 יחידות M.,יח',30.00,יח',false,,27.85,0.9283,true,1,1187635
7290000646299,false,נתחי  פילה נסיכת הני,,,נתחי  פילה נסיכת הני,קילוגרמים,1.00,"ק""ג",true,,32.90,32.9000,true,1,2015641
7290000652177,false,נתחי נסיכת הנילוס 10,,,נתחי נסיכת הנילוס 10,קילוגרמים,1.00,"ק""ג",true,,39.90,39.9000,true,1,2015642
7290000658926,false,פילה מרלוזה קפוא 100,,,פילה מרלוזה קפוא 100,קילוגרמים,1.00,"ק""ג",true,,29.90,29.9000,true,1,1990243
7290000659312,false,פילה סלמון פרימיום,,,פילה סלמון פרימיום,קילוגרמים,1.00,"ק""ג",true,,79.90,79.9000,true,1,1456796
7290000679440,false,משחה לתינוק קמיל 100,"ד""ר פישר Dr fischer",IL,קמיל בלו משחה לתינוק 100,גרמים,100.00,100 גרם,false,,14.90,0.1490,true,1,1198286
7290000688077,false,מי עדן 0.5 ליטר,,,מי עדן 0.5 ליטר,מיליליטרים,500.00,"100 מ""ל",false,,2.50,0.0050,true,1,1172075
7290000688084,false,"מי עדן ספורט 500 מ """,,,"מי עדן ספורט 500 מ """,מיליליטרים,500.00,"100 מ""ל",false,,4.90,0.0098,true,1,1172076
7290000688374,false,שישייה מי עדן בייבי,,,שישייה מי עדן בייבי,ליטרים,1.98,ליטר,false,,14.90,7.5253,true,1,1172079
7290000688381,false,שישייה מי עדן ספורט,,,שישייה מי עדן ספורט,ליטרים,3.00,ליטר,false,,12.90,4.3000,true,1,1172080
7290000688466,false,"מי עדן 750 מ""ל פקק",,,"מי עדן 750 מ""ל פקק",מיליליטרים,750.00,"100 מ""ל",false,,2.90,0.0039,true,1,1781833
7290000688503,false,"שישייה מי עדן 750 מ""",,,"שישייה מי עדן 750 מ""",ליטרים,4.50,ליטר,false,,14.90,3.3111,true,1,1620378
7290000692135,false,דאודורנט סטיק-ירוק פ,COLGATE PALMOLIVE,US,ספיד סטיק בסיסי ירוק א.פ,גרמים,56.60,100 גרם,false,,19.90,0.3516,true,1,1185516
7290000692203,false,ניקוי כללי אג'קס 2 ל,COLGATE PALMOLIVE,GR,אגקס ניקוי כללי לימון 2 ל,ליטרים,2.00,ליטר,false,,22.90,11.4500,true,1,1185517
7290000692210,false,ניקוי כללי אג'קס 2 ל,COLGATE PALMOLIVE,GR,אגקס ניקוי כללי לוונדר 2,ליטרים,2.00,ליטר,false,,22.90,11.4500,true,1,1185518
7290000692227,false,סבון לכלים פלמוליב 1,COLGATE PALMOLIVE,GR,פלמוליב צילינדר קלאסי 1 ל,ליטרים,1.00,ליטר,false,,13.90,13.9000,true,1,1185519
7290000692456,false,זוג אג'קס חלונות 2*7,COLGATE PALMOLIVE,GR,אגקס חלונות זוג,ליטרים,1.50,ליטר,false,,25.90,17.2667,true,1,1185522
7290000694108,false,חטיף פיקנטי דבאייל,,,חטיף פיקנטי דבאייל,גרמים,230.00,100 גרם,false,,10.90,0.0474,true,1,1182007
7290000804484,false,אלמקס מי פה לשטיפה 4,COLGATE PALMOLIVE,CH,אלמקס שטיפה דנטלית 400מל,מיליליטרים,400.00,"100 מ""ל",false,,24.90,0.0622,true,1,1185529
7290000849492,false,"שמפו סרקל 500 מ""ל","ד""ר פישר Dr fischer",IL,"סרקל שמפו 500 מ""ל",מיליליטרים,500.00,"100 מ""ל",false,,17.90,0.0358,true,1,1198297
7290000900049,false,גולאש עגל טרי,,,גולאש עגל טרי,קילוגרמים,1.00,"ק""ג",true,,99.00,99.0000,true,1,1190508
7290000900193,false,"גבינה עמק פרוס ק""ג-ק",,,"גבינה עמק פרוס ק""ג-ק",קילוגרמים,1.00,"ק""ג",true,,44.75,44.7500,true,1,1186965
7290000900254,false,שניצל הודו פרוס,,,שניצל הודו פרוס,קילוגרמים,1.00,"ק""ג",true,,39.90,39.9000,true,1,1190509
7290000900261,false,"טל העמק פרוס ק""ג - ק",,,"טל העמק פרוס ק""ג - ק",קילוגרמים,1.00,"ק""ג",true,,59.00,59.0000,true,1,1186967
7290000900384,false,עוגת מאפינס.,,,עוגת מאפינס.,יחידה,0.00,יחידה,false,,19.90,0.0000,true,1,1156008
7290000900438,false,מלפפון במלח,,,מלפפון במלח,קילוגרמים,1.00,"ק""ג",true,,35.00,35.0000,true,1,1166861
7290000900629,false,חצילים,,,חצילים,קילוגרמים,1.00,"ק""ג",true,,35.00,35.0000,true,1,1196473
7290000900636,false,תיבול לסלט,,,תיבול לסלט,קילוגרמים,1.00,"ק""ג",true,,49.00,49.0000,true,1,1200156
7290000913551,false,נקניק פסטרמה כפרי 40,טירת צבי,IL,פסטרמה כפרית 400,גרמים,400.00,100 גרם,false,,24.90,0.0622,true,1,1187462
7290000935546,false,סלט כרוב מתוק,,,סלט כרוב מתוק,קילוגרמים,1.00,"ק""ג",true,,29.00,29.0000,true,1,1192024
7290000935553,false,סלט כרוב חריף,,,סלט כרוב חריף,קילוגרמים,1.00,"ק""ג",true,,29.00,29.0000,true,1,1192025
7290000940052,false,זעתר,,,זעתר,קילוגרמים,1.00,"ק""ג",true,,35.00,35.0000,true,1,1200175
7290000940083,false,חוויג למרק,,,חוויג למרק,קילוגרמים,1.00,"ק""ג",true,,39.00,39.0000,true,1,1200176
7290000943046,false,כורכום טחון,,,כורכום טחון,קילוגרמים,1.00,"ק""ג",true,,29.00,29.0000,true,1,1200182
7290000943053,false,כמון,,,כמון,קילוגרמים,1.00,"ק""ג",true,,49.00,49.0000,true,1,1200183
7290000943169,false,זיתים סורי שלם,,,זיתים סורי שלם,קילוגרמים,1.00,"ק""ג",true,,39.00,39.0000,true,1,1193771
7290000943237,false,גבינת פרמזן מרוסקת ק,,,גבינת פרמזן מרוסקת ק,קילוגרמים,1.00,"ק""ג",true,,129.00,129.0000,true,1,1186968
7290000960326,false,פלפל שחור גרוס,,,פלפל שחור גרוס,קילוגרמים,1.00,"ק""ג",true,,99.00,99.0000,true,1,1200190
7290000960333,false,פלפל שחור,,,פלפל שחור,קילוגרמים,1.00,"ק""ג",true,,90.00,90.0000,true,1,1200191
7290000960388,false,פפריקה מתוקה,,,פפריקה מתוקה,קילוגרמים,1.00,"ק""ג",true,,35.00,35.0000,true,1,1200192
7290000961217,false,קינמון טחון,,,קינמון טחון,קילוגרמים,1.00,"ק""ג",true,,25.00,25.0000,true,1,1200198
7290000961262,false,מקלות קינמון,,,מקלות קינמון,קילוגרמים,1.00,"ק""ג",true,,39.00,39.0000,true,1,1200199
7290000961866,false,שווארמה הודו קוביות,,,שווארמה הודו קוביות,קילוגרמים,1.00,"ק""ג",true,,89.90,89.9000,true,1,1190513
7290000975801,false,עגבניות אדומות ירוקו,,,עגבניות אדומות ירוקו,קילוגרמים,1.00,"ק""ג",true,,25.00,25.0000,true,1,1192032
7290000978260,false,טוסקנה,,,טוסקנה,קילוגרמים,1.00,"ק""ג",true,,39.00,39.0000,true,1,1200208
7290000979083,false,תבלין ראס אל חנות,,,תבלין ראס אל חנות,קילוגרמים,1.00,"ק""ג",true,,49.00,49.0000,true,1,1200211
7290000980140,false,זית שחור ענק,,,זית שחור ענק,קילוגרמים,1.00,"ק""ג",true,,35.00,35.0000,true,1,1166866
7290000980157,false,פרג שלם,,,פרג שלם,קילוגרמים,1.00,"ק""ג",true,,29.00,29.0000,true,1,1181911
7290000980300,false,תערובת לאורז,,,תערובת לאורז,קילוגרמים,1.00,"ק""ג",true,,49.00,49.0000,true,1,1200231
7290000980386,false,תבלין לגריל עוף,,,תבלין לגריל עוף,קילוגרמים,1.00,"ק""ג",true,,39.00,39.0000,true,1,1200232
7290000980492,false,זיתים טבעיים,,,זיתים טבעיים,קילוגרמים,1.00,"ק""ג",true,,49.00,49.0000,true,1,1166867
7290000980539,false,תבלין לפרגיות,,,תבלין לפרגיות,קילוגרמים,1.00,"ק""ג",true,,39.00,39.0000,true,1,1200235
7290000980553,false,זית סורי שבור,,,זית סורי שבור,קילוגרמים,1.00,"ק""ג",true,,42.00,42.0000,true,1,1166868
7290000980560,false,תבלין בהרט,,,תבלין בהרט,קילוגרמים,1.00,"ק""ג",true,,49.00,49.0000,true,1,1200236
7290000980669,false,תבלין פלדלפיה,,,תבלין פלדלפיה,קילוגרמים,1.00,"ק""ג",true,,39.00,39.0000,true,1,1200238
7290000980744,false,זית מונזוליני,,,זית מונזוליני,קילוגרמים,1.00,"ק""ג",true,,35.00,35.0000,true,1,1166869
7290000981369,false,ציפקונית,שקדיה,,ציפקונית,קילוגרמים,1.00,"ק""ג",true,,42.00,42.0000,true,1,1175140
7290000982168,false,סטייק סינטה טרי,,,סטייק סינטה טרי,קילוגרמים,1.00,"ק""ג",true,,99.00,99.0000,true,1,1190515
7290000982236,false,חלבה בטעמים,,,חלבה בטעמים,קילוגרמים,1.00,"ק""ג",true,,49.00,49.0000,true,1,1194773
7290000987040,false,זיתים חרוזית ירוק,,,זיתים חרוזית ירוק,קילוגרמים,1.00,"ק""ג",true,,35.00,35.0000,true,1,1166870
7290000988030,false,זיתים חרוזית שחור,,,זיתים חרוזית שחור,קילוגרמים,1.00,"ק""ג",true,,42.00,42.0000,true,1,1166871
7290000988573,false,ירך הודו,,,ירך הודו,קילוגרמים,1.00,"ק""ג",true,,59.90,59.9000,true,1,1190516
7290000988733,false,עמבה הודית,,,עמבה הודית,קילוגרמים,1.00,"ק""ג",true,,35.00,35.0000,true,1,1175622
7290000990019,false,לימון פרוס,,,לימון פרוס,קילוגרמים,1.00,"ק""ג",true,,42.00,42.0000,true,1,1192053
7290000990903,false,מרינט חתוך,,,מרינט חתוך,קילוגרמים,1.00,"ק""ג",true,,35.00,35.0000,true,1,1166872
7290000995014,false,זיתים מעדן,,,זיתים מעדן,קילוגרמים,1.00,"ק""ג",true,,35.00,35.0000,true,1,1193274
7290000995038,false,זית טסוס קטן,דין שיווק,,זית טסוס קטן,קילוגרמים,1.00,"ק""ג",true,,49.00,49.0000,true,1,1175141
7290000995045,false,זיתים קלמטה קולסול,,,זיתים קלמטה קולסול,קילוגרמים,1.00,"ק""ג",true,,59.00,59.0000,true,1,1175142
7290000995410,false,נבטים אלפלפא,,,נבטים אלפלפא,00000000000000000000,0.00,00000000000000000000,false,,4.90,0.0000,true,1,1190472
7290000999500,false,ירקות מעורבים,,,ירקות מעורבים,קילוגרמים,1.00,"ק""ג",true,,29.00,29.0000,true,1,1166873
7290001041017,false,חוואיג' תימני,מיה תעשיות מזון,IL,חוואיג' תימני 50גרם,גרמים,50.00,100 גרם,false,,6.90,0.1380,true,1,1181405
7290001041048,false,תבלין על האש,מיה תעשיות מזון,IL,תבלין על האש 50גרם,גרמים,50.00,100 גרם,false,,6.90,0.1380,true,1,1181408
7290001041123,false,שקד מולבן פרוס,מיה תעשיות מזון,IL,שקדים מולבנים פרוסים 100ג,גרמים,100.00,100 גרם,false,,10.90,0.1090,true,1,1181410
7290001041284,false,סוכריה על מקל,מיה תעשיות מזון,IL,לקקנים בטעם תות 20יח,גרמים,220.00,100 גרם,false,,7.90,0.0359,true,1,1876093
7290001041291,false,סוכריה על מקל 70 יח',מיה תעשיות מזון,IL,סוכריה על מקל 70יחידות,גרמים,770.00,100 גרם,false,,22.90,0.0297,true,1,1181417
7290001041635,false,פירורי לחם מוזהבים.,מיה תעשיות מזון,IL,פירורי לחם מוזהבים 200גרם,גרמים,200.00,100 גרם,false,,2.90,0.0145,true,1,1181419
7290001041888,false,פפריקה מתוקה,מיה תעשיות מזון,IL,פפריקה מתוקה 300גרם,גרמים,300.00,100 גרם,false,,19.90,0.0663,true,1,1181426
7290001041895,false,פלפל שחור,מיה תעשיות מזון,IL,פלפל שחור 300גרם,גרמים,300.00,100 גרם,false,,29.90,0.0997,true,1,1228712
7290001041994,false,סוכר דמררה,מיה תעשיות מזון,IL,סוכר זהב דמררה 1ק'ג,קילוגרמים,1.00,"ק""ג",false,,12.90,12.9000,true,1,1181430
7290001045169,false,מיץ תפוחים סחוט 1 לי,גניר (1992),IL,מיץ תפוחי עץ צלול 1 ליטר,ליטרים,1.00,ליטר,false,,15.90,15.9000,true,1,1188657
7290001052044,false,קציצות בורגול וירקות,,,קציצות בורגול וירקות,גרמים,500.00,100 גרם,false,,24.90,0.0498,true,1,1349777
7290001052051,false,קציצות עדשים וירקות,,,קציצות עדשים וירקות,גרמים,500.00,100 גרם,false,,24.90,0.0498,true,1,1349772
7290001052068,false,קציצות קינואה וחמוצי,,,קציצות קינואה וחמוצי,גרמים,500.00,100 גרם,false,,24.90,0.0498,true,1,1349778
7290001052549,false,כרובית בציפוי פריך,,,כרובית בציפוי פריך,גרמים,500.00,100 גרם,false,,27.90,0.0558,true,1,2024192
7290001072554,false,דאודורנט ספריי לגבר,,,דאודורנט ספריי לגבר,מיליליטרים,150.00,"100 מ""ל",false,,14.90,0.0993,true,1,2035427
7290001072561,false,דאודורנט ספריי גבר פ,,,דאודורנט ספריי גבר פ,מיליליטרים,150.00,"100 מ""ל",false,,14.90,0.0993,true,1,2035428
7290001072578,false,דאודורנט ספריי לגבר,,,דאודורנט ספריי לגבר,מיליליטרים,150.00,"100 מ""ל",false,,14.90,0.0993,true,1,2035429
7290001072585,false,דאודורנט ספריי לגבר,,,דאודורנט ספריי לגבר,מיליליטרים,150.00,"100 מ""ל",false,,14.90,0.0993,true,1,2035430
7290001121238,false,נקניק קורנד ביף,מעדני יחיעם,IL,קורנד ביף 180גר',גרמים,180.00,100 גרם,false,,22.90,0.1272,true,1,1189897
7290001121672,false,פסטרמה מעודנת בפפריק,מעדני יחיעם,IL,פסטרמה מעודנת בפפריקה 300,גרמים,300.00,100 גרם,false,,19.90,0.0663,true,1,1189898
7290001121849,false,פסטרמה 100% טבעית,מעדני יחיעם,IL,פסטרמה הודו 100%חומרים טב,גרמים,250.00,100 גרם,false,,24.90,0.0996,true,1,1189903
7290001121979,false,נקניק סלמי הרץ,מעדני יחיעם,IL,סלמי הרץ 150גר',גרמים,150.00,100 גרם,false,,22.90,0.1527,true,1,1189909
7290001136287,false,נקה 7 שמפו לשיער רגי,אמיליה קוסמטיקס,IL,"שמפו נקה 7 רגיל 750 מ""ל",מיליליטרים,750.00,"100 מ""ל",false,,11.90,0.0159,true,1,1190855
7290001136294,false,נקה 7 שמפו לשיער יבש,אמיליה קוסמטיקס,IL,שמפו נקה 7 יבש/צבוע750מל,מיליליטרים,750.00,"100 מ""ל",false,,11.90,0.0159,true,1,1190856
7290001136300,false,נקה 7 שמפו לסירוק קל,אמיליה קוסמטיקס,IL,ש.+מרכך נקה7 סירוק קל750,מיליליטרים,750.00,"100 מ""ל",false,,11.90,0.0159,true,1,1190857
7290001136362,false,תחליב רחצה נקה 7 אלו,אמיליה קוסמטיקס,IL,תחליב רחצה ארומה אלוורה ו,ליטרים,1.00,ליטר,false,,14.90,14.9000,true,1,1190859
7290001136683,false,מרכך שיער נקה 7 לשיע,אמיליה קוסמטיקס,IL,"מרכך נקה 7 ס""ש 750 מ""ל",מיליליטרים,750.00,"100 מ""ל",false,,11.90,0.0159,true,1,1190860
7290001136799,false,תחליב רחצה נקה 7 ורד,אמיליה קוסמטיקס,IL,תחליב רחצה ארומה ורד יסמי,ליטרים,1.00,ליטר,false,,14.90,14.9000,true,1,1190861
7290001208168,false,קבוקים 250 גרם,דין שיווק,,קבוקים 250 גרם,גרמים,250.00,100 גרם,false,,5.90,0.0236,true,1,1175146
7290001216040,false,טחינה 500 גר אל ארז,,,טחינה 500 גר אל ארז,גרמים,500.00,100 גרם,false,,15.90,0.0318,true,1,1286124
7290001216231,false,טחינה  מלא 500 גרם א,,,טחינה  מלא 500 גרם א,גרמים,500.00,100 גרם,false,,16.90,0.0338,true,1,1286135
7290001245521,false,ג'ל מרוכז  5 ליטר לכ,,,ג'ל מרוכז  5 ליטר לכ,ליטרים,5.00,ליטר,false,,31.90,6.3800,true,1,1889912
7290001246955,false,מנקה פירות וירקות 1,,,מנקה פירות וירקות 1,ליטרים,1.00,ליטר,false,,17.90,17.9000,true,1,1993202
7290001246962,false,נוזל כלים אקולוגי 1,,,נוזל כלים אקולוגי 1,ליטרים,1.00,ליטר,false,,14.90,14.9000,true,1,1995685
7290001247068,false,ספרינג תות בננה קרטו,,,ספרינג תות בננה קרטו,ליטרים,1.00,ליטר,false,,6.60,6.6000,true,1,1172082
7290001247082,false,ספרינג עגבניות קרטונ,,,ספרינג עגבניות קרטונ,ליטרים,1.00,ליטר,false,,6.60,6.6000,true,1,1172083
7290001247099,false,ספרינג מנגו קרטונית,,,ספרינג מנגו קרטונית,ליטרים,1.00,ליטר,false,,6.60,6.6000,true,1,1172084
7290001247112,false,ספרינג לימונענע קרטו,,,ספרינג לימונענע קרטו,ליטרים,1.00,ליטר,false,,6.60,6.6000,true,1,1172086
7290001247129,false,ספרינג תפוז קרטונית,,,ספרינג תפוז קרטונית,ליטרים,1.00,ליטר,false,,6.60,6.6000,true,1,1172087
7290001247143,false,ספרינג תפוח קרטונית,,,ספרינג תפוח קרטונית,ליטרים,1.00,ליטר,false,,6.60,6.6000,true,1,1172088
7290001305058,false,סבון נוזלי פלמוליב ל,COLGATE PALMOLIVE,TR,פלמוליב חלב ודבש 500מל חד,מיליליטרים,500.00,"100 מ""ל",false,,15.90,0.0318,true,1,1185531
7290001305188,false,נוזל לכלים פלמוליב 7,COLGATE PALMOLIVE,GR,פלמוליב כלים שקוף לימון 7,מיליליטרים,750.00,"100 מ""ל",false,,9.90,0.0132,true,1,1185532
7290001343845,false,"גרנולה פירות 1 ק""ג.",דין שיווק,,"גרנולה פירות 1 ק""ג.",גרמים,1000.00,100 גרם,false,,19.90,0.0199,true,1,1175151
7290001407547,false,טחינה בארכה משומשום,רושדי תעשיות מזון,IL,טחינה משומשום מלא פי 6 סי,גרמים,500.00,100 גרם,false,,13.90,0.0278,true,1,1238744
7290001407592,false,טחינה בארכה משומשום,,,טחינה בארכה משומשום,קילוגרמים,1.00,"100 ק""ג",false,,24.90,24.9000,true,1,2081081
7290001407769,false,טחינה בארכה משומשום,רושדי תעשיות מזון,IL,טחינה בארכה עם שומשום מלא,גרמים,500.00,100 גרם,false,,13.90,0.0278,true,1,1186243
7290001407813,false,חלבה שאמית פיסטוק 35,רושדי תעשיות מזון,IL,חלבה בארכה שאמית וניל עם,גרמים,350.00,100 גרם,false,,15.90,0.0454,true,1,1186244
7290001407820,false,חלבה שאמית קלאסית 35,רושדי תעשיות מזון,IL,חלבה בארכה שאמית וניל 350,גרמים,350.00,100 גרם,false,,15.90,0.0454,true,1,1186245
7290001407844,false,חלבה קלאסית וניל באר,רושדי תעשיות מזון,IL,חלבה בארכה קלאסית וניל 35,גרמים,350.00,100 גרם,false,,15.90,0.0454,true,1,1186247
7290001407936,false,טחינה גולמית מעודנת,,,טחינה גולמית מעודנת,גרמים,310.00,100 גרם,false,,11.90,0.0384,true,1,1305551
7290001419618,false,וופל בלגי שוקו.,,,וופל בלגי שוקו.,גרמים,200.00,100 גרם,false,,2.90,0.0145,true,1,1193306
7290001419779,false,וופל קלאסי שוקו.,,,וופל קלאסי שוקו.,גרמים,200.00,100 גרם,false,,2.90,0.0145,true,1,1193307
7290001419793,false,גביע גלידה.,,,גביע גלידה.,גרמים,132.00,100 גרם,false,,10.90,0.0826,true,1,1193308
7290001419892,false,וופל קלאסי לימון.,,,וופל קלאסי לימון.,גרמים,200.00,100 גרם,false,,2.90,0.0145,true,1,1193310
7290001427033,false,מיץ תפוחים סחוט טבעי,,,מיץ תפוחים סחוט טבעי,ליטרים,1.00,ליטר,false,,16.90,16.9000,true,1,2048646
7290001439074,false,שלישיה כדור ליפה,,,שלישיה כדור ליפה,יח',3.00,יח',false,,11.90,3.9667,true,1,1171419
7290001439432,false,ספוג ליפה רכה,,,ספוג ליפה רכה,יחידה,0.00,יחידה,false,,10.00,0.0000,true,1,1171422
7290001439449,false,ספוג מגבת + רשת,,,ספוג מגבת + רשת,יחידה,0.00,יחידה,false,,10.00,0.0000,true,1,1171423
7290001461112,false,לחם מחמצת דגנים (ברק,,,לחם מחמצת דגנים (ברק,גרמים,500.00,100 גרם,false,,16.90,0.0338,true,1,1815959
7290001461457,false,בגט רוסטיק קמח מלא,,,בגט רוסטיק קמח מלא,יחידה,0.00,יחידה,false,,7.90,0.0000,true,1,1609779
7290001468272,false,פלסטרים בגדלים וצורו,,,פלסטרים בגדלים וצורו,יח',50.00,יח',false,,6.90,0.1380,true,1,1177347
7290001468319,false,מיץ לימון 200,,,מיץ לימון 200,מיליליטרים,200.00,"100 מ""ל",false,,5.90,0.0295,true,1,1177348
7290001468463,false,ספוג ליפה טבעי,,,ספוג ליפה טבעי,יחידה,0.00,יחידה,false,,9.90,0.0000,true,1,1177350
7290001468470,false,ספוג ליפה טבעי,,,ספוג ליפה טבעי,יחידה,0.00,יחידה,false,,14.90,0.0000,true,1,1177351
7290001468661,false,מסיר לק יסמין,,,מסיר לק יסמין,מיליליטרים,180.00,"100 מ""ל",false,,6.90,0.0383,true,1,1177352
7290001468678,false,מפת שולחן אלפא,,,מפת שולחן אלפא,יח',1.00,יח',false,,9.90,9.9000,true,1,1177353
7290001468890,false,אלכוהול 70%,,,אלכוהול 70%,מיליליטרים,100.00,"100 מ""ל",false,,5.90,0.0590,true,1,1177358
7290001482094,false,פרמזנו משולשים,זנטי,IT,פרמז'נו 200גרם ( 25יח') (,גרמים,200.00,100 גרם,false,,19.90,0.0995,true,1,1159223
7290001482384,false,חתיכות אננס 227 גרם,טקרנג,TH,אננס חתוך 227גרם,גרמים,227.00,100 גרם,false,,3.90,0.0172,true,1,1159225
7290001482933,false,גבינת גאודה 28%,אמלטי,NL,אמה חוויה בטעם גאודה מהול,קילוגרמים,1.00,"ק""ג",true,,69.00,69.0000,true,1,1159230
7290001485019,false,גבינת שמנת טבעי 5% 2,טרה,IL,גבינת קרם שמנת טבעי 200 ג,גרמים,200.00,100 גרם,false,,10.90,0.0545,true,1,1176120
7290001491010,false,תה ירוק יסמין,ויסוצקי,IL,תה ירוק יסמין,גרמים,37.50,100 גרם,false,,22.90,0.6107,true,1,1186248
7290001491096,false,תה ירוק לימונית 50 ש,ויסוצקי,IL,תה ירוק לימונית ולואיזה,גרמים,75.00,100 גרם,false,,39.90,0.5320,true,1,1186249
7290001515310,false,כריות קירצוף,,,כריות קירצוף,יח',6.00,יח',false,,12.90,2.1500,true,1,1155449
7290001515631,false,ספוג קרצוף ארוך שליש,,,ספוג קרצוף ארוך שליש,יח',3.00,יח',false,,7.90,2.6333,true,1,1156965
7290001552025,false,הקוסקוס של אמא 800 ג,,,הקוסקוס של אמא 800 ג,גרמים,800.00,100 גרם,false,,14.90,0.0186,true,1,1201443
7290001552049,false,קוסקוס מרוקאי 800 גר,,,קוסקוס מרוקאי 800 גר,גרמים,800.00,100 גרם,false,,14.90,0.0186,true,1,1249759
7290001567814,false,סלמי מעושן בסגנון אי,,,סלמי מעושן בסגנון אי,יחידה,0.00,יחידה,false,,19.90,0.0000,true,1,1352022
7290001567937,false,נקניק אטלקי מפולפל,,,נקניק אטלקי מפולפל,גרמים,200.00,100 גרם,false,,12.90,0.0645,true,1,1646731
7290001589342,false,דוחה יתושים ספירה,סאסאטק SASATECK,IL,תחליב להרחקת יתושים,מיליליטרים,70.00,"100 מ""ל",false,,11.90,0.1700,true,1,1192922
7290001594155,false,"קוקה קולה 500 מ""ל",קוקה קולה Coca Cola,IL,ק'-קולה 500 מל,מיליליטרים,500.00,"100 מ""ל",false,,6.90,0.0138,true,1,1182399
7290001594179,false,"פאנטה אורנג' 500 מ""ל",קוקה קולה Coca Cola,IL,פנט אורנג 500 מל,מיליליטרים,500.00,"100 מ""ל",false,,6.90,0.0138,true,1,1182401
7290001594568,false,בירה קרלסברג פחית 50,קרלסברג Carlsberg,IL,קרלסברג פח 500 מל פקדון,מיליליטרים,500.00,"100 מ""ל",false,,7.90,0.0158,true,1,1182413
7290001594575,false,בירה טובורג פחית 500,קרלסברג Carlsberg,IL,טובורג פח 500 מל פקדון,מיליליטרים,500.00,"100 מ""ל",false,,7.90,0.0158,true,1,1182414
7290001594810,false,שישיית בירה מאלטי 33,,,שישיית בירה מאלטי 33,ליטרים,1.98,ליטר,false,,24.90,12.5758,true,1,1182416
7290001594858,false,שישית בירה טובורג 33,קרלסברג Carlsberg,IL,טובורג 6 בק 330 פקדון,ליטרים,1.98,ליטר,false,,29.90,15.1010,true,1,1182418
7290001594865,false,שישיית בירה קרלסברג,קרלסברג Carlsberg,IL,קרלסברג 6 בק 330 פקדון,ליטרים,1.98,ליטר,false,,32.90,16.6162,true,1,1182419
7290001664353,false,גב עוף,,,גב עוף,קילוגרמים,1.00,"ק""ג",true,,4.90,4.9000,true,1,1190529
7290001664360,false,עצמות בקר טרי,,,עצמות בקר טרי,קילוגרמים,1.00,"ק""ג",true,,29.90,29.9000,true,1,1190530
7290001664384,false,פילה עגל טרי,,,פילה עגל טרי,קילוגרמים,1.00,"ק""ג",true,,220.00,220.0000,true,1,1190531
7290001664391,false,כנפיים עוף+נקיון,,,כנפיים עוף+נקיון,קילוגרמים,1.00,"ק""ג",true,,14.90,14.9000,true,1,1190532
7290001664483,false,הודו אדום טחון,,,הודו אדום טחון,קילוגרמים,1.00,"ק""ג",true,,69.90,69.9000,true,1,1190539
7290001664544,false,צלעות טלה טרי,,,צלעות טלה טרי,קילוגרמים,1.00,"ק""ג",true,,199.00,199.0000,true,1,1190543
7290001664919,false,סטייק פרגיות,,,סטייק פרגיות,קילוגרמים,1.00,"ק""ג",true,,79.90,79.9000,true,1,1190549
7290001664964,false,קוביות/חזה עוף פרוס,,,קוביות/חזה עוף פרוס,קילוגרמים,1.00,"ק""ג",true,,44.90,44.9000,true,1,1190550
7290001670224,false,מלית פרג,,,מלית פרג,גרמים,400.00,100 גרם,false,,10.90,0.0273,true,1,1169130
7290001670255,false,כוסות קרטון 8 50 יח,,,כוסות קרטון 8 50 יח,יח',50.00,יח',false,,9.90,0.1980,true,1,2107556
7290001670354,false,מפת שולחן סופגת,,,מפת שולחן סופגת,יחידה,0.00,יחידה,false,,9.90,0.0000,true,1,1169136
7290001670385,false,מפיות אירוח,,,מפיות אירוח,יח',100.00,יח',false,,4.90,0.0490,true,1,1169137
7290001670521,false,מלית תפוח עץ,,,מלית תפוח עץ,גרמים,400.00,100 גרם,false,,10.90,0.0273,true,1,1169144
7290001670668,false,קרחוניות 12 יח',,,קרחוניות 12 יח',יח',12.00,יח',false,,3.90,0.3250,true,1,1169146
7290001670736,false,כפפות ניילון שקוף 10,,,כפפות ניילון שקוף 10,יח',100.00,יח',false,,4.90,0.0490,true,1,1169147
7290001670859,false,מלית דובדבנים,,,מלית דובדבנים,גרמים,400.00,100 גרם,false,,10.90,0.0273,true,1,1169150
7290001690147,false,טעם טוב גבינה מותכת,,,טעם טוב גבינה מותכת,גרמים,120.00,100 גרם,false,,9.90,0.0825,true,1,2104478
7290001791356,false,מטהר אוויר פרש אוטומ,סנו,IL,סנופרש אוטומטי לבנדר250מ,מיליליטרים,250.00,"100 מ""ל",false,,12.90,0.0516,true,1,1167392
7290001791363,false,מטהר אוויר פרש אוטומ,סנו,IL,סנופרש אוטומטי וניל 250מ,מיליליטרים,250.00,"100 מ""ל",false,,12.90,0.0516,true,1,1167393
7290001813454,false,חיוכים שוקו 900 גרם,,,חיוכים שוקו 900 גרם,גרמים,900.00,100 גרם,false,,19.90,0.0221,true,1,2136430
7290001813478,false,חיוכים וניל 900 גרם,,,חיוכים וניל 900 גרם,גרמים,900.00,100 גרם,false,,19.90,0.0221,true,1,2136431
7290001817728,false,צ'יטוס 55 גרם כאפה,שטראוס,IL,ציטוס כאפה 55 גר תפזורת,גרמים,55.00,100 גרם,false,,3.50,0.0636,true,1,1189934
7290001865439,false,אל סבון פמילי 1 ליטר,אינטרקוסמא,IL,פמלי אל סבון ליטר ונילה [,ליטרים,1.00,ליטר,false,,9.90,9.9000,true,1,1199572
7290001865453,false,אל סבון פמילי 1 ליטר,אינטרקוסמא,IL,פמלי אל סבון ליטר לבנדר [,ליטרים,1.00,ליטר,false,,9.90,9.9000,true,1,1199573
7290001865460,false,אל סבון פמילי 1 ליטר,אינטרקוסמא,IL,פמלי אל סבון ליטר ליים [י,ליטרים,1.00,ליטר,false,,9.90,9.9000,true,1,1199574
7290001892008,false,לחם שיפון בסגנון סקנ,מאפיית פולנסקי,IL,לחם סקנדינבי,גרמים,700.00,100 גרם,false,,11.90,0.0170,true,1,1184384
7290001892060,false,לחם שיפון ללא סוכר 6,מאפיית פולנסקי,IL,לחם שיפון,גרמים,650.00,100 גרם,false,,11.90,0.0183,true,1,1184388
7290001892077,false,לחם שיפון בריאות/רוס,מאפיית פולנסקי,IL,לחם בריאות/רוסי/אוקראיני,גרמים,700.00,100 גרם,false,,11.90,0.0170,true,1,1184389
7290001892084,false,לחם חיטה נבוטה 700 ג,,,לחם חיטה נבוטה 700 ג,גרמים,700.00,100 גרם,false,,11.90,0.0170,true,1,1184390
7290001892145,false,לחם טוסטים 700 גרם ל,מאפיית פולנסקי,IL,לחם טוסט קטן,גרמים,700.00,100 גרם,false,,11.90,0.0170,true,1,1184393
7290001901670,false,צנצנת קציצות דיאט 4,,,צנצנת קציצות דיאט 4,גרמים,510.00,100 גרם,false,,15.90,0.0312,true,1,1293722
7290001917527,false,פדיות קוסטיקה שליישי,על בד,IL,פדיות קוסמטיות **1X3**,יח',3.00,יח',false,,14.90,4.9667,true,1,1199577
7290001946015,false,אריסה מתוקה,תבליני ביטון מאיר,IL,אריסה מתוקה 250ג- 12יח',גרמים,250.00,100 גרם,false,,12.90,0.0516,true,1,1193773
7290001946046,false,עמבה,תבליני ביטון מאיר,IL,עמבה 250ג- 12יח',גרמים,250.00,100 גרם,false,,12.90,0.0516,true,1,1193774
7290001946077,false,אריסה חריפה,תבליני ביטון מאיר,IL,אריסה חריפה 250ג- 12יח',גרמים,250.00,100 גרם,false,,12.90,0.0516,true,1,1193775
7290001946237,false,פלפל צ'ומה,תבליני ביטון מאיר,IL,פלפל צ'ומה 250ג- 12יח',גרמים,250.00,100 גרם,false,,12.90,0.0516,true,1,1193776
7290001946299,false,סחוג תימני,תבליני ביטון מאיר,IL,סחוג תימני 250ג- 12יח',גרמים,250.00,100 גרם,false,,12.90,0.0516,true,1,1193777
7290001946503,false,שום כתוש,תבליני ביטון מאיר,IL,שום כתוש 250ג- 12יח',גרמים,250.00,100 גרם,false,,12.90,0.0516,true,1,1193778
7290001946725,false,לימון באלדי,תבליני ביטון מאיר,IL,לימון באלדי 250ג- 12יח',גרמים,250.00,100 גרם,false,,12.90,0.0516,true,1,1193779
7290001973233,false,מגבונים דיספנסר 120,"ד""ר פישר Dr fischer",IL,ק.ב סנסטיב מגבונים 120 יח,יח',120.00,יח',false,,12.90,0.1075,true,1,1198305
7290002000136,false,שעווה מגע המשי,שוורץ,IL,מגע המשי הדבש ש.למיקרוגל,גרמים,500.00,100 גרם,false,,16.90,0.0338,true,1,1199578
7290002000143,false,פנג'ל קרם ידיים 80 מ,אינטרקוסמא,IL,חדש -פנג'ל ק.ידיים קלאסיק,מיליליטרים,80.00,"100 מ""ל",false,,6.90,0.0863,true,1,1199579
7290002001782,false,קרם לכף רגל פנג'ל,אינטרקוסמא,IL,חדש-פנג'ל פלוס קרם כף רגל,גרמים,100.00,100 גרם,false,,14.90,0.1490,true,1,1199581
7290002002857,false,נייר לשעוה מגע המשי,ALSOM BIGANDO,FR,מגע המשי נייר הדבש 50יח,יח',50.00,יח',false,,18.90,0.3780,true,1,1199589
7290002003168,false,פנג'ל קרם ידיים קלאס,,,פנג'ל קרם ידיים קלאס,מיליליטרים,240.00,"100 מ""ל",false,,19.90,0.0829,true,1,1908208
7290002007234,false,אבקת סוכר 100 גרם,,,אבקת סוכר 100 גרם,גרמים,100.00,100 גרם,false,,1.90,0.0190,true,1,1169153
7290002007241,false,סודה לשתיה,,,סודה לשתיה,גרמים,50.00,100 גרם,false,,1.90,0.0380,true,1,1169154
7290002007302,false,סוכריות קישוט לעוגה,,,סוכריות קישוט לעוגה,גרמים,100.00,100 גרם,false,,4.90,0.0490,true,1,1169156
7290002007357,false,שקיות לצליה,,,שקיות לצליה,יח',10.00,יח',false,,4.90,0.4900,true,1,1169157
7290002007371,false,פירורי לחם 500ג.,,,פירורי לחם 500ג.,גרמים,500.00,100 גרם,false,,5.90,0.0118,true,1,1169158
7290002007487,false,צמר פלדה,,,צמר פלדה,גרמים,100.00,גרם,false,,2.90,0.0290,true,1,1169161
7290002007500,false,קיסמי שיניים 500 יח,,,קיסמי שיניים 500 יח,יח',500.00,יח',false,,3.80,0.0076,true,1,1169162
7290002007821,false,צבע מאכל אדום,,,צבע מאכל אדום,מיליליטרים,55.00,"100 מ""ל",false,,2.90,0.0527,true,1,1169167
7290002007852,false,תמצית לאפיה וניל,,,תמצית לאפיה וניל,מיליליטרים,55.00,"100 מ""ל",false,,2.90,0.0527,true,1,1169168
7290002008057,false,תמצית אפיה רום,,,תמצית אפיה רום,מיליליטרים,55.00,"100 מ""ל",false,,2.90,0.0527,true,1,1169176
7290002008156,false,נייר לעוגיות מס.5 13,,,נייר לעוגיות מס.5 13,יח',130.00,יח',false,,4.90,0.0377,true,1,1169181
7290002008170,false,נייר לעוגיות מס.3 13,,,נייר לעוגיות מס.3 13,יח',130.00,יח',false,,3.90,0.0300,true,1,1169182
7290002008224,false,סוכריות קישוט,,,סוכריות קישוט,גרמים,60.00,100 גרם,false,,4.90,0.0817,true,1,1169184
7290002008309,false,נייר לעוגיות מס.4 13,,,נייר לעוגיות מס.4 13,יח',130.00,יח',false,,4.90,0.0377,true,1,1169189
7290002008354,false,מפות ניילון בגליל 8,,,מפות ניילון בגליל 8,יח',8.00,יח',false,,7.90,0.9875,true,1,1169190
7290002008460,false,נייר לעוגיות מס.1.5,,,נייר לעוגיות מס.1.5,יח',130.00,יח',false,,2.90,0.0223,true,1,1169194
7290002008507,false,נייר אפייה 50 יח,,,נייר אפייה 50 יח,יח',50.00,יח',false,,8.90,0.1780,true,1,1169196
7290002008743,false,סוכר וניל 10 יח',,,סוכר וניל 10 יח',גרמים,100.00,100 גרם,false,,1.90,0.0190,true,1,1169202
7290002008750,false,אבקת אפיה 10 יח',,,אבקת אפיה 10 יח',גרמים,100.00,100 גרם,false,,1.90,0.0190,true,1,1169203
7290002008835,false,מגן כיריים,,,מגן כיריים,יח',4.00,יח',false,,4.90,1.2250,true,1,1169204
7290002008903,false,נייר טואלט חתוך במזו,,,נייר טואלט חתוך במזו,יח',12.00,יח',false,,19.90,1.6583,true,1,1169206
7290002008927,false,סוכריות קישוט שוקו ל,,,סוכריות קישוט שוקו ל,גרמים,100.00,100 גרם,false,,4.90,0.0490,true,1,1169207
7290002022152,false,מרשמלו 100 גרם,כרמית תעשיות ממתקים,IL,כרמית מרשמלו 100 גרם,גרמים,100.00,100 גרם,false,,3.00,0.0300,true,1,1185535
7290002022923,false,לקקן בטעם תות 50 יח',כרמית תעשיות ממתקים,IL,כרמית לקקן תות 50יח',גרמים,450.00,100 גרם,false,,18.90,0.0420,true,1,1185537
7290002026341,false,צ'יפס בטטה אריסטו,,,צ'יפס בטטה אריסטו,גרמים,500.00,100 גרם,false,,14.90,0.0298,true,1,1254401
7290002026358,false,צ'יפס בטטה אריסטו זי,,,צ'יפס בטטה אריסטו זי,גרמים,500.00,100 גרם,false,,14.90,0.0298,true,1,1254402
7290002026402,false,בלינצס גבינה.,מוצרי איכות אמריקאיי,IL,בלינצ'ס גבינה קפוא 350גר,גרמים,350.00,100 גרם,false,,15.90,0.0454,true,1,1174492
7290002026440,false,בייגלה פרצלס קפוא.,מוצרי איכות אמריקאיי,IL,פרצלס קפוא פרצלס קפוא,גרמים,280.00,100 גרם,false,,15.90,0.0568,true,1,1174496
7290002026976,false,גלידת בן אנד ג'ריס.,,,גלידת בן אנד ג'ריס.,מיליליטרים,500.00,"100 מ""ל",false,,24.90,0.0498,true,1,1889047
7290002026983,false,גלידת שוקולד בן אנד,,,גלידת שוקולד בן אנד,מיליליטרים,500.00,"100 מ""ל",false,,24.90,0.0498,true,1,1889052
7290002037057,false,לחם לבן פרוס 500 גרם,,,לחם לבן פרוס 500 גרם,גרמים,500.00,100 גרם,false,,5.90,0.0118,true,1,1170956
7290002037163,false,לחם אחיד כהה פרוס 75,,,לחם אחיד כהה פרוס 75,גרמים,750.00,100 גרם,false,,6.90,0.0092,true,1,1170959
7290002037637,false,חליה מתוקה 4 יחידות.,,,חליה מתוקה 4 יחידות.,גרמים,360.00,100 גרם,false,,12.90,0.0358,true,1,1170967
7290002040019,false,קוסקוס רגיל בשקית 35,,,קוסקוס רגיל בשקית 35,גרמים,350.00,100 גרם,false,,5.50,0.0157,true,1,1169210
7290002040064,false,קוסקוס דק בשקית.,,,קוסקוס דק בשקית.,גרמים,350.00,100 גרם,false,,5.50,0.0157,true,1,1169212
7290002040071,false,קוסקוס עבה בשקית 350,,,קוסקוס עבה בשקית 350,גרמים,350.00,100 גרם,false,,5.50,0.0157,true,1,1169213
7290002040088,false,קוסקוס מלא 350 גר.,,,קוסקוס מלא 350 גר.,גרמים,350.00,100 גרם,false,,6.50,0.0186,true,1,1169214
7290002041023,false,רעננה אורגינל,,,רעננה אורגינל,גרמים,12.50,100 גרם,false,,39.90,3.1920,true,1,1175352
7290002041818,false,דאודורנט און מידנייט,,,דאודורנט און מידנייט,מיליליטרים,80.00,"100 מ""ל",false,,14.90,0.1863,true,1,1175357
7290002041832,false,דאודורנט רולאון לאבל,,,דאודורנט רולאון לאבל,מיליליטרים,80.00,"100 מ""ל",false,,14.90,0.1863,true,1,1175358
7290002043294,false,ציפס אורז חום מלא טק,,,ציפס אורז חום מלא טק,גרמים,25.00,100 גרם,false,,3.90,0.1560,true,1,2044889
7290002043317,false,ציפס אורז חום מלא צי,,,ציפס אורז חום מלא צי,גרמים,25.00,100 גרם,false,,3.90,0.1560,true,1,2044890
7290002043324,false,ציפס אורז חום מלא צי,,,ציפס אורז חום מלא צי,גרמים,25.00,100 גרם,false,,3.90,0.1560,true,1,2044891
7290002053088,false,איטריות ביצים מס' 8.,אוריינטל,PL,8 אטריות ביצים,גרמים,200.00,100 גרם,false,,6.90,0.0345,true,1,1159471
7290002053101,false,איטריות ביצים מס' 12,אוריינטל,PL,12 אטריות ביצים,גרמים,200.00,100 גרם,false,,6.90,0.0345,true,1,1159473
7290002053118,false,איטריות ביצים מס' 14,אוריינטל,PL,14 אטריות ביצים,גרמים,200.00,100 גרם,false,,6.90,0.0345,true,1,1159474
7290002053354,false,נודלס אטריות להקפצה,אוריינטל,PL,נודלס סיני300גר,גרמים,300.00,100 גרם,false,,9.90,0.0330,true,1,1159475
7290002053538,false,נודלס איטריות.,,,נודלס איטריות.,גרמים,400.00,100 גרם,false,,13.90,0.0348,true,1,2015723
7290002057017,false,זיתים נובו ענק,,,זיתים נובו ענק,גרמים,560.00,100 גרם,false,,8.90,0.0159,true,1,1205335
7290002057031,false,זיתים מבוקע פיקנטי,,,זיתים מבוקע פיקנטי,גרמים,560.00,100 גרם,false,,8.90,0.0159,true,1,1205336
7290002057048,false,סורי מבוקע,,,סורי מבוקע,גרמים,540.00,100 גרם,false,,10.50,0.0194,true,1,1205337
7290002057062,false,זיתים מנזנילו ירוק ב,,,זיתים מנזנילו ירוק ב,גרמים,560.00,100 גרם,false,,6.90,0.0123,true,1,1205339
7290002057093,false,מנזנילו גדול,,,מנזנילו גדול,גרמים,540.00,100 גרם,false,,7.90,0.0146,true,1,1205342
7290002057109,false,זיתים מנזנילו גדול מ,,,זיתים מנזנילו גדול מ,גרמים,540.00,100 גרם,false,,8.90,0.0165,true,1,1205343
7290002057123,false,זיתים ירוקים מנזנילו,,,זיתים ירוקים מנזנילו,גרמים,560.00,100 גרם,false,,9.50,0.0170,true,1,1205344
7290002057178,false,זיתים טבעי גדול,,,זיתים טבעי גדול,גרמים,560.00,100 גרם,false,,8.90,0.0159,true,1,1205349
7290002057185,false,טבעות זיתים ירוקים,,,טבעות זיתים ירוקים,גרמים,560.00,100 גרם,false,,9.20,0.0164,true,1,1205350
7290002057321,false,מלפפון במלח 21-25,,,מלפפון במלח 21-25,קילוגרמים,1.30,"ק""ג",false,,14.90,11.4615,true,1,1205355
7290002057352,false,מלפפון במלח 7-9,,,מלפפון במלח 7-9,גרמים,560.00,100 גרם,false,,6.50,0.0116,true,1,1205357
7290002057369,false,מלפפון במלח 10-12,,,מלפפון במלח 10-12,גרמים,560.00,100 גרם,false,,7.50,0.0134,true,1,1205358
7290002057376,false,מלפפון במלח 13-17,,,מלפפון במלח 13-17,גרמים,560.00,100 גרם,false,,6.90,0.0123,true,1,1205359
7290002057451,false,מלפפון בחומץ 7-9,,,מלפפון בחומץ 7-9,גרמים,560.00,100 גרם,false,,6.50,0.0116,true,1,1205365
7290002057468,false,מלפפון חומץ 10-12 A2,,,מלפפון חומץ 10-12 A2,גרמים,560.00,100 גרם,false,,7.50,0.0134,true,1,1205366
7290002057475,false,מלפפון בחומץ 13-17 A,,,מלפפון בחומץ 13-17 A,גרמים,560.00,100 גרם,false,,6.90,0.0123,true,1,1205367
7290002057482,false,מלפפון חמוץ 18-25 A2,,,מלפפון חמוץ 18-25 A2,גרמים,560.00,100 גרם,false,,12.90,0.0230,true,1,1205368
7290002057604,false,פלפל שיפקה A2,,,פלפל שיפקה A2,גרמים,560.00,100 גרם,false,,5.90,0.0105,true,1,1205370
7290002057628,false,טבעות זיתים מושחרים,,,טבעות זיתים מושחרים,גרמים,560.00,100 גרם,false,,9.50,0.0170,true,1,1205372
7290002057703,false,חצילים A2,,,חצילים A2,גרמים,560.00,100 גרם,false,,6.90,0.0123,true,1,1205374
7290002057734,false,חרוזית מושחר,,,חרוזית מושחר,גרמים,560.00,100 גרם,false,,8.90,0.0159,true,1,1205376
7290002075233,false,אייס 250 גרם,,,אייס 250 גרם,גרמים,250.00,100 גרם,false,,18.90,0.0756,true,1,1184397
7290002075271,false,סוכריות ריקולה צמחים,,,סוכריות ריקולה צמחים,גרמים,70.00,100 גרם,false,,9.90,0.1414,true,1,1184398
7290002077725,false,פילה סלמון מצונן 100,,,פילה סלמון מצונן 100,גרמים,100.00,100 גרם,false,,19.90,0.1990,true,1,1995529
7290002105220,false,שריר הזרוע מס' 8 מחפ,,,שריר הזרוע מס' 8 מחפ,קילוגרמים,1.00,"ק""ג",true,,59.90,59.9000,true,1,1170994
7290002107071,false,בולגרית עיזים מעודנת,משק צוריאל,IL,פטה עיזים מעודנת בגביע -,גרמים,200.00,100 גרם,false,,21.90,0.1095,true,1,1176128
7290002107316,false,"טבורוג ק""ג.",משק צוריאל,IL,"טבורוג 5% - 2 ק""ג",קילוגרמים,1.00,"ק""ג",true,,39.00,39.0000,true,1,1176131
7290002107385,false,גבינת עיזים מה-עז צו,משק צוריאל,IL,מה-עז - גליל גבינת עיזים,גרמים,180.00,100 גרם,false,,21.90,0.1217,true,1,1176132
7290002118435,false,צמרוני אוזניים 300 י,,,צמרוני אוזניים 300 י,יח',300.00,יח',false,,6.90,0.0230,true,1,1169217
7290002128014,false,"נרות שבת מס"" 4",מנורה,IL,נרות שבת מנורה מספר 4 (19,יח',4.00,יח',false,,3.50,0.8750,true,1,1199496
7290002128045,false,נרות הבדלה רגיל,מנורה,IL,נר הבדלה רגיל שטוח  בקופס,יח',1.00,יח',false,,5.90,5.9000,true,1,1199499
7290002128212,false,"נרות שבת מ""ס 6",מנורה,IL,נרות שבת מנורה מספר 6 (19,יחידה,0.00,יחידה,false,,3.50,0.0000,true,1,1199504
7290002128236,false,"נרות שבת מ""ס 10",מנורה,IL,נרות שבת מנורה מספר 10 (1,יח',10.00,יח',false,,3.50,0.3500,true,1,1199506
7290002128250,false,"נרות שבת מ""ס 16",מנורה,IL,נרות שבת מנורה מספר 16 (1,יח',16.00,יח',false,,3.50,0.2188,true,1,1199508
7290002128267,false,"נרות שבת מ""ס 20",מנורה,IL,נרות שבת מנורה מספר 20 (1,יח',20.00,יח',false,,3.50,0.1750,true,1,1199509
7290002128281,false,נר ריחני בכוס בצבעי,,,נר ריחני בכוס בצבעי,יחידה,0.00,יחידה,false,,9.90,0.0000,true,1,2000586
7290002128311,false,נר נשמה 7 ימים בכוס,מנורה,IL,נרות נשמה שבועי בכוס זכוכ,יחידה,0.00,יחידה,false,,9.90,0.0000,true,1,1199511
7290002128700,false,נרות חימום 50 בשקית,מנורה,IL,נרות חימום מנורה 50 יחידו,יח',50.00,יח',false,,12.90,0.2580,true,1,1199514
7290002128762,false,נר נשמה 72 שעות בכוס,מנורה,IL,נרות נשמה בכוס דולקים 72,יח',1.00,יח',false,,5.90,5.9000,true,1,1199516
7290002128786,false,זוג כוסיות לנרות,מנורה,IL,"זוג כוסיות לנריות בקופסה,",יח',2.00,יח',false,,3.20,1.6000,true,1,1199517
7290002128793,false,נר הבדלה מיוחד,מנורה,IL,נר הבדלה מיוחד מבריק  בקו,יח',1.00,יח',false,,6.90,6.9000,true,1,1199518
7290002128946,false,נר נשמה 48 שעות בכוס,מנורה,IL,נרות נשמה בכוס דולקים  48,יח',1.00,יח',false,,4.20,4.2000,true,1,1199521
7290002129455,false,פיצה איטלקית XL שלוש,,,פיצה איטלקית XL שלוש,גרמים,450.00,100 גרם,false,,19.90,0.0442,true,1,1633833
7290002129462,false,פיצה איטלקית דקה שלו,,,פיצה איטלקית דקה שלו,גרמים,640.00,100 גרם,false,,21.90,0.0342,true,1,1432646
7290002129479,false,פיצה דקה שלושת האופי,,,פיצה דקה שלושת האופי,גרמים,320.00,100 גרם,false,,12.90,0.0403,true,1,1855610
7290002130567,false,דבש 350 גרם,שטראוס,IL,דבש טהור 350 גרם,גרמים,350.00,100 גרם,false,,16.90,0.0483,true,1,1189340
7290002130581,false,"דבש טהור 1 ק""ג",שטראוס,IL,"דבש טהור 1 ק""ג",גרמים,1000.00,100 גרם,false,,39.90,0.0399,true,1,1189341
7290002132011,false,עוגיות מזרחיות עבאדי,עבאדי,IL,עוגיות מזרחיות 500 גרם,גרמים,400.00,100 גרם,false,,17.90,0.0447,true,1,1186251
7290002150107,false,"קובה בשר 1 ק""ג",חמים וטעים,IL,"קובה בשר 1 ק""ג",קילוגרמים,1.00,"ק""ג",false,,32.90,32.9000,true,1,1171317
7290002150169,false,אמפנדס במילוי בשר וז,חמים וטעים,IL,אמפנדס בשר מטוגן 800 גר`,גרמים,800.00,100 גרם,false,,32.90,0.0411,true,1,1171321
7290002150305,false,"סיגרים בשר 1 ק""ג",חמים וטעים,IL,"סיגר בשר 1 ק""ג",קילוגרמים,1.00,"ק""ג",false,,32.90,32.9000,true,1,1171329
7290002150336,false,"פלאפל אמיתי בד""ץ 800",חמים וטעים,IL,"בד""צ פלאפל אמיתי  800 גר",גרמים,800.00,100 גרם,false,,22.90,0.0286,true,1,1171331
7290002150374,false,"קובה חמוסטה למרק בד""",חמים וטעים,IL,"בד""צ קובה חמוסטה 1 קג",קילוגרמים,1.00,"ק""ג",false,,32.90,32.9000,true,1,1171335
7290002150404,false,סיגרים תפוח אדמה 1 ק,חמים וטעים,IL,"סיגר תפו""א 1 ק""ג",קילוגרמים,1.00,"ק""ג",false,,26.90,26.9000,true,1,1171337
7290002150503,false,"אגרול סיני 1 ק""ג",חמים וטעים,IL,"אגרול סיני 1 ק""ג",קילוגרמים,1.00,"ק""ג",false,,32.90,32.9000,true,1,1171338
7290002150589,false,סמבוסק אורגינל במילו,חמים וטעים,IL,סמבוסק חומוס מטוגן 800 גר,גרמים,800.00,100 גרם,false,,32.90,0.0411,true,1,1171342
7290002150626,false,"קובה סורי מטוגן 1 ק""",חמים וטעים,IL,"קובה סורית מטוגן 1 ק""ג",קילוגרמים,1.00,"ק""ג",false,,32.90,32.9000,true,1,1171343
7290002150664,false,"קובה ביתי מטוגן 1 ק""",חמים וטעים,IL,"קובה ביתי מטוגן 1 ק""ג",קילוגרמים,1.00,"ק""ג",false,,32.90,32.9000,true,1,1171344
7290002150671,false,קרפלך במילוי בשר 1 ק,חמים וטעים,IL,"קרפלך בשר 1 ק""ג",קילוגרמים,1.00,"ק""ג",false,,32.90,32.9000,true,1,1171345
7290002150688,false,קרפלך במילוי תפוחי א,חמים וטעים,IL,"קרפלך תפוא 1 ק""ג",קילוגרמים,1.00,"ק""ג",false,,27.90,27.9000,true,1,1171346
7290002157953,false,טונה ויליגר בשמן קנו,,,טונה ויליגר בשמן קנו,גרמים,560.00,100 גרם,false,,19.90,0.0355,true,1,2006334
7290002157960,false,טונה ויליגר במי מלח,,,טונה ויליגר במי מלח,גרמים,560.00,100 גרם,false,,19.90,0.0355,true,1,2007640
7290002190141,false,ריבת חלב 450 גרם,,,ריבת חלב 450 גרם,גרמים,450.00,100 גרם,false,,14.90,0.0331,true,1,1186517
7290002210009,false,חלבה בלוק 500 גרם ונ,,,חלבה בלוק 500 גרם ונ,גרמים,500.00,100 גרם,false,,8.90,0.0178,true,1,1362489
7290002210085,false,"חלבה בלוק 1 ק""ג קסטה",,,"חלבה בלוק 1 ק""ג קסטה",גרמים,1000.00,100 גרם,false,,15.90,0.0159,true,1,1362500
7290002210115,false,חלבה בלוק 500 גרם שק,,,חלבה בלוק 500 גרם שק,גרמים,500.00,100 גרם,false,,10.90,0.0218,true,1,1362492
7290002210412,false,חלבה 100 גרם,,,חלבה 100 גרם,גרמים,100.00,100 גרם,false,,3.90,0.0390,true,1,1362494
7290002210429,false,חלבה מצופה 80 גרם,,,חלבה מצופה 80 גרם,גרמים,80.00,100 גרם,false,,3.90,0.0487,true,1,1362495
7290002210467,false,חלבה 12 יחדות בקוופס,,,חלבה 12 יחדות בקוופס,יחידה,0.00,יחידה,false,,9.90,0.0000,true,1,1362503
7290002210511,false,טחינה 500 גרם,,,טחינה 500 גרם,גרמים,500.00,100 גרם,false,,8.90,0.0178,true,1,1362506
7290002210528,false,"טחינה 1 ק""ג",,,"טחינה 1 ק""ג",קילוגרמים,1000.00,"100 ק""ג",false,,17.90,0.0179,true,1,1362507
7290002239185,false,אפונה פרי הגליל,פרי הגליל,IL,אפונה 800פג,גרמים,800.00,100 גרם,false,,9.90,0.0124,true,1,1193783
7290002239215,false,אפונה וגזר פרי הגליל,פרי הגליל,IL,אפונה וגזר 800פג,גרמים,800.00,100 גרם,false,,9.90,0.0124,true,1,1193784
7290002239277,false,גזר גמדי פרי הגליל,פרי הגליל,IL,ג .גמדי 800פג,גרמים,800.00,100 גרם,false,,7.90,0.0099,true,1,1193785
7290002239338,false,שעועית ירוקה חתוכה פ,פרי הגליל,IL,שע ירוקה 800פג,גרמים,800.00,100 גרם,false,,9.90,0.0124,true,1,1193787
7290002239369,false,שעועית שלמה פרי הגלי,פרי הגליל,IL,שע שלמה 800פג,גרמים,800.00,100 גרם,false,,9.90,0.0124,true,1,1193788
7290002239420,false,תירס גרעינים פרי הגל,פרי הגליל,IL,תירס 800פג,גרמים,800.00,100 גרם,false,,9.90,0.0124,true,1,1193789
7290002253006,false,שום כתוש טרי 200 גרם,עיצובים 2020 (3.8),IL,שום כתוש 200 גרם מרקם רך,גרמים,200.00,100 גרם,false,,16.90,0.0845,true,1,1156017
7290002253105,false,קוביות שום דורות,עיצובים 2020 (3.8),IL,שום כתוש 80 גרם,גרמים,80.00,100 גרם,false,,11.90,0.1488,true,1,1156021
7290002253150,false,בזיליקום קצוץ,עיצובים 2020 (3.8),IL,בזיליקום קצוץ 70 גרם,גרמים,70.00,100 גרם,false,,9.90,0.1414,true,1,1156022
7290002253167,false,פטרוזיליה קצוצה,עיצובים 2020 (3.8),IL,פטרוזיליה קצוצה 70 גרם,גרמים,70.00,100 גרם,false,,9.90,0.1414,true,1,1156023
7290002253181,false,כוסברה קצוצה,עיצובים 2020 (3.8),IL,כוסברה קצוצה 70 גרם,גרמים,70.00,100 גרם,false,,9.90,0.1414,true,1,1156025
7290002253198,false,ג'ינג'ר כתוש,עיצובים 2020 (3.8),IL,ג'ינג'יר כתוש 70 גרם,גרמים,70.00,100 גרם,false,,9.90,0.1414,true,1,1156026
7290002253235,false,רוטב פסטו דורות,עיצובים 2020 (3.8),IL,רוטב פסטו 160 גרם,גרמים,160.00,100 גרם,false,,11.90,0.0744,true,1,1242181
7290002253259,false,רוטב עגבניות בזיליקו,עיצובים 2020 (3.8),IL,רוטב עגבניות בזיליקום 160,גרמים,160.00,100 גרם,false,,11.90,0.0744,true,1,1242183
7290002253310,false,שום צילי חריף קוביות,עיצובים 2020 (3.8),,שום צילי חריף קוביות,גרמים,80.00,100 גרם,false,,11.90,0.1488,true,1,1832348
7290002259657,false,רדיד אלומניום 22.8X0,ריינולדס,US,רדיד אלומיניום צר רוחב 30,מטרים,22.80,מטר,false,,22.90,1.0044,true,1,1192925
7290002259664,false,רדיד אלומניום 60.8X0,ריינולדס,US,רדיד אלומיניום צר רוחב 30,מטרים,60.00,מטר,false,,47.90,0.7983,true,1,1192926
7290002259930,false,רדיד אלומיניום זוגות,ריינולדס,US,זוג רדיד אלומיניום צר רוח,מטרים,15.20,מטר,false,,19.90,1.3092,true,1,1192927
7290002269984,false,דאודורנט תרסיס מי 17,אמיליה קוסמטיקס,IL,"175מ""ל ME דאודורנט ספריי",מיליליטרים,175.00,"100 מ""ל",false,,19.90,0.1137,true,1,1190932
7290002270690,false,קרם ידיים גדול קרליי,,,קרם ידיים גדול קרליי,מיליליטרים,80.00,"100 מ""ל",false,,7.40,0.0925,true,1,1190935
7290002277248,false,גבינה מון בלאן זעתר,,,גבינה מון בלאן זעתר,גרמים,120.00,100 גרם,false,,12.90,0.1075,true,1,1301514
7290002278528,false,זוג כריות לניקוי כלי,פלסטו פוליש (ברקן),IL,כרית שבת כלין 2 יח' 1/24,יח',2.00,יח',false,,7.90,3.9500,true,1,1218630
7290002317005,false,זיתים טבעות מושחר,שימורי מוטולה,IL,זיתים מושחר טבעות A2,גרמים,560.00,100 גרם,false,,9.90,0.0177,true,1,1166891
7290002317081,false,חרוזית+20%,שימורי מוטולה,IL,זיתים  נטולי גלעין20%+A2,גרמים,670.00,100 גרם,false,,9.90,0.0148,true,1,1166894
7290002317128,false,מלפפון במלח 10-12,שימורי מוטולה,IL,מלפפון במלח A2 10-12,גרמים,560.00,100 גרם,false,,8.90,0.0159,true,1,1166896
7290002317135,false,מלפפון במלח 13-17,שימורי מוטולה,IL,מלפפון במלח A2 13-17,גרמים,560.00,100 גרם,false,,10.90,0.0195,true,1,1166897
7290002317142,false,מלפפון במלח 18-25,שימורי מוטולה,IL,מלפפון במלח A2 18-25,גרמים,560.00,100 גרם,false,,11.90,0.0213,true,1,1166898
7290002317166,false,מלפפון בחומץ 10-12,,,מלפפון בחומץ 10-12,גרמים,560.00,100 גרם,false,,8.90,0.0159,true,1,1166899
7290002317173,false,מלפפון בחומץ 13-17,שימורי מוטולה,IL,מלפפון בחומץ A2 13-17,גרמים,560.00,100 גרם,false,,10.90,0.0195,true,1,1166900
7290002317241,false,זיתים סורי מבוקע,,,זיתים סורי מבוקע,גרמים,560.00,100 גרם,false,,11.90,0.0213,true,1,1166905
7290002317258,false,זיתים סורי שלם,שימורי מוטולה,IL,זיתים סורי שלם A2,גרמים,560.00,100 גרם,false,,11.90,0.0213,true,1,1166906
7290002317265,false,מלפפון במלח 7-9 +20%,שימורי מוטולה,IL,מלפפון במלח 20%+ A2 7-9,גרמים,670.00,100 גרם,false,,6.90,0.0103,true,1,1166907
7290002317289,false,חצילים,שימורי מוטולה,IL,חצילים  A2,גרמים,560.00,100 גרם,false,,7.90,0.0141,true,1,1166908
7290002317296,false,שיפקה,שימורי מוטולה,IL,פלפל חריף שיפקה 20%+ A2,גרמים,550.00,100 גרם,false,,7.90,0.0144,true,1,1166909
7290002317319,false,מלפפון בחומץ 7-9 20%,שימורי מוטולה,IL,מלפפון בחומץ 20%+ A2 7-9,גרמים,670.00,100 גרם,false,,6.90,0.0103,true,1,1166911
7290002317326,false,זיתים מנזנילו 12-15,שימורי מוטולה,IL,זיתים מנז' 20%+ A2 12-15,גרמים,670.00,100 גרם,false,,7.90,0.0118,true,1,1166912
7290002317357,false,שיפקה צינצנת,שימורי מוטולה,IL,פלפל חריף שיפקה צנצנת 275,גרמים,630.00,100 גרם,false,,8.90,0.0141,true,1,1166913
7290002317401,false,"מנזנילו 15-17 1.3 ק""",שימורי מוטולה,IL,זיתים מנז' 43OZ 15-17,גרמים,1300.00,100 גרם,false,,17.90,0.0138,true,1,1166916
7290002317456,false,רצועות פלפל אדום מתו,,,רצועות פלפל אדום מתו,גרמים,560.00,100 גרם,false,,7.90,0.0141,true,1,1166918
7290002317463,false,מלפפון במלח 15-20,שימורי מוטולה,IL,מלפפון במלח 43OZ  15-20,גרמים,1300.00,100 גרם,false,,15.90,0.0122,true,1,1166919
7290002317470,false,מלפפון בחומץ 15-20,,,מלפפון בחומץ 15-20,גרמים,1300.00,100 גרם,false,,15.90,0.0122,true,1,1166920
7290002317500,false,מלפפון במלח 30-36,שימורי מוטולה,IL,מלפפון במלח A10 30-36,קילוגרמים,3.00,"ק""ג",false,,24.90,8.3000,true,1,1166921
7290002317579,false,זיתים טבעות ירוק,שימורי מוטולה,IL,זיתים טבעות ירוק A2,גרמים,560.00,100 גרם,false,,9.90,0.0177,true,1,1166924
7290002317609,false,כרוב כבוש,שימורי מוטולה,IL,כרוב כבוש A2,גרמים,560.00,100 גרם,false,,7.90,0.0141,true,1,1166925
7290002317616,false,מרינט חתוך,שימורי מוטולה,IL,זיתים חתוכים מרינט 17-19,גרמים,560.00,100 גרם,false,,9.90,0.0177,true,1,1166926
7290002317654,false,זית נובו ענק צנצנת,,,זית נובו ענק צנצנת,גרמים,700.00,100 גרם,false,,11.90,0.0170,true,1,1166929
7290002317661,false,זיתים מנזילינו גדול,שימורי מוטולה,IL,זיתים מנז' גדול צנצ' זכוכ,גרמים,560.00,100 גרם,false,,10.90,0.0195,true,1,1166930
7290002317678,false,זית חרוזית ירוק,,,זית חרוזית ירוק,גרמים,560.00,100 גרם,false,,9.90,0.0177,true,1,1166931
7290002317746,false,זית טבעי 17-19 צנצנת,שימורי מוטולה,IL,זיתים טבעי 17-19 צנצ' זכו,גרמים,560.00,100 גרם,false,,9.90,0.0177,true,1,1166932
7290002317753,false,זית טבעות צנצנת,שימורי מוטולה,IL,זיתים טבעות ירוק צנצ' זכו,גרמים,560.00,100 גרם,false,,9.90,0.0177,true,1,1166933
7290002317814,false,חצילים,שימורי מוטולה,IL,חצילים צנצנת זכוכית 400 ג,גרמים,700.00,100 גרם,false,,9.90,0.0141,true,1,1166935
7290002317852,false,מלפפונים במלח 1.65 ק,,,מלפפונים במלח 1.65 ק,גרמים,1650.00,100 גרם,false,,26.90,0.0163,true,1,1166937
7290002319016,false,אבקת אפייה עשיריות,מיה תעשיות מזון,IL,אבקת אפיה עשיריות,גרמים,100.00,100 גרם,false,,2.00,0.0200,true,1,1181431
7290002319023,false,סוכר וניל עשירים,מיה תעשיות מזון,IL,סוכר וניל עשיריות,גרמים,100.00,100 גרם,false,,2.00,0.0200,true,1,1181432
7290002319054,false,פרג טחון,מיה תעשיות מזון,IL,פרג טחון 100גרם,גרמים,100.00,100 גרם,false,,4.90,0.0490,true,1,1181434
7290002319092,false,קמח תפוח אדמה,מיה תעשיות מזון,IL,קמח תפוחי אדמה 500גרם,גרמים,500.00,100 גרם,false,,5.90,0.0118,true,1,1181436
7290002319313,false,אורז מלא,מיה תעשיות מזון,IL,אורז מלא 1ק''ג,קילוגרמים,1.00,"ק""ג",false,,8.90,8.9000,true,1,1181439
7290002319375,false,קורנפלור,מיה תעשיות מזון,IL,קורנפלור 200גרם (חדש),גרמים,200.00,100 גרם,false,,3.90,0.0195,true,1,1181442
7290002319405,false,קינמון,מיה תעשיות מזון,IL,קינמון 80גרם,גרמים,80.00,100 גרם,false,,6.90,0.0863,true,1,1181443
7290002319436,false,פלפל שחור,מיה תעשיות מזון,IL,פלפל שחור טחון 70גרם,גרמים,70.00,100 גרם,false,,7.90,0.1129,true,1,1181446
7290002319443,false,כמון,מיה תעשיות מזון,IL,כמון 80גרם,גרמים,80.00,100 גרם,false,,6.90,0.0863,true,1,1181447
7290002319450,false,כורכום,מיה תעשיות מזון,IL,כורכום 80גרם,גרמים,80.00,100 גרם,false,,6.90,0.0863,true,1,1181448
7290002319467,false,אורגנו,מיה תעשיות מזון,IL,אורגנו 35גרם,גרמים,35.00,100 גרם,false,,6.90,0.1971,true,1,1181449
7290002319474,false,אבקת שום,מיה תעשיות מזון,IL,אבקת שום 80גרם,גרמים,80.00,100 גרם,false,,8.90,0.1113,true,1,1181450
7290002319528,false,קמח מצה.,מיה תעשיות מזון,IL,קמח מצה 200גרם,גרמים,200.00,100 גרם,false,,2.90,0.0145,true,1,1181451
7290002319580,false,מלח לימון,מיה תעשיות מזון,IL,מלח לימון 150גרם,גרמים,150.00,100 גרם,false,,6.90,0.0460,true,1,1181452
7290002319610,false,שקדים טחונים,מיה תעשיות מזון,IL,שקדים טחונים 100גרם,גרמים,100.00,100 גרם,false,,10.90,0.1090,true,1,1181455
7290002319627,false,ציפורן טחון,מיה תעשיות מזון,IL,ציפורן טחון 50גרם,גרמים,50.00,100 גרם,false,,6.90,0.1380,true,1,1181456
7290002319641,false,תבלין לעוף בגריל,מיה תעשיות מזון,IL,גריל עוף 80גרם,גרמים,80.00,100 גרם,false,,6.90,0.0863,true,1,1181457
7290002319658,false,תבלין לסטייק,מיה תעשיות מזון,IL,תבלין לסטייק 80גרם,גרמים,80.00,100 גרם,false,,6.90,0.0863,true,1,1181458
7290002319689,false,סודה לשתיה,מיה תעשיות מזון,IL,סודה לשתיה 150גרם,גרמים,150.00,100 גרם,false,,6.90,0.0460,true,1,1181459
7290002319702,false,ציפורן שלם,מיה תעשיות מזון,IL,ציפורן שלם 40גרם,גרמים,40.00,100 גרם,false,,6.90,0.1725,true,1,1181460
7290002319771,false,תמצית אפיה וניל,מיה תעשיות מזון,IL,תמצית אפיה וניל,מיליליטרים,50.00,"100 מ""ל",false,,2.50,0.0500,true,1,1181464
7290002319788,false,תמצית אפיה רום,מיה תעשיות מזון,IL,תמצית אפיה רום,מיליליטרים,60.00,"100 מ""ל",false,,2.50,0.0417,true,1,1181465
7290002319825,false,אבקת סוכר,מיה תעשיות מזון,IL,אבקת סוכר 100גרם,גרמים,100.00,100 גרם,false,,2.00,0.0200,true,1,1181469
7290002320463,false,מעדן תות שדה 100% פר,בית יצחק,,מעדן תות שדה 100% פר,גרמים,284.00,100 גרם,false,,14.90,0.0525,true,1,1969015
7290002321767,false,פילה אמנון קפוא,,,פילה אמנון קפוא,קילוגרמים,1.00,"ק""ג",true,,19.90,19.9000,true,1,2018609
7290002327028,false,ג'חנון 650 ג'.,אופרה,IL,ג'חנון 650 ג',גרמים,650.00,100 גרם,false,,12.90,0.0198,true,1,1219329
7290002327042,false,בורקס תפוחי אדמה,,,בורקס תפוחי אדמה,גרמים,800.00,100 גרם,false,,15.90,0.0199,true,1,1939181
7290002327929,false,מיני בורקס תפוח אדמה,,,מיני בורקס תפוח אדמה,גרמים,700.00,100 גרם,false,,15.90,0.0227,true,1,1939204
7290002331025,false,"נביעות ספורט 500 מ""ל",נביעות,IL,נביעות 500 TO GO פקדון,מיליליטרים,500.00,"100 מ""ל",false,,3.90,0.0078,true,1,1182425
7290002331094,false,"נביעות ספורט 755 מ""ל",נביעות,IL,"נביעות 755 מ""ל",מיליליטרים,755.00,"100 מ""ל",false,,4.90,0.0065,true,1,1182426
7290002331124,false,בקבוק נביעות 0.5 ליט,נביעות,IL,נביעות שיווק2,מיליליטרים,500.00,"100 מ""ל",false,,6.50,0.0130,true,1,1182428
7290002331155,false,בקבוק נביעות 0.5 ליט,נביעות,IL,נביעות + בטעם אפרסק 0.5 מ,מיליליטרים,500.00,"100 מ""ל",false,,6.50,0.0130,true,1,1182430
7290002331360,false,"שישיה נביעות 500 מ""ל",נביעות,IL,נביעות TO GO 500 שישייה,ליטרים,3.00,ליטר,false,,12.90,4.3000,true,1,1182434
7290002331421,false,שישיה נביעות ספורט 7,נביעות,IL,"נביעות 6 755 מ""ל",ליטרים,4.53,ליטר,false,,14.90,3.2892,true,1,1182435
7290002331483,false,"נביעות שישייה 320 מ""",נביעות,IL,"נביעות בייבי 320 מ""ל שישי",ליטרים,1.92,ליטר,false,,11.90,6.1979,true,1,1182437
7290002331490,false,נביעות 1 ליטר,נביעות,IL,נביעות 1 ליטר,ליטרים,1.00,ליטר,false,,3.90,3.9000,true,1,1182438
7290002331711,false,בקבוק נביעות 0.5 ליט,נביעות,IL,נביעות+ ענבים חצי ליטר,מיליליטרים,500.00,"100 מ""ל",false,,6.50,0.0130,true,1,1182442
7290002333494,false,שעועית אזוקי אורגני,טריאקי,TR,שעועית אזוקי אורגני 500 ג,גרמים,500.00,100 גרם,false,,12.90,0.0258,true,1,1159489
7290002333500,false,עדשים אדומים אורגני,אול אורגני,IL,עדשים אדומות אורגני 500 ג,גרמים,500.00,100 גרם,false,,12.90,0.0258,true,1,1159490
7290002333838,false,כוסמת אורגני 500 גר',אול אורגני,IL,כוסמת אורגני 500 גר' הרדו,גרמים,500.00,100 גרם,false,,9.90,0.0198,true,1,1159495
7290002360124,false,חליטת פומפדור 70 גרם,TEEKANNE,DE,פומפדור חליטת צמחים ורד ה,גרמים,70.00,100 גרם,false,,11.90,0.1700,true,1,1185538
7290002360155,false,חליטת פומפדור 40 גרם,TEEKANNE,DE,פומפדור חליטת צמחים שומר,גרמים,40.00,100 גרם,false,,11.90,0.2975,true,1,1185539
7290002360278,false,חליטת פומפדור 45 גרם,TEEKANNE,DE,פומפדור חליטת צמחים מנטה,גרמים,45.00,100 גרם,false,,11.90,0.2644,true,1,1185542
7290002360285,false,חליטת פומפדור 30 גרם,TEEKANNE,DE,פומפדור חליטת צמחים קמומי,גרמים,30.00,100 גרם,false,,11.90,0.3967,true,1,1185543
7290002370475,false,גבינת דנהבלו בשלה עם,,,גבינת דנהבלו בשלה עם,קילוגרמים,1.00,"ק""ג",true,,69.00,69.0000,true,1,2013831
7290002370697,false,גבינת גאודה 28% שומן,,,גבינת גאודה 28% שומן,קילוגרמים,1.00,"ק""ג",true,,30.00,30.0000,true,1,2115112
7290002370734,false,צמות גבינה במי מלח 2,,,צמות גבינה במי מלח 2,קילוגרמים,1.00,"ק""ג",true,,44.50,44.5000,true,1,2108810
7290002371533,false,סלסולי פסטרמה דבש,טירת צבי,IL,סלסולי פסטרמה בדבש 120 גר,גרמים,120.00,100 גרם,false,,12.90,0.1075,true,1,1187467
7290002371540,false,קורנדביף,טירת צבי,IL,קורנדביף 120 גר' טירת מבי,גרמים,120.00,100 גרם,false,,12.90,0.1075,true,1,1187468
7290002371854,false,נקניקיות,טירת צבי,IL,"נקניקיות חריפות 1ק""ג טירת",גרמים,1000.00,100 גרם,false,,26.90,0.0269,true,1,1187471
7290002371939,false,נקניק סרוולד צרפתי,טירת צבי,IL,סרוולד בסגנון צרפתי 120 ג,גרמים,120.00,100 גרם,false,,23.90,0.1992,true,1,1187472
7290002373148,false,לחם רוסי ענק 1.200 ק,מאפיית השלום,IL,לחם רוסי,קילוגרמים,1.20,"ק""ג",false,,13.90,11.5833,true,1,1170979
7290002373292,false,לחם דגנים קל 500 גרם,מאפיית השלום,IL,לחם דגנים קל,גרמים,500.00,100 גרם,false,,11.90,0.0238,true,1,1170980
7290002373513,false,לחם שיפון כפרי 750 ג,מאפיית השלום,IL,לחם שיפון 750 גרם,גרמים,750.00,100 גרם,false,,13.90,0.0185,true,1,1170982
7290002373537,false,לחם שיפון ללא שמרים,מאפיית השלום,IL,לחם שיפון ללא שמרים,גרמים,750.00,100 גרם,false,,13.90,0.0185,true,1,1170984
7290002373544,false,לחם חיטה מלאה ללא שמ,מאפיית השלום,IL,לחם חיטה מלאה ללא שמרים,גרמים,750.00,100 גרם,false,,13.90,0.0185,true,1,1170985
7290002373551,false,לחם שיפון 750 גרם לל,מאפיית השלום,IL,לחם שיפון 100% 750 גרם,גרמים,750.00,100 גרם,false,,13.90,0.0185,true,1,1170986
7290002373568,false,לחם קל מקמח מלא 500,מאפיית השלום,IL,לחם חיטה מלאה קל 500 גרם,גרמים,500.00,100 גרם,false,,13.90,0.0278,true,1,1170987
7290002373575,false,לחם קל שיפון 500 גרם,מאפיית השלום,IL,לחם שיפון קל 500 גרם,גרמים,500.00,100 גרם,false,,13.90,0.0278,true,1,1170988
7290002374268,false,שמן חמניות מילומור 1,שמן תעשיות,IL,שמן חמניות מילומור 1 ליטר,ליטרים,1.00,ליטר,false,,11.90,11.9000,true,1,1184505
7290002374312,false,שמן קנולה מילומור 1,שמן תעשיות,IL,שמן קנולה מילומור 1 ליטר,ליטרים,1.00,ליטר,false,,10.90,10.9000,true,1,1184506
7290002374640,false,שמן קנולה פלוס אומגה,שמן תעשיות,IL,"שמן קנולה פלוס אומגה 3 ""ע",ליטרים,1.00,ליטר,false,,16.50,16.5000,true,1,1224786
7290002385264,false,בלקנית מלוחה 16%,דשן,IL,בלקנית 16% בסגנון פטה,קילוגרמים,1.00,"ק""ג",true,,35.00,35.0000,true,1,1238939
7290002385431,false,גבינה בולגרית 16% רכ,דשן,IL,בולגרית מסורתית בפח 16% ק,קילוגרמים,1.00,"ק""ג",true,,56.00,56.0000,true,1,1175477
7290002385455,false,"בולגרית 24% ק""ג מעדנ",דשן,IL,בולגרית מעודנת 24% דלי 10,קילוגרמים,1.00,"ק""ג",true,,49.00,49.0000,true,1,1175478
7290002435112,false,רסק עגבניות BX22 טל,מילוז(1989),IL,רוטב עגב. א- BX22 2ויטה,גרמים,570.00,100 גרם,false,,6.90,0.0121,true,1,1193791
7290002485025,false,חומוס מסעדות 500 גרם,,,חומוס מסעדות 500 גרם,גרמים,500.00,100 גרם,false,,13.90,0.0278,true,1,1990893
7290002485049,false,חומוס מסבחה 500,,,חומוס מסבחה 500,גרמים,500.00,100 גרם,false,,13.90,0.0278,true,1,1990894
7290002485063,false,חומוס אבו גוש 500,,,חומוס אבו גוש 500,גרמים,500.00,100 גרם,false,,13.90,0.0278,true,1,1990895
7290002487364,false,בורקס פילו גבינה וזי,שגמור,IL,בורקס פילו גבינה וזיתים,גרמים,700.00,100 גרם,false,,14.90,0.0213,true,1,1213685
7290002496557,false,תמר לח 500 גרם,,,תמר לח 500 גרם,גרמים,500.00,100 גרם,false,,9.90,0.0198,true,1,1166989
7290002502203,false,בורקס גבינה במשקל,בונז'ור,IL,בונז'ור בורקס גבינה,קילוגרמים,1.00,"ק""ג",true,,39.00,39.0000,true,1,1156064
7290002512004,false,מלווח צנעני.,צנעני,IL,מלאווח צנעני 900גר,גרמים,900.00,100 גרם,false,,19.90,0.0221,true,1,1193793
7290002512011,false,ג'חנון צנעני.,צנעני,IL,גחנון צנעני 900גר,גרמים,900.00,100 גרם,false,,19.90,0.0221,true,1,1193794
7290002512257,false,מלווח מופחת שומן,,,מלווח מופחת שומן,גרמים,700.00,100 גרם,false,,14.90,0.0213,true,1,1193805
7290002512264,false,ג'חנון מופחת שומן,,,ג'חנון מופחת שומן,גרמים,700.00,100 גרם,false,,14.90,0.0213,true,1,1193806
7290002515371,false,קמיל בלו קלאסיק 1 לי,"ד""ר פישר Dr fischer",IL,קמיל בלו קלאסיק ליטר,ליטרים,1.00,ליטר,false,,21.90,21.9000,true,1,1198313
7290002517269,false,פלפל שחור שלם,תבליני טעם וריח,IL,מיכל פל.שחור שלם 35 גר',גרמים,35.00,100 גרם,false,,7.90,0.2257,true,1,1197241
7290002517337,false,אורגנו עלים,תבליני טעם וריח,IL,שק.20 גר' אורגנו,גרמים,20.00,100 גרם,false,,4.90,0.2450,true,1,1197243
7290002517375,false,בזיליקום עלים,תבליני טעם וריח,IL,שק.30 גר' בזיליקום,גרמים,30.00,100 גרם,false,,4.90,0.1633,true,1,1197244
7290002517634,false,כוסברה,תבליני טעם וריח,IL,מיכל קטן כוזברה 30גר',גרמים,30.00,100 גרם,false,,4.90,0.1633,true,1,1197257
7290002517733,false,קצח,תבליני טעם וריח,IL,מיכל קטן קצח 40גר',גרמים,40.00,100 גרם,false,,4.90,0.1225,true,1,1197259
7290002517801,false,צ'ילי כתוש חריף,תבליני טעם וריח,IL,מיכל קטן צ'ילי כתוש 30גר',גרמים,30.00,100 גרם,false,,4.90,0.1633,true,1,1197261
7290002542506,false,"בירה קורונה 355 מ""ל",,,"בירה קורונה 355 מ""ל",מיליליטרים,355.00,"100 מ""ל",false,,9.90,0.0279,true,1,1351567
7290002542773,false,בירה סטלה ארטואה -בק,,,בירה סטלה ארטואה -בק,מיליליטרים,330.00,"100 מ""ל",false,,9.90,0.0300,true,1,2046284
7290002542780,false,בירה סטלה ארטואה -שי,,,בירה סטלה ארטואה -שי,ליטרים,1.98,ליטר,false,,34.90,17.6263,true,1,2046285
7290002542797,false,"בירה לף בלונד 330 מ""",,,"בירה לף בלונד 330 מ""",מיליליטרים,330.00,"100 מ""ל",false,,6.90,0.0209,true,1,2046294
7290002542841,false,בירה לף בלונד שישייה,,,בירה לף בלונד שישייה,ליטרים,1.98,ליטר,false,,39.90,20.1515,true,1,2046296
7290002542865,false,"בירה הוגרדן 330 מ""ל",,,"בירה הוגרדן 330 מ""ל",ליטרים,1.98,ליטר,false,,39.90,20.1515,true,1,2046959
7290002543237,false,קלוגס קורנפלקס 750 ג,קלוגס,,קלוגס קורנפלקס 750 ג,גרמים,750.00,100 גרם,false,,14.90,0.0199,true,1,1157276
7290002551003,false,טונה סטארקיסט בשמן 1,סטארקיסט,,טונה סטארקיסט בשמן 1,גרמים,160.00,100 גרם,false,,6.90,0.0431,true,1,1157278
7290002551010,false,טונה סטארקיסט במים 1,סטארקיסט,,טונה סטארקיסט במים 1,גרמים,160.00,100 גרם,false,,6.90,0.0431,true,1,1157279
7290002577492,false,דג הרניג מלוח בשמן 2,,,דג הרניג מלוח בשמן 2,גרמים,240.00,100 גרם,false,,24.90,0.1037,true,1,1995517
7290002577508,false,דג הרניג שמן בצל 240,,,דג הרניג שמן בצל 240,גרמים,240.00,100 גרם,false,,24.90,0.1037,true,1,1995518
7290002581352,false,קרקר דגן ללא סוכר 25,אפיפית נצרת,IL,קרקר דגן ללא סוכר 24/0.25,גרמים,250.00,100 גרם,false,,7.90,0.0316,true,1,1194567
7290002581536,false,וופל ללא תוספת סוכר,אפיפית נצרת,IL,ופל נאפוליטנה ללא סוכר 24,גרמים,250.00,100 גרם,false,,7.90,0.0316,true,1,1194568
7290002599029,false,תבלין יונה,תבליני יונה,IL,תבליני יונה,גרמים,80.00,100 גרם,false,,3.90,0.0487,true,1,1172179
7290002599036,false,פלפל שחור,תבליני יונה,IL,פלפל שחור  50  גר',גרמים,50.00,100 גרם,false,,4.90,0.0980,true,1,1172180
7290002599081,false,תבלינים שונים 30 גרם,תבליני יונה,IL,תבליני יונה 30 גר',גרמים,30.00,100 גרם,false,,3.90,0.1300,true,1,1172181
7290002599104,false,תבלינים שונים 50 גרם,תבליני יונה,IL,תבליני יונה 50 גר',גרמים,50.00,100 גרם,false,,3.90,0.0780,true,1,1172182
7290002599197,false,פלפל שחור 50 גרם,תבליני יונה,IL,שחור גרוס /פ.לבן  50 גר',גרמים,50.00,100 גרם,false,,4.90,0.0980,true,1,1172183
7290002603474,false,פיצה השף מאיטליה CHE,,,פיצה השף מאיטליה CHE,גרמים,200.00,100 גרם,false,,12.90,0.0645,true,1,1633835
7290002603498,false,פיצה השף מאיטליה CHE,,,פיצה השף מאיטליה CHE,גרמים,220.00,100 גרם,false,,12.90,0.0586,true,1,1633837
7290002603504,false,פיצה השף מאיטליה CHE,,,פיצה השף מאיטליה CHE,גרמים,220.00,100 גרם,false,,12.90,0.0586,true,1,1633838
7290002603689,false,מקלות פילו XL תפוח א,,,מקלות פילו XL תפוח א,גרמים,450.00,100 גרם,false,,16.90,0.0376,true,1,1633847
7290002608509,false,לחם מחמצת זיתי קלמטה,,,לחם מחמצת זיתי קלמטה,גרמים,500.00,100 גרם,false,,16.90,0.0338,true,1,1815965
7290002608516,false,לחם מחמצת מקמח מלא (,,,לחם מחמצת מקמח מלא (,גרמים,500.00,100 גרם,false,,16.90,0.0338,true,1,1815966
7290002627210,false,גפילטע פיש 560 גרם,,,גפילטע פיש 560 גרם,גרמים,560.00,100 גרם,false,,12.90,0.0230,true,1,1983726
7290002628163,false,שומן כבש טרי,,,שומן כבש טרי,קילוגרמים,1.00,"ק""ג",true,,79.00,79.0000,true,1,1190556
7290002628439,false,עוף שלם טרי,,,עוף שלם טרי,קילוגרמים,1.00,"ק""ג",true,,19.90,19.9000,true,1,1190557
7290002661184,false,לחם אחיד כהה פרוס 75,,,לחם אחיד כהה פרוס 75,גרמים,750.00,100 גרם,false,,6.90,0.0092,true,1,1170974
7290002674221,false,אקווה פרש משאבה,גלקסו סמית קליין,GB,"אקוה פרש משאבה 100 מ""ל",מיליליטרים,100.00,"100 מ""ל",false,,15.90,0.1590,true,1,1192929
7290002692393,false,שמן קנולה מועשר עץ ה,שמן תעשיות,IL,"שמן קנולה מועשר 1 ליטר ""ע",ליטרים,1.00,ליטר,false,,15.90,15.9000,true,1,1184511
7290002692478,false,"שמן זית 750 מ""ל מעוד",שמן תעשיות,IL,שמן זית כתית מעולה מעודן,מיליליטרים,750.00,"100 מ""ל",false,,32.90,0.0439,true,1,1184514
7290002692768,false,תרסיס שמן קנולה ללא,שמן תעשיות,IL,"תרסיס קנולה 200 מ""ל ""עץ-ה",מיליליטרים,200.00,"100 מ""ל",false,,12.90,0.0645,true,1,1184516
7290002692782,false,תרסיס שמן זית ללא גז,שמן תעשיות,IL,"תרסיס זית 150 מ""ל ""עץ-הזי",מיליליטרים,150.00,"100 מ""ל",false,,12.90,0.0860,true,1,1184517
7290002730262,false,נוזל לכלים פלמוליב 7,COLGATE PALMOLIVE,GR,פלמוליב כלים שקוף קלאסי 7,מיליליטרים,750.00,"100 מ""ל",false,,9.90,0.0132,true,1,1185554
7290002730521,false,מקלות אוזניים בלונס,SEPTONA S.A,GR,בלונס מקלות אוזניים 200 י,יח',200.00,יח',false,,5.90,0.0295,true,1,1185556
7290002730538,false,פדים להסרת איפור 80,SEPTONA S.A,GR,בלונס מסיר איפור 80 יח,יח',80.00,יח',false,,9.90,0.1238,true,1,1185557
7290002730675,false,משחת שיניים קולגייט,COLGATE PALMOLIVE,PL,קולגייט משחה אדומה משפחתי,מיליליטרים,100.00,"100 מ""ל",false,,10.90,0.1090,true,1,1185559
7290002730811,false,משחת שיניים קולגייט,COLGATE PALMOLIVE,PL,קולגייט אדומה ג'ל חדש 100,מיליליטרים,100.00,"100 מ""ל",false,,15.90,0.1590,true,1,1185560
7290002730903,false,סבון מוצק רביעייה פל,COLGATE PALMOLIVE,TR,פלמוליב סבון מוצק ורדים ר,גרמים,400.00,100 גרם,false,,16.90,0.0422,true,1,1185561
7290002730941,false,צמר-גפן פרוס 100 גרם,SEPTONA S.A,GR,בלונס צמר גפן 100 גרם,גרמים,100.00,100 גרם,false,,5.90,0.0590,true,1,1185564
7290002730958,false,סבון מוצק רביעייה פל,COLGATE PALMOLIVE,TR,פלמוליב סבון מוצק ירוק זי,גרמים,400.00,100 גרם,false,,16.90,0.0422,true,1,1185565
7290002750338,false,לחם רוסטיק עגבניות מ,,,לחם רוסטיק עגבניות מ,גרמים,500.00,100 גרם,false,,14.90,0.0298,true,1,1815970
7290002752332,false,מנטוס פירות בודד,,,מנטוס פירות בודד,גרמים,37.50,100 גרם,false,,3.00,0.0800,true,1,1173888
7290002752349,false,מנטוס מנטה בודד,,,מנטוס מנטה בודד,גרמים,37.50,100 גרם,false,,3.00,0.0800,true,1,1173889
7290002752493,false,סוכריות טיק-טק רביעי,,,סוכריות טיק-טק רביעי,גרמים,64.00,100 גרם,false,,9.90,0.1547,true,1,1173890
7290002753223,false,סוכריות טיק-טק רביעי,,,סוכריות טיק-טק רביעי,גרמים,64.00,100 גרם,false,,9.90,0.1547,true,1,1173891
7290002753995,false,קישוטי שוקולד,,,קישוטי שוקולד,גרמים,150.00,100 גרם,false,,15.90,0.1060,true,1,1173892
7290002757139,false,מלאווח 700 ג'.,אופרה,IL,מלאווח 700 ג',גרמים,700.00,100 גרם,false,,12.90,0.0184,true,1,1219331
7290002757146,false,קובה חמוסטה למרק 1 ק,,,קובה חמוסטה למרק 1 ק,קילוגרמים,1.00,"ק""ג",false,,18.90,18.9000,true,1,1936087
7290002757528,false,בורקס פילו תפוח אדמה,שגמור,IL,בורקס פילו תפוח אדמה,גרמים,700.00,100 גרם,false,,14.90,0.0213,true,1,1213686
7290002757542,false,אטריות קדאיף 400 ג'.,שגמור,IL,אטריות קדאיף 400 ג',גרמים,400.00,100 גרם,false,,18.90,0.0472,true,1,1213701
7290002768036,false,תיאדנט-מי פה ענק קרל,אמיליה קוסמטיקס,IL,"מי פה תיאדנט 150מ""ל",מיליליטרים,150.00,"100 מ""ל",false,,14.90,0.0993,true,1,1190937
7290002768043,false,תיאדנט-מי פה,אמיליה קוסמטיקס,IL,מי פה תיאדנט+פלאוריד150מ,מיליליטרים,150.00,"100 מ""ל",false,,14.90,0.0993,true,1,1190938
7290002768074,false,דרמפון-סבון נוזלי 1ל,אמיליה קוסמטיקס,IL,דרמפון סבון ללא סבון 1 ל,ליטרים,1.00,ליטר,false,,14.90,14.9000,true,1,1190939
7290002768159,false,סבון אמבט נוזלי בת א,אמיליה קוסמטיקס,IL,בת אורן סבון נוזלי 500מל,מיליליטרים,500.00,"100 מ""ל",false,,18.90,0.0378,true,1,1190940
7290002769316,false,עוגת קראנץ 500 גרם,,,עוגת קראנץ 500 גרם,גרמים,500.00,100 גרם,false,,13.90,0.0278,true,1,1193353
7290002769347,false,עוגיות מובחרות בדלי,,,עוגיות מובחרות בדלי,גרמים,600.00,100 גרם,false,,14.90,0.0248,true,1,1193354
7290002769392,false,עוגיות פרימיום מיוחד,,,עוגיות פרימיום מיוחד,גרמים,250.00,100 גרם,false,,20.90,0.0836,true,1,1838169
7290002769514,false,עוגיות מובחרות 350 ג,,,עוגיות מובחרות 350 ג,גרמים,350.00,100 גרם,false,,10.90,0.0311,true,1,1273149
7290002769767,false,עוגת גבינה במבחר טעמ,,,עוגת גבינה במבחר טעמ,גרמים,600.00,100 גרם,false,,41.90,0.0698,true,1,1781807
7290002769910,false,עוגיות ללא סוכר,,,עוגיות ללא סוכר,גרמים,300.00,100 גרם,false,,10.90,0.0363,true,1,2019272
7290002771111,false,קפה אלנח'לה 250 גרם,,,קפה אלנח'לה 250 גרם,גרמים,250.00,100 גרם,false,,16.90,0.0676,true,1,1205074
7290002771135,false,קפה אלנח'לה 100 גרם,,,קפה אלנח'לה 100 גרם,גרמים,100.00,100 גרם,false,,7.50,0.0750,true,1,1205076
7290002775010,false,מיני פילו גבינה 650,שגמור,IL,מיני פילו גבינה 650 גר',גרמים,650.00,100 גרם,false,,14.90,0.0229,true,1,1213688
7290002782131,false,דאודורנט פנינה מס 1,ביסקול תמרוקים,IL,דאודורנט פנינה מס 1,מיליליטרים,150.00,"100 מ""ל",false,,19.90,0.1327,true,1,1194476
7290002782742,false,דאודורנט פנינה מס 2,ביסקול תמרוקים,IL,דאודורנט פנינה מס 2,מיליליטרים,150.00,"100 מ""ל",false,,15.90,0.1060,true,1,1194478
7290002782759,false,קרם גוף פנינה מס 2,א.ארמן,IL,קרם גוף פנינה מס 2,מיליליטרים,340.00,"100 מ""ל",false,,24.90,0.0732,true,1,1194479
7290002787884,false,מקלות בורקס פילו תפו,שגמור,IL,מיני פילו תפוא 650 גר',גרמים,600.00,100 גרם,false,,14.90,0.0248,true,1,1254132
7290002824183,false,סקי 5% שטראוס 500 גר,שטראוס,IL,סקי משפחתי 5%,גרמים,500.00,100 גרם,false,,9.40,0.0188,true,1,1188662
7290002824466,false,יוגורט דנונה שטראוס,שטראוס,IL,"דנונה ביו טבעי 0%, 200 גר",גרמים,200.00,100 גרם,false,,3.30,0.0165,true,1,1188663
7290002824640,false,גבינת סקי 5% 250 גרם,שטראוס,IL,סקי 5% 250 גרם,גרמים,250.00,100 גרם,false,,4.70,0.0188,true,1,1188664
7290002825722,false,סלט כרוב אדום אחלה 5,שטראוס,IL,כרוב אדום 500,גרמים,500.00,100 גרם,false,,13.90,0.0278,true,1,1188666
7290002830948,false,גבינת מון בלאן עיזים,נטו,IL,גבינת מון בלאן עיזים 120,גרמים,120.00,100 גרם,false,,9.90,0.0825,true,1,1177260
7290002842002,false,קווקר שיבולת שועל.,,,קווקר שיבולת שועל.,גרמים,500.00,100 גרם,false,,9.90,0.0198,true,1,1159161
7290002842293,false,סרדינים בשמן חריף,,,סרדינים בשמן חריף,גרמים,120.00,100 גרם,false,,4.90,0.0408,true,1,1159164
7290002842309,false,סרדינים בשמן חמניות,,,סרדינים בשמן חמניות,גרמים,120.00,100 גרם,false,,4.90,0.0408,true,1,1159165
7290002842415,false,פילה אנשובי אמיתי,,,פילה אנשובי אמיתי,גרמים,50.00,100 גרם,false,,5.90,0.1180,true,1,1159168
7290002842682,false,סרדין מינרווה בשמן ז,,,סרדין מינרווה בשמן ז,גרמים,120.00,100 גרם,false,,5.90,0.0492,true,1,1886025
7290002868996,false,קוטג' 5% טרה 250 גרם,טרה,IL,קוטג' 5% 250 גרם- נעמ,גרמים,250.00,100 גרם,false,,5.40,0.0216,true,1,1176150
7290002881018,false,מעדן תות-שדה 100% פר,,,מעדן תות-שדה 100% פר,גרמים,284.00,100 גרם,false,,12.90,0.0454,true,1,1186519
7290002881025,false,מעדן דובדבן חמוץ 100,,,מעדן דובדבן חמוץ 100,גרמים,284.00,100 גרם,false,,12.90,0.0454,true,1,1186520
7290002881032,false,מעדן אוכמניות כחולות,,,מעדן אוכמניות כחולות,גרמים,284.00,100 גרם,false,,12.90,0.0454,true,1,1186521
7290002881094,false,מעדן מיקס פטל 100%פר,,,מעדן מיקס פטל 100%פר,גרמים,284.00,100 גרם,false,,12.90,0.0454,true,1,1186526
7290002881209,false,רסק תפוחי-עץ דיאט 72,,,רסק תפוחי-עץ דיאט 72,גרמים,720.00,100 גרם,false,,9.90,0.0138,true,1,1186529
7290002881469,false,עגבניות מיובשות בשמן,,,עגבניות מיובשות בשמן,גרמים,340.00,100 גרם,false,,12.90,0.0379,true,1,1186536
7290002881506,false,חמאת בוטנים 500גרם,,,חמאת בוטנים 500גרם,גרמים,510.00,100 גרם,false,,9.90,0.0194,true,1,1186537
7290002881513,false,חמאת בוטנים עם שברי,,,חמאת בוטנים עם שברי,גרמים,510.00,100 גרם,false,,9.90,0.0194,true,1,1186538
7290002881933,false,סרדין מרוקאי במי מלח,,,סרדין מרוקאי במי מלח,גרמים,125.00,100 גרם,false,,5.90,0.0472,true,1,1186546
7290002881940,false,סרדין מרוקאי בשמן,,,סרדין מרוקאי בשמן,גרמים,125.00,100 גרם,false,,5.90,0.0472,true,1,1186547
7290002881957,false,סרדין מרוקאי חריף,,,סרדין מרוקאי חריף,גרמים,125.00,100 גרם,false,,5.90,0.0472,true,1,1186548
7290002881964,false,סרדין מרוקאי ברוטב ע,,,סרדין מרוקאי ברוטב ע,גרמים,125.00,100 גרם,false,,5.90,0.0472,true,1,1186549
7290002900092,false,סטייק בורגר 400 גרם,טירת צבי,IL,סטייק בורגר 400 גר',גרמים,400.00,100 גרם,false,,19.90,0.0497,true,1,1187474
7290002900207,false,המבורגר אמיתי 400 גר,טירת צבי,IL,המבורגר אמיתי 100% 400 גר,גרמים,400.00,100 גרם,false,,19.90,0.0497,true,1,1187478
7290002900566,false,פסטרמה ברביקיו דל שו,טירת צבי,IL,"פסטרמה ברביקיו ד""ש 360 גר",גרמים,360.00,100 גרם,false,,26.90,0.0747,true,1,1187482
7290002904694,false,דאודורנט תרסיס טיטני,אמיליה קוסמטיקס,IL,דאו.טיטניום תרסיס 180 מל,מיליליטרים,180.00,"100 מ""ל",false,,14.90,0.0828,true,1,1190941
7290002921226,false,הזלין קרם לניקוי עור,פרייק,CH,הזלין-קרם /בקבוק,גרמים,250.00,100 גרם,false,,24.90,0.0996,true,1,1173162
7290002921240,false,שמפוזר מסיר כתמים,קרבונה Carbona,US,שמפוזר-קרבונה אדום,מיליליטרים,651.00,"100 מ""ל",false,,24.90,0.0382,true,1,1173164
7290002922117,false,עוגיות אקלר פרמיום,,,עוגיות אקלר פרמיום,גרמים,200.00,100 גרם,false,,22.90,0.1145,true,1,1937840
7290002925729,false,מי פה-גם וגם כחול קר,אמיליה קוסמטיקס,IL,גם וגם כחול,גרמים,120.00,100 גרם,false,,14.90,0.1242,true,1,1190942
7290002925798,false,מי פה-גם וגם ירוק קר,אמיליה קוסמטיקס,IL,"משחה +מי פה ירוק 120מ""ל",גרמים,120.00,100 גרם,false,,14.90,0.1242,true,1,1190943
7290002929734,false,גפילטע פיש 560 בדצ,דלידג,,גפילטע פיש 560 בדצ,גרמים,560.00,100 גרם,false,,12.90,0.0230,true,1,1259272
7290002954187,false,"אורז יסמין 5 ק""ג שקי",,,"אורז יסמין 5 ק""ג שקי",קילוגרמים,5.00,"ק""ג",false,,39.90,7.9800,true,1,1206146
7290002954477,false,"אורז עגול 5 ק""ג",,,"אורז עגול 5 ק""ג",קילוגרמים,5.00,"ק""ג",false,,42.90,8.5800,true,1,1206148
7290002970736,false,כפית יוקרתי שקוף 50,,,כפית יוקרתי שקוף 50,100 יח',50.00,100 יח',false,,9.90,0.1980,true,1,1207209
7290002987963,false,"חומוס אחלה 1 ק""ג",,,"חומוס אחלה 1 ק""ג",גרמים,1000.00,100 גרם,false,,12.90,0.0129,true,1,1188667
7290003006021,false,קוביות גבינת פטה לסל,,,קוביות גבינת פטה לסל,קילוגרמים,1.00,"ק""ג",true,,69.00,69.0000,true,1,2105922
7290003009183,false,סירופ דיאט תפוחים 75,סירופ - גבעת חיים,IL,סירופ דיאט תפוחים 750,מיליליטרים,750.00,"100 מ""ל",false,,22.90,0.0305,true,1,1182454
7290003009312,false,בוטן קלוי בשקית,,,בוטן קלוי בשקית,גרמים,200.00,100 גרם,false,,7.90,0.0395,true,1,1173893
7290003009329,false,בוטן אמריקאי.,,,בוטן אמריקאי.,גרמים,200.00,100 גרם,false,,5.90,0.0295,true,1,1173894
7290003009336,false,קבוקים בשקית.,,,קבוקים בשקית.,גרמים,200.00,100 גרם,false,,5.90,0.0295,true,1,1173895
7290003009596,false,סירופ דיאט אשכוליות,סירופ - גבעת חיים,IL,סירופ דיאט אשכולית 750,מיליליטרים,750.00,"100 מ""ל",false,,22.90,0.0305,true,1,1182457
7290003009640,false,מיץ תפוזים סחוט 1 לי,פריגת,IL,סחוט תפוז1 ליטר,ליטרים,1.00,ליטר,false,,15.90,15.9000,true,1,1176151
7290003015627,false,ריצפז פרש לרצפות 2 ל,סנו,IL,סנו ריצפז פרש אפרסק2ליטר,ליטרים,2.00,ליטר,false,,17.90,8.9500,true,1,1167420
7290003015634,false,ריצפז פרש לרצפות 2 ל,סנו,IL,סנו ריצפז פרש פסיפלורה2ל,ליטרים,2.00,ליטר,false,,17.90,8.9500,true,1,1167421
7290003015641,false,ריצפז פרש לרצפות 2 ל,סנו,IL,סנו ריצפז פרש יסמין2ליטר,ליטרים,2.00,ליטר,false,,17.90,8.9500,true,1,1167422
7290003023196,false,שקית שוקו מוקה יטבתה,,,שקית שוקו מוקה יטבתה,מיליליטרים,225.00,"100 מ""ל",false,,2.60,0.0116,true,1,1188669
7290003026036,false,אלסבון קמיל בלו סנסט,"ד""ר פישר Dr fischer",IL,קמיל בלו סנסיטיב אל סבון,ליטרים,1.00,ליטר,false,,24.90,24.9000,true,1,1198316
7290003026197,false,קמיל שמן טיפול עדין,"ד""ר פישר Dr fischer",IL,קמיל בלו סנסיטיב שמן טיפו,מיליליטרים,500.00,"100 מ""ל",false,,19.90,0.0398,true,1,1198317
7290003026227,false,קמיל פלוס אל דמע 1 ל,"ד""ר פישר Dr fischer",IL,קמיל בלו סנסיטיב אל דמע ל,ליטרים,1.00,ליטר,false,,24.90,24.9000,true,1,1198318
7290003026319,false,קמיל משחה לתינוק 120,"ד""ר פישר Dr fischer",IL,קמיל בלו סנסיטיב משחה לתי,גרמים,120.00,100 גרם,false,,14.90,0.1242,true,1,1198320
7290003029181,false,משקה שוקו יטבתה 1 לי,שטראוס,IL,שוקו 1 ל בקבוק מהדרין,ליטרים,1.00,ליטר,false,,10.90,10.9000,true,1,1188672
7290003029389,false,"משקה בננה 250 מ""ל יט",שטראוס,IL,"בננה פקק 250 מ""ל מהדרין",מיליליטרים,250.00,"100 מ""ל",false,,4.90,0.0196,true,1,1188675
7290003029433,false,שוקו יטבתה בקבוק 250,שטראוס,IL,שוקו פקק 250 מל מהדר,מיליליטרים,250.00,"100 מ""ל",false,,5.50,0.0220,true,1,1188677
7290003029792,false,מארז 8 שוקו יטבתה 22,שטראוס,IL,מארז 8 שקיות שוקו- מהדרין,מיליליטרים,1800.00,"100 מ""ל",false,,18.90,0.0105,true,1,1188681
7290003029815,false,חלב מועשר 2 ליטר כד,שטראוס,IL,כד 2 ליטר חלב 3%- מהדרין,ליטרים,2.00,ליטר,false,,13.90,6.9500,true,1,1188682
7290003029884,false,מארז 6 שקיות מוקה יט,שטראוס,IL,מארז 6 שקיות מוקה (חדש) מ,מיליליטרים,1350.00,"100 מ""ל",false,,14.90,0.0110,true,1,1188683
7290003029907,false,משקה אייס קפה יטבתה,שטראוס,IL,אייס קפה 1 ליטר יטבתה מהד,ליטרים,1.00,ליטר,false,,10.90,10.9000,true,1,1188684
7290003031702,false,"נקניקיות הודו 1 ק""ג",,,"נקניקיות הודו 1 ק""ג",קילוגרמים,1.00,"ק""ג",false,,32.90,32.9000,true,1,1187483
7290003031740,false,פסטרמה בדבש 400 גרם,,,פסטרמה בדבש 400 גרם,גרמים,400.00,100 גרם,false,,34.90,0.0872,true,1,1187486
7290003031757,false,פסטרמה בפפריקה 400 ג,,,פסטרמה בפפריקה 400 ג,גרמים,400.00,100 גרם,false,,34.90,0.0872,true,1,1187487
7290003054176,false,לחם שיפון מיזלי 500,מרום את קונפינו,,לחם שיפון מיזלי 500,גרמים,500.00,100 גרם,false,,12.90,0.0258,true,1,1157280
7290003054190,false,לחם שיפון דגנים 500,מרום את קונפינו,,לחם שיפון דגנים 500,גרמים,500.00,100 גרם,false,,12.90,0.0258,true,1,1157282
7290003054220,false,לחם שיפון 500 גרם.,מרום את קונפינו,,לחם שיפון 500 גרם.,גרמים,500.00,100 גרם,false,,12.90,0.0258,true,1,1157285
7290003054657,false,חרדל דיזון 370 גרם,מרום את קונפינו,,חרדל דיזון 370 גרם,גרמים,370.00,100 גרם,false,,10.90,0.0295,true,1,1157286
7290003060009,false,"קמח לבן 1 ק""ג.",טחנות ישראליות,IL,קמח חיטה לבן בהיר,קילוגרמים,1.00,"ק""ג",false,,4.30,4.3000,true,1,1186424
7290003060023,false,"סולת 1 ק""ג.",טחנות ישראליות,IL,סולת חיטה,קילוגרמים,1.00,"ק""ג",false,,4.30,4.3000,true,1,1186426
7290003060047,false,"קמח תופח 1 ק""ג.",טחנות ישראליות,IL,קמח תופח,קילוגרמים,1.00,"ק""ג",false,,4.90,4.9000,true,1,1186428
7290003060276,false,קמח לבן מנופה 1 קג,,,קמח לבן מנופה 1 קג,קילוגרמים,1.00,"ק""ג",false,,6.90,6.9000,true,1,1555941
7290003060283,false,קמח מנופה תופח 1 קג,,,קמח מנופה תופח 1 קג,קילוגרמים,1.00,"ק""ג",false,,7.90,7.9000,true,1,1555942
7290003060290,false,קמח מלא מנופה 1 קג,,,קמח מלא מנופה 1 קג,קילוגרמים,1.00,"ק""ג",false,,7.90,7.9000,true,1,1555943
7290003060313,false,קמח כוסמין מנופה 1 ק,,,קמח כוסמין מנופה 1 ק,קילוגרמים,1.00,"ק""ג",false,,12.90,12.9000,true,1,1555945
7290003060320,false,קמח ללחם וחלות מנופה,,,קמח ללחם וחלות מנופה,קילוגרמים,1.00,"ק""ג",false,,7.90,7.9000,true,1,1586044
7290003060344,false,קמח לפיצה בשקיות מנו,,,קמח לפיצה בשקיות מנו,קילוגרמים,1.00,"ק""ג",false,,6.90,6.9000,true,1,1665827
7290003060351,false,קמח מלא 80% מנופה,,,קמח מלא 80% מנופה,קילוגרמים,1.00,"ק""ג",false,,6.90,6.9000,true,1,1665828
7290003066070,false,עוגת סברינה.,,,עוגת סברינה.,יחידה,0.00,יחידה,false,,15.90,0.0000,true,1,1295369
7290003070008,false,טחינה זהב 500 גרם,,,טחינה זהב 500 גרם,גרמים,500.00,100 גרם,false,,12.90,0.0258,true,1,1186511
7290003072804,false,פסטרמה של פעם 200 גר,,,פסטרמה של פעם 200 גר,גרמים,200.00,100 גרם,false,,19.90,0.0995,true,1,1986568
7290003072811,false,נקניקיות בראטוורסט,,,נקניקיות בראטוורסט,גרמים,320.00,100 גרם,false,,19.90,0.0622,true,1,1987042
7290003072859,false,רוסטביף ארוז 120 גרם,,,רוסטביף ארוז 120 גרם,גרמים,120.00,100 גרם,false,,29.90,0.2492,true,1,1994875
7290003072965,false,חטיפי קבנוס חריף מעו,,,חטיפי קבנוס חריף מעו,גרמים,120.00,100 גרם,false,,12.90,0.1075,true,1,2045909
7290003072972,false,חטיפי קבנוס בתיבול ש,,,חטיפי קבנוס בתיבול ש,גרמים,120.00,100 גרם,false,,12.90,0.1075,true,1,2045910
7290003078042,false,אריסה,,,אריסה,גרמים,250.00,100 גרם,false,,14.90,0.0596,true,1,1181936
7290003078066,false,שום כתוש,,,שום כתוש,גרמים,250.00,100 גרם,false,,14.90,0.0596,true,1,1181937
7290003078318,false,עלי פטרוזיליה,,,עלי פטרוזיליה,גרמים,20.00,100 גרם,false,,13.90,0.6950,true,1,1181940
7290003078516,false,פלפל צ'ומה,,,פלפל צ'ומה,גרמים,250.00,100 גרם,false,,14.90,0.0596,true,1,1181941
7290003078608,false,פפריקה חריפה בשמן,,,פפריקה חריפה בשמן,גרמים,120.00,100 גרם,false,,13.90,0.1158,true,1,1181944
7290003078721,false,סחוג,,,סחוג,גרמים,250.00,100 גרם,false,,14.90,0.0596,true,1,2135337
7290003078738,false,לימון בלאדי,,,לימון בלאדי,גרמים,250.00,100 גרם,false,,14.90,0.0596,true,1,1181947
7290003102068,false,צימרוני אוזניים 100,,,צימרוני אוזניים 100,יח',100.00,יח',false,,1.50,0.0150,true,1,1169896
7290003102136,false,צמר גפן 100 גר',,,צמר גפן 100 גר',גרמים,100.00,100 גרם,false,,4.50,0.0450,true,1,1217164
7290003102587,false,מברשת לבקבוק,,,מברשת לבקבוק,יחידה,0.00,יחידה,false,,4.90,0.0000,true,1,1169899
7290003102891,false,שקיות צליה הוסטס 10,,,שקיות צליה הוסטס 10,יח',10.00,יח',false,,4.90,0.4900,true,1,1217035
7290003102976,false,צמרוני אוזנים קופסא,,,צמרוני אוזנים קופסא,יח',200.00,יח',false,,3.90,0.0195,true,1,1169904
7290003126712,false,יוגורט עיזים 3.9% צו,משק צוריאל,IL,"יוגורט עיזים בגביע-140 מ""",גרמים,150.00,100 גרם,false,,5.90,0.0393,true,1,1176156
7290003127023,false,שקיות אוכל בקופסא זו,,,שקיות אוכל בקופסא זו,יח',300.00,יח',false,,9.90,0.0330,true,1,1200480
7290003127429,false,שקיות אשפה 52/65 שרו,,,שקיות אשפה 52/65 שרו,יח',100.00,יח',false,,19.90,0.1990,true,1,1200482
7290003127436,false,שקיות בגליל 75/90 50,,,שקיות בגליל 75/90 50,יח',50.00,יח',false,,19.90,0.3980,true,1,1200483
7290003127467,false,שקיות אשפה 75/90 שרו,,,שקיות אשפה 75/90 שרו,יח',20.00,יח',false,,19.90,0.9950,true,1,1200484
7290003127559,false,"מפה חגיגית 24 מ""ר פר",,,"מפה חגיגית 24 מ""ר פר","מ""ר",24.00,"מ""ר",false,,14.90,0.6208,true,1,1200485
7290003127788,false,שקיות אשפה 52/65 שרו,,,שקיות אשפה 52/65 שרו,יח',60.00,יח',false,,19.90,0.3317,true,1,1200488
7290003127993,false,שקיות סנדוויץ נקשרות,,,שקיות סנדוויץ נקשרות,יח',100.00,יח',false,,7.90,0.0790,true,1,1226513
7290003130399,false,מברשת שיניים לילדים,גלקסו סמית קליין,IN,אקוה פרש מברשת חיות,יח',1.00,יח',false,,9.90,9.9000,true,1,1192937
7290003140237,false,סילאן לחיץ 350 גרם,,,סילאן לחיץ 350 גרם,גרמים,350.00,100 גרם,false,,9.90,0.0283,true,1,1247548
7290003141159,false,מרשמלו יוגטה,,,מרשמלו יוגטה,גרמים,180.00,100 גרם,false,,6.90,0.0383,true,1,1173905
7290003142361,false,פופקורן מתוק מלוח הו,,,פופקורן מתוק מלוח הו,גרמים,500.00,100 גרם,false,,16.90,0.0338,true,1,1989133
7290003142422,false,גרעיני חמניה ללא מלח,ג'י אנד ג'י,IL,גרעיני חמניה בשקית ללא מל,גרמים,180.00,100 גרם,false,,5.90,0.0328,true,1,1173917
7290003142477,false,ערמונים קלופים וקלוי,גליל,IL,ערמונים קלופים וקלויים 10,גרמים,100.00,100 גרם,false,,5.90,0.0590,true,1,1173918
7290003143139,false,סילאן 900 גרם,,,סילאן 900 גרם,גרמים,900.00,100 גרם,false,,12.90,0.0143,true,1,1591718
7290003143146,false,ממרח תמרים 450 גרם,,,ממרח תמרים 450 גרם,גרמים,450.00,100 גרם,false,,4.90,0.0109,true,1,1173925
7290003144419,false,סילאן 710 גרם טבעי,,,סילאן 710 גרם טבעי,גרמים,710.00,100 גרם,false,,19.90,0.0280,true,1,1591719
7290003189076,false,פיצרלה 500גר.,,,פיצרלה 500גר.,גרמים,500.00,100 גרם,false,,19.90,0.0398,true,1,1174292
7290003189137,false,בסיגנון גבינה שווצרי,,,בסיגנון גבינה שווצרי,קילוגרמים,1.00,"ק""ג",false,,29.90,29.9000,true,1,1174293
7290003208531,false,וויסקי קינג רוברט,,,וויסקי קינג רוברט,מיליליטרים,700.00,"100 מ""ל",false,,69.90,0.0999,true,1,1626378
7290003208586,false,מרטיני ביאנקו.,,,מרטיני ביאנקו.,מיליליטרים,750.00,"100 מ""ל",false,,44.90,0.0599,true,1,1626379
7290003208593,false,מרטיני דריי.,,,מרטיני דריי.,מיליליטרים,750.00,"100 מ""ל",false,,44.90,0.0599,true,1,1626380
7290003208609,false,מרטיני רוסו.,,,מרטיני רוסו.,מיליליטרים,750.00,"100 מ""ל",false,,44.90,0.0599,true,1,1626381
7290003219766,false,מילוי לספוג לחות 3 י,,,מילוי לספוג לחות 3 י,יחידה,0.00,יחידה,false,,32.90,0.0000,true,1,2035343
7290003220595,false,אורז לסושי WOK,מיה תעשיות מזון,IL,"ווק אורז לסושי 1ק""ג",קילוגרמים,1.00,"ק""ג",false,,10.90,10.9000,true,1,1226164
7290003220724,false,מקלות סושי WOK,,,מקלות סושי WOK,יחידה,0.00,יחידה,false,,5.90,0.0000,true,1,1226170
7290003222049,false,מארז 12 פיתות ביס מק,,,מארז 12 פיתות ביס מק,גרמים,600.00,100 גרם,false,,10.90,0.0182,true,1,1182126
7290003222070,false,מארז פיתות 13 יח,,,מארז פיתות 13 יח,גרמים,1360.00,100 גרם,false,,9.90,0.0073,true,1,1182127
7290003222094,false,מארז פיתות ביס עבודת,,,מארז פיתות ביס עבודת,גרמים,550.00,100 גרם,false,,10.00,0.0182,true,1,1182128
7290003222568,false,מארז 5 פיתות.,,,מארז 5 פיתות.,גרמים,500.00,100 גרם,false,,4.90,0.0098,true,1,1182130
7290003222742,false,מארז 10 פיתות תמניות,,,מארז 10 פיתות תמניות,גרמים,1000.00,100 גרם,false,,10.90,0.0109,true,1,1182131
7290003222780,false,מארז 5 פיתות כפריות,,,מארז 5 פיתות כפריות,גרמים,500.00,100 גרם,false,,4.90,0.0098,true,1,1182132
7290003227402,false,קרם גוף מידנייט,,,קרם גוף מידנייט,מיליליטרים,275.00,"100 מ""ל",false,,29.90,0.1087,true,1,1175360
7290003229116,false,פסטרמה בדבש 400 גרם,טירת צבי,IL,פסטרמה בדבש 400 גרם טירת,גרמים,400.00,100 גרם,false,,26.90,0.0672,true,1,1187491
7290003229123,false,פסטרמה על גחלים 400,טירת צבי,IL,פסטרמה  גחלים 400 גרם טיר,גרמים,400.00,100 גרם,false,,26.90,0.0672,true,1,1187492
7290003229154,false,נקניק קוניאק 300 גרם,טירת צבי,IL,סלמי קוניאק 300 גרם טירת,גרמים,300.00,100 גרם,false,,24.90,0.0830,true,1,1187494
7290003229192,false,נקניק כתף בקר מעושן,טירת צבי,IL,כתף בקר מעושן 400 גרם טיר,גרמים,400.00,100 גרם,false,,34.90,0.0872,true,1,1187497
7290003229208,false,פסטרמה ספרדית 360 גר,טירת צבי,IL,פסטרמה בסגנון ספרדי 360 ג,גרמים,360.00,100 גרם,false,,26.90,0.0747,true,1,1187498
7290003229215,false,פסטרמה איטלקית 360 ג,טירת צבי,IL,פסטרמה בסגנון איטלקי 360,גרמים,360.00,100 גרם,false,,26.90,0.0747,true,1,1187499
7290003251148,false,נייר לשעווה50 דף,שוורץ,IL,נייר שעווה רגיל 50 דף,יח',50.00,יח',false,,10.90,0.2180,true,1,1175656
7290003251186,false,מסיר לק ריחני,שוורץ,IL,"מסיר לק   150 סמ""ק",מיליליטרים,150.00,"100 מ""ל",false,,5.90,0.0393,true,1,1175657
7290003251797,false,"תחליב חמצן 9% 500 מ""",שוורץ,IL,"תח'  חמ  % 9  500 סמ""ק",מיליליטרים,500.00,"100 מ""ל",false,,9.90,0.0198,true,1,1175665
7290003251865,false,שקית אבקה הבהרה 10,שוורץ,IL,אבקת הבהרה לשיער 10 גר בל,גרמים,10.00,100 גרם,false,,3.90,0.3900,true,1,1175667
7290003251933,false,"תחליב חמצן 6% 500 מ""",שוורץ,IL,"תח'  חמ  % 6  500 סמ""ק",מיליליטרים,500.00,"100 מ""ל",false,,9.90,0.0198,true,1,1175668
7290003258291,false,דאודורנט פנינה מס 3,ביסקול תמרוקים,IL,דאודורנט פנינה מס 3,מיליליטרים,150.00,"100 מ""ל",false,,15.90,0.1060,true,1,1194481
7290003319138,false,צנצנת 6 יח גפילטפיש,דג טעים,IL,צנצנת 6 קציצות-PL,גרמים,570.00,100 גרם,false,,14.90,0.0261,true,1,1155439
7290003319428,false,צנצנת 6 יח גפילטעפיש,דג טעים,IL,צנצנת 6 מנות-מיוחד,גרמים,610.00,100 גרם,false,,15.90,0.0261,true,1,1155445
7290003321155,false,דנונה בר פקאן.,שטראוס,IL,בר פקאן בודד – מקט החזרות,גרמים,183.00,100 גרם,false,,4.50,0.0246,true,1,1188685
7290003321292,false,גבינת סקי 9% 250 גרם,שטראוס,IL,סקי 9% 250 גרם,גרמים,250.00,100 גרם,false,,4.70,0.0188,true,1,1188686
7290003385881,false,במיה ברוטב עגבניות,פרי הגליל,IL,במיה ברוטב א -2פג,גרמים,540.00,100 גרם,false,,8.90,0.0165,true,1,1193812
7290003387205,false,דאודורנט סטיק-ירוק ס,COLGATE PALMOLIVE,US,ספיד סטיק בסיסי ירוק רגיל,גרמים,56.60,100 גרם,false,,19.90,0.3516,true,1,1185567
7290003387410,false,פדים להסרת איפור שלש,SEPTONA S.A,GR,בלונס מסיר איפור שלשות,יח',3.00,יח',false,,18.90,6.3000,true,1,1185570
7290003400500,false,חטיף קרמל עם בוטנים,הרשי,US,חטיף ריסס נאטרייגס 47 גרם,גרמים,47.00,100 גרם,false,,3.90,0.0830,true,1,1173946
7290003401369,false,קרם לחות לשיער חוחבה,אמיליה קוסמטיקס,IL,קרם לחות לשיער חוחובה400,מיליליטרים,400.00,"100 מ""ל",false,,17.90,0.0447,true,1,1190945
7290003401376,false,קרם לחות לשיער אלוור,אמיליה קוסמטיקס,IL,קרם לחות אלוורה לשיער400,מיליליטרים,400.00,"100 מ""ל",false,,17.90,0.0447,true,1,1190946
7290003401420,false,קרם לחות לשיער סיליק,אמיליה קוסמטיקס,IL,ק.לחות סיליקון לשיער400מ,מיליליטרים,400.00,"100 מ""ל",false,,17.90,0.0447,true,1,1190947
7290003401635,false,קרם לחות לשיער נטורל,אמיליה קוסמטיקס,IL,400 קרם לחות ש.צבוע ברגע,מיליליטרים,400.00,"100 מ""ל",false,,19.90,0.0497,true,1,1190948
7290003401642,false,קרם לחות לשיער נטורל,אמיליה קוסמטיקס,IL,קר.לחות לתלתלים נטורל400,מיליליטרים,400.00,"100 מ""ל",false,,19.90,0.0497,true,1,1190949
7290003402809,false,חטיף שוקולד לבן במיל,,,חטיף שוקולד לבן במיל,גרמים,39.00,100 גרם,false,,4.90,0.1256,true,1,1890643
7290003409044,false,"בקר טחון 1 ק""ג ארוז",,,"בקר טחון 1 ק""ג ארוז",גרמים,1000.00,100 גרם,false,,39.90,0.0399,true,1,1206046
7290003409068,false,בורגר בקר משפחתי 2 ק,,,בורגר בקר משפחתי 2 ק,גרמים,2000.00,100 גרם,false,,49.90,0.0249,true,1,1206048
7290003409099,false,בשר בקר לחמין,,,בשר בקר לחמין,קילוגרמים,1.00,"ק""ג",true,,39.90,39.9000,true,1,1206051
7290003409105,false,בורגר אנטריקוט 500 ג,,,בורגר אנטריקוט 500 ג,גרמים,500.00,100 גרם,false,,34.90,0.0698,true,1,1206052
7290003409143,false,נקניקיות מיני מרגז 5,,,נקניקיות מיני מרגז 5,גרמים,500.00,100 גרם,false,,29.90,0.0598,true,1,1206056
7290003409198,false,פילה אמנון 7/9 עם עו,,,פילה אמנון 7/9 עם עו,קילוגרמים,1.00,"ק""ג",true,,19.90,19.9000,true,1,1195523
7290003409204,false,פילה לברק מעדני הים,,,פילה לברק מעדני הים,קילוגרמים,1.00,"ק""ג",true,,39.90,39.9000,true,1,1206060
7290003409211,false,פילה לברק מעדני הים,,,פילה לברק מעדני הים,קילוגרמים,1.00,"ק""ג",true,,39.90,39.9000,true,1,1206061
7290003409365,false,סטייק עין 800 גרם,,,סטייק עין 800 גרם,גרמים,800.00,100 גרם,false,,79.00,0.0988,true,1,1206067
7290003409372,false,סטייק בורגר פרימיום,,,סטייק בורגר פרימיום,גרמים,500.00,100 גרם,false,,34.90,0.0698,true,1,1209657
7290003409396,false,קבב עוף 400 גרם,,,קבב עוף 400 גרם,גרמים,400.00,100 גרם,false,,19.90,0.0497,true,1,1206069
7290003409402,false,פילה סלמון נורבגי קפ,,,פילה סלמון נורבגי קפ,קילוגרמים,1.00,"ק""ג",true,,79.90,79.9000,true,1,1195524
7290003409426,false,שווארמה הודו מתובלת,,,שווארמה הודו מתובלת,גרמים,500.00,100 גרם,false,,29.90,0.0598,true,1,1208928
7290003409433,false,נקניקיות מרגז עוף 50,,,נקניקיות מרגז עוף 50,גרמים,500.00,100 גרם,false,,19.90,0.0398,true,1,1208946
7290003409655,false,פילה אמנון 7-9 ללא ע,,,פילה אמנון 7-9 ללא ע,קילוגרמים,1.00,"ק""ג",true,,39.90,39.9000,true,1,1361763
7290003409662,false,נקניקיות מרגז עגל חל,,,נקניקיות מרגז עגל חל,גרמים,500.00,100 גרם,false,,29.90,0.0598,true,1,1423066
7290003409679,false,קבב יווני 400 גרם,,,קבב יווני 400 גרם,יח',1.00,יח',false,,24.90,24.9000,true,1,1504744
7290003409693,false,נקניקיות מיני מרגז ע,,,נקניקיות מיני מרגז ע,גרמים,500.00,100 גרם,false,,29.90,0.0598,true,1,1577068
7290003409785,false,חזה בקר בשר מס' 3,,,חזה בקר בשר מס' 3,קילוגרמים,1.00,"ק""ג",true,,29.90,29.9000,true,1,1586288
7290003409808,false,צלעות עגל בשר מס' 2,,,צלעות עגל בשר מס' 2,קילוגרמים,1.00,"ק""ג",true,,39.90,39.9000,true,1,1601033
7290003409822,false,שניצלוני עוף בציפוי,,,שניצלוני עוף בציפוי,גרמים,700.00,100 גרם,false,,19.90,0.0284,true,1,1888983
7290003409921,false,קבב ג'מבו עיראקי 500,,,קבב ג'מבו עיראקי 500,גרמים,500.00,100 גרם,false,,29.90,0.0598,true,1,1884902
7290003409938,false,קבב ג'מבו מזרחי 500,,,קבב ג'מבו מזרחי 500,גרמים,500.00,100 גרם,false,,29.90,0.0598,true,1,1884903
7290003409969,false,סינטה דק דק 250 גרם,,,סינטה דק דק 250 גרם,גרמים,250.00,100 גרם,false,,24.90,0.0996,true,1,1978704
7290003411054,false,שקיות לצליה גדול,,,שקיות לצליה גדול,יח',5.00,יח',false,,4.90,0.9800,true,1,1169226
7290003411566,false,צמרוני עץ לאוזנים,,,צמרוני עץ לאוזנים,יח',200.00,יח',false,,1.90,0.0095,true,1,1169238
7290003411726,false,קיסמי מלחיה 300 יח,,,קיסמי מלחיה 300 יח,יח',300.00,יח',false,,2.90,0.0097,true,1,1169242
7290003411856,false,גרנולה תפוחי עץ.,,,גרנולה תפוחי עץ.,גרמים,400.00,100 גרם,false,,9.90,0.0248,true,1,1169246
7290003411948,false,צמר-גפן,,,צמר-גפן,גרמים,100.00,100 גרם,false,,3.90,0.0390,true,1,1169247
7290003411993,false,גפרורים 10 יחידות,,,גפרורים 10 יחידות,יח',10.00,יח',false,,2.00,0.2000,true,1,1169248
7290003414406,false,נטיפים לאפייה חמאת ב,,,נטיפים לאפייה חמאת ב,גרמים,283.00,100 גרם,false,,14.90,0.0527,true,1,1591712
7290003415076,false,עצמות עגל קפוא ארוז,,,עצמות עגל קפוא ארוז,קילוגרמים,1.00,"ק""ג",true,,19.90,19.9000,true,1,1206070
7290003415120,false,סטייק אנטריקוט דק דק,,,סטייק אנטריקוט דק דק,גרמים,250.00,100 גרם,false,,24.90,0.0996,true,1,1248388
7290003415144,false,שווארמה עוף מתובלת 5,,,שווארמה עוף מתובלת 5,גרמים,500.00,100 גרם,false,,29.90,0.0598,true,1,2022051
7290003415229,false,שומן כבש,,,שומן כבש,קילוגרמים,1.00,"ק""ג",true,,69.90,69.9000,true,1,1206071
7290003415434,false,כבד עוף קפוא ארוז,,,כבד עוף קפוא ארוז,קילוגרמים,1.00,"ק""ג",true,,24.90,24.9000,true,1,1206080
7290003415540,false,מח עגל קפוא ארוז,,,מח עגל קפוא ארוז,קילוגרמים,1.00,"ק""ג",true,,190.00,190.0000,true,1,1206088
7290003415564,false,גרון עוף ארוז,,,גרון עוף ארוז,קילוגרמים,1.00,"ק""ג",true,,3.90,3.9000,true,1,1206089
7290003415571,false,צלי כתף עגל מוכשר אר,,,צלי כתף עגל מוכשר אר,קילוגרמים,1.00,"ק""ג",true,,59.90,59.9000,true,1,1206090
7290003415625,false,שיפודי פרגיות קפוא א,,,שיפודי פרגיות קפוא א,קילוגרמים,1.00,"ק""ג",true,,59.90,59.9000,true,1,1206092
7290003415632,false,סטייק פרגיות קפוא אר,,,סטייק פרגיות קפוא אר,קילוגרמים,1.00,"ק""ג",true,,69.90,69.9000,true,1,1206093
7290003415656,false,עדשים שחורות 500 גרם,,,עדשים שחורות 500 גרם,גרמים,500.00,100 גרם,false,,7.90,0.0158,true,1,1180829
7290003415663,false,עוף טחון קפוא 500 גר,,,עוף טחון קפוא 500 גר,גרמים,500.00,100 גרם,false,,14.90,0.0298,true,1,1206094
7290003415724,false,סטייק עוף ארוז קפוא,,,סטייק עוף ארוז קפוא,קילוגרמים,1.00,"ק""ג",true,,21.90,21.9000,true,1,1206100
7290003415731,false,כבד עגל קפוא ארוז,,,כבד עגל קפוא ארוז,קילוגרמים,1.00,"ק""ג",true,,14.90,14.9000,true,1,1206101
7290003415809,false,אצבעות אנטריקוט מעדנ,,,אצבעות אנטריקוט מעדנ,קילוגרמים,1.00,"ק""ג",true,,59.90,59.9000,true,1,1206105
7290003415847,false,נקניקיות מרגז 500 גר,,,נקניקיות מרגז 500 גר,גרמים,500.00,100 גרם,false,,29.90,0.0598,true,1,1206107
7290003415854,false,נקניקיות צ'וריסוס 50,,,נקניקיות צ'וריסוס 50,גרמים,500.00,100 גרם,false,,29.90,0.0598,true,1,1206108
7290003415922,false,טבעות בקר קפוא ארוז,,,טבעות בקר קפוא ארוז,קילוגרמים,1.00,"ק""ג",true,,59.00,59.0000,true,1,1206114
7290003415977,false,סטייק אנטריקוט דרום,,,סטייק אנטריקוט דרום,קילוגרמים,1.00,"ק""ג",true,,79.90,79.9000,true,1,1206119
7290003423909,false,חטיף שוקולד לבן עם ש,הרשי,US,קוקיז אנד קרים הרשי 43 גר,גרמים,43.00,100 גרם,false,,4.90,0.1140,true,1,1173947
7290003438006,false,ממרח פסטו איטלקי,אוליביה,IL,פסטו איטלקי,גרמים,180.00,100 גרם,false,,12.90,0.0717,true,1,1159517
7290003438013,false,ממרח זיתים ירוקים,אוליביה,IL,ממרח זיתים ירוקים,גרמים,190.00,100 גרם,false,,12.90,0.0679,true,1,1159518
7290003438020,false,ממרח עגבניות,אוליביה,IL,ממרח עגבניות מיובשות,גרמים,190.00,100 גרם,false,,12.90,0.0679,true,1,1159519
7290003438853,false,אריסה חריפה אוליביה,אוליביה,IL,אריסה חריפה 185 גרם,גרמים,180.00,100 גרם,false,,12.90,0.0717,true,1,1245388
7290003444009,false,שוקולד חלב במילוי חמ,הרשי,US,חטיף ריזס שוקולד חלב  42,גרמים,42.00,100 גרם,false,,3.90,0.0929,true,1,1173949
7290003450602,false,חרדל אמיתי לחיץ 255,היינץ,,חרדל אמיתי לחיץ 255,גרמים,255.00,100 גרם,false,,7.90,0.0310,true,1,1157292
7290003458059,false,עצם ברך בקר,,,עצם ברך בקר,קילוגרמים,1.00,"ק""ג",true,,29.90,29.9000,true,1,2085990
7290003458066,false,פילה מדומה מס.6 קפוא,,,פילה מדומה מס.6 קפוא,קילוגרמים,1.00,"ק""ג",true,,49.90,49.9000,true,1,2096013
7290003475124,false,צמר גפן עננים 100 גר,SEPTONA S.A,GR,עננים צמר גפן 100 גרם,גרמים,100.00,100 גרם,false,,5.90,0.0590,true,1,1185571
7290003485017,false,קווקר דק 500 גרם.,,,קווקר דק 500 גרם.,גרמים,500.00,100 גרם,false,,4.90,0.0098,true,1,1191501
7290003485024,false,קווקר עבה 500 גרם.,,,קווקר עבה 500 גרם.,גרמים,500.00,100 גרם,false,,4.90,0.0098,true,1,1191502
7290003485031,false,בורגול עבה 500 גרם.,,,בורגול עבה 500 גרם.,גרמים,500.00,100 גרם,false,,4.90,0.0098,true,1,1180830
7290003485048,false,כוסמת קלויה 500 גרם.,,,כוסמת קלויה 500 גרם.,גרמים,500.00,100 גרם,false,,5.90,0.0118,true,1,1180831
7290003485123,false,חזה עוף קפוא ארוז,,,חזה עוף קפוא ארוז,קילוגרמים,1.00,"ק""ג",true,,19.90,19.9000,true,1,1206122
7290003485147,false,"אורז יסמין 1 ק""ג",,,"אורז יסמין 1 ק""ג",קילוגרמים,1.00,"ק""ג",false,,9.90,9.9000,true,1,1176065
7290003485161,false,כרעיים עוף קפוא ארוז,,,כרעיים עוף קפוא ארוז,קילוגרמים,1.00,"ק""ג",true,,24.90,24.9000,true,1,1206123
7290003485185,false,"אורז ריזוטו 1 ק""ג",,,"אורז ריזוטו 1 ק""ג",קילוגרמים,1.00,"ק""ג",false,,9.90,9.9000,true,1,1176066
7290003485192,false,"אורז בסמטי 1 ק""ג",,,"אורז בסמטי 1 ק""ג",קילוגרמים,1.00,"ק""ג",false,,9.90,9.9000,true,1,1180833
7290003485215,false,"אורז לסושי 1 ק""ג",,,"אורז לסושי 1 ק""ג",קילוגרמים,1.00,"ק""ג",false,,8.90,8.9000,true,1,1176067
7290003485222,false,"סוכר 1 ק""ג",סוגת תעשיות,IL,"סוכר 1 ק""ג - חצי חינם",קילוגרמים,1.00,"ק""ג",false,,3.90,3.9000,true,1,1180661
7290003485260,false,שוקיים עוף קפוא ארוז,,,שוקיים עוף קפוא ארוז,קילוגרמים,1.00,"ק""ג",true,,29.90,29.9000,true,1,1206125
7290003485277,false,כנפיים עוף קפוא ארוז,,,כנפיים עוף קפוא ארוז,קילוגרמים,1.00,"ק""ג",true,,7.90,7.9000,true,1,1206126
7290003485284,false,שניצל עוף קפוא ארוז,,,שניצל עוף קפוא ארוז,קילוגרמים,1.00,"ק""ג",true,,34.90,34.9000,true,1,1206127
7290003485307,false,"אורז מלא 1 ק""ג",,,"אורז מלא 1 ק""ג",קילוגרמים,1.00,"ק""ג",false,,8.90,8.9000,true,1,1180835
7290003485314,false,בורגול דק 500 גרם.,,,בורגול דק 500 גרם.,גרמים,500.00,100 גרם,false,,4.90,0.0098,true,1,1191503
7290003485321,false,חיטה 500 גרם.,,,חיטה 500 גרם.,גרמים,500.00,100 גרם,false,,4.90,0.0098,true,1,1180836
7290003485338,false,לוביה 500 גרם,,,לוביה 500 גרם,גרמים,500.00,100 גרם,false,,6.90,0.0138,true,1,1180837
7290003485345,false,גריסים 500 גרם,,,גריסים 500 גרם,גרמים,500.00,100 גרם,false,,4.90,0.0098,true,1,1176069
7290003485352,false,"אורז עגול 1 ק""ג",,,"אורז עגול 1 ק""ג",קילוגרמים,1.00,"ק""ג",false,,8.90,8.9000,true,1,1176070
7290003485369,false,חומוס גדול 500 גרם,,,חומוס גדול 500 גרם,גרמים,500.00,100 גרם,false,,9.90,0.0198,true,1,1191504
7290003485376,false,פול קטן 500 גרם,,,פול קטן 500 גרם,גרמים,500.00,100 גרם,false,,4.90,0.0098,true,1,1180838
7290003485383,false,פול גדול 500 גרם,,,פול גדול 500 גרם,גרמים,500.00,100 גרם,false,,8.90,0.0178,true,1,1180839
7290003485390,false,עדשים אדומות 500 גרם,,,עדשים אדומות 500 גרם,גרמים,500.00,100 גרם,false,,5.90,0.0118,true,1,1176071
7290003485406,false,עדשים ירוקות 500 גרם,,,עדשים ירוקות 500 גרם,גרמים,500.00,100 גרם,false,,5.90,0.0118,true,1,1180840
7290003485413,false,פופקורן 500 גרם,,,פופקורן 500 גרם,גרמים,500.00,100 גרם,false,,5.90,0.0118,true,1,1170935
7290003485499,false,מש 500 גרם,,,מש 500 גרם,גרמים,500.00,100 גרם,false,,5.90,0.0118,true,1,1176073
7290003485505,false,שעועית אדומה 500 גרם,,,שעועית אדומה 500 גרם,גרמים,500.00,100 גרם,false,,6.90,0.0138,true,1,1180841
7290003485512,false,שעועית חומה 500 גרם,,,שעועית חומה 500 גרם,גרמים,500.00,100 גרם,false,,6.90,0.0138,true,1,1191505
7290003485529,false,שעועית אמריקאית 500,,,שעועית אמריקאית 500,גרמים,500.00,100 גרם,false,,6.90,0.0138,true,1,1180842
7290003485536,false,שעועית גדולה 500 גרם,,,שעועית גדולה 500 גרם,גרמים,500.00,100 גרם,false,,7.90,0.0158,true,1,1176074
7290003485543,false,אפונה 500 גרם,,,אפונה 500 גרם,גרמים,500.00,100 גרם,false,,4.90,0.0098,true,1,1191506
7290003485567,false,תורמוס 500 גרם,,,תורמוס 500 גרם,גרמים,500.00,100 גרם,false,,4.90,0.0098,true,1,1191507
7290003485574,false,שעועית ארגנטינאית 50,,,שעועית ארגנטינאית 50,גרמים,500.00,100 גרם,false,,5.90,0.0118,true,1,1181913
7290003485666,false,חומוס גרגרים 500 גרם,,,חומוס גרגרים 500 גרם,גרמים,500.00,100 גרם,false,,6.90,0.0138,true,1,1191508
7290003485680,false,קוקוס טחון 200 גרם,,,קוקוס טחון 200 גרם,גרמים,200.00,100 גרם,false,,5.90,0.0295,true,1,1191509
7290003485697,false,שומשום 200 גרם,,,שומשום 200 גרם,גרמים,200.00,100 גרם,false,,4.90,0.0245,true,1,1191510
7290003485734,false,דוחן 500 גרם,,,דוחן 500 גרם,גרמים,500.00,100 גרם,false,,5.90,0.0118,true,1,1176076
7290003485796,false,"אורז פרסי 1 ק""ג",,,"אורז פרסי 1 ק""ג",גרמים,1000.00,100 גרם,false,,9.90,0.0099,true,1,1176077
7290003485901,false,בוטנים לא קלויים קלו,,,בוטנים לא קלויים קלו,קילוגרמים,1.00,"ק""ג",true,,29.00,29.0000,true,1,1198149
7290003485918,false,"בונדוק 1 ק""ג אגוזי ל",שקדיה,,"בונדוק 1 ק""ג אגוזי ל",קילוגרמים,1.00,"ק""ג",true,,49.00,49.0000,true,1,1191511
7290003485925,false,"צנובר ענק 1 ק""ג",,,"צנובר ענק 1 ק""ג",קילוגרמים,1.00,"ק""ג",true,,199.00,199.0000,true,1,1181915
7290003485932,false,פיסטוק חלבי קלוף 1 ק,שקדיה,,פיסטוק חלבי קלוף 1 ק,קילוגרמים,1.00,"ק""ג",true,,119.00,119.0000,true,1,1191512
7290003485949,false,שקד אמריקאי טבעי,,,שקד אמריקאי טבעי,קילוגרמים,1.00,"ק""ג",true,,69.00,69.0000,true,1,1191513
7290003486014,false,זנגוויל מופחת סוכר,,,זנגוויל מופחת סוכר,קילוגרמים,1.00,"ק""ג",true,,39.00,39.0000,true,1,1181916
7290003486021,false,שקד מולבן פרוס,,,שקד מולבן פרוס,קילוגרמים,1.00,"ק""ג",true,,79.00,79.0000,true,1,1191514
7290003486038,false,שקד מולבן גפרורים,,,שקד מולבן גפרורים,קילוגרמים,1.00,"ק""ג",true,,69.00,69.0000,true,1,1191515
7290003486045,false,שקד מולבן  שלם,,,שקד מולבן  שלם,קילוגרמים,1.00,"ק""ג",true,,69.00,69.0000,true,1,1181917
7290003486083,false,תפוח עץ טבעות,,,תפוח עץ טבעות,קילוגרמים,1.00,"ק""ג",true,,35.00,35.0000,true,1,1191516
7290003486090,false,פקאן אמריקאים מקולף,,,פקאן אמריקאים מקולף,קילוגרמים,1.00,"ק""ג",true,,99.00,99.0000,true,1,1181918
7290003486137,false,"אננס טבעות מסוכר 1ק""",,,"אננס טבעות מסוכר 1ק""",קילוגרמים,1.00,"ק""ג",true,,39.00,39.0000,true,1,1181919
7290003486144,false,אגוז ברזיל מקולף 1 ק,,,אגוז ברזיל מקולף 1 ק,קילוגרמים,1.00,"ק""ג",true,,99.00,99.0000,true,1,1181920
7290003486168,false,"קשיו 1 ק""ג טבעי",,,"קשיו 1 ק""ג טבעי",קילוגרמים,1.00,"ק""ג",true,,59.00,59.0000,true,1,1181921
7290003486175,false,"משמש מיובש 1 ק""ג",,,"משמש מיובש 1 ק""ג",קילוגרמים,1.00,"ק""ג",true,,39.00,39.0000,true,1,1198150
7290003486205,false,גרעיני דלעת קלופים,שקדיה,,גרעיני דלעת קלופים,קילוגרמים,1.00,"ק""ג",true,,29.00,29.0000,true,1,1181922
7290003486212,false,"חמניות קלופות 1 ק""ג",,,"חמניות קלופות 1 ק""ג",קילוגרמים,1.00,"ק""ג",true,,15.00,15.0000,true,1,1181923
7290003486243,false,אגוזי מלך קלוף,,,אגוזי מלך קלוף,קילוגרמים,1.00,"ק""ג",true,,59.00,59.0000,true,1,1181924
7290003486274,false,פיסטוק חלבי בקליפה 1,,,פיסטוק חלבי בקליפה 1,קילוגרמים,1.00,"ק""ג",true,,79.00,79.0000,true,1,1181925
7290003486281,false,תמר מגהול ענק,,,תמר מגהול ענק,קילוגרמים,1.00,"ק""ג",true,,49.00,49.0000,true,1,1166991
7290003486298,false,חמוציות חצאים,שקדיה,,חמוציות חצאים,קילוגרמים,1.00,"ק""ג",true,,29.00,29.0000,true,1,1176079
7290003486304,false,תאנים מיובשות,,,תאנים מיובשות,קילוגרמים,1.00,"ק""ג",true,,49.00,49.0000,true,1,1181926
7290003486328,false,צימוק גדול בהיר,,,צימוק גדול בהיר,קילוגרמים,1.00,"ק""ג",true,,49.00,49.0000,true,1,1181927
7290003486335,false,"שזיף מגולען 1 ק""ג",,,"שזיף מגולען 1 ק""ג",קילוגרמים,1.00,"ק""ג",true,,45.00,45.0000,true,1,1176080
7290003486342,false,שזיף מיובש,,,שזיף מיובש,קילוגרמים,1.00,"ק""ג",true,,39.00,39.0000,true,1,1180843
7290003486359,false,בננה ציפס,שקדיה,,בננה ציפס,קילוגרמים,1.00,"ק""ג",true,,29.00,29.0000,true,1,1181928
7290003486403,false,צימוק כהה,,,צימוק כהה,קילוגרמים,1.00,"ק""ג",true,,29.00,29.0000,true,1,1200500
7290003486410,false,תמר אמרי,,,תמר אמרי,קילוגרמים,1.00,"ק""ג",true,,29.00,29.0000,true,1,1200499
7290003486533,false,פקאן מסוכר,שקדיה,,פקאן מסוכר,קילוגרמים,1.00,"ק""ג",true,,79.00,79.0000,true,1,1166992
7290003486571,false,קבוקים,שקדיה,,קבוקים,קילוגרמים,1.00,"ק""ג",true,,25.00,25.0000,true,1,1166995
7290003486588,false,קבוקים שומשום,שקדיה,,קבוקים שומשום,קילוגרמים,1.00,"ק""ג",true,,25.00,25.0000,true,1,1166996
7290003486595,false,בוטן אמריקאי,,,בוטן אמריקאי,קילוגרמים,1.00,"ק""ג",true,,25.00,25.0000,true,1,1166997
7290003514007,false,שקדי מרק מנה 400 גרם,מנה Mana,IL,מנה שקדי מרק מנה 400 גרם,גרמים,400.00,100 גרם,false,,8.90,0.0223,true,1,1185572
7290003514571,false,פריכיות אורז עם מלח,מנה Mana,IL,מנה פריכיות אורז עם מלח 1,גרמים,100.00,100 גרם,false,,4.90,0.0490,true,1,1185583
7290003521074,false,מרכך סרקל 1 ליטר,"ד""ר פישר Dr fischer",IL,סרקל מעצב ליטר,ליטרים,1.00,ליטר,false,,28.90,28.9000,true,1,1198324
7290003521081,false,שמפו סרקל 1 ליטר,"ד""ר פישר Dr fischer",IL,סרקל שמפו ליטר,ליטרים,1.00,ליטר,false,,28.90,28.9000,true,1,1198325
7290003521180,false,שמפו+מרכך סרקל 500,"ד""ר פישר Dr fischer",IL,"סרקל שמפו+מעצב 500 מ""ל",מיליליטרים,500.00,"100 מ""ל",false,,18.90,0.0378,true,1,1198327
7290003521197,false,סרקל מתיר קשרים 340,"ד""ר פישר Dr fischer",IL,"סרקל מתיר קשרים 340מ""ל",מיליליטרים,340.00,"100 מ""ל",false,,22.90,0.0674,true,1,1198328
7290003521463,false,קמיל פלוס 2 ליטר,"ד""ר פישר Dr fischer",IL,ק.ב סנסטיב אל דמע 2 ליטר,ליטרים,2.00,ליטר,false,,42.90,21.4500,true,1,1198336
7290003522606,false,מגבונים למשטחים 160,"ד""ר פישר Dr fischer",IL,20 אלכוויפס מגבונים לשמיר,100 יח',160.00,100 יח',false,,19.90,0.1244,true,1,1273844
7290003550753,false,מארז 4 טונה פוסידון,פוסידון,IL,מארז 4 טונה פוסידון,גרמים,432.00,100 גרם,false,,19.90,0.0461,true,1,1177269
7290003561926,false,עוגת קראנץ' שוקולד,,,עוגת קראנץ' שוקולד,יחידה,0.00,יחידה,false,,29.90,0.0000,true,1,1156078
7290003578078,false,לפתן פירות טרופיים ב,,,לפתן פירות טרופיים ב,גרמים,850.00,100 גרם,false,,10.90,0.0128,true,1,1159233
7290003578108,false,חתיכות אננס בסירופ ק,טקרנג,TH,אננס חתוך 850גרם,גרמים,850.00,100 גרם,false,,8.90,0.0105,true,1,1159236
7290003578290,false,איטריות אורז 300 גרם,XIMAN ZHONGSHI,CN,מקלוני אורז 300גרם (24),גרמים,300.00,100 גרם,false,,5.90,0.0197,true,1,1159239
7290003578313,false,דובדבנים ללא חרצנים,יורוביקה,HR,דובדבנים ללא חרצנים 680גר,גרמים,680.00,100 גרם,false,,9.90,0.0146,true,1,1159240
7290003578672,false,שמן חמניות 1 ליטר,,,שמן חמניות 1 ליטר,ליטרים,1.00,ליטר,false,,11.90,11.9000,true,1,2101331
7290003643004,false,אורז בסמטי קלאסי סוג,סוגת תעשיות,IL,"אורז בסמטי 1 ק""ג",קילוגרמים,1.00,"ק""ג",false,,12.90,12.9000,true,1,1180662
7290003643646,false,"סוכר דמררה 1 ק""ג סוג",סוגת תעשיות,IL,סוכר חום דמררה צנצנת 1 קג,קילוגרמים,1.00,"ק""ג",false,,12.90,12.9000,true,1,1180668
7290003643684,false,אפונה 500 גרם,,,אפונה 500 גרם,יחידה,0.00,יחידה,false,,6.90,0.0000,true,1,2007278
7290003643707,false,גריסים 500 גרם,,,גריסים 500 גרם,גרמים,500.00,100 גרם,false,,4.90,0.0098,true,1,2007279
7290003643714,false,חומוס 500 גרם,,,חומוס 500 גרם,יחידה,0.00,יחידה,false,,7.90,0.0000,true,1,2007280
7290003643738,false,חיטה 500 גרם,,,חיטה 500 גרם,גרמים,500.00,100 גרם,false,,4.90,0.0098,true,1,2007281
7290003643752,false,עדשים ירוקות 500 גרם,,,עדשים ירוקות 500 גרם,גרמים,500.00,100 גרם,false,,7.90,0.0158,true,1,2007283
7290003643769,false,עדשים אדומות 500 גרם,,,עדשים אדומות 500 גרם,גרמים,500.00,100 גרם,false,,6.90,0.0138,true,1,2007284
7290003643776,false,פופקורן 500 גרם,,,פופקורן 500 גרם,יחידה,0.00,יחידה,false,,5.90,0.0000,true,1,2007285
7290003643806,false,שעועית לבנה 500 גרם,,,שעועית לבנה 500 גרם,יחידה,0.00,יחידה,false,,7.90,0.0000,true,1,2007286
7290003643820,false,חומוס ענק 500 גרם,,,חומוס ענק 500 גרם,יחידה,0.00,יחידה,false,,9.90,0.0000,true,1,2007287
7290003681174,false,צימוקים שחורים,מיה תעשיות מזון,IL,צימוקים שחורים 200גרם בד',גרמים,200.00,100 גרם,false,,7.90,0.0395,true,1,1223471
7290003681211,false,צנובר,מיה תעשיות מזון,IL,צנובר 100גרם,גרמים,80.00,100 גרם,false,,19.90,0.2487,true,1,1181478
7290003681235,false,פלפל אנגלי,מיה תעשיות מזון,IL,פלפל אנגלי 50גרם,גרמים,50.00,100 גרם,false,,6.90,0.1380,true,1,1181480
7290003681365,false,קישוט לעוגה,מיה תעשיות מזון,IL,קישוט לעוגה צבעוני בצנצנת,גרמים,80.00,100 גרם,false,,3.90,0.0487,true,1,1181485
7290003681532,false,דובדבנים מסוכרים,מיה תעשיות מזון,IL,דובדבנים מסוכרים 80גרם,גרמים,80.00,100 גרם,false,,6.90,0.0863,true,1,1181489
7290003681723,false,תבלין לפיצה,מיה תעשיות מזון,IL,תבלין לפיצה 80גרם,גרמים,80.00,100 גרם,false,,6.90,0.0863,true,1,1181492
7290003681754,false,תבלין קארי,מיה תעשיות מזון,IL,אבקת קארי 80גרם,גרמים,80.00,100 גרם,false,,6.90,0.0863,true,1,1181495
7290003681761,false,גבישי שום,מיה תעשיות מזון,IL,גבישי שום 80גרם,גרמים,80.00,100 גרם,false,,9.90,0.1238,true,1,1181496
7290003681792,false,סוכריות טופי,מיה תעשיות מזון,IL,טופי פירות 850גרם,גרמים,850.00,100 גרם,false,,14.90,0.0175,true,1,1181498
7290003703418,false,מאפה גביניות,בונז'ור,IL,בונז'ור גביניות,קילוגרמים,1.00,"ק""ג",true,,39.00,39.0000,true,1,1156086
7290003726592,false,גבינת טופו ויילר בטע,,,גבינת טופו ויילר בטע,גרמים,300.00,100 גרם,false,,12.90,0.0430,true,1,1956091
7290003744428,false,אובלטים קימל 300 גרם,,,אובלטים קימל 300 גרם,גרמים,300.00,100 גרם,false,,10.90,0.0363,true,1,1184403
7290003744831,false,אובלטים בצל 300גרם,,,אובלטים בצל 300גרם,גרמים,300.00,100 גרם,false,,10.90,0.0363,true,1,1184404
7290003744862,false,אובלטים זעתר 300 גרם,,,אובלטים זעתר 300 גרם,גרמים,300.00,100 גרם,false,,10.90,0.0363,true,1,1184407
7290003781652,false,צנצנת צלפים 350 גרם,טינטאש,TR,צלפים 350גרם,גרמים,350.00,100 גרם,false,,8.90,0.0254,true,1,1159251
7290003781881,false,פנה 500 גרם,,,פנה 500 גרם,גרמים,500.00,100 גרם,false,,4.90,0.0098,true,1,1975280
7290003781904,false,ספגטי 500 גרם,,,ספגטי 500 גרם,גרמים,500.00,100 גרם,false,,4.90,0.0098,true,1,1975274
7290003781959,false,פוזילי 500 גרם,,,פוזילי 500 גרם,גרמים,500.00,100 גרם,false,,4.90,0.0098,true,1,1975275
7290003804252,false,תיבולית קנור הודי 72,יוניליוור,IL,קנור תיבוליות הודי 72 גרם,גרמים,72.00,100 גרם,false,,9.90,0.1375,true,1,1188143
7290003804320,false,תיבולית קנור שום פטר,יוניליוור,IL,קנור תיבוליות שום 72 גרם,גרמים,72.00,100 גרם,false,,9.90,0.1375,true,1,1188145
7290003804368,false,תיבולית קנור בזיליקו,יוניליוור,IL,קנור תיבוליות 72 גרם,גרמים,72.00,100 גרם,false,,9.90,0.1375,true,1,1188148
7290003804382,false,תיבולית קנור פיטריות,יוניליוור,IL,קנור תיבוליות פטריות 72 ג,גרמים,72.00,100 גרם,false,,9.90,0.1375,true,1,1188150
7290003805501,false,פתית שוודי 300 גרם.,יוניליוור,IL,"פתית שוודי בד""צ חדש 300 ג",גרמים,300.00,100 גרם,false,,15.90,0.0530,true,1,1188169
7290003805587,false,פתית חיטה מלאה 250 ג,יוניליוור,IL,פתית חיטה 250גר,גרמים,250.00,100 גרם,false,,15.90,0.0636,true,1,1188175
7290003807178,false,רוטב סויה בסגנון סינ,יוניליוור,IL,קנור רוטב סויה בסגנון סינ,מיליליטרים,300.00,"100 מ""ל",false,,12.90,0.0430,true,1,1188184
7290003807482,false,"רוטב טריאקי 300 מ""ל",יוניליוור,IL,רוטב טריאקי 390 גר,מיליליטרים,300.00,"100 מ""ל",false,,12.90,0.0430,true,1,1188190
7290003864478,false,סרדין בשמן צמחי,גולדן פריז,TH,סרדין בשמן צמחי 110גרם פת,גרמים,110.00,100 גרם,false,,4.40,0.0400,true,1,1159254
7290003864485,false,סרדינים ברוטב עגבניו,גולדן פריז,TH,סרדין ברוטב עגבניות 110גר,גרמים,110.00,100 גרם,false,,4.40,0.0400,true,1,1159255
7290003864492,false,סרדין בשמן צמחי,גולדן פריז,TH,סרדין בשמן צמחי חריף 110ג,גרמים,110.00,100 גרם,false,,4.40,0.0400,true,1,1159256
7290003882502,false,שמן תירס 1 ליטר,יונקה גידה,TR,שמן תירס 1ל' (12),ליטרים,1.00,ליטר,false,,11.90,11.9000,true,1,2101330
7290003882922,false,עלי גפן 400 גרם,פליריה,,עלי גפן ממולאים באורז 400,גרמים,400.00,100 גרם,false,,7.90,0.0198,true,1,1159258
7290003903771,false,קפוצינו רגיל 200 גרם,שטראוס,IL,קפוצ'ינו רגיל 200 ג/6יח'/,גרמים,200.00,100 גרם,false,,23.90,0.1195,true,1,1189350
7290003938049,false,נוזל הברקה למדיח הפי,אורו,DE,הפי הברקה למדיח 1 ליטר,ליטרים,1.00,ליטר,false,,19.90,19.9000,true,1,1173173
7290003976492,false,נוזל לניקוי כלים לעו,,,נוזל לניקוי כלים לעו,מיליליטרים,750.00,"100 מ""ל",false,,9.90,0.0132,true,1,2025014
7290003976522,false,ג'ל מרוכז  5 לי בניח,,,ג'ל מרוכז  5 לי בניח,ליטרים,5.00,ליטר,false,,31.90,6.3800,true,1,2021552
7290003989096,false,סלט חצילים אחלה 500,שטראוס,IL,חציל פיקנטי 500,גרמים,500.00,100 גרם,false,,13.90,0.0278,true,1,1188687
7290003989539,false,רביולי גבינה אחלה 40,שטראוס,IL,רביולי גבינה 400 חדש,גרמים,400.00,100 גרם,false,,18.90,0.0472,true,1,1188688
7290003989553,false,טורטליני פטריות 400,שטראוס,IL,טורטלוני פטריות 400 גר' ח,גרמים,400.00,100 גרם,false,,18.90,0.0472,true,1,1188689
7290003996742,false,עלי תרד שטופים ללא ח,,,עלי תרד שטופים ללא ח,יחידה,0.00,יחידה,false,,9.90,0.0000,true,1,1198224
7290004011338,false,קצפת ריצ' אירוסול חל,ריץ',IT,קצפת ארוסול חלבי,מיליליטרים,250.00,"100 מ""ל",false,,9.90,0.0396,true,1,1177271
7290004011345,false,קצפת ריצ' אירוסול פר,ריץ',IT,קצפת אורוסול פרווה,מיליליטרים,250.00,"100 מ""ל",false,,9.90,0.0396,true,1,1177272
7290004022309,false,חטיף חמאת בוטנים MַM,,,חטיף חמאת בוטנים MַM,גרמים,89.00,100 גרם,false,,6.90,0.0775,true,1,1557781
7290004026776,false,לחם מחמצת אגוזים וצי,,,לחם מחמצת אגוזים וצי,גרמים,500.00,100 גרם,false,,16.90,0.0338,true,1,1815949
7290004030018,false,"מיץ לימון 500 מ""ל",,,"מיץ לימון 500 מ""ל",מיליליטרים,500.00,"100 מ""ל",false,,7.90,0.0158,true,1,1277374
7290004030216,false,נקטר חמוציות 1 ליטר,,,נקטר חמוציות 1 ליטר,ליטרים,1.00,ליטר,false,,8.90,8.9000,true,1,1277377
7290004030544,false,מיץ לימונענע 1 ליטר,,,מיץ לימונענע 1 ליטר,ליטרים,1.00,ליטר,false,,8.90,8.9000,true,1,1277385
7290004030834,false,מיץ רימון סחוט    1,,,מיץ רימון סחוט    1,ליטרים,1.00,ליטר,false,,21.90,21.9000,true,1,1277393
7290004033736,false,לחם עננים בסגנון ברי,,,לחם עננים בסגנון ברי,גרמים,500.00,100 גרם,false,,15.50,0.0310,true,1,2092271
7290004043108,false,חטיף שוקולד MַM אריז,,,חטיף שוקולד MַM אריז,גרמים,89.00,100 גרם,false,,6.90,0.0775,true,1,1557782
7290004043205,false,חטיף בוטנים MַM אריז,,,חטיף בוטנים MַM אריז,גרמים,89.00,100 גרם,false,,6.90,0.0775,true,1,1557783
7290004048679,false,"קובה למרק 1 ק""ג",,,"קובה למרק 1 ק""ג",קילוגרמים,1.00,"ק""ג",false,,18.90,18.9000,true,1,1936088
7290004063016,false,"מלח שולחן 1 ק""ג",,,"מלח שולחן 1 ק""ג",קילוגרמים,1.00,"ק""ג",false,,1.80,1.8000,true,1,1194558
7290004063115,false,"מלח בישול 1 ק""ג",,,"מלח בישול 1 ק""ג",קילוגרמים,1.00,"ק""ג",false,,1.80,1.8000,true,1,1194559
7290004063153,false,"מלח אטלנטי 1 ק""ג",de-lile-de re,FR,"מלח אטלנטי 1 ק""ג",קילוגרמים,1.00,"ק""ג",false,,22.90,22.9000,true,1,1186263
7290004064082,false,מטחנה מלח ים טבעי 25,,,מטחנה מלח ים טבעי 25,גרמים,250.00,100 גרם,false,,12.90,0.0516,true,1,1336672
7290004064105,false,מטחנה מלח עשבי תיבול,,,מטחנה מלח עשבי תיבול,גרמים,250.00,100 גרם,false,,14.90,0.0596,true,1,1336655
7290004064174,false,"מלח ההימלאיה דק 1 ק""",,,"מלח ההימלאיה דק 1 ק""",קילוגרמים,1.00,"ק""ג",false,,16.90,16.9000,true,1,1592547
7290004064181,false,"מלח הימלאיה גס 1 ק""ג",,,"מלח הימלאיה גס 1 ק""ג",קילוגרמים,1.00,"ק""ג",false,,16.90,16.9000,true,1,1592548
7290004064280,false,מלח הארץ מופחת נתרן,,,מלח הארץ מופחת נתרן,גרמים,600.00,100 גרם,false,,14.90,0.0248,true,1,1984776
7290004064303,false,מלח הארץ אטלנטי 800,,,מלח הארץ אטלנטי 800,גרמים,800.00,100 גרם,false,,14.90,0.0186,true,1,1984778
7290004064358,false,מלח הארץ דק זורם בקל,,,מלח הארץ דק זורם בקל,קילוגרמים,1.00,"ק""ג",false,,4.90,4.9000,true,1,1996439
7290004064389,false,מלח הימלאיה דק מלחיי,,,מלח הימלאיה דק מלחיי,גרמים,250.00,100 גרם,false,,9.90,0.0396,true,1,2047757
7290004067441,false,מעדן תפוז 100% פרי,בית יצחק,,מעדן תפוז 100% פרי,גרמים,284.00,100 גרם,false,,14.90,0.0525,true,1,1969018
7290004067472,false,קונפיטורת תפוח עץ וק,,,קונפיטורת תפוח עץ וק,גרמים,370.00,100 גרם,false,,14.90,0.0403,true,1,2058966
7290004067502,false,מעדן אפרסק 100% פרי,בית יצחק,,מעדן אפרסק 100% פרי,גרמים,284.00,100 גרם,false,,14.90,0.0525,true,1,1969087
7290004067656,false,מעדן פירות יער 100%,בית יצחק,,מעדן פירות יער 100%,גרמים,284.00,100 גרם,false,,14.90,0.0525,true,1,1969091
7290004068028,false,"ציזיקי לשתיה 500 מ""ל",גדיה,IL,יוגורט צי'זקי 0.5 ליטר,מיליליטרים,500.00,"100 מ""ל",false,,9.90,0.0198,true,1,1175490
7290004068196,false,מוצרלה מגורדת מיוחדת,מחלבות גד,IL,מוצרלה מגורדת 500 גרם בדץ,גרמים,500.00,100 גרם,false,,29.90,0.0598,true,1,1175495
7290004068929,false,גבינה בולגרית 24% מס,,,גבינה בולגרית 24% מס,קילוגרמים,1.00,"ק""ג",true,,59.00,59.0000,true,1,2014353
7290004078263,false,מקלות לאוזניים בלונס,SEPTONA S.A,GR,בלונס מקלות אוזניים זוג,יח',400.00,יח',false,,10.90,0.0273,true,1,1185602
7290004078270,false,סבון לכלים פלמוליב 1,COLGATE PALMOLIVE,GR,פלמוליב צילינדר לימון 1 ל,ליטרים,1.00,ליטר,false,,13.90,13.9000,true,1,1185603
7290004078690,false,אג'קס WC מרענן 750 ג,COLGATE PALMOLIVE,FR,אגקס שירותים מרענן חדש 75,גרמים,750.00,100 גרם,false,,14.90,0.0199,true,1,1185605
7290004084110,false,סוכר קוביות 500 גרם,,,סוכר קוביות 500 גרם,גרמים,500.00,100 גרם,false,,7.90,0.0158,true,1,1176081
7290004084318,false,"אורז בסמטי 5 ק""ג",,,"אורז בסמטי 5 ק""ג",קילוגרמים,5.00,"ק""ג",false,,39.90,7.9800,true,1,2040648
7290004091217,false,נוזל ניקוי כלי כסף-ג,colep portugal,PT,גודרס להברקת כלי כסף 125מ,מיליליטרים,144.00,"100 מ""ל",false,,18.90,0.1312,true,1,1199609
7290004119010,false,גבינת שדה 500 גרם.,,,גבינת שדה 500 גרם.,גרמים,500.00,100 גרם,false,,11.90,0.0238,true,1,1186980
7290004119225,false,יופלה אננס 3%.,,,יופלה אננס 3%.,גרמים,150.00,100 גרם,false,,4.70,0.0313,true,1,1186982
7290004119928,false,מעדן קרלו וניל.,,,מעדן קרלו וניל.,מיליליטרים,125.00,"100 מ""ל",false,,2.70,0.0216,true,1,1186984
7290004119973,false,מעדן קרלו.,,,מעדן קרלו.,מיליליטרים,125.00,"100 מ""ל",false,,2.70,0.0216,true,1,1186985
7290004120061,false,מעדן קרלו שוניל.,,,מעדן קרלו שוניל.,מיליליטרים,125.00,"100 מ""ל",false,,2.80,0.0224,true,1,1186986
7290004120108,false,יופלה דובדבן דיאט.,,,יופלה דובדבן דיאט.,גרמים,150.00,100 גרם,false,,4.70,0.0313,true,1,1186987
7290004120566,false,בולגרית 24% פיראוס 2,,,בולגרית 24% פיראוס 2,גרמים,250.00,100 גרם,false,,21.90,0.0876,true,1,1186991
7290004120573,false,בולגרית 16% גביע 250,,,בולגרית 16% גביע 250,גרמים,250.00,100 גרם,false,,21.90,0.0876,true,1,1186992
7290004120634,false,בולגרית פיראוס 5% 25,,,בולגרית פיראוס 5% 25,גרמים,250.00,100 גרם,false,,21.90,0.0876,true,1,1186993
7290004120832,false,חלב שומן 3% כד 2 ליט,,,חלב שומן 3% כד 2 ליט,ליטרים,2.00,ליטר,false,,12.40,6.2000,true,1,1186994
7290004121488,false,יופלה אפרסק 0%.,,,יופלה אפרסק 0%.,גרמים,150.00,100 גרם,false,,4.70,0.0313,true,1,1186995
7290004121525,false,מאגדת 8 יופלה 3% אפר,,,מאגדת 8 יופלה 3% אפר,גרמים,1200.00,100 גרם,false,,28.90,0.0241,true,1,1186996
7290004121754,false,יוגורט ביו  בטעם עוג,,,יוגורט ביו  בטעם עוג,גרמים,150.00,100 גרם,false,,4.70,0.0313,true,1,1186997
7290004122119,false,פתיתי גבינה פרמזן 10,,,פתיתי גבינה פרמזן 10,גרמים,100.00,100 גרם,false,,11.90,0.1190,true,1,1187002
7290004122195,false,גבינה גוש חלב 200 גר,,,גבינה גוש חלב 200 גר,גרמים,200.00,100 גרם,false,,12.90,0.0645,true,1,1187003
7290004122348,false,גבינה עמק לייט 9% 20,,,גבינה עמק לייט 9% 20,גרמים,200.00,100 גרם,false,,16.90,0.0845,true,1,1187006
7290004122607,false,"גבינה עמק לייט ק""ג.",,,"גבינה עמק לייט ק""ג.",קילוגרמים,1.00,"ק""ג",true,,70.00,70.0000,true,1,1187009
7290004122683,false,אצבעות עמק 28% 172 ג,,,אצבעות עמק 28% 172 ג,גרמים,172.00,100 גרם,false,,15.90,0.0924,true,1,1187011
7290004124205,false,יופלה תות דיאט.,,,יופלה תות דיאט.,גרמים,150.00,100 גרם,false,,4.70,0.0313,true,1,1187019
7290004124847,false,קצפת צמחית השף הלבן,,,קצפת צמחית השף הלבן,מיליליטרים,500.00,"100 מ""ל",false,,14.90,0.0298,true,1,1187020
7290004125370,false,"שמנת 9% שומן 200 מ""ל",,,"שמנת 9% שומן 200 מ""ל",מיליליטרים,200.00,"100 מ""ל",false,,3.50,0.0175,true,1,1187022
7290004125400,false,אשל מהדרין 4.5% 200,,,אשל מהדרין 4.5% 200,מיליליטרים,200.00,"100 מ""ל",false,,1.65,0.0082,true,1,1187023
7290004125455,false,שמנת חמוצה מהדרין 20,,,שמנת חמוצה מהדרין 20,מיליליטרים,200.00,"100 מ""ל",false,,2.40,0.0120,true,1,1187025
7290004125462,false,"שמנת חמוצה 500 מ""ל.",,,"שמנת חמוצה 500 מ""ל.",מיליליטרים,500.00,"100 מ""ל",false,,6.00,0.0120,true,1,1187026
7290004125509,false,"שמנת אורגינל 100 מ""ל",,,"שמנת אורגינל 100 מ""ל",מיליליטרים,100.00,"100 מ""ל",false,,1.60,0.0160,true,1,1187027
7290004125585,false,משקה סויה בוקר וניל,,,משקה סויה בוקר וניל,ליטרים,1.00,ליטר,false,,10.90,10.9000,true,1,1187029
7290004125721,false,שמנת לבישול 15%שומן,,,שמנת לבישול 15%שומן,מיליליטרים,250.00,"100 מ""ל",false,,7.90,0.0316,true,1,1187031
7290004125738,false,שמנת עמידה להקצפה 32,,,שמנת עמידה להקצפה 32,מיליליטרים,250.00,"100 מ""ל",false,,6.50,0.0260,true,1,1187032
7290004125776,false,עמק פרוס בקופסא 28%,,,עמק פרוס בקופסא 28%,גרמים,400.00,100 גרם,false,,28.90,0.0722,true,1,1187033
7290004126650,false,גבינה צפתית 5% תנובה,,,גבינה צפתית 5% תנובה,קילוגרמים,1.00,"ק""ג",true,,50.00,50.0000,true,1,1187034
7290004126674,false,גבינה טל עמק לייט 9%,,,גבינה טל עמק לייט 9%,גרמים,200.00,100 גרם,false,,18.90,0.0945,true,1,1187035
7290004126759,false,יופלה פירות יער דיאט,,,יופלה פירות יער דיאט,גרמים,150.00,100 גרם,false,,4.70,0.0313,true,1,1187036
7290004126872,false,שוקו שוק בקבוק 250 מ,,,שוקו שוק בקבוק 250 מ,מיליליטרים,250.00,"100 מ""ל",false,,5.30,0.0212,true,1,1187037
7290004127329,false,קוטג' 5% תנובה מהדרי,,,קוטג' 5% תנובה מהדרי,גרמים,250.00,100 גרם,false,,5.40,0.0216,true,1,1187039
7290004127336,false,קוטג' 9% תנובה 250 ג,,,קוטג' 9% תנובה 250 ג,גרמים,250.00,100 גרם,false,,5.40,0.0216,true,1,1187040
7290004127800,false,גבינה למריחה 5% 500,,,גבינה למריחה 5% 500,גרמים,500.00,100 גרם,false,,9.90,0.0198,true,1,1187043
7290004127862,false,גבינה לבנה 5% 750 גר,,,גבינה לבנה 5% 750 גר,גרמים,750.00,100 גרם,false,,14.85,0.0198,true,1,1187045
7290004128333,false,לאבנה פיראוס 9% 500,,,לאבנה פיראוס 9% 500,גרמים,500.00,100 גרם,false,,19.90,0.0398,true,1,1187052
7290004128432,false,פתיתים לפיצה שף לבן,,,פתיתים לפיצה שף לבן,גרמים,500.00,100 גרם,false,,22.90,0.0458,true,1,1187056
7290004129101,false,גבינת נפולאון טבעי 2,,,גבינת נפולאון טבעי 2,גרמים,225.00,100 גרם,false,,12.90,0.0573,true,1,1187057
7290004130695,false,שוקו אייס קפה בבקבוק,,,שוקו אייס קפה בבקבוק,ליטרים,1.00,ליטר,false,,12.90,12.9000,true,1,1187067
7290004130794,false,משקה סויה מעושר טבעי,,,משקה סויה מעושר טבעי,ליטרים,1.00,ליטר,false,,10.90,10.9000,true,1,1187068
7290004130916,false,יופלה 3% פירות יער ב,,,יופלה 3% פירות יער ב,גרמים,150.00,100 גרם,false,,4.70,0.0313,true,1,1187069
7290004131074,false,חלב 3% שומן מהדרין ק,,,חלב 3% שומן מהדרין ק,ליטרים,1.00,ליטר,false,,6.20,6.2000,true,1,1187071
7290004131456,false,יופלה לבן חלב תנובה,,,יופלה לבן חלב תנובה,גרמים,200.00,100 גרם,false,,3.60,0.0180,true,1,1187077
7290004131814,false,צפתית 5% מעודנת פירא,,,צפתית 5% מעודנת פירא,גרמים,200.00,100 גרם,false,,13.90,0.0695,true,1,1187083
7290004132552,false,משקה סויה בוקר לייט,,,משקה סויה בוקר לייט,ליטרים,1.00,ליטר,false,,10.90,10.9000,true,1,1187088
7290004132903,false,"גבינה לבנה 3% בד""צ 2",,,"גבינה לבנה 3% בד""צ 2",גרמים,250.00,100 גרם,false,,4.70,0.0188,true,1,1187093
7290004133511,false,מארז 8 יופלה לבן 1.5,,,מארז 8 יופלה לבן 1.5,גרמים,1200.00,100 גרם,false,,19.90,0.0166,true,1,1187097
7290004135225,false,מעדן דיאט שוקולדה 0%,,,מעדן דיאט שוקולדה 0%,גרמים,150.00,100 גרם,false,,3.70,0.0247,true,1,1187109
7290004135324,false,גבינה בולגרית 5% מעו,,,גבינה בולגרית 5% מעו,קילוגרמים,1.00,"ק""ג",true,,40.00,40.0000,true,1,1187111
7290004136154,false,שוקו אייס קפה בבקבוק,,,שוקו אייס קפה בבקבוק,מיליליטרים,340.00,"100 מ""ל",false,,6.50,0.0191,true,1,1187119
7290004136598,false,מארז הפסקת אוכל.,,,מארז הפסקת אוכל.,מיליליטרים,150.00,"100 מ""ל",false,,7.90,0.0527,true,1,1187126
7290004136857,false,ג'לי פטל תנובה.,,,ג'לי פטל תנובה.,מיליליטרים,125.00,"100 מ""ל",false,,2.20,0.0176,true,1,1187128
7290004136864,false,ג'לי אננס + חתיכות א,,,ג'לי אננס + חתיכות א,מיליליטרים,125.00,"100 מ""ל",false,,2.50,0.0200,true,1,1187129
7290004136871,false,ג'לי אננס + חתיכות א,,,ג'לי אננס + חתיכות א,מיליליטרים,125.00,"100 מ""ל",false,,2.50,0.0200,true,1,1187130
7290004137021,false,שמנת לבישול 10% שומן,,,שמנת לבישול 10% שומן,מיליליטרים,250.00,"100 מ""ל",false,,7.90,0.0316,true,1,1187131
7290004137311,false,עמק לייט משפחתית 9%,,,עמק לייט משפחתית 9%,גרמים,400.00,100 גרם,false,,29.90,0.0747,true,1,1187133
7290004146986,false,נקה 7 שמפו לשיער צבו,אמיליה קוסמטיקס,IL,שמפו נקה 7 שיער צבוע750מ,מיליליטרים,750.00,"100 מ""ל",false,,11.90,0.0159,true,1,1190953
7290004146993,false,מרכך לשיער נקה 7 לשי,אמיליה קוסמטיקס,IL,מרכך נקה 7 שיער צבוע750מ,מיליליטרים,750.00,"100 מ""ל",false,,11.90,0.0159,true,1,1190954
7290004147051,false,קיסמי שיניים,וולטרס,,"קיסמי שיניים  300 יח "" רפ",יח',300.00,יח',false,,9.90,0.0330,true,1,1159111
7290004147280,false,כביסון,מיה טריידינג,CN,כביסון   50 / 70,יח',1.00,יח',false,,9.90,9.9000,true,1,1159117
7290004147334,false,סוגרן שקיות מזון,מיה טריידינג,CN,סוגרן שקיות,יח',4.00,יח',false,,8.90,2.2250,true,1,1159120
7290004150112,false,חומוס מזרחי 300 גרם,,,חומוס מזרחי 300 גרם,יחידה,0.00,יחידה,false,,14.90,0.0000,true,1,2143583
7290004150129,false,טחינה 300 גרם פיקנטי,,,טחינה 300 גרם פיקנטי,יחידה,0.00,יחידה,false,,14.90,0.0000,true,1,2143584
7290004150143,false,חציל במיונז 300 גרם,,,חציל במיונז 300 גרם,יחידה,0.00,יחידה,false,,14.90,0.0000,true,1,2143586
7290004150167,false,"תפו""א במיונז 300 גרם",,,"תפו""א במיונז 300 גרם",יחידה,0.00,יחידה,false,,14.90,0.0000,true,1,2143588
7290004150181,false,חמוצים סיני 300 גרם,,,חמוצים סיני 300 גרם,יחידה,0.00,יחידה,false,,14.90,0.0000,true,1,2143590
7290004150198,false,סלק מגורד 300 גרם פי,,,סלק מגורד 300 גרם פי,יחידה,0.00,יחידה,false,,14.90,0.0000,true,1,2143591
7290004150204,false,מטבוחה 300 גרם פיקנט,,,מטבוחה 300 גרם פיקנט,יחידה,0.00,יחידה,false,,14.90,0.0000,true,1,2143592
7290004150211,false,תורכי איסטנבול 300 ג,,,תורכי איסטנבול 300 ג,יחידה,0.00,יחידה,false,,14.90,0.0000,true,1,2143593
7290004150228,false,כרוב אדום 300 גרם פי,,,כרוב אדום 300 גרם פי,יחידה,0.00,יחידה,false,,14.90,0.0000,true,1,2143594
7290004150235,false,חומוס עם חריף 300 גר,,,חומוס עם חריף 300 גר,יחידה,0.00,יחידה,false,,14.90,0.0000,true,1,2143595
7290004194208,false,כרעיים עוף מחפוד,,,כרעיים עוף מחפוד,קילוגרמים,1.00,"ק""ג",true,,34.90,34.9000,true,1,1171021
7290004194345,false,שניצל עוף מחפוד,,,שניצל עוף מחפוד,קילוגרמים,1.00,"ק""ג",true,,36.90,36.9000,true,1,1390117
7290004199074,false,פלסטרים,,,פלסטרים,יח',50.00,יח',false,,5.90,0.1180,true,1,1169909
7290004199173,false,כפפות לאטקס M,,,כפפות לאטקס M,יח',100.00,יח',false,,39.90,0.3990,true,1,1219607
7290004199180,false,כפפות לאטקס L,,,כפפות לאטקס L,יח',100.00,יח',false,,39.90,0.3990,true,1,1219608
7290004199203,false,קיסמי שיניים עץ 300,,,קיסמי שיניים עץ 300,יח',300.00,יח',false,,3.50,0.0117,true,1,1217165
7290004199234,false,כפפות לאטקס XL,,,כפפות לאטקס XL,יחידה,0.00,יחידה,false,,39.90,0.0000,true,1,1219609
7290004199579,false,פלסטר 100 יחידות מעו,,,פלסטר 100 יחידות מעו,יח',100.00,יח',false,,9.90,0.0990,true,1,1169915
7290004199777,false,צימרונים לאוזנים 300,,,צימרונים לאוזנים 300,יח',300.00,יח',false,,6.90,0.0230,true,1,1169916
7290004199784,false,כפפות לאטקס S,,,כפפות לאטקס S,יח',100.00,יח',false,,18.90,0.1890,true,1,1219610
7290004199791,false,כפפות לאטקס M,,,כפפות לאטקס M,יח',100.00,יח',false,,18.90,0.1890,true,1,2017177
7290004199807,false,כפפות לאטקס L,,,כפפות לאטקס L,יח',100.00,יח',false,,18.90,0.1890,true,1,1219612
7290004199821,false,אטבי כביסה סופר,,,אטבי כביסה סופר,יח',24.00,יח',false,,5.90,0.2458,true,1,1169917
7290004219277,false,אנשובי ארוך בצנצנת 7,קונסרבאס פרדו,ES,אנשובי ארוך בצנצנת 80גרם,גרמים,78.00,100 גרם,false,,9.90,0.1269,true,1,1159261
7290004219284,false,אנשובי עגול בצנצנת,קונסרבאס פרדו,ES,אנשובי עגול בצנצנת 80גרם(,גרמים,78.00,100 גרם,false,,9.90,0.1269,true,1,1159262
7290004219819,false,מלבין קפה200 גרם.,פריסלנד,NL,מלבין קפה הולנדי 200גרם,גרמים,200.00,100 גרם,false,,9.90,0.0495,true,1,1159263
7290004225285,false,בסגנון דנאבלו 100 גר,,,בסגנון דנאבלו 100 גר,גרמים,100.00,100 גרם,false,,12.90,0.1290,true,1,1177273
7290004228415,false,פיצה עבה שגב,,,פיצה עבה שגב,גרמים,425.00,100 גרם,false,,15.90,0.0374,true,1,1981932
7290004228804,false,עלי סיגר,,,עלי סיגר,גרמים,450.00,100 גרם,false,,13.90,0.0309,true,1,1999014
7290004230326,false,שטרודל פילו שגב,שגמור,IL,שטרודל פילו שגב,גרמים,600.00,100 גרם,false,,16.90,0.0282,true,1,1213703
7290004230333,false,"מקלות פילו תפו""א שגב",שגמור,IL,"מקלות פילו תפו""א שגב",גרמים,600.00,100 גרם,false,,16.90,0.0282,true,1,1213704
7290004230340,false,מקלות פילו תרד ובצל,שגמור,IL,מקלות פילו תרד ובצל שגב,גרמים,600.00,100 גרם,false,,16.90,0.0282,true,1,1213705
7290004230357,false,בורקס בטטה גבינה שגב,שגמור,IL,בורקס בטטה גבינה שגב,גרמים,600.00,100 גרם,false,,16.90,0.0282,true,1,1213706
7290004255237,false,נר נשמה 48 שעות רבני,מנורה,IL,"נרות נשמה צדיקים , דולקים",יח',1.00,יח',false,,7.90,7.9000,true,1,1199525
7290004255305,false,נר נשמה 7 ימים בפלסט,,,נר נשמה 7 ימים בפלסט,יחידה,0.00,יחידה,false,,8.90,0.0000,true,1,1995179
7290004255343,false,נריות לכוסיות 72 יחי,מנורה,IL,"נריות 72 יחידות , דולקים",יח',72.00,יח',false,,19.90,0.2764,true,1,1199526
7290004255619,false,נרות חימום 100 יחידו,מנורה,IL,נרות חימום מנורה 100 יחיד,יח',100.00,יח',false,,19.90,0.1990,true,1,1199531
7290004324605,false,גבינת מון בלאן רוקפו,נטו,IL,גבינת מון בלאן רוקפור 120,גרמים,120.00,100 גרם,false,,9.90,0.0825,true,1,1177274
7290004329495,false,גרון עוף,,,גרון עוף,קילוגרמים,1.00,"ק""ג",true,,4.90,4.9000,true,1,1190561
7290004329501,false,גרון הודו,,,גרון הודו,קילוגרמים,1.00,"ק""ג",true,,24.90,24.9000,true,1,1190562
7290004329624,false,שוקיים הודו טרי,,,שוקיים הודו טרי,קילוגרמים,1.00,"ק""ג",true,,24.90,24.9000,true,1,1190569
7290004329631,false,כנפיים הודו טרי,,,כנפיים הודו טרי,קילוגרמים,1.00,"ק""ג",true,,14.90,14.9000,true,1,1190570
7290004329655,false,חזה הודו,,,חזה הודו,קילוגרמים,1.00,"ק""ג",true,,34.90,34.9000,true,1,1190571
7290004329662,false,בשר הודו אדום,,,בשר הודו אדום,קילוגרמים,1.00,"ק""ג",true,,59.90,59.9000,true,1,1190572
7290004329679,false,שווארמה הודו,,,שווארמה הודו,קילוגרמים,1.00,"ק""ג",true,,69.90,69.9000,true,1,1190573
7290004329709,false,קורקבן עוף,,,קורקבן עוף,קילוגרמים,1.00,"ק""ג",true,,7.90,7.9000,true,1,1190575
7290004329716,false,לבבות עוף,,,לבבות עוף,קילוגרמים,1.00,"ק""ג",true,,29.90,29.9000,true,1,1190576
7290004329723,false,כבד עוף טרי,,,כבד עוף טרי,קילוגרמים,1.00,"ק""ג",true,,29.90,29.9000,true,1,1190577
7290004329730,false,חזה עוף שלם,,,חזה עוף שלם,קילוגרמים,1.00,"ק""ג",true,,34.90,34.9000,true,1,1190578
7290004329747,false,כנפיים עוף,,,כנפיים עוף,קילוגרמים,1.00,"ק""ג",true,,9.90,9.9000,true,1,1190579
7290004329754,false,שוקיים עוף טרי,,,שוקיים עוף טרי,קילוגרמים,1.00,"ק""ג",true,,29.90,29.9000,true,1,1190580
7290004329761,false,ירכיים עוף טרי,,,ירכיים עוף טרי,קילוגרמים,1.00,"ק""ג",true,,29.90,29.9000,true,1,1190581
7290004329778,false,כרעיים עוף,,,כרעיים עוף,קילוגרמים,1.00,"ק""ג",true,,29.90,29.9000,true,1,1190582
7290004329808,false,כתף עגל טרי,,,כתף עגל טרי,קילוגרמים,1.00,"ק""ג",true,,69.00,69.0000,true,1,1190585
7290004329860,false,אסאדו עם עצם,,,אסאדו עם עצם,קילוגרמים,1.00,"ק""ג",true,,49.90,49.9000,true,1,1190590
7290004339784,false,המבורגר לצליה 400 גר,טבע דלי,IL,"המבורגר מהצומח, קציצה על",גרמים,400.00,100 גרם,false,,24.90,0.0622,true,1,1176928
7290004386825,false,שעועית ענק ברוטב עגב,,,שעועית ענק ברוטב עגב,גרמים,420.00,100 גרם,false,,9.90,0.0236,true,1,2023657
7290004456061,false,כבד עגל טרי,,,כבד עגל טרי,קילוגרמים,1.00,"ק""ג",true,,24.90,24.9000,true,1,1190593
7290004456078,false,"חזה בקר ע""ע טרי",,,"חזה בקר ע""ע טרי",קילוגרמים,1.00,"ק""ג",true,,49.90,49.9000,true,1,1190594
7290004456085,false,סטייק אנטריקוט עם עצ,,,סטייק אנטריקוט עם עצ,קילוגרמים,1.00,"ק""ג",true,,99.00,99.0000,true,1,1190595
7290004456801,false,פרגיות עוף שלם טרי,,,פרגיות עוף שלם טרי,קילוגרמים,1.00,"ק""ג",true,,59.90,59.9000,true,1,1190600
7290004456818,false,שניצל עוף פרוס,,,שניצל עוף פרוס,קילוגרמים,1.00,"ק""ג",true,,44.90,44.9000,true,1,1190601
7290004456931,false,עוף טרי מפורק,,,עוף טרי מפורק,קילוגרמים,1.00,"ק""ג",true,,24.90,24.9000,true,1,1190602
7290004469146,false,ספל אודם        (שחו,,,ספל אודם        (שחו,יחידה,0.00,יחידה,false,,4.90,0.0000,true,1,2097269
7290004480219,false,צ'דר,,,צ'דר,קילוגרמים,1.00,"ק""ג",true,,109.00,109.0000,true,1,2119558
7290004480332,false,גבינה גאודה קשה מחלב,,,גבינה גאודה קשה מחלב,קילוגרמים,1.00,"ק""ג",true,,110.00,110.0000,true,1,2120972
7290004480349,false,גבינה גאודה עיזים מש,,,גבינה גאודה עיזים מש,קילוגרמים,1.00,"ק""ג",true,,129.00,129.0000,true,1,2120973
7290004492274,false,בייגלה גל-גל 400 גרם,יוניליוור,IL,בייגל בייגל בייגלה מלח 40,גרמים,400.00,100 גרם,false,,9.90,0.0248,true,1,1188197
7290004492762,false,נשנושים תירס 325 גרם,יוניליוור,IL,נשנושים תירס 325גר,גרמים,325.00,100 גרם,false,,12.90,0.0397,true,1,1188202
7290004494131,false,יין דלתון קברנה סובי,,,יין דלתון קברנה סובי,מיליליטרים,750.00,"100 מ""ל",false,,59.90,0.0799,true,1,2137366
7290004494179,false,יין דלתון שרדונה D,,,יין דלתון שרדונה D,מיליליטרים,750.00,"100 מ""ל",false,,59.90,0.0799,true,1,1232498
7290004494919,false,יין דלתון שיראז,,,יין דלתון שיראז,מיליליטרים,750.00,"100 מ""ל",false,,39.90,0.0532,true,1,1264875
7290004502690,false,פינלנדיה 1 ליטר.,,,פינלנדיה 1 ליטר.,ליטרים,1.00,ליטר,false,,94.90,94.9000,true,1,2105620
7290004532024,false,גרעיני חמניה קלוף 20,,,גרעיני חמניה קלוף 20,גרמים,200.00,100 גרם,false,,5.90,0.0295,true,1,1182028
7290004532062,false,גרעיני אבטיח 200 גרם,,,גרעיני אבטיח 200 גרם,גרמים,200.00,100 גרם,false,,11.90,0.0595,true,1,1182031
7290004532130,false,בוטן אמריקאי 200 גרם,,,בוטן אמריקאי 200 גרם,גרמים,200.00,100 גרם,false,,4.90,0.0245,true,1,1182038
7290004532147,false,קבוקים 200 גרם.,,,קבוקים 200 גרם.,גרמים,200.00,100 גרם,false,,4.90,0.0245,true,1,1182039
7290004532246,false,צימוק שחור מגש 200 ג,,,צימוק שחור מגש 200 ג,גרמים,200.00,100 גרם,false,,7.90,0.0395,true,1,1182045
7290004532277,false,צמוק לבן ג'מבו 200 ג,,,צמוק לבן ג'מבו 200 ג,גרמים,200.00,100 גרם,false,,9.90,0.0495,true,1,1182048
7290004532369,false,חטיף מנצ'יס 180 גרם.,,,חטיף מנצ'יס 180 גרם.,גרמים,180.00,100 גרם,false,,7.90,0.0439,true,1,1182053
7290004532574,false,גרעינים שחורים 200 ג,,,גרעינים שחורים 200 ג,גרמים,200.00,100 גרם,false,,4.90,0.0245,true,1,1182059
7290004532581,false,בוטנים קלוי 200 גרם,,,בוטנים קלוי 200 גרם,גרמים,200.00,100 גרם,false,,6.90,0.0345,true,1,1182060
7290004544041,false,עוגיות בדלי בטעמים ש,,,עוגיות בדלי בטעמים ש,גרמים,500.00,100 גרם,false,,15.90,0.0318,true,1,2096947
7290004544539,false,לחמניית סנדבייץ ללא,,,לחמניית סנדבייץ ללא,"י""ח",6.00,"י""ח",false,,17.90,2.9833,true,1,2150396
7290004549350,false,גרעין שחור קלוי 400,דין שיווק,,גרעין שחור קלוי 400,גרמים,400.00,100 גרם,false,,8.90,0.0223,true,1,1175158
7290004584351,false,סימפוניה טבעי 200 גר,שטראוס,IL,סימפ' החמישית,גרמים,200.00,100 גרם,false,,10.90,0.0545,true,1,1188691
7290004584528,false,יוגורט דנונה ביו 1.7,שטראוס,IL,"דנונה ביו טבעי 1.5%, 200",גרמים,200.00,100 גרם,false,,3.30,0.0165,true,1,1188692
7290004585907,false,מעדן דני וניל.,שטראוס,IL,דני וניל,גרמים,125.00,100 גרם,false,,2.70,0.0216,true,1,1188693
7290004603175,false,מלח הים האדום גס 500,מלח הארץ,IL,מלח הים האדום גס 500 גרם,גרמים,500.00,100 גרם,false,,7.90,0.0158,true,1,1186265
7290004658809,false,יין קדמון אדום,,,יין קדמון אדום,מיליליטרים,750.00,"100 מ""ל",false,,39.90,0.0532,true,1,1158801
7290004658960,false,יין אמרלד ריזלינג,,,יין אמרלד ריזלינג,מיליליטרים,750.00,"100 מ""ל",false,,38.90,0.0519,true,1,1158804
7290004685027,false,לחם קל מחיטה מלאה,,,לחם קל מחיטה מלאה,גרמים,500.00,100 גרם,false,,15.90,0.0318,true,1,1362977
7290004685089,false,לחם חמניות,,,לחם חמניות,גרמים,500.00,100 גרם,false,,15.90,0.0318,true,1,1363020
7290004685225,false,לחם הארץ שיפון פומפר,,,לחם הארץ שיפון פומפר,גרמים,750.00,100 גרם,false,,15.50,0.0207,true,1,1175058
7290004685430,false,לחם כוסמין 100%,,,לחם כוסמין 100%,גרמים,500.00,100 גרם,false,,15.50,0.0310,true,1,1397623
7290004685447,false,לחמניות כוסמין 6 יח,,,לחמניות כוסמין 6 יח,גרמים,450.00,100 גרם,false,,10.00,0.0222,true,1,1989833
7290004731076,false,אל סבון כיף + משאבה,קוסמופארם,IL,אל סבון כיף אלוורה 1ליטר,ליטרים,1.00,ליטר,false,,8.90,8.9000,true,1,1167430
7290004731083,false,אל סבון כיף + משאבה,קוסמופארם,IL,אל סבון כיף ג'ינסנג1ליטר,ליטרים,1.00,ליטר,false,,8.90,8.9000,true,1,1167431
7290004731090,false,אל סבון כיף + משאבה,קוסמופארם,IL,אל סבון כיף קמומיל 1ליטר,ליטרים,1.00,ליטר,false,,8.90,8.9000,true,1,1167432
7290004731410,false,סקוטש סושי ענק ירוק,סנו,IL,סנו סושי3כרית קרצוף ירוק,יח',3.00,יח',false,,9.90,3.3000,true,1,1167446
7290004731472,false,אל סבון כיף קטיפתי מ,קוסמופארם,IL,500מX3 אלסבון כיף צבעוני,ליטרים,1.50,ליטר,false,,19.90,13.2667,true,1,1167447
7290004731519,false,מרסס למייבש כביסה סנ,סנו,IL,מקסימה למייבש סנסטיב750מ,מיליליטרים,750.00,"100 מ""ל",false,,17.90,0.0239,true,1,1167448
7290004731557,false,מרסס למייבש כביסה סנ,סנו,IL,מקסימה למייבש מאסק 750מל,מיליליטרים,750.00,"100 מ""ל",false,,17.90,0.0239,true,1,1167449
7290004731564,false,מרסס למייבש כביסה סנ,,,מרסס למייבש כביסה סנ,מיליליטרים,750.00,"100 מ""ל",false,,17.90,0.0239,true,1,1491726
7290004731670,false,מטהר אוויר דאו פרש,סנו,IL,דואו פרש פצ'ולי לבנדר300,מיליליטרים,300.00,"100 מ""ל",false,,10.90,0.0363,true,1,1167451
7290004731687,false,מטהר אוויר דאו פרש ו,סנו,IL,דואו פרש וניל למון 300מל,מיליליטרים,300.00,"100 מ""ל",false,,10.90,0.0363,true,1,1229415
7290004731816,false,מגבות נייר שמיניה סנ,סנו,IL,סנו סושי מגבות הפלא 8 יח,מטרים,84.64,מטר,false,,14.90,0.1760,true,1,1167453
7290004731984,false,משחת שיניים אורביטול,,,משחת שיניים אורביטול,גרמים,145.00,100 גרם,false,,9.90,0.0683,true,1,2022734
7290004737900,false,חלב מרוכז,מריג'מפולס,LT,חלב מרוכז ממותק 397גרם,גרמים,397.00,100 גרם,false,,9.90,0.0249,true,1,1159268
7290004810207,false,פרש ואנס פדיות,על בד,IL,פ.ו פדיות קוסמטיות 80יח',יח',80.00,יח',false,,5.90,0.0738,true,1,1199619
7290004952112,false,סוכר קנים אורגני 1 ק,אול אורגני,IL,"סוכר קנים אורגני 1 ק""ג הר",קילוגרמים,1.00,"ק""ג",false,,12.90,12.9000,true,1,1159550
7290004976002,false,בדי בדיקה טהרה,,,בדי בדיקה טהרה,יחידה,0.00,יחידה,false,,9.90,0.0000,true,1,2038036
7290004977023,false,סלט אבוקדו ובצל סלטי,,,סלט אבוקדו ובצל סלטי,גרמים,300.00,100 גרם,false,,19.90,0.0663,true,1,2021320
7290004982355,false,גבינה צדר אנגלי 3 צב,,,גבינה צדר אנגלי 3 צב,קילוגרמים,1.00,"ק""ג",true,,109.00,109.0000,true,1,1420628
7290005008184,false,סבון נוזלי פלמוליב ל,COLGATE PALMOLIVE,TR,פלמוליב שקדים 500מל חדש,מיליליטרים,500.00,"100 מ""ל",false,,15.90,0.0318,true,1,1185611
7290005008191,false,סבון נוזלי פלמוליב ל,COLGATE PALMOLIVE,TR,פלמוליב ארומה סגול 500מל,מיליליטרים,500.00,"100 מ""ל",false,,15.90,0.0318,true,1,1185612
7290005008481,false,דאודורנט סטיק גל ספי,COLGATE PALMOLIVE,US,ספיד סטיק גל בסיסי ספורט,גרמים,85.00,100 גרם,false,,19.90,0.2341,true,1,1185613
7290005020162,false,וויסקי בלנטיינס 40%,,,וויסקי בלנטיינס 40%,מיליליטרים,700.00,"100 מ""ל",false,,79.90,0.1141,true,1,1171617
7290005068058,false,גרעיני תירס קל   פרי,פרי הגליל,IL,תירס קל א -2פג,גרמים,550.00,100 גרם,false,,6.90,0.0125,true,1,1193816
7290005068447,false,תירס קל ואקום פרי הג,פרי הגליל,IL,תירס קל 12אונק פג,גרמים,340.00,100 גרם,false,,5.90,0.0174,true,1,1193817
7290005068492,false,לקט ירקות פרי הגליל,פרי הגליל,IL,לקט ירק מעורב 700( 20יח'),גרמים,700.00,100 גרם,false,,9.90,0.0141,true,1,1193818
7290005068553,false,לקט בורגונדי פרי הגל,פרי הגליל,IL,לקט בורגונדי 700,גרמים,700.00,100 גרם,false,,14.90,0.0213,true,1,1193819
7290005079290,false,גבינה צהובה נעם 15%,,,גבינה צהובה נעם 15%,קילוגרמים,1.00,"ק""ג",true,,69.00,69.0000,true,1,1280471
7290005079344,false,"גבינת מוצרלה נעם ק""ג",,,"גבינת מוצרלה נעם ק""ג",קילוגרמים,1.00,"ק""ג",true,,79.00,79.0000,true,1,1596902
7290005079412,false,חריץ אמנטל נעם,,,חריץ אמנטל נעם,קילוגרמים,1.00,"ק""ג",true,,59.00,59.0000,true,1,1993018
7290005084355,false,משחת שיניים סנסודיין,גלקסו סמית קליין,GB,"סנסודיין דואלקר 75 מ""ל",מיליליטרים,75.00,"100 מ""ל",false,,19.90,0.2653,true,1,1192945
7290005113222,false,מיקס זיתים,,,מיקס זיתים,גרמים,560.00,100 גרם,false,,6.90,0.0123,true,1,1205385
7290005174551,false,חומוס יום יום אחלה 1,שטראוס,IL,חומוס יום-יום 125 גרם,גרמים,125.00,100 גרם,false,,4.50,0.0360,true,1,1188695
7290005174575,false,סלט טחינה יום יום אח,שטראוס,IL,טחינה 125 משובחת,גרמים,125.00,100 גרם,false,,4.50,0.0360,true,1,1188697
7290005175428,false,קמח תירס 500 גרם,ריבארה,AR,קמח תירס אינסטנט 500גרם,גרמים,500.00,100 גרם,false,,5.90,0.0118,true,1,1159270
7290005197758,false,עוגיות חיוכים שוקו 1,אפיפית נצרת,IL,"חיוכים שוקו 150 בד""צ/24יח",גרמים,150.00,100 גרם,false,,4.90,0.0327,true,1,1189358
7290005199578,false,קפה פלטיניום נטול קפ,שטראוס,IL,פלאטינום נטול חדש200/6יח',גרמים,200.00,100 גרם,false,,29.90,0.1495,true,1,1189365
7290005199738,false,מסטיק מאסט ריח פה פפ,שטראוס,IL,LL Must ריח פה פפרמינט,גרמים,30.00,100 גרם,false,,3.90,0.1300,true,1,1189367
7290005200786,false,תפוצ'יפס 50 גרם שמנת,שטראוס,IL,תפו50 שמנת ובצל-חדש/1שק'/,גרמים,50.00,100 גרם,false,,3.90,0.0780,true,1,1189937
7290005201455,false,קפה ארומה 200 גרם,אינסטנטה,IL,ארומה 200ג' חדש/6יח'/200ג,גרמים,200.00,100 גרם,false,,24.90,0.1245,true,1,1189372
7290005201882,false,קפה טורקי עלית 200 ג,שטראוס,IL,כשלפ טורקי שקית 200,גרמים,200.00,100 גרם,false,,15.90,0.0795,true,1,1189374
7290005270000,false,עלי סיגר מרוקאי 500,חמים וטעים,IL,עלי סיגר 500 גרם,גרמים,500.00,100 גרם,false,,13.90,0.0278,true,1,1171378
7290005287206,false,טונה סטארקיסט רביעיה,סטארקיסט,,טונה סטארקיסט רביעיה,גרמים,640.00,100 גרם,false,,24.90,0.0389,true,1,1157306
7290005287251,false,טונה סטארקיסט רביעיה,סטארקיסט,,טונה סטארקיסט רביעיה,גרמים,640.00,100 גרם,false,,24.90,0.0389,true,1,1157307
7290005287510,false,טונה ס.ק בשמן עם פלפ,סטארקיסט,,טונה ס.ק בשמן עם פלפ,גרמים,160.00,100 גרם,false,,7.90,0.0494,true,1,1157309
7290005287527,false,טונה ס.ק בשמן עם לימ,סטארקיסט,,טונה ס.ק בשמן עם לימ,גרמים,160.00,100 גרם,false,,7.90,0.0494,true,1,1157310
7290005287657,false,ממרח טונה 160 גרם,סטארקיסט,,ממרח טונה 160 גרם,גרמים,160.00,100 גרם,false,,8.90,0.0556,true,1,1157319
7290005296246,false,פותח סתימות יעקבי,סאמיט,US,פותח סתימות DRAIN OUT,מיליליטרים,946.00,"100 מ""ל",false,,29.90,0.0316,true,1,1173176
7290005296260,false,אסטוניש רסס ונגב,אסטוניש Astonish,GB,אסטוניש רסס נגב-ירוק,מיליליטרים,750.00,"100 מ""ל",false,,11.90,0.0159,true,1,1173177
7290005317125,false,בסקוויט תה חצי מצופה,אפיפית נצרת,IL,חצי מצופה תה ביסקויט רגיל,גרמים,175.00,100 גרם,false,,4.90,0.0280,true,1,1194569
7290005317194,false,ביסקוויט תה 110גרם ה,אפיפית נצרת,IL,ביסקויט תה ביסקויט רגיל,גרמים,110.00,100 גרם,false,,3.50,0.0318,true,1,1194570
7290005317200,false,קרקר טופז 110 גרם הד,אפיפית נצרת,IL,קרקר טופז רגיל 24/0.110 ה,גרמים,110.00,100 גרם,false,,2.90,0.0264,true,1,1194571
7290005326523,false,פסטו פטרוזיליה ונענע,אוליביה,IL,פסטו פטרוזיליה ונענע 180,גרמים,180.00,100 גרם,false,,12.90,0.0717,true,1,1245390
7290005326677,false,רוטב ברביקיו,,,רוטב ברביקיו,גרמים,350.00,100 גרם,false,,12.90,0.0369,true,1,1699466
7290005384837,false,"מיץ לימון 500 מ""ל",דריבדוס סיטרוס,ES,מיץ לימון מלימונים טריים,מיליליטרים,500.00,"100 מ""ל",false,,7.90,0.0158,true,1,1159278
7290005384851,false,"מיץ לימון 200 מ""ל",,,"מיץ לימון 200 מ""ל",מיליליטרים,200.00,"100 מ""ל",false,,3.90,0.0195,true,1,1159279
7290005384899,false,בסיגנון פטה ים תיכונ,ארלה,DK,פטינה על בסיס ש'צ 12ק'ג(ח,קילוגרמים,1.00,"ק""ג",true,,24.90,24.9000,true,1,1159281
7290005418709,false,קרם לחות לשיער נטורל,אמיליה קוסמטיקס,IL,קר.לחות נטורל קיבוע תלתל,מיליליטרים,400.00,"100 מ""ל",false,,19.90,0.0497,true,1,1190957
7290005418891,false,ג'ל לשיער אקסטרים,,,ג'ל לשיער אקסטרים,מיליליטרים,500.00,"100 מ""ל",false,,19.90,0.0398,true,1,1190960
7290005423055,false,פורטה פלוס 1 ליטר XL,,,פורטה פלוס 1 ליטר XL,ליטרים,1.00,ליטר,false,,17.90,17.9000,true,1,1853740
7290005423086,false,מטהר אויר סנומוד,,,מטהר אויר סנומוד,מיליליטרים,150.00,"100 מ""ל",false,,10.90,0.0727,true,1,1610425
7290005423253,false,מרסס למייבש כביסה סנ,סנו,IL,"מקסימה למייבש פרש 750מ""ל",מיליליטרים,750.00,"100 מ""ל",false,,17.90,0.0239,true,1,1167455
7290005423482,false,קרם לניקוי כיריים קר,,,קרם לניקוי כיריים קר,מיליליטרים,300.00,"100 מ""ל",false,,19.90,0.0663,true,1,1167464
7290005423499,false,ספריי למשטחי נירוסטה,סנו,IL,סנו נירוסטה אירוסול500מל,מיליליטרים,500.00,"100 מ""ל",false,,19.90,0.0398,true,1,1167465
7290005423505,false,אורביטול מי-פה,קוסמופארם,IL,"מי פה אורביטול 500 מ""ל",מיליליטרים,500.00,"100 מ""ל",false,,17.90,0.0358,true,1,1167466
7290005423543,false,משחת שיניים אורביטול,טרופיקל דגיל,IL,משחת אורביטול להלבנה145ג,גרמים,145.00,100 גרם,false,,9.90,0.0683,true,1,1167467
7290005423567,false,מטליות לניקוי כללי ב,זינרגד,IL,40מטליות לניקוי סנו סושי,יח',40.00,יח',false,,19.90,0.4975,true,1,1167468
7290005423635,false,ריצפז דוחה תיקנים 2,סנו,IL,ריצפז פלוס דוחה תיקנים2ל,ליטרים,2.00,ליטר,false,,22.90,11.4500,true,1,1167469
7290005423888,false,אל סבון כיף קטיפתי מ,קוסמופארם,IL,500מלX3 אלסבון כיף מעורב,מיליליטרים,1500.00,"100 מ""ל",false,,19.90,0.0133,true,1,1214505
7290005424014,false,אבקת כביסה פיסגה 6 ק,סנו,IL,"אבקת כביסה פיסגה 6 ק""ג",קילוגרמים,6.00,"ק""ג",false,,39.90,6.6500,true,1,1167475
7290005424113,false,סושי מטליות ריצפה סנ,עופרטקס,IL,4סנו סושי מטלית רצפ+כרית,יח',4.00,יח',false,,14.90,3.7250,true,1,1167477
7290005424205,false,ריצפז דוחה חרקים 4 ל,סנו,IL,ריצפז פלוס דוחה תיקנים4ל,ליטרים,4.00,ליטר,false,,39.90,9.9750,true,1,1167479
7290005424311,false,K רב קוטל חרקים 500,סנו,IL,רב קוטל בריח פרחים K סנו,מיליליטרים,500.00,"100 מ""ל",false,,22.90,0.0458,true,1,1167480
7290005424700,false,פורטה פלוס 1 ליטר XL,סנו,IL,"סנו פורטה פלוס 750 מ""ל",ליטרים,1.00,ליטר,false,,17.90,17.9000,true,1,1731593
7290005424755,false,ריצפז פלוס מטליות ענ,,,ריצפז פלוס מטליות ענ,יח',10.00,יח',false,,14.90,1.4900,true,1,1730139
7290005424762,false,רצפז דוחה תיקנים + ו,סנו,IL,ריצפז+דוחה תיקנים+ווקס2ל,ליטרים,2.00,ליטר,false,,29.90,14.9500,true,1,1167486
7290005424809,false,סקוטש ברייט ענק,סנו,IL,סנו סושי3כרית קרצוף אדום,יח',3.00,יח',false,,9.90,3.3000,true,1,1167489
7290005424915,false,מטהר אויר סנומוד,סנו,IL,סנומוד פצ'ולי לבנדר 150מ,מיליליטרים,150.00,"100 מ""ל",false,,10.90,0.0727,true,1,1167491
7290005425073,false,מטהר אוויר דאו פרש,סנו,IL,דואו פרש יסמין סנדלווד,מיליליטרים,300.00,"100 מ""ל",false,,10.90,0.0363,true,1,1167495
7290005425110,false,מתז לחיטוי משטחים 99,,,מתז לחיטוי משטחים 99,מיליליטרים,750.00,"100 מ""ל",false,,8.90,0.0119,true,1,1853792
7290005425127,false,מתז לחיטוי עוצמתי 99,,,מתז לחיטוי עוצמתי 99,מיליליטרים,750.00,"100 מ""ל",false,,8.90,0.0119,true,1,1853793
7290005425202,false,אבקת כביסה מקסימה 2.,סנו,IL,"אבקת מקסימה ביו 2.5 ק""ג",קילוגרמים,2.50,"ק""ג",false,,22.90,9.1600,true,1,1167499
7290005425646,false,סנוקליר נוזל לניקוי,סנו,IL,'סנוקליר ניקוי חלונות 1ל,ליטרים,1.00,ליטר,false,,8.90,8.9000,true,1,1167508
7290005425912,false,אוקסיג'ן מסיר כתמים,סנו,IL,ג'ל אוקסיג'ן 4 ליטר,ליטרים,4.00,ליטר,false,,34.90,8.7250,true,1,1167516
7290005426193,false,ספוג הפלא סנו סושי ש,U.F.O,US,'ספוג הפלא סנו סושי 6 יח,יח',6.00,יח',false,,11.90,1.9833,true,1,1167521
7290005426230,false,מטלית לריצפה מיקרופי,,CN,מטלית הפלא לרצפה ס.סושי,יח',1.00,יח',false,,16.90,16.9000,true,1,1167522
7290005426384,false,מטהר אויר סנומוד,סנו,IL,סנומוד מיס מיליון 150 מל,מיליליטרים,150.00,"100 מ""ל",false,,10.90,0.0727,true,1,1167526
7290005426568,false,קרם לחות לשיער קרמה,קוסמופארם,IL,ק.לחות קרמה שיער רגיל400,מיליליטרים,400.00,"100 מ""ל",false,,19.90,0.0497,true,1,1167529
7290005426629,false,מטהר אוויר דאו פרש,סנו,IL,דואו פרש לוטוס ופרחי מים,מיליליטרים,300.00,"100 מ""ל",false,,10.90,0.0363,true,1,1167533
7290005426735,false,אבקת כביסה מקסימה 1.,סנו,IL,1.25קג BLACK אבקת מקסימה,קילוגרמים,1.25,"ק""ג",false,,9.90,7.9200,true,1,1167535
7290005426865,false,משחת שיניים אורביטול,טרופיקל דגיל,IL,משחה אורביטול מסטיק 70 ג,גרמים,70.00,100 גרם,false,,8.90,0.1271,true,1,1167538
7290005426940,false,קוטל חרקים K300+8,סנו,IL,300 פלוס8 קוטל חרקי400-K,מיליליטרים,400.00,"100 מ""ל",false,,22.90,0.0572,true,1,1167540
7290005426964,false,שלישייה סנובון לאסלה,סנו,IL,50גX3 סנובון כחול אפרסק,יח',3.00,יח',false,,19.90,6.6333,true,1,1167541
7290005427121,false,מגבות נ ייר 12 גלילי,סנו,IL,מגבות הפלא סנו סושי 12גל,מטרים,126.96,מטר,false,,22.90,0.1804,true,1,1167545
7290005427626,false,ג'ל אקסטרים לשיער מר,קוסמופארם,IL,ג'ל כיף אקסטרים כתום 1קג,קילוגרמים,1.00,"ק""ג",false,,22.90,22.9000,true,1,1167565
7290005427633,false,ג'ל אקסטרים לשיער חז,קוסמופארם,IL,ג'ל כיף אקסטרים כחול 1קג,קילוגרמים,1.00,"ק""ג",false,,22.90,22.9000,true,1,1167566
7290005427725,false,מגבוני בד ליטופים מא,טרופיקל דגיל,IL,'מגבוני ליטופים 5*72 יח,יח',360.00,יח',false,,19.90,0.0553,true,1,1167568
7290005427732,false,אל סבון כיף 2 ליטר,קוסמופארם,IL,אלסבון כיף קמומיל 2 ליטר,ליטרים,2.00,ליטר,false,,22.90,11.4500,true,1,1167569
7290005427756,false,אל סבון כיף 2 ליטר,קוסמופארם,IL,אלסבון כיף אלוורה 2 ליטר,ליטרים,2.00,ליטר,false,,22.90,11.4500,true,1,1167571
7290005427763,false,אל סבון כיף 2 ליטר,קוסמופארם,IL,'אלסבון כיף ג'ינסינג 2 ל,ליטרים,2.00,ליטר,false,,22.90,11.4500,true,1,1167572
7290005427770,false,קרם לחות לשיער קרמה,קוסמופארם,IL,קרמה לחות לשיער לגבר400מ,מיליליטרים,400.00,"100 מ""ל",false,,19.90,0.0497,true,1,1167573
7290005427787,false,קרם לחות לשיער קרמה,קוסמופארם,IL,ק.לחות קרמה ש.מתולתל400מ,מיליליטרים,400.00,"100 מ""ל",false,,19.90,0.0497,true,1,1167574
7290005427848,false,מטליות לניקוי כללי ב,זינרגד,IL,סנו סושי 30מט.בגליל ורוד,יח',40.00,יח',false,,19.90,0.4975,true,1,1167576
7290005427978,false,תחליב רחצה לפנים קרמ,קוסמופארם,IL,קרמה תחליב רחצה לפנים180,מיליליטרים,180.00,"100 מ""ל",false,,14.90,0.0828,true,1,1167581
7290005427985,false,תחליב רחצה לפנים קרמ,קוסמופארם,IL,קרמה ת.רחצה לפנים+ג.פילי,מיליליטרים,180.00,"100 מ""ל",false,,14.90,0.0828,true,1,1167582
7290005428845,false,מפיות אירוח סנו סושי,חיי נייר,IL,סנו סושי מפיות אירוח100י,יח',100.00,יח',false,,6.90,0.0690,true,1,1167591
7290005429019,false,נוזל לשטיפת רצפות פי,סנו,IL,פיסגה לרצפות 4 ליטר,ליטרים,4.00,ליטר,false,,22.90,5.7250,true,1,1167600
7290005430480,false,מטלית הפלא מיקרופייב,,CN,מטלית הפלא מיקרופייבר,יח',1.00,יח',false,,8.90,8.9000,true,1,1167603
7290005430602,false,מרסס כביסה מסיר כתמי,סנו,IL,אוקסיג'ן מ.כתמ.מרסס 750מ,מיליליטרים,750.00,"100 מ""ל",false,,17.90,0.0239,true,1,1167607
7290005430626,false,מסיר כתמים אוקסיגן 2,,,מסיר כתמים אוקסיגן 2,ליטרים,2.00,ליטר,false,,19.90,9.9500,true,1,1167608
7290005430671,false,פוליויקס קרמיקה 2 לי,סנו,IL,'סנו פוליויקס קרמיקה 2 ל,ליטרים,2.00,ליטר,false,,24.90,12.4500,true,1,1167613
7290005430961,false,טקסטיל שמפו לכביסה ב,,,טקסטיל שמפו לכביסה ב,ליטרים,1.00,ליטר,false,,15.90,15.9000,true,1,1167618
7290005431906,false,קדאיף 82 גרם,,,קדאיף 82 גרם,גרמים,82.00,100 גרם,false,,5.90,0.0720,true,1,2019265
7290005431913,false,עוגת גבינה פירורים 9,,,עוגת גבינה פירורים 9,גרמים,92.00,100 גרם,false,,5.90,0.0641,true,1,2019266
7290005431937,false,עוגת טירימיסו 82 גרם,,,עוגת טירימיסו 82 גרם,גרמים,82.00,100 גרם,false,,5.90,0.0720,true,1,2019268
7290005431968,false,מלבי שמנת עדן קינוחי,,,מלבי שמנת עדן קינוחי,גרמים,150.00,100 גרם,false,,6.90,0.0460,true,1,2034902
7290005437540,false,פטריות חתוך 5.5,,,פטריות חתוך 5.5,גרמים,290.00,100 גרם,false,,3.90,0.0134,true,1,1180881
7290005437809,false,אננס חתוך במיץ טבעי,,,אננס חתוך במיץ טבעי,גרמים,825.00,100 גרם,false,,10.90,0.0132,true,1,1180889
7290005477669,false,דרמפון-סבון נוזלי מע,אמיליה קוסמטיקס,IL,'דרמפון סבון נוז.+לחות1ל,ליטרים,1.00,ליטר,false,,14.90,14.9000,true,1,1190963
7290005500558,false,גל לשיער פנינה,א.ארמן,IL,גל לשיער פנינה,ליטרים,1.00,ליטר,false,,14.90,14.9000,true,1,1194484
7290005500688,false,"מסיכה לשיער 1 ק""ג",א.ארמן,IL,"מסיכה לשיער 1 ק""ג",מיליליטרים,1000.00,"100 מ""ל",false,,29.90,0.0299,true,1,1194488
7290005509445,false,עוגיות מיני קוקיס חמ,כרמית תעשיות ממתקים,IL,כרמית מיני קוקיס בטעם חמא,גרמים,600.00,100 גרם,false,,18.90,0.0315,true,1,1185619
7290005558023,false,ריחנית,,,ריחנית,יחידה,0.00,יחידה,false,,4.90,0.0000,true,1,1182841
7290005559587,false,מאפה נקניקיה 800 גרם,מעדנות,IL,מאפה נקניקיה 800גר מעדנות,גרמים,800.00,100 גרם,false,,26.90,0.0336,true,1,1187502
7290005559709,false,בורקס פיצה 700 גרם.,מעדנות,IL,בורקס פיצה 700גר מעדנות,גרמים,700.00,100 גרם,false,,24.90,0.0356,true,1,1187504
7290005559907,false,פיצה משפחתית גבינה.,מעדנות,IL,פיצה משפחתית גבינה מעדנות,גרמים,500.00,100 גרם,false,,24.90,0.0498,true,1,1187506
7290005559914,false,פיצה משפחתית זיתים.,מעדנות,IL,פיצה משפחתית זיתים מעדנות,גרמים,550.00,100 גרם,false,,24.90,0.0453,true,1,1187507
7290005559990,false,בצק פילאס 600 גרם.,מעדנות,IL,בצק פילאס תורכי 600גר מעד,גרמים,600.00,100 גרם,false,,22.90,0.0382,true,1,1187513
7290005587825,false,מסיר איפור עדין דרמו,KARLSRUHE GERMANY,DE,מסיר איפור עמיד במים125מ,מיליליטרים,125.00,"100 מ""ל",false,,24.90,0.1992,true,1,1150893
7290005591761,false,דבש טהור לחיץ 400 גר,שטראוס,IL,דבש טהור לחיץ 400 גרם,גרמים,400.00,100 גרם,false,,19.90,0.0497,true,1,1189375
7290005610011,false,תפוחי אדמה אדום ארוז,,,תפוחי אדמה אדום ארוז,קילוגרמים,1.00,"ק""ג",true,,5.90,5.9000,true,1,1190476
7290005610028,false,תפוח אדמה לבן ארוז,,,תפוח אדמה לבן ארוז,קילוגרמים,1.00,"ק""ג",true,,4.90,4.9000,true,1,1190477
7290005610127,false,תפוח אדמה גורמה,,,תפוח אדמה גורמה,קילוגרמים,1.00,"ק""ג",true,,5.90,5.9000,true,1,1339237
7290005610509,false,צנוניות ארוזות דוד מ,,,צנוניות ארוזות דוד מ,גרמים,400.00,100 גרם,false,,4.90,0.0123,true,1,2102610
7290005680052,false,טמפון או-בה סופר 32,CILAG GMBH INTERNATI,GR,אובה קלאסי סופר פלוס 32,יח',32.00,יח',false,,29.90,0.9344,true,1,1185623
7290005684265,false,לחם רוסי 750 גרם,,,לחם רוסי 750 גרם,גרמים,750.00,100 גרם,false,,9.90,0.0132,true,1,1198155
7290005684418,false,לחם מקמח כוסמין מלא,,,לחם מקמח כוסמין מלא,גרמים,700.00,100 גרם,false,,14.90,0.0213,true,1,1198156
7290005684579,false,לחם חמצת כוסמין,,,לחם חמצת כוסמין,גרמים,700.00,100 גרם,false,,14.90,0.0213,true,1,2017453
7290005686108,false,משמש מיובש 400 גרם,דין שיווק,,משמש מיובש 400 גרם,גרמים,400.00,100 גרם,false,,19.90,0.0497,true,1,1831631
7290005686115,false,שזיפים 400 גרם,דין שיווק,,שזיפים 400 גרם,גרמים,400.00,100 גרם,false,,18.90,0.0472,true,1,1175160
7290005686122,false,צימוק כהה 400 גרם,דין שיווק,,צימוק כהה 400 גרם,גרמים,400.00,100 גרם,false,,12.90,0.0323,true,1,1175161
7290005719790,false,תמצית וניל אמיתי פיל,,,תמצית וניל אמיתי פיל,מיליליטרים,30.00,"100 מ""ל",false,,29.90,0.9967,true,1,2038253
7290005789380,false,מגבונים לאיפור,,,מגבונים לאיפור,יח',54.00,יח',false,,14.90,0.2759,true,1,1155456
7290005838002,false,מעדן דניאלה וניל 88,שטראוס,IL,דניאלה וניל,גרמים,88.00,100 גרם,false,,3.90,0.0443,true,1,1188699
7290005838613,false,מעדן סקי וניל-בודד 1,שטראוס,IL,סקי וניל 125 בודד,גרמים,125.00,100 גרם,false,,3.70,0.0296,true,1,1188700
7290005838972,false,סקי יום יום 5% 125 ג,שטראוס,IL,סקי יום יום 5%,גרמים,125.00,100 גרם,false,,3.20,0.0256,true,1,1188701
7290005839078,false,מארז חיסכון 8 ביו דנ,שטראוס,IL,מ. דנונה 8 חסכון ביו 3% 1,גרמים,1200.00,100 גרם,false,,15.90,0.0133,true,1,1188702
7290005839108,false,סימפוניה זיתים 5% שו,שטראוס,IL,סימפ' 5% עם זתים,גרמים,200.00,100 גרם,false,,10.90,0.0545,true,1,1188703
7290005839313,false,מעדן מילקי טופ.,שטראוס,IL,מילקי טופ מגולגלת,גרמים,170.00,100 גרם,false,,4.30,0.0253,true,1,1188704
7290005870774,false,קרם עיניים-אנטי אייג,שוורץ,IL,קרם עינים 30 ANTI-AGING ס,מיליליטרים,30.00,"100 מ""ל",false,,69.90,2.3300,true,1,1175699
7290005870811,false,חמאת גוף-רימון 200,שוורץ,IL,"חמאת גוף רימונים 200 סמ""ק",מיליליטרים,200.00,"100 מ""ל",false,,39.90,0.1995,true,1,1175700
7290005870828,false,מסיכה לשיער רימון 50,שוורץ,IL,מסכת הזנה לשיער רימונים 5,מיליליטרים,500.00,"100 מ""ל",false,,39.90,0.0798,true,1,1175701
7290005896620,false,מים מוגז סן בנדטו 1.,,,מים מוגז סן בנדטו 1.,ליטרים,1.50,ליטר,false,,4.90,3.2667,true,1,1171618
7290005896828,false,סאן-בנדטו שישייה 1.5,,,סאן-בנדטו שישייה 1.5,ליטרים,9.00,ליטר,false,,20.50,2.2778,true,1,1171620
7290005938030,false,פסטו זעתר,,,פסטו זעתר,גרמים,220.00,100 גרם,false,,16.90,0.0768,true,1,1939184
7290005938238,false,צ'ימצ'ורי,,,צ'ימצ'ורי,גרמים,220.00,100 גרם,false,,15.90,0.0723,true,1,1939185
7290005938245,false,פסטו קלאסי,,,פסטו קלאסי,גרמים,220.00,100 גרם,false,,15.90,0.0723,true,1,1939186
7290005938610,false,טפנד זיתים ירוקים,,,טפנד זיתים ירוקים,גרמים,220.00,100 גרם,false,,15.90,0.0723,true,1,1939188
7290005938627,false,ממרח עגבניות מיובשות,,,ממרח עגבניות מיובשות,גרמים,220.00,100 גרם,false,,14.90,0.0677,true,1,1939189
7290005946554,false,לבבות קיסר,,,לבבות קיסר,יחידה,0.00,יחידה,false,,8.90,0.0000,true,1,1182822
7290005946578,false,חסה מיקס שטופה 250 ג,,,חסה מיקס שטופה 250 ג,גרמים,250.00,100 גרם,false,,8.90,0.0356,true,1,1182823
7290005946745,false,עלי חסה שטופים,,,עלי חסה שטופים,גרמים,300.00,100 גרם,false,,7.90,0.0263,true,1,1182824
7290005992117,false,"גבינת פקורינו ק""ג.",גדישון,IL,"פיקורינו רומנו גד ק""ג שקי",קילוגרמים,1.00,"ק""ג",true,,130.00,130.0000,true,1,1175511
7290005992667,false,"גבינה בולגרית 5% ק""ג",דשן,IL,"פח בולגרית מסורתית 5% ק""ג",קילוגרמים,1.00,"ק""ג",true,,56.00,56.0000,true,1,1175519
7290005992858,false,גבינה פטה עיזים 5% ש,דשן,IL,פטה עיזים מעודנת 5% דלי 4,קילוגרמים,1.00,"ק""ג",true,,110.00,110.0000,true,1,1175522
7290005992964,false,"גבינה פטה כבשים ק""ג.",גדישון,IL,"פטה כבשים דלי 4 ק""ג",קילוגרמים,1.00,"ק""ג",true,,99.00,99.0000,true,1,1175530
7290005996078,false,סלמי סרוולט הונגרי,,,סלמי סרוולט הונגרי,גרמים,125.00,100 גרם,false,,22.90,0.1832,true,1,2075117
7290005996153,false,נקניקיות פרמיום צו'ר,,,נקניקיות פרמיום צו'ר,גרמים,280.00,100 גרם,false,,19.90,0.0711,true,1,2075123
7290005996276,false,פסטרמה ברביקיו דק דק,,,פסטרמה ברביקיו דק דק,גרמים,120.00,100 גרם,false,,14.90,0.1242,true,1,2017192
7290006131034,false,פילה נסיכת הנילוס פר,,,פילה נסיכת הנילוס פר,קילוגרמים,1.00,"ק""ג",true,,64.90,64.9000,true,1,1160052
7290006131119,false,דג הליבוט מקולף פרוס,,,דג הליבוט מקולף פרוס,קילוגרמים,1.00,"ק""ג",true,,69.90,69.9000,true,1,1160055
7290006131287,false,דג פילה בקלה מרלוזה,,,דג פילה בקלה מרלוזה,קילוגרמים,1.00,"ק""ג",true,,34.90,34.9000,true,1,1160056
7290006131386,false,דג בקלה ארוז,,,דג בקלה ארוז,קילוגרמים,1.00,"ק""ג",true,,21.90,21.9000,true,1,1160057
7290006131447,false,דגי מקרל,,,דגי מקרל,קילוגרמים,1.00,"ק""ג",true,,21.90,21.9000,true,1,1254850
7290006131560,false,סרדינים ארוזים,,,סרדינים ארוזים,קילוגרמים,1.00,"ק""ג",true,,21.90,21.9000,true,1,2101332
7290006131652,false,דג פילה קוד עם עור ב,,,דג פילה קוד עם עור ב,קילוגרמים,1.00,"ק""ג",true,,74.90,74.9000,true,1,1160062
7290006131843,false,פילה נסיכת הנילוס 50,,,פילה נסיכת הנילוס 50,קילוגרמים,1.00,"ק""ג",true,,49.90,49.9000,true,1,2098618
7290006199942,false,שמיניית קרחוני דיאט,,,שמיניית קרחוני דיאט,גרמים,640.00,100 גרם,false,,19.90,0.0311,true,1,1182154
7290006210197,false,רוגעלך,בונז'ור,IL,בונז'ור רוגלאך,קילוגרמים,1.00,"ק""ג",true,,39.00,39.0000,true,1,1156102
7290006210203,false,"בורקס תפו""א במשקל",בונז'ור,IL,בונז'ור בורקס תפוא.,קילוגרמים,1.00,"ק""ג",true,,39.00,39.0000,true,1,1156103
7290006229427,false,מים סאן בנדטו 6X 500,,,מים סאן בנדטו 6X 500,מיליליטרים,3000.00,"100 מ""ל",false,,11.90,0.0040,true,1,1171625
7290006235220,false,קידס מגבונים הגיינים,"ד""ר פישר Dr fischer",IL,'30 יח TO-GO קידס מגבונים,יח',30.00,יח',false,,5.90,0.1967,true,1,1198352
7290006235244,false,פסטה קמיל בלו קרם צמ,"ד""ר פישר Dr fischer",IL,'קמיל בלו צמחי מרפא פסטה,גרמים,100.00,100 גרם,false,,19.90,0.1990,true,1,1198354
7290006241214,false,שקד טבעי בשקית,,,שקד טבעי בשקית,גרמים,200.00,100 גרם,false,,17.90,0.0895,true,1,1728633
7290006241535,false,מיץ מנגו קפוא 280 גר,פריגת,IL,מנגו 340- ישן,גרמים,280.00,100 גרם,false,,9.90,0.0354,true,1,1176165
7290006241689,false,מיץ לימון קפוא 280 ג,פריגת,IL,לימון 340,גרמים,280.00,100 גרם,false,,9.90,0.0354,true,1,1176166
7290006251107,false,תה צאי' מסאלה,ויסוצקי,IL,צ'אי מסאלה,גרמים,50.00,100 גרם,false,,14.90,0.2980,true,1,1186266
7290006251268,false,תה ירוק תפוח וקינמון,ויסוצקי,IL,תה ירוק תפוח וקינמון,גרמים,37.50,100 גרם,false,,22.90,0.6107,true,1,1186267
7290006251275,false,תה ירוק סיני,ויסוצקי,IL,תה ירוק סיני קלאסי,גרמים,37.50,100 גרם,false,,22.90,0.6107,true,1,1186268
7290006251282,false,תה חליטת צמחים נפלאו,ויסוצקי,IL,חליטת חמוציות,גרמים,75.00,100 גרם,false,,16.90,0.2253,true,1,1186269
7290006251343,false,תה חליטת צמחים מנגו,ויסוצקי,IL,חליטת פסיפלורה- מנגו,גרמים,62.50,100 גרם,false,,16.90,0.2704,true,1,1186270
7290006251374,false,תה ירוק לימונית וגינ,ויסוצקי,IL,תה ירוק לימונית וגינגר,גרמים,37.50,100 גרם,false,,22.90,0.6107,true,1,1186271
7290006251589,false,תה ירוק עלי נענע 50,ויסוצקי,IL,תה ירוק נענע,גרמים,75.00,100 גרם,false,,39.90,0.5320,true,1,1186272
7290006271174,false,ג'חנון בצק.,מעדנות,IL,גחנון בצק 700גר מעדנות,גרמים,700.00,100 גרם,false,,16.90,0.0241,true,1,1187514
7290006271181,false,ג'חנון אפוי.,מעדנות,IL,גחנון אפוי 750גר מעדנות,גרמים,750.00,100 גרם,false,,22.90,0.0305,true,1,1187515
7290006271648,false,מיני בורקס תפוא.,מעדנות,IL,"מיני בורקס תפו""א 800 גרם",גרמים,800.00,100 גרם,false,,22.90,0.0286,true,1,1187521
7290006272430,false,בצק עלים חמאה 600 גר,מעדנות,IL,בצק עלים חמאה 600גר,גרמים,600.00,100 גרם,false,,27.90,0.0465,true,1,1187526
7290006287106,false,ווקס לשיער אלסטי נטו,,,ווקס לשיער אלסטי נטו,מיליליטרים,120.00,"100 מ""ל",false,,24.90,0.2075,true,1,1190967
7290006306159,false,לזניה 4 גבינות 500 ג,פסטה נונה Pasta Nonn,IL,לזניה במילוי 4 גבינות ברו,גרמים,500.00,100 גרם,false,,29.90,0.0598,true,1,1187142
7290006306302,false,רביולי פרמזן וריקוטה,פסטה נונה Pasta Nonn,IL,רביולי במילוי גבינות פרמז,גרמים,400.00,100 גרם,false,,21.90,0.0547,true,1,1187147
7290006306333,false,רביולי תרד 400 גרם.,פסטה נונה Pasta Nonn,IL,רביולי במילוי תרד וגבינת,גרמים,400.00,100 גרם,false,,21.90,0.0547,true,1,1187150
7290006336453,false,"זיתים"" כפרי ובית",,,"זיתים"" כפרי ובית",קילוגרמים,1.00,"ק""ג",true,,49.00,49.0000,true,1,1182292
7290006342089,false,גרעין שחור 200 גרם,דין שיווק,,גרעין שחור 200 גרם,גרמים,200.00,100 גרם,false,,5.90,0.0295,true,1,1175166
7290006342584,false,אגוזי מלך קלופים 300,דין שיווק,,אגוזי מלך קלופים 300,גרמים,300.00,100 גרם,false,,22.90,0.0763,true,1,1175168
7290006342591,false,גרעיני דלעת קלויים 2,דין שיווק,,גרעיני דלעת קלויים 2,גרמים,200.00,100 גרם,false,,7.90,0.0395,true,1,1175169
7290006374615,false,דבש מלכות מרוכז במיו,שטראוס,IL,"מ""מ בדבש 340 (5.8%)",גרמים,340.00,100 גרם,false,,36.90,0.1085,true,1,1189378
7290006374660,false,שמן זית כתית מעולה ק,שטראוס,IL,שמן זית 2 קלאסי 1 ליטר,ליטרים,1.00,ליטר,false,,42.90,42.9000,true,1,1189380
7290006374738,false,קונפיטורת תות 340 גר,בית אל מזון,IL,קונפיטורת תות  340 גרם,גרמים,340.00,100 גרם,false,,12.90,0.0379,true,1,1189385
7290006401366,false,ליגיניה פרוטקטיב,WHITEHALL ITALIA,IT,LIGINIA PROTECTIVE-SOAP,מיליליטרים,200.00,"100 מ""ל",false,,29.90,0.1495,true,1,1156974
7290006492432,false,מוצרלה בייבי 150 גרם,מחלבות גד,IL,מוצרלה בייבי 150 גרם,גרמים,150.00,100 גרם,false,,12.90,0.0860,true,1,1175537
7290006492616,false,בולגרית 5% בפרוסות 2,דשן,IL,בולגרית פרוסות 5% 250 גרם,גרמים,250.00,100 גרם,false,,25.90,0.1036,true,1,1175540
7290006492630,false,גבינת גדעז מחלב עיזי,מחלבות גד,IL,גליל גד עז 180 גרם,גרמים,180.00,100 גרם,false,,21.90,0.1217,true,1,1175541
7290006492647,false,גבינת עזים מטבעות 22,טבע עז,IL,מטבעות גבינת עיזים 150 גר,גרמים,150.00,100 גרם,false,,22.90,0.1527,true,1,1175542
7290006492913,false,לאבנה ציזיקי 5% 250,מחלבות גד,IL,גבינה צ'זקי 250 גרם,גרמים,250.00,100 גרם,false,,14.90,0.0596,true,1,1175547
7290006494597,false,מרמולייט תרכיז תפוחי,זנלכל,IL,מרמולייט סירופ בטעם תפוחי,ליטרים,1.00,ליטר,false,,19.90,19.9000,true,1,1199630
7290006494917,false,טוסו ופל קלאסי בטעם,גילרו,IL,טוסו ופל קלאסי בטעם שוקול,גרמים,200.00,100 גרם,false,,9.90,0.0495,true,1,1199638
7290006494924,false,טוסו ופל בטעם לימון.,,,טוסו ופל בטעם לימון.,גרמים,180.00,100 גרם,false,,9.90,0.0550,true,1,1199639
7290006511157,false,פטריות שלם 400 גרם,אוקוצמפ,PL,פטריות שלם 400גרם בד'צ,גרמים,400.00,100 גרם,false,,7.90,0.0198,true,1,1159285
7290006511683,false,פולי סויה קפואים 454,קו.אל.טי.די.קיאוניונ,CN,פולי סויה קפואים 454גרם(מ,גרמים,454.00,100 גרם,false,,7.90,0.0174,true,1,1159291
7290006546012,false,שעועית בנוסח מקסיקני,פרי הגליל,IL,צ'לי חריף בנוסח מקסיקני 5,גרמים,580.00,100 גרם,false,,6.90,0.0119,true,1,1193824
7290006546302,false,"ציפס קיטריינג 1.5 ק""",פרי הגליל,IL,צ'יפס קטרינג 1.5פג רבנות,קילוגרמים,1.50,"ק""ג",false,,18.90,12.6000,true,1,1193826
7290006546371,false,במיה פרי הגליל.,פרי הגליל,IL,במיה 600פג,גרמים,600.00,100 גרם,false,,14.90,0.0248,true,1,1193829
7290006546388,false,תחתיות ארטישוק פרי ה,פרי הגליל,IL,ת.ארטישוק 400פג,גרמים,400.00,100 גרם,false,,19.90,0.0497,true,1,1193830
7290006546395,false,לקט העונה פרי הגליל,פרי הגליל,IL,לקט העונה 800פג,גרמים,800.00,100 גרם,false,,12.90,0.0161,true,1,1193831
7290006546517,false,סטייק צ'יפס פרי הגלי,פרי הגליל,IL,סטייק צ'יפס 800פג רבנות,גרמים,800.00,100 גרם,false,,9.90,0.0124,true,1,1193834
7290006546524,false,ציפס מובחר פרי הגליל,פרי הגליל,IL,צ'יפס מובחר 800פג,גרמים,800.00,100 גרם,false,,9.90,0.0124,true,1,1193835
7290006546982,false,לקט סיני פרי הגליל,פרי הגליל,IL,לקט סיני 800פג,גרמים,800.00,100 גרם,false,,14.90,0.0186,true,1,1193845
7290006546999,false,לקט למרק לחורף פרי ג,פרי הגליל,IL,לקט למרק 800פג,גרמים,800.00,100 גרם,false,,12.90,0.0161,true,1,1193846
7290006562906,false,פרמיו הודו וכבש 15ג',,,פרמיו הודו וכבש 15ג',גרמים,15.00,100 גרם,false,,6.90,0.4600,true,1,2145420
7290006567048,false,פתיתי קוסקוס ישראלי,קוסקוס,IL,אסם פתיתי קוסקוס ישראלי 3,גרמים,350.00,100 גרם,false,,6.90,0.0197,true,1,1156145
7290006582355,false,סילאן 900 גרם,שקדיה,,סילאן 900 גרם,גרמים,900.00,100 גרם,false,,12.90,0.0143,true,1,1196877
7290006618078,false,אסטוניש מרסס למטבח,אסטוניש Astonish,GB,אסטוניש מרסס-למטבח,מיליליטרים,750.00,"100 מ""ל",false,,11.90,0.0159,true,1,1173192
7290006618085,false,אסטוניש מרסס לחדר אמ,אסטוניש Astonish,GB,אסטוניש מרסס כחול-לאמבט,מיליליטרים,750.00,"100 מ""ל",false,,11.90,0.0159,true,1,1173193
7290006618610,false,ספוגיות לכלים,פלספק,TR,הפי ספוגיות חלבי/בשרי שיש,יח',6.00,יח',false,,7.90,1.3167,true,1,1173200
7290006651211,false,מגבונים לניקוי עיניי,"ד""ר פישר Dr fischer",IL,40 סשטים בקופסא EYE CARE,יח',40.00,יח',false,,49.90,1.2475,true,1,1229585
7290006651730,false,אלכוויפס מגבונים ליד,"ד""ר פישר Dr fischer",IL,20 אלכוויפס מגבונים לשמיר,יח',20.00,יח',false,,15.90,0.7950,true,1,1198367
7290006653765,false,פסטה פרפקטו 500 גרם.,זארה,IT,פרפקטו פטוצ'יני 500 גרם,גרמים,500.00,100 גרם,false,,6.90,0.0138,true,1,1156153
7290006653819,false,קוסקוס דק 350 גרם.,קוסקוס,IL,אסם קוסקוס דק 350 גרם,גרמים,350.00,100 גרם,false,,6.90,0.0197,true,1,1156154
7290006660411,false,מגבונים אקולוגים טבע,,,מגבונים אקולוגים טבע,יח',72.00,יח',false,,8.90,0.1236,true,1,1347111
7290006664310,false,גבינת סקי 3% 250 גרם,שטראוס,IL,סקי 3% 250 גרם,גרמים,250.00,100 גרם,false,,4.70,0.0188,true,1,1188714
7290006664402,false,גבינת סקי 750 גרם.,שטראוס,IL,סקי% 5 750 גרם,גרמים,750.00,100 גרם,false,,14.10,0.0188,true,1,1188716
7290006664532,false,דנונה תות 3% שומן 15,שטראוס,IL,דנונה תות 3%,גרמים,150.00,100 גרם,false,,3.40,0.0227,true,1,1188717
7290006664693,false,יוגורט עם אפרסק 3% 1,שטראוס,IL,דנונה אפרסק 3%,גרמים,150.00,100 גרם,false,,3.40,0.0227,true,1,1188720
7290006666307,false,חומוס סלטי משני,,,חומוס סלטי משני,גרמים,300.00,100 גרם,false,,12.90,0.0430,true,1,2021285
7290006666314,false,סלט טחינה סלטי משני,,,סלט טחינה סלטי משני,גרמים,300.00,100 גרם,false,,12.90,0.0430,true,1,2021286
7290006666338,false,טחינה ירוקה סלטי משנ,,,טחינה ירוקה סלטי משנ,גרמים,300.00,100 גרם,false,,13.90,0.0463,true,1,2021288
7290006666345,false,חציל במיונז סלטי משנ,,,חציל במיונז סלטי משנ,גרמים,300.00,100 גרם,false,,19.90,0.0663,true,1,2021299
7290006666369,false,סלט חצילים יווני סלט,,,סלט חצילים יווני סלט,גרמים,300.00,100 גרם,false,,19.90,0.0663,true,1,2021301
7290006666376,false,חציל רומני סלטי משני,,,חציל רומני סלטי משני,גרמים,300.00,100 גרם,false,,19.90,0.0663,true,1,2021302
7290006666406,false,חציל טבעי סלטי משני,,,חציל טבעי סלטי משני,גרמים,300.00,100 גרם,false,,19.90,0.0663,true,1,2021304
7290006666420,false,קולסלו כרוב אמריקאי,,,קולסלו כרוב אמריקאי,גרמים,300.00,100 גרם,false,,14.90,0.0497,true,1,2021306
7290006666437,false,סלט טורקי סלטי משני,,,סלט טורקי סלטי משני,גרמים,300.00,100 גרם,false,,16.90,0.0563,true,1,2021307
7290006666468,false,גזר בלימון סלטי משני,,,גזר בלימון סלטי משני,גרמים,300.00,100 גרם,false,,19.90,0.0663,true,1,2021309
7290006666475,false,"תפו""א רוסי סלטי משני",,,"תפו""א רוסי סלטי משני",גרמים,300.00,100 גרם,false,,14.90,0.0497,true,1,2021329
7290006666499,false,סלט טונה לבנה סלטי מ,,,סלט טונה לבנה סלטי מ,גרמים,300.00,100 גרם,false,,26.90,0.0897,true,1,2021330
7290006666529,false,פלפל מרוקאי סלטי משנ,,,פלפל מרוקאי סלטי משנ,גרמים,300.00,100 גרם,false,,19.90,0.0663,true,1,2021323
7290006666543,false,סלק סלטי משני,,,סלק סלטי משני,גרמים,300.00,100 גרם,false,,16.90,0.0563,true,1,2021311
7290006666567,false,חציל מרוקאי סלטי משנ,,,חציל מרוקאי סלטי משנ,גרמים,300.00,100 גרם,false,,22.90,0.0763,true,1,2024186
7290006666574,false,חומוס אבו זוהר סלטי,,,חומוס אבו זוהר סלטי,גרמים,300.00,100 גרם,false,,12.90,0.0430,true,1,2021312
7290006666628,false,סלט ביצים סלטי משני,,,סלט ביצים סלטי משני,גרמים,300.00,100 גרם,false,,29.90,0.0997,true,1,2022445
7290006666802,false,חזרת סלטי משני,,,חזרת סלטי משני,גרמים,150.00,100 גרם,false,,12.90,0.0860,true,1,2021289
7290006666826,false,סחוג ירוק סלטי משני,,,סחוג ירוק סלטי משני,גרמים,150.00,100 גרם,false,,12.90,0.0860,true,1,2021291
7290006666833,false,סחוג אדום סלטי משני,,,סחוג אדום סלטי משני,גרמים,150.00,100 גרם,false,,12.90,0.0860,true,1,2021292
7290006666840,false,עריסה ביתית סלטי משנ,,,עריסה ביתית סלטי משנ,גרמים,150.00,100 גרם,false,,12.90,0.0860,true,1,2021293
7290006681553,false,שמיניית קרמבו וניל ש,גלידות שטראוס,IL,קרמבו 1/8 וניל,גרמים,200.00,100 גרם,false,,13.90,0.0695,true,1,1184268
7290006681560,false,שמיניית קרמבו מוקה ש,גלידות שטראוס,IL,קרמבו 1/8 מוקה,גרמים,200.00,100 גרם,false,,13.90,0.0695,true,1,1184269
7290006704511,false,תפוא אדמה למיקרו,,,תפוא אדמה למיקרו,גרמים,700.00,100 גרם,false,,7.90,0.0113,true,1,1176819
7290006712684,false,דאודורנט סטיק-כחול ס,COLGATE PALMOLIVE,US,ספיד סטיק 24/7 סטיק כחול,גרמים,50.00,100 גרם,false,,19.90,0.3980,true,1,1185624
7290006724205,false,טופו חומוס 300גרם לי,,,טופו חומוס 300גרם לי,גרמים,300.00,100 גרם,false,,11.90,0.0397,true,1,2053366
7290006739407,false,שניצל תירס לייט 630,,,שניצל תירס לייט 630,גרמים,630.00,100 גרם,false,,29.90,0.0475,true,1,1170316
7290006739414,false,נקניק קוניאק,,,נקניק קוניאק,גרמים,300.00,100 גרם,false,,24.90,0.0830,true,1,1170317
7290006739421,false,נקניק מעושן איטלקי,,,נקניק מעושן איטלקי,גרמים,300.00,100 גרם,false,,24.90,0.0830,true,1,1170318
7290006739445,false,שניצל תירס קלאסי 750,,,שניצל תירס קלאסי 750,גרמים,750.00,100 גרם,false,,29.90,0.0399,true,1,1170319
7290006742162,false,המבורגר מזרחי 400 גר,,,המבורגר מזרחי 400 גר,גרמים,400.00,100 גרם,false,,19.90,0.0497,true,1,1170339
7290006742278,false,פסטרממיה צלויה על לב,,,פסטרממיה צלויה על לב,גרמים,330.00,100 גרם,false,,24.90,0.0755,true,1,1170341
7290006742315,false,פסטרמה ברבקיו מחזה ה,,,פסטרמה ברבקיו מחזה ה,גרמים,330.00,100 גרם,false,,24.90,0.0755,true,1,1170344
7290006764287,false,סודה אשכולית אדומה 1,,,סודה אשכולית אדומה 1,ליטרים,1.50,ליטר,false,,4.20,2.8000,true,1,2128883
7290006764478,false,"בירה מאלט נשר 330 מ""",,,"בירה מאלט נשר 330 מ""",מיליליטרים,330.00,"100 מ""ל",false,,4.90,0.0148,true,1,1171627
7290006764485,false,שישייה נשר מאלט 330,,,שישייה נשר מאלט 330,ליטרים,1.98,ליטר,false,,26.90,13.5859,true,1,1171628
7290006765451,false,פיסטוק קלוי ענק 250,דין שיווק,,פיסטוק קלוי ענק 250,גרמים,250.00,100 גרם,false,,19.90,0.0796,true,1,1175180
7290006765468,false,שקד קלוי ענק 250 גרם,דין שיווק,,שקד קלוי ענק 250 גרם,גרמים,250.00,100 גרם,false,,19.90,0.0796,true,1,1175181
7290006765475,false,בוטן קלוי ענק 250 גר,דין שיווק,,בוטן קלוי ענק 250 גר,גרמים,250.00,100 גרם,false,,9.90,0.0396,true,1,1175182
7290006765482,false,קשיו קלוי ענק 250 גר,דין שיווק,,קשיו קלוי ענק 250 גר,גרמים,250.00,100 גרם,false,,19.90,0.0796,true,1,1175183
7290006770561,false,לקט לקוסקוס פרי הגלי,פרי הגליל,IL,לקט לקוסקוס 800פג,גרמים,800.00,100 גרם,false,,12.90,0.0161,true,1,1193854
7290006775023,false,עוגת אנגלית 450ג.,"אחדות ביח""ר לטחינה ח",IL,עוגה אנגלית 450 גרם,גרמים,450.00,100 גרם,false,,8.90,0.0198,true,1,1157143
7290006775030,false,עוגת שוקולד ציפס.,"אחדות ביח""ר לטחינה ח",IL,עוגת שוקו ציפס 450 גרם,גרמים,450.00,100 גרם,false,,8.90,0.0198,true,1,1157144
7290006775047,false,עוגת שוקולד 450ג.,"אחדות ביח""ר לטחינה ח",IL,עוגה בטעם שוקולד 450 גרם,גרמים,450.00,100 גרם,false,,8.90,0.0198,true,1,1157145
7290006775054,false,עוגת שיש 450ג.,"אחדות ביח""ר לטחינה ח",IL,עוגת שיש 450 גרם,גרמים,450.00,100 גרם,false,,8.90,0.0198,true,1,1157146
7290006775085,false,עוגת שמרים 400 גר.,"אחדות ביח""ר לטחינה ח",IL,עוגת שמרים במילוי קרם בטע,גרמים,400.00,100 גרם,false,,10.90,0.0273,true,1,1996390
7290006775344,false,עוגת שמרים 400 גר.,"אחדות ביח""ר לטחינה ח",IL,עוגת שמרים במילוי קרם קינ,גרמים,400.00,100 גרם,false,,10.90,0.0273,true,1,1157153
7290006775764,false,עוגה שוקוצ'יפס ללא ס,"אחדות ביח""ר לטחינה ח",IL,עוגת שוקוצ'יפס ללא תוספת,גרמים,400.00,100 גרם,false,,10.90,0.0273,true,1,1157157
7290006788351,false,דאודורנט סטיק נושם כ,אמיליה קוסמטיקס,IL,דאו.קרליין סטיק נושם אקוו,גרמים,50.00,100 גרם,false,,16.90,0.3380,true,1,1190990
7290006788368,false,דאודורנט סטיק נושם כ,אמיליה קוסמטיקס,IL,דאו.קרליין סטיק נושם סנרי,גרמים,50.00,100 גרם,false,,16.90,0.3380,true,1,1190991
7290006788375,false,דאודורנט סטיק נושם ו,אמיליה קוסמטיקס,IL,דאו.קרליין סטיק נושם פיור,מיליליטרים,50.00,"100 מ""ל",false,,16.90,0.3380,true,1,1190992
7290006788382,false,דאודורנט סטיק נושם ס,אמיליה קוסמטיקס,IL,דאו.קרליין סטיק נושם אוקס,גרמים,50.00,100 גרם,false,,16.90,0.3380,true,1,1190993
7290006788399,false,דאודורנט רול און נוש,אמיליה קוסמטיקס,IL,דאו.קרליין רולאון נושם סנ,מיליליטרים,75.00,"100 מ""ל",false,,12.90,0.1720,true,1,1190994
7290006788405,false,דאודורנט  רול און נו,אמיליה קוסמטיקס,IL,דאו.קרליין רולאון נושם אק,מיליליטרים,75.00,"100 מ""ל",false,,12.90,0.1720,true,1,1190995
7290006788429,false,דאודורנט רול און נוש,אמיליה קוסמטיקס,IL,דאו.קרליין רולאון נושם סנ,מיליליטרים,75.00,"100 מ""ל",false,,12.90,0.1720,true,1,1190997
7290006788450,false,דאודורנט ספריי נושם,אמיליה קוסמטיקס,IL,דאו.קרליין ספריי סנסטיב 2,מיליליטרים,200.00,"100 מ""ל",false,,12.90,0.0645,true,1,1191000
7290006788467,false,דאודורנט ספריי נושם,אמיליה קוסמטיקס,IL,דאו.קרליין ספרי אקטיב 200,מיליליטרים,200.00,"100 מ""ל",false,,12.90,0.0645,true,1,1191001
7290006788474,false,דאודורנט  ספריי נושם,אמיליה קוסמטיקס,IL,דאו.קרליין ספריי אקווה 20,גרמים,75.00,100 גרם,false,,12.90,0.1720,true,1,1191002
7290006788504,false,דאודורנט ספריי נושם,אמיליה קוסמטיקס,IL,דאו.קרליין ספריי אוקסיג'ן,מיליליטרים,200.00,"100 מ""ל",false,,12.90,0.0645,true,1,1191005
7290006788559,false,טיטניום בלו דיאודורנ,,,טיטניום בלו דיאודורנ,מיליליטרים,180.00,"100 מ""ל",false,,14.90,0.0828,true,1,1191007
7290006789631,false,קרם לחות לשיער רגיל,אמיליה קוסמטיקס,IL,"קרם ""10"" שיער רגיל400מ""ל",מיליליטרים,400.00,"100 מ""ל",false,,16.90,0.0422,true,1,1191025
7290006789648,false,קרם לחות לשיער יבש ק,אמיליה קוסמטיקס,IL,"קרם ""10"" לשיער יבש 400מל",מיליליטרים,400.00,"100 מ""ל",false,,16.90,0.0422,true,1,1191026
7290006789655,false,קרם לחות לבניית תלתל,אמיליה קוסמטיקס,IL,"קרם ""10"" לסרוק קל 400מל",מיליליטרים,400.00,"100 מ""ל",false,,16.90,0.0422,true,1,1191027
7290006791870,false,ג'ל לעיצוב למראה רטו,אמיליה קוסמטיקס,IL,ג'ל שיער לעיצוב חזק500מל,מיליליטרים,500.00,"100 מ""ל",false,,19.90,0.0398,true,1,1191046
7290006805355,false,תערובת לכדורי שוקולד,ג'נרל מילס,IL,תערובת להכנת כדורי שוקולד,גרמים,500.00,100 גרם,false,,19.90,0.0398,true,1,1173953
7290006822192,false,נקטר חמוציות דיאט 1,פריגת,IL,פריגת דיאטאושןספריחמוציות,ליטרים,1.00,ליטר,false,,11.90,11.9000,true,1,1182485
7290006855183,false,חטיף בר תמרים אגוזי,טבעית מוצרים מן הטבע,IL,ברבריא חטיף בר תמרים אגוז,גרמים,120.00,100 גרם,false,,15.90,0.1325,true,1,1156158
7290006855190,false,חטיף בר תמרים בננה 4,,,חטיף בר תמרים בננה 4,גרמים,120.00,100 גרם,false,,15.90,0.1325,true,1,2017607
7290006855206,false,חטיף בר שזיפים קוקוס,טבעית מוצרים מן הטבע,IL,ברבריא חטיף בר שזיפים קוק,גרמים,120.00,100 גרם,false,,15.90,0.1325,true,1,1156159
7290006855244,false,חטיף בר אגוזים שקדים,טבעית מוצרים מן הטבע,IL,ברבריא חטיף בר אגוזים שקד,גרמים,108.00,100 גרם,false,,15.90,0.1472,true,1,1156160
7290006855251,false,חטיף בר קשיו אגוזי ה,טבעית מוצרים מן הטבע,IL,ברבריא חטיף בר קשיו אגוזי,גרמים,108.00,100 גרם,false,,15.90,0.1472,true,1,1156161
7290006855404,false,ברבריא בייטס תמר קשי,,,ברבריא בייטס תמר קשי,גרמים,55.00,100 גרם,false,,7.90,0.1436,true,1,2093298
7290006855428,false,ברבריא בייטס תמר לוז,,,ברבריא בייטס תמר לוז,גרמים,55.00,100 גרם,false,,7.90,0.1436,true,1,2093299
7290006855435,false,ברבריא בייטס תמר שקד,,,ברבריא בייטס תמר שקד,גרמים,55.00,100 גרם,false,,7.90,0.1436,true,1,2093300
7290006920447,false,פיצרלה מגורדת 500 גר,,,פיצרלה מגורדת 500 גר,גרמים,500.00,100 גרם,false,,24.90,0.0498,true,1,1996479
7290006920980,false,מוצרלה בייבי,,,מוצרלה בייבי,קילוגרמים,1.00,"ק""ג",true,,49.00,49.0000,true,1,1997599
7290006983176,false,לחמית שיפון.,אסם תעשיות,IL,לחמית שיפון 230 גרם,גרמים,230.00,100 גרם,false,,7.90,0.0343,true,1,1156164
7290006983206,false,פלאפל קלי קלות.,אסם תעשיות,IL,אסם פלאפל בקלי קלות 180 ג,גרמים,180.00,100 גרם,false,,8.90,0.0494,true,1,1156165
7290006983527,false,עוגת תפוחי עץ עם פרו,אסם תעשיות,IL,אסם הבית עוגת תפוחים פירו,גרמים,400.00,100 גרם,false,,15.90,0.0398,true,1,1156168
7290006983763,false,עוגת הבית שוקולד 400,אסם תעשיות,IL,אסם הבית עוגה בטעם שוקולד,גרמים,400.00,100 גרם,false,,12.90,0.0323,true,1,1156169
7290006983770,false,עוגת הבית שיש 400 גר,אסם תעשיות,IL,אסם הבית עוגת שיש  400גרם,גרמים,400.00,100 גרם,false,,12.90,0.0323,true,1,1156170
7290006983787,false,עוגת הבית שוקוצ'יפס,אסם תעשיות,IL,אסם הבית עוגת שוקולד צי'פ,גרמים,400.00,100 גרם,false,,12.90,0.0323,true,1,1156171
7290006983794,false,עוגת הבית תפוז 400 ג,אסם תעשיות,IL,אסם הבית עוגה בטעם תפוז,גרמים,400.00,100 גרם,false,,12.90,0.0323,true,1,1156172
7290006989215,false,מקל עץ 1.5 הברגה,,,מקל עץ 1.5 הברגה,יחידה,0.00,יחידה,false,,9.90,0.0000,true,1,2075739
7290006992161,false,דייסת מטרנה 200 גרם,מטרנה,IL,אבקה להכנת דייסת קורנפלור,גרמים,200.00,100 גרם,false,,14.90,0.0745,true,1,1156174
7290006992185,false,דייסת מטרנה 200 גרם,מטרנה,IL,אבקה להכנת דייסת אורז מטר,גרמים,200.00,100 גרם,false,,14.90,0.0745,true,1,1156176
7290006992208,false,דייסת דגנים 200 גרם,מטרנה,IL,אבקה להכנת דייסת דגנים מע,גרמים,200.00,100 גרם,false,,14.90,0.0745,true,1,1156178
7290006992390,false,דייסת וניל בדצ 200 ג,מטרנה,IL,אבקה להכנת דייסת קורנפלור,גרמים,200.00,100 גרם,false,,14.90,0.0745,true,1,1156180
7290008000246,false,סבון נוזלי פמינה אלו,כצט,IL,"פמינה פרש אלוורה 220 מ""ל",מיליליטרים,220.00,"100 מ""ל",false,,24.90,0.1132,true,1,1192953
7290008000598,false,קרם ידיים,כצט,IL,"SHOW קרם ידיים 100 מ""ל",מיליליטרים,100.00,"100 מ""ל",false,,4.90,0.0490,true,1,1192955
7290008000796,false,משחת שיניים ילדים סו,כצט,IL,משחת שיניים סופרמן-כצט,מיליליטרים,50.00,"100 מ""ל",false,,11.90,0.2380,true,1,1192959
7290008000826,false,משחת שיניים ילדים בר,כצט,IL,"משחת שיניים ברבי 50 מ""ל",גרמים,50.00,100 גרם,false,,11.90,0.2380,true,1,1192962
7290008001502,false,מי פה אלמקס שטיפה,COLGATE PALMOLIVE,CH,אלמקס שטיפה דנטלית לרגישו,מיליליטרים,400.00,"100 מ""ל",false,,29.90,0.0747,true,1,1185628
7290008023542,false,פנטסטיק לריצפה 4 ליט,יוניליוור,IL,סיף רצפות יסמין 4 ל,ליטרים,4.00,ליטר,false,,19.90,4.9750,true,1,1188223
7290008104036,false,תחליב סבון לקטופיל,כצט,IL,לקטופיל תחליב סבון טיפולי,מיליליטרים,500.00,"100 מ""ל",false,,34.90,0.0698,true,1,1192967
7290008104050,false,סבון נוזלי פמינה,כצט,IL,"פמינה קלאסיק 220 מ""ל",מיליליטרים,220.00,"100 מ""ל",false,,19.90,0.0905,true,1,1192968
7290008116541,false,מי פה ליסטרין קול מי,,,מי פה ליסטרין קול מי,מיליליטרים,500.00,"100 מ""ל",false,,19.90,0.0398,true,1,1156979
7290008116565,false,מי פה ליסטרין פרש 50,,,מי פה ליסטרין פרש 50,מיליליטרים,500.00,"100 מ""ל",false,,19.90,0.0398,true,1,1156981
7290008116886,false,שמן אמבט בלנאום בייב,,,שמן אמבט בלנאום בייב,מיליליטרים,500.00,"100 מ""ל",false,,74.90,0.1498,true,1,1156985
7290008154222,false,שניצלונים ציפוי מעוד,עיצובים 2020 (4.9),IL,עוף טוב שניצלונים בציפוי,גרמים,700.00,100 גרם,false,,19.90,0.0284,true,1,1156181
7290008166010,false,לקט פיצוחים 200 גרם,,,לקט פיצוחים 200 גרם,גרמים,200.00,100 גרם,false,,15.90,0.0795,true,1,1182064
7290008166751,false,חמוציות 200 גרם,,,חמוציות 200 גרם,גרמים,200.00,100 גרם,false,,8.90,0.0445,true,1,1182085
7290008166775,false,בוטן מטוגן 200 גרם,,,בוטן מטוגן 200 גרם,גרמים,200.00,100 גרם,false,,7.90,0.0395,true,1,1182086
7290008175173,false,חמאה 200 גרם ללא תוס,,,חמאה 200 גרם ללא תוס,גרמים,200.00,100 גרם,false,,12.90,0.0645,true,1,1159300
7290008175814,false,פטריות חתוכות 400 גר,אוקוצמפ,PL,פטריות חתוך 400גרם- בד'צ,גרמים,400.00,100 גרם,false,,4.90,0.0123,true,1,1159308
7290008190985,false,לקקן בטעם גלידה 50יח,כרמית תעשיות ממתקים,IL,כרמית לקקן גלידה 50יח' כש,גרמים,450.00,100 גרם,false,,18.90,0.0420,true,1,1185639
7290008194266,false,מארזים מתוקים א.אטיא,,,מארזים מתוקים א.אטיא,גרמים,350.00,100 גרם,false,,14.90,0.0426,true,1,2074396
7290008194501,false,מארז קרמל מלוח א.אטי,,,מארז קרמל מלוח א.אטי,גרמים,250.00,100 גרם,false,,14.90,0.0596,true,1,2074413
7290008194761,false,מארז בוטנים חמוציות,,,מארז בוטנים חמוציות,גרמים,200.00,100 גרם,false,,14.90,0.0745,true,1,2074405
7290008330107,false,מרכך בדין 4 ליטר סגו,יוניליוור,IL,Badin Std Liquid Purple 4,ליטרים,4.00,ליטר,false,,19.90,4.9750,true,1,1188224
7290008335539,false,כיסונים במלית בשר-פל,,,כיסונים במלית בשר-פל,גרמים,600.00,100 גרם,false,,13.90,0.0232,true,1,2108225
7290008335546,false,"כיסונים במלית תפו""א-",,,"כיסונים במלית תפו""א-",גרמים,600.00,100 גרם,false,,13.90,0.0232,true,1,2108226
7290008343466,false,בצק פילו 500 גר'.,שגמור,IL,בצק פילו 500 גר',גרמים,500.00,100 גרם,false,,14.90,0.0298,true,1,1213710
7290008343503,false,ג'חנון אפוי 650 גרם,,,ג'חנון אפוי 650 גרם,גרמים,650.00,100 גרם,false,,15.90,0.0245,true,1,1939205
7290008343558,false,"סיגרים בשר 1 ק""ג",,,"סיגרים בשר 1 ק""ג",קילוגרמים,1.00,"ק""ג",false,,18.90,18.9000,true,1,1936089
7290008343565,false,"סיגרים תפו""א 1 קג",,,"סיגרים תפו""א 1 קג",קילוגרמים,1.00,"ק""ג",false,,18.90,18.9000,true,1,1936024
7290008343602,false,"קובה בשר 1 ק""ג",,,"קובה בשר 1 ק""ג",קילוגרמים,1.00,"ק""ג",false,,18.90,18.9000,true,1,1936091
7290008343626,false,כדורי פלאפל 1 קג,,,כדורי פלאפל 1 קג,קילוגרמים,1.00,"ק""ג",false,,18.90,18.9000,true,1,1936027
7290008345118,false,דג מקרל בשמן 240 גרם,,,דג מקרל בשמן 240 גרם,גרמים,240.00,100 גרם,false,,26.90,0.1121,true,1,1995519
7290008345132,false,דג הרניג כבוש 240 גר,,,דג הרניג כבוש 240 גר,גרמים,240.00,100 גרם,false,,24.90,0.1037,true,1,1995520
7290008345576,false,איקרה ביתית לבנה 300,,,איקרה ביתית לבנה 300,גרמים,300.00,100 גרם,false,,19.90,0.0663,true,1,1995521
7290008347211,false,אצבעות דג 700 גרם.,דלידג,IL,אצבעות דג 700 ג,גרמים,700.00,100 גרם,false,,19.90,0.0284,true,1,1177276
7290008409124,false,שניצל ג'ונגל מאמאעוף,,,שניצל ג'ונגל מאמאעוף,גרמים,700.00,100 גרם,false,,32.90,0.0470,true,1,1187540
7290008409216,false,שניצל דק דק פריך מאמ,,,שניצל דק דק פריך מאמ,גרמים,700.00,100 גרם,false,,39.90,0.0570,true,1,1187541
7290008409315,false,שניצלונים מיני דק דק,,,שניצלונים מיני דק דק,גרמים,500.00,100 גרם,false,,27.90,0.0558,true,1,1187545
7290008409407,false,שניצל דק דק צ'יפס מא,,,שניצל דק דק צ'יפס מא,גרמים,700.00,100 גרם,false,,39.90,0.0570,true,1,1187549
7290008409551,false,חזה עוף בציפוי מעודן,,,חזה עוף בציפוי מעודן,גרמים,700.00,100 גרם,false,,42.90,0.0613,true,1,1187556
7290008409582,false,חזה עוף בציפוי ביתי,,,חזה עוף בציפוי ביתי,גרמים,700.00,100 גרם,false,,42.90,0.0613,true,1,1187559
7290008409605,false,כוכבי עוף 700 גרם מא,,,כוכבי עוף 700 גרם מא,גרמים,700.00,100 גרם,false,,32.90,0.0470,true,1,1187560
7290008415071,false,חומוס עם טחינה 150 ג,צבר,IL,צבר חומוס עם טחינה 150 גר,גרמים,150.00,100 גרם,false,,4.90,0.0327,true,1,1156184
7290008415514,false,חומוס עם חריף 150 גר,צבר,IL,צבר חומוס עם חריף 150 גרם,גרמים,150.00,100 גרם,false,,4.90,0.0327,true,1,1156187
7290008423021,false,כמון טחון,,,כמון טחון,גרמים,400.00,100 גרם,false,,29.90,0.0747,true,1,2135329
7290008423045,false,תבלין קציצות,,,תבלין קציצות,גרמים,100.00,100 גרם,false,,13.90,0.1390,true,1,1181950
7290008423243,false,מלח הים האדום דק,,,מלח הים האדום דק,גרמים,650.00,100 גרם,false,,7.90,0.0122,true,1,1181956
7290008423250,false,מלח גס,,,מלח גס,גרמים,630.00,100 גרם,false,,7.90,0.0125,true,1,2135345
7290008443616,false,מרכך שיער נקה 7 לשיע,אמיליה קוסמטיקס,IL,מרכך נקה 7 לשיר יבש 750מ,מיליליטרים,750.00,"100 מ""ל",false,,11.90,0.0159,true,1,1191097
7290008443630,false,נקה 7 שמפו לשיער 750,אמיליה קוסמטיקס,IL,שמפו נקה7 שיער מתולתל750,מיליליטרים,750.00,"100 מ""ל",false,,11.90,0.0159,true,1,1191099
7290008443647,false,מרכך לשיער נקה 7 לשי,אמיליה קוסמטיקס,IL,מרכך נקה7 שיער מתולתל750,מיליליטרים,750.00,"100 מ""ל",false,,11.90,0.0159,true,1,1191100
7290008461283,false,צ'דר טריפל*200 גרם,,,צ'דר טריפל*200 גרם,גרמים,200.00,100 גרם,false,,20.90,0.1045,true,1,1421450
7290008462204,false,חרדל דז'ון מקורי MAI,,,חרדל דז'ון מקורי MAI,גרמים,380.00,100 גרם,false,,11.90,0.0313,true,1,1433369
7290008462259,false,חרדל דיז'ון גרגירים,,,חרדל דיז'ון גרגירים,גרמים,380.00,100 גרם,false,,13.90,0.0366,true,1,1433370
7290008464109,false,בירה גולדסטאר לא מסו,,,בירה גולדסטאר לא מסו,מיליליטרים,330.00,"100 מ""ל",false,,8.90,0.0270,true,1,1171634
7290008464130,false,שישייה בירה גולדסטאר,,,שישייה בירה גולדסטאר,ליטרים,1.98,ליטר,false,,39.90,20.1515,true,1,1171635
7290008464222,false,בירה מכבי 7.9 פחית 5,,,בירה מכבי 7.9 פחית 5,מיליליטרים,500.00,"100 מ""ל",false,,9.90,0.0198,true,1,1257157
7290008464345,false,בירה גולדסטאר בקבוק,,,בירה גולדסטאר בקבוק,מיליליטרים,330.00,"100 מ""ל",false,,6.90,0.0209,true,1,1171639
7290008464369,false,פחית פפסי קולה 330 מ,,,פחית פפסי קולה 330 מ,מיליליטרים,330.00,"100 מ""ל",false,,3.50,0.0106,true,1,1171640
7290008464390,false,פחית סבן אפ דיאט 330,,,פחית סבן אפ דיאט 330,מיליליטרים,330.00,"100 מ""ל",false,,3.50,0.0106,true,1,1171643
7290008464406,false,"פחית פפסי מקס 330 מ""",,,"פחית פפסי מקס 330 מ""",מיליליטרים,330.00,"100 מ""ל",false,,3.50,0.0106,true,1,1171644
7290008464468,false,בירה גולדסטאר בפחית,,,בירה גולדסטאר בפחית,מיליליטרים,500.00,"100 מ""ל",false,,8.90,0.0178,true,1,1171646
7290008464475,false,"מכבי פחיות 500 מ""ל.",,,"מכבי פחיות 500 מ""ל.",מיליליטרים,500.00,"100 מ""ל",false,,8.90,0.0178,true,1,1171647
7290008464505,false,מים סן בנדטו 0.5 ליט,,,מים סן בנדטו 0.5 ליט,מיליליטרים,500.00,"100 מ""ל",false,,4.90,0.0098,true,1,1171648
7290008464604,false,"היינקן פחית 500 מ""ל.",,,"היינקן פחית 500 מ""ל.",מיליליטרים,500.00,"100 מ""ל",false,,11.90,0.0238,true,1,1171650
7290008464673,false,"פחית גולדסטאר 500 מ""",,,"פחית גולדסטאר 500 מ""",מיליליטרים,500.00,"100 מ""ל",false,,9.90,0.0198,true,1,1842244
7290008464697,false,שישיית בירה מכבי 7.9,,,שישיית בירה מכבי 7.9,ליטרים,1.98,ליטר,false,,25.00,12.6263,true,1,1225174
7290008464703,false,מכבי מארז שישיה 330,,,מכבי מארז שישיה 330,ליטרים,1.98,ליטר,false,,25.00,12.6263,true,1,1171651
7290008464741,false,שישייה בירה גולדסטאר,,,שישייה בירה גולדסטאר,ליטרים,1.98,ליטר,false,,25.00,12.6263,true,1,1171652
7290008464796,false,הייניקן שישייה 330 מ,,,הייניקן שישייה 330 מ,ליטרים,1.98,ליטר,false,,32.90,16.6162,true,1,1171654
7290008469760,false,שריר בקר מס.8 קפוא,,,שריר בקר מס.8 קפוא,קילוגרמים,1.00,"ק""ג",true,,49.90,49.9000,true,1,2107965
7290008470759,false,מסטיק אורביט שמניות,,,מסטיק אורביט שמניות,גרמים,104.00,100 גרם,false,,14.90,0.1433,true,1,1184037
7290008470766,false,מסטיק אורביט שמניות,,,מסטיק אורביט שמניות,גרמים,104.00,100 גרם,false,,14.90,0.1433,true,1,1184038
7290008473057,false,מגבוני טו גו שלישיה,"ד""ר פישר Dr fischer",IL,קמיל בלו סנסטיב מגבונים 3,יח',90.00,יח',false,,15.90,0.1767,true,1,1198368
7290008482486,false,"מלאבי 112 ג""ר.",,,"מלאבי 112 ג""ר.",גרמים,112.00,100 גרם,false,,6.90,0.0616,true,1,1177367
7290008482561,false,פודינג אינסטנט,,,פודינג אינסטנט,גרמים,85.00,100 גרם,false,,4.90,0.0576,true,1,1177369
7290008482578,false,פודינג אינסטנט,,,פודינג אינסטנט,גרמים,85.00,100 גרם,false,,4.90,0.0576,true,1,1177370
7290008482585,false,אינסטנט פודינג ג'לי,,,אינסטנט פודינג ג'לי,גרמים,85.00,100 גרם,false,,4.90,0.0576,true,1,1177371
7290008482592,false,אינסטנט ג'לי תות,,,אינסטנט ג'לי תות,גרמים,85.00,100 גרם,false,,4.90,0.0576,true,1,1177372
7290008482639,false,"ג'יל תות בד""צ 500 גר",,,"ג'יל תות בד""צ 500 גר",גרמים,500.00,100 גרם,false,,14.90,0.0298,true,1,1177373
7290008493413,false,פירורי גריסיני 200 ג,מאיר בייגל,,פירורי גריסיני 200 ג,גרמים,200.00,100 גרם,false,,5.90,0.0295,true,1,1157340
7290008493710,false,פירורי גריסיני 200 ג,מאיר בייגל,,פירורי גריסיני 200 ג,גרמים,200.00,100 גרם,false,,5.90,0.0295,true,1,1225452
7290008611091,false,פילה סלמון מנות קפוא,,,פילה סלמון מנות קפוא,קילוגרמים,1.00,"ק""ג",true,,79.00,79.0000,true,1,2137483
7290008618007,false,פילה סלמון טרי פרוס,,,פילה סלמון טרי פרוס,קילוגרמים,1.00,"ק""ג",true,,120.00,120.0000,true,1,2074630
7290008618021,false,פילה דניס טרי ארוז מ,,,פילה דניס טרי ארוז מ,קילוגרמים,1.00,"ק""ג",true,,109.00,109.0000,true,1,2074632
7290008618045,false,פילה בס טרי ארוז מאס,,,פילה בס טרי ארוז מאס,קילוגרמים,1.00,"ק""ג",true,,99.00,99.0000,true,1,2074634
7290008634045,false,פלסטר ציבעוני,,,פלסטר ציבעוני,יח',30.00,יח',false,,5.90,0.1967,true,1,1169918
7290008634700,false,כפפות לאטקס XL,,,כפפות לאטקס XL,יח',100.00,יח',false,,18.90,0.1890,true,1,2017178
7290008636018,false,כפתורי שוקולד.,מיה תעשיות מזון,IL,כפתורי שוקולד גרם שמינייה,גרמים,320.00,100 גרם,false,,12.90,0.0403,true,1,2124200
7290008636209,false,כרכום,מיה תעשיות מזון,IL,כורכום 300גרם,גרמים,300.00,100 גרם,false,,19.90,0.0663,true,1,1181505
7290008636339,false,שבבי תפוחי אדמה,מיה תעשיות מזון,IL,שבבי תפוחי אדמה 400גרם,גרמים,400.00,100 גרם,false,,9.90,0.0248,true,1,1181507
7290008636919,false,קקאו הולנדי בשקית,מיה תעשיות מזון,IL,קקאו הולנדי 250גרם בשקית,גרמים,250.00,100 גרם,false,,10.90,0.0436,true,1,1181510
7290008636926,false,קקאו הולנדי בשקית,מיה תעשיות מזון,IL,קקאו הולנדי 500גרם בשקית,גרמים,500.00,100 גרם,false,,16.90,0.0338,true,1,1181511
7290008636933,false,אגוזי מלך גרוסים,מיה תעשיות מזון,IL,אגוזי מלך גרוסים 100גרם,גרמים,100.00,100 גרם,false,,10.90,0.1090,true,1,1181512
7290008636957,false,שקדים מולבנים גרוסים,מיה תעשיות מזון,IL,שקדים מולבנים גרוסים 100ג,גרמים,100.00,100 גרם,false,,10.90,0.1090,true,1,1181514
7290008636964,false,שקדים מולבנים שבבים,מיה תעשיות מזון,IL,שקדים מולבנים שבבים 100גר,גרמים,100.00,100 גרם,false,,10.90,0.1090,true,1,1181515
7290008636988,false,גרעיני חמניות קלופים,מיה תעשיות מזון,IL,גרעיני חמניה קלופים 100גר,גרמים,100.00,100 גרם,false,,2.90,0.0290,true,1,1181517
7290008636995,false,גרעיני דלעת קלופים,מיה תעשיות מזון,IL,גרעיני דלעת קלופים 100גרם,גרמים,100.00,100 גרם,false,,5.90,0.0590,true,1,1181518
7290008644112,false,מטבוחה יום יום אחלה,שטראוס,IL,מטבוחה יום יום 125 גר',גרמים,125.00,100 גרם,false,,4.50,0.0360,true,1,1188726
7290008644235,false,סלט מבחר עלי בייבי 1,שטראוס,IL,עלי בייבי 120 ג ירקות שטר,גרמים,120.00,100 גרם,false,,9.90,0.0825,true,1,1188727
7290008644945,false,סלט במושבה אחלה 450,שטראוס,IL,סלט המושבה 450 ג ירקות שט,גרמים,450.00,100 גרם,false,,11.90,0.0264,true,1,1188731
7290008645935,false,חומוס ניגוב אחלה 750,שטראוס,IL,חומוס 750  מ. כתומה,גרמים,750.00,100 גרם,false,,9.90,0.0132,true,1,1188735
7290008690713,false,נקטר חמוציות 1 ליטר,פריגת,IL,פריגתאושןספרי חמוציות1ליט,ליטרים,1.00,ליטר,false,,11.90,11.9000,true,1,1182498
7290008693134,false,מעדן דניאלה תות 88 ג,שטראוס,IL,דניאלה תות,גרמים,88.00,100 גרם,false,,3.90,0.0443,true,1,1188736
7290008745239,false,תפוצ'יפס 50 גרם אקסט,שטראוס,IL,תפו קראנצ טבעי 50,גרמים,50.00,100 גרם,false,,3.90,0.0780,true,1,1189940
7290008747547,false,תפוצ'יפס 200 גרם טבע,שטראוס,IL,תפו קראנצ טבעי 200,גרמים,200.00,100 גרם,false,,9.90,0.0495,true,1,1189942
7290008750264,false,מסטיק מאסט דובדבן,שטראוס,IL,MUST LL  פליפ. דובדבן,גרמים,28.00,100 גרם,false,,3.90,0.1393,true,1,1189396
7290008752244,false,תפוצ'יפס 50 גרם גריל,שטראוס,IL,תפו קראנצ גריל 50,גרמים,50.00,100 גרם,false,,3.90,0.0780,true,1,1189944
7290008753111,false,תפוצ'יפס 50 גרם מקסי,שטראוס,IL,תפו קראנצ מקסיקני 50,גרמים,50.00,100 גרם,false,,3.90,0.0780,true,1,1189946
7290008754415,false,מסטיק מאסט מנטה עדין,שטראוס,IL,כשלפ מסטיק MUST ספירמינט,גרמים,28.00,100 גרם,false,,3.90,0.1393,true,1,1189405
7290008754422,false,מסטיק מאסט מנטה קלאס,שטראוס,IL,Must  LL קלאסי פפרמינט,גרמים,28.00,100 גרם,false,,3.90,0.1393,true,1,1189406
7290008757980,false,ספרינג רימונים קרטונ,,,ספרינג רימונים קרטונ,ליטרים,1.00,ליטר,false,,6.60,6.6000,true,1,1172117
7290008775816,false,ערגליות שוקו 300 גרם,אסם תעשיות,IL,אסם ערגליות שוקו 300גרם,גרמים,300.00,100 גרם,false,,9.90,0.0330,true,1,1156191
7290008775823,false,ערגליות תות שדה.,אסם תעשיות,IL,אסם ערגליות תות  300גרם,גרמים,300.00,100 גרם,false,,9.90,0.0330,true,1,1156192
7290008775892,false,פסטה פרפקטו 500 גרם.,זארה,IT,פרפקטו לינגוויני 500 גרם,גרמים,500.00,100 גרם,false,,6.90,0.0138,true,1,1156193
7290008784542,false,ספוג רחצה קויוטה מסג,סודובסקי,IL,קויוטה  מסג,יחידה,0.00,יחידה,false,,7.90,0.0000,true,1,1159127
7290008801010,false,יין קברנה / מרלו,,,יין קברנה / מרלו,מיליליטרים,750.00,"100 מ""ל",false,,38.90,0.0519,true,1,1158805
7290008801157,false,יין מרלו סלקטד,,,יין מרלו סלקטד,מיליליטרים,750.00,"100 מ""ל",false,,24.90,0.0332,true,1,1158807
7290008801430,false,"תירוש ענבים 750 מ""ל",,,"תירוש ענבים 750 מ""ל",מיליליטרים,750.00,"100 מ""ל",false,,12.90,0.0172,true,1,1158809
7290008801461,false,יין הנצחון,,,יין הנצחון,מיליליטרים,750.00,"100 מ""ל",false,,18.90,0.0252,true,1,1911654
7290008801478,false,יין טופז זהב,,,יין טופז זהב,מיליליטרים,750.00,"100 מ""ל",false,,18.90,0.0252,true,1,1158812
7290008801522,false,יין קונקורד,,,יין קונקורד,מיליליטרים,750.00,"100 מ""ל",false,,18.90,0.0252,true,1,1158813
7290008801539,false,יין כרמל,,,יין כרמל,מיליליטרים,750.00,"100 מ""ל",false,,18.90,0.0252,true,1,1158814
7290008801843,false,יין קברנה סוביניון ס,,,יין קברנה סוביניון ס,מיליליטרים,750.00,"100 מ""ל",false,,24.90,0.0332,true,1,1158816
7290008801850,false,יין אמרלנד רזלינג,,,יין אמרלנד רזלינג,מיליליטרים,750.00,"100 מ""ל",false,,24.90,0.0332,true,1,1158817
7290008802291,false,יין מרלו,,,יין מרלו,מיליליטרים,750.00,"100 מ""ל",false,,38.90,0.0519,true,1,1158818
7290008802895,false,יין קברנה סוביניון,,,יין קברנה סוביניון,מיליליטרים,750.00,"100 מ""ל",false,,38.90,0.0519,true,1,1158821
7290008803014,false,יין כרמל הוק,,,יין כרמל הוק,מיליליטרים,750.00,"100 מ""ל",false,,19.90,0.0265,true,1,1158822
7290008804332,false,יין שיראז,,,יין שיראז,מיליליטרים,750.00,"100 מ""ל",false,,38.90,0.0519,true,1,1158829
7290008804462,false,יין מוסקט קינוח,,,יין מוסקט קינוח,מיליליטרים,500.00,"100 מ""ל",false,,38.90,0.0778,true,1,1158833
7290008805049,false,יין רוזה חצי יבש,,,יין רוזה חצי יבש,מיליליטרים,750.00,"100 מ""ל",false,,24.90,0.0332,true,1,1158838
7290008805520,false,יין קברנה /מרלו,,,יין קברנה /מרלו,מיליליטרים,750.00,"100 מ""ל",false,,24.90,0.0332,true,1,1158840
7290008806961,false,גלידה קרמיסימו 1.33,גלידות שטראוס,IL,קרמ' 1.33 פרה פסח,ליטרים,1.33,ליטר,false,,19.90,14.9624,true,1,1184277
7290008807012,false,יין מוסקט,בנימינה Binyamina,IL,טבע מוסקט חצי יבש N,מיליליטרים,750.00,"100 מ""ל",false,,24.90,0.0332,true,1,1193897
7290008807029,false,יין ריזלינג,בנימינה Binyamina,IL,טבע אמרלד ריזלינג N,מיליליטרים,750.00,"100 מ""ל",false,,24.90,0.0332,true,1,1193898
7290008807050,false,יין קברנה סובניון,בנימינה Binyamina,IL,טבע קברנה סוביניון N,מיליליטרים,750.00,"100 מ""ל",false,,24.90,0.0332,true,1,1193899
7290008807067,false,יין מרלו,בנימינה Binyamina,IL,טבע מרלו N 750,מיליליטרים,750.00,"100 מ""ל",false,,24.90,0.0332,true,1,1193900
7290008807128,false,יין יוגב קברנה סובני,,,יין יוגב קברנה סובני,מיליליטרים,750.00,"100 מ""ל",false,,39.90,0.0532,true,1,2146069
7290008807289,false,ייו קיסריה,בנימינה Binyamina,IL,קיסריה יין אדום מתוק 750מ,מיליליטרים,750.00,"100 מ""ל",false,,14.90,0.0199,true,1,1193906
7290008807654,false,יין לבן רזרב סוביניו,,,יין לבן רזרב סוביניו,מיליליטרים,750.00,"100 מ""ל",false,,49.90,0.0665,true,1,1193917
7290008834117,false,סטייק אנטריקוט טרי,,,סטייק אנטריקוט טרי,קילוגרמים,1.00,"ק""ג",true,,129.00,129.0000,true,1,1190604
7290008834674,false,טחון טרי עם כבש,,,טחון טרי עם כבש,קילוגרמים,1.00,"ק""ג",true,,89.90,89.9000,true,1,1190614
7290008834704,false,אוסובוקו עגל טרי,,,אוסובוקו עגל טרי,קילוגרמים,1.00,"ק""ג",true,,39.90,39.9000,true,1,1190615
7290008834711,false,פילה מדומה טרי,,,פילה מדומה טרי,קילוגרמים,1.00,"ק""ג",true,,59.90,59.9000,true,1,1190616
7290008834759,false,צוואר טרי,,,צוואר טרי,קילוגרמים,1.00,"ק""ג",true,,69.00,69.0000,true,1,1190620
7290008834766,false,בקר טחון טרי,,,בקר טחון טרי,קילוגרמים,1.00,"ק""ג",true,,59.90,59.9000,true,1,1190621
7290008834834,false,טחון עוף,,,טחון עוף,קילוגרמים,1.00,"ק""ג",true,,34.90,34.9000,true,1,1190625
7290008834841,false,חזה הודו טחון,,,חזה הודו טחון,קילוגרמים,1.00,"ק""ג",true,,44.90,44.9000,true,1,1190626
7290008834889,false,בשר ראש טרי,,,בשר ראש טרי,קילוגרמים,1.00,"ק""ג",true,,69.90,69.9000,true,1,1190630
7290008834902,false,זנב עגל טרי,,,זנב עגל טרי,קילוגרמים,1.00,"ק""ג",true,,69.00,69.0000,true,1,1190632
7290008834919,false,רוטפלש(נתח קצבים),,,רוטפלש(נתח קצבים),קילוגרמים,1.00,"ק""ג",true,,149.00,149.0000,true,1,1190633
7290008835831,false,פרגיות קוביות,,,פרגיות קוביות,קילוגרמים,1.00,"ק""ג",true,,79.90,79.9000,true,1,1190635
7290008835879,false,בשר צלעות טרי,,,בשר צלעות טרי,קילוגרמים,1.00,"ק""ג",true,,79.90,79.9000,true,1,1190636
7290008849470,false,ממרח פלפל צו'מה,אוליביה,IL,פלפל צומה 185 ג,גרמים,185.00,100 גרם,false,,12.90,0.0697,true,1,1159596
7290008849586,false,רוטב ריבת בצל,אוליביה,IL,רוטב לעוף ריבת בצל,גרמים,310.00,100 גרם,false,,12.90,0.0416,true,1,1159600
7290008849661,false,ממרח עגבניות מיובשות,,,ממרח עגבניות מיובשות,גרמים,180.00,100 גרם,false,,9.90,0.0550,true,1,1717869
7290008849739,false,רוטב סויה קלאסית,אוליביה,IL,רוטב סויה אמיתי,מיליליטרים,290.00,"100 מ""ל",false,,12.90,0.0445,true,1,1159602
7290008849845,false,אריסה פיקנטית-אוליבי,,,אריסה פיקנטית-אוליבי,גרמים,185.00,100 גרם,false,,9.90,0.0535,true,1,1717872
7290008909853,false,"ZERO קולה 500 מ""ל",קוקה קולה Coca Cola,IL,קולה ZERO בקבוק 500 מל,מיליליטרים,500.00,"100 מ""ל",false,,6.90,0.0138,true,1,1182509
7290008989091,false,פריכיות אריזת חסכון,בטר אנד דיפרנט B&D,IL,פריכיות שלישיות אריזת חסכ,גרמים,310.00,100 גרם,false,,11.90,0.0384,true,1,1194638
7290008989282,false,שמן פשתן 250 גר',בטר אנד דיפרנט B&D,IL,"שמן פשתן 250 מ""ל",גרמים,250.00,100 גרם,false,,19.90,0.0796,true,1,1194640
7290008989473,false,ממרח חרובים בטעם שוק,בטר אנד דיפרנט B&D,IL,ממרח חרובים בטעם שוקולד 3,גרמים,350.00,100 גרם,false,,12.90,0.0369,true,1,1194643
7290008989749,false,פירכיות קינואה 200 ג,,,פירכיות קינואה 200 ג,גרמים,200.00,100 גרם,false,,10.90,0.0545,true,1,1194652
7290010023141,false,תה חליטת צמחים לימונ,ויסוצקי,IL,חליטת לימונענע,גרמים,55.00,100 גרם,false,,16.90,0.3073,true,1,1186298
7290010023622,false,תה ויסוצקי100-ש,ויסוצקי,IL,תה ויסוצקי קלאסי בנגיעות,גרמים,100.00,100 גרם,false,,19.90,0.1990,true,1,1186300
7290010042876,false,חמוציות קפוא 300 גרם,,,חמוציות קפוא 300 גרם,גרמים,300.00,100 גרם,false,,9.90,0.0330,true,1,1854464
7290010045006,false,עוגיות חמאה פריכות מ,לחמי,IL,עוגיות חמאה פריכות,גרמים,200.00,100 גרם,false,,18.90,0.0945,true,1,1186305
7290010045051,false,עוגיות מלבן שקדים מש,לחמי,IL,עוגיות מלבן שקדים,גרמים,200.00,100 גרם,false,,18.90,0.0945,true,1,1186308
7290010049004,false,מרמולייט תרכיז ענבים,זנלכל,IL,מרמולייט סירופ בטעם ענבים,ליטרים,1.00,ליטר,false,,19.90,19.9000,true,1,1199863
7290010049028,false,מרמולייט תרכיז פטל ד,זנלכל,IL,מרמולייט סירופ בטעם פטל 1,ליטרים,1.00,ליטר,false,,19.90,19.9000,true,1,1199865
7290010065059,false,מחית תפוח אגס ובננה,fruta,CZ,ג'וניור פירות מעור.190 ג',גרמים,190.00,100 גרם,false,,5.90,0.0311,true,1,1159659
7290010065295,false,מחית פרינוק בננה 130,fruta,CZ,מחית תפ'ע+בננה 130ג'ירוק,גרמים,130.00,100 גרם,false,,4.90,0.0377,true,1,1159664
7290010065332,false,מחית פרינוק תפע+בננה,fruta,CZ,ג'וניור תפ'ע בננה 190 ג',גרמים,190.00,100 גרם,false,,5.90,0.0311,true,1,1159668
7290010065721,false,מחית פרינוק לפתן פיר,fruta,CZ,מחית לפתן פירות 130 ג' יר,גרמים,130.00,100 גרם,false,,4.90,0.0377,true,1,1159677
7290010065745,false,מחית פרינוק לפתן פיר,fruta,CZ,ג'וניור לפתן פירות 190 ג',גרמים,190.00,100 גרם,false,,5.90,0.0311,true,1,1159679
7290010116980,false,שוקולית 850 גרם,שטראוס,IL,שוקולית 850 גרם 6 יח,גרמים,850.00,100 גרם,false,,18.90,0.0222,true,1,1189443
7290010117864,false,דוריטוס 70 גרם חריף,שטראוס,IL,דוריטוס חריף אש 70 גרם,גרמים,70.00,100 גרם,false,,3.50,0.0500,true,1,1189959
7290010117970,false,בוטנים סבבה עלית טבע,,,בוטנים סבבה עלית טבע,גרמים,50.00,100 גרם,false,,2.00,0.0400,true,1,1189960
7290010118328,false,מארז תפוצ'יפס 6*40,שטראוס,IL,מארז תפוציפס 240*6ג/1מארז,גרמים,240.00,100 גרם,false,,12.90,0.0538,true,1,1189962
7290010153534,false,קמח תירס,מיה תעשיות מזון,IL,קמח תירס 400גרם,גרמים,400.00,100 גרם,false,,3.90,0.0097,true,1,1181521
7290010153770,false,ציפוי לשניצל פיקנטי.,מיה תעשיות מזון,IL,ציפוי לשניצל פיקנטי 500גר,גרמים,500.00,100 גרם,false,,9.90,0.0198,true,1,1181528
7290010153794,false,ציפוי לשניצל עם עשבי,מיה תעשיות מזון,IL,ציפוי לשניצל עם עשבי תיבו,גרמים,500.00,100 גרם,false,,9.90,0.0198,true,1,1181530
7290010153800,false,ציפוי לשניצל עם תיבו,מיה תעשיות מזון,IL,ציפוי לשניצל עם תיבול עדי,גרמים,500.00,100 גרם,false,,9.90,0.0198,true,1,1181531
7290010153817,false,ריבת חלב מחלב אמיתי,מיה תעשיות מזון,IL,ריבת חלב בד''ץ,גרמים,400.00,100 גרם,false,,10.90,0.0273,true,1,1181532
7290010153855,false,פפריקה מרוקאית השמן,מיה תעשיות מזון,IL,פפריקה מרוקאית בשמן 300גר,גרמים,300.00,100 גרם,false,,19.90,0.0663,true,1,1181535
7290010154425,false,סחוג ירוק 130 גרם,,,סחוג ירוק 130 גרם,יחידה,0.00,יחידה,false,,7.90,0.0000,true,1,1864392
7290010154548,false,ממרח שום ביטון יוחאי,,,ממרח שום ביטון יוחאי,גרמים,235.00,100 גרם,false,,12.90,0.0549,true,1,1864393
7290010154555,false,ממרח לימון כבוש 250ג,,,ממרח לימון כבוש 250ג,גרמים,250.00,100 גרם,false,,12.90,0.0516,true,1,1864394
7290010161669,false,דאודורנט ספריי אדם P,זוהר קוסמטיקס,IL,דאו אדם פרימייר,מיליליטרים,200.00,"100 מ""ל",false,,14.90,0.0745,true,1,1183582
7290010175819,false,חמאת בוטנים,,,חמאת בוטנים,גרמים,510.00,100 גרם,false,,9.90,0.0194,true,1,1180905
7290010175826,false,חמאת בוטנים עם שברי,,,חמאת בוטנים עם שברי,גרמים,510.00,100 גרם,false,,9.90,0.0194,true,1,1180906
7290010175840,false,לבבות דקל שלם 400 גר,,,לבבות דקל שלם 400 גר,גרמים,400.00,100 גרם,false,,10.90,0.0273,true,1,1180908
7290010175857,false,פרוסות לבבות דקל 400,,,פרוסות לבבות דקל 400,גרמים,400.00,100 גרם,false,,9.90,0.0248,true,1,1180909
7290010192144,false,סלרי חתוך,,,סלרי חתוך,יחידה,0.00,יחידה,false,,4.90,0.0000,true,1,2054395
7290010195268,false,פופקורן פופסטאר טבעי,Preston farms,US,פופסטאר מופחת שומן טבעי 5,גרמים,500.00,100 גרם,false,,12.90,0.0258,true,1,1199877
7290010195275,false,פופקורן פופסטאר חמאה,Preston farms,US,פופסטאר מופחת שומן חמאה 5,גרמים,500.00,100 גרם,false,,12.90,0.0258,true,1,1199878
7290010199891,false,אל סבון ארומטי משאבה,רקסאן,TR,סבון ידיים תה ירוק,מיליליטרים,500.00,"100 מ""ל",false,,8.90,0.0178,true,1,1193013
7290010234769,false,דאודורנט איזבלה,ביסקול תמרוקים,IL,דאודורנט איזבלה,מיליליטרים,200.00,"100 מ""ל",false,,15.90,0.0795,true,1,1194500
7290010259311,false,קרם קוקוס 400 גרם,,,קרם קוקוס 400 גרם,גרמים,400.00,100 גרם,false,,7.90,0.0198,true,1,1683205
7290010259823,false,מנת השף-מרק עם נודלס,נמצ'או,TH,מנת השף- מרק עם נודלס בטע,גרמים,70.00,100 גרם,false,,4.90,0.0700,true,1,1159343
7290010259847,false,מנת השף-מרק עם נודלס,נמצ'או,TH,מנת השף- מרק עם נודלס בטע,גרמים,70.00,100 גרם,false,,4.90,0.0700,true,1,1159345
7290010259861,false,מנת השף-מרק עם נודלס,נמצ'או,TH,מנת השף -מרק עם נודלס בטע,גרמים,70.00,100 גרם,false,,4.90,0.0700,true,1,1159347
7290010259977,false,שמן קנולה מזוכך 1 לי,,,שמן קנולה מזוכך 1 לי,ליטרים,1.00,ליטר,false,,9.90,9.9000,true,1,2094035
7290010259991,false,צנימים 250 גרם .,דן קייק,PT,צנימים 250גרם,גרמים,250.00,100 גרם,false,,7.90,0.0316,true,1,1159351
7290010300471,false,חוט דנטלי עם שעווה 5,,,חוט דנטלי עם שעווה 5,מטרים,50.00,מטר,false,,8.90,0.1780,true,1,1177390
7290010300518,false,קווקר בשקית.,,,קווקר בשקית.,גרמים,500.00,100 גרם,false,,7.90,0.0158,true,1,1177392
7290010300594,false,גלטין טהור קופסא,,,גלטין טהור קופסא,גרמים,24.00,100 גרם,false,,11.90,0.4958,true,1,1177393
7290010300860,false,"אציטון 100 מ""ל",,,"אציטון 100 מ""ל",מיליליטרים,100.00,"100 מ""ל",false,,4.90,0.0490,true,1,1905026
7290010328093,false,ממרח חלווה 400 גרם,"אחדות ביח""ר לטחינה ח",IL,ממרח חלוה 400 גרם,גרמים,400.00,100 גרם,false,,10.90,0.0273,true,1,1157161
7290010328178,false,חלוה מסולסלת 250 גר,"אחדות ביח""ר לטחינה ח",IL,חלוה מסולסלת 250 גרם,גרמים,250.00,100 גרם,false,,9.90,0.0396,true,1,1996337
7290010328345,false,חלוה בטעם וניל  50 ג,,,חלוה בטעם וניל  50 ג,גרמים,50.00,100 גרם,false,,1.90,0.0380,true,1,1991963
7290010328468,false,מאגדת חטיפי מיני חלו,"אחדות ביח""ר לטחינה ח",IL,חטיפי מיני חלוה בטעמים 18,יח',18.00,יח',false,,8.90,0.4944,true,1,1157167
7290010328505,false,מאגדת חטיפי מיני חלו,"אחדות ביח""ר לטחינה ח",IL,חטיפי מיני חלוה ללא תוספת,גרמים,150.00,100 גרם,false,,8.90,0.0593,true,1,1157169
7290010328680,false,עוגה שוקולד צ'יפס מר,"אחדות ביח""ר לטחינה ח",IL,עוגה בטעם שוקולד עם שוקוצ,גרמים,450.00,100 גרם,false,,8.90,0.0198,true,1,1229672
7290010328710,false,קצפיות במגש 180 גרם,,,קצפיות במגש 180 גרם,גרמים,180.00,100 גרם,false,,7.90,0.0439,true,1,2044051
7290010328727,false,ממרח טחינה עם שוקולד,,,ממרח טחינה עם שוקולד,גרמים,400.00,100 גרם,false,,10.90,0.0273,true,1,1996651
7290010328765,false,חלוה בטעם שוקו וניל,,,חלוה בטעם שוקו וניל,גרמים,50.00,100 גרם,false,,1.90,0.0380,true,1,1991964
7290010328796,false,עוגה בטעם שוקולד 350,,,עוגה בטעם שוקולד 350,גרמים,350.00,100 גרם,false,,6.90,0.0197,true,1,1996383
7290010328819,false,ממרח שומשום בטעם שוק,,,ממרח שומשום בטעם שוק,גרמים,400.00,100 גרם,false,,10.90,0.0273,true,1,1349955
7290010329854,false,עוגיות מיני קוקיס בט,,,עוגיות מיני קוקיס בט,גרמים,600.00,100 גרם,false,,18.90,0.0315,true,1,1285810
7290010382811,false,קרם לחות קלילה לשיער,,,קרם לחות קלילה לשיער,מיליליטרים,300.00,"100 מ""ל",false,,24.90,0.0830,true,1,1191193
7290010382828,false,קרם לחות קלילה לשיער,אמיליה קוסמטיקס,IL,קרם לחות קליל-יבש 400מל,מיליליטרים,300.00,"100 מ""ל",false,,24.90,0.0830,true,1,1191194
7290010429554,false,שמן זית כתית 2 קלאסי,שטראוס,IL,"שמן זית 2 קלאסי 750 מ""ל",מיליליטרים,750.00,"100 מ""ל",false,,33.90,0.0452,true,1,1189450
7290010471669,false,דנונה בר תות קורנפלק,שטראוס,IL,בר תות קורנפלקס בודד- מקט,גרמים,175.00,100 גרם,false,,4.50,0.0257,true,1,1188754
7290010472307,false,מארז 8 משקה גמדים תו,שטראוס,IL,8 גמדים לשתייה תות בננה,גרמים,864.00,100 גרם,false,,18.90,0.0219,true,1,1188758
7290010535408,false,מארז קופסאות למברשת,מיה טריידינג,CN,"זוג  קופ""  למברשת שיניים",יחידה,0.00,יחידה,false,,9.90,0.0000,true,1,1159132
7290010535699,false,חוט דנטאלי 50 מטר רפ,מיה טריידינג,CN,חוט דנטאלי  50  מטר  מנטה,מטרים,50.00,מטר,false,,9.90,0.1980,true,1,1159137
7290010548514,false,עשבי תיבול לבישול אי,עיצובים 2020 (3.8),IL,תערובת איטלקית 70 גרם,גרמים,70.00,100 גרם,false,,9.90,0.1414,true,1,1156260
7290010561445,false,ברילי פיתות,,,ברילי פיתות,גרמים,420.00,100 גרם,false,,19.90,0.0474,true,1,2043046
7290010561490,false,לחמניות המבורגר ללא,,,לחמניות המבורגר ללא,גרמים,360.00,100 גרם,false,,19.90,0.0553,true,1,1292377
7290010609727,false,פופס קידס-שלוקים מאר,,,פופס קידס-שלוקים מאר,מיליליטרים,2240.00,"100 מ""ל",false,,13.90,0.0062,true,1,1182838
7290010609734,false,אייס לי שלוקים 8 יח',,,אייס לי שלוקים 8 יח',מיליליטרים,800.00,"100 מ""ל",false,,4.90,0.0061,true,1,1408879
7290010609864,false,טרופיקס משקה ענבים,,,טרופיקס משקה ענבים,ליטרים,8.00,ליטר,false,,34.90,4.3625,true,1,1408866
7290010613823,false,נוזל לניקוי כלים 1.6,,,נוזל לניקוי כלים 1.6,ליטרים,1.60,ליטר,false,,14.90,9.3125,true,1,2085034
7290010613830,false,נוזל לניקוי כלים 1.6,,,נוזל לניקוי כלים 1.6,ליטרים,1.60,ליטר,false,,14.90,9.3125,true,1,2085035
7290010613892,false,תרסיס לניקוי כללי בת,,,תרסיס לניקוי כללי בת,ליטרים,1.00,ליטר,false,,12.90,12.9000,true,1,2065165
7290010613939,false,תרסיס לניקוי כללי בת,,,תרסיס לניקוי כללי בת,ליטרים,1.00,ליטר,false,,12.90,12.9000,true,1,2065166
7290010627004,false,טחינה גולמית ירושלים,,,טחינה גולמית ירושלים,גרמים,500.00,100 גרם,false,,12.90,0.0258,true,1,1336682
7290010627844,false,טחינה גולמית ירושלים,,,טחינה גולמית ירושלים,גרמים,500.00,100 גרם,false,,12.90,0.0258,true,1,1336683
7290010632787,false,צימרוני אוזנים מעץ 3,,,צימרוני אוזנים מעץ 3,יח',300.00,יח',false,,3.50,0.0117,true,1,1169976
7290010650019,false,אנדיב בלגי,,,אנדיב בלגי,יחידה,0.00,יחידה,false,,11.90,0.0000,true,1,1195150
7290010650033,false,בצלצלי שאלוט,,,בצלצלי שאלוט,יחידה,0.00,יחידה,false,,12.90,0.0000,true,1,1195152
7290010650040,false,פטריות שי-טאקה,,,פטריות שי-טאקה,גרמים,100.00,100 גרם,false,,8.90,0.0890,true,1,1195153
7290010650064,false,פטריות יער מיובשות,,,פטריות יער מיובשות,יחידה,0.00,יחידה,false,,7.90,0.0000,true,1,1170188
7290010650088,false,שמפניון מיובשות,,,שמפניון מיובשות,יח',1.00,יח',false,,7.90,7.9000,true,1,1170189
7290010650255,false,לקט פטריות למרק,,,לקט פטריות למרק,קילוגרמים,1.00,"ק""ג",false,,14.90,14.9000,true,1,1170191
7290010650408,false,בצלצלי פנינה,,,בצלצלי פנינה,גרמים,400.00,100 גרם,false,,9.90,0.0248,true,1,1704636
7290010650576,false,פטריות שינוקי,,,פטריות שינוקי,יחידה,0.00,יחידה,false,,9.90,0.0000,true,1,1195170
7290010650828,false,פטריות שי-מג'י לבן,,,פטריות שי-מג'י לבן,גרמים,150.00,100 גרם,false,,9.90,0.0660,true,1,1778804
7290010650996,false,פטריות שי-מג'י חום,,,פטריות שי-מג'י חום,גרמים,150.00,100 גרם,false,,9.90,0.0660,true,1,2072809
7290010748860,false,"קרם יד אפקטיב 150 מ""","ד""ר פישר Dr fischer",IL,אפקטיב קר קרם ידיים אינטנ,מיליליטרים,150.00,"100 מ""ל",false,,11.90,0.0793,true,1,1198384
7290010757893,false,בורקס תפוא ללא גלוטן,,,בורקס תפוא ללא גלוטן,גרמים,500.00,100 גרם,false,,19.90,0.0398,true,1,2103184
7290010757909,false,בורקס גבינה ללא גלוט,,,בורקס גבינה ללא גלוט,גרמים,500.00,100 גרם,false,,19.90,0.0398,true,1,2103185
7290010757916,false,בורקס פיצה ללא גלוטן,,,בורקס פיצה ללא גלוטן,גרמים,500.00,100 גרם,false,,19.90,0.0398,true,1,2103186
7290010757923,false,ריבועי בצק עלים ללא,,,ריבועי בצק עלים ללא,גרמים,450.00,100 גרם,false,,17.90,0.0398,true,1,2103196
7290010757947,false,בורקס פטריות ללא גלו,,,בורקס פטריות ללא גלו,גרמים,500.00,100 גרם,false,,19.90,0.0398,true,1,2103188
7290010757961,false,ג'חנון ללא גלוטן 450,,,ג'חנון ללא גלוטן 450,גרמים,450.00,100 גרם,false,,19.90,0.0442,true,1,2103190
7290010760688,false,בצק פילאס מגולגל 600,,,בצק פילאס מגולגל 600,גרמים,600.00,100 גרם,false,,14.90,0.0248,true,1,2080902
7290010760749,false,"מארז 6 לחמניות כשל""פ",,,"מארז 6 לחמניות כשל""פ",יחידה,0.00,יחידה,false,,15.90,0.0000,true,1,1187656
7290010760947,false,עוגיות בדלי בטעמים ש,,,עוגיות בדלי בטעמים ש,גרמים,600.00,100 גרם,false,,15.90,0.0265,true,1,1187657
7290010766185,false,רוטב לפסטה עגבניות ב,אוליביה,IL,רוטב לפסטה עג.בזיליקום,גרמים,420.00,100 גרם,false,,12.90,0.0307,true,1,1159686
7290010766307,false,רוטב לפסטה בלונז 420,אוליביה,IL,רוטב לפסטה בולונז,גרמים,420.00,100 גרם,false,,12.90,0.0307,true,1,1159688
7290010766697,false,רוטב שקשוקה,אוליביה,IL,רוטב שקשוקה,גרמים,415.00,100 גרם,false,,12.90,0.0311,true,1,1159689
7290010766734,false,רוטב פיצה,אוליביה,IL,רוטב פיצה,מיליליטרים,415.00,"100 מ""ל",false,,12.90,0.0311,true,1,1159690
7290010766949,false,ממרח ארטישוק,אוליביה,IL,ממרח ארטישוק,גרמים,180.00,100 גרם,false,,12.90,0.0717,true,1,1159692
7290010766956,false,ממרח פלפל גמבה,אוליביה,IL,ממרח פלפלים מתוקים אדומים,גרמים,190.00,100 גרם,false,,12.90,0.0679,true,1,1159693
7290010770762,false,מברשת שניים אקווה פר,גלקסו סמית קליין,DE,א.פרש מברשת פלקס,יח',1.00,יח',false,,4.90,4.9000,true,1,1193021
7290010814268,false,טבליות שוקולד לבן  ש,כרמית תעשיות ממתקים,IL,כרמית שוקולד לבן שלשות 85,גרמים,255.00,100 גרם,false,,11.90,0.0467,true,1,1185821
7290010838219,false,מרמולייט סטיביה 100,קיפל,IL,מר' סטיביה 100שקיות,יח',100.00,יח',false,,25.90,0.2590,true,1,1199881
7290010838424,false,"זוג ט.דאק 750 מ""ל יר",Jonson ג'ונסון,NL,טואלט דאק * 750זוג *ירוק,מיליליטרים,1500.00,"מ""ל",false,,19.90,0.0133,true,1,1199882
7290010838431,false,"זוג ט.דאק 750 מ""ל כח",Jonson ג'ונסון,NL,טואלט דאק * 750זוג *כחול,מיליליטרים,1500.00,"מ""ל",false,,19.90,0.0133,true,1,1199883
7290010849512,false,יין למברוסקו מבעבע,,,יין למברוסקו מבעבע,מיליליטרים,750.00,"100 מ""ל",false,,29.90,0.0399,true,1,1181293
7290010849529,false,יין למברוסקו מבעבע,,,יין למברוסקו מבעבע,מיליליטרים,750.00,"100 מ""ל",false,,29.90,0.0399,true,1,1181294
7290010883042,false,סנובון נוזלי לאסלות,סנו,IL,סנובון נוזלי רענן 750 מל,מיליליטרים,750.00,"100 מ""ל",false,,9.90,0.0132,true,1,1167628
7290010883356,false,כפפות אלוורה מרופדות,Z.H.RUBBER,CN,XL סנו סושי כפפות אלוורה,יח',1.00,יח',false,,9.90,9.9000,true,1,1167630
7290010883363,false,זוג כפפות אלוורה מרו,Z.H.RUBBER,CN,S סנו סושי כפפות אלוורה,יח',1.00,יח',false,,9.90,9.9000,true,1,1167631
7290010883370,false,זוג כפפות אלוורה מרו,Z.H.RUBBER,CN,M סנו סושי כפפות אלוורה,יח',1.00,יח',false,,9.90,9.9000,true,1,1167632
7290010931330,false,מטבוחה אחלה 500 גרם,שטראוס,IL,מטבוחה 500,גרמים,500.00,100 גרם,false,,13.90,0.0278,true,1,1188763
7290010945146,false,קוטג' 3% טרה 250 גרם,טרה,IL,קוטג' 3% 250 גרם- נעמ,גרמים,250.00,100 גרם,false,,5.40,0.0216,true,1,1176173
7290010945450,false,גבינה לבנה 3% 250 גר,טרה,IL,גבינה לבנה 250 גרם 3% מהד,גרמים,250.00,100 גרם,false,,4.95,0.0198,true,1,1176175
7290010945481,false,גבינה לבנה 5% 500 גר,טרה,IL,גבינה לבנה 500 גרם 5%,גרמים,500.00,100 גרם,false,,9.90,0.0198,true,1,1176176
7290010970063,false,שמן שומשום כבישה קרה,טעמים,IL,שמן שומשום 500 מל,מיליליטרים,500.00,"100 מ""ל",false,,39.90,0.0798,true,1,1214092
7290010970193,false,סילאן 100% תמרים 900,,,סילאן 100% תמרים 900,גרמים,900.00,100 גרם,false,,19.90,0.0221,true,1,1336094
7290010970216,false,חומץ בלסמי איטלקי,טעמים,IL,חומץ בלסמי  500 מל,מיליליטרים,500.00,"100 מ""ל",false,,19.90,0.0398,true,1,1199032
7290010970223,false,חומץ יין אדום,טעמים,IL,חומץ יין אדום  500 מל,מיליליטרים,500.00,"100 מ""ל",false,,10.90,0.0218,true,1,1199033
7290010970254,false,חומץ יין לבן,טעמים,IL,חומץ יין לבן   500 מל,מיליליטרים,500.00,"100 מ""ל",false,,10.90,0.0218,true,1,1199034
7290010970346,false,תמרים מרוסקים 500 גר,,,תמרים מרוסקים 500 גר,גרמים,500.00,100 גרם,false,,12.90,0.0258,true,1,2059000
7290010970407,false,חומץ תפוחים בלסמי 50,,,חומץ תפוחים בלסמי 50,מיליליטרים,500.00,"100 מ""ל",false,,19.90,0.0398,true,1,2059001
7290010970520,false,תרסיס שמן קנולה חמאה,טעמים,IL,שמן בטעם חמאה בתרסיס  200,גרמים,200.00,100 גרם,false,,19.90,0.0995,true,1,1199038
7290010970650,false,"קרם בלסמי 250 מ""ל",,,"קרם בלסמי 250 מ""ל",מיליליטרים,250.00,"100 מ""ל",false,,19.90,0.0796,true,1,1335450
7290010970735,false,ממרח ארטישוק 180 כאם,,,ממרח ארטישוק 180 כאם,גרמים,180.00,100 גרם,false,,12.90,0.0717,true,1,1428889
7290010970742,false,ממרח פלפלים 180 גרם,,,ממרח פלפלים 180 גרם,גרמים,180.00,100 גרם,false,,12.90,0.0717,true,1,1426720
7290010970773,false,סילאן תמרים טבעי בקב,,,סילאן תמרים טבעי בקב,גרמים,350.00,100 גרם,false,,12.90,0.0369,true,1,2059003
7290010970971,false,תרסיס שמן זית 200 גר,,,תרסיס שמן זית 200 גר,גרמים,200.00,100 גרם,false,,19.90,0.0995,true,1,2126347
7290011015862,false,סירופ דיאט לימונענע,סירופ - גבעת חיים,IL,סירופ ד.לנענע 750,מיליליטרים,750.00,"100 מ""ל",false,,22.90,0.0305,true,1,1182526
7290011015985,false,סירופ דיאט אננס 750,סירופ - גבעת חיים,IL,סירופ דיאט אננס 750,מיליליטרים,750.00,"100 מ""ל",false,,22.90,0.0305,true,1,1182527
7290011017866,false,קוקה קולה פחית 330 מ,קוקה קולה Coca Cola,IL,"סליק קוקה-קולה  330 מ""ל",מיליליטרים,330.00,"100 מ""ל",false,,5.40,0.0164,true,1,1182537
7290011017873,false,קולה זירו פחית 330 מ,קוקה קולה Coca Cola,IL,"סליק קולה זירו 330 מ""ל",מיליליטרים,330.00,"100 מ""ל",false,,5.40,0.0164,true,1,1182538
7290011017880,false,קוקה קולה פחית 330 מ,קוקה קולה Coca Cola,IL,"סליק ד.קוקה-קולה  330 מ""ל",מיליליטרים,330.00,"100 מ""ל",false,,5.40,0.0164,true,1,1182539
7290011018184,false,"FUZE- T אפרסק 500 מ""",פיוז טי Fuze Tea,IL,FUZE tea אפרסק 0.5 ליטר,מיליליטרים,500.00,"100 מ""ל",false,,6.90,0.0138,true,1,1182542
7290011018368,false,שישיית בירה ויינשטפן,קרלסברג Carlsberg,DE,ויינשטפן 6 בק 330 פקדון,מיליליטרים,1980.00,"100 מ""ל",false,,59.90,0.0303,true,1,1182554
7290011018832,false,מארז שישיית פחיות קו,קוקה קולה Coca Cola,IL,"מארז ק""ק 6 פח FRIDGE-PACK",ליטרים,1.98,ליטר,false,,23.90,12.0707,true,1,1182561
7290011018917,false,מארז שישיית פחיות קו,קוקה קולה Coca Cola,IL,מארז zero 6 פח FRIDGE-PAC,ליטרים,1.98,ליטר,false,,23.90,12.0707,true,1,1182564
7290011026066,false,סרקל שמפו+מעצב 1 ליט,"ד""ר פישר Dr fischer",IL,סרקל שמפו + מעצב ליטר,ליטרים,1.00,ליטר,false,,28.90,28.9000,true,1,1198388
7290011064020,false,גבינה בולגרית בעיר 2,,,גבינה בולגרית בעיר 2,גרמים,200.00,100 גרם,false,,12.90,0.0645,true,1,2020769
7290011064075,false,גבינה לבנה אבו גוש 2,,,גבינה לבנה אבו גוש 2,גרמים,200.00,100 גרם,false,,12.90,0.0645,true,1,1975329
7290011064099,false,טאפס שכונתי 125 גרם,,,טאפס שכונתי 125 גרם,גרמים,125.00,100 גרם,false,,19.90,0.1592,true,1,1975330
7290011081690,false,גלידה קרמיסימו 1.33,גלידות שטראוס,IL,קרמ' פרווה ש/ו צ'יפ פסח,ליטרים,1.33,ליטר,false,,19.90,14.9624,true,1,1184318
7290011091071,false,פפריקה חריפה בשמן 50,,,פפריקה חריפה בשמן 50,גרמים,500.00,100 גרם,false,,29.90,0.0598,true,1,2135330
7290011091132,false,קארי הודי 120 גרם,,,קארי הודי 120 גרם,גרמים,120.00,100 גרם,false,,13.90,0.1158,true,1,2135268
7290011091149,false,תבלין קייטגון,,,תבלין קייטגון,גרמים,150.00,100 גרם,false,,13.90,0.0927,true,1,1181967
7290011091200,false,בזיליקום 40 גרם,,,בזיליקום 40 גרם,גרמים,40.00,100 גרם,false,,13.90,0.3475,true,1,1181970
7290011091231,false,עלי דפנה 40 גרם,,,עלי דפנה 40 גרם,גרמים,40.00,100 גרם,false,,13.90,0.3475,true,1,1181973
7290011091262,false,אורגנו 60 גרם,,,אורגנו 60 גרם,גרמים,60.00,100 גרם,false,,13.90,0.2317,true,1,2135217
7290011091323,false,זעתר בלאדי,,,זעתר בלאדי,גרמים,120.00,100 גרם,false,,13.90,0.1158,true,1,1181976
7290011091347,false,גריל עוף 120 גרם,,,גריל עוף 120 גרם,גרמים,120.00,100 גרם,false,,13.90,0.1158,true,1,1181977
7290011091354,false,תבלין לשווארמה,,,תבלין לשווארמה,גרמים,120.00,100 גרם,false,,13.90,0.1158,true,1,1181978
7290011091361,false,תבלין לדגים 120 גרם,,,תבלין לדגים 120 גרם,גרמים,120.00,100 גרם,false,,13.90,0.1158,true,1,1181979
7290011091392,false,בהרט לקובה,,,בהרט לקובה,גרמים,100.00,100 גרם,false,,13.90,0.1390,true,1,1181981
7290011091408,false,תבליין חוויג מרק 120,,,תבליין חוויג מרק 120,גרמים,120.00,100 גרם,false,,13.90,0.1158,true,1,1181982
7290011091415,false,חוויג לקפה,,,חוויג לקפה,גרמים,100.00,100 גרם,false,,13.90,0.1390,true,1,1181983
7290011091460,false,כורכום טחון 150 גרם,,,כורכום טחון 150 גרם,גרמים,150.00,100 גרם,false,,13.90,0.0927,true,1,1181986
7290011091477,false,מלח לימון,,,מלח לימון,גרמים,200.00,100 גרם,false,,13.90,0.0695,true,1,1181987
7290011091491,false,קינמון טחון 120 גרם,,,קינמון טחון 120 גרם,גרמים,120.00,100 גרם,false,,13.90,0.1158,true,1,1181988
7290011091507,false,פלפל שחור טחון,,,פלפל שחור טחון,גרמים,100.00,100 גרם,false,,13.90,0.1390,true,1,1181989
7290011091514,false,פפריקה מתוקה בשמן,,,פפריקה מתוקה בשמן,גרמים,120.00,100 גרם,false,,13.90,0.1158,true,1,1181990
7290011091521,false,כמון טחון,,,כמון טחון,גרמים,120.00,100 גרם,false,,13.90,0.1158,true,1,1181991
7290011091576,false,זנגויל טחון,,,זנגויל טחון,גרמים,100.00,100 גרם,false,,13.90,0.1390,true,1,1181992
7290011091606,false,פפריקה מתוקה,,,פפריקה מתוקה,גרמים,150.00,100 גרם,false,,13.90,0.0927,true,1,1181995
7290011091620,false,קימל טחון,,,קימל טחון,גרמים,120.00,100 גרם,false,,13.90,0.1158,true,1,1181996
7290011091651,false,תבלין גבישי שום,,,תבלין גבישי שום,גרמים,150.00,100 גרם,false,,13.90,0.0927,true,1,1181999
7290011091958,false,צילי מקסיקני 80 גרם,,,צילי מקסיקני 80 גרם,גרמים,80.00,100 גרם,false,,13.90,0.1738,true,1,1182002
7290011113926,false,דאודורנט תרסיס טיטני,אמיליה קוסמטיקס,IL,200מל BLACK דאו.טיטניום,מיליליטרים,180.00,"100 מ""ל",false,,14.90,0.0828,true,1,1191255
7290011115159,false,רביעיית סבון מוצק לח,גליל כימיכלים,IL,רביעיית סבון מוצק נקה 7 ל,גרמים,400.00,100 גרם,false,,9.90,0.0248,true,1,1191277
7290011115166,false,תחליב רחצה נקה 7 לבנ,אמיליה קוסמטיקס,IL,תחליב רחצה ארומה לבנדר1ל,ליטרים,1.00,ליטר,false,,14.90,14.9000,true,1,1191278
7290011115173,false,תחליב רחצה נקה 7 וני,אמיליה קוסמטיקס,IL,תחליב רחצה ארומה וניל שקד,ליטרים,1.00,ליטר,false,,14.90,14.9000,true,1,1191279
7290011115203,false,רביעיית סבון מוצק נק,גליל כימיכלים,IL,רבעיית סבון מוצק נקה 7 קל,גרמים,400.00,100 גרם,false,,9.90,0.0248,true,1,1191280
7290011115241,false,רביעיית סבון מוצק אר,גליל כימיכלים,IL,רבעיית סבון מוצק נקה 7 אר,גרמים,400.00,100 גרם,false,,9.90,0.0248,true,1,1191281
7290011115258,false,רביעיית סבון מוצק נק,גליל כימיכלים,IL,רבעיית סבון מוצק נקה 7 קל,גרמים,400.00,100 גרם,false,,9.90,0.0248,true,1,1191282
7290011115265,false,רביעיית סבון מוצק אר,גליל כימיכלים,IL,רבעיית סבון מוצק נקה 7 אר,גרמים,400.00,100 גרם,false,,9.90,0.0248,true,1,1191283
7290011115272,false,רביעיית סבון מוצק לח,גליל כימיכלים,IL,רבעיית סבון מוצק נקה 7 לח,גרמים,400.00,100 גרם,false,,9.90,0.0248,true,1,1191284
7290011115296,false,רביעיית סבון מוצק לח,,,רביעיית סבון מוצק לח,גרמים,400.00,100 גרם,false,,9.90,0.0248,true,1,1191286
7290011115401,false,רביעיית סבון מוצק אר,,,רביעיית סבון מוצק אר,גרמים,400.00,100 גרם,false,,9.90,0.0248,true,1,1191291
7290011126209,false,תה חליטת צמחים תפוח,ויסוצקי,IL,חליטת תפוח וקינמון סיידר,גרמים,67.50,100 גרם,false,,16.90,0.2504,true,1,1186310
7290011126452,false,תה קמומיל ונענע 25 ש,ויסוצקי,IL,חליטת קמומיל ונענע,גרמים,37.50,100 גרם,false,,16.90,0.4507,true,1,1186318
7290011126469,false,תה קמומיל ודבש הגן ה,ויסוצקי,IL,חליטת קמומיל ודבש,גרמים,37.50,100 גרם,false,,16.90,0.4507,true,1,1186319
7290011126957,false,תה ירוק ארל גריי 25,ויסוצקי,IL,תה ירוק ארל גרי,גרמים,37.50,100 גרם,false,,22.90,0.6107,true,1,1186327
7290011131050,false,"גרנולה פקאן 1 ק""ג.",גרין Green,MK,גרנולה 1 ק'ג  פקאן,גרמים,1000.00,100 גרם,false,,24.90,0.0249,true,1,1166772
7290011131371,false,"מיזלי קרנצ'י 1 ק""ג ש",גרין Green,MK,מיזלי 1קג קראנצ' אלמונד,גרמים,1000.00,100 גרם,false,,24.90,0.0249,true,1,1166781
7290011131388,false,"מיזלי קרנצ'י 1 ק""ג ק",גרין Green,MK,מיזלי1קג קראנצ'אפל&קינמון,גרמים,1000.00,100 גרם,false,,24.90,0.0249,true,1,1166782
7290011131395,false,"מיזלי קרנצ'י 1 ק""ג פ",גרין Green,MK,מיזלי1קג קראנצ'30%פירות,גרמים,1000.00,100 גרם,false,,24.90,0.0249,true,1,1166783
7290011131654,false,"מיזלי 1 ק""ג ביג מיקס",גרין Green,MK,מיזלי 1 קג ביג מיקס,גרמים,1000.00,100 גרם,false,,24.90,0.0249,true,1,1216962
7290011131968,false,גרנולה אגוזים ושקדים,גרין Green,MK,גרנולה 1 ק'ג אגוזים,גרמים,1000.00,100 גרם,false,,24.90,0.0249,true,1,1166788
7290011131975,false,"גרנולה פירות 1 ק""ג.",גרין Green,MK,גרנולה 1 ק'ג פירות,גרמים,1000.00,100 גרם,false,,24.90,0.0249,true,1,1166789
7290011132507,false,מים בנדטו מוגז 500 מ,,,מים בנדטו מוגז 500 מ,מיליליטרים,500.00,"100 מ""ל",false,,4.90,0.0098,true,1,1171721
7290011132552,false,רביעייה בירה פאולנר,,,רביעייה בירה פאולנר,ליטרים,1.32,ליטר,false,,39.90,30.2273,true,1,1171723
7290011133368,false,שישיית בירה שנדי תפו,,,שישיית בירה שנדי תפו,ליטרים,1.98,ליטר,false,,29.90,15.1010,true,1,1171728
7290011133375,false,שישיית בירה שנדי אפר,,,שישיית בירה שנדי אפר,ליטרים,1.98,ליטר,false,,29.90,15.1010,true,1,1171729
7290011133634,false,מארז שישיית פפסי קול,,,מארז שישיית פפסי קול,ליטרים,1.98,ליטר,false,,18.90,9.5455,true,1,1983512
7290011174156,false,"תירס א-2 בד""צ",פרי הגליל,IL,תירס א -2ויטה בדצ,גרמים,550.00,100 גרם,false,,5.90,0.0107,true,1,1193986
7290011174163,false,תירס 12 אונק בדצ,פרי הגליל,IL,תירס 12אונק ויטה בדצ,גרמים,340.00,100 גרם,false,,5.90,0.0174,true,1,1193987
7290011174170,false,"שעועית ירוקה א-2 בד""",פרי הגליל,IL,שע ירוק א -2ויטה בדצ,גרמים,550.00,100 גרם,false,,6.90,0.0125,true,1,1193988
7290011174187,false,"אפונה א-2 בד""צ",פרי הגליל,IL,אפונה א -2ויטה בדצ,גרמים,550.00,100 גרם,false,,5.90,0.0107,true,1,1193989
7290011174323,false,"ציפס אמריקאי 1.5 ק""ג",פרי הגליל,IL,צ'יפס אמריקאי 1.5פג רבנות,קילוגרמים,1.50,"ק""ג",false,,18.90,12.6000,true,1,1193991
7290011174392,false,"שעועית ברוטב א-2 בד""",פרי הגליל,IL,שע ברוטב א -2ויטה בדצ - ח,גרמים,580.00,100 גרם,false,,6.90,0.0119,true,1,1193993
7290011174491,false,"תירס קל א-2 בד""צ",פרי הגליל,IL,תירס קל א -2ויטה בדצ,גרמים,550.00,100 גרם,false,,6.90,0.0125,true,1,1193996
7290011174897,false,אפונה עדינה פרי הגלי,פרי הגליל,IL,אפונה עדינה 600פג,גרמים,600.00,100 גרם,false,,12.90,0.0215,true,1,1194003
7290011174903,false,שעועית עדינה,,,שעועית עדינה,גרמים,600.00,100 גרם,false,,14.90,0.0248,true,1,1254854
7290011194215,false,מעדן דניאלה בננה 88,שטראוס,IL,דניאלה בננה,גרמים,88.00,100 גרם,false,,3.90,0.0443,true,1,1188764
7290011194246,false,קוטג' 5% עם סידן שטר,שטראוס,IL,קוטג' %5 עם סידן 250 גרם,גרמים,250.00,100 גרם,false,,5.90,0.0236,true,1,1188765
7290011210199,false,ליקר תפוח,בנימינה Binyamina,IL,ליקר בנימינה תפוח,מיליליטרים,750.00,"100 מ""ל",false,,69.90,0.0932,true,1,1194005
7290011210564,false,יין יוגב קברנה סובינ,בנימינה Binyamina,IL,יוגב קברנה סוביניון פטי ו,מיליליטרים,750.00,"100 מ""ל",false,,39.90,0.0532,true,1,1194008
7290011223021,false,פרש ואנס כריות הנקה,על בד,IL,פ.ו כריות הנקה אישיות - 3,יח',30.00,יח',false,,14.90,0.4967,true,1,1199891
7290011223038,false,עלים לקרמשניט 300 גר,Bonomi,IT,עלים לקרמשניט - בונומי 30,גרמים,300.00,100 גרם,false,,14.90,0.0497,true,1,1199892
7290011223045,false,ביסקוטים בונומי 200,Bonomi,IT,בישקוטים בונומי 200גרם,גרמים,200.00,100 גרם,false,,4.90,0.0245,true,1,1199893
7290011223229,false,"טואלט דאק ג""ל",DEOFLOR,IT,ט.ד ג'ל אסלה טיפות טל רענ,מיליליטרים,55.00,"100 מ""ל",false,,9.90,0.1800,true,1,1199898
7290011223243,false,"טואלט דאק ג""ל",DEOFLOR,IT,ט.ד ג'ל אסלה ניחוח לבנדר,מיליליטרים,55.00,"100 מ""ל",false,,9.90,0.1800,true,1,1199899
7290011249212,false,וופל בלגי לימון.,,,וופל בלגי לימון.,גרמים,200.00,100 גרם,false,,2.90,0.0145,true,1,1193311
7290011249250,false,גביעי גלידה 24 יח'.,,,גביעי גלידה 24 יח'.,גרמים,120.00,100 גרם,false,,9.90,0.0825,true,1,1193313
7290011249748,false,רולים שוקולד.,,,רולים שוקולד.,גרמים,100.00,100 גרם,false,,2.90,0.0290,true,1,1216290
7290011249755,false,רולים אגוז.,,,רולים אגוז.,גרמים,100.00,100 גרם,false,,2.90,0.0290,true,1,1216291
7290011254001,false,זרעי פשתן,מיה תעשיות מזון,IL,פשתן 450גרם,גרמים,450.00,100 גרם,false,,6.90,0.0153,true,1,1181540
7290011254070,false,פלפל שחור,מיה תעשיות מזון,IL,פלפל שחור 50גרם שקית,גרמים,50.00,100 גרם,false,,6.90,0.1380,true,1,1181543
7290011254087,false,קינמון,מיה תעשיות מזון,IL,קינמון 80גרם שקית,גרמים,80.00,100 גרם,false,,4.90,0.0613,true,1,1181544
7290011254100,false,כורכום,מיה תעשיות מזון,IL,כורכום 80גרם שקית,גרמים,80.00,100 גרם,false,,4.90,0.0613,true,1,1181546
7290011254117,false,פפריקה מתוקה,מיה תעשיות מזון,IL,פפריקה מתוקה 80גרם שקית,גרמים,80.00,100 גרם,false,,4.90,0.0613,true,1,1181547
7290011254124,false,פפריקה חריפה,מיה תעשיות מזון,IL,פפריקה חריפה 80גרם שקית,גרמים,80.00,100 גרם,false,,4.90,0.0613,true,1,1181548
7290011254131,false,אורגנו בשקית,מיה תעשיות מזון,IL,אורגנו 20גרם שקית,גרמים,20.00,100 גרם,false,,4.90,0.2450,true,1,1181549
7290011254155,false,מלח לימון בשקית,מיה תעשיות מזון,IL,מלח לימון 80גרם שקית,גרמים,80.00,100 גרם,false,,4.90,0.0613,true,1,1181551
7290011254193,false,שבבי שום בשקית,מיה תעשיות מזון,IL,שבבי שום 50גרם שקית,גרמים,50.00,100 גרם,false,,7.90,0.1580,true,1,1181554
7290011254230,false,פופסים טבעות עשיריות,מיה תעשיות מזון,IL,מארז תן צ'אפ טבעות 15גרם,גרמים,350.00,100 גרם,false,,7.90,0.0226,true,1,1181556
7290011254254,false,שוקולד צ'יפס,מיה תעשיות מזון,IL,נטיפים בטעם שוקולד 300גרם,גרמים,300.00,100 גרם,false,,9.90,0.0330,true,1,1181558
7290011254452,false,סוכריות ללא סוכר מנט,מיה תעשיות מזון,IL,סוכריות מנטה ללא סוכר 80ג,גרמים,80.00,100 גרם,false,,6.90,0.0863,true,1,1181561
7290011254469,false,סוכריות ללא סוכר לימ,מיה תעשיות מזון,IL,סוכריות לימון ללא סוכר 80,גרמים,80.00,100 גרם,false,,6.90,0.0863,true,1,1181562
7290011254476,false,סוכריות ללא סוכר תפו,מיה תעשיות מזון,IL,סוכריות תפוח דובדבן ללא ס,גרמים,80.00,100 גרם,false,,6.90,0.0863,true,1,1181563
7290011254483,false,סוכריות ללא סוכר אפר,מיה תעשיות מזון,IL,סוכריות אפרסק ללא סוכר 80,גרמים,80.00,100 גרם,false,,6.90,0.0863,true,1,1181564
7290011254490,false,סוכריות ללא סוכר פיר,מיה תעשיות מזון,IL,סוכריות פירות יער ללא סוכ,גרמים,80.00,100 גרם,false,,6.90,0.0863,true,1,1181565
7290011254698,false,שמן זית,מיולאוליבה ספרד,ES,שמן זית כתית מעולה 750מ'ל,מיליליטרים,750.00,"100 מ""ל",false,,29.90,0.0399,true,1,1181570
7290011254728,false,ג'לטין טהור,מיה תעשיות מזון,IL,ג'לטין טהור 25גרם בד'ץ,גרמים,25.00,100 גרם,false,,8.90,0.3560,true,1,1181571
7290011300975,false,סבון ורוד פרדייז 500,סאסא קוסמטיקס,IL,סבון ורוד פרדייז 500,מיליליטרים,500.00,"100 מ""ל",false,,7.90,0.0158,true,1,1194511
7290011300982,false,סבון כחול אושן 500 מ,סאסא קוסמטיקס,IL,סבון כחול אושן 500 מ,מיליליטרים,500.00,"500 מ""ל",false,,7.90,0.0158,true,1,1194512
7290011312381,false,פטריות סטייק פורטובל,,,פטריות סטייק פורטובל,יחידה,0.00,יחידה,false,,14.90,0.0000,true,1,1176833
7290011332983,false,מגבונאף 30 יח קמיל ב,"ד""ר פישר Dr fischer",IL,קמיל בלו מגבונאף שלישייה,יח',90.00,יח',false,,19.90,0.2211,true,1,1198396
7290011378028,false,חלבה בארכה ללא תוספת,רושדי תעשיות מזון,IL,חלבה בארכה קלאסית וניל לל,גרמים,350.00,100 גרם,false,,15.90,0.0454,true,1,1186329
7290011378233,false,מאגדת חלבה בארכה ללא,רושדי תעשיות מזון,IL,מאגדת חטיף חלבה בארכה בקט,גרמים,120.00,100 גרם,false,,9.90,0.0825,true,1,1186330
7290011378257,false,מאגדת חלבה בארכה ללא,רושדי תעשיות מזון,IL,מאגדת חלבה בארכה בקטנה לל,גרמים,120.00,100 גרם,false,,9.90,0.0825,true,1,1186331
7290011378769,false,מאגדת חטיף חלבה וניל,רושדי תעשיות מזון,IL,מאגדת חטיף חלבה בארכה בקט,גרמים,126.00,100 גרם,false,,9.90,0.0786,true,1,1186333
7290011379018,false,מארז פטריות צמד חמד,,,מארז פטריות צמד חמד,יחידה,0.00,יחידה,false,,14.90,0.0000,true,1,1176834
7290011435226,false,דבש טהור לחיץ 650 גר,,,דבש טהור לחיץ 650 גר,גרמים,650.00,100 גרם,false,,29.90,0.0460,true,1,1606062
7290011438142,false,משקה חלב בטעם קפה 35,שטראוס,IL,"אייסקפה 350 מ""ל מהדרין",מיליליטרים,350.00,"100 מ""ל",false,,5.90,0.0169,true,1,1188772
7290011447281,false,מטרנה חלבי שלב 2 700,מטרנה,IL,תרכובת מזון המשך לתינוקות,גרמים,700.00,100 גרם,false,,59.90,0.0856,true,1,1156289
7290011447304,false,מטרנה חלבי שלב 3 700,מטרנה,IL,תרכובת מזון המשך לפעוטות,גרמים,700.00,100 גרם,false,,59.90,0.0856,true,1,1156290
7290011447373,false,מטרנה מהדרין שלב 2 א,מטרנה,IL,תרכובת מזון המשך לתינוקות,גרמים,700.00,100 גרם,false,,59.90,0.0856,true,1,1156295
7290011473051,false,קוואקר עבה אורגני 50,,,קוואקר עבה אורגני 50,גרמים,500.00,100 גרם,false,,10.90,0.0218,true,1,1205152
7290011473082,false,אורז בשמתי מלא אורגנ,,,אורז בשמתי מלא אורגנ,גרמים,500.00,100 גרם,false,,12.90,0.0258,true,1,1205154
7290011473099,false,אורז עגול מלא אורגני,,,אורז עגול מלא אורגני,גרמים,500.00,100 גרם,false,,9.90,0.0198,true,1,1205155
7290011473129,false,חמניות קלופות אורגני,,,חמניות קלופות אורגני,גרמים,300.00,100 גרם,false,,9.90,0.0330,true,1,1205156
7290011473136,false,דלעת קלופה אורגני 30,,,דלעת קלופה אורגני 30,גרמים,300.00,100 גרם,false,,19.90,0.0663,true,1,1205157
7290011473150,false,שומשום מלא אורגני 40,,,שומשום מלא אורגני 40,גרמים,400.00,100 גרם,false,,12.90,0.0323,true,1,1205159
7290011473198,false,עדש חום אורגני 500 ג,,,עדש חום אורגני 500 ג,גרמים,500.00,100 גרם,false,,12.90,0.0258,true,1,1205162
7290011473211,false,עדש אדום אורגני 500,,,עדש אדום אורגני 500,גרמים,500.00,100 גרם,false,,12.90,0.0258,true,1,1205164
7290011473242,false,פשתן זרעים אורגני 50,,,פשתן זרעים אורגני 50,גרמים,500.00,100 גרם,false,,9.90,0.0198,true,1,1205167
7290011473259,false,פשתן טחון אורגני 350,,,פשתן טחון אורגני 350,גרמים,350.00,100 גרם,false,,10.90,0.0311,true,1,1205168
7290011473280,false,חומוס אורגני 500 גרם,,,חומוס אורגני 500 גרם,גרמים,500.00,100 גרם,false,,9.90,0.0198,true,1,1205171
7290011473297,false,גריסי פנינה אורגני 5,,,גריסי פנינה אורגני 5,גרמים,500.00,100 גרם,false,,9.90,0.0198,true,1,1205172
7290011473334,false,שעועית לבנה אורגנית,,,שעועית לבנה אורגנית,גרמים,500.00,100 גרם,false,,9.90,0.0198,true,1,1205174
7290011473433,false,כוסמת אורגנית 500 גר,,,כוסמת אורגנית 500 גר,גרמים,500.00,100 גרם,false,,9.90,0.0198,true,1,1205180
7290011473471,false,אורז בשמתי לבן אורגנ,,,אורז בשמתי לבן אורגנ,גרמים,500.00,100 גרם,false,,12.90,0.0258,true,1,1205183
7290011473488,false,קמח אורז מלא טבעי 50,,,קמח אורז מלא טבעי 50,גרמים,500.00,100 גרם,false,,9.90,0.0198,true,1,1205184
7290011473532,false,סוכר ענבים טבעי 500,,,סוכר ענבים טבעי 500,גרמים,500.00,100 גרם,false,,9.90,0.0198,true,1,1205186
7290011473587,false,נבט חיטה טבעי 250 גר,,,נבט חיטה טבעי 250 גר,גרמים,250.00,100 גרם,false,,6.90,0.0276,true,1,1205189
7290011473655,false,סוכר קנים אורגני 1 ק,,,סוכר קנים אורגני 1 ק,גרמים,1000.00,100 גרם,false,,10.90,0.0109,true,1,1205192
7290011473877,false,קינואה אדומה אורגנית,,,קינואה אדומה אורגנית,גרמים,500.00,100 גרם,false,,19.90,0.0398,true,1,1205195
7290011473884,false,קינואה שחורה אורגנית,,,קינואה שחורה אורגנית,גרמים,500.00,100 גרם,false,,24.90,0.0498,true,1,1205196
7290011473891,false,עדש צהוב אורגני 500,,,עדש צהוב אורגני 500,גרמים,500.00,100 גרם,false,,12.90,0.0258,true,1,1205197
7290011473907,false,סובין חיטה טבעי 200,,,סובין חיטה טבעי 200,גרמים,200.00,100 גרם,false,,4.90,0.0245,true,1,1205198
7290011474058,false,ספגטי כוסמין אורגני,,,ספגטי כוסמין אורגני,גרמים,500.00,100 גרם,false,,18.90,0.0378,true,1,1205204
7290011474072,false,פוזילי כוסמין אורגני,,,פוזילי כוסמין אורגני,גרמים,500.00,100 גרם,false,,19.90,0.0398,true,1,1205205
7290011474331,false,קמח כוסמין מלא טבעי,,,קמח כוסמין מלא טבעי,קילוגרמים,1.00,"ק""ג",false,,15.90,15.9000,true,1,1284915
7290011474362,false,קמח עדשים אורגניות 5,,,קמח עדשים אורגניות 5,גרמים,500.00,100 גרם,false,,15.90,0.0318,true,1,1284916
7290011474386,false,קוואקר אורגני דק 500,,,קוואקר אורגני דק 500,גרמים,500.00,100 גרם,false,,10.90,0.0218,true,1,1205208
7290011474478,false,זרעי צ'יה אורגניים 3,,,זרעי צ'יה אורגניים 3,גרמים,300.00,100 גרם,false,,19.90,0.0663,true,1,1284917
7290011474683,false,מג'דרה קינואה אורגני,,,מג'דרה קינואה אורגני,גרמים,500.00,100 גרם,false,,19.90,0.0398,true,1,1205214
7290011489601,false,קרקר בצל טופז הדר 11,אפיפית נצרת,IL,קרקר טופז בצל 24/0.110 הד,גרמים,110.00,100 גרם,false,,2.90,0.0264,true,1,1194602
7290011489694,false,פרורי ביסקוויט בטעם,אפיפית נצרת,IL,פירורי בסקויט בטעם וניל,גרמים,300.00,100 גרם,false,,5.90,0.0197,true,1,1194609
7290011499051,false,פטה כבשים 250 גרם.,גדישון,IL,פטה כבשים 20% בגביע 250 ג,גרמים,250.00,100 גרם,false,,23.90,0.0956,true,1,1175550
7290011499105,false,בולגרית 5% 250 גרם.,דשן,IL,בולגרית גביע 250 גרם 5%,גרמים,250.00,100 גרם,false,,21.90,0.0876,true,1,1175551
7290011499112,false,בולגרית 16% 250 גרם.,דשן,IL,בולגרית גביע 250 גרם 16%,גרמים,250.00,100 גרם,false,,21.90,0.0876,true,1,1175552
7290011499419,false,גבינה במרקם שמנת 5%,מחלבות גד,IL,גבינת שמנת NEY YORK לייט,גרמים,200.00,100 גרם,false,,12.90,0.0645,true,1,1175566
7290011499853,false,גבינת שמנת 30% זתים,מחלבות גד,IL,גבינת שמנת NEY YORK זיתים,גרמים,200.00,100 גרם,false,,12.90,0.0645,true,1,1175586
7290011501617,false,חמוציות ברכז תפוחים,דין שיווק,,חמוציות ברכז תפוחים,גרמים,250.00,100 גרם,false,,12.90,0.0516,true,1,1217816
7290011501686,false,גרעיני אבטיח קלויים,דין שיווק,,גרעיני אבטיח קלויים,גרמים,250.00,100 גרם,false,,16.90,0.0676,true,1,1175207
7290011501716,false,שקד טבעי 250 גרם,דין שיווק,,שקד טבעי 250 גרם,גרמים,250.00,100 גרם,false,,24.90,0.0996,true,1,1175208
7290011501723,false,תערובת פיצוחים 250 ג,דין שיווק,,תערובת פיצוחים 250 ג,גרמים,250.00,100 גרם,false,,19.90,0.0796,true,1,1175209
7290011501747,false,חמוציות 300 גרם,דין שיווק,,חמוציות 300 גרם,גרמים,300.00,100 גרם,false,,9.90,0.0330,true,1,1175210
7290011502850,false,גרנולה מוזלי פירות 5,דין שיווק,,גרנולה מוזלי פירות 5,גרמים,500.00,100 גרם,false,,12.90,0.0258,true,1,1175211
7290011502867,false,גרנולה אגוזים 500 גר,דין שיווק,,גרנולה אגוזים 500 גר,גרמים,500.00,100 גרם,false,,12.90,0.0258,true,1,1175212
7290011502874,false,גרנולה פירות 500 גרם,דין שיווק,,גרנולה פירות 500 גרם,גרמים,500.00,100 גרם,false,,12.90,0.0258,true,1,1175213
7290011505011,false,אטב כביסה,,,אטב כביסה,יח',9.00,יח',false,,3.00,0.3333,true,1,1169987
7290011505769,false,צימרוני אוזנים מפלסט,,,צימרוני אוזנים מפלסט,יח',800.00,יח',false,,12.90,0.0161,true,1,1217166
7290011505806,false,קיסמי שיניים דנטאליי,,,קיסמי שיניים דנטאליי,יח',200.00,יח',false,,8.90,0.0445,true,1,1217168
7290011517564,false,דאודורנט רול און,,,דאודורנט רול און,מיליליטרים,80.00,"100 מ""ל",false,,12.90,0.1613,true,1,1175386
7290011518561,false,מארז 14 אקטימל תות,שטראוס,IL,אקטימל 14 תות,גרמים,1512.00,100 גרם,false,,31.50,0.0208,true,1,1188779
7290011524524,false,4 יח' טונה בשמן זית,,,4 יח' טונה בשמן זית,גרמים,560.00,100 גרם,false,,29.90,0.0534,true,1,2016757
7290011524548,false,גרגירי חומוס פרי הגל,פרי הגליל,IL,חומוס 800פג,גרמים,800.00,100 גרם,false,,14.90,0.0186,true,1,1194020
7290011524555,false,שעועית לבנה מבושלת פ,פרי הגליל,IL,שע.לבנה 800פג,גרמים,800.00,100 גרם,false,,14.90,0.0186,true,1,1194021
7290011524968,false,פולי סויה GREEN @ FR,פרי הגליל,IL,פולי סויה 1קג פג,קילוגרמים,1.00,"ק""ג",false,,14.90,14.9000,true,1,1194032
7290011525712,false,קמיל בלו אלסבון סנסי,"ד""ר פישר Dr fischer",IL,קמיל בלו סנסיטיב אל סבון,ליטרים,1.00,ליטר,false,,24.90,24.9000,true,1,1198402
7290011570644,false,קמח ללא גלוטן,,,קמח ללא גלוטן,גרמים,500.00,100 גרם,false,,16.90,0.0338,true,1,1246045
7290011570781,false,תערובת להכנת עוגה בט,,,תערובת להכנת עוגה בט,גרמים,450.00,100 גרם,false,,19.90,0.0442,true,1,1341695
7290011575007,false,מנקה אמבטיות פרפקט,דומל,DE,הפי למקלחון - מסיר אבנית-,מיליליטרים,750.00,"100 מ""ל",false,,14.90,0.0199,true,1,1173232
7290011575809,false,ספריי להברקת כלי כסף,הגרטי,NL,הפי נוצץ-ספרי הגרטי,מיליליטרים,200.00,"200 מ""ל",false,,29.90,0.1495,true,1,1173242
7290011587451,false,גרנולה+פירות ואגוזים,,,גרנולה+פירות ואגוזים,גרמים,600.00,100 גרם,false,,14.90,0.0248,true,1,1186647
7290011587468,false,מוזלי 600 גרם קראהצי,,,מוזלי 600 גרם קראהצי,גרמים,600.00,100 גרם,false,,14.90,0.0248,true,1,1186648
7290011587611,false,מקרל מרוקאי בשמן,,,מקרל מרוקאי בשמן,גרמים,125.00,100 גרם,false,,5.90,0.0472,true,1,1186649
7290011587642,false,מקרל מרוקאי חריף,,,מקרל מרוקאי חריף,גרמים,125.00,100 גרם,false,,5.90,0.0472,true,1,1186652
7290011587697,false,ממרח עגבניות 360 גרם,,,ממרח עגבניות 360 גרם,גרמים,360.00,100 גרם,false,,12.90,0.0358,true,1,1186653
7290011587833,false,עגבניות מיובשות בשמן,,,עגבניות מיובשות בשמן,גרמים,340.00,100 גרם,false,,12.90,0.0379,true,1,1186657
7290011587840,false,עגבניות קצוצות בשמן,,,עגבניות קצוצות בשמן,גרמים,370.00,100 גרם,false,,12.90,0.0349,true,1,1186658
7290011587857,false,עגבניות מיובשות 250,,,עגבניות מיובשות 250,גרמים,250.00,100 גרם,false,,9.90,0.0396,true,1,1186659
7290011598211,false,לניקוי רב שימושי אנט,סנו,IL,סנו אנטי קאלק נ.כללי700מ,מיליליטרים,700.00,"100 מ""ל",false,,18.90,0.0270,true,1,1167654
7290011598259,false,מטהר אוויר פרש אוטומ,,,מטהר אוויר פרש אוטומ,מיליליטרים,250.00,"100 מ""ל",false,,12.90,0.0516,true,1,1167655
7290011598365,false,ארבע מטליות מיקורופי,,,ארבע מטליות מיקורופי,יח',4.00,יח',false,,19.90,4.9750,true,1,1167657
7290011598372,false,מטלית רצפה מיקרופייב,,CN,מטלית רצפה פרופשיונל,יח',1.00,יח',false,,10.90,10.9000,true,1,1167658
7290011607180,false,"אבקת כביסה 1.25ק""ג -",זהר דליה,IL,קולון 101 1.25,קילוגרמים,1.25,"ק""ג",false,,19.90,15.9200,true,1,1159898
7290011615260,false,טורטיות 540 גרם.,מוטלוקאל גידה סאן טי,TR,טורטייה ( 20ס'מ קוטר) 540,גרמים,540.00,100 גרם,false,,7.90,0.0146,true,1,1159363
7290011615277,false,טורטיות 840 גרם.,מוטלוקאל גידה סאן טי,,טורטייה ( 25ס'מ קוטר) 840,גרמים,840.00,100 גרם,false,,14.90,0.0177,true,1,1631502
7290011618025,false,חטיפי אורז בייבי ביס,want-want,CN,נגיסי אורז לתינוקות בטעם,גרמים,50.00,100 גרם,false,,11.90,0.2380,true,1,1199912
7290011618124,false,חטיפי אורז בייבי ביס,want-want,CN,נגיסי אורז לתינוקות בטעם,גרמים,50.00,100 גרם,false,,11.90,0.2380,true,1,1199916
7290011618131,false,חטיפי אורז בייבי ביס,want-want,CN,נגיסי אורז לתינוקות בטעם,גרמים,50.00,100 גרם,false,,11.90,0.2380,true,1,1199917
7290011622763,false,ביסקווטמינים פלוס ונ,,,ביסקווטמינים פלוס ונ,גרמים,150.00,100 גרם,false,,14.90,0.0993,true,1,2033423
7290011644000,false,"""סנקי"" חטיף תירס מקל",,,"""סנקי"" חטיף תירס מקל",גרמים,80.00,100 גרם,false,,3.90,0.0487,true,1,2040147
7290011668419,false,שמפו אובלי יומי,א.ארמן,IL,שמפו אובלי יומי,מיליליטרים,750.00,"100 מ""ל",false,,12.90,0.0172,true,1,1194528
7290011668440,false,מרכך שיאה לשיער צבוע,א.ארמן,IL,מרכך שיאה לשיער צבוע,מיליליטרים,750.00,"100 מ""ל",false,,12.90,0.0172,true,1,1194531
7290011668457,false,שמפו שמן זית,א.ארמן,IL,שמפו שמן זית,מיליליטרים,750.00,"100 מ""ל",false,,12.90,0.0172,true,1,1194532
7290011668464,false,מרכך שמן זית,א.ארמן,IL,מרכך שמן זית,מיליליטרים,750.00,"100 מ""ל",false,,12.90,0.0172,true,1,1194533
7290011668471,false,שמפו רימונים,א.ארמן,IL,שמפו רימונים,מיליליטרים,750.00,"100 מ""ל",false,,12.90,0.0172,true,1,1194534
7290011668570,false,גרנולה פירות יבשים,אפקטבעי,IL,גרנולה פירות יבשים,גרמים,450.00,100 גרם,false,,22.90,0.0509,true,1,1194539
7290011688806,false,פלחי אננס קפוא 660 ג,,,פלחי אננס קפוא 660 ג,גרמים,660.00,100 גרם,false,,19.90,0.0302,true,1,2042529
7290011688813,false,קוביות אננס 500 גרם,,,קוביות אננס 500 גרם,גרמים,500.00,100 גרם,false,,19.90,0.0398,true,1,2042520
7290011695545,false,אטבים איכותיים אלפא,,,אטבים איכותיים אלפא,יח',55.00,יח',false,,8.90,0.1618,true,1,1177404
7290011695552,false,אטבי סיליקון איכותיי,,,אטבי סיליקון איכותיי,יח',10.00,יח',false,,5.90,0.5900,true,1,1177405
7290011695651,false,צנימים עגולים.,,,צנימים עגולים.,גרמים,300.00,100 גרם,false,,11.90,0.0397,true,1,1177406
7290011695705,false,חמאת בוטנים קרמי אדו,,,חמאת בוטנים קרמי אדו,גרמים,340.00,100 גרם,false,,6.90,0.0203,true,1,1177407
7290011695712,false,חמאת בוטנים קרמי אדו,,,חמאת בוטנים קרמי אדו,גרמים,510.00,100 גרם,false,,9.90,0.0194,true,1,1177408
7290011695866,false,דפים למייבש,,,דפים למייבש,יחידה,40.00,יחידה,false,,9.90,0.2475,true,1,1177409
7290011695958,false,חומץ תפוחים,,,חומץ תפוחים,מיליליטרים,750.00,"100 מ""ל",false,,12.90,0.0172,true,1,1177410
7290011723101,false,"טחינה הר ברכה 1 ק""ג",,,"טחינה הר ברכה 1 ק""ג",גרמים,1000.00,100 גרם,false,,31.90,0.0319,true,1,1175628
7290011725402,false,חסה למהדרין היתר מכי,,,חסה למהדרין היתר מכי,יחידה,0.00,יחידה,false,,4.90,0.0000,true,1,2087095
7290011725419,false,פטרוזיליה למהדרין הי,,,פטרוזיליה למהדרין הי,יחידה,0.00,יחידה,false,,4.90,0.0000,true,1,2087096
7290011725426,false,כוסברה למהדרין היתר,,,כוסברה למהדרין היתר,יחידה,0.00,יחידה,false,,4.90,0.0000,true,1,2087097
7290011725433,false,נענע למהדרין היתר מכ,,,נענע למהדרין היתר מכ,יחידה,0.00,יחידה,false,,4.90,0.0000,true,1,2087098
7290011725440,false,שמיר למהדרין היתר מכ,,,שמיר למהדרין היתר מכ,יחידה,0.00,יחידה,false,,4.90,0.0000,true,1,2087099
7290011725457,false,בצל ירוק למהדרין הית,,,בצל ירוק למהדרין הית,יחידה,0.00,יחידה,false,,4.90,0.0000,true,1,2087100
7290011725464,false,סלרי למהדרין היתר מכ,,,סלרי למהדרין היתר מכ,יחידה,0.00,יחידה,false,,4.90,0.0000,true,1,2087107
7290011725471,false,עלי סלק למהדרין היתר,,,עלי סלק למהדרין היתר,יחידה,0.00,יחידה,false,,4.90,0.0000,true,1,2087108
7290011725488,false,כרוב לבן למהדרין הית,,,כרוב לבן למהדרין הית,קילוגרמים,1.00,"ק""ג",true,,7.90,7.9000,true,1,2087109
7290011725495,false,כרוב אדום למהדרין הי,,,כרוב אדום למהדרין הי,קילוגרמים,1.00,"ק""ג",true,,7.90,7.9000,true,1,2087110
7290011725525,false,לבבות חסה למהדרין הי,,,לבבות חסה למהדרין הי,יחידה,0.00,יחידה,false,,7.90,0.0000,true,1,2087112
7290011743833,false,משחת שיניים סנסודיין,גלקסו סמית קליין,GB,"סנסודיין פרונמל 75 מ""ל",מיליליטרים,75.00,"100 מ""ל",false,,23.90,0.3187,true,1,1193038
7290011744885,false,משחת שיניים אקווה פר,גלקסו סמית קליין,SK,א.פרש משחת ילדים לשיני חל,מיליליטרים,50.00,"100 מ""ל",false,,12.90,0.2580,true,1,1193040
7290011765071,false,ג'ל גילוח קרמה מן 20,קוסמופארם,TR,ג'ל גילוח קרמה רגיל 200מ,מיליליטרים,200.00,"100 מ""ל",false,,19.90,0.0995,true,1,1167661
7290011765088,false,ג'ל גילוח קרמה מן 20,קוסמופארם,TR,200מ COOL ג'ל גילוח קרמה,מיליליטרים,200.00,"100 מ""ל",false,,19.90,0.0995,true,1,1167662
7290011765200,false,ג'ל לניקוי ידיים 300,,,ג'ל לניקוי ידיים 300,מיליליטרים,300.00,"100 מ""ל",false,,11.90,0.0397,true,1,1167669
7290011765217,false,ג'ל לניקוי ידיים 100,קוסמופארם,IL,ג'ל לניקוי ידיים אלוורה,מיליליטרים,100.00,"100 מ""ל",false,,9.90,0.0990,true,1,1167670
7290011765392,false,שמפו כיף בוב ספוג 75,קוסמופארם,IL,שמ.כיף ילדים בוב ספוג750,מיליליטרים,750.00,"100 מ""ל",false,,14.90,0.0199,true,1,1167681
7290011765408,false,שמפו+מרכך כיף בוב ספ,קוסמופארם,IL,שמפו+מרכ.כיף בוב ספוג750,מיליליטרים,750.00,"100 מ""ל",false,,14.90,0.0199,true,1,1167682
7290011765415,false,מרכך כיף בוב ספוג 75,קוסמופארם,IL,מרכ כיף ילד בוב ספוג750מ,מיליליטרים,750.00,"100 מ""ל",false,,14.90,0.0199,true,1,1167683
7290011765446,false,משחת שיניים בוב ספוג,טרופיקל דגיל,IL,משחה אורביטול ענבים 70 ג,גרמים,70.00,100 גרם,false,,8.90,0.1271,true,1,1167685
7290011765453,false,מברשת שיניים בוב ספו,z.h. plastic,CN,מברשת אורביטול בוב ספוג,יח',1.00,יח',false,,12.90,12.9000,true,1,1167686
7290011765613,false,מתז מסיר עובש בניחוח,,,מתז מסיר עובש בניחוח,ליטרים,1.00,ליטר,false,,18.90,18.9000,true,1,1853785
7290011765620,false,נוזל כלים אקולוגי GR,,,נוזל כלים אקולוגי GR,מיליליטרים,700.00,"100 מ""ל",false,,9.90,0.0141,true,1,2015339
7290011830274,false,אטריות אורגניות מאור,השדה מוצרים אורגניים,CN,נודלס אורגני מאורז שחור,גרמים,250.00,100 גרם,false,,14.90,0.0596,true,1,1159713
7290011830564,false,פתי בר כוסמין אורגני,,,פתי בר כוסמין אורגני,גרמים,200.00,100 גרם,false,,11.90,0.0595,true,1,1304477
7290011851606,false,"סחלב 500 ג""ר.",,,"סחלב 500 ג""ר.",גרמים,500.00,100 גרם,false,,15.90,0.0318,true,1,1177412
7290011857844,false,עוגת דואט חלבי ללא ת,,,עוגת דואט חלבי ללא ת,גרמים,600.00,100 גרם,false,,40.00,0.0667,true,1,1702556
7290011860271,false,תפוגן ביסבול טיבעי.,עיצובים 2020 (4.5),IL,תפוגן ביסבול טבעי 700 גרם,גרמים,700.00,100 גרם,false,,14.90,0.0213,true,1,1156303
7290011877088,false,זוג רדיד אלומיניום ע,,,זוג רדיד אלומיניום ע,מטרים,15.00,מטר,false,,15.90,1.0600,true,1,1167688
7290011877156,false,מטהר אויר סנופרש יבש,סנו,IL,"סנו פרש ענק מאסק 375 מ""ל",מיליליטרים,375.00,"100 מ""ל",false,,9.90,0.0264,true,1,1167690
7290011877835,false,אריזות ואקום לאחסון,,CN,XXL2 שקיות ואקום לאיחסון,יח',2.00,יח',false,,24.90,12.4500,true,1,1167699
7290011877842,false,אריזות ואקום לאחסון,,,אריזות ואקום לאחסון,יח',2.00,יח',false,,24.90,12.4500,true,1,1167700
7290011877859,false,פותח סתימות סנו אינס,סנו,IL,סנו אינסטלטור 200 גרם,גרמים,200.00,100 גרם,false,,15.90,0.0795,true,1,1167701
7290011887001,false,מבשם ומטהר אוויר בני,זהר דליה,IL,מבשם SWEET DREAMS(מתז 12*,מיליליטרים,750.00,"100 מ""ל",false,,29.90,0.0399,true,1,1181931
7290011912635,false,מי פה ליסטרין טאגד פ,,,מי פה ליסטרין טאגד פ,מיליליטרים,250.00,"100 מ""ל",false,,12.90,0.0516,true,1,1876080
7290011912642,false,מי פה ליסטרין TAGD מ,,,מי פה ליסטרין TAGD מ,מיליליטרים,500.00,"100 מ""ל",false,,19.90,0.0398,true,1,1157067
7290011923273,false,טופו אורגני 300גרם ל,,,טופו אורגני 300גרם ל,גרמים,300.00,100 גרם,false,,11.90,0.0397,true,1,1277916
7290011923303,false,טופו טבעי 300גרם ליב,,,טופו טבעי 300גרם ליב,גרמים,300.00,100 גרם,false,,9.90,0.0330,true,1,1277951
7290011931162,false,סוכרלייט נוזלי 220 ג,סוכרזית Sucrazit,IL,סוכרלייט נוזלי/6יח'/220גר,גרמים,220.00,100 גרם,false,,24.90,0.1132,true,1,1189458
7290011947309,false,זית סורי מבוקע עם לי,,,זית סורי מבוקע עם לי,גרמים,230.00,100 גרם,false,,12.90,0.0561,true,1,1336686
7290011947316,false,זיתי קלמטה זיתא 215,,,זיתי קלמטה זיתא 215,גרמים,215.00,100 גרם,false,,12.90,0.0600,true,1,1746532
7290011947903,false,מיקס זית יווני,,,מיקס זית יווני,גרמים,215.00,100 גרם,false,,12.90,0.0600,true,1,2083553
7290011964344,false,שום גבישי,תבליני טעם וריח,IL,מיכל שום גבישי 120 גר',גרמים,120.00,100 גרם,false,,9.90,0.0825,true,1,1197269
7290011964603,false,כורכום,תבליני טעם וריח,IL,כורכום טחון מ.400 גר',גרמים,400.00,100 גרם,false,,19.90,0.0497,true,1,1197275
7290011964689,false,תיבול על האש,תבליני טעם וריח,IL,מיכל על האש ללא מונוסודיו,גרמים,100.00,100 גרם,false,,7.90,0.0790,true,1,1197279
7290011964702,false,תיבול לשווארמה,תבליני טעם וריח,IL,מיכל שוארמה ללא מונוסודיו,גרמים,100.00,100 גרם,false,,7.90,0.0790,true,1,1197281
7290011977627,false,סרדינים בשמן 125 גרם,,,סרדינים בשמן 125 גרם,גרמים,125.00,100 גרם,false,,4.90,0.0392,true,1,1180950
7290011977634,false,סרדינים פלפל חריף 12,,,סרדינים פלפל חריף 12,גרמים,125.00,100 גרם,false,,4.90,0.0392,true,1,1180951
7290011977641,false,סרדינים לימון 125 גר,,,סרדינים לימון 125 גר,גרמים,125.00,100 גרם,false,,4.90,0.0392,true,1,1180952
7290011977665,false,סרדינים רוטב עגבניות,,,סרדינים רוטב עגבניות,גרמים,125.00,100 גרם,false,,4.90,0.0392,true,1,1180954
7290011996017,false,"אטריות תרד 454 ג""ר.",xiaman vingsheny,CN,אטריות תרד 454 גרם - כשר,גרמים,454.00,100 גרם,false,,8.90,0.0196,true,1,1190110
7290011996062,false,אורז לסושי,dacsa maicereias,ES,"אורז לסושי 1 ק""ג - כשר",קילוגרמים,1.00,"ק""ג",false,,12.90,12.9000,true,1,1190114
7290011996086,false,צילי חריף 700 גרם,krs spicy food,TH,"רוטב צ'ילי חריף 700 מ""ל כ",גרמים,700.00,100 גרם,false,,9.90,0.0141,true,1,1190115
7290011996093,false,צילי מתוק 300 גרם,,,צילי מתוק 300 גרם,גרמים,300.00,100 גרם,false,,7.90,0.0263,true,1,1190116
7290011996109,false,צילי מתוק 700 גרם,krs spicy food,TH,"רוטב צ'ילי מתוק 700 מ""ל כ",גרמים,700.00,100 גרם,false,,9.90,0.0141,true,1,1190117
7290011996130,false,אצות נורי 10 דף,nantong j. top,CN,אצות נורי סילוור 10 דפים,גרמים,25.00,100 גרם,false,,9.90,0.3960,true,1,1190119
7290011996178,false,"רוטב סויה 280 מ""ל",guangdong good taste,CN,רוטב סויה נוסח יפני 300 כ,מיליליטרים,280.00,"100 מ""ל",false,,9.90,0.0354,true,1,1190121
7290011996185,false,חומץ אורז לסושי 250,jiangsu mengshun vin,CN,"חומץ אורז לסושי 250 מ""ל כ",מיליליטרים,250.00,"100 מ""ל",false,,8.90,0.0356,true,1,1190122
7290011996222,false,נוזל אגוזי קוקוס ללא,asiatic agro industr,TH,"חלב קוקוס מבצע 400 מ""ל כש",מיליליטרים,400.00,"100 מ""ל",false,,6.90,0.0173,true,1,1190125
7290011996277,false,מחצלת עגולה לסושי,fuzhou jingihgyun,CN,מחצלת עגולה לגלגול סושי,יחידה,0.00,יחידה,false,,5.90,0.0000,true,1,1190128
7290011996499,false,מקלוני אורז דקים 400,fujian longhai,CN,אטריות אורז דקות 400 ג' כ,גרמים,400.00,100 גרם,false,,8.90,0.0223,true,1,1190137
7290011996512,false,"אטריות אורז 400 ג""ר",lhian thai rice verm,TH,"אטריות אורז 3 מ""מ 400ג' כ",גרמים,400.00,100 גרם,false,,8.90,0.0223,true,1,1190138
7290011996529,false,"אטריות אורז 400 ג""ר",lhian thai rice verm,TH,"אטריות אורז 5מ""מ 400 ג' כ",גרמים,400.00,100 גרם,false,,8.90,0.0223,true,1,1190139
7290011996550,false,רוטב הויסין,k.r.s. spicy food,TH,רוטב הויסין 240 גרם כשר,גרמים,240.00,100 גרם,false,,11.90,0.0496,true,1,1190140
7290011996642,false,שומשום שחור 100 גרם,qingda bolan foods,CN,"שומשום שחור 100 ג""ר -כשר",גרמים,100.00,100 גרם,false,,12.90,0.1290,true,1,1190144
7290011996741,false,חומץ אורז לסושי 500,,,חומץ אורז לסושי 500,מיליליטרים,500.00,"100 מ""ל",false,,11.90,0.0238,true,1,1190146
7290011996758,false,קמח טמפורה 500 גר'.,shanghai angsana,CN,תערובת קמחים לטמפורה 500,גרמים,500.00,100 גרם,false,,10.90,0.0218,true,1,1190147
7290011996765,false,ווסאבי משחה-כשר,dalian tianpeng,CN,משחת ווסאבי 43 גרם כשר,גרמים,43.00,100 גרם,false,,8.90,0.2070,true,1,1190148
7290011996789,false,פנקו פירורי לחם 200,espanolas s.a kerry,CN,פנקו - פירורי לחם יפניים,גרמים,200.00,100 גרם,false,,7.90,0.0395,true,1,1190149
7290011996802,false,אבקת ווסאבי,dalian tianpeng,CN,"אבקת ווסאבי 70 ג""ר כשר",גרמים,70.00,100 גרם,false,,14.90,0.2129,true,1,1190151
7290011996819,false,אטריות שעועית סיניות,yantai yinsida,CN,אטריות שעועית סיני 250ג-כ,גרמים,250.00,100 גרם,false,,5.90,0.0236,true,1,1190152
7290011996888,false,רוטב טריאקי,krs spicy food,TH,"רוטב טריאקי 300 מ""ל כשר",מיליליטרים,300.00,"100 מ""ל",false,,10.90,0.0363,true,1,1190154
7290012001994,false,חרדל דיזון 350 גרם,מרום את קונפינו,,חרדל דיזון 350 גרם,גרמים,350.00,100 גרם,false,,9.90,0.0283,true,1,1157417
7290012019036,false,שיני שום צנצנת,,,שיני שום צנצנת,גרמים,330.00,100 גרם,false,,10.90,0.0330,true,1,1186664
7290012019050,false,שום צעיר ובוגר וציפו,,,שום צעיר ובוגר וציפו,גרמים,330.00,100 גרם,false,,10.90,0.0330,true,1,1186666
7290012052385,false,גרנולה מוזלי עם חמוצ,,,גרנולה מוזלי עם חמוצ,גרמים,720.00,100 גרם,false,,29.90,0.0415,true,1,1206845
7290012052880,false,חטיף 7 דגנים חלבה רפ,,,חטיף 7 דגנים חלבה רפ,גרמים,132.00,100 גרם,false,,12.90,0.0977,true,1,1286349
7290012052897,false,חטיף 7 דגנים שוקולד,,,חטיף 7 דגנים שוקולד,גרמים,132.00,100 גרם,false,,12.90,0.0977,true,1,1286350
7290012052903,false,7 דגנים- חטיף מיקס פ,,,7 דגנים- חטיף מיקס פ,גרמים,132.00,100 גרם,false,,12.90,0.0977,true,1,1286351
7290012052910,false,חטיף 7 דגנים תפוח וק,,,חטיף 7 דגנים תפוח וק,גרמים,132.00,100 גרם,false,,12.90,0.0977,true,1,1286352
7290012071003,false,קמיל משחה לתינוק 200,"ד""ר פישר Dr fischer",IL,קמיל בלו משחה לתינוק 200,גרמים,200.00,100 גרם,false,,19.90,0.0995,true,1,1225313
7290012071690,false,אלכוג'ל מגבונים למשט,"ד""ר פישר Dr fischer",IL,אלכוגל מגבונים אנטי בקטרי,יח',20.00,יח',false,,12.90,0.6450,true,1,1198410
7290012086113,false,שרי אשכולות מיני,,,שרי אשכולות מיני,00000000000000000000,0.00,00000000000000000000,false,,7.90,0.0000,true,1,1170198
7290012116032,false,"מרכך כיף פיות 750 מ""",קוסמופארם,IL,"מרכך כיף פיות 750 מ""ל",מיליליטרים,750.00,"100 מ""ל",false,,14.90,0.0199,true,1,1167715
7290012116063,false,אלסבון כיף פיות 750,קוסמופארם,IL,אלסב.כיף פיות קמומיל750מ,מיליליטרים,750.00,"100 מ""ל",false,,14.90,0.0199,true,1,1167716
7290012116360,false,פוליויקס גרניט פורצל,סנו,IL,'פוליויקס גרניט פורצלן2ל,ליטרים,2.00,ליטר,false,,24.90,12.4500,true,1,1167724
7290012116537,false,אבקת כביסה מקסימה 2.,סנו,IL,אבקת כב.מקסימה מאסק 2.5ק,קילוגרמים,2.50,"ק""ג",false,,22.90,9.1600,true,1,1167727
7290012116551,false,אנטי קאלק ניקוי רב ש,סנו,IL,"סנו אנטי קאלק רב""ש 2ליטר",ליטרים,2.00,ליטר,false,,27.90,13.9500,true,1,1167728
7290012116674,false,דאודורנט ג'ל קרמה 70,קוסמופארם,IL,"קרמה דאו.ג'ל קול 70 מ""ל",מיליליטרים,70.00,"100 מ""ל",false,,14.90,0.2129,true,1,1167740
7290012116681,false,דאודורנט ג'ל קרמה 70,קוסמופארם,IL,"קרמה דאו.ג'ל קאלם 70מ""ל",מיליליטרים,70.00,"100 מ""ל",false,,14.90,0.2129,true,1,1167741
7290012116698,false,דאודורנט ג'ל קרמה 70,קוסמופארם,IL,קרמה דאו.ג'ל אולטימט 70מ,מיליליטרים,70.00,"100 מ""ל",false,,14.90,0.2129,true,1,1167742
7290012117039,false,מנקה 00 לאמבטיות ומס,סנו,IL,"סנו""00"" לניקוי אמבטיה 1ל",ליטרים,1.00,ליטר,false,,8.90,8.9000,true,1,1167752
7290012117275,false,שקית מילוי סנוקליר ל,סנו,IL,סנוקליר שקית מילוי 750מל,מיליליטרים,750.00,"100 מ""ל",false,,8.90,0.0119,true,1,1167757
7290012117350,false,ריצפז פרש לרצפות 2 ל,סנו,IL,סנו ריצפז פרש לילך 2ליטר,ליטרים,2.00,ליטר,false,,17.90,8.9500,true,1,1167758
7290012117411,false,קרמה מן ג'ל רחצה לגב,קוסמופארם,IL,קרמה ג'ל רח.גבר במבוק700,מיליליטרים,700.00,"100 מ""ל",false,,18.90,0.0270,true,1,1167763
7290012117428,false,קרמה מן שמפו וג'ל רח,קוסמופארם,IL,קרמה ג'ל רח.ושמפו גבר700,מיליליטרים,700.00,"100 מ""ל",false,,18.90,0.0270,true,1,1167764
7290012117435,false,קרמה מן ג'ל רחצה אלו,קוסמופארם,IL,קרמה ג'ל רחצה אלוורה700מ,מיליליטרים,700.00,"100 מ""ל",false,,18.90,0.0270,true,1,1167765
7290012117466,false,ג'ל רחצה קרמה לפנים,קוסמופארם,IL,קרמה ת.רחצה פנים תה 180מ,מיליליטרים,180.00,"100 מ""ל",false,,14.90,0.0828,true,1,1167766
7290012117534,false,מרכך כביסה מרוכז מקס,סנו,IL,מרכ.מקסימה ס.מרוכז קול1ל,ליטרים,1.00,ליטר,false,,19.90,19.9000,true,1,1167771
7290012117541,false,מרכך כביסה מקסימה סו,,,מרכך כביסה מקסימה סו,ליטרים,1.00,ליטר,false,,19.90,19.9000,true,1,1167772
7290012117558,false,מרכך כביסה מקסימה סו,סנו,IL,מרכ.מקסימה ס.מרוכז מסק1ל,ליטרים,1.00,ליטר,false,,19.90,19.9000,true,1,1167773
7290012117572,false,כפפות לטקס סנו סושי,ווינפאק,IL,M כפפות לטקס 100 יח מידה,יח',100.00,יח',false,,32.90,0.3290,true,1,1247835
7290012117589,false,כפפות לטקס סנו סושי,ווינפאק,IL,לטקס 100יח Lכפפות מידה,יח',100.00,יח',false,,32.90,0.3290,true,1,1247836
7290012117626,false,אורביטול קיד מי פה ב,קוסמופארם,IL,אורביטול קיד מי פה 250מל,מיליליטרים,250.00,"100 מ""ל",false,,11.90,0.0476,true,1,1167777
7290012117763,false,מברשת שיניים לילדים,,,מברשת שיניים לילדים,יחידה,0.00,יחידה,false,,9.90,0.0000,true,1,1537541
7290012117916,false,נוזל לפתיחת סתימות ס,סנו,IL,'סנו אינסטלטור נוזלי 1 ל,ליטרים,1.00,ליטר,false,,29.90,29.9000,true,1,1167792
7290012159275,false,מיונז אמיתי לינה 430,,,מיונז אמיתי לינה 430,גרמים,430.00,100 גרם,false,,7.90,0.0184,true,1,1182330
7290012159497,false,יין לבן יבש מבעבע גו,,,יין לבן יבש מבעבע גו,מיליליטרים,700.00,"100 מ""ל",false,,24.90,0.0356,true,1,1182339
7290012191985,false,גפרור קטן מנורה,,,גפרור קטן מנורה,יחידה,0.00,יחידה,false,,2.40,0.0000,true,1,2000596
7290012191992,true,חבילת גפרורים ארוכים,,,חבילת גפרורים ארוכים,יח',45.00,יח',false,,4.90,0.1089,true,1,1190646
7290012193125,false,סוכרלוז מרמולייט 150,קיפל,IL,מר' סוכרלוז 150טבליות,גרמים,10.80,100 גרם,false,,24.90,2.3056,true,1,1199936
7290012193163,false,אל סבון פמילי פריחת,אינטרקוסמא,IL,פמלי אל סבון ליטר פרחי בר,ליטרים,1.00,ליטר,false,,9.90,9.9000,true,1,1199937
7290012212055,false,קוקטייל זיתים,,,קוקטייל זיתים,גרמים,560.00,100 גרם,false,,11.90,0.0213,true,1,1429677
7290012226021,false,נקניק סלמי מעושן פרא,,,נקניק סלמי מעושן פרא,גרמים,400.00,100 גרם,false,,17.90,0.0447,true,1,1170352
7290012226120,false,קבנוס 135 גרם,,,קבנוס 135 גרם,גרמים,135.00,100 גרם,false,,9.90,0.0733,true,1,1170353
7290012226342,false,נקניקיה מן הצומח עשי,,,נקניקיה מן הצומח עשי,גרמים,460.00,100 גרם,false,,24.90,0.0541,true,1,1643892
7290012226922,false,קבנוס בטעם שום 135 ג,,,קבנוס בטעם שום 135 ג,גרמים,135.00,100 גרם,false,,9.90,0.0733,true,1,1170357
7290012226939,false,קבנוס בטעם צ'ילי חרי,,,קבנוס בטעם צ'ילי חרי,גרמים,135.00,100 גרם,false,,9.90,0.0733,true,1,1170358
7290012226991,false,נקניקיות ג'מבו 1.5 ק,,,נקניקיות ג'מבו 1.5 ק,קילוגרמים,1.50,"ק""ג",false,,25.90,17.2667,true,1,1170362
7290012227172,false,זוג נקניקים כפרית +ח,,,זוג נקניקים כפרית +ח,גרמים,600.00,100 גרם,false,,29.90,0.0498,true,1,1170365
7290012227325,false,סלמי מעושן דק דק 120,,,סלמי מעושן דק דק 120,גרמים,120.00,100 גרם,false,,11.90,0.0992,true,1,1627429
7290012227592,false,מארז זוג הודו ועוף 3,,,מארז זוג הודו ועוף 3,גרמים,700.00,100 גרם,false,,29.90,0.0427,true,1,1254165
7290012227912,false,קבנוס מעודן 135 גרם,,,קבנוס מעודן 135 גרם,גרמים,135.00,100 גרם,false,,9.90,0.0733,true,1,1469641
7290012227974,false,פסטרמה בדבש 120,,,פסטרמה בדבש 120,גרמים,120.00,100 גרם,false,,11.90,0.0992,true,1,1627436
7290012227981,false,פסטרמה ברביקיו 120 ג,,,פסטרמה ברביקיו 120 ג,גרמים,120.00,100 גרם,false,,11.90,0.0992,true,1,1627437
7290012228766,false,קבנוס מחפוד 120 גרם,,,קבנוס מחפוד 120 גרם,גרמים,120.00,100 גרם,false,,9.90,0.0825,true,1,2027341
7290012309311,false,ערמונים 100 גרם,דין שיווק,,ערמונים 100 גרם,גרמים,100.00,100 גרם,false,,6.90,0.0690,true,1,1175220
7290012309878,false,חלבה עם פיסטוק 500 ג,דין שיווק,,חלבה עם פיסטוק 500 ג,גרמים,500.00,100 גרם,false,,14.90,0.0298,true,1,1175224
7290012309939,false,חלבה מסולסלת 500 גרם,,,חלבה מסולסלת 500 גרם,גרמים,500.00,100 גרם,false,,14.90,0.0298,true,1,1175227
7290012313141,false,מלפפון פרוסות במלח,,,מלפפון פרוסות במלח,גרמים,560.00,100 גרם,false,,6.50,0.0116,true,1,1205388
7290012352010,false,קרם לחות לשיער +שמן,,,קרם לחות לשיער +שמן,מיליליטרים,400.00,"100 מ""ל",false,,19.90,0.0497,true,1,1191382
7290012352027,false,קרם לחות+שמן אגוז,אמיליה קוסמטיקס,IL,ק.לחות+שמן אגוז ברזיל400,מיליליטרים,400.00,"100 מ""ל",false,,19.90,0.0497,true,1,1191383
7290012352034,false,קרם לחות+שמן מקדימה,,,קרם לחות+שמן מקדימה,מיליליטרים,400.00,"100 מ""ל",false,,19.90,0.0497,true,1,1191384
7290012367700,false,קרם גוף אפקטיב שיבול,"ד""ר פישר Dr fischer",IL,אפקטיב קר קרם גוף שיבולת,מיליליטרים,700.00,"100 מ""ל",false,,32.90,0.0470,true,1,1198411
7290012367908,false,שמן תינוקות קמיל בלו,"ד""ר פישר Dr fischer",IL,"ד""ר פישר קמיל בלו סנסיטיב",מיליליטרים,200.00,"100 מ""ל",false,,17.90,0.0895,true,1,1198417
7290012413643,false,תה ירוק קמומיל,ויסוצקי,IL,תה ירוק קמומיל,גרמים,37.50,100 גרם,false,,22.90,0.6107,true,1,1186346
7290012454172,false,סוכריות ללא סוכר תות,מיה תעשיות מזון,IL,סוכריות יוגורט תות ללא סו,גרמים,80.00,100 גרם,false,,6.90,0.0863,true,1,1181584
7290012454189,false,סוכריות ללא סוכר אפר,מיה תעשיות מזון,IL,סוכריות יוגורט אפרסק ללא,גרמים,80.00,100 גרם,false,,6.90,0.0863,true,1,1181585
7290012454196,false,סוכריות ללא סוכר קפו,מיה תעשיות מזון,IL,סוכריות קפוצ'ינו ללא סוכר,גרמים,80.00,100 גרם,false,,6.90,0.0863,true,1,1181586
7290012454202,false,סוכריות ללא סוכר תות,מיה תעשיות מזון,IL,סוכריות ריבת חלב ללא סוכר,גרמים,80.00,100 גרם,false,,6.90,0.0863,true,1,1181587
7290012454592,false,סוכריות ללא סוכר דבש,מיה תעשיות מזון,IL,סוכריות דבש לימון ללא סוכ,גרמים,80.00,100 גרם,false,,6.90,0.0863,true,1,1181592
7290012470202,false,דוקרני קישוט דקטרטיב,מיה טריידינג,CN,דוקרני  קישוט,יחידה,0.00,יחידה,false,,4.90,0.0000,true,1,1159149
7290012470264,false,דוקרן גבינות דגים,מיה טריידינג,CN,דוקרני  גבינות  ופירות,יחידה,1.00,יחידה,false,,9.90,9.9000,true,1,1159150
7290012470493,false,כובע רחצה ענק,מיה טריידינג,CN,כובע רחצה ענק  2 שכבות,יחידה,0.00,יחידה,false,,14.90,0.0000,true,1,1159157
7290012470981,false,כביסון,מיה טריידינג,CN,כביסון  מיוחד  לחזייה,יח',1.00,יח',false,,9.90,9.9000,true,1,1159158
7290012483608,false,אורז בסמטי מובחר 5 ק,lt foods,IN,אורז בסמטי מובחר 5ק'ג DAA,קילוגרמים,5.00,"ק""ג",false,,52.90,10.5800,true,1,1566381
7290012493218,false,צלי כתף בשר מס' 5,,,צלי כתף בשר מס' 5,קילוגרמים,1.00,"ק""ג",true,,69.90,69.9000,true,1,1188584
7290012522581,false,שניצל תירס ללא גלוטן,עיצובים 2020 (4.8),IL,טבעול שניצל תירס ללא גלוט,גרמים,664.00,100 גרם,false,,29.90,0.0450,true,1,1156320
7290012561313,false,דורות בצל מטוגן 400,עיצובים 2020 (3.8),,דורות בצל מטוגן 400,גרמים,400.00,100 גרם,false,,19.90,0.0497,true,1,1995570
7290012561337,false,כורכום טרי כתוש,עיצובים 2020 (3.8),,כורכום טרי כתוש,גרמים,70.00,100 גרם,false,,9.90,0.1414,true,1,1932147
7290012561405,false,בצל חצי מטוגן דורות,עיצובים 2020 (3.8),IL,בצל קצוץ ומטוגן 180 גרם,גרמים,180.00,100 גרם,false,,9.90,0.0550,true,1,1156331
7290012576591,false,יין רזרב גוורצטרמינר,,,יין רזרב גוורצטרמינר,מיליליטרים,750.00,"100 מ""ל",false,,59.90,0.0799,true,1,1629181
7290012634024,false,"קערית עגולה 8 ס""מ ול",,,"קערית עגולה 8 ס""מ ול",יחידה,0.00,יחידה,false,,4.90,0.0000,true,1,2096703
7290012642685,false,לפתן אפרסק פירות בכו,,,לפתן אפרסק פירות בכו,גרמים,452.00,100 גרם,false,,10.90,0.0241,true,1,1186689
7290012642692,false,לפתן קוקטייל פירות ב,,,לפתן קוקטייל פירות ב,גרמים,452.00,100 גרם,false,,10.90,0.0241,true,1,1186690
7290012642814,false,פלפל מעורב בחומץ חרי,,,פלפל מעורב בחומץ חרי,גרמים,530.00,100 גרם,false,,9.90,0.0187,true,1,1186692
7290012642845,false,פלפל אדום בחומץ,,,פלפל אדום בחומץ,גרמים,520.00,100 גרם,false,,9.90,0.0190,true,1,1186694
7290012642852,false,פלפל אדום על האש,,,פלפל אדום על האש,גרמים,540.00,100 גרם,false,,9.90,0.0183,true,1,1186695
7290012642869,false,פלפלונים אדום בחומץ,,,פלפלונים אדום בחומץ,גרמים,530.00,100 גרם,false,,9.90,0.0187,true,1,1186696
7290012642876,false,פלפלונים מעורב בחומץ,,,פלפלונים מעורב בחומץ,גרמים,530.00,100 גרם,false,,9.90,0.0187,true,1,1186697
7290012642883,false,פלפלונים צהוב בחומץ,,,פלפלונים צהוב בחומץ,מיליליטרים,530.00,"100 מ""ל",false,,9.90,0.0187,true,1,1186698
7290012645020,false,יוגורט עיזים מחלב עי,,,יוגורט עיזים מחלב עי,מיליליטרים,500.00,"100 מ""ל",false,,11.90,0.0238,true,1,1590948
7290012645075,false,יוגורט כבשים יווני ב,,,יוגורט כבשים יווני ב,גרמים,350.00,100 גרם,false,,10.90,0.0311,true,1,2067742
7290012645174,false,גבינת עיזים 5% 200 ג,,,גבינת עיזים 5% 200 ג,גרמים,200.00,100 גרם,false,,13.90,0.0695,true,1,2127833
7290012645297,false,יוגורט עיזים 150 גרם,,,יוגורט עיזים 150 גרם,גרמים,150.00,100 גרם,false,,5.90,0.0393,true,1,1590955
7290012692000,false,"אלכוג'ל אפרסק 500 מ""","ד""ר פישר Dr fischer",IL,דר פישר אלכוגל לידיים 500,מיליליטרים,500.00,"100 מ""ל",false,,19.90,0.0398,true,1,1198419
7290012697081,false,סוכרזית מהטבע 100 שק,סוכרזית Sucrazit,IL,סוכרזית מהטבע סטיוויה 100,גרמים,100.00,100 גרם,false,,29.90,0.2990,true,1,1189461
7290012803055,false,סוכרלוז 100 שקיות,קיפל,IL,מר' סוכרלוז 100שקיות,יח',100.00,יח',false,,24.90,0.2490,true,1,1199947
7290012803215,false,טוסו ופל בלגי בטעם ש,גילרו,IL,טוסו ופל בלגי בטעם שוקולד,גרמים,200.00,100 גרם,false,,9.90,0.0495,true,1,1199951
7290012803222,false,טוסו ופל בלגי בטעם ל,גילרו,IL,טוסו ופל בלגי בטעם לימון,גרמים,200.00,100 גרם,false,,9.90,0.0495,true,1,1199952
7290012803314,false,סוכרלוז 300 טבליות מ,קיפל,IL,מר' סוכרלוז 300טבליות,יח',300.00,יח',false,,39.90,0.1330,true,1,1199954
7290012803321,false,סוכרלוז 200 שקיות אי,קיפל,IL,מר' סוכרלוז 200שקיות,יח',200.00,יח',false,,39.90,0.1995,true,1,1199955
7290012803451,false,טוסו שוקולד מריר מעו,ALTINMARKA,TR,טוסו שוקולד מריר מעולה 10,גרמים,100.00,100 גרם,false,,7.90,0.0790,true,1,1199958
7290012803765,false,טוסו שוקולד מריר 100,ALTINMARKA,TR,טוסו שוקולד מריר 100גרם,גרמים,100.00,100 גרם,false,,7.90,0.0790,true,1,1199969
7290012803772,false,טוסו שוקולד חלב 100,ALTINMARKA,TR,טוסו שוקולד חלב 100גרם,גרמים,100.00,100 גרם,false,,7.90,0.0790,true,1,1199970
7290012803789,false,שוקולד טוסו עם אגוזי,ALTINMARKA,TR,טוסו שוקולד מריר עם אגוזי,גרמים,100.00,100 גרם,false,,7.90,0.0790,true,1,1199971
7290012803796,false,טוסו שוקולד חלב עם א,ALTINMARKA,TR,טוסו שוקולד חלב עם אגוזים,גרמים,100.00,100 גרם,false,,7.90,0.0790,true,1,1199972
7290012823251,false,אל סבון כיף+משאבה 1,קוסמופארם,IL,אל סבון כיף יסמין 1 ליטר,ליטרים,1.00,ליטר,false,,8.90,8.9000,true,1,1167804
7290012823374,false,מטליות לניקוי כללי ס,דינאמיק תעשיות,IL,'אנטי קאלק מטליות 50 יח,יח',50.00,יח',false,,14.90,0.2980,true,1,1167806
7290012823381,false,מרכך כביסה מקסימה סו,סנו,IL,מקסימה ס.מרוכז סנסטיב 1ל,ליטרים,1.00,ליטר,false,,19.90,19.9000,true,1,1167807
7290012823398,false,ריצפז פרש מטליות ענק,,,ריצפז פרש מטליות ענק,יח',10.00,יח',false,,14.90,1.4900,true,1,1491727
7290012823404,false,מטהר אוויר פרש אוטומ,,,מטהר אוויר פרש אוטומ,מיליליטרים,250.00,"100 מ""ל",false,,12.90,0.0516,true,1,1167808
7290012823541,false,ריצפז פרש מטליות ענק,דינאמיק תעשיות,IL,10 מטל.לחות לריצפה ריצפז,יח',10.00,יח',false,,14.90,1.4900,true,1,1167811
7290012823558,false,מטליות לחות לריצפה ס,דינאמיק תעשיות,IL,10מטליות לחות לרצפה סושי,יח',10.00,יח',false,,9.90,0.9900,true,1,1167812
7290012823565,false,מטליות ענק לחות לריצ,דינאמיק תעשיות,IL,10 מטליות לחות פוליויקס,יח',10.00,יח',false,,13.90,1.3900,true,1,1167813
7290012823589,false,ריצפז פרש לרצפות 2 ל,סנו,IL,סנו ריצפז פרש לימון 2 לי,ליטרים,2.00,ליטר,false,,17.90,8.9500,true,1,1167815
7290012823787,false,סנו רסס ונגב מילוי 7,סנו,IL,סנו רסס ונגב מילוי 750מל,מיליליטרים,750.00,"100 מ""ל",false,,9.90,0.0132,true,1,1167830
7290012823794,false,אל סבון כיף 2 ליטר,קוסמופארם,IL,אל סבון כיף יסמין 2 ליטר,ליטרים,2.00,ליטר,false,,22.90,11.4500,true,1,1167831
7290012823886,false,רביעיית אל סבון מוצק,קוסמופארם,IL,סבון כיף אוקיינוס4*100 ג,יח',4.00,יח',false,,9.90,2.4750,true,1,1229418
7290012823916,false,ג'ל כביסה מרוכז סנו,סנו,IL,מקסימה ג'ל כביסה 5ל,ליטרים,5.00,ליטר,false,,44.90,8.9800,true,1,1248538
7290012823923,false,מרכך מקסימה פרפיום 7,סנו,IL,מ.מקסימה פרפיום גולדן750,מיליליטרים,750.00,"100 מ""ל",false,,19.90,0.0265,true,1,1167838
7290012823947,false,מרכך מקסימה פרפיום 7,סנו,IL,מ.מקסימה פרפיום קריסט750,מיליליטרים,750.00,"100 מ""ל",false,,19.90,0.0265,true,1,1167840
7290012838026,false,עוגיות מלוחות,,,עוגיות מלוחות,גרמים,350.00,100 גרם,false,,15.90,0.0454,true,1,1222198
7290012850073,false,מחית סלט פירות 190 ג,NOVOFRUCHT SK S.R.O,SK,BELOVED מחית סלט פירות 19,גרמים,190.00,100 גרם,false,,5.90,0.0311,true,1,1157095
7290012864025,false,נבטי אלפלפא,,,נבטי אלפלפא,יחידה,0.00,יחידה,false,,4.90,0.0000,true,1,2053457
7290012871054,false,חטיף שלווה מתוקה 220,,,חטיף שלווה מתוקה 220,גרמים,200.00,100 גרם,false,,5.90,0.0295,true,1,1289648
7290012878817,false,תחליב חמצן 6%,שוורץ,IL,"תח'  חמ  % 6  60 סמ""ק שוו","100 סמ""ק",60.00,"100 סמ""ק",false,,3.00,0.0500,true,1,1175718
7290012884986,false,צ'יפס לתנור עד 4% שו,עיצובים 2020 (4.5),IL,תפוגן צ'יפס לתנור 4% שומן,קילוגרמים,1.50,"ק""ג",false,,24.90,16.6000,true,1,1156336
7290012888038,false,סט 3 צנצנות סמרט חצי,,,סט 3 צנצנות סמרט חצי,יחידה,0.00,יחידה,false,,16.90,0.0000,true,1,2098809
7290012911156,false,רוטב טריאקי שומשום,k.r.s. spicy food,TH,"רוטב טריאקי שומשום 300 מ""",מיליליטרים,300.00,"100 מ""ל",false,,13.90,0.0463,true,1,1190159
7290012911187,false,"מיסו בהיר 500 ג""ר -כ",,,"מיסו בהיר 500 ג""ר -כ",גרמים,500.00,100 גרם,false,,10.90,0.0218,true,1,1190161
7290012911293,false,דפי אורז ללא גלוטן,safaco food stuffe,VN,"דפי אורז 22 ס""מ (כשר) 300",גרמים,300.00,100 גרם,false,,12.90,0.0430,true,1,1190165
7290012911415,false,ממרח קארי ירוק 400 ג,krs spicy food,TH,ממרח קארי ירוק 400 גרם- כ,גרמים,400.00,100 גרם,false,,16.90,0.0422,true,1,1190170
7290012911422,false,ממרח קארי אדום 400 ג,krs spicy food,TH,ממרח קארי אדום 400 גרם -כ,גרמים,400.00,100 גרם,false,,16.90,0.0422,true,1,1190171
7290012911439,false,ממרח קארי צהוב 400 ג,krs spicy food,TH,ממרח קארי צהוב 400 גרם -כ,גרמים,400.00,100 גרם,false,,16.90,0.0422,true,1,1190172
7290012911477,false,"קרם קוקוס 400 מ""ל",asiatic agro industr,TH,"קרם קוקוס מבצע 400 מ""ל",גרמים,400.00,100 גרם,false,,8.90,0.0223,true,1,1190173
7290012911583,false,רצועות דלעת כבושה-קנ,laiwa taihe,CN,רצועות דלעת כבושה - קנפיו,גרמים,100.00,100 גרם,false,,10.90,0.1090,true,1,1190175
7290012911644,false,רוטב סריראג'ה צילי ח,,,רוטב סריראג'ה צילי ח,מיליליטרים,435.00,"100 מ""ל",false,,19.90,0.0457,true,1,1190177
7290012911651,false,"מקלוני אורז 400 ג""ר",lhian thai rice verm,TH,"אטריות אורז 10 מ""מ 400 ג""",גרמים,400.00,100 גרם,false,,8.90,0.0223,true,1,1190178
7290012911675,false,פטריות שיטאקה,shanghi dashate,CN,"פטריות שטאקה 85 ג""ר - כשר",גרמים,85.00,100 גרם,false,,13.90,0.1635,true,1,1190179
7290012911729,false,גינג'ר ורוד לסושי 25,laiwa manhing,CN,ג'ינג'ר לסושי ( ורוד ) כש,גרמים,250.00,100 גרם,false,,7.90,0.0316,true,1,1190180
7290012911965,false,גינגר לסושי ללא צבע,laiwa manhing,CN,"ג'ינג'ר לסושי , ללא צבע -",גרמים,250.00,100 גרם,false,,7.90,0.0316,true,1,1190187
7290012921025,false,בירה מלכה בהירה.,,,בירה מלכה בהירה.,מיליליטרים,330.00,"100 מ""ל",false,,12.90,0.0391,true,1,1181309
7290012921032,false,בירה מלכה אדמונית.,,,בירה מלכה אדמונית.,מיליליטרים,330.00,"100 מ""ל",false,,12.90,0.0391,true,1,1181310
7290012921049,false,בירה מלכה כהה.,,,בירה מלכה כהה.,מיליליטרים,330.00,"100 מ""ל",false,,12.90,0.0391,true,1,1181311
7290012921056,false,בירה מלכה חיטה.,,,בירה מלכה חיטה.,מיליליטרים,330.00,"100 מ""ל",false,,12.90,0.0391,true,1,1181312
7290012921063,false,בירה מלכה הינדי.,,,בירה מלכה הינדי.,מיליליטרים,330.00,"100 מ""ל",false,,12.90,0.0391,true,1,1240305
7290012921070,false,בירה מלכה אדמונית,,,בירה מלכה אדמונית,מיליליטרים,750.00,"100 מ""ל",false,,29.90,0.0399,true,1,2033107
7290012929779,false,פסטה ספירלה מקמח מלא,,,פסטה ספירלה מקמח מלא,גרמים,500.00,100 גרם,false,,4.90,0.0098,true,1,1180981
7290012929786,false,פסטה צינורות מקמח מל,,,פסטה צינורות מקמח מל,גרמים,500.00,100 גרם,false,,4.90,0.0098,true,1,1180982
7290012929793,false,ספגטי מקמח מלא 500 ג,,,ספגטי מקמח מלא 500 ג,גרמים,500.00,100 גרם,false,,4.90,0.0098,true,1,1180983
7290012938580,false,משחת שיניים סנסודיין,גלקסו סמית קליין,GB,סנסודיין הלבנה עדינה 75 מ,מיליליטרים,75.00,"100 מ""ל",false,,19.90,0.2653,true,1,1193076
7290012938597,false,משחת שיניים סנסודיין,סמית קליין ביצ'ם,SK,סנסודיין רפיד רליף 75 מ'',מיליליטרים,75.00,"100 מ""ל",false,,23.90,0.3187,true,1,1193077
7290012938740,false,משחת שיניים סנסודיין,גלקסו סמית קליין,GB,"סנסודיין פרש מינט 75 מ""ל",מיליליטרים,75.00,"100 מ""ל",false,,19.90,0.2653,true,1,1193082
7290012938924,false,א.פרש מי פה,גלקסו סמית קליין,GB,"א.פרש מיי פה 500 מ""ל",מיליליטרים,500.00,"100 מ""ל",false,,19.90,0.0398,true,1,1193083
7290012962561,false,קיסמי שיניים 500יח',,,קיסמי שיניים 500יח',יח',500.00,יח',false,,3.90,0.0078,true,1,1217171
7290012962578,false,צימרוני אוזנים עץ בק,,,צימרוני אוזנים עץ בק,יח',300.00,יח',false,,6.90,0.0230,true,1,1217172
7290012996672,false,סבון לאסלה זוג,רלוי,IT,סבון אסלה בושם ירוק - זוג,יחידה,1.00,יחידה,false,,9.90,9.9000,true,1,1173279
7290012996702,false,מבשם דוחה עש,רלוי,IT,הפי שקיות ריחניות לבגדים,יח',2.00,יח',false,,9.90,4.9500,true,1,1173282
7290013083661,false,מטרנה אקסטרה קר שלב,מטרנה,IL,תרכובת מזון לתינוקות על ב,גרמים,700.00,100 גרם,false,,59.90,0.0856,true,1,1156337
7290013083678,false,מטרנה אקסטרה קר שלב,מטרנה,IL,תרכובת מזון  המשך לתינוקו,גרמים,700.00,100 גרם,false,,59.90,0.0856,true,1,1156338
7290013083685,false,מטרנה אקסטרה קר שלב,מטרנה,IL,תרכובת מזון  המשך לפעוטות,גרמים,700.00,100 גרם,false,,59.90,0.0856,true,1,1156339
7290013117212,false,בורקס פילו גבינה.,מעדנות,IL,בורקס פילו במילוי גבינה מ,גרמים,600.00,100 גרם,false,,19.90,0.0332,true,1,1187582
7290013117229,false,"בורקס פילו תפו""א.",מעדנות,IL,"בורקס פילו במילוי תפו""א מ",גרמים,600.00,100 גרם,false,,19.90,0.0332,true,1,1187583
7290013117236,false,בורקס פילו פיצה.,מעדנות,IL,בורקס פילו פיצה 600 גר,גרמים,600.00,100 גרם,false,,19.90,0.0332,true,1,1187584
7290013117243,false,בורקס פילו בולגרית.,מעדנות,IL,בורקס פילו בולגרית 600 גר,גרמים,600.00,100 גרם,false,,19.90,0.0332,true,1,1187585
7290013117410,false,בצק פריך מתוק.,מעדנות,IL,בצק פריך מתוק 900 גר מעדנ,גרמים,900.00,100 גרם,false,,22.90,0.0254,true,1,1187588
7290013117427,false,בצק פריך מלוח.,מעדנות,IL,בצק פריך מלוח 900 גר מעדנ,גרמים,900.00,100 גרם,false,,22.90,0.0254,true,1,1187589
7290013117526,false,בצק שמרים.,מעדנות,IL,בצק שמרים למאפים מתוקים 9,גרמים,900.00,100 גרם,false,,22.90,0.0254,true,1,1187594
7290013121042,false,לחם איטלקי ללא גלוטן,אביב קונדיטוריה מעול,IL,לחם איטלקי 500,גרמים,500.00,100 גרם,false,,19.90,0.0398,true,1,1197058
7290013121127,false,לחמניות מיני ללא גלו,אביב קונדיטוריה מעול,IL,לחמניות מיני 420,גרמים,480.00,100 גרם,false,,19.90,0.0415,true,1,1197062
7290013121158,false,רביעיית לחמניות סנדב,אביב קונדיטוריה מעול,IL,רביעיית לחמניות סנדביץ 46,גרמים,460.00,100 גרם,false,,19.90,0.0433,true,1,1197065
7290013121165,false,שישיית לחמניות נקניק,אביב קונדיטוריה מעול,IL,6 לחמניות נקניקיה,גרמים,460.00,100 גרם,false,,19.90,0.0433,true,1,1197066
7290013121769,false,שליש באגט ללא סוכר ל,אביב קונדיטוריה מעול,IL,באגט שליש ללא סוכר 400 גר,גרמים,400.00,100 גרם,false,,19.90,0.0497,true,1,1197087
7290013156006,false,עוגיות מרוקאיות,,,עוגיות מרוקאיות,גרמים,350.00,100 גרם,false,,16.90,0.0483,true,1,1222199
7290013156846,false,עוגיות מלוחות גייקוב,,,עוגיות מלוחות גייקוב,גרמים,350.00,100 גרם,false,,16.90,0.0483,true,1,2074263
7290013156914,false,עוגיות כעך טוניסאי ג,,,עוגיות כעך טוניסאי ג,גרמים,350.00,100 גרם,false,,16.90,0.0483,true,1,2074264
7290013156921,false,עצבעות מתוקות ללא תו,,,עצבעות מתוקות ללא תו,גרמים,350.00,100 גרם,false,,16.90,0.0483,true,1,2074265
7290013232649,false,בצל ירוק,,,בצל ירוק,יחידה,0.00,יחידה,false,,4.90,0.0000,true,1,2055439
7290013268037,false,מרכך כביסה מקסימה סו,סנו,IL,'מקסימה ס.מרוכז לבנדר 1ל,ליטרים,1.00,ליטר,false,,19.90,19.9000,true,1,1167844
7290013268242,false,ריצפז פרש הום תרכיז,,,ריצפז פרש הום תרכיז,ליטרים,2.00,ליטר,false,,19.90,9.9500,true,1,1994341
7290013268440,false,צמד מברשות שיניים בו,,,צמד מברשות שיניים בו,יח',2.00,יח',false,,14.90,7.4500,true,1,1280891
7290013268563,false,דאודורנט ספריי קרמה,אמיליה קוסמטיקס,IL,דאו.קרמה מן ספריי קול200,מיליליטרים,200.00,"100 מ""ל",false,,11.90,0.0595,true,1,1167869
7290013268570,false,דאודורנט ספריי קרמה,אמיליה קוסמטיקס,IL,"דאו.קרמה מן קלאם 200 מ""ל",מיליליטרים,200.00,"100 מ""ל",false,,11.90,0.0595,true,1,1167870
7290013268594,false,דאודורנט ספריי קרמה,אמיליה קוסמטיקס,IL,"דאו.קרמה מן פאוור 200מ""ל",מיליליטרים,200.00,"100 מ""ל",false,,11.90,0.0595,true,1,1167872
7290013268839,false,פוליויקס פרקט 2 ליטר,,,פוליויקס פרקט 2 ליטר,ליטרים,2.00,ליטר,false,,19.90,9.9500,true,1,1730153
7290013268884,false,ריצפז פרש לרצפות 2 ל,סנו,IL,סנו ריצפז פרש מאסק 2ליטר,ליטרים,2.00,ליטר,false,,17.90,8.9500,true,1,1167893
7290013268891,false,ג'ל אוקסיג'ן לכביסה,סנו,IL,אוקסיג'ן ג'ל 3ליטר,ליטרים,3.00,ליטר,false,,29.90,9.9667,true,1,1167894
7290013268907,false,ג'ל כביסה מקסימה ביו,סנו,IL,מקסימה ג'ל לכביסה 3ל,ליטרים,3.00,ליטר,false,,29.90,9.9667,true,1,1167895
7290013268938,false,שלישיה סנובון לאסלה,NICOLS,PL,55 ג X 'סנובון מאסק 3 יח,יח',3.00,יח',false,,9.90,3.3000,true,1,1167897
7290013268983,false,מרכך כביסה מרוכז מקס,,,מרכך כביסה מרוכז מקס,ליטרים,1.00,ליטר,false,,19.90,19.9000,true,1,2071473
7290013268990,false,מרכך כביסה מרוכז מקס,סנו,IL,מקסימה מרכך מרוכז ביו1ל,ליטרים,1.00,ליטר,false,,19.90,19.9000,true,1,1167898
7290013269096,false,מטליות לחות לטיפול ב,טרופיקל דגיל,IL,מטליות למוצרי עור 20יח,יח',1.00,יח',false,,18.90,18.9000,true,1,1167903
7290013269157,false,מרסס למייבש כביסה סנ,,,מרסס למייבש כביסה סנ,מיליליטרים,750.00,"100 מ""ל",false,,17.90,0.0239,true,1,1167906
7290013269287,false,ג'ל כביסה מקסימה 3 ל,סנו,IL,מקסימה ג'ל כביסה מאסק3ל,ליטרים,3.00,ליטר,false,,29.90,9.9667,true,1,1167912
7290013269300,false,ניילון נצמד+ סכין חי,FV.HK,CN,ניילון נצמד פלוס 150 מטר,מטרים,150.00,מטר,false,,29.90,0.1993,true,1,1167913
7290013269348,false,סנו -K3 תחנות פיתיון,,,סנו -K3 תחנות פיתיון,גרמים,10.00,100 גרם,false,,49.90,4.9900,true,1,1975227
7290013269621,false,ריצפז פרש הום תרכיז,,,ריצפז פרש הום תרכיז,ליטרים,2.00,ליטר,false,,19.90,9.9500,true,1,1799345
7290013269638,false,ספוג הפלא EXTRA סנו,U.F.O,US,ספוג הפלא אקסטרה 6 יחידו,יח',6.00,יח',false,,11.90,1.9833,true,1,1167923
7290013269645,false,ריצפז פרש מטליות לחו,טרופיקל דגיל,IL,10מטליות לחות מאסק,יח',10.00,יח',false,,14.90,1.4900,true,1,1167924
7290013269652,false,פוליויקס גרניט פורצל,סנו,IL,פוליויקס ג.פורצלן מאסק2ל,ליטרים,2.00,ליטר,false,,24.90,12.4500,true,1,1167925
7290013269669,false,ריצפז פנטזיה לרצפות,סנו,IL,'ריצפז בניחוח פנטזיה 3 ל,ליטרים,3.00,ליטר,false,,15.90,5.3000,true,1,1167926
7290013269751,false,ריצפז פרש מטליות ענק,,,ריצפז פרש מטליות ענק,יח',10.00,יח',false,,14.90,1.4900,true,1,1799356
7290013269850,false,נייר אפיה אקולוגי סנ,טופלסט,IL,'נייר אפיה אקולוגי 50 יח,יח',50.00,יח',false,,14.90,0.2980,true,1,1167933
7290013269911,false,K-333 קוטל חרקים 750,סנו,IL,"סנו ק-333 750מ""ל",מיליליטרים,750.00,"100 מ""ל",false,,29.90,0.0399,true,1,1167937
7290013276124,false,בירה אמבר אלון 330 מ,,,בירה אמבר אלון 330 מ,ליטרים,330.00,100 ליטר,false,,14.90,0.0452,true,1,1359706
7290013302656,false,פילה סרדין בשמן זית,,,פילה סרדין בשמן זית,גרמים,125.00,100 גרם,false,,7.90,0.0632,true,1,1181000
7290013302663,false,פילה סרדין בשמן זית,,,פילה סרדין בשמן זית,גרמים,125.00,100 גרם,false,,7.90,0.0632,true,1,1181001
7290013310019,false,קיסמי שיניים רפואיים,,,קיסמי שיניים רפואיים,יח',30.00,יח',false,,5.90,0.1967,true,1,1217173
7290013310057,false,כוסות נייר 50 יח',,,כוסות נייר 50 יח',יח',50.00,יח',false,,10.90,0.2180,true,1,1217174
7290013310064,false,חוט דנטאלי רפואי עם,,,חוט דנטאלי רפואי עם,מטרים,50.00,מטר,false,,5.90,0.1180,true,1,1217175
7290013310378,false,כפפות כחולות S ללא א,,,כפפות כחולות S ללא א,יח',80.00,יח',false,,24.90,0.3112,true,1,1219615
7290013310385,false,כפפות כחולות M ללא א,,,כפפות כחולות M ללא א,יח',80.00,יח',false,,24.90,0.3112,true,1,1219629
7290013310392,false,כפפות כחולות L ללא א,,,כפפות כחולות L ללא א,יח',80.00,יח',false,,24.90,0.3112,true,1,1219630
7290013310408,false,כפפות כחולות XL ללא,,,כפפות כחולות XL ללא,יח',80.00,יח',false,,24.90,0.3112,true,1,1219631
7290013310576,false,כוסות נייר 50 יח',,,כוסות נייר 50 יח',יח',50.00,יח',false,,11.90,0.2380,true,1,1217148
7290013358356,false,פירורי לחם מוזהבים 3,מנה Mana,IL,מנה פירורי לחם מוזהבים 35,גרמים,320.00,100 גרם,false,,6.90,0.0216,true,1,1185874
7290013358363,false,פירורי לחם פנקו מוזה,מנה Mana,IL,מנה פירורי לחם פנקו מוזהב,גרמים,300.00,100 גרם,false,,9.90,0.0330,true,1,1185875
7290013358417,false,"רוטב טריאקי 300 מ""ל",,,"רוטב טריאקי 300 מ""ל",מיליליטרים,300.00,"100 מ""ל",false,,10.90,0.0363,true,1,1280570
7290013358431,false,קרוטונים לסלט 200 גר,מנה Mana,IL,מנה קרוטונים לסלט עגבניות,גרמים,200.00,100 גרם,false,,9.90,0.0495,true,1,1233405
7290013358448,false,קרוטונים לסלט 200 גר,מנה Mana,IL,מנה קרוטונים לסלט אקסטרא,גרמים,200.00,100 גרם,false,,9.90,0.0495,true,1,1233427
7290013358462,false,קרוטונים למרק 350 גר,מנה Mana,IL,מנה מיני קרוטונים למרק שו,גרמים,350.00,100 גרם,false,,17.90,0.0511,true,1,1233429
7290013358486,false,פירורי לחם מוזהבים ל,מנה Mana,IL,מנה פירורי לחם מוזהבים לל,גרמים,300.00,100 גרם,false,,9.90,0.0330,true,1,1216243
7290013358493,false,קרם קוקוס אסיאתי 400,,,קרם קוקוס אסיאתי 400,מיליליטרים,400.00,"100 מ""ל",false,,7.90,0.0198,true,1,1280579
7290013358516,false,מיקסלט מאסטר שף 200,מנה Mana,IL,מנה מיקסלט עם חמוציות 200,גרמים,200.00,100 גרם,false,,14.90,0.0745,true,1,1233486
7290013358523,false,שבבי בצל מטוגן 150 ג,,,שבבי בצל מטוגן 150 ג,גרמים,150.00,100 גרם,false,,9.90,0.0660,true,1,1501890
7290013358578,false,איטריות אורז רחבות מ,,,איטריות אורז רחבות מ,גרמים,400.00,100 גרם,false,,8.90,0.0223,true,1,1280573
7290013358585,false,נודלס ביצים מנה 400,,,נודלס ביצים מנה 400,גרמים,400.00,100 גרם,false,,8.90,0.0223,true,1,1280574
7290013358806,false,מאגדת פריכיות עם מלח,מנה Mana,IL,מנה מאגדת פריכיות אורז עם,גרמים,264.00,100 גרם,false,,12.90,0.0489,true,1,1185882
7290013361981,false,"צ'יפס 2 ק""ג",פרי הגליל,IL,צ'יפס קטרינג 2פג,קילוגרמים,2.00,"ק""ג",false,,24.90,12.4500,true,1,1194057
7290013361998,false,"סטייק ציפס 2 ק""ג",פרי הגליל,IL,סטייק צ'יפס 2קג פג רבנות,קילוגרמים,2.00,"ק""ג",false,,24.90,12.4500,true,1,1194058
7290013381088,false,עמבה הודית,,,עמבה הודית,גרמים,500.00,100 גרם,false,,9.90,0.0198,true,1,1177413
7290013381286,false,שקיות פתח סגור 40 יח,,,שקיות פתח סגור 40 יח,יחידה,40.00,יחידה,false,,8.90,0.2225,true,1,1177415
7290013381293,false,שקיות פתח סגור 20 יח,,,שקיות פתח סגור 20 יח,יחידה,20.00,יחידה,false,,8.90,0.4450,true,1,1177416
7290013381323,false,מיץ לימון,,,מיץ לימון,ליטרים,1.00,ליטר,false,,15.90,15.9000,true,1,1177417
7290013381675,false,"סירופ מלבי 750 מ""ל",,,"סירופ מלבי 750 מ""ל",מיליליטרים,750.00,"100 מ""ל",false,,16.90,0.0225,true,1,1177429
7290013381699,false,אבקת קקאו,,,אבקת קקאו,גרמים,500.00,100 גרם,false,,19.90,0.0398,true,1,1177430
7290013389084,false,טורטיה קמח תירס 20 ס,,,טורטיה קמח תירס 20 ס,גרמים,320.00,100 גרם,false,,9.90,0.0309,true,1,1186705
7290013389374,false,קמח תירס פולנטה 500,,,קמח תירס פולנטה 500,גרמים,500.00,100 גרם,false,,6.90,0.0138,true,1,1186715
7290013389381,false,"קמח תירס פולנטה 1 ק""",,,"קמח תירס פולנטה 1 ק""",קילוגרמים,1.00,"ק""ג",false,,9.90,9.9000,true,1,1186716
7290013389398,false,"קמח תירס דק 1 ק""ג",,,"קמח תירס דק 1 ק""ג",גרמים,1000.00,100 גרם,false,,9.90,0.0099,true,1,1186717
7290013389893,false,פילה סרדין בשמן 125,,,פילה סרדין בשמן 125,גרמים,125.00,100 גרם,false,,7.90,0.0632,true,1,1186727
7290013389909,false,פילה סרדין חריף 125,,,פילה סרדין חריף 125,גרמים,125.00,100 גרם,false,,7.90,0.0632,true,1,1186728
7290013412409,false,נועם סופגנית 15-FREE,,,נועם סופגנית 15-FREE,יח',15.00,יח',false,,9.90,0.6600,true,1,1288953
7290013412966,false,מגבון תולי רביעייה 7,,,מגבון תולי רביעייה 7,יח',288.00,יח',false,,14.90,0.0517,true,1,1767282
7290013424914,false,אפרסק פלחים 500 גרם,,,אפרסק פלחים 500 גרם,גרמים,500.00,100 גרם,false,,9.90,0.0198,true,1,2128670
7290013424921,false,קיווי פרוס ארוז 500,,,קיווי פרוס ארוז 500,גרמים,500.00,100 גרם,false,,9.90,0.0198,true,1,2128671
7290013424945,false,מנגו ארוז 500 גרם,,,מנגו ארוז 500 גרם,גרמים,500.00,100 גרם,false,,9.90,0.0198,true,1,2128672
7290013430083,false,בירה אלכסנדר,,,בירה אלכסנדר,מיליליטרים,330.00,"100 מ""ל",false,,13.20,0.0400,true,1,2067094
7290013430090,false,בירה אלכסנדר,,,בירה אלכסנדר,מיליליטרים,330.00,"100 מ""ל",false,,12.90,0.0391,true,1,2067095
7290013430250,false,בירה אלכסנדר,,,בירה אלכסנדר,מיליליטרים,330.00,"100 מ""ל",false,,12.90,0.0391,true,1,2067097
7290013430304,false,בירה אלכסנדר,,,בירה אלכסנדר,מיליליטרים,330.00,"100 מ""ל",false,,12.90,0.0391,true,1,2067098
7290013472199,false,ערמונים קלופים 100 ג,הבי ליקואן,CN,ערמונים קלופים וקלויים 10,גרמים,100.00,100 גרם,false,,5.90,0.0590,true,1,1159379
7290013521101,false,פסטה פוטציני כוסמין,,,פסטה פוטציני כוסמין,גרמים,350.00,100 גרם,false,,19.90,0.0569,true,1,1304213
7290013521132,false,איטריות אורגניות מאו,,,איטריות אורגניות מאו,גרמים,250.00,100 גרם,false,,14.90,0.0596,true,1,1304215
7290013521545,false,עוגיות חצי ירח אורגנ,,,עוגיות חצי ירח אורגנ,גרמים,180.00,100 גרם,false,,12.90,0.0717,true,1,1304483
7290013525802,false,סחוג אדום 150 גרם,,,סחוג אדום 150 גרם,גרמים,150.00,100 גרם,false,,9.90,0.0660,true,1,1990902
7290013531117,false,רוטב פסטה ילדים 240,זנלכל,IL,רוטב פסטה לילדים 260 ג יכ,גרמים,240.00,100 גרם,false,,5.50,0.0229,true,1,1170444
7290013531612,false,רוטב פסטה נפוליטנה 2,,,רוטב פסטה נפוליטנה 2,גרמים,240.00,100 גרם,false,,5.50,0.0229,true,1,2042666
7290013531629,false,רוטב פסטה פומדורו 24,,,רוטב פסטה פומדורו 24,גרמים,240.00,100 גרם,false,,5.50,0.0229,true,1,2042672
7290013534057,false,ציפס בטטה,,,ציפס בטטה,גרמים,100.00,100 גרם,false,,7.90,0.0790,true,1,1337916
7290013585233,false,ZERO ספרייט פחית 330,קוקה קולה Coca Cola,IL,ספרייט ZERO  סליק 330 מל,מיליליטרים,330.00,"100 מ""ל",false,,4.50,0.0136,true,1,1247655
7290013585387,false,קולה זירו 1 ליטר,,,קולה זירו 1 ליטר,ליטרים,1.00,ליטר,false,,6.90,6.9000,true,1,1562147
7290013585394,false,קוקה קולה 1 ליטר,,,קוקה קולה 1 ליטר,ליטרים,1.00,ליטר,false,,6.90,6.9000,true,1,1562141
7290013608260,false,מיץ רימונים סחוט טרי,גניר (1992),IL,מיץ רימונים 100%מיץ סחוט,ליטרים,1.00,ליטר,false,,22.90,22.9000,true,1,1188789
7290013625212,false,פילה מקרל בשמן צמחי,,,פילה מקרל בשמן צמחי,גרמים,125.00,100 גרם,false,,7.90,0.0632,true,1,1181017
7290013625229,false,פילה מקרל בשמן צמחי,,,פילה מקרל בשמן צמחי,גרמים,125.00,100 גרם,false,,7.90,0.0632,true,1,1181018
7290013625670,false,חומץ סינטטי 1 ליטר,,,חומץ סינטטי 1 ליטר,ליטרים,1.00,ליטר,false,,3.90,3.9000,true,1,1181026
7290013625922,false,איטריות 400 גרם דקות,,,איטריות 400 גרם דקות,גרמים,400.00,100 גרם,false,,4.90,0.0123,true,1,1181035
7290013625939,false,איטריות 400 גרם דקיק,,,איטריות 400 גרם דקיק,גרמים,400.00,100 גרם,false,,4.90,0.0123,true,1,1181036
7290013645364,false,עוגיות מזרחיות GFREE,,,עוגיות מזרחיות GFREE,גרמים,200.00,100 גרם,false,,18.90,0.0945,true,1,1292416
7290013645371,false,עוגיות שוקולד צ'יפס,,,עוגיות שוקולד צ'יפס,גרמים,200.00,100 גרם,false,,18.90,0.0945,true,1,1292417
7290013652157,false,מגבונים להסרת איפור,"ד""ר פישר Dr fischer",IL,נטורל קר שלישיית מגבונים,יח',90.00,יח',false,,24.90,0.2767,true,1,1198453
7290013652164,false,מגבונים להסרת איפור,"ד""ר פישר Dr fischer",IL,נטורל קר שלישיית מגבונים,יח',90.00,יח',false,,24.90,0.2767,true,1,1198454
7290013652171,false,מגבונים להסרת איפור,"ד""ר פישר Dr fischer",IL,נטורל קר שלישיית מגבונים,יח',90.00,יח',false,,24.90,0.2767,true,1,1198455
7290013652829,false,קרם ידיים נטורל קר 1,"ד""ר פישר Dr fischer",IL,נטורל קר קרם ידיים יבש/יב,מיליליטרים,150.00,"100 מ""ל",false,,11.90,0.0793,true,1,1198464
7290013652843,false,"שמפו נטורל קר 700 מ""","ד""ר פישר Dr fischer",IL,נטורל קר שמפו לשיער רגיל,מיליליטרים,700.00,"100 מ""ל",false,,15.90,0.0227,true,1,1198466
7290013652850,false,"שמפו נטורל קר 700 מ""","ד""ר פישר Dr fischer",IL,נטורל קר שמפו לשיער יבש/פ,מיליליטרים,700.00,"100 מ""ל",false,,15.90,0.0227,true,1,1198467
7290013652881,false,"מרכך נטורל קר 700 מ""","ד""ר פישר Dr fischer",IL,נטורל קר מרכך לשיער יבש/פ,מיליליטרים,700.00,"100 מ""ל",false,,15.90,0.0227,true,1,1198470
7290013655554,false,קערה 12 קריסטל,,,קערה 12 קריסטל,יחידה,0.00,יחידה,false,,12.90,0.0000,true,1,1207251
7290013675194,false,שניצל אמיתי ביתי ללא,,,שניצל אמיתי ביתי ללא,גרמים,700.00,100 גרם,false,,39.90,0.0570,true,1,1273027
7290013675828,false,חגיגה אסיאתית להקפצה,,,חגיגה אסיאתית להקפצה,גרמים,450.00,100 גרם,false,,19.90,0.0442,true,1,2006401
7290013677006,false,חומוס גדול סלקטד בוו,,,חומוס גדול סלקטד בוו,גרמים,500.00,100 גרם,false,,9.90,0.0198,true,1,1358682
7290013677020,false,שעועית לבנה סלקטד וו,,,שעועית לבנה סלקטד וו,גרמים,500.00,100 גרם,false,,8.90,0.0178,true,1,1358722
7290013677037,false,עדשים ירוקות סלקטד ו,,,עדשים ירוקות סלקטד ו,גרמים,500.00,100 גרם,false,,9.90,0.0198,true,1,1358777
7290013677044,false,עדשים אדומות סלקטד,,,עדשים אדומות סלקטד,גרמים,500.00,100 גרם,false,,9.90,0.0198,true,1,1358778
7290013677051,false,פופקורן סלקטד בוואקו,,,פופקורן סלקטד בוואקו,גרמים,500.00,100 גרם,false,,9.90,0.0198,true,1,1358769
7290013677075,false,חיטה סלקטד וואקום,,,חיטה סלקטד וואקום,גרמים,500.00,100 גרם,false,,8.90,0.0178,true,1,1358780
7290013677082,false,שעועית אדומה סלקטד ו,,,שעועית אדומה סלקטד ו,גרמים,500.00,100 גרם,false,,9.90,0.0198,true,1,1358770
7290013677099,false,גריסים פנינה סלקטד ו,,,גריסים פנינה סלקטד ו,גרמים,500.00,100 גרם,false,,8.90,0.0178,true,1,1358723
7290013677105,false,אפונה סלקטד וואקום,,,אפונה סלקטד וואקום,גרמים,500.00,100 גרם,false,,9.90,0.0198,true,1,1358771
7290013677112,false,בורגול סלקטד וואקום,,,בורגול סלקטד וואקום,גרמים,500.00,100 גרם,false,,8.90,0.0178,true,1,1358781
7290013677259,false,תבלין זעתר בשקית,מיה תעשיות מזון,IL,זעתר 50גרם שקית,גרמים,50.00,100 גרם,false,,4.90,0.0980,true,1,1181599
7290013677303,false,תבלין חוויג תימני בש,מיה תעשיות מזון,IL,חוואיג' תימני 50גרם שקית,גרמים,50.00,100 גרם,false,,4.90,0.0980,true,1,1181604
7290013677310,false,תבלין גריל בשר בשקית,מיה תעשיות מזון,IL,גריל בשר 80גרם שקית,גרמים,80.00,100 גרם,false,,4.90,0.0613,true,1,1181605
7290013677334,false,תבלין על האש בשקית,מיה תעשיות מזון,IL,תבלין על האש 50גרם שקית,גרמים,50.00,100 גרם,false,,4.90,0.0980,true,1,1181607
7290013677419,false,תן צאפ פלאפל,מיה תעשיות מזון,IL,תן צ'אפ טבעות שמנת בצל 50,גרמים,50.00,100 גרם,false,,3.90,0.0780,true,1,1181613
7290013677426,false,תן צאפ גלגלים,מיה תעשיות מזון,IL,תן צ'אפ גלגלים צ'ילי 50גר,גרמים,50.00,100 גרם,false,,3.90,0.0780,true,1,1181614
7290013677648,false,שמן זית למאור,מיגאסה,ES,שמן זית למאור 1ליטר בד''ץ,ליטרים,1.00,ליטר,false,,24.90,24.9000,true,1,1181617
7290013677655,false,סודה לשתיה בצנצנת,מיה תעשיות מזון,IL,סודה לשתיה 600גרם,גרמים,600.00,100 גרם,false,,19.90,0.0332,true,1,1181618
7290013677662,false,מלח לימון,מיה תעשיות מזון,IL,מלח לימון 500גרם,גרמים,300.00,100 גרם,false,,19.90,0.0663,true,1,1181619
7290013677679,false,סודה לשתיה בשקית,מיה תעשיות מזון,IL,סודה לשתיה 80גרם שקית,גרמים,80.00,100 גרם,false,,4.90,0.0613,true,1,1181620
7290013677686,false,פפריקה מרוקאית,מיה תעשיות מזון,IL,פפריקה מרוקאית בשמן 80גרם,גרמים,80.00,100 גרם,false,,4.90,0.0613,true,1,1181621
7290013677693,false,פלפל שחור גרוס,מיה תעשיות מזון,IL,פלפל שחור גרוס 50גרם שקית,גרמים,50.00,100 גרם,false,,6.90,0.1380,true,1,1181622
7290013677747,false,אבקת שוקו,מיה תעשיות מזון,IL,שוקו של מיה 500גרם בשקית,גרמים,500.00,100 גרם,false,,9.90,0.0198,true,1,1181626
7290013713018,false,בירה ג'מס,,,בירה ג'מס,ליטרים,0.33,100 ליטר,false,,12.90,39.0909,true,1,2123079
7290013713025,false,בירה ג'מס בקבוקי פיל,,,בירה ג'מס בקבוקי פיל,ליטרים,0.33,100 ליטר,false,,12.90,39.0909,true,1,1931286
7290013713049,false,בירה ג'מס בקבוק,,,בירה ג'מס בקבוק,ליטרים,0.33,100 ליטר,false,,12.90,39.0909,true,1,1931288
7290013724809,false,חטיף גרנולה בתוספת א,דין שיווק,,חטיף גרנולה בתוספת א,גרמים,175.00,100 גרם,false,,9.90,0.0566,true,1,2007572
7290013724960,false,שקדים בשוקולד חלב 14,שקדיה,,שקדים בשוקולד חלב 14,גרמים,140.00,100 גרם,false,,9.90,0.0707,true,1,1196890
7290013724984,false,בוטנים בשוקולד מריר,שקדיה,,בוטנים בשוקולד מריר,גרמים,160.00,100 גרם,false,,9.90,0.0619,true,1,1196892
7290013724991,false,אגוזי לוז בשוקולד חל,שקדיה,,אגוזי לוז בשוקולד חל,גרמים,140.00,100 גרם,false,,9.90,0.0707,true,1,1196893
7290013725639,false,רוטב צילי חריף 700 ג,דין שיווק,,רוטב צילי חריף 700 ג,גרמים,700.00,100 גרם,false,,7.90,0.0113,true,1,1175235
7290013725646,false,רוטב צילי מתוק 700 ג,דין שיווק,,רוטב צילי מתוק 700 ג,גרמים,700.00,100 גרם,false,,7.90,0.0113,true,1,1175236
7290013725820,false,אגוזי לוז בשוקולד מר,שקדיה,,אגוזי לוז בשוקולד מר,גרמים,140.00,100 גרם,false,,9.90,0.0707,true,1,1196894
7290013725837,false,שומשום בשוקולד חלב 1,שקדיה,,שומשום בשוקולד חלב 1,גרמים,140.00,100 גרם,false,,9.90,0.0707,true,1,1196895
7290013767639,false,משחרר ברגים קטן,,,משחרר ברגים קטן,יחידה,0.00,יחידה,false,,14.90,0.0000,true,1,1995576
7290013787156,false,רוטב שמנת גראנה פאדנ,,,רוטב שמנת גראנה פאדנ,גרמים,200.00,100 גרם,false,,12.90,0.0645,true,1,2015384
7290013787415,false,רביולי ריקוטה תרד 33,,,רביולי ריקוטה תרד 33,גרמים,330.00,100 גרם,false,,24.90,0.0755,true,1,2015393
7290013801845,false,כוסות מעוטרות כסף 50,,,כוסות מעוטרות כסף 50,100 יחידה,50.00,100 יחידה,false,,13.90,0.2780,true,1,1207260
7290013847102,false,טונה בשמן סטארקיסט ש,סטארקיסט,,טונה בשמן סטארקיסט ש,גרמים,240.00,100 גרם,false,,12.90,0.0538,true,1,2101443
7290013847386,false,טונה ס.ק לייט 4 % שו,סטארקיסט,,טונה ס.ק לייט 4 % שו,גרמים,140.00,100 גרם,false,,7.90,0.0564,true,1,1637307
7290013847553,false,טונה סטארקיסט רביעיה,סטארקיסט,,טונה סטארקיסט רביעיה,גרמים,640.00,100 גרם,false,,24.90,0.0389,true,1,1866118
7290013847645,false,טונה סטארקיסט שלישיי,סטארקיסט,,טונה סטארקיסט שלישיי,גרמים,240.00,100 גרם,false,,19.90,0.0829,true,1,1832964
7290013847812,false,טונה ילופין בשמן זית,סטארקיסט,,טונה ילופין בשמן זית,גרמים,140.00,100 גרם,false,,8.90,0.0636,true,1,1690623
7290013847836,false,מארז זוג טונה סטארקי,סטארקיסט,,מארז זוג טונה סטארקי,גרמים,280.00,100 גרם,false,,12.90,0.0461,true,1,1633863
7290013847867,false,מארז זוג טונה סטארקי,סטארקיסט,,מארז זוג טונה סטארקי,גרמים,280.00,100 גרם,false,,12.90,0.0461,true,1,1944768
7290013848345,false,מארז שלישיה מגבונים,,,מארז שלישיה מגבונים,יח',150.00,יח',false,,19.90,0.1327,true,1,1890571
7290013848383,false,קרמה מן ג'ל רחצה 700,קוסמופארם,IL,קמה מן ג'ל רחצה אקטיב700,מיליליטרים,700.00,"100 מ""ל",false,,18.90,0.0270,true,1,1167952
7290013848437,false,דאודורנט ספריי קרמה,אמיליה קוסמטיקס,IL,דאו.קרמה מן אקטיב 200מל,מיליליטרים,200.00,"100 מ""ל",false,,11.90,0.0595,true,1,1167954
7290013848611,false,רדיד אלומיניום 61 מט,ווינפאק,IL,רדיד אלומיניום עבה 61מטר,מטרים,61.00,מטר,false,,39.90,0.6541,true,1,1167964
7290013848758,false,ג'ל כביסה מקסימה ביי,סנו,IL,ג'ל לכביסה בייבי 3 ליטר,ליטרים,3.00,ליטר,false,,34.90,11.6333,true,1,1167974
7290013848789,false,רביעיית אל סבון מוצק,קוסמופארם,IL,סבון מוצק כיף דבש4*100ג,גרמים,400.00,100 גרם,false,,9.90,0.0248,true,1,1167977
7290013848796,false,רביעיית אל סבון מוצק,קוסמופארם,IL,100 *4 סבון מוצק כיף שקד,גרמים,400.00,100 גרם,false,,9.90,0.0248,true,1,1167978
7290013848802,false,רביעיית אל סבון מוצק,קוסמופארם,IL,סבון מוצק כיף לבנד4*100ג,גרמים,400.00,100 גרם,false,,9.90,0.0248,true,1,1167979
7290013848819,false,רביעיית אל סבון מוצק,קוסמופארם,IL,100*סבון מוצק כיף לוטוס4,גרמים,400.00,100 גרם,false,,9.90,0.0248,true,1,1167980
7290013848826,false,רביעיית אל סבון מוצק,קוסמופארם,IL,סבון מוצק כיף קוקס4*100ג,גרמים,400.00,100 גרם,false,,9.90,0.0248,true,1,1167981
7290013848833,false,רביעיית אל סבון מוצק,קוסמופארם,IL,סבון מוצק כיף רגיל4*100ג,גרמים,400.00,100 גרם,false,,9.90,0.0248,true,1,1167982
7290013861054,false,צימוקים בשוקולד חלב,שקדיה,,צימוקים בשוקולד חלב,גרמים,140.00,100 גרם,false,,9.90,0.0707,true,1,1196897
7290013861740,false,ניוקי 500 גרם,דין שיווק,,ניוקי 500 גרם,גרמים,500.00,100 גרם,false,,8.90,0.0178,true,1,1175248
7290013883148,false,מנטרל ריחות למקרר,רלוי,IT,הפי סופג ריחות במקרר,יחידה,0.00,יחידה,false,,9.90,0.0000,true,1,1173289
7290013883407,false,דזיטול מרסס מנקה ומח,מרקה,ES,דזיטול מרסס  לחיטוי,מיליליטרים,750.00,"100 מ""ל",false,,14.90,0.0199,true,1,1173299
7290013906052,false,נקניקיות פרגיות 300,,,נקניקיות פרגיות 300,גרמים,300.00,100 גרם,false,,11.90,0.0397,true,1,1229112
7290013906205,false,פסטרמה שום וצ'ילי,טירת צבי,IL,פסטרמה שום וצילי 400 גרם,גרמים,400.00,100 גרם,false,,26.90,0.0672,true,1,1187617
7290013906236,false,סלמי גלבוע 400 גר',טירת צבי,IL,סלמי גלבוע 400 ג',גרמים,400.00,100 גרם,false,,24.90,0.0622,true,1,1229120
7290013906441,false,קבנוס 120 גרם,טירת צבי,IL,קבנוס טירת צבי 120 גר',גרמים,120.00,100 גרם,false,,12.90,0.1075,true,1,1187618
7290013906458,false,קבנוס פיקנטי 120 גרם,טירת צבי,IL,קבנוס פיקנטי טירת צבי 120,גרמים,120.00,100 גרם,false,,12.90,0.1075,true,1,1187619
7290013906489,false,חטיפי קבנוס 120 גרם,טירת צבי,IL,חטיפי קבנוס טירת צבי 120,גרמים,120.00,100 גרם,false,,12.90,0.1075,true,1,1187620
7290013906496,false,פסטרמה עגל רומנית,טירת צבי,IL,פסטרמה עגל בסגנון רומני ט,גרמים,120.00,100 גרם,false,,12.90,0.1075,true,1,1229113
7290013906519,false,פרושוטו בקר 100 גר',טירת צבי,IL,פרושוטו בקר טירת צבי 100,גרמים,100.00,100 גרם,false,,23.90,0.2390,true,1,1229114
7290013906694,false,"נקניקיות עוף 1.5 ק""ג",,,"נקניקיות עוף 1.5 ק""ג",קילוגרמים,1.50,"ק""ג",false,,29.90,19.9333,true,1,2119612
7290013927200,false,עוגת שוקולד צ'יפס עש,"אחדות ביח""ר לטחינה ח",IL,עוגת שוקולד צי'פס עשירה 4,גרמים,400.00,100 גרם,false,,10.90,0.0273,true,1,1157170
7290013927323,false,עוגת בראוניס 400 גרם,"אחדות ביח""ר לטחינה ח",IL,עוגת בראוניס 400 גרם,גרמים,400.00,100 גרם,false,,10.90,0.0273,true,1,1991844
7290013927637,false,חלוה ללא תוספת סוכר,,,חלוה ללא תוספת סוכר,גרמים,400.00,100 גרם,false,,12.90,0.0323,true,1,1996345
7290013927996,false,עוגת שמרים קרנץ בטעם,,,עוגת שמרים קרנץ בטעם,גרמים,400.00,100 גרם,false,,10.90,0.0273,true,1,2016745
7290013939364,false,שמפו לשיער יבש צבוע,שוורץ,IL,שמפו תמרים יבש-צבוע 500סמ,מיליליטרים,500.00,"100 מ""ל",false,,14.90,0.0298,true,1,1175730
7290013994042,false,זרעי פשתן הרדוף 300,,,זרעי פשתן הרדוף 300,גרמים,300.00,100 גרם,false,,6.90,0.0230,true,1,1272207
7290013994318,false,קינואה מעורבת (טריקו,,,קינואה מעורבת (טריקו,גרמים,500.00,גרם,false,,19.90,0.0398,true,1,1358442
7290013994653,false,קינואה רויאל אורגנית,,,קינואה רויאל אורגנית,גרמים,500.00,100 גרם,false,,17.90,0.0358,true,1,1358444
7290014002135,false,תה ירוק מיקס לימונית,ויסוצקי,IL,תה ירוק מיקס,גרמים,37.50,100 גרם,false,,22.90,0.6107,true,1,1186358
7290014002203,false,תה צמחים לימונית לוא,ויסוצקי,IL,חליטת לימונית ולואיזה,גרמים,62.50,100 גרם,false,,16.90,0.2704,true,1,1186362
7290014002944,false,תה חליטת פירות וצמחי,ויסוצקי,IL,חליטת חמדת השקד,גרמים,62.50,100 גרם,false,,16.90,0.2704,true,1,1212841
7290014002982,false,תה ירוק עלי סטיביה,ויסוצקי,IL,תה ירוק סטיביה,גרמים,37.50,100 גרם,false,,22.90,0.6107,true,1,1186374
7290014015173,false,שיני שום קלופות -איק,,,שיני שום קלופות -איק,גרמים,180.00,100 גרם,false,,12.90,0.0717,true,1,2071452
7290014046474,false,נקניקיות עוף,,,נקניקיות עוף,קילוגרמים,1.50,"ק""ג",false,,25.90,17.2667,true,1,1367149
7290014056015,false,בירה שפירא-סטאוט 330,,,בירה שפירא-סטאוט 330,מיליליטרים,330.00,"100 מ""ל",false,,13.90,0.0421,true,1,2047176
7290014056039,false,בירה שפירא-חיטה 330,,,בירה שפירא-חיטה 330,מיליליטרים,330.00,"100 מ""ל",false,,13.90,0.0421,true,1,2010888
7290014059085,false,משחת שיניים סנסודיין,סמית קליין ביצ'ם,GB,סנסודיין משחה לשיקום והגנ,מיליליטרים,75.00,"100 מ""ל",false,,23.90,0.3187,true,1,1193114
7290014059436,false,משחת שיניים סנסודיין,סמית קליין ביצ'ם,GB,75 סנסודיין שיקום והגנה מ,מיליליטרים,75.00,"100 מ""ל",false,,23.90,0.3187,true,1,1193121
7290014066359,false,קפסולות קפה לנדוור 1,,,קפסולות קפה לנדוור 1,גרמים,80.00,100 גרם,false,,15.90,0.1988,true,1,1873364
7290014066366,false,קפסולות קפה לנדוור 1,,,קפסולות קפה לנדוור 1,גרמים,80.00,100 גרם,false,,15.90,0.1988,true,1,1873365
7290014066373,false,קפסולות קפה לנדוור 1,,,קפסולות קפה לנדוור 1,גרמים,80.00,100 גרם,false,,15.90,0.1988,true,1,1873366
7290014066380,false,קפסולות קפה לנדוור 1,,,קפסולות קפה לנדוור 1,גרמים,80.00,100 גרם,false,,15.90,0.1988,true,1,1873367
7290014066526,false,קפסולות קפה לנדוור 1,,,קפסולות קפה לנדוור 1,גרמים,80.00,100 גרם,false,,15.90,0.1988,true,1,2011860
7290014066533,false,קפסולות קפה לנדוור 1,,,קפסולות קפה לנדוור 1,גרמים,80.00,100 גרם,false,,15.90,0.1988,true,1,2011861
7290014083165,false,ניוקי 500 גרם.,פסטיפיציו,IT,ניוקי 500גרם ( 12יח'),גרמים,500.00,100 גרם,false,,8.90,0.0178,true,1,1159388
7290014083479,false,גבינת גאודה פרוסות 1,,LT,גבינת גאודה פרוסות 150גרם,גרמים,150.00,100 גרם,false,,9.90,0.0660,true,1,1586273
7290014083806,false,עוגיות בטעם חמאה 350,דן קייק,PT,עוגיות בטעם חמאה 350גרם (,גרמים,350.00,100 גרם,false,,11.90,0.0340,true,1,1159405
7290014083813,false,שפרוטים מעושנים בשמן,Briavais Vilns,LV,שפרוטים מעושנים בשמן 190ג,גרמים,190.00,100 גרם,false,,7.90,0.0416,true,1,1159406
7290014094338,false,דלעת מקולפת 200 גרם,דין שיווק,,דלעת מקולפת 200 גרם,גרמים,200.00,100 גרם,false,,14.90,0.0745,true,1,1217817
7290014094345,false,חמניה מקולפת 200 גרם,דין שיווק,,חמניה מקולפת 200 גרם,גרמים,200.00,100 גרם,false,,9.90,0.0495,true,1,1217818
7290014094352,false,אגוזי מלך 200 גרם בק,דין שיווק,,אגוזי מלך 200 גרם בק,גרמים,200.00,100 גרם,false,,19.90,0.0995,true,1,1217807
7290014094369,false,שקד טבעי 200 גרם בקו,דין שיווק,,שקד טבעי 200 גרם בקו,גרמים,200.00,100 גרם,false,,19.90,0.0995,true,1,1217808
7290014094376,false,שזיף ללא גלעין 250 ג,דין שיווק,,שזיף ללא גלעין 250 ג,גרמים,250.00,100 גרם,false,,19.90,0.0796,true,1,1217819
7290014094390,false,חמוציות 250 גרם בקופ,דין שיווק,,חמוציות 250 גרם בקופ,גרמים,250.00,100 גרם,false,,12.90,0.0516,true,1,1217821
7290014094406,false,צימוק לבן 250 גרם בק,דין שיווק,,צימוק לבן 250 גרם בק,גרמים,250.00,100 גרם,false,,14.90,0.0596,true,1,1217822
7290014094505,false,"אורז בסמטי 1 ק""ג",דין שיווק,,"אורז בסמטי 1 ק""ג",קילוגרמים,1.00,"ק""ג",false,,12.90,12.9000,true,1,1175258
7290014094529,false,"רוטב סויה 300 מ""ל",דין שיווק,,"רוטב סויה 300 מ""ל",מיליליטרים,300.00,"100 מ""ל",false,,10.90,0.0363,true,1,1175260
7290014094536,false,"רוטב סויה 623 מ""ל",דין שיווק,,"רוטב סויה 623 מ""ל",מיליליטרים,623.00,"100 מ""ל",false,,19.90,0.0319,true,1,1175261
7290014094642,false,קשיו טבעי גדול 200 ג,דין שיווק,,קשיו טבעי גדול 200 ג,גרמים,200.00,100 גרם,false,,24.90,0.1245,true,1,1217824
7290014095472,false,חטיף דגנים עם חמוציו,דין שיווק,,חטיף דגנים עם חמוציו,גרמים,125.00,100 גרם,false,,9.90,0.0792,true,1,1175267
7290014095496,false,חטיף דגנים אגוזים בש,דין שיווק,,חטיף דגנים אגוזים בש,גרמים,125.00,100 גרם,false,,9.90,0.0792,true,1,1175268
7290014095861,false,שיבולת שועל דקה 500,דין שיווק,,שיבולת שועל דקה 500,גרמים,500.00,100 גרם,false,,4.90,0.0098,true,1,1175280
7290014095953,false,פקאן בשוקולד חלב 140,שקדיה,,פקאן בשוקולד חלב 140,גרמים,140.00,100 גרם,false,,9.90,0.0707,true,1,1196902
7290014095960,false,שיבולת שועל עבה 500,דין שיווק,,שיבולת שועל עבה 500,גרמים,500.00,100 גרם,false,,4.90,0.0098,true,1,1175281
7290014126343,false,ביסקוטים בונומי קקאו,,,ביסקוטים בונומי קקאו,גרמים,200.00,100 גרם,false,,4.90,0.0245,true,1,1415919
7290014126428,false,סטיביה 150 טבליות,Surel,CN,מר' סטיביה 150טבליות,יח',150.00,יח',false,,26.90,0.1793,true,1,1234629
7290014204027,false,"שמפו יומי 750 מ""ל",א.ארמן,IL,"שמפו יומי 750 מ""ל",מיליליטרים,750.00,"100 מ""ל",false,,12.90,0.0172,true,1,1194551
7290014204577,false,"תחליב לילדים 750 מ""ל",,,"תחליב לילדים 750 מ""ל",מיליליטרים,750.00,"100 מ""ל",false,,19.90,0.0265,true,1,1245884
7290014204607,false,"סבון לילדים 750 מ""ל",,,"סבון לילדים 750 מ""ל",מיליליטרים,750.00,"100 מ""ל",false,,19.90,0.0265,true,1,1245887
7290014204638,false,מרכך שיער לאחר החלקה,,,מרכך שיער לאחר החלקה,מיליליטרים,750.00,"100 מ""ל",false,,24.90,0.0332,true,1,1257243
7290014204676,false,מסיכה לאחר החלקה 500,,,מסיכה לאחר החלקה 500,מיליליטרים,500.00,"100 מ""ל",false,,29.90,0.0598,true,1,1257247
7290014204713,false,"תרסיס גוף 250 מ""ל",,,"תרסיס גוף 250 מ""ל",מיליליטרים,250.00,"100 מ""ל",false,,29.90,0.1196,true,1,1245888
7290014217003,false,פפריקה מעושנת,תבליני טעם וריח,IL,מיכל פפריקה מעושנת 90 גר',גרמים,90.00,100 גרם,false,,7.90,0.0878,true,1,1197289
7290014217010,false,מיכל תיבול דגים,תבליני טעם וריח,IL,T-BUL לדגים מיכל 90 גר',גרמים,90.00,100 גרם,false,,12.90,0.1433,true,1,1197290
7290014217027,false,מיכל תיבול עוף,תבליני טעם וריח,IL,T-BUL לעוף מיכל 120 גר',גרמים,120.00,100 גרם,false,,12.90,0.1075,true,1,1197291
7290014217065,false,אורגנו מיכל גדול,תבליני טעם וריח,IL,מיכל אורגנו 30 גר',גרמים,30.00,100 גרם,false,,5.90,0.1967,true,1,1197295
7290014217157,false,תערובת תיבול טוסקנה,תבליני טעם וריח,IL,מיכל טוסקנה תיבול 120גר',גרמים,120.00,100 גרם,false,,7.90,0.0658,true,1,1222412
7290014217164,false,תבלין פטרוזיליה,תבליני טעם וריח,IL,מיכל פטרוזיליה 20 גר',גרמים,20.00,100 גרם,false,,5.90,0.2950,true,1,1222413
7290014217171,false,תערובת תיבול גריל דג,תבליני טעם וריח,IL,מיכל גריל דג תיבול 100גר',גרמים,100.00,100 גרם,false,,7.90,0.0790,true,1,1222414
7290014217201,false,תערובת תיבול סומק,,,תערובת תיבול סומק,גרמים,45.00,100 גרם,false,,4.90,0.1089,true,1,1278685
7290014217225,false,תבלין גריל עוף,תבליני טעם וריח,IL,מיכל גריל עוף 120 גר',גרמים,120.00,100 גרם,false,,7.90,0.0658,true,1,1197296
7290014217263,false,תיבול לפרגיות,,,תיבול לפרגיות,גרמים,100.00,100 גרם,false,,7.90,0.0790,true,1,1296492
7290014217348,false,מיכל צילי כתוש,תבליני טעם וריח,IL,מיכל צ'ילי כתוש 70 גר',גרמים,70.00,100 גרם,false,,7.90,0.1129,true,1,1197299
7290014217393,false,אבקת צילי חריף 30 גר,,,אבקת צילי חריף 30 גר,גרמים,30.00,100 גרם,false,,4.90,0.1633,true,1,2080095
7290014217485,false,קייגון תיבול מיכל,,,קייגון תיבול מיכל,גרמים,100.00,100 גרם,false,,7.90,0.0790,true,1,1789904
7290014217492,false,פילדלפיה תיבול מיכל,,,פילדלפיה תיבול מיכל,גרמים,100.00,100 גרם,false,,7.90,0.0790,true,1,1789905
7290014218338,false,"בורקס יפו תפו""א מעדנ",,,"בורקס יפו תפו""א מעדנ",גרמים,600.00,100 גרם,false,,12.90,0.0215,true,1,1350619
7290014218932,false,חטיפי פיצה בתוספת זי,,,חטיפי פיצה בתוספת זי,גרמים,710.00,100 גרם,false,,32.90,0.0463,true,1,1971260
7290014241787,false,גרעינים שחורים 200 ג,,,גרעינים שחורים 200 ג,גרמים,200.00,100 גרם,false,,4.90,0.0245,true,1,1264661
7290014258716,false,מטרנה צמחי 700 גרם,מטרנה,IL,תרכובת מזון לתינוקות על ב,גרמים,700.00,100 גרם,false,,54.90,0.0784,true,1,1229795
7290014308626,false,פלפל שחור גרוס דק דק,,,פלפל שחור גרוס דק דק,גרמים,100.00,100 גרם,false,,13.90,0.1390,true,1,2135253
7290014308633,false,פלפל שחור שלם,,,פלפל שחור שלם,גרמים,80.00,100 גרם,false,,13.90,0.1738,true,1,2135661
7290014308978,false,מקלות קינמון,,,מקלות קינמון,גרמים,80.00,100 גרם,false,,13.90,0.1738,true,1,2135245
7290014309012,false,אגוז מוסקט טחון,,,אגוז מוסקט טחון,גרמים,40.00,100 גרם,false,,13.90,0.3475,true,1,2135218
7290014309036,false,ציפורן טחונה,,,ציפורן טחונה,גרמים,40.00,100 גרם,false,,13.90,0.3475,true,1,2135269
7290014309128,false,קצח 120 גרם,,,קצח 120 גרם,גרמים,120.00,100 גרם,false,,13.90,0.1158,true,1,2135277
7290014309180,false,סומק,,,סומק,גרמים,120.00,100 גרם,false,,13.90,0.1158,true,1,2135246
7290014325036,false,סוכריות בטעם פירות,מיה תעשיות מזון,IL,סוכריות ג'לי שמחות 600גרם,גרמים,600.00,100 גרם,false,,22.90,0.0382,true,1,1181632
7290014325050,false,קורנפלור,מיה תעשיות מזון,IL,קורנפלור 500גרם,גרמים,500.00,100 גרם,false,,4.90,0.0098,true,1,1181633
7290014325074,false,מארז תן צאפ,מיה תעשיות מזון,IL,מארז תן צ'אפ כריות קטשופ,גרמים,350.00,100 גרם,false,,7.90,0.0226,true,1,1181635
7290014325265,false,חטיף תפוח אדמה עשירי,מיה תעשיות מזון,IL,מארז תן צאפ שמנת בצל 15גר,גרמים,350.00,100 גרם,false,,7.90,0.0226,true,1,1181643
7290014397163,false,מטהר אוויר פרש אוטומ,,,מטהר אוויר פרש אוטומ,מיליליטרים,250.00,"100 מ""ל",false,,12.90,0.0516,true,1,1604428
7290014397279,false,שקיות מזון XL סנו סו,אשפלסט תעשיות,IL,סנו סושי 300 שקיות מזון,יח',300.00,יח',false,,11.90,0.0397,true,1,1247691
7290014397286,false,מרכך כביסה מקסימה CA,סנו,IL,מרכך מרוכז חלב ודבש 1ל,ליטרים,1.00,ליטר,false,,19.90,19.9000,true,1,1168012
7290014397491,false,מבשם אוויר פרש הום נ,סנו,IL,סנופרש וניל קוקוס 350מל,מיליליטרים,350.00,"100 מ""ל",false,,10.90,0.0311,true,1,1168016
7290014397507,false,מבשם אוויר פרש הום נ,סנו,IL,סנופרש מאסק מעודן350,מיליליטרים,350.00,"100 מ""ל",false,,10.90,0.0311,true,1,1168017
7290014397521,false,מבשם אוויר פרש הום נ,סנו,IL,סנופרש הום לבנדר,מיליליטרים,350.00,"100 מ""ל",false,,10.90,0.0311,true,1,1168019
7290014397538,false,מבשם אוויר פרש הום נ,סנו,IL,סנופרש הום סבון מפנק,מיליליטרים,350.00,"100 מ""ל",false,,10.90,0.0311,true,1,1168020
7290014397705,false,פוליויקס פרקט 2 ליטר,סנו,IL,פוליויקס פרקט 2 ליטר,ליטרים,2.00,ליטר,false,,19.90,9.9500,true,1,1168032
7290014397712,false,סנובון ג'ל אסלה בניח,NICOLS,PL,סנובון ג'ל בניחוח פריחה,מיליליטרים,65.00,"100 מ""ל",false,,7.90,0.1215,true,1,1212654
7290014397767,false,ריצפז פרש הום תרכיז,סנו,IL,ריצפז פרש הום כותנה 2 לי,ליטרים,2.00,ליטר,false,,19.90,9.9500,true,1,1168036
7290014397774,false,ריצפז פרש הום תרכיז,סנו,IL,ריצפז פרש הום טבע רענן2ל,ליטרים,2.00,ליטר,false,,19.90,9.9500,true,1,1168037
7290014397781,false,ריצפז פרש הום תרכיז,סנו,IL,'ריצפז פרש סבון מפנק 2ל,ליטרים,2.00,ליטר,false,,19.90,9.9500,true,1,1168038
7290014397897,false,מבשים בגדים ואריגים,סנו,IL,מבשם בגדים ואריגים 350מל,מיליליטרים,350.00,"100 מ""ל",false,,18.90,0.0540,true,1,1168043
7290014426061,false,משחת שיניים לילדים ה,כצט,IL,משחת שיניים הלו קיטי,מיליליטרים,50.00,"100 מ""ל",false,,11.90,0.2380,true,1,1193130
7290014435377,false,חומוס עם רוטב מסבחה,,,חומוס עם רוטב מסבחה,גרמים,400.00,100 גרם,false,,10.90,0.0273,true,1,1990905
7290014435704,false,סלמון מעושן פרוס 100,,,סלמון מעושן פרוס 100,גרמים,100.00,100 גרם,false,,21.90,0.2190,true,1,1865395
7290014435803,false,מטיאס הולנדי (פרובנצ,,,מטיאס הולנדי (פרובנצ,גרמים,200.00,100 גרם,false,,18.90,0.0945,true,1,1868619
7290014435810,false,הרינג כבוש עם בצל במ,,,הרינג כבוש עם בצל במ,גרמים,220.00,100 גרם,false,,18.90,0.0859,true,1,1868620
7290014435841,false,פילה מטיאס הולנדי בש,,,פילה מטיאס הולנדי בש,גרמים,200.00,100 גרם,false,,18.90,0.0945,true,1,1868623
7290014435872,false,סלט הרינג עם מיונז,,,סלט הרינג עם מיונז,גרמים,200.00,100 גרם,false,,18.90,0.0945,true,1,1868624
7290014435889,false,סלט מטיאס עם מיונז,,,סלט מטיאס עם מיונז,גרמים,200.00,100 גרם,false,,18.90,0.0945,true,1,1868625
7290014435896,false,סלט סלומון עם מיונז,,,סלט סלומון עם מיונז,גרמים,200.00,100 גרם,false,,21.90,0.1095,true,1,1868626
7290014454132,false,דאודורנט ספריי love,,,דאודורנט ספריי love,יחידה,0.00,יחידה,false,,19.90,0.0000,true,1,1175431
7290014455252,false,גבינה גרנה פדנו מגור,,,גבינה גרנה פדנו מגור,גרמים,100.00,100 גרם,false,,10.90,0.1090,true,1,1282363
7290014455320,false,כדור מוצרלה פרסקה 10,,,כדור מוצרלה פרסקה 10,גרמים,100.00,100 גרם,false,,9.90,0.0990,true,1,1243965
7290014455467,false,מעדן שיבולת שועל וחל,,,מעדן שיבולת שועל וחל,גרמים,150.00,100 גרם,false,,5.50,0.0367,true,1,1282365
7290014459373,false,תפוגן צ'יפס קראנצי 1,עיצובים 2020 (4.5),,תפוגן צ'יפס קראנצי 1,קילוגרמים,1.50,"ק""ג",false,,22.90,15.2667,true,1,1284150
7290014471412,false,מיזלי בוטנים אגוזים,דין שיווק,,מיזלי בוטנים אגוזים,גרמים,1000.00,100 גרם,false,,19.90,0.0199,true,1,1175282
7290014471429,false,"מיזלי פירות 1 ק""ג.",דין שיווק,,"מיזלי פירות 1 ק""ג.",גרמים,1000.00,100 גרם,false,,19.90,0.0199,true,1,1175283
7290014471436,false,מיזלי צימוקים תפוח ק,דין שיווק,,מיזלי צימוקים תפוח ק,גרמים,1000.00,100 גרם,false,,19.90,0.0199,true,1,1175284
7290014472235,false,פקאן סיני מסוכר 200,דין שיווק,,פקאן סיני מסוכר 200,גרמים,200.00,100 גרם,false,,24.90,0.1245,true,1,1217825
7290014472426,false,קונפיטורה 450 גרם דו,דין שיווק,,קונפיטורה 450 גרם דו,גרמים,450.00,100 גרם,false,,12.90,0.0287,true,1,1509370
7290014472433,false,קונפיטורה 450 גרם תו,דין שיווק,,קונפיטורה 450 גרם תו,גרמים,450.00,100 גרם,false,,12.90,0.0287,true,1,1509371
7290014472440,false,קונפיטורה 450 גרם תפ,דין שיווק,,קונפיטורה 450 גרם תפ,גרמים,450.00,100 גרם,false,,12.90,0.0287,true,1,1509372
7290014472464,false,קונפיטורה 450 גרם מש,דין שיווק,,קונפיטורה 450 גרם מש,גרמים,450.00,100 גרם,false,,12.90,0.0287,true,1,1509374
7290014472990,false,ממרח שקדים 300 גרם,דין שיווק,,ממרח שקדים 300 גרם,גרמים,300.00,100 גרם,false,,34.90,0.1163,true,1,1350377
7290014525023,false,חטיף במילוי פירות יע,מרבה Merba,ES,מרבה סלים פרוט בטעם פירות,גרמים,215.00,100 גרם,false,,10.90,0.0507,true,1,1185888
7290014525177,false,חטיף עם יוגורט ופירו,מרבה Merba,ES,מרבה סלים פרוט בטעם יוגור,גרמים,120.00,100 גרם,false,,10.90,0.0908,true,1,1185889
7290014525290,false,חטיף קריספי עם מילוי,,,חטיף קריספי עם מילוי,גרמים,125.00,100 גרם,false,,10.90,0.0872,true,1,1297944
7290014525306,false,חטיף קריספי עם מילוי,,,חטיף קריספי עם מילוי,גרמים,125.00,100 גרם,false,,10.90,0.0872,true,1,1297945
7290014525665,false,עוגיות על חלל קקאו ע,,,עוגיות על חלל קקאו ע,גרמים,140.00,100 גרם,false,,9.90,0.0707,true,1,2064776
7290014547353,false,זוג מברשות שיניים סנ,,,זוג מברשות שיניים סנ,יחידה,0.00,יחידה,false,,19.90,0.0000,true,1,1631451
7290014562394,false,תה שומר 200 גרם,,,תה שומר 200 גרם,גרמים,200.00,100 גרם,false,,19.90,0.0995,true,1,1194665
7290014562585,false,דייסת בטעם וניל,בטר אנד דיפרנט B&D,IL,דייסה בטעם וניל 200 גרם,גרמים,200.00,100 גרם,false,,9.90,0.0495,true,1,1221024
7290014562684,false,פריכיות אורז דקות מר,,,פריכיות אורז דקות מר,גרמים,130.00,100 גרם,false,,5.90,0.0454,true,1,1287866
7290014562691,false,פריכיות תירס דקות מר,,,פריכיות תירס דקות מר,גרמים,130.00,100 גרם,false,,5.90,0.0454,true,1,1287867
7290014581074,false,רשת למנגל גדול,,,רשת למנגל גדול,יחידה,0.00,יחידה,false,,19.90,0.0000,true,1,2065658
7290014651920,false,קבוקים שומשום 200 גר,,,קבוקים שומשום 200 גר,גרמים,200.00,100 גרם,false,,4.90,0.0245,true,1,1595515
7290014666344,false,פלסטר נקסקר נושם צבע,,,פלסטר נקסקר נושם צבע,יח',48.00,יח',false,,14.90,0.3104,true,1,2045272
7290014692299,false,גבינת ברי קסטלו 125,ארלה,DK,גבינת ברי 125גרם CASTELLO,גרמים,125.00,100 גרם,false,,19.90,0.1592,true,1,1159411
7290014692305,false,גבינת קממבר קסטלו 12,ארלה,DK,גבינת קממבר 125גרם CASTEL,גרמים,125.00,100 גרם,false,,19.90,0.1592,true,1,1159412
7290014692619,false,נתחי טונה בהירה בשמן,,,נתחי טונה בהירה בשמן,יחידה,0.00,יחידה,false,,7.90,0.0000,true,1,1933749
7290014692817,false,גבינת מוצרלה מגורדת,,LT,גבינת מוצרלה מגורדת 200גר,גרמים,200.00,100 גרם,false,,15.00,0.0750,true,1,1159419
7290014725348,false,סוכרזית קלאסי 100 שק,סוכרזית Sucrazit,IL,סוכרזית קלאסי 100 שקיות,גרמים,130.00,100 גרם,false,,12.90,0.0992,true,1,1219678
7290014748613,false,דג טוב - מקלוני דגים,עיצובים 2020 (4.9),,דג טוב - מקלוני דגים,גרמים,600.00,100 גרם,false,,24.90,0.0415,true,1,1795399
7290014748651,false,דג טוב - פילה אמנון,עיצובים 2020 (4.9),,דג טוב - פילה אמנון,גרמים,360.00,100 גרם,false,,29.90,0.0831,true,1,1795401
7290014749245,false,רצועות שניצל בציפוי,עיצובים 2020 (4.9),,רצועות שניצל בציפוי,גרמים,600.00,100 גרם,false,,34.90,0.0582,true,1,1994881
7290014758100,false,מאגדת 8 יוגורט ביו ת,,,מאגדת 8 יוגורט ביו ת,גרמים,1200.00,100 גרם,false,,15.90,0.0133,true,1,1187192
7290014758117,false,מאגדת 8 יוגורט ביו ת,,,מאגדת 8 יוגורט ביו ת,גרמים,1200.00,100 גרם,false,,15.90,0.0133,true,1,1187193
7290014758162,false,חלב עיזים קרטון 1 לי,,,חלב עיזים קרטון 1 לי,ליטרים,1.00,ליטר,false,,14.90,14.9000,true,1,1187194
7290014759084,false,גבינת נפולאון טבעי מ,,,גבינת נפולאון טבעי מ,גרמים,225.00,100 גרם,false,,12.90,0.0573,true,1,1187236
7290014759534,false,בולגרית למריחה 5% טב,,,בולגרית למריחה 5% טב,גרמים,200.00,100 גרם,false,,12.90,0.0645,true,1,1187253
7290014759909,false,פטה עיזים 5% פיראוס,,,פטה עיזים 5% פיראוס,גרמים,250.00,100 גרם,false,,26.90,0.1076,true,1,1187261
7290014759978,false,גבינה גלעד קשקבל 200,,,גבינה גלעד קשקבל 200,גרמים,200.00,100 גרם,false,,25.90,0.1295,true,1,1187263
7290014759985,false,גבינה גבע פרמזן 200,,,גבינה גבע פרמזן 200,גרמים,200.00,100 גרם,false,,24.90,0.1245,true,1,1187264
7290014760141,false,משקה שקדים 1 ליטר,,DE,רייס דרים משקה שקדים 1 לי,ליטרים,1.00,ליטר,false,,11.90,11.9000,true,1,1251002
7290014760448,false,גבינה גלבוע 400 גרם,,,גבינה גלבוע 400 גרם,גרמים,400.00,100 גרם,false,,22.90,0.0572,true,1,1187282
7290014760912,false,גבינה צהובה גוש חלב,,,גבינה צהובה גוש חלב,גרמים,400.00,100 גרם,false,,24.90,0.0622,true,1,1251066
7290014761056,false,מעדן YOLO שוקולד חלב,,,מעדן YOLO שוקולד חלב,גרמים,123.00,100 גרם,false,,4.20,0.0341,true,1,1225922
7290014761063,false,מעדן YOLO שוקולד מרי,,,מעדן YOLO שוקולד מרי,גרמים,123.00,100 גרם,false,,4.20,0.0341,true,1,1225923
7290014761070,false,מעדן YOLO שוקולד לבן,,,מעדן YOLO שוקולד לבן,גרמים,123.00,100 גרם,false,,4.20,0.0341,true,1,1225924
7290014761193,false,פרילי פירות יער.,,,פרילי פירות יער.,גרמים,125.00,100 גרם,false,,3.20,0.0256,true,1,1229650
7290014761414,false,מעדן YOLO שכבות שוקו,,,מעדן YOLO שכבות שוקו,גרמים,123.00,100 גרם,false,,4.20,0.0341,true,1,1225927
7290014761612,false,מעדן YOLO שכבות שוקו,,,מעדן YOLO שכבות שוקו,גרמים,122.00,100 גרם,false,,4.20,0.0344,true,1,1240652
7290014761698,false,גבינת עמק 600 גרם בד,,,גבינת עמק 600 גרם בד,גרמים,600.00,100 גרם,false,,29.90,0.0498,true,1,1914619
7290014762756,false,גבינת נפולאון 16% בט,,,גבינת נפולאון 16% בט,גרמים,225.00,100 גרם,false,,12.90,0.0573,true,1,1284926
7290014762800,false,גביע מעדן סויה בטעם,,,גביע מעדן סויה בטעם,מיליליטרים,125.00,"100 מ""ל",false,,3.90,0.0312,true,1,1343494
7290014762831,false,גבינת נפוליאון 24% ע,,,גבינת נפוליאון 24% ע,גרמים,225.00,100 גרם,false,,12.90,0.0573,true,1,1300137
7290014763098,false,קרם גבינת שמנת 5% טו,,,קרם גבינת שמנת 5% טו,גרמים,200.00,100 גרם,false,,10.90,0.0545,true,1,1296753
7290014763272,false,משקה סויה ביו תות וב,,,משקה סויה ביו תות וב,גרמים,250.00,100 גרם,false,,5.90,0.0236,true,1,1311359
7290014785007,false,גרגרי טפיוקה קטנים,,,גרגרי טפיוקה קטנים,גרמים,400.00,100 גרם,false,,7.90,0.0198,true,1,1190189
7290014785069,false,"מירין משובח 250 מ""ל",danyang yihe,CN,"מירין משובח 250 מ""ל - כשר",מיליליטרים,250.00,"100 מ""ל",false,,11.90,0.0476,true,1,1190194
7290014785076,false,קרם קוקוס ללא חומר מ,asiatic agro industr,TH,קרם קוקוס ללא  חומר משמר,גרמים,400.00,100 גרם,false,,7.90,0.0198,true,1,1190195
7290014785168,false,אטריות שירטאקה,nantong jianglong,CN,אטריות שירטאקה 200 גר' דק,גרמים,200.00,100 גרם,false,,8.90,0.0445,true,1,1208154
7290014785441,false,אטריות ביצים 450 גרם,,,אטריות ביצים 450 גרם,גרמים,450.00,100 גרם,false,,8.90,0.0198,true,1,1525213
7290014785564,false,אטריות אודון מוכנות,,,אטריות אודון מוכנות,גרמים,200.00,100 גרם,false,,4.90,0.0245,true,1,1956110
7290014785571,false,אטריות מוכנות להקפצה,,,אטריות מוכנות להקפצה,גרמים,200.00,100 גרם,false,,4.90,0.0245,true,1,1956111
7290014785588,false,אטריות ראמן מוכנות 1,,,אטריות ראמן מוכנות 1,גרמים,180.00,100 גרם,false,,4.90,0.0272,true,1,1956112
7290014803220,false,"חומץ בלסמי 5% 500 מ""",,,"חומץ בלסמי 5% 500 מ""",מיליליטרים,500.00,"100 מ""ל",false,,15.90,0.0318,true,1,1333930
7290014803565,false,צנימים עגולים.,,,צנימים עגולים.,גרמים,300.00,גרם,false,,11.90,0.0397,true,1,1270770
7290014855434,false,מגבונים בייביסיטר פר,,,מגבונים בייביסיטר פר,יח',288.00,יח',false,,15.90,0.0552,true,1,1279100
7290014855458,false,מגבונים בייביסיטר פר,,,מגבונים בייביסיטר פר,יח',288.00,יח',false,,15.90,0.0552,true,1,1279101
7290014855809,false,מטליות לחות לניקוי כ,,,מטליות לחות לניקוי כ,יח',50.00,יח',false,,9.90,0.1980,true,1,1301945
7290014855854,false,בייבי בייסיק מגבונים,,,בייבי בייסיק מגבונים,יח',360.00,יח',false,,14.90,0.0414,true,1,1594864
7290014890145,false,גבינת שמנת טבעית 225,,,גבינת שמנת טבעית 225,גרמים,225.00,100 גרם,false,,9.90,0.0440,true,1,1612556
7290014901254,false,מרכך קרטין סטייל לאח,,,מרכך קרטין סטייל לאח,מיליליטרים,750.00,"100 מ""ל",false,,24.90,0.0332,true,1,1247905
7290014901261,false,מסכת קרטין סטייל לאח,,,מסכת קרטין סטייל לאח,מיליליטרים,500.00,"100 מ""ל",false,,34.90,0.0698,true,1,1247906
7290014901308,false,משחת שיניים סנסודיין,סמית קליין ביצ'ם,GB,"סנסודיין הגנה מלאה 75 מ""ל",מיליליטרים,75.00,"100 מ""ל",false,,23.90,0.3187,true,1,1193136
7290014901315,false,משחת שיניים סנסודיין,סמית קליין ביצ'ם,GB,סנסודיין הגנה מלאה פרש 75,מיליליטרים,75.00,"100 מ""ל",false,,23.90,0.3187,true,1,1193137
7290014901575,false,סבון ידיים סטייל תה,רקסאן,TR,סבון ידיים תה ירוק,מיליליטרים,500.00,"100 מ""ל",false,,8.90,0.0178,true,1,1259133
7290014905313,false,ניקוי וחיטוי רצפות ד,מרקה,ES,דזיטול לחיטוי רצפות ומשטח,ליטרים,1.00,ליטר,false,,14.90,14.9000,true,1,1627657
7290014905498,false,מטלית דו צדדית הפי,פלספק,TR,הפי גם וגם--גליל צהוב דו,יחידה,0.00,יחידה,false,,9.90,0.0000,true,1,1173323
7290014905719,false,הפי מרענן למדיח כלים,רלוי,IT,הפי לימונית גדולה למדיח,יחידה,0.00,יחידה,false,,9.90,0.0000,true,1,1225891
7290014945760,false,מבשם נוזלי בניחוח ונ,,,מבשם נוזלי בניחוח ונ,מיליליטרים,400.00,"100 מ""ל",false,,9.90,0.0248,true,1,1284391
7290014945777,false,מבשם נוזלי בניחוח ים,מ.א ייצור ושיווק מטל,,מבשם נוזלי לבנדר 1/24,מיליליטרים,400.00,"100 מ""ל",false,,9.90,0.0248,true,1,1268883
7290014945784,false,מבשם נוזלי בניחוח יע,מ.א ייצור ושיווק מטל,,מבשם נוזלי לבנדר 1/24,מיליליטרים,400.00,"100 מ""ל",false,,9.90,0.0248,true,1,1268884
7290014949751,false,אוטן ג'וניור ג'ל ליל,Jonson ג'ונסון,IT,אוטן פמילי קייר ג'וניור ג,מיליליטרים,100.00,"100 מ""ל",false,,18.90,0.1890,true,1,1200009
7290014962521,false,משחת שיניים טפטפים,כצט,IL,2-6משחת שיניים טפטפים לגי,מיליליטרים,50.00,"100 מ""ל",false,,9.90,0.1980,true,1,1216963
7290014962538,false,משחת שיניים ג'וניור,כצט,IL,6משחת שיניים טפטפים ג'ניו,גרמים,50.00,100 גרם,false,,9.90,0.1980,true,1,1216964
7290014973213,false,הרמס סלמון מעושן מדג,,,הרמס סלמון מעושן מדג,גרמים,200.00,100 גרם,false,,44.90,0.2245,true,1,2017857
7290014973336,false,הרמס פילה הרינג כבוש,,,הרמס פילה הרינג כבוש,גרמים,200.00,100 גרם,false,,16.90,0.0845,true,1,2017831
7290014973374,false,הרמס פילה מקרל בשמן,,,הרמס פילה מקרל בשמן,גרמים,200.00,100 גרם,false,,24.90,0.1245,true,1,2017832
7290014973411,false,הרמס סלמון מעושן מדג,,,הרמס סלמון מעושן מדג,גרמים,100.00,100 גרם,false,,22.90,0.2290,true,1,2017844
7290014973558,false,הרמס גרבלקס,,,הרמס גרבלקס,גרמים,200.00,100 גרם,false,,39.90,0.1995,true,1,2017846
7290014973664,false,הרמס איקרה אדום,,,הרמס איקרה אדום,גרמים,250.00,100 גרם,false,,19.90,0.0796,true,1,2065733
7290014973671,false,הרמס איקרה לבן,,,הרמס איקרה לבן,גרמים,250.00,100 גרם,false,,19.90,0.0796,true,1,2065734
7290014974562,false,גביע גלידה,,,גביע גלידה,גרמים,120.00,100 גרם,false,,6.90,0.0575,true,1,1443622
7290015009201,false,ניוקי תפוח אדמה 300,,,ניוקי תפוח אדמה 300,גרמים,300.00,100 גרם,false,,8.90,0.0297,true,1,1995475
7290015009317,false,נאצ'וס תירס טבעי 200,,,נאצ'וס תירס טבעי 200,גרמים,200.00,100 גרם,false,,11.90,0.0595,true,1,1995538
7290015009393,false,זיתים שחורים מגולעני,,,זיתים שחורים מגולעני,גרמים,124.00,100 גרם,false,,17.90,0.1444,true,1,1995479
7290015025942,false,פנג'ל קרם ידיים קלאס,אינטרקוסמא,IL,חדש -פנג'ל ק.ידיים קלאסיק,מיליליטרים,80.00,"100 מ""ל",false,,6.90,0.0863,true,1,1271220
7290015037273,false,פטרוזליה אוצר הארץ,,,פטרוזליה אוצר הארץ,יחידה,0.00,יחידה,false,,6.40,0.0000,true,1,1212154
7290015037280,false,כוסברה אוצר הארץ,,,כוסברה אוצר הארץ,יחידה,0.00,יחידה,false,,6.40,0.0000,true,1,1212155
7290015037297,false,שמיר אוצר הארץ,,,שמיר אוצר הארץ,יחידה,0.00,יחידה,false,,6.40,0.0000,true,1,1212156
7290015037419,false,סלרי אוצר הארץ,,,סלרי אוצר הארץ,יחידה,0.00,יחידה,false,,7.40,0.0000,true,1,1212159
7290015037433,false,חסה ערבית אוצר הארץ,,,חסה ערבית אוצר הארץ,יחידה,0.00,יחידה,false,,7.40,0.0000,true,1,1212160
7290015037440,false,כרוב לבן שלם אוצר הא,,,כרוב לבן שלם אוצר הא,קילוגרמים,1.00,"ק""ג",true,,14.70,14.7000,true,1,1212201
7290015037457,false,כרוב אדום שלם אוצר ה,,,כרוב אדום שלם אוצר ה,קילוגרמים,1.00,"ק""ג",true,,14.70,14.7000,true,1,1212202
7290015039055,false,רוטב צילי חריף,,,רוטב צילי חריף,מיליליטרים,700.00,"100 מ""ל",false,,9.90,0.0141,true,1,1631503
7290015039246,false,רביעית נתחי טונה בהי,טרופיקל,TH,רביעית נתחי טונה בהירה בש,גרמים,640.00,100 גרם,false,,19.90,0.0311,true,1,1214703
7290015039253,false,עלי גפן במלח,קורהאן,TR,עלי גפן במי מלח 620גרם,גרמים,620.00,100 גרם,false,,9.90,0.0160,true,1,1159425
7290015039338,false,רביעית טונה במי מלח,,,רביעית טונה במי מלח,גרמים,640.00,100 גרם,false,,19.90,0.0311,true,1,1214704
7290015057110,false,מקלות חמוצים,,,מקלות חמוצים,גרמים,20.00,100 גרם,false,,1.90,0.0950,true,1,2115351
7290015057134,false,מקלות חמוצים,,,מקלות חמוצים,גרמים,20.00,100 גרם,false,,1.90,0.0950,true,1,2115353
7290015129121,false,סקיני פסטה נודלס ללא,הוויזאי וואנגייה פוד,CN,סקיני פסטה נודלס 270 ג',גרמים,270.00,100 גרם,false,,12.90,0.0478,true,1,1215165
7290015129145,false,סקיני פסטה ספגטי ללא,הוויזאי וואנגייה פוד,CN,סקיני פסטה ספגטי 270 ג',גרמים,270.00,100 גרם,false,,12.90,0.0478,true,1,1215167
7290015129251,false,סקיני פסטה פטוציני,,,סקיני פסטה פטוציני,גרמים,200.00,100 גרם,false,,12.90,0.0645,true,1,1256868
7290015139465,false,בייגלה מצופה שוקולד,,,בייגלה מצופה שוקולד,גרמים,55.00,100 גרם,false,,3.90,0.0709,true,1,1285813
7290015139519,false,קוביות וופל 55 גר' M,,,קוביות וופל 55 גר' M,גרמים,55.00,100 גרם,false,,3.90,0.0709,true,1,1285818
7290015139533,false,וופל לימון ללא ציפוי,,,וופל לימון ללא ציפוי,גרמים,200.00,100 גרם,false,,9.90,0.0495,true,1,1285820
7290015139571,false,וופל בארים בציפוי שו,,,וופל בארים בציפוי שו,גרמים,125.00,100 גרם,false,,9.90,0.0792,true,1,1285824
7290015150088,false,מחית עגבניות 700 גרם,,,מחית עגבניות 700 גרם,גרמים,700.00,100 גרם,false,,9.90,0.0141,true,1,1336687
7290015150118,false,עגבניות חתוכות דק 3*,,,עגבניות חתוכות דק 3*,גרמים,1200.00,100 גרם,false,,14.90,0.0124,true,1,1281104
7290015150200,false,עגבניות חתוכות דק 40,,,עגבניות חתוכות דק 40,גרמים,400.00,100 גרם,false,,4.90,0.0123,true,1,1627418
7290015150361,false,תה ירוק נענע סטיביה,,,תה ירוק נענע סטיביה,גרמים,37.50,100 גרם,false,,22.90,0.6107,true,1,1242343
7290015150583,false,תה ירוק לימון ודבש,ויסוצקי,IL,תה ירוק לימונית ולואיזה,גרמים,37.50,100 גרם,false,,22.90,0.6107,true,1,1265634
7290015150729,false,תה ירוק סקיני גריני,,,תה ירוק סקיני גריני,גרמים,37.50,100 גרם,false,,22.90,0.6107,true,1,1288018
7290015155243,false,פרמיו כריות אנטי היי,,,פרמיו כריות אנטי היי,גרמים,60.00,100 גרם,false,,9.90,0.1650,true,1,2145423
7290015155427,false,פרמיו עוף וכבד 15ג',,,פרמיו עוף וכבד 15ג',גרמים,15.00,100 גרם,false,,6.90,0.4600,true,1,2145429
7290015155793,false,פרמיו כריות מיקס 60ג,,,פרמיו כריות מיקס 60ג,גרמים,60.00,100 גרם,false,,9.90,0.1650,true,1,2145434
7290015155823,false,חטיפטף פרינוק תפוח 1,,,חטיפטף פרינוק תפוח 1,גרמים,120.00,100 גרם,false,,5.90,0.0492,true,1,1618973
7290015155830,false,חטיפטף פרינוק תפוח ב,,,חטיפטף פרינוק תפוח ב,גרמים,120.00,100 גרם,false,,5.90,0.0492,true,1,1618974
7290015155847,false,חטיפטף פרינוק מחית ס,,,חטיפטף פרינוק מחית ס,גרמים,120.00,100 גרם,false,,5.90,0.0492,true,1,1618975
7290015156776,false,חטיפטף פרינוק פירות,,,חטיפטף פרינוק פירות,גרמים,120.00,100 גרם,false,,5.90,0.0492,true,1,1678930
7290015156790,false,חטיפטף פרינוק לפתן פ,,,חטיפטף פרינוק לפתן פ,גרמים,120.00,100 גרם,false,,5.90,0.0492,true,1,1678931
7290015156813,false,חטיפטף פרינוק פירות,,,חטיפטף פרינוק פירות,גרמים,120.00,100 גרם,false,,5.90,0.0492,true,1,1678932
7290015161992,false,פסטPRO עדשים אדומות,,,פסטPRO עדשים אדומות,גרמים,250.00,100 גרם,false,,16.90,0.0676,true,1,2043076
7290015172011,false,גיוזה עוף,,,גיוזה עוף,גרמים,330.00,100 גרם,false,,26.90,0.0815,true,1,2107458
7290015172028,false,גיוזה בטטה,,,גיוזה בטטה,גרמים,330.00,100 גרם,false,,26.90,0.0815,true,1,2107459
7290015172073,false,גיוזה פטריות,,,גיוזה פטריות,גרמים,330.00,100 גרם,false,,26.90,0.0815,true,1,2107460
7290015172097,false,גיוזה בקר,,,גיוזה בקר,גרמים,330.00,100 גרם,false,,26.90,0.0815,true,1,2107461
7290015172202,false,גיוזה ירקות אדממה,,,גיוזה ירקות אדממה,גרמים,330.00,100 גרם,false,,26.90,0.0815,true,1,2107464
7290015178174,false,פסטו בטעם פרמג'ן-אול,,,פסטו בטעם פרמג'ן-אול,גרמים,180.00,100 גרם,false,,9.90,0.0550,true,1,2042997
7290015178181,false,ארטישוק ברוזמרין -או,,,ארטישוק ברוזמרין -או,גרמים,180.00,100 גרם,false,,9.90,0.0550,true,1,2042998
7290015178266,false,רוטב פלפלת שחור ה,,,רוטב פלפלת שחור ה,גרמים,350.00,100 גרם,false,,12.90,0.0369,true,1,2137929
7290015178273,false,מרינדה לעוף בגריל,,,מרינדה לעוף בגריל,גרמים,350.00,100 גרם,false,,12.90,0.0369,true,1,2137930
7290015282000,false,איקרה אדומה,,,איקרה אדומה,גרמים,200.00,100 גרם,false,,12.90,0.0645,true,1,1868628
7290015282024,false,איקרה לבנה,,,איקרה לבנה,גרמים,200.00,100 גרם,false,,12.90,0.0645,true,1,1868630
7290015282390,false,סלט תורכי 200 גרם,,,סלט תורכי 200 גרם,גרמים,200.00,100 גרם,false,,11.90,0.0595,true,1,1990918
7290015282581,false,חומוס עם חריף 200 גר,,,חומוס עם חריף 200 גר,גרמים,200.00,100 גרם,false,,9.90,0.0495,true,1,1990920
7290015282598,false,חומוס מסעדות 200 גרם,,,חומוס מסעדות 200 גרם,גרמים,200.00,100 גרם,false,,9.90,0.0495,true,1,1990921
7290015282604,false,טחינה מיוחדת 200 גרם,,,טחינה מיוחדת 200 גרם,גרמים,200.00,100 גרם,false,,9.90,0.0495,true,1,1990922
7290015282628,false,חציל בטעם כבד 200 גר,,,חציל בטעם כבד 200 גר,גרמים,200.00,100 גרם,false,,11.90,0.0595,true,1,1990924
7290015282635,false,חומוס מסבחה 200 גרם,,,חומוס מסבחה 200 גרם,גרמים,200.00,100 גרם,false,,9.90,0.0495,true,1,1990925
7290015282642,false,חומוס אבו גוש 200 גר,,,חומוס אבו גוש 200 גר,גרמים,200.00,100 גרם,false,,9.90,0.0495,true,1,1990926
7290015282666,false,סלט טונה בריאות 200,,,סלט טונה בריאות 200,גרמים,200.00,100 גרם,false,,16.90,0.0845,true,1,1990927
7290015282673,false,חציל במיונז ביתי 200,,,חציל במיונז ביתי 200,גרמים,200.00,100 גרם,false,,9.90,0.0495,true,1,1990928
7290015282680,false,קישוא בטעם כבד 200 ג,,,קישוא בטעם כבד 200 ג,גרמים,200.00,100 גרם,false,,11.90,0.0595,true,1,1990929
7290015282697,false,כרוב אדום 200 גרם,,,כרוב אדום 200 גרם,גרמים,200.00,100 גרם,false,,11.90,0.0595,true,1,1990930
7290015282710,false,קוביות סלק 200 גרם,,,קוביות סלק 200 גרם,גרמים,200.00,100 גרם,false,,9.90,0.0495,true,1,1990931
7290015282727,false,גזר מרוקאי פיקנטי 20,,,גזר מרוקאי פיקנטי 20,גרמים,200.00,100 גרם,false,,11.90,0.0595,true,1,1990932
7290015282734,false,מטבוחה ביתית 200 גרם,,,מטבוחה ביתית 200 גרם,גרמים,200.00,100 גרם,false,,11.90,0.0595,true,1,1990933
7290015282741,false,חציל תאילנדי 200 גרם,,,חציל תאילנדי 200 גרם,גרמים,200.00,100 גרם,false,,11.90,0.0595,true,1,1990934
7290015282796,false,"סלט תפו""א 200 גרם",,,"סלט תפו""א 200 גרם",גרמים,200.00,100 גרם,false,,11.90,0.0595,true,1,1990938
7290015289009,false,בירה הרצל,,,בירה הרצל,מיליליטרים,330.00,"100 מ""ל",false,,12.90,0.0391,true,1,2011510
7290015293624,false,"אל סבון 400 מ""ל קמיל",,,"אל סבון 400 מ""ל קמיל",מיליליטרים,400.00,"100 מ""ל",false,,34.90,0.0872,true,1,1559110
7290015320481,false,שוקולד מריר 60% 100,,,שוקולד מריר 60% 100,גרמים,100.00,100 גרם,false,,3.90,0.0390,true,1,2009846
7290015321853,false,תיבול על הבייגל,,,תיבול על הבייגל,גרמים,120.00,100 גרם,false,,13.90,0.1158,true,1,2135288
7290015324007,false,תבלין פלפל שחור גרוס,תבליני טעם וריח,IL,שק.80 גר' פל.שחור גרוס,גרמים,80.00,100 גרם,false,,8.90,0.1113,true,1,1197302
7290015324014,false,תבלין פלפל שחור טחון,תבליני טעם וריח,IL,שק.80 גר' פל.שחור טחון,גרמים,80.00,100 גרם,false,,8.90,0.1113,true,1,1197303
7290015324038,false,תבלין פפריקה בשמן,תבליני טעם וריח,IL,שק.80 גר' פפריקה בשמן,גרמים,80.00,100 גרם,false,,4.90,0.0613,true,1,1197304
7290015324045,false,תבלין פפריקה חריפה,תבליני טעם וריח,IL,שק.80 גר' פפריקה חריפה,גרמים,80.00,100 גרם,false,,4.90,0.0613,true,1,1197305
7290015324069,false,תבלין גריל עוף,תבליני טעם וריח,IL,שק.80 גר' גריל עוף,גרמים,80.00,100 גרם,false,,4.90,0.0613,true,1,1197307
7290015324076,false,תבלין זעתר,תבליני טעם וריח,IL,שק.80 גר' זעתר מעורב,גרמים,80.00,100 גרם,false,,4.90,0.0613,true,1,1197308
7290015324083,false,תבלין מלח לימון,תבליני טעם וריח,IL,שק.80 גר' מלח לימון,גרמים,80.00,100 גרם,false,,4.90,0.0613,true,1,1197309
7290015324106,false,תבלין כורכום,תבליני טעם וריח,IL,שק.80 גר' כורכום טחון,גרמים,80.00,100 גרם,false,,4.90,0.0613,true,1,1197311
7290015324120,false,תבלין שום גבישי,תבליני טעם וריח,IL,שק.80 גר' שום גבישי,גרמים,80.00,100 גרם,false,,6.90,0.0863,true,1,1197313
7290015324151,false,תבלין חוויאג למרק,תבליני טעם וריח,IL,שק.80 גר' חוואיג' למרק,גרמים,80.00,100 גרם,false,,4.90,0.0613,true,1,1197314
7290015324168,false,תבלין על האש,תבליני טעם וריח,IL,שק.80 גר' על האש תיבול,גרמים,80.00,100 גרם,false,,4.90,0.0613,true,1,1197315
7290015324175,false,תבלין שוארמה,תבליני טעם וריח,IL,שק.80 גר' שוארמה תיבול,גרמים,80.00,100 גרם,false,,4.90,0.0613,true,1,1197316
7290015324427,false,סודה לשתיה,,,סודה לשתיה,גרמים,80.00,100 גרם,false,,3.90,0.0487,true,1,1547584
7290015324519,false,תבלין תערובת לפיצה,,,תבלין תערובת לפיצה,גרמים,80.00,100 גרם,false,,4.90,0.0613,true,1,1993624
7290015324526,false,תבלין תיבול לפרגיות,,,תבלין תיבול לפרגיות,גרמים,80.00,100 גרם,false,,4.90,0.0613,true,1,1993625
7290015324533,false,תבלין רוזמרין,,,תבלין רוזמרין,גרמים,55.00,100 גרם,false,,5.90,0.1073,true,1,1993637
7290015324540,false,תבלין טימין,,,תבלין טימין,גרמים,30.00,100 גרם,false,,5.90,0.1967,true,1,1993638
7290015324557,false,תבלין בהרט לבישול,,,תבלין בהרט לבישול,גרמים,80.00,100 גרם,false,,7.90,0.0988,true,1,1993639
7290015324564,false,מיכל כוסברה טחונה,,,מיכל כוסברה טחונה,גרמים,70.00,100 גרם,false,,7.90,0.1129,true,1,1993626
7290015324588,false,פלפל לבן 100 גרם,,,פלפל לבן 100 גרם,גרמים,100.00,100 גרם,false,,12.90,0.1290,true,1,2013448
7290015339483,false,ערמונים,,,ערמונים,גרמים,100.00,100 גרם,false,,5.90,0.0590,true,1,2129221
7290015339650,false,שוקולד חלבי בדץ,,,שוקולד חלבי בדץ,יחידה,0.00,יחידה,false,,6.90,0.0000,true,1,2129223
7290015347259,false,פירורי לחם מוזהבים.,מיה תעשיות מזון,IL,פירורי לחם מוזהבים 400גרם,גרמים,400.00,100 גרם,false,,5.90,0.0148,true,1,1219729
7290015347273,false,שוקולד צ'יפס,,,שוקולד צ'יפס,גרמים,300.00,100 גרם,false,,9.90,0.0330,true,1,1352275
7290015347303,false,מעדן אוכמניות 280 גר,,,מעדן אוכמניות 280 גר,גרמים,280.00,100 גרם,false,,12.90,0.0461,true,1,2047722
7290015347426,false,סוכריות ללא סוכר,,,סוכריות ללא סוכר,גרמים,80.00,100 גרם,false,,6.90,0.0863,true,1,1270187
7290015347433,false,סוכריות ללא סוכר,,,סוכריות ללא סוכר,גרמים,80.00,100 גרם,false,,6.90,0.0863,true,1,1270188
7290015347679,false,תבלין צילי,,,תבלין צילי,גרמים,70.00,100 גרם,false,,7.90,0.1129,true,1,1292820
7290015347686,false,תבלין צילי,,,תבלין צילי,גרמים,50.00,100 גרם,false,,6.90,0.1380,true,1,1292821
7290015347709,false,אגוז מוסקט,,,אגוז מוסקט,גרמים,70.00,100 גרם,false,,7.90,0.1129,true,1,1292822
7290015348089,false,יין לבן למברוסקו ביא,,,יין לבן למברוסקו ביא,מיליליטרים,750.00,"100 מ""ל",false,,25.00,0.0333,true,1,1289175
7290015348096,false,יין אמיליאנו למברוסק,,,יין אמיליאנו למברוסק,מיליליטרים,750.00,"100 מ""ל",false,,25.00,0.0333,true,1,1252641
7290015348300,false,יין קברנה סובניון רי,,,יין קברנה סובניון רי,מיליליטרים,750.00,"100 מ""ל",false,,55.90,0.0745,true,1,1832250
7290015350136,false,יין יוקרתי קרבנה סוב,,,יין יוקרתי קרבנה סוב,מיליליטרים,750.00,"100 מ""ל",false,,55.90,0.0745,true,1,1832290
7290015350150,false,סגל אדום חצי יבש,,,סגל אדום חצי יבש,מיליליטרים,750.00,"100 מ""ל",false,,24.90,0.0332,true,1,2013048
7290015350402,false,יין רזרב מוסקט ורוד,,,יין רזרב מוסקט ורוד,מיליליטרים,750.00,"100 מ""ל",false,,59.90,0.0799,true,1,1629182
7290015354899,false,חרדל דיזון מעודן 350,מרום את קונפינו,,חרדל דיזון מעודן 350,גרמים,350.00,100 גרם,false,,10.90,0.0311,true,1,1722555
7290015354905,false,חרדל דיזון עם חזרת 3,היינץ,,חרדל דיזון עם חזרת 3,גרמים,370.00,100 גרם,false,,10.90,0.0295,true,1,1722556
7290015366373,false,דוחה יתושים ספירה,,,דוחה יתושים ספירה,מיליליטרים,50.00,"100 מ""ל",false,,11.90,0.2380,true,1,1942139
7290015366663,false,משחת שיניים אקווה פר,,,משחת שיניים אקווה פר,גרמים,100.00,100 גרם,false,,7.90,0.0790,true,1,1287976
7290015366670,false,משחת שיניים אקוה פרש,,,משחת שיניים אקוה פרש,גרמים,100.00,100 גרם,false,,7.90,0.0790,true,1,1287977
7290015395045,false,קינואה 400 גרם,דין שיווק,,קינואה 400 גרם,גרמים,400.00,100 גרם,false,,9.90,0.0248,true,1,2012776
7290015470094,false,טוסו שוקולד מריר תפו,,,טוסו שוקולד מריר תפו,גרמים,100.00,100 גרם,false,,7.90,0.0790,true,1,1335181
7290015470391,false,"קרם ידיים פנג""ל מועש",אינטרקוסמא,IL,חדש-פנג'ל פלוס קרם ידיים,מיליליטרים,100.00,"100 מ""ל",false,,9.90,0.0990,true,1,1277224
7290015596398,false,"אלכוג'ל 100 מ""ל קיוו","ד""ר פישר Dr fischer",IL,"אלכוג'ל 100 מ""ל קיווי-לימ",מיליליטרים,100.00,"10  מ""ל",false,,9.90,0.0990,true,1,1229936
7290015596817,false,קרם גוף מועשר בשמן ק,,,קרם גוף מועשר בשמן ק,מיליליטרים,450.00,"100 מ""ל",false,,21.90,0.0487,true,1,2019982
7290015602365,false,מאפינס קטן יום הולדת,,,מאפינס קטן יום הולדת,יחידה,0.00,יחידה,false,,4.50,0.0000,true,1,1993862
7290015641470,false,תבניות אלומיניום 3 י,,,תבניות אלומיניום 3 י,יח',3.00,יח',false,,9.90,3.3000,true,1,2137085
7290015641487,false,תבניות אלומיניום 4 י,,,תבניות אלומיניום 4 י,יח',4.00,יח',false,,9.90,2.4750,true,1,2137331
7290015641494,false,תבניות אלומיניום 4 י,,,תבניות אלומיניום 4 י,יח',4.00,יח',false,,9.90,2.4750,true,1,2137096
7290015641500,false,תבניות אלומיניום 10,,,תבניות אלומיניום 10,יח',10.00,יח',false,,9.90,0.9900,true,1,2137097
7290015641517,false,תבניות אלומיניום 7 י,,,תבניות אלומיניום 7 י,יח',7.00,יח',false,,9.90,1.4143,true,1,2137098
7290015641524,false,תבניות אלומיניום 4 י,,,תבניות אלומיניום 4 י,יח',4.00,יח',false,,9.90,2.4750,true,1,2137344
7290015652544,false,תבלין גריל עוף 130 ג,דין שיווק,,תבלין גריל עוף 130 ג,גרמים,120.00,100 גרם,false,,9.90,0.0825,true,1,1509355
7290015652551,false,תבלין זעתר שומשום 15,דין שיווק,,תבלין זעתר שומשום 15,גרמים,150.00,100 גרם,false,,9.90,0.0660,true,1,1509356
7290015652568,false,תבלין תיבול לדג 70 ג,דין שיווק,,תבלין תיבול לדג 70 ג,גרמים,70.00,100 גרם,false,,9.90,0.1414,true,1,1509357
7290015652575,false,תבלין ראס אל חנות 15,דין שיווק,,תבלין ראס אל חנות 15,גרמים,150.00,100 גרם,false,,9.90,0.0660,true,1,1509358
7290015652582,false,תבלין חרימה דג 150 ג,דין שיווק,,תבלין חרימה דג 150 ג,גרמים,150.00,100 גרם,false,,9.90,0.0660,true,1,1509359
7290015652599,false,תבלין צלי בקר 120 גר,דין שיווק,,תבלין צלי בקר 120 גר,גרמים,120.00,100 גרם,false,,9.90,0.0825,true,1,1509360
7290015695817,false,נבטי קייל,,,נבטי קייל,יחידה,0.00,יחידה,false,,9.90,0.0000,true,1,1395429
7290015695824,false,נבטי חרדל,,,נבטי חרדל,יחידה,0.00,יחידה,false,,9.90,0.0000,true,1,1279817
7290015695831,false,נבטי צנונית,,,נבטי צנונית,יחידה,0.00,יחידה,false,,9.90,0.0000,true,1,1279818
7290015695848,false,נבטי אלפלפא,,,נבטי אלפלפא,יחידה,0.00,יחידה,false,,9.90,0.0000,true,1,1279819
7290015695855,false,נבטי חמניה,,,נבטי חמניה,יחידה,0.00,יחידה,false,,9.90,0.0000,true,1,1279814
7290015695886,false,מיקס נבטים,,,מיקס נבטים,יחידה,0.00,יחידה,false,,9.90,0.0000,true,1,1279821
7290015695893,false,מיקס נבטוטים,,,מיקס נבטוטים,יחידה,0.00,יחידה,false,,9.90,0.0000,true,1,1279822
7290015695916,false,מיקס נבטים ענק,,,מיקס נבטים ענק,יחידה,0.00,יחידה,false,,15.90,0.0000,true,1,1279823
7290015695923,false,נבטים סיניים,,,נבטים סיניים,יחידה,0.00,יחידה,false,,7.90,0.0000,true,1,1347161
7290015699730,false,הפי רצפות מבושם 1.5,,,הפי רצפות מבושם 1.5,ליטרים,1.50,ליטר,false,,14.90,9.9333,true,1,1358317
7290015733229,false,מטרנה אקסטרה קר מהדר,,,מטרנה אקסטרה קר מהדר,גרמים,700.00,100 גרם,false,,59.90,0.0856,true,1,1708236
7290015733427,false,דייסת גם וגם וניל פי,,,דייסת גם וגם וניל פי,גרמים,300.00,100 גרם,false,,22.90,0.0763,true,1,1990524
7290015733441,false,דייסת גם וגם דגנים 3,,,דייסת גם וגם דגנים 3,גרמים,300.00,100 גרם,false,,22.90,0.0763,true,1,1990525
7290015733465,false,דייסת גם וגם קורנפלו,,,דייסת גם וגם קורנפלו,גרמים,300.00,100 גרם,false,,22.90,0.0763,true,1,1990526
7290015733977,false,מטרנה אקסטרה קר קומפ,,,מטרנה אקסטרה קר קומפ,גרמים,700.00,100 גרם,false,,59.90,0.0856,true,1,2058593
7290015804400,false,עגבניות מרוסקות טל,,,עגבניות מרוסקות טל,גרמים,250.00,100 גרם,false,,3.50,0.0140,true,1,1279543
7290015804417,false,עגבניות מרוסקות עם ש,,,עגבניות מרוסקות עם ש,גרמים,250.00,100 גרם,false,,3.50,0.0140,true,1,1279544
7290015804424,false,עגבניות מרוסקות בטעם,,,עגבניות מרוסקות בטעם,גרמים,250.00,100 גרם,false,,3.50,0.0140,true,1,1279545
7290015804486,false,רוטב עגבניות מרוכז ו,,,רוטב עגבניות מרוכז ו,גרמים,250.00,100 גרם,false,,3.50,0.0140,true,1,1279557
7290015856492,false,קרקר חטיפית מלוח,,,קרקר חטיפית מלוח,גרמים,180.00,100 גרם,false,,4.90,0.0272,true,1,1909536
7290015856546,false,חטיפי קרקר בצורת דגי,,,חטיפי קרקר בצורת דגי,גרמים,180.00,100 גרם,false,,4.90,0.0272,true,1,1909541
7290015856720,false,סנקסו חטיף אפונה,,,סנקסו חטיף אפונה,גרמים,50.00,100 גרם,false,,5.90,0.1180,true,1,2075414
7290015856805,false,קרקר דגן ללא סוכר 25,,,קרקר דגן ללא סוכר 25,גרמים,250.00,100 גרם,false,,7.90,0.0316,true,1,2049612
7290015856829,false,הבסקוויט של ה שוקו,,,הבסקוויט של ה שוקו,יחידה,0.00,יחידה,false,,4.90,0.0000,true,1,2058630
7290015856935,false,ביסקוויט בטעם חמאה ה,,,ביסקוויט בטעם חמאה ה,גרמים,400.00,100 גרם,false,,8.90,0.0223,true,1,2080351
7290015856973,false,ביסקוויט תה וניל ללא,,,ביסקוויט תה וניל ללא,גרמים,150.00,100 גרם,false,,5.90,0.0393,true,1,2120951
7290015856980,false,ביסקוויט תה שוקו ללא,,,ביסקוויט תה שוקו ללא,גרמים,150.00,100 גרם,false,,5.90,0.0393,true,1,2120952
7290015858106,false,ממרח פסטו ביתי 180 ג,,,ממרח פסטו ביתי 180 ג,גרמים,180.00,100 גרם,false,,14.90,0.0828,true,1,1933783
7290015858175,false,ממרח פלפלים קלויים 1,,,ממרח פלפלים קלויים 1,גרמים,180.00,100 גרם,false,,14.90,0.0828,true,1,1933793
7290015859004,false,עירית,,,עירית,יחידה,0.00,יחידה,false,,5.90,0.0000,true,1,1237280
7290015859028,false,תרד ניו זילנדי,,,תרד ניו זילנדי,יחידה,0.00,יחידה,false,,9.90,0.0000,true,1,1237246
7290015859042,false,לבבות קיסר,,,לבבות קיסר,00000000000000000000,0.00,00000000000000000000,false,,9.90,0.0000,true,1,1237248
7290015859073,false,רוזמרין,,,רוזמרין,יחידה,0.00,יחידה,false,,4.90,0.0000,true,1,1237283
7290015859080,false,קורנית,,,קורנית,00000000000000000000,0.00,00000000000000000000,false,,4.90,0.0000,true,1,1237284
7290015859103,false,מרווה,,,מרווה,יחידה,0.00,יחידה,false,,4.90,0.0000,true,1,1237317
7290015859110,false,חמציץ,,,חמציץ,יחידה,0.00,יחידה,false,,8.90,0.0000,true,1,1237318
7290015859202,false,בזיליקום,,,בזיליקום,יחידה,0.00,יחידה,false,,5.90,0.0000,true,1,1237321
7290015859219,false,בזיליקום,,,בזיליקום,יחידה,0.00,יחידה,false,,9.90,0.0000,true,1,1237322
7290015859233,false,קייל ירוק,,,קייל ירוק,יחידה,0.00,יחידה,false,,9.90,0.0000,true,1,1237324
7290015859301,false,חסה מסולסלת צבעונית,,,חסה מסולסלת צבעונית,יחידה,0.00,יחידה,false,,9.90,0.0000,true,1,1243549
7290015865739,false,קונפיטורת אוכמניות ע,,,קונפיטורת אוכמניות ע,גרמים,400.00,100 גרם,false,,19.90,0.0497,true,1,2114443
7290015865746,false,קונפיטורת פירות יער,,,קונפיטורת פירות יער,גרמים,400.00,100 גרם,false,,19.90,0.0497,true,1,2114444
7290015899390,false,תרסיס לניקוי  והברקת,סאסאטק SASATECK,,תרסיס לניקוי  והברקת,מיליליטרים,500.00,"100 מ""ל",false,,9.90,0.0198,true,1,1398277
7290015899505,false,חיטוי פירות וירקות 1,,,חיטוי פירות וירקות 1,ליטרים,1.00,ליטר,false,,9.90,9.9000,true,1,1567108
7290015899512,false,אקונומיקה מבושמת לימ,סאסאטק SASATECK,,אקונומיקה מבושמת לימ,ליטרים,4.00,ליטר,false,,14.90,3.7250,true,1,1260182
7290015899529,false,אקונומיקה מבושמת פרח,סאסאטק SASATECK,,אקונומיקה מבושמת פרח,ליטרים,4.00,ליטר,false,,14.90,3.7250,true,1,1260183
7290015899628,false,נוזל רב תכליתי 1 ליט,סאסאטק SASATECK,,נוזל רב תכליתי 1 ליט,ליטרים,1.00,ליטר,false,,9.90,9.9000,true,1,1267339
7290015899970,false,אקונומיקה סמיכה בניח,סאסאטק SASATECK,,אקונומיקה סמיכה בניח,ליטרים,4.00,ליטר,false,,14.90,3.7250,true,1,1278596
7290015899994,false,מסיר אבן 1 ליטר פרפק,סאסאטק SASATECK,,מסיר אבן 1 ליטר פרפק,ליטרים,1.00,ליטר,false,,9.90,9.9000,true,1,1279367
7290015968010,false,כפפות ניטריל שחורות,,,כפפות ניטריל שחורות,יח',100.00,יח',false,,17.90,0.1790,true,1,1955451
7290015968737,false,צלחות מעוטרות ענקיות,,,צלחות מעוטרות ענקיות,יח',10.00,יח',false,,35.90,3.5900,true,1,1617346
7290015968805,false,מפיות מודפסות 20 יח',,,מפיות מודפסות 20 יח',יח',20.00,יח',false,,8.90,0.4450,true,1,1617369
7290015968843,false,מפיות מודפסות 20 יח',,,מפיות מודפסות 20 יח',יח',20.00,יח',false,,8.90,0.4450,true,1,1617373
7290015968850,false,מפיות מודפסות 20 יח',,,מפיות מודפסות 20 יח',יח',20.00,יח',false,,8.90,0.4450,true,1,1617374
7290015968911,false,מפיות מודפסות 20 יח',,,מפיות מודפסות 20 יח',יח',20.00,יח',false,,8.90,0.4450,true,1,1617380
7290015968973,false,כפפות ניטריל שחורות,,,כפפות ניטריל שחורות,יח',100.00,יח',false,,17.90,0.1790,true,1,1955452
7290015968980,false,כפפות ניטריל שחורות,,,כפפות ניטריל שחורות,יח',100.00,יח',false,,17.90,0.1790,true,1,1955453
7290015968997,false,כפפות ניטריל שחורות,,,כפפות ניטריל שחורות,יח',100.00,יח',false,,17.90,0.1790,true,1,1955454
7290016006339,false,רביעייה מי עדן 1 ליט,,,רביעייה מי עדן 1 ליט,ליטרים,4.00,ליטר,false,,9.90,2.4750,true,1,1594824
7290016077759,false,רוטב ברבקיו 480 גרם,היינץ,,רוטב ברבקיו 480 גרם,גרמים,480.00,100 גרם,false,,12.90,0.0269,true,1,1585036
7290016083323,false,עוגיות בדלי בטעמים ש,,,עוגיות בדלי בטעמים ש,גרמים,500.00,100 גרם,false,,15.90,0.0318,true,1,2096949
7290016083347,false,עוגיות בדלי בטעמים ש,,,עוגיות בדלי בטעמים ש,גרמים,500.00,100 גרם,false,,15.90,0.0318,true,1,2096951
7290016083378,false,עוגיות בדלי בטעמים ש,,,עוגיות בדלי בטעמים ש,גרמים,500.00,100 גרם,false,,15.90,0.0318,true,1,2096952
7290016083583,false,עוגיות בדלי בטעמים ש,,,עוגיות בדלי בטעמים ש,גרמים,500.00,100 גרם,false,,15.90,0.0318,true,1,2048920
7290016083590,false,עוגיות בדלי בטעמים ש,,,עוגיות בדלי בטעמים ש,גרמים,500.00,100 גרם,false,,15.90,0.0318,true,1,2066499
7290016083644,false,עוגיות בדלי בטעמים ש,,,עוגיות בדלי בטעמים ש,גרמים,600.00,100 גרם,false,,15.90,0.0265,true,1,2066504
7290016106411,false,פרוסות מנגו 425 גרם,,,פרוסות מנגו 425 גרם,גרמים,425.00,100 גרם,false,,7.90,0.0186,true,1,2072185
7290016106657,false,רביעיית טונה בשמן בד,,,רביעיית טונה בשמן בד,גרמים,560.00,100 גרם,false,,19.90,0.0355,true,1,2136741
7290016106664,false,רביעיית טונה במים בד,,,רביעיית טונה במים בד,גרמים,560.00,100 גרם,false,,19.90,0.0355,true,1,2136747
7290016117189,false,ברזלית 5 יחידות פרפק,,,ברזלית 5 יחידות פרפק,יח',5.00,יח',false,,7.90,1.5800,true,1,1303036
7290016117196,false,כרית יפנית דו צדדית,,,כרית יפנית דו צדדית,יח',4.00,יח',false,,9.90,2.4750,true,1,1303021
7290016117202,false,כריות קרצוף שלישייה,,,כריות קרצוף שלישייה,יח',3.00,יח',false,,9.90,3.3000,true,1,1303037
7290016117226,false,כרית יפנית שישיה פרפ,,,כרית יפנית שישיה פרפ,יח',6.00,יח',false,,9.90,1.6500,true,1,1303023
7290016136111,false,תערובת קמח רב תכליתי,,,תערובת קמח רב תכליתי,גרמים,500.00,100 גרם,false,,16.90,0.0338,true,1,1292423
7290016136692,false,משחת שיניים שלישיה מ,,,משחת שיניים שלישיה מ,מיליליטרים,300.00,"100 מ""ל",false,,19.90,0.0663,true,1,1334772
7290016136708,false,א.פרש שלישיה עדין,,,א.פרש שלישיה עדין,מיליליטרים,300.00,"100 מ""ל",false,,19.90,0.0663,true,1,1334773
7290016136722,false,פתיתים פנה ללא גלוטן,,,פתיתים פנה ללא גלוטן,גרמים,340.00,100 גרם,false,,7.90,0.0232,true,1,1378958
7290016136739,false,פתיתים פוזילי ללא גל,,,פתיתים פוזילי ללא גל,גרמים,340.00,100 גרם,false,,7.90,0.0232,true,1,1378959
7290016150384,false,סלק אדום מבושל באריז,,,סלק אדום מבושל באריז,גרמים,500.00,100 גרם,false,,5.90,0.0118,true,1,1366653
7290016162264,false,עוגת גבינה רנסנס 450,,,עוגת גבינה רנסנס 450,גרמים,450.00,100 גרם,false,,34.90,0.0776,true,1,1293356
7290016217759,false,חציל מרוקאי 200 גרם,,,חציל מרוקאי 200 גרם,גרמים,200.00,100 גרם,false,,11.90,0.0595,true,1,1990946
7290016217988,false,גרבלקס חדש,,,גרבלקס חדש,גרמים,100.00,100 גרם,false,,21.90,0.2190,true,1,2098995
7290016234008,false,אנשובי צנצנת עם שמן,,,אנשובי צנצנת עם שמן,גרמים,100.00,100 גרם,false,,9.90,0.0990,true,1,1521737
7290016246025,false,בארכה מיקס פינוקיות,,,בארכה מיקס פינוקיות,גרמים,200.00,100 גרם,false,,11.90,0.0595,true,1,1287810
7290016246209,false,חלבה בארכה חטיף וניל,,,חלבה בארכה חטיף וניל,גרמים,100.00,100 גרם,false,,3.00,0.0300,true,1,1369505
7290016246292,false,מאגדת בארכה חטיף חלב,,,מאגדת בארכה חטיף חלב,גרמים,126.00,100 גרם,false,,9.90,0.0786,true,1,1545308
7290016246308,false,מאגדת בארכה חטיף חלב,,,מאגדת בארכה חטיף חלב,גרמים,126.00,100 גרם,false,,9.90,0.0786,true,1,1545309
7290016246445,false,טחינה גולמית מעודנת,,,טחינה גולמית מעודנת,גרמים,310.00,100 גרם,false,,11.90,0.0384,true,1,1791282
7290016246452,false,טחינה גולמית מעודנת,,,טחינה גולמית מעודנת,גרמים,310.00,100 גרם,false,,11.90,0.0384,true,1,1791283
7290016246490,false,בארכה חלבה קלאסית 40,,,בארכה חלבה קלאסית 40,גרמים,400.00,100 גרם,false,,9.90,0.0248,true,1,1832338
7290016246711,false,טחינה גולמית מעודנת,,,טחינה גולמית מעודנת,גרמים,310.00,100 גרם,false,,11.90,0.0384,true,1,1982898
7290016246773,false,טחינה גולמית מעודנת,,,טחינה גולמית מעודנת,גרמים,310.00,100 גרם,false,,11.90,0.0384,true,1,2041141
7290016255003,false,"מסיר שומנים 750 מ""ל",סאסאטק SASATECK,,"מסיר שומנים 750 מ""ל",מיליליטרים,750.00,"100 מ""ל",false,,9.90,0.0132,true,1,1284369
7290016255010,false,מרסס מסיר אבנית 750,סאסאטק SASATECK,,מרסס מסיר אבנית 750,מיליליטרים,750.00,"100 מ""ל",false,,9.90,0.0132,true,1,1284378
7290016255027,false,מרסס לניקוי כללי בתו,סאסאטק SASATECK,,מרסס לניקוי כללי בתו,מיליליטרים,750.00,"100 מ""ל",false,,14.90,0.0199,true,1,1284379
7290016255034,false,ג'ל לניקוי אסלות בני,סאסאטק SASATECK,,ג'ל לניקוי אסלות בני,מיליליטרים,750.00,"100 מ""ל",false,,7.90,0.0105,true,1,1278613
7290016255041,false,ג'ל לניקוי אסלות בני,סאסאטק SASATECK,,ג'ל לניקוי אסלות בני,מיליליטרים,750.00,"100 מ""ל",false,,7.90,0.0105,true,1,1278614
7290016255157,false,דלי מטליות לחות לניק,,,דלי מטליות לחות לניק,יח',50.00,יח',false,,29.90,0.5980,true,1,1609021
7290016255393,false,מטליות נשלפות לניקוי,,,מטליות נשלפות לניקוי,יח',400.00,יח',false,,29.90,0.0747,true,1,1287822
7290016255492,false,נוזל מבושם לשטיפת פר,,,נוזל מבושם לשטיפת פר,ליטרים,2.00,ליטר,false,,19.90,9.9500,true,1,1293930
7290016255508,false,נוזל לניקוי כלים 750,,,נוזל לניקוי כלים 750,מיליליטרים,750.00,"100 מ""ל",false,,9.90,0.0132,true,1,1320668
7290016255515,false,נוזל לניקוי כלים 750,,,נוזל לניקוי כלים 750,מיליליטרים,750.00,"100 מ""ל",false,,9.90,0.0132,true,1,1320669
7290016255638,false,נוזל לניקוי רצפות בנ,,,נוזל לניקוי רצפות בנ,ליטרים,2.00,ליטר,false,,9.90,4.9500,true,1,1293931
7290016255645,false,נוזל לניקוי רצפות בנ,,,נוזל לניקוי רצפות בנ,ליטרים,2.00,ליטר,false,,9.90,4.9500,true,1,1293932
7290016255652,false,נוזל לניקוי רצפות בנ,,,נוזל לניקוי רצפות בנ,ליטרים,2.00,ליטר,false,,9.90,4.9500,true,1,1293933
7290016255928,false,ג'ל כביסה לבנה וצבעו,סאסאטק SASATECK,,ג'ל כביסה לבנה וצבעו,ליטרים,3.00,ליטר,false,,17.90,5.9667,true,1,1305156
7290016270570,false,מלפפון בייבי,,,מלפפון בייבי,00000000000000000000,0.00,00000000000000000000,false,,7.90,0.0000,true,1,1513805
7290016270907,false,ברוקולי ארוז -גן היר,,,ברוקולי ארוז -גן היר,יחידה,0.00,יחידה,false,,9.90,0.0000,true,1,2100907
7290016276534,false,שמן קוקוס לא מזוכך 5,דין שיווק,,שמן קוקוס לא מזוכך 5,מיליליטרים,500.00,"100 מ""ל",false,,24.90,0.0498,true,1,2073846
7290016302059,false,מארז פרנה ביס 10 יח',,,מארז פרנה ביס 10 יח',יח',10.00,יח',false,,9.90,0.9900,true,1,2044662
7290016319187,false,עוגיות סנדויץ טוסו ש,,,עוגיות סנדויץ טוסו ש,גרמים,300.00,100 גרם,false,,16.90,0.0563,true,1,2030963
7290016319194,false,עוגיות סנדויץ טוסו ש,,,עוגיות סנדויץ טוסו ש,גרמים,300.00,100 גרם,false,,16.90,0.0563,true,1,2030964
7290016319200,false,עוגיות סנדויץ טוסו א,,,עוגיות סנדויץ טוסו א,גרמים,300.00,100 גרם,false,,16.90,0.0563,true,1,2030965
7290016319309,false,אל סבון פמילי 1 ליטר,,,אל סבון פמילי 1 ליטר,ליטרים,1.00,ליטר,false,,9.90,9.9000,true,1,1724219
7290016320343,false,"זוג ט.דאק 750 מ""ל בנ",,,"זוג ט.דאק 750 מ""ל בנ",מיליליטרים,1500.00,"מ""ל",false,,19.90,0.0133,true,1,1570513
7290016321319,false,אל סבון פמילי 1 ליטר,,,אל סבון פמילי 1 ליטר,ליטרים,1.00,ליטר,false,,9.90,9.9000,true,1,2099849
7290016321326,false,אל סבון פמילי 1 ליטר,,,אל סבון פמילי 1 ליטר,ליטרים,1.00,ליטר,false,,9.90,9.9000,true,1,2099856
7290016321661,false,רביעיית מגבוני פרשוו,,,רביעיית מגבוני פרשוו,יח',256.00,יח',false,,15.90,0.0621,true,1,1961412
7290016321678,false,רביעיית מגבוני פרשוו,,,רביעיית מגבוני פרשוו,יח',256.00,יח',false,,15.90,0.0621,true,1,1961413
7290016321883,false,מארז שלישייה נייר טו,,,מארז שלישייה נייר טו,יח',40.00,יח',false,,14.90,0.3725,true,1,1989339
7290016321890,false,מארז שלישייה נייר טו,,,מארז שלישייה נייר טו,יח',40.00,יח',false,,14.90,0.3725,true,1,1989340
7290016329261,false,סרקל ספריי מתיר קשרי,,,סרקל ספריי מתיר קשרי,מיליליטרים,300.00,"100 מ""ל",false,,29.90,0.0997,true,1,1334058
7290016329308,false,סרקל קרם רוזמרין לשי,,,סרקל קרם רוזמרין לשי,מיליליטרים,325.00,"100 מ""ל",false,,27.90,0.0858,true,1,1988676
7290016329315,false,סרקל ספריי מתיר קשרי,,,סרקל ספריי מתיר קשרי,מיליליטרים,300.00,"100 מ""ל",false,,29.90,0.0997,true,1,1361645
7290016370959,false,חציל קלוי על האש בצנ,,,חציל קלוי על האש בצנ,גרמים,530.00,100 גרם,false,,9.90,0.0187,true,1,1359864
7290016370973,false,פלפל קלויי על האש,,,פלפל קלויי על האש,גרמים,540.00,100 גרם,false,,9.90,0.0183,true,1,1359866
7290016372342,false,עגבניות חתוכות 3*400,,,עגבניות חתוכות 3*400,גרמים,1200.00,100 גרם,false,,14.90,0.0124,true,1,1606789
7290016372373,false,זוג רסק עגבניות 2*14,,,זוג רסק עגבניות 2*14,גרמים,280.00,100 גרם,false,,7.90,0.0282,true,1,1606791
7290016372458,false,תה הגן הקסום לימונית,,,תה הגן הקסום לימונית,גרמים,75.00,100 גרם,false,,29.90,0.3987,true,1,1502530
7290016372489,false,חליטת ג'ינג'ר ולימון,,,חליטת ג'ינג'ר ולימון,גרמים,45.00,100 גרם,false,,17.90,0.3978,true,1,1539531
7290016372496,false,חליטת ג'ינג'ר ודבש ס,,,חליטת ג'ינג'ר ודבש ס,גרמים,45.00,100 גרם,false,,17.90,0.3978,true,1,1539532
7290016373646,false,מקלות חמצוצים בטעם פ,,,מקלות חמצוצים בטעם פ,גרמים,275.00,100 גרם,false,,9.90,0.0360,true,1,2115362
7290016373691,false,מקלות חמוצים,,,מקלות חמוצים,גרמים,20.00,100 גרם,false,,1.90,0.0950,true,1,2122316
7290016373707,false,מקלות חמוצים,,,מקלות חמוצים,גרמים,20.00,100 גרם,false,,1.90,0.0950,true,1,2122317
7290016408140,false,כעכים טרליני בטעם רו,,,כעכים טרליני בטעם רו,גרמים,225.00,100 גרם,false,,6.90,0.0307,true,1,1346953
7290016408157,false,כעכים טרליני עם קמח,,,כעכים טרליני עם קמח,גרמים,225.00,100 גרם,false,,6.90,0.0307,true,1,1346954
7290016408164,false,כעכים טרליני בטעם שו,,,כעכים טרליני בטעם שו,גרמים,225.00,100 גרם,false,,6.90,0.0307,true,1,1346955
7290016408294,false,מרשמלו ורוד לבן,,,מרשמלו ורוד לבן,גרמים,150.00,100 גרם,false,,4.90,0.0327,true,1,1650572
7290016408393,false,חטיף קרקר עם שומשום,,,חטיף קרקר עם שומשום,גרמים,130.00,100 גרם,false,,6.90,0.0531,true,1,1346957
7290016408416,false,חטיף קרקר עם צ'ילי פ,,,חטיף קרקר עם צ'ילי פ,גרמים,130.00,100 גרם,false,,6.90,0.0531,true,1,1346959
7290016408423,false,חטיף קרקר עם זיתים ש,,,חטיף קרקר עם זיתים ש,גרמים,130.00,100 גרם,false,,6.90,0.0531,true,1,1346960
7290016408430,false,חטיף קרקר עם תערובת,,,חטיף קרקר עם תערובת,גרמים,130.00,100 גרם,false,,6.90,0.0531,true,1,1346961
7290016408447,false,חטיף קרקר עם עגבניות,,,חטיף קרקר עם עגבניות,גרמים,130.00,100 גרם,false,,6.90,0.0531,true,1,1346962
7290016408720,false,בייגלה מצופה שוקולד,,,בייגלה מצופה שוקולד,גרמים,55.00,100 גרם,false,,3.90,0.0709,true,1,1485227
7290016408744,false,מרשמלו טוויסטר,,,מרשמלו טוויסטר,גרמים,150.00,100 גרם,false,,4.90,0.0327,true,1,1650573
7290016440218,false,עמבה מקורית עם פיר,,,עמבה מקורית עם פיר,גרמים,500.00,100 גרם,false,,12.90,0.0258,true,1,1361064
7290016440652,false,תערובת ירקות חמוצים,,,תערובת ירקות חמוצים,גרמים,500.00,100 גרם,false,,19.90,0.0398,true,1,2079255
7290016492118,false,פפריקה מעושנת,,,פפריקה מעושנת,גרמים,120.00,100 גרם,false,,13.90,0.1158,true,1,2135262
7290016492125,false,פילדלפיה 120 גרם,,,פילדלפיה 120 גרם,גרמים,120.00,100 גרם,false,,13.90,0.1158,true,1,2135255
7290016492453,false,אורז עם עדשים,,,אורז עם עדשים,גרמים,300.00,100 גרם,false,,14.90,0.0497,true,1,2135207
7290016492514,false,בורגול עם עדשים,,,בורגול עם עדשים,גרמים,300.00,100 גרם,false,,14.90,0.0497,true,1,2135209
7290016492521,false,קינואה עם עדשים,,,קינואה עם עדשים,גרמים,300.00,100 גרם,false,,14.90,0.0497,true,1,2135210
7290016492538,false,קינואה עם ירקות,,,קינואה עם ירקות,גרמים,300.00,100 גרם,false,,14.90,0.0497,true,1,2135211
7290016492620,false,סומסומיה-ממרח,,,סומסומיה-ממרח,גרמים,150.00,100 גרם,false,,14.90,0.0993,true,1,2135430
7290016509342,false,כדוריות שלישייה אסלה,,,כדוריות שלישייה אסלה,יח',3.00,יח',false,,19.90,6.6333,true,1,1585073
7290016509786,false,פרסיל גל 2.5 ליטר יר,,,פרסיל גל 2.5 ליטר יר,ליטרים,2.50,ליטר,false,,29.90,11.9600,true,1,1746604
7290016509847,false,פרסיל גל 2.5 ליטר בל,,,פרסיל גל 2.5 ליטר בל,ליטרים,2.50,ליטר,false,,29.90,11.9600,true,1,1779923
7290016510096,false,שמפו הוואי,,,שמפו הוואי,מיליליטרים,700.00,"100 מ""ל",false,,10.90,0.0156,true,1,1607580
7290016510225,false,הוואי תחליב רחצה וני,,,הוואי תחליב רחצה וני,מיליליטרים,700.00,"100 מ""ל",false,,9.90,0.0141,true,1,1742415
7290016510232,false,הוואי תחליב רחצה יוג,,,הוואי תחליב רחצה יוג,מיליליטרים,700.00,"100 מ""ל",false,,9.90,0.0141,true,1,1742416
7290016510768,false,הוואי תחליב רחצה יוג,,,הוואי תחליב רחצה יוג,מיליליטרים,700.00,"100 מ""ל",false,,9.90,0.0141,true,1,1855599
7290016601206,false,פותח סתימות פרפקט 1,,,פותח סתימות פרפקט 1,ליטרים,1.00,ליטר,false,,14.90,14.9000,true,1,1574056
7290016601596,false,מבשם לבית ורד אנגלי,,,מבשם לבית ורד אנגלי,מיליליטרים,350.00,"100 מ""ל",false,,14.90,0.0426,true,1,1365862
7290016601602,false,מבשם לבית פריחת הנרק,,,מבשם לבית פריחת הנרק,מיליליטרים,350.00,"100 מ""ל",false,,14.90,0.0426,true,1,1365863
7290016601619,false,מבשם לבית מאסק מרענן,,,מבשם לבית מאסק מרענן,מיליליטרים,350.00,"100 מ""ל",false,,14.90,0.0426,true,1,1365864
7290016601626,false,מבשם לבית לבנדר טוסק,,,מבשם לבית לבנדר טוסק,מיליליטרים,350.00,"100 מ""ל",false,,14.90,0.0426,true,1,1365865
7290016601701,false,שלישיית אל סבון  בני,,,שלישיית אל סבון  בני,מיליליטרים,1500.00,"100 מ""ל",false,,14.90,0.0099,true,1,1364682
7290016601718,false,שלישיית אל סבון  בני,,,שלישיית אל סבון  בני,מיליליטרים,1500.00,"100 מ""ל",false,,14.90,0.0099,true,1,1364683
7290016601725,false,שלישיית אל סבון  בני,,,שלישיית אל סבון  בני,מיליליטרים,1500.00,"100 מ""ל",false,,14.90,0.0099,true,1,1364684
7290016601732,false,אל סבון נוזלי בניחוח,,,אל סבון נוזלי בניחוח,מיליליטרים,1000.00,"100 מ""ל",false,,9.90,0.0099,true,1,1364712
7290016601749,false,אל סבון נוזלי בניחוח,,,אל סבון נוזלי בניחוח,מיליליטרים,1000.00,"100 מ""ל",false,,9.90,0.0099,true,1,1364713
7290016601756,false,אל סבון נוזלי בניחוח,,,אל סבון נוזלי בניחוח,מיליליטרים,1000.00,"100 מ""ל",false,,9.90,0.0099,true,1,1364714
7290016601800,false,תרסיס לניקוי רהיטים,סאסאטק SASATECK,,תרסיס לניקוי רהיטים,מיליליטרים,300.00,"100 מ""ל",false,,9.90,0.0330,true,1,1395523
7290016607390,false,יין דלתון רזרב מרלו,,,יין דלתון רזרב מרלו,מיליליטרים,750.00,"100 מ""ל",false,,99.90,0.1332,true,1,2041724
7290016607406,false,יין דלתון קברנה סובנ,,,יין דלתון קברנה סובנ,מיליליטרים,750.00,"100 מ""ל",false,,99.90,0.1332,true,1,1996104
7290016607772,false,יין דלתון רוזה גליל,,,יין דלתון רוזה גליל,מיליליטרים,750.00,"100 מ""ל",false,,59.90,0.0799,true,1,2038866
7290016621341,false,קמיל בלו אל סבון 1 ל,"ד""ר פישר Dr fischer",,קמיל בלו אל סבון 1 ל,ליטרים,1.00,ליטר,false,,15.90,15.9000,true,1,1457461
7290016621358,false,קמיל בלו אל סבון 1 ל,"ד""ר פישר Dr fischer",,קמיל בלו אל סבון 1 ל,ליטרים,1.00,ליטר,false,,15.90,15.9000,true,1,1457462
7290016667462,false,פריכיות אורז במארז 2,,,פריכיות אורז במארז 2,גרמים,265.00,100 גרם,false,,11.90,0.0449,true,1,1705896
7290016667479,false,פרכיות כוסמת 130 גרם,,,פרכיות כוסמת 130 גרם,גרמים,130.00,100 גרם,false,,8.90,0.0685,true,1,1791377
7290016667486,false,פריכיות כוסמת דל נתר,,,פריכיות כוסמת דל נתר,גרמים,130.00,100 גרם,false,,8.90,0.0685,true,1,1791378
7290016667578,false,ניוקי מתפוח אדמה 1 ק,,,ניוקי מתפוח אדמה 1 ק,קילוגרמים,1000.00,"ק""ג",false,,9.90,0.0099,true,1,2014055
7290016667714,false,נייר פרגמנט לעטיפת מ,,,נייר פרגמנט לעטיפת מ,יחידה,0.00,יחידה,false,,9.90,0.0000,true,1,2014057
7290016682038,false,מיץ תפוזים פריניב 40,,,מיץ תפוזים פריניב 40,מיליליטרים,400.00,"100 מ""ל",false,,8.90,0.0223,true,1,2004424
7290016682243,false,מיץ אשכולית אדומה סח,,,מיץ אשכולית אדומה סח,ליטרים,1.00,ליטר,false,,11.90,11.9000,true,1,1802632
7290016682342,false,מיץ תפוזים סחוט וולנ,,,מיץ תפוזים סחוט וולנ,ליטרים,2.00,ליטר,false,,23.90,11.9500,true,1,2096840
7290016682366,false,מיץ תפוח צלול 2 ליטר,,,מיץ תפוח צלול 2 ליטר,ליטרים,2.00,ליטר,false,,15.90,7.9500,true,1,2096849
7290016682441,false,מיץ תפוזים 1 ליטר פר,,,מיץ תפוזים 1 ליטר פר,ליטרים,1.00,ליטר,false,,13.90,13.9000,true,1,2130721
7290016717044,false,יין מנגו,,,יין מנגו,מיליליטרים,750.00,"100 מ""ל",false,,24.90,0.0332,true,1,1939226
7290016717051,false,יין רימון באזז,,,יין רימון באזז,מיליליטרים,750.00,"100 מ""ל",false,,24.90,0.0332,true,1,2004472
7290016717099,false,יין סלקטד אדום,,,יין סלקטד אדום,מיליליטרים,750.00,"100 מ""ל",false,,24.90,0.0332,true,1,1361018
7290016717235,false,קונקורד קינג דויד,,,קונקורד קינג דויד,מיליליטרים,187.00,"100 מ""ל",false,,5.90,0.0316,true,1,2004441
7290016717754,false,יין ישן נושן,,,יין ישן נושן,מיליליטרים,750.00,"100 מ""ל",false,,18.90,0.0252,true,1,1755597
7290016732634,false,מברשת שיניים סנסודיי,,,מברשת שיניים סנסודיי,יח',1.00,יח',false,,19.90,19.9000,true,1,1520927
7290016866643,false,משחת שיניים פרודונטק,,,משחת שיניים פרודונטק,מיליליטרים,75.00,"100 מ""ל",false,,29.90,0.3987,true,1,1699425
7290016866650,false,משחת שיניים פרודונטק,,,משחת שיניים פרודונטק,מיליליטרים,75.00,"100 מ""ל",false,,29.90,0.3987,true,1,1699426
7290016866667,false,משחת שיניים פרודונטק,,,משחת שיניים פרודונטק,מיליליטרים,75.00,"100 מ""ל",false,,29.90,0.3987,true,1,1699427
7290016866674,false,משחת שיניים פרודונטק,,,משחת שיניים פרודונטק,מיליליטרים,75.00,"100 מ""ל",false,,29.90,0.3987,true,1,1699428
7290016866704,false,שמפו קרטין סטייל E 7,,,שמפו קרטין סטייל E 7,מיליליטרים,750.00,"100 מ""ל",false,,24.90,0.0332,true,1,1585479
7290016866711,false,מרכך קרטין סטייל E 7,,,מרכך קרטין סטייל E 7,מיליליטרים,750.00,"100 מ""ל",false,,24.90,0.0332,true,1,1585480
7290016866735,false,קרם לחות סטייל קרטין,,,קרם לחות סטייל קרטין,מיליליטרים,500.00,"100 מ""ל",false,,29.90,0.0598,true,1,1585482
7290016882414,false,קונפיטורה 450 גרם שז,דין שיווק,,קונפיטורה 450 גרם שז,גרמים,450.00,100 גרם,false,,12.90,0.0287,true,1,1509375
7290016882421,false,קונפיטורה 450 גרם אפ,דין שיווק,,קונפיטורה 450 גרם אפ,גרמים,450.00,100 גרם,false,,12.90,0.0287,true,1,1509376
7290016883091,false,חרדל דיז'ון 350 גרם,דין שיווק,,חרדל דיז'ון 350 גרם,גרמים,350.00,100 גרם,false,,9.90,0.0283,true,1,1580865
7290016883176,false,מיזלי עם שוקולד מריר,דין שיווק,,מיזלי עם שוקולד מריר,גרמים,1000.00,100 גרם,false,,19.90,0.0199,true,1,2038154
7290017023212,false,רבעיית פחיות שוופס מ,,,רבעיית פחיות שוופס מ,ליטרים,1.32,ליטר,false,,11.90,9.0152,true,1,1657481
7290017031170,false,פוזוילי עדשים,,,פוזוילי עדשים,גרמים,200.00,100 גרם,false,,9.90,0.0495,true,1,2033413
7290017031477,false,משחת שיניים סנסודיין,,,משחת שיניים סנסודיין,מיליליטרים,75.00,"100 מ""ל",false,,23.90,0.3187,true,1,1901306
7290017031705,false,משחת שיניים סנסודיין,,,משחת שיניים סנסודיין,מיליליטרים,75.00,"100 מ""ל",false,,19.90,0.2653,true,1,1812536
7290017031811,false,זוג מברשות שיניים פר,,,זוג מברשות שיניים פר,יחידה,0.00,יחידה,false,,24.90,0.0000,true,1,1981971
7290017031859,false,משחת שיניים פרודונטק,,,משחת שיניים פרודונטק,מיליליטרים,75.00,"100 מ""ל",false,,29.90,0.3987,true,1,1812537
7290017058009,false,אנשובי עם צלפים 45 ג,,,אנשובי עם צלפים 45 ג,גרמים,45.00,100 גרם,false,,4.90,0.1089,true,1,1517399
7290017058160,false,אנשובי עם צילי חריף,,,אנשובי עם צילי חריף,גרמים,45.00,100 גרם,false,,4.90,0.1089,true,1,1517402
7290017058177,false,אנשובי צנצנת עם צילי,,,אנשובי צנצנת עם צילי,גרמים,100.00,100 גרם,false,,9.90,0.0990,true,1,1521739
7290017058511,false,ממרח זיתים שחורים,,,ממרח זיתים שחורים,גרמים,200.00,100 גרם,false,,11.90,0.0595,true,1,1738644
7290017058528,false,ממרח זיתים ירוקים,,,ממרח זיתים ירוקים,גרמים,200.00,100 גרם,false,,11.90,0.0595,true,1,1738645
7290017058573,false,פרוסות פלפל חלפיניו,,,פרוסות פלפל חלפיניו,גרמים,340.00,100 גרם,false,,7.90,0.0232,true,1,1985937
7290017062266,false,תחליב רחצה פרפקט בני,,,תחליב רחצה פרפקט בני,מיליליטרים,700.00,"100 מ""ל",false,,9.90,0.0141,true,1,1707431
7290017062273,false,תחליב רחצה פרפקט בני,,,תחליב רחצה פרפקט בני,מיליליטרים,700.00,"100 מ""ל",false,,9.90,0.0141,true,1,1707432
7290017062280,false,תחליב רחצה פרפקט בני,,,תחליב רחצה פרפקט בני,מיליליטרים,700.00,"100 מ""ל",false,,9.90,0.0141,true,1,1707433
7290017065007,false,מוצרלה פרוסה גד 200,,,מוצרלה פרוסה גד 200,גרמים,200.00,100 גרם,false,,16.90,0.0845,true,1,1423803
7290017065137,false,גבינת ריקוטה 5% טבעי,,,גבינת ריקוטה 5% טבעי,גרמים,200.00,100 גרם,false,,8.90,0.0445,true,1,1617500
7290017065144,false,גבינת ריקוטה 5% עם ב,,,גבינת ריקוטה 5% עם ב,גרמים,200.00,100 גרם,false,,8.90,0.0445,true,1,1617505
7290017065380,false,גבינה גרנה פדנו שבבי,,,גבינה גרנה פדנו שבבי,גרמים,100.00,100 גרם,false,,13.90,0.1390,true,1,1903084
7290017065434,false,גבינה גאודה הולנדית,,,גבינה גאודה הולנדית,גרמים,200.00,100 גרם,false,,19.90,0.0995,true,1,1996295
7290017065441,false,גבינת גאודה עיזים 20,,,גבינת גאודה עיזים 20,גרמים,200.00,100 גרם,false,,29.90,0.1495,true,1,1996296
7290017065588,false,יוגורט יווני 600 גרם,,,יוגורט יווני 600 גרם,גרמים,600.00,100 גרם,false,,15.90,0.0265,true,1,2014375
7290017065786,false,צדר,,,צדר,גרמים,200.00,100 גרם,false,,18.90,0.0945,true,1,2119377
7290017068121,false,שקדים פרוסים 250 גרם,,,שקדים פרוסים 250 גרם,גרמים,250.00,100 גרם,false,,18.90,0.0756,true,1,1738310
7290017068367,false,שמרים,,,שמרים,גרמים,125.00,100 גרם,false,,4.90,0.0392,true,1,2064956
7290017068374,false,שמרים בוואקים,,,שמרים בוואקים,גרמים,500.00,100 גרם,false,,9.90,0.0198,true,1,1952580
7290017068398,false,ריבת תות בדץ,,,ריבת תות בדץ,גרמים,370.00,100 גרם,false,,12.90,0.0349,true,1,2045684
7290017068848,false,סוכריות קישוט לעוגה,,,סוכריות קישוט לעוגה,גרמים,200.00,100 גרם,false,,7.90,0.0395,true,1,2047723
7290017068886,false,סוכריות ג'לי דובונים,,,סוכריות ג'לי דובונים,גרמים,350.00,100 גרם,false,,14.90,0.0426,true,1,2047724
7290017068916,false,סוכריות ג'לי טבעות,,,סוכריות ג'לי טבעות,גרמים,350.00,100 גרם,false,,14.90,0.0426,true,1,2047727
7290017068923,false,סוכריות ג'לי בינס קר,,,סוכריות ג'לי בינס קר,גרמים,375.00,100 גרם,false,,14.90,0.0397,true,1,2047728
7290017068992,false,ערמונים קלופיים וקלו,,,ערמונים קלופיים וקלו,גרמים,100.00,100 גרם,false,,5.90,0.0590,true,1,2065944
7290017079189,false,חתיכות אננס דק במיץ,,,חתיכות אננס דק במיץ,גרמים,825.00,100 גרם,false,,10.90,0.0132,true,1,2129207
7290017079677,false,שוקולד חלב,,,שוקולד חלב,גרמים,270.00,100 גרם,false,,11.90,0.0441,true,1,2114281
7290017079684,false,שוקולד מריר,,,שוקולד מריר,גרמים,270.00,100 גרם,false,,11.90,0.0441,true,1,2114282
7290017079691,false,שוקולד חלב עם אגוזים,,,שוקולד חלב עם אגוזים,גרמים,270.00,100 גרם,false,,11.90,0.0441,true,1,2118208
7290017079707,false,שוקולד מריר עם אוגזי,,,שוקולד מריר עם אוגזי,גרמים,270.00,100 גרם,false,,11.90,0.0441,true,1,2114283
7290017079769,false,מחית פאו'ץ תפוח עץ ב,,,מחית פאו'ץ תפוח עץ ב,גרמים,120.00,100 גרם,false,,3.90,0.0325,true,1,2021640
7290017079776,false,מחית פאו'ץ סלט פירות,,,מחית פאו'ץ סלט פירות,גרמים,120.00,100 גרם,false,,3.90,0.0325,true,1,2021641
7290017079783,false,מחית פאו'ץ תפוח עץ,,,מחית פאו'ץ תפוח עץ,גרמים,120.00,100 גרם,false,,3.90,0.0325,true,1,2021642
7290017079790,false,מחית פאו'ץ פירות מעו,,,מחית פאו'ץ פירות מעו,גרמים,120.00,100 גרם,false,,3.90,0.0325,true,1,2021643
7290017088006,false,מטליות לניקוי וחיטוי,,,מטליות לניקוי וחיטוי,יח',50.00,יח',false,,9.90,0.1980,true,1,1555899
7290017088075,false,חיתולים בייביסיטר מי,,,חיתולים בייביסיטר מי,יח',40.00,יח',false,,34.90,0.8725,true,1,1672679
7290017088099,false,חיתולים בייביסיטר מי,,,חיתולים בייביסיטר מי,יח',34.00,יח',false,,34.90,1.0265,true,1,1672681
7290017088396,false,קוויק מגבון מסיר כתמ,,,קוויק מגבון מסיר כתמ,"100 י""ח",20.00,"100 י""ח",false,,12.90,0.6450,true,1,2016565
7290017088464,false,טופ-פד סופגנית מקסי,,,טופ-פד סופגנית מקסי,יח',20.00,יח',false,,14.90,0.7450,true,1,2032119
7290017088501,false,טופ-פד אקסטרה לונג,,,טופ-פד אקסטרה לונג,יח',20.00,יח',false,,9.90,0.4950,true,1,2032121
7290017088693,false,קוויק מטליות לחות לנ,,,קוויק מטליות לחות לנ,יח',10.00,יח',false,,9.90,0.9900,true,1,2008936
7290017088778,false,אלכוג'ל ידיים בשפופר,,,אלכוג'ל ידיים בשפופר,מיליליטרים,100.00,"100 מ""ל",false,,4.90,0.0490,true,1,2012755
7290017088815,false,BREEZE תחבושות נורמל,,,BREEZE תחבושות נורמל,יח',12.00,יח',false,,16.90,1.4083,true,1,2073883
7290017088822,false,BREEZE תחבושות אקסטר,,,BREEZE תחבושות אקסטר,יח',10.00,יח',false,,16.90,1.6900,true,1,2073884
7290017094199,false,מעדן חצילים,,,מעדן חצילים,גרמים,200.00,100 גרם,false,,9.90,0.0495,true,1,2098691
7290017121048,false,פלפל צ'ומה 250 גרם,,,פלפל צ'ומה 250 גרם,גרמים,250.00,100 גרם,false,,12.90,0.0516,true,1,1933796
7290017129495,false,אגו מיקס כדורי תירס,,,אגו מיקס כדורי תירס,גרמים,55.00,100 גרם,false,,3.90,0.0709,true,1,1650580
7290017129501,false,אגו מיקס כדורי תירס,,,אגו מיקס כדורי תירס,גרמים,55.00,100 גרם,false,,3.90,0.0709,true,1,1650581
7290017129532,false,לקקן תות 90 גרם,,,לקקן תות 90 גרם,גרמים,90.00,100 גרם,false,,4.90,0.0544,true,1,1782491
7290017129754,false,שוקולד מריר מעולה אג,,,שוקולד מריר מעולה אג,גרמים,100.00,100 גרם,false,,7.90,0.0790,true,1,1699393
7290017129761,false,שוקולד מריר תפוז אגו,,,שוקולד מריר תפוז אגו,גרמים,100.00,100 גרם,false,,7.90,0.0790,true,1,1699398
7290017129778,false,שוקולד מריר קפה אגו,,,שוקולד מריר קפה אגו,גרמים,100.00,100 גרם,false,,7.90,0.0790,true,1,1699399
7290017129877,false,מיקס לקקנים,,,מיקס לקקנים,גרמים,300.00,100 גרם,false,,12.90,0.0430,true,1,1785471
7290017129983,false,שוקולד ציפס 250 גרם,,,שוקולד ציפס 250 גרם,גרמים,250.00,100 גרם,false,,12.90,0.0516,true,1,1981753
7290017142128,false,"שמן זית 750 מ""ל קלאס",,,"שמן זית 750 מ""ל קלאס",מיליליטרים,750.00,"100 מ""ל",false,,32.90,0.0439,true,1,1792678
7290017142289,false,תרסיס שמן חמניות מזו,,,תרסיס שמן חמניות מזו,מיליליטרים,200.00,"100 מ""ל",false,,12.90,0.0645,true,1,1836481
7290017142340,false,שמן זרעי ענבים מזוכך,,,שמן זרעי ענבים מזוכך,מיליליטרים,1000.00,"100 מ""ל",false,,29.90,0.0299,true,1,1995777
7290017142371,false,"שמן שומשום 250 מ""ל",,,"שמן שומשום 250 מ""ל",מיליליטרים,250.00,"100 מ""ל",false,,29.90,0.1196,true,1,1995769
7290017142388,false,שמן חמניות פלוס אומג,,,שמן חמניות פלוס אומג,ליטרים,1.00,ליטר,false,,15.90,15.9000,true,1,1975587
7290017197777,false,מגבונים לחים     להי,,,מגבונים לחים     להי,יח',144.00,יח',false,,12.90,0.0896,true,1,1817805
7290017197784,false,רביעיית מגבונים סנסט,,,רביעיית מגבונים סנסט,יח',288.00,יח',false,,14.90,0.0517,true,1,1692666
7290017217710,false,שיפודי במבוק 100 יח',,,שיפודי במבוק 100 יח',יח',100.00,יח',false,,7.90,0.0790,true,1,2014113
7290017266046,false,חטיף קראנץ עלמה 30 י,,,חטיף קראנץ עלמה 30 י,יחידה,0.00,יחידה,false,,14.90,0.0000,true,1,1642105
7290017266053,false,וופל לימון קראנץ ללא,,,וופל לימון קראנץ ללא,גרמים,175.00,100 גרם,false,,6.90,0.0394,true,1,1642755
7290017266060,false,וופל שוקו קראנץ ללא,,,וופל שוקו קראנץ ללא,גרמים,175.00,100 גרם,false,,6.90,0.0394,true,1,1642072
7290017266909,false,וופלים במילוי קרם בט,,,וופלים במילוי קרם בט,גרמים,200.00,100 גרם,false,,4.90,0.0245,true,1,2138262
7290017266916,false,וופלים במילוי קרם בט,,,וופלים במילוי קרם בט,גרמים,200.00,100 גרם,false,,4.90,0.0245,true,1,2138263
7290017275338,false,טחינה גולמית 500 גרם,,,טחינה גולמית 500 גרם,גרמים,500.00,100 גרם,false,,10.90,0.0218,true,1,2096212
7290017275369,false,טחינה משומשום מלא 50,,,טחינה משומשום מלא 50,גרמים,500.00,100 גרם,false,,10.90,0.0218,true,1,2096213
7290017275413,false,מיני קצפיות בטעם וני,,,מיני קצפיות בטעם וני,גרמים,140.00,100 גרם,false,,9.90,0.0707,true,1,2114431
7290017275420,false,מיני קצפיות בטעם תות,,,מיני קצפיות בטעם תות,גרמים,140.00,100 גרם,false,,9.90,0.0707,true,1,2114432
7290017275444,false,מיני קצפיות בטעם ענב,,,מיני קצפיות בטעם ענב,גרמים,140.00,100 גרם,false,,9.90,0.0707,true,1,2114434
7290017296159,false,גרנולה תפוח וקינמון.,,,גרנולה תפוח וקינמון.,גרמים,400.00,100 גרם,false,,22.90,0.0572,true,1,2013153
7290017297149,false,גרגירי חומוס להכנת ח,,,גרגירי חומוס להכנת ח,גרמים,550.00,100 גרם,false,,6.90,0.0125,true,1,2038291
7290017297187,false,לקט ירקות להקפצה 800,,,לקט ירקות להקפצה 800,גרמים,800.00,100 גרם,false,,14.90,0.0186,true,1,2042192
7290017297194,false,לקט ירקות לתנור 800,,,לקט ירקות לתנור 800,גרמים,800.00,100 גרם,false,,14.90,0.0186,true,1,2042200
7290017297200,false,לקט ירקות לצד העוף 8,,,לקט ירקות לצד העוף 8,גרמים,800.00,100 גרם,false,,14.90,0.0186,true,1,2042193
7290017297217,false,עדשים ירוקות,,,עדשים ירוקות,גרמים,800.00,100 גרם,false,,14.90,0.0186,true,1,2044458
7290017297224,false,שעועית אדומה פרי הגל,,,שעועית אדומה פרי הגל,גרמים,800.00,100 גרם,false,,12.90,0.0161,true,1,2046315
7290017297323,false,רוטב עגבניות מרוכז ט,,,רוטב עגבניות מרוכז ט,גרמים,100.00,100 גרם,false,,1.50,0.0150,true,1,2086775
7290017297330,false,רוטב עגבניות מרוכז,,,רוטב עגבניות מרוכז,גרמים,240.00,100 גרם,false,,3.50,0.0146,true,1,2113792
7290017297378,false,תירס ללא סוכר ומלח,,,תירס ללא סוכר ומלח,גרמים,550.00,100 גרם,false,,6.90,0.0125,true,1,2101048
7290017297637,false,רוטב עגבניות 28BX,,,רוטב עגבניות 28BX,גרמים,580.00,100 גרם,false,,6.50,0.0112,true,1,2098700
7290017297644,false,ברוקולי green & fres,,,ברוקולי green & fres,גרמים,800.00,100 גרם,false,,15.90,0.0199,true,1,2100012
7290017297682,false,כרובית green & fresh,,,כרובית green & fresh,גרמים,800.00,100 גרם,false,,14.90,0.0186,true,1,2100013
7290017303482,false,מלאווח 700 גרם-שחף,,,מלאווח 700 גרם-שחף,גרמים,700.00,100 גרם,false,,12.90,0.0184,true,1,2080894
7290017433059,false,קולפן Y שווצרי,,,קולפן Y שווצרי,יחידה,0.00,יחידה,false,,24.90,0.0000,true,1,2006746
7290017440231,false,שמפו סרקל 1 ליטר מתו,,,שמפו סרקל 1 ליטר מתו,ליטרים,1.00,ליטר,false,,28.90,28.9000,true,1,1775919
7290017440248,false,מרכך סרקל 1 ליטר מתו,,,מרכך סרקל 1 ליטר מתו,ליטרים,1.00,ליטר,false,,28.90,28.9000,true,1,1775924
7290017440286,false,"מרכך קידס 750 מ""ל",,,"מרכך קידס 750 מ""ל",מיליליטרים,750.00,"100 מ""ל",false,,16.90,0.0225,true,1,1969801
7290017440699,false,מרכך לשיער בלונד 400,,,מרכך לשיער בלונד 400,מיליליטרים,400.00,"100 מ""ל",false,,29.90,0.0747,true,1,1995209
7290017440965,false,קמיל בלו אל סבון ניק,,,קמיל בלו אל סבון ניק,ליטרים,1.00,ליטר,false,,15.90,15.9000,true,1,1944741
7290017457574,false,סוד כדוריות אסלה,,,סוד כדוריות אסלה,יח',3.00,יח',false,,19.90,6.6333,true,1,1936911
7290017457581,false,סוד מרכך כביסה 20%+ב,,,סוד מרכך כביסה 20%+ב,מיליליטרים,900.00,"100 מ""ל",false,,11.90,0.0132,true,1,1941375
7290017457598,false,סוד מרכך כביסה 20%+ב,,,סוד מרכך כביסה 20%+ב,מיליליטרים,900.00,"100 מ""ל",false,,11.90,0.0132,true,1,1941376
7290017457703,false,סוד מרכך כביסה 20%+ב,,,סוד מרכך כביסה 20%+ב,מיליליטרים,900.00,"100 מ""ל",false,,11.90,0.0132,true,1,1941377
7290017477299,false,ג'עלה 200 גרם,דין שיווק,,ג'עלה 200 גרם,גרמים,200.00,100 גרם,false,,9.90,0.0495,true,1,1691892
7290017477305,false,זרעי צ'יה 250 גרם,דין שיווק,,זרעי צ'יה 250 גרם,גרמים,250.00,100 גרם,false,,9.90,0.0396,true,1,1691893
7290017477367,false,מטבעות שוקולד לבן לא,דין שיווק,,מטבעות שוקולד לבן לא,גרמים,300.00,100 גרם,false,,12.90,0.0430,true,1,1691907
7290017477381,false,מטבעות שוקולד מריר 4,דין שיווק,,מטבעות שוקולד מריר 4,גרמים,300.00,100 גרם,false,,12.90,0.0430,true,1,1691909
7290017477558,false,שמן זית כתית מעולה 7,,,שמן זית כתית מעולה 7,מיליליטרים,750.00,"100 מ""ל",false,,29.90,0.0399,true,1,2128958
7290017497723,false,סמארט פקק אוניברסלי,,,סמארט פקק אוניברסלי,יחידה,0.00,יחידה,false,,9.90,0.0000,true,1,2007647
7290017513782,false,בייגלה מצופה שוקולד,,,בייגלה מצופה שוקולד,גרמים,140.00,100 גרם,false,,8.90,0.0636,true,1,1996468
7290017513829,false,תה ירוק לימונית ג'ינ,,,תה ירוק לימונית ג'ינ,גרמים,37.50,100 גרם,false,,22.90,0.6107,true,1,2038236
7290017513867,false,תה ירוק לימונית לואי,,,תה ירוק לימונית לואי,גרמים,37.50,100 גרם,false,,22.90,0.6107,true,1,2038229
7290017516295,false,חטיף פרוטאין אגוז לו,,,חטיף פרוטאין אגוז לו,גרמים,50.00,100 גרם,false,,9.90,0.1980,true,1,2043085
7290017516332,false,חטיף פרוטאין חמאת בו,,,חטיף פרוטאין חמאת בו,גרמים,50.00,100 גרם,false,,9.90,0.1980,true,1,2043087
7290017516424,false,שוקלד + פנגיאה שוקול,,,שוקלד + פנגיאה שוקול,גרמים,300.00,100 גרם,false,,29.90,0.0997,true,1,2043088
7290017516486,false,חטיף פרוטאין טרופי פ,,,חטיף פרוטאין טרופי פ,גרמים,50.00,100 גרם,false,,9.90,0.1980,true,1,2043092
7290017516509,false,חטיף פרוטאין קרמל מל,,,חטיף פרוטאין קרמל מל,גרמים,50.00,100 גרם,false,,9.90,0.1980,true,1,2045092
7290017589565,false,יין קלאסיק גוורצטרמי,,,יין קלאסיק גוורצטרמי,מיליליטרים,750.00,"100 מ""ל",false,,39.90,0.0532,true,1,1868661
7290017599229,false,סוכרזית סוכרלוז 200,,,סוכרזית סוכרלוז 200,גרמים,365.00,100 גרם,false,,20.90,0.0573,true,1,2097707
7290017599236,false,סוכרזית סטיוויה 200,,,סוכרזית סטיוויה 200,גרמים,365.00,100 גרם,false,,24.90,0.0682,true,1,2097720
7290017599250,false,סוכרזית קלאסי 120 שק,,,סוכרזית קלאסי 120 שק,גרמים,120.00,100 גרם,false,,15.50,0.1292,true,1,2130285
7290017599267,false,סוכרזית סוכרלוז 120,,,סוכרזית סוכרלוז 120,גרמים,120.00,100 גרם,false,,23.90,0.1992,true,1,2130286
7290017599274,false,סוכרזית סטיוויה 120,,,סוכרזית סטיוויה 120,גרמים,120.00,100 גרם,false,,35.90,0.2992,true,1,2130287
7290017617084,false,טונה סטארקיסט מיקס ט,סטארקיסט,,טונה סטארקיסט מיקס ט,גרמים,185.00,100 גרם,false,,13.90,0.0751,true,1,2049828
7290017617091,false,טונה סטארקיסט מיקס ט,סטארקיסט,,טונה סטארקיסט מיקס ט,גרמים,185.00,100 גרם,false,,13.90,0.0751,true,1,2049836
7290017617107,false,טונה סטארקיסט מיקס ט,סטארקיסט,,טונה סטארקיסט מיקס ט,גרמים,185.00,100 גרם,false,,13.90,0.0751,true,1,2049837
7290017617138,false,טונה סטארקיסט רביעיה,סטארקיסט,,טונה סטארקיסט רביעיה,גרמים,640.00,100 גרם,false,,24.90,0.0389,true,1,2038827
7290017617282,false,טונה יונה רביעיות 14,סטארקיסט,,טונה יונה רביעיות 14,גרמים,560.00,100 גרם,false,,17.90,0.0320,true,1,2103875
7290017617411,false,סטארקיסט נתחי סלמון,סטארקיסט,,סטארקיסט נתחי סלמון,גרמים,160.00,100 גרם,false,,14.90,0.0931,true,1,2122446
7290017617428,false,סטארקיסט נתחי סלמון,,,סטארקיסט נתחי סלמון,גרמים,160.00,100 גרם,false,,14.90,0.0931,true,1,2122447
7290017617435,false,סטארקיסט נתחי סלמון,סטארקיסט,,סטארקיסט נתחי סלמון,גרמים,160.00,100 גרם,false,,14.90,0.0931,true,1,2122448
7290017618111,false,עוגיות מלבן שקדים עם,,,עוגיות מלבן שקדים עם,גרמים,180.00,100 גרם,false,,18.90,0.1050,true,1,1849928
7290017619019,false,עציץ נוי,,,עציץ נוי,יחידה,0.00,יחידה,false,,69.90,0.0000,true,1,2005190
7290017619293,false,מפיץ ריח אפור זהב,,,מפיץ ריח אפור זהב,יחידה,0.00,יחידה,false,,22.90,0.0000,true,1,2005212
7290017619316,false,מפיץ ריח אפור גבוה,,,מפיץ ריח אפור גבוה,יחידה,0.00,יחידה,false,,22.90,0.0000,true,1,2005214
7290017637556,false,שמפו לקרקפת שומנית M,,,שמפו לקרקפת שומנית M,מיליליטרים,500.00,"100 מ""ל",false,,23.90,0.0478,true,1,2119723
7290017637587,false,קרם לתלתלים מושלמים,,,קרם לתלתלים מושלמים,מטרים,200.00,100 מ'ל,false,,23.90,0.1195,true,1,2119735
7290017637594,false,שמפו לשיער רגיל MB S,,,שמפו לשיער רגיל MB S,מיליליטרים,500.00,"100 מ""ל",false,,23.90,0.0478,true,1,2119711
7290017637600,false,מרכך לשיער רגיל MB S,,,מרכך לשיער רגיל MB S,מיליליטרים,500.00,"100 מ""ל",false,,23.90,0.0478,true,1,2119712
7290017637624,false,שמפו לשיער רגיל MB M,,,שמפו לשיער רגיל MB M,מיליליטרים,500.00,"100 מ""ל",false,,23.90,0.0478,true,1,2119713
7290017637631,false,מרכך לשיער רגיל MB M,,,מרכך לשיער רגיל MB M,מיליליטרים,500.00,"100 מ""ל",false,,23.90,0.0478,true,1,2119714
7290017637648,false,מסיכת הזנה לשיער רגי,,,מסיכת הזנה לשיער רגי,מטרים,250.00,100 מ'ל,false,,27.90,0.1116,true,1,2119726
7290017637655,false,שמפו ללא מלחים MB KE,,,שמפו ללא מלחים MB KE,מיליליטרים,500.00,"100 מ""ל",false,,23.90,0.0478,true,1,2119727
7290017641744,false,שלוקים איגלו סטיקס,,,שלוקים איגלו סטיקס,מיליליטרים,800.00,"100 מ""ל",false,,5.90,0.0074,true,1,2016299
7290017675008,false,טחינה היונה 900 גרם,,,טחינה היונה 900 גרם,גרמים,900.00,100 גרם,false,,19.90,0.0221,true,1,1707547
7290017677804,false,רוטב סויה קיקומן 444,ראקוטו קאסיי,,רוטב סויה קיקומן 444,מיליליטרים,444.00,"100 מ""ל",false,,19.90,0.0448,true,1,1948993
7290017677811,false,רוטב סויה קיקומן 296,ראקוטו קאסיי,,רוטב סויה קיקומן 296,מיליליטרים,296.00,"100 מ""ל",false,,17.90,0.0605,true,1,1948994
7290017682020,false,"מגב תחנות דלק 20 ס""מ",,,"מגב תחנות דלק 20 ס""מ",יחידה,0.00,יחידה,false,,14.90,0.0000,true,1,2019661
7290017682617,false,"מגב עם תפסן 40 ס""מ+מ",,,"מגב עם תפסן 40 ס""מ+מ",יחידה,0.00,יחידה,false,,19.90,0.0000,true,1,2019663
7290017682945,false,מגב חד להב סיליקון+מ,,,מגב חד להב סיליקון+מ,יחידה,0.00,יחידה,false,,34.90,0.0000,true,1,2019667
7290017712192,false,פרמיו נתחי פילה עוף,,,פרמיו נתחי פילה עוף,גרמים,100.00,100 גרם,false,,3.90,0.0390,true,1,2145440
7290017712277,false,פרמיו פטה כבש לכלב 1,,,פרמיו פטה כבש לכלב 1,גרמים,150.00,100 גרם,false,,3.90,0.0260,true,1,2145447
7290017712604,false,הורייזן בקר לחתול מע,,,הורייזן בקר לחתול מע,גרמים,85.00,100 גרם,false,,3.90,0.0459,true,1,2145454
7290017712703,false,הורייזן עוף לכלב בוג,,,הורייזן עוף לכלב בוג,גרמים,150.00,100 גרם,false,,5.90,0.0393,true,1,2145460
7290017712727,false,פרמיו גור בקר וכבד 1,,,פרמיו גור בקר וכבד 1,גרמים,100.00,100 גרם,false,,3.90,0.0390,true,1,2145462
7290017712734,false,פרמיו גור עוף וכבד 1,,,פרמיו גור עוף וכבד 1,גרמים,100.00,100 גרם,false,,3.90,0.0390,true,1,2145463
7290017712765,false,פרמיו סלמון ופורל 10,,,פרמיו סלמון ופורל 10,גרמים,100.00,100 גרם,false,,3.90,0.0390,true,1,2145466
7290017715186,false,"טורטיה קמח 20 ס""מ",,,"טורטיה קמח 20 ס""מ",גרמים,320.00,100 גרם,false,,9.90,0.0309,true,1,2049585
7290017715964,false,"רסק תפו""ח דיאט אפרסק",,,"רסק תפו""ח דיאט אפרסק",גרמים,452.00,100 גרם,false,,9.90,0.0219,true,1,2033238
7290017724065,false,"עוגיות מעדן תפו""ע וא",,,"עוגיות מעדן תפו""ע וא",גרמים,250.00,100 גרם,false,,22.90,0.0916,true,1,2074218
7290017724072,false,רולדה שוקולד תמר,,,רולדה שוקולד תמר,גרמים,200.00,100 גרם,false,,22.90,0.1145,true,1,2074230
7290017724102,false,עוגיות סיגרים תמרים,,,עוגיות סיגרים תמרים,גרמים,200.00,100 גרם,false,,22.90,0.1145,true,1,2074219
7290017724157,false,"עוגיות מעדן תפו""ע לל",,,"עוגיות מעדן תפו""ע לל",גרמים,200.00,100 גרם,false,,22.90,0.1145,true,1,2074243
7290017724164,false,עוגיות אוזניים ללא ת,,,עוגיות אוזניים ללא ת,גרמים,200.00,100 גרם,false,,22.90,0.1145,true,1,2074233
7290017724171,false,עוגיות סנדביץ ריבה ל,,,עוגיות סנדביץ ריבה ל,גרמים,250.00,100 גרם,false,,22.90,0.0916,true,1,2074234
7290017724201,false,עוגיות ואן גוך ללא ת,,,עוגיות ואן גוך ללא ת,גרמים,250.00,100 גרם,false,,22.90,0.0916,true,1,2074244
7290017724218,false,עוגיות מעדן תמר ללא,,,עוגיות מעדן תמר ללא,גרמים,200.00,100 גרם,false,,22.90,0.1145,true,1,2074245
7290017724232,false,סומסומית,,,סומסומית,גרמים,200.00,100 גרם,false,,22.90,0.1145,true,1,2074235
7290017724270,false,עוגיות אשכול בריאות,,,עוגיות אשכול בריאות,גרמים,200.00,100 גרם,false,,22.90,0.1145,true,1,2074248
7290017724287,false,אצבעות פאקן ללא תוספ,,,אצבעות פאקן ללא תוספ,גרמים,250.00,100 גרם,false,,22.90,0.0916,true,1,2074254
7290017724294,false,גרנולה ציפס חמוציות,,,גרנולה ציפס חמוציות,גרמים,200.00,100 גרם,false,,22.90,0.1145,true,1,2074255
7290017724300,false,עוגיות גרנולה,,,עוגיות גרנולה,גרמים,250.00,100 גרם,false,,22.90,0.0916,true,1,2074237
7290017812052,false,יין קברנה סוביניון א,,,יין קברנה סוביניון א,מיליליטרים,750.00,"100 מ""ל",false,,24.90,0.0332,true,1,1813976
7290017812069,false,יין שרדונה אקסלנס רי,,,יין שרדונה אקסלנס רי,מיליליטרים,750.00,"100 מ""ל",false,,24.90,0.0332,true,1,1813977
7290017812571,false,מיץ ענבים תירוש אדום,,,מיץ ענבים תירוש אדום,ליטרים,1.00,ליטר,false,,19.90,19.9000,true,1,2004473
7290017812588,false,מיץ ענבים תירוש לבן,,,מיץ ענבים תירוש לבן,ליטרים,1.00,ליטר,false,,19.90,19.9000,true,1,2004474
7290017812595,false,יין ישן נושן לייט,,,יין ישן נושן לייט,מיליליטרים,750.00,"100 מ""ל",false,,18.90,0.0252,true,1,2004475
7290017812618,false,תירוש ענבים 1 ליטר,,,תירוש ענבים 1 ליטר,ליטרים,1.00,ליטר,false,,19.90,19.9000,true,1,2004476
7290017812656,false,תירוש מבעבע אדום,,,תירוש מבעבע אדום,מיליליטרים,750.00,"100 מ""ל",false,,19.90,0.0265,true,1,2050180
7290017812861,false,יין לבן וינו,,,יין לבן וינו,מיליליטרים,750.00,"100 מ""ל",false,,18.90,0.0252,true,1,2041653
7290017812977,false,יין  מבעבע באז אננס,,,יין  מבעבע באז אננס,מיליליטרים,750.00,"100 מ""ל",false,,24.90,0.0332,true,1,2069210
7290017816012,false,קרקר כוסמין,,,קרקר כוסמין,גרמים,250.00,100 גרם,false,,14.90,0.0596,true,1,1984541
7290017816111,false,פתיבר 220 גרם,,,פתיבר 220 גרם,גרמים,220.00,100 גרם,false,,9.90,0.0450,true,1,2041688
7290017816128,false,קרקר כוסמין 220 גרם,,,קרקר כוסמין 220 גרם,גרמים,220.00,100 גרם,false,,14.90,0.0677,true,1,2041689
7290017871363,false,אל סבון פמילי יהלום,,,אל סבון פמילי יהלום,מיליליטרים,500.00,"100 מ""ל",false,,9.90,0.0198,true,1,2013391
7290017871370,false,אל סבון פמילי יהלום,,,אל סבון פמילי יהלום,מיליליטרים,500.00,"100 מ""ל",false,,9.90,0.0198,true,1,2013392
7290017871448,false,חטיף תמרים וקשיו ללא,,,חטיף תמרים וקשיו ללא,גרמים,140.00,100 גרם,false,,16.90,0.1207,true,1,1988880
7290017871950,false,מארז שלישייה נייר טו,,,מארז שלישייה נייר טו,יח',40.00,יח',false,,14.90,0.3725,true,1,2047201
7290017871967,false,ג'לי טוסו בטעם אננס,,,ג'לי טוסו בטעם אננס,גרמים,25.00,100 גרם,false,,9.90,0.3960,true,1,2040628
7290017871974,false,ג'לי טוסו בטעם תות ש,,,ג'לי טוסו בטעם תות ש,גרמים,25.00,100 גרם,false,,9.90,0.3960,true,1,2040629
7290017871981,false,ג'לי טוסו בטעם משמש,,,ג'לי טוסו בטעם משמש,גרמים,25.00,100 גרם,false,,9.90,0.3960,true,1,2040630
7290017871998,false,ג'לי טוסו בטעם וניל,,,ג'לי טוסו בטעם וניל,גרמים,25.00,100 גרם,false,,9.90,0.3960,true,1,2040631
7290017872186,false,טוסו עוגיות פקאן 200,,,טוסו עוגיות פקאן 200,גרמים,200.00,100 גרם,false,,14.90,0.0745,true,1,2011501
7290017872193,false,טוסו עוגיות שקדים וק,,,טוסו עוגיות שקדים וק,גרמים,200.00,100 גרם,false,,14.90,0.0745,true,1,2011502
7290017872230,false,מגבונים פרשוואנס 100,,,מגבונים פרשוואנס 100,יח',100.00,יח',false,,7.90,0.0790,true,1,2074322
7290017872285,false,חטיף טוסו קראנצ'י בט,,,חטיף טוסו קראנצ'י בט,גרמים,140.00,100 גרם,false,,16.90,0.1207,true,1,2011504
7290017872667,false,אל סבון פמילי יהלום,,,אל סבון פמילי יהלום,מיליליטרים,500.00,"100 מ""ל",false,,9.90,0.0198,true,1,2022959
7290017888026,false,משקה קל אננס תפוח גז,,,משקה קל אננס תפוח גז,מיליליטרים,350.00,"100 מ""ל",false,,6.50,0.0186,true,1,1936945
7290017888729,false,סודה שוופס 1 ליטר,,,סודה שוופס 1 ליטר,ליטרים,1.00,ליטר,false,,3.90,3.9000,true,1,2013556
7290017888972,false,מי עדן 1 ליטר פקק ספ,,,מי עדן 1 ליטר פקק ספ,ליטרים,1.00,ליטר,false,,4.90,4.9000,true,1,2019655
7290017894072,false,אבקת הלבנה אקולוגי 5,,,אבקת הלבנה אקולוגי 5,גרמים,500.00,100 גרם,false,,17.90,0.0358,true,1,2010801
7290017907208,false,"קמח ""תמי"" רב תכליתי",,,"קמח ""תמי"" רב תכליתי",גרמים,500.00,100 גרם,false,,18.90,0.0378,true,1,2048571
7290017907222,false,"קמח ""תמי"" תופח",,,"קמח ""תמי"" תופח",גרמים,500.00,100 גרם,false,,18.90,0.0378,true,1,2048572
7290017907239,false,"תערובת ""תמי"" לעוגת ש",,,"תערובת ""תמי"" לעוגת ש",גרמים,450.00,100 גרם,false,,18.90,0.0420,true,1,2048579
7290017907246,false,"סולת ""תמי""",,,"סולת ""תמי""",גרמים,300.00,100 גרם,false,,15.90,0.0530,true,1,2048580
7290017917405,false,מגבוני פוליאסטר מיוח,,,מגבוני פוליאסטר מיוח,יח',40.00,יח',false,,9.90,0.2475,true,1,2019990
7290017917467,false,קמיל בלו אל סבון שיב,,,קמיל בלו אל סבון שיב,ליטרים,1.00,ליטר,false,,24.90,24.9000,true,1,1969805
7290017917559,false,מסיכה לשיער בלונד דר,,,מסיכה לשיער בלונד דר,מיליליטרים,300.00,"100 מ""ל",false,,39.90,0.1330,true,1,1995211
7290017917665,false,מארז זוג קמיל בלו אל,,,מארז זוג קמיל בלו אל,מיליליטרים,1500.00,"100 מ""ל",false,,29.90,0.0199,true,1,1988678
7290017928036,false,בייגל מקלות גריסיני,מאיר בייגל,,בייגל מקלות גריסיני,גרמים,175.00,100 גרם,false,,9.90,0.0566,true,1,1993462
7290017928043,false,בייגל גריסיני קראנץ,מאיר בייגל,,בייגל גריסיני קראנץ,גרמים,175.00,100 גרם,false,,9.90,0.0566,true,1,1993463
7290017928098,false,בייגל שטוחלה מלח 330,,,בייגל שטוחלה מלח 330,גרמים,300.00,100 גרם,false,,9.90,0.0330,true,1,2094198
7290017928128,false,בייגל ה מקלות 400 גר,,,בייגל ה מקלות 400 גר,גרמים,400.00,100 גרם,false,,9.90,0.0248,true,1,2146291
7290017928210,false,בייגלה גדול שומשום 2,מאיר בייגל,,בייגלה גדול שומשום 2,גרמים,250.00,100 גרם,false,,9.90,0.0396,true,1,1993448
7290017928227,false,בייגל שטוחלה פינוקים,מאיר בייגל,,בייגל שטוחלה פינוקים,גרמים,300.00,100 גרם,false,,9.90,0.0330,true,1,1993464
7290017928432,false,בייגל גריסיני קראנץ,מאיר בייגל,,בייגל גריסיני קראנץ,גרמים,175.00,100 גרם,false,,9.90,0.0566,true,1,1993467
7290017928449,false,בייגל שטוחלה פרו מלח,מאיר בייגל,,בייגל שטוחלה פרו מלח,גרמים,170.00,100 גרם,false,,9.90,0.0582,true,1,1993450
7290017928463,false,בייגל סמאש שבורים בט,,,בייגל סמאש שבורים בט,גרמים,300.00,100 גרם,false,,9.90,0.0330,true,1,2096846
7290017928524,false,בייגל שטוחלה ניגובים,,,בייגל שטוחלה ניגובים,גרמים,330.00,100 גרם,false,,9.90,0.0300,true,1,2094574
7290017928616,false,בייגל שטוחלה שומשום,מאיר בייגל,,בייגל שטוחלה שומשום,גרמים,300.00,100 גרם,false,,9.90,0.0330,true,1,1993468
7290017928630,false,בייגל גריסיני קראנץ,מאיר בייגל,,בייגל גריסיני קראנץ,גרמים,175.00,100 גרם,false,,9.90,0.0566,true,1,1993469
7290017928661,false,בייגל סמאש שבורים בט,,,בייגל סמאש שבורים בט,גרמים,300.00,100 גרם,false,,9.90,0.0330,true,1,2096847
7290017928685,false,בייגלה שמיניות מלח 4,,,בייגלה שמיניות מלח 4,גרמים,400.00,100 גרם,false,,9.90,0.0248,true,1,2094192
7290017928722,false,בייגל שטוחלה ניגובים,,,בייגל שטוחלה ניגובים,גרמים,300.00,100 גרם,false,,9.90,0.0330,true,1,2094575
7290017928807,false,בייגלה אצבעות שומשום,מאיר בייגל,,בייגלה אצבעות שומשום,גרמים,300.00,100 גרם,false,,9.90,0.0330,true,1,1993453
7290017928821,false,בייגל מקלות גריסיני,מאיר בייגל,,בייגל מקלות גריסיני,גרמים,200.00,100 גרם,false,,9.90,0.0495,true,1,1993471
7290017946382,false,סוד קפסולות ג'ל לכבי,,,סוד קפסולות ג'ל לכבי,100 יח',28.00,100 יח',false,,29.90,1.0679,true,1,2121016
7290017946764,false,מנקה מכונת כביסה,,,מנקה מכונת כביסה,יח',2.00,יח',false,,19.90,9.9500,true,1,2041515
7290017993454,false,מחית וניל,,,מחית וניל,גרמים,60.00,100 גרם,false,,79.90,1.3317,true,1,2103712
7290018024003,false,חסה ערבית,,,חסה ערבית,יחידה,0.00,יחידה,false,,3.90,0.0000,true,1,2054396
7290018024027,false,סלק עלים,,,סלק עלים,יחידה,0.00,יחידה,false,,4.90,0.0000,true,1,2053370
7290018024034,false,סלרי עלים,,,סלרי עלים,יחידה,0.00,יחידה,false,,4.90,0.0000,true,1,2053371
7290018024041,false,סלרי ראש,,,סלרי ראש,יחידה,0.00,יחידה,false,,4.90,0.0000,true,1,2053372
7290018024058,false,פטרוזיליה ארוז,,,פטרוזיליה ארוז,יחידה,0.00,יחידה,false,,3.90,0.0000,true,1,2053373
7290018024065,false,כוסברה ארוז,,,כוסברה ארוז,יחידה,0.00,יחידה,false,,3.90,0.0000,true,1,2053374
7290018024072,false,נענע ארוז,,,נענע ארוז,יחידה,0.00,יחידה,false,,3.90,0.0000,true,1,2053375
7290018024089,false,שמיר ארוז,,,שמיר ארוז,יחידה,0.00,יחידה,false,,3.90,0.0000,true,1,2053376
7290018024096,false,שורש פטרוזיליה,,,שורש פטרוזיליה,יחידה,0.00,יחידה,false,,3.90,0.0000,true,1,2054397
7290018024256,false,לבבות קיסר,,,לבבות קיסר,יחידה,0.00,יחידה,false,,7.90,0.0000,true,1,2053508
7290018024287,false,בזיליקום ירוק קטן,,,בזיליקום ירוק קטן,יחידה,0.00,יחידה,false,,3.90,0.0000,true,1,2053489
7290018024362,false,חסה סלנובה,,,חסה סלנובה,יחידה,0.00,יחידה,false,,9.90,0.0000,true,1,2053496
7290018043189,false,חטיף פרוטאין קשיו מק,פראוד,,חטיף פרוטאין קשיו מק,גרמים,60.00,100 גרם,false,,12.90,0.2150,true,1,2044517
7290018043196,false,חטיף פרוטאין עוגיות,פראוד,,חטיף פרוטאין עוגיות,גרמים,60.00,100 גרם,false,,12.90,0.2150,true,1,2044518
7290018045084,false,דגנים במילוי קרם בטע,,,דגנים במילוי קרם בטע,גרמים,480.00,100 גרם,false,,23.90,0.0498,true,1,2104537
7290018045497,false,דגנים במילוי קרם שוק,,,דגנים במילוי קרם שוק,גרמים,480.00,100 גרם,false,,23.90,0.0498,true,1,2104523
7290018071205,false,כפפות ויניל ללא אבקה,,,כפפות ויניל ללא אבקה,יח',100.00,יח',false,,17.90,0.1790,true,1,2096115
7290018071212,false,כפפות ויניל ללא אבקה,,,כפפות ויניל ללא אבקה,יח',100.00,יח',false,,17.90,0.1790,true,1,2096116
7290018071229,false,כפפות ויניל ללא אבקה,,,כפפות ויניל ללא אבקה,יח',100.00,יח',false,,17.90,0.1790,true,1,2096117
7290018071236,false,כפפות ויניל ללא אבקה,,,כפפות ויניל ללא אבקה,יח',100.00,יח',false,,17.90,0.1790,true,1,2096118
7290018075951,false,"סכין משוננת 11 ס""מ פ",,,"סכין משוננת 11 ס""מ פ",יחידה,0.00,יחידה,false,,12.90,0.0000,true,1,2042926
7290018091234,false,פיצה מקסיקנית מעדנות,,,פיצה מקסיקנית מעדנות,גרמים,270.00,100 גרם,false,,13.90,0.0515,true,1,2033970
7290018091470,false,גלילת ביסקוויטים בטע,,,גלילת ביסקוויטים בטע,גרמים,300.00,100 גרם,false,,19.90,0.0663,true,1,2136110
7290018091661,false,פיצה שוק,,,פיצה שוק,גרמים,330.00,100 גרם,false,,19.90,0.0603,true,1,2099402
7290018091821,false,פיצה נפוליטנה מעדנות,,,פיצה נפוליטנה מעדנות,גרמים,210.00,100 גרם,false,,13.90,0.0662,true,1,2033971
7290018131855,false,גלידת טילון אקסטרים,,,גלידת טילון אקסטרים,גרמים,432.00,100 גרם,false,,32.90,0.0762,true,1,2065791
7290018156124,false,שלישיית אל סבון צבעו,,,שלישיית אל סבון צבעו,ליטרים,1.50,ליטר,false,,19.90,13.2667,true,1,1995219
7290018165010,false,יין רזרב גולד גוורצט,,,יין רזרב גולד גוורצט,מיליליטרים,750.00,"100 מ""ל",false,,59.90,0.0799,true,1,1994317
7290018165027,false,יין רזרב גולד רוזה,,,יין רזרב גולד רוזה,מיליליטרים,750.00,"100 מ""ל",false,,59.90,0.0799,true,1,1994318
7290018195178,false,שוקולד מריר 62% 100,,,שוקולד מריר 62% 100,גרמים,100.00,100 גרם,false,,5.90,0.0590,true,1,2129233
7290018195345,false,שמן קנולה טעמן,,,שמן קנולה טעמן,ליטרים,1.00,ליטר,false,,9.90,9.9000,true,1,2115055
7290018198056,false,תפוגן קוביות תפוח אד,עיצובים 2020 (4.5),,תפוגן קוביות תפוח אד,קילוגרמים,1.50,"ק""ג",false,,22.90,15.2667,true,1,2016660
7290018198148,false,תפוגן קריספי ציפס קל,עיצובים 2020 (4.5),,תפוגן קריספי ציפס קל,קילוגרמים,1.25,"ק""ג",false,,22.90,18.3200,true,1,2065801
7290018198209,false,תפוגן צ'יפס בטטה קרא,עיצובים 2020 (4.5),,תפוגן צ'יפס בטטה קרא,גרמים,500.00,100 גרם,false,,17.90,0.0358,true,1,2042704
7290018198254,false,תפוגן קריספי ציפס פו,עיצובים 2020 (4.5),,תפוגן קריספי ציפס פו,קילוגרמים,1.25,"ק""ג",false,,22.90,18.3200,true,1,2065802
7290018198384,false,תפוגן צ'יפס קריספי פ,עיצובים 2020 (4.5),,תפוגן צ'יפס קריספי פ,קילוגרמים,1.50,"ק""ג",false,,22.90,15.2667,true,1,2093868
7290018228265,false,"מגב לרצפה 40 ס""מ",,,"מגב לרצפה 40 ס""מ",יחידה,0.00,יחידה,false,,9.90,0.0000,true,1,2066146
7290018228463,false,מקל למטאטא/מגב 1.3 מ,,,מקל למטאטא/מגב 1.3 מ,יחידה,0.00,יחידה,false,,4.90,0.0000,true,1,2066148
7290018228586,false,מפיץ ריח מיוחד,,,מפיץ ריח מיוחד,יחידה,0.00,יחידה,false,,29.90,0.0000,true,1,2102781
7290018228654,false,מטאטא טי,,,מטאטא טי,יחידה,0.00,יחידה,false,,12.90,0.0000,true,1,2066149
7290018236086,false,נקניקיות עוף במליחות,עיצובים 2020 (4.9),,נקניקיות עוף במליחות,גרמים,1000.00,100 גרם,false,,36.90,0.0369,true,1,2016661
7290018236659,false,עוף טוב צונגו פופקור,עיצובים 2020 (4.9),,עוף טוב צונגו פופקור,גרמים,600.00,100 גרם,false,,34.90,0.0582,true,1,2045695
7290018237397,false,עוף טוב פסטרמה מקורמ,עיצובים 2020 (4.9),,עוף טוב פסטרמה מקורמ,גרמים,300.00,100 גרם,false,,27.90,0.0930,true,1,2080112
7290018237410,false,עוף טוב פסטרמה במעשנ,עיצובים 2020 (4.9),,עוף טוב פסטרמה במעשנ,גרמים,300.00,100 גרם,false,,27.90,0.0930,true,1,2080113
7290018237502,false,עוף טוב דק דק כתף בק,עיצובים 2020 (4.9),,עוף טוב דק דק כתף בק,גרמים,200.00,100 גרם,false,,16.90,0.0845,true,1,2099319
7290018237885,false,נקניקיות עוף טוב XL,עיצובים 2020 (4.9),,נקניקיות עוף טוב XL,גרמים,370.00,100 גרם,false,,12.90,0.0349,true,1,2115076
7290018237922,false,שניצלונים ציפוי צ'יפ,עיצובים 2020 (4.9),,שניצלונים ציפוי צ'יפ,גרמים,700.00,100 גרם,false,,19.90,0.0284,true,1,2117516
7290018237939,false,שניצלונים ציפוי שומש,עיצובים 2020 (4.9),,שניצלונים ציפוי שומש,גרמים,700.00,100 גרם,false,,19.90,0.0284,true,1,2117517
7290018249222,false,אבקת ממתיק סוויטאנגו,,,אבקת ממתיק סוויטאנגו,גרמים,100.00,100 גרם,false,,14.90,0.1490,true,1,2048699
7290018249802,false,ממתיק סוויטאנגו צנצנ,,,ממתיק סוויטאנגו צנצנ,גרמים,280.00,100 גרם,false,,26.90,0.0961,true,1,2048690
7290018276167,false,שקית אישית פיור וואי,,,שקית אישית פיור וואי,גרמים,33.00,100 גרם,false,,5.90,0.1788,true,1,2041079
7290018276174,false,שקית אישית פיור וואי,,,שקית אישית פיור וואי,גרמים,33.00,100 גרם,false,,5.90,0.1788,true,1,2041080
7290018282441,false,ג'ל לניקוי ידיים 500,,,ג'ל לניקוי ידיים 500,מיליליטרים,500.00,"100 מ""ל",false,,14.90,0.0298,true,1,2021389
7290018294208,false,יין אדום יבש סלקטד,,,יין אדום יבש סלקטד,מיליליטרים,750.00,"100 מ""ל",false,,24.90,0.0332,true,1,2078492
7290018333082,false,אגו מיקס קורנפלקס,,,אגו מיקס קורנפלקס,גרמים,55.00,100 גרם,false,,3.90,0.0709,true,1,2024194
7290018333945,false,חטיף אגוזים רפאלס שק,,,חטיף אגוזים רפאלס שק,גרמים,150.00,100 גרם,false,,14.90,0.0993,true,1,2075958
7290018333969,false,חטיף גרנולה רפאלס שק,,,חטיף גרנולה רפאלס שק,גרמים,150.00,100 גרם,false,,14.90,0.0993,true,1,2075966
7290018343296,false,"אלכוג'ל 100 מ""ל",,,"אלכוג'ל 100 מ""ל",מיליליטרים,100.00,"100 מ""ל",false,,14.90,0.1490,true,1,2010184
7290018343630,false,קרם גוף מועשר בחמאת,,,קרם גוף מועשר בחמאת,מיליליטרים,450.00,"100 מ""ל",false,,21.90,0.0487,true,1,2045320
7290018343692,false,אלכוג'ל פרמה וויפס 7,,,אלכוג'ל פרמה וויפס 7,10  יח',60.00,10  יח',false,,24.90,0.4150,true,1,2023997
7290018359495,false,תירס השדה בלי תוספת,,,תירס השדה בלי תוספת,גרמים,550.00,100 גרם,false,,8.90,0.0162,true,1,2032571
7290018359884,false,שימורי עגבניות פולפה,,,שימורי עגבניות פולפה,גרמים,800.00,100 גרם,false,,16.90,0.0211,true,1,2107325
7290018380253,false,מזון לכלב עם עוף,,,מזון לכלב עם עוף,גרמים,415.00,100 גרם,false,,3.90,0.0094,true,1,2040018
7290018380260,false,מזון לכלב עם כבד,,,מזון לכלב עם כבד,גרמים,400.00,100 גרם,false,,3.90,0.0097,true,1,2050312
7290018380277,false,מזון לכלב עם בשר ציד,,,מזון לכלב עם בשר ציד,גרמים,415.00,100 גרם,false,,3.90,0.0094,true,1,2040019
7290018380284,false,מזון לחתול עם בקר,,,מזון לחתול עם בקר,גרמים,415.00,100 גרם,false,,3.90,0.0094,true,1,2040020
7290018380307,false,מזון לחתול עם בשר כב,,,מזון לחתול עם בשר כב,גרמים,415.00,100 גרם,false,,3.90,0.0094,true,1,2040022
7290018380314,false,מזון לחתול עם דגים,,,מזון לחתול עם דגים,גרמים,415.00,100 גרם,false,,3.90,0.0094,true,1,2040023
7290018380321,false,מזון לחתול עם בשר צי,,,מזון לחתול עם בשר צי,גרמים,415.00,100 גרם,false,,3.90,0.0094,true,1,2040024
7290018380543,false,"סקוויז תפו""ע 100 גרם",,,"סקוויז תפו""ע 100 גרם",גרמים,100.00,100 גרם,false,,5.90,0.0590,true,1,2128815
7290018380550,false,"סקוויז תפו""ע ותות 10",,,"סקוויז תפו""ע ותות 10",גרמים,100.00,100 גרם,false,,5.90,0.0590,true,1,2128816
7290018380567,false,"סקוויז תפו""ע גזר וסל",,,"סקוויז תפו""ע גזר וסל",גרמים,100.00,100 גרם,false,,5.90,0.0590,true,1,2128817
7290018380574,false,"סקוויז תפו""ע ואגס 10",,,"סקוויז תפו""ע ואגס 10",גרמים,100.00,100 גרם,false,,5.90,0.0590,true,1,2128818
7290018380611,false,צלפים עם חומץ  370 ג,,,צלפים עם חומץ  370 ג,גרמים,370.00,100 גרם,false,,8.90,0.0241,true,1,2125301
7290018394021,false,פטריות מלך היער,,,פטריות מלך היער,גרמים,200.00,100 גרם,false,,12.90,0.0645,true,1,2072160
7290018394038,false,פטריות שיטאקי מיובשו,,,פטריות שיטאקי מיובשו,גרמים,25.00,100 גרם,false,,7.90,0.3160,true,1,2043169
7290018394069,false,ביציי שליו 12 יח' בת,,,ביציי שליו 12 יח' בת,יחידה,0.00,יחידה,false,,14.90,0.0000,true,1,2067088
7290018394076,false,שום שחור,,,שום שחור,גרמים,60.00,100 גרם,false,,9.90,0.1650,true,1,2101307
7290018394083,false,שום פנינה,,,שום פנינה,גרמים,200.00,100 גרם,false,,9.90,0.0495,true,1,2101308
7290018394144,false,בצלצלי  איזי שאלוט,,,בצלצלי  איזי שאלוט,גרמים,350.00,100 גרם,false,,12.90,0.0369,true,1,2123664
7290018400036,false,חגיגת טעמים כתומים 8,,,חגיגת טעמים כתומים 8,גרמים,800.00,100 גרם,false,,24.90,0.0311,true,1,2072089
7290018400456,false,סמוטיז עם פיטאיה,,,סמוטיז עם פיטאיה,גרמים,300.00,100 גרם,false,,12.90,0.0430,true,1,2125579
7290018400609,false,לקט ירקות פיאסטה מקס,,,לקט ירקות פיאסטה מקס,גרמים,800.00,100 גרם,false,,21.90,0.0274,true,1,2037822
7290018400647,false,בננה תמר מוקפא,,,בננה תמר מוקפא,גרמים,300.00,100 גרם,false,,12.90,0.0430,true,1,2066965
7290018400807,false,לקט ירקות טברנה יוונ,,,לקט ירקות טברנה יוונ,גרמים,800.00,100 גרם,false,,21.90,0.0274,true,1,2037823
7290018401293,false,"פלס קומפקטי 23 מ""מ",,,"פלס קומפקטי 23 מ""מ",יחידה,0.00,יחידה,false,,9.90,0.0000,true,1,2121404
7290018401354,false,"פלייר ""6",,,"פלייר ""6",יחידה,0.00,יחידה,false,,24.90,0.0000,true,1,2121407
7290018440070,false,תרכיז עגבניות בשפורפ,,,תרכיז עגבניות בשפורפ,גרמים,200.00,100 גרם,false,,7.90,0.0395,true,1,2043517
7290018440223,false,צאי מסאלה,,,צאי מסאלה,גרמים,50.00,100 גרם,false,,19.90,0.3980,true,1,2097115
7290018440230,false,צאי מסאלה,,,צאי מסאלה,גרמים,50.00,100 גרם,false,,19.90,0.3980,true,1,2097116
7290018440247,false,צאי מסאלה,,,צאי מסאלה,גרמים,50.00,100 גרם,false,,19.90,0.3980,true,1,2097117
7290018440254,false,צאי מסאלה,,,צאי מסאלה,גרמים,50.00,100 גרם,false,,19.90,0.3980,true,1,2097118
7290018440391,false,תה ירוק מאטה נענע גו,,,תה ירוק מאטה נענע גו,גרמים,37.50,100 גרם,false,,22.90,0.6107,true,1,2095972
7290018440407,false,תה ירוק מאטה קקאו לו,,,תה ירוק מאטה קקאו לו,גרמים,37.50,100 גרם,false,,22.90,0.6107,true,1,2095965
7290018440438,false,טונה EASY FLIP בשמן,,,טונה EASY FLIP בשמן,יחידה,0.00,יחידה,false,,22.90,0.0000,true,1,2138349
7290018440445,false,טונה בשמן זית 160 גר,,,טונה בשמן זית 160 גר,יחידה,0.00,יחידה,false,,13.90,0.0000,true,1,2138350
7290018440483,false,בייגלה מצופה שוקולד,,,בייגלה מצופה שוקולד,גרמים,140.00,100 גרם,false,,8.90,0.0636,true,1,2083413
7290018440490,false,סלט טונה עם קוסקוס-,,,סלט טונה עם קוסקוס-,יחידה,0.00,יחידה,false,,11.90,0.0000,true,1,2138351
7290018441626,false,גלידת  פיינט מנטה עו,,,גלידת  פיינט מנטה עו,מיליליטרים,500.00,"100 מ""ל",false,,24.90,0.0498,true,1,2098450
7290018471029,false,שוופס סודה לימון שיש,,,שוופס סודה לימון שיש,ליטרים,3.00,ליטר,false,,14.90,4.9667,true,1,2041130
7290018471180,false,משקה קל אננס תפוח פר,,,משקה קל אננס תפוח פר,ליטרים,1.00,100 ליטר,false,,12.90,12.9000,true,1,2060511
7290018471210,false,ספרינג אגס סברס תפוח,,,ספרינג אגס סברס תפוח,ליטרים,1.00,ליטר,false,,6.60,6.6000,true,1,2060513
7290018471401,false,משקה קל תפוח אננס בנ,,,משקה קל תפוח אננס בנ,ליטרים,1.00,100 ליטר,false,,12.90,12.9000,true,1,2060515
7290018471463,false,תפוזינה נקטר תפוז מנ,,,תפוזינה נקטר תפוז מנ,ליטרים,1.00,ליטר,false,,6.60,6.6000,true,1,2066627
7290018471470,false,תפוזינה נקטר תפוז פס,,,תפוזינה נקטר תפוז פס,ליטרים,1.00,ליטר,false,,6.60,6.6000,true,1,2066628
7290018471487,false,תפוזינה נקטר תפוז אנ,,,תפוזינה נקטר תפוז אנ,ליטרים,1.00,ליטר,false,,6.60,6.6000,true,1,2066629
7290018471494,false,תפוזינה נקטר תפוז גז,,,תפוזינה נקטר תפוז גז,ליטרים,1.00,ליטר,false,,6.60,6.6000,true,1,2066630
7290018471913,false,שוופס תפוח מוגז 1.5,,,שוופס תפוח מוגז 1.5,ליטרים,1.50,ליטר,false,,9.50,6.3333,true,1,2098631
7290018471920,false,שוופס ענבים מוגז 1.5,,,שוופס ענבים מוגז 1.5,ליטרים,1.50,ליטר,false,,9.50,6.3333,true,1,2098632
7290018471944,false,שוופס מוגז 1.5 ליטר,,,שוופס מוגז 1.5 ליטר,ליטרים,1.50,ליטר,false,,9.50,6.3333,true,1,2098634
7290018493915,false,שמן תינוקות קמיל בלו,,,שמן תינוקות קמיל בלו,מיליליטרים,200.00,"100 מ""ל",false,,17.90,0.0895,true,1,2130332
7290018516041,false,פרמיו דליקט עוף 56גר,,,פרמיו דליקט עוף 56גר,גרמים,56.00,100 גרם,false,,9.90,0.1768,true,1,2145477
7290018516102,false,פרמיו קטניפ 15ג',,,פרמיו קטניפ 15ג',גרמים,15.00,100 גרם,false,,6.90,0.4600,true,1,2145482
7290018516324,false,חטיפטף פרינוק תפוח ו,,,חטיפטף פרינוק תפוח ו,גרמים,120.00,100 גרם,false,,5.90,0.0492,true,1,2096883
7290018516331,false,חטיפטף פרינוק תפוח ב,,,חטיפטף פרינוק תפוח ב,גרמים,120.00,100 גרם,false,,5.90,0.0492,true,1,2096889
7290018516348,false,חטיפטף פרינוק סלט פי,,,חטיפטף פרינוק סלט פי,גרמים,120.00,100 גרם,false,,5.90,0.0492,true,1,2096890
7290018516355,false,מחית פרינוק תפע+ש.שו,,,מחית פרינוק תפע+ש.שו,גרמים,190.00,100 גרם,false,,5.90,0.0311,true,1,2101299
7290018516379,false,מחית ג'וניות סלט פיר,,,מחית ג'וניות סלט פיר,גרמים,190.00,100 גרם,false,,5.90,0.0311,true,1,2101301
7290018516959,false,פרמיו סופרים עופות ל,,,פרמיו סופרים עופות ל,קילוגרמים,3.00,"ק""ג",false,,59.90,19.9667,true,1,2145801
7290018516966,false,פרמיו סופרים עופות ל,,,פרמיו סופרים עופות ל,קילוגרמים,3.00,"ק""ג",false,,59.90,19.9667,true,1,2145802
7290018517147,false,פופקורן למיקרוגל טבע,,,פופקורן למיקרוגל טבע,גרמים,300.00,100 גרם,false,,8.90,0.0297,true,1,2074438
7290018517154,false,פופקורן למיקרוגל חמא,,,פופקורן למיקרוגל חמא,גרמים,300.00,100 גרם,false,,8.90,0.0297,true,1,2074439
7290018517321,false,קווקר בשקית.,,,קווקר בשקית.,גרמים,500.00,100 גרם,false,,7.90,0.0158,true,1,2121040
7290018571095,false,סוכריות בטעם פירות,,,סוכריות בטעם פירות,גרמים,600.00,100 גרם,false,,22.90,0.0382,true,1,2060490
7290018571408,false,לקקנים תותי פרוטי,,,לקקנים תותי פרוטי,גרמים,220.00,100 גרם,false,,7.90,0.0359,true,1,2119132
7290018571705,false,אורז יסמין 1 קג,,,אורז יסמין 1 קג,קילוגרמים,1.00,"ק""ג",false,,12.90,12.9000,true,1,2134411
7290018571712,false,אורז פרסי 1 קג,,,אורז פרסי 1 קג,קילוגרמים,1.00,"ק""ג",false,,12.90,12.9000,true,1,2134412
7290018571729,false,אורז ריזוטו עגול,,,אורז ריזוטו עגול,קילוגרמים,1.00,"ק""ג",false,,9.90,9.9000,true,1,2134413
7290018571743,false,אורז מלא,,,אורז מלא,קילוגרמים,1.00,"ק""ג",false,,9.90,9.9000,true,1,2134420
7290018652039,false,גלידה ל'קרמריה קרמל,,,גלידה ל'קרמריה קרמל,ליטרים,1.40,ליטר,false,,20.90,14.9286,true,1,2065794
7290018703083,false,חטיף פרוטאין  דאבל ש,פראוד,,חטיף פרוטאין  דאבל ש,גרמים,60.00,100 גרם,false,,12.90,0.2150,true,1,2125871
7290018703229,false,חטיף פרוטאין  טבעוני,פראוד,,חטיף פרוטאין  טבעוני,גרמים,60.00,100 גרם,false,,12.90,0.2150,true,1,2125872
7290018708118,false,חלבה וניל פיסטוק ללא,,,חלבה וניל פיסטוק ללא,גרמים,350.00,100 גרם,false,,15.90,0.0454,true,1,2099349
7290018708132,false,חלבה מסולסלת שוקו ונ,,,חלבה מסולסלת שוקו ונ,גרמים,250.00,100 גרם,false,,14.90,0.0596,true,1,2102280
7290018724811,false,זרעי פשתן קופסא,,,זרעי פשתן קופסא,גרמים,400.00,100 גרם,false,,12.90,0.0323,true,1,2046786
7290018825020,false,תפוח אדמה גורמה,,,תפוח אדמה גורמה,קילוגרמים,1.00,"ק""ג",true,,5.90,5.9000,true,1,2093281
7290018825228,false,תפוחי אדמה אדום ארוז,,,תפוחי אדמה אדום ארוז,קילוגרמים,1.00,"ק""ג",true,,5.90,5.9000,true,1,2093285
7290018825822,false,תפוחי אדמה לבן ארוז,,,תפוחי אדמה לבן ארוז,קילוגרמים,1.00,"ק""ג",true,,4.90,4.9000,true,1,2093286
7290018879658,false,שוקולד ציפס מריר 45%,,,שוקולד ציפס מריר 45%,גרמים,250.00,100 גרם,false,,12.90,0.0516,true,1,2105671
7290018893005,false,חטיף בייגלה אפוי בטע,,,חטיף בייגלה אפוי בטע,גרמים,160.00,100 גרם,false,,6.90,0.0431,true,1,2096563
7290018893036,false,עוגיות סנדוויץ בטעם,,,עוגיות סנדוויץ בטעם,גרמים,176.00,100 גרם,false,,6.90,0.0392,true,1,2096545
7290018893081,false,צוקטה עוגות מגולגלות,,,צוקטה עוגות מגולגלות,גרמים,222.00,100 גרם,false,,9.90,0.0446,true,1,2096970
7290018893098,false,עוגיות מצופות בשוקול,,,עוגיות מצופות בשוקול,גרמים,100.00,100 גרם,false,,8.90,0.0890,true,1,2101682
7290018893104,false,עוגיות מצופות בשוקול,,,עוגיות מצופות בשוקול,גרמים,100.00,100 גרם,false,,8.90,0.0890,true,1,2101688
7290018893111,false,שוקולד מריר בלגי 70%,,,שוקולד מריר בלגי 70%,גרמים,100.00,100 גרם,false,,8.90,0.0890,true,1,2105983
7290018893128,false,שוקולד חלב בלגי 34%,,,שוקולד חלב בלגי 34%,גרמים,100.00,100 גרם,false,,8.90,0.0890,true,1,2105990
7290018893135,false,גריסיני צ'וקטה מלח 1,,,גריסיני צ'וקטה מלח 1,גרמים,120.00,100 גרם,false,,5.90,0.0492,true,1,2130188
7290018893142,false,גריסיני צ'וקטה שמן ז,,,גריסיני צ'וקטה שמן ז,גרמים,120.00,100 גרם,false,,5.90,0.0492,true,1,2130189
7290018893258,false,צוקטה עוגות אישיות.,,,צוקטה עוגות אישיות.,גרמים,300.00,100 גרם,false,,11.90,0.0397,true,1,2083163
7290018893272,false,בונבוניירה צדפות בלג,,,בונבוניירה צדפות בלג,גרמים,125.00,100 גרם,false,,8.90,0.0712,true,1,2096565
7290018893289,false,צוקטה עוגות מגולגלות,,,צוקטה עוגות מגולגלות,גרמים,222.00,100 גרם,false,,9.90,0.0446,true,1,2096971
7290018893296,false,עוגיות מיני חמאה מצו,,,עוגיות מיני חמאה מצו,גרמים,100.00,100 גרם,false,,8.90,0.0890,true,1,2099696
7290018893319,false,שוקולד מריר בלגי 85%,,,שוקולד מריר בלגי 85%,גרמים,100.00,100 גרם,false,,8.90,0.0890,true,1,2105984
7290018893340,false,גריסיני צ'וקטה שומשו,,,גריסיני צ'וקטה שומשו,גרמים,120.00,100 גרם,false,,5.90,0.0492,true,1,2130190
7290018893401,false,שוקולד מריר 70% צוקט,,,שוקולד מריר 70% צוקט,גרמים,100.00,100 גרם,false,,5.90,0.0590,true,1,2096580
7290018893418,false,שוקולד מריר 60% שישי,,,שוקולד מריר 60% שישי,גרמים,600.00,100 גרם,false,,19.90,0.0332,true,1,2096578
7290018893449,false,וופל במילוי קרמל צוק,,,וופל במילוי קרמל צוק,גרמים,175.00,100 גרם,false,,8.90,0.0509,true,1,2097330
7290018893456,false,צוקטה עוגות אישיות.,,,צוקטה עוגות אישיות.,גרמים,300.00,100 גרם,false,,11.90,0.0397,true,1,2083165
7290018893487,false,צוקטה עוגות אישיות.,,,צוקטה עוגות אישיות.,גרמים,350.00,100 גרם,false,,11.90,0.0340,true,1,2096972
7290018893494,false,עלי וופל דקים בטעם ח,,,עלי וופל דקים בטעם ח,גרמים,100.00,100 גרם,false,,8.90,0.0890,true,1,2096581
7290018893500,false,עוגיות סנדביץ שוקו צ,,,עוגיות סנדביץ שוקו צ,גרמים,180.00,100 גרם,false,,6.90,0.0383,true,1,2101689
7290018893517,false,בייגלה שטוח מצופה שו,,,בייגלה שטוח מצופה שו,גרמים,80.00,100 גרם,false,,6.90,0.0863,true,1,2104469
7290018893609,false,שוקולד מריר 85% צוקט,,,שוקולד מריר 85% צוקט,גרמים,100.00,100 גרם,false,,5.90,0.0590,true,1,2096582
7290018893616,false,שישיית שוקולד מריר צ,,,שישיית שוקולד מריר צ,גרמים,600.00,100 גרם,false,,19.90,0.0332,true,1,2096583
7290018893661,false,צוקטה עוגות אישיות,,,צוקטה עוגות אישיות,גרמים,240.00,100 גרם,false,,11.90,0.0496,true,1,2083166
7290018893692,false,טבלת שוקולד חלב 280,,,טבלת שוקולד חלב 280,גרמים,280.00,100 גרם,false,,12.90,0.0461,true,1,2086706
7290018893715,false,בייגלה שטוח מצופה שו,,,בייגלה שטוח מצופה שו,גרמים,80.00,100 גרם,false,,6.90,0.0863,true,1,2104470
7290018893753,false,וופל חמאה בטעם לימון,,,וופל חמאה בטעם לימון,גרמים,100.00,100 גרם,false,,8.90,0.0890,true,1,2134999
7290018893807,false,שוקולד מריר 60% שליש,,,שוקולד מריר 60% שליש,גרמים,300.00,100 גרם,false,,11.90,0.0397,true,1,2096567
7290018893814,false,שוקולד מריר 48% אריז,,,שוקולד מריר 48% אריז,גרמים,500.00,100 גרם,false,,17.90,0.0358,true,1,2096585
7290018893845,false,ביסקוויט בטעם חמאה,,,ביסקוויט בטעם חמאה,גרמים,400.00,100 גרם,false,,6.90,0.0173,true,1,2096568
7290018893876,false,צוקטה עוגות אישיות.,,,צוקטה עוגות אישיות.,גרמים,200.00,100 גרם,false,,11.90,0.0595,true,1,2083172
7290018893906,false,עוגיות סנדווי'ץ במיל,,,עוגיות סנדווי'ץ במיל,גרמים,250.00,100 גרם,false,,8.90,0.0356,true,1,2101696
7290018893913,false,ממרח אגוזי לוז עם קק,,,ממרח אגוזי לוז עם קק,גרמים,52.00,100 גרם,false,,4.90,0.0942,true,1,2120801
7290018893920,false,סוכריות ג'לי בטעמי פ,,,סוכריות ג'לי בטעמי פ,גרמים,700.00,100 גרם,false,,17.90,0.0256,true,1,2148641
7290018893951,false,עוגיות וופל חמאה וקי,,,עוגיות וופל חמאה וקי,גרמים,100.00,100 גרם,false,,8.90,0.0890,true,1,2136769
7290018894002,false,וופל קוביות קקאו בלק,,,וופל קוביות קקאו בלק,גרמים,250.00,100 גרם,false,,9.90,0.0396,true,1,2107569
7290018894019,false,עוגות מיקס מקס חלב ב,,,עוגות מיקס מקס חלב ב,גרמים,350.00,100 גרם,false,,11.90,0.0340,true,1,2107848
7290018894200,false,וופל קוביות וניל בלק,,,וופל קוביות וניל בלק,גרמים,250.00,100 גרם,false,,9.90,0.0396,true,1,2107570
7290018894217,false,עוגות מיקס מקס קקאו,,,עוגות מיקס מקס קקאו,גרמים,350.00,100 גרם,false,,11.90,0.0340,true,1,2107849
7290018894248,false,שוקולד חלב שלישייה צ,,,שוקולד חלב שלישייה צ,גרמים,300.00,100 גרם,false,,11.90,0.0397,true,1,2145996
7290018894408,false,וופל קוביות אגוזים ב,,,וופל קוביות אגוזים ב,גרמים,250.00,100 גרם,false,,9.90,0.0396,true,1,2107571
7290018894606,false,וופל קקאו בלקוני 175,,,וופל קקאו בלקוני 175,גרמים,175.00,100 גרם,false,,5.90,0.0337,true,1,2107572
7290018894804,false,וופל אגוזים בלקוני 1,,,וופל אגוזים בלקוני 1,גרמים,175.00,100 גרם,false,,5.90,0.0337,true,1,2107573
7290018921029,false,רביעיית מגבוני קמיל,,,רביעיית מגבוני קמיל,64  יח',256.00,64  יח',false,,21.90,0.0855,true,1,2103946
7290018921166,false,קמיל בלו  אל סבון 1,,,קמיל בלו  אל סבון 1,ליטרים,1.00,ליטר,false,,15.90,15.9000,true,1,2096958
7290018921265,false,תחליב רחצה אפקטיב קר,,,תחליב רחצה אפקטיב קר,מיליליטרים,700.00,"100 מ""ל",false,,12.90,0.0184,true,1,2103937
7290018921449,false,רביעיית מגבוני קמיל,,,רביעיית מגבוני קמיל,56  יח',224.00,56  יח',false,,24.90,0.1112,true,1,2103952
7290018921456,false,תחליב רחצה אפקטיב קר,,,תחליב רחצה אפקטיב קר,מיליליטרים,700.00,"100 מ""ל",false,,12.90,0.0184,true,1,2103938
7290018921654,false,תחליב רחצה אפקטיב קר,,,תחליב רחצה אפקטיב קר,מיליליטרים,700.00,"100 מ""ל",false,,12.90,0.0184,true,1,2103939
7290018921852,false,תחליב רחצה אפקטיב קר,,,תחליב רחצה אפקטיב קר,מיליליטרים,700.00,"100 מ""ל",false,,12.90,0.0184,true,1,2103940
7290018925065,false,מיץ תפוזים סחוט 2 לי,,,מיץ תפוזים סחוט 2 לי,ליטרים,2.00,ליטר,false,,26.90,13.4500,true,1,2096836
7290018925089,false,מיץ תפוחים צלול 2 לי,,,מיץ תפוחים צלול 2 לי,ליטרים,2.00,ליטר,false,,26.90,13.4500,true,1,2096838
7290018925096,false,משקה קל תפוזים 1.5 ל,,,משקה קל תפוזים 1.5 ל,ליטרים,1.50,ליטר,false,,7.90,5.2667,true,1,2096155
7290018925102,false,משקה קל ענבים 1.5 לי,,,משקה קל ענבים 1.5 לי,ליטרים,1.50,ליטר,false,,7.90,5.2667,true,1,2096156
7290018925126,false,משקה קל תפוחי עץ  1.,,,משקה קל תפוחי עץ  1.,ליטרים,1.50,ליטר,false,,7.90,5.2667,true,1,2096158
7290018925133,false,משקה קל מנגו 1.5 ליט,,,משקה קל מנגו 1.5 ליט,ליטרים,1.50,ליטר,false,,7.90,5.2667,true,1,2096159
7290018925140,false,משקה קל אשכוליות 1.5,,,משקה קל אשכוליות 1.5,ליטרים,1.50,ליטר,false,,7.90,5.2667,true,1,2096160
7290018925157,false,משקה קל לימונים 1.5,,,משקה קל לימונים 1.5,ליטרים,1.50,ליטר,false,,7.90,5.2667,true,1,2096161
7290018925164,false,משקה קל תות בננה 1.5,,,משקה קל תות בננה 1.5,ליטרים,1.50,ליטר,false,,7.90,5.2667,true,1,2096162
7290018925409,false,מיץ לימון ואננס 400,,,מיץ לימון ואננס 400,מיליליטרים,400.00,"100 מ""ל",false,,7.90,0.0197,true,1,2130785
7290018925416,false,מיץ לימון ופסיפלורה,,,מיץ לימון ופסיפלורה,מיליליטרים,400.00,"100 מ""ל",false,,7.90,0.0197,true,1,2130786
7290018929377,false,כף אשפה מתקפלת,,,כף אשפה מתקפלת,יחידה,0.00,יחידה,false,,16.90,0.0000,true,1,2128727
7290019015185,false,"דפיוזר בוהו 200 מ""ל",,,"דפיוזר בוהו 200 מ""ל",יחידה,0.00,יחידה,false,,49.90,0.0000,true,1,2102785
7290019015192,false,דפיוזר פרימיום,,,דפיוזר פרימיום,יחידה,0.00,יחידה,false,,49.90,0.0000,true,1,2102786
7290019015215,false,דפיוזר ווד מוד    50,,,דפיוזר ווד מוד    50,יחידה,0.00,יחידה,false,,39.90,0.0000,true,1,2102788
7290019015642,false,"בקבוק טריטן 520 מ""ל",,,"בקבוק טריטן 520 מ""ל",יחידה,0.00,יחידה,false,,24.90,0.0000,true,1,2123750
7290019035053,false,מלון ירוק קוביות 500,,,מלון ירוק קוביות 500,גרמים,500.00,100 גרם,false,,9.90,0.0198,true,1,2128674
7290019035060,false,חצאי משמש קפואים 500,,,חצאי משמש קפואים 500,גרמים,500.00,100 גרם,false,,9.90,0.0198,true,1,2128675
7290019035091,false,רימון 500 גרם ארוז,,,רימון 500 גרם ארוז,גרמים,500.00,100 גרם,false,,9.90,0.0198,true,1,2128664
7290019035220,false,מיקס פירות קפואים 4*,,,מיקס פירות קפואים 4*,גרמים,600.00,100 גרם,false,,29.90,0.0498,true,1,2128677
7290019056027,false,שוופס מוגז תפוחים לל,,,שוופס מוגז תפוחים לל,ליטרים,1.50,ליטר,false,,8.90,5.9333,true,1,2098636
7290019056034,false,שוופס מוגז אננס ללא,,,שוופס מוגז אננס ללא,ליטרים,1.50,ליטר,false,,8.90,5.9333,true,1,2098637
7290019056041,false,שוופס מוגז פירות ללא,,,שוופס מוגז פירות ללא,ליטרים,1.50,ליטר,false,,8.90,5.9333,true,1,2098638
7290019056065,false,שוופס מוגז עדין 1.5,,,שוופס מוגז עדין 1.5,ליטרים,1.50,ליטר,false,,8.90,5.9333,true,1,2098620
7290019056072,false,שוופס מוגז עדין 1.5,,,שוופס מוגז עדין 1.5,ליטרים,1.50,ליטר,false,,8.90,5.9333,true,1,2098621
7290019056096,false,שוופס מוגז עדין 1.5,,,שוופס מוגז עדין 1.5,ליטרים,1.50,ליטר,false,,8.90,5.9333,true,1,2098623
7290019056119,false,סודה שוופס 1.5 ליטר,,,סודה שוופס 1.5 ליטר,ליטרים,1.50,ליטר,false,,3.20,2.1333,true,1,2098582
7290019056126,false,שוופס סודה לימון 1.5,,,שוופס סודה לימון 1.5,ליטרים,1.50,ליטר,false,,3.20,2.1333,true,1,2098595
7290019056133,false,סודה שוופס נענע ליים,,,סודה שוופס נענע ליים,ליטרים,1.50,ליטר,false,,3.20,2.1333,true,1,2098596
7290019056164,false,מארז שוופס סודה 1.5,,,מארז שוופס סודה 1.5,ליטרים,6.00,ליטר,false,,12.10,2.0167,true,1,2098583
7290019056171,false,רביעית שוופס סודה לי,,,רביעית שוופס סודה לי,ליטרים,6.00,ליטר,false,,12.10,2.0167,true,1,2098598
7290019056188,false,מארז 4 יח' שוופס סוד,,,מארז 4 יח' שוופס סוד,ליטרים,6.00,ליטר,false,,12.10,2.0167,true,1,2098599
7290019056195,false,מארז שוופס סודה למון,,,מארז שוופס סודה למון,ליטרים,6.00,ליטר,false,,12.10,2.0167,true,1,2098600
7290019056201,false,מארז 4 יח' שוופס סוד,,,מארז 4 יח' שוופס סוד,ליטרים,6.00,ליטר,false,,12.10,2.0167,true,1,2098612
7290019056232,false,שוופס מוגז ליים מוחי,,,שוופס מוגז ליים מוחי,ליטרים,1.50,ליטר,false,,9.50,6.3333,true,1,2098639
7290019056249,false,שוופס Water ענבים 1.,,,שוופס Water ענבים 1.,ליטרים,1.50,ליטר,false,,8.90,5.9333,true,1,2098567
7290019056256,false,שוופס Water תפוחים 1,,,שוופס Water תפוחים 1,ליטרים,1.50,ליטר,false,,8.90,5.9333,true,1,2098568
7290019056263,false,שוופס Water אפרסק 1.,,,שוופס Water אפרסק 1.,ליטרים,1.50,ליטר,false,,8.90,5.9333,true,1,2098569
7290019056270,false,שוופס Water פירות יע,,,שוופס Water פירות יע,ליטרים,1.50,ליטר,false,,8.90,5.9333,true,1,2098570
7290019056287,false,שוופס Water אפרסק לל,,,שוופס Water אפרסק לל,ליטרים,1.50,ליטר,false,,8.90,5.9333,true,1,2098571
7290019056300,false,שוופס ביטר לימון 1.5,,,שוופס ביטר לימון 1.5,ליטרים,1.50,ליטר,false,,11.90,7.9333,true,1,2098641
7290019056317,false,שוופס RUSSCHIAN,,,שוופס RUSSCHIAN,ליטרים,1.50,ליטר,false,,11.90,7.9333,true,1,2098647
7290019056324,false,שוופס טוניק 1.5 ליטר,,,שוופס טוניק 1.5 ליטר,ליטרים,1.50,ליטר,false,,11.90,7.9333,true,1,2098648
7290019056331,false,שוופס טוניק ללא סוכר,,,שוופס טוניק ללא סוכר,ליטרים,1.50,ליטר,false,,10.90,7.2667,true,1,2098654
7290019056355,false,תפוזינה 1.5 ליטר לימ,,,תפוזינה 1.5 ליטר לימ,ליטרים,1.50,ליטר,false,,8.90,5.9333,true,1,2098516
7290019056362,false,תפוזינה 1.5 ליטר ענב,,,תפוזינה 1.5 ליטר ענב,ליטרים,1.50,ליטר,false,,8.90,5.9333,true,1,2098517
7290019056379,false,תפוזינה 1.5 ליטר תפו,,,תפוזינה 1.5 ליטר תפו,ליטרים,1.50,ליטר,false,,8.90,5.9333,true,1,2098518
7290019056386,false,תפוזינה 1.5 ליטר אשכ,,,תפוזינה 1.5 ליטר אשכ,ליטרים,1.50,ליטר,false,,8.90,5.9333,true,1,2098519
7290019056393,false,תפוזינה 1.5 ליטר תות,,,תפוזינה 1.5 ליטר תות,ליטרים,1.50,ליטר,false,,8.90,5.9333,true,1,2098520
7290019056409,false,תפוזינה 1.5 ליטר מנג,,,תפוזינה 1.5 ליטר מנג,ליטרים,1.50,ליטר,false,,8.90,5.9333,true,1,2098521
7290019056430,false,תפוזינה 1.5 ליטר תפו,,,תפוזינה 1.5 ליטר תפו,ליטרים,1.50,ליטר,false,,7.90,5.2667,true,1,2098524
7290019056447,false,תפוזינה 1.5 ליטר אשכ,,,תפוזינה 1.5 ליטר אשכ,ליטרים,1.50,ליטר,false,,7.90,5.2667,true,1,2098525
7290019056454,false,RC קולה 1.5 ליטר,,,RC קולה 1.5 ליטר,ליטרים,1.50,ליטר,false,,6.90,4.6000,true,1,2098672
7290019056461,false,RC קולה שישיית   1.5,,,RC קולה שישיית   1.5,ליטרים,9.00,ליטר,false,,39.90,4.4333,true,1,2098673
7290019056485,false,ספרינג TEA תה ירוק ל,,,ספרינג TEA תה ירוק ל,ליטרים,1.50,ליטר,false,,7.90,5.2667,true,1,2098547
7290019056492,false,ספרינג TEA תה מנגו א,,,ספרינג TEA תה מנגו א,ליטרים,1.50,ליטר,false,,7.90,5.2667,true,1,2098548
7290019056522,false,משקה Fruit Water תות,,,משקה Fruit Water תות,ליטרים,1.50,ליטר,false,,8.90,5.9333,true,1,2098557
7290019056546,false,משקה Fruit Water אבט,,,משקה Fruit Water אבט,ליטרים,1.50,ליטר,false,,8.90,5.9333,true,1,2098559
7290019056553,false,עין גדי מים שישייה 2,,,עין גדי מים שישייה 2,ליטרים,12.00,ליטר,false,,12.70,1.0583,true,1,2098499
7290019056560,false,עין גדי 2 ליטר מים,,,עין גדי 2 ליטר מים,ליטרים,2.00,ליטר,false,,3.20,1.6000,true,1,2098682
7290019056577,false,ספרינג מנגו 1.5 ליטר,,,ספרינג מנגו 1.5 ליטר,ליטרים,1.50,ליטר,false,,8.90,5.9333,true,1,2098500
7290019056584,false,ספרינג תפוזים 1.5 לי,,,ספרינג תפוזים 1.5 לי,ליטרים,1.50,ליטר,false,,8.90,5.9333,true,1,2098501
7290019056591,false,ספרינג ענבים 1.5 ליט,,,ספרינג ענבים 1.5 ליט,ליטרים,1.50,ליטר,false,,8.90,5.9333,true,1,2098502
7290019056607,false,ספרינג תפוחים 1.5 לי,,,ספרינג תפוחים 1.5 לי,ליטרים,1.50,ליטר,false,,8.90,5.9333,true,1,2098503
7290019056614,false,ספרינג אפרסק 1.5 ליט,,,ספרינג אפרסק 1.5 ליט,ליטרים,1.50,ליטר,false,,8.90,5.9333,true,1,2098504
7290019056621,false,ספרינג פירות טרופיים,,,ספרינג פירות טרופיים,ליטרים,1.50,ליטר,false,,8.90,5.9333,true,1,2098505
7290019056638,false,ספרינג תות בננה 1.5,,,ספרינג תות בננה 1.5,ליטרים,1.50,ליטר,false,,8.90,5.9333,true,1,2098506
7290019056645,false,ספרינג אגס תפוח סברס,,,ספרינג אגס תפוח סברס,ליטרים,1.50,ליטר,false,,8.90,5.9333,true,1,2098507
7290019056652,false,ספרינג אננס בננה 1.5,,,ספרינג אננס בננה 1.5,ליטרים,1.50,ליטר,false,,8.90,5.9333,true,1,2098508
7290019056676,false,ספרינג אשכוליות אננס,,,ספרינג אשכוליות אננס,ליטרים,1.50,ליטר,false,,7.90,5.2667,true,1,2098510
7290019056720,false,קריסטל ענבים,,,קריסטל ענבים,ליטרים,2.00,ליטר,false,,7.90,3.9500,true,1,2098655
7290019056737,false,קריסטל אשכוליות,,,קריסטל אשכוליות,ליטרים,2.00,ליטר,false,,7.90,3.9500,true,1,2098656
7290019056744,false,קריסטל תפוזים,,,קריסטל תפוזים,ליטרים,2.00,ליטר,false,,7.90,3.9500,true,1,2098657
7290019056768,false,קריסטל מנגו,,,קריסטל מנגו,ליטרים,2.00,ליטר,false,,7.90,3.9500,true,1,2098659
7290019056775,false,קריסטל ענבים,,,קריסטל ענבים,ליטרים,2.00,ליטר,false,,7.90,3.9500,true,1,2098660
7290019056782,false,קריסטל לימון,,,קריסטל לימון,ליטרים,2.00,ליטר,false,,7.90,3.9500,true,1,2098661
7290019056799,false,קריסטל אקזוטי מוגז,,,קריסטל אקזוטי מוגז,ליטרים,2.00,ליטר,false,,7.90,3.9500,true,1,2098662
7290019056812,false,קריסטל מנטה,,,קריסטל מנטה,ליטרים,2.00,ליטר,false,,7.90,3.9500,true,1,2098664
7290019056829,false,קריסטל אורנג',,,קריסטל אורנג',ליטרים,2.00,ליטר,false,,7.90,3.9500,true,1,2098665
7290019056836,false,קריסטל תות,,,קריסטל תות,ליטרים,2.00,ליטר,false,,7.90,3.9500,true,1,2098666
7290019056843,false,קריסטל קולה,,,קריסטל קולה,ליטרים,2.00,ליטר,false,,7.90,3.9500,true,1,2098674
7290019056959,false,מי עדן 1.5 ליטר,,,מי עדן 1.5 ליטר,ליטרים,1.50,ליטר,false,,2.90,1.9333,true,1,2098675
7290019056973,false,מי עדן שישייה 1.5 לי,,,מי עדן שישייה 1.5 לי,ליטרים,9.00,ליטר,false,,13.70,1.5222,true,1,2098676
7290019075400,false,תחליב רחצה אפקטיב קר,,,תחליב רחצה אפקטיב קר,מיליליטרים,700.00,"100 מ""ל",false,,12.90,0.0184,true,1,2137414
7290019075608,false,תחליב רחצה אפקטיב קר,,,תחליב רחצה אפקטיב קר,מיליליטרים,700.00,"100 מ""ל",false,,12.90,0.0184,true,1,2137415
7290019153078,false,שוופס ביטר למון לייט,,,שוופס ביטר למון לייט,ליטרים,1.50,ליטר,false,,10.90,7.2667,true,1,2107355
7290019153269,false,רביעית שוופס סודה אנ,,,רביעית שוופס סודה אנ,ליטרים,6.00,ליטר,false,,12.10,2.0167,true,1,2123097
7290019153344,false,תפוזינה 1.5 ליטר סנג,,,תפוזינה 1.5 ליטר סנג,ליטרים,1.50,ליטר,false,,8.90,5.9333,true,1,2123098
7290019153375,false,תפוזינה 1.5 ליטר מוח,,,תפוזינה 1.5 ליטר מוח,ליטרים,1.50,ליטר,false,,8.90,5.9333,true,1,2123105
7290019153535,false,רבעיית פחיות שוופס מ,,,רבעיית פחיות שוופס מ,ליטרים,1.32,ליטר,false,,11.90,9.0152,true,1,2128042
7290019153566,false,ספרינג רימון אוכמניו,,,ספרינג רימון אוכמניו,ליטרים,1.50,ליטר,false,,9.20,6.1333,true,1,2135834
7290019167020,false,עוגת גבינה עם פירות,,,עוגת גבינה עם פירות,גרמים,82.00,100 גרם,false,,5.90,0.0720,true,1,2148305
7290019167037,false,תותים בקצפת 82 גרם,,,תותים בקצפת 82 גרם,גרמים,82.00,100 גרם,false,,5.90,0.0720,true,1,2148306
7290019167044,false,קצפת עם קרם בייגלה מ,,,קצפת עם קרם בייגלה מ,גרמים,82.00,100 גרם,false,,5.90,0.0720,true,1,2148307
7290019204008,false,עוף טוב פסטרמה ארבע,עיצובים 2020 (4.9),,עוף טוב פסטרמה ארבע,גרמים,350.00,100 גרם,false,,24.90,0.0711,true,1,2128539
7290019204107,false,עוף טוב פסטרמה בטעם,עיצובים 2020 (4.9),,עוף טוב פסטרמה בטעם,גרמים,350.00,100 גרם,false,,24.90,0.0711,true,1,2128540
7290019232155,false,תה חליטה קמומיל לבנד,,,תה חליטה קמומיל לבנד,גרמים,67.50,100 גרם,false,,23.90,0.3541,true,1,2149337
7290019232162,false,תה חליטה קמומיל מליס,,,תה חליטה קמומיל מליס,גרמים,67.50,100 גרם,false,,23.90,0.3541,true,1,2149338
7290019232353,false,תה ירוק סיני 50,,,תה ירוק סיני 50,גרמים,75.00,100 גרם,false,,39.90,0.5320,true,1,2137233
7290019232834,false,בייגלה מצופה שוקולד,,,בייגלה מצופה שוקולד,גרמים,140.00,100 גרם,false,,8.90,0.0636,true,1,2121540
7290019233046,false,זית קלמטה בלונד מרינ,,,זית קלמטה בלונד מרינ,גרמים,215.00,100 גרם,false,,12.90,0.0600,true,1,2103747
7290019297246,false,שזיפים 250 גרם בקופס,דין שיווק,,שזיפים 250 גרם בקופס,גרמים,250.00,100 גרם,false,,17.90,0.0716,true,1,1217835
7290019297451,false,"מי ורדים 500 מ""ל",,,"מי ורדים 500 מ""ל",מיליליטרים,500.00,"100 מ""ל",false,,13.90,0.0278,true,1,2134328
7290019297505,false,"רוטב רימונים בד""צ 1",דין שיווק,,"רוטב רימונים בד""צ 1",מיליליטרים,1000.00,"100 מ""ל",false,,19.90,0.0199,true,1,1216220
7290019297536,false,חמאת בוטנים עם שברי,דין שיווק,,חמאת בוטנים עם שברי,גרמים,510.00,100 גרם,false,,9.90,0.0194,true,1,1216222
7290019297543,false,חמאת בוטנים 510 גרם,דין שיווק,,חמאת בוטנים 510 גרם,גרמים,510.00,100 גרם,false,,9.90,0.0194,true,1,1216223
7290019297550,false,בוטנים מטוגנים 185 ג,דין שיווק,,בוטנים מטוגנים 185 ג,גרמים,185.00,100 גרם,false,,7.90,0.0427,true,1,1216224
7290024486482,false,פרמיו בקר וכבד 15 גר,,,פרמיו בקר וכבד 15 גר,גרמים,15.00,100 גרם,false,,6.90,0.4600,true,1,2145487
7290055090702,false,חטיפי קרח איגלו 60 י,כרמית תעשיות ממתקים,IL,כרמית איגלו שלוקים 264 יח,מיליליטרים,1740.00,"100 מ""ל",false,,13.90,0.0080,true,1,1185906
7290100240144,false,בדין תרסיס למייבש 50,זהר דליה,IL,ספריי ורוד למייבש- 500 מל,מיליליטרים,500.00,"100 מ""ל",false,,16.90,0.0338,true,1,1188303
7290100240632,false,פתית 6 דגנים 250 גרם,יוניליוור,IL,"פתית 6 דגנים בד""צ חדש 250",גרמים,250.00,100 גרם,false,,15.90,0.0636,true,1,1188304
7290100240656,false,פתית שיפון 300 גרם.,יוניליוור,IL,"פתית שיפון בד""צ חדש 300 ג",גרמים,300.00,100 גרם,false,,15.90,0.0530,true,1,1188305
7290100243084,false,מיונז אמיתי הלמנס,יוניליוור,US,הלמנס מיונז אמיתי 789 גרם,גרמים,789.00,100 גרם,false,,15.90,0.0202,true,1,1188324
7290100243671,false,בדין אקסטרא כחול-960,יוניליוור,TR,Badin RC Conc Liquid Blue,מיליליטרים,960.00,"100 מ""ל",false,,15.90,0.0166,true,1,1188331
7290100245231,false,נמס בכוס 48 גרם תלמה,יוניליוור,IL,נמס בכוס טעם עוף ושקדי מר,גרמים,48.00,100 גרם,false,,6.50,0.1354,true,1,1188349
7290100249598,false,רוטב שום ודבש 320 גר,יוניליוור,IL,קנור בישול ברטבים שום ודב,גרמים,320.00,100 גרם,false,,12.90,0.0403,true,1,1188425
7290100249659,false,רוטב צ'ילי שום 320 ג,,,רוטב צ'ילי שום 320 ג,גרמים,320.00,100 גרם,false,,12.90,0.0403,true,1,1188431
7290100411254,false,מחית תפוח ובננה ללא,NOVOFRUCHT SK S.R.O,SK,BELOVED מחית תפוח ובננה 1,גרמים,190.00,100 גרם,false,,5.90,0.0311,true,1,1271067
7290100412343,false,מגבונים לניקוי כללי,,,מגבונים לניקוי כללי,יח',50.00,יח',false,,7.90,0.1580,true,1,1334304
7290100412435,false,מגבונים לניקוי כללי,,,מגבונים לניקוי כללי,יח',50.00,יח',false,,7.90,0.1580,true,1,1334305
7290100412732,false,"תחליב גוף ד""ר עור 40",,,"תחליב גוף ד""ר עור 40",מיליליטרים,400.00,"100 מ""ל",false,,19.90,0.0497,true,1,1545586
7290100412763,false,"תחליב רחצה 700 מ""ל ד",,,"תחליב רחצה 700 מ""ל ד",מיליליטרים,700.00,"100 מ""ל",false,,12.90,0.0184,true,1,1545605
7290100412770,false,"תחליב רחצה 700 מ""ל ד",,,"תחליב רחצה 700 מ""ל ד",מיליליטרים,700.00,"100 מ""ל",false,,12.90,0.0184,true,1,1545606
7290100412787,false,"תחליב רחצה 700 מ""ל ד",,,"תחליב רחצה 700 מ""ל ד",מיליליטרים,700.00,"100 מ""ל",false,,12.90,0.0184,true,1,1545607
7290100412794,false,"פילינג לפנים 150 מ""ל",,,"פילינג לפנים 150 מ""ל",מיליליטרים,150.00,"100 מ""ל",false,,19.90,0.1327,true,1,1545599
7290100412800,false,"תחליב רחצה 700 מ""ל ד",,,"תחליב רחצה 700 מ""ל ד",מיליליטרים,700.00,"100 מ""ל",false,,12.90,0.0184,true,1,1545608
7290100412831,false,"תחליב רחצה 700 מ""ל ד",,,"תחליב רחצה 700 מ""ל ד",מיליליטרים,700.00,"100 מ""ל",false,,12.90,0.0184,true,1,1545609
7290100413593,false,מגבונים קוויק מטליות,,,מגבונים קוויק מטליות,יח',40.00,יח',false,,6.90,0.1725,true,1,1376201
7290100653463,false,סבון נוזלי פלמוליב ל,COLGATE PALMOLIVE,IT,פלמוליב סבון נוזלי ספא מס,מיליליטרים,500.00,"100 מ""ל",false,,15.90,0.0318,true,1,1185925
7290100658338,false,נוזל לכלים פלמוליב 7,COLGATE PALMOLIVE,GR,פלמוליב כלים אוקסי כחול פ,מיליליטרים,750.00,"100 מ""ל",false,,9.90,0.0132,true,1,1185932
7290100659090,false,חטיף תמרים וקינמון פ,COLGATE PALMOLIVE,IL,פרי חטיפים ללא סוכר מארז,גרמים,110.00,100 גרם,false,,15.90,0.1445,true,1,1185933
7290100680650,false,מנה חמה נודלס +ירקות,טאי רזידנט,TH,מנה חמה נודלס בסגנון תיאל,גרמים,76.00,100 גרם,false,,6.50,0.0855,true,1,1156441
7290100680667,false,מנה חמה נודלס + ירקו,טאי רזידנט,TH,מנה חמה נודלס בסגנון סצ'ו,גרמים,76.00,100 גרם,false,,6.50,0.0855,true,1,1156442
7290100680711,false,פירורית זהב 350 גרם,עינת תעשיות מזון,IL,אסם פירורית זהב 350 גרם,גרמים,350.00,100 גרם,false,,7.90,0.0226,true,1,1156443
7290100680728,false,פירורית רגילה 350 גר,אסם תעשיות,IL,אסם פירורית 350 גרם,גרמים,350.00,100 גרם,false,,6.90,0.0197,true,1,1156444
7290100681015,false,אינסטנט פודינג בטעם,אסם תעשיות,IL,אסם פודינג אינסטנט בטעם ר,גרמים,84.00,100 גרם,false,,5.50,0.0655,true,1,1156446
7290100681138,false,מארז אפרופו,אסם תעשיות,IL,אפרופו קלאסי 50 גרם מארז,גרמים,150.00,100 גרם,false,,11.90,0.0793,true,1,1156448
7290100681503,false,סירופ לימונענע דיאטט,בית השיטה,IL,עסיס סירופ דיאט בטעם לימו,ליטרים,1.00,ליטר,false,,16.90,16.9000,true,1,1156450
7290100681510,false,סירופ אשכולית אדומה,בית השיטה,IL,עסיס סירופ דיאט בטעם אשכו,ליטרים,1.00,ליטר,false,,16.90,16.9000,true,1,1156451
7290100683880,false,תבשיל פירה 260 גרם,אסם תעשיות,IL,פירה אסם 260 גר',גרמים,260.00,100 גרם,false,,12.90,0.0496,true,1,1156459
7290100685136,false,מרק בטעם עוף 1 קג,אסם תעשיות,IL,"אסם מרק בטעם עוף 1 ק""ג",גרמים,1000.00,100 גרם,false,,13.90,0.0139,true,1,1156469
7290100685334,false,מרק עוף אמיתי 400 גר,אסם תעשיות,IL,אסם מרק עוף אמיתי רכיבים,גרמים,400.00,100 גרם,false,,24.90,0.0622,true,1,1156471
7290100685341,false,מרק בטעם עוף.,אסם תעשיות,IL,אסם מרק בטעם עוף זך רכיבי,גרמים,400.00,100 גרם,false,,16.90,0.0422,true,1,1156472
7290100685600,false,פרורית 200 גרם חיטה,עינת תעשיות מזון,IL,אסם פירורית חיטה מלאה 200,גרמים,200.00,100 גרם,false,,6.40,0.0320,true,1,1156477
7290100687109,false,במבה במילוי נוגט 60,אסם תעשיות,IL,במבה במילוי קרם נוגט 60 ג,גרמים,60.00,100 גרם,false,,4.50,0.0750,true,1,1156484
7290100689301,false,מרק טעם עוף 400 גרם.,אסם תעשיות,IL,אסם מרק בטעם עוף זך 400 ג,גרמים,400.00,100 גרם,false,,12.90,0.0323,true,1,1156493
7290100700020,false,גריסי פנינה 500 גרם,,,גריסי פנינה 500 גרם,יחידה,0.00,יחידה,false,,4.90,0.0000,true,1,2007288
7290100700068,false,שעועית צבעונית 500 ג,,,שעועית צבעונית 500 ג,יחידה,0.00,יחידה,false,,7.90,0.0000,true,1,2007289
7290100700242,false,אורז עגול מלא 1קג,סוגת תעשיות,IL,"אורז עגול מלא 1 ק""ג",קילוגרמים,1.00,"ק""ג",false,,8.90,8.9000,true,1,1180669
7290100700273,false,קינואה 500 גרם,,,קינואה 500 גרם,גרמים,500.00,100 גרם,false,,12.90,0.0258,true,1,2007290
7290100700372,false,אורז בסמטי מלא 1קג,סוגת תעשיות,IL,"אורז בסמטי 1מלא ק""ג",קילוגרמים,1.00,"ק""ג",false,,12.90,12.9000,true,1,1180670
7290100700396,false,אורז יסמין 1קג,סוגת תעשיות,IL,"אורז יסמין קלאסי 1 ק""ג",קילוגרמים,1.00,"ק""ג",false,,11.90,11.9000,true,1,1180672
7290100700563,false,אורז מיקס 1קג,סוגת תעשיות,IL,"אורז מיקס קלאסי 1 ק""ג",קילוגרמים,1.00,"ק""ג",false,,12.90,12.9000,true,1,1180675
7290100700587,false,בורגול 500 גרם,,,בורגול 500 גרם,גרמים,500.00,100 גרם,false,,4.90,0.0098,true,1,2007292
7290100701300,false,קינואה אדומה 500 גרם,,,קינואה אדומה 500 גרם,יחידה,0.00,יחידה,false,,12.90,0.0000,true,1,2007293
7290100701331,false,קמח רב תכליתי.,שטיבל טחנות קמח,IL,קמח רב תכליתי,קילוגרמים,1.00,"ק""ג",false,,5.90,5.9000,true,1,1180690
7290100701454,false,גרישה 500 גרם,,,גרישה 500 גרם,גרמים,500.00,100 גרם,false,,4.90,0.0098,true,1,2007294
7290100701577,false,קמח לחם.,שטיבל טחנות קמח,IL,קמח לחם,קילוגרמים,1.00,"ק""ג",false,,5.90,5.9000,true,1,1180697
7290100701874,false,"קמח כוסמין 1 ק""ג.",שטיבל טחנות קמח,IL,קמח כוסמין מלא + 12,קילוגרמים,1.00,"ק""ג",false,,13.90,13.9000,true,1,1180700
7290100701881,false,קמח פיצה ופוקצה.,שטיבל טחנות קמח,IL,קמח פיצה ופוקצ'ה,קילוגרמים,1.00,"ק""ג",false,,5.90,5.9000,true,1,1180701
7290100702260,false,קוסקוס דק 350 גרם.,אסיף,IL,קוסקוס דק 350 גרם,גרמים,350.00,100 גרם,false,,4.90,0.0140,true,1,1180703
7290100702277,false,קוסקוס עבה 350 גרם.,אסיף,IL,קוסקוס עבה 350 גרם,גרמים,350.00,100 גרם,false,,4.90,0.0140,true,1,1180704
7290100702284,false,קוסקוס מלא 350 גרם.,אסיף,IL,קוסקוס מלא 350 גרם,גרמים,350.00,100 גרם,false,,4.90,0.0140,true,1,1180705
7290100702383,false,"קמח תופח 1 ק""ג.",שטיבל טחנות קמח,IL,קמח תופח,קילוגרמים,1.00,"ק""ג",false,,5.90,5.9000,true,1,1180707
7290100702635,false,פתיתים אפויים כוכבים,אסיף,IL,פתיתים אפויים כוכבים 500,גרמים,500.00,100 גרם,false,,5.90,0.0118,true,1,1180711
7290100702642,false,פתיתים אפויים טבעת.,אסיף,IL,פתיתים אפויים טבעות 500 ג,גרמים,500.00,100 גרם,false,,5.90,0.0118,true,1,1180712
7290100703007,false,עדשים שחורות בלוגה 5,,,עדשים שחורות בלוגה 5,יחידה,0.00,יחידה,false,,7.90,0.0000,true,1,2007296
7290100703182,false,תבשיל אישי נודלס בטע,,,תבשיל אישי נודלס בטע,גרמים,65.00,100 גרם,false,,4.90,0.0754,true,1,1990969
7290100703199,false,תבשיל אישי נודלס בטע,,,תבשיל אישי נודלס בטע,גרמים,65.00,100 גרם,false,,4.90,0.0754,true,1,1990970
7290100703632,false,קמח מלא ללא ניפוי 1,,,קמח מלא ללא ניפוי 1,קילוגרמים,1.00,"ק""ג",false,,9.90,9.9000,true,1,1358333
7290100703687,false,קמח חלה ללא ניפוי 1,,,קמח חלה ללא ניפוי 1,קילוגרמים,1.00,"ק""ג",false,,9.90,9.9000,true,1,1358357
7290100703915,false,מארז פופקורן למיקרו,,,מארז פופקורן למיקרו,גרמים,540.00,100 גרם,false,,9.90,0.0183,true,1,1691953
7290100704578,false,"קמח כוסמין  לבן 1 ק""",,,"קמח כוסמין  לבן 1 ק""",קילוגרמים,1.00,"ק""ג",false,,13.90,13.9000,true,1,2073408
7290100704615,false,סוכר לבן דק דק בצנצנ,,,סוכר לבן דק דק בצנצנ,גרמים,500.00,100 גרם,false,,7.90,0.0158,true,1,2096921
7290100704622,false,סוכר דמררה דק דק בצנ,,,סוכר דמררה דק דק בצנ,גרמים,500.00,100 גרם,false,,7.90,0.0158,true,1,2096922
7290100704660,false,קינואה מיקס  500 גרם,,,קינואה מיקס  500 גרם,גרמים,500.00,100 גרם,false,,12.90,0.0258,true,1,2071056
7290100850909,false,דוריטוס 70 גרם נאצ'ו,שטראוס,IL,דו.נאצו מקסיקני 70ג/1שק'/,גרמים,70.00,100 גרם,false,,3.50,0.0500,true,1,1189965
7290100850916,false,דוריטוס 70 גרם חמוץ,,,דוריטוס 70 גרם חמוץ,גרמים,70.00,100 גרם,false,,3.50,0.0500,true,1,1189966
7290100850923,false,דוריטוס 70 גרם גריל,שטראוס,IL,דוריטוס גריל 70גר/1שק'/70,גרמים,70.00,100 גרם,false,,3.50,0.0500,true,1,1189967
7290100850930,false,דוריטוס 70 גרם טבעי,שטראוס,IL,דוריטוס דיפ טבעי 70 גר,גרמים,70.00,100 גרם,false,,3.50,0.0500,true,1,1189968
7290100858592,false,שקית קקאו עלית 150 ג,שטראוס,IL,שקית קקאו 150גרם/20שק/150,גרמים,150.00,100 גרם,false,,7.90,0.0527,true,1,1189491
7290100858608,false,קקאו עלית 500 גרם,,,קקאו עלית 500 גרם,גרמים,500.00,100 גרם,false,,25.90,0.0518,true,1,1189492
7290100921609,false,סוד סבון אסלה אוקיינ,הנקל סוד,HU,סוד סבון אסלה אקיינוס 50,גרמים,50.00,100 גרם,false,,5.50,0.1100,true,1,1206190
7290100921616,false,סוד סבון אסלה אורנים,הנקל סוד,HU,סוד סבון אסלה אורנים 50 ג,גרמים,50.00,100 גרם,false,,5.50,0.1100,true,1,1206191
7290100921623,false,סוד סבון אסלה אקונומ,הנקל סוד,HU,סוד סבון אסלה אקונומיקה 5,גרמים,50.00,100 גרם,false,,5.50,0.1100,true,1,1206192
7290100922651,false,סבון מוצק הוואי מארז,,,סבון מוצק הוואי מארז,יח',4.00,יח',false,,10.90,2.7250,true,1,1343714
7290100924204,false,אבקת כביסה פרסיל 8 ק,הנקל סוד,IL,"פרסיל אבקת כביסה 8 ק""ג",קילוגרמים,8.00,"ק""ג",false,,54.90,6.8625,true,1,1209695
7290100924457,false,כדוריות שלישייה אסלה,הנקל סוד,HU,סוד סבון אסלה שלישיה לימו,גרמים,150.00,100 גרם,false,,19.90,0.1327,true,1,1243402
7290100924464,false,כדוריות שלישייה אסלה,הנקל סוד,HU,סוד סבון אסלה שלישיה אקונ,יח',3.00,יח',false,,19.90,6.6333,true,1,1585081
7290100924693,false,סוד סבון לאסלה כחול,הנקל סוד,HU,סוד סבון אסלה לימון 50 גר,גרמים,50.00,100 גרם,false,,5.50,0.1100,true,1,1259167
7290100925669,false,דפים למכונה כביסה קו,,,דפים למכונה כביסה קו,יח',10.00,יח',false,,7.50,0.7500,true,1,1317216
7290100925676,false,דפים למכונה כביסה קו,,,דפים למכונה כביסה קו,יח',20.00,יח',false,,19.90,0.9950,true,1,1317217
7290100925751,false,סוד כלים קלאסי 650 מ,,,סוד כלים קלאסי 650 מ,מיליליטרים,650.00,"100 מ""ל",false,,5.90,0.0091,true,1,1337214
7290100925775,false,סוד כלים קלאסי 650 מ,,,סוד כלים קלאסי 650 מ,מיליליטרים,650.00,"100 מ""ל",false,,5.90,0.0091,true,1,1337216
7290100926147,false,אבקת פרסיל כדוריות 2,הנקל סוד,IL,פרסיל קולור אבקת כביסה 2.,קילוגרמים,2.50,"ק""ג",false,,28.90,11.5600,true,1,1206216
7290100926598,false,אבקת כביסה פרסיל 5 ק,הנקל סוד,IL,"אבקת כביסה פרסיל 5 ק""ג",קילוגרמים,5.00,"ק""ג",false,,44.90,8.9800,true,1,1206222
7290100927717,false,"אבקת כביסה פרסיל 5ק""",הנקל סוד,IL,אבקת כביסה פרסיל קולור 5,קילוגרמים,5.00,"ק""ג",false,,44.90,8.9800,true,1,1206226
7290100928516,false,ג'ל לכביסה ביד סוד 1,הנקל סוד,IL,סוד ג'ל שמפו לכביסה ביד 1,ליטרים,1.00,ליטר,false,,13.90,13.9000,true,1,1206231
7290101110460,false,גלידת בליסימו וניל צ,,,גלידת בליסימו וניל צ,ליטרים,1.30,ליטר,false,,16.90,13.0000,true,1,1182162
7290101110811,false,גלידל פסיפלורה 8יח,,,גלידל פסיפלורה 8יח,גרמים,600.00,100 גרם,false,,29.90,0.0498,true,1,1182164
7290101112228,false,שמיניית קרחוני דיאט,,,שמיניית קרחוני דיאט,גרמים,640.00,100 גרם,false,,19.90,0.0311,true,1,1240214
7290101113454,false,שלגוני גלידל שמינייה,,,שלגוני גלידל שמינייה,גרמים,400.00,100 גרם,false,,29.90,0.0747,true,1,2038213
7290101486688,false,חטיף שוקולד פרי ללא,COLGATE PALMOLIVE,IL,פרי חטיפי בריאות מארז 5 ד,גרמים,100.00,100 גרם,false,,15.90,0.1590,true,1,1185938
7290101488248,false,דאודורנט רול און-ורו,COLGATE PALMOLIVE,MX,ליידי 24/7 רול און ורוד ח,מיליליטרים,50.00,"100 מ""ל",false,,19.90,0.3980,true,1,1185944
7290101488286,false,דאודורנט ספריי-ורוד,COLGATE PALMOLIVE,MX,ליידי 24/7 ספריי ורוד חדש,מיליליטרים,150.00,"100 מ""ל",false,,24.90,0.1660,true,1,1185946
7290101488323,false,דאודורנט ליידי ספיד,COLGATE PALMOLIVE,US,ליידי ספיד סטיק ללא סימן,גרמים,65.00,100 גרם,false,,19.90,0.3062,true,1,1185950
7290101551027,false,קפסולות למכונות נספר,,,קפסולות למכונות נספר,גרמים,50.00,100 גרם,false,,16.50,0.3300,true,1,1865390
7290101551263,false,סילאן טבעי ללא תוספת,,,סילאן טבעי ללא תוספת,גרמים,700.00,100 גרם,false,,19.90,0.0284,true,1,1766489
7290101551300,false,סילאן טבעי לחיץ 380,,,סילאן טבעי לחיץ 380,גרמים,380.00,100 גרם,false,,12.90,0.0339,true,1,1766490
7290101551539,false,דנונה פרו 20 גרם חלב,,,דנונה פרו 20 גרם חלב,גרמים,200.00,100 גרם,false,,5.90,0.0295,true,1,1786992
7290101551584,false,מארז תפוציפס קידס,,,מארז תפוציפס קידס,גרמים,200.00,100 גרם,false,,12.90,0.0645,true,1,1799555
7290101551614,false,מארז ציטוס קראנצ גבי,,,מארז ציטוס קראנצ גבי,גרמים,240.00,100 גרם,false,,12.90,0.0538,true,1,1799641
7290101551638,false,מארז צ'יטוס כאפה 10*,,,מארז צ'יטוס כאפה 10*,גרמים,200.00,100 גרם,false,,12.90,0.0645,true,1,1799392
7290101580089,false,יין יוגב קברנה סובינ,בנימינה Binyamina,IL,יוגב קברנה סוביניון 2012,מיליליטרים,750.00,"100 מ""ל",false,,39.90,0.0532,true,1,1194165
7290101580942,false,יין כרם קברנה,בנימינה Binyamina,IL,כרם קברנה סוביניון 2010,מיליליטרים,750.00,"100 מ""ל",false,,19.90,0.0265,true,1,1194190
7290101580959,false,יין כרם מרלו,בנימינה Binyamina,IL,כרם מרלו 2010,מיליליטרים,750.00,"100 מ""ל",false,,19.90,0.0265,true,1,1194191
7290101580966,false,יין כרם אמרלד,בנימינה Binyamina,IL,כרם אמרלד ריזלינג 2010,מיליליטרים,750.00,"100 מ""ל",false,,19.90,0.0265,true,1,1194192
7290101582366,false,יין המושבה קברנה סוב,,,יין המושבה קברנה סוב,מיליליטרים,750.00,"100 מ""ל",false,,29.90,0.0399,true,1,1634776
7290101582380,false,יין המושבה גוורצטרמי,,,יין המושבה גוורצטרמי,מיליליטרים,750.00,"100 מ""ל",false,,29.90,0.0399,true,1,1634778
7290101582397,false,יין המושבה מרלו,,,יין המושבה מרלו,מיליליטרים,750.00,"100 מ""ל",false,,29.90,0.0399,true,1,1634779
7290101582403,false,יין המושבה שיראז,,,יין המושבה שיראז,מיליליטרים,750.00,"100 מ""ל",false,,29.90,0.0399,true,1,1634780
7290101582410,false,יין גוורצטרמינר חצי,,,יין גוורצטרמינר חצי,מיליליטרים,750.00,"100 מ""ל",false,,49.90,0.0665,true,1,1730176
7290101582496,false,יין כחול אמרלד ריזלי,,,יין כחול אמרלד ריזלי,מיליליטרים,750.00,"100 מ""ל",false,,49.90,0.0665,true,1,1990484
7290101582571,false,יין אדום רוזה גראנש,,,יין אדום רוזה גראנש,מיליליטרים,750.00,"100 מ""ל",false,,49.90,0.0665,true,1,2005895
7290101863410,false,ספריי לניקוי עוצמתי,רקיט בנקיזר,PL,סיליט ספריי אקונומיקה שרו,מיליליטרים,750.00,"100 מ""ל",false,,14.90,0.0199,true,1,1159918
7290101864127,false,ספריי להסרת כתמים 75,רקיט בנקיזר,PL,"וניש ספריי 750 מ""ל סולו 1",מיליליטרים,750.00,"100 מ""ל",false,,19.90,0.0265,true,1,1159921
7290101865261,false,נוזל הברקה למדיח 800,רקיט בנקיזר,PL,"פיניש נוזל הברקה 800 מ""""ל",מיליליטרים,800.00,"100 מ""ל",false,,19.90,0.0249,true,1,1159926
7290101866633,false,ג'ל מסיר כתמים לכביס,סאסאטק SASATECK,IL,וניש ורוד TITAN 3L,ליטרים,3.00,ליטר,false,,34.90,11.6333,true,1,1159938
7290101866787,false,ג'ל מסיר כתמים לכביס,סאסאטק SASATECK,IL,וניש נוזל להלבנה TITAN 3L,ליטרים,3.00,ליטר,false,,34.90,11.6333,true,1,1159943
7290101868460,false,"אבקת כביסה 8 ק""ג קול",זהר דליה,IL,קולון 101 8 ק''ג,קילוגרמים,8.00,"ק""ג",false,,54.90,6.8625,true,1,1159975
7290101868958,false,נוזל הברקה למדיח לימ,רקיט בנקיזר,PL,"פיניש נוזל הברקה 800 מ""ל",מיליליטרים,800.00,"100 מ""ל",false,,19.90,0.0249,true,1,1213547
7290101869719,false,פיניש ג'ל 600לימון A,,,פיניש ג'ל 600לימון A,מיליליטרים,600.00,"100 מ""ל",false,,32.90,0.0548,true,1,1248703
7290101869733,false,פיניש ג'ל 1000 AIO ל,,,פיניש ג'ל 1000 AIO ל,מיליליטרים,1000.00,"100 מ""ל",false,,42.90,0.0429,true,1,1248705
7290101869788,false,מילוי מבשם אויר אוטו,רקיט בנקיזר,GB,מילוי מבשם אויר אוטומטי א,מיליליטרים,250.00,"100 מ""ל",false,,19.90,0.0796,true,1,1243444
7290101869795,false,מילוי מבשם אויר אוטו,רקיט בנקיזר,GB,מילוי מבשם אויר אוטומטי ח,מיליליטרים,250.00,"100 מ""ל",false,,19.90,0.0796,true,1,1243445
7290101869832,false,מילוי מבשם אויר חשמל,רקיט בנקיזר,HU,מילוי מבשם אויר חשמלי חלו,מיליליטרים,19.00,"100 מ""ל",false,,19.90,1.0474,true,1,1243449
7290101869917,false,מילוי מבשם אויר אוטו,רקיט בנקיזר,GB,מילוי מבשם אויר אוטומטי ה,מיליליטרים,250.00,"100 מ""ל",false,,19.90,0.0796,true,1,1243469
7290101869962,false,מקלות ריחניים חלום ל,רקיט בנקיזר,HU,מקלות ריחניים חלום ליל קי,מיליליטרים,30.00,"100 מ""ל",false,,24.90,0.8300,true,1,1243471
7290101869979,false,מקלות ריחניים אואזיס,רקיט בנקיזר,HU,מקלות ריחניים אואזיס,מיליליטרים,30.00,"100 מ""ל",false,,24.90,0.8300,true,1,1243472
7290101925606,false,ממחטות אף רכות פרפקט,,,ממחטות אף רכות פרפקט,יח',120.00,יח',false,,9.90,0.0825,true,1,1349394
7290101925620,false,ממחטות אף רכות  3 שכ,,,ממחטות אף רכות  3 שכ,יח',56.00,יח',false,,7.90,0.1411,true,1,1351897
7290102030330,false,תפוצ'יפס מקסיקני 200,שטראוס,IL,תפוציפס קראנצ מקסיקני 200,גרמים,200.00,100 גרם,false,,9.90,0.0495,true,1,1189971
7290102031276,false,מארז 8 אקטימל תות.,שטראוס,IL,אקטימל 8 תות בננה,גרמים,864.00,100 גרם,false,,19.90,0.0230,true,1,1188793
7290102032334,false,קפה נמס וניל 200 גרם,שטראוס,IL,קפה נמס וניל 200 גר' חדש,גרמים,200.00,100 גרם,false,,26.90,0.1345,true,1,1189504
7290102060764,false,מברשות שיניים זוג מר,COLGATE PALMOLIVE,CH,מרידול מברשת שיניים זוג,יח',2.00,יח',false,,34.90,17.4500,true,1,1185954
7290102060979,false,משחת שינים אלמקס 100,COLGATE PALMOLIVE,PL,אלמקס משחת שיניים למניעת,גרמים,100.00,100 גרם,false,,14.90,0.1490,true,1,1185956
7290102062195,false,משחת שיניים אלמקס 75,COLGATE PALMOLIVE,PE,אלמקס ג'וניור משחת שיניים,גרמים,75.00,100 גרם,false,,15.90,0.2120,true,1,1185959
7290102300860,false,צ'דר אנגלית 200*גרם,שבינגטון,GB,גבינת צ'דר אנגלית,גרמים,200.00,100 גרם,false,,20.90,0.1045,true,1,1177318
7290102301881,false,גבינת טרטר עשבי תיבו,בונגראן,FR,גבינת טרטר עשבי תיבול,גרמים,150.00,100 גרם,false,,20.90,0.1393,true,1,1177320
7290102302888,false,גאודה עם כמון 200 גר,,,גאודה עם כמון 200 גר,גרמים,200.00,100 גרם,false,,29.90,0.1495,true,1,2014082
7290102390427,false,יוגורט מולר פרופ 3%,טרה,IL,"Muller Froop תות 150 מ""ל",מיליליטרים,150.00,"100 מ""ל",false,,4.70,0.0313,true,1,1176187
7290102390465,false,יוגורט מולר פרופ 3%,טרה,IL,Muller Froop אפרסק פסיפלו,מיליליטרים,150.00,"100 מ""ל",false,,4.70,0.0313,true,1,1176188
7290102390489,false,יוגורט מולר פרופ 3%,טרה,IL,"Muller Froop לימון 150 מ""",מיליליטרים,150.00,"100 מ""ל",false,,4.70,0.0313,true,1,1176189
7290102391844,false,יוגורט מולר פרופ 3%,טרה,IL,Muller Froop פירות יער 15,מיליליטרים,150.00,"100 מ""ל",false,,4.70,0.0313,true,1,1176194
7290102392094,false,חלב עיזים מלא 1 ליטר,משק צוריאל,IL,חלב עיזים בקרטון 1 ליטר,ליטרים,1.00,ליטר,false,,14.90,14.9000,true,1,1176197
7290102392254,false,חלב בקרטון 2 ליטר 1%,טרה,IL,חלב בקרטון 1% 2 ליטר,ליטרים,2.00,ליטר,false,,11.70,5.8500,true,1,1176199
7290102392728,false,יוגורט מולר ביו טבעי,טרה,IL,מולר ביאנקו נטורל 2.8% 20,גרמים,200.00,100 גרם,false,,3.70,0.0185,true,1,1176206
7290102393039,false,יוגורט מיקס מולר פצפ,טרה,IL,Muller mix פצפוצי שוקולד-,גרמים,170.00,100 גרם,false,,5.40,0.0318,true,1,1176208
7290102393169,false,יוגורט מולר סימפלי פ,טרה,IL,תות שדה Muller Simply fru,גרמים,150.00,100 גרם,false,,4.80,0.0320,true,1,1176218
7290102393176,false,יוגורט מולר סימפלי פ,טרה,IL,אפרסק Muller Simply fruit,גרמים,150.00,100 גרם,false,,4.80,0.0320,true,1,1176219
7290102393190,false,יוגורט מולר סימפלי פ,טרה,IL,פירות יער Muller Simply f,גרמים,150.00,100 גרם,false,,4.80,0.0320,true,1,1176220
7290102393268,false,גבינה לבנה 5% 750 גר,טרה,IL,גבינה לבנה 750 גרם 5%,גרמים,750.00,100 גרם,false,,14.85,0.0198,true,1,1176221
7290102393718,false,גבינת חלומי בקר 200,משק צוריאל,IL,חלומי בקר 200 גרם,גרמים,200.00,100 גרם,false,,19.90,0.0995,true,1,1176225
7290102393848,false,יוגורט עיזים תות צור,משק צוריאל,IL,יוגורט עיזים עם תות 150 ג,גרמים,150.00,100 גרם,false,,5.90,0.0393,true,1,1176226
7290102393855,false,יוגורט עיזים אפרסק צ,משק צוריאל,IL,יוגורט עיזים עם אפרסק 150,גרמים,150.00,100 גרם,false,,5.90,0.0393,true,1,1176227
7290102394081,false,יוגורט מיקס מולר קרמ,טרה,IL,Muller mix קורנפלקס מצופה,מיליליטרים,170.00,"100 מ""ל",false,,5.40,0.0318,true,1,1176230
7290102394258,false,גבינת עיזים 9% שומן,משק צוריאל,IL,מה עז 9% 180 גרם,גרמים,180.00,100 גרם,false,,21.90,0.1217,true,1,1176231
7290102394463,false,גבינה צהובה פרוסה 28,טרה,IL,וואקום 28% שומן 500 גרם,גרמים,500.00,100 גרם,false,,26.90,0.0538,true,1,1176237
7290102394821,false,גבינה צהובה דק דק 28,טרה,IL,"דק דק פ""ח 28% 200 גרם",גרמים,200.00,100 גרם,false,,15.60,0.0780,true,1,1176239
7290102394845,false,גבינה צהובה דק דק 9%,טרה,IL,"דק דק פ""ח 9% 200 גרם",גרמים,200.00,100 גרם,false,,15.90,0.0795,true,1,1176240
7290102395262,false,מאגדת 8 יוגורט מולר,טרה,IL,מאגדת שמינייה סימפלי 3% ת,גרמים,1200.00,100 גרם,false,,29.90,0.0249,true,1,1176256
7290102395378,false,גבינה צהובה פרוסה 28,טרה,IL,גבינה צהובה נעם 28% ואקום,גרמים,360.00,100 גרם,false,,19.90,0.0553,true,1,1176257
7290102395439,false,מאגדת 8 יוגורט מולר,טרה,IL,מאגדת שמינייה סימפלי פירו,גרמים,1200.00,100 גרם,false,,29.90,0.0249,true,1,1176261
7290102395446,false,מעדן חלב וניל קצפת.,טרה,IL,מוו וניל קצפת,גרמים,123.00,100 גרם,false,,2.60,0.0211,true,1,1176262
7290102395477,false,מעדן חלב שוקולד קצפת,טרה,IL,מוו שוקולד קצפת,גרמים,123.00,100 גרם,false,,2.60,0.0211,true,1,1176265
7290102395521,false,שמנת לבישול 15% 500,טרה,IL,"שמנת לבישול 15% 500 מ""ל",מיליליטרים,500.00,"100 מ""ל",false,,14.90,0.0298,true,1,1176266
7290102396399,false,מאגדת 8 מעדן חלב שוק,טרה,IL,מאגדת שמינייה מעדן שוקולד,גרמים,800.00,100 גרם,false,,12.90,0.0161,true,1,1208899
7290102396436,false,מעדן חלב שוקולד 125,טרה,IL,מוו מעדן שוקולד 1.5% 125,גרמים,125.00,100 גרם,false,,2.60,0.0208,true,1,1176305
7290102396443,false,מעדן מוו וניל 125 גר,טרה,IL,מוו מעדן וניל 1.5% 125 גר,גרמים,125.00,100 גרם,false,,2.60,0.0208,true,1,1176306
7290102396580,false,מעדן חלב שוקולד ומוס,טרה,IL,מעדן מוו שוקולד ומוס שוקו,גרמים,123.00,100 גרם,false,,2.60,0.0211,true,1,1176313
7290102396597,false,מעדן חלב וניל ומוס ש,טרה,IL,מעדן מוו וניל ומוס שוקולד,גרמים,123.00,100 גרם,false,,2.60,0.0211,true,1,1176314
7290102396665,false,גבינה צהובה דק דק 15,,,גבינה צהובה דק דק 15,גרמים,200.00,100 גרם,false,,15.60,0.0780,true,1,1280492
7290102396672,false,גבינה צהובה 9% נעם 3,,,גבינה צהובה 9% נעם 3,גרמים,360.00,100 גרם,false,,25.90,0.0719,true,1,1277468
7290102396740,false,מאגדת 8 מעדן מולר סי,טרה,IL,מאגדת שמינייה סימפלי 0% ת,גרמים,1200.00,100 גרם,false,,29.90,0.0249,true,1,1221620
7290102396788,false,"שוקו שקית 200 מ""ל.טר",טרה,IL,"שוקו בשקית 200 מ""ל",מיליליטרים,200.00,"100 מ""ל",false,,2.40,0.0120,true,1,1225861
7290102396795,false,מאגדת 6 שוקו טרה.,טרה,IL,שישיית שוקו-מאגדת,מיליליטרים,1200.00,"100 מ""ל",false,,14.90,0.0124,true,1,1226363
7290102397204,false,גבינה צהובה 22% נעם,,,גבינה צהובה 22% נעם,גרמים,200.00,100 גרם,false,,15.60,0.0780,true,1,1277469
7290102397310,false,מאגדת שמינייה מיני מ,,,מאגדת שמינייה מיני מ,גרמים,560.00,100 גרם,false,,10.90,0.0195,true,1,1293958
7290102397464,false,יוגורט מיקס מולר נטו,,,יוגורט מיקס מולר נטו,גרמים,170.00,100 גרם,false,,5.40,0.0318,true,1,1607514
7290102397600,false,יוגורט מיקס מולר שקד,,,יוגורט מיקס מולר שקד,גרמים,170.00,100 גרם,false,,5.40,0.0318,true,1,1312110
7290102397617,false,יוגורט מיקס מולר קלי,,,יוגורט מיקס מולר קלי,גרמים,170.00,100 גרם,false,,5.40,0.0318,true,1,1312111
7290102397679,false,קוטג' וחצי 5% טרה 37,,,קוטג' וחצי 5% טרה 37,גרמים,375.00,100 גרם,false,,7.50,0.0200,true,1,1368107
7290102397730,false,גבינה אמנטל 200 גר נ,,,גבינה אמנטל 200 גר נ,גרמים,200.00,100 גרם,false,,15.90,0.0795,true,1,1734473
7290102397747,false,מוצרלה נעם 200 גרם ר,,,מוצרלה נעם 200 גרם ר,גרמים,200.00,100 גרם,false,,16.90,0.0845,true,1,1597600
7290102397891,false,גבינה מותכת משק צורי,,,גבינה מותכת משק צורי,גרמים,100.00,100 גרם,false,,6.90,0.0690,true,1,1411576
7290102398065,false,חלב קרטון 2 ליטר 3%,,,חלב קרטון 2 ליטר 3%,ליטרים,2.00,ליטר,false,,12.40,6.2000,true,1,1626319
7290102398331,false,חלב מועשר דל לקטוז 2,,,חלב מועשר דל לקטוז 2,ליטרים,1.00,ליטר,false,,7.40,7.4000,true,1,1600250
7290102398478,false,לאבנה טרה 500 גרם .,,,לאבנה טרה 500 גרם .,גרמים,500.00,100 גרם,false,,19.90,0.0398,true,1,1997678
7290102398553,false,שוקו 1.5 ליטר טרה,,,שוקו 1.5 ליטר טרה,ליטרים,1.50,ליטר,false,,16.90,11.2667,true,1,2008128
7290102398577,false,שוקו טרה מועשר בבקבו,,,שוקו טרה מועשר בבקבו,מיליליטרים,250.00,"100 מ""ל",false,,5.20,0.0208,true,1,1709143
7290102398782,false,משקה סויה קלאסיק צור,,,משקה סויה קלאסיק צור,ליטרים,1.00,ליטר,false,,9.90,9.9000,true,1,1993406
7290102398799,false,משקה סויה במתיקות מו,,,משקה סויה במתיקות מו,ליטרים,1.00,ליטר,false,,9.90,9.9000,true,1,1993407
7290102399048,false,קשקבל נעם 200 גרם רכ,,,קשקבל נעם 200 גרם רכ,גרמים,200.00,100 גרם,false,,19.90,0.0995,true,1,1931253
7290102399697,false,יוגורט מולר סימפלי פ,,,יוגורט מולר סימפלי פ,גרמים,150.00,100 גרם,false,,4.80,0.0320,true,1,1993455
7290102399789,false,ממרח חמאת מולר ללא מ,,,ממרח חמאת מולר ללא מ,גרמים,250.00,100 גרם,false,,16.90,0.0676,true,1,2011297
7290102399796,false,יוגורט מולר לבן מועש,,,יוגורט מולר לבן מועש,גרמים,200.00,100 גרם,false,,5.50,0.0275,true,1,1997668
7290102399802,false,יוגורט מולר אקטיב עם,,,יוגורט מולר אקטיב עם,גרמים,200.00,100 גרם,false,,5.80,0.0290,true,1,1997669
7290102399819,false,יוגורט מולר אקטיב עם,,,יוגורט מולר אקטיב עם,גרמים,200.00,100 גרם,false,,5.80,0.0290,true,1,1997679
7290102399857,false,יוגורט מולר אקטיב עם,,,יוגורט מולר אקטיב עם,גרמים,200.00,100 גרם,false,,5.80,0.0290,true,1,2017754
7290102455973,false,נטלן פלסטיק.,,,נטלן פלסטיק.,יחידה,0.00,יחידה,false,,4.90,0.0000,true,1,1975398
7290102844357,false,אינסטנט ג'לי אננס,,,אינסטנט ג'לי אננס,גרמים,85.00,100 גרם,false,,4.90,0.0576,true,1,1338376
7290103120658,false,דאודורנט סטיק גל-שחו,COLGATE PALMOLIVE,US,ספיד סטיק 24/7 גל שחור,גרמים,50.00,100 גרם,false,,19.90,0.3980,true,1,1185966
7290103124588,false,סבון נוזלי פלמוליב ס,COLGATE PALMOLIVE,TR,פלמוליב סבון נוזלי ארומה,מיליליטרים,750.00,"100 מ""ל",false,,17.90,0.0239,true,1,1185978
7290103124601,false,סבון נוזלי פלמוליב ח,COLGATE PALMOLIVE,TR,פלמוליב חלב ודבש 750מל חד,מיליליטרים,750.00,"100 מ""ל",false,,17.90,0.0239,true,1,1185979
7290103126797,false,משחת שיניים סנסטיב,COLGATE PALMOLIVE,BR,קולגייט סנסיטיב פרו ריליף,מיליליטרים,75.00,"100 מ""ל",false,,24.90,0.3320,true,1,1185990
7290103128739,false,מקלות אוזניים בלונס,COLGATE PALMOLIVE,GR,בלונס מקלות אוזניים תינוק,יח',50.00,יח',false,,5.90,0.1180,true,1,1186000
7290103129378,false,דאודורנט סטיק ג'ל- ס,COLGATE PALMOLIVE,US,ספיד סטיק גל X5,גרמים,85.00,100 גרם,false,,19.90,0.2341,true,1,1186005
7290103129408,false,דאודורנט סטיק-פרש אי,COLGATE PALMOLIVE,US,לסס פרש אסנס פריחת הפרדס,גרמים,65.00,100 גרם,false,,19.90,0.3062,true,1,1186007
7290103129637,false,פדים להסרת איפור בלו,COLGATE PALMOLIVE,GR,בלונס פדים אובאליים להסרת,יח',40.00,יח',false,,7.90,0.1975,true,1,1186009
7290103243340,false,מאפינס ממולא שוקולד,,,מאפינס ממולא שוקולד,גרמים,50.00,100 גרם,false,,1.30,0.0260,true,1,1413195
7290103400255,false,"סלט קולסלאו בד""צ אחל",שטראוס,IL,סלט קולסלאו 400 ג ירקות ש,גרמים,400.00,100 גרם,false,,8.90,0.0223,true,1,1188801
7290103401429,false,קפה פלטינום ברזילאי,שטראוס,IL,קפה קצב ברזילאי,גרמים,200.00,100 גרם,false,,29.90,0.1495,true,1,1189517
7290103404758,false,כרוב אדום במיונז אחל,שטראוס,IL,כרוב 120,גרמים,120.00,100 גרם,false,,4.50,0.0375,true,1,1188803
7290103408206,false,עלי חסה ערבית שטופים,שטראוס,IL,עלי חסה בקופסא 250 גרם יר,גרמים,250.00,100 גרם,false,,9.90,0.0396,true,1,1188809
7290103681197,false,יין תבור הר שיראז 75,,,יין תבור הר שיראז 75,מיליליטרים,750.00,"100 מ""ל",false,,32.90,0.0439,true,1,1879261
7290103681210,false,יין תבור הר שרדונה 7,,,יין תבור הר שרדונה 7,מיליליטרים,750.00,"100 מ""ל",false,,32.90,0.0439,true,1,1879262
7290103681227,false,יין תבור הר גוורצטרמ,,,יין תבור הר גוורצטרמ,מיליליטרים,750.00,"100 מ""ל",false,,32.90,0.0439,true,1,1879263
7290103681234,false,יין תבור הר רוזה 750,,,יין תבור הר רוזה 750,מיליליטרים,750.00,"100 מ""ל",false,,32.90,0.0439,true,1,1879264
7290103681241,false,יין תבור הר מוסקטו 7,,,יין תבור הר מוסקטו 7,מיליליטרים,750.00,"100 מ""ל",false,,32.90,0.0439,true,1,1879385
7290103681630,false,יין תבור פנינים לבן,,,יין תבור פנינים לבן,מיליליטרים,750.00,"100 מ""ל",false,,32.90,0.0439,true,1,2043007
7290103702687,false,מגבות נייר 8 יחידות,,,מגבות נייר 8 יחידות,מטרים,84.64,מטר,false,,12.90,0.1524,true,1,1291913
7290103702731,false,מגבות נייר 6 יחידות,,,מגבות נייר 6 יחידות,מטרים,63.48,מטר,false,,12.90,0.2032,true,1,1301443
7290103702748,false,מגבות נייר 12 יחידות,,,מגבות נייר 12 יחידות,מטרים,126.96,מטר,false,,16.90,0.1331,true,1,1301753
7290103702755,false,נייר טואלט דו שכבתי,,,נייר טואלט דו שכבתי,מטרים,573.44,מטר,false,,32.90,0.0574,true,1,1302838
7290103702847,false,ממחטות אף 10 יחידות,,,ממחטות אף 10 יחידות,יח',10.00,יח',false,,8.90,0.8900,true,1,1348281
7290103702908,false,ממחטות טישו 5 יחידות,,,ממחטות טישו 5 יחידות,יח',500.00,יח',false,,12.90,0.0258,true,1,1347745
7290103702915,false,נייר טואלט דו שכבתי,,,נייר טואלט דו שכבתי,מטרים,860.16,מטר,false,,34.90,0.0406,true,1,1351302
7290104061424,false,חומוס זעתר אחלה 400,שטראוס,IL,חומוס זעתר 400 גרם,גרמים,400.00,100 גרם,false,,9.90,0.0248,true,1,1188811
7290104061448,false,חומוס חריף אחלה 400,שטראוס,IL,חומוס חריף 400 גרם,גרמים,400.00,100 גרם,false,,9.90,0.0248,true,1,1188813
7290104062599,false,מארז 8 סופר גמדים שמ,שטראוס,IL,8 גמדים תות בננה,גרמים,800.00,100 גרם,false,,17.90,0.0224,true,1,1188814
7290104065187,false,קפה נמס מוקה 200 גרם,שטראוס,IL,קפה נמס מוקה 200 גר',גרמים,200.00,100 גרם,false,,26.90,0.1345,true,1,1189560
7290104065934,false,עלי רוקט שטראוס 150,שטראוס,IL,עלי רוקט 150 ג' ירקות שטר,גרמים,150.00,100 גרם,false,,9.90,0.0660,true,1,1188817
7290104066566,false,טחינה אחלה 500 גרם,שטראוס,IL,טחינה משומשום מלא 500 גרם,גרמים,500.00,100 גרם,false,,13.90,0.0278,true,1,1188819
7290104067693,false,חומוס אחלה 150 גרם ת,שטראוס,IL,חומוס 150 חריף,גרמים,150.00,100 גרם,false,,4.90,0.0327,true,1,1188822
7290104068539,false,מסטיק מאסט אבטיח מיל,שטראוס,IL,MUST LL פליפ. אבטיח מלון,גרמים,28.00,100 גרם,false,,3.90,0.1393,true,1,1189567
7290104068546,false,מסטיק מאסט קולה לימו,שטראוס,IL,MUST פליפ קולה,גרמים,28.00,100 גרם,false,,3.90,0.1393,true,1,1189568
7290104501661,false,אינסטנט פודינג וניל,אסם תעשיות,IL,אסם פודינג אינסטנט בטעם ו,גרמים,80.00,100 גרם,false,,5.50,0.0688,true,1,1156505
7290104508202,false,גביעי גלידה אמריקאים,גילרו,IL,אסם  גביעי גלידה אמריקאים,גרמים,120.00,100 גרם,false,,11.90,0.0992,true,1,1156536
7290104570131,false,"תמר מגהול 1 ק""ג",,,"תמר מגהול 1 ק""ג",גרמים,1000.00,100 גרם,false,,19.90,0.0199,true,1,1268621
7290104570162,false,תמר כבוש 500 גרם,,,תמר כבוש 500 גרם,גרמים,500.00,100 גרם,false,,12.90,0.0258,true,1,1167005
7290104570629,false,ממרח תמרים 450 גרם ב,,,ממרח תמרים 450 גרם ב,גרמים,450.00,100 גרם,false,,4.90,0.0109,true,1,1264734
7290104570636,false,ממרח תמרים 450 גרם,,,ממרח תמרים 450 גרם,גרמים,450.00,100 גרם,false,,4.90,0.0109,true,1,1264735
7290104570711,false,סילאן טבעי ללא סוכר,,,סילאן טבעי ללא סוכר,גרמים,900.00,100 גרם,false,,19.90,0.0221,true,1,1264747
7290104570735,false,סילאן לחיץ 500 גרם,,,סילאן לחיץ 500 גרם,גרמים,500.00,100 גרם,false,,14.90,0.0298,true,1,1300006
7290104720499,false,מארז 8 מעדן דני מהדר,שטראוס,IL,מארז 8 דני וניל,גרמים,1000.00,100 גרם,false,,15.90,0.0159,true,1,1188825
7290104721953,false,לקט ירקות מסולסלים ש,שטראוס,IL,לקט מסולסלים 350 ג' ירקות,גרמים,350.00,100 גרם,false,,12.90,0.0369,true,1,1188832
7290104722530,false,תפוצ'יפס שמנת בצל,שטראוס,IL,תפוצ'יפס שמנת בצל 200 גר,גרמים,200.00,100 גרם,false,,9.90,0.0495,true,1,1189983
7290104728310,false,שמנת עמידה לקצפת 38%,שטראוס,IL,שמנת להקצפה 38% מהדרין,מיליליטרים,250.00,"100 מ""ל",false,,6.10,0.0244,true,1,1188853
7290104729010,false,לבן בטעם תות 100 גרם,שטראוס,IL,לבן בטעם תות 100 מל'- מהד,גרמים,100.00,100 גרם,false,,1.40,0.0140,true,1,1188857
7290104960239,false,תחליב רחצה נקה 7 קמו,אמיליה קוסמטיקס,IL,תחליב רחצה ארומה קמומיל 7,מיליליטרים,750.00,"100 מ""ל",false,,12.90,0.0172,true,1,1191406
7290104960246,false,תחליב רחצה נקה 7 ורד,אמיליה קוסמטיקס,IL,תחליב רחצה ארומה ורד יסמי,מיליליטרים,750.00,"100 מ""ל",false,,12.90,0.0172,true,1,1191407
7290104960253,false,תחליב רחצה נקה 7 לבנ,אמיליה קוסמטיקס,IL,תחליב רחצה ארומה לבנדר 75,מיליליטרים,750.00,"100 מ""ל",false,,12.90,0.0172,true,1,1191408
7290104960338,false,תחליב רחצה נקה 7 אלו,אמיליה קוסמטיקס,IL,תחליב רחצה ארומה אלוורה ו,מיליליטרים,750.00,"100 מ""ל",false,,12.90,0.0172,true,1,1191409
7290104960352,false,תחליב רחצה נקה 7 וני,אמיליה קוסמטיקס,IL,תחליב רחצה ארומה וניל שקד,מיליליטרים,750.00,"100 מ""ל",false,,12.90,0.0172,true,1,1191411
7290104960970,false,דאודורנט תרסיס טיטני,אמיליה קוסמטיקס,IL,"דאו.טיטניום מטאל 180 מ""ל",מיליליטרים,180.00,"100 מ""ל",false,,14.90,0.0828,true,1,1191441
7290104961205,false,תחליב רחצה נקה 7 מלפ,אמיליה קוסמטיקס,IL,תח.רחצה נקה7 מלפפון 750 מ,מיליליטרים,750.00,"100 מ""ל",false,,12.90,0.0172,true,1,1191449
7290104961243,false,תחליב רחצה נקה 7 קוק,אמיליה קוסמטיקס,IL,"תח.רחצה נקה7 קוקוס 750מ""ל",מיליליטרים,750.00,"100 מ""ל",false,,12.90,0.0172,true,1,1191453
7290104961403,false,סקינגארד קרם הגנה 60,,,סקינגארד קרם הגנה 60,מיליליטרים,60.00,"100 מ""ל",false,,19.90,0.3317,true,1,1289456
7290104961526,false,טיטניום ספרי גוף קלא,אמיליה קוסמטיקס,IL,טיטניום ספריי קלאסי150מ,מיליליטרים,150.00,"100 מ""ל",false,,12.90,0.0860,true,1,1191458
7290104961533,false,טיטניום ספרי גוף בלק,אמיליה קוסמטיקס,IL,טיטניום ספריי בלק 150מ,מיליליטרים,150.00,"100 מ""ל",false,,12.90,0.0860,true,1,1191459
7290104961540,false,טיטניום ספרי גוף מטא,אמיליה קוסמטיקס,IL,טיטניום ספריי מטאל 150מ,מיליליטרים,150.00,"100 מ""ל",false,,12.90,0.0860,true,1,1191460
7290104961557,false,טיטניום בלו ספריי גו,אמיליה קוסמטיקס,IL,טיטניום ספריי אייס 150מ,מיליליטרים,150.00,"100 מ""ל",false,,12.90,0.0860,true,1,1191461
7290104961878,false,שמפו לשיער לאחר החלק,אמיליה קוסמטיקס,IL,"שמפו קרטין נטורל 400 מ""ל",מיליליטרים,400.00,"100 מ""ל",false,,29.90,0.0747,true,1,1191472
7290104961885,false,מרכך לשיער לאחר החלק,אמיליה קוסמטיקס,IL,"מרכך קרטין נטורל 400 מ""ל",מיליליטרים,400.00,"100 מ""ל",false,,29.90,0.0747,true,1,1191473
7290104961892,false,מסיכת שיער לאחר החלק,אמיליה קוסמטיקס,IL,"מסכת קרטין נטורל 350 מ""ל",מיליליטרים,350.00,"100 מ""ל",false,,39.90,0.1140,true,1,1191474
7290104961908,false,סרום לשיער לאחר החלק,אמיליה קוסמטיקס,IL,"סרום קרטין נטורל 145 מ""ל",מיליליטרים,145.00,"100 מ""ל",false,,49.90,0.3441,true,1,1191475
7290104962073,false,דאודורנט תרסיס טיטני,אמיליה קוסמטיקס,IL,"דאו.טיטניום גולד 180 מ""ל",מיליליטרים,180.00,"100 מ""ל",false,,14.90,0.0828,true,1,1191484
7290104962080,false,ספרי גוף טיטניום גול,אמיליה קוסמטיקס,IL,ספריי גוף טיטניום 150מ,מיליליטרים,150.00,"100 מ""ל",false,,12.90,0.0860,true,1,1191485
7290104962127,false,דאודורנט סטיק נושם 5,אמיליה קוסמטיקס,IL,דאו.קרליין סטיק נושם לנער,מיליליטרים,50.00,"100 מ""ל",false,,16.90,0.3380,true,1,1191487
7290104962578,false,דאודורנט  ספריי נושם,,,דאודורנט  ספריי נושם,מיליליטרים,75.00,"100 מ""ל",false,,12.90,0.1720,true,1,1422984
7290104962585,false,דאודורנט  רול און נו,,,דאודורנט  רול און נו,מיליליטרים,75.00,"100 מ""ל",false,,12.90,0.1720,true,1,1422831
7290104962660,false,דאודורנט ספריי ללא א,אמיליה קוסמטיקס,IL,דאו.קרליין ספריי נושם ללא,מיליליטרים,200.00,"100 מ""ל",false,,12.90,0.0645,true,1,1229404
7290104962684,false,דאודורנט רול און ללא,אמיליה קוסמטיקס,IL,דאו.קרליין רול און נושם ל,מיליליטרים,75.00,"100 מ""ל",false,,12.90,0.1720,true,1,1229405
7290104962752,false,סקינגארד ג'ל פנים 60,,,סקינגארד ג'ל פנים 60,מיליליטרים,60.00,"100 מ""ל",false,,29.90,0.4983,true,1,1289460
7290104962844,false,שמפו נטורל פורמולה א,,,שמפו נטורל פורמולה א,מיליליטרים,400.00,"100 מ""ל",false,,29.90,0.0747,true,1,1248285
7290104962875,false,סרום לשיער קרטין אמפ,אמיליה קוסמטיקס,IL,"סרום קרטין נטורל 145 מ""ל",מיליליטרים,145.00,"100 מ""ל",false,,49.90,0.3441,true,1,1249602
7290104963216,false,אלסבון לתינוק סופטקר,,,אלסבון לתינוק סופטקר,ליטרים,1.00,ליטר,false,,18.90,18.9000,true,1,1305715
7290104963650,false,שמפו אל דמע סופטקר 1,,,שמפו אל דמע סופטקר 1,ליטרים,1.00,ליטר,false,,18.90,18.9000,true,1,1305717
7290104963667,false,אלסבון +שמפו אל דמע,,,אלסבון +שמפו אל דמע,ליטרים,1.00,ליטר,false,,18.90,18.9000,true,1,1305718
7290104963704,false,אלסבון עדין סופטקר 7,,,אלסבון עדין סופטקר 7,מיליליטרים,770.00,"100 מ""ל",false,,18.90,0.0245,true,1,1672093
7290104964022,false,סקינגארד ספריי הגנה,,,סקינגארד ספריי הגנה,מיליליטרים,300.00,"100 מ""ל",false,,44.90,0.1497,true,1,1368678
7290104964084,false,קרם יום MULTI EFFECT,,,קרם יום MULTI EFFECT,מיליליטרים,50.00,"100 מ""ל",false,,29.90,0.5980,true,1,1427545
7290104964350,false,שלישייה סבון נוזלי נ,,,שלישייה סבון נוזלי נ,מיליליטרים,1500.00,"100 מ""ל",false,,17.90,0.0119,true,1,1328448
7290104964398,false,שלישייה סבון נוזלי נ,,,שלישייה סבון נוזלי נ,מיליליטרים,1500.00,"100 מ""ל",false,,17.90,0.0119,true,1,1490310
7290104964510,false,ספריי לשורשים לבנים-,,,ספריי לשורשים לבנים-,מיליליטרים,100.00,"100 מ""ל",false,,39.90,0.3990,true,1,1799317
7290104964725,false,סקינגארד סטיק שקוף 5,,,סקינגארד סטיק שקוף 5,גרמים,13.00,100 גרם,false,,39.90,3.0692,true,1,2105364
7290104965661,false,דאודורנט ספריי נושם,,,דאודורנט ספריי נושם,מיליליטרים,150.00,"100 מ""ל",false,,12.90,0.0860,true,1,2066202
7290105040794,false,בנפייבר סיבים תזונתי,,,בנפייבר סיבים תזונתי,גרמים,261.00,100 גרם,false,,39.90,0.1529,true,1,1505644
7290105100191,false,פינצטה מוזהבת / צבעו,,,פינצטה מוזהבת / צבעו,יחידה,0.00,יחידה,false,,14.90,0.0000,true,1,2018116
7290105100252,false,סט קוצצים,,,סט קוצצים,יחידה,0.00,יחידה,false,,9.90,0.0000,true,1,2018118
7290105100320,false,פצירה ברזל,,,פצירה ברזל,יחידה,0.00,יחידה,false,,9.90,0.0000,true,1,2018125
7290105100375,false,פצירה דוצדדי,,,פצירה דוצדדי,יחידה,0.00,יחידה,false,,9.90,0.0000,true,1,2018129
7290105107237,false,תיק רחצה,,,תיק רחצה,יחידה,0.00,יחידה,false,,19.90,0.0000,true,1,1206012
7290105108944,false,מברשת שיער מודפס/פות,,,מברשת שיער מודפס/פות,יחידה,0.00,יחידה,false,,14.90,0.0000,true,1,1368551
7290105360250,false,קפסולות למכונות נספר,שטראוס,IL,קפסולות מקיאטו למכונות נס,גרמים,50.00,100 גרם,false,,16.50,0.3300,true,1,1189618
7290105360328,false,קפסולות למכונות נספר,שטראוס,IL,קפסולות אספרסו חזק למכונו,גרמים,50.00,100 גרם,false,,16.50,0.3300,true,1,1189619
7290105360335,false,קפסולות למכונות נספר,שטראוס,IL,קפסולות אספרסו מעודן למכו,גרמים,50.00,100 גרם,false,,16.50,0.3300,true,1,1189620
7290105360755,false,שמן זית כתית חזק 750,שטראוס,IL,"שמן זית 3 חזק 750 מ""ל",מיליליטרים,750.00,"100 מ""ל",false,,33.90,0.0452,true,1,1189628
7290105360762,false,שמן זית כתית עדין 75,שטראוס,IL,"שמן זית 1 עדין 750 מ""ל",מיליליטרים,750.00,"100 מ""ל",false,,33.90,0.0452,true,1,1189629
7290105362339,false,שמנת לבישול 15% שומן,שטראוס,IL,שמנת לבישול 15% מהדרין,מיליליטרים,250.00,"100 מ""ל",false,,7.90,0.0316,true,1,1188862
7290105363602,false,חטיף כיף כף מקלות.,SOLEN CIKOLATA GIDA,TR,כיף כף מקלות קלאסי 20% תו,גרמים,40.00,100 גרם,false,,4.90,0.1225,true,1,1189641
7290105364302,false,חטיף כיף כף מקלות אג,,,חטיף כיף כף מקלות אג,גרמים,42.00,100 גרם,false,,4.90,0.1167,true,1,1189644
7290105364678,false,משקה אקטיביה אפרסק 2,שטראוס,IL,משקה אקטיביה אפרסק 1.2% ב,מיליליטרים,250.00,"100 מ""ל",false,,4.90,0.0196,true,1,1188864
7290105366993,false,סימפוניה 5% שומן 200,שטראוס,IL,סימפוניה פילפל שיפקה חריף,גרמים,200.00,100 גרם,false,,10.90,0.0545,true,1,1188881
7290105368331,false,מעדן מילקי תות.,שטראוס,IL,מילקי תות,גרמים,133.00,100 גרם,false,,2.80,0.0211,true,1,1188897
7290105368904,false,שמנת עמידה לקצפת 32%,שטראוס,IL,שמנת מתוקה להקצפה 32% מהד,מיליליטרים,250.00,"100 מ""ל",false,,6.90,0.0276,true,1,1188907
7290105368928,false,"שמנת יטבתה 9% 200 מ""",שטראוס,IL,שמנת  9% 200 גר-מהדרין,גרמים,200.00,100 גרם,false,,3.00,0.0150,true,1,1188908
7290105369130,false,סימפוניה 5% בצל ירוק,שטראוס,IL,סימפוניה בצל ירוק,גרמים,200.00,100 גרם,false,,10.90,0.0545,true,1,1188913
7290105430458,false,סבון נוזלי פלמוליב ש,COLGATE PALMOLIVE,TR,פלמוליב שקדים 750מל חדש,מיליליטרים,750.00,"100 מ""ל",false,,17.90,0.0239,true,1,1186012
7290105431516,false,חטיף תמרים ובוטנים פ,COLGATE PALMOLIVE,IL,פרי חטיפי בריאות מארז 5 ת,גרמים,125.00,100 גרם,false,,15.90,0.1272,true,1,1186022
7290105431868,false,סבון נוזלי פלמוליב ל,COLGATE PALMOLIVE,TR,פלמוליב ספא קוקוס גרגרים,מיליליטרים,500.00,"100 מ""ל",false,,15.90,0.0318,true,1,1186027
7290105434050,false,דאודורנט ספיד סטיק 8,,,דאודורנט ספיד סטיק 8,גרמים,85.00,100 גרם,false,,19.90,0.2341,true,1,1280532
7290105434067,false,דאודורנט ספיד סטיק 8,,,דאודורנט ספיד סטיק 8,גרמים,85.00,100 גרם,false,,19.90,0.2341,true,1,1280533
7290105436382,false,חטיף תמרים ואגוזי קש,COLGATE PALMOLIVE,IL,פרי מארז 5 תמרים קשיו,גרמים,125.00,100 גרם,false,,15.90,0.1272,true,1,1211759
7290105438539,false,נייר אפייה קוקי,,,נייר אפייה קוקי,יח',40.00,יח',false,,12.90,0.3225,true,1,1758393
7290105438546,false,נייר אפייה קוקי פרימ,,,נייר אפייה קוקי פרימ,יח',40.00,יח',false,,12.90,0.3225,true,1,1758394
7290105439499,false,מיונז מאסטר שף,,,מיונז מאסטר שף,גרמים,481.00,100 גרם,false,,11.90,0.0247,true,1,1289837
7290105439505,false,מיונז לייט מאסטר שף,,,מיונז לייט מאסטר שף,גרמים,479.00,100 גרם,false,,11.90,0.0248,true,1,1501144
7290105439581,false,חרדל צרפתי 370 גרם מ,,,חרדל צרפתי 370 גרם מ,גרמים,370.00,100 גרם,false,,11.90,0.0322,true,1,1287551
7290105500151,false,וודקה פינלנדיה 700 מ,,,וודקה פינלנדיה 700 מ,מיליליטרים,700.00,"100 מ""ל",false,,54.90,0.0784,true,1,1626389
7290105500236,false,ויסקי ג'ק דניאלס.,,,ויסקי ג'ק דניאלס.,מיליליטרים,700.00,"100 מ""ל",false,,99.90,0.1427,true,1,1626390
7290105541697,false,קינואה 500 גרם,,,קינואה 500 גרם,גרמים,500.00,100 גרם,false,,9.90,0.0198,true,1,1176084
7290105546609,false,בורגר בקר 400 גרם,,,בורגר בקר 400 גרם,גרמים,400.00,100 גרם,false,,24.90,0.0622,true,1,1206130
7290105546616,false,קבב רומני 400 גרם,,,קבב רומני 400 גרם,גרמים,400.00,100 גרם,false,,24.90,0.0622,true,1,1206131
7290105546623,false,קבב מזרחי 400 גרם,,,קבב מזרחי 400 גרם,גרמים,400.00,100 גרם,false,,24.90,0.0622,true,1,1206132
7290105546630,false,קבב כבש 400 גרם,,,קבב כבש 400 גרם,גרמים,400.00,100 גרם,false,,29.90,0.0747,true,1,1206133
7290105547378,false,לחמניה פרנה 4 יחידות,פרנה בייקרי,IL,מארז פרנה 150 ג,גרמים,600.00,100 גרם,false,,9.90,0.0165,true,1,1211993
7290105548634,false,טורטייה 840 גרם.,,,טורטייה 840 גרם.,גרמים,840.00,100 גרם,false,,14.90,0.0177,true,1,1252124
7290105548641,false,טורטייה קמח מלא 840,,,טורטייה קמח מלא 840,גרמים,840.00,100 גרם,false,,14.90,0.0177,true,1,1252125
7290105548658,false,טורטייה 540 גרם.,,,טורטייה 540 גרם.,גרמים,540.00,100 גרם,false,,9.90,0.0183,true,1,1252126
7290105548665,false,טורטייה קמח מלא 540,,,טורטייה קמח מלא 540,גרמים,540.00,100 גרם,false,,9.90,0.0183,true,1,1252127
7290105691224,false,חטיפי טורטיה שום בצל,פרח תעשיות מזון,IL,אסם חטיפי פריכונים טורטיה,גרמים,60.00,100 גרם,false,,6.90,0.1150,true,1,1156574
7290105691248,false,חטיפי טורטיה תירס,פרח תעשיות מזון,IL,אסם חטיפי פריכונים טורטיה,גרמים,60.00,100 גרם,false,,6.90,0.1150,true,1,1156575
7290105691897,false,קוסקוס מחיטה מלאה 35,קוסקוס,IL,אסם קוסקוס עם חיטה מלאה 3,גרמים,350.00,100 גרם,false,,6.90,0.0197,true,1,1156586
7290105691934,false,קמח אוסם שמרים.,תחנת קמח המפרץ,IL,אסם קמח שמרים לעוגות שמרי,קילוגרמים,1.00,"ק""ג",false,,9.90,9.9000,true,1,1156588
7290105693341,false,מארז במבה אסם 10*25,אסם תעשיות,IL,במבה אריזת תינוק 25 גרם מ,גרמים,250.00,100 גרם,false,,15.90,0.0636,true,1,1156608
7290105693457,false,עוגת הבית דמקה שוקו,אסם תעשיות,IL,אסם הבית עוגת דמקה בטעם ש,גרמים,320.00,100 גרם,false,,12.90,0.0403,true,1,1156610
7290105694614,false,פסטה אסם ספגטי 3 דקו,זארה,IT,אסם פסטה ספגטי מהיר הכנה,גרמים,500.00,100 גרם,false,,6.90,0.0138,true,1,1156631
7290105694928,false,אבקת מרק בצל 220 גרם,אסם תעשיות,IL,אסם מרק בצל רכיבים טבעיים,גרמים,220.00,100 גרם,false,,13.90,0.0632,true,1,1156640
7290105695024,false,פתיתים אפויים אורז ע,אסם תעשיות,IL,אסם פתיתים אפויים אורז עם,גרמים,500.00,100 גרם,false,,7.90,0.0158,true,1,1156645
7290105695321,false,עוגת בראוניס טעם פאד,אסם תעשיות,IL,אסם הבית עוגת בראוניס פאד,גרמים,380.00,100 גרם,false,,15.90,0.0418,true,1,1156651
7290105962331,false,סחוג חריף מאוד זהבי,זהבי הכרם,IL,סחוג חריף מאד זהבי 220 גר,גרמים,220.00,100 גרם,false,,10.90,0.0495,true,1,1212418
7290105964564,false,חומוס 400 גרם,,,חומוס 400 גרם,גרמים,400.00,100 גרם,false,,7.90,0.0198,true,1,1297922
7290105965738,false,דנונה לשתייה תות בננ,שטראוס,IL,דנונה לשתיה תות בננה 267ג,גרמים,267.00,100 גרם,false,,4.90,0.0184,true,1,1188932
7290105966469,false,חומץ בלסמי יד מורדכי,ACATAIA GIUSEPPE CRE,IT,חומץ בלסמי יד מרדכי,מיליליטרים,250.00,"100 מ""ל",false,,12.90,0.0516,true,1,1189706
7290105968654,false,רביולי בטטה פרווה 40,שטראוס,IL,רביולי בטטה פרווה 400 גרם,גרמים,400.00,100 גרם,false,,18.90,0.0472,true,1,1188950
7290105968777,false,אנרגי פירכיות שוקולד,שטראוס,IL,פריכיות אנרג'י שוק.מריר,גרמים,70.00,100 גרם,false,,7.90,0.1129,true,1,1189723
7290105999054,false,מארז 10 קפסולות תערו,,,מארז 10 קפסולות תערו,יחידה,0.00,יחידה,false,,19.90,0.0000,true,1,2149230
7290105999214,false,מארז 10 קפסולות תערו,,,מארז 10 קפסולות תערו,יחידה,0.00,יחידה,false,,19.90,0.0000,true,1,2149207
7290105999221,false,מארז 10 קפסולות תערו,,,מארז 10 קפסולות תערו,יחידה,0.00,יחידה,false,,19.90,0.0000,true,1,2149208
7290105999238,false,מארז 10 קפסולות תערו,,,מארז 10 קפסולות תערו,יחידה,0.00,יחידה,false,,19.90,0.0000,true,1,2149209
7290105999245,false,מארז 10 קפסולות תערו,,,מארז 10 קפסולות תערו,יחידה,0.00,יחידה,false,,19.90,0.0000,true,1,2149210
7290105999252,false,מארז 10 קפסולות תערו,,,מארז 10 קפסולות תערו,יחידה,0.00,יחידה,false,,19.90,0.0000,true,1,2149211
7290105999269,false,מארז 10 קפסולות תערו,,,מארז 10 קפסולות תערו,יחידה,0.00,יחידה,false,,19.90,0.0000,true,1,2149218
7290105999276,false,מארז 10 קפסולות תערו,,,מארז 10 קפסולות תערו,יחידה,0.00,יחידה,false,,19.90,0.0000,true,1,2149219
7290105999283,false,מארז 10 קפסולות תערו,,,מארז 10 קפסולות תערו,יחידה,0.00,יחידה,false,,19.90,0.0000,true,1,2149220
7290105999290,false,מארז 10 קפסולות תערו,,,מארז 10 קפסולות תערו,יחידה,0.00,יחידה,false,,19.90,0.0000,true,1,2149221
7290105999306,false,מארז 10 קפסולות תערו,,,מארז 10 קפסולות תערו,יחידה,0.00,יחידה,false,,19.90,0.0000,true,1,2149222
7290105999313,false,מארז 10 קפסולות תערו,,,מארז 10 קפסולות תערו,יחידה,0.00,יחידה,false,,19.90,0.0000,true,1,2149223
7290106509825,false,תחבושות אולוויז פלטי,,,תחבושות אולוויז פלטי,יח',28.00,יח',false,,39.90,1.4250,true,1,1987459
7290106520066,false,גלילי וופל רבע לשבע.,הגביע מוצרי וופלים,IL,רבע לשבע,גרמים,160.00,100 גרם,false,,10.90,0.0681,true,1,1189726
7290106520288,false,דנונה WOW תות 2.4% ש,,,דנונה WOW תות 2.4% ש,גרמים,150.00,100 גרם,false,,4.50,0.0300,true,1,1287701
7290106520905,false,סלט טורקי אחלה 400 ג,שטראוס,IL,סלט טורקי  400 גרם,גרמים,400.00,100 גרם,false,,13.90,0.0348,true,1,1188958
7290106520912,false,שמנת לבישול 9% שומן,שטראוס,IL,שמנת לבישול 9% מהדרין,מיליליטרים,250.00,"100 מ""ל",false,,7.90,0.0316,true,1,1188959
7290106521926,false,קפה טורקי 150 גרם,,,קפה טורקי 150 גרם,גרמים,150.00,100 גרם,false,,12.90,0.0860,true,1,2101545
7290106524439,false,תפוצ'יפס 60 גרם פופס,,,תפוצ'יפס 60 גרם פופס,גרמים,60.00,100 גרם,false,,3.90,0.0650,true,1,1607509
7290106525320,false,שוקולית לאפייה קופסא,שטראוס,IL,שוקולית לאפיה,גרמים,500.00,100 גרם,false,,11.90,0.0238,true,1,1215095
7290106525399,false,קפסולות למכונות נספר,,,קפסולות למכונות נספר,גרמים,50.00,100 גרם,false,,16.50,0.3300,true,1,1305555
7290106525405,false,קפסולות למכונות נספר,שטראוס,IL,קפסולות נטול למכונות נספר,גרמים,50.00,100 גרם,false,,16.50,0.3300,true,1,1208145
7290106526822,false,פרכיות אורז מצופה בש,שטראוס,IL,פריכיות אנרגי תחתית שוק.ח,גרמים,80.00,100 גרם,false,,7.90,0.0988,true,1,1189762
7290106528567,false,דוריטוס גריל 185 גר,,,דוריטוס גריל 185 גר,גרמים,185.00,100 גרם,false,,7.90,0.0427,true,1,1301183
7290106528628,false,דוריטוס טבעי 185 גר,,,דוריטוס טבעי 185 גר,גרמים,185.00,100 גרם,false,,7.90,0.0427,true,1,1301184
7290106528949,false,לקט ערוגות 450 גרם,שטראוס,IL,לקט ערוגות  450 גר'  ירקו,גרמים,450.00,100 גרם,false,,12.90,0.0287,true,1,1189011
7290106571921,false,עוגיות חמוציות פיטנס,אסם תעשיות,IL,פיטנס עוגיות עם חמוציות 1,גרמים,180.00,100 גרם,false,,10.90,0.0606,true,1,1156684
7290106572027,false,לחמית חמישה דגנים.,אסם תעשיות,IL,לחמית חמישה דגנים 190 גרם,גרמים,190.00,100 גרם,false,,7.90,0.0416,true,1,1156687
7290106572959,false,מארז אפרופו קלאסי 5*,אסם תעשיות,IL,אפרופו קלאסי 25 גרם מארז,גרמים,125.00,100 גרם,false,,11.90,0.0952,true,1,1156698
7290106573277,false,קרקר קריספי עם זיתים,אסם תעשיות,IL,אסם קריספי טאפאס זיתים 15,גרמים,150.00,100 גרם,false,,10.90,0.0727,true,1,1156705
7290106573314,false,קרקר קריספי כפרי,אסם תעשיות,IL,אסם קריספי טאפאס כפרי 150,גרמים,150.00,100 גרם,false,,10.90,0.0727,true,1,1156707
7290106573598,false,חומוס לבנוני 400 גרם,צבר,IL,צבר חומוס לבנוני 400 גרם,גרמים,400.00,100 גרם,false,,11.90,0.0298,true,1,1156711
7290106573628,false,חומוס עם טחינה 400 ג,צבר,IL,צבר חומוס עם טחינה 400 גר,גרמים,400.00,100 גרם,false,,11.90,0.0298,true,1,1156712
7290106574793,false,עוגת הבית שוקוצ'יפס,אסם תעשיות,IL,אסם הבית עוגת שוקו שוקוצי,גרמים,350.00,100 גרם,false,,12.90,0.0369,true,1,1156732
7290106574953,false,בייגלה שטוחים עם שומ,אסם תעשיות,IL,אסם בייגלה שטוחים שומשום,גרמים,300.00,100 גרם,false,,10.90,0.0363,true,1,1156733
7290106574977,false,בייגלה שטוחים עם מלח,אסם תעשיות,IL,אסם בייגלה שטוחים עם מלח,גרמים,300.00,100 גרם,false,,10.90,0.0363,true,1,1156734
7290106575257,false,עוגת סופלה בטעם שוקו,אסם תעשיות,IL,אסם הבית עוגת סופלה בטעם,גרמים,340.00,100 גרם,false,,12.90,0.0379,true,1,1156740
7290106575332,false,פתיתים אפויים פלוס ב,קוסקוס,IL,אסם פתיתים פלוס בורגול 40,גרמים,400.00,100 גרם,false,,7.90,0.0198,true,1,1156744
7290106576513,false,חומוס צבר 400 גרם,צבר,IL,צבר חומוס חלק 400 גרם,גרמים,400.00,100 גרם,false,,8.90,0.0223,true,1,1156765
7290106576537,false,חומוס מסעדה 700 גרם,צבר,IL,צבר חומוס מסעדה 700 גרם,גרמים,700.00,100 גרם,false,,10.90,0.0156,true,1,1156766
7290106576995,false,גלידה ל'קרמריה סורבה,גלידות נסטלה,IL,לה קרמריה לייט סורבה תות,ליטרים,1.40,ליטר,false,,20.90,14.9286,true,1,1177556
7290106577039,false,גלידה ל'קרמריה שוקו,גלידות נסטלה,IL,לה קרמריה שוקו וניל פליק,ליטרים,1.40,ליטר,false,,20.90,14.9286,true,1,1177557
7290106577541,false,כרוב אדום 400 גרם,צבר,IL,צבר סלט כרוב אדום 400 גרם,גרמים,400.00,100 גרם,false,,10.90,0.0273,true,1,1156782
7290106578692,false,ביסלי במבה מיקס,,,ביסלי במבה מיקס,גרמים,80.00,100 גרם,false,,4.50,0.0563,true,1,1156797
7290106578821,false,עוגת שמרים שוקולד קל,אסם תעשיות,IL,אסם הבית עוגת שמרים שוקול,גרמים,350.00,100 גרם,false,,15.90,0.0454,true,1,1156798
7290106652996,false,חטיף כיף כף מקלות קו,SOLEN CIKOLATA GIDA,TR,כיף כף מקלות קוקוס,גרמים,40.00,100 גרם,false,,4.90,0.1225,true,1,2146302
7290106653689,false,לקט לסלט אסייתי 350,,,לקט לסלט אסייתי 350,גרמים,350.00,100 גרם,false,,9.90,0.0283,true,1,1418564
7290106654099,false,מאגדת 8 מילקי cake,,,מאגדת 8 מילקי cake,גרמים,272.00,100 גרם,false,,17.90,0.0658,true,1,1289682
7290106656727,false,עוגיות חיוכים שוקו 6,אפיפית נצרת,IL,חיוכים שוקו 600 ג בדצ,גרמים,600.00,100 גרם,false,,15.90,0.0265,true,1,1189816
7290106656734,false,עוגיות חיוכים וניל 6,אפיפית נצרת,IL,חיוכים וניל 600 גר בדצ,גרמים,600.00,100 גרם,false,,15.90,0.0265,true,1,1189817
7290106662025,false,תפוצ'יפס 50 גרם מלח,,,תפוצ'יפס 50 גרם מלח,גרמים,50.00,100 גרם,false,,3.90,0.0780,true,1,1335706
7290106663558,false,רוטב טריאקי 320 גרם,,,רוטב טריאקי 320 גרם,גרמים,320.00,100 גרם,false,,12.90,0.0403,true,1,1258654
7290106667266,false,דוריטוס חמוץ חריף 18,,,דוריטוס חמוץ חריף 18,גרמים,185.00,100 גרם,false,,7.90,0.0427,true,1,1301186
7290106668577,false,מיץ לימון טבעי יד מר,,IL,מיץ לימון יכין 1 ליטר,מיליליטרים,250.00,"100 מ""ל",false,,6.90,0.0276,true,1,1258665
7290106668713,false,דנונה פירות יער 3% ש,שטראוס,IL,דנונה תות 3%,גרמים,150.00,100 גרם,false,,3.40,0.0227,true,1,1261967
7290106669857,false,קפסולות למכונות נספר,,,קפסולות למכונות נספר,גרמים,50.00,100 גרם,false,,16.50,0.3300,true,1,1411561
7290106720626,false,ציטוס גבינה 80 גר,,,ציטוס גבינה 80 גר,גרמים,80.00,100 גרם,false,,3.90,0.0487,true,1,1432635
7290106721913,false,קופסאת מסטיק מאסט מנ,שטראוס,IL,כשלפ בזוקה רגיל 30,גרמים,66.00,100 גרם,false,,8.90,0.1348,true,1,1251335
7290106721920,false,קופסאת מסטיק מאסט ספ,שטראוס,IL,כשלפ בזוקה רגיל 30,גרמים,66.00,100 גרם,false,,8.90,0.1348,true,1,1251336
7290106723689,false,עליי תרד בייבי טעם ה,שטראוס,IL,עלי תרד בייבי שטראוס 200ג,גרמים,200.00,100 גרם,false,,12.00,0.0600,true,1,1222184
7290106725874,false,סירופ מייפל טבעי 236,,,סירופ מייפל טבעי 236,מיליליטרים,236.00,"100 מ""ל",false,,34.90,0.1479,true,1,1279932
7290106726178,false,דנונה WOW  פירות יער,,,דנונה WOW  פירות יער,גרמים,150.00,100 גרם,false,,4.50,0.0300,true,1,1279978
7290106729650,false,מארז 8 דנונה תות 3%,,,מארז 8 דנונה תות 3%,גרמים,1200.00,100 גרם,false,,22.90,0.0191,true,1,1297873
7290107280020,false,מארז שלישיה מגבונים,דינאמיק תעשיות,IL,מטליות לניקוי כללי50*3יח,יח',150.00,יח',false,,19.90,0.1327,true,1,1168048
7290107280037,false,מגבונים עבים לניקוי,דינאמיק תעשיות,IL,50מגבונים לניקוי כללי,יח',50.00,יח',false,,8.90,0.1780,true,1,1168049
7290107280068,false,זוג תבניות אלומיניום,,,זוג תבניות אלומיניום,יח',2.00,יח',false,,7.90,3.9500,true,1,1168051
7290107280075,false,מארז 4 תבניות אלומינ,,,מארז 4 תבניות אלומינ,יח',4.00,יח',false,,7.90,1.9750,true,1,1168052
7290107280082,false,מארז 7 תבניות אלומינ,,,מארז 7 תבניות אלומינ,יח',7.00,יח',false,,7.90,1.1286,true,1,1168053
7290107280099,false,מארז שלישייה מגבוני,טרופיקל דגיל,IL,מגבוני נייר טואלט3*48יח,יח',144.00,יח',false,,15.90,0.1104,true,1,1229852
7290107280129,false,שקיות אשפה XXL גדולו,אשפלסט תעשיות,IL,שקיות אשפה חזקות 20יח,יח',20.00,יח',false,,22.90,1.1450,true,1,1243358
7290107280341,false,ריצפז פרש מטליות ענק,,,ריצפז פרש מטליות ענק,יח',10.00,יח',false,,14.90,1.4900,true,1,1994335
7290107280389,false,ג'ט לניקוי יסודי לאמ,סנו,IL,"מתז ג'ט לאמבט 750 מ""ל",מיליליטרים,750.00,"100 מ""ל",false,,8.90,0.0119,true,1,1168058
7290107280396,false,ג'ט לניקוי יסודי למט,סנו,IL,"מתז ג'ט למטבח 750 מ""ל",מיליליטרים,750.00,"100 מ""ל",false,,8.90,0.0119,true,1,1168059
7290107280563,false,ג'ל אוקסיג'ן בייבי ל,סנו,IL,ג'ל אוקסיג'ן בייבי 3 ל,ליטרים,3.00,ליטר,false,,29.90,9.9667,true,1,1220450
7290107280570,false,ג'ל כביסה מקסימה מרו,סנו,IL,ג'ל לכביסה מעורבת 3ל,ליטרים,3.00,ליטר,false,,29.90,9.9667,true,1,1215851
7290107280587,false,שלישייה סנובון לאסלה,,,שלישייה סנובון לאסלה,גרמים,165.00,100 גרם,false,,11.90,0.0721,true,1,1280800
7290107280594,false,שלישייה סנובון לאסלה,,,שלישייה סנובון לאסלה,גרמים,165.00,100 גרם,false,,11.90,0.0721,true,1,1280801
7290107280655,false,אבקת כביסה מקסימה 3.,סנו,IL,מקסימה בייבי 3.25קג,קילוגרמים,3.25,"ק""ג",false,,29.90,9.2000,true,1,1225415
7290107280709,false,נוזל הברקה למדיח סנו,,,נוזל הברקה למדיח סנו,מיליליטרים,700.00,"100 מ""ל",false,,14.90,0.0213,true,1,1247838
7290107280723,false,נוזל לכלים סנו ספארק,סנו,IL,נוזל לכלים לימון 700מל,מיליליטרים,700.00,"100 מ""ל",false,,9.90,0.0141,true,1,1232747
7290107280730,false,נוזל לכלים סנו ספארק,סנו,IL,"נוזל לכלים לבנדר 700 מ""ל",מיליליטרים,700.00,"100 מ""ל",false,,9.90,0.0141,true,1,1232748
7290107280747,false,נוזל לכלים סנו ספארק,סנו,IL,"נוזל לכלים קלאסי 700מ""ל",מיליליטרים,700.00,"100 מ""ל",false,,9.90,0.0141,true,1,1232749
7290107280754,false,נוזל לכלים סנו ספארק,סנו,IL,"נוזל לכלים שקד 700 מ""ל",מיליליטרים,700.00,"100 מ""ל",false,,9.90,0.0141,true,1,1232750
7290107280761,false,נוזל לכלים סנו ספארק,סנו,IL,סנו ספארק לכלים לימון1ל,ליטרים,1.00,ליטר,false,,12.90,12.9000,true,1,1243359
7290107280822,false,ריצפז פרש הום תרכיז,סנו,IL,ריצפז פרש הום ספא 2 ליטר,ליטרים,2.00,ליטר,false,,19.90,9.9500,true,1,1240405
7290107521666,false,מארז 3 כיפות,,,מארז 3 כיפות,יח',3.00,יח',false,,12.90,4.3000,true,1,2145355
7290107522106,false,סדין מיקס יור סטייל,,,סדין מיקס יור סטייל,יחידה,0.00,יחידה,false,,49.90,0.0000,true,1,2050823
7290107522113,false,סדין מיקס יור סטייל,,,סדין מיקס יור סטייל,יחידה,0.00,יחידה,false,,59.90,0.0000,true,1,2050824
7290107522144,false,זוג ציפיות מיקס יור,,,זוג ציפיות מיקס יור,יחידה,0.00,יחידה,false,,24.90,0.0000,true,1,2050827
7290107645584,false,מרק עוף אמיתי 400 גר,,,מרק עוף אמיתי 400 גר,גרמים,400.00,100 גרם,false,,24.90,0.0622,true,1,1663519
7290107645591,false,מרק בטעם עוף רכיבים,,,מרק בטעם עוף רכיבים,גרמים,400.00,100 גרם,false,,18.90,0.0472,true,1,1663529
7290107646062,false,מרק בצל 400 גר רכיבי,,,מרק בצל 400 גר רכיבי,גרמים,400.00,100 גרם,false,,24.90,0.0622,true,1,1663521
7290107646147,false,מאגדת חטיפי שוגי קור,,,מאגדת חטיפי שוגי קור,גרמים,156.00,100 גרם,false,,12.90,0.0827,true,1,1643694
7290107646154,false,מאגדת חטיפי קוקומן ק,,,מאגדת חטיפי קוקומן ק,גרמים,126.00,100 גרם,false,,12.90,0.1024,true,1,1643695
7290107646833,false,מאגדת חטיפי שוגי פצפ,,,מאגדת חטיפי שוגי פצפ,גרמים,138.00,100 גרם,false,,12.90,0.0935,true,1,1643701
7290107646895,false,רוטב עגבניות נפוליטנ,,,רוטב עגבניות נפוליטנ,גרמים,415.00,100 גרם,false,,12.90,0.0311,true,1,1673708
7290107646918,false,רוטב עגבניות לשקשוקה,,,רוטב עגבניות לשקשוקה,גרמים,415.00,100 גרם,false,,12.90,0.0311,true,1,1673710
7290107646963,false,ממרח ספייסי מיו תלמה,,,ממרח ספייסי מיו תלמה,גרמים,250.00,100 גרם,false,,7.90,0.0316,true,1,2141934
7290107646970,false,ממרח איולי שום תלמה,,,ממרח איולי שום תלמה,גרמים,250.00,100 גרם,false,,7.90,0.0316,true,1,2141935
7290107647731,false,"קוקומן 375 גרם בד""צ",,,"קוקומן 375 גרם בד""צ",גרמים,375.00,100 גרם,false,,19.90,0.0531,true,1,1544476
7290107647816,false,ברנפלקס ללא סוכר 500,,,ברנפלקס ללא סוכר 500,גרמים,500.00,100 גרם,false,,22.90,0.0458,true,1,1590910
7290107647854,false,דגני שוגי מופחת סוכר,,,דגני שוגי מופחת סוכר,גרמים,500.00,100 גרם,false,,21.90,0.0438,true,1,1545574
7290107648943,false,ברנפלקס קרנצ'ים בטעם,,,ברנפלקס קרנצ'ים בטעם,גרמים,375.00,100 גרם,false,,22.90,0.0611,true,1,1682445
7290107649100,false,בייגלה טבעות שומשום,,,בייגלה טבעות שומשום,גרמים,300.00,100 גרם,false,,9.90,0.0330,true,1,1825725
7290107871297,false,חטיפי פריכונים מיני,פרח תעשיות מזון,IL,אסם פריכונים מיני עשבי תי,גרמים,23.00,100 גרם,false,,3.90,0.1696,true,1,1238980
7290107871990,false,פסטה צינורות 500 גרם,זארה,IT,אסם פסטה צינורות 500 גרם,גרמים,500.00,100 גרם,false,,5.90,0.0118,true,1,1156828
7290107874427,false,חטיפי פריכונים מיני,פרח תעשיות מזון,IL,אסם אסם פריכונים מיני זעת,גרמים,25.00,100 גרם,false,,3.90,0.1560,true,1,1225450
7290107874441,false,חטיפי פריכונים מיני,פרח תעשיות מזון,IL,אסם פריכונים מיני בצל מקו,גרמים,25.00,100 גרם,false,,3.90,0.1560,true,1,1225451
7290107874502,false,מארז ביסלי גריל.,,,מארז ביסלי גריל.,גרמים,220.00,100 גרם,false,,12.90,0.0586,true,1,1306432
7290107875271,false,מארז ביסלי ברביקיו .,,,מארז ביסלי ברביקיו .,גרמים,220.00,100 גרם,false,,12.90,0.0586,true,1,1306433
7290107875820,false,קרוטונים אפויים בתיב,עינת תעשיות מזון,IL,קרוטונים אפויים בתיבול בי,גרמים,180.00,100 גרם,false,,10.90,0.0606,true,1,1238767
7290107877619,false,מארז במבה במילוי קרם,אסם תעשיות,IL,במבה במילוי קרם נוגט 60 ג,גרמים,150.00,100 גרם,false,,12.90,0.0860,true,1,1277501
7290107879132,false,פירכיות מיני שוקולד,,,פירכיות מיני שוקולד,גרמים,22.00,100 גרם,false,,4.90,0.2227,true,1,1352469
7290107930321,false,קונפיטורת דובדבן 340,בית אל מזון,IL,קונפיטורת תות  340 גרם,גרמים,340.00,100 גרם,false,,12.90,0.0379,true,1,1271206
7290107931397,false,חטיף כיף כף פצפצים,,,חטיף כיף כף פצפצים,גרמים,40.00,100 גרם,false,,4.90,0.1225,true,1,1301132
7290107932080,false,חלב 1ליטר בבקבוק 3%,,,חלב 1ליטר בבקבוק 3%,ליטרים,1.00,ליטר,false,,7.40,7.4000,true,1,1280951
7290107932134,false,חלב 1 ליטר בבקבוק 1%,,,חלב 1 ליטר בבקבוק 1%,ליטרים,1.00,ליטר,false,,7.40,7.4000,true,1,1280953
7290107933155,false,לקט סלנובה 200 גרם ש,,,לקט סלנובה 200 גרם ש,גרמים,200.00,100 גרם,false,,12.90,0.0645,true,1,1359058
7290107936309,false,דנונה יווני לבן,,,דנונה יווני לבן,גרמים,130.00,100 גרם,false,,3.40,0.0262,true,1,1350826
7290107936460,false,מארז 8 דנכול בטעם מע,,,מארז 8 דנכול בטעם מע,גרמים,800.00,100 גרם,false,,27.90,0.0349,true,1,1305154
7290107936958,false,ביסקויט עד חצות אצבע,,,ביסקויט עד חצות אצבע,גרמים,125.00,100 גרם,false,,9.90,0.0792,true,1,1571308
7290107936965,false,ביסקויט עד חצות עיגו,,,ביסקויט עד חצות עיגו,גרמים,225.00,100 גרם,false,,12.90,0.0573,true,1,1571317
7290107937542,false,משקה אקטיביה תות 1.2,,,משקה אקטיביה תות 1.2,מיליליטרים,265.00,"100 מ""ל",false,,4.90,0.0185,true,1,1306074
7290107937627,false,קופסא מסטיק קוביות ס,,,קופסא מסטיק קוביות ס,גרמים,58.00,100 גרם,false,,8.90,0.1534,true,1,1352480
7290107937634,false,קופסא מסטיק קוביות פ,,,קופסא מסטיק קוביות פ,גרמים,58.00,100 גרם,false,,8.90,0.1534,true,1,1352481
7290107937641,false,קופסא מסטיק בזוקה קו,,,קופסא מסטיק בזוקה קו,גרמים,58.00,100 גרם,false,,8.90,0.1534,true,1,1352482
7290107937856,false,קפסולות למכונות נספר,,,קפסולות למכונות נספר,גרמים,50.00,100 גרם,false,,16.50,0.3300,true,1,1347879
7290107938396,false,מארז 8 אקטימל תות,,,מארז 8 אקטימל תות,גרמים,864.00,100 גרם,false,,19.90,0.0230,true,1,1334281
7290107939027,false,גזר דק דק 250 גר שטר,,,גזר דק דק 250 גר שטר,גרמים,250.00,100 גרם,false,,6.90,0.0276,true,1,1359059
7290107940467,false,אקטיבייה 1.5% 200 גר,,,אקטיבייה 1.5% 200 גר,גרמים,200.00,100 גרם,false,,3.90,0.0195,true,1,1334957
7290107942355,false,תפוצ'יפס 60גרם מקלות,,,תפוצ'יפס 60גרם מקלות,גרמים,60.00,100 גרם,false,,3.90,0.0650,true,1,1363413
7290107943192,false,שמנת חמוצה מהערבה 27,,,שמנת חמוצה מהערבה 27,מיליליטרים,200.00,"100 מ""ל",false,,3.90,0.0195,true,1,1574783
7290107943369,false,קוואקר שיבולת שועל ל,,,קוואקר שיבולת שועל ל,גרמים,511.00,100 גרם,false,,16.90,0.0331,true,1,1542482
7290107944472,false,סימפוניה שום שמיר 5%,,,סימפוניה שום שמיר 5%,גרמים,200.00,100 גרם,false,,10.90,0.0545,true,1,1361523
7290107945165,false,קונפיטורת משמש 340 ג,,,קונפיטורת משמש 340 ג,גרמים,340.00,100 גרם,false,,12.90,0.0379,true,1,1411563
7290107950190,false,מעדן שטראוס דיאט שוק,,,מעדן שטראוס דיאט שוק,גרמים,130.00,100 גרם,false,,2.90,0.0223,true,1,1350840
7290107950206,false,מעדן שטראוס בטעם שוק,,,מעדן שטראוס בטעם שוק,גרמים,130.00,100 גרם,false,,2.90,0.0223,true,1,1350841
7290107951104,false,בפלות בטעם שוקולד 20,,,בפלות בטעם שוקולד 20,גרמים,200.00,100 גרם,false,,3.90,0.0195,true,1,1362091
7290107951715,false,קופסא מסטיק קוביות ע,,,קופסא מסטיק קוביות ע,גרמים,58.00,100 גרם,false,,8.90,0.1534,true,1,1411545
7290107953559,false,מארז קפה טורקי אישי,,,מארז קפה טורקי אישי,גרמים,168.00,100 גרם,false,,17.90,0.1065,true,1,1366767
7290107954709,false,קונפיטורת פירות יער,,,קונפיטורת פירות יער,גרמים,340.00,100 גרם,false,,12.90,0.0379,true,1,1472973
7290107954976,false,משקה יטבתה פרו בטעם,,,משקה יטבתה פרו בטעם,מיליליטרים,350.00,"100 מ""ל",false,,5.90,0.0169,true,1,1513147
7290107956642,false,"תרסיס שמן זית 150 מ""",,,"תרסיס שמן זית 150 מ""",מיליליטרים,150.00,"100 מ""ל",false,,17.90,0.1193,true,1,1614000
7290107956895,false,קפסולות למכונות נספר,,,קפסולות למכונות נספר,גרמים,50.00,100 גרם,false,,16.50,0.3300,true,1,1651287
7290107956925,false,קפסולות למכונות נספר,,,קפסולות למכונות נספר,גרמים,50.00,100 גרם,false,,16.50,0.3300,true,1,1791347
7290107956932,false,קפסולות למכונות נספר,,,קפסולות למכונות נספר,גרמים,50.00,100 גרם,false,,16.50,0.3300,true,1,1571320
7290107957069,false,קופסא מסטיק עלמה אוכ,,,קופסא מסטיק עלמה אוכ,גרמים,66.00,100 גרם,false,,8.90,0.1348,true,1,1571321
7290107957076,false,קופסא מסטיק עלמה ספי,,,קופסא מסטיק עלמה ספי,גרמים,66.00,100 גרם,false,,8.90,0.1348,true,1,1571322
7290107957229,false,נטיפי שוקולד צ'יפס מ,,,נטיפי שוקולד צ'יפס מ,גרמים,250.00,100 גרם,false,,10.90,0.0436,true,1,1651271
7290107957991,false,מילקי CAKE מיניס,,,מילקי CAKE מיניס,גרמים,144.00,100 גרם,false,,12.90,0.0896,true,1,1749118
7290107958035,false,מארז 8 יוגורט מתיקות,,,מארז 8 יוגורט מתיקות,גרמים,1200.00,100 גרם,false,,17.90,0.0149,true,1,1586117
7290107971522,false,חטיף בוטנים שקדים וש,,,חטיף בוטנים שקדים וש,גרמים,140.00,100 גרם,false,,14.90,0.1064,true,1,1351745
7290107971744,false,מי פה קולגייט טוטל י,,,מי פה קולגייט טוטל י,מיליליטרים,500.00,"100 מ""ל",false,,24.90,0.0498,true,1,1351747
7290107973014,false,סבון ידיים פלמוליב ח,,,סבון ידיים פלמוליב ח,מיליליטרים,300.00,"100 מ""ל",false,,10.90,0.0363,true,1,1488931
7290107973038,false,סבון ידיים פלמוליב 3,,,סבון ידיים פלמוליב 3,מיליליטרים,300.00,"100 מ""ל",false,,10.90,0.0363,true,1,1488933
7290107973793,false,עגבניות שלמות 400 גר,,,עגבניות שלמות 400 גר,גרמים,400.00,100 גרם,false,,5.00,0.0125,true,1,1407249
7290107973809,false,עגבניות קוביות 400 ג,,,עגבניות קוביות 400 ג,גרמים,400.00,100 גרם,false,,5.00,0.0125,true,1,1407255
7290107973861,false,עגבניות קצוצות דק מא,,,עגבניות קצוצות דק מא,גרמים,1200.00,100 גרם,false,,15.90,0.0133,true,1,1407250
7290107974066,false,עלי טורטיה 5 דגנים מ,,,עלי טורטיה 5 דגנים מ,גרמים,320.00,100 גרם,false,,7.90,0.0247,true,1,1501152
7290107974073,false,עלי טורטיה מקמח לבן,,,עלי טורטיה מקמח לבן,גרמים,320.00,100 גרם,false,,7.90,0.0247,true,1,1501153
7290107974080,false,עלי טורטיה מקמח לבן,,,עלי טורטיה מקמח לבן,גרמים,746.00,100 גרם,false,,15.90,0.0213,true,1,1501154
7290107974301,false,דאודורנט ג'ל- ליידי,COLGATE PALMOLIVE,US,ליידי ספיד סטיק 24/7 גל ו,גרמים,65.00,100 גרם,false,,19.90,0.3062,true,1,1468731
7290107974806,false,אורז בסמטי מאסטר שף,,,אורז בסמטי מאסטר שף,קילוגרמים,1.00,"ק""ג",false,,11.90,11.9000,true,1,1501167
7290107974813,false,אורז יסמין מאסטר שף,,,אורז יסמין מאסטר שף,קילוגרמים,1.00,"ק""ג",false,,10.90,10.9000,true,1,1501168
7290107974820,false,ממרח מתובל ספייסי מא,,,ממרח מתובל ספייסי מא,גרמים,250.00,100 גרם,false,,6.90,0.0276,true,1,1501145
7290107974837,false,ממרח מתובל שום מאסטר,,,ממרח מתובל שום מאסטר,גרמים,250.00,100 גרם,false,,6.90,0.0276,true,1,1501146
7290107975278,false,דאודורנט סטיק- ליידי,,,דאודורנט סטיק- ליידי,גרמים,45.00,100 גרם,false,,19.90,0.4422,true,1,1468740
7290107975292,false,דאודורנט ליידי ספיד,,,דאודורנט ליידי ספיד,מיליליטרים,65.00,"100 מ""ל",false,,19.90,0.3062,true,1,1530536
7290107975346,false,דאודורנט סטיק גל-כח,,,דאודורנט סטיק גל-כח,גרמים,50.00,100 גרם,false,,19.90,0.3980,true,1,1574078
7290107975360,false,דאודורנט ג'ל ספיד סט,,,דאודורנט ג'ל ספיד סט,גרמים,65.00,100 גרם,false,,19.90,0.3062,true,1,1483569
7290107975544,false,משחת שיניים קולגייט,,,משחת שיניים קולגייט,מיליליטרים,50.00,"100 מ""ל",false,,12.90,0.2580,true,1,1483553
7290107976589,false,מיי פה קולגייט אופטי,,,מיי פה קולגייט אופטי,מיליליטרים,250.00,"100 מ""ל",false,,14.90,0.0596,true,1,1641932
7290107976848,false,סבון מוצק רביעייה פל,,,סבון מוצק רביעייה פל,גרמים,400.00,100 גרם,false,,16.90,0.0422,true,1,1585943
7290107976916,false,סבון ידיים פלמוליב ח,,,סבון ידיים פלמוליב ח,מיליליטרים,300.00,"100 מ""ל",false,,10.90,0.0363,true,1,1524410
7290107978323,false,איטריות דקיקות מאסטר,,,איטריות דקיקות מאסטר,גרמים,400.00,100 גרם,false,,5.00,0.0125,true,1,1488944
7290107978330,false,איטריות דקות מאסטר ש,,,איטריות דקות מאסטר ש,גרמים,400.00,100 גרם,false,,5.00,0.0125,true,1,1488945
7290107978347,false,איטריות בנוניות מאסט,,,איטריות בנוניות מאסט,גרמים,400.00,100 גרם,false,,5.00,0.0125,true,1,1488946
7290107978453,false,חטיף קראנצ'וס גריל 5,,,חטיף קראנצ'וס גריל 5,גרמים,55.00,100 גרם,false,,3.90,0.0709,true,1,1537485
7290107978460,false,חטיף קראנצ'וס פלאפל,,,חטיף קראנצ'וס פלאפל,גרמים,55.00,100 גרם,false,,3.90,0.0709,true,1,1537486
7290107978637,false,מרידול משחת שיניים 7,,,מרידול משחת שיניים 7,גרמים,75.00,100 גרם,false,,19.90,0.2653,true,1,1637165
7290107979184,false,תבנית אלומיניום עם נ,,,תבנית אלומיניום עם נ,יח',3.00,יח',false,,12.90,4.3000,true,1,1520891
7290107979191,false,תבנית אלומיניום עם נ,,,תבנית אלומיניום עם נ,יח',2.00,יח',false,,12.90,6.4500,true,1,1520892
7290108201284,false,מקלות ריחניים לבנדר,,,מקלות ריחניים לבנדר,מיליליטרים,30.00,"100 מ""ל",false,,24.90,0.8300,true,1,1418594
7290108201437,false,"אבקת כביסה 2.5 ק""ג -",,,"אבקת כביסה 2.5 ק""ג -",קילוגרמים,2.50,"ק""ג",false,,24.90,9.9600,true,1,1889762
7290108350128,false,שקיות אשפה סנו סושי,אשפלסט תעשיות,IL,שקיות אשפה חזקות 40יח,יח',40.00,יח',false,,22.90,0.5725,true,1,1243360
7290108350180,false,מפיות מודפסות 100 יח,,,מפיות מודפסות 100 יח,יח',100.00,יח',false,,6.90,0.0690,true,1,1280772
7290108350203,false,כריות קרצוף עם ספוג,,,כריות קרצוף עם ספוג,יח',6.00,יח',false,,9.90,1.6500,true,1,1328474
7290108350210,false,שקיות אשפה סנו סושי,,,שקיות אשפה סנו סושי,יח',30.00,יח',false,,24.90,0.8300,true,1,1280803
7290108350258,false,נייר טואלט סופט 12 ג,,,נייר טואלט סופט 12 ג,מטרים,662.00,מטר,false,,29.90,0.0452,true,1,1284995
7290108350500,false,שלישייה סנובון לאסלה,,,שלישייה סנובון לאסלה,גרמים,165.00,100 גרם,false,,11.90,0.0721,true,1,1280804
7290108350524,false,ריח לארון פרש בניחוח,,,ריח לארון פרש בניחוח,יח',4.00,יח',false,,18.90,4.7250,true,1,1356802
7290108350531,false,נוזל לכלים סנו ספארק,סנו,IL,סנו ספארק לכלים לימון1ל,ליטרים,1.00,ליטר,false,,12.90,12.9000,true,1,1258832
7290108350548,false,נוזל לכלים סנו ספארק,סנו,IL,סנו ספארק לכלים לימון1ל,ליטרים,1.00,ליטר,false,,12.90,12.9000,true,1,1258833
7290108350555,false,נוזל לכלים סנו ספארק,סנו,IL,סנו ספארק לכלים לימון1ל,ליטרים,1.00,ליטר,false,,12.90,12.9000,true,1,1258834
7290108350586,false,נוזל לכלים סנו ספארק,,,נוזל לכלים סנו ספארק,ליטרים,1.50,ליטר,false,,14.90,9.9333,true,1,1280773
7290108350616,false,מרכך כביסה מקסימה סו,,,מרכך כביסה מקסימה סו,ליטרים,1.00,ליטר,false,,19.90,19.9000,true,1,1328475
7290108350623,false,מרכך כביסה מקסימה סו,,,מרכך כביסה מקסימה סו,ליטרים,1.00,ליטר,false,,19.90,19.9000,true,1,1328476
7290108350722,false,משחת שיניים אורביטול,,,משחת שיניים אורביטול,גרמים,70.00,100 גרם,false,,8.90,0.1271,true,1,2043406
7290108350739,false,משחת שיניים אורביטול,,,משחת שיניים אורביטול,גרמים,70.00,100 גרם,false,,8.90,0.1271,true,1,1853787
7290108350746,false,מברשת שיניים חשמלית,,,מברשת שיניים חשמלית,יחידה,0.00,יחידה,false,,39.90,0.0000,true,1,1491728
7290108350753,false,משחת שיניים אורביטול,,,משחת שיניים אורביטול,גרמים,145.00,100 גרם,false,,14.90,0.1028,true,1,1806547
7290108350777,false,שלישייה סבון נוזלי נ,,,שלישייה סבון נוזלי נ,מיליליטרים,1500.00,"100 מ""ל",false,,17.90,0.0119,true,1,1730144
7290108350791,false,מברשת שיניים לילדים,,,מברשת שיניים לילדים,יחידה,0.00,יחידה,false,,12.90,0.0000,true,1,1842956
7290108351149,false,סנו ג'ט ניקוי כללי ו,,,סנו ג'ט ניקוי כללי ו,ליטרים,1.50,ליטר,false,,19.90,13.2667,true,1,1376052
7290108351156,false,סנו ג'ט ניקוי כללי ו,,,סנו ג'ט ניקוי כללי ו,ליטרים,1.50,ליטר,false,,19.90,13.2667,true,1,1368635
7290108351521,false,ג'ל כביסה מרוכז סנו,,,ג'ל כביסה מרוכז סנו,ליטרים,5.00,ליטר,false,,44.90,8.9800,true,1,1364007
7290108351552,false,מתז לניקוי כללי ג'ט+,,,מתז לניקוי כללי ג'ט+,מיליליטרים,750.00,"100 מ""ל",false,,8.90,0.0119,true,1,1610388
7290108351569,false,מרסס למייבש כביסה סנ,,,מרסס למייבש כביסה סנ,מיליליטרים,750.00,"100 מ""ל",false,,17.90,0.0239,true,1,1499369
7290108351583,false,סנו ג'ט + לניקוי אסל,,,סנו ג'ט + לניקוי אסל,מיליליטרים,750.00,"100 מ""ל",false,,9.90,0.0132,true,1,1692660
7290108351590,false,מבשם אוויר פרש הום נ,,,מבשם אוויר פרש הום נ,מיליליטרים,350.00,"100 מ""ל",false,,10.90,0.0311,true,1,1491729
7290108351606,false,מבשם אוויר פרש הום נ,,,מבשם אוויר פרש הום נ,מיליליטרים,350.00,"100 מ""ל",false,,10.90,0.0311,true,1,1491730
7290108351613,false,ריצפז פרש הום תרכיז,,,ריצפז פרש הום תרכיז,ליטרים,2.00,ליטר,false,,19.90,9.9500,true,1,1441739
7290108351620,false,סנו פרש לוכד ריחות ר,,,סנו פרש לוכד ריחות ר,"י""ח",1.00,"י""ח",false,,12.90,12.9000,true,1,1537542
7290108351637,false,אבקת כביסה SMART מקס,,,אבקת כביסה SMART מקס,קילוגרמים,5.00,"ק""ג",false,,49.90,9.9800,true,1,1537549
7290108351668,false,מטליות לחות לניקוי כ,,,מטליות לחות לניקוי כ,יח',50.00,יח',false,,8.90,0.1780,true,1,1730169
7290108351682,false,ג'ל כביסה מרוכז סנו,,,ג'ל כביסה מרוכז סנו,ליטרים,5.00,ליטר,false,,44.90,8.9800,true,1,1759052
7290108351699,false,מגבונים לניקוי ג'ט+ח,,,מגבונים לניקוי ג'ט+ח,יח',150.00,יח',false,,19.90,0.1327,true,1,1759061
7290108351705,false,פניני בישום מקסימה ל,,,פניני בישום מקסימה ל,גרמים,275.00,100 גרם,false,,29.90,0.1087,true,1,1989753
7290108351712,false,פניני בישום מקסימה ל,,,פניני בישום מקסימה ל,גרמים,275.00,100 גרם,false,,29.90,0.1087,true,1,1989754
7290108351729,false,נוזל לניקוי אסלות אק,,,נוזל לניקוי אסלות אק,מיליליטרים,750.00,"100 מ""ל",false,,12.90,0.0172,true,1,2015340
7290108351736,false,נוזל לניקוי חלונות א,,,נוזל לניקוי חלונות א,מיליליטרים,750.00,"100 מ""ל",false,,12.90,0.0172,true,1,2015341
7290108351743,false,נוזל לניקוי כללי אקו,,,נוזל לניקוי כללי אקו,מיליליטרים,750.00,"100 מ""ל",false,,12.90,0.0172,true,1,2015342
7290108351750,false,נוזל לרצפות אקולוגי,,,נוזל לרצפות אקולוגי,ליטרים,2.00,ליטר,false,,19.90,9.9500,true,1,2015354
7290108351781,false,סנו ג'ט + לניקוי אסל,,,סנו ג'ט + לניקוי אסל,מיליליטרים,750.00,"100 מ""ל",false,,9.90,0.0132,true,1,1814007
7290108351804,false,מרכך כביסה מרוכז מקס,,,מרכך כביסה מרוכז מקס,ליטרים,1.00,ליטר,false,,19.90,19.9000,true,1,1978753
7290108351811,false,מרכך כביסה מרוכז מקס,,,מרכך כביסה מרוכז מקס,ליטרים,1.00,ליטר,false,,19.90,19.9000,true,1,1978754
7290108351842,false,בושם מרוכז לכביסה FO,,,בושם מרוכז לכביסה FO,מיליליטרים,600.00,"100 מ""ל",false,,19.90,0.0332,true,1,1865224
7290108351859,false,בושם מרוכז לכביסה FO,,,בושם מרוכז לכביסה FO,מיליליטרים,600.00,"100 מ""ל",false,,19.90,0.0332,true,1,1865225
7290108351866,false,בושם מרוכז לכביסה FO,,,בושם מרוכז לכביסה FO,מיליליטרים,600.00,"100 מ""ל",false,,19.90,0.0332,true,1,1865226
7290108351910,false,טבליות למדיח סנו ספא,,,טבליות למדיח סנו ספא,יח',30.00,יח',false,,19.90,0.6633,true,1,1853746
7290108351927,false,טבליות למדיח סנו ספא,,,טבליות למדיח סנו ספא,יח',70.00,יח',false,,39.90,0.5700,true,1,1853751
7290108351934,false,שלישייה סנובון מוצק,,,שלישייה סנובון מוצק,יח',3.00,יח',false,,12.90,4.3000,true,1,1978755
7290108351941,false,שלישייה סנובון מוצק,,,שלישייה סנובון מוצק,יח',3.00,יח',false,,12.90,4.3000,true,1,1978756
7290108351965,false,ג'ט סבון אסלה מוצק ש,,,ג'ט סבון אסלה מוצק ש,יח',3.00,יח',false,,11.90,3.9667,true,1,1890572
7290108351972,false,מבשם אוויר פרש הום י,,,מבשם אוויר פרש הום י,מיליליטרים,200.00,"100 מ""ל",false,,12.90,0.0645,true,1,1988413
7290108351989,false,מבשם אוויר פרש הום י,,,מבשם אוויר פרש הום י,מיליליטרים,200.00,"100 מ""ל",false,,12.90,0.0645,true,1,1988414
7290108352009,false,קפסולות ג'ל למדיח סנ,,,קפסולות ג'ל למדיח סנ,יח',50.00,יח',false,,49.90,0.9980,true,1,2011825
7290108352016,false,שלישייה סנובון מוצק,,,שלישייה סנובון מוצק,יח',3.00,יח',false,,19.90,6.6333,true,1,1975228
7290108352023,false,שלישייה סנובון מוצק,,,שלישייה סנובון מוצק,יח',3.00,יח',false,,19.90,6.6333,true,1,1975229
7290108352047,false,צמד מברשות שיניים או,,,צמד מברשות שיניים או,יח',2.00,יח',false,,14.90,7.4500,true,1,2105408
7290108352061,false,משחת שיניים אורביטול,,,משחת שיניים אורביטול,גרמים,145.00,100 גרם,false,,9.90,0.0683,true,1,2126666
7290108352085,false,שטיפת פה שוקינג פרש,,,שטיפת פה שוקינג פרש,מיליליטרים,500.00,"100 מ""ל",false,,14.90,0.0298,true,1,2022727
7290108352092,false,משחת שיניים אורביטול,,,משחת שיניים אורביטול,גרמים,145.00,100 גרם,false,,9.90,0.0683,true,1,2022970
7290108352153,false,סנובון נוזלי סנסורי,,,סנובון נוזלי סנסורי,מיליליטרים,750.00,"100 מ""ל",false,,11.90,0.0159,true,1,2011827
7290108352207,false,קפסולות ג'ל לכביסה מ,,,קפסולות ג'ל לכביסה מ,יח',40.00,יח',false,,29.90,0.7475,true,1,2015343
7290108352214,false,קפסולות ג'ל לכביסה מ,,,קפסולות ג'ל לכביסה מ,יח',40.00,יח',false,,29.90,0.7475,true,1,2015344
7290108352221,false,מבשם אוויר פרש הום נ,,,מבשם אוויר פרש הום נ,מיליליטרים,350.00,"100 מ""ל",false,,10.90,0.0311,true,1,2015701
7290108352252,false,נוזל לכלים סנו ספארק,,,נוזל לכלים סנו ספארק,ליטרים,1.00,ליטר,false,,12.90,12.9000,true,1,2022778
7290108352290,false,מארז שלישיה מגבונים,,,מארז שלישיה מגבונים,יח',150.00,יח',false,,19.90,0.1327,true,1,2011840
7290108352320,false,מבשם אוויר פרש הום נ,,,מבשם אוויר פרש הום נ,מיליליטרים,350.00,"100 מ""ל",false,,10.90,0.0311,true,1,2015702
7290108352337,false,מטהר אוויר פרש אוטומ,,,מטהר אוויר פרש אוטומ,מיליליטרים,250.00,"100 מ""ל",false,,12.90,0.0516,true,1,2015703
7290108352344,false,מטהר אוויר פרש אוטומ,,,מטהר אוויר פרש אוטומ,מיליליטרים,250.00,"100 מ""ל",false,,12.90,0.0516,true,1,2015704
7290108352351,false,תרסיס לחיטוי משטחים,,,תרסיס לחיטוי משטחים,מיליליטרים,400.00,"100 מ""ל",false,,19.90,0.0497,true,1,2015347
7290108352399,false,ריצפז פרש הום תרכיז,,,ריצפז פרש הום תרכיז,ליטרים,2.00,ליטר,false,,19.90,9.9500,true,1,2099953
7290108352412,false,מבשם אוויר פרש הום e,,,מבשם אוויר פרש הום e,מיליליטרים,300.00,"100 מ""ל",false,,10.90,0.0363,true,1,2022791
7290108352436,false,שלישייה סנובון לאסלה,,,שלישייה סנובון לאסלה,גרמים,165.00,100 גרם,false,,19.90,0.1206,true,1,2046952
7290108352443,false,שלישייה סנובון לאסלה,,,שלישייה סנובון לאסלה,גרמים,165.00,100 גרם,false,,19.90,0.1206,true,1,2046953
7290108352450,false,ריצפז פרש הום תרכיז,,,ריצפז פרש הום תרכיז,ליטרים,2.00,ליטר,false,,19.90,9.9500,true,1,2039129
7290108352474,false,מטהר אויר סנומוד ליי,,,מטהר אויר סנומוד ליי,מיליליטרים,150.00,"100 מ""ל",false,,10.90,0.0727,true,1,2047840
7290108352481,false,מטהר אויר סנומוד נרס,,,מטהר אויר סנומוד נרס,מיליליטרים,150.00,"100 מ""ל",false,,10.90,0.0727,true,1,2047841
7290108352511,false,סנו מקסימה לניקוי וח,,,סנו מקסימה לניקוי וח,מיליליטרים,500.00,"100 מ""ל",false,,12.90,0.0258,true,1,2066687
7290108352528,false,מתז לחיטוי וניקוי חד,,,מתז לחיטוי וניקוי חד,מיליליטרים,750.00,"100 מ""ל",false,,8.90,0.0119,true,1,2066377
7290108352535,false,דפי בישום למייבש כבי,,,דפי בישום למייבש כבי,יח',20.00,יח',false,,12.90,0.6450,true,1,2099208
7290108352641,false,שלישיית מטליות הפלא,,,שלישיית מטליות הפלא,יח',3.00,יח',false,,14.90,4.9667,true,1,1537550
7290108352689,false,כריות קרצוף לליכלוך,,,כריות קרצוף לליכלוך,יח',9.00,יח',false,,9.90,1.1000,true,1,1328451
7290108352696,false,ניילון נצמד רחב במיו,,,ניילון נצמד רחב במיו,מטרים,100.00,מטר,false,,30.90,0.3090,true,1,1730170
7290108352702,false,מארז שלישייה מגבוני,,,מארז שלישייה מגבוני,יח',144.00,יח',false,,15.90,0.1104,true,1,1305719
7290108352788,false,שקיות זיפר 20 יח' מי,,,שקיות זיפר 20 יח' מי,יח',20.00,יח',false,,12.90,0.6450,true,1,1853815
7290108352795,false,שקיות זיפר 50 יח' מי,,,שקיות זיפר 50 יח' מי,יח',50.00,יח',false,,12.90,0.2580,true,1,1853816
7290108352801,false,סושי שקיות אשפה 45*5,,,סושי שקיות אשפה 45*5,יח',100.00,יח',false,,19.90,0.1990,true,1,1692662
7290108352825,false,ספוג הפלא נירוסטה סנ,,,ספוג הפלא נירוסטה סנ,יח',3.00,יח',false,,9.90,3.3000,true,1,1730171
7290108352849,false,שלישיית מטליות הפלא,,,שלישיית מטליות הפלא,יח',3.00,יח',false,,14.90,4.9667,true,1,2022779
7290108352863,false,שקיות צליה סנו סושי,,,שקיות צליה סנו סושי,יח',20.00,יח',false,,7.90,0.3950,true,1,1799346
7290108352870,false,שקיות צליה סנו סושי,,,שקיות צליה סנו סושי,יח',10.00,יח',false,,7.90,0.7900,true,1,1799347
7290108352887,false,זוג מפות שולחן לבנות,,,זוג מפות שולחן לבנות,יח',2.00,יח',false,,9.90,4.9500,true,1,1799340
7290108352894,false,מפת שולחן חגיגית סנו,,,מפת שולחן חגיגית סנו,יח',1.00,יח',false,,7.90,7.9000,true,1,1853794
7290108352924,false,כפפות ניטריל כחולות,,,כפפות ניטריל כחולות,יח',80.00,יח',false,,28.90,0.3612,true,1,1865228
7290108352931,false,כפפות ניטריל כחולות,,,כפפות ניטריל כחולות,יח',80.00,יח',false,,28.90,0.3612,true,1,1865229
7290108352948,false,7 תבניות מאפינס סנו,,,7 תבניות מאפינס סנו,יח',7.00,יח',false,,14.90,2.1286,true,1,1865230
7290108352993,false,2 תבניות XL עמוקות ס,,,2 תבניות XL עמוקות ס,יח',2.00,יח',false,,14.90,7.4500,true,1,1865235
7290108353013,false,תבניות אינגלישקייק מ,,,תבניות אינגלישקייק מ,יח',5.00,יח',false,,11.90,2.3800,true,1,1983100
7290108353020,false,תבנית אפייה מלבנית מ,,,תבנית אפייה מלבנית מ,יח',4.00,יח',false,,11.90,2.9750,true,1,1983101
7290108353037,false,תבנית אפייה עגולה מנ,,,תבנית אפייה עגולה מנ,יח',4.00,יח',false,,11.90,2.9750,true,1,1983102
7290108353044,false,תבניות אפייה למאפינס,,,תבניות אפייה למאפינס,יח',24.00,יח',false,,9.90,0.4125,true,1,1983103
7290108353068,false,כרית קירצוף עם סיבי,,,כרית קירצוף עם סיבי,יח',2.00,יח',false,,9.90,4.9500,true,1,1983128
7290108353389,false,אורביטול קיד מי פה ג,,,אורביטול קיד מי פה ג,מיליליטרים,250.00,"100 מ""ל",false,,11.90,0.0476,true,1,2119397
7290108353402,false,צמד מברשות שיניים או,,,צמד מברשות שיניים או,יח',2.00,יח',false,,14.90,7.4500,true,1,2004952
7290108353419,false,צמד מברשות שיניים או,,,צמד מברשות שיניים או,יח',2.00,יח',false,,14.90,7.4500,true,1,2004953
7290108353426,false,צמד מברשות שיניים או,,,צמד מברשות שיניים או,יח',2.00,יח',false,,14.90,7.4500,true,1,2004954
7290108353433,false,שטיפת פה PROTECT & F,,,שטיפת פה PROTECT & F,מיליליטרים,500.00,"100 מ""ל",false,,19.90,0.0398,true,1,1853795
7290108353440,false,מברשת שיניים NANO או,,,מברשת שיניים NANO או,יח',2.00,יח',false,,29.90,14.9500,true,1,2083310
7290108353488,false,סנובון DESIGN בניחוח,,,סנובון DESIGN בניחוח,גרמים,65.00,100 גרם,false,,6.90,0.1062,true,1,1975235
7290108353495,false,חוט דנטלי עם שעווה א,,,חוט דנטלי עם שעווה א,מטרים,50.00,מטר,false,,9.90,0.1980,true,1,2135134
7290108353501,false,סושי שקיות אשפה 75*9,,,סושי שקיות אשפה 75*9,יח',25.00,יח',false,,21.90,0.8760,true,1,1998455
7290108353518,false,2 תבניות אלומיניום ע,,,2 תבניות אלומיניום ע,יח',2.00,יח',false,,9.90,4.9500,true,1,1993399
7290108353525,false,4 תבניות אלומיניום ע,,,4 תבניות אלומיניום ע,יח',4.00,יח',false,,9.90,2.4750,true,1,1993400
7290108353532,false,סושי שקיות אשפה 54*6,,,סושי שקיות אשפה 54*6,יח',100.00,יח',false,,29.90,0.2990,true,1,1998456
7290108353549,false,נייר אפיה סנו סושי 1,,,נייר אפיה סנו סושי 1,יח',100.00,יח',false,,19.90,0.1990,true,1,1998457
7290108353587,false,קעריות מקנה סוכר טבע,,,קעריות מקנה סוכר טבע,יח',25.00,יח',false,,13.90,0.5560,true,1,2023011
7290108353648,false,שקיות אוכל מנייר = מ,,,שקיות אוכל מנייר = מ,יח',70.00,יח',false,,10.90,0.1557,true,1,2042303
7290108353655,false,מפיות אירוח סנו סושי,,,מפיות אירוח סנו סושי,יח',50.00,יח',false,,9.90,0.1980,true,1,1998477
7290108353723,false,תחליב רחצה קרמה חימר,,,תחליב רחצה קרמה חימר,מיליליטרים,500.00,"100 מ""ל",false,,16.90,0.0338,true,1,2114274
7290108353730,false,תחליב רחצה קרמה חימר,,,תחליב רחצה קרמה חימר,מיליליטרים,500.00,"100 מ""ל",false,,16.90,0.0338,true,1,2115441
7290108353761,false,תחליב רחצה קרמה זן 6,,,תחליב רחצה קרמה זן 6,מיליליטרים,600.00,"100 מ""ל",false,,17.90,0.0298,true,1,2135119
7290108353778,false,תחליב רחצה נקה 7 שוו,,,תחליב רחצה נקה 7 שוו,מיליליטרים,750.00,"100 מ""ל",false,,12.90,0.0172,true,1,2032154
7290108353785,false,תחליב רחצה נקה 7 מרו,,,תחליב רחצה נקה 7 מרו,מיליליטרים,750.00,"100 מ""ל",false,,12.90,0.0172,true,1,2036015
7290108353792,false,תחליב רחצה נקה 7 פרי,,,תחליב רחצה נקה 7 פרי,מיליליטרים,750.00,"100 מ""ל",false,,12.90,0.0172,true,1,2032155
7290108353808,false,תחליב רחצה נקה 7 מדג,,,תחליב רחצה נקה 7 מדג,מיליליטרים,750.00,"100 מ""ל",false,,12.90,0.0172,true,1,2032161
7290108353815,false,תחליב רחצה קרמה מדיט,,,תחליב רחצה קרמה מדיט,מיליליטרים,600.00,"100 מ""ל",false,,17.90,0.0298,true,1,2135120
7290108353839,false,כפפות ניטריל שחורות,,,כפפות ניטריל שחורות,יח',80.00,יח',false,,28.90,0.3612,true,1,2119399
7290108353846,false,כפפות ניטריל שחורות,,,כפפות ניטריל שחורות,יח',80.00,יח',false,,28.90,0.3612,true,1,2119400
7290108353891,false,דאודרנט קרמה רול און,,,דאודרנט קרמה רול און,מיליליטרים,75.00,"100 מ""ל",false,,12.90,0.1720,true,1,2022756
7290108353907,false,דאודרנט קרמה רול און,,,דאודרנט קרמה רול און,מיליליטרים,75.00,"100 מ""ל",false,,12.90,0.1720,true,1,2022744
7290108353914,false,דאודורנט קרמה סטיק א,,,דאודורנט קרמה סטיק א,מיליליטרים,70.00,"100 מ""ל",false,,24.90,0.3557,true,1,2050853
7290108353990,false,קרם גוף קרמה מאסק,,,קרם גוף קרמה מאסק,מיליליטרים,500.00,"100 מ""ל",false,,24.90,0.0498,true,1,2033416
7290108354003,false,תחליב רחצה קרמה ג'ינ,,,תחליב רחצה קרמה ג'ינ,מיליליטרים,700.00,"100 מ""ל",false,,12.90,0.0184,true,1,2022757
7290108354065,false,קרמה מן ג'ל רחצה פיל,,,קרמה מן ג'ל רחצה פיל,מיליליטרים,700.00,"100 מ""ל",false,,18.90,0.0270,true,1,2105365
7290108354164,false,אל סבון כיף מועשר בש,,,אל סבון כיף מועשר בש,יח',3.00,יח',false,,19.90,6.6333,true,1,2043407
7290108354263,false,משחת שיניים אורביטול,,,משחת שיניים אורביטול,גרמים,70.00,100 גרם,false,,8.90,0.1271,true,1,2043408
7290108354270,false,מרכך כביסה מרוכז מקס,,,מרכך כביסה מרוכז מקס,ליטרים,1.00,ליטר,false,,19.90,19.9000,true,1,2094390
7290108354355,false,מגבונים הגיינים לחיט,,,מגבונים הגיינים לחיט,יח',20.00,יח',false,,9.90,0.4950,true,1,2030631
7290108354362,false,אל סבון הגייני לידיי,,,אל סבון הגייני לידיי,מיליליטרים,500.00,"100 מ""ל",false,,9.90,0.0198,true,1,2042304
7290108354430,false,שמפו כיף שמן קוקוס ו,,,שמפו כיף שמן קוקוס ו,מיליליטרים,700.00,"100 מ""ל",false,,14.90,0.0213,true,1,2051040
7290108354447,false,מרכך כיף שמן קוקוס ו,,,מרכך כיף שמן קוקוס ו,מיליליטרים,700.00,"100 מ""ל",false,,14.90,0.0213,true,1,2051041
7290108354485,false,מרכך קרליין 10 לשיער,,,מרכך קרליין 10 לשיער,מיליליטרים,700.00,"100 מ""ל",false,,14.90,0.0213,true,1,2114275
7290108354591,false,תחליב רחצה נקה 7 ביו,,,תחליב רחצה נקה 7 ביו,מיליליטרים,750.00,"100 מ""ל",false,,11.90,0.0159,true,1,2122366
7290108354607,false,נקה 7 שמפו ביו 750 מ,,,נקה 7 שמפו ביו 750 מ,מיליליטרים,750.00,"100 מ""ל",false,,11.90,0.0159,true,1,2122367
7290108354614,false,נקה 7 מרכך ביו 750 מ,,,נקה 7 מרכך ביו 750 מ,מיליליטרים,750.00,"100 מ""ל",false,,11.90,0.0159,true,1,2122368
7290108354706,false,תחליב רחצה קרמה מאסק,,,תחליב רחצה קרמה מאסק,מיליליטרים,500.00,"100 מ""ל",false,,16.90,0.0338,true,1,2086007
7290108354713,false,תחליב רחצה קרמה קלאס,,,תחליב רחצה קרמה קלאס,מיליליטרים,500.00,"100 מ""ל",false,,16.90,0.0338,true,1,2086008
7290108354751,false,מתז לניקוי כללי ג'ט+,,,מתז לניקוי כללי ג'ט+,מיליליטרים,750.00,"100 מ""ל",false,,8.90,0.0119,true,1,1814008
7290108354768,false,קרם גוף קרמה דבש 500,,,קרם גוף קרמה דבש 500,מיליליטרים,500.00,"100 מ""ל",false,,24.90,0.0498,true,1,2086009
7290108354829,false,קרם ידיים קרמה ורד ו,,,קרם ידיים קרמה ורד ו,מיליליטרים,100.00,"100 מ""ל",false,,8.90,0.0890,true,1,2031927
7290108354850,false,דאודרנט קרמה רול און,,,דאודרנט קרמה רול און,מיליליטרים,75.00,"100 מ""ל",false,,12.90,0.1720,true,1,2022745
7290108354881,false,רביעיית אל סבון מוצק,,,רביעיית אל סבון מוצק,גרמים,400.00,100 גרם,false,,12.90,0.0323,true,1,1892253
7290108354911,false,קרמה מן 3 ב-1 שמפו/ג,,,קרמה מן 3 ב-1 שמפו/ג,מיליליטרים,700.00,"100 מ""ל",false,,18.90,0.0270,true,1,2011847
7290108354973,false,סבון ידיים קרמה ורד,,,סבון ידיים קרמה ורד,מיליליטרים,300.00,"100 מ""ל",false,,9.90,0.0330,true,1,2022972
7290108355000,false,שמפו נקה 7 קידס מיני,,,שמפו נקה 7 קידס מיני,מיליליטרים,750.00,"100 מ""ל",false,,14.90,0.0199,true,1,1296010
7290108355024,false,שמפו+מרכך נקה 7 קידס,,,שמפו+מרכך נקה 7 קידס,מיליליטרים,750.00,"100 מ""ל",false,,14.90,0.0199,true,1,1296012
7290108355031,false,אל סבון נקה 7 קידס מ,,,אל סבון נקה 7 קידס מ,מיליליטרים,750.00,"100 מ""ל",false,,14.90,0.0199,true,1,1296013
7290108355055,false,לחות לשיער עם גלייז,,,לחות לשיער עם גלייז,מיליליטרים,400.00,"100 מ""ל",false,,29.90,0.0747,true,1,1473061
7290108355062,false,קרם לחות לשיער עם קר,,,קרם לחות לשיער עם קר,מיליליטרים,400.00,"100 מ""ל",false,,29.90,0.0747,true,1,1473062
7290108355079,false,לחות לשיער עם קוקוס,,,לחות לשיער עם קוקוס,מיליליטרים,400.00,"100 מ""ל",false,,29.90,0.0747,true,1,1473063
7290108355086,false,קרם עיצוב לשיער גליי,,,קרם עיצוב לשיער גליי,מיליליטרים,360.00,"100 מ""ל",false,,39.90,0.1108,true,1,1473064
7290108355147,false,תחליב רחצה נקה 7 שמנ,,,תחליב רחצה נקה 7 שמנ,מיליליטרים,750.00,"100 מ""ל",false,,12.90,0.0172,true,1,1691259
7290108355154,false,נקה 7 שמפו שמני הזנה,,,נקה 7 שמפו שמני הזנה,מיליליטרים,750.00,"100 מ""ל",false,,11.90,0.0159,true,1,1691260
7290108355161,false,מרכך שיער נקה 7 שמני,,,מרכך שיער נקה 7 שמני,מיליליטרים,750.00,"100 מ""ל",false,,11.90,0.0159,true,1,1691261
7290108355185,false,מסיכה לשיער קרטין אי,,,מסיכה לשיער קרטין אי,מיליליטרים,350.00,"100 מ""ל",false,,39.90,0.1140,true,1,1610467
7290108355192,false,מרכך קרטין אינטנס למ,,,מרכך קרטין אינטנס למ,מיליליטרים,400.00,"100 מ""ל",false,,29.90,0.0747,true,1,1610435
7290108355208,false,שמפו קרטין אינטנס למ,,,שמפו קרטין אינטנס למ,מיליליטרים,400.00,"100 מ""ל",false,,29.90,0.0747,true,1,1610436
7290108355253,false,נקה 7 ג'ל רחצה לגבר,,,נקה 7 ג'ל רחצה לגבר,מיליליטרים,750.00,"100 מ""ל",false,,11.90,0.0159,true,1,1798718
7290108355260,false,נקה 7 שמפו+ג'ל רחצה+,,,נקה 7 שמפו+ג'ל רחצה+,מיליליטרים,750.00,"100 מ""ל",false,,11.90,0.0159,true,1,1798719
7290108355284,false,תרסיס להתרת קשרים נק,,,תרסיס להתרת קשרים נק,מיליליטרים,350.00,"100 מ""ל",false,,15.90,0.0454,true,1,1955419
7290108355307,false,נקה 7 שמפו לשיער רגי,,,נקה 7 שמפו לשיער רגי,מיליליטרים,750.00,"100 מ""ל",false,,11.90,0.0159,true,1,1955421
7290108355314,false,מרכך שיער נקה 7 לשיע,,,מרכך שיער נקה 7 לשיע,מיליליטרים,750.00,"100 מ""ל",false,,11.90,0.0159,true,1,1955422
7290108355505,false,דאודורנט קרמה סטיק נ,,,דאודורנט קרמה סטיק נ,מיליליטרים,70.00,"100 מ""ל",false,,24.90,0.3557,true,1,2050854
7290108355536,false,דאודורנט קרמה ספריי,,,דאודורנט קרמה ספריי,מיליליטרים,150.00,"100 מ""ל",false,,12.90,0.0860,true,1,2082935
7290108355543,false,דאודורנט קרמה ספריי,,,דאודורנט קרמה ספריי,מיליליטרים,150.00,"100 מ""ל",false,,12.90,0.0860,true,1,2082936
7290108355765,false,דאודורנט קרמה ספריי,,,דאודורנט קרמה ספריי,מיליליטרים,150.00,"100 מ""ל",false,,12.90,0.0860,true,1,2082937
7290108355802,false,תחליב רחצה קרמה ורד,,,תחליב רחצה קרמה ורד,מיליליטרים,700.00,"100 מ""ל",false,,12.90,0.0184,true,1,2022766
7290108356021,false,תחליב רחצה כיף בניחו,,,תחליב רחצה כיף בניחו,מיליליטרים,700.00,"100 מ""ל",false,,12.90,0.0184,true,1,1853806
7290108356045,false,תחליב רחצה כיף בניחו,,,תחליב רחצה כיף בניחו,מיליליטרים,700.00,"100 מ""ל",false,,12.90,0.0184,true,1,1853808
7290108356069,false,תחליב רחצה כיף בניחו,,,תחליב רחצה כיף בניחו,מיליליטרים,700.00,"100 מ""ל",false,,12.90,0.0184,true,1,1853809
7290108356090,false,תרחיץ ג'ל לשטיפה אינ,,,תרחיץ ג'ל לשטיפה אינ,מיליליטרים,220.00,"100 מ""ל",false,,19.90,0.0905,true,1,2066694
7290108356106,false,תחליב רחצה כיף שקד 7,,,תחליב רחצה כיף שקד 7,מיליליטרים,700.00,"100 מ""ל",false,,12.90,0.0184,true,1,1806576
7290108356113,false,תחליב רחצה כיף דבש 7,,,תחליב רחצה כיף דבש 7,מיליליטרים,700.00,"100 מ""ל",false,,12.90,0.0184,true,1,1806577
7290108356120,false,תחליב רחצה כיף קוקוס,,,תחליב רחצה כיף קוקוס,מיליליטרים,700.00,"100 מ""ל",false,,12.90,0.0184,true,1,1806578
7290108356137,false,תחליב רחצה כיף לבנדר,,,תחליב רחצה כיף לבנדר,מיליליטרים,700.00,"100 מ""ל",false,,12.90,0.0184,true,1,1806579
7290108356151,false,תחליב רחצה כיף מאסק,,,תחליב רחצה כיף מאסק,מיליליטרים,700.00,"100 מ""ל",false,,12.90,0.0184,true,1,1806580
7290108356175,false,אל סבון כיף אבטיח ומ,,,אל סבון כיף אבטיח ומ,ליטרים,1.00,ליטר,false,,8.90,8.9000,true,1,2019176
7290108356182,false,אל סבון כיף תאנה ותה,,,אל סבון כיף תאנה ותה,ליטרים,1.00,ליטר,false,,8.90,8.9000,true,1,2019182
7290108356199,false,אל סבון כיף אפרסק ופ,,,אל סבון כיף אפרסק ופ,ליטרים,1.00,ליטר,false,,8.90,8.9000,true,1,2019183
7290108356274,false,מוס רחצה כיף בניחוח,,,מוס רחצה כיף בניחוח,מיליליטרים,150.00,"100 מ""ל",false,,12.90,0.0860,true,1,2099209
7290108356298,false,מוס רחצה כיף בניחוח,,,מוס רחצה כיף בניחוח,מיליליטרים,150.00,"100 מ""ל",false,,12.90,0.0860,true,1,2099210
7290108356373,false,ג'ל לניקוי ידיים סנו,,,ג'ל לניקוי ידיים סנו,מיליליטרים,29.00,"100 מ""ל",false,,9.90,0.3414,true,1,2022780
7290108356489,false,תחליב רחצה כיף אפרסק,,,תחליב רחצה כיף אפרסק,מיליליטרים,700.00,"100 מ""ל",false,,14.90,0.0213,true,1,2113960
7290108356519,false,שמפו קרליין 10 לשיער,,,שמפו קרליין 10 לשיער,מיליליטרים,700.00,"100 מ""ל",false,,14.90,0.0213,true,1,2105372
7290108356526,false,שמפו קרליין 10 לשיער,,,שמפו קרליין 10 לשיער,מיליליטרים,700.00,"100 מ""ל",false,,14.90,0.0213,true,1,2105380
7290108356533,false,שמפו קרליין 10 לשיער,,,שמפו קרליין 10 לשיער,מיליליטרים,700.00,"100 מ""ל",false,,14.90,0.0213,true,1,2105381
7290108356540,false,שמפו קרליין 10 לשיער,,,שמפו קרליין 10 לשיער,מיליליטרים,700.00,"100 מ""ל",false,,14.90,0.0213,true,1,2105382
7290108356557,false,שמפו קרליין 10 למניע,,,שמפו קרליין 10 למניע,מיליליטרים,700.00,"100 מ""ל",false,,14.90,0.0213,true,1,2105383
7290108356564,false,מרכך קרליין 10 לשיער,,,מרכך קרליין 10 לשיער,מיליליטרים,700.00,"100 מ""ל",false,,14.90,0.0213,true,1,2105384
7290108356571,false,מרכך קרליין 10 לשיער,,,מרכך קרליין 10 לשיער,מיליליטרים,700.00,"100 מ""ל",false,,14.90,0.0213,true,1,2105385
7290108356588,false,מרכך קרליין 10 לשיער,,,מרכך קרליין 10 לשיער,מיליליטרים,700.00,"100 מ""ל",false,,14.90,0.0213,true,1,2105386
7290108356595,false,מרכך קרליין 10 לשיער,,,מרכך קרליין 10 לשיער,מיליליטרים,700.00,"100 מ""ל",false,,14.90,0.0213,true,1,2105387
7290108356809,false,אל סבון כיף + משאבה,,,אל סבון כיף + משאבה,ליטרים,1.00,ליטר,false,,8.90,8.9000,true,1,2135111
7290108356816,false,אל סבון כיף + משאבה,,,אל סבון כיף + משאבה,ליטרים,1.00,ליטר,false,,8.90,8.9000,true,1,2135112
7290108356854,false,מגבונים לחים חמישייה,,,מגבונים לחים חמישייה,יח',320.00,יח',false,,19.90,0.0622,true,1,2065272
7290108357004,false,"שמפו כיף 700 מ""ל ורד",,,"שמפו כיף 700 מ""ל ורד",מיליליטרים,700.00,"100 מ""ל",false,,14.90,0.0213,true,1,1993433
7290108357011,false,"מרכך כיף 700 מ""ל ורד",,,"מרכך כיף 700 מ""ל ורד",מיליליטרים,700.00,"100 מ""ל",false,,14.90,0.0213,true,1,1993434
7290108357028,false,תחליב רחצה כיף 700 מ,,,תחליב רחצה כיף 700 מ,מיליליטרים,700.00,"100 מ""ל",false,,12.90,0.0184,true,1,1993435
7290108357059,false,דאודורנט  רול און נו,,,דאודורנט  רול און נו,מיליליטרים,75.00,"100 מ""ל",false,,12.90,0.1720,true,1,2114267
7290108357080,false,דאודורנט  ספריי נושם,,,דאודורנט  ספריי נושם,מיליליטרים,150.00,"100 מ""ל",false,,12.90,0.0860,true,1,2114278
7290108357097,false,דאודורנט  ספריי נושם,,,דאודורנט  ספריי נושם,מיליליטרים,150.00,"100 מ""ל",false,,12.90,0.0860,true,1,2114279
7290108357110,false,דאודורנט  רול און נו,,,דאודורנט  רול און נו,מיליליטרים,75.00,"100 מ""ל",false,,12.90,0.1720,true,1,2114280
7290108357196,false,מתז לניקוי כללי ג'ט+,,,מתז לניקוי כללי ג'ט+,מיליליטרים,750.00,"100 מ""ל",false,,8.90,0.0119,true,1,2071474
7290108357202,false,סנוקליר רב תכליתי בנ,,,סנוקליר רב תכליתי בנ,ליטרים,1.00,ליטר,false,,8.90,8.9000,true,1,2047847
7290108357233,false,מטליות לחות לניקוי ו,,,מטליות לחות לניקוי ו,יח',50.00,יח',false,,10.90,0.2180,true,1,2105373
7290108357240,false,אוקסיג'ן מסיר כתמים,,,אוקסיג'ן מסיר כתמים,גרמים,1400.00,100 גרם,false,,29.90,0.0214,true,1,2107536
7290108357257,false,מכשיר לבישום סנו פרש,,,מכשיר לבישום סנו פרש,יחידה,0.00,יחידה,false,,39.90,0.0000,true,1,2119401
7290108357264,false,מטהר אויר בהתזה אולט,,,מטהר אויר בהתזה אולט,מיליליטרים,250.00,"100 מ""ל",false,,12.90,0.0516,true,1,2119402
7290108357288,false,אקונומיקה סנו ז'אוול,,,אקונומיקה סנו ז'אוול,ליטרים,4.00,ליטר,false,,16.90,4.2250,true,1,2105374
7290108357295,false,מרסס כביסה מסיר כתמי,,,מרסס כביסה מסיר כתמי,מיליליטרים,750.00,"100 מ""ל",false,,17.90,0.0239,true,1,2123979
7290108357301,false,K-300 קוטל חרקים מיי,,,K-300 קוטל חרקים מיי,מיליליטרים,300.00,"100 מ""ל",false,,14.90,0.0497,true,1,2119403
7290108357394,false,תחליב רחצה קרמה חלב,,,תחליב רחצה קרמה חלב,מיליליטרים,700.00,"100 מ""ל",false,,12.90,0.0184,true,1,2050817
7290108357400,false,תחליב רחצה קרמה לבנד,,,תחליב רחצה קרמה לבנד,מיליליטרים,700.00,"100 מ""ל",false,,12.90,0.0184,true,1,2022760
7290108357448,false,קרם גוף קרמה לבנדר ו,,,קרם גוף קרמה לבנדר ו,מיליליטרים,500.00,"100 מ""ל",false,,24.90,0.0498,true,1,2032174
7290108357493,false,תחליב רחצה קרמה וניל,,,תחליב רחצה קרמה וניל,מיליליטרים,700.00,"100 מ""ל",false,,12.90,0.0184,true,1,2050818
7290108357516,false,סבון ידיים קרמה וניל,,,סבון ידיים קרמה וניל,מיליליטרים,500.00,"100 מ""ל",false,,12.90,0.0258,true,1,2107537
7290108357653,false,שלישייה סנובון מוצק,,,שלישייה סנובון מוצק,יח',3.00,יח',false,,19.90,6.6333,true,1,2136388
7290108357660,false,שלישייה סנובון מוצק,,,שלישייה סנובון מוצק,יח',3.00,יח',false,,19.90,6.6333,true,1,2136389
7290108357707,false,"שמפו כיף 700 מ""ל תפו",,,"שמפו כיף 700 מ""ל תפו",מיליליטרים,700.00,"100 מ""ל",false,,14.90,0.0213,true,1,1855067
7290108357769,false,"מרכך כיף 700 מ""ל תפו",,,"מרכך כיף 700 מ""ל תפו",מיליליטרים,700.00,"100 מ""ל",false,,14.90,0.0213,true,1,1855070
7290108357776,false,מרכך רימונים ושמן אר,,,מרכך רימונים ושמן אר,מיליליטרים,700.00,"100 מ""ל",false,,14.90,0.0213,true,1,1855071
7290108357837,false,אל סבון  כיף שקית מי,,,אל סבון  כיף שקית מי,ליטרים,1.00,ליטר,false,,9.90,9.9000,true,1,2118289
7290108357844,false,אל סבון  כיף שקית מי,,,אל סבון  כיף שקית מי,ליטרים,1.00,ליטר,false,,9.90,9.9000,true,1,2118290
7290108357851,false,תחליב רחצה כיף ELIXI,,,תחליב רחצה כיף ELIXI,מיליליטרים,700.00,"100 מ""ל",false,,12.90,0.0184,true,1,2100133
7290108357868,false,תחליב רחצה כיף ELIXI,,,תחליב רחצה כיף ELIXI,מיליליטרים,700.00,"100 מ""ל",false,,12.90,0.0184,true,1,2100134
7290108357875,false,שמפו כיף לחות מוגברת,,,שמפו כיף לחות מוגברת,מיליליטרים,700.00,"100 מ""ל",false,,14.90,0.0213,true,1,2113961
7290108357882,false,מרכך כיף לחות מוגברת,,,מרכך כיף לחות מוגברת,מיליליטרים,700.00,"100 מ""ל",false,,14.90,0.0213,true,1,2113962
7290108358070,false,תחליב רחצה קרמה קלאס,,,תחליב רחצה קרמה קלאס,מיליליטרים,700.00,"100 מ""ל",false,,12.90,0.0184,true,1,2033581
7290108358087,false,תחליב רחצה קרמה מאסק,,,תחליב רחצה קרמה מאסק,מיליליטרים,700.00,"100 מ""ל",false,,12.90,0.0184,true,1,2033582
7290108358117,false,מקלות ריחניים לבית פ,,,מקלות ריחניים לבית פ,מיליליטרים,100.00,"100 מ""ל",false,,24.90,0.2490,true,1,2107529
7290108358124,false,דפי בישום למייבש כבי,,,דפי בישום למייבש כבי,יח',20.00,יח',false,,12.90,0.6450,true,1,2130802
7290108359008,false,שקיות זיפר סליידר L,,,שקיות זיפר סליידר L,יח',15.00,יח',false,,14.90,0.9933,true,1,2104298
7290108359015,false,שקיות זיפר סליידר M,,,שקיות זיפר סליידר M,יח',20.00,יח',false,,14.90,0.7450,true,1,2104299
7290108359039,false,סושי שקיות אשפה עם י,,,סושי שקיות אשפה עם י,יח',30.00,יח',false,,21.90,0.7300,true,1,2066688
7290108359046,false,שקיות אשפה סנו סושי,,,שקיות אשפה סנו סושי,יח',20.00,יח',false,,24.90,1.2450,true,1,2083316
7290108359060,false,כריות ניקוי לשבת סנו,,,כריות ניקוי לשבת סנו,יח',4.00,יח',false,,12.90,3.2250,true,1,2087303
7290108359077,false,ממחטות סנו סופט לושן,,,ממחטות סנו סופט לושן,יח',120.00,יח',false,,9.90,0.0825,true,1,2104305
7290108359084,false,כיסוי ניילון עם גומי,,,כיסוי ניילון עם גומי,יח',30.00,יח',false,,9.90,0.3300,true,1,2135127
7290108359091,false,כיסוי ניילון עם גומי,,,כיסוי ניילון עם גומי,יח',30.00,יח',false,,9.90,0.3300,true,1,2135128
7290108359114,false,חמגשית אלומיניום עם,,,חמגשית אלומיניום עם,יח',10.00,יח',false,,10.90,1.0900,true,1,2108721
7290108359121,false,שקיות אשפה EXTRA חזק,,,שקיות אשפה EXTRA חזק,יח',100.00,יח',false,,40.90,0.4090,true,1,2108110
7290108359138,false,שקיות אשפה 200 יח' ב,,,שקיות אשפה 200 יח' ב,יח',200.00,יח',false,,40.90,0.2045,true,1,2108111
7290108359152,false,תבניות אלומינים עגול,,,תבניות אלומינים עגול,יח',6.00,יח',false,,11.90,1.9833,true,1,2136380
7290108359183,false,סושי שקיות אשפה 52*7,,,סושי שקיות אשפה 52*7,יח',60.00,יח',false,,22.90,0.3817,true,1,2136391
7290108359824,false,קרם גוף בייבי כיף 50,,,קרם גוף בייבי כיף 50,מיליליטרים,500.00,"100 מ""ל",false,,24.90,0.0498,true,1,1799327
7290108359855,false,שמפו בייבי כיף אל דמ,,,שמפו בייבי כיף אל דמ,מיליליטרים,750.00,"100 מ""ל",false,,17.90,0.0239,true,1,1799330
7290108359862,false,אל סבון בייבי כיף 1,,,אל סבון בייבי כיף 1,ליטרים,1.00,ליטר,false,,19.90,19.9000,true,1,1799331
7290108359879,false,אל סבון בייבי כיף 75,,,אל סבון בייבי כיף 75,מיליליטרים,750.00,"100 מ""ל",false,,17.90,0.0239,true,1,1799332
7290108359886,false,תחליב רחצה בייבי כיף,,,תחליב רחצה בייבי כיף,ליטרים,1.00,ליטר,false,,19.90,19.9000,true,1,1799333
7290108359893,false,תחליב רחצה בייבי כיף,,,תחליב רחצה בייבי כיף,מיליליטרים,750.00,"100 מ""ל",false,,17.90,0.0239,true,1,1799334
7290108359985,false,תרסיס סנו ז'אוול קצף,,,תרסיס סנו ז'אוול קצף,ליטרים,1.00,ליטר,false,,19.90,19.9000,true,1,2105366
7290108403411,false,וילון קדמי משקפיים ש,,,וילון קדמי משקפיים ש,יחידה,0.00,יחידה,false,,29.90,0.0000,true,1,2120372
7290108500677,false,כבד דג שיבוט,,,כבד דג שיבוט,גרמים,120.00,100 גרם,false,,8.90,0.0742,true,1,1336515
7290108501346,false,גבינת גאודה מגורדת 5,,,גבינת גאודה מגורדת 5,גרמים,500.00,100 גרם,false,,24.90,0.0498,true,1,1585554
7290108501377,false,שפרוטים מעושנים בשמן,,,שפרוטים מעושנים בשמן,גרמים,160.00,100 גרם,false,,9.90,0.0619,true,1,1617430
7290108501490,false,גבינת מוצרלה פרוסות,,,גבינת מוצרלה פרוסות,גרמים,150.00,100 גרם,false,,13.90,0.0927,true,1,1631582
7290108501827,false,קדאיף שערות בצק 450ג,,,קדאיף שערות בצק 450ג,גרמים,450.00,100 גרם,false,,19.90,0.0442,true,1,1722592
7290108501964,false,חטיף שקדים וצימוקים,,,חטיף שקדים וצימוקים,גרמים,140.00,100 גרם,false,,10.00,0.0714,true,1,1722606
7290108501971,false,חטיף שקדים ומשמש HAP,,,חטיף שקדים ומשמש HAP,יחידה,0.00,יחידה,false,,10.00,0.0000,true,1,1722607
7290108501988,false,חטיף שקדים וחמוציות,,,חטיף שקדים וחמוציות,גרמים,140.00,100 גרם,false,,10.00,0.0714,true,1,1722608
7290108502251,false,קרקרים 250גרם - טבעי,,,קרקרים 250גרם - טבעי,גרמים,250.00,100 גרם,false,,6.90,0.0276,true,1,1722613
7290108502268,false,קרקרים 250גרם - מליח,,,קרקרים 250גרם - מליח,גרמים,250.00,100 גרם,false,,6.90,0.0276,true,1,1722614
7290108502329,false,רביעית נתחי טונה בשמ,,,רביעית נתחי טונה בשמ,גרמים,640.00,100 גרם,false,,29.90,0.0467,true,1,1742311
7290108502381,false,תחתיות לפיצה (קוטר 2,,,תחתיות לפיצה (קוטר 2,גרמים,480.00,100 גרם,false,,9.90,0.0206,true,1,1829922
7290108502558,false,גבינה במרקם שמנת ליי,,,גבינה במרקם שמנת ליי,גרמים,200.00,100 גרם,false,,12.90,0.0645,true,1,1770108
7290108502725,false,גבינת גאודה פרוסות 4,,,גבינת גאודה פרוסות 4,גרמים,400.00,100 גרם,false,,19.90,0.0497,true,1,1742340
7290108502862,false,מלפפונים כבושים במלח,,,מלפפונים כבושים במלח,גרמים,600.00,100 גרם,false,,11.90,0.0198,true,1,1848909
7290108503043,false,מארז תפוחונים 4 יח',,,מארז תפוחונים 4 יח',גרמים,88.00,100 גרם,false,,13.90,0.1580,true,1,1848912
7290108503067,false,פרמז'נו משולש,,,פרמז'נו משולש,גרמים,150.00,100 גרם,false,,14.90,0.0993,true,1,1803386
7290108503692,false,פיצה מרגריטה 380 גרם,,,פיצה מרגריטה 380 גרם,גרמים,380.00,100 גרם,false,,15.90,0.0418,true,1,1975284
7290108503708,false,פיצה עם פטריות 390 ג,,,פיצה עם פטריות 390 ג,גרמים,390.00,100 גרם,false,,15.90,0.0408,true,1,1975285
7290108503715,false,פיצה עם זיתים 385 גר,,,פיצה עם זיתים 385 גר,גרמים,385.00,100 גרם,false,,15.90,0.0413,true,1,1975286
7290108503975,false,קנלוני 250 גרם,,,קנלוני 250 גרם,גרמים,250.00,100 גרם,false,,7.90,0.0316,true,1,1904220
7290108503999,false,פרוסות גבינה בטעם גא,,,פרוסות גבינה בטעם גא,גרמים,150.00,100 גרם,false,,7.90,0.0527,true,1,1933752
7290108504002,false,פרוסות גבינה לייט 9%,,,פרוסות גבינה לייט 9%,גרמים,150.00,100 גרם,false,,7.90,0.0527,true,1,1933753
7290108504408,false,גבינה במרקם שמנת ליי,,,גבינה במרקם שמנת ליי,גרמים,200.00,100 גרם,false,,12.90,0.0645,true,1,1990227
7290108504699,false,רביעית נתחי טונה בשמ,,,רביעית נתחי טונה בשמ,גרמים,640.00,100 גרם,false,,19.90,0.0311,true,1,1994041
7290108504934,false,דפי אורז למילוי קוטר,,,דפי אורז למילוי קוטר,גרמים,300.00,100 גרם,false,,7.90,0.0263,true,1,2099408
7290108504958,false,קוביות מנגו מוקפא 30,,,קוביות מנגו מוקפא 30,גרמים,300.00,100 גרם,false,,9.90,0.0330,true,1,2012832
7290108505153,false,יוגורט בטעם טבעי 150,,,יוגורט בטעם טבעי 150,גרמים,150.00,100 גרם,false,,4.90,0.0327,true,1,2005726
7290108505160,false,יוגורט עם אגסים 150,,,יוגורט עם אגסים 150,גרמים,150.00,100 גרם,false,,4.90,0.0327,true,1,2005727
7290108505177,false,יוגורט עם אננס 150 ג,,,יוגורט עם אננס 150 ג,גרמים,150.00,100 גרם,false,,4.90,0.0327,true,1,2005728
7290108505184,false,יוגורט עם קוקוס 150,,,יוגורט עם קוקוס 150,גרמים,150.00,100 גרם,false,,4.90,0.0327,true,1,2005729
7290108505191,false,יוגורט עם פצפוצי שוק,,,יוגורט עם פצפוצי שוק,גרמים,150.00,100 גרם,false,,4.90,0.0327,true,1,2005730
7290108505207,false,יוגורט עם אוכמניות 1,,,יוגורט עם אוכמניות 1,גרמים,150.00,100 גרם,false,,4.90,0.0327,true,1,2005731
7290108505214,false,יוגורט עם אפרסק 150,,,יוגורט עם אפרסק 150,גרמים,150.00,100 גרם,false,,4.90,0.0327,true,1,2005732
7290108505603,false,שלישיית נתחי טונה בה,,,שלישיית נתחי טונה בה,גרמים,80.00,100 גרם,false,,10.90,0.1363,true,1,1996245
7290108505726,false,גבינה חצי קשה-אצבעות,,,גבינה חצי קשה-אצבעות,גרמים,200.00,100 גרם,false,,19.90,0.0995,true,1,2011167
7290108505962,false,שזיפים יבשים 400 גרם,,,שזיפים יבשים 400 גרם,גרמים,400.00,100 גרם,false,,24.90,0.0622,true,1,2013781
7290108506426,false,בייגלה קפוא סימיט 40,,,בייגלה קפוא סימיט 40,גרמים,400.00,100 גרם,false,,9.90,0.0248,true,1,2012856
7290108506488,false,סופלה שוקולד קפוא,,,סופלה שוקולד קפוא,גרמים,200.00,100 גרם,false,,8.90,0.0445,true,1,2013084
7290108506495,false,כנאפה קפוא,,,כנאפה קפוא,גרמים,192.50,100 גרם,false,,12.90,0.0670,true,1,2012857
7290108506518,false,אצבעות בצק פילו ממול,,,אצבעות בצק פילו ממול,גרמים,500.00,100 גרם,false,,22.90,0.0458,true,1,2094582
7290108506549,false,גליליות וופל במילוי,,,גליליות וופל במילוי,גרמים,400.00,100 גרם,false,,12.90,0.0323,true,1,2012813
7290108506648,false,רביולי דלעת 250 גרם,,,רביולי דלעת 250 גרם,גרמים,250.00,100 גרם,false,,12.90,0.0516,true,1,2012982
7290108506662,false,רביולי פטריות 250 גר,,,רביולי פטריות 250 גר,גרמים,250.00,100 גרם,false,,12.90,0.0516,true,1,2012984
7290108506709,false,גבינת פרמג'יאנו רג'י,,,גבינת פרמג'יאנו רג'י,גרמים,150.00,100 גרם,false,,22.90,0.1527,true,1,2022705
7290108506815,false,גליליות וופל במילוי,,,גליליות וופל במילוי,גרמים,400.00,100 גרם,false,,12.90,0.0323,true,1,2012814
7290108506969,false,מאפה בורקס מים תורכי,,,מאפה בורקס מים תורכי,גרמים,300.00,100 גרם,false,,14.90,0.0497,true,1,2020004
7290108507010,false,מאפה בורקס מים תורכי,,,מאפה בורקס מים תורכי,גרמים,300.00,100 גרם,false,,14.90,0.0497,true,1,2020005
7290108507058,false,ביסקוויט פריך בשוקול,,,ביסקוויט פריך בשוקול,גרמים,100.00,100 גרם,false,,6.90,0.0690,true,1,2101618
7290108507072,false,שבבי גבינת גרנה פדנו,,,שבבי גבינת גרנה פדנו,גרמים,100.00,100 גרם,false,,9.90,0.0990,true,1,2048173
7290108507126,false,אוכמניות מוקפאות 300,,,אוכמניות מוקפאות 300,גרמים,300.00,100 גרם,false,,9.90,0.0330,true,1,2107486
7290108507645,false,ביסקוויט פריך בשוקול,,,ביסקוויט פריך בשוקול,גרמים,100.00,100 גרם,false,,6.90,0.0690,true,1,2101619
7290108507652,false,ביסקוויט פריך בשוקול,,,ביסקוויט פריך בשוקול,גרמים,100.00,100 גרם,false,,6.90,0.0690,true,1,2101620
7290108507942,false,ירקות גינה עם טונה 1,,,ירקות גינה עם טונה 1,גרמים,160.00,100 גרם,false,,12.90,0.0806,true,1,2058957
7290108508031,false,אננס שלם 830 גרם,,,אננס שלם 830 גרם,גרמים,830.00,100 גרם,false,,10.90,0.0131,true,1,2118478
7290108508130,false,עגבניות איטלקיות מרו,,,עגבניות איטלקיות מרו,גרמים,390.00,100 גרם,false,,9.90,0.0254,true,1,2084846
7290108508147,false,מחית עגבניות איטלקיו,,,מחית עגבניות איטלקיו,גרמים,500.00,100 גרם,false,,9.90,0.0198,true,1,2096646
7290108508185,false,פסטה ריגטוני ללא גלו,,,פסטה ריגטוני ללא גלו,גרמים,400.00,100 גרם,false,,12.90,0.0323,true,1,2056039
7290108508451,false,משקה יוגורט טבעי 200,,,משקה יוגורט טבעי 200,מיליליטרים,200.00,"100 מ""ל",false,,5.90,0.0295,true,1,2060442
7290108508703,false,טורטייה  ללא גלוטן 2,,,טורטייה  ללא גלוטן 2,גרמים,270.00,100 גרם,false,,9.90,0.0367,true,1,2058425
7290108508772,false,קונכיות פתיתים עם תר,,,קונכיות פתיתים עם תר,גרמים,400.00,100 גרם,false,,7.90,0.0198,true,1,2071111
7290108509106,false,גבינת בולגרית מעודנת,,,גבינת בולגרית מעודנת,גרמים,200.00,100 גרם,false,,12.90,0.0645,true,1,2081225
7290108509113,false,גבינת בולגרית מעודנת,,,גבינת בולגרית מעודנת,גרמים,250.00,100 גרם,false,,12.90,0.0516,true,1,2081226
7290108509137,false,גבינת בולגרית מעודנת,,,גבינת בולגרית מעודנת,גרמים,250.00,100 גרם,false,,12.90,0.0516,true,1,2081227
7290108509144,false,שלישיית עגבניות מרוס,,,שלישיית עגבניות מרוס,גרמים,1200.00,100 גרם,false,,14.90,0.0124,true,1,2073468
7290108509151,false,שלישיית עגבניות שלמו,,,שלישיית עגבניות שלמו,גרמים,1200.00,100 גרם,false,,14.90,0.0124,true,1,2073469
7290108509168,false,שלישיית עגבניות קובי,,,שלישיית עגבניות קובי,גרמים,1200.00,100 גרם,false,,14.90,0.0124,true,1,2073470
7290108509182,false,גבינת פטה מעודנת 17%,,,גבינת פטה מעודנת 17%,גרמים,250.00,100 גרם,false,,12.90,0.0516,true,1,2081228
7290108509267,false,ארוחת פסטה עם רוטב ג,,,ארוחת פסטה עם רוטב ג,גרמים,206.00,100 גרם,false,,5.90,0.0286,true,1,2073295
7290108509359,false,פופקורן בציפוי בטעם,,,פופקורן בציפוי בטעם,גרמים,90.00,100 גרם,false,,5.00,0.0556,true,1,2099414
7290108509397,false,עלי בצק פילו (משולשי,,,עלי בצק פילו (משולשי,גרמים,360.00,100 גרם,false,,8.90,0.0247,true,1,2071856
7290108509403,false,חלבה טורקית קלאסית 3,,,חלבה טורקית קלאסית 3,גרמים,350.00,100 גרם,false,,11.90,0.0340,true,1,2073891
7290108509410,false,חלבה טורקית עם קקאו,,,חלבה טורקית עם קקאו,גרמים,350.00,100 גרם,false,,11.90,0.0340,true,1,2073892
7290108509540,false,רוטב ברביקיו 350 גרם,,,רוטב ברביקיו 350 גרם,גרמים,290.00,100 גרם,false,,9.90,0.0341,true,1,2081336
7290108509700,false,אורז פרסי DAAWAT 1 ק,,,אורז פרסי DAAWAT 1 ק,קילוגרמים,1.00,"ק""ג",false,,9.90,9.9000,true,1,2081845
7290108509731,false,איירן משקה יוגורט בס,,,איירן משקה יוגורט בס,ליטרים,1000.00,ליטר,false,,13.90,0.0139,true,1,2104477
7290108509908,false,מנת השף-אטריות להכנה,,,מנת השף-אטריות להכנה,גרמים,85.00,100 גרם,false,,3.90,0.0459,true,1,2085667
7290108509915,false,מנת השף-אטריות להכנה,,,מנת השף-אטריות להכנה,גרמים,85.00,100 גרם,false,,3.90,0.0459,true,1,2085668
7290108509922,false,מנת השף-אטריות להכנה,,,מנת השף-אטריות להכנה,גרמים,85.00,100 גרם,false,,3.90,0.0459,true,1,2085669
7290108509939,false,פרוסות פילה טונה 120,,,פרוסות פילה טונה 120,גרמים,120.00,100 גרם,false,,10.00,0.0833,true,1,2094382
7290108509953,false,פולי קפה 100% פולי ק,,,פולי קפה 100% פולי ק,גרמים,250.00,100 גרם,false,,14.90,0.0596,true,1,2134938
7290108509960,false,שלישיית נתחי טונה בה,,,שלישיית נתחי טונה בה,גרמים,240.00,100 גרם,false,,14.90,0.0621,true,1,2094383
7290108509984,false,"רוטב סויה 300 מ""ל",,,"רוטב סויה 300 מ""ל",מיליליטרים,300.00,"100 מ""ל",false,,9.90,0.0330,true,1,2085670
7290108509991,false,"רוטב טריאקי 300 מ""ל",,,"רוטב טריאקי 300 מ""ל",מטרים,300.00,100 מ'ל,false,,9.90,0.0330,true,1,2085676
7290108988277,false,מתקן לייבוש כביסה מת,,,מתקן לייבוש כביסה מת,יחידה,0.00,יחידה,false,,59.90,0.0000,true,1,1990892
7290109060132,false,מגבת נייר ג'מבו ענק,,,מגבת נייר ג'מבו ענק,מטרים,63.50,מטר,false,,10.90,0.1717,true,1,1306490
7290109060293,false,נייר אפייה 50 יח פרפ,,,נייר אפייה 50 יח פרפ,יח',50.00,יח',false,,9.90,0.1980,true,1,1334546
7290109060378,false,מטליות רב שימושיות 4,,,מטליות רב שימושיות 4,יח',40.00,יח',false,,19.90,0.4975,true,1,1338631
7290109060385,false,מטליות לחות לניקוי ר,,,מטליות לחות לניקוי ר,יח',10.00,יח',false,,14.90,1.4900,true,1,1347209
7290109060392,false,מטליות רב שימושיות ת,,,מטליות רב שימושיות ת,יח',9.00,יח',false,,8.90,0.9889,true,1,1348578
7290109060415,false,מטליות מיקרופייבר לר,,,מטליות מיקרופייבר לר,יח',3.00,יח',false,,19.90,6.6333,true,1,1342935
7290109060422,false,מטלית מיקרופייבר לני,,,מטלית מיקרופייבר לני,יחידה,0.00,יחידה,false,,8.90,0.0000,true,1,1342936
7290109060439,false,מטליות מיקרופייבר לנ,,,מטליות מיקרופייבר לנ,יח',3.00,יח',false,,14.90,4.9667,true,1,1342937
7290109060446,false,מטלית מיקרופייבר לני,,,מטלית מיקרופייבר לני,יחידה,0.00,יחידה,false,,9.90,0.0000,true,1,1342938
7290109060453,false,ספוג הפלא 6 יח'-פרפק,,,ספוג הפלא 6 יח'-פרפק,יח',6.00,יח',false,,8.90,1.4833,true,1,1364709
7290109060460,false,סחבה לבנה זיג זג 3 י,,,סחבה לבנה זיג זג 3 י,יח',3.00,יח',false,,9.90,3.3000,true,1,1350217
7290109060613,false,מפיות לבן דו שכבתי 1,,,מפיות לבן דו שכבתי 1,יח',180.00,יח',false,,7.90,0.0439,true,1,1357174
7290109060651,false,משטח ייבוש כלים מיקר,,,משטח ייבוש כלים מיקר,יח',1.00,יח',false,,14.90,14.9000,true,1,1456595
7290109060699,false,כריות ברזל 3 יח'-פרפ,,,כריות ברזל 3 יח'-פרפ,יח',3.00,יח',false,,8.90,2.9667,true,1,1473821
7290109060828,false,9 אטבים מעוצבים-בשלל,,,9 אטבים מעוצבים-בשלל,יח',9.00,יח',false,,8.90,0.9889,true,1,1485238
7290109060835,false,10 אטבים גדולים וחזק,,,10 אטבים גדולים וחזק,יח',10.00,יח',false,,8.90,0.8900,true,1,1485239
7290109060842,false,10 אטבים מילניום הזר,,,10 אטבים מילניום הזר,יח',10.00,יח',false,,8.90,0.8900,true,1,1485240
7290109060873,false,מפיות אירוח 100 יח',,,מפיות אירוח 100 יח',יח',100.00,יח',false,,5.90,0.0590,true,1,1486233
7290109060989,false,כפפות גומי מידה XL פ,,,כפפות גומי מידה XL פ,יחידה,0.00,יחידה,false,,6.90,0.0000,true,1,1582357
7290109061054,false,רביעיית מגבונים בביש,,,רביעיית מגבונים בביש,יח',288.00,יח',false,,14.90,0.0517,true,1,1585015
7290109061061,false,רביעיית מגבונים ללא,,,רביעיית מגבונים ללא,יח',288.00,יח',false,,14.90,0.0517,true,1,1585016
7290109061320,false,ספוג הפלא לנירוסטה פ,,,ספוג הפלא לנירוסטה פ,יח',3.00,יח',false,,10.90,3.6333,true,1,1781834
7290109061405,false,כוסות נייר+מכסים 16,,,כוסות נייר+מכסים 16,יח',16.00,יח',false,,12.90,0.8063,true,1,1899649
7290109061450,false,צימרוני אוזניים שסתו,,,צימרוני אוזניים שסתו,יח',55.00,יח',false,,3.90,0.0709,true,1,1959924
7290109061474,false,זוג צמר גפן פרפקט,,,זוג צמר גפן פרפקט,גרמים,200.00,100 גרם,false,,9.90,0.0495,true,1,1959926
7290109061542,false,שקיות גופיה      פרפ,,,שקיות גופיה      פרפ,יח',50.00,יח',false,,4.90,0.0980,true,1,1954281
7290109061566,false,סט 3 מגבות מטבח משוב,,,סט 3 מגבות מטבח משוב,מארז,1.00,מארז,false,,10.90,10.9000,true,1,1988574
7290109061863,false,צלחות עבות במיוחד 66,,,צלחות עבות במיוחד 66,יח',66.00,יח',false,,39.90,0.6045,true,1,2009111
7290109062068,false,שמיכת פוך יחיד 200*1,,,שמיכת פוך יחיד 200*1,יחידה,0.00,יחידה,false,,119.90,0.0000,true,1,2036511
7290109062075,false,שמיכת פוך זוגית 220*,,,שמיכת פוך זוגית 220*,יחידה,0.00,יחידה,false,,169.90,0.0000,true,1,2036512
7290109062082,false,שמיכת מיקרו פלנל פונ,,,שמיכת מיקרו פלנל פונ,יחידה,0.00,יחידה,false,,49.90,0.0000,true,1,2036341
7290109062105,false,נוזל לניקוי רצפות בנ,,,נוזל לניקוי רצפות בנ,ליטרים,2.00,ליטר,false,,9.90,4.9500,true,1,2043279
7290109062112,false,נוזל לניקוי רצפות בנ,,,נוזל לניקוי רצפות בנ,ליטרים,2.00,ליטר,false,,9.90,4.9500,true,1,2043280
7290109062129,false,סל קניה כחול,,,סל קניה כחול,יחידה,0.00,יחידה,false,,5.00,0.0000,true,1,2058456
7290109062204,false,כרית שינה פרימיום 70,,,כרית שינה פרימיום 70,יחידה,0.00,יחידה,false,,59.90,0.0000,true,1,2087973
7290109062396,false,כרית ויסקו ממורי 40/,,,כרית ויסקו ממורי 40/,יחידה,0.00,יחידה,false,,89.90,0.0000,true,1,2093636
7290109062433,false,מגבת פנים 90*50 פרמי,,,מגבת פנים 90*50 פרמי,יחידה,0.00,יחידה,false,,19.90,0.0000,true,1,2096049
7290109062457,false,מגבת רחצה ענקית 140*,,,מגבת רחצה ענקית 140*,יחידה,0.00,יחידה,false,,49.90,0.0000,true,1,2096051
7290109062464,false,שמן זית כתית מעולה א,,,שמן זית כתית מעולה א,מיליליטרים,750.00,"100 מ""ל",false,,26.90,0.0359,true,1,2101927
7290109062471,false,שטיחון אמבט SK 50*70,,,שטיחון אמבט SK 50*70,יחידה,0.00,יחידה,false,,19.90,0.0000,true,1,2100396
7290109062488,false,סט 3 קולבים עץ טבעי,,,סט 3 קולבים עץ טבעי,יחידה,0.00,יחידה,false,,19.90,0.0000,true,1,2107111
7290109062518,false,סט 5 קולבים קטיפה,,,סט 5 קולבים קטיפה,יחידה,0.00,יחידה,false,,14.90,0.0000,true,1,2107114
7290109062549,false,שטיחון כניסה לבית 75,,,שטיחון כניסה לבית 75,יחידה,0.00,יחידה,false,,39.90,0.0000,true,1,2105462
7290109062556,false,סט 2 מגבות מטבח פרימ,,,סט 2 מגבות מטבח פרימ,מארז,1.00,מארז,false,,24.90,24.9000,true,1,2113896
7290109062563,false,שמיכת מיקרו פלנל פסי,,,שמיכת מיקרו פלנל פסי,יחידה,0.00,יחידה,false,,69.90,0.0000,true,1,2115424
7290109062587,false,סל קניה כחול בד,,,סל קניה כחול בד,יחידה,0.00,יחידה,false,,5.00,0.0000,true,1,2118452
7290109062594,false,שטיחון אמבטיה  70*50,,,שטיחון אמבטיה  70*50,יחידה,0.00,יחידה,false,,39.90,0.0000,true,1,2122354
7290109062600,false,"שטיח נורדי 60/120 ס""",,,"שטיח נורדי 60/120 ס""",יחידה,0.00,יחידה,false,,59.90,0.0000,true,1,2122355
7290109062617,false,מגבת ידיים 50*30 פרמ,,,מגבת ידיים 50*30 פרמ,יחידה,0.00,יחידה,false,,9.90,0.0000,true,1,2122340
7290109062631,false,מגבת רחצה 130*70 פרמ,,,מגבת רחצה 130*70 פרמ,יחידה,0.00,יחידה,false,,39.90,0.0000,true,1,2122342
7290109062655,false,טורטייה בתוספת קמח כ,,,טורטייה בתוספת קמח כ,גרמים,360.00,100 גרם,false,,9.90,0.0275,true,1,2146140
7290109134826,false,פורס ביצים,,,פורס ביצים,יחידה,0.00,יחידה,false,,29.90,0.0000,true,1,2027458
7290109135106,false,מגרדת נירוסטה עומדת,,,מגרדת נירוסטה עומדת,יחידה,0.00,יחידה,false,,16.90,0.0000,true,1,2027460
7290109351957,false,פירכיות גדולות שוקול,,,פירכיות גדולות שוקול,גרמים,100.00,100 גרם,false,,7.90,0.0790,true,1,1352470
7290109351971,false,פירכיות פיטנס שוקולד,,,פירכיות פיטנס שוקולד,גרמים,84.00,100 גרם,false,,11.90,0.1417,true,1,1336030
7290109352916,false,פירכיות פיטנס שוקולד,,,פירכיות פיטנס שוקולד,גרמים,84.00,100 גרם,false,,11.90,0.1417,true,1,1336031
7290109353494,false,פסטה פרפקטו פאפאלה 5,,,פסטה פרפקטו פאפאלה 5,גרמים,500.00,100 גרם,false,,6.90,0.0138,true,1,1344400
7290109354057,false,מאגדת שלגוני לה פרוט,,,מאגדת שלגוני לה פרוט,גרמים,350.00,100 גרם,false,,22.90,0.0654,true,1,1306648
7290109354101,false,לחמית ללא גלוטן,,,לחמית ללא גלוטן,גרמים,200.00,100 גרם,false,,9.90,0.0495,true,1,1458168
7290109358260,false,נקניקיות עם חלבון טב,עיצובים 2020 (4.8),,נקניקיות עם חלבון טב,גרמים,600.00,100 גרם,false,,29.90,0.0498,true,1,1473025
7290109358284,false,שניצל תירס עם חלבון,עיצובים 2020 (4.8),,שניצל תירס עם חלבון,גרמים,664.00,100 גרם,false,,29.90,0.0450,true,1,1473015
7290109358482,false,עוגיות קרמוגית במילו,,,עוגיות קרמוגית במילו,גרמים,200.00,100 גרם,false,,10.90,0.0545,true,1,1860436
7290109358765,false,דגני בוקר קראנץ' רול,,,דגני בוקר קראנץ' רול,גרמים,450.00,100 גרם,false,,23.90,0.0531,true,1,1408173
7290109580012,false,בורגר אנטריקוט קלאסי,,,בורגר אנטריקוט קלאסי,גרמים,360.00,100 גרם,false,,23.90,0.0664,true,1,2022693
7290109580043,false,"שניצל תירס 1.750 ק""ג",,,"שניצל תירס 1.750 ק""ג",קילוגרמים,1.75,"ק""ג",false,,49.90,28.5143,true,1,2045558
7290109580067,false,טחון 340 ג'  Wonders,,,טחון 340 ג'  Wonders,גרמים,340.00,100 גרם,false,,34.90,0.1026,true,1,2066551
7290109580104,false,רוסטביף זוגלובק פרימ,,,רוסטביף זוגלובק פרימ,גרמים,150.00,100 גרם,false,,19.90,0.1327,true,1,2053554
7290109580166,false,סרוולד קלאסי זוגלובק,,,סרוולד קלאסי זוגלובק,גרמים,150.00,100 גרם,false,,19.90,0.1327,true,1,2053558
7290109580234,false,נקניקיות מרגז 226ג',,,נקניקיות מרגז 226ג',גרמים,226.00,100 גרם,false,,34.90,0.1544,true,1,2100463
7290109580241,false,נאגטס מן הצומח 500 ג,,,נאגטס מן הצומח 500 ג,גרמים,500.00,100 גרם,false,,24.90,0.0498,true,1,2122467
7290109580319,false,בורגר 280ג' WONDERS,,,בורגר 280ג' WONDERS,גרמים,280.00,100 גרם,false,,34.90,0.1246,true,1,2100464
7290109640198,false,גבינה מגורדת לפיצה ו,,,גבינה מגורדת לפיצה ו,גרמים,200.00,100 גרם,false,,19.90,0.0995,true,1,1712697
7290109920146,false,דורגול מסיר אבנית מק,,,דורגול מסיר אבנית מק,מיליליטרים,750.00,"100 מ""ל",false,,18.90,0.0252,true,1,2105677
7290109920153,false,מלבין כביסה לבנה,,,מלבין כביסה לבנה,גרמים,790.00,100 גרם,false,,29.90,0.0378,true,1,1640627
7290109920313,false,אסטוניש מרסס מבריק ש,,,אסטוניש מרסס מבריק ש,מיליליטרים,750.00,"100 מ""ל",false,,11.90,0.0159,true,1,1630542
7290109920597,false,אסטוניש מרסס למקלחון,,,אסטוניש מרסס למקלחון,מיליליטרים,750.00,"100 מ""ל",false,,11.90,0.0159,true,1,1630545
7290109920603,false,אסטוניש קרם מטבח,,,אסטוניש קרם מטבח,מיליליטרים,500.00,"100 מ""ל",false,,11.90,0.0238,true,1,1630546
7290109920627,false,אסטוניש קרם אמבט אקו,,,אסטוניש קרם אמבט אקו,יחידה,0.00,יחידה,false,,11.90,0.0000,true,1,1630547
7290109920658,false,אסטוניש מרסס אנטי בק,,,אסטוניש מרסס אנטי בק,מיליליטרים,750.00,"100 מ""ל",false,,11.90,0.0159,true,1,1630548
7290109920665,false,אסטוניש מרסס מסיר או,,,אסטוניש מרסס מסיר או,מיליליטרים,750.00,"100 מ""ל",false,,11.90,0.0159,true,1,1630549
7290109920825,false,דורגול לניקוי מכונת,,,דורגול לניקוי מכונת,מיליליטרים,500.00,"100 מ""ל",false,,28.90,0.0578,true,1,1842938
7290109920849,false,אסטוניש מרסס תפוז לנ,,,אסטוניש מרסס תפוז לנ,מיליליטרים,750.00,"100 מ""ל",false,,11.90,0.0159,true,1,1630550
7290109920917,false,ג'ל לניקוי האסלה,,,ג'ל לניקוי האסלה,מיליליטרים,750.00,"100 מ""ל",false,,7.90,0.0105,true,1,1745146
7290109921334,false,15 דפי כביסה,,,15 דפי כביסה,יח',15.00,יח',false,,12.90,0.8600,true,1,1874598
7290109921372,false,אסטוניש משחה לניקוי,,,אסטוניש משחה לניקוי,גרמים,250.00,100 גרם,false,,14.90,0.0596,true,1,2035325
7290109921754,false,חידוש פוליטורה עץ,,,חידוש פוליטורה עץ,מיליליטרים,100.00,"100 מ""ל",false,,14.90,0.1490,true,1,2065362
7290109921853,false,אסטוניש משחת פרימיום,,,אסטוניש משחת פרימיום,גרמים,150.00,100 גרם,false,,17.90,0.1193,true,1,2041871
7290109921969,false,ג'ל הפי לכביסה,,,ג'ל הפי לכביסה,ליטרים,2.50,ליטר,false,,24.90,9.9600,true,1,2058194
7290109921976,false,ג'ל כביסה לתינוקות,,,ג'ל כביסה לתינוקות,ליטרים,2.50,ליטר,false,,24.90,9.9600,true,1,2058195
7290109923024,false,אסטוניש מרסס פרמיום,,,אסטוניש מרסס פרמיום,מיליליטרים,750.00,"100 מ""ל",false,,12.90,0.0172,true,1,2116368
7290109923031,false,אסטוניש מרסס פרמיום,,,אסטוניש מרסס פרמיום,מיליליטרים,750.00,"100 מ""ל",false,,12.90,0.0172,true,1,2116369
7290109923048,false,אסטוניש מרסס פרמיום,,,אסטוניש מרסס פרמיום,מיליליטרים,750.00,"100 מ""ל",false,,12.90,0.0172,true,1,2116370
7290109923130,false,מדליק פחמים הפי,,,מדליק פחמים הפי,יח',40.00,יח',false,,5.90,0.1475,true,1,2126831
7290109923147,false,אסטוניש מרסס פרמיום,,,אסטוניש מרסס פרמיום,מיליליטרים,750.00,"100 מ""ל",false,,14.90,0.0199,true,1,2134545
7290110058555,false,שוקולד,,,שוקולד,גרמים,42.00,100 גרם,false,,6.90,0.1643,true,1,1365369
7290110110277,false,רביעיית סומרסבי סייד,,,רביעיית סומרסבי סייד,ליטרים,1.32,ליטר,false,,29.90,22.6515,true,1,1690043
7290110110369,false,שישיית בירה קרלסברג,,,שישיית בירה קרלסברג,ליטרים,1.98,ליטר,false,,37.90,19.1414,true,1,2023319
7290110113636,false,בירה שקמה מרצן לאגר,,,בירה שקמה מרצן לאגר,מיליליטרים,330.00,"100 מ""ל",false,,10.90,0.0330,true,1,2134311
7290110114787,false,נביעות בטעמים 1.5 לי,,,נביעות בטעמים 1.5 לי,ליטרים,1.50,ליטר,false,,8.90,5.9333,true,1,2098683
7290110114794,false,נביעות בטעמים 1.5 לי,,,נביעות בטעמים 1.5 לי,ליטרים,1.50,ליטר,false,,8.90,5.9333,true,1,2098684
7290110114800,false,נביעות בטעמים 1.5 לי,,,נביעות בטעמים 1.5 לי,ליטרים,1.50,ליטר,false,,8.90,5.9333,true,1,2098685
7290110114855,false,נביעות שישייה מים 1.,,,נביעות שישייה מים 1.,ליטרים,9.00,ליטר,false,,11.90,1.3222,true,1,2098946
7290110114954,false,מיץ תפוזים מתקתק 100,,,מיץ תפוזים מתקתק 100,ליטרים,2.00,ליטר,false,,21.90,10.9500,true,1,2098967
7290110114961,false,פריגת תפוזים 1.5 ליט,,,פריגת תפוזים 1.5 ליט,ליטרים,1.50,ליטר,false,,8.90,5.9333,true,1,2098973
7290110114985,false,פריגת אשכוליות 1.5 ל,,,פריגת אשכוליות 1.5 ל,ליטרים,1.50,ליטר,false,,8.90,5.9333,true,1,2098975
7290110115005,false,פריגת ענבים 1.5 ליטר,,,פריגת ענבים 1.5 ליטר,ליטרים,1.50,ליטר,false,,8.90,5.9333,true,1,2098992
7290110115029,false,פריגת תפוחים 1.5 ליט,,,פריגת תפוחים 1.5 ליט,ליטרים,1.50,ליטר,false,,8.90,5.9333,true,1,2098994
7290110115036,false,פריגת מנגו 1.5 ליטר,,,פריגת מנגו 1.5 ליטר,ליטרים,1.50,ליטר,false,,8.90,5.9333,true,1,2099001
7290110115043,false,פריגת לימונענע 1.5 ל,,,פריגת לימונענע 1.5 ל,ליטרים,1.50,ליטר,false,,8.90,5.9333,true,1,2099002
7290110115050,false,פריגת תות בננה 1.5 ל,,,פריגת תות בננה 1.5 ל,ליטרים,1.50,ליטר,false,,8.90,5.9333,true,1,2099008
7290110115203,false,קוקה קולה 1.5 ליטר,,,קוקה קולה 1.5 ליטר,ליטרים,1.50,ליטר,false,,8.60,5.7333,true,1,2099089
7290110115210,false,דיאט קוקה קולה 1.5 ל,,,דיאט קוקה קולה 1.5 ל,ליטרים,1.50,ליטר,false,,8.60,5.7333,true,1,2099090
7290110115227,false,קולה זירו 1.5 ליטר,,,קולה זירו 1.5 ליטר,ליטרים,1.50,ליטר,false,,8.60,5.7333,true,1,2099091
7290110115234,false,קולה זירו נטול 1.5לי,,,קולה זירו נטול 1.5לי,ליטרים,1.50,ליטר,false,,8.60,5.7333,true,1,2099099
7290110115258,false,קוקה זירו בטעם מנגו,,,קוקה זירו בטעם מנגו,ליטרים,1.50,ליטר,false,,8.60,5.7333,true,1,2099101
7290110115265,false,ספרייט 1.5 ליטר,,,ספרייט 1.5 ליטר,ליטרים,1.50,ליטר,false,,8.50,5.6667,true,1,2099102
7290110115272,false,ZERO ספרייט 1.5 ליטר,,,ZERO ספרייט 1.5 ליטר,ליטרים,1.50,ליטר,false,,8.50,5.6667,true,1,2100794
7290110115289,false,ספרייט 1.5 ליטר לימו,,,ספרייט 1.5 ליטר לימו,ליטרים,1.50,ליטר,false,,8.50,5.6667,true,1,2099139
7290110115296,false,פאנטה אורנג' 1.5 ליט,,,פאנטה אורנג' 1.5 ליט,ליטרים,1.50,ליטר,false,,8.80,5.8667,true,1,2099147
7290110115302,false,פאנטה זירו אורנג' 1.,,,פאנטה זירו אורנג' 1.,ליטרים,1.50,ליטר,false,,8.80,5.8667,true,1,2099148
7290110115357,false,סודה קינלי 1.5ליטר,,,סודה קינלי 1.5ליטר,ליטרים,1.50,ליטר,false,,3.80,2.5333,true,1,2099216
7290110115364,false,קוקה קולה שישייה 1.5,,,קוקה קולה שישייה 1.5,ליטרים,9.00,ליטר,false,,49.90,5.5444,true,1,2099103
7290110115371,false,קוקה קולה דיאט שישיי,,,קוקה קולה דיאט שישיי,ליטרים,9.00,ליטר,false,,46.50,5.1667,true,1,2099104
7290110115388,false,ספרייט שישייה 1.5 לי,,,ספרייט שישייה 1.5 לי,ליטרים,9.00,ליטר,false,,49.90,5.5444,true,1,2099140
7290110115395,false,שישיית ZERO ספרייט 1,,,שישיית ZERO ספרייט 1,ליטרים,9.00,ליטר,false,,46.50,5.1667,true,1,2099141
7290110115401,false,שישיית סודה קינלי 1.,,,שישיית סודה קינלי 1.,ליטרים,9.00,ליטר,false,,14.90,1.6556,true,1,2099217
7290110115418,false,ZERO קולה שישייה 1.5,,,ZERO קולה שישייה 1.5,ליטרים,9.00,ליטר,false,,46.50,5.1667,true,1,2099105
7290110115449,false,FUZE-T מנגו אננס 1.5,,,FUZE-T מנגו אננס 1.5,ליטרים,1.50,ליטר,false,,8.90,5.9333,true,1,2099225
7290110115456,false,FUZE-T אפרסק 1.5 ליט,,,FUZE-T אפרסק 1.5 ליט,ליטרים,1.50,ליטר,false,,8.90,5.9333,true,1,2099226
7290110115463,false,FUZE-T אפרסק 1.5 ליט,,,FUZE-T אפרסק 1.5 ליט,ליטרים,1.50,ליטר,false,,8.90,5.9333,true,1,2099232
7290110115494,false,FUZE-T ענבים 1.5 ליט,,,FUZE-T ענבים 1.5 ליט,ליטרים,1.50,ליטר,false,,8.90,5.9333,true,1,2099235
7290110115616,false,FUZE-T זירו גרין אננ,,,FUZE-T זירו גרין אננ,ליטרים,1.50,ליטר,false,,8.90,5.9333,true,1,2103902
7290110115623,false,FUZE-T זירו אפרסק 1.,,,FUZE-T זירו אפרסק 1.,ליטרים,1.50,ליטר,false,,8.90,5.9333,true,1,2103903
7290110116132,false,"סירופ לימון 750 מ""ל",,,"סירופ לימון 750 מ""ל",מיליליטרים,750.00,"100 מ""ל",false,,24.90,0.0332,true,1,2148297
7290110116149,false,"סירופ ענבים 750 מ""ל",,,"סירופ ענבים 750 מ""ל",מיליליטרים,750.00,"100 מ""ל",false,,24.90,0.0332,true,1,2148298
7290110116316,false,קוקה קולה שישייה 1.5,,,קוקה קולה שישייה 1.5,ליטרים,9.00,ליטר,false,,49.90,5.5444,true,1,2120152
7290110116323,false,ZERO קולה שישייה 1.5,,,ZERO קולה שישייה 1.5,ליטרים,9.00,ליטר,false,,46.50,5.1667,true,1,2120153
7290110116385,false,קולה זירו בטעם אבטיח,,,קולה זירו בטעם אבטיח,מיליליטרים,330.00,"100 מ""ל",false,,5.40,0.0164,true,1,2135788
7290110116569,false,ספרייט זירו 1.5 ליטר,,,ספרייט זירו 1.5 ליטר,ליטרים,1.50,ליטר,false,,8.50,5.6667,true,1,2147939
7290110320591,false,בולגרית 16% פיראוס ב,,,בולגרית 16% פיראוס ב,גרמים,250.00,100 גרם,false,,21.90,0.0876,true,1,1437647
7290110320683,false,מארז 8 יופלה 360 טעם,,,מארז 8 יופלה 360 טעם,גרמים,856.00,100 גרם,false,,16.40,0.0192,true,1,1554150
7290110320850,false,פתיתי עמק למאפים 200,,,פתיתי עמק למאפים 200,גרמים,200.00,100 גרם,false,,14.90,0.0745,true,1,1569805
7290110321031,false,יוגורט יופלה GO,,,יוגורט יופלה GO,גרמים,200.00,100 גרם,false,,4.90,0.0245,true,1,1554153
7290110321277,false,קוטג' 5% בקטנה 100 ג,,,קוטג' 5% בקטנה 100 ג,גרמים,100.00,100 גרם,false,,2.90,0.0290,true,1,1586052
7290110321604,false,קוביות בולגרית 5% פי,,,קוביות בולגרית 5% פי,גרמים,200.00,100 גרם,false,,19.90,0.0995,true,1,1717147
7290110321680,false,יוגורט יופלה GO תות,,,יוגורט יופלה GO תות,גרמים,200.00,100 גרם,false,,5.40,0.0270,true,1,1643851
7290110321697,false,יוגורט יופלה GO אפרס,,,יוגורט יופלה GO אפרס,גרמים,200.00,100 גרם,false,,5.40,0.0270,true,1,1643852
7290110321703,false,יוגורט יופלה GO פירו,,,יוגורט יופלה GO פירו,גרמים,200.00,100 גרם,false,,5.40,0.0270,true,1,1696391
7290110322014,false,טופו טבעי 300 גרם תנ,,,טופו טבעי 300 גרם תנ,גרמים,300.00,100 גרם,false,,12.90,0.0430,true,1,1696392
7290110322946,false,מארז 6 יופלה טיוב תו,,,מארז 6 יופלה טיוב תו,גרמים,348.00,100 גרם,false,,11.90,0.0342,true,1,1788505
7290110323073,false,משקה יוגורט מועשר בח,,,משקה יוגורט מועשר בח,מיליליטרים,236.00,"100 מ""ל",false,,5.90,0.0250,true,1,1764853
7290110323585,false,יוגורט יופלה GO דובד,,,יוגורט יופלה GO דובד,גרמים,200.00,100 גרם,false,,5.40,0.0270,true,1,1829839
7290110323592,false,יוגורט יופלה GO אפרס,,,יוגורט יופלה GO אפרס,גרמים,200.00,100 גרם,false,,5.40,0.0270,true,1,1829840
7290110324070,false,גבינת חלומי מחלב בקר,,,גבינת חלומי מחלב בקר,גרמים,200.00,100 גרם,false,,16.90,0.0845,true,1,1880003
7290110324353,false,יוגורט יופלה GO לייט,,,יוגורט יופלה GO לייט,גרמים,200.00,100 גרם,false,,5.40,0.0270,true,1,1959883
7290110324711,false,ממרח סויה בסגנון גבי,,,ממרח סויה בסגנון גבי,גרמים,250.00,100 גרם,false,,8.00,0.0320,true,1,1971239
7290110324841,false,מעדן שקדים עם שוקולד,,,מעדן שקדים עם שוקולד,גרמים,125.00,100 גרם,false,,3.90,0.0312,true,1,1991987
7290110324858,false,מעדן שקדים בטעם אגוז,,,מעדן שקדים בטעם אגוז,גרמים,125.00,100 גרם,false,,3.90,0.0312,true,1,1991988
7290110324872,false,גבינה גלבוע פרוס 200,,,גבינה גלבוע פרוס 200,גרמים,200.00,100 גרם,false,,17.90,0.0895,true,1,1994258
7290110324926,false,משקה סויה ללא תוספת,,,משקה סויה ללא תוספת,ליטרים,1.00,ליטר,false,,10.90,10.9000,true,1,1988348
7290110325114,false,משקה יוגורט גו לייט,,,משקה יוגורט גו לייט,מיליליטרים,250.00,"100 מ""ל",false,,5.90,0.0236,true,1,1982215
7290110325169,false,גבינת גאודה פרוסות 1,,,גבינת גאודה פרוסות 1,גרמים,170.00,100 גרם,false,,19.90,0.1171,true,1,2010473
7290110325305,false,מעדן סויה גו 20 גרם,,,מעדן סויה גו 20 גרם,גרמים,200.00,100 גרם,false,,5.90,0.0295,true,1,1991997
7290110325619,false,משקה שיבולת שועל 1 ל,,,משקה שיבולת שועל 1 ל,ליטרים,1.00,ליטר,false,,11.90,11.9000,true,1,1997930
7290110325701,false,צזיקי יווני פיראוס 9,,,צזיקי יווני פיראוס 9,גרמים,250.00,100 גרם,false,,10.90,0.0436,true,1,2006387
7290110325893,false,משקה תנובה GO אייס ק,,,משקה תנובה GO אייס ק,מיליליטרים,340.00,"100 מ""ל",false,,7.90,0.0232,true,1,1997935
7290110326210,false,יופלה און טופ פצפוצי,,,יופלה און טופ פצפוצי,גרמים,157.00,100 גרם,false,,5.20,0.0331,true,1,2010475
7290110326227,false,יופלה און טופ קורנפל,,,יופלה און טופ קורנפל,גרמים,157.00,100 גרם,false,,5.20,0.0331,true,1,2010476
7290110326234,false,יופלה און טופ כוכבים,,,יופלה און טופ כוכבים,גרמים,157.00,100 גרם,false,,5.20,0.0331,true,1,2010477
7290110326241,false,יופלה און טופ גרנולה,,,יופלה און טופ גרנולה,גרמים,157.00,100 גרם,false,,5.20,0.0331,true,1,2010478
7290110326333,false,פרוסות גבינה סקנדינב,,,פרוסות גבינה סקנדינב,גרמים,200.00,100 גרם,false,,13.90,0.0695,true,1,2033967
7290110326890,false,מארז 6 יופלה טיוב לה,,,מארז 6 יופלה טיוב לה,גרמים,348.00,100 גרם,false,,11.90,0.0342,true,1,2018608
7290110327033,false,משקה  סויה תנובה גו,,,משקה  סויה תנובה גו,ליטרים,1.00,ליטר,false,,11.90,11.9000,true,1,2024787
7290110327545,false,יופלה און טופ בטעם ת,,,יופלה און טופ בטעם ת,גרמים,157.00,100 גרם,false,,5.20,0.0331,true,1,2042985
7290110327798,false,חטיף חלבון GO בטעם ש,,,חטיף חלבון GO בטעם ש,גרמים,20.00,100 גרם,false,,11.90,0.5950,true,1,2073887
7290110327804,false,חטיף חלבון GO בטעם ב,,,חטיף חלבון GO בטעם ב,גרמים,20.00,100 גרם,false,,11.90,0.5950,true,1,2073888
7290110327811,false,חטיף חלבון GO בטעם ק,,,חטיף חלבון GO בטעם ק,גרמים,20.00,100 גרם,false,,11.90,0.5950,true,1,2073889
7290110327828,false,חטיף חלבון GO בטעם ח,,,חטיף חלבון GO בטעם ח,גרמים,20.00,100 גרם,false,,11.90,0.5950,true,1,2073890
7290110328016,false,משקה סויה מועשר בחלב,,,משקה סויה מועשר בחלב,גרמים,250.00,100 גרם,false,,5.90,0.0236,true,1,2051007
7290110328610,false,משקה אורז ושקדים ברי,,,משקה אורז ושקדים ברי,ליטרים,1.00,ליטר,false,,11.90,11.9000,true,1,2128645
7290110328627,false,יוגורט יופלה GO בננה,,,יוגורט יופלה GO בננה,גרמים,200.00,100 גרם,false,,5.40,0.0270,true,1,2074575
7290110328788,false,יוגורט יופלה GO אפרס,,,יוגורט יופלה GO אפרס,גרמים,200.00,100 גרם,false,,5.40,0.0270,true,1,2074578
7290110329136,false,מעדן חלב גו בטעם שוק,,,מעדן חלב גו בטעם שוק,גרמים,120.00,100 גרם,false,,4.90,0.0408,true,1,2099386
7290110329143,false,מעדן חלב גו בטעם וני,,,מעדן חלב גו בטעם וני,גרמים,120.00,100 גרם,false,,4.90,0.0408,true,1,2099387
7290110329303,false,פרוסות בטעם צהובה קל,,,פרוסות בטעם צהובה קל,גרמים,200.00,100 גרם,false,,20.90,0.1045,true,1,2099394
7290110329686,false,משקה תנובה GO בטעם ע,,,משקה תנובה GO בטעם ע,מיליליטרים,340.00,"100 מ""ל",false,,7.90,0.0232,true,1,2097607
7290110329716,false,משקה קפה קר בטעם קפו,,,משקה קפה קר בטעם קפו,גרמים,230.00,100 גרם,false,,6.90,0.0300,true,1,2125069
7290110329723,false,משקה קפה קר בטעם לאט,,,משקה קפה קר בטעם לאט,גרמים,230.00,100 גרם,false,,6.90,0.0300,true,1,2125075
7290110329730,false,משקה חלב עם שוקולד ו,,,משקה חלב עם שוקולד ו,גרמים,230.00,100 גרם,false,,6.90,0.0300,true,1,2125087
7290110329792,false,מעדן סויה ביו אפרסק,,,מעדן סויה ביו אפרסק,גרמים,150.00,100 גרם,false,,4.50,0.0300,true,1,2105478
7290110329808,false,מעדן סויה ביו תות אל,,,מעדן סויה ביו תות אל,גרמים,150.00,100 גרם,false,,4.50,0.0300,true,1,2105479
7290110329822,false,מעדן סויה ביו בטעם פ,,,מעדן סויה ביו בטעם פ,גרמים,150.00,100 גרם,false,,4.50,0.0300,true,1,2105481
7290110329839,false,פרוסות צהובה בטעם זי,,,פרוסות צהובה בטעם זי,גרמים,200.00,100 גרם,false,,20.90,0.1045,true,1,2099395
7290110329846,false,מעדן סויה ביו טבעי א,,,מעדן סויה ביו טבעי א,גרמים,150.00,100 גרם,false,,4.50,0.0300,true,1,2105482
7290110550370,false,פירכיות משולשות קינו,,,פירכיות משולשות קינו,גרמים,65.00,100 גרם,false,,9.90,0.1523,true,1,2137904
7290110552121,false,יוגורט 5%+ויטמין D,,,יוגורט 5%+ויטמין D,גרמים,100.00,100 גרם,false,,2.20,0.0220,true,1,2122309
7290110552237,false,דנונה פרו 20 גר ללא,,,דנונה פרו 20 גר ללא,גרמים,200.00,100 גרם,false,,5.90,0.0295,true,1,2103771
7290110552817,false,קופסא מסטיק קוביות ב,,,קופסא מסטיק קוביות ב,גרמים,58.00,100 גרם,false,,8.90,0.1534,true,1,2130293
7290110553029,false,פריכיות חלבון קייל ח,,,פריכיות חלבון קייל ח,גרמים,60.00,100 גרם,false,,9.90,0.1650,true,1,2108881
7290110553098,false,אנרג'י מיקס צימוקים,,,אנרג'י מיקס צימוקים,גרמים,100.00,100 גרם,false,,15.90,0.1590,true,1,2135709
7290110553135,false,קפוצ'ינו סטיק וניל,,,קפוצ'ינו סטיק וניל,גרמים,130.00,100 גרם,false,,15.90,0.1223,true,1,2147468
7290110553173,false,פרכיות אנרג'י בטעם ק,,,פרכיות אנרג'י בטעם ק,גרמים,40.00,100 גרם,false,,6.90,0.1725,true,1,2141887
7290110553180,false,פרכיות אנרג'י בטעם ת,,,פרכיות אנרג'י בטעם ת,גרמים,40.00,100 גרם,false,,6.90,0.1725,true,1,2141888
7290110553623,false,ציטוס קראנץ צ'דר חלפ,,,ציטוס קראנץ צ'דר חלפ,גרמים,80.00,100 גרם,false,,3.90,0.0487,true,1,2128652
7290110554101,false,סירופ מייפל בפאוץ' 1,,,סירופ מייפל בפאוץ' 1,מיליליטרים,125.00,"100 מ""ל",false,,14.90,0.1192,true,1,2135073
7290110554422,false,רוטב עגבניות ופלפלים,,,רוטב עגבניות ופלפלים,גרמים,350.00,100 גרם,false,,11.90,0.0340,true,1,2107875
7290110554514,false,קפה טורקי אתיופי 100,,,קפה טורקי אתיופי 100,גרמים,100.00,100 גרם,false,,8.90,0.0890,true,1,2126707
7290110554583,false,מארז צ'יטוס פאפס גבי,,,מארז צ'יטוס פאפס גבי,גרמים,200.00,100 גרם,false,,12.90,0.0645,true,1,2104039
7290110554699,false,"קפסולות שת""פ למכונות",,,"קפסולות שת""פ למכונות",גרמים,50.00,100 גרם,false,,18.90,0.3780,true,1,2142105
7290110554705,false,"קפסולות שת""פ למכונות",,,"קפסולות שת""פ למכונות",גרמים,50.00,100 גרם,false,,18.90,0.3780,true,1,2142106
7290110554729,false,קפסולות למכונות נספר,,,קפסולות למכונות נספר,גרמים,50.00,100 גרם,false,,16.50,0.3300,true,1,2114711
7290110555009,false,פסאטה זוג 700ג' יד מ,,,פסאטה זוג 700ג' יד מ,גרמים,700.00,100 גרם,false,,11.90,0.0170,true,1,2122844
7290110555078,false,לאבנה עם שמן זית ועש,,,לאבנה עם שמן זית ועש,גרמים,250.00,100 גרם,false,,9.90,0.0396,true,1,2124106
7290110555306,false,גלילי וופל רבע לשבע,,,גלילי וופל רבע לשבע,גרמים,125.00,100 גרם,false,,10.90,0.0872,true,1,2128530
7290110555368,false,גלילי רבע לשבע טבעונ,,,גלילי רבע לשבע טבעונ,גרמים,125.00,100 גרם,false,,10.90,0.0872,true,1,2128531
7290110555603,false,שוקולוטה ספלנדיד בפח,,,שוקולוטה ספלנדיד בפח,גרמים,360.00,100 גרם,false,,21.90,0.0608,true,1,2147491
7290110555665,false,קקאו דל שומן בפחית,,,קקאו דל שומן בפחית,גרמים,220.00,100 גרם,false,,18.90,0.0859,true,1,2147492
7290110556242,false,שוקולד מריר פרווה 10,,,שוקולד מריר פרווה 10,גרמים,100.00,100 גרם,false,,5.90,0.0590,true,1,2137905
7290110557102,false,מעדן חלב דנונה פרו 1,,,מעדן חלב דנונה פרו 1,גרמים,150.00,100 גרם,false,,4.90,0.0327,true,1,2093760
7290110557133,false,מעדן הגולן וניל 125,,,מעדן הגולן וניל 125,גרמים,125.00,100 גרם,false,,2.90,0.0232,true,1,2097309
7290110557317,false,יוגורט שיבולת שועל ד,,,יוגורט שיבולת שועל ד,גרמים,100.00,100 גרם,false,,2.20,0.0220,true,1,2122310
7290110557478,false,חומוס גלילי 600 גרם,,,חומוס גלילי 600 גרם,גרמים,600.00,100 גרם,false,,11.90,0.0198,true,1,2115161
7290110558130,false,דנונה אקטיביה עם שיב,,,דנונה אקטיביה עם שיב,גרמים,150.00,100 גרם,false,,4.50,0.0300,true,1,2127685
7290110558154,false,דנונה לייט אנד עוגת,,,דנונה לייט אנד עוגת,גרמים,150.00,100 גרם,false,,4.50,0.0300,true,1,2134869
7290110558222,false,דנונה WOW בנופי 150,,,דנונה WOW בנופי 150,גרמים,150.00,100 גרם,false,,4.50,0.0300,true,1,2134861
7290110558239,false,דנונה WOW קראק פאי 1,,,דנונה WOW קראק פאי 1,גרמים,150.00,100 גרם,false,,4.50,0.0300,true,1,2134862
7290110558253,false,דנונה לשתייה ריפרש,,,דנונה לשתייה ריפרש,גרמים,250.00,100 גרם,false,,5.50,0.0220,true,1,2127686
7290110558284,false,יוגורט דנונה ביו מול,,,יוגורט דנונה ביו מול,גרמים,200.00,100 גרם,false,,3.90,0.0195,true,1,2130742
7290110558307,false,דנונה פרו  20 גרם עם,,,דנונה פרו  20 גרם עם,גרמים,200.00,100 גרם,false,,5.90,0.0295,true,1,2127694
7290110558314,false,דנונה פרו 20 גר ללא,,,דנונה פרו 20 גר ללא,גרמים,200.00,100 גרם,false,,5.90,0.0295,true,1,2134870
7290110558338,false,דנונה פרו 25 גרם חלב,,,דנונה פרו 25 גרם חלב,גרמים,200.00,100 גרם,false,,5.90,0.0295,true,1,2127695
7290110559007,false,שעועית חומה טעם הטבע,,,שעועית חומה טעם הטבע,גרמים,380.00,100 גרם,false,,6.90,0.0182,true,1,2135719
7290110559014,false,שעועית שחורה טעם הטב,,,שעועית שחורה טעם הטב,גרמים,380.00,100 גרם,false,,6.90,0.0182,true,1,2135720
7290110559939,false,נתחי סויה בסגנון שוא,,,נתחי סויה בסגנון שוא,גרמים,350.00,100 גרם,false,,26.90,0.0769,true,1,2137232
7290110560300,false,פירכיות משולשות פלפל,,,פירכיות משולשות פלפל,גרמים,30.00,100 גרם,false,,4.90,0.1633,true,1,1832226
7290110560317,false,פירכיות משולשות מלח,,,פירכיות משולשות מלח,גרמים,30.00,100 גרם,false,,4.90,0.1633,true,1,1832227
7290110560324,false,פירכיות משולשות אפונ,,,פירכיות משולשות אפונ,גרמים,30.00,100 גרם,false,,4.90,0.1633,true,1,1832228
7290110561604,false,מארז 8 גמדים שמינייה,,,מארז 8 גמדים שמינייה,גרמים,800.00,100 גרם,false,,17.90,0.0224,true,1,1630450
7290110563431,false,משקה קפה קר בסגנון ק,,,משקה קפה קר בסגנון ק,מיליליטרים,230.00,"100 מ""ל",false,,7.90,0.0343,true,1,1898788
7290110563448,false,משקה קפה קר בסגנון מ,,,משקה קפה קר בסגנון מ,מיליליטרים,230.00,"100 מ""ל",false,,7.90,0.0343,true,1,1898789
7290110563462,false,חלב 1ליטר בקבוק נטול,,,חלב 1ליטר בקבוק נטול,ליטרים,1.00,ליטר,false,,7.90,7.9000,true,1,1897935
7290110564339,false,חומוס אחלה עשיר ב-30,,,חומוס אחלה עשיר ב-30,גרמים,400.00,100 גרם,false,,11.90,0.0298,true,1,1630452
7290110564360,false,חומוס אחלה עשיר ב-40,,,חומוס אחלה עשיר ב-40,גרמים,400.00,100 גרם,false,,11.90,0.0298,true,1,1623549
7290110564742,false,משקה קפה קר בסגנון ח,,,משקה קפה קר בסגנון ח,מיליליטרים,230.00,"100 מ""ל",false,,7.90,0.0343,true,1,1898869
7290110565435,false,ג'לי בטעם פטל לימבו,,,ג'לי בטעם פטל לימבו,גרמים,125.00,100 גרם,false,,2.00,0.0160,true,1,1606011
7290110565527,false,דנונה פרו 20 גרם חלב,,,דנונה פרו 20 גרם חלב,גרמים,200.00,100 גרם,false,,5.90,0.0295,true,1,1586123
7290110565572,false,מארז קפה טורקי עם הל,,,מארז קפה טורקי עם הל,גרמים,168.00,100 גרם,false,,17.90,0.1065,true,1,1975340
7290110566043,false,יוגורט כד 3 ליטר 4%,,,יוגורט כד 3 ליטר 4%,ליטרים,3.00,ליטר,false,,24.90,8.3000,true,1,1711817
7290110566623,false,קפסולות למכונות נספר,,,קפסולות למכונות נספר,גרמים,50.00,100 גרם,false,,16.50,0.3300,true,1,1725770
7290110566975,false,דנונה פרו 20 גרם חלב,,,דנונה פרו 20 גרם חלב,גרמים,200.00,100 גרם,false,,5.90,0.0295,true,1,1690653
7290110568238,false,קצפת צימחית 21% שומן,,,קצפת צימחית 21% שומן,מיליליטרים,250.00,"100 מ""ל",false,,7.90,0.0316,true,1,1732289
7290110568276,false,משקה יטבתה פרו בטעם,,,משקה יטבתה פרו בטעם,מיליליטרים,350.00,"100 מ""ל",false,,5.90,0.0169,true,1,1711811
7290110568504,false,קונפיטורת משמש במתיק,,,קונפיטורת משמש במתיק,גרמים,265.00,100 גרם,false,,12.90,0.0487,true,1,1915619
7290110571184,false,עדשים חומות טעם הטבע,,,עדשים חומות טעם הטבע,גרמים,380.00,100 גרם,false,,6.90,0.0182,true,1,2135721
7290110571375,false,אנרג'י מיקס צימוקים,,,אנרג'י מיקס צימוקים,גרמים,100.00,100 גרם,false,,15.90,0.1590,true,1,2135711
7290110571382,false,מעדן חלב דנונה פרו,,,מעדן חלב דנונה פרו,גרמים,150.00,100 גרם,false,,4.90,0.0327,true,1,2119844
7290110571474,false,גלילי וופל רבע לשבע,,,גלילי וופל רבע לשבע,גרמים,125.00,100 גרם,false,,10.90,0.0872,true,1,2130302
7290110571535,false,קפה טורקי + הל 100 ג,,,קפה טורקי + הל 100 ג,גרמים,300.00,100 גרם,false,,25.90,0.0863,true,1,2122853
7290110572129,false,חטיף כיף כף מקלות שו,,,חטיף כיף כף מקלות שו,גרמים,40.00,100 גרם,false,,4.90,0.1225,true,1,2146310
7290110572884,false,קפסולות למכונות נספר,,,קפסולות למכונות נספר,גרמים,50.00,100 גרם,false,,16.50,0.3300,true,1,2146319
7290110572969,false,חטיף כיף כף פצפצים ק,,,חטיף כיף כף פצפצים ק,גרמים,40.00,100 גרם,false,,4.90,0.1225,true,1,2135712
7290110572976,false,גביע פצפצים 135 גרם,,,גביע פצפצים 135 גרם,גרמים,135.00,100 גרם,false,,8.90,0.0659,true,1,2135713
7290110576318,false,מאגדת שלישיית אגוז ל,,,מאגדת שלישיית אגוז ל,גרמים,300.00,100 גרם,false,,22.90,0.0763,true,1,2137911
7290110576363,false,שוקולד ספלנדיד מריר,,,שוקולד ספלנדיד מריר,גרמים,100.00,100 גרם,false,,8.90,0.0890,true,1,2134552
7290110576370,false,מאגדת שלישיית אגוז מ,,,מאגדת שלישיית אגוז מ,גרמים,300.00,100 גרם,false,,22.90,0.0763,true,1,2137912
7290110576387,false,מאגדת שלישייה שוקולד,,,מאגדת שלישייה שוקולד,גרמים,300.00,100 גרם,false,,22.90,0.0763,true,1,2137913
7290110576752,false,שוקולד ספלנדיד מריר,,,שוקולד ספלנדיד מריר,גרמים,100.00,100 גרם,false,,9.90,0.0990,true,1,2146311
7290110576776,false,שוקולד ספלנדיד מריר,,,שוקולד ספלנדיד מריר,גרמים,100.00,100 גרם,false,,9.90,0.0990,true,1,2146312
7290110576868,false,מארז 4 סופר גמדים סל,,,מארז 4 סופר גמדים סל,גרמים,400.00,100 גרם,false,,10.50,0.0263,true,1,2150343
7290111091513,false,מגבונים קוויק XL לאמ,,,מגבונים קוויק XL לאמ,יח',40.00,יח',false,,6.90,0.1725,true,1,1493692
7290111091520,false,"תחליב רחצה 700 מ""ל ד",,,"תחליב רחצה 700 מ""ל ד",מיליליטרים,700.00,"100 מ""ל",false,,12.90,0.0184,true,1,1779822
7290111092985,false,מגבונים בייביסיטר פר,,,מגבונים בייביסיטר פר,יח',288.00,יח',false,,15.90,0.0552,true,1,2127928
7290111093005,false,מגבונים מסיר איפור I,,,מגבונים מסיר איפור I,יח',25.00,יח',false,,5.90,0.2360,true,1,1880924
7290111093760,false,קוויק מטליות לחות לנ,,,קוויק מטליות לחות לנ,יח',10.00,יח',false,,9.90,0.9900,true,1,2136222
7290111093982,false,"תחליב רחצה 700 מ""ל ד",,,"תחליב רחצה 700 מ""ל ד",מיליליטרים,700.00,"100 מ""ל",false,,12.90,0.0184,true,1,2136223
7290111094248,false,קוויק שקיות אשפה XL,,,קוויק שקיות אשפה XL,יח',20.00,יח',false,,16.90,0.8450,true,1,2008943
7290111094392,false,"תחליב רחצה 700 מ""ל ד",,,"תחליב רחצה 700 מ""ל ד",מיליליטרים,700.00,"100 מ""ל",false,,12.90,0.0184,true,1,2136224
7290111094651,false,קוויק שקיות אשפה L ע,,,קוויק שקיות אשפה L ע,יח',40.00,יח',false,,10.90,0.2725,true,1,2095068
7290111095818,false,קוויק שקיות אשפה L,,,קוויק שקיות אשפה L,יח',40.00,יח',false,,16.90,0.4225,true,1,2008944
7290111096921,false,מגבונים קוויק לניקוי,,,מגבונים קוויק לניקוי,יח',50.00,יח',false,,7.90,0.1580,true,1,2087642
7290111097546,false,מגבונים לניקוי כללי,,,מגבונים לניקוי כללי,יח',50.00,יח',false,,7.90,0.1580,true,1,2136225
7290111341496,false,תחבושות דיפנד מיני א,,,תחבושות דיפנד מיני א,יח',14.00,יח',false,,19.90,1.4214,true,1,1839595
7290111341984,false,מגבוני לחים לילי פיו,,,מגבוני לחים לילי פיו,יח',160.00,יח',false,,19.90,0.1244,true,1,2067329
7290111342189,false,מפיות ניקול 150 יח צ,,,מפיות ניקול 150 יח צ,יח',150.00,יח',false,,6.90,0.0460,true,1,1997746
7290111343797,false,מטליות לחות לניקוי ח,,,מטליות לחות לניקוי ח,יח',48.00,יח',false,,11.90,0.2479,true,1,2037851
7290111343858,false,מטליות לחות לניקוי ו,,,מטליות לחות לניקוי ו,יח',10.00,יח',false,,13.90,1.3900,true,1,2037841
7290111344183,false,תחתוני דיפנד נשים M,,,תחתוני דיפנד נשים M,יח',10.00,יח',false,,49.90,4.9900,true,1,2050582
7290111344206,false,מגבוני האגיס מארז 4,,,מגבוני האגיס מארז 4,יח',256.00,יח',false,,22.90,0.0895,true,1,2097806
7290111344510,false,נייר אפיה 100 יח' בש,,,נייר אפיה 100 יח' בש,יח',100.00,יח',false,,20.90,0.2090,true,1,2067318
7290111350092,false,מארז חטיפי לואקר 200,,,מארז חטיפי לואקר 200,גרמים,200.00,100 גרם,false,,19.90,0.0995,true,1,1506925
7290111350665,false,דבש לחיץ 350 גרם,,,דבש לחיץ 350 גרם,גרמים,350.00,100 גרם,false,,19.90,0.0569,true,1,1732987
7290111350672,false,דבש בצנצנת 700 גרם,,,דבש בצנצנת 700 גרם,גרמים,700.00,100 גרם,false,,29.90,0.0427,true,1,1732988
7290111350719,false,נאצ'וס חטיף תירס הוט,,,נאצ'וס חטיף תירס הוט,גרמים,322.00,100 גרם,false,,14.90,0.0463,true,1,1981749
7290111350726,false,נאצ'וס חטיף מתירס צה,,,נאצ'וס חטיף מתירס צה,גרמים,322.00,100 גרם,false,,14.90,0.0463,true,1,1981750
7290111352430,false,ממרח תמרים טבעי 440,,,ממרח תמרים טבעי 440,גרמים,440.00,100 גרם,false,,9.90,0.0225,true,1,2033387
7290111352935,false,סוכריות טופי יוגטה 6,,,סוכריות טופי יוגטה 6,גרמים,600.00,100 גרם,false,,24.90,0.0415,true,1,2021626
7290111352942,false,סוכריות טופי יוגטה 8,,,סוכריות טופי יוגטה 8,גרמים,850.00,100 גרם,false,,24.90,0.0293,true,1,2021627
7290111353055,false,סוכריות גומי דובונים,,,סוכריות גומי דובונים,גרמים,200.00,100 גרם,false,,7.90,0.0395,true,1,2036313
7290111353123,false,סוכריות גומי נחשים מ,,,סוכריות גומי נחשים מ,גרמים,200.00,100 גרם,false,,7.90,0.0395,true,1,2036317
7290111353383,false,סוכריות מנטוס בטעם ת,,,סוכריות מנטוס בטעם ת,גרמים,250.00,100 גרם,false,,14.90,0.0596,true,1,2083229
7290111353468,false,סוכריות טופי יוגטה ב,,,סוכריות טופי יוגטה ב,גרמים,600.00,100 גרם,false,,24.90,0.0415,true,1,2048166
7290111353482,false,סוכריות חמוצות ממולא,,,סוכריות חמוצות ממולא,גרמים,200.00,100 גרם,false,,7.90,0.0395,true,1,2048226
7290111354335,false,מרשמלו מיני בטעם וני,,,מרשמלו מיני בטעם וני,גרמים,30.00,100 גרם,false,,1.90,0.0633,true,1,2114422
7290111564291,false,פיטנס פריכיות דקות ק,,,פיטנס פריכיות דקות ק,גרמים,120.00,100 גרם,false,,9.90,0.0825,true,1,1473028
7290111566103,false,פלאפל מרכיבים ביתיים,עיצובים 2020 (4.8),,פלאפל מרכיבים ביתיים,גרמים,590.00,100 גרם,false,,29.90,0.0507,true,1,1606811
7290111566240,false,שניצל דק בטעם צילי ח,עיצובים 2020 (4.8),,שניצל דק בטעם צילי ח,גרמים,564.00,100 גרם,false,,29.90,0.0530,true,1,1606813
7290111566271,false,חטיפי תירס.,עיצובים 2020 (4.8),,חטיפי תירס.,גרמים,657.00,100 גרם,false,,29.90,0.0455,true,1,1606814
7290111566318,false,שניצל דק מן הצומח.,עיצובים 2020 (4.8),,שניצל דק מן הצומח.,גרמים,564.00,100 גרם,false,,29.90,0.0530,true,1,1606815
7290111566332,false,נקניקיות וינר צמחוני,עיצובים 2020 (4.8),,נקניקיות וינר צמחוני,גרמים,680.00,100 גרם,false,,29.90,0.0440,true,1,1606816
7290111566417,false,טבעול טחון צמחוני,עיצובים 2020 (4.8),,טבעול טחון צמחוני,גרמים,500.00,100 גרם,false,,29.90,0.0598,true,1,1606835
7290111566547,false,חזה בגריל צמחוני,עיצובים 2020 (4.8),,חזה בגריל צמחוני,גרמים,560.00,100 גרם,false,,29.90,0.0534,true,1,1606837
7290111566561,false,שניצל ברוקלי 99 קלור,עיצובים 2020 (4.8),,שניצל ברוקלי 99 קלור,גרמים,560.00,100 גרם,false,,29.90,0.0534,true,1,1606838
7290111566585,false,שניצל צמחוני 99 קלור,עיצובים 2020 (4.8),,שניצל צמחוני 99 קלור,גרמים,650.00,100 גרם,false,,29.90,0.0460,true,1,1606839
7290111566660,false,קציצות עדשים כתומות.,עיצובים 2020 (4.8),,קציצות עדשים כתומות.,גרמים,530.00,100 גרם,false,,29.00,0.0547,true,1,1606817
7290111566691,false,שניצל תרד 99 קלוריות,עיצובים 2020 (4.8),,שניצל תרד 99 קלוריות,גרמים,560.00,100 גרם,false,,29.90,0.0534,true,1,1664190
7290111566714,false,המבורגר צמחוני 99 קל,עיצובים 2020 (4.8),,המבורגר צמחוני 99 קל,גרמים,600.00,100 גרם,false,,29.90,0.0498,true,1,1606840
7290111566752,false,שניצל תירס 99 קלוריו,עיצובים 2020 (4.8),,שניצל תירס 99 קלוריו,גרמים,693.00,100 גרם,false,,29.90,0.0431,true,1,1606841
7290111566776,false,נקניקיות קוקטייל צמח,עיצובים 2020 (4.8),,נקניקיות קוקטייל צמח,גרמים,680.00,100 גרם,false,,29.90,0.0440,true,1,1606819
7290111568206,false,ביסלי במבה מיקס 150,,,ביסלי במבה מיקס 150,גרמים,150.00,100 גרם,false,,8.90,0.0593,true,1,1687099
7290111568275,false,נודלס אטריות אורז רח,,,נודלס אטריות אורז רח,גרמים,300.00,100 גרם,false,,9.90,0.0330,true,1,1683160
7290111568299,false,נודלס אטריות עם תרד,,,נודלס אטריות עם תרד,גרמים,300.00,100 גרם,false,,9.90,0.0330,true,1,1683174
7290111568961,false,בייגלה טבעות מלח 400,,,בייגלה טבעות מלח 400,גרמים,400.00,100 גרם,false,,9.90,0.0248,true,1,1708230
7290111665455,false,מזלג ורסאי טורקיז -א,,,מזלג ורסאי טורקיז -א,יחידה,0.00,יחידה,false,,5.90,0.0000,true,1,1992927
7290111665462,false,סכין ורסאי טורקיז -א,,,סכין ורסאי טורקיז -א,יחידה,0.00,יחידה,false,,6.90,0.0000,true,1,1992928
7290111665479,false,כף ורסאי טורקיז -אר',,,כף ורסאי טורקיז -אר',יחידה,0.00,יחידה,false,,6.90,0.0000,true,1,1992929
7290111665486,false,כפית ורסאי טורקיז -א,,,כפית ורסאי טורקיז -א,יחידה,0.00,יחידה,false,,3.90,0.0000,true,1,1992930
7290111665622,false,כפות הגשה ורסאי -זוג,,,כפות הגשה ורסאי -זוג,יחידה,0.00,יחידה,false,,2.90,0.0000,true,1,1993941
7290111930799,false,חטיף קראנצ'וס בצל 55,,,חטיף קראנצ'וס בצל 55,גרמים,55.00,100 גרם,false,,3.90,0.0709,true,1,1537487
7290111930805,false,חטיף קראנצ'וס ברביקי,,,חטיף קראנצ'וס ברביקי,גרמים,55.00,100 גרם,false,,3.90,0.0709,true,1,1537488
7290111930850,false,חטיף קראנצ'וס פיצה 5,,,חטיף קראנצ'וס פיצה 5,גרמים,55.00,100 גרם,false,,3.90,0.0709,true,1,1537489
7290111930898,false,חטיף פוף כוכבים גריל,,,חטיף פוף כוכבים גריל,גרמים,40.00,100 גרם,false,,3.90,0.0975,true,1,1566394
7290111930904,false,חטיף פוף כוכבים בצל,,,חטיף פוף כוכבים בצל,גרמים,40.00,100 גרם,false,,3.90,0.0975,true,1,1566395
7290111930911,false,חטיף פוף לבבות קלאסי,,,חטיף פוף לבבות קלאסי,גרמים,40.00,100 גרם,false,,3.90,0.0975,true,1,1566360
7290111930928,false,חטיף פוף לבבות גריל,,,חטיף פוף לבבות גריל,גרמים,40.00,100 גרם,false,,3.90,0.0975,true,1,1566396
7290111930935,false,חטיף פוף טבעות קלאסי,,,חטיף פוף טבעות קלאסי,גרמים,40.00,100 גרם,false,,3.90,0.0975,true,1,1566397
7290111931338,false,סבון נוזלי פלמוליב ל,,,סבון נוזלי פלמוליב ל,מיליליטרים,500.00,"100 מ""ל",false,,15.90,0.0318,true,1,1687101
7290111932502,false,משחת שינים קולגייט א,,,משחת שינים קולגייט א,מיליליטרים,75.00,"100 מ""ל",false,,29.90,0.3987,true,1,1747245
7290111932786,false,ג'ל ניקוי לפנים רגיל,,,ג'ל ניקוי לפנים רגיל,מיליליטרים,230.00,"100 מ""ל",false,,8.90,0.0387,true,1,2082736
7290111933462,false,רוטב צ'ילי מתוק מאסט,,,רוטב צ'ילי מתוק מאסט,מיליליטרים,300.00,"100 מ""ל",false,,9.90,0.0330,true,1,1695575
7290111933554,false,עגבניות קוביות מארז,,,עגבניות קוביות מארז,גרמים,1200.00,100 גרם,false,,15.90,0.0133,true,1,1781778
7290111933998,false,תבנית אינגליש עם ניי,,,תבנית אינגליש עם ניי,יח',4.00,יח',false,,12.90,3.2250,true,1,1908154
7290111934018,false,קרם עיניים קלוגן בלו,,,קרם עיניים קלוגן בלו,מיליליטרים,30.00,"100 מ""ל",false,,16.90,0.5633,true,1,2082756
7290111935817,false,דאודורנט ליידי ספיד,,,דאודורנט ליידי ספיד,גרמים,45.00,100 גרם,false,,19.90,0.4422,true,1,1983299
7290111935961,false,מחית עגבניות מאסטר ש,,,מחית עגבניות מאסטר ש,גרמים,690.00,100 גרם,false,,9.90,0.0143,true,1,1975499
7290111936203,false,דאודורנט ספריי ליידי,,,דאודורנט ספריי ליידי,מיליליטרים,150.00,"100 מ""ל",false,,24.90,0.1660,true,1,1962875
7290111936210,false,דאודורנט ספריי ליידי,,,דאודורנט ספריי ליידי,מיליליטרים,150.00,"100 מ""ל",false,,24.90,0.1660,true,1,1983305
7290111936296,false,סבון נוזלי פלמוליב א,,,סבון נוזלי פלמוליב א,מיליליטרים,750.00,"100 מ""ל",false,,17.90,0.0239,true,1,1932091
7290111936784,false,חטיף תמרים וגוזי לוז,,,חטיף תמרים וגוזי לוז,גרמים,125.00,100 גרם,false,,15.90,0.1272,true,1,1894160
7290111937231,false,חטיף תמרים וקוקוס FR,,,חטיף תמרים וקוקוס FR,גרמים,125.00,100 גרם,false,,15.90,0.1272,true,1,1894162
7290111937262,false,חטיף תמרים אגוזים וש,,,חטיף תמרים אגוזים וש,גרמים,125.00,100 גרם,false,,15.90,0.1272,true,1,1894164
7290111937651,false,פצצת אמבט מנגו בלונס,,,פצצת אמבט מנגו בלונס,יח',1.00,יח',false,,9.90,9.9000,true,1,2073225
7290111937668,false,פצצת אמבט תפוח בלונס,,,פצצת אמבט תפוח בלונס,יח',1.00,יח',false,,9.90,9.9000,true,1,2073216
7290111937712,false,קוקי רדיד אלומיניום,,,קוקי רדיד אלומיניום,מטרים,7.50,מטר,false,,12.90,1.7200,true,1,2003031
7290111937781,false,קרם גוף אלוורה בלונס,,,קרם גוף אלוורה בלונס,מיליליטרים,200.00,"100 מ""ל",false,,8.90,0.0445,true,1,2082780
7290111938481,false,רוטב סויה בהירה מאסט,,,רוטב סויה בהירה מאסט,מיליליטרים,300.00,"100 מ""ל",false,,9.90,0.0330,true,1,2013379
7290111939136,false,קוקי נייר אפייה עגול,,,קוקי נייר אפייה עגול,יח',20.00,יח',false,,7.90,0.3950,true,1,2003032
7290111939143,false,קוקי נייר אפייה עגול,,,קוקי נייר אפייה עגול,יח',20.00,יח',false,,7.90,0.3950,true,1,2003033
7290111939181,false,קוקי ניילון נצמד עם,,,קוקי ניילון נצמד עם,יח',20.00,יח',false,,9.90,0.4950,true,1,2003021
7290112000057,false,ווליט ג'ל גולד לשמיר,,,ווליט ג'ל גולד לשמיר,ליטרים,3.00,ליטר,false,,29.90,9.9667,true,1,1586035
7290112000149,false,אירוויק מפיץ אדים קו,,,אירוויק מפיץ אדים קו,מיליליטרים,20.00,"100 מ""ל",false,,49.90,2.4950,true,1,1738513
7290112000163,false,אירוויק מילוי מפיץ א,,,אירוויק מילוי מפיץ א,מיליליטרים,20.00,"100 מ""ל",false,,19.90,0.9950,true,1,1738515
7290112000286,false,גל אסלות סיליט באנג,,,גל אסלות סיליט באנג,מיליליטרים,750.00,"100 מ""ל",false,,9.90,0.0132,true,1,1630573
7290112000293,false,גל אסלות סיליט באנג,,,גל אסלות סיליט באנג,מיליליטרים,750.00,"100 מ""ל",false,,9.90,0.0132,true,1,1630574
7290112000392,false,תרסיס לאמבטיה דטול 7,,,תרסיס לאמבטיה דטול 7,מיליליטרים,750.00,"100 מ""ל",false,,14.90,0.0199,true,1,1799405
7290112000736,false,פיניש 80 טבליות AIO,,,פיניש 80 טבליות AIO,יח',80.00,יח',false,,54.90,0.6862,true,1,1738518
7290112000798,false,תרסיס דטול לניקוי וח,,,תרסיס דטול לניקוי וח,מיליליטרים,750.00,"100 מ""ל",false,,14.90,0.0199,true,1,1799406
7290112000828,false,דטול מגבונים לניקוי,,,דטול מגבונים לניקוי,יח',60.00,יח',false,,9.90,0.1650,true,1,1799407
7290112000842,false,דטול מגבונים לניקוי,,,דטול מגבונים לניקוי,יח',60.00,יח',false,,9.90,0.1650,true,1,1798577
7290112000873,false,דטול מגבונים לאמבטיה,,,דטול מגבונים לאמבטיה,יח',60.00,יח',false,,9.90,0.1650,true,1,1799408
7290112000880,false,דטול מגבונים למטבח 6,,,דטול מגבונים למטבח 6,יח',60.00,יח',false,,9.90,0.1650,true,1,1798583
7290112001030,false,מילוי מבשם אויר אוטו,,,מילוי מבשם אויר אוטו,מיליליטרים,250.00,"100 מ""ל",false,,19.90,0.0796,true,1,1799423
7290112001221,false,קולון מנקה למכונת כב,,,קולון מנקה למכונת כב,מיליליטרים,250.00,"100 מ""ל",false,,19.90,0.0796,true,1,1799424
7290112001436,false,מנקה מדיח כלים 250 מ,,,מנקה מדיח כלים 250 מ,מיליליטרים,250.00,"100 מ""ל",false,,14.90,0.0596,true,1,1990570
7290112001559,false,טבליות למדיח כלים 80,,,טבליות למדיח כלים 80,יח',80.00,יח',false,,64.90,0.8113,true,1,1986620
7290112001870,false,סיליט באנג לאמבטיות,,,סיליט באנג לאמבטיות,מיליליטרים,750.00,"100 מ""ל",false,,14.90,0.0199,true,1,1986288
7290112001900,false,פיניש ג'ל 1 ליטר אקו,,,פיניש ג'ל 1 ליטר אקו,ליטרים,1.00,ליטר,false,,42.90,42.9000,true,1,1986289
7290112002099,false,ג'ל קולון 2.5 ליטר ר,,,ג'ל קולון 2.5 ליטר ר,ליטרים,2.50,ליטר,false,,21.90,8.7600,true,1,1990381
7290112002105,false,ג'ל קולון 2.5 ליטר מ,,,ג'ל קולון 2.5 ליטר מ,ליטרים,2.50,ליטר,false,,21.90,8.7600,true,1,1990382
7290112002112,false,ג'ל קולון 2.5 ליטר ב,,,ג'ל קולון 2.5 ליטר ב,ליטרים,2.50,ליטר,false,,21.90,8.7600,true,1,1990383
7290112002136,false,קולון ג'ל 4 ליטר רגי,,,קולון ג'ל 4 ליטר רגי,ליטרים,4.00,ליטר,false,,34.90,8.7250,true,1,1990385
7290112002143,false,קולון ג'ל 4 ליטר ליל,,,קולון ג'ל 4 ליטר ליל,ליטרים,4.00,ליטר,false,,34.90,8.7250,true,1,1990386
7290112002150,false,קולון ג'ל 4 ליטר בני,,,קולון ג'ל 4 ליטר בני,ליטרים,4.00,ליטר,false,,34.90,8.7250,true,1,1990387
7290112003188,false,קולון קפסולות ג'ל לכ,,,קולון קפסולות ג'ל לכ,יח',60.00,יח',false,,54.90,0.9150,true,1,2043395
7290112003249,false,"אבקת כביסה 5 ק""ג קול",,,"אבקת כביסה 5 ק""ג קול",קילוגרמים,5.00,"ק""ג",false,,39.90,7.9800,true,1,2023328
7290112003423,false,מקלות ריחניים אננס ו,,,מקלות ריחניים אננס ו,מיליליטרים,80.00,"100 מ""ל",false,,24.90,0.3112,true,1,2047677
7290112003478,false,מבשם אויר ספריי אירו,,,מבשם אויר ספריי אירו,מיליליטרים,236.00,"100 מ""ל",false,,14.90,0.0631,true,1,2047687
7290112003508,false,מבשם אויר ספריי אירו,,,מבשם אויר ספריי אירו,מיליליטרים,236.00,"100 מ""ל",false,,14.90,0.0631,true,1,2047688
7290112003843,false,ג'ל למניעת אבנית אנט,,,ג'ל למניעת אבנית אנט,מיליליטרים,750.00,"100 מ""ל",false,,27.90,0.0372,true,1,2071342
7290112003959,false,וניש גולד אבקה 470 ג,,,וניש גולד אבקה 470 ג,גרמים,470.00,100 גרם,false,,19.90,0.0423,true,1,2080231
7290112004024,false,"וניש גולד ג'ל 940 מ""",,,"וניש גולד ג'ל 940 מ""",מיליליטרים,940.00,"100 מ""ל",false,,24.90,0.0265,true,1,2098593
7290112004031,false,"וניש גולד ג'ל 940 מ""",,,"וניש גולד ג'ל 940 מ""",מיליליטרים,940.00,"100 מ""ל",false,,24.90,0.0265,true,1,2098594
7290112004109,false,דטול מגבונים לניקוי,,,דטול מגבונים לניקוי,יח',180.00,יח',false,,21.90,0.1217,true,1,2042958
7290112004161,false,מילוי מבשם אויר אוטו,,,מילוי מבשם אויר אוטו,מיליליטרים,250.00,"100 מ""ל",false,,19.90,0.0796,true,1,2046204
7290112004208,false,פיניש 50 טבליות לימו,,,פיניש 50 טבליות לימו,יח',50.00,יח',false,,34.90,0.6980,true,1,2080303
7290112004413,false,וניש ספריי לבן 750 מ,,,וניש ספריי לבן 750 מ,מיליליטרים,750.00,"100 מ""ל",false,,19.90,0.0265,true,1,2115931
7290112004451,false,מחטא כביסה דטול לספו,,,מחטא כביסה דטול לספו,ליטרים,1.50,ליטר,false,,14.90,9.9333,true,1,2099959
7290112004468,false,מחטא כביסה דטול לכות,,,מחטא כביסה דטול לכות,ליטרים,1.50,ליטר,false,,14.90,9.9333,true,1,2099960
7290112004604,false,דטול מגבונים לניקוי,,,דטול מגבונים לניקוי,יח',180.00,יח',false,,21.90,0.1217,true,1,2080237
7290112004611,false,ג'ל מרוכז להסרת כתמי,,,ג'ל מרוכז להסרת כתמי,מיליליטרים,200.00,"100 מ""ל",false,,14.90,0.0745,true,1,2115932
7290112004710,false,ג'ל וניש ג'ליסימו 75,,,ג'ל וניש ג'ליסימו 75,מיליליטרים,750.00,"100 מ""ל",false,,19.90,0.0265,true,1,2149562
7290112004772,false,מילוי מבשם אויר חשמל,,,מילוי מבשם אויר חשמל,מיליליטרים,19.00,"100 מ""ל",false,,19.90,1.0474,true,1,2128721
7290112004963,false,טבליות למדיח כלים 25,,,טבליות למדיח כלים 25,יח',25.00,יח',false,,34.90,1.3960,true,1,2136088
7290112004970,false,טבליות למדיח כלים 50,,,טבליות למדיח כלים 50,יח',50.00,יח',false,,54.90,1.0980,true,1,2136089
7290112005045,false,וניש אבקה לכביסה לבנ,,,וניש אבקה לכביסה לבנ,גרמים,480.00,100 גרם,false,,14.90,0.0310,true,1,2136090
7290112005052,false,וניש אבקה לכביסה לבנ,,,וניש אבקה לכביסה לבנ,קילוגרמים,1.50,"ק""ג",false,,39.90,26.6000,true,1,2136091
7290112005076,false,וניש אבקה לכביסה צבע,,,וניש אבקה לכביסה צבע,גרמים,480.00,100 גרם,false,,14.90,0.0310,true,1,2136092
7290112005083,false,וניש אבקה לכביסה צבע,,,וניש אבקה לכביסה צבע,קילוגרמים,1.50,"ק""ג",false,,39.90,26.6000,true,1,2136093
7290112005168,false,טבליות למדיח כלים 60,,,טבליות למדיח כלים 60,יח',60.00,יח',false,,54.90,0.9150,true,1,2136102
7290112192158,false,"ניוקי תפו""א ללא גלוט",,,"ניוקי תפו""א ללא גלוט",גרמים,500.00,100 גרם,false,,9.90,0.0198,true,1,1984509
7290112192295,false,עוגיות סנדויץ שוקולד,,,עוגיות סנדויץ שוקולד,גרמים,200.00,100 גרם,false,,18.90,0.0945,true,1,1824376
7290112192561,false,משחת שיניים הגנה מלא,,,משחת שיניים הגנה מלא,מיליליטרים,75.00,"100 מ""ל",false,,29.90,0.3987,true,1,1989822
7290112192882,false,סנסודיין משחת שיניים,,,סנסודיין משחת שיניים,מיליליטרים,75.00,"100 מ""ל",false,,29.90,0.3987,true,1,1995021
7290112192943,false,דוחה יתושים ספירה,,,דוחה יתושים ספירה,מיליליטרים,70.00,"100 מ""ל",false,,11.90,0.1700,true,1,2017255
7290112193582,false,תערובת לעוגה,,,תערובת לעוגה,גרמים,480.00,100 גרם,false,,16.90,0.0352,true,1,2008344
7290112195227,false,איטריות ביצים דקיקות,,,איטריות ביצים דקיקות,גרמים,500.00,100 גרם,false,,13.90,0.0278,true,1,2059132
7290112197061,false,תחליב רחצה לידיים אר,,,תחליב רחצה לידיים אר,מיליליטרים,500.00,"100 מ""ל",false,,11.90,0.0238,true,1,2126066
7290112197184,false,דגני בוקר  במילוי קר,,,דגני בוקר  במילוי קר,גרמים,375.00,100 גרם,false,,21.90,0.0584,true,1,2117639
7290112330390,false,דנונה פרו 20 גרם חלב,,,דנונה פרו 20 גרם חלב,גרמים,200.00,100 גרם,false,,5.90,0.0295,true,1,1932125
7290112332585,false,פירכיות משולשות בתיב,,,פירכיות משולשות בתיב,גרמים,30.00,100 גרם,false,,4.90,0.1633,true,1,1960621
7290112332691,false,פינוקיות עוגיית קרם,,,פינוקיות עוגיית קרם,גרמים,200.00,100 גרם,false,,9.90,0.0495,true,1,1975343
7290112332875,false,מסטיק קוביות מנטה עד,,,מסטיק קוביות מנטה עד,גרמים,86.00,100 גרם,false,,12.90,0.1500,true,1,1915622
7290112332899,false,קופסאת מסטיק בזוקה פ,,,קופסאת מסטיק בזוקה פ,גרמים,58.00,100 גרם,false,,8.90,0.1534,true,1,1960555
7290112335050,false,מרשמלו קלאסי 150 גרם,,,מרשמלו קלאסי 150 גרם,גרמים,150.00,100 גרם,false,,5.90,0.0393,true,1,1892571
7290112335111,false,מסטיק קוביות בטעם בז,,,מסטיק קוביות בטעם בז,גרמים,86.00,100 גרם,false,,12.90,0.1500,true,1,1915625
7290112335487,false,הפירכיות הטעימות קצח,,,הפירכיות הטעימות קצח,גרמים,135.00,100 גרם,false,,11.90,0.0881,true,1,1960557
7290112335500,false,הפירכיות הטעימות חלב,,,הפירכיות הטעימות חלב,גרמים,135.00,100 גרם,false,,11.90,0.0881,true,1,1960558
7290112336637,false,סוכריות מאסט ללא סוכ,,,סוכריות מאסט ללא סוכ,גרמים,80.00,100 גרם,false,,7.90,0.0988,true,1,1988718
7290112336644,false,סוכריות מאסט ללא סוכ,,,סוכריות מאסט ללא סוכ,גרמים,80.00,100 גרם,false,,7.90,0.0988,true,1,1988719
7290112336651,false,סוכריות מאסט ללא סוכ,,,סוכריות מאסט ללא סוכ,גרמים,80.00,100 גרם,false,,7.90,0.0988,true,1,1988720
7290112337474,false,סוכריות מאסט ללא סוכ,,,סוכריות מאסט ללא סוכ,גרמים,80.00,100 גרם,false,,7.90,0.0988,true,1,1988721
7290112337481,false,סוכריות מאסט ללא סוכ,,,סוכריות מאסט ללא סוכ,גרמים,80.00,100 גרם,false,,7.90,0.0988,true,1,1988722
7290112338877,false,סקי תות 3% 125 גרם,,,סקי תות 3% 125 גרם,גרמים,125.00,100 גרם,false,,3.70,0.0296,true,1,1854546
7290112339362,false,דנונה לייט אנד פרי ב,,,דנונה לייט אנד פרי ב,גרמים,150.00,100 גרם,false,,4.50,0.0300,true,1,1991380
7290112339867,false,גמדים סקוויז לדרך בו,,,גמדים סקוויז לדרך בו,גרמים,100.00,100 גרם,false,,5.50,0.0550,true,1,1898105
7290112340122,false,הפירכיות הטעימות 3 ד,,,הפירכיות הטעימות 3 ד,גרמים,135.00,100 גרם,false,,11.90,0.0881,true,1,1960563
7290112340245,false,קופסאת מסטיק מאסט בט,,,קופסאת מסטיק מאסט בט,גרמים,66.00,100 גרם,false,,8.90,0.1348,true,1,1915626
7290112340276,false,עוגיית קרם קפה נמס,,,עוגיית קרם קפה נמס,גרמים,200.00,100 גרם,false,,9.90,0.0495,true,1,1975345
7290112340900,false,קפה טורקי האג 200 גר,,,קפה טורקי האג 200 גר,גרמים,200.00,100 גרם,false,,25.90,0.1295,true,1,2031389
7290112341556,false,יוגורט אקטיביה עם צ',,,יוגורט אקטיביה עם צ',גרמים,150.00,100 גרם,false,,4.50,0.0300,true,1,1988966
7290112341679,false,אקטיבייה 3% 200 גרם,,,אקטיבייה 3% 200 גרם,גרמים,200.00,100 גרם,false,,3.90,0.0195,true,1,1988967
7290112341686,false,מארז 8 יח' אקטיביה 3,,,מארז 8 יח' אקטיביה 3,גרמים,1200.00,100 גרם,false,,18.90,0.0157,true,1,1988989
7290112342270,false,קפה פלטינום אינטנס 1,,,קפה פלטינום אינטנס 1,גרמים,125.00,100 גרם,false,,19.90,0.1592,true,1,1987316
7290112343260,false,רוטב שמנת קלאסי 9% ש,,,רוטב שמנת קלאסי 9% ש,גרמים,260.00,100 גרם,false,,9.90,0.0381,true,1,1994112
7290112343499,false,צ'יטוס פאפס 55 גרם,,,צ'יטוס פאפס 55 גרם,גרמים,55.00,100 גרם,false,,3.50,0.0636,true,1,2095835
7290112343512,false,ציטוס פאפס 160 גרם,,,ציטוס פאפס 160 גרם,גרמים,160.00,100 גרם,false,,7.90,0.0494,true,1,2095836
7290112344564,false,רביולי גבינה 400 גרם,,,רביולי גבינה 400 גרם,גרמים,400.00,100 גרם,false,,19.90,0.0497,true,1,1988998
7290112344724,false,מעדן מילקי בטעם שוקו,,,מעדן מילקי בטעם שוקו,גרמים,133.00,100 גרם,false,,3.20,0.0241,true,1,1994163
7290112344755,false,מעדן מילקי 26% פחות,,,מעדן מילקי 26% פחות,גרמים,135.00,100 גרם,false,,2.80,0.0207,true,1,2046396
7290112344786,false,קפה פלטינום קלאסיק,,,קפה פלטינום קלאסיק,גרמים,200.00,100 גרם,false,,29.90,0.1495,true,1,2010373
7290112344953,false,סימפוניה חציל קלוי 5,,,סימפוניה חציל קלוי 5,גרמים,200.00,100 גרם,false,,10.90,0.0545,true,1,2058968
7290112346537,false,פינוקיות בטעם טורטית,,,פינוקיות בטעם טורטית,גרמים,200.00,100 גרם,false,,9.90,0.0495,true,1,1994248
7290112346773,false,דנונה לייט אנד פריי,,,דנונה לייט אנד פריי,גרמים,150.00,100 גרם,false,,4.50,0.0300,true,1,2048412
7290112346797,false,יוגורט אקטיביה שיבול,,,יוגורט אקטיביה שיבול,גרמים,150.00,100 גרם,false,,4.50,0.0300,true,1,2011628
7290112347008,false,גמדים ארוחת בוקר תות,,,גמדים ארוחת בוקר תות,גרמים,100.00,100 גרם,false,,5.50,0.0550,true,1,1994145
7290112348142,false,שעועית לבנה טעם הטבע,,,שעועית לבנה טעם הטבע,גרמים,380.00,100 גרם,false,,6.90,0.0182,true,1,2013915
7290112348616,false,קפה נמס אגוזי לוז,,,קפה נמס אגוזי לוז,גרמים,100.00,100 גרם,false,,14.90,0.1490,true,1,2039238
7290112348999,false,הפירכיות הטעימות  תי,,,הפירכיות הטעימות  תי,גרמים,135.00,100 גרם,false,,11.90,0.0881,true,1,2046108
7290112349316,false,מסטיק בזוקה ביג פופי,,,מסטיק בזוקה ביג פופי,גרמים,86.00,100 גרם,false,,12.90,0.1500,true,1,2010366
7290112349606,false,מעדן דניאלה  תות בננ,,,מעדן דניאלה  תות בננ,גרמים,88.00,100 גרם,false,,3.90,0.0443,true,1,2104099
7290112349705,false,רוטב עגבניות קלאסי ל,,,רוטב עגבניות קלאסי ל,גרמים,350.00,100 גרם,false,,11.90,0.0340,true,1,1997537
7290112349736,false,רוטב עגבניות בזילקום,,,רוטב עגבניות בזילקום,גרמים,350.00,100 גרם,false,,11.90,0.0340,true,1,1997538
7290112349743,false,רוטב עגבניות פיקנטי,,,רוטב עגבניות פיקנטי,גרמים,350.00,100 גרם,false,,11.90,0.0340,true,1,1997539
7290112349750,false,רוטב עגבניות לפיצה 3,,,רוטב עגבניות לפיצה 3,גרמים,350.00,100 גרם,false,,11.90,0.0340,true,1,1997540
7290112349897,false,מסטיק קוביות מנטה,,,מסטיק קוביות מנטה,גרמים,86.00,100 גרם,false,,12.90,0.1500,true,1,2010379
7290112350312,false,קפסולות 15 למכונת נס,,,קפסולות 15 למכונת נס,גרמים,50.00,100 גרם,false,,16.50,0.3300,true,1,2033998
7290112350589,false,אבקה להכנת משקה ציקו,,,אבקה להכנת משקה ציקו,גרמים,65.00,100 גרם,false,,10.90,0.1677,true,1,2022917
7290112351067,false,סילאן לחיץ 630 גרם,,,סילאן לחיץ 630 גרם,גרמים,630.00,100 גרם,false,,22.90,0.0363,true,1,2010380
7290112351258,false,פינוקיות שחור לבן,,,פינוקיות שחור לבן,גרמים,200.00,100 גרם,false,,9.90,0.0495,true,1,2031390
7290112351463,false,שלישיית סוכריות פרש,,,שלישיית סוכריות פרש,גרמים,45.00,100 גרם,false,,7.90,0.1756,true,1,2019603
7290112351470,false,שלישיית סוכריות פרש,,,שלישיית סוכריות פרש,גרמים,45.00,100 גרם,false,,7.90,0.1756,true,1,2019604
7290112351524,false,עלי סלנובה 200 גרם ג,,,עלי סלנובה 200 גרם ג,גרמים,200.00,100 גרם,false,,12.90,0.0645,true,1,2022513
7290112354945,false,תפוצ'יפס 50 גרם טבעי,,,תפוצ'יפס 50 גרם טבעי,גרמים,50.00,100 גרם,false,,3.90,0.0780,true,1,2149132
7290112354952,false,תפוצ'יפס 50 גרם פפרי,,,תפוצ'יפס 50 גרם פפרי,גרמים,50.00,100 גרם,false,,3.90,0.0780,true,1,2149133
7290112354969,false,תפוצ'יפס 200 גרם טבע,,,תפוצ'יפס 200 גרם טבע,גרמים,200.00,100 גרם,false,,9.90,0.0495,true,1,2149139
7290112355102,false,גמדים פאוץ' סלט פירו,,,גמדים פאוץ' סלט פירו,גרמים,100.00,100 גרם,false,,5.50,0.0550,true,1,2048420
7290112355263,false,רוטב שמנת עם שוקולד,,,רוטב שמנת עם שוקולד,גרמים,265.00,100 גרם,false,,9.90,0.0374,true,1,2122177
7290112355386,false,רוטב שמנת בטעם קרמל,,,רוטב שמנת בטעם קרמל,גרמים,260.00,100 גרם,false,,9.90,0.0381,true,1,2122178
7290112355393,false,רוטב שמנת עם בטטה יט,,,רוטב שמנת עם בטטה יט,גרמים,257.00,100 גרם,false,,9.90,0.0385,true,1,2150323
7290112357045,false,עגבניות איטלקיות מרו,,,עגבניות איטלקיות מרו,גרמים,390.00,100 גרם,false,,6.90,0.0177,true,1,2013916
7290112357069,false,מחית עגבניות איטלקית,,,מחית עגבניות איטלקית,גרמים,500.00,100 גרם,false,,7.90,0.0158,true,1,2013917
7290112357083,false,אפונת גינה טעם הטבע,,,אפונת גינה טעם הטבע,גרמים,380.00,100 גרם,false,,6.90,0.0182,true,1,2013929
7290112357106,false,שעועית אדומה טעם הטב,,,שעועית אדומה טעם הטב,גרמים,380.00,100 גרם,false,,6.90,0.0182,true,1,2013918
7290112357113,false,גרגרי חומוס טעם הטבע,,,גרגרי חומוס טעם הטבע,גרמים,380.00,100 גרם,false,,6.90,0.0182,true,1,2013905
7290112357175,false,קפסולות BOOST למכונו,,,קפסולות BOOST למכונו,גרמים,50.00,100 גרם,false,,16.50,0.3300,true,1,2002976
7290112357892,false,שלישיית סוכריות פרש,,,שלישיית סוכריות פרש,גרמים,45.00,100 גרם,false,,7.90,0.1756,true,1,2019607
7290112358127,false,דנונה פרו  20 גרם עם,,,דנונה פרו  20 גרם עם,גרמים,200.00,100 גרם,false,,5.90,0.0295,true,1,2043340
7290112358219,false,רוטב צ'ילי מתוק 320,,,רוטב צ'ילי מתוק 320,גרמים,300.00,100 גרם,false,,12.90,0.0430,true,1,2022926
7290112358240,false,רוטב לעוף גריל,,,רוטב לעוף גריל,גרמים,300.00,100 גרם,false,,12.90,0.0430,true,1,2013907
7290112358554,false,מארז נמס לדרך,,,מארז נמס לדרך,גרמים,50.40,100 גרם,false,,11.90,0.2361,true,1,2033999
7290112359353,false,קפה אלדין  200 גרם,,,קפה אלדין  200 גרם,גרמים,200.00,100 גרם,false,,18.90,0.0945,true,1,2102468
7290112359384,false,קפה נמס אלפחורס ריבת,,,קפה נמס אלפחורס ריבת,גרמים,100.00,100 גרם,false,,14.90,0.1490,true,1,2039251
7290112359902,false,קפה פלטינום ברזיל 47,,,קפה פלטינום ברזיל 47,גרמים,47.00,100 גרם,false,,9.90,0.2106,true,1,2096674
7290112490032,false,נמס בכוס תירס זוגות,,,נמס בכוס תירס זוגות,גרמים,45.00,100 גרם,false,,6.50,0.1444,true,1,1754815
7290112490117,false,טבלאות קליק ווופל אג,,,טבלאות קליק ווופל אג,גרמים,85.00,100 גרם,false,,4.90,0.0576,true,1,1682429
7290112490209,false,נמס בכוס זוג עגבניות,,,נמס בכוס זוג עגבניות,גרמים,56.00,100 גרם,false,,6.50,0.1161,true,1,1744115
7290112490216,false,נמס בכוס זוג עוף עם,,,נמס בכוס זוג עוף עם,גרמים,48.00,100 גרם,false,,6.50,0.1354,true,1,1744116
7290112490230,false,נמס בכוס אפונה 100%ר,,,נמס בכוס אפונה 100%ר,גרמים,50.00,100 גרם,false,,6.50,0.1300,true,1,1744138
7290112490582,false,חרדל הלמנס דיז'ון,,,חרדל הלמנס דיז'ון,גרמים,350.00,100 גרם,false,,12.90,0.0369,true,1,1755613
7290112490650,false,קונפיטורת תות שדה 77,,,קונפיטורת תות שדה 77,גרמים,340.00,100 גרם,false,,12.90,0.0379,true,1,1736690
7290112490667,false,קונפיטורת משמש 778 3,,,קונפיטורת משמש 778 3,גרמים,340.00,100 גרם,false,,12.90,0.0379,true,1,1736681
7290112490674,false,קונפיטורת דובדבן 778,,,קונפיטורת דובדבן 778,גרמים,340.00,100 גרם,false,,12.90,0.0379,true,1,1736682
7290112490698,false,קונפיטורת תות שדה 77,,,קונפיטורת תות שדה 77,גרמים,260.00,100 גרם,false,,15.90,0.0612,true,1,1736692
7290112490728,false,מרק עשיר ר.טיבעיים י,,,מרק עשיר ר.טיבעיים י,גרמים,80.00,100 גרם,false,,9.90,0.1238,true,1,1799659
7290112490735,false,מרק עשיר ר.טיבעיים ע,,,מרק עשיר ר.טיבעיים ע,גרמים,80.00,100 גרם,false,,9.90,0.1238,true,1,1799660
7290112490742,false,מרק עשיר ר.טיבעיים ג,,,מרק עשיר ר.טיבעיים ג,גרמים,80.00,100 גרם,false,,9.90,0.1238,true,1,1799661
7290112490759,false,מרק עשיר ר.טיבעיים א,,,מרק עשיר ר.טיבעיים א,גרמים,80.00,100 גרם,false,,9.90,0.1238,true,1,1799662
7290112490896,false,רוטב צ'ילי חריף 370,,,רוטב צ'ילי חריף 370,מיליליטרים,370.00,"100 מ""ל",false,,12.90,0.0349,true,1,1813214
7290112491497,false,מרק פיטריות קנור 400,,,מרק פיטריות קנור 400,גרמים,400.00,100 גרם,false,,24.90,0.0622,true,1,2005293
7290112491695,false,קונפיטורת מישמש 778,,,קונפיטורת מישמש 778,גרמים,260.00,100 גרם,false,,15.90,0.0612,true,1,2017074
7290112491701,false,ברנפלקס אקסטרה פרוטא,,,ברנפלקס אקסטרה פרוטא,גרמים,375.00,100 גרם,false,,22.90,0.0611,true,1,1832373
7290112491787,false,בייגלה דקים דקים עם,,,בייגלה דקים דקים עם,גרמים,300.00,100 גרם,false,,9.90,0.0330,true,1,1825727
7290112491794,false,בייגלה דקים דקים 300,,,בייגלה דקים דקים 300,גרמים,300.00,100 גרם,false,,9.90,0.0330,true,1,1825732
7290112492449,false,שמפו פינוק רגיל,,,שמפו פינוק רגיל,מיליליטרים,700.00,"100 מ""ל",false,,11.90,0.0170,true,1,2013049
7290112492456,false,שמפו פינוק יבש,,,שמפו פינוק יבש,מיליליטרים,700.00,"100 מ""ל",false,,11.90,0.0170,true,1,2012944
7290112492463,false,שמפו פינוק 2 ב-1 רגי,,,שמפו פינוק 2 ב-1 רגי,מיליליטרים,700.00,"100 מ""ל",false,,11.90,0.0170,true,1,2013050
7290112492470,false,שמפו פינוק 2 ב-1 יבש,,,שמפו פינוק 2 ב-1 יבש,מיליליטרים,700.00,"100 מ""ל",false,,11.90,0.0170,true,1,2047055
7290112492500,false,שמפו פינוק שמן קוקוס,,,שמפו פינוק שמן קוקוס,מיליליטרים,700.00,"100 מ""ל",false,,11.90,0.0170,true,1,2013051
7290112492531,false,מרכך פינוק רגיל,,,מרכך פינוק רגיל,מיליליטרים,700.00,"100 מ""ל",false,,11.90,0.0170,true,1,1994193
7290112492548,false,מרכך פינוק יבש,,,מרכך פינוק יבש,מיליליטרים,700.00,"100 מ""ל",false,,11.90,0.0170,true,1,1994194
7290112492579,false,מרכך פינוק שמן קוקוס,,,מרכך פינוק שמן קוקוס,מיליליטרים,700.00,"100 מ""ל",false,,11.90,0.0170,true,1,1994197
7290112492593,false,תחליב רחצה פינוק קלא,,,תחליב רחצה פינוק קלא,מיליליטרים,700.00,"100 מ""ל",false,,10.90,0.0156,true,1,1994198
7290112492609,false,תחליב רחצה פינוק לבנ,,,תחליב רחצה פינוק לבנ,מיליליטרים,700.00,"100 מ""ל",false,,10.90,0.0156,true,1,1994199
7290112492647,false,שמפו פינוק 3 ב-1 לגב,,,שמפו פינוק 3 ב-1 לגב,מיליליטרים,700.00,"100 מ""ל",false,,11.90,0.0170,true,1,1994203
7290112492715,false,שמפו פינוק לילדים,,,שמפו פינוק לילדים,מיליליטרים,700.00,"100 מ""ל",false,,13.90,0.0199,true,1,2015446
7290112492722,false,שמפו ומרכך פינוק ילד,,,שמפו ומרכך פינוק ילד,מיליליטרים,700.00,"100 מ""ל",false,,13.90,0.0199,true,1,2015447
7290112492746,false,מרכך פינוק ילדים,,,מרכך פינוק ילדים,מיליליטרים,700.00,"100 מ""ל",false,,13.90,0.0199,true,1,2015448
7290112492753,false,אל סבון פינוק ילדים,,,אל סבון פינוק ילדים,מיליליטרים,700.00,"100 מ""ל",false,,13.90,0.0199,true,1,2015449
7290112492944,false,מרק עוף אמיתי בשרי ק,,,מרק עוף אמיתי בשרי ק,גרמים,400.00,100 גרם,false,,19.90,0.0497,true,1,2005294
7290112492982,false,מרק פיטריות 400 גר ר,,,מרק פיטריות 400 גר ר,גרמים,400.00,100 גרם,false,,24.90,0.0622,true,1,1993665
7290112492999,false,קנור מרק טעם עוף 400,,,קנור מרק טעם עוף 400,גרמים,400.00,100 גרם,false,,14.90,0.0373,true,1,1993255
7290112493064,false,רוטב לבישול שזיפים ל,,,רוטב לבישול שזיפים ל,גרמים,320.00,100 גרם,false,,12.90,0.0403,true,1,2008222
7290112493088,false,נמס בכוס זוג עדשים 1,,,נמס בכוס זוג עדשים 1,גרמים,54.00,100 גרם,false,,6.50,0.1204,true,1,1964618
7290112493095,false,נמס בכוס זוג עגבניות,,,נמס בכוס זוג עגבניות,גרמים,48.00,100 גרם,false,,6.50,0.1354,true,1,1964619
7290112493293,false,נמס בכוס זוג ירקות 1,,,נמס בכוס זוג ירקות 1,גרמים,44.00,100 גרם,false,,6.50,0.1477,true,1,1964620
7290112493316,false,מרק אפונה 100% רכיבי,,,מרק אפונה 100% רכיבי,גרמים,117.00,100 גרם,false,,9.90,0.0846,true,1,1964621
7290112494153,false,תיבולית קנור צלי 72,,,תיבולית קנור צלי 72,גרמים,72.00,100 גרם,false,,9.90,0.1375,true,1,1990370
7290112494221,false,קליק בסקוויט 65 גרם.,,,קליק בסקוויט 65 גרם.,גרמים,65.00,100 גרם,false,,5.90,0.0908,true,1,1990856
7290112494238,false,חטיף שוקולד קליק כדו,,,חטיף שוקולד קליק כדו,גרמים,65.00,100 גרם,false,,5.90,0.0908,true,1,1990857
7290112494283,false,קליק חום לבן 65 גרם.,,,קליק חום לבן 65 גרם.,גרמים,65.00,100 גרם,false,,5.90,0.0908,true,1,1990860
7290112494313,false,קליק קורנפלקס 65 גרם,,,קליק קורנפלקס 65 גרם,גרמים,65.00,100 גרם,false,,5.90,0.0908,true,1,1990862
7290112494344,false,קורנפלקס אלופים.ות 8,,,קורנפלקס אלופים.ות 8,גרמים,850.00,100 גרם,false,,19.90,0.0234,true,1,2008147
7290112494382,false,קנור פירה בטעם ביתי,,,קנור פירה בטעם ביתי,גרמים,260.00,100 גרם,false,,12.90,0.0496,true,1,1990081
7290112494610,false,רוטב קנור פיקנטי לדג,,,רוטב קנור פיקנטי לדג,גרמים,415.00,100 גרם,false,,12.90,0.0311,true,1,1990371
7290112494795,false,ג'ל כביסה לבנה וצבעו,,,ג'ל כביסה לבנה וצבעו,ליטרים,2.50,ליטר,false,,32.90,13.1600,true,1,1998794
7290112495006,false,"כריות נוגט בד""צ 686",,,"כריות נוגט בד""צ 686",גרמים,686.00,100 גרם,false,,24.90,0.0363,true,1,1990846
7290112495037,false,קוקומן כדורים 375 בד,,,קוקומן כדורים 375 בד,גרמים,375.00,100 גרם,false,,19.90,0.0531,true,1,1990849
7290112495044,false,"קוקומן פצפוצים בד""צ",,,"קוקומן פצפוצים בד""צ",גרמים,375.00,100 גרם,false,,19.90,0.0531,true,1,1990863
7290112495105,false,"נשנושים תפ""וא בצל 26",,,"נשנושים תפ""וא בצל 26",גרמים,260.00,100 גרם,false,,12.90,0.0496,true,1,1990864
7290112495112,false,נשנושים זעתר 260 גרם,,,נשנושים זעתר 260 גרם,גרמים,260.00,100 גרם,false,,12.90,0.0496,true,1,1990865
7290112495174,false,נשנושים 300 גרם קוקט,,,נשנושים 300 גרם קוקט,גרמים,300.00,100 גרם,false,,12.90,0.0430,true,1,1990870
7290112495228,false,"קורנפלקס דבש בד""צ 44",,,"קורנפלקס דבש בד""צ 44",גרמים,448.00,100 גרם,false,,19.90,0.0444,true,1,1990871
7290112495280,false,ריבועי ברנפלקס קינמו,,,ריבועי ברנפלקס קינמו,גרמים,400.00,100 גרם,false,,22.90,0.0572,true,1,2003148
7290112495433,false,קורנפלקס דליפקאן 400,,,קורנפלקס דליפקאן 400,גרמים,400.00,100 גרם,false,,19.90,0.0497,true,1,1983507
7290112495556,false,חטיף קליק ממולא נוגט,,,חטיף קליק ממולא נוגט,גרמים,105.00,100 גרם,false,,11.90,0.1133,true,1,2032731
7290112495594,false,בייגלה גדול גדול ללא,,,בייגלה גדול גדול ללא,גרמים,400.00,100 גרם,false,,12.90,0.0323,true,1,1993667
7290112495662,false,קרקר חיטה מלאה עם פש,,,קרקר חיטה מלאה עם פש,גרמים,300.00,100 גרם,false,,8.90,0.0297,true,1,2036254
7290112495747,false,קנור רוטב צ'ילי מתוק,,,קנור רוטב צ'ילי מתוק,גרמים,340.00,100 גרם,false,,12.90,0.0379,true,1,2005258
7290112495754,false,רוטב לסלט הלמנס אלף,,,רוטב לסלט הלמנס אלף,גרמים,305.00,100 גרם,false,,12.90,0.0423,true,1,2005267
7290112495785,false,רוטב הלמנס שום,,,רוטב הלמנס שום,גרמים,300.00,100 גרם,false,,12.90,0.0430,true,1,1998218
7290112495808,false,רוטב לסלט הלמנס חרדל,,,רוטב לסלט הלמנס חרדל,גרמים,305.00,100 גרם,false,,12.90,0.0423,true,1,2005298
7290112495822,false,כריות בלאק 686 גרם.,,,כריות בלאק 686 גרם.,גרמים,686.00,100 גרם,false,,24.90,0.0363,true,1,1994224
7290112495938,false,קרקר 6 דגנים,,,קרקר 6 דגנים,גרמים,250.00,100 גרם,false,,8.90,0.0356,true,1,2036257
7290112496027,false,סירופ שוקולד 580 גרם,,,סירופ שוקולד 580 גרם,גרמים,580.00,100 גרם,false,,14.90,0.0257,true,1,2005487
7290112496034,false,סירופ מייפל 580 גרם,,,סירופ מייפל 580 גרם,גרמים,580.00,100 גרם,false,,14.90,0.0257,true,1,2005488
7290112496218,false,רוטב טריאקי קנור 340,,,רוטב טריאקי קנור 340,גרמים,340.00,100 גרם,false,,12.90,0.0379,true,1,2011170
7290112496287,false,פתית צ'יפס בטטה בטעם,,,פתית צ'יפס בטטה בטעם,גרמים,22.00,100 גרם,false,,4.90,0.2227,true,1,2024806
7290112496294,false,פתית צ'יפס אפונה בתו,,,פתית צ'יפס אפונה בתו,גרמים,22.00,100 גרם,false,,4.90,0.2227,true,1,2024807
7290112496331,false,קורנפלקס בננה 448 גר,,,קורנפלקס בננה 448 גר,גרמים,448.00,100 גרם,false,,19.90,0.0444,true,1,2066265
7290112496430,false,מרק נמס בכוס אקסטרא,,,מרק נמס בכוס אקסטרא,גרמים,37.00,100 גרם,false,,3.90,0.1054,true,1,2047048
7290112496447,false,מרק נמס בכוס אקסטרא,,,מרק נמס בכוס אקסטרא,גרמים,27.00,100 גרם,false,,3.90,0.1444,true,1,2047042
7290112496461,false,מרק ירקות עם המון אט,,,מרק ירקות עם המון אט,גרמים,32.00,100 גרם,false,,3.90,0.1219,true,1,2044027
7290112497000,false,פנטסטיק 1 ליטר,,,פנטסטיק 1 ליטר,ליטרים,1.00,ליטר,false,,12.90,12.9000,true,1,2010625
7290112497123,false,סחלב 112 גרם קנור,,,סחלב 112 גרם קנור,גרמים,112.00,100 גרם,false,,12.90,0.1152,true,1,2040886
7290112497369,false,דאב רולאון טלק,,,דאב רולאון טלק,מיליליטרים,50.00,"100 מ""ל",false,,17.90,0.3580,true,1,2043260
7290112497710,false,שמפו אל דמע בייבי פי,,,שמפו אל דמע בייבי פי,מיליליטרים,700.00,"100 מ""ל",false,,14.90,0.0213,true,1,2141947
7290112497727,false,אל סבון בייבי פינוק,,,אל סבון בייבי פינוק,מיליליטרים,700.00,"100 מ""ל",false,,14.90,0.0213,true,1,2141954
7290112497864,false,מרק בטעם עוף רכיבים,,,מרק בטעם עוף רכיבים,גרמים,400.00,100 גרם,false,,24.90,0.0622,true,1,2044029
7290112497932,false,נישנושים חטיף בטעם ש,,,נישנושים חטיף בטעם ש,גרמים,60.00,100 גרם,false,,3.90,0.0650,true,1,2044031
7290112497994,false,גרנולה פרוטאין בתוספ,,,גרנולה פרוטאין בתוספ,גרמים,300.00,100 גרם,false,,15.90,0.0530,true,1,2059177
7290112498007,false,גרנולה פרוטאין בתוספ,,,גרנולה פרוטאין בתוספ,גרמים,300.00,100 גרם,false,,15.90,0.0530,true,1,2067776
7290112498052,false,מארז פתית צ'יפס בטטה,,,מארז פתית צ'יפס בטטה,גרמים,84.00,100 גרם,false,,16.90,0.2012,true,1,2066267
7290112498274,false,סבון ידיים פינוק לבנ,,,סבון ידיים פינוק לבנ,מיליליטרים,950.00,"100 מ""ל",false,,12.90,0.0136,true,1,2076412
7290112498281,false,סבון ידיים פינוק שמן,,,סבון ידיים פינוק שמן,מיליליטרים,950.00,"100 מ""ל",false,,12.90,0.0136,true,1,2076413
7290112498298,false,סבון ידיים פינוק שמן,,,סבון ידיים פינוק שמן,מיליליטרים,950.00,"100 מ""ל",false,,12.90,0.0136,true,1,2076419
7290112498441,false,רוטב אסייאתי למוקפץ,,,רוטב אסייאתי למוקפץ,מיליליטרים,370.00,"100 מ""ל",false,,12.90,0.0349,true,1,2059189
7290112498526,false,פתית צ'יפס עם בטטה ס,,,פתית צ'יפס עם בטטה ס,גרמים,22.00,100 גרם,false,,4.90,0.2227,true,1,2073898
7290112498915,false,מאגדת גלידה מיני מגנ,,,מאגדת גלידה מיני מגנ,גרמים,250.00,100 גרם,false,,29.90,0.1196,true,1,2069465
7290112498922,false,מאגדת גלידה מיני מגנ,,,מאגדת גלידה מיני מגנ,גרמים,250.00,100 גרם,false,,29.90,0.1196,true,1,2069466
7290112499189,false,גלידה קרמיסימו 1.33,,,גלידה קרמיסימו 1.33,ליטרים,1.33,ליטר,false,,19.90,14.9624,true,1,2130308
7290112499196,false,גלידה קרמיסימו 1.33,,,גלידה קרמיסימו 1.33,ליטרים,1.33,ליטר,false,,19.90,14.9624,true,1,2130309
7290112499448,false,מרכך פינוק שמן מרוקא,,,מרכך פינוק שמן מרוקא,מיליליטרים,700.00,"100 מ""ל",false,,11.90,0.0170,true,1,2066250
7290112499455,false,תחליב רחצה פינוק שמן,,,תחליב רחצה פינוק שמן,מיליליטרים,700.00,"100 מ""ל",false,,10.90,0.0156,true,1,2066251
7290112499462,false,תחליב רחצה פינוק שמן,,,תחליב רחצה פינוק שמן,מיליליטרים,700.00,"100 מ""ל",false,,10.90,0.0156,true,1,2066252
7290112499479,false,שמפו פינוק קרטין,,,שמפו פינוק קרטין,מיליליטרים,700.00,"100 מ""ל",false,,11.90,0.0170,true,1,2046378
7290112499509,false,דאודורנט ספריי רקסונ,,,דאודורנט ספריי רקסונ,מיליליטרים,150.00,"100 מ""ל",false,,13.90,0.0927,true,1,2132525
7290112499943,false,מאגדת גלידה מיני מגנ,,,מאגדת גלידה מיני מגנ,גרמים,250.00,100 גרם,false,,29.90,0.1196,true,1,1995110
7290112635921,false,כסא קלאב 2  לבן,,,כסא קלאב 2  לבן,יחידה,0.00,יחידה,false,,49.90,0.0000,true,1,2073715
7290112960542,false,לחם מחמצת זתי קלמטה,,,לחם מחמצת זתי קלמטה,יחידה,0.00,יחידה,false,,16.90,0.0000,true,1,1777042
7290112960580,false,לחם מחמצת כוסמין (בר,,,לחם מחמצת כוסמין (בר,יחידה,0.00,יחידה,false,,16.90,0.0000,true,1,1777044
7290112960603,false,לחם מחמצת אגוזים צימ,,,לחם מחמצת אגוזים צימ,יחידה,0.00,יחידה,false,,16.90,0.0000,true,1,1777045
7290112961266,false,בייגלה שטוחים כפיות,,,בייגלה שטוחים כפיות,גרמים,300.00,100 גרם,false,,10.90,0.0363,true,1,1911698
7290112961372,false,פירכיות דקות פיטנס ק,,,פירכיות דקות פיטנס ק,גרמים,60.00,100 גרם,false,,7.90,0.1317,true,1,1837936
7290112961440,false,פיטנס בר פריכיות שוק,,,פיטנס בר פריכיות שוק,גרמים,72.00,100 גרם,false,,11.90,0.1653,true,1,2017050
7290112961464,false,פירכיות דקות פיטנס מ,,,פירכיות דקות פיטנס מ,גרמים,60.00,100 גרם,false,,7.90,0.1317,true,1,1837937
7290112961754,false,עוגיות שוקוצ'יפס קרם,,,עוגיות שוקוצ'יפס קרם,גרמים,220.00,100 גרם,false,,10.90,0.0495,true,1,1860437
7290112962287,false,שוארמה טבעונית טבעול,עיצובים 2020 (4.8),,שוארמה טבעונית טבעול,גרמים,450.00,100 גרם,false,,29.90,0.0664,true,1,1998571
7290112962737,false,טבעול שניצל מן הצומח,עיצובים 2020 (4.8),,טבעול שניצל מן הצומח,גרמים,664.00,100 גרם,false,,29.90,0.0450,true,1,2002446
7290112963918,false,חטיפי קרקר דק רוזמרי,,,חטיפי קרקר דק רוזמרי,גרמים,140.00,100 גרם,false,,10.90,0.0779,true,1,1968979
7290112964410,false,רוטב אלף האיים לסלט,,,רוטב אלף האיים לסלט,מיליליטרים,290.00,"100 מ""ל",false,,10.90,0.0376,true,1,1982010
7290112964434,false,רוטב לסלט קיסר 295 מ,,,רוטב לסלט קיסר 295 מ,מיליליטרים,295.00,"100 מ""ל",false,,10.90,0.0369,true,1,1968981
7290112964472,false,"רוטב שום לסלט 290 מ""",,,"רוטב שום לסלט 290 מ""",מיליליטרים,290.00,"100 מ""ל",false,,10.90,0.0376,true,1,1968983
7290112964564,false,רוטב אלף האיים לייט,,,רוטב אלף האיים לייט,מיליליטרים,295.00,"100 מ""ל",false,,10.90,0.0369,true,1,1990709
7290112964601,false,רוטב בנוסח סצואן 290,,,רוטב בנוסח סצואן 290,מיליליטרים,290.00,"100 מ""ל",false,,14.90,0.0514,true,1,1932122
7290112964625,false,רוטב שום לייט 5% שומ,,,רוטב שום לייט 5% שומ,מיליליטרים,310.00,"100 מ""ל",false,,10.90,0.0352,true,1,1968984
7290112964687,false,לחם מחמצת דגנים (ברק,,,לחם מחמצת דגנים (ברק,יחידה,0.00,יחידה,false,,16.90,0.0000,true,1,1911711
7290112964724,false,טבעול המבורגר טבעוני,עיצובים 2020 (4.8),,טבעול המבורגר טבעוני,גרמים,580.00,100 גרם,false,,29.90,0.0516,true,1,1982013
7290112965103,false,תבשיל קוסקוס עם ירקו,,,תבשיל קוסקוס עם ירקו,גרמים,146.00,100 גרם,false,,9.90,0.0678,true,1,1994285
7290112965165,false,זוג מרק נמס פטריות,,,זוג מרק נמס פטריות,גרמים,48.00,100 גרם,false,,5.50,0.1146,true,1,1982014
7290112965240,false,זוג מרק נמס עגבניות,,,זוג מרק נמס עגבניות,גרמים,44.00,100 גרם,false,,5.50,0.1250,true,1,1982017
7290112965264,false,זוג מרק נמס אפונה רכ,,,זוג מרק נמס אפונה רכ,גרמים,30.00,100 גרם,false,,5.50,0.1833,true,1,1982018
7290112965288,false,זוג מרק נמס ירקות,,,זוג מרק נמס ירקות,גרמים,30.00,100 גרם,false,,5.50,0.1833,true,1,1982019
7290112965301,false,זוג מרק נמס טעם עוף.,,,זוג מרק נמס טעם עוף.,גרמים,52.00,100 גרם,false,,5.50,0.1058,true,1,1982020
7290112965585,false,פסטה פרפקטו קסרצה 50,,,פסטה פרפקטו קסרצה 50,גרמים,500.00,100 גרם,false,,6.90,0.0138,true,1,1982021
7290112965660,false,חטיף פיטנס מלח פלפל,,,חטיף פיטנס מלח פלפל,גרמים,25.00,100 גרם,false,,4.90,0.1960,true,1,2042162
7290112965684,false,חטיף פיטנס עשבי תיבו,,,חטיף פיטנס עשבי תיבו,גרמים,25.00,100 גרם,false,,4.90,0.1960,true,1,2042163
7290112965707,false,חטיף פיטנס צ'ילי מעו,,,חטיף פיטנס צ'ילי מעו,גרמים,25.00,100 גרם,false,,4.90,0.1960,true,1,2042169
7290112965868,false,קרם קרקר במליחות מוע,,,קרם קרקר במליחות מוע,גרמים,250.00,100 גרם,false,,9.90,0.0396,true,1,1994255
7290112965905,false,בייגלה שמיניות במליח,,,בייגלה שמיניות במליח,גרמים,400.00,100 גרם,false,,9.90,0.0248,true,1,1990531
7290112965967,false,טבעול נאגטס ירקות כת,עיצובים 2020 (4.8),,טבעול נאגטס ירקות כת,גרמים,500.00,100 גרם,false,,29.90,0.0598,true,1,2011676
7290112965981,false,טבעול גורמה ארוחת דג,עיצובים 2020 (4.8),,טבעול גורמה ארוחת דג,גרמים,450.00,100 גרם,false,,32.90,0.0731,true,1,2110869
7290112966001,false,טבעול גורמה ארוחת יר,עיצובים 2020 (4.8),,טבעול גורמה ארוחת יר,גרמים,450.00,100 גרם,false,,32.90,0.0731,true,1,2110870
7290112966094,false,עוגת הבית תפוז מופחת,,,עוגת הבית תפוז מופחת,גרמים,400.00,100 גרם,false,,12.90,0.0323,true,1,1994270
7290112966247,false,לחמית כוסמין,,,לחמית כוסמין,גרמים,200.00,100 גרם,false,,9.90,0.0495,true,1,2017052
7290112966766,false,טחינה בלאדי חציל עגב,,,טחינה בלאדי חציל עגב,גרמים,350.00,100 גרם,false,,13.90,0.0397,true,1,1987394
7290112966803,false,אינסטנט פודינג בטעם,,,אינסטנט פודינג בטעם,גרמים,88.00,100 גרם,false,,5.50,0.0625,true,1,1994188
7290112966841,false,אינסטנט פודינג בטעם,,,אינסטנט פודינג בטעם,גרמים,90.00,100 גרם,false,,5.50,0.0611,true,1,1994189
7290112967114,false,חטיפי פירכיות קטניות,,,חטיפי פירכיות קטניות,גרמים,60.00,100 גרם,false,,7.90,0.1317,true,1,2017053
7290112967381,false,חטיפי פירכיות קטניות,,,חטיפי פירכיות קטניות,גרמים,60.00,100 גרם,false,,7.90,0.1317,true,1,2017054
7290112967572,false,"רוטב ברבקיו 335 מ""ל",,,"רוטב ברבקיו 335 מ""ל",מיליליטרים,335.00,"100 מ""ל",false,,10.90,0.0325,true,1,1994190
7290112967848,false,ג'לי תות שדה מופחת ס,,,ג'לי תות שדה מופחת ס,גרמים,68.00,100 גרם,false,,5.90,0.0868,true,1,1994191
7290112968340,false,חומוס גרוס צבר 400 ג,,,חומוס גרוס צבר 400 ג,גרמים,400.00,100 גרם,false,,11.90,0.0298,true,1,1998583
7290112968449,false,סלט כרוב אדום 250 גר,,,סלט כרוב אדום 250 גר,גרמים,250.00,100 גרם,false,,8.90,0.0356,true,1,1998598
7290112968807,false,חטיפי קרקר דק סלק פי,,,חטיפי קרקר דק סלק פי,גרמים,140.00,100 גרם,false,,10.90,0.0779,true,1,2035990
7290112968821,false,חטיפי קרקר דק בטטה פ,,,חטיפי קרקר דק בטטה פ,גרמים,140.00,100 גרם,false,,10.90,0.0779,true,1,2035991
7290113190757,false,חלבה תלתלים בטעם וני,,,חלבה תלתלים בטעם וני,גרמים,350.00,100 גרם,false,,13.90,0.0397,true,1,2137775
7290113191938,false,"סירופ רוזטה 750 מ""ל",דין שיווק,,"סירופ רוזטה 750 מ""ל",מיליליטרים,750.00,"100 מ""ל",false,,16.90,0.0225,true,1,2005704
7290113192072,false,בוטנים מצופים בטעם צ,דין שיווק,,בוטנים מצופים בטעם צ,גרמים,100.00,100 גרם,false,,7.90,0.0790,true,1,2062601
7290113192201,false,תערובת להכנת סחלב,דין שיווק,,תערובת להכנת סחלב,גרמים,500.00,100 גרם,false,,14.90,0.0298,true,1,2005713
7290113192218,false,תערובת להכנת מלבי,דין שיווק,,תערובת להכנת מלבי,גרמים,500.00,100 גרם,false,,14.90,0.0298,true,1,2005714
7290113192300,false,זית חרוזית שחור,,,זית חרוזית שחור,גרמים,275.00,100 גרם,false,,9.90,0.0360,true,1,1994932
7290113192317,false,טבעות זיתים,,,טבעות זיתים,גרמים,280.00,100 גרם,false,,10.90,0.0389,true,1,1994933
7290113192324,false,זית ירוק,,,זית ירוק,גרמים,560.00,100 גרם,false,,7.90,0.0141,true,1,1994934
7290113192331,false,זית ירוק גדול,,,זית ירוק גדול,גרמים,560.00,100 גרם,false,,9.90,0.0177,true,1,1994935
7290113192348,false,זיתים גודל 17-19 טעם,,,זיתים גודל 17-19 טעם,גרמים,560.00,100 גרם,false,,6.90,0.0123,true,1,1994936
7290113192355,false,זית חרוזית ירוק,,,זית חרוזית ירוק,גרמים,560.00,100 גרם,false,,9.90,0.0177,true,1,1994937
7290113192362,false,טבעות זיתים,,,טבעות זיתים,גרמים,560.00,100 גרם,false,,9.90,0.0177,true,1,1994989
7290113192379,false,זיתים מבוקעים,,,זיתים מבוקעים,גרמים,560.00,100 גרם,false,,10.90,0.0195,true,1,1994990
7290113192386,false,זית סורי מבוקע,,,זית סורי מבוקע,גרמים,560.00,100 גרם,false,,9.90,0.0177,true,1,1994991
7290113192393,false,קוקטייל זיתים,,,קוקטייל זיתים,גרמים,560.00,100 גרם,false,,10.90,0.0195,true,1,1994992
7290113192478,false,מלפפון במלח 10-12,,,מלפפון במלח 10-12,גרמים,560.00,100 גרם,false,,7.50,0.0134,true,1,1994999
7290113192485,false,מלפפון בחומץ 10-12,,,מלפפון בחומץ 10-12,גרמים,560.00,100 גרם,false,,7.50,0.0134,true,1,1995000
7290113192492,false,מלפפון בחומץ 13-17,,,מלפפון בחומץ 13-17,גרמים,560.00,100 גרם,false,,9.90,0.0177,true,1,1995001
7290113192508,false,מלפפון במלח 13-17,,,מלפפון במלח 13-17,גרמים,560.00,100 גרם,false,,9.90,0.0177,true,1,1995002
7290113192515,false,מלפפון במלח 18-25,,,מלפפון במלח 18-25,גרמים,560.00,100 גרם,false,,10.90,0.0195,true,1,1995003
7290113192522,false,מלפפון בחומץ 18-25,,,מלפפון בחומץ 18-25,גרמים,560.00,100 גרם,false,,10.90,0.0195,true,1,1995004
7290113192539,false,מלפפון במלח 7-9,,,מלפפון במלח 7-9,גרמים,560.00,100 גרם,false,,6.50,0.0116,true,1,1995010
7290113192546,false,מלפפון בחומץ 7-9,,,מלפפון בחומץ 7-9,גרמים,560.00,100 גרם,false,,6.50,0.0116,true,1,1995011
7290113192560,false,פלפל חריף שפקה,,,פלפל חריף שפקה,גרמים,560.00,100 גרם,false,,4.90,0.0088,true,1,2020162
7290113192577,false,כרוב כבוש,,,כרוב כבוש,גרמים,560.00,100 גרם,false,,7.90,0.0141,true,1,1995013
7290113192881,false,טורטיה חיטה מופחתת ק,דין שיווק,,טורטיה חיטה מופחתת ק,גרמים,270.00,100 גרם,false,,10.90,0.0404,true,1,2005707
7290113193000,false,שיפקונית,,,שיפקונית,גרמים,560.00,100 גרם,false,,10.90,0.0195,true,1,2009783
7290113193017,false,זית חרוזית קוקטיל,,,זית חרוזית קוקטיל,גרמים,560.00,100 גרם,false,,11.90,0.0213,true,1,2010902
7290113193031,false,זית חרוזית קלמטה,בית השיטה,IL,בית השיטה חרוזית  זיתים י,גרמים,560.00,100 גרם,false,,11.90,0.0213,true,1,2008390
7290113193321,false,שמן זית כתית מעולה,,,שמן זית כתית מעולה,מיליליטרים,750.00,"100 מ""ל",false,,29.90,0.0399,true,1,2018459
7290113193369,false,תרסיס שמן קנולה מזוכ,,,תרסיס שמן קנולה מזוכ,מיליליטרים,150.00,"100 מ""ל",false,,16.90,0.1127,true,1,2049682
7290113193406,false,קוקטיל טבעות זיתים,,,קוקטיל טבעות זיתים,גרמים,560.00,100 גרם,false,,11.90,0.0213,true,1,2010903
7290113193888,false,חצילים מוחמצים,,,חצילים מוחמצים,גרמים,560.00,100 גרם,false,,6.90,0.0123,true,1,2043309
7290113194090,false,טבעות זיתים קלמטה,,,טבעות זיתים קלמטה,גרמים,560.00,100 גרם,false,,10.90,0.0195,true,1,2034364
7290113194632,false,ממרח שקדים 500 גרם,דין שיווק,,ממרח שקדים 500 גרם,גרמים,500.00,100 גרם,false,,49.90,0.0998,true,1,2031667
7290113194649,false,מלפפונים במלח קוביות,,,מלפפונים במלח קוביות,גרמים,560.00,100 גרם,false,,8.90,0.0159,true,1,2041756
7290113195066,false,חלבה טורקית בטעם וני,,,חלבה טורקית בטעם וני,גרמים,400.00,100 גרם,false,,11.90,0.0298,true,1,2115205
7290113195073,false,חלבה טורקית עם פיסטו,,,חלבה טורקית עם פיסטו,גרמים,400.00,100 גרם,false,,13.90,0.0348,true,1,2115206
7290113195264,false,ממרח פלפלים קלויים 3,דין שיווק,,ממרח פלפלים קלויים 3,גרמים,360.00,100 גרם,false,,9.90,0.0275,true,1,2062606
7290113195271,false,ממרח פלפלים פיקנטיים,דין שיווק,,ממרח פלפלים פיקנטיים,גרמים,360.00,100 גרם,false,,9.90,0.0275,true,1,2062607
7290113195363,false,שמן חמניות מזוכך בית,,,שמן חמניות מזוכך בית,ליטרים,1.00,ליטר,false,,13.90,13.9000,true,1,2079362
7290113196414,false,"אורז בסמטי 1 ק""ג שקד",דין שיווק,,"אורז בסמטי 1 ק""ג שקד",קילוגרמים,1.00,"ק""ג",false,,9.90,9.9000,true,1,2093282
7290113196490,false,פריכיות כוסמת צ'יה 1,דין שיווק,,פריכיות כוסמת צ'יה 1,גרמים,150.00,100 גרם,false,,10.90,0.0727,true,1,2084007
7290113196506,false,פריכיות כוסמת 150 גר,דין שיווק,,פריכיות כוסמת 150 גר,גרמים,150.00,100 גרם,false,,10.90,0.0727,true,1,2084008
7290113196513,false,פריכיות כוסמת שקדים,דין שיווק,,פריכיות כוסמת שקדים,גרמים,150.00,100 גרם,false,,10.90,0.0727,true,1,2084009
7290113196520,false,פריכיות כוסמין 150 ג,דין שיווק,,פריכיות כוסמין 150 ג,גרמים,150.00,100 גרם,false,,10.90,0.0727,true,1,2084010
7290113197169,false,חמאת בוטנים טבעית 51,,,חמאת בוטנים טבעית 51,גרמים,510.00,100 גרם,false,,15.90,0.0312,true,1,2135400
7290113197800,false,פלפל קלוי בית השיטה,,,פלפל קלוי בית השיטה,גרמים,400.00,100 גרם,false,,11.90,0.0298,true,1,2117518
7290113197824,false,לבבות דקל בית השיטה,,,לבבות דקל בית השיטה,גרמים,400.00,100 גרם,false,,9.90,0.0248,true,1,2134884
7290113197855,false,תירס גמדי בית השיטה,,,תירס גמדי בית השיטה,גרמים,425.00,100 גרם,false,,9.90,0.0233,true,1,2134885
7290113197923,false,טונה בשמן קנולה *4 ב,,,טונה בשמן קנולה *4 ב,גרמים,560.00,100 גרם,false,,24.90,0.0445,true,1,2134891
7290113198616,false,ברנפלקס דגנים מחיטה,,,ברנפלקס דגנים מחיטה,גרמים,500.00,100 גרם,false,,14.90,0.0298,true,1,2137769
7290113199323,false,טורטיה מיני 150 גרם,,,טורטיה מיני 150 גרם,גרמים,150.00,100 גרם,false,,4.90,0.0327,true,1,2135379
7290113272972,false,פילה נסיכת הנילוס 50,,,פילה נסיכת הנילוס 50,קילוגרמים,1.00,"ק""ג",true,,49.90,49.9000,true,1,2105824
7290113310155,false,טופר אקרילי לעוגה- 1,,,טופר אקרילי לעוגה- 1,יחידה,0.00,יחידה,false,,9.90,0.0000,true,1,1837986
7290113312647,false,באנר לתליה- HB גליטר,,,באנר לתליה- HB גליטר,יחידה,0.00,יחידה,false,,12.90,0.0000,true,1,1838028
7290113560055,false,פרודונטקס מי פה טיפו,,,פרודונטקס מי פה טיפו,מיליליטרים,500.00,"100 מ""ל",false,,29.90,0.0598,true,1,2025071
7290113560062,false,סנסודיין משאבה לבנה,,,סנסודיין משאבה לבנה,מיליליטרים,100.00,"100 מ""ל",false,,24.90,0.2490,true,1,2024551
7290113560109,false,משחת שיניים פרודונטק,,,משחת שיניים פרודונטק,מיליליטרים,75.00,"100 מ""ל",false,,29.90,0.3987,true,1,2042555
7290113887527,false,"קוויאר 1 ק""ג   פיטר",,,"קוויאר 1 ק""ג   פיטר",קילוגרמים,1.00,"ק""ג",false,,399.00,399.0000,true,1,2107810
7290114310215,false,"שמנת מתוקה 250 מ""ל 3",,,"שמנת מתוקה 250 מ""ל 3",מיליליטרים,250.00,"100 מ""ל",false,,6.40,0.0256,true,1,2044085
7290114310338,false,צפתית מעודנת 5% גביע,,,צפתית מעודנת 5% גביע,גרמים,225.00,100 גרם,false,,16.90,0.0751,true,1,2044079
7290114310345,false,מעדן חלב תות 125 גרם,,,מעדן חלב תות 125 גרם,גרמים,125.00,100 גרם,false,,2.60,0.0208,true,1,2035574
7290114310536,false,יוגורט מולר אקטיב לי,,,יוגורט מולר אקטיב לי,גרמים,200.00,100 גרם,false,,5.80,0.0290,true,1,2049814
7290114310567,false,לאבנה עזים 5% משק צו,,,לאבנה עזים 5% משק צו,גרמים,200.00,100 גרם,false,,10.90,0.0545,true,1,2068046
7290114310611,false,משקה חלב בננה טרה מו,,,משקה חלב בננה טרה מו,מיליליטרים,250.00,"100 מ""ל",false,,5.20,0.0208,true,1,2066228
7290114310895,false,מאגדת 8 יוגורט מולר,,,מאגדת 8 יוגורט מולר,גרמים,1200.00,100 גרם,false,,29.90,0.0249,true,1,2094669
7290114310963,false,יוגורט מחלב עזים מלא,,,יוגורט מחלב עזים מלא,מיליליטרים,500.00,"100 מ""ל",false,,12.90,0.0258,true,1,2097257
7290114311014,false,שוקו טרה מועשר בבקבו,,,שוקו טרה מועשר בבקבו,מיליליטרים,250.00,"100 מ""ל",false,,5.20,0.0208,true,1,2121276
7290114311021,false,שוקו טרה מועשר בבקבו,,,שוקו טרה מועשר בבקבו,מיליליטרים,250.00,"100 מ""ל",false,,5.20,0.0208,true,1,2121277
7290114311038,false,שמנת מתוקה 32%,,,שמנת מתוקה 32%,מיליליטרים,250.00,"100 מ""ל",false,,6.90,0.0276,true,1,2121291
7290114311069,false,מולר אקטיב לבן,,,מולר אקטיב לבן,גרמים,200.00,100 גרם,false,,5.50,0.0275,true,1,2114110
7290114311076,false,חמאת מולר צהובה עם ש,,,חמאת מולר צהובה עם ש,גרמים,200.00,100 גרם,false,,10.90,0.0545,true,1,2122956
7290114311298,false,יוגורט מולר פרופ 3%,,,יוגורט מולר פרופ 3%,גרמים,150.00,100 גרם,false,,4.70,0.0313,true,1,2129800
7290114311304,false,יוגורט מולר פרופ 3%,,,יוגורט מולר פרופ 3%,גרמים,150.00,100 גרם,false,,4.70,0.0313,true,1,2129808
7290114311359,false,יוגורט מולר פרופ 3%,,,יוגורט מולר פרופ 3%,גרמים,150.00,100 גרם,false,,4.70,0.0313,true,1,2129802
7290114311458,false,קרטון חלב מועשר וויט,,,קרטון חלב מועשר וויט,ליטרים,1.00,ליטר,false,,7.70,7.7000,true,1,2135601
7290114311496,false,קרטון חלב מועשר 1% ש,,,קרטון חלב מועשר 1% ש,ליטרים,1.00,ליטר,false,,7.70,7.7000,true,1,2135602
7290114600767,false,חטיף אפוי עם זיתים ו,,,חטיף אפוי עם זיתים ו,גרמים,150.00,100 גרם,false,,11.90,0.0793,true,1,2022320
7290114600927,false,טורטיה חיטה מלאה מאס,,,טורטיה חיטה מלאה מאס,גרמים,320.00,100 גרם,false,,7.90,0.0247,true,1,2040622
7290114600941,false,מיונז לחיץ מאסטר שף,,,מיונז לחיץ מאסטר שף,גרמים,435.00,100 גרם,false,,10.90,0.0251,true,1,2045061
7290114600989,false,רוטב אלף האיים מאסטר,,,רוטב אלף האיים מאסטר,מיליליטרים,250.00,"100 מ""ל",false,,9.90,0.0396,true,1,2030619
7290114600996,false,רוטב שום מאסטר שף 25,,,רוטב שום מאסטר שף 25,מיליליטרים,250.00,"100 מ""ל",false,,9.90,0.0396,true,1,2030620
7290114602778,false,חטיף פרי סלייסים צ'י,,,חטיף פרי סלייסים צ'י,גרמים,90.00,100 גרם,false,,12.90,0.1433,true,1,2076193
7290114603041,false,פרי גרנולה בוטנים/אג,,,פרי גרנולה בוטנים/אג,גרמים,300.00,100 גרם,false,,17.90,0.0597,true,1,2045838
7290114603508,false,רוטב להקפצה מאסטר שף,,,רוטב להקפצה מאסטר שף,מיליליטרים,300.00,"100 מ""ל",false,,9.90,0.0330,true,1,2032849
7290114603515,false,רוטב קארי אדום מאסטר,,,רוטב קארי אדום מאסטר,גרמים,340.00,100 גרם,false,,14.90,0.0438,true,1,2037771
7290114603539,false,קרוטונים למרק 350 גר,,,קרוטונים למרק 350 גר,גרמים,350.00,100 גרם,false,,17.90,0.0511,true,1,2032827
7290114603591,false,חטיף פוף משולש אפוי,,,חטיף פוף משולש אפוי,גרמים,40.00,100 גרם,false,,3.90,0.0975,true,1,2020502
7290114603768,false,אג'קס לשירותים 750 מ,,,אג'קס לשירותים 750 מ,מיליליטרים,1500.00,"100 מ""ל",false,,29.90,0.0199,true,1,2030613
7290114604840,false,דפי אורז עגולים קוטר,,,דפי אורז עגולים קוטר,גרמים,400.00,100 גרם,false,,14.90,0.0373,true,1,2045823
7290114604857,false,דפי אורז עגולים קוטר,,,דפי אורז עגולים קוטר,גרמים,400.00,100 גרם,false,,14.90,0.0373,true,1,2045824
7290114604871,false,קוסקוס סולת בינוני מ,,,קוסקוס סולת בינוני מ,גרמים,350.00,100 גרם,false,,5.00,0.0143,true,1,2045815
7290114604895,false,ממרח ספייסי לחיץ מאס,,,ממרח ספייסי לחיץ מאס,גרמים,446.00,100 גרם,false,,10.90,0.0244,true,1,2068940
7290114604901,false,ממרח שום לחיץ מאסטר,,,ממרח שום לחיץ מאסטר,גרמים,444.00,100 גרם,false,,10.90,0.0245,true,1,2068941
7290114604925,false,קרם קוקוס לייט 400 מ,,,קרם קוקוס לייט 400 מ,מיליליטרים,400.00,"100 מ""ל",false,,7.90,0.0198,true,1,2087249
7290114604932,false,רוטב ברביקיו  דבש מא,,,רוטב ברביקיו  דבש מא,גרמים,520.00,100 גרם,false,,12.90,0.0248,true,1,2076195
7290114604949,false,רוטב ברביקיו מאסטר ש,,,רוטב ברביקיו מאסטר ש,גרמים,524.00,100 גרם,false,,12.90,0.0246,true,1,2076196
7290114605359,false,רפידות הנקה פירסט סמ,,,רפידות הנקה פירסט סמ,יח',50.00,יח',false,,24.90,0.4980,true,1,2082793
7290114605533,false,משטח חיתוך חד פעמי,,,משטח חיתוך חד פעמי,גרמים,276.00,100 גרם,false,,19.90,0.0721,true,1,2120802
7290114606530,false,רוטב בטעם מיונז וקטש,,,רוטב בטעם מיונז וקטש,גרמים,515.00,100 גרם,false,,10.90,0.0212,true,1,2068942
7290114606547,false,מיונז עם פיטריות כמה,,,מיונז עם פיטריות כמה,גרמים,242.00,100 גרם,false,,10.90,0.0450,true,1,2068943
7290114606554,false,מיונז לייט לחיץ מאסט,,,מיונז לייט לחיץ מאסט,גרמים,470.00,100 גרם,false,,10.90,0.0232,true,1,2068944
7290114606561,false,איטריות אורז דקות 40,,,איטריות אורז דקות 40,גרמים,400.00,100 גרם,false,,8.90,0.0223,true,1,2087256
7290114606578,false,שקדי מרק מאסטר שף 40,,,שקדי מרק מאסטר שף 40,גרמים,400.00,100 גרם,false,,9.90,0.0248,true,1,2096358
7290114606592,false,סויה 46% פולי סויה מ,,,סויה 46% פולי סויה מ,מיליליטרים,620.00,"100 מ""ל",false,,9.90,0.0160,true,1,2093308
7290114606608,false,סויה 40% פולי סויה מ,,,סויה 40% פולי סויה מ,מיליליטרים,620.00,"100 מ""ל",false,,9.90,0.0160,true,1,2093309
7290114607315,false,מארז זוג קולגייט ויי,,,מארז זוג קולגייט ויי,מיליליטרים,250.00,"100 מ""ל",false,,24.90,0.0996,true,1,2069007
7290114607391,false,משחת שיניים קולגייט,,,משחת שיניים קולגייט,מיליליטרים,75.00,"100 מ""ל",false,,16.90,0.2253,true,1,2082757
7290114608633,false,דפי אצות 25 גרם מאסט,,,דפי אצות 25 גרם מאסט,גרמים,25.00,100 גרם,false,,11.90,0.4760,true,1,2120803
7290114608640,false,קרוטונים לסלט כוסמין,,,קרוטונים לסלט כוסמין,גרמים,260.00,100 גרם,false,,17.90,0.0688,true,1,2086426
7290114608671,false,סילאן לחיץ 470 גרם מ,,,סילאן לחיץ 470 גרם מ,גרמים,470.00,100 גרם,false,,14.90,0.0317,true,1,2093302
7290114608695,false,מיונז לחיץ עם וואסבי,,,מיונז לחיץ עם וואסבי,גרמים,241.00,100 גרם,false,,10.90,0.0452,true,1,2087250
7290114659949,false,מארז מסיכות 50 יח',,,מארז מסיכות 50 יח',יח',50.00,יח',false,,9.90,0.1980,true,1,2048375
7290114751131,false,אורל בי משחת שיניים,,,אורל בי משחת שיניים,גרמים,75.00,100 גרם,false,,14.90,0.1987,true,1,2022243
7290115071504,false,מטבעות שוקולד ברשת 3,,,מטבעות שוקולד ברשת 3,יחידה,0.00,יחידה,false,,3.90,0.0000,true,1,2050010
7290115073676,false,מסיכה לפנים חד-פעמי,,,מסיכה לפנים חד-פעמי,יח',50.00,יח',false,,9.90,0.1980,true,1,2045677
7290115077131,false,מסיכה לפנים חד-פעמי,,,מסיכה לפנים חד-פעמי,יח',40.00,יח',false,,9.90,0.2475,true,1,2039007
7290115200003,false,פתיבר פינוקי וניל 22,,,פתיבר פינוקי וניל 22,גרמים,220.00,100 גרם,false,,10.90,0.0495,true,1,2022788
7290115200027,false,פתיבר פינוקי שוקו 22,,,פתיבר פינוקי שוקו 22,גרמים,220.00,100 גרם,false,,10.90,0.0495,true,1,2022789
7290115200676,false,עוגיות קרמוגית קרמל,,,עוגיות קרמוגית קרמל,גרמים,200.00,100 גרם,false,,10.90,0.0545,true,1,2035616
7290115200782,false,חמישייה פיתות,,,חמישייה פיתות,גרמים,500.00,100 גרם,false,,5.90,0.0118,true,1,2025040
7290115200881,false,בייגלה שטוחים עם שומ,,,בייגלה שטוחים עם שומ,גרמים,300.00,100 גרם,false,,10.90,0.0363,true,1,2042696
7290115201031,false,פתיבר דובי שוקולד 17,,,פתיבר דובי שוקולד 17,גרמים,178.00,100 גרם,false,,9.90,0.0556,true,1,2065333
7290115201451,false,טבעול גורמה לביבות ב,עיצובים 2020 (4.8),,טבעול גורמה לביבות ב,גרמים,455.00,100 גרם,false,,32.90,0.0723,true,1,2110871
7290115201475,false,טבעול גורמה לביבות כ,עיצובים 2020 (4.8),,טבעול גורמה לביבות כ,גרמים,434.00,100 גרם,false,,32.90,0.0758,true,1,2110872
7290115201536,false,טבעול גורמה לביבות כ,עיצובים 2020 (4.8),,טבעול גורמה לביבות כ,גרמים,442.00,100 גרם,false,,32.90,0.0744,true,1,2110873
7290115201680,false,ביסלי ברביקיו 70 גרם,,,ביסלי ברביקיו 70 גרם,גרמים,70.00,100 גרם,false,,4.30,0.0614,true,1,2039192
7290115201703,false,ביסלי ברביקיו 200 גר,,,ביסלי ברביקיו 200 גר,גרמים,200.00,100 גרם,false,,7.90,0.0395,true,1,2039193
7290115201727,false,ביסלי בצל 200 גרם.,,,ביסלי בצל 200 גרם.,גרמים,200.00,100 גרם,false,,7.90,0.0395,true,1,2039194
7290115201741,false,ביסלי בצל 70 גרם,,,ביסלי בצל 70 גרם,גרמים,70.00,100 גרם,false,,4.30,0.0614,true,1,2039195
7290115202236,false,טבעול טופו קראנצים,עיצובים 2020 (4.8),,טבעול טופו קראנצים,גרמים,470.00,100 גרם,false,,29.90,0.0636,true,1,2099337
7290115202434,false,חומוס עם זעתר,,,חומוס עם זעתר,גרמים,375.00,100 גרם,false,,10.90,0.0291,true,1,2062662
7290115202786,false,מנה חמה פאוצ  נודלס,,,מנה חמה פאוצ  נודלס,גרמים,70.00,100 גרם,false,,4.90,0.0700,true,1,2065819
7290115202816,false,מנה חמה פאוצ  נודלס,,,מנה חמה פאוצ  נודלס,גרמים,70.00,100 גרם,false,,4.90,0.0700,true,1,2065820
7290115202939,false,מנה חמה רייס נודלס ע,,,מנה חמה רייס נודלס ע,גרמים,50.00,100 גרם,false,,7.90,0.1580,true,1,2099310
7290115203172,false,במבה פרו 80 גרם,,,במבה פרו 80 גרם,גרמים,80.00,100 גרם,false,,4.50,0.0563,true,1,2136387
7290115203486,false,פירורית ביסלי גריל 2,,,פירורית ביסלי גריל 2,גרמים,200.00,100 גרם,false,,5.90,0.0295,true,1,2067827
7290115203806,false,רוטב בסיס לבישול,,,רוטב בסיס לבישול,מיליליטרים,290.00,"100 מ""ל",false,,12.90,0.0445,true,1,2096010
7290115204056,false,קטשופ 56% פחות סוכר,,,קטשופ 56% פחות סוכר,גרמים,690.00,100 גרם,false,,12.90,0.0187,true,1,2066914
7290115204131,false,סחוג ירוק 190 גרם,,,סחוג ירוק 190 גרם,גרמים,190.00,100 גרם,false,,10.90,0.0574,true,1,2102258
7290115204155,false,סחוג אדום 190 גרם,,,סחוג אדום 190 גרם,גרמים,190.00,100 גרם,false,,10.90,0.0574,true,1,2102259
7290115204186,false,ממרח פסטו 190 גרם,,,ממרח פסטו 190 גרם,גרמים,190.00,100 גרם,false,,14.90,0.0784,true,1,2102243
7290115204261,false,אריסה 190 גרם,,,אריסה 190 גרם,גרמים,190.00,100 גרם,false,,10.90,0.0574,true,1,2102260
7290115204858,false,חלת כוסמין,,,חלת כוסמין,יחידה,0.00,יחידה,false,,14.90,0.0000,true,1,2069552
7290115204957,false,לחמית איטלקית,,,לחמית איטלקית,גרמים,160.00,100 גרם,false,,9.90,0.0619,true,1,2117760
7290115205176,false,חטיפי קרקר דק כפרי פ,,,חטיפי קרקר דק כפרי פ,גרמים,140.00,100 גרם,false,,10.90,0.0779,true,1,2093837
7290115205251,false,פירכיות פיטנס קרמל מ,,,פירכיות פיטנס קרמל מ,גרמים,84.00,100 גרם,false,,11.90,0.1417,true,1,2137092
7290115205312,false,חטיפי קרקר זיתים פיט,,,חטיפי קרקר זיתים פיט,גרמים,140.00,100 גרם,false,,10.90,0.0779,true,1,2117762
7290115205527,false,חטיף פיטנס עם עדשים,,,חטיף פיטנס עם עדשים,גרמים,25.00,100 גרם,false,,4.90,0.1960,true,1,2128054
7290115205541,false,חטיף פיטנס עם חומוס,,,חטיף פיטנס עם חומוס,גרמים,25.00,100 גרם,false,,4.90,0.1960,true,1,2128055
7290115205633,false,טבעול סנסשיונל נקנקי,עיצובים 2020 (4.8),,טבעול סנסשיונל נקנקי,גרמים,350.00,100 גרם,false,,32.90,0.0940,true,1,2110875
7290115205695,false,בצק מצונן לפיצה בונז,עיצובים 2020 (30.5),,בצק מצונן לפיצה בונז,גרמים,460.00,100 גרם,false,,18.90,0.0411,true,1,2102236
7290115205718,false,בצק מצונן עלים בונזו,עיצובים 2020 (30.5),,בצק מצונן עלים בונזו,גרמים,230.00,100 גרם,false,,14.90,0.0648,true,1,2102237
7290115206135,false,טבעול גורמה ארוחת קי,עיצובים 2020 (4.8),,טבעול גורמה ארוחת קי,גרמים,450.00,100 גרם,false,,32.90,0.0731,true,1,2110877
7290115207361,false,פתיבר פיסטוק 500ג,,,פתיבר פיסטוק 500ג,גרמים,500.00,100 גרם,false,,11.90,0.0238,true,1,2117771
7290115207484,false,סלט חציל על האש,,,סלט חציל על האש,גרמים,360.00,100 גרם,false,,13.90,0.0386,true,1,2102274
7290115207620,false,רוטב סויה קלאסי אסם,,,רוטב סויה קלאסי אסם,מיליליטרים,290.00,"100 מ""ל",false,,14.90,0.0514,true,1,2117772
7290115207682,false,רוטב סויה בסגנון סינ,,,רוטב סויה בסגנון סינ,מיליליטרים,290.00,"100 מ""ל",false,,10.90,0.0376,true,1,2117774
7290115207774,false,המבורגר פיטריות *6 ט,עיצובים 2020 (4.8),,המבורגר פיטריות *6 ט,גרמים,480.00,100 גרם,false,,29.90,0.0623,true,1,2115068
7290115207798,false,בורגר חריף טבעוני *6,עיצובים 2020 (4.8),,בורגר חריף טבעוני *6,גרמים,420.00,100 גרם,false,,29.90,0.0712,true,1,2115069
7290115207941,false,ויטמינצ'יק אננס 1 לי,,,ויטמינצ'יק אננס 1 לי,ליטרים,1.00,ליטר,false,,19.90,19.9000,true,1,2105639
7290115207989,false,ויטמינצ'יק לימון 1 ל,,,ויטמינצ'יק לימון 1 ל,ליטרים,1.00,ליטר,false,,19.90,19.9000,true,1,2105641
7290115208009,false,ויטמינצ'יק ענבים 1 ל,,,ויטמינצ'יק ענבים 1 ל,ליטרים,1.00,ליטר,false,,19.90,19.9000,true,1,2105642
7290115208047,false,ויטמינצ'יק פטל 1 ליט,,,ויטמינצ'יק פטל 1 ליט,ליטרים,1.00,ליטר,false,,19.90,19.9000,true,1,2105644
7290115208061,false,ויטמינצ'יק תפוח 1 לי,,,ויטמינצ'יק תפוח 1 לי,ליטרים,1.00,ליטר,false,,19.90,19.9000,true,1,2105645
7290115208344,false,בייגלה כפיות שמנת בצ,,,בייגלה כפיות שמנת בצ,גרמים,300.00,100 גרם,false,,10.90,0.0363,true,1,2136402
7290115208597,false,עוגיות קרמוגית מיניס,,,עוגיות קרמוגית מיניס,גרמים,200.00,100 גרם,false,,10.90,0.0545,true,1,2128584
7290115208801,false,לחמית דבש ואגוזים,,,לחמית דבש ואגוזים,גרמים,190.00,100 גרם,false,,9.90,0.0521,true,1,2136403
7290115209198,false,במבה אוורירית 80 גרם,,,במבה אוורירית 80 גרם,גרמים,80.00,100 גרם,false,,4.50,0.0563,true,1,2128048
7290115209235,false,פתיבר קפה 500 ג,,,פתיבר קפה 500 ג,גרמים,500.00,100 גרם,false,,11.90,0.0238,true,1,2137094
7290115209358,false,במבה במילוי בראוניז,,,במבה במילוי בראוניז,גרמים,60.00,100 גרם,false,,4.50,0.0750,true,1,2148953
7290115209372,false,במבה במילוי בראוניז,,,במבה במילוי בראוניז,גרמים,150.00,100 גרם,false,,8.90,0.0593,true,1,2148954
7290115480016,false,סוד קפסולות ג'ל לכבי,,,סוד קפסולות ג'ל לכבי,100 יח',26.00,100 יח',false,,29.90,1.1500,true,1,2131437
7290115641035,false,סט 3 קופסאות פרומו 1,,,סט 3 קופסאות פרומו 1,יחידה,0.00,יחידה,false,,12.90,0.0000,true,1,2085752
7290115670677,false,גרנולה פירות טרופיים,,,גרנולה פירות טרופיים,גרמים,400.00,100 גרם,false,,12.90,0.0323,true,1,2066637
7290115670684,false,גרנולה אגוזים 400 גר,,,גרנולה אגוזים 400 גר,גרמים,400.00,100 גרם,false,,12.90,0.0323,true,1,2066638
7290115670707,false,גרנולה שוקולד ואגוזי,,,גרנולה שוקולד ואגוזי,גרמים,400.00,100 גרם,false,,12.90,0.0323,true,1,2066640
7290115671155,false,שלישיית סוכריות פרש,,,שלישיית סוכריות פרש,גרמים,45.00,100 גרם,false,,7.90,0.1756,true,1,2103223
7290115671223,false,קופסא מסטיק מאסט פאן,,,קופסא מסטיק מאסט פאן,גרמים,58.00,100 גרם,false,,8.90,0.1534,true,1,2103224
7290115671308,false,קופסא מסטיק מאסט פאן,,,קופסא מסטיק מאסט פאן,גרמים,58.00,100 גרם,false,,8.90,0.1534,true,1,2103225
7290115671339,false,מיני פינוקיות בראוני,,,מיני פינוקיות בראוני,גרמים,180.00,100 גרם,false,,9.90,0.0550,true,1,2082340
7290115671421,false,פולי אספרסו עלית 250,,,פולי אספרסו עלית 250,גרמים,250.00,100 גרם,false,,21.90,0.0876,true,1,2120096
7290115675559,false,מארז קפה טורקי לדרך,,,מארז קפה טורקי לדרך,גרמים,70.00,100 גרם,false,,7.50,0.1071,true,1,2049466
7290115675696,false,דגני בוקר קוואקר אגו,,,דגני בוקר קוואקר אגו,גרמים,375.00,100 גרם,false,,19.90,0.0531,true,1,2083125
7290115675702,false,דגני בוקר קוואקר פיר,,,דגני בוקר קוואקר פיר,גרמים,375.00,100 גרם,false,,19.90,0.0531,true,1,2083126
7290115675986,false,דנונה בר עם אגוזים מ,,,דנונה בר עם אגוזים מ,גרמים,173.00,100 גרם,false,,4.50,0.0260,true,1,2048413
7290115676037,false,דנונה לשתייה ריפרש ת,,,דנונה לשתייה ריפרש ת,גרמים,250.00,100 גרם,false,,5.50,0.0220,true,1,2073127
7290115676051,false,משקה אקטיביה עם ש.שו,,,משקה אקטיביה עם ש.שו,מיליליטרים,265.00,"100 מ""ל",false,,4.90,0.0185,true,1,2097301
7290115676082,false,משקה דנונה פרו 20 תו,,,משקה דנונה פרו 20 תו,גרמים,255.00,100 גרם,false,,6.40,0.0251,true,1,2073129
7290115676099,false,משקה דנונה פרו 20 ונ,,,משקה דנונה פרו 20 ונ,גרמים,255.00,100 גרם,false,,6.40,0.0251,true,1,2073130
7290115677140,false,תפוצ'יפס 200 גרם פפר,,,תפוצ'יפס 200 גרם פפר,גרמים,200.00,100 גרם,false,,9.90,0.0495,true,1,2149140
7290115677430,false,אורז צ'אזה,,,אורז צ'אזה,גרמים,350.00,100 גרם,false,,26.90,0.0769,true,1,2102422
7290115678376,false,מעדן הגולן שוקולד 12,,,מעדן הגולן שוקולד 12,גרמים,125.00,100 גרם,false,,2.90,0.0232,true,1,2082989
7290115678383,false,מעדן הגולן שוקולד מר,,,מעדן הגולן שוקולד מר,גרמים,125.00,100 גרם,false,,2.90,0.0232,true,1,2082990
7290115678598,false,חסה אייסברג בחיתוך ג,,,חסה אייסברג בחיתוך ג,גרמים,300.00,100 גרם,false,,9.90,0.0330,true,1,2097318
7290115678635,false,נשנושי גבינה 16% עם,,,נשנושי גבינה 16% עם,גרמים,67.00,100 גרם,false,,9.90,0.1478,true,1,2134966
7290115678642,false,נשנושי גבינה 16% עם,,,נשנושי גבינה 16% עם,גרמים,67.00,100 גרם,false,,9.90,0.1478,true,1,2130751
7290115678888,false,שוקולית טופי קרמל 50,,,שוקולית טופי קרמל 50,גרמים,500.00,100 גרם,false,,11.90,0.0238,true,1,2107882
7290115678970,false,שלישיית סוכריות פרש,,,שלישיית סוכריות פרש,גרמים,45.00,100 גרם,false,,7.90,0.1756,true,1,2082324
7290115731484,false,שקיות ריצ'רץ 28*27,,,שקיות ריצ'רץ 28*27,יחידה,0.00,יחידה,false,,9.90,0.0000,true,1,2120657
7290115733099,false,כוס ספיר 200cc איכות,,,כוס ספיר 200cc איכות,יח',75.00,יח',false,,11.90,0.1587,true,1,2081508
7290115733259,false,מאפינס צבעוני מוזהב,,,מאפינס צבעוני מוזהב,יחידה,0.00,יחידה,false,,11.90,0.0000,true,1,2120659
7290115733778,false,מזלג מוכסף סטיקס,,,מזלג מוכסף סטיקס,יחידה,0.00,יחידה,false,,6.90,0.0000,true,1,2120672
7290115733785,false,סכין מוכסף סטיקס,,,סכין מוכסף סטיקס,יחידה,0.00,יחידה,false,,6.90,0.0000,true,1,2120673
7290115735772,false,מרקיה מטאור כחול,,,מרקיה מטאור כחול,יחידה,0.00,יחידה,false,,23.90,0.0000,true,1,2120749
7290115735833,false,צלחת 7 מטאור כחול,,,צלחת 7 מטאור כחול,יחידה,0.00,יחידה,false,,18.90,0.0000,true,1,2120755
7290115735895,false,צלחת 9 מטאור כחול,,,צלחת 9 מטאור כחול,יחידה,0.00,יחידה,false,,25.90,0.0000,true,1,2120761
7290115735956,false,צלחת 10 מטאור כחול,,,צלחת 10 מטאור כחול,יחידה,0.00,יחידה,false,,39.90,0.0000,true,1,2120767
7290116244112,false,זוג אצבעות שוקולד LO,,,זוג אצבעות שוקולד LO,יחידה,0.00,יחידה,false,,2.90,0.0000,true,1,2108627
7290116530062,false,רוטב הלמנס ויניגרט ל,,,רוטב הלמנס ויניגרט ל,גרמים,295.00,100 גרם,false,,12.90,0.0437,true,1,2073824
7290116530147,false,תחליב רחצה פינוק פיר,,,תחליב רחצה פינוק פיר,מיליליטרים,700.00,"100 מ""ל",false,,10.90,0.0156,true,1,2066253
7290116530161,false,תחליב רחצה פינוק אננ,,,תחליב רחצה פינוק אננ,מיליליטרים,700.00,"100 מ""ל",false,,10.90,0.0156,true,1,2066255
7290116530222,false,אקס סטיק אנרכי,,,אקס סטיק אנרכי,גרמים,77.00,100 גרם,false,,18.90,0.2455,true,1,2066188
7290116530482,false,מארז קורנפלקס של אלו,,,מארז קורנפלקס של אלו,גרמים,150.00,100 גרם,false,,12.90,0.0860,true,1,2093248
7290116530895,false,בדין תרסיס למייבש 50,,,בדין תרסיס למייבש 50,מיליליטרים,500.00,"100 מ""ל",false,,16.90,0.0338,true,1,2073925
7290116531045,false,קורנפלקס דליפקאן 400,,,קורנפלקס דליפקאן 400,גרמים,350.00,100 גרם,false,,22.90,0.0654,true,1,2116393
7290116531069,false,מרק בצל רכיבים טבעיי,,,מרק בצל רכיבים טבעיי,גרמים,220.00,100 גרם,false,,16.90,0.0768,true,1,2100102
7290116531083,false,ברנפלקס ללא סוכר בטע,,,ברנפלקס ללא סוכר בטע,גרמים,400.00,100 גרם,false,,22.90,0.0572,true,1,2095076
7290116531090,false,חטיף אפוי דג דג במלי,,,חטיף אפוי דג דג במלי,גרמים,250.00,100 גרם,false,,10.90,0.0436,true,1,2099106
7290116531496,false,קינמונים דגנים פריכי,,,קינמונים דגנים פריכי,גרמים,375.00,100 גרם,false,,19.90,0.0531,true,1,2124113
7290116531557,false,מאגדת פתית פירכיות ת,,,מאגדת פתית פירכיות ת,גרמים,150.00,100 גרם,false,,12.90,0.0860,true,1,2116395
7290116531564,false,מאגדת פתית פירכיות ק,,,מאגדת פתית פירכיות ק,גרמים,150.00,100 גרם,false,,12.90,0.0860,true,1,2116396
7290116531649,false,שמפו פינוק בניחוח תפ,,,שמפו פינוק בניחוח תפ,מיליליטרים,700.00,"100 מ""ל",false,,11.90,0.0170,true,1,2087072
7290116531663,false,תחליב רחצה פינוק 700,,,תחליב רחצה פינוק 700,מיליליטרים,700.00,"100 מ""ל",false,,10.90,0.0156,true,1,2087080
7290116531762,false,בדין דפי מרכך ורוד,,,בדין דפי מרכך ורוד,יח',40.00,יח',false,,18.90,0.4725,true,1,2103913
7290116531779,false,בדין דפי מרכך כחול,,,בדין דפי מרכך כחול,יח',40.00,יח',false,,18.90,0.4725,true,1,2103914
7290116531786,false,תחליב רחצה דאב מלפפו,,,תחליב רחצה דאב מלפפו,מיליליטרים,1500.00,"100 מ""ל",false,,43.90,0.0293,true,1,2135294
7290116531793,false,רוטב לסלט הלמנס קיסר,,,רוטב לסלט הלמנס קיסר,גרמים,295.00,100 גרם,false,,12.90,0.0437,true,1,2095077
7290116531816,false,תחליב רחצה פינוק 700,,,תחליב רחצה פינוק 700,מיליליטרים,700.00,"100 מ""ל",false,,10.90,0.0156,true,1,2095070
7290116531823,false,תחליב רחצה פינוק 700,,,תחליב רחצה פינוק 700,מיליליטרים,700.00,"100 מ""ל",false,,10.90,0.0156,true,1,2095879
7290116531854,false,תחליב רחצה פינוק שיי,,,תחליב רחצה פינוק שיי,מיליליטרים,700.00,"100 מ""ל",false,,10.90,0.0156,true,1,2121201
7290116531861,false,תחליב רחצה פינוק שיי,,,תחליב רחצה פינוק שיי,מיליליטרים,700.00,"100 מ""ל",false,,10.90,0.0156,true,1,2121202
7290116531885,false,מיונז הלמנס טבעוני 5,,,מיונז הלמנס טבעוני 5,גרמים,500.00,100 גרם,false,,13.90,0.0278,true,1,2130343
7290116531892,false,רוטב ברביקיו מעושן,,,רוטב ברביקיו מעושן,גרמים,350.00,100 גרם,false,,12.90,0.0369,true,1,2114259
7290116532011,false,חטיף שוקולד קליק נוג,,,חטיף שוקולד קליק נוג,גרמים,35.00,100 גרם,false,,3.90,0.1114,true,1,2107543
7290116532219,false,קורנפלקס תות 448 גרם,,,קורנפלקס תות 448 גרם,גרמים,448.00,100 גרם,false,,19.90,0.0444,true,1,2122376
7290116532240,false,טבלת XL קליק שוקולד,,,טבלת XL קליק שוקולד,גרמים,85.00,100 גרם,false,,4.90,0.0576,true,1,2122377
7290116532387,false,סבון ידיים פינוק חמא,,,סבון ידיים פינוק חמא,מיליליטרים,950.00,"100 מ""ל",false,,12.90,0.0136,true,1,2130809
7290116532400,false,בייגלה עם מלח אחד אח,,,בייגלה עם מלח אחד אח,גרמים,235.00,100 גרם,false,,5.90,0.0251,true,1,2136669
7290116532585,false,ברנפלקס קראנצ'ים דבש,,,ברנפלקס קראנצ'ים דבש,גרמים,375.00,100 גרם,false,,22.90,0.0611,true,1,2122422
7290116532615,false,שמפו פינוק בתוספת תמ,,,שמפו פינוק בתוספת תמ,מיליליטרים,700.00,"100 מ""ל",false,,11.90,0.0170,true,1,2122810
7290116532622,false,מרכך פינוק בתוספת תמ,,,מרכך פינוק בתוספת תמ,מיליליטרים,700.00,"100 מ""ל",false,,11.90,0.0170,true,1,2122811
7290116532738,false,רוטב איטלקי הלמנס,,,רוטב איטלקי הלמנס,גרמים,295.00,100 גרם,false,,12.90,0.0437,true,1,2146045
7290116532769,false,גרנולה פרוטאין תפוח,,,גרנולה פרוטאין תפוח,גרמים,300.00,100 גרם,false,,15.90,0.0530,true,1,2122423
7290116532882,false,נישנושים איירביס טעם,,,נישנושים איירביס טעם,גרמים,155.00,100 גרם,false,,12.90,0.0832,true,1,2134579
7290116532899,false,נישנושים איירביס טעם,,,נישנושים איירביס טעם,גרמים,155.00,100 גרם,false,,12.90,0.0832,true,1,2134580
7290116532905,false,נישנושים איירביס טעם,,,נישנושים איירביס טעם,גרמים,155.00,100 גרם,false,,12.90,0.0832,true,1,2134581
7290116533094,false,שמפו פינוק ורדים לבנ,,,שמפו פינוק ורדים לבנ,מיליליטרים,700.00,"100 מ""ל",false,,11.90,0.0170,true,1,2141905
7290116533100,false,מרכך פינוק ורדים לבנ,,,מרכך פינוק ורדים לבנ,מיליליטרים,700.00,"100 מ""ל",false,,11.90,0.0170,true,1,2141906
7290116533117,false,תחליב רחצה פינוק ורד,,,תחליב רחצה פינוק ורד,מיליליטרים,700.00,"100 מ""ל",false,,10.90,0.0156,true,1,2141917
7290116533216,false,מרק ירקות קנור רכיבי,,,מרק ירקות קנור רכיבי,גרמים,235.00,100 גרם,false,,16.90,0.0719,true,1,2146038
7290116930015,false,חטיף חלבון GO קרמל ח,,,חטיף חלבון GO קרמל ח,גרמים,20.00,100 גרם,false,,11.90,0.5950,true,1,2124790
7290116930435,false,יוגורט יופלה GO סמיך,,,יוגורט יופלה GO סמיך,גרמים,200.00,100 גרם,false,,5.40,0.0270,true,1,2124058
7290116930466,false,יופלה SHAKE מנגו בננ,,,יופלה SHAKE מנגו בננ,מיליליטרים,230.00,"100 מ""ל",false,,7.90,0.0343,true,1,2129743
7290116930480,false,יופלה SHAKE בננה קיו,,,יופלה SHAKE בננה קיו,מיליליטרים,230.00,"100 מ""ל",false,,7.90,0.0343,true,1,2129744
7290116930565,false,משקה תה קר עם חלב בט,,,משקה תה קר עם חלב בט,גרמים,230.00,100 גרם,false,,6.90,0.0300,true,1,2128709
7290116930626,false,ארוחה בקטנה ציזיקי ע,,,ארוחה בקטנה ציזיקי ע,גרמים,150.00,100 גרם,false,,7.90,0.0527,true,1,2137797
7290116930725,false,מעדן סויה ביו קוקוס,,,מעדן סויה ביו קוקוס,גרמים,150.00,100 גרם,false,,4.50,0.0300,true,1,2136011
7290116931074,false,פרוסות טל העמק 32% 3,,,פרוסות טל העמק 32% 3,גרמים,300.00,100 גרם,false,,25.90,0.0863,true,1,2144075
7290116931081,false,גביע מעדן סויה בטעם,,,גביע מעדן סויה בטעם,מיליליטרים,125.00,"100 מ""ל",false,,3.90,0.0312,true,1,2136012
7290116931104,false,יוגורט יופלה GO סמיך,,,יוגורט יופלה GO סמיך,גרמים,200.00,100 גרם,false,,5.40,0.0270,true,1,2136013
7290117260005,false,קונפיטורה תות שדה 38,,,קונפיטורה תות שדה 38,גרמים,380.00,100 גרם,false,,9.90,0.0261,true,1,2096020
7290117260043,false,ריבת עלי ורדים 380 ג,,,ריבת עלי ורדים 380 ג,גרמים,380.00,100 גרם,false,,9.90,0.0261,true,1,2096011
7290117260050,false,קונפיטורה חבושים 380,,,קונפיטורה חבושים 380,גרמים,380.00,100 גרם,false,,9.90,0.0261,true,1,2096024
7290117260067,false,קונפיטורה תפוזים 380,,,קונפיטורה תפוזים 380,גרמים,380.00,100 גרם,false,,9.90,0.0261,true,1,2096012
7290117260098,false,חטיף גבינה לבנה בטעם,,,חטיף גבינה לבנה בטעם,גרמים,120.00,100 גרם,false,,12.90,0.1075,true,1,2129756
7290117260104,false,חטיף גבינה לבנה בטעם,,,חטיף גבינה לבנה בטעם,גרמים,120.00,100 גרם,false,,12.90,0.1075,true,1,2129762
7290117260111,false,חטיף גבינה לבנה בטעם,,,חטיף גבינה לבנה בטעם,גרמים,120.00,100 גרם,false,,12.90,0.1075,true,1,2129763
7290117260173,false,קמח חיטה רב תכליתי 1,,,קמח חיטה רב תכליתי 1,קילוגרמים,1.00,"ק""ג",false,,9.90,9.9000,true,1,2106921
7290117260227,false,קפה טורקי אמיתי מטור,,,קפה טורקי אמיתי מטור,גרמים,100.00,100 גרם,false,,5.90,0.0590,true,1,2103165
7290117260388,false,"טונה בשמן 1 ק""ג",,,"טונה בשמן 1 ק""ג",גרמים,1000.00,100 גרם,false,,31.90,0.0319,true,1,2135759
7290117260449,false,גבינת בולגרית מעודנת,,,גבינת בולגרית מעודנת,גרמים,200.00,100 גרם,false,,12.90,0.0645,true,1,2120524
7290117260456,false,גבינת בולגרית מעודנת,,,גבינת בולגרית מעודנת,גרמים,200.00,100 גרם,false,,12.90,0.0645,true,1,2120525
7290117260470,false,גבינת בולגרית מעודנת,,,גבינת בולגרית מעודנת,גרמים,200.00,100 גרם,false,,12.90,0.0645,true,1,2120527
7290117260586,false,חטיף קראנצ'י על בסיס,,,חטיף קראנצ'י על בסיס,גרמים,80.00,100 גרם,false,,9.90,0.1238,true,1,2134928
7290117260593,false,חטיף קראנצ'י על בסיס,,,חטיף קראנצ'י על בסיס,גרמים,80.00,100 גרם,false,,9.90,0.1238,true,1,2134929
7290117260814,false,תן בו בטעם וניל בציפ,,,תן בו בטעם וניל בציפ,גרמים,300.00,100 גרם,false,,19.90,0.0663,true,1,2102093
7290117260890,false,פופקורן בציפוי בטעם,,,פופקורן בציפוי בטעם,גרמים,90.00,100 גרם,false,,5.00,0.0556,true,1,2104531
7290117260944,false,מיני גריסיני עם שמן,,,מיני גריסיני עם שמן,גרמים,125.00,100 גרם,false,,5.90,0.0472,true,1,2115090
7290117260951,false,ביסקוויטים ללא גלוטן,,,ביסקוויטים ללא גלוטן,גרמים,125.00,100 גרם,false,,5.90,0.0472,true,1,2115103
7290117260968,false,ביסקוויטים ללא גלוטן,,,ביסקוויטים ללא גלוטן,גרמים,125.00,100 גרם,false,,5.90,0.0472,true,1,2115104
7290117260982,false,זיתים שחורים מגולעני,,,זיתים שחורים מגולעני,גרמים,300.00,100 גרם,false,,7.90,0.0263,true,1,2149771
7290117261026,false,זיתים ירוקים מגולעני,,,זיתים ירוקים מגולעני,גרמים,300.00,100 גרם,false,,7.90,0.0263,true,1,2149773
7290117261033,false,זיתים שחורים מיובשים,,,זיתים שחורים מיובשים,גרמים,300.00,100 גרם,false,,7.90,0.0263,true,1,2149774
7290117261163,false,פיתה יוונית מוקפאת 7,,,פיתה יוונית מוקפאת 7,גרמים,750.00,100 גרם,false,,9.90,0.0132,true,1,2124695
7290117261231,false,ארוחת אורז בהקפאה עם,,,ארוחת אורז בהקפאה עם,גרמים,600.00,100 גרם,false,,17.90,0.0298,true,1,2134965
7290117261347,false,תן בו בציפוי בטעם שו,,,תן בו בציפוי בטעם שו,גרמים,300.00,100 גרם,false,,19.90,0.0663,true,1,2107736
7290117261354,false,גבינת ריקוטה 200 גרם,,,גבינת ריקוטה 200 גרם,גרמים,200.00,100 גרם,false,,9.90,0.0495,true,1,2124681
7290117261415,false,יוגורט פרוביוטי 2.7%,,,יוגורט פרוביוטי 2.7%,גרמים,125.00,100 גרם,false,,3.50,0.0280,true,1,2148287
7290117261422,false,יוגורט פרוביוטי עם ת,,,יוגורט פרוביוטי עם ת,גרמים,125.00,100 גרם,false,,3.50,0.0280,true,1,2148288
7290117261439,false,יוגורט פרוביוטי עם פ,,,יוגורט פרוביוטי עם פ,גרמים,125.00,100 גרם,false,,3.50,0.0280,true,1,2148289
7290117261446,false,יוגורט פרוביוטי עם א,,,יוגורט פרוביוטי עם א,גרמים,125.00,100 גרם,false,,3.50,0.0280,true,1,2148290
7290117261514,false,סלמון אטלנטי בשמן קנ,,,סלמון אטלנטי בשמן קנ,גרמים,120.00,100 גרם,false,,10.00,0.0833,true,1,2125799
7290117261545,false,סלמון אטלנטי ברוטב ט,,,סלמון אטלנטי ברוטב ט,גרמים,120.00,100 גרם,false,,10.00,0.0833,true,1,2125802
7290117261569,false,סלמון אטלנטי מעושן ב,,,סלמון אטלנטי מעושן ב,גרמים,120.00,100 גרם,false,,10.00,0.0833,true,1,2125804
7290117261576,false,סרדינים בריסלינג מעו,,,סרדינים בריסלינג מעו,גרמים,185.00,100 גרם,false,,9.90,0.0535,true,1,2142376
7290117261583,false,סרדינים בריסלינג מעו,,,סרדינים בריסלינג מעו,גרמים,185.00,100 גרם,false,,9.90,0.0535,true,1,2142377
7290117261590,false,סרדינים בריסלינג מעו,,,סרדינים בריסלינג מעו,גרמים,185.00,100 גרם,false,,9.90,0.0535,true,1,2142378
7290117261705,false,חמאת עיזים 200 גרם,,,חמאת עיזים 200 גרם,גרמים,200.00,100 גרם,false,,13.90,0.0695,true,1,2124705
7290117262030,false,וופל במילוי קרם בטעם,,,וופל במילוי קרם בטעם,גרמים,200.00,100 גרם,false,,8.90,0.0445,true,1,2134903
7290117262054,false,וופל במילוי עם שוקול,,,וופל במילוי עם שוקול,גרמים,200.00,100 גרם,false,,8.90,0.0445,true,1,2134904
7290117262252,false,קוביות בטעם אפרסק מצ,,,קוביות בטעם אפרסק מצ,גרמים,125.00,100 גרם,false,,10.90,0.0872,true,1,2149089
7290117262276,false,קוביות בטעם תות שדה,,,קוביות בטעם תות שדה,גרמים,125.00,100 גרם,false,,10.90,0.0872,true,1,2149091
7290117380178,false,חטיף פוף סוויט שוקול,,,חטיף פוף סוויט שוקול,גרמים,50.00,100 גרם,false,,4.90,0.0980,true,1,2129733
7290117380192,false,פוף קראנץ בטעם גריל,,,פוף קראנץ בטעם גריל,גרמים,60.00,100 גרם,false,,3.90,0.0650,true,1,2098687
7290117380208,false,חטיף פוף קראנצ בטעם,,,חטיף פוף קראנצ בטעם,גרמים,60.00,100 גרם,false,,3.90,0.0650,true,1,2098688
7290117380215,false,חטיף פוף קראנצ בטעם,,,חטיף פוף קראנצ בטעם,גרמים,60.00,100 גרם,false,,3.90,0.0650,true,1,2098689
7290117380697,false,קולגייט מארז אופטיק,,,קולגייט מארז אופטיק,מיליליטרים,150.00,"100 מ""ל",false,,29.90,0.1993,true,1,2138277
7290117381229,false,פוף פירכיות מצופות ש,,,פוף פירכיות מצופות ש,גרמים,70.00,100 גרם,false,,7.90,0.1129,true,1,2137298
7290117381236,false,פוף פירכיות מצופות ש,,,פוף פירכיות מצופות ש,גרמים,70.00,100 גרם,false,,7.90,0.1129,true,1,2137299
7290117382318,false,חטיף חלבון מצופה שוק,,,חטיף חלבון מצופה שוק,גרמים,60.00,100 גרם,false,,11.90,0.1983,true,1,2137308
7290117382325,false,חטיף חלבון מצופה שוק,,,חטיף חלבון מצופה שוק,גרמים,60.00,100 גרם,false,,11.90,0.1983,true,1,2137302
7290117382332,false,חטיף חלבון מצופה שוק,,,חטיף חלבון מצופה שוק,גרמים,60.00,100 גרם,false,,11.90,0.1983,true,1,2137309
7290117383711,false,סבון נוזלי חלב ודבש,,,סבון נוזלי חלב ודבש,ליטרים,1.50,ליטר,false,,30.00,20.0000,true,1,2150038
7290117383728,false,סבון נוזלי לומינוס א,,,סבון נוזלי לומינוס א,ליטרים,1.50,ליטר,false,,30.00,20.0000,true,1,2150045
7290117383735,false,סבון נוזלי חימר ורדי,,,סבון נוזלי חימר ורדי,ליטרים,1.50,ליטר,false,,30.00,20.0000,true,1,2150046
7290117383742,false,סבון נוזלי גבר מרענן,,,סבון נוזלי גבר מרענן,ליטרים,1.50,ליטר,false,,30.00,20.0000,true,1,2150047
7290117383780,false,סבון נוזלי ארומה מסא,,,סבון נוזלי ארומה מסא,ליטרים,1.50,ליטר,false,,30.00,20.0000,true,1,2150048
7290117823798,false,בדיקה עצמית לזיהוי א,,,בדיקה עצמית לזיהוי א,יחידה,0.00,יחידה,false,,39.90,0.0000,true,1,2107773
7290117860045,false,הוואי שמפו מטפח לשיע,,,הוואי שמפו מטפח לשיע,מיליליטרים,700.00,"100 מ""ל",false,,14.90,0.0213,true,1,2150840
7290117860083,false,הוואי קרם רחצה בניחו,,,הוואי קרם רחצה בניחו,מיליליטרים,700.00,"100 מ""ל",false,,14.90,0.0213,true,1,2150841
7290117860090,false,הוואי מרכך מטפח לשיע,,,הוואי מרכך מטפח לשיע,מיליליטרים,700.00,"100 מ""ל",false,,14.90,0.0213,true,1,2150842
7290117860144,false,הוואי שמפו למניעת קש,,,הוואי שמפו למניעת קש,מיליליטרים,700.00,"100 מ""ל",false,,14.90,0.0213,true,1,2150844
7290117860199,false,הוואי שמפו מעניק לחו,,,הוואי שמפו מעניק לחו,מיליליטרים,700.00,"100 מ""ל",false,,14.90,0.0213,true,1,2150846
7290117860243,false,הוואי מרכך מעניק לחו,,,הוואי מרכך מעניק לחו,מיליליטרים,700.00,"100 מ""ל",false,,14.90,0.0213,true,1,2150848
7290117860281,false,הוואי ג'ל רחצה לגבר,,,הוואי ג'ל רחצה לגבר,מיליליטרים,700.00,"100 מ""ל",false,,14.90,0.0213,true,1,2150849
7290117860298,false,הוואי שמפו קרטין מחז,,,הוואי שמפו קרטין מחז,מיליליטרים,700.00,"100 מ""ל",false,,14.90,0.0213,true,1,2150850
7290117860342,false,הוואי מרכך קרטין מחז,,,הוואי מרכך קרטין מחז,מיליליטרים,700.00,"100 מ""ל",false,,14.90,0.0213,true,1,2150852
7290117860380,false,הוואי תחליב רחצה יוג,,,הוואי תחליב רחצה יוג,מיליליטרים,700.00,"100 מ""ל",false,,14.90,0.0213,true,1,2150853
7290117860397,false,הוואי שמפו פריחת הדו,,,הוואי שמפו פריחת הדו,מיליליטרים,700.00,"100 מ""ל",false,,14.90,0.0213,true,1,2150854
7290117860496,false,הוואי שמפו + מרכך 2,,,הוואי שמפו + מרכך 2,מיליליטרים,700.00,"100 מ""ל",false,,14.90,0.0213,true,1,2150856
7290117860540,false,הוואי שמפו עדין לילד,,,הוואי שמפו עדין לילד,מיליליטרים,700.00,"100 מ""ל",false,,14.90,0.0213,true,1,2150857
7290117860595,false,הוואי מרכך מתיר קשרי,,,הוואי מרכך מתיר קשרי,מיליליטרים,700.00,"100 מ""ל",false,,14.90,0.0213,true,1,2150858
7290117860649,false,הוואי שמפו ללא סולפט,,,הוואי שמפו ללא סולפט,מיליליטרים,700.00,"100 מ""ל",false,,14.90,0.0213,true,1,2150859
7290117860748,false,הוואי שמפו מעניק נפח,,,הוואי שמפו מעניק נפח,מיליליטרים,700.00,"100 מ""ל",false,,14.90,0.0213,true,1,2150861
7290117860793,false,הוואי מרכך מעניק נפח,,,הוואי מרכך מעניק נפח,מיליליטרים,700.00,"100 מ""ל",false,,14.90,0.0213,true,1,2150862
7290117860847,false,הוואי שמפו 4 ב-1 לגב,,,הוואי שמפו 4 ב-1 לגב,מיליליטרים,700.00,"100 מ""ל",false,,14.90,0.0213,true,1,2150863
7290117860892,false,הוואי תחליב רחצה יוג,,,הוואי תחליב רחצה יוג,מיליליטרים,700.00,"100 מ""ל",false,,14.90,0.0213,true,1,2150864
7290117860946,false,הוואי תחליב רחצה יוג,,,הוואי תחליב רחצה יוג,מיליליטרים,700.00,"100 מ""ל",false,,14.90,0.0213,true,1,2150865
7290117901243,false,ממרח פלפלים אדומים ק,,,ממרח פלפלים אדומים ק,גרמים,290.00,100 גרם,false,,13.90,0.0479,true,1,2137777
7290117901267,false,ממרח פלפלים אדומים ו,,,ממרח פלפלים אדומים ו,גרמים,290.00,100 גרם,false,,13.90,0.0479,true,1,2137785
7291044089998,false,שלישית נורות לד,,,שלישית נורות לד,יח',3.00,יח',false,,24.90,8.3000,true,1,1990197
7291044096613,false,נורת לד 15W,,,נורת לד 15W,יחידה,0.00,יחידה,false,,9.90,0.0000,true,1,1990200
7291044096996,false,מטען רכב,,,מטען רכב,יחידה,0.00,יחידה,false,,16.90,0.0000,true,1,1986050
7291044114652,false,מטען קיר USB 2.1A+כב,,,מטען קיר USB 2.1A+כב,יחידה,0.00,יחידה,false,,19.90,0.0000,true,1,2084065
7291074003995,false,"סכין 14.4 ס""מ עם כיס",,,"סכין 14.4 ס""מ עם כיס",יחידה,0.00,יחידה,false,,29.90,0.0000,true,1,2006478
7291074008907,false,משטח סיליקון לאפייה,,,משטח סיליקון לאפייה,יחידה,0.00,יחידה,false,,29.90,0.0000,true,1,1993606
7291074009553,false,סלסלת טיגון/רשת צ'יפ,,,סלסלת טיגון/רשת צ'יפ,יחידה,0.00,יחידה,false,,29.90,0.0000,true,1,2006549
7296015119568,false,עט גל לחצן גריפ 3 יח,,,עט גל לחצן גריפ 3 יח,יח',3.00,יח',false,,5.90,1.9667,true,1,1897056
7296015130990,false,שקית מתנה,,,שקית מתנה,יחידה,0.00,יחידה,false,,2.50,0.0000,true,1,1998167
7296015131003,false,שקיות מתנה 32*25 עם,,,שקיות מתנה 32*25 עם,יחידה,0.00,יחידה,false,,4.90,0.0000,true,1,1998177
7296015131034,false,שקית מתנה,,,שקית מתנה,יחידה,0.00,יחידה,false,,2.90,0.0000,true,1,1998179
7296015131041,false,שקית מתנה,,,שקית מתנה,יחידה,0.00,יחידה,false,,3.90,0.0000,true,1,1998180
7296015132277,false,עט  ראש סיכה,,,עט  ראש סיכה,יחידה,0.00,יחידה,false,,8.90,0.0000,true,1,2016730
7296015140401,false,מח.קולור 40 דף חלק-,,,מח.קולור 40 דף חלק-,יחידה,0.00,יחידה,false,,11.90,0.0000,true,1,2129442
7296021187919,false,"סכו""ם נירוסטה 24 חל",,,"סכו""ם נירוסטה 24 חל",יחידה,0.00,יחידה,false,,79.90,0.0000,true,1,2025020
7296021191367,false,קרחון עם מכסה (עיגול,,,קרחון עם מכסה (עיגול,יחידה,0.00,יחידה,false,,9.90,0.0000,true,1,1948915
7296021271564,false,מאג 385 מל,,,מאג 385 מל,יחידה,0.00,יחידה,false,,14.90,0.0000,true,1,2116128
7296021273636,false,סט 6 סכיני ירקות כחו,,,סט 6 סכיני ירקות כחו,יחידה,0.00,יחידה,false,,14.90,0.0000,true,1,2102228
7296021280818,false,"מחבת לטיגון 28 ס""מ E",,,"מחבת לטיגון 28 ס""מ E",יחידה,0.00,יחידה,false,,119.90,0.0000,true,1,2143077
7296021280832,false,"מחבת לטיגון 32 ס""מ E",,,"מחבת לטיגון 32 ס""מ E",יחידה,0.00,יחידה,false,,149.90,0.0000,true,1,2143079
7296049016574,false,כוס קידוש פורצלן ותח,,,כוס קידוש פורצלן ותח,יחידה,0.00,יחידה,false,,29.90,0.0000,true,1,2126799
7296049228908,false,תיק צידנית 25 ליטר כ,,,תיק צידנית 25 ליטר כ,יחידה,0.00,יחידה,false,,49.90,0.0000,true,1,2082243
7296049258479,false,דן סלסלה  A4,,,דן סלסלה  A4,יחידה,0.00,יחידה,false,,6.90,0.0000,true,1,2115859
7296049258608,false,"דן ספל מאג 9.5/8 ס""מ",,,"דן ספל מאג 9.5/8 ס""מ",יחידה,0.00,יחידה,false,,3.90,0.0000,true,1,2115872
7296049258790,false,דן מתקן לסבון כלים,,,דן מתקן לסבון כלים,יחידה,0.00,יחידה,false,,6.90,0.0000,true,1,2115891
7296049259018,false,דן דלי 11 ליטר+ ידית,,,דן דלי 11 ליטר+ ידית,יחידה,0.00,יחידה,false,,14.90,0.0000,true,1,2115913
7296049259087,false,דן שטיח מקרר 35*52 ס,,,דן שטיח מקרר 35*52 ס,יחידה,0.00,יחידה,false,,8.90,0.0000,true,1,2115797
7296049266023,false,דן נפה קוסקוס 26,,,דן נפה קוסקוס 26,יחידה,0.00,יחידה,false,,30.90,0.0000,true,1,2116007
7296049299007,false,פיקס קלין מקל עץ 1.5,,,פיקס קלין מקל עץ 1.5,יחידה,0.00,יחידה,false,,9.90,0.0000,true,1,2115971
7296049299052,false,פיקס קלין מברשת אסלה,,,פיקס קלין מברשת אסלה,יחידה,0.00,יחידה,false,,6.90,0.0000,true,1,2115976
7296049299083,false,פיקס קלין מטאטא ילדי,,,פיקס קלין מטאטא ילדי,יחידה,0.00,יחידה,false,,9.90,0.0000,true,1,2115979
7296111000012,false,ROYAL מי קולון,,,ROYAL מי קולון,מיליליטרים,500.00,"100 מ""ל",false,,39.90,0.0798,true,1,1189921
7296168017773,false,פד דביק,,,פד דביק,יחידה,0.00,יחידה,false,,14.90,0.0000,true,1,2046162
7296179021738,false,רול און מידנייט,,,רול און מידנייט,מיליליטרים,80.00,"100 מ""ל",false,,12.90,0.1613,true,1,1664442
7296179021752,false,קרם גוף מידנייט,,,קרם גוף מידנייט,מיליליטרים,275.00,"100 מ""ל",false,,29.90,0.1087,true,1,1664443
7297304000895,false,מכנס פרנץ טרי ארוך,,,מכנס פרנץ טרי ארוך,יחידה,0.00,יחידה,false,,39.00,0.0000,true,1,1994030
7297304001816,false,מכנס ג'ינס מידות 38-,,,מכנס ג'ינס מידות 38-,יחידה,0.00,יחידה,false,,59.00,0.0000,true,1,1995630
7297304001878,false,מכנס פוטר מידות S-3X,,,מכנס פוטר מידות S-3X,יחידה,0.00,יחידה,false,,39.00,0.0000,true,1,1994032
7297304001960,false,מכנס דגמח מידות 38-5,,,מכנס דגמח מידות 38-5,יחידה,0.00,יחידה,false,,59.00,0.0000,true,1,1994035
7297304002004,false,פריט לבוש גברים/נשים,,,פריט לבוש גברים/נשים,יחידה,0.00,יחידה,false,,49.90,0.0000,true,1,2095127
7297304002127,false,מעיל,,,מעיל,יחידה,0.00,יחידה,false,,89.90,0.0000,true,1,2144018
7297391141723,false,תחתון בנים רביעייה,,,תחתון בנים רביעייה,יחידה,0.00,יחידה,false,,22.90,0.0000,true,1,2068798
7297391141877,false,תחתון בנות רביעייה,,,תחתון בנות רביעייה,יחידה,0.00,יחידה,false,,22.90,0.0000,true,1,2068813
7297391141907,false,בוקסר בנים זוג,,,בוקסר בנים זוג,יחידה,0.00,יחידה,false,,22.90,0.0000,true,1,2068816
7297391141938,false,בוקסר בנים זוג,,,בוקסר בנים זוג,יחידה,0.00,יחידה,false,,22.90,0.0000,true,1,2068819
7297488098152,false,קמח חומוס ללא גלוטן,תבליני העליון,IL,קמח חומוס 500,גרמים,500.00,100 גרם,false,,15.90,0.0318,true,1,1197125
7297488098169,false,קמח תירס ללא גלוטן,תבליני העליון,IL,קמח תירס 500 גרם,גרמים,500.00,100 גרם,false,,9.90,0.0198,true,1,1197126
7297488098183,false,קמח אורז לבן ללא גלו,תבליני העליון,IL,קמח אורז דגש 500 ג',גרמים,500.00,100 גרם,false,,9.90,0.0198,true,1,1197128
7297488098299,false,קמח טפיוקה ללא גלוטן,תבליני העליון,IL,קמח טפיוקה,גרמים,500.00,100 גרם,false,,10.90,0.0218,true,1,1197138
7297488098305,false,קמח שקדים ללא גלוטן,תבליני העליון,IL,"קמח שקדים ""דגש""",גרמים,250.00,100 גרם,false,,27.90,0.1116,true,1,1197139
7297488098688,false,פצפוצי אורז מלא ללא,,,פצפוצי אורז מלא ללא,גרמים,450.00,100 גרם,false,,20.90,0.0464,true,1,1627380
7297488099890,false,גבינה טבעונית פרוסות,,,גבינה טבעונית פרוסות,גרמים,200.00,100 גרם,false,,19.90,0.0995,true,1,1270036
7297488199590,false,פצפוצי אורז,תירפז,IL,פצפוצי אורז 450 גר' דגש,גרמים,450.00,100 גרם,false,,20.90,0.0464,true,1,1197148
7297488199620,false,פצפוצי אורז,תירפז,IL,פצפוצי אורז מלא 450 ג' דג,גרמים,450.00,100 גרם,false,,20.90,0.0464,true,1,1197150
7297488199736,false,פתיתי קוסקוס מקמח תפ,,,פתיתי קוסקוס מקמח תפ,גרמים,140.00,100 גרם,false,,14.90,0.1064,true,1,1270015
7297576759736,false,זוג אורך רגיל-כות ממ,,,זוג אורך רגיל-כות ממ,יחידה,0.00,יחידה,false,,24.90,0.0000,true,1,2002210
7297579006707,false,סט מצעים כותנה דגם ש,,,סט מצעים כותנה דגם ש,יחידה,0.00,יחידה,false,,140.00,0.0000,true,1,2050834
7297579010001,false,סט מצעים כותנה מדונה,,,סט מצעים כותנה מדונה,יחידה,0.00,יחידה,false,,120.00,0.0000,true,1,2065907
7312040017034,false,וודקה אבסלוט ליטר,,,וודקה אבסלוט ליטר,ליטרים,1.00,ליטר,false,,89.90,89.9000,true,1,1171748
7312040017683,false,"וודקה אבסלוט 700 מ""ל",,,"וודקה אבסלוט 700 מ""ל",מיליליטרים,700.00,"100 מ""ל",false,,59.90,0.0856,true,1,1171749
7393714368584,false,סיידר תות ליים קופרב,,,סיידר תות ליים קופרב,מיליליטרים,330.00,"100 מ""ל",false,,8.90,0.0270,true,1,1969783
7393714369000,false,סיידר אגסים קופרברג,,,סיידר אגסים קופרברג,מיליליטרים,330.00,"100 מ""ל",false,,8.90,0.0270,true,1,1969784
7394376123337,false,משקה שיבולת שועל  או,,,משקה שיבולת שועל  או,ליטרים,1.00,ליטר,false,,13.90,13.9000,true,1,2022650
7394376615825,false,משקה שיבולת שועל אוט,,,משקה שיבולת שועל אוט,ליטרים,1.00,ליטר,false,,13.90,13.9000,true,1,2022651
7501013101362,false,נקטר קוקוס אננס -ג'ו,,,נקטר קוקוס אננס -ג'ו,מיליליטרים,473.00,"100 מ""ל",false,,8.90,0.0188,true,1,1983140
7501013122039,false,נקטר מנגו ג'ומקס קרט,,,נקטר מנגו ג'ומקס קרט,ליטרים,1.00,ליטר,false,,9.90,9.9000,true,1,1990000
7501013122114,false,נקטר אננס ג'ומקס קרט,,,נקטר אננס ג'ומקס קרט,ליטרים,1.00,ליטר,false,,9.90,9.9000,true,1,1983152
7501013138184,false,נקטר חמוציות יוניקו,,,נקטר חמוציות יוניקו,ליטרים,1.00,ליטר,false,,11.90,11.9000,true,1,1983148
7501049936945,false,שישייה בירה סול 330,,,שישייה בירה סול 330,ליטרים,1.98,ליטר,false,,39.90,20.1515,true,1,2015862
7501064191398,false,בירה קורונה שישייה 3,,,בירה קורונה שישייה 3,ליטרים,2.13,ליטר,false,,39.90,18.7324,true,1,1959023
7509546061160,false,משחת שיניים קולגייט,,,משחת שיניים קולגייט,מיליליטרים,75.00,"100 מ""ל",false,,16.90,0.2253,true,1,2082758
7509546061665,false,דאודורנט סטיק גל-אקס,,,דאודורנט סטיק גל-אקס,גרמים,85.00,100 גרם,false,,19.90,0.2341,true,1,2136775
7509546061672,false,דאודורנט סטיק-אקסטרי,,,דאודורנט סטיק-אקסטרי,גרמים,50.00,100 גרם,false,,19.90,0.3980,true,1,2136776
7509546063515,false,דאודורנט ספריי ליידי,,,דאודורנט ספריי ליידי,מיליליטרים,150.00,"100 מ""ל",false,,24.90,0.1660,true,1,2136777
7509546666846,false,משחת שיניים קולגייט,,,משחת שיניים קולגייט,מיליליטרים,75.00,"100 מ""ל",false,,19.90,0.2653,true,1,2071562
7509546678702,false,משחת שיניים קולגייט,,,משחת שיניים קולגייט,מיליליטרים,100.00,"100 מ""ל",false,,16.90,0.1690,true,1,2135000
7610023050215,false,גרנולה קראנץ אגוזים,BIO FAMILIA,CH,"מיזלי ""קראנצ איקס 500 ""ג'",גרמים,500.00,100 גרם,false,,18.90,0.0378,true,1,1200015
7610023051212,false,מיזלי שוקו,BIO FAMILIA,CH,"מיזלי ""שוקו איקס 500 ""ג'",גרמים,500.00,100 גרם,false,,18.90,0.0378,true,1,1200017
7610100034084,false,מיונז טומי בשפורפרת,,,מיונז טומי בשפורפרת,גרמים,265.00,100 גרם,false,,12.90,0.0487,true,1,1426700
7610113000175,false,רום בקרדי מוחיטו,,,רום בקרדי מוחיטו,מיליליטרים,700.00,"100 מ""ל",false,,74.90,0.1070,true,1,1698687
7610113011652,false,בקרדי בריזר-תפוח 275,,,בקרדי בריזר-תפוח 275,מיליליטרים,275.00,"100 מ""ל",false,,12.90,0.0469,true,1,2015863
7610211130903,false,סוכרזית הרמזית 800+2,מרום את קונפינו,,סוכרזית הרמזית 800+2,גרמים,800.00,100 גרם,false,,24.90,0.0311,true,1,2108774
7610400068505,false,בונבונירה לינדור מיל,לינדט Lindt,CH,לינדור בונ' מילק 200 גרם,גרמים,200.00,100 גרם,false,,34.90,0.1745,true,1,1166807
7610400070577,false,שוקולד לינדט צ'ילי 1,לינדט Lindt,CH,לינדט אקסלנס צ'ילי 100 גר,גרמים,100.00,100 גרם,false,,14.90,0.1490,true,1,1224800
7610400074155,false,שוקלד לינדט שויצרי,לינדט Lindt,CH,לינדור בודד 60% 100 גרם,גרמים,100.00,100 גרם,false,,15.90,0.1590,true,1,1166817
7610400075787,false,שוקולד לינדט לגרנד ח,לינדט Lindt,FR,לינדט לגרנד מילק הזלנט 15,גרמים,150.00,100 גרם,false,,24.90,0.1660,true,1,1166819
7610400086202,false,שוקולד מריר לינדט לה,,,שוקולד מריר לינדט לה,גרמים,150.00,100 גרם,false,,24.90,0.1660,true,1,1642932
7610700002681,false,סוכריות ריקולה צמחים,,,סוכריות ריקולה צמחים,גרמים,50.00,100 גרם,false,,12.90,0.2580,true,1,2013582
7610700012642,false,סוכריות ריקולה צמחים,,,סוכריות ריקולה צמחים,גרמים,70.00,100 גרם,false,,9.90,0.1414,true,1,2044991
7610700013083,false,סוכריות ריקולה צמחים,,,סוכריות ריקולה צמחים,גרמים,50.00,100 גרם,false,,12.90,0.2580,true,1,2086060
7610700607046,false,סוכריות ריקולה צמחים,,,סוכריות ריקולה צמחים,גרמים,50.00,100 גרם,false,,12.90,0.2580,true,1,1184461
7610700607077,false,סוכריות ריקולה צמחים,,,סוכריות ריקולה צמחים,גרמים,50.00,100 גרם,false,,12.90,0.2580,true,1,1184462
7612720201013,false,ריחנית  LITTLE TREE,,,ריחנית  LITTLE TREE,יחידה,0.00,יחידה,false,,4.90,0.0000,true,1,2121432
7613030979647,false,דגני בוקר טריקס 480,,,דגני בוקר טריקס 480,גרמים,480.00,100 גרם,false,,23.90,0.0498,true,1,1667713
7613032045753,false,דגני בוקר פיטנס עם ש,נסטלה,FR,פיטנס שוקולד 375 גרם,גרמים,375.00,100 גרם,false,,19.90,0.0531,true,1,1156841
7613033548192,false,דגני בוקר פיטנס שוקו,נסטלה,FR,פיטנס שוקולד מריר 375 גרם,גרמים,375.00,100 גרם,false,,19.90,0.0531,true,1,1156866
7613035548374,false,דגני בוקר גולדן מיני,,,דגני בוקר גולדן מיני,גרמים,570.00,100 גרם,false,,24.90,0.0437,true,1,1282579
7613035622623,false,פיטנס גרנולה שקדים ו,,,פיטנס גרנולה שקדים ו,גרמים,300.00,100 גרם,false,,12.90,0.0430,true,1,1297996
7613035635845,false,פיטנס גרנולה שוקולד,,,פיטנס גרנולה שוקולד,גרמים,300.00,100 גרם,false,,12.90,0.0430,true,1,1297997
7613035758834,false,פיטנס גרנולה חמוציות,,,פיטנס גרנולה חמוציות,גרמים,300.00,100 גרם,false,,12.90,0.0430,true,1,1344437
7613035809109,false,רוטב עגבניות ובזילקו,,,רוטב עגבניות ובזילקו,גרמים,400.00,100 גרם,false,,8.90,0.0223,true,1,1344407
7613035809123,false,רוטב עגבניות עם פלפל,,,רוטב עגבניות עם פלפל,גרמים,400.00,100 גרם,false,,8.90,0.0223,true,1,1344408
7613035809857,false,רוטב עגבניות לפסטה ו,,,רוטב עגבניות לפסטה ו,גרמים,400.00,100 גרם,false,,8.90,0.0223,true,1,1344409
7613036288026,false,"דוגלי גורים 3 ק""ג",,,"דוגלי גורים 3 ק""ג",קילוגרמים,3.00,"ק""ג",false,,42.90,14.3000,true,1,1631388
7613036288958,false,"דוגלי אקטיב 3 ק""ג",,,"דוגלי אקטיב 3 ק""ג",קילוגרמים,3.00,"ק""ג",false,,42.90,14.3000,true,1,1631389
7613036387798,false,דגני בוקר פיטנס יוגו,,,דגני בוקר פיטנס יוגו,גרמים,350.00,100 גרם,false,,19.90,0.0569,true,1,1565686
7613036520492,false,רוטב עגבניות לפיצה פ,,,רוטב עגבניות לפיצה פ,גרמים,400.00,100 גרם,false,,8.90,0.0223,true,1,1674348
7613036710879,false,חטיף קיט קט מיני,,,חטיף קיט קט מיני,גרמים,194.00,100 גרם,false,,12.90,0.0665,true,1,1816595
7613036737623,false,דגני בוקר קראנץ מקס,,,דגני בוקר קראנץ מקס,גרמים,410.00,100 גרם,false,,24.90,0.0607,true,1,1750591
7613036880534,false,גרבר מחית מרק ירקות,,,גרבר מחית מרק ירקות,גרמים,190.00,100 גרם,false,,6.50,0.0342,true,1,1987403
7613037686906,false,דגני בוקר פיטנס שקדי,,,דגני בוקר פיטנס שקדי,גרמים,355.00,100 גרם,false,,19.90,0.0561,true,1,1990543
7613038268262,false,דגני בוקר האני ציריו,,,דגני בוקר האני ציריו,גרמים,410.00,100 גרם,false,,19.90,0.0485,true,1,1994869
7613038451954,false,דגני בוקר קראנץ שוקו,,,דגני בוקר קראנץ שוקו,גרמים,410.00,100 גרם,false,,21.90,0.0534,true,1,1994840
7613039770450,false,טבעול סנסשיונל בורגר,עיצובים 2020 (4.8),,טבעול סנסשיונל בורגר,גרמים,226.00,100 גרם,false,,34.90,0.1544,true,1,2033378
7613039771174,false,טבעול סנסשיונל מינס,עיצובים 2020 (4.8),,טבעול סנסשיונל מינס,גרמים,400.00,100 גרם,false,,34.90,0.0872,true,1,2033379
7613039879382,false,גרבר מחית תפוחי עץ,,,גרבר מחית תפוחי עץ,גרמים,190.00,100 גרם,false,,6.50,0.0342,true,1,2049704
7613287121783,false,חטיף סמרטיס מיני מאר,,,חטיף סמרטיס מיני מאר,גרמים,187.00,100 גרם,false,,12.90,0.0690,true,1,2074316
7613287155863,false,גרבר מחית אגס פאוץ,,,גרבר מחית אגס פאוץ,גרמים,90.00,100 גרם,false,,5.90,0.0656,true,1,2049712
7613287181411,false,ויטמינצ'יק פרי סלט פ,,,ויטמינצ'יק פרי סלט פ,גרמים,110.00,100 גרם,false,,6.90,0.0627,true,1,2084343
7613287182357,false,ויטמינצ'יק פרי אגס ת,,,ויטמינצ'יק פרי אגס ת,גרמים,110.00,100 גרם,false,,6.90,0.0627,true,1,2084345
7613287186928,false,סטארבקס קפסולות ברקפ,,,סטארבקס קפסולות ברקפ,גרמים,56.00,100 גרם,false,,21.90,0.3911,true,1,2084746
7613287302373,false,סטארבקס איטלאן סטייל,,,סטארבקס איטלאן סטייל,גרמים,55.00,100 גרם,false,,21.90,0.3982,true,1,2062665
7613287325808,false,רוטב איולי שום 295 מ,,,רוטב איולי שום 295 מ,מיליליטרים,295.00,"100 מ""ל",false,,13.90,0.0471,true,1,2087198
7613287325853,false,רוטב ספייסי איולי שו,,,רוטב ספייסי איולי שו,מיליליטרים,295.00,"100 מ""ל",false,,13.90,0.0471,true,1,2087200
7613287476678,false,דגני בוקר סינימיניס,,,דגני בוקר סינימיניס,גרמים,360.00,100 גרם,false,,24.90,0.0692,true,1,2084653
7613287821348,false,נתחוני עוף טבעוני טב,עיצובים 2020 (4.8),,נתחוני עוף טבעוני טב,גרמים,350.00,100 גרם,false,,34.90,0.0997,true,1,2087094
7622010001858,false,עוגיות אוראו 176 גרם,קראפט,,עוגיות אוראו 176 גרם,גרמים,176.00,100 גרם,false,,8.90,0.0506,true,1,1293127
7622201050757,false,מילקה שוקולד קרמל 90,קראפט,,מילקה שוקולד קרמל 90,גרמים,90.00,100 גרם,false,,5.90,0.0656,true,1,1157468
7622201139278,false,גבינת פילדלפיה שמנה,,,גבינת פילדלפיה שמנה,גרמים,150.00,100 גרם,false,,12.90,0.0860,true,1,1999088
7622201401900,false,עוגיות מילקה סנסיישן,קראפט,,עוגיות מילקה סנסיישן,גרמים,156.00,100 גרם,false,,12.90,0.0827,true,1,2038815
7622201521493,false,גבינת פילדלפיה שום ו,,,גבינת פילדלפיה שום ו,גרמים,150.00,100 גרם,false,,9.90,0.0660,true,1,2127493
7622201798154,false,גבינת פילדלפיה לייט,,,גבינת פילדלפיה לייט,גרמים,150.00,100 גרם,false,,12.90,0.0860,true,1,2086858
7622201802363,false,מילקה שוקולד צימוקים,קראפט,,מילקה שוקולד צימוקים,גרמים,100.00,100 גרם,false,,5.90,0.0590,true,1,2080222
7622201802394,false,מילקה שוקולד חלב 100,קראפט,,מילקה שוקולד חלב 100,גרמים,100.00,100 גרם,false,,5.90,0.0590,true,1,2080223
7622201808631,false,עוגיות אוראו מיני כו,קראפט,,עוגיות אוראו מיני כו,גרמים,67.00,100 גרם,false,,5.90,0.0881,true,1,2080224
7622201809188,false,עוגיות מילקה ביסקווי,קראפט,,עוגיות מילקה ביסקווי,גרמים,150.00,100 גרם,false,,12.90,0.0860,true,1,2075362
7622201813390,false,מילקה וופל במילוי קר,קראפט,,מילקה וופל במילוי קר,גרמים,150.00,100 גרם,false,,12.90,0.0860,true,1,2067682
7622210078131,false,מילקה שוקולד 100 גרם,קראפט,,מילקה שוקולד 100 גרם,גרמים,100.00,100 גרם,false,,5.90,0.0590,true,1,1453951
7622210117762,false,שוקולד קוטדור בושה 2,קראפט,,שוקולד קוטדור בושה 2,גרמים,200.00,100 גרם,false,,14.90,0.0745,true,1,1620431
7622210137234,false,עוגיות אוראו דאבל קר,קראפט,,עוגיות אוראו דאבל קר,גרמים,170.00,100 גרם,false,,7.90,0.0465,true,1,1338498
7622210163899,false,מילקה שוקולד 100 גרם,קראפט,,מילקה שוקולד 100 גרם,גרמים,100.00,100 גרם,false,,5.90,0.0590,true,1,1690624
7622210453327,false,עוגיות מילקה סנסיישן,קראפט,,עוגיות מילקה סנסיישן,גרמים,150.00,100 גרם,false,,12.90,0.0860,true,1,1585889
7622210464729,false,עוגיות אוראו גולדן 1,קראפט,,עוגיות אוראו גולדן 1,גרמים,154.00,100 גרם,false,,8.90,0.0578,true,1,1990302
7622210597915,false,מילקה לבבות פרלינים,קראפט,,מילקה לבבות פרלינים,גרמים,110.00,100 גרם,false,,12.90,0.1173,true,1,2027434
7622210635105,false,עוגיות אוראו תות 154,קראפט,,עוגיות אוראו תות 154,גרמים,154.00,100 גרם,false,,8.90,0.0578,true,1,1975573
7622210638021,false,עוגיות אוראו ביס קרא,קראפט,,עוגיות אוראו ביס קרא,גרמים,110.00,100 גרם,false,,7.90,0.0718,true,1,2038817
7622210826053,false,שוקולד מילקה אוראו ס,קראפט,,שוקולד מילקה אוראו ס,גרמים,96.00,100 גרם,false,,5.90,0.0615,true,1,2042025
7622210835338,false,עוגיות אוראו בראוניז,קראפט,,עוגיות אוראו בראוניז,גרמים,176.00,100 גרם,false,,8.90,0.0506,true,1,1690626
7622300270506,false,עוגיות מילקה שיבולת,קראפט,,עוגיות מילקה שיבולת,גרמים,168.00,100 גרם,false,,12.90,0.0768,true,1,1157473
7622300315283,false,עוגיות אוראו וניל 15,קראפט,,עוגיות אוראו וניל 15,גרמים,154.00,100 גרם,false,,8.90,0.0578,true,1,2080225
7622300441715,false,עוגיות מילקה שוקומינ,קראפט,,עוגיות מילקה שוקומינ,גרמים,150.00,100 גרם,false,,12.90,0.0860,true,1,1352051
7622300489427,false,עוגיות אוראו  בציפוי,קראפט,,עוגיות אוראו  בציפוי,גרמים,246.00,100 גרם,false,,18.90,0.0768,true,1,1661287
7622300503079,false,עוגיות מילקה ביסקווי,קראפט,,עוגיות מילקה ביסקווי,גרמים,200.00,100 גרם,false,,12.90,0.0645,true,1,1157480
7622300617820,false,מילקה אוראו 100 גרם,קראפט,,מילקה אוראו 100 גרם,גרמים,100.00,100 גרם,false,,5.90,0.0590,true,1,1157481
7622300761363,false,עוגיות אוראו מיני כו,קראפט,,עוגיות אוראו מיני כו,גרמים,67.00,100 גרם,false,,5.90,0.0881,true,1,1512904
7622300772314,false,עוגיות אוראו 66 גרם,קראפט,,עוגיות אוראו 66 גרם,גרמים,66.00,100 גרם,false,,3.50,0.0530,true,1,1157484
7622400005190,false,מילקה שוקולד 100 גרם,קראפט,,מילקה שוקולד 100 גרם,גרמים,100.00,100 גרם,false,,5.90,0.0590,true,1,1226950
7622400006753,false,שוקולד קוטדור מריר 1,קראפט,,שוקולד קוטדור מריר 1,גרמים,100.00,100 גרם,false,,12.90,0.1290,true,1,1157487
7622400013423,false,שוקולד קוטדור מריר 1,קראפט,,שוקולד קוטדור מריר 1,גרמים,100.00,100 גרם,false,,12.90,0.1290,true,1,1157489
7630311507016,false,סטארבקס קפסולות סאני,,,סטארבקס קפסולות סאני,גרמים,57.00,100 גרם,false,,21.90,0.3842,true,1,2115070
7630477891592,false,סטארבקס קפסולות האוס,,,סטארבקס קפסולות האוס,גרמים,57.00,100 גרם,false,,21.90,0.3842,true,1,2031063
7630477891615,false,סטארבקס קפסולות סומט,,,סטארבקס קפסולות סומט,גרמים,57.00,100 גרם,false,,21.90,0.3842,true,1,2031064
7630477891639,false,סטארבקס קפסולות ורונ,,,סטארבקס קפסולות ורונ,גרמים,57.00,100 גרם,false,,21.90,0.3842,true,1,2031065
7630477891653,false,סטארבקס קפסולות נטול,,,סטארבקס קפסולות נטול,גרמים,57.00,100 גרם,false,,21.90,0.3842,true,1,2031066
7630477891677,false,סטארבקס קפסולות פייק,,,סטארבקס קפסולות פייק,גרמים,57.00,100 גרם,false,,21.90,0.3842,true,1,2031067
7630477891691,false,סטארבקס קפסולות קולמ,,,סטארבקס קפסולות קולמ,גרמים,57.00,100 גרם,false,,21.90,0.3842,true,1,2031068
7630477891714,false,סטארבקס קפסולות אספר,,,סטארבקס קפסולות אספר,גרמים,57.00,100 גרם,false,,21.90,0.3842,true,1,2031069
7630477891738,false,סטארבקס קפסולות אספר,,,סטארבקס קפסולות אספר,גרמים,57.00,100 גרם,false,,21.90,0.3842,true,1,2031070
7638900083071,false,"סוללות אנרג""יזר A76",,,"סוללות אנרג""יזר A76",יח',2.00,יח',false,,14.90,7.4500,true,1,1865151
7638900248357,false,"סוללות אנרג""יזר 2032",,,"סוללות אנרג""יזר 2032",יח',2.00,יח',false,,19.90,9.9500,true,1,1865153
7702018016808,false,סכין גילוח לנשים גיל,פרוקטר אנד גמבל,PL,ונוס ריווירה - סכין  חד,יח',2.00,יח',false,,19.90,9.9500,true,1,1158109
7702018072804,false,סכיני גילוח לנשים פר,פרוקטר אנד גמבל,PL,סכיני ונוס פרוסקין רביעיה,10  יחידה,4.00,10  יחידה,false,,54.90,13.7250,true,1,1158120
7702018263783,false,מאך 3 שמינייה,,,מאך 3 שמינייה,יח',8.00,יח',false,,69.90,8.7375,true,1,1807392
7702018263844,false,4 סכיני גילוח פיוזן,,,4 סכיני גילוח פיוזן,יח',4.00,יח',false,,79.90,19.9750,true,1,1238556
7702018263875,false,8 סכיני גילוח פיוזן,,,8 סכיני גילוח פיוזן,יח',8.00,יח',false,,139.90,17.4875,true,1,1238557
7702018263936,false,8 סכיני גילוח פיוזן,,,8 סכיני גילוח פיוזן,יח',8.00,יח',false,,169.90,21.2375,true,1,1238559
7702018271788,false,דאודורנט ק.גל ג'ילט,פרוקטר אנד גמבל,CZ,70 מל Sport דאו קליר ג'ל,מיליליטרים,70.00,"100 מ""ל",false,,18.90,0.2700,true,1,1158134
7702018321520,false,דאודורנט סטיק מתקדם,פרוקטר אנד גמבל,US,דאו סטיק מתקדם 45 מל AI,גרמים,45.00,100 גרם,false,,19.90,0.4422,true,1,1158145
7702018321582,false,דאודורנט סטיק מתקדם,פרוקטר אנד גמבל,US,דאו סטיק מתקדם 45 מל CW,גרמים,45.00,100 גרם,false,,19.90,0.4422,true,1,1158146
7702018355518,false,מכשיר גילוח פרוגלייד,,,מכשיר גילוח פרוגלייד,יח',1.00,יח',false,,39.90,39.9000,true,1,1228017
7702018389285,false,מכשיר גילוח פרוגלייד,,,מכשיר גילוח פרוגלייד,יח',1.00,יח',false,,59.90,59.9000,true,1,1290423
7702018458110,false,מכשיר גילוח ג'ילט פי,,,מכשיר גילוח ג'ילט פי,יח',1.00,יח',false,,49.90,49.9000,true,1,1690588
7702018464753,false,ג'ל גילוח ג'ילט פיוז,,,ג'ל גילוח ג'ילט פיוז,מיליליטרים,200.00,"100 מ""ל",false,,19.90,0.0995,true,1,1954754
7702018468447,false,סכיני גילוח אולטרה ג,,,סכיני גילוח אולטרה ג,יח',10.00,יח',false,,24.90,2.4900,true,1,1960672
7702018539468,false,ג'ילט מארז ונוס תות,,,ג'ילט מארז ונוס תות,יח',3.00,יח',false,,41.90,13.9667,true,1,2076109
7702018866984,false,4 סכיני גילוח ג'ילט,פרוקטר אנד גמבל,PL,4 סכיני גילוח פיוז'ן ידני,יח',4.00,יח',false,,69.90,17.4750,true,1,1158153
7702018978106,false,דאודורנט ק.ג'ל ג'ילט,פרוקטר אנד גמבל,CZ,דאודורנט קליר ג'ל AI,מיליליטרים,70.00,"100 מ""ל",false,,18.90,0.2700,true,1,1158163
7702018978120,false,דאודורנט ק.ג'ל ג'ילט,פרוקטר אנד גמבל,CZ,דאודורנט קליר ג'ל CW,מיליליטרים,70.00,"100 מ""ל",false,,18.90,0.2700,true,1,1158164
7702018980833,false,ג'ל גילוח ג'ילט סירי,,,ג'ל גילוח ג'ילט סירי,מיליליטרים,200.00,"100 מ""ל",false,,17.90,0.0895,true,1,1349766
7702018980864,false,סירייס קצף גילוח 250,,,סירייס קצף גילוח 250,מיליליטרים,250.00,"100 מ""ל",false,,19.90,0.0796,true,1,1349767
7702024074625,false,חטיפי קרקר חיטה מלאה,,,חטיפי קרקר חיטה מלאה,גרמים,234.00,100 גרם,false,,10.90,0.0466,true,1,1750583
7702024258322,false,חטיפי קרקר צ'יה ופשת,,,חטיפי קרקר צ'יה ופשת,גרמים,234.00,100 גרם,false,,10.90,0.0466,true,1,2031887
7702174068826,false,סוכריות לקקן יוגטה-פ,,,סוכריות לקקן יוגטה-פ,גרמים,216.00,100 גרם,false,,10.90,0.0505,true,1,1174173
7702174068833,false,סוכריות לקקן יוגטה ע,,,סוכריות לקקן יוגטה ע,גרמים,216.00,100 גרם,false,,10.90,0.0505,true,1,1174174
7702174070201,false,סוכריות לקקן יוגטה-מ,,,סוכריות לקקן יוגטה-מ,גרמים,216.00,100 גרם,false,,10.90,0.0505,true,1,1174177
7702174073783,false,סוכריות לקקן יוגטה-פ,,,סוכריות לקקן יוגטה-פ,גרמים,216.00,100 גרם,false,,10.90,0.0505,true,1,1273101
7792860006218,false,סוכריות לקקן בייבי ד,לרטייר Lheritier,AR,בייבידול לקקן 24 גרם,גרמים,24.00,100 גרם,false,,2.00,0.0833,true,1,1166827
7798164800019,false,אוכמניות ויוה,,,אוכמניות ויוה,גרמים,125.00,100 גרם,false,,9.90,0.0792,true,1,1206039
7804414000860,false,יין קברנה סובניון דו,,,יין קברנה סובניון דו,מיליליטרים,750.00,"100 מ""ל",false,,29.90,0.0399,true,1,1181313
7804414000877,false,יין מרלו דון חוליו,,,יין מרלו דון חוליו,מיליליטרים,750.00,"100 מ""ל",false,,29.90,0.0399,true,1,1181314
7804414000884,false,יין שרדונה דון חוליו,,,יין שרדונה דון חוליו,מיליליטרים,750.00,"100 מ""ל",false,,29.90,0.0399,true,1,1181315
7804414001614,false,יין שירז,,,יין שירז,מיליליטרים,750.00,"100 מ""ל",false,,29.90,0.0399,true,1,1181316
7804414012344,false,יין סוביניון בלאן דו,,,יין סוביניון בלאן דו,מיליליטרים,750.00,"100 מ""ל",false,,29.90,0.0399,true,1,1609013
7804414012351,false,יין דון חוליו מלבק,,,יין דון חוליו מלבק,מיליליטרים,750.00,"100 מ""ל",false,,29.90,0.0399,true,1,1609014
7804414012368,false,יין דון חוליו רוזה,,,יין דון חוליו רוזה,מיליליטרים,750.00,"100 מ""ל",false,,29.90,0.0399,true,1,1609015
7804414017110,false,יין דון חוליו פינו נ,,,יין דון חוליו פינו נ,מיליליטרים,750.00,"100 מ""ל",false,,29.90,0.0399,true,1,2000693
7891024027998,false,מי פה קולגייט טוטאל,,,מי פה קולגייט טוטאל,מיליליטרים,500.00,"100 מ""ל",false,,24.90,0.0498,true,1,2135001
7891024030974,false,קולגייט טריפל אקשן 7,,,קולגייט טריפל אקשן 7,גרמים,75.00,100 גרם,false,,6.90,0.0920,true,1,1357722
7891024124826,false,משחת שיניים אופטיק ו,COLGATE PALMOLIVE,BR,קולגייט משחת אופטיק וייט,מיליליטרים,75.00,"100 מ""ל",false,,19.90,0.2653,true,1,1186046
7891024130063,false,מי פה פלאקס ללא אלכו,COLGATE PALMOLIVE,BR,קולגייט מי פה פלאקס סופט,גרמים,500.00,100 גרם,false,,24.90,0.0498,true,1,1186048
8000040001106,false,"קמפרי 700 מ""ל",,,"קמפרי 700 מ""ל",מיליליטרים,700.00,"100 מ""ל",false,,69.90,0.0999,true,1,1199024
8000070003774,false,מארז 16 קפסולות אינט,,,מארז 16 קפסולות אינט,גרמים,120.00,100 גרם,false,,29.90,0.2492,true,1,2144394
8000070003811,false,מארז 16 קפסולות פסיו,,,מארז 16 קפסולות פסיו,100 1,120.00,100 1,false,,29.90,0.2492,true,1,2144396
8000070003842,false,מארז 16 קפסולות קרמו,,,מארז 16 קפסולות קרמו,100 1,120.00,100 1,false,,29.90,0.2492,true,1,2144397
8000070003880,false,מארז 16 קפסולות קרמה,,,מארז 16 קפסולות קרמה,גרמים,120.00,100 גרם,false,,29.90,0.2492,true,1,2144398
8000070032835,false,קפה לוואצה מאטינו,,,קפה לוואצה מאטינו,גרמים,250.00,100 גרם,false,,26.90,0.1076,true,1,1189204
8000070038868,false,קפה לוואצה קרמה גוסט,,,קפה לוואצה קרמה גוסט,גרמים,250.00,100 גרם,false,,29.90,0.1196,true,1,1189207
8000070053465,false,מארז 10 קפסולות אורו,,,מארז 10 קפסולות אורו,גרמים,55.00,100 גרם,false,,19.90,0.3618,true,1,2146154
8000070053472,false,מארז 10 קפסולות קרמה,,,מארז 10 קפסולות קרמה,100 1,57.00,100 1,false,,19.90,0.3491,true,1,2146146
8000070053526,false,מארז 10 קפסולות רוסה,,,מארז 10 קפסולות רוסה,גרמים,57.00,100 גרם,false,,19.90,0.3491,true,1,2146156
8000070055254,false,מארז 10 קפסולות קרמה,,,מארז 10 קפסולות קרמה,גרמים,55.00,100 גרם,false,,19.90,0.3618,true,1,2146147
8000070059832,false,מארז 10 קפסולות קרמה,,,מארז 10 קפסולות קרמה,גרמים,55.00,100 גרם,false,,19.90,0.3618,true,1,2146148
8000070064553,false,מארז 16 קפסולות רוסה,,,מארז 16 קפסולות רוסה,100 1,120.00,100 1,false,,29.90,0.2492,true,1,2144399
8000113003402,false,קמח תירס בוואקום 1 ק,MOLINO,IT,קמח תירס בווקום 1 קג,קילוגרמים,1.00,"ק""ג",false,,15.90,15.9000,true,1,1159751
8000215204219,false,משקה אורז אורגני 1 ל,,,משקה אורז אורגני 1 ל,ליטרים,1.00,ליטר,false,,13.90,13.9000,true,1,1347116
8000215204240,false,משקה אורז אורגני 1 ל,,,משקה אורז אורגני 1 ל,ליטרים,1.00,ליטר,false,,13.90,13.9000,true,1,1347024
8000320010095,false,רוטב עגבניות פסאטה צ,,,רוטב עגבניות פסאטה צ,מיליליטרים,700.00,"100 מ""ל",false,,10.90,0.0156,true,1,2144920
8000320387975,false,עגבניות שרי,,,עגבניות שרי,גרמים,400.00,100 גרם,false,,7.90,0.0198,true,1,1247048
8000320990113,false,רסק עגבניות צ'יריו,,,רסק עגבניות צ'יריו,גרמים,500.00,100 גרם,false,,7.90,0.0158,true,1,1247289
8000380003723,false,לואקר גרנד אגוזים 10,לואקר,IT,עוגיות גרנד פטיסרי 100 ג,גרמים,100.00,100 גרם,false,,9.90,0.0990,true,1,1174178
8000380003761,false,לואקר גרנד קוקוס 100,לואקר,IT,עוגיות גרנד פטיסרי 100 ג,גרמים,100.00,100 גרם,false,,9.90,0.0990,true,1,1174179
8000380004669,false,וופל לואקר קקאו ממול,לואקר,AT,וופל קקאו 200 גרם,גרמים,200.00,100 גרם,false,,12.90,0.0645,true,1,1174181
8000380004676,false,וופל לואקר וניל ממול,לואקר,AT,וופל וניל 200 גרם,גרמים,200.00,100 גרם,false,,12.90,0.0645,true,1,1174182
8000380004911,false,וופל אגוז ממולא 250,לואקר,AT,וופל קוארדטיני אגוז 250 ג,גרמים,250.00,100 גרם,false,,14.90,0.0596,true,1,1174184
8000380004966,false,וופל קקאו ממולא 250,לואקר,AT,וופל קוארדטיני קקאו 250 ג,גרמים,250.00,100 גרם,false,,14.90,0.0596,true,1,1174186
8000380005598,false,שוקולד טורטינה 1/6 מ,לואקר,IT,טורטינה מריר 1/6 125 גר ל,גרמים,125.00,100 גרם,false,,16.90,0.1352,true,1,1174187
8000380007257,false,וופל גרדנה 200 גרם,,,וופל גרדנה 200 גרם,גרמים,200.00,100 גרם,false,,14.90,0.0745,true,1,1174189
8000380007264,false,וופל לואקר 175 גרם,לואקר,AT,וופל לואקר קקאו 175 גרם,גרמים,175.00,100 גרם,false,,10.90,0.0623,true,1,1174190
8000380007271,false,וופל לואקר 175 גרם,לואקר,AT,וופל לואקר חלב 175 גרם,גרמים,175.00,100 גרם,false,,10.90,0.0623,true,1,1174191
8000380106028,false,שוקולד טורטינה 1/6 ש,לואקר,IT,טורטינה אורגינל 1/6 125 ג,גרמים,125.00,100 גרם,false,,16.90,0.1352,true,1,1174192
8000380142484,false,וופל שוקולד ממולא 25,לואקר,AT,קואדרטיני שוקולד מריר 250,גרמים,250.00,100 גרם,false,,14.90,0.0596,true,1,1174194
8000380144044,false,וופל גרדנה 200 גרם,לואקר,IT,וופל  גרדנה שוקולד  200 ג,גרמים,200.00,100 גרם,false,,14.90,0.0745,true,1,1174195
8000380153534,false,שוקולד טורטינה 1/6 ל,לואקר,IT,טורטינה לבן 1/6 125 גר לו,גרמים,125.00,100 גרם,false,,16.90,0.1352,true,1,1174205
8000380156825,false,שוקולד לואקר חלב,לואקר,IT,שוקולד לואקר חלב 87 גרם,גרמים,87.00,100 גרם,false,,7.90,0.0908,true,1,1218431
8000380156849,false,שוקולד לואקר מריר,לואקר,IT,שוקולד לואקר מריר 87 גרם,גרמים,87.00,100 גרם,false,,7.90,0.0908,true,1,1218433
8000380156856,false,שוקולד לואקר לבן,לואקר,IT,שוקולד לואקר לבן 87 גרם,גרמים,87.00,100 גרם,false,,7.90,0.0908,true,1,1218434
8000380157570,false,וופל לואקר אגוז,,,וופל לואקר אגוז,גרמים,262.00,100 גרם,false,,9.90,0.0378,true,1,1494634
8000380180721,false,וופל לואקר 175 גרם,,,וופל לואקר 175 גרם,גרמים,175.00,100 גרם,false,,10.90,0.0623,true,1,1293235
8000380180745,false,וופל לואקר שוקו חלב,,,וופל לואקר שוקו חלב,גרמים,250.00,100 גרם,false,,14.90,0.0596,true,1,1293236
8000380181032,false,חטיפי שוקולד אגוז גר,,,חטיפי שוקולד אגוז גר,גרמים,125.00,100 גרם,false,,14.90,0.1192,true,1,1335735
8000380192151,false,שוקולד טורטינה 1/6 ט,,,שוקולד טורטינה 1/6 ט,גרמים,125.00,100 גרם,false,,16.90,0.1352,true,1,2114512
8000380192199,false,וופל לואקר 175 גרם,,,וופל לואקר 175 גרם,גרמים,175.00,100 גרם,false,,10.90,0.0623,true,1,1912454
8000380192243,false,ופלים מלבנים פריכיים,,,ופלים מלבנים פריכיים,גרמים,200.00,100 גרם,false,,12.90,0.0645,true,1,2101011
8000380192250,false,ופל שוקולד מקסי לואק,,,ופל שוקולד מקסי לואק,גרמים,200.00,100 גרם,false,,12.90,0.0645,true,1,2101012
8000380192588,false,וופל דאבל שוקולד ממו,,,וופל דאבל שוקולד ממו,גרמים,250.00,100 גרם,false,,14.90,0.0596,true,1,1915644
8000380198221,false,וופל לואקר קקאו ממול,,,וופל לואקר קקאו ממול,גרמים,200.00,100 גרם,false,,12.90,0.0645,true,1,2013390
8000380201396,false,קרמל טורטינה 1/6 שוק,,,קרמל טורטינה 1/6 שוק,גרמים,126.00,100 גרם,false,,16.90,0.1341,true,1,2053570
8000380201525,false,שוקולד טורטינה 1/6 א,,,שוקולד טורטינה 1/6 א,גרמים,126.00,100 גרם,false,,16.90,0.1341,true,1,2094529
8000500009673,false,שוקולד פררו רושר 300,,,שוקולד פררו רושר 300,גרמים,300.00,100 גרם,false,,46.90,0.1563,true,1,1174207
8000500023624,false,הפי היפו חמישייה,,,הפי היפו חמישייה,גרמים,103.50,100 גרם,false,,12.90,0.1246,true,1,1174208
8000500023976,false,חטיף רפאלו שוקולד 15,,,חטיף רפאלו שוקולד 15,גרמים,150.00,100 גרם,false,,14.90,0.0993,true,1,1174209
8000500026731,false,ביצת הפתעה קינדר שלי,,,ביצת הפתעה קינדר שלי,גרמים,60.00,100 גרם,false,,14.90,0.2483,true,1,1254888
8000500028124,false,ביצת הפתעה מארז שליש,,,ביצת הפתעה מארז שליש,גרמים,60.00,100 גרם,false,,14.90,0.2483,true,1,2137270
8000500029350,false,קינדר בואנו 3 יח שוק,,,קינדר בואנו 3 יח שוק,גרמים,129.00,100 גרם,false,,9.90,0.0767,true,1,1174211
8000500032237,false,שוקולד פררו רושר 375,,,שוקולד פררו רושר 375,גרמים,375.00,100 גרם,false,,44.90,0.1197,true,1,1174212
8000500037874,false,שוקולד פררו רושר 200,,,שוקולד פררו רושר 200,גרמים,200.00,100 גרם,false,,24.90,0.1245,true,1,1174213
8000500071083,false,שוקולד קינדר אצבעות,,,שוקולד קינדר אצבעות,גרמים,200.00,100 גרם,false,,11.90,0.0595,true,1,1174215
8000500075708,false,ביצת הפתעה מארז שליש,,,ביצת הפתעה מארז שליש,גרמים,60.00,100 גרם,false,,14.90,0.2483,true,1,1174216
8000500094976,false,פררו רושה קונוס 212,,,פררו רושה קונוס 212,גרמים,212.00,100 גרם,false,,39.90,0.1882,true,1,1174217
8000500121436,false,קינדר בואנו 3 יח לבן,,,קינדר בואנו 3 יח לבן,גרמים,117.00,100 גרם,false,,9.90,0.0846,true,1,1174218
8000500126325,false,ביצת הפתעה מארז שליש,,,ביצת הפתעה מארז שליש,גרמים,60.00,100 גרם,false,,14.90,0.2483,true,1,1174219
8000500127728,false,עוגת ספוג במילוי קרם,,,עוגת ספוג במילוי קרם,גרמים,112.00,100 גרם,false,,11.90,0.1063,true,1,2072088
8000500167656,false,שוקולד קינדר סיריאל,,,שוקולד קינדר סיריאל,גרמים,94.00,100 גרם,false,,7.90,0.0840,true,1,2043414
8000500227848,false,נוטלה בי-ריידי וופל,,,נוטלה בי-ריידי וופל,גרמים,132.00,100 גרם,false,,9.90,0.0750,true,1,1691928
8000500249352,false,קינדר בואנו מיני מיק,,,קינדר בואנו מיני מיק,גרמים,205.00,100 גרם,false,,17.90,0.0873,true,1,1570519
8000500256213,false,קינדר שוקולד מיני,,,קינדר שוקולד מיני,גרמים,120.00,100 גרם,false,,9.90,0.0825,true,1,1889087
8000500267103,false,קינדר דליס מארז עשיר,,,קינדר דליס מארז עשיר,גרמים,390.00,100 גרם,false,,19.90,0.0510,true,1,1744012
8000500269169,false,קינדר קארדס חמישייה,,,קינדר קארדס חמישייה,גרמים,128.00,100 גרם,false,,12.90,0.1008,true,1,2134322
8000500353738,false,סוכריות טיק-טק רביעי,,,סוכריות טיק-טק רביעי,גרמים,64.00,100 גרם,false,,9.90,0.1547,true,1,2042332
8000500374429,false,שוקולד גרנד רושה 125,,,שוקולד גרנד רושה 125,גרמים,125.00,100 גרם,false,,15.90,0.1272,true,1,2083038
8001003100164,false,סוכריות ג'לי,,,סוכריות ג'לי,גרמים,450.00,100 גרם,false,,9.90,0.0220,true,1,1729437
8001003100218,false,סוכריות גומי יוגטה ג,,,סוכריות גומי יוגטה ג,גרמים,800.00,100 גרם,false,,19.90,0.0249,true,1,1174225
8001090016003,false,טבליות פיירי למדיח כ,,,טבליות פיירי למדיח כ,יח',84.00,יח',false,,59.90,0.7131,true,1,1361199
8001090184375,false,"פיירי אורגינל 900 מ""",,,"פיירי אורגינל 900 מ""",מיליליטרים,900.00,"100 מ""ל",false,,12.90,0.0143,true,1,2129255
8001090184412,false,"פיירי לימון 900 מ""ל",,,"פיירי לימון 900 מ""ל",מיליליטרים,900.00,"100 מ""ל",false,,12.90,0.0143,true,1,2129261
8001090222428,false,שמפו הרבל אסנסס חלב,,,שמפו הרבל אסנסס חלב,מיליליטרים,400.00,"100 מ""ל",false,,14.90,0.0373,true,1,1981905
8001090222541,false,שמפו הרבל אסנסס תות,,,שמפו הרבל אסנסס תות,מיליליטרים,400.00,"100 מ""ל",false,,14.90,0.0373,true,1,1981761
8001090222572,false,מרכך הרבל אסנסס תות,,,מרכך הרבל אסנסס תות,מיליליטרים,400.00,"100 מ""ל",false,,14.90,0.0373,true,1,1981762
8001090222725,false,שמפו הרבל אסנסס שמן,,,שמפו הרבל אסנסס שמן,מיליליטרים,400.00,"100 מ""ל",false,,14.90,0.0373,true,1,1981763
8001090222756,false,מרכך הרבל אסנסס שמן,,,מרכך הרבל אסנסס שמן,מיליליטרים,400.00,"100 מ""ל",false,,14.90,0.0373,true,1,1981769
8001090222848,false,שמפו הרבל אסנסס שיקו,,,שמפו הרבל אסנסס שיקו,מיליליטרים,400.00,"100 מ""ל",false,,14.90,0.0373,true,1,1981764
8001090336521,false,פמפרס בייבי דריי מיד,,,פמפרס בייבי דריי מיד,יח',30.00,יח',false,,34.90,1.1633,true,1,1994690
8001090336606,false,פמפרס בייבי דריי מיד,,,פמפרס בייבי דריי מיד,יח',26.00,יח',false,,34.90,1.3423,true,1,1994691
8001090364203,false,אורל בי משחת שיניים,,,אורל בי משחת שיניים,מיליליטרים,75.00,"100 מ""ל",false,,14.90,0.1987,true,1,2045788
8001090375186,false,מרכך מרוכז לצבע מלא,,,מרכך מרוכז לצבע מלא,מיליליטרים,200.00,"100 מ""ל",false,,19.90,0.0995,true,1,1577089
8001090375230,false,מרכך מרוכז לחות מוגב,,,מרכך מרוכז לחות מוגב,מיליליטרים,200.00,"100 מ""ל",false,,19.90,0.0995,true,1,1577090
8001090379337,false,חיתולי פמפרס פרימיום,,,חיתולי פמפרס פרימיום,יח',40.00,יח',false,,32.90,0.8225,true,1,1548362
8001090379368,false,חיתולי פמפרס פרימיום,,,חיתולי פמפרס פרימיום,יח',34.00,יח',false,,32.90,0.9676,true,1,1548363
8001090379399,false,חיתולי פמפרס פרימיום,,,חיתולי פמפרס פרימיום,יח',30.00,יח',false,,32.90,1.0967,true,1,1548364
8001090458322,false,פיירי 1.015 ליטר ורד,,,פיירי 1.015 ליטר ורד,ליטרים,1.01,ליטר,false,,17.90,17.7228,true,1,1472990
8001090458353,false,"פיירי 515 מ""ל אנטי ב",,,"פיירי 515 מ""ל אנטי ב",מיליליטרים,515.00,"100 מ""ל",false,,11.90,0.0231,true,1,1459062
8001090493637,false,שמפו הד אנד שולדרס 4,,,שמפו הד אנד שולדרס 4,מיליליטרים,450.00,"100 מ""ל",false,,20.90,0.0464,true,1,1789122
8001090580122,false,שמפו משקם הד אנד שול,,,שמפו משקם הד אנד שול,מיליליטרים,400.00,"100 מ""ל",false,,20.90,0.0522,true,1,1880091
8001090645487,false,הרבל אסנסס שמפו ג'ינ,,,הרבל אסנסס שמפו ג'ינ,מיליליטרים,400.00,"100 מ""ל",false,,14.90,0.0373,true,1,1987443
8001090645517,false,הרבל אסנסס מרכך ג'ינ,,,הרבל אסנסס מרכך ג'ינ,מיליליטרים,400.00,"100 מ""ל",false,,14.90,0.0373,true,1,1987444
8001090678195,false,מרכך לחות הד אנד שול,,,מרכך לחות הד אנד שול,מיליליטרים,275.00,"100 מ""ל",false,,11.90,0.0433,true,1,1880092
8001090678225,false,מרכך משקם הד אנד שול,,,מרכך משקם הד אנד שול,מיליליטרים,275.00,"100 מ""ל",false,,11.90,0.0433,true,1,1880093
8001090678614,false,שמפו לחות הד אנד שול,,,שמפו לחות הד אנד שול,מיליליטרים,400.00,"100 מ""ל",false,,20.90,0.0522,true,1,1880095
8001090721099,false,אריאל קפסולות לכביסה,,,אריאל קפסולות לכביסה,יח',27.00,יח',false,,39.90,1.4778,true,1,1722276
8001090721129,false,אריאל קפסולות לכביסה,,,אריאל קפסולות לכביסה,יח',27.00,יח',false,,39.90,1.4778,true,1,1722277
8001090734044,false,אולוויז  64 יחידות מ,,,אולוויז  64 יחידות מ,יח',64.00,יח',false,,21.90,0.3422,true,1,1625607
8001090737809,false,אולדייז טנגה 36 יחיד,,,אולדייז טנגה 36 יחיד,יח',36.00,יח',false,,14.90,0.4139,true,1,1626313
8001090740717,false,אולוויז  76 יחידות מ,,,אולוויז  76 יחידות מ,יח',76.00,יח',false,,21.90,0.2882,true,1,1626314
8001090802385,false,טייד קפסולות ג'ל בני,,,טייד קפסולות ג'ל בני,יח',26.00,יח',false,,34.90,1.3423,true,1,1922989
8001090832450,false,פנטן שמפו קלאסית 660,,,פנטן שמפו קלאסית 660,מיליליטרים,660.00,"100 מ""ל",false,,19.90,0.0302,true,1,2016305
8001090832535,false,פנטן שמפו קלאסית 660,,,פנטן שמפו קלאסית 660,מיליליטרים,660.00,"100 מ""ל",false,,19.90,0.0302,true,1,2016311
8001090832610,false,פנטן שמפו קלאסית 660,,,פנטן שמפו קלאסית 660,מיליליטרים,660.00,"100 מ""ל",false,,19.90,0.0302,true,1,2016313
8001090832696,false,פנטן שמפו קלאסית 660,,,פנטן שמפו קלאסית 660,מיליליטרים,660.00,"100 מ""ל",false,,19.90,0.0302,true,1,2016314
8001090832771,false,פנטן שמפו קלאסית 660,,,פנטן שמפו קלאסית 660,מיליליטרים,660.00,"100 מ""ל",false,,19.90,0.0302,true,1,2016315
8001090832818,false,מרכך קונדישינר פנטן,,,מרכך קונדישינר פנטן,מיליליטרים,660.00,"100 מ""ל",false,,19.90,0.0302,true,1,2016321
8001090832856,false,מרכך קונדישינר פנטן,,,מרכך קונדישינר פנטן,מיליליטרים,660.00,"100 מ""ל",false,,19.90,0.0302,true,1,2016356
8001090832894,false,מרכך קונדישינר פנטן,,,מרכך קונדישינר פנטן,מיליליטרים,660.00,"100 מ""ל",false,,19.90,0.0302,true,1,2016357
8001090832931,false,מרכך קונדישינר פנטן,,,מרכך קונדישינר פנטן,מיליליטרים,660.00,"100 מ""ל",false,,19.90,0.0302,true,1,2016358
8001090832979,false,מרכך קונדישינר פנטן,,,מרכך קונדישינר פנטן,מיליליטרים,660.00,"100 מ""ל",false,,19.90,0.0302,true,1,2016359
8001090833051,false,מרכך קונדישינר פנטן,,,מרכך קונדישינר פנטן,מיליליטרים,660.00,"100 מ""ל",false,,19.90,0.0302,true,1,2016360
8001090833136,false,אריאל ג'ל בייבי,,,אריאל ג'ל בייבי,ליטרים,2.26,ליטר,false,,32.90,14.5575,true,1,1818436
8001090833198,false,אריאל ג'ל 2.365 ליטר,,,אריאל ג'ל 2.365 ליטר,ליטרים,2.37,ליטר,false,,32.90,13.8819,true,1,1818438
8001090833228,false,אריאל ג'ל 2.365 ליטר,,,אריאל ג'ל 2.365 ליטר,ליטרים,2.37,ליטר,false,,32.90,13.8819,true,1,1818439
8001090833259,false,אריאל ג'ל 3.74 ליטר,,,אריאל ג'ל 3.74 ליטר,ליטרים,3.74,ליטר,false,,42.90,11.4706,true,1,1818440
8001090886385,false,מבשמי כדוריות לנור 1,,,מבשמי כדוריות לנור 1,גרמים,140.00,100 גרם,false,,19.90,0.1421,true,1,2035487
8001090899194,false,תחבושות אולוויז פלטי,,,תחבושות אולוויז פלטי,יח',24.00,יח',false,,19.90,0.8292,true,1,1987461
8001090899224,false,תחבושות אולוויז פלטי,,,תחבושות אולוויז פלטי,יח',20.00,יח',false,,19.90,0.9950,true,1,1987462
8001090899255,false,תחבושות אולוויז פלטי,,,תחבושות אולוויז פלטי,יח',16.00,יח',false,,19.90,1.2437,true,1,1987463
8001090899286,false,תחבושות אולוויז פלטי,,,תחבושות אולוויז פלטי,יח',14.00,יח',false,,19.90,1.4214,true,1,1987464
8001090943095,false,פיירי אנטי בקטריאלי,,,פיירי אנטי בקטריאלי,ליטרים,1.01,ליטר,false,,17.90,17.7228,true,1,1789126
8001090992338,false,טבליות פיירי למדיח כ,,,טבליות פיירי למדיח כ,יח',50.00,יח',false,,59.90,1.1980,true,1,2002448
8001160000888,false,משקה ספורט גטורייד,,,משקה ספורט גטורייד,מיליליטרים,500.00,"100 מ""ל",false,,9.90,0.0198,true,1,1215941
8001160001786,false,משקה ספורט גטורייד,,,משקה ספורט גטורייד,מיליליטרים,500.00,"100 מ""ל",false,,9.90,0.0198,true,1,1215943
8001160001892,false,מיץ גטורייד ספורט תפ,,,מיץ גטורייד ספורט תפ,מיליליטרים,500.00,"100 מ""ל",false,,9.90,0.0198,true,1,1215944
8001250003652,false,פסטה רדיאטורי  199 D,,,פסטה רדיאטורי  199 D,גרמים,500.00,100 גרם,false,,9.90,0.0198,true,1,2094772
8001250120908,false,פסטה ראקט  90 DE CEC,,,פסטה ראקט  90 DE CEC,גרמים,500.00,100 גרם,false,,9.90,0.0198,true,1,2094773
8001440120763,false,עגבניות חתוכות עם עש,,,עגבניות חתוכות עם עש,גרמים,400.00,100 גרם,false,,7.90,0.0198,true,1,1189216
8001620011935,false,מים סאן בנדטו מוגז 6,,,מים סאן בנדטו מוגז 6,ליטרים,3.00,ליטר,false,,11.90,3.9667,true,1,1171759
8001620015612,false,פרוטה  גזר תפוז לימו,,,פרוטה  גזר תפוז לימו,מיליליטרים,400.00,"100 מ""ל",false,,6.90,0.0172,true,1,2067127
8001620015629,false,פרוטה  תפוז ותפוז אד,,,פרוטה  תפוז ותפוז אד,מיליליטרים,400.00,"100 מ""ל",false,,6.90,0.0172,true,1,2102588
8001620015636,false,פורטה מיקס פירות 400,,,פורטה מיקס פירות 400,מיליליטרים,400.00,"100 מ""ל",false,,6.90,0.0172,true,1,2067121
8001620017456,false,שישייה סאן בנדטו פקק,,,שישייה סאן בנדטו פקק,ליטרים,3.00,ליטר,false,,14.90,4.9667,true,1,1627696
8001620018248,false,מים סן בנדטו פקק ספו,,,מים סן בנדטו פקק ספו,מיליליטרים,750.00,"100 מ""ל",false,,4.90,0.0065,true,1,1933703
8001620019160,false,משקה סן בנדטו בטעם א,,,משקה סן בנדטו בטעם א,מיליליטרים,400.00,"100 מ""ל",false,,6.90,0.0172,true,1,2137337
8001620019177,false,משקה סן בנדטו בטעם ע,,,משקה סן בנדטו בטעם ע,מיליליטרים,400.00,"100 מ""ל",false,,6.90,0.0172,true,1,2137338
8001780499307,false,דובדבני אמרנה FABBRI,,,דובדבני אמרנה FABBRI,גרמים,230.00,100 גרם,false,,24.90,0.1083,true,1,2098702
8001841006710,false,מבשמי כדוריות לנור ב,,,מבשמי כדוריות לנור ב,גרמים,210.00,100 גרם,false,,25.90,0.1233,true,1,2035489
8001841006833,false,מבשמי כדוריות לנור ב,,,מבשמי כדוריות לנור ב,גרמים,210.00,100 גרם,false,,25.90,0.1233,true,1,2035490
8001841053684,false,תחבושות אולוויז עבה,,,תחבושות אולוויז עבה,יח',12.00,יח',false,,12.90,1.0750,true,1,1860458
8001841053806,false,תחבושות אולוויז עבה,,,תחבושות אולוויז עבה,יח',9.00,יח',false,,12.90,1.4333,true,1,1860459
8001841062624,false,מגבוני פמפרס ללא ביש,,,מגבוני פמפרס ללא ביש,יח',208.00,יח',false,,16.90,0.0812,true,1,2043267
8001841077949,false,מגבוני פמפרס פרש 4*5,,,מגבוני פמפרס פרש 4*5,יח',208.00,יח',false,,16.90,0.0812,true,1,1991861
8001841096889,false,פיירי לימון קלאסי 90,,,פיירי לימון קלאסי 90,מיליליטרים,900.00,"100 מ""ל",false,,9.90,0.0110,true,1,1775301
8001841105093,false,חיתולי פמפרס פרימיום,,,חיתולי פמפרס פרימיום,יח',26.00,יח',false,,32.90,1.2654,true,1,1933768
8001841137179,false,מרכך הד אנד שולדרס 2,,,מרכך הד אנד שולדרס 2,מיליליטרים,275.00,"100 מ""ל",false,,11.90,0.0433,true,1,1994702
8001841198347,false,דאודורנט ספריי ג'ילט,,,דאודורנט ספריי ג'ילט,מיליליטרים,150.00,"100 מ""ל",false,,16.90,0.1127,true,1,1996411
8001841216584,false,תחבושות אולוויז לילה,,,תחבושות אולוויז לילה,יח',36.00,יח',false,,39.90,1.1083,true,1,1991862
8001841500799,false,שמפו הרבל אסנסס ללא,,,שמפו הרבל אסנסס ללא,מיליליטרים,380.00,"100 מ""ל",false,,14.90,0.0392,true,1,2041554
8001841500942,false,שמפו הרבל אסנסס ללא,,,שמפו הרבל אסנסס ללא,מיליליטרים,380.00,"100 מ""ל",false,,14.90,0.0392,true,1,2041560
8001841502298,false,שמפו הרבל אסנסס ללא,,,שמפו הרבל אסנסס ללא,מיליליטרים,275.00,"100 מ""ל",false,,14.90,0.0542,true,1,2041561
8001841502601,false,שמפו הרבל אסנסס ללא,,,שמפו הרבל אסנסס ללא,מיליליטרים,275.00,"100 מ""ל",false,,14.90,0.0542,true,1,2041562
8001841566771,false,מבשמי כדוריות לנור ב,,,מבשמי כדוריות לנור ב,גרמים,210.00,100 גרם,false,,25.90,0.1233,true,1,2035491
8001841587684,false,ג'ל דאודורנט היידה ג,,,ג'ל דאודורנט היידה ג,מיליליטרים,70.00,"100 מ""ל",false,,18.90,0.2700,true,1,2083995
8001841625188,false,"פיירי פלטינום 515 מ""",,,"פיירי פלטינום 515 מ""",מיליליטרים,515.00,"100 מ""ל",false,,11.90,0.0231,true,1,2005483
8001841625362,false,פיירי פלטינום לימון,,,פיירי פלטינום לימון,מיליליטרים,780.00,"100 מ""ל",false,,12.90,0.0165,true,1,2129262
8001841625508,false,פיירי פלטינום 1.015,,,פיירי פלטינום 1.015,ליטרים,1.01,ליטר,false,,17.90,17.7228,true,1,2005486
8001841640204,false,טייד קפסולות בניחוח,,,טייד קפסולות בניחוח,יחידה,58.00,יחידה,false,,69.90,1.2052,true,1,2067693
8001841660530,false,מיראקלס קרם לחות פנט,,,מיראקלס קרם לחות פנט,מיליליטרים,270.00,"100 מ""ל",false,,18.90,0.0700,true,1,2073815
8001841669465,false,אריאל קפסולות לכביסה,,,אריאל קפסולות לכביסה,יח',24.00,יח',false,,39.90,1.6625,true,1,2047372
8001841669519,false,אריאל קפסולות לכביסה,,,אריאל קפסולות לכביסה,יח',55.00,יח',false,,69.90,1.2709,true,1,2022249
8001841680989,false,מגן תחתון אולוויז מג,,,מגן תחתון אולוויז מג,יח',60.00,יח',false,,21.90,0.3650,true,1,2022250
8001841715957,false,ג'ל רחצה ושמפו ניקוי,,,ג'ל רחצה ושמפו ניקוי,מיליליטרים,360.00,"100 מ""ל",false,,16.90,0.0469,true,1,2076124
8001841716312,false,ג'ל רחצה ושמפו ספורט,,,ג'ל רחצה ושמפו ספורט,מיליליטרים,360.00,"100 מ""ל",false,,16.90,0.0469,true,1,2076125
8001841716435,false,ג'ל רחצה ושמפו לעור,,,ג'ל רחצה ושמפו לעור,מיליליטרים,360.00,"100 מ""ל",false,,16.90,0.0469,true,1,2076126
8001841941929,false,אולוויז בטוח אקסטרא,,,אולוויז בטוח אקסטרא,יח',16.00,יח',false,,19.90,1.2437,true,1,2073809
8001841943961,false,מבשמי כדוריות לנור ב,,,מבשמי כדוריות לנור ב,גרמים,210.00,100 גרם,false,,25.90,0.1233,true,1,2035492
8001841958460,false,טבליות פיירי למדיח כ,,,טבליות פיירי למדיח כ,יח',48.00,יח',false,,39.90,0.8312,true,1,2047338
8001841960081,false,טבליות פיירי למדיח כ,,,טבליות פיירי למדיח כ,יח',37.00,יח',false,,39.90,1.0784,true,1,2047339
8002110383709,false,קרם ידיים קליל ללא ב,COLGATE PALMOLIVE,FR,נוטרוגינה ס.נורבגית ק.ידי,מיליליטרים,75.00,"100 מ""ל",false,,19.90,0.2653,true,1,1186052
8002230000012,false,מארז משקה קוקטייל אפ,אלכוהול (איי.בי.בי),,מארז משקה קוקטייל אפ,ליטרים,1.00,ליטר,false,,99.00,99.0000,true,1,1463391
8002267014662,false,ביצת הפתעה ברבי שליש,,,ביצת הפתעה ברבי שליש,גרמים,60.00,100 גרם,false,,10.90,0.1817,true,1,1607570
8002267014945,false,ביצת הפתעה הוט ווילס,,,ביצת הפתעה הוט ווילס,גרמים,60.00,100 גרם,false,,10.90,0.1817,true,1,1607571
8002267016994,false,ביצת שוקולד חלב עם ה,,,ביצת שוקולד חלב עם ה,גרמים,110.00,100 גרם,false,,14.90,0.1355,true,1,2114858
8002270166594,false,שישייה מים סאן פלגרי,,,שישייה מים סאן פלגרי,ליטרים,1.50,ליטר,false,,29.40,19.6000,true,1,1305177
8002270436581,false,שישייה סאן פאלגרינו,,,שישייה סאן פאלגרינו,ליטרים,3.00,ליטר,false,,24.90,8.3000,true,1,1639094
8002270866524,false,מים סן פלגרינו פלסט,,,מים סן פלגרינו פלסט,ליטרים,1.00,ליטר,false,,7.90,7.9000,true,1,1171764
8002450006559,false,יין שרדונה קאזה דה ל,,,יין שרדונה קאזה דה ל,מיליליטרים,750.00,"100 מ""ל",false,,24.90,0.0332,true,1,1181324
8002450201008,false,סדרת וורדי,,,סדרת וורדי,מיליליטרים,750.00,"100 מ""ל",false,,19.90,0.0265,true,1,1181325
8002450202005,false,סדרת וורדי,,,סדרת וורדי,מיליליטרים,750.00,"100 מ""ל",false,,19.90,0.0265,true,1,1181326
8002450203002,false,סדרת וורדי,,,סדרת וורדי,מיליליטרים,750.00,"100 מ""ל",false,,19.90,0.0265,true,1,1892586
8002450204009,false,סדרת וורדי,,,סדרת וורדי,מיליליטרים,750.00,"100 מ""ל",false,,19.90,0.0265,true,1,1181327
8002450205006,false,סדרת וורדי,,,סדרת וורדי,מיליליטרים,750.00,"100 מ""ל",false,,19.90,0.0265,true,1,1376072
8002450206003,false,סדרת וורדי,,,סדרת וורדי,מיליליטרים,750.00,"100 מ""ל",false,,19.90,0.0265,true,1,1181328
8002450206508,false,יין קברנה קאזה דה לו,,,יין קברנה קאזה דה לו,מיליליטרים,750.00,"100 מ""ל",false,,24.90,0.0332,true,1,1181329
8002450206522,false,יין מרלו קאזה דה לוא,,,יין מרלו קאזה דה לוא,מיליליטרים,750.00,"100 מ""ל",false,,24.90,0.0332,true,1,1181330
8002450208007,false,סדרת וורדי,,,סדרת וורדי,מיליליטרים,750.00,"100 מ""ל",false,,19.90,0.0265,true,1,1181332
8002450209004,false,סדרת וורדי,,,סדרת וורדי,מיליליטרים,750.00,"100 מ""ל",false,,19.90,0.0265,true,1,1272507
8003007800712,false,פתיתים פיורי 4 טעמים,,,פתיתים פיורי 4 טעמים,גרמים,500.00,100 גרם,false,,14.90,0.0298,true,1,1199097
8003340091280,false,בונבונירה לינדור 60%,לינדט Lindt,CH,לינדור בונ' 60% 200 גרם,גרמים,200.00,100 גרם,false,,34.90,0.1745,true,1,1166828
8003576908123,false,מטרפה סיליקון,,,מטרפה סיליקון,יחידה,0.00,יחידה,false,,12.90,0.0000,true,1,2124183
8003653011807,false,אטבים מפלסטיק 20 יח',,,אטבים מפלסטיק 20 יח',יח',20.00,יח',false,,12.90,0.6450,true,1,1155526
8003653033755,false,אטבים מעץ 12 יח,,,אטבים מעץ 12 יח,יח',12.00,יח',false,,7.90,0.6583,true,1,1155531
8004030022010,false,ריו מארה טונה עם ירק,,,ריו מארה טונה עם ירק,גרמים,160.00,100 גרם,false,,15.90,0.0994,true,1,1280548
8004030026018,false,ריו מארה טונה מקסיקנ,,,ריו מארה טונה מקסיקנ,גרמים,160.00,100 גרם,false,,15.90,0.0994,true,1,1280549
8004030044005,false,טונה בשמן זית,COLGATE PALMOLIVE,IT,ריו מרה טונה בשמן זית 160,גרמים,160.00,100 גרם,false,,17.90,0.1119,true,1,1186053
8004030102033,false,ריו מארה טונה בשמן ע,,,ריו מארה טונה בשמן ע,גרמים,240.00,100 גרם,false,,27.90,0.1162,true,1,1824336
8004030103399,false,טונה בשמן זית רביעיו,,,טונה בשמן זית רביעיו,גרמים,320.00,100 גרם,false,,31.90,0.0997,true,1,2146220
8004030177000,false,ריו מארה טונה בשמן ז,,,ריו מארה טונה בשמן ז,גרמים,240.00,100 גרם,false,,27.90,0.1162,true,1,1703955
8004030180000,false,ריו מארה טונה בשמן ז,,,ריו מארה טונה בשמן ז,גרמים,240.00,100 גרם,false,,27.90,0.1162,true,1,2147591
8004030344938,false,ריו מארה טונה בשמן ז,,,ריו מארה טונה בשמן ז,גרמים,240.00,100 גרם,false,,27.90,0.1162,true,1,1280535
8004030381681,false,טונה בשמן זית זוגות,,,טונה בשמן זית זוגות,גרמים,320.00,100 גרם,false,,31.90,0.0997,true,1,2146221
8004030860001,false,ריו מארה טונה עם קוס,,,ריו מארה טונה עם קוס,גרמים,160.00,100 גרם,false,,15.90,0.0994,true,1,1362033
8004123010726,false,שמן זית כתית מעולה 7,,,שמן זית כתית מעולה 7,מיליליטרים,750.00,"100 מ""ל",false,,39.90,0.0532,true,1,1995508
8004800000064,false,לאגו פלאסיר- גלילי ו,,,לאגו פלאסיר- גלילי ו,יחידה,0.00,יחידה,false,,12.90,0.0000,true,1,2138359
8004800000071,false,לאגו פלאסיר- גלילי ו,,,לאגו פלאסיר- גלילי ו,יחידה,0.00,יחידה,false,,12.90,0.0000,true,1,2138360
8004800004819,false,לאגו פלאסיר- וופלים,,,לאגו פלאסיר- וופלים,יחידה,0.00,יחידה,false,,12.90,0.0000,true,1,2138362
8004800004826,false,לאגו פלאסיר- וופלים,,,לאגו פלאסיר- וופלים,יחידה,0.00,יחידה,false,,12.90,0.0000,true,1,2138363
8004800005502,false,לאגו מיני רול- גלילי,,,לאגו מיני רול- גלילי,יחידה,0.00,יחידה,false,,7.90,0.0000,true,1,2138364
8004800005526,false,לאגו מיני רול- גלילי,,,לאגו מיני רול- גלילי,יחידה,0.00,יחידה,false,,7.90,0.0000,true,1,2138366
8005110002243,false,רכז עגבניות Doppio C,,,רכז עגבניות Doppio C,גרמים,185.00,100 גרם,false,,7.90,0.0427,true,1,2094780
8005110170300,false,שלישיית עגבניות חתוכ,,,שלישיית עגבניות חתוכ,גרמים,400.00,100 גרם,false,,15.90,0.0398,true,1,2065014
8005110551253,false,רוטב לפיצה  MUTTI,,,רוטב לפיצה  MUTTI,גרמים,400.00,100 גרם,false,,7.90,0.0198,true,1,2098703
8005200256587,false,נסטי אפרסק 1.5 ליטר,,,נסטי אפרסק 1.5 ליטר,ליטרים,1.50,ליטר,false,,8.50,5.6667,true,1,2099838
8005200286584,false,נסטי מנגו אננס 1.5 ל,,,נסטי מנגו אננס 1.5 ל,ליטרים,1.50,ליטר,false,,8.50,5.6667,true,1,2099862
8005200316588,false,נסטי אפרסק דיאט 1.5,,,נסטי אפרסק דיאט 1.5,ליטרים,1.50,ליטר,false,,8.50,5.6667,true,1,2099855
8005469981602,false,פילה אנשובי איטלקי,,,פילה אנשובי איטלקי,גרמים,75.00,100 גרם,false,,12.90,0.1720,true,1,1995511
8005803010357,false,גריסיני קלאסי 125 גר,,,גריסיני קלאסי 125 גר,גרמים,125.00,100 גרם,false,,5.90,0.0472,true,1,1361285
8005803010371,false,גריסיני רוזמרין 125,,,גריסיני רוזמרין 125,גרמים,125.00,100 גרם,false,,5.90,0.0472,true,1,1361286
8005803010586,false,גריסיני פיצה 125 גרם,,,גריסיני פיצה 125 גרם,גרמים,125.00,100 גרם,false,,5.90,0.0472,true,1,1361287
8005803010661,false,גריסיני שומשום 125 ג,,,גריסיני שומשום 125 ג,גרמים,125.00,100 גרם,false,,5.90,0.0472,true,1,1361288
8006540091937,false,מבשמי כדוריות לנור ב,,,מבשמי כדוריות לנור ב,גרמים,210.00,100 גרם,false,,25.90,0.1233,true,1,2083937
8006540110317,false,מיראקלס שמפו פנטן במ,,,מיראקלס שמפו פנטן במ,מיליליטרים,400.00,"100 מ""ל",false,,18.90,0.0472,true,1,2073816
8006540112793,false,לנור מרכך מרוכז בניח,,,לנור מרכך מרוכז בניח,מיליליטרים,900.00,"100 מ""ל",false,,13.90,0.0154,true,1,2086714
8006540112823,false,לנור מרכך כביסה מרוכ,,,לנור מרכך כביסה מרוכ,מיליליטרים,900.00,"100 מ""ל",false,,13.90,0.0154,true,1,2073371
8006540112854,false,לנור מרכך כביסה מרוכ,,,לנור מרכך כביסה מרוכ,מיליליטרים,900.00,"100 מ""ל",false,,13.90,0.0154,true,1,2071274
8006540157374,false,מיראקלס פנטן  מרכך ב,,,מיראקלס פנטן  מרכך ב,מיליליטרים,275.00,"100 מ""ל",false,,18.90,0.0687,true,1,2073823
8006540163986,false,אריאל קפסולות לכביסה,,,אריאל קפסולות לכביסה,יח',35.00,יח',false,,49.90,1.4257,true,1,2114122
8006540222089,false,מגבוני פמפרס לתינוק,,,מגבוני פמפרס לתינוק,יח',12.00,יח',false,,5.90,0.4917,true,1,2101283
8006540252468,false,תחבושות אולוויז פלטי,,,תחבושות אולוויז פלטי,יח',48.00,יח',false,,39.90,0.8312,true,1,2114123
8006540404850,false,תחבושות אולוויז דיסק,,,תחבושות אולוויז דיסק,יח',10.00,יח',false,,14.90,1.4900,true,1,2136825
8006540404898,false,תחבושות אולוויז דיסק,,,תחבושות אולוויז דיסק,יח',8.00,יח',false,,14.90,1.8625,true,1,2136826
8006540405031,false,תחבושות אולוויז דיסק,,,תחבושות אולוויז דיסק,יח',16.00,יח',false,,14.90,0.9313,true,1,2136835
8006540406724,false,מכנסונים בייבי דריי,,,מכנסונים בייבי דריי,יח',38.00,יח',false,,44.90,1.1816,true,1,2145497
8006540406793,false,מכנסונים בייבי דריי,,,מכנסונים בייבי דריי,יח',34.00,יח',false,,44.90,1.3206,true,1,2145498
8006540425930,false,אריאל קפסולות לכביסה,,,אריאל קפסולות לכביסה,יח',24.00,יח',false,,39.90,1.6625,true,1,2103912
8006540429327,false,"פיירי לימון 440 מ""ל",,,"פיירי לימון 440 מ""ל",מיליליטרים,440.00,"100 מ""ל",false,,11.90,0.0270,true,1,2103930
8006540491539,false,פיירי פלטינום אורגינ,,,פיירי פלטינום אורגינ,מיליליטרים,780.00,"100 מ""ל",false,,12.90,0.0165,true,1,2129263
8006540495186,false,לנור מרכך כביסה בייב,,,לנור מרכך כביסה בייב,מיליליטרים,900.00,"100 מ""ל",false,,13.90,0.0154,true,1,2128219
8006540495216,false,לנור מרכך כביסה בניח,,,לנור מרכך כביסה בניח,מיליליטרים,900.00,"100 מ""ל",false,,13.90,0.0154,true,1,2128220
8006540495247,false,לנור מרכך כביסה בניח,,,לנור מרכך כביסה בניח,מיליליטרים,900.00,"100 מ""ל",false,,15.90,0.0177,true,1,2149601
8007178120310,false,"חומץ בלסמי 500 מ""ל",מרום את קונפינו,,"חומץ בלסמי 500 מ""ל",מיליליטרים,500.00,"100 מ""ל",false,,19.90,0.0398,true,1,1157490
8007178223547,false,קרם בלסמי מצומצם 250,היינץ,,קרם בלסמי מצומצם 250,גרמים,250.00,100 גרם,false,,22.90,0.0916,true,1,1902379
8008245004861,false,ממרח אגוזי לוז עם חל,,,ממרח אגוזי לוז עם חל,גרמים,300.00,100 גרם,false,,12.90,0.0430,true,1,2047129
8008343279826,false,רוטב פסטה בזיליקום 3,היינץ,,רוטב פסטה בזיליקום 3,גרמים,350.00,100 גרם,false,,11.90,0.0340,true,1,1590215
8008660210014,false,מעדן משמש,,,מעדן משמש,גרמים,320.00,100 גרם,false,,12.90,0.0403,true,1,1459774
8008660210038,false,מעדן תות שדה,,,מעדן תות שדה,גרמים,320.00,100 גרם,false,,12.90,0.0403,true,1,1459776
8008660210052,false,מעדן פרי תפוז 320 גר,,,מעדן פרי תפוז 320 גר,גרמים,320.00,100 גרם,false,,12.90,0.0403,true,1,1849935
8008660210069,false,מעדן פרי אפרסק פסיפל,,,מעדן פרי אפרסק פסיפל,גרמים,320.00,100 גרם,false,,12.90,0.0403,true,1,1849936
8008698002049,false,קרקרים עגולים ללא גל,ס.ר.ל פוסטל,IT,קרקרים עגולים 175,גרמים,175.00,100 גרם,false,,24.90,0.1423,true,1,1197167
8008698004548,false,ביסקווטים בציפוי קרם,,,ביסקווטים בציפוי קרם,גרמים,150.00,100 גרם,false,,16.90,0.1127,true,1,1348212
8008698004807,false,תערובת קמחים לאפיית,ס.ר.ל פוסטל,IT,"קמח B ד""ר שר 1 ק""ג",קילוגרמים,1.00,"ק""ג",false,,29.90,29.9000,true,1,1197176
8008698005347,false,ביסקוויט שוקולד,,,ביסקוויט שוקולד,גרמים,150.00,100 גרם,false,,14.90,0.0993,true,1,2035568
8008698008157,false,עוגיות שוקולד ממולאו,ס.ר.ל פוסטל,IT,עוגיות דבל וניל,גרמים,100.00,100 גרם,false,,13.90,0.1390,true,1,1197177
8008698012857,false,פתי בר חמאה ללא גלוט,,,פתי בר חמאה ללא גלוט,גרמים,165.00,100 גרם,false,,18.90,0.1145,true,1,1227802
8008698013021,false,עוגיות שוקולד צ'פס פ,,,עוגיות שוקולד צ'פס פ,גרמים,100.00,100 גרם,false,,12.90,0.1290,true,1,1348214
8008912010034,false,פסטה פרפלה,,,פסטה פרפלה,גרמים,500.00,100 גרם,false,,7.90,0.0158,true,1,2082450
8008912010072,false,פסטה פרפלה,,,פסטה פרפלה,גרמים,500.00,100 גרם,false,,7.90,0.0158,true,1,2082451
8008912010300,false,פסטה פרפלה,,,פסטה פרפלה,גרמים,500.00,100 גרם,false,,7.90,0.0158,true,1,2082453
8008912010317,false,פסטה פוזילי,,,פסטה פוזילי,גרמים,500.00,100 גרם,false,,7.90,0.0158,true,1,2082454
8008912010423,false,פסטה פנה,,,פסטה פנה,גרמים,500.00,100 גרם,false,,7.90,0.0158,true,1,2082456
8010024006010,false,חמאת שקדים 100% שקד,,,חמאת שקדים 100% שקד,גרמים,350.00,100 גרם,false,,39.90,0.1140,true,1,1347029
8013399145278,false,סוכריות דיאטורל סטיב,CLOETTA,IT,סט.דיטורל ליקורי רך 70ג,גרמים,70.00,100 גרם,false,,7.90,0.1129,true,1,1159760
8013399145315,false,סוכריות דיאטורל סטיב,CLOETTA,IT,סט.דיטורל תות שקית רך 70ג,גרמים,70.00,100 גרם,false,,7.90,0.1129,true,1,1159762
8017938005122,false,"חומץ תפוחים 750 מ""ל",,,"חומץ תפוחים 750 מ""ל",מיליליטרים,750.00,"100 מ""ל",false,,18.90,0.0252,true,1,1346809
8017938005764,false,מיץ תפוחים אורגני 10,,,מיץ תפוחים אורגני 10,ליטרים,1.00,ליטר,false,,18.90,18.9000,true,1,1347076
8023678161363,false,משקה שבלת שועל טבעי,,,משקה שבלת שועל טבעי,ליטרים,1.00,ליטר,false,,9.90,9.9000,true,1,1277761
8023678161387,false,משקה סויה אורגני 1 ל,,,משקה סויה אורגני 1 ל,ליטרים,1.00,ליטר,false,,9.90,9.9000,true,1,1277762
8023678164517,false,משקה שקדים ללא תוספת,,,משקה שקדים ללא תוספת,ליטרים,1.00,ליטר,false,,14.90,14.9000,true,1,1943705
8024985000079,false,מחית תפוח משמש אורגנ,,,מחית תפוח משמש אורגנ,גרמים,200.00,100 גרם,false,,9.90,0.0495,true,1,1346932
8024985000086,false,מחית תפוח בננה אורגנ,,,מחית תפוח בננה אורגנ,גרמים,200.00,100 גרם,false,,9.90,0.0495,true,1,1346933
8024985000093,false,מחית תפוח שזיף אורגנ,,,מחית תפוח שזיף אורגנ,גרמים,200.00,100 גרם,false,,9.90,0.0495,true,1,1346934
8024985000116,false,מחית אוכמניות אורגני,,,מחית אוכמניות אורגני,גרמים,200.00,100 גרם,false,,9.90,0.0495,true,1,1346936
8024985002783,false,מחית סמוזי דלעת גזר,,,מחית סמוזי דלעת גזר,גרמים,100.00,100 גרם,false,,5.90,0.0590,true,1,1701859
8024985003988,false,מחית סמוזי תפוח בננה,,,מחית סמוזי תפוח בננה,גרמים,100.00,100 גרם,false,,5.90,0.0590,true,1,1346989
8024985004299,false,סמוט'י פירות אדומים+,,,סמוט'י פירות אדומים+,גרמים,400.00,100 גרם,false,,18.90,0.0472,true,1,1346991
8024985005234,false,סמוזי תפוח אפרסק מנג,,,סמוזי תפוח אפרסק מנג,גרמים,100.00,100 גרם,false,,5.90,0.0590,true,1,1346994
8024985005296,false,מחית סמוזי אגס בננה,,,מחית סמוזי אגס בננה,גרמים,120.00,100 גרם,false,,6.90,0.0575,true,1,1701860
8024985005302,false,מחית סמוזי תפוח רימו,,,מחית סמוזי תפוח רימו,גרמים,120.00,100 גרם,false,,6.90,0.0575,true,1,1701861
8024985008037,false,מחית סמוזי תפוח 100,,,מחית סמוזי תפוח 100,גרמים,100.00,100 גרם,false,,5.90,0.0590,true,1,1346937
8024985008044,false,מחית סמוזי אגס אורגנ,,,מחית סמוזי אגס אורגנ,גרמים,100.00,100 גרם,false,,5.90,0.0590,true,1,1346938
8024985008051,false,מחית סמוזי פירות אדו,,,מחית סמוזי פירות אדו,גרמים,100.00,100 גרם,false,,5.90,0.0590,true,1,1346939
8025358616781,false,קרש חיתוך גדול במבוק,,,קרש חיתוך גדול במבוק,יחידה,0.00,יחידה,false,,39.90,0.0000,true,1,2008798
8025358616842,false,מתלה לכיור סיליקון,,,מתלה לכיור סיליקון,יחידה,0.00,יחידה,false,,12.90,0.0000,true,1,2121743
8032523530452,false,ממרח פיסטוק,,,ממרח פיסטוק,גרמים,200.00,100 גרם,false,,34.90,0.1745,true,1,2121240
8032793342458,false,עגבניות מרוסקות,,,עגבניות מרוסקות,גרמים,750.00,100 גרם,false,,11.90,0.0159,true,1,2015729
8032793344520,false,תרכיז עגבניות מרוכז,,,תרכיז עגבניות מרוכז,גרמים,200.00,100 גרם,false,,7.90,0.0395,true,1,2041707
8032804432000,false,פסטה פנה כוסמת אורגנ,,,פסטה פנה כוסמת אורגנ,גרמים,340.00,100 גרם,false,,14.90,0.0438,true,1,1701826
8032804432024,false,לזנייה אורז תירס אור,,,לזנייה אורז תירס אור,גרמים,250.00,100 גרם,false,,17.90,0.0716,true,1,1346996
8032880800243,false,חטיף פיקניק,הוסטה,IT,פיקניק הפתעה 50 גרם,גרמים,50.00,100 גרם,false,,6.90,0.1380,true,1,1174228
8033413430050,false,ליקר לימונצ'לו 700 מ,,,ליקר לימונצ'לו 700 מ,מיליליטרים,700.00,"100 מ""ל",false,,99.00,0.1414,true,1,2094448
8055517373491,false,אייס קרחום 400 גרם I,,,אייס קרחום 400 גרם I,יחידה,0.00,יחידה,false,,6.90,0.0000,true,1,2075930
8055517373507,false,אייס קרחום מארז 2X20,,,אייס קרחום מארז 2X20,יחידה,0.00,יחידה,false,,9.90,0.0000,true,1,2075931
8076800105735,false,"ברילה פנה ריגטה 1 ק""",,,"ברילה פנה ריגטה 1 ק""",קילוגרמים,1.00,"ק""ג",false,,9.90,9.9000,true,1,2099282
8076800105988,false,"ברילה פוזילי 1 ק""ג ב",,,"ברילה פוזילי 1 ק""ג ב",קילוגרמים,1.00,"ק""ג",false,,9.90,9.9000,true,1,2099283
8076800195019,false,ברילה פסטה קפליני מס,COLGATE PALMOLIVE,IT,ברילה צ.א ספגטי מס1 קפלינ,גרמים,500.00,100 גרם,false,,7.90,0.0158,true,1,1186055
8076800195033,false,ברילה ספגטי דק מס 3,COLGATE PALMOLIVE,IT,ברילה צ.א ספגטי מס3 500 ג,גרמים,500.00,100 גרם,false,,7.90,0.0158,true,1,1186056
8076800195057,false,ברילה ספגטי בינוני מ,COLGATE PALMOLIVE,IT,ברילה צ.א ספגטי מס5 500 ג,גרמים,500.00,100 גרם,false,,7.90,0.0158,true,1,1186057
8076800195132,false,ברילה ספגטי בבטה מס,COLGATE PALMOLIVE,IT,ברילה צ.א בבטה מס13 500 ג,גרמים,500.00,100 גרם,false,,7.90,0.0158,true,1,1186058
8076800315097,false,ברילה ספגטי בוקטיני,COLGATE PALMOLIVE,IT,ברילה צ.א בוקטיני מס9 500,גרמים,500.00,100 גרם,false,,7.90,0.0158,true,1,1186059
8076802085738,false,ברילה ספגטי פנה רגטה,COLGATE PALMOLIVE,IT,ברילה צ.ק פנה רגטה מס73 5,גרמים,500.00,100 גרם,false,,7.90,0.0158,true,1,1186061
8076802085837,false,ברילה ספגטי טורטליונ,COLGATE PALMOLIVE,IT,ברילה צ.ק טורטליוני מס83,גרמים,500.00,100 גרם,false,,7.90,0.0158,true,1,1186062
8076802085981,false,ברילה ספגטי פוזילי מ,COLGATE PALMOLIVE,IT,ברילה צ.ק פוזילי מס98 500,גרמים,500.00,100 גרם,false,,7.90,0.0158,true,1,1186064
8076808050440,false,ברילה ספגטי מס 44 -,COLGATE PALMOLIVE,IT,ברילה צ.ק מקרוני מס44 500,גרמים,500.00,100 גרם,false,,7.90,0.0158,true,1,1186066
8076808060654,false,ברילה ספגטי פרפלה מס,COLGATE PALMOLIVE,IT,ברילה צ.ק פרפלה מס65 500,גרמים,500.00,100 גרם,false,,7.90,0.0158,true,1,1186067
8076808070882,false,ברילה פסטה קנלוני 25,COLGATE PALMOLIVE,IT,ברילה צ.מ קנלוני מס88 250,גרמים,250.00,100 גרם,false,,13.90,0.0556,true,1,1186068
8076808150072,false,ברילה ספגטי עבה מס 7,COLGATE PALMOLIVE,IT,ברילה צ.א ספגטי מס7 500 ג,גרמים,500.00,100 גרם,false,,7.90,0.0158,true,1,1186069
8076809501415,false,ברילה ספגטי פנה טריק,COLGATE PALMOLIVE,IT,ברילה צ.ק מצה פנה טרקולור,גרמים,500.00,100 גרם,false,,12.90,0.0258,true,1,1186070
8076809512268,false,ברילה ספגטי גרנדולה,COLGATE PALMOLIVE,IT,ברילה צ.ק גירנדולה מס34 5,גרמים,500.00,100 גרם,false,,7.90,0.0158,true,1,1186071
8076809513388,false,רוטב ארביאטה 400 גרם,COLGATE PALMOLIVE,IT,ברילה רוטב ארביאטה 400  ג,גרמים,400.00,100 גרם,false,,13.90,0.0348,true,1,1186072
8076809513395,false,רוטב פומודורו 400 גר,COLGATE PALMOLIVE,IT,ברילה רוטב פומודורו 400 ג,גרמים,400.00,100 גרם,false,,13.90,0.0348,true,1,1186073
8076809513654,false,רוטב עגבניות לבולונז,COLGATE PALMOLIVE,IT,ברילה בסיס לבולונז 400 גר,גרמים,400.00,100 גרם,false,,13.90,0.0348,true,1,1186074
8076809513692,false,רוטב נפוליטנה 400 גר,COLGATE PALMOLIVE,IT,ברילה רוטב נפולטנה 400 גר,גרמים,400.00,100 גרם,false,,13.90,0.0348,true,1,1186075
8076809513739,false,רוטב בזיליקום 400 גר,COLGATE PALMOLIVE,IT,ברילה רוטב בזיליקום 400 ג,גרמים,400.00,100 גרם,false,,13.90,0.0348,true,1,1186076
8076809514774,false,ברילה פסטה פפרדלה בי,COLGATE PALMOLIVE,IT,ברילה צ.מ פפרדלה ביצים 25,גרמים,250.00,100 גרם,false,,17.90,0.0716,true,1,1186077
8076809515399,false,ברילה אמיליאנה טליאט,,,ברילה אמיליאנה טליאט,גרמים,500.00,100 גרם,false,,13.90,0.0278,true,1,2013372
8076809523561,false,רוטב לפסטה ברילה טוס,COLGATE PALMOLIVE,IT,ברילה רוטב פסטה בטעם טוסק,גרמים,400.00,100 גרם,false,,13.90,0.0348,true,1,1186080
8076809523714,false,ברילה פסטה טליאטלה 5,COLGATE PALMOLIVE,IT,ברילה צ.מ טליאטלה 500 גרם,גרמים,500.00,100 גרם,false,,24.90,0.0498,true,1,1186082
8076809523738,false,ברילה פסטה לזניה 500,COLGATE PALMOLIVE,IT,ברילה צ.מ לזניה 500 גרם,גרמים,500.00,100 גרם,false,,20.90,0.0418,true,1,1186083
8076809529419,false,ברילה ספגטי חיטה מלא,COLGATE PALMOLIVE,IT,ברילה פ. חיטה מלאה ספגטי,גרמים,500.00,100 גרם,false,,12.90,0.0258,true,1,1186085
8076809529433,false,ברילה ספגטי רגטה חיט,COLGATE PALMOLIVE,IT,ברילה פ.חיטה מלאה ק. פנה,גרמים,500.00,100 גרם,false,,12.90,0.0258,true,1,1186086
8076809545440,false,איטריות ללא גלוטן 40,,,איטריות ללא גלוטן 40,גרמים,400.00,100 גרם,false,,14.90,0.0373,true,1,1280580
8076809545464,false,פסטה ללא גלוטן 400 ג,,,פסטה ללא גלוטן 400 ג,גרמים,400.00,100 גרם,false,,14.90,0.0373,true,1,1280582
8076809547956,false,ברילה ספגטי קיפרי 50,,,ברילה ספגטי קיפרי 50,גרמים,500.00,100 גרם,false,,7.90,0.0158,true,1,2010065
8076809578998,false,ספגטי סטלינה מס 27 -,,,ספגטי סטלינה מס 27 -,גרמים,500.00,100 גרם,false,,7.90,0.0158,true,1,2071627
8410076600622,false,חטיף 1/5 קראנצ'י ניי,,,חטיף 1/5 קראנצ'י ניי,גרמים,210.00,100 גרם,false,,14.90,0.0710,true,1,1174233
8410076610379,false,חטיף נייטשר ואלי פרו,,,חטיף נייטשר ואלי פרו,גרמים,160.00,100 גרם,false,,22.90,0.1431,true,1,1324013
8410076610386,false,חטיף נייטשר ואלי פרו,,,חטיף נייטשר ואלי פרו,גרמים,160.00,100 גרם,false,,22.90,0.1431,true,1,1324014
8410076610492,false,חטיף 1/5 צואי-בציפוי,,,חטיף 1/5 צואי-בציפוי,גרמים,150.00,100 גרם,false,,14.90,0.0993,true,1,1350321
8410076610508,false,חטיף 1/5 צואי-שוקולד,,,חטיף 1/5 צואי-שוקולד,גרמים,150.00,100 גרם,false,,14.90,0.0993,true,1,1350322
8410076621009,false,חטיף פייבר 1 קרמל מל,,,חטיף פייבר 1 קרמל מל,גרמים,120.00,100 גרם,false,,12.90,0.1075,true,1,2039092
8410076621047,false,חטיף פייבר 1 טעם שוק,,,חטיף פייבר 1 טעם שוק,גרמים,120.00,100 גרם,false,,12.90,0.1075,true,1,2039093
8410076621573,false,חטיף פייבר 1 בטעם שו,,,חטיף פייבר 1 בטעם שו,גרמים,120.00,100 גרם,false,,12.90,0.1075,true,1,2113968
8410104039134,false,מנקה מדיח כלים 250 מ,רקיט בנקיזר,PL,פיניש מנקה ומחדש,מיליליטרים,250.00,"100 מ""ל",false,,14.90,0.0596,true,1,1159987
8410104044916,false,אבקה למדיח כלים פיני,רקיט בנקיזר,DE,פיניש 2.7 PP קג רגיל,קילוגרמים,2.70,"ק""ג",false,,44.90,16.6296,true,1,1159988
8410104045111,false,"מלח למדיח 2 ק""ג - פי",מלח הארץ,IL,פיניש מלח 2 קילו 6 בקרטון,קילוגרמים,2.00,"ק""ג",false,,14.90,7.4500,true,1,1159989
8410104437268,false,מפיג ריחות למדיח - פ,רקיט בנקיזר,HU,פיניש דאוסטופ לריח מראה ח,יחידה,0.00,יחידה,false,,14.90,0.0000,true,1,1159994
8410104511340,false,רצועות שעווה לעור יב,רקיט בנקיזר,FR,ויט רצועות שעווה יבש,יח',12.00,יח',false,,29.90,2.4917,true,1,1159996
8410128768324,false,ויוה סוי שקדים קרטונ,,,ויוה סוי שקדים קרטונ,ליטרים,1.00,ליטר,false,,12.90,12.9000,true,1,2007813
8410128768355,false,ויוה סוי סויה קרטוני,,,ויוה סוי סויה קרטוני,ליטרים,1.00,ליטר,false,,11.90,11.9000,true,1,2007803
8410128783587,false,ויוה סוי שיבולת שועל,,,ויוה סוי שיבולת שועל,ליטרים,1.00,ליטר,false,,12.90,12.9000,true,1,2128410
8410182420114,false,בצל פנינה בחומץ,,,בצל פנינה בחומץ,גרמים,370.00,100 גרם,false,,9.90,0.0268,true,1,1995481
8410436218139,false,סאיוס צבע לשיער,הנקל סוד,DE,סאיוס אולאו אינטנס קיט 2-,יחידה,1.00,יחידה,false,,29.90,29.9000,true,1,1170874
8410436218290,false,סאיוס צבע לשיער,הנקל סוד,DE,סאיוס אולאו אינטנס קיט 1-,יחידה,1.00,יחידה,false,,29.90,29.9000,true,1,1170878
8410644611203,false,"יין קאווה לבן 750 מ""",,,"יין קאווה לבן 750 מ""",מיליליטרים,750.00,"100 מ""ל",false,,29.90,0.0399,true,1,1171766
8410793001764,false,בירה אסטריה דאם רביע,,,בירה אסטריה דאם רביע,ליטרים,1.32,ליטר,false,,24.90,18.8636,true,1,2129962
8411210006102,false,תחתיות ארטישוק  במי,,,תחתיות ארטישוק  במי,גרמים,400.00,100 גרם,false,,11.90,0.0298,true,1,2072100
8411320105276,false,פילה אנשובי בשמן זית,,,פילה אנשובי בשמן זית,גרמים,47.50,100 גרם,false,,21.90,0.4611,true,1,2094786
8411320334027,false,נתחי טונה צהובה בשמן,,,נתחי טונה צהובה בשמן,גרמים,112.00,100 גרם,false,,14.90,0.1330,true,1,2094788
8412168002529,false,ערק מחייה  13 לימוני,,,ערק מחייה  13 לימוני,מיליליטרים,700.00,"100 מ""ל",false,,54.90,0.0784,true,1,1771339
8412168002543,false,ערק מחייה 13 שקדים,,,ערק מחייה 13 שקדים,מיליליטרים,700.00,"100 מ""ל",false,,54.90,0.0784,true,1,2050182
8413376024839,false,גבינת עזים רכה עם עש,,,גבינת עזים רכה עם עש,גרמים,110.00,100 גרם,false,,12.90,0.1173,true,1,1585569
8414753110343,false,פילה אנשובי אמיתי בש,,,פילה אנשובי אמיתי בש,גרמים,43.00,100 גרם,false,,6.90,0.1605,true,1,1159184
8420822130600,false,סופר מסיר שומנים,,,סופר מסיר שומנים,מיליליטרים,750.00,"100 מ""ל",false,,15.90,0.0212,true,1,2116384
8420822130624,false,סופר מסיר כתמים,,,סופר מסיר כתמים,מיליליטרים,750.00,"100 מ""ל",false,,16.90,0.0225,true,1,2116385
8423207206488,false,חטיף דגנים מלאים מצו,COLGATE PALMOLIVE,ES,מרבה סלים דליס שוקולד חלב,גרמים,120.00,100 גרם,false,,10.90,0.0908,true,1,1186094
8423207206495,false,חטיף דגנים מלאים מצו,COLGATE PALMOLIVE,ES,מרבה סלים דליס שוקולד מרי,גרמים,120.00,100 גרם,false,,10.90,0.0908,true,1,1186095
8423207206501,false,חטיף דגנים עם שוקולד,COLGATE PALMOLIVE,ES,מרבה סלים דליס חצי מצופה,גרמים,78.00,100 גרם,false,,10.90,0.1397,true,1,1186096
8423207207362,false,חטיף דגנים מלאים מצו,COLGATE PALMOLIVE,ES,מרבה סלים דליס,גרמים,120.00,100 גרם,false,,10.90,0.0908,true,1,1186097
8423207208260,false,חטיף שוקולד חלב ללא,COLGATE PALMOLIVE,ES,מרבה סלים דליס חלב ללא גל,גרמים,78.00,100 גרם,false,,10.90,0.1397,true,1,1264582
8423207208680,false,חטיף דגנים לילדים עם,,,חטיף דגנים לילדים עם,גרמים,120.00,100 גרם,false,,10.90,0.0908,true,1,1280989
8423207208697,false,חטיף דגנים לילדים עם,,,חטיף דגנים לילדים עם,גרמים,78.00,100 גרם,false,,10.90,0.1397,true,1,1280990
8423207208703,false,חטיף דגנים עם שוקולד,,,חטיף דגנים עם שוקולד,גרמים,120.00,100 גרם,false,,10.90,0.0908,true,1,1280991
8423207208871,false,פריכיות תירס בטעם טב,,,פריכיות תירס בטעם טב,גרמים,130.00,100 גרם,false,,9.90,0.0762,true,1,1294791
8423207208888,false,פריכיות תירס בטעם עג,,,פריכיות תירס בטעם עג,גרמים,123.50,100 גרם,false,,9.90,0.0802,true,1,1294792
8423207208895,false,פריכיות תירס בטעם זי,,,פריכיות תירס בטעם זי,גרמים,123.50,100 גרם,false,,9.90,0.0802,true,1,1294793
8423207209885,false,חטיף דגנים עם שוקולד,,,חטיף דגנים עם שוקולד,גרמים,120.00,100 גרם,false,,10.90,0.0908,true,1,1594037
8423207210287,false,חטיף שוקולד לבן בטעם,,,חטיף שוקולד לבן בטעם,גרמים,120.00,100 גרם,false,,10.90,0.0908,true,1,1780501
8423207210928,false,חטיף דגנים סלים דליס,,,חטיף דגנים סלים דליס,גרמים,90.00,100 גרם,false,,10.90,0.1211,true,1,2023389
8423207210942,false,חטיף דגנים סלים דליס,,,חטיף דגנים סלים דליס,גרמים,78.00,100 גרם,false,,10.90,0.1397,true,1,2023390
8423207210966,false,חטיף דגנים סלים דליס,,,חטיף דגנים סלים דליס,גרמים,90.00,100 גרם,false,,10.90,0.1211,true,1,2023391
8423207210980,false,חטיף דגנים סלים דליס,,,חטיף דגנים סלים דליס,גרמים,78.00,100 גרם,false,,10.90,0.1397,true,1,2023398
8435495805168,false,"תינוקלין 1.25 ק""ג",,,"תינוקלין 1.25 ק""ג",קילוגרמים,1.25,"ק""ג",false,,21.90,17.5200,true,1,1678875
8435495805199,false,"תינוקלין 3 ק""ג",,,"תינוקלין 3 ק""ג",קילוגרמים,3.00,"ק""ג",false,,49.90,16.6333,true,1,1692664
8435495807605,false,מרכך כביסה תינוקלין,,,מרכך כביסה תינוקלין,ליטרים,1.00,ליטר,false,,17.90,17.9000,true,1,2120843
8435495807636,false,ג'ל כביסה תינוקלין ב,,,ג'ל כביסה תינוקלין ב,ליטרים,2.00,ליטר,false,,29.90,14.9500,true,1,2127941
8437000906209,false,"טורטיה קמח 20 ס""מ",,,"טורטיה קמח 20 ס""מ",גרמים,320.00,100 גרם,false,,9.90,0.0309,true,1,1186751
8445290427120,false,דגני בוקר שוקולד מרי,,,דגני בוקר שוקולד מרי,גרמים,330.00,100 גרם,false,,19.90,0.0603,true,1,2136405
8550740072390,false,פלפלונים מתוקים -עלו,,,פלפלונים מתוקים -עלו,גרמים,270.00,100 גרם,false,,7.90,0.0293,true,1,2038297
8550740072468,false,פלפלונים צ'ילי -טנא,,,פלפלונים צ'ילי -טנא,יחידה,0.00,יחידה,false,,5.90,0.0000,true,1,2096788
8593868006014,false,בירה בלו מון  פחית,,,בירה בלו מון  פחית,מיליליטרים,500.00,"100 מ""ל",false,,10.90,0.0218,true,1,2048771
8606109023593,false,מיץ פרוויטה,,,מיץ פרוויטה,מיליליטרים,750.00,"100 מ""ל",false,,11.90,0.0159,true,1,2072887
8606109023609,false,מיץ פרוויטה,,,מיץ פרוויטה,מיליליטרים,750.00,"100 מ""ל",false,,11.90,0.0159,true,1,2072888
8680202110824,false,שמרים נמסים בוואקום,,,שמרים נמסים בוואקום,גרמים,125.00,100 גרם,false,,3.90,0.0312,true,1,1177465
8680202110848,false,שמרים נמסים בוואקום,,,שמרים נמסים בוואקום,גרמים,454.00,100 גרם,false,,11.90,0.0262,true,1,1177466
8681863065287,false,מלח ים עם רוזמרין 35,,,מלח ים עם רוזמרין 35,גרמים,350.00,100 גרם,false,,17.90,0.0511,true,1,2122709
8681863065294,false,מלח ים בטעם מעושן 35,,,מלח ים בטעם מעושן 35,גרמים,350.00,100 גרם,false,,17.90,0.0511,true,1,2122710
8683130008355,false,מיונז הלמנס עם שום 4,,,מיונז הלמנס עם שום 4,גרמים,400.00,100 גרם,false,,16.90,0.0422,true,1,2094455
8683130008935,false,ממרח קטשיונז הלמנס ל,,,ממרח קטשיונז הלמנס ל,גרמים,425.00,100 גרם,false,,16.90,0.0398,true,1,2099093
8683130025574,false,בדין אקסטרא לבנדר 96,,,בדין אקסטרא לבנדר 96,מיליליטרים,960.00,"100 מ""ל",false,,15.90,0.0166,true,1,2122378
8683130025581,false,בדין אקסטרא ענבר 960,,,בדין אקסטרא ענבר 960,מיליליטרים,960.00,"100 מ""ל",false,,15.90,0.0166,true,1,2122379
8683323063024,false,ממתק גומי שטיחים תות,,,ממתק גומי שטיחים תות,גרמים,220.00,100 גרם,false,,4.90,0.0223,true,1,1412381
8690504081913,false,ביסקוויט מקויטיס טינ,,,ביסקוויט מקויטיס טינ,גרמים,150.00,100 גרם,false,,8.90,0.0593,true,1,1912932
8690504081920,false,ביסקוויט מקויטיס טינ,,,ביסקוויט מקויטיס טינ,גרמים,150.00,100 גרם,false,,8.90,0.0593,true,1,1912933
8690504081937,false,ביסקוויט מקויטיס טינ,,,ביסקוויט מקויטיס טינ,גרמים,150.00,100 גרם,false,,8.90,0.0593,true,1,1912934
8690504153740,false,טבלת שוקולד מריר עם,,,טבלת שוקולד מריר עם,גרמים,86.00,100 גרם,false,,10.90,0.1267,true,1,1733733
8690504153849,false,טבלת שוקולד חלב ק.אג,,,טבלת שוקולד חלב ק.אג,גרמים,83.00,100 גרם,false,,10.90,0.1313,true,1,1733734
8690504156543,false,שוקולד גודייבה ממולא,,,שוקולד גודייבה ממולא,גרמים,88.00,100 גרם,false,,10.90,0.1239,true,1,1996557
8690526009308,false,חטיף קוקוס מצופה שוק,,,חטיף קוקוס מצופה שוק,גרמים,126.00,100 גרם,false,,7.90,0.0627,true,1,2024542
8690526019147,false,וופל קקאו במילוי קרם,,,וופל קקאו במילוי קרם,גרמים,142.00,100 גרם,false,,4.90,0.0345,true,1,2024528
8690526019154,false,וופל קקאו במילוי קרם,,,וופל קקאו במילוי קרם,גרמים,142.00,100 גרם,false,,4.90,0.0345,true,1,2024529
8690526019185,false,וופל קקאו במילוי קרם,,,וופל קקאו במילוי קרם,גרמים,142.00,100 גרם,false,,4.90,0.0345,true,1,2024531
8690526029207,false,וופל חמישיה קקאו 5*2,,,וופל חמישיה קקאו 5*2,גרמים,145.00,100 גרם,false,,7.90,0.0545,true,1,2126848
8690526029238,false,וופל שוקולד מריר אתי,,,וופל שוקולד מריר אתי,גרמים,150.00,100 גרם,false,,7.90,0.0527,true,1,2055819
8690526039190,false,וופל חמישיה אגוזים 5,,,וופל חמישיה אגוזים 5,גרמים,145.00,100 גרם,false,,7.90,0.0545,true,1,2126849
8690526039206,false,וופל מיני קקאו וחתיכ,,,וופל מיני קקאו וחתיכ,גרמים,140.00,100 גרם,false,,7.90,0.0564,true,1,2126850
8690531410311,false,עגבניות מיובשות בשמן,דין שיווק,,עגבניות מיובשות בשמן,גרמים,340.00,100 גרם,false,,12.90,0.0379,true,1,1350431
8690572788851,false,שמפו גליס ביו-טק,,,שמפו גליס ביו-טק,מיליליטרים,400.00,"100 מ""ל",false,,18.90,0.0472,true,1,1995791
8690572788912,false,מרכך גליס ביו-טק,,,מרכך גליס ביו-טק,מיליליטרים,400.00,"100 מ""ל",false,,18.90,0.0472,true,1,1995799
8690572799482,false,"מרכך סאיוס 500 מ""ל",,,"מרכך סאיוס 500 מ""ל",מיליליטרים,500.00,"100 מ""ל",false,,14.90,0.0298,true,1,2069036
8690572799499,false,"מרכך סאיוס 500 מ""ל",,,"מרכך סאיוס 500 מ""ל",מיליליטרים,500.00,"100 מ""ל",false,,14.90,0.0298,true,1,2069037
8690572799529,false,"שמפו סאיוס 500 מ""ל",,,"שמפו סאיוס 500 מ""ל",מיליליטרים,500.00,"100 מ""ל",false,,14.90,0.0298,true,1,2069040
8690572799536,false,"שמפו סאיוס 500 מ""ל",,,"שמפו סאיוס 500 מ""ל",מיליליטרים,500.00,"100 מ""ל",false,,14.90,0.0298,true,1,2069041
8690572799550,false,"שמפו סאיוס 500 מ""ל",,,"שמפו סאיוס 500 מ""ל",מיליליטרים,500.00,"100 מ""ל",false,,14.90,0.0298,true,1,2069043
8690637073373,false,ליפטון תה ארל גריי 2,יוניליוור,TR,ארל גריי 50 גר,גרמים,50.00,100 גרם,false,,7.90,0.1580,true,1,1188451
8690637073434,false,תה ליפטון ארל גריי 1,,,תה ליפטון ארל גריי 1,גרמים,200.00,100 גרם,false,,22.90,0.1145,true,1,1188452
8690637503856,false,ממרח הלמנס לחיץ 355,,,ממרח הלמנס לחיץ 355,גרמים,355.00,100 גרם,false,,16.90,0.0476,true,1,2040887
8690637504426,false,"סיף קרם לימון 500 מ""",,,"סיף קרם לימון 500 מ""",מיליליטרים,500.00,"100 מ""ל",false,,10.90,0.0218,true,1,2096359
8690637505607,false,בדין אקסטרא כחול-960,,,בדין אקסטרא כחול-960,מיליליטרים,960.00,"100 מ""ל",false,,15.90,0.0166,true,1,2073909
8690637505959,false,סבון ידיים דאב לוטוס,,,סבון ידיים דאב לוטוס,מיליליטרים,500.00,"100 מ""ל",false,,16.90,0.0338,true,1,2097364
8690637506956,false,שמפו דאב למניעת קשקש,,,שמפו דאב למניעת קשקש,מיליליטרים,600.00,"100 מ""ל",false,,18.90,0.0315,true,1,2135503
8690637555084,false,בדין אקסטרא פריחת הת,יוניליוור,TR,בדין אקסטרא לבן-960 מ''ל,מיליליטרים,960.00,"100 מ""ל",false,,15.90,0.0166,true,1,1188468
8690637688195,false,תה פירמידה 34 גרם לי,יוניליוור,TR,ליפטון תה ירוק מעטפות קלא,גרמים,34.00,100 גרם,false,,15.90,0.4676,true,1,1188483
8690637704277,false,שמפו דאב יום יומי 2,יוניליוור,TR,דאב שמפו יום יומי 2 ב-1 6,מיליליטרים,600.00,"100 מ""ל",false,,18.90,0.0315,true,1,1226758
8690637704291,false,"שמפו דאב משקם 600 מ""",יוניליוור,TR,דאב שמפו משקם 600מל,מיליליטרים,600.00,"100 מ""ל",false,,18.90,0.0315,true,1,1226759
8690637704376,false,שמפו דאב יום יומי 60,יוניליוור,TR,דאב שמפו יום יומי 600מל,מיליליטרים,600.00,"100 מ""ל",false,,18.90,0.0315,true,1,1226760
8690637704390,false,מרכך דאב יום יומי 60,יוניליוור,TR,דאב מרכך יום יומי 600מל,מיליליטרים,600.00,"100 מ""ל",false,,18.90,0.0315,true,1,1226794
8690637704413,false,"דאב מרכך משקם 600 מ""",יוניליוור,TR,דאב מרכך משקם 600מל,מיליליטרים,600.00,"100 מ""ל",false,,18.90,0.0315,true,1,1226795
8690637704437,false,שמפו דאב שמני הזנה 6,יוניליוור,TR,דאב שמפו שמני הזנה 600 מל,מיליליטרים,600.00,"100 מ""ל",false,,18.90,0.0315,true,1,1226761
8690637799594,false,תה ירוק ליפטון נענע,,,תה ירוק ליפטון נענע,גרמים,34.00,100 גרם,false,,15.90,0.4676,true,1,1323266
8690637835643,false,תה ירוק ליפטון לואיז,,,תה ירוק ליפטון לואיז,גרמים,30.00,100 גרם,false,,15.90,0.5300,true,1,1534358
8690637858734,false,סיף גל אקונומיקה 750,,,סיף גל אקונומיקה 750,מיליליטרים,750.00,"100 מ""ל",false,,11.90,0.0159,true,1,1736683
8690637858741,false,סיף גל אקונומיקה 750,,,סיף גל אקונומיקה 750,מיליליטרים,750.00,"100 מ""ל",false,,11.90,0.0159,true,1,1736684
8690637858758,false,סיף גל אקונומיקה 750,,,סיף גל אקונומיקה 750,מיליליטרים,750.00,"100 מ""ל",false,,11.90,0.0159,true,1,1736685
8690637865589,false,סבון ידיים דאב מלפפו,,,סבון ידיים דאב מלפפו,מיליליטרים,500.00,"100 מ""ל",false,,16.90,0.0338,true,1,1903185
8690637865596,false,סבון ידיים דאב הזנה,,,סבון ידיים דאב הזנה,מיליליטרים,500.00,"100 מ""ל",false,,16.90,0.0338,true,1,1903186
8690637871061,false,שמפו דאב 600 עם שמן,,,שמפו דאב 600 עם שמן,מיליליטרים,600.00,"100 מ""ל",false,,18.90,0.0315,true,1,1754827
8690637890666,false,מאגדת שלגוני מגנום פ,,,מאגדת שלגוני מגנום פ,גרמים,282.00,100 גרם,false,,29.90,0.1060,true,1,1898008
8690637916977,false,מרכך דאב עם שמן קוקס,,,מרכך דאב עם שמן קוקס,מיליליטרים,600.00,"100 מ""ל",false,,18.90,0.0315,true,1,1964622
8690637946301,false,בדין אקסטרא בייבי 96,,,בדין אקסטרא בייבי 96,מיליליטרים,960.00,"100 מ""ל",false,,15.90,0.0166,true,1,2008224
8690637946318,false,בדין אקסטרא בייבי 96,,,בדין אקסטרא בייבי 96,מיליליטרים,960.00,"100 מ""ל",false,,15.90,0.0166,true,1,2008225
8690637971310,false,בדין אקסטרא יערת הדב,,,בדין אקסטרא יערת הדב,מיליליטרים,960.00,"100 מ""ל",false,,15.90,0.0166,true,1,2036065
8690637976995,false,בדין אקסטרא ורוד- 96,,,בדין אקסטרא ורוד- 96,מיליליטרים,960.00,"100 מ""ל",false,,15.90,0.0166,true,1,2036066
8690637994029,false,בדין אקסטרא סחלבים 1,,,בדין אקסטרא סחלבים 1,ליטרים,1.44,ליטר,false,,22.90,15.9028,true,1,2050706
8690757002376,false,משחת נעליים,,,משחת נעליים,מיליליטרים,50.00,"100 מ""ל",false,,4.90,0.0980,true,1,1217116
8690757002444,false,נוזל לנעליים,,,נוזל לנעליים,מיליליטרים,75.00,"100 מ""ל",false,,4.90,0.0653,true,1,1217149
8690757002451,false,נוזל לנעליים,,,נוזל לנעליים,מיליליטרים,75.00,"100 מ""ל",false,,4.90,0.0653,true,1,1217150
8690757002482,false,ספוג לנעלים,,,ספוג לנעלים,יחידה,0.00,יחידה,false,,8.90,0.0000,true,1,1217153
8690766156367,false,שוקולד גודייבה חלב מ,,,שוקולד גודייבה חלב מ,גרמים,90.00,100 גרם,false,,10.90,0.1211,true,1,1996558
8690766156374,false,שוקולד גודייבה מריר,,,שוקולד גודייבה מריר,גרמים,90.00,100 גרם,false,,10.90,0.1211,true,1,1996566
8690766156404,false,שוקולד גודייבה מריר,,,שוקולד גודייבה מריר,גרמים,90.00,100 גרם,false,,10.90,0.1211,true,1,1996569
8690766156411,false,שוקולד גודייבה מריר,,,שוקולד גודייבה מריר,גרמים,90.00,100 גרם,false,,10.90,0.1211,true,1,1996570
8690770322598,false,שמרים יבשים 125 גרם,,,שמרים יבשים 125 גרם,גרמים,125.00,100 גרם,false,,3.90,0.0312,true,1,1169472
8690777203012,false,פלפל ירוק כבוש לא חר,קורהאן,TR,פלפל ירוק כבוש לא חריף 60,גרמים,600.00,100 גרם,false,,12.90,0.0215,true,1,1159450
8690777204071,false,פלפל חריף SERA,קורהאן,TR,פלפל חריף 640גרם מותג SER,גרמים,640.00,100 גרם,false,,12.90,0.0202,true,1,1159451
8690777221405,false,פלפל אדום קלוי על הא,קורהאן,TR,פלפל אדום קלוי על האש 650,גרמים,650.00,100 גרם,false,,12.90,0.0198,true,1,1159454
8690784611442,false,דאק סבון ניקוי אסלה,,,דאק סבון ניקוי אסלה,גרמים,30.00,100 גרם,false,,7.90,0.2633,true,1,1994736
8690784614665,false,דאק סבון ניקוי אסלה,,,דאק סבון ניקוי אסלה,גרמים,30.00,100 גרם,false,,7.90,0.2633,true,1,1731614
8690784614771,false,דאק סבון ניקוי אסלה,,,דאק סבון ניקוי אסלה,גרמים,30.00,100 גרם,false,,7.90,0.2633,true,1,1731615
8690784616775,false,סבון ניקוי לאסלה דאק,,,סבון ניקוי לאסלה דאק,יח',1.00,יח',false,,9.90,9.9000,true,1,1874017
8691530924687,false,סירופ רימונים 1 ליטר,,,סירופ רימונים 1 ליטר,ליטרים,1.00,ליטר,false,,39.90,39.9000,true,1,1939902
8693323085100,false,ממתק חמוץ בצורת שטיח,,,ממתק חמוץ בצורת שטיח,גרמים,100.00,100 גרם,false,,5.90,0.0590,true,1,1783975
8693495037853,false,זוג מברשות שיניים סל,COLGATE PALMOLIVE,CN,קולגייט מברשת סלים סופט ז,יח',2.00,יח',false,,29.90,14.9500,true,1,1186103
8693495041461,false,זוג מברשות שיניים סל,COLGATE PALMOLIVE,CN,קולגייט מברשת סלים סופט פ,יח',2.00,יח',false,,29.90,14.9500,true,1,1186104
8693495050333,false,סבון נוזלי פלמוליב ל,,,סבון נוזלי פלמוליב ל,מיליליטרים,500.00,"100 מ""ל",false,,15.90,0.0318,true,1,1483570
8693495051002,false,מברשת שיניים קולגייט,,,מברשת שיניים קולגייט,יח',1.00,יח',false,,18.90,18.9000,true,1,1530335
8693495052177,false,סבון נוזלי פלמוליב ז,,,סבון נוזלי פלמוליב ז,מיליליטרים,750.00,"100 מ""ל",false,,17.90,0.0239,true,1,1595620
8693495052931,false,מברשת שיניים קולגייט,,,מברשת שיניים קולגייט,יח',2.00,יח',false,,29.90,14.9500,true,1,1983312
8693495054058,false,סבון נוזלי פלמוליב ל,,,סבון נוזלי פלמוליב ל,מיליליטרים,750.00,"100 מ""ל",false,,17.90,0.0239,true,1,2098585
8693609193826,false,מתקן כביסה מתכת אל ח,,,מתקן כביסה מתכת אל ח,יחידה,0.00,יחידה,false,,59.90,0.0000,true,1,2065008
8696219364242,false,סט 3 צנצנות הברגה הר,,,סט 3 צנצנות הברגה הר,יחידה,0.00,יחידה,false,,19.90,0.0000,true,1,2098884
8697040108975,false,סבון נוזלי אסותא נשי,,,סבון נוזלי אסותא נשי,מיליליטרים,400.00,"100 מ""ל",false,,14.90,0.0373,true,1,1473084
8697040109323,false,סבון מוצק אסותא,,,סבון מוצק אסותא,גרמים,100.00,100 גרם,false,,3.90,0.0390,true,1,1277515
8697418280104,false,עלי טורטייה 12יח,,,עלי טורטייה 12יח,יחידה,0.00,יחידה,false,,27.90,0.0000,true,1,1939903
8697430885417,false,פסטה מסולסלת ארבלה ו,DURUM,TR,פסטה מסולסלת 6 ARBELLA,גרמים,500.00,100 גרם,false,,4.90,0.0098,true,1,1194208
8697430885424,false,פסטה פרפרים ארבלה וי,DURUM,TR,פרפרים 5 ARBELLA,גרמים,500.00,100 גרם,false,,4.90,0.0098,true,1,1194209
8697430885431,false,פסטה פנה ארבלה ויטה,DURUM,TR,פנה 4 ARBELLA,גרמים,500.00,100 גרם,false,,4.90,0.0098,true,1,1194210
8697430885455,false,קונכיות ארבלה ויטה,DURUM,TR,קונכיות 3 ARBELLA,גרמים,500.00,100 גרם,false,,4.90,0.0098,true,1,1194211
8697430885493,false,ספגטי ארבלה ויטה,DURUM,TR,ספגטי 1 ARBELLA,גרמים,500.00,100 גרם,false,,4.90,0.0098,true,1,1194213
8697431460064,false,קונפיטור 70% משמש,,,קונפיטור 70% משמש,גרמים,450.00,100 גרם,false,,12.90,0.0287,true,1,1186752
8697431921701,false,קונפיטור 70% תות,,,קונפיטור 70% תות,גרמים,450.00,100 גרם,false,,12.90,0.0287,true,1,1213813
8697431921718,false,קונפיטור 70% דובדבן,,,קונפיטור 70% דובדבן,גרמים,450.00,100 גרם,false,,12.90,0.0287,true,1,1216387
8697431925143,false,קונפיטור 70% מיקס פי,,,קונפיטור 70% מיקס פי,גרמים,450.00,100 גרם,false,,12.90,0.0287,true,1,1867116
8697659232733,false,מבשם אריגים,,,מבשם אריגים,מיליליטרים,475.00,"100 מ""ל",false,,12.90,0.0272,true,1,1841354
8697659238117,false,מטהר אוויר פרש&מור,,,מטהר אוויר פרש&מור,יחידה,0.00,יחידה,false,,19.90,0.0000,true,1,2035334
8697659238124,false,מטהר אוויר פרש&מור,,,מטהר אוויר פרש&מור,יחידה,0.00,יחידה,false,,19.90,0.0000,true,1,2035335
8697826469092,false,טורטיות ראפ 540 גרם,דין שיווק,,טורטיות ראפ 540 גרם,גרמים,540.00,100 גרם,false,,9.90,0.0183,true,1,1175312
8697853094922,false,תבנית ל-4 קרטיבים +ק,,,תבנית ל-4 קרטיבים +ק,יחידה,0.00,יחידה,false,,9.90,0.0000,true,1,2138096
8697957251252,false,"מעמד מתקן לכוסות ח""פ",,,"מעמד מתקן לכוסות ח""פ",יחידה,0.00,יחידה,false,,9.90,0.0000,true,1,2075942
8699073292768,false,חציל קלוי על האש 640,,,חציל קלוי על האש 640,גרמים,640.00,100 גרם,false,,9.90,0.0155,true,1,2043423
8699568531952,false,וולה פלקס מוס לשיער,,,וולה פלקס מוס לשיער,מיליליטרים,200.00,"100 מ""ל",false,,24.90,0.1245,true,1,2041256
8710428016348,false,פדיאשור משקה להשלמה,,,פדיאשור משקה להשלמה,גרמים,400.00,100 גרם,false,,39.90,0.0997,true,1,2036013
8710428016355,false,פדיאשור משקה להשלמה,,,פדיאשור משקה להשלמה,גרמים,400.00,100 גרם,false,,39.90,0.0997,true,1,2036014
8710447224311,false,מרכך טרזמה בוטניק 40,,,מרכך טרזמה בוטניק 40,מיליליטרים,400.00,"100 מ""ל",false,,14.90,0.0373,true,1,1972642
8710447240915,false,מסכה לשיער טרזמה ביו,,,מסכה לשיער טרזמה ביו,מיליליטרים,300.00,"100 מ""ל",false,,29.90,0.0997,true,1,1973795
8710502060021,false,עוגיות מרבה פטיסרי מ,,,עוגיות מרבה פטיסרי מ,גרמים,210.00,100 גרם,false,,9.90,0.0471,true,1,2128114
8710502064814,false,עוגיות שוקולד ציפס 1,,,עוגיות שוקולד ציפס 1,גרמים,175.00,100 גרם,false,,8.90,0.0509,true,1,1247521
8710502100864,false,עוגיות מרבה פטיסרי ד,,,עוגיות מרבה פטיסרי ד,גרמים,200.00,100 גרם,false,,9.90,0.0495,true,1,2128115
8710502139017,false,עוגיות שוקוצ'יפס מצו,COLGATE PALMOLIVE,NL,מרבה עוגיות  טריפל שוקולד,גרמים,180.00,100 גרם,false,,8.90,0.0494,true,1,1186106
8710502194801,false,עוגיות שוקולד צי'פס,,,עוגיות שוקולד צי'פס,גרמים,175.00,100 גרם,false,,8.90,0.0509,true,1,1322429
8710502231018,false,עוגיות מרבה שוקולד צ,,,עוגיות מרבה שוקולד צ,גרמים,175.00,100 גרם,false,,9.90,0.0566,true,1,2048147
8710502279010,false,עוגיות שוקולד צ'יפס,,,עוגיות שוקולד צ'יפס,גרמים,175.00,100 גרם,false,,8.90,0.0509,true,1,2044939
8710502285509,false,עוגיות לימון ושוקולד,,,עוגיות לימון ושוקולד,גרמים,175.00,100 גרם,false,,8.90,0.0509,true,1,2087225
8710502405204,false,עוגיות שוקולד ממולאו,COLGATE PALMOLIVE,NL,מרבה עוגיות  ממולאות קרם,גרמים,175.00,100 גרם,false,,8.90,0.0509,true,1,1186108
8710502470028,false,עוגיות נוגטלי 160 גר,COLGATE PALMOLIVE,NL,מרבה עוגיות  נוגטלי 160 ג,גרמים,160.00,100 גרם,false,,8.90,0.0556,true,1,1186110
8710502470035,false,עוגיות מרבה פטיסרי נ,,,עוגיות מרבה פטיסרי נ,גרמים,200.00,100 גרם,false,,9.90,0.0495,true,1,2128117
8710522584200,false,תחליב רחצה דאב 500 מ,,,תחליב רחצה דאב 500 מ,מיליליטרים,500.00,"100 מ""ל",false,,14.90,0.0298,true,1,2076159
8710552274614,false,וניש גולד קצף שטיחים,,,וניש גולד קצף שטיחים,מיליליטרים,600.00,"100 מ""ל",false,,29.90,0.0498,true,1,1738526
8710800027573,false,שקית מיני מנטוס,,,שקית מיני מנטוס,גרמים,178.00,100 גרם,false,,12.90,0.0725,true,1,1174268
8710800961310,false,מנטוס 1/4 טעם תות,,,מנטוס 1/4 טעם תות,גרמים,150.00,100 גרם,false,,10.90,0.0727,true,1,1174269
8710847860829,false,דאודורנט רול און רקס,,,דאודורנט רול און רקס,מיליליטרים,50.00,"100 מ""ל",false,,15.90,0.3180,true,1,1986312
8710847860843,false,דאודורנט רול און רקס,,,דאודורנט רול און רקס,מיליליטרים,50.00,"100 מ""ל",false,,15.90,0.3180,true,1,1988635
8710847942679,false,שמפו טרזמה קרטין 400,,,שמפו טרזמה קרטין 400,מיליליטרים,400.00,"100 מ""ל",false,,14.90,0.0373,true,1,2073911
8710847942693,false,מרכך טרזמה קרטין 400,,,מרכך טרזמה קרטין 400,מיליליטרים,400.00,"100 מ""ל",false,,14.90,0.0373,true,1,2073912
8710847973970,false,דאב תחליב רחצה אלוור,,,דאב תחליב רחצה אלוור,מיליליטרים,750.00,"100 מ""ל",false,,19.90,0.0265,true,1,2040879
8710847995729,false,דאודורנט ספריי רקסונ,,,דאודורנט ספריי רקסונ,מיליליטרים,150.00,"100 מ""ל",false,,13.90,0.0927,true,1,2021678
8710908326691,false,דאב תחליב רחצה אדמונ,,,דאב תחליב רחצה אדמונ,מיליליטרים,750.00,"100 מ""ל",false,,19.90,0.0265,true,1,1299264
8710908693809,false,מסכה לשיער טרזמה קרט,,,מסכה לשיער טרזמה קרט,מיליליטרים,300.00,"100 מ""ל",false,,29.90,0.0997,true,1,1682417
8711000360606,false,לור קפסולות קפה אספר,קראפט,,לור קפסולות קפה אספר,גרמים,52.00,100 גרם,false,,19.90,0.3827,true,1,2021053
8711000362631,false,לור קפסולות קפה אספר,קראפט,,לור קפסולות קפה אספר,גרמים,52.00,100 גרם,false,,19.90,0.3827,true,1,1790546
8711000371176,false,ג'ייקובס קפסולות קפה,קראפט,,ג'ייקובס קפסולות קפה,גרמים,52.00,100 גרם,false,,16.90,0.3250,true,1,1832951
8711000371183,false,ג'ייקובס קפסולות קפה,קראפט,,ג'ייקובס קפסולות קפה,גרמים,52.00,100 גרם,false,,16.90,0.3250,true,1,1859782
8711000371206,false,ג'ייקובס קפסולות קפה,קראפט,,ג'ייקובס קפסולות קפה,גרמים,52.00,100 גרם,false,,16.90,0.3250,true,1,1859783
8711000371244,false,ג'ייקובס קפסולות קפה,קראפט,,ג'ייקובס קפסולות קפה,גרמים,52.00,100 גרם,false,,16.90,0.3250,true,1,1994938
8711000472040,false,ג'ייקובס קפסולות קפה,קראפט,,ג'ייקובס קפסולות קפה,גרמים,52.00,100 גרם,false,,16.90,0.3250,true,1,2079315
8712000051099,false,שישייה בירה הייניקן,,,שישייה בירה הייניקן,ליטרים,1.98,ליטר,false,,35.90,18.1313,true,1,1806663
8712400802512,false,נוטרילון חלב לתינוקו,נוטרישה         - נו,,נוטרילון חלב לתינוקו,גרמים,800.00,100 גרם,false,,64.90,0.0811,true,1,1157496
8712400802536,false,נוטרילון חלב לתינוקו,נוטרישה         - נו,,נוטרילון חלב לתינוקו,גרמים,800.00,100 גרם,false,,64.90,0.0811,true,1,1157498
8712561594240,false,דאב תחליב רחצה להזנה,יוניליוור,DE,דאב ת.ר הזנה עמוקה 250ML,מיליליטרים,500.00,"100 מ""ל",false,,14.90,0.0298,true,1,1254677
8712561594608,false,תחליב רחצה דאב 750 מ,יוניליוור,DE,דאב ת.ר מענג 750ML,מיליליטרים,750.00,"100 מ""ל",false,,19.90,0.0265,true,1,1254678
8712561611183,false,דאב תחליב רחצה תה יר,יוניליוור,DE,דאב ת.ר פרש 500ML,מיליליטרים,500.00,"100 מ""ל",false,,14.90,0.0298,true,1,1254679
8712561611411,false,תחליב רחצה דאב 750 מ,יוניליוור,DE,דאב ת.ר פרש 750ML,מיליליטרים,750.00,"100 מ""ל",false,,19.90,0.0265,true,1,1254680
8712561631570,false,תחליב רחצה דאב 750 מ,יוניליוור,DE,דאב תחליב רחצה קוקוס ללא,מיליליטרים,750.00,"100 מ""ל",false,,19.90,0.0265,true,1,1254684
8712561646024,false,תחליב רחצה דאב 750 מ,,,תחליב רחצה דאב 750 מ,מיליליטרים,750.00,"100 מ""ל",false,,19.90,0.0265,true,1,2107361
8714599104316,false,קפה שחור ג'יקובס 200,קראפט,,קפה שחור ג'יקובס 200,גרמים,200.00,100 גרם,false,,14.90,0.0745,true,1,1994085
8714599410806,false,קפה ג'יקובס 160 גרם,קראפט,,קפה ג'יקובס 160 גרם,גרמים,160.00,100 גרם,false,,14.90,0.0931,true,1,1855062
8714599513781,false,קפה ג'יקובס גולד 200,קראפט,,קפה ג'יקובס גולד 200,גרמים,200.00,100 גרם,false,,29.90,0.1495,true,1,1284388
8714599513835,false,קפה ג'יקובס נטול קפא,קראפט,,קפה ג'יקובס נטול קפא,גרמים,200.00,100 גרם,false,,32.90,0.1645,true,1,1441671
8714599513866,false,קפה ג'יקובס 200 גרם,קראפט,,קפה ג'יקובס 200 גרם,גרמים,200.00,100 גרם,false,,29.90,0.1495,true,1,1284389
8714789177229,false,רביעיית מברשות שיניי,COLGATE PALMOLIVE,CN,קולגייט אקסטרה קלין רביעי,יח',4.00,יח',false,,14.90,3.7250,true,1,1186122
8714789218465,false,זוג מברשות שניים קול,COLGATE PALMOLIVE,CN,קולגייט מברשת 360 זוג S ח,יח',2.00,יח',false,,24.90,12.4500,true,1,1186127
8714789303925,false,זוג מברשת שיניים קול,COLGATE PALMOLIVE,CH,קולגייט מברשת 360 סנסטיב,יח',2.00,יח',false,,24.90,12.4500,true,1,1186134
8714789402918,false,אג'קס פרחים אדום 1.5,COLGATE PALMOLIVE,GR,אגקס חגיגת הפרחים אדום 1.,ליטרים,1.50,ליטר,false,,19.90,13.2667,true,1,1186137
8714789402932,false,אג'קס פרחים ורוד 1.5,COLGATE PALMOLIVE,GR,אגקס חגיגת הפרחים ורוד 1.,ליטרים,1.50,ליטר,false,,19.90,13.2667,true,1,1186138
8714789402970,false,אג'קס פרחים ירוק 1.5,COLGATE PALMOLIVE,GR,אגקס חגיגת הפרחים ירוק 1.,ליטרים,1.50,ליטר,false,,19.90,13.2667,true,1,1186139
8714789450315,false,נוזל כלים פלמוליב 1.,COLGATE PALMOLIVE,GR,פלמוליב כלים שקוף לימון 1,ליטרים,1.50,ליטר,false,,15.90,10.6000,true,1,1233079
8714789529561,false,משחת שיניים סנסטיב פ,COLGATE PALMOLIVE,BR,קולגייט סנסיטיב פרו ריליף,מיליליטרים,75.00,"100 מ""ל",false,,24.90,0.3320,true,1,1186147
8714789582764,false,אג'קס חלונות טריגרם,COLGATE PALMOLIVE,GR,אגקס טריגר 750 מל,מיליליטרים,750.00,"100 מ""ל",false,,14.90,0.0199,true,1,1186150
8714789740058,false,מברשת שיניים זוג טוו,COLGATE PALMOLIVE,CN,קולגייט מברשת טוויסטר זוג,יח',2.00,יח',false,,19.90,9.9500,true,1,1186155
8714789797786,false,נוזל לכלים פלמוליב 7,COLGATE PALMOLIVE,GR,פלמוליב כלים שקוף גרםיס ב,מיליליטרים,750.00,"100 מ""ל",false,,9.90,0.0132,true,1,1186166
8714789831275,false,זוג מברשות שיניים 36,COLGATE PALMOLIVE,CN,קולגייט מברשת 360 אופטיק,יח',2.00,יח',false,,24.90,12.4500,true,1,1186171
8714789834467,false,נוזל לכלים פלמוליב 1,COLGATE PALMOLIVE,GR,פלמוליב כלים שקוף קלאסי 1,ליטרים,1.50,ליטר,false,,15.90,10.6000,true,1,1186172
8714789930848,false,משחת שיניים קולגייט,COLGATE PALMOLIVE,PL,קולגייט משחת אופטיק וייט,מיליליטרים,75.00,"100 מ""ל",false,,19.90,0.2653,true,1,1186177
8715700110141,false,ממרח מיונז היינץ בצנ,היינץ,,ממרח מיונז היינץ בצנ,גרמים,460.00,100 גרם,false,,11.90,0.0259,true,1,1572144
8715700110158,false,מיונז היינץ בצנצנת 4,היינץ,,מיונז היינץ בצנצנת 4,גרמים,490.00,100 גרם,false,,11.90,0.0243,true,1,1572145
8715700115641,false,ממרח היינץ 420 גרם ל,היינץ,,ממרח היינץ 420 גרם ל,גרמים,420.00,100 גרם,false,,14.90,0.0355,true,1,1479116
8715700117805,false,קטשופ היינץ מופחת סו,היינץ,,קטשופ היינץ מופחת סו,גרמים,425.00,100 גרם,false,,11.90,0.0280,true,1,2007728
8715700120874,false,קטשופ היינץ שום 460,היינץ,,קטשופ היינץ שום 460,גרמים,460.00,100 גרם,false,,12.90,0.0280,true,1,2083858
8715700419732,false,קטשופ היינץ 700 גרם,היינץ,,קטשופ היינץ 700 גרם,גרמים,700.00,100 גרם,false,,11.90,0.0170,true,1,1157499
8715700421322,false,רוטב ברבקיו 490 גרם,היינץ,,רוטב ברבקיו 490 גרם,גרמים,490.00,100 גרם,false,,12.90,0.0263,true,1,1585038
8715700422473,false,ממרח היינץ לחיץ ללא,היינץ,,ממרח היינץ לחיץ ללא,גרמים,395.00,100 גרם,false,,14.90,0.0377,true,1,1428114
8715700423906,false,קטשופ היינץ 555 גרם,היינץ,,קטשופ היינץ 555 גרם,גרמים,555.00,100 גרם,false,,11.90,0.0214,true,1,1631351
8717163628355,false,מרכך טרזמה להחלקה וצ,,,מרכך טרזמה להחלקה וצ,מיליליטרים,400.00,"100 מ""ל",false,,21.90,0.0547,true,1,2078311
8717163647240,false,אקס ספריי שוקולד,,,אקס ספריי שוקולד,מיליליטרים,150.00,"100 מ""ל",false,,14.90,0.0993,true,1,1885917
8717163655764,false,דאודורנט ספריי רקסונ,,,דאודורנט ספריי רקסונ,מיליליטרים,150.00,"100 מ""ל",false,,13.90,0.0927,true,1,1988628
8717163655825,false,דאודורנט ספריי רקסונ,,,דאודורנט ספריי רקסונ,מיליליטרים,150.00,"100 מ""ל",false,,13.90,0.0927,true,1,1988629
8717163658314,false,דאב תחליב רחצה מים מ,,,דאב תחליב רחצה מים מ,מיליליטרים,500.00,"100 מ""ל",false,,16.90,0.0338,true,1,1875377
8717163663493,false,דאודורנט ספריי רקסונ,,,דאודורנט ספריי רקסונ,מיליליטרים,150.00,"100 מ""ל",false,,13.90,0.0927,true,1,1986315
8717163714850,false,דאב ספריי קוקוס ויסמ,,,דאב ספריי קוקוס ויסמ,מיליליטרים,150.00,"100 מ""ל",false,,17.90,0.1193,true,1,1964627
8717163842676,false,דאב תחליב רחצה חימר,,,דאב תחליב רחצה חימר,מיליליטרים,500.00,"100 מ""ל",false,,16.90,0.0338,true,1,1990357
8717163947692,false,אקס ג'ל רחצה פינק פפ,,,אקס ג'ל רחצה פינק פפ,מיליליטרים,400.00,"100 מ""ל",false,,15.90,0.0398,true,1,2009673
8717677336593,false,שוקולד חלב 180 גרם ט,,,שוקולד חלב 180 גרם ט,גרמים,180.00,100 גרם,false,,17.90,0.0994,true,1,2103837
8717677336616,false,שוקולד מריר עם שקדים,,,שוקולד מריר עם שקדים,גרמים,180.00,100 גרם,false,,17.90,0.0994,true,1,2103838
8717677336630,false,שוקולד חלב עם שקדים,,,שוקולד חלב עם שקדים,גרמים,180.00,100 גרם,false,,17.90,0.0994,true,1,2103839
8718114734484,false,מיונז מיילי,,,מיונז מיילי,גרמים,320.00,100 גרם,false,,11.90,0.0372,true,1,1434257
8718951001589,false,א'גקס ספריי מסיר שומ,COLGATE PALMOLIVE,GR,אג'קס ספריי רב פעולות,מיליליטרים,600.00,"100 מ""ל",false,,14.90,0.0248,true,1,1259063
8718951001596,false,א'גקס ספריי אמבטיה,COLGATE PALMOLIVE,GR,אג'קס ספריי רב פעולות,מיליליטרים,600.00,"100 מ""ל",false,,14.90,0.0248,true,1,1259064
8718951001602,false,א'גקס ספריי לניקוי כ,COLGATE PALMOLIVE,GR,אג'קס ספריי רב פעולות,מיליליטרים,600.00,"100 מ""ל",false,,14.90,0.0248,true,1,1259065
8718951030169,false,משחת קולגייט סנסטיב+,,,משחת קולגייט סנסטיב+,מיליליטרים,75.00,"100 מ""ל",false,,19.90,0.2653,true,1,2013710
8718951030206,false,משחת קולגייט סנסטיב,,,משחת קולגייט סנסטיב,מיליליטרים,75.00,"100 מ""ל",false,,19.90,0.2653,true,1,2009342
8718951044913,false,מרידול משחת שיניים ל,COLGATE PALMOLIVE,DE,מרידול משחת שיניים הליטוז,גרמים,75.00,100 גרם,false,,21.90,0.2920,true,1,1259004
8718951048669,false,אג'קס חלונות טריגרם,,,אג'קס חלונות טריגרם,מיליליטרים,750.00,"100 מ""ל",false,,14.90,0.0199,true,1,2105540
8718951093331,false,מברשות שיניים זוג מר,,,מברשות שיניים זוג מר,יח',2.00,יח',false,,34.90,17.4500,true,1,1294282
8718951144064,false,זוג מברשות שיניים מר,,,זוג מברשות שיניים מר,יח',2.00,יח',false,,34.90,17.4500,true,1,1507030
8718951159808,false,מברשות שיניים שלישיי,,,מברשות שיניים שלישיי,יח',3.00,יח',false,,29.90,9.9667,true,1,1501885
8718951160897,false,א'גקס ספריי עוצמת ה7,,,א'גקס ספריי עוצמת ה7,מיליליטרים,500.00,"100 מ""ל",false,,14.90,0.0298,true,1,1542488
8718951166288,false,משחת שינים מקס וייט,,,משחת שינים מקס וייט,גרמים,125.00,100 גרם,false,,19.90,0.1592,true,1,1803486
8718951166561,false,משחת שינים מקס פרש כ,,,משחת שינים מקס פרש כ,גרמים,125.00,100 גרם,false,,19.90,0.1592,true,1,1803487
8718951167094,false,סבון לכלים פלמוליב 1,,,סבון לכלים פלמוליב 1,ליטרים,1.00,ליטר,false,,13.90,13.9000,true,1,1585907
8718951175280,false,משחת שיניים קולגייט,,,משחת שיניים קולגייט,מיליליטרים,75.00,"100 מ""ל",false,,19.90,0.2653,true,1,1848113
8718951175631,false,משחת שיניים קולגייט,,,משחת שיניים קולגייט,מיליליטרים,75.00,"100 מ""ל",false,,19.90,0.2653,true,1,1848114
8718951189881,false,אג'קס טריגר בוסט תפו,,,אג'קס טריגר בוסט תפו,מיליליטרים,500.00,"100 מ""ל",false,,14.90,0.0298,true,1,1806570
8718951222779,false,מרידול פור משחת שיני,,,מרידול פור משחת שיני,גרמים,75.00,100 גרם,false,,25.90,0.3453,true,1,1990809
8718951236790,false,משחת שינים קולגייט ט,,,משחת שינים קולגייט ט,מיליליטרים,100.00,"100 מ""ל",false,,16.90,0.1690,true,1,1848153
8718951236806,false,משחת שיניים קולגייט,,,משחת שיניים קולגייט,מיליליטרים,100.00,"100 מ""ל",false,,16.90,0.1690,true,1,1848140
8718951236813,false,משחת שיניים קולגייט,,,משחת שיניים קולגייט,מיליליטרים,100.00,"100 מ""ל",false,,16.90,0.1690,true,1,1848141
8718951240742,false,משחת שינים קולגייט ט,,,משחת שינים קולגייט ט,מיליליטרים,100.00,"100 מ""ל",false,,16.90,0.1690,true,1,1848154
8718951247871,false,אג'קס טריגר לשירותים,,,אג'קס טריגר לשירותים,מיליליטרים,500.00,"100 מ""ל",false,,14.90,0.0298,true,1,1995628
8718951254527,false,משחת שיניים סנסטיב פ,,,משחת שיניים סנסטיב פ,מיליליטרים,75.00,"100 מ""ל",false,,24.90,0.3320,true,1,1983313
8718951281738,false,משחת שיניים אלמקס 75,,,משחת שיניים אלמקס 75,מיליליטרים,75.00,"100 מ""ל",false,,18.90,0.2520,true,1,2018393
8718951288492,false,מארז זוג משחת שיניים,,,מארז זוג משחת שיניים,מיליליטרים,150.00,"100 מ""ל",false,,24.90,0.1660,true,1,1998616
8718951289833,false,סבון מוצק רביעייה פל,,,סבון מוצק רביעייה פל,גרמים,360.00,100 גרם,false,,16.90,0.0469,true,1,1992374
8718951313903,false,סבון ידיים פלמוליב ח,,,סבון ידיים פלמוליב ח,מיליליטרים,300.00,"100 מ""ל",false,,10.90,0.0363,true,1,2023982
8718951313927,false,סבון ידיים פלמוליב ח,,,סבון ידיים פלמוליב ח,מיליליטרים,300.00,"100 מ""ל",false,,10.90,0.0363,true,1,2023983
8718951314023,false,סבון נוזלי פלמוליב א,,,סבון נוזלי פלמוליב א,מיליליטרים,750.00,"100 מ""ל",false,,17.90,0.0239,true,1,2098587
8718951315303,false,משחת שיניים קולגייט,,,משחת שיניים קולגייט,מיליליטרים,200.00,"100 מ""ל",false,,17.90,0.0895,true,1,2018394
8718951319806,false,שמפו וג'ל רחצה פלמול,,,שמפו וג'ל רחצה פלמול,מיליליטרים,750.00,"100 מ""ל",false,,17.90,0.0239,true,1,1998662
8718951334090,false,מרכך כביסה סופלין כח,,,מרכך כביסה סופלין כח,מיליליטרים,650.00,"100 מ""ל",false,,8.90,0.0137,true,1,2014340
8718951334120,false,מרכך כביסה סופלין לב,,,מרכך כביסה סופלין לב,מיליליטרים,650.00,"100 מ""ל",false,,8.90,0.0137,true,1,2014341
8718951334151,false,מרכך כביסה סופלין הי,,,מרכך כביסה סופלין הי,מיליליטרים,650.00,"100 מ""ל",false,,8.90,0.0137,true,1,2123898
8718951338128,false,דאודורנט רול און שאו,,,דאודורנט רול און שאו,מיליליטרים,50.00,"100 מ""ל",false,,19.90,0.3980,true,1,2080805
8718951338395,false,א'גקס טריגא פיור הום,,,א'גקס טריגא פיור הום,מיליליטרים,500.00,"100 מ""ל",false,,14.90,0.0298,true,1,2032857
8718951354807,false,אג'קס חגיגת הפרחים י,,,אג'קס חגיגת הפרחים י,ליטרים,1.50,ליטר,false,,19.90,13.2667,true,1,2030595
8718951366015,false,משחת שיניים להלבנה מ,,,משחת שיניים להלבנה מ,מיליליטרים,75.00,"100 מ""ל",false,,39.90,0.5320,true,1,2149083
8718951381292,false,משחת שינים מקס דיטוק,,,משחת שינים מקס דיטוק,גרמים,125.00,100 גרם,false,,19.90,0.1592,true,1,2044940
8718951382640,false,ג'ל רחצה פלמוליב חימ,,,ג'ל רחצה פלמוליב חימ,מיליליטרים,750.00,"100 מ""ל",false,,17.90,0.0239,true,1,2023966
8718951382718,false,ג'ל רחצה פלמוליב חימ,,,ג'ל רחצה פלמוליב חימ,מיליליטרים,750.00,"100 מ""ל",false,,17.90,0.0239,true,1,2023968
8718951385290,false,ניקוי כללי אג'קס 2 ל,,,ניקוי כללי אג'קס 2 ל,ליטרים,2.00,ליטר,false,,22.90,11.4500,true,1,2048979
8718951391253,false,אג'קס אנטי בקטריאלי,,,אג'קס אנטי בקטריאלי,ליטרים,1.50,ליטר,false,,21.90,14.6000,true,1,2066203
8718951400597,false,סבון נוזלי פלמוליב ק,,,סבון נוזלי פלמוליב ק,מיליליטרים,750.00,"100 מ""ל",false,,17.90,0.0239,true,1,2129487
8718951409798,false,זוג מברשות שניים קול,,,זוג מברשות שניים קול,יח',2.00,יח',false,,24.90,12.4500,true,1,2071563
8718951412378,false,מרידול משחת שיניים נ,,,מרידול משחת שיניים נ,גרמים,75.00,100 גרם,false,,25.90,0.3453,true,1,2129474
8718951415836,false,מי פה קולגייט פלאקס,,,מי פה קולגייט פלאקס,גרמים,500.00,100 גרם,false,,24.90,0.0498,true,1,2071569
8718951428522,false,סבון נוזלי פלמוליב ל,,,סבון נוזלי פלמוליב ל,מיליליטרים,750.00,"100 מ""ל",false,,17.90,0.0239,true,1,2096533
8718951433120,false,משחת שיניים קולגייט,,,משחת שיניים קולגייט,מיליליטרים,50.00,"100 מ""ל",false,,16.90,0.3380,true,1,2135039
8718951443358,false,סבון ידיים פלמוליב ה,,,סבון ידיים פלמוליב ה,מיליליטרים,900.00,"100 מ""ל",false,,24.90,0.0277,true,1,2082765
8718951443372,false,סבון ידיים פלמוליב ז,,,סבון ידיים פלמוליב ז,מיליליטרים,900.00,"100 מ""ל",false,,24.90,0.0277,true,1,2150059
8718951443396,false,סבון ידיים פלמוליב ח,,,סבון ידיים פלמוליב ח,מיליליטרים,900.00,"100 מ""ל",false,,24.90,0.0277,true,1,2082772
8718951461413,false,קולגייט טוטל קלין מי,,,קולגייט טוטל קלין מי,מיליליטרים,200.00,"100 מ""ל",false,,24.90,0.1245,true,1,2114303
8718951466371,false,מרידול משחת שיניים 7,,,מרידול משחת שיניים 7,גרמים,75.00,100 גרם,false,,19.90,0.2653,true,1,2135743
8718951470538,false,מארז זוג קולגייט מקס,,,מארז זוג קולגייט מקס,מיליליטרים,250.00,"100 מ""ל",false,,24.90,0.0996,true,1,2114304
8718951477384,false,משחת שיניים קולגייט,,,משחת שיניים קולגייט,מיליליטרים,75.00,"100 מ""ל",false,,19.90,0.2653,true,1,2105353
8718951498754,false,מברשות שיניים קולגיי,,,מברשות שיניים קולגיי,יח',6.00,יח',false,,17.90,2.9833,true,1,2128118
8719128110325,false,"סירופ לימונדה 500 מ""",,,"סירופ לימונדה 500 מ""",מיליליטרים,500.00,"100 מ""ל",false,,19.90,0.0398,true,1,1669131
8719128117249,false,סירופ פפסי מקס,,,סירופ פפסי מקס,מיליליטרים,500.00,"100 מ""ל",false,,18.90,0.0378,true,1,2067757
8719128117256,false,סירופ 7up,,,סירופ 7up,מיליליטרים,440.00,"100 מ""ל",false,,18.90,0.0430,true,1,2067758
8719200998001,false,בלובנד בלי מלח 200 ג,קראפט,,בלובנד בלי מלח 200 ג,גרמים,200.00,100 גרם,false,,4.30,0.0215,true,1,1990062
8719200998018,false,מחמאה בלובנד 200 גרם,קראפט,,מחמאה בלובנד 200 גרם,גרמים,200.00,100 גרם,false,,4.60,0.0230,true,1,1990063
8719200998032,false,מזולה בטעם חמאה 250,קראפט,,מזולה בטעם חמאה 250,גרמים,250.00,100 גרם,false,,10.90,0.0436,true,1,1990083
8719200998049,false,מזולה 250 גרם,קראפט,,מזולה 250 גרם,גרמים,250.00,100 גרם,false,,9.90,0.0396,true,1,1990064
8719200998094,false,מזולה לאפיה ללא מלח,קראפט,,מזולה לאפיה ללא מלח,גרמים,200.00,100 גרם,false,,6.90,0.0345,true,1,1990068
8719200998100,false,מזולה לאפיה בטעם חמא,קראפט,,מזולה לאפיה בטעם חמא,גרמים,200.00,100 גרם,false,,6.90,0.0345,true,1,1990069
8720181046605,false,דאב דאו ספריי א.פ או,,,דאב דאו ספריי א.פ או,מיליליטרים,150.00,"100 מ""ל",false,,17.90,0.1193,true,1,2043451
8720181046612,false,דאב רולאון אורגינל,,,דאב רולאון אורגינל,מיליליטרים,50.00,"100 מ""ל",false,,17.90,0.3580,true,1,2066259
8720181090202,false,תחליב רחצה דאב 750 מ,,,תחליב רחצה דאב 750 מ,מיליליטרים,750.00,"100 מ""ל",false,,19.90,0.0265,true,1,2049816
8720181090219,false,תחליב רחצה דאב 750 מ,,,תחליב רחצה דאב 750 מ,מיליליטרים,750.00,"100 מ""ל",false,,19.90,0.0265,true,1,2066208
8720181123955,false,אקס ג'ל רחצה ריצארג,,,אקס ג'ל רחצה ריצארג,מיליליטרים,400.00,"100 מ""ל",false,,15.90,0.0398,true,1,2097351
8720181201332,false,סבון מוצק דאב 4 יח',,,סבון מוצק דאב 4 יח',גרמים,360.00,100 גרם,false,,16.90,0.0469,true,1,2128431
8720182253156,false,סבון מוצק דאב מלפפונ,,,סבון מוצק דאב מלפפונ,גרמים,360.00,100 גרם,false,,16.90,0.0469,true,1,2128432
8720182253194,false,שישייה סבון מוצק דאב,,,שישייה סבון מוצק דאב,גרמים,540.00,100 גרם,false,,22.50,0.0417,true,1,2132739
8720182256362,false,שישייה סבון מוצק דאב,,,שישייה סבון מוצק דאב,גרמים,540.00,100 גרם,false,,22.50,0.0417,true,1,2132740
8720182256850,false,סבון דאב לבן 4 יח',,,סבון דאב לבן 4 יח',גרמים,360.00,100 גרם,false,,16.90,0.0469,true,1,2128433
8723400756552,false,מנטוס 1/4 טעמים,,,מנטוס 1/4 טעמים,גרמים,150.00,100 גרם,false,,10.90,0.0727,true,1,1174271
8723400782544,false,סוכריות מנטוס לעיסה,,,סוכריות מנטוס לעיסה,גרמים,160.00,100 גרם,false,,7.90,0.0494,true,1,1605386
8723400793922,false,מנטוס 1/4 טעם דובדבן,,,מנטוס 1/4 טעם דובדבן,גרמים,150.00,100 גרם,false,,10.90,0.0727,true,1,2084627
8801055706440,false,טסטרס צ'ויס בודדים 2,נסטלה,KR,המוצר שייך ל - ONP,גרמים,36.00,100 גרם,false,,12.90,0.3583,true,1,1156896
8801055707966,false,טסטרס צ'ויס בריסטה,,,טסטרס צ'ויס בריסטה,גרמים,180.00,100 גרם,false,,29.90,0.1661,true,1,1302063
8801055709427,false,טסטרס צ'ויס אלטה ריק,,,טסטרס צ'ויס אלטה ריק,גרמים,100.00,100 גרם,false,,24.90,0.2490,true,1,2087218
8801055709434,false,טסטרס צ'ויס קולומביה,,,טסטרס צ'ויס קולומביה,גרמים,100.00,100 גרם,false,,24.90,0.2490,true,1,2087219
8801055709441,false,טסטרס צ'ויס סומטרה 1,,,טסטרס צ'ויס סומטרה 1,גרמים,100.00,100 גרם,false,,24.90,0.2490,true,1,2093923
8801055709458,false,נסקפה קפוצ'ינו קרמל,,,נסקפה קפוצ'ינו קרמל,גרמים,170.00,100 גרם,false,,21.90,0.1288,true,1,2112768
8801055709465,false,נסקפה קפוצ'ינו וניל,,,נסקפה קפוצ'ינו וניל,גרמים,185.00,100 גרם,false,,21.90,0.1184,true,1,2112769
8801055709472,false,נסקפה קפוצ'ינו קלאסי,,,נסקפה קפוצ'ינו קלאסי,גרמים,125.00,100 גרם,false,,21.90,0.1752,true,1,2112770
8801055709489,false,נסקפה קפוצ'ינו אגוזי,,,נסקפה קפוצ'ינו אגוזי,גרמים,180.00,100 גרם,false,,21.90,0.1217,true,1,2112771
8801055709526,false,נסקפה קפוצ'ינו שוקול,,,נסקפה קפוצ'ינו שוקול,גרמים,180.00,100 גרם,false,,21.90,0.1217,true,1,2117775
8850006331699,false,מברשות שיניים שלישיי,,,מברשות שיניים שלישיי,יח',3.00,יח',false,,29.90,9.9667,true,1,1723323
8850372000472,false,מקלוני שעועית תאילנד,sithinan,CN,מקלוני שעועית תאילנדי  20,גרמים,200.00,100 גרם,false,,8.90,0.0445,true,1,1190205
8850389103111,false,סאפה משקה ענבים 300,,,סאפה משקה ענבים 300,מיליליטרים,300.00,"100 מ""ל",false,,5.90,0.0197,true,1,1156938
8850389103128,false,סאפה משקה תפוח 300 מ,,,סאפה משקה תפוח 300 מ,מיליליטרים,300.00,"100 מ""ל",false,,5.90,0.0197,true,1,1156939
8850389103159,false,מוגו מוגו ליצ'י עם ח,,,מוגו מוגו ליצ'י עם ח,גרמים,320.00,100 גרם,false,,6.90,0.0216,true,1,2123574
8850389104637,false,סאפה משקה אפרסק 300,,,סאפה משקה אפרסק 300,מיליליטרים,300.00,"100 מ""ל",false,,5.90,0.0197,true,1,1156940
8850389105832,false,סאפה משקה אלוורה תפו,,,סאפה משקה אלוורה תפו,ליטרים,1.00,ליטר,false,,12.90,12.9000,true,1,1156942
8850389105849,false,סאפה משקה אלוורה אפר,,,סאפה משקה אלוורה אפר,ליטרים,1.00,ליטר,false,,12.90,12.9000,true,1,1156943
8850389111352,false,מוגו מוגו מלון עם חת,,,מוגו מוגו מלון עם חת,מיליליטרים,320.00,"100 מ""ל",false,,6.90,0.0216,true,1,2123575
8850389115312,false,משקה סאפה מלון 300 מ,,,משקה סאפה מלון 300 מ,מיליליטרים,300.00,"100 מ""ל",false,,5.90,0.0197,true,1,1682469
8850389115336,false,סאפה משקה מלון ליטר,,,סאפה משקה מלון ליטר,ליטרים,1.00,ליטר,false,,12.90,12.9000,true,1,1682464
8850632604259,false,ממתק חמוץ מקלות בטעם,,,ממתק חמוץ מקלות בטעם,גרמים,50.00,100 גרם,false,,4.90,0.0980,true,1,1174275
8850632604266,false,ממתק חמוץ מקלות בטעם,,,ממתק חמוץ מקלות בטעם,גרמים,50.00,100 גרם,false,,4.90,0.0980,true,1,1174276
8850632606390,false,יוגטה חיספוסים בטעם,,,יוגטה חיספוסים בטעם,גרמים,50.00,100 גרם,false,,4.90,0.0980,true,1,1174284
8852633119077,false,רוטב דגים,,,רוטב דגים,מיליליטרים,700.00,"100 מ""ל",false,,10.90,0.0156,true,1,1320640
8853662056098,false,רוטב סריראצ'ה צילי ח,,,רוטב סריראצ'ה צילי ח,מיליליטרים,455.00,"100 מ""ל",false,,24.90,0.0547,true,1,2126246
8853662056661,false,רוטב סריראצ'ה מיו,,,רוטב סריראצ'ה מיו,מיליליטרים,455.00,"100 מ""ל",false,,24.90,0.0547,true,1,1828684
8853662056982,false,רוטב סריראצ'ה צ'ילי,,,רוטב סריראצ'ה צ'ילי,מיליליטרים,455.00,"100 מ""ל",false,,24.90,0.0547,true,1,1828685
8853662060026,false,רוטב סריראצ'ה חריף,,,רוטב סריראצ'ה חריף,מיליליטרים,455.00,"100 מ""ל",false,,24.90,0.0547,true,1,2126247
8853662060316,false,רוטב סריראצ'ה חריף,,,רוטב סריראצ'ה חריף,מיליליטרים,455.00,"100 מ""ל",false,,24.90,0.0547,true,1,2126248
8858744800019,false,ממרח קארי ירוק,konokwan food produc,TH,ממרח קארי ירוק 50 גר' כשר,גרמים,50.00,100 גרם,false,,5.90,0.1180,true,1,1208167
8858744800064,false,ממרח קארי אדום,konokwan food produc,TH,מחית קארי אדום 50 גר' כשר,גרמים,50.00,100 גרם,false,,5.90,0.1180,true,1,1208170
8886303210542,false,קארה קרם קוקונט 17%,,,קארה קרם קוקונט 17%,גרמים,400.00,100 גרם,false,,9.90,0.0248,true,1,1995358
8888021200256,false,סוללות אנרג'יזר שמינ,אנרג'יזר Energizer,US,סוללות ENERGIZER 1X8 AA M,יח',8.00,יח',false,,22.90,2.8625,true,1,1200041
8888021200720,false,סוללות אנרג'יזר שמינ,אנרג'יזר Energizer,US,סוללות ENERGIZER 1X8 *AAA,יח',8.00,יח',false,,22.90,2.8625,true,1,1200042
8901138500306,false,משחת שיניים הימלאיה,הימלאיה,IN,הימלאיה משחת שיניים 100 ג,גרמים,100.00,100 גרם,false,,17.90,0.1790,true,1,1157129
8901138825591,false,משחת שיניים הימלאיה,הימלאיה,IN,הימלאיה משחת שיניים מלבינ,מיליליטרים,75.00,"100 מ""ל",false,,17.90,0.2387,true,1,1241075
8901537024014,false,"אורז בסמטי 1 ק""ג DAA",lt foods,IN,אורז בסמטי מובחר 1 DAAWAT,קילוגרמים,1.00,"ק""ג",false,,12.90,12.9000,true,1,1159459
8901537076679,false,אורז בסמטי חום מלא 1,,,אורז בסמטי חום מלא 1,קילוגרמים,1.00,"ק""ג",false,,12.90,12.9000,true,1,1664217
9000100760591,false,דאודורנט פה רול-און,,,דאודורנט פה רול-און,מיליליטרים,50.00,"100 מ""ל",false,,15.90,0.3180,true,1,1633909
9000101375268,false,ברף סבון אסלה בניחוח,,,ברף סבון אסלה בניחוח,גרמים,150.00,100 גרם,false,,14.90,0.0993,true,1,2148740
9000101375299,false,ברף סבון אסלה בניחוח,,,ברף סבון אסלה בניחוח,גרמים,150.00,100 גרם,false,,14.90,0.0993,true,1,2148734
9000101418163,false,ברף בניחוח מתחלף תפו,,,ברף בניחוח מתחלף תפו,גרמים,150.00,100 גרם,false,,14.90,0.0993,true,1,2121575
9000101509069,false,ברף סבון אסלה בניחוח,,,ברף סבון אסלה בניחוח,גרמים,126.00,100 גרם,false,,14.90,0.1183,true,1,2148741
9000101509151,false,ברף סבון אסלה בניחוח,,,ברף סבון אסלה בניחוח,גרמים,126.00,100 גרם,false,,14.90,0.1183,true,1,2148742
9000101520965,false,ברף בניחוח מתחלף לוט,,,ברף בניחוח מתחלף לוט,גרמים,150.00,100 גרם,false,,14.90,0.0993,true,1,2132165
9000101521436,false,ברף בניחוח מתחלף תפו,,,ברף בניחוח מתחלף תפו,יחידה,0.00,יחידה,false,,9.90,0.0000,true,1,2121019
9000101537550,false,פרסיל קאפסולות ג'ל 5,,,פרסיל קאפסולות ג'ל 5,יח',52.00,יח',false,,49.90,0.9596,true,1,2130931
9000101537581,false,פרסיל קאפסולות ג'ל 5,,,פרסיל קאפסולות ג'ל 5,יח',52.00,יח',false,,49.90,0.9596,true,1,2132159
9001616202360,false,זוג מוצצי MAM +6,,,זוג מוצצי MAM +6,יחידה,0.00,יחידה,false,,34.90,0.0000,true,1,1181235
9001616702716,false,זוג מוצצים סיליקון 6,,,זוג מוצצים סיליקון 6,יחידה,0.00,יחידה,false,,34.90,0.0000,true,1,1789165
9002975393829,false,סוכריות הריבו פיצ'ס,,,סוכריות הריבו פיצ'ס,גרמים,70.00,100 גרם,false,,6.90,0.0986,true,1,2044308
9002975393836,false,סוכריות הריבו האפי ק,,,סוכריות הריבו האפי ק,גרמים,70.00,100 גרם,false,,6.90,0.0986,true,1,2044309
9002975393843,false,סוכריות הריבו גולדבר,,,סוכריות הריבו גולדבר,גרמים,70.00,100 גרם,false,,6.90,0.0986,true,1,2044310
9002975393850,false,סוכריות הריבו וורמס,,,סוכריות הריבו וורמס,גרמים,70.00,100 גרם,false,,6.90,0.0986,true,1,2044311
9003400304939,false,בירה שטיגל-חיטה 500,,,בירה שטיגל-חיטה 500,מיליליטרים,500.00,"100 מ""ל",false,,11.90,0.0238,true,1,1367061
9005835312718,false,מלח למדיח קלרו,,,מלח למדיח קלרו,קילוגרמים,1.00,"ק""ג",false,,9.90,9.9000,true,1,2031768
9005835312732,false,נוזל הברקה למדיח קלר,,,נוזל הברקה למדיח קלר,מיליליטרים,500.00,"100 מ""ל",false,,9.90,0.0198,true,1,2031769
9005835312756,false,מנקה מדיח קלרו,,,מנקה מדיח קלרו,מיליליטרים,250.00,"100 מ""ל",false,,9.90,0.0396,true,1,2031770
9044400231009,false,סוכריות פז למילוי,PEZ,HU,סוכריות פז מילוי בטעם פיר,גרמים,82.00,100 גרם,false,,9.90,0.1207,true,1,1196740
9044400822320,false,שקית סוכריות פז במגו,,,שקית סוכריות פז במגו,גרמים,85.00,100 גרם,false,,13.90,0.1635,true,1,1196744
9044400841000,false,סוכריית פז פו הדב,PEZ,HU,פז דיספנסר,גרמים,25.50,100 גרם,false,,12.90,0.5059,true,1,1196745
9120097310583,false,חטיף שוקו בננה מיניו,,,חטיף שוקו בננה מיניו,גרמים,108.00,100 גרם,false,,13.90,0.1287,true,1,2134920
9300601301317,false,מברשת כלים פלסטיק,,,מברשת כלים פלסטיק,יחידה,0.00,יחידה,false,,6.90,0.0000,true,1,2085869
9310072028743,false,וופל טים טם שוקולד 2,,,וופל טים טם שוקולד 2,גרמים,200.00,100 גרם,false,,19.90,0.0995,true,1,1297265
9310072028750,false,וופל טים טם שוקולד 2,,,וופל טים טם שוקולד 2,גרמים,200.00,100 גרם,false,,19.90,0.0995,true,1,1293579
9322969000015,false,פריכיות תירס טבעי,Algam Gil - Agent,IL,פריכיות תירס - 150ג' בטעם,גרמים,150.00,100 גרם,false,,10.90,0.0727,true,1,1200045
9322969000022,false,פרכיות אורז סויה,Algam Gil - Agent,IL,פריכיות תירס - 150ג' עם ס,גרמים,150.00,100 גרם,false,,10.90,0.0727,true,1,1200046
9322969000039,false,פריכיות תירס,,,פריכיות תירס,גרמים,150.00,100 גרם,false,,10.90,0.0727,true,1,1781814
9322969000046,false,פריכיות תירס,Algam Gil - Agent,IL,פריכיות תירס אורגניות - 1,גרמים,125.00,100 גרם,false,,10.90,0.0872,true,1,1200047
9330344004473,false,סכיני גילוח שיק הייד,,,סכיני גילוח שיק הייד,יחידה,0.00,יחידה,false,,24.90,0.0000,true,1,2003022
