code,internal_code,name,manufacturer_name,manufacture_country,manufacturer_item_description,unit_qty,quantity,unit_of_measure,weighted,qty_in_package,price,unit_of_measure_price,allow_discount,status,item_id
913,true,עגבניה שרי תמר ליחיד,חקלאי,IL,עגבניה שרי תמר ליחידה,קילוגרמים,0.00,"ק""ג",false,1,8.90,0.0000,true,1,74501
917,true,עגבניה,חקלאי,IL,עגבניה,קילוגרמים,1.00,"ק""ג",true,,5.90,5.9000,true,1,74601
920,true,מלפפון,חקלאי,IL,מלפפון,קילוגרמים,1.00,"ק""ג",true,,5.90,5.9000,true,1,74603
941,true,סלק,חקלאי,IL,סלק,קילוגרמים,1.00,"ק""ג",true,,5.90,5.9000,true,1,74602
942,true,ענבים לבנים,חקלאי,IL,ענבים לבנים,קילוגרמים,1.00,"ק""ג",true,,29.90,29.9000,true,1,74542
943,true,ענב שחור,חקלאי,IL,ענב שחור,קילוגרמים,1.00,"ק""ג",true,,20.90,20.9000,true,1,79763
945,true,כרוב לבן,חקלאי,IL,כרוב לבן,קילוגרמים,1.00,"ק""ג",true,,3.90,3.9000,true,1,74605
961,true,כרובית ארוזה יחידה,חקלאי,IL,כרובית ארוזה יחידה,לא מנהל יחידת מידה,0.00,לא מנהל יחידת מידה,false,1,9.90,0.0000,true,1,114297
965,true,ברוקולי שקיל,חקלאי,IL,ברוקולי שקיל,קילוגרמים,1.00,"ק""ג",true,,9.90,9.9000,true,1,74612
981,true,צנונית בייבי ארוזה,חקלאי,IL,צנונית בייבי ארוזה,Unknown,0.00,Unknown,false,1,6.90,0.0000,true,1,74592
990,true,בצל יבש,חקלאי,IL,בצל יבש,קילוגרמים,1.00,"ק""ג",true,,4.90,4.9000,true,1,74611
994,true,"שרי תמר לק""ג",חקלאי,IL,"שרי תמר לק""ג",קילוגרמים,1.00,"ק""ג",true,,24.90,24.9000,true,1,92954
995,true,בצל ירוק ארוז,חקלאי,IL,בצל ירוק ארוז,לא מנהל יחידת מידה,0.00,לא מנהל יחידת מידה,false,1,5.90,0.0000,true,1,74533
997,true,בצל אדום,חקלאי,IL,בצל אדום,קילוגרמים,1.00,"ק""ג",true,,7.90,7.9000,true,1,74489
6638,true,חבילת מצה 500 גרם,,,חבילת מצה 500 גרם,קילוגרמים,2.50,"ק""ג",false,1,6.90,2.7600,true,1,54822
8708,true,אספרסו עובדים La Far,לה פרינה,IL,אספרסו עובדים La Farina,לא מנהל יחידת מידה,0.00,לא מנהל יחידת מידה,false,1,4.00,0.0000,true,1,142134
8719,true,קפוצינו עובדים La Fa,לה פרינה,IL,קפוצינו עובדים La Farina,לא מנהל יחידת מידה,0.00,לא מנהל יחידת מידה,false,1,6.00,0.0000,true,1,142144
8727,true,קפוצינו La Farina,לה פרינה,IL,קפוצינו La Farina,לא מנהל יחידת מידה,0.00,לא מנהל יחידת מידה,false,1,10.00,0.0000,true,1,142152
8760,true,דונטס במגוון מילויים,לה פרינה,IL,דונטס במגוון מילויים La Farina,יחידה,1.00,יחידה,false,1,9.90,9.9000,true,1,143492
9110,true,בטטה,חקלאי,IL,בטטה,קילוגרמים,1.00,"ק""ג",true,,8.90,8.9000,true,1,74488
9113,true,כוסברה ארוזה,חקלאי,IL,כוסברה ארוזה,Unknown,0.00,Unknown,false,1,4.90,0.0000,true,1,74529
9114,true,נענע ארוזה,חקלאי,IL,נענע ארוזה,Unknown,0.00,Unknown,false,1,4.90,0.0000,true,1,74530
9131,true,דלעת ארוזה,חקלאי,IL,דלעת ארוזה,קילוגרמים,1.00,"ק""ג",true,,14.90,14.9000,true,1,74608
9135,true,דלורית,חקלאי,IL,דלורית,קילוגרמים,1.00,"ק""ג",true,,8.90,8.9000,true,1,74609
9140,true,חצילים,חקלאי,IL,חצילים,קילוגרמים,1.00,"ק""ג",true,,7.90,7.9000,true,1,74607
9143,true,חציל בלדי,חקלאי,IL,חציל בלדי,קילוגרמים,1.00,"ק""ג",true,,9.90,9.9000,true,1,81510
9146,true,אפרסמון קרמבו,חקלאי,IL,אפרסמון קרמבו,קילוגרמים,1.00,"ק""ג",true,,29.90,29.9000,true,1,117026
9147,true,אפרסמון,חקלאי,IL,אפרסמון,קילוגרמים,1.00,"ק""ג",true,,12.90,12.9000,true,1,74577
9152,true,פלפל צילי חריף,חקלאי,IL,פלפל צילי חריף,קילוגרמים,1.00,"ק""ג",false,1,7.90,7.9000,true,1,81507
9155,true,פלפל כהה,חקלאי,IL,פלפל כהה,קילוגרמים,1.00,"ק""ג",true,,7.90,7.9000,true,1,74597
9158,true,פלפל חריף ירוק,חקלאי,IL,פלפל חריף ירוק,קילוגרמים,1.00,"ק""ג",true,,8.90,8.9000,true,1,74594
9160,true,פלפל אדום,חקלאי,IL,פלפל אדום,קילוגרמים,1.00,"ק""ג",true,,8.90,8.9000,true,1,74598
9163,true,פלפל צהוב,חקלאי,IL,פלפל צהוב,קילוגרמים,1.00,"ק""ג",true,,8.90,8.9000,true,1,74595
9167,true,פלפל כתום,חקלאי,IL,פלפל כתום,קילוגרמים,1.00,"ק""ג",true,,8.90,8.9000,true,1,74596
9170,true,קולורבי,חקלאי,IL,קולורבי,קילוגרמים,1.00,"ק""ג",true,,9.90,9.9000,true,1,74593
9174,true,פלפל שושקה,חקלאי,IL,פלפל שושקה,קילוגרמים,1.00,"ק""ג",true,,9.90,9.9000,true,1,116974
9180,true,קשואים,חקלאי,IL,קשואים,קילוגרמים,1.00,"ק""ג",true,,8.90,8.9000,true,1,74588
9187,true,קישוא זוקיני ארוז,חקלאי,IL,קישוא זוקיני ארוז,קילוגרמים,1.00,"ק""ג",true,,12.90,12.9000,true,1,74590
9201,true,תירס ארוז,חקלאי,IL,תירס ארוז,קילוגרמים,1.00,"ק""ג",true,,9.90,9.9000,true,1,77830
9229,true,נבטי חמניה,חקלאי,IL,נבטי חמניה,Unknown,0.00,Unknown,false,1,8.90,0.0000,true,1,74506
9237,true,עלי חסה שטופים,חקלאי,IL,עלי חסה שטופים,לא מנהל יחידת מידה,0.00,לא מנהל יחידת מידה,false,1,10.90,0.0000,true,1,74515
9245,true,מנגולד,חקלאי,IL,מנגולד,יחידה,1.00,יחידה,false,1,5.90,5.9000,true,1,74518
9250,true,חסה עגולה ארוזה,חקלאי,IL,חסה עגולה ארוזה,לא מנהל יחידת מידה,0.00,לא מנהל יחידת מידה,false,1,8.90,0.0000,true,1,74514
9260,true,חסה ערבית ארוזה,חקלאי,IL,חסה ערבית ארוזה,יחידה,1.00,יחידה,false,1,6.90,6.9000,true,1,74513
9270,true,לוף,חקלאי,IL,לוף,קילוגרמים,1.00,"ק""ג",true,,17.90,17.9000,true,1,74604
9288,true,תפוח אדמה לבן בשק,חקלאי,IL,תפוח אדמה לבן בשק,קילוגרמים,1.00,"ק""ג",true,,3.90,3.9000,true,1,111896
9289,true,תפוח אדמה אדום בשק,חקלאי,IL,תפוח אדמה אדום בשק,קילוגרמים,1.00,"ק""ג",true,,4.90,4.9000,true,1,111895
9290,true,תפוח אדמה אדום,חקלאי,IL,תפוח אדמה אדום,קילוגרמים,1.00,"ק""ג",true,,3.90,3.9000,true,1,74583
9291,true,"תפו""א למיקרו יח",חקלאי,IL,תפוא למיקרו יח,לא מנהל יחידת מידה,0.00,לא מנהל יחידת מידה,false,1,7.90,0.0000,true,1,82455
9295,true,תפוח אדמה לבן,חקלאי,IL,תפוח אדמה לבן,קילוגרמים,1.00,"ק""ג",true,,3.90,3.9000,true,1,74582
9296,true,שורש ארוז,חקלאי,IL,שורש ארוז,לא מנהל יחידת מידה,0.00,לא מנהל יחידת מידה,false,1,5.90,0.0000,true,1,74523
9297,true,פטרוזליה ארוזה,חקלאי,IL,פטרוזליה ארוזה,לא מנהל יחידת מידה,0.00,לא מנהל יחידת מידה,false,1,4.90,0.0000,true,1,74532
9299,true,סלרי ראש ארוז,חקלאי,IL,סלרי ראש ארוז,Unknown,0.00,Unknown,false,1,5.90,0.0000,true,1,74522
9306,true,סלרי עלים,חקלאי,IL,סלרי עלים,לא מנהל יחידת מידה,0.00,לא מנהל יחידת מידה,false,1,6.90,0.0000,true,1,74524
9307,true,גינגר ארוז,חקלאי,IL,גינגר ארוז,יחידה,0.00,יחידה,false,1,15.90,0.0000,true,1,74497
9308,true,נבטים סיניים גדול,חקלאי,IL,נבטים סיניים גדול,Unknown,0.00,Unknown,false,1,5.90,0.0000,true,1,74508
9309,true,נבטי אלפלפא קטן,חקלאי,IL,נבטי אלפלפא קטן,Unknown,0.00,Unknown,false,1,5.90,0.0000,true,1,74507
9311,true,גזר ארוז,חקלאי,IL,גזר ארוז,קילוגרמים,1.00,"ק""ג",true,,4.90,4.9000,true,1,74610
9318,true,אבטיח,חקלאי,IL,אבטיח,קילוגרמים,1.00,"ק""ג",true,,5.90,5.9000,true,1,74580
9324,true,פטריות שמפניון,חקלאי,IL,פטריות שמפניון,לא מנהל יחידת מידה,0.00,לא מנהל יחידת מידה,false,1,10.90,0.0000,true,1,74505
9325,true,פטריות מיובשות,חקלאי,IL,פטריות מיובשות,לא מנהל יחידת מידה,0.00,לא מנהל יחידת מידה,false,1,11.90,0.0000,true,1,74636
9331,true,תות שדה במארז כ 250,חקלאי,IL,תות שדה במארז כ 250 גרם,גרמים,250.00,100 גרם,false,1,21.90,8.7600,true,1,74637
9333,true,פטריות מארז זוגות,חקלאי,IL,פטריות מארז זוגות,גרמים,0.00,100 גרם,false,1,15.90,0.0000,true,1,92952
9349,true,שום יח,חקלאי,IL,שום יח,לא מנהל יחידת מידה,0.00,לא מנהל יחידת מידה,false,1,9.90,0.0000,true,1,75613
9370,true,שומר,חקלאי,IL,שומר,קילוגרמים,1.00,"ק""ג",true,,8.90,8.9000,true,1,74585
9376,true,ארטישוק ירושלמי,חקלאי,IL,ארטישוק ירושלמי,קילוגרמים,1.00,"ק""ג",true,,19.90,19.9000,true,1,75766
9441,true,סלק אדום בואקום,חקלאי,IL,סלק אדום בואקום,לא מנהל יחידת מידה,0.00,לא מנהל יחידת מידה,false,1,7.90,0.0000,true,1,74502
9447,true,אגס נאשי,חקלאי,IL,אגס נאשי,קילוגרמים,1.00,"ק""ג",true,,19.90,19.9000,true,1,116370
9461,true,פטרוזליה בתפזורת,חקלאי,IL,פטרוזליה בתפזורת,לא מנהל יחידת מידה,0.00,לא מנהל יחידת מידה,false,1,4.90,0.0000,true,1,116313
9462,true,כוסברה בתפזורת,חקלאי,IL,כוסברה בתפזורת,לא מנהל יחידת מידה,0.00,לא מנהל יחידת מידה,false,1,4.90,0.0000,true,1,116314
9463,true,נענע בתפזורת,חקלאי,IL,נענע בתפזורת,לא מנהל יחידת מידה,0.00,לא מנהל יחידת מידה,false,1,4.90,0.0000,true,1,116315
9468,true,פטריות למילוי,חקלאי,IL,פטריות למילוי,קילוגרמים,1.00,"ק""ג",true,,39.90,39.9000,true,1,116320
9486,true,לימון,חקלאי,IL,לימון,קילוגרמים,1.00,"ק""ג",true,,8.90,8.9000,true,1,74559
9500,true,תפוז מובחר,חקלאי,IL,תפוז מובחר,קילוגרמים,1.00,"ק""ג",true,,4.90,4.9000,true,1,74555
9504,true,תפוז ברשת,חקלאי,IL,תפוז ברשת,קילוגרמים,1.00,"ק""ג",true,,6.90,6.9000,true,1,74556
9508,true,שזיף לב אדום,חקלאי,IL,שזיף לב אדום,קילוגרמים,1.00,"ק""ג",true,,19.90,19.9000,true,1,146400
9510,true,מנדרינה,חקלאי,IL,מנדרינה,קילוגרמים,1.00,"ק""ג",true,,6.90,6.9000,true,1,74557
9521,true,פומלית,חקלאי,IL,פומלית,קילוגרמים,1.00,"ק""ג",true,,8.90,8.9000,true,1,74560
9522,true,אשכולית לבנה / אדומה,חקלאי,IL,אשכולית לבנה / אדומה,קילוגרמים,1.00,"ק""ג",true,,5.90,5.9000,true,1,74561
9525,true,פומלה,חקלאי,IL,פומלה,קילוגרמים,1.00,"ק""ג",true,,6.90,6.9000,true,1,74558
9534,true,תפוז סיני,חקלאי,IL,תפוז סיני,קילוגרמים,1.00,"ק""ג",true,,15.90,15.9000,true,1,117451
9555,true,בננות,חקלאי,IL,בננות,קילוגרמים,1.00,"ק""ג",true,,5.90,5.9000,true,1,74575
9560,true,אבוקדו,חקלאי,IL,אבוקדו,קילוגרמים,1.00,"ק""ג",true,,9.90,9.9000,true,1,74579
9568,true,רימון,חקלאי,IL,רימון,קילוגרמים,1.00,"ק""ג",true,,9.90,9.9000,true,1,74568
9604,true,אגס ספדונה,חקלאי,IL,אגס ספדונה,קילוגרמים,1.00,"ק""ג",true,,12.90,12.9000,true,1,74578
9618,true,תמר צהוב,חקלאי,IL,תמר צהוב,קילוגרמים,1.00,"ק""ג",true,,19.90,19.9000,false,1,74534
9632,true,אנונה,חקלאי,IL,אנונה,קילוגרמים,1.00,"ק""ג",true,,29.90,29.9000,true,1,88505
9634,true,אננס יח,חקלאי,IL,אננס יח,קילוגרמים,1.20,"ק""ג",false,1,39.90,33.2500,true,1,74573
9637,true,קיווי מובחר,חקלאי,IL,קיווי מובחר,קילוגרמים,1.00,"ק""ג",true,,19.90,19.9000,true,1,74569
9658,true,תפוח עץ סמיט,חקלאי,IL,תפוח עץ סמיט,קילוגרמים,1.00,"ק""ג",true,,9.90,9.9000,true,1,74565
9661,true,תפוח עץ גאלה 6.5,חקלאי,IL,תפוח עץ גאלה 6.5,קילוגרמים,1.00,"ק""ג",true,,9.90,9.9000,true,1,74536
9684,true,תפוח עץ זהוב,חקלאי,IL,תפוח עץ זהוב,קילוגרמים,1.00,"ק""ג",true,,9.90,9.9000,true,1,74567
9697,true,תפוח עץ סטארקינג,חקלאי,IL,תפוח עץ סטארקינג,קילוגרמים,1.00,"ק""ג",true,,9.90,9.9000,true,1,74566
9723,true,תפוח עץ ענה,חקלאי,IL,תפוח עץ ענה,קילוגרמים,1.00,"ק""ג",true,,10.90,10.9000,true,1,74562
9756,true,שזיף אדום,חקלאי,IL,שזיף אדום,קילוגרמים,1.00,"ק""ג",true,,21.90,21.9000,true,1,74539
9777,true,צנון צבעוני,חקלאי,IL,צנון צבעוני,קילוגרמים,1.00,"ק""ג",true,,9.90,9.9000,true,1,118109
9822,true,ערמונים במשקל,חקלאי,IL,ערמונים במשקל,קילוגרמים,1.00,"ק""ג",true,,19.90,19.9000,true,1,95610
9891,true,ברוקולי ארוז,חקלאי,IL,ברוקולי ארוז,מיליליטרים,1.00,"100 מ""ל",false,1,10.00,1000.0000,true,1,74613
9901,true,חטיפי גזר שקית,חקלאי,IL,חטיפי גזר שקית,לא מנהל יחידת מידה,0.00,לא מנהל יחידת מידה,false,1,5.90,0.0000,true,1,74638
9928,true,שמיר,חקלאי,IL,שמיר,לא מנהל יחידת מידה,0.00,לא מנהל יחידת מידה,false,1,4.90,0.0000,true,1,102634
9950,true,כרוב אדום,חקלאי,IL,כרוב אדום,קילוגרמים,1.00,"ק""ג",true,,5.90,5.9000,true,1,74606
9965,true,תפוח עץ פינק,חקלאי,IL,תפוח עץ פינק,קילוגרמים,1.00,"ק""ג",true,,17.90,17.9000,true,1,74564
9970,true,צנון,חקלאי,IL,צנון,קילוגרמים,1.00,"ק""ג",true,,8.90,8.9000,true,1,74591
9990,true,אספרגוס,חקלאי,IL,אספרגוס,לא מנהל יחידת מידה,0.00,לא מנהל יחידת מידה,false,1,29.90,0.0000,true,1,88247
9994,true,קרמבולה,חקלאי,IL,קרמבולה,קילוגרמים,1.00,"ק""ג",true,,39.90,39.9000,true,1,92183
37554,true,כרעים עוף נקי וחצוי,קצביית פרימיום,IL,כרעים עוף נקי וחצוי,קילוגרמים,1.00,"ק""ג",true,,39.90,39.9000,true,1,148574
37608,true,עוף טחון,קצביית פרימיום,IL,עוף טחון,קילוגרמים,1.00,"ק""ג",true,,39.90,39.9000,true,1,148579
39619,true,סופגניה La Farina,לה פרינה,IL,סופגניה La Farina,לא מנהל יחידת מידה,0.00,לא מנהל יחידת מידה,false,1,4.50,0.0000,true,1,142143
41490,true,לחמניה כריך חיטה מלא,לה פרינה,IL,לחמניה כריך חיטה מלאה La Farina,יחידה,1.00,יחידה,false,1,4.10,4.1000,true,1,142126
41506,true,לחמניה כריך La Farin,לה פרינה,IL,לחמניה כריך La Farina,יחידה,1.00,יחידה,false,1,4.10,4.1000,true,1,142127
41513,true,לחמניה קלועה La Fari,לה פרינה,IL,לחמניה קלועה La Farina,יחידה,1.00,יחידה,false,1,4.10,4.1000,true,1,142128
41520,true,לחמניה קלועה חיטה מל,לה פרינה,IL,לחמניה קלועה חיטה מלאה La Farina,יחידה,1.00,יחידה,false,1,4.10,4.1000,true,1,142129
41537,true,לחמניה קשר La Farina,לה פרינה,IL,לחמניה קשר La Farina,יחידה,1.00,יחידה,false,1,4.10,4.1000,true,1,142130
41544,true,לחמניה קשר חיטה מלאה,לה פרינה,IL,לחמניה קשר חיטה מלאה La Farina,יחידה,1.00,יחידה,false,1,4.10,4.1000,true,1,142131
41551,true,לחמניה המבורגר La Fa,לה פרינה,IL,לחמניה המבורגר La Farina,יחידה,1.00,יחידה,false,1,4.10,4.1000,true,1,142132
41568,true,לחמניה המבורגר חיטה,לה פרינה,IL,לחמניה המבורגר חיטה מלאה La Farina,יחידה,1.00,יחידה,false,1,4.10,4.1000,true,1,142133
41575,true,גבטה La Farina,לה פרינה,IL,גבטה La Farina,יחידה,1.00,יחידה,false,1,6.50,6.5000,true,1,142135
41582,true,גבטה חיטה מלאה La Fa,לה פרינה,IL,גבטה חיטה מלאה La Farina,יחידה,1.00,יחידה,false,1,6.50,6.5000,true,1,142136
41599,true,בגט לבן La Farina,לה פרינה,IL,בגט לבן La Farina,יחידה,1.00,יחידה,false,1,6.90,6.9000,true,1,142138
41605,true,בייגל אמריקאי La Far,לה פרינה,IL,בייגל אמריקאי La Farina,יחידה,1.00,יחידה,false,1,6.90,6.9000,true,1,142140
41612,true,בייגל רומני La Fari,לה פרינה,IL,בייגל רומני La Farina,יחידה,1.00,יחידה,false,1,6.90,6.9000,true,1,142141
41629,true,בייגל ירושלמי La Far,לה פרינה,IL,בייגל ירושלמי La Farina,יחידה,1.00,יחידה,false,1,6.90,6.9000,true,1,142142
41636,true,פרצל La Farina,לה פרינה,IL,פרצל La Farina,יחידה,1.00,יחידה,false,1,7.90,7.9000,true,1,142145
101132,true,לקט קטניות לחמין,"איי, בי, אינבוו",IL,לקט קטניות לחמין,גרמים,800.00,100 גרם,false,1,24.90,3.1125,true,1,121665
176147,true,מוקה מס 1,פרוטרופיק סיה.,PL,מוקה 1 פילטר בריק,Unknown,0.00,Unknown,false,1,59.90,0.0000,true,1,876
201818,true,טיטולים פרימיום שלב2,,,"טיטולים פרימיום שלב 64 2 יח """,Unknown,0.00,Unknown,false,1,39.90,0.0000,true,1,106417
209173,true,חומץ סינטטי 1 ליטר,,,חומץ סינטטי 1 ליטר,ליטרים,1.00,ליטר,false,1,4.90,4.9000,true,1,123272
209524,true,סירופ דיאט פטל יכין,"זנלכל בע""מ",IL,יכין סירופ דיאט בטעם פטל 1 ליטר,ליטרים,1.00,ליטר,false,1,15.90,15.9000,true,1,106519
453781,true,שמרים יבשים 125 גרם,"פאקא תעשיות בע""מ",PT,שמרית שמרים יבשים 125 גרם,גרמים,125.00,100 גרם,false,1,6.90,5.5200,true,1,122332
522180,true,שוקו חלב הרים 250 מל,,,שוקו חלב הרים 250 מל,Unknown,0.00,Unknown,false,1,4.90,0.0000,true,1,137363
1361023,true,פס מולטקה שוקולד 520,נטלי פלוס בעמ,IL,פס מולטקה שוקולד 520 גר,גרמים,520.00,100 גרם,false,1,42.90,8.2500,true,1,153204
1361573,true,וופל בטעם ריבת חלב 3,"נטלי פלוס בע""מ",IL,וופל בטעם ריבת חלב 350 גר,גרמים,350.00,100 גרם,false,1,34.90,9.9714,true,1,153205
1427323,true,תפוח סלק מיץ קשת,"ב.א מזון בע""מ",IL,תפוח סלק מיץ קשת,ליטרים,1.00,ליטר,false,1,22.90,22.9000,true,1,124180
1713648,true,מרכך כביסה פיור ביי,טרסאן,TR,מרכך כביסה פיור בייבי ורוד 1 ליטר,ליטרים,1.00,ליטר,false,1,11.90,11.9000,true,1,155999
1865460,true,פמילי משאבה ליים,המאפיה של הרמן,TR,אלסבון פמילי לקשרי קוקוס 1 ליטר + משאבה,ליטרים,1.00,ליטר,false,1,14.90,14.9000,true,1,18556
1922231,true,כדורי פלאפל טופ שף,משק ויילר,IL,כדורי פלאפל טופ שף 700גרם,גרמים,700.00,100 גרם,false,1,16.90,2.4143,true,1,156622
2128311,true,נר נשמה מנורה בכוס ש,מנורה,IL,נר נשמה מנורה בכוס שבועי,יחידה,1.00,יחידה,false,1,13.90,13.9000,true,1,127436
2128410,true,נרות שבת אורה מספר 6,מנורה,IL,נרות שבת אורה מספר 6,יחידה,1.00,יחידה,false,1,3.90,3.9000,true,1,157243
2128946,true,נר נשמה מנורה בכוס,מנורה,IL,נר נשמה מנורה בכוס 84 שעות,יחידה,1.00,יחידה,false,1,5.90,5.9000,true,1,157244
2317166,true,מלפפון בחומץ 10-12 A,מוטולה,IL,מלפפון בחומץ 10-12 A2 מוטולה 320גרם,גרמים,320.00,100 גרם,false,1,9.90,3.0938,true,1,157217
2317326,true,זיתים מנזולינו 12-15,מוטולה,IL,זיתים מנזולינו 12-15 +20% A2 מוטולה 408,גרמים,408.00,100 גרם,false,1,8.90,2.1814,true,1,157220
2317357,true,פלפל חריף שיפקה מוטו,מוטולה,IL,פלפל חריף שיפקה מוטולה 275גרם צנצנת,גרמים,275.00,100 גרם,false,1,8.90,3.2364,true,1,157221
2317616,true,זיתים מרינט 17-19 A2,מוטולה,IL,זיתים מרינט 17-19 A2 מוטולה 340גרם,גרמים,340.00,100 גרם,false,1,10.90,3.2059,true,1,157216
2317678,true,זיתים נטולי גלעין מו,מוטולה,IL,זיתים נטולי גלעין מוטולה 265גרם צנצנת,גרמים,265.00,100 גרם,false,1,9.90,3.7358,true,1,157219
2317753,true,זיתים טבעות ירוק מו,מוטולה,IL,זיתים טבעות ירוק מוטולה 300 גרם צנצנת,גרמים,300.00,100 גרם,false,1,9.90,3.3000,true,1,157218
2478157,true,רבעי פרגיות מתוק,,,רבעי פרגיות מתוק,קילוגרמים,1.00,"ק""ג",true,1,54.90,54.9000,true,1,127395
2814160,true,סנט מוריץ 1 ליטר מסי,,,סנט מוריץ 1 ליטר מסי,Unknown,0.00,Unknown,false,1,16.90,0.0000,true,1,124263
2814412,true,סנט מוריץ נוזל כלים,ארבה כימיקלים,TR,סנט מוריץ נוזל כלים לימון ליים 1.6 ליטר,ליטרים,1.60,ליטר,false,1,11.90,7.4375,true,1,155997
2814436,true,סנט מוריץ נוזל כלים,ארבה כימיקלים,TR,סנט מוריץ נוזל כלים לימון 1.6 ליטר 18%,ליטרים,1.60,ליטר,false,1,11.90,7.4375,true,1,155996
2814597,true,טורנדו נוזל לפתיחת ס,קומפלקס כימיקלים,IL,טורנדו נוזל לפתיחת סתימות 1 ליטר,ליטרים,1.00,ליטר,false,1,18.90,18.9000,true,1,120601
2814849,true,סבון אסלה מרוכז שליש,מיס פלורה,TR,סבון אסלה מרוכז שלישיה,יחידה,3.00,יחידה,false,1,11.90,3.9667,true,1,156001
2881469,true,עג מיובשות בשמן עם ז,,,עג מיובשות בשמן עם ז,Unknown,0.00,Unknown,false,1,12.90,0.0000,true,1,131468
2909804,true,מרלוזה ללא עור-בלדי,"בלדי בע""מ",IL,מרלוזה ללא עור-בלדי,קילוגרמים,1.00,"ק""ג",true,,36.90,36.9000,true,1,127286
2971139,true,קמח תופח שטיבל (13),,,קמח תופח שטיבל (13),Unknown,0.00,Unknown,false,1,6.50,0.0000,true,1,137268
2971146,true,קמח פוקצה/פיצה,,,קמח פוקצה/פיצה,Unknown,0.00,Unknown,false,1,6.50,0.0000,true,1,137269
3072804,true,פסטרמה של פעם 200גר,הנסיך- מפעל לייצור ט,IL,"טירת צבי, פסטרמה של פעם, 200 גרם, ללא גלוטן",Unknown,0.00,Unknown,false,1,26.90,0.0000,true,1,141941
3072835,true,נקניקיות קנאקוורסט ל,הנסיך- מפעל לייצור ט,IL,נקניקיות קנאקוורסט 320 גרם,גרמים,320.00,100 גרם,false,1,22.90,7.1562,true,1,141943
3102280,true,צמרוני שסתום לתינוק,F.H.P CO LT,CN,צמרוני שסתום לתינוק טוליפס,לא מנהל יחידת מידה,0.00,לא מנהל יחידת מידה,false,1,4.90,0.0000,true,1,121413
3143337,true,סילאן לחיץ טבעי 350,"טעמי הגליל בע""מ",IL,קליית גת סילאן טבעי לחיץ 350 גרם,גרמים,350.00,100 גרם,false,1,16.90,4.8286,true,1,122642
3287314,true,קבב על מקל קינמון קצ,יוליניבר,IL,הקצביה קבב על מקל קינמון 520 גרם,גרמים,520.00,100 גרם,false,1,29.90,5.7500,true,1,139684
4199074,true,פלסטרים 50 יח,הדקלאים אגודת שיתופי,CN,סאני פלסטר 50 פלסטרים בגדלים שונים סטריליים,Unknown,0.00,Unknown,false,1,5.90,0.0000,true,1,137328
4339944,true,סיגרים במילוי סייטן,,IL,סיגרים במילוי סייטן אמרנט,גרמים,400.00,100 גרם,false,1,27.90,6.9750,true,1,127152
4343354,true,מספריים גרמניה לעור,,,מספריים אל חלד לעור,יחידה,1.00,יחידה,false,1,39.90,39.9000,true,1,151641
6256775,true,יין גאטו נגרו מלבק 7,פינקל פודס,AR,יין גאטו נגרו מלבק 750 מל,מיליליטרים,750.00,"100 מ""ל",false,1,36.90,4.9200,true,1,32005
6784322,true,תרסיס לניקוי נירוסטה,קומפלקס כימיקלים,IL,תרסיס לניקוי נירוסטה 400 מל,מיליליטרים,400.00,"100 מ""ל",false,1,18.90,4.7250,true,1,156003
8804455,true,יין ס.א רוזה,אגודת הכורמים הקואופ,IL,כרמל הסדרה האזורית רוזה יין יבש 2016 750 מל,לא מנהל יחידת מידה,0.00,לא מנהל יחידת מידה,false,1,59.90,0.0000,true,1,127042
10163069,false,צנובר 100 גר,"דין שיווק וקליה בע""מ",,צנובר 100 גר,גרמים,150.00,100 גרם,false,1,24.90,16.6000,false,1,152741
30107014,false,נייר גלגול גדול + פילטר בודד,,,נייר גלגול גדול +פילטר בודד,יחידה,1.00,יחידה,false,1,10.00,10.0000,true,1,102143
30112902,false,נייר גלגול קטן+פילטר,,,נייר גלגול קטן+פילטר בודד,יחידה,1.00,יחידה,false,1,8.90,8.9000,false,1,105477
30112919,false,נייר גלגול בינוני + פילטר בודד,,,נ.ג. בינוני+פילטר בודד,Unknown,0.00,Unknown,false,1,10.00,0.0000,false,1,102147
32147230,false,לימונית - מיץ לימון משומר,ג'נרל מילס סאן אדריא,CH,סיצילה מיץ לימון משומר לימונית 200 מל,מיליליטרים,200.00,"100 מ""ל",false,1,8.50,4.2500,true,1,48947
40084077,false,קינדר מקסי שוקולד בודד 21 גר,קדבורי,DE,קינדר מקסי,יחידה,1.00,יחידה,false,1,3.50,3.5000,true,1,112239
40084107,false,ביצת שוקולד הפתעה קינדר,פרדי קונדטוריה אס פי,IT,ביצת הפתעה - עשיר בחלב,גרמים,20.00,100 גרם,false,1,6.00,30.0000,true,1,13333
40084725,false,סלייס עוגת ספוג במילוי קרם חלבי ק'נדר מילק 28 ג',פררו טורקיה צ'יקולטה,TR,קנדר מילק סלייס עוגת ספוג במילוי קרם65%,גרמים,30.00,100 גרם,false,1,4.50,15.0000,true,1,150784
40111216,false,באונטי חטיף קוקוס ושוקולד 57ג',"נארז ע""י : א.ג. גילר",NL,חטיף שוקולד באונטי 57 גרם,גרמים,57.00,100 גרם,false,1,4.90,8.5965,true,1,4113
40677804,false,"יגרמייסטר 200מ""ל",ייגרמיסטר,LV,"יגרמייסטר 200מ""ל",מיליליטרים,200.00,"100 מ""ל",false,1,31.90,15.9500,true,1,142251
41001356,false,"בירה בקס פחית 500 מ""ל",יבואן ומשווק: ש. שסט,DE,בירה בק'ס בפחית 500 מל,מיליליטרים,500.00,"100 מ""ל",false,1,11.90,2.3800,true,1,50882
42134978,false,סרגל מרציפן סנטה ארסמי כאסטן 100 גר,Erasmi & Carstens Gm,DE,סרגל מרציפן סנטה 100גרם ERASMI CAESTENS,גרמים,100.00,100 גרם,false,1,11.90,11.9000,true,1,141126
42138105,false,סיגריות וינסטון סופר סלימס כחול,גיי טי אינטרנשיונל,,סיגריות וינסטון סלימס כחול חפיסה בודד,לא מנהל יחידת מידה,0.00,לא מנהל יחידת מידה,false,1,34.30,0.0000,false,1,57026
42138129,false,סיגריות וינסטון סופר סלימס מנטול,JTI,,סיגריות וינסטון סלימס מנטול חפיסה בודד,לא מנהל יחידת מידה,0.00,לא מנהל יחידת מידה,false,1,34.30,0.0000,false,1,57027
42154662,false,אורביט באריזת מעטפה ספירמינט מסטיק,ריגלי צרפת,FR,מסטיק אורביט באריזת מעטפה ספירמינט,לא מנהל יחידת מידה,0.00,לא מנהל יחידת מידה,false,1,7.90,0.0000,true,1,46007
42182108,false,מסטיק פייב פפרמינט 12 סטיקס,מרס נדרלנד,FR,מסטיק פייב פפרמינט סטיקס,לא מנהל יחידת מידה,0.00,לא מנהל יחידת מידה,false,1,6.90,0.0000,true,1,63801
42182115,false,אורביט פייב ספירמינט 12 סטיקס 29 גר,ריגלי צרפת,FR,מסטיק פייב ספירמינט סטיקס,Unknown,0.00,Unknown,false,1,7.50,0.0000,true,1,63802
42188889,false,אורביט פייב אבטיח 12 סטיקס 29 גר,ריגלי צרפת,FR,מסטיק פייב אבטיח סטיקס,גרמים,31.00,100 גרם,false,1,7.50,24.1935,true,1,71816
42212119,false,מסטיק אורביט פרופשיויל פפרמינט מעטפה,ריגלי,,מסטיק אורביט באריזת מעטפה פפרמינט,לא מנהל יחידת מידה,0.00,לא מנהל יחידת מידה,false,1,7.90,0.0000,true,1,112420
52070082,false,פאל מאל ס.ס.ויולט חפיסה,BAT,,סיגריות פאל מל סלימס כתום חפיסה בודד,לא מנהל יחידת מידה,0.00,לא מנהל יחידת מידה,false,1,31.40,0.0000,false,1,122262
54051140,false,מעדן סויה טעם וניל אלפרו רביעיה * 125 ג',הנסיך- מפעל לייצור ט,BE,מעדן סויה וניל אלפרו רביעייה 500 גרם,גרמים,500.00,100 גרם,false,1,17.90,3.5800,true,1,42740
54051157,false,מעדן סויה טעם שוקו אלפרו רביעיה 125 ג',אלפרו C.V.A,BE,מעדן סויה שוקו אלפרו רביעייה 500 גרם,גרמים,500.00,100 גרם,false,1,17.90,3.5800,true,1,42741
59039549,false,ווג פריזון מנטול חפיסה,BAT,,סיגריות ווג פריזון מנטול חפיסה בודד,Unknown,0.00,Unknown,false,1,40.00,0.0000,false,1,72102
59068907,false,סיגריות פאל מאל כחול דמי סלימס,גלוברנס,,סיגריות פאל מאל כחול דמי סלימס בודד,לא מנהל יחידת מידה,0.00,לא מנהל יחידת מידה,false,1,27.30,0.0000,false,1,120819
59068914,false,סיגריות פאל מאל סילבר דמי סלימס,,,סיגריות פאל מאל סילבר דמני סלימס בודד,לא מנהל יחידת מידה,0.00,לא מנהל יחידת מידה,false,1,27.30,0.0000,false,1,120821
59455233,false,סיגריות ווג ליידי כח,BAT,,סיגריות ווג ליידי כחול חפיסה בודד,לא מנהל יחידת מידה,0.00,לא מנהל יחידת מידה,false,1,40.00,0.0000,false,1,77964
59455240,false,ווג סופרסלימס לילך חפיסה,BAT,,סיגריות ווג ליידי לילך חפיסה בודד,Unknown,0.00,Unknown,false,1,40.00,0.0000,false,1,77962
72917367,false,חטיף טעמי 40 גרם ווסטהיים,"שטראוס גרופ בע""מ",IL,טעמי 40 גרם,גרמים,40.00,100 גרם,false,1,4.50,11.2500,true,1,8017
72940754,false,מעדן מילקי בטעם וניל עם קצפת,"שטראוס גרופ בע""מ",IL,מילקי בטעם וניל,גרמים,133.00,100 גרם,false,1,3.00,2.2556,true,1,8026
72940761,false,מעדן מילקי בטעם שוקולד עם קצפת,מיוצר עי קונדיטוריית,IL,מילקי בטעם שוקולד,גרמים,133.00,100 גרם,false,1,3.00,2.2556,true,1,8027
72940952,false,מעדן מילקי בטעם שוקולד עם אקסטרה קצפת,"שטראוס גרופ בע""מ",IL,מילקי אקסטרה קצפת,גרמים,107.00,100 גרם,false,1,3.90,3.6449,true,1,8029
72940976,false,כרוב אדום אחלה 250 ג',מיוצר עי קונדיטוריית,IL,סלט כרוב אדום במיונז 250 גרם,גרמים,250.00,100 גרם,false,1,9.30,3.7200,true,1,13484
72941041,false,מעדן מילקי מיני בטעם שוקולד עם קצפת,"שטראוס גרופ בע""מ",IL,מילקי מיני שוקולד,מיליליטרים,90.00,"100 מ""ל",false,1,2.20,2.4444,true,1,8032
72945308,false,קוביות שמרים לאפיה שמרית 2*25 ג',"פאקא תעשיות בע""מ",IL,שמרית שמרים טריים לאפייה 50 גרם,גרמים,50.00,100 גרם,false,1,4.50,9.0000,true,1,8124
72961506,false,יוגורט עם תות 1.5% שומן 125 ג' פרילי,מיוצר עי קונדיטוריית,IL,פרילי תות בגביע 125 גרם,מיליליטרים,125.00,"100 מ""ל",false,1,3.70,2.9600,true,1,8327
72961520,false,יוגורט עם אננס 1.5% שומן 125 ג' פרילי,מיוצר עי קונדיטוריית,IL,פרילי אננס בגביע 125 גרם,מיליליטרים,125.00,"100 מ""ל",false,1,3.70,2.9600,true,1,8328
72961544,false,באדי יוגורט בטעם תות שדה 3%,מחלבת אלון תבור,IL,באדי תות 125 גרם,גרמים,125.00,100 גרם,false,1,3.40,2.7200,true,1,8334
72963753,false,שמנת אורגינל של פעם 27% שומן 200 ג' תנובה,תנובה מרכז שיתופי לש,IL,תנובה שמנת של פעם אורגינל 27% שומן,מיליליטרים,200.00,"100 מ""ל",false,1,4.50,2.2500,true,1,8370
72964132,false,פרילי טבע עם גרנולה 1.5% 200מל,מיוצר עי קונדיטוריית,IL,טבעגורט יוגורט עם גרנולה 200 גרם,גרמים,200.00,100 גרם,false,1,5.20,2.6000,true,1,8372
72986233,false,באדי מעדן וניל גביע 125גרם 2% בדצ,מחלבת אלון תבור,IL,באדי מעדן וניל גביע 125גרם 2% בדצ,מיליליטרים,125.00,"100 מ""ל",false,1,3.40,2.7200,true,1,19426
72986370,false,"גלידת בן & ג'ריס פיינטים וניל 500מ""ל",מוצרי איכות אמריקאים,IL,פיינט וניל FT,מיליליטרים,500.00,"100 מ""ל",false,1,23.90,4.7800,true,1,9156
72986424,false,"גלידת בן & ג'ריס פיינטים קרם עוגיות 500מ""ל",מוצרי איכות אמריקאיי,IL,"פיינט קרם עוגיות בד""ץ",מיליליטרים,500.00,"100 מ""ל",false,1,23.90,4.7800,true,1,9157
72986448,false,"גלידת בן & ג'ריס פיינטים טופי קראנץ 500מ""ל",מוצרי איכות אמריקאיי,IL,גלידת וניל עם חתיכות טופי מצופות שוקולד,מיליליטרים,500.00,"100 מ""ל",false,1,23.90,4.7800,true,1,9158
72986455,false,"ניו יורק סופר גלידת שוקולד, חתיכות פאדג' ואגוזים",מוצרי איכות אמריקאיי,IL,פיינט ניו-יורק סופר FT,מיליליטרים,500.00,"100 מ""ל",false,1,23.90,4.7800,true,1,9159
72986479,false,"צ'אנקי מנקי גלידת וניל, בננות, חתיכות פאדג' ואגוזים",מוצרי איכות אמריקאיי,IL,פיינט צאנקי מנקי FT,מיליליטרים,500.00,"100 מ""ל",false,1,23.90,4.7800,true,1,9160
72989395,false,טילון ורמונט קרם עוגיות,מוצרי איכות אמריקאיי,IL,טילון קרם עוגיות,גרמים,100.00,100 גרם,false,1,8.90,8.9000,true,1,12212
72989425,false,"גלידת בן & ג'ריס פיינטים שוקולד בראוניז 500מ""ל",מוצרי איכות אמריקאיי,IL,"גלידה שוקולד בראוניס 500 מ""ל",מיליליטרים,500.00,"100 מ""ל",false,1,23.90,4.7800,true,1,21394
72991374,false,סיגריות טיים רד חפיס,דובק,,סיגריות טיים רד חפיסה בודד,Unknown,0.00,Unknown,false,1,30.60,0.0000,false,1,9163
72991497,false,נובלס ורג'יניה פילטר,דובק,,סיגריות נובלס פילטר חפיסה בודד,יחידה,0.00,יחידה,false,1,30.60,0.0000,false,1,9174
72991503,false,סיגריות נובלס בלנד ח,דובק,,סיגריות נובלס בלנד חפיסה בודד,לא מנהל יחידת מידה,0.00,לא מנהל יחידת מידה,false,1,30.60,0.0000,false,1,9175
72991886,false,"גלידת דולצ'ה בטעם ריבת חלב עם פאדג' בן וג'ירי 500 מ""ל",מוצרי איכות אמריקאיי,IL,פיינט דולצ'ה דה לצ'ה,מיליליטרים,500.00,"100 מ""ל",false,1,23.90,4.7800,true,1,9180
72993637,false,מעדן חלב בטעם שוקולד 125 ג' דני,מחלבת אחיהוד,IL,דני שוקולד,גרמים,125.00,100 גרם,false,1,2.90,2.3200,true,1,47757
72994061,false,חטיף פסק זמן GOOD גלילית לבן 40 גרם,שולן צ'יקולטה גידה ס,IL,פסק זמן 2GOOD,גרמים,36.00,100 גרם,false,1,5.90,16.3889,true,1,70174
76136184,false,פאל מאל סופרסלימס כחול קופסה,BAT,,סיגריות פאל מל סלימס כחול חפיסה בודד,לא מנהל יחידת מידה,0.00,לא מנהל יחידת מידה,false,1,31.40,0.0000,false,1,42219
76136191,false,סיגריות פאל מל סלימס,BAT,,סיגריות פאל מל סלימס כתום חפיסה בודד,לא מנהל יחידת מידה,0.00,לא מנהל יחידת מידה,false,1,30.00,0.0000,false,1,41133
80001027,false,לואקר וופל טורטינה 21 גרם,"כד בני דרום בע""מ",IT,וופל בציפוי שוקולד חלב וממלוא בקרם אגוזים,גרמים,21.00,100 גרם,false,1,4.60,21.9048,true,1,13329
80001287,false,וופל חטיף לואקר אגוז 38 גר',ליימן מותגים,AT,חטיף גרדנה אגוז 38 גרם,גרמים,38.00,100 גרם,false,1,4.50,11.8421,true,1,9501
80001461,false,לואקר חטיף שוקולד 38 גר',"א. לואקר קונפקט בע""מ",AT,חטיף גרדנה שוקולד 38 גרם,גרמים,38.00,100 גרם,false,1,4.50,11.8421,true,1,43065
80001485,false,גרדנה קוקוס 38 גר'25X יח',קריניציה ויטמינה אס,IT,לואקר גרדנה קוקוס,גרמים,38.00,100 גרם,false,1,4.50,11.8421,true,1,43066
80001799,false,חטיף טורטינה קרם אגוזים 21 גרם,"כד בני דרום בע""מ",IT,וופל בציפוי שוקולד חלב וממלוא בקרם אגוזים,גרמים,21.00,100 גרם,false,1,4.50,21.4286,true,1,108235
80042563,false,רסק עגבניות 700 ג' (צהוב) MUTTI,"איי, בי, אינבוו",IT,רסק עגבניות 700 גרם (צהוב) MUTTI,גרמים,700.00,100 גרם,false,1,11.90,1.7000,true,1,116088
80050025,false,סוכריות טיק טק בטעם תפוז,קדבורי,ZA,דחוסות בטעם תפוז,גרמים,16.00,100 גרם,false,1,4.50,28.1250,true,1,9700
80050124,false,סוכריות טיק טק בטעם מנטה,קדבורי,ZA,טיק טק מנטה,גרמים,16.00,100 גרם,false,1,4.50,28.1250,true,1,9701
80050278,false,פררו רושר חטיף כדורים שלישיה 40ג',קדבורי,IT,פררו רושה שלישייה,גרמים,38.00,100 גרם,false,1,6.50,17.1053,true,1,15380
80052487,false,רפאלו 30 גרי שלישיי,פררו,PL,רפאלו 30 גרי שלישייה,גרמים,30.00,100 גרם,false,1,4.50,15.0000,true,1,71462
80052760,false,קינדר בואנו Kinder Bueno עם חלב ואגוזי לוז,קינדר Kinder,PL,קינדר בואנו,גרמים,43.00,100 גרם,false,1,5.00,11.6279,true,1,9705
80136194,false,חטיפי הפי היפו Happy Hippo במילוי קרם חלבי ואגוזי לוז,קינדר Kinder,DE,"הפי היפו קקאו, וופל במילוי קרם חלבי וקרם אגוזי לוז",לא מנהל יחידת מידה,0.21,לא מנהל יחידת מידה,false,1,14.90,70.9524,true,1,127751
80176732,false,קינדר הפי היפו 28 יחידות,קדבורי,DE,"הפי היפו קקאו, וופל במילוי קרם חלבי וקרם קקאו",גרמים,21.00,100 גרם,false,1,3.50,16.6667,true,1,47113
80177173,false,ממרח אגוזי לוז עם קקאו,נוטלה Nutella,IT,ממרח שוקולד נוטלה אגוזים 350 גרם,גרמים,350.00,100 גרם,false,1,15.90,4.5429,true,1,9768
80177180,false,שוקולד קינדר קאונטרי 23.5 גרם,ליימן שליסל,IT,שוקולד קינדר קאנטרי 23.5 גרם,גרמים,24.00,100 גרם,false,1,3.50,14.5833,true,1,72698
80177609,false,אצבעות שוקולד קינדר Kinder ארבע יחידות,קינדר Kinder,IT,שוקולד חלב עם תכולת חלב גבוהה במילוי קרם חלבי,גרמים,50.00,100 גרם,false,1,5.90,11.8000,true,1,9769
80177616,false,אצבעות שוקולד קינדר Kinder שמונה יחידות,קינדר Kinder,IT,שוקולד חלב עם תכולת חלב גבוהה במילוי קרם חלבי,גרמים,100.00,100 גרם,false,1,9.50,9.5000,true,1,9770
80273561,false,פלפל שחור במטחנה 45 גר ארומה דה טוסקנה,דרוגריה ואלימנטרי אס,IT,פלפל שחור במטחנה 45 גרם,גרמים,45.00,100 גרם,false,1,12.90,28.6667,true,1,9808
80273592,false,פלפל ארבע עונות 30 גר ארומה דה טוסקנה,דרוגריה ואלימנטרי אס,IT,פלפל 4 העונות במטחנה 35 גרם,גרמים,35.00,100 גרם,false,1,12.90,36.8571,true,1,9810
80273639,false,מלח ים במטחנה 90 גר ארומה דה טוסקנה,דרוגריה ואלימנטרי אס,IT,מלח ים במטחנה 90 גרם,גרמים,90.00,100 גרם,false,1,12.90,14.3333,true,1,9812
80273660,false,שום במטחנה 50 גר ארומה דה טוסקנה,דרוגריה ואלימנטרי אס,IT,שום במטחנה 50 גרם,גרמים,50.00,100 גרם,false,1,12.90,25.8000,true,1,9815
80273677,false,צילי במטחנה 20 גר ארומה דה טוסקנה,דרוגריה ואלימנטרי אס,IT,"צ""ילי במטחנה 20 גרם",גרמים,20.00,100 גרם,false,1,12.90,64.5000,true,1,9816
80273684,false,תערובת עשבי פרובנס במטחנה 20 גר ארומה דה,דרוגריה ואלימנטרי אס,IT,תערובת עשבי פרובנס במטחנה20 גר,גרמים,45.00,100 גרם,false,1,14.90,33.1111,true,1,9817
80310549,false,הפי היפו חטיף קינדר שוקולד לבן 20.5ג',קדבורי,DE,"הפי היפו קקאו, וופל במילוי קרם חלבי וקרם אגוזי לוז",לא מנהל יחידת מידה,0.00,לא מנהל יחידת מידה,false,1,3.00,0.0000,true,1,122596
80310891,false,ביצת הפתעה קינדר ג'וי כתום,פררו,ZA,"ביצת קינדר ג""וי 20 גרם",גרמים,20.00,100 גרם,false,1,6.00,30.0000,true,1,157157
80650874,false,שום ופטרוזיליה טוסקנ,דרוגריה ואלימנטרי אס,,תיבול גורמה שום ופטרוזיליה,מיליליטרים,80.00,"100 מ""ל",false,1,12.90,16.1250,true,1,9860
80650881,false,תיבול גורמה בזיליקום ים תיכוני 80 ארומה,דרוגריה ואלימנטרי אס,,תיבול גורמה בזיליקום ים תיכוני,מיליליטרים,80.00,"100 מ""ל",false,1,12.90,16.1250,true,1,9861
80651000,false,שום צילי במטחנה 30 גרם ארומה דה טוסקנה,דרוגריה ואלימנטרי אס,IT,"שום וצ""ילי במטחנה 30 גרם",גרמים,30.00,100 גרם,false,1,12.90,43.0000,true,1,9865
80651017,false,תערובת עשבי טוסקנה במטחנה 15 ארומה דה טו,דרוגריה ואלימנטרי אס,IT,תערובת עשבי טוסקנה במטחנה16 גר,גרמים,16.00,100 גרם,false,1,11.90,74.3750,true,1,9866
80718758,false,טונה בשמן זית 160 גר CALIPO,גיאצינטו קליפו,IT,גושי טונה בהירה בשמן זית,גרמים,160.00,100 גרם,false,1,21.90,13.6875,true,1,53388
80761761,false,קינדר בואנו לבן בודד 39 גרם,ליימן שליסל,PL,חטיף וופל קינדר בואנו שוקולד לבן 39 גרם,גרמים,39.00,100 גרם,false,1,5.00,12.8205,true,1,83155
80762362,false,מסטיק מנטוס וויט בטעם מנטה אקליפטוס 105ג',"אינסטנטה בע""מ",TR,גומי לעיסה ללא סוכר בטעם מנטה אקליפטוס 40 יח,לא מנהל יחידת מידה,0.00,לא מנהל יחידת מידה,false,1,9.90,0.0000,true,1,120540
80768258,false,קינדר ג'וי Joy ביצת הפתעה ורוד,קינדר Kinder,ZA,קינדר ג'וי ורוד,גרמים,20.00,100 גרם,false,1,6.00,30.0000,true,1,100171
80768890,false,מסטיק מנטוס וויט ביג מנטה עדינה 105 ג',פרפטי ואן מלה,IT,מנטוס גומי לעיסה בטעם מנטה עדינה ללא סוכר 70 יח,גרמים,105.00,100 גרם,false,1,19.90,18.9524,true,1,116105
80773429,false,מסטיק מנטוס פיור פרש בבקבוק בינוני בטעם תות 60 ג',"פרפטי ואן מלה ג'ידה,",NL,מסטיק מנטוס פיור פרש בטעם תות מעוגל,גרמים,60.00,100 גרם,false,1,9.90,16.5000,true,1,119231
80773443,false,מסטיק מנטוס בבקבוק מעוגל בטעם מנטה מעודנת 60 ג',"פרפטי ואן מלה ג'ידה,",NL,מנטוס גומי לעיסה ללא סוכר בטעם מנטה,גרמים,60.00,100 גרם,false,1,9.90,16.5000,true,1,117502
80790990,false,מסטיק מנטוס בבקבוק מעוגל בטעם פירות -מנטה 60 ג',"פרפטי ואן מלה ג'ידה,",NL,מסטיק מנטוס מנטה עדינה בקבוק מעוגל 60 גר,גרמים,60.00,100 גרם,false,1,9.90,16.5000,true,1,117501
80804697,false,מסטיק וויט White בטעם מנטה מתוקה ללא סוכר,פרפטי ואן מלה,TR,מנטוס גומי לעיסה בטעם מנטה מתוקה ללא סוכר 70 יח,גרמים,105.00,100 גרם,false,1,19.90,18.9524,true,1,116104
80831402,false,סוכריות מנטוס מנטה עדינה 30 יח' ללא סוכר CLEAN BREATH,פרפטי ואן מלה,NL,סוכרית מנטוס מנטה עדינה ללא סוכר,לא מנהל יחידת מידה,0.00,לא מנהל יחידת מידה,false,1,6.90,0.0000,true,1,146398
80854753,false,סוכריות מנטוס מנטה 30 יח' ללא סוכר CLEAN BREATH,פרפטי ואן מלה,TR,סוכרית מנטוס מנטה ללא סוכר,לא מנהל יחידת מידה,0.00,לא מנהל יחידת מידה,false,1,6.90,0.0000,true,1,146399
80864295,false,סוכריות פיור וויט טעם מנטה עדינה 60 ג' מנטוס,"פרפטי ואן מלה ג'ידה,",TR,מסטיק בקבקון מ.עדינה pure white 60 גרם,גרמים,60.00,100 גרם,false,1,9.90,16.5000,true,1,153045
80874652,false,קינדר קארדס 120 גרם - בודד,פררו,IT,קינדר קארדס 25.6 גרם,גרמים,26.00,100 גרם,false,1,4.90,18.8462,true,1,156859
80896081,false,מסטיק מנטוס פיור פרש בבקבוק בינוני בטעם אבטיח 60 ג',"פרפטי ואן מלה ג'ידה,",NL,מנטוס גומי לעיסה ללא סוכר בטעם אבטיח,גרמים,60.00,100 גרם,false,1,9.90,16.5000,true,1,119232
80913467,false,מסטיק מנטו בבקבוק מעוגל בטעם מנטה 60 ג',פרפטי ואן מלה ברדה,NL,mentos - pure fresh,גרמים,60.00,100 גרם,false,1,9.90,16.5000,true,1,117503
80936848,false,סוכריות טיק טק תות שדה 24 יח',ליימן שליסל,ZA,טיק טק תות,גרמים,16.00,100 גרם,false,1,4.50,28.1250,true,1,99451
80945468,false,סוכריות פיור וויט טעם מנטה מתוקה 60 ג' מנטוס,"פרפטי ואן מלה ג'ידה,",TR,מסטיק בקבקון מ.מתוקה pure white 60 גרם,גרמים,60.00,100 גרם,false,1,9.90,16.5000,true,1,153046
80979128,false,מנטוס מסטיק בקבוק מעוגל בטעם דובדבן,פרפטי ואן מלה ברדה,TR,מסטיק בקבוקון פיור דובדובן 60 גרם,גרמים,60.00,100 גרם,false,1,9.90,16.5000,true,1,152681
80982470,false,מסטיק מנטוס פיור פרוסט בטעם מנטה חזק 60 גר',פרפטי ואן מלה ברדה,NL,מסטיק מנטוס פיור מנטה חזקה 60 ג,גרמים,60.00,100 גרם,false,1,9.90,16.5000,true,1,150123
80986348,false,סוכריות פיור וויט טעם מנטה 60 ג' מנטוס,"פרפטי ואן מלה ג'ידה,",TR,מסטיק בקבקון מנטה pure white 60 גרם,גרמים,60.00,100 גרם,false,1,9.90,16.5000,true,1,153047
85939868,false,נייר קצר ללא פילטר PIH,,,נייר קצר ללא פילטר,יחידה,0.00,יחידה,false,1,3.00,0.0000,true,1,95534
85942707,false,נייר קצר ללא פילטר עבה PIH,,,נייר קצר עבה,Unknown,0.00,Unknown,false,1,3.00,0.0000,false,1,105033
85951730,false,רול פור יו פילטרים ל,,,120 פילטרים SLIM PARTY,Unknown,0.00,Unknown,false,1,6.50,0.0000,false,1,74687
85966611,false,נייר גלגול גדול כולל פילטר PIH,,,נייר גלגול גדול כולל פילטר PIH,יחידה,1.00,יחידה,false,1,7.50,7.5000,false,1,144847
85967069,false,נייר גלגול גדול כולל פילטר חום,,CZ,נייר גלגול גדול כולל פילטר חום,יחידה,1.00,יחידה,false,1,8.00,8.0000,false,1,126865
85967076,false,נייר גלגול בינוני כולל פילטר חום,,CZ,נייר בינוני כולל פיל,יחידה,1.00,יחידה,false,1,7.00,7.0000,true,1,144811
87108538,false,סוכריות מנטוס Mentos תות שדה,הדקלאים אגודת שיתופי,NL,מנטוס תות 40 גלילים,גרמים,38.00,100 גרם,false,1,3.90,10.2632,true,1,41854
87108651,false,מארז סוכריות מנטוס Mentos מנטה,הדקלאים אגודת שיתופי,NL,מנטוס מנטה 1/4,גרמים,150.00,100 גרם,false,1,11.90,7.9333,true,1,10562
87108712,false,מארז סוכריות מנטוס Mentos פירות,פרפטי ואן מלה ברדה,NL,מארז 4 גלילי מנטוס בטעם פירות,גרמים,150.00,100 גרם,false,1,11.90,7.9333,true,1,10563
87311396,false,סוכריות מנטוס Mentos ריינבואו,פרפטי ואן מלה,NL,מנטוס ריינבאוו סוכריות לעיסה בטעמי פירות 37.5 גרם,גרמים,38.00,100 גרם,false,1,3.90,10.2632,true,1,88713
90087974,false,חומץ טבעי מתפוחים 750 מל,ראוך פרוכטסאפה,AT,חומץ תפוחים 750 מל,מיליליטרים,750.00,"100 מ""ל",false,1,14.90,1.9867,true,1,76797
90162602,false,רד בול משקה אנרגיה פקדון 30 אג,רד בול ג'י.אם.בי. אץ,IL,"משקה אנרגיה רד בול 250 מ""ל",מיליליטרים,250.00,"100 מ""ל",false,1,8.00,3.2000,true,1,42148
90162800,false,רד בול משקה אנרגיה ללא סוכר פקדון 30 אג,רד בול ג'י.אם.בי. אץ,AT,רד בול,מיליליטרים,250.00,"100 מ""ל",false,1,8.00,3.2000,true,1,42149
96198162,false,פישרמנס מנטה ללא סוכר - ירוק לבן,,GB,פישרמנס‏ ‏מנטה‏ ‏ללא סוכר ‏-‏ירוק‏ ‏לבן,גרמים,25.00,100 גרם,false,1,9.90,39.6000,true,1,153235
8421361472,false,בובת TY עיניים גדולו,TY,,בובת TY עיניים גדולות הזהבה,Unknown,0.00,Unknown,false,1,29.90,0.0000,true,1,110399
9073102314,false,"סורבט שרונס קוקוס 500 מ""ל",מוצרי איכות אמריקאיי,IL,"גלידה סורבט שרונס קוקוס 500 מ""ל",מיליליטרים,500.00,"100 מ""ל",false,1,23.90,4.7800,true,1,25326
9800800056,false,חטיף שוקולד עם מקלות לחם אנד גו,נוטלה Nutella,DE,נוטלה גו בייגלה מלוח,גרמים,52.00,100 גרם,false,1,6.90,13.2692,true,1,114090
11182700923,false,קינג קול שעועית אדומה בהירה 439 גרם,הנובר פודס,US,קינג קול שעועית אדומה,יחידה,1.00,יחידה,false,1,10.90,10.9000,true,1,88538
11182700930,false,קינג קול שעועית אדומה כהה 439 גרם,הנובר פודס,US,שעועית אדומה בהירה קינג קול 436 גרם,גרמים,436.00,100 גרם,false,1,10.90,2.5000,true,1,86283
11182700954,false,קינג קול שעועית שחורה 439 גרם,הנובר פודס,,שעועית שחורה קינג קול 436 גרם,גרמים,436.00,100 גרם,false,1,10.90,2.5000,true,1,83594
11210000094,false,"רוטב ""טבסקו"" על בסיס פלפל אדום 60 מ""ל",מקאילהייני אייבורי,US,"רוטב טבסקו 60 מ""ל",מיליליטרים,60.00,"100 מ""ל",false,1,11.90,19.8333,true,1,117
11210007253,false,"רוטב ""טבסקו"" על בסיס פלפל אדום ושום 60 מ""ל",מקאילהייני אייבורי,US,"רוטב טבסקו שום ופלפל 60 מ""ל",מיליליטרים,60.00,"100 מ""ל",false,1,11.90,19.8333,true,1,118
11210009387,false,רוטב טבסקו פלפל ירוק,מקאילהייני אייבורי,US,"רוטב טבסקו פלפל ירוק 60 מ""ל",מיליליטרים,60.00,"100 מ""ל",false,1,11.90,19.8333,true,1,119
12300159135,false,סיגריות וינסטון כחול,JTI,,סיגריות וינסטון כחול 100 פקט 10 יח,Unknown,0.00,Unknown,false,1,312.00,0.0000,false,1,48071
14100074120,false,פפרידג' פארם עוגיות מילאנו 170 גרם,פפרידג פראם,,עוגיות מילאנו פפרידג 198 גרם,גרמים,198.00,100 גרם,false,1,22.90,11.5657,true,1,41475
14100077121,false,פפרידג' פארם עוגיות סוסליטו שוקולד חלב מקדמיה 204 גרם,פפרידג פראם,,עוגיות סוסליטו שוקו מקדמיה פפרידג 206 גר,גרמים,206.00,100 גרם,false,1,22.90,11.1165,true,1,41478
14100082033,false,עוגיות פפרידג בראוניז רכות קפטיבה (אדום),פפרידג פראם,,עוגיות קאפטיבה רכות פפרידג 244 גרם,גרמים,244.00,100 גרם,false,1,22.90,9.3852,true,1,46554
16000185517,false,דגני בוקר פייבר וואן עתירי סובין FIBRE1,בטר אנד דיפרנט,US,דגני פייבר 1 555גרם,גרמים,555.00,100 גרם,false,1,29.90,5.3874,true,1,153340
16000423534,false,ניטשר ואלי חטיף שיבולת שועל שוקולד מריר קראנצי 210ג',ג'נרל מילס סאן אדריא,ES,חטיפי גרנולה קראנצי שיבולת שועל מריר 210,גרמים,210.00,100 גרם,false,1,14.90,7.0952,true,1,81293
16000507777,false,נייטשר ואלי חטיף קראנצ'י שוקולד,ג'נרל מילס,,קראנצי שיבולת שועל שוקולד מריר 42 גרם,גרמים,42.00,100 גרם,false,1,4.90,11.6667,true,1,90248
16000548404,false,ניטשר ואלי חטיף קראנצי גרנולה שיבולת שועל 210 ג',ג'נרל מילס סאן אדריא,ES,"נייטשר וואלי, קראנצ'י שיבולת שועל עם דבש",גרמים,210.00,100 גרם,false,1,14.90,7.0952,true,1,803
16000548497,false,קראנצי שיבולת שועל ודבש בודד 42גר,ג'נרל מילס,,"קראנצ""י שיבולת שועל ודבש בודד 42 גרם",גרמים,42.00,100 גרם,false,1,4.90,11.6667,true,1,21015
16000548503,false,ניטשר ואלי קראנצי חטיף גרנולהומייפל 10 יח' 210 ג',ג'נרל מילס סאן אדריא,ES,חטיפי גרנולה קראנצי מייפל וסוכר חום 210,גרמים,210.00,100 גרם,false,1,14.90,7.0952,true,1,804
16000548596,false,קראנצי מייפל וסוכר חום בודד 42גר,ג'נרל מילס,,"קראנצ""י מייפל סוכר חום בודד 42 גרם",גרמים,42.00,100 גרם,false,1,4.90,11.6667,true,1,21016
16000548602,false,נייטשר וואלי חטיף קראנצ'י קינמון 210ג',ג'נרל מילס סאן אדריא,ES,חטיפי גרנולה קראנצי קינמון 210 גרם,גרמים,210.00,100 גרם,false,1,14.90,7.0952,true,1,805
16000548909,false,נ.וואלי קראנצי חטיף גרנולה אריזת חמישייה,ג'נרל מילס סאן אדריא,ES,חטיפי גרנולה קראנצי מגוון טעמים 210 גרם,גרמים,210.00,100 גרם,false,1,14.90,7.0952,true,1,806
16229924263,true,קרם קוקוס 250 מל,,,קרם קוקוס 250 מל,Unknown,0.00,Unknown,false,1,9.90,0.0000,true,1,127877
18000701223,false,תערובת לעוגת שוקולד 517 גרם פילסבורי,הדקלאים אגודת שיתופי,IL,תערובת להכנת עוגת שוקולד פילסברי 500 גרם,גרמים,500.00,100 גרם,false,1,17.90,3.5800,true,1,920
18000703494,false,תערובת עוגת וניל פיסברי 500 גר',הדקלאים אגודת שיתופי,IL,תערובת לעוגה וניל פילסברי,גרמים,524.00,100 גרם,false,1,17.90,3.4160,true,1,921
18000766413,false,תערובת להכנת עוגה בטעם שוקולד,הדקלאים אגודת שיתופי,IL,תערובת לעוגת בראוניס פלסברי 550 גרם,גרמים,550.00,100 גרם,false,1,17.90,3.2545,true,1,924
19548003107,false,בלוק צימקאו שוקולד לבן אופנהיימר 300 גר,אופנהיימר,IL,בלוק צימקאו לבן 300 גרם,גרמים,300.00,100 גרם,false,1,8.90,2.9667,true,1,124248
22014004607,false,רסק תפוחי עץ אורגני 4*113 גרם,MANISCHEWITZ,US,רסק תפוחי עץ אורגני רביעיה 452 גרם,גרמים,452.00,100 גרם,false,1,15.90,3.5177,true,1,155842
22014031023,false,רסק תפוחי עץ אורגני פאוץ 4*90 גרם,MANISCHEWITZ,US,רסק תפוחי עץ אורגני בפאוץ רביעיה 360 גר,גרמים,360.00,100 גרם,false,1,15.90,4.4167,true,1,155841
22014051021,false,"רסק תפו""ע בפאוץ אורגני 360 גרם",MANISCHEWITZ,US,רסק תפוחי עץ בטטה משמש ומנגו בפאוץ רביעיה 360 גרם,גרמים,360.00,100 גרם,false,1,22.90,6.3611,true,1,155844
22014240623,false,רסק תפוחי עץ אורגני בצנצנת 680 גרם,MANISCHEWITZ,US,רסק תפוחי עץ אורגני בצנצנת 680 גרם,גרמים,680.00,100 גרם,false,1,16.90,2.4853,true,1,155843
22200956932,false,דאודורנט ספיד סטיק גל 24/7 כחול 85 גר,הנסיך- מפעל לייצור ט,US,דאודורנט 24/7 ג'ל כחול ספיד סטיק,מיליליטרים,85.00,"100 מ""ל",false,1,21.90,25.7647,true,1,1612
22200956949,false,דאודורנט ספיד סטיק גל 24/7 כתום 85 גר,קולגייט פלמוליב,BY,"דאודורנט ספיד סטיק ג""ל כחול 85 גרם",מיליליטרים,85.00,"100 מ""ל",false,1,21.90,25.7647,true,1,1613
22224500708,false,פופקורן סוויט כאוס מ,קניז קודי קומפוני,US,סוויט כאוס פופקורן עם שוקולד חום לבן 156 גרם,גרמים,156.00,100 גרם,false,1,24.90,15.9615,true,1,152182
24100577163,false,סנשיין ציז איט סנאק מיקס 127 גרם,"קלוגס בריטניה בע""ם",US,ציז איט קלאסי מיקס חטיפי גבינה 127 גרם,גרמים,127.00,100 גרם,false,1,12.90,10.1575,true,1,150635
24463061095,false,רוטב פלפל צילי חריף 435 גר סריראצה,הוי פונג פודס,,"סריראצה-רוטב פלפל צ""ילי חריף 435 גר",מיליליטרים,435.00,"100 מ""ל",false,1,28.90,6.6437,true,1,71992
25675120006,false,חמצוצים 4 צבעים טעמים טבעי 100 גרם,חמצוצים,NL,מקלות מגוון טעמים 100 גרם,גרמים,100.00,100 גרם,false,1,9.90,9.9000,true,1,65975
25675120037,false,מקלות חמצוצים תות 100 גרם,פאסין,NL,מקלות תות 100 גרם,גרמים,100.00,100 גרם,false,1,9.90,9.9000,true,1,25026
25675120068,false,סאוור סטיקס Sour Sticks בטעם קולה,פשקז Paskesz,NL,מקלות קולה 100 גרם,גרמים,100.00,100 גרם,false,1,9.90,9.9000,true,1,25028
25675301153,false,סאוור סטיקס Sour Sticks בטעם אוכמניות,פשקז Paskesz,NL,מקלות חמוצים פטל 50 גר .,גרמים,50.00,100 גרם,false,1,7.00,14.0000,true,1,25079
25700005681,false,שקיות אחסון סליידר בינוניות -20 יח' זיפלוק,אס.סי גונוסון,US,יפלוק סליידר בינוניות 20יח,יחידה,1.00,יחידה,false,1,16.90,16.9000,true,1,148543
27379005658,false,סוויט איטליה פנתוני,BALCONI SPA INDUSTRI,IT,פנתוני מיני 100 גרם SWEET ITALY,גרמים,100.00,100 גרם,false,1,13.90,13.9000,true,1,153308
27379005740,false,עוגת פנתוני מיני שוק,BALCONI SPA INDUSTRI,IT,פנתוני מיני 100פצפוצי שו גרם SWEET ITALY,גרמים,100.00,100 גרם,false,1,13.90,13.9000,true,1,141130
30000315958,false,קוואקר פרוטאין בננה אגוזים 366 גרם,קוואקר אוטס קומפני,US,קוואקר פרוטאין בננה אגוזים 366 גרם,גרמים,366.00,100 גרם,false,1,26.90,7.3497,true,1,126409
30000315989,false,קוואקר פרוטאין חמוציות ושקדים 372 גר,קוואקר אוטס קומפני,US,קוואקר פרוטאין חמוציות ושקדים 372 גרם,גרמים,372.00,100 גרם,false,1,26.90,7.2312,true,1,126410
30100487197,false,קיבלר סנדוויץ קרקר גבינה וצדר 39 גרם,"מאכלי עולם ר.ז. בע""מ",,קיבלר קרקר גבינת צדר לבן 39 גרם,גרמים,39.00,100 גרם,false,1,4.00,10.2564,true,1,102833
30100545101,false,קיבלר סנדוויץ קרקר קלאב צדר 39 גרם,"מאכלי עולם ר.ז. בע""מ",,קיבלר קרקר קלאב צדר כתום 39 גרם,גרמים,39.00,100 גרם,false,1,4.00,10.2564,true,1,100333
34000148301,true,נשיקות הרשי לאפייה,,,נשיקות הרשי לאפייה,Unknown,0.00,Unknown,false,1,21.90,0.0000,true,1,120614
34000271184,false,קוקיס אנד קרים דרופס 59 גרם,הרשי,US,הרשיז דרופס,גרמים,59.00,100 גרם,false,1,6.50,11.0169,true,1,120297
34000312177,false,סירופ שוקולד הרשי 680 גר',ליימן מותגים,US,סירופ שוקולד למאפים קינוחים,גרמים,680.00,100 גרם,false,1,20.90,3.0735,true,1,97745
34000544028,false,סוכריות ארוכות בטעם תות טוויזלרס Twizzlers,ליימן מותגים,US,טוויזלרס ממתק בטעם תות 198 גרם,גרמים,198.00,100 גרם,false,1,8.90,4.4949,true,1,22270
36000183399,false,"ליטל סווימרס בגד-ים חד פעמי 7-15 ק""ג M האגיס",חוגלה קימברלי,CZ,חיתולי האגיס שחיה מידה S/M,לא מנהל יחידת מידה,0.00,לא מנהל יחידת מידה,false,1,42.90,0.0000,true,1,3432
36000516876,false,ממחטות נייר קלינקס לושן 3 שכבות 75 דף,חוגלה קימברלי,US,קלינקס לושן 75 - 3 שכבות,יחידה,27.00,יחידה,false,1,12.90,0.4778,true,1,143984
37600207188,false,חמאת בוטנים סקיפי קלאסי 462 גר',חברת המזון אלגוד,US,חמאת בוטנים סקיפי קלאסיק 462 גרם,גרמים,462.00,100 גרם,false,1,20.90,4.5238,true,1,102365
37600207256,false,חמאת בוטנים סקיפי עם שברי בוטנים 462 גר',חברת המזון אלגוד,US,חמאת בוטנים סקיפי עם שברי בוטנים 462 גרם,גרמים,462.00,100 גרם,false,1,24.90,5.3896,true,1,102488
37600207287,false,חמאת בוטנים סקיפי עם דבש,חברת המזון אלגוד.,US,חמאת בוטנים סקיפי עם דבש 462 גרם,גרמים,462.00,100 גרם,false,1,25.60,5.5411,true,1,102489
37600297943,false,מטבל סלסה חריף- צ'י צ'י 439 גר,hormel foods,US,439גרם CHI-CHISמטבל סלסה חריף,גרמים,439.00,100 גרם,false,1,16.90,3.8497,true,1,157053
37600297967,false,מטבל סלסה בחריפות עדינה ציי צי 439 גר,hormel foods,US,CHI-CHIS מטבל סלסה בחריפות עדינה 439 גרם,גרמים,439.00,100 גרם,false,1,16.90,3.8497,true,1,157052
38000138607,false,חטיף צ'יפס בטעם מלח וחומץ,מנופקצורי קטמפני,US,פרינגלס חומץ מלח 158 גרם,גרמים,158.00,100 גרם,false,1,9.90,6.2658,true,1,126598
38000138638,false,חטיף תפוא פרינגלס פי,פרינגלס מנופקצורינג,US,פרינגלס פיצה 158 גרם,גרמים,158.00,100 גרם,false,1,9.90,6.2658,true,1,114895
38000138720,false,פרינגלס  תכלת ראנץ 158 ג',פרינגלס מניופקצ'ורינ,US,פרינגלס ראנץ 158 גרם,גרמים,158.00,100 גרם,false,1,9.90,6.2658,true,1,121872
38000183928,false,פרינגלס חרדל ודבש 158 גרם,פרינגלס מניופקצ'ורינ,US,פרינגלס חרדל ודבש 158 גרם,גרמים,158.00,100 גרם,false,1,9.90,6.2658,true,1,147707
38000197840,false,פרינגלס גלי בטעם חריף מתוק 137 ג',פרינגלס מניופקצ'ורינ,US,פרינגלס גלי חריף מתוק 137 גרם,גרמים,137.00,100 גרם,false,1,9.90,7.2263,true,1,147706
38000202278,false,חטיף צ'יפס גלי בטעם אורגינל מלוח,פרינגלס מניופקצ'ורינ,US,פרינגלס גלי אורגינל 130 גרם,גרמים,130.00,100 גרם,false,1,9.90,7.6154,true,1,147705
38000232152,false,פרינגלס ברביקיו 158 גרם – חדש,פרינגלס מניופקצ'ורינ,US,פרינגלס ברביקיו 158גרם,גרמים,158.00,100 גרם,false,1,9.90,6.2658,true,1,144467
38000232176,false,חטיף צ'יפס שמנת חמוצה ובצל,פרינגלס מניופקצ'ורינ,US,פרינגלס שמנת בצל 158גרם,גרמים,158.00,100 גרם,false,1,9.90,6.2658,true,1,144466
38000232183,false,פרינגלס אוריגינל 149 גרם,פרינגלס מניופקצ'ורינ,US,פרינגלס אורגינל 149 גרם,גרמים,149.00,100 גרם,false,1,9.90,6.6443,true,1,144465
38000845253,false,פרינגלס שמנת בצל 71 גרם מידי,פרינגלס מנופקצורינג,US,פרינגלס מידי שמנת בצל 71 גרם,גרמים,71.00,100 גרם,false,1,5.90,8.3099,true,1,122840
38527591053,false,קואקר דגנים מרובעים שיבולת שועל וקינמון,BEVERAGES FOODS & SE,US,דגני קוואקר מרובעים קינמון 411 גרם,גרמים,411.00,100 גרם,false,1,21.90,5.3285,true,1,75897
38527591060,false,דגני קוואקר מרובעים Quaker Squares עם סוכר חום,BEVERAGES FOODS & SE,US,דגני קוואקר מרובעים סוכר חום 411 גרם,גרמים,411.00,100 גרם,false,1,21.90,5.3285,true,1,74641
39000008006,false,אורטגה טאקו מקסיקני 12 יחידות 164 גרם,בי אנד ג'י,US,אורטגה טאקו מקסיקני 12 יחידות 164 גרם,גרמים,164.00,100 גרם,false,1,22.90,13.9634,true,1,60203
39000008051,false,טורטיה אורטגה ארוחת טאקו קיט,בי אנד ג'י,US,אורטגה קיט ארוחת טאקו 283 גרם,גרמים,283.00,100 גרם,false,1,29.90,10.5654,true,1,64570
39000008907,false,אורטגו רוטב טאקו מיילד 226 גרם,בי אנד ג'י,US,אורטגה רוטב טאקו מיילד 226 גרם,גרמים,226.00,100 גרם,false,1,16.90,7.4779,true,1,126413
39000008914,false,אורטגו רוטב טאקו חריף 226 גרם,בי אנד גי,US,אורטגה רוטב טאקו חריף 226 גרם,גרמים,226.00,100 גרם,false,1,16.90,7.4779,true,1,126414
40000123415,false,כרזה 1X,ארסלן,,כרזה 1X,Unknown,0.00,Unknown,false,1,6.90,0.0000,true,1,3987
40000514480,false,M&M אריזה קטנה's שוקולד אריזה קטנה 48 גרם,M&M אם אנד אם,US,סוכריות M&M בטעם שוקולד 48 גרם,גרמים,48.00,100 גרם,false,1,5.80,12.0833,true,1,114016
40000514510,false,M&M אריזה קטנה's בוטנים אריזה קטנה 49 גרם,M&M אם אנד אם,US,סוכריות שוקולד M&M בוטנים 49 גרם,גרמים,49.00,100 גרם,false,1,5.80,11.8367,true,1,113748
41190064564,false,שופרייט סלסה חריפה 439 גרם,ווקפרן פוד קורפ,US,רוטב סלסלה חריפה 439 גרם,גרמים,439.00,100 גרם,false,1,17.90,4.0774,true,1,150293
41224468108,false,עגבניות מיובשות שמן זית 340 גרם ROLAND,סיגס גיטה,TR,עגבניות מיובשות בשמן זית 283 גרם,גרמים,283.00,100 גרם,false,1,22.90,8.0919,true,1,55996
41421177452,false,"רייטס רוטב היקורי מעושן מרוכז 103 מ""ל",בי אנד ג'י,US,רייטס רוטב היקורי מעושן מרוכז 103 מל,מיליליטרים,103.00,"100 מ""ל",false,1,13.90,13.4951,true,1,92106
41500013107,false,רוטב וורצסטר פרנצס29,רקיט בנקיזר,US,"רוטב וורצסטר פרנצס296 מ""ל",גרמים,295.00,100 גרם,false,1,19.90,6.7458,true,1,146991
41570113103,true,בלו דיאמנד משקה שקדי,קלובר ס.א,ZA,בלו דיאמנד משקה שקדים בריסטה להקצפה 1 לי,ליטרים,1.00,ליטר,false,1,19.90,19.9000,true,1,122331
44600320717,false,פחם קינגספורד אורגינ,כלורוקס אוקלנד,US,"פחם קינגספורד אורגינל 3.6 ק""ג",קילוגרמים,3.60,"ק""ג",false,1,49.90,13.8611,true,1,154711
44600320977,false,"פחמים קינגספורד מטצ'לייט 3.62 ק""ג",כלורוקס אוקלנד,US,"פחם קינגספורד מצלייט 3.6 ק""ג",קילוגרמים,3.60,"ק""ג",false,1,54.90,15.2500,true,1,154947
46214382259,false,עוגיות בראוניס שוקולד 225 ג',בנקטבקריי מרבה בי.וי,NL,"עוגיות בראוניס 225 גר """,גרמים,225.00,100 גרם,false,1,9.90,4.4000,true,1,4796
46214731552,false,עוגיות שוקולד ציפס מובחרות 225 ג',קריניציה ויטמינה אס,NL,מרבה עוגיות 37% שוקולד ציפס,גרמים,225.00,100 גרם,false,1,9.90,4.4000,true,1,4797
47495013054,false,חטיף תאנים ופטל פיג,בלה פור בייקרי,,חטיף תאנים ופטל פיג בר 57 גרם,גרמים,57.00,100 גרם,false,1,6.90,12.1053,true,1,123326
47495117806,false,פיג בר חטיף תאנים 12/7/1,בלה פור בייקרי,,חטיף תאנים פיג בר 57 גרם,גרמים,57.00,100 גרם,false,1,6.90,12.1053,true,1,123325
47800175477,false,"רייטס רוטב מסקיט מעושן מרוכז 103 מ""ל",בי אנד ג'י,US,רייטס רוטב מסקיט מעושן מרוכז 103 מל,מיליליטרים,103.00,"100 מ""ל",false,1,13.90,13.4951,true,1,97059
47997130204,false,מגיק לתיבול סלמון 198 גרם,מגיק סיזנינג בלנד,US,תערובת תיבול לסלמון 198 גר,גרמים,198.00,100 גרם,false,1,22.90,11.5657,true,1,112325
49568720340,false,מיונז ציפוטלה טבעוני,ארת' איילנד,,מיונז ציפוטלה טבעוני 340 גרם,גרמים,340.00,100 גרם,false,1,28.90,8.5000,true,1,116236
50000015474,false,מזון חתולים פריסקיז,פריסקיז,US,פריסקיז דגים 1.42 קג,קילוגרמים,1.42,"ק""ג",false,1,35.90,25.2817,true,1,25363
50000170180,false,פריסקיז פריים פילה עוף ברוטב 156 גר,נסטלה פורינה USA קר,US,פריסקיז פריים פילה עוף ברוטב 156 גר,גרמים,156.00,100 גרם,false,1,5.90,3.7821,true,1,137198
50000225224,false,פריסקיז פריים פילה הודו ברוטב 156 גר,נסטלה פורינה USA קר,US,פריסקיז פריים פילה הודו ברוטב 156 גר,גרמים,156.00,100 גרם,false,1,5.90,3.7821,true,1,137199
50000293339,false,פריסקיז גרייבי 156 ג,פורינה,US,פריסקיז גרייבי 156 ג,גרמים,156.00,100 גרם,false,1,6.90,4.4231,true,1,156210
50000397587,false,אבקה להכנת שוקו חלבי 6 שקיות 121 ג' Nestle,נסטלה,US,נסטלה אבקת שוקו חלב 121 גרם,גרמים,121.00,100 גרם,false,1,20.90,17.2727,true,1,123550
50000429646,false,פנסי פיסט דגי אוקיינוס 85 גרם,נסטלה פורינה USA ג',US,מזון חתולים לח דגים פנסי פיסט 85 גרם,גרמים,85.00,100 גרם,false,1,5.90,6.9412,true,1,5207
50000574414,false,פריסקיז פרטי מיקס פק,פורינה,US,פריסקיז פארטי מיקס פיקניק קרנץ 59.500ג,גרמים,60.00,100 גרם,false,1,11.90,19.8333,true,1,155518
50000578450,true,פנסי פיסט עוף ברוטב,פורינה,US,פנסי פיסט עוף ברוטב עשיר,גרמים,85.00,100 גרם,false,1,5.90,6.9412,true,1,129338
51500017043,false,חמאת בוטנים סמרקס טב,ג'י.אס.קיי קונסיומר,US,חמאת בוטנים סמרקס טבעית 340גרם,גרמים,340.00,100 גרם,false,1,17.90,5.2647,true,1,152643
51500255162,false,"חמאת בוטנים לל""ג JIF אריזת 454ג'",ג'י.אס.קיי קונסיומר,US,JIF חמאת בוטנים 454 גרם,גרמים,454.00,100 גרם,false,1,17.90,3.9427,true,1,152644
52100002460,false,תערובת תיבול לעוף ודג 77 גר,מקרומיק,US,תערובת תיבול לעוף ודג 77 גרם,גרמים,77.00,100 גרם,false,1,19.90,25.8442,true,1,122768
52100004488,false,פפריקה מקורמיק 60.1,מקרומיק,US,פפריקה 60 גרם,גרמים,60.00,100 גרם,false,1,21.90,36.5000,true,1,122770
52100005966,false,שבבי שום מקורמיק 85,מקרומיק,US,גבישי שום 85 גרם,גרמים,85.00,100 גרם,false,1,26.90,31.6471,true,1,122772
52100006260,false,אבקת שום מקורמיק 88.,מקרומיק,US,אבקת שום 88 גרם,גרמים,88.00,100 גרם,false,1,26.90,30.5682,true,1,122773
52100029924,false,פלפל שחור טחון מקורמ,מקורמיק,US,מקורמיק פלפל שחור טחון טהור 43 גרם,גרמים,43.00,100 גרם,false,1,19.90,46.2791,true,1,154900
52100030043,false,פלפל שחור טחון גס 42 גר,מקרומיק,US,פלפל שחור טחון גס 42 גרם,גרמים,42.00,100 גרם,false,1,19.90,47.3810,true,1,122769
52100030234,false,פלפל שחור שלם מקורמי,מקרומיק,US,פלפל שחור 53 גרם,גרמים,53.00,100 גרם,false,1,26.90,50.7547,true,1,122771
52100034898,false,"תמצית ליים טהורה 29 מ""ל",מקורמיק,US,"תמצית ליים טהורה 29 מ""ל",מיליליטרים,29.00,"100 מ""ל",false,1,16.90,58.2759,true,1,146837
52100040806,false,תערובת שום בצל פלפל שחור ומלח ים 120 גר,מקורמיק,US,"מקורמיק תערובת שום בצל פלפל שחור ומלח ים, 120 גרם",גרמים,120.00,100 גרם,false,1,25.90,21.5833,true,1,154902
52100041155,false,תערובת מלח הימליה ורוד פלפל ושום 184 גר,מקורמיק,US,"מקורמיק תערובת מלח הימלאיה ורוד פלפל שחור ושום, 18",גרמים,184.00,100 גרם,false,1,25.90,14.0761,true,1,154901
52100070780,false,"תמצית תפוז טהורה 29 מ""ל",מקורמיק,US,"תמצית תפוז טהורה 29 מ""ל",מיליליטרים,29.00,"100 מ""ל",false,1,16.90,58.2759,true,1,146838
52100070827,false,תמצית רום מקורמיק 29,מקרומיק תבלינים,US,תמצית טעם רום,מיליליטרים,29.00,"100 מ""ל",false,1,10.90,37.5862,true,1,60066
52100070865,false,תמצית וניל טהור מקור,מקרומיק תבלינים,US,תמצית וניל טהור מקורמיק 28 גרם,גרמים,28.00,100 גרם,false,1,29.90,106.7857,true,1,5536
52100136387,false,פלפל שום במטחנה 34 גר,מקרומיק תבלינים,FR,פלפל שום במטחנה 34 גרם,גרמים,34.00,100 גרם,false,1,19.90,58.5294,true,1,71095
52100746043,false,תערובת פלפלים במטחנה 24 גר,מקרומיק תבלינים,FR,תערובת פלפלים במטחנה 24 גרם,גרמים,24.00,100 גרם,false,1,17.90,74.5833,true,1,71101
52600751233,false,פלאף - ממרח מרשמלו בטעם תות 213 גרם,Duracell,US,ממרח מרשמלו בטעם תות213גרם,גרמים,213.00,100 גרם,false,1,16.90,7.9343,true,1,127367
54100977601,false,אופן פיט רוטב BBQ סמיך אוריגינל 510 גרם,פיניקל פודס גרופ,US,רוטב אופן פיט T אנד T אורגניל 510 גרם,גרמים,510.00,100 גרם,false,1,12.90,2.5294,true,1,126779
54100977656,false,אופן פיט BBQ אורגינל 510 גרם,פיניקל פודס גרופ,US,רוטבאופן פיט BBQ אוריגינל 510 גרם,גרמים,510.00,100 גרם,false,1,12.90,2.5294,true,1,126803
55369901703,false,"רסק אפל סנקס תפו""ע תות שדה לל""ס מארז 113X4ג'",ליייהי אורצ'רדס,,מחית תות שדה ללא סוכר אפלסנקס רביעייה,גרמים,113.00,100 גרם,false,1,14.90,13.1858,true,1,57620
55369902342,false,אפלסנקס צנצנת רסק תפוחי עץ ממותק בסגנון ביתי 680 גרם עברית,לייהי אורצ'רדס,CA,רסק תפוחי עץ אפלסנקס 680 גרם,גרמים,680.00,100 גרם,false,1,14.90,2.1912,true,1,75770
55369902557,false,אפלסנקס רביעיות רסק תפוחי עץ ממותק בסגנון ביתי עברית,ליייהי אורצ'רדס,CA,מחית תפוחי עץ טבעי אפלסנקס רביעייה,גרמים,113.00,100 גרם,false,1,14.90,13.1858,true,1,58617
55369902564,false,אפלסנקס רביעיות רסק תפוחי עץ ללא תוספת סוכר עברית,ליייהי אורצ'רדס,CA,מחית תפוחי עץ ללא סוכר אפלסנקס רביעייה,גרמים,113.00,100 גרם,false,1,14.90,13.1858,true,1,58618
55369903295,false,אפלסנקס צנצנת  רסק תפוחי עץ ללא תוספת סוכר 652 גרם עברית,לייהי אורצ'רדס,CA,רסק תפוחי עץ ללא תוספת סוכר אפלסנקס 652,גרמים,452.00,100 גרם,false,1,14.90,3.2965,true,1,115668
55500012046,false,כלורוקס קלין אפ מרסס נוזל לניקוי רב תכלי,כלורוקס אוקלנד,US,"קלין אפ מרסס 946 מ""ל",מיליליטרים,946.00,"100 מ""ל",false,1,19.90,2.1036,true,1,6130
57000009403,false,רוטב לסטייק היינץ 40,היינץ,,"רוטב HP חום בקבוק 400 מ""ל",מיליליטרים,400.00,"100 מ""ל",false,1,17.90,4.4750,true,1,57719
58449450047,false,דייסת שיבולת שועל תפוח קינמון 400 גרם,נייצר וואלי,,NATURS PATHדייסת שיבולת שועל תפוח קינמון,גרמים,400.00,100 גרם,false,1,33.90,8.4750,true,1,34131
63517877145,false,פרנקיז חטיף צדר אורז קינואה אורגני 113,,CA,פרנקיז חטיף אורגני גבינת צדר עם אורז מלא,גרמים,113.00,100 גרם,false,1,19.90,17.6106,true,1,153994
63517877152,false,חטיף חלפיניו אורז קינואה אורגני 113,,CA,פרנקיז חטיף אורגני חלפניו עם אורז מלא וק,גרמים,113.00,100 גרם,false,1,19.90,17.6106,true,1,153995
63517877169,false,חטיף ברביקיו אורז קינואה אורגני 113,,CA,פרנקיז חטיף אורגני ברביקיו עם אורז מלא ו,גרמים,113.00,100 גרם,false,1,19.90,17.6106,true,1,153996
64144090013,false,"ספריי שמן PAM בטעם חמאה 141 מ""ל",קונאגרה פודס,US,"תרסיס PAM שמן חמאה 148 מ""ל",מיליליטרים,148.00,"100 מ""ל",false,1,18.90,12.7703,true,1,79809
64144090020,false,"ספריי שמן PAM בטעם שמן זית 141 מ""ל",קונאגרה פודס,US,"PAM תרסיס שמן זית 148 מ""ל",מיליליטרים,148.00,"100 מ""ל",false,1,18.90,12.7703,true,1,79143
64144090051,false,"ספריי שמן PAM קנולה אורגינל 148 מ""ל",קונאגרה פודס,US,"PAM תרסיס שמן קנולה 148 מ""ל",מיליליטרים,148.00,"100 מ""ל",false,1,18.90,12.7703,true,1,105617
70177077563,false,תה ארל גריי 25 שקיות טוינינגס 50 גר,אר. טווינינגס אנד קו,PL,תה טווינינג ארל גריי 50 גרם,גרמים,50.00,100 גרם,false,1,18.90,37.8000,true,1,115666
70177086664,false,תה ירוק טהור 25 שק TWININGS,טווינינגס Twinings,GB,טווינינג תה ירוק טהור 25 שק,גרמים,50.00,100 גרם,false,1,21.90,43.8000,true,1,53070
70177173159,false,תה ירוק עם לימון 25 שק TWININGS,אר. טווינינגס אנד קו,PL,טווינינג תה ירוק לימון 25 שקיקים,גרמים,50.00,100 גרם,false,1,21.90,43.8000,true,1,121221
70177173203,false,תה ירוק עם מנטה 25 שק. טוינינגס,טווינינגס Twinings,GB,טווינינג תה ירוק מנטה 25 שקיקים,גרמים,50.00,100 גרם,false,1,21.90,43.8000,true,1,121220
71570001667,false,גלי בלי סוכריות 20 טעמים 70 גרם,ג'לי בלי קינדי,TH,גלי בלי סוכריות גלי 20טעמים 70 גרם,גרמים,70.00,100 גרם,false,1,11.90,17.0000,true,1,142575
71570001841,false,גלי בלי סוכריות בטעמים חמוצים 70 גרם,ג'לי בלי קינדי,TH,גלי בלי סוכריות גליבטעם חמוצים 70 גרם,גרמים,70.00,100 גרם,false,1,11.90,17.0000,true,1,142577
71570001858,false,גלי בלי סוכריות מיקס פירות 70 גרם,ג'לי בלי קינדי,TH,גלי בלי סוכריות גליבטעם פירות 70 גרם,גרמים,70.00,100 גרם,false,1,11.90,17.0000,true,1,142576
71570009762,false,ג'לי בלי 70 גרם בטעם מיקס טרופי,ג'לי בלי קינדי,TH,גלי בלי בטעם מיקס טרופי 70 גרם,גרמים,70.00,100 גרם,false,1,11.90,17.0000,true,1,156126
71570010119,false,גלי בלי בטעם דובדבן,ג'לי בלי קינדי,TH,גלי בלי בטעם דובדבן 70 גרם,גרמים,70.00,100 גרם,false,1,11.90,17.0000,true,1,156122
72600062290,false,הר חטיף גבינה חלפניו חריף 198 גרם,הר פודס,US,חטיף גבינה חלפניו חריף 198 גרם,גרמים,198.00,100 גרם,false,1,26.90,13.5859,true,1,111247
72600062306,false,הר חטיפים בטעם גבינה 198 גרם,הר פודס,,חטיף גבינה הר 198 גרם,גרמים,198.00,100 גרם,false,1,26.90,13.5859,true,1,107792
72600062313,false,הר חטיף גבינה בפאלו גבינה כחולה 198 גר,הר פודס,US,חטיף גבינה בטעם בופאלו כחולה 198 גרם,גרמים,198.00,100 גרם,false,1,26.90,13.5859,true,1,115669
72600062320,false,הר חטיף גבינה בטעם פיצה 198 גרם,הר פודס,,חטיף גבינה בטעם פיצה הר 198 גרם,גרמים,198.00,100 גרם,false,1,26.90,13.5859,true,1,111248
74570004003,false,גלידת שמנת משובחת ונ,האגן-דאז,,"גלידת שמנת משובחת וניל 473 מ""ל",מיליליטרים,473.00,"100 מ""ל",false,1,22.90,4.8414,true,1,9284
74570024001,false,"גלידת שמנת תות שדה 500 מ""ל",האגן-דאז,,"גלידת שמנת תות שדה 473 מ""ל",מיליליטרים,473.00,"100 מ""ל",false,1,22.90,4.8414,true,1,9285
74570174003,false,"גלידת שמנת אגוזי מקדמיה 473 מ""ל",האגן-דאז,,"גלידת שמנת אגוזי מקדמיה 473 מ""ל",מיליליטרים,473.00,"100 מ""ל",false,1,22.90,4.8414,true,1,9287
74570610051,false,"גלידת שמנת שוקולד בלגי 500 מ""ל",האגן-דאז,,"גלידת שמנת שוקלד בלגי 473 מ""ל",מיליליטרים,473.00,"100 מ""ל",false,1,22.90,4.8414,true,1,9289
74570950010,false,גלידת שמנת עוגת גבינ,האגן-דאז,,"גלידת שמנת עוגת גבינה ותות 473 מ""ל",מיליליטרים,473.00,"100 מ""ל",false,1,22.90,4.8414,true,1,9292
75810021255,false,"סאן ג'יי רוטב תמרי ללא גלוטן 296 מ""ל",סאן גיי אינטרנשיונל,,"רוטב תמרי ללא גלוטן סאן גיי 296 מ""ל",מיליליטרים,296.00,"100 מ""ל",false,1,29.90,10.1014,true,1,124757
76840001767,false,גלידת וניל עוגיות חמאת בוטנים בצק לא אפו,מוצרי איכות אמריקאים,IL,"גלידה בן&גרי wake & no bake core 500 מ""ל",גרמים,500.00,100 גרם,false,1,23.90,4.7800,true,1,145306
76840001774,false,"גלידה עוגיות חלב עם חתיכות פאדג בן וג'ירי 500 מ""ל",מוצרי איכות אמריקאים,IL,"גלידה בן&גרי שוקולד צפס קור 500מ""ל",גרמים,500.00,100 גרם,false,1,23.90,4.7800,true,1,145305
76840002351,false,גלידה גימי סמור עם מרשמלו קלוי פירורי שוקולד בן וג'ירי 428 ג',מוצרי איכות אמריקאיי,IL,"פיינט בן &גרי 500 מ""לGimme smore",מיליליטרים,500.00,"100 מ""ל",false,1,23.90,4.7800,true,1,150810
76840002542,false,"גלידת בן & ג'ריס פיינט נטפליקס וצ'ילד 500מ""ל",מוצרי איכות אמריקאים,IL,פיינט נטפליקס וצילד,גרמים,500.00,100 גרם,false,1,23.90,4.7800,true,1,146496
76840100583,false,"גלידת וניל עם בצק עוגיות בן וג'ירי 473 מ""ל",מוצרי איכות אמריקאיי,IL,"גלידה בצק עוגיות 473 מ""ל",מיליליטרים,473.00,"100 מ""ל",false,1,23.90,5.0529,true,1,67021
76840100811,false,בן&גריס פיינט שמנת בטעם ח.בוטנים עם בוטנ,מוצרי איכות אמריקאיי,IL,"גלידה חמאת בוטנים 473 מ""ל",מיליליטרים,473.00,"100 מ""ל",false,1,23.90,5.0529,true,1,91912
76840100989,false,"גלידה בן & גריס שוקולד מרשמלו קרמל ופאדג' 500 מ""ל",בן & ג'ריס,IL,גלידת שוקולד עם מרשמלו קרמל וחתיכות פאדג,מיליליטרים,473.00,"100 מ""ל",false,1,23.90,5.0529,true,1,62071
76840400218,false,"גלידה בן&ג'ריס תות שדה ועוגת גבינה 500מ""ל",מוצרי איכות אמריקאיי,IL,"גלידה עוגת גבינה ותות שדה 473 מ""ל",מיליליטרים,473.00,"100 מ""ל",false,1,23.90,5.0529,true,1,98339
76840620029,false,"גלידה בן&ג'ריס שמנת עם תות 500מ""ל",מוצרי איכות אמריקאיי,IL,"גלידה תות שדה 500 מ""ל",מיליליטרים,500.00,"100 מ""ל",false,1,23.90,4.7800,true,1,9347
77245110610,false,סוכריות מאסט ללא סוכר בטעם מנטה 80 ג'עלית,MIESZKO S.A - MS. JO,PL,סוכריות מאסט מנטה ללא סוכר 80 גרם,גרמים,80.00,100 גרם,false,1,8.90,11.1250,true,1,14248
77343000233,false,נרות חימום 50 יח יצו,"מנורה שי נר בע""מ",IL,נרות חימום אורה 50,יחידה,1.00,יחידה,false,1,12.90,12.9000,true,1,113481
77975010167,false,סניידרס מקלוני חיטה בתוספת דבש 340 גרם,סניידרס Snyder's,US,מקלוני סניידרס חיטה ציה וקינואה 340 גרם,גרמים,340.00,100 גרם,false,1,17.90,5.2647,true,1,117756
77975091975,false,סנדוויץ' בייגלה סניידרס במילוי קרם בטעם פיצה 226.8 גר',ליימן מותגים,US,סניידרס סנדוויץ בייגלה במילוי קרם בטעם,יחידה,1.00,יחידה,false,1,17.90,17.9000,true,1,143111
77975094624,false,"סניידרס סנדוויץ בייגלה במילוי חמאת בוטנים , 226 ג'",סניידרס Snyder's,US,שברי בייגלה סניידרס חמאת בוטנים 283 גרם,גרמים,284.00,100 גרם,false,1,17.90,6.3028,true,1,147456
77975094631,false,סנדביץ בייגלה במילוי קרם בטעם צ'דר 226 גרם סניידרס,סניידרס Snyder's,US,"בייגלה סניידרס סנדביץ גבינה צ""דר 226 גרם",גרמים,226.00,100 גרם,false,1,17.90,7.9204,true,1,147455
77975094761,false,שברי בייגלה סניידרס בטעם צידר 340 גרם,סניידרס Snyder's,US,סניידרס בטעם צדר 340 גרם,גרמים,340.00,100 גרם,false,1,17.90,5.2647,true,1,150013
77975094778,false,שברי בייגלה סניידרס בטעם דבש חרדל 340 גר,סניידרס Snyder's,US,סניידרס דבש חרדל ובצל 340 גרם,גרמים,340.00,100 גרם,false,1,17.90,5.2647,true,1,150425
77975095133,false,שברי בייגלה בטעם פיקנטי 318 ג' סניידרס,סניידרס Snyder's,US,סניידרס שברי בייגלה בטעם פיקנטי 319 גרם,גרמים,319.00,100 גרם,false,1,17.90,5.6113,true,1,157181
77975095157,false,סניידרס שברי בייגלה וחלפיניו 340 גרם,סניידרס Snyder's,US,בייגלה סניידרס חלפיניו 318גרם,גרמים,318.00,100 גרם,false,1,17.90,5.6289,true,1,154989
77975095164,false,שברי בייגלה בטעם פרמז'ן ושום 318 ג' סניידרס,סניידרס,US,סניידרס שברי בייגלה בטעם פרמזן שום 318,גרמים,318.00,100 גרם,false,1,19.90,6.2579,true,1,157180
79927110116,false,יוניק פרצל בייגלה ספ,יוניק פרצל בייקרי,US,יוניק פרצל בייגלה ספליטס אוריגינל 312גרם,גרמים,312.00,100 גרם,false,1,22.90,7.3397,true,1,122599
80432402931,false,"שיבאס וויסקי ריגאל 12 שנה 700 מ""ל",מזקקת האחים שיבאס,GB,"וויסקי סקוטי, שיבאס ריגאל 12 שנה, 700 מ''ל",מיליליטרים,700.00,"100 מ""ל",false,1,139.90,19.9857,true,1,103104
80518532743,false,שקית בלון 50 בלונים,NORTHERN,CN,שקית בלון 50 בלונים,מיליליטרים,0.00,"100 מ""ל",false,1,15.90,0.0000,true,1,9830
85696608044,false,טופו מוצק ללא גלוטן,Morinaga nutritional,US,טופו ללא גלוטן מרינו 340 גרם,גרמים,340.00,100 גרם,false,1,10.90,3.2059,true,1,103323
87000006928,false,"רום קפטן מורגן בלאק 750 מ""ל",אלכוהול (איי.בי.בי),,"קפטן מורגן 700 מ""ל שחור",מיליליטרים,700.00,"100 מ""ל",false,1,114.90,16.4143,true,1,118573
93133737325,false,רוטב טריאקי שומשום עברית 566 גרם,אקזוטיק סאוס,US,מייקי רוטב טריאקי שומשום 566 גרם,מיליליטרים,566.00,"100 מ""ל",false,1,37.90,6.6961,true,1,81401
195480030088,false,שוקולד צמקאו מריר אופנהיימר לאפייה ובישול 300ג',אופנהיימר,IL,בלוק צמקאו חום אופנהיימר 300 גרם,גרמים,300.00,100 גרם,false,1,8.90,2.9667,true,1,124245
305210416383,true,וזלין קרם גוף לגבר 6,"יוניליוור, ג'פרסון ס",US,VASELINE עור הידיים והגוף 600 ML,מיליליטרים,600.00,"100 מ""ל",false,1,27.90,4.6500,true,1,121894
413900010558,false,"רוטב סויה דל מלח 296 מ""ל מהדרין",קיקומן פודז אינק,,"רוטב סויה קיקומן לייט 296 מ""ל",מיליליטרים,296.00,"100 מ""ל",false,1,22.90,7.7365,true,1,4341
613008753290,false,"בקבוק אריזונה אפרסק 450 מ""ל",אריזונה Arizona,BG,אריזונה אפרסק 450 מל,מיליליטרים,450.00,"100 מ""ל",false,1,8.50,1.8889,true,1,125484
613008753320,false,"אריזונה ג'ינסנג ודבש בקבוק 450 מ""ל.",נובה טרייד אל טי די,BG,אריזונה גינסנג ודבש 450 מל,מיליליטרים,450.00,"100 מ""ל",false,1,8.50,1.8889,true,1,125485
613008753382,false,"בקבוק אריזונה אוכמניות 450 מ""ל",לני אנד לארי,BG,אריזונה אוכמניות 450 מל,מיליליטרים,450.00,"100 מ""ל",false,1,8.50,1.8889,true,1,125483
633824111838,false,"וודקה ואן גוך אננס 750 מ""ל",מזקקת קוימאנס טילבור,NL,"וודקה וואן גוך בטעם אננס, 750 מ''ל",מיליליטרים,750.00,"100 מ""ל",false,1,149.90,19.9867,true,1,115430
633824913432,false,"וודקה וואן גוך אסאי בלוברי 750 מ""ל",מזקקת קוימאנס טילבור,NL,"וודקה וואן גוך בטעם אסאי בלוברי, 750 מ''ל",מיליליטרים,750.00,"100 מ""ל",false,1,149.90,19.9867,true,1,95231
644209405923,false,דנקן היינס ציפוי מוקצף וניל 397 גרם פרווה,רוזקםבייקינג קומפני,US,דנקן היינס ציפוי מוקצף וניל 397 גרם,גרמים,397.00,100 גרם,false,1,19.90,5.0126,true,1,123551
644209405930,false,דנקן היינס ציפוי מוקצף שוקולד 397 גרם פרווה,רוזקםבייקינג קומפני,US,דנקן היינס ציפוי מוקצף שוקולד 397 גרם,גרמים,397.00,100 גרם,false,1,19.90,5.0126,true,1,123552
645173911038,false,קורנישון מלפפוןן מיני 720 גרם - תומר,קלמן אינדיה,IN,מלפפון קורנישון תומר 670 גרם,גרמים,670.00,100 גרם,false,1,9.90,1.4776,true,1,114791
645692555935,false,עוגיות מצה עשירה מדליון פפושדו 400 גר',TLV צ'יף,IL,מצה עשירה עוגיות יין לפסח 380 גרם,גרמים,400.00,100 גרם,false,1,10.90,2.7250,true,1,32199
645692555959,false,מצה עשירה פרח קטן 400 ג' פפשודו,TLV צ'יף,IL,מצה עשירה עוגיות יין לפסח 400 גרם,גרמים,400.00,100 גרם,false,1,10.90,2.7250,true,1,51578
645692556024,false,עוגיות יין חצי מצופה,מולינו ניקולי s.p.a,IL,עוגיות יין חצי מצופה 300גר,גרמים,300.00,100 גרם,false,1,10.90,3.6333,true,1,51581
649660432020,false,היל ויו שזיפים מיובשים מגולענים 567 גרם,היליו פאקינג קוסמי א,US,שזיפים מיובשים מגולענים 567 גרם,גרמים,567.00,100 גרם,false,1,31.90,5.6261,true,1,113354
649870160935,false,עצם דחוסה 8 פטסלנד,נאן טונג,CN,עצם דחוסה 8,גרמים,280.00,100 גרם,false,1,29.90,10.6786,true,1,156234
649870160959,false,עצם דחוסה 12בטעמים,נאן טונג,CN,עצם דחוסה 12בטעמים,גרמים,400.00,100 גרם,false,1,29.90,7.4750,true,1,156235
649870165701,false,חטיף נייטיב לכלב סוש,לנגי,CN,חטיף נייטיב לכלב,גרמים,80.00,100 גרם,false,1,14.90,18.6250,true,1,156274
649870165732,false,חטיף נייטיב לכלב קוב,לנגי,CN,חטיף נייטיב לכלב,גרמים,80.00,100 גרם,false,1,14.90,18.6250,true,1,156277
649870166081,false,נייטיב בקר ברוטב לחת,נייטיב,TH,נייטיב בקר ברוטב לחתול 85 גרם,גרמים,85.00,100 גרם,false,1,4.90,5.7647,true,1,156282
651080161510,false,פלקרס פולסר לשיניים צפופות-מנטה 35 יחידו,מיוצר עי קונדיטוריית,CN,"פלקרס קיסם עם חוט, 35 יחידות",יחידה,1.00,יחידה,false,1,11.90,11.9000,true,1,116551
651080647519,false,"פלאקרס ""פלוסר ""חוט דנטלי ירוק -מנטה","פלקרס רנור ארה""ב",US,פלאקרס פלוסר חוט דנטלי ירוק -מנטה,יחידה,1.00,יחידה,false,1,11.90,11.9000,true,1,116552
653694000117,false,רוטב חזרת לחיץ 453 גרם,GALLO,US,רוטב AH חזרת 454 גרם,גרמים,454.00,100 גרם,false,1,21.90,4.8238,true,1,147220
673879000626,false,"קאברד ברידג חטיף תפו""א מלח ים פלפל 170",קאבר ברידג',CA,קאברד ברידג מלח ים ופלפל גרוס ללא גלוטן,גרמים,170.00,100 גרם,false,1,21.90,12.8824,true,1,152557
675684915102,false,"סירופ אגבה אורגני טהור 236 מ""ל",יושלם,,סירופ אגבה אורגני תבואות,Unknown,0.00,Unknown,false,1,26.90,0.0000,true,1,96394
675684915126,false,"סירופ מייפל אורגני A 236 מ""ל",,,סירופ מייפל טהור תבואות,יחידה,1.00,יחידה,false,1,33.90,33.9000,true,1,71267
675684915133,false,"סירופ מייפל אורגני B 236 מ""ל",,,סירופ מייפל טהור,יחידה,1.00,יחידה,false,1,33.90,33.9000,true,1,83815
686412282984,false,נתחי טונה לבנה בשמן זית 220 גרם ORTIZ,אורטיז ORTIZ,ES,טונה לבנה בשמן זית (צנצנת)220 גרם ORTIZ,גרמים,220.00,100 גרם,false,1,41.90,19.0455,true,1,147568
693493102575,true,שרי ארוז יחידות 450,חקלאי,IL,שרי ארוז יחידות 450 גרם,גרמים,450.00,100 גרם,false,1,9.90,2.2000,true,1,147069
693493158657,false,תפוא גורמה,חקלאי,IL,תפוא גורמה,קילוגרמים,1.00,"ק""ג",true,,8.90,8.9000,true,1,156888
698929000395,false,גין מרטין מילרס קלאס,,GB,"גין מרטין מילרס קלאסיק 700 מ""ל",מיליליטרים,700.00,"100 מ""ל",false,1,159.90,22.8429,true,1,142769
721733000739,false,פטרון סילבר טקילה מארז TIN 2016) ) 700,פטרון דיסטרליס,MX,טקילה פטרון סילבר 700 מל,מיליליטרים,700.00,"100 מ""ל",false,1,169.90,24.2714,true,1,141195
728229123590,false,חטיף על בסיס ירקות שורש בטעם טבעי,הונדורס צ'יפס יצור א,HN,טרה חטיף על בסיס ירקות שורש בטעם טבעי 110 גרם,גרמים,110.00,100 גרם,false,1,14.90,13.5455,true,1,36817
728229123613,false,חטיף על בסיס תפוח אדמה כחול בטעם טבעי,היין סלסטיאל גרופ,US,טרה חטיף על בסיס תפוח אדמה כחול בטעם טבעי 110 גרם,גרמים,110.00,100 גרם,false,1,14.90,13.5455,true,1,36818
728229123811,false,חטיף על בסיס ירקות שורש בתיבול ים תיכוני,הונדורס צ'יפס יצור א,HN,טרה ירקות ים תיכוני 110 גרם,גרמים,110.00,100 גרם,false,1,14.90,13.5455,true,1,36819
728229124771,false,חטיף ציפס טרה מבטטה בטעם ברביקיו 110 גרם,היין פיוצ'ור נטורל פ,IN,טרה חטיף על בסיס בטטה בטעם ברביקיו 110 גרם,גרמים,110.00,100 גרם,false,1,14.90,13.5455,true,1,113470
728229130154,false,חטיף ציפס מבטטה וסלק 110 גרם,הונדורס צ'יפס יצור א,HN,טרה חטיף על בסיס בטטה וסלק בטעם טבעי 110 גרם,גרמים,110.00,100 גרם,false,1,14.90,13.5455,true,1,60263
728229130444,false,"חטיף על בסיס ירקות שורש עם בטטה, תפו""א כחול וסלק",היין סלסטיאל גרופ,US,טרה ירק תפוא כחול סלק 110 גרם,גרמים,110.00,100 גרם,false,1,14.90,13.5455,true,1,67755
753656701271,false,סינק חטיף חלבון בטעם בראווני 60 גרם,תינק,US,תינק בטעם בראוניס 60 גרם,גרמים,60.00,100 גרם,false,1,17.90,29.8333,true,1,149002
753656709215,false,סינק חטיף חלבון עוגיות שמנת 60 גרם,תינק,US,תינק בטעם שמנת עוגיות 60 גרם,גרמים,60.00,100 גרם,false,1,17.90,29.8333,true,1,149003
768404001640,false,"גלידה בן&ג'ריס קפה משפחתית 500מ""ל",מוצרי איכות אמריקאיי,IL,"פיינט בטעם קפה בן אנד גרי 500 מ""ל",מיליליטרים,500.00,"100 מ""ל",false,1,23.90,4.7800,true,1,56791
769904000997,false,דגש שקדי מרק ללא גלו,משובח תעשיות מזון,IL,שקדי מרק,גרמים,200.00,100 גרם,false,1,15.90,7.9500,true,1,72672
770009250262,false,שקיות אוכל מנייר 100% טבעי,SOURCE ATLANTIQUE,IL,שקיות אוכל מנייר,לא מנהל יחידת מידה,0.00,לא מנהל יחידת מידה,false,1,22.90,0.0000,true,1,144634
782588945422,false,ערק קורדו לימונים 75,שי חזן 7 ח.ש,IL,"ערק קורדו לימונים 750 מ""ל",מיליליטרים,750.00,"100 מ""ל",false,1,69.90,9.3200,true,1,150961
782588945446,false,ערק קורדו אשכולית אד,שי חזן 7 ח.ש,IL,"ערק קורדו אשכולית אדומה 750 מ""ל",מיליליטרים,750.00,"100 מ""ל",false,1,69.90,9.3200,true,1,150962
782588945453,false,ערק קורדו פסיפלורה 7,שי חזן 7 ח.ש,IL,"ערק קורדו פסיפלורה 750 מ""ל",מיליליטרים,750.00,"100 מ""ל",false,1,59.90,7.9867,true,1,150960
802084124951,false,טבק לנרגילה SOEX אבט,Soex,,טבק לנרגילה SOEX אבטיח,Unknown,0.00,Unknown,false,1,11.90,0.0000,false,1,64556
802084125415,false,טבק לנרגילה דבל אפל,,,טבק לנרגילה דבל אפל,Unknown,0.00,Unknown,false,1,11.90,0.0000,false,1,49930
818570007066,false,1X12X29Mווטקינס וניל טהור,"ג'יי אר ווטקינס בע""מ",US,סידס תמצית מוניל טהור עם פולי וניל ממדגסקר 29 מל,מיליליטרים,29.00,"100 מ""ל",false,1,30.90,106.5517,true,1,117363
835811000297,false,כוסות שתיה חמה 9 אוז 50 יח',אכיף,IL,כוסות שתייה חמה קרטון הנמל 50 יח,יחידה,1.00,יחידה,false,1,16.90,16.9000,true,1,144809
835811001140,false,שומשום הנמל 400 גרם,הנמל אריזות.,IL,שומשום הנמל 400 גרם,לא מנהל יחידת מידה,0.00,לא מנהל יחידת מידה,false,1,11.90,0.0000,true,1,145424
835811001652,false,כוס לשתיה קרה 330 סמק` 40 יח` )בירה(,ווינפאק סחר בעמ,CN,כוס לשתיה קרה 330 סמק 40 יח,מיליליטרים,330.00,"100 מ""ל",false,1,9.90,3.0000,true,1,125669
835811002130,false,מרקיות קרמל 10 יח -,,,מרקיות קרמל 10 יח - זהב,יחידה,0.00,יחידה,false,1,16.90,0.0000,true,1,119120
835811004516,false,"קערה פסים לסלט קטנה עגולה 950 מ""ל 1 יח`",הנג טונג,CN,קערה פסים לסלט קטנה עגולה 950 מל 1 יח`,יחידה,1.00,יחידה,false,1,5.90,5.9000,true,1,125686
835811005322,false,"פחם דרום אמריקאי הנמל 2 ק""ג",BRICAPER,IT,"פחם דרום אמריקאי משובח הנמל 2 ק""ג",קילוגרמים,2.00,"ק""ג",false,1,17.90,8.9500,true,1,96757
835811005407,false,כוסות קפה לדרך עם מכסה ענק הנמל 12יח',"צח ייבוא ושיווק בע""מ",IL,קפה לדרך ענק 12יח  + מכסה  12 או,יחידה,1.00,יחידה,false,1,17.90,17.9000,true,1,82453
835811005421,false,"שיפודים עבים 25 ס""מ 75 יח` הנמל",שוורצקוף& הנקל דיסלד,IN,הנמל שיפודי במבוק עבים 25 סמ 75 יח',Unknown,0.00,Unknown,false,1,4.50,0.0000,true,1,84297
835811005513,false,כוס ויסקי גבוהה 10 י,,,כוסות ויסקי 10 יח,לא מנהל יחידת מידה,0.00,לא מנהל יחידת מידה,false,1,9.90,0.0000,true,1,107384
835811005933,false,מגש הכסף תבנית אלומ` ענק 5 יח`,ווינפאק,,תבנית אלומיניום ענק 5 יחידות,לא מנהל יחידת מידה,0.00,לא מנהל יחידת מידה,false,1,12.90,0.0000,true,1,91790
835811005964,false,מגש הכסף תבנית אלומ` מאורך 20 יח`,ווינפאק,,תבנית אלומיניום אינגליש 20 יחידות,לא מנהל יחידת מידה,0.00,לא מנהל יחידת מידה,false,1,12.90,0.0000,true,1,89902
835811006053,false,הנמל קורנפלור 200 גר,ר.ס חברה ליבוא ויצור,IL,קורנפלור 200 גרם,גרמים,200.00,100 גרם,false,1,3.90,1.9500,true,1,82451
835811006060,false,"כוסות אספרסו קטנות 75 מ""ל",הנמל,,כוסות נייר אספרסו 50 יח,Unknown,0.00,Unknown,false,1,7.90,0.0000,true,1,89086
835811006206,false,כוסות מקנה סוכר טבעי,שוורצקוף& הנקל דיסלד,IL,הנמל כוסות מתכלות 25 יח',Unknown,0.00,Unknown,false,1,12.90,0.0000,true,1,76482
835811006497,false,אבקת סוכר 500 גרם הנמל,ר.ס. חברה ליבוא ויצו,IL,הנמל אבקת סוכר 500 גרם,גרמים,500.00,100 גרם,false,1,7.90,1.5800,true,1,120809
835811006503,false,צלחות מקרטון זהב תחרה קוטר 28 ס''מ 10 יח',,IL,צלחת זהב + תחרה,Unknown,0.00,Unknown,false,1,14.90,0.0000,true,1,95962
835811006527,false,קשיות שתיה למילקשייק 125 יח' הנמל,שיווק: הנמל אריזות ו,IL,הנמל קשיות שתיה למילקשייק 125 יח',Unknown,0.00,Unknown,false,1,9.90,0.0000,true,1,96631
835811007258,false,שעועית לבנה הנמל 500,נארז על ידי: הנמל אר,IL,הנמל שעועית לבנה מקור לחלבון 500 גרם,גרמים,500.00,100 גרם,false,1,8.90,1.7800,true,1,52218
835811007494,false,גלטין טהור מדגים 2 יח` 14 X גר`,ג'ליס פיוניר,IL,"הנמל ג'לטין טהור מדגים 28 גרם, 2 יח'",גרמים,28.00,100 גרם,false,1,11.90,42.5000,true,1,23772
835811008132,false,כריות מתכת בגליל 6יח,שוורצקוף& הנקל דיסלד,CN,הנמל ספוגי מתכת בגליל 6 יח',לא מנהל יחידת מידה,0.00,לא מנהל יחידת מידה,false,1,9.90,0.0000,true,1,52182
835811008347,false,גפרור ארוך מאוד להבי,הנמל,SE,גפרור ארוך מאוד להבית,לא מנהל יחידת מידה,0.00,לא מנהל יחידת מידה,false,1,7.90,0.0000,true,1,40996
835811008699,false,כפות שקוף/קרם עבה במיוחד הנמל 50 יח,"גרנג יוניברס , הונג",TR,"כפות עבות במיוחד 50 יח """,Unknown,0.00,Unknown,false,1,16.90,0.0000,true,1,82735
835811008941,false,סכינים 50 יח שקוף/קרם עבה במיוחד,"איטיליאן פוד, אס.פי.",TR,הנמל סכינים 50 יחידות,יחידה,1.00,יחידה,false,1,16.90,16.9000,true,1,49464
835811008958,false,כפיות 50 יח שקוף/קרם עבה במיוחד,"גרנג יוניברס , הונג",TR,"כפיות עבה במיוחד 50 יח """,יחידה,1.00,יחידה,false,1,16.90,16.9000,true,1,49465
835811008996,false,"כוסות חד פעמי קרטון 295 מ""ל",הנמל,CN,כוסות נייר שתיה חמה 10 אונז 50 יח,יחידה,1.00,יחידה,false,1,23.90,23.9000,true,1,53063
835811009016,false,כוסות קרטון 50 יח 4 OZ,הנמל,CN,"כוסות מקרטון 50 יח """,Unknown,0.00,Unknown,false,1,10.90,0.0000,true,1,53050
835811009030,false,כפיות 100 לבן חדש PP,,,כפיות לבן 100 יח,Unknown,0.00,Unknown,false,1,11.90,0.0000,true,1,98631
835811009047,false,כפות 100 לבן חדש PP,שיווק: הנמל אריזות ו,CN,הנמל כפות לבנות 100 יח',Unknown,0.00,Unknown,false,1,11.90,0.0000,true,1,98632
835811009061,false,מזלגות לבן 100 יחידו,"איטיליאן פוד, אס.פי.",IL,הנמל מזלגות לבנות 100 יח',Unknown,0.00,Unknown,false,1,11.90,0.0000,true,1,98633
835811009184,false,"צלחות אלגנט ענק ח""פ הנמל 18 יח '",בי רייט,CN,צלחות אלגנט 10 ענק 18 יח`,Unknown,0.00,Unknown,false,1,54.90,0.0000,true,1,49593
835811009191,false,"צלחות אלגנט בינוני ח""פ הנמל 18 יח'",בי רייט,CN,צלחות אלגנט 9 בינוני 18 יח`,Unknown,0.00,Unknown,false,1,47.90,0.0000,true,1,49592
835811009368,false,מרקיות צבע 25 יח` מעורב,הנמל,CN,"מרקיה צבעוני 25 יח """,Unknown,0.00,Unknown,false,1,10.90,0.0000,true,1,75907
835811009689,false,כוסות צבע מעורב 50 יח`,הנמל אריזות.,,"כוסות צבעוני קשיח 50 יח """,יחידה,1.00,יחידה,false,1,15.90,15.9000,true,1,56038
835811009795,false,כוס מרובעת 20יח 10 OZ פס כסף זהב,בי רייט,CN,כוס מרובעת 20יח 10 OZ פס כסף זהב,Unknown,0.00,Unknown,false,1,19.90,0.0000,true,1,49192
839762002379,false,משקה נקטר מנגו איילנד 350מל,"פאראגאלה,דה אג'יפשן",EG,"איילנד מנגו 350 מ""ל",מיליליטרים,350.00,"100 מ""ל",false,1,6.90,1.9714,true,1,66627
840048206794,false,גול טבק וניל 18 מג G,,CN,גול טבק וניל 18 מג G2 שמינייה,יחידה,1.00,יחידה,false,1,50.00,50.0000,true,1,143850
840048206817,false,גול טבק 18 מג G2 שמי,,CN,גול טבק 18 מג G2 שמינייה,יחידה,1.00,יחידה,false,1,50.00,50.0000,true,1,143847
842387000736,false,מטען רכב לגלקסי פרמי,,,מטען רכב לגלקסי פרמיום 2A,יחידה,1.00,יחידה,false,1,39.90,39.9000,true,1,143239
851621000050,false,בירה חיטה בטעם הדרים 1664 בלאנק - שישייה,קרלסברג ספליי קומפאנ,PL,"שישיית 1664 Blanc בק 330 מ""ל",ליטרים,1.98,ליטר,false,1,59.90,30.2525,true,1,146783
852629004750,false,רביעיית נקניקיות חרי,תאי פרזידנט פוד פאבל,US,רביעיית נקניקיות חריפות ביונד מיט 400 גרם,גרמים,400.00,100 גרם,false,1,44.90,11.2250,true,1,152579
852629004774,false,נקניקיות ביונד מיט רביעייה 400 גר,תאי פרזידנט פוד פאבל,US,רביעיית נקניקיות ביונד מיט4000 גרם,גרמים,400.00,100 גרם,false,1,44.90,11.2250,true,1,152578
853152100414,false,פרו בר חטיף חלבון בטעם בצק עוגיות,פרובאר,US,פרו בר בטעם בצק עוגיות 70 גרם,גרמים,70.00,100 גרם,false,1,17.90,25.5714,true,1,149004
856591000055,true,עוגיות עבאדי קריספי,קריניציה ויטמינה אס,IL,"עבאדי עוגיות מזרחיות קריספי, 400 גרם",Unknown,0.00,Unknown,false,1,19.90,0.0000,true,1,125553
856591000062,false,עבאדי עוגיות מזרחיות מלח 400 גרם,מאפיית יוסף ושמחה עב,IL,מזרח. מלח 400ג 856591000062,גרמים,400.00,100 גרם,false,1,19.90,4.9750,true,1,22258
856591000109,false,עבאדי עוגיות מזרחיות פריך במיוחד 400 גרם,מאפיית יוסף ושמחה עב,IL,עבאדי עוגיות מזרחיות פריך במיוחד 400 גרם,גרמים,400.00,100 גרם,false,1,19.90,4.9750,true,1,64703
856591000512,false,עבאדי עוגיות מזרחיות מקלות לניגוב 400 גר,מאפיית יוסף ושמחה עב,IL,עבאדי עוגיות מזרחיות מקלונים פריכים 400 גרם,גרמים,400.00,100 גרם,false,1,19.90,4.9750,true,1,64704
859547004329,false,ספוג ניקוי צבעוני סקראב דדי Scrub Daddy,סקארקיסט,US,ספוג סקראב דדי,יחידה,1.00,יחידה,false,1,16.90,16.9000,true,1,155215
859547004466,false,קירצוף וספוג ניקוי SCRUB DADDY,סקארקיסט,US,סקראב מאמי ספוג ניקוי דו צדדי,יחידה,1.00,יחידה,false,1,16.90,16.9000,true,1,155216
884912102102,false,דגני בוקר פוסט סלקט אוכמניות 382 גר,הנסיך- מפעל לייצור ט,US,דגני בוקר עם שקדים ואוכמניות,גרמים,382.00,100 גרם,false,1,27.90,7.3037,true,1,127824
884912116505,false,דגני בננה נאט קראנץ' Banana Nut Crunch,פוסט ארצות הברית,US,דגני פוסט גרייט גריינס בננה נאט 439 גרם,גרמים,439.00,100 גרם,false,1,27.90,6.3554,true,1,113741
884912117625,false,דגני שלווה מצופים בדבש Golden Crisp,הנסיך- מפעל לייצור ט,US,חטיף חיטה ממותק,גרמים,418.00,100 גרם,false,1,22.90,5.4785,true,1,146836
884912126115,false,דגני סלקט גרייט גריינס 454 גרם פוסט,הנסיך- מפעל לייצור ט,US,דגני פוסט גרייט גריינס צימוקים 453 גרם,גרמים,453.00,100 גרם,false,1,27.90,6.1589,true,1,69527
884912359155,false,דגני בוקר האני באנצס רוסטד 340 ג' POST,פוסט ארצות הברית,US,POST האני באנצ רוסטד 340 גרם,גרמים,411.00,100 גרם,false,1,22.90,5.5718,true,1,155127
884912359162,false,דגני בוקר האני באנצס שקדים 340 ג' POST,פוסט ארצות הברית,US,POST האני באנצ אלמונד 340 גרם,גרמים,411.00,100 גרם,false,1,22.90,5.5718,true,1,155126
884912359421,false,דגני בוקר האני באנצס פקאן ומייפל 340 ג' POST,פוסט ארצות הברית,US,דגני פוסט האני באנצ פקאן 411 גרם,גרמים,411.00,100 גרם,false,1,22.90,5.5718,true,1,155128
884912365200,false,דגני בוקר אוראו 311 גרם מתכון חדש,פוסט ארצות הברית,US,דגני בוקר אוראו 311גרם,גרמים,311.00,100 גרם,false,1,22.90,7.3633,true,1,157064
884912365217,false,דגני בוקר אוראו הדור הבא 311 גר,פוסט ארצות הברית,US,דגני בוקר אוראו 311גרם,גרמים,311.00,100 גרם,false,1,22.90,7.3633,true,1,149605
1000201100409,false,6 גומיות שחורות בבלי,אימפופיקס,,מארז 6 גומיות שחורות בבליסטר,יחידה,1.00,יחידה,false,1,9.90,9.9000,true,1,89960
1230000068116,false,המבורגר ביונד מיט מא,תאי פרזידנט פוד פאבל,US,המבורגר ביונד מיט זוג 226גרם,גרמים,226.00,100 גרם,false,1,34.90,15.4425,true,1,152576
3014260214692,false,"ג'ילט ג'ל גילוח סירייס רגיש - 200 מ""ל",פרוקטר אנד גמבל,GB,גל גילוח גילט סירייס לעור רגיש ירוק 200,מיליליטרים,20000.00,"100 מ""ל",false,1,13.90,0.0695,true,1,38346
3014260262693,false,ונוס מכשיר גילוח נשים+ 2 סכיני גילוח+מתק,פרוקטר אנד גמבל,PL,מכשיר גילוח ונוס+ 2 סכינים,קילוגרמים,0.00,"ק""ג",false,1,33.90,0.0000,true,1,57202
3014260262709,false,סכיני גילוח לאישה 3 להבים,ג'ילט ונוס Gillette Venus,DE,סכיני גילוח ג'ילט ונוס לנשים 4 יחידות,יחידה,1.00,יחידה,false,1,44.90,44.9000,true,1,2656
3014260289287,false,סכין גילוח גילט בלו 2 לנשים-חמישייה,פרוקטר אנד גמבל,RU,ג'ילט סכיני בלו 2 לנשים חמישייה,יחידה,1.00,יחידה,false,1,14.90,14.9000,true,1,74665
3045206312257,false,דזיטול מגבונים לחיטוי כללי 36 יחידות,יעקבי - דזיטול Desytol,ES,דזיטול מגבונים מחטא ומשמיד חיידקים לכל משטח,יחידה,1.00,יחידה,false,1,12.90,12.9000,true,1,118111
3046920010801,false,שוקולד מריר אקסלנס עם אגוזי לוז,לינדט ושפרונגלי אס.א,FR,שוקולד לינדט אקסלנס הזלנט 100 גרם,גרמים,100.00,100 גרם,false,1,14.90,14.9000,true,1,116202
3046920027281,false,שוקולד מריר אקסלנס במילוי קרמל ומלח ים,לינדט ושפרונגלי,FR,שוקולד לינדט אקסלנס קרמלסולט 100 גרם,גרמים,100.00,100 גרם,false,1,14.90,14.9000,true,1,110009
3046920028004,false,לינדט שוקולד אקסלנס מריר 70% 100 גר,לינדט ושפרונגלי,FR,לינדט אקסלנס 70% שוקולד מריר 100 גר,גרמים,100.00,100 גרם,false,1,14.90,14.9000,true,1,2741
3046920028721,false,שוקולד מריר אקסלנס 99%,לינדט ושפרונגלי,FR,שוקולד לינדט אקסלנס 99% 50 גרם,גרמים,50.00,100 גרם,false,1,14.90,29.8000,true,1,115282
3046920028752,false,לינדט אקסלנס מינט 100 גרם,לינדט ושפרונגלי,FR,לינדט אקסלנס שוקולד מריר שוויצרי עם מלח ים 100 גרם,גרמים,100.00,100 גרם,false,1,14.90,14.9000,true,1,45931
3046920029674,false,שוקולד מריר אקסלנס עם מלח ים,לינדט ושפרונגלי,DE,לינדט אקסלנס שוקולד מריר עם נגיעות מלח ים 100 גרם,גרמים,100.00,100 גרם,false,1,14.90,14.9000,true,1,56769
3046920029759,false,שוקולד מריר אקסלנס 90% קקאו,לינדט ושפרונגלי ג'י.,DE,שוקולד לינדט אקסלנס 90% 100 גרם,גרמים,100.00,100 גרם,false,1,14.90,14.9000,true,1,110007
3066083735441,false,ליסטרין קול מינט 250,גונסון,US,"ליסטרין קול מינט 250 מ""ל",מיליליטרים,250.00,"100 מ""ל",false,1,9.90,3.9600,true,1,153743
3067140243114,true,תחליף קפה לרו קרמל,מוטקה החולב,FR,תחליף קפה ציקוריה על בסיס עולש קרמל 100 גרם,Unknown,0.00,Unknown,false,1,26.90,0.0000,true,1,137274
3073781161663,false,גבינה מותכת 18.5% שומן לה וואש קירי,לה וואש קירי La Vache qui rit,FR,גבינת לבש קירי כשר128 גר,גרמים,128.00,100 גרם,false,1,13.90,10.8594,true,1,151297
3073781161687,false,גבינה לוואש קירי כשר,פרומאג'רי בל דום סאם,FR,כשר גבינת לבש קירי כשר 256 גר,גרמים,256.00,100 גרם,false,1,25.90,10.1172,true,1,151298
3073781162790,false,גבינת בייבי בל אדם 1,מחלבות בל,FR,גבינת בייבי בל אדום 120 גרם,גרמים,120.00,100 גרם,false,1,22.90,19.0833,true,1,154708
3073781177220,false,גבינת בייבי בל רול 1,מחלבות בל,FR,בייבי בל ספיירול 85גרם,גרמים,85.00,100 גרם,false,1,22.90,26.9412,true,1,156164
3120581456267,false,יין שבלי מ.דה ליני ל,מ.דה ליני,FR,"יין שבלי מ.דה ליני לבן יבש 750 מ""ל",מיליליטרים,750.00,"100 מ""ל",false,1,99.90,13.3200,true,1,148409
3120581458490,false,יין רוזה יבש שאטו טר,שאטו בלוו,FR,"שאטו טרבון רוזה יבש 750 מ""ל",מיליליטרים,750.00,"100 מ""ל",false,1,89.90,11.9867,true,1,154767
3120581458759,false,יין שרדונה מ.דה ליני,,FR,"יין מ דה ליני בורגונדי שרדונה 750 מ""ל",מיליליטרים,750.00,"100 מ""ל",false,1,79.90,10.6533,true,1,154764
3141360054405,false,פיניש מפיץ ריח למדיח בניחוח לימון וליים,הדקלאים אגודת שיתופי,HU,מפיץ ריח למדיח לימון פיניש,לא מנהל יחידת מידה,0.00,לא מנהל יחידת מידה,false,1,16.90,0.0000,true,1,122168
3161911229199,false,חמאה רכה אלוויר 250 גרם,אלל אה וויר,FR,חמאה רכה אלוויר 250 גרם,גרמים,250.00,100 גרם,false,1,22.90,9.1600,true,1,2885
3161911366429,false,אלוויר חמאה רכה מלוחה 250 גר,ארזינא,FR,חמאה רכה מלוחה אלוויר 250 גרם,גרמים,250.00,100 גרם,false,1,22.90,9.1600,true,1,2887
3161911393210,false,אלוויר חמאה נורמנדי מלוחה 200 גרם,אלוויר,FR,חמאת אלוויר עם מלח 200גרם,גרמים,200.00,100 גרם,false,1,17.90,8.9500,true,1,154773
3175460000017,false,גבינת בורסאן שום ועשבי תיבול 150 גר,השחר,FR,גבינה בורסאן שום 150 גרם,גרמים,150.00,100 גרם,false,1,22.90,15.2667,true,1,46213
3175460000062,false,גבינת בורסאן פלפל שחור 150 גרם,השחר,FR,גבינה בורסאן פלפל 150 גרם,גרמים,150.00,100 גרם,false,1,22.90,15.2667,true,1,32800
3175460000864,false,גבינת בורסאן טבעי 150 גר,"בל,",FR,גבינה בורסאן טבעי 150 גרם,גרמים,150.00,100 גרם,false,1,22.90,15.2667,true,1,124465
3175460030083,false,גבינת בורסאן בצל ועירית 150 גר,השחר,FR,גבינה בורסאן בצל עירית 150 גרם,גרמים,150.00,100 גרם,false,1,22.90,15.2667,true,1,21791
3178530402353,false,מיני מדליינס סאן מישל 175 גרם,סאן מישל,FR,מיני מדלן 175גרם,גרמים,175.00,100 גרם,false,1,12.90,7.3714,true,1,155169
3178530407938,false,עוגיות מיני מדלן שוקולד 175 גרם,סאן מישל,FR,מיני מדלן עם פצפוצי שוקולד 175גרם,גרמים,175.00,100 גרם,false,1,13.90,7.9429,true,1,155171
3228022910023,false,חמאת צרפתית פרזידנט 200 גרם,סוסייטה בארייר דה אי,FR,פרזידנט חמאה 200 גרם,גרמים,200.00,100 גרם,false,1,15.50,7.7500,true,1,3001
3254550033217,false,סנט מור גבינת ברי מר,אף.סי תבליני בגליל ב,FR,ברי איסני 220 גרם,גרמים,220.00,100 גרם,false,1,34.90,15.8636,true,1,125655
3254550033279,false,גבינת קממבר איסיני 2,איסיני סנט מור,FR,קממבר איסני 250 גרם,גרמים,250.00,100 גרם,false,1,36.90,14.7600,true,1,125654
3272770003148,false,שברו עיזים טבעי 150 גר,מיוצר עי קונדיטוריית,FR,שברו טבעי 150 גרם,גרמים,150.00,100 גרם,false,1,25.90,17.2667,true,1,3072
3278480396310,false,"קוניאק VS גודה 700 מ""ל","יורוסטדנרט בע""מ",FR,גודט קוניאק גודה VS 700 מל,מיליליטרים,700.00,"100 מ""ל",false,1,104.90,14.9857,true,1,145520
3328640121976,false,"ויסקי היילנד קווין בלנדד 700 מ""ל",פונט סלאם וולנסיה,ES,ויסקי היילנד קווין בלנדד 0.7,יחידה,1.00,יחידה,false,1,86.90,86.9000,true,1,143856
3387390320244,false,פיטנס Fitness דגנים מלאים עם פירות,נסטלה צרפת איטנקורט,FR,דגני פיטנס פירות 375 גרם,גרמים,375.00,100 גרם,false,1,21.90,5.8400,true,1,28301
3387390525960,false,קראנץ' דגנים פריכים עם שוקולד 500 גרם,הנסיך- מפעל לייצור ט,FR,דגני קראנץ נסטלה 500 גרם,גרמים,500.00,100 גרם,false,1,26.90,5.3800,true,1,50545
3387390730852,false,פיטנס Fitness קלאסי דגנים מלאים ואורז,נסטלה צרפת איטנקורט,FR,דגני פיטנס 375 גרם,גרמים,375.00,100 גרם,false,1,21.90,5.8400,true,1,28302
3415581114126,false,גלידה האגן דאז קרמל מלוח 430 גרם,האגן-דאז,FR,"גלידת שמנת קרמל מתוק מלוח 500 מ""ל",מיליליטרים,500.00,"100 מ""ל",false,1,22.90,4.5800,true,1,98019
3451492750190,false,יין שאבלי קווה אמאנד,"איי, בי, אינבוו",FR,שבלי יין לבן יבש 750 מל,מיליליטרים,750.00,"100 מ""ל",false,1,99.90,13.3200,true,1,148862
3500610150500,false,יין בורדו שאטו הוט פ,,FR,"שאטו הו פורה מרלו 750 מ""ל",מיליליטרים,750.00,"100 מ""ל",false,1,79.90,10.6533,true,1,154765
3500610150517,false,יין שאטו טימברליי בו,שאטו בלוו,FR,"שאטו טימברליי בורדו 750 מ""ל",מיליליטרים,750.00,"100 מ""ל",false,1,89.90,11.9867,true,1,154766
3500610150524,false,שאטו הו פוטו סובינ.ב,שאטו בלוו,FR,"שאטו הו פוטו סובינ.בלאן 750 מ""ל",מיליליטרים,750.00,"100 מ""ל",false,1,89.90,11.9867,true,1,154768
3523230025638,false,מיני בושה עיזים טבעי 125 גר,אוריאל,FR,גבינת בושה עיזים טבעית 125 גרם,גרמים,125.00,100 גרם,false,1,24.90,19.9200,true,1,81077
3523230025652,true,בושה עיזים שום 125 ג,אוריאל,FR,בושה עיזים שום 125 גרם נני,גרמים,125.00,100 גרם,false,1,24.90,19.9200,true,1,125633
3523230026826,false,גבינה עיזים למריחה פירמידה 140 גר,אוריאל,FR,גבינת עיזים פרימדה סואניון 140 גרם,גרמים,140.00,100 גרם,false,1,26.90,19.2143,true,1,125658
3523230026888,false,גב עיזים למריחה שום ועשבי תיבול פירמידה,סואניון SOIGNON,FR,גבינת עיזים שום פרימדה סואניון 140 גרם,גרמים,140.00,100 גרם,false,1,26.90,19.2143,true,1,120577
3523230032278,false,גבינת עיזים למריחה 150 גרם,אוריאל,FR,גבינת עיזים למריחה 150 גרם,גרמים,150.00,100 גרם,false,1,25.90,17.2667,true,1,147060
3523230038959,false,גבינת עיזים מיני בוש,אוריאל,FR,בושה מפוחם של נני 125 גרם,גרמים,125.00,100 גרם,false,1,25.90,20.7200,true,1,145188
3523230045827,false,סנט מור חלב עיזים 160 גר,אוריאל,FR,סנט מור 160 גרם,גרמים,160.00,100 גרם,false,1,27.90,17.4375,true,1,125656
3574660057706,false,"שמן תינוקות ג'ונסון 300 מ""ל",גונסון,IT,גונסון שמן תינוקות 300 מל,ליטרים,300.00,ליטר,false,1,12.90,0.0430,true,1,155318
3574660089547,false,או-בה טמפונים קלאסי נורמל 32יח',ג'ונסון אנד ג'ונסון,GR,טמפוני O.B קלאסי נורמל 32 יח,יחידה,1.00,יחידה,false,1,24.90,24.9000,true,1,43078
3574660115154,false,או-בה טמפונים קלאסי סופר 32יח',ג'ונסון אנד ג'ונסון,GR,טמפוני O.B סופר 32 יח,יחידה,1.00,יחידה,false,1,24.90,24.9000,true,1,43080
3574660333466,false,או-בה טמפונים פרוקומפורט מיני 32 יח',הנסיך- מפעל לייצור ט,DE,אובה מיני טמפונים ללא מוליך 32 יחידות,ליטרים,0.00,ליטר,false,1,24.90,0.0000,true,1,81147
3574660464337,false,מגני תחתון קרפרי נורמל אוורירי מבושם,ג'ונסון אנד ג'ונסון,IT,קרפרי מגן תחתון אוורירי מבושם,יחידה,1.00,יחידה,false,1,19.90,19.9000,true,1,69943
3574660649895,false,ליסטרין מי פה זירו מ,גונסון אנד גונסון,,"ליסטרין מי פה זירו מעודן 500 מ""ל",מיליליטרים,500.00,"100 מ""ל",false,1,17.90,3.5800,true,1,113996
3574661141022,true,וניה מקסי לילה 12 יח,,,וניה מקסי לילה 12 יח,Unknown,0.00,Unknown,false,1,24.90,0.0000,true,1,128100
3574661299709,false,"ג'ונסון שמפו טיפות של ברק 750 מ""ל",גונסון אנד גונסון,,"שמפו טיפות של ברק גונסונס 750 מ""ל",מיליליטרים,750.00,"100 מ""ל",false,1,22.90,3.0533,true,1,116204
3574661329765,false,גונסונס בייבי מרכך טיפות של ברק,גונסון אנד גונסון,,"מרכך טיפות של ברק גונסונס 500 מ""ל",מיליליטרים,500.00,"100 מ""ל",false,1,21.90,4.3800,true,1,116205
3574661425696,true,גונסונס בייבי תחליב,CILAG GMBH INTERNATI,IT,גונסונס בייבי תחליב 500 חדש,Unknown,0.00,Unknown,false,1,26.90,0.0000,true,1,125898
3574661487328,false,קרפרי מגני תחתון אורגינל פלוס 56 יח',הדקלאים אגודת שיתופי,IT,קרפרי מגן תחתון רגיל 56 יח,יחידה,1.00,יחידה,false,1,19.90,19.9000,true,1,142944
3574661487618,false,קרפרי מגן תחתון מקסי לארג'' מבושם 48 יח'',ג'ויה מעבדות לקוסמטי,IT,קרפרי מגן תחתון מקסי מבושם 48 יח,יחידה,1.00,יחידה,false,1,19.90,19.9000,true,1,142946
3574661487625,false,מגני תחתון פלוס לארג' בניחוח עדין L,הדקלאים אגודת שיתופי,IT,קרפרי מגן תחתון מקסי לארג 48 יח,יחידה,1.00,יחידה,false,1,19.90,19.9000,true,1,142945
3574661500355,false,קרפרי מגן תחתון מקסי לונג רגיל 40 יח',ג'ויה מעבדות לקוסמטי,IT,קרפרי מקסי לונג רגיל 40 יח,יחידה,1.00,יחידה,false,1,19.90,19.9000,true,1,142947
3574661552576,false,קרפרי מגן תחתון רגיל טנגה לבן 56 יח חדש,הדקלאים אגודת שיתופי,GR,קרפרי מגן תחתון אוורירי טנגה 58 יחידות,יחידה,1.00,יחידה,false,1,19.90,19.9000,true,1,145525
3574661552804,false,קרפרי מגן תחתון אלוורה 56 יח',הדקלאים אגודת שיתופי,IT,קרפרי מגן תחתון אלוורה קרפרי 58 יחידות,יחידה,1.00,יחידה,false,1,19.90,19.9000,true,1,147421
3574661552811,false,קרפרי מגן תחתון כותנה נטול ריח 56 יח,הדקלאים אגודת שיתופי,GR,קארפריי מגן תחתון כותנה 58 יח',יחידה,1.00,יחידה,false,1,19.90,19.9000,true,1,146383
3574661554877,false,קרפרי מגן תחתון כותנה מבושם 56 יח,הנסיך- מפעל לייצור ט,GR,קרפרי מגן תחתון אוורירי מבושם 58 יח,יחידה,1.00,יחידה,false,1,19.90,19.9000,true,1,145524
3574661554884,false,קרפרי מגן תחתון רגיל טנגה מבושם 56 יח,הדקלאים אגודת שיתופי,IT,מגן תחתון אוורירי מבושם טנגה 58 יחידות,לא מנהל יחידת מידה,7.50,לא מנהל יחידת מידה,false,1,19.90,2.6533,true,1,146863
3574669907767,true,גונסונס בייבי שמפו ק,CILAG GMBH INTERNATI,IT,גונסונס בייבי שמפו קמומיל 750 מל חדש,Unknown,0.00,Unknown,false,1,19.90,0.0000,true,1,125900
3574669908481,true,גונסונס בייבי אל סבו,CILAG GMBH INTERNATI,IT,גונסונס בייבי אל סבון אמבט 750 מל חדש,Unknown,0.00,Unknown,false,1,19.90,0.0000,true,1,125902
3574669909204,false,גונסונס בייבי שמן לתינוק 300 מל,ג'ונסונס Johnson's,IT,גונסונס בייבי שמן 300 מל חדש,מיליליטרים,300.00,"100 מ""ל",false,1,19.90,6.6333,true,1,125678
3574669909822,true,גונסונס ספריי קשרים,CILAG GMBH INTERNATI,IT,גונסונס ספריי קשרים טיפות של ברק 200 חדש,Unknown,0.00,Unknown,false,1,16.90,0.0000,true,1,125905
3600522344070,false,לוריאל - אלביב מסכה קולור פרוטקט 300,אלביב לוריאל,FR,אלביב מסיכה לשיער צבוע 300 מל,מיליליטרים,300.00,"100 מ""ל",false,1,25.90,8.6333,true,1,154533
3600522550129,false,קרם אנטי-אייג'ינג יום אייג' ספשיאליסט +45,לוריאל Loreal,DE,אייג ספשיאליסט קרם יום +45,לא מנהל יחידת מידה,0.00,לא מנהל יחידת מידה,false,1,59.90,0.0000,true,1,125583
3600522550204,false,קרם אנטי-אייג'ינג יום אייג' ספשיאליסט +55,לוריאל Loreal,DE,קרם יום אייג ספשיאליסט 55+ 50 מל,מיליליטרים,100.00,"100 מ""ל",false,1,59.90,59.9000,true,1,154534
3600523642489,false,מסכת הזנה אינטנסיבית 6 שמנים לשיער יבש,לוריאל - אלביב Elvive,DE,אלביב מסכה 300 מל 6 שמנים,מיליליטרים,300.00,"100 מ""ל",false,1,25.90,8.6333,true,1,125751
3600523652242,false,"לוריאל - אלביב שמפו קולור פרוטקט 550 מ""ל",לוריאל - אלביב Elvive,TR,אלביב שמפו קולור פרוטקט,יחידה,1.00,יחידה,false,1,16.90,16.9000,true,1,149145
3600523652259,false,"לוריאל - אלביב מרכך קולור פרוטקט 550 מ""ל",לוריאל,TR,לוריאל אלביב מרכך קולור פרוטקט 550 מל,מיליליטרים,550.00,"100 מ""ל",false,1,16.90,3.0727,true,1,125587
3600523652297,false,"מרכך לשיער אלביב זהב 6 שמנים , 550 מ""ל",לוריאל - אלביב Elvive,TR,אלביב מרכך 6 שמנים,יחידה,1.00,יחידה,false,1,16.90,16.9000,true,1,149157
3600523782567,false,"לוריאל - אלביב שמפו דרים לונג 500 מ""ל",לוריאל - אלביב Elvive,FR,אלביב שמפו דרים לום,יחידה,1.00,יחידה,false,1,16.90,16.9000,true,1,149152
3600523782574,false,לוריאל - אלביב מסכה דרים לונג 300,לוריאל - אלביב Elvive,DE,אלביב דרים לונג מסכה לשיער ארוך ופגום 30,מיליליטרים,300.00,"100 מ""ל",false,1,25.90,8.6333,true,1,154535
3600523782581,true,מרכך דרים לונג אלביב,,,מרכך דרים לונג אלביב,יחידה,1.00,יחידה,false,1,16.90,16.9000,true,1,151726
3607345264356,true,דאו לגבר פיוזן דינמי,מיוצר עי קונדיטוריית,PL,150 מל דאודורנט ספריי לגבר דינמיק פולס אדידס,Unknown,0.00,Unknown,false,1,19.90,0.0000,true,1,128121
3661163970448,false,"אדידס דאודורנט ספריי מקס פרש לגברים 200 מ""ל",מיוצר עי קונדיטוריית,PT,200 מל דאודורנט ספריי דריי פאוור לגבר פרש,מיליליטרים,200.00,"100 מ""ל",false,1,19.90,9.9500,true,1,65778
3661163991344,false,"אדידס דאודורנט ספריי מקס פרו-קליר לאישה 150 מ""ל",מיוצר עי קונדיטוריית,PT,"ספריי נשים דרי מקס פרו קליר 150 מ""ל",מיליליטרים,150.00,"100 מ""ל",false,1,19.90,13.2667,true,1,82836
3661163991580,false,"אדידס - דאודורנט ספריי לאישה קול אנד קר 6 ב-1 150 מ""ל",מיוצר עי קונדיטוריית,PT,אדידס דאודורנט ספריי לאישה 6 ב-1 150 מל,מיליליטרים,200.00,"100 מ""ל",false,1,19.90,9.9500,true,1,65782
3838824127149,true,פאלטה סמי קיט 1-1 שח,הנקל,DE,פאלטה סמי קיט 1-1 שחור כחול,יחידה,1.00,יחידה,false,1,22.90,22.9000,true,1,90888
3838824127163,false,צבע לשיער פאלטה בלונד כסוף 1-10,שוורצקופף והנקל,DE,פאלטה סמי קיט 10-1 בלונד כסוף,יחידה,1.00,יחידה,false,1,22.90,22.9000,true,1,47292
3838824127200,true,פאלטה סמי קיט 3-0 חו,הנקל,DE,פאלטה סמי קיט 3-0 חום כהה,יחידה,1.00,יחידה,false,1,22.90,22.9000,true,1,47293
3838824127224,true,פאלטה סמי קיט חום בי,הנקל,DE,פאלטה סמי קיט חום בינוני 4-0 צבע שיער,יחידה,1.00,יחידה,false,1,22.90,22.9000,true,1,47294
3838824193915,true,פאלטה סמי קיט 1-0 שח,הנקל,DE,פאלטה סמי קיט 1-0 שחור,יחידה,1.00,יחידה,false,1,22.90,22.9000,true,1,60383
4000417019004,false,שוקולד חלב עם אגוזי לוז שלמים,ריטר ספורט Ritter sport,DE,ריטר ספורט שוקולד חלב עם אגוזי לוז שלמים,גרמים,100.00,100 גרם,false,1,11.20,11.2000,true,1,83027
4000417022004,false,שוקולד ריטר ספורט צימוק אגוז 100 גרם חלב נוכרי,ריטר ספורט Ritter sport,DE,שוקולד ריטר ספורט חלב צימוק אגוזים 100 ג,גרמים,100.00,100 גרם,false,1,11.20,11.2000,true,1,83028
4000417023001,false,שוקולד ריטר ספורט שקדים חלב 100גר,ריטר ספורט Ritter sport,DE,ריטר ספורט שוקולד חלב מעולה עם שקדים שלמים,גרמים,100.00,100 גרם,false,1,11.90,11.9000,true,1,83029
4000417025005,false,שוקולד ריטר ספורט מרציפן 100 גרם חלב נוכרי,ריטר ספורט Ritter sport,DE,ריטר ספורט שוקולד מריר ממולא מרציפן,גרמים,100.00,100 גרם,false,1,11.20,11.2000,true,1,83030
4000417026002,false,שוקולד ריטר ספורט פרלין 100 גרם חלב נוכרי,ריטר ספורט Ritter sport,DE,שוקולד ריטר ספורט נוגט פרלין 100 גרם,גרמים,100.00,100 גרם,false,1,11.20,11.2000,true,1,83031
4000417101211,false,גלילי וופל עם קרם אגוזי לוז בציפוי שוקולד חלב,אמיצ'לי Amicelli,AT,אמיצלי גלילי וופל 150 גרם,גרמים,150.00,100 גרם,false,1,17.90,11.9333,true,1,154046
4000417211002,false,שוקולד ריטר ספורט מוס קרמל 100 גרם חלב נוכרי,ריטר ספורט Ritter sport,DE,שוקולד ריטר ספורט מוס קרמל ושברי שקדים,גרמים,100.00,100 גרם,false,1,11.20,11.2000,true,1,113990
4000417222008,false,שוקולד ריטר ספורט חלב+שברי אגוזים 100 גרם חלב נוכרי,ריטר ספורט Ritter sport,DE,שוקולד ריטר שברי אגוזים 100 גרם,גרמים,100.00,100 גרם,false,1,11.20,11.2000,true,1,114970
4000417224002,false,"ריטר ספורט טבלת שוקולד מריר אגוזים, 100 גרם",ריטר ספורט Ritter sport,DE,שוקולד ריטר ספורט מריר אגוזים 100 גרם,גרמים,100.00,100 גרם,false,1,11.90,11.9000,true,1,108616
4000417298003,false,שוקולד ריטר ספורט קוקוס 100 גרם חלב נוכרי,ריטר ספורט Ritter sport,DE,שוקולד רייטר קוקוס 100 ג,גרמים,100.00,100 גרם,false,1,11.20,11.2000,true,1,108273
4000539280726,false,שוקולד לינדט אקסלנס מילד 70% 100 גר,לינדט ושפרונגלי,DE,שוקולד לינדט אקסלנס 70% מילד 100 גרם,גרמים,100.00,100 גרם,false,1,14.90,14.9000,true,1,155724
4000539280740,true,לינדט אקסלנס 78% 100,לינדט ושפרונגלי אס.א,DE,לינדט אקסלנס 78% 100 גרם,גרמים,100.00,100 גרם,false,1,14.90,14.9000,true,1,155856
4000799136887,false,קפה נמס אורגני 100 גר מאנט האגן,מאונט האגן,DE,קפה נמס נטול אורגני,לא מנהל יחידת מידה,0.00,לא מנהל יחידת מידה,false,1,39.90,0.0000,true,1,128785
4002575016253,false,מרציפן מצופה שוקולד,הדקלאים אגודת שיתופי,DE,מרציפן מצופה שוקולד 100 גר .,גרמים,100.00,100 גרם,false,1,9.90,9.9000,true,1,3994
4002590000022,false,סוכריות קלפני פירות יער אוכמניות 150 ג',ליימן מותגים,DE,קלפני פירות יער 150 גר',גרמים,150.00,100 גרם,false,1,12.00,8.0000,true,1,20999
4002590000046,false,סוכריות קלפני מנטה מרענן 150ג',ליימן מותגים,DE,קלפני מנטה מרענן 150 גר',גרמים,150.00,100 גרם,false,1,12.00,8.0000,true,1,12183
4002590703541,false,קלפני סוכריות קשות בטעם תות,ליימן מותגים,DE,קלפני בטעם תות 150 גר',גרמים,150.00,100 גרם,false,1,12.00,8.0000,true,1,108234
4002720005736,false,קפה לפילטר מליטה 250 גרם PREMIUM,המאפיה של הרמן,DE,מליטה קפה לפילטר פרימיום 250 גרם,גרמים,250.00,100 גרם,false,1,24.70,9.8800,true,1,60302
4003754021679,false,בונ עיגולי מרציפן עם מחית דובדבן בשוקול,Erasmi & Carstens Gm,DE,בונ עיגולי מרציפן עם מחית דובדבן בשוקולד,גרמים,210.00,100 גרם,false,1,26.90,12.8095,true,1,157451
4003754021693,false,בונ עיגולי מרציפן עם מחית תפוזים בשוקול,Erasmi & Carstens Gm,DE,בונ עיגולי מרציפן עם מחית תפוזים בשוקולד,גרמים,210.00,100 גרם,false,1,26.90,12.8095,true,1,157452
4003754081000,false,מרציפן חטיף 100 גר CARSTENS ERASMI,Erasmi & Carstens Gm,DE,מרציפן חטיף 100 גרם CARSTENS ERASMI,גרמים,100.00,100 גרם,false,1,7.90,7.9000,true,1,141123
4003754092006,true,סרגל מרציפן 125ג,,,סרגל מרציפן 125ג,Unknown,0.00,Unknown,false,1,11.90,0.0000,true,1,128790
4004666042004,false,משמיד עובש עם מרסס מלרוד Mellerud,יעקובי,DE,יעקבי מלרוד ספריי משמיד עובש 500 מל,מיליליטרים,500.00,"100 מ""ל",false,1,29.90,5.9800,true,1,22504
4004666107819,false,"מלרוד - מרסס לניקוי וטיהור המזגן 500 מ""ל",פרח,DE,מלרוד ניקוי וטיהור מזגן 500 מל,מיליליטרים,500.00,"100 מ""ל",false,1,27.90,5.5800,true,1,126891
4004715020755,false,קישוטי עוגה פרינס אנד פרינסס 75 ג',היינץ צפון אמריקה מק,DE,3 סוגי קישוט צבעוני לעוגה 75 גרם,גרמים,75.00,100 גרם,false,1,16.90,22.5333,true,1,59175
4005808128273,false,ג'ל רחצה לגבר אנרג'י עם תמציות מנטה בניחוח ממריץ,טרופיקל דגיל תעשיות,DE,"ג'ל רחצה לגבר עם תמציות מנטה 500 מ""ל",מיליליטרים,500.00,"100 מ""ל",false,1,17.90,3.5800,true,1,78305
4005808262168,false,ניוואה ספריי הגנה,טרופיקל דגיל תעשיות,DE,"תרסיס מקדם הגנה מרענן, SPF20 עמיד במים",מיליליטרים,200.00,"100 מ""ל",false,1,64.90,32.4500,true,1,98806
4005808293469,false,"ניוואה - דאודורנט ספריי לגבר יבש 150 מ""ל",BEIERSDORF MANUFACTU,DE,ניוואה דאודורנט ספריי אנטי-פרספירנט לגבר 150 מל,מיליליטרים,150.00,"100 מ""ל",false,1,17.90,11.9333,true,1,153353
4005808366392,false,שפתון כחול בליסטר לבלו,טרופיקל דגיל תעשיות,DE,לבלו בליסטר כחול,גרמים,1.00,100 גרם,false,1,11.90,1190.0000,true,1,114018
4005808368280,false,לבלו שפתון דובדבן בליסטר,טרופיקל דגיל תעשיות,DE,לבלו בליסטר דובדבן,גרמים,1.00,100 גרם,false,1,11.90,1190.0000,true,1,114019
4005808670314,false,קרם לחות NIVEA אקווה אפקט לעור רגיל/מעורב SPF15,ניוואה Nivea,,ניוואה קרם לחות לעור רגיל/מעורב 50 מל,מיליליטרים,50.00,"100 מ""ל",false,1,39.90,79.8000,true,1,97757
4005808698103,false,ניוואה תחליב גוף סמוד לעור יבש 500 מל,בטר אנד דיפרנט,DE,"ניוואה תחליב גוף לעור יבש 500 מ""ל",מיליליטרים,500.00,"100 מ""ל",false,1,28.90,5.7800,true,1,148632
4005808702107,false,ניוואה תחליב גוף לעור יבש מאד 500 מל,בטר אנד דיפרנט,DE,"ניוואה תחליב גוף לעור יבש מאוד 500 מ""ל",מיליליטרים,500.00,"100 מ""ל",false,1,28.90,5.7800,true,1,148633
4005808813063,false,תחליב לחות לעור רגיש לאחר גילוח,בטר אנד דיפרנט,DE,תחליב לחות לעור רגיש ניוואה,גרמים,260.00,100 גרם,false,1,34.90,13.4231,true,1,4017
4005808817405,false,ניוואה גל גילוח לעור רגיש 200 מל,פרוטרופיק סיה.,DE,ניוואה ג'ל גילוח לגבר רגיש,גרמים,264.00,100 גרם,false,1,25.90,9.8106,true,1,4020
4005808837359,false,"ניוואה - דאודורנט רול און לאישה פרל אנד ביוטי 50 מ""ל",ביירסדורף AG,DE,דאודורנט רול און פרל ביוטי 50 מל,מיליליטרים,50.00,"100 מ""ל",false,1,16.90,33.8000,true,1,155356
4005808847020,false,ניוואה ויסאז אקווה סנסיישן קרם לחות,Beiersdorf AG,DE,ניוואה קרם לחות אקווה סנסיישן 50מל,מיליליטרים,50.00,"100 מ""ל",false,1,62.90,125.8000,true,1,146393
4005808850723,false,לבלו שפתון תות בליסטר,טרופיקל דגיל תעשיות,DE,לבלו שפתון מגן תות,גרמים,5.00,100 גרם,false,1,12.90,258.0000,true,1,42274
4005808890576,false,"קרם ידיים ניוואה סופט 75 מ""ל",ניוואה Nivea,DE,ניוואה קרם לחות רב שימושי במרקם עדין 75 מל,Unknown,0.00,Unknown,false,1,15.90,0.0000,true,1,4028
4005900036476,false,"ניוואה - דאודורנט רול און לאישה בלק אנד וויט קליר 50 מ""ל",טרופיקל דגיל תעשיות,DE,ניוואה דאו. רול און לאישה בלק אנד וויט 5,מיליליטרים,50.00,"100 מ""ל",false,1,16.90,33.8000,true,1,116467
4005900036483,false,"ניוואה - דאודורנט ספריי לגבר שקוף בלק וווי 150 מ""ל",בטר אנד דיפרנט,DE,דאודורנט ספריי אנטי פרסיפירנט שקוף לגבר לכל בגד,מיליליטרים,150.00,"100 מ""ל",false,1,17.90,11.9333,true,1,146390
4005900036568,false,"ניוואה - דאודורנט ספריי לאישה שקוף בלק וווי 150 מ""ל",ביירסדורף AG,DE,דאודורנט ספריי אינביזיבל בלק אנד וויט 150 מל,מיליליטרים,150.00,"100 מ""ל",false,1,17.90,11.9333,true,1,155360
4005900513045,false,"ניוואה - דאודורנט ספריי לגבר דיפ 150 מ""ל",ביירסדורף,DE,"ניוואה דאודורנט ספריי דיפ 150 מ""ל",מיליליטרים,150.00,"100 מ""ל",false,1,17.90,11.9333,true,1,153181
4005900547316,false,"ניוואה - דאודורנט ספריי לאישה שקוף בלק וווי 150 מ""ל",בטר אנד דיפרנט,DE,דאודורנט ספריי אנטי פרסיפירנט שקוף לאישה,מיליליטרים,150.00,"100 מ""ל",false,1,17.90,11.9333,true,1,146392
4005900555915,false,"ניוואה - תחליב רחצה קוקוס וחוחובה 750 מ""ל",ביירסדורף AG,DE,ניוואה תחליב רחצה קוקוס ושמן חוחובה 750,מיליליטרים,750.00,"100 מ""ל",false,1,15.90,2.1200,true,1,149158
4005900648181,false,"ניוואה - תחליב רחצה אלוורה 750 מ""ל",ביירסדורף AG,DE,ניוואה תחליב רחצה אלוורה 750 מל,מיליליטרים,750.00,"100 מ""ל",false,1,15.90,2.1200,true,1,155355
4005900828088,false,"ניוואה - דאודורנט רול און לגבר פרש 50 מ""ל",טרופיקל דגיל תעשיות,DE,דאודוראנט רול און אנטי פרספירנט פרש לגבר,מיליליטרים,50.00,"100 מ""ל",false,1,16.90,33.8000,true,1,4038
4005900874962,false,"ניוואה - דאודורנט רול און לגבר דיפ בלק 50 מ""ל",ביירסדורף AG,DE,ניוואה מן דאו רול און דיפ ביט לגבר 50 מל,מיליליטרים,50.00,"100 מ""ל",false,1,16.90,33.8000,true,1,155359
4006814011061,false,שוקולד סנטה קלאוז בו,WAWI Euro Gmbh,DE,סנטה בודד 60 גרם WAWI,גרמים,60.00,100 גרם,false,1,6.90,11.5000,true,1,141121
4006814031304,true,צילינדר אייסקונפקט ק,WAWI GROUP,DE,צילינדר אייסקונפקט קריסמס 500 גרם,גרמים,500.00,100 גרם,false,1,27.90,5.5800,true,1,157501
4006814072000,false,שוקולד סנטה שקית 200,WAWI Euro Gmbh,DE,סנטה שקית 200 גרם WAWI,גרמים,200.00,100 גרם,false,1,18.90,9.4500,true,1,141132
4007745058828,true,חרדל גרגירים אמיתי א,אף.סי תבליני בגליל ב,DE,נטורפוד חרדל גרגרים אמיתי אורגני 200 גרם,גרמים,200.00,100 גרם,false,1,15.90,7.9500,true,1,119774
4008033091428,false,פותחן פקלמן,YIWO,,פותחן טקרטור פקלמן,יחידה,1.00,יחידה,false,1,33.90,33.9000,true,1,118964
4008033237697,false,מועך שום פלסטי +מנקה,אודס,,מועך שום פלסטי +מנקה,יחידה,1.00,יחידה,false,1,26.90,26.9000,true,1,65018
4008400230726,false,קינדר ביצת הפתעה מקסי 100 גרם,פררו,IT,ביצת הפתעה קינדר מקסי12 יח,גרמים,100.00,100 גרם,false,1,25.90,25.9000,true,1,142248
4008400290126,false,ק'נדר פינגווי עוגת ספוג במילוי חלבי מצופה שוקולד מריר 30 ג' OUD,פררו טורקיה צ'יקולטה,TR,קנדר עוגת ספוג במילוי חלבי מצופה ש מריר,גרמים,30.00,100 גרם,false,1,4.50,15.0000,true,1,150783
4009300522935,false,תה פומפדור תה ירוק לימונית ולואיזה 20 יח',"איטיליאן פוד, אס.פי.",DE,פומפדור תה ירוק לימונית ולואיזה 30 גר',גרמים,30.00,100 גרם,false,1,19.90,66.3333,true,1,49995
4009300522966,false,פומפדור תה ירוק נענע 20 שקיקים,"איטיליאן פוד, אס.פי.",DE,pompadour תה ירוק עם נענע 30 גרם,גרמים,30.00,100 גרם,false,1,18.90,63.0000,true,1,49996
4009300524588,false,תה פומפדור חליטת צמחים פירות יער 20 יח',פומפדור Pompadour,DE,תה פומפדור חליטה פירות יער,גרמים,60.00,100 גרם,false,1,16.90,28.1667,true,1,59738
4009300525011,false,פומפידור תה ירוק עם תפוז וג'ינגר 25 שקיקים,"איטיליאן פוד, אס.פי.",DE,פומפדור תה ירוק ג'ינג'ר תפוז 30 גרם,גרמים,30.00,100 גרם,false,1,19.50,65.0000,true,1,86307
4009300525684,false,תה חליטת פומפדור לימון וגינגיר 20 יח,פומפדור Pompadour,DE,פומפדור חליטת צמחים גינג'ר לימון 35 גר',גרמים,35.00,100 גרם,false,1,16.90,48.2857,true,1,89703
4009300526438,false,פומפדור תה ירוק קלאסי 30 גרם,"איטיליאן פוד, אס.פי.",DE,פומפדור תה ירוק קלאסי 30 גרם,גרמים,30.00,100 גרם,false,1,18.90,63.0000,true,1,103071
4009300527909,true,פומפדור גינגר כורכום,,DE,פומפדור גינגר כורכום,Unknown,0.00,Unknown,false,1,16.90,0.0000,true,1,139724
4009300529699,false,"חליטת צמחים אורגנית עם מאטה, נענע וגרידת לימון","איטיליאן פוד, אס.פי.",DE,פומפדור חליטת צמחים אורגנית,לא מנהל יחידת מידה,0.00,לא מנהל יחידת מידה,false,1,17.90,0.0000,true,1,147387
4009309022399,true,כרוב כבוש אורגני 670,נטורפוד,DE,כרוב כבוש אורגני 670 גרם,גרמים,670.00,100 גרם,false,1,16.90,2.5224,true,1,119775
4009309114407,true,נטורפוד מלפפון כבוש,נטורפוד,DE,מלפפון כבוש אורגני,גרמים,670.00,100 גרם,false,1,24.90,3.7164,true,1,119777
4009309740422,true,רסק תפוחים אורגני,תות תעשיות מזון (201,DE,נטור פוד רסק תפוחים אורגני 700 גרם,גרמים,700.00,100 גרם,false,1,18.90,2.7000,true,1,119779
4009309742426,true,רסק תפוח מנגו אורגני,תות תעשיות מזון (201,DE,רסק תפוח מנגו אורגני,גרמים,700.00,100 גרם,false,1,18.90,2.7000,true,1,119780
4009900379564,false,מסטיק הובה בובה Hubba Bubba טייפ בטעם פירות,מרס ריגלי קונפקשונרי,,הובה בובה טייפ פירות,לא מנהל יחידת מידה,0.00,לא מנהל יחידת מידה,false,1,7.90,0.0000,true,1,35539
4009900403023,false,אורביט וויט בטעם מנטה בקבוקון 46 מלבניות,"ב.א מזון בע""מ",PL,מסטיק אורביט וויט מנטה בקבוקון,גרמים,64.00,100 גרם,false,1,9.90,15.4688,true,1,90308
4009900406918,false,מסטיק הובה בובה טייפ טריפל מיקס 56ג',מרס ריגלי קונפקשונרי,,הובה בובה טייפ טריפל מיקס,Unknown,0.00,Unknown,false,1,7.90,0.0000,true,1,42278
4009900420129,false,מסטיק אורביט פרופשנל פפרמינט בקבוקון 64 גר',מרס נדרלנד,PL,אורביט פרופשיונל פפרמינט בקבוקון,לא מנהל יחידת מידה,0.00,לא מנהל יחידת מידה,false,1,9.90,0.0000,true,1,123313
4009900426039,false,מסטיק איירוויבז מנטה אקליפטוס בקבוקון 64,איירוויבס Airwaves,PL,מסטיק איירווייבס מנטה אקליפטוס בקבוקון,גרמים,64.00,100 גרם,false,1,9.90,15.4688,true,1,114236
4009900426121,false,מסטיק אורביט איירוויז בקבוקון אוכמניות 64ג',איירוויבס Airwaves,PL,מסטיק איירווייבס אוכמניות בקבוקון,גרמים,64.00,100 גרם,false,1,9.90,15.4688,true,1,114237
4009900479998,false,אורביט וויט אוכמניות בקבוקון 46 מלבניות,ריגלי פולין,PL,מסטיק אורביט אוכמניות בקבוקון,Unknown,0.00,Unknown,false,1,9.90,0.0000,true,1,103169
4009900482417,false,מסטיק אורביט פירות מנטה בקבוקון באבל מינט 45יח,ריגלי פולין,PL,מסטיק אורביט בבאבל מינט בקבוקון,Unknown,0.00,Unknown,false,1,9.90,0.0000,true,1,95047
4009900500166,false,סוכריות פירות אדום סקיטלס בקבוקון 125ג',ריגלי ממתקים,CZ,סוכריות סקיטלס פירות בקבוקון 125 גרם,גרמים,125.00,100 גרם,false,1,10.90,8.7200,true,1,114790
4009900504218,false,אורביט וויט בטעם תפוז בקבוקון 46 מלבניות,חברת ריגלי בעמ,PL,מסטיק אורביט תפוז בקבוקון,לא מנהל יחידת מידה,0.00,לא מנהל יחידת מידה,false,1,9.90,0.0000,true,1,108707
4009900512329,false,פייב בוקס מסטיק מנטה 69 גרם,ריגלי בעמ רוסיה,RU,מסטיק פייב פפרמינט בוקס,גרמים,69.00,100 גרם,false,1,9.90,14.3478,true,1,113857
4009900525138,false,"וויט גומי לעיסה בטעם תות ללא סוכר, 64 ג' אורפיט",ריגלי,PL,מסטיק אורביט וויט תות בקבוקון,יחידה,1.00,יחידה,false,1,9.90,9.9000,true,1,143630
4009900531122,false,"מסטיק בטעם מנטה ספירמינט, 64 ג' פרופשיונל אורפיט",מרס נדרלנד,PL,אורביט פרופשיונל ספירמינט בקבוקון,לא מנהל יחידת מידה,0.00,לא מנהל יחידת מידה,false,1,9.90,0.0000,true,1,123314
4009900534611,false,מסטיק איירוויבז בקבוקון בטעם מלון ומנטה,ריגלי,PL,מסטיק בקבוקון איירוויז מלון מנטה 64גרם,גרמים,64.00,100 גרם,false,1,9.90,15.4688,true,1,145308
4009900536257,false,מסטיק אורביט רפרשרס ספירמינט בקבוקון ללא סוכר 67 גר',מרס ריגלי קונפקשונרי,PL,מסטיק אורביט רפרשרס ספירמנט 67 ג,גרמים,67.00,100 גרם,false,1,10.90,16.2687,true,1,150124
4009900536288,false,מסטיק אורביט רפרשרס פפרמינט בקבוקון ללא סוכר 67 גר',מרס ריגלי קונפקשונרי,PL,מסטיק אורביט רפרשרס פפרמ 67 ג,גרמים,67.00,100 גרם,false,1,10.90,16.2687,true,1,150125
4009900536486,false,מסטיק אורביט רפרשרס באבלמינט בקבוקון ללא סוכר 67 גר',מרס ריגלי קונפקשונרי,PL,מסטיק אורביט רפרשרס באבלמ 67 ג,גרמים,67.00,100 גרם,false,1,10.90,16.2687,true,1,150126
4009900539685,false,"מסטיק פייב באונס בטעם מנטה בקבוקון, 61.8 גרם",ריגלי בעמ רוסיה,PL,מסטיק פייב מנטה בקבוקון 61.8גרם,גרמים,62.00,100 גרם,false,1,11.90,19.1935,true,1,154436
4009900539746,false,"מסטיק פייב באונס בטעם אבטיח בקבוקון, 61.8 גרם",ריגלי בעמ רוסיה,PL,מסטיק פייב אבטיח בקבוקון 61.8גרם,גרמים,62.00,100 גרם,false,1,11.90,19.1935,true,1,154437
4009900540551,false,מסטיק אורביט רפרשרס טרופיקל בקבוקון ללא סוכר,מרס פולין,PL,אורביט ריפרשרס טרופיקל,גרמים,67.00,100 גרם,false,1,10.90,16.2687,true,1,154431
4010492961723,false,אתנה סטיק סלמון ופורל לחתול,אתנה Athena,DE,אתנה סטיק סלמון,גרמים,50.00,100 גרם,false,1,19.90,39.8000,true,1,156202
4011800567613,false,קורני סנדוויץ שחור לבן 4 יחידות,מיוצר עי קונדיטוריית,DE,חטיף קורני סנדוויץ שחור לבן מארז 4 יח,גרמים,120.00,100 גרם,false,1,12.90,10.7500,true,1,102133
4011800628512,false,חטיף קורני שוקולד חלב 6 יח 150 גר,מיוצר עי קונדיטוריית,DE,קורני חטיף דגנים עם שוקולד חלב 6 יחידות 150 גרם,גרמים,150.00,100 גרם,false,1,12.90,8.6000,true,1,99220
4011800630515,false,חטיף קורני שוקולד חלב ובננה 6 יח 150 גר,מיוצר עי קונדיטוריית,DE,קורני חטיף דגנים עם שוקולד חלב ובננה 175 גרם,גרמים,150.00,100 גרם,false,1,12.90,8.6000,true,1,99222
4011800633516,false,קורני שוקולד מריר מעולה 58% קקאו 6*1,שוורטאוור וורקה,DE,חטיף קורני שוקולד מריר מארז 6 יח,גרמים,138.00,100 גרם,false,1,12.90,9.3478,true,1,98640
4011800636517,false,קורני פרי שוקולד חלב מעולה ללא סוכר 6*1,מיוצר עי קונדיטוריית,DE,חטיף קורני FREE שוקולד חלב מארז 6 יח,גרמים,120.00,100 גרם,false,1,12.90,10.7500,true,1,98642
4014400900217,false,בונבונירה מרסי 400 גרם חלבי - נוכרי,קריניציה ויטמינה אס,DE,בונבוניירה מרסי 400 גרם,גרמים,400.00,100 גרם,false,1,49.90,12.4750,true,1,12270
4014400901191,false,בונבונירה מרסי קלאסי 250 גרם חלב נוכרי,ליימן מותגים,DE,בונבוניירה מרסי 250 גרם,גרמים,250.00,100 גרם,false,1,29.90,11.9600,true,1,4131
4014400901405,false,בונבוניירה שוקולד מרסי חלב 250 ג',קריניציה ויטמינה אס,DE,"בונבוניירה מרסי חלב 250 גר """,גרמים,250.00,100 גרם,false,1,29.90,11.9600,true,1,36173
4014400904277,false,סוכריות שטרוק אייס פרש בשקית 425 גרם,תות ממתקי איכות,DE,אייספרש 425 גרם (15 בקרטון),גרמים,425.00,100 גרם,false,1,19.90,4.6824,true,1,16838
4014400904376,false,סוכריות טופי שוקולדן שטורק 325 ג',קריניציה ויטמינה אס,DE,סוכ.שטורק שוקולדן 325 גר,גרמים,326.00,100 גרם,false,1,19.90,6.1043,true,1,4133
4014400904390,false,סוכריות וולמילש ממולא ט.חלב 325גרם,קריניציה ויטמינה אס,DE,וולמילש 325 גר',גרמים,325.00,100 גרם,false,1,19.90,6.1231,true,1,4134
4014400910063,false,סוכריות וורטר אורגינל שקית 135 גרם,ליימן מותגים,DE,וורטרס אורגינל סוכריות חמאה 135 גרם,גרמים,135.00,100 גרם,false,1,10.90,8.0741,true,1,67881
4014400913910,false,וורטר אוריגינל במילוי קרם 125 גרם,תות ממתקי איכות,DE,וורטר במילוי קרם 125 גרם,גרמים,125.00,100 גרם,false,1,11.90,9.5200,true,1,102491
4014400914696,false,וורטרס אורגינל סוכריות ללא סוכר 80 גרם,ליימן מותגים,DE,סוכריות חמאה וורטר ללא סוכר 80 גרם,גרמים,80.00,100 גרם,false,1,10.90,13.6250,true,1,71358
4014400914924,false,סוכריות וורטר אורגינל ללא סוכר קפה 80 ג',קריניציה ויטמינה אס,DE,סוכריות חמאה וורטרס ללא סוכר בטעם קפוצ'ינו,גרמים,80.00,100 גרם,false,1,11.90,14.8750,true,1,71359
4014400920857,false,סוכריות וורטר Werther's בטעם שוקולד ללא סוכר,קריניציה ויטמינה אס,DE,וורטרס סוכריות חמאה בטעם שוקולד ללא סוכר,Unknown,0.00,Unknown,false,1,11.90,0.0000,true,1,112593
4014400923711,false,טופיפי 125 גר' - חלב נוכרי,ליימן מותגים,DE,בונבוניירה טופיפי שוקולד 125 גרם,גרמים,125.00,100 גרם,false,1,13.90,11.1200,true,1,114542
4014400925319,false,וורטרס אורגינל פופקורן קרמל 140 גרם,וורטרס Werther's,DE,חטיף פופקורן בציפוי קרמל,גרמים,140.00,100 גרם,false,1,14.90,10.6429,true,1,148525
4015000031394,false,"ספטיל - משחה להסרת כתמים 200 מ""ל",ספטיל saptil,IL,ספטיל משחה להסרת כתמים,מיליליטרים,200.00,"100 מ""ל",false,1,16.90,8.4500,true,1,4137
4015400363002,false,טמפקס סופר 20 יח',פרוקטר & גמבל,DE,טמפקס סופר 20 יח,יחידה,20.00,יחידה,false,1,25.90,1.2950,true,1,155780
4015400363064,false,טמפקס סופר פלוס 20 יח',פרוקטר & גמבל,DE,טמפקס סופר פלוס 20 יח,יחידה,20.00,יחידה,false,1,25.90,1.2950,true,1,155782
4015400498124,false,אולוויז תחבושת (ס) אולטרה נייט 18 יח',פרוקטל אנד גמבל,DE,תחבושות אולוויז אולטרה לילה 18 יח,יחידה,18.00,יחידה,false,1,18.90,1.0500,true,1,157264
4015400681670,false,תחבושות אולוויז לילה בטוח וליו פק 18 יח,פרוקטר אנד גמבל,HU,תחבושות אולוויז לילה בטוח 18 יחידות,לא מנהל יחידת מידה,0.00,לא מנהל יחידת מידה,false,1,18.90,0.0000,true,1,111564
4015400731719,false,תחבושות היגייניות אולוויז יום ולילה Day & Night,פרוקטר אנד גמבל,DE,אולוויז תחבושות וליו פק לילה 20 יח',לא מנהל יחידת מידה,0.00,לא מנהל יחידת מידה,false,1,18.90,0.0000,true,1,113723
4015400755241,false,תחבושות היגייניות אולוויז אולטרה נורמל - 28 יח',פרוקטר אנד גמבל,DE,תחבושות אולוויז הגיינה נורמל 28 יחידות,לא מנהל יחידת מידה,0.00,לא מנהל יחידת מידה,false,1,18.90,0.0000,true,1,113724
4015400755487,false,תחבושות היגייניות אולוויז אולטרה לונג - 24 יח',פרוקטר אנד גמבל,DE,תחבושות אולווייז וליו פק לונג 24 יחידות,לא מנהל יחידת מידה,0.00,לא מנהל יחידת מידה,false,1,18.90,0.0000,true,1,113725
4015400759171,false,תחבושות אולווייז אול,פרוקטר & גמבל,DE,תחבושות אולווייז אולטרה נורמל 20 יחידות,יחידה,20.00,יחידה,false,1,15.90,0.7950,true,1,155846
4015600762742,false,שמפו יומיומי למניעת קשקשים הנוסחה הקלאסית,פרוקטר אנד גמבל,RO,"הד אנד שולדרס שמפו קלאסי 500 מ""ל",מיליליטרים,500.00,"100 מ""ל",false,1,24.90,4.9800,true,1,115428
4015600762780,false,שמפו וקונדישינר יומיומי למניעת קשקשים הנוסחה הקלאסית 2in1,פרוקטר אנד גמבל,RO,"הד אנד שולדרס 2 ב 1 קלאסי 500 מ""ל",מיליליטרים,500.00,"100 מ""ל",false,1,24.90,4.9800,true,1,115432
4015600762902,false,"שמפו מנטול הד אנד שולדרס 500 מ""ל",פרוקטר אנד גמבל,RO,"הד אנד שולדרס שמפו מנטול 500 מ""ל",מיליליטרים,500.00,"100 מ""ל",false,1,24.90,4.9800,true,1,115433
4015600762940,false,שמפו יומיומי למניעת קשקשים בניחוח תפוח,פרוקטר אנד גמבל,RO,"הד אנד שולדרס שמפו תפוח 500 מ""ל",מיליליטרים,500.00,"100 מ""ל",false,1,24.90,4.9800,true,1,115444
4015600763022,false,שמפו יומיומי למניעת קשקשים לשיער יבש/פגום לשיער רך כמשי,פרוקטר אנד גמבל,RO,"שמפו הד אנד שולדרס למניעת קשקשים 500 מ""ל",מיליליטרים,500.00,"100 מ""ל",false,1,24.90,4.9800,true,1,111318
4015600766900,false,"שמפו ומרכ ך נגד קשקשים 500 מ""ל הד אנד שולדרס",פרוקטר אנד גמבל,RO,"הד אנד שולדרס שמפו 2 ב1 מנטול 500 מ""ל",מיליליטרים,500.00,"100 מ""ל",false,1,24.90,4.9800,true,1,115431
4015600810849,false,גילט דאו קליר גל 70 מל פאוור ראש,פרוקטר אנד גמבל,CZ,Gillette Clear Gel AP Deo Stick Power Ru,מיליליטרים,70.00,"100 מ""ל",false,1,16.90,24.1429,true,1,102580
4017100198151,false,עוגיות היט Hit קקאו במילוי קרם וניל,הדקלאים אגודת שיתופי,PL,בלזן היט וניל 220גרם,גרמים,220.00,100 גרם,false,1,8.90,4.0455,true,1,110776
4017100210105,false,בלזן וופלטן שוקולד מריר 100 גרם,הדקלאים אגודת שיתופי,DE,וופלטן וופל מגולגל מריר 100 גרם,גרמים,100.00,100 גרם,false,1,13.90,13.9000,true,1,110777
4017100216800,true,וופל מיניס מצופה שוק,בלזן,DE,בלזן וופל מצופה שוקולד חלב,גרמים,75.00,100 גרם,false,1,9.90,13.2000,true,1,120483
4017100219900,false,וופלטן גליליות וופל עם שוקולד 100 גרם,הדקלאים אגודת שיתופי,DE,ופל ופלטן מגולגל מצופה שוקולד 100 גרם,גרמים,100.00,100 גרם,false,1,13.90,13.9000,true,1,4164
4017100290008,false,ביסקוויט בלזן ליבניץ שוקולד חלב 125 ג',הדקלאים אגודת שיתופי,DE,ביסקוויט בלזן מצופה שוקולד חלב 125 גרם,גרמים,125.00,100 גרם,false,1,13.90,11.1200,true,1,4166
4017100291005,false,ביסקוויט מצופה שוקולד מריר ליבניץ Leibniz,הדקלאים אגודת שיתופי,DE,בלזן לייבניז בסקויט חמאה מצופה שוקולד מריר,גרמים,125.00,100 גרם,false,1,13.90,11.1200,true,1,115729
4018722100133,false,אטריות כוסמין וביצים אורגניות 250 גרם,אלב גולד,DE,אטריות כוסמין וביצים אורגניות,גרמים,250.00,100 גרם,false,1,16.90,6.7600,true,1,119840
4018722100157,false,פסטה פוזילי מקמח כוסמין מלא אורגני,האחים פלם הגפן,DE,פסטה פוזילי כוסמין מלא 250 גרם,גרמים,250.00,100 גרם,false,1,13.90,5.5600,true,1,119841
4018722102632,true,ספגטי כוסמין מלא אור,האחים פלם הגפן,DE,כוסמין פסטה אורגנית,גרמים,500.00,100 גרם,false,1,17.90,3.5800,true,1,119842
4018722102656,true,ספגטי כוסמין אורגני,האחים פלם הגפן,DE,אלב גולד - ספגטי כוסמין אורגני 500 גרם,גרמים,500.00,100 גרם,false,1,17.90,3.5800,true,1,119843
4018722303459,true,מקרוני כוסמין אורגני,האחים פלם הגפן,DE,אלב גולד - מקרוני כוסמין אורגני,גרמים,250.00,100 גרם,false,1,13.90,5.5600,true,1,119844
4018722305736,false,נודלס ביצים אלב גולד,אלב גולד,DE,נודלס ביצים אלב גולד 250 גרם,גרמים,250.00,100 גרם,false,1,15.90,6.3600,true,1,123013
4022025001752,true,יין בלו נאן מבעבע כש,,,"יין בלו נאן מבעבע כשר 750 מ""ל",מיליליטרים,750.00,"100 מ""ל",false,1,54.90,7.3200,true,1,127270
4022025001790,false,בלו נאן מבעבע גולד 2,היי סישל סוהן טראבן,DE,"יין בלו נאן 24K גולד מבעבע כשר 750 מ""ל",מיליליטרים,750.00,"100 מ""ל",false,1,54.90,7.3200,true,1,126229
4022025002025,false,24K יין בלו נאן גולד,בלו נאן,DE,"24K יין בלו נאן גולד כשר 200 מ""ל",מיליליטרים,200.00,"100 מ""ל",false,1,25.90,12.9500,true,1,154054
4022025002087,false,בלו נאן מבעבע רוזה 2,בלו נאן,DE,"24K יין בלו נאן רוזה מבעבע כשר 750 מ""ל",מיליליטרים,750.00,"100 מ""ל",false,1,54.90,7.3200,true,1,153854
4022025002254,false,24K יין בלו נאן רוזה,בלו נאן,DE,"24K יין בלו נאן רוזה כשר 200 מ""ל",מיליליטרים,200.00,"100 מ""ל",false,1,25.90,12.9500,true,1,154055
4022025773000,false,יין בלו נאן מוסקטו כ,בלו נאן,DE,"בלו נאן מוסקטו כשר 750 מ""ל",מיליליטרים,750.00,"100 מ""ל",false,1,49.90,6.6533,true,1,153852
4023800531648,false,בונבוניירה מוצרט 200 גר CARSTENS,Erasmi & Carstens Gm,DE,בונ מוצרט 200 ג CARSTENS,גרמים,200.00,100 גרם,false,1,19.90,9.9500,true,1,155749
4025700001962,false,מילקה טבלה 100 גר' לבן 1/22 (4248023),פי אר ג'יי אס סי מונ,DE,שוקולד מילקה לבן 100 גרם,גרמים,100.00,100 גרם,false,1,6.90,6.9000,true,1,62238
4032900111292,false,ווינסטון קומפלקט כחול חפיסה,JTI,UA,סיגריות ווינסטון קומפקט כחול בודד,לא מנהל יחידת מידה,0.00,לא מנהל יחידת מידה,false,1,29.80,0.0000,false,1,125576
4032900111308,false,ווינסטון קומפלקט סילבר חפיסה,JTI,UA,סיגריות ווינסטון קומפקט סילבר בודד,לא מנהל יחידת מידה,0.00,לא מנהל יחידת מידה,false,1,29.80,0.0000,false,1,125578
4032900112824,false,כאמל קומפקט תכלת חפיסה,,,סיגריות כאמל קומפקט,יחידה,1.00,יחידה,false,1,27.60,27.6000,false,1,125818
4032900112879,false,כאמל קומפקט כחול חפיסה,,,סיגריות כאמל קומפקט כחול בודד,יחידה,1.00,יחידה,false,1,27.60,27.6000,false,1,125817
4032900124254,false,ווינסטון קומפלקט ברי PP חפיסה,,,וינסטון קומפקט ברי PP בודד,יחידה,1.00,יחידה,false,1,29.80,29.8000,false,1,146807
4033100013348,false,סיגריות אל די כחול א,JTI,,סיגריות אל די כחול ארוך חפיסה בודד,לא מנהל יחידת מידה,0.00,לא מנהל יחידת מידה,false,1,30.20,0.0000,false,1,66289
4033100014468,false,סיגריות אל די אדום ח,JTI,,סיגריות אל די אדום חפיסה בודד,לא מנהל יחידת מידה,0.00,לא מנהל יחידת מידה,false,1,30.20,0.0000,false,1,66288
4033100014499,false,סיגריות אל די כחול ח,JTI,,סיגריות אל די כחול חפיסה בודד,Unknown,0.00,Unknown,false,1,30.20,0.0000,false,1,66287
4033100014529,false,סיגריות אל די סלים ח,JTI,,סיגריות אל די סלים חפיסה בודד,יחידה,1.00,יחידה,false,1,29.00,29.0000,false,1,66290
4033100024146,false,סיגריות וינסטון קוד,JTI,,סיגריות וינסטון קוד חפיסה בודד,לא מנהל יחידת מידה,0.00,לא מנהל יחידת מידה,false,1,32.00,0.0000,false,1,89485
4033100024252,false,וינסטון אקווה לייט קופסה,JTI,,סיגריות וינסטון אקווה חפיסה בודד,יחידה,0.00,יחידה,false,1,32.00,0.0000,false,1,89487
4033100038914,false,טבק כאמל צהוב + נייר גלגול 30ג',JTI,,טבק לגלגול קאמל צהוב חפיסה30 גרם,גרמים,30.00,100 גרם,false,1,81.20,270.6667,false,1,97689
4033100046490,false,סיגריות וינסטון 100 אקווה ארוך,יושלם,,סיגריות וינסטון קוד אקווה 100 חפיסה בודד,לא מנהל יחידת מידה,0.00,לא מנהל יחידת מידה,false,1,32.00,0.0000,false,1,95760
4033100047350,false,טבק לגלגול קאמל כחול,JTI,,טבק לגלגול קאמל כחול חפיסה30 גרם,גרמים,30.00,100 גרם,false,1,81.20,270.6667,false,1,97690
4033100064005,false,טבק לגלגול וינסטון א,JTI,,טבק לגלגול וינסטון אדום חפיסה30 גרם,גרמים,30.00,100 גרם,false,1,78.90,263.0000,true,1,109969
4033100064036,false,וינסטון כחול טבק לגלגול חפיסה,JTI,,טבק לגלגול וינסטון כחול חפיסה30 גרם,גרמים,30.00,100 גרם,false,1,81.20,270.6667,false,1,109971
4043058008778,false,טבק אמריקן ספיריט כחול פאוצ,jti,,טבק לגלגול אמריקן ספיריט כחול חבילה30גר,גרמים,30.00,100 גרם,false,1,88.20,294.0000,false,1,107399
4043058010412,false,טבק אמריקן ספיריט צהוב פאוצ,jti,,טבק לגלגול אמריקן ספיריט צהוב חבילה30גר,גרמים,30.00,100 גרם,false,1,88.20,294.0000,false,1,108850
4044889000610,false,ויואני שוקולד אורגני מריר 70% 100 גרם,המאפיה של הרמן,DE,"ויואני שוקולד מריר אורגני 70%, 100 גרם",גרמים,100.00,100 גרם,false,1,19.90,19.9000,true,1,119306
4052197000017,false,"בירה בנדיקטינר חיטה לא מסוננת 500 מ""ל",בנדיקטינר וויצבראו,DE,בנדיקטינר בירה 500 מל,מיליליטרים,500.00,"100 מ""ל",false,1,10.90,2.1800,true,1,77473
4052197000369,false,שישיית בירה בנדיקטינר חיטה 330 מל*6,בנדיקטינר,DE,"בירה בנדיקטינר שישייה בקבוק 330 מ""ל",ליטרים,1.98,ליטר,false,1,55.90,28.2323,true,1,119630
4052197000925,false,בירה בנדקטינר דונקל כהה 500 מל,בנדיקטינר וויצבראו,DE,בנדיקטינר בירה כהה דונקל 500 מל,מיליליטרים,500.00,"100 מ""ל",false,1,10.90,2.1800,true,1,107464
4052197001281,false,בירה בנדיקטינר 500 מל פחית,בנדקטינר,DE,"בירה בנדיקטינר פחית 500 מ""ל",מיליליטרים,500.00,"100 מ""ל",false,1,9.50,1.9000,true,1,107709
4052197002806,false,"מארז בירה בנדיקטינר 4*500 מ""ל פחית",בנדקטינר,DE,בירה בנדיקטינר פחית מארז רביעייה,ליטרים,2.00,ליטר,false,1,37.90,18.9500,true,1,107724
4052197003254,false,"בירה בנדיקטינר לאגר אורגינל 500 מ""ל",בנדיקטינר וויצבראו,DE,בנדיקטינר בירה לאגר בהירה אוריגינל 500 מל,מיליליטרים,500.00,"100 מ""ל",false,1,10.90,2.1800,true,1,119633
4053700292455,false,ויט רצועות שעווה תמצית צמחים לעור רגיל,רקיט בנקיזר צרפת,FR,רצועות שעווה לעור רגיל תמצית צמחים ויט,לא מנהל יחידת מידה,0.00,לא מנהל יחידת מידה,false,1,34.90,0.0000,true,1,55134
4062400543125,false,"טקילה סיירה רפוסאדו 700 מ""ל",סיארה Sierra,MX,סיארה טקילה רפוסאדו 700 מל,מיליליטרים,700.00,"100 מ""ל",false,1,94.90,13.5571,true,1,111307
4066600999614,false,"בירה פאולנר חיטה 500 מ""ל בקובק",מבשלת פאולנר,DE,"בירה פאולנר, בירת חיטה מעוננת, בקבוק 500 מ""ל",מיליליטרים,500.00,"100 מ""ל",false,1,12.90,2.5800,true,1,115211
4067700014849,false,ליקר ייגרמייסטר כשר,פארייפאבה אגרואינדוס,DE,ליקר ייגרמייסטר 700 מל,מיליליטרים,700.00,"100 מ""ל",false,1,99.90,14.2714,true,1,113904
4072700001188,false,"בירה פרנסיסקאנר כהה בקבוק 500 מ""ל",פרנסיסקאנר Franziskaner,DE,בירה פרנסיסקאנר כהה 500 מל,מיליליטרים,500.00,"100 מ""ל",false,1,11.90,2.3800,true,1,56214
4072700001775,false,בירה פרנסיסקאנר בהירה מעוננת בפחית,פרנסיסקאנר Franziskaner,DE,"בירה פרנסיסקאנר בהירה פחית 500 מ""ל",מיליליטרים,500.00,"100 מ""ל",false,1,11.90,2.3800,true,1,68554
4072700003649,false,"בירה פרנסיסקאנר בהירה 500 מ""ל","איי, בי, אינבוו",DE,בירה פרנסיסקאנר בהירה 500 מל,מיליליטרים,500.00,"100 מ""ל",false,1,11.90,2.3800,true,1,55227
4084500853836,false,"נוזל כלים פיירי ורדים ומשי 515 מ""ל",פרוקטר אנד גמבל,GB,"פיירי ורדים ומשי נוזל כלים 515 מ""ל",מיליליטרים,515.00,"100 מ""ל",false,1,9.90,1.9223,true,1,111563
4084500853898,false,סבון כלים אלוורה ומלפפונים,פרוקטר אנד גמבל,GB,"נוזל כלים פיירי אלוורה מלפפונים 515 מ""ל",מיליליטרים,515.00,"100 מ""ל",false,1,9.90,1.9223,true,1,111562
4084500876019,false,נוזל כלים פיירי לימו,פרוקטר אנד גמבל,GB,נוזל כלים פיירי לימון 500 מל,מיליליטרים,500.00,"100 מ""ל",false,1,8.90,1.7800,true,1,155320
4100130937163,false,בירה בקס שישייה 6*275 מל,"איי, בי, אינבוו",DE,בירה בקס 6 יחידות 1.65 ליטר,מיליליטרים,275.00,"100 מ""ל",false,1,34.90,12.6909,true,1,110666
4105120623941,false,"בירה ויינשטפן בק' ח""פ 500 מ""ל",קרלסברג יבוא יצוא,DE,"ויינשטפן בק ח""פ 500 מ""ל",מיליליטרים,500.00,"100 מ""ל",false,1,12.90,2.5800,true,1,148293
4210201262183,false,מברשת שיניים חשמלית ויטליטי Vitality נטענת,פרוקטר אנד גמבל,DE,אורל בי מברשת חשמלית נטענת D100,לא מנהל יחידת מידה,0.00,לא מנהל יחידת מידה,false,1,99.90,0.0000,true,1,154608
4210201360742,false,אורל בי ראש חשמלי פלקסי סופט 4 יחידות,פרוקטר אנד גמבל,DE,אורל בי ראש חשמלי לניקוי יסודי 4 יח',לא מנהל יחידת מידה,0.00,לא מנהל יחידת מידה,false,1,99.90,0.0000,true,1,154609
4260334140193,false,וגו ממרח אגוזי לוז וקקאו אורגני 200 גרם,וילהלם רויס ושות' בע,DE,ממרח אגוזי לוז קקאו אורגני 200 גרם עם כוס זכוכית,גרמים,200.00,100 גרם,false,1,26.90,13.4500,true,1,124080
4260334140605,false,שוקולד גנדויה טבעוני עם אגוזי לוז 150 גר,האי נאם סי או אל.טי.,IT,שוקולד גנדויה טבעוני עם אגוזי לוז 150גרם,גרמים,150.00,100 גרם,false,1,20.90,13.9333,true,1,147341
4600659010854,false,*מבצע* סטולי פרימיום,איי. אס. לטבייאס בלז,LV,וודקה סטוליצ'ניה 40% כוהל 700 מל,מיליליטרים,700.00,"100 מ""ל",false,1,69.90,9.9857,true,1,16391
4602486002071,false,"וודקה בלנקאיה גולד 700 מ""ל",מזקקת גאורגייבסקי קר,RU,וודקה בלנקאיה גולד 700 מל,מיליליטרים,770.00,"100 מ""ל",false,1,59.90,7.7792,true,1,143845
4603400000043,false,"וודקה רוסקיי סטנדרט 700 מ""ל",רוסקי סטנדרט וודקה,RU,רוסקי סטנדרט וודקה 700 מל,מיליליטרים,700.00,"100 מ""ל",false,1,69.90,9.9857,true,1,115757
4603514009277,false,"גין באריסטר יבש 700 מ""ל",לאדוגה גרופ,RU,גין באריסטר יבש 700מל,מיליליטרים,700.00,"100 מ""ל",false,1,89.90,12.8429,true,1,152958
4603514009390,false,גין באריסטר אולד טום,לדוגה,RU,גין באריסטר אולד טום סמול באטש 700מל,מיליליטרים,700.00,"100 מ""ל",false,1,119.90,17.1286,true,1,152959
4603514010976,false,גין באריסטר יבש עם כ,לדוגה,RU,גין באריסטר יבש עם כוס 0.7 ל,מיליליטרים,700.00,"100 מ""ל",false,1,99.90,14.2714,true,1,152961
4603514011027,false,גין באריסטר ראשין סמ,לדוגה,RU,גין באריסטר ראשין סמול באטש 700מל,מיליליטרים,700.00,"100 מ""ל",false,1,144.90,20.7000,true,1,152960
4603928000976,false,"וודקה בלוגה נובל 700 מ""ל+כוס",מרינסקי ליקרו ונבאנצ,RU,"וודקה בלוגה נובל, 700 מ''ל",מיליליטרים,700.00,"100 מ""ל",false,1,139.90,19.9857,true,1,94715
4607109409619,false,פיניש הכל ב-1 טבליות למדיח 25 יח,הדקלאים אגודת שיתופי,PL,טבליות למדיח כלים פיניש אול אין וואן 25 טבליות,גרמים,530.00,100 גרם,false,1,29.90,5.6415,true,1,114375
4610028130052,false,וודקה לג'נד אוף קרמלין Legend of Kremlin,לג'נד אוף קרמלין,,וודקה לגנד אוף קרמלין 0.70,יחידה,1.00,יחידה,false,1,119.90,119.9000,true,1,143857
4640018993343,false,פיניש קוואנטום קפסולות ג'ל למדיח כלים 30 יח',רקיט בנקיזר,PL,פיניש קוואנטום קפסולות למדיח 30 טבליות,גרמים,375.00,100 גרם,false,1,39.90,10.6400,true,1,148730
4640018993350,false,פיניש קוואנטום קפסולות ג'ל למדיח כלים לימון 30 יח',רקיט בנקיזר,PL,פיניש קוואנטום 30 יח קפסולות גיל לימון,גרמים,375.00,100 גרם,false,1,39.90,10.6400,true,1,148731
4710068001692,false,"מאסטר קפה לאטה פחית 240מ""ל",תאיט מרקטינג אנד דיס,TW,מאסטר קפה לאטה פחית,מיליליטרים,240.00,"100 מ""ל",false,1,7.50,3.1250,true,1,101057
4710068001715,false,"מאסטר קפה טירמיסו 240 מ""ל",יוני פרזינדנט אנטרפר,TW,מאסטר קפה טרמיסו פחית 240 מל,מיליליטרים,240.00,"100 מ""ל",false,1,7.50,3.1250,true,1,101119
4710068001739,false,"מאסטר קפה קולומביאני 240 מ""ל",יוני פרזינדנט אנטרפר,TW,מאסטר קפה משקה קפה קר קלאסיקו 240 מל,מיליליטרים,240.00,"100 מ""ל",false,1,7.50,3.1250,true,1,101058
4710068002798,false,"מאסטר קפה ונילה פחית 240מ""ל",מאיטה פוד אינדוסטריא,TW,מאסטר קפה לאטה פחית,מיליליטרים,240.00,"100 מ""ל",false,1,7.50,3.1250,true,1,126655
4750012000173,false,דיווה קוסמופוליטן פסיפלורה 750 מל,Amberbev Internation,LV,"דיווה קוסמופוליטן פסיפלורה 750 מ""ל",מיליליטרים,750.00,"100 מ""ל",false,1,19.90,2.6533,true,1,146647
4750012025855,false,דיווה קוסמופוליטן-שיכר תפוח 750 מל,Amberbev Internation,LV,"דיווה מבעבע קוסמופוליטן אפרסק 750 מ""ל",מיליליטרים,750.00,"100 מ""ל",false,1,19.90,2.6533,true,1,146645
4750021000782,false,וודקה סטולי Elit בקב,אס.פי.איי.גרופ,,"וודקה סטולי Elit בקבוק 500 מ""ל",מיליליטרים,500.00,"100 מ""ל",false,1,119.90,23.9800,true,1,117878
4750021003905,false,"וודקה סטוליצניה גולד 700 מ""ל",אס פי איי SPI (סטולי,LV,וודקה סטולי גולד,מיליליטרים,700.00,"100 מ""ל",false,1,144.90,20.7000,true,1,117892
4751007730938,false,שימורי שפרוטים מעושנ,karavela,LV,שימורי שפרוטים מעושנים בשמן צמחי 240גרם,גרמים,240.00,100 גרם,false,1,9.90,4.1250,true,1,146695
4770179109991,false,בונ שוק עם וודקה 190 ג PERGALE,PERGALE,LT,PERGALבונבונירה שוקולד עם וודקה 190גרם,גרמים,190.00,100 גרם,false,1,17.90,9.4211,true,1,152396
4770179998090,false,ממתקי ממולאים 348 גר ROSES PERGALE,BARILLA G.E.R.,BE,PERGALE ROS,גרמים,348.00,100 גרם,false,1,34.90,10.0287,true,1,156120
4770179998311,false,PERGALE GOLDבונ גולד,BARILLA G.E.R.,BE,PERGALE GOLDבונ גולד שוקולד חלב 348 ג,גרמים,348.00,100 גרם,false,1,34.90,10.0287,true,1,156121
4792032060454,true,מי קוקוס אורגני גרין,בן טרה ג'וינט סטוק,DE,GREEN COCO מי קוקוס אורגני 330 מל,מיליליטרים,330.00,"100 מ""ל",false,1,9.40,2.8485,true,1,119834
4793000637005,false,מקלות קינמון ציילון אורגני 50 גרם,אינטרנשיונל קומודטי,DE,קינמון ציילוני אמיתי טחון אורגני,גרמים,50.00,100 גרם,false,1,19.90,39.8000,true,1,146458
4796019790013,false,"שמן קוקוס אורגני 300 מ""ל",כפרי בריא,,שמן קוקוס אורגני,מיליליטרים,300.00,"100 מ""ל",false,1,23.90,7.9667,true,1,115817
4796019790020,false,"שמן קוקוס אורגני 500 מ""ל גרין קוקו",גרין קוקו,LK,"שמן קוקוס אורגני 500 מ""ל",מיליליטרים,500.00,"100 מ""ל",false,1,33.90,6.7800,true,1,119839
4796019790037,false,שמן קוקוס אורגני 1 ליטר גרין קוקו,כפרי בריא,,שמן קוקוס אורגני,ליטרים,1.00,ליטר,false,1,49.90,49.9000,true,1,115862
4820229031311,false,"וודקה חורטיצה פלטינום 700 מ""ל",אוקראיניאן דיסטריביו,UA,וודקה חורטיצה פלטינום 700 מל,מיליליטרים,700.00,"100 מ""ל",false,1,69.90,9.9857,true,1,155688
4820229032219,false,וודקה חורטיצה אייס 7,Global Gourmet Produ,UA,וודקה חורטיצה אייס 700 מל,מיליליטרים,700.00,"100 מ""ל",false,1,74.90,10.7000,true,1,155689
4860019001414,false,"בקבוק מים בוז'ורמי 750 מ""ל",אי.די.אס בורג'יומי,,"מים מינרלים בורגומי 750 מ""ל",מיליליטרים,750.00,"100 מ""ל",false,1,8.90,1.1867,true,1,98905
4891199067402,false,סוללות אולטרה בודד A,,,סוללות אולטרה בודד AAA,Unknown,0.00,Unknown,false,1,11.80,0.0000,true,1,105932
4891228308032,false,שיק סכינים גילוח אינטואישן ידית + 5,ארץ ייצור סכינים: אר,CN,schick - Hydro 5 - sense,יחידה,1.00,יחידה,false,1,69.90,69.9000,true,1,145722
4891228308049,false,סכין גילוח שיק היידרו 5 סנס לגבר+7סכינים,ארץ ייצור סכינים: אר,CN,schick - Hydro 5 - sense,יחידה,1.00,יחידה,false,1,69.90,69.9000,true,1,145721
4891228430085,false,שיק אקסטרים 3 פס לחות בתוספת אלוה ורה,אנרג'יזר Energizer,CN,סכיני גילוח שייק אקסטרים 3 כחול רביעייה,לא מנהל יחידת מידה,0.00,לא מנהל יחידת מידה,false,1,19.90,0.0000,true,1,31830
4891228430092,false,שיק אקסטרים 3 קומפורט +לנשים 4 יחידות,אנרג'יזר Energizer,CN,שיק אקסטרים 3 סכיני גילוח לאישה לעור רגיש,לא מנהל יחידת מידה,0.00,לא מנהל יחידת מידה,false,1,19.90,0.0000,true,1,41815
4902430751483,false,מכשיר גילוח גילט מאך,פרוקטר אנד גמבל,PL,מכשיר גילוח גילט מאך 3 סכין,יחידה,1.00,יחידה,false,1,19.90,19.9000,true,1,126825
4903001904192,false,"רוטב סויה יאמסה פרימיום 500 מ""ל",הדקלאים אגודת שיתופי,JP,סויה פרימיום 500 מ'ל ב 12,מיליליטרים,500.00,"100 מ""ל",false,1,18.90,3.7800,true,1,94085
4903001904208,false,רוטב סויה יאמסה פרימיום 1 ליטר,הדקלאים אגודת שיתופי,JP,סויה פרימיום 1 ליטר,ליטרים,1.00,ליטר,false,1,34.90,34.9000,true,1,94694
4903001925784,false,"רוטב סויה יאמאסה פרמיום דל מלח 500 מ""ל",הדקלאים אגודת שיתופי,JP,סויה דל מלח 500 מ'ל ב 12,גרמים,500.00,100 גרם,false,1,21.90,4.3800,true,1,102431
5000054359500,false,פריסקיז פטה כבד ועוף,פורינה,US,פריסקיז פטה כבד ועוף 156גרם,גרמים,156.00,100 גרם,false,1,6.90,4.4231,true,1,156213
5000111001007,false,רוטב לסטייק ה.פ 255,היינץ,GB,"רוטב HP255 מ""ל",גרמים,250.00,100 גרם,false,1,23.90,9.5600,true,1,91785
5000111041065,false,רוטב ווסטרשייר היינץ,תאי פרזידנט פוד פאבל,,היינץ ווורסטרשייר 150 מל,מיליליטרים,150.00,"100 מ""ל",false,1,12.90,8.6000,true,1,142923
5000111047364,true,HP ברביקיו דבש,ה.י. היינץ הולדינג ב,NL,HP ברביקיו דבש 465 גרם,גרמים,465.00,100 גרם,false,1,16.90,3.6344,true,1,129342
5000111047371,true,HP ברביקיו קלאסי,ה.י. היינץ הולדינג,NL,465 גרםHP ברביקיו קלאסי,גרמים,465.00,100 גרם,false,1,16.90,3.6344,true,1,129343
5000127533196,false,קלוגס וורייטי שמינייה 191 גרם,חברת קלוגס בריטניה,,דגני קלוגס וראייטי שמיניה,גרמים,191.00,100 גרם,false,1,25.90,13.5602,true,1,122513
5000157143365,true,מתבל בטעם מיונז וקטש,תאי פרזידנט פוד פאבל,PL,מתבל בטעם מיונז וקטשופ היינץ 425 מל,מיליליטרים,425.00,"100 מ""ל",false,1,15.90,3.7412,true,1,144948
5000159376655,false,סוכריות סקיטלס 38 גר פירות 38 גרם,ריגלי ממתקים,NL,סוכריות סקיטלס פירות 38 גרם,גרמים,38.00,100 גרם,false,1,4.50,11.8421,true,1,91661
5000159376792,false,סוכריות סקיטלס Skittles פירות חמוצים,ריגלי ממתקים,NL,סוכריות סקיטלס חמוץ 38 גרם,גרמים,38.00,100 גרם,false,1,4.50,11.8421,true,1,91662
5000159397292,false,גלידה מארס מאגדת 205.8 ג',פלדמן,FR,מאגדת גלידה מארס 6 יח 250.8 גר,גרמים,251.00,100 גרם,false,1,31.90,12.7092,true,1,117692
5000159407236,false,חטיף שוקולד מרס 51 ג',מרס הולנד בי.וי.,NL,חטיף מרס 51 גרם,גרמים,51.00,100 גרם,false,1,4.90,9.6078,true,1,49581
5000159452977,false,מיקס שקית מיניס 400 גרם מרס-באונטי-טוויק,מרס הולנד בי.וי.,NL,חטיפי שוקולד מיקס מיני 400 גרם,גרמים,400.00,100 גרם,false,1,28.90,7.2250,true,1,98645
5000159459228,false,חטיף שוקולד טוויקס 50 ג',"נארז ע""י : א.ג. גילר",NL,חטיף טויקס 50 גרם,גרמים,50.00,100 גרם,false,1,4.90,9.8000,true,1,93391
5000159461122,false,חטיף שוקולד סניקרס 50 ג',"נארז ע""י : א.ג. גילר",NL,חטיף סניקרס שוקולד 50 גרם,גרמים,50.00,100 גרם,false,1,4.90,9.8000,true,1,93392
5000159474771,false,שקית שוקולד מרס 170ג,מרסי,NL,שקית שוקולד מרס 170גרם,גרמים,170.00,100 גרם,false,1,11.90,7.0000,true,1,147985
5000159483063,false,מאגדת שלגון באונטי 6,פלדמן,IL,מאגדת גלידה באונטי 6 יח 234.6 גר,גרמים,235.00,100 גרם,false,1,31.90,13.5745,true,1,117693
5000159484695,false,מאגדת שלגון טוויקס 6,פלדמן,FR,מאגדת גלידה טוויקס 6 יח 205.2 גר,גרמים,205.00,100 גרם,false,1,31.90,15.5610,true,1,117695
5000159509633,false,מאגדת שלגון סניקרס ל,מארס שוקולד,FR,מאגדת סניקרס לבן,גרמים,245.00,100 גרם,false,1,31.90,13.0204,true,1,143656
5000159541152,false,טוויקס חטיף לבן 46 גרם,מרס.גי אם. בי אייץ,DE,טוייקס לבן 46 גרם,גרמים,46.00,100 גרם,false,1,4.90,10.6522,true,1,152283
5000168199245,false,שוקולד חלב מעולה בתוספת קרמל מלוח פיור גודייבה 90 ג',"אולקר מקבוצת פלאדיס,",TR,שוקולד חלב מעולה בתוספת חתיכות קרם קרמל מלוח,גרמים,90.00,100 גרם,false,1,14.90,16.5556,true,1,152670
5000186735012,false,סיף קרם רב תכליתי בנ,יוניליוור,GB,סיף קרם רב תכליתי בניחוח לימון 500 מל,ליטרים,500.00,ליטר,false,1,11.90,0.0238,true,1,155321
5000204048711,false,קיווי ספריי להגנת נעלי ספורט 200 מל,ג'ונסון אנד ג'ונסון,NL,"קיווי להגנת נעלי ספורט 200 מ""ל",מיליליטרים,200.00,"100 מ""ל",false,1,17.90,8.9500,true,1,153239
5000204048803,false,"קיווי לניקוי נעלי ספורט 75 מ""ל",ג'ונסון אנד ג'ונסון,NL,"קיווי לניקוי נעלי ספורט 75 מ""ל",מיליליטרים,75.00,"100 מ""ל",false,1,17.90,23.8667,true,1,153240
5000204153729,false,מטהר אוויר גלייד מילוי אוטומטי לבנדר וניל,המאפיה של הרמן,TR,ספריי אוטומטי בניחוח לבנדר וניל,מיליליטרים,269.00,"100 מ""ל",false,1,19.90,7.3978,true,1,147097
5000204153842,false,מטהר אוויר גלייד מילוי אוטומטי וניל,המאפיה של הרמן,TR,"גלייד מילוי אוטומטי וניל 269 מ""ל",מיליליטרים,269.00,"100 מ""ל",false,1,19.90,7.3978,true,1,147099
5000204657883,false,קיווי משחת נעליים בקופסא חום 50 מל,ג' אל ראיה בוגור ג'א,ID,משחת נעליים בצבע חום,יחידה,0.00,יחידה,false,1,6.80,0.0000,true,1,91004
5000204657913,false,קיווי משחת נעליים בקופסא שחור 50 מל,ג' אל ראיה בוגור,ID,קיווי משחת נעליים בקופסא שחור 35 גרם,יחידה,1.00,יחידה,false,1,6.80,6.8000,true,1,91005
5000204658064,false,"קיווי אקספרס ספוג הברקה שחור 7מ""ל",המאפיה של הרמן,ID,קיווי ספוג ייחודי לצחצוח והברקת נעליים 6 מל,מיליליטרים,0.00,"100 מ""ל",false,1,16.20,0.0000,true,1,91006
5000204658125,false,"קיווי נוזל נעליים קראון חום 75 מ""ל",אס' סי' ג'ונסון במה,PL,קיווי משחת נעליים נוזלית לנעלי עור-צבע חום 75 מל,מיליליטרים,75.00,"100 מ""ל",false,1,13.90,18.5333,true,1,91007
5000204658187,false,"קיווי נוזל נעליים קראון שחור 75 מ""ל",אס' סי' ג'ונסון במה,PL,קיווי נוזל לניקוי נעליים שחור 75 מל,מיליליטרים,75.00,"100 מ""ל",false,1,13.90,18.5333,true,1,91008
5000204660159,false,קיווי אקספרס ספוג הברקה שקוף,המאפיה של הרמן,ID,קיווי ספוג ייחודי לצחצוח והברקת נעליים,גרמים,750.00,100 גרם,false,1,16.20,2.1600,true,1,91009
5000204661392,false,"קיווי מ.נעלים קופסא שחור 100מ""ל",המאפיה של הרמן,ID,קיווי משחת נעליים שחור 65 גרם,יחידה,0.00,יחידה,false,1,10.90,0.0000,true,1,91010
5000213014905,false,בירה גינס 440 מל פחית,פארייפאבה אגרואינדוס,IE,בירה גינס 330 מל,מיליליטרים,440.00,"100 מ""ל",false,1,15.90,3.6136,true,1,118902
5000267014234,false,וויסקי ג'וני ווקר רד לייבל Red label,ג'וני ווקר Johnnie walker,,"גוני ווקר אדום 700 מ""ל",מיליליטרים,700.00,"100 מ""ל",false,1,99.90,14.2714,true,1,106854
5000267015200,false,וויסקי ג'וני ווקר רד לייבל 200מ''ל,DIAGEO,,"ויסקי גוני ווקר אדום בקבוק 200 מ""ל",מיליליטרים,200.00,"100 מ""ל",false,1,32.90,16.4500,true,1,29658
5000267171654,false,גוני ווקר שחור 200 מ,ג'ון ווקר ובניו,GB,"ג'וני שחור 200 מ""ל פוקט 40% כהל",מיליליטרים,200.00,"100 מ""ל",false,1,59.90,29.9500,true,1,146785
5000289925440,false,גין גורדון בקבוק 700,אלכסנדר גורדון ושות',,"גין גורדון בקבוק 700 מ""ל",מיליליטרים,700.00,"100 מ""ל",false,1,109.90,15.7000,true,1,110416
5000291020706,false,משקה גין טנקרי 700 מ,צ'רלס טנקרי ושות',GB,טנקרי ג'ין יבש 750 מל,מיליליטרים,750.00,"100 מ""ל",false,1,149.90,19.9867,true,1,149719
5000299223031,false,"רום קפטן מורגן ספייסד 750 מ""ל",יבואן ומשווק: ש. שסט,,קפטן מורגן ספייסד גולד 750 מל,מיליליטרים,700.00,"100 מ""ל",false,1,114.90,16.4143,true,1,118570
5000329002193,false,משקה ג'ין ביפאיטר 70,פרנו ריקרד יורו,,"ג'ין ביפאיטר, 700 מ''ל",מיליליטרים,1.00,"100 מ""ל",false,1,119.90,11990.0000,true,1,110415
5000394019089,false,סוללה פלוס פאוור 2 יחידות C דורסל,פרוקטר אנד גמבל,US,סוללות דורסל C פלוס פאור זוג,יחידה,1.00,יחידה,false,1,28.90,28.9000,true,1,117120
5000394019171,false,סוללה פלוס פאוור 2 יחידות D דורסל,פרוקטר אנד גמבל,US,דורסל סוללות D|2,יחידה,1.00,יחידה,false,1,28.90,28.9000,true,1,117121
5000396037531,true,מקוויטיס ביסקויט מצו,קריניציה ויטמינה אס,,מקוויטיס ביסקויט מצו,Unknown,0.00,Unknown,false,1,10.90,0.0000,true,1,129356
5000396037548,true,מקוויטיס ביסקויט מצו,קריניציה ויטמינה אס,,מקוויטיס ביסקויט מצו,Unknown,0.00,Unknown,false,1,14.90,0.0000,true,1,129357
5000396037944,true,מקוויטיס ביסקויט קלא,קריניציה ויטמינה אס,,"מקויטיס, ביסקוויט מקמח חיטה קלאסי 250 גרם",Unknown,0.00,Unknown,false,1,9.90,0.0000,true,1,129359
5010029000252,true,וויטביקס מקורי 430 ג,ויטהביקס לימיטד,,וויטביקס מקורי 430 גרם,גרמים,430.00,100 גרם,false,1,22.90,5.3256,true,1,152808
5010038454831,false,בירה בלו מון 330 מל בקבוק,"איי, בי, אינבוו",IL,"בירה בלו מון 5.4% כוהל 330 מ""ל",מיליליטרים,330.00,"100 מ""ל",false,1,13.90,4.2121,true,1,143110
5010103800051,false,ויסקי J&B בקבוק 200,DIAGEO,,"ויסקי J&B בקבוק 200 מ""ל",מיליליטרים,200.00,"100 מ""ל",false,1,32.90,16.4500,true,1,29659
5010103800259,false,"וויסקי גיי אנד בי 700 מ""ל",גסטוריני אנד ברוקס,,"ויסקי J&B בקבוק 700 מ""ל",מיליליטרים,700.00,"100 מ""ל",false,1,109.90,15.7000,true,1,41831
5010103943024,false,"ג'יי אנד בי פוקט 200 מ""ל",ג'וסטריני אנד ברוקס,GB,"ג'יי אנד בי 200 מ""ל פוקט 40% כהל",מיליליטרים,200.00,"100 מ""ל",false,1,34.90,17.4500,true,1,146784
5010123703585,false,ליסטרין שטיפת פה קולמינט 500 מל,גונסון אנד גונסון,IT,"ליסטרין מי פה קול מינט 500 מ""ל",מיליליטרים,500.00,"100 מ""ל",false,1,17.90,3.5800,true,1,118131
5010182996805,false,רייד מונע עש שמן עץ הארז,זובלה,IT,רייד נגד עש בניחוח עץ לבנדר,Unknown,0.00,Unknown,false,1,13.80,0.0000,true,1,5305
5010182997253,false,"רייד ארוסול קוטל ג''וקים - 300 מ""ל",אס.סי.ג'ונסון מידרכט,NL,"תרסיס רייד מקס קוטל חרקים 300 מ""ל",מיליליטרים,300.00,"100 מ""ל",false,1,19.90,6.6333,true,1,5306
5010182997338,false,"טואלט דאק ג'ל אסלה ניחוח רענן 55 מ""ל","איטיליאן פוד, אס.פי.",IT,ג'ל נוזלי לאסלה בניחוח רענן 55 מל,מיליליטרים,55.00,"100 מ""ל",false,1,11.90,21.6364,true,1,5307
5010182997680,false,"רייד ארוסול קוטל נמלים - 300 מ""ל",אס.סי.ג'ונסון מידרכט,NL,"תרסיס רייד קוטל נמלים אדום 300 מ""ל",מיליליטרים,300.00,"100 מ""ל",false,1,19.90,6.6333,true,1,5310
5010182997918,false,"טואלט דאק ג'ל אסלה בניחוח ים 55 מ""ל","איטיליאן פוד, אס.פי.",IT,דאק ג'ל לאסלה בניחוח ים 55 מל,מיליליטרים,55.00,"100 מ""ל",false,1,11.90,21.6364,true,1,5312
5010182998861,false,"טואלט דאק נוזל לאסלה ירוק 750 מ""ל",מיוצר עי קונדיטוריית,NL,דאק נוזל לניקוי אסלה ירוק בניחוח רענן- בודד 750 מ,מיליליטרים,750.00,"100 מ""ל",false,1,12.90,1.7200,true,1,71533
5010232964211,false,דורקס EXTRA SAFE - קונדומים שקופים עבים,דורקס Durex,TH,קונדומים דורקס אקסטרא סייף 12 יחידות,לא מנהל יחידת מידה,0.00,לא מנהל יחידת מידה,false,1,39.90,0.0000,true,1,19194
5010232964228,false,דורקס THIN FEEL - קונדומים דקים להגברת התחושה,דורקס Durex,TH,"קונדמים קצר ולעניין, דק 12 יחידות",לא מנהל יחידת מידה,0.00,לא מנהל יחידת מידה,false,1,39.90,0.0000,true,1,19195
5010314048907,false,"וויסקי מקאלן פיין אוק 12 שנה 700 מ""ל",מקאלן דיסטילרי,GB,מקאלן וויסקי 12 שנה 700 מל,מיליליטרים,700.00,"100 מ""ל",false,1,269.90,38.5571,true,1,141194
5010327000046,false,וויסקי גרנט'ס סקוטי,"איי, בי, אינבוו",,"ויסקי גרנטס 700 מ""ל",מיליליטרים,700.00,"100 מ""ל",false,1,89.90,12.8429,true,1,5319
5010327105215,false,וויסקי מאנקי שולדר Monkey Shoulder,וויליאם גרנט ובניו,GB,"ויסקי מנקי שולדר 700 מ""ל",מיליליטרים,700.00,"100 מ""ל",false,1,149.90,21.4143,true,1,152698
5010327399614,false,"גלנפידיך 12 אמריקן אווק כשר 700 מ""ל",וויליאם גרנטס ובניו,GB,גלנפידיך 12 שנה 700 מל,מיליליטרים,700.00,"100 מ""ל",false,1,219.90,31.4143,true,1,155683
5010327755014,false,"גין הנדריקס 700 מ""ל",גרנט'ס (William Gran,GB,"גין הנדריקס 700 מ""ל",מיליליטרים,700.00,"100 מ""ל",false,1,149.90,21.4143,true,1,152700
5010677551281,false,"בקרדי בריזר לימון 275 מ""ל בקבוק",בקרדי בריזר Bacardi Breezer,BE,"בריזר - משקה כוהלי מוגז בטעם לימון 275 מ""ל",מיליליטרים,275.00,"100 מ""ל",false,1,14.90,5.4182,true,1,5322
5010677551397,false,"בקרדי בריזר לימון ליים 275 מ""ל",בקרדי בריזר Bacardi Breezer,BE,"בריזר - משקה כוהלי מוגז בטעם ליים 275 מ""ל",מיליליטרים,275.00,"100 מ""ל",false,1,14.90,5.4182,true,1,106482
5010677552387,false,"בקרדי בריזר אננס 275 מ""ל בקבוק",בקרדי בריזר Bacardi Breezer,BE,"בריזר - משקה כוהלי מוגז בטעם אננס 275 מ""ל",מיליליטרים,275.00,"100 מ""ל",false,1,14.90,5.4182,true,1,5323
5010677554398,false,"בקרדי בריזר אבטיח 275 מ""ל בקבוק",בקרדי בריזר Bacardi Breezer,BE,"בריזר - משקה כוהלי מוגז בטעם אבטיח 275 מ""ל",מיליליטרים,275.00,"100 מ""ל",false,1,14.90,5.4182,true,1,5325
5010677714006,false,"גין בומבאי ספייר 700 מ""ל",ג'ון דיואר ובניו,ES,ג'ין בומביי ספייר,מיליליטרים,700.00,"100 מ""ל",false,1,129.90,18.5571,true,1,148407
5010677850100,false,וודקה גריי גוס בקבוק,בקרדי מרטיני,FR,"וודקה גריי גוס 750 מ""ל",מיליליטרים,700.00,"100 מ""ל",false,1,139.90,19.9857,true,1,124340
5011007003005,false,"וויסקי ג'יימסון אירי מזוקק 700 מ""ל",אייריש דיסטילרז,IE,"וויסקי אירי, ג'יימסון, 700 מ''ל",מיליליטרים,700.00,"100 מ""ל",false,1,114.90,16.4143,true,1,55669
5011157630281,false,אורז לבן ארוך בסמטי טילדה Tilda,אלסקה/ טילדה,GB,"אורז טילדה בסמטי 1 ק""ג",קילוגרמים,1.00,"ק""ג",false,1,24.90,24.9000,true,1,5328
5014271002675,false,מעדן פרי תפוח וקינמון 284 גרם,סאנטדלפור,FR,מעדן פרי תפוח וקינמון סנדלפור 284 גרם,גרמים,284.00,100 גרם,false,1,21.90,7.7113,true,1,143094
5014271300429,false,סן דלפו מעדן משמש ללא סוכר 284גר,סנדלפור St.dalfour,FR,"מעדן משמש 284 גר """,גרמים,284.00,100 גרם,false,1,21.90,7.7113,true,1,5341
5014271310428,false,סן דלפו מעדן דבדבן שחור ללא סוכ 284 ג',המאפיה של הרמן,FR,מעדן דובדבנים שחורים סן דלפור 284 גרם,גרמים,284.00,100 גרם,false,1,21.90,7.7113,true,1,5342
5014271330426,false,מעדן סאנט דלפור אוכמניות כחולות 284 גר,סנדלפור St.dalfour,FR,מעדן אוכמניות כחולות סן דלפור 284 גרם,גרמים,284.00,100 גרם,false,1,21.90,7.7113,true,1,5343
5014271350424,false,מעדן סאנט דלפור ארבע פירות 284 גר,המאפיה של הרמן,FR,מעדן ארבע פירות סן דלפור 284 גרם,גרמים,284.00,100 גרם,false,1,21.90,7.7113,true,1,14217
5014271360423,false,סן דלפו מעדן תפוז ללא סוכר 284 ג',המאפיה של הרמן,FR,מעדן סנדלפור תפוז 284 גרם,גרמים,284.00,100 גרם,false,1,21.90,7.7113,true,1,5344
5014271370422,false,סן דלפו מעדן אפרסק ללא סוכר 284גר,סנדלפור St.dalfour,FR,מעדן אפרסק סן דלפור 284 גרם,גרמים,284.00,100 גרם,false,1,21.90,7.7113,true,1,5345
5014271400426,false,סן דלפו מעדן תות שדה ללא סוכר 284 ג',המאפיה של הרמן,FR,מעדן תות שדה סן דלפור 284 גרם,גרמים,284.00,100 גרם,false,1,21.90,7.7113,true,1,5347
5014271560427,false,מעדן סאנט דלפור תפוז גינגר 284 גר,סנדלפור St.dalfour,FR,מעדן סנדלפור תפוז ג'ינגר 284 גרם,גרמים,284.00,100 גרם,false,1,21.90,7.7113,true,1,14219
5014271795980,false,מעדן סאנט דלפור אוכמניות וחמוציות 284 גר,סנדלפור St.dalfour,FR,סנדלפור מעדן חמוציות ואוכמניות 284 גרם,גרמים,284.00,100 גרם,false,1,21.90,7.7113,true,1,22216
5014379009972,false,בירה לאגר באדוויזר פחית 500 מל,באדווייזר Budweiser,GB,בירה באדוויזר,מיליליטרים,500.00,"100 מ""ל",false,1,11.90,2.3800,true,1,142437
5024546366609,false,"וויסקי 700 מ""ל LAUDERS SCOTCH",מקדוף אינטרנשנל דיסט,,לאודרס וויסקי סקוטי 700 מל,גרמים,700.00,100 גרם,false,1,89.90,12.8429,true,1,69968
5026489483955,false,חטיף חומוס סיסולט איט ריל 45 גרם,קופרש סנק פודס,GB,חטיף חומוס סיסולט 45 גרם,גרמים,45.00,100 גרם,false,1,7.90,17.5556,true,1,120900
5029053002408,false,קלינקס - נייר טואולט קליניקס לבן 9 גלילים,קימברלי קלארק ישראל,IL,"קלינקס נייר טואלט דו שכבתי לבן, 9 גלילים",מטרים,27500.00,מטר,false,1,36.90,0.0013,true,1,5361
5029053510811,false,קוטקס - תחבושות אולטרה נורמל + כנפיים 30 יח',קימברלי קלארק,CZ,קוטקס תחבושות עם כנפיים נורמל פלוס 30 יחידות,Unknown,0.00,Unknown,false,1,19.90,0.0000,true,1,5370
5029053510828,false,קוטקס - תחבושות אולטרה סופר + כנפיים 22 יח',קימברלי קלארק,CZ,קוטקס תחבושות עם כנפיים סופר פלוס 22 יחידות,Unknown,0.00,Unknown,false,1,19.90,0.0000,true,1,5371
5029053523446,false,קוטקס - תחבושות אולטרה נייט + כנפיים 20 יח',קימברלי קלארק,CZ,קוטקס תחבושות עם כנפיים נייט 20 יחידות,לא מנהל יחידת מידה,0.00,לא מנהל יחידת מידה,false,1,19.90,0.0000,true,1,5381
5029053527574,false,תחתוני ספיגה לילדים Drynites בנים לגילאי 4-7,האגיס Huggies,CZ,תחתון ספיגה דריי נייטס 4-7,Unknown,0.00,Unknown,false,1,36.90,0.0000,true,1,31835
5029053527581,false,האגיס דריי נייטס 7-4 בנות 10יח,KC צ'כיה,CZ,תחתון ספיגה דריי נייטס 4-7,Unknown,0.00,Unknown,false,1,36.90,0.0000,true,1,31642
5029053527598,false,האגיס דריי נייטס 15-8 בנים 9יח,KC צ'כיה,CZ,תחתון ספיגה דריי נייטס 15-8,Unknown,0.00,Unknown,false,1,36.90,0.0000,true,1,31643
5029053527604,false,האגיס דריי נייטס 15-8 בנות 9יח,KC צ'כיה,CZ,תחתון ספיגה דריי נייטס 15-8,Unknown,0.00,Unknown,false,1,36.90,0.0000,true,1,31682
5029053538426,false,"ליטל סווימרס 12-18 L ק""ג 11 יח' האגיס",חוגלה קימברלי,CZ,ח.האגיס שחיה 11 L יח,לא מנהל יחידת מידה,0.00,לא מנהל יחידת מידה,false,1,42.90,0.0000,true,1,99483
5029053578309,false,קופסת ממחטות אולטרה סופט 48 דף קלינקס,קימברלי,IL,קלינקס אולטרה סופט קוביה 48 דף,יחידה,1.00,יחידה,false,1,9.90,9.9000,true,1,153212
5035766044673,false,"סיידר תפוחים סטרונגבאו 330 מ""ל בקבוק",האי נאם סי או אל.טי.,BE,סיידר תפוחים 5% אלכוהול סטרונגבאו 330 מל,מיליליטרים,330.00,"100 מ""ל",false,1,9.00,2.7273,true,1,105490
5035766060253,false,"בירה מרפיס פחית 500 מ""ל",מרפיס Murphys,,"בירה מרפיס, בירת סטאוט, פחית 500 מ""ל",מיליליטרים,500.00,"100 מ""ל",false,1,14.80,2.9600,true,1,56935
5038342162419,false,"וויסקי סקוטי מק-איוור 700 מ""ל",קמבל מאייר,GB,וויסקי סקוטי מק-איוור 700מל,מיליליטרים,700.00,"100 מ""ל",false,1,64.90,9.2714,true,1,145523
5038483207949,false,דורקס THIN FEEL קונדומים דקים במיוחד,דורקס Durex,TH,קונדומים דורקס אינימט פיל סיכה 12 יחידות,לא מנהל יחידת מידה,0.00,לא מנהל יחידת מידה,false,1,39.90,0.0000,true,1,41512
5038483574386,false,קונדומים דורקס פדרלי,רקיט בנקיזר הלת'קר,,קונדומים דורקס פדרלייט 3 * 12 יח,לא מנהל יחידת מידה,0.00,לא מנהל יחידת מידה,false,1,14.90,0.0000,true,1,56883
5038483574416,false,קונדומים דורקס אקסטר,רקיט בנקיזר הלת'קר,,קונדומים דורקס אקסטרא 3 יחידות,לא מנהל יחידת מידה,0.00,לא מנהל יחידת מידה,false,1,14.90,0.0000,true,1,89707
5038483578780,false,קונדומים דורקס עלית,רקיט בנקיזר הלת'קר,TH,קונדומים דורקס עלית 3 יחידות,לא מנהל יחידת מידה,0.00,לא מנהל יחידת מידה,false,1,14.90,0.0000,true,1,57179
5050895245463,false,גלי בלי מטהר אוויר ד,יוניליוור,GB,גלי בלי מטהר אוויר דובדבן 300 מל,ליטרים,300.00,ליטר,false,1,11.90,0.0397,true,1,155323
5050895246606,false,גלי בלי מטהר אוויר מ,יוניליוור,GB,גלי בלי מטהר אוויר מוחיטו 300 מל,ליטרים,300.00,ליטר,false,1,11.90,0.0397,true,1,155324
5050895246620,false,גלי בלי מטהר אוויר א,יוניליוור,GB,גלי בלי מטהר אוויר אוכמניות 300 מל,ליטרים,300.00,ליטר,false,1,11.90,0.0397,true,1,155325
5050895246835,false,גלי בלי מפיץ ריח מוח,יוניליוור,CN,גלי בלי מפיץ ריח מוחיטו מקלות 30 מל,ליטרים,30.00,ליטר,false,1,13.90,0.4633,true,1,155326
5050895247351,false,גלי בלי מפיץ ריח דוב,יוניליוור,CN,גלי בלי מפיץ ריח דובדבן מקלות 30 מל,ליטרים,30.00,ליטר,false,1,13.90,0.4633,true,1,155327
5056357900925,false,סניקרס חטיף חלבון חמאת בוטנים 57 גרם,מרס נדרלנד,US,סניקרס חמאת בוטנים 57 גרם,גרמים,59.00,100 גרם,false,1,16.90,28.6441,true,1,148997
5056357901427,false,אם אנד אם חטיף חלבון שוקולד 51 גרם,מארס,GB,חטיף חלבון m&m בטעם שוקולד,גרמים,51.00,100 גרם,false,1,16.90,33.1373,true,1,153252
5056357901441,false,אם אנד אם חטיף חלבון בוטנים 51 גרם,מארס,GB,חטיף חלבון בוטנים 15 חלבון 51 גרם m&m,גרמים,51.00,100 גרם,false,1,16.90,33.1373,true,1,153253
5056357903834,false,באונטי מעושר בחלבון 52 גרם,מארס יורק אנגליה,GB,חטיף באונטי 18גרם חלבון 52גרם,גרמים,52.00,100 גרם,false,1,16.90,32.5000,true,1,153855
5060045588128,false,"וויסקי גים בים לבן 700 מ""ל","איי, בי, אינבוו",US,ג'ים בים וויסקי קנטאקי ברבן ג'ים בים 700 מל,מיליליטרים,700.00,"100 מ""ל",false,1,84.90,12.1286,true,1,136798
5060221201391,false,גרנייד בטעם קרמל chaos,גרנייה,NL,chaosגרנייד בטעם קרמל60 גרם,גרמים,60.00,100 גרם,false,1,16.90,28.1667,true,1,154619
5060221201575,false,חטיף חלבון גרנייד בטעם קרם עוגיות,,GB,חטיף חלבון גרנייד קרם עוגיות 23 חלבון 60,גרמים,60.00,100 גרם,false,1,16.90,28.1667,true,1,153378
5060221201605,false,חטיף חלבון גרנייד בא,,GB,חטיף חלבון גרנייד באוני פאדג 23 חלבון,גרמים,60.00,100 גרם,false,1,16.90,28.1667,true,1,153377
5060221201810,false,גרנייד בטעם שוקולד לבן עוגיות,גרנייה,NL,גרנייד שוקולד לבן עוגיות 60גרם,גרמים,60.00,100 גרם,false,1,16.90,28.1667,true,1,154621
5060221203753,false,חטיף חלבון גרנייד בטעם חמאת בוטנים,,GB,חטיף חלבון גרנייד חמאת בוטנים 21 חלבון,גרמים,60.00,100 גרם,false,1,16.90,28.1667,true,1,153376
5060221203937,false,גרנייד בטעם שוקוצ'יפס בצק עוגיות,גרנייה,NL,גרנייד שוקוציפס בצק עוגיות 60גרם,גרמים,60.00,100 גרם,false,1,16.90,28.1667,true,1,154620
5060319120023,true,תה קנמון - הייר ליבי,הייר ליבינג,GB,תה קינמון אורגני 40 גרם,גרמים,40.00,100 גרם,false,1,18.90,47.2500,true,1,119785
5060402908248,false,סניקרס חטיף חלבון 55 גרם,מרס נדרלנד,US,סניקרס פרוטאין 55 גרם,גרמים,59.00,100 גרם,false,1,16.90,28.6441,true,1,148998
5060402908286,false,מארס חטיף חלבון 59 גרם,מרס נדרלנד,US,מארס פרוטאין 59 גרם,גרמים,59.00,100 גרם,false,1,16.90,28.6441,true,1,148995
5060402909542,false,מארס חטיף חלבון קרמל מלוח 59 גרם,מרס נדרלנד,US,מארס קרמל מלוח 59 גרם,גרמים,59.00,100 גרם,false,1,16.90,28.6441,true,1,148996
5060424705511,false,WARRIOR - חטיף חלבון קראנץ' בטעם שוקולד וקוקוס,תעשיות מזון בלאבאן,US,WARRIOR חטיף חלבון קראנץ שוקולד וקוקוס,גרמים,64.00,100 גרם,false,1,13.90,21.7188,true,1,157273
5060517886486,false,"מונסטר משקה אנרגיה קלאסי 500 מ""ל",מונסטר אנרג'י Monster Energy,RU,"מונסטר אנרג'י פח 500 מ""ל",מיליליטרים,500.00,"100 מ""ל",false,1,8.90,1.7800,true,1,143980
5060639128051,false,"משקה אנרגיה מונסטר אולטרה פחית 500 מ""ל",מונסטר אנרג'י לימטד,RS,"מונסטר ULTRA פח 500 מ""ל",מיליליטרים,500.00,"100 מ""ל",false,1,8.90,1.7800,true,1,146774
5060639129102,false,"משקה אנרגיה מונסטר מנגו פח 500 מ""ל",מונסטר אנרג'י Monster Energy,RS,"מונסטר Mango Loco פח 500 מ""ל",מיליליטרים,500.00,"100 מ""ל",false,1,8.90,1.7800,true,1,148864
5060751218173,false,"משקה אנרגיה מונסטר Pipline punch פח 500 מ""ל",מונסטר אנרג'י לימטד,RS,"מונסטר פייפליין פאנץ' פח 500 מ""ל",מיליליטרים,500.00,"100 מ""ל",false,1,8.90,1.7800,true,1,155034
5060751219033,false,מונסטר אנרגי משקה אנרגיה אולטרה פרדייז,מונסטר אנרג'י לימטד,IE,"מונסטר ULTRA PARADISE פח 500 מ""ל",מיליליטרים,500.00,"100 מ""ל",false,1,8.90,1.7800,true,1,155035
5060756343702,false,WARRIOR - חטיף חלבון קראנץ' שוקולד מריר פטל,תעשיות מזון בלאבאן,US,WARRIORחטיף חלבון קראנץ פטל שוקולד מריר,גרמים,64.00,100 גרם,false,1,13.90,21.7188,true,1,157274
5099873017623,false,"וויסקי גק דניאלס טנסי אפל 700 מ""ל",ג'ק דניאלס Jack Daniel's,BE,ליקר טנסי קינמון על בסיס ג'ק דניאל'ס,מיליליטרים,700.00,"100 מ""ל",false,1,124.90,17.8429,true,1,148865
5099873038758,false,וויסקי ג'נטלמן ג'ק Gentleman Jack,ג'ק דניאלס Jack Daniel's,US,"ג'נטלמן ג'ק 700 מ""ל",מיליליטרים,700.00,"100 מ""ל",false,1,149.90,21.4143,true,1,148296
5200100943701,false,עוגיות שוקולד ציפס מ,Violanta Cookies S.A,GR,עוגיות שוקולד ציפס ממולאות קרם אגוזי לוז 200 ג VIO,גרמים,200.00,100 גרם,false,1,11.90,5.9500,true,1,155736
5200100943725,false,עוגיות שוקולד ציפס מ,Violanta Cookies S.A,GR,עוגיות שוקולד ציפס ממולאות קרם חמאת בוטנ,גרמים,200.00,100 גרם,false,1,11.90,5.9500,true,1,155735
5200100943749,false,עוגיות משיבולת שועל במילוי חמאת בוטנים,Violanta Cookies S.A,GR,עוגיות סנדוויץ משיבולת שועל ממולאות קרם חמאת בוטני,גרמים,200.00,100 גרם,false,1,11.90,5.9500,true,1,155740
5200100943763,false,עוגיות סנדוויץ משיבו,Violanta Cookies S.A,GR,עוגיות סנדוויץ משיבולת שועל ממולאות קרם טחינה 180,גרמים,200.00,100 גרם,false,1,11.90,5.9500,true,1,155741
5200100943787,false,עוגיות משיבולת שועל במילוי שוקולד מריר,Violanta Cookies S.A,GR,עוגיות סנדוויץ משיבולת שועל ממולאות קרם שוקולד מרי,גרמים,200.00,100 גרם,false,1,11.90,5.9500,true,1,155739
5200100943800,false,עוגיות סובין שוקולד מריר 170 גר VIOLANTA,Violanta Cookies S.A,GR,עוגיות סובין במילוי קרם שוקולד מריר 170 ג VIOLANTA,גרמים,200.00,100 גרם,false,1,11.90,5.9500,true,1,155737
5200100943824,false,עוגיות סובין קרם טחינה 170 גר VIOLANTA,Violanta Cookies S.A,GR,עוגיות סובין במילוי קרם טחינה 170 ג VIOLANTA,גרמים,200.00,100 גרם,false,1,11.90,5.9500,true,1,155738
5200133120476,false,גלילות וופלים ממולאים קרם אגוזים וקקאו 400 ג',יוניליוור גרמניה Gm,GR,גליליות וופלים 400 גרם אגוזים וקקאו,גרמים,400.00,100 גרם,false,1,18.90,4.7250,true,1,140692
5200133120483,false,גליליות וופלים ממולא קרם וניל 400 גר,יוניליוור גרמניה Gm,GR,"גליליות וופלים ממולאות קרם בטעם וניל, 400 גרם",גרמים,400.00,100 גרם,false,1,18.90,4.7250,true,1,142453
5201004020338,false,קפריס רולס קלאסיק 400 גרם,פפדופולוס,GR,קפריס רולס קלאסיק 400 גרם,גרמים,400.00,100 גרם,false,1,19.90,4.9750,true,1,141852
5201178801054,false,קרם רב שימושי 250 מל ניוואה,טרופיקל דגיל תעשיות,DE,"ניוואה קרם לחות רב שימושי 250 מ""ל",מיליליטרים,250.00,"100 מ""ל",false,1,29.90,11.9600,true,1,5495
5201347400545,false,רצועות שעווה מוכנות לשימוש לפנים ולאזורים רגישים,רקיט בנקיזר צרפת,FR,רצועות שעווה לפנים ויט,יחידה,1.00,יחידה,false,1,34.90,34.9000,true,1,80026
5201583042028,false,טופי פירות ללא סוכר,PALLAS,GR,PALLAS,גרמים,175.00,100 גרם,false,1,11.90,6.8000,true,1,152384
5201583414221,false,שקית מידי גנינבה ללס,LAVDAS,GR,שקית מידי גנינבה ללס טעמים שונים 175 גרם,גרמים,175.00,100 גרם,false,1,23.90,13.6571,true,1,152401
5201940010110,false,זיתים שחורים מזן קלמטה בפח 454 גרם,סיוארס אס.איי,GR,זיתים שחורים טבעיים קלמטה 454 גרם,גרמים,454.00,100 גרם,false,1,14.90,3.2819,true,1,37694
5202302000022,false,זיתים שחורים טבעיים 275 גרם,לילייה פודס,GR,זיתים שחורים טבעיים ליליה 275 גרם,גרמים,275.00,100 גרם,false,1,16.90,6.1455,true,1,119838
5202302000039,true,זיתים שחורים טבעיים,לילייה פודס,GR,זיתים שחורים טבעיים קלמטה ליליה 275 גרם,גרמים,275.00,100 גרם,false,1,17.90,6.5091,true,1,119793
5202302010014,true,זיתים שחורים טאסוס,לילייה פודס,GR,"זיתים שחורים "" טאסוס"" מיוון",לא מנהל יחידת מידה,0.00,לא מנהל יחידת מידה,false,1,12.90,0.0000,true,1,120596
5202390014192,false,גבינה צהובה טבעונית זיתים ויאו לייף 200 ג',פרוטרופיק סיה.,GR,צהובה טבעונית עם זיתים200 גרם ויולייף,גרמים,200.00,100 גרם,false,1,23.90,11.9500,true,1,119104
5202390014222,false,גבינה צהובה טבעונית עגבניות בזיליקום ויאו לייף 200 ג',פרוטרופיק סיה.,GR,צהובה עגבניות בזיל טבעוני 200 גרם ויוליף,גרמים,200.00,100 גרם,false,1,23.90,11.9500,true,1,119070
5202390014239,false,גבינה צהובה טבעונית עשבי תיבול ויאו לייף 200 ג',פרוטרופיק סיה.,GR,צהובה עשבי תיבול טבעוני 200 גרם ויולייף,גרמים,200.00,100 גרם,false,1,23.90,11.9500,true,1,119071
5202390015618,false,גבינה צהובה טבעונית אורגינל ויאו לייף 200 ג',אריביה אס.אי. 57022,GR,צהובה אורגינל טבעוני 200 גרם ויולייף,גרמים,200.00,100 גרם,false,1,23.90,11.9500,true,1,100500
5202390016967,false,צהובה טבעונית פטריות,אריביה אס.אי. 57022,GR,צהובה עם פטריות טבעוני 200 גרם ויולייף,גרמים,200.00,100 גרם,false,1,23.90,11.9500,true,1,124086
5202390020407,false,פטה טבעונית גוש ויולייף 200 ג',ביוט איילנד פודס בעמ,GR,יוונית בסגנון פטה טבעוני 200 גרם ויולייף,גרמים,200.00,100 גרם,false,1,27.90,13.9500,true,1,123035
5208049000660,false,סיגריות פאל מאל הווא,גלוברנס,,סיגריות פאל מאל הוואנה דאבל קפסולה בודד,יחידה,1.00,יחידה,false,1,31.40,31.4000,false,1,126044
5208049001452,false,גולדן וירגיניה ירוק 30 גר+נייר PP,BAT,,גולדן ירוק 30 ג+ נייר PP פקט חפיסה,יחידה,1.00,יחידה,false,1,70.00,70.0000,false,1,143204
5208049001483,false,גולדן וירגיניה לבן 30 גר+נייר PP יחידה,,,גולדן וירגיניה לבן30 גר+ נייר גלגול P,גרמים,30.00,100 גרם,false,1,70.00,233.3333,true,1,142895
5208049001513,false,גולדן וירגיניה צהוב30 גר+נייר לגלגול יח,,,גולדן וירגיניה צהוב 30 גר+ נייר גלגול P,גרמים,30.00,100 גרם,false,1,70.00,233.3333,true,1,142894
5208049001841,false,פאל מאל דמי קפסולה חפיסה,גלוברנס,,פאל מאל דמי קפסולה בודד,יחידה,1.00,יחידה,false,1,27.30,27.3000,false,1,142604
5410126006087,false,"לוטוס ביסקוויט קרמל 700 ג' בד""צ",לוטוס ביקרי נ.וי.,BE,ביסקוויט לוטוס בטעם קרמל700 גר,גרמים,700.00,100 גרם,false,1,29.90,4.2714,true,1,99466
5410126006360,false,לוטוס עוגיות סנדוויץ' במילוי לוטוס 150 גר',לוטוס ביקרי בלגיה נ.,BE,לוטוס עוגיות סנדוויץ במילוי לוטוס 150 גר,גרמים,150.00,100 גרם,false,1,9.90,6.6000,true,1,153257
5410126006377,false,לוטוס עוגיות סנדוויץ' במילוי וניל 150 גר',לוטוס ביקרי בלגיה נ.,BE,לוטוס עוגיות סנדוויץ במילוי וניל 150 גרם,גרמים,150.00,100 גרם,false,1,9.90,6.6000,true,1,153258
5410126106022,false,מארז עוגיות לוטוס 250 גר*2,לוטוס ביקרי נ.וי.,BE,מארז חגים לוטוס 2 250 גרם,גרמים,250.00,100 גרם,false,1,23.90,9.5600,true,1,156629
5410126106183,false,ביסקויט לוטוס קרמל 312 גר 50 יח ארוז,כלורוקס אוקלנד,BE,"ביסקויט קרמל 312 גרם בד""צ 50 יח ארוז בנפ",גרמים,312.00,100 גרם,false,1,19.90,6.3782,true,1,14377
5410126116953,false,ממרח עוגיות לוטוס קרמל 400 גר,לוטוס בייקרי בלגיה נ,BE,לוטוס ממרח עוגיות קרמל 400 גרם,גרמים,400.00,100 גרם,false,1,22.90,5.7250,true,1,90972
5410126126020,false,לוטוס ביסקוויט בטעם קרמל מארז זוג * 250 גרם,לוטוס ביקרי נ.וי,,מארז שבועות עוגיות לוטוס250גרם,גרמים,250.00,100 גרם,false,1,23.90,9.5600,true,1,150282
5410126716016,false,"ביסקוויט בטעם קרמל לוטוס בד""צ 250 ג'",לוטוס ביקרי בלגיה,BE,"ביסקויט בטעם קרמל לוטוס 250 גרם בד""צ",גרמים,250.00,100 גרם,false,1,12.90,5.1600,true,1,5851
5410126726947,false,ממרח עוגיות לוטוס קראנץ' 380 גרם,לוטוס בייקרי בלגיה נ,BE,ממרח עוגיות לוטוס קראנץ',גרמים,380.00,100 גרם,false,1,22.90,6.0263,true,1,100965
5410173210055,false,רומבוסט קפה טחון וקלוי לפילטר 70 גרם,קופי רומבוטס,BE,רומבוטס קפה קלוי וטחון לפילטר 10 יח' 70 גרם,גרמים,70.00,100 גרם,false,1,23.90,34.1429,true,1,92971
5410228146162,false,בירה לף ברון בקבוק 3,קרלסברג יבוא יצוא,BE,"בירה לף ברון בקבוק 330 מ""ל",מיליליטרים,330.00,"100 מ""ל",false,1,9.90,3.0000,true,1,53685
5410228217732,false,פחית בירה סטלה ארטואה,מנדלז סי.אר. פרודקשן,BE,בירה סטלה ארטואה בפחית 440 מל,מיליליטרים,440.00,"100 מ""ל",false,1,12.90,2.9318,true,1,148866
5410228267508,false,"באדוויזר בקבוק 330 מ""ל - 5% אלכוהול","איי, בי, אינבוו",GB,בירה באדוויזר,מיליליטרים,330.00,"100 מ""ל",false,1,8.90,2.6970,true,1,142436
5410228267515,false,"שישיית בירה לאגר באדוויזר 6*330 מ""ל",באדווייזר Budweiser,GB,בירה באדוויזר,ליטרים,1.98,ליטר,false,1,43.90,22.1717,true,1,142430
5410316233446,false,וודקה סמירנוף אדום 2,דיאג'ו סקוטלנד בעמ,,סמירנוף וודקה 200 מל,מיליליטרים,200.00,"100 מ""ל",false,1,24.90,12.4500,true,1,118564
5410316983693,false,"סמירנוף אייס בודד 275 מ""ל",סמירנוף אייס Smirnoff ice,IT,סמירנוף אייס,מיליליטרים,275.00,"100 מ""ל",false,1,12.90,4.6909,true,1,13104
5410316994019,false,"וודקה סמירנוף אדום 700מ""ל",דיאג'ו אופריישנס איט,US,סמירנוף וודקה 700 מל,מיליליטרים,700.00,"100 מ""ל",false,1,84.90,12.1286,true,1,103253
5410769100081,false,"בירה לה שוף 330 מ""ל בקבוק","איי, בי, אינבוו",BE,לה שוף בירה חזקה ומעוננת 330 מל,מיליליטרים,330.00,"100 מ""ל",false,1,15.90,4.8182,true,1,68378
5410769200088,false,"בירה מק שוף 330 מ""ל בקבוק",פארייפאבה אגרואינדוס,BE,"בירה מק שוף בקבוק 330 מ""ל",מיליליטרים,330.00,"100 מ""ל",false,1,15.90,4.8182,true,1,68380
5410769800097,false,"בירה לה צרי שוף 8% 330 מ""ל בקבוק",פארייפאבה אגרואינדוס,BE,"בירה צרי שוף 8% בקבוק 330 מ""ל",מיליליטרים,330.00,"100 מ""ל",false,1,15.90,4.8182,true,1,118146
5410850413304,false,בונבוניירה צדפות בלג,BARILLA G.E.R.,BE,BARONI DE LUXEבונ צדפות בלגיים 250 ג,גרמים,250.00,100 גרם,false,1,19.90,7.9600,true,1,156118
5411081000677,false,"בירה קסטיל טריפל 330 מ""ל",מבשלת קסטל ואן הונסב,BE,"בירה קסטיל טריפל 330 מ""ל",מיליליטרים,330.00,"100 מ""ל",false,1,12.90,3.9091,true,1,143213
5411081003654,false,"בירה קסטיל רוז 330 מ""ל",מבשלת קסטל ואן הונסב,BE,בירה קסטל רוזי 330,מיליליטרים,330.00,"100 מ""ל",false,1,12.90,3.9091,true,1,123584
5411188081852,false,אלפרו משקה סויה בטעם וניל 1 ל',הנסיך- מפעל לייצור ט,BE,משקה סויה אלפרו וניל 1 ליטר,ליטרים,1.00,ליטר,false,1,14.90,14.9000,true,1,101013
5411188094159,false,אלפרו מעדן סויה בטעם שוקו בלגי 125 גר*4,הנסיך- מפעל לייצור ט,BE,אלפרו מעדן סויה שוקולד מריר 4*125מל,גרמים,500.00,100 גרם,false,1,17.90,3.5800,true,1,42742
5411188096108,false,"שמנת לבישול ע""ב סויה 250 מ""ל אלפרו",אלפרו C.V.A,BE,"שמנת לבישול אלפרו 250 מ""ל",מיליליטרים,250.00,"100 מ""ל",false,1,9.90,3.9600,true,1,63663
5411188106159,false,אלפרו סויה לייט מופחת שומן 1.2% 1 ליטר,הנסיך- מפעל לייצור ט,BE,אלפרו משקה סויה מופחת שומן 1ל,ליטרים,1.00,ליטר,false,1,14.90,14.9000,true,1,101014
5411188110835,false,אלפרו חלב סויה שקדים וניל 1ל',הנסיך- מפעל לייצור ט,BE,אלפרו משקה שקדים 1ל,ליטרים,1.00,ליטר,false,1,14.90,14.9000,true,1,93366
5411188110842,false,משקה אגוזי לוז אלפרו,הנסיך- מפעל לייצור ט,BE,אלפרו משקה אגוזי לוז בתוספת סידן וויטמינים 1 ליטר,ליטרים,1.00,ליטר,false,1,14.90,14.9000,true,1,93367
5411188112549,false,משקה קוקוס אלפרו 1 ליטר משקה אורז 1 ליטר,הנסיך- מפעל לייצור ט,BE,אלפרו משקה אורז 1ל,ליטרים,1.00,ליטר,false,1,14.90,14.9000,true,1,100045
5411188112709,false,"משקה קוקוס אלפרו 1 ליטר משקה שקדים לל""ס",הנסיך- מפעל לייצור ט,BE,אלפרו משקה שקדים ללס 1ל,ליטרים,1.00,ליטר,false,1,14.90,14.9000,true,1,103690
5411188115366,false,משקה קוקוס אלפרו 1 ליטר משקה שיבולת שועל 1 ליטר,הנסיך- מפעל לייצור ט,BE,אלפרו משקה שיבולת שועל 1 ליטר,ליטרים,1.00,ליטר,false,1,14.90,14.9000,true,1,100046
5411188115472,false,אלפרו משקה סויה 1 ליטר,הנסיך- מפעל לייצור ט,BE,אלפרו משקה סויה 1ל,ליטרים,1.00,ליטר,false,1,14.90,14.9000,true,1,147280
5411188116905,false,אלפרו משקה סויה בטעם בננה 1ל,אלפרו C.V.A,BE,אלפרו משקה סויה בטעם בננה 1ליטר,ליטרים,1.00,ליטר,false,1,14.90,14.9000,true,1,154777
5411188118732,false,אלפרו חלב משקה קוקוס שקדים 1 ל',הנסיך- מפעל לייצור ט,BE,אלפרו משקה שקדים קוקוס 1ל,ליטרים,1.00,ליטר,false,1,14.90,14.9000,true,1,112335
5411188120742,false,משקה קוקוס אלפרו 1 ליטר שקדים וניל 1 ל',הנסיך- מפעל לייצור ט,BE,אלפרו משקה שקדים וניל 1ל,ליטרים,1.00,ליטר,false,1,14.90,14.9000,true,1,112261
5411188121923,false,"אלפרו משקה סויה סידן מארז 250X3מ""ל",הנסיך- מפעל לייצור ט,BE,אלפרו משקה סויה 3*250מל,מיליליטרים,750.00,"100 מ""ל",false,1,14.90,1.9867,true,1,118177
5411188124726,false,אלפרו משקה שיבולת שועל שקדים 1 ליטר,הדקלאים אגודת שיתופי,BE,אלפרו משקה ש.שועל שקדים1ל,ליטרים,1.00,ליטר,false,1,14.90,14.9000,true,1,118053
5411188127697,false,אלפרו משקה בריסטה שיבולת שועל 1 ליטר,הנסיך- מפעל לייצור ט,BE,אלפרו בריסטה שיבולת שועל 1ל,ליטרים,1.00,ליטר,false,1,14.90,14.9000,true,1,147282
5411188129899,false,משקה אלפרו בריסטה שקדים 1 ליטר,הנסיך- מפעל לייצור ט,BE,אלפרו בריסטה שקדים 1ל,ליטרים,1.00,ליטר,false,1,14.90,14.9000,true,1,147283
5411188133476,false,אלפרו משקה סויה שוקו+חלבון 250 גרם בית יוסף,אלפרו C.V.A,BE,"אלפרו משקה סויה שוקו עם חלבון 250 מ""ל",מיליליטרים,250.00,"100 מ""ל",false,1,7.50,3.0000,true,1,151286
5411188134985,false,אלפרו 3.5% NOT M*LK שיבולת שועל 1 ליטר בית יוסף,הנסיך- מפעל לייצור ט,BE,3.5%שומן NOT MILK אלפרו שבולת שועל 1 לי,ליטרים,1.00,ליטר,false,1,13.90,13.9000,true,1,151288
5411188135005,false,אלפרו 1.8% NOT M*LK שיבולת שועל 1 ליטר בית יוסף,הנסיך- מפעל לייצור ט,BE,1.8%שומן NOT MILK אלפרו שבולת שועל 1 לי,ליטרים,1.00,ליטר,false,1,13.90,13.9000,true,1,151287
5411188513483,false,"אלפרו סויה לבישול 14% שומן 250 מ""ל",אלפרו C.V.A,BE,אלפרו סויה לבישול 14% שומן 250מל,מיליליטרים,250.00,"100 מ""ל",false,1,9.90,3.9600,true,1,153943
5411188543398,false,אלפרו משקה סויה ללא סוכר 1 ליטר,הנסיך- מפעל לייצור ט,BE,אלפרו משקה סויה ללא סוכר 1 ליטר,ליטרים,1.00,ליטר,false,1,14.90,14.9000,true,1,147284
5411616002190,false,"בירה STRONG מרטינס 8.5% כהל 500 מ""ל",מבשלת מרטנס,BE,"בירה Strong מרטנס 500 מ""ל 8.5%",מיליליטרים,500.00,"100 מ""ל",false,1,6.90,1.3800,true,1,118572
5411616133245,false,"בירה מרטנס פחית 500 מ""ל",מבשלת מרטנס,BE,"בירה מרטנס ירוק פרימיום 500 מ""ל 5%",מיליליטרים,500.00,"100 מ""ל",false,1,6.90,1.3800,true,1,100574
5411616148546,false,"בירה מרטינס גולד 500 מ""ל-פחית",מבשלת מרטנס,BE,בירה מרטנס גולד 500מל 6.5%,מיליליטרים,500.00,"100 מ""ל",false,1,6.90,1.3800,true,1,112380
5411681014005,false,בירה דובל 330 מל פקד,פארייפאבה אגרואינדוס,IL,"בירה דובל בקבוק 330 מ""ל",מיליליטרים,330.00,"100 מ""ל",false,1,15.90,4.8182,true,1,5871
5411681038001,false,בירה מרדסו טריפל 330 מל,"איי, בי, אינבוו",BE,בירה מרדסו 10% כוהל 330 מל,מיליליטרים,330.00,"100 מ""ל",false,1,15.90,4.8182,true,1,112311
5412956214519,false,שוקולד מריר עם תפוז ושקדים 100 גרם,Kim's Chocolates NV,BE,טב שוקולד מריר עם תפוז ושקדים 100 ג CACHET,גרמים,100.00,100 גרם,false,1,9.90,9.9000,true,1,155746
5412956214526,false,שוקולד מריר עם אגס ושקדים 100 גרם,Kim's Chocolates NV,BE,טב שוקולד מריר עם אגס ושקדים 100 ג CACHET,גרמים,100.00,100 גרם,false,1,9.90,9.9000,true,1,155747
5412956214533,false,שוקולד מריר עם לימון ופלפל שחור 100 גרם,Kim's Chocolates NV,BE,טב שוקולד מריר עם לימון ופלפל שחור 100 ג CACHET,גרמים,100.00,100 גרם,false,1,9.90,9.9000,true,1,155745
5412956214540,false,שוקולד מריר עם גינגר ואוכמניות 100 גרם,Kim's Chocolates NV,BE,טב שוקולד מריר עם גינגר ואוכמניות 100 ג CACHET,גרמים,100.00,100 גרם,false,1,9.90,9.9000,true,1,155748
5412956214632,false,שוקולד 90% מריר קאשט,Kim's Chocolates NV,BE,טב שוקולד מריר 90% קקאו 100 ג CACHET,גרמים,100.00,100 גרם,false,1,9.90,9.9000,true,1,155742
5412956214649,false,שוקולד מריר 85% קקאו 100 גרם,Kim's Chocolates NV,BE,טב שוקולד מריר 85% קקאו 100 ג CACHET,גרמים,100.00,100 גרם,false,1,9.90,9.9000,true,1,155743
5412956214670,false,שוקולד מריר 70% קקאו 100 גרם,Kim's Chocolates NV,BE,טב שוקולד מריר 70% קקאו 100 ג CACHET,גרמים,100.00,100 גרם,false,1,9.90,9.9000,true,1,155744
5413202173109,false,בונ פרלינים בלגיים 1,DELAFAILLE,BE,בונ פרלינים בלגיים 100 ג 4 צבעים DELAF,גרמים,100.00,100 גרם,false,1,21.90,21.9000,true,1,149660
5413202178609,false,DELAFAILפרלינים בלגי,ITALIANA CONFETTI,IT,DELAFAILפרלינים בלגיים 200גרם מלבן זהב,גרמים,200.00,100 גרם,false,1,29.90,14.9500,true,1,152406
5413216990242,true,צוקטה צדפי שוקולד 25,הדקלאים אגודת שיתופי,BE,צדפי שוקולד 250 גרם,לא מנהל יחידת מידה,0.00,לא מנהל יחידת מידה,false,1,19.90,0.0000,true,1,120316
5413548040479,false,בונבוניירה רפאלו 240 גרם,קדבורי,PL,כדור וופל בציפוי קוקוס פריך במילוי קרם ושקד שלם,גרמים,240.00,100 גרם,false,1,25.90,10.7917,true,1,75114
5601010211070,false,סרדין במים 125 גר רמירז,רמירז אנד קה פילהאוס,PT,שימורי סרדינים במי מלח 100 גרם,גרמים,125.00,100 גרם,false,1,11.20,8.9600,true,1,70502
5601045300022,false,משקה גוארנה אנטרטיקה פחית 355 מל,סומול וקומפל אס.איי,PT,"גוארנה אנטרטיקה פחית צרה 330 מ""ל",מיליליטרים,330.00,"100 מ""ל",false,1,7.00,2.1212,true,1,48255
5604912415058,false,סרדינים בשמן חמניה חריף פורטוס 125 גרם,פורטוס Porthos,PT,סרדינים בשמן חמניה חריף פורטוס 125 גרם,גרמים,125.00,100 גרם,false,1,6.90,5.5200,true,1,142411
5701932026964,false,פופקורן להכנה במיקרוגל בטעם טבעי 6 שקיות,ליימן מותגים,US,פופקורן עם מלח הוטפופ 600 גרם,גרמים,600.00,100 גרם,false,1,15.90,2.6500,true,1,6232
5701932026971,false,פופקורן להכנה במיקרוגל בטעם חמאה 6 שקיות,ליימן מותגים,US,הוט חמאה 600 ג') ב(12,גרמים,600.00,100 גרם,false,1,15.90,2.6500,true,1,6233
5701932026995,false,פופקורן להכנה במיקרוגל בטעם טבעי מופחת שומן 6 שקיות,קריניציה ויטמינה אס,US,פופקורן לייט טבעי הוטפופ 510 גרם,גרמים,510.00,100 גרם,false,1,15.90,3.1176,true,1,6234
5710840209437,false,טבק באלי נטוראל 40 גרם,,,באלי נטוראל 40 גר,גרמים,40.00,100 גרם,false,1,100.00,250.0000,true,1,143482
5710840210013,false,טבק באלי לבן 40 גרם,,,באלי לבן 40 גר,גרמים,40.00,100 גרם,false,1,100.00,250.0000,true,1,143481
5710840210075,false,טבק באלי תכלת 40 גרם,S.T.G,,באלי תכלת 40 גר,גרמים,40.00,100 גרם,false,1,97.90,244.7500,true,1,143900
5710840210136,false,טבק באלי ראונדד 40 ג,S.T.G,,באלי אדום 40 גר,גרמים,40.00,100 גרם,false,1,100.00,250.0000,false,1,143898
5710840210167,false,באלי צהוב 40 גרם,S.T.G,,באלי צהוב 40 גר,גרמים,40.00,100 גרם,false,1,100.00,250.0000,true,1,143899
5711953106583,false,גבינת שמנת בטעם טבעי 200 גרם ארלה,ארלה פודס אמבה,DK,ארלה גבינת שמנת טבעי,גרמים,200.00,100 גרם,false,1,16.90,8.4500,true,1,142742
5711953106590,false,גבינת שמנת ארלה שמנת שום 200 גרם,ארלה פודס אמבה,DK,ארלה גבינת שמנת שום,גרמים,200.00,100 גרם,false,1,16.90,8.4500,true,1,142743
5711953106606,false,גבינת שמנת עם תבלינים ועשבי תיבול 23.5%,ארלה פודס אמבה,DK,ארלה גבינת שמנת עשבי תיבול,גרמים,200.00,100 גרם,false,1,16.90,8.4500,true,1,142744
5711953114960,false,קסטלו דנאבלו גבינה כ,שטראוס,IL,קסטלו דנאבלו גבינה כחולה 100 גר,גרמים,100.00,100 גרם,false,1,21.90,21.9000,true,1,149707
5740900403215,true,ממרח לורפק עם מלח 25,ארלה פודס אמבה,DK,ממרח לורפק עם מלח 250,גרמים,250.00,100 גרם,false,1,18.90,7.5600,true,1,122333
5740900403222,true,ממרח לורפק עם מלח מו,ארלה פודס אמבה,DK,ממרח לורפק עם מלח מופחת שומן,גרמים,250.00,100 גרם,false,1,19.90,7.9600,true,1,122334
5740900403239,true,ממרח לורפק ללא מלח 2,ארלה פודס אמבה,DK,ממרח לורפק בלי מלח 250,גרמים,250.00,100 גרם,false,1,19.90,7.9600,true,1,122335
5740900403253,true,ממרח לורפק עם מלח 50,ארלה פודס אמבה,DK,ממרח לורפק עם מלח 500גר,גרמים,500.00,100 גרם,false,1,29.80,5.9600,true,1,122337
5740900403284,false,חמאה ללא מלח 200 גרם לורפק כשרות או קיי,לורפאק Lurpak,DK,ממרח לורפק 200 גר ללא מלח,גרמים,200.00,100 גרם,false,1,11.90,5.9500,true,1,146964
5740900403864,false,חמאה +מלח 200 גרם לורפק כשרות או קיי,ארלה פודס אמבה,DK,לורפק חמאה עם מלח 200 גרם,גרמים,200.00,100 גרם,false,1,11.90,5.9500,true,1,151284
5900020012814,false,דגנים נסקוויק מלחמת הכוכבים 500 גרם,מיוצר עי קונדיטוריית,PL,דגני בוקר נסקוויק 500 גרם,גרמים,500.00,100 גרם,false,1,26.90,5.3800,true,1,61254
5900020026552,false,דגני בוקר האני נאט צ'יריוס בטעם דבש ושקדים,נסטלה צרפת איטנקורט,FR,דגני האני נאט ציריוס 625 גרם,גרמים,625.00,100 גרם,false,1,26.90,4.3040,true,1,113432
5900020033314,false,חטיף דגני בוקר Lion בטעם קרמל ושוקולד על קרם חלב,נסטלה פולין דגני בוק,PL,חטיף דגנים ליון מאגדת 8*25 גרם,גרמים,200.00,100 גרם,false,1,14.90,7.4500,true,1,122774
5900020034991,false,דגני בוקר צדפים בטעם שוקולד 450 ג' קראנץ',סי. פי. פולין,IL,דגני קראנץ צדפים בטעם שוקולד450גרםN9,גרמים,450.00,100 גרם,false,1,26.90,5.9778,true,1,144242
5900020036407,true,ליון דגני בוקר שוקול,סי.פי פולין,PL,ליון דגני בוקר שוקולד וקרמל 480גרם,גרמים,480.00,100 גרם,false,1,26.90,5.6042,true,1,146484
5900020037916,false,דגני בוקר שיבולת שועל צ'ריוס 375ג',ג'נרל מילס סאן אדריא,FR,דגני ציריוס שיבולת שועל 375גרם,גרמים,375.00,100 גרם,false,1,18.90,5.0400,true,1,148485
5900353615683,false,בונ וויסקי בשוקולד מריר 180 ג MIESZKO,MIEZSKO,PL,בונבוניירה וויסקי בשוקולד מריר 180 גרם,גרמים,180.00,100 גרם,false,1,21.90,12.1667,true,1,157459
5900353615690,false,בונ ברנדי בשוקולד מריר 180 ג MIESZKO,MIEZSKO,PL,בונבוניירה ברנדי בשוקולד מריר 180 גרם,גרמים,180.00,100 גרם,false,1,21.90,12.1667,true,1,157460
5900353615706,false,בונ וודקה בשוקולד מריר 180 ג MIESZKO,MIEZSKO,PL,בונבוניירה וודקה בשוקולד מריר 180 גרם,גרמים,180.00,100 גרם,false,1,21.90,12.1667,true,1,157461
5900353620007,false,בונבוניירה שרי טראפז,MIEZSKO,PL,בונבוניירה שרי טראפז 182 גרם,גרמים,182.00,100 גרם,false,1,17.90,9.8352,true,1,157463
5900353620533,false,בונ ויסקי + וודקה 143 ג MIESZKO,MIEZSKO,PL,בונבוניירה ויסקי + וודקה 143 גרם,גרמים,143.00,100 גרם,false,1,24.90,17.4126,true,1,157464
5900353622452,false,טיוב שוקולד עם וודקה,MIEZSKO,PL,טיוב שוקולד עם וודקה 150 גרם,גרמים,150.00,100 גרם,false,1,24.90,16.6000,true,1,157465
5900353622469,false,טיוב שוקולד עם ויסקי,MIEZSKO,PL,טיוב שוקולד עם ויסקי 150 גרם,גרמים,150.00,100 גרם,false,1,24.90,16.6000,true,1,157466
5900353645895,false,בונ לב פח אמורטה 189,SORINI-Holding Dolci,IT,בונ לב פח אמורטה 189 ג MIESZKO AMORETTA,גרמים,189.00,100 גרם,false,1,41.90,22.1693,true,1,152424
5900627063233,false,פיניש ALL IN ONE MAX טבליות 50 יחידות,רקיט בנקיזר,IL,פיניש טבליות AIO 50 יחידות,יחידה,1.00,יחידה,false,1,37.90,37.9000,true,1,126126
5900907000118,false,סלט ירקות בתחמיץ 680,אורבנק,PL,סלט ירקות בתחמיץ 680 גרם,גרמים,680.00,100 גרם,false,1,11.90,1.7500,true,1,146699
5900907000217,false,פלפל אדום בחומץ 680,אורבנק,PL,פלפל אדום בחומץ 680 גרם,גרמים,680.00,100 גרם,false,1,16.90,2.4853,true,1,146696
5900907000347,false,פטריות בתחמיץ 500 גר,אורבנק,PL,פטריות בתחמיץ 500 גרם,גרמים,500.00,100 גרם,false,1,19.90,3.9800,true,1,52264
5900907001450,false,מלפפון במלח 910 גרם,אורבנק,PL,מלפפון במלח 910 גרם,גרמים,910.00,100 גרם,false,1,16.90,1.8571,true,1,146700
5900907001719,false,תערובת מלפפונים ועגב,סגל דברים טובים,IL,תערובת מלפפונים ועגבניות,גרמים,910.00,100 גרם,false,1,16.90,1.8571,true,1,146692
5900907003393,false,עגבניות שרי 930 גרם,אורבנק,PL,עגבניות שרי 930 גרם,גרמים,930.00,100 גרם,false,1,16.90,1.8172,true,1,146701
5900951283963,false,חטיף סניקרס עם חמאת בוטנים Creamy Peanut Butter,סנו מפעלי ברונוס.,PL,dro סניקרס קרימי ח.בוטנים 36.5,גרמים,37.00,100 גרם,false,1,4.90,13.2432,true,1,153986
5901177153665,false,סרגל בסט וישז שוק חל,VOBRO,PL,סרגל בסט וישז שוק חלב עם קרם אגוזים 75,גרמים,75.00,100 גרם,false,1,9.90,13.2000,true,1,152379
5901177155959,false,בונבוניירה שרי טראפז 210 גר VOBRO,VOBRO,PL,VOBRO בונבוניירה שרי טראפז 210גרם,גרמים,210.00,100 גרם,false,1,21.90,10.4286,true,1,152399
5901414200411,false,ביסקוויט מיניס ממולא שוקולד היט 130 גר,ליימן שליסל,PL,עוגיות היט מיני קקאו 130 גרם,גרמים,130.00,100 גרם,false,1,6.90,5.3077,true,1,23822
5902198160403,false,"משקה אנרגיה XL TEN פחית לל""ס 250מ""ל","טמפו משקאות בע""מ",IL,"משקה אנרגיה XL TEN פחית 250 מ""ל",מיליליטרים,250.00,"100 מ""ל",false,1,4.50,1.8000,true,1,115961
5904941751302,false,"משקה אנרגיה בלו 250 מ""ל- בודד",אקו - ביט,PL,בלו משקה אנרגיה מוגז 250 מל,מיליליטרים,250.00,"100 מ""ל",false,1,5.00,2.0000,true,1,49876
5904941751920,false,בלו משקה אנרגיה דיי חצי מכמות הקלו250 מל,אקו - ביט,PL,בלו משקה אנרגיה מוגז 250 מל,מיליליטרים,250.00,"100 מ""ל",false,1,5.00,2.0000,true,1,81480
5905643070845,false,חמוציות בסירופ קל 40,,PL,חמוציות בסירופ קל 400 גרם,גרמים,400.00,100 גרם,false,1,11.90,2.9750,true,1,127717
5905643070852,false,פטל בסירופ קל 400 גר,,PL,פטל בסירופ קל 400 גרם,גרמים,400.00,100 גרם,false,1,11.90,2.9750,true,1,127715
5905643070869,false,אוכ כחולות בסירופ קל,"קזברוק,ג'.א. קסול",PL,אוכ כחולות בסירופ קל 400 גרם,גרמים,400.00,100 גרם,false,1,11.90,2.9750,true,1,143507
5905643070876,false,פטל שחור בסירופ קל 4,,PL,פטל שחור בסירופ קל 400 גרם,גרמים,400.00,100 גרם,false,1,11.90,2.9750,true,1,127032
5905643070883,false,סירופ תות שדה,,PL,תות שדה בסירופ קל 400 גרם,גרמים,400.00,100 גרם,false,1,11.90,2.9750,true,1,127030
5905643070906,false,תערובת פירות בסירופ,העידן האורגני,,תערובת פירות בסירופ קל 400 גרם,גרמים,400.00,100 גרם,false,1,11.90,2.9750,true,1,119098
5905643071644,false,סירופ אוכמניות שחורו,,PL,אוכ שחורות בסירופ קל 400 גרם,גרמים,400.00,100 גרם,false,1,11.90,2.9750,true,1,119099
5906485301012,false,"משקה אנרגיה XL פחית 250 מ""ל","טמפו משקאות בע""מ",IL,אקס אל אנרג'י דרינק משקה אנרגיה מוגז,מיליליטרים,250.00,"100 מ""ל",false,1,4.50,1.8000,true,1,25560
5997010301010,false,מחית פפריקה מתוקה 70,UNLVER,HU,מחית פפריקה מתוקה 70 גרם,גרמים,70.00,100 גרם,false,1,10.00,14.2857,true,1,153860
5998623526739,false,"יין סי גראס גוורצטרמינר 750 מ""ל",דנוביאנה,HU,"יין גוורצטרמינר סי גראס 750 מ""ל",מיליליטרים,750.00,"100 מ""ל",false,1,44.90,5.9867,true,1,146098
5998623530637,false,"אדלמה קברנה סובוניון יין אדום, 750 מ""ל",אדלמה,HU,אדלמה קברנה סובוניון יין אדום 750 מל,מיליליטרים,750.00,"100 מ""ל",false,1,49.90,6.6533,true,1,154537
5998623530644,false,יין רוזה יבש אדלמה פ,אדלמה,HU,יין רוזה יבש אדלמה פינו גרגיו סמוק 750 מ,מיליליטרים,750.00,"100 מ""ל",false,1,49.90,6.6533,true,1,154538
6001067001485,false,קולגייט מברשת שינים דאבל אקשן זוג,קולגייט פלמוליב,CN,מברשת שיניים קולגייט 360,יחידה,1.00,יחידה,false,1,9.90,9.9000,true,1,155329
6001067017523,false,קולגייט מברשת שיניים ילדים ספידרמן-ברבי 5+,יבואן ומשווק: ש. שסט,CN,קולגייט מברשת שיניים ספידרמן-ברבי גילאי 5+,Unknown,0.00,Unknown,false,1,13.90,0.0000,true,1,93061
6001067017530,false,קולגייט מברשת שיניים לילדים ספיידרמן,יבואן ומשווק: ש. שסט,CN,מברשת שיניים קולגייט גוניור,יחידה,1.00,יחידה,false,1,13.90,13.9000,true,1,93062
6008165003984,false,סיגריות פאל מאל כחול סטרים פילט בודד,אמריקן גרדן,,סיגריות פאל מל כחול סטרים חפיסה בודד,לא מנהל יחידת מידה,0.00,לא מנהל יחידת מידה,false,1,31.40,0.0000,false,1,96149
6008165271192,false,פאל מאל אדום ארוך האוס חפיסה,אמריקן גרדן,,סיגריות פאל מל ארוך אדום חפיסה בודד,לא מנהל יחידת מידה,0.00,לא מנהל יחידת מידה,false,1,31.40,0.0000,false,1,94551
6008165274629,false,פאל מאל כחול ארוך סטרים פילטר חפיסה,יושלם,,סיגריות פאל מאל כחול ארוך סטרים חפיסה בו,לא מנהל יחידת מידה,0.00,לא מנהל יחידת מידה,false,1,31.40,0.0000,false,1,110849
6111094000228,false,"קוסקוס דארי דק תומר 1 ק""ג",דרי קוספט,MA,"קוסקוס דארי דק 1 ק""ג",קילוגרמים,1.00,"ק""ג",false,1,15.90,15.9000,true,1,142898
6111094000242,false,תומר קוסקוס דארי דק 500גר,דרי קוספט,MA,קוסקוס דארי דק 500 גרם,קילוגרמים,0.50,"ק""ג",false,1,8.90,17.8000,true,1,69163
6111094000808,false,"קוסקוס דארי בינוני תומר 1 ק""ג + 10% תוספת",דרי קוספט,MA,"קוסקוס דארי 1 ק""ג+10% תוספת",קילוגרמים,1.00,"ק""ג",false,1,15.90,15.9000,true,1,142899
6253017300012,false,טחינה קראוון המקורית,אחדות ביחר לטחינה ח,IL,טחינה קראוון המקורית 500 גרם,גרמים,500.00,100 גרם,false,1,15.90,3.1800,true,1,88742
6253341100029,false,טחינה עאייש 100% שומ,עומר עאייש שכם,PS,טחינה עאייש 100% שומשום 450 גרם,גרמים,450.00,100 גרם,false,1,15.90,3.5333,true,1,141998
6281001510390,false,מברשת שיניים לילדים אקסטרא סופט לגילאי 0-2,קולגייט Colgate,CN,קולגייט מברשת שיניים אקסטרה סופט לגילאי 0-2,Unknown,0.00,Unknown,false,1,13.90,0.0000,true,1,24335
6926572510386,false,סוכריית לקקן גלי ממו,אחים מזרחי,,סוכריית לקקן גלי ממותג,לא מנהל יחידת מידה,0.00,לא מנהל יחידת מידה,false,1,4.50,0.0000,true,1,7718
6971060682557,false,ס.אלקטרונית ק.פרו בנ,shenzhen hot technol,CN,ס.אלקטרונית ק.פרו בנ.אייס 2000 שאיפות,יחידה,1.00,יחידה,false,1,59.90,59.9000,false,1,150928
6971060684087,false,ס. אלקטרונית ק. פרו,,CN,ס. אלקטרונית ק. פרו קוקוס אננס 2000 שאיפ,יחידה,1.00,יחידה,false,1,79.90,79.9000,false,1,153899
7038513866328,false,גורדן מברשת ילדים 6-9 סופט סטפ בי סטפ,ג'ורדן Jordan,MY,מברשת שיניים לילדים-6-8 גורדן,Unknown,0.00,Unknown,false,1,11.90,0.0000,true,1,45982
7038513909018,false,גורדן קסמי שיניים פלואוריד/מינט,ג'ורדן,MY,"קיסמי שיניים דקים - ג""ורדן",Unknown,0.00,Unknown,false,1,19.90,0.0000,true,1,46018
7038513909117,false,גורדן קסמי שיניים פלואוריד/מינט אקסטרה ט,ג'ורדן,MY,קיסמי שיניים דקים במיוחד-גורדן,Unknown,0.00,Unknown,false,1,19.90,0.0000,true,1,45984
7038516140418,false,מברשת שיניים גורדן טוטל קלין מדיום 4 י,ג'ורדן Jordan,MY,מברשות שיניים טוטאל קלין,Unknown,0.00,Unknown,false,1,16.90,0.0000,true,1,96961
7271730901261,false,ווקי מאק ארוחת אטריות עם גבינה 156 גרם,ניו וורלד פסטה קומפנ,US,ארוחת אטריות עם רוטב גבינה,גרמים,156.00,100 גרם,false,1,11.90,7.6282,true,1,92166
7290000004444,false,שקיות גופיה 20 מקרו,,,פולי קפה 1 קג סגפרדו,קילוגרמים,1.00,"ק""ג",false,1,59.90,59.9000,false,1,155130
7290000006368,false,יובנטוס זהב,,,יובנטוס זהב,לא מנהל יחידת מידה,0.00,לא מנהל יחידת מידה,false,1,39.90,0.0000,true,1,143515
7290000021082,false,"מיכל 5 ק""ג + גז",,,"מיכל 5 ק""ג + גז",קילוגרמים,5.00,"ק""ג",false,1,495.00,99.0000,true,1,144502
7290000023083,false,ערק אשקלון 40% בקבוק,"יקבי ברקן בע""מ",IL,"ערק אשקלון 40% בקבוק 700 מ""ל",מיליליטרים,700.00,"100 מ""ל",false,1,69.90,9.9857,true,1,103248
7290000023434,false,ליקר STOCK וישניאק 750 מל,"יקבי ברקן בע""מ",IL,ליקר שטוק וישניאק 750 מל,מיליליטרים,750.00,"100 מ""ל",false,1,59.90,7.9867,true,1,1877
7290000023809,false,"יין ברקן קלאסיק קברנה סובניון 750מ""ל",יקבי ברקן שיווק והפצ,IL,ברקן קלאסיק קברנה סוביניון יין אדום יבש 2015,מיליליטרים,750.00,"100 מ""ל",false,1,32.90,4.3867,true,1,1942
7290000023816,false,"יין ברקן קלאסיק אמרלד ריזלינג 750מ""ל",יקבי ברקן שיווק והפצ,IL,ברקן קלאסיק אמרלד ריזלינג יין לבן חצי יבש 2016,מיליליטרים,750.00,"100 מ""ל",false,1,32.90,4.3867,true,1,1943
7290000023823,false,יין סוביניון בלאן קלסיק 750 מל,יקבי ברקן שיווק והפצ,IL,קלאסיק סוביניון בלאן,Unknown,0.00,Unknown,false,1,32.90,0.0000,true,1,1946
7290000023847,false,יין שרדונה קלאסיק 750 מל,יקבי ברקן שיווק והפצ,IL,ברקן קלאסיק שרדונה 750 מל יין לבן יבש,מיליליטרים,750.00,"100 מ""ל",false,1,32.90,4.3867,true,1,1948
7290000023977,false,"יין ברקן קלאסיק מרלו 750 מ""ל",יקבי ברקן שיווק והפצ,IL,ברקן קלאסיק מרלו יין אדום יבש 2015 750 מל,מיליליטרים,750.00,"100 מ""ל",false,1,32.90,4.3867,true,1,1953
7290000024202,false,"יין ברקן רזרב קברנה סובניון 750 מ""ל",ברקן שיווק והפצה בעמ,IL,"יין ברקן רזרב קברנה סובניון 750 מ""ל",מיליליטרים,750.00,"100 מ""ל",false,1,49.90,6.6533,true,1,1985
7290000024219,false,יין רזרב אמרלד ריזלינג 750 מל שביעית,יקבי ברקן,IL,ברקן רזרב יין לבן חצי יבש אמרלד ריזלינג 750 מל,מיליליטרים,750.00,"100 מ""ל",false,1,49.90,6.6533,true,1,1986
7290000024240,false,יין רזרב שרדונה 750 מל שביעית,ביבקבי ברקן שיווק וה,IL,ברקן רזרב שרדונה,מיליליטרים,750.00,"100 מ""ל",false,1,52.90,7.0533,true,1,1989
7290000024264,false,יין רזרב מרלו אדום 7,כרמי צבי - אחים סגל,IL,"יין ברקן רזרב מרלו 750 מ""ל",מיליליטרים,750.00,"100 מ""ל",false,1,49.90,6.6533,true,1,1990
7290000024523,false,מיץ ענבים של סגל 1 ליטר,כרמי צבי - האחים סגל,IL,מיץ ענבים תירוש סגל 1 ליטר,ליטרים,1.00,ליטר,false,1,14.90,14.9000,true,1,104849
7290000035130,false,כתף מרכזי,קצביית פרימיום,IL,כתף מרכזי,קילוגרמים,1.00,"ק""ג",true,,79.90,79.9000,true,1,145825
7290000035208,false,צלי כתף,קצביית פרימיום,IL,צלי כתף,קילוגרמים,1.00,"ק""ג",true,,99.90,99.9000,true,1,145826
7290000035512,false,סינטה,קצביית פרימיום,IL,סינטה,קילוגרמים,1.00,"ק""ג",true,,139.90,139.9000,true,1,145829
7290000036335,false,טחון טרי,קצביית פרימיום,IL,טחון טרי,קילוגרמים,1.00,"ק""ג",true,,59.90,59.9000,true,1,145837
7290000036359,false,אסאדו,קצביית פרימיום,IL,אסאדו,קילוגרמים,1.00,"ק""ג",true,,59.90,59.9000,true,1,145839
7290000036366,false,אנטריקוט עם עצם,קצביית פרימיום,IL,אנטריקוט עם עצם,קילוגרמים,1.00,"ק""ג",true,,119.90,119.9000,true,1,145840
7290000036373,false,אנטריקוט עגל,קצביית פרימיום,IL,אנטריקוט עגל,קילוגרמים,1.00,"ק""ג",true,,149.90,149.9000,true,1,145841
7290000036786,false,גרונות הודו,קצביית פרימיום,IL,גרונות הודו,קילוגרמים,1.00,"ק""ג",true,,32.90,32.9000,true,1,145892
7290000036854,false,חזה הודו,קצביית פרימיום,IL,חזה הודו,קילוגרמים,1.00,"ק""ג",true,,39.90,39.9000,true,1,145895
7290000036861,false,חזה עוף,קצביית פרימיום,IL,חזה עוף,קילוגרמים,1.00,"ק""ג",true,,39.90,39.9000,true,1,145896
7290000036885,false,כבד עוף,קצביית פרימיום,IL,כבד עוף,קילוגרמים,1.00,"ק""ג",true,,29.90,29.9000,true,1,145898
7290000036915,false,כנפיים עוף,קצביית פרימיום,IL,כנפיים עוף,קילוגרמים,1.00,"ק""ג",true,,14.90,14.9000,true,1,145901
7290000036960,false,סטייק פרגית,קצביית פרימיום,IL,סטייק פרגית,קילוגרמים,1.00,"ק""ג",true,,69.90,69.9000,true,1,145906
7290000036977,false,עוף שלם,קצביית פרימיום,IL,עוף שלם,קילוגרמים,1.00,"ק""ג",true,,22.90,22.9000,true,1,145853
7290000036991,false,פילה עוף,קצביית פרימיום,IL,פילה עוף,קילוגרמים,1.00,"ק""ג",true,,42.90,42.9000,true,1,145908
7290000037035,false,שוקיים עוף,קצביית פרימיום,IL,שוקיים עוף,קילוגרמים,1.00,"ק""ג",true,,39.90,39.9000,true,1,145912
7290000037073,false,שניצל עוף,קצביית פרימיום,IL,שניצל עוף,קילוגרמים,1.00,"ק""ג",true,,48.90,48.9000,true,1,145916
7290000037233,false,עוף בגריל,קצביית פרימיום,IL,עוף בגריל,קילוגרמים,1.00,"ק""ג",true,,39.90,39.9000,true,1,146275
7290000039411,false,המבורגר אנטריקוט,קצביית פרימיום,IL,המבורגר אנטריקוט,קילוגרמים,1.00,"ק""ג",true,,79.90,79.9000,true,1,150698
7290000040042,false,יוגורט תות %3 גביע 150 ג' יופלה,תנובה חלב,IL,יופלה יוגורט תות %3 גביע 150 גרם,גרמים,150.00,100 גרם,false,1,5.20,3.4667,true,1,3997
7290000040066,false,יוגורט דובדבן 3% שומן 150 ג' יופלה,תנובה מרכז שיתופי לש,IL,יופלה יוגורט דובדבן %3 גביע 150 גרם,גרמים,150.00,100 גרם,false,1,5.20,3.4667,true,1,4047
7290000040080,false,יוגורט אפרסק 3% שומן 150 ג' יופלה,תנובה חלב,IL,יופלה יוגורט אפרסק %3 גביע 150 גרם,גרמים,150.00,100 גרם,false,1,5.20,3.4667,true,1,4052
7290000040301,false,"גבינת קולאז קממבר עין גדי 24%, 125 ג'",תנובה מרכז שיתופי לש,IL,קממבר 24%,גרמים,125.00,100 גרם,false,1,21.90,17.5200,true,1,4179
7290000040318,false,גבינת ברי 24% קולאז עדי תנובה 125 ג',תנובה מרכז שיתופי לש,IL,גבינת ברי קולאז 125 גרם קולקשיין,גרמים,125.00,100 גרם,false,1,21.90,17.5200,true,1,4181
7290000040974,false,חלב תנובה קרטון דל לקטוז 2% 1ל,תנובה מרכז שיתופי לש,IL,חלב תנובה דל לקטוז 2% שומן 1 ליטר,ליטרים,1.00,ליטר,false,1,7.20,7.2000,true,1,73497
7290000041445,false,גבינת קוטג מהדרין 5% 250 גרם,מיוצר עי קונדיטוריית,IL,קוטג תנובה גביע 250 גרם 5% בדצ,גרמים,250.00,100 גרם,false,1,5.70,2.2800,true,1,4343
7290000041858,false,"שמנת חמוצה 15% יטבתה 200 מ""ל מהדרין",שטראוס גרופ,IL,שמנת חמוצה 15% מועשרת מהדרין,מיליליטרים,200.00,"100 מ""ל",false,1,2.40,1.2000,true,1,4390
7290000042008,false,חלב תנובה טרי 3% שקית 1 ל',"תנובה, מחלבת רחובות",IL,חלב 3% שקית פיקוח 1 ליטר,ליטרים,1.00,ליטר,false,1,5.43,5.4300,true,1,4411
7290000042015,false,חלב טרי 3% תנובה שקית 1ל' מהדרין,תנובה מרכז שיתופי לש,IL,"חלב 3% שקית בד""ץ פיקוח 1 ליטר",ליטרים,1.00,ליטר,false,1,5.43,5.4300,true,1,4414
7290000042435,false,חלב דל שומן בקרטון+פקק 1 ליטר 1%,תנובה מרכז שיתופי לש,IL,תנובה חלב טרי 1% שומן,ליטרים,1.00,ליטר,false,1,5.86,5.8600,true,1,4451
7290000042640,false,"חלב תנובה עמיד 3% קרטון 250 מ""ל",תנובה מרכז שיתופי לש,IL,תנובה חלב עמיד 3% שומן 250 מל,מיליליטרים,250.00,"100 מ""ל",false,1,3.20,1.2800,true,1,12185
7290000042855,false,יוטבתה שוקו שקית 225מל,שטראוס גרופ,IL,"שוקו יטבתה בשקית 225 מ""ל",מיליליטרים,225.00,"100 מ""ל",false,1,2.60,1.1556,true,1,4478
7290000043012,false,"שוקו עמיד 2% בקרטון 250 מ""ל תנובה",תנובה מרכז שיתופי לש,IL,תנובה שוקו עמיד 2% שומן 250 מל,מיליליטרים,250.00,"100 מ""ל",false,1,5.20,2.0800,true,1,4486
7290000043111,false,חמאת תנובה 200ג רבנות,תנובה מרכז שיתופי לש,IL,חמאה תנובה 200 גרם,גרמים,200.00,100 גרם,false,1,8.50,4.2500,true,1,4487
7290000043814,false,"שמנת מתוקה להקצפה 38% 250 מ""ל תנובה",תנובה מרכז שיתופי לש,IL,השף הלבן שמנת להקצפה 38% שומן 250 מל,מיליליטרים,250.00,"100 מ""ל",false,1,6.47,2.5880,true,1,4635
7290000043890,false,רוויון קרטון 1 ליטר %1.5,תנובה מרכז שיתופי לש,IL,תנובה רויון לבן מחלב מפסוטר 1.5% 1 ליטר,ליטרים,1.00,ליטר,false,1,11.90,11.9000,true,1,4657
7290000043944,false,כד יוגורט תנובה 4% שומן 1.5 ליטר,מיוצר עי קונדיטוריית,IL,יוגורט 4.5% בכד תנובה 1.5 ליטר,ליטרים,1.50,ליטר,false,1,17.90,11.9333,true,1,4670
7290000044712,false,יוגורט עם תות 1.5% שומן 500 ג' פרילי,מיוצר עי קונדיטוריית,IL,"פרילי תות 500 מ""ל",מיליליטרים,500.00,"100 מ""ל",false,1,11.90,2.3800,true,1,4694
7290000044880,false,באדי יוגורט תות 3% שומן 500 ג' תנובה,מיוצר עי קונדיטוריית,IL,"באדי תות 3% 500 מ""ל",מיליליטרים,500.00,"100 מ""ל",false,1,9.90,1.9800,true,1,4697
7290000045573,false,גבינת מותכת משולשים 25% שומן 200 ג' נעמה,תנובה חלב,IL,נעמה גבינה מותכת משולשים 25% שומן,גרמים,200.00,100 גרם,false,1,16.90,8.4500,true,1,4751
7290000045580,false,"גבינת מותכת נעמה חורש 25%, 240 ג'",תנובה מרכז שיתופי לש,IL,נעמה גבינה מותכת משולשים 25% שומן,גרמים,240.00,100 גרם,false,1,20.90,8.7083,true,1,4752
7290000045917,false,תנובה גבינת פרומעז 23% גלילית 200ג,תנובה חלב,IL,תנובה פרומעז גבינה מותכת מחלב עיזים 23% שומן,גרמים,200.00,100 גרם,false,1,27.90,13.9500,true,1,4770
7290000046327,false,"גבינת גלבוע פרוס 22%, 200 ג' תנובה",תנובה מרכז שיתופי לש,IL,גלבוע גבינה צהובה חצי קשה פרוס 22% שומן,גרמים,200.00,100 גרם,false,1,13.90,6.9500,true,1,4804
7290000047546,false,כנען גבינה לבנה 5% 500 גרם ללא מלח,תנובה מרכז שיתופי לש,IL,גבינה כנען500 גרם 5% שומן,גרמים,500.00,100 גרם,false,1,26.50,5.3000,true,1,4930
7290000047621,false,גבינה לבנה רכה 5% תנובה 250ג' מהדרין,תנובה מרכז שיתופי לש,IL,גבינה לבנה 5% 250 גרם בדצ,גרמים,250.00,100 גרם,false,1,4.98,1.9920,true,1,14515
7290000048185,false,גבינה לבנה 5% שומן 250 ג' תנובה,מיוצר עי קונדיטוריית,IL,גבינה למריחה 5% תנובה פיקוח 250 גרם,גרמים,250.00,100 גרם,false,1,4.98,1.9920,true,1,4964
7290000048192,false,גבינה לבנה 9% שומן 250 ג' תנובה,מחלבת אלון תבור,IL,גבינה למריחה 9% תנובה 250 גרם,גרמים,250.00,100 גרם,false,1,4.90,1.9600,true,1,4965
7290000048307,false,גבינת קוטג 5% עם זיתים 250ירוקים גרם,מיוצר עי קונדיטוריית,IL,קוטג 5% זיתים 250 גרם,גרמים,250.00,100 גרם,false,1,6.10,2.4400,true,1,4977
7290000048413,false,גבינה חמד %16 שקית 250 ג' פיראוס,תנובה מרכז שיתופי לש,IL,פיראוס חמד גבינה כפרית מלוחה 16% שומן,גרמים,250.00,100 גרם,false,1,19.90,7.9600,true,1,4986
7290000048437,false,גבינה צפתית 5% 200 ג' פיראוס,פארייפאבה אגרואינדוס,IL,גבינה צפתית 5% שומן,גרמים,200.00,100 גרם,false,1,16.50,8.2500,true,1,4995
7290000049458,false,גבינת פטה עיזים 16% גביע פיראוס 250 ג',תנובה מרכז שיתופי לש,IL,פיראוס פטה עיזים 16% שומן,גרמים,250.00,100 גרם,false,1,30.90,12.3600,true,1,5125
7290000050447,false,יוגורט תות 500 ג' יופלה,מיוצר עי קונדיטוריית,IL,יופלה תות 3% גביע 500 גרם,גרמים,500.00,100 גרם,false,1,14.50,2.9000,true,1,54705
7290000050454,false,יוגורט אפרסק 500 ג' יופלה,מיוצר עי קונדיטוריית,IL,יופלה אפרסק 3% גביע 500 גרם,גרמים,500.00,100 גרם,false,1,14.50,2.9000,true,1,54706
7290000051307,false,מארז הפסקת אוכל עם דגני עוגי ומשקה חלב עמיד בטעם וניל,תנובה מרכז שיתופי לש,IL,מארז הפסקת אוכל חלב+דגני עוגי,לא מנהל יחידת מידה,0.00,לא מנהל יחידת מידה,false,1,9.90,0.0000,true,1,58158
7290000051352,false,חלב מלא בטעם של פעם 3.4% תנובה קרטון 1 ל',תנובה מרכז שיתופי לש,IL,חלב מלא בטעם של פעם 3.8% שומן 1 ליטר,ליטרים,1.00,ליטר,false,1,7.90,7.9000,true,1,58159
7290000051376,false,יופלה דיאט אננס ספורטיבי 0% 150גר,תנובה מרכז שיתופי לש,IL,יופלה דיאט אננס גביע 150 גרם,גרמים,150.00,100 גרם,false,1,5.20,3.4667,true,1,60120
7290000051710,false,לאבנה 9% עם שמן זית וזעתר 263 ג' פיראוס,"תנובה, מחלבת אלון תב",IL,פיראוס לאבנה אסלית עם שמן זית וזעתר על בסיס יוגורט,גרמים,263.00,100 גרם,false,1,14.50,5.5133,true,1,60123
7290000052311,false,עמק פרוס בקופסא 200 גר 15% שומן,תנובה מרכז שיתופי לש,IL,עמק פרוסות גבינה צהובה חצי קשה 15% מופחתת שומן,גרמים,200.00,100 גרם,false,1,16.90,8.4500,true,1,67335
7290000052649,false,גבינת לאבנה 5% שומן 500 ג' פיראוס,תנובה מרכז שיתופי לש,IL,פיראוס לאבנה אסלית 5% שומן,גרמים,500.00,100 גרם,false,1,20.90,4.1800,true,1,66673
7290000052717,false,קוטג' 5%עם שום שמיר 250 ג' תנובה,מיוצר עי קונדיטוריית,IL,קוטג 5% עם שום שמיר 250 גרם,גרמים,250.00,100 גרם,false,1,6.10,2.4400,true,1,89979
7290000055015,false,גבינת פיראוס פטה כבשים 5% 250 ג' פיראוס,תנובה מרכז שיתופי לש,IL,פיראוס פטה כבשים גבינה מלוחה 5% שומן,גרמים,250.00,100 גרם,false,1,28.90,11.5600,true,1,83034
7290000055329,false,משקה יוגורט יופלה בטעם תות-מלון 250 גר,תנובה מרכז שיתופי לש,IL,"משקה יוגורט יופלה תות מלון 250 מ""ל",מיליליטרים,250.00,"100 מ""ל",false,1,6.20,2.4800,true,1,84277
7290000055336,false,משקה יוגורט יופלה בטעם בננה אפרסק 250 גר,תנובה מרכז שיתופי לש,IL,"משקה יוגורט יופלה בננה אפרסק 250 מ""ל",מיליליטרים,250.00,"100 מ""ל",false,1,6.20,2.4800,true,1,84278
7290000055343,false,משקה יוגורט יופלה פירות טרופיים 250 גרם,תנובה מרכז שיתופי לש,IL,"משקה יוגורט יופלה טרופי 250 מ""ל",מיליליטרים,250.00,"100 מ""ל",false,1,6.20,2.4800,true,1,84279
7290000055893,false,חמאה משמנת מפוסטרת 200ג' כ.מהדרין,תנובה מרכז שיתופי לש,IL,חמאה תנובה 200 גרם,גרמים,200.00,100 גרם,false,1,8.50,4.2500,true,1,94610
7290000056081,false,מאגדת פרילי טבע 6 יח' * 200 ג',מיוצר עי קונדיטוריית,IL,מאגדת יוגורט פרילי טבע 25% 1/6,קילוגרמים,1.20,"ק""ג",false,1,24.60,20.5000,true,1,84979
7290000056272,false,גבינה לבנה 5% עם זיתים ירוקים 250 ג' תנובה,מחלבת אלון תבור,IL,גבינה לבנה 5% זיתים 250 גרם,גרמים,250.00,100 גרם,false,1,6.00,2.4000,true,1,86866
7290000056906,false,מאגדת לבן טבעי 1.5% שומן 8 יח' * 150 ג' יופלה,מחלבת אלון תבור,IL,מאגדת יופלה לבן 1.5% שמינייה,קילוגרמים,1.20,"ק""ג",false,1,19.50,16.2500,true,1,86310
7290000056951,false,שמנת לבישול 15% 500 מל עמיד השף הלבן,תנובה מרכז שיתופי לש,IL,תנובה השף הלבן שמנת לבישול 15% שומן 500 מל,מיליליטרים,500.00,"100 מ""ל",false,1,17.40,3.4800,true,1,77341
7290000056968,false,"שמנת עמידה מתוקה לקצפת 38% תנובה 500מ""ל",תנובה,IL,השף הלבן שמנת להקפצה 38% שומן,מיליליטרים,500.00,"100 מ""ל",false,1,12.94,2.5880,true,1,77342
7290000057088,false,עמק פרוס דק דק 200 גרם 28%,תנובה מרכז שיתופי לש,IL,גבינה עמק 28% דק 200 גרם,גרמים,200.00,100 גרם,false,1,16.90,8.4500,true,1,87430
7290000057118,false,עמק סמי מעדנייה כשרות מהדרין,תנובה מרכז שיתופי לש,IL,גבינת עמק קלאסית חצי קשה פרוסות 28% שומן,גרמים,400.00,100 גרם,false,1,23.90,5.9750,true,1,76315
7290000057132,false,יוגורט תנובה טבעי 1.5% גביע 200 גרם,מחלבת אלון תבור,IL,יוגורט ביו 1.5% תנובה 200 גרם,גרמים,200.00,100 גרם,false,1,3.20,1.6000,true,1,78554
7290000057149,false,יוגורט תנובה טבעי 3% גביע 200 גרם,מיוצר עי קונדיטוריית,IL,יוגורט ביו 3% תנובה 200 גרם,גרמים,200.00,100 גרם,false,1,3.20,1.6000,true,1,78555
7290000057552,false,יופלה דיאט עוגת גבינה ותות 0% גביע 150ג',תנובה חלב,IL,יוגורט יופלה דיאט ע.גבינה ותות 150 גרם,גרמים,150.00,100 גרם,false,1,4.90,3.2667,true,1,89495
7290000058047,false,**שף לבן שמנת מתוקה מהדרין 38% פקק 500מ,תנובה מרכז שיתופי לש,IL,שמנת מתוקה להקצפה 500 38% גרם,מיליליטרים,500.00,"100 מ""ל",false,1,12.94,2.5880,true,1,88416
7290000058580,false,קוקילידה וניל ועוגיות שוקולד נסטלה 83ג',נגה גלידות (גלידות נ,IL,נסטלה קוקילידה 28*80גרם,גרמים,80.00,100 גרם,false,1,10.50,13.1250,true,1,13203
7290000060071,false,אוסם - חטיפי פריכונים מאורז מלא קלוי 80גר,"מיוצר ע""י PT, משווק",IL,אסם חטיפי פריכונים טבעי 12*80גרם,גרמים,80.00,100 גרם,false,1,7.90,9.8750,true,1,6651
7290000060088,false,בייגלה אסם מקלות מלוחים 400 גרם,מיוצר עי קונדיטוריית,IL,אסם בייגלה מקלות מלוחים 12*400גרם,גרמים,400.00,100 גרם,false,1,11.90,2.9750,true,1,51034
7290000060156,false,פסטה אסם אטריות ביצים דקות 200גר,"אסם תעשיות בע""מ",IL,אסם אטריות ביצים דקות 12*200גרם,גרמים,200.00,100 גרם,false,1,7.90,3.9500,true,1,6670
7290000060163,false,פסטה אסם אטריות דקות 400גר,"אסם תעשיות בע""מ",IL,אסם אטריות דקות 12*400גרם,גרמים,400.00,100 גרם,false,1,7.90,1.9750,true,1,6672
7290000060200,false,פסטה אסם פתיתים אפויים קוסקוס 500גר,"אסם תעשיות בע""מ",IL,פתיתים אפויים קוסקוס 500 גרם,גרמים,500.00,100 גרם,false,1,6.90,1.3800,true,1,6675
7290000060217,false,פסטה אסם מקרוני 7 500 גר,פסטה זארה,IT,אסם פסטה מקרוני אטלקי 24*500גרם,גרמים,500.00,100 גרם,false,1,6.90,1.3800,true,1,23011
7290000060248,false,פסטה אסם פתיתים תלתלים 500 גר',פסטה זארה,IT,אסם פסטה תלתלים 12*500גרם,גרמים,500.00,100 גרם,false,1,6.90,1.3800,true,1,6679
7290000060316,false,פסטה פרפקטו ספגטי 500ג' אסם,אסם פרפקטו,IT,פרפקטו פסטה ספגטי אטלקי 24*500גרם,גרמים,500.00,100 גרם,false,1,7.90,1.5800,true,1,6684
7290000060323,false,פסטה פרפקטו ספגטיני (2) 500 גרם,פסטה זארה,IT,פרפקטו ספגטיני 2 20*500גרם-חדש,גרמים,500.00,100 גרם,false,1,7.90,1.5800,true,1,6685
7290000060330,false,פרפקטו פרפקטו ספיראלי גירף 500 גר,אסם פרפקטו,IT,פרפקטו ספירלי 12*500גרם-חדש,גרמים,500.00,100 גרם,false,1,7.90,1.5800,true,1,6686
7290000060408,false,פסטה אסם פתיתים אפויים טבעות 500 גר,"אסם תעשיות בע""מ",IL,אסם פתיתים אפויים טבעות 12*500גרם,גרמים,500.00,100 גרם,false,1,6.90,1.3800,true,1,6689
7290000060415,false,פסטה פרפקטו לזאניה אסם 500ג',אסם פרפקטו,IT,פרפקטו לזניה 12*500גרם 2016,גרמים,500.00,100 גרם,false,1,14.90,2.9800,true,1,6690
7290000060576,false,פסטה אסם פתיתים אפוי כוכב 500גר,"אסם תעשיות בע""מ",IL,אסם פתיתים אפויים כוכבים 12*500גרם,גרמים,500.00,100 גרם,false,1,6.90,1.3800,true,1,6699
7290000060781,false,פסטה אסם פתיתים מסולסלים 500גר,פסטה זארה,IT,אסם פסטה מסולסלים לאחר הפסח 12*500גרם,גרמים,500.00,100 גרם,false,1,6.90,1.3800,true,1,6709
7290000060811,false,טילון אקסטרים ענק מטבע שוקולד 120 ג',תות תעשיות מזון (201,IL,אקסטרים ענק מטבע שוקולד 18*120גרם,גרמים,141.00,100 גרם,false,1,10.50,7.4468,true,1,91078
7290000060828,false,פסטה קרניים בינוניות (55) 500 גרם,פסטה זארה,IT,אסם פסטה קרניים בינוניות 12*500גרם,גרמים,500.00,100 גרם,false,1,6.90,1.3800,true,1,6711
7290000060842,false,פסטה אסם פתיתים צדפים גדולים 500גר,פסטה זארה,IT,אסם פסטה צדפים גדולים 12*500גרם,גרמים,500.00,100 גרם,false,1,6.90,1.3800,true,1,6714
7290000060880,false,פסטה מס' 8 ספגטי אסם 500ג',פסטה זארה,IT,ספגטי אסם 500 גרם,גרמים,500.00,100 גרם,false,1,6.90,1.3800,true,1,6717
7290000060903,false,פסטה אסם פתיתים אפויים אורז 500גר,"אסם תעשיות בע""מ",IL,אסם פתיתים אפויים אורז 12*500גרם,גרמים,500.00,100 גרם,false,1,6.90,1.3800,true,1,6718
7290000060958,false,פסטה אסם אטריות בינוניות 400 גרם,"אסם תעשיות בע""מ",IL,אסם אטריות בינוניות 12*400גרם,גרמים,400.00,100 גרם,false,1,7.90,1.9750,true,1,6722
7290000060965,false,פסטה אסם אטריות רחבות 400גר,"אסם תעשיות בע""מ",IL,אסם אטריות רחבות 12*400גרם,גרמים,400.00,100 גרם,false,1,7.90,1.9750,true,1,6723
7290000061061,false,קרקר בצל אסם 250 גרם,"אסם תעשיות בע""מ",IL,אסם קרקר בצל 12*250גרם,גרמים,250.00,100 גרם,false,1,10.90,4.3600,true,1,6727
7290000061245,false,עוגיות שוקוציפס ממולאות שוקולד 220 גרם,מיוצר עי קונדיטוריית,IL,אסם עוגיות שוקוצ'יפס ממולאות 12*220גרם,גרמים,220.00,100 גרם,false,1,11.90,5.4091,true,1,6788
7290000061450,false,פתיתים אפויים קוסקוס צבעוני אסם 500 גר',"אסם תעשיות בע""מ",IL,אסם פתיתים קוסקוס 3 צבעים 12*500גרם,גרמים,500.00,100 גרם,false,1,6.90,1.3800,true,1,56319
7290000061764,false,נסקפה רד מאג טעם חדש 200ג',נסטלה ספרד קפה,ES,נסקפה רד מאג טעם חדש 6*200גרם2017,גרמים,200.00,100 גרם,false,1,24.90,12.4500,true,1,6813
7290000062952,false,אוסם - מיני קרוטונים למרק ולסלט 250 גרם,עינת תעשיות מזון אגו,IL,אסם מיני קרוטונים למרק וסלט 12*250גרם,גרמים,250.00,100 גרם,false,1,16.90,6.7600,true,1,49534
7290000063102,false,קמח עוגה אסם תופח מאליו 350ג',"אסם תעשיות בע""מ",IL,קמח תופח אסם 350 גרם,גרמים,350.00,100 גרם,false,1,5.50,1.5714,true,1,7000
7290000063133,false,אסם שקדי מרק רכיבים טבעיים 24*100גרם,"אסם השקעות בע""מ",IL,שקדי מרק אסם 100 גרם,גרמים,100.00,100 גרם,false,1,5.50,5.5000,true,1,7006
7290000063140,false,שקדי מרק רכיבים טבעיים בשקית 400 ג' אסם,"אסם תעשיות בע""מ",IL,אסם שקדי מרק רכיבים טבעיים 12*400גרם,גרמים,400.00,100 גרם,false,1,12.90,3.2250,true,1,7008
7290000063157,false,"קמח עוגה תופח מאליו 1 ק""ג","אסם תעשיות בע""מ",IL,"קמח תופח מאליו 1 ק""ג אסם",קילוגרמים,1.00,"ק""ג",false,1,9.70,9.7000,true,1,7010
7290000064758,false,קוסקוס בינוני אמיתי אסם 350 ג',"מיוצר ע""י קוד יצרן K",IL,אסם קוסקוס אמיתי 12*350גרם,גרמים,350.00,100 גרם,false,1,7.90,2.2571,true,1,15300
7290000064871,false,"אוסם - מנה חמה פירה תפו""א עם בצל 56 גרם","אסם תעשיות בע""מ",IL,מנה חמה פירה תפוא.ובצל 12*56גרם,גרמים,56.00,100 גרם,false,1,6.90,12.3214,true,1,7125
7290000065090,false,מיני קרוטונים למרק ולסלט 400 ג' אסם,עינת תעשיות מזון אגו,IL,אסם מיני קרוטונים למרק וסלט 12*400גרם,גרמים,400.00,100 גרם,false,1,25.90,6.4750,true,1,7160
7290000065335,false,אוסם - מנה חמה פירה עם ירקות 55 גרם,"אסם תעשיות בע""מ",IL,מנה חמה פירה וירקות 12*55גרם,גרמים,55.00,100 גרם,false,1,6.90,12.5455,true,1,7176
7290000065540,false,אוסם - מנה חמה פסטה מוקרמת בטעם עוף 55 גרם,"אסם תעשיות בע""מ",IL,מנה חמה פסטה מוקרמת בדץ 12*55גרם,גרמים,55.00,100 גרם,false,1,6.90,12.5455,true,1,7181
7290000065557,false,אוסם - מנה חמה קוסקוס עם ירקות 84 גרם,"אסם תעשיות מזון בע""מ",IL,מנה חמה קוסקוס וירקות בדצ 12*84גרם,גרמים,84.00,100 גרם,false,1,6.90,8.2143,true,1,7182
7290000065977,false,חטיפי פריכונים תירס שומשום 80 ג' אוסם,"מיוצר ע""י פרח, משווק",IL,אסם חטיפי פריכונים תירס 12*80גרם,גרמים,80.00,100 גרם,false,1,7.90,9.8750,true,1,66178
7290000066189,false,ביסלי גדול בטעם פלאפל 200 ג' אסם,"אסם תעשיות בע""מ",IL,ביסלי פלאפל 25*200גרם,גרמים,200.00,100 גרם,false,1,7.90,3.9500,true,1,7284
7290000066196,false,ביסלי גדול בטעם גריל 200 ג' אסם,מיוצר עי קונדיטוריית,IL,ביסלי גריל 25*200גרם,גרמים,200.00,100 גרם,false,1,7.90,3.9500,true,1,7285
7290000066264,false,אוסם - חטיף דובונים 40 גרם,"אסם תעשיות בע""מ",IL,חטיף דובונים 40 גרם,גרמים,40.00,100 גרם,false,1,4.90,12.2500,true,1,7289
7290000066295,false,אסם במבה תות מחומרים טבעיים 30גר,מיוצר עי קונדיטוריית,IL,במבה מתוקה מחומרים טבעיים 40*30גרם,גרמים,30.00,100 גרם,false,1,3.00,10.0000,true,1,7333
7290000066318,false,במבה קלאסי 80 גרם,"אסם תעשיות בע""מ",IL,במבה קלאסי 40*80גרם,גרמים,80.00,100 גרם,false,1,5.90,7.3750,true,1,7335
7290000066332,false,אפרופו חטיף אסם 50ג',מיוצר עי קונדיטוריית,IL,אפרופו 36*50גרם,גרמים,50.00,100 גרם,false,1,5.20,10.4000,true,1,7336
7290000066349,false,אפרופו גדול אסם 100ג',מיוצר עי קונדיטוריית,IL,אפרופו 20*100גרם,גרמים,100.00,100 גרם,false,1,8.90,8.9000,true,1,7337
7290000066431,false,פופקו חטיף תירס בטעם חמאה ודבש 80 גרם,מיוצר עי קונדיטוריית,IL,פופקו חמאה ודבש 40*80גרם,גרמים,80.00,100 גרם,false,1,5.20,6.5000,true,1,7339
7290000067070,false,עוגיות ממולאות בטעם,מיוצר עי קונדיטוריית,IL,אסם עוגיות מיני ממולאות שוקולד 6*300גרם,גרמים,300.00,100 גרם,false,1,11.90,3.9667,true,1,7411
7290000067407,false,פרורית מתובלת בשקית 200 גרם,עינת תעשיות מזון אגו,IL,אסם פירורית מתובל 12*200גרם,גרמים,200.00,100 גרם,false,1,5.90,2.9500,true,1,7456
7290000067544,false,פירורית זהב שקית 200גר,עינת תעשיות מזון אגו,IL,אסם פירורית פירורי לחם זהב 12*200גרם,גרמים,200.00,100 גרם,false,1,6.90,3.4500,true,1,7464
7290000067599,false,אוסם - מנה חמה ספגטי רוטב בולנז 65 גרם,"אסם תעשיות בע""מ",IL,מנה חמה ספגטי בולונז 12*65גרם,גרמים,65.00,100 גרם,false,1,6.90,10.6154,true,1,7470
7290000068138,false,אסם פודינג אינסטנט וניל 80 גרם,מיוצר עי קונדיטוריית,IL,אסם פודינג אינסטנט וניל 12*80גרם,גרמים,80.00,100 גרם,false,1,5.90,7.3750,true,1,7556
7290000068190,false,אסם גלי תות שדה צבעים טבעיים 90גרם,מיוצר עי קונדיטוריית,IL,אסם ג'לי תות שדה צבעים טבעיים 12*90גרם,גרמים,90.00,100 גרם,false,1,6.90,7.6667,true,1,7568
7290000068206,false,ג'לי משמש אסם צבע טבעי 85 ג',מיוצר עי קונדיטוריית,IL,אסם ג'לי משמש צבעים טבעיים 12*85גרם,גרמים,85.00,100 גרם,false,1,6.90,8.1176,true,1,7569
7290000068237,false,ג'לי פטל צבע טבעי 85ג' אסם,מיוצר עי קונדיטוריית,IL,אסם ג'לי פטל צבעים טבעיים 12*85גרם,גרמים,85.00,100 גרם,false,1,6.90,8.1176,true,1,7572
7290000068251,false,ג'לי אננס אסם צבע טבעי 85 ג',מיוצר עי קונדיטוריית,IL,אסם גלי אננס צבעים טבעיים 12*85גרם,גרמים,85.00,100 גרם,false,1,6.90,8.1176,true,1,7581
7290000068282,false,"מנה חמה תפו""א עם ירקות בגביע כלפ","אסם תעשיות בע""מ",IL,מנה חמה פירה.וירקות כלפ.12*47גרם,גרמים,76.00,100 גרם,false,1,6.90,9.0789,true,1,53848
7290000068299,false,"מנה חמה תפו""א עם פטריות בגביע כלפ","אסם תעשיות בע""מ",IL,מנה חמה פירה תפוא.ופטריות כלפ.12*47גרם,גרמים,76.00,100 גרם,false,1,6.90,9.0789,true,1,53849
7290000068343,false,אוסם - פירכונים מאורז מלא 140 גרם,"מיוצר ע""י PT, משווק",IL,אסם פריכונים מאורז מלא 12*140גרם,גרמים,140.00,100 גרם,false,1,8.90,6.3571,true,1,7587
7290000068701,false,שקדי מרק רכיבים טבעיים 400 גרם-מיכל,"אסם תעשיות בע""מ",IL,אסם שקדי מרק רכיבים טבע.מיכל 10*400גרם,גרמים,400.00,100 גרם,false,1,18.30,4.5750,true,1,7606
7290000068787,false,במבה יום הולדת 25 גרם,מיוצר עי קונדיטוריית,IL,במבה יום הולדת כלפ.108*25גרם,גרמים,25.00,100 גרם,false,1,2.50,10.0000,true,1,7612
7290000069258,false,פסטה פרפקטו פנה ריגאטה 500ג' אסם,פסטה זארה,IT,פרפקטו פנה ריגאטה 12*500גרם-חדש,גרמים,500.00,100 גרם,false,1,7.90,1.5800,true,1,7715
7290000069364,false,פריכונים עגולים אורז דל נתרן אסם 140 גרם,"מיוצר ע""י PT, משווק",IL,אסם פריכונים עגול אורז דל נת.12*140ג,גרמים,140.00,100 גרם,false,1,8.90,6.3571,true,1,16202
7290000070308,false,אבקת מרק עוף אמיתי במיכל 400 גרם,"אסם תעשיות בע""מ",IL,אסם מרק עוף אמיתי חתם סופר כלפ.6*400גרם,גרמים,400.00,100 גרם,false,1,21.90,5.4750,true,1,7801
7290000070353,false,אבקת מרק בצל רכיבים טבעיים 400 ג' אסם,"אסם תעשיות בע""מ",IL,"מרק בצל כשל""פ 400 גרם",גרמים,400.00,100 גרם,false,1,28.90,7.2250,true,1,7803
7290000071008,false,אוסם - בייגלה שטוחים מלח 60 גרם,"אסם תעשיות בע""מ",IL,אסם בייגלה שטוחים מלח 24*60גרם,גרמים,60.00,100 גרם,false,1,3.70,6.1667,true,1,70974
7290000072241,false,"רוטב פיצה 290 מ""ל-בקבוק","אסם תעשיות בע""מ",IL,אסם רוטב פיצה 9*290מל,מיליליטרים,290.00,"100 מ""ל",false,1,12.90,4.4483,true,1,7847
7290000072623,false,קטשופ אסם בקבוק לחיץ 750 גרם,"אסם תעשיות בע""מ",IL,אסם קטשופ בקבוק לחיץ 9*750גרם-חדש,גרמים,750.00,100 גרם,false,1,8.90,1.1867,true,1,7858
7290000072753,false,קפה טייסטר צ'ויס קפה מגורען 200ג',נסטלה קוריאה - קפה,IL,טייסטרס צ'וייס 12*200גרם,גרמים,200.00,100 גרם,false,1,32.90,16.4500,true,1,7862
7290000072777,false,קפה טייסטר צ'ויס מגור' נ.קפאין 200ג',נסטלה קוריאה - קפה,IL,טייסטרס צוייס נטול קופאין 12*200גרם,גרמים,200.00,100 גרם,false,1,39.90,19.9500,true,1,7864
7290000072784,false,קפה טייסטר צויס נטול קופאין 100 גר',נסטלה קוריאה - קפה,KR,טייסטרס צוייס נטול קופאין 12*100גרם,גרמים,100.00,100 גרם,false,1,27.90,27.9000,true,1,7865
7290000072968,false,דגנים סיני מיניס מלחמת הכוכבים 500 גרם,נסטלה פולין דגני בוק,PL,דגני סיני מיניס קינמון 500 גרם,גרמים,500.00,100 גרם,false,1,26.90,5.3800,true,1,8376
7290000073125,false,אוסם - מנה חמה פסטה עם עגבניות 62 גרם,"אסם תעשיות בע""מ",IL,מנה חמה פסטה עם עגבניות ר.טבע. בדץ12*62ג,גרמים,62.00,100 גרם,false,1,6.90,11.1290,true,1,9200
7290000073415,false,אוסם - מנה חמה פסטה ברוטב פיצה 61 גרם,"אסם תעשיות בע""מ",IL,מנה חמה פסטה ברוטב פיצה 61 גרם,גרמים,61.00,100 גרם,false,1,6.90,11.3115,true,1,9216
7290000074153,false,ביסקוויט פתיבר שוקו,מיוצר עי קונדיטוריית,IL,אסם פתי בר שוקו 12*500גרם,גרמים,500.00,100 גרם,false,1,14.10,2.8200,true,1,9271
7290000074184,false,אוסם - פתי בר בינוני 500 גרם,"אסם תעשיות בע""מ",IL,ביסקוויט פתיבר 500 גרם,גרמים,500.00,100 גרם,false,1,9.90,1.9800,true,1,9275
7290000074245,false,אוסם - קרם קרקר אסם 250 גרם,"אסם תעשיות בע""מ",IL,אסם קרם קרקר 12*250גרם,גרמים,250.00,100 גרם,false,1,10.90,4.3600,true,1,9277
7290000074276,false,קרקר פיקנטי טבעון 250 ג' אסם,"אסם תעשיות בע""מ",IL,אסם קרקר פיקנטי 12*250גרם,גרמים,250.00,100 גרם,false,1,10.90,4.3600,true,1,9279
7290000074375,false,אוסם - קרקר זהב 150 גרם,"אסם תעשיות בע""מ",IL,אסם קרקר זהב 12*150גרם,גרמים,150.00,100 גרם,false,1,6.90,4.6000,true,1,9283
7290000074481,false,לחמית אגוזים אסם 160 ג',"אסם תעשיות בע""מ",IL,לחמית אגוזים 12*160גרם,גרמים,160.00,100 גרם,false,1,10.90,6.8125,true,1,75350
7290000075204,false,אוסם - לחמית חיטה מלאה 250 גרם,"אסם תעשיות בע""מ",IL,לחמית חיטה מלאה 10*250גרם חדש,גרמים,250.00,100 גרם,false,1,10.90,4.3600,true,1,9305
7290000076126,false,אוסם - בייגלה שמיניות קטנות 80 גרם,"אסם תעשיות בע""מ",IL,אסם בייגלה שמיניות קטנות 24*80גרם,גרמים,80.00,100 גרם,false,1,3.70,4.6250,true,1,9330
7290000076133,false,בייגלה שמיניות קטנות 400 גרם אסם,"אסם תעשיות בע""מ",IL,אסם בייגלה שמיניות קטנות 12*400גרם,גרמים,400.00,100 גרם,false,1,11.90,2.9750,true,1,9331
7290000076645,false,אוסם - טוסטעים חיטה מלאה 100 גרם,ון דר מולן האלום,NL,אסם טוסטעים חיטה מלאה 14*100גרם,גרמים,100.00,100 גרם,false,1,11.30,11.3000,true,1,64656
7290000077017,false,עוגיות קרמוגית וקרם שוקולד אסם 200 גרם,מיוצר עי קונדיטוריית,IL,אסם קרמוגית במילוי שוקולד 12*200גרם,גרמים,200.00,100 גרם,false,1,11.90,5.9500,true,1,9358
7290000077253,false,אוסם - לחמית כפרית עם דגנים מלאים 190 גרם,"אסם תעשיות בע""מ",IL,לחמית כפרית 12*190גרם,גרמים,190.00,100 גרם,false,1,10.90,5.7368,true,1,65990
7290000078762,false,אוסם - חטיפי פריכונים מאורז מלא בטעם דבש 80גר,סנורייס בלגיום אן. ו,BE,אסם חטיפי פריכונים אורז ודבש 14*80גרם,גרמים,80.00,100 גרם,false,1,7.90,9.8750,true,1,9477
7290000081663,false,בייגלה אסם טבעות שומשום 300 גרם,מיוצר עי קונדיטוריית,IL,אסם בייגלה טבעות שומשום 12*300גרם,גרמים,300.00,100 גרם,false,1,11.90,3.9667,true,1,9942
7290000085159,false,פרורי פתי בר לעוגות ואיפה 250 גר',גטניו אם החיטה,IL,פירורי ביסקויט וניל 300 גר,גרמים,300.00,100 גרם,false,1,5.80,1.9333,true,1,150383
7290000085180,false,גטניו פתי בר וניל 470 גרם,"אחים גטניו בע""מ",IL,ביסקוויט פתיבר וניל גטניו 470 גרם,גרמים,470.00,100 גרם,false,1,9.90,2.1064,true,1,34771
7290000085755,false,10 פיתות לבן,,,10 פיתות לבן,יחידה,1.00,יחידה,false,1,18.90,18.9000,true,1,143428
7290000100036,false,פתיתי ברוקולי סנפרוס,"סנפרוסט בע""מ",IL,פתיתי ברוקולי,גרמים,800.00,100 גרם,false,1,22.90,2.8625,true,1,121187
7290000100128,false,פירות קפואים תות סנפרוסט 300 ג',"סנפרוסט בע""מ",IL,פירות קפואים תות,גרמים,300.00,100 גרם,false,1,19.90,6.6333,true,1,121185
7290000100135,false,פירות קפואים סנפרוסט דובדבן 300 גר,"סנפרוסט בע""מ",IL,פירות קפואים דובדבן,גרמים,300.00,100 גרם,false,1,19.90,6.6333,true,1,121186
7290000100302,false,פול ירוק ללא קליפה 600ג',"סנפרוסט בע""מ",IL,פול ירוק קלוף 600 גרם סנפרוסט,גרמים,600.00,100 גרם,false,1,29.90,4.9833,true,1,123860
7290000101927,false,אוכמניות כחולות מוקפאות סנפרוסט 300 גרם,"איי, בי, אינבוו",IL,אוכמניות כחולות מוקפאות 300 גרם,גרמים,300.00,100 גרם,false,1,19.90,6.6333,true,1,116029
7290000101941,false,אננס חתוך מוקפא סנפרוסט 300ג',"איי, בי, אינבוו",IL,אננס מוקפא 300 גרם,גרמים,300.00,100 גרם,false,1,19.90,6.6333,true,1,116121
7290000101958,false,מנגו חתוך מוקפא סנפרוסט 300ג',"איי, בי, אינבוו",IL,מנגו מוקפא 300 גרם,גרמים,300.00,100 גרם,false,1,19.90,6.6333,true,1,116115
7290000101989,false,דובדבן חמוץ סנפרוסט,"סנפרוסט בע""מ",IL,דובדבן חמוץ 300גרם,גרמים,300.00,100 גרם,false,1,19.90,6.6333,true,1,125567
7290000103365,false,מרק ירקות 550 ג' סנפרוסט,"איי, בי, אינבוו",IL,מרק ירקות סנפרוסט 550 גרם,גרמים,550.00,100 גרם,false,1,19.90,3.6182,true,1,88919
7290000103433,false,לקט ירקות סנפרוסט לתנור 800 גר,"איי, בי, אינבוו",IL,פסטיבל ירקות לתנור 800 גרם סנפרוסט,גרמים,800.00,100 גרם,false,1,24.90,3.1125,true,1,113974
7290000103457,false,מיני כרובית סנפרוסט 600 גר,"סנפרוסט בע""מ",IL,מיני כרובית 600 גרם,גרמים,600.00,100 גרם,false,1,19.90,3.3167,true,1,113358
7290000103471,false,מיני ברוקולי סנפרוסט 600 גר',"סנפרוסט בע""מ",IL,מיני ברוקולי 600 גרם,גרמים,600.00,100 גרם,false,1,19.90,3.3167,true,1,112248
7290000103488,false,ארטישוק ירושלמי סנפרוסט 400 גר,"סנפרוסט בע""מ",IL,ארטישוק ירושלמי 400 גרם,גרמים,400.00,100 גרם,false,1,24.90,6.2250,true,1,113593
7290000103822,false,ירקות שמלווים עוף סנפרוסט 800ג',"סנפרוסט בע""מ",IL,ללקט לעוף סנפרוסט 800 גרם,גרמים,800.00,100 גרם,false,1,24.90,3.1125,true,1,86264
7290000103839,false,מרק כתום קפוא 570 ג' סנפרוסט,"סנפרוסט בע""מ",IL,מרק כתום סנפרוסט 570 גרם,גרמים,570.00,100 גרם,false,1,19.90,3.4912,true,1,86093
7290000103846,false,מרק אפונה 570 ג' סנפרוסט,"סנפרוסט בע""מ",IL,מרק אפונה קפוא סנפרוסט 572 גרם,גרמים,572.00,100 גרם,false,1,19.90,3.4790,true,1,86145
7290000103860,false,מרק עדשים קפוא 570 ג' סנפרוסט,"איי, בי, אינבוו",IL,מרק עדשים סנפרוסט 570 גרם,גרמים,570.00,100 גרם,false,1,19.90,3.4912,true,1,86095
7290000104072,false,עדשים ירוקות מבושלות מוקפאות 800 ג' סנפרוסט,"איי, בי, אינבוו",IL,עדשים ירוקות מבושלות 800 גרם,גרמים,800.00,100 גרם,false,1,22.50,2.8125,true,1,71086
7290000104201,false,אפונה עדינה 600 גר סנפרוסט,"איי, בי, אינבוו",IL,אפונה עדינה סנפרוסט 600 גרם,גרמים,600.00,100 גרם,false,1,19.90,3.3167,true,1,17
7290000104218,false,סנפרוסט במיה 600 גרם,"איי, בי, אינבוו",IL,במיה 600 גרם,גרמים,600.00,100 גרם,false,1,19.90,3.3167,true,1,18
7290000104225,false,בצל קצוץ סנפרוסט 600 גרם,"סנפרוסט בע""מ",IL,בצל קצוץ סנפרוסט 600 גרם,גרמים,600.00,100 גרם,false,1,19.90,3.3167,true,1,19
7290000104287,false,לקט לפשטידה 800 גרם סנפרוסט,"סנפרוסט בע""מ",IL,לקט לפשטידה 800 גרם,גרמים,800.00,100 גרם,false,1,24.90,3.1125,true,1,32759
7290000104676,false,אפונה קפואה סנפרוסט 800 גרם,"איי, בי, אינבוו",IL,אפונת גינה 800 גרם סנפרוסט,גרמים,800.00,100 גרם,false,1,19.90,2.4875,true,1,36
7290000104683,false,שעועית ירוקה שלמה 800 גר סנפרוסט,"סנפרוסט בע""מ",IL,שעועית ירוקה שלמה סנפרוסט 800גרם,גרמים,800.00,100 גרם,false,1,21.90,2.7375,true,1,37
7290000104690,false,תירס גרעינים קפוא סנפרוסט 800 ג',"איי, בי, אינבוו",IL,תירס גרעינים סנפרוסט 800גרם,גרמים,800.00,100 גרם,false,1,19.90,2.4875,true,1,38
7290000104706,false,גזר גמדי 800 גרם סנפרוסט,"סנפרוסט בע""מ",IL,גזר גמדי 800 גרם,גרמים,800.00,100 גרם,false,1,19.90,2.4875,true,1,39
7290000104713,false,פול ירוק 800 גר סנפרוסט,"איי, בי, אינבוו",IL,פול ירוק 800 גרם,גרמים,800.00,100 גרם,false,1,26.90,3.3625,true,1,40
7290000104720,false,שעועית ירוקה חתוכה 800גר סנפרוסט,"סנפרוסט בע""מ",IL,שעועית ירוקה חתוכה סנפרוסט 800גרם,גרמים,800.00,100 גרם,false,1,20.90,2.6125,true,1,41
7290000104737,false,שעועית צהובה חתוכה סנפרוסט 800גר,"סנפרוסט בע""מ",IL,שעועית צהובה 800- גר .,גרמים,800.00,100 גרם,false,1,20.90,2.6125,true,1,42
7290000104744,false,כרובית 800 גר סנפרוסט,"סנפרוסט בע""מ",IL,כרובית 800 גרם סנפרוסט,גרמים,800.00,100 גרם,false,1,26.90,3.3625,true,1,43
7290000104751,false,כרוב ניצנים סנפרוסט 800 גרם,"איי, בי, אינבוו",IL,כרוב ניצנים 800-גר .,גרמים,800.00,100 גרם,false,1,26.90,3.3625,true,1,44
7290000104768,false,תרד עלים סנפרוסט 800 ג ',"איי, בי, אינבוו",IL,תרד עלים 800-גר .,גרמים,800.00,100 גרם,false,1,27.90,3.4875,true,1,45
7290000104775,false,מדליוני תרד 800 גר סנפרוסט,"איי, בי, אינבוו",IL,מדליוני תרד 800 גרם,גרמים,800.00,100 גרם,false,1,27.90,3.4875,true,1,46
7290000104799,false,שעועית לבנה מבושלת סנפרוסט 800גר,"איי, בי, אינבוו",IL,שעועית לבנה מבושלת קפואה 800 גרם,גרמים,800.00,100 גרם,false,1,21.90,2.7375,true,1,47
7290000104805,false,גרגירי חומוס קפוא 800 ג' סנפרוסט,"איי, בי, אינבוו",IL,גרגרי חומוס מבושלים קפואים 800 גרם,גרמים,800.00,100 גרם,false,1,21.90,2.7375,true,1,48
7290000104829,false,"קלחוני תירס 1 ק""ג סנפרוסט","איי, בי, אינבוו",IL,"קלחוני תירס 1 ק""ג",קילוגרמים,1.00,"ק""ג",false,1,23.90,23.9000,true,1,50
7290000104836,false,שעועית עדינה שלמה 600 גר סנפרוסט,"סנפרוסט בע""מ",IL,שעועית עדינה שלמה 600 גרם סנפרוסט,גרמים,600.00,100 גרם,false,1,24.90,4.1500,true,1,20828
7290000104874,false,ירקות לקוסקוס של אמא סנפרוסט 800ג',"סנפרוסט בע""מ",IL,ירקות לקוסקוס של אמא 800 גרם סנפרוסט,גרמים,800.00,100 גרם,false,1,24.90,3.1125,true,1,51
7290000104881,false,אפונה וגזר קפוא סנפרוסט 800ג',"איי, בי, אינבוו",IL,לקט אפונה וגזר 800 גרם,גרמים,800.00,100 גרם,false,1,19.90,2.4875,true,1,52
7290000104904,false,לקט ירקות מעורבים 800 ג' סנפרוסט,"איי, בי, אינבוו",IL,לקט ירקות מעורבים 800 גרם סנפרוסט,גרמים,800.00,100 גרם,false,1,24.90,3.1125,true,1,54
7290000104911,false,לקט נורמנדי 800 גר סנפרוסט,"איי, בי, אינבוו",IL,לקט נורמנדי 800 גרם סנפרוסט,גרמים,800.00,100 גרם,false,1,24.90,3.1125,true,1,55
7290000106526,false,חגיגה ירוקה להקפצה סנפרוסט 800 גר,"איי, בי, אינבוו",IL,ירקות להקפצה חגיגה ירוקה 800גרם,גרמים,800.00,100 גרם,false,1,26.90,3.3625,true,1,126405
7290000107165,false,פולי סויה אדממה סנפרוסט 400 ג',"איי, בי, אינבוו",IL,חטיף פולי סויה אדממה 400 גרם סנפרוסט,גרמים,400.00,100 גרם,false,1,13.90,3.4750,true,1,33322
7290000107189,false,תחתיות ארטישוק 400 גרם סנפרוסט,"איי, בי, אינבוו",IL,תחתיות ארטישוק 400 גרם סנפרוסט,גרמים,400.00,100 גרם,false,1,24.90,6.2250,true,1,60
7290000107295,false,תפרחות ברוקולי סנפרוסט 800 ג',"איי, בי, אינבוו",IL,ברוקולי מוקפא 800 גרם סנפרוסט,גרמים,800.00,100 גרם,false,1,27.90,3.4875,true,1,63
7290000107615,false,ירקות ואננס להקפצה מנה אסייתית צבעונית ועשירה,"איי, בי, אינבוו",IL,לקט מנה אסייתית צבעונית ועשירה 800גרם,גרמים,800.00,100 גרם,false,1,26.90,3.3625,true,1,126407
7290000107622,false,פסטה וירקות א-לה איטליה סנפרוסט 800 ג',"איי, בי, אינבוו",IL,לקט פסטה וירקות א-לה איטליה 800גרם,גרמים,800.00,100 גרם,false,1,26.90,3.3625,true,1,126408
7290000107677,false,שעועית עדינה שלמה צה,"סנפרוסט בע""מ",IL,שעועית צהובה עדינה שלמה 600 גר,גרמים,600.00,100 גרם,false,1,24.70,4.1167,true,1,81066
7290000110844,false,"כיפלי גריל בד""צ תלמה 70 ג'",יוניליור ישראל מזון,IL,כיפלי חטיף בטעם גריל,גרמים,70.00,100 גרם,false,1,6.50,9.2857,true,1,16216
7290000110851,false,"כיפלי בצל בד""צ תלמה 70 ג'",אתר שפע - Food,IL,כיפלי חטיף בטעם בצל,גרמים,70.00,100 גרם,false,1,6.50,9.2857,true,1,16217
7290000111063,false,מיונז אמיתי תלמה 250 ג',יוניליוור ישראל מזון,IL,תלמה מיונז אמיתי 250 גרם,גרמים,250.00,100 גרם,false,1,7.80,3.1200,true,1,79
7290000111117,false,מרכך כביסה לבן 4 ל' בדין,יוניליור ישראל טיפוח,IL,מרכך כביסה בדין לבן,ליטרים,4.00,ליטר,false,1,24.90,6.2250,true,1,80
7290000111186,false,מיונז תלמה 500 גרם-צנצנת,יוניליוור ישראל מזון,IL,תלמה מיונז אמיתי 500 גרם,גרמים,500.00,100 גרם,false,1,10.90,2.1800,true,1,82
7290000111353,false,"מיונז אמיתי תלמה 1 ק""ג",יוניליוור ישראל מזון,IL,תלמה מיונז 1 קג,קילוגרמים,1.00,"ק""ג",false,1,19.90,19.9000,true,1,85
7290000111384,false,חרדל אמיתי בצנצנת 550 ג' תלמה,יוניליוור ישראל מזו,IL,חרדל אמיתי תלמה,גרמים,550.00,100 גרם,false,1,10.90,1.9818,true,1,87
7290000112220,false,בארכה טחינה 100% שומשום 500 גרם,רושדי תעשיות מזון בע,IL,בארכה טחינה 100% שומשום 12*500גרם,גרמים,500.00,100 גרם,false,1,14.90,2.9800,true,1,127
7290000112497,false,מרק עשיר עוף אטריות קנור 75 גרם - שקיות,יוניליוור ישראל מזון,IL,מרק עוף עם אטריות,גרמים,68.00,100 גרם,false,1,12.90,18.9706,true,1,145
7290000112503,false,מרק עשיר ירקות קנור 69 גרם - שקיות,יוניליוור ישראל מזון,IL,מרק עשיר ירקות קנור 61 גרם,גרמים,61.00,100 גרם,false,1,12.90,21.1475,true,1,146
7290000112619,false,מרק עוף לתיבול והעשרה קנור 400 ג',יוניליוור ישראל מזון,IL,קנור מרק עוף אמיתי 400 גרם,גרמים,400.00,100 גרם,false,1,22.90,5.7250,true,1,160
7290000113180,false,"כיפלי צ'יפס בד""צ תלמה 50 ג'",יוניליור ישראל מזון,IL,"כיפלי חטיף על בסיס תפו""א",גרמים,50.00,100 גרם,false,1,4.90,9.8000,true,1,90709
7290000116204,false,"אבקת מרק דגש בטעם עוף 1ק""ג קנור",יוניליוור ישראל מזון,IL,קנור מרק דגש זך בטעם עוף 1 קג,קילוגרמים,1.00,"ק""ג",false,1,19.70,19.7000,true,1,267
7290000116884,false,רוטב קנור ברביקיו 300 גר,יוניליוור ישראל מזון,IL,רוטב ברביקיו קנור,מיליליטרים,300.00,"100 מ""ל",false,1,12.90,4.3000,true,1,13949
7290000116921,false,רוטב צ'ילי מתוק 370ג'12x קנור,יוניליוור ישראל מזון,IL,רוטב צ'ילי מתוק קנור,מיליליטרים,300.00,"100 מ""ל",false,1,12.90,4.3000,true,1,13950
7290000117171,false,מרק טעם עוף דל קלוריות 48 גרם-קופסא,יוניליוור ישראל מזון,IL,קנור מרק נמס בכוס בטעם עוף 48 גרם,גרמים,48.00,100 גרם,false,1,8.60,17.9167,true,1,271
7290000117720,false,קנור - נמס בכוס זוג פטריות 21.50 גרם * 2,יוניליוור ישראל מזון,IL,קנור נמס בכוס פטריות 43 גרם,גרמים,43.00,100 גרם,false,1,7.50,17.4419,true,1,276
7290000118277,false,כופתאות מצה להכנת מהירה 65 ג' קנור,יוניליוור ישראל מזון,IL,קנור קניידל 130 גרם,גרמים,130.00,100 גרם,false,1,12.90,9.9231,true,1,284
7290000120836,false,הלמנס מיונז אמיתי 394גר ADR,קונפקו אינק' די.בי.א,CA,hellmanns real מיונז אמיתי הלמנס,גרמים,394.00,100 גרם,false,1,12.90,3.2741,true,1,309
7290000120874,false,מיונז הלמנס לייט מופחת קלוריות 424ג,"יונילוור ארה""ב - HPC",US,hellmanns light ממרח מופחת קלוריות,גרמים,424.00,100 גרם,false,1,12.90,3.0425,true,1,310
7290000121109,false,"גבינת מון בלאן זיתים, 120 ג'",האי נאם סי או אל.טי.,IL,גבינה מותכת 7% מון בלאן זיתים לייט 120 ג,גרמים,120.00,100 גרם,false,1,11.90,9.9167,true,1,315
7290000121239,false,מיוקל 5% שומן ללא כולסטרול תלמה 500ג',יוניליוור ישראל מזון,IL,מיוקל ממרח 5% שומן תלמה,גרמים,500.00,100 גרם,false,1,13.90,2.7800,true,1,20189
7290000123363,false,צמקאו לאכילה ציפוי ואפייה 500 גרם,אתר צפת ממרחים וצימא,IL,אפיכל צמקאו לציפוי ולאפייה 500 גרם,גרמים,500.00,100 גרם,false,1,15.50,3.1000,true,1,343
7290000125251,false,בדין שמפו לכביסה עדינה 2 ליטר,"זוהר דליה, קיבוץ דלי",IL,בדין שמפו לכביסה עדינה 2 ליטר,ליטרים,2.00,ליטר,false,1,28.60,14.3000,true,1,22681
7290000129457,false,אבקת רוטב פטריות קנור 28 ג' שקית,יוניליוור ישראל מזון,IL,קנור רוטב פטריות 28 גרם,גרמים,28.00,100 גרם,false,1,5.00,17.8571,true,1,31462
7290000134109,false,תבלין כמון מזרחי 40 גר',תות ממתקי איכות,IL,תבליני טעם וריח מיכל קטן כמון מזרחי 40 גרם,גרמים,40.00,100 גרם,false,1,6.90,17.2500,true,1,16116
7290000134116,false,פפריקה מתוקה במיכל,תות ממתקי איכות,IL,תבליני טעם וריח פפריקה מתוקה 40 גרם,גרמים,40.00,100 גרם,false,1,6.90,17.2500,true,1,16280
7290000134123,false,תבלין פלפל שחור 40 גר',תות ממתקי איכות,IL,תבלין טעם וריח מיכל פלפל שחור טחון 40 גרם,גרמים,40.00,100 גרם,false,1,9.90,24.7500,true,1,20570
7290000134147,false,טעם וריח מוסקט טחון מיכל 40גר,"תבליני טעם וריח בע""מ",IL,"תבליני טעם וריח, מוסקט טחון 100%, 40 גרם",גרמים,40.00,100 גרם,false,1,14.90,37.2500,true,1,16909
7290000134307,false,תבלין קינמון טחון 50 גר',"תבליני טעם וריח בע""מ",IL,"תבליני טעם וריח, 100% קינמון טחון, 50 גרם",גרמים,50.00,100 גרם,false,1,5.90,11.8000,true,1,21541
7290000134314,false,תבלין תיבול לפיצה 120 ג',"תבליני טעם וריח בע""מ",IL,תבליני טעם וריח תערובת תיבול לפיצה 120 גרם,גרמים,120.00,100 גרם,false,1,9.90,8.2500,true,1,21589
7290000134338,false,תבלין אבקת שום טעם ו,"תבליני טעם וריח בע""מ",IL,תבליני טעם וריח אבקת שום 90 גרם,גרמים,90.00,100 גרם,false,1,9.90,11.0000,true,1,16238
7290000134352,false,תבלין קינמון טחון 90 גר',"תבליני טעם וריח בע""מ",IL,"תבליני טעם וריח, 100% קינמון טחון, 90 גרם",גרמים,80.00,100 גרם,false,1,9.90,12.3750,true,1,16023
7290000134376,false,תבלין פפריקה בשמן 90 גר',"תבליני טעם וריח בע""מ",IL,תבלין פפריקה מתוקה בשמן 90 מיכ,גרמים,90.00,100 גרם,false,1,9.90,11.0000,true,1,17908
7290000134550,false,טעם וריח עלי דפנה שק,"תבליני טעם וריח בע""מ",IL,"תבליני טעם וריח, 100% עלי דפנה, 20 גרם",גרמים,20.00,100 גרם,false,1,5.90,29.5000,true,1,16024
7290000134666,false,רוזמרין 15 גר מיכל ק,תות ממתקי איכות,IL,"תבליני טעם וריח, 100% רוזמרין, 15 גרם",גרמים,15.00,100 גרם,false,1,6.90,46.0000,true,1,42101
7290000134673,false,תבלין זנגביל טעם ורי,"תבליני טעם וריח בע""מ",IL,"תבליני טעם וריח, 100% זנגביל טחון, 30 גרם",גרמים,30.00,100 גרם,false,1,6.90,23.0000,true,1,42102
7290000134680,false,תבלין קמיל שלם טעם ו,תות ממתקי איכות,IL,"תבליני טעם וריח, 100% מקלות קינמון, 15 גרם",גרמים,40.00,100 גרם,false,1,6.90,17.2500,true,1,42103
7290000134758,false,"תבלין תיבול לתפו""א 100 ג'","תבליני טעם וריח בע""מ",IL,"תבליני טעם וריח, תערובת תיבול לתפוחי אדמה, 100 גרם",גרמים,100.00,100 גרם,false,1,9.90,9.9000,true,1,42104
7290000134826,false,תבלין זעתר מעורב 100 גר',"תבליני טעם וריח בע""מ",IL,"תבליני טעם וריח, תערובת תיבול זעתר , 100 גרם",גרמים,100.00,100 גרם,false,1,9.90,9.9000,true,1,16170
7290000134833,false,תבלין כמון טחון 100 גר',"תבליני טעם וריח בע""מ",IL,"תבליני טעם וריח, 100% כמון מזרחי",גרמים,100.00,100 גרם,false,1,9.90,9.9000,true,1,16171
7290000134840,false,תבלין כורכום טחון 100 גר',"תבליני טעם וריח בע""מ",IL,"תבליני טעם וריח, 100% כורכום, 100 גרם",גרמים,100.00,100 גרם,false,1,9.90,9.9000,true,1,16312
7290000134857,false,תבלין פפריקה מתוקה 100 גר',"תבליני טעם וריח בע""מ",IL,"תבליני טעם וריח, פפריקה מתוקה 100%, 100 גרם",גרמים,100.00,100 גרם,false,1,9.90,9.9000,true,1,16313
7290000134864,false,תבלין פפריקה חריפה 100 גר',"תבליני טעם וריח בע""מ",IL,תבליני טעם וריח פפריקה חריפה 100% 100 גרם,גרמים,100.00,100 גרם,false,1,9.90,9.9000,true,1,16172
7290000134871,false,תבלין פלפל שחור טחון 100 גר',"תבליני טעם וריח בע""מ",IL,"תבליני טעם וריח, 100% פלפל שחור טחון, 100 גרם",גרמים,100.00,100 גרם,false,1,12.90,12.9000,true,1,16352
7290000134970,false,תבלין חוואייג טעם ור,"תבליני טעם וריח בע""מ",IL,"תבליני טעם וריח, חוויאג' למרק, 100 גרם",גרמים,100.00,100 גרם,false,1,9.90,9.9000,true,1,16282
7290000134987,false,תבלין פלפל שחור גרוס 90 גר',"תבליני טעם וריח בע""מ",IL,"פלפל שחור גרוס 90 גר ""מכיל",גרמים,90.00,100 גרם,false,1,12.90,14.3333,true,1,16025
7290000134994,false,טימין 20 גר מיכל קטן,"תבליני טעם וריח בע""מ",IL,"תבליני טעם וריח, 100% טימין, 20 גרם",גרמים,20.00,100 גרם,false,1,6.90,34.5000,true,1,42105
7290000135045,false,"XL TEN משקה אנרגיה פתוח ללא סוכר 250 מ""ל","טמפו משקאות בע""מ",IL,XL TEN משקה אנרגיה בטעם תפוח250מל,מיליליטרים,250.00,"100 מ""ל",false,1,4.50,1.8000,true,1,98289
7290000135052,false,"XL TEN משקה אנרגיה מנגו ללא סוכר 250 מ""ל","טמפו משקאות בע""מ",IL,משקה אנרגיה XL TEN מנגו פחית 250 מל,מיליליטרים,250.00,"100 מ""ל",false,1,4.50,1.8000,true,1,125453
7290000135151,false,"טמפו סודה למון ליים בקבוק 250 מ""ל",טמפו משקאות בעמ,IL,"סודה נגיעות למון ליים 275 מ""ל",מיליליטרים,275.00,"100 מ""ל",false,1,3.90,1.4182,true,1,145973
7290000135625,false,"רביעיית פחיות גולדסטאר 500 מ""ל",טמפו,IL,"פחיות גולדסטאר רביעיה 500 מ""ל",ליטרים,2.00,ליטר,false,1,32.90,16.4500,true,1,150984
7290000135632,false,"רביעיית פחיות גולדסטאר לא מסונן 500 מ""ל",טמפו,IL,פחיות בירה גולדסטאר לא מסונן רביעייה 500,ליטרים,2.00,ליטר,false,1,32.90,16.4500,true,1,150985
7290000136158,false,פפסי מקס 1.5 ליטר פיקדון,פפסי Pepsi,IL,פפסי קולה מקס ללא סוכר בקבוק 1.5 ליטר,ליטרים,1.50,ליטר,false,1,8.50,5.6667,true,1,153402
7290000136172,false,סבן אפ בקבוק 1.5 ליט,סבן אפ 7up,IL,סבן אפ בקבוק 1.5 ליטר,ליטרים,1.50,ליטר,false,1,8.50,5.6667,true,1,153404
7290000136455,false,משקה בטעם אשכוליות תריסר 1.5 ל' ג'אמפ,טמפו 7.5%,IL,משקל גאמפ אשכוליות 1.5 ליטר,ליטרים,1.50,ליטר,false,1,8.90,5.9333,true,1,153409
7290000136523,false,משקה בטעם ענבים תריסר 1.5 ל' ג'אמפ,טמפו 7.5%,IL,משקל גאמפ ענבים 1.5 ליטר,ליטרים,1.50,ליטר,false,1,8.90,5.9333,true,1,153412
7290000136561,false,משקה בטעם תות בננה תריסר 1.5 ל' ג'אמפ,טמפו 7.5%,IL,משקל גאמפ תות בננה 1.5 ליטר,ליטרים,1.50,ליטר,false,1,8.90,5.9333,true,1,153413
7290000136585,false,משקה בטעם תפוזים תריסר 1.5 ל' ג'אמפ,טמפו 7.5%,IL,משקל גאמפ תפוזים 1.5 ליטר,ליטרים,1.50,ליטר,false,1,8.90,5.9333,true,1,153414
7290000136646,false,משקה מאלט תריסר 1.5 ל' נשר,טמפו 7.5%,IL,בירה נשר מאלט בקבוק 1.5 ליטר,ליטרים,1.50,ליטר,false,1,8.90,5.9333,true,1,153416
7290000136653,false,משקה מאלט דיאט תריסר 1.5 ל' נשר,טמפו 7.5%,IL,בירה נשר מאלט דיאט בקבוק 1.5 ליטר,ליטרים,1.50,ליטר,false,1,8.90,5.9333,true,1,153417
7290000136660,false,סודה 1.5ליטר ב.פקדון,טמפו,IL,מי סודה 1.5 ליטר,ליטרים,1.50,ליטר,false,1,3.80,2.5333,true,1,153700
7290000136677,false,פפסי קולה פיקדון 1.5 ליטר,טמפו,IL,פפסי קולה בקבוק 1.5 ליטר,ליטרים,1.50,ליטר,false,1,8.50,5.6667,true,1,153705
7290000136684,false,פפסי מקס פיקדון 1.5 ליטר,טמפו,IL,פפסי קולה מקס ללא סוכר בקבוק 1.5 ליטר,ליטרים,1.50,ליטר,false,1,8.50,5.6667,true,1,153706
7290000136691,false,מארז שישייה סבן אפ 1.5 ל',סבן אפ 7up,IL,סבן אפ שישייה בקבוק 1.5 ליטר,ליטרים,9.00,ליטר,false,6,49.90,5.5444,true,1,153418
7290000136707,false,משקה מירינדה 1.5ליטר,טמפו,IL,מירינדה בקבוק 1.5 ליטר,ליטרים,1.50,ליטר,false,1,8.50,5.6667,true,1,153703
7290000136783,false,מארז שישייה מרינדה 1.5 ל',מירינדה Mirinda,IL,שישיית מירינדה,ליטרים,9.00,ליטר,false,6,49.90,5.5444,true,1,153421
7290000136790,false,מארז סודה שישייה 1.5 ל' טמפו,טמפו 7.5%,IL,מי סודה שישייה בקבוק 1.5 ליטר,ליטרים,9.00,ליטר,false,6,17.90,1.9889,true,1,153422
7290000136844,false,מארז מים מזוככים אקווה נובה שישיית 2 ליטר,אקווה נובה Aqua Nova,IL,מים אקווה נובה שישייה בקבוק 2 ליטר,ליטרים,12.00,ליטר,false,6,13.90,1.1583,true,1,153425
7290000136868,false,שישיית מים מינרלים סאן בנדטו,סאן בנדטו San Benedetto,IL,מים סן בנדטו שישייה בקבוק 1.5 ליטר,ליטרים,9.00,ליטר,false,6,19.90,2.2111,true,1,153426
7290000136875,false,מארז מים מינרלים מוגז 6* 1.5 ל' סאן בנדטו,סאן בנדטו San Benedetto,IL,שישיית סןבנדטו מוגז בקבוק 1.5 ליטר,ליטרים,9.00,ליטר,false,6,19.90,2.2111,true,1,153799
7290000136936,false,סבן אפ דיאט בקבוק 1.,טמפו,IL,סבן אפ דיאט בקבוק 1.5 ליטר,ליטרים,1.50,ליטר,false,1,8.50,5.6667,true,1,153702
7290000137513,false,גלידונית גלידה וניל בציפוי שוקולד 60 יח' קרמיסימו,"גלידת שטראוס בע""מ, ר",IL,גלידונית קרמיסימו 1/60 630 גרם,גרמים,630.00,100 גרם,false,1,41.90,6.6508,true,1,518
7290000137643,false,מאגדת שלגוני טעמקור 8 יח' שטראוס,"גלידת שטראוס בע""מ, ר",IL,"שטראוס טעמקור 880 מ""ל",גרמים,500.00,100 גרם,false,1,42.90,8.5800,true,1,519
7290000139104,false,שלווה מתוקה 230 גרם בשקית,"אשב""ל בע""מ",IL,.חיטה תפוחה מתוקה 250 גרם,גרמים,250.00,100 גרם,false,1,9.90,3.9600,true,1,50849
7290000139227,false,דגן תירס תפוח מתוק 150 גרם,אשבל מזון פונקציונלי,IL,דגן תפוח ממותק 150 גרם,גרמים,150.00,100 גרם,false,1,9.90,6.6000,true,1,50905
7290000139258,false,שלווה עם סוכר ודבש 200 גרם,אשבל מזון פונקציונלי,IL,חיטה תפוחה עם סוכר חום ודבש 200,גרמים,200.00,100 גרם,false,1,10.90,5.4500,true,1,50841
7290000144160,false,"שמן זית כתית מעולה מודגש""עץ-הזית"" 750 מ""ל","מרקאולאו, ספרד.אבסה,",IT,שמן זית ארומתי,מיליליטרים,750.00,"100 מ""ל",false,1,36.90,4.9200,true,1,66354
7290000144467,false,שמן חמניות מועשר בנוגדי חמצון 1 ל' עץ הזית,"נארז ע""י : א.ג. גילר",GR,שמן חמניות מועשר בנוגדי חמצון 1 ליטר,ליטרים,1.00,ליטר,false,1,16.90,16.9000,true,1,575
7290000144474,false,שמן עץ הזית קנולה 1 ליטר בריאות מהטבע,שמן תעשיות,EE,שמן קנולה מועשר בנוגדי חמצון 1 ליטר,ליטרים,1.00,ליטר,false,1,15.90,15.9000,true,1,576
7290000148380,false,פיסטוק קלוי שקית 200 גרם,"ג'י אנד ג'י בע""מ",IL,קליית גת פיסטוק קלויים 200 גרם,גרמים,200.00,100 גרם,false,1,21.90,10.9500,true,1,12250
7290000148489,false,גרעיני דלעת קליית גת שקית 200 גרם,"ג'י אנד ג'י בע""מ",IL,"קליית גת גרעיני דלעת קלויים,200 גרם",גרמים,200.00,100 גרם,false,1,10.30,5.1500,true,1,14557
7290000148618,false,קשיו מטוגן שקית קליית גת 200 גרם,"ג'י אנד ג'י בע""מ",IL,קליית גת קשיו מטוגן 200 גרם,גרמים,200.00,100 גרם,false,1,19.90,9.9500,true,1,12251
7290000148748,false,קליית גת גרעיני חמניה קלויים ומומלחים200,"ג'י אנד ג'י בע""מ",IL,"קליית גת חמנייה קלויים, 200 גרם",גרמים,200.00,100 גרם,false,1,6.90,3.4500,true,1,12170
7290000148939,false,שקדים קלויים קלית גת 200 ג',"ג'י אנד ג'י בע""מ",IL,שקד קלוי 200 גר' שקית,גרמים,200.00,100 גרם,false,1,21.90,10.9500,true,1,12252
7290000149615,false,נקה 7 סבון מוצק לתינוק רביעיה * 100 ג',גליל כימיקלים בעממשו,IL,נקה 7 סבון מוצק תינוק 1/4,גרמים,400.00,100 גרם,false,1,12.90,3.2250,true,1,35427
7290000149851,false,סינטבון סבון מארז 460X2ג',יבואן ומשווק: ש. שסט,IL,סינטבון סבון רב-שימושי לניקוי ולהסרת כתמים 460 גרם,גרמים,460.00,100 גרם,false,1,10.80,2.3478,true,1,681
7290000149905,false,טקסטיל שמפו לכביסה ביד 1 ליטר,מיוצר עי קונדיטוריית,IL,טקסטיל שמפו 1 ליטר,ליטרים,1.00,ליטר,false,1,14.90,14.9000,true,1,682
7290000150956,false,עוף טוב מקלוני קבנוס 160 גר',מוצרי עוף טוב (2001),IL,עוף טוב מקלוני קבנוס 12*160גרם,גרמים,160.00,100 גרם,false,1,10.90,6.8125,true,1,73226
7290000158105,false,שניצל עוף מיני דינוזאור מעוף שגדל ללא אנטיביוטיקה,מוצרי עוף טוב (2001),IL,ע.ט.שניצל עוף מיני דינוזאור ר.טבע12*700ג,גרמים,700.00,100 גרם,false,1,34.90,4.9857,true,1,88094
7290000161631,false,ח.קליק אין אאוט במילוי נוגט,יוניליוור ישראל מזון,IL,קליק קליק אין חטיף נוגט 38 גרם,גרמים,38.00,100 גרם,false,1,5.90,15.5263,true,1,30104
7290000161648,false,ח.קליק אין אאוט במילוי ק.חלב,יוניליוור ישראל מזון,IL,קליק חטיף קליק אין קרם חלב 38 גרם,גרמים,38.00,100 גרם,false,1,5.90,15.5263,true,1,30105
7290000168173,false,ברנפלקס קרנצים 375 ג' תלמה,יוניליור ישראל מזון,IL,ברנפלקס קרנצים 375 גרם,גרמים,375.00,100 גרם,false,1,25.90,6.9067,true,1,101978
7290000169538,false,"נמס בכוס עגבניות וקרוטונים מרק כשרות בד""ץ 62 ג' קנור",יוניליוור ישראל מזון,IL,מרק נמס בכוס עגבניות קרוטונים קנור 62 גר,גרמים,62.00,100 גרם,false,1,7.50,12.0968,true,1,95877
7290000169798,false,"עוגי מופחת סוכר 20% פצפוצי שוקו' 500ג' בד""צ",יוניליוור שפע ישראל,IL,תלמה דגני בוקר עוגי 500 גרם,גרמים,500.00,100 גרם,false,1,24.90,4.9800,true,1,96106
7290000170053,false,שוקולד חלב 100 גרם בדץ,תופינית,IL,שוקולד פרה חלב 100 גרם,גרמים,100.00,100 גרם,false,1,5.90,5.9000,true,1,828
7290000170077,false,פרה שוקולד מריר 100 גרם,"שטראוס גרופ בע""מ.",IL,שוק פרה מריר ללג בדצ,גרמים,100.00,100 גרם,false,1,5.90,5.9000,true,1,829
7290000174723,false,שוקולית אבקה להכנת משקה שוקו 500 גרם,הנסיך- מפעל לייצור ט,IL,שוקולית קופסא 500 / 12 קופ'/ 500ג',גרמים,500.00,100 גרם,false,1,13.90,2.7800,true,1,862
7290000176062,false,קפה עלית טורקי 100 גרם,שטראוס קפה בי.וי.,IL,עלית טורקי שקית 100ג/1שק'/100גר',גרמים,100.00,100 גרם,false,1,8.90,8.9000,true,1,872
7290000176079,false,קפה עלית טורקי עם הל 100 גרם,הנסיך- מפעל לייצור ט,IL,עלית טורקי עם הל 00/1שק'/100גר',גרמים,100.00,100 גרם,false,1,10.20,10.2000,true,1,873
7290000176116,false,"קפה טורקי עלית וואקום 1 ק""ג",הנסיך- מפעל לייצור ט,IL,"עלית טורקי ואקום 1 ק""ג",קילוגרמים,1.00,"ק""ג",false,1,88.00,88.0000,true,1,12954
7290000176413,false,קפה נמס אבקתי 50 גרם,הנסיך- מפעל לייצור ט,IL,קפה נמס עלית 50 גרם,גרמים,50.00,100 גרם,false,1,10.80,21.6000,true,1,878
7290000176420,false,קפה נמס אבקתי 200ג עלית,שטראוס קפה בי.וי,IL,קפה נמס עלית פחית 200 גרם,גרמים,200.00,100 גרם,false,1,19.90,9.9500,true,1,879
7290000176468,false,קפה נמס נטול קפאין 50 ג' קפה האג,"איי, בי, אינבוו",IL,האג נמס אבקתי פחית 50 גר חדש,גרמים,50.00,100 גרם,false,1,13.10,26.2000,true,1,880
7290000178103,false,שוקולד פרה חלב אריזת,"שטראוס גרופ בע""מ.",IL,מאג 4 פרה חלב ללג בדצ,גרמים,400.00,100 גרם,false,1,19.90,4.9750,true,1,905
7290000178134,false,שוקולד פרה מריר 100 גרם מארז רביעייה,"שטראוס גרופ בע""מ",IL,מאג 4 פרה מריר ללג בדצ,גרמים,400.00,100 גרם,false,1,18.90,4.7250,true,1,906
7290000178707,false,תפוצ'יפס טבעי 50 גרם,"שטראוס פריטו ליי בע""",IL,תפו טבעי 50 גר 48 יח - שמיטה,גרמים,50.00,100 גרם,false,1,3.90,7.8000,true,1,916
7290000178721,false,חטיף תפוציפס טבעי 20,"שטראוס פריטו ליי בע""",IL,תפו טבעי 200 גר 12 יח,גרמים,200.00,100 גרם,false,1,9.90,4.9500,true,1,918
7290000187921,false,נייר טואלט לבן 32 גלילים לילי,קימברלי קלארק ישראל,IL,לילי פיור נייר טואלט דו שכבתי לבן 32 גלילים,מטרים,58880.00,מטר,false,1,27.50,0.0005,true,1,48942
7290000187938,false,לילי - נייר טואולט נייר טואלט פסטל 32 יח',קימברלי קלארק,IL,נייר טואלט לילי פסטל 32 גלילים,מטרים,58880.00,מטר,false,1,38.90,0.0007,true,1,48943
7290000187952,false,לילי טריפל קומפורט ורוד נ.טואלט 32 גלילי,קימברלי קלארק,IL,נייר טואלט לילי טריו 32 גלילים,מטרים,53470.00,מטר,false,1,45.90,0.0009,true,1,48945
7290000189079,false,"ניקול תבניות אינגליש חזקות ועבות מארז, 7 יח'",חוגלה,CN,תבניות אינגליש ניקול 6 יחידות,לא מנהל יחידת מידה,0.00,לא מנהל יחידת מידה,false,1,10.90,0.0000,true,1,104930
7290000189260,false,ניקול תבניות מלבניות 26*32*7,בראבו,CN,תבניות מלבניות עבות וחזקות 5 יחידות,לא מנהל יחידת מידה,0.00,לא מנהל יחידת מידה,false,1,12.90,0.0000,true,1,104933
7290000189277,false,תבניות מלבניות גדולות ועמוקות 3 יח,חוגלה,CN,תבניות מלבניות עמוקות וחזקות 3 יחידות,לא מנהל יחידת מידה,0.00,לא מנהל יחידת מידה,false,1,12.90,0.0000,true,1,104934
7290000189482,false,ניקול תבנית אפייה מקרטון מרובעת 4יח',"דוקארט בעמ, קיבוץ כפ",IL,תבנית אפייה קרטון מלבן 4 יח,לא מנהל יחידת מידה,0.00,לא מנהל יחידת מידה,false,1,11.90,0.0000,true,1,62692
7290000189505,false,ניקול תבנית אפייה מקרטון אינגליש,"דוקארט בעמ, קיבוץ כפ",IL,תבנית אפייה מקרטון אינגלי,לא מנהל יחידת מידה,0.00,לא מנהל יחידת מידה,false,1,11.90,0.0000,true,1,62693
7290000189598,false,מטליות לחות חד פעמיות לניקוי כללי 50 יח' ניקול,עלבד משואות יצחק בעמ,IL,מטליות לחות לניקוי כללי 50 יח ניקול,Unknown,0.00,Unknown,false,1,11.90,0.0000,true,1,54667
7290000189659,false,מטליות לחות לרצפה ניקול 10 יח'-מרכז,עלבד משואות יצחק בעמ,IL,ניקול מטליות לחות לניקוי הרצפה 10 יחידות,Unknown,0.00,Unknown,false,1,11.90,0.0000,true,1,60621
7290000189734,false,מטליות לחות לפרקט 10יח' ניקול,עלבד משואות יצחק בעמ,IL,ניקול מטליות לחות לניקוי פרקט 10 יחידות,גרמים,0.00,100 גרם,false,1,14.90,0.0000,true,1,83803
7290000189871,false,ניקול שקיות אשפה L עם שרוך 55 יח',"אשפלסט תעשיות בע""מ",IL,שקיות אשפה עם שרוך ניקול 60 יחידות,לא מנהל יחידת מידה,0.00,לא מנהל יחידת מידה,false,1,22.90,0.0000,true,1,50138
7290000190068,false,מפיות נייר ניקול 100,חוגלה קימברלי,IL,"מפיות ניקול חלקות לאירוח חד שכבתי, 100 יחידות",Unknown,0.00,Unknown,false,1,7.90,0.0000,true,1,52072
7290000190150,false,ניקול מפיות מודפסות 3 שכבות 20 יח',לילי,SI,ניקול מפיות מעוצבות תלת שכבתי 20 יחידות,לא מנהל יחידת מידה,0.00,לא מנהל יחידת מידה,false,1,8.90,0.0000,true,1,1026
7290000190198,false,מטליות לניקוי וחיטוי חדרי שירותים ואמבטיה,עלבד משואות יצחק בעמ,IL,מטליות לחות לניקוי חיטוי ניקול,יחידה,1.00,יחידה,false,1,11.90,11.9000,true,1,97740
7290000191225,false,האגיס חיתולים ליטל בייביס שלב 2 44 יחידו,קימברלי קלארק שיווק,IL,האגיס ליטל בייביס מידה 2,יחידה,1.00,יחידה,false,1,39.90,39.9000,true,1,110708
7290000191546,false,ממחטות טישו צבעוני 2 שכבות לילי מארז 100X3יח',חוגלה קימברלי,IL,ממחטות טישיו לילי צבעוני בניילון שלישייה,Unknown,0.00,Unknown,false,1,11.90,0.0000,true,1,1038
7290000191645,false,האגיס ניו בורן-החיתול הראשון שלי,קימברלי קלארק ארהב,US,חיתולי האגיס 36 NB יח,לא מנהל יחידת מידה,0.00,לא מנהל יחידת מידה,false,1,39.90,0.0000,true,1,91259
7290000191652,false,קלינקס ממחטות טישו אולטרא סופט מארז 90X3יח',חוגלה קימברלי,IL,ממחטות טישיו קלינקס ניילון מארז שלישייה,לא מנהל יחידת מידה,0.00,לא מנהל יחידת מידה,false,1,13.90,0.0000,true,1,45929
7290000193083,false,לילי - תחבושות נובה לי 28 יח',חוגלה קימברלי,CZ,תחבושות נובה לי בודד 28 יח,לא מנהל יחידת מידה,0.00,לא מנהל יחידת מידה,false,1,13.90,0.0000,true,1,45977
7290000193205,false,לילי תחבושות נטורל לילה 20 יח',לילי נטורל,BE,"תחב.לילי נטורל לילה 20 יח """,Unknown,0.00,Unknown,false,1,17.90,0.0000,true,1,1074
7290000193540,false,לילי אינטימייט מגן תחתון לונג 52יח',חוגלה קימברלי,IL,מגן תחתון לילי נטורל LONG,לא מנהל יחידת מידה,0.00,לא מנהל יחידת מידה,false,1,17.90,0.0000,true,1,1077
7290000193649,false,לילי תחבושות נטורל אולטרה סופר 24 יח',לילי,IL,תחב.לילי נטורל נורמל פלוס 24,Unknown,0.00,Unknown,false,1,17.90,0.0000,true,1,1080
7290000193656,false,לילי תחבושות נטורל אולטרה סופר פלוס 24 יח',לילי,IL,תחב.לילי נטורל סופר פלוס 24,Unknown,0.00,Unknown,false,1,17.90,0.0000,true,1,1081
7290000194288,false,משטח החתלה האגיס לתי,האגיס,BE,"משטח החתלה 10 יח """,Unknown,0.00,Unknown,false,1,23.90,0.0000,true,1,47146
7290000195216,false,נייר אפייה בשקית ניקול 50 יח',אופל,IL,נייר אפיה ניקול 50 יח,לא מנהל יחידת מידה,0.00,לא מנהל יחידת מידה,false,1,11.90,0.0000,true,1,105381
7290000195537,false,האגיס - מגבוני האגיס דיילי קר לא מבושם 64 יח' * 4,חוגלה קימברלי,IL,האגיס מגבונים לחים לתינוק ללא בישום מארז רביעייה,יחידה,1.00,יחידה,false,1,23.90,23.9000,true,1,15303
7290000195773,false,האגיס - מגבוני האגיס סנסטיב קר לא מבושם 64 יח' * 4,חוגלה קימברלי,IL,מגבוני האגיס אלוורה רביעיה,לא מנהל יחידת מידה,0.00,לא מנהל יחידת מידה,false,1,23.90,0.0000,true,1,22393
7290000196039,false,"מפות שולחן איריס ח""פ ניקול 2 יח'",דיספובד,IL,"מפות שולחן ניקול זוג 180*110 ס""מ",לא מנהל יחידת מידה,0.00,לא מנהל יחידת מידה,false,1,12.90,0.0000,true,1,1103
7290000196763,false,ניקול שקיות לאשפה השקית החזקה 40 יח',"אשפלסט תעשיות בע""מ",IL,שקיות אשפה השקית החזקה ניקול 40 יח,Unknown,0.00,Unknown,false,1,24.90,0.0000,true,1,76231
7290000197081,false,ניקול ניילון נצמד 150 מטר+מתקן לחיתוך קל,ניקול,IL,ניקול ניילון נצמד מתקן לחיתוך קל 150 מ' ללא PVC,מטרים,15000.00,מטר,false,1,29.90,0.0020,true,1,30110
7290000197326,false,רדיד אלומניום ניקול זוגי 30X7.5מ',ניקול,IL,זוג רדיד אלומיניום קצר עובי משופר 15 מיקרון,מטרים,1500.00,מטר,false,1,12.90,0.0086,true,1,1109
7290000197340,false,רדיד אלומניום ניקול זוגי 45X7.5מ',ניקול,IL,זוג רדיד אלומיניום ארוך עובי משופר 16 מיקרון,מטרים,1500.00,מטר,false,1,19.90,0.0133,true,1,1111
7290000197425,false,האגיס פרידום דריי שלב 3 54 יחידות,קימברלי קלארק ישראל,IL,חיתולים פרידום דריי שלב 3,יחידה,1.00,יחידה,false,1,45.90,45.9000,true,1,104559
7290000197432,false,שקיות אוכל סנדביצ'ון ניקול מארז 150X2יח',"אשפלסט תעשיות בע""מ",IL,סנדוויצון זוגות,לא מנהל יחידת מידה,0.00,לא מנהל יחידת מידה,false,1,14.90,0.0000,true,1,1116
7290000197456,false,האגיס פרידום דריי שלב 4 44 יחידות,קימברלי קלארק ישראל,IL,חיתולים פרידום דריי שלב 4,יחידה,1.00,יחידה,false,1,45.90,45.9000,true,1,104560
7290000197463,false,האגיס פרידום דריי שלב 4+ 42 יחידות,קימברלי קלארק ישראל,IL,חיתולי פרידום דריי שלב +4,יחידה,1.00,יחידה,false,1,45.90,45.9000,true,1,104817
7290000197548,false,האגיס פרידום דריי שלב 5 38 יחידות,קימברלי קלארק ישראל,IL,חיתולי האגיס פרידום דריי שלב 5,לא מנהל יחידת מידה,0.00,לא מנהל יחידת מידה,false,1,45.90,0.0000,true,1,104561
7290000197678,false,האגיס פרידום דריי שלב 6 34 יחידות,קימברלי קלארק ישראל,IL,חיתולים פרידום דריי שלב 6,יחידה,1.00,יחידה,false,1,45.90,45.9000,true,1,104562
7290000197753,false,ניילון נצמד אנטי בטקריאלי ניקול 30X2מ',ניקול,CN,ניילון נצמד זוג ניקול,מטרים,3000.00,מטר,false,1,12.90,0.0043,true,1,1120
7290000197883,false,ניקול תבניות אלומיניום 4יח',ארץ ייצור: סין,CN,תבנית אלומיניום גדול 4 יחידות,לא מנהל יחידת מידה,0.00,לא מנהל יחידת מידה,false,1,9.90,0.0000,true,1,16284
7290000197951,false,ניקול תבנית אלומיניום ענק 3 יח',פאלאס,IL,תבנית אלומיניום ענק 2 יחידות,לא מנהל יחידת מידה,0.00,לא מנהל יחידת מידה,false,1,9.90,0.0000,true,1,16176
7290000197982,false,רדיד אלומיניום עבה 45 ניקול 7.5 מ' זוגי,ניקול,IL,רדיד אלומ.20 מיקרון 7.5*4,מטרים,1500.00,מטר,false,1,24.90,0.0166,true,1,1125
7290000199313,false,קוטקס יאנג תחבושות עם כנפיים נורמל חדש30,קוטקס,IL,קוטקס תחבושות לנערות 28 יח,Unknown,0.00,Unknown,false,1,19.90,0.0000,true,1,41567
7290000201870,false,טיטולים פרימיום 30 יח שלב 6 (16-24),חוגלה קימברלי,IL,טיטולים פרימיום שלב 34 6 יח,Unknown,0.00,Unknown,false,1,39.90,0.0000,true,1,106261
7290000204086,false,ניקול כרית קרצוף מארז שלישייה,חוגלה קימברלי,US,"ניקול, כריות קרצוף גדולות וחזקות במיוחד, 3 יחידות",יחידה,0.00,יחידה,false,1,11.90,0.0000,true,1,12962
7290000204147,false,ניקול כריות יפניות 2 ב 1 רביעייה,פלסטו פוליש (ברקן),IL,כריות יפניות דו צדדיות ניקול רביעייה,גרמים,280.00,100 גרם,false,1,11.90,4.2500,true,1,36192
7290000204215,false,ניקול כריות יפניות 6 יח',פלסטו פוליש (ברקן),IL,"ניקול,כריות יפניות ,6 יחידות",גרמים,0.00,100 גרם,false,1,11.90,0.0000,true,1,1309
7290000204239,false,ניקול מטליות ריצפה רביעיה,עופרטקס,IL,מטליות רצפה ניקול 4 יח,לא מנהל יחידת מידה,0.00,לא מנהל יחידת מידה,false,1,12.90,0.0000,true,1,24101
7290000204253,false,מטליות ניקול רב שימושיות 9יח',נועם אורים-קיבוץ אור,IL,"ניקול, מטליות ניקוי רב שימושיות, 9 יחידות",לא מנהל יחידת מידה,0.00,לא מנהל יחידת מידה,false,1,11.90,0.0000,true,1,1312
7290000204307,false,ניקול מטליות רב שימושיות בגליל 40 יח',נועם אורים-קיבוץ אור,IL,"מטליות ניקוי רב-שימושיות, 40 יחידות",לא מנהל יחידת מידה,0.00,לא מנהל יחידת מידה,false,1,22.90,0.0000,true,1,23503
7290000204512,false,מטליות לחות לרצפה בניחוח לימון 10 יח' ניקול,עלבד משואות יצחק בעמ,IL,מטליות לחות ניקול בריח לימון,לא מנהל יחידת מידה,0.00,לא מנהל יחידת מידה,false,1,13.90,0.0000,true,1,130602
7290000204611,false,ספוגית הקסם ניקול שישייה,ניקול,US,ספוגית הקסם ניקול 6 יחידות,לא מנהל יחידת מידה,0.00,לא מנהל יחידת מידה,false,1,11.90,0.0000,true,1,15390
7290000207063,false,רסק עגבניות פריכוז 28% 240 גרם יכין,היינץ צפון אמריקה מק,IL,רסק עגבניות פריכוז 260 גרם יכין,גרמים,260.00,100 גרם,false,1,4.90,1.8846,true,1,28950
7290000207162,false,רוטב עגבניות מרכיב טבעי 100 ג' יכין,"זנלכל בע""מ",IL,יכין רוטב עגבניות מרוכז 100 גרם,גרמים,100.00,100 גרם,false,1,2.50,2.5000,true,1,1386
7290000207438,false,עגבניות 2.5 A קוביות 850 גרם יכין,"זנלכל בע""מ",IL,קוביות עגבניות יכין A2.5 800 ג,גרמים,800.00,100 גרם,false,1,8.90,1.1125,true,1,40683
7290000208077,false,אפונת גינה רגילה 550 גרם יכין,"זנלכל בע""מ",IL,אפונת גינה יכין 550גרם,גרמים,550.00,100 גרם,false,1,7.90,1.4364,true,1,16030
7290000208091,false,אפונה קטנה עדינה יכין 550 גרם,"זנלכל בע""מ",IL,אפונה קטנה 560 גרם יכין,גרמים,560.00,100 גרם,false,1,8.90,1.5893,true,1,25022
7290000208114,false,"אפונה וגזר יכין A2 פ""ק בית יוסף","זנלכל בע""מ",IL,יכין אפונת גינה וגזר 550 גרם,גרמים,550.00,100 גרם,false,1,7.90,1.4364,true,1,1430
7290000208138,false,סירופ דיאט ענבים יכין 1 ליטר,"זנלכל בע""מ",IL,יכין סירופ בטעם ענבים דיאט 1 ליטר,ליטרים,1.00,ליטר,false,1,15.90,15.9000,true,1,108158
7290000208145,false,גרעיני תירס מתוק לייט 550 גרם יכין,"זנלכל בע""מ",IL,תירס לייט גרעינים יכין 550 גרם,גרמים,550.00,100 גרם,false,1,8.90,1.6182,true,1,16031
7290000208213,false,שעועית לבנה אפויה A2 ברוטב עגבניות יכין 560ג',היינץ צפון אמריקה מק,IL,יכין שעועית לבנה ברוטב עגבניות 580 גרם,גרמים,580.00,100 גרם,false,1,7.90,1.3621,true,1,106375
7290000208220,false,"שעועית צ'לי יכין פ""ק A2 בית יוסף",היינץ צפון אמריקה מק,IL,יכין שעועית צ'ילי בנוסח מקסיקני חריף 580 גרם,גרמים,0.00,100 גרם,false,1,8.90,0.0000,true,1,108607
7290000208244,false,"בסיס לשקשוקה יכין A2 פ""ק בית יוסף","זנלכל בע""מ",IL,בסיס עגבניות לשקשוקה570ג,גרמים,570.00,100 גרם,false,1,8.90,1.5614,true,1,1432
7290000208251,false,שעועית ירוקה יכין A2 בית יוסף,"זנלכל בע""מ",IL,יכין שעועית ירוקה חתוכה שימורים 550 גרם,גרמים,550.00,100 גרם,false,1,7.50,1.3636,true,1,108613
7290000208329,false,גרעיני תירס מתוק 550 גרם יכין,"זנלכל בע""מ",IL,תירס גרעינים מתוק יכין 560 גרם,גרמים,560.00,100 גרם,false,1,7.90,1.4107,true,1,12174
7290000208336,false,רסק יכין 240גר 22% יכין בית יוסף,"זנלכל בע""מ",IL,יכין רוטב עגבניות מרוכז 240 גרם,גרמים,240.00,100 גרם,false,1,4.50,1.8750,true,1,37787
7290000208404,false,A2 פול מצרי 550 גרם יכין,"זנלכל בע""מ",IL,פול מצרי 560 גרם A2 יכין,גרמים,560.00,100 גרם,false,1,7.50,1.3393,true,1,15546
7290000208428,false,גרגרי חומוס שלם 550 גרם יכין,"זנלכל בע""מ",IL,חומוס שלם יכין 560 גרם,גרמים,560.00,100 גרם,false,1,7.90,1.4107,true,1,16032
7290000208534,false,גרעיני תירס מתוק לילדים 550 גרם יכין,"זנלכל בע""מ",IL,יכין תירס קיד גרעיני תירס מתוק 550 גרם משקל נקי,גרמים,550.00,100 גרם,false,1,8.90,1.6182,true,1,16319
7290000208855,false,רוטב לפסטה קלאסי 240 גרם יכין,"זנלכל בע""מ",IL,רוטב פסטה 240גר,גרמים,240.00,100 גרם,false,1,5.50,2.2917,true,1,37859
7290000208947,false,עגבניות מרוסקות 260 גרם יכין,היינץ צפון אמריקה מק,IL,יכין עגבניות מרוסקות 260 גרם,גרמים,240.00,100 גרם,false,1,5.50,2.2917,true,1,37789
7290000209043,false,מיץ לימון משומר 1 ל' יכין,היינץ צפון אמריקה מק,IL,יכין רוטב לימון משומר לתיבול 1 ליטר,ליטרים,1.00,ליטר,false,1,6.50,6.5000,true,1,16244
7290000209371,false,שלישיית תירס יכין 165 גר OZ 6,היינץ צפון אמריקה מק,IL,יכין גרעיני תירס מתוק שלישייה 3*165,גרמים,165.00,100 גרם,false,1,13.90,8.4242,true,1,106050
7290000209579,false,סירופ דיאט אננס 1 ל' יכין,"זנלכל בע""מ",IL,יכין סירופ בטעם אננס דיאט 1 ליטר,ליטרים,1.00,ליטר,false,1,15.90,15.9000,true,1,106039
7290000209722,false,רסק עגבניות 28% פריכוז 580 גרם יכין,"זנלכל בע""מ",IL,רסק עגבניות פריכוז 580 יכין,גרמים,580.00,100 גרם,false,1,9.90,1.7069,true,1,12175
7290000209944,false,רוטב לעגבניות בסיס לשקשוקה 240 ג' יכין,"זנלכל בע""מ",IL,רוטב עגבניות לשקשוקה יכין 240גרם,גרמים,240.00,100 גרם,false,1,5.50,2.2917,true,1,47766
7290000209951,false,רוטב עגבניות לפיצה 260 גרם יכין,"זנלכל בע""מ",IL,רוטב פיצה 240גרם יכין,גרמים,240.00,100 גרם,false,1,5.50,2.2917,true,1,47767
7290000210896,false,רוטב לפסטה בולונז 240 גרם יכין,"זנלכל בע""מ",IL,רוטב בולנז 240גרם יכין,גרמים,240.00,100 גרם,false,1,5.50,2.2917,true,1,108891
7290000211169,false,"אורז תאילנדי אחד אחד סוגת 1 ק""ג",האי נאם סי או אל.טי.,IL,"אורז תאילנדי 1 ק""ג",קילוגרמים,1.00,"ק""ג",false,1,7.90,7.9000,true,1,16122
7290000211312,false,סוגת אורז מלא פרסי אחד אחד 1 קג,האי נאם סי או אל.טי.,IL,"אורז מלא ארוך 1 ק""ג",קילוגרמים,1.00,"ק""ג",false,1,10.90,10.9000,true,1,1470
7290000211374,false,"קמח מלא סוגת 1 ק""ג",טחנת קמח דגן-שטיבל,IL,"קמח מלא 1 ק""ג סוגת",קילוגרמים,1.00,"ק""ג",false,1,7.90,7.9000,true,1,1472
7290000211442,false,"סוגת אורז פרסי קלאסי שקית 1 ק""ג",האי נאם סי או אל.טי.,IL,"אורז פרסי 1 ק""ג",קילוגרמים,1.00,"ק""ג",false,1,12.90,12.9000,true,1,1475
7290000211503,false,סוכר לבן ארוז בשקית,"סוגת תעשיות בע""מ",IL,"סוכר לבן ארוז בשקית סוגת 1 ק""ג",קילוגרמים,1.00,"ק""ג",false,1,5.30,5.3000,true,1,1476
7290000211985,false,"אורז ריזוטו עגול סוגת 1 ק""ג","סוגת תעשיות בע""מ",IL,"אורז עגול 1 ק""ג",קילוגרמים,1.00,"ק""ג",false,1,12.90,12.9000,true,1,1485
7290000238029,false,"בצק עלים צרפתי מרודד מעדנות 1ק""ג",מיוצר עי קונדיטוריית,IL,"בצק עלים 1 ק""ג",קילוגרמים,1.00,"ק""ג",false,1,25.90,25.9000,true,1,1940
7290000238036,false,מלווח עגול מעדנות 700 ג',מיוצר עי קונדיטוריית,IL,מלווח 700 גרם מעדנות,גרמים,700.00,100 גרם,false,1,19.90,2.8429,true,1,1941
7290000238173,false,מעדנות בורקס גבינה 800גר,מיוצר עי קונדיטוריית,IL,בורקס גבינה מעדנות 800 גרם,גרמים,800.00,100 גרם,false,1,24.90,3.1125,true,1,1944
7290000238180,false,בורקס תפוחי אדמה מעדנות 800ג',מיוצר עי קונדיטוריית,IL,"בורקס תפו""א מעדנות 800 גרם",גרמים,800.00,100 גרם,false,1,24.90,3.1125,true,1,1945
7290000240541,false,ריבועי בצק בורקס מעדנות 800 ג',מיוצר עי קונדיטוריית,IL,ריבועי בצק עלים800 גר .,גרמים,800.00,100 גרם,false,1,26.40,3.3000,true,1,1964
7290000243566,false,"שמן קנולה בריאות 750 מ""ל",שמן תעשיות,EE,"עץ הזית שמן קנולה בריאות 750 מ""ל",מיליליטרים,750.00,"100 מ""ל",false,1,11.90,1.5867,true,1,91176
7290000245072,false,סוד מרכך לכביסה סופט בייבי 4 ל',"הנקל סוד בע""מ",IL,סוד מרכך כביסה בייבי,ליטרים,4.00,ליטר,false,1,21.90,5.4750,true,1,45930
7290000245089,false,סוד סופט מרכך כביסה סגול 4 ליטר,"הנקל סוד בע""מ",IL,מרכך כביסה - הסוד הוא בניחוח,ליטרים,4.00,ליטר,false,1,21.90,5.4750,true,1,2025
7290000245270,false,"פרסיל אבקת כביסה סופרא 1.250 ק""ג","הנקל סוד בע""מ",IL,"פרסיל אבקת כביסה 1.25 ק""ג",קילוגרמים,1.25,"ק""ג",false,1,14.90,11.9200,true,1,2028
7290000245287,false,"פרסיל אבקת כביסה 1.250 ק""ג קולור ויניגר","הנקל סוד בע""מ",IL,"פרסיל אבקה לכביסה צבעונית 1.25 ק""ג",קילוגרמים,1.25,"ק""ג",false,1,14.90,11.9200,true,1,2029
7290000245294,false,"א.כ. פרסיל סופרא שקית 2.5 ק""ג","הנקל סוד בע""מ",IL,פרסיל אבקה לכביסה לבנה וצבעונית 2.5 קג,קילוגרמים,2.50,"ק""ג",false,1,29.90,11.9600,true,1,2030
7290000245782,false,סוד סופט מרכך כביסה ורוד 4 ליטר,"הנקל סוד בע""מ",IL,סוד מרכך כביסה ורד ורוד,ליטרים,4.00,ליטר,false,1,21.90,5.4750,true,1,2047
7290000245799,false,סוד סופט מרכך כביסה כחול 4 ליטר,"הנקל סוד בע""מ",IL,סוד מרכך כביסה כחול 4 ליטר,ליטרים,4.00,ליטר,false,1,21.90,5.4750,true,1,2048
7290000253244,false,מרציפן נקי אופנהיימר 86 גר,אחים מזרחי,IL,מרציפן נקי אופנהיימר 86 גרם,גרמים,86.00,100 גרם,false,1,8.90,10.3488,true,1,95951
7290000253251,false,שוקולד צ'יפס לבן אופנהיימר 250 גרם,אופנהיימר,IL,שוקולד ציפס אופנהיימר לבן260גר,גרמים,260.00,100 גרם,false,1,12.90,4.9615,true,1,2103
7290000253374,false,מיני שוקולד צ'יפס - נטיפי שוקולד מריר,אופנהיימר,IL,שוקולד ציפס 66%מוצקי קקאו 250גרם,גרמים,250.00,100 גרם,false,1,14.90,5.9600,true,1,150353
7290000253459,false,נטיפי ציפס בטעם קרמל 250 גר' אופנהיימר,אופנהיימר,IL,שוקולד ציפס קרמל 250גרם אופנהיימר,גרמים,250.00,100 גרם,false,1,12.90,5.1600,true,1,146828
7290000253503,false,מרציפן מצופה שוקולד מריר 40 ג',אחים מזרחי,IL,מרציפן מצופה אופנהיימר 40 גרם,גרמים,40.00,100 גרם,false,1,4.50,11.2500,true,1,61754
7290000253558,false,חלת מרציפן אופנהיימר,אופנהיימר,IL,חלת מרציפן אופנהיימר 50 גרם,גרמים,50.00,100 גרם,false,1,4.90,9.8000,true,1,115276
7290000253732,false,מרציפן מצופה שוקולד אופנהיימר 86 גר,אופנהיימר,IL,מרציפן מצופה שוקולד אופנהיימר 86גרם,גרמים,86.00,100 גרם,false,1,8.90,10.3488,true,1,124246
7290000254197,false,קפה לאספרסו זהב עלית 200 ג',שטראוס,IL,אספרסו טחון 200 גרם,גרמים,200.00,100 גרם,false,1,28.60,14.3000,true,1,2115
7290000262161,false,נייר טואלט לב אדום 40 גלילים מולט,מולט / שמורת טבע,IL,נייר טואלט מולט לבבות 40 גלילים,מטרים,73600.00,מטר,false,1,37.90,0.0005,true,1,25412
7290000263359,false,האגיס - פיור נטורל שלב 1 ניו בורן 40 יח',קימברלי קלארק שיווק,IL,חיתולים האגיס מידה 1 ליטל בייביז,יחידה,1.00,יחידה,false,1,39.90,39.9000,true,1,67639
7290000267012,false,שקדיה שקד מולבן שלם,"דין שיווק וקלייה בע""",IL,שקד טבעי מולבן שלם 100 גרם שקדיה,גרמים,100.00,100 גרם,false,1,11.90,11.9000,false,1,2208
7290000267029,false,שקדים מולבנים חצויים,"דין שיווק וקלייה בע""",IL,שקד טבעי מולבן חצוי 100 גרם שקדיה,גרמים,100.00,100 גרם,false,1,11.90,11.9000,true,1,152854
7290000267036,false,שקדים משובבים השף 100 ג',"דין שיווק וקלייה בע""",IL,שקד טבעי מולבן משובב 100 גרם שקדיה,גרמים,100.00,100 גרם,false,1,11.90,11.9000,true,1,152855
7290000267043,false,שקדים מולבנים פרוסים,"דין שיווק וקלייה בע""",IL,שקד טבעי מולבן פרוס 100 גרם שקדיה,גרמים,100.00,100 גרם,false,1,11.90,11.9000,false,1,152856
7290000267050,false,שקד מולבן טחון 100 גרם,"דין שיווק וקלייה בע""",IL,שקדים טחונים 100 גרם שקדיה,גרמים,100.00,100 גרם,false,1,11.90,11.9000,false,1,2212
7290000267548,false,אגוזי מלך טחונים השף,"דין שיווק וקלייה בע""",IL,אגוז גרוס 100 גרם שקדיה,גרמים,100.00,100 גרם,false,1,10.70,10.7000,true,1,152745
7290000272467,false,סירופ עסיס דיאט פטל 1 ליטר,בית-השיטה עסיס תעשיו,IL,עסיס סירופ פטל דיאט צבעים טב.12*1ליטר,ליטרים,1.00,ליטר,false,1,21.90,21.9000,true,1,2271
7290000272696,false,עסיס מיץ לימון טבעי משומר 1 ל' אסם,בית-השיטה עסיס תעשיו,IL,עסיס מיץ לימון משומר 12*1ליטר,ליטרים,1.00,ליטר,false,1,12.90,12.9000,true,1,2274
7290000286228,false,כרית קרצוף לכלים סנו סושי 6יח',סנו מפעלי ברונו בעמ,IL,כרית יפנית סנו סושי 1/6,גרמים,70.00,100 גרם,false,1,10.90,15.5714,true,1,2404
7290000286297,false,"סנו אנטי קאלק מסיר אבן מקומקום 700 מ""ל",סנו מפעלי ברונוס בעמ,IL,אנטי קלאק מסיר אבנית מקומקום 700 מל,מיליליטרים,700.00,"100 מ""ל",false,1,13.90,1.9857,true,1,2407
7290000286549,false,סנו סושי מטליות לניקוי כללי 9 יח',נועם אורים תעשיות בע,IL,"סנו סושי מטליות לניקוי כללי, 9 יחידות",לא מנהל יחידת מידה,0.00,לא מנהל יחידת מידה,false,1,9.90,0.0000,true,1,2413
7290000286594,false,"סנו איקס לימון במיכל 600 מ""ל",סנו מפעלי ברונוס בעמ,IL,חול לניקוי סנו X לימון קופסא 600 גרם,גרמים,600.00,100 גרם,false,1,9.90,1.6500,true,1,2414
7290000286631,false,"סנו אבקה לניקוי ומירוק בריח לימון 600 מ""ל",סנו,IL,חול לניקוי סנו Xלימון מילוי,גרמים,600.00,100 גרם,false,1,6.90,1.1500,true,1,2415
7290000286761,false,ניילון נצמד סנו סושי פלסטיק מארז 30X2 מ',מיוצר עי קונדיטוריית,CN,סנו סושי - צמד ניילון נצמד+,מטרים,3000.00,מטר,false,1,11.90,0.0040,true,1,2416
7290000286945,false,"סנו רהיט אקדח מרסס 500מ""ל","סנו מפעלי ברונוס בע""",IL,סנו רהיט נוזל מנקה ומבריק רהיטים 500 מל,מיליליטרים,500.00,"100 מ""ל",false,1,26.90,5.3800,true,1,2428
7290000287102,false,"סנו שמפו שטיחים אירוסול 600 מ""ל",מיוצר עי קונדיטוריית,IL,"סנו ספריי לשטיחים 600 מ""ל",מיליליטרים,600.00,"100 מ""ל",false,1,22.40,3.7333,true,1,2430
7290000287195,false,"סנו רהיט ספריי עשיר בווקס להברקה 305 מ""ל",מיוצר עי קונדיטוריית,IL,"סנו רהיט אירוסול מנקה, מבריק, מגן ודוחה אבק 300 מל",מיליליטרים,305.00,"100 מ""ל",false,1,16.90,5.5410,true,1,2438
7290000287409,false,סנובון שלישיה תות 3 יח' *55 ג',סנו מפעלי ברונוס בעמ,IL,סנובון סבון אסלה בניחוח תות X3,גרמים,55.00,100 גרם,false,1,12.90,23.4545,true,1,2441
7290000287430,false,סנובון צבעוני לאסלה בריח לימון שלישייה,סנו מפעלי ברונו בעמ,IL,סנובון סבון אסלה בניחוח לימון 3 יחידות,גרמים,165.00,100 גרם,false,1,12.90,7.8182,true,1,24102
7290000287485,false,סנובון לובר לאסלה 3 יח' * 55 ג',סנו מפעלי ברונו בעמ,IL,סנובון סבון אסלה בניחוח לובר 3 יחידות,גרמים,165.00,100 גרם,false,1,12.90,7.8182,true,1,24103
7290000287492,false,"סנו - סנובון נוזלי לימון 750 מ""ל","איי, בי, אינבוו",IL,"סנובון נוזלי לימון 750 מ""ל",מיליליטרים,750.00,"100 מ""ל",false,1,11.90,1.5867,true,1,2442
7290000287621,false,"מנקה אסלות סנו אנטי קאלק 750 מ""ל,",מיוצר עי קונדיטוריית,IL,"מנקה אסלות אנטי קאלק 750 מ""ל",מיליליטרים,750.00,"100 מ""ל",false,1,12.90,1.7200,true,1,17782
7290000288017,false,ז'אוול אקונומיקה 1ל'-לימון,"סנו מפעלי ברונוס בע""",IL,אקונומיקה סנו JAVEL לימון 1 ליטר,ליטרים,1.00,ליטר,false,1,8.90,8.9000,true,1,2450
7290000288024,false,סנו - ז'אוול אקונומיקה בריח לימון 4 ליטר,"סנו מפעלי ברונוס בע""",IL,אקונומיקה סנו JAVEL לימון 4 ליטר,ליטרים,4.00,ליטר,false,1,16.90,4.2250,true,1,2451
7290000288079,false,סנו - ז'אוול אקונומיקה לימון 2 ליטר,"סנו מפעלי ברונוס בע""",IL,אקונומיקה JAVEL לימון 2 ליטר,ליטרים,2.00,ליטר,false,1,12.80,6.4000,true,1,16252
7290000288086,false,"סנו ז'אוול אבקת ואקונומיקה לימון 600 מ""ל",מיוצר עי קונדיטוריית,IL,חול לניקוי JAVEL אקונ600לימון,גרמים,600.00,100 גרם,false,1,10.90,1.8167,true,1,2453
7290000288253,false,"סנו K-400 חרקים וזבובים 630מ""ל",מיוצר עי קונדיטוריית,IL,"משמיד מעופפים K400 סמ""ק 630",מיליליטרים,630.00,"100 מ""ל",false,1,23.90,3.7937,true,1,2456
7290000288291,false,סנומט דוחה חרקים 30 טבליות,טרופיקל דגיל תעשיות,IT,סנומט לוחיות אידוי למכשיר חשמלי דוחה יתושים,Unknown,0.00,Unknown,false,1,13.90,0.0000,true,1,2457
7290000288307,false,סנו - מט מכשיר דוחה יתושים + טבליות,זובאלה,IT,סנומט דוחה יתושים חשמל+ טבליות,Unknown,0.00,Unknown,false,1,28.60,0.0000,true,1,2458
7290000288352,false,"סנו K-300 חרקים ונמלים 630מ""ל","סנו מפעלי ברונוס בע""",IL,K-300,מיליליטרים,630.00,"100 מ""ל",false,1,23.90,3.7937,true,1,2460
7290000288383,false,"סנו K-500 נמלים ותיקנים 630מ""ל",מיוצר עי קונדיטוריית,IL,"משמיד זוחלים K500 סנו 400 מ""ל",מיליליטרים,400.00,"100 מ""ל",false,1,23.90,5.9750,true,1,2461
7290000288390,false,"סנו K-600 מעופפים 500מ""ל","סנו מפעלי ברונוס בע""",IL,"משמיד זבובים יתושים K600 יבש 500 מ""ל",מיליליטרים,500.00,"100 מ""ל",false,1,23.90,4.7800,true,1,2462
7290000288413,false,"סנו - די רולאון דוחה יתושים 50 מ""ל",גוד פוד פרודקטס S.p,IL,"סנו די דוחה יתושים כדורי 50 מ""ל",מיליליטרים,50.00,"100 מ""ל",false,1,19.90,39.8000,true,1,2463
7290000288420,false,"סנו די תחליב לתינוקות וילדים רולאון 50 מ""ל",סנו מפעלי ברונוס בע',IL,סנו די דוחה יתושיםספריי 125 גרם,גרמים,125.00,100 גרם,false,1,19.90,15.9200,true,1,2464
7290000288840,false,סנו - מים מזוקקים 2 ליטר,החברה הדרומית,IL,מים מזוקקים 2 ליטר,ליטרים,2.00,ליטר,false,1,16.60,8.3000,true,1,2474
7290000289069,false,סנו - ז'אוול מרסס קצף ניקוי בתוספת אקונומיקה בריח לימון 1 ליטר,"סנו מפעלי ברונוס בע""",IL,קצף ניקוי JAVEL מרסס בריח לימון סנו 1 ל,ליטרים,1.00,ליטר,false,1,16.90,16.9000,true,1,2476
7290000289236,false,K3 נמלים פיתיון ג'ל - קוטל נמלים בבית ובחצר,"סנו מפעלי ברונוס בע""",IL,סנו K3 קוטל נמלים פיתיון ג'ל 12 גרם,יחידה,1.00,יחידה,false,1,49.90,49.9000,true,1,145488
7290000289472,false,סנו סושי שקיות 76*90 50 יח' XXL,מיוצר עי קונדיטוריית,IL,סושי 50 ש.אשפה גדולות במיוחד,לא מנהל יחידת מידה,0.00,לא מנהל יחידת מידה,false,1,22.70,0.0000,true,1,12976
7290000289496,false,"סנו - ז'אוול ג'ל קרם לניקוי כללי לימון 750 מ""ל","סנו מפעלי ברונוס בע""",IL,לניקוי כללי קרםJAVELלימון 750,מיליליטרים,750.00,"100 מ""ל",false,1,12.90,1.7200,true,1,2480
7290000289748,false,"סנו פורטה פלוס מסיר שומנים לתנור 750מ""ל","סנו מפעלי ברונוס בע""",IL,סנו פורטה פלוס 750 מ''ל,מיליליטרים,750.00,"100 מ""ל",false,1,15.90,2.1200,true,1,2481
7290000292007,false,K3 פיתיון ג'ל קוטל תיקנים (ג'וקים) בבית ובחצר,מיוצר עי קונדיטוריית,IL,סנו K3 פיתיון ג'ל קוטל תיקנים,גרמים,0.00,100 גרם,false,1,49.90,0.0000,true,1,125589
7290000292137,false,"סנו: נוזל ניקוי וטיפול במוצרי עור 500 מ""",מיוצר עי קונדיטוריית,IL,תחליב לניקוי ולטיפול במוצרי עור,מיליליטרים,500.00,"100 מ""ל",false,1,31.90,6.3800,true,1,2507
7290000292311,false,פוליוקס 2 ליטר בניחוח סחלבים,"סנו מפעלי ברונוס בע""",IL,פוליויקס מנקה ומבריק רצפות 2 ליטר שחלבים,ליטרים,2.00,ליטר,false,1,22.90,11.4500,true,1,2510
7290000292502,false,"k-800 קוטל נמלים 300מ""ל","סנו מפעלי ברונוס בע""",IL,סנו קוטל נמלים K800 300 מל,לא מנהל יחידת מידה,0.00,לא מנהל יחידת מידה,false,1,18.90,0.0000,true,1,121047
7290000292557,false,סנומט מלוי נוזלי דוחה יתושים 45 לילות,טרופיקל דגיל תעשיות,IT,"סנומט מילוי נוזלי למכשיר חשמלי, דוחה יתושים",Unknown,0.00,Unknown,false,1,17.90,0.0000,true,1,2515
7290000292564,false,"סנו 2000-K דוחה חרקים ללא ריח 750 מ""ל",מיוצר עי קונדיטוריית,IL,תכשיר מיקרוקפסורי,מיליליטרים,750.00,"100 מ""ל",false,1,34.60,4.6133,true,1,2516
7290000292687,false,סנובון לאסלה כחול אפרסק נתלה 55X3ג',מיוצר עי קונדיטוריית,IL,"סנובון סבון אסלה כחול קלאסיק, 3 יחידות",גרמים,165.00,100 גרם,false,1,19.90,12.0606,true,1,2518
7290000292915,false,"סנו רסס ונגב אקדח 750מ""ל","סנו מפעלי ברונוס בע""",IL,"רסס ונגב לניקוי כללי 750 מ""ל",מיליליטרים,750.00,"100 מ""ל",false,1,13.90,1.8533,true,1,2519
7290000293073,false,מרכך כביסה מקסימה ביו לבן 4 ל' סנו,"סנו מפעלי ברונוס בע""",IL,מרכך 4 ליטר,ליטרים,4.00,ליטר,false,1,22.90,5.7250,true,1,2521
7290000293561,false,"סנו מסיר עובש 750 מ""ל","סנו מפעלי ברונוס בע""",IL,סנו מסיר עובש,מיליליטרים,750.00,"100 מ""ל",false,1,19.90,2.6533,true,1,2525
7290000293820,false,"קרמה מן שמפו וג'ל גל רחצה אקטיב בלוק 700מ""ל",גוד פוד פרודקטס S.p,IL,קרמה מן שמפו וג'ל רחצה 2in1 קרבון פאוור,לא מנהל יחידת מידה,0.00,לא מנהל יחידת מידה,false,1,18.90,0.0000,true,1,121059
7290000293943,false,סנו אנטי קאלק מסיר אבנית וחלודה 1ל',מיוצר עי קונדיטוריית,IL,אנטי קאלק מסיר אבנית וחלודה לשימוש כללי 1 ליטר,ליטרים,1.00,ליטר,false,1,17.90,17.9000,true,1,2527
7290000294780,false,סנו - ז'אוול אקונומיקה סמיכה מבושמת 4 ליטר,"סנו מפעלי ברונוס בע""",IL,אקונומיקה סנו JAVEL סמיכה 4 ליטר,ליטרים,4.00,ליטר,false,1,16.90,4.2250,true,1,2537
7290000295299,false,סנו סושי כריות הפלא רב תכלתיות רביעייה,סנו מפעלי ברונו בעמ,IL,כרית הפלא סנו סושי 4 יחידות,יחידה,1.00,יחידה,false,1,11.80,11.8000,true,1,2539
7290000295336,false,סנו מקסימה אבקת כביסה סנסטיב מילוי1.25,סנו מפעלי ברונוס בעמ,IL,אבק.כביסה מקסימה סנסטיב1.25 קג,קילוגרמים,1.25,"ק""ג",false,1,14.90,11.9200,true,1,2540
7290000295367,false,"מקסימה ז'אוול 2.5ק""ג אבקת כביסה מרכז",סנו מקסימה,IL,"אבקת כביסה, אפקט JAVEL",קילוגרמים,2.50,"ק""ג",false,1,28.90,11.5600,true,1,2542
7290000295404,false,סנו סושי שקית אשפה חזקות 70*50 60 יח',מיוצר עי קונדיטוריית,IL,שקיות אשפה 54*65 סנו סושי 60 שקיות,לא מנהל יחידת מידה,0.00,לא מנהל יחידת מידה,false,1,23.70,0.0000,true,1,2543
7290000295503,false,סנו סושי שקיות אוכל מתכלות זוג *150 יח',"אשפלסט תעשיות בע""מ",CN,שקיות אוכל 19*25 סנו סושי 150 שקיות,לא מנהל יחידת מידה,0.00,לא מנהל יחידת מידה,false,1,14.90,0.0000,true,1,2545
7290000295541,false,סנו רב מגבת גמבו 75 דפים בגליל,מיוצר עי קונדיטוריית,IL,"סנו סושי, רב מגבת ג'מבו, 398 גרם",מטרים,2100.00,מטר,false,1,19.90,0.0095,true,1,2547
7290000295558,false,רדיד אלומיניום סנו סושי זוגי 30X7.5מ',מולינו ניקולי s.p.a,TR,"רדיד אלומיניום זוג 15 מ רוחב 30 ס""מ",מטרים,1500.00,מטר,false,1,12.90,0.0086,true,1,16126
7290000295589,false,בייבי כיף טלק לתינוק,מייצר :אשבל בע''מ .,IL,טלק בייבי כיף לתנוק,גרמים,200.00,100 גרם,false,1,13.90,6.9500,true,1,33457
7290000295749,false,ספוג כייף סאקי מסאז 1יח',גוד פוד פרודקטס S.p,IL,כיף ספוג מסאג' לרענון ולהמרצת זרם הדם,לא מנהל יחידת מידה,0.00,לא מנהל יחידת מידה,false,1,8.90,0.0000,true,1,2549
7290000295794,false,כרית מתכת סנו סושי אל חלד 3יח',סנו,,ספוגיות מתכת,יחידה,1.00,יחידה,false,1,11.90,11.9000,true,1,117235
7290000300900,false,טבעול שניצל תירס 8*750גרם רכיבים טבעיים,עיצובים 2020 (4.8),IL,שניצל תירס טבעול 750 גרם,גרמים,750.00,100 גרם,false,1,29.90,3.9867,true,1,2623
7290000302225,false,נובלס ורג'יניה פילטר,דובק,,סיגריות נובלס פילטר פקט 10 יח,יחידה,1.00,יחידה,false,1,285.00,285.0000,false,1,2702
7290000305882,false,אס הרינג עם ירקות ברוטב עגבניות 120 גרם,"סטארקיסט פודור בע""מ",IL,קוליאס 120 גרם בדצ עדה חרדית,גרמים,120.00,100 גרם,false,1,5.90,4.9167,true,1,2784
7290000311128,false,מן עוגיות בטעם חמאה 300 גרם,תות ממתקי איכות,IL,עוגיות מובחרות בטעם חמאה,גרמים,300.00,100 גרם,false,1,8.50,2.8333,true,1,57381
7290000311203,false,וופלים מן בטעם שוקולד 200 גרם,תות ממתקי איכות,IL,ופלים מן בטעם שוקולד 200 גרם,גרמים,200.00,100 גרם,false,1,5.50,2.7500,true,1,2824
7290000311425,false,מאגדת מן וופל מצופה כחול -עשירה 24*10,תות ממתקי איכות,IL,מאגדת ופל מצופה כחול-עשיריה,גרמים,220.00,100 גרם,false,1,9.90,4.5000,true,1,125833
7290000311708,false,מן עוגיות מחיטה מלאה 300 גרן,תות ממתקי איכות,IL,"מן, עוגיות חיטה מלאה עם סיבים תזונתיים 300 גרם",גרמים,300.00,100 גרם,false,1,8.50,2.8333,true,1,2826
7290000311715,false,מן עוגיות כוכבים שוקולד 300 גרם,תות ממתקי איכות,IL,"מן, עוגיות כוכבים בטעם שוקולד 300 גרם",גרמים,300.00,100 גרם,false,1,8.50,2.8333,true,1,2827
7290000311869,false,מן-וופלים בטעם שוק ללא תוספת סוכר 180ג,תות ממתקי איכות,IL,ופל מן ללא סוכר 180 גרם,גרמים,180.00,100 גרם,false,1,9.90,5.5000,true,1,92214
7290000311890,false,ופל בטעם לימון ללא סוכר 180 גר',"רוקחמן בע""מ",IL,וופל מן ללא סוכר לימון 180גרם,גרמים,180.00,100 גרם,false,1,9.90,5.5000,true,1,156815
7290000313160,false,עוגיות חברים זהבה ו-3 הדובים שוקו' אסם 250 גר',היינץ צפון אמריקה מק,IL,עוגיות ביסקוויט זהבה ו 3 הדובים 250 גרם,גרמים,250.00,100 גרם,false,1,9.70,3.8800,true,1,16127
7290000313290,false,אסם נודלס נודלס איטריות מסולסלות 200גר,תאי פרזידנט פוד בנגק,TH,אסם נודלס אטריות מסולסלות 12*200גרם,גרמים,200.00,100 גרם,false,1,10.90,5.4500,true,1,2862
7290000315126,false,קנור ציר עוף משחתי 3,יוניליוור ישראל מזון,IL,קנור ציר עוף 300 גרם,גרמים,300.00,100 גרם,false,1,30.60,10.2000,true,1,33940
7290000315133,false,קנור ציר בקר משחתי 3,יוניליוור ישראל מזון,IL,קנור ציר בקר 300 גרם,גרמים,300.00,100 גרם,false,1,30.60,10.2000,true,1,33941
7290000318127,false,נקניקיות ביס 380 ג' יחיעם,מעדני יחיעם,IL,יחיעם נקניקיות ביס 380 גרם,גרמים,380.00,100 גרם,false,1,12.90,3.3947,true,1,2898
7290000318479,false,פרושטו בקר יחיעם 100גר,תאי פרזידנט פוד פאבל,IL,"יחיעם, פרושוטו , 100 גרם",גרמים,100.00,100 גרם,false,1,25.90,25.9000,true,1,24275
7290000318677,false,סלמי סרוולט 150 ג' יחיעם,מעדני יחיעם,IL,סלמי סרוולט,גרמים,150.00,100 גרם,false,1,25.90,17.2667,true,1,43121
7290000318707,false,סלמי מעושן 500 ג' יחיעם,מעדני יחיעם,IL,יחיעם סלמי מעושן 500 גרם,גרמים,500.00,100 גרם,false,1,35.20,7.0400,true,1,2929
7290000318943,false,פסטרמה של פעם 200 גר,תאי פרזידנט פוד פאבל,IL,"יחיעם, פסטרמה של פעם, 200 גרם",גרמים,200.00,100 גרם,false,1,24.90,12.4500,true,1,43123
7290000319063,false,כתף בקר מפולפל 150 גרם,מעדני יחיעם,IL,כתף בקר מפולפל 150 גרם,גרמים,150.00,100 גרם,false,1,25.90,17.2667,true,1,119871
7290000319124,false,סלמי סרוולד יחיעם 25,מעדני יחיעם,IL,סלמי סרוולד יחיעם 250 גרם,גרמים,250.00,100 גרם,false,1,33.90,13.5600,true,1,101487
7290000319131,false,נקניקיות עוף 400 ג' יחיעם,מעדני יחיעם,IL,נקניקיות עוף 400 גר יחיעם,גרמים,400.00,100 גרם,false,1,11.90,2.9750,true,1,2958
7290000319520,false,סאלמי צרפתי יחיעם 10,מעדני יחיעם,IL,סלמי צרפתי 100 גרם יחיעם,גרמים,100.00,100 גרם,false,1,22.90,22.9000,true,1,24276
7290000319803,false,קבנוס קלאסי 125 ג' יחיעם,תאי פרזידנט פוד פאבל,IL,"יחיעם, קבנוס קלאסי 125 גרם",גרמים,125.00,100 גרם,false,1,12.90,10.3200,true,1,109676
7290000319834,false,קבנוס פפרוני קלאסי 125 ג',תאי פרזידנט פוד פאבל,IL,"יחיעם, קבנוס פפרוני , 125 גרם",גרמים,125.00,100 גרם,false,1,12.90,10.3200,true,1,109042
7290000327020,false,"מארז פפסי פחית צרה 330 מ""ל*6 יח'",מודרן גרופ משקאות בע,IL,פפסי פחית צרה 330 שישייה,ליטרים,1.98,ליטר,false,6,22.90,11.5657,true,1,154994
7290000327044,false,"מארז סבן אפ פחית צרה 330 מ""ל*6 יח'",מודרן גרופ משקאות בע,IL,סבן אפ פחית צרה 330 שיישיה,ליטרים,1.98,ליטר,false,6,22.90,11.5657,true,1,154995
7290000334042,false,"צ'יפס טוגן תפוגן 2 ק""ג","תעשיות תפוגן בע""מ",IL,תפוגן טוגן 6*2קג,קילוגרמים,2.00,"ק""ג",false,1,28.90,14.4500,true,1,52217
7290000334325,false,ציפס למיקרו מארז שלישיה 125 ג' תפוגן,"תעשיות תפוגן בע""מ",IL,תפוגן צ'יפס מיקרוגל 8*375גרם מח.מיוחד,גרמים,375.00,100 גרם,false,1,14.90,3.9733,true,1,20756
7290000334684,false,טבעות בצל 700 גרם תפוגן,"תעשיות תפוגן בע""מ",IL,תפוגן טבעות בצל 10*700גרם,גרמים,700.00,100 גרם,false,1,18.90,2.7000,true,1,3143
7290000334745,false,"אמריקאן צ'יפס תפוגן 1.5 ק""ג","תעשיות תפוגן בע""מ",IL,תפוגן אמריקן צ'יפס 6*1.5קג,קילוגרמים,1.50,"ק""ג",false,1,26.90,17.9333,true,1,16336
7290000334981,false,אמריקן ציפס 1-2-3 תפ,"תעשיות תפוגן בע""מ",IL,תפוגן אמריקן צ'יפס 10*750גרם,גרמים,750.00,100 גרם,false,1,24.90,3.3200,true,1,3146
7290000336053,false,"תרכיז טבעי סיידר הגליל 330 מ""ל","טמפו משקאות בע""מ",IL,סיידר תרכיז 330 בקבוק,מיליליטרים,330.00,"100 מ""ל",false,1,13.60,4.1212,true,1,3150
7290000336282,false,"פריגת סיידר צלול 330 מ""ל בקבוק",טמפו משקאות בעמ,IL,סיידר תפוח צלול 330 בקבוק,מיליליטרים,330.00,"100 מ""ל",false,1,8.50,2.5758,true,1,13322
7290000339566,false,מרכך כביסה ורוד 4 ל' בדין,יוניליור ישראל טיפוח,IL,מרכך כביסה בדין ורוד,ליטרים,4.00,ליטר,false,1,24.90,6.2250,true,1,3180
7290000341071,false,בדין - מרכך כביסה בייבי לבן 2 ליטר,יוניליוור ישראל טיפו,IL,בדין מרכך כביסה בייבי 2 ליטר,ליטרים,2.00,ליטר,false,1,20.70,10.3500,true,1,3199
7290000345215,false,תה ויסוצקי קלאסיק 100/1 כחול מעודן,מולינו ניקולי s.p.a,IL,תה קלאסיק כחול 1 גרם 100 שקיקים,גרמים,100.00,100 גרם,false,1,22.90,22.9000,true,1,3260
7290000345284,false,תה ויסוצקי קלאסיק טעם עשיר 100/1.5יח',מולינו ניקולי s.p.a,IL,100/1.5במעטפה,יחידה,1.00,יחידה,false,1,17.90,17.9000,true,1,3263
7290000345291,false,תה ארל גריי 25 שקיקים ויסוצקי,תה ויסוצקי,IL,ארל גריי TEAR TAPE - 25,גרמים,38.00,100 גרם,false,1,17.70,46.5789,true,1,3264
7290000345307,false,תה ארל גריי 50 שקיקים ויסוצקי,מולינו ניקולי s.p.a,IL,50/1.5א.ג - TEAR TAPE,גרמים,75.00,100 גרם,false,1,29.90,39.8667,true,1,3265
7290000345536,false,תה נענע 25 שקיקים 1.5 גרם,מולינו ניקולי s.p.a,IL,תה נענע,גרמים,37.00,100 גרם,false,1,18.90,51.0811,true,1,3268
7290000346021,false,חליטת קמומיל בבונג גן קסום 50 שקיקים,בית ויסוצקי,IL,הגן הקסום חליטת קמומיל בבונג 50 75 גר,גרמים,75.00,100 גרם,false,1,33.90,45.2000,true,1,18772
7290000346120,false,חליטת קסם הקינמון 25 שקיקים גן קסום,תה ויסוצקי,IL,קסם הקינמון-הגן הקסום,גרמים,62.00,100 גרם,false,1,19.90,32.0968,true,1,3287
7290000346137,false,חליטת הילולי פירות 25 שקיקים גן קסום,תה ויסוצקי,IL,"הילולי פירות-""הגן הקסום """,גרמים,62.00,100 גרם,false,1,19.90,32.0968,true,1,3288
7290000346144,false,חליטת עינוגי התפוח 25 שקיקים גן קסום,תה ויסוצקי,IL,"עינוגי התפוח-""הגן הקסום """,גרמים,67.00,100 גרם,false,1,19.90,29.7015,true,1,3289
7290000346205,false,חליטת קמומיל 25 שקיקים הגן קסום,תה ויסוצקי,IL,"קמומיל-""הגן הקסוםC24 ?",גרמים,37.00,100 גרם,false,1,19.90,53.7838,true,1,3292
7290000346212,false,תה בטעם מנטה 25 שקיקים גן קסום,תה ויסוצקי,IL,"מנטה-""הגן הקסום """,גרמים,50.00,100 גרם,false,1,19.90,39.8000,true,1,3293
7290000346236,false,חליטת לואיזה 25 שקיקים הגן הקסום,תה ויסוצקי,IL,"לואיזה (ורבנה)""גן-קסום """,גרמים,50.00,100 גרם,false,1,19.90,39.8000,true,1,46992
7290000347738,false,תה ירוק נענע 25 שקיקים 1.5 גרם,תה ויסוצקי,IL,תה ירוק עם נענע T.T,גרמים,37.00,100 גרם,false,1,25.90,70.0000,true,1,3319
7290000347752,false,תה ירוק לימונית ולואיזה 25 שקיקים *1.5 ג'' ויסוצקי,תה ויסוצקי,IL,תה ירוק עם לימונית/לואיזה T.T,גרמים,37.00,100 גרם,false,1,25.90,70.0000,true,1,3321
7290000363363,false,קבנוס מיוחד 160 גרםטירת צבי,הנסיך- מפעל לייצור ט,IL,טירת צבי קבנוס נקניק מעושן יבש 160 גרם,גרמים,160.00,100 גרם,false,1,15.90,9.9375,true,1,3458
7290000364261,false,דקניקים סלסולי כתף בקר 120 ג' טירת צבי,הנסיך- מפעל לייצור ט,IL,דקניקים סלסולי כתף בקר 120 גרם,גרמים,120.00,100 גרם,false,1,15.90,13.2500,true,1,66205
7290000364278,false,דקניקים סילסולי סלמי איטלקי 120 ג' טירת צבי,הנסיך- מפעל לייצור ט,IL,דקניקים סלסולי סלמי איטלקי משובח 120 גרם,גרמים,120.00,100 גרם,false,1,15.90,13.2500,true,1,66206
7290000364285,false,דקניקים סלסולי פסטרמה הודו 120 ג' טירת צבי,הנסיך- מפעל לייצור ט,IL,דקניקים סלסולי פסטרמה הודו 120 גרם,גרמים,120.00,100 גרם,false,1,15.90,13.2500,true,1,66207
7290000364292,false,דקניקים סלסולי פסטרמה הודו על גחלים 120 ג' טירת צבי,הנסיך- מפעל לייצור ט,IL,דקניקים סלסולי פסטרמה גחלים 120 גרם,גרמים,120.00,100 גרם,false,1,15.90,13.2500,true,1,71182
7290000364506,false,סלמי פריזר כפרי 100גר' טירת צבי,הנסיך- מפעל לייצור ט,IL,"טירת צבי, סלמי פריזר כפרי 100 גרם",גרמים,100.00,100 גרם,false,1,11.80,11.8000,true,1,50812
7290000364803,false,נקניקיות קרנץ אמריקאי 500 גרם,הנסיך- מפעל לייצור ט,IL,"טירת צבי, נקניקיות בקר בסגנון אמריקאי, 500 גרם",גרמים,500.00,100 גרם,false,1,29.90,5.9800,true,1,3492
7290000364810,false,נקניקיות עגל 500 גרםטירת צבי,הנסיך- מפעל לייצור ט,IL,נקניקיות עגל 500 גרם,גרמים,500.00,100 גרם,false,1,31.60,6.3200,true,1,16896
7290000364858,false,"נקניקיות עוף טרי 1 ק""ג טירת צבי",הנסיך- מפעל לייצור ט,IL,"טירת צבי - נקניקיות עוף 1 ק""ג",קילוגרמים,1.00,"ק""ג",false,1,29.90,29.9000,true,1,3510
7290000364872,false,נקניקיות עוף 400 גרםטירת צבי,טיב טירת צבי 2000,IL,נקניקיות עוף 400 גרם,גרמים,400.00,100 גרם,false,1,13.90,3.4750,true,1,3512
7290000364957,false,נקניקיות מיני מיני עוף 700 גרםטירת צבי,הנסיך- מפעל לייצור ט,IL,נקניקיות מיני מיני 700 ג,גרמים,700.00,100 גרם,false,1,28.90,4.1286,true,1,3515
7290000367590,false,צמד כפרי סלמי+פסטרמה 800 גרם טירת צבי,טיב טירת צבי 2000,IL,צמד כפרי פסטרמה סלמי טירת צבי 800 גרם,גרמים,800.00,100 גרם,false,1,30.90,3.8625,true,1,3537
7290000369037,false,קוביות בולגרית מתובלות 200 גר,גבינות אמיר ניצן בעמ,IL,סלט קוביות בולגרית 200 גרם,גרמים,200.00,100 גרם,false,1,17.90,8.9500,true,1,119638
7290000369365,false,בולגרית למריחה עם חציל 200 גר,גבינות אמיר ניצן בעמ,IL,גבינה בולגרית למריחה וחציל 200 גרם,גרמים,200.00,100 גרם,false,1,14.40,7.2000,true,1,40343
7290000369617,false,כדורי מעדן גבינה בשמן 225 ג' ניצן,גבינות אמיר ניצן בעמ,IL,כדורי גבינת פטה בשמן 150 גרם,גרמים,150.00,100 גרם,false,1,19.70,13.1333,true,1,40324
7290000369709,false,ניצן חמאה ט.שונים 10,גבינות אמיר ניצן בעמ,IL,חמאה מתובלת 100 גרם,גרמים,100.00,100 גרם,false,1,13.40,13.4000,true,1,40279
7290000377209,false,בוטנים מטוגנים קליית,"ג'י אנד ג'י בע""מ",IL,בוטנים מטוגנים קליית גת 200 גרם,גרמים,200.00,100 גרם,false,1,7.90,3.9500,true,1,15187
7290000377445,false,נש צאנס קלית גת 200 גר',"ג'י אנד ג'י בע""מ",IL,נש צ'אנס 200 גר' ב 12,גרמים,200.00,100 גרם,false,1,8.90,4.4500,true,1,15188
7290000377452,false,גרעיני אבטיח קלית גת 200 ג',הדקלאים אגודת שיתופי,IL,גרעיני אבטיח שק'200 גר',גרמים,200.00,100 גרם,false,1,11.50,5.7500,true,1,12267
7290000379104,false,לחם אנג'ל אחיד פרוס 750ג',מאפיית אנג'ל אורנים,IL,אנג'ל לחם אחיד פרוס ללא תוספת סוכר 750 גרם,גרמים,750.00,100 גרם,false,1,7.11,0.9480,true,1,3608
7290000379128,false,חלה פרוסה אנגל 500 ג,"איטיליאן פוד, אס.פי.",IL,חלה ארוזה פרוסה 500 גרם,גרמים,500.00,100 גרם,false,1,10.90,2.1800,true,1,3610
7290000379357,false,חלה קלה פרוסה אנגל 5,מאפית אנגל,IL,חלה קלה ארוז 500 גרם,גרמים,500.00,100 גרם,false,1,16.90,3.3800,true,1,3619
7290000379654,false,חלה קלועה 500 ג' אנג'ל,מאפיית אנג'ל,IL,חלה קלועה 500 גרם,גרמים,500.00,100 גרם,false,1,5.17,1.0340,true,1,3636
7290000408316,false,יוגורט דנונה דל לקטוז 200 גרם,מיוצר עי קונדיטוריית,IL,דנונה ביו 3% 200 גרם,גרמים,200.00,100 גרם,false,1,3.70,1.8500,true,1,4215
7290000408354,false,יוגורט עם אורז מצופה שוקולד קקאו 175 ג' דנונה,"שטראוס בריאות בע""מ",IL,בר דנונה פצפוצים,גרמים,175.00,100 גרם,false,1,4.80,2.7429,true,1,4216
7290000412481,false,סנו - מנקה אסלות 00 1 ליטר,מיוצר עי קונדיטוריית,IL,מנקה אסלות 00 סנו 1 ליטר,ליטרים,1.00,ליטר,false,1,8.90,8.9000,true,1,4272
7290000416021,false,ממרח שוקולד השחר חלבי 500 גר',השחר העולה,IL,ממרח השחר העולה חלבי 500 גרם,גרמים,500.00,100 גרם,false,1,13.90,2.7800,true,1,4369
7290000416618,false,"ממרח שוקולד השחר פרווה בד""צ 400 גר'",השחר העולה תעשייות מ,IL,ממרח שוקולד השחר 400 גרם,גרמים,400.00,100 גרם,false,1,13.50,3.3750,true,1,4375
7290000419893,false,לנדוור חזק - קפה טחון טורקי 100 גרם,מולינו ניקולי s.p.a,IL,לנדוור לבוקר טחון טורקי 100גרם,גרמים,100.00,100 גרם,false,1,8.90,8.9000,true,1,49099
7290000419909,false,לנדוור לבוקר קפה טחון שחור טורקי 100 גרם,מולינו ניקולי s.p.a,IL,לנדוור חזק קפה טחון טורקי 100גרם,גרמים,100.00,100 גרם,false,1,8.90,8.9000,true,1,49100
7290000420325,false,פופ קורן טבעי למיקרוגל 5 יח',Preston farms,US,"פופסטאר פופקורן למקירוגל בטעם טבעי 5 שקיות,500 גרם",גרמים,500.00,100 גרם,false,1,13.90,2.7800,true,1,4419
7290000430102,false,"שקיות קרח 2 ק""ג ""מר אייס""","אייס (קיובס) בע""מ -",IL,קוביות קרח בשקית,יחידה,1.00,יחידה,false,1,14.90,14.9000,true,1,15230
7290000449111,false,פנטסטיק לניקוי כללי,יוניליוור ישראל טיפו,IL,cif פנטסטיק תרכיז ניקוי רב תכליתי בניחוח לימון,ליטרים,1.00,ליטר,false,1,13.90,13.9000,true,1,4698
7290000449128,false,סיף פנטסטיק לימון ניקוי רב תכליתי 4ל',יוניליוור ישראל טיפו,IL,פנטסטיק תרכיז ניקוי רב תכליתי בניחוח לימון 4 ליטר,ליטרים,4.00,ליטר,false,1,27.60,6.9000,true,1,4699
7290000450209,false,נתחי טונה פוסידון בשמן 110 ג',"מיוצר עי וליגר בעמ,",IL,פוסידון נתחי טונה בהירה בשמן 108 גרם,גרמים,108.00,100 גרם,false,1,5.90,5.4630,true,1,4719
7290000453019,false,שמרים טריים לאפייה שקית שמרית 50 ג',"פאקא תעשיות בע""מ",IL,שמרית שמרים טריים לאפייה 50 גרם,גרמים,50.00,100 גרם,false,1,4.90,9.8000,true,1,4730
7290000453309,false,בצק פיצה תמי ללא גלו,תמי,IL,בצק פיצה תמי ללג 230גרם,גרמים,230.00,100 גרם,false,1,21.90,9.5217,true,1,152592
7290000453316,false,בצק עלים מצונן ללא גלוטן,תמי,IL,בצק עלים תמי ללג 280גרם,גרמים,280.00,100 גרם,false,1,21.90,7.8214,true,1,152591
7290000453323,false,קמח תמי עמילן חיטה ללא גלוטן 500 גרם,תמי,IL,קמח תמי עמילן חיטה ללא גלוטן 500 גרם,גרמים,500.00,100 גרם,false,1,18.90,3.7800,true,1,155105
7290000453408,false,בצק פיצה דק מצונן ומוכן לאפיה שמרית,"פאקא תעשיות בע""מ",FR,בצק פיצה דק מצונן ומוכן לאפייה - שמרית,גרמים,150.00,100 גרם,false,1,17.90,11.9333,true,1,142706
7290000453415,false,בצק עלים מצונן ומוכן לאפייה שמרית,"פאקא תעשיות בע""מ",FR,בצק עלים מצונן ומוכן לאפייה - שמרית,גרמים,150.00,100 גרם,false,1,17.90,11.9333,true,1,142704
7290000453422,false,בצק פילו מצונן ומוכן לאפייה שמרית,"פאקא תעשיות בע""מ",FR,בצק פילו מוכן לאפייה - שמרית,גרמים,150.00,100 גרם,false,1,17.90,11.9333,true,1,142705
7290000453798,false,שמרית שמרים יבשים אקטיביים 500 גר',"גי' בי' רכיבים בע""מ",IL,שמרים אקטביים 500 גרם,גרמים,500.00,100 גרם,false,1,15.90,3.1800,true,1,113056
7290000453866,false,נטורינה קוקוס לאפייה שמרית 200ג',גרונבאנג- גרונדנסק א,IL,נטורינה קוקוס לאפייה ובישול 200 גרם,גרמים,200.00,100 גרם,false,1,8.90,4.4500,true,1,123511
7290000453880,false,מרגרינה ללא מלח לאפיה ובישול שמרית 200גר,"פאקא תעשיות בע""מ",IL,מרגרינה ללא מלח לאפייה ובישול 200 גרם,גרמים,200.00,100 גרם,false,1,5.90,2.9500,true,1,113062
7290000453897,false,מרגרינה בטעם חמאה שימרית 200 ג',גרונבאנג- גרונדנסק א,IL,מרגרינה שמרית בטעם חמאה ללא שומן מוקשה 200 גרם,גרמים,200.00,100 גרם,false,1,5.90,2.9500,true,1,113063
7290000461656,false,בייגלה אחד אחד 400 ג' מקלות,בייגל את בייגל מזון,IL,כעכים בצורת מקלות עם מלח בייגל בייגל,גרמים,400.00,100 גרם,false,1,11.90,2.9750,true,1,4785
7290000461700,false,בייגל גדול גדול 400 גרם,בייגל את בייגל מזון,IL,כעכים גדולים עם מלח בייגל בייגל,גרמים,400.00,100 גרם,false,1,15.20,3.8000,true,1,4787
7290000461724,false,בייגל גדול גדול שומשום 400 גרם,אתר בייגל - Food,IL,כעכים גדולים עם שומשום בייגל בייגל -,גרמים,400.00,100 גרם,false,1,15.20,3.8000,true,1,4788
7290000461793,false,בייגלה ארוך ארוך סידרה ירוקה 200גר,בייגל את בייגל מזון,IL,כעכים בצורת מקלות עם מלח בייגל בייגל,גרמים,150.00,100 גרם,false,1,7.90,5.2667,true,1,4790
7290000462103,false,סחוג אדום חריף עדין (מכסה לבן) 150 גרם,קריניסה ויטמין אס אי,IL,"זהבי הכרם זחוק תמני חריף עדיף, 150 גרם",גרמים,150.00,100 גרם,false,1,9.90,6.6000,true,1,4793
7290000462141,false,סחוג אדום חריף מאוד (מכסה אדום) 150 גרם,קריניסה ויטמין אס אי,IL,"זהבי הכרם זחוק תמני חריף, 150 גרם",גרמים,150.00,100 גרם,false,1,9.90,6.6000,true,1,55180
7290000462172,false,סחוג ירוק חריף מאוד מ.ירוק 150 גרם,קריניסה ויטמין אס אי,IL,זחוק זהבי ירוק חריף 150 גרם,גרמים,150.00,100 גרם,false,1,9.90,6.6000,true,1,4798
7290000467511,false,ביסלי חטיף ברביקיו אסם 55 ג',"אסם השקעות בע""מ",IL,ביסלי ברביקיו 55 גרם,גרמים,55.00,100 גרם,false,1,4.00,7.2727,true,1,101742
7290000467887,false,ביסלי חטיף פיצה אסם 55 ג',"אסם השקעות בע""מ",IL,ביסלי פיצה 55 גרם,גרמים,55.00,100 גרם,false,1,4.00,7.2727,true,1,101743
7290000468006,false,כרוב כבוש בית השיטה,בית-השיטה עסיס תעשיו,IL,בית השיטה כרוב כבוש א2 12*430גרם,גרמים,560.00,100 גרם,false,1,8.50,1.5179,true,1,4856
7290000468747,false,ביסלי חטיף גריל אסם 55 ג',"אסם השקעות בע""מ",IL,ביסלי גריל 55 גרם,גרמים,55.00,100 גרם,false,1,4.00,7.2727,true,1,101744
7290000468877,false,ביסלי בטעם בצל 55 ג' אסם,"אסם השקעות בע""מ",IL,ביסלי בצל 55 גרם,גרמים,55.00,100 גרם,false,1,4.00,7.2727,true,1,101745
7290000469638,false,ספריי מריטו לגיהוץ קל 500 מל,בולטון מניטובה,IT,לגיהוץ מריטו ספריי 500 סמק,מיליליטרים,500.00,"100 מ""ל",false,1,22.70,4.5400,true,1,4873
7290000474076,false,חלב 3% טרה 1ל' קרטון מהדרין,טרה,IL,"חלב בקרטון 3%-1 ליטר בד""צ",ליטרים,1.00,ליטר,false,1,6.23,6.2300,true,1,4907
7290000474090,false,חלב הומוגני 1% קרטון טרה 1ל',מילקו תעשיות בעמ,IL,"חלב בקרטון 1%- 1 ליטר בד""צ",ליטרים,1.00,ליטר,false,1,5.86,5.8600,true,1,4908
7290000474373,false,"שמנת חמוצה 15% שומן 200 מ""ל טרה",טרה,IL,"שמנת חמוצה 200 מ""ל בד""צ",גרמים,200.00,100 גרם,false,1,2.40,1.2000,true,1,4914
7290000474502,false,גבינה לבנה 5% 250ג' טרה מהדרין,טרה,IL,גבינה לבנה 5% פיקוח 250 גרם,גרמים,250.00,100 גרם,false,1,4.98,1.9920,true,1,4917
7290000474540,false,גבינה טוב טעם 3% טרה 250ג' מהדרין,טרה,IL,"טרה, טוב טעם, גבינה לבנה 3% , 250 גרם",גרמים,250.00,100 גרם,false,1,12.90,5.1600,true,1,4919
7290000480107,false,קוואקר שיבולת שועל פחית 500 גר',וולקרס סנקס לימיטד,GB,שיבולת שועל קוואקר פחית 500 גרם,גרמים,500.00,100 גרם,false,1,15.00,3.0000,true,1,4946
7290000480442,false,קוואקר שיבולת שועל שקית 500 גר',פריטו ליי FRITO-LAY,IL,שיבולת שועל קוואקר שקית 500 גרם,גרמים,500.00,100 גרם,false,1,12.90,2.5800,true,1,4951
7290000481531,false,דגנית עין בר לחמניות אצבע מחיטה מלאה בשקית 750 ג',יוניליוור גרמניה Gm,IL,לחמניות אצבע חיטה מלאה 10 יח,גרמים,750.00,100 גרם,false,1,14.90,1.9867,true,1,102851
7290000481883,false,דגנית עין בר מארז לחמניות 10 יח'*75 ג',יוניליוור גרמניה Gm,IL,לחמניות אצבע בשקית 10 יח,גרמים,750.00,100 גרם,false,1,14.90,1.9867,true,1,102852
7290000482019,false,שקיות קוקי רגיל צליה 10יח',"ש. שסטוביץ בע""מ",IL,שקיות לצליה קוקי 10 יחידות,לא מנהל יחידת מידה,0.00,לא מנהל יחידת מידה,false,1,14.20,0.0000,true,1,4968
7290000483139,false,מרציפן גולמי המרשלג 100 גרם,"המרשלג פרלינס בע""מ",IL,המרשלג מרציפן 100 גרם טבעוני,גרמים,100.00,100 גרם,false,1,9.90,9.9000,true,1,4978
7290000484747,false,עראק עלית 700 מל 40% כהל,יקב הגליל שווק בעמ,IL,"עלית הארק 40% בקבוק 700 מ""ל",מיליליטרים,700.00,"100 מ""ל",false,1,59.90,8.5571,true,1,113512
7290000493176,false,אבקת רוטב צלי לבשר 22ג' אסם,"אסם תעשיות בע""מ",IL,רוטב צלי בשר 22 גרם,גרמים,22.00,100 גרם,false,1,4.50,20.4545,true,1,5112
7290000493183,false,אבקת רוטב פטריות לבשר-30 גרם,"אסם תעשיות בע""מ",IL,אסם אבקת רוטב פטריות 3 12*30גרם,גרמים,30.00,100 גרם,false,1,4.90,16.3333,true,1,5113
7290000497044,false,לחם ברמן אקטיב 750 גר,מאפית י את א ברמן בע,IL,לחם ברמן אקטיב 750 גרם,גרמים,750.00,100 גרם,false,1,15.90,2.1200,true,1,100158
7290000497198,false,מארז פיתות עשירייה אסלי,מאפית י את א ברמן בע,IL,ברמן אסלי 10 פיתות 1קג,קילוגרמים,1.00,"ק""ג",false,1,11.90,11.9000,true,1,150178
7290000497204,false,פיתות אסלי 5 יח' ברמן,מאפית י את א ברמן בע,IL,פיתות,גרמים,500.00,100 גרם,false,1,7.90,1.5800,true,1,14417
7290000497228,false,לחמניה רגילה בשקית ברמן 6יח',מאפית י את א ברמן בע,IL,ברמן 6 לחמניות 450 גרם,גרמים,450.00,100 גרם,false,1,10.90,2.4222,true,1,5145
7290000497426,false,לחם ברמן לענין פלוס 500 גרם,מאפית י את א ברמן בע,IL,לחם קל ברמן לעניין 500 גר,גרמים,500.00,100 גרם,false,1,13.90,2.7800,true,1,38219
7290000497532,false,"לחם מקמח מלא""לעניין"" 750 גר'",מאפית י את א ברמן בע,IL,לחם ברמן לעניין 750 גר,גרמים,750.00,100 גרם,false,1,13.90,1.8533,true,1,33837
7290000498034,false,לחם אי פרי קמח כוסמין מלא 750 גר',מאפית י את א ברמן בע,IL,לחם מקמח כוסמין 750גרם,גרמים,750.00,100 גרם,false,1,16.90,2.2533,true,1,150168
7290000498256,false,עשיריית לחמניות ברמן,מאפית י.את א. ברמן ב,IL,לחמניות בשקית מארז עשירייה,גרמים,750.00,100 גרם,false,1,14.90,1.9867,true,1,150170
7290000498317,false,חלה עגולה ברמן 500גר,מאפיות ברמן,IL,חלה עגולה ברמן 500גרם,קילוגרמים,1.00,"ק""ג",true,,6.26,6.2600,true,1,151751
7290000498393,false,חלה מרובעת רגילה 500,מאפית י.את א. ברמן ב,IL,חלה מרובעת ברמן 500גרם,גרמים,500.00,100 גרם,false,1,5.17,1.0340,true,1,5184
7290000498430,false,חלה קלועה רגילה ברמן,מאפית דוידוביץ,,חלה 500 גרם,גרמים,500.00,100 גרם,false,1,6.26,1.2520,true,1,150166
7290000504025,false,סוכרזית פטריה 300 טבליות,אף.סי תבליני בגליל ב,IL,סוכרזית קלאסי 300,גרמים,25.00,100 גרם,false,1,9.80,39.2000,true,1,5385
7290000504278,false,סוכרזית - קלאסי פטנט 700 טבליות,אף.סי תבליני בגליל ב,IL,ממתיק סוכרזית פטנט 700 טבליות,גרמים,57.00,100 גרם,false,1,17.90,31.4035,true,1,5389
7290000518176,false,מתוק וקל ענק 250 שקיות,מתוק וקל בעמ,IL,מתוק וקל ענק 250 גרם,גרמים,250.00,100 גרם,false,1,25.90,10.3600,true,1,5463
7290000518190,false,מתוק וקל סטיביה 100 שקיות,מתוק וקל,IL,מתוק וקל סטיביה 100 שקיות,יחידה,1.00,יחידה,false,1,24.90,24.9000,true,1,115517
7290000518220,false,סוכרה דיאט ממתיק 100 שקיות,פתח תקווה,IL,סוכרה להמתקה לבישול ואפייה 100 יח,גרמים,100.00,100 גרם,false,1,28.90,28.9000,true,1,115518
7290000518336,false,ממתק צמר גפן מתוק מסיבים תזונתיים,מתוק וקל בעמ,IL,מוש צמר גפן מתוק מסיבים תזונתיים 10 גרם,גרמים,10.00,100 גרם,false,1,4.90,49.0000,true,1,156846
7290000518879,false,סוכרה דיאט ממתיק 250 שקיות,מתוק וקל בעמ,IL,סוכרה דיאט 250 שקיות,גרמים,200.00,100 גרם,false,1,57.90,28.9500,true,1,126653
7290000521008,false,"יין אדום יבש סגל 750 מ""ל",כרמי צבי - אחים סגל,IL,יין אדום יבש של סגל 750 מל,מיליליטרים,750.00,"100 מ""ל",false,1,21.90,2.9200,true,1,5549
7290000521015,false,"יין סגל לבן יבש 750מ""ל","מיוצר ע""י כרמי צבי-",IL,סגל יין לבן יבש 2016 750 מל,מיליליטרים,750.00,"100 מ""ל",false,1,21.90,2.9200,true,1,5550
7290000523125,false,מלח הארץ הים האדום 250 ג' עדין,חברת מלח הארץ אילת ב,IL,מלח הארץ מהים האדום מלח ים דק 250 גרם,גרמים,250.00,100 גרם,false,1,5.90,2.3600,true,1,5623
7290000523224,false,מלח הארץ הים האדום 500 ג' עדין,חברת מלח הארץ אילת ב,IL,מלח הארץ מהים האדום מלח ים דק,גרמים,500.00,100 גרם,false,1,7.90,1.5800,true,1,5628
7290000523514,false,מלח הארץ 50% מכמות הנתרן 250 גרם,חברת מלח הארץ אילת ב,IL,מלח הארץ 50% מכמות נתרן 250 גרם,גרמים,250.00,100 גרם,false,1,10.90,4.3600,true,1,5631
7290000523521,false,מלח ים מועשר ביוד 250 ג' מלח הארץ,חברת מלח הארץ אילת ב,IL,מלח מועשר ביוד מלחיה 250 גרם,גרמים,250.00,100 גרם,false,1,5.90,2.3600,true,1,5632
7290000523811,false,"צנצנת מלח גס 1 ק""ג מלח הארץ",חברת מלח הארץ אילת ב,IL,מלח הים האדום גס בצנצנת 1 קג,קילוגרמים,1.00,"ק""ג",false,1,7.20,7.2000,true,1,49175
7290000525969,false,פרימור סחוט תפוזים טבעי 1ל',"גניר (1992) בע""מ",IL,פרימור מיץ תפוזים 1 ליטר,ליטרים,1.00,ליטר,false,1,16.00,16.0000,true,1,5645
7290000530291,false,נקניק מבשר הודו קטן 800 ג' זוגלובק,זוגלובק,IL,נקניק מבשר הודו קטן 750 גרם,גרמים,750.00,100 גרם,false,1,24.60,3.2800,true,1,5675
7290000530413,false,המבורגר זהב זוגלובק 400 גר',זוגלובק,IL,זוגלובק המבורגר זהב 400 גרם,גרמים,400.00,100 גרם,false,1,21.90,5.4750,true,1,5678
7290000530598,false,נקניקיות וינר 500 ג' טרי זוגלובק,זוגלובק,IL,נקניקיות וינר 500 גרם זוגלובק,גרמים,500.00,100 גרם,false,1,17.90,3.5800,true,1,5684
7290000530703,false,זוג במארז חרמון הודו + סלמי תה זוגלובק 800 גר',זוגלובק,IL,זוגלובק זוג חרמון הודו ועוף 400+סלמי תה 400 גרם,גרמים,800.00,100 גרם,false,1,31.40,3.9250,true,1,5685
7290000531601,false,סטייק בורגר זהב זוגלובק 400ג',זוגלובק,IL,זוגלובק סטייק בורגר זהב 400 גרם,גרמים,400.00,100 גרם,false,1,21.90,5.4750,true,1,5703
7290000531977,false,בורקס גבינה 800 ג' זוגלובק,מאפיית גידרון,IL,בורקס גבינה 800 גרם זוגלובק,גרמים,800.00,100 גרם,false,1,18.90,2.3625,true,1,12745
7290000537566,false,נקניקיות עוף טרי 400 ג' זוגלובק,זוגלובק,IL,נקניקיות עוף זגלובק 400 גרם,גרמים,400.00,100 גרם,false,1,15.90,3.9750,true,1,5766
7290000537603,false,נקניקיות עוף זוגלובק,זוגלובק,IL,זוגלובק נקניקיות עוף 1 קג,קילוגרמים,1.00,"ק""ג",false,1,29.60,29.6000,true,1,5767
7290000538709,false,סלמי תה מעושן 200 ג' זוגלובק,זוגלובק,IL,זוגלובק סלמי תה מעושן 200 גרם,Unknown,0.00,Unknown,false,1,11.50,0.0000,true,1,53522
7290000552118,false,נקניקיות מרגז טיבון ויל 400 ג',טיבון ויל אחזקות בעמ,IL,נקניקיות מרגז גריל 400 גרם,גרמים,400.00,100 גרם,false,1,23.80,5.9500,true,1,6047
7290000552194,false,קישקע 500 גר' טיבון,טיבון ויל אחזקות בעמ,IL,טיבון ויל קישקע קפוא 500 גרם,גרמים,500.00,100 גרם,false,1,16.90,3.3800,true,1,6050
7290000552569,false,סטייק בורגר נטו 400 גרם,"טיבון ויל אחזקות בע""",IL,סטייק בורגר בקר 400 גרם,גרמים,400.00,100 גרם,false,1,19.90,4.9750,true,1,6052
7290000552927,false,טחון עוף 500 גרם,"טיבון ויל אחזקות בע""",IL,טיבון ויל בשר עוף טחון 500 גרם,גרמים,500.00,100 גרם,false,1,14.90,2.9800,true,1,6054
7290000552934,false,טחון הודו 500 גרם,טיבון ויל,IL,טחון הודו 500 גרם,גרמים,500.00,100 גרם,false,1,15.90,3.1800,true,1,6055
7290000552989,false,בשר טחון מובחר 500 גרם,"טיבון ויל אחזקות בע""",IL,טיבון וויל בשר עגל טחון קפוא 500 גרם,גרמים,500.00,100 גרם,false,1,29.90,5.9800,true,1,6056
7290000554402,false,מלבי&קוקוס ובוטנים 5,"מיוצר ע""י קוד יצרן E",IL,מלבי מעדן חלב גד 170 גרם,גרמים,170.00,100 גרם,false,1,6.20,3.6471,true,1,6106
7290000554457,false,גבינה צפתית 5% 350 גרם - רבנות,"מחלבות גד בע""מ",IL,גד צפתית גבינה מלוחה במליחות עדינה 5% 350 גרם,גרמים,350.00,100 גרם,false,1,22.90,6.5429,true,1,6107
7290000554471,false,גבינת מוצרלה 22% נקניק 180ג' גד,"מחלבות גד בע""מ",IL,גבינת מוצרלה 22% צמה 180 גרם,גרמים,180.00,100 גרם,false,1,18.90,10.5000,true,1,6108
7290000554532,false,גבינה צפתית מעודנת במלח ים 5% 200 ג' גד,הנסיך- מפעל לייצור ט,IL,גד צפתית מעודנת 5% שומן,גרמים,200.00,100 גרם,false,1,15.90,7.9500,true,1,54498
7290000554600,false,מוצרלה מגורדת 18% 300 גרם - רובין,מחלבות גד בעמ,IL,גד מוצרלה מגורדת מחלב בקר 22% 300 גרם,גרמים,300.00,100 גרם,false,1,25.90,8.6333,true,1,6109
7290000554624,false,ירח מתוק 3% 150 גרם רובין,"מיוצר ע""י קוד יצרן E",IL,"ירח מתוק ,מעדן חלב עם אורז 3% , 150 גרם",גרמים,150.00,100 גרם,false,1,6.20,4.1333,true,1,6110
7290000554686,false,לאבנה שמן זית וזעתר 5% 250 גרם - רבנות,מחלבות גד בעמ,IL,גד לאבנה בתוספת שמן זית וזעתר 5%,גרמים,250.00,100 גרם,false,1,15.90,6.3600,true,1,6112
7290000554822,false,גבינת ריקוטה טבעי 5% שומן 250 ג' גד,מחלבות גד בעמ,IL,גבינה ריקוטה גד 250 גרם,גרמים,250.00,100 גרם,false,1,15.90,6.3600,true,1,6118
7290000554839,false,שמנת מתוקה קשה בסגנון איטלקי 40% שומן 250 ג' גד,מחלבות גד בעמ,IL,גבינה מוקצפת מסקרפונה 250 גרם גד,גרמים,250.00,100 גרם,false,1,22.90,9.1600,true,1,6119
7290000560021,false,אדג גל סגול נגד חתכים 198ג',המאפיה של הרמן,US,200 מל גל גילוח נגד חתכים אדג,מיליליטרים,200.00,"100 מ""ל",false,1,20.90,10.4500,true,1,16544
7290000560533,false,אדג' ג'ל ירוק לעור רגיל 198גרם,אס.סי ג'ונסון ובניו,US,200 מל גל גילוח אדג בתוספת אלוורה,מיליליטרים,200.00,"100 מ""ל",false,1,17.90,8.9500,true,1,6182
7290000560540,false,אדג' ג'ל כתום לעור רגיש 198גרם,המאפיה של הרמן,US,אדג ג'ל גילוח לעור רגיש עם אלוורה 200 מל,מיליליטרים,200.00,"100 מ""ל",false,1,17.90,8.9500,true,1,6183
7290000571843,false,יוגורט עיזים יוגורמה 140 גר,גבינות משק אחים מאיר,IL,המחלבה יוגורמה גביע מחלב עזים 140 גרם,גרמים,140.00,100 גרם,false,1,6.90,4.9286,true,1,110716
7290000572208,false,חלבה חטיף וניל אחווה 100ג',שוורצקוף& הנקל דיסלד,IL,אחוה חלוה בטעם וניל 100 גרם,גרמים,100.00,100 גרם,false,1,2.90,2.9000,true,1,6249
7290000572222,false,חלבה וניל בבלוק אחווה 500ג',שוורצקוף& הנקל דיסלד,IL,אחווה חלוה בטעם וניל 500 גרם,גרמים,500.00,100 גרם,false,1,12.90,2.5800,true,1,6250
7290000572536,false,אחווה חלווה ווניל במגש 400 גר,אחדות ביחר לטחינה חל,IL,אחוה חלוה בטעם וניל 400 גרם,גרמים,400.00,100 גרם,false,1,13.90,3.4750,true,1,41506
7290000574035,false,לחם אחיד פרוס 750ג' דגנית עין בר,יוניליוור גרמניה Gm,IL,לחם אחיד פרוס -דגנית,גרמים,750.00,100 גרם,false,1,7.11,0.9480,true,1,6307
7290000574141,false,לחם חיטה מלא 750ג' דגנית עין בר,דגנית עין בר תעשיות,IL,לחם חיטה מלא 750 גרם,גרמים,750.00,100 גרם,false,1,13.90,1.8533,true,1,41821
7290000574172,false,לחם קל מחיטה מלאה 750 ג' דגנית עין בר,יוניליוור גרמניה Gm,IL,לחם קל מחיטה מלאה 750 גרם,גרמים,750.00,100 גרם,false,1,14.90,1.9867,true,1,56196
7290000611174,false,כנפיים עוף קפוא כשר,עוף עוז,,כנפיים עוף,קילוגרמים,1.00,"ק""ג",true,,9.90,9.9000,true,1,154958
7290000644783,false,פילה סלמון מנות בואק,דגי תנובה,NO,"נתחי פילה סלמון בואקום לק""ג",קילוגרמים,1.00,"ק""ג",true,,105.00,105.0000,true,1,68589
7290000646299,false,פילה נסיכת הנילוס קפוא,דגי תנובה,ZA,פילה נסיכת הנילוס קפוא 100% דג לקג,קילוגרמים,1.00,"ק""ג",true,1,57.00,57.0000,true,1,144552
7290000652542,false,פילה אמנון 5-7 תנובה,דגי תנובה,CN,פילה אמנון קפוא 5-7 100% דג לקג,קילוגרמים,1.00,"ק""ג",true,,38.00,38.0000,true,1,144553
7290000652832,false,זוג נתחי פילה סלמון,,NO,זוג נתחי פילה סלמון קפוא ללא עור לקג,קילוגרמים,1.00,"ק""ג",true,,110.00,110.0000,true,1,144554
7290000659312,false,דגי תנובה פילה סלומון קפוא בוואקום,דגי תנובה,IL,"פילה סלמון בואקום לק""ג",קילוגרמים,1.00,"ק""ג",true,,95.00,95.0000,true,1,24595
7290000663036,false,פילה אמנון קפוא ללא עור 100% דג תנובה,דגי תנובה,IL,"פילה אמנון ללא עור 100% דג לק""ג",קילוגרמים,1.00,"ק""ג",true,,38.00,38.0000,true,1,150156
7290000663128,false,רצועות אנטריקוט בתיב,תנובה בשר,IL,רצועות ריב אנטריקוט תיבול עדין 300 גרם,גרמים,300.00,100 גרם,false,1,37.90,12.6333,true,1,150054
7290000663135,false,קוביות סלמון 100% דג קפוא 300 גרם,commercial mares de,CL,קוביות סלמון קפוא 100% דג 300גרם,גרמים,300.00,100 גרם,false,1,36.00,12.0000,true,1,152627
7290000688077,false,"מי עדן 0.500 מ""ל פקק רגיל",מופק ממקור בזלתי עדן,IL,מים מינרליים מי עדן פקק רגיל 0.5 ל',מיליליטרים,500.00,"100 מ""ל",false,1,3.90,0.7800,true,1,42272
7290000688084,false,מים מינרלים מי עדן ס,מופק ממקור בזלתי עדן,IL,"מי עדן בקבוק ספורט 500 מ""ל",מיליליטרים,500.00,"100 מ""ל",false,1,3.90,0.7800,true,1,7613
7290000688381,false,שישיית מי עדן פקק ספורט 0.5 ליטר,"מי עדן בע""מ",IL,"מי עדן בקבוק אישי שישייה 500 מ""ל",ליטרים,3.00,ליטר,false,1,12.90,4.3000,true,1,7617
7290000688466,false,מים מינרלים מי עדן ג,מופק ממקור בזלתי עדן,IL,"מי עדן GYM בקבוק ספורט 750 מ""ל",מיליליטרים,750.00,"100 מ""ל",false,1,5.20,0.6933,true,1,7618
7290000692210,false,אג'קס ניקוי כללי לוונדר 2ל',הנסיך- מפעל לייצור ט,GR,אג'קס נוזל לניקוי כללי ורצפות בניחוח לבנדר 2 ליטר,ליטרים,2.00,ליטר,false,1,22.90,11.4500,true,1,7705
7290000692456,false,אג'קס חלונות זוג 750*2 מל ספריי ורפיל,הנסיך- מפעל לייצור ט,GR,לניקוי חלונות אגקס כחול זוג,ליטרים,1.50,ליטר,false,1,22.90,15.2667,true,1,7712
7290000801476,false,אקמול לשיכוך כאבים וחום,טבע,,אקמול 14 קפליות,לא מנהל יחידת מידה,0.00,לא מנהל יחידת מידה,false,1,15.50,0.0000,true,1,23836
7290000801483,false,אקמול טו גו לשיכוך כאבים וחום,טבע,,אקמול טו גו 16 קפליות,לא מנהל יחידת מידה,0.00,לא מנהל יחידת מידה,false,1,18.50,0.0000,true,1,25169
7290000802886,false,אלרין תרסיס טיפות אף,פריגו,US,"אלרין תרסיס טיפות אף 30 מ""ל מבוגרים",מיליליטרים,30.00,"100 מ""ל",false,1,32.90,109.6667,true,1,152977
7290000805870,false,לה קט דגים 1.5 קג,ביופט בעמ,FR,לה קט דגי אוקיינוס 1.5 קג,קילוגרמים,1.50,"ק""ג",false,1,29.90,19.9333,true,1,16533
7290000849478,false,"סרקל מרכך לילדים מכיל רוזמרין 500 מ""ל",פישר מעבדות פרמצבטיו,IL,"סרקל מרכך שיער לילדים 500 מ""ל",מיליליטרים,500.00,"100 מ""ל",false,1,15.90,3.1800,true,1,10353
7290000849492,false,"סרקל שמפו לילדים 500 מ""ל",פישר מעבדות פרמצבטיו,IL,"סרקל שמפו לילדים 500 מ""ל",מיליליטרים,500.00,"100 מ""ל",false,1,15.90,3.1800,true,1,10354
7290000850160,false,"נורופן לילדים בטעם תפוז 100 מ""ל",רקיט בנקיזר,,"נורופן לילדים תרחיף בטעם תפוז 100 מ""ל",מיליליטרים,100.00,"100 מ""ל",false,1,24.90,24.9000,true,1,85795
7290000979427,false,עגבניות שרי כתום לבבות,חקלאי,IL,שרי כתום,יחידה,1.00,יחידה,false,1,9.90,9.9000,true,1,131221
7290000993195,false,ענב לבן יחידות,חקלאי,IL,ענב לבן יחידות,יחידה,1.00,יחידה,false,1,29.90,29.9000,true,1,113364
7290000993461,false,עגבניות שרי צהוב ליח',חקלאי,IL,שרי צהוב,גרמים,450.00,100 גרם,false,1,10.90,2.4222,true,1,131291
7290000993560,false,עגבניות שרי ליקופן לבבות,רון שרי,IL,עגבניות שרי שוקו לב 500 גרם,גרמים,500.00,100 גרם,false,1,14.90,2.9800,true,1,121791
7290000995410,false,נבטים סיניים ארוז,נסטלה פורינה USA קר,IL,נבטים סינים,גרמים,370.00,100 גרם,false,1,7.90,2.1351,true,1,51425
7290000995441,false,קייל כרוב על 300 גרם,יובל שריגיאן,IL,קייל כרוב על 300 גרם,לא מנהל יחידת מידה,0.00,לא מנהל יחידת מידה,false,1,12.90,0.0000,true,1,107213
7290001041123,false,שקדים מולבנים פרוסים 100גרם,מיה תעשיות מזון,IL,שקדים מולבנים פרוסים מיה 100 גרם,גרמים,100.00,100 גרם,false,1,11.90,11.9000,true,1,156769
7290001041208,false,"עדשים ירוקים יבשים מיה 1 ק""ג","מיה תעשיות מזון בע""מ",IL,עדשים ירוקות מיה 1 קג,קילוגרמים,1.00,"ק""ג",false,1,11.90,11.9000,true,1,156761
7290001041260,false,שומשום מיה 400 גרם,"מיה תעשיות מזון בע""מ",IL,שומשום מיה 400 גרם,גרמים,400.00,100 גרם,false,1,11.90,2.9750,true,1,156721
7290001045633,false,פרימור מיץ לימון ונענע סחוט טרי 400מל,פרימור,IL,פרימור משקה קל לימונים ונענע 400 מל,מיליליטרים,400.00,"100 מ""ל",false,1,8.50,2.1250,true,1,13335
7290001045657,false,פרימור מיץ תפוחים סחוט מקורר 400מל,פרימור,IL,פרימור מיץ תפוחים 100% מיץ צלול מיוצר מרכז 400 מל,מיליליטרים,400.00,"100 מ""ל",false,1,8.50,2.1250,true,1,12167
7290001045688,false,"תפוזים סחוט 400 מ""ל פרימור",פרימור,IL,פרימור מיץ תפוזים סחוט 400 מל,מיליליטרים,400.00,"100 מ""ל",false,1,8.50,2.1250,true,1,13332
7290001121054,false,מארז נקניק צמד חמד 7,תאי פרזידנט פוד פאבל,IL,צמד חמד סלמי+פסטרמה 700 גר יחיעם,גרמים,700.00,100 גרם,false,1,26.90,3.8429,true,1,123
7290001121238,false,קורנדביף יחיעם 180 ג',מעדני יחיעם,IL,יחיעם קורנד ביף 180 גרם,גרמים,180.00,100 גרם,false,1,25.90,14.3889,true,1,62028
7290001121672,false,פסטרמה מעודנת בפפריקה 300 ג' יחיעם,מעדני יחיעם,IL,פסטרמה מעודנת בפפריקה 300 גרם,גרמים,300.00,100 גרם,false,1,22.90,7.6333,true,1,101675
7290001121849,false,יחיעם פסטרמה הודו טב,מעדני יחיעם,IL,פסטרמה ברביקיו יחיעם 100% חומרים טבעיים,גרמים,250.00,100 גרם,false,1,25.90,10.3600,true,1,101676
7290001121979,false,נקניק סלמי הרץ 150 ג,תאי פרזידנט פוד פאבל,IL,"יחיעם, סלמי הרץ, 150 גרם",גרמים,150.00,100 גרם,false,1,25.90,17.2667,true,1,81069
7290001133484,false,פילה סלמון נורבגי ק,לאטי עזרא,NO,"סלמון נורבגי פילה 1.0-1.4 ק""ג - בד""ץ עדה",קילוגרמים,1.00,"ק""ג",true,,89.90,89.9000,true,1,147104
7290001136287,false,נקה 7 שמפו לשיער רגיל 750 מל ירוק,"אמיליה קוסמטיקס בע""מ",IL,נקה 7 שמפו לשיער רגיל ירוק,מיליליטרים,750.00,"100 מ""ל",false,1,11.90,1.5867,true,1,208
7290001136294,false,"שמפו נקה 7 לשיער יבש אדום 750מ""ל","אמיליה קוסמטיקס בע""מ",IL,נקה 7-שמפו לשיער יבש,מיליליטרים,750.00,"100 מ""ל",false,1,11.90,1.5867,true,1,209
7290001136300,false,"נקה 7 שמפו ומרכך לסירוק קל 750 מ""ל",אמיליה קוסמטיקס בעמ,IL,נקה 7 שמפו ומרכך 2IN1 לכל סוגי השיער 750 מל,מיליליטרים,750.00,"100 מ""ל",false,1,11.90,1.5867,true,1,210
7290001136362,false,נקה 7 תחליב רחצה אלוורה ארומה ירוק 1 ל',מיוצר בסין.יבוא ושיו,IL,נקה 7 תחליב רחצה אלוורה ותה ירוק 1 ליטר,ליטרים,1.00,ליטר,false,1,14.90,14.9000,true,1,215
7290001136973,false,נקה 7 תחליב רחצה ארומה קמומיל לבן 1 ל',טרופיקל דגיל תעשיות,IL,נקה תחליב 1ל' לבן קמומיל,ליטרים,1.00,ליטר,false,1,14.90,14.9000,true,1,229
7290001201589,false,ביצים אריזון 12 גדול,"מ.לסר בע""מ",IL,ביצים ארוזות12 יח L,לא מנהל יחידת מידה,0.00,לא מנהל יחידת מידה,false,1,12.05,0.0000,true,1,150191
7290001201596,false,ביצים אריזון 12 בינוני,,,ביצים ארוזות12 יח M,לא מנהל יחידת מידה,0.00,לא מנהל יחידת מידה,false,1,11.15,0.0000,true,1,150192
7290001201824,false,תבנית ביצים 12 יח' לארג' אורגני,לסר,IL,אורגני L/12 ביצים,יחידה,12.00,יחידה,false,1,20.90,1.7417,true,1,150195
7290001201862,false,ביצי חופש לארג' 12 יחידות,לסר,IL,חופש 12/L ביצים,לא מנהל יחידת מידה,0.00,לא מנהל יחידת מידה,false,1,19.90,0.0000,true,1,150196
7290001216040,false,טחינה 500 גרם טחינת אל-ארז,דולפין ספא,IL,טחינת אל ארז 500 גרם,גרמים,500.00,100 גרם,false,1,16.90,3.3800,true,1,62607
7290001216057,false,"טחינה גולמית אל ארז 1 ק""ג",טחינה אל ארז,IL,טחינת אל ארז 1 קג,קילוגרמים,1.00,"ק""ג",false,1,32.90,32.9000,true,1,70649
7290001216231,false,טחינה גולמית שומשום מלא אל ארז 500ג',דולפין ספא,IL,טחינה מלאה אל ארז 500 גרם,גרמים,500.00,100 גרם,false,1,17.90,3.5800,true,1,62926
7290001230331,false,סיגריות כאמל בוקס חפ,JTI,,סיגריות כאמל בוקס חפיסה בודד,יחידה,0.00,יחידה,false,1,32.00,0.0000,false,1,14556
7290001230739,false,כאמל קופסא בודדת כחו,JTI,,סיגריות כאמל כחול חפיסה בודד,יחידה,0.00,יחידה,false,1,32.00,0.0000,false,1,20118
7290001231233,false,סיגריות וינסטון בוקס,JTI,,סיגריות וינסטון בוקס חפיסה בודד,Unknown,0.00,Unknown,false,1,34.30,0.0000,false,1,14544
7290001231932,false,ווינסטון כחול בוקס חפיסה,JTI,,סיגריות וינסטון כחול בוקס חפיסה בודד,לא מנהל יחידת מידה,0.00,לא מנהל יחידת מידה,false,1,34.30,0.0000,false,1,14545
7290001234133,false,סיגריות כאמל כתום חפ,JTI,,סיגריות כאמל כתום חפיסה בודד,יחידה,0.00,יחידה,false,1,30.80,0.0000,false,1,35187
7290001235938,false,סיגריות וינסטון כחול,JTI,,סיגריות וינסטון כחול 100 חפיסה בודד,לא מנהל יחידת מידה,0.00,לא מנהל יחידת מידה,false,1,34.30,0.0000,false,1,48072
7290001247068,false,קרטונית נקטר ספרינג תות בננה 1 ליטר,"יפאורה תבורי בע""מ",IL,ספרינג קרטוניות תות בננה 1 ל',ליטרים,1.00,ליטר,false,1,8.60,8.6000,true,1,361
7290001247099,false,קרטונית נקטר ספרינג מנגו 1 ליטר,"יפאורה תבורי בע""מ",IL,ספרינג קרטוניות מנגו 1 ל',ליטרים,1.00,ליטר,false,1,8.60,8.6000,true,1,364
7290001247112,false,קרטונית נקטר ספרינג לימונענע 1 ליטר,"יפאורה תבורי בע""מ",IL,ספרינג קרטוניות לימונענע 1 ל',ליטרים,1.00,ליטר,false,1,8.60,8.6000,true,1,366
7290001247129,false,נקטר ספרינג תפוזים קרטונית 1 ל',"יפאורה תבורי בע""מ",IL,ספרינג קרטוניות תפוזים 1 ל',ליטרים,1.00,ליטר,false,1,8.60,8.6000,true,1,367
7290001247143,false,נקטר ספרינג תפוחים קרטונית 1 ל',"יפאורה תבורי בע""מ",IL,ספרינג קרטוניות תפוחים 1 ל',ליטרים,1.00,ליטר,false,1,8.60,8.6000,true,1,369
7290001247723,false,"ספרינג נקטר תות בננה פחית 330 מ""ל",יפאורה תבורי בעמ,IL,"ספרינג נקטר תות בננה פחית 330 מ""ל",מיליליטרים,330.00,"100 מ""ל",false,1,5.50,1.6667,true,1,22853
7290001302279,false,אוסם - במבה קלאסי 60 גרם,מיוצר עי קונדיטוריית,IL,במבה קלאסי כלפ.48*60גרם,גרמים,60.00,100 גרם,false,1,4.90,8.1667,true,1,101740
7290001305058,false,"פלמוליב - נטורלס תחליב רחצה חלב ודבש 500 מ""ל",הנסיך- מפעל לייצור ט,TR,פלמוליב סבון נוזלי חלב ודבש 750 מל,מיליליטרים,500.00,"100 מ""ל",false,1,19.90,3.9800,true,1,438
7290001305188,false,פלמוליב כלים שקוף לימון 750 בקבוק חדש,יבואן ומשווק: ש. שסט,GR,פלמוליב נוזל לניקוי כלים בריח לימון (כתום) 750 מל,מיליליטרים,750.00,"100 מ""ל",false,1,11.90,1.5867,true,1,441
7290001327180,false,שטראוס קרמיסימו וניל ציפ 1.33 ליטר,"גלידת שטראוס בע""מ, ר",IL,גלידה קרמיסימו וניל צ'יפ 1.33 ל',ליטרים,1.33,ליטר,false,1,26.90,20.2256,true,1,456
7290001327791,false,גלידת קרמיסימו וניל עוגיות חלבי,"גלידת שטראוס בע""מ, ר",IL,גלידה קרמיסימו וניל עוגיות 1.33 ל',ליטרים,1.33,ליטר,false,1,26.90,20.2256,true,1,460
7290001361009,false,עוגת טורט קייבסקי,האי נאם סי או אל.טי.,IL,עוגת טורט קייבסקי 700 גרם,גרמים,700.00,100 גרם,false,1,79.90,11.4143,true,1,505
7290001361016,false,עוגת גינגי שכבות בצק,GS עבור נטו מלינדה ס,IL,עוגת גינגי שכבות בצק דבש וקרם פטיסייר,גרמים,600.00,100 גרם,false,1,39.90,6.6500,true,1,506
7290001361054,false,אקלרים פטיסייר (600 ג'),אף.סי תבליני בגליל ב,IL,פחזניות אקלרים 600 גרם,גרמים,600.00,100 גרם,false,1,42.90,7.1500,true,1,508
7290001361061,false,פחזניות בציפוי שוקולד 600 גרם,"נטלי פלוס בע""מ",IL,אקלרים שוקולד 600 גר,גרמים,600.00,100 גרם,false,1,42.90,7.1500,true,1,153187
7290001361085,false,עוגת נפוליאון 600 גר,אף.סי תבליני בגליל ב,IL,נטלי קרם שניט נפוליאון 600 גרם,גרמים,600.00,100 גרם,false,1,42.90,7.1500,true,1,510
7290001361092,false,עוגה פיצוץ 400 גרם,GS עבור נטו מלינדה ס,IL,נטלי עוגת פיצוץ 400 גרם,גרמים,400.00,100 גרם,false,1,42.90,10.7250,true,1,511
7290001361153,false,עוגה פיצוץ גדולה,,,"עוגה פיצוץ גדולה 1000 ק""ג",קילוגרמים,1.10,"ק""ג",false,1,110.00,100.0000,true,1,43329
7290001361177,false,פס דובדבנים 650 ג',יושלם,,עוגת דובדבנים 650 ג,גרמים,650.00,100 גרם,false,1,49.90,7.6769,true,1,52195
7290001361207,false,פס אוכמניות 650 ג',,,"עוגת אוכמניות 650 ג """,גרמים,650.00,100 גרם,false,1,49.90,7.6769,true,1,50471
7290001361276,false,כדורי שוקולד 400 גר',נטלי,,כדורי שוקולד 400 ג,גרמים,400.00,100 גרם,false,1,29.90,7.4750,true,1,127710
7290001361450,false,עוגת מותק - ריבת חלב 650 ג',,,עוגת מותק - ריבת חלב (650 גרם),גרמים,650.00,100 גרם,false,1,82.00,12.6154,true,1,58206
7290001361733,false,פס אלפחורס נטלי 550 גרם,נטלי פלוס בעמ,IL,פס אלפחורס נטלי 550 גר,גרמים,550.00,100 גרם,false,1,44.90,8.1636,true,1,153192
7290001361894,false,פס טראפלס שוקולד 450 ג',,,פס טראפלס שוקולד (450 גרם),גרמים,450.00,100 גרם,false,1,42.90,9.5333,true,1,143525
7290001361931,false,פחזניות במילוי גבינה (350 ג'),האי נאם סי או אל.טי.,IL,פחזניות במילוי גבינה 350 גרם,גרמים,350.00,100 גרם,false,1,36.90,10.5429,true,1,112924
7290001361979,false,פס גבינה פירורים ללא סוכר 450 ג',נטלי,,עוגת פס מוס גבינה ללא תוספת סוכר 450 גרם,גרמים,450.00,100 גרם,false,1,39.90,8.8667,true,1,92437
7290001407769,false,טחינה גולמית שומשום מלא בארכה 500ג',רושדי תעשיות מזון בע,IL,בארכה טחינה עם שומשום מלא 12*500גרם,גרמים,500.00,100 גרם,false,1,17.90,3.5800,true,1,38205
7290001407813,false,חלבה שאמית פיסטוק בקטנה בארכה 350ג',רושדי תעשיות מזון בע,IL,בארכה חלבה שאמית וניל עם פסטק.כלפ8*350ג,גרמים,350.00,100 גרם,false,1,15.90,4.5429,true,1,38297
7290001407820,false,חלווה שאמית וניל קלאסית בארכה 350ג',רושדי תעשיות מזון בע,IL,בארכה חלבה שאמית קלאסית 350 גרם,גרמים,350.00,100 גרם,false,1,15.90,4.5429,true,1,38298
7290001407844,false,חלווה קלאסית וניל בארכה 350גר,רושדי תעשיות מזון בע,IL,בארכה חלבה קלאסית וניל 350 גרם,גרמים,350.00,100 גרם,false,1,15.90,4.5429,true,1,38300
7290001407936,false,בארכה-טחינה גולמית מעודנת בקבוק לחיץ 310 ג',רושדי תעשיות מזון בע,IL,בארכה טחינה מעודנת 12*310גרם,גרמים,310.00,100 גרם,false,1,13.90,4.4839,true,1,113336
7290001419618,false,וופל בלגי עלמה שחור לבן וניל 200ג',"גילרו בע""מ",IL,ופלים בלגי שוקולד עלמה 200 גרם,גרמים,200.00,100 גרם,false,1,3.90,1.9500,true,1,66233
7290001419779,false,וופל שוקו' עלמה קלאסי 200 גר,"גילרו בע""מ",IL,ופלים שוקולד עלמה 200 גרם,גרמים,200.00,100 גרם,false,1,3.90,1.9500,true,1,36902
7290001419793,false,גביעי גלידה מגולגל עלמה גילרו 30 יח',"גילרו בע""מ",IL,גביעי גלידה מגולגלים 12 יח,גרמים,132.00,100 גרם,false,1,11.90,9.0152,true,1,47927
7290001419892,false,וופל קלאסי לימון 200 ג' עלמה,"גילרו בע""מ",IL,ופלים לימון עלמה 200 גרם,גרמים,200.00,100 גרם,false,1,3.90,1.9500,true,1,49307
7290001427132,false,"מיץ רימונים טבעי 500 מ""ל קשת",קשת מיצים טבעיים,IL,רימונים טבעי,מיליליטרים,500.00,"100 מ""ל",false,1,22.90,4.5800,true,1,62426
7290001455241,false,סלמון פילה נורבגי 1.,LEROY,NO,סלמון פילה נורבגי 1.8-2.2 לקג,קילוגרמים,1.00,"ק""ג",true,,89.90,89.9000,true,1,148466
7290001455302,false,"פילה טונה פרוס בואקום בד""ץ",בלאדי,IL,טונה פילה פרוס בוואקום,קילוגרמים,1.00,"ק""ג",true,,42.90,42.9000,true,1,147222
7290001468753,false,קמח תפוחי אדמה 500 ג' נאמן,תבליני ביטון,IL,קמח תפוח אדמה נאמן כשלפ 500 גרם,גרמים,500.00,100 גרם,false,1,6.50,1.3000,true,1,154712
7290001482094,false,גבינה פרמז'נו משולשים ויליפוד 200ג',זנטי אס. אי לאלין,IT,גבינת פרמזן משולשים 200 גרם,גרמים,200.00,100 גרם,false,1,25.90,12.9500,true,1,68071
7290001482186,false,אננס חתוך בסירופ קל וילי פוד 565 גר,הנסיך- מפעל לייצור ט,TH,ויליפוד חתיכות אננס בסירופ קל 565 גרם,גרמים,567.00,100 גרם,false,1,5.90,1.0406,true,1,111056
7290001482384,false,אננס חתוך 227 גרם ויליפוד,וילי פוד,TH,לפתן אננס חתוך פתח קל 227 גרם,גרמים,227.00,100 גרם,false,1,4.50,1.9824,true,1,50810
7290001491010,false,תה ירוק יסמין 25 שקיקים 1.5 גרם,תה ויסוצקי,IL,תה ירוק עם יסמין T.T,גרמים,37.00,100 גרם,false,1,25.90,70.0000,true,1,658
7290001491096,false,תה ירוק בתוספת לימונית ולואיזה 50 שקיקים ויסוצקי,תה ויסוצקי,IL,תה ירוק לימונית ולואיזה ויסוצקי 50 יחידו,גרמים,75.00,100 גרם,false,1,46.90,62.5333,true,1,661
7290001507360,false,חטיף אובלטים אורגניים עם כוסמין 100 גר,השדה מוצרים טבעיים ו,IL,אובלטים כוסמין בתוספת שומשום,גרמים,100.00,100 גרם,false,1,12.90,12.9000,true,1,116248
7290001567760,false,פסטרמה של פעם 300 ג' יחיעם,מעדני יחיעם,IL,יחיעם פסטרמה של פעם 300 גרם,גרמים,300.00,100 גרם,false,1,25.90,8.6333,true,1,113442
7290001567807,false,כתף בקר מעושן 250 ג' יחיעם,מעדני יחיעם,IL,כתף בקר מעושן יחיעם 250 גרם,גרמים,250.00,100 גרם,false,1,28.90,11.5600,true,1,117754
7290001567814,false,סלמי מעושן בסגנון איטלקי 300 ג' יחיעם,מעדני יחיעם,IL,יחיעם סלמי מעושן בסגנון איטלקי 300 גרם,גרמים,300.00,100 גרם,false,1,22.90,7.6333,true,1,113445
7290001591673,false,"קניידלך מקמח תפו""א שלושת האופים 500 גרם",שלושת האופים,IL,"קניידלך מקמח תפו""א שלושת האופים 500 גר",גרמים,500.00,100 גרם,false,1,19.90,3.9800,true,1,154645
7290001591680,false,קניידלך מקמח מצה שלושת האופים 500 גרם,שלושת האופים,IL,קניידלך מקמח מצה שלושת האופים 500 גרם,גרמים,500.00,100 גרם,false,1,19.90,3.9800,true,1,154644
7290001594155,false,קוקה קולה 500 מל פקד,החברה המרכזית לייצור,IL,"קוקה קולה 500 מ""ל",מיליליטרים,500.00,"100 מ""ל",false,1,7.50,1.5000,true,1,783
7290001594179,false,פאנטה אורנג 0.5 חייב פקדון,החברה המרכזית לייצור,IL,"פאנטה אורנג' 500 מ""ל",מיליליטרים,500.00,"100 מ""ל",false,1,7.50,1.5000,true,1,785
7290001594186,false,דיאט קוקה קולה בקבוק 500מל,החברה המרכזית לייצור,IL,"דיאט קוקה קולה 500 מ""ל",מיליליטרים,500.00,"100 מ""ל",false,1,7.50,1.5000,true,1,786
7290001594230,false,"קינלי סודה בקבוק 250 מ""ל",החברה המרכזית לייצור,IL,"קינלי סודה 250 מ""ל",מיליליטרים,250.00,"100 מ""ל",false,1,5.90,2.3600,true,1,788
7290001594377,false,פריגת תפוזים 0.5 ליטר חייב בפקדון,מבשלות בירה בינלאומי,IL,פריגת משקה קל תפוזים 500 מל,מיליליטרים,500.00,"100 מ""ל",false,1,7.90,1.5800,true,1,789
7290001594384,false,פריגת אשכוליות 0.5 ליטר חייב בפקדון,מבשלות בירה בינלאומי,IL,"פריגת משק""ל אשכוליות 0.5 ליטר",מיליליטרים,500.00,"100 מ""ל",false,1,7.90,1.5800,true,1,790
7290001594391,false,פריגת ענבים 0.5 ליטר חייב בפקדון,מבשלות בירה בינלאומי,IL,משקה קל פירות ענבים תפוחים 500 מל,מיליליטרים,500.00,"100 מ""ל",false,1,7.90,1.5800,true,1,791
7290001594520,false,"בירה טובורג בקבוק 330מ""ל",מבשלות בירה בינלאומי,IL,"טובורג בק 330 מ""ל פקדון",מיליליטרים,330.00,"100 מ""ל",false,1,9.50,2.8788,true,1,12253
7290001594568,false,"בירה קרלסברג פחית 500 מ""ל",מבשלות בירה בינלאומי,RO,קלסברג בירה 500 מל,מיליליטרים,500.00,"100 מ""ל",false,1,9.90,1.9800,true,1,794
7290001594575,false,"בירה טובורג פחית 500 מ""ל",מבשלות בירה בינלאומי,IL,"טובורג רד פחית 500 מ""ל",מיליליטרים,500.00,"100 מ""ל",false,1,9.90,1.9800,true,1,795
7290001594803,false,"בירה טובורג גרין מארז 330X6מ""ל",קרלסברג ישראל,,"בירה טובורג"" גרין ""בקבוק 1/6",ליטרים,1.98,ליטר,false,1,32.90,16.6162,true,1,796
7290001594858,false,"טובורג רד שישייה בקבוק 330 מ""ל",קרלסברג ישראל,IL,"בירה טובורג רד שישייה בקבוק 330 מ""ל",ליטרים,1.98,ליטר,false,1,36.90,18.6364,true,1,801
7290001594865,false,"קרלסברג בירה בקבוק 6* 330 מ""ל",קרלסברג ישראל,IL,"בירה קרלסברג מארז שישייה בקבוק 330 מ""ל",ליטרים,1.98,ליטר,false,1,36.90,18.6364,true,1,802
7290001641736,false,"פילה אמנון ללא עור בד""ץ עד""ח",דלידג,IL,פילה אמנון 5-7 עם פס עור עור,קילוגרמים,1.00,"ק""ג",true,,28.90,28.9000,true,1,149246
7290001664407,false,שריר הזרוע מצונן,יושלם,,שריר הזרוע מצונן,קילוגרמים,1.00,"ק""ג",true,,69.90,69.9000,true,1,53275
7290001670057,false,כפיות לבן 100 יחידות,הנמל אריזות ושיווק ב,IL,הנמל כפיות לבן 100 יחידות,Unknown,0.00,Unknown,false,1,12.90,0.0000,true,1,17838
7290001670071,false,כפות חד פעמי לבן 100 יח',הנמל אריזות ושיווק ב,IL,הנמל כפות לבן 100 יחידות,Unknown,0.00,Unknown,false,1,15.90,0.0000,true,1,12949
7290001670224,false,מלית פרג 400 גרם פוליבה,"פוליבה בע""מ",IL,פוליבה מלית פרג 400 גרם,גרמים,400.00,100 גרם,false,1,13.90,3.4750,true,1,17843
7290001670408,false,נרות חימום בשקית 50 יח`,לחמנו,CN,נרות במעטפת מתכתית 50 יח`,Unknown,0.00,Unknown,false,1,12.90,0.0000,true,1,16027
7290001670507,false,מלית תמרים פוליבה 450 ג',"פוליבה בע""מ",IL,הנמל ממרח תמרים 450 גרם,גרמים,450.00,100 גרם,false,1,8.90,1.9778,true,1,50864
7290001670668,false,שקיות הקפאה לקרח הנמ,"איטיליאן פוד, אס.פי.",TR,הנמל שקיות להכנת קרח 12 יחידות,Unknown,0.00,Unknown,false,1,4.90,0.0000,true,1,23739
7290001670842,false,מלית חלווה פוליבה 400 ג',"פוליבה בע""מ",IL,פוליבה מלית חלבה 400 גרם,גרמים,400.00,100 גרם,false,1,13.90,3.4750,true,1,826
7290001670873,false,"צלחות גדולות לבנות קשיח ח""פ הנמל 66יח'",הנמל אריזות ושיווק ב,IL,צלחות עבות במיוחד 66 יחידות,קילוגרמים,1.00,"ק""ג",false,1,54.90,54.9000,true,1,12950
7290001710111,false,נקניקיות מרגז ארוז 5,לאטי עזרא גלם ודגים,IL,נקניקיות מרגז 500 גר,גרמים,500.00,100 גרם,false,1,26.90,5.3800,true,1,81593
7290001710128,false,מעדני הטלה נקניקיות,מעדני הטלה,,"נקניקיות צ""וריסוס 500 גר",גרמים,500.00,100 גרם,false,1,26.90,5.3800,true,1,81592
7290001710135,false,סטייק עוף מעדני הטלה,מעדני הטלה,IL,"סטייק עוף מעדני הטלה לק""ג",קילוגרמים,1.00,"ק""ג",true,,29.90,29.9000,true,1,55267
7290001710159,false,גולש עגל קפוא ארוז מ,לאטי עזרא גלם ודגים,,"גולש עגל ארוז לק""ג",קילוגרמים,1.00,"ק""ג",true,,54.00,54.0000,true,1,60872
7290001710333,false,טבעות עגל ארוז ואקום,מעדני הטלה והעגל,,"טבעות עגל ארוז ואקום לק""ג",קילוגרמים,1.00,"ק""ג",true,,64.90,64.9000,true,1,81566
7290001710357,false,עוף שלם קפוא,לאטי עזרא,,"עוף שלם קפוא לק""ג",קילוגרמים,1.00,"ק""ג",true,,30.00,30.0000,true,1,89922
7290001710548,false,כנפיים עוף קפוא לקג,לאטי עזרא,,כנפיים עוף קפוא לקג,קילוגרמים,1.00,"ק""ג",true,,12.90,12.9000,true,1,87820
7290001710623,false,בשר בקר מוכשר מס 5,מעדני הטלה והעגל,IL,צלי כתף עגל חצוי קג,קילוגרמים,1.00,"ק""ג",true,,65.90,65.9000,true,1,68564
7290001710661,false,חזה עוף קפוא,מעדני הטלה והעגל,,חזה עוף קפוא קג,קילוגרמים,1.00,"ק""ג",true,,34.90,34.9000,true,1,87821
7290001710784,false,נקניקיות צ'וריסוס מע,מעדני הטלה,,"מיני צ""וריסוס 500 גר """,גרמים,500.00,100 גרם,false,1,29.90,5.9800,true,1,89828
7290001710814,false,טחון בקר 500 גר,מעדני הטלה,,"טחון בקר 500 גר """,גרמים,500.00,100 גרם,false,1,26.90,5.3800,true,1,84501
7290001710869,false,"שניצל עוף קפוא לק""ג",לאטי עזרא,,"שניצל עוף קפוא לק""ג",קילוגרמים,1.00,"ק""ג",true,,47.00,47.0000,true,1,81393
7290001713105,false,עלמה נייר אפיה 42*37 50 יח',קומפלקס כימיקלים,IL,עלמה נייר אפייה 50 יחידות,יחידה,50.00,יחידה,false,1,8.90,0.1780,true,1,155929
7290001713150,false,סנט מוריץ מתז אקונומיקה Bleach קצף לימון 1 ליטר,"קומפלקס כימיקלים בע""",IL,אקונומיקה קצף לניקוי לימון סנט מוריץ 1 ל,ליטרים,1.00,ליטר,false,1,12.90,12.9000,true,1,155930
7290001713167,false,סנט מוריץ - מרסס קצף ניקוי 1 ליטר סניטרי אפור,"קומפלקס כימיקלים בע""",IL,קצף לניקוי 1 ליטר,ליטרים,1.00,ליטר,false,1,12.90,12.9000,true,1,155931
7290001713228,false,מנקה רצפות סופר מבושם כחול 2.5 ל',ABC,TR,נוזל רצפות סופר מבושם כחול 2.5 ליטר,ליטרים,2.50,ליטר,false,1,14.90,5.9600,true,1,155933
7290001713242,false,עלמה שקיות אשפה 25 יחידות 75*90 עם ידית,אסיר פלסט,TR,עלמה שקיות אשפה 25 יחידות 75 90 עם ידית,יחידה,25.00,יחידה,false,1,12.90,0.5160,true,1,155935
7290001713464,false,עלמה שקיות אשפה 100 יחידות 52*65 עם שרוך,קומפלקס כימיקלים,IL,עלמה שקיות אשפה 100 יחידות 52 65 עם שרוך,יחידה,100.00,יחידה,false,1,21.90,0.2190,true,1,156626
7290001713518,false,"סנט מוריץ נוזל לניקוי רהיטים 750 מ""ל",קומפלקס כימיקלים,IL,תרסיס לניקוי רהיטים 750 מל,מיליליטרים,750.00,"100 מ""ל",false,1,16.90,2.2533,true,1,156004
7290001713785,false,מרכך כביסה פיור בייבי כחול 1ליטר,"קומפלקס כימיקלים בע""",TR,מרכך כביסה פיור בייבי כחול 1 ליטר,ליטרים,1.00,ליטר,false,1,11.90,11.9000,true,1,155940
7290001713815,false,PURE מרכך כביסה בניחוח מלון מפנק 1 ליטר,"קומפלקס כימיקלים בע""",TR,מרכך כביסה מרוכז בניחוח בית מלון מפנק 1,ליטרים,1.00,ליטר,false,1,11.90,11.9000,true,1,155941
7290001713884,false,עלמה מטליות מיקרופייבר שלישייה לרצפה,קומפלקס כימיקלים,CN,עלמה מיקרופייבר מטליות רצפה שלישייה,יחידה,3.00,יחידה,false,1,14.90,4.9667,true,1,155943
7290001713891,false,עלמה מיקרופייבר חמישייה לניקוי חמישייה סנט מוריץ,קומפלקס כימיקלים,CN,עלמה מיקרופייבר לניקוי שיש חמישייה,יחידה,5.00,יחידה,false,1,9.90,1.9800,true,1,155944
7290001713907,false,בלנקו ג'ל אקונומיקה סמיכה 4 ליטר,קומפלקס כימיקלים,IL,בלנקו גל אקונומיקה סמיכה בניחוח לימון 4,ליטרים,4.00,ליטר,false,1,13.90,3.4750,true,1,155945
7290001713921,false,אקונומיקה bleach מבושמת 4 ל' סנט מוריץ,"קומפלקס כימיקלים בע""",IL,אקונומיקה מבושמת סנט מוריץ 4 ליטר,ליטרים,4.00,ליטר,false,1,11.90,2.9750,true,1,155946
7290001713938,false,ניילון נצמד 150 מטר קומפלקס,קומפלקס כימיקלים,IL,עלמה ניילון נצמד 150 מטר,מטרים,150.00,מטר,false,1,18.90,0.1260,true,1,156147
7290001723357,false,מוצץ סיליקון אורטודנ,הדקלאים אגודת שיתופי,DE,טוליפס 2 מוצצי סיליקון אורטודנטי בינוני עם ידיות,Unknown,0.00,Unknown,false,1,25.90,0.0000,true,1,121666
7290001723364,false,מוצץ סיל' אורט' ידית קצר-זוג-מרכז.,Nx,DE,מוצץ סילי אורטודנטי ידית קצר,Unknown,0.00,Unknown,false,1,26.90,0.0000,true,1,16385
7290001726037,false,קרואסון ביס טעם נוגט,בונז'ור,,"קרואסון ביס בטעם נוגט לק""ג",קילוגרמים,1.00,"ק""ג",true,,34.90,34.9000,true,1,113026
7290001780428,false,מאגדת גלידת לייט שוקולד נסטלה 6יח' 312ג',גלידות נסטלה (נגה גל,IL,נסטלה שלגון לייט שוקולד מאח בדצ.6 6*52ג,גרמים,312.00,100 גרם,false,1,27.90,8.9423,true,1,16723
7290001780800,false,שלגון קראנץ ליבת נוגט שוקולד,נסטלה גלידות,IL,שלגון קראנץ ליבת נוגט,Unknown,0.00,Unknown,false,1,10.50,0.0000,true,1,22340
7290001791349,false,אקונומיקה פסגה ריחנית 4ליטר,"סנו מפעלי ברונוס בע""",IL,אקונומיקה ריחנית פיסגה 4 ליטר,ליטרים,4.00,ליטר,false,1,11.90,2.9750,true,1,42106
7290001791776,false,"סנו - די רולאון דוחה יתושים אלוורה 50 מ""ל",גוד פוד פרודקטס S.p,IL,סנו די פלוס אלוורה כדורית 50 מל,מיליליטרים,50.00,"100 מ""ל",false,1,19.90,39.8000,true,1,41791
7290001817377,false,צ'יטוס חטיף איקס עיגול פיצה 60 גרם,"שטראוס פריטו ליי בע""",IL,ציטוס איקס עיגול 60 גר 40 יח,גרמים,60.00,100 גרם,false,1,3.50,5.8333,true,1,956
7290001817728,false,צ'יטוס חטיף כאפה קטשופ 55 גרם,"שטראוס פריטו ליי בע""",IL,"חטיף צ""יטוס כאפה 55 גר",גרמים,55.00,100 גרם,false,1,3.50,6.3636,true,1,957
7290001865439,false,פמלי לקשרי 1ליטר וניל טהור +משאבה,אף.סי תבליני בגליל ב,IL,פמילי אל סבון נוזלי בניחוח וניל טהור 1 ליטר,ליטרים,1.00,ליטר,false,1,14.90,14.9000,true,1,995
7290001865453,false,פמלי לקשרי 1ליטר לבנדר ארומטי+משאבה,מיוצר עי קונדיטוריית,TR,פמילי אל סבון נוזלי לבנדר ארומטי 1 ליטר,ליטרים,1.00,ליטר,false,1,14.90,14.9000,true,1,997
7290001873441,false,המבורגר בלאק אנגוס 3,טיבון ויל אחזקות בעמ,IL,המבורגר BLACK ANGUS 320 גרם,גרמים,320.00,100 גרם,false,1,29.90,9.3437,true,1,145273
7290001873458,false,סטייק בורגר בלאק אנג,מולינו ניקולי s.p.a,IL,סטייק בורגר black angus 320 גרם,גרמים,320.00,100 גרם,false,1,29.90,9.3437,true,1,145274
7290001873472,false,קבב בלאק אנגוס 320גר,טיבון ויל אחזקות בעמ,IL,קבב BLACK ANGOS 320 גרם,גרמים,320.00,100 גרם,false,1,29.90,9.3437,true,1,145517
7290001881224,false,אננס חתוך לקוביות קפ,מאמא מרי,IL,אננס קפוא 300 גרם,גרמים,300.00,100 גרם,false,1,14.90,4.9667,true,1,125648
7290001929889,false,מיקס פירות יבשים 600,דין שיווק וקלייה בעמ,,מיקס פירות יבשים 600 גרם,גרמים,600.00,100 גרם,false,1,39.90,6.6500,true,1,96200
7290001990117,false,שומשום סוגת 100 גרם,האי נאם סי או אל.טי.,IL,שומשום 100 גר',גרמים,100.00,100 גרם,false,1,4.20,4.2000,true,1,41844
7290001990148,false,"סוכר גולדן קלאסי צנצנת 1ק""ג סוגת",האי נאם סי או אל.טי.,IL,סוכר גולדן קלאסי צנצנת 1 קג,קילוגרמים,1.00,"ק""ג",false,1,11.50,11.5000,true,1,16443
7290002000136,false,שעווה לחימום במיקרוגל - דבש ופרופוליס,ש. שוורץ (באר שבע) ב,IL,551שעווה למיקרו מגע משי הדבש 500 גרם,גרמים,500.00,100 גרם,false,1,21.70,4.3400,true,1,1146
7290002000143,false,"חדש -פנג'ל ק.ידיים קלאסיק 80מ""ל",מיוצר עי קונדיטוריית,IL,פנג'ל קרם ידיים קלאסיק 80 מל,מיליליטרים,80.00,"100 מ""ל",false,1,8.80,11.0000,true,1,1147
7290002000266,false,שעווה לחימום במיקרוגל - דבש ותפוח,המאפיה של הרמן,IL,מגע המשי התפוח- שעווה לחימום במיקרוגל 500 גרם,גרמים,500.00,100 גרם,false,1,21.70,4.3400,true,1,1148
7290002002857,false,ניירות להסרת שיער בשעווה 50 יחידות,"איטיליאן פוד, אס.פי.",IL,נייר מגע המשי להסרת שיער 50 יח,יחידה,1.00,יחידה,false,1,21.90,21.9000,true,1,1173
7290002007180,false,קמח תירס 500 ג' הנמל,הנמל אריזות ושיווק ב,IL,הנמל קמח תירס 500 גר' - מרובע,גרמים,500.00,100 גרם,false,1,5.90,1.1800,true,1,52740
7290002007241,false,סודה לשתיה 50 ג' הנמל,ר.ס. חברה ליבוא ויצו,IL,סודה לשתייה 50גרם הנמל,גרמים,50.00,100 גרם,false,1,2.00,4.0000,true,1,1182
7290002007302,false,סוכריות לקישוט צבע אחיד 100 ג' הנמל,הנמל,,סוכריות מזרה לעוגה אחיד,Unknown,0.00,Unknown,false,1,5.50,0.0000,true,1,1183
7290002007487,false,צמר פלדה הנמל 100 גר,"איטיליאן פוד, אס.פי.",IL,הנמל צמר פלדה 100 גרם,יחידה,1.00,יחידה,false,1,4.90,4.9000,true,1,60596
7290002007500,false,קיסמי שיניים במבוק בחבית 500 יח',הנמל אריזות ושיווק ב,CN,קסמים חבית 500 יחידות,לא מנהל יחידת מידה,0.00,לא מנהל יחידת מידה,false,1,4.90,0.0000,true,1,1188
7290002007746,false,"צבע מאכל כחול 55 מ""ל הנמל",הנמל אריזות ושיווק ב,IL,הנמל צבע מאכל כחול 55 מל,יחידה,1.00,יחידה,false,1,3.90,3.9000,true,1,57344
7290002007821,false,"צבע מאכל אדום 55 מ""ל",ממתקי עלה ייצור שיוו,IL,"צבע מאכל אדום 55 מ""ל",מיליליטרים,55.00,"100 מ""ל",false,1,3.90,7.0909,true,1,16241
7290002007852,false,"תמצית אפייה בטעמים שונים 55 מ""ל הנמל",ממתקי עלה יצור ושיוו,IL,הנמל תמצית בטעם וניל 55 מל,מיליליטרים,55.00,"100 מ""ל",false,1,3.50,6.3636,true,1,1190
7290002007890,false,כוסות שתייה קרה 100 יח` 200 PP מל`,אריזות מדף - פלזית,IL,כוס שתיה קרה 100 יח,יחידה,100.00,יחידה,false,1,11.90,0.1190,true,1,1192
7290002007982,false,מזלגות חד פעמי 100 יח',הנמל אריזות ושיווק ב,IL,"הנמל מזלגות, 100 יחידות",Unknown,0.00,Unknown,false,1,15.90,0.0000,true,1,12959
7290002008019,false,סוכריות לקישוט גמבו שוקו 200 ג' הנמל,ממתקי עלה יצור ושיוו,IL,הנמל סוכריות לקישוט שוקולד 200 גרם,גרמים,200.00,100 גרם,false,1,9.50,4.7500,true,1,28248
7290002008057,false,"תמצית אפייה בטעם רום 55 מ""ל הנמל",ממתקי עלה יצור שיווק,IL,הנמל תמצית אפייה בטעם רום 55 מל,מיליליטרים,55.00,"100 מ""ל",false,1,3.90,7.0909,true,1,1195
7290002008071,false,עטרות חום 2 מספר הנמל,הנמל אריזות ושיווק ב,IL,הנמל עטרות נייר אפייה מספר 2 130 יחידות,לא מנהל יחידת מידה,0.00,לא מנהל יחידת מידה,false,1,4.90,0.0000,true,1,1196
7290002008088,false,"צבע מאכל צהוב 55 מ""ל הנמל",הנמל אריזות ושיווק ב,IL,הנמל צבע מאכל צהוב 55 מל,Unknown,0.00,Unknown,false,1,3.90,0.0000,true,1,64080
7290002008149,false,מדליק פחם מוצק הנמל אריזת 40יח',מ.א.יצור ויבוא מטליו,IL,"הנמל מדליק פחם מוצק, 40 יחידות",Unknown,0.00,Unknown,false,1,7.90,0.0000,true,1,1198
7290002008187,false,קשים לשתיה מתקפלים 40 יח',"איטיליאן פוד, אס.פי.",CN,קשים מתקפלים לשתיה 40 יח,לא מנהל יחידת מידה,0.00,לא מנהל יחידת מידה,false,1,1.90,0.0000,true,1,1199
7290002008231,false,"אציטון 100 מ""ל",מעבדות גרינפארם,IL,אציטון 100 מל,מיליליטרים,100.00,"100 מ""ל",false,1,4.90,4.9000,true,1,81522
7290002008309,false,עטרות נייר חום לעוגה מס' 4 הנמל 130יח',הנמל אריזות ושיווק ב,IL,"הנמל עטרות נייר אפייה מספר 4 , 130 יח'",לא מנהל יחידת מידה,0.00,לא מנהל יחידת מידה,false,1,5.90,0.0000,true,1,1203
7290002008361,false,דפים לסנדויץ 200 יחידות,הנמל אריזות ושיווק (,IL,הנמל דפים לסנדוויץ 200 יחידות,יחידה,200.00,יחידה,false,1,13.90,0.0695,true,1,85596
7290002008491,false,סוכריות לקישוט שוקולד 100 ג' הנמל,ממתקי עלה יצור שיווק,IL,הנמל סוכריות לקישוט בטעם שוקולד 100 גרם,גרמים,100.00,100 גרם,false,1,5.50,5.5000,true,1,1207
7290002008620,false,"צבע מאכל ירוק 55 מ""ל הנמל",ממתקי עלה יצור שיווק,IL,הנמל צבע מאכל ירוק 55 גרם,Unknown,0.00,Unknown,false,1,3.90,0.0000,true,1,64081
7290002008651,false,קמח תפוח אדמה 500 ג' הנמל,ר.ס. חברה ליבוא וייצ,IL,הנמל קמח תפוח אדמה 500,גרמים,500.00,100 גרם,false,1,6.90,1.3800,true,1,82567
7290002008743,false,סוכר וניל 10*10 ג' הנמל,"מיוצר וארוז ע""י: ר.ס",IL,הנמל סוכר וניל 10 יחידות,גרמים,100.00,100 גרם,false,1,3.00,3.0000,true,1,1210
7290002008750,false,אבקת אפיה הנמל מארז 10X10 ג',"מיוצר ע""י:ר.ס. חברה",IL,הנמל אבקת אפיה 10 יחידות,גרמים,100.00,100 גרם,false,1,2.90,2.9000,true,1,1211
7290002008828,false,סוכריות שוקולד לבן ג'מבו לקישוט הנמל 200ג' בדצ,ממתקי עלה ייצור שיוו,IL,הנמל סוכריות לקישוט שחור לבן 200 גרם,גרמים,200.00,100 גרם,false,1,9.90,4.9500,true,1,28249
7290002008835,false,מגן כיריים,מיוצר בסין.יבוא ושיו,CN,הנמל מגן כיריים אלומיניום 4 יחידות,Unknown,0.00,Unknown,false,1,5.90,0.0000,true,1,1212
7290002008927,false,סוכריות לקישוט שוקו לבן 100 ג' הנמל,ממתקי עלה יצור שיווק,IL,הנמל סוכריות לקישוט שחור-לבן 100 גרם,Unknown,0.00,Unknown,false,1,5.50,0.0000,true,1,57424
7290002008989,false,קישקשים קשים לשתיה 225יח הנמל,הנמל אריזות ושיווק ב,CN,הנמל קישקשים 225 יחידות,לא מנהל יחידת מידה,0.00,לא מנהל יחידת מידה,false,1,10.90,0.0000,true,1,15297
7290002012016,false,לחם אחיד אורנים 750 גר,מאפיית אנג'ל,,לחם אחיד 750 גרם,גרמים,750.00,100 גרם,false,1,5.12,0.6827,true,1,14336
7290002012139,false,חלה רגילה,מאפיית אנג'ל,,חלה רגילה אנגל 500 גרם,לא מנהל יחידת מידה,0.00,לא מנהל יחידת מידה,false,1,5.17,0.0000,true,1,14649
7290002019787,false,רוטב עגבניות מרוכז מאוד 260 גרם פריניר,פריניר ( הדס 1987) ב,IL,רוטב עגבניות מרוכז,גרמים,260.00,100 גרם,false,1,4.90,1.8846,true,1,1246
7290002019794,false,רוטב עגבניות מרוכז מאוד 100 גרם פריניר,פריניר ( הדס 1987) ב,IL,רסק עגבניות 22% פרי ניר 100 גרם,גרמים,100.00,100 גרם,false,1,2.50,2.5000,true,1,1247
7290002026303,false,"גלידת שורטי דולצה דה לצה 150 מ""ל",מוצרי איכות אמריקאיי,IL,"דולצ'ה דה לצ'ה 150 מ""ל - שורטי",מיליליטרים,150.00,"100 מ""ל",false,1,10.90,7.2667,true,1,1254
7290002026341,false,צ'יפס אריסטו רגיל שקיות רשת,האי נאם סי או אל.טי.,CA,צ'יפס אריסטו רגיל שקיות רשת,גרמים,500.00,100 גרם,false,1,16.90,3.3800,true,1,107697
7290002026358,false,צ'יפס אריסטו זיג זג שקיות רשת,האי נאם סי או אל.טי.,CA,צ'יפס אריסטו זיג זג שקיות רשת,גרמים,500.00,100 גרם,false,1,16.90,3.3800,true,1,107696
7290002026365,false,טבעות בצל אריסטו קראנץ 500 ג',היידי שוקולד בירונטי,IL,טבעות בצל אריסטו קראנץ 500 גרם,גרמים,500.00,100 גרם,false,1,10.90,2.1800,true,1,107695
7290002026372,false,טילון בצק עוגיות בן,המאפיה של הרמן,IL,טילון בצק עוגיות בן & גריס 100 גרם,גרמים,100.00,100 גרם,false,1,11.90,11.9000,true,1,119757
7290002026402,false,בראנץ אנד קראנץ בלינצס גבינה 350 גרם,מוצרי איכות אמריקאיי,IL,בלינצס גבינה חם-בראנצ,גרמים,350.00,100 גרם,false,1,13.90,3.9714,true,1,93837
7290002026440,false,פרצלס בייגלה בראנץ אנד קראנץ 280 ג',מוצרי איכות אמריקאיי,IL,פרצלס בראנץ 280 גרם,גרמים,280.00,100 גרם,false,1,13.90,4.9643,true,1,92416
7290002026587,false,וופל בלגי פרווה בראנץ אנד קראנץ 8 יח',בראנץ' אנד קראנץ Brunch& Crunch,IL,וופל בלגי פרווה בראנץ-מיני 280גרם,גרמים,280.00,100 גרם,false,1,13.90,4.9643,true,1,148546
7290002027393,false,חטיף תמרים עם שברי ק,"תות תעשיות מזון בע""מ",IL,חטיפי תמרים שברי קקאו וקוקוס הום מייד 12,גרמים,120.00,100 גרם,false,1,13.90,11.5833,true,1,141438
7290002037125,false,חלה פרוסה ודש 500 גר,מאפית י את א ברמן בע,IL,ודש חלה פרוסה 500 גרם,גרמים,500.00,100 גרם,false,1,8.90,1.7800,true,1,1270
7290002037309,false,שמיניית לחמניות המבורגר,מאפית י את א ברמן בע,IL,8 לחמניות המבורגר,גרמים,300.00,100 גרם,false,1,13.90,4.6333,true,1,1274
7290002057017,false,זיתים נובו ענק A2 יבנה 330ג',קבוצת יבנה,IL,"קבוצת יבנה, זיתים ירוקים נובו ענק",גרמים,540.00,100 גרם,false,1,10.90,2.0185,true,1,112618
7290002057031,false,זיתים מבוקע פיקנטי A2 יבנה 560 ג',קבוצת יבנה,IL,קבוצת יבנה זיתים מבוקעים 540 גרם,גרמים,540.00,100 גרם,false,1,8.90,1.6481,true,1,1331
7290002057048,false,זיתים סורי מבוקע A2 יבנה 560ג',קבוצת יבנה,IL,זית סורי מבוקע - A2יבנה ח,גרמים,540.00,100 גרם,false,1,11.50,2.1296,true,1,1332
7290002057055,false,זיתים סורי ירוק שלם A2 יבנה 560ג',קבוצת יבנה,IL,"קבוצת יבנה, זית סורי ירוק 540 גרם",גרמים,540.00,100 גרם,false,1,11.50,2.1296,true,1,1333
7290002057093,false,זיתים מנזנילו ירוק A2 יבנה 540ג',קבוצת יבנה,IL,זיתים מנזנילו ירוק יבנה,גרמים,540.00,100 גרם,false,1,9.90,1.8333,true,1,1335
7290002057123,false,זיתים ירוקים חרוזית מנזנילו A-2,קבוצת יבנה,IL,זיתים ירוקים מנזנילו ללא גלעין 540 יבנה,גרמים,540.00,100 גרם,false,1,9.50,1.7593,true,1,1336
7290002057147,false,זית מושחר גדול 560 ג' יבנה,קבוצת יבנה,IL,זית שחור מנסולינו קבוצת יבנה 540 גרם,גרמים,540.00,100 גרם,false,1,8.90,1.6481,true,1,1337
7290002057185,false,טבעות זיתים ירוקים 560 ג' יבנה,קבוצת יבנה,IL,טבעות זיתים ירוקים 540 גרם יבנה,גרמים,540.00,100 גרם,false,1,9.90,1.8333,true,1,1339
7290002057352,false,מלפפון במלח 7-9 560 ג' יבנה,קבוצת יבנה מוצרי מזו,IL,קבוצת יבנה מלפפונים גדולים במלח 560 גרם,גרמים,540.00,100 גרם,false,1,6.80,1.2593,true,1,1343
7290002057369,false,מלפפון במלח ‏12‏-‏10‏ 560 ג' יבנה,קבוצת יבנה,IL,מלפפונים במלח יבנה10-12 540 גרם,גרמים,540.00,100 גרם,false,1,8.50,1.5741,true,1,1344
7290002057376,false,מלפפון במלח ‏17‏-‏13‏ 560 ג' יבנה,קבוצת יבנה,IL,13-17 מלפפונים במלח קטן,גרמים,540.00,100 גרם,false,1,10.90,2.0185,true,1,1345
7290002057383,false,מלפפון במלח ‏25‏-‏18‏ 560 ג' יבנה,קבוצת יבנה,IL,מלפפונים במלח קטן 18-25 540 גרם,גרמים,540.00,100 גרם,false,1,12.30,2.2778,true,1,1346
7290002057437,false,שיפקונית קבוצת יבנה,קבוצת יבנה,IL,2Aשיפקונית יבנה 540גרם,גרמים,540.00,100 גרם,false,1,10.90,2.0185,true,1,152647
7290002057451,false,מלפפון בחומץ ‏9‏-‏7‏ %‏20‏ 560 ג' יבנה,אף.סי תבליני בגליל ב,IL,קבוצת יבנה מלפפונים גדולים בחומץ 7-9 גדול 560 גרם,גרמים,540.00,100 גרם,false,1,6.80,1.2593,true,1,1348
7290002057468,false,מלפפון חומץ ‏12‏-‏10‏ 560 ג' יבנה,קבוצת יבנה,IL,מלפפונים בחומץ יבנה10-12 540 גרם,גרמים,540.00,100 גרם,false,1,8.50,1.5741,true,1,15288
7290002057475,false,מלפפונים בחומץ 13-17 קטן A2 יבנה 540ג',קבוצת יבנה,IL,מלפפון קטן בחומץ 13-17 540גרם יבנה,גרמים,540.00,100 גרם,false,1,10.90,2.0185,true,1,15298
7290002057482,false,מלפפון חומץ ‏25‏-‏18‏ 560 ג' יבנה,קבוצת יבנה,IL,מלפפון קטן בחומץ 18-25 יבנה 540גרם,גרמים,540.00,100 גרם,false,1,11.90,2.2037,true,1,15475
7290002057628,false,טבעות זיתים מושחר יבנה 540 גרם,קבוצת יבנה,IL,"קבוצת יבנה, זיתים מושחרים טבעות",גרמים,540.00,100 גרם,false,1,9.90,1.8333,true,1,1350
7290002057734,false,זיתים חרוזית שחור A2 יבנה 540ג',קבוצת יבנה,IL,זיתים מושחרים ללא גלעין 540ג יבנה ח,גרמים,540.00,100 גרם,false,1,9.90,1.8333,true,1,1352
7290002065555,false,לחמניה אנג'ל ארוכה שקית 6יח,מאפיית שלמה א. אנג'ל,IL,אנג'ל הלחמניה -450 גרם,גרמים,450.00,100 גרם,false,1,10.90,2.4222,true,1,1376
7290002065616,false,לחם שיפון גרעינים 750 ג' אנג'ל,מאפיית שלמה א. אנג'ל,IL,לחם שיפון גרעינים 750 גרם,גרמים,750.00,100 גרם,false,1,14.90,1.9867,true,1,57024
7290002107385,false,גבינת מה עיזים בגליל צוריאל 180 ג',מחלבת משק צוריאל,IL,משק צוריאל מה-עז מחלב עיזים 20% שומן 180 גרם,גרמים,180.00,100 גרם,false,1,24.90,13.8333,true,1,48391
7290002128083,false,נרות חנוכה רגיל 44יח-מנורה,,,נרות חנוכה בקופסא 44 יחידות,יחידה,1.00,יחידה,false,1,7.90,7.9000,true,1,119981
7290002128205,false,נרות לא נוטפים 45יח-מנורה,,,נרות חנוכה לוקס,יחידה,1.00,יחידה,false,1,13.90,13.9000,true,1,21029
7290002128335,false,כוסות שתייה חמה50 יח,טיי פרידה,CN,כוסות שתייה חמה50 יח OZ8,יחידה,1.00,יחידה,false,1,13.90,13.9000,true,1,146640
7290002128403,false,נרות שבת אורה מספר 4,מנורה,IL,נרות שבת אורה מספר 4,יחידה,1.00,יחידה,false,1,3.90,3.9000,true,1,113480
7290002128434,false,נרות שבת אורה מספר 1,מנורה,IL,נרות שבת אורה מספר 10,יחידה,1.00,יחידה,false,1,3.90,3.9000,true,1,65727
7290002128854,false,כוסות לשתיה חמה (12,טיי פרידה,IL,"כוסות לשתיה חמה (12 יח) 340 מ""ל",יחידה,1.00,יחידה,false,1,21.90,21.9000,true,1,147459
7290002129370,false,"פילה אמנון 5-7 ללא עור בעל""ז",דלידג,IL,פילה אמנון בלי עור דלי דג,קילוגרמים,1.00,"ק""ג",true,,28.90,28.9000,true,1,122629
7290002129486,false,פיצה איטלקית דקה זיתים 340 ג' שלושת האופים,האי נאם סי או אל.טי.,IT,פיצה איטלקית דקה זיתים שלושת האופים 340ג,גרמים,340.00,100 גרם,false,1,16.90,4.9706,true,1,146274
7290002130567,false,דבש טהור מפרחי בר בזכוכית 350 גרם,מכוורת יד מרדכי שטרא,IL,דבש דבורים טהור יד מרדכי 350 גרם,גרמים,350.00,100 גרם,false,1,19.90,5.6857,true,1,1514
7290002130574,false,דבש טהור מפרחי בר בזכוכית 500 ג' יד מרדכי,מכוורת יד מרדכי שטרא,IL,דבש דבורים טהור 500 גרם,גרמים,500.00,100 גרם,false,1,26.60,5.3200,true,1,1515
7290002132011,false,עוגיות מזרחיות עבאדי 500 גרם,מאפיית יוסף ושמחה עב,IL,"עבאדי עוגיות מזרחיות שומשום, 400 גרם",גרמים,400.00,100 גרם,false,1,19.90,4.9750,true,1,1518
7290002157830,false,קוביות גולש עגל 100%,טיבון ויל - נטו,IL,קוביות גולש 100% בשר 800 גרם,גרמים,800.00,100 גרם,false,1,39.90,4.9875,true,1,117859
7290002190141,false,ריבת חלב בצנצנת 450 גרם,קרלו,IL,ריבת חלב 450 גרם,גרמים,450.00,100 גרם,false,1,14.90,3.3111,true,1,16323
7290002193197,false,מסרק לכינים שיני מתכ,פרגון,,מסרק לכינים שיני מתכת,Unknown,0.00,Unknown,false,1,10.00,0.0000,true,1,67401
7290002232964,false,פירורים לציפוי פז לל,"תירפז בע""מ",IL,ציפוי פז ללא גלוטן 600גרם,גרמים,600.00,100 גרם,false,1,27.90,4.6500,true,1,72650
7290002232995,false,פירורים לציפוי פז לל,פ.פ.ח. שאביט,IL,בריאות וטבע ציפוי פז מתובל 500 גרם,גרמים,500.00,100 גרם,false,1,27.90,5.5800,true,1,83061
7290002239369,false,שעועית ירוקה שלמה 800 גרם פרי הגליל,"פרי הגליל בע""""מ",IL,פרי הגליל שעועית ירוקה שלמה 800 גרם,גרמים,800.00,100 גרם,false,1,12.90,1.6125,true,1,16178
7290002253006,false,שום כתוש בצנצנת 200 גר דורות,עיצובים 2020 (3.8),IL,דורות שום כתוש טרי2 12*200גרם,גרמים,200.00,100 גרם,false,1,19.90,9.9500,true,1,1693
7290002253105,false,מגשית קוביות שום טרי דורות 80 ג',עיצובים 2020 (3.8),IL,שום כתוש מגשית 80 גרם,גרמים,80.00,100 גרם,false,1,12.90,16.1250,true,1,1694
7290002253150,false,בזיליקום טרי קצוץ דורות 70 ג',עיצובים 2020 (3.8),IL,בזיליקום קצוץ במגשית דורות 70 גרם,גרמים,70.00,100 גרם,false,1,9.90,14.1429,true,1,1695
7290002253167,false,מגשית פטרוזיליה דורות 70 גר,עיצובים 2020 (3.8),IL,דורות פטרוזיליה קצוצה 32*70גרם,גרמים,70.00,100 גרם,false,1,9.90,14.1429,true,1,1696
7290002253174,false,מגשית שמיר קצוץ דורות 70ג,עיצובים 2020 (3.8),IL,דורות שמיר קצוץ 32*70גרם,גרמים,70.00,100 גרם,false,1,11.10,15.8571,true,1,16538
7290002253181,false,כוסברה טריה קצוצה 70 ג' דורות,עיצובים 2020 (3.8),IL,דורות כוסברה קצוצה 32*70גרם,גרמים,70.00,100 גרם,false,1,11.10,15.8571,true,1,1697
7290002253198,false,ג'ינג'ר טרי כתוש במגשית 70 ג' דורות,עיצובים 2020 (3.8),IL,דורות ג'ינג'ר טרי כתוש2 16*70גרם,גרמים,70.00,100 גרם,false,1,12.40,17.7143,true,1,20732
7290002253259,false,דורות רוטב עגבניות בזיליקום 160 גרם,עיצובים 2020 (3.8),IL,רוטב עגבניות בזיליקום קפוא דורות 160 גרם,גרמים,160.00,100 גרם,false,1,14.90,9.3125,true,1,108698
7290002253310,false,שום צילי חריף קוביות תערובת 80 ג' דורות,עיצובים 2020 (3.8),IL,דורות שום צילי חריף קוביות תערובת 32*80ג,גרמים,80.00,100 גרם,false,1,13.90,17.3750,true,1,123039
7290002253495,false,קוביות תבל לטחינה ביתית וזעתר דורות 70גר,עיצובים 2020 (3.8),IL,דורות תבל.לטחינה ביתית תערב.קוביות32*70ג,גרמים,70.00,100 גרם,false,1,10.90,15.5714,true,1,123040
7290002259640,false,"רדיד אלומניום דיימונד 084- 7.50 מ""ר *0.3",ריינולדס מוצרי צריכה,CN,"רדיד אלומיניום עבה במיוחד לבישול,אפייה והקפאה.",מטרים,760.00,מטר,false,1,9.90,0.0130,true,1,17808
7290002259664,false,רדיד אלומיניום דיימונד גדול 60X0.60מ',ריינולדס מוצרי צריכה,US,"רדיד אלומיניום, מסורית לחיתוך נוח",מטרים,6000.00,מטר,false,1,47.90,0.0080,true,1,65654
7290002281382,false,נתחי פילה סלמון קפוא דלידג,דלידג,,נתח פילה סלמון קפוא 100% דג,קילוגרמים,1.00,"ק""ג",true,,89.90,89.9000,true,1,122632
7290002281498,false,גבינה צהובה מגורדת על בסיס חלב 500 ג' ריץ,האי נאם סי או אל.טי.,PL,"ריץ', צהובה מגורדת, לפיצה, אפייה ובישול ועוד",גרמים,500.00,100 גרם,false,1,24.90,4.9800,true,1,124089
7290002317081,false,זיתים נטולי גלעין +20% 670ג A2 מטולה,שימורי מוטולה,IL,זיתים ירוקים נטולי גלעין +20% A2 מוטולה,גרמים,330.00,100 גרם,false,1,9.90,3.0000,true,1,61865
7290002317128,false,מלפפון 560ג במלח 10-12 A2 מטולה,שימורי מוטולה,IL,מלפפון במלח 10-12 A2 מוטולה 320 גרם,גרמים,320.00,100 גרם,false,1,9.90,3.0938,true,1,157212
7290002317135,false,מלפפון 560ג במלח 13-17 A2 מטולה,שימורי מוטולה,IL,מלפפון במלח 13-17 A2 מוטולה 320 גרם,גרמים,320.00,100 גרם,false,1,9.90,3.0938,true,1,157211
7290002317173,false,מלפפון בחומץ 13-17 560ג A2 מטולה,שימורי מוטולה,IL,מלפפון בחומץ 13-17 A2 מוטולה 290גרם,גרמים,290.00,100 גרם,false,1,9.90,3.4138,true,1,157213
7290002317265,false,מלפפון 650ג במלח +20% 7-9 A2 מטולה,שימורי מוטולה,IL,מלפפון במלח +20%מוטולה 7-9 380A2גרם,גרמים,380.00,100 גרם,false,1,7.90,2.0789,true,1,61710
7290002317289,false,חצילים כבושים מוטול,שימורי מוטולה,IL,חצילים כבושים מוטולה 320גרם,גרמים,320.00,100 גרם,false,1,8.90,2.7813,true,1,157215
7290002317319,false,מלפפון 650ג בחומץ +20% 7-9 A2 מטולה,שימורי מוטולה,IL,מלפפון בחומץ +20% 7-9 A2 מוטולה 320 גרם,גרמים,320.00,100 גרם,false,1,7.90,2.4688,true,1,157210
7290002317371,false,זיתים מושחר נטול גלעין 560ג A2 מטולה,שימורי מוטולה,IL,זיתים מושחר נטול גלעין A2 מוטולה 560גרם,גרמים,560.00,100 גרם,false,1,9.90,1.7679,true,1,157214
7290002317579,false,זיתים טבעות ירוק 560ג A2 מטולה,שימורי מוטולה,IL,זיתים טבעות ירוק A2 מוטולה 560גרם,גרמים,560.00,100 גרם,false,1,9.90,1.7679,true,1,157209
7290002317609,false,כרוב כבוש 560ג A2 מטולה,שימורי מוטולה,IL,כרוב כבוש A2 מוטולה 560 גרם,גרמים,560.00,100 גרם,false,1,8.90,1.5893,true,1,157208
7290002317661,false,זיתים מנזלינו גדול מ,שימורי מוטולה,IL,זיתים מנזולינו גדול מוטולה 330 גרם צנצנ,גרמים,330.00,100 גרם,false,1,9.90,3.0000,true,1,157191
7290002319016,false,אבקת אפיה מיה מארז 10X10 ג',"מיה תעשיות מזון בע""מ",IL,אבקת אפיה מיה עשיריות 100גרם,גרמים,100.00,100 גרם,false,1,2.90,2.9000,true,1,156725
7290002319023,false,סוכר וניל מיה עשיריו,"מיה תעשיות מזון בע""מ",IL,סוכר וניל מיה עשיריות 100גרם,גרמים,100.00,100 גרם,false,1,2.90,2.9000,true,1,156726
7290002319054,false,פרג טחון מיה 100 גרם,מיה תעשיות מזון,IL,פרג טחון מיה 100 גרם,גרמים,100.00,100 גרם,false,1,6.90,6.9000,true,1,156715
7290002319078,false,שומשום מיה 100 גרם,"מיה תעשיות מזון בע""מ",IL,שומשום מיה 100 גרם,גרמים,100.00,100 גרם,false,1,3.90,3.9000,true,1,156739
7290002319115,false,חומוס גדול יבש מיה 500 גר',"מיה תעשיות מזון בע""מ",IL,חומוס גדול מיה 500 גרם,גרמים,500.00,100 גרם,false,1,6.90,1.3800,true,1,156743
7290002319122,false,גריסים יבשים מיה 500 גר',"מיה תעשיות מזון בע""מ",IL,גריסים מיה 500 גרם,גרמים,500.00,100 גרם,false,1,5.90,1.1800,true,1,156727
7290002319139,false,שעועית לבנה יבשה מיה 500 ג',"מיה תעשיות מזון בע""מ",IL,שעועית לבנה מיה 500 גרם,גרמים,500.00,100 גרם,false,1,9.90,1.9800,true,1,156734
7290002319146,false,שעועית אדומה יבשה 500 ג',"מיה תעשיות מזון בע""מ",IL,שעועית אדומה מיה 500 גרם,גרמים,500.00,100 גרם,false,1,10.90,2.1800,true,1,156735
7290002319160,false,אפונה ירוקה יבשה מיה 500 ג',"מיה תעשיות מזון בע""מ",IL,אפונה מיה 500 גרם,גרמים,500.00,100 גרם,false,1,4.90,0.9800,true,1,156744
7290002319177,false,פופקורן גרעינים מיה 500 גר',"מיה תעשיות מזון בע""מ",IL,פופקורן מיה 500 גרם,גרמים,500.00,100 גרם,false,1,4.90,0.9800,true,1,156745
7290002319184,false,עדשים אדומים יבשים מיה 500 גר',"מיה תעשיות מזון בע""מ",IL,עדשים אדומות מיה 500 גרם,גרמים,500.00,100 גרם,false,1,6.90,1.3800,true,1,156719
7290002319191,false,עדשים ירוקים יבשים מיה 500 גר',"מיה תעשיות מזון בע""מ",IL,עדשים ירוקות מיה 500 גרם,גרמים,500.00,100 גרם,false,1,6.90,1.3800,true,1,156746
7290002319207,false,כוסמת מיה 500 גרם,"מיה תעשיות מזון בע""מ",IL,כוסמת מיה 500 גרם,גרמים,500.00,100 גרם,false,1,7.90,1.5800,true,1,156747
7290002319610,false,שקדים טחונים 100 גר' מיה,מיה תעשיות מזון,IL,שקדים טחונים מיה 100 גרם,גרמים,100.00,100 גרם,false,1,11.90,11.9000,true,1,156771
7290002319740,false,אגוזים טחונים 100 גר' מיה,מיה תעשיות מזון,IL,אגוזי מלך טחונים מיה 100 גרם,גרמים,100.00,100 גרם,false,1,11.90,11.9000,true,1,156772
7290002319771,false,"תמצית אפיה וניל 50מ""ל מיה","מיה תעשיות מזון בע""מ",IL,תמצית אפיה וניל מיה 50 מל,מיליליטרים,50.00,"100 מ""ל",false,1,3.90,7.8000,true,1,156717
7290002319788,false,"תמצית אפיה רום 50 מ""ל מיה","מיה תעשיות מזון בע""מ",IL,תמצית אפיה רום מיה 50מל,מיליליטרים,50.00,"100 מ""ל",false,1,3.90,7.8000,true,1,156718
7290002319795,false,"תמצית אפיה שקדים 60 מ""ל",מיה,IL,תמצית אפיה שקדים מיה 60גרם,גרמים,60.00,100 גרם,false,1,4.90,8.1667,true,1,156773
7290002319825,false,אבקת סוכר 100 גר' מיה,"מיה תעשיות מזון בע""מ",IL,אבקת סוכר מיה 100 גרם,גרמים,100.00,100 גרם,false,1,2.50,2.5000,true,1,156774
7290002327929,false,"מיני בורקס תפו""א 700 ג' שלושת האופים",TLV צ'יף,IL,"מיני בורקס קוקטייל תפו""א",גרמים,700.00,100 גרם,false,1,22.90,3.2714,true,1,1839
7290002331025,false,"מים מינרלים נביעות ספורט 500 מ""ל פקדון",נביעות טבע הגליל בעמ,IL,נביעות 500 TO GO פקדון,מיליליטרים,500.00,"100 מ""ל",false,1,3.90,0.7800,true,1,1841
7290002331094,false,"נביעות+ מים טעם ענבים 755מ""ל",נביעות טבע הגליל בעמ,IL,"נביעות 755 מ""ל",מיליליטרים,755.00,"100 מ""ל",false,1,4.90,0.6490,true,1,1842
7290002331162,false,נביעות מים מינרלים 1.5ל',נביעות,IL,מים נביעות בקבוק 1.5 ליטר,ליטרים,1.50,ליטר,false,1,3.90,2.6000,true,1,1843
7290002331360,false,"נביעות מים מינרליים טו גו מארז 500X6מ""ל",נביעות,IL,"מים נביעות TO GO שישייה בקבוק 500 מ""ל",ליטרים,3.00,ליטר,false,1,15.90,5.3000,true,1,1847
7290002331483,false,שישיית מים נביעות בייב 330 מל,נביעות טבע הגליל בעמ,IL,נביעות בייבי מים מינרליים טבעיים 1.92 ליטר,ליטרים,1.92,ליטר,false,1,13.90,7.2396,true,1,97041
7290002331490,false,נביעות מים מינרלים 1 ליטר,נביעות טבע הגליל בעמ,IL,נביעות 1 ליטר,ליטרים,1.00,ליטר,false,1,4.90,4.9000,true,1,99293
7290002333104,false,בורגול אורגני הרדוף,אול אורגני,IL,בורגול אורגני 500 גרם - הרדוף,גרמים,500.00,100 גרם,false,1,8.90,1.7800,true,1,22344
7290002333463,false,הרדוף שעועית מש אורגני 500 ג,אול אורגני,IL,שעועית מש אורגני,גרמים,500.00,100 גרם,false,1,15.90,3.1800,true,1,41642
7290002333500,false,עדשים אדומים אורגני,אול אורגני,IL,עדשים אדומות,גרמים,500.00,100 גרם,false,1,13.90,2.7800,true,1,22319
7290002333999,false,גרעיני חמניות אורגנים 300 גר הרדוף,אול אורגני,IL,גרעיני חמניה קלופים,גרמים,300.00,100 גרם,false,1,13.90,4.6333,true,1,22328
7290002345022,false,אנטריקוט דק דק אל גאצ'ו 250ג' מינוט,"טיבון ויל אחזקות בע""",IL,אל גאוצ'ו מינוט סטייק אנטריקוטדקדק 250 גרם,גרמים,250.00,100 גרם,false,1,26.90,10.7600,true,1,117780
7290002345121,false,אסאדו דקדק אל גאוצ'ו 250 גרם,טיבון ויל - נטו,IL,אסאדו דקדק אל גאוצו 250גרם,גרמים,250.00,100 גרם,false,1,27.90,11.1600,true,1,149218
7290002345282,false,נתחי פילה סלמון קפוא דלידג,דלידג,,נתחי פילה סלמון נורווגי קפוא 100% דג,קילוגרמים,1.00,"ק""ג",true,,89.90,89.9000,true,1,118089
7290002348061,false,פטריות שמפניון חתוכות 385 ג' וליגיר,גריניארד פריפרד,NL,פטריות חתוכות ויליגר400גר,גרמים,400.00,100 גרם,false,1,5.90,1.4750,true,1,1879
7290002348139,false,ארטישוק תחתיות 210 ג' ויליגר,האי נאם סי או אל.טי.,EG,ויליגר תחתיות ארטישוק במי מלח 390 גרם,גרמים,400.00,100 גרם,false,1,9.90,2.4750,true,1,1880
7290002353836,false,סרדינים רוברט בשמן זית 115 גרם,קונסרבס פורטוגל נורט,PT,סרדינים בשמן זית רוברט 115 גרם,גרמים,115.00,100 גרם,false,1,8.90,7.7391,true,1,1885
7290002360278,false,חליטת תה מנטה פומפדור 20 שקיקים,"איטיליאן פוד, אס.פי.",DE,פומפדור חליטת מנטה 20 יחידות,גרמים,45.00,100 גרם,false,1,16.90,37.5556,true,1,21918
7290002360285,false,תה פומפדור חליטת צמחים קמומיל 20 שק,TEEKANNE- POMPADOU,DE,פומפדור חליטת צמחים קמומיל 20 יחידות,גרמים,30.00,100 גרם,false,1,16.90,56.3333,true,1,1923
7290002371526,false,סלסולי פסטרמה שום וצילי 120 גר טירת צבי,הנסיך- מפעל לייצור ט,IL,"דקניקים, סלסולי פסטרמה שום וצי'לי פיקנטי 120 גרם",גרמים,120.00,100 גרם,false,1,15.90,13.2500,true,1,96957
7290002371533,false,דקניקים סלסולי פסטרמה בדבש 120 ג' טירת צבי,הנסיך- מפעל לייצור ט,IL,סלסולי פסטרמה דבש 120 גרם,גרמים,120.00,100 גרם,false,1,15.90,13.2500,true,1,96958
7290002371540,false,דקניקים קורנדביף 120 ג' טירת צבי,הנסיך- מפעל לייצור ט,IL,טירת צבי דקניקים קורנדביף 120 גרם,גרמים,120.00,100 גרם,false,1,15.90,13.2500,true,1,96882
7290002371854,false,"נקניקיות עוף מתובלות 1 ק""ג טירת צבי",הנסיך- מפעל לייצור ט,IL,נקנקיות עוף חריפות1ק''ג,קילוגרמים,1.00,"ק""ג",false,1,33.90,33.9000,true,1,48228
7290002371939,false,סרוולד בסגנון צרפתי דליקטיב 120 גרם,הנסיך- מפעל לייצור ט,IL,סרוולד צרפתי 120 גרם,גרמים,120.00,100 גרם,false,1,26.90,22.4167,true,1,47964
7290002410072,false,"בצק עלים חמסי 1 ק""ג",מעדני הטלה,IL,בצק עלים חמסי,לא מנהל יחידת מידה,0.00,לא מנהל יחידת מידה,false,1,16.90,0.0000,true,1,108983
7290002410348,false,רוסטביף עגל ברשת-ואק,מעדני הטלה,IL,"רוסטביף עגל ואקום מוכשר לק""ג",קילוגרמים,1.00,"ק""ג",true,,66.90,66.9000,true,1,106945
7290002410638,false,"סטייק עין 800 גר ""במ",מעדני הטלה,IL,"סטייק עין 800 גר ""במגש",גרמים,800.00,100 גרם,false,1,69.90,8.7375,true,1,71275
7290002410713,false,מעדני הטלה קישקע ממו,לאטי עזרא גלם ודגים,IL,קישקע 500 גר,גרמים,500.00,100 גרם,false,1,11.90,2.3800,true,1,52226
7290002410874,false,רבעי פרגיות ממולאות,לאטי עזרא גלם ודגים,IL,"פרגיות ממולאות לק""ג",קילוגרמים,1.00,"ק""ג",true,,54.90,54.9000,true,1,68045
7290002453383,false,מרגז טלה קצביית פרימ,קצביית פרימיום,IL,מרגז טלה קצביית פרימיום,קילוגרמים,1.00,"ק""ג",true,,69.90,69.9000,true,1,148416
7290002453697,false,קבב אנטריקוט קצבים עם שומן כבש,קצביית פרימיום,IL,קבב אנטריקוט קצבים,קילוגרמים,1.00,"ק""ג",true,,69.90,69.9000,true,1,148414
7290002453802,false,קבב אסלי,קצביית פרימיום,IL,קבב אסלי,קילוגרמים,1.00,"ק""ג",true,,69.90,69.9000,true,1,148974
7290002461180,false,כרעיים עוף ארוז,מעדני הטלה והעגל,,כרעיים עוף ארוז קג,קילוגרמים,1.00,"ק""ג",true,,32.90,32.9000,true,1,87822
7290002461562,false,מיני מרגז מעדני הטלה,מעדני הטלה,IL,נקניקיות מיני מרגז 500 גרם,גרמים,500.00,100 גרם,false,1,29.90,5.9800,true,1,71268
7290002478416,false,מעדני הטלה קבב כבש ט,מעדני הטלה,IL,קבב כבש טורקי 800 גרם יחידה,גרמים,800.00,100 גרם,false,1,49.90,6.2375,true,1,63747
7290002507277,false,קציצות דג דלידג 700 גר,אף.סי תבליני בגליל ב,IL,קציצות דג 700 גרם,גרמים,700.00,100 גרם,false,1,27.90,3.9857,true,1,118078
7290002507284,false,שניצל דג מצופה דלידג 700 ג',האי נאם סי או אל.טי.,IL,"דלידג - שניצל דג מצופה, מפילה מרלוזה וקרפיון",גרמים,700.00,100 גרם,false,1,27.90,3.9857,true,1,118079
7290002507604,false,פיצת השף מאיטליה 320 גר',האי נאם סי או אל.טי.,IT,פיצת השף שגב 320גרם,יחידה,1.00,יחידה,false,1,16.90,16.9000,true,1,120642
7290002517108,false,אורגנו 10 גר מיכל קט,"תבליני טעם וריח בע""מ",IL,תבליני טעם וריח מיכל קטן אורגנו 10 גרם,גרמים,10.00,100 גרם,false,1,6.90,69.0000,true,1,41834
7290002517269,false,תבלין פלפל שחור שלם 35ג',תות ממתקי איכות,IL,תבליני טעם וריח פלפל שחור שלם 35 גרם,גרמים,35.00,100 גרם,false,1,9.90,28.2857,true,1,42112
7290002517276,false,תבלין פלפל אנגלי שלם 25ג',תות ממתקי איכות,IL,תבליני טעם וריח מיכל קטן פלפל אנגלי שלם 25 גרם,גרמים,25.00,100 גרם,false,1,6.90,27.6000,true,1,41758
7290002517283,false,תבלין פלפל שחור גרוס 40 גר' מיכל,תות ממתקי איכות,IL,תבליני טעם וריח מיכל פלפל שחור גרוס 40 גרם,גרמים,40.00,100 גרם,false,1,9.90,24.7500,true,1,41835
7290002517290,false,תבלין קינמון טחון 40 גר' מיכל,"תבליני טעם וריח בע""מ",IL,"תבליני טעם וריח, 100% קינמון טחון, 40 גרם",גרמים,40.00,100 גרם,false,1,6.90,17.2500,true,1,41759
7290002517337,false,תבלין אורגנו עלים 20 גר',"תבליני טעם וריח בע""מ",IL,תבליני טעם וריח 100% אורגנו 20 גרם,גרמים,20.00,100 גרם,false,1,5.90,29.5000,true,1,40205
7290002517375,false,תבלין בזיליקום 30 גר' שק',"תבליני טעם וריח בע""מ",IL,"תבליני טעם וריח, 100% בזיליקום (ריחן), 30 גרם",גרמים,30.00,100 גרם,false,1,5.90,19.6667,true,1,42114
7290002517566,false,תערובת תיבול לדג- 80 גרם,תות ממתקי איכות,IL,תבליני טעם וריח דג תערובת תיבול 80 גרם,גרמים,80.00,100 גרם,false,1,9.90,12.3750,true,1,42124
7290002517580,false,תערובת תיבול לעוף - 80 גרם,תות ממתקי איכות,IL,"תבליני טעם וריח, תערובת תיבול לעוף, 80 גרם",גרמים,80.00,100 גרם,false,1,9.90,12.3750,true,1,42126
7290002517603,false,תבלין בזיליקום מיכל 10ג',"תבליני טעם וריח בע""מ",IL,"תבליני טעם וריח בזיליקום (ריחן), 10 גרם",גרמים,10.00,100 גרם,false,1,6.90,69.0000,true,1,40773
7290002517634,false,כוזברה 30 גר מיכל קט,תות ממתקי איכות,IL,תבליני טעם וריח כוסברה 30 גרם,גרמים,30.00,100 גרם,false,1,6.90,23.0000,true,1,40776
7290002517658,false,תבלין כורכום 40 גרם מיכל קטן,תבליני טעם וריח,IL,תבליני טעם וריח כורכום 100% 40 גרם,גרמים,40.00,100 גרם,false,1,6.90,17.2500,true,1,40778
7290002517689,false,תבלין קרי 40 גרם מיכל קטן,תות ממתקי איכות,IL,תבליני טעם וריח אבקת קרי 40 גרם,גרמים,40.00,100 גרם,false,1,6.90,17.2500,true,1,40781
7290002517726,false,תבלין מקלות קינמון 15ג',"תבליני טעם וריח בע""מ",IL,תבליני טעם וריח מקלות קינמון 100%,גרמים,15.00,100 גרם,false,1,6.90,46.0000,true,1,40785
7290002517733,false,תבלין קצח טעם וריח 4,תות ממתקי איכות,IL,"תבליני טעם וריח, 100% קצח, 40 גרם",גרמים,40.00,100 גרם,false,1,6.90,17.2500,true,1,40786
7290002517801,false,תבלין צ'ילי כתוש - חריף (פלפל קיינה) 30 ג',"תבליני טעם וריח בע""מ",IL,"תבליני טעם וריח, 100% צ'ילי כתוש חריף, 30 גרם",גרמים,30.00,100 גרם,false,1,6.90,23.0000,true,1,40793
7290002517825,false,תבלין פלפל לבן טחון 40ג',"תבליני טעם וריח בע""מ",IL,"תבליני טעם וריח, 100% פלפל לבן טחון, 40 גרם",גרמים,40.00,100 גרם,false,1,9.90,24.7500,true,1,40795
7290002517849,false,תבלין שום גבישי 50 גר,תות ממתקי איכות,IL,תבליני טעם וריח מיכל קטן שום גבישי 50 גרם,גרמים,50.00,100 גרם,false,1,6.90,13.8000,true,1,40797
7290002517863,false,תבלין ציפורן טחון 80ג',"תבליני טעם וריח בע""מ",IL,"תבליני טעם וריח, ציפורן טחון 100%, 40 גרם",גרמים,40.00,100 גרם,false,1,9.90,24.7500,true,1,40799
7290002542506,false,"בירה קורונה בקבוק 355מ""ל",קריניציה ויטמינה אס,MX,בירה קורונה אקסטרה 355 מל,מיליליטרים,355.00,"100 מ""ל",false,1,10.90,3.0704,true,1,67117
7290002542773,false,"בירה סטלה ארטואה בקבוק 330 מ""ל",סטלה,BE,סטלה ארטואה בק 330 מל,מיליליטרים,330.00,"100 מ""ל",false,1,9.90,3.0000,true,1,148867
7290002542780,false,"שישייה בירה סטלה ארטואה בקבוק 330X6 מ""ל",סטלה,BE,סטלה ארטואה שישיה 6 בק*330 מל,ליטרים,1.32,ליטר,false,1,39.90,30.2273,true,1,148868
7290002543046,false,קלוגס פרוסטיס דגנים וסוכר 750ג',קלוג מנייופרטורינג א,ES,דגני קלוגס פרוסטיס 750 גרם,גרמים,750.00,100 גרם,false,1,23.90,3.1867,true,1,2120
7290002543237,false,קלוגס קורן פלקס 750 גרם,קלוגס קומפני אוף גרי,DE,קלוגס קורנפלקס 750 גרם,גרמים,750.00,100 גרם,false,1,19.90,2.6533,true,1,2128
7290002551003,false,סטארקיסט טונה בשמן בודד 160ג',סטאר קיסט,,טונה בשמן סטארקיסט 160 גרם,גרמים,160.00,100 גרם,false,1,8.50,5.3125,true,1,2136
7290002551010,false,טונה סטארקיסט במים 160 גרם,"סטארקיסט פודור בע""מ",TR,ס.ק טונה במים 160גרם-בי,גרמים,160.00,100 גרם,false,1,8.50,5.3125,true,1,2137
7290002577492,false,"פילה דג הרינג מלוח בשמן, 340 גרם",מיוצר על ידי קוד יצר,IL,פילה דג הרינג מלוח בשמן דלידג 240 גרם,גרמים,240.00,100 גרם,false,1,25.90,10.7917,true,1,114308
7290002577508,false,פילה דג הרינג מלוח בשמן ובצל דלידג 240 ג',מיוצר על ידי קוד יצר,IL,פילה דג הרינג מלוח בשמן ובצל דלידג 240גר,גרמים,240.00,100 גרם,false,1,25.90,10.7917,true,1,114307
7290002596523,false,סטייק אנטריקוט משובח,לאטי עזרא גלם ודגים,IL,"סטייק אנטריקוט בואקום לק""ג",קילוגרמים,1.00,"ק""ג",true,,99.90,99.9000,true,1,65659
7290002618263,false,טבעות בצל שף הטבע,משק ויילר,IL,טבעות בצל שף הטבע 600גרם,גרמים,600.00,100 גרם,false,1,24.90,4.1500,true,1,156623
7290002627210,false,"גפילטעפיש קציצות מדגי קרפיון וכסיף 560 גר' בעל""ז",האי נאם סי או אל.טי.,IL,גפילטע פיש דלידג בצנצנת 560 גרם,גרמים,560.00,100 גרם,false,1,14.90,2.6607,true,1,142244
7290002651116,false,גחנון חמסי ארוז 1 קג,מעדני הטלה,IL,"ג""חנון חמסי צלחות 1 ק""ג",קילוגרמים,1.00,"ק""ג",false,1,16.90,16.9000,true,1,2177
7290002651123,false,מלאווח חמסי ארוז 1 ק,חמסי,IL,חמסי מלווח 1 קילו,קילוגרמים,1.00,"ק""ג",false,1,16.90,16.9000,true,1,2178
7290002651253,false,חמסי גחנון אפוי 6 יח,מעדני הטלה,IL,"ג""חנון אפוי 600 גר """,גרמים,600.00,100 גרם,false,1,16.90,2.8167,true,1,89492
7290002657866,false,פילה אמנון קפוא דלידג,גואנדונג יוג'יה סיפו,IL,פילה אמנון דלידג,קילוגרמים,1.00,"ק""ג",true,,28.90,28.9000,true,1,95878
7290002661924,false,מארז 6יח לחמניות מזו,מאפית י את א ברמן בע,IL,לחמניות מזונות 6 בשקית 540גרם,גרמים,540.00,100 גרם,false,1,13.90,2.5741,true,1,150174
7290002661931,false,מארז 6יח לחמניות שמי,מאפית י.את א. ברמן ב,IL,שמיניות פרג 6 בשקית 720גרם,גרמים,720.00,100 גרם,false,1,13.90,1.9306,true,1,150175
7290002692478,false,"שמן זית כתית מעולה קלאסי מעודן 750 מ""ל עץ הזית","מרקאולאו, ספרד.אבסה,",IT,"שמן זית כתית מעולה מעודן עץ הזית 750 מ""ל",מיליליטרים,750.00,"100 מ""ל",false,1,36.90,4.9200,true,1,32835
7290002692768,false,"תרסיס קנולה מופחת קלוריות 200 מ""ל עץ הזית",טרנסומס פוד איי בי,IL,"תרסיס שמן קנולה 200 מ""ל עץ הזית",מיליליטרים,200.00,"100 מ""ל",false,1,15.90,7.9500,true,1,65649
7290002692782,false,"תרסיס שמן זית כתית מעולה עץ הזית 150 מ""ל",י.ב טכנולוגיות אריזה,IL,תרסיס שמן זית כ.מעולה,מיליליטרים,148.00,"100 מ""ל",false,1,15.90,10.7432,true,1,65650
7290002715511,false,מרק בשר מגיק בכוס 70 גרם,טאט הוי פוד בעמ,SG,תבשיל מגיק בכוס בקר 70 גרם,גרמים,70.00,100 גרם,false,1,5.00,7.1429,true,1,2245
7290002730262,false,פלמוליב כלים שקוף קלאסי 750 בקבוק חדש,יבואן ומשווק: ש. שסט,GR,פלמוליב נוזל לניקוי כלים קלאסי 750 מל,מיליליטרים,750.00,"100 מ""ל",false,1,11.90,1.5867,true,1,2281
7290002730521,false,צימרוני אוזניים בלונס בקופסא 200 יח',ספטונה,GR,צמרוני אוזניים בלונס,גרמים,66.00,100 גרם,false,1,6.90,10.4545,true,1,2283
7290002730538,false,בלונס פדים להסרת איפור 80 יח',הנסיך- מפעל לייצור ט,GR,בלונס פדיות להסרת איפור 80 יחידות,לא מנהל יחידת מידה,0.00,לא מנהל יחידת מידה,false,1,10.80,0.0000,true,1,2284
7290002730675,false,"קולגייט משחת שיניים אדומה משפחתי 100 מ""ל",קולגייט פלמוליב,PL,"משחת שיניים קולגייט אדומה 100 מ""ל",מיליליטרים,100.00,"100 מ""ל",false,1,9.90,9.9000,true,1,2286
7290002730811,false,"קולגייט משחת שיניים ג'ל משפחתי 100מ""ל",הנסיך- מפעל לייצור ט,PL,משחת שניים קולגיט גל משפחתי,מיליליטרים,100.00,"100 מ""ל",false,1,11.90,11.9000,true,1,2288
7290002730941,false,בלונס צמר גפן פרוס 100גר',הנסיך- מפעל לייצור ט,GR,בלונס פסי צמר גפן 100 גרם,גרמים,100.00,100 גרם,false,1,5.80,5.8000,true,1,12264
7290002730958,false,פלמוליב סבון מוצק? ירוק זית רביעייה * 100 ג',הנסיך- מפעל לייצור ט,TR,סבון מוצק בניחוח זיתים ואלוורה פלמוליב 4 יחידות,גרמים,400.00,100 גרם,false,1,12.90,3.2250,true,1,2292
7290002735014,false,מלווח ארוז ינון 800 גר',ג'נרל מילס סאן אדריא,IL,מלווח ינון 800 גר,גרמים,800.00,100 גרם,false,1,14.90,1.8625,true,1,57200
7290002735021,false,ינון גחנון ארוז 750גר,ג'נרל מילס סאן אדריא,IL,גחנון 700 גר ינון,גרמים,700.00,100 גרם,false,1,14.90,2.1286,true,1,57201
7290002735274,false,ינון גחנון אפוי 600 גר,ג'נרל מילס סאן אדריא,IL,גחנון אפוי ינון 600גרם,גרמים,750.00,100 גרם,false,1,16.90,2.2533,true,1,59419
7290002752332,false,"סוכריות מנטוס פירות בגליל, 37.5 גרם",הדקלאים אגודת שיתופי,NL,מנטוס סוכריות לעיסה בטעם פירות 37.5 גרם,גרמים,38.00,100 גרם,false,1,3.90,10.2632,true,1,2296
7290002752349,false,סוכריות מנטוס מנטה 40יח' בגליל 38ג',פרפטי ואן מלה,NL,גליל מנטוס סוכריות לעיסה בטעם מנטה,גרמים,38.00,100 גרם,false,1,3.90,10.2632,true,1,12176
7290002752493,false,רביעיה סוכריות מנטה 4* 16 ג' טיק טק,פררו,EC,סוכריות טיק טק 64 1/4 גר.מנטה,גרמים,64.00,100 גרם,false,1,12.90,20.1563,true,1,2297
7290002753223,false,רביעייה סוכריות תפוז 4*16 ג' טיק טק,פררו,EC,טיק טק סוכריות דחוסות בטעם תפוז 64 גרם,גרמים,64.00,100 גרם,false,1,12.90,20.1563,true,1,2298
7290002753995,false,ערכת קישוטי עוגה 150 גר',היינץ צפון אמריקה מק,DE,6 סוגי דרז'ה צבעוני לקישוט 150 גרם,גרמים,150.00,100 גרם,false,1,19.90,13.2667,true,1,2299
7290002766056,false,עגבניות שרי קופסא ליח',רון שרי,IL,עגבניות שרי תמר לב 500 גרם,גרמים,500.00,100 גרם,false,1,7.90,1.5800,true,1,121786
7290002768043,false,"תיאדנט מי-פה ענק פלאוריד 150 מ""ל",טרופיקל דגיל תעשיות,IL,תיאדנט מי פה עם פלואוריד ללא אלכוהול 150 מל,מיליליטרים,150.00,"100 מ""ל",false,1,15.90,10.6000,true,1,2303
7290002771104,false,קפה אלנח'לה עם הל 500 ג',מולינו ניקולי s.p.a,IL,אל נחל'ה קפה קלוי וטחון עם הל 500 גרם,גרמים,500.00,100 גרם,false,1,34.90,6.9800,true,1,15309
7290002771111,false,קפה עם הל 250 ג' אלנח'לה,מולינו ניקולי s.p.a,IL,אל נחל'ה קפה קלוי וטחון עם הל 250 גרם,גרמים,250.00,100 גרם,false,1,17.90,7.1600,true,1,2306
7290002771128,false,קפה אלנח'לה בלי הל 250 ג',מולינו ניקולי s.p.a,IL,קפה תורכי נחלה 250 גרם,גרמים,250.00,100 גרם,false,1,17.90,7.1600,true,1,15310
7290002793311,false,שירות והחלפה מילוי גז 60 סודהסטרים,סודה סטרים,IL,שרות החלפה מילוי גז 60,יחידה,0.00,יחידה,false,1,59.00,0.0000,true,1,65636
7290002814016,false,"מסיר שומנים קר מתז סנט מוריץ 750מ""ל","קומפלקס כימיקלים בע""",IL,מסיר שומנים 750 מל,מיליליטרים,750.00,"100 מ""ל",false,1,16.90,2.2533,true,1,2348
7290002814054,false,סנט מוריץ מתז אנטרטיק מתז 1 ליטר,"קומפלקס כימיקלים בע""",IL,אנטרטיק ספריי מסיר אבנית סנט מוריץ 1 ליט,ליטרים,1.00,ליטר,false,1,12.90,12.9000,true,1,155947
7290002814078,false,סנט מוריץ נוזל לניקוי אמבט אנטרטיק 1ל',"קומפלקס כימיקלים בע""",IL,אנטרטיק תכשיר ניקוי 1 ליטר,ליטרים,1.00,ליטר,false,1,8.90,8.9000,true,1,2349
7290002814122,false,"ספריי אוויר 250 מ""ל fashion no.9 סנט מוריץ",סורה קוסמטיקס,TR,fashion no9 ספריי אוויר 250 מל,מיליליטרים,250.00,"100 מ""ל",false,1,13.90,5.5600,true,1,155948
7290002814153,false,שלישייה סבון אסלה לימון סנט מוריץ,מיס פלורה,TR,סבון אסלה מרוכז שלישיה לימון,יחידה,3.00,יחידה,false,1,11.90,3.9667,true,1,155949
7290002814221,false,שלישייה סבון אסלה לבנדר סנט מוריץ,מיס פלורה,TR,סבון אסלה מרוכז שלישיה לבנדר,יחידה,3.00,יחידה,false,1,11.90,3.9667,true,1,155950
7290002814283,false,"מילוי מכשיר אוויר 250 מ""ל fashion imagination סנט מוריץ",סורה קוסמטיקס,TR,fashion imagination מילוי מכשיר אוויר 25,מיליליטרים,250.00,"100 מ""ל",false,1,13.90,5.5600,true,1,155951
7290002814290,false,BLANCO קצף אקונומיקה מרוכז 1 ליטר בניחוח לימון,קומפלקס כימיקלים,IL,בלאנקו קצף אקונומיקה מרוכז 7% חומר פעיל,ליטרים,1.00,ליטר,false,1,12.90,12.9000,true,1,155952
7290002814351,false,"מילוי מכשיר אוויר 250 מ""ל fashion sweetie סנט מוריץ",סורה קוסמטיקס,TR,fashion sweetie מילוי מכשיר אוויר 250 מל,מיליליטרים,250.00,"100 מ""ל",false,1,13.90,5.5600,true,1,155953
7290002814481,false,עלמה שקיות מזון בקופסא 150 יח' מארז שלישיה,קומפלקס כימיקלים,IL,עלמה שקיות מזון 150 3,יחידה,1.00,יחידה,false,1,11.90,11.9000,true,1,155954
7290002814504,false,סנט מוריץ מגבונים לרצפה 10 יח' עם חור בית מלון בוטיק,קומפלקס כימיקלים,IL,סנט מוריץ מגבונים לרצפה 10 יחידות מלון,יחידה,1.00,יחידה,false,1,10.90,10.9000,true,1,156148
7290002814528,false,נוזל לניקוי האסלה סנט מוריץ 1 ליטר,"קומפלקס כימיקלים בע""",IL,נוזל לניקוי אסלות 1 ליטר,ליטרים,1.00,ליטר,false,1,6.90,6.9000,true,1,2350
7290002814542,false,סנט מוריץ שקיות אשפה 75*90 -25 יח',אסיר פלסט,TR,עלמה שקיות אשפה 25 יחידות 75 90,יחידה,25.00,יחידה,false,1,10.90,0.4360,true,1,155956
7290002814580,false,טורנדו גרגירים לפתיחת סתימות 200 גרם,"קומפלקס כימיקלים בע""",IL,טורנדו גרגירים לפתיחת סתימות גרם 200 מל,מיליליטרים,200.00,"100 מ""ל",false,1,14.90,7.4500,true,1,155957
7290002814634,false,כפפות לטקס ללא אבקה מידה S עלמה,קומפלקס כימיקלים,CN,עלמה כפפות לטקס ללא אבקה מידה S,יחידה,1.00,יחידה,false,1,23.90,23.9000,true,1,155958
7290002814641,false,כפפות לטקס ללא אבקה מידה M עלמה,קומפלקס כימיקלים,CN,עלמה כפפות לטקס ללא אבקה מידה M,יחידה,1.00,יחידה,false,1,23.90,23.9000,true,1,155959
7290002814658,false,כפפות לטקס ללא אבקה מידה L עלמה,קומפלקס כימיקלים,CN,עלמה כפפות לטקס ללא אבקה מידה L,יחידה,1.00,יחידה,false,1,23.90,23.9000,true,1,155960
7290002814665,false,סנט מוריץ - מרסס מסיר עובש 1 ליטר,קומפלקס כימיקלים,IL,מתז מסיר עובש 1 ליטר,ליטרים,1.00,ליטר,false,1,12.90,12.9000,true,1,155961
7290002814672,false,כפפות לטקס ללא אבקה מידה XL עלמה,קומפלקס כימיקלים,CN,עלמה כפפות לטקס ללא אבקה מידה XL,יחידה,1.00,יחידה,false,1,23.90,23.9000,true,1,155962
7290002814825,false,סבון אסלה כדוריות שלישייה אוקיינוס כחול,"קומפלקס כימיקלים בע""",TR,כדוריות אסלה אוקיינוס 1 3 יחידות,יחידה,3.00,יחידה,false,1,11.90,3.9667,true,1,155965
7290002814832,false,סבון אסלה סנט מוריץ כדוריות לוונדר 3 יח,"קומפלקס כימיקלים בע""",TR,כדורי סבון לאסלה לבנדר 3 יחידות,יחידה,3.00,יחידה,false,1,11.90,3.9667,true,1,155966
7290002814887,false,עלמה מגבונים לחים לרצפה 10 יחידות,,IL,סנט מוריץ מגבונים לחים לרצפה 10 יחידות,יחידה,10.00,יחידה,false,1,10.90,1.0900,true,1,155967
7290002814894,false,קצף אקונומיקה סנט מוריץ לוונדר 1 ליטר,קומפלקס כימיקלים,IL,אקונומיקה קצף לניקוי לבנדר סנט מוריץ 1 ל,ליטרים,1.00,ליטר,false,1,12.90,12.9000,true,1,155968
7290002814900,false,סבון אסלה סנט מוריץ כדוריות לימון 3 יח,"קומפלקס כימיקלים בע""",TR,סבון אסלה כדוריות לימון שלישיה,יחידה,3.00,יחידה,false,1,11.90,3.9667,true,1,155969
7290002814931,false,סנט מוריץ שמפו רצפות בניחוח פרחים 4 ליטר - מרכז,"קומפלקס כימיקלים בע""",IL,תכשיר מרוכז לניקוי רצפות בניחוח אורנים 4,ליטרים,4.00,ליטר,false,1,15.90,3.9750,true,1,155927
7290002814948,false,סנט מוריץ מגבוני דלי לרצפה 50 יחידות עם חור,קומפלקס כימיקלים,IL,סנט מוריץ מגבוני דלי לרצפה 50 יחידות,יחידה,50.00,יחידה,false,1,29.90,0.5980,true,1,156149
7290002824183,false,גבינה לבנה 5% שומן 500 ג' שטראוס,מיוצר עי קונדיטוריית,IL,סקי משפחתי 5%,גרמים,500.00,100 גרם,false,1,9.96,1.9920,true,1,2364
7290002824466,false,יוגורט דנונה ביו 0% 200 גרם,"שטראוס בריאות בע""מ",IL,דנונה ביו 0% 200 גרם,גרמים,200.00,100 גרם,false,1,3.70,1.8500,true,1,2365
7290002824640,false,גבינה שטראוס 5% 250 ג',מיוצר עי קונדיטוריית,IL,סקי 5% 250 גרם,גרמים,250.00,100 גרם,false,1,4.98,1.9920,true,1,2367
7290002825722,false,סלט כרוב אדום אחלה 5,מיוצר עי קונדיטוריית,IL,כרוב אדום 500,גרמים,500.00,100 גרם,false,1,14.90,2.9800,true,1,2372
7290002830184,false,פילה לברק קפוא במשקל.,יושלם,CN,דג פילה לברק נטו,קילוגרמים,1.00,"ק""ג",true,,54.90,54.9000,true,1,96388
7290002830948,false,גבינה מון בלאן עיזים 120 גר,סלס קרית מלאכי ישראל,IL,מון בלאן גבינת עיזים מותכת 120 גרם,גרמים,120.00,100 גרם,false,1,11.90,9.9167,true,1,68791
7290002833923,false,פרלמנט סילברPP חפיסה,פיליפ מוריס,,פרלמנט סילברPP חפיסה,יחידה,1.00,יחידה,false,1,40.50,40.5000,false,1,50837
7290002868996,false,קוטג' 5% מועשר טרה 250ג' מהדרין,טרה,IL,קוטג מועשר 5% טרה 250 גרם,גרמים,250.00,100 גרם,false,1,6.20,2.4800,true,1,31550
7290002871248,false,"בירה טובורג רד חוזר 500 מ""ל",מבשלות בירה בינלאומי,IL,"טובורג מלא חוזר חדש 500 מ""ל",מיליליטרים,500.00,"100 מ""ל",false,1,9.50,1.9000,true,1,2431
7290002871361,false,"קרלסברג בירה בק.חוזר 500 מ""ל",מבשלות בירה בינלאומי,IL,קלסברג בירה 500 מל,מיליליטרים,500.00,"100 מ""ל",false,1,9.50,1.9000,true,1,2432
7290002879282,false,ציפס חטיף תירס טבעי סומבררו 200 גרם,אן. וי סנק פוד,BE,חטיף ציפס תירס רגיל 200 גרם,גרמים,200.00,100 גרם,false,1,12.90,6.4500,true,1,55761
7290002879299,false,מלפפונים גדולים בחומ,דדוש דניאל,PL,מלפפונים גדולים בחומץ 860 גרם,גרמים,860.00,100 גרם,false,1,19.90,2.3140,true,1,55628
7290002879305,false,מלפפונים קטנים בחומץ,דדוש דניאל,PL,מלפפונים קטנים בחומץ 860 גרם,גרמים,860.00,100 גרם,false,1,20.70,2.4070,true,1,55635
7290002879435,false,כרוב כבוש גרין ואלי,פרנצוסקה,PL,כרוב כבוש 900 גרם,גרמים,900.00,100 גרם,false,1,18.70,2.0778,true,1,53397
7290002879633,false,וופל בלגי פלוטקין 550 גרם,אן.וי ביסקוויטרי טיז,BE,וופל בלגי 1/10 550 גרם,גרמים,550.00,100 גרם,false,1,24.90,4.5273,true,1,152282
7290002879886,false,רצועות מלפפונים בחומץ 680גרם Valley,פולן,,מלפפונים רצועות בחומץ 680 גרם,גרמים,680.00,100 גרם,false,1,20.90,3.0735,true,1,55820
7290002881414,false,תומר-אטריות ביציםעבו,אופאל,CN,נודלס עבה,יחידה,0.40,יחידה,false,1,5.90,14.7500,true,1,57916
7290002881513,false,חמאת בוטנים עם שברי בוטנים תמר 510 גר',,,חמאת בוטנים חתיכות,גרמים,500.00,100 גרם,false,1,12.90,2.5800,true,1,71392
7290002881551,false,עלי גפן בשמן זית ממולא 400ג תומר,אסמא קונסרב,TR,עלי גפן ממולאים באורז תומר 400 גרם,גרמים,400.00,100 גרם,false,1,10.90,2.7250,true,1,110859
7290002881988,false,סרדין מרוקאי בשמן ולימון 125 ג' תומר,תומר,IL,סרדין מרוקאי,יחידה,1.00,יחידה,false,1,5.40,5.4000,true,1,68711
7290002900566,false,פסטרמה ברביקיו דל שומן טירת צבי 360 ג',הנסיך- מפעל לייצור ט,IL,פסטרמה ברביקיו דל שומן טירת צבי 360 גרם,גרמים,360.00,100 גרם,false,1,30.90,8.5833,true,1,32843
7290002909569,false,דג ברבוניה פילה קפוא 400 ג',דולפין ספא,,פילה ברבוניה 400 גרם ארוז (נייזר),גרמים,400.00,100 גרם,false,1,29.90,7.4750,true,1,110802
7290002909576,false,בשר בקר טחון לקציצות ולקבב 500 ג' 12 יח',יוליניבר,IL,בשר בקר טחון לקציצות ולקבב 500 גרם,גרמים,500.00,100 גרם,false,1,21.90,4.3800,true,1,110803
7290002919179,false,"פילה אמנון 5-7 בוואקום ללא עור בד""ץ עד""ח",בלאדי,IL,אמנון פילה 5-9 פס עור בוואקום,קילוגרמים,1.00,"ק""ג",true,,36.00,36.0000,true,1,154611
7290002921165,false,"הזלין ספריי לניקוי מוצרי עור 400 מ""ל",יוליניבר,DE,יעקבי הזלין קונדישינר חלב שקוף לרהיטי עור 400 מל,מיליליטרים,400.00,"100 מ""ל",false,1,39.50,9.8750,true,1,2503
7290002921233,false,"קרבונה ניקוי יבש לכתמים שומניים 200 מ""ל",מנדלז סי.אר. פרודקשן,ES,מסיר כתמים קרבונה ספריי 170,מיליליטרים,170.00,"100 מ""ל",false,1,23.90,14.0588,true,1,15806
7290002921240,false,"שמפוזר מסיר כתים משטיחים קרבונה, 650 מ""ל",קרבונה Carbona,MX,יעקבי קרבונה מסיר כתמים מריפוד ושטיחים 650 מל,מיליליטרים,650.00,"100 מ""ל",false,1,27.90,4.2923,true,1,2504
7290002921332,false,סבון פלא אסטוניש מסיר כתמים 75גר,יעקובי אסטוניש,,יעקבי אסטוניש סבון הפלא מסיר כתמים 75 גרם,גרמים,75.00,100 גרם,false,1,18.90,25.2000,true,1,2505
7290002921349,false,דבק סופר גלו מארז זוגי,יעקובי סופר גלו,TR,דבק סופר גלו לוקטיט,גרמים,100.00,100 גרם,false,1,11.90,11.9000,true,1,2506
7290002927490,false,שיפודי פרגית,קצביית פרימיום,IL,שיפודי פרגית,קילוגרמים,1.00,"ק""ג",true,,79.90,79.9000,true,1,149527
7290002929536,false,שלושת האופים קובה למ,האי נאם סי או אל.טי.,IL,"קובה למרק 600 גר """,גרמים,600.00,100 גרם,false,1,17.90,2.9833,true,1,99336
7290002929635,false,טונה בשמן 140 ג' ויליגר,"ויליגר תעשיות בע""מ",IL,ויליגר נתחי טונה בהירה בשמן 140 גרם,גרמים,140.00,100 גרם,false,1,5.90,4.2143,true,1,108239
7290002929642,false,טונה וילגר בשמן רביעיה * 140 ג',דיאמנט פוד פרודקט קו,TH,טונה ויליגר בשמן 140 גרם 1\4,גרמים,560.00,100 גרם,false,1,21.90,3.9107,true,1,100932
7290002971030,false,קמח שיפון מלא מס 7 1 קג,מיוצר עי קונדיטוריית,IL,שטיבל 7 - קמח שיפון מלא 1 קג,קילוגרמים,1.00,"ק""ג",false,1,6.50,6.5000,true,1,2550
7290002971092,false,שטיבל.6קמח מלא שטיבל,שטיבל טחנות קמח,IL,"שטיבל 6 קמח מלא שטיבל 1 ק""ג",קילוגרמים,1.00,"ק""ג",false,1,9.80,9.8000,true,1,2551
7290002971214,false,"קמח לחם מעושר מס 2 1 ק""ג",מיוצר עי קונדיטוריית,IL,שטיבל 2 - קמח לחם 1 קג,קילוגרמים,1.00,"ק""ג",false,1,6.50,6.5000,true,1,2553
7290002986652,false,גטניו פתי בר שוקו 470 גרם,"אחים גטניו בע""מ",IL,ביסקוויט פתיבר שוקו גטניו 470 גרם,גרמים,470.00,100 גרם,false,1,9.90,2.1064,true,1,34755
7290002987963,false,"סלט חומוס אחלה 1 ק""ג",מיוצר עי קונדיטוריית,IL,חומוס אחלה 1 קג,קילוגרמים,1.00,"ק""ג",false,1,15.70,15.7000,true,1,2560
7290003009183,false,"סירופ דיאט תפוחים פריגת 750 מ""ל",סירופ - גבעת חיים,IL,"סירופ דיאט פריגת תפוחים 750 מ""ל",מיליליטרים,750.00,"100 מ""ל",false,1,24.60,3.2800,true,1,31364
7290003009312,false,בוטן קלוי קלית גת 200 ג',הדקלאים אגודת שיתופי,IL,בוטן קלוי 200 גר' שק',גרמים,200.00,100 גרם,false,1,7.90,3.9500,true,1,12265
7290003009329,false,בוטן אמריקאי קלית גת 200 ג',הדקלאים אגודת שיתופי,IL,בוטן אמריק'200 גר'שק (ב(24,גרמים,200.00,100 גרם,false,1,6.90,3.4500,true,1,12178
7290003009336,false,קבוקים מצופים קליית,הדקלאים אגודת שיתופי,IL,קבוקים 200 גר'שק'ב24,גרמים,200.00,100 גרם,false,1,6.90,3.4500,true,1,13873
7290003009572,false,סירופ פריגת תפוזים 1,סירופ - גבעת חיים,IL,"פריגת תפוזים, 1.5 ליטר",ליטרים,1.50,ליטר,false,1,21.90,14.6000,true,1,31343
7290003009596,false,"סירופ דיאט אשכוליות פריגת 750 מ""ל",סירופ - גבעת חיים,IL,"סירופ דיאט אשכוליות 750 מ""ל",מיליליטרים,750.00,"100 מ""ל",false,1,24.60,3.2800,true,1,31345
7290003009626,false,סירופ פריגת פטל 1.5,סירופ - גבעת חיים,IL,"פריגת, סירופ פטל, 1.5 ליטר",ליטרים,1.50,ליטר,false,1,21.90,14.6000,true,1,31348
7290003009640,false,מיץ סחוט תפוזים 1 ל' פריגת,פריגת מצוננים,IL,סחוט תפוזים קלאסי 1 ליטר,ליטרים,1.00,ליטר,false,1,16.50,16.5000,true,1,2632
7290003015627,false,ריצפז פרש 2 ליטר אפרסק מרכז,"סנו מפעלי ברונוס בע""",IL,ריצפז סנופרש אפרסק 2 ליטר,ליטרים,2.00,ליטר,false,1,18.90,9.4500,true,1,34788
7290003015641,false,סנו ריצפז פרש 2 ליטר יסמין,סנו ריצפז,IL,ריצפז סנופרש יסמין 2 ליטר,ליטרים,2.00,ליטר,false,1,18.90,9.4500,true,1,34790
7290003029181,false,משקה יטבתה שוקו' בקבוק 1ל מהדרין,שטראוס גרופ,IL,שוקו 1 ליטר,ליטרים,1.00,ליטר,false,1,12.90,12.9000,true,1,2721
7290003029372,false,משקה חלב בננה בקבוק 1ל' יוטבתה,שטראוס גרופ,IL,בננה 1 ליטר,ליטרים,1.00,ליטר,false,1,12.90,12.9000,true,1,2725
7290003029389,false,"משקה חלב בננה פקק ספורט 250 מ""ל יוטבתה",שטראוס גרופ,IL,"בננה פקק 250 מ""ל",מיליליטרים,250.00,"100 מ""ל",false,1,5.50,2.2000,true,1,2726
7290003029433,false,"משקה יטבתה שוקו פקק 250 מ""ל מהדרין",שטראוס גרופ,IL,"שוקו יטבתה פקק ספורטאים 250 מ""ל",מיליליטרים,250.00,"100 מ""ל",false,1,5.50,2.2000,true,1,2728
7290003029532,false,מוקה בקבוק 1 ל' יוטבתה,שטראוס גרופ,IL,מוקה 1 ליטר,ליטרים,1.00,ליטר,false,1,12.90,12.9000,true,1,2730
7290003029792,false,"משקה יטבתה שוקו שקיות מהדרין מארז 225X8מ""ל",שטראוס גרופ,IL,מארז שוקו יטבתה 8 שקיות,ליטרים,1.80,ליטר,false,1,17.80,9.8889,true,1,31569
7290003029815,false,חלב יוטבתה מועשר 3% בכד 2ל',שטראוס גרופ,IL,חלב מועשר 3% בכד יטבתה 2 ליטר,ליטרים,2.00,ליטר,false,1,15.60,7.8000,true,1,31923
7290003047642,false,תה שחור יילו לייבל 100*1.5 ג' שקיק ליפטון,"יונילוור רוסייה בע""מ",RU,תה שחור יילו לייבל,גרמים,150.00,100 גרם,false,1,18.90,12.6000,true,1,2750
7290003054183,false,מסטמכר לחם שיפון מלא 500ג,מרום את קונפינו,DE,לחם שיפון מסטמכר 500 גרם,גרמים,500.00,100 גרם,false,1,14.90,2.9800,true,1,2769
7290003054206,false,מסטמכר לחם שיפון עם זרעי חמניות 500ג,מרום את קונפינו,DE,לחם שיפון+חמניות מסטמכר 500 גרם,גרמים,500.00,100 גרם,false,1,14.90,2.9800,true,1,2771
7290003054213,false,מסטמכר לחם שיפון כפרי 500ג,מרום את קונפינו,DE,לחם שיפון כפרי מסטמכר 500 גרם,גרמים,500.00,100 גרם,false,1,14.90,2.9800,true,1,2772
7290003054220,false,מסטמכר לחם שיפון פומפרניקל 500ג,מסטמאכר ג'.אמ.בי.הי,DE,מסטמכר לחם שיפון פומפרניקל בנוסח ווסטפליה 500 גרם,גרמים,500.00,100 גרם,false,1,14.90,2.9800,true,1,2773
7290003054657,false,חרדל דיזון אקסטרה פורטה 370 גרם,מרום את קונפינו,FR,חרדל דיז'ון אקסטרא פורטה 370 גרם,גרמים,370.00,100 גרם,false,1,12.90,3.4865,true,1,2776
7290003055128,false,טישו פיור 100 יח,חיי נייר,IL,טישו פיור 100 יח,יחידה,1.00,יחידה,false,1,3.90,3.9000,true,1,143486
7290003060009,false,קמח בהיר טחנות ישראל,טחנות ישראליות,IL,"קמח חיטה לבן 1 ק""ג סוגת",קילוגרמים,1.00,"ק""ג",false,1,5.90,5.9000,true,1,2794
7290003060023,false,"סולת חיטה 1 ק""ג אריזות ירושלים",טחנות ישראליות,IL,"סולת חיטה 1 ק""ג טחנות ישראליות",קילוגרמים,1.00,"ק""ג",false,1,5.70,5.7000,true,1,2795
7290003060047,false,קמח תופח טחנות ישראל,טחנות ישראליות,IL,"קמח תופח בשקית 1 ק""ג",קילוגרמים,1.00,"ק""ג",false,1,5.90,5.9000,true,1,24129
7290003060078,false,קמח שיפון מלא טחנות,טחנות ישראליות,IL,"קמח שיפון מלא טחנות ישראליות 1 ק""ג",קילוגרמים,1.00,"ק""ג",false,1,4.90,4.9000,true,1,152876
7290003060276,true,קמח בהיר מנופה,,,קמח בהיר מנופה,קילוגרמים,1.00,"ק""ג",false,1,8.90,8.9000,true,1,131484
7290003072842,false,חזה אווז טירת צבי 12,הנסיך- מפעל לייצור ט,IL,"טירת צבי, חזה אווז מעושן, ללא גלוטן, 100 גר'",גרמים,120.00,100 גרם,false,1,26.90,22.4167,true,1,143420
7290003072859,false,רוסטביף כתף בקר צלוי,הנסיך- מפעל לייצור ט,IL,טירת צבי דלקטיב רוסטביף 120 גרם,מיליליטרים,120.00,"100 מ""ל",false,1,26.90,22.4167,true,1,143751
7290003072965,false,קבנוס חריף מעושן טירת צבי 120 גרם,טירת- צבי,IL,קבנוס טירת צבי חריף מעושן 120 גרם,גרמים,120.00,100 גרם,false,1,11.90,9.9167,true,1,149247
7290003072972,false,קבנוס בתיבול מעושן טירת צבי 120 גרם,טירת- צבי,IL,קבנוס טירת צבי תיבול שום 120 גרם,גרמים,120.00,100 גרם,false,1,11.90,9.9167,true,1,149248
7290003102136,false,צמר גפן COTTON SOFT רפואי 100 גר' 3102136,הדקלאים אגודת שיתופי,TR,צמר גפן מכותנה טבעית 100 גרם,גרמים,100.00,100 גרם,false,1,4.90,4.9000,true,1,86349
7290003102419,false,כפפות ניילון 100 יח,,CN,כפפות ניילון 100 יח בקופסא איזי טאצ,יחידה,1.00,יחידה,false,1,6.90,6.9000,true,1,143402
7290003102976,false,צימרוני אוזניים בקופסה/בכוס/אוולי 200 יח,הדקלאים אגודת שיתופי,CN,צימרוני פלסטיק צבעוניים 200 יחידות,יחידה,1.00,יחידה,false,1,4.90,4.9000,true,1,87637
7290003120475,false,בירה שחורה מאלטי חוז,מבשלות בירה בינלאומי,IL,"מאלטי מלא חוזר 500 מ""ל",מיליליטרים,500.00,"100 מ""ל",false,1,5.80,1.1600,true,1,2839
7290003126712,false,"משק צוריאל יוגורט עיזים 3% ביו 140מ""ל",מחלבת משק צוריאל,IL,יוגורט עיזים 3.9% 150 גרם צוריאל,גרמים,150.00,100 גרם,false,1,6.90,4.6000,true,1,35308
7290003131266,false,גרעין שחור קלוי,אוליבלס SA,,גרעין שחור קלוי במשקל,קילוגרמים,1.00,"ק""ג",true,,39.00,39.0000,true,1,118178
7290003131310,false,בוטנים טיבעי במשקל,אוליבלס SA,,בוטנים טיבעי במשקל,קילוגרמים,1.00,"ק""ג",true,,29.00,29.0000,true,1,118253
7290003131341,false,אלמונדוס,אוליבלס SA,,אלמונדוס במשקל,קילוגרמים,1.00,"ק""ג",true,,59.00,59.0000,true,1,118189
7290003131358,false,שזיף מגולען,אוליבלס SA,,שזיף מגולען במשקל,קילוגרמים,1.00,"ק""ג",true,,49.00,49.0000,true,1,118168
7290003141159,false,יוגטה מרשמלו תות וניל 180 גרם,מוטקה החולב,IL,מרשמלו יוגטה 180 גרם,גרמים,180.00,100 גרם,false,1,8.90,4.9444,true,1,91721
7290003143139,false,סילאן תמרים קלית גת 900 ג',"טעמי הגליל בע""מ",IL,סילאן קליית גת 900 גר,גרמים,900.00,100 גרם,false,1,14.90,1.6556,true,1,108875
7290003143146,false,ממרח תמרים קליית גת 450 גרם,הדקלאים אגודת שיתופי,IL,ממרח תמרים 450 קלית גת,גרמים,450.00,100 גרם,false,1,6.50,1.4444,true,1,95119
7290003144075,false,עוגה אישית שוקולד ונ,פרדי קונדטוריה אס.פי,,עוגה אישית שוקולד וניל צוקטה 30 גרם,גרמים,30.00,100 גרם,false,1,1.90,6.3333,true,1,110782
7290003144310,false,תערובת אגוזים וחמוציות קליית גת 150 גרם,ליימן מותגים,IL,תע'אגוזים וחמוציות 150 גר,גרמים,150.00,100 גרם,false,1,19.90,13.2667,true,1,118155
7290003144693,false,סוכריות יוגוטה טופי,מוטקה החולב,TR,טופי יוגטה חדש 850 גרם,גרמים,850.00,100 גרם,false,1,24.90,2.9294,true,1,114585
7290003145751,false,קשיו קלוי קליית גת 200 גר,הדקלאים אגודת שיתופי,IL,"קליית גת אגוזי קלויים, 200 גרם",גרמים,200.00,100 גרם,false,1,19.90,9.9500,true,1,50461
7290003145768,false,בוטנים אמריקאיים 50גר קליית גת,ששון ושות' (ש.ת. תעש,IL,בוטן אמריקאי 50X42 גר',גרמים,50.00,100 גרם,false,1,2.90,5.8000,true,1,48924
7290003145959,false,פקאן טבעי 150 גרם קליית גת,ליימן מותגים,IL,פקאן טבעי 150 גרם,יחידה,150.00,יחידה,false,1,23.90,0.1593,true,1,57864
7290003163939,false,מעדני הטלה נקניקיות,מעדני הטלה,IL,"נקניקיות גריל 1.5 ק""ג",קילוגרמים,1.50,"ק""ג",false,1,33.90,22.6000,true,1,81776
7290003185719,false,קבב רומני 500 גרם,טיבון ויל אחזקות בעמ,IL,קבב רומני 500 גרם,גרמים,500.00,100 גרם,false,1,19.90,3.9800,true,1,2916
7290003187843,false,בקר 100% טחון עגל טי,מולינו ניקולי s.p.a,IL,טיבון ויל 100% עגל טחון 500 גרם,גרמים,500.00,100 גרם,false,1,27.90,5.5800,true,1,2939
7290003192013,false,רביולי {בוטן בטעם גר,אוליבלס SA,,רביולי {בוטן בטעם גריל} במשקל,קילוגרמים,1.00,"ק""ג",true,,80.00,80.0000,true,1,118298
7290003192014,false,פקאן טיבעי במשקל,אוליבלס SA,,פקאן טיבעי במשקל,קילוגרמים,1.00,"ק""ג",true,,130.00,130.0000,true,1,118246
7290003192015,false,מייאסי {בוטנים בטעם,אוליבלס SA,,מייאסי {בוטנים בטעם תירס} במשקל,קילוגרמים,1.00,"ק""ג",true,,70.00,70.0000,true,1,118296
7290003192021,false,אפונה קלוי במשקל,אוליבלס SA,,אפונה קלוי במשקל,קילוגרמים,1.00,"ק""ג",true,,50.00,50.0000,true,1,118301
7290003192022,false,בוטנים אמריקאים במשק,אוליבלס SA,,בוטנים אמריקאים במשקל,קילוגרמים,1.00,"ק""ג",true,,39.00,39.0000,true,1,118300
7290003192558,false,בוטנים מולבנים,אוליבלס SA,,בוטנים מולבנים במשקל,קילוגרמים,1.00,"ק""ג",true,,29.00,29.0000,true,1,118254
7290003192618,false,צנובר במשקל,אוליבלס SA,,צנובר במשקל,קילוגרמים,1.00,"ק""ג",true,,200.00,200.0000,true,1,118251
7290003208586,false,"וורמוט מרטיני לבן 750 מ""ל",מרטיני ורוסי,IT,"מרטיני ביאנקו וורמוט לבן מתוק 750 מ""ל",מיליליטרים,750.00,"100 מ""ל",false,1,54.90,7.3200,true,1,66716
7290003208609,false,"וורמוט מרטיני אדום מתוק 750 מ""ל",מרטיני ורוסי,IT,"מרטיני רוסו וורמוט אדום מתוק 750 מ""ל",מיליליטרים,750.00,"100 מ""ל",false,1,54.90,7.3200,true,1,66718
7290003208890,false,"וודקה פילנדיה 200 מ""ל",יושלם,,"וודקה פינלנדיה 200 מ""ל",מיליליטרים,200.00,"100 מ""ל",false,1,29.90,14.9500,true,1,78761
7290003210114,false,מארז טרופיות 40 יחיד,בוסתן,IL,טרופית בוסתן 200 מל,מיליליטרים,200.00,"100 מ""ל",false,1,2.90,1.4500,true,1,126871
7290003211135,false,תירס פופקורן בשקילה,אוליבלס SA,,תירס פופקורן במשקל,קילוגרמים,1.00,"ק""ג",true,,16.00,16.0000,true,1,118241
7290003211227,false,משמש מיובש,אוליבלס SA,,משמש מיובש במשקל,קילוגרמים,1.00,"ק""ג",true,,59.00,59.0000,true,1,118165
7290003211302,false,גרעין לבן קלוי,אוליבלס SA,,גרעין לבן קלוי במשקל,קילוגרמים,1.00,"ק""ג",true,,49.00,49.0000,true,1,118179
7290003211319,false,קבוקים,אוליבלס SA,,קבוקים במשקל,קילוגרמים,1.00,"ק""ג",true,,39.00,39.0000,true,1,118188
7290003211357,false,צימוק לבן/חום,אוליבלס SA,,צימוק לבן/חום במשקל,קילוגרמים,1.00,"ק""ג",true,,49.00,49.0000,true,1,118170
7290003211388,false,סוכריות במשקל,אוליבלס SA,,סוכריות במשקל,קילוגרמים,1.00,"ק""ג",true,,49.00,49.0000,true,1,118258
7290003211418,false,צימוק ענק זמבו,אוליבלס SA,,צימוק ענק זמבו במשקל,קילוגרמים,1.00,"ק""ג",true,,59.00,59.0000,true,1,118169
7290003211975,false,קשיו קלוי,אוליבלס SA,,קשיו קלוי במשקל,קילוגרמים,1.00,"ק""ג",true,,109.00,109.0000,true,1,118306
7290003211982,false,מנציס,אוליבלס SA,,מנציס במשקל,קילוגרמים,1.00,"ק""ג",true,,69.00,69.0000,true,1,118181
7290003211999,false,פקאן סיני,אוליבלס SA,,פקאן סיני במשקל,קילוגרמים,1.00,"ק""ג",true,,120.00,120.0000,true,1,118190
7290003213016,false,חטיף אורז חריף,אוליבלס SA,,חטיף אורז חריף במשקל,קילוגרמים,1.00,"ק""ג",true,,69.00,69.0000,true,1,118182
7290003213030,false,גרעין אבטיח קלוי,אוליבלס SA,,גרעין אבטיח קלוי במשקל,קילוגרמים,1.00,"ק""ג",true,,68.00,68.0000,true,1,118180
7290003213108,false,פול קליפה קלוי מטוגן,אוליבלס SA,,פול קליפה קלוי מטוגן,קילוגרמים,1.00,"ק""ג",true,,59.00,59.0000,true,1,118183
7290003213344,false,חמוציות,אוליבלס SA,,חמוציות,קילוגרמים,1.00,"ק""ג",true,,49.00,49.0000,true,1,118172
7290003213375,false,שקד טבעי במשקל,אוליבלס SA,,שקד טבעי במשקל,קילוגרמים,1.00,"ק""ג",true,,89.00,89.0000,true,1,118244
7290003213382,false,אגוז מלך במשקל,אוליבלס SA,,אגוז מלך במשקל,קילוגרמים,1.00,"ק""ג",true,,79.00,79.0000,true,1,118245
7290003213450,false,תמר מגהול במשקל,אוליבלס SA,IL,תמר מגהול במשקל,קילוגרמים,1.00,"ק""ג",true,,59.00,59.0000,true,1,118159
7290003213696,false,בוטנים קלוים,אוליבלס SA,,בוטנים קלוים במשקל,קילוגרמים,1.00,"ק""ג",true,,39.00,39.0000,true,1,118184
7290003213702,false,קשיו טיבעי במשקל,אוליבלס SA,,קשיו טיבעי במשקל,קילוגרמים,1.00,"ק""ג",true,,89.00,89.0000,true,1,118250
7290003213740,false,שקד קלוי,אוליבלס SA,,שקד קלוי במשקל,קילוגרמים,1.00,"ק""ג",true,,109.00,109.0000,true,1,118176
7290003213825,false,פיסטוק קלוי במשקל,אוליבלס SA,,פיסטוק קלוי במשקל,קילוגרמים,1.00,"ק""ג",true,,109.00,109.0000,true,1,118305
7290003213887,false,חמוצים משקל,אוליבלס SA,,חמוצים משקל,קילוגרמים,1.00,"ק""ג",true,,59.00,59.0000,true,1,118256
7290003220380,false,עוגיות סנדוויץ שוקו 150 ג' נאפה מעדני מלך,אחים פפושדו,IL,מעדני מלך סנדוויץ שוקו 150ג,גרמים,150.00,100 גרם,false,1,4.50,3.0000,true,1,152668
7290003220397,false,עוגיות סנדוויץ וניל 150 ג' נאפה מעדני מלך,אחים פפושדו,IL,מעדני מלך סנדוויץ וניל 150ג,גרמים,150.00,100 גרם,false,1,4.50,3.0000,true,1,152669
7290003220434,false,פתי פר מעדני המלך וניל 110 גרם,מגדנית הדר,IL,ביסקוויט פתיבר וניל מעדני המלך 110 גרם,גרמים,110.00,100 גרם,false,1,3.50,3.1818,true,1,113003
7290003220441,false,פתי בר מעדני המלך שוקו 110 גרם,מגדנית הדר,IL,ביסקוויט פתיבר שוקו מעדני המלך 110 גרם,גרמים,110.00,100 גרם,false,1,3.50,3.1818,true,1,113004
7290003220526,false,"WOK רוטב צ'ילי חריף 700 מ""ל",THAI PREEDA TRADING,,"רוטב WOK צילי חריף 700 מ""ל",מיליליטרים,700.00,"100 מ""ל",false,1,13.90,1.9857,true,1,82854
7290003220533,false,"רוטב צ'ילי מתוק ווק 700 מ""ל",תאי פרידה אינדסטרי ב,TH,"רוטב WOK צילי מתוק 700 מ""ל",מיליליטרים,700.00,"100 מ""ל",false,1,13.90,1.9857,true,1,66647
7290003220588,false,"רוטה צ'ילי מתוק ללא סוכר 700 מ""ל WOK",תאי פרידה אינדסטרי ב,TH,"רוטב צילי מתוק דיאט 700 מ""ל W",מיליליטרים,700.00,"100 מ""ל",false,1,15.90,2.2714,true,1,77155
7290003220595,false,"ווק אורז לסושי 1 ק""ג WOK","מיה תעשיות מזון בע""מ",IL,"אורז לסושי WOK שקית 1 ק""ג",קילוגרמים,1.00,"ק""ג",false,1,13.90,13.9000,true,1,77158
7290003220649,false,שמן שומשום 100% טהור,הו צ'קינג הינג אוי פ,SG,"ווק שמן שומשום 100% 150 מ""ל",מיליליטרים,150.00,"100 מ""ל",false,1,13.90,9.2667,true,1,111450
7290003220700,false,ווק מחצלת לגלגול סוש,קוסומאי במבוק,,מחצלת לסושי WOK,לא מנהל יחידת מידה,0.00,לא מנהל יחידת מידה,false,1,6.90,0.0000,true,1,89717
7290003220717,false,ווק נורי סילבר 10 דפים WOK,ג'י וואן גלובול נאט,TH,אצות נורי סילוור 10 דפים 25 גרם,גרמים,25.00,100 גרם,false,1,11.90,47.6000,true,1,77157
7290003220724,false,צופ-סטיקס חד פעמי 20,קוסומאי במבוק,,צופ-סטיקס חד פעמי 20 זוגות,Unknown,0.00,Unknown,false,1,6.90,0.0000,true,1,89718
7290003220748,false,"ווק סויה לתיבול\בהירה WOK 640 מ""ל",ליאנג סאנג האנד הואד,TH,"רוטב סויה בהירה 640 מ""ל",מיליליטרים,640.00,"100 מ""ל",false,1,14.90,2.3281,true,1,77213
7290003220779,false,"ווק אטריות אורז עובי 3 מ""מ 400 גרם",אסיאן סופירה פודס חב,TH,"ווק אטריות אורז עובי 3 מ""מ 400 גרם",גרמים,400.00,100 גרם,false,1,9.90,2.4750,true,1,104592
7290003220786,false,"אטריות אורז ללא גלוטן 5 מ""מ 400 ג' WOK",אסיאן סופירה פודס חב,TH,מקלות אורז מס 5 400 גרם,גרמים,400.00,100 גרם,false,1,9.90,2.4750,true,1,100035
7290003220830,false,ווק חומץ אורז יסמין,דיאמונד פריזרוד פודס,TH,"ווק חומץ אורז יסמין 500מ""ל WOK",מיליליטרים,500.00,"100 מ""ל",false,1,15.90,3.1800,true,1,100013
7290003220878,false,רוטב מירין לתיבול סו,דיאמונד פריזרוד פודס,TH,"ווק רוטב מירין לתיבול 500מ""ל WOK",מיליליטרים,500.00,"100 מ""ל",false,1,18.90,3.7800,true,1,98863
7290003220939,false,אטריות אורז דקיקות ללא גלוטן 400 ג' WOK,אסיאן סופירה פודס חב,TH,מקלוני אורז דקים 400 גרם,גרמים,400.00,100 גרם,false,1,9.90,2.4750,true,1,104593
7290003220977,false,עוגיות חצי ירח מצופה 175 נאפה מעדני מלך,מגדנית הדר,IL,עוגיות מצופות מעדני המלך 175 גר,גרמים,175.00,100 גרם,false,1,7.90,4.5143,true,1,150179
7290003224036,false,אוכמניות כחולות גולוביקה,מאמא מרי,US,אוכמניות כחולות 300,גרמים,300.00,100 גרם,false,1,19.90,6.6333,true,1,60887
7290003224142,false,"בלינצ'ס תפ""א ופטריות 7 יחידות",מאמא מרי,IL,בלינצס תפוח אדמה ופטריות 400 גרם,גרמים,400.00,100 גרם,false,1,19.90,4.9750,true,1,125650
7290003224173,false,בלינצ'יס פטריות 7 יחידות,"מאמא מרי בע""מ",IL,בלינצס פטריות 400 גרם,גרמים,400.00,100 גרם,false,1,19.90,4.9750,true,1,125649
7290003224333,false,דובדבן חמוץ מאמאמרי,מאמא מרי,IL,דובדבן חמוץ מאמאמרי 300 גרם,גרמים,300.00,100 גרם,false,1,12.90,4.3000,true,1,52073
7290003224456,false,"כיסונים בשר סיבירסקי מאמא מרי 1 ק""ג",מאמא מרי,,"כיסונים בשר מאמאמרי 1 ק""ג",קילוגרמים,1.00,"ק""ג",false,1,31.90,31.9000,true,1,2990
7290003224463,false,"כיסונים בשר - אוקראינסקי 1 ק""ג",מאמא מרי,,"כיסונים בשר מאמאמרי 1ק""ג",קילוגרמים,100.00,"ק""ג",false,1,31.90,0.3190,true,1,2991
7290003229109,false,פסטרמה בפפריקה 400 גרםטירת צבי,הנסיך- מפעל לייצור ט,IL,פסטרמה בפפריקה טירת צבי 400 גרם,גרמים,400.00,100 גרם,false,1,30.90,7.7250,true,1,3006
7290003229116,false,פסטרמה בדבש 400 גרםטירת צבי,הנסיך- מפעל לייצור ט,IL,פסטרמה בדבש טירת צבי 400 גרם,גרמים,400.00,100 גרם,false,1,30.90,7.7250,true,1,3007
7290003229123,false,פסטרמה על גחלים 400 גרםטירת צבי,הנסיך- מפעל לייצור ט,IL,פסטרמה על גחלים טירת צבי 400 גרם,גרמים,400.00,100 גרם,false,1,30.90,7.7250,true,1,3008
7290003229147,false,נקניק סלמי איטלקי טירת צבי 300 ג',הנסיך- מפעל לייצור ט,IL,נקניק סלמי איטלקי טירת צבי 300 גרם,גרמים,300.00,100 גרם,false,1,31.90,10.6333,true,1,3009
7290003229154,false,סלמי קוניאק מובחר טירת צבי 300 ג',הנסיך- מפעל לייצור ט,IL,נקניק סלמי קוניאק מובחר טירת צבי 300 גרם,גרמים,300.00,100 גרם,false,1,31.90,10.6333,true,1,3010
7290003229192,false,כתף בקר מעושן טירת צבי 400 ג' צבי,טיב טירת צבי 2000,IL,"טירת צבי, פסטרמה כתף בקר מעושנת 400 גרם",גרמים,400.00,100 גרם,false,1,34.90,8.7250,true,1,3011
7290003229222,false,סלמי תה משובח 300 גרטירת צבי,הנסיך- מפעל לייצור ט,IL,סלמי תה 300גרם,גרמים,300.00,100 גרם,false,1,23.90,7.9667,true,1,80811
7290003251018,false,קרם ידיים רגליים סיל,ש.שוורץ,,קרם ידיים רגליים סיליקון 250,יחידה,1.00,יחידה,false,1,17.90,17.9000,true,1,152777
7290003251070,false,שעווה טבעית למיקרו שוורץ 500גר,ש.שוורץ,IL,שעווה טבעית לגוף 500 מיקרוגל,מיליליטרים,500.00,"100 מ""ל",false,1,14.90,2.9800,true,1,120923
7290003251148,false,נייר שעווה 50 דפים,ש.שוורץ,IL,50נייר שעווה,יחידה,1.00,יחידה,false,1,19.90,19.9000,true,1,151611
7290003251308,false,אציטון משובח 100מל,שוורץ,,"אציטון 100 מ""ל",מיליליטרים,100.00,"100 מ""ל",false,1,3.90,3.9000,true,1,51271
7290003260102,false,סנו סופט נ.טואלט 12 גלילים,שניר תעשיות,,נייר טואלט משי קומפקט 12 יח,מטרים,70700.00,מטר,false,1,37.90,0.0005,true,1,49633
7290003268252,false,לחם חיטה מלא לילדים 750 ג' דגנית עין בר,יוניליוור גרמניה Gm,IL,לחם ילדים,גרמים,750.00,100 גרם,false,1,14.90,1.9867,true,1,110312
7290003268641,false,דגנית עין בר חלה מתוקה מיוחדת 500 גרם,מולינו ניקולי s.p.a,IL,חלה מתוקה 500 גרם,גרמים,500.00,100 גרם,false,1,14.90,2.9800,true,1,117027
7290003268764,false,חלה רגילה 500 גרם,מולינו ניקולי s.p.a,IL,חלה רגילה 500 גרם,גרמים,500.00,100 גרם,false,1,5.17,1.0340,true,1,24607
7290003287956,false,בלדי פילה לברק יפני 5-7 בוואקום,בלדי פרטי,,פילה לברק 5-7 ואקום,קילוגרמים,1.00,"ק""ג",true,,47.90,47.9000,true,1,102607
7290003321155,false,יוגורט בר עם פקאן מצופה שוקולד 183 ג' דנונה,"שטראוס בריאות בע""מ",IL,דנונה בר פקאן,גרמים,175.00,100 גרם,false,1,4.80,2.7429,true,1,3115
7290003321292,false,גבינה לבנה 9% שומן 250 ג' שטראוס,מיוצר עי קונדיטוריית,IL,סקי 9% 250 גרם,גרמים,250.00,100 גרם,false,1,4.90,1.9600,true,1,3116
7290003387205,false,ספיד סטיק - דאודורנט סטיק לגבר רגולר,הנסיך- מפעל לייצור ט,US,דאודורנט ספיד סטיק רגולר 56.6 גרם,גרמים,70.00,100 גרם,false,1,21.90,31.2857,true,1,3171
7290003400500,false,חטיף הרשי ריזס נאטרייגיס 47 גרם,ליימן מותגים,US,שוקולד ריזס קרמל עם בוטנים 47 גרם,גרמים,47.00,100 גרם,false,1,4.90,10.4255,true,1,97352
7290003402809,false,חטיף הרשי ריזס שוקולד לבן 39 גר,ליימן מותגים,US,שוקולד ריזס לבן 39 ג,גרמים,39.00,100 גרם,false,1,4.90,12.5641,true,1,145107
7290003411238,false,שמרים יבשים נמסים הנ,ברוגמאן גנט,BE,ברוגמאן שמרים יבשים מוכנים 500 גרם,גרמים,500.00,100 גרם,false,1,15.90,3.1800,true,1,50732
7290003411313,false,הנמל מפה מבד לא ארוג 180*120,שיווק: הנמל אריזות ו,IL,הנמל מפת שולחן אל בד 180X120 סמ,Unknown,0.00,Unknown,false,1,5.90,0.0000,true,1,18770
7290003411405,false,נר נשמה להבית 24 שעות,מיוצר בסין.יבוא ושיו,CN,הנמל נר נשמה פח 24 שעות,יחידה,1.00,יחידה,false,1,1.90,1.9000,true,1,108549
7290003411528,false,מלית למילוי קינמון 4,"פוליבה בע""מ",IL,פוליבה מלית קינמון 450 גרם,גרמים,450.00,100 גרם,false,1,13.90,3.0889,true,1,16388
7290003411696,false,"מרקיות לבן ח""פ הנמל 25 יח'",פלסטכים תורכיה,IL,הנמל מרקיות לבן 25 יחידות,יחידה,0.00,יחידה,false,1,10.90,0.0000,true,1,12988
7290003411726,false,קיסמי שיניים מלחיה הנמל 300יח',הנמל אריזות ושיווק ב,IL,קסמים מלחיה 300 יחידות,לא מנהל יחידת מידה,0.00,לא מנהל יחידת מידה,false,1,4.90,0.0000,true,1,16614
7290003411993,false,גפרורים הנמל 10 יחיד,"איטיליאן פוד, אס.פי.",SE,הנמל גפרורים 10 יחידות,לא מנהל יחידת מידה,0.00,לא מנהל יחידת מידה,false,1,3.90,0.0000,true,1,24228
7290003414406,false,הרשי ריזס נטיפי אפייה בוטנים 283 גר',ליימן מותגים,,הרשי שבבי אפיה בוטנים,גרמים,283.00,100 גרם,false,1,17.90,6.3251,true,1,108238
7290003423909,false,חטיף הרשי קוקיס קרם לבן 43 גרם,ליימן מותגים,US,שוקולד הרשיז קוקיז אנד קרים 43 גרם,גרמים,43.00,100 גרם,false,1,4.90,11.3953,true,1,114172
7290003427154,false,"שמן זית כתית מעולה מעודן זיתא 750 מ""ל",זיתא – י.ט.ב תעשיות,IL,"זיתא שמן זית כתית מעולה, טעם מעודן 750 מל",מיליליטרים,750.00,"100 מ""ל",false,1,34.90,4.6533,true,1,16224
7290003438006,false,ממרח אולביה פסטו וצנובר איטלקי 190ג',מיוצר עי קונדיטוריית,IL,ממרח פסטו וצנובר אוליביה 180 גרם,גרמים,180.00,100 גרם,false,1,13.90,7.7222,true,1,3225
7290003438020,false,ממרח עגבניות מיובשות אוליביה 190 גר,מיוצר עי קונדיטוריית,IL,ממרח עגבניות מיובשות אוליביה 190 גרם,גרמים,190.00,100 גרם,false,1,13.90,7.3158,true,1,3227
7290003438709,false,ממרח אולביה זיתים שחורים וירוקים 190 ג',גוד פוד פרודקטס S.p,IL,ממרח זיתים שחורים אוליביה190 גרם,גרמים,190.00,100 גרם,false,1,13.90,7.3158,true,1,3232
7290003444009,false,חטיף הרשי ריזס שוקולד חלב 42 גר,ליימן מותגים,US,שוקולד ריזס חלב 42 גרם,גרמים,42.00,100 גרם,false,1,4.90,11.6667,true,1,114173
7290003450602,false,חרדל אמיתי צהוב בקבוק לחיץ 255 גר,היינץ צפון אמריקה מק,US,היינץ חרדל לחיץ 255 גרם,גרמים,255.00,100 גרם,false,1,10.90,4.2745,true,1,3245
7290003457861,false,סולרו פירות טרופיים פסח 30,"מיוצר ע""י גלידת שטרא",IL,שלגון סולרו פירות טרופיים,גרמים,85.00,100 גרם,false,1,10.90,12.8235,true,1,3283
7290003457991,false,טילון קורנטו וניל עם וופל ואגוזי לוז מסוכרים,"גלידת שטראוס בע""מ, ר",IL,טילון קורנטו קלאסיקו משפחתי 6 יחידות,גרמים,418.00,100 גרם,false,1,34.90,8.3493,true,1,3286
7290003514007,false,מנה שקדי מרק מנה 400 גרם,מנה Mana,IL,מנה שקדי מרק 400 גרם,גרמים,400.00,100 גרם,false,1,10.80,2.7000,true,1,91722
7290003514571,false,מנה פריכיות אורז עם מלח 100 גרם,מנה Mana,IL,פריכיות אורז עם מלח 100 גרם,גרמים,100.00,100 גרם,false,1,5.90,5.9000,true,1,82814
7290003520572,false,מטריות חרובים שקית בודד (בשרוול 6 שקיות),תופינית,,מטריות חרובים 54גרם,גרמים,54.00,100 גרם,false,1,14.90,27.5926,true,1,51883
7290003550753,false,טונה פוסידון בשמן רביעיה *108 ג',"מיוצר עי וליגר בעמ,",IL,טונה בשמן פוסידון מארז רביעייה 432 גרם,גרמים,432.00,100 גרם,false,1,23.90,5.5324,true,1,103166
7290003571109,false,פילה סלמון פרימיום 1,פסקווארה דל מאר אנטר,IL,"פילה סלמון פרימיום 1.0-1.4 ק""ג ממותג",קילוגרמים,1.00,"ק""ג",true,,89.90,89.9000,true,1,147105
7290003578078,false,לפתן קוקטיל פירות טרופיים בסירופ 850 גרם,יוליניבר,CN,לפתן קוקטייל טרופי 820 גר,גרמים,820.00,100 גרם,false,1,10.90,1.3293,true,1,3403
7290003578153,false,נתחי טונה בהירה בשמן וילי פוד 160 גר,גולדן פרייז קאנינג א,TH,וילי פוד נתחי טונה בשמן צמחי 160 גרם,גרמים,160.00,100 גרם,false,1,5.90,3.6875,true,1,3404
7290003578177,false,תירס גמדי שלם ויליפוד 410 ג',מגסטיק פוד אידסטרי ק,TH,תירס גמדי 410 גרם,גרמים,410.00,100 גרם,false,1,7.50,1.8293,true,1,3406
7290003578313,false,דובדבנים חמוצים ללא חרצנים 680גר,דל מונטה היילס אס.אי,HR,דובדבנים חמוצים מגולענים בסירופ 680 ג,גרמים,680.00,100 גרם,false,1,10.90,1.6029,true,1,3410
7290003598472,false,מנות פילה סלמון נורבגי.,לאטי עזרא,NO,"סלמון מנות נורבגי בוואקום - בד""ץ העדה הח",קילוגרמים,1.00,"ק""ג",true,,89.90,89.9000,true,1,147103
7290003632367,false,פילה דג ברבוניה ארוז 400 גרם,ישראל פלדמן,VN,פילה ברבוניה 400 גרם,גרמים,400.00,100 גרם,false,1,29.90,7.4750,true,1,153164
7290003643004,false,"אורז בסמטי קלאסי 1 ק""ג סוגת",האי נאם סי או אל.טי.,IL,"אורז בסמטי קלאסי 1 ק""ג",קילוגרמים,1.00,"ק""ג",false,1,14.90,14.9000,true,1,3478
7290003643134,false,סוגת סוכר וניל 10 יח*10 גרם,גוד פוד פרודקטס S.p,IL,סוכר וניל סוגת 10 גרם,גרמים,100.00,100 גרם,false,1,3.70,3.7000,true,1,41830
7290003643158,false,קורנפלור 200 גר סוגת,המאפיה של הרמן,IL,סוגת קורנפלור 200 גרם,גרמים,200.00,100 גרם,false,1,4.50,2.2500,true,1,3479
7290003643387,false,"סוכר לבן בצנצנת 1 ק""ג סוגת",האי נאם סי או אל.טי.,IL,"סוכר 1 ק""ג בצנצנת",קילוגרמים,1.00,"ק""ג",false,1,10.50,10.5000,true,1,3482
7290003643646,false,"סוכר דמררה קלאסי בצנצנת סוגת 1 ק""ג",האי נאם סי או אל.טי.,IL,"סוכר דמררה צנצנת סוגת 1 ק""ג",קילוגרמים,1.00,"ק""ג",false,1,12.90,12.9000,true,1,3483
7290003643684,false,אפונה יבשה סוגת 500 גר',האי נאם סי או אל.טי.,IL,אפונה 500 גרם,גרמים,500.00,100 גרם,false,1,7.50,1.5000,true,1,36435
7290003643707,false,סוגת גריסים 500 גרם,"סוגת תעשיות בע""מ",IL,גריסים 500 גרם סוגת,גרמים,500.00,100 גרם,false,1,5.90,1.1800,true,1,122510
7290003643714,false,סוגת חומוס 500 גרם,האי נאם סי או אל.טי.,IL,חומוס 500 גרם,גרמים,500.00,100 גרם,false,1,8.90,1.7800,true,1,41841
7290003643738,false,סוגת חיטה 500 גרם,האי נאם סי או אל.טי.,IL,חיטה 500 גרם,גרמים,500.00,100 גרם,false,1,5.90,1.1800,true,1,41842
7290003643745,false,סוגת כוסמת 500 גרם,האי נאם סי או אל.טי.,IL,כוסמת 500 גרם,גרמים,500.00,100 גרם,false,1,8.90,1.7800,true,1,73273
7290003643752,false,עדשים ירוקים יבש סוגת 500 גר',האי נאם סי או אל.טי.,IL,עדשים ירוקות 500 גר',גרמים,500.00,100 גרם,false,1,8.50,1.7000,true,1,42098
7290003643776,false,"פופקורן גרעינים סוגת 500 ג' כשל""פ",האי נאם סי או אל.טי.,IL,פופקורן 500 גרם,גרמים,500.00,100 גרם,false,1,6.50,1.3000,true,1,41840
7290003643806,false,שעועית לבנה יבשה סוגת 500 ג',האי נאם סי או אל.טי.,IL,שעועית לבנה 500 גרם,גרמים,500.00,100 גרם,false,1,12.90,2.5800,true,1,38757
7290003643813,false,שעועית אדומה יבשה סוגת 500 גר',האי נאם סי או אל.טי.,IL,שעועית אדומה סוגת 500 גרם,גרמים,500.00,100 גרם,false,1,12.90,2.5800,true,1,41843
7290003681211,false,צנובר מיה 80 גרם,מיה תעשיות מזון,IL,צנובר מיה 80 גרם,גרמים,80.00,100 גרם,false,1,22.90,28.6250,true,1,156776
7290003681303,false,שעועית מעורבת יבשה מיה 500 גר',"מיה תעשיות מזון בע""מ",IL,שעועית מעורבת מיה 500 גרם,גרמים,500.00,100 גרם,false,1,11.90,2.3800,true,1,156738
7290003681334,false,קוקוס טחון 400 גרם ב,מיה,IL,קוקוס מיה 400 גרם בדץ,גרמים,400.00,100 גרם,false,1,11.90,2.9750,true,1,156728
7290003681365,false,סוכריות קישוט לעוגה צבעוני 70 גר' מיה,"מיה תעשיות מזון בע""מ",IL,קישוט לעוגה צבעוני מיה 70גרם,גרמים,70.00,100 גרם,false,1,5.90,8.4286,true,1,156729
7290003681693,false,חומוס לבן ענק יבש מיה 500 גר',"מיה תעשיות מזון בע""מ",IL,חומוס לבן ענק מיה 500 גרם,גרמים,500.00,100 גרם,false,1,9.90,1.9800,true,1,156755
7290003681716,false,גריסי פנינה מיה 500 גר',"מיה תעשיות מזון בע""מ",IL,גריסי פנינה מיה 500 גרם,גרמים,500.00,100 גרם,false,1,4.90,0.9800,true,1,156720
7290003713929,false,טרס פסוס סלסה פהיטה,"דוידוב סלמון בע""מ",IL,טרס פסוס סלסה פהיטה 200גרם,גרמים,200.00,100 גרם,false,1,17.90,8.9500,true,1,150070
7290003713950,false,טרס פסוס סלסה מקסיקנ,"דוידוב סלמון בע""מ",IL,טרס פסוס סלסה מקסיקנה 200גרם,גרמים,200.00,100 גרם,false,1,16.90,8.4500,true,1,150071
7290003726318,true,נשנוש קוקוס שוקולד,,,נשנוש קוקוס שוקולד,גרמים,270.00,100 גרם,false,1,27.90,10.3333,true,1,124791
7290003726592,false,טופו מתובל בפסטו במרקם קלאסי,משק וואיילר,IL,טופו בטעם פסטו 300 גרם - כפרי בריא,גרמים,300.00,100 גרם,false,1,12.90,4.3000,true,1,126411
7290003726615,false,טופו ויילר במרקם קשה,הדקלאים אגודת שיתופי,IL,טופו ויילר 300 גרם,גרמים,300.00,100 גרם,false,1,13.90,4.6333,true,1,126575
7290003726622,false,טופו פיקנטי 300 ג' משק ויילר,משק וואיילר,IL,טופו פיקנטי ויילר 300גרם,גרמים,300.00,100 גרם,false,1,12.90,4.3000,true,1,153947
7290003726745,false,קציצות טופו עם סלק משק ויילר 400 גר,משק ויילר,IL,קציצות טופו סלק ויילר 400גרם,גרמים,400.00,100 גרם,false,1,25.90,6.4750,true,1,153990
7290003726752,false,קציצות טופו ברוקולי קישוא אפונה 400 גר,משק ויילר,IL,קציצות טופו ברוקולי זוקיני ואפונה ויילר,גרמים,400.00,100 גרם,false,1,25.90,6.4750,true,1,153991
7290003726769,false,קציצות טופו בטטה וגזר משק ווילר 400 גר,משק ויילר,IL,קציצות טופו בטטה וגזר ויילר 400גרם,גרמים,400.00,100 גרם,false,1,25.90,6.4750,true,1,153992
7290003726806,false,שניצל טופו עם ברוקול,משק ויילר,IL,טופו שניצל בתוספת ברוקולי 420 גרם,גרמים,420.00,100 גרם,false,1,27.90,6.6429,true,1,156604
7290003726868,false,טופו חומוס בתוספת עגבניות מיובשות 300 ג' משק ויילר,משק וואיילר,IL,טופו חומוס בתוספת עגבניות מיובשות ויילר 300גרם,גרמים,300.00,100 גרם,false,1,13.90,4.6333,true,1,153945
7290003726875,false,טופו חומוס בתוספת פסטו וילר 300 גרם,משק וואיילר,IL,טופו חומוס בתוספת פסטו ויילר 300גרם,גרמים,300.00,100 גרם,false,1,13.90,4.6333,true,1,153946
7290003781652,false,צלפים במי מלח ויליפוד 350 ג',וילי פוד,TR,צלפים במי מלח 350 גרם,גרמים,350.00,100 גרם,false,1,9.90,2.8286,true,1,3589
7290003781850,false,גבינת קשקבל פרוסות 200 גרם,וילי פוד,IL,גבינת קשקבל יורו פרוסות 200גרם,גרמים,200.00,100 גרם,false,1,21.90,10.9500,true,1,152813
7290003804252,false,תיבולית נוסח הודי קנור 72 גרם,יוניליוור ישראל מזון,IL,קנור תיבוליות בסגנון הודי 72 גרם,גרמים,72.00,100 גרם,false,1,10.30,14.3056,true,1,3644
7290003804320,false,תיבולית שום ופטרוזיליה 72 ג' קנור,יוניליוור ישראל מזון,IL,קנור תיבוליות שום ופטרוזיליה 72 גרם,גרמים,72.00,100 גרם,false,1,10.30,14.3056,true,1,3645
7290003804368,false,"תיבולית בזיליקום בד""ץ 72 ג' קנור",יוניליוור ישראל מזון,IL,קנור תיבוליות בזיליקום 72 גרם,גרמים,72.00,100 גרם,false,1,10.30,14.3056,true,1,3648
7290003804382,false,"תיבולית פטריות בד""ץ 72 ג' קנור",יוניליוור ישראל מזון,IL,קנור תיבוליות בטעם פטריות 72 גרם,גרמים,72.00,100 גרם,false,1,10.30,14.3056,true,1,3650
7290003805501,false,"פתית שוודי חסכוני בד""צ 300 גרם",יוניליוור ישראל מזון,IL,פתית שוודי קרקר דגנים פריך בסגנון שוודי,גרמים,300.00,100 גרם,false,1,18.20,6.0667,true,1,64077
7290003805587,false,"פתית חיטה מלאה בד""צ 250 גרם-קופסא",יוניליוור ישראל מזון,IL,פתיתי חיטה מלאה קרקר פריך עם חיטה מלאה,גרמים,250.00,100 גרם,false,1,18.20,7.2800,true,1,65776
7290003807482,false,קנור רוטב טריאקי מופחת נתרן 370 גרם,יוניליוור ישראל מזון,IL,קנור רוטב טריאקי 370 גרם,מיליליטרים,300.00,"100 מ""ל",false,1,12.90,4.3000,true,1,41923
7290003821754,false,סלמון מעושן קפוא 100 ג',"ויליגר, תעשיות בע""מ",IL,סלמון נורבגי בעישון טבעי 100 גרם,גרמים,100.00,100 גרם,false,1,15.90,15.9000,true,1,3692
7290003864478,false,סרדינים בשמן צמחי ויליפוד 110ג' פתח קל,גולדן פרייז קאנינג א,TH,סרדין בשמן צמחי 110גרם פתח-קל,גרמים,110.00,100 גרם,false,1,4.90,4.4545,true,1,3774
7290003864485,false,סרדינים ברוטב עגבנ יות ויליפוד 110ג' פתח קל,גולדן פרייז קאנינג א,TH,סרדין ברוטב עגבניות 110גרם פתח קל,גרמים,110.00,100 גרם,false,1,4.90,4.4545,true,1,3775
7290003864492,false,סרדינים בשמן צמחי חריף פתח קל ויליפוד 110ג',גולדן פרייז קאנינג א,TH,סרדין בשמן צמחי חריף 110גרם,גרמים,110.00,100 גרם,false,1,4.90,4.4545,true,1,3776
7290003882922,false,עלי גפן ממולאים באורז ויליפוד 400ג',הזה פלאקספו פוד קו ב,CN,ויליפוד עלי גפן ממולאים באורז 400 גרם,גרמים,400.00,100 גרם,false,1,9.90,2.4750,true,1,50739
7290003896141,false,חטיף ספרדי פיקנטי אלמנדוס 200 גרם,הדקלאים אגודת שיתופי,IL,אלמנדוס 200 גרם (ב(12,גרמים,200.00,100 גרם,false,1,8.90,4.4500,true,1,108874
7290003938049,false,הפי נוזל הברקה שויצרית,אורומרקטינג,DE,"נוזל הברקה למדיח הפי 950 מ""ל",מיליליטרים,950.00,"100 מ""ל",false,1,18.70,1.9684,true,1,3885
7290003989539,false,לורנצו רביולי במילוי גבינה,מיוצר עי קונדיטוריית,IL,רביולי גבינה 400 EAT GOOD,גרמים,400.00,100 גרם,false,1,19.90,4.9750,true,1,3972
7290003989553,false,"פסטה טורטליני פטריות, 400 גרם",מיוצר עי קונדיטוריית,IL,טרטוליני פטריות 400 פרווה EAT GOOD,גרמים,400.00,100 גרם,false,1,19.90,4.9750,true,1,3973
7290004011338,false,"קצפת מתוקה מכונה 250 מ""ל ריץ'",האי נאם סי או אל.טי.,IT,קצפת ריץ חלבי במיכל 250 גרם,גרמים,250.00,100 גרם,false,1,14.90,5.9600,true,1,64629
7290004011345,false,"קצפת ריצ` פרווה במיכל 250 מ""ל",האי נאם סי או אל.טי.,IT,קצפת ריץ פרווה במיכל 250 גרם,גרמים,250.00,100 גרם,false,1,14.90,5.9600,true,1,77902
7290004011796,false,קבבונים בקר קפוא אל גאוצ''ו 400ג',"טיבון ויל אחזקות בע""",IL,אל גאוצו קבבונים 400 גרם,גרמים,400.00,100 גרם,false,1,23.90,5.9750,true,1,67644
7290004011802,false,נקניקיות צ'וריסוס אל גאוצ'ו 400 גר',טיבון ויל אחזקות בעמ,IL,אל גאוצ'ו נקניות צ'וריסוס 400 גרם,גרמים,400.00,100 גרם,false,1,23.90,5.9750,true,1,67645
7290004011819,false,המבורגר ריב אנטריקוט אל גאוצו 360 גרם,האי נאם סי או אל.טי.,IL,אל גאוצו המבורגר ריב אנטריקוט 360 גרם,גרמים,360.00,100 גרם,false,1,23.90,6.6389,true,1,75908
7290004011826,false,מיני המבורגר ריב אנטריקוט,טיבון ויל אחזקות בעמ,IL,אל גאוצ'ו מיני המבורגר ריב אנטריקוט 320 גרם,גרמים,320.00,100 גרם,false,1,23.90,7.4687,true,1,77112
7290004014407,false,סוכריות M&M בוטנים 46 ג',מרס נדרלנד,US,סוכריות שוקולדM&M חמאת בוטנים 46 גרם,גרמים,46.00,100 גרם,false,1,5.80,12.6087,true,1,111788
7290004030018,false,"פריניב מיץ לימון סחוט פרי לתיבול 500 מ""ל",הנסיך- מפעל לייצור ט,IL,מיץ לימון סחוט לתיבול סלטים 500 מל,מיליליטרים,500.00,"100 מ""ל",false,1,12.90,2.5800,true,1,152783
7290004030216,false,פריניב נקטר חמוציות 1ליטר,פריניב בעמ,IL,פריניב נקטר חמוציות 1 ליטר,ליטרים,1.00,ליטר,false,1,12.50,12.5000,true,1,91305
7290004030544,false,פריניב מיץ לימונדה לואיזה ולמון גראס 1 ליטר,פריניב בעמ,IL,פריניב משקה קל לימונענע 1 ליטר,ליטרים,1.00,ליטר,false,1,12.50,12.5000,true,1,64413
7290004030810,false,שייק 100% בננה פסיפלורה תפוז מופחת סוכר1,פריניב בעמ,IL,"שייק 100% בננה פסיפלורה תפוז לל""ס 1ליטר",ליטרים,1.00,ליטר,false,1,18.90,18.9000,true,1,64421
7290004033729,false,לחם עננים מקמח כוסמין עם פרוסות עבות,מאפית י את א ברמן בע,IL,לחם עננים מקמח כוסמין עם פ עבות,גרמים,500.00,100 גרם,false,1,15.90,3.1800,true,1,156638
7290004048525,false,פילה אמנון דלידג 5-7,דלידג,IL,"פילה אמנון 5-7 לק""ג",קילוגרמים,1.00,"ק""ג",true,,34.90,34.9000,true,1,52286
7290004063016,false,מלח שולחן מעולה דק 1,האי נאם סי או אל.טי.,IL,מלח שולחן,קילוגרמים,1.00,"ק""ג",false,1,2.07,2.0700,true,1,4199
7290004063115,false,"מלח מטבח עבה להמלחת בשר ובישול 1 ק""ג 1ק""ג",האי נאם סי או אל.טי.,IL,מלח מטבח,קילוגרמים,1.00,"ק""ג",false,1,2.07,2.0700,true,1,4200
7290004064082,false,מטחנה מלח ים טבעי 250 גרם מלח הארץ,חברת מלח הארץ אילת ב,IL,מטחנת מלח ים 250 גרם,גרמים,250.00,100 גרם,false,1,13.90,5.5600,true,1,113315
7290004064099,false,מטחנה מלח מהרי ההימלאיה 250 ג מלח הארץ,חברת מלח הארץ אילת ב,IL,מטחנה מלח מהרי ההימלאי 300 גרם,גרמים,250.00,100 גרם,false,1,15.90,6.3600,true,1,113313
7290004068011,false,יוגורט כבשים בדלי 5% שומן 600 ג' גד,"מיוצר ע""י קוד יצרן M",IL,גד יוגורט מחלב כבשים מעודן בסגנון בלקני 5% שומן,גרמים,600.00,100 גרם,false,1,18.90,3.1500,true,1,89582
7290004068028,false,"יוגורט צזיקי לשתיה 3.5% 500 מ""ל רובין",מיוצר על ידי קוד יצר,IL,"משקה צזיקי 500 מ""ל גד",מיליליטרים,500.00,"100 מ""ל",false,1,10.90,2.1800,true,1,91902
7290004068035,false,"איירן יוגורט לשתייה 3% גד 500 מ""ל","מיוצר ע""י קוד יצרן M",IL,"משקה יוגורט איירן בלקני 500 מ""ל גד",מיליליטרים,500.00,"100 מ""ל",false,1,8.90,1.7800,true,1,91903
7290004068172,false,"יוגורט עיזים בדלי 5% 600 מ""ל רובין",קוד יצרן MKN,IL,גד יוגורט חלב עיזים 2.8% 600 גרם,גרמים,600.00,100 גרם,false,1,18.90,3.1500,true,1,92016
7290004078225,false,"שטיפת פה קולגייט פלקס מינט ירוק 500מ""ל",קולגייט- פלמוליב,PL,"מי פה פלאקס ירוק 500 מ""ל",מיליליטרים,500.00,"100 מ""ל",false,1,31.90,6.3800,true,1,4205
7290004078270,false,נוזל כלים פלמוליב צילינדר לימון 1 ליטר,יבואן ומשווק: ש. שסט,GR,פלמוליב נוזל לניקוי כלים בריח לימון 1 ליטר,ליטרים,1.00,ליטר,false,1,13.90,13.9000,true,1,4207
7290004078690,false,"אגקס נוזל לניקוי אסלות מרענן 750 מ""ל",הנסיך- מפעל לייצור ט,GR,אג'קס נוזל לניקוי אסלות ג'ל עם אקונומיקה 750 מל,מיליליטרים,750.00,"100 מ""ל",false,1,15.90,2.1200,true,1,4210
7290004078942,false,ליידי ספיד סטיק - דאודורנט ג'ל לאישה 65 גרם,קולגייט פלמוליב,US,"ליידי ספיד סטיק ג""ל כתום",גרמים,63.00,100 גרם,false,1,19.90,31.5873,true,1,4214
7290004119133,false,כד יוגורט תנובה 6.5% שומן 1.5 ליטר,מיוצר עי קונדיטוריית,IL,יוגורט 7% בכד1.5 ליטר,ליטרים,1.50,ליטר,false,1,18.90,12.6000,true,1,16044
7290004119225,false,יוגורט אננס 3% שומן 150 ג' יופלה,תנובה מרכז שיתופי לש,IL,יופלה יוגורט אננס 3% גביע 150 גרם,גרמים,150.00,100 גרם,false,1,5.20,3.4667,true,1,4229
7290004119928,false,קרלו מעדן וניל רביעיות גביע 125 1.5%,מחלבת אלון תבור,IL,מעדן קרלו וניל 3% 125 גרם,גרמים,125.00,100 גרם,false,1,3.30,2.6400,true,1,4231
7290004119973,false,קרלו מעדן שוקו רביעיה גביע 125 1.5%,תנובה מרכז שיתופי לש,IL,קרלו מעדן שוקו רביעיה גביע 125 גרם 1.5%,גרמים,125.00,100 גרם,false,1,3.30,2.6400,true,1,4232
7290004120108,false,יופלה דיאט יוגורט דובדבן %0 גביע 150ג',תנובה מרכז שיתופי לש,IL,יופלה דיאט יוגורט דובדבן %0 גביע 150גרם,גרמים,150.00,100 גרם,false,1,5.20,3.4667,true,1,4234
7290004120566,false,גבינה בולגרית פיראוס 24% 250 גרם,תנובה חלב,IL,פיראוס בולגרית 24% שומן 250 גרם,גרמים,250.00,100 גרם,false,1,24.90,9.9600,true,1,4238
7290004120573,false,גבינה בולגרית פיראוס 16% 250 גרם,תנובה מרכז שיתופי לש,IL,גבינה בולגרית מלוחה 16% שומן,גרמים,250.00,100 גרם,false,1,24.90,9.9600,true,1,4239
7290004120634,false,גבינה פיראוס בולגרית 5% 250 גרם,תנובה מרכז שיתופי לש,IL,פיראוס גבינה בולגרית 5% שומן,גרמים,250.00,100 גרם,false,1,24.90,9.9600,true,1,4240
7290004120832,false,חלב תנובה טרי 3% מהדרין כד 2 ל',תנובה מרכז שיתופי לש,IL,חלב 2 3% ליטר בכד מהדרין,ליטרים,2.00,ליטר,false,1,12.46,6.2300,true,1,70346
7290004121488,false,יופלה דיאט אפרסק 0% גביע 150 ג',תנובה מרכז שיתופי לש,IL,יופלה יוגורט עם אפרסק 0% שומן 150 גרם,גרמים,150.00,100 גרם,false,1,5.20,3.4667,true,1,4247
7290004121525,false,יופלה מאגדת פרי 4 תות 4 אפרסק 3% 8 יח'*150 ג',תנובה מרכז שיתופי לש,IL,מאגדת יופלה אפרסק תות שמיניה,קילוגרמים,1.20,"ק""ג",false,1,32.90,27.4167,true,1,31570
7290004121754,false,יוגורט עוגת גבינה ותות 3% שומן 150 ג' יופלה,תנובה חלב,IL,יופלה יוגורט עוגת גבינה ותות %3 150 גרם,גרמים,150.00,100 גרם,false,1,5.20,3.4667,true,1,4251
7290004121839,false,גבינת פטה כבשים 20% 250 ג' פיראוס,תנובה מרכז שיתופי לש,IL,פיראוס פטה כבשים 20% שומן,גרמים,250.00,100 גרם,false,1,28.90,11.5600,true,1,4252
7290004121853,false,גבינה בולגרית פיראוס 5% קוביות 200 גרם,תנובה מרכז שיתופי לש,IL,פירוס בולגרית קוביות 5% 200 גרם,גרמים,200.00,100 גרם,false,1,22.90,11.4500,true,1,4253
7290004122119,false,פתיתי פרמזן לפסטה %23 100 ג' השף הלבן,פ.פ.ח. שאביט,IL,תנובה השף הלבן פתיתי גבע פרמזן 23% שומן,גרמים,100.00,100 גרם,false,1,13.90,13.9000,true,1,16046
7290004122195,false,"גבינת גוש חלב פרוס 28%, כשרות מהדרין, 200 ג'",תנובה חלב,IL,גוש חלב פרוסות גבינה צהובה חצי קשה 28% שומן מהדרין,גרמים,200.00,100 גרם,false,1,15.50,7.7500,true,1,15601
7290004122270,false,גבינה צהובה פרוס בקופסא %28 200 ג' עמק,תנובה מרכז שיתופי לש,IL,עמק קלאסית פרוסות גבינה חצי קשה 28% 200 גרם,גרמים,200.00,100 גרם,false,1,16.90,8.4500,true,1,4254
7290004122348,false,גבינת עמק לייט פרוס בקופסא 200 גרם,תנובה מרכז שיתופי לש,IL,עמק גבינה צהובה חצי קשה 9% מופחתת שומן,גרמים,200.00,100 גרם,false,1,17.90,8.9500,true,1,4256
7290004122676,false,גבינת חמד לייט 5% פיראוס 250 ג',"תנובה,מחלבת טנא נוגה",IL,פיראוס לייט חמד גבינה כפרית מלוחה 5% שומן,גרמים,250.00,100 גרם,false,1,19.90,7.9600,true,1,38303
7290004122683,false,חטיף גבינת אצבעות 28% 172 ג' עמק,תנובה מרכז שיתופי לש,IL,עמק חטיף אצבעות גבינה חצי קשה 28% שומן,גרמים,172.00,100 גרם,false,1,17.90,10.4070,true,1,43308
7290004124205,false,יוגורט דיאט תות %0 שומן 150 ג' יופלה,תנובה מרכז שיתופי לש,IL,יופלה דיאט יוגורט תות %0 גביע 150 גרם,גרמים,150.00,100 גרם,false,1,5.20,3.4667,true,1,4268
7290004124847,false,"קצפת צמחית השף הלבן 500 מ""ל תנובה",תנובה מרכז שיתופי לש,IL,"קצפת צמחית השף הלבן 500מ""ל",מיליליטרים,500.00,"100 מ""ל",false,1,17.50,3.5000,true,1,33292
7290004125370,false,"שמנת חמוצה מופחתת שומן 9% 200 מ""ל",תנובה מרכז שיתופי לש,IL,תנובה שמנת חמוצה מופחתת שומן,מיליליטרים,200.00,"100 מ""ל",false,1,3.90,1.9500,true,1,4275
7290004125400,false,"שלי אשל 4.5% תנובה 200מ""ל מהדרין",פארייפאבה אגרואינדוס,IL,תנובה אשל לבן 4.5% שומן,מיליליטרים,200.00,"100 מ""ל",false,1,1.69,0.8450,true,1,4276
7290004125417,false,"שלי גיל 3% תנובה 200מ""ל מהדרין",תנובה מרכז שיתופי לש,IL,תנובה גיל לבן 3% 206 גרם,מיליליטרים,200.00,"100 מ""ל",false,1,1.51,0.7550,true,1,4277
7290004125455,false,**תנובה שמנת אורגינל מהדרין 15% 200מל,תנובה מרכז שיתופי לש,IL,שמנת אורגינל 15% שומן 200 מל,מיליליטרים,200.00,"100 מ""ל",false,1,2.40,1.2000,true,1,4278
7290004125509,false,"שמנת 15% חצי מנה 100 מ""ל תנובה",תנובה מרכז שיתופי לש,IL,תנובה שמנת 15% חצי מנה 100 מל,מיליליטרים,100.00,"100 מ""ל",false,1,1.80,1.8000,true,1,4279
7290004125578,false,משקה סויה מעושר בסידן תנובה 1ל',תנובה מרכז שיתופי לש,IL,משקה סויה מועשר בסידן 1 ליטר,ליטרים,1.00,ליטר,false,1,11.50,11.5000,true,1,4280
7290004125585,false,משקה סויה וניל תנובה E אלטרנטיב,תנובה מרכז שיתופי לש,IL,משקה סויה על הבוקר וניל 1 ליטר,ליטרים,1.00,ליטר,false,1,12.50,12.5000,true,1,4281
7290004125721,false,"שמנת לבישול 15% שומן 250 מ""ל תנובה",תנובה מרכז שיתופי לש,IL,"השף הלבן שמנת לבישול ,שמנת עמידה לבישול 15% 250 מל",מיליליטרים,250.00,"100 מ""ל",false,1,8.80,3.5200,true,1,4283
7290004125738,false,שמנת מתוקה להקצפה32% 250מל עמיד השף הלבן,תנובה מרכז שיתופי לש,IL,"שמנת להקצפה 32% 250 מ""ל",מיליליטרים,250.00,"100 מ""ל",false,1,7.20,2.8800,true,1,4284
7290004125776,false,גבינה צהובה עמק 28% 400 גרם בקופסא,תנובה חלב,IL,עמק פרוס 28% 400 גרם בקופסא,גרמים,400.00,100 גרם,false,1,31.90,7.9750,true,1,33293
7290004126674,false,פרוסות גבינה חצי קשה 9% שומן 200 ג' עמק,תנובה מרכז שיתופי לש,IL,גבינה צהובה טל העמק 9% לייט 200 גרם,גרמים,200.00,100 גרם,false,1,19.90,9.9500,true,1,4288
7290004126759,false,יופלה דיאט פירות יער %0 גביע 150 ג',תנובה חלב,IL,יופלה דיאט פירות יער %0 גביע 150 גרם,גרמים,150.00,100 גרם,false,1,5.20,3.4667,true,1,4289
7290004127077,false,קוטג' 3% שומן 250 ג' תנובה,מיוצר עי קונדיטוריית,IL,קוטג 3% תנובה 250 גרם,גרמים,250.00,100 גרם,false,1,5.70,2.2800,true,1,4291
7290004127329,false,קוטג' 5% תנובה 250ג' מהדרין,מיוצר עי קונדיטוריית,IL,קוטג 5% תנובה 250 גרם,גרמים,250.00,100 גרם,false,1,5.70,2.2800,true,1,4296
7290004127336,false,קוטג' 9% תנובה 250 ג' הדרין,מיוצר עי קונדיטוריית,IL,קוטג 9% תנובה 250 גרם,גרמים,250.00,100 גרם,false,1,5.70,2.2800,true,1,4297
7290004127800,false,גבינה לבנה 5% שומן 500 ג' תנובה,מיוצר עי קונדיטוריית,IL,גבינה למריחה 5% פיקוח 500 גרם,גרמים,500.00,100 גרם,false,1,9.96,1.9920,true,1,4306
7290004127817,false,גבינה לבנה 9% שומן 500 ג' תנובה,מיוצר עי קונדיטוריית,IL,גבינה למריחה 500 9% גרם,גרמים,500.00,100 גרם,false,1,9.40,1.8800,true,1,4307
7290004127862,false,**תנובה גבינה למריחה מהדרין 5% 750ג,תנובה מרכז שיתופי לש,IL,גבינה למריחה 750 5% גרם,גרמים,750.00,100 גרם,false,1,14.94,1.9920,true,1,4308
7290004128333,false,לאבנה על בסיס יוגורט %9 שומן 500 ג' פיראוס,תנובה חלב,IL,פיראוס גבינת לאבנה אסלית 9% שומן,גרמים,500.00,100 גרם,false,1,20.90,4.1800,true,1,14567
7290004128340,false,קרם גבינת שמנת %5 בטעם טבעי 200 ג' תנובה,תנובה חלב,IL,קרם גבינת שמנת 5% בטעם טבעי 200 גרם,גרמים,200.00,100 גרם,false,1,12.30,6.1500,true,1,4313
7290004128364,false,קרם גבינת שמנת 5% עם זיתים ירוקים 200 ג' תנובה,"תנובה, מחלבת תל יוסף",IL,קרם גבינת שמנת 5% עם זיתים ירוקים 200 גרם,גרמים,200.00,100 גרם,false,1,12.30,6.1500,true,1,4314
7290004128432,false,פתיתים מיוחדים לפיצה על בסיס גבינה 500 ג',תנובה חלב,IL,פתיתים מיוחדים לפיצה על בסיס גבינה,גרמים,500.00,100 גרם,false,1,24.90,4.9800,true,1,48325
7290004129101,false,גבינת שמנת 25% בטעם טבעי 225 ג' נפוליאון,תנובה מרכז שיתופי לש,IL,גבינת שמנת נפוליאון טבעי 225 גרם,גרמים,225.00,100 גרם,false,1,14.60,6.4889,true,1,4320
7290004129118,false,גבינת שמנת 24% עם זיתים ירוקים 225 ג' נפוליאון,מחלבת אלון תבור,IL,גבינת שמנת נפוליאון זיתים 225 גרם,גרמים,225.00,100 גרם,false,1,14.60,6.4889,true,1,4321
7290004129156,false,גבינת שמנת25% עם שום שמיר 225 ג' נפוליאון,תנובה מרכז שיתופי לש,IL,גבינת שמנת נפוליאון שום שמיר 225 גרם,גרמים,225.00,100 גרם,false,1,14.60,6.4889,true,1,4323
7290004129736,false,יוגורט במתיקות מעודנת 1.5% שומן 200 ג' יופלה,תנובה מרכז שיתופי לש,IL,יוגורט,גרמים,200.00,100 גרם,false,1,4.50,2.2500,true,1,20839
7290004129767,false,יופלה לבן טבעי מאגדת 3% 8*150מל,מחלבת אלון תבור,IL,מאגדת יופלה לבן 3% שמינייה,קילוגרמים,1.20,"ק""ג",false,1,19.50,16.2500,true,1,20840
7290004130794,false,משקה סויה טבעי במתיקות מופחתת 1 ליטר,תנובה מרכז שיתופי לש,IL,משקה סויה מועשר מופחת מתיקות 1 ליטר,ליטרים,1.00,ליטר,false,1,12.50,12.5000,true,1,14143
7290004131074,false,**חלב תנובה טרי מהדרין קרטון 3% 1ל,תנובה מרכז שיתופי לש,IL,חלב 3% קרטון מהדרין פיקוח 1 ליטר,ליטרים,1.00,ליטר,false,1,6.23,6.2300,true,1,4336
7290004131227,false,גבינה למריחה,מחלבת אלון תבור,IL,גבינה למריחה 500 3% גרם,גרמים,500.00,100 גרם,false,1,9.40,1.8800,true,1,22818
7290004131432,false,יוגורט ביו 3% שומן 200 ג' יופלה,מיוצר עי קונדיטוריית,IL,יופלה לבן 3% גביע 200 גרם,גרמים,200.00,100 גרם,false,1,4.00,2.0000,true,1,20841
7290004131456,false,יוגורט ביו 1.5% שומן 200 ג' יופלה,מיוצר עי קונדיטוריית,IL,יופלה לבן 1.5% גביע 200 גרם,גרמים,200.00,100 גרם,false,1,4.00,2.0000,true,1,20842
7290004131814,false,גבינה צפתית 5% מעודנת 200 ג' פיראוס,פארייפאבה אגרואינדוס,IL,פיראוס צפתית 5% מעודנת 200 גרם,גרמים,200.00,100 גרם,false,1,16.50,8.2500,true,1,23583
7290004132552,false,משקה סויה לייט בטעם טבעי טרי 1 ליטר,תנובה מרכז שיתופי לש,IL,משקה סויה דיאט 1 ליטר,ליטרים,1.00,ליטר,false,1,12.50,12.5000,true,1,25059
7290004132712,false,חטיף אצבעות גבינת מוצרלה 20% 172 ג' עמק,תנובה מרכז שיתופי לש,IL,עמק חטיף אצבעות גבינת מוצרלה 172 גרם 20%,גרמים,172.00,100 גרם,false,1,17.90,10.4070,true,1,22624
7290004133511,false,יופלה מאגדת לבן 1.5% מעודן 8 יח' * 150 ג',מיוצר עי קונדיטוריית,IL,יופלה שמיניה לבן מעודן 1.5%,קילוגרמים,1.20,"ק""ג",false,1,20.90,17.4167,true,1,23231
7290004133627,false,חלב וניל 3% על הבוקר,תנובה מרכז שיתופי לש,IL,חלב 3% על הבוקר קרטון +פקק 1 ליטר,ליטרים,1.00,ליטר,false,1,8.80,8.8000,true,1,23563
7290004134945,false,יוגורט מוקה 3% שומן 150 ג' יופלה,תנובה מרכז שיתופי לש,IL,יופלה מוקה 150 3% גרם,גרמים,150.00,100 גרם,false,1,5.20,3.4667,true,1,38081
7290004135614,false,גבינה בולגרית מעודנת 5% 250 ג' פיראוס,תנובה חלב,IL,פיראוס גבינה בולגרית מעודנת 5% שומן,גרמים,250.00,100 גרם,false,1,24.90,9.9600,true,1,46808
7290004136598,false,מארז הפסקת אוכל עם קורנפלקס ומשקה חלב עמיד בטעם וניל,פארייפאבה אגרואינדוס,IL,מארז הפסקת אוכל חלב+דגנים,לא מנהל יחידת מידה,0.00,לא מנהל יחידת מידה,false,1,9.90,0.0000,true,1,45074
7290004136857,false,מעדן גלי פטל 125 גרם,תנובה מרכז שיתופי לש,IL,גלי בטעם פטל 125 גרם,גרמים,125.00,100 גרם,false,1,2.50,2.0000,true,1,44292
7290004136864,false,ג'לי תנובה אננס עם חתיכות אננס 125מל,תנובה חלב,IL,גלי אננס וחתיכות פרי 125 גרם,גרמים,125.00,100 גרם,false,1,2.80,2.2400,true,1,44293
7290004136871,false,ג'לי תנובה אפרסק עם חתיכות אפרסק 125מל,תנובה מרכז שיתופי לש,IL,מעדן גלי אפרסק חתיכות פרי 125,גרמים,125.00,100 גרם,false,1,2.80,2.2400,true,1,44294
7290004137021,false,"שמנת לבישול 10% עמיד השף הלבן 250 מ""ל",תנובה מרכז שיתופי לש,IL,תנובה השף הלבן שמנת לבישול עם סיבים 10% שומן,מיליליטרים,250.00,"100 מ""ל",false,1,8.80,3.5200,true,1,48254
7290004137311,false,עמק לייט משפחתית 9% 400ג-ועדת מהדרין,תנובה חלב,IL,עמק גבינה צהובה חצי קשה 9% שומן,גרמים,400.00,100 גרם,false,1,31.90,7.9750,true,1,47588
7290004137809,false,פיראוס לאבנה 5% גביע 250 גרם,"תנובה, מחלבת אלון תב",IL,פיראוס לאבנה אסלית 5% שומן 250 גרם,גרמים,250.00,100 גרם,false,1,13.90,5.5600,true,1,48173
7290004199173,false,כפפות לטקס איזי טאצ 100 יח מדיום,הדקלאים אגודת שיתופי,TH,EASY TOUCH כפפות לטקס גודל: Medium,לא מנהל יחידת מידה,0.00,לא מנהל יחידת מידה,false,1,34.90,0.0000,true,1,60557
7290004199203,false,קיסמ' שיניים מבמבוק מלחיה 300 יח',הדקלאים אגודת שיתופי,CN,קיסמי שיניים מבמבוק מלחייה 300 יח',Unknown,0.00,Unknown,false,1,2.90,0.0000,true,1,63041
7290004199579,false,פלסטר מעורב 100 יח' - SUNNY PLASTER,הדקלאים אגודת שיתופי,CN,סאני פלסטר 100 פלסטרים בגדלים שונים סטריליים,גרמים,0.00,100 גרם,false,1,9.90,0.0000,true,1,94246
7290004200930,false,"זיקוק זוג 15 ס""מ בשק",שמחה זה אנחנו,,זיקוק זוג 15 סמ בשקית,יחידה,1.00,יחידה,false,1,6.80,6.8000,true,1,94035
7290004219819,false,קומפלטה מלבין קפה הולנדי 200ג,פריזלנד פודס קיוויט,NL,קומפלטה מלבין קפה הולנדי 200 גרם,גרמים,200.00,100 גרם,false,1,11.90,5.9500,true,1,4442
7290004225872,false,"ויליגר קרם קוקוס 400 מ""ל",טקרנג פינאפלה אינדוס,TH,"ויליגר קרם קוקוס 400 מ""ל",מיליליטרים,400.00,"100 מ""ל",false,1,6.50,1.6250,true,1,103266
7290004228415,false,פיצה משפחתית עבה סיציליה 425 ג',האי נאם סי או אל.טי.,IT,פיצת שף סיציליאנית,גרמים,425.00,100 גרם,false,1,18.90,4.4471,true,1,143125
7290004230081,false,קציצות עוף ברוטב עגבניות שגב 800 גרם,טיבון ויל,IL,קציצות עוף ברוטב עגבניות שגב 800 גרם,גרמים,800.00,100 גרם,false,1,33.90,4.2375,true,1,90627
7290004230104,false,קציצות בקר ברוטב עגבניות שגב,טיבון וייל החזקות,IL,קציצות בקר שגב,גרמים,800.00,100 גרם,false,1,33.90,4.2375,true,1,126147
7290004255428,false,נר נשמה 24 שעות - מנורה,"מנורה שי נר בע""מ",IL,נר נשמה מנורה בפחית 24 שעות,יחידה,1.00,יחידה,false,1,2.50,2.5000,true,1,145334
7290004256371,false,ריץ פרוס 400 ג' -צהובה פרוסה,מלקפול אלוורטוסקה,PL,גבינה צהובה פרוסה על בסיס חלב,גרמים,400.00,100 גרם,false,1,18.90,4.7250,true,1,126395
7290004256753,false,עלי לסיגר מרוקאי לפסטיליה 450 גרם,סטאר סנקס,IL,עלי סיגר מרוקאי,גרמים,450.00,100 גרם,false,1,13.90,3.0889,true,1,146476
7290004324605,false,"גבינת מון בלאן רוקפור 7%, 120 ג'",האי נאם סי או אל.טי.,IL,גבינה מון בלאן רוקפור 120 גרם,גרמים,120.00,100 גרם,false,1,11.90,9.9167,true,1,36592
7290004324858,false,קבב כבש500 גר טי,"טיבון ויל אחזקות בע""",IL,טיבון ויל קבב בקר כבש 500 גרם,גרמים,500.00,100 גרם,false,1,19.90,3.9800,true,1,4512
7290004339401,false,המבורגר אורז עדשים טבע דלי 400 גר,טבע דלי,IL,"בורגר אורז, עדשים ושקדים 400 גרם טבע דלי",גרמים,400.00,100 גרם,false,1,25.90,6.4750,true,1,52766
7290004339425,false,שווארמה מהצומח טבע דלי 350 גר,טבע דלי בעמ,IL,טבע דלי סייטן שווארמה 350 גרם,גרמים,350.00,100 גרם,false,1,25.90,7.4000,true,1,57210
7290004339630,false,סייטן טבעי טבע דלי 350 גר,טבע דלי,IL,סייטן מקורי 350גרם טבע דלי,גרמים,350.00,100 גרם,false,1,20.90,5.9714,true,1,71952
7290004339777,false,סייטן טחון בולונז 350 גרם טבע דלי,טבע דלי,IL,סייטן בולונז 350גרם טבע דלי,גרמים,350.00,100 גרם,false,1,25.90,7.4000,true,1,91343
7290004339784,false,המבורגר על הגריל טבע דלי 400 גר,טבע דלי,IL,בורגר על האש טבע דלי 400 גרם,גרמים,400.00,100 גרם,false,1,25.90,6.4750,true,1,98826
7290004339807,false,המבורגר כוסמת מש מונבט אורז מלא וצ'יה 400גר טבע דלי,טבע דלי בעמ,IL,המבורגר כוסמת מש מונבט אורז מלא וציה 400,גרמים,400.00,100 גרם,false,1,25.90,6.4750,true,1,81209
7290004339999,false,שניצלונים סטיין אמרנט 400 גר,טבע דלי,IL,סייטן אמרנט שניצלונים טבע דלי 400 גרם,גרמים,400.00,100 גרם,false,1,30.90,7.7250,true,1,109782
7290004343460,false,צבת אל חלד לעור סולי,,,צבת אל חלד לעור סולינגן,יחידה,1.00,יחידה,false,1,59.90,59.9000,true,1,61197
7290004344603,false,צבת אל חלד לציפורניי,,,צבת אל חלד לצפורניים סולינגן,יחידה,1.00,יחידה,false,1,59.90,59.9000,true,1,61196
7290004344627,false,קשת פשוטה זוג טאצ,,,קשת פשוטה זוג טאצ,יחידה,1.00,יחידה,false,1,12.90,12.9000,true,1,152250
7290004492274,false,בייגלה טבעות מלוחות 400 ג',אתר בייגל - Food,IL,כעכים בצורת טבעות עם מלח בייגל בייגל,גרמים,400.00,100 גרם,false,1,11.90,2.9750,true,1,4700
7290004494131,false,יין דלתון קברנה סוביניון גליל,"איי, בי, אינבוו",IL,דלתון קברנה סוביניון 2019 יין אדום יבש,מיליליטרים,750.00,"100 מ""ל",false,1,64.90,8.6533,true,1,51116
7290004494148,false,יין דלתון מרלו 750 מל,"איי, בי, אינבוו",IL,דלתון יין 15% אדום יבש מרלו 2014,מיליליטרים,750.00,"100 מ""ל",false,1,64.90,8.6533,true,1,51032
7290004494179,false,יין דלתון שרדונה 750 מל,"איי, בי, אינבוו",IL,יין דלתון שרדונה 750 מל,מיליליטרים,750.00,"100 מ""ל",false,1,64.90,8.6533,true,1,152926
7290004494353,false,"יין עלמה אייבורי 750 מ""ל דלתון","יקב דלתון בע""מ",IL,יין דלתון עלמה אייבורי 750מל,מיליליטרים,750.00,"100 מ""ל",false,1,79.90,10.6533,true,1,94576
7290004494377,false,"יין אדום שיראז סדרת דלתון 750 מ""ל","איי, בי, אינבוו",IL,יין דלתון אדום יבש שיראז 2020 13.5% 750 מל,מיליליטרים,750.00,"100 מ""ל",false,1,64.90,8.6533,true,1,51449
7290004494599,false,"יין עלמה קרימזון 750 מ""ל דלתון","יקב דלתון בע""מ",IL,עלמה קרימזון דלתון 750 מל 2018,מיליליטרים,750.00,"100 מ""ל",false,1,79.90,10.6533,true,1,52255
7290004494919,false,יין כנען קברנה שיראז 750 מל דלתון,"יקב דלתון בע""מ",IL,כנען אדום קברנה שיראז דלתון 750מל,מיליליטרים,750.00,"100 מ""ל",false,1,49.90,6.6533,true,1,119021
7290004532710,false,תמר משובח מגהול,יושלם,,תמר משובח מגהול 200 גרם,גרמים,200.00,100 גרם,false,1,7.90,3.9500,true,1,117918
7290004554330,false,שלגון אסקימו דובדבן,"מיוצר ע""י גלידת שטרא",IL,שלגון אסקימו דובדבן,גרמים,84.00,100 גרם,false,1,3.90,4.6429,true,1,13197
7290004554354,false,גלידת פנטזיה שוקו וניל 1 ל' שטראוס,"גלידת שטראוס בע""מ, ר",IL,גלידה פנטזיה שוקו וניל 1 ליטר,ליטרים,1.00,ליטר,false,1,23.90,23.9000,true,1,4747
7290004554798,false,"שלגון מטרה פטל,לימון וענבים","מיוצר ע"" גלידת שטראו",IL,שטראוס מטרה שלגון בטעמי פטל ולימון 80 גרם,גרמים,90.00,100 גרם,false,1,6.90,7.6667,true,1,13198
7290004554903,false,"גלידת פנטזיה שוקו וניל 900 מ""ל שטראוס","גלידת שטראוס בע""מ",IL,גלידה פנטזיה פרווה 1 ל .,ליטרים,1.00,ליטר,false,1,23.90,23.9000,true,1,4750
7290004584306,false,רבעיית גמדים בטעם תות בננה * 100 ג' שטראוס,מיוצר עי קונדיטוריית,IL,4 גמדים תות בננה,גרמים,400.00,100 גרם,false,1,11.90,2.9750,true,1,4760
7290004584351,false,גבינה לבנה סימפוניה עם תוספות 200 ג' חמישית 200,"שטראוס בריאות בע""מ",IL,סימפוניה החמישית,גרמים,200.00,100 גרם,false,1,11.90,5.9500,true,1,4761
7290004584528,false,יוגורט דנונה ביו טבעי 1.7% 200 גרם,מיוצר עי קונדיטוריית,IL,דנונה ביו 1.7% 200 גרם,גרמים,200.00,100 גרם,false,1,3.70,1.8500,true,1,4762
7290004585907,false,דני ועדן וניל 1.5% 125ג' שטראוס,מיוצר עי קונדיטוריית,IL,דני וניל,גרמים,125.00,100 גרם,false,1,2.90,2.3200,true,1,4767
7290004652173,false,חמאה 200 גרם עלמה,מלקפול,PL,חמאה עלמה 200ג,גרמים,200.00,100 גרם,false,1,7.90,3.9500,true,1,150791
7290004658953,false,סובניון בלאן לבן יבש 750 מל,"כד בני דרום בע""מ",IL,"יין P.C סוביניון בלאן 750 מ""ל",מיליליטרים,750.00,"100 מ""ל",false,1,39.90,5.3200,true,1,17757
7290004658960,false,יין ארמלד ריזלינג P.C לבן חצי יבש 750 מ,אגודת הכורמים הקואופ,IL,"יין P.C אמרלד ריזלינג 750 מ""ל",מיליליטרים,750.00,"100 מ""ל",false,1,39.90,5.3200,true,1,4839
7290004685430,false,לחם כוסמין לחם הארץ,מאפית י את א ברמן בע,IL,לחם כוסמין 500 גרם,גרמים,500.00,100 גרם,false,1,14.90,2.9800,true,1,116826
7290004685447,false,לחמניות כוסמין 6 יחי' 450 גר',מאפית י את א ברמן בע,IL,לחמניות כוסמין מארז שישייה,גרמים,750.00,100 גרם,false,1,14.90,1.9867,true,1,150171
7290004685478,false,פיתות כוסמין 100% כוסמין 550 גרם,מאפית י את א ברמן בע,IL,פיתות כוסמין 10 בשקית 550 גרם,גרמים,550.00,100 גרם,false,1,17.90,3.2545,true,1,155850
7290004731083,false,כיף אל סבון גנסינג 1 ליטר משאבה,טרופיקל דגיל תעשיות,IL,כיף 1 ליטר ג'נסינג,ליטרים,1.00,ליטר,false,1,15.90,15.9000,true,1,23965
7290004731410,false,סנו סושי כרית קרצוף ירוק שלישיה,סנו סושי,IL,כרית קרצוף סנו סושי ירוק שלישייה,יחידה,0.00,יחידה,false,1,9.90,0.0000,true,1,24104
7290004731472,false,"אל סבון צבעוני כיף שלישיה* 500 מ""ל",טרופיקל דגיל תעשיות,IL,כיף שלישיה צבעוני,ליטרים,1.50,ליטר,false,1,18.90,12.6000,true,1,23967
7290004737719,false,אספרגוס שלם בצנצנת 330 ג' ולי פוד,heze sanqing food,CN,אספרגוס שלם בצנצנת 330 גרם,גרמים,330.00,100 גרם,false,1,10.90,3.3030,true,1,4894
7290004737900,false,חלב מרוכז ממותק 397 גרם ויליפוד,יו.איי.בי מאריג'אמפו,LT,חלב מרוכז הולנדי ויליפוד 397 גרם,גרמים,397.00,100 גרם,false,1,10.90,2.7456,true,1,4896
7290004850432,false,אגיסטן אלוורה 20 גרם,פריגו,,אגיסטן אלוורה 20 גרם,לא מנהל יחידת מידה,0.00,לא מנהל יחידת מידה,false,1,30.50,0.0000,true,1,25281
7290004872021,false,קרחון רמזור 80ג' נסטלה,המאפיה של הרמן,IL,נסטלה קרחון רמזור בדצ 48*80גרם,Unknown,0.00,Unknown,false,1,2.90,0.0000,true,1,13208
7290004872069,false,קרחון נסטלה לימון,המאפיה של הרמן,IL,שלגון קרח לימון,Unknown,0.00,Unknown,false,1,2.90,0.0000,true,1,12284
7290004872229,false,שוקולד מצופה - מועשר בסידן,תות תעשיות מזון (201,IL,שלגון שוקו מצופה,Unknown,0.00,Unknown,false,1,5.90,0.0000,true,1,13214
7290004872243,false,שלגון בננה מצופה נסטלה 57ג',תות תעשיות מזון (201,IL,שלגון בננה מצופה,Unknown,0.00,Unknown,false,1,5.90,0.0000,true,1,12196
7290004872250,false,שלגון שרבט אבטיח נסטלה 108'ג,נגה גלידות (גלידות נ,IL,שלגון אבטיח קיץ,Unknown,0.00,Unknown,false,1,6.90,0.0000,true,1,12197
7290004872359,false,קרחון דובדבן 80 ג ' נסטלה,גלידות נסטלה (נגה גל,IL,שלגון קרח דובדבן,Unknown,0.00,Unknown,false,1,2.90,0.0000,true,1,12198
7290004872731,false,טילון אקסטרים וניל 70ג',גלידות נסטלה,IL,טילון אקסטרים וניל,Unknown,0.00,Unknown,false,1,9.50,0.0000,true,1,13217
7290004872786,false,טילון אקסטרים פקאן ע,גלידות נסטלה,IL,טילון אקסטרים ענק פקאן 139 גרם,גרמים,139.00,100 גרם,false,1,10.50,7.5540,true,1,13219
7290004914219,false,בקבוק ריח עם מקלות עץ,סאנרייז,,מפיץ ריח לרכב סנרייז,Unknown,0.00,Unknown,false,1,9.00,0.0000,true,1,70347
7290004914479,false,מפיץ ריח לבית סאנרי,סאנרייז,,מפיץ ריח לבית סאנרייז,Unknown,0.00,Unknown,false,1,9.00,0.0000,true,1,110041
7290004943301,false,ברוקולי קפוא 800 גרם,משק ויילר,IL,ברוקולי מילוטל 800גרם,גרמים,800.00,100 גרם,false,1,12.90,1.6125,true,1,156621
7290004943806,false,כרובית קפואה 800 גרם,משק ויילר,IL,כרובית מילוטל 800גרם,גרמים,800.00,100 גרם,false,1,12.90,1.6125,true,1,156605
7290004952136,false,קמח כוסמין מלא אורגני 1 קג,טחנת קמח יפו,IL,קמח כוסמין מלא,קילוגרמים,1.00,"ק""ג",false,1,24.90,24.9000,true,1,82011
7290004952778,false,טופו מפולי סויה אורגני הרדוף 300 גר,כפר בריא בעמ,IL,טופו אורגני 300 גרם הרדוף,גרמים,300.00,100 גרם,false,1,15.90,5.3000,true,1,21051
7290005008184,false,"פלמוליב - תחליב רחצה נטורלס שקדים 500 מ""ל",הנסיך- מפעל לייצור ט,TR,"סבון פלמוליב נוזלי שקדים 500 מ""ל",מיליליטרים,500.00,"100 מ""ל",false,1,19.90,3.9800,true,1,5287
7290005008191,false,"פלמוליב סבון נוזלי בניחוח ארומה סגול, 500 מ""ל",הנסיך- מפעל לייצור ט,TR,500 מל סבון נוזלי פלמוליב so relaxed,מיליליטרים,500.00,"100 מ""ל",false,1,19.90,3.9800,true,1,5288
7290005008481,false,ספיד סטיק - דאודורנט ג'ל לגבר ספורט 85 גרם,הנסיך- מפעל לייצור ט,US,דאודורנט גל ספיד סטיק ספורט 85 גרם,מיליליטרים,85.00,"100 מ""ל",false,1,21.90,25.7647,true,1,5291
7290005020162,false,"וויסקי בלנטייניס 700 מ""ל",פרנו,IL,וויסקי סקוטי בלנטייס פיינסט,מיליליטרים,700.00,"100 מ""ל",false,1,99.90,14.2714,true,1,41161
7290005020346,false,"רום בקרדי לבן 750 מ""ל",תאגיד בקרדי,US,"בקרדי לבן 750 מ""ל",מיליליטרים,750.00,"100 מ""ל",false,1,119.90,15.9867,true,1,22594
7290005020346,false,"רום בקרדי לבן 750 מ""ל",תאגיד בקרדי,US,"בקרדי לבן 750 מ""ל",מיליליטרים,750.00,"100 מ""ל",false,1,119.90,15.9867,true,1,22594
7290005041167,false,מעדני הטלה קבב גמבו,מעדני הטלה,,"קבב עגל וכבש 1 ק""ג",קילוגרמים,1.00,"ק""ג",false,1,49.90,49.9000,true,1,93114
7290005041198,false,מעדני הטלה קבב ביתי,לאטי עזרא גלם ודגים,IL,"קבב ביתי 1 ק""ג",לא מנהל יחידת מידה,0.00,לא מנהל יחידת מידה,false,1,49.90,0.0000,true,1,93092
7290005084355,false,סנסודין משחת שיניים דואל קר פלואוריד 75,גלקסו סמית קליין,GB,סנסודיין משחת שיניים הגנה כפולה 75 מל,מיליליטרים,75.00,"100 מ""ל",false,1,21.90,29.2000,true,1,5411
7290005113222,false,זיתים קוקטייל וגמבה יבנה 350ג',קבוצת יבנה,IL,קבוצת יבנה מיקס זיתים 560 גרם,גרמים,540.00,100 גרם,false,1,10.90,2.0185,true,1,49713
7290005158162,false,מקלוני כוסמין וכורכו,דגן,IL,מקלוני כוסמין וכורכום דגן 200 גרם,גרמים,200.00,100 גרם,false,1,26.90,13.4500,true,1,147480
7290005158407,false,עוגיות טחינה ואגוזים,פרוטרופיק סיה.,IL,עוגיות טחינה ואגוזים מכוסמין 300 גרם,גרמים,300.00,100 גרם,false,1,33.90,11.3000,true,1,150785
7290005174513,false,חציל במיונז 500 ג' אחלה,מיוצר עי קונדיטוריית,IL,חצילים במיונז 500 ג,גרמים,500.00,100 גרם,false,1,16.90,3.3800,true,1,5447
7290005174551,false,סלט חומוס עם צנוברים 125 ג' אחלה,מיוצר עי קונדיטוריית,IL,סלט חומוס יום יום 125 גרם,גרמים,125.00,100 גרם,false,1,5.50,4.4000,true,1,5448
7290005174568,false,אחלה סלט חצילים יום 125 ג',מיוצר עי קונדיטוריית,IL,סלט חציל במיונז יום יום 125 גרם,גרמים,125.00,100 גרם,false,1,5.50,4.4000,true,1,5449
7290005174575,false,טחינה אחלה יום יום משובחת 125ג',מיוצר עי קונדיטוריית,IL,סלט טחינה יום יום 125 גרם,גרמים,125.00,100 גרם,false,1,4.90,3.9200,true,1,5450
7290005175428,false,"קמח תירס לל""ג ריבארה 500 ג'",וילי פוד,AR,קמח תירס אינסטנט 500גרם,גרמים,500.00,100 גרם,false,1,5.90,1.1800,true,1,5455
7290005175589,false,וילי פוד קמח תירס ללא גלוטן 1קג,וילי פוד,AR,"קמח תירס 1 ק""ג",קילוגרמים,1.00,"ק""ג",false,1,9.90,9.9000,true,1,5456
7290005200786,false,תפוצ'יפס שמנת ובצל 50 גרם,"שטראוס פריטו ליי בע""",IL,תפו שמנת בצל 50 גר 48 יח - שמיטה,גרמים,50.00,100 גרם,false,1,3.90,7.8000,true,1,5486
7290005201882,false,קפה טורקי עלית 200 גרם,הנסיך- מפעל לייצור ט,IL,קפה טורקי 200 גרם,גרמים,200.00,100 גרם,false,1,13.00,6.5000,true,1,5525
7290005287251,false,טונה סטארקיסט במים רביעיות 4*160 גר,"סטארקיסט פודור בע""מ",IL,טונה במים סטארקיסט מארז רביעייה 640 גרם,גרמים,640.00,100 גרם,false,1,8.50,1.3281,true,1,50247
7290005287510,false,טונה בשמן עם בפלפל חריף 160 ג' סטארקיסט,תאי יוניון גרופ,TH,ס.ק עם פלפל חריף 160 גרם,גרמים,160.00,100 גרם,false,1,8.90,5.5625,true,1,46267
7290005287527,false,טונה סטארקיסט בשמן עם לימון 160 גר,"סטארקיסט פודור בע""מ",TH,ס.ק בטעם לימון 160גרם,גרמים,160.00,100 גרם,false,1,8.90,5.5625,true,1,46268
7290005287534,false,טונה בשמן עישון טבעי 160 ג' סטארקיסט,תאי יוניון גרופ,TH,סטארקיסט טונה בשמן בטעם מעושן,גרמים,160.00,100 גרם,false,1,8.90,5.5625,true,1,46269
7290005296246,false,"פותח סתימות דריין אאוט 946 מ""ל יעקבי",יוליניבר,US,יעקבי פותח סתימות בצנרת ניקוז 946 מל,מיליליטרים,946.00,"100 מ""ל",false,1,23.90,2.5264,true,1,49089
7290005296260,false,"אסטוניש ספריי רסס ונגב לניקוי כללי 750 מ""ל",יעקובי אסטוניש,GB,יעקבי אסטוניש ספריי ניקוי נגב 750 מל,מיליליטרים,750.00,"100 מ""ל",false,1,15.90,2.1200,true,1,15419
7290005384851,false,וילי פוד מיץ לימון בדץ 200מל,וילי פוד,IT,"מיץ לימון 200 מ""ל",מיליליטרים,200.00,"100 מ""ל",false,1,5.90,2.9500,true,1,20737
7290005423055,false,סנו פורטה פלוס מתז בניחות לימון 1 ל',"סנו מפעלי ברונוס בע""",IL,סנו פורטה פלוס נוזל מרוכז XL ניחוח לימון 1 ליטר,לא מנהל יחידת מידה,0.00,לא מנהל יחידת מידה,false,1,17.90,0.0000,true,1,124069
7290005423253,false,"סנו - מקסימה מרסס למייבש כביסה אולטרה פרש 750 מ""ל","סנו מפעלי ברונוס בע""",IL,"מרסס למייבש כביסה מקסימה כחול 750 מ""ל",מיליליטרים,750.00,"100 מ""ל",false,1,18.90,2.5200,true,1,5897
7290005423369,false,סנו די קידס תחליב דוחה יתושים לילדים 100,טרופיקל דגיל תעשיות,IL,סנו די תחליב דוחה יתושים 100 מל,מיליליטרים,100.00,"100 מ""ל",false,1,19.90,19.9000,true,1,144967
7290005423499,false,"סנו נירוסטה אירוסול 500 מ""ל",מיוצר עי קונדיטוריית,IL,נירוסטה - לניקוי והברקה של משטחי נירוסטה,מיליליטרים,500.00,"100 מ""ל",false,1,21.70,4.3400,true,1,5902
7290005423567,false,מטליות לניקוי כללי בגליל 40 יח' סנו סושי,אסותא תעשיות אלבד בע,IL,סנו סושי - 40 מטליות לניקוי כללי בגליל,לא מנהל יחידת מידה,0.00,לא מנהל יחידת מידה,false,1,23.90,0.0000,true,1,5905
7290005423635,false,ריצפז נוזל לניקוי רצפות דוחה חרקים 2 ל',מיוצר עי קונדיטוריית,IL,סנו ריצפז פלוס,ליטרים,2.00,ליטר,false,1,22.90,11.4500,true,1,5907
7290005423734,false,סנו - מקסימה מרכך כביסה אולטרה פרש 4 ליטר,"סנו מפעלי ברונוס בע""",IL,מרכך 4 ליטר,ליטרים,4.00,ליטר,false,1,22.90,5.7250,true,1,5909
7290005423918,false,סנו - מקסימה מרכך כביסה היפואלרגני אלוורה 4 ליטר,סאנו,IL,מרכך 4 ליטר,ליטרים,4.00,ליטר,false,1,22.90,5.7250,true,1,13019
7290005424113,false,מטליות רצפה 4 יח' סנו סושי,סנו סושי,IL,"מטלית רצפה סנו סושי 4 יח """,Unknown,0.00,Unknown,false,1,13.10,0.0000,true,1,5913
7290005424311,false,קוטל חרקים זוחלים ומעופפים,מיוצר עי קונדיטוריית,IL,משמיד חרקים סנו Kרב קוטל500 מל,מיליליטרים,500.00,"100 מ""ל",false,1,23.90,4.7800,true,1,5916
7290005424403,false,"אל סבון כיף אצות ים קטיפתי 1ליטר,",טרופיקל דגיל תעשיות,IL,כיף אל סבון קטיפתי מועשר בלחות 1 ליטר,ליטרים,1.00,ליטר,false,1,15.90,15.9000,true,1,5917
7290005424755,false,מטליות ריצפז פלוס לחות לניקוי רצפות דוחה תיקנים 10 יח' סנו,סנו מפעלי ברונוס בעמ,IL,סנו ריצפז פלוס דוחה תיקנים ניחוח לימון,לא מנהל יחידת מידה,0.00,לא מנהל יחידת מידה,false,1,16.90,0.0000,true,1,121051
7290005424762,false,נוזל רצפות ריצפז ווקס דוחה חרקים 2 ליטר,"סנו מפעלי ברונוס בע""",IL,סנו ריצפז פלוס ווקס 2 ליטר,ליטרים,2.00,ליטר,false,1,31.60,15.8000,true,1,22507
7290005424847,false,מפיות סנו סושי לבן לאירוח 150יח',מיוצר עי קונדיטוריית,TR,מפיות נייר סנו סושי 150 יח,Unknown,0.00,Unknown,false,1,9.90,0.0000,true,1,5925
7290005424915,false,"סנומוד לבנדר פצ''ולי 150 מ""ל",סנו מפעלי בורונוס בע,IL,מ.אויר סנו מוד פטצולי לבנדר לל,מיליליטרים,150.00,"100 מ""ל",false,1,12.90,8.6000,true,1,5926
7290005425011,false,סנו ג'ט 80 מטליות לחות לניקוי כללי,פאלאס,,"מגבוני סנוג""ט לניקוי כללי80 יח",Unknown,0.00,Unknown,false,1,16.90,0.0000,true,1,5928
7290005425073,false,"סנו דואופרש יסמין עץ סאנדלווד 300 מ""ל","סנו מפעלי ברונוס בע""",IL,דואופרש אפרס,מיליליטרים,300.00,"100 מ""ל",false,1,11.90,3.9667,true,1,5929
7290005425110,false,"חיטוי משטחים 99.9% מתז מחטא ומשמיד 750 מ""ל","סנו מפעלי ברונוס בע""",IL,סנו מחטא ומשמיד חיידקים 750 מל,לא מנהל יחידת מידה,0.00,לא מנהל יחידת מידה,false,1,16.90,0.0000,true,1,124070
7290005425127,false,"חיטוי משטחים 99.9% מתז לשומנים ואבנית 750 מ""ל","סנו מפעלי ברונוס בע""",IL,סנו מחטא ומשמיד חיידקים עוצמתי 750 מל,לא מנהל יחידת מידה,0.00,לא מנהל יחידת מידה,false,1,16.90,0.0000,true,1,124071
7290005425196,false,"סנו לכביסה מקסימה סנסיטיב 2.5 ק""ג",מיוצר עי קונדיטוריית,IL,אבקת כביסה מרוכזת SENSITIVE,קילוגרמים,2.50,"ק""ג",false,1,28.90,11.5600,true,1,5931
7290005425202,false,אבקת כביסה ביו מקסימה לכתמים קשים,"סנו מפעלי ברונוס בע""",IL,2.5 מקסימה ביו,קילוגרמים,2.50,"ק""ג",false,1,28.90,11.5600,true,1,13020
7290005425646,false,סנו קליר ספריי אקדח לניקוי והברקת חלונות 1ל',"סנו מפעלי ברונוס בע""",IL,סנוקליר חלונות 1 ליטר,ליטרים,1.00,ליטר,false,1,11.90,11.9000,true,1,5934
7290005425714,false,לשטיחים סנופלוס ספרי,"איי, בי, אינבוו",IL,"סנו שמפו שטיחים פלוס, דוחה קרדית אבק הבית 500 גרם",מיליליטרים,600.00,"100 מ""ל",false,1,26.60,4.4333,true,1,5936
7290005426193,false,ספוג הפלא אריזת סנו 6יח',טרופיקל דגיל תעשיות,IL,סנו סושי ספוג הפלא,Unknown,0.00,Unknown,false,1,12.90,0.0000,true,1,14195
7290005426230,false,מטלית הפלא לרצפה מיקרופייבר סנו 1יח',סנו סושי,CN,מטלית הפלא לרצפה סנו סושי,Unknown,0.00,Unknown,false,1,11.90,0.0000,true,1,5943
7290005427107,false,סנו - סושי מגבות נייר הפלא 6 יחידות,מיוצר עי קונדיטוריית,IL,"סנו סושי 6 מגבות הפלא, 700 גרם",מטרים,6350.00,מטר,false,1,12.90,0.0020,true,1,16841
7290005428845,false,סנו סושי מפיות צבעוני 100 יח,"חי מוצרי נייר בע""מ",IL,סנו סופט מפיות 100 יח צבעוני,מיליליטרים,750.00,"100 מ""ל",false,1,9.90,1.3200,true,1,110583
7290005428852,false,ממחטות טישו צבעוניים סנו סופט 5 יח' *100דף,ישרפייפר,IL,מגבוני טישו צבעוני סנו סופט 1/5,יחידה,1.00,יחידה,false,1,15.90,15.9000,true,1,16091
7290005429286,false,"אבקת כביסה מקסימה ביו 6 ק""ג סנו",סנו מקסימה,IL,"אבק.כביסה מקסימה ביו 6 ק""ג",קילוגרמים,6.00,"ק""ג",false,1,49.90,8.3167,true,1,30390
7290005430480,false,מטלית הפלא מיקרופייבר סנו סושי,סנו סושי,CN,מטלית הפלא סנו סושי למשטח,Unknown,0.00,Unknown,false,1,9.90,0.0000,true,1,36264
7290005430510,false,סנו סופט נייר טואלט 40 גלילים לבן,General,,נייר טואלט סופט לבן 40 גלילים,מטרים,73600.00,מטר,false,1,39.90,0.0005,true,1,25398
7290005430602,false,סנו אוקסיגן מסיר כתמים קשים מרסס 750 מל,"סנו מפעלי ברונוס בע""",IL,"מסיר כתמים אוקסיג""ן מרסס 750 מ""ל",מיליליטרים,750.00,"100 מ""ל",false,1,18.90,2.5200,true,1,5979
7290005431159,false,עדן קינוחים תותים בקצפת לייט,עדן קינוחים,IL,תותים בקצפת לייט עדן 80 גרם,גרמים,80.00,100 גרם,false,1,7.20,9.0000,true,1,152814
7290005431883,false,עדן קינוחים מלבי חלבי,עדן קינוחים Eden,IL,עדן מלבי 165 גרם,גרמים,165.00,100 גרם,false,1,7.20,4.3636,true,1,143740
7290005431906,false,קדאיף עדן קינוחים 82,עדן קינוחים Eden,IL,קדאיף 82 גרם,גרמים,82.00,100 גרם,false,1,7.20,8.7805,true,1,143743
7290005431913,false,עדן קינוחים עוגת גבינה פירורים,עדן קינוחים Eden,IL,עוגת גבינה פירורים 92 גרם,גרמים,92.00,100 גרם,false,1,7.20,7.8261,true,1,143741
7290005431920,false,עדן קינוחים עוגת גבינה פירורים לייט,עדן קינוחים Eden,IL,עוגת גבינה פירורים לייט 78 גרם,גרמים,78.00,100 גרם,false,1,7.20,9.2308,true,1,143742
7290005431937,false,עדן קינוחים טירמיסו,עדן קינוחים Eden,IL,טירמיסו 82 גרם,גרמים,82.00,100 גרם,false,1,7.20,8.7805,true,1,143739
7290005431968,false,עדן קינוחים מלבי שמנת,עדן קינוחים Eden,IL,מלבי שמנת 150גרם,גרמים,150.00,100 גרם,false,1,8.20,5.4667,true,1,146504
7290005509445,false,כרמית מיני קוקיס בטעם חמאה 600 גרם,כרמית תעשיות ממתקים,IL,עוג.מיני קוקיס חמאה 600 גרם,גרמים,600.00,100 גרם,false,1,23.90,3.9833,true,1,116261
7290005559709,false,בורקס פיצה מעדנות 700 ג',"מעדנות בע""מ",IL,בורקס פיצה מעדנות 700 גרם,גרמים,700.00,100 גרם,false,1,25.90,3.7000,true,1,6142
7290005559907,false,פיצה משפחתית גבינה מעדנות 500 גר,מיוצר עי קונדיטוריית,IL,פיצה משפחתית גבינה מעדנות 500גרם,גרמים,500.00,100 גרם,false,1,25.90,5.1800,true,1,6145
7290005559914,false,פיצה משפחתית זיתים מעדנות 550 גר,מיוצר עי קונדיטוריית,IL,פיצה משפחתית זיתים 550 גרם,גרמים,550.00,100 גרם,false,1,27.90,5.0727,true,1,6146
7290005559990,false,בצק פילאס תורכי מעדנות 600 גרם,מיוצר עי קונדיטוריית,IL,בצק פילאס תורכי 600 גרם,גרמים,600.00,100 גרם,false,1,22.90,3.8167,true,1,6150
7290005591761,false,דבש טהור מפרחי בר בלחיץ 400 ג' יד מרדכי,מכוורת יד מרדכי שטרא,IL,דבש טהור לחיץ 400 גרם,גרמים,400.00,100 גרם,false,1,24.90,6.2250,true,1,6164
7290005610509,false,צנוניות ארוזות דוד מ,חקלאי,IL,צנונית בייבי ארוז,לא מנהל יחידת מידה,0.00,לא מנהל יחידת מידה,false,1,6.90,0.0000,true,1,118940
7290005680052,false,או-בה טמפון קלאסי סופר פלוס 32יח',גונסון אנד גונסון,GR,טמפוני O.B סופר פלוס 32 יח,יחידה,32.00,יחידה,false,1,24.90,0.7781,true,1,6224
7290005686405,false,בננה ציפס 200 גרם ששון הקולה,"דין שיווק וקלייה בע""",IL,בננה ציפס מסוכרת 200 גרם,גרמים,200.00,100 גרם,false,1,7.90,3.9500,true,1,103857
7290005686436,false,תפוח עץ מיובש 200 גר,"דין שיווק וקליה בע""מ",,תפוח עץ מיובש 200 גרם,גרמים,200.00,100 גרם,false,1,11.90,5.9500,false,1,152569
7290005719998,false,תערובת להכנת מאפינס בטעם שוקולד,פילסברי,IL,תערובת להכנת מאפינס פלסברי 335גרם,גרמים,335.00,100 גרם,false,1,17.90,5.3433,true,1,152640
7290005803628,false,קרחון מלון - צבע מאכל טבעי,המאפיה של הרמן,IL,נסטלה קרחון מלון בדצ 48*80גרם,Unknown,0.00,Unknown,false,1,2.90,0.0000,true,1,12287
7290005811067,false,מצות חיטה מלאה ירושל,יושלם,,מצות חיטה מלאה ירושלים כשר לפסח 300 גרם,גרמים,300.00,100 גרם,false,1,16.90,5.6333,true,1,50757
7290005838002,false,מעדן גבינה ויוגורט בטעם וניל 88 ג' דניאלה,"שטראוס בריאות בע""מ",IL,דניאלה וניל,גרמים,88.00,100 גרם,false,1,4.40,5.0000,true,1,6451
7290005839078,false,"דנונה יוגורט ביו 3% לבן מארז 150X8מ""ל",מיוצר עי קונדיטוריית,IL,מארז 8 חסכון - ביו 3% 150 גרם,קילוגרמים,1.20,"ק""ג",false,1,17.60,14.6667,true,1,6459
7290005839108,false,גבינה לבנה סימפוניה עם תוספות 200 ג'+זיתים 5%,"שטראוס בריאות בע""מ",IL,סימפוניה 5% עם זתים,גרמים,200.00,100 גרם,false,1,11.90,5.9500,true,1,6461
7290005839313,false,"מילקי טופ שוקולד מגולגל 170 מ""ל",מיוצר עי קונדיטוריית,IL,מילקי טופ מגולגלת 140 גרם,גרמים,140.00,100 גרם,false,1,4.90,3.5000,true,1,6463
7290005854040,false,שלגון אסקימו משמש שטראוס,שטראוס,,שלגון אסקימו משמש,לא מנהל יחידת מידה,0.00,לא מנהל יחידת מידה,false,1,3.00,0.0000,true,1,56139
7290005854606,false,קרחון אסקימו שטראוס אננס,שטראוס,IL,שלגון אסקימו אננס,לא מנהל יחידת מידה,0.00,לא מנהל יחידת מידה,false,1,2.90,0.0000,true,1,13706
7290005868610,false,קרם גוף דבש סחלב,,,קרם גוף דבש סחלב,מיליליטרים,400.00,"100 מ""ל",false,1,29.90,7.4750,true,1,120933
7290005870422,false,"ג'ל אלוורה 100 סמ""ק בטיובה",ש.שוורץ,,גל אלוורה 100,מיליליטרים,100.00,"100 מ""ל",false,1,13.90,13.9000,true,1,120940
7290005870460,false,"שמפו רימונים לשיער רגיל 750 מ""ל",ש.שוורץ,IL,שמפו רימונים לשיער רגיל 750 מ,מיליליטרים,750.00,"100 מ""ל",false,1,21.90,2.9200,true,1,52091
7290005870491,false,"מרכך רימונים 750 מ""ל",ש.שוורץ,,מרכך רימונים 750 מל,מיליליטרים,750.00,"100 מ""ל",false,1,21.90,2.9200,true,1,52092
7290005870514,false,"תחליב רחצה רימונים 750 מ""ל",ש.שוורץ,IL,תחליב רחצה רימונים 750,מיליליטרים,750.00,"100 מ""ל",false,1,23.90,3.1867,true,1,52194
7290005896415,false,"בירה איגל לאגר פרימיום 5% 500 מ""ל פחית","טמפו משקאות בע""מ",IL,"איגל ירוק 500 מ""ל פחית 24 יח'",מיליליטרים,500.00,"100 מ""ל",false,1,6.90,1.3800,true,1,106040
7290005896439,false,"בירה מכבי בקבוק חוזר 500 מ""ל","טמפו משקאות בע""מ",IL,"בירה מכבי, בקבוק חוזר 500 מ''ל",מיליליטרים,500.00,"100 מ""ל",false,1,6.90,1.3800,true,1,77482
7290005896453,false,"בירה מכבי 7.9% בקבוק חוזר 500מ""ל",פארייפאבה אגרואינדוס,IL,"בירה מכבי 7.9%, בירה חזקה, בקבוק חוזר 500 מ''ל",מיליליטרים,500.00,"100 מ""ל",false,1,7.90,1.5800,true,1,114380
7290005896637,false,מים סן בנדטו בודד 1.5 ליטר-,אקווה מינרלה סאן בנד,IT,סן בנדטו 1.5 ליטר,ליטרים,1.50,ליטר,false,1,3.90,2.6000,true,1,13030
7290005938238,false,ממרח צ'ימצ'ורי פרסקו 220ג' מצונן,"פרסקו חצבה 2006 בע""מ",IL,פרסקו צ'ימיצ'ורי ממרח בסגנון ארגנטינאי 220 גרם,גרמים,220.00,100 גרם,false,1,17.50,7.9545,true,1,25259
7290005938245,false,ממרח פסטו קלאסי פרסקו 220ג' מצונן,מיוצר עי פרסקו חצבה,IL,פרסקו פסטו קלאסי ממרח בזיליקום וצנובר 220 גרם,גרמים,220.00,100 גרם,false,1,19.90,9.0455,true,1,25162
7290005951022,false,דלעת חתוכה ארוזה,חקלאי,IL,דלעת ארוזה,לא מנהל יחידת מידה,0.00,לא מנהל יחידת מידה,false,1,17.90,0.0000,true,1,151029
7290005966033,false,"יין הר חרמון לבן 750 מ""ל",יקבי רמת הגולן,IL,"הר חרמון יין לבן יבש 2020 750 מ""ל",מיליליטרים,750.00,"100 מ""ל",false,1,33.90,4.5200,true,1,6559
7290005992018,false,"יוגורט עיזים לשתיה 3% 500 מ""ל רובין","מיוצר ע""י קוד יצרן M",IL,"יוגורט עיזים 500 מ""ל גד",מיליליטרים,500.00,"100 מ""ל",false,1,13.90,2.7800,true,1,6615
7290005992575,false,בולגרית למריחה 5% 250 גרם - רבנות,מחלבות גד בעמ,IL,גד גבינה בולגרית מלוחה למריחה 5% שומן,גרמים,250.00,100 גרם,false,1,18.90,7.5600,true,1,6622
7290005992735,false,לאבנה טבעית 5% 250 גר' - רבנות,הנסיך- מפעל לייצור ט,IL,גבינת לאבנה 5% 250 גרם גד,גרמים,250.00,100 גרם,false,1,12.90,5.1600,true,1,6629
7290005996078,false,סלמי סרוולט הונגרי 1,מעדני יחיעם,IL,סלמי סרוולט הונגרי 125 ג',גרמים,125.00,100 גרם,false,1,29.90,23.9200,true,1,144985
7290005996153,false,נקניקיות צרפתיות פרימיום 280 גרם,מעדני יחיעם,IL,נק' בסגנון צרפתי 280 גרם,גרמים,280.00,100 גרם,false,1,23.90,8.5357,true,1,144243
7290005996160,false,נקניקיות צוריסו פרימיום 280 גרם,מעדני יחיעם,IL,נק' צ'וריסו 280 גרם,גרמים,280.00,100 גרם,false,1,23.90,8.5357,true,1,144244
7290005996221,false,פסטרמה של פעם דק דק 120 גרם,מעדני יחיעם,IL,פסט' של פעם דק דק 120 גרם,גרמים,120.00,100 גרם,false,1,10.90,9.0833,true,1,145991
7290005996238,false,פסטרמה בדבש דק דק 120 גרם,מעדני יחיעם,IL,פסט' בדבש דק דק 120 גרם,גרמים,120.00,100 גרם,false,1,10.90,9.0833,true,1,145990
7290005996276,false,פסטרמה ברביקיו דק דק 120 גרם,מעדני יחיעם,IL,פסט' ברבקיו דק דק 140גר',גרמים,120.00,100 גרם,false,1,10.90,9.0833,true,1,145992
7290005996740,false,סלמי פפרוני יחיעם 300 ג',מעדני יחיעם,IL,סלמי פפרוני יחיעם 300 גרם,גרמים,300.00,100 גרם,false,1,25.90,8.6333,true,1,150726
7290005996825,false,נקניקיות בקר בסגנון אמריקאי 280 גרם,מעדני יחיעם,IL,נקניקיות בקר אמריקאיות יחיעם 280גרם,גרמים,280.00,100 גרם,false,1,23.90,8.5357,true,1,150451
7290006229427,false,שישיית מים מינרלים סאן בנדטו 500 מל,סן בנדטו,,"מים סן בנדטו שישייה בקבוק 500 מ""ל",ליטרים,3.00,ליטר,false,1,15.90,5.3000,true,1,12508
7290006229588,false,בירה איגל לאגר פרימיום חזקה 6.3% 500 מל,"טמפו משקאות בע""מ",IL,"איגל זהב 500 מ""ל פחית 24 יח'",מיליליטרים,500.00,"100 מ""ל",false,1,6.90,1.3800,true,1,106041
7290006241191,false,אגוזי מלך קליית גת 150 גר,הדקלאים אגודת שיתופי,US,אגוז מלך שקית 150 גרם,גרמים,150.00,100 גרם,false,1,19.90,13.2667,true,1,57865
7290006241214,false,שקד טבעי קלית גת 200 ג',הדקלאים אגודת שיתופי,IL,שקד טבעי שקית 200 גרם,גרמים,200.00,100 גרם,false,1,21.90,10.9500,true,1,15192
7290006241535,false,תרכיז פריגת קפוא מנג,היינץ צפון אמריקה מק,IL,קפוא מנגו,מיליליטרים,340.00,"100 מ""ל",false,1,14.90,4.3824,true,1,6923
7290006241689,false,פריז לימון קפוא 340 גרם,היינץ צפון אמריקה מק,IL,פריגת לימון קפוא 340 גרם,מיליליטרים,340.00,"100 מ""ל",false,1,14.90,4.3824,true,1,6929
7290006251107,false,תה ויסוצקי צ'אי מסאלה 25 יח',מולינו ניקולי s.p.a,IL,מסאלה צ'אי,גרמים,50.00,100 גרם,false,1,19.90,39.8000,true,1,6942
7290006251275,false,תה ירוק סיני 25 שקיקים של 1.5 ג,תה ויסוצקי,IL,תה ירוק סיני T.T,גרמים,37.00,100 גרם,false,1,25.90,70.0000,true,1,6944
7290006251343,false,תה חליטה הגן הקסום פסיפלורה מנגו 25 שקיקים,תה ויסוצקי,IL,"מנגו-פסיפלורה ""הגן הקסום""",גרמים,62.00,100 גרם,false,1,19.90,32.0968,true,1,6947
7290006251374,false,תה ירוק לימונית וגינגר 25 שקיקים ויסוצקי,תה ויסוצקי,IL,תה ירוק לימונית וג'ינג'ר T.T,גרמים,37.00,100 גרם,false,1,25.90,70.0000,true,1,14199
7290006251589,false,תה ירוק עם עלי נענע 50 שקיקים ויסוצקי,בית ויסוצקי,IL,חדש תה ירוק 50נענע,גרמים,75.00,100 גרם,false,1,46.90,62.5333,true,1,6948
7290006271174,false,ג'חנון לאפיה בתנור מעדנות 700 ג',מיוצר עי קונדיטוריית,IL,גחנון לאפיה מעדנות 700 גרם,גרמים,700.00,100 גרם,false,1,19.90,2.8429,true,1,6966
7290006271181,false,מעדנות גחנון אפוי 750 גרם,מיוצר עי קונדיטוריית,IL,"ג""חנון אפוי 750 גרם מעדנות",גרמים,750.00,100 גרם,false,1,26.90,3.5867,true,1,6967
7290006271648,false,"מיני בורקס תפו""א מוזל מעדנות","מעדנות בע""מ",IL,מיני בורקס תפוא מעדנות 800גרם,גרמים,800.00,100 גרם,false,1,26.90,3.3625,true,1,51377
7290006271655,false,מיני בורקס גבינה מוזל מעדנות,מיוצר עי קונדיטוריית,IL,מיני בורקס גבינה מעדנות 800גרם,גרמים,800.00,100 גרם,false,1,28.90,3.6125,true,1,51387
7290006271761,false,מיני ג'חנון אפוי מעדנות,מיוצר עי קונדיטוריית,IL,"ג""חנון אפוי מיני מעדנות 600 גרם",גרמים,600.00,100 גרם,false,1,24.90,4.1500,true,1,30503
7290006272072,false,חטיפי פיצה בשקית מעדנות 650ג',"מעדנות בע""מ",IL,חטיפי פיצה מעדנות 650 גרם,גרמים,650.00,100 גרם,false,1,34.90,5.3692,true,1,121169
7290006272430,false,בצק עלים חמאה מעדנות 600 ג',מיוצר עי קונדיטוריית,IL,בצק עלים חמאה 600 גרם,גרמים,600.00,100 גרם,false,1,27.90,4.6500,true,1,46062
7290006306302,false,רביולי במילוי גבינות פרמזן ריקוטה 400 ג' פסטה נונה,דורום תעשיות מזון ופ,IL,רביולי במילוי גבינות פרמזן וריקוטה,גרמים,400.00,100 גרם,false,1,29.90,7.4750,true,1,31270
7290006306319,false,רביולי במילוי בטטה 400 ג' פסטה נונה,דורום תעשיות מזון ופ,IL,רביולי במילוי בטטה,גרמים,400.00,100 גרם,false,1,29.90,7.4750,true,1,31271
7290006306326,false,רביולי במילוי פטריות וגבינת פרמזן פסטה נונה 400 ג',דורום תעשיות מזון ופ,IL,רביולי במילוי פטריות וגבינת פרמזן,גרמים,400.00,100 גרם,false,1,29.90,7.4750,true,1,31272
7290006342065,false,בוטנים קלויים 200 ג ששון הקולה,,,בוטנים קלויים 200גרם,גרמים,200.00,100 גרם,false,1,7.90,3.9500,true,1,152549
7290006342072,false,גרעין לבן 200 גרם ששון הקולה,"דין שיווק וקלייה בע""",IL,גרעין לבן 200גרם,גרמים,200.00,100 גרם,false,1,10.90,5.4500,true,1,152555
7290006342447,false,גרעין אבטיח 200 גרם ששון הקולה,"דין שיווק וקלייה בע""",IL,גרעין אבטיח 200גרם,גרמים,200.00,100 גרם,false,1,15.90,7.9500,true,1,152550
7290006342515,false,מנצס 200 גרם ששון הקולה,"דין שיווק וקלייה בע""",,"מנצ""ס 200 גרם",גרמים,200.00,100 גרם,false,1,7.90,3.9500,true,1,152551
7290006342553,false,קבוקים 200 גרם ששון וקולה,"ששון ושות' בע""מ",IL,קבוקים200 גר,גרמים,200.00,100 גרם,false,1,5.90,2.9500,true,1,152552
7290006342560,false,בוטן אמריקאי 200 גרם ששון הקולה,"דין שיווק וקלייה בע""",IL,בוטן אמריקאי 200גרם,גרמים,200.00,100 גרם,false,1,5.90,2.9500,true,1,152530
7290006342645,false,טורטיה גדולה 840 גר' 12 יח,אלקטי קוראבייכיסיגיד,TR,עלי טורטייה גדולה 840 גרם,גרמים,840.00,100 גרם,false,1,16.90,2.0119,true,1,153142
7290006374738,false,קונפיטורת יד מרדכי תות 340 גרם,אף.סי תבליני בגליל ב,IL,קונפיטורה תות 340 גרם יד מרדכי,גרמים,340.00,100 גרם,false,1,14.90,4.3824,true,1,15269
7290006401571,false,אדויל ליקווי ג'ל 16 כמוסות,פייזר,,אדויל ליקויי גל 16 כמוסות,Unknown,0.00,Unknown,false,1,31.50,0.0000,true,1,23835
7290006492432,false,גבינת מוצרלה בייבי 18% 300 ג' גד,מחלבות גד בעמ,IL,גבינה מוצרלה בייבי 150 גרם,גרמים,150.00,100 גרם,false,1,15.90,10.6000,true,1,7127
7290006492616,false,גבינה בולגרית פרוסות 5% 250 ג' גד,DSH עבור מחלבות גד ב,IL,פרוסות בולגרית מעודנת 5%,גרמים,250.00,100 גרם,false,1,28.90,11.5600,true,1,23909
7290006492630,false,גליל גד עז 22% 180 גרם - רבנות,מחלבות גד בעמ,IL,מחלבות גד גדעז גבינת שמנת מחלב עיזים 20%,גרמים,180.00,100 גרם,false,1,25.90,14.3889,true,1,25172
7290006492685,false,לאבנה עיזים 5% 250 גרם - רובין,מחלבות גד בעמ,IL,גבינת לאבנה עיזים 5% 250 גרם גד,גרמים,250.00,100 גרם,false,1,18.90,7.5600,true,1,31622
7290006492913,false,ציזיקי לבנה למריחה בתוספת שום שמיר,מחלבות גד בעמ,IL,ציזיקי למריחה 250 גרם גד,גרמים,250.00,100 גרם,false,1,14.90,5.9600,true,1,35169
7290006494917,false,טוסו וופל קלאסי במילוי שוקולד 200 גרם,"איטיליאן פוד, אס.פי.",IL,וופל במילוי קרם בטעם שוקולד סוכר 200 גרם,גרמים,200.00,100 גרם,false,1,12.30,6.1500,true,1,7143
7290006511157,false,"פטריות שלמות ויליפוד 400 גרם בד""ץ",אוקצ'מפס אס.איי אויי,PL,ויליפוד פטריות שמפניון שלמות 400 גרם,גרמים,400.00,100 גרם,false,1,8.50,2.1250,true,1,16511
7290006554017,false,עוגיות מרוקאית 500 ג,"ארקד מוצרי אפיה בע""מ",IL,עוגיות מרוקאיות 500 גרם,גרמים,500.00,100 גרם,false,1,18.90,3.7800,true,1,50851
7290006554024,false,עוגיות ביתיות תמרים,"ארקד מוצרי אפיה בע""מ",IL,עוגיות ממרח תמרים 400 גרם,גרמים,400.00,100 גרם,false,1,18.90,4.7250,true,1,50893
7290006554031,false,עוגיות ביתיות אגוזים,"ארקד מוצרי אפיה בע""מ",IL,עוגיות ממרח תמרים עם אגוזים 400 גרם,גרמים,400.00,100 גרם,false,1,18.90,4.7250,true,1,50858
7290006554055,false,עוגיות חלבה ביתיות 3,"ארקד מוצרי אפיה בע""מ",IL,עוגיות בטעם טחינה 300 גרם,גרמים,300.00,100 גרם,false,1,16.90,5.6333,true,1,51547
7290006554062,false,עוגיות גרנולה ארקד 2,"ארקד מוצרי אפיה בע""מ",IL,עוגיות גרנולה 250 גרם,גרמים,250.00,100 גרם,false,1,18.90,7.5600,true,1,82753
7290006554079,false,עוגיות גרנולה ללא תו,"ארקד מוצרי אפיה בע""מ",IL,עוגיות גרנולה ללא תוספת סוכר 250 גרם,גרמים,250.00,100 גרם,false,1,19.00,7.6000,true,1,87049
7290006554093,false,עוגיות סהרונים ביתיו,"ארקד מוצרי אפיה בע""מ",IL,עוגיות סהרונים 300 גרם,גרמים,300.00,100 גרם,false,1,16.90,5.6333,true,1,51557
7290006554154,false,עוגיות מרנג נשיקות 1,"ארקד מוצרי אפיה בע""מ",,נשיקות מרנג,גרמים,100.00,100 גרם,false,1,16.90,16.9000,true,1,76762
7290006554161,false,עוגיות משקפיים קינמו,"ארקד מוצרי אפיה בע""מ",IL,עוגיות משקפיים עם קינמון 250 גרם,גרמים,250.00,100 גרם,false,1,18.90,7.5600,true,1,99156
7290006554246,false,עוגיות משקפיים עם סו,"ארקד מוצרי אפיה בע""מ",IL,עוגיות משקפיים סוכר חום 250 גרם,גרמים,250.00,100 גרם,false,1,18.90,7.5600,true,1,103249
7290006554307,false,עוגיות מרוקאית ללא ס,"ארקד מוצרי אפיה בע""מ",IL,עוגיות מרוקאיות ללא תוספת סוכר 350,גרמים,350.00,100 גרם,false,1,16.90,4.8286,true,1,51669
7290006554314,false,עוגיות שקדים ללא סוכ,"ארקד מוצרי אפיה בע""מ",IL,עוגיות שקדים ללא תוספת סוכר,גרמים,250.00,100 גרם,false,1,17.90,7.1600,true,1,103658
7290006554321,false,עוגיות אגוזי לוז ללא,"ארקד מוצרי אפיה בע""מ",IL,עוגיות עם אגוזי לוז ללא תוספת סוכר 250 ג,גרמים,250.00,100 גרם,false,1,19.90,7.9600,true,1,103657
7290006554345,false,עוגיות תמרים ללא סוכ,"ארקד מוצרי אפיה בע""מ",IL,עוגיות ממרח תמרים ללא תוספת סוכר 250 גרם,גרמים,250.00,100 גרם,false,1,17.90,7.1600,true,1,117825
7290006554413,false,עוגיות מרוקאיות ארקד,"ארקד מוצרי אפיה בע""מ",IL,עוגיות מרוקאיות ללא תוספת סוכר מקמח מלא,גרמים,300.00,100 גרם,false,1,18.50,6.1667,true,1,56895
7290006554727,false,עוגיות מקלות מלוח קצ,יצרן 794,IL,מקלות מלוחים עם קצח,גרמים,400.00,100 גרם,false,1,14.90,3.7250,true,1,67930
7290006554758,false,עוגיות מלוחות ללא סו,"ארקד מוצרי אפיה בע""מ",IL,כעכים עם שומשום ללא תוספת סוכר 270 גרם,גרמים,270.00,100 גרם,false,1,17.90,6.6296,true,1,117823
7290006567048,false,קוסקוס ישראלי מפתול אסם 350ג',"מיוצר ע""י קוד יצרן K",IL,אסם פתיתי קוסקוס ישראלי 12*350גרם,גרמים,350.00,100 גרם,false,1,7.90,2.2571,true,1,20696
7290006582539,false,חמוציות 250 גרם ששון הקולה,דין שיווק,IL,חמוציות 250גרם,גרמים,250.00,100 גרם,false,1,10.90,4.3600,true,1,152534
7290006618078,false,"אסטוניש מרסס ניקוי יסודי 750 מ""ל",יעקובי אסטוניש,GB,יעקבי אסטוניש ספריי ניקוי למטבח 750 מל,מיליליטרים,750.00,"100 מ""ל",false,1,15.90,2.1200,true,1,18085
7290006618085,false,"אסטוניש - מרסס לחדר האמבט עם אקונומיקה 750 מ""ל",יעקובי אסטוניש,GB,יעקבי אסטוניש ספריי ניקוי לחדר האמבטיה 750 מל,מיליליטרים,750.00,"100 מ""ל",false,1,15.90,2.1200,true,1,18086
7290006618146,false,"הפי נוזל הדלקת פחמים 500 מ""ל",תות תעשיות מזון (201,NL,יעקבי הפי מדליק פחמים נוזלי 500 מל,מיליליטרים,500.00,"100 מ""ל",false,1,18.90,3.7800,true,1,22508
7290006644480,false,תפוזינה תפוזים 0.5 ליטר,"יפאורה תבורי בע""מ",IL,תפוזינה תפוזים 0.5 ל',מיליליטרים,500.00,"100 מ""ל",false,1,7.00,1.4000,true,1,114561
7290006644510,false,"מיץ ענבים 500 מ""ל תפוזינה","יפאורה תבורי בע""מ",IL,תפוזינה ענבים 0.5 ל',מיליליטרים,500.00,"100 מ""ל",false,1,7.00,1.4000,true,1,49411
7290006644527,false,"תפוזינה תות בננה 500 מ""ל","יפאורה תבורי בע""מ",IL,תפוזינה תות בננה 0.5 ל',מיליליטרים,500.00,"100 מ""ל",false,1,7.00,1.4000,true,1,114559
7290006652027,false,מארז במבה יום הולדת 15X20 גרם,מיוצר עי קונדיטוריית,IL,במבה יום הולדת מאח.כלפ 12 20*15גרם,גרמים,300.00,100 גרם,false,1,21.90,7.3000,true,1,7347
7290006653765,false,פסטה פרפקטו פטוציני 500ג' אסם,אסם פרפקטו,IT,פרפקטו פסטה פטוציני איטלקי 24*500גרם,גרמים,500.00,100 גרם,false,1,7.90,1.5800,true,1,12575
7290006653819,false,פתיתי קוסקוס דק 350 גרם,"מיוצר ע""י קוד יצרן K",IL,אסם קוסקוס דק 12*350גרם,גרמים,350.00,100 גרם,false,1,7.90,2.2571,true,1,16064
7290006660596,false,קמח עדשים אדומות ללא גלוטן 500 גרם,אף.סי תבליני בגליל ב,IL,דוכן גן שמואל קמח אורז מלא 500 גרם,גרמים,500.00,100 גרם,false,1,20.90,4.1800,true,1,123012
7290006664051,false,"אקטימל לבן מארז 100X14 מ""ל",מיוצר עי קונדיטוריית,IL,אקטימל לבן 14,ליטרים,1.40,ליטר,false,1,32.60,23.2857,true,1,20420
7290006664402,false,גבינה 5% שומן 750 ג' שטראוס,מיוצר עי קונדיטוריית,IL,סקי% 5 750 גרם,גרמים,750.00,100 גרם,false,1,14.94,1.9920,true,1,7400
7290006664532,false,יוגורט עם תות 3% שומן 150 ג' דנונה,מיוצר עי קונדיטוריית,IL,דנונה תות 3%,גרמים,150.00,100 גרם,false,1,3.90,2.6000,true,1,13095
7290006664655,false,"אקטימל לבן טבעי מארז 100X8 מ""ל",מיוצר עי קונדיטוריית,IL,אקטימל לבן שמינייה,מיליליטרים,864.00,"100 מ""ל",false,1,20.90,2.4190,true,1,20423
7290006664693,false,יוגורט עם אפרסק 3% שומן 150 ג' דנונה,מיוצר עי קונדיטוריית,IL,דנונה אפרסק 3%,גרמים,150.00,100 גרם,false,1,3.90,2.6000,true,1,14294
7290006664990,false,דנונה ביו מארז חיסכון 1.5% 8 יח' *150 ג',מיוצר עי קונדיטוריית,IL,מארז דנונה ביו 1.7% שמינייה,קילוגרמים,1.20,"ק""ג",false,1,17.60,14.6667,true,1,21677
7290006681003,false,גלידה תות לימון סורבה 1.33 ל' קרמיסימו,"גלידת שטראוס בע""מ, ר",IL,גלידה קרמיסימו סורבה שרבט תות לימון 1.33 ל',ליטרים,1.33,ליטר,false,1,26.90,20.2256,true,1,7403
7290006681065,false,טעמקור אקסטרא לארג,"מיוצר ע""י גלידת שטרא",IL,שלגון טעמקור XL,גרמים,75.00,100 גרם,false,1,9.90,13.2000,true,1,15275
7290006681553,false,מארז קרמבו וניל שטראוס 8 יח',"גלידת שטראוס בע""מ",IL,"שטראוס קרמבו 80 מ""ל",גרמים,200.00,100 גרם,false,1,15.90,7.9500,true,1,20687
7290006681560,false,מארז קרמבו מוקה שטראוס 8 יח',"גלידת שטראוס בע""מ",IL,"שטראוס קרמבו 80 מ""ל",גרמים,200.00,100 גרם,false,1,15.90,7.9500,true,1,20688
7290006681577,false,מאגדת קרחון אסקימו לימון דובדובן 10 יח' שטראוס,"מיוצר ע""י גלידת שטרא",IL,קרחוני אסקימו לימון דובדבן מארז 2+8,גרמים,700.00,100 גרם,false,1,24.90,3.5571,true,1,14474
7290006681843,false,מאגדת שלגון שרבט מינ,"גלידת שטראוס בע""מ, ר",IL,"שטראוס מאגדת לייט פרי 420 מ""ל",גרמים,300.00,100 גרם,false,1,24.90,8.3000,true,1,22044
7290006703323,false,שוקיים עוף קפוא,מעדני הטלה,,שוקיים עוף קפוא,קילוגרמים,1.00,"ק""ג",true,,34.90,34.9000,true,1,74670
7290006703576,false,כבד עוף קפוא,מעדני הטלה והעגל,,כבד עוף קפוא500 גר,גרמים,500.00,100 גרם,false,1,11.90,2.3800,true,1,90618
7290006712684,false,ספיד סטיק 24/7 סטיק כחול,קולגייט פלמוליב,US,דאודורנט ספיד סטיק 24/7 פרש ראש 50 גרם,מיליליטרים,55.00,"100 מ""ל",false,1,21.90,39.8182,true,1,7439
7290006714381,false,טחון עוף 500 גר,מעדני הטלה והעגל,,"טחון עוף 500 גר """,גרמים,500.00,100 גרם,false,1,14.90,2.9800,true,1,59548
7290006714398,false,טחון הודו 500 גר,לאטי עזרא,,"טחון הודו 500 גר """,גרמים,500.00,100 גרם,false,1,14.90,2.9800,true,1,88931
7290006714411,false,סטייק פרגיות ארוז מו,מעדני הטלה,,סטייק פרגיות ארוז מוכשר מעדני הטלה לקג,קילוגרמים,1.00,"ק""ג",true,,79.00,79.0000,true,1,109029
7290006714428,false,רגל עגל פרוס מגש,לאטי עזרא גלם ודגים,IL,"רגל עגל פרוס מגש ק""ג",קילוגרמים,1.00,"ק""ג",true,,39.90,39.9000,true,1,51237
7290006714824,false,עצמות עגל קפוא במגש.,מעדני הטלה,IL,עצמות מח ארוז,קילוגרמים,1.00,"ק""ג",true,,27.90,27.9000,true,1,52249
7290006714947,false,גולש עגל 800 גרם מעד,לאטי עזרא גלם ודגים,IL,גולש עגל 800 גרם במגש מוכשר,קילוגרמים,1.00,"ק""ג",false,1,44.90,44.9000,true,1,109030
7290006738615,false,קבב פרימיום זהב 100% בשר זוגלובק 400 ג',זוגלובק,IL,זוגלובק קבב זהב 400 גרם,גרמים,400.00,100 גרם,false,1,21.90,5.4750,true,1,47692
7290006739414,false,סלמי קוניאק 300 ג' זוגלובק,זוגלובק,IL,זוגלובק סלמי קוניאק 300 גרם א.מ.,גרמים,300.00,100 גרם,false,1,26.90,8.9667,true,1,50770
7290006739421,false,סלמי מעושן איטלקי 300 ג' זוגלובק,זוגלובק,IL,זוגלובק סלמי מעושן איטלקי 300 גרם א.מ.,גרמים,300.00,100 גרם,false,1,28.90,9.6333,true,1,51162
7290006739445,false,שניצל תירס קלאסי 750 ג' זוגלובק,זוגלובק,IL,שניצל תירס קלאסי 750 גרם זוגלובק,גרמים,750.00,100 גרם,false,1,28.90,3.8533,true,1,55139
7290006739544,false,כתף בקר 300 ג' זוגלובק,זוגלובק,IL,זוגלובק כתף בקר 300 גרם א.מ.,גרמים,300.00,100 גרם,false,1,31.90,10.6333,true,1,59788
7290006740212,false,נקניקיות ג'מבו-שקילה,כצט,IL,זוגלובק נקניקיות ג'מבו שקיל,קילוגרמים,1.00,"ק""ג",true,,22.70,22.7000,true,1,47693
7290006741363,false,"בורקס תפו""א זוגלובק בד""צ 800ג'",מאפיית אריאל וגידרון,IL,זוגלובק בורקס תפוח אדמה 800 גרם בדצ גד',גרמים,800.00,100 גרם,false,1,17.90,2.2375,true,1,53689
7290006742162,false,המבורגר מזרחי 400 ג' זוגלובק,זוגלובק,IL,המבורגר מזרחי זוגלובק 400 גרם,גרמים,400.00,100 גרם,false,1,21.90,5.4750,true,1,43130
7290006742278,false,פסטרמה הודו צלויה על לבנים 330 ג' זוגלובק,זוגלובק,IL,זוגלובק פסטרמה הודו בטעם צלייה על לבנים 330 גר,גרמים,330.00,100 גרם,false,1,30.90,9.3636,true,1,59792
7290006742292,false,פסטרמה הודו בדבש 330 ג' זוגלובק,זוגלובק,IL,זוגלובק פסטרמה הודו בדבש טהור 330 גר,גרמים,330.00,100 גרם,false,1,30.90,9.3636,true,1,59794
7290006764065,false,"בירה נשר מאלט בקבוק חוזר 500 מ""ל","טמפו משקאות בע""ם.",IL,בירה מאלט ללא אלכוהול 500 מל,מיליליטרים,500.00,"100 מ""ל",false,1,5.80,1.1600,true,1,7474
7290006764072,false,"גולדסטאר בירה בק חוזר 500 מ""ל","טמפו משקאות בע""מ",IL,"בירה גולדסטאר, בקבוק חוזר 500 מ""ל",מיליליטרים,500.00,"100 מ""ל",false,1,7.90,1.5800,true,1,7475
7290006764096,false,"בירה איגל 500 מ""ל 3.8% בקבוק חוזר","טמפו משקאות בע""מ",IL,"בירה איגל, בקבוק חוזר 500 מ""ל",מיליליטרים,500.00,"100 מ""ל",false,1,7.00,1.4000,true,1,114364
7290006764157,false,"בירה גולדסטאר לא מסונן חוזר 500 מ""ל",פארייפאבה אגרואינדוס,IL,"בירה גולדסטאר Unfiltered, בקבוק חוזר 500 מ""ל",מיליליטרים,500.00,"100 מ""ל",false,1,8.50,1.7000,true,1,124221
7290006764478,false,בירה שחורה מאלט בקבו,"טמפו משקאות בע""מ",IL,"בירה נשר מאלט, בקבוק זכוכית 330 מל",Unknown,0.00,Unknown,false,1,4.90,0.0000,true,1,15961
7290006764737,false,"בירה נשר מאלט דיאט 500 מ""ל חוזר","טמפו משקאות בע""ם.",IL,בירה מאלט דלת קלוריות ללא אלכוהול 500 מל,מיליליטרים,500.00,"100 מ""ל",false,1,5.80,1.1600,true,1,7485
7290006765000,false,טורטיות חיטה מלאה 8יח 540 ג',אלקטי קוראבייכיסיגיד,TR,טורטייה מקמח מלא 540 גרם,גרמים,540.00,100 גרם,false,1,11.90,2.2037,true,1,153140
7290006765895,false,בוטן בקליפה 200 גרם שושן הקולה,"דין שיווק וקלייה בע""",IL,בוטן קליפה קלוי 200,גרמים,200.00,100 גרם,false,1,6.90,3.4500,true,1,152570
7290006775016,false,עוגה מבית טוב 450 גרם תפוז,אחדות ביחר לטחינה חל,IL,אחוה עוגה בטעם תפוז 450 גרם,גרמים,450.00,100 גרם,false,1,10.90,2.4222,true,1,111945
7290006775023,false,"עוגה מבית טוב"" 450 גרם אנגלית",אחדות ביחר לטחינה חל,IL,אחוה עוגה אנגלית 450 גרם,גרמים,450.00,100 גרם,false,1,10.90,2.4222,true,1,111946
7290006775030,false,"עוגה מבית טוב"" 450 גרם שוקו-ציפס",אחדות ביחר לטחינה חל,IL,אחווה עוגת שוקולד צ'יפס 450 גרם,גרמים,450.00,100 גרם,false,1,10.90,2.4222,true,1,64108
7290006775047,false,"עוגה מבית טוב"" 450 גרם שוקולד",אחדות ביחר לטחינה חל,IL,אחווה עוגה בטעם שוקולד 450 גרם,גרמים,450.00,100 גרם,false,1,10.90,2.4222,true,1,64109
7290006775054,false,עוגת שיש אחווה 450 ג' אחוה,אחדות ביחר לטחינה חל,IL,עוגת שיש 450גרם,גרמים,450.00,100 גרם,false,1,10.90,2.4222,true,1,111947
7290006775337,false,עוגת שמרים פרג 400 ג אחוה,אחדות ביחר לטחינה חל,IL,אחוה עוגת שמרים במילוי פרג 400 גרם,גרמים,400.00,100 גרם,false,1,10.90,2.7250,true,1,57809
7290006775764,false,"עוגת שוקוצ'יפס לל""ס אחדות 400 גר'",אחדות ביחר לטחינה חל,IL,עוגת שוקולד ציפס ללא סוכר 400,גרמים,400.00,100 גרם,false,1,13.90,3.4750,true,1,57834
7290006784025,false,עלמה ספוג הפלא להסרת כתמים קשים,קומפלקס כימיקלים,IL,עלמה ספוג הפלא להסרת כתמים קשים,יחידה,1.00,יחידה,false,1,6.90,6.9000,true,1,155972
7290006784032,false,עלמה כריות יפניות - ללא שריטות 6 יחידות,קומפלקס כימיקלים,IL,עלמה כרית יפנית ללא שריטות 6 יחידות,יחידה,6.00,יחידה,false,1,7.90,1.3167,true,1,155973
7290006784070,false,עלמה כריות קרצוף 2+1 יחידות,קומפלקס כימיקלים,IL,עלמה כריות קרצוף 2+1 יחידות,יחידה,3.00,יחידה,false,1,8.90,2.9667,true,1,155975
7290006784186,false,כפפות ניטריל שחור ללא אבקה 100 יח' L עלמה,קומפלקס כימיקלים,CN,עלמה כפפות ניטריל שחור ללא אבקה L,יחידה,1.00,יחידה,false,1,21.90,21.9000,true,1,155976
7290006784193,false,כפפות ניטריל שחור ללא אבקה 100 יח' M עלמה,קומפלקס כימיקלים,CN,עלמה כפפות ניטריל שחור ללא אבקה M,יחידה,1.00,יחידה,false,1,21.90,21.9000,true,1,155977
7290006784230,false,כפפות ניטריל שחור ללא אבקה 100 יח' S עלמה,קומפלקס כימיקלים,CN,עלמה כפפות ניטריל שחור ללא אבקה S,יחידה,1.00,יחידה,false,1,21.90,21.9000,true,1,155978
7290006784339,false,"תרסיס לניקוי רהיט סנט מוריץ 300 מ""ל",קומפלקס כימיקלים,IL,תרסיס לניקוי רהיטים 300 מל,מיליליטרים,300.00,"100 מ""ל",false,1,11.90,3.9667,true,1,156000
7290006784346,false,"תרסיס לניקוי שטיחים סנט מוריץ 630 מ""ל",קומפלקס כימיקלים,IL,קצף לניקוי שטיחים וריפוד 630 מל,מיליליטרים,630.00,"100 מ""ל",false,1,16.90,2.6825,true,1,124319
7290006784360,false,חלונית סנט מוריץ לניקוי חלונות 1 ליטר,"קומפלקס כימיקלים בע""",IL,חלונית נוזל רב תכלתי 1 ליטר,ליטרים,1.00,ליטר,false,1,6.90,6.9000,true,1,116354
7290006784414,false,"PURE מבשם כביסה בניחוח מלון ספא 500 מ""ל",קומפלקס כימיקלים,TR,מבשם כביסה בניחוח בית מלון ספא 500 מל,מיליליטרים,500.00,"100 מ""ל",false,1,13.90,2.7800,true,1,155981
7290006784421,false,כפפות ניטריל שחור ללא אבקה 100 יח' XL עלמה,קומפלקס כימיקלים,CN,עלמה כפפות ניטריל שחור ללא אבקה XL,יחידה,1.00,יחידה,false,1,21.90,21.9000,true,1,155982
7290006784438,false,מרכך כביסה pure love לבן 1 ל' סנט מוריץ,"קומפלקס כימיקלים בע""",TR,מרכך כביסה פיור מרוכז לבן 1 ליטר,ליטרים,1.00,ליטר,false,1,11.90,11.9000,true,1,155983
7290006784452,false,"PURE - מבשם כביסה מרסס בניחוח מלון רויאל 500 מ""ל",קומפלקס כימיקלים,TR,פיור מבשם כביסה בניחוח בית מלון רויאל 50,מיליליטרים,500.00,"100 מ""ל",false,1,13.90,2.7800,true,1,155985
7290006784506,false,"אוקסי מסיר כתמים 750 מ""ל",קומפלקס כימיקלים,IL,מסיר כתמים אוקסי פאוור 750 מל,מיליליטרים,750.00,"100 מ""ל",false,1,11.90,1.5867,true,1,155986
7290006784544,false,תרסיס קוטל גוקים וזו,קומפלקס כימיקלים,IL,תרסיס קוטל גוקים וזוחלים אחרים 360 מל,מיליליטרים,360.00,"100 מ""ל",false,1,17.90,4.9722,true,1,124317
7290006784551,false,"קוטל מעופפים 630 סמ""ק",קומפלקס כימיקלים,IL,Cספריי קוטל מעופפים 365 630 מל,מיליליטרים,630.00,"100 מ""ל",false,1,17.90,2.8413,true,1,124318
7290006784575,false,"מילוי מכשיר אוויר 250 מ""ל fashion loouy סנט מוריץ",סורה קוסמטיקס,TR,fashion loouy מילוי מכשיר אוויר 250 מל,מיליליטרים,250.00,"100 מ""ל",false,1,13.90,5.5600,true,1,155987
7290006784582,false,"מילוי מכשיר אוויר 250 מ""ל fashion no.6 סנט מוריץ",סורה קוסמטיקס,TR,fashion no6 מילוי מכשיר אוויר 250 מל,מיליליטרים,250.00,"100 מ""ל",false,1,13.90,5.5600,true,1,155988
7290006784599,false,"מילוי מכשיר אוויר 250 מ""ל fashion yoyo boss סנט מוריץ",סורה קוסמטיקס,TR,fashion yoyo boss מילוי מכשיר אוויר 250,מיליליטרים,250.00,"100 מ""ל",false,1,13.90,5.5600,true,1,155989
7290006784636,false,"ספריי אוויר 250 מ""ל fashion meduza סנט מוריץ",סורה קוסמטיקס,TR,fashion meduza ספריי אוויר 250 מל,מיליליטרים,250.00,"100 מ""ל",false,1,13.90,5.5600,true,1,155991
7290006784773,false,"ספריי אוויר 250 מ""ל fashion 102 סנט מוריץ",סורה קוסמטיקס,TR,fashion 102 ספריי אוויר 250 מל,מיליליטרים,250.00,"100 מ""ל",false,1,13.90,5.5600,true,1,155993
7290006784780,false,"ספריי אוויר 250 מ""ל fashion black סנט מוריץ",סורה קוסמטיקס,TR,fashion black ספריי אוויר 250 מל,מיליליטרים,250.00,"100 מ""ל",false,1,13.90,5.5600,true,1,155994
7290006784865,false,סנט מוריץ לניקוי משטחי מטבחים מרוכז ועוצמתי 1ל',קומפלקס כימיקלים,IL,מטבחים ספריי לניקוי של כל משטחי המטבח 1,ליטרים,1.00,ליטר,false,1,12.90,12.9000,true,1,155995
7290006785657,false,בלונים 20 פסטל רחבה,גמר,,בלונים 20 פסטל רחבה,יחידה,1.00,יחידה,false,1,6.90,6.9000,true,1,152837
7290006788092,false,"מרכך לתלתלים מלאי חיים 700 מ""ל קרליין","אמיליה קוסמטיקס בע""מ",IL,קרליין 10 - מרכך לשיער מתולתל 700 מל,מיליליטרים,700.00,"100 מ""ל",false,1,12.90,1.8429,true,1,7505
7290006788429,false,"קרליין - נושם סאן רייס דאודורנט רול און לאישה כתום 75 מ""ל","אמיליה קוסמטיקס בע""מ",IL,"קרליין, דיאורדורנט נושם רול און כתום SUNRISE75 מל",גרמים,119.00,100 גרם,false,1,13.90,11.6807,true,1,16343
7290006789617,false,"קרליין קרם לחות לתלתלים טבעיים 400 מ""ל",מיוצר עי : אמיליה קו,IL,"קרליין 10 -קרם לחות לשיער גלי עד מתולתל 400 מ""ל",מיליליטרים,400.00,"100 מ""ל",false,1,17.70,4.4250,true,1,14638
7290006789648,false,קרליין קרם לחות לשיער יבש 400 גרם,"אמיליה קוסמטיקס בע""מ",IL,קרליין 10 קרם לחות לשיער יבש 400 מל,מיליליטרים,400.00,"100 מ""ל",false,1,17.90,4.4750,true,1,14640
7290006789655,false,"קרליין קרם לחות לבניית תלתלים 400 מ""ל","אמיליה קוסמטיקס בע""מ",IL,"קרליין 10 - קרם לחות לבניית תלתלים 400 מ""ל",מיליליטרים,400.00,"100 מ""ל",false,1,17.70,4.4250,true,1,14451
7290006805850,false,תערובת להכנת פנקייק פילסבורי 500 גר,הדקלאים אגודת שיתופי,IL,תערובת קלת הכנה לפנקייק ביתי וטעים 450 גרם,גרמים,500.00,100 גרם,false,1,17.90,3.5800,true,1,23239
7290006822192,false,מיץ חמוציות דיאט אושן ספריי 1 ליטר,מבשלות בירה בינלאומי,IL,פריגת דיאט אושן ספריי חמוציות 1 ליטר,ליטרים,1.00,ליטר,false,1,15.00,15.0000,true,1,12767
7290006866363,false,אשכוליות אדומות טבעי סחוט 1 ל פרימור,"גניר (1992) בע""מ",IL,מיץ אשכולית אדומות סחוט טבעי 1 ליטר,ליטרים,1.00,ליטר,false,1,16.00,16.0000,true,1,37820
7290006983176,false,אוסם - לחמית שיפון 250 גרם,"אסם תעשיות בע""מ",IL,לחמית שיפון 10*230גרם,גרמים,230.00,100 גרם,false,1,10.90,4.7391,true,1,7743
7290006983206,false,תערובת להכנת פלפל קלי קלות 180 גרם,"אסם תעשיות בע""מ",IL,אסם פלאפל בקלי קלות 8*180גרם,גרמים,180.00,100 גרם,false,1,9.10,5.0556,true,1,20697
7290006983763,false,עוגת הבית שוקולד 400 גרם אסם.,מיוצר עי קונדיטוריית,IL,הבית עוגת שוקולד 8*400גרם,גרמים,400.00,100 גרם,false,1,15.90,3.9750,true,1,12601
7290006983770,false,עוגת הבית שיש 400 ג' אסם,מיוצר עי קונדיטוריית,IL,הבית עוגת שיש 8*400גרם,גרמים,400.00,100 גרם,false,1,15.90,3.9750,true,1,12771
7290006992161,false,מטרנה - דייסת קורנפלור פרוביוטי 200 גרם,מולינו ניקולי s.p.a,IL,מטרנה דייסת קורנפלור פרוביוטי כלפ12*200ג,גרמים,200.00,100 גרם,false,1,15.90,7.9500,true,1,7759
7290006992185,false,"מטרנה - דייסת אורז פרוביוטי כשל""פ 200 גרם",מולינו ניקולי s.p.a,IL,מטרנה דייסת אורז פרוביוטי כלפ 12*200גרם,גרמים,200.00,100 גרם,false,1,15.90,7.9500,true,1,7761
7290006992390,false,"מטרנה - דייסת וניל פרוביוטי כשל""פ 200 גרם",מולינו ניקולי s.p.a,IL,מטרנה דייסת וניל פרוביוטי. כשלפ 12*200ג,גרמים,200.00,100 גרם,false,1,15.90,7.9500,true,1,22330
7290008000796,false,"כצט - סופרמן משחת שיניים לילדים 50 מ""ל",כצט נוביס,IL,משחת שיניים לילדים-סופרמן50 גר,מיליליטרים,50.00,"100 מ""ל",false,1,10.90,21.8000,true,1,19998
7290008000826,false,משחת שיניים לילדים כצט ברבי 50 מל,כצט נוביס,IL,משחת שיניים ברבי50 מל .,מיליליטרים,50.00,"100 מ""ל",false,1,10.90,21.8000,true,1,19430
7290008001342,false,סטרפסילס דבש לימון 24,רקיט בנקיזר,,סטרפסילס דבש ולימון,Unknown,0.00,Unknown,false,1,26.00,0.0000,true,1,25138
7290008102674,false,זובירקס קרם 5% 2 גר,גלקסו,,זובירקס קרם 5% 2 גרם,לא מנהל יחידת מידה,0.00,לא מנהל יחידת מידה,false,1,34.90,0.0000,true,1,44673
7290008104050,false,"פמינה - שטיפה אינטימית קלאסית 220 מ""ל",כצט נוביס סעמ,IL,פמינה תחליב רחצה אינטימי קלאסיק 220 מל,מיליליטרים,220.00,"100 מ""ל",false,1,21.90,9.9545,true,1,9925
7290008154222,false,שניצלונים עוף טוב 700 גרם,מוצרי עוף טוב (2001),IL,שניצלונים ילדודס עוף טוב 700גרם,גרמים,700.00,100 גרם,false,1,19.90,2.8429,true,1,21429
7290008175173,false,חמאה מפינלנד ללא מלח 200 גרם ויליפוד,ואליו אל.טי.די,FI,200 גרםvalio-חמאה מלח,גרמים,200.00,100 גרם,false,1,15.90,7.9500,true,1,9950
7290008175210,false,גבינת פרמזן מגורדת 90ג' ויליפוד,זנטי אס.איי.,IT,פרמזנו מגורדת 90 גרם,גרמים,90.00,100 גרם,false,1,17.90,19.8889,true,1,9951
7290008175814,false,וילי פוד פטריות שמפיניון חתוך בדץ 400ג,"אוקצ'מפ אס, איי אויי",PL,פטריות חתוך 400גרם- בד'צ,גרמים,400.00,100 גרם,false,1,5.50,1.3750,true,1,50791
7290008190909,false,מיני קוקיס שוקו-צ''יפס כרמית 600ג',כרמית תעשיות ממתקים,IL,מיני קוקיס שוקולד ציפס 600 גר,גרמים,600.00,100 גרם,false,1,23.90,3.9833,true,1,23490
7290008190985,false,כרמית לקקן גלידה 50יח,כרמית תעשיות ממתקים,IL,סוכריות על מקל בטעמי גלידה,גרמים,450.00,100 גרם,false,1,17.90,3.9778,true,1,41561
7290008263023,false,פוסילי אורגני מלא אורגני 500 גר,פסטיפיסוי פליצ'טי,IT,פסטה פוזילי אורגנית מחיטת דורום מלאה,גרמים,500.00,100 גרם,false,1,11.90,2.3800,true,1,10018
7290008263214,false,ממרח חרובים אורגני-הרדוף 350 גר,ברינקרס פוד,NL,ממרח חרובים אורגני,גרמים,350.00,100 גרם,false,1,25.90,7.4000,true,1,38478
7290008263481,false,פסטה פנה אורגנית הרדוף 500 גר`,פסטיפיסוי פליצ'טי,IT,פסטה פנה אורגני,גרמים,500.00,100 גרם,false,1,11.90,2.3800,true,1,15431
7290008263597,false,קוואקר אורגני הרדוף 500 גר,אול אורגני,IL,"קוואקר, שבבי שיבולת שועל אורגניים",גרמים,500.00,100 גרם,false,1,11.90,2.3800,true,1,41829
7290008263641,false,קוואקר אורגני עדין 500 גר,אול אורגני,IL,קוואקר אורגני עדין,גרמים,500.00,100 גרם,false,1,11.90,2.3800,true,1,38579
7290008263658,false,"משקה סויה ללת""ס אורגני 1 ליטר",ליקואטס,ES,משקה סויה אורגני 1 ליטר הרדוף,ליטרים,1.00,ליטר,false,1,12.90,12.9000,true,1,38457
7290008335515,false,אגרול סיני+רוטב 600ג,שלושת האופים,IL,אגרול ברוטב חמוץ מתוק 600 גרם,גרמים,600.00,100 גרם,false,1,17.70,2.9500,true,1,10149
7290008335553,false,קובה בשר וצנובר 600ג שלושת האופים,האי נאם סי או אל.טי.,IL,קובה במילוי בשר וצנובר 600 גרם,גרמים,600.00,100 גרם,false,1,17.70,2.9500,true,1,10152
7290008335560,false,סיגרים בשר 600 פקנטי,האי נאם סי או אל.טי.,IL,סיגרים במילוי בשר 600 גרם,גרמים,600.00,100 גרם,false,1,15.90,2.6500,true,1,10153
7290008335577,false,"פסטלים תפו""א 600ג של",האי נאם סי או אל.טי.,IL,"פסטלים תפו""א 600 גרם",גרמים,600.00,100 גרם,false,1,17.70,2.9500,true,1,10154
7290008340618,false,סלמון מעושן מצונן דלידג 100 ג',ויליגר תעשיות בעמ,IL,פרלינג סלומון מעושן 100 גרם,גרמים,100.00,100 גרם,false,1,21.90,21.9000,true,1,14249
7290008344258,false,המבורגר מזרחי 400גרם,"טיבון ויל אחזקות בע""",IL,המבורגר מזרחי 400 גרם,גרמים,400.00,100 גרם,false,1,19.90,4.9750,true,1,10166
7290008344272,false,המבורגר 100% 400 ג' טיבון ויל,טיבון ויל אחזקות בעמ,IL,המבורגר 100% טיבון ויל 400 גרם,גרמים,400.00,100 גרם,false,1,19.90,4.9750,true,1,10168
7290008345132,false,הרינג כבוש דלידג 240 ג',כלורוקס אוקלנד,IL,הרינג כבוש דלידג 240,גרמים,240.00,100 גרם,false,1,25.90,10.7917,true,1,10173
7290008345156,false,פילה מקרוסקה ואקום ד,נטו מלינדה סיימן,IL,"פילה מקרוסקה ואקום דלידג 1 ק""ג",קילוגרמים,1.00,"ק""ג",true,,119.00,119.0000,true,1,10175
7290008345170,false,מקרל חצאים מעושן דלי,נטו מלינדה סיימן,IL,"מקרל חצאים דלידג 1 ק""ג",קילוגרמים,1.00,"ק""ג",true,,95.00,95.0000,true,1,10176
7290008345576,false,סלט איקרה ביתית לבנה 300 גרם דלידג,כלורוקס אוקלנד,IL,סלט איקרה לבנה דלידג 300 גרם,גרמים,300.00,100 גרם,false,1,21.90,7.3000,true,1,14315
7290008347211,false,אצבעות דג מצופות נטו,אף.סי תבליני בגליל ב,IL,דלידג אצבעות דג מצופות 700 גרם,גרמים,700.00,100 גרם,false,1,23.90,3.4143,true,1,21479
7290008409049,false,מאמא עוףמיני שניצלים בציפוי שומשום 500 ג,תנובה גליל שותפות מו,IL,מיני שניצלונים ציפוי שומשום 500 גרם מאמא,גרמים,500.00,100 גרם,false,1,29.90,5.9800,true,1,89927
7290008409100,false,אצבעות שניצל בציפוי שומשום מאמא עוף 700 גרם,תנובה גליל שותפות מו,IL,אצבעות שניצל ציפוי שומשום מאמא ע 700 גרם,גרמים,700.00,100 גרם,false,1,38.90,5.5571,true,1,24625
7290008409124,false,מאמא עוף קפוא שניצל ג'ונגל פריך 700 גרם,תנובה גליל שותפות מו,IL,שניצל גונגל מאמא עוף 700 גרם,גרמים,700.00,100 גרם,false,1,38.90,5.5571,true,1,25193
7290008409216,false,מאמא עוף קפוא שניצל דק פריך 700 גרם,תנובה גליל,IL,מאמא עוף שניצל דק פריך 700 גרם,גרמים,700.00,100 גרם,false,1,44.90,6.4143,true,1,55546
7290008409223,false,שניצל דק מתובל 700 גר מאמא עוף,תנובה גליל שותפות מו,IL,שניצל דק דק מתובל 700 גרם,גרמים,700.00,100 גרם,false,1,44.90,6.4143,true,1,58963
7290008409315,false,מיני מיני דק שניצלונים בציפוי פריך מאמא עוף 500 ג',תנובה גליל,IL,מיני שניצלונים ציפוי פריך 500 גרם,גרמים,500.00,100 גרם,false,1,29.90,5.9800,true,1,12840
7290008409377,false,מאמא עוף פרגיות 300,תנובה גליל שותפות מו,IL,שווארמה פרגיות 400 גרם,גרמים,400.00,100 גרם,false,1,41.90,10.4750,true,1,10192
7290008409407,false,שניצל דק ציפס מאמא עוף 700 ג',תנובה גליל שותפות מו,IL,"שניצל דק בציפוי צ""יפס 700 גרם",גרמים,700.00,100 גרם,false,1,44.90,6.4143,true,1,69830
7290008409452,false,שישליק עוף אמיתי מוכ,תנובה גליל שותפות מו,IL,שישליק עוף אמיתי מוכן 400 גרם,גרמים,400.00,100 גרם,false,1,39.90,9.9750,true,1,10194
7290008409551,false,שניצל עוף אמיתי בציפוי מעודן 700 ג' מאמא עוף,תנובה גליל שותפות מו,IL,שניצל אמיתי מעודן,גרמים,700.00,100 גרם,false,1,44.90,6.4143,true,1,10199
7290008409582,false,שניצל אמיתי בציפוי ביתי מאמא עוף 700 ג',תנובה גליל שותפות מו,IL,שניצל אמיתי ביתי מאמא עוף 700 גרם,גרמים,700.00,100 גרם,false,1,44.90,6.4143,true,1,10202
7290008409605,false,כוכבי עוף בציפוי מעודן מאמא עף 700 גרם,תנובה גליל שותפות מו,IL,כוכבי עוף 700 גרם,גרמים,700.00,100 גרם,false,1,37.90,5.4143,true,1,10203
7290008409773,false,קציצות עוף ביתיות מאמא עוף 700 ג',תנובה גליל שותפות מו,IL,מאמא עוף קציצות עוף והודו 700 גרם,גרמים,700.00,100 גרם,false,1,34.90,4.9857,true,1,10206
7290008443630,false,"נקה 7 - שמפו מתולתל סגול 750 מ""ל","אמיליה קוסמטיקס בע""מ",IL,נקה 7 שמפו שיער מתולתל צהוב 750,מיליליטרים,750.00,"100 מ""ל",false,1,11.90,1.5867,true,1,10295
7290008443647,false,"מרכך לשיער מתולתל סגול, 750 מ""ל נקה 7","אמיליה קוסמטיקס בע""מ",IL,נקה 7-מרכך לשיער מתולתל,מיליליטרים,750.00,"100 מ""ל",false,1,11.90,1.5867,true,1,10296
7290008461177,false,גבינת חלומי צאן 200ג,חלומי פרמרס,קפריסין,גבינה חלומי צאן 200 גרם נני,גרמים,200.00,100 גרם,false,1,21.70,10.8500,true,1,10302
7290008461221,false,סרדינים רוברט בשמן חמניות 115 גרם,"רמירז, מטוסינוס",PT,סרדינים בשמן חמניות 115 גרם,גרמים,115.00,100 גרם,false,1,6.90,6.0000,true,1,10305
7290008461238,false,סרדין רוברט בשמן חמניות ופלפל חריף 115 ג',קונסוורס,PT,סרדינים בשמן חמניות חריף 115 גר,גרמים,115.00,100 גרם,false,1,6.90,6.0000,true,1,10306
7290008461283,false,גבינה טריפל צדר נני,דאוליי צ'סמייקרס,AO,גבינה טריפל צדר נני 200 גרם,גרמים,200.00,100 גרם,false,1,24.90,12.4500,true,1,117875
7290008462204,false,חרדל דיזיון מקורי 380 גרם,יוניליבר צרפת,FR,חרדל דיזון מיילי מקורי 380 גרם,גרמים,380.00,100 גרם,false,1,15.90,4.1842,true,1,16305
7290008462259,false,חרדל דיזיון גרגירים 345 גרם,יוניליוור צרפת,FR,חרדל דיזון חריף מיילי גרגירים 380 גר,גרמים,380.00,100 גרם,false,1,16.90,4.4474,true,1,70736
7290008464024,false,"בירה גולדסטאר לא מסוננת 500 מ""ל פחית","טמפו משקאות בע""מ",IL,"בירה גולדסטאר לא מסונן פחית 500 מ""ל",מיליליטרים,500.00,"100 מ""ל",false,1,9.90,1.9800,true,1,98470
7290008464109,false,בירה גולדסטאר לא מסונן מארז 6X330מ:ל,"טמפו משקאות בע""מ",IL,"בירה גולדסטאר ל.מסונן בקבוק 330 מ""ל",מיליליטרים,330.00,"100 מ""ל",false,1,7.90,2.3939,true,1,92105
7290008464130,false,"שישיית בירה גולדסטאר 330 מ""ל UNFILTERED",טמפו,IL,בירה גולדסטאר ל.מסונן שישייה בקבוק 330 מ,ליטרים,1.98,ליטר,false,1,39.90,20.1515,true,1,92055
7290008464208,false,"בקבוק בירה לבנה מכבי 330 מ""ל",פארייפאבה אגרואינדוס,IL,"בירה מכבי 7.9%, בירה חזקה, בקבוק 330 מ''ל",מיליליטרים,330.00,"100 מ""ל",false,1,8.90,2.6970,true,1,103258
7290008464222,false,"בירה מכבי 7.9% פחית 500 מ""ל","טמפו משקאות בע""מ",IL,"בירה מכבי 7.9%, בירה חזקה, פחית 500 מ""ל",מיליליטרים,500.00,"100 מ""ל",false,1,8.90,1.7800,true,1,107914
7290008464338,false,"בירה מכבי בקבוק ח""פ 330 מ""ל",בירה מכבי,IL,בירה מכבי בקבוק 330 מל לאגר בהירה,מיליליטרים,330.00,"100 מ""ל",false,1,7.90,2.3939,true,1,10326
7290008464345,false,"בירה גולדסטאר בקבוק 330 מ""ל",פארייפאבה אגרואינדוס,IL,"בירה גולדסטאר, בקבוק 330 מ''ל",מיליליטרים,330.00,"100 מ""ל",false,1,7.90,2.3939,true,1,10327
7290008464468,false,"בירה גולדסטאר פחית 500 מ""ל",פארייפאבה אגרואינדוס,IL,"בירה גולדסטאר, פחית 500 מ""ל",מיליליטרים,500.00,"100 מ""ל",false,1,8.90,1.7800,true,1,10330
7290008464475,false,"בירה מכבי פחית 500 מ""ל","טמפו משקאות בע""מ",IL,"בירה מכבי, פחית 500 מ""ל",מיליליטרים,500.00,"100 מ""ל",false,1,8.90,1.7800,true,1,10331
7290008464505,false,סאן בנדטו בקבוק פלסטיק 500מל,פארייפאבה אגרואינדוס,IT,סן בנדטו 500 מל שישייה,מיליליטרים,500.00,"100 מ""ל",false,1,4.20,0.8400,true,1,12294
7290008464604,false,"בירה היינקן פחית 500מ""ל",טמפו משקאות בע''מ,NL,"בירה היינקן, פחית 500 מ""ל",מיליליטרים,500.00,"100 מ""ל",false,1,13.90,2.7800,true,1,12217
7290008464611,false,"סודה טמפו בקבוק זכוכית 275 מ""ל",טמפו משקאות בעמ,IL,"הסודה של טמפו, מי סודה בגיזוז חזק, 275 מל",מיליליטרים,275.00,"100 מ""ל",false,1,3.90,1.4182,true,1,121383
7290008464642,false,"סודה גינגר אייל 275 מ""ל","טמפו משקאות בע""מ",IL,"טמפו ג'ינג'ר אייל ,275 מל",מיליליטרים,250.00,"100 מ""ל",false,1,5.50,2.2000,true,1,121570
7290008464697,false,"שישיית בירה מכבי 7.9% 330 מ""ל",טמפו,IL,"בירה מכבי 7.9% שישייה בקבוק 330 מ""ל",ליטרים,1.98,ליטר,false,1,32.90,16.6162,true,1,102754
7290008464741,false,"שישייית בירה גולדסטאר כהה 330X6 מ""ל",גולדסטאר,IL,"בירה גולדסטאר שישייה בקבוק 330 מ""ל",ליטרים,1.98,ליטר,false,1,36.90,18.6364,true,1,10335
7290008464796,false,"בירה היינקין ח""פ בקבוק 330X6מ""ל",היינקן,IL,"בירה הייניקן שישייה בקבוק 330 מ""ל",ליטרים,1.98,ליטר,false,1,39.90,20.1515,true,1,10337
7290008493413,false,פירורי גריסיני קלאסי מאיר בייגל 200 גרם,מאיר בייגל,IL,מאיר בייגל פירורי גריסיני 200 גרם,גרמים,200.00,100 גרם,false,1,6.90,3.4500,true,1,40601
7290008590129,false,שעועית ירוקה שלמה שף,משק ויילר,BE,שעועית ירוקה שלמה שף הטבע 800גרם,גרמים,800.00,100 גרם,false,1,11.90,1.4875,true,1,156616
7290008590136,false,שף הטבע- שעועית צהוב,משק ויילר,BE,שעועית צהובה חתוכה שף הטבע 800 גרם,גרמים,800.00,100 גרם,false,1,11.90,1.4875,true,1,156617
7290008590150,false,אפונת גינה קטנה 800ג,משק ויילר,BE,אפונת גינה קטנה שף הטבע 800גרם,גרמים,800.00,100 גרם,false,1,11.90,1.4875,true,1,156618
7290008590167,false,אפונה וגזר שף הטבע,משק ויילר,BE,אפונה וגזר שף הטבע 800 גרם,גרמים,800.00,100 גרם,false,1,11.90,1.4875,true,1,156619
7290008590198,false,שעועית ירוקה חתוכה ש,משק ויילר,BE,שעועית ירוקה חתוכה שף הטבע 800גרם,גרמים,800.00,100 גרם,false,1,11.90,1.4875,true,1,156620
7290008612074,false,"אגד מתמתח 5 ס""מ",פארמה פלסט,EG,"אגד מתמתח 5 ס""מ",לא מנהל יחידת מידה,0.00,לא מנהל יחידת מידה,false,1,7.90,0.0000,true,1,153290
7290008612166,false,פלסטר מיקס 48 יחידות,פארמה פלסט,EG,פלסטר מיקס 48 יחידות,לא מנהל יחידת מידה,0.00,לא מנהל יחידת מידה,false,1,8.90,0.0000,true,1,153289
7290008612531,false,"מד חום מהיר גמיש 10 שניות אמ""ר",פארמה פלסט,EG,מד חום מהיר וגמיש 10 שניות,לא מנהל יחידת מידה,0.00,לא מנהל יחידת מידה,false,1,21.90,0.0000,true,1,153283
7290008634045,false,"פלסטר שקוף 30 יחידות ""SUNNY PLASTER""",A.U. In,CN,פלסטר לילדים סאני 30 יחידות,יחידה,1.00,יחידה,false,1,6.90,6.9000,true,1,94247
7290008636933,false,אגוזי מלך גרוסים 100 גר' מיה,מיה תעשיות מזון,IL,אגוזי מלך גרוסים מיה 100 גרם,גרמים,100.00,100 גרם,false,1,11.90,11.9000,true,1,156793
7290008636957,false,שקדים מולבנים גרוסים 100גרם,מיה תעשיות מזון,IL,שקדים מולבנים גרוסים מיה 100 גרם,גרמים,100.00,100 גרם,false,1,11.90,11.9000,true,1,156794
7290008636964,false,שקד מולבן שבבים גרוס 100 גר' מיה,מיה תעשיות מזון,IL,שקדים מולבנים שבבים מיה 100 גרם,גרמים,100.00,100 גרם,false,1,11.90,11.9000,true,1,156795
7290008636988,false,גרעיני חמניות קלופים 100 גר' מיה,מיה תעשיות מזון,IL,גרעיני חמניה קלופים מיה 100 גרם,גרמים,100.00,100 גרם,false,1,4.90,4.9000,true,1,156796
7290008636995,false,גרעיני דלעת קלופים 100 גר' מיה,מיה תעשיות מזון,IL,גרעיני דלעת קלופים מיה 100 גרם,גרמים,100.00,100 גרם,false,1,8.90,8.9000,true,1,156797
7290008644112,false,סלט מטבוחה יום יום אחלה 125 ג',"שטראוס גרופ בע""מ",IL,סלט מטבוחה יום יום 125 גרם,גרמים,125.00,100 גרם,false,1,5.50,4.4000,true,1,10400
7290008644235,false,עלי בייבי 120 גר' שטראוס,שטראוס בריאות ירקות,IL,מבחר עלי בייבי 120 גרם שטופים שטראוס,גרמים,120.00,100 גרם,false,1,10.90,9.0833,true,1,10401
7290008644945,false,סלט המושבה שטופים שט,שטראוס בריאות ירקות,IL,סלט המושבה שטופים שטראוס,גרמים,450.00,100 גרם,false,1,13.90,3.0889,true,1,10418
7290008645935,false,חומוס לניגוב אחלה 750 ג',"שטראוס גרופ בע""מ",IL,חומוס 750 אחלה,גרמים,750.00,100 גרם,false,1,11.90,1.5867,true,1,24225
7290008670012,false,"יין רקאנטי קברנה סוביניון 2019 750 מ""ל",תות ממתקי איכות,IL,רקנטי - קברנה סוביניון 2017 750 מל,מיליליטרים,750.00,"100 מ""ל",false,1,52.90,7.0533,true,1,10427
7290008670029,false,"יין רקנאטי מרלו 750 מ""ל",תות ממתקי איכות,IL,רקנטי - מרלו 2017 750 מל,מיליליטרים,750.00,"100 מ""ל",false,1,52.90,7.0533,true,1,10428
7290008670135,false,רקנאטי גליל עליון סוביניון בלאן 750 מל,רקנאטי,,ראקנטי סוביניון בלאן,מיליליטרים,750.00,"100 מ""ל",false,1,59.90,7.9867,true,1,51171
7290008670142,false,"יין רקנאטי יסמין אדום 2019 750 מ""ל",תות ממתקי איכות,IL,רקנטי - יסמין אדום 2017,מיליליטרים,750.00,"100 מ""ל",false,1,34.90,4.6533,true,1,16018
7290008670159,false,"יין רקנאטי יסמין לבן 750 מ""ל","יקבי רקנאטי בע""מ",IL,"יין יסמין לבן רקנאטי 750 מ""ל",מיליליטרים,750.00,"100 מ""ל",false,1,34.90,4.6533,true,1,16019
7290008670210,false,יין רקנאטי שיראז 750,תות ממתקי איכות,IL,רקנטי - שיראז 2017 750 מל,מיליליטרים,750.00,"100 מ""ל",false,1,52.90,7.0533,true,1,25724
7290008690713,false,פריגת אושן ספריי חמוציות 1ל',מבשלות בירה בינלאומי,IL,נקטר אושן ספריי חמוציות 1 ליטר,ליטרים,1.00,ליטר,false,1,15.50,15.5000,true,1,10468
7290008693134,false,מעדן גבינה ויוגורט בטעם תות 5% שומן 88 ג' דניאלה,"שטראוס בריאות בע""מ",IL,דניאלה תות,גרמים,88.00,100 גרם,false,1,4.40,5.0000,true,1,10495
7290008713900,false,לחם שיפון עגול 750 ג' אנג'ל,מאפיית אנג'ל אורנים,IL,אנג'ל לחם שיפון עגול פרוס 750 גרם,גרמים,750.00,100 גרם,false,1,13.90,1.8533,true,1,50013
7290008739016,false,נר פילר זהב 70*90,יושלם,,נר פילר עתיק 6*3,יחידה,1.00,יחידה,false,1,20.00,20.0000,true,1,16424
7290008745239,false,תפוציפס אקסטרא טבעי 50 גרם,"שטראוס פריטו ליי בע""",IL,תפו קראנצ טבעי 50 גר 48 יח - שמיטה,גרמים,50.00,100 גרם,false,1,3.90,7.8000,true,1,10590
7290008747547,false,תפוציפס קראנץ טבעי 200 גרם,"שטראוס פריטו ליי בע""",IL,תפו קראנצ טבעי 200 גר 12 יח - שמיטה,גרמים,200.00,100 גרם,false,1,9.90,4.9500,true,1,10601
7290008752244,false,תפוצ'יפס אקסטרא גריל 50 גרם,"שטראוס פריטו ליי בע""",IL,תפו קראנצ גריל 50 גר 48 יח - שמיטה,גרמים,50.00,100 גרם,false,1,3.90,7.8000,true,1,10642
7290008753111,false,תפוציפס אקסטרא מקסיקני 50 סטרים,"שטראוס פריטו ליי בע""",IL,תפו קראנצ מקסיקני 50 גר 48 יח- שמיטה,גרמים,50.00,100 גרם,false,1,3.90,7.8000,true,1,10655
7290008757010,false,"שוופס ביטר למון 250 מ""ל זכוכית",מיוצר עי קונדיטוריית,IL,שוופס ביטר למון 250 מל,מיליליטרים,250.00,"100 מ""ל",false,1,7.50,3.0000,true,1,49450
7290008757027,false,"שוופס טוניק 250 מ""ל זכוכית",מיוצר עי קונדיטוריית,IL,"שוופס טוניק 250 מ""ל זכוכית",מיליליטרים,250.00,"100 מ""ל",false,1,7.50,3.0000,true,1,10687
7290008757034,false,"שוופס סודה זכוכית 250 מ""ל",יפאורה תבורי בעמ,IL,"שוופס סודה 250 מ""ל זכוכית",מיליליטרים,250.00,"100 מ""ל",false,1,4.50,1.8000,true,1,10688
7290008757980,false,נקטר ספרינג רימונים קרטונית 1 ל',"יפאורה תבורי בע""מ",IL,ספרינג קרטוניות רימונים 1 ל',ליטרים,1.00,ליטר,false,1,8.60,8.6000,true,1,25324
7290008775816,false,ערגליות שוקו חדש12*300גרם 2020,מיוצר עי קונדיטוריית,IL,ערגליות שוקולד 6*300גרם,גרמים,300.00,100 גרם,false,1,10.90,3.6333,true,1,10704
7290008775823,false,אסם ערגליות תות שדה 300 גרם,מיוצר עי קונדיטוריית,IL,ערגליות תות שדה 6*300גרם,גרמים,300.00,100 גרם,false,1,10.90,3.6333,true,1,10705
7290008775892,false,פסטה פרפקטו לינגוויני (11) 500 גרם,אסם פרפקטו,IT,פרפקטו פסטה לינגויני 20*500גרם-חדש,גרמים,500.00,100 גרם,false,1,7.90,1.5800,true,1,10706
7290008801010,false,"יין קברנה סוביניון מרלו פרייוט קולקשן 750 מ""ל",אגודת הכורמים הקאופו,IL,"יין P.C קברנה מרלו 750 מ""ל",מיליליטרים,750.00,"100 מ""ל",false,1,39.90,5.3200,true,1,10716
7290008801119,false,סלקטד סוביניון בלאן לבן יבש 750 מל,אגודת הכורמים הקואופ,IL,כרמל סלקטד סוביניון בלאן יין לבן יבש 750 מל,מיליליטרים,750.00,"100 מ""ל",false,1,29.90,3.9867,true,1,10718
7290008801157,false,מרלו סלקטד כרמל מזרחי 750 מל,כרמל מזרחי,IL,"יין סלקטד מרלו 750 מ""ל",מיליליטרים,750.00,"100 מ""ל",false,1,29.90,3.9867,true,1,10722
7290008801430,false,כרמל תירוש אדום (6) 750מל,"כד בני דרום בע""מ",IL,"תירוש אדום 750 מ""ל 100% טבעי",מיליליטרים,750.00,"100 מ""ל",false,1,16.90,2.2533,true,1,15296
7290008801522,false,יין קינג דויד קונקורד אדום מתוק 750 מל,אגודת הכורמים הקואופ,IL,כרמל קינג דיויד קונקורד- יין אדום ממותק 750 מל,מיליליטרים,750.00,"100 מ""ל",false,1,24.90,3.3200,true,1,12648
7290008801843,false,קברנה סוביניון אדום יבש 750 מל סלקטד,"כד בני דרום בע""מ",IL,כרמל סלקטד קברנה סוביניון יין אדום יבש 2017 750 מל,מיליליטרים,750.00,"100 מ""ל",false,1,29.90,3.9867,true,1,10732
7290008801850,false,סלקטד אמרלד ריזלינג לבן חצי יבש 750 מל,אגודת הכורמים הקואופ,IL,כרמל סלקטד אמרלד ריזלינג-קולומברד 2018,מיליליטרים,750.00,"100 מ""ל",false,1,29.90,3.9867,true,1,10733
7290008802291,false,"יין מרלו פרייוט קולקשן 750 מ""ל",אגודת הכורמים הקואופ,IL,כרמל פרייבט קולקשן מרלו 2018 יין אדום יבש 750 מל,מיליליטרים,750.00,"100 מ""ל",false,1,39.90,5.3200,true,1,10739
7290008802895,false,יין קברנה סוביניון פרייוט קולקשן,אגודת הכורמים הקאופו,IL,"יין P.C קברנה סוביניון 750 מ""ל",מיליליטרים,750.00,"100 מ""ל",false,1,39.90,5.3200,true,1,10747
7290008803090,false,"יין מרלו קולקשיין הסדרה האזורית כרמל 750 מ""ל",אגודת הכורמים הקואופ,IL,"יין מרלו גליל עליון 750 מ""ל",מיליליטרים,750.00,"100 מ""ל",false,1,59.90,7.9867,true,1,68725
7290008804189,false,יין קברנה סוביניון הסדרה האזורית גליל עליון,אגודת הכורמים הקואופ,IL,"יין קברנה סוביניון גליל עליון 750 מ""ל",מיליליטרים,750.00,"100 מ""ל",false,1,59.90,7.9867,true,1,68726
7290008804332,false,שיראז אדום יבש פריווט קולקשיין 750מל,אגודת הכורמים הקואופ,IL,יין שיראז פרייבט קולקשן יקבי כרמל,מיליליטרים,750.00,"100 מ""ל",false,1,39.90,5.3200,true,1,35249
7290008804462,false,מוסקט קינוח לבן 500 מל,אגודת הכורמים הקואופ,IL,"יין P.C מוסקט לבן 500 מ""ל",מיליליטרים,500.00,"100 מ""ל",false,1,39.90,7.9800,true,1,40276
7290008804745,false,יין גורצטמינר גליל עליון 2007 750 מל,אגודת הכורמים הקואופ,IL,יין ס.א גוורצטרמינר,מיליליטרים,750.00,"100 מ""ל",false,1,59.90,7.9867,true,1,119057
7290008805384,false,סלקטד מוסקטו לבן מבעבע 750 מל 2016,אגודת הכורמים הקואופ,IL,כרמל סלקטד מוסקטו יין לבן מבעבע קלות,מיליליטרים,750.00,"100 מ""ל",false,1,29.90,3.9867,true,1,21402
7290008805520,false,קברנה מרלו אדום יבש 750 מל סלקטד,"כד בני דרום בע""מ",IL,"יין קברנה מרלו סלקטד 750 מ""ל",מיליליטרים,750.00,"100 מ""ל",false,1,29.90,3.9867,true,1,31896
7290008805964,false,יין קברנה שיראז גליל עליון אדום יבש 750,אגודת הכורמים הקואופ,IL,"יין שיראז גליל עליון 750 מ""ל",מיליליטרים,750.00,"100 מ""ל",false,1,59.90,7.9867,true,1,68729
7290008806305,false,פצפצים תות בננה בציפ,"מיוצר ע"" גלידת שטראו",IL,שלגון פצפצים תות בננה עם סוכרי,גרמים,97.00,100 גרם,false,1,6.90,7.1134,true,1,10796
7290008806985,false,נישנושים גלידה שוקו וניל בציפוי שוקולד 60 יח' קרמיסימו,"גלידת שטראוס בע""מ",IL,גלידונית קרמיסימו 1/60 630 גרם פרווה,גרמים,630.00,100 גרם,false,1,41.90,6.6508,true,1,10803
7290008807302,false,"ליקר שוקולד 700 מ""ל",אליעז בנימינה,IL,ליקר שוקולד700 מל,מיליליטרים,700.00,"100 מ""ל",false,1,54.90,7.8429,true,1,10812
7290008807326,false,ליקר בנימינה אמרטו 7,אליעז בנימינה,IL,"ליקר בנימינה אמרטו 750 מ""ל",מיליליטרים,750.00,"100 מ""ל",false,1,54.90,7.3200,true,1,57017
7290008835961,false,"פילה אמנון 7-9 וואקום בד""ץ",היינאן קשינגטאי,CN,אמנון פילה 7-9 בוואקום,קילוגרמים,1.00,"ק""ג",true,,29.90,29.9000,true,1,154632
7290008846219,false,שמן זית כתית מעולה 750 מל,האי נאם סי או אל.טי.,IL,"שמן זית כתית מעולה חלוצה 750 מ""ל",מיליליטרים,750.00,"100 מ""ל",false,1,39.90,5.3200,true,1,16228
7290008849470,false,ממרח פלפל ציומה אוליביה 190 גר,אוליביה גורמה בעמ,IL,רוטב פלפל צומה-פלפל ושום185 גר,גרמים,185.00,100 גרם,false,1,12.90,6.9730,true,1,10836
7290008849470,false,ממרח פלפל ציומה אוליביה 190 גר,אוליביה גורמה בעמ,IL,רוטב פלפל צומה-פלפל ושום185 גר,גרמים,185.00,100 גרם,false,1,12.90,6.9730,true,1,10836
7290008849753,false,רוטב טריאקי אוליביה 300 גרם,מיוצר עי קונדיטוריית,IL,אוליביה רוטב טריאקי 360 גרם,גרמים,360.00,100 גרם,false,1,12.90,3.5833,true,1,10849
7290008849753,false,רוטב טריאקי אוליביה 300 גרם,מיוצר עי קונדיטוריית,IL,אוליביה רוטב טריאקי 360 גרם,גרמים,360.00,100 גרם,false,1,12.90,3.5833,true,1,10849
7290008849845,false,ממרח אוליביה אריסה פיקנטי 180 ג',"אוליביה גרומה בע""מ",IL,אריסה פקנטית אוליביה 185גרם,גרמים,185.00,100 גרם,false,1,12.90,6.9730,true,1,121175
7290008909761,false,"קרלסברג בקבוק יחיד 330מ""ל",מבשלות בירה בינלאומי,IL,"קרלסברג בק 330 מ""ל פקדון",מיליליטרים,330.00,"100 מ""ל",false,1,9.50,2.8788,true,1,46697
7290008909853,false,קוקה קולה זירו בקבוק 500מל,פארייפאבה אגרואינדוס,IL,"קולה ZERO בקבוק 500 מ""ל",מיליליטרים,500.00,"100 מ""ל",false,1,7.50,1.5000,true,1,47188
7290008909884,false,"קוקה קולה זירו 350 מ""ל בקבוק זכוכית",החברה המרכזית לייצור,IL,"קולה ZERO קלאסי 350 מ""ל",מיליליטרים,330.00,"100 מ""ל",false,1,7.00,2.1212,true,1,84361
7290008921015,false,יין תשבי קברנה סירה,"יקבי הבארון בע""מ",,"יין קברנה פטיט סירא 750 מ""ל",מיליליטרים,750.00,"100 מ""ל",false,1,34.90,4.6533,true,1,65053
7290008921121,false,יין תשבי סוביניון בל,יקבי הבארון – תשבי,IL,"יין סוביניון בלאן 750 מ""לתישבי",מיליליטרים,750.00,"100 מ""ל",false,1,48.90,6.5200,true,1,147227
7290008921138,false,יין תשבי כחול לבן 75,"יקבי הבארון בע""מ",,"יין כחול לבן 750 מ""ל",מיליליטרים,750.00,"100 מ""ל",false,1,34.90,4.6533,true,1,137208
7290008921169,false,יין תשבי קברנה סובינ,"יקבי הבארון בע""מ",,"יין תשבי ויניארדס קברנה 750 מ""ל",מיליליטרים,750.00,"100 מ""ל",false,1,48.90,6.5200,true,1,65055
7290008921176,false,יין תשבי ויניארדס מר,"יקבי הבארון בע""מ",,"יין תשבי ויניארדס מרלו 750 מ""ל",מיליליטרים,750.00,"100 מ""ל",false,1,48.90,6.5200,true,1,65058
7290008921190,false,יין תשבי אמרלד ריזלי,יקב תשבי,,יין תשבי ויניארדס ריזלינג 750,Unknown,0.00,Unknown,false,1,34.90,0.0000,true,1,119995
7290008921213,false,יין תשבי אסטייט ויונ,יקבי תישבי,IL,"יין תשבי אסטייט ויונייה 750 מ""ל",מיליליטרים,750.00,"100 מ""ל",false,1,56.90,7.5867,true,1,96536
7290008921251,false,יין קברנה פרנק 750 מ,יושלם,,"יין קברנה פראנק 750 מ""ל תישבי",מיליליטרים,750.00,"100 מ""ל",false,1,48.90,6.5200,true,1,100884
7290008921275,false,יין תשבי שיראז 750 מ,יושלם,,"יין שיראז 750 מ""ל תישבי",מיליליטרים,750.00,"100 מ""ל",false,1,48.90,6.5200,true,1,82493
7290008921336,false,יין שרדונה אסטייט 7,"יקבי הבארון בע""מ",,"יין שרדונה אסטייט 750 מ""ל",מיליליטרים,750.00,"100 מ""ל",false,1,56.90,7.5867,true,1,65073
7290008921572,false,יין ויוניה גוורצטרמי,יקבי תישבי,,"ויוניה גוורצטרמינר 750 מ""ל",מיליליטרים,750.00,"100 מ""ל",false,1,48.90,6.5200,true,1,136802
7290008921633,false,יין אסטיין פינק סובי,יקבי הבארון,IL,"יין אסטיין פינק סוביניון 750 מ""ל",מיליליטרים,750.00,"100 מ""ל",false,1,56.90,7.5867,true,1,155386
7290008921718,false,תישבי גוורצטרימנר,יקב תשבי,,תישבי גוורצטרימנר,מיליליטרים,750.00,"100 מ""ל",false,1,56.90,7.5867,true,1,90965
7290008945202,false,גלילונית ש.אשפה ענק 50 90X75יח' 2020,קילט ניהול פרוייקטים,IL,גלילונית שקיות רב שימושית לפח ענק 50 יח',Unknown,0.00,Unknown,false,1,16.70,0.0000,true,1,10961
7290008975551,false,מטרנה מהדרין חסכון שלב 3 700 גרם,מולינו ניקולי s.p.a,IL,מטרנה מהדרין שלב 3,גרמים,700.00,100 גרם,false,1,59.90,8.5571,true,1,53873
7290010002023,false,כורכום הודי טחון 100 גרם,א.ל ייצור ושיווק תבל,IL,תבלין כורכום תבליני מימון 100 גרם,גרמים,100.00,100 גרם,false,1,11.50,11.5000,true,1,7870
7290010002030,false,כמון טחון 100גרם יורדן,א.ל ייצור ושיווק תבל,IL,תבלין כמון תבליני מימון 100 גרם,גרמים,100.00,100 גרם,false,1,11.50,11.5000,true,1,7871
7290010002047,false,תבליני מימון מלח לימון,א.ל ייצור ושיווק תבל,IL,תבליני מימון מלח לימון בצנצנת 200 גרם,גרמים,200.00,100 גרם,false,1,10.90,5.4500,true,1,7872
7290010002078,false,פלפל שחור טחון 100 גרם,א.ל ייצור ושיווק תבל,IL,תבליני מימון פלפל שחור טחון בצנצנת 100 גרם,גרמים,120.00,100 גרם,false,1,13.90,11.5833,true,1,7875
7290010002108,false,פלפל שחור גרוס גס 90 גרם,א.ל ייצור ושיווק תבל,IL,תבליני מימון תבלין פלפל שחור גרוס גס 90 גרם,גרמים,900.00,100 גרם,false,1,13.90,1.5444,true,1,7878
7290010002122,false,פפריקה הונגרית מתוקה 100 גרם,א.ל ייצור ושיווק תבל,IL,תבליני מימון פפריקה הונגרית מתוקה בצנצנת 100 גרם,גרמים,100.00,100 גרם,false,1,11.50,11.5000,true,1,7880
7290010002153,false,פפריקה מרוקאית חריפה 100 גרם,א.ל ייצור ושיווק תבל,IL,תבליני מימון פפריקה מרוקאית חריפה בצנצנת 100 גרם,גרמים,100.00,100 גרם,false,1,11.50,11.5000,true,1,7883
7290010002177,false,פפריקה בטעם מעושן 90,א.ל. ייצור ושיווק תב,IL,פפריקה בטעם מעושן 90 גרם,גרמים,90.00,100 גרם,false,1,13.90,15.4444,true,1,153238
7290010002207,false,מימון קינמון טחון במ,א.ל ייצור ושיווק תבל,IL,תבליני מימון קינמון טחון בצנצנת 100 גרם,גרמים,100.00,100 גרם,false,1,9.90,9.9000,true,1,7887
7290010002283,false,מימון תבלין על האש ב,א.ל ייצור ושיווק תבל,IL,תבלין תיבול על האש תבליני מימון 100 גרם,גרמים,100.00,100 גרם,false,1,11.50,11.5000,true,1,7890
7290010002306,false,תערובת לקציצות 100 גרם,א.ל ייצור ושיווק תבל,IL,תבליני מימון תבלין תיבול לקציצות 100 גרם,גרמים,120.00,100 גרם,false,1,10.90,9.0833,true,1,29779
7290010002313,false,תבלין ראס אל חנות מי,א.ל ייצור ושיווק תבל,IL,תבליני מימון תבלין ראס אל חנות 100 גרם,גרמים,120.00,100 גרם,false,1,11.50,9.5833,true,1,21684
7290010002351,false,זעתר ושומשום בלדי 100 גרם,א.ל ייצור ושיווק תבל,IL,תבלין זעתר ושומשום תבליני מימון 100 גרם,גרמים,100.00,100 גרם,false,1,11.50,11.5000,true,1,7895
7290010002368,false,תערובת חווג למרק 100 גרם,א.ל ייצור ושיווק תבל,IL,תבליני מימון תערובת חוויאג' למרק 100 גרם,גרמים,100.00,100 גרם,false,1,11.50,11.5000,true,1,7896
7290010002375,false,קארי מדרבס מיכל 100,א.ל ייצור ושיווק תבל,IL,תבלין קארי תבליני מימון 100 גרם,גרמים,120.00,100 גרם,false,1,11.50,9.5833,true,1,29780
7290010002382,true,אורגנו 40 גרם,א.ל ייצור ושיווק תבל,IL,תבליני מימון אורגנו 40 גרם,גרמים,40.00,100 גרם,false,1,9.90,24.7500,true,1,7897
7290010002405,true,טימין הררי 40גרם,א.ל ייצור ושיווק תבל,IL,תבליני מימון טימין 40 גרם,Unknown,0.00,Unknown,false,1,9.90,0.0000,true,1,7899
7290010002443,false,מימון רוזמרין במיכל,א.ל ייצור ושיווק תבל,IL,תבליני מימון רוזמרין 40 גרם,גרמים,400.00,100 גרם,false,1,8.90,2.2250,true,1,7902
7290010002481,true,שום טחון תבליני מימו,א.ל ייצור ושיווק תבל,IL,תבליני מימון שום טחון בצנצנת 100 גרם,גרמים,100.00,100 גרם,false,1,13.90,13.9000,true,1,7904
7290010002498,false,שום גבישי צנצנת 120,א.ל ייצור ושיווק תבל,IL,תבליני מימון שום גבישי 120 גרם,גרמים,120.00,100 גרם,false,1,13.90,11.5833,true,1,7905
7290010002726,false,תיבול לפרגיות מיכל 1,א.ל ייצור ושיווק תבל,IL,תבליני מימון תבלין לפרגיות 100 גרם,גרמים,110.00,100 גרם,false,1,11.50,10.4545,true,1,65226
7290010003075,false,פפריקה מרוקאית מתוקה 400 גרם,א.ל ייצור ושיווק תבל,IL,תבליני מימון פפריקה מרוקאית מתוקה בצנצנת 400 גרם,גרמים,400.00,100 גרם,false,1,24.90,6.2250,true,1,7912
7290010003693,false,פפריקה מתוקה 80 גרם שקית,א.ל ייצור ושיווק תבל,IL,תבליני מימון פפריקה מתוקה שקית 80 גרם,Unknown,0.00,Unknown,false,1,5.90,0.0000,true,1,89840
7290010003709,false,פלפל שחור טחון 50 גרם שקית,א.ל ייצור ושיווק תבל,IL,תבליני מימון פלפל שחור טחון 50 גרם,Unknown,0.00,Unknown,false,1,7.90,0.0000,true,1,89841
7290010003754,false,מימון כמון טחון שקית,א.ל ייצור ושיווק תבל,IL,תבליני מימון בשקית כמון טחון 50 גרם,גרמים,400.00,100 גרם,false,1,5.90,1.4750,true,1,38608
7290010003761,false,מימון כורכום טחון שק,א.ל ייצור ושיווק תבל,IL,תבליני מימון תבלין בשקית כורכום טחון 80 גרם,גרמים,400.00,100 גרם,false,1,5.50,1.3750,true,1,38609
7290010003778,false,תיבול לגריל עוף שקית 80 גרם,א.ל ייצור ושיווק תבל,IL,תבליני מימון תיבול גריל עוף 80 גרם,Unknown,0.00,Unknown,false,1,5.90,0.0000,true,1,89842
7290010003792,false,מלח לימון שקית 100 גרם,א.ל ייצור ושיווק תבל,IL,תבליני מימון בשקית מלח לימון 100 גרם,Unknown,0.00,Unknown,false,1,5.90,0.0000,true,1,89843
7290010003808,false,זעתר ושומשום 80 גרם שקית,א.ל ייצור ושיווק תבל,IL,תבליני מימון זעתר ושומשום בשקית 80 גרם,Unknown,0.00,Unknown,false,1,5.90,0.0000,true,1,89844
7290010003839,false,קינמון טחון 80 גרם שקית,א.ל ייצור ושיווק תבל,IL,תבליני מימון קינמון טחון שקית 80 גרם,גרמים,80.00,100 גרם,false,1,5.90,7.3750,true,1,89644
7290010023141,false,תה לימונענע הגן הקסום 25 שיקיקים,תה ויסוצקי,IL,לימונענע - הגן הקסום,גרמים,55.00,100 גרם,false,1,19.90,36.1818,true,1,14223
7290010116348,false,חטיף מיני מיקס מעורב,"שטראוס גרופ בע""מ",IL,מיקס מעורב מגדים 390 גר' חדש,גרמים,390.00,100 גרם,false,1,29.90,7.6667,true,1,49108
7290010116980,false,אבקת שוקולית שקית עלית 850 ג',הנסיך- מפעל לייצור ט,IL,שוקולית 850 גרם 6 יח,גרמים,850.00,100 גרם,false,1,19.70,2.3176,true,1,15635
7290010117864,false,דוריטוס בטעם חריף אש 70 גרם,שטראוס פריטו ליי (מל,IL,דוריטוס חריף אש 70 גרם,גרמים,70.00,100 גרם,false,1,3.90,5.5714,true,1,73663
7290010117970,false,סבבה בוטנים קלויים מצופים - אריזה אישית,"שטראוס פריטו ליי בע""",IL,בוטנים אמריקאים סבבה 50 גרם,גרמים,50.00,100 גרם,false,1,2.90,5.8000,true,1,48912
7290010125050,true,קוקיס שוקו שוקו La F,לה פרינה,IL,קוקיס שוקו שוקו La Farina,Unknown,0.00,Unknown,false,1,36.90,0.0000,true,1,65418
7290010125234,true,קוקיס שוקולד חלב La,לה פרינה,IL,קוקיס שוקולד חלב La Farina,Unknown,0.00,Unknown,false,1,38.90,0.0000,true,1,66004
7290010129010,false,עוגיות ריבה 600 גרם,קריניציה ויטמינה אס,IL,עוגיות כתר ריבה 600 גרם,גרמים,600.00,100 גרם,false,1,17.90,2.9833,true,1,16591
7290010129027,false,עוגיות מרוקאיות 600 גרם,שיבולים א.ד.ל,IL,עוגיות מרוקאיות 600 גרם,גרמים,600.00,100 גרם,false,1,17.90,2.9833,true,1,16592
7290010129041,false,עוגיות מלוחות 600 גרם,שיבולים א.ד.ל,IL,עוגיות מלוחות 600 גרם,גרמים,600.00,100 גרם,false,1,17.90,2.9833,true,1,16594
7290010129164,false,דולצה ויטה עוגיות מר,שיבולים א.ד.ל,IL,עוגיות מרוקאיות ללא סוכר 300 גרם,גרמים,300.00,100 גרם,false,1,17.90,5.9667,true,1,65797
7290010129300,false,עוגיות רייף מרוקאיות 350 גרם,שיבולים א.ד.ל,IL,עוגיות רייף מרוקאיות 350 גרם,גרמים,350.00,100 גרם,false,1,17.90,5.1143,true,1,25250
7290010129324,false,עוגיות מעמול 600 גרם,שיבולים א.ד.ל,IL,עוגיות מעמול 600 גרם,גרמים,600.00,100 גרם,false,1,17.90,2.9833,true,1,24180
7290010129348,false,עוגיות שוקולד 600 גרם,שיבולים א.ד.ל,IL,עוגיות ממולאות בטעם שוקולד 600 גרם,גרמים,600.00,100 גרם,false,1,17.90,2.9833,true,1,65801
7290010129416,false,עוגיות קוקוס מצופה,קריניציה ויטמינה אס,IL,עוגיות קוקוס מצופה 450 גרם,גרמים,450.00,100 גרם,false,1,17.90,3.9778,true,1,73483
7290010129430,false,עוגיות בוטנים מצופה,קריניציה ויטמינה אס,IL,"דולצ'ה ויטה, עוגיות בוטנים במתכון אותנטי, 450 גרם",גרמים,500.00,100 גרם,false,1,17.90,3.5800,true,1,7938
7290010129553,false,עוגיות רולדה תמרים 600 גרם,שיבולים א.ד.ל,IL,עוגיות רולדה תמרים 600 גרם,גרמים,600.00,100 גרם,false,1,17.90,2.9833,true,1,126606
7290010129621,false,עוגיות קוקוס מצופה 4,קריניציה ויטמינה אס,IL,עוגיות קוקוס מצופה 450 גרם,גרמים,450.00,100 גרם,false,1,17.90,3.9778,true,1,145083
7290010129652,false,עוגיות לקפה דולצ'ה ו,שיבולים א.ד.ל,IL,עוגיות לקפה 350 גרם,גרמים,350.00,100 גרם,false,1,17.90,5.1143,true,1,126613
7290010129942,false,עוגיות שמרים 500 גרם דולצה ויטה,שיבולים א.ד.ל,IL,אדל עוגת קרנץ בטעם שוקולד 500 גרם,גרמים,500.00,100 גרם,false,1,12.90,2.5800,true,1,108662
7290010129959,false,עוגיות שמרים 400 גרם דולצה ויטה,שיבולים א.ד.ל,IL,עוגיות שמרים רוגלך 400 גרם,גרמים,400.00,100 גרם,false,1,10.90,2.7250,true,1,108663
7290010140732,false,טבליות לעיסהטאמס בטע,גלקסמן סמית קליים,,טבליות לעיסהטאמס בטעם פירות יער,גרמים,750.00,100 גרם,false,1,35.20,4.6933,true,1,122910
7290010153503,false,שעועית בובס יבשה מיה 400 גר',"מיה תעשיות מזון בע""מ",IL,שעועית בובס מיה 400 גרם,גרמים,400.00,100 גרם,false,1,11.90,2.9750,true,1,156736
7290010153510,false,בורגול יבש מיה 500 גר',"מיה תעשיות מזון בע""מ",IL,בורגול מיה 500 גרם,גרמים,500.00,100 גרם,false,1,4.90,0.9800,true,1,156730
7290010153534,false,קמח תירס מיה 400 גרם,מיה תעשיות מזון,IL,קמח תירס מיה 400 גרם,גרמים,400.00,100 גרם,false,1,6.90,1.7250,true,1,156731
7290010153541,false,שיבולת שועל קוואקר מהיר הכנה מיה 500 גר',מיה תעשיות מזון,IL,קווקר מהיר הכנה 500 גרם,גרמים,500.00,100 גרם,false,1,7.90,1.5800,true,1,156778
7290010153695,false,פול גדול מיה 400,"מיה תעשיות מזון בע""מ",IL,פול גדול מיה 400 גרם,גרמים,400.00,100 גרם,false,1,8.90,2.2250,true,1,156749
7290010154005,false,סחוג תימני ירוק 250 ביטון,תבליני יוחאי ביטון,IL,סחוג תימני 250 גרם,גרמים,250.00,100 גרם,false,1,14.90,5.9600,true,1,7939
7290010154012,false,לימון בלאדי - סלט לימון כבוש,תבליני יוחאי ביטון,IL,לימון כבוש בלאדי 250 גרם,גרמים,250.00,100 גרם,false,1,16.00,6.4000,true,1,7940
7290010154241,false,סלט חזרת ריף ביטון 250 ג',תבליני יוחאי ביטון,IL,ביטון יוחאי המקורי סלט חזרת 250 גרם,גרמים,250.00,100 גרם,false,1,15.00,6.0000,true,1,16403
7290010154265,false,פלפל צ'ומה חריף פיקנטי,תבליני יוחאי ביטון,IL,"פלפל צ""ומה 250 גרם",גרמים,250.00,100 גרם,false,1,14.90,5.9600,true,1,35501
7290010154418,false,סחוג אדום ביטון 130 גר',תבליני יוחאי ביטון,IL,סחוג אדום 130 גרם,גרמים,130.00,100 גרם,false,1,10.90,8.3846,true,1,88214
7290010154678,false,אריסה מרוקאית ביטון 250 ג' ביטון,תבליני יוחאי ביטון,IL,אריסה מרוקאית 250 גרם,גרמים,250.00,100 גרם,false,1,14.90,5.9600,true,1,120912
7290010154685,false,סלט שום כתוש 250 ג' ביטון יוחאי,תבליני יוחאי ביטון,IL,ביטון יוחאי המקורי סלט שום כתוש 250 גרם,גרמים,250.00,100 גרם,false,1,14.90,5.9600,true,1,120913
7290010173068,false,"יין חרמון גליל קברנה אדום יבש 750מ""ל","כד בני דרום בע""מ",IL,יקבי הרי גליל קברנה סוביניון 750 מל,מיליליטרים,750.00,"100 מ""ל",false,1,33.90,4.5200,true,1,14478
7290010173174,false,"יין אלון 2019 750 מ""ל הרי גליל",יקבי רמת הגולן,IL,יין גליל אלון 750 מל,מיליליטרים,750.00,"100 מ""ל",false,1,59.90,7.9867,true,1,118959
7290010173181,false,יין אלה הרי גליל 750 מל,יקבי רמת הגולן,IL,יין גליל אלה 750 מל,מיליליטרים,750.00,"100 מ""ל",false,1,59.90,7.9867,true,1,119015
7290010192816,false,תמר מגהול ללא גלעין,תימורת הערבה,IL,תמר מגהול ללא גלעין 45 גרם,גרמים,45.00,100 גרם,false,1,4.90,10.8889,true,1,154139
7290010237548,false,"פפסי מקס דל קלוריות 500 מ""ל בקבוק",טמפו משקאות בעמ,IL,פפסי מקס בקבוק 500 מל,מיליליטרים,500.00,"100 מ""ל",false,1,5.50,1.1000,true,1,24617
7290010237562,false,משקה פפסי מרינדה קוו,"טמפו משקאות בע""מ",IL,מירינדה 500 בקבוק 24 יח',מיליליטרים,500.00,"100 מ""ל",false,1,5.50,1.1000,true,1,55713
7290010237579,false,משקה סבן אפ קוול 500,"טמפו משקאות בע""מ",IL,סבן אפ 500 בקבוק,מיליליטרים,500.00,"100 מ""ל",false,1,5.50,1.1000,true,1,24618
7290010237685,false,"הייניקן בירה צואר ארוך 330מ""ל",טמפו משקאות בע''מ,IL,"בירה היינקן, בקבוק 330 מ''ל",מיליליטרים,330.00,"100 מ""ל",false,1,9.90,3.0000,true,1,24300
7290010237777,false,בירה שנדי בתוספת משקה לימון ליים,טמפו משקאות בע''מ,IL,"בירה שנדי, בירה בטעם לימון ליים, בקבוק 330 מ""ל",מיליליטרים,330.00,"100 מ""ל",false,1,6.50,1.9697,true,1,23810
7290010237890,false,"בירה הייניקן בקבוק 500 מ""ל חוזר",טמפו משקאות בע''מ,IL,"בירה היינקן, בקבוק חוזר 500 מ""ל",מיליליטרים,500.00,"100 מ""ל",false,1,8.90,1.7800,true,1,24339
7290010259311,false,חלב קוקוס ויליפוד 400ג',וילי פוד,TH,"מי קוקוס ויליפוד 400 מ""ל",מיליליטרים,400.00,"100 מ""ל",false,1,7.90,1.9750,true,1,31703
7290010259823,false,מנת השף מרק עם נודלס טעם עוף בדץ 70ג,נמצ'או(תאילנד) בעמ,TH,מנת השף- מרק עם נודלס בטעם עוף,גרמים,70.00,100 גרם,false,1,5.50,7.8571,true,1,30071
7290010259830,false,מרק עם נודלס סיני פיקנטי מנת השף 70 גר,נמצ'או(תאילנד) בעמ,TH,ויליפוד מנת השף נודלס בטעם סיני-פיקנטי 70 גרם,גרמים,70.00,100 גרם,false,1,5.50,7.8571,true,1,30072
7290010259847,false,מנת השף מרק עם נודלס טעם תירס בדץ 70ג,יוליניבר,TH,ויליפוד מנת השף נודלס בטעם תירס 70 גרם,גרמים,70.00,100 גרם,false,1,5.50,7.8571,true,1,30073
7290010328093,false,ממרח חלווה אחווה 400 ג' מהדרין,אחדות בית חרושת לטחי,IL,אחוה ממרח חלוה 400 גרם,גרמים,400.00,100 גרם,false,1,12.90,3.2250,true,1,39004
7290010328246,false,טחינה גולמית שומשום מלא אחווה 500 ג',"אחדות ביח""ר לטחינה ח",IL,טחינה שומשום מלא אחווה 500 גרם,גרמים,500.00,100 גרם,false,1,14.90,2.9800,true,1,83439
7290010328253,false,טחינה משומשום טבעי 500 גר מהדרין,"אחדות ביח""ר לטחינה ח",IL,אחוה טחינה גולמית 500 גרם בפלסטיק,גרמים,500.00,100 גרם,false,1,14.90,2.9800,true,1,72104
7290010328468,false,אחווה חטיפי מיני חלווה ב- 3 טעמים 18 יח,שוורצקוף& הנקל דיסלד,IL,"אחוה חטיפי מיני חלוה פיסטוק, וניל וקקאו 18 יחידות",גרמים,216.00,100 גרם,false,1,10.90,5.0463,true,1,100387
7290010328505,false,אחווה חטיפי מיני חלווה ללא סוכר 15 יח,אחדות ביחר לטחינה חל,IL,חלבה אחוה מיני ללא סוכר 150 גרם,גרמים,150.00,100 גרם,false,1,10.90,7.2667,true,1,100388
7290010329984,false,שוקולד ציפס 60% קקאו,כרמית תעשיות ממתקים,IL,אגו שוקולד צ'יפס מריר 60% מוצקי קקאו 250 גרם,גרמים,250.00,100 גרם,false,1,13.90,5.5600,true,1,53851
7290010429684,false,מארז 2 דבשים מפרחי בר 350 גרם *2,שטראוס גרופ,,מארז זוג דבש 350 גרם,גרמים,700.00,100 גרם,false,1,36.90,5.2714,true,1,35030
7290010471669,false,יוגורט תות עם קורנפלקס מצופה שוקולד ללא גלוטן 3.9%,"שטראוס בריאות בע""מ",IL,דנונה בר תות קורנפלקס,גרמים,175.00,100 גרם,false,1,4.80,2.7429,true,1,21942
7290010561032,false,תערובת להכנת לפנקייק אקסטרה ויטמינים ומינרלים 400 גר',אשבל מזון פונקציונלי,IL,תערובת להכנת פנקייק ברילי 400גרם,גרמים,400.00,100 גרם,false,1,19.90,4.9750,true,1,97642
7290010561360,false,ברילי באגט EXTRA קמח טף 360 גרם,ברילי Barili,IL,באגט ברילי אקסטרהקמח טף 360גרם,גרמים,360.00,100 גרם,false,1,18.90,5.2500,true,1,150046
7290010561407,false,ברילי לחם פרוס EXTRA ויטמינים ומינרלים 500 ג',בר אל- ללא גלוטן,IL,לחם פרוס EXTRA ויטמינים,גרמים,500.00,100 גרם,false,1,21.90,4.3800,true,1,145457
7290010561414,false,עוגיות במילוי תמרים 300 גר ללא גלוטן,אשבל מזון פונקציונלי,IL,לחם קל ברילי אקסטרה ציה וטף 500גרם,גרמים,500.00,100 גרם,false,1,22.90,4.5800,true,1,146183
7290010561421,false,ברילי לחם כפרי EXTRA קמח טף 500 גרם,אשבל מזון פונקציונלי,IL,לחם כפרי ברילי אקסטרה מקמח טף500גרם,גרמים,500.00,100 גרם,false,1,21.90,4.3800,true,1,145448
7290010561445,false,פיתות ללא גלוטן - 5 יח',אשבל מזון פונקציונלי,IL,ברילי פיתות 420גרם,גרמים,420.00,100 גרם,false,1,21.90,5.2143,true,1,97636
7290010561452,false,ברילי מאפה ביס EXTRA ויטמינים ומינרלים 360 ג',קרלו,IL,מאפה ביס ויטמינים ברילי,גרמים,360.00,100 גרם,false,1,18.90,5.2500,true,1,146996
7290010561643,false,"ברילי פירורי לחם לל""ג 250 גרם",אשבל מזון פונקציונלי,IL,פירורי לחם ברילי ללא גלוטן 250 גרם,גרמים,250.00,100 גרם,false,1,18.90,7.5600,true,1,145469
7290010561964,false,ג'בטה EXTRA קמח טף ללא גלוטן - 3 יח',אשבל מזון פונקציונלי,IL,גבטה ברילי אקסטרה קמח טף 380גרם,גרמים,380.00,100 גרם,false,1,21.90,5.7632,true,1,146998
7290010569120,false,חטיף גלידה שמנת בטעם נוגה עם קרם שוקולד,"מיוצר ע""י גלידת שטרא",IL,שלגון פסק זמן קראנץ,גרמים,73.00,100 גרם,false,1,10.90,14.9315,true,1,22247
7290010577804,false,דקסמול 16 קפליות,דקסל,,דקסמול 16 קפליות,לא מנהל יחידת מידה,0.00,לא מנהל יחידת מידה,false,1,11.90,0.0000,true,1,112957
7290010609734,false,אייס לי משקה להקפאה בטעמי פירות - מארז 8 יח',הדיל,IL,"שלוקים אייס לי 800 מ""ל",מיליליטרים,800.00,"100 מ""ל",false,1,5.90,0.7375,true,1,126522
7290010627004,false,טחינה גולמית מסורתית ירושלים 500 ג',"בראשית ירושלים בע""מ",IL,טחינה ירושלים 500 גרם,גרמים,500.00,100 גרם,false,1,15.90,3.1800,true,1,117138
7290010632121,false,כוס אימון עם ידיות רכות,טוליפס Tulips,CN,כוס אימון עם ידיות רכות TULIPS,לא מנהל יחידת מידה,0.00,לא מנהל יחידת מידה,false,1,16.90,0.0000,true,1,121423
7290010632138,false,נשכן קור עם גל טוליפ,F.H.P CO LT,CN,נשכן קור עם גל טוליפס פרימיום,לא מנהל יחידת מידה,0.00,לא מנהל יחידת מידה,false,1,9.90,0.0000,true,1,121410
7290010632398,false,נובי כוס פיה רכה +יד,מולינו ניקולי s.p.a,CN,נובי כוס פיה רכה +ידית ללא ביספינול A,לא מנהל יחידת מידה,0.00,לא מנהל יחידת מידה,false,1,36.90,0.0000,true,1,121415
7290010632404,false,נובי5305-מיכל לאבקת חלב,מולינו ניקולי s.p.a,CN,מיכל לאבקת תחליף חלב נובי,לא מנהל יחידת מידה,0.00,לא מנהל יחידת מידה,false,1,17.90,0.0000,true,1,121416
7290010632466,true,סט טיפוח לציפורניים,F.H.P CO LT,CN,סט טיפוח לציפורניים,לא מנהל יחידת מידה,0.00,לא מנהל יחידת מידה,false,1,28.90,0.0000,true,1,121418
7290010632541,true,נובי סט קערות+מכסה,מולינו ניקולי s.p.a,CN,נובי קערות האכלת לתינוק 6 יח',לא מנהל יחידת מידה,0.00,לא מנהל יחידת מידה,false,1,34.90,0.0000,true,1,121426
7290010632558,true,נובי כפית ארוכה,מולינו ניקולי s.p.a,CN,נובי כפיות האכלה 18 יחידות,לא מנהל יחידת מידה,0.00,לא מנהל יחידת מידה,false,1,19.90,0.0000,true,1,121419
7290010632787,false,צימרוני אוזניים עץ 300יח',הדקלאים אגודת שיתופי,CN,צימרוני אוזניים עץ 300 יח' בשקית,Unknown,0.00,Unknown,false,1,4.90,0.0000,true,1,77017
7290010650019,false,עולש אנדיב בלגי חוות,חוות פטריות תקוע,IL,לבבות חסה אנדיב,גרמים,300.00,100 גרם,false,1,13.90,4.6333,true,1,53319
7290010650033,false,בצלצלי שאלוט תקוע אר,חוות פטריות תקוע,IL,בצלצלי שאלוט ארוז ליח,יחידה,0.00,יחידה,false,1,14.90,0.0000,true,1,52481
7290010657100,false,ליצי שלם,FOOD,,ליצי שלמים בסירופ קל 567גרם FOOD,גרמים,567.00,100 גרם,false,1,9.90,1.7460,true,1,60373
7290010657254,false,סרדינים מרוקאי בשמן צמחי 125 ג',יוניון דה פחריס,MA,סרדינים בשמן צמחי 125 גרם,גרמים,125.00,100 גרם,false,1,5.50,4.4000,true,1,60941
7290010657292,false,צלפים בחומץ צנצנת 35,פ.ח סאנצאס,ES,צלפים בחומץ צנצנת 350 גרם,גרמים,350.00,100 גרם,false,1,15.90,4.5429,true,1,82692
7290010657490,false,סרדין קזבלנקה בשמן ח,יוניון דה פחריס,MA,סרדינים בשמן חריף 125 גרם,גרמים,125.00,100 גרם,false,1,6.50,5.2000,true,1,89180
7290010657834,false,"ראניה סטר פוד מי ורדים 510 מ""ל",אלימאד פוד,BE,מי ורדים 500מל FOOD1,מיליליטרים,500.00,"100 מ""ל",false,1,18.90,3.7800,true,1,71393
7290010748860,false,"ד""ר פישר - אפקטיב קר קרם ידיים אינטנסיב 150 מ""ל",פישר מעבדות פרמצבטיו,IL,אפקטיב קר קרם ידיים אינטנסיב לעור יבש במ,מיליליטרים,150.00,"100 מ""ל",false,1,11.90,7.9333,true,1,89971
7290010778058,false,פטוציני לבן/ טריקולו,פסטה דיאורו,IL,פטוציני לבן/ טריקולור,גרמים,500.00,100 גרם,false,1,19.90,3.9800,true,1,51274
7290010778065,false,"ניוקי תפו""א פסטה טרי",פסטה דיאורו,IL,ניוקי תפוח אדמה,גרמים,500.00,100 גרם,false,1,19.90,3.9800,true,1,51279
7290010778089,false,טורטליני גבינה,פסטה דיאורו,IL,טורטלוני גבינה,גרמים,500.00,100 גרם,false,1,32.90,6.5800,true,1,51281
7290010778096,true,קנלוני ריקוטה ותרד,פסטה דיאורו,IL,קנלוני ריקוטה ותרד,גרמים,500.00,100 גרם,false,1,36.90,7.3800,true,1,72583
7290010778157,false,ריביולי ריקוטה תרד,פסטה דיאורו,IL,רביולי ריקוטה ותרד,גרמים,500.00,100 גרם,false,1,29.90,5.9800,true,1,72574
7290010778164,false,ריביולי ריקוטה ופטרי,פסטה דיאורו,IL,רביולי ריקוטה ופטריות,גרמים,500.00,100 גרם,false,1,29.90,5.9800,true,1,72575
7290010778171,false,ריביולי בטטה,פסטה דיאורו,IL,רביולי בטטה,גרמים,500.00,100 גרם,false,1,29.90,5.9800,true,1,72586
7290010778188,false,ריביולי 4 גבינות,פסטה דיאורו,IL,רביולי 4 גבינות,גרמים,500.00,100 גרם,false,1,29.90,5.9800,true,1,72584
7290010778201,false,רוטב לפסטה שמנת אלפר,פסטה דיאורו,IL,רוטב אלפרדו,גרמים,240.00,100 גרם,false,1,19.90,8.2917,true,1,72592
7290010778218,false,רוטב לפסטה שמנת ופטר,פסטה דיאורו,IL,רוטב שמנת פטריות,גרמים,240.00,100 גרם,false,1,19.00,7.9167,true,1,118707
7290010778225,false,רוטב לפסטה שמנת עגבנ,פסטה דיאורו,IL,רוטב שמנת עגבניות,גרמים,240.00,100 גרם,false,1,19.90,8.2917,true,1,72594
7290010778263,false,ריביולי גבינות צאן,פסטה דיאורו,IL,רביולי גבינות צאן,גרמים,500.00,100 גרם,false,1,29.90,5.9800,true,1,72585
7290010778287,false,רביולי רוקפור ואגוזי,פסטה דיאורו,IL,רביולי רוקפור ואגוזים,גרמים,500.00,100 גרם,false,1,29.90,5.9800,true,1,72576
7290010778300,false,ריביולי מוצרלה,פסטה דיאורו,IL,רביולי מוצרלה,גרמים,500.00,100 גרם,false,1,29.90,5.9800,true,1,72588
7290010778324,false,ניוקי בטטה פסטה טריה,פסטה דיאורו,IL,ניוקי בטטה,גרמים,500.00,100 גרם,false,1,19.90,3.9800,true,1,72569
7290010778331,false,ניוקי תרד,פסטה דיאורו,IL,ניוקי תרד,גרמים,500.00,100 גרם,false,1,19.90,3.9800,true,1,72571
7290010778362,true,רביולי גבינות עיזים,פסטה דיאורו,IL,רביולי גבינות עיזים ובזיליקום,גרמים,500.00,100 גרם,false,1,29.90,5.9800,true,1,72580
7290010778485,false,רוטב לפסטה שמנת בטטה,פסטה דיאורו,IL,רוטב שמנת בטטה,גרמים,240.00,100 גרם,false,1,19.90,8.2917,true,1,72595
7290010778492,false,רוטב לפסטה שמנת ותרד,פסטה דיאורו,IL,רוטה שמנת תרד,גרמים,240.00,100 גרם,false,1,19.90,8.2917,true,1,72596
7290010778508,false,רוטב רוקפור ואגוזים,פסטה דיאורו,IL,רוטב רוקפור ואגוזים,גרמים,240.00,100 גרם,false,1,19.90,8.2917,true,1,72597
7290010778553,false,ניוקי סלק ממולא גבינ,פסטה דיאורו,IL,ניוקי סלק ממולא גבינה,גרמים,500.00,100 גרם,false,1,29.90,5.9800,true,1,118709
7290010778560,true,ניוקי תפוח אדמה ממול,פסטה דיאורו,IL,ניוקי תפוח אדמה ממולא גבינה,גרמים,500.00,100 גרם,false,1,29.90,5.9800,true,1,122715
7290010778683,false,ניוקי מעורב,פסטה דיאורו,IL,ניוקי מעורב,גרמים,500.00,100 גרם,false,1,19.90,3.9800,true,1,118708
7290010791545,false,שימורי כבד גורמה להקט 85 ג',"הייקיו, תאילנד",TH,לה קט דליקטס פטה כבד עוף 85גרם,גרמים,85.00,100 גרם,false,1,5.90,6.9412,true,1,38962
7290010791576,false,מזון חתולים דליקטס מ,"הייקיו, תאילנד",TH,לה קט דליקטס אוצרות הים 85 גרם,גרמים,85.00,100 גרם,false,1,5.90,6.9412,true,1,38964
7290010814244,false,שלשות שוקולד מריר 85 גרם*3 בלמינט *18 בקרטון,כרמית תעשיות ממתקים,IL,שלשות שוקולד מריר 44% 85 גר*3*18 בקרטון,גרמים,300.00,100 גרם,false,1,13.90,4.6333,true,1,93393
7290010814251,false,שלשות שוקולד חלב 85 גר*3 בלמינט*18 בקרט בדצ,כרמית תעשיות ממתקים,IL,שלשות שוקולד חלב 85 גר*3 בלמינט * 18 בקרט בדצ,גרמים,225.00,100 גרם,false,1,13.90,6.1778,true,1,93394
7290010814695,false,שוקולד מריר ללא תוספת סוכר וסטהיים,כרמית תעשיות ממתקים,IL,שוקולד מריר ללא תוספת סוכר אגו 85 גרם,גרמים,85.00,100 גרם,false,1,6.90,8.1176,true,1,69483
7290010814701,false,שוקולד חלב ללא תוספת סוכר וסטהיים,כרמית תעשיות ממתקים,IL,"שוקולד חלב לל""ס 85ג*12בדיס*2בקרט",גרמים,85.00,100 גרם,false,1,6.90,8.1176,true,1,69484
7290010838219,false,ממתיק על בסיס צמח הסטיביה - שקיות,תות ממתקי איכות,IL,ממתיק על בסיס סטיביה 100 שקיות,גרמים,100.00,100 גרם,false,1,32.90,32.9000,true,1,95003
7290010838424,false,ג'ל לניקוי מתקדם בניחוח רענן - מארז זוג,"איטיליאן פוד, אס.פי.",NL,דאק נוזל לניקוי אסלה ירוק בניחוח רענן -2*750מ,ליטרים,1.50,ליטר,false,1,21.70,14.4667,true,1,31198
7290010838431,false,ג'ל לניקוי מתקדם בניחוח ים - מארז זוג,מיוצר עי קונדיטוריית,NL,דאק נוזל לניקוי אסלה כחול בניחוח ים -2*750מ,ליטרים,1.50,ליטר,false,1,21.70,14.4667,true,1,31199
7290010839865,false,רוטב רכז רימונים ויליפוד 320 ג',גרין ביס דיס,TR,רוטב רימונים 320 גרם,מיליליטרים,320.00,"100 מ""ל",false,1,12.90,4.0313,true,1,61162
7290010849505,false,יין למברוסקו די לואיג'י רוסו דולצ'ה,פארייפאבה אגרואינדוס,IT,"למברוסקו די לואיגי אדום 750 מ""ל",מיליליטרים,750.00,"100 מ""ל",false,1,34.90,4.6533,true,1,62784
7290010849512,false,יין למברוסקו די לואיג'ירוזטו אמבילה,פארייפאבה אגרואינדוס,IT,"למברוסקו די לואיגי רוזה 750 מ""ל",מיליליטרים,750.00,"100 מ""ל",false,1,34.90,4.6533,true,1,67340
7290010849529,false,יין למברוסקו די לואיג'י ביאנקו,פארייפאבה אגרואינדוס,IT,"למברוסקו די לואיגי ביאנקו 750 מ""ל",מיליליטרים,750.00,"100 מ""ל",false,1,34.90,4.6533,true,1,76167
7290010849734,false,יין קאווה ריאל אימפר,ספרד קובידס (קסניוס,,"קאווה סמי סקו ריאל אימפריאל 750 מ""ל",מיליליטרים,750.00,"100 מ""ל",false,1,37.90,5.0533,true,1,70152
7290010859283,false,פניסטיל גל 30 גרם,נוברטיס,,"פניסטיל ג""ל",Unknown,0.00,Unknown,false,1,39.90,0.0000,true,1,23846
7290010859306,false,"אוטריוין למבוגרים 10 מ""ל",נוברטיס,,אוטריוין מבוגרים,Unknown,0.00,Unknown,false,1,29.90,0.0000,true,1,23843
7290010859320,false,"אוטריוין מנטול 10 מ""ל",נוברטיס,,אוטריוין מנטול,Unknown,0.00,Unknown,false,1,34.00,0.0000,true,1,23844
7290010880065,false,ליקר אוכמניות 500 מל,"יקב לביא, גוש עציון",,ליקר אוכמניות 500,מיליליטרים,500.00,"100 מ""ל",false,1,79.90,15.9800,true,1,119051
7290010882632,false,ליקר אספרסו,"יקב לביא, גוש עציון",,ליקר אספרסו 500,מיליליטרים,500.00,"100 מ""ל",false,1,79.90,15.9800,true,1,119055
7290010883356,false,כפפות אלוורה רב שימושיות מרופדות גדול L,סנו סושי,CN,L-סושי כפפות אלוורה,לא מנהל יחידת מידה,0.00,לא מנהל יחידת מידה,false,1,10.80,0.0000,true,1,39869
7290010883363,false,כפפות אלוורה רב שימושיות מרופדות קטן S,האי נאם סי או אל.טי.,CN,סושי כפפות אלוורה רב שימושיות - S,Unknown,0.00,Unknown,false,1,10.80,0.0000,true,1,39904
7290010883370,false,כפפות אלוורה רב שימושיות מרופדות בינוני M,האי נאם סי או אל.טי.,CN,סושי כפפות אלוורה רב שימושיות - M,Unknown,0.00,Unknown,false,1,10.80,0.0000,true,1,39905
7290010903917,false,שניצל תירס שף הטבע 1,משק ויילר,IL,שניצל תירס שף הטבע 1 קג,קילוגרמים,1.00,"ק""ג",false,1,21.90,21.9000,true,1,156606
7290010903924,false,שניצל צמחי דק שף הטב,משק ויילר,IL,שניצל צמחי שף הטבע 1 קג,קילוגרמים,1.00,"ק""ג",false,1,21.90,21.9000,true,1,156607
7290010903931,false,כוכבי תירס שף הטבע 1,משק ויילר,IL,כוכבי תירס שף הטבע 1 קג,קילוגרמים,1.00,"ק""ג",false,1,21.90,21.9000,true,1,156608
7290010945146,false,קוטג' 3% מועשר בסידן טרה 250 ג' מהדרין,טרה,IL,קוטג מועשר 3% טרה 250 גרם,גרמים,250.00,100 גרם,false,1,6.20,2.4800,true,1,31436
7290010945306,false,טרה חלב בקרטון 2 ליט,טרה,IL,"חלב בקרטון 3% 2 ליטר בד""צ",ליטרים,2.00,ליטר,false,1,12.46,6.2300,true,1,33302
7290010945450,false,גבינה לבנה 3% 250 גר מועשר בסידן וויטמין,טרה,IL,גבינה לבנה 3% 250 גרם,גרמים,250.00,100 גרם,false,1,5.10,2.0400,true,1,33308
7290011015374,false,"סחוט תפוחים צלול פריגת 400 מ""ל",היינץ צפון אמריקה מק,IL,"סחוט תפוח צלול 400 מ""ל",מיליליטרים,400.00,"100 מ""ל",false,1,9.50,2.3750,true,1,69633
7290011015862,false,"פריגת סירופ דיאט לימונענע 750 מ""ל",סירופ - גבעת חיים,IL,"סירופ דיאט לימונענע 750 מ""ל",מיליליטרים,750.00,"100 מ""ל",false,1,24.60,3.2800,true,1,65715
7290011017866,false,קוקה קולה קלאסי בפחית,החברה המרכזית לייצור,IL,"סליק קוקה קולה 330 מ""ל מבצע",מיליליטרים,330.00,"100 מ""ל",false,1,5.90,1.7879,true,1,82048
7290011017873,false,"קוקה קולה זירו פחית 330 מ""ל",החברה המרכזית לייצור,IL,"סליק קולה ZERO 330 מ""ל מבצע",מיליליטרים,330.00,"100 מ""ל",false,1,5.90,1.7879,true,1,82049
7290011017880,false,דיאט קוקה קולה פחית סליק 330מל,החברה המרכזית לייצור,IL,"סליק דק""ק 330 מ""ל מבצע",מיליליטרים,330.00,"100 מ""ל",false,1,5.90,1.7879,true,1,82050
7290011018184,false,"אייס תה FUZE TEAאפרסק 500 מ""ל",מבשלות בירה בינלאומי,IL,FUZE tea אפרסק 0.5 ליטר,מיליליטרים,500.00,"100 מ""ל",false,1,8.50,1.7000,true,1,81602
7290011018368,false,"שישיית בירה ויינשטפן 330 מ""ל","ויינשטפן, ת.ד 1155 פ",DE,Weihenstephan - בירת חיטה מעוננת,ליטרים,1.98,ליטר,false,1,74.90,37.8283,true,1,92289
7290011018474,false,"סומרסבי סיידר תפוחים אלכוהולי, 330 מ""ל","קרלסברג קרואטיה , יב",HR,"סומרסבי סיידר בקבוק 330 מ""ל",מיליליטרים,330.00,"100 מ""ל",false,1,9.90,3.0000,true,1,102859
7290011018917,false,ק.קולה זירו פרידגפק סליק 330 מל שישייה,החברה המרכזית לייצור,IL,"מארז ק""ק ZERO 6 פח FRIDGE-PACK מבצע",ליטרים,1.98,ליטר,false,1,24.90,12.5758,true,1,93115
7290011026530,false,אל סבון לתינוק קמיל בלו סנסטיב לפני השינה,פישר מעבדות פרמצבטיו,IL,קמיל בלו סנסיטיב אל סבון לפני השינה 500,מיליליטרים,500.00,"100 מ""ל",false,1,17.90,3.5800,true,1,103692
7290011051358,false,"שוופס סודה לימון זכוכית 250 מ""ל",יפאורה תבורי בעמ,IL,"שוופס סודה לימון 250 מ""ל זכוכית",מיליליטרים,250.00,"100 מ""ל",false,1,4.50,1.8000,true,1,114611
7290011064020,false,בולגרית למריחה בטעמים 200 גר,גבינות אמיר ניצן בעמ,IL,גבינה בולגרית בעיר 200 גרם,גרמים,200.00,100 גרם,false,1,14.90,7.4500,true,1,39206
7290011064075,false,מעדן לאבנה ניצן אבו גוש 200 ג',גבינות אמיר ניצן בעמ,IL,גבינת לאבנה אבו גוש פלוס 200 גרם,גרמים,200.00,100 גרם,false,1,14.90,7.4500,true,1,122396
7290011064099,false,טאפס פלפלוני שרי ממולאים במעדן גבינה,גבינות אמיר ניצן בעמ,IL,טאפס שכונתי 125 גרם,גרמים,125.00,100 גרם,false,1,20.30,16.2400,true,1,85779
7290011081492,false,גלידה בטעם שלושה שוקולדים 1.33ל' קרמיסימו,"גלידת שטראוס בע""מ, ר",IL,מעדן קפוא קרמיסימו 3 שוקולדים 1.33 ל',ליטרים,1.33,ליטר,false,1,26.90,20.2256,true,1,41661
7290011113926,false,דאודורנט ספריי טיטניום בלאק Titanium Black,משווק: וסמופארם בעממ,IL,"טיטניום דאודורנט ספריי בלק 180 מ""ל",מיליליטרים,180.00,"100 מ""ל",false,1,18.90,10.5000,true,1,40974
7290011115166,false,נקה 7 ארומה סבון נוזלי לבנדר 1 ל',טרופיקל דגיל תעשיות,IL,נקה 7 תחליב רחצה לבנדר 1 ליטר,ליטרים,1.00,ליטר,false,1,14.90,14.9000,true,1,36812
7290011115173,false,נקה 7 ארומה סבון נוזלי וניל 1 ל',טרופיקל דגיל תעשיות,IL,נקה 7 תחליב רחצה וניל ושקד 1 ליטר,ליטרים,1.00,ליטר,false,1,14.90,14.9000,true,1,36827
7290011115203,false,אל סבון מוצק מבושם בניחוח עדין קלאסיק - מארז רביעיה,טרופיקל דגיל תעשיות,IL,נקה 7 סבון מוצק ורוד 1/4,גרמים,400.00,100 גרם,false,1,10.90,2.7250,true,1,35442
7290011126452,false,חליטת קמומיל ונענע 25 שקיקים גן קסום,תה ויסוצקי,IL,"קמומיל ונענע ""הגן הקסוםC24 ?",גרמים,37.00,100 גרם,false,1,19.90,53.7838,true,1,46098
7290011126469,false,חליטת קמומיל ודבש 25 שקיקים גן קסום,תה ויסוצקי,IL,"קמומיל ודבש ""הגן הקסוםC24 ?",גרמים,37.00,100 גרם,false,1,19.90,53.7838,true,1,46099
7290011126957,false,תה ירוק ויסוצקי ארל גריי 25 שקיקים,ויסוצקי ירוק,IL,תה ירוק ארל גריי T.T,גרמים,37.00,100 גרם,false,1,25.90,70.0000,true,1,50257
7290011128043,false,שורש פטרוזיליה,חקלאי,IL,שורש ארוז,יחידה,1.00,יחידה,false,1,5.90,5.9000,true,1,149141
7290011131050,false,"גרנולה גרין פקאן 1 ק""ג",ויטליאה ניקולה דו,MK,גרנולה פלוס צימוקים ופקאן 1 קג,קילוגרמים,1.00,"ק""ג",false,1,25.90,25.9000,true,1,100936
7290011131371,false,מוזלי קראנצ'י שקדים ואגוזים,ויטליאה ניקולה דו,MK,מוזלי פלוס אגוזים ושקדים 1 קג,קילוגרמים,1.00,"ק""ג",false,1,25.90,25.9000,true,1,57544
7290011131395,false,"מיזלי קראנץ 30% פירות 1 ק""ג",ויטליאה ניקולה דו,MK,גרין מוזלי קראנצ'י בתוספת 30% פירות 1 קג,קילוגרמים,1.00,"ק""ג",false,1,25.90,25.9000,true,1,57543
7290011131654,false,מוזלי קראנצ'י ביג מיקס עם פירות ואגוזים,ויטליה ניקולא דו,MK,"גרין מוזלי קראנצ'י עם פירות ואגוזים, 1.1 קג",קילוגרמים,1.00,"ק""ג",false,1,25.90,25.9000,true,1,104600
7290011131968,false,גרנולה בתוספת שקדים ואגוזים,ויטליה ניקולא דו,MK,גרנולה בתוספת שקדים ואגוזים 1 קג,קילוגרמים,1.00,"ק""ג",false,1,27.90,27.9000,true,1,71046
7290011131975,false,גרנולה בתוספת פירות מיובשים ומסוכרים,ויטליאה ניקולה דו,MK,גרין גרנולה עם פירות מיובשים ומסוכרים 1.1 קג,קילוגרמים,1.00,"ק""ג",false,1,27.90,27.9000,true,1,71047
7290011132019,false,"בירה גולדסטאר בלאק רוסט בקבוק 330 מ""ל",טמפו,IL,"גולדסטאר בלאק רוסט בקבוק 330 מ""ל",מיליליטרים,330.00,"100 מ""ל",false,1,7.90,2.3939,true,1,155266
7290011132507,false,"סודה סן בנדטו מוגז עדין 500מ""ל",פארייפאבה אגרואינדוס,IT,סן בנדטו מוגז 500 מל,מיליליטרים,500.00,"100 מ""ל",false,1,6.00,1.2000,true,1,81882
7290011133498,false,"מכבי שנדי תפוח בקבוק בודד 330 מ""ל","טמפו משקאות בע""מ",IL,"בירה שנדי, בירה בטעם תפוח, בקבוק 330 מ""ל",מיליליטרים,330.00,"100 מ""ל",false,1,6.50,1.9697,true,1,61474
7290011133504,false,"מכבי שנדי אפרסק בקבוק בודד 330 מ""ל",טמפו משקאות בע''מ,IL,"בירה שנדי, בירה בטעם אפרסק, בקבוק 330 מ""ל",מיליליטרים,330.00,"100 מ""ל",false,1,6.50,1.9697,true,1,61475
7290011142704,true,לחם שיפון La Farina,לה פרינה,IL,לחם שיפון La Farina,גרמים,0.00,100 גרם,false,1,21.90,0.0000,true,1,142004
7290011142711,true,לחם שיפון כפרי La Fa,לה פרינה,IL,לחם שיפון כפרי La Farina,לא מנהל יחידת מידה,0.00,לא מנהל יחידת מידה,false,1,21.90,0.0000,true,1,142005
7290011142728,true,לחם שיפון ביתי La Fa,לה פרינה,IL,לחם שיפון ביתי La Farina,Unknown,0.00,Unknown,false,1,21.90,0.0000,true,1,142006
7290011142742,true,לחם שיפון 100% La Fa,לה פרינה,IL,לחם שיפון 100% La Farina,לא מנהל יחידת מידה,0.00,לא מנהל יחידת מידה,false,1,27.90,0.0000,true,1,142008
7290011142759,false,לחם מחמצת (ארוז),לה פרינה,IL,לחם מחמצת (ארוז) לה פרינה,יחידה,1.00,יחידה,false,1,19.90,19.9000,true,1,144156
7290011142773,true,לחם קסטן La Farina,לה פרינה,IL,לחם קסטן La Farina,Unknown,0.00,Unknown,false,1,19.90,0.0000,true,1,142009
7290011142780,true,לחם משפחתי La Farina,לה פרינה,IL,לחם משפחתי La Farina,לא מנהל יחידת מידה,0.00,לא מנהל יחידת מידה,false,1,27.90,0.0000,true,1,142010
7290011148898,false,גבעולי ברוקולי משקל 400 גר,חקלאי,IL,ברוקולי ארוז במגשית,לא מנהל יחידת מידה,0.00,לא מנהל יחידת מידה,false,1,9.90,0.0000,true,1,127823
7290011148911,false,פלפלים מתוקים טינקרב,חקלאי,IL,פלפל טינקרבל יחידה,גרמים,500.00,100 גרם,false,1,9.90,1.9800,true,1,107147
7290011148935,false,מלפפון מיני ארוז,חקלאי,IL,מלפפון טעם ארוז,לא מנהל יחידת מידה,0.00,לא מנהל יחידת מידה,false,1,9.90,0.0000,true,1,107163
7290011153885,false,נייר אכיל ממותג דיסני,גילרוי,,נייר אכיל ממותג .,Unknown,0.00,Unknown,false,1,22.60,0.0000,true,1,38044
7290011154035,false,"תרכיז תפוחים סחוט טעמי הגליל 500 מ""ל",טעמי הגליל,IL,"תרכיז תפוחים סחוט 500 מ""ל טעמי הגליל",מיליליטרים,500.00,"100 מ""ל",false,1,22.90,4.5800,true,1,147101
7290011154080,false,"תרכיז תפוחים צלול טעמי הגליל 500 מ""ל",טעמי הגליל,IL,"תרכיז תפוחים צלול 500 מ""ל טעמי הגליל",מיליליטרים,500.00,"100 מ""ל",false,1,22.90,4.5800,true,1,147100
7290011194246,false,קוטג שטראוס 5% עם סידן 250ג,מיוצר עי קונדיטוריית,IL,קוטג' 5% 250 גרם,גרמים,250.00,100 גרם,false,1,5.90,2.3600,true,1,32203
7290011223021,false,רפידות הנקה על בסיס ג'ל באריזה אישית,קריפורט סחר בינלאומי,CO,פרש וואנס רפידות הנקה אישית על בסיס ג'ל 30 יחידות,Unknown,0.00,Unknown,false,1,20.20,0.0000,true,1,33786
7290011223038,false,עלים לקרמשניט - בונומי 300גרם,בונומי ס.פ.א,IT,עלים לקרמשניט בונומי 300 גרם,גרמים,300.00,100 גרם,false,1,16.90,5.6333,true,1,72065
7290011223045,false,בונומי בישקוטים 200 גרם,בונומי ס.פ.א,IT,בונמי בישקוטים 200 גרם,גרמים,200.00,100 גרם,false,1,7.90,3.9500,true,1,69847
7290011223243,false,"טואלט דאק ג'ל לאסלה בניחוח לבנדר 55 מ""ל","איטיליאן פוד, אס.פי.",IT,ג'ל נוזלי לאסלה בניחוח לבנדר 55 מל,מיליליטרים,55.00,"100 מ""ל",false,1,11.90,21.6364,true,1,33473
7290011235024,false,רוזמרין,חקלאי,IL,רוזמרין,Unknown,0.00,Unknown,false,1,5.90,0.0000,true,1,41265
7290011235055,false,בזיליקום,יבולי הבשור,IL,בזיליקום,לא מנהל יחידת מידה,0.00,לא מנהל יחידת מידה,false,1,5.90,0.0000,true,1,55765
7290011235062,false,עירית,חקלאי,IL,עירית,Unknown,0.00,Unknown,false,1,5.90,0.0000,true,1,120014
7290011235079,false,קורנית (טימין),חקלאי,IL,טימין ורנית,Unknown,0.00,Unknown,false,1,4.90,0.0000,true,1,51656
7290011239213,false,עמוס חטיפים מתוקים מ,ממתקי מחרום,,חטיף מתוק מחרום 100 גר,גרמים,100.00,100 גרם,false,1,5.90,5.9000,true,1,49860
7290011249748,false,רולים גלילי ופל במילוי קרם שוקולד 100 ג' עלמה,"גילרו בע""מ",IL,ופל גלילית שוקולד גילרו 100 גרם,גרמים,100.00,100 גרם,false,1,3.90,3.9000,true,1,101050
7290011249755,false,רולים גלילי ופל במילוי קרם אגוזים 100 ג' עלמה,"גילרו בע""מ",IL,ופלים גלילית אגוזים 100 גרם,גרמים,100.00,100 גרם,false,1,3.90,3.9000,true,1,101049
7290011254001,true,פשתן מיה 450 גרם,מיה,IL,פשתן מיה 450 גרם,גרמים,450.00,100 גרם,false,1,8.90,1.9778,true,1,156768
7290011254018,false,שעועית מש מיה 500 גר',"מיה תעשיות מזון בע""מ",IL,שעועית מש מיה 500 גרם,גרמים,500.00,100 גרם,false,1,9.90,1.9800,true,1,156723
7290011254025,false,מיה דוחון 500 גרם,"מיה תעשיות מזון בע""מ",IL,דוחן מיה 500 גרם,גרמים,500.00,100 גרם,false,1,8.90,1.7800,true,1,156750
7290011254032,false,קינואה מיה 500 גרם,"מיה תעשיות מזון בע""מ",IL,קינואה מיה 500 גרם,גרמים,500.00,100 גרם,false,1,11.90,2.3800,true,1,156732
7290011254049,false,סובין שבולת שועל 400 גר,מיה תעשיות מזון,IL,סובין שבולת שועל מיה 400 גרם,גרמים,400.00,100 גרם,false,1,12.90,3.2250,true,1,156779
7290011254605,true,תערובת קדירה לקט לחמ,מיה,IL,תערובת קדירה לקט לחמין מיה 600 גרם,גרמים,600.00,100 גרם,false,1,12.90,2.1500,true,1,156764
7290011254612,true,תערובת קדירה לקט ברי,מיה,IL,תערובת קדירה לקט בריאות מיה 600 גרם,גרמים,600.00,100 גרם,false,1,12.90,2.1500,true,1,156722
7290011254728,false,ג'לטין טהור 25גרם בקרטונית,"מיה תעשיות מזון בע""מ",IL,גלטין טהור מיה 25 גרם בקרטונית,גרמים,25.00,100 גרם,false,1,11.90,47.6000,true,1,156781
7290011254759,false,שעועית שחורה יבשה מיה 500 גר',"מיה תעשיות מזון בע""מ",IL,שעועית שחורה מיה 500 גרם,גרמים,500.00,100 גרם,false,1,11.90,2.3800,true,1,156740
7290011254766,false,"שעועית לוביה יבשה מיה 400 גר'בד""צ","מיה תעשיות מזון בע""מ",IL,שעועית לוביה מיה 400 גרם,גרמים,400.00,100 גרם,false,1,9.90,2.4750,true,1,156741
7290011254773,false,שעועית ארגנטינאית 500גרם,"מיה תעשיות מזון בע""מ",IL,שעועית ארגנטינאית מיה 500 גרם,גרמים,500.00,100 גרם,false,1,11.90,2.3800,true,1,156751
7290011363178,false,לימוסין בטעם לימון,גלקסמן סמית קליים,,לימוסין בטעם לימון,לא מנהל יחידת מידה,7.50,לא מנהל יחידת מידה,false,1,30.20,4.0267,true,1,38433
7290011378776,false,חלבה חטיף פיסטוק בארכה בקטנה מארז 126ג',רושדי תעשיות מזון בע,IL,בארכה בקטנה מאגדת פיסטוק כלפ.12 7*18גרם,גרמים,120.00,100 גרם,false,1,13.90,11.5833,true,1,88834
7290011435226,false,דבש מפרחי בר לחיץ 650 ג' יד מרדכי,מכוורת יד מרדכי שטרא,IL,דבש לחיץ 650 גרם,גרמים,650.00,100 גרם,false,1,38.90,5.9846,true,1,58084
7290011438142,false,"משקה יטבתה אייס קפה בבקבוק אישי 350 מ""ל",שטראוס גרופ,IL,"אייס קפה 350 מ""ל",מיליליטרים,350.00,"100 מ""ל",false,1,6.50,1.8571,true,1,41209
7290011447281,false,מטרנה פרימיום חלבי שלב 2 700 גרם חיסכון,מטרנה תעשיות ש.מ,IL,מטרנה פרימיום שלב 2 חלבי 700 גרם,גרמים,700.00,100 גרם,false,1,59.90,8.5571,true,1,47049
7290011447373,false,תרכובת מזון המשך לפעוטות מהדרין שלב 2,מטרנה תעשיות ש.מ,IL,"מטרנה מהדרין שלב 700 2 גר """,גרמים,700.00,100 גרם,false,1,59.90,8.5571,true,1,47239
7290011461058,false,גומא - מקלות ריחניים,יושלם,,מפיץ ריח 100מל,מיליליטרים,100.00,"100 מ""ל",false,1,20.00,20.0000,true,1,52414
7290011473006,false,קינואה אורגנית תבואו,ארוז ע' תבואות,BO,תבואות קינואה רויא אורגנית 500 גרם,גרמים,500.00,100 גרם,false,1,18.90,3.7800,true,1,69978
7290011473020,false,קמח תירס אורגני 500 גרם,תבואות,AR,תבואות קמח תירס אורגני 500 גרם,מיליליטרים,500.00,"100 מ""ל",false,1,9.90,1.9800,true,1,121686
7290011473051,false,קוואקר עבה אורגני 500 גר,ארוז ע' תבואות,GB,קוואקר עבה אורגני,גרמים,500.00,100 גרם,false,1,10.90,2.1800,true,1,88182
7290011473068,false,אורז פרא מעורב אורגני 500 גרם,תבואות,IL,תבואות אורז פרא מעורב אורגני 500 גרם,קילוגרמים,0.50,"ק""ג",false,1,18.90,37.8000,true,1,69167
7290011473082,false,אורז בסמטי מלא אורגני 500 גר,תבואות,IN,תבואות אורז בשמתי מלא אורגני 500 גרם,גרמים,500.00,100 גרם,false,1,11.90,2.3800,true,1,96542
7290011473112,true,אורז אדום אורגני 500,תבואות,IT,תבואות אורז אדום מלא אורגני 500 גרם,Unknown,0.00,Unknown,false,1,14.90,0.0000,true,1,71948
7290011473129,true,גרעיני חמניה אורגני,תבואות,CN,תבואות חמניות קלופות אורגניות 300 גרם,Unknown,0.00,Unknown,false,1,10.90,0.0000,true,1,121711
7290011473143,true,קוסקוס אורגני,תבואות,FR,תבואות קוסקוס מלא אורגני 500 גרם,Unknown,0.00,Unknown,false,1,13.90,0.0000,true,1,121713
7290011473181,false,עדשים שחורים אורגני 500 גרם תבאות,ארוז ע' תבואות,CA,עדשים שחורות 500 ג תבואות,גרמים,500.00,100 גרם,false,1,15.90,3.1800,true,1,90970
7290011473198,true,עדשים חומים אורגני,תבואות,TR,תבואות עדש חום אורגני 500 גרם,Unknown,0.00,Unknown,false,1,13.50,0.0000,true,1,121714
7290011473204,false,עדשים ירוקים אורגני 500 גרם,ארוז ע' תבואות,TR,תבואות עדשים ירוקות אורגניות 500 גרם,גרמים,500.00,100 גרם,false,1,15.00,3.0000,true,1,105504
7290011473228,true,אפונה ירוקה אורגנית,תבואות,CA,תבואות אפונה ירוקה אורגנית 500 גרם,Unknown,0.00,Unknown,false,1,10.90,0.0000,true,1,121715
7290011473242,false,פשתן זרעים אורגני 500 גרם,ארוז ע' תבואות,US,תבואות פשתן זרעים אורגני 500 גרם,גרמים,500.00,100 גרם,false,1,10.90,2.1800,true,1,97911
7290011473259,false,פשתן טחון אורגני 350 גר,תבואות,CN,תבואות פשתן טחון אורגני 350 גרם,גרמים,350.00,100 גרם,false,1,10.90,3.1143,true,1,94915
7290011473273,false,בורגול אורגני 500 גרם,תבואות,TR,תבואות בורגול מלא אורגני 500 גרם,לא מנהל יחידת מידה,0.01,לא מנהל יחידת מידה,false,1,8.90,890.0000,true,1,96618
7290011473280,false,חומוס אורגני תבואות,תבואות,IL,"תבואות חומוס אורגני, 500 גרם",גרמים,500.00,100 גרם,false,1,11.90,2.3800,true,1,90842
7290011473297,true,גריסי פנינה אורגני,תבואות,IT,תבואות גריסי פנינה אורגניים 500 גרם,Unknown,0.00,Unknown,false,1,9.90,0.0000,true,1,121716
7290011473310,false,פולי אזוקי אורגני 500 גרם,תבואות,CN,תבואות - אזוקי אורגני,Unknown,0.00,Unknown,false,1,12.90,0.0000,true,1,89682
7290011473327,false,שעועית מש אורגנית 500 גרם,ארוז ע' תבואות,CN,תבואות שעועית מש אורגני,גרמים,500.00,100 גרם,false,1,13.90,2.7800,true,1,109018
7290011473334,true,שעועית לבנה אורגני,תבואות,CN,תבואות שעועית לבנה אורגנית 500 גרם,גרמים,500.00,100 גרם,false,1,11.90,2.3800,true,1,121717
7290011473341,true,שעועית אדומה אורגני,תבואות,CN,תבואות שעועית אדומה אורגנית 500 גרם,Unknown,0.00,Unknown,false,1,13.50,0.0000,true,1,121718
7290011473358,false,שעועית שחורה אורגנית 500 גרם,תבואות,US,תבואות שעועית שחורה אורגנית 500 גרם,קילוגרמים,0.01,"ק""ג",false,1,11.50,1150.0000,true,1,93602
7290011473365,false,תבואות דוחן אורגני,תבואות,US,תבואות דוחן מקולף אורגני 500 גרם,לא מנהל יחידת מידה,0.00,לא מנהל יחידת מידה,false,1,10.90,0.0000,true,1,121690
7290011473389,false,קמח כוסמין לבן אורגני 500 גרם,תבואות מוצרי מזון או,IT,תבואות - קמח כוסמין לבן אורגני,גרמים,500.00,100 גרם,false,1,13.90,2.7800,true,1,72433
7290011473402,false,קמח כוסמין מלא אורגני 500 גרם,תבואות מוצרי מזון או,IT,תבואות - קמח כוסמין מלא אורגני,גרמים,0.00,100 גרם,false,1,11.90,0.0000,true,1,72431
7290011473464,false,סובין שיבולת שועל אורגנית,אורז ע'י,GB,תבואות סובין שיבולת שועל אורגנית 400 גרם,גרמים,400.00,100 גרם,false,1,11.90,2.9750,true,1,53244
7290011473471,false,אורז בסמטי לבן אורגני 500 גרם,תבואות,IN,תבואות - אורז בשמתי לבן אורגני,גרמים,500.00,100 גרם,false,1,11.90,2.3800,true,1,103273
7290011473495,true,שמרי בירה פתיתים 200,תבואות,FR,שמרי בירה-פתיתים טבעי,לא מנהל יחידת מידה,0.00,לא מנהל יחידת מידה,false,1,22.90,0.0000,true,1,121700
7290011473563,true,פולי קקאו שלמים אורג,תבואות,PE,פולי קקאו שלמים אורגני,גרמים,200.00,100 גרם,false,1,28.90,14.4500,true,1,121724
7290011473594,true,תבואות טחינה אורגנית,,IL,תבואות - טחינה אורגנית,לא מנהל יחידת מידה,0.00,לא מנהל יחידת מידה,false,1,28.90,0.0000,true,1,121699
7290011473617,false,טיב הטבע ציה טבעי 300 גרם תבואות,תבואות,MX,תבואות טיב הטבע זרעי צ'ייה 300 גרם,גרמים,300.00,100 גרם,false,1,16.90,5.6333,true,1,121669
7290011473624,true,טחינה מלאה אורגנית 1,,IL,טחינה משומשום מלא אורגני,לא מנהל יחידת מידה,0.00,לא מנהל יחידת מידה,false,1,28.90,0.0000,true,1,121698
7290011473648,false,"סוכר דמררה אורגני 1 ק""ג",תבואות,BR,תבואות סוכר דמררה אורגני 1 קג,קילוגרמים,1.00,"ק""ג",false,1,12.90,12.9000,true,1,53289
7290011473655,false,"סוכר קנים אורגני 1 ק""ג",ארוז ע' תבואות,BR,סוכר קנים אורגני,קילוגרמים,1.00,"ק""ג",false,1,9.90,9.9000,true,1,53228
7290011473662,true,קשיו אורגני,תבואות,,תבואות אגוזי קשיו אורגניים 150 גרם,Unknown,0.00,Unknown,false,1,21.90,0.0000,true,1,121751
7290011473686,true,אורז עגול אורגני 1 ק,תבואות,IT,אורז עגול מלא אורגני,Unknown,0.00,Unknown,false,1,17.90,0.0000,true,1,121726
7290011473730,false,"אורז פרא מעורב טבעי 1 ק""ג תבואות",אינפוסה רובי,IL,אורז פרא מעורב טבעי,לא מנהל יחידת מידה,0.01,לא מנהל יחידת מידה,false,1,16.90,1690.0000,true,1,95230
7290011473754,false,תאנים מיובשות אורגני,נימקס איזמיר,TR,תבואות תאנים אורגניות 250 גרם,Unknown,0.00,Unknown,false,1,17.90,0.0000,true,1,74693
7290011473761,true,צימוקים אורגני,תבואות,US,תבואות צימוקים אורגנים 250 גרם,Unknown,0.00,Unknown,false,1,17.90,0.0000,true,1,74691
7290011473778,false,משמש מיובש אורגני 25,נימקס איזמיר,TR,תבואות משמש אורגני 250 גרם,Unknown,0.00,Unknown,false,1,19.90,0.0000,true,1,74692
7290011473860,false,שמרי בירה-אבקה טבעי 250 גר,תבואות,FR,תבואות אבקת שמרי בירה 250 גרם,Unknown,0.00,Unknown,false,1,22.90,0.0000,true,1,72456
7290011473877,false,קינואה אדומה אורגנית 500 גרם,תבואות,BO,תבואות קינואה אדומה אורגנית 500 גרם,קילוגרמים,0.50,"ק""ג",false,1,20.90,41.8000,true,1,67197
7290011473891,false,עדשים צהובים אורגני 500 גרם,תבואות,TR,עדשים צהובים 500 גר תבואות,גרמים,500.00,100 גרם,false,1,13.50,2.7000,true,1,93555
7290011473907,false,סובין חיטה טבעי 200 גרם,תבואות,IL,תבואות - סובין חיטה טבעי,גרמים,200.00,100 גרם,false,1,6.90,3.4500,true,1,53665
7290011473921,false,סובין שיבולת שועל טבעי 500 גרם,תבואות,,סובין שיבולת שועל טבעי,גרמים,500.00,100 גרם,false,1,13.90,2.7800,true,1,71481
7290011473952,false,קוואקר מהיר הכנה טבעי 400 גר,ארוז ע' תבואות,GB,"שבולת שועל דקה-מהיר הכנה, 400 גרם",גרמים,400.00,100 גרם,false,1,6.90,1.7250,true,1,53239
7290011473969,false,קינואה טריו אורגנית 500 גרם,תבואות,BO,קינואה טריו אורגנית,גרמים,500.00,100 גרם,false,1,20.90,4.1800,true,1,69979
7290011473983,true,תערובת קטניות לקדרה,תבואות,IL,תבואות - קדרה אורגנית,Unknown,0.00,Unknown,false,1,15.90,0.0000,true,1,121728
7290011474102,false,תערובת קטניות אורגנית למרק 500 גרם,גולי בגמברו,IL,תבואות תערובת קטניות אורגניות למרק 500 גרם,גרמים,500.00,100 גרם,false,1,16.90,3.3800,true,1,90259
7290011474126,false,שמן קוקוס כתית אורגני 950 גרם,אדמג'י לוקמנג'י,,"שמן קוקוס תבואות 950 מ""ל",מיליליטרים,950.00,"100 מ""ל",false,1,39.90,4.2000,true,1,146913
7290011474133,true,מגדרה אורגנית,תבואות,IN,תבואות מג'דרה אורגנית 500 גרם,Unknown,0.00,Unknown,false,1,16.90,0.0000,true,1,121752
7290011474324,true,חמוציות אורגניות,תבואות,CA,תבואות חמוציות אורגני 170 גרם,לא מנהל יחידת מידה,0.00,לא מנהל יחידת מידה,false,1,23.90,0.0000,true,1,88181
7290011474362,false,קמח עדשים אורגני 500 גרם תבואות,תבואות,TR,"תבואות קמח עדשים אורגני, 500 גרם",גרמים,500.00,100 גרם,false,1,15.90,3.1800,true,1,100478
7290011474430,true,אורז בסמטי מלא,תבואות,IN,אורז בסמטי מלא,קילוגרמים,1.00,"ק""ג",false,1,19.90,19.9000,true,1,121729
7290011474447,false,קוואקר עבה טבעי 500 גרם תבאות,תבואות,,תבואות קוואקר עבה טבעי 400 גרם,גרמים,400.00,100 גרם,false,1,6.90,1.7250,true,1,85962
7290011474454,false,שעועית MIX אורגני 500 גרם תבואות,תבואות,IL,תבואות מיקס שעועית אורגני 500 גרם,גרמים,500.00,100 גרם,false,1,14.90,2.9800,true,1,91589
7290011474478,false,גרעיני ציה אורגניים 300 גרם,תבואות,MX,גרעיני ציה אורגני 300 גרם,גרמים,350.00,100 גרם,false,1,21.90,6.2571,true,1,86468
7290011474577,true,פולי קקאו גרוס נא,תבואות,PE,פולי קקאו גרוס נא,גרמים,200.00,100 גרם,false,1,29.90,14.9500,true,1,121697
7290011474676,false,קדרה אפריקאית אורגנית 500 גרם תבואות,תבואות,IL,תבואות קדרה אפריקאית אורגנית 500 גרם,קילוגרמים,0.01,"ק""ג",false,1,15.90,1590.0000,true,1,108409
7290011474683,true,מגדרה קינואה אורגנית,תבואות,BO,תבואות - מג'דרה קינואה אורגנית,לא מנהל יחידת מידה,0.00,לא מנהל יחידת מידה,false,1,20.90,0.0000,true,1,121682
7290011474720,true,אורז בסמטי לבן 1 קג,תבואות,IN,אורז בסמטי לבן 1 קג,קילוגרמים,1.00,"ק""ג",false,1,19.90,19.9000,true,1,121736
7290011474843,true,תבואות גוגי ברי 200,תבואות,CN,תבואות ג'וגי ברי 200 גרם,לא מנהל יחידת מידה,0.00,לא מנהל יחידת מידה,false,1,23.90,0.0000,true,1,121685
7290011474898,false,סוכר קוקוס אורגני 300 גרם תבואות,תבואות,,תבואות סוכר קוקוס אורגני 300 גרם,גרמים,500.00,100 גרם,false,1,18.90,3.7800,true,1,102828
7290011474997,true,ערמונים אורגנים,טאנגשאן שאנגלי פודסט,CN,ערמונים אורגנים,לא מנהל יחידת מידה,0.00,לא מנהל יחידת מידה,false,1,5.90,0.0000,true,1,121703
7290011498092,false,מרציפן נטו כיכר 200,"אלמנדוס בע""מ",IL,מרציפן נטו 200 גרם,גרמים,200.00,100 גרם,false,1,23.90,11.9500,true,1,153976
7290011498177,true,ממרח שקד לבן 700,שקד תבור,IL,ממרח שקד לבן 700 גרם שקד תבור,גרמים,700.00,100 גרם,false,1,59.90,8.5571,true,1,123135
7290011498283,true,חמאת בוטנים אגוזי אד,אלמנדוס בעמ,IL,אגוזי אדמה,Unknown,0.00,Unknown,false,1,25.90,0.0000,true,1,123137
7290011498351,true,ממרח אגוז אילסר 195,יבואן ומשווק: ש. שסט,IL,חמאת לוז 200 גרם,Unknown,0.00,Unknown,false,1,23.90,0.0000,true,1,123125
7290011498368,true,ממרח אלת הבטנה שקד ת,יבואן ומשווק: ש. שסט,IL,ממרח אלת הבטנה שקד תבור 195,גרמים,195.00,100 גרם,false,1,39.90,20.4615,true,1,123126
7290011498412,true,חמאת קקאו 200,פוקה,PE,שקד תבור חמאת קקאו 200 גרם,Unknown,0.00,Unknown,false,1,23.90,0.0000,true,1,123104
7290011498436,true,פולי קקאו גרוסים 250,פוקה,PE,שקד תבור פולי קקאו גרוסים 250 גרם,גרמים,250.00,100 גרם,false,1,25.90,10.3600,true,1,123128
7290011498498,true,סירופ אגבה לחיץ 500,שקד תבור,MX,סירופ אגבה לחיץ 500 גרם,גרמים,500.00,100 גרם,false,1,23.90,4.7800,true,1,123139
7290011498504,true,ממרח חלבה עשיר 350,שקד תבור,IL,ממרח חלבה עשיר 350,גרמים,350.00,100 גרם,false,1,13.90,3.9714,true,1,123129
7290011498511,true,ממרח חלבה מלאה תבור,"אלמנדוס בע""מ",IL,שקד תבור ממרחב חלבה מלאה 350 גרם,גרמים,350.00,100 גרם,false,1,13.90,3.9714,true,1,123108
7290011498573,true,שוקולד 61% ללא סוכר,שקד תבור,ES,שוקולד 61% ללא סוכר ציפס 200,Unknown,0.00,Unknown,false,1,22.90,0.0000,true,1,123109
7290011498740,false,ממרח שקד מלא כבישה ק,"אלמונדס בע""מ",IL,שקד תבור ממרח שקד מלא 300 גרם,גרמים,300.00,100 גרם,false,1,29.90,9.9667,true,1,99619
7290011498801,false,מרציפן פרימיום 65% 200 גרם,"אלמנדוס בע""מ",IL,מרציפן פרימיום 65% 200 גרם,גרמים,200.00,100 גרם,false,1,23.90,11.9500,true,1,153975
7290011498870,false,חטיף תמרים במילוי חמאת שקדים 150 גרם,"אלמנדוס בע""מ",IL,מארז חטיפי תמר במילוי חמאת שקדים 150 גרם,גרמים,150.00,100 גרם,false,1,16.90,11.2667,true,1,153979
7290011498887,false,חטיף תמרים במילוי חמאת קוקוס 150 גרם,"אלמנדוס בע""מ",IL,מארז חטיפי תמר במילוי חמאת קוקוס 150 גרם,גרמים,150.00,100 גרם,false,1,16.90,11.2667,true,1,153980
7290011498900,false,חטיף תמר במילוי חמאת שקד מצופה 150 גרם,"אלמנדוס בע""מ",IL,מארז חטיפי תמר מילוי חמ.שקד צ. שוקולד 10,גרמים,150.00,100 גרם,false,1,16.90,11.2667,true,1,153981
7290011498948,false,חטיף תמרים בציפוי שוקולד 150 גרם,"אלמנדוס בע""מ",IL,מארז חטיפי תמר מצופה שוקולד 100% קקאו 15,גרמים,150.00,100 גרם,false,1,16.90,11.2667,true,1,153982
7290011498955,true,חמאת בוטנים אגוזי אד,"אלמונדס בע""מ",IL,חמאת בוטנים אגוזי אדמה 300 שקד תבור,גרמים,300.00,100 גרם,false,1,12.90,4.3000,true,1,123122
7290011498962,false,ממרח שקד לבן כבישה ק,"אלמונדס בע""מ",IL,ממרח שקד לבן תבור 300,גרמים,300.00,100 גרם,false,1,29.90,9.9667,true,1,99621
7290011498979,true,ממרח שקד לבן בתוספת,שקד תבור,IL,ממרח שקד לבן בתוספת סיבים תבור 300,גרמים,300.00,100 גרם,false,1,29.90,9.9667,true,1,123142
7290011498993,true,ממרח קשיו לבן 300,שקד תבור,IL,ממרח קשיו לבן 300 שקד תבור,גרמים,300.00,100 גרם,false,1,31.90,10.6333,true,1,123143
7290011499051,false,פטה כבשים מסורתית 20% בגביע 250 גרם - רובין,MKN עבור מחלבות גד ב,IL,פטה כבשים גבינה מלוחה במי מלח,גרמים,250.00,100 גרם,false,1,28.90,11.5600,true,1,36940
7290011499112,false,בולגרית מסורתית 16% 250 גרם - רבנות,"מיוצר ע""י dsh",IL,בולגריות מיוצרת בשיטה מסורתית 16% 250 גרם,גרמים,250.00,100 גרם,false,1,26.90,10.7600,true,1,39847
7290011499129,false,בולגרית מעודנת קוביות קטנות 5% 200 גרם - רבנות,קוד יצרן DSH,IL,קוביות בולגרית מעודנת,גרמים,200.00,100 גרם,false,1,23.90,11.9500,true,1,40459
7290011499303,false,פטה עיזים מעודנת 5% בגביע 250 גרם - רבנות,ג'נרל מילס סאן אדריא,IL,גד בולגרית עיזים מעודנת 5% שומן,גרמים,250.00,100 גרם,false,1,31.90,12.7600,true,1,48336
7290011499327,false,גבינה בולגרית מעודנת 5% 250 גרם - רבנות,מיוצר על ידי DSH עבו,IL,גד גבינת בולגרית מעודנת מחלב בקר במי מלח 5% שומן,גרמים,250.00,100 גרם,false,1,26.90,10.7600,true,1,48338
7290011499341,false,קשקבל בוואקום 26% 200 גרם - רבנות,הנסיך- מפעל לייצור ט,IL,גבינת קאשקבל 200 גרם,גרמים,200.00,100 גרם,false,1,28.90,14.4500,true,1,48868
7290011499365,false,גד חלומי 24% 200 גרם רובין,"מחלבות גד בע""מ",IL,גד גבינת חלומי קשה מחלב בקר 24% שומן 200 גרם,גרמים,200.00,100 גרם,false,1,22.90,11.4500,true,1,48870
7290011499419,false,גבינה במרקם שמנת בטעם טבעי 5% ניו יורק,מחלבות גד,IL,גד מרקם שמנת ניו יורק 5% 200 גרם,גרמים,200.00,100 גרם,false,1,12.90,6.4500,true,1,54714
7290011499525,false,גד לאבנה דרוזית 9% 500 ג',מחלבות גד בעמ,IL,גבינת לאבנה דרוזית מחלב בקר 9% 500 גרם,גרמים,500.00,100 גרם,false,1,21.90,4.3800,true,1,58164
7290011499624,false,שמנת 30% ניו יורק טבעי 200 גרם רבנות,מחלבות גד,IL,"גד, גבינת שמנת בטעם טבעי 30% , 200 גרם",גרמים,200.00,100 גרם,false,1,13.90,6.9500,true,1,65793
7290011499846,false,גבינת ריקוטה פרסקה 9% 300 ג' גד,מחלבות גד בעמ,IL,גבינת ריקוטה פרסקה 9% 300 גרם גד,גרמים,300.00,100 גרם,false,1,18.90,6.3000,true,1,82198
7290011499853,false,גבינת שמנת עם זיתים 30% ניו יורק,מחלבות גד (שיווק 199,IL,גד ניו יורק גבינת שמנת זיתים 30% 200 גרם,גרמים,200.00,100 גרם,false,1,13.90,6.9500,true,1,74657
7290011505417,true,נובי כוס אימון עם פי,מולינו ניקולי s.p.a,CN,נובי כוס אימון עם פיה רכה,לא מנהל יחידת מידה,0.00,לא מנהל יחידת מידה,false,1,27.90,0.0000,true,1,121431
7290011505493,false,כפות מהודר עבה במיוח,F.T.I,,כפות מהודר עבה במיוחד 50 יחידות,לא מנהל יחידת מידה,0.00,לא מנהל יחידת מידה,false,1,11.90,0.0000,true,1,122665
7290011505509,false,מזלגות מהודר עבה במי,F.T.I,,מזלגות מהודר עבה במיוחד 50 יחידות,לא מנהל יחידת מידה,0.00,לא מנהל יחידת מידה,false,1,11.90,0.0000,true,1,122317
7290011505516,false,סכין מהודר עבה במיוחד 50 יחידות הוסטס,הוסטס Hostess,,סכינים מהודר עבה במיוחד 50 יחידות,לא מנהל יחידת מידה,0.00,לא מנהל יחידת מידה,false,1,11.90,0.0000,true,1,122401
7290011505776,true,שפודי במבוק 75 יח,הדקלאים אגודת שיתופי,CN,שיפודי במבוק 75 יחידות,לא מנהל יחידת מידה,0.00,לא מנהל יחידת מידה,false,1,3.90,0.0000,true,1,120352
7290011515683,false,מעדן קפוא אקסטרים Extreme בטעם וניל - 6 יח',תות תעשיות מזון (201,IL,אקסטרים טילון וניל בדצ מאח.5 6*72גרם,גרמים,432.00,100 גרם,false,1,32.90,7.6157,true,1,41075
7290011515911,false,שלגונים מופחתי קלוריות בטעם ריבת חלב - 6 יח',גלידות נסטלה (נגה גל,IL,נסטלה שלג.לייט ריבת חלב בדצ מאח.6 6*52ג,גרמים,312.00,100 גרם,false,1,27.90,8.9423,true,1,53452
7290011530358,false,שייק איט 450 גרם friday מיקס פירות קפוא,"הבו-קדו בע""מ",IL,שייק איט (3*150 ג') - כתום - Friday,גרמים,150.00,100 גרם,false,1,29.90,19.9333,true,1,148464
7290011530525,false,מיקס פירות קפואים שייק איט צהוב - 3*150 ג',"הבו-קדו בע""מ",IL,שייק איט (3*150 ג')- צהוב - Tuesday,גרמים,450.00,100 גרם,false,1,29.90,6.6444,true,1,147112
7290011530549,false,מיקס פירות קפואים שייק איט ורוד - 3*150 ג',"הבו-קדו בע""מ",IL,שייק איט (3*150 ג') - ורוד - Sunday,גרמים,450.00,100 גרם,false,1,29.90,6.6444,true,1,147108
7290011570644,true,קמח כרגיל ללחם 500 ג,קרלו,IL,קמח כרגיל ללחם 500 ג,Unknown,0.00,Unknown,false,1,17.90,0.0000,true,1,131889
7290011570781,true,קמח כרגיל בטעם וניל,קרלו,IL,קמח כרגיל בטעם וניל,Unknown,0.00,Unknown,false,1,17.90,0.0000,true,1,131890
7290011570798,true,קמח כרגיל בטעם שוקול,קרלו,IL,קמח כרגיל בטעם שוקול,גרמים,450.00,100 גרם,false,1,17.90,3.9778,true,1,131891
7290011575007,false,"הפי מרסס שומר ברק למקלחון 750 מ""ל",יעקובי הפי,DE,הפי מרסס למקלחון 750 מל,מיליליטרים,750.00,"100 מ""ל",false,1,15.90,2.1200,true,1,39876
7290011575526,false,מטלית מיקרופייבר לרצ,סי.פי.קנג,,מטלית מיקרופייבר לניקוי רצפות,לא מנהל יחידת מידה,0.00,לא מנהל יחידת מידה,false,1,12.70,0.0000,true,1,49111
7290011575755,true,סופר גלו גל 3 גרם,,,סופר גלו גל 3 גרם,Unknown,0.00,Unknown,false,1,12.90,0.0000,true,1,131892
7290011575809,false,הפי נוצץ ספריי הגרטי- מבריק כלי כסף,יעקובי הפי,NL,יעקבי הפי ספריי לניקוי כלי כסף 200 מל,מיליליטרים,200.00,"100 מ""ל",false,1,28.20,14.1000,true,1,54504
7290011587079,true,חרדל דיזון גרגירים 3,,,חרדל דיזון גרגירים 3,לא מנהל יחידת מידה,0.00,לא מנהל יחידת מידה,false,1,9.90,0.0000,true,1,127506
7290011587598,false,שימורי אנשובי בפח 45 ג' תומר,אינוורסיונס פריסקו,IL,אנשובי פחיות 46 גרם,גרמים,46.00,100 גרם,false,1,6.90,15.0000,true,1,109033
7290011587833,false,חצאי עגבניות מיובשות מתובלות בשמן חמניות ועשבי תיבול,יושלם,,עגבניות מיובשות בשמן 340 גרם,גרמים,340.00,100 גרם,false,1,11.90,3.5000,true,1,103694
7290011593087,false,"שמן זית כתית מעולה 750 מ""ל סבא חביב",סאן אויל עיבוד ושיוו,IL,"שמן זית כתית מעולה סבא חביב 750 מ""ל",מיליליטרים,750.00,"100 מ""ל",false,1,29.90,3.9867,true,1,82410
7290011598211,false,"סנו - אנטי קאלק מרסס ניקוי כללי 4 ב-1 700 מ""ל",מיוצר עי קונדיטוריית,IL,אנטי קאלק מרסס כללי רב שימושי 4 ב 1 700 מל,מיליליטרים,700.00,"100 מ""ל",false,1,19.90,2.8429,true,1,45724
7290011598372,false,מטלית מיקרופייבר פרופשיונל לרצפה סנו סושי,סנו מפעלי ברונוס.,CN,מטלית רצפה מיקרופייבר,Unknown,0.00,Unknown,false,1,12.90,0.0000,true,1,42144
7290011598402,false,סנו מקסימה מרכך כביסה וויט מילק 4 ליטר,סנו מקסימה,IL,"מרכך כביסה מקסימה מסק 4 ל """,ליטרים,4.00,ליטר,false,1,22.90,5.7250,true,1,40389
7290011607180,false,"אבקת כביסה קולון 101 1.25 ק""ג",ריקט בנקיזר ( ניר אי,IL,"אבקת כביסה קולון 1.25 ק""ג",קילוגרמים,1.25,"ק""ג",false,1,13.90,11.1200,true,1,39010
7290011607197,false,"אבקת כביסה קולון 101 5 ק""ג",רקיט בנקיזר,IL,"אבקת כביסה קולון 101 5 ק""ג",קילוגרמים,5.00,"ק""ג",false,1,34.90,6.9800,true,1,39011
7290011615260,false,"טורטייה 20 ס""מ קוטר וילי פוד 540 גר",מוטלוקל גידה סאנאי ט,TR,ויליפוד עלי טורטיה 540 ג 12 יחידות,גרמים,540.00,100 גרם,false,1,11.90,2.2037,true,1,56473
7290011615277,false,"עלי טורטיוה קמח חיטה 25ס""מ 12יח' ויליפוד 840 ג'",מוטלוקל גידה סאנאי ט,TR,"ויליפוד עלי טורטיה 840 גרם, 12 יחידות",גרמים,840.00,100 גרם,false,1,18.90,2.2500,true,1,121238
7290011618636,false,רייד דוחה יתושים נוז,ג'נרל מילס סאן אדריא,CN,רייד דוחה יתושים נוזל מילוי,Unknown,0.00,Unknown,false,1,19.90,0.0000,true,1,99255
7290011622428,false,כתמטמינים-חטיף בריאות לתינוקות וילדים 45 ג',מיוצר עבור גולדן האר,IL,"כתמטמינים, חטיף אצבעות בוטנים ותירס, 45 גרם",גרמים,45.00,100 גרם,false,1,5.90,13.1111,true,1,78432
7290011622664,false,כתמטמינים - חטיף אצבעות טחינה אורז ותירס 45 גרם,אלס נוטרישן,IL,כתמטמינים טחינה 45 גרם,גרמים,45.00,100 גרם,false,1,5.90,13.1111,true,1,121474
7290011723200,false,טחינה הר ברכה 100% שומשום טהור 500 גר,טחינה הר ברכה בעמ,IL,טחינת הר ברכה 500גרם,גרמים,500.00,100 גרם,false,1,18.90,3.7800,true,1,96560
7290011728335,false,סלסה פלפל אדום וצ`יפוטלה 330 גרם,,IL,טרס פסוס סלסה פלפל אדום וצפטולה 330גרם,גרמים,330.00,100 גרם,false,1,24.90,7.5455,true,1,150068
7290011728724,false,סלסה עגבניות חרוכות 200 גרם,,IL,טרס פסוס סלסה עגבניות חתוכות חרוכות 200ג,גרמים,200.00,100 גרם,false,1,19.90,9.9500,true,1,150069
7290011728762,false,פלפל ציפטולה יבש שלם,,,פלפל ארבול שלם מיובש 40גרם,גרמים,40.00,100 גרם,false,1,11.90,29.7500,true,1,150064
7290011728915,false,קמח תירס מינסה ללג ו,טרס פזוס,IL,קמח תירס מינסה ללג וללס 400 גרם,גרמים,400.00,100 גרם,false,1,15.90,3.9750,true,1,147317
7290011743833,false,"משחת שיניים סנסודיין פרונאמל 75 מ""ל",גלקסו סמית קליין,GB,סנסודיין משחת שיניים עם פלואוריד מנטה 75 מל,מיליליטרים,75.00,"100 מ""ל",false,1,21.90,29.2000,true,1,46462
7290011765316,false,אורביטול מברשות שיניים ילדים+שעון,החברה הדרומית,CN,מברשת שיניים אורביטול+שעון,Unknown,0.00,Unknown,false,1,16.90,0.0000,true,1,71428
7290011765392,false,שמפו בוב ספוג לסירוק קל מכיל רוזמרין,טרופיקל דגיל תעשיות,IL,בוב ספוג שמפו 750 מ''ל,מיליליטרים,750.00,"100 מ""ל",false,1,12.90,1.7200,true,1,42649
7290011765408,false,שמפו + מרכך בוב ספוג לסירוק קל מכיל רוזמרין,קוסמופארם בע''מ,IL,כיף שמפו עם מרכך בוב ספוג 750,מיליליטרים,750.00,"100 מ""ל",false,1,16.90,2.2533,true,1,42650
7290011765415,false,"כיף - בוב ספוג מרכך שיער 750 מ""ל",קוסמופארם,IL,כיף מרכך לילדים בוב ספוג750 מל,מיליליטרים,750.00,"100 מ""ל",false,1,16.90,2.2533,true,1,42651
7290011765422,false,אל סבון מועשר בלחות ותמצית קמומיל - בוב ספוג,קוסמופארם בע''מ,IL,בוב אלסבון קמומיל 750 מ''ל,מיליליטרים,750.00,"100 מ""ל",false,1,16.90,2.2533,true,1,42652
7290011765453,false,מברשת שיניים אורביטו,z.h. plastic,CN,מברשת שיניים אורביטול בוב ספוג,Unknown,0.00,Unknown,false,1,16.90,0.0000,true,1,71413
7290011778118,false,ביצים ארוזות12 יח,יושלם,,ביצים ארוזות12 יח L,Unknown,0.00,Unknown,false,1,12.05,0.0000,true,1,52811
7290011800840,false,טחינה בלאדי רפי כהן 400 ג' צבר,רפי כהן / צבר,IL,טחינה לבנה 400 גרם,גרמים,400.00,100 גרם,false,1,17.90,4.4750,true,1,58094
7290011830007,false,סוכר קנים אורגני חום 1 קג,השדה מוצרים אורגניים,IN,"סוכר חום אורגני 1 ק""ג השדה",קילוגרמים,1.00,"ק""ג",false,1,16.90,16.9000,true,1,41927
7290011830236,true,בייגלה מקמח כוסמין+מ,מאיר בייגל,IL,בייגלה כוסמין אורגני עם שומשום ומלח,גרמים,200.00,100 גרם,false,1,18.90,9.4500,true,1,79988
7290011830564,false,ביסקוויט פתי בר כוסמין אורגני,השדה מוצרים אורגניים,IL,פתיבר כוסמין אורגני 200 גרם השדה,גרמים,200.00,100 גרם,false,1,12.90,6.4500,true,1,115354
7290011830830,false,חטיף ציקי מאנקי אורגני 20 גר השדה,כפרי בריא,IL,צ'יקי מאנקי חטיף בוטנים אורגני,גרמים,20.00,100 גרם,false,1,3.30,16.5000,true,1,79993
7290011830991,true,חטיף ציקי מאנקי 60 ג,כפרי בריא,IL,צ'יקי מאנקי 60 גרם,גרמים,60.00,100 גרם,false,1,6.90,11.5000,true,1,79992
7290011870225,false,סוללות פוג'יקום AAA רביעייה,פוג'יקום,,סוללות פוזיקום 4AAA,יחידה,1.00,יחידה,false,1,9.90,9.9000,true,1,115916
7290011870249,false,סוללות פוזיקום 12AAA,פוג'יקום,,סוללות פוזיקום 12AAA,לא מנהל יחידת מידה,0.00,לא מנהל יחידת מידה,false,1,19.90,0.0000,true,1,115929
7290011870256,false,AA סוללות פוגיקום 4 יחידות,פוג'יקום,,מארז 4 פוגיקום AA,יחידה,1.00,יחידה,false,1,9.90,9.9000,true,1,115915
7290011870270,false,פוג'יקום סוללות מארז 12 יח' AA,פוג'יקום,,סוללות פוזיקום 12AA,לא מנהל יחידת מידה,0.00,לא מנהל יחידת מידה,false,1,19.90,0.0000,true,1,115930
7290011870720,false,סוללות פוזיקום D,פוג'יקום,,סוללות פוזיקום D,יחידה,1.00,יחידה,false,1,23.90,23.9000,true,1,66810
7290011870737,false,סוללות פוזיקום C,פוג'יקום,,סוללות פוזיקום C,יחידה,1.00,יחידה,false,1,21.90,21.9000,true,1,115925
7290011870744,false,סוללות פוזיקום 9V,פוג'יקום,,סוללות פוזיקום 9V,יחידה,1.00,יחידה,false,1,19.90,19.9000,true,1,66811
7290011876494,false,שניצל עוף תירס 750 ג' מאמא עוף,תנובה גליל,IL,שניצל עוף תירס,גרמים,750.00,100 גרם,false,1,39.90,5.3200,true,1,41901
7290011877088,false,"רדיד אלומיניום רוחב 30 ס""מ, 18 מיקרון - מארז זוג",בורסה פאזרי,TR,רדיד אלומיניום סנו זוג 18*45,מטרים,1500.00,מטר,false,1,18.70,0.0125,true,1,46136
7290011877095,false,"סנו סושי צמד רדידי אלומיניום רחב 45 ס""מ",בורסה פאזרי,TR,רדיד אלומיניום זוג15מ רוחב45סמ,מטרים,1500.00,מטר,false,1,25.60,0.0171,true,1,46223
7290011877835,false,סנו סושי אריזות ואקום לאחסון 2 יח XXL,מיוצר עי קונדיטוריית,TR,"אריזות ואקום לאחסון 2 יח """,Unknown,0.00,Unknown,false,1,25.90,0.0000,true,1,73239
7290011877859,false,סנו אינסטלטור חדש פותח סתימות 200ג',מיוצר עי קונדיטוריית,IL,"פותח סתימות אינסטלטור 200 גר """,גרמים,200.00,100 גרם,false,1,14.90,7.4500,true,1,48969
7290011877866,false,אבקת כביסה סנו מקסימה בניחוח Musk,"איי, בי, אינבוו",IL,"אבק.כביסה מקסימה מאסק 6 ק""ג",קילוגרמים,6.00,"ק""ג",false,1,49.90,8.3167,true,1,48749
7290011923266,false,סלק אדום אורגני 225,ליב,LT,סלק אדום אורגני מקולף ומבושל,גרמים,225.00,100 גרם,false,1,10.90,4.8444,true,1,145974
7290011923273,false,טופו אורגני 300 גרם ליב,א.י.ן תעשיות מזון בע,IL,ליב טופו אורגני 300 גרם,גרמים,300.00,100 גרם,false,1,13.50,4.5000,true,1,66759
7290011923303,false,טופו טבעי 300גרם ליב,א.י.ן תעשיות מזון בע,IL,ליב טופו בטעם טבעי 300 גרם,גרמים,300.00,100 גרם,false,1,13.90,4.6333,true,1,108244
7290011931162,false,סוכרלייט ממתיק נוזלי על בסיס סוכרלוז,אף.סי תבליני בגליל ב,IL,ממתיק נוזלי על בסיס סוכרלוז,מיליליטרים,220.00,"100 מ""ל",false,1,32.90,14.9545,true,1,46591
7290011947309,false,זיתים מצוננים סורי מבוקע ולימון כבוש זיתא 230 ג',זיתא – י.ט.ב תעשיות,IL,זית ירוק עם לימון כבוש זיתא 230 גרם,גרמים,230.00,100 גרם,false,1,13.90,6.0435,true,1,96975
7290011947316,false,זיתא זיתי קלמטה בשמן זית כתית מעולה 215ג,זיתא - י.ט.ב תעשיות,IL,זית קלמטה בשמן זית כתית מעולה,גרמים,217.00,100 גרם,false,1,13.90,6.4055,true,1,100782
7290011947781,false,מיקס זית ירוק וזית קלמטה ללא גלעין עם שמן זית 190 ג',זיתא - י.ט.ב תעשיות,IL,זית ירוק קלמטה ללא גלעין מיקס זיתא190גרם,גרמים,190.00,100 גרם,false,1,13.90,7.3158,true,1,147939
7290011947798,false,זית קלמטה ללא גלעין עם שמן זית כתית 190 ג',זיתא - י.ט.ב תעשיות,IL,זית קלמטה ללא גלעין זיתא 190 גרם,גרמים,190.00,100 גרם,false,1,13.90,7.3158,true,1,147938
7290011947804,false,זית זיתא ירוק מגולען,זיתא - י.ט.ב תעשיות,IL,זית ירוק ללא גלעין זיתא 190 גרם,גרמים,190.00,100 גרם,false,1,13.90,7.3158,true,1,147937
7290011947835,false,שמן זית זיתא טעם פטר,סטאר סנקס,IL,זיתא שמן כתית מעולה כמהין,גרמים,240.00,100 גרם,false,1,20.90,8.7083,true,1,150527
7290011947866,false,מיקס זיתים בפח זיתא 440גר,זיתא - י.ט.ב תעשיות,GR,מיקס זיתים בפח,גרמים,440.00,100 גרם,false,1,15.90,3.6136,true,1,149921
7290011947873,false,זית קלמטה בפח זיתא 250 ג',זיתא - י.ט.ב תעשיות,GR,זיתי קלמטה בפח,גרמים,440.00,100 גרם,false,1,15.90,3.6136,true,1,149922
7290011947903,false,מיקס זיתים יווני זיתא 215 ג',זיתא - י.ט.ב תעשיות,IL,זיתים מיקס יווני זיתא 215 גרם,גרמים,215.00,100 גרם,false,1,13.90,6.4651,true,1,150053
7290011947996,false,זית סורי שחור סורי מ,זיתא - י.ט.ב תעשיות,IL,זית סורי שחור סורי מרינד זיתא 215 גרם,גרמים,215.00,100 גרם,false,1,13.90,6.4651,true,1,153926
7290011964344,false,תבלין שום גבישי 120 ג',"תבליני טעם וריח בע""מ",IL,תבליני טעם וריח מיכל שום גבישי 120 גרם,גרמים,120.00,100 גרם,false,1,9.90,8.2500,true,1,47465
7290011964542,false,תבלין פפריקה מתוקה 400ג',"תבליני טעם וריח בע""מ",IL,"פפריקה מתוקה 400 גר """,גרמים,400.00,100 גרם,false,1,23.90,5.9750,true,1,54558
7290011964658,false,מלח לימון מיכל פלסטי,"תבליני טעם וריח בע""מ",IL,תבליני טעם וריח מלח לימון 100% 170 גרם,גרמים,170.00,100 גרם,false,1,9.90,5.8235,true,1,56044
7290011964689,false,תבלין תיבול על האש ללא מונוס' 100ג',"תבליני טעם וריח בע""מ",IL,"תבליני טעם וריח תערובת תיבול על האש, 100 גרם",Unknown,0.00,Unknown,false,1,9.90,0.0000,true,1,66240
7290011964702,false,תבלין תיבול לשווארמה ללא מונוסו' 100ג',"תבליני טעם וריח בע""מ",IL,"תבליני טעם וריח תערובת תיבול לשווארמה, 100 גרם",גרמים,110.00,100 גרם,false,1,9.90,9.0000,true,1,66242
7290011996000,false,טעם אסיה אטריות עגבניות 454 ג',פוקולוקו,CN,אטריות עגבניות 454 גרם,גרמים,454.00,100 גרם,false,1,7.50,1.6520,true,1,50706
7290011996017,false,טעם אסיה אטריות תרד 454 ג',xiaman vingsheny,CN,אטריות תרד 454 גרם,גרמים,454.00,100 גרם,false,1,7.50,1.6520,true,1,50704
7290011996031,false,טעם אסיה אטריות בצים 454 ג',מזרח מערב,CN,אטריות ביצים 454 גרם,גרמים,454.00,100 גרם,false,1,7.50,1.6520,true,1,52462
7290011996062,false,אורז לבן עגול מתאים להכנת סושי,טעמי אסיה Taste of Asia,ES,"אורז לסושי 1 ק""ג",קילוגרמים,1.00,"ק""ג",false,1,13.90,13.9000,true,1,52303
7290011996109,false,"רוטב צ''ילי מתוק 700 מ""ל",טעמי אסיה Taste of Asia,TH,"רוטב צילי מתוק אסיה 700 מ""ל",מיליליטרים,700.00,"100 מ""ל",false,1,9.90,1.4143,true,1,55898
7290011996123,false,אצות ים נורי גולד 10 דפים כשר,טעמי אסיה Taste of Asia,CN,דפי אצות ים נורי 10 יח,גרמים,25.00,100 גרם,false,1,10.90,43.6000,true,1,50711
7290011996185,false,"חומץ אורז לבן (לסושי) 250 מ""ל",טעמי אסיה Taste of Asia,CN,"חומץ אורז 250 מ""ל",מיליליטרים,250.00,"100 מ""ל",false,1,7.90,3.1600,true,1,52590
7290011996222,false,נוזל אגוזי קוקוס ללא,טעמי אסיה Taste of Asia,TH,"חלב קוקוס אסיה 400 מ""ל",מיליליטרים,400.00,"100 מ""ל",false,1,5.90,1.4750,true,1,56170
7290011996499,false,אטריות אורז דקות טעם וריח 400ג',fujian longhai,CN,מקלוני אורז דקים 400 גרם,גרמים,400.00,100 גרם,false,1,7.90,1.9750,true,1,52875
7290011996512,false,"טעם אסיה טעם אסיה אטריות אורז 3מ""מ 400ג'",טעמי אסיה Taste of Asia,TH,מקלוני אורז 3 ממ,גרמים,400.00,100 גרם,false,1,8.50,2.1250,true,1,55058
7290011996529,false,אטריות אורז 5 מ''מ טעם אסיה 400 גרם,טעמי אסיה Taste of Asia,TH,"אטריות אורז 5 מ""מ 400 גרם",גרמים,400.00,100 גרם,false,1,8.50,2.1250,true,1,53011
7290011996550,false,טעם אסיה רוטב הויסין 240 ג',k.r.s. spicy food,TH,רוטב הויסין 240,מיליליטרים,160.00,"100 מ""ל",false,1,12.90,8.0625,true,1,56052
7290011996567,false,רוטב סאטה אסיה 240 ג,טעמי אסיה Taste of Asia,TH,רוטב סאטה 240,מיליליטרים,160.00,"100 מ""ל",false,1,12.90,8.0625,true,1,56158
7290011996581,false,"רוטב חמוץ מתוק 300 מ""ל",טעמי אסיה Taste of Asia,TH,"רוטב חמוץ מתוק 300 מ""ל",מיליליטרים,300.00,"100 מ""ל",false,1,9.90,3.3000,true,1,52787
7290011996604,false,"רוטב פאד תאי 300 מ""ל",טעמי אסיה Taste of Asia,TH,רוטב פאד תאי 300 מל,מיליליטרים,300.00,"100 מ""ל",false,1,15.90,5.3000,true,1,52779
7290011996642,false,טעם אסיה שומשום שחור קלוי 100גר,טעמי אסיה Taste of Asia,CN,שומשום שחור קלוי 100 גרם,גרמים,100.00,100 גרם,false,1,12.90,12.9000,true,1,50707
7290011996703,false,טעם אסיה אצות וקאמה 100גר,טעמי אסיה Taste of Asia,,אצות וואקאמה מיובשות 100 גרם,גרמים,100.00,100 גרם,false,1,14.90,14.9000,true,1,62597
7290011996758,false,מזרח מערב קמח טמפורה כשר 500ג',טעמי אסיה Taste of Asia,CN,קמח טמפורה 500 גרם,גרמים,500.00,100 גרם,false,1,9.90,1.9800,true,1,72177
7290011996765,false,וואסבי שפורפרת 43 גר,טעמי אסיה Taste of Asia,CN,וואסבי שפורפרת 43 גרם,גרמים,43.00,100 גרם,false,1,8.90,20.6977,true,1,56461
7290011996789,false,פנקו פירורי לחם בסגנון יפני,טעמי אסיה Taste of Asia,CN,פירורי לחם יפניים פנקו 200 גרם,גרמים,200.00,100 גרם,false,1,7.90,3.9500,true,1,56872
7290011996802,false,אבקת ווסאבי 70ג' טעמי אסיה,טעמי אסיה Taste of Asia,CN,אבקת ווסאבי 70 גרם,גרמים,70.00,100 גרם,false,1,13.90,19.8571,true,1,50712
7290011996819,false,מזרח מערב אטריות שעועית 250ג,טעמי אסיה Taste of Asia,CN,אטריות סיניות מקלוני שעועית 250 גרם,גרמים,250.00,100 גרם,false,1,5.90,2.3600,true,1,55111
7290011996888,false,רוטב טריאקי 300 כשר,טעמי אסיה Taste of Asia,TH,רוטב טריאקי 300 כשר,מיליליטרים,300.00,"100 מ""ל",false,1,9.90,3.3000,true,1,53555
7290012001994,false,חרדל דיז'ון גרעינים 350 ג' ריין דיזון,ריין דיז'ון reine dijon,FR,חרדל דיגון גרעינים 350 גרם כפ,גרמים,350.00,100 גרם,false,1,12.90,3.6857,true,1,66245
7290012019258,false,מחית תפוחי עץ רביעיה 4 * 113 ג' תומר,Cherry growers inc,IL,מחית תפוחי עץ רביעייה 452 גרם,גרמים,452.00,100 גרם,false,1,12.90,2.8540,true,1,82056
7290012019265,false,"רסק תפו""ע דיאט תומר מארז 113X4ג'",Cherry growers inc,US,מחית תפוחי עץ דיאט רביעייה 452 גרם,גרמים,452.00,100 גרם,false,1,12.90,2.8540,true,1,82057
7290012022203,false,קליליות חיטה מלאה די,דילייט 2005,IL,קליליות חיטה מלאה 100 גרם,גרמים,100.00,100 גרם,false,1,13.90,13.9000,true,1,96212
7290012022227,false,קליליות חיטה טעם טבעי,דילייט 2005,IL,קליליות בטעם טבעי 70גרם,גרמים,70.00,100 גרם,false,1,11.90,17.0000,true,1,96213
7290012022272,false,פריכיות קליליות קידס,דילייט 2005,IL,קליליות קידס 30גרם,גרמים,30.00,100 גרם,false,1,10.50,35.0000,true,1,115653
7290012028618,false,טבק מרלבורו טאצ פקט,פיליפ מוריס,,טבק מרלבורו טאצ פקט 10 יחידות300 גרם,גרמים,300.00,100 גרם,false,1,829.00,276.3333,true,1,112303
7290012030536,false,ל.מ. סילבר לייבל חפיסה,פיליפ מוריס,,ל.מ סילברPP חפיסה,יחידה,1.00,יחידה,false,1,31.00,31.0000,false,1,118086
7290012052187,false,גרנולה רפאל - חלבה תמרים ושקדים,רפאלס,IL,ג. רפאל 350 ג' חלבה תמר ושקד רפאל'ס,גרמים,350.00,100 גרם,false,1,15.90,4.5429,true,1,75771
7290012052194,false,רפאל-גרנולה פירות יער וקשיו 350 גר,רפאלס,IL,ג. רפאל 350 ג' פירות יער וקשיו רפאל'ס,גרמים,350.00,100 גרם,false,1,15.90,4.5429,true,1,77264
7290012052323,false,מוזלי עם פירות יבשים ושקדים ללא תוספת סוכר,רפאלס,IL,"תענוג מוזלי 1 ק""ג רפאל'ס",קילוגרמים,1.00,"ק""ג",false,1,28.90,28.9000,true,1,75945
7290012116032,false,כיף פיות מרכך לסירוק קל 750 מל,טרופיקל דגיל תעשיות,IL,"כיף מרכך פיות 750 מ""ל",מיליליטרים,750.00,"100 מ""ל",false,1,12.90,1.7200,true,1,68654
7290012116063,false,"כיף אל סבון פיות בתמציות קמומיל 750 מ""ל",טרופיקל דגיל תעשיות,IL,"כיף אלסבון פיות קמומיל 750 מ""ל",מיליליטרים,750.00,"100 מ""ל",false,1,12.90,1.7200,true,1,68655
7290012116360,false,פוליויקס לטיפול ברצפות גרניט פורצלן וקרמיקה,"מפעלי סנו ברונוס בע""",IL,ניקוי רצפות לטיפול בגרנטי פורצלן וקרמיקה,ליטרים,2.00,ליטר,false,1,22.90,11.4500,true,1,48751
7290012116537,false,"סנו מקסימה אבקת כביסה 2.5 ק""ג מאסק",טרופיקל דגיל תעשיות,IL,"סנו מקסימה בניחוח מאסק, 2.5 קג",קילוגרמים,2.50,"ק""ג",false,1,28.90,11.5600,true,1,60632
7290012116551,false,סנו אנטי קאלק רב שימושי 2 ליטר- 4 ב 1,מיוצר עי קונדיטוריית,IL,אנטי קאלק לניקוי כללי 2 ל',ליטרים,2.00,ליטר,false,1,21.90,10.9500,true,1,60234
7290012116612,false,אורביטול מברשת שיניים מארז 4 יח',ג'נרל מילס סאן אדריא,CN,אורביטול מברשת שיניים 1/4,לא מנהל יחידת מידה,0.00,לא מנהל יחידת מידה,false,1,12.90,0.0000,true,1,73812
7290012116629,false,תחליב רול און דוחה יתושים לתינוקות ולילדים סנו די,מיוצר עי קונדיטוריית,IL,סנו די תחליב דוחה יתושים לתינוקות ולילדים 50 מל,מיליליטרים,50.00,"100 מ""ל",false,1,19.90,39.8000,true,1,56699
7290012116735,false,סנו סופט גמבו נייר טואלט 24 גל 900מ קומפ,סנו מפעלי ברונוס בעמ,IL,נ ט סופט גליל גמבו 24 יחידות,מטרים,90000.00,מטר,false,1,42.90,0.0005,true,1,82768
7290012117091,false,אבקת -כביסה סנו מקסימה סנסיטיב 6 קג,סנו מקסימה,IL,אבקת כביסה מרוכזת SENSITIVE,קילוגרמים,6.00,"ק""ג",false,1,49.90,8.3167,true,1,62680
7290012117350,false,סנו ריצפז פרש 2 ליטר לילך לבנדר,"סנו מפעלי ברונוס בע""",IL,ריצפז פרש לילך 2 ליטר,ליטרים,2.00,ליטר,false,1,18.90,9.4500,true,1,60237
7290012117428,false,"קרמה מן שמפו+גל רחצה 2 ב1 700 מ""ל מעינות",טרופיקל דגיל תעשיות,IL,קרמה מן שמפו וג'ל 2 ב-1 מנטה 700 מ''ל,מיליליטרים,700.00,"100 מ""ל",false,1,18.90,2.7000,true,1,56779
7290012117435,false,"קרמה - שמפו וג'ל רחצה 2 ב-1 אלוורה 700 מ""ל",טרופיקל דגיל תעשיות,IL,קרמה מן שמפו וג'ל רחצה 2 ב-1 אלוורה 700 מ''ל,מיליליטרים,700.00,"100 מ""ל",false,1,18.90,2.7000,true,1,56780
7290012117534,false,סנו - מקסימה מרכך כביסה מרוכז קול 1 ליטר,"סנו מפעלי ברונוס בע""",IL,מקסימה מרכך כביסה מרוכז (COOL) 1 ליטר,ליטרים,1.00,ליטר,false,1,18.90,18.9000,true,1,64966
7290012117558,false,מרכך כביסה קומפקט מאסק ורוד סנו מקסימה 1 ל',"סנו מפעלי ברונוס בע""",IL,מרכך מרוכז מאסק 1ליטר 40 כביסות,ליטרים,1.00,ליטר,false,1,18.90,18.9000,true,1,65795
7290012117732,false,סנו - מקסימה מרכך כביסה קול שחור 4 ליטר,"סנו מפעלי ברונוס בע""",IL,מרכך כביסה מקסימה קול שחור 4 ל,ליטרים,4.00,ליטר,false,1,22.90,5.7250,true,1,76254
7290012117916,false,סנו אינסטלאטור פותח סתימות נוזלי 1 ל',"סנו מפעלי ברונוס בע""",IL,אינסטלטור נוזלי סנו,ליטרים,1.00,ליטר,false,1,28.90,28.9000,true,1,89084
7290012139482,false,בונזו עצם לחוצה מעוש,PINGYANG LELE PET PR,CN,בונזו גוי עצם לחוצה מעושנת בציפוי עוף 3,גרמים,160.00,100 גרם,false,1,19.90,12.4375,true,1,77512
7290012139567,false,בונזו גוי ביסקוויט ע,בונזו,,"מזון כלבים בונזו ג""וי ביסקוויט עוף 90 גר",גרמים,90.00,100 גרם,false,1,17.90,19.8889,true,1,82870
7290012159411,false,לבבות דקל חתוך לינה 400 גרם,יושלם,IL,לבבות דקל חתוך 400 גרם,גרמים,400.00,100 גרם,false,1,9.90,2.4750,true,1,85232
7290012193125,false,ממתיק על בסיס סוכרלוז - טבליות,מיוצר עי קונדיטוריית,CN,מרמולייט ממתיק על בסיס סוכרלוז 150 טבליות,לא מנהל יחידת מידה,0.00,לא מנהל יחידת מידה,false,1,26.90,0.0000,true,1,50198
7290012193163,false,סבון נוזלי פמלי לקשרי פריחת הדובדבן 1 ל,אף.סי תבליני בגליל ב,IL,פמילי אל סבון נוזלי פרחי בר רעננים 1 ליטר,ליטרים,1.00,ליטר,false,1,14.90,14.9000,true,1,82500
7290012226021,false,סלמי מעושן פראג יבש 400 ג' זוגלובק,זוגלובק,IL,זוגלובק סלמי מעושן פראג 400 גרם א.מ.,גרמים,400.00,100 גרם,false,1,22.90,5.7250,true,1,63106
7290012226076,false,חרמון הודו ועוף 200 ג' זוגלובק,זוגלובק,IL,זוגלובק חרמון הודו ועוף 200 גרם,גרמים,200.00,100 גרם,false,1,14.90,7.4500,true,1,126710
7290012226120,false,*מבצע* זוגלובק קבנוס,זוגלובק,IL,זוגלובק קבנוס 135 גרם,גרמים,135.00,100 גרם,false,1,12.50,9.2593,true,1,68656
7290012226342,true,נקניקיה מן הצומח זוג,זוגלובק,IL,נקניקיה מן הצומח זוגלוס 460גרם,גרמים,460.00,100 גרם,false,1,30.90,6.7174,true,1,120873
7290012226922,false,קבנוס בטעם שום 135 ג' זוגלובק,זוגלובק,IL,זוגלובק קבנוס עם שום 135 גרם,גרמים,135.00,100 גרם,false,1,12.50,9.2593,true,1,73406
7290012226939,false,קבנוס עם צ'ילי חריף 135ג' זוגלובק,זוגלובק,IL,זוגלובק קבנוס עם צ'ילי חריף 135 גרם,גרמים,135.00,100 גרם,false,1,12.50,9.2593,true,1,73407
7290012227172,false,חרמן הודו בדבש וברביקיו זוג במארז 600 ג' זוגלובק,זוגלובק,IL,כפריות פסטרמות הודו דבש+ברביקיו זוגלובק,גרמים,600.00,100 גרם,false,1,33.90,5.6500,true,1,81276
7290012227325,false,סלמי דק דק מעושן איטלקי 120 ג' זוגלובק,זוגלובק,IL,זוגלובק סלמי מעושן איטלקי 120 גרם דק דק דק,גרמים,120.00,100 גרם,false,1,14.90,12.4167,true,1,118510
7290012227974,false,פסטרמה הודו בדבש טהור דק דק דק,זוגלובק,IL,זוגלובק פסטרמה בדבש 120 גרם דק דק דק,גרמים,120.00,100 גרם,false,1,14.90,12.4167,true,1,118512
7290012227981,false,פסטרמה דק דק ברביקיו 120 ג' זוגלובק,זוגלובק,IL,זוגלובק פסטרמה ברביקיו 120 גרם דק דק דק,גרמים,120.00,100 גרם,false,1,14.90,12.4167,true,1,118513
7290012227998,false,פסטרמה דק דק חזה בקר 120 ג' זוגלובק,זוגלובק,IL,זוגלובק חזה בקר 120 גרם דק דק דק,גרמים,120.00,100 גרם,false,1,14.90,12.4167,true,1,118511
7290012228261,false,נקנקיות קנקרס הודו ועוף ריינהולד'ס זוגלובק 300 ג',זוגלובק,IL,זוגלובק נקניקיות הודו פרמיום קנקרס ריינהולד'ס,גרמים,300.00,100 גרם,false,1,20.00,6.6667,true,1,114780
7290012228278,false,נקנקיות בוקוורסט עוף ובקר ריינהולד'ס 310 ג' זוגלובק,זוגלובק,IL,זוגלובק נקניקיות הודו -בקר (בוקוורסט) ריינהולדס,גרמים,310.00,100 גרם,false,1,20.00,6.4516,true,1,114779
7290012228971,false,סלמי תה פפרוני זוגלובק 180 ג',זוגלובק,IL,סלמי תה פפרוני זוגלובק 180 גרם,גרמים,180.00,100 גרם,false,1,14.90,8.2778,true,1,153295
7290012228988,false,חרמון הודו ועוף בדבש זוגלובק 200 ג',זוגלובק,IL,חרמון הודו ועוף בדבש זוגלובק 200 גרם,גרמים,200.00,100 גרם,false,1,14.90,7.4500,true,1,153296
7290012245176,false,גולד ציפס קריספי 700 גרם,אגריסטו,BE,CHIPS וופל ציפס קריספי 700גרם,גרמים,700.00,100 גרם,false,1,13.90,1.9857,true,1,154530
7290012245183,false,ציפס קריספי קלאסי 700 גרם,אגריסטו,BE,CHIPS ציפס קריספי קלאסי700גרם,גרמים,700.00,100 גרם,false,1,11.90,1.7000,true,1,154531
7290012245275,false,"גולד ציפס בטטה קריספי 1 ק""ג",אגריסטו,BE,"CHIPS ציפס בטטה קריספי 1 ק""ג",קילוגרמים,1.00,"ק""ג",false,1,27.90,27.9000,true,1,154532
7290012245312,false,"צ'יפס אמריקאי 1.5 ק""ג גולד שארית",יוליניבר,IL,ציפס אמריקאי 1.5 קג,קילוגרמים,1.50,"ק""ג",false,1,20.90,13.9333,true,1,118594
7290012245329,false,"צ'יפס קלאסי 1.5 ק""ג גולד שארית",יוליניבר,IL,ציפס בחיתוך קלאסי 1.5 קג,קילוגרמים,1.50,"ק""ג",false,1,20.90,13.9333,true,1,118608
7290012245343,false,"צ'יפס זיג זג 1.5 ק""ג גולד שארית",יוליניבר,BE,ציפס זיג זג 1.5 קג,קילוגרמים,1.50,"ק""ג",false,1,20.90,13.9333,true,1,124758
7290012263415,false,"אגד מתמתח 7 ס""מ",גזיאנג,CN,"אגד מתמתח 7 ס""מ",יחידה,1.00,יחידה,false,1,8.90,8.9000,true,1,147602
7290012309311,false,ערמונים קלופים שלמים 100 גר,"דין שיווק וקליה בע""מ",CN,ערמונים מקולפים 105 גרם,גרמים,105.00,100 גרם,false,1,6.90,6.5714,true,1,53390
7290012309939,false,חלבה מסולסלת דין שיווק 500 ג',אף.סי תבליני בגליל ב,IL,חלבה מסולסלת 500 גרם ששון הקולה,גרמים,500.00,100 גרם,false,1,14.90,2.9800,true,1,99388
7290012313264,false,כרוב כבוש 560 ג' יבנה,קדבורי,IL,כרוב כבוש 560 גרם יבנה,גרמים,560.00,100 גרם,false,1,8.90,1.5893,true,1,119248
7290012349409,false,מסיכת שיער שמן קיק מ,ש.שוורץ,IL,מסיכת שיער שמן קיק מועשר בספירולינה 450,מיליליטרים,450.00,"100 מ""ל",false,1,45.90,10.2000,true,1,157246
7290012349454,false,"תחליב רחצה מלון, חומ",ש.שוורץ,IL,"תחליב רחצה מלון, חומצה הילרונית ושמן קיק",מיליליטרים,450.00,"100 מ""ל",false,1,32.90,7.3111,true,1,157247
7290012349508,false,"תחליב רחצה אביב, חומ",ש.שוורץ,IL,"תחליב רחצה אביב, חומצה הילרונית ושמן קיק",מיליליטרים,450.00,"100 מ""ל",false,1,32.90,7.3111,true,1,157248
7290012384011,true,בגט כפרי La Farina,לה פרינה,IL,בגט כפרי La Farina,לא מנהל יחידת מידה,0.00,לא מנהל יחידת מידה,false,1,11.90,0.0000,true,1,142011
7290012384028,true,חלה קלועה La Farina,לה פרינה,IL,חלה קלועה La Farina,לא מנהל יחידת מידה,0.00,לא מנהל יחידת מידה,false,1,17.90,0.0000,true,1,142012
7290012384042,true,La Farinaחלה צרפתית,לה פרינה,IL,La Farinaחלה צרפתית מתוקה,יחידה,1.00,יחידה,false,1,18.90,18.9000,true,1,142013
7290012384059,true,לחם כפרי אגוזים וצימ,לה פרינה,IL,לחם כפרי אגוזים וצימוקים La Farina,לא מנהל יחידת מידה,0.00,לא מנהל יחידת מידה,false,1,21.90,0.0000,true,1,142014
7290012384073,true,לחם בצל La Farina,לה פרינה,IL,לחם בצל La Farina,לא מנהל יחידת מידה,0.00,לא מנהל יחידת מידה,false,1,21.90,0.0000,true,1,142016
7290012384103,true,לחם דגנים מלא La Far,לה פרינה,IL,לחם דגנים מלא La Farina,לא מנהל יחידת מידה,0.00,לא מנהל יחידת מידה,false,1,21.90,0.0000,true,1,142018
7290012384110,true,לחם זיתים La Farina,לה פרינה,IL,לחם זיתים La Farina,לא מנהל יחידת מידה,0.00,לא מנהל יחידת מידה,false,1,21.90,0.0000,true,1,142019
7290012384127,true,לחם כפרי La Farina,לה פרינה,IL,לחם כפרי La Farina,לא מנהל יחידת מידה,0.00,לא מנהל יחידת מידה,false,1,21.90,0.0000,true,1,142020
7290012384134,true,לחם כוסמין La Farina,לה פרינה,IL,לחם כוסמין La Farina,לא מנהל יחידת מידה,0.00,לא מנהל יחידת מידה,false,1,21.90,0.0000,true,1,142021
7290012384141,true,מארז לחמניות La Far,לה פרינה,IL,מארז לחמניות La Farina,לא מנהל יחידת מידה,0.00,לא מנהל יחידת מידה,false,1,18.90,0.0000,true,1,142022
7290012384264,true,חלה בריוש La Farina,לה פרינה,IL,חלה בריוש La Farina,לא מנהל יחידת מידה,0.00,לא מנהל יחידת מידה,false,1,19.90,0.0000,true,1,142029
7290012384387,true,מארז 5 לחמניות חיטה,לה פרינה,IL,מארז 5 לחמניות חיטה מלאה La Farina,יחידה,5.00,יחידה,false,1,18.90,3.7800,true,1,142039
7290012384479,true,עוגת שמרים תפוח La F,לה פרינה,IL,עוגת שמרים תפוח La Farina,Unknown,0.00,Unknown,false,1,41.90,0.0000,true,1,142042
7290012384493,true,עוגת שמרים חלבה שוקו,לה פרינה,IL,עוגת שמרים חלבה שוקולד La Farina,Unknown,0.00,Unknown,false,1,41.90,0.0000,true,1,142043
7290012384509,true,עוגת תפוחים La Farin,לה פרינה,IL,עוגת תפוחים La Farina,Unknown,0.00,Unknown,false,1,41.90,0.0000,true,1,142044
7290012384523,true,עוגת גזר La Farina,לה פרינה,IL,עוגת גזר La Farina,Unknown,0.00,Unknown,false,1,41.90,0.0000,true,1,142046
7290012384547,true,עוגת שוקולד פאדג La,לה פרינה,IL,עוגת שוקולד פאדג La Farina,Unknown,0.00,Unknown,false,1,41.90,0.0000,true,1,142048
7290012384561,true,עוגת שמרים גבינה La,לה פרינה,IL,עוגת שמרים גבינה La Farina,Unknown,0.00,Unknown,false,1,41.90,0.0000,true,1,142050
7290012384578,true,עוגת שמרים פרג La Fa,לה פרינה,IL,עוגת שמרים פרג La Farina,Unknown,0.00,Unknown,false,1,41.90,0.0000,true,1,142051
7290012384592,true,עוגת שמרים שוקולד La,לה פרינה,IL,עוגת שמרים שוקולד La Farina,יחידה,0.00,יחידה,false,1,41.90,0.0000,true,1,142053
7290012384608,true,עוגת תפוז La Farina,לה פרינה,IL,עוגת תפוז La Farina,Unknown,0.00,Unknown,false,1,41.90,0.0000,true,1,142054
7290012384622,true,עוגת מוקה פאדג La Fa,לה פרינה,IL,עוגת מוקה פאדג La Farina,Unknown,0.00,Unknown,false,1,41.90,0.0000,true,1,142056
7290012384660,true,עוגיות גרנולה ללא תו,לה פרינה,IL,עוגיות גרנולה ללא תוספת סוכר La Farina,Unknown,0.00,Unknown,false,1,38.90,0.0000,true,1,142058
7290012384721,true,עוגיות קרמל אגוזים L,לה פרינה,IL,עוגיות קרמל אגוזים La Farina,גרמים,0.00,100 גרם,false,1,38.90,0.0000,true,1,142061
7290012384783,true,עוגיות מעדן חלבה La,לה פרינה,IL,עוגיות מעדן חלבה La Farina,Unknown,0.00,Unknown,false,1,38.90,0.0000,true,1,142066
7290012384929,true,עוגת לימון La Farina,לה פרינה,IL,עוגת לימון La Farina,Unknown,0.00,Unknown,false,1,41.90,0.0000,true,1,142073
7290012385056,true,עוגת שטרוייזל תפוחים,לה פרינה,IL,עוגת שטרוייזל תפוחים פס La Farina,לא מנהל יחידת מידה,0.00,לא מנהל יחידת מידה,false,1,42.90,0.0000,true,1,142063
7290012385247,true,עוגיות בישקוטי ללא ת,לה פרינה,IL,עוגיות בישקוטי ללא תוספת סוכר La Farina,Unknown,0.00,Unknown,false,1,38.90,0.0000,true,1,142078
7290012385353,true,עוגת גבינה פירות יער,לה פרינה,IL,עוגת גבינה פירות יער פס La Farina,לא מנהל יחידת מידה,0.00,לא מנהל יחידת מידה,false,1,79.00,0.0000,true,1,142086
7290012385377,true,עוגת טריקולד פס La F,לה פרינה,IL,עוגת טריקולד פס La Farina,לא מנהל יחידת מידה,0.00,לא מנהל יחידת מידה,false,1,75.90,0.0000,true,1,142087
7290012385483,true,לחם סלק La Farina,לה פרינה,IL,לחם סלק La Farina,לא מנהל יחידת מידה,0.00,לא מנהל יחידת מידה,false,1,21.90,0.0000,true,1,142088
7290012385612,true,עוגת טירמיסו פס La F,לה פרינה,IL,עוגת טירמיסו פס La Farina,Unknown,0.00,Unknown,false,1,69.00,0.0000,true,1,142099
7290012404177,false,"שוופס Fruits תפוח זכוכית 330 מ""ל",יפאורה תבורי בעמ,IL,"שוופס מוגז פירות תפוחים 330 מ""ל זכוכית",מיליליטרים,330.00,"100 מ""ל",false,1,6.90,2.0909,true,1,60509
7290012404993,false,ספרינג נקטר חמוציות דיאט קולקשיין 1.25ל,"יפאורה תבורי בע""מ",IL,ספרינג Collection נקטר דיאט חמוציות 1.25 ל',ליטרים,1.25,ליטר,false,1,13.50,10.8000,true,1,68805
7290012413636,false,תה ירוק צאי מסאלה 25 שקיקים 1.5 גרם,ויסוצקי ירוק,IL,תה ירוק צ'אי T.T,גרמים,37.00,100 גרם,false,1,25.90,70.0000,true,1,81697
7290012413643,false,תה ירוק קמומיל 25 שקיקים ויסוצקי,ויסוצקי ירוק,IL,תה ירוק קמומיל T.T,גרמים,37.00,100 גרם,false,1,25.90,70.0000,true,1,88934
7290012454578,false,סוכריות קישוט לעוגה לבן 70 גר',"מיה תעשיות מזון בע""מ",IL,קישוט לעוגה לבן מיה 70גרם,גרמים,70.00,100 גרם,false,1,5.90,8.4286,true,1,156782
7290012483233,false,אנשובי ארוך בשמן זית,נמצאו,ES,אנשובי ארוך בשמן זית 80 גרם,גרמים,80.00,100 גרם,false,1,14.90,18.6250,true,1,60313
7290012522581,false,טבעול שניצל תירס ללא גלוטן טבעול 664 גרם,עיצובים 2020 (4.8),IL,שניצל תירס ללא גלוטן 660 גרם,גרמים,660.00,100 גרם,false,1,32.90,4.9848,true,1,87332
7290012525452,false,טילון אקסטרים נוק אאוט שוקו וניל 70ג',גלידות נסטלה (נגה גל,IL,אקסטרים טילון שוקו וניל בדצ 24*70גרם-חדש,גרמים,70.00,100 גרם,false,1,9.50,13.5714,true,1,64405
7290012561337,false,כורכום טרי כתוש קפוא דורות 70 גר,גוד פוד פרודקטס S.p,IL,דורות כורכום טרי כתוש 32*70גרם,גרמים,70.00,100 גרם,false,1,11.90,17.0000,true,1,125888
7290012561405,false,בצל חצי מטוגן דורות 180 גרם,עיצובים 2020 (3.8),IL,בצל חצי מטוגן 180 גרם,גרמים,180.00,100 גרם,false,1,12.40,6.8889,true,1,58731
7290012576591,false,"יין רזרב גוורצטרמינר 750 מ""ל שביעית",יקבי ברקן שיווק והפצ,IL,"גוורצטרמינר רזרב 750 מ""ל",מיליליטרים,750.00,"100 מ""ל",false,1,49.90,6.6533,true,1,122713
7290012642586,false,ערמונים קלופים תומר 100 ג',Tangshan huiyuan foo,CN,ערמונים קלופים 100 גר תומר,גרמים,100.00,100 גרם,false,1,4.90,4.9000,true,1,89611
7290012642814,true,פלפל מעורב בחומץ חרי,,,פלפל מעורב בחומץ חרי,לא מנהל יחידת מידה,0.00,לא מנהל יחידת מידה,false,1,12.90,0.0000,true,1,127543
7290012645068,false,ישראלה גבינה מותכת מחלב עיזים 16% 180 ג' חלב הארץ,"נארז ע""י : א.ג. גילר",IL,גבינה מותכת מחלב עיזים ישראלה 180גרם 16%,גרמים,180.00,100 גרם,false,1,24.90,13.8333,true,1,150334
7290012645075,false,יוגורט כבשים יווני גביע 350 גרם חלב הארץ,חלב הארץ,IL,יוגורט כבשים יווני חלב הארץ 350גרם,גרמים,350.00,100 גרם,false,1,11.90,3.4000,true,1,150335
7290012645112,false,"יוגורט עיזים בדלי חלב הארץ 750מ""ל",מחלבות סוסיא,IL,"יוגורט עיזים 750 מ""ל",מיליליטרים,750.00,"100 מ""ל",false,1,19.90,2.6533,true,1,118068
7290012645129,false,"יוגורט כבשים בדלי חלב הארץ 750מ""ל",מחלבות סוסיא,IL,"יוגורט כבשים 750 מ""ל",מיליליטרים,750.00,"100 מ""ל",false,1,19.90,2.6533,true,1,118067
7290012645297,false,סוסיא יוגורט עיזים ביו 2.8% ט.טבעי 150מל,מחלבות סוסיא,IL,חלב הארץ גביע יוגורט עיזים טבעי 150 גרם,גרמים,150.00,100 גרם,false,1,5.90,3.9333,true,1,118054
7290012645389,false,יוגורט עיזים טבעי חלב הארץ 1 ל',מחלבות סוסיא,IL,חלב הארץ יוגורט עיזים 1 ליטר בבקבוק,ליטרים,1.00,ליטר,false,1,23.90,23.9000,true,1,81494
7290012697081,false,סוכרזית מהטבע סטיוויה 100 טבליות,"סוכרזית בע""מ",IL,סוכרזית סטיוויה 100 שקיות,גרמים,100.00,100 גרם,false,1,29.90,29.9000,true,1,86868
7290012697241,false,"סוכרזית מצמח הסטיוויה נוזל 220 מ""ל",אף.סי תבליני בגליל ב,IL,סוכרזית מצמח הסטיוויה נוזל,מיליליטרים,220.00,"100 מ""ל",false,1,32.90,14.9545,true,1,75895
7290012759284,false,חטיף דגנים מלאים בקר,ממה חטיפי אנרגיה,,חטיף דגנים מלאים בקרם אגוזי לוז וקקאו 25,גרמים,25.00,100 גרם,false,1,7.50,30.0000,true,1,101616
7290012759635,false,כדורי תמרים וקקאו 5,ממה חטיפי אנרגיה,IL,כדורי תמרים וקקאו 50גרם,גרמים,50.00,100 גרם,false,1,8.90,17.8000,true,1,121224
7290012759673,false,חטיפי בראוניז חמאת ב,ממה חטיפי אנרגיה,IL,עוגיות בראוניז חמאת בוטנים 240 גרם,גרמים,240.00,100 גרם,false,1,24.90,10.3750,true,1,126879
7290012759710,false,חטיף בראוניז קוקוס ו,ממה חטיפי אנרגיה,IL,חטיף בראוניז קוקוס ואגוז מלך 50 גרם,גרמים,50.00,100 גרם,false,1,7.90,15.8000,true,1,126878
7290012759949,false,מארז חטיף חלבון תמר,ממה,IL,מארז חטיף חלבון תמר קרם לוז יה עם חלבון,גרמים,50.00,100 גרם,false,1,9.90,19.8000,true,1,147940
7290012759956,false,מארז חטיף חלבון תמר,ממה,IL,מארז חטיף חלבון תמר פקאן עם חלבון,גרמים,50.00,100 גרם,false,1,9.90,19.8000,true,1,147941
7290012803055,false,סוכרלוז מרמולייט- 100שקיות אישיות,תות ממתקי איכות,IL,סוכרלוז מרמולייט 100 שקיות,גרמים,100.00,100 גרם,false,1,26.90,26.9000,true,1,56519
7290012803222,false,וופל בלגי בטעם לימון ללא תוספת סוכר,בטר אנד דיפרנט,IL,ופל בלגי בטעם לימון 200 גרם,גרמים,200.00,100 גרם,false,1,10.80,5.4000,true,1,87943
7290012803314,false,ממתיק על בסיס סוכרלוז - טבליות,מיוצר עי קונדיטוריית,IL,מרמולייט סוכרלוז ממתיק 300 טבליות,Unknown,0.00,Unknown,false,1,48.40,0.0000,true,1,62445
7290012803543,false,מכשיר רייד +מילוי נו,אף.סי תבליני בגליל ב,CN,רייד מכשיר + מילוי נוזל 45 ליל,Unknown,0.00,Unknown,false,1,29.90,0.0000,true,1,63658
7290012803765,false,שוקולד מריר ללא תוספת סוכר,אלטינמארקה גידה סאן,TR,טוסו שוקולד מריר ללא תוספת סוכר 100 גרם,גרמים,100.00,100 גרם,false,1,11.90,11.9000,true,1,87981
7290012803772,false,שוקולד חלב ללא תוספת סוכר,אלטינמארקה גידה סאן,TR,טוסו שוקולד חלב ללא תוספת סוכר 100 גרם,גרמים,100.00,100 גרם,false,1,11.90,11.9000,true,1,77628
7290012803789,false,שוקולד מריר עם אגוזים ללא תוספת סוכר,האי נאם סי או אל.טי.,TR,טוסו שוקולד מריר עם אגוזים ללא תוספת סוכר 100 גרם,גרמים,100.00,100 גרם,false,1,11.90,11.9000,true,1,77629
7290012803796,false,שוקולד חלב עם אגוזים ללא תוספת סוכר,אלטינמארקה גידה סאן,TR,טוסו שוקולד חלב עם אגוזים ללא תוספת סוכר 100 גר',גרמים,100.00,100 גרם,false,1,12.60,12.6000,true,1,87982
7290012823381,false,מרכך כביסה מקסימה סנסיטיב מרוכז ורוד 1 ל' סנו,"סנו מפעלי ברונוס בע""",IL,מרכך מרוכז סנסטיב 1 ליטר 40 כביסות,ליטרים,1.00,ליטר,false,1,18.90,18.9000,true,1,65077
7290012823398,false,מטליות חד פעמיות לניקוי הרצפה בניחוח מרכך כביסה 10יח' סנו,סנו מפעלי ברונו בעמ,IL,"סנו רצפז, מטליות לחות לניקוי הרצפה,970 גרם",יחידה,1.00,יחידה,false,1,14.90,14.9000,true,1,116722
7290012823541,false,סנו ריצפז פרש מטליות לחות לריצפה ענק,"סנו מפעלי ברונוס בע""",IL,מטליות ריצפז פרש לבנדר,לא מנהל יחידת מידה,0.00,לא מנהל יחידת מידה,false,1,12.90,0.0000,true,1,63841
7290012823558,false,סנו סושי מטליות לחות לריצפה ענק 10 יח,סנו מפעלי ברונוס בעמ,IL,מטליות לחות לריצפה סנו סושי 10 יחידות,Unknown,0.00,Unknown,false,1,13.90,0.0000,true,1,66309
7290012823602,false,נייר טואלט סופט סילק לבן 32 גלילים סנו,טרופיקל דגיל תעשיות,IL,נייר טואלט סופט 32 גלילים,מטרים,58800.00,מטר,false,1,33.90,0.0006,true,1,72257
7290012823947,false,"סנו - מרכך כביסה מרוכז פרפיום קריסטל נואר 750 מ""ל",מיוצר עי קונדיטוריית,IL,"מרכך כביסה פרפיום קריסטל נואר 750 מ""ל",מיליליטרים,750.00,"100 מ""ל",false,1,18.90,2.5200,true,1,70178
7290012864001,false,נביטי חמניה 170ג',קרונוס,IL,נבטי חמניה,לא מנהל יחידת מידה,0.00,לא מנהל יחידת מידה,false,1,9.90,0.0000,true,1,65684
7290012864025,false,מיקס אלפלפא חמניה,קרלסברג יבוא יצוא,IL,נבטי אלפלפא,לא מנהל יחידת מידה,0.00,לא מנהל יחידת מידה,false,1,6.90,0.0000,true,1,127515
7290012864032,false,מיקס עדשים ונבטוטים,קרלסברג ישראל,IL,נבטוטים,לא מנהל יחידת מידה,0.00,לא מנהל יחידת מידה,false,1,9.90,0.0000,true,1,115240
7290012884986,false,תפוגן ציפס לתנור עד 4% שומן 1.5 קג,"תעשיות תפוגן בע""מ",IL,תפוגן לתנור 4% שומן,קילוגרמים,1.50,"ק""ג",false,1,26.90,17.9333,true,1,93847
7290012901355,false,דודלס ארוחת אטריות עם גבינה 206 גרם,האי נאם סי או אל.טי.,US,ארוחת מקרוני עם רוטב על בסיס גבינה,גרמים,206.00,100 גרם,false,1,11.90,5.7767,true,1,105278
7290012901362,false,מחיות תפוח עץ אפלסנק,,CA,מחיות תפוח עץ אפלסנקס אורגני ללס ששיות,גרמים,678.00,100 גרם,false,1,25.90,3.8201,true,1,154005
7290012901959,false,ארוחת אטריות עם גבינה מסולסלים 156 גרם,,US,אטריות עם גבינה מסולסלים Doodles גרם156,גרמים,156.00,100 גרם,false,1,11.90,7.6282,true,1,144276
7290012911170,false,מיסו כהה-מחית פולי סויה,טעמי אסיה Taste of Asia,,"מיסו כהה אסיה 500 מ""ל",מיליליטרים,500.00,"100 מ""ל",false,1,11.90,2.3800,true,1,68543
7290012911187,false,מיסו בהיר-מחית פולי סויה,טעמי אסיה Taste of Asia,,"מיסו בהיר אסיה 500 מ""ל",מיליליטרים,500.00,"100 מ""ל",false,1,11.90,2.3800,true,1,69330
7290012911262,false,"מירין משובח 500 מ""ל",פוקולוקו,CN,"מירין משובח 500 מ""ל",מיליליטרים,500.00,"100 מ""ל",false,1,25.90,5.1800,true,1,77433
7290012911293,false,דפי אורז ללא גלוטן 300 ג',טעמי אסיה Taste of Asia,VN,"דפי אורז 22 ס""מ 300 גרם",גרמים,300.00,100 גרם,false,1,11.90,3.9667,true,1,67063
7290012911415,false,ממרח קארי ירוק 400גר,קיי אר אס ספייסי פוד,TH,ממרח קארי ירוק 400 גרם,גרמים,400.00,100 גרם,false,1,17.90,4.4750,true,1,86361
7290012911422,false,ממרח קארי אדום 400גר,טעמי אסיה Taste of Asia,TH,ממרח קארי אדום 400 גרם,גרמים,400.00,100 גרם,false,1,17.90,4.4750,true,1,82296
7290012911477,false,קרם קוקוס גולד 400 ג,טעמי אסיה Taste of Asia,TH,קרם קוקוס גולד 400 גרם,גרמים,400.00,100 גרם,false,1,7.90,1.9750,true,1,84121
7290012911583,false,רצועות דלעת כבושה-קנפיו,טעמי אסיה Taste of Asia,CN,רצועות דלעת כבושה קנפיו 100 גרם,גרמים,100.00,100 גרם,false,1,9.90,9.9000,true,1,85474
7290012911651,false,"מקלוני אורז 10 מ""מ Rice stick",טעמי אסיה Taste of Asia,TH,איטריות אורז 400 גר,יחידה,1.00,יחידה,false,1,8.90,8.9000,true,1,87342
7290012911675,false,פטריות שיטאקה מיובשות,טעמי אסיה Taste of Asia,IL,פטריות שיטאקה אסיה 85 גרם,גרמים,85.00,100 גרם,false,1,15.90,18.7059,true,1,89352
7290012911729,false,ג'ינג'ר ורוד לסושי 250ג',טעמי אסיה Taste of Asia,CN,גינגר לסושי אסיה 250 גרם,גרמים,250.00,100 גרם,false,1,7.50,3.0000,true,1,88697
7290012911804,false,"שמן שומשום כשר 150 מ""ל",טעמי אסיה Taste of Asia,SG,"שמן שומשום אסיה 150 מ""ל",מיליליטרים,150.00,"100 מ""ל",false,1,11.90,7.9333,true,1,83687
7290012911866,false,דפי אורז מרובעים ללא,טעמי אסיה Taste of Asia,VN,דפי אורז מרובעים 300 גרם,גרמים,300.00,100 גרם,false,1,11.90,3.9667,true,1,91684
7290012911934,false,שבבי אורז 227 גרם כש,lhian thai rice verm,TH,שבבי אורז,יחידה,1.00,יחידה,false,1,7.30,7.3000,true,1,95272
7290012911965,false,ג'ינג'ר לסושי ללא צבע כשר 250ג',טעמי אסיה Taste of Asia,CN,גינגר כבוש 250 גר מזרח ומערב,גרמים,250.00,100 גרם,false,1,8.90,3.5600,true,1,93855
7290012921025,false,"בירה מלכה בהירה 330 מ""ל","בירה מלכה בע""מ",IL,בירה מלכה בהירה 6.5% כוהל 330 מל,מיליליטרים,330.00,"100 מ""ל",false,1,13.90,4.2121,true,1,81922
7290012921032,false,"בירה מלכה אדמונית 330 מ""ל","איי, בי, אינבוו",IL,בירה מלכה אדמונית 5.5% כוהל 330 מל,מיליליטרים,330.00,"100 מ""ל",false,1,13.90,4.2121,true,1,81921
7290012921049,false,בירה מלכה כהה בסגנון,"בירה מלכה בע""מ",IL,"בירה מלכה, כהה, 330 מל",מיליליטרים,330.00,"100 מ""ל",false,1,13.90,4.2121,true,1,76623
7290012921056,false,מלכה בוטיק בירה חיטה,מבשלת בירה ישראלית,IL,"בירה מלכה חיטה, 330 מל",מיליליטרים,330.00,"100 מ""ל",false,1,13.90,4.2121,true,1,90321
7290012936838,true,הל טחון 35גרם,א.ל ייצור ושיווק תבל,IL,תבליני מימון הל טחון 35 גרם,Unknown,0.00,Unknown,false,1,17.90,0.0000,true,1,124838
7290012936937,false,תבלינים בהרט בצנצנת 40 גרם,א.ל ייצור ושיווק תבל,IL,תבליני מימון בהרט 40 גרם,Unknown,0.00,Unknown,false,1,11.50,0.0000,true,1,70470
7290012938580,false,"סנסודיין משחת שיניים להלבנה עדינה 75 מ""ל",גלקסוסמית'קליין קונס,GB,סנסודיין משחת שיניים הלבנה עדינה 75 מל,מיליליטרים,75.00,"100 מ""ל",false,1,21.90,29.2000,true,1,84233
7290012938597,false,"סנסודיין משחת שיניים רפיד רליף 75 מ""ל","סמיתקליין ביצ'ם בע""מ",SK,סנסודיין משחת שיניים הקלה מיידית 75 מל,מיליליטרים,75.00,"100 מ""ל",false,1,21.90,29.2000,true,1,72986
7290012938740,false,"משחת שיניים פרש מינט מנטה 75מ""ל סנסודיין",גלקסו סמית קליין,GB,סנסודיין משחת שיניים מנטה מרענן 75 מל,מיליליטרים,75.00,"100 מ""ל",false,1,21.90,29.2000,true,1,81322
7290012962608,false,"צלחות פלסטיק עבות במיוחד 22 ס""מ-לבן 25 יח'",הוסטס Hostess,,"צלחות פלסטיק עבות במיוחד 25 יחידות 22 ס""",לא מנהל יחידת מידה,0.00,לא מנהל יחידת מידה,false,1,13.90,0.0000,true,1,126883
7290012962677,true,ניילון נצמד הוסטס עם,הדקלאים אגודת שיתופי,TR,"הוסטס ניילון נצמד אורך 150 מטר, רוחב 30 סמ",Unknown,0.00,Unknown,false,1,26.90,0.0000,true,1,132041
7290012962974,false,כפית מהודרת עבה במיו,F.T.I,,כפית מהודרת עבה במיוחד 50 יחידות,לא מנהל יחידת מידה,0.00,לא מנהל יחידת מידה,false,1,8.90,0.0000,true,1,122664
7290012983153,false,סילאן טבעי בקבוק לחיץ תמר כנרת 400 גר,מנדלז סי.אר. פרודקשן,IL,סילאן טבעי 400 לחיץ,גרמים,400.00,100 גרם,false,1,16.90,4.2250,true,1,97078
7290012983610,true,תמר כבוש,מנדלז סי.אר. פרודקשן,IL,תמר כבוש 500 גר',גרמים,500.00,100 גרם,false,1,15.90,3.1800,true,1,120613
7290012996450,false,מרכך כביסה מרוכז פרחי אביב הפי 1 ליטר,יעקובי הפי,BE,"יעקבי האפי מרכך כביסה סופר מרוכז, פרחי אביב",ליטרים,1.00,ליטר,false,1,16.70,16.7000,true,1,67080
7290012996672,false,סבון אסלה + בושם ל24 שעות ביום הפי,יוליניבר,IT,סבון אסלה מבושם יעקבי 2 יחידות,גרמים,43.00,100 גרם,false,1,9.90,23.0233,true,1,112917
7290013027399,false,לחם קמח מלא קל בתוספת שיפון 750 ג' אנג'ל,מאפיית שלמה א. אנג'ל,IL,לחם 100% קמח מלא קל בתוספת שיפון,גרמים,750.00,100 גרם,false,1,16.90,2.2533,true,1,71914
7290013038432,false,מים מזוככים אקווה נובה,אקווה נובה Aqua Nova,IL,אקווה נובה מים מזוככים,ליטרים,2.00,ליטר,false,1,3.90,1.9500,true,1,62056
7290013068361,false,שמן זית אליעד כתית מ,אליעד,IL,שמן זית אליעד כתית מעולה 750 מל,מיליליטרים,750.00,"100 מ""ל",false,1,36.90,4.9200,true,1,141634
7290013068699,false,שמן זית כתית מעולה ע,בית הבד,IL,"שמן זית כתית מעולה עשיר אליעד 750מ""ל",מיליליטרים,750.00,"100 מ""ל",false,1,36.90,4.9200,true,1,145561
7290013068705,false,שמן זית כתית מעולה ק,בית הבד,IL,שמן זית כתית מעולה קטיפתי אליעד750 מל,מיליליטרים,750.00,"100 מ""ל",false,1,36.90,4.9200,true,1,145560
7290013083661,false,תרכובת מזון המשך לפעוטות שלב 1 Extra Care,מטרנה תעשיות ש.מ,IL,מטרנה אקסטרה קייר שלב 1 חיסכון,גרמים,700.00,100 גרם,false,1,64.90,9.2714,true,1,68007
7290013083678,false,תרכובת מזון המשך לפעוטות שלב 2 Extra Care,מולינו ניקולי s.p.a,IL,מטרנה אקסטרה קייר שלב 2 700 גרם,גרמים,700.00,100 גרם,false,1,64.90,9.2714,true,1,68008
7290013083685,false,תרכובת מזון המשך לפעוטות שלב 3 Extra Care,מטרנה תעשיות ש.מ,IL,מטרנה אקסטרה קייר שלב 3 700 גרם,גרמים,700.00,100 גרם,false,1,64.90,9.2714,true,1,68009
7290013092236,false,רני מנטה להקלה בצרבת,פייזר,,רני מנטה,Unknown,0.00,Unknown,false,1,29.90,0.0000,true,1,119589
7290013092571,false,בפנטן פלוס קרם משחה לפצעים וכוויות 30 גר,GP,,בפנטן פלוס משחה,Unknown,0.00,Unknown,false,1,34.90,0.0000,true,1,113550
7290013117212,false,בורקס פילו במילוי גבינה מעדנות 600 גר,מיוצר עי קונדיטוריית,IL,בורקס פילו במילוי גבינה 600 גרם,גרמים,600.00,100 גרם,false,1,22.50,3.7500,true,1,62060
7290013117229,false,"בורקס פילו במילוי תפו""א מעדנות 600 גר",מיוצר עי קונדיטוריית,IL,"בורקס פילו במילוי תפו""א 600 גרם",גרמים,600.00,100 גרם,false,1,22.50,3.7500,true,1,62061
7290013117236,false,בורקס פילו פיצה מעדנות 600 ג',מיוצר עי קונדיטוריית,IL,בורקס פילו פיצה 600 גרם,גרמים,600.00,100 גרם,false,1,22.50,3.7500,true,1,62062
7290013117243,false,בורקס פילו בולגרית מעדנות 600 ג',מיוצר עי קונדיטוריית,IL,בורקס פילו בולגרית 600 גרם,גרמים,600.00,100 גרם,false,1,22.50,3.7500,true,1,62063
7290013117410,false,בצק פריך מרודד למאפים מתוקים 900 ג' מעדנות,מיוצר עי קונדיטוריית,IL,מארז בצק פריך מתוק 450 גר 2*,גרמים,900.00,100 גרם,false,1,25.40,2.8222,true,1,73186
7290013117427,false,בצק פריך מרודד למאפים מלוחים 900 ג' מעדנות,מיוצר עי קונדיטוריית,IL,מארז בצק פריך מלוח *2 450 גרם,גרמים,900.00,100 גרם,false,1,25.40,2.8222,true,1,73187
7290013117526,false,מעדנות בצק שמרים למאפים מתוקים 900 גרם,"מעדנות בע""מ",IL,בצק שמרים למאפים מתוקים 900 גר,גרמים,900.00,100 גרם,false,1,25.40,2.8222,true,1,82392
7290013121028,false,לחם לבן ללא גלוטן 500 גר קפוא,אביב קונדיטוריה מעול,IL,לחם לבן ללא גלוטן 500 גרם,גרמים,500.00,100 גרם,false,1,20.90,4.1800,true,1,72459
7290013121103,false,רביעיית שליש בגט ללא גלוטן 400 גר,אביב קונדיטוריה מעול,IL,שליש בגט 4 יחידות 400 גרם,גרמים,400.00,100 גרם,false,1,20.90,5.2250,true,1,72460
7290013121127,false,לחמניות מיני ללא גלוטן 420 גר קפוא,אביב קונדיטוריה מעול,IL,לחמניות מיני 6 יח ללא גלוטן,גרמים,420.00,100 גרם,false,1,20.90,4.9762,true,1,72461
7290013121165,false,שישיית לחמניות ללא גלוטן 460 גר קפוא,אביב קונדיטוריה מעול,IL,לחמניות ללא גלוטן שישייה 460 גרם,גרמים,460.00,100 גרם,false,1,20.90,4.5435,true,1,89303
7290013144157,false,סחלב מימונס אינסטנט,מיוצר עי קונדיטוריית,IL,סחלב מיימונס 130 גרם,גרמים,130.00,100 גרם,false,1,9.90,7.6154,true,1,121323
7290013144195,false,תערובת כדורי שוקולד מימונס 500 ג',מיוצר עי קונדיטוריית,IL,"מימונס, תערובת כדורי שוקולד, 500 גרם",גרמים,500.00,100 גרם,false,1,17.90,3.5800,true,1,74899
7290013144201,false,תערובת פנקייק מימונס 400 ג',מיוצר עי קונדיטוריית,IL,"מימונס, תערובת פנקייק, 400 גרם",גרמים,400.00,100 גרם,false,1,16.90,4.2250,true,1,65816
7290013144218,false,תערובת עוגת וניל מימונס 560 ג',מיוצר עי קונדיטוריית,IL,תערובת עוגת וניל,גרמים,560.00,100 גרם,false,1,17.90,3.1964,true,1,65152
7290013144232,false,פודינג בטעם וניל מימונס 80 ג',מיוצר עי קונדיטוריית,IL,"מיימון, פודינג בטעם וניל צרפתי",גרמים,85.00,100 גרם,false,1,5.90,6.9412,true,1,65153
7290013144249,false,פודינג שוקולד מימונס 95 ג',א.ל ייצור ושיווק תבל,IL,פודינג שוקולד,גרמים,95.00,100 גרם,false,1,5.90,6.2105,true,1,65817
7290013144263,false,תערובת להכנת מלבי 11,א.ל ייצור תבלינים בע,IL,מימונס מאלבי 112 גרם,גרמים,100.00,100 גרם,false,1,10.90,10.9000,true,1,65818
7290013144270,false,מימונס קרם פטיסייר 100 גםר,מיוצר עי קונדיטוריית,IL,תערובת קרם פטיסייר,גרמים,100.00,100 גרם,false,1,10.90,10.9000,true,1,65819
7290013144317,false,גלילית וופל למילוי מימונס 18 יח',הגביע מוצרי וופלים ב,IL,מימונס ג'וני- גלילית וופל למילוי 150 גרם,לא מנהל יחידת מידה,0.00,לא מנהל יחידת מידה,false,1,22.90,0.0000,true,1,65820
7290013144393,false,"תמצית בטעם וניל מימונס 50 מ""ל",מיוצר עי קונדיטוריית,IL,מימונס תמצית אפיה בטעם וניל 50 מל,מיליליטרים,50.00,"100 מ""ל",false,1,4.90,9.8000,true,1,82841
7290013144409,false,"תמצית בטעם רום מימונס 50 מ""ל",מיוצר עי קונדיטוריית,IL,מימונס תמצית אפיה בטעם רום 50 מל,גרמים,50.00,100 גרם,false,1,4.90,9.8000,true,1,82842
7290013144416,false,"תמצית בטעם שקדים מימונס 50 מ""ל",מיוצר עי קונדיטוריית,IL,מימונס תמצית אפיה בטעם שקדים 50 מל,גרמים,50.00,100 גרם,false,1,4.90,9.8000,true,1,98572
7290013144508,false,"תמצית בטעם ורדים מימונס 50 מ""ל",מיוצר עי קונדיטוריית,IL,מימונס תמצית אפיה בטעם ורדים 50 מל,גרמים,50.00,100 גרם,false,1,9.90,19.8000,true,1,65823
7290013144515,false,צבע מאכל צהוב מימונס 50 ג',מיוצר עי קונדיטוריית,IL,מימונס צבע מאכל צהוב 50 גרם,גרמים,50.00,100 גרם,false,1,4.50,9.0000,true,1,65824
7290013144522,false,צבע מאכל ירוק מימונס 50 ג',מיוצר עי קונדיטוריית,IL,מימונס צבע מאכל ירוק 50 גרם,גרמים,50.00,100 גרם,false,1,4.50,9.0000,true,1,65825
7290013144539,false,צבע מאכל אדום מימונס 50 ג',מיוצר עי קונדיטוריית,IL,מימונס צבע מאכל אדום 50 מל,גרמים,50.00,100 גרם,false,1,4.50,9.0000,true,1,65826
7290013144560,false,צבע מאכל כחול מימונס 50 ג',מיוצר עי קונדיטוריית,IL,מימונס צבע מאכל כחול 50 גרם,גרמים,50.00,100 גרם,false,1,4.50,9.0000,true,1,65827
7290013144614,false,"סירופ מייפל אמיתי 100% מימונס 236 מ""ל",הנסיך- מפעל לייצור ט,CA,סירופ מייפל אמיתי 100% מקנדה 236 מל,מיליליטרים,236.00,"100 מ""ל",false,1,38.90,16.4831,true,1,66729
7290013144751,true,סירופ בטעם מייפל500,א.ל ייצור ושיווק תבל,IL,סירופ בטעם מייפל 500 גרם,מיליליטרים,500.00,"100 מ""ל",false,1,14.90,2.9800,true,1,121361
7290013144768,true,סירופ בטעם שוקולד,א.ל ייצור ושיווק תבל,IL,סירופ בטעם שוקולד 500 גרם,מיליליטרים,500.00,"100 מ""ל",false,1,14.90,2.9800,true,1,121362
7290013144980,false,תרסיס שמן קנולה מימונס 170 גרם,מולינו ניקולי s.p.a,FI,תרסיס שמן קנולה 170 גרם,גרמים,170.00,100 גרם,false,1,14.90,8.7647,true,1,121328
7290013145024,true,אגוז מלך טחון מימונס,מיוצר עי קונדיטוריית,IL,אגוז מלך טחון מימונס 100גרם,גרמים,100.00,100 גרם,false,1,14.90,14.9000,true,1,68049
7290013145031,false,אגוזי לוז מסוכרים מימונס 100 ג',מיוצר עי קונדיטוריית,IL,"מימונס, אגוז לוז מסוכר, 100% טהור 100 גרם",Unknown,0.00,Unknown,false,1,14.90,0.0000,true,1,93519
7290013145048,true,צנוברים,מיוצר עי קונדיטוריית,IL,"מיימונס, צנוברים, 100 גרם",Unknown,0.00,Unknown,false,1,26.90,0.0000,true,1,121366
7290013145055,true,פרג שלם,א.ל ייצור ושיווק תבל,IL,פרג שלם,גרמים,100.00,100 גרם,false,1,6.90,6.9000,true,1,121367
7290013145062,true,סירופ מייפל אמיתי 10,הנסיך- מפעל לייצור ט,CA,"מימונס,100% סירופ מייפל, 187 מל",מיליליטרים,187.00,"100 מ""ל",false,1,27.90,14.9198,true,1,121368
7290013145093,true,שקד מולבן גרוס,מיוצר עי קונדיטוריית,IL,שקד מולבן גרוס,גרמים,100.00,100 גרם,false,1,14.90,14.9000,true,1,121370
7290013145109,true,שקד מולבן טחון 100גר,מיוצר עי קונדיטוריית,IL,"מיימונס, שקד מולבן טחון, 100 גרם",Unknown,0.00,Unknown,false,1,14.90,0.0000,true,1,71988
7290013145116,true,שקד מולבן מקלות,מיוצר עי קונדיטוריית,IL,"מיימונס, שקד מולבן מקלות,100 גרם",Unknown,0.00,Unknown,false,1,14.90,0.0000,true,1,121371
7290013145161,true,פקאן מסוכר,מיוצר עי קונדיטוריית,IL,פקאן מסוכר,גרמים,100.00,100 גרם,false,1,17.90,17.9000,true,1,65241
7290013145178,true,קוקוס טחון לבן,מיוצר עי קונדיטוריית,IL,"מיימונס, קוקוס טחון לבן, 100 גרם",גרמים,100.00,100 גרם,false,1,4.90,4.9000,true,1,121373
7290013145192,true,שומשום,מיוצר עי קונדיטוריית,IL,"מימונס, שומשום, 100% טהור, 100 גרם",גרמים,100.00,100 גרם,false,1,4.90,4.9000,true,1,121374
7290013145215,false,שומשום מימונס 400 גרם,מיוצר עי קונדיטוריית,IL,"מימונס, שומשום 100% טהור, 400 גרם",גרמים,400.00,100 גרם,false,1,15.90,3.9750,true,1,121331
7290013145277,true,עלים לקרמשניט מיימונ,דולפין ספא,IT,עלים לקרמשניט 300 גרם,גרמים,300.00,100 גרם,false,1,16.90,5.6333,true,1,121376
7290013145437,false,שוקולד מריר מעולה ציפס מימונס 250 ג',הנסיך- מפעל לייצור ט,IL,שוקולד צ'יפס מריר מעולה 48% מוצקי קקאו 250 גרם,גרמים,250.00,100 גרם,false,1,14.90,5.9600,true,1,79978
7290013145536,true,סוכריות קישוט שוקולד,א.ל ייצור ושיווק תבל,IL,מימונס סוכריות בטעם שוקולד לקישוט,Unknown,0.00,Unknown,false,1,5.30,0.0000,true,1,121380
7290013145567,false,מיני מיני עדשים מימונס 90 ג',מיוצר עי קונדיטוריית,IL,מימונס מיני מיני עדשים 90 גרם,גרמים,90.00,100 גרם,false,1,9.90,11.0000,true,1,65835
7290013145628,false,סוכריות צבעוניות לקישוט מימונס 200 ג',א.ל ייצור ושיווק תבל,IL,סוכריות אדומות לקישוט 200גרם,גרמים,200.00,100 גרם,false,1,9.90,4.9500,true,1,121335
7290013145710,false,דובדבנים מסוכרים מימונס 100 ג',מיוצר עי קונדיטוריית,IL,דובדבנים מסוכרים לקישוט ואפייה,גרמים,100.00,100 גרם,false,1,8.90,8.9000,true,1,65838
7290013145840,false,סוכר וניל מימונס 10* 10 ג',מיוצר עי קונדיטוריית,IL,סוכר וניל 10 יח' בצלופן,גרמים,100.00,100 גרם,false,1,2.50,2.5000,true,1,82108
7290013145857,false,מימונס אבקת אפיה 10* 10ג',מימונס אפייה,IL,אבקת אפיה 100 1/10 גר,גרמים,100.00,100 גרם,false,1,2.50,2.5000,true,1,82109
7290013145864,false,ג'לטין טהור מימונס 28 ג',א.ל ייצור ושיווק תבל,IL,"ג""לטין טהור אבקה בד""צ 28 גרם",גרמים,28.00,100 גרם,false,1,11.90,42.5000,true,1,81650
7290013145901,true,סודה לשתיה,א.ל ייצור ושיווק תבל,IL,"מיימונס, סודה לשתיה 100 גרם",Unknown,0.00,Unknown,false,1,2.40,0.0000,true,1,121377
7290013145918,false,אבקת סוכר מימונס 100 גר',א.ל. ייצור ושיווק תב,IL,מימונס אבקת סוכר ללא גלוטן 100 גרם,לא מנהל יחידת מידה,0.00,לא מנהל יחידת מידה,false,1,2.40,0.0000,true,1,121356
7290013145956,false,שמרים יבשים בוואקום מימונס 500 ג',הנסיך- מפעל לייצור ט,CN,מימונס שמרים יבשים בואקום 500 גרם,גרמים,500.00,100 גרם,false,1,15.90,3.1800,true,1,115137
7290013145963,true,שמרים בואקום 125 ג,לה - סאף ייצור וסחר,CN,מימונס שמרים יבשים בואקום 125 גרם,גרמים,125.00,100 גרם,false,1,6.90,5.5200,true,1,99801
7290013146274,false,מארז תחתיות מרנג 8 יחידות 100 גרם,סטולורגן - פארק תעשי,IL,"תחתיות מרנג בסיס לקינוח, מוס ופבלובה",לא מנהל יחידת מידה,0.00,לא מנהל יחידת מידה,false,1,19.90,0.0000,true,1,146849
7290013146403,false,סירופ בטעם קרמל מלוח מימונס 500 גרם,מימונס אפייה,IL,סירופ בטעם קרמל מלוח מיימונס 500 מל,מיליליטרים,500.00,"100 מ""ל",false,1,17.90,3.5800,true,1,146848
7290013146656,false,כוכבים תכלת ירוק לבן לקישוט 60 גרם,"מימונס אפיה בע""מ",IL,כוכבים תכלת ירוק לבן לקישוט מיימונס 60 גר,גרמים,60.00,100 גרם,false,1,15.90,26.5000,true,1,144835
7290013146670,false,סוכריות לב סגול ורוד לבן לקישוט 60 גרם,"מימונס אפיה בע""מ",IL,סוכריות לב סגול ורוד לבן לקישוט מיימונס 60מ גר,יחידה,1.00,יחידה,false,1,13.90,13.9000,true,1,144834
7290013146816,false,אבקת סוכר מימונס 500 ג',א.ל ייצור ושיווק תבל,IL,"מיימונס, אבקת סוכר, 500 גרם",גרמים,500.00,100 גרם,false,1,7.50,1.5000,true,1,126416
7290013146854,true,קוקוס לבן מיימונס 4,מיוצר עי קונדיטוריית,IL,"מיימונס, קוקוס לבן טחון, 400 גרם",גרמים,400.00,100 גרם,false,1,15.90,3.9750,true,1,121379
7290013151209,false,קורנישון מלפפון בחומ,יוניקורן פיקלס,,קורנישון מלפפון בחומץ 690 גרם,גרמים,690.00,100 גרם,false,1,11.90,1.7246,true,1,92618
7290013153418,true,מיץ סחוט פריגת לימונ,גת,IL,סחוט לימונענע 1 ליטר,ליטרים,1.00,ליטר,false,1,16.50,16.5000,true,1,132076
7290013153579,true,פריגת קפוא אפרסק 280,פריגת,IL,אפרס מרוכז קפוא 350 גרם,מיליליטרים,280.00,"100 מ""ל",false,1,14.90,5.3214,true,1,132080
7290013153586,false,"משקה פירות יער קפוא פריגת 340 מ""ל",היינץ צפון אמריקה מק,IL,קפוא פירות יער,מיליליטרים,340.00,"100 מ""ל",false,1,14.90,4.3824,true,1,118863
7290013170583,false,פירורית כשרה לפסח 350 גרם,מיוצר עי קונדיטוריית,IL,פירורית זהב כשר לפסח 350 גרם,גרמים,350.00,100 גרם,false,1,10.90,3.1143,true,1,73288
7290013215017,false,פטריות שמפניון זוגות,אראל תוצרת חקלאית בע,IL,פטריות שמפניון צמד חמד מארז זוג,יחידה,0.00,יחידה,false,1,18.90,0.0000,true,1,127521
7290013267665,false,מאגדת מיני סולרו פירות טרופי 6 יח' 354 ג',"מיוצר ע""י גלידת שטרא",IL,מיני סולרו פירות טרופים מאגדת 325 גרם,גרמים,408.00,100 גרם,false,1,26.90,6.5931,true,1,87060
7290013268020,false,סנו - מקסימה מרכך כביסה מרוכז אולטרה פרש 1 ליטר,"סנו מפעלי ברונוס בע""",IL,מרכך מרוכז א.פרש 1ל' 40 כביסות,ליטרים,1.00,ליטר,false,1,18.90,18.9000,true,1,65327
7290013268242,false,תרכיז ריחני לניקוי רצפות בריח מלון מפנק ריצפז פרש,"סנו מפעלו ברונוס בע""",IL,נוזל רצפות פרש הום מלון מפנק,ליטרים,2.00,ליטר,false,1,21.90,10.9500,true,1,143600
7290013268372,false,פוליויקס פרקט בתוספת שמן אורגן 2 ל',סנו פוליויקס,IL,פוליויקס לניקוי הברקה ושימור מראה העץ 2 ליטר,ליטרים,2.00,ליטר,false,1,22.90,11.4500,true,1,145985
7290013268426,false,שמפו קרמה מן נגד קשק,קוסמופארם,,"שמפו קרמה מן נגד קשקשים 700 מ """,מיליליטרים,700.00,"100 מ""ל",false,1,18.90,2.7000,true,1,88357
7290013268563,false,"קרמה - דאודורנט ספריי לגבר ללא אלומיניום כחול קול 200 מ""ל",מיוצר עי אמיליה קוסמ,IL,קרמה מן דאודורנט ספריי ללא אלומיניום קול 200 מל,גרמים,131.00,100 גרם,false,1,16.90,12.9008,true,1,86869
7290013268884,false,סנו ריצפז פרש 2 ליטר מאסק,מיוצר עי קונדיטוריית,IL,ריצפז פרש ניחוח מאסק 2 ליטר,ליטרים,2.00,ליטר,false,1,18.90,9.4500,true,1,69392
7290013268907,false,ג'ל כביסה ביו בטמפרטורות נמוכות,"סנו מפעלי ברונוס בע""",IL,"ג""ל כביסה מקסימה ביו 3 ליטר",ליטרים,3.00,ליטר,false,1,29.90,9.9667,true,1,73260
7290013268914,false,סנו מקסימה ג'ל כביסה סמארט 3 ל',סנו מקסימה,IL,מקסימה סמארט,ליטרים,3.00,ליטר,false,1,37.90,12.6333,true,1,117268
7290013268983,false,מרכך כביסה סופר מרוכז בבישום עוצמתי סנו מקסימה 1 ל',"סנו מפעלי ברונוס בע""",IL,מרכך כביסה מקסימה מרוכז גוי 1 ליטר,ליטרים,1.00,ליטר,false,1,18.90,18.9000,true,1,152115
7290013268990,false,סנו - מקסימה מרכך כביסה מרוכז ביו 1 ליטר,"סנו מפעלי ברונוס בע""",IL,מרכך מרוכז ביו 1ליטר 40 כביסות,ליטרים,1.00,ליטר,false,1,18.90,18.9000,true,1,73262
7290013269003,false,מרכך כביסה סופר מרוכז בייבי לתינוקות ולעור רגיש,"סנו מפעלי ברונוס בע""",IL,מקסימה מרכך כביסה סופר מרוכז בייבי 1 ליטר,ליטרים,1.00,ליטר,false,1,18.90,18.9000,true,1,73053
7290013269287,false,סנו - מקסימה ג'ל כביסה מרוכז מאסק 3 ליטר,"סנו מפעלי ברונוס בע""",IL,"ג""ל כביסה מקסימה בניחוח מאסק 3 ליטר",ליטרים,3.00,ליטר,false,1,29.90,9.9667,true,1,76282
7290013269300,false,ניילון נצמד + לשימוש במיקרוגל,"מיוצר בהונג קונג, סי",CN,"סנו סושי ניילוןנצמד פלוס150 מ """,מטרים,15000.00,מטר,false,1,29.90,0.0020,true,1,92651
7290013269348,false,K3 תחנת פיתיון קוטל תיקנים (ג'וקים) בבית ובחצר,טרופיקל דגיל תעשיות,IL,K3 תחנת פיתיון- קוטל תיקנים (ג'וקים) בבית ובחצר,לא מנהל יחידת מידה,0.00,לא מנהל יחידת מידה,false,1,49.90,0.0000,true,1,141503
7290013269621,false,ריצפז פרש לניקוי רצפות בניחוח מלון בוטיק,מיוצר עי קונדיטוריית,IL,"סנו ריצפז, תרכיז ריחני לניקוי כל סוגי הרצפות",ליטרים,2.00,ליטר,false,1,21.90,10.9500,true,1,123315
7290013269638,true,ספוג הפלא אקסטרא,טרופיקל דגיל תעשיות,IL,סנו סושי - ספוג הפלא EXTRA,יחידה,1.00,יחידה,false,1,12.90,12.9000,true,1,110339
7290013269645,false,מטליות לחות לניקוי הרצפה בניחוח מאסק ריצפז פרש,סנו מפעלי ברונוס בעמ,IL,מטליות רצפז מאסק,Unknown,0.00,Unknown,false,1,14.90,0.0000,true,1,94662
7290013269706,false,"סנובון ג'ל לאסלה אוקיאנוס נתלה 55מ""ל",סנו סנובון,PL,ג'ל אסלה סנו,מיליליטרים,55.00,"100 מ""ל",false,1,12.80,23.2727,true,1,79464
7290013269751,false,מטליות לחותריצפז פרש לניקוי ריצפה בניחות מלון בוטיק 10 יח' סנו,טרופיקל דגיל תעשיות,IL,"סנו רצפז, מטליות לחות לניקוי הרצפה.",לא מנהל יחידת מידה,7.50,לא מנהל יחידת מידה,false,1,14.90,1.9867,true,1,122969
7290013269850,false,סנו - סושי נייר אפיה אקולוגי 50 יח',מולינו ניקולי s.p.a,IL,סושי אפיה אק - עשוי מהצומח,לא מנהל יחידת מידה,0.00,לא מנהל יחידת מידה,false,1,16.70,0.0000,true,1,85319
7290013269867,false,"סנו סושי זוג מפות שולחן 120*180 ס""מ",מיוצר עי קונדיטוריית,IL,סושי זוג מפות ארוח,Unknown,0.00,Unknown,false,1,8.90,0.0000,true,1,103082
7290013269942,false,"סנו K מעופפים פירטרום 400 מ""ל",מיוצר עי קונדיטוריית,IL,"סנו K פירטרום 400 מ""ל",מיליליטרים,400.00,"100 מ""ל",false,1,23.90,5.9750,true,1,78558
7290013276124,false,"בירה נגב אמבר אייל 330 מ""ל","איי, בי, אינבוו",IL,"נגב, אמבר אייל, בירה, 330 מל",מיליליטרים,330.00,"100 מ""ל",false,1,14.90,4.5152,true,1,118080
7290013284310,false,רוטב פסטה לילדים 240 גרם פריניר,פריניר ( הדס 1987) ב,IL,פריניר רוטב פסטה טעים לילדים 240 גרם,גרמים,240.00,100 גרם,false,1,5.90,2.4583,true,1,91748
7290013284662,false,רוטב פיצה פיתה לילדים 240 ג' פריניר,פריניר ( הדס 1987) ב,IL,פריניר רוטב פיצה פיתה 240 גרם,גרמים,240.00,100 גרם,false,1,5.90,2.4583,true,1,103880
7290013310101,false,"שיפודי במבוק ג'מבו 50 יח' עובי 5 מ""מ אורך 30 ס""מ",הדקלאים אגודת שיתופי,CN,שיפודי במבוק ג'מבו 50 יחידות,Unknown,0.00,Unknown,false,1,5.90,0.0000,true,1,107206
7290013310163,false,מדליק פחם מוצק 40 יח' EASY LIGHT,הדקלאים אגודת שיתופי,DE,מדליק פחם מוצק,יחידה,1.00,יחידה,false,1,7.90,7.9000,true,1,77472
7290013310187,false,כוסות נייר 50 יח לשת,,,כוסות נייר 50 יח לשתיה חמה קרה,יחידה,1.00,יחידה,false,1,8.90,8.9000,true,1,126728
7290013310576,false,"כוסות נייר 240-8BOZמ""ל שתיה חם/קר הוסטס 50 יח'",ACSP,CN,כוסות נייר 8 לשתייה חמה 50יח 240מל,יחידה,1.00,יחידה,false,1,10.90,10.9000,true,1,150814
7290013358356,false,מאסטר שף פירורי לחם מוזהבים 320 גרם,מנה י.א בעמ,IL,פירורי לחם מוזהבים 350 גרם מאסטר שף,גרמים,300.00,100 גרם,false,1,7.90,2.6333,true,1,76255
7290013358363,false,פירורי לחם פנקו מזוהבים מאסטר שף מנה 300 ג',קריניציה ויטמינה אס,IL,פירורי לחם יפנים פנקו 300 גרם,גרמים,300.00,100 גרם,false,1,9.90,3.3000,true,1,86817
7290013358417,false,מנה אסייאתי רוטב טריאקי 300 מל מאסטר שף,קריניציה ויטמינה אס,TH,מאסטר שף רוטב טריאקי אסייאתי 300 מל,מיליליטרים,300.00,"100 מ""ל",false,1,12.90,4.3000,true,1,110851
7290013358448,true,קרוטונים לסלט 4דגנים,"עינת תעשיות מזון אג""",IL,קרוטונים לסלט 4דגנים,גרמים,200.00,100 גרם,false,1,12.90,6.4500,true,1,132130
7290013358462,false,"מיני קרוטונים למרק בתיבול שום, בצל ופטרוזיליה","עינת תעשיות מזון, אג",IL,"מאסטר שף, מיני קרוטונים למרק, 350 גרם",גרמים,350.00,100 גרם,false,1,18.90,5.4000,true,1,96415
7290013358486,false,מאסטר שף פירורי לחם ללא צורך בביצה 300 ג,"מיוצר ע""י מנה י.א בע",IL,פירורי לחם ללא צורך בביצה 300 גרם,גרמים,300.00,100 גרם,false,1,8.90,2.9667,true,1,101659
7290013358493,false,מנה אסייאתי קרם קוקוס פחית 400 מל מ.שף,תאי קוקונט פבליק קומ,TH,מאסטר שף קרם קוקוס 400 מל,מיליליטרים,400.00,"100 מ""ל",false,1,9.90,2.4750,true,1,110714
7290013358516,false,"מיקסלט חמוציות, גרעינים, קטניות ואגוזים",המאפיה של הרמן,IL,מיקסלט עם חמוציות 200 גרם,גרמים,200.00,100 גרם,false,1,14.80,7.4000,true,1,102761
7290013358523,false,מאסטר שף שבבי בצל מטוגן 150 גרם,קריניציה ויטמינה אס,NL,מאסטר שף שבבי בצל מטוגן 150 גרם,גרמים,150.00,100 גרם,false,1,14.80,9.8667,true,1,103471
7290013358530,false,מאסטר שף אסייאתי רוטב צ'ילי מתוק 700 מל,קריניציה ויטמינה אס,TH,מאסטר שף רוטב צ'ילי מתוק 700 מל,מיליליטרים,700.00,"100 מ""ל",false,1,13.90,1.9857,true,1,110648
7290013358547,false,מאסטר שף אסייאתי רוטב צ'ילי חריף 700 מל,קי.אר.אס. ספייסי פוד,TH,מאסטר שף רוטב צ'ילי חריף 700 מל,מיליליטרים,700.00,"100 מ""ל",false,1,13.90,1.9857,true,1,110649
7290013358578,false,מנה אסייאתי אטריות אורז רחבות 400 ג מ.שף,ליינג טונג רייס פלוו,TH,מאסטר שף אטריות אורז רחבות 400 גרם,גרמים,400.00,100 גרם,false,1,9.80,2.4500,true,1,108901
7290013366108,false,אספרגוס בשקית יחידה,כרמל יבולים,IL,אספרגוס,לא מנהל יחידת מידה,0.00,לא מנהל יחידת מידה,false,1,29.90,0.0000,true,1,127759
7290013366658,false,חסה סלנובה עלים חתוך,כרמל יבולים,IL,חסה סלנובה ארוז,קילוגרמים,0.00,"ק""ג",false,1,12.90,0.0000,true,1,120035
7290013389114,false,"ניוקי לה פסטה תפו""א תומר 500 ג'",לה פסטה La' Pasta,,"ניוקי תפו""א 500 גרם",גרמים,500.00,100 גרם,false,1,7.90,1.5800,true,1,110275
7290013389138,false,"ניוקי 500 ג' ""לה פסטה"" שלושה צבעים 500 גר' 12X",לה פסטה La' Pasta,,ניוקי שלושה צבעים 500 גרם,גרמים,500.00,100 גרם,false,1,7.90,1.5800,true,1,99001
7290013389381,false,"קמח תירס פולנטה מולינו 1 ק""ג",מולינו פילה,IT,קמח תירס,לא מנהל יחידת מידה,0.00,לא מנהל יחידת מידה,false,1,10.90,0.0000,true,1,127698
7290013430083,false,"בירה אלכסנדר בלונד בקבוק 330 מ""ל",מנדלז סי.אר. פרודקשן,IL,אלכסנדר בירה ישראלית מעולה בלונד 330 מל,מיליליטרים,330.00,"100 מ""ל",false,1,13.90,4.2121,true,1,107071
7290013430090,false,בירה אלכסנדר אמברה AMBREE בירה ישראלית,מנדלז סי.אר. פרודקשן,IL,אלכסנדר בירה ישראלית מעולה ענברי 330 מל,מיליליטרים,330.00,"100 מ""ל",false,1,13.90,4.2121,true,1,107072
7290013440648,false,מאגדת קרחוני אבטיח 5 יח' נסטלה,גלידות נסטלה (נגה גל,IL,שלגוני אבטיח מארז 5 יחידות,גרמים,540.00,100 גרם,false,1,25.90,4.7963,true,1,75879
7290013451927,false,פריכיות כוסמת ללא תוספת מלח,זן - בר,IL,פריכיות אורז כוסמת ללא מלח,גרמים,175.00,100 גרם,false,1,10.90,6.2286,true,1,100857
7290013453068,false,עוגיות כוסמין ופירות יער ללא ת.ס 240 גר,האי נאם סי או אל.טי.,IL,עוגיות כוסמין ופירות יער,לא מנהל יחידת מידה,0.00,לא מנהל יחידת מידה,false,1,24.90,0.0000,true,1,120248
7290013453082,true,עוגיות כוסמין שוקולד,האי נאם סי או אל.טי.,IL,דני וגלית עוגיות כוסמין שוקולדצ'יפס 230 גרם,לא מנהל יחידת מידה,0.00,לא מנהל יחידת מידה,false,1,24.90,0.0000,true,1,120238
7290013453105,true,עוגיות לתה קמח מלא v,דני וגלית בעמ,IL,עוגיות לתה קמח מלא vegan,גרמים,250.00,100 גרם,false,1,24.90,9.9600,true,1,120255
7290013453136,true,עוגיות טבעוני כוסמין,האי נאם סי או אל.טי.,IL,דני וגלית עוגיות כוסמין שטרודל תפוחים 230 גרם,לא מנהל יחידת מידה,0.00,לא מנהל יחידת מידה,false,1,24.90,0.0000,true,1,121032
7290013453150,false,עוגיות קוקוס ואגוזי,האי נאם סי או אל.טי.,IL,דני וגלית עוגיות קוקוס ואגוזי לוז,יחידה,1.00,יחידה,false,1,25.90,25.9000,true,1,112332
7290013453174,false,קריספיס אגוזי לוז ומשמש 170 גר,האי נאם סי או אל.טי.,IL,קרקר משמש ואגוזי לוז vegan,לא מנהל יחידת מידה,0.00,לא מנהל יחידת מידה,false,1,25.90,0.0000,true,1,120560
7290013453242,true,עוגיות אניס קמח מלא,דני וגלית בעמ,IL,דני וגלית עוגיות אניס מרוקאיות,לא מנהל יחידת מידה,0.00,לא מנהל יחידת מידה,false,1,24.90,0.0000,true,1,121029
7290013453259,false,עוגיות חטיפי חמאת קו,האי נאם סי או אל.טי.,IL,חטיפי חמאת קוקוס ושוקולדצ'יפס,גרמים,230.00,100 גרם,false,1,25.90,11.2609,true,1,111769
7290013453389,false,עוגיות חלבון חמאת בוטנים 180 גרם,דני וגלית בעמ,IL,עוגיות חלבון נוטריברייק ח.בוטנים180 גרם,גרמים,180.00,100 גרם,false,1,22.90,12.7222,true,1,132169
7290013453396,false,עוגיות חלבון חלווה 180 גרם,דני וגלית בעמ,IL,עוגיות חלבון נוטריברייק חלבה 180 גרם,גרמים,180.00,100 גרם,false,1,22.90,12.7222,true,1,120399
7290013453419,false,עוגיות חלבון שוקולד 180 גרם,דני וגלית בעמ,IL,עוגיות חלבון נוטריברייק שוקולד180גרם,גרמים,180.00,100 גרם,false,1,22.90,12.7222,true,1,120398
7290013453587,true,עוגיות גרנולה שוקוצי,האי נאם סי או אל.טי.,IL,דני וגלית עוגיות גרנולה ושוקולדצ'יפס 230 גרם,לא מנהל יחידת מידה,0.00,לא מנהל יחידת מידה,false,1,25.90,0.0000,true,1,121027
7290013453594,true,עוגיות גרנולה חמוציו,האי נאם סי או אל.טי.,IL,דני וגלית עוגיות גרנולה חמוציות וקשיו 230 גרם,לא מנהל יחידת מידה,0.00,לא מנהל יחידת מידה,false,1,25.90,0.0000,true,1,121026
7290013453600,false,ביסקוט שוקוציפס ופירות מיובשים 200 גרם,דני וגלית בעמ,IL,עוגיות ביסקוטי שוקולדציפס ואגוזי לוז,לא מנהל יחידת מידה,0.00,לא מנהל יחידת מידה,false,1,25.90,0.0000,true,1,121028
7290013453617,false,ביסקוטי שקדים וקוקוס 200 גרם,האי נאם סי או אל.טי.,IL,עוגיות ביסקוטי שקדים וקוקוס לנמנעים לגלוטן,גרמים,170.00,100 גרם,false,1,26.90,15.8235,true,1,142752
7290013453624,true,עוגיות שוקולד ציפס מ,האי נאם סי או אל.טי.,IL,עוגיות שוקולד ציפס מ,לא מנהל יחידת מידה,0.00,לא מנהל יחידת מידה,false,1,26.90,0.0000,true,1,121031
7290013453631,false,עוגיות חמאת בוטנים ושוקולד מפצפוצי אורז מלא,האי נאם סי או אל.טי.,IL,כדורי חמאת בוטנים שוקולדציפס ללג 230גרם,גרמים,230.00,100 גרם,false,1,26.90,11.6957,true,1,124118
7290013453648,true,עוגיות פירות יער מקמ,האי נאם סי או אל.טי.,IL,עוגיות פירות יער מקמ,לא מנהל יחידת מידה,0.00,לא מנהל יחידת מידה,false,1,26.90,0.0000,true,1,121030
7290013453655,false,עוגיות קוקוס ולוז מקמח שקדים וקמח אורז מלא,האי נאם סי או אל.טי.,IL,עוגיות קוקוס ולוז מקמח שקדים וקמח אורז מלא,לא מנהל יחידת מידה,0.00,לא מנהל יחידת מידה,false,1,26.90,0.0000,true,1,124085
7290013472199,false,ערמונים קלופים וקלויים 105 גרם,בייג'גג פוינונג,CN,ערמונים קלופים 105 גרם,גרמים,105.00,100 גרם,false,1,5.90,5.6190,true,1,84151
7290013472892,false,בולגריה קוביות במי מלח - מרכיבי חלב ושומן צמחי,"קוליוס אס.איי, גריק",GR,הבולגריה בקוביות במי מלח 200 גרם,גרמים,200.00,100 גרם,false,1,12.90,6.4500,true,1,86346
7290013492005,false,תפוח אדמה אדום למיקרו 600 ג',שרווין ווליאמס,IL,תפוא זעיר למיקרו יח,יחידה,0.00,יחידה,false,1,7.90,0.0000,true,1,107183
7290013521101,false,פטוציני כוסמין תרד 350 גר,השדה מוצרים אורגניים,HU,פטוציני כוסמין תרד350 גרם השדה,גרמים,350.00,100 גרם,false,1,21.90,6.2571,true,1,115379
7290013521194,false,"טורטיליוני כוסמת לל""ג אורגני 250 גרם",השדה מוצרים טבעיים ו,IT,טורטיליוני כוסמת אורגני 250 גרם ללא גלו,גרמים,250.00,100 גרם,false,1,13.90,5.5600,true,1,154010
7290013521200,false,"פוזילי אפונה ירוקה לל""ג אורגני 250 גרם",השדה מוצרים טבעיים ו,IT,פוזילי אפונה ירוקה אורגני 250 גרם ללא ג,גרמים,250.00,100 גרם,false,1,13.90,5.5600,true,1,154011
7290013521231,false,פסטה כוסמין אורגנית עם תרד ועגבניות,השדה מוצרים אורגניים,HU,פסטה כוסמין טריקולור400גרם השדה,גרמים,400.00,100 גרם,false,1,21.90,5.4750,true,1,115362
7290013521309,false,מיונז אורגני השדה 33,השדה מוצרים טבעיים ו,NL,מיונז אורגני,גרמים,330.00,100 גרם,false,1,23.90,7.2424,true,1,115623
7290013521316,false,ממרח אורגני בטעם מיונז ללא ביצים 230 גר,השדה מוצרים אורגניים,NL,ממרח בטעם מיונז ללא ביצים,גרמים,230.00,100 גרם,false,1,19.90,8.6522,true,1,115624
7290013521385,false,רסק תפוחים אורגני 700 גר,השדה מוצרים אורגניים,NL,רסק תפוחים 100%,גרמים,700.00,100 גרם,false,1,20.90,2.9857,true,1,122766
7290013521408,false,אבקת מרק ירקות אורגני 200 גר,השדה מוצרים אורגניים,NL,אבקת מרק ירקות,גרמים,200.00,100 גרם,false,1,25.90,12.9500,true,1,115540
7290013521415,false,אבקת מרק אורגני 20 בטעם עוף 200 גר,השדה מוצרים אורגניים,NL,אבקת מרק אורגנית בטעם עוף,גרמים,200.00,100 גרם,false,1,25.90,12.9500,true,1,115539
7290013521491,false,קטשופ אורגני 567 גרם,שוורצקוף& הנקל דיסלד,US,"קטשופ אורגני 567 גרם לל""ג השדה",גרמים,567.00,100 גרם,false,1,18.90,3.3333,true,1,121902
7290013521545,true,עוגיות ציפוי חרובים,"הגביע מוצרי ופל בע""מ",IL,עוגיות חצי ירח אורגניות מקמח מלא בציפוי קרם חרובים,גרמים,180.00,100 גרם,false,1,14.90,8.2778,true,1,120511
7290013521842,false,ציפס תפוח אדמה אפוי 65 גרם,"סיבי, נובי פריס",SK,ציפס תפוח אדמה אפוי השדה 65 גרם,גרמים,65.00,100 גרם,false,1,12.90,19.8462,true,1,154012
7290013521859,false,חטיף ציפס אורגני מירקות שורש 65 גרם,"סיבי, נובי פריס",SK,ציפס תפוח אדמה אפוי ירקות השדה 65 גרם,גרמים,65.00,100 גרם,false,1,12.90,19.8462,true,1,154013
7290013521866,false,חטיף אורגני מתפוחי אדמה ללא מלח 65 גרם,"סיבי, נובי פריס",SK,ציפס תפוח אדמה אפוי פיקנטי השדה 65 גרם,גרמים,65.00,100 גרם,false,1,12.90,19.8462,true,1,154014
7290013521965,false,עוגיות אורגניות מקמח כוסמין מלא 180 גרם,השדה מוצרים טבעיים ו,IL,עוגיות חצי ירח אורגניות קמח כוסמין מלא,גרמים,180.00,100 גרם,false,1,17.90,9.9444,true,1,123556
7290013531582,false,מארז זיתים ירוקים מגולענים יכין 200 גרם,קרלו,IL,יכין זיתים ירוקים נטולי גלעינים שלישייה 3*200,גרמים,200.00,100 גרם,false,1,13.90,6.9500,true,1,125973
7290013531759,false,שעועית אפויה במים 550 ג' יכין,"זנלכל בע""מ",IL,שעועית אפויה במים יכין 310 גרם,גרמים,310.00,100 גרם,false,1,8.90,2.8710,true,1,108166
7290013542151,false,נרות שבת,,,נרות שבת,יחידה,1.00,יחידה,false,1,10.00,10.0000,true,1,82982
7290013585233,false,"ספרייט זירו פחית סליק 330 מ""ל",גוד פוד פרודקטס S.p,IL,"גזוז בטעם לימון ליים דל קלוריות 330 מ""ל",מיליליטרים,330.00,"100 מ""ל",false,1,5.90,1.7879,true,1,107848
7290013585257,false,ספרייט זירו בקבוק 500מל,החברה המרכזית לייצור,IL,"ZERO ספרייט 500 מ""ל",מיליליטרים,500.00,"100 מ""ל",false,1,7.50,1.5000,true,1,107846
7290013585387,false,קוקה קולה זירו בקבוק,פארייפאבה אגרואינדוס,IL,ZERO תריסר 1 ליטר,ליטרים,1.00,ליטר,false,1,8.00,8.0000,true,1,106385
7290013585394,false,משקה קוקה קולה 1 ליט,פארייפאבה אגרואינדוס,IL,קוקה קולה 1 ליטר תריסר,ליטרים,1.00,ליטר,false,1,8.00,8.0000,true,1,106384
7290013608260,false,פרימור מיץ רימונים 100% סחוט טרי 1ל',"גניר (1992) בע""מ",IL,7290068700001,ליטרים,1.00,ליטר,false,1,26.00,26.0000,true,1,101410
7290013608482,true,נקטר מנגו פרימור,סטאר סנקס,IL,פרימור נקטר מנגו 1 ליטר‏,Unknown,0.00,Unknown,false,1,8.90,0.0000,true,1,126374
7290013608550,false,נקטר תפוזים 1 ל' פרימור,סטאר סנקס,IL,נקטר תפוזים,לא מנהל יחידת מידה,0.00,לא מנהל יחידת מידה,false,1,8.90,0.0000,true,1,126378
7290013608604,false,"משקה קל תפוחי עץ פרימור 500 מ""ל",סטאר סנקס,IL,משקה קל תפוחים ‏5‏.‏0‏ ליטר,מיליליטרים,500.00,"100 מ""ל",false,1,5.90,1.1800,true,1,126358
7290013608635,false,משקה לימונים עם נענע 1ל' פרימור,סטאר סנקס,IL,נקטר לימונים עם נענע פרימור,לא מנהל יחידת מידה,0.00,לא מנהל יחידת מידה,false,1,8.90,0.0000,true,1,126380
7290013608642,true,נקטר אפרסק פרימור,סטאר סנקס,IL,נקטר אפרסק,Unknown,0.00,Unknown,false,1,8.90,0.0000,true,1,126381
7290013608673,false,נקטר תפוחי עץ 1 ל' פרימור,סטאר סנקס,IL,נקטר תפוחי עץ ‏1‏ל,לא מנהל יחידת מידה,0.00,לא מנהל יחידת מידה,false,1,8.90,0.0000,true,1,126382
7290013608703,false,"משקה קל אשכליות 500 מ""ל פרימור",סטאר סנקס,IL,משקה קל אשכולית 0.5 ליטר,מיליליטרים,500.00,"100 מ""ל",false,1,5.90,1.1800,true,1,126359
7290013608772,false,"משקה קל תפוזים פרימור 500 מ""ל",סטאר סנקס,IL,פרימור משקה קל תפוזים ‏5‏.‏0 ליטר,מיליליטרים,500.00,"100 מ""ל",false,1,5.90,1.1800,true,1,126357
7290013608796,false,"משקה קל תות בננה 500 מ""ל פרימור",,,משקה קל תות בננה 0.5 ליטר,מיליליטרים,500.00,"100 מ""ל",false,1,5.90,1.1800,true,1,126361
7290013645494,true,עוגיות מרוקאיות 230ג,,,עוגיות מרוקאיות 230ג,לא מנהל יחידת מידה,0.00,לא מנהל יחידת מידה,false,1,21.90,0.0000,true,1,120434
7290013645722,false,עוגיות שוקולד ציפס 2,מוצרי הכט,IL,עוגיות שוקולד ציפס 200 גרם,גרמים,200.00,100 גרם,false,1,22.90,11.4500,true,1,122171
7290013650559,false,גולש סויה 75%חלבון 300 גר,"העידן האורגני בע""מ",,גולש סויה 75% חלבון 200 גרם,גרמים,200.00,100 גרם,false,1,11.90,5.9500,true,1,98760
7290013659248,false,כיסוי מגבת לייבוש השיער,יושלם,,ספוג רחצה לגב,Unknown,0.00,Unknown,false,1,19.90,0.0000,true,1,86597
7290013677563,true,קינואה אדומה מיה 5,מיה,IL,קינואה אדומה מיה 500 גרם,גרמים,500.00,100 גרם,false,1,12.90,2.5800,true,1,156767
7290013702418,false,"שוופס מוגז עדין אפרסק זכוכית 330 מ""ל",יפאורה תבורי בעמ,IL,"שוופס מוגז עדין אפרסק 330 מ""ל זכוכית",מיליליטרים,330.00,"100 מ""ל",false,1,6.90,2.0909,true,1,114734
7290013702708,false,"שוופס מוגז עדין אננס זכוכית 330 מ""ל",יפאורה תבורי בעמ,IL,"שוופס מוגז עדין אננס 330 מ""ל זכוכית",מיליליטרים,330.00,"100 מ""ל",false,1,6.90,2.0909,true,1,115716
7290013713001,false,"בירה גמס אמבר איל 330 מ""ל","אביר הבר בע""מ",IL,בירה ג'מס אמבר אייל 330 מל,מיליליטרים,330.00,"100 מ""ל",false,1,13.90,4.2121,true,1,115202
7290013713025,false,"בירה ג'מס פילס בקבוק 330 מ""ל","אביר הבר בע""מ",IL,בירה ג'מס פילס 330 מל,מיליליטרים,330.00,"100 מ""ל",false,1,13.90,4.2121,true,1,115201
7290013713032,false,"בירה ג'מס חיטה בקבוק 330 מ""ל","אביר הבר בע""מ",IL,בירה ג'מס חיטה מעוננת 330 מל,מיליליטרים,330.00,"100 מ""ל",false,1,13.90,4.2121,true,1,115203
7290013713049,false,"בירה גמס 8.8 איל בלגי מחוזקת 330 מ""ל","אביר הבר בע""מ",IL,"בירה ג'מס חזקה מאד 8.8, 330 מל",מיליליטרים,330.00,"100 מ""ל",false,1,13.90,4.2121,true,1,115204
7290013724977,false,צימוקים בשוקולד מריר 140 גר שקדיה,"דין שיווק וקלייה בע""",IL,משוקלדים צימוק מריר 140 גר קופסא,גרמים,140.00,100 גרם,false,1,10.90,7.7857,true,1,99142
7290013724991,false,אגוזי לוז בשוקולד חלב 140 גר שקדיה,"דין שיווק וקלייה בע""",IL,משוקלדים לוז חלב 140 גר קופסא,גרמים,140.00,100 גרם,false,1,10.90,7.7857,true,1,152696
7290013725820,false,אגוזי לוז בשוקולד מריר 140 גר שקדיה,"דין שיווק וקלייה בע""",IL,אגוזי לוז בציפוי שוקולד מריר 140 גרם,גרמים,140.00,100 גרם,false,1,10.90,7.7857,true,1,64593
7290013746238,false,ציפסקוקיס מכוסמין 250 גרם,"דגן מיני מזונות בע""מ",IL,עוגיות צ'יפס קוקיס מכוסמין,גרמים,300.00,100 גרם,false,1,33.90,11.3000,true,1,119647
7290013746368,false,עוגיות כוסמין ושקדים,"דגן מיני מזונות בע""מ",IL,עוגיות כוסמין ושקדים,גרמים,300.00,100 גרם,false,1,33.90,11.3000,true,1,119648
7290013746504,false,מקלוני כוסמין עשבי תיבול 200 גרם,"דגן מיני מזונות בע""מ",IL,מקלוני כוסמין עשבי תיבול דגן,גרמים,200.00,100 גרם,false,1,29.90,14.9500,true,1,119640
7290013746788,false,מקלוני כוסמין עם עגבניה ואורגנו 200 גרם,פרוטרופיק סיה.,IL,מקלוני כוסמין עגבניה ואורגנו דגן,גרמים,200.00,100 גרם,false,1,29.90,14.9500,true,1,119641
7290013847386,true,טונה סטרקיסט ליי,"סטארקיסט פודור בע""מ",TH,140 גרם טונה 4% טבעי לייט,גרמים,140.00,100 גרם,false,1,8.50,6.0714,true,1,122724
7290013847393,true,לייט טונה סטריקיסט,"סטארקיסט פודור בע""מ",TH,140 גרם טונה 4% עשבי תיבול לייט,גרמים,140.00,100 גרם,false,1,8.50,6.0714,true,1,122725
7290013847409,true,טונה סטרקיסט לייט 4%,"סטארקיסט פודור בע""מ",TH,טונה סטרקיסט לייט 4% שומן עם לימון,גרמים,140.00,100 גרם,false,1,8.50,6.0714,true,1,122757
7290013847553,false,נתחי טונה בהירה במים דל נתרן - מארז רביעיה,"סטארקיסט פודור בע""מ",TH,טונה במים דל נתרן,גרמים,640.00,100 גרם,false,1,27.90,4.3594,true,1,117420
7290013847645,false,שלישית טונה בשמן זית 3*80 ג' סטארקיסט,סטארקיסט Starkist,TR,סטארקיסט טונה בשמן זית 3 יח 80 גרם,גרמים,240.00,100 גרם,false,1,16.90,7.0417,true,1,126777
7290013848345,false,מארז מטליות לחיטוי וניקוי יסודי אנטיבקטריאלי 99.9%,סנו מפעלי ברונוס בעמ,IL,מטליות לחות שלישייה לניקוי 99%,לא מנהל יחידת מידה,0.00,לא מנהל יחידת מידה,false,1,21.90,0.0000,true,1,124072
7290013848758,false,מקסימה גל כביסה מרוכז בייבי 3ליטר סנסטיב,"סנו מפעלי ברונוס בע""",IL,ג'ל כביסה בייבי 3ליטר,ליטרים,3.00,ליטר,false,1,35.90,11.9667,true,1,96989
7290013883148,true,הפי סופג ריחות במקרר,יוליניבר,IT,יעקבי הפי סופג ריחות במקרר 40 גר',לא מנהל יחידת מידה,0.00,לא מנהל יחידת מידה,false,1,14.90,0.0000,true,1,122574
7290013883407,false,דזיטול מחטא ומשמיד חיידקים-מרסס,יעקבי - דזיטול Desytol,ES,יעקבי דזיטול ספריי מחטא ומשמיד חיידקים 750 מל,מיליליטרים,500.00,"100 מ""ל",false,1,19.90,3.9800,true,1,80036
7290013903099,false,תחליף רוקפור טבעוני,ביוט איילנד פודס בעמ,,רוקפור טבעונית ליב 200 גרם,גרמים,200.00,100 גרם,false,1,22.90,11.4500,true,1,116488
7290013903259,false,תות שדה אורגני מוקפא 300 גר,פריגו,RS,תות שדה אורגני מוקפא 350 גרם,גרמים,350.00,100 גרם,false,1,20.90,5.9714,true,1,124230
7290013903266,false,תערובת פירות יער אורגני מוקפא 300 גר,פריגו,RS,תערובת פירות יער אורגנית 350 גרם,גרמים,350.00,100 גרם,false,1,20.90,5.9714,true,1,124231
7290013903273,false,אדממה אורגני קפוא 400 גר,זהג'יאנג קינגסור פוד,CN,"ליב, אדממה אורגני, 400 גרם",גרמים,400.00,100 גרם,false,1,11.90,2.9750,true,1,124232
7290013903327,false,טופו טבעי 2 יח 500 גר,אין תעשיות,IL,טופו 500 גרם ליב טבעי,גרמים,500.00,100 גרם,false,1,18.90,3.7800,true,1,125445
7290013903594,false,רסק תפוחים טבעי 670 גרם ליב,טעמי הגליל בעמ,IL,רסק תפוחים טבעי ליב,גרמים,670.00,100 גרם,false,1,11.90,1.7761,true,1,125969
7290013906052,false,נקניקיות פרגיות טירת צבי 300 גר',הנסיך- מפעל לייצור ט,IL,נקניקיות פרגיות 300 גרם,גרמים,300.00,100 גרם,false,1,13.90,4.6333,true,1,87945
7290013906205,false,פסטרמה עם שום וצילי טירת צבי 400 ג',הנסיך- מפעל לייצור ט,IL,"פסטרמה שום וצ""ילי 400 גר",גרמים,400.00,100 גרם,false,1,30.90,7.7250,true,1,92790
7290013906212,false,"נקנקיות וינר טירת 1 ק""ג טירת צבי",הנסיך- מפעל לייצור ט,IL,נקנקיות וינר,קילוגרמים,1.00,"ק""ג",false,1,28.90,28.9000,true,1,92989
7290013906441,false,קבנוס טירת צבי 120 גר,הנסיך- מפעל לייצור ט,IL,קבנוס נקניק מעושן יבש 120 גרם,גרמים,120.00,100 גרם,false,1,11.90,9.9167,true,1,95525
7290013906458,false,קבנוס בטעם פיקנטי טירת צבי 120 גר,הנסיך- מפעל לייצור ט,IL,טירת צבי קבנוס פיקנטי נקניק מעושן יבש 120 גרם,גרמים,120.00,100 גרם,false,1,11.90,9.9167,true,1,99057
7290013906489,false,חטיפי מיני קבנוס 120 ג' טירת צבי,הנסיך- מפעל לייצור ט,IL,טירת צבי חטיפי מיני קבנוס 120 גרם,גרמים,120.00,100 גרם,false,1,11.90,9.9167,true,1,99058
7290013906496,false,פסטרמה עגל בסגנון רומני טירת צבי 120 גר,הנסיך- מפעל לייצור ט,IL,פסטרמה עגל בסגנון רומני 120 גרם,גרמים,120.00,100 גרם,false,1,15.90,13.2500,true,1,103360
7290013906519,false,פרושוטו בקר דליקטיב 100 גרם,הנסיך- מפעל לייצור ט,IL,פרושוטו בקר 100 גרם,גרמים,100.00,100 גרם,false,1,26.90,26.9000,true,1,103361
7290013906687,false,פסט' צמד כפרית ברביקיו ודבש 300X2ג' טירת צבי,הנסיך- מפעל לייצור ט,IL,צמד כפרית ברביקיו דבש 600 גר',גרמים,600.00,100 גרם,false,1,29.90,4.9833,true,1,149242
7290013906694,false,נקניקיות שקית קילו וחצי טירת צבי,הנסיך- מפעל לייצור ט,IL,"נקניקיות עוף 1.5 ק""ג",קילוגרמים,1.00,"ק""ג",false,1,39.00,39.0000,true,1,153821
7290013927637,false,חלווה ללא תוספת סוכר 400 גר' אחוה,אחדות ביחר לטחינה חל,IL,אחוה חלוה ללא תוספת סוכר 400 גרם,גרמים,400.00,100 גרם,false,1,14.90,3.7250,true,1,153363
7290013939654,false,תרסיס גל אלוורה 250,שוורץ,IL,תרסיס גל אלוורה 250 סמק,Unknown,0.00,Unknown,false,1,18.90,0.0000,true,1,77329
7290013940568,false,דאורדורנט נעליים 200,,,דאורדורנט נעליים 200 סמק,מיליליטרים,200.00,"100 מ""ל",false,1,22.90,11.4500,true,1,96954
7290013971203,false,מכונת תספורת BLIZZARD-HC-100,פוג'יקום,,מכונת תספורת BLIZZARD,יחידה,1.00,יחידה,false,1,139.90,139.9000,true,1,98123
7290013971555,false,מארז פוגיקום 8+4,פוג'יקום,,מארז פוגיקום 8+4,לא מנהל יחידת מידה,0.00,לא מנהל יחידת מידה,false,1,19.90,0.0000,true,1,98121
7290013994042,false,זרעי פשתן אורגני 300 גר,אול אורגני,IL,זרעי פשתן אורגניים 300 גרם הרדוף,גרמים,300.00,100 גרם,false,1,8.90,2.9667,true,1,102234
7290013994318,false,קינואה מעורבת - טריקולור אורגנית,אול אורגני,IL,הרדוף קינואה מעורבת - טריקולור אורגנית 500 גרם,גרמים,500.00,100 גרם,false,1,20.90,4.1800,true,1,115634
7290013994394,false,שימורי גרגירי חומוס,די.אי.אף.אל.אס.אר.אל,IT,שימורי גרגירי חומוס שלמים אורגני 400גרם,גרמים,400.00,100 גרם,false,1,13.90,3.4750,true,1,121950
7290013994585,false,גרעיני דלעת קלופים אורגנים 300 גר הרדוף,אול אורגני,IL,גרעיני דלעת קלופים אורגני,גרמים,300.00,100 גרם,false,1,18.90,6.3000,true,1,115595
7290013994653,false,קינואה אורגני 500 גר הרדוף,אול אורגני,IL,קינואה לבנה רויאל אורגנית,גרמים,500.00,100 גרם,false,1,17.90,3.5800,true,1,115380
7290014002128,false,תה ירוק לימונית ומנטה 25 שקיקים ויסוצקי,ויסוצקי ירוק,IL,תה ירוק לימונית ומנטה T.T,גרמים,37.00,100 גרם,false,1,25.90,70.0000,true,1,88937
7290014002203,false,תה ויסוצקי חליטת לימונית ולואיזה 20יח',תה ויסוצקי,IL,חליטת לימונית לואיזה - הגן הקסום,גרמים,37.00,100 גרם,false,1,19.90,53.7838,true,1,89354
7290014002944,false,גן קסום חליטת פירות וצמחים חמדת שקד 25 שקיקים,תה ויסוצקי,IL,"תה ויסוצקי,חליטת חמדת השקד - ""הגן הקסום""",גרמים,50.00,100 גרם,false,1,19.90,39.8000,true,1,102056
7290014002982,false,תה ירוק לימונית לואיזה בתוספת עלי סטיביה 25 שקיקים,ויסוצקי ירוק,IL,תה ירוק לימונית סטיביה T.T,גרמים,37.00,100 גרם,false,1,25.90,70.0000,true,1,98616
7290014016040,false,לחם רך במיוחד ללא תו,נטו מלינדה-בשר,IL,לחם רך במיוחד ללא גלוטן וללא תוספת סוכר,גרמים,450.00,100 גרם,false,1,18.90,4.2000,true,1,93295
7290014016477,false,מלאווח ללא גלוטן,נטו מלינדה-בשר,IL,מלאווח ללא גלוטן,גרמים,500.00,100 גרם,false,1,26.90,5.3800,true,1,95785
7290014017351,false,אבקת מרק ירקות ללא ג,"נטורל קייקס בע""מ",IL,אבקת מרק ירקות ללא גלוטן,גרמים,400.00,100 גרם,false,1,20.90,5.2250,true,1,94022
7290014046016,false,פסטרמה של פעם דל שומן 2% רכיבים טבעיים,מעדני יחיעם,IL,יחיעם פסטרמה של פעם 250 גרם,גרמים,250.00,100 גרם,false,1,25.90,10.3600,true,1,105605
7290014046030,false,יחיעם מוס כבד עוף 14,פ.פ.ח. שאביט,IL,יחיעם מוס כבד עוף 140 גרם,גרמים,140.00,100 גרם,false,1,15.90,11.3571,true,1,111393
7290014046436,false,נשנושי קבנוס 125 ג' יחיעם,מעדני יחיעם,IL,יחיעם נשנושי קבנוס 125 גרם,גרמים,125.00,100 גרם,false,1,12.90,10.3200,true,1,92660
7290014046474,false,"נקניקיות עוף 1.5 ק""ג יחיעם",מעדני יחיעם,IL,יחיעם נקניקיות עוף 1.5 קג,קילוגרמים,1.50,"ק""ג",false,1,33.90,22.6000,true,1,101682
7290014046580,false,פסטרמה מעודנת על גחלים 300 ג' יחיעם,מעדני יחיעם,IL,פסטרמה הודו מעושנת על האש מעדני יחיעם 30,גרמים,300.00,100 גרם,false,1,22.90,7.6333,true,1,117750
7290014046757,false,סלמי תה מעדני יחיעם,מעדני יחיעם,IL,סלמי תה מעדני יחיעם 300גרם,גרמים,300.00,100 גרם,false,1,22.90,7.6333,true,1,117753
7290014059085,false,"משחת שיניים סנסודיין 75 מ""ל פרימיום לשיקום והגנה","סמית קליין ביצ'ם בע""",GB,סנסודיין משחת שיניים לשיקום והגנה 75 מל,מיליליטרים,75.00,"100 מ""ל",false,1,21.90,29.2000,true,1,88005
7290014059436,false,"משחת שיניים סנסודיין 75 מ""ל פרימיום לשיקום והגנה מלבינה 75 מ""ל","סמית קליין ביצ'ם בע""",GB,סנסודיין משחת שיניים משקמת יומיומית 75 מל,מיליליטרים,75.00,"100 מ""ל",false,1,21.90,29.2000,true,1,95668
7290014066359,false,לנדוור-קפסולות אספרסו בלנסד(06) - 10יח'12X יח,האחים פלם הגפן,IL,קפסולות אספרסו לנדוור בלאנסד 10יח,גרמים,50.00,100 גרם,false,1,17.90,35.8000,true,1,120896
7290014066366,false,לנדוור-קפסולות אספרסו ריסטרטו(08) - 10יח'12X יח,קפה לנדוור,IL,קפסולות לנדוור,גרמים,50.00,100 גרם,false,1,17.90,35.8000,true,1,120895
7290014066373,false,לנדוור-קפסולות אספרסו קלאסיק(09) - 10יח'12X יח,קפה לנדוור,IL,קפסולות אספרסו לנדוור קלאסי 10יח,גרמים,50.00,100 גרם,false,1,17.90,35.8000,true,1,120894
7290014066380,false,לנדוור-קפסולות אספרסו סופרימו(10) - 10יח'12X יח,קפה לנדוור,IL,קפסולות אספרסו לנדוור סופרימו 10יח,גרמים,50.00,100 גרם,false,1,17.90,35.8000,true,1,120893
7290014066441,false,לנדוור-קפסולות אספרסו נטול קפאין(07) - 10יח'12X יח,קפה לנדוור,IL,לנדוור-קפסולות אספרסו נטול קפאין 10 יח,יחידה,10.00,יחידה,false,1,17.90,1.7900,true,1,142633
7290014066526,false,לנדוור-קפסולות אספרסו תערובת הבית(11) - 10יח'12X יח,קפה לנדוור,IL,לנדוור-קפסולות אספרסו תערובת הבית,יחידה,10.00,יחידה,false,1,17.90,1.7900,true,1,142631
7290014066533,false,לנדוור-קפסולות אספרסו קלייה כפולה(12) - 10יח'12X יח,קפה לנדוור,IL,לנדוור-קפסולות אספרסו קלייה כפול 10 יח,יחידה,10.00,יחידה,false,1,17.90,1.7900,true,1,142632
7290014079014,false,לבבות קיסר ארוז נספק,"מרינה פטריות הגליל בע""מ",IL,חסה לבבות קיסר,גרמים,300.00,100 גרם,false,1,9.90,3.3000,true,1,76475
7290014083479,false,גבינת גאודה פרוסות 150 גרם 29% שומן,ג.וילי פוד אינטרנשיו,IL,גבינת גאודה פרוסות 150גרם 27%,גרמים,150.00,100 גרם,false,1,12.90,8.6000,true,1,89846
7290014083806,false,עוגיות בטעם חמאה 350 גרם בפח,וילי פוד,PT,עוגיות פח 350 ג ויליפוד,גרמים,350.00,100 גרם,false,1,14.90,4.2571,true,1,89268
7290014083813,false,וילי פוד מריגה שפרוטים מעושנים בשמן 190ג,הנסיך- מפעל לייצור ט,LV,שפורטים 190 גרם,גרמים,190.00,100 גרם,false,1,9.90,5.2105,true,1,89671
7290014094338,false,דלעת מקולפת 250 קופסא,"דין שיווק וקלייה בע""",,דלעת מקולפת 250 גרם,גרמים,250.00,100 גרם,false,1,14.90,5.9600,true,1,153143
7290014094345,false,גרעיני חמניות קלופות,"דין שיווק וקלייה בע""",US,חמניות קלופות 300 גרם,גרמים,300.00,100 גרם,false,1,11.90,3.9667,true,1,153144
7290014094352,false,אגוז מלך טבעי בקופסא,"שקדיה גבע תעשיות בע""",,אגוז מלך טבעי בקופסא 200 גרם,גרמים,200.00,100 גרם,false,1,17.90,8.9500,true,1,152571
7290014094369,false,שקד טבעי 200 גר קופסא ששון הקולה,"דין שיווק וקלייה בע""",IL,שקד טבעי בקופסא 200 גרם,גרמים,200.00,100 גרם,false,1,21.90,10.9500,true,1,152566
7290014094376,false,שזיפים ללא גלעין 330 גר,"דין שיווק וקלייה בע""",,שזיפים ללא גלעין בקופסא 250 גרם,גרמים,250.00,100 גרם,false,1,19.90,7.9600,true,1,153312
7290014094383,false,משמש מיובש בקופסא 33,"דין שיווק וקלייה בע""",,משמש מיובש בקופסא 250 גרם,גרמים,250.00,100 גרם,false,1,19.90,7.9600,true,1,99134
7290014094390,false,חמוציות מסוכרות בקופ,"דין שיווק וקלייה בע""",,חמוציות בקופסא 250 גרם,גרמים,250.00,100 גרם,false,1,13.90,5.5600,true,1,99135
7290014094406,false,צימוק לבן 250 גרם ששון הקולה,"דין שיווק וקלייה בע""",US,צימוק לבן בקופסא 330 גרם,גרמים,330.00,100 גרם,false,1,14.90,4.5152,true,1,153313
7290014094628,false,פקאן טבעי 200 ג' בקופסא,"דין שיווק וקלייה בע""",IL,פקאן טבעי 200 קופסא,גרמים,200.00,100 גרם,false,1,26.90,13.4500,true,1,153316
7290014094642,false,קשיו טבעי גדול 250 גר,"דין שיווק וקלייה בע""",IL,קשיו טבעי בקופסא 250 גרם,גרמים,250.00,100 גרם,false,1,23.90,9.5600,true,1,152573
7290014094659,false,בונדוק טבעי 250 ג' בקופסא,"ליגו, ואני",IL,אגוזי לוז טבעיים 250 גרם,גרמים,250.00,100 גרם,false,1,27.90,11.1600,true,1,153145
7290014094796,false,משמש מיובש 300 גרם ששון הקולה,"דין שיווק וקלייה בע""",,משמש בשקית 300 גרם,גרמים,300.00,100 גרם,false,1,16.90,5.6333,true,1,152553
7290014094826,false,שזיפים מיובשים ללא גלעין 300 ששון הקולה,"דין שיווק וקלייה בע""",,שזיף מגולען 300 גרם,גרמים,300.00,100 גרם,false,1,16.90,5.6333,true,1,152554
7290014094833,false,צימוק בהיר 300 גרם ששון הקולה,"דין שיווק וקלייה בע""",US,צימוק לבן שקית 300 גרם,גרמים,300.00,100 גרם,false,1,13.90,4.6333,true,1,104157
7290014094840,false,צימוק כהה 300 גרם ששון הקולה,"דין שיווק וקלייה בע""",US,צימוק חום שקית 300 גרם,גרמים,300.00,100 גרם,false,1,13.90,4.6333,true,1,104158
7290014094857,false,פקאן סיני מסוכר 150 גרם ששון הקולה,"דין שיווק וקלייה בע""",IL,פקאן סיני מסוכר 150 גרם,גרמים,150.00,100 גרם,false,1,17.90,11.9333,true,1,152505
7290014094864,false,פיסטוק קלוי 170 גר עם קליפה ששון הקולה,"דין שיווק וקלייה בע""",IL,פיסטוק קלוי 170גרם,גרמים,170.00,100 גרם,false,1,18.90,11.1176,true,1,152531
7290014094895,true,אגוזים קלופים 150 גר,דין שיווק,IL,אגוזים קלופים 150 גרם,גרמים,150.00,100 גרם,false,1,11.90,7.9333,true,1,152516
7290014094901,false,פקאן טבעי 150 גרם ששון הקולה,"דין שיווק וקלייה בע""",IL,פקאן טבעי 150גרם,גרמים,150.00,100 גרם,false,1,19.90,13.2667,true,1,152529
7290014095861,false,שיבולת שועל דקה 500 גרם קוואקר,"דין שיווק וקלייה בע""",IL,שיבולת שועל דקה 500 גרם שקדיה,גרמים,500.00,100 גרם,false,1,6.90,1.3800,true,1,102840
7290014095946,true,משוקלדים פקאן מריר 1,"שקדיה גבע בע""מ",IL,משוקלדים פקאן מריר 140 גר קופסא,גרמים,140.00,100 גרם,false,1,10.90,7.7857,true,1,152697
7290014095953,false,משוקלדים פקאן בשוקולד חלב 140 ג',שקדיה גבע בתעשיות עמ,IL,משוקלדים פקאן חלב 140 גר קופסא,גרמים,140.00,100 גרם,false,1,10.90,7.7857,true,1,152671
7290014095960,false,שיבולת שועל עבה 500 גרם קוואקר,"דין שיווק וקלייה בע""",IL,שיבולת שועל עבה 500 גרם שקדיה,גרמים,500.00,100 גרם,false,1,6.90,1.3800,true,1,103180
7290014126428,false,מרמולייט סוכרלוז 150 יחידות,מיוצר עי קונדיטוריית,CN,סטיביה 150 טבליות 150 גרם,גרמים,150.00,100 גרם,false,1,26.90,17.9333,true,1,104036
7290014217003,false,תבלין פפריקה מעושנת מיכל 90ג',"תבליני טעם וריח בע""מ",IL,"תבליני טעם וריח, פפריקה בטעם מעושן, 90 גרם",גרמים,90.00,100 גרם,false,1,9.90,11.0000,true,1,80129
7290014217010,false,תבלין תיבול דגים מיכל 90גר,"תבליני טעם וריח בע""מ",IL,"תבליני טעם וריח T-BUL תערובת תיבול לדגים, 90 גרם",גרמים,90.00,100 גרם,false,1,13.90,15.4444,true,1,88216
7290014217027,false,תבלין טי בול לעוף 120 גר',"תבליני טעם וריח בע""מ",IL,"תבליני טעם וריח T-BUL תערובת תיבול לעוף, 120 גרם",גרמים,120.00,100 גרם,false,1,13.90,11.5833,true,1,89614
7290014217065,false,תבלין אורגנו עלים 30 גר',"תבליני טעם וריח בע""מ",IL,תבליני טעם וריח אורגנו 100% 30 גרם,Unknown,0.00,Unknown,false,1,9.90,0.0000,true,1,80285
7290014217119,false,תערובת לצ'יפס מיכל 100 ג',"תבליני טעם וריח בע""מ",IL,"תבליני טעם וריח תערובת תיבול לצ'יפס, 100 גרם",Unknown,0.00,Unknown,false,1,9.90,0.0000,true,1,104611
7290014217140,false,תבלין ראס אל חנות טעם וריח 100ג',"תבליני טעם וריח בע""מ",IL,תבליני טעם וריח ראס אל חנות 100 גרם,גרמים,100.00,100 גרם,false,1,9.90,9.9000,true,1,104614
7290014217157,false,תערובת תיבול טוסקנה מיכל 120 גר,"תבליני טעם וריח בע""מ",IL,תבליני טעם וריח תערובת תיבול טוסקנה 120 גרם,גרמים,120.00,100 גרם,false,1,9.90,8.2500,true,1,104615
7290014217164,false,תבלין פטרוזיליה מיכל גדול 20 ג',"תבליני טעם וריח בע""מ",IL,תבליני טעם וריח פטרוזיליה 100% 20 גרם,גרמים,20.00,100 גרם,false,1,9.90,49.5000,true,1,104616
7290014217171,false,תערובת תיבול תיבול גריל דג מיכל 100ג',"תבליני טעם וריח בע""מ",IL,תבליני טעם וריח תערובת תיבול גריל דג 100 גרם,Unknown,0.00,Unknown,false,1,9.90,0.0000,true,1,104617
7290014217201,false,תערובת תיבול סומק 45 גר',"תבליני טעם וריח בע""מ",IL,תבליני טעם וריח מיכל קטן סומק 45 גרם,גרמים,45.00,100 גרם,false,1,6.90,15.3333,true,1,122402
7290014217225,false,תבלין גריל עוף מיכל 120גר,"תבליני טעם וריח בע""מ",IL,"תבליני טעם וריח, תערובת תיבול גריל עוף, 120 גרם",גרמים,120.00,100 גרם,false,1,9.90,8.2500,true,1,100651
7290014217263,false,תערובת תיבול לפרגיות 100ג',"תבליני טעם וריח בע""מ",IL,"תבליני טעם וריח תערובת תיבול לפרגיות, 100 גרם",גרמים,100.00,100 גרם,false,1,9.90,9.9000,true,1,112990
7290014217348,false,צ'ילי כתוש חריף (פלפל קיינה),"תבליני טעם וריח בע""מ",IL,תבליני טעם וריח צ'ילי גרוס חריף 70 גרם,גרמים,0.00,100 גרם,false,1,9.90,0.0000,true,1,100988
7290014217355,false,תבלין אבקת קרי מיכל 100ג',"תבליני טעם וריח בע""מ",IL,"תבליני טעם וריח, אבקת קארי, 100 גרם",Unknown,0.00,Unknown,false,1,9.90,0.0000,true,1,100989
7290014217362,false,תבלין תיבול לקציצות מיכל 100 ג',"תבליני טעם וריח בע""מ",IL,תבליני טעם וריח תערובת תיבול לקציצות 100 גרם,Unknown,0.00,Unknown,false,1,9.90,0.0000,true,1,100990
7290014217379,false,תבלין למרינדה קלאסית 80 גרם טעם וריח,תבליני טעם וריח,IL,תבליני טעם וריח תערובת תיבול למרינדת עוף 80 גרם,גרמים,80.00,100 גרם,false,1,11.90,14.8750,true,1,149268
7290014217386,false,מרינדת צ'ילי חריף 80 גרם טעם וריח,תבליני טעם וריח,IL,תבליני טעם וריח תערובת תיבול למרינדת עוף 80 גרם,גרמים,80.00,100 גרם,false,1,11.90,14.8750,true,1,149269
7290014217478,false,תערובת עשבי תיבול איטלקי ים תיכוני 30ג',"תבליני טעם וריח בע""מ",IL,עשבי תיבול איטלקי ים תיכוני 30 גרם,גרמים,30.00,100 גרם,false,1,9.90,33.0000,true,1,113367
7290014217485,false,תערובת תיבול קייגו'ן,"תבליני טעם וריח בע""מ",IL,"תבליני טעם וריח, קיי'גון",גרמים,100.00,100 גרם,false,1,9.90,9.9000,true,1,125391
7290014217492,false,תבלין פילדלפיה תערובת 100 גר,"תבליני טעם וריח בע""מ",IL,תבליני טעם וריח תערובת תיבול פילדלפיה 100 גרם,גרמים,100.00,100 גרם,false,1,9.90,9.9000,true,1,125392
7290014217515,false,תבלין ציפוי ללחם מלוח טעם וריח 90 ג',"תבליני טעם וריח בע""מ",IL,ציפוי מאפה מלוח מיכל 90 גרם,גרמים,90.00,100 גרם,false,1,11.90,13.2222,true,1,121456
7290014217522,false,תערובת ללחם שום טעם וריח 100 ג',"תבליני טעם וריח בע""מ",IL,לחם שום תערובת מיכל 100 גרם,גרמים,100.00,100 גרם,false,1,11.90,11.9000,true,1,121454
7290014217539,false,תערובת וניל וקינמון לאפייה 150 גרם,תות ממתקי איכות,IL,תבליני טעם וריח תערובת תיבול סוכר קינמון 150 גרם,גרמים,150.00,100 גרם,false,1,11.90,7.9333,true,1,121455
7290014217911,false,תבלין פלפל אדום מתוק בשקית 150 גר,טייפונג פודס,CN,תבליני טעם וריח פלפל מתוק שלם 150 גרם,גרמים,150.00,100 גרם,false,1,13.90,9.2667,true,1,124045
7290014218321,false,בורקס אישי גבינה מעדנות 4* 150 גרם,מיוצר עי קונדיטוריית,IL,בורקס יפו גבינה 4 יח 600 גרם,גרמים,600.00,100 גרם,false,1,21.90,3.6500,true,1,112262
7290014218338,false,בורקס יפו במילוי תפוחי אדמה,מיוצר עי קונדיטוריית,IL,בורקס יפו תפוא 4 יח 600 גרם,גרמים,600.00,100 גרם,false,1,17.90,2.9833,true,1,112263
7290014218932,false,חטיפי פיצה בתוספת זיתים 710 ג' מעדנות,מיוצר עי קונדיטוריית,IL,חטיפי פיצה בתוספת זיתים בשקית 710 גרם,גרמים,710.00,100 גרם,false,1,34.90,4.9155,true,1,125566
7290014256620,false,"יין מבעבע קריניאנו באזז יקבי כרמל 750 מ""ל",יקבי כרמל Carmel Winery,IL,"יין BUZZ קריניאנו 750 מ""ל",מיליליטרים,750.00,"100 מ""ל",false,1,31.90,4.2533,true,1,104180
7290014256637,false,"יין מבעבע מוסקטו באזז יקבי כרמל 750 מ""ל",יקבי כרמל Carmel Winery,IL,"יין BUZZ מוסקטו 750 מ""ל",מיליליטרים,750.00,"100 מ""ל",false,1,31.90,4.2533,true,1,104181
7290014298491,false,שבבי סבון מוסקו מפיץ,מוסקו,IL,מארז סבון דקורטיבי,יחידה,1.00,יחידה,false,1,24.90,24.9000,true,1,97149
7290014318281,true,מחית כמהין 5% 90 גרם,,IT,מחית כמהין 5% 90 גרם,גרמים,90.00,100 גרם,false,1,49.90,55.4444,true,1,155050
7290014321205,false,קרקר גרעיני פשתן 125,"ל.ב. סחר ושיווק בע""מ",IL,LESS&MORE קרקר גרעיני פשתן  125 גרם,גרמים,125.00,100 גרם,false,1,24.90,19.9200,true,1,155102
7290014369252,false,שלגון MOJO מנגו בצ.ק,פיקסל,IL,שלגון MOJO מנגו בצ.קוקוס67 גרם,גרמים,67.00,100 גרם,false,1,9.90,14.7761,true,1,150309
7290014369269,false,שלגון MOJO קוקוס אננ,פיקסל,IL,שלגון MOJO קוקוס אננס 69 גרם,גרמים,69.00,100 גרם,false,1,9.90,14.3478,true,1,150310
7290014369283,false,שלגון MOJO סורבה דוב,פיקסל,IL,שלגון MOJO סורבה דובדבן 70 גרם,גרמים,70.00,100 גרם,false,1,9.90,14.1429,true,1,150308
7290014369306,false,שלגון MOJO תות שדה ט,איתלק,IL,שלגון MOJO תות שדה טבעי 70 גרם,גרמים,70.00,100 גרם,false,1,9.90,14.1429,true,1,125634
7290014369320,false,שלגון MOJO סורבה קוק,איתלק,IL,שלגון MOJO סורבה קוקוס טבעי 70 גרם,גרמים,70.00,100 גרם,false,1,9.90,14.1429,true,1,125636
7290014369337,false,שלגון MOJO מנגו טרופ,איתלק,IL,שלגון MOJO מנגו טרופי טבעי 70 גרם,גרמים,70.00,100 גרם,false,1,9.90,14.1429,true,1,125637
7290014369351,false,מנגו אננס ופסיפלורה,איתלק,IL,מנגו אננס ופסיפלורה טבעיים 70 גרם,גרמים,70.00,100 גרם,false,1,9.90,14.1429,true,1,125639
7290014369382,false,שלגון MOJO פיסטוק מו,איתלק,IL,שלגון MOJO פיסטוק מובחר טבעי 70 גרם,גרמים,70.00,100 גרם,false,1,9.90,14.1429,true,1,125641
7290014369412,false,שלגון MOJO שוקולד בל,איתלק,IL,שלגון MOJO שוקולד בלגי 70 גרם,גרמים,70.00,100 גרם,false,1,9.90,14.1429,true,1,125644
7290014369450,false,קוקוס ואננס טבעיים,,,קוקוס ואננס טבעיים,יחידה,1.00,יחידה,false,1,9.90,9.9000,true,1,142869
7290014369528,false,שלגון MOJO אגוז לוז,איתלק,IL,שלגון MOJO אגוז לוז בציפוי 70 גרם,גרמים,70.00,100 גרם,false,1,9.90,14.1429,true,1,144921
7290014369566,false,מאגדת 1/5 MOJO מיני,פיקסל,IL,מאגדת 1/5 MOJO מיני סורבה קוקוס + שוקולד,גרמים,240.00,100 גרם,false,1,27.90,11.6250,true,1,145241
7290014369580,false,פיינט תות שדה טבעי 5,גלידת אילו,IL,פיינט תות שדה טבעי 500 מל,גרמים,500.00,100 גרם,false,1,27.90,5.5800,true,1,150936
7290014369597,false,פיינט מנגו אננס ופסי,גלידת אילו,IL,פיינט מנגו אננס ופסיפלורה טבעיים 500 מל,גרמים,500.00,100 גרם,false,1,27.90,5.5800,true,1,150937
7290014369610,false,פיינט פיסטוק טבעי מו,גלידת אילו,IL,פיינט פיסטוק טבעי מובחר עם שברי פיסטוק 500 מל,גרמים,500.00,100 גרם,false,1,27.90,5.5800,true,1,150938
7290014369818,false,שלגון מסקרפונה עם חת,גלידת אילו,IL,שלגון מסקרפונה עם חתיכות אפרסק 71גרם,גרמים,71.00,100 גרם,false,1,9.90,13.9437,true,1,154888
7290014369832,false,שלגון מקיאטו 71גרם,גלידת אילו,IL,שלגון מקיאטו 71גרם,גרמים,71.00,100 גרם,false,1,9.90,13.9437,true,1,154889
7290014369856,false,מאגדת מיני שלגונים ק,גלידת אילו,IL,מאגדת מיני שלגונים קוקוס אננס ופיטאיה 205גרם,גרמים,205.00,100 גרם,false,1,27.90,13.6098,true,1,154893
7290014397279,false,שקיות מזון נשלפות XL גדולות במיוחד,"אשפלסט תעשיות בע""מ",IL,XL,לא מנהל יחידת מידה,0.00,לא מנהל יחידת מידה,false,1,12.90,0.0000,true,1,100408
7290014397453,false,סנו אוקסיגן גל מסיר כתמים כביסה לבנה 3 ל,סנו אוקסיג'ן,IL,סנו אוקסיגין וויט,ליטרים,3.00,ליטר,false,1,34.60,11.5333,true,1,93492
7290014397507,false,"סנופרש הום בניחוח פריחת היסמין 350 מ""ל",מיוצר עי קונדיטוריית,IL,סנו פרש מבשם לבית מאסק מעודן 350 מל,מיליליטרים,350.00,"100 מ""ל",false,1,15.90,4.5429,true,1,90480
7290014397514,false,"סנו פרש הום מבשם כותנה מלטפת 350מ""ל","סנו מפעלי ברונוס בע""",IL,פרש הום מבשם לבית כותנה מלטפת 350 מל,מיליליטרים,350.00,"100 מ""ל",false,1,15.90,4.5429,true,1,90481
7290014397767,false,סנו ריצפז פרש הום 2 ליטר בניחוח כותנה-מרכז,"סנו מפעלי ברונוס בע""",IL,ריצפז פרש הום כותנה מלטפת 2 ליטר,ליטרים,2.00,ליטר,false,1,21.90,10.9500,true,1,95078
7290014397835,false,סנו - מט דוחה יתושים נוזלי מכשיר + מילוי 45 לילות,זובאלה,IT,סמארט מכשיר+מילוי 45 לילות,לא מנהל יחידת מידה,0.00,לא מנהל יחידת מידה,false,1,39.90,0.0000,true,1,105533
7290014397842,true,דוחה יתושים נוזלי,ZOBELE,IT,סנומט דוחה יתושים נוזלי במכשיר חשמלי 90 לילות,Unknown,0.00,Unknown,false,1,42.50,0.0000,true,1,108718
7290014426061,false,משחת שיניים הלו קיטי בטעם ענבים לגיל 2-6,כצט נוביס,IL,משחת שיניים תינוקות הלו קיטי,מיליליטרים,50.00,"100 מ""ל",false,1,10.90,21.8000,true,1,105395
7290014426597,false,משחת שיניים ילדיים קיטי שחור 50 גרם,יושלם,,משחת שיניים ילדים הלו קיטי,מיליליטרים,50.00,"100 מ""ל",false,1,10.90,21.8000,true,1,102971
7290014435704,false,סלמון מעושן 100גר' שמיר,שבעת הימים - שמיר,IL,סלמון מעושן 100 גרם,גרמים,100.00,100 גרם,false,1,26.90,26.9000,true,1,98928
7290014435803,false,מטיאס הולנדי (פרובנציאל) עם בצל בשמן 180 גרם,שבעת הימים - שמיר,IL,מטיאס הולנדי עם בצל בשמן 180 גרם,גרמים,180.00,100 גרם,false,1,20.90,11.6111,true,1,98370
7290014435810,false,הרינג כבוש ובצל במרינת חמוץ מתוק שמיר 180 ג',שבעת הימים - שמיר,IL,הרינג כבוש עם בצל 180 גרם,גרמים,180.00,100 גרם,false,1,20.90,11.6111,true,1,98372
7290014435872,false,סלט הרינג ומיונז שמיר 250ג',שבעת הימים - שמיר,IL,סלט הרינג עם מיונז 180 גרם,גרמים,180.00,100 גרם,false,1,20.90,11.6111,true,1,152934
7290014451018,false,ספוג כלים אקולוגי 4 יח GF,ספונג'ס,CA,ספוג לשטיפת כלים,לא מנהל יחידת מידה,0.00,לא מנהל יחידת מידה,false,1,16.90,0.0000,true,1,138475
7290014451025,false,סקוצ קרצוף אקולוגי לניקוי כללי,ספונג'ס,CA,ספוג קרצוף לניקוי כללי 4 יח Green Flash,לא מנהל יחידת מידה,0.00,לא מנהל יחידת מידה,false,1,12.90,0.0000,true,1,138476
7290014451230,false,נייר אפייה טבעי 30 דפים GF,גרין פלאש,IL,נייר אפייה טבעי לאפייה בריאה,לא מנהל יחידת מידה,0.00,לא מנהל יחידת מידה,false,1,17.90,0.0000,true,1,141398
7290014451247,false,מטליות מבד במבוק 92 דפים GF,גרין-פלאש,IL,מגבות רב פעמיות מבמבוק,לא מנהל יחידת מידה,0.00,לא מנהל יחידת מידה,false,1,19.90,0.0000,true,1,141399
7290014455245,false,גבינת גרנה פדנו משולש 29% 200 גרם בית יוסף,מחלבת סוציאלה מנטובה,IT,גבינת פדנו משולש 200 גרם גד,גרמים,200.00,100 גרם,false,1,27.90,13.9500,true,1,111417
7290014455252,false,גבינה קשה מגורדת גרנה פדנו 29% שומן,מחלבות גד,IT,גד גרנה פדנו גבינה קשה מגוררדת 29% שומן,גרמים,100.00,100 גרם,false,1,13.90,13.9000,true,1,111419
7290014455320,false,גבינה כדורי מוצרלה פרסקה גד 100ג',מחלבות גד בעמ,IL,גד מוצרלה פרסקה מחלב בקר 18% שומן,גרמים,100.00,100 גרם,false,1,9.90,9.9000,true,1,107862
7290014455467,false,ירח מתוק מעדן חלב 2% ושיבולת שועל גד 150ג',מחלבות גד,IL,גד מעדן שיבולת שועל וחלב 2% שומן,גרמים,150.00,100 גרם,false,1,6.20,4.1333,true,1,111756
7290014459137,false,"צ'יפס תפוגן סטייק 1.5 ק""ג","תעשיות תפוגן בע""מ",IL,תפוגן סטייק צ'יפס 8*1.5קג,קילוגרמים,1.50,"ק""ג",false,1,26.90,17.9333,true,1,96708
7290014466128,false,"יין הר חרמון אינדיגו 750 מ""ל",מיוצר וממולא על ידי,IL,"יין הר חרמון אינדיגו 750 מ""ל",מיליליטרים,750.00,"100 מ""ל",false,1,33.90,4.5200,true,1,89785
7290014466609,false,יין מרלו גמלא 2020 750 מל,יקבי רמת הגולן,IL,"גמלא השמורה מרלו 2016 יין אדום יבש, 750 מל",מיליליטרים,750.00,"100 מ""ל",false,1,64.90,8.6533,true,1,111762
7290014472136,false,גרעין שחור קלוי ששון הקולה 150 ג',"דין שיווק וקלייה בע""",IL,גרעין שחור קלוי 150גרם,גרמים,150.00,100 גרם,false,1,5.90,3.9333,true,1,152637
7290014472228,false,תאנים מיובשות 330 גר,"דין שיווק וקלייה בע""",TR,תאנים בקופסא 330 גרם,גרמים,330.00,100 גרם,false,1,22.90,6.9394,true,1,152572
7290014472235,false,פקאן סיני מסוכר בקופ,"דין שיווק וקלייה בע""",IL,פקאן סיני 200 גרם,גרמים,200.00,100 גרם,false,1,27.90,13.9500,true,1,116323
7290014472471,false,גרעינים שחור ענק 200גר' פרימיום,"דין שיווק וקלייה בע""",IL,גרעין שחור ענק פרימיום 200גרם,גרמים,200.00,100 גרם,false,1,6.90,3.4500,true,1,152544
7290014472488,false,שקד קלוי ענק 250 גרם פרימיום ששון הקולה,"שקדיה גבע תעשיות בע""",IL,שקד קלוי ענק 250גרם פרימיום,גרמים,250.00,100 גרם,false,1,25.90,10.3600,true,1,152547
7290014472495,false,קשיו קלוי ענק 250 גר פרימיום ששון הקולה,"דין שיווק וקלייה בע""",IL,קשיו קלוי ענק 250גרם פרימיום,גרמים,250.00,100 גרם,false,1,23.90,9.5600,true,1,152546
7290014472501,false,פיסטוק קלוי ענק 250 ג פרימיום ששון הקולה,"דין שיווק וקלייה בע""",IL,פיסטוק קלוי ענק פרימיום 250גרם,גרמים,250.00,100 גרם,false,1,25.90,10.3600,true,1,152545
7290014472518,false,בוטן קלוי ענק 250 גר פרימיום ששון הקולה,"דין שיווק וקלייה בע""",IL,בוטן קלוי ענק פרימיום 250גרם,גרמים,250.00,100 גרם,false,1,9.90,3.9600,true,1,152543
7290014472525,false,תערובת מובחרת 250 גר פרימיום ששון הקולה,"דין שיווק וקלייה בע""",IL,תערובת פיצוחים 250 גרם פרימיום,גרמים,250.00,100 גרם,false,1,22.90,9.1600,true,1,152548
7290014503137,false,"יין כנען אדום דלתון 750 מ""ל","איי, בי, אינבוו",IL,"יין דלתון כנען אדום 750 מ""ל",מיליליטרים,750.00,"100 מ""ל",false,1,49.90,6.6533,true,1,114504
7290014503144,false,יין כנען לבן דלתון 750 מל,"איי, בי, אינבוו",IL,"יין דלתון כנען לבן 750 מ""ל",מיליליטרים,750.00,"100 מ""ל",false,1,49.90,6.6533,true,1,114506
7290014525573,false,מרבה שוקודליס עוגיות בציפוי שוקולד חלב מריר 176גר,הלמה הלום בי.וי,NL,מרבה שוקודליס עוגיות בציפוי שוקולד חלב,גרמים,145.00,100 גרם,false,1,12.90,8.8966,true,1,121143
7290014525665,false,מרבה על חלל עוגיות קקאו וסוכריות שוק חלב 140 יח',"מרבה בע""מ",NL,מרבה עוגיות עם סוכריות שוקולד חלב צבעוניות 140 גרם,גרמים,140.00,100 גרם,false,1,9.90,7.0714,true,1,149744
7290014525672,false,מרבה על חלל עוגיות עם סוכריות שוקולד 140 יח',"מרבה בע""מ",NL,מרבה עוגיות עם סוכריות שוקולד חלב צבעוניות,גרמים,140.00,100 גרם,false,1,9.90,7.0714,true,1,150193
7290014581036,false,"פחם טבעי קטן 2 ק""ג",,,"פחם להבה 2 ק""ג",קילוגרמים,2.00,"ק""ג",false,1,14.90,7.4500,true,1,112611
7290014603028,false,שלגון סולרו שרבט תות-חלבי,"מיוצר ע""י גלידת שטרא",IL,שלגון סולרו וניל ציפוי תות,גרמים,76.00,100 גרם,false,1,10.90,14.3421,true,1,90949
7290014673038,false,תערובת עשבי תיבול טוסקנה 120 גרם,א.ל ייצור ושיווק תבל,IL,תערובת תיבול טוסקנה 120 גרם,גרמים,120.00,100 גרם,false,1,10.90,9.0833,true,1,153242
7290014673052,false,תערובת עשבי תיבול לתפוחי אדמה 120 גרם,א.ל ייצור ושיווק תבל,IL,תערובת תיבול לתפוחי אדמה 120 גרם,גרמים,120.00,100 גרם,false,1,10.90,9.0833,true,1,153245
7290014673137,false,תערובת עשבי תיבול לפיצה 100 גרם,א.ל ייצור ושיווק תבל,IL,תערובת תיבול לפיצה 100 גרם,גרמים,100.00,100 גרם,false,1,10.90,10.9000,true,1,153243
7290014692299,false,גבינת ברי 125 ג' קסטיאלו ויליפוד,יורו צ'יז Euro Cheese,DK,גבינת ברי קסטלו יורו 125 גרם,גרמים,125.00,100 גרם,false,1,22.90,18.3200,true,1,94303
7290014692305,false,גבינת קממבר 125ג' CASTELLO ויליפוד,הנסיך- מפעל לייצור ט,DK,גבינת קממבר סטלו יורו 125 גרם,גרמים,125.00,100 גרם,false,1,22.90,18.3200,true,1,94304
7290014692541,false,גבינת מגורדת 500ג' GOLDEN,ג.וילי פוד אינטרנשיו,IL,צהובה מגורדת,גרמים,500.00,100 גרם,false,1,19.90,3.9800,true,1,104552
7290014692565,false,גרעיני תירס מתוק וילי פוד 320 גרם,אקו קונסרויפרי קי.אפ,HU,ויליפוד גרעיני תירס מתוק 320 גרם,גרמים,320.00,100 גרם,false,1,5.90,1.8438,true,1,110658
7290014692817,false,גבינת מוצרלה מגורדת 200 ג' EURO CHEESE ויליפוד,הנסיך- מפעל לייצור ט,IL,גבינת מוצרלה מגורדת 200גרם E,גרמים,200.00,100 גרם,false,1,16.90,8.4500,true,1,94894
7290014725294,false,סוכרזית סוכרלוז סטיוויה 100 שקית,"סוכרזית בע""מ",IL,סוכרזית סוכרלוז 100 שקיות,לא מנהל יחידת מידה,0.00,לא מנהל יחידת מידה,false,1,18.90,0.0000,true,1,103134
7290014725348,false,"סוכרזית קלאסי 100 שקיות כש""לפ",סוכרזית Sucrazit,IL,"סוכרזית קלאסי, ממתיק בטעם הקלאסי 100 שקיות",גרמים,100.00,100 גרם,false,1,16.70,16.7000,true,1,103346
7290014749078,false,מקלוני קבנוס עוף טוב 200 גרם,עיצובים 2020 (4.9),IL,עוף טוב מקלוני קבנוס 12*200גרם,גרמים,200.00,100 גרם,false,1,17.90,8.9500,true,1,142719
7290014749245,false,ספיישל רצועות שניצל שומשום עוף טוב 600 גרם,מוצרי עוף טוב (2001),IL,עוף טוב ספיישל רצועות שניצל שמשם.12*600ג,גרמים,600.00,100 גרם,false,1,36.90,6.1500,true,1,144248
7290014749764,false,שניצל עוף ביתי עדין עוף טוב 700 גרם,מוצרי עוף טוב (2001),IL,עוף טוב שניצל עוף ביתי עדין כזה 700גרם,לא מנהל יחידת מידה,0.00,לא מנהל יחידת מידה,false,1,44.90,0.0000,true,1,145201
7290014749788,false,רצועות שניצל בציפוי צ'יפס צ'ונגו 600 ג' עוף טוב,מוצרי עוף טוב (2001),IL,עוף טוב צונגו רצועות שניצל ציפס600ג,לא מנהל יחידת מידה,0.00,לא מנהל יחידת מידה,false,1,36.90,0.0000,true,1,145202
7290014749849,false,שניצל דק ענק קריספי שומשום עוף טוב 720 גר',מולינו ניקולי s.p.a,IL,שניצל דקענק קריספי שומשום עוף טוב 720גר,גרמים,720.00,100 גרם,false,1,39.90,5.5417,true,1,150080
7290014749887,false,עוף טוב שניצל עוף דק ענק קריספי קלאסי,מולינו ניקולי s.p.a,IL,שניצל דקענק קריספי קלאסי עוף טוב 720גר,גרמים,720.00,100 גרם,false,1,39.90,5.5417,true,1,150082
7290014758100,false,מאגדת יוגורט ביו 3% שומן 8 יח' *150ג' תנובה,מיוצר עי קונדיטוריית,IL,מאגדת יוגורט ביו 3% תנובה 8*150 גרם,קילוגרמים,1.20,"ק""ג",false,1,16.90,14.0833,true,1,91264
7290014758117,false,מאגדת יוגורט ביו 1.5% שומן 8 יח' *150 ג' תנובה,מיוצר עי קונדיטוריית,IL,מאגדת יוגורט ביו 1.5% תנובה 8*150 גרם,קילוגרמים,1.20,"ק""ג",false,1,16.90,14.0833,true,1,91265
7290014758162,false,חלב עיזים מלא 3.6% קרטון 1 ל' תנובה,תנובה מרכז שיתופי לש,IL,חלב עיזים קרטון 1 ליטר,ליטרים,1.00,ליטר,false,1,16.90,16.9000,true,1,94307
7290014759084,false,גבינת שמנת 16% בטעם טבעי 225 ג' נפוליאון,תנובה מרכז שיתופי לש,IL,גבינת שמנת נפוליאון בסגנון צרפתי 225 גרם,גרמים,225.00,100 גרם,false,1,14.60,6.4889,true,1,96380
7290014759534,false,גבינה בולגרית למריחה טבעי 5% 200 ג' פיראוס,"תנובה, מחלבת תל יוסף",IL,גבינה בולגרית 5% למריחה 200 גרם,גרמים,200.00,100 גרם,false,1,15.50,7.7500,true,1,96993
7290014759909,false,פטה עיזים 5% פיראוס גביע 250 גרם,"תנובה, מחלבת טנא נוג",IL,פטה עיזים 5% גבינה מלוחה מחלב עיזים במי מלח,גרמים,250.00,100 גרם,false,1,30.90,12.3600,true,1,98915
7290014759978,false,"גבינת קצקבל פלח גלעד 27%, 200 ג'",תנובה חלב,IL,"קצ""קבל פלח 200 גרם קולקשיין",גרמים,200.00,100 גרם,false,1,28.90,14.4500,true,1,97384
7290014759985,false,"גבינת פרמזן גבע 23% פלח, 200 ג'",תנובה חלב,IL,פרמזן פלח 200 גרם קולקשיין,גרמים,200.00,100 גרם,false,1,27.90,13.9500,true,1,97385
7290014759992,false,גבינת רוקפור גליל פלח 140 ג' תנובה,"תנובה, מחלבת תל יוסף",IL,גבינת רוקפור פלח 140 גרם קולקשיין,גרמים,140.00,100 גרם,false,1,20.90,14.9286,true,1,96995
7290014760134,false,מעדן סויה בטעם וניל אלטרנטיב,תנובה Alternative,IL,מעדן סויה ביו בטעם וניל 125 גרם,גרמים,125.00,100 גרם,false,1,4.20,3.3600,true,1,119341
7290014760141,true,משקה שקדים טרי 1 ליט,תות תעשיות מזון (201,IL,משקה שקדים טרי 1 ליטר,ליטרים,1.00,ליטר,false,1,13.90,13.9000,true,1,110055
7290014760448,false,גבינה צהובה גלבוע 400 גרם 22% שומן תנובה,מחלבת בית יצחק,IL,"גלבוע פרוסות גבינה חצי קשה, 22% שומן 400 גרם",גרמים,400.00,100 גרם,false,1,26.90,6.7250,true,1,100206
7290014761193,true,יוגורט פירות יער,מיוצר עי קונדיטוריית,IL,פרילי פירות יער,גרמים,125.00,100 גרם,false,1,3.70,2.9600,true,1,116116
7290014761414,false,יולו מעדן שכבות שוקולד חלב ולבן 123 גר,מיוצר עי קונדיטוריית,IL,YOLO מעדן שכבות שוקולד חלב ולבן 122 גרם,גרמים,123.00,100 גרם,false,1,4.70,3.8211,true,1,104346
7290014762756,false,נפוליאון גבינת שמנת עם בצל 16% שומן,תנובה חלב,IL,גבינת שמנת נפוליאון בצל 200 גרם,גרמים,200.00,100 גרם,false,1,14.60,7.3000,true,1,112249
7290014762800,false,מעדן סויה שוקולד גביע 125 גרם אלטרנטיב,תנובה מרכז שיתופי לש,IL,תנובה מעדן סויה שוקולד 2% שומן 125 גרם,גרמים,125.00,100 גרם,false,1,4.20,3.3600,true,1,116734
7290014762831,false,גבינת שמנת חלפיניו 24% שומן 225 ג' נפוליאון,תנובה מרכז שיתופי לש,IL,גבינת נפוליאון 24% חלפיניו 225 גרם,גרמים,225.00,100 גרם,false,1,14.60,6.4889,true,1,116743
7290014762848,false,גבינה צהובה מגורדת 22% שומן 500 ג' פתיתי גלבוע,גלבוע - תנובה,IL,פתיתי גלבוע 10% תוספת 550 גרם,גרמים,550.00,100 גרם,false,1,35.90,6.5273,true,1,117541
7290014762909,false,פתיתי מוצרלה 20% שומן 200 ג' השף הלבן,"תנובה, מחלבת תל יוסף",IL,פתיתי מוצרלה 10% תוספת השף הלבן,גרמים,200.00,100 גרם,false,1,19.90,9.9500,true,1,113091
7290014762947,false,לאבנה גלילית 11% שומן 750 ג' פיראוס,תנובה,IL,לאבנה גלילית 11%שומן 750 גרם,גרמים,750.00,100 גרם,false,1,27.90,3.7200,true,1,154551
7290014763098,false,קרם גבינת שמנת 5% עם פלפל שום ובצל 200 ג' תנובה,תנובה,IL,קרם גבינת שמנת 5% בניחוח טוסקנה 200 גרם,גרמים,200.00,100 גרם,false,1,12.30,6.1500,true,1,113072
7290014785007,false,גרגרי טפיוקה קטנים,יושלם,,פניני טפיוקה 500 גר,גרמים,500.00,100 גרם,false,1,8.90,1.7800,true,1,91479
7290014785052,false,"רוטב פטריות צמחוני 500 מ""ל",טעמי אסיה Taste of Asia,TH,רוטב פטריות צמחוני למוקפצים 500 מל,מיליליטרים,500.00,"100 מ""ל",false,1,10.90,2.1800,true,1,98544
7290014785069,false,רוטב מירין מתוק לבישול,טעמי אסיה Taste of Asia,CN,מירין 250 מל משובח מזרח,מיליליטרים,250.00,"100 מ""ל",false,1,11.90,4.7600,true,1,95250
7290014785168,false,שיראטקי ג'ל קונג'אק בצורת אטריות,ננטונג דינגבורג סיוי,CN,אטריות שירטאקה דקות,גרמים,200.00,100 גרם,false,1,9.90,4.9500,true,1,102409
7290014785175,false,שיראטקי אטריות קונג'אק עבות,ננטונג דינגבורג סיוי,CN,אטריות שירטאקה עבות,גרמים,200.00,100 גרם,false,1,9.90,4.9500,true,1,102410
7290014785991,true,רוטב סויה אסיה ללא ג,,,רוטב סויה אסיה ללא גלוטן,לא מנהל יחידת מידה,0.00,לא מנהל יחידת מידה,false,1,13.90,0.0000,true,1,127157
7290014791336,false,"מי עדן ספורט 250 מ""ל",יושלם,,מים מי עדן 1 ליטר,ליטרים,1.00,ליטר,false,1,4.90,4.9000,true,1,105997
7290014791572,false,"שוויפס מוגז בטעם ענבים 330 מ""ל",יפאורה תבורי בעמ,IL,"שוופס מוגז פירות ענבים 330 מ""ל זכוכית",מיליליטרים,330.00,"100 מ""ל",false,1,6.90,2.0909,true,1,114746
7290014791626,false,"שוופס סודה נענע ליים 250 מ""ל זכוכית",יפאורה תבורי בעמ,IL,"שוופס סודה נענע ליים 250 מ""ל זכוכית",מיליליטרים,250.00,"100 מ""ל",false,1,4.50,1.8000,true,1,114798
7290014791664,false,שישיה מי עדן אישי פקק רגיל 500 מל,מופק ממקור בזלתי עדן,IL,שישיית מים 0.5 ליטר,ליטרים,3.00,ליטר,false,6,12.90,4.3000,true,1,155124
7290014821057,false,כבל AUX - אלומניום,,,כבל AUX - אלומניום,לא מנהל יחידת מידה,0.00,לא מנהל יחידת מידה,false,1,29.90,0.0000,true,1,143221
7290014821064,false,כבל סנכרון אלומניום גלקסי 2 מטר,,,כבל גלקסי 2 מטר,יחידה,1.00,יחידה,false,1,29.90,29.9000,true,1,143256
7290014821095,false,מטען רכב אייפון מאוש,,,מטען רכב אייפון מאושר אפל 2.1,יחידה,1.00,יחידה,false,1,79.90,79.9000,true,1,143248
7290014821101,false,מעמד אופנתי לסלולר ל,,,מעמד אופנתי לסלולר לבן,יחידה,1.00,יחידה,false,1,99.90,99.9000,true,1,143251
7290014821507,false,קיר אייפון מאושר אפל,,,מטען קיר אייפון מאושר אפל 2.1,יחידה,1.00,יחידה,false,1,79.90,79.9000,true,1,143249
7290014821569,false,כבל סנכרון אלומניום אייפון 6 2 מטר,,,כבל אייפון 2 מטר,יחידה,1.00,יחידה,false,1,39.90,39.9000,true,1,143241
7290014855434,false,מגבונים בייביסיטר פרפורמנס מבושם רביעיה,בייביסיטר Babysitter,IL,מגבוני בייביסיטר רביעייה מבושם,יחידה,0.00,יחידה,false,1,19.70,0.0000,true,1,110133
7290014855458,false,מגבוני בייביסיטר פרפורמנס ללא בישום מארז 72X4יח',בייביסיטר Babysitter,IL,מגבונים בייביסיטר רביעייה לא בישום,לא מנהל יחידת מידה,0.00,לא מנהל יחידת מידה,false,1,19.70,0.0000,true,1,110132
7290014901315,false,סנסודיין משחה הגנה מלאה אקסטרה פרש 75 מל,"סמית קליין ביצ'ם בע""",GB,סנסודיין משחה הגנה מלאה פרש 75,מיליליטרים,75.00,"100 מ""ל",false,1,21.90,29.2000,true,1,99497
7290014905160,false,"הפי מטהר אוויר פניני ריח בניחוחות, 130 גרם",יוליניבר,IT,יעקבי פניני ריח לימון 130 גרם,יחידה,1.00,יחידה,false,1,11.90,11.9000,true,1,100207
7290014905498,false,הפי מטליות דו צדדיות בגליל 20 מטליות,ג'נרל מילס סאן אדריא,TR,יעקבי מטלית דו צדדית,לא מנהל יחידת מידה,0.00,לא מנהל יחידת מידה,false,1,12.70,0.0000,true,1,108213
7290014905696,false,"נוזל כלים הפי מרוכז 24% לימון 750 מ""ל",יעקובי הפי,IL,יעקבי הפי נוזל מרוכז לניקוי כלים 750 מל,מיליליטרים,750.00,"100 מ""ל",false,1,8.90,1.1867,true,1,103362
7290014905719,false,הפי לימונית למדיח כלים - מנטרל ריחות רעים,יעקבי - הפי Hepi,IT,לימונית גדולה למדיח,ליטרים,0.00,ליטר,false,1,12.90,0.0000,true,1,108214
7290014905733,false,"הפי פרפקט לניקוי שמשות 750 מ""ל",יעקובי הפי,TR,יעקבי ברק קריסטלי ניקוי שמשות 750 מל,מיליליטרים,750.00,"100 מ""ל",false,1,8.90,1.1867,true,1,103087
7290014905962,false,סבון אסלה הפי בושם 5טיפות ורוד לבנדר נתלה,רלווי,IT,הפי סבון אסלה XXL 43 גרם,גרמים,43.00,100 גרם,false,1,9.80,22.7907,true,1,106139
7290014940901,true,לחם פשוט מלא 750 גרם,מאפיית שלמה א. אנג'ל,IL,לחם פשוט מלא 750 גרם,גרמים,750.00,100 גרם,false,1,14.90,1.9867,true,1,106474
7290014947047,false,פריכיות כוסמת עם מלח 175 גרם,זן בר המכללה לטבעונו,IL,פריכיות כוסמת זן בר 200 גרם,גרמים,200.00,100 גרם,false,1,10.90,5.4500,true,1,117018
7290014947078,false,מיני פריכיות כוסמת ע,זן בר המכללה לטבעונו,IL,מיני פריכיות כוסמת עם ממרח חרובים,גרמים,50.00,100 גרם,false,1,5.90,11.8000,true,1,150185
7290014947207,false,פריכיות כוסמין דקות,זן בר המכללה לטבעונו,IL,פריכיות כוסמין דקות 120גרם,גרמים,120.00,100 גרם,false,1,10.90,9.0833,true,1,150182
7290014947214,false,פריכיות כוסמת דקות ע,זן - בר,IL,פריכיות כוסמת דקות 135גרם,גרמים,135.00,100 גרם,false,1,10.90,8.0741,true,1,150183
7290014949768,false,אוטן אפטר בייט 25 מ''ל,המאפיה של הרמן,IT,אוטן אפטר בייט-ג'ל להרגעת העור לאחר עקיצה,מיליליטרים,25.00,"100 מ""ל",false,1,25.90,103.6000,true,1,99260
7290014974562,false,גביעי גלידה רגיל טילון עלמה גילרו 24 יח',"א.ג גילרו בע""מ",IL,עלמה גביעי טילון 24 יח',גרמים,120.00,100 גרם,false,1,8.90,7.4167,true,1,115523
7290014974593,false,גביעי גלידריה ללא גלוטן 12 יחי',כרמית תעשיות ממתקים,IL,גביע גלידריה ללא גלוטן 12 יח עלמה,יחידה,1.00,יחידה,false,1,16.50,16.5000,true,1,120579
7290015009003,false,"חומץ בן יין לבן 500 מ""ל",מנדלז סי.אר. פרודקשן,ES,דניאל חומץ בן יין לבן 500 מל,מיליליטרים,500.00,"100 מ""ל",false,1,14.90,2.9800,true,1,98998
7290015009010,false,"חומץ בן יין אדום 500 מ""ל",מנדלז סי.אר. פרודקשן,ES,חומץ בן יין אדום 5%,מיליליטרים,500.00,"100 מ""ל",false,1,14.90,2.9800,true,1,98999
7290015009126,false,עלי טורטייה מקמח מלא 420 גר 25 סמ,לווליה,,עלי טורטייה,לא מנהל יחידת מידה,0.01,לא מנהל יחידת מידה,false,1,15.90,1590.0000,true,1,106022
7290015009225,false,ריבת חלב מקורית דניא,קארו,,ריבת חלב מקורית דניאל 450 גרם,גרמים,450.00,100 גרם,false,1,19.90,4.4222,true,1,115234
7290015009249,false,רוטב סלסה חריף אדום 454 גר,לינדסטרי פודס,US,רוטב סלסה חריף,גרמים,454.00,100 גרם,false,1,14.90,3.2819,true,1,118374
7290015009256,false,רוטב סלסה רגיל ירוק 454 גר,לינדסטרי פודס אנד דר,US,SABORITO רוטב סלסה רגיל ירוק ג454גרם,גרמים,454.00,100 גרם,false,1,14.90,3.2819,true,1,118376
7290015009294,false,גבינת פרמיזאנו ראזאנ,פורגאנה,IT,גבינת פרמיזאנו ראזאנו 170 גרם,גרמים,170.00,100 גרם,false,1,33.90,19.9412,true,1,115855
7290015009324,false,נאצוס סבוריטו ברביקי,אוקי סנקס,DK,נאצוס סבוריטו ברביקיו 200 גרם,גרמים,200.00,100 גרם,false,1,12.90,6.4500,true,1,148726
7290015009331,false,חטיף נאצוס חריף סגול,מנדלז סי.אר. פרודקשן,DK,נאצוס סבוריטו חריף 200 גרם,גרמים,200.00,100 גרם,false,1,12.90,6.4500,true,1,148728
7290015009393,false,זיתים שחורים מגולענים מזן קלמטה 430 גרם,אידיאל ס.א,GR,זיתים שחורים מגולענים קלמטהIDEAL גרם250,גרמים,250.00,100 גרם,false,1,16.90,6.7600,true,1,142981
7290015009409,false,זיתים שחורים מזן טאסוס במלח 250 גרם,אדיאל ס.א,GR,זיתים שחורים טאסוס IDEALגרם 250,גרמים,250.00,100 גרם,false,1,16.90,6.7600,true,1,142982
7290015009461,false,שעועית שחורה בסט קונ,יורקום סרל,IT,שעועית שחורה קונסרב 400גרם,גרמים,400.00,100 גרם,false,1,7.90,1.9750,true,1,147612
7290015009478,false,שימורי שעועית אדומה במי מלח,יורקום סרל,IT,שעועית אדומה קונסרב 400גרם,גרמים,400.00,100 גרם,false,1,7.90,1.9750,true,1,147613
7290015025478,false,פנגל קרם פנים לעור י,אינטרקוסמא,IL,קרם פנים לעור יבש,מיליליטרים,130.00,"100 מ""ל",false,1,39.50,30.3846,true,1,103072
7290015025942,false,"פנג'ל ק. ידיים קלאסי עם שמן שקדים 80מ""ל",מיוצר עי קונדיטוריית,IL,פנג'ל קרם ידיים קלאסי מועשר בשמן שקדים 80 מל,מיליליטרים,100.00,"100 מ""ל",false,1,9.90,9.9000,true,1,111438
7290015039246,true,נתחי טונה בשמן ויליפ,גולדן פרייז קאנינג א,TH,נתחי טונה בשמן ויליפוד רביעייה 640 גרם,גרמים,640.00,100 גרם,false,1,21.90,3.4219,true,1,111084
7290015039338,true,נתחי טונה ויליפוד רב,גולדן פרייז קאנינג א,TH,נתחי טונה ויליפוד רביעייה 640 גרם,גרמים,640.00,100 גרם,false,1,21.90,3.4219,true,1,112297
7290015039499,false,ויליפוד עוגיות חמאה איטלקיות מובחרות 1ק,טדסקו אס.אר.אל ויה ד,IT,"עוגיות איטלקיות מובחרות 1 ק""ג",קילוגרמים,1.00,"ק""ג",false,1,14.90,14.9000,true,1,121242
7290015129121,false,סקיני פסטה נודלס 270 גרם,הוויזאי וואנגייה פוד,CN,סקיני פסטה- בצורת אטריות פטוצ'יני 200 גרם,גרמים,270.00,100 גרם,false,1,12.90,4.7778,true,1,101432
7290015129145,false,אטריות קונג'אק בתוספת טפיוקה בצורת ספגטי,הוויזאי וואנגייה פוד,CN,סקיני פסטה- בצורת אטריות ספגטי 200 גרם,גרמים,270.00,100 גרם,false,1,12.90,4.7778,true,1,101434
7290015129220,false,איטריות קונגאק ללא גלוטן 270 גרם skinny,אף.סי תבליני בגליל ב,CN,סקיני פסטה- בצורת פתיתים 200 גרם,גרמים,250.00,100 גרם,false,1,12.90,5.1600,true,1,107850
7290015139250,false,"כרמית שוקולד מריר עם פצפוצי אורז לל""ס",כרמית תעשיות ממתקים,IL,"שוקולד מריר ופ.אורז לל""ס 85ג*12בדיס*2בקרט",גרמים,85.00,100 גרם,false,1,6.90,8.1176,true,1,108938
7290015139267,false,שוקולד מריר עם שקדים ללא תוספת סוכר וסטהיים,כרמית תעשיות ממתקים,IL,"שוקולד מריר ושקדים לל""ס 85ג*12בדיס*2בקרט",גרמים,85.00,100 גרם,false,1,6.90,8.1176,true,1,108939
7290015139533,false,וופל לימון ללא ציפוי 200 ג' -חופשי-ללא גלוטן,כרמית תעשיות ממתקים,IL,וופלים בטעם לימון ללא גלוטן 200 גרם,גרמים,200.00,100 גרם,false,1,11.90,5.9500,true,1,116647
7290015139571,false,חופשי ופל בארים בציפוי שוקולד 25 גר,כרמית תעשיות ממתקים,IL,וופל שוקולד ללא גלוטן 125 גרם,גרמים,125.00,100 גרם,false,1,11.90,9.5200,true,1,114701
7290015150118,false,עגבניות חתוכות דק בלה איטליה 3*400 ג',אמיליאנה קונסרב ס.פ.,IL,עגבניות חתוכות דק בלה איטליה *3 400 גר,קילוגרמים,1.20,"ק""ג",false,1,17.90,14.9167,true,1,106201
7290015150361,false,תה ירוק נענע סטיביה 25 שקיקים ויסוצקי,ויסוצקי ירוק,IL,תה ירוק נענע סטיביה T.T,גרמים,37.00,100 גרם,false,1,25.90,70.0000,true,1,106202
7290015150903,false,תה ירוק גן קסום קינמון ודבש 25 שק*1.5 גר,ויסוצקי ירוק,IL,תה ירוק קינמון ודבש T.T,גרמים,38.00,100 גרם,false,1,25.90,68.1579,true,1,113712
7290015155823,false,מחית תפוחי עץ חטיפטף ללא תוספת סוכר,פרוטה פודיווין איי.א,CZ,"פרינוק חטיפטף מחית תפוחי עץ 100% פרי, 120 גרם",גרמים,120.00,100 גרם,false,1,5.50,4.5833,true,1,127338
7290015155830,false,מחית תפוחי עץ ובננה חטיפטף ללא תוספת סוכר,פרוטה פודווין איי.אס,CZ,"פרינוק חטיפטף מחית תפוח בננה 100% פרי, 120 גרם",גרמים,120.00,100 גרם,false,1,5.50,4.5833,true,1,127357
7290015155847,false,מחית סלט פירות חטיפטף ללא תוספת סוכר,פרוטה פודיווין איי.א,CZ,"פרינוק חטיפטף מחית סלט פירות 100% פרי, 120 גרם",גרמים,120.00,100 גרם,false,1,5.50,4.5833,true,1,127341
7290015161145,false,קוואקר כוסמין מלא עבה 400 גרם נוטרה זן,נוטרה זן NutraZen,DK,קוואקר כוסמין מלא עבה 400גרם,גרמים,400.00,100 גרם,false,1,21.90,5.4750,true,1,150045
7290015161589,false,"פת פריכה אורגנית לל""ג ירקות גינה 100 גר",אקסטרודו בצ'יצה,CZ,נוטרה זן פת פריכה אורגנית עם ירקות גינה 100 גרם,גרמים,100.00,100 גרם,false,1,13.90,13.9000,true,1,118815
7290015161848,false,פת פריכה אורגנית עם כוסמת וקינואה ללא גלוטן,אקסטרודו בצ'יצה,CZ,נוטרה זן פת פריכה אורגנית עם כוסמת וקינואה 100 גרם,גרמים,100.00,100 גרם,false,1,13.90,13.9000,true,1,118835
7290015161862,false,פת פריכה אורגנית ללא גלוטן - ערמונים 100,אקסטרודו בצ'יצה,CZ,נוטרה זן פת פריכה אורגנית עם ערמונים 100 גרם,גרמים,100.00,100 גרם,false,1,13.90,13.9000,true,1,118834
7290015176392,false,מברשת שיניים חשמלית פוג'יקום לילד ורוד,פוג'יקום,,מברשת שיניים חשמלית ילדות פוגיקום,יחידה,1.00,יחידה,false,1,39.90,39.9000,true,1,114925
7290015193139,false,רוטב צילי מתוק וואק,תאי פרידה אינדסטרי ב,TH,"רוטב WOK צילי מתוק ללא סוכר 300 מ""ל",מיליליטרים,300.00,"100 מ""ל",false,1,8.90,2.9667,true,1,102615
7290015193269,false,שמן שומשום שחור 100%,הו צ'קינג הינג אוי פ,SG,"שמן שומשום שחור WOK טהור 150 מ""ל",מיליליטרים,150.00,"100 מ""ל",false,1,13.90,9.2667,true,1,111451
7290015193559,false,מעדני המלך אובלטים מלוחים 300 גרם,אם החיטה,IL,אובלטים דקיקים מלוחים 300 גרם,גרמים,300.00,100 גרם,false,1,12.90,4.3000,true,1,115493
7290015193566,false,מעדני המלך אובלטים שומשום 300 גרם,אם החיטה,IL,אובלטים דקיקים שומשום 300 גרם,גרמים,300.00,100 גרם,false,1,12.90,4.3000,true,1,115494
7290015193573,false,"ווק אטריות אורז עובי 2 מ""מ 400 גרם",אסיאן סופירה פודס חב,TH,"ווק אטריות אורז עובי 2מ""מ 400גרם",גרמים,400.00,100 גרם,false,1,8.90,2.2250,true,1,142289
7290015193634,false,אובלטים דקיקים קימל מעדני המלך 300 גר',אם החיטה,IL,אובלטים קימל 300 גרם,גרמים,300.00,100 גרם,false,1,12.90,4.3000,true,1,117380
7290015193665,false,מעדני המלך קמח מצה 500 גרם,אם החיטה,,קמח מצה מעדני המלך 500 גרם,גרמים,500.00,100 גרם,false,1,7.50,1.5000,true,1,117849
7290015223690,true,תרסיס כף רגל200,,,תרסיס כף רגל200,Unknown,0.00,Unknown,false,1,21.90,0.0000,true,1,137464
7290015282390,false,סלט תורכי 200 גרם שמיר,"סלטי שמיר 2006 בע""מ",IL,סלט תורכי-גורמה,גרמים,200.00,100 גרם,false,1,13.90,6.9500,true,1,119397
7290015282581,false,חומוס שמיר אבו גוש עם חריף 200 גר',"סלטי שמיר 2006 בע""מ",IL,חומוס עם חריף 200 גרם,גרמים,200.00,100 גרם,false,1,12.90,6.4500,true,1,116265
7290015282598,false,חומוס שמיר מסעדות 200 גר',"סלטי שמיר 2006 בע""מ",IL,חומוס מסעדות 200 גרם,גרמים,200.00,100 גרם,false,1,12.90,6.4500,true,1,119381
7290015282604,false,טחינה שמיר מיוחדת גורמה 200ג',"סלטי שמיר 2006 בע""מ",IL,טחינה מיוחדת 200 גרם,גרמים,200.00,100 גרם,false,1,12.90,6.4500,true,1,116267
7290015282611,false,סלט ביצים 200 גרם גו,"סלטי שמיר 2006 בע""מ",IL,סלט ביצים 200 גרם,גרמים,200.00,100 גרם,false,1,19.90,9.9500,true,1,119383
7290015282635,false,חומוס שמיר מסבחה 200 גר',"סלטי שמיר 2006 בע""מ",IL,חומוס מסבחה 200 גרם,גרמים,200.00,100 גרם,false,1,12.90,6.4500,true,1,119379
7290015282642,false,חומוס שמיר אבו גוש 200 גר',"סלטי שמיר 2006 בע""מ",IL,חומוס אבו גוש 200 גרם,גרמים,200.00,100 גרם,false,1,12.90,6.4500,true,1,119382
7290015282673,false,חציל שמיר במיונז ביתי 200 גורמה גר',"סלטי שמיר 2006 בע""מ",IL,חציל במיונז ביתי 200 גרם,גרמים,200.00,100 גרם,false,1,12.90,6.4500,true,1,116266
7290015282697,false,כרוב אדום שמיר גורמה 200גר,"סלטי שמיר 2006 בע""מ",IL,כרוב אדום 200 גרם,גרמים,200.00,100 גרם,false,1,13.90,6.9500,true,1,119401
7290015282710,false,קוביות סלק שמיר 200 גר',"סלטי שמיר 2006 בע""מ",IL,קוביות סלק 200 גרם,גרמים,200.00,100 גרם,false,1,12.90,6.4500,true,1,119399
7290015282734,false,מטבוחה שמיר ביתית גורמה 200 ג ',"סלטי שמיר 2006 בע""מ",IL,מטבוחה ביתית-גורמה,גרמים,200.00,100 גרם,false,1,13.90,6.9500,true,1,119398
7290015282741,false,חציל תאילנדי אסלי שמיר 200 ג',"סלטי שמיר 2006 בע""מ",IL,חציל תאילנדי 200 גרם,גרמים,200.00,100 גרם,false,1,13.90,6.9500,true,1,119385
7290015284004,true,שמפו משפחתי ECOLOVE,א.ל. ארמן,IL,"שמפו משפחתי - לכל סוגי השיער, ירקות ירוקים ecoLove",Unknown,0.00,Unknown,false,1,32.90,0.0000,true,1,132613
7290015284011,true,מרכך משפחתי ECOLOVE,א.ל. ארמן,IL,מרכך משפחתי ECOLOVE,Unknown,0.00,Unknown,false,1,32.90,0.0000,true,1,132614
7290015284028,true,סבון משפחתי ECOLOVE,א.ל. ארמן,IL,סבון גוף משפחתי מגיל חצי שנה מלפפון פטרוזיליה ותרד,Unknown,0.00,Unknown,false,1,32.90,0.0000,true,1,132615
7290015284035,true,סבון ידיים ECOLOVE,א.ל. ארמן,IL,סבון ידיים ירקות ירוקים,Unknown,0.00,Unknown,false,1,25.90,0.0000,true,1,132616
7290015284042,true,שמפו לשיער שמן אקולב,א.ל. ארמן,IL,"שמפו לשיער רגיל – שמן, ירקות אדומים ecoLove",Unknown,0.00,Unknown,false,1,32.90,0.0000,true,1,132617
7290015284059,true,מרכך לשיער שמן אקולב,א.ל. ארמן,IL,"מרכך לשיער רגיל – שמן, ירקות אדומים ecoLove",Unknown,0.00,Unknown,false,1,32.90,0.0000,true,1,132618
7290015284066,true,סבון גוף ECOLOVE אדו,א.ל. ארמן,IL,"סבון גוף עגבניות, סלק ופלפל אדום",Unknown,0.00,Unknown,false,1,32.90,0.0000,true,1,132619
7290015284073,false,סבון ידיים ירקות אדומים 500 מל ECOLOVE,א.ל. ארמן,IL,סבון ידיים ירקות אדומים,לא מנהל יחידת מידה,0.00,לא מנהל יחידת מידה,false,1,25.90,0.0000,true,1,141400
7290015284080,true,שמפו רגילECOLOVE,א.ל. ארמן,IL,"שמפו לשיער רגיל- יבש, ירקות כתומים ecoLove",Unknown,0.00,Unknown,false,1,32.90,0.0000,true,1,132620
7290015284097,true,מרכך רגילECOLOVE,א.ל. ארמן,IL,"מרכך לשיער רגיל – יבש, ירקות כתומים ecoLove",Unknown,0.00,Unknown,false,1,32.90,0.0000,true,1,132621
7290015284103,true,סבון גוף ECOLOVE כתו,א.ל. ארמן,IL,סבון גוף גזר דלעת ובטטה,Unknown,0.00,Unknown,false,1,32.90,0.0000,true,1,132622
7290015284110,false,סבון ידיים ירקות כתומים 500 מל ECOLOVE,א.ל. ארמן,IL,סבון ידיים ירקות כתומים,לא מנהל יחידת מידה,0.00,לא מנהל יחידת מידה,false,1,25.90,0.0000,true,1,141401
7290015284127,true,קרם לחות לשיער ירקות,א.ל. ארמן,IL,קרם לחות ועיצוב לשיער רגיל - יבש,Unknown,0.00,Unknown,false,1,44.90,0.0000,true,1,132623
7290015284134,true,מסיכה לשיער ירקות כת,א.ל. ארמן,IL,מסכת שיער רגיל- יבש ירקות כתומים,Unknown,0.00,Unknown,false,1,44.90,0.0000,true,1,132624
7290015284189,false,שמפו משפחתי ירקות ירוקים 1 ליטר,א.ל. ארמן,IL,שמפו משפחתי לכל סוגי השיער ירקות ירוקים,לא מנהל יחידת מידה,0.00,לא מנהל יחידת מידה,false,1,53.90,0.0000,true,1,141402
7290015284196,false,סבון גוף משפחתי ירקות ירוקים 1 ליטר,א.ל. ארמן,IL,1 ליטר סבון גוף משפחתי ירקות ירוקים ecoL,לא מנהל יחידת מידה,0.00,לא מנהל יחידת מידה,false,1,53.90,0.0000,true,1,141403
7290015284202,true,שמפו לשיער צבוע סדרה,א.ל. ארמן,IL,שמפו לשיער- צבוע ויבש מאוד פירות סגולים ecoLove,Unknown,0.00,Unknown,false,1,32.90,0.0000,true,1,132625
7290015284219,true,מרכך שיער צבוע סדרה,א.ל. ארמן,IL,מרכך לשיער- צבוע ויבש מאוד פירות סגולים ecoLove,Unknown,0.00,Unknown,false,1,32.90,0.0000,true,1,132626
7290015284226,true,סבון גוף עור יבש סדר,א.ל. ארמן,IL,סבון גוף לעור יבש אוכמניות ענבים ולבנדר,Unknown,0.00,Unknown,false,1,32.90,0.0000,true,1,132627
7290015284233,true,סבון ידיים עור יבש ס,א.ל. ארמן,IL,סבון ידיים פירות סגולים,Unknown,0.00,Unknown,false,1,25.90,0.0000,true,1,132628
7290015284240,true,מסיכה שיער צבוע סדרה,א.ל. ארמן,IL,מסכת שיער פירות סגולים,Unknown,0.00,Unknown,false,1,44.90,0.0000,true,1,132629
7290015284257,false,שמפו לשיער צבוע ירקות סגולים 1 ליטר,א.ל. ארמן,IL,שמפו לשיער צבוע ויבש ECOLOVEירקות סגולים,ליטרים,1.00,ליטר,false,1,53.90,53.9000,true,1,145609
7290015284264,false,סבון גוף לעור יבש ירקות סגולים 1 ליטר,א.ל. ארמן,IL,סבון גוף לעור יבש ECOLOVE ירקות סגולים 1,ליטרים,1.00,ליטר,false,1,53.90,53.9000,true,1,145610
7290015284400,false,"קרם ידיים eco love לעור יבש 100 מ""ל",א.ל. ארמן,IL,"קרם ידיים לעור יבש, ענבים אוכמניות ולבנדר",לא מנהל יחידת מידה,0.00,לא מנהל יחידת מידה,false,1,21.90,0.0000,true,1,141405
7290015284417,false,"קרם גוף eco love לעור יבש 150 מ""ל",א.ל. ארמן,IL,"קרם גוף לעור יבש, ענבים אוכמניות ולבנדר",לא מנהל יחידת מידה,0.00,לא מנהל יחידת מידה,false,1,35.90,0.0000,true,1,141406
7290015284660,true,שמפו לאחר החלקה ECOL,א.ל. ארמן,IL,שמפו לאחר החלקה ללא מלחי סודיום כלוריד,Unknown,0.00,Unknown,false,1,36.90,0.0000,true,1,132632
7290015284677,true,מרכך לאחר החלקה ECOL,א.ל. ארמן,IL,מרכך לאחר החלקה ללא מלחי סודיום כלוריד,Unknown,0.00,Unknown,false,1,36.90,0.0000,true,1,132633
7290015284684,false,מסכת שיער שעבר החלקה ללא מלח אקולאב 350מ,א.ל. ארמן,IL,מסכת שיער לאחר החלקה ללא מלחי סודיום כלוריד,לא מנהל יחידת מידה,0.00,לא מנהל יחידת מידה,false,1,44.90,0.0000,true,1,141407
7290015289054,false,"בירה הרצל לבנה 330 מ""ל",ג'נרל מילס סאן אדריא,IL,בירה הרצל לבנה 330 מל,מיליליטרים,330.00,"100 מ""ל",false,1,13.90,4.2121,true,1,132638
7290015324007,false,תבלין פלפל שחור גרוס 80 ג',"תבליני טעם וריח בע""מ",IL,"תבליני טעם וריח, 100% פלפל שחור גרוס, 80 גרם",גרמים,80.00,100 גרם,false,1,9.90,12.3750,true,1,99261
7290015324014,false,תבלין פלפל שחור טחון 80 ג',"תבליני טעם וריח בע""מ",IL,"תבליני טעם וריח, 100% פלפל שחור טחון, 80 גרם",גרמים,80.00,100 גרם,false,1,9.90,12.3750,true,1,99262
7290015324038,false,פפריקה מרוקאית מתוקה בשמן,"תבליני טעם וריח בע""מ",IL,פפריקה בשמן 80 גרם,גרמים,80.00,100 גרם,false,1,5.90,7.3750,true,1,99263
7290015324045,false,תבלין פפריקה חריפה 80 גר' שק',"תבליני טעם וריח בע""מ",IL,"תבליני טעם וריח, 100% פפריקה חריפה, 80 גרם",גרמים,80.00,100 גרם,false,1,5.90,7.3750,true,1,99264
7290015324052,false,תבלין פפריקה מתוקה 80 ג',"תבליני טעם וריח בע""מ",IL,"תבליני טעם וריח, 100% פפריקה מתוקה, 80 גרם",גרמים,80.00,100 גרם,false,1,5.90,7.3750,true,1,99265
7290015324069,false,תערובת תיבול גריל עוף,"תבליני טעם וריח בע""מ",IL,"תבליני טעם וריח, תערובת תיבול גריל עוף, 80 גרם",גרמים,80.00,100 גרם,false,1,5.90,7.3750,true,1,99266
7290015324076,false,טעם וריח זעתר שקית 8,"תבליני טעם וריח בע""מ",IL,"תבליני טעם וריח, תערובת תיבול זעתר, 80 גרם",גרמים,80.00,100 גרם,false,1,5.90,7.3750,true,1,99291
7290015324083,false,טעם וריח מלח לימון ש,"תבליני טעם וריח בע""מ",IL,"תבליני טעם וריח, 100% מלח לימון, 80 גרם",גרמים,80.00,100 גרם,false,1,5.90,7.3750,true,1,99267
7290015324090,false,תבלין כמון טחון 80 ג',"תבליני טעם וריח בע""מ",IL,"תבליני טעם וריח, 100% כמון מזרחי, 80 גרם",גרמים,80.00,100 גרם,false,1,5.90,7.3750,true,1,99268
7290015324106,false,תבלין כורכום טחון 80 גר',"תבליני טעם וריח בע""מ",IL,"תבליני טעם וריח, 100% כורכום, 80 גרם",גרמים,80.00,100 גרם,false,1,5.90,7.3750,true,1,99269
7290015324113,false,טעם וריח בהרט שקית 8,"תבליני טעם וריח בע""מ",IL,"תבליני טעם וריח, תערובת תיבול בהרט לבישול, 80 גרם",גרמים,80.00,100 גרם,false,1,5.90,7.3750,true,1,99270
7290015324120,false,טעם וריח שום גבישי ב,"תבליני טעם וריח בע""מ",IL,תבליני טעם וריח שום גבישי 80 גרם,גרמים,80.00,100 גרם,false,1,5.90,7.3750,true,1,99271
7290015324151,false,תבלין חוויאג למרק ב,"תבליני טעם וריח בע""מ",IL,חוויאג למרק 80 גרם,גרמים,80.00,100 גרם,false,1,5.90,7.3750,true,1,99272
7290015324168,false,תבלין על האש תיבול 80 גר' שק',"תבליני טעם וריח בע""מ",IL,"תבליני טעם וריח, תערובת תיבול על האש, 80 גרם",גרמים,80.00,100 גרם,false,1,5.90,7.3750,true,1,99273
7290015324175,false,תבלין שווארמה תיבול 80 גר' שק',"תבליני טעם וריח בע""מ",IL,תבליני טעם וריח תערובת תיבול לשווארמה 80 גרם,גרמים,0.00,100 גרם,false,1,5.90,0.0000,true,1,99274
7290015324427,false,סודה לשתיה טעם וריח 80 גר',"תבליני טעם וריח בע""מ",IL,סודה לשתייה שקית 80 גרם,גרמים,80.00,100 גרם,false,1,4.50,5.6250,true,1,122405
7290015324519,false,תערובת לפיצה שקית 80 גרם,"תבליני טעם וריח בע""מ",IL,תערובת תיבול לפיצה 80 גרם,גרמים,80.00,100 גרם,false,1,5.90,7.3750,true,1,142564
7290015324533,false,רוזמרין מכל גדול 55 גרם,"תבליני טעם וריח בע""מ",IL,תבליני טעם וריח רוזמרין 55 גרם,גרמים,55.00,100 גרם,false,1,9.90,18.0000,true,1,142566
7290015324540,false,טימין מכל גדול 30 גרם,"תבליני טעם וריח בע""מ",IL,תבליני טעם וריח טימין (קורנית) 30 גרם,גרמים,30.00,100 גרם,false,1,9.90,33.0000,true,1,142568
7290015324557,false,בהרט לבישול מיכל גדול 80 גרם,"תבליני טעם וריח בע""מ",IL,בהרט לבישול מיכל גדו,גרמים,0.00,100 גרם,false,1,9.90,0.0000,true,1,142569
7290015324564,false,בכוסברה טחונה מיכל גדול 70 גרם,"תבליני טעם וריח בע""מ",IL,תבליני טעם וריח כוסברה טחונה 70 גרם,גרמים,70.00,100 גרם,false,1,9.90,14.1429,true,1,142567
7290015324571,false,פפריקה מתוקה בשמן בסגנון מרוקאי 400 גרם,"תבליני טעם וריח בע""מ",IL,תבליני טעם וריח פפריקה מתוקה בשמן 400 גרם,גרמים,400.00,100 גרם,false,1,18.90,4.7250,true,1,143901
7290015324588,false,פלפל לבן טחון 100 גר,"תבליני טעם וריח בע""מ",IL,"תבליני טעם וריח מיכל פלפל לבן טחון 100% , 100 גרם",גרמים,100.00,100 גרם,false,1,12.90,12.9000,true,1,146054
7290015324601,false,פפריקה חריפה בשמן בסגנון מרוקאי 400 גרם,"תבליני טעם וריח בע""מ",IL,תבליני טעם וריח פפריקה חריפה בשמן 400 גרם,גרמים,400.00,100 גרם,false,1,18.90,4.7250,true,1,147247
7290015324656,false,זעפרן ספרדי יחידה0.5,"תבליני טעם וריח בע""מ",ES,תבליני טעם וריח זעפרן 0.5 גרם,גרמים,500.00,100 גרם,false,1,18.90,3.7800,true,1,149267
7290015324663,false,צ'ילי גרוס חריף אש 70 גרם,"תבליני טעם וריח בע""מ",IL,תבליני טעם וריח צ'ילי גרוס חריף אש 70 גרם,גרמים,70.00,100 גרם,false,1,9.90,14.1429,true,1,148729
7290015324687,false,מטחנת לקט פלפל 50 ג' טעם וריח,קייפ הרב אנד ספייס,ZA,מטחנת לקט פלפל 50 גרם,גרמים,50.00,100 גרם,false,1,13.90,27.8000,true,1,156863
7290015324717,false,"מחית שום `טעם וריח, 210 גרם",ליני קאטייאמה פודסטא,CN,מחית שום 210 גרם,גרמים,210.00,100 גרם,false,1,13.90,6.6190,true,1,156864
7290015324724,false,מחית צ`ילי חריף `טעם וריח' 230 גרם,ליני קאטייאמה פודסטא,CN,מחית צילי חריף 230 גרם,גרמים,230.00,100 גרם,false,1,13.90,6.0435,true,1,156865
7290015335607,false,יוגונאט טבעי 150 גר',טרופיקל דגיל תעשיות,IL,יוגונאט - מעדן BIO בטעם טבעי,גרמים,150.00,100 גרם,false,1,6.90,4.6000,true,1,142698
7290015335614,false,מעדן ביו תות 150גרם,טרופיקל דגיל תעשיות,IL,יוגונאט - מעדן BIO עם תות,גרמים,150.00,100 גרם,false,1,6.90,4.6000,true,1,142699
7290015335621,false,מעד ביו פירות יער 150 גר,טרופיקל דגיל תעשיות,IL,יוגונאט - מעדן BIO עם פירות יער,גרמים,150.00,100 גרם,false,1,6.90,4.6000,true,1,142701
7290015335638,false,מעד ביו דובדבן 150 גר,טרופיקל דגיל תעשיות,IL,יוגונאט - מעדן BIO עם דובדבן,גרמים,150.00,100 גרם,false,1,6.90,4.6000,true,1,142700
7290015347457,true,קינואה שחורה מיה 40,מיה,IL,קינואה שחורה מיה 400 גרם,גרמים,400.00,100 גרם,false,1,14.90,3.7250,true,1,156765
7290015350150,false,"יין אדום חצי יבש סגל 750 מ""ל",כרמי צבי - אחים סגל,IL,של סגל אדום חצי יבש,מיליליטרים,750.00,"100 מ""ל",false,1,21.90,2.9200,true,1,146576
7290015366359,false,ספירה מכשיר 9 שעות + נוזל 45 לילות,זובלה הולדינגס ס.פ.א,IT,ספירה מכשיר חשמלי ומילוי נוזלי להרחקת יתושים 70 מל,Unknown,0.00,Unknown,false,1,28.90,0.0000,true,1,105774
7290015366663,false,"אקווה פרש משחת שיניים מנטה עדין 100מ""ל",גלקסוסמיתקליין,SK,"משחת שיניים מנטה עדין אקווה פרש 100 מ""ל",מיליליטרים,100.00,"100 מ""ל",false,1,6.90,6.9000,true,1,112877
7290015366670,false,משחת שיניים הגנה משולשת מנטה מרענן,גלקסוסמיתקליין,SK,אקווה פרש משחת שיניים מנטה מרענן 100 מל,מיליליטרים,100.00,"100 מ""ל",false,1,6.90,6.9000,true,1,112876
7290015395045,false,קינואה 400 גרם חתם סופר,"שקדיה גבע תעשיות בע""",IL,קינואה,גרמים,400.00,100 גרם,false,1,15.90,3.9750,true,1,103783
7290015395939,false,חטיף אורז בטעם מתוק מלוח 120 גרם,דין שיווק,IL,חטיף יפני 150גרם,גרמים,150.00,100 גרם,false,1,14.90,9.9333,true,1,152538
7290015395960,false,בוטן רביולי בציפוי בטעם מלוח מתוק 150 ג,דין שיווק,IL,בוטן רביולי 150גרם,גרמים,150.00,100 גרם,false,1,14.90,9.9333,true,1,152537
7290015446242,false,אול אין חטיף חלבון ק,,,אול אין חטיף חלבון קרם עוגיות,גרמים,50.00,100 גרם,false,1,13.90,27.8000,true,1,123989
7290015446488,false,אול אין חטיף חלבון ו,,,אול אין חטיף חלבון וסיבים חמאת בוטנים,גרמים,60.00,100 גרם,false,1,13.90,23.1667,true,1,123993
7290015446891,false,אול אין קוקי קראנץ 1,הרת'סייד פוד סולושיי,US,אול אין קוקי קראנץ 100 גרם,גרמים,100.00,100 גרם,false,1,18.90,18.9000,true,1,144917
7290015446921,false,חטיף חלבון בטעם קרמל,,,חטיף חלבון בטעם קרמל מלוח- 60 גרם,גרמים,60.00,100 גרם,false,1,13.90,23.1667,true,1,153869
7290015470094,true,שוקולד מריר תפוז לס,האי נאם סי או אל.טי.,TR,שוקולד מריר תפוז לס,Unknown,0.00,Unknown,false,1,11.90,0.0000,true,1,132687
7290015519144,false,מטען קיר לגלקסי פרימ,,,מטען קיר לגלקסי פרימיום 2A,יחידה,1.00,יחידה,false,1,49.90,49.9000,true,1,143240
7290015519205,false,מעמד מגנט EASY GRIP,,,מעמד מגנט EASY GRIP,יחידה,1.00,יחידה,false,1,29.90,29.9000,true,1,143210
7290015597210,false,טילון קורונטו עם וופל ואגוזי לוז מסוכרים,"גלידת שטראוס בע""מ, ר",IL,מאגדת טילון קורנטו 378 גרם,גרמים,378.00,100 גרם,false,1,34.90,9.2328,true,1,118644
7290015597326,false,מאגדת קרחוני אייס לייט 3 טעמים 260 גר,"גלידת שטראוס בע""מ, ר",IL,מאגדת קרחוני שרבט אייס לייט בטעמים 710 ג,גרמים,710.00,100 גרם,false,1,26.90,3.7887,true,1,111492
7290015597937,false,קורנטו וניל קלאסי שטראוס 70 גר,"מיוצר ע""י גלידת שטרא",IL,קורנטו קלאסיק,גרמים,70.00,100 גרם,false,1,9.90,14.1429,true,1,118641
7290015599016,false,צהובה טבעונית עם זיתים 200 גרם,אריויה ס.א.,GR,צהובה טבעונית עם זיתים 200גרם ווגה,גרמים,200.00,100 גרם,false,1,23.90,11.9500,true,1,115352
7290015599023,false,פרוסות צהובה טבעונית בטעם קלאסי,וגה מוצרים טבעוניים VEGA,GR,צהובה טבעונית בטעם קלאסי 200 גרם,גרמים,200.00,100 גרם,false,1,23.90,11.9500,true,1,115353
7290015599030,true,צהובה טבעונית בטעם פ,אריויה ס.א.,GR,צהובה טבעונית בטעם פיצה פפרוני200גרם ווג,גרמים,200.00,100 גרם,false,1,23.90,11.9500,true,1,121595
7290015599047,false,בלוק צהובה טבעונית לגירוד על פיצה 200 ג,וגה מוצרים טבעוניים VEGA,GR,בלוק צהובה טבעונית לגירוד על פיצה,גרמים,200.00,100 גרם,false,1,17.90,8.9500,true,1,115351
7290015599054,false,פרוסות צהובה טבעונית בטעם גבינת צ'דר,וגה מוצרים טבעוניים VEGA,GR,צהובה טבעונית בטעם צדר 200גרם ווגה,גרמים,200.00,100 גרם,false,1,23.90,11.9500,true,1,115350
7290015599061,false,פרוסות צהובה טבעונית בטעם מוצרלה,וגה מוצרים טבעוניים VEGA,GR,צהובה טבעונית בטעם מוצרלה 200 גרם ווגה,גרמים,200.00,100 גרם,false,1,23.90,11.9500,true,1,115349
7290015599078,true,צהובה טבעונית עם עשב,המאפיה של הרמן,GR,צהובה טבעונית עם עשבי תיבול200גרם ווגה,גרמים,200.00,100 גרם,false,1,23.90,11.9500,true,1,121594
7290015599191,false,גבינת שמנת טבעונית בסגנון קלאסי 170 גרם,ביוטי איילנד פודס בע,,ממרח שמנת טבעונית בסגנון קלאסי 170 גרם,גרמים,170.00,100 גרם,false,1,19.90,11.7059,true,1,115368
7290015599207,false,גבינת שמנת טבעונית בטעם צדר 170 גרם,ביוטי איילנד פודס בע,,ממרח שמנת טבעונית בטעם צדר 170גרם,גרמים,170.00,100 גרם,false,1,19.90,11.7059,true,1,115366
7290015599306,false,גבינת שמנת טבעונית עם עירית 170 גרם,ביוטי איילנד פודס בע,,ממרח שמנת טבעונית עם עירית 170גרם,גרמים,170.00,100 גרם,false,1,19.90,11.7059,true,1,115365
7290015599313,false,גבינת שמנת טבעונית עם בצל ירוק ופלפל,ביוטי איילנד פודס בע,,ממרח שמנת טבעונית בצל ירוק ופלפל 170גר,גרמים,170.00,100 גרם,false,1,19.90,11.7059,true,1,115367
7290015599504,false,ממרח בטעם חמאה אורגני 225 גר,גוד פוד פרודקטס S.p,DK,וגה ממרח בטעם חמאה אורגני 225 גרם,גרמים,225.00,100 גרם,false,1,19.90,8.8444,true,1,124074
7290015599719,false,תחליף פרמזן טבעוני 1,המאפיה של הרמן,GR,פרמזן טבעוני ווגה 150 גרם,גרמים,150.00,100 גרם,false,1,25.90,17.2667,true,1,145918
7290015644297,false,אנג'ל הלחמניה המלאה 6יח 450 ג',מאפיית שלמה א. אנג'ל,IL,לחמניות פשוט מלא שישייה 450 גרם,גרמים,450.00,100 גרם,false,1,13.90,3.0889,true,1,115188
7290015644426,false,לחם אנג'ל צרפתי חיטה מלאה ודגנים 600 גר',"איטיליאן פוד, אס.פי.",IL,אנג'ל לחם מחמצת חיטה מלאה ודגנים 600 גרם,גרמים,600.00,100 גרם,false,1,16.90,2.8167,true,1,113086
7290015652070,false,קשיו קלוי 150 גרם ששון הקולה,"דין שיווק וקלייה בע""",IL,קשיו קלוי 150 גרם,גרמים,150.00,100 גרם,false,1,13.90,9.2667,true,1,152506
7290015652087,false,תערובת פיצוחים 150 גרם ששון הקולה,דין שיווק,IL,תערובת פיצוחים 150 גרם,גרמים,150.00,100 גרם,false,1,14.90,9.9333,true,1,152507
7290015673181,false,בורגר מהצומח עם ברוקולי קליפורניה 400 גר,טבע דלי,IL,בורגר על האש קליפורניה עם ברוקולי 400 גר,גרמים,400.00,100 גרם,false,1,25.90,6.4750,true,1,116485
7290015673198,false,בורגר מהצומח עם פטריות טקסס 400 גר,טבע דלי בעמ,IL,טבע דלי טקסס בורגר עבה עם פטריות 400 גרם,גרמים,400.00,100 גרם,false,1,25.90,6.4750,true,1,118458
7290015673204,false,קבב מהצומח עם פטרוזיליה 400 גר,טבע דלי בעמ,IL,קבב בולגרי עם פטרוזיליה 400 גרם,גרמים,400.00,100 גרם,false,1,25.90,6.4750,true,1,117861
7290015673587,false,קריספי טופו ברוטב אסייתי 350 גר,טבע דלי,IL,קריספי נגיסי טופו רוטב אסייתי350 גרם,גרמים,350.00,100 גרם,false,1,27.90,7.9714,true,1,123534
7290015673594,false,קריספי טופו ברוטב בוטנים קארי 350 גר,טבע דלי,IL,קריספי טופו- נגיסי טופו ברוטב בוטנים וקא,גרמים,350.00,100 גרם,false,1,27.90,7.9714,true,1,125715
7290015733427,false,מטרנה דייסת גם וגם וניל פרו12*300ג 2019,מולינו ניקולי s.p.a,IL,מטרנה דייסת גם וגם וניל פרו12*300ג 2019,גרמים,300.00,100 גרם,false,1,22.90,7.6333,true,1,152945
7290015781008,false,"יין ויז'ן מרלו 750 מ""ל",יקב טפרברג 1870 בעמ,IL,יין ויזאן מרלו,מיליליטרים,750.00,"100 מ""ל",false,1,39.90,5.3200,true,1,108913
7290015781015,false,"יין ויז'ן מלבק 750 מ""ל",יקב טפרברג 1870 בעמ,IL,ויזאן מלבק,מיליליטרים,75000.00,"100 מ""ל",false,1,39.90,0.0532,true,1,108587
7290015781046,false,יין VISION לבן חצי יבש 750 מל,יקב טפרברג 1870 בעמ,IL,יין ויזאן לבן חצי יבש,מיליליטרים,75000.00,"100 מ""ל",false,1,39.90,0.0532,true,1,110267
7290015781053,false,"יין ויז'ן לבן יבש 750 מ""ל",יקב טפרברג 1870 בעמ,IL,"VISION לבן יבש 750 מ""ל",מיליליטרים,750.00,"100 מ""ל",false,1,39.90,5.3200,true,1,127674
7290015781107,false,"סנגובזה אימפרשיאון 750 מ""ל",יקב טפרברג 1870 בעמ,IL,"IMPRESSION סאנגובזה 750 מ""ל",מיליליטרים,750.00,"100 מ""ל",false,1,49.90,6.6533,true,1,110271
7290015781114,false,"יין אימפרשן מרלו 750 מ""ל",יקב טפרברג 1870 בעמ,IL,"יין מרלו אימפרשן יקב טפרברג 750 מ""ל",מיליליטרים,750.00,"100 מ""ל",false,1,49.90,6.6533,true,1,110273
7290015781121,false,"קברנה סוביניון אימפרשיאון 750 מ""ל-מרכז",יקב טפרברג 1870 בעמ,IL,"יין ק.סובניון אימפרשן יקב טפרברג 750 מ""ל",מיליליטרים,750.00,"100 מ""ל",false,1,49.90,6.6533,true,1,110268
7290015781138,false,"שרדונה אימפרשיאון 750 מ""ל",יקב טפרברג 1870,IL,"IMPRESSION שרדונה 750 מ""ל.",מיליליטרים,750.00,"100 מ""ל",false,1,49.90,6.6533,true,1,108583
7290015781145,false,יין IMPRES ריזלינג קינוח לבן 750 מל,יקב טפרברג 1870,IL,IMPRESSION ריזלינג- יין לבן בציר מאוחר,מיליליטרים,750.00,"100 מ""ל",false,1,49.90,6.6533,true,1,117220
7290015781152,false,"רוזה אימפרשיאון 750 מ""ל",יקב טפרברג 1870,IL,"יין רוזה אימפרשן יקב טפרברג 750 מ""ל",מיליליטרים,750.00,"100 מ""ל",false,1,49.90,6.6533,true,1,117472
7290015781169,false,"יין קברנה סוביניון - חצי יבש אימפרשן 750מ""ל",יקב טפרברג 1870 בעמ,IL,אימפרשיין קברנה סובניון,מיליליטרים,750.00,"100 מ""ל",false,1,49.90,6.6533,true,1,108585
7290015781220,false,"INSPIRE דבוקי -גוורצטרמינר 750 מ""ל 2021",יקב טפרברג 1870,,INSPIRE DESTITAGE ויונייה סוביניון בלא,מיליליטרים,750.00,"100 מ""ל",false,1,79.90,10.6533,true,1,119038
7290015781275,false,יין MOSCATO מוסקטו לבן 750 מל,יקב טפרברג 1870 בעמ,IL,"יין מוסקטו לבן יקב טפרברג 750 מ""ל",מיליליטרים,750.00,"100 מ""ל",false,1,39.90,5.3200,true,1,110266
7290015781299,false,יין שיראז אדום טפמבר,יקב טפרברג 1870 בעמ,IL,יין שיראז אדום טפמברג,מיליליטרים,750.00,"100 מ""ל",false,1,39.90,5.3200,true,1,119053
7290015781305,false,"יין אימפרשן סירה 750 מ""ל",יקב טפרברג 1870 בעמ,IL,"IMPRESSION סירה 750 מ""ל",מיליליטרים,750.00,"100 מ""ל",false,1,49.90,6.6533,true,1,119046
7290015848909,false,אולטרסול תחליב קידס 30/250,פישר מעבדות פרמצבטיו,IL,אולטרסול תחליב קידס 30/250,לא מנהל יחידת מידה,0.00,לא מנהל יחידת מידה,false,1,44.90,0.0000,true,1,124106
7290015848923,false,אולטרסול תחליב הגנה מבוגרים 30/250,פישר מעבדות פרמצבטיו,IL,אולטרסול תחליב הגנה מבוגרים 30/250,מיליליטרים,250.00,"100 מ""ל",false,1,44.90,17.9600,true,1,116482
7290015858106,false,ממרח פסטו ביתי 180 ג' עללחם,מדשא תעשיות מזון בעמ,IL,עללחם פסטו ביתי 100 גרם,גרמים,180.00,100 גרם,false,1,19.90,11.0556,true,1,117879
7290015858229,false,טפנד זיתי קלמטה עללחם 180 גרם,מדשא תעשיות מזון בעמ,IL,עללחם טפנד זיתי קלמטה 180 גרם,גרמים,180.00,100 גרם,false,1,19.90,11.0556,true,1,132788
7290015858243,false,ממרח צימיצורי עללחם 180 גרם,מדשא תעשיות מזון בעמ,IL,ממרח צימיצורי 180 גרם,גרמים,180.00,100 גרם,false,1,19.90,11.0556,true,1,117733
7290015865692,false,קונפיטורה תות שדה ענ,ענבי ציון,IL,תענוג פרי תות שדה ענבי ציון 400 גרם,גרמים,400.00,100 גרם,false,1,17.90,4.4750,true,1,157193
7290015865708,false,קונפיטורה אוכמניות ע,ענבי ציון,IL,תענוג פרי אוכמניות ענבי ציון 400 גרם,גרמים,400.00,100 גרם,false,1,17.90,4.4750,true,1,157194
7290015865715,false,ענבי ציון-תנובה תענו,ענבי ציון,IL,תענוג פרי פירות יער ענבי ציון 400 גרם,גרמים,400.00,100 גרם,false,1,17.90,4.4750,true,1,157195
7290015946001,false,מאסטר ספירולינה הזהב הירוק 200 גרם,אשבל,IL,מאסטר ספירולינה אורגנית הזהב הירוק קפואה,לא מנהל יחידת מידה,2.50,לא מנהל יחידת מידה,false,1,59.00,23.6000,true,1,150050
7290015951227,false,"יין גמלא השמורה סירה 2021 750 מ""ל",יקבי רמת הגולן,IL,יין גמלא סירה 750 מל,מיליליטרים,750.00,"100 מ""ל",false,1,64.90,8.6533,true,1,148299
7290015951869,false,יקבי רמת הגולן הר חר,מיוצר וממולא על ידי,IL,הר חרמון רוזה,מיליליטרים,750.00,"100 מ""ל",false,1,33.90,4.5200,true,1,121399
7290015968089,false,"צלחות פלסטיק עבות כ-17 ס""מ במבחר צבעים",הוסטס Hostess,,צלחות פלסטיק עבות במיוחד 25 יחידות 17 סמ,לא מנהל יחידת מידה,0.00,לא מנהל יחידת מידה,false,1,8.90,0.0000,true,1,126884
7290015968201,false,כוסות נייר 50 יח לשת,,,כוסות נייר 50 יח לשתיה חמה קרה 310 מל,יחידה,1.00,יחידה,false,1,17.90,17.9000,true,1,126729
7290015968218,false,כוסות נייר 50 יח לשת,,,כוסות נייר 50 יח לשתיה חמה קרה 370 מל,יחידה,1.00,יחידה,false,1,25.90,25.9000,true,1,126730
7290015968294,false,"נובי כוס הפלא 240 מ""",מולינו ניקולי s.p.a,CN,נובי כוס הפלא עם מכסה וידיות,לא מנהל יחידת מידה,0.00,לא מנהל יחידת מידה,false,1,39.90,0.0000,true,1,121435
7290015968317,false,"סינרים ח""פ לתינוק",טוליפס Tulips,CN,"סינרים ח""פ לתינוק",לא מנהל יחידת מידה,0.00,לא מנהל יחידת מידה,false,1,23.90,0.0000,true,1,121411
7290015968461,false,כוסות פלסטיק משובחות,F.T.I,,"כוסות פלסטיק משובחות 330 מ""ל 40 יחי",לא מנהל יחידת מידה,0.00,לא מנהל יחידת מידה,false,1,9.90,0.0000,true,1,122259
7290015968508,false,"כוסות פלסטיק לשתיה קרה 180מ""ל",,TR,"כוסות 180 מ""ל פלסטיק לשתיה קרה",יחידה,1.00,יחידה,false,1,8.90,8.9000,true,1,144860
7290015968669,false,גביע יין מוכסף לקידו,J.E&W.Inc,,גביע יין מוכסף לקידוש 6 יח,לא מנהל יחידת מידה,0.00,לא מנהל יחידת מידה,false,1,11.90,0.0000,true,1,116774
7290015968683,false,צלחת קריסטל פרח שקופ,J.E&W.Inc,,צלחת קריסטל פרח שקופה בינונית 10 יח,לא מנהל יחידת מידה,0.00,לא מנהל יחידת מידה,false,1,15.90,0.0000,true,1,116772
7290015968713,false,צלחת קריסטל מעוטרת בינונית 10 יחידות,הוסטס Hostess,,צלחת קריסטל מעוטרת בינונית 10 יח,לא מנהל יחידת מידה,0.00,לא מנהל יחידת מידה,false,1,14.90,0.0000,true,1,116769
7290015968744,false,צלחת מרק קריסטל מעוט,J.E&W.Inc,,צלחת מרק קריסטל מעוטרת 10 יח,לא מנהל יחידת מידה,0.00,לא מנהל יחידת מידה,false,1,24.90,0.0000,true,1,116771
7290015968782,true,מארז פדים להסרת איפו,הדקלאים אגודת שיתופי,CN,מארז שלישיה פדים להסרת איפור 3*80,Unknown,0.00,Unknown,false,1,16.90,0.0000,true,1,132807
7290016006322,false,מים מינרליים מי עדן,מופק ממקור בזלתי עדן,IL,מי עדן בקבוק 1 ליטר,ליטרים,1.00,ליטר,false,1,5.90,5.9000,true,1,114838
7290016006346,false,שישיית שרינק 500 מל שוופס סודה,יפאורה תבורי בעמ,IL,שוופס סודה 0.5 ליטר שישייה,ליטרים,3.00,ליטר,false,1,16.20,5.4000,true,1,115275
7290016006377,false,"שוויפס מוגז בטעם פירות תות ליים 330 מ""ל",יפאורה תבורי בעמ,IL,"שוופס מוגז פירות תות ליים 330 מ""ל זכוכית",מיליליטרים,330.00,"100 מ""ל",false,1,6.90,2.0909,true,1,114750
7290016028010,true,קינוחי קרם בורלה,,,קינוחי קרם בורלה,Unknown,0.00,Unknown,false,1,9.90,0.0000,true,1,124206
7290016028423,true,קינוחי פנקוטה עם מכס,,,קינוחי פנקוטה עם מכס,Unknown,0.00,Unknown,false,1,9.90,0.0000,true,1,124208
7290016028560,true,נר 48 שעות,,,נר 48 שעות,Unknown,0.00,Unknown,false,1,3.90,0.0000,true,1,124209
7290016045888,false,מארז 6 פיתות כוסמין,,IL,פיתה כוסמין 500 גרם,גרמים,500.00,100 גרם,false,1,14.90,2.9800,true,1,149078
7290016047318,true,קמח לבצק דק 500 גרם,,,קמח לבצק דק 500 גרם,גרמים,500.00,100 גרם,false,1,23.90,4.7800,true,1,124802
7290016077759,true,רוטב ברביקיו קלאסי,,NL,היינץ רוטב ברביקיו קלאסי 480 גרם,יחידה,1.00,יחידה,false,1,17.90,17.9000,true,1,142361
7290016081619,false,אוזניית שלט קפיצית ש,,,RETRACTABLE - שלט BT עם אוזניה - צבע שחו,יחידה,1.00,יחידה,false,1,109.00,109.0000,true,1,143231
7290016081626,false,RETRACTABLE - שלט BT,,,RETRACTABLE - שלט BT עם אוזניה - צבע לב,יחידה,1.00,יחידה,false,1,109.00,109.0000,true,1,143230
7290016087147,true,פריניר מרגריטה 240 ג,פריניר ( הדס 1987) ב,IL,פריניר רוטב פיצה מרגריטה 240 ג,Unknown,0.00,Unknown,false,1,5.90,0.0000,true,1,122037
7290016087192,false,עגבניות מרוסקות מרוכזות 230 גרם פריניר,פריניר ( הדס 1987) ב,IL,פריניר מרוסקות 230 ג,גרמים,230.00,100 גרם,false,1,5.90,2.5652,true,1,117736
7290016087222,false,רוטב עגבניות מרוכז לשקשוקה פריניר 230 גר,פריניר ( הדס 1987) ב,IL,פריניר רוטב עגבניות מרוכז לשקשוקה 230 גרם,גרמים,230.00,100 גרם,false,1,5.90,2.5652,true,1,118666
7290016094008,false,"אולטרסול קרם פנים 50/75 מ""ל",פישר מעבדות פרמצבטיו,IL,אולטרסול קרם פנים 50/75,לא מנהל יחידת מידה,0.00,לא מנהל יחידת מידה,false,1,32.90,0.0000,true,1,124102
7290016094022,true,אולטרסול 50/200 תרסי,פישר מעבדות פרמצבטיו,IL,ספריי שקוף 50 SPF,מיליליטרים,200.00,"100 מ""ל",false,1,44.90,22.4500,true,1,124103
7290016094039,false,"ד""ר פישר - אולטרסול ספריי שקוף קידס 200 מ""ל 50SPF",פישר מעבדות פרמצבטיו,IL,ספריי שקוף לילדים 50 SPF,מיליליטרים,200.00,"100 מ""ל",false,1,44.90,22.4500,true,1,115558
7290016114300,true,נייר טואלט לילי דאבל,,,נייר טואלט לילי דאבל,Unknown,0.00,Unknown,false,1,39.90,0.0000,true,1,132859
7290016144000,false,"קמח חיטה מלאה נפלאות 80% 1 ק""ג","קמח מלכים בע""מ",IL,"קמח חיטה 80 נפלאות 1 ק""ג",קילוגרמים,1.00,"ק""ג",false,1,8.90,8.9000,true,1,153394
7290016144017,false,"קמח מלא נפלאות 100% ללא ניפוי 1 ק""ג",קמח מלכים,IL,"קמח חיטה 100 נפלאות 1 ק""ג",קילוגרמים,1.00,"ק""ג",false,1,8.90,8.9000,true,1,153395
7290016144024,false,"קמח כוסמין מלא נפלאות 100% 1 ק""ג","קמח מלכים בע""מ",IL,"קמח נפלאות כוסמין 100% 1 ק""ג",קילוגרמים,1.00,"ק""ג",false,1,14.90,14.9000,true,1,150859
7290016144031,false,"קמח לבן מנופה נפלאות 1 ק""ג",קמח מלכים,IL,"קמח נפלאות חיטה לבן 1 ק""ג",קילוגרמים,1.00,"ק""ג",false,1,6.90,6.9000,true,1,150858
7290016144048,false,"קמח כוסמין לבן נפלאות 1 ק""ג","קמח מלכים בע""מ",IL,"קמח נפלאות כוסמין לבן 1 ק""ג",קילוגרמים,1.00,"ק""ג",false,1,16.90,16.9000,true,1,150860
7290016146004,true,קמח שקד מולבן 300,"שקד תבור בע""מ",IL,שקד תבור קמח שקד קלוף 300 גרם,גרמים,300.00,100 גרם,false,1,24.90,8.3000,true,1,123144
7290016146066,false,מחית 100% תמרים 500,"אלמנדוס בע""מ",IL,מחית 100% תמרים 500 גרם,גרמים,500.00,100 גרם,false,1,14.90,2.9800,true,1,153974
7290016146424,true,שוקולד תבור 100%BIO,שקד תבור,IL,שוקולד תבור 100%BIO 100גרם,Unknown,0.00,Unknown,false,1,15.90,0.0000,true,1,123154
7290016146431,true,שוקולד תבור 72% 100ג,שקד תבור,IL,שוקולד תבור 72% 100גרם,Unknown,0.00,Unknown,false,1,15.90,0.0000,true,1,123155
7290016146448,true,שוקולד תבור 85% 100,שקד תבור,IL,שוקולד תבור 85% 100גרם,גרמים,100.00,100 גרם,false,1,15.90,15.9000,true,1,123156
7290016146455,true,שוקולד תבור 100% BIO,שקד תבור,IL,שוקולד תבור 100% BIO100גרם,Unknown,0.00,Unknown,false,1,15.90,0.0000,true,1,123157
7290016150391,false,סלק ואקום 500 גרם,חקלאי,IL,סלק בואקום,Unknown,0.00,Unknown,false,1,7.90,0.0000,true,1,132864
7290016188592,false,"יין למברוסקו אדום חצי יבש 750 מ""ל!","כד בני דרום בע""מ",IT,למברוסקו גקובזי אדום,יחידה,1.00,יחידה,false,1,36.90,36.9000,true,1,111598
7290016188608,false,"יין למברוסקו לבן חצי יבש 750מ""ל",יקב גאקובזי,IT,למברוסקו אמיליה יין מבעבע לבן חצי יבש 750 מל,יחידה,1.00,יחידה,false,1,36.90,36.9000,true,1,111596
7290016197488,false,מטליות מיקרופייבר למשטחים ניקול 3יח',UFO INC,CN,מטליות מיקרופייבר משטחים,לא מנהל יחידת מידה,0.00,לא מנהל יחידת מידה,false,1,14.90,0.0000,true,1,113653
7290016197495,false,ניקול זוג מטליות הקסם מיקרופייבר לרצפה,חוגלה קימברלי,CN,מטליות מיקרופייבר רצפה,לא מנהל יחידת מידה,0.00,לא מנהל יחידת מידה,false,1,21.90,0.0000,true,1,113654
7290016197600,false,דיפנד - תחבושת לנשים נורמל 12 יח',חוגלה קימברלי,VN,תחבושת דיפנד לנשים נורמל,לא מנהל יחידת מידה,0.00,לא מנהל יחידת מידה,false,1,21.90,0.0000,true,1,114126
7290016197617,false,דיפנד - תחבושות לנשים אקסטרה 10 יח',חוגלה קימברלי,VN,תחבושת דיפנד לנשים אקסטרה,לא מנהל יחידת מידה,0.00,לא מנהל יחידת מידה,false,1,21.90,0.0000,true,1,114729
7290016197624,false,דיפנד - תחבושת לנשים סופר 8 יח',חוגלה קימברלי,VN,תחבושת דיפנד לנשים סופר,לא מנהל יחידת מידה,0.00,לא מנהל יחידת מידה,false,1,21.90,0.0000,true,1,114730
7290016217735,false,חציל על האש סלטי שמי,"סלטי שמיר 2006 בע""מ",IL,חציל אש 200,גרמים,200.00,100 גרם,false,1,12.90,6.4500,true,1,119394
7290016217742,false,חציל על אש בטחינה 200 גר,"סלטי שמיר 2006 בע""מ",IL,חציל אש +טחינה 200,גרמים,200.00,100 גרם,false,1,12.90,6.4500,true,1,119395
7290016217759,false,חצילים בסגנון מרוקאי,"סלטי שמיר 2006 בע""מ",IL,חציל מורוקאי -גורמה,גרמים,200.00,100 גרם,false,1,13.90,6.9500,true,1,119396
7290016217995,false,סלט ביצים עם אבוקדו,"סלטי שמיר 2006 בע""מ",IL,סלט ביצים עם אבוקדו,גרמים,200.00,100 גרם,false,1,19.90,9.9500,true,1,119388
7290016230888,false,פוגיקום סוללה 3V 5 י,,,סוללה 3V 5 יחידות,יחידה,1.00,יחידה,false,1,19.90,19.9000,true,1,119948
7290016233384,true,גפילטע פיש 7 קציצות,,,גפילטע פיש 7 קציצות,לא מנהל יחידת מידה,0.00,לא מנהל יחידת מידה,false,1,14.90,0.0000,true,1,123392
7290016245608,false,"לחם משפחתי שחור1.2ק""",,,"לחם משפחתי שחור 1.2 ק""ג",קילוגרמים,1.20,"ק""ג",false,1,20.90,17.4167,true,1,143081
7290016245615,false,לחם שיפון 100% עם אג,מאפיית טעמי הכפר 201,,לחם שיפון 100% עם אגוזים מצופה גרעינים,גרמים,900.00,100 גרם,false,1,19.90,2.2111,true,1,97853
7290016245653,false,לחם שיפון מלא חצי קס,מאפיית טעמי הכפר 201,,לחם שיפון מלא חצי קסטן,גרמים,600.00,100 גרם,false,1,17.90,2.9833,true,1,99206
7290016245684,false,לחם ביתי ציפוי גרעינ,מאפיית טעמי הכפר 201,,לחם שיפון ביתי ללא סוכר-טעמי הכפר,גרמים,550.00,100 גרם,false,1,12.90,2.3455,true,1,97836
7290016245707,false,לחם 7 דגנים 600 גרם,מאפיית טעמי הכפר 201,,לחם 7 דגנים 600 גרם,גרמים,600.00,100 גרם,false,1,12.90,2.1500,true,1,98956
7290016245769,true,לחם כוסמין מחמצת בתו,,,לחם כוסמין מחמצת בתוספת פשתן,לא מנהל יחידת מידה,0.00,לא מנהל יחידת מידה,false,1,17.90,0.0000,true,1,121585
7290016245783,false,פיתה תימנית עבודת יד,מאפיית טעמי הכפר 201,,פיתה תימנית עבודת יד-10 יח,לא מנהל יחידת מידה,0.00,לא מנהל יחידת מידה,false,1,13.90,0.0000,true,1,97830
7290016245806,false,לחמניות המבורגר 4 יח,,,מארז לחמניות המבורגר,יחידה,1.00,יחידה,false,1,15.90,15.9000,true,1,143083
7290016245813,false,לחמניות מיני פלוט 6,"מאפיית רנטה בע""מ",IL,לחמניות מיני פלוט 6 יח,לא מנהל יחידת מידה,0.00,לא מנהל יחידת מידה,false,1,12.90,0.0000,true,1,121954
7290016245820,false,מארז לחמניות המבורגר,מאפיית טעמי הכפר 201,,מארז לחמניות המבורגר 4 יחידות,לא מנהל יחידת מידה,0.00,לא מנהל יחידת מידה,false,1,13.90,0.0000,true,1,119502
7290016246308,false,בארכה בקטנה חטיף חלבה וניל קוקוס 7*18 גר,רושדי תעשיות מזון בע,IL,בארכה בקטנה חטיף חלבה וניל קוקוס12 7*18ג,גרמים,126.00,100 גרם,false,1,13.90,11.0317,true,1,117177
7290016270570,false,מלפפון בייבי,חקלאי,IL,מלפפון בייבי,לא מנהל יחידת מידה,1.00,לא מנהל יחידת מידה,false,1,9.90,9.9000,true,1,151028
7290016270709,false,עגבניות שרי אשכולות,חקלאי,IL,שרי קלמר ארוז יח,גרמים,460.00,100 גרם,false,1,11.90,2.5870,true,1,121785
7290016277647,false,בננה מסוכרת 250 גרם ששון- קופסא,"דין שיווק וקלייה בע""",IL,בננה מסוכרת 250 גרם,גרמים,250.00,100 גרם,false,1,9.90,3.9600,true,1,153147
7290016277654,false,פיסטוק קלוף טבעי 150 גרם ששון- קופסא,"דין שיווק וקלייה בע""",IL,פיסטוק קלוף טבעי 150 גרם,גרמים,150.00,100 גרם,false,1,39.80,26.5333,true,1,153146
7290016319118,false,מגע הדבש שעווה מתקלפת לפנים 100 גרם,המאפיה של הרמן,IL,מגע הדבש שעווה מתקלפת לפנים 100גרם,גרמים,100.00,100 גרם,false,1,27.90,27.9000,true,1,150072
7290016319309,false,סבון נוזלי מאסק קלאסי+משאבה פמלי 1 ל,הנסיך- מפעל לייצור ט,IL,אל סבון מאסק קלאסי,ליטרים,1.00,ליטר,false,1,14.90,14.9000,true,1,114148
7290016321531,false,רצועות שעווה לגוף מגע הדבש אלוורה 12+3יח,שוורצקוף& הנקל דיסלד,IL,מגע הדבש רצועות שעווה 12+3 אלוורה,יחידה,1.00,יחידה,false,1,26.90,26.9000,true,1,146262
7290016321548,false,רצועות שעווה לגוף מגע הדבש קמומיל 12+3יח,ש.שוורץ,ES,מגע הדבש רצועות שעווה 12+3 קמומיל,יחידה,1.00,יחידה,false,1,26.90,26.9000,true,1,146264
7290016321661,false,מגבונים פרש וואנס סנסיטיב קר רביעייה,עלבד משואות יצחק,IL,פרש וואנס רביעייה סנסטיב SENSITIVE קייר,לא מנהל יחידת מידה,0.00,לא מנהל יחידת מידה,false,4,18.90,0.0000,true,1,126175
7290016321678,false,מגבונים לחים בניחוח מרענן עם תמציות קמומיל ואלוורה,עלבד משואות יצחק,IL,פרש וואנס רביעייה נטורל NATURAL קייר,לא מנהל יחידת מידה,0.00,לא מנהל יחידת מידה,false,4,18.90,0.0000,true,1,126174
7290016321777,false,מגע הדבש רצועות שעווה לפנים אלוורה 20 יח,שוורצקוף& הנקל דיסלד,IL,מגע הדבש רצועות שעווה לפנים 20+5,יחידה,1.00,יחידה,false,1,26.90,26.9000,true,1,146265
7290016321883,false,פ.ו נייר טואלט מתכלה ילדים 40יח- שלישייה,עלבד משואות יצחק בעמ,IL,פרשוואנס נייר טואלט מתכלה לילדים -מארז שלישייה,יחידה,1.00,יחידה,false,1,15.90,15.9000,true,1,126870
7290016321890,false,פ.ו נייר טואלט מתכלה מבוגרים 40יח- שלישייה,עלבד משואות יצחק בעמ,IL,פרשוואנס נייר טואלט מתכלה לילדים -מארז שלישייה,יחידה,1.00,יחידה,false,1,15.90,15.9000,true,1,126869
7290016372342,true,עגבניות קוביות שלישי,שוורצקוף& הנקל דיסלד,IT,בלה איטליה עגבניות חתוכות לקוביות במיץ 1.2 קג,Unknown,0.00,Unknown,false,1,16.90,0.0000,true,1,124174
7290016372373,true,רסק עגבניות בלה איטל,שוורצקוף& הנקל דיסלד,IT,בלה איטליה רסק עגבניות 280 גרם,גרמים,280.00,100 גרם,false,1,7.90,2.8214,true,1,122399
7290016372397,false,"תה ויסוצקי ירוק תפוז,ג'ינגר וכורכום 25 יח'",ויסוצקי ירוק,IL,תה ירוק תפוז גינגר וכורכום 25 שקיקים,גרמים,48.00,100 גרם,false,1,25.90,53.9583,true,1,117172
7290016372458,true,גן קסום לימונית ולוא,HIQ FOOD PRODUCTS,IL,גן קסום לימונית ולוא,Unknown,0.00,Unknown,false,1,33.90,0.0000,true,1,133012
7290016372496,false,חליטת פירות וצמחים בטעם ג'ינג'ר ודבש -אפקט הג'ינג'ר,תה ויסוצקי,IL,"ג'ינג'ר ודבש- ""אפקט הג'ינג'ר""",גרמים,30.00,100 גרם,false,1,19.90,66.3333,true,1,117166
7290016408133,false,טרליני כעכים בטעם בצל וזיתים 225 גר' - בדץ,אפוליה פוד,IT,"טרליני פניני, מיני כעכים בתוספת בצל וזיתים 225 גרם",גרמים,225.00,100 גרם,false,1,8.90,3.9556,true,1,114714
7290016408294,false,"מרשמלו ורוד לבן וסטהיים 150 ג', 26 בקרטון",מנדלז סי.אר. פרודקשן,IL,"מרשמלו ורוד לבן וסטהיים 150 ג', 26 בקרטון",גרמים,150.00,100 גרם,false,1,5.90,3.9333,true,1,115292
7290016408416,false,חטיף קרקר עם צ'ילי פיקנטי,תות תעשיות מזון (201,LT,חטיף קרקר עם צילי 130 גרם,גרמים,130.00,100 גרם,false,1,6.90,5.3077,true,1,114718
7290016408423,false,קרקר עם זיתים שחורים ושום 130 גר',תות תעשיות מזון (201,LT,קרקר דגנים עם זיתים שחורים ושום,גרמים,130.00,100 גרם,false,1,6.90,5.3077,true,1,114720
7290016408430,false,חטיף קרקר עם תערובת תבלינים,דנוויטה ג'יי. אס. סי,LT,קרקר דגנים עם קמח שיפון מלא ותערובת תבינים 130 גרם,גרמים,130.00,100 גרם,false,1,6.90,5.3077,true,1,114716
7290016408980,false,"מטבעות שוקולד חלב 36 ג' כשל""פ בד""ץ!",כרמית תעשיות מזון,IL,מטבעות שוקולד חלב 36 גרם,גרמים,36.00,100 גרם,false,1,3.90,10.8333,true,1,117364
7290016437621,false,"תחתוני חיתולים פרידום דריי מידה 4 9-11 ק""ג",קימברלי קלארק צ'כיה,CZ,האגיס פרידום דריי פנטס מידה 4,לא מנהל יחידת מידה,0.00,לא מנהל יחידת מידה,false,1,46.90,0.0000,true,1,119712
7290016509786,true,פרסיל גל ירוק 2.5 לי,"הנקל סוד בע""מ",IL,ג'ל מרוכז לכביסה במכונה - לבנה וצבעונית,ליטרים,2.50,ליטר,false,1,34.90,13.9600,true,1,121467
7290016509809,true,פרסיל גל קולור 2.5 ל,"הנקל סוד בע""מ",IL,ג'ל מרוכז לכביסה במכונה - צבעונית,ליטרים,2.50,ליטר,false,1,34.90,13.9600,true,1,121468
7290016509823,true,פרסיל גל בלו 2.5 ליט,"הנקל סוד בע""מ",IL,ג'ל מרוכז לכביסה במכונה - לבנה וצבעונית,ליטרים,2.50,ליטר,false,1,34.90,13.9600,true,1,121469
7290016509830,true,פרסיל גל בייבי 2.5 ל,"הנקל סוד בע""מ",IL,פרסיל ג'ל כביסה לבגדי תינוקות ולבעלי עור רגיש,ליטרים,2.50,ליטר,false,1,34.90,13.9600,true,1,121470
7290016545012,false,בירה בירבזאר חתול שמ,מבשלת הארץ (בירבזאר),IL,"בירה בירבזאר חתול שמן בקבוק 330 מ""ל",מיליליטרים,330.00,"100 מ""ל",false,1,15.90,4.8182,true,1,154598
7290016545036,false,בירה בירבזאר בלאק גק,מבשלת הארץ (בירבזאר),IL,"בירה בירבזאר בלאק גק בקבוק 330 מ""ל",מיליליטרים,330.00,"100 מ""ל",false,1,15.90,4.8182,true,1,154597
7290016545067,false,בירה וויטני קראפט חי,מבשלת הארץ (בירבזאר),IL,"בירה בירבזאר וויטני בקבוק 330 מ""ל",מיליליטרים,330.00,"100 מ""ל",false,1,15.90,4.8182,true,1,154596
7290016564006,true,מבריקל הפלא 3 יח,מבריקל,CN,מבריקל הפלא 3 יח,יחידה,3.00,יחידה,false,1,9.90,3.3000,true,1,157245
7290016564266,false,כיסוי הפלא 30 יח מבריקל,מבריקל,IL,כיסוי הפלא 30 יח,יחידה,30.00,יחידה,false,1,9.90,0.3300,true,1,157249
7290016584011,false,חטיפוני גזר 350 גרם גיזרונים,"מרינה פטריות הגליל בע""מ",IL,חטיפוני גזר 350 גרם,גרמים,350.00,100 גרם,false,1,10.90,3.1143,true,1,121523
7290016607772,false,"יין רוזה גליל דלתון 750 מ""ל","איי, בי, אינבוו",IL,דלתון יין גליל רוזה יבש 2020 12.5% כהל 750 מל,מיליליטרים,750.00,"100 מ""ל",false,1,64.90,8.6533,true,1,147318
7290016682199,false,פריניב שייק תות בננה מופחת סוכר 1 ליטר,פריניב בעמ,IL,פריניב שייק תות בננה מופחת סוכר 1 ליטר,ליטרים,1.00,ליטר,false,1,17.50,17.5000,true,1,115214
7290016682243,false,פריניב מיץ אשכולית אדומה סחוט 1 ליטר,פריניב,IL,מיץ אשכולית אדומה 1 ליטר סחוט 100%,ליטרים,1.00,ליטר,false,1,17.50,17.5000,true,1,122520
7290016682335,false,מיץ תפוזים פרי ניב 2 ליטר -,פרי ניב,IL,מיץ תפוזים פריניב 2 ליטר,ליטרים,2.00,ליטר,false,1,21.50,10.7500,true,1,153427
7290016682342,false,מיץ תפוזים וולנסיה פרי ניב 2 ליטר-,פרי ניב,IL,תפוז וולנסיה סחוט 100% 2 ליטר,ליטרים,2.00,ליטר,false,1,29.90,14.9500,true,1,153428
7290016682359,false,מיץ תפוזים שמוטי פרי ניב 2 ליטר-,פרי ניב,IL,תפוז שמוטי סחוט 100% 2 ליטר,ליטרים,2.00,ליטר,false,1,29.90,14.9500,true,1,153429
7290016682380,false,מיץ טבעי לימונדה ולואיזה פרי ניב 2 ליטר-,פרי ניב,IL,מיץ לימונדה לואיזה ולימון פריניב 2 ליטר,ליטרים,2.00,ליטר,false,1,21.50,10.7500,true,1,153431
7290016682397,false,מיץ חמוציות פרי ניב 2 ליטר-,פרי ניב,IL,מיץ חמוציות 2 ליטר,ליטרים,2.00,ליטר,false,1,21.50,10.7500,true,1,153432
7290016693287,false,"היוצר וירטואוזו גוורץ 750 מ""ל",יקבי ארזה,IL,"יין גוורצטרמינר היוצר וירטואוזו 750 מ""ל",מיליליטרים,750.00,"100 מ""ל",false,1,54.90,7.3200,true,1,122117
7290016717099,false,"יין כרמל סלקטד אדום חצי יבש, 750 מ""ל",יקבי כרמל Carmel Winery,IL,כרמל סלקטד אדום חצי יבש 2018 750 מל,מיליליטרים,750.00,"100 מ""ל",false,1,29.90,3.9867,true,1,119094
7290016717631,false,יין מוסקטו בעל חוזק אלכוהול נמוך פרייבט קולקשן,אגודת הכורמים הקואופ,IL,יקבי כרמל פרייבט קולקשן מוסקטו 2017 750 מל,מיליליטרים,750.00,"100 מ""ל",false,1,39.90,5.3200,true,1,143205
7290016717754,false,"יין ישן נושן יקבי כרמל 750 מ""ל ^^^",אגודת הכורמים הקואופ,IL,כרמל יין ישן נושן יין אדום ממותק 750 מל,מיליליטרים,750.00,"100 מ""ל",false,1,22.90,3.0533,true,1,120705
7290016829785,false,רביעיית קליפסים חום/,,,רביעיית קליפסים חום/,יחידה,1.00,יחידה,false,1,9.90,9.9000,true,1,152257
7290016866643,false,פרודונטקס מ.שיניים אקסטרה פרש 75 מל,פרודונטקס Parodontax,SK,"פרודונטקס משחת שיניים אקסטרה פרש 75 מ""ל",מיליליטרים,75.00,"100 מ""ל",false,1,29.90,39.8667,true,1,121509
7290016866650,false,"פרודונטקס - משחת שיניים אוריג'ינל 75 מ""ל",פרודונטקס Parodontax,SK,"פרודונטקס משחת שיניים אוריג'ינל 75 מ""ל",מיליליטרים,75.00,"100 מ""ל",false,1,29.90,39.8667,true,1,121510
7290016866667,false,"פרודונטקס - משחת שיניים ללא פלאוריד 75 מ""ל",פרודונטקס Parodontax,SK,"פרודונטקס משחת שיניים ללא פלאוריד 75 מ""ל",מיליליטרים,75.00,"100 מ""ל",false,1,29.90,39.8667,true,1,121511
7290016866674,false,"פרודונטקס - משחת שיניים מלבינה 75 מ""ל",פרודונטקס Parodontax,SK,"פרודונטקס משחת שיניים מלבינה 75 מ""ל",מיליליטרים,75.00,"100 מ""ל",false,1,29.90,39.8667,true,1,121512
7290016912500,true,אפקטיב קר תרחיץ פנים,פישר מעבדות פרמצבטיו,IL,אפקטיב קר תרחיץ פנים לעור רגיל 180 מל,מיליליטרים,180.00,"100 מ""ל",false,1,14.90,8.2778,true,1,123266
7290016967074,false,לחם חיטה מלאה עם גרעינים ודגנים,מאפיית שלמה א. אנג'ל,IL,לחם אנגל חיטה מלאה 750 גרם,גרמים,750.00,100 גרם,false,1,14.90,1.9867,true,1,114370
7290016995008,true,פופקורן אורגני,תבואות,IL,פופקורן אורגני,גרמים,500.00,100 גרם,false,1,9.60,1.9200,true,1,121738
7290016995138,false,כוסמת קלויה אורגנית 500 גרם,תבואות,CN,תבואות - כוסמת קלויה אורגני,גרמים,500.00,100 גרם,false,1,11.90,2.3800,true,1,142560
7290016995220,true,דבש אורגני,חקלאות עין חרוד מאוח,AR,דבש אורגני,לא מנהל יחידת מידה,0.00,לא מנהל יחידת מידה,false,1,38.90,0.0000,true,1,121746
7290016995282,true,מנגו מיובש אורגני,תבואות,MX,תבואות מנגו מיובש אורגני 150 גרם,גרמים,150.00,100 גרם,false,1,22.90,15.2667,true,1,121749
7290016995756,false,קמח כוסמין מלא ללא,תבואות מוצרי מזון או,IL,קמח כוסמין מלא מנופה 1קג,קילוגרמים,1.00,"ק""ג",false,1,17.90,17.9000,true,1,143090
7290016995763,false,קמח כוסמין 80% מנופה,תבואות,IL,קמח כוסמין 80% מנופה 1 קג תבואות,קילוגרמים,1.00,"ק""ג",false,1,17.90,17.9000,true,1,146919
7290017031705,false,"סנסודיין - משחת שיניים קלין&פרש 75 מ""ל",גלקסוס סמית קליין,SK,"סנסודיין משחת שיניים ניקיון ורעננות, 75 מל",מיליליטרים,75.00,"100 מ""ל",false,1,21.90,29.2000,true,1,142811
7290017031859,false,"פרודונטקס - משחת שיניים אולטרא קלין 75 מ""ל",סמיתקליין ביצ'ם בעמ,SK,"סנסודיין משחת שיניים אולטרה קלין, 75 מל",מיליליטרים,75.00,"100 מ""ל",false,1,29.90,39.8667,true,1,142813
7290017059044,false,מעדן תפוח חמוציות קי,יופיקס,IL,מעדן תפוח חמוציות קינמון וגרעיני שבולת שועל פרוביו,גרמים,125.00,100 גרם,false,1,7.90,6.3200,true,1,154029
7290017065007,false,פרוסות גבינה מוצרלה חצי קשה 22% שומן 200 ג' גד,מחלבות גד בעמ,IL,גבינה מוצרלה פרוסה גד 150 גרם,גרמים,150.00,100 גרם,false,1,18.90,12.6000,true,1,115249
7290017065137,false,ריקוטה למריחה 5% טבעית 200 גרם - רובין,האי נאם סי או אל.טי.,IL,גד ריקוטה למריחה 5% שומן 200 גרם,גרמים,200.00,100 גרם,false,1,10.90,5.4500,true,1,117786
7290017065168,false,גבינה בשלה עם עובש כחול 30%,מחלבות גד,DK,גבינה כחולה 30% שומן,גרמים,100.00,100 גרם,false,1,18.90,18.9000,true,1,119345
7290017065212,false,גבינת קרם מסקרפונה מחלבות גד 250 גר,מיוצר עי קוד יצרן ED,IL,גבינת קרם מסקרפונה 250 גרם גד,גרמים,250.00,100 גרם,false,1,21.90,8.7600,true,1,119716
7290017065236,false,גבינה בולגרית מעודנת 24% גד 250 ג',הנסיך- מפעל לייצור ט,IL,בולגרית מעודנת 24%,גרמים,250.00,100 גרם,false,1,26.90,10.7600,true,1,119347
7290017065311,false,פרוסות גבינה מוצרלה מעושנת 200 ג',מחלבות גד בעמ,IL,גבינת מוצרלה מעושנת פרוסות 200 גרם,גרמים,200.00,100 גרם,false,1,18.90,9.4500,true,1,119349
7290017065434,false,פרוסות גבינה גאודה הולנדית חצי קשה 200 גרם בית יוסף,מחלבות גד בעמ,NL,גד פרוסות פרוסות גאודה בקר 200 גרם,גרמים,200.00,100 גרם,false,1,20.90,10.4500,true,1,125396
7290017065526,false,קוואטרו פורמאג'י 4 גבינות מגוררות 26%,מחלבות גד בעמ,IL,גד קוואטרו פורמאג'י 300 גרם,גרמים,300.00,100 גרם,false,1,29.90,9.9667,true,1,125404
7290017065588,false,יוגורט יווני 10% שומן 600 ג' גד,"מיוצר ע""י קוד יצרן M",IL,גד יוגורט יווני 10% שומן,גרמים,600.00,100 גרם,false,1,17.90,2.9833,true,1,144982
7290017065618,false,גבינת פקורינו פרוס גד 150 ג',הנסיך- מפעל לייצור ט,ES,גבינה חצי קשה פרוסה מחלב כבשים 36% שומן,גרמים,150.00,100 גרם,false,1,22.90,15.2667,true,1,144981
7290017065649,false,קרם פטיסייר מחלבות ג,מיוצר עי קוד יצרן ED,IL,קרם מסקרפונה 38%,גרמים,250.00,100 גרם,false,1,21.90,8.7600,true,1,144979
7290017065663,false,פטה עיזים מעודנת 16% 250 גרם,ג'נרל מילס סאן אדריא,IL,גד בולגרית עיזים מעודנת 16% שומן,גרמים,250.00,100 גרם,false,1,31.90,12.7600,true,1,147290
7290017065731,false,גבינת שמנת 30% ניו יורק +כמהין 200 גרם רבנות,פ.פ.ח. שאביט,IL,גבינת שמנת עם כמהין 30% גד 200גרם,גרמים,200.00,100 גרם,false,1,13.90,6.9500,true,1,150086
7290017065762,false,גבינה יוונית מאנורי 30% שומן 100 ג' גד,מחלבות גד,IL,גבינה בסגנון יווני מאנורי 30% 100גרם,גרמים,100.00,100 גרם,false,1,14.90,14.9000,true,1,153998
7290017065786,false,גבינת צ'דר אנגלית גד 210 ג',מחלבות גד,IL,גבינת צדר גד 210 גרם,גרמים,210.00,100 גרם,false,1,21.90,10.4286,true,1,152816
7290017068350,false,עדשים שחורות בלוגה מיה 500 גר',מיה,IL,עדשים שחורות בלוגה מיה 500 גרם,גרמים,500.00,100 גרם,false,1,8.90,1.7800,true,1,156786
7290017068367,false,שמרים בוואקום 125 גרם,מיה,IL,שמרים יבשים 125 גרם,גרמים,125.00,100 גרם,false,1,4.90,3.9200,true,1,156787
7290017068848,false,סוכריות קישוט לעוגה ציבעוני 200 גר',מיה,IL,קישוט לעוגה צבעוני מיה 200 גרם,גרמים,200.00,100 גרם,false,1,8.90,4.4500,true,1,156789
7290017088242,false,מגבונים בייבי בייסיק.,,,מגבונים בייבי בייסיק,לא מנהל יחידת מידה,0.00,לא מנהל יחידת מידה,false,1,3.90,0.0000,true,1,126349
7290017088341,false,מגבון דוחה יתושים אי,DPL קסריה,IL,מגבון דוחה יתושים איי קר 20 יח,יחידה,1.00,יחידה,false,1,17.90,17.9000,true,1,146060
7290017105062,false,גרגירי חומוס שלם יכין הקטניה הטובה 200 ג,היינץ צפון אמריקה מק,IL,יכין הקטניה הטובה חומוס שלם 200 גרם,גרמים,200.00,100 גרם,false,1,4.50,2.2500,true,1,118060
7290017105079,false,שעועית ברוטב עגבניות 200 גרם יכין,היינץ צפון אמריקה מק,IL,יכין שעועית לבנה ברוטב עגבניות 200 גרם,גרמים,200.00,100 גרם,false,1,4.50,2.2500,true,1,118061
7290017105086,false,שימורי יכין שעועית צילי 200 גר,"זנלכל בע""מ",IL,יכין הקטניה הטובה שעועית צ'ילי 200 גרם,גרמים,200.00,100 גרם,false,1,4.50,2.2500,true,1,118062
7290017105116,false,שימורי יכין תורמוס 200 גר,"זנלכל בע""מ",IL,יכין הקטניה הטובה תורמוס 200 גרם,גרמים,200.00,100 גרם,false,1,4.50,2.2500,true,1,118063
7290017105123,false,שימורי פול יכין הקטניה הטובה 200 גר,היינץ צפון אמריקה מק,IL,יכין הקטניה הטובה פול 200 גרם,גרמים,200.00,100 גרם,false,1,4.50,2.2500,true,1,118064
7290017105253,false,קטשופ יכין 740 גרם,"זנלכל בע""מ",ES,קטשופ יכין 740 גרם,גרמים,740.00,100 גרם,false,1,8.90,1.2027,true,1,143811
7290017105468,false,מארז שלישייה אפונה קטנה יכין 3*200 גר,קשקמט קונסרב הונגריה,IL,יכין אפונת גינה עדינה 200*3,גרמים,50.00,100 גרם,false,1,13.90,27.8000,true,1,144281
7290017105550,false,רביעיית רסק עגבניות 100% יכין 4X100 גרם,היינץ צפון אמריקה מק,IL,רסק 100% עגבניה יכין *4 400גרם,גרמים,400.00,100 גרם,false,1,11.90,2.9750,true,1,143810
7290017106069,false,יכין קוביות סלק מבושלות 550 גרם,היינץ צפון אמריקה מק,IL,סלק קוביות 2A יכין 550גרם,גרמים,550.00,100 גרם,false,1,8.90,1.6182,true,1,144560
7290017129280,false,"כרמית אפיפיות שוקולד לא מצופה 200 גרם כשל""פ","כד בני דרום בע""מ",IL,אפיפיות שוקולד לא מצופה כשלפ 200ג*12יח ב.יוסף,גרמים,200.00,100 גרם,false,1,7.90,3.9500,true,1,119457
7290017129761,false,"שוקולד פרימיום 70% בטעם תפוז בד""ץ 100 גר'",כרמית תעשיות ממתקים,IL,שוקולד מריר אגו 70% בטעם תפוז 100 גרם,גרמים,100.00,100 גרם,false,1,8.90,8.9000,true,1,122891
7290017129778,false,"שוקולד פרימיום 70% בטעם קפה בד""ץ 100 גר'",כרמית תעשיות ממתקים,IL,שוקולד מריר אגו 70% בטעם קפה 100 גרם,גרמים,100.00,100 גרם,false,1,8.90,8.9000,true,1,122889
7290017129839,false,"שוקולד פרימיום 70% בטעם פטל בד""ץ 100 גר'.",כרמית תעשיות ממתקים,IL,שוקולד פרימיום 70% בטעם פטל 100גר,גרמים,100.00,100 גרם,false,1,8.90,8.9000,true,1,122890
7290017129877,false,מיקס לקקנים שטוחים פירות 40*7.5 גר' * 24 בקר',דורקן סקרלמה סאן. וי,TR,סוכריות על מקל שטוחות בטעמי פירות 40 יח'*7.5 גרם,לא מנהל יחידת מידה,0.00,לא מנהל יחידת מידה,false,1,14.90,0.0000,true,1,122904
7290017142159,false,מארז נתחי טונה בהירה בשמן זית 3*80 ג' עץ הזית,הנסיך- מפעל לייצור ט,TH,נתחי טונה בהירה בשמן זית 80*3 גרם עץ-הזית,גרמים,240.00,100 גרם,false,1,22.90,9.5417,true,1,119853
7290017142166,false,פילה טונה פרוס עם שמן זית עץ הזית 120 גר,"יוניקורד ח.צ בע""מ",TH,עץ הזית פילה פרוס עם שמן זית 120 גרם,גרמים,120.00,100 גרם,false,1,14.90,12.4167,true,1,143404
7290017142340,false,שמן זרעי ענבים מזוכך עץ הזית,עץ השדה,TH,שמן זרעי ענבים מזוכך עץ הזית 1 ליטר,ליטרים,1.00,ליטר,false,1,29.90,29.9000,true,1,153275
7290017142418,false,טונה עם אורז ועדשים בשמן זית 160 גר,יוניקורד ח.צ בעמ,TH,אורז ועדשים עם טונה בשמן זית,גרמים,160.00,100 גרם,false,1,13.90,8.6875,true,1,148837
7290017189130,false,WOOPSפנקייקים אמריקא,מנדלז סי.אר. פרודקשן,BE,WOOPSפנקייקים אמריקאיים אפויים 240גרם,גרמים,240.00,100 גרם,false,1,19.90,8.2917,true,1,153381
7290017189192,false,"אדממה פולי סויה 1 ק""ג",משק ויילר,CN,אדממה פולי סויה שף הטבע 1קג,קילוגרמים,1.00,"ק""ג",false,1,16.90,16.9000,true,1,156609
7290017189253,false,WOOPSקרפ אפוי קפוא 6,מנדלז סי.אר. פרודקשן,BE,WOOPSקרפ אפוי קפוא 600 גרם,גרמים,600.00,100 גרם,false,1,21.90,3.6500,true,1,142592
7290017217031,false,נובי שלשלית כפיות מס,F.H.P CO LT,CN,נובי שליששית כפיות מסיליקון רך,לא מנהל יחידת מידה,0.00,לא מנהל יחידת מידה,false,1,29.90,0.0000,true,1,121438
7290017217468,false,שקיות אוכל מנייר הוסט 50 יח',קילת,PL,שקיות אוכל מנייר 50 יחידות,לא מנהל יחידת מידה,0.00,לא מנהל יחידת מידה,false,1,7.90,0.0000,true,1,125982
7290017217611,false,נייר אפייה נשלף בקופסא 50 יח' הוסטס,הוסטס,IL,נייר אפייה נשלף בקופסא 50 יח,יחידה,1.00,יחידה,false,1,12.90,12.9000,true,1,143376
7290017217673,false,כפפות משק בית עם אלו,איזיטאצ,CN,כפפות משק בית עם אלוורה גודל S,יחידה,1.00,יחידה,false,1,4.90,4.9000,true,1,148806
7290017217680,false,כפפות משק בית עם אלו,איזיטאצ,CN,כפפות משק בית עם אלוורה גודלM,יחידה,1.00,יחידה,false,1,4.90,4.9000,true,1,148807
7290017217796,false,אטב מקושט עם אחיזה רכה 24 יחידות,הוסטס,CN,אטב כביסה מקושט 24 יח,יחידה,1.00,יחידה,false,1,12.90,12.9000,true,1,142753
7290017266053,false,"וופל עלמה לל""ס במילוי קרם טעם לימון 175 גר",גילרו,IL,"ופל קראנצ מילוי טעם לימון לת""ס 175 גרם עלמה",גרמים,175.00,100 גרם,false,1,7.50,4.2857,true,1,142288
7290017266060,false,וופל קראנצ`מילוי קרם בטעם שוקולד 175 גר,גילרו,,"וופלים קראנצ לל""ס בטעם שוקולד עלמה 175 ג",גרמים,175.00,100 גרם,false,1,6.90,3.9429,true,1,118521
7290017289779,false,INSPIRE DEVOTAGE מלבק מרסלן 2019 750 מל,יקב טפרברג 1870,IL,"INSPIRE DEVOTAGE מלבק מרסלן 750 מ""ל",מיליליטרים,750.00,"100 מ""ל",false,1,79.90,10.6533,true,1,150284
7290017308326,false,מנגו פרי מיקס 300גר,פרימיקס,IL,מנגו פרי מיקס 300גרם,גרמים,300.00,100 גרם,false,1,15.90,5.3000,true,1,154092
7290017308333,false,דובדבן פרי מיקס 300,פרימיקס,IL,דובדבן פרי מיקס 300גרם,גרמים,300.00,100 גרם,false,1,15.90,5.3000,true,1,154093
7290017308883,false,בורקס טורקי גבינה 60,עומר בר מאפים,IL,בורקס טורקי גבינה 600גרם,גרמים,600.00,100 גרם,false,1,36.90,6.1500,true,1,154101
7290017308890,false,בורקס טורקיתפוא 600,עומר בר מאפים,IL,בורקס טורקיתפוא 600גרם,גרמים,600.00,100 גרם,false,1,36.90,6.1500,true,1,154102
7290017308906,false,בורקס טורקי גבינה ות,עומר בר מאפים,IL,בורקס טורקי גבינה ותרד 600גרם,גרמים,600.00,100 גרם,false,1,36.90,6.1500,true,1,154103
7290017325453,false,"משקה שקדים ללת""ס לל""ג אורגני 1 ליטר",ליקואטס,ES,משקדה שקדים אורגני 1 ליטר ללס ללג הרדוף,ליטרים,1.00,ליטר,false,1,15.90,15.9000,true,1,144856
7290017325477,false,רסק עגבניות אורגני 1,פריניר (הדס 1987) בע,IL,רסק עגבניות אורגני 22BX הרדוף 100גרם,גרמים,100.00,100 גרם,false,1,3.90,3.9000,true,1,149250
7290017325613,false,משקה שיבולת שועל אורגני 1 ליטר הרדוף,סוי מג'יק,ES,משקה שיבולת שועל אורגני1 ליטר הרדוף,ליטרים,1.00,ליטר,false,1,13.90,13.9000,true,1,147250
7290017325729,false,"קמח כוסמת ירוקה לל""ג אורגני 500 גרם",טחנת קמח דגן לישראל,IL,קמח כוסמת ירוקה אורגני 500 גרם הרדוף ללא גלוטן,גרמים,500.00,100 גרם,false,1,20.90,4.1800,true,1,154042
7290017325743,false,"קמח עדשים אדומות לל""ג אורגני 500 גרם",טחנת קמח דגן לישראל,IL,קמח עדשים אדומות אורגני 500 גרם הרדוף לל,גרמים,500.00,100 גרם,false,1,18.90,3.7800,true,1,154040
7290017325750,false,"קמח חומוס לל""ג אורגני 500 גרם",טחנת קמח דגן לישראל,IL,קמח חומוס אורגני 500 גרם הרדוף ללא גלוטן,גרמים,500.00,100 גרם,false,1,19.90,3.9800,true,1,154041
7290017325804,false,"קוואקר עדין לל""ג אורגני הרדוף 500 גרם",אול אורגני,IL,קוואקר עדין אורגני 500 גרם הרדוף ללא גלוטן,גרמים,500.00,100 גרם,false,1,17.90,3.5800,true,1,154033
7290017325828,false,"קוסקוס חומוס לל""ג אורגני הרדוף 350 גרם",הרדוף,IT,קוסקוס אורגני,גרמים,350.00,100 גרם,false,1,19.90,5.6857,true,1,154035
7290017325835,false,"קוסקוס אפונה לל""ג אורגני הרדוף 350 גרם",הרדוף,IT,קוסקוס אורגני,גרמים,350.00,100 גרם,false,1,19.90,5.6857,true,1,154034
7290017325859,false,"דפי אורז מלא לל""ג אורגני הרדוף 200 גרם","בטר אנד דיפרנט בע""מ",VN,דפי אורז מלא אורגני 200 גרם הרדוף ללא גלוטן,גרמים,200.00,100 גרם,false,1,19.90,9.9500,true,1,154548
7290017325866,false,"דפי אורז לבן לל""ג אורגני הרדוף 200 גרם","בטר אנד דיפרנט בע""מ",VN,דפי אורז לבן אורגני 200 גרם הרדוף ללג,גרמים,200.00,100 גרם,false,1,19.90,9.9500,true,1,154547
7290017325934,false,טחינה מלאה אורגני 450 גרם,הרדוף,IL,טחינה 100% שומשום מלא אורגני,גרמים,450.00,100 גרם,false,1,19.90,4.4222,true,1,157168
7290017334448,false,שמן קנולה מזוכך OLEO,א.ד.מ . אנטוורפן,BE,שמן קנולה מזוכך OLEO 1 ליטר,ליטרים,1.00,ליטר,false,1,11.90,11.9000,true,1,148857
7290017334455,false,"אורז פרסי זיפר 1ק""ג",,TH,"אורז פרסי זיפר 1ק""ג",קילוגרמים,1.00,"ק""ג",false,1,9.90,9.9000,true,1,153361
7290017334462,false,אורז יסמין זיפר 1,,TH,"אורז יסמין זיפר 1 ק""ג",קילוגרמים,1.00,"ק""ג",false,1,11.90,11.9000,true,1,153362
7290017389011,false,מנגו מיובש ללא סוכר 160 גרם קופסא,"דין שיווק וקלייה בע""",IL,שקדיה מנגו מיובש ללא סוכר 160 גר קופסא,גרמים,160.00,100 גרם,false,1,19.90,12.4375,true,1,153317
7290017406794,false,אורז בסמטי קינג קראו,פונט סלאם וולנסיה,IN,"אורז בסמטי קינג קראוון 1 ק""ג",קילוגרמים,1.00,"ק""ג",false,1,10.90,10.9000,true,1,154164
7290017440279,false,"ד""ר פישר - קידס אל סבון ויטמינים 750 מ""ל",פישר תעשיות,IL,"ד""ר פישר אל סבון קידס750",מיליליטרים,750.00,"100 מ""ל",false,1,16.90,2.2533,true,1,145341
7290017440286,false,"ד""ר פישר מרכך מולטי ויטמין קידס ,750 מ""ל","ד""ר פישר Dr fischer",IL,"ד""ר פישר, קידס, מרכך ויטמינים לילדים, 750 מ""ל",מיליליטרים,750.00,"100 מ""ל",false,1,16.90,2.2533,true,1,145342
7290017440729,false,אולטרסול ספריי שמן קוקוס 200/20 SPF,פישר תעשיות,IL,"אולטרסול ספריי שמן יבש 200 מ""ל",מיליליטרים,200.00,"100 מ""ל",false,1,44.90,22.4500,true,1,156701
7290017457611,false,גל כביסה סוד טוטאל ירוק 2.5 ליטר,הנקל סוד,IL,סוד גל כביסה ורוד 2.5 ליטר,ליטרים,2.50,ליטר,false,1,24.90,9.9600,true,1,156707
7290017457703,false,"מרכך כביסה סוד מרוכז ארומתרפי זהב 900 מ""ל",הנקל סוד,IL,סוד מרכך מרוכז ארומתרפי זהב,מיליליטרים,900.00,"100 מ""ל",false,1,16.90,1.8778,true,1,126562
7290017457727,false,"סוד - מרכך כביסה מרוכז פרש סקיי 900 מ""ל",הנקל סוד,IL,סוד מרכך מרוכז Fresh Sky,מיליליטרים,900.00,"100 מ""ל",false,1,11.90,1.3222,true,1,126560
7290017457734,false,"סוד - מרכך כביסה מרוכז ווילד רוז 900 מ""ל",הנקל סוד,IL,סוד מרכך מרוכז Wild Rose,מיליליטרים,900.00,"100 מ""ל",false,1,11.90,1.3222,true,1,126561
7290017477596,false,תמר מגהול פרימיום 400 ג' בקופסא,"שקדיה גבע תעשיות בע""",IL,תמר מגהול ענק פרמיום 400ג שקדיה,גרמים,400.00,100 גרם,false,1,19.90,4.9750,true,1,152927
7290017513409,false,תה ירוק SUPER GREEN 87 גרםבטעם אוכמניות ואסאי,תה ויסוצקי,IL,תה ירוק עם צמחים סגולים בטעם אוכמניות ואסאי,יחידה,1.00,יחידה,false,1,25.90,25.9000,true,1,143084
7290017513775,false,פליפז בייגלה מצופה שוקולד חלב 140 גרם,שוורצקוף& הנקל דיסלד,TR,"Flipz, חטיף בייגלה אפוי בציפוי שוקולד חלב, 140 גרם",גרמים,140.00,100 גרם,false,1,8.90,6.3571,true,1,144229
7290017513782,false,פליפז בייגלה מצופה שוקולד מריר 140 גרם,שוורצקוף& הנקל דיסלד,TR,פליפז בייגלה מצופה שוקולד מריר 140 ג,גרמים,140.00,100 גרם,false,1,8.90,6.3571,true,1,144228
7290017516561,false,שלשיית חטיפי חלבון פנגיאה אגוזי לוז 3*60 גרם,ש.ר רגע בטבע,IL,שלישיית חטיפי חלבון פנגיאה אגוזי לוז,לא מנהל יחידת מידה,0.00,לא מנהל יחידת מידה,false,1,29.90,0.0000,true,1,150796
7290017516578,false,שלשיית חטיפי חלבון פנגיאה שוקלד 3*60 גרם,ש.ר רגע בטבע,IL,שלישיית חטיפי חלבון פנגיאה שוקולד,לא מנהל יחידת מידה,0.00,לא מנהל יחידת מידה,false,1,29.90,0.0000,true,1,150797
7290017589633,false,"רזרב גולד אדישיין קברנה סוביניון 750 מ""ל",יקבי ברקן Barkan,IL,"קברנה סוביניון מהדורת רזרב גולד 750 מ""ל",מיליליטרים,750.00,"100 מ""ל",false,1,52.90,7.0533,true,1,155156
7290017599229,false,ממתיק סוכרלוז 200 טבליות סוכרזית,ביסקול,IL,סוכרזית סוכרלוז 200 טבליות,גרמים,0.00,100 גרם,false,1,24.90,0.0000,true,1,152818
7290017599236,false,סוכרזית סטיוויה 200 טבליות,סנו מפעלי ברונוס.,IL,סוכרזית סטיוויה 200 טבליות,גרמים,0.00,100 גרם,false,1,25.90,0.0000,true,1,152819
7290017599274,false,סוכרזית סטיוויה 120 שקיות,ביסקול בעמ,IL,סוכרזית סטיוויה 120 שקיות 120גרם,גרמים,120.00,100 גרם,false,1,39.90,33.2500,true,1,157289
7290017617008,false,סטארקיסט טונה בשמן,. יצרן: טונה ויאטנם,,טונה סטרקיסט בשמן 3*140גרם,גרמים,420.00,100 גרם,false,1,18.90,4.5000,true,1,152925
7290017617015,false,טונה סטרקיסט במים 3,טונה ויאטנם,,טונה סטרקיסט במים 3*140גרם,גרמים,420.00,100 גרם,false,1,18.90,4.5000,true,1,152924
7290017617053,false,טונה סטארקיסט טו גו,סטארקיסט,TH,סטארקיסט טו גו 80 גרם עגבניות,גרמים,80.00,100 גרם,false,1,9.90,12.3750,true,1,145770
7290017617084,false,סטארקיסט מיקס טוגו טונה עם שעועית 185 גרם,דרדנל אוננטאס גידה,TR,סטארקיסט מיקס טוגו טונה עם שעועית 185גרם,גרמים,185.00,100 גרם,false,1,12.90,6.9730,true,1,149697
7290017617091,false,סטארקיסט מיקס טוגו טונה עם פתיתים 185 גרם,דרדנל אונוסטאס גידה,TR,סטארקיסט מיקס טוגו טונה עם פתיתים 185גר,גרמים,185.00,100 גרם,false,1,12.90,6.9730,true,1,149698
7290017617107,false,סטארקיסט מיקס טוגו טונה עם 4 דגנים 185 גרם,"איטיליאן פוד, אס.פי.",TR,סטארקיסט מיקס טוגו טונה עם דגנים 185גרם,גרמים,185.00,100 גרם,false,1,12.90,6.9730,true,1,149699
7290017617459,false,רביעיית טונה בשמן צמחי 120 ג' סטארקיסט,dalmore distilleries,TH,רביעיית טונה סטארקיסט בשמן צמחי 480גרם,גרמים,480.00,100 גרם,false,1,21.90,4.5625,true,1,155459
7290017617466,false,רביעיית טונה במים 120 ג' סטארקיסט,dalmore distilleries,TH,רביעיית טונה סטארקיסט במים 480גרם,גרמים,480.00,100 גרם,false,1,21.90,4.5625,true,1,155460
7290017641096,false,"שוקולד פרימיום 70% לל""ס 100גרם בדצ *12יח*2 בדיס",כרמית תעשיות ממתקים,IL,שוקולד מריר אגו 70% ללא תוספת סוכר 100 גרם,גרמים,100.00,100 גרם,false,1,9.90,9.9000,true,1,124049
7290017641720,false,טבלת שוקולד דק 70% שברי שקד 100 גר',כרמית תעשיות ממתקים,IL,טבלאות שוקולד אגו 70% שברי שקד כשלפ 100,גרמים,100.00,100 גרם,false,1,8.90,8.9000,true,1,144520
7290017641737,false,"שוקולד 70% שברי אגוז 100 גר' כשל""פ. בד""ץ",כרמית תעשיות ממתקים,IL,שוקולד פרימיום 70% אגוז 100ג*12בדיס*2בקרט,גרמים,100.00,100 גרם,false,1,8.90,8.9000,true,1,144521
7290017641997,false,"שוקולד פרימיום 70% לל""ס שברי אגוז לוז 100 גר' וסטהיים",כרמית,IL,שוקולד מריר מעולה עם שברי אגוז לוז 70%,גרמים,100.00,100 גרם,false,1,9.90,9.9000,true,1,154722
7290017647425,false,יין גמלא קברנה סוביניון 2019 750 מל,יקבי רמת הגולן,IL,גמלא קברנה סוביניון - בציר 2018,מיליליטרים,750.00,"100 מ""ל",false,1,65.90,8.7867,true,1,146694
7290017647470,false,יין הר חרמון מגנטה 7,יקבי רמת הגולן,IL,"יין הר חרמון מגנטה 750 מ""ל",מיליליטרים,750.00,"100 מ""ל",false,1,33.90,4.5200,true,1,146566
7290017647708,false,"יין גמלא גוורצטרמינר 21 עברית 750 מ""ל",יקבי רמת הגולן,IL,יין גמלא גוורצטרמינר 750 מל,מיליליטרים,750.00,"100 מ""ל",false,1,64.90,8.6533,true,1,153035
7290017647722,false,"יין גמלא בלאנקו 20 עברית 750 מ""ל",יקבי רמת הגולן,IL,יין גמלא בלאנקו 750 מל,מיליליטרים,750.00,"100 מ""ל",false,1,64.90,8.6533,true,1,153036
7290017677811,false,"רוטב סויה קיקומן ללא חומרים משמרים 296 מ""ל",קיקומן פודז אינק,NL,"רוטב קיקומן סויה ללא תוספת חומרים משמרים 296 מ""ל",מיליליטרים,296.00,"100 מ""ל",false,1,18.90,6.3851,true,1,126944
7290017724027,false,עוגיות אלפא חורס אקל,"אקלר בע""מ",IL,עוגיות אלפחורס 300 גרם,גרמים,300.00,100 גרם,false,1,23.90,7.9667,true,1,152839
7290017724034,false,עוגיות סנדוויץ ריבה,אקלר,IL,עוגיות סנדוויץ ריבה 250 גרם,גרמים,250.00,100 גרם,false,1,23.90,9.5600,true,1,152840
7290017724058,false,עוגיות מעדן תמר אגוז,אקלר,IL,עוגיות מעדן תמר אגוז250 גרם,גרמים,250.00,100 גרם,false,1,23.90,9.5600,true,1,152841
7290017724119,false,עוגיות אקלר אוזניים,אקלר,IL,עוגיות אוזניים200 גרם,גרמים,200.00,100 גרם,false,1,23.90,11.9500,true,1,152843
7290017724157,false,עוגיות מעדן תפוע ללא,אקלר,IL,עוגיות מעדן תפוע ללא סוכר 200 גרם,גרמים,200.00,100 גרם,false,1,23.90,11.9500,true,1,152844
7290017724171,false,עוגיות סנדביץ ריבה ל,אקלר,IL,עוגיות סנדוויץ ריבה ללא סוכר 250 גר,גרמים,250.00,100 גרם,false,1,23.90,9.5600,true,1,152845
7290017724225,false,עוגיות בויוס קשקבל א,אקלר,IL,עוגיות בויוס 200 גרם,גרמים,200.00,100 גרם,false,1,23.90,11.9500,true,1,152846
7290017724355,false,עוגיות אקלר אצבעות ש,אקלר,IL,עוגיות אצבעות שקדים 250 גרם,גרמים,250.00,100 גרם,false,1,23.90,9.5600,true,1,152847
7290017724683,false,עוגיות אקלר חאת שקדי,אקלר,IL,עוגיות חמאה שקדים 200 גרם,גרמים,200.00,100 גרם,false,1,23.90,11.9500,true,1,152849
7290017724720,false,עוגיות תותי פרוטי לל,אקלר,IL,עוגיות תותי פרוטי ללא סוכר 200 גרם,גרמים,200.00,100 גרם,false,1,23.90,11.9500,true,1,152850
7290017791203,false,קרקר כוסמין מלא סלק שקית,"מאפיית פת במלח בע""מ",IL,קרקר כוסמין מלא סלק 225 גרם,גרמים,225.00,100 גרם,false,1,22.90,10.1778,true,1,146450
7290017812052,false,יין שיראז קברנה סוביניון אקסלנס Excellence,יקבי כרמל Carmel Winery,IL,אקסלנס שיראז/קברנה - יין אדום יבש,מיליליטרים,750.00,"100 מ""ל",false,1,29.90,3.9867,true,1,143206
7290017812069,false,יין אמרלד ריזלינג שרדונה אקסלנס Excellence,יקבי כרמל Carmel Winery,IL,אקסלנס ריזלינג-שרדונה - יין לבן חצי יבש,מיליליטרים,750.00,"100 מ""ל",false,1,29.90,3.9867,true,1,143207
7290017812571,false,יין תירוש אדום 100%ה טבעי 1 ליטר,יקבי כרמל Carmel Winery,IL,תירוש ליטר אדום 100% טבעי,ליטרים,1.00,ליטר,false,1,19.90,19.9000,true,1,144851
7290017812588,false,יין תירוש לבן 100%ה טבעי 1 ליטר,יקבי כרמל Carmel Winery,IL,תירוש כרמל המקורי מיץ ענבים לבן 1 ליטר,ליטרים,1.00,ליטר,false,1,19.90,19.9000,true,1,144852
7290017812663,false,"כרמל תירוש לבן מבעבע 750 מ""ל",מנדלז סי.אר. פרודקשן,IL,תירוש מבעבע לבן,מיליליטרים,750.00,"100 מ""ל",false,1,21.90,2.9200,true,1,152528
7290017812830,false,"יין רוזה פרייבט קולקשיין 750 מ""ל","כד בני דרום בע""מ",IL,"יין רוזה P.C 750 מ""ל",מיליליטרים,750.00,"100 מ""ל",false,1,39.90,5.3200,true,1,149229
7290017812847,false,"יין סלקטד פרנץ' גוורצטרמינר 750 מ""ל","כד בני דרום בע""מ",IL,יין פרנץ גוורצטרמינר סלקטד יקבי כרמל,מיליליטרים,750.00,"100 מ""ל",false,1,29.90,3.9867,true,1,149230
7290017812885,false,יין קברנה סוביניון בלאן גוורצטרמינר,אגודת הכורמים א.ת אל,IL,כרמל יין גוורצטרמינר לבן חצי יבש 2020 750 מל,מיליליטרים,750.00,"100 מ""ל",false,1,39.90,5.3200,true,1,152422
7290017871370,false,פמילי יהלום- סבון ידיים מועשר בשמן אבוקדו לניקוי וטיפוח עור הידיים,המאפיה של הרמן,TR,תחליב רחצה לידיים מועשר בשמן אבוקדו,מיליליטרים,500.00,"100 מ""ל",false,1,10.90,2.1800,true,1,145533
7290017872070,false,מארז מגבונים לחים בניחוח מרענן פרש וואנס שלישייה,ווטנאפס,IL,פרש וואנס מגבונים נטורל קר שלישייה,יחידה,1.00,יחידה,false,1,9.90,9.9000,true,1,151858
7290017872650,false,"פמלי יהלום-סבון ידיים 500מ""ל עם שמן לבנדר",המאפיה של הרמן,TR,תחליב רחצה לידיים מועשר בשמן לוונדר,מיליליטרים,500.00,"100 מ""ל",false,1,10.90,2.1800,true,1,147093
7290017872667,false,"סבון ידיים פמלי יהלום שמן קמומיל 500 מ""ל",המאפיה של הרמן,TR,תחליב רחצה לידיים מועשר בשמן קמומיל,מיליליטרים,500.00,"100 מ""ל",false,1,10.90,2.1800,true,1,147094
7290017888026,false,"משקה אננס תפוח גזר פרות & ווג 350 מ""ל",פרוט אנד וג' Fruit & Veg,IL,"FRUIT&VEG אננס תפוח גזר 350 מ""ל",מיליליטרים,350.00,"100 מ""ל",false,1,9.50,2.7143,true,1,125843
7290017888033,false,"משקה בננה מלון נענע פרות &ווג 350 מ""ל",פרוט אנד וג' Fruit & Veg,IL,"FRUIT&VEG בננה מלון נענע 350 מ""ל",מיליליטרים,350.00,"100 מ""ל",false,1,9.50,2.7143,true,1,125844
7290017888644,false,"משקה אננס בננה כורכום פרות & ווג 350 מ""ל",פרוט אנד וג' Fruit & Veg,IL,"FRUIT&VEG אננס בננה כורכום 350 מ""ל",לא מנהל יחידת מידה,3.30,לא מנהל יחידת מידה,false,1,9.50,2.8788,true,1,145789
7290017888972,false,בקבוק מי עדן פקק ספורט 1 ליטר,מופק ממקור בזלתי עדן,IL,מי עדן פקק ספורט 1 ליטר,ליטרים,1.00,ליטר,false,1,5.50,5.5000,true,1,146438
7290017894034,false,"פתיתי שיבולת שועל עבה לל""ג דגש 400 גרם",אף.סי תבליני בגליל ב,IL,פתיתי שיבולת שועל מלאה עבה,גרמים,400.00,100 גרם,false,1,19.90,4.9750,true,1,142926
7290017894058,false,דגש תערובת להכנת לחם 500 גרם,"אף סי, תבליני הגליל",IL,תערובת להכנת לחם ומאפים ללא גלוטן,גרמים,500.00,100 גרם,false,1,17.90,3.5800,true,1,142928
7290017894089,false,קמח שיבולת שועל דגש 400 גרם,אף. סי תבליני הגליל,IL,דוכן גן שמואל קמח שיבולת שועל 500 גרם,גרמים,400.00,100 גרם,false,1,23.90,5.9750,true,1,146469
7290017907208,false,תערובת קמח רב תכליתי לנמנעים מגלוטן,מנדלז סי.אר. פרודקשן,IL,קמח תמי רב תכליתי ללג 500גרם,גרמים,500.00,100 גרם,false,1,18.90,3.7800,true,1,150038
7290017907215,false,קמח תמי למאפי שמרים ללא גלוטן 500 גרם,פוראטוס ישראל,IL,קמח תמי למאפי שמרים ללג 500גרם,גרמים,500.00,100 גרם,false,1,18.90,3.7800,true,1,150040
7290017907222,false,תערובת קמח תופח לנמנעים מגלוטן,פוראטוס ישראל,IL,קמח תמי תופח ללג 500גרם,גרמים,500.00,100 גרם,false,1,18.90,3.7800,true,1,150039
7290017907246,false,סולת מאורז לנמנעים מגלוטן,פוראטוס ישראל,IL,תמי סולת ללג 300גרם,גרמים,300.00,100 גרם,false,1,15.90,5.3000,true,1,150044
7290017907260,false,תערובת להכנת כדורי פלאפל לנמנעים מגלוטן,פוראטוס ישראל,IL,תמי פלאפל ללג 300גרם,גרמים,300.00,100 גרם,false,1,15.90,5.3000,true,1,150042
7290017918143,false,חסה לבבות,ביכורי שדה דרום,IL,חסה לבבות,גרמים,300.00,100 גרם,false,1,12.90,4.3000,true,1,156641
7290017928036,true,מקלות גריסיני שומשום,מאיר בייגל,IL,מאיר בייגל מקלות גריסיני שומשום 175 גרם,גרמים,175.00,100 גרם,false,1,11.90,6.8000,true,1,143957
7290017928043,true,גריסיני קראנץ מלח 17,מאיר בייגל,IL,מאיר בייגל גריסיני קראנץ' עם מלח 175 גרם,יחידה,0.00,יחידה,false,1,11.90,0.0000,true,1,143958
7290017928210,true,בייגלה גדול שומשום 2,מאיר בייגל,IL,בייגלה גדול שומשום 250 גרם מאיר בייגל,גרמים,250.00,100 גרם,false,1,11.90,4.7600,true,1,143960
7290017928227,true,שטוחלה פינוקים 300 ג,מאיר בייגל,IL,שטוחלה פינוקים,גרמים,300.00,100 גרם,false,1,11.90,3.9667,true,1,143961
7290017928432,true,גריסיני קראנץ פרג 17,HIQ FOOD PRODUCTS,IL,מאיר בייגל גריסיני קראנץ' עם פרג 175 גרם,גרמים,175.00,100 גרם,false,1,11.90,6.8000,true,1,143966
7290017928524,false,בייגלה שטוח ניגובים מלח 330 ג' מאיר בייגל,מאיר את בייגל,IL,מאיר בייגל שטוח ניגובים מלח 330 גרם,גרמים,330.00,100 גרם,false,1,11.90,3.6061,true,1,152724
7290017928616,true,שטוחלה שומשום 300 גר,מאיר בייגל,IL,שטוחלה שומשום 300 גרם מאיר בייגל,גרמים,300.00,100 גרם,false,1,11.90,3.9667,true,1,143969
7290017928630,true,גריסיני קראנץ פינוקי,מאיר בייגל,IL,מאיר בייגל גריסיני קראנץ' פינוקים 175 גרם,גרמים,0.00,100 גרם,false,1,11.90,0.0000,true,1,143970
7290017928685,false,בייגלה שמיניות עם מלח 400גרם -חדש,מאיר את בייגל,IL,מאיר בייגל בייגלה עם מלח 400 גרם,גרמים,400.00,100 גרם,false,1,11.90,2.9750,true,1,152725
7290017928722,false,בייגלה שטוח ניגובים שומשום 300 ג' מאיר בייגל,מאיר את בייגל,IL,מאיר בייגל שטוח ניגובים שומשום 300 גרם,גרמים,330.00,100 גרם,false,1,11.90,3.6061,true,1,152726
7290017928807,true,אצבעות שומשום 300 גר,מאיר בייגל,IL,אצבעות שומשום 300 גרם מאיר בייגל,גרמים,300.00,100 גרם,false,1,11.90,3.9667,true,1,143972
7290017928821,true,מקלות גריסיני קלאסי,מאיר בייגל,IL,מקלות גריסיני קלאסי 200 גרם מאיר בייגל,גרמים,200.00,100 גרם,false,1,11.90,5.9500,true,1,143974
7290018043110,false,אול אין אקסטרא קרם ק,הרת'סייד פוד סולושיי,NL,אול אין אקסטרא קרם קשיו קרמל,גרמים,60.00,100 גרם,false,1,13.90,23.1667,true,1,152738
7290018043134,false,אול אין אקסטרא קרם ש,הרת'סייד פוד סולושיי,NL,אול אין אקסטרא קרם ש לבן,גרמים,60.00,100 גרם,false,1,13.90,23.1667,true,1,152737
7290018043189,false,פראוד - חטיף חלבון בטעם קשיו קרמל 60 גרם,מרס נדרלנד,NL,PROUD קרמל קשיו 60 גרם,גרמים,60.00,100 גרם,false,1,13.90,23.1667,true,1,148999
7290018045084,false,דגנים במילוי קרם בטעם בראוניז 480 ג' BON & BON,monday,DE,דגנים BON&BONבמילוי קרם בטעם בראוניז 480,גרמים,480.00,100 גרם,false,1,21.90,4.5625,true,1,153999
7290018045695,false,דגנים במילוי קרם קרמל מלוח 480 ג' BON & BON,monday,DE,דגנים BON&BONבמילוי קרם קרמל מלוח 480גרם,גרמים,480.00,100 גרם,false,1,21.90,4.5625,true,1,154000
7290018045893,false,בון בון דגנים במילוי קרם נוגט 480 גרם,monday,DE,דגנים BON&BONבמילוי קרם נוגט 480גרם,גרמים,480.00,100 גרם,false,1,21.90,4.5625,true,1,154001
7290018071137,false,"צלחות מתכלות מקנה סוכר טבעי 17 ס""מ- 25 יחי",,CN,צלחות מתכלות קנה סוכר 17 סמ 25 יח,יחידה,1.00,יחידה,false,1,11.90,11.9000,true,1,150004
7290018071144,false,"צלחות מתכלות מקנה סוכר טבעי 23 ס""מ - 25 יחי",,CN,צלחות מתכלות קנה סוכר 23 סמ 25 יח,יחידה,1.00,יחידה,false,1,21.90,21.9000,true,1,150005
7290018071151,false,"צלחות מתכלות מקנה סוכר טבעי 26ס""מ - 25 יחי",,CN,צלחות מתכלות קנה סוכר 26 סמ 25 יח,יחידה,1.00,יחידה,false,1,26.90,26.9000,true,1,150006
7290018071205,false,כפפות ניטרו כחולות אלסטיות S 100יח',סייף טאצ,CN,כפפות נטרו V ללא אבקה S כחול 100 יח,יחידה,1.00,יחידה,false,1,29.90,29.9000,true,1,150421
7290018071212,false,כפפות ניטרו כחולות אלסטיות M ללא אבקה 100יח',סייף טאצ,CN,כפפות נטרו V ללא אבקה M כחול 100 יח,יחידה,1.00,יחידה,false,1,29.90,29.9000,true,1,150422
7290018071229,false,כפפות ניטרו כחולות אלסטיות L ללא אבקה 100יח',סייף טאצ,CN,כפפות נטרו V ללא אבקה L כחול 100 יח,יחידה,1.00,יחידה,false,1,29.90,29.9000,true,1,150423
7290018071236,false,כפפות ניטרו כחולות אלסטיות XL ללא אבקה 100יח',סייף טאצ,CN,כפפות נטרו V ללא אבקה XL כחול 100 יח,יחידה,1.00,יחידה,false,1,29.90,29.9000,true,1,150424
7290018071250,false,כפפות פלסטיק שחורות איזי טאצ M 100 יח,איזי טאצ,CN,כפפות פלסטיק שחורות M ללא אבקה 100 יח,יחידה,1.00,יחידה,false,1,14.90,14.9000,true,1,149457
7290018071267,false,כפפות פלסטיק שחורות איזי טאצ L 100 יח,איזי טאצ,CN,כפפות פלסטיק שחורות L ללא אבקה 100 יח,יחידה,1.00,יחידה,false,1,14.90,14.9000,true,1,149456
7290018091029,false,מקלות פילו תפוחי אדמה מעדנות 450 ג',תנובה מעדנות,IL,מקלות פילו תפוחי אדמה מעדנות 450גרם,גרמים,450.00,100 גרם,false,1,21.90,4.8667,true,1,144932
7290018091234,false,פיצה מקסיקנית מעדנות 260 ג',תנובה מעדנות,IL,פיצה מקסיקנית מעדנות 260גרם,גרמים,260.00,100 גרם,false,1,17.90,6.8846,true,1,147800
7290018091272,false,בצק עוגיות קקאו טריפל שוקולד ציפס מעדנו,תנובה מעדנות,IL,בצק עוגיות קקאו טריפל שוקולד ציפס300 ג,גרמים,300.00,100 גרם,false,1,19.90,6.6333,true,1,154782
7290018091470,false,גלילת ביסקווטים בטעם שוקולד מעדנות 300 ג,תנובה מעדנות,IL,גלילת ביסקוויטים בטעם שוקולד מעדנות300,גרמים,300.00,100 גרם,false,1,19.90,6.6333,true,1,155804
7290018091616,false,מקלות פילו גבינה מעדנות 450 ג',מיוצר עי קונדיטוריית,IL,מקלות פילו גבינה מעדנות 450גרם,גרמים,450.00,100 גרם,false,1,21.90,4.8667,true,1,144934
7290018091821,false,פיצה נפוליטנה עם 100% מוצרלה,תנובה מעדנות,IL,פיצה נפוליטנה מעדנות 200גרם,גרמים,200.00,100 גרם,false,1,17.90,8.9500,true,1,147799
7290018091876,false,מאפה פילו גבינה מעדנות 320 גרם,"מעדנות בע""מ",IL,מאפה פילו גבינה 320 גרם מעדנות,גרמים,320.00,100 גרם,false,1,22.90,7.1562,true,1,154783
7290018115039,false,אבוקדו מוכן לאכילה,אראל תוצרת חקלאית בע,IL,אבוקדו ארוז בשל 500 גר,יחידה,500.00,יחידה,false,1,14.90,0.0298,true,1,147950
7290018131077,false,"שלגון מילקה וניל, 71 גרם",פרונרי פולין,PL,שלגון מילקה עם ריפל שוקולד 71 גרם,גרמים,71.00,100 גרם,false,1,11.50,16.1972,true,1,149733
7290018131251,false,אקסטרים מטבע שוקולד לבן וליבת קרם עוגיות 115ג',גלידות נסטלה (נגה גל,IL,אקסטרים מ.שקלד.לבן וליבת ק.עוג. 18*115ג,גרמים,128.00,100 גרם,false,1,10.50,8.2031,true,1,144483
7290018131336,false,נסטלה שלגון ליון 66 גרם,שוורצקוף& הנקל דיסלד,PL,שלגון ליון קרמל 66גרם,גרמים,66.00,100 גרם,false,1,11.50,17.4242,true,1,149734
7290018131343,false,לה קרמריה וניל שוקו.,המאפיה של הרמן,IL,לה קרמריה וניל שוקו.חתס.חלבי.כלפ 1.4 ל,ליטרים,1.40,ליטר,false,1,21.90,15.6429,true,1,144840
7290018131466,false,נסטלה מאגדת שלגון מי,גלידות נסטלה,ES,נסטלה מאגדת שלגון מילקה 4*66גרם,גרמים,66.00,100 גרם,false,1,32.90,49.8485,true,1,144488
7290018131558,false,מאגדת מיני בייטס אוראו 201 גרם,שוורצקוף& הנקל דיסלד,PL,מאגדת מיני בייטס אוראו 240 גרם,גרמים,240.00,100 גרם,false,1,21.90,9.1250,true,1,144492
7290018131640,false,קראנץ בלונד עם ליבת נוגט בוטנים 100 גר',גלידות נסטלה (נגה גל,IL,קראנץ שוקולד בלונדי 100 גרם,גרמים,100.00,100 גרם,false,1,10.50,10.5000,true,1,149732
7290018131770,false,שלגון נסטלה מצופה וניל תות 60 גרם,גלידות נסטלה (נגה גל,IL,שלגון וניל מצופה תות 55 גרם,גרמים,55.00,100 גרם,false,1,5.90,10.7273,true,1,149233
7290018131794,false,קראנץ וניל ש.מריר ל,נסטלה,IL,קראנץ וניל ש.מריר ליבת 100 גרם,גרמים,100.00,100 גרם,false,1,10.50,10.5000,true,1,149232
7290018131954,false,קרחון שרבט פרווה לה פרוטה תות שדה ושוקולד מריר,גלידות נסטלה Nestle,IL,מאגדת ל.פרוטה מצופה תות שוקולד 350 גרם,גרמים,350.00,100 גרם,false,5,29.90,8.5429,true,1,149234
7290018131978,false,טילון נסטלה אוראו 68.5 גרם,פרונרי פולין,PL,טילון אוראו 68.5גרם,גרמים,69.00,100 גרם,false,1,5.90,8.5507,true,1,149735
7290018156018,false,אולטרסול FREE קידס ספריי שקוף SPF50 200,הדקלאים אגודת שיתופי,IL,אולטרסול Free Kids ספריי רציף שקוף SPF50,לא מנהל יחידת מידה,0.00,לא מנהל יחידת מידה,false,1,44.90,0.0000,true,1,152574
7290018165010,false,"יין רזרב גולד גוורצטרמינר 750 מ""ל ברקן",יקבי ברקן שיווק והפצ,IL,"גוורצטרמינר רזרב גולד 750 מ""ל",מיליליטרים,750.00,"100 מ""ל",false,1,52.90,7.0533,true,1,155158
7290018165027,false,"יין רזרב גולד רוזה 750 מ""ל ברקן",יקבי ברקן שיווק והפצ,IL,"רזרב גולד רוזה 750 מ""ל",מיליליטרים,750.00,"100 מ""ל",false,1,52.90,7.0533,true,1,155159
7290018165447,false,"יין רזרב GOLD EDITION מרלו 750 מ""ל",יקבי ברקן שיווק והפצ,IL,"רזרב גולד מרלו 750 מ""ל",מיליליטרים,750.00,"100 מ""ל",false,1,52.90,7.0533,true,1,155160
7290018192658,false,מארז זוג פטריות פורטובלה ושמפיניון מרינה,"מרינה פטריות הגליל בע""מ",IL,פטריות שמפניון צמד חמד איטלקי מארז זוג,גרמים,500.00,100 גרם,false,1,18.90,3.7800,true,1,151454
7290018198209,false,תפוגן ציפס בטטה קראנ,"תעשיות תפוגן בע""מ",IL,תפוגן ציפס בטטה קראנצי 500גרם,גרמים,500.00,100 גרם,false,1,19.90,3.9800,true,1,153335
7290018198384,false,"תפוגן צ'יפס קריספי פרוסות לתנור 1.25 ק""ג","תעשיות תפוגן בע""מ",IL,תפוגן ציפס קריספי פרוסות לתנור 1.25קג,קילוגרמים,1.25,"ק""ג",false,1,26.90,21.5200,true,1,152626
7290018236635,false,עוף טוב צ'ונגו פופקורן מצופה 600 גרם,מוצרי עוף טוב (2001),IL,עוף טוב צונגו פופקורן מצופה 12*600גרם,גרמים,600.00,100 גרם,false,1,36.90,6.1500,true,1,148619
7290018236659,false,עוף טוב צונגו פופקורן ציפ מתובל 600 גרם,מולינו ניקולי s.p.a,IL,צונגו פופקורן ציפס מתובל עוף טוב 600גרם,גרמים,600.00,100 גרם,false,1,36.90,6.1500,true,1,148620
7290018237335,false,פסטרמה מהגריל עוף טו,מולינו ניקולי s.p.a,IL,פסטרמה מהגריל עוף טוב 200גרם,גרמים,200.00,100 גרם,false,1,19.90,9.9500,true,1,152655
7290018249802,false,ממתיק סוויטאנגו צנצנת 280 גרם,סוויטאנגו Sweetango,IL,ממתיק סויטאנגו 280גרם,גרמים,280.00,100 גרם,false,1,29.90,10.6786,true,1,149223
7290018265086,false,קטשופ אורגני ללס תבו,תבואות,NL,קטשופ אורגני ללס תבואות 325 מל,מיליליטרים,325.00,"100 מ""ל",false,1,16.90,5.2000,true,1,146930
7290018294208,false,"סלקטד אדום יין ישראלי, 750 מ""ל","כד בני דרום בע""מ",IL,יין אדום ישראלי יבש סלקטד יקבי הכרמל 2020 750 מל,מיליליטרים,750.00,"100 מ""ל",false,1,29.90,3.9867,true,1,152421
7290018294895,false,"יין מונלייט מוסקטו ורוד מבעבע 750 מ""ל",יקבי כרמל Carmel Winery,IL,ין מונלייט לבן יקבי כרמל 750 מל,מיליליטרים,750.00,"100 מ""ל",false,1,39.90,5.3200,true,1,155834
7290018294901,false,"יין מונלייט אדום יבש 750 מ""ל כרמל",יקבי כרמל Carmel Winery,IL,"מונלייט אדום 750 מ""ל",מיליליטרים,750.00,"100 מ""ל",false,1,39.90,5.3200,true,1,155833
7290018294918,false,מונלייט מוסקטו רוזה מתוק מבעבע 750מל,יקבי כרמל Carmel Winery,IL,"מונלייט סמוק מבעבע 750 מ""ל",מיליליטרים,750.00,"100 מ""ל",false,1,39.90,5.3200,true,1,155835
7290018333693,false,גרנולה פרו עם קשיו ופירות יבשים 600 גר',רפאלס,IL,גרנולה רפאלס פרו 600 גר קשיו ופירות יבשים*6 בקר',גרמים,600.00,100 גרם,false,1,28.90,4.8167,true,1,148839
7290018333969,false,חטיף גרנולה רפאלס שקדים וטחינה בדצ 150 גר *12יח,כרמית תעשיות ממתקים,IL,מאגדת גרנולה רפאלס שקדים וטחינה*5 150 גרם,גרמים,150.00,100 גרם,false,1,14.90,9.9333,true,1,152144
7290018344095,false,חטיף חלבון בטעם בוטנים מלח 50 ג' VEG PROTEIN,טבע ירוק,IL,חטיף חלבון VEG PROTEIN בוטנים מלח 50 גרם,גרמים,50.00,100 גרם,false,1,10.90,21.8000,true,1,157197
7290018344101,false,חטיף חלבון בטעם קקאו וקפה 50 ג' VEG PROTEIN,טבע ירוק,IL,חטיף חלבון VEG PROTEIN קקאו וקפה 50 גרם,גרמים,50.00,100 גרם,false,1,10.90,21.8000,true,1,157198
7290018344125,false,חטיף חלבון אגוזי לוז קקאו טבע ירוק 50 גר,טבע ירוק,IL,חטיף חלבון VEG PROTEIN אגוזי לוז וקקאו,גרמים,50.00,100 גרם,false,1,10.90,21.8000,true,1,157199
7290018345184,false,תערובת חביתה מן הצומ,מנדל,IL,לייק אג LIKE EGG 75 גרם,גרמים,75.00,100 גרם,false,1,23.90,31.8667,true,1,148474
7290018359495,false,תירס מהשדה בלי תוספת סוכר יכין 550 גרם,היינץ צפון אמריקה מק,IL,יכין תירס לייט מופחת קלוריות 550 גרם,גרמים,550.00,100 גרם,false,1,8.90,1.6182,true,1,147947
7290018359686,false,גרגירי חומוס הקיסריה,היינץ צפון אמריקה מק,IL,חומוס ענק יכין 550 גרם,גרמים,550.00,100 גרם,false,1,8.90,1.6182,true,1,152956
7290018359716,false,רוטב עגבניות פיצה טוסקנה 240 גרם יכין,"זנלכל בע""מ",IL,רוטב פיצה טוסקנה יכין 240 ג,גרמים,240.00,100 גרם,false,1,5.50,2.2917,true,1,150311
7290018359853,false,עדשים שחורות יכין 400 גרם,"זנלכל בע""מ",IL,עדשים שחורות יכין 400גרם,גרמים,400.00,100 גרם,false,1,6.90,1.7250,true,1,152955
7290018359877,false,רסק עגבניות טבעי מארז שלישייה,יכין,IL,רסק עגבניות טבעי יכין * 3 600 גרם,גרמים,1800.00,100 גרם,false,1,12.90,0.7167,true,1,153931
7290018371008,false,טורטיה ציפס תירס סגול וצילי אורגני 70 גר,קואקספרה,PE,חטיף טורטייה אורגני תירס סגול צילי השדה,גרמים,70.00,100 גרם,false,1,14.90,21.2857,true,1,154015
7290018371039,false,מחית עגבניות אורגני,ביואיטליה,IT,מחית עגבניות אורגני 520גרם,גרמים,520.00,100 גרם,false,1,27.90,5.3654,true,1,146826
7290018371299,false,אובלטים מקמח חומוס אורגני 100 גרם,השדה מוצרים טבעיים ו,IL,אובלטים אורגניים מקמח חומוס השדה 100 גרם,גרמים,100.00,100 גרם,false,1,12.90,12.9000,true,1,154017
7290018371305,false,אובלטים מקמח עדשים אדומות אורגני 100 גרם,השדה מוצרים טבעיים ו,IL,אובלטים אורגניים מקמח עדשים אדומות השדה,גרמים,100.00,100 גרם,false,1,12.90,12.9000,true,1,154018
7290018371312,false,אובלטים מקמח כוסמת אורגני 100 גרם,אם החיטה,IL,אובלטים אורגניים מקמח כוסמת השדה 100 גרם,גרמים,100.00,100 גרם,false,1,12.90,12.9000,true,1,154019
7290018371480,false,וופל קמח כוסמין חרובים אורגני 200 גרם,"רוקחמן בע""מ",IL,וופל קמח כוסמין חרובים 200 גרם,גרמים,200.00,100 גרם,false,1,15.90,7.9500,true,1,154022
7290018371503,false,וופל קמח כוסמין אגוזים אורגני 200 גרם,השדה מוצרים טבעיים ו,IL,וופל קמח כוסמין אגוזים 200 גרם,גרמים,200.00,100 גרם,false,1,15.90,7.9500,true,1,154024
7290018371527,false,וופל קוביות קמח מלא חרובים אורגני 200 גר,השדה מוצרים טבעיים ו,IL,וופל קוביות קמח מלא חרובים 200 גרם,גרמים,200.00,100 גרם,false,1,15.90,7.9500,true,1,154026
7290018440070,false,תרכיז עגבניות בשפורפרת 28BX בלה איטליה 200 ג',בלה איטליה Bella Italia,IT,תרכיז עגבניות בשפורפרת 28 BX 200 גר,גרמים,200.00,100 גרם,false,1,8.90,4.4500,true,1,147925
7290018440193,false,פליפז בייגלה בציפוי קרם בטעם חמאת בוטנים 140 גרם,שוורצקוף& הנקל דיסלד,TR,פליפז בייגלה מצופה חמאת בוטנים 140 ג,גרמים,140.00,100 גרם,false,1,8.90,6.3571,true,1,148855
7290018440209,false,פליפז בייגלה בציפוי פאדג' לבן 140 גרם,שוורצקוף& הנקל דיסלד,TR,"Flipz, חטיף בייגלה אפוי בציפוי שוקולד חלב, 140 גרם",גרמים,140.00,100 גרם,false,1,8.90,6.3571,true,1,148856
7290018440223,false,חווית הצ'אי- מסאלה עוצמתי,תה ויסוצקי,IL,צאי מסאלה עוצמתי 25 גרם,גרמים,25.00,100 גרם,false,1,19.90,79.6000,true,1,152800
7290018440230,false,צ'אי ורדים 25 שק' ויסוצקי,תה ויסוצקי,IL,צאי ורדים 25 גרם,לא מנהל יחידת מידה,0.00,לא מנהל יחידת מידה,false,1,19.90,0.0000,true,1,152802
7290018440247,false,צ'אי שקדים 25 שק' ויסוצקי,תה ויסוצקי,IL,צאי שקדים 25 גרם,לא מנהל יחידת מידה,0.00,לא מנהל יחידת מידה,false,1,19.90,0.0000,true,1,152801
7290018440254,false,צ'אי קרמל מלוח 25 שק' ויסוצקי,תה ויסוצקי,IL,צאי קרמל מלוח 25 גרם,לא מנהל יחידת מידה,0.00,לא מנהל יחידת מידה,false,1,19.90,0.0000,true,1,152803
7290018440384,false,תה ירוק מאטה לימון נענע 25 שק' ויסוצקי,תה ויסוצקי,IL,תה ירוק מאטה לימון נענע 25 שקיקים,גרמים,25.00,100 גרם,false,1,25.90,103.6000,true,1,152798
7290018440391,false,תה ירוק מאטה נענע גוארנה 25 שק' ויסוצקי,תה ויסוצקי,IL,תה ירוק מאטה נענע גוארנה 25 שקיקים,גרמים,25.00,100 גרם,false,1,25.90,103.6000,true,1,152799
7290018440407,false,מאטה תה ירוק מאטה בטעם קקאו ואגוזי לוז,תה ויסוצקי,IL,תה ירוק מאטה קקאו לוז 25 שקיקים,גרמים,25.00,100 גרם,false,1,25.90,103.6000,true,1,152797
7290018440476,false,פליפז בייגלה מצופה בקרם עוגת גבינה ותותים 140 גרם,אולקר מקבוצת פלאדיס,TR,פליפז בייגלה מצופה בקרם עוגת גבינה 140 ג,גרמים,140.00,100 גרם,false,1,8.90,6.3571,true,1,153214
7290018440483,false,פליפז בייגלה מצופה בקרמל מלוח ושוקולד 140 גרם,שוורצקוף& הנקל דיסלד,TR,פליפז בייגלה מצופה בקרמל מלוח ושוקולד 14,גרמים,140.00,100 גרם,false,1,8.90,6.3571,true,1,151304
7290018441626,false,גלידת פיינטים מנטה עוגיות 430 ג' בן וג'ירי,מוצרי איכות אמריקאיי,IL,פיינט בן&גריס מנטה עוגיות 430גרם,גרמים,430.00,100 גרם,false,1,23.90,5.5581,true,1,153865
7290018441886,false,גלידת הגן דאז בגביע,מוצרי איכות אמריקאים,IL,דולצה דה לצה 150מל שורטי,מיליליטרים,150.00,"100 מ""ל",false,1,10.90,7.2667,true,1,152918
7290018468401,false,פסטרמה צמחונית בטעם גריל 100 גר טירת צבי,טיב טירת צבי 2000,IL,פסטרמה צמחונית בטעם גריל טירת צבי 120ג,גרמים,120.00,100 גרם,false,1,20.90,17.4167,true,1,156819
7290018468418,false,פסטרמה צמחונית בטעם מפולפל 100 ג טירת צב,טיב טירת צבי 2000,IL,פסטרמה צמחונית בטעם מפולפל טירת צבי 120,גרמים,120.00,100 גרם,false,1,20.90,17.4167,true,1,156820
7290018471036,false,"שוופס סודה לימון 500 מ""ל","יפאורה תבורי בע""מ",IL,שוופס סודה לימון 500מל,מיליליטרים,500.00,"100 מ""ל",false,1,3.90,0.7800,true,1,148448
7290018471111,false,שוופס ליים מוחיטו 330 מל זכוכית,יפאורה שותפות מובגלת,IL,שוופס ליים מוחיטו 330 מל,ליטרים,1.50,ליטר,false,1,6.90,4.6000,true,1,149725
7290018471135,false,"ספרינג שייק בננה תמר תפוז זכוכית 330 מ""ל","יפאורה תבורי בע""מ",IL,"ספרינג שייק בננה תמר תפוז 330 מ""ל",מיליליטרים,330.00,"100 מ""ל",false,1,9.50,2.8788,true,1,150944
7290018471449,false,קרטונית ספרינג שייק בננה תמר תפוז 1 ליטר,"יפאורה תבורי בע""מ",IL,ספרינג שייק קרטונית בננה תמר תפוז 1 ל',ליטרים,1.00,ליטר,false,1,14.60,14.6000,true,1,150946
7290018471630,false,שוופס טוניק מלפפון ליים 1 ליטר,"יפאורה תבורי בע""מ",IL,שוופס טוניק מלפפון וליים 1 ליטר,ליטרים,1.00,ליטר,false,1,10.90,10.9000,true,1,152674
7290018471906,false,שוופס מוגז פירות לימונדה ורודה 1.5 ליטר פיקדון,"יפאורה תבורי בע""מ",IL,שוופס מוגז פירות לימונדה ורודה 1.5 ל',ליטרים,1.50,ליטר,false,1,10.50,7.0000,true,1,153433
7290018471913,false,שוופס מוגז פירות תפוחים 1.5 ליטר-,"יפאורה תבורי בע""מ",IL,שוופס משקה תפוחים מוגז 1.5 ליטר,ליטרים,1.50,ליטר,false,1,10.50,7.0000,true,1,153434
7290018471920,false,שוופס מוגז פירות ענבים 1.5 ליטר פיקדון,"יפאורה תבורי בע""מ",IL,שוופס מוגז פירות ענבים 1.5 ל',ליטרים,1.50,ליטר,false,1,10.50,7.0000,true,1,153435
7290018471937,false,שוופס מוגז פירות תות ליים 1.5 ליטר פיקדון,"יפאורה תבורי בע""מ",IL,שוופס מוגז פירות תות ליים 1.5 ליטר,ליטרים,1.50,ליטר,false,1,10.50,7.0000,true,1,153436
7290018500361,false,לחם אנג'ל אחיד פרוס 900 גר',מאפיית שלמה א. אנג'ל,IL,לחם אחיד פרוס אנגל 900 גרם,גרמים,900.00,100 גרם,false,1,9.49,1.0544,true,1,155400
7290018500385,false,חלה רגילה מוגדלת 650גר אנג'ל,מאפיית שלמה א. אנגל,IL,חלה רגילה אנגל 650 גרם,גרמים,650.00,100 גרם,false,1,8.14,1.2523,true,1,155401
7290018500392,false,חלה קלועה מוגדלת 650גר אנג'ל,מאפיית שלמה א. אנגל,IL,חלה קלועה אנגל 650 גרם,גרמים,650.00,100 גרם,false,1,8.14,1.2523,true,1,155402
7290018516591,false,מחית בשר עוף הורייזן,סאטורן,DE,הורייזן מחית בשר עוף 90 גרם,גרמים,90.00,100 גרם,false,1,9.90,11.0000,true,1,156407
7290018516614,false,מחית בשר סלמון הוריי,סאטורן,DE,הורייזן מחית בשר סלמון 90 גרם,גרמים,90.00,100 גרם,false,1,9.90,11.0000,true,1,156409
7290018516621,false,מחית בשר דג זהבון הו,סאטורן,DE,הורייזן מחית בשר דג זהבון לחתלתול 90 גרם,גרמים,90.00,100 גרם,false,1,9.90,11.0000,true,1,156410
7290018516959,false,"פרמיו סופרים עופות לכלב מגזע ננסי 3 ק""ג",פרמיו Premio,,פרמיו סופרים מועשר בעוף לכלב מגזע ננסי 3,קילוגרמים,3.00,"ק""ג",false,1,49.90,16.6333,true,1,157094
7290018540329,false,שקית פיתה פיתה בלדי 800 ג' אנג'ל,מאפיית שלמה א. אנג'ל,IL,פיתה פיתה אנגל בלדי 8 יח 880 גרם,גרמים,880.00,100 גרם,false,1,12.90,1.4659,true,1,149108
7290018564592,false,שף הטבע שום כתוש בצנ,בני דרום,IL,שף הטבע שום כתוש בצנצנת 200גרם,גרמים,200.00,100 גרם,false,1,14.90,7.4500,true,1,156610
7290018571149,false,שקד מולבן פרוס 200 גר' בנספק,מיה,IL,שקדים מולבנים פרוסים מיה 200 גרם,גרמים,200.00,100 גרם,false,1,19.90,9.9500,true,1,156790
7290018571156,false,שקד מולבן שבבים 200 גר' בנספק,מיה,IL,שקדים מולבנים שבבים מיה 200 גרם,גרמים,200.00,100 גרם,false,1,19.90,9.9500,true,1,156791
7290018571569,false,תמצית וניל טהורה 30 מ''ל,מיה,IL,תמצית וניל טהורה מיה30 מל,מיליליטרים,30.00,"100 מ""ל",false,1,27.90,93.0000,true,1,156792
7290018641439,false,"ערק אשכולית אדומה מוגז 330 מ""ל",,IL,ערק פלוס אשכוליות 330 מל,מיליליטרים,330.00,"100 מ""ל",false,1,12.90,3.9091,true,1,153037
7290018641446,false,"ערק לימונדה מוגז 330 ""מ""ל",,IL,ערק פלוס לימודה 330 מל,מיליליטרים,330.00,"100 מ""ל",false,1,12.90,3.9091,true,1,153038
7290018652015,false,נסטלה שלגון סופרולר 75 גרם,פרונרי איברייה,PL,סופרולר 75גרם,גרמים,75.00,100 גרם,false,1,7.90,10.5333,true,1,149736
7290018652039,false,לה קרמריה קרמל מלוח ונוגט בדצ 1.4 ליטר,גלידות נסטלה,IL,לה קרמריה קרמל מלוח ונוגט 1.4 ליטר,ליטרים,1.40,ליטר,false,1,21.90,15.6429,true,1,150552
7290018652053,false,"יסקולידה אקסטרה גלידה בטעמי וניל ושוקולד, 90 גרם",גלידות נסטלה,IL,ביסקולידה קסטרה 95 גרם,גרמים,95.00,100 גרם,false,1,5.90,6.2105,true,1,149731
7290018652190,false,חטיף גלידה קראנץ בר 60 גרם,גלידות נסטלה,IT,קראנץ בר אימפלס 60גרם,גרמים,60.00,100 גרם,false,1,6.90,11.5000,true,1,154289
7290018652657,false,מאגדת לייט יוגורט ומנגו 52X6 גרם,גלידות נסטלה,IL,מאגדת מניוגו לייט 312גרם,גרמים,312.00,100 גרם,false,1,27.90,8.9423,true,1,154298
7290018652671,false,"לה קרמריה שוקולד וניל 1.4 ליטר [תו אי""ל]",גלידות נסטלה,IL,לה קרמריה שוקו וניל תות 700גרם,גרמים,700.00,100 גרם,false,1,21.90,3.1286,true,1,154299
7290018652688,false,לה קרמריה טרופי ופירות אדומים 1.4 ל' נסטלה,גלידות נסטלה,IL,לה קרמריה פירות טרופיים ויער 700גרם,גרמים,700.00,100 גרם,false,1,21.90,3.1286,true,1,154300
7290018652770,false,אקסטרים ביגלה מתוק מלוח 115 ג' נסטלה,גלידות נסטלה,IL,טילון גולדה 115גרם,גרמים,115.00,100 גרם,false,1,10.50,9.1304,true,1,154290
7290018652909,false,מאגדת מאגנום קפה שוקולד ופקאן 5 *43 ג' נסטלה,גלידות נסטלה,IL,מאגדת קפה שוקולד פקאן 225גרם,גרמים,225.00,100 גרם,false,1,27.90,12.4000,true,1,154296
7290018652923,false,מאגדת תות עוגת גבינה שוקולד 5 *43 ג' נסטלה,גלידות נסטלה,IL,מאגדת תות שוקולד עוגיות 225גרם,גרמים,225.00,100 גרם,false,1,27.90,12.4000,true,1,154297
7290018652947,false,קראנץ שוקולד לבן פיסטוק 100 גרם,גלידות נסטלה,IL,שלגון קראנץ פיסטוק 100 גרם,גרמים,100.00,100 גרם,false,1,10.50,10.5000,true,1,154956
7290018677070,false,"קרם קוקוס אורגני 330 מ""ל",בראנץ' אוף בן טרה אי,IL,קרם קוקוס 18%אורגני טטרה פק 330מל,מיליליטרים,330.00,"100 מ""ל",false,1,11.90,3.6061,true,1,150802
7290018677124,false,גרנולה קראנצ'י חמוציות ודובדבנים ללא גלוטן וללא תוספת סוכר נוטרה זן-300 גרם,נוטרה זון,CZ,גרנולה קראנצי חמוציות ודובדבנים ללא גלוטן וללא תו,גרמים,300.00,100 גרם,false,1,22.90,7.6333,true,1,153393
7290018677131,false,גרנולה קראנצ'י אגוזים ושקדים ללא גלוטן וללא תוספת סוכר נוטרה זן-300 גרם,נוטרה זון,CZ,גרנולה קראנצי אגוזים ושקדים ללג וללס נ,גרמים,300.00,100 גרם,false,1,22.90,7.6333,true,1,153392
7290018677155,false,"תערובת קמחים רב תכליתי לל""ג 500 גרם",נוטרה זון,IT,PANERIA תערובת קמחים רב תכליתי ללג 500גר,גרמים,500.00,100 גרם,false,1,23.90,4.7800,true,1,150798
7290018677162,false,"תערובת קמחים רב תכליתי לל""ג 500 גרם",נוטרה זון,IT,PANERIA תערובת רב תכליתית ללג בסיס עמילן,גרמים,500.00,100 גרם,false,1,24.90,4.9800,true,1,150799
7290018708125,false,בארכה חלבה מסולסלת וניל 250 גרם,בארכה,IL,בארכה חלבה מסולסלת וניל 250גרם,גרמים,250.00,100 גרם,false,1,17.90,7.1600,true,1,153842
7290018708132,false,בארכה חלבה מסולסלת שוקו וניל 250 גרם,בארכה,IL,בארכה חלבה מסולסלת שוקו וניל 250גרם,גרמים,250.00,100 גרם,false,1,17.90,7.1600,true,1,153843
7290018720004,false,מעדני המלך- עוגיות סנדוויץ תות 150 גרם,סנו מפעלי ברונוס.,IL,מעדני מלך סנדוויץ תות 150ג,גרמים,150.00,100 גרם,false,1,4.50,3.0000,true,1,152675
7290018720011,false,ביסקוויט קרנבל חיות בטעם וניל 250 ג' מעדני מלך,הגביע מוצרי וופלים,IL,ביסקוויט קרנבל חיות 250 גרם,גרמים,250.00,100 גרם,false,1,5.90,2.3600,true,1,150967
7290018720028,false,קרנבל אותיות ביסקוויט בטעם חמאה 250 ג' מעדני מלך,הגביע מוצרי וופלים,IL,ביסקוויט קרנבל אותיות 250 גרם,גרמים,250.00,100 גרם,false,1,5.90,2.3600,true,1,150969
7290018720226,false,פצפוצי אורז 250 ג' מעדני מלך,אשבל מזון פונקציונלי,IL,פצפוצי אורז מעדני המלך 250גרם,גרמים,250.00,100 גרם,false,1,11.90,4.7600,true,1,156823
7290018724552,false,קמח שקדים ללא גלוטן 250 גר',השקד אומנות ומסחר,IL,קמח שקדים נטורלה ללא גלוטן 250 גרם,גרמים,250.00,100 גרם,false,1,23.90,9.5600,true,1,153016
7290018724668,false,שווארמה סויה טבעונית,הטבעונית של סבתא מזל,IL,שווארמה טבעונית על בסיס סויה נטורלה 400,גרמים,400.00,100 גרם,false,1,26.90,6.7250,true,1,156829
7290018777268,false,חטיף חלבון בננה קקאו טבע ירוק 50 גרם,טבע ירוק,IL,חטיף חלבון VEG PROTEIN בננה קקאו 50 גרם,גרמים,50.00,100 גרם,false,1,10.90,21.8000,true,1,157200
7290018777275,false,חטיף חלבון בטעם עוגיות וניל 50 ג' VEG PROTEIN,טבע ירוק,IL,חטיף חלבון VEG PROTEINעוגיות וניל 50 גרם,גרמים,50.00,100 גרם,false,1,10.90,21.8000,true,1,157201
7290018792841,false,אבקת קקאו טבעי גאנה 150 גר,אברמוביץ עזר קקאו וש,IL,אבקת קקאו טבעי גאנה 150 גרם,גרמים,150.00,100 גרם,false,1,10.90,7.2667,true,1,156131
7290018809044,false,סמבוסק מיקס בולגרית,מפגש השייח,IL,סמבוסק מיקס בולגרית ופיצה 500גרם,גרמים,500.00,100 גרם,false,1,36.90,7.3800,true,1,154106
7290018809051,false,סמבוסק פיצה 500גרם,מפגש השייח,IL,סמבוסק פיצה 500גרם,גרמים,500.00,100 גרם,false,1,36.90,7.3800,true,1,154107
7290018809068,false,סמבוסק בולגרית 500ג,מפגש השייח,IL,סמבוסק בולגרית 500גרם,גרמים,500.00,100 גרם,false,1,36.90,7.3800,true,1,154108
7290018848005,false,יין רוזה בפחית 250 מ,דונלי ויני,IT,"יין רוזה בפחית 250 מ""ל",מיליליטרים,250.00,"100 מ""ל",false,1,14.90,5.9600,true,1,154050
7290018848012,false,יין לבן בפחית 250 מ,דונלי ויני,IT,"יין לבן בפחית 250 מ""ל",מיליליטרים,250.00,"100 מ""ל",false,1,14.90,5.9600,true,1,154049
7290018878071,false,"שלשות שוקולד מריר 44% 85 גר בד""ץ",כרמית,IL,שלשות שוקולד מריר 47% כשלפ 85 גרם,גרמים,3.00,100 גרם,false,3,13.90,463.3333,true,1,154720
7290018893449,false,צוקטה סטרופוופל במילוי קרמל 175 גרם,ארלוי אס.אל.יו.,IN,צוקטה סטרופוופל במילוי קרמל 175 גר,גרמים,175.00,100 גרם,false,1,9.90,5.6571,true,1,152851
7290018893814,false,צ'וקטה חמישיית שוקולד מריר 48%,הדקלאים אגודת שיתופי,ES,טבלאת שוקולד צוקטה מריר 500 גרם חמישייה,גרמים,500.00,100 גרם,false,1,19.90,3.9800,true,1,152607
7290018894002,false,קוביות וופל במילוי קרם קקאו - חלבי,בלקוני Balconi,IT,בלקוני וופל קוביות קקאו 250 ג,גרמים,250.00,100 גרם,false,1,12.90,5.1600,true,1,154685
7290018894019,false,עוגות אישיות במילוי קרם חלבי ובציפוי קרם קקאו,בלקוני Balconi,IT,בלקוני עוגות מיקס מקס חלב 350 ג,גרמים,350.00,100 גרם,false,1,14.90,4.2571,true,1,154690
7290018894040,false,שוקולד חלב חמישייה צ,נטרה,FR,שוקולד חלב צוקטה 5 100 גרם,גרמים,500.00,100 גרם,false,1,21.90,4.3800,true,1,156847
7290018894071,false,צוקטה מארז סביבון לח,,,צוקטה מארז סביבון לחנוכה 225 ג,גרמים,225.00,100 גרם,false,1,17.90,7.9556,true,1,157357
7290018894200,false,וופל קוביות וניל 250 ג' בלקוני,בלקוני Balconi,IT,בלקוני וופל קוביות וניל 250 ג,גרמים,250.00,100 גרם,false,1,12.90,5.1600,true,1,154686
7290018894217,false,עוגות אישיות במילוי קרם קקאו ובציפוי קרם קקאו,בלקוני Balconi,IT,בלקוני עוגות מיקס מקס קקאו 350 ג,גרמים,350.00,100 גרם,false,1,14.90,4.2571,true,1,154691
7290018894248,false,צ'וקטה - שוקולד חלב שלישייה 3 * 100 גרם,צ'וקטה Chocketa,FR,שוקולד חלב צוקטה 3 100 גרם,גרמים,300.00,100 גרם,false,1,14.90,4.9667,true,1,156848
7290018894408,false,קוביות וופל במילוי קרם אגוזי לוז - חלבי,בלקוני Balconi,IT,בלקוני וופל קוביות אגוזי לוז 250 ג,גרמים,250.00,100 גרם,false,1,12.90,5.1600,true,1,154687
7290018894606,false,בלקוני וופל קקאו 175 גרם חלבי OU,בלקוני Balconi,IT,בלקוני וופל קקאו 175 ג,גרמים,175.00,100 גרם,false,1,8.90,5.0857,true,1,154688
7290018894804,false,וופלים במילוי קרם אגוזי לוז - חלבי,בלקוני Balconi,IT,בלקוני וופל אגוזי לוז 175 ג,גרמים,175.00,100 גרם,false,1,8.90,5.0857,true,1,154689
7290018925065,false,מיץ פרימור תפוזים סחוט 2 ליטר-,"גניר (1992) בע""מ",IL,פרימור סחוט מיץ תפוזים 100% 2 ליטר,ליטרים,2.00,ליטר,false,1,28.50,14.2500,true,1,153657
7290018925072,false,משקה קל לימונים ונענע 2 ל פרימור,"גניר (1992) בע""מ",IL,פרימור משקה קל לימונים ונענע 2 ליטר,ליטרים,2.00,ליטר,false,1,28.50,14.2500,true,1,153439
7290018925089,false,"מיץ פרימור תפו""ע צלול סחוט 2 ליטר-","גניר (1992) בע""מ",IL,מיץ תפוחים 2 ליטר,ליטרים,2.00,ליטר,false,1,28.50,14.2500,true,1,153440
7290018925096,false,משקה קל תפוזים 1.5 ל' פרימור,פרימור,IL,פרימור משקה קל תפוזים ‏5‏.‏1‏ ליטר,ליטרים,1.50,ליטר,false,1,9.50,6.3333,true,1,153441
7290018925102,false,משקה קל ענבים 1.5 ל' פרימור,פרימור,IL,פרימור משקה קל ענבים ‏5‏.‏1‏ ליטר,ליטרים,1.50,ליטר,false,1,9.50,6.3333,true,1,153442
7290018925119,false,משקה קל דיאט אשכוליות 1.5ל' פרימור,פרימור,IL,פרימור משקה קל דיאט אשכוליות 1.5 ליטר,ליטרים,1.50,ליטר,false,1,9.50,6.3333,true,1,153443
7290018925126,false,משקה קל תפוחי עץ 1.5ל' פרימור,פרימור,IL,פרימור משקה קל תפוחי עץ ‏5‏.‏1‏ ליטר,ליטרים,1.50,ליטר,false,1,9.50,6.3333,true,1,153444
7290018925133,false,משקה קל מנגו 1.5ל' פרימור,פרימור,IL,פרימור משקה קל מנגו ‏5‏.‏1‏ ליטר,ליטרים,1.50,ליטר,false,1,9.50,6.3333,true,1,153445
7290018925140,false,משקה קל אשכוליות 1.5ל' פרימור,פרימור,IL,פרימור משקה קל אשכולית ‏5‏.‏1‏ ליטר,ליטרים,1.50,ליטר,false,1,9.50,6.3333,true,1,153446
7290018925157,false,משקה קל לימונים 1.5ל' פרימור,פרימור,IL,פרימור משקה קל לימונים 1.5 ליטר,ליטרים,1.50,ליטר,false,1,9.50,6.3333,true,1,153447
7290018925164,false,משקה קל תות-בננה 1.5ל' פרימור,פרימור,IL,פרימור משקה קל תות בננה ‏5‏.‏1‏ ליטר,ליטרים,1.50,ליטר,false,1,9.50,6.3333,true,1,153448
7290018925416,false,"מיץ לימון ופסיפלורה 400 מ""ל פרימור","גניר בע""מ",IL,מיץ לימון ופסיפלורה פרימור 400 מל,מיליליטרים,400.00,"100 מ""ל",false,1,8.50,2.1250,true,1,156129
7290018949009,false,גרופר משקה קל מוגז אורגני תפוזזה 330 מ,,IL,משקה קל מוגז גרופר תפוזזה 330 מל,מיליליטרים,330.00,"100 מ""ל",false,1,7.90,2.3939,true,1,153039
7290018949016,false,"גרופר משקה קל מוגז אורגני תפוחחה 330 מ""",,IL,משקה קל מוגז גרופר תפוחחה 330 מל,מיליליטרים,330.00,"100 מ""ל",false,1,7.90,2.3939,true,1,153040
7290018949023,false,"גרופר משקה קל מוגז אורגני לימוננ 330 מ""ל",,IL,משקה קל מוגז גרופר לימוננדה 330 מל,מיליליטרים,330.00,"100 מ""ל",false,1,7.90,2.3939,true,1,153041
7290018989005,false,שלישיית פולפה עגבניות טבעי יכין 400X3 גרם,זנלכל,IL,עגבניות פולפה טבעית יכין שלישיה400גרם,גרמים,1200.00,100 גרם,false,1,15.90,1.3250,true,1,153930
7290019056027,false,שוופס מוגז פירות תפוחים ללא סוכר 1.5 ליטר פיקדון,"יפאורה תבורי בע""מ",IL,שוופס מוגז פירות NO SUGAR תפוח 1.5 ל',ליטרים,1.50,ליטר,false,1,10.50,7.0000,true,1,153449
7290019056034,false,שוופס מוגז פירות אננס ללא סוכר 1.5 ליטר פיקדון,יפאורה תבורי,IL,שוופס מוגז פירות NO SUGAR אננס 1.5 ל',ליטרים,1.50,ליטר,false,1,10.50,7.0000,true,1,153450
7290019056041,false,שוופס מוגז פירות לימונייד ללא סוכר 1.5 ליטר פיקדון,יפאורה תבורי,IL,שוופס ללא סוכר לימונייד 1.5 ליטר,ליטרים,1.50,ליטר,false,1,10.50,7.0000,true,1,153451
7290019056058,false,שוופס מוגז עדין תפוח ליים 1.5 ליטר פיקדון,"יפאורה תבורי בע""מ",IL,שוופס מוגז עדין תפוח ליים 1.5 ל',ליטרים,1.50,ליטר,false,1,10.50,7.0000,true,1,153452
7290019056065,false,שוופס מוגז עדין פירות יער 1.5 ליטר פיקדון,"יפאורה תבורי בע""מ",IL,שוופס מוגז עדין פירות יער 1.5 ל',ליטרים,1.50,ליטר,false,1,10.00,6.6667,true,1,153453
7290019056089,false,שוופס מוגז עדין ענבי ריזלינג 1.5 ליטר פיקדון,"יפאורה תבורי בע""מ",IL,שוופס מוגז עדין ריזלינג 1.5 ל',ליטרים,1.50,ליטר,false,1,10.50,7.0000,true,1,153455
7290019056096,false,שוופס מוגז עדין אפרסק 1.5 ליטר פיקדון,"יפאורה תבורי בע""מ",IL,שוופס מוגז עדין אפרסק 1.5 ל',ליטרים,1.50,ליטר,false,1,10.50,7.0000,true,1,153456
7290019056119,false,שוופס סודה 1.5 ליטר פיקדון,"יפאורה תבורי בע""מ",IL,שוופס סודה 1.5 ל',ליטרים,1.50,ליטר,false,1,4.20,2.8000,true,1,153457
7290019056126,false,שוופס סודה לימון 1.5 ליטר בק' בודד פיקדון,"יפאורה תבורי בע""מ",IL,שוופס סודה לימון 1.5 ל',ליטרים,1.50,ליטר,false,1,4.20,2.8000,true,1,153458
7290019056133,false,שוופס סודה נענע ליים 1.5 ליטר בק' בודד,"יפאורה תבורי בע""מ",IL,שוופס סודה נענע ליים 1.5 ל',ליטרים,1.50,ליטר,false,1,4.20,2.8000,true,1,153459
7290019056256,false,שוופס מים בטעמים תפוחים 1.5 ליטר פיקדון,מיוצר עי קונדיטוריית,IL,שוופס water תפוח 1.5 ל',ליטרים,1.50,ליטר,false,1,9.90,6.6000,true,1,153468
7290019056263,false,שוופס מים בטעמים אפרסק 1.5 ליטר פיקדון,מיוצר עי קונדיטוריית,IL,שוופס water אפרסק 1.5 ל',ליטרים,1.50,ליטר,false,1,9.90,6.6000,true,1,153469
7290019056270,false,שוופס מים בטעמים פירות יער 1.5 ליטר פיקדון,"יפאורה תבורי בע""מ",IL,שוופס water פירות יער 1.5 ל',ליטרים,1.50,ליטר,false,1,9.90,6.6000,true,1,153470
7290019056294,false,שוופס ג'ינג'ר אייל 1.5 ליטר פיקדון,"יפאורה תבורי בע""מ",IL,שוופס ג'ינג'ר אייל 1.5 ל',ליטרים,1.50,ליטר,false,1,15.90,10.6000,true,1,153472
7290019056300,false,משקה בטעם ביטר לימון 1.5 ל' שוויפס,"יפאורה תבורי בע""מ",IL,שוופס ביטר למון 1.5 ל',ליטרים,1.50,ליטר,false,1,15.90,10.6000,true,1,153473
7290019056317,false,שוופס ראשן 1.5 ליטר פיקדון,"יפאורה תבורי בע""מ",IL,שוופס ראשן 1.5 ל',ליטרים,1.50,ליטר,false,1,15.90,10.6000,true,1,153474
7290019056324,false,שוופס טוניק 1.5 ליטר פיקדון,"יפאורה תבורי בע""מ",IL,שוופס טוניק 1.5 ל',ליטרים,1.50,ליטר,false,1,15.90,10.6000,true,1,153475
7290019056331,false,שוופס טוניק ללא סוכר 1.5 ליטר פיקדון,מיוצר עי קונדיטוריית,IL,שוופס מי טוניק ללא סוכר 1.5 ליטר,ליטרים,1.50,ליטר,false,1,15.90,10.6000,true,1,153476
7290019056508,false,פרוט ווטר ענבים 1.5 ליטר פיקדון,"יפאורה תבורי בע""מ",IL,Fruit Water ענבים 1.5 ל',ליטרים,1.50,ליטר,false,1,10.90,7.2667,true,1,153491
7290019056515,false,פרוט ווטר אננס 1.5 ליטר פיקדון,"יפאורה תבורי בע""מ",IL,Fruit Water אננס 1.5 ל',ליטרים,1.50,ליטר,false,1,10.90,7.2667,true,1,153492
7290019056522,false,פרוט ווטר תות 1.5 ליטר פיקדון,"יפאורה תבורי בע""מ",IL,Fruit Water תות 1.5 ל',ליטרים,1.50,ליטר,false,1,10.90,7.2667,true,1,153493
7290019056539,false,פרוט ווטר אפרסק 1.5 ליטר פיקדון,"יפאורה תבורי בע""מ",IL,Fruit Water אפרסק 1.5 ל',ליטרים,1.50,ליטר,false,1,10.90,7.2667,true,1,153494
7290019056546,false,פרוט ווטר אבטיח 1.5 ליטר פיקדון,"יפאורה תבורי בע""מ",IL,Fruit Water אבטיח 1.5 ל',ליטרים,1.50,ליטר,false,1,10.90,7.2667,true,1,153495
7290019056553,false,עין גדי מים מינרלים 2 ליטר*6 יח',עין גדי מים מינרליים,IL,מים מינרליים עין גדי 2 ל' שישייה,ליטרים,12.00,ליטר,false,6,13.80,1.1500,true,1,153496
7290019056560,false,עין גדי 2 ליטר בק' בודד פיקדון,יפאורה תבורי,IL,מים עין גדי בקבוק 2 ליטר,ליטרים,2.00,ליטר,false,1,4.20,2.1000,true,1,153497
7290019056607,false,ספרינג תפוחים 1.5 ליטר פיקדון,"יפאורה תבורי בע""מ",IL,ספרינג תפוחים 1.5 ל',ליטרים,1.50,ליטר,false,1,11.50,7.6667,true,1,153501
7290019056942,false,מים עין גדי 2 ליטר ב,יפאורה,IL,מים עין גדי בקבוק 2 ליטר,ליטרים,2.00,ליטר,false,1,4.20,2.1000,true,1,153665
7290019056959,false,מי עדן 1.5 ל' בק' בודד,מופק ממקור בזלתי עדן,IL,מי עדן בקבוק 1.5 ליטר,ליטרים,1.50,ליטר,false,1,3.20,2.1333,true,1,153510
7290019056966,false,מי עדן בקבוק פיקדון 1.5 ליטר,יפאורה,IL,מי עדן בקבוק 1.5 ליטר,ליטרים,1.50,ליטר,false,1,3.20,2.1333,true,1,153699
7290019056973,false,שישיית מי עדן 1.5 ליטר משפחתי,מופק ממקור בזלתי עדן,IL,מי עדן שישייה בקבוק 1.5 ליטר,ליטרים,9.00,ליטר,false,6,14.90,1.6556,true,1,153511
7290019153313,false,"משקהתפוח חמוציות אוכמניות 350 מ""ל פרות & ווג",יפאורה תבורי בעמ,IL,"FRUIT&VEG תפוח חמוציות אוכמניות 350 מ""ל",מיליליטרים,350.00,"100 מ""ל",false,1,8.90,2.5429,true,1,155125
7290019153368,false,"מיץ בטעם מוחיטו 330 מ""ל תפוזינה",יפאורה תבורי בעמ,IL,"תפוזינה מוחיטו 330 מ""ל זכוכית",מיליליטרים,330.00,"100 מ""ל",false,1,5.90,1.7879,true,1,155399
7290019153382,false,"מיץ בטעם סנגרייה 330 מ""ל תפוזינה",יפאורה תבורי בעמ,IL,"תפוזינה סנגריה 330 מ""ל זכוכית",מיליליטרים,330.00,"100 מ""ל",false,1,5.90,1.7879,true,1,155397
7290019153399,false,"מיץ בטעם פינק אוזו 330 מ""ל תפוזינה",יפאורה תבורי בעמ,IL,"תפוזינה פינק אוזו 330 מ""ל זכוכית",מיליליטרים,330.00,"100 מ""ל",false,1,5.90,1.7879,true,1,155398
7290019196204,false,רביעיית טונה הספן בש,תעשיות פילטונה,IL,רביעיית טונה הספן בשמן קנולה 540גרם,גרמים,540.00,100 גרם,false,4,19.90,3.6852,true,1,154724
7290019232155,false,"חליטת ""לילה טוב"" קמומיל לבנדר ו25 שקיקים ויסוצקי",תה ויסוצקי,IL,ויסוצקי לילה טוב קמומיל לבנדר 25 שקיקים,גרמים,25.00,100 גרם,false,1,25.90,103.6000,true,1,157077
7290019232162,false,"חליטת ""לילה טוב"" קמומיל מליסה 25 שקיקים ויסוצקי",תה ויסוצקי,IL,ויסוצקי לילה טוב קמומיל מליסה 25 שקיקים,גרמים,25.00,100 גרם,false,1,25.90,103.6000,true,1,157078
7290019232179,false,חליטת לילה טוב נענע 25 שקיקים ויסוצקי,תה ויסוצקי,IL,ויסוצקי STEY WELL נענע 25 שקיקים,גרמים,25.00,100 גרם,false,1,25.90,103.6000,true,1,157074
7290019232186,false,תה ירוק לימונית לואיזהSTAY WELL 25 שקיקים ויסוצקי,תה ויסוצקי,IL,ויסוצקי STEY WELL לימונית לואיזה 25 שקיקים,גרמים,25.00,100 גרם,false,1,25.90,103.6000,true,1,157075
7290019232803,false,הולגריין ביסקוויט+קרם חלב ושוקולד חלב 300 גרם רבנות,פלאדיס,TR,הולגריין ביסקוויט עם קרם חלב ושוקולד חלב,גרמים,300.00,100 גרם,false,1,12.90,4.3000,true,1,156008
7290019232827,false,הולגריין ביסקוויט במילוי אגוזי לוז 300 גרם רבנות,פלאדיס,TR,הולגריין ביסקוויט במילוי אגוזי לוז 300 גרם,גרמים,300.00,100 גרם,false,1,12.90,4.3000,true,1,156010
7290019232834,false,בייגלה מצופה קרם עוגיות ושוקולד 140 גרם פליפז - רבנות,אולקר מקבוצת פלאדיס,TR,בייגלה מצופה קרם עוגיות ושוקולד 140 גרם,גרמים,140.00,100 גרם,false,1,8.90,6.3571,true,1,155121
7290019233008,false,רוטב עגבניות עם קוביות ארטישוק ושמן זית 420ג ויסוצקי,דליציה דורה אס.אר.אל,IT,שקשוקה ארטישוק רוטב עגבניות עם קוביות 420 גרם,גרמים,420.00,100 גרם,false,1,12.90,3.0714,true,1,155829
7290019233015,false,רוטב שקשוקה תבשיל ירקות עם שמן זית כתית מעולה 420ג זיתא,זיתא,IT,שקשוקה ירוקה תבשיל ירקות 420 גרם,גרמים,420.00,100 גרם,false,1,12.90,3.0714,true,1,155827
7290019233022,false,שקשוקה חצילים- רוטב עגבניות עם קוביות חצילים צלויים,דליציה דורה אס.אר.אל,IT,שקשוקה חצילים רוטב עגבניות עם קוביות צלויים 420 גר,גרמים,420.00,100 גרם,false,1,12.90,3.0714,true,1,155828
7290019233046,false,זית קלמטה בלונד זיתא 215 גרם,זיתא - י.ט.ב תעשיות,IL,זית קלמטה בלונד קלמטה מרינד זיתא 215 גרם,גרמים,215.00,100 גרם,false,1,13.90,6.4651,true,1,153925
7290019297239,false,צימוק חום 250 גרם ששון הקולה,"דין שיווק וקלייה בע""",,צימוק כהה 330 גרם,גרמים,330.00,100 גרם,false,1,12.90,3.9091,true,1,153315
7290019297451,false,מי ורדים שקדיה 500 מ,אף.סי תבליני בגליל ב,BE,שקדיה מי ורדים 500 מל,מיליליטרים,500.00,"100 מ""ל",false,1,15.90,3.1800,true,1,115506
7290019297550,false,בוטנים מטוגנים בקופסא 185 גרם,קריניציה ויטמינה אס,IL,בוטנים מטוגנים,גרמים,185.00,100 גרם,false,1,7.90,4.2703,true,1,104152
7290019297628,false,שקד טבעי 150 גרם ששון הקולה שקית,"דין שיווק וקלייה בע""",IL,שקד טבעי 150 גרם,גרמים,150.00,100 גרם,false,1,15.90,10.6000,true,1,152508
7290019297635,false,שקד קלויים 150 גרם ששון הקולה,"דין שיווק וקלייה בע""",IL,שקדים קלויים ששון הקולה 150 גרם,גרמים,150.00,100 גרם,false,1,17.90,11.9333,true,1,152509
7290019297642,false,גרעין שחור קלוי ללא מלח ששון הקולה 150 ג',"דין שיווק וקלייה בע""",IL,גרעין שחור קלוי ללא מלח 150 גר ששון,גרמים,150.00,100 גרם,false,1,5.90,3.9333,true,1,152565
7290019303008,false,שמפו קיק מועשר בתמצי,ש.שוורץ,IL,שמפו קיק מועשר בתמצית ספירולינה 450 מל,מיליליטרים,450.00,"100 מ""ל",false,1,27.90,6.2000,true,1,157250
7290019303053,false,מרכך קיק מועשר בספיר,ש.שוורץ,IL,מרכך קיק מועשר בספירולינה 450 מל,מיליליטרים,450.00,"100 מ""ל",false,1,27.90,6.2000,true,1,157251
7290019303657,false,טבע ירוק פינוקית שומשום מיקס בריאות 250ג,טבע ירוק,IL,פינוקיות שומשום - מיקס בריאות 250 גרם,גרמים,250.00,100 גרם,false,1,17.90,7.1600,true,1,157202
7290019303701,false,טבע ירוק פינוקית שומשום מיקס ישראלי 250ג,טבע ירוק,IL,פינוקיות שומשום - מיקס ישראלי 250 גרם,גרמים,250.00,100 גרם,false,1,17.90,7.1600,true,1,157203
7290019303756,false,טבע ירוק פינוקית שומשום וגרעינים 250 גר,טבע ירוק,IL,פינוקיות שומשום וגרעינים 250 גרם,גרמים,250.00,100 גרם,false,1,17.90,7.1600,true,1,157204
7290019303800,false,פינוקיות שומשום עם שקדים וחמוציות 250 ג',טבע ירוק,IL,פינוקיות שומשום עם שקדים וחמוציות 250 גר,גרמים,250.00,100 גרם,false,1,17.90,7.1600,true,1,157205
7290067642005,false,"בירה גולדסטאר 10% 330 מ""ל SLOW BREW",טמפו,IL,גולדסטאר 10% בירה לאגר חזקה מאוד,מיליליטרים,330.00,"100 מ""ל",false,1,9.50,2.8788,true,1,115443
7290100235478,false,בונז'ור לחם דגנים 520ג',בונז'ור,,לחם טבע דגנים אפוי חלקי,לא מנהל יחידת מידה,0.00,לא מנהל יחידת מידה,false,1,12.90,0.0000,true,1,66158
7290100235492,false,בונז'ור לחם שיפון רוסי 575ג',בונז'ור,,לחם שיפון רוסי אפוי חלקי,לא מנהל יחידת מידה,0.00,לא מנהל יחידת מידה,false,1,12.90,0.0000,true,1,66551
7290100240137,false,"תרסיס למייבש כביסה כחול 500 מ""ל בדין","זוהר דליה, קיבוץ דלי",IL,בדין תרסיס ריחני למייבש הכביסה כחול 500 מל,מיליליטרים,500.00,"100 מ""ל",false,1,19.90,3.9800,true,1,81843
7290100240144,false,"תרסיס למייבש כביסה ורוד 500 מ""ל בדין","זוהר דליה, קיבוץ דלי",IL,בדין תרסיס ריחני למייבש כביסה ורוד 500 מל,מיליליטרים,500.00,"100 מ""ל",false,1,19.90,3.9800,true,1,81844
7290100240632,false,קרקר פתית 200-300ג' 6 דגנים 250 גרם,יוניליוור ישראל מזון,IL,פתיתי 6 דגנים קרקר פריך מ6 דגנים,גרמים,250.00,100 גרם,false,1,18.20,7.2800,true,1,70609
7290100240656,false,פתית חיטה מלאה בדצ 250 גרם,יוניליוור ישראל מזון,IL,פתית שיפון קרקר פריך משיפון ללא תוספת מלח וסוכר,גרמים,300.00,100 גרם,false,1,18.20,6.0667,true,1,82833
7290100243084,true,מיונז הלמנס 789 ג,יונליוור מפעל רקסדיי,CA,HELLMANN'S אמיתי 789 G,Unknown,0.00,Unknown,false,1,23.90,0.0000,true,1,56704
7290100243671,false,מרכך כביסה מרכך כביסה בדין אקסטרה 1 ל',יוניליוור סנאיי וי ט,TR,בדין מרכך כביסה מרוכז בדין אקסטרה כחול 960 מל,מיליליטרים,960.00,"100 מ""ל",false,1,19.90,2.0729,true,1,50571
7290100245231,false,נמס בכוס מרק בטעם עוף עם אטריות ושקדי מרק-2 שקיות,יוניליוור ישראל מזון,IL,קנור נמס בכוס טעם עוף עם שקדי מרק ואטריות 50 גרם,גרמים,50.00,100 גרם,false,1,7.50,15.0000,true,1,59629
7290100246023,false,"דגני כריות נוגט כשל""",יוניליוור ישראל מזון,IL,TELMA דגני ילדים 500 GR,גרמים,500.00,100 גרם,false,1,27.90,5.5800,true,1,62451
7290100249598,false,"רוטב לבישול שום ודבש קנור 320ג' בד""צ",יוניליוור ישראל מזון,IL,רוטב לעוף שום ודבש קנור,גרמים,320.00,100 גרם,false,1,13.90,4.3438,true,1,76139
7290100249659,false,"רוטב לבישול קנור צ'ילי שום בד""צ",יוניליוור ישראל מזון,IL,רוטב לעוף צ'ילי מתוק ושום קנור,גרמים,320.00,100 גרם,false,1,13.90,4.3438,true,1,77468
7290100341803,false,חטיף בונזו רצועות עו,ביופט,IL,בונזו חטיף רצועות עוף דנטלי,גרמים,25.00,100 גרם,false,1,5.90,23.6000,true,1,124817
7290100653586,false,ליידי ספיד סטיק 24/7 גל פרש פיוזן ורוד,ליידי ספיד סטיק Lady Speed Stick,US,דאודורנט ליידי ספיד סטיק 24/7 גל פרש פיוזן 65 גרם,גרמים,65.00,100 גרם,false,1,19.90,30.6154,true,1,25066
7290100658338,false,נוזל כלים אוקסי פלוס עם נוסחת החמצן הפעיל,הנסיך- מפעל לייצור ט,GR,"פלמוליב נוזל כלים אוקסי פלוס 750 מ""ל",מיליליטרים,750.00,"100 מ""ל",false,1,11.90,1.5867,true,1,29294
7290100659090,false,פרי ח.תמרים וקינמון לא סוכר מארז חמישייה,טבעית מוצרים מן הטבע,IL,FRמאגדת חטיף דגנים תמרים וקינמון 110 גרם,גרמים,110.00,100 גרם,false,1,16.90,15.3636,true,1,31628
7290100680650,false,מנה חמה נודלס-אטריות ירקות טעם תאילנדי אסם 76 ג',THAI PRESIDENT FOODS,TH,מנה חמה נודל.+ירקות תאילנדי6 6*76גרם,גרמים,76.00,100 גרם,false,1,6.90,9.0789,true,1,24266
7290100680667,false,מנה חמה נודלס-אטריות+ירקות טעם סצ'ואן,THAI PRESIDENT FOODS,TH,מנה חמה נודלס+ירקות ט.סצ'ואן6 6*76גרם,גרמים,76.00,100 גרם,false,1,6.90,9.0789,true,1,24267
7290100680711,false,פירורית זהב אסם זהב 350ג',עינת תעשיות מזון אגו,IL,אסם פירורית זהב 12*350גרם,גרמים,350.00,100 גרם,false,1,8.90,2.5429,true,1,31200
7290100680728,false,פירורית רגילה שקית 350 גרם,מיוצר עי קונדיטוריית,IL,אסם פירורית 20*350גרם,גרמים,350.00,100 גרם,false,1,7.60,2.1714,true,1,31201
7290100681015,false,פודינג אינסטנט בטעם ריבת חלב 80 גר,מיוצר עי קונדיטוריית,IL,פודינג ריבת חלב 84 גרם,גרמים,84.00,100 גרם,false,1,5.90,7.0238,true,1,55720
7290100681138,false,מארז אפרופו חטיף תירס 3 יחידות,"אסם תעשיות בע""מ",IL,אפרופו מאח.10 3*50גרם,גרמים,150.00,100 גרם,false,1,12.90,8.6000,true,1,22014
7290100681503,false,עסיס סירופ לימונענע דיאטטי 1 ליטר,בית-השיטה עסיס תעשיו,IL,עסיס לימונענע דיאט 12*1ליטר,ליטרים,1.00,ליטר,false,1,21.90,21.9000,true,1,23916
7290100683880,false,תבשילים משפחתיים פירה 260 גרם,"אסם השקעות בע""מ",IL,אסם פירה 6*260גרם,גרמים,260.00,100 גרם,false,1,15.20,5.8462,true,1,32360
7290100684139,false,פסטה אסם מיני מקרוני 500 גרם,פסטה זארה,IT,אסם מיני מקרוני 12*500גרם,גרמים,500.00,100 גרם,false,1,6.90,1.3800,true,1,31251
7290100685136,false,"מרק טעם עוף 1 ק""ג בשקית","אסם תעשיות בע""מ",IL,אסם מרק טעם עוף 8*1קג,קילוגרמים,1.00,"ק""ג",false,1,16.20,16.2000,true,1,34009
7290100685242,false,במבה מתוקה תות אדום סרט 30ג',"אסם תעשיות בע""מ",IL,במבה מתוקה מחומרים טבעיים סרט 6 8*30גרם,גרמים,30.00,100 גרם,false,1,3.00,10.0000,true,1,34514
7290100685334,false,מרק עוף אמיתי מרכיבים טבעיים 400 גרם,"אסם תעשיות בע""מ",IL,אסם מרק עוף רכיבים טבעיים בדצ6*400גרם,גרמים,400.00,100 גרם,false,1,27.90,6.9750,true,1,42283
7290100685341,false,מרק תיבול טעם עוף זך רכיבים טיבעיים 400,"אסם תעשיות בע""מ",IL,אסם מרק זך טעם עוף רכיבים טבעים 6*400ג,גרמים,400.00,100 גרם,false,1,19.90,4.9750,true,1,34988
7290100685563,false,פירורית זהב אסם מארז 200X2ג',לחמנו,IL,אסם פירורית זהב מאח.6 2*200גרם,גרמים,400.00,100 גרם,false,1,10.90,2.7250,true,1,33855
7290100685600,false,פירורית זהב אסם זהב חיטה מלאה 200ג',עינת תעשיות מזון אגו,IL,אסם פירורית זהב חיטה מלאה 12*200גרם,גרמים,200.00,100 גרם,false,1,7.50,3.7500,true,1,37673
7290100685938,false,עוגת הבית דבש ותפוח עץ עם פירורים 400 גר,"אסם תעשיות בע""מ",IL,הבית עוגת דבש ותפוח עץ 8*400גרם,גרמים,400.00,100 גרם,false,1,19.90,4.9750,true,1,34974
7290100686164,false,מארז מולטיפק ביסלי ברביקיו 6 יח 35 גר יח,מיוצר עי קונדיטוריית,IL,ביסלי ברביקיו מאח.8 6*35גרם,גרמים,210.00,100 גרם,false,1,14.90,7.0952,true,1,36793
7290100700020,false,סוגת גריסי פנינה 500גרם,האי נאם סי או אל.טי.,IL,גריסי פנינה 500 גרם,גרמים,500.00,100 גרם,false,1,5.90,1.1800,true,1,24144
7290100700242,false,"אורז מלא עגול סוגת 1 ק""ג","סוגת תעשיות בע""מ",IL,"אורז עגול מלא 1 ק""ג",קילוגרמים,1.00,"ק""ג",false,1,12.90,12.9000,true,1,78801
7290100700273,false,קינואה לבנה 500 ג סו,האי נאם סי או אל.טי.,IL,קינואה 500 גרם,גרמים,500.00,100 גרם,false,1,15.90,3.1800,true,1,59632
7290100700372,false,"סוגת אורז בסמטי מלא 1 ק""ג",האי נאם סי או אל.טי.,IL,אורז בסמטי מלא 1 קג,קילוגרמים,1.00,"ק""ג",false,1,16.90,16.9000,true,1,65653
7290100700396,false,"סוגת אורז יסמין קלאסי 1 ק""ג",האי נאם סי או אל.טי.,IL,אורז יסמין קלאסי,קילוגרמים,1.00,"ק""ג",false,1,13.90,13.9000,true,1,78314
7290100700587,false,"בורגול ""סוגת"" 500 גרם",האי נאם סי או אל.טי.,IL,בורגול 500 גרם,גרמים,500.00,100 גרם,false,1,5.90,1.1800,true,1,65808
7290100701331,false,קמח רב תכליתי שטיבל קמח חיטה לבן בהיר,"שטיבל בע""מ - טחנות ק",IL,קמח רב תכליתי +1,קילוגרמים,1.00,"ק""ג",false,1,7.90,7.9000,true,1,73842
7290100701874,false,"קמח כוסמין 1 ק""ג סוגת",טחנות קמח שטיבל באר,IL,קמח כוסמין מלא + 14,קילוגרמים,1.00,"ק""ג",false,1,17.90,17.9000,true,1,114330
7290100702253,true,שמרים יבשים בפחית סו,אייבי מאורי,IT,סוגת שמרים יבשים 100 גרם,גרמים,100.00,100 גרם,false,1,9.90,9.9000,true,1,123280
7290100702994,false,סוגת סוכר דמררה קלאסי בשקית 500 גרם,"סוגת תעשיות בע""מ",IL,סוכר דמררה 500 גרם,גרמים,500.00,100 גרם,false,1,6.90,1.3800,true,1,118563
7290100703007,false,עדשים שחורות בלוגה סוגת 500 גר',האי נאם סי או אל.טי.,IL,עדשים שחורות בלוגה,גרמים,500.00,100 גרם,false,1,8.90,1.7800,true,1,123277
7290100703861,false,"תערובת קמח קסם לחלה סוגת 1 ק""ג","שטיבל בע""מ",IL,"קמח קסם לחלה סוגת 1 ק""ג",קילוגרמים,1.00,"ק""ג",false,1,9.90,9.9000,true,1,123288
7290100704066,false,עדשים צהובות 500 ג' סוגת,האי נאם סי או אל.טי.,IL,עדשים צהובות 500 גרם,גרמים,500.00,100 גרם,false,1,8.90,1.7800,true,1,121461
7290100704141,false,סודה לשתייה 100 ג' סוגת,א.ל. ייצור ושיווק תב,IL,סודה לשתיה 100 גרם,גרמים,100.00,100 גרם,false,1,3.30,3.3000,true,1,122986
7290100704530,false,סוגת קמח כוסמין לבן ללא צורך בניפוי 1 קג,טחנות קמח שטיבל באר,IL,קמח כוסמין לבן ללא ניפוי,קילוגרמים,1.00,"ק""ג",false,1,16.90,16.9000,true,1,151937
7290100704660,false,קינואה מיקס 500 גרם סוגת,"סוגת תעשיות בע""מ",IL,קינואה מיקס סוגת 500גרם,גרמים,500.00,100 גרם,false,1,15.90,3.1800,true,1,151936
7290100822470,false,בסט מראת כיס,פארמה קאר,,בסט מראת כיס,Unknown,0.00,Unknown,false,1,10.90,0.0000,true,1,112024
7290100850909,false,דוריטוס נאצו מקסיקני 70 גרם,שטראוס פריטו ליי (מל,IL,דוריטוס נאצו 70 גרם,גרמים,70.00,100 גרם,false,1,3.90,5.5714,true,1,22397
7290100850916,false,דוריטוס חמוץ חריף מעודן 70 גרם כשר לפסח,"שטראוס פריטו ליי בע""",IL,דוריטוס חמוץ חריף 70 גר 48 יח,גרמים,70.00,100 גרם,false,1,3.90,5.5714,true,1,22398
7290100850923,false,חטיף דוריטוס גריל 70,שטראוס פריטו ליי (מל,IL,דוריטוס גריל 70 גר 48 יח,גרמים,70.00,100 גרם,false,1,3.90,5.5714,true,1,22399
7290100850930,false,חטיף דוריטוס טבעי 70,שטראוס פריטו ליי (מל,IL,דוריטוס טבעי 70 גר 48 יח,גרמים,70.00,100 גרם,false,1,3.90,5.5714,true,1,22400
7290100858592,false,אבקת קקאו עלית שקית 150 ג',הנסיך- מפעל לייצור ט,IL,שקית קקאו 150גרם/20שק/150גר,גרמים,150.00,100 גרם,false,1,11.80,7.8667,true,1,38972
7290100858608,false,אבקת קקאו עלית שקית 500 ג',שטראוס גרופ,IL,אבקת קקאו 500 גרם,גרמים,500.00,100 גרם,false,1,26.90,5.3800,true,1,38973
7290100921418,false,"הוואי - מרכך קרטין מחזק 700 מ""ל",תאי פרזידנט פוד פאבל,IL,הוואי מרכך קרטין מחזק לשיער עדין או חלש 700 מל,מיליליטרים,700.00,"100 מ""ל",false,1,12.90,1.8429,true,1,99276
7290100921593,false,מנקה אסלה סוד 4 כדוריות לאסלה לימון נתלה 50 ג',"הנקל סוד בע""מ",HU,כדוריות אסלה בריח לימון 50 גר,גרמים,50.00,100 גרם,false,1,7.90,15.8000,true,1,96979
7290100921616,false,סוד סבון לאסלה 4 כדוריות בניחוח אורנים 50 ג',הנקל סוד,HU,סוד מאת ברף סבון אסלה בניחוח אורנים 50 גרם,גרמים,50.00,100 גרם,false,1,7.90,15.8000,true,1,110344
7290100921623,false,מנקה אסלה סוד 4 כדוריות נתלה אקונומיקה נתלה 50 ג',"הנקל סוד בע""מ",HU,סוד מאת ברף כדוריות לאסלה אקונומיקה,גרמים,50.00,100 גרם,false,1,7.90,15.8000,true,1,96893
7290100924631,false,מרכך כביסה מרוכז לבגדי תינוקות ובעלי עור רגיש,"הנקל סוד בע""מ",IL,סוד מרוכז בייבי 900 מל,מיליליטרים,900.00,"100 מ""ל",false,1,11.90,1.3222,true,1,114823
7290100926147,false,אבקת כביסה פרסיל קולור שקית 2.5 קג,"הנקל סוד בע""מ",IL,פרסיל אבקה לכביסה צבעונית 2.5 קג,קילוגרמים,2.50,"ק""ג",false,1,29.90,11.9600,true,1,86162
7290101486688,false,פרי חטיפי בריאות חמישיה דגנים עם שוקולד,טבעית מוצרים מן הטבע,IL,FREEמאגדת חטיף דגנים עם שוקולד 100 גרם,גרמים,100.00,100 גרם,false,1,16.90,16.9000,true,1,43344
7290101488316,false,ליידי ספיד סטיק - דאודורנט סטיק לאישה ללא סימן ורוד סטיק 65 גרם,ליידי ספיד סטיק Lady Speed Stick,US,דאודורנט ליידי ספיד סטיק ללא סימן שאוור פרש 65 גרם,מיליליטרים,65.00,"100 מ""ל",false,1,19.90,30.6154,true,1,52531
7290101488323,false,ליידי ספיד סטיק - דאודורנט סטיק לאישה ללא סימן ירוק סטיק 65 גרם,ליידי ספיד סטיק Lady Speed Stick,US,דאודורנט ליידי ספיד סטיק ללא סימן פאודר פרש 65 גרם,גרמים,65.00,100 גרם,false,1,19.90,30.6154,true,1,52532
7290101500001,false,בייבי מיקס (נספק),חקלאי,IL,ביבי מיקס,גרמים,0.00,100 גרם,false,1,6.90,0.0000,true,1,51702
7290101500551,false,סלרי אמריקאי ארוז,חקלאי,IL,סלרי אמריקאי ארוז,לא מנהל יחידת מידה,0.00,לא מנהל יחידת מידה,false,1,5.90,0.0000,true,1,142448
7290101500568,false,שורש סלרי ארוז,חקלאי,IL,סלרי ראש ארוז,לא מנהל יחידת מידה,0.00,לא מנהל יחידת מידה,false,1,5.90,0.0000,true,1,142449
7290101500926,false,תרד ארוז רכות,יושלם,IL,תרד ארוז,Unknown,0.00,Unknown,false,1,12.90,0.0000,true,1,52181
7290101501138,false,כרובית ארוזה יחידה,אראל תוצרת חקלאית בע,IL,כרובית ארוזה יח,קילוגרמים,1.50,"ק""ג",false,1,13.90,9.2667,true,1,127740
7290101501176,false,פלפל פינקרבל,מ.ע יזמות,IL,פלפל פינקרבל,יחידה,1.00,יחידה,false,1,9.90,9.9000,true,1,112906
7290101501183,false,פלפל צילי חריף,חקלאי,IL,פלפל צילי,לא מנהל יחידת מידה,0.00,לא מנהל יחידת מידה,false,1,7.90,0.0000,true,1,137667
7290101501305,false,מלפפונים בייבי,חקלאי,IL,מלפפון טעם,גרמים,230.00,100 גרם,false,1,9.90,4.3043,true,1,136803
7290101501589,false,גינגר יחידה 200 גרם,יוליניבר,IL,גינגר,גרמים,200.00,100 גרם,false,1,10.90,5.4500,true,1,154821
7290101551027,false,קפסולות קפה אספרסו חזק במיוחד 14 עלית 10 יח',הנסיך- מפעל לייצור ט,IL,קפסולות קפה אספרסו 14,גרמים,50.00,100 גרם,false,1,16.90,33.8000,true,1,124092
7290101551263,false,סילאן טבעי ללא תוספת סוכר,מכוורת יד מרדכי,IL,סילאן טבעי יד מרדכי 700 גרם,גרמים,700.00,100 גרם,false,1,21.90,3.1286,true,1,123513
7290101551300,false,סילאן טבעי ללא תוספת סוכר בקבוק לחיץ,מכוורת יד מרדכי,IL,סילאן טבעי לחיץ 380 גרם,גרמים,380.00,100 גרם,false,1,16.90,4.4474,true,1,123512
7290101551362,true,פלפלים קלויים חריפים,מיוצר עי קונדיטוריית,IL,פלפלים חריפים 350 גרם,גרמים,350.00,100 גרם,false,1,16.90,4.8286,true,1,122349
7290101551539,true,דנונה פרו 20 גרם בטע,"שטראוס בריאות בע""מ",IL,דנונה פרו 20 גר אפרסק 0% שומן,גרמים,200.00,100 גרם,false,1,5.90,2.9500,true,1,122350
7290101551638,false,חטיף צ'יטוס כאפה בטעם קטשופ - מארז 10 יח',"שטראוס פריטו ליי בע""",IL,מ. ציטוס כאפה 10*20 גר 9 יח,גרמים,200.00,100 גרם,false,1,13.90,6.9500,true,1,122495
7290101861386,false,"נורופן לילדים בטעם תות 100 מ""ל",רקיט בנקיזר,,"נורופן לילדים תרחיף בטעם תות 100 מ""ל",ליטרים,100.00,ליטר,false,1,24.90,0.2490,true,1,85796
7290101864127,false,"ספריי להסרת כתמים 750 מ""ל וניש קליה",קליה וניש Kalia Vanish,IL,"ספריי מסיר כתמים וניש קליה 750 מ""ל",מיליליטרים,750.00,"100 מ""ל",false,1,17.90,2.3867,true,1,58106
7290101865261,false,"פיניש נוזל הברקה 800 מ""ל",רקיט בנקיזר,PL,"פיניש נוזל הברקה למדיח 800 מ""ל",מיליליטרים,800.00,"100 מ""ל",false,1,22.90,2.8625,true,1,91256
7290101866633,false,וניש קליה גל להסרת כתמים 3 ליטר אוקסיפרש,קליה וניש Kalia Vanish,IL,"ג""ל להסרת כתמים קליה וניש 3 ליטר",ליטרים,3.00,ליטר,false,1,26.90,8.9667,true,1,84722
7290101866787,false,מסיר כתמים ומלבין לכביסה לבנה 3 ל וניש קליה,קליה וניש Kalia Vanish,IL,"קליה וניש לכביסה לבנה ג""ל 3 לי",ליטרים,3.00,ליטר,false,1,26.90,8.9667,true,1,86551
7290101868156,false,סטרפסילס ללא סוכר תות,רקיט בנקיזר,,סטרפסילס תות ללא סוכר,לא מנהל יחידת מידה,0.00,לא מנהל יחידת מידה,false,1,37.40,0.0000,true,1,153643
7290101868446,false,נורופן ג'ל 16 כמוסות,רקיט בנקיזר,,נורופן גל 16 כמוסות A,Unknown,0.00,Unknown,false,1,31.50,0.0000,true,1,112946
7290101868507,false,נורופן לכאבי מחזור,רקיט בנקיזר,,נורופן כאבי מחזור,Unknown,0.00,Unknown,false,1,18.90,0.0000,true,1,112954
7290101869702,true,גל למדיח,רקיט בנקיזר,PL,"פיניש AIO ג""ל 600 מל",מיליליטרים,600.00,"100 מ""ל",false,1,29.90,4.9833,true,1,108816
7290101869719,false,ג'ל מרוכז למדיח פיניש all in one max בניחוח לימון,רקיט בנקיזר,IL,"פיניש AIO ג""ל 600 מל לימון",מיליליטרים,600.00,"100 מ""ל",false,1,29.90,4.9833,true,1,108356
7290101980919,false,שלישיית ביצי שוקולד פיניאס ופרב ***לא פעיל***,זאיני,,ביצי שוקולד מארז שלישייה 60 גרם,גרמים,60.00,100 גרם,false,1,12.90,21.5000,true,1,46817
7290101985433,false,הפתעות לימי הולדת,NOVELTY,,הפתעות לימי הולדת,Unknown,0.00,Unknown,false,1,6.70,0.0000,true,1,94922
7290101989073,false,ממתק גלי,יושלם,,ממתק גלי,לא מנהל יחידת מידה,0.00,לא מנהל יחידת מידה,false,1,9.80,0.0000,true,1,99812
7290101999638,false,נרות מטה כוכבים הלו,סודי,,נרות מטה כוכבים הלו קיטי,Unknown,0.00,Unknown,false,1,6.90,0.0000,true,1,105756
7290102030330,false,תפוציפס קראנצ מקסיקני 200 גרם,"שטראוס פריטו ליי בע""",IL,תפו קראנצ מקסיקני 200 גר 12 יח - שמיטה,גרמים,200.00,100 גרם,false,1,9.90,4.9500,true,1,42479
7290102060764,false,מרידול מברשת שיניים אריזת זוג,יבואן ומשווק: ש. שסט,CH,מרידול זוג מברשות שיניים עדין 2 יחידות,Unknown,0.00,Unknown,false,1,33.90,0.0000,true,1,47370
7290102300815,false,צדר אנגלי כתום פרוס 200 גרם,שבינגטון,GB,צדר כתום פרוס 200גרם,גרמים,200.00,100 גרם,false,1,29.90,14.9500,true,1,153650
7290102300822,false,גבינה צ'דר אנגלית כתומה 200 ג',דאולי צ'יסמייקרס,GB,גבינת צדר אנגלית כתומה 200 גרם נני,גרמים,200.00,100 גרם,false,1,24.90,12.4500,true,1,77909
7290102300853,false,גבינת צדר לבנה פרוסה,מיוצר עי קונדיטוריית,,"גבינת צ""דר לבן פרוס 200 גר נני",גרמים,200.00,100 גרם,false,1,32.90,16.4500,true,1,96710
7290102300860,false,גבינת צ'דר אנגלי לבן 35%,דאוליי צ'יסמייקרס,GB,גבינת צדר אנגלית 200 גרם נני,גרמים,200.00,100 גרם,false,1,24.90,12.4500,true,1,77910
7290102302246,false,גבינת גאודה הולנדית 200 גרם,מיוצר עי קונדיטוריית,NL,גבינת גאודה נני 200 גרם,גרמים,200.00,100 גרם,false,1,27.90,13.9500,true,1,117876
7290102302253,false,גבינה גאודה עיזים 20,מיוצר עי קונדיטוריית,NL,גבינת גאודה עיזים נני 200 גרם,גרמים,200.00,100 גרם,false,1,32.90,16.4500,true,1,117877
7290102302260,false,גבינת גרנה פדנו 200,הנסיך- מפעל לייצור ט,IT,גבינת גראנה פדנו 200 גרם,גרמים,200.00,100 גרם,false,1,32.90,16.4500,true,1,117870
7290102302666,false,גבינת טברנה בשמן זית,מיוצר עי קונדיטוריית,DK,הגבינות של נני גבינת טברנה בשמן 100 גרם,גרמים,100.00,100 גרם,false,1,13.90,13.9000,true,1,147064
7290102302833,false,גבינת גאודה הולנדית 150 גרם,קאסמאקרי הנרי ויליך,NL,גבינת גאודה פרוסה של נני 150 גרם,גרמים,150.00,100 גרם,false,1,21.90,14.6000,true,1,145204
7290102302840,false,גבינת גאודה עיזים פר,מיוצר עי קונדיטוריית,NL,גבינת גאודה עיזים פרוסה של נני 150 גרם,גרמים,150.00,100 גרם,false,1,31.90,21.2667,true,1,145205
7290102302864,false,גבינה הולנדית עם פסטו ירוק 34%,הנרי ויליך Henri Willig,NL,גאודה פסטו ירוק 200 גרם,גרמים,200.00,100 גרם,false,1,34.90,17.4500,true,1,145207
7290102302888,false,גבינת גאודה כמון 200 גרם,מיוצר עי קונדיטוריית,NL,גאודה כמון 200 גרם,גרמים,200.00,100 גרם,false,1,33.90,16.9500,true,1,145209
7290102302932,false,תחליף גבינה טבעונית,קריניציה ויטמינה אס,DE,גאיה גבינה טבעונית קלאסית בפרוסות 150 גרם,גרמים,150.00,100 גרם,false,1,22.90,15.2667,true,1,148475
7290102302949,false,גאיה בסגנון עזים בפר,קריניציה ויטמינה אס,DE,גאיה גבינה טבעונית בסגנון עיזים בפרוסות 150 גרם,גרמים,150.00,100 גרם,false,1,22.90,15.2667,true,1,148476
7290102302994,false,טבעונית בסגנון פטה ב,ZIEGLER,GR,גאיה גבינה טבעונית בסגנון פטה 200 גרם,גרמים,200.00,100 גרם,false,1,29.90,14.9500,true,1,148480
7290102303687,false,בולגרית הגבינות של,מיוצר עי קונדיטוריית,BG,הגבינות של נני גבינה בולגרית 20% שומן 250 גרם,גרמים,250.00,100 גרם,false,1,22.90,9.1600,true,1,147918
7290102303694,false,בולגרית עיזים הגבינו,MJ DIRY,BG,בולגרית עיזים הגבינות של נני 250גרם,גרמים,250.00,100 גרם,false,1,25.90,10.3600,true,1,147919
7290102303878,false,אלוויר חמאה נורמנדי 200 גר,אלוויר,FR,אלוויר חמאת נורמנדי 200 גרם,גרמים,200.00,100 גרם,false,1,16.90,8.4500,true,1,154784
7290102390427,false,יוגורט ביו עם קציפת תות 3% שומן 150 ג' מולר,מולר Muller,IL,יוגורט מולר פרופ תות 150 גרם,גרמים,150.00,100 גרם,false,1,5.50,3.6667,true,1,47056
7290102390465,false,יוגורט ביו עם קציפת אפרסק ופסיפלורה 3% שומן 150 ג' מולר,מולר Muller,IL,יוגורט מולר פרופ אפרסק פסיפלורה 150 גרם,גרמים,150.00,100 גרם,false,1,5.50,3.6667,true,1,47059
7290102390489,false,יוגורט ביו עם קציפת לימון 3% שומן 150 ג' מולר,מולר Muller,IL,יוגורט מולר פרופ לימון 150 גרם,גרמים,150.00,100 גרם,false,1,5.50,3.6667,true,1,47061
7290102391844,false,יוגורט ביו עם קציפת פירות יער3% שומן 150 ג' מולר,מולר Muller,IL,יוגורט מולר פרופ פירות יער 150 גרם,גרמים,150.00,100 גרם,false,1,5.50,3.6667,true,1,49544
7290102392094,false,חלב עיזים 4.1% צוריאל 1 ל' קרטון,מילקו תעשיות בעמ,IL,חלב עיזים בקרטון 1 ליטר,ליטרים,1.00,ליטר,false,1,17.90,17.9000,true,1,53969
7290102393039,false,מולר מיקס יוגורט קרמי בתוספת פצפוצי שוקולד 170 ג',מולר Muller,IL,יוגורט מולר מיקס פצפוצי שוקולד 170 גרם,גרמים,170.00,100 גרם,false,1,6.50,3.8235,true,1,64041
7290102393169,false,סימפלי פרוט יוגורט תות 3% שומן 150 ג' מולר,מולר Muller,IL,מולר יוגורט ביו עם תות שדה 3% שומן 150 גרם,גרמים,150.00,100 גרם,false,1,5.50,3.6667,true,1,70485
7290102393190,false,סימפלי פרוט פירות היער 3% שומן 150 ג' מולר,מילקו תעשיות בעמ,IL,Muller Simply fruit יוגורט BIO פירות יער,גרמים,150.00,100 גרם,false,1,5.50,3.6667,true,1,70488
7290102393299,false,יוגורט עיזים לשתייה 3% שומן 500 ג' צוריאל,מיוצר עי קוד יצרן HG,IL,יוגורט עיזים לשתייה 3% שומן - 500 גרם,מיליליטרים,500.00,"100 מ""ל",false,1,13.90,2.7800,true,1,67481
7290102393947,false,סימפלי פרוט יוגורט בטעם קיווי 3% שומן 150 ג' מולר,מילקו תעשיות בעמ,IL,יוגורט מולר סימפלי פרוט קיווי 3% 150 גרם,גרמים,150.00,100 גרם,false,1,5.50,3.6667,true,1,83807
7290102394814,false,חמאה רגילה 200 גרם,טרה,,חמאה טרה 200 גרם,גרמים,200.00,100 גרם,false,1,8.80,4.4000,true,1,81431
7290102395262,false,מארז 8 גביעים יוגורט בטעם תות שדה ואפרסק 3% Simply Fruit,מולר Muller,IL,מארז 1\8 סימפלי פרוט תות אפרסק,קילוגרמים,1.20,"ק""ג",false,1,32.90,27.4167,true,1,91104
7290102395439,false,מארז 8 גביעים יוגורט בטעם פירות יער וקיווי 3% Simply Fruit,מילקו תעשיות בעמ,IL,מארז 1\8 סימפלי פרוט יער וקיוי,קילוגרמים,1.20,"ק""ג",false,1,32.90,27.4167,true,1,91105
7290102395446,false,מעדן חלב בטעם וניל עם קצפת 123 ג' טרה,טרה,IL,מעדן בטעם וניל קצפת,גרמים,123.00,100 גרם,false,1,3.30,2.6829,true,1,90495
7290102395477,false,מעדן חלב בטעם שוקולד עם קצפת 123 ג' טרה,טרה,IL,מעדן בטעם שוקולד קצפת,גרמים,123.00,100 גרם,false,1,3.30,2.6829,true,1,90498
7290102396580,false,מעדן שוקולד ומוס שוקולד 123 ג' טרה,טרה,IL,מעדן חלב ומוס בטעם שוקולד 118 גרם,גרמים,123.00,100 גרם,false,1,3.30,2.6829,true,1,101687
7290102397600,false,מיקס יוגורט בתוספת שקדים ובוטנים מקורמלים 170 ג' מולר,מילקו תעשייה בעמ,IL,Muller mix שקדים ובוטנים בקרמל,גרמים,168.00,100 גרם,false,1,6.50,3.8690,true,1,113585
7290102397747,false,פרוסות גבינת מוצרלה נעם מחלב בקר 22%,טרה,IL,"מוצרלה נעם 22% שומן, 200 גרם",גרמים,200.00,100 גרם,false,1,20.90,10.4500,true,1,117922
7290102397891,false,גבינת מותכת 18% צוריאל 100ג',משק צוריאל,IL,גבינה מותכת 100 גרם צוריאל,גרמים,100.00,100 גרם,false,1,7.90,7.9000,true,1,115262
7290102398058,false,חלב 3% שקית מהדרין פ,טרה,IL,חלב שקית 3%-1 ליטר מהדרין,ליטרים,1.00,ליטר,false,1,5.43,5.4300,true,1,117444
7290102398072,false,**חלב בקרטון 1 ליטר 3% מהדרין,טרה,IL,חלב בקרטון 1 ליטר 3% שומן,ליטרים,1.00,ליטר,false,1,6.23,6.2300,true,1,116573
7290102398294,false,מעדן מולר פרוופ מנגו,טרה,IL,מנגו 0.9% 150 גרם Muller Froop,גרמים,150.00,100 גרם,false,1,5.50,3.6667,true,1,117895
7290102398331,false,חלב דל לקטוז 2% מועשר בויטמין D,טרה,IL,"טרה חלב מועשר דל לקטוז 2% שומן, 1 ליטר",ליטרים,1.00,ליטר,false,1,5.70,5.7000,true,1,117924
7290102398782,false,משקה סויה קלאסי משק צוריאל 1 ליטר,מחלבת משק צוריאל,IT,משקה סויה קלאסי משק צוריאל,ליטרים,1.00,ליטר,false,1,12.50,12.5000,true,1,144595
7290102398799,false,משקה סויה במתיקות מופחתת 1 ליטר משק צוריאל,מחלבת משק צוריאל,IT,משקה סויה במתיקות מופחתת,ליטרים,1.00,ליטר,false,1,12.50,12.5000,true,1,144597
7290102399635,false,"מולר פרופ יוגורט ביו עם קציפת קוקוס ואננס 150 מ""ל",מולר Muller,IL,מולר פרופ TROPICAL קוקוס ואננס 3.9% שומן,גרמים,150.00,100 גרם,false,1,5.50,3.6667,true,1,145552
7290102399772,false,ממרח חמאת מולר ושמן לפתית במליחות עדינה,Molkerei Weihensteph,DE,ממרח חמאת Muller במליחות עדינה 250 גרם,גרמים,250.00,100 גרם,false,1,16.50,6.6000,true,1,147961
7290102399789,false,ממרח חמאת מולר ושמן לפתית ללא תוספת מלח,Molkerei Weihensteph,DE,ממרח חמאת Muller ללא מלח 250 גרם,גרמים,250.00,100 גרם,false,1,16.50,6.6000,true,1,147962
7290102399819,false,יוגורט עם פירות יער מולר אקטיב מועשר בחלבון 200 גר',מולר Muller,IL,Muller Active יוגורט פירות יער מועשר חלבון 20 גרם,גרמים,200.00,100 גרם,false,1,6.50,3.2500,true,1,145550
7290103120658,false,דאודורנט סטיק ג'ל לגבר Cool Night 24/7,הנסיך- מפעל לייצור ט,US,"ספיד סטיק 24/7 ג""ל שחור 85 גרם",גרמים,85.00,100 גרם,false,1,21.90,25.7647,true,1,53250
7290103124588,false,"פלמוליב סבון נוזלי סגול משאבה 750 מ""ל",הנסיך- מפעל לייצור ט,TR,"פלמוליב סבון נוזלי סגול משאבה 750 מ""ל",מיליליטרים,750.00,"100 מ""ל",false,1,21.90,2.9200,true,1,104326
7290103124601,false,"תחליב רחצה נוזל חלב ודבש משאבה 750מ""ל פלמוליב",הנסיך- מפעל לייצור ט,TR,"פלמוליב סבון נוזלי חלב ודבש 750 מ""ל",מיליליטרים,750.00,"100 מ""ל",false,1,21.90,2.9200,true,1,98602
7290103126797,false,משחת שיניים סנסיטיב פרו רליף Sensitive Pro - Reliefe,הנסיך- מפעל לייצור ט,BR,משחת שיניים סנסטיב פרו ריליף קולגייט 75 מל,מיליליטרים,75.00,"100 מ""ל",false,1,25.90,34.5333,true,1,72278
7290103128739,false,בלונס צימרוני אוזניים לתינוק 50 יח',הנסיך- מפעל לייצור ט,GR,בייבי בלונס מקלוני כותנה לתינוק 50 יח',מיליליטרים,0.00,"100 מ""ל",false,1,6.80,0.0000,true,1,88013
7290103129378,false,ספיד סטיק - דאודורנט ג'ל לגבר איקס 5 85 גרם,הנסיך- מפעל לייצור ט,US,דאודורנט גל ספיד סטיק X5 85 גרם,גרמים,0.00,100 גרם,false,1,21.90,0.0000,true,1,89141
7290103129392,false,ליידי ספיד סטיק פרש אינפיוזן ורוד,ליידי ספיד סטיק Lady Speed Stick,US,ליידי ספיד סטיק פרש אינפיוזן 65 גר,גרמים,65.00,100 גרם,false,1,19.90,30.6154,true,1,92750
7290103129637,false,בלונס פדים אובאליים להסרת איפור 40 יח,הנסיך- מפעל לייצור ט,GR,בלונס פדים אובליים להסרת איפור 40 יחידות,מיליליטרים,0.00,"100 מ""ל",false,1,8.90,0.0000,true,1,93503
7290103401429,false,קפה קצב ברזילאי אוריגינס 200 גר,הנסיך- מפעל לייצור ט,IL,פלטינום ברזילאי 200 גרם,גרמים,200.00,100 גרם,false,1,27.90,13.9500,true,1,56653
7290103404758,false,כרוב אדום במיונז אחל,מיוצר עי קונדיטוריית,IL,כרוב 120,גרמים,120.00,100 גרם,false,1,5.50,4.5833,true,1,54625
7290103408206,false,עלי חסה בקופסא 250 גרם ירקות שטראוס,שטראוס בריאות ירקות,IL,עלי חסה בקופסא250 גר שטופים שטראוס,גרמים,250.00,100 גרם,false,1,10.90,4.3600,true,1,63071
7290103681180,false,"יין הר מרלו מיתוג תנשמת 750 מ""ל",מיוצר על ידי יקב תבו,IL,הר מרלו 750 מל,מיליליטרים,750.00,"100 מ""ל",false,1,46.90,6.2533,true,1,123753
7290103681197,false,"יין הר שיראז מיתוג תנשמת 750 מ""ל",מיוצר על ידי יקב תבו,IL,"יין שיראז  750 מ""ל סדרת הר",מיליליטרים,750.00,"100 מ""ל",false,1,46.90,6.2533,true,1,123752
7290103681227,false,"יין הר גוורצטרמינר מיתוג תנשמת 750 מ""ל",מיוצר על ידי יקב תבו,IL,"יין גוורצטרמינר חצי מתוק 750 מ""ל סדרת הר",מיליליטרים,750.00,"100 מ""ל",false,1,46.90,6.2533,true,1,123755
7290103681241,false,"יין הר מוסקטו מיתוג תנשמת 750 מ""ל",תבור TABOR,IL,"תבור הר מוסקטו 750 מ""ל",מיליליטרים,750.00,"100 מ""ל",false,1,46.90,6.2533,true,1,126181
7290103681364,false,תבור אדמה קברנה טרה רוסה,מיוצר על ידי יקב תבו,IL,תבור קברנה סוביניון 750 מל,מיליליטרים,750.00,"100 מ""ל",false,1,59.90,7.9867,true,1,123749
7290103681371,false,יין תבור מרלו 750 מל,מיוצר על ידי יקב תבו,IL,תבור מרלו 750 מל,מיליליטרים,750.00,"100 מ""ל",false,1,59.90,7.9867,true,1,123750
7290103700379,false,טאצ' כריות קרצוף שלישיה,"שניב תעשיות נייר בע""",,כריות ענקיות לניקוי כלים 3 יח,יחידה,1.00,יחידה,false,1,8.90,8.9000,true,1,104027
7290103702311,false,טאצ' ממחטות כיס עשירייה מנטול,"שניב תעשיות נייר בע""",,ממחטות טישיו כיס טאצ מנטול,לא מנהל יחידת מידה,0.00,לא מנהל יחידת מידה,false,1,6.90,0.0000,true,1,110145
7290103703226,false,טאצ מטליות לחות לניקוי כללי,,,מטליות לחות לניקוי כ,לא מנהל יחידת מידה,0.00,לא מנהל יחידת מידה,false,1,8.90,0.0000,true,1,122031
7290104061417,false,חומוס טחינה אחלה 400 ג',"שטראוס גרופ בע""מ",IL,סלט חומוס וטחינה 400 גרם,גרמים,400.00,100 גרם,false,1,12.20,3.0500,true,1,60131
7290104061424,false,חומוס אחלה עם זעתר 400 ג',מיוצר עי קונדיטוריית,IL,חומוס בתוספת זעתר 400 גרם,גרמים,400.00,100 גרם,false,1,12.20,3.0500,true,1,60132
7290104061431,false,חומוס אחלה עם צנובר 400 ג',"שטראוס גרופ בע""מ",IL,סלט חומוס וצנובר 400 גרם,גרמים,400.00,100 גרם,false,1,12.20,3.0500,true,1,60133
7290104061448,false,חומוס עם חריף 400 ג' אחלה,מיוצר עי קונדיטוריית,IL,חומוס חריף 400 גרם,גרמים,400.00,100 גרם,false,1,12.20,3.0500,true,1,60134
7290104065934,false,עלי רוקט 150 גרם שטראוס,שטראוס בריאות ירקות,IL,עלי רוקט 150 גרם שטופים שטראוס,גרמים,150.00,100 גרם,false,1,10.90,7.2667,true,1,64975
7290104067679,false,סלט טחינה אחלה 400גר,מיוצר עי קונדיטוריית,IL,טחינה 400,גרמים,400.00,100 גרם,false,1,10.90,2.7250,true,1,111113
7290104067693,false,אחלה חומוס עם חריף 150 גרם,מיוצר עי קונדיטוריית,IL,חומוס עם חריף 150 גרם,גרמים,150.00,100 גרם,false,1,5.90,3.9333,true,1,111329
7290104260940,false,שלישיית כובעי ניילון,,,שלישיית כובעי ניילון,יחידה,1.00,יחידה,false,1,14.90,14.9000,true,1,152258
7290104501661,false,פודינג אינסטנט בטעם וניל צרפתי 80 גר,מיוצר עי קונדיטוריית,IL,אסם פודינג בטעם וניל צרפתי 12*80גרם,גרמים,80.00,100 גרם,false,1,5.90,7.3750,true,1,69903
7290104508943,false,במבה אריזת חסכון 200 גרם,"אסם תעשיות בע""מ",IL,במבה קלאסי 200 גרם,גרמים,200.00,100 גרם,false,1,9.90,4.9500,true,1,86316
7290104721533,false,רצועות פלפלים קלויים אחלה 400 ג',מיוצר עי קונדיטוריית,IL,פלפלים קלויים 400 גרם,גרמים,400.00,100 גרם,false,1,16.90,4.2250,true,1,71639
7290104721953,false,לקט מסולסלים 350 גר ירקות שטראוס,תות תעשיות מזון (201,IL,לקט מסולסלים 350 גרם,גרמים,350.00,100 גרם,false,1,14.90,4.2571,true,1,68068
7290104722530,false,תפוצ'יפס שמנת בצל 200 גרם,"שטראוס פריטו ליי בע""",IL,תפו שמנת בצל 200 גר 12 יח - שמיטה,גרמים,200.00,100 גרם,false,1,9.90,4.9500,true,1,68508
7290104726712,false,מארז 8 יחידות מעדן מילקי בטעם שוקולד עם קצפת,"שטראוס גרופ בע""מ",IL,מארז 8 מילקי בטעם שוקולד,קילוגרמים,1.06,"ק""ג",false,1,22.90,21.6038,true,1,76753
7290104728310,false,"שמנת עמידה לקצפת 38% שומן 250 מ""ל יוטבתה",שטראוס גרופ,IL,שמנת להקצפה 38% מהדרין,מיליליטרים,250.00,"100 מ""ל",false,1,6.47,2.5880,true,1,76309
7290104729003,false,"יד מרדכי - שמן זית כתית מעולה 2 קלאסי 750 מ""ל",מכוורת יד מרדכי שטרא,IL,שמן זית כתית מעולה יד מרדכי,מיליליטרים,750.00,"100 מ""ל",false,1,34.90,4.6533,true,1,122666
7290104960970,false,דאודורנט ספריי טיטניום מטאל Titanium Metal,אמיליה קוסמטיקס בעמ,IL,"טיטניום דאודורנט ספריי מטאל 180 מ""ל",מיליליטרים,180.00,"100 מ""ל",false,1,18.90,10.5000,true,1,75560
7290104961205,false,"נקה 7 תחליב רחצה מגע קטיפה מ""לפפון קיווי 750 מ""ל","אמיליה קוסמטיקס בע""מ",IL,"נקה 7 תחליב רחצה מלפפון וליים 750 מ""ל",מיליליטרים,750.00,"100 מ""ל",false,1,11.90,1.5867,true,1,86873
7290104961250,false,"נקה 7 תחליב רחצה מגע קטיפה וניל מאסק 750 מ""ל","אמיליה קוסמטיקס בע""מ",IL,"נקה 7 תחליב רחצה וניל ומאסק 750 מ""ל",מיליליטרים,750.00,"100 מ""ל",false,1,11.90,1.5867,true,1,86876
7290104961403,false,"סקינגארד - קרם הגנה לפנים לילדים 60 מ""ל SPF50",אמיליה קוסמטיקס,,קרם פנים ילדים SPF 50 סקין גארד,מיליליטרים,60.00,"100 מ""ל",false,1,39.90,66.5000,true,1,81432
7290104961489,false,"סקינגארד - ספריי תחליב לילדים 300 מ""ל SPF50",מיוצר עי : אמיליה קו,IL,"סקין גארד ספריי תחליב לילדים 300 SPF50 מ""ל",מיליליטרים,300.00,"100 מ""ל",false,1,44.90,14.9667,true,1,145489
7290104962073,false,דאודורנט ספריי גוף טיטניום גולד Titanium Gold,"אמיליה קוסמטיקס בע""מ",IL,"טיטניום דאודורנט ספריי גולד 180 מ""ל",מיליליטרים,180.00,"100 מ""ל",false,1,18.90,10.5000,true,1,96446
7290104962745,false,"סקינגארד - ספריי שקוף לעור בהיר מאוד 300 מ""ל SPF30",מיוצר עי : אמיליה קו,IL,"סקין גארד ספריי שקוף SPF30 300 מ""ל",מיליליטרים,300.00,"100 מ""ל",false,1,39.90,13.3000,true,1,105253
7290104963001,true,סופטקר מגבונים עדין,מיוצר עי טרופיקל דגי,IL,"סופט קייר מגבונים לחים בניחוח עדין, 4 יחידות במארז",יחידה,1.00,יחידה,false,1,19.90,19.9000,true,1,113500
7290104963018,true,סופטקר מגבונים ללא ב,מיוצר עי טרופיקל דגי,IL,סופטקר מגבונים לחים ללא בישום,Unknown,0.00,Unknown,false,1,19.90,0.0000,true,1,113501
7290104963971,false,"סקינגארד - ספריי שקוף לעור בהיר מאוד 300 מ""ל SPF50",מיוצר עי : אמיליה קו,IL,"סקין גארד ספריי שקוף SPF50 300 מ""ל",מיליליטרים,300.00,"100 מ""ל",false,1,44.90,14.9667,true,1,119072
7290104964008,false,"סקינגארד - ספריי תחליב הגנה מהשמש לילדים 300 מ""ל SPF30",מיוצר עי : אמיליה קו,IL,"סקין גארד ספריי תחליב ילדים משפחתי SPF30 -300 מ""ל",מיליליטרים,300.00,"100 מ""ל",false,1,39.90,13.3000,true,1,115272
7290104964022,false,"סקינגארד - ספריי שקוף לילדים לעור רטוב 300 מ""ל SPF50","אמיליה קוסמטיקס בע""מ",IL,סקין גארד בוב ספוג 300מל,מיליליטרים,300.00,"100 מ""ל",false,1,44.90,14.9667,true,1,114470
7290104964664,false,"סקינגארד - ספריי שקוף בניחוח קוקוס ליים 200 מ""ל SPF30",מולינו ניקולי s.p.a,IL,סקינגארד ניחוח קוקוס 30SPF,מיליליטרים,200.00,"100 מ""ל",false,1,35.90,17.9500,true,1,124376
7290104964671,false,"סקינגארד - ספריי שקוף בניחוח אננס ליצ'י 200 מ""ל SPF30",מולינו ניקולי s.p.a,IL,סקינגארד ניחוח אננס 30SPF,מיליליטרים,200.00,"100 מ""ל",false,1,35.90,17.9500,true,1,124377
7290104964701,false,קרם הגנה לגולשים SPF 50 עמיד במים לאורך זמן,מולינו ניקולי s.p.a,IL,סקין גארד קרם הגנה לגולשים SPF50,מיליליטרים,60.00,"100 מ""ל",false,1,39.90,66.5000,true,1,124374
7290104964718,false,"סקינגארד - ספריי שקוף לעור רטוב 300 מ""ל SPF50",מולינו ניקולי s.p.a,IL,סקינגארד וויט סקין 50SPF,מיליליטרים,300.00,"100 מ""ל",false,1,44.90,14.9667,true,1,124375
7290104965647,false,קרליין דאו רול און נושם סוויט קיס לנערות,"אמיליה קוסמטיקס בע""מ",IL,דאודורנט רול און בנות קרליין SWEET KISS,מיליליטרים,75.00,"100 מ""ל",false,1,13.90,18.5333,true,1,150655
7290105360250,false,קפסולות 09 עשיר וארומטי למכונת נספרסו עלית 10יח',הנסיך- מפעל לייצור ט,IL,קפסולות 09 למכונות NESPRESSO,גרמים,50.00,100 גרם,false,1,16.90,33.8000,true,1,91333
7290105360328,false,קפסולות אספרסו חזק למכונות נספרסו 10 יח',הנסיך- מפעל לייצור ט,IL,קפסולות 10 למכונות NESPRESSO,גרמים,50.00,100 גרם,false,1,16.90,33.8000,true,1,91364
7290105360335,false,קפסולות אספרסו למכונות נספרסו 50 גר,הנסיך- מפעל לייצור ט,IL,קפסולות 07 למכונות NESPRESSO,גרמים,50.00,100 גרם,false,1,16.90,33.8000,true,1,91365
7290105360878,false,תפוציפס טבעי 50 גרם מארז רביעייה,"שטראוס פריטו ליי בע""",IL,מארז תפוציפס 50*4 גרם,גרמים,200.00,100 גרם,false,1,12.90,6.4500,true,1,102390
7290105362339,false,"שמנת לבישול 15% 250 מ""ל יטבתה מהדרין",שטראוס גרופ,IL,"שמנת לבישול 15% מהדרין 250 מ""ל",מיליליטרים,250.00,"100 מ""ל",false,1,8.60,3.4400,true,1,76922
7290105363602,false,כיף כף - מקלות קלאסי 40 גרם,"איי, בי, אינבוו",TR,כיף כף מקלות קלאסי,גרמים,40.00,100 גרם,false,1,5.90,14.7500,true,1,89402
7290105364289,false,כיף כף - מקלות פצפוצים 40 גרם,"איי, בי, אינבוו",TR,כיף כף מקלות פצפוצים,גרמים,40.00,100 גרם,false,1,5.90,14.7500,true,1,89403
7290105364302,false,"עלית חטיף שוקולד כיף כף מקלות אגוזים, 40 גרם","איי, בי, אינבוו",TR,כיף כף מקלות אגוזים,גרמים,40.00,100 גרם,false,1,5.90,14.7500,true,1,89404
7290105366023,false,חציל אחלה בטעם כבד 400 גר' אחלה,מיוצר עי קונדיטוריית,IL,חציל בטעם כבד 400 גרם,גרמים,400.00,100 גרם,false,1,15.90,3.9750,true,1,75938
7290105366047,false,טחינה אחלה לבנה 400 גר',מיוצר עי קונדיטוריית,IL,טחינה לבנה 400 גר,גרמים,400.00,100 גרם,false,1,16.90,4.2250,true,1,75939
7290105366993,false,גבינה לבנה סימפוניה עם תוספות 200 ג' פלפל שיפקה,"שטראוס בריאות בע""מ",IL,סימפוניה פילפל שיפקה חריף,גרמים,200.00,100 גרם,false,1,11.90,5.9500,true,1,96930
7290105368904,false,"שמנת מתוקה להקצפה 32% שומן 250 מ""ל יוטבתה",שטראוס גרופ,IL,שמנת מתוקה להקצפה 32% מהדרין-ח,מיליליטרים,250.00,"100 מ""ל",false,1,7.80,3.1200,true,1,88135
7290105368959,false,פונץ בננה יוטבתה פקק,מחלבת יטבתה,IL,"פונץ' בננה פקק 250 מ""ל",מיליליטרים,250.00,"100 מ""ל",false,1,5.50,2.2000,true,1,76923
7290105369130,false,סימפוניה גבינה במרקם שמנת בצל ירוק 5%,"שטראוס בריאות בע""מ",IL,סימפוניה בצל ירוק 2022,גרמים,200.00,100 גרם,false,1,11.90,5.9500,true,1,90501
7290105430441,false,פלמוליב ס.נוזלי סחלב שחור 750 מל משאבה,הנסיך- מפעל לייצור ט,TR,palmolive naturals תחליב רחצה סחלב שחור 750 מל,מיליליטרים,750.00,"100 מ""ל",false,1,21.90,2.9200,true,1,91833
7290105430458,false,"פלמוליב - תחליב רחצה נטורלס שקדים 750 מ""ל",הנסיך- מפעל לייצור ט,TR,"פלמוליב נטורלס תחליב רחצה חלב שקדים, 750 מל",מיליליטרים,750.00,"100 מ""ל",false,1,21.90,2.9200,true,1,91834
7290105431516,false,פרי חטיף תמרים ובוטנים ללא סוכר חמישיה,טבעית מוצרים מן הטבע,IL,"FREE חטיף תמרים ובוטנים, 5 חטיפים, 125 גרם",גרמים,125.00,100 גרם,false,1,16.90,13.5200,true,1,91836
7290105431868,false,"פלמוליב ספא קוקוס גרגרים נוזלי 500 מ""ל",הנסיך- מפעל לייצור ט,TR,500 מל סבון נוזלי פלמוליב חלב קוקוס,מיליליטרים,500.00,"100 מ""ל",false,1,19.90,3.9800,true,1,96898
7290105433985,false,דאודורנט ספריי בריח פריחת הדובדבן 48h Fresh&essence,ליידי ספיד סטיק Lady Speed Stick,US,ליידיפרש אסנס סטיק דובדובן 65 גר,גרמים,65.00,100 גרם,false,1,19.90,30.6154,true,1,98878
7290105434029,false,"ספיד סטיק - דאודורנט ספריי לגבר נוטרו פאואר 150 מ""ל",הנסיך- מפעל לייצור ט,RU,ספיד סטיק דאודורנט ספריי נוטרו פאוור,מיליליטרים,150.00,"100 מ""ל",false,1,24.70,16.4667,true,1,104040
7290105434050,true,ספיד סטיק ירוק רגולר,הנסיך- מפעל לייצור ט,US,דאודורנט ספיד סטיק רגולר 85 גרם,Unknown,0.00,Unknown,false,1,31.90,0.0000,true,1,133455
7290105434067,true,ספיד סטיק כחול אושיי,הנסיך- מפעל לייצור ט,US,דאודורנט ספיד סטיק אושן סרף 85 גרם,Unknown,0.00,Unknown,false,1,31.90,0.0000,true,1,133456
7290105436382,false,חטיף מארז פרי אנרגיה תמרים עם קשיו 125,טבעית מוצרים מן הטבע,IL,מאגדת חטיף תמרים קשיו,גרמים,125.00,100 גרם,false,1,16.90,13.5200,true,1,102190
7290105438539,true,קוקי נייר אפיה 40 יח,אופל אריזות אלומיניו,IL,קוקי נייר אפייה 40 יחידות,Unknown,0.00,Unknown,false,1,8.90,0.0000,true,1,133458
7290105439581,false,מנה מאסטר שף חרדל דיזיון צרפתי 370 גר,סאס קווינור,FR,חרדל דיזיון צרפתי מאסטר שף 370 גרם,גרמים,370.00,100 גרם,false,1,11.90,3.2162,true,1,112368
7290105500151,false,וודקה פינלנדיה בקבוק,"אלטיה קורפ, הלסינקי,",FI,"פינלנדיה 700 מ""ל",מיליליטרים,700.00,"100 מ""ל",false,1,74.90,10.7000,true,1,81384
7290105500236,false,וויסקי ג'ק דניאלס מס' 7 Brand No,ג'ק דניאלס Jack Daniel's,US,טנסי וויסקי,מיליליטרים,700.00,"100 מ""ל",false,1,124.90,17.8429,true,1,101021
7290105500953,false,"וויסקי ג'ק דניאלס דבש 700 מ""ל",ג'ק דניאל'ס,BE,ליקר טנסי דבש על בסיס ג'ק דניאל'ס,מיליליטרים,700.00,"100 מ""ל",false,1,124.90,17.8429,true,1,101022
7290105501547,false,מארז גריי גוס 700 פלוס כוס,בקרדי מרטיני,FR,מארז גריי גוס 700 פלוס כוס,מיליליטרים,700.00,"100 מ""ל",false,1,139.90,19.9857,true,1,153259
7290105691224,false,פריכונים חטיפי טורטיה שום בצל 60 ג' אוסם,"מיוצר ע""י PT, משווק",IL,אסם חטיפי פריכונים טורטיה שום בצל 12*60ג,גרמים,60.00,100 גרם,false,1,7.90,13.1667,true,1,81552
7290105691248,false,פריכונים חטיפי טורטיה תירס 60 ג' אוסם,"מיוצר ע""י PT, משווק",IL,אסם חטיפי פריכונים טורטיה תירס 12*60גרם,גרמים,60.00,100 גרם,false,1,7.90,13.1667,true,1,81553
7290105691712,false,עוגיות הפסקת קפה חיטה מלאה אסם 230 גר',היינץ צפון אמריקה מק,IL,עוגיות הפסקת קפה דגנים מלאים 2,גרמים,230.00,100 גרם,false,1,11.90,5.1739,true,1,77219
7290105691934,false,"קמח שמרים 1ק""ג אוסם",תאי פרזידנט פוד פאבל,IL,"קמח שמרים 1 ק""ג אסם",קילוגרמים,1.00,"ק""ג",false,1,10.80,10.8000,true,1,88948
7290105693341,false,במבה מארז 10 יח' * 25 ג' אסם,"אסם תעשיות בע""מ",IL,מארז במבה 25*10 גרם,גרמים,250.00,100 גרם,false,1,15.90,6.3600,true,1,97153
7290105693457,false,עוגת הבית דמקה שוקו וניל 320 ג' אסם,מיוצר עי קונדיטוריית,IL,הבית עוגת דמקה שוקו וניל 8*320גרם,גרמים,320.00,100 גרם,false,1,15.90,4.9688,true,1,81824
7290105693952,false,פירורית זהב אסם זהב שומשום 200 ג',מיוצר עי קונדיטוריית,IL,פירורית זהב שומשום 200 גרם,גרמים,200.00,100 גרם,false,1,6.90,3.4500,true,1,81435
7290105695024,false,אסם פתיתים אפויים אורז עם איטריות 500 גר,"אסם תעשיות בע""מ",IL,אסם פתיתים אפויים אורז עם אטריות 12*500ג,גרמים,500.00,100 גרם,false,1,6.90,1.3800,true,1,89518
7290105695895,false,עוגת הבית דמקה דבש 320 גרם,"אסם תעשיות בע""מ",IL,הבית עוגת דמקה דבש 8*320גרם,גרמים,320.00,100 גרם,false,1,14.90,4.6563,true,1,81123
7290105962980,false,כרוב אדום במיונז 400 ג' אחלה,מיוצר עי קונדיטוריית,IL,כרוב אדום 400,גרמים,400.00,100 גרם,false,1,10.90,2.7250,true,1,111112
7290105962997,false,חצילים אחלה במיונז 400 גר',"שטראוס גרופ בע""מ",IL,חציל במיונז 400 גרם,גרמים,400.00,100 גרם,false,1,10.90,2.7250,true,1,111111
7290105963000,false,סלט מטבוחה אחלה 400ג,מיוצר עי קונדיטוריית,IL,מטבוחה 400,גרמים,400.00,100 גרם,false,1,10.90,2.7250,true,1,111107
7290105963864,false,חזרת אחלה 220 גרם,"שטראוס גרופ בע""מ",IL,חזרת אחלה 220 גרם,גרמים,220.00,100 גרם,false,1,12.90,5.8636,true,1,88105
7290105965738,false,יוגורט לשתיה בטעם תות בננה267 ג' דנונה,מיוצר עי קונדיטוריית,IL,"משקה יוגורט דנונה תות בננה 267מ""ל",מיליליטרים,267.00,"100 מ""ל",false,1,5.30,1.9850,true,1,98795
7290105966469,false,"חומץ בלסמי יד מרדכי 250מ""ל",אצטייה ג'וזפה קרמוני,IT,חומץ בלסמי יד מרדכי,מיליליטרים,250.00,"100 מ""ל",false,1,15.90,6.3600,true,1,91673
7290105968654,false,רביולי בטטה פרווה פסטה נונה 400 ג',מיוצר עי קונדיטוריית,IL,רביולי בטטה פרווה 400 EAT GOOD,גרמים,400.00,100 גרם,false,1,19.90,4.9750,true,1,88161
7290105968777,false,פריכיות עם תחתית שוקולד מריר 70 ג' אנרגי,"טחנת האבן תעשיות בע""",IL,פריכיות אנרגי תחתית ש.מריר OS,גרמים,70.00,100 גרם,false,1,8.80,12.5714,true,1,92530
7290106520066,false,רבע לשבע במילוי קרם אגוזים ובציפוי שוקולד חלב,הגביע מוצרי וופלים ב,IL,רבע לשבע (ירוק) 160 גר',גרמים,160.00,100 גרם,false,1,12.90,8.0625,true,1,89784
7290106520288,false,יוגורט פרו חלבון עם תות 2.4% שומן 150 ג' דנונה,"שטראוס בריאות בע""מ",IL,WOW יוגורט דנונה תות 150 גרם,גרמים,150.00,100 גרם,false,1,4.90,3.2667,true,1,112240
7290106520912,false,"שמנת לבישול 9% 250 מ""ל יטבתה",שטראוס גרופ,IL,"שמנת לבישול 250 9% מ""ל",מיליליטרים,250.00,"100 מ""ל",false,1,8.60,3.4400,true,1,92683
7290106521049,false,אחלה טעמי השוק קוביות סלק 400 גר,מיוצר עי קונדיטוריית,IL,קוביות סלק 400,גרמים,400.00,100 גרם,false,1,15.90,3.9750,true,1,95829
7290106524439,false,תפוצ'יפס טבעי פופס 60גר',"שטראוס פריטו ליי בע""",IL,תפו פופס 60 גר 40 יח,גרמים,60.00,100 גרם,false,1,3.90,6.5000,true,1,118077
7290106525320,false,אבקת שוקולית לאפייה קופסא 500ג' עלית,הנסיך- מפעל לייצור ט,IL,שוקולית לאפיה,גרמים,500.00,100 גרם,false,1,17.70,3.5400,true,1,102393
7290106526822,false,פריכיות אורז עם תחתית שוקולד חלב 80 ג' אנרגי,"טחנת האבן תעשיות בע""",IL,פריכיות אנרגי תחתית שוקולד 80 גרם,גרמים,80.00,100 גרם,false,1,8.80,11.0000,true,1,97154
7290106527386,false,אנרגי פריכיות מצופות שוקולד חלב 70ג,"שטראוס גרופ בע""מ",IL,פריכיות מצופות שוקולד חלב 70 גרם,גרמים,70.00,100 גרם,false,1,8.80,12.5714,true,1,97156
7290106528567,false,חטיף דוריטוס גריל 185 גרם,שטראוס פריטו ליי (מל,IL,דוריטוס גריל 185 גר 12 יח,גרמים,185.00,100 גרם,false,1,8.00,4.3243,true,1,113040
7290106528628,false,חטיף דוריטוס טבעי 185 גרם,"שטראוס פריטו ליי בע""",IL,דוריטוס טבעי 185 גרם,גרמים,185.00,100 גרם,false,1,8.00,4.3243,true,1,113041
7290106528949,false,שטראוס לקט ערוגות 45,שטראוס בריאות ירקות,IL,לקט ערוגות 450 גרם שטופים שטראוס,גרמים,450.00,100 גרם,false,1,13.90,3.0889,true,1,100165
7290106571037,false,מאגדת גומיגם חמישייה,גלידות נסטלה (נגה גל,IL,גומיגם מאגדת כלפ.7 5*90גרם,גרמים,450.00,100 גרם,false,1,26.90,5.9778,true,1,90883
7290106571792,false,קרחון ענבים ויטמנציק נסטלה,גלידות נסטלה (נגה גל,IL,ויטמינצ'יק קרחון ענבים 48*80גרם,גרמים,80.00,100 גרם,false,1,2.90,3.6250,true,1,90959
7290106571921,false,עוגיות פיטנס עוגיות חמוציות 180 גר',מיוצר עי קונדיטוריית,IL,פיטנס עוגיות חמוציות 12*180גרם,גרמים,180.00,100 גרם,false,1,12.80,7.1111,true,1,99752
7290106572997,false,"קמח שמרים לפיצה ופוקצ'ה אסם 1ק""ג","קוד יצרן TKMB, משווק",IL,"קמח שמרים לפיצה 1 ק""ג אסם",קילוגרמים,1.00,"ק""ג",false,1,9.90,9.9000,true,1,91764
7290106573314,false,אוסם - קריספי טאפאס כפרי 150 גרם,מיוצר עי קונדיטוריית,IL,אסם קריספי טאפאס כפרי 8*150גרם,גרמים,150.00,100 גרם,false,1,12.90,8.6000,true,1,96284
7290106573598,false,צבר חומוס לבנוני 400גרם,סלטי צבר,IL,צבר חומוס לבנוני 12*400גרם,גרמים,400.00,100 גרם,false,1,12.90,3.2250,true,1,93135
7290106573642,false,סלט חומוס עם צנובר צ,סלטי צבר,IL,צבר חומוס צנובר 12*400גרם,גרמים,400.00,100 גרם,false,1,12.90,3.2250,true,1,93137
7290106573819,false,סלט חומוס אבו גוש צב,לחמנו,IL,צבר חומוס אבו גוש 12*400גרם,גרמים,400.00,100 גרם,false,1,12.90,3.2250,true,1,93141
7290106574120,false,גומי גם קרחון שרבט עם סוכריות 90 גרם,גלידות נסטלה (נגה גל,IL,גומיגם קרחון שרבט עם סוכריות בפנים42*90ג,גרמים,90.00,100 גרם,false,1,7.00,7.7778,true,1,97535
7290106574953,false,בייגלה שטוחים כעכים שטוחים עם שומשום,מיוצר עי קונדיטוריית,IL,אסם בייגלה שטוחים שומשום 9*300גרם,גרמים,300.00,100 גרם,false,1,11.90,3.9667,true,1,94684
7290106574977,false,בייגלה שטוחים כעכים שטוחים עם מלח,מיוצר עי קונדיטוריית,IL,אסם בייגלה שטוחים עם מלח 9*300גרם,גרמים,300.00,100 גרם,false,1,11.90,3.9667,true,1,94685
7290106575257,false,עוגת הבית סופלה בטעם שוקולד 340 ג' אסם,מיוצר עי קונדיטוריית,IL,הבית עוגת סופלה בטעם שוקולד 8*340גרם,גרמים,340.00,100 גרם,false,1,15.90,4.6765,true,1,95836
7290106575431,false,עוגת הבית סופלה בטעם שוקוניל 340 ג' אסם,מיוצר עי קונדיטוריית,IL,הבית עוגת סופלה בטעם שוקו וניל 8*340גרם,גרמים,340.00,100 גרם,false,1,15.90,4.6765,true,1,95838
7290106576797,false,"לה קרמריה גלידת וניל איטלקי כשל""פ 1.4ל'",תות תעשיות מזון (201,IL,לה קרמריה וניל איטלקי בדצ 6*1.4ליטר,ליטרים,1.40,ליטר,false,1,21.90,15.6429,true,1,97543
7290106576810,false,גלידה לה קרמריה ריבת חלב 1.4 ל' נסטלה,לה קרמריה- נסטלה,IL,לה קרמריה ריבת חלב חתס.כלפ.6*1.4ל,ליטרים,1.40,ליטר,false,1,21.90,15.6429,true,1,97544
7290106576834,false,גלידה לה קרמריה פונטש בננה1.4 ל' נסטלה,תות תעשיות מזון (201,IL,גלידה לה קרמריה פונטש בננה 1.4 ליטר,ליטרים,1.40,ליטר,false,1,21.90,15.6429,true,1,97551
7290106576858,false,גלידה לה קרמריה תותים בשמנת 1.4 ל' נסטלה,לה קרמריה- נסטלה,IL,לה קרמריה תותים בשמנת כלפ.6*1.4ליטר,ליטרים,1.40,ליטר,false,1,21.90,15.6429,true,1,97546
7290106576957,false,"לה קרמריה גלידת שוקו וניל פליק פרווה כשל""פ 1.4",תות תעשיות מזון (201,IL,לה קרמריה שוקו וניל פליק פרווה בדצ6*1.4ל,לא מנהל יחידת מידה,0.00,לא מנהל יחידת מידה,false,1,21.90,0.0000,true,1,97555
7290106576971,false,גלידה לה קרמריה שוקולד בלגי 1.4 ל' נסטלה,תות תעשיות מזון (201,IL,לה קרמריה גלידת שוקולד 6*1.4ל,ליטרים,1.40,ליטר,false,1,21.90,15.6429,true,1,97545
7290106576995,false,גלידה סורבה לה קרמריה תות מנגו לייט 1.4 ל' נסטלה,לה קרמריה- נסטלה,IL,לה קרמריה סורבה לייט תות מנגו 6*1.4ליטר,ליטרים,1.40,ליטר,false,1,21.90,15.6429,true,1,97552
7290106577039,false,גלידה לה קרמריה שוקו וניל פליק 1.4 ל' נסטלה,תות תעשיות מזון (201,IL,לה קרמריה שוקו וניל פליק חלבי בדצ 6*1.4ל,לא מנהל יחידת מידה,0.00,לא מנהל יחידת מידה,false,1,21.90,0.0000,true,1,97547
7290106577480,false,צבר חציל על האש בטחינה מרובע 400גרם,סלטי צבר,IL,צבר חציל על האש בטחינה מרובע 6*400גרם,גרמים,400.00,100 גרם,false,1,13.90,3.4750,true,1,96274
7290106577503,false,צבר חציל במיונז מרוב,סלטי צבר,IL,צבר חציל במיונז מרובע 6*400גרם,גרמים,400.00,100 גרם,false,1,13.60,3.4000,true,1,96275
7290106577541,false,צבר כרוב אדום מרובע 400גרם,סלטי צבר,IL,צבר כרוב אדום מרובע 6*400גרם,גרמים,400.00,100 גרם,false,1,13.60,3.4000,true,1,96277
7290106578692,false,אוסם - במבה ביסלי מיקס 80 גרם,פרו מן יו פתרונות אר,IL,במבה ביסלי מיקס 36*80גרם,גרמים,80.00,100 גרם,false,1,5.90,7.3750,true,1,99231
7290106578821,false,הבית עוגת שמרים קלאסית בטעם שוקולד 350גר.,מיוצר עי קונדיטוריית,IL,הבית עוגת שמרים שוקולד קלאסית 8*350ג,גרמים,350.00,100 גרם,false,1,19.90,5.6857,true,1,99460
7290106658479,false,עלית וופל בטעם טורטית אגוזים 360גר,"שטראוס גרופ בע""מ",IL,טורטית מגדים 40 גרם,גרמים,40.00,100 גרם,false,1,4.50,11.2500,true,1,113606
7290106660649,false,חטיף ציטוס קראנץ בוט,"שטראוס פריטו ליי בע""",IL,ציטוס בוטנים 80 גר 48 יח,גרמים,80.00,100 גרם,false,1,4.90,6.1250,true,1,115754
7290106662025,false,תפוציפס טבעי מלח ופלפל 50 גרם,"שטראוס פריטו ליי בע""",IL,תפו מלח פלפל 50 גר 48 יח - שמיטה,גרמים,50.00,100 גרם,false,1,3.90,7.8000,true,1,115191
7290106663091,false,לאבנה טבעי 9% שטראוס 500ג',הדקלאים אגודת שיתופי,IL,לאבנה 9% 500 גרם,גרמים,500.00,100 גרם,false,1,17.90,3.5800,true,1,111526
7290106663121,false,מילקי cake עוגה אישית 34 גרם,בובארד איטליה אס.פי.,IT,עוגת מילקי CAKE אישית 34 גרם,גרמים,34.00,100 גרם,false,1,3.90,11.4706,true,1,109654
7290106663503,false,יד מרדכי קונפיטורת לייט תות 230 גר,אף.סי תבליני בגליל ב,IL,קונפיטורת תות שדה לייט,גרמים,230.00,100 גרם,false,1,15.70,6.8261,true,1,103474
7290106663558,false,"רוטב טריאקי ורימון יד מרדכי 280מ""ל",אף.סי תבליני בגליל ב,IL,רוטב טריאקי 320 גרם,מיליליטרים,280.00,"100 מ""ל",false,1,14.90,5.3214,true,1,108898
7290106664067,false,לאבנה עם שמן זית וזעתר 10% שטראוס 400 ג',הדקלאים אגודת שיתופי,IL,גבינת לאבנה 10% שמן זית וזעתר 400 גרם,גרמים,400.00,100 גרם,false,1,17.90,4.4750,true,1,111525
7290106664562,false,רוטב שמנת עם פטריות 9% שומן 258 ג' יוטבתה,שטראוס גרופ,IL,רוטב שמנת 9% עם פטריות 250 מל,מיליליטרים,250.00,"100 מ""ל",false,1,11.90,4.7600,true,1,106310
7290106667266,false,חטיף דוריטוס חמוץ חריף 185 גרם,שטראוס פריטו ליי (מל,IL,דוריטוס חמוץ חריף 185 גרם,גרמים,185.00,100 גרם,false,1,8.00,4.3243,true,1,113038
7290106668577,false,"מיץ לימון טבעי יד מרדכי 250 מ""ל",האי נאם סי או אל.טי.,IT,"מיץ לימון טבעי 250 מ""ל",מיליליטרים,250.00,"100 מ""ל",false,1,8.90,3.5600,true,1,108899
7290106669857,false,קפסולות 06 אספרסו בטעם וניל עלית 10יח',הנסיך- מפעל לייצור ט,IL,קפסולות אספרסו וניל 50 גרם,גרמים,50.00,100 גרם,false,1,16.90,33.8000,true,1,114757
7290106720626,false,צ'יטוס קראנצ' בטעם גבינה - חלבי,"שטראוס פריטו ליי בע""",IL,ציטוס גבינה 80 גר 48 יח רבנות,גרמים,80.00,100 גרם,false,1,4.90,6.1250,true,1,115525
7290106721913,false,מסטיק מאסט MUST ללא סוכר בטעם מנטה מרעננת,"שטראוס גרופ בע""מ",IL,"צנצנת מאסט מנטה מרעננת לל""ס 66 גרם",גרמים,66.00,100 גרם,false,1,9.90,15.0000,true,1,108880
7290106721920,false,צנצנת מסטיק מאסט בטעם ספירמינט עדין 66 ג' עלית,"שטראוס גרופ בע""מ.",IL,"צנצנת ספירמינט לל""ס 66 גרם",גרמים,66.00,100 גרם,false,1,9.90,15.0000,true,1,108881
7290106723689,false,עלי תרד בייבי שטראוס 200 גרם,שטראוס בריאות ירקות,IL,עלי תרד בייבי שטראוס 200 גרם,גרמים,200.00,100 גרם,false,1,10.90,5.4500,true,1,112504
7290106725867,false,"סירופ מייפל טהור 189 מ""ל יד מרדכי",קוסלסי פוד,CA,"סירופ מייפל טבעי 189 מ""ל",מיליליטרים,189.00,"100 מ""ל",false,1,32.90,17.4074,true,1,111513
7290106726178,false,יוגורט PRO עם פירות יער 2.4% 10 גרם חלבון בגביע,מיוצר עי קונדיטוריית,IL,WOW יוגורט דנונה פירות יער 150 גרם,גרמים,150.00,100 גרם,false,1,4.90,3.2667,true,1,111516
7290106727984,false,כיף כף פצפוצים ושוקולד 135 ג',שולן צ'יקולטה גידה ס,TR,גביע פצפצים 135 ג' 2016,גרמים,135.00,100 גרם,false,1,13.90,10.2963,true,1,113969
7290106728127,false,חלב בבקבוק טבעי 3.6%,מחלבת יטבתה,IL,חלב טבעי 3.6% יטבתה 1 ליטר,ליטרים,1.00,ליטר,false,1,7.90,7.9000,true,1,111462
7290106772472,false,בלגה ממרח אגוזי לוז 350 גרם,"אלמנדוס בע""מ",IL,BELGA ממרח פרווה בדצ 350 גרם בצנצנת,גרמים,350.00,100 גרם,false,1,13.90,3.9714,true,1,153972
7290106775053,false,מחית נוגט פרווה 400 גרם,"אלמנדוס בע""מ",IL,מחית נוגט פרווה אלמנדוס 400 גרם,גרמים,400.00,100 גרם,false,1,24.90,6.2250,true,1,153973
7290107280020,false,מטליות לחות סנו סושי לניקוי כללי שלישיה *50 יח',טרופיקל דגיל- תעשיות,IL,שלישיה מטליות לחות לניקוי כללי,לא מנהל יחידת מידה,0.00,לא מנהל יחידת מידה,false,1,25.60,0.0000,true,1,94082
7290107280075,true,תבניות אלומיניום לאפ,מיוצר עי קונדיטוריית,CN,"סנו סושי, תבניות אלומיניום מידה L, 130 גרם",Unknown,0.00,Unknown,false,1,9.80,0.0000,true,1,108723
7290107280341,false,ריצפז מטליות לחות לניקוי הרצפה בניחוח מלון מפנק,"סנו מפעלי ברונוס סע""",IL,ריצפז מטליות לחות מלון מפנק,יחידה,1.00,יחידה,false,1,14.90,14.9000,true,1,143599
7290107280563,false,אוקסיג'ן ג'ל לכביסה בייבי 3ל',"איי, בי, אינבוו",IL,אוקסיג'ן ביי,ליטרים,3.00,ליטר,false,1,34.60,11.5333,true,1,103099
7290107280570,false,סנו - מקסימה ג'ל כביסה מרוכז לכביסה צבעונית 3 ליטר,מיוצר עי קונדיטוריית,IL,ג'ל כביסה 3 ל' MIX&WASH לכביסה צבעונית,ליטרים,3.00,ליטר,false,1,29.90,9.9667,true,1,103100
7290107280600,false,טבליות למדיח סנו ספארק 100 טבליות במארז,גרופה אינקו,PL,"סנו ספארק, טבליות למדיח, 2000 גרם",לא מנהל יחידת מידה,1.50,לא מנהל יחידת מידה,false,1,56.90,37.9333,true,1,118656
7290107280709,false,"סנו ספארק נוזל הברקה למדיח 700 מ""ל","סנו מפעלי ברונוס בע""",IL,נוזל להברקה 700 מל SPARK,מיליליטרים,900.00,"100 מ""ל",false,1,16.90,1.8778,true,1,105541
7290107280716,true,מלח למדיח,"מלח הארץ אילת בע""מ",IL,סנו ספארק מלח למדיח 2 קג,קילוגרמים,2.00,"ק""ג",false,1,12.90,6.4500,true,1,108717
7290107280723,false,נוזל לניקוי כלים סנו ספארק Spark בניחוח לימון רענן,סנו כימיקלים,IL,סנו ספארק נוזל לניקוי כלים בניחוח לימון רענן,מיליליטרים,700.00,"100 מ""ל",false,1,9.90,1.4143,true,1,104668
7290107280730,false,נוזל לניקוי כלים סנו ספארק Spark בניחוח לבנדר,מיוצר עי קונדיטוריית,IL,סנו נוזל לניקוי כלים בניחוח לבנדר עדין 700 מל,מיליליטרים,700.00,"100 מ""ל",false,1,9.90,1.4143,true,1,104669
7290107280747,false,נוזל לניקוי כלים סנו ספארק Spark קלאסי,סנו כימיקלים,IL,סנו ספארק נוזל לניקוי כלים קלאסי,מיליליטרים,700.00,"100 מ""ל",false,1,9.90,1.4143,true,1,104670
7290107280754,false,נוזל כלים סנו ספארק Spark היפואלרגני פריחת השקד,סנו,IL,נוזל כלים ספארק שקד 700 מל,מיליליטרים,700.00,"100 מ""ל",false,1,9.90,1.4143,true,1,104671
7290107280761,false,נוזל לניקוי כלים בניחוח לימון רענן סנו ספארק Spark,מיוצר עי קונדיטוריית,IL,ספארק משאבה לימון 1ל,ליטרים,1.00,ליטר,false,1,11.90,11.9000,true,1,104885
7290107280815,false,קיי 301 קוטל תיקנים/,"סנו מפעלי ברונוס בע""",IL,צהוב סנו K301 300 מל,מיליליטרים,300.00,"100 מ""ל",false,1,12.90,4.3000,true,1,106173
7290107645584,false,אבקת מרק עוף אמיתי רכיבים טבעיים 400 גרם - רבנות,יוניליוור ישראל מזון,IL,קנור מרק עוף אמיתי 100% רכיבים טבעיים 400 גרם,גרמים,400.00,100 גרם,false,1,21.90,5.4750,true,1,119334
7290107645591,false,אבקת מרק בטעם עוף 100% רכיבים טבעיים 400 גרם,יוניליוור ישראל מזון,IL,קנור מרק טעם עוף 100% רכיבים טבעיים 400 גרם,גרמים,400.00,100 גרם,false,1,16.90,4.2250,true,1,119333
7290107646154,false,חטיף דגנים קוקומן פצפוצים טעם שוקו שישיה* 21 ג',יוניליוור ישראל מזון,IL,"קוקומן חטיף פצפוצי דגנים בטעם שוקולד, 126 גרם",גרמים,126.00,100 גרם,false,1,15.90,12.6190,true,1,119351
7290107646376,false,סיף מטליות לחות לניקוי כללי בניחוח לימון,עלבד משואות יצחק בעמ,IL,מטליות לחות לניקוי כללי אנטיבקטריאלי,יחידה,1.00,יחידה,false,1,10.90,10.9000,true,1,116512
7290107646383,false,סיף מטליות לחות לניקוי רצפות בניחוח לימו,עלבד משואות יצחק בעמ,IL,מטליות לחות לניקוי רצפה לימון סיף,גרמים,676.00,100 גרם,false,1,13.90,2.0562,true,1,116511
7290107646895,false,קנור - רוטב פסטה נפוליטנה 415 גרם חתם סופר,קונסורזיו קאסאלאסקו,IL,נפוליטנה - רוטב עגבניות לפסטה,גרמים,415.00,100 גרם,false,1,14.90,3.5904,true,1,117185
7290107646918,false,רוטב עגבניות ופלפלים לשקשוקה 415 ג' קנור,קונסורזיו קאסאלאסקו,IL,שקשוקה- רוטב עגבניות מרוכז ומתובל,גרמים,415.00,100 גרם,false,1,14.90,3.5904,true,1,117184
7290107647359,false,דומסטוס סבון אסלה 5 הפועלות בניחות אוקיינוס 3 יח' * 55 ג',יוניליוור פולין,PL,סבון לאסלה 5 פעולות דומסטוס שלישייה,גרמים,0.00,100 גרם,false,1,24.90,0.0000,true,1,118441
7290107647366,false,דומסטוס סבון אסלה 5 הפועלות בניחות ליים 3 יח' * 55 ג',יוניליוור פולין,PL,סבון לאסלה 5 פעולות דומסטוס שלישייה,גרמים,0.00,100 גרם,false,1,24.90,0.0000,true,1,118439
7290107647632,false,קורנטו כשלפ וניל,"גלידת שטראוס בע""מ, ר",IL,קורנטו כשלפ וניל,לא מנהל יחידת מידה,0.00,לא מנהל יחידת מידה,false,1,9.90,0.0000,true,1,124125
7290107647656,false,מאגדת מיני סולרו קוקוס אננס 245 ג',"מיוצר ע""י גלידת שטרא",IL,שלגון מיני סולרו קוקוס אננס 245גרם,גרמים,245.00,100 גרם,false,1,26.90,10.9796,true,1,123626
7290107647854,false,"שוגי מופחת סוכר תלמה 500 ג' בד""צ",יוניליוור ישראל מזון,IL,דגני בוקר שוגי בדצ 500 גרם,גרמים,500.00,100 גרם,false,1,24.90,4.9800,true,1,117103
7290107648943,false,ברנפלקס קרנצים מייפל 375 ג' תלמה,יוניליוור שפע ישראל,IL,תלמה דגני בוקר ברנפלקס קרנצ'ים בטעם מייפל 375 גרם,גרמים,375.00,100 גרם,false,1,25.90,6.9067,true,1,119336
7290107648974,true,רוטב עגבניות עם בזיל,קונסורזיו קאסאלאסקו,IL,רוטב עגבניות עם בזיליקום לפסטה 415 גרם,גרמים,415.00,100 גרם,false,1,14.90,3.5904,true,1,122718
7290107648981,false,רוטב עגבניות קלאסי פומודורו 415 ג' קנור,מיוצר עי קונסורזייו,IL,רוטב פומדורו קנור 415 גרם,גרמים,415.00,100 גרם,false,1,14.90,3.5904,true,1,119521
7290107649681,false,שלגון קורנטו פסק זמן לבן,"מיוצר ע""י גלידת שטרא",IL,קורנטו פסק זמן 64 גרם,גרמים,64.00,100 גרם,false,1,9.90,15.4688,true,1,125462
7290107649780,false,שלגון שוקובו שוקו.,"מיוצר ע""י גלידת שטרא",IL,שוקובו שוקו 85 גרם,גרמים,85.00,100 גרם,false,1,10.90,12.8235,true,1,125465
7290107649858,false,טילון מגנוםלבן -גלידת שמנת,"מיוצר ע""י גלידת שטרא",IL,מגנום טילון שוקולד לבן 100 גרם,גרמים,100.00,100 גרם,false,1,10.90,10.9000,true,1,126078
7290107870047,false,"טילון אקסטרים מטבע ענק בראוניז, 115 ג'",תות תעשיות מזון (201,IL,אקסטרים טילון בראוניז מטבע ענק 18*115גרם,גרמים,133.00,100 גרם,false,1,10.50,7.8947,true,1,104806
7290107871297,false,אוסם - מיני פריכונים עשבי תיבול 25 גרם,"מיוצר ע""י PT, משווק",IL,אסם פריכונים מיני עשבי תיבול 16*23גרם,גרמים,25.00,100 גרם,false,1,4.50,18.0000,true,1,104887
7290107871532,false,מאגדת קרחונים דובדבן מלון 10 יח' נסטלה,גלידות נסטלה (נגה גל,IL,נסטלה מאגדת קרח דובדבן מלון 7 10*75גרם,גרמים,750.00,100 גרם,false,1,16.90,2.2533,true,1,105415
7290107871990,false,פסטה צינורות 500 גר אסם,פסטה זארה,IT,אסם פסטה צינורות איטלקי 12*500גרם,גרמים,500.00,100 גרם,false,1,6.90,1.3800,true,1,105716
7290107874038,false,ביסלי גריל כשלפ,אסם,,"ביסלי גריל כשל""פ 55 גרם",גרמים,55.00,100 גרם,false,1,4.00,7.2727,true,1,112458
7290107874441,false,פריכונים מיני בצל מקורמל 25 גרם אסם,"מיוצר ע""י PT, משווק",IL,אסם פריכונים מיני בצל מקורמל 16*23גרם,גרמים,25.00,100 גרם,false,1,4.50,18.0000,true,1,104888
7290107874502,false,ביסלי גריל קדמ. מארז אחיד 10 4*55 גרם,מיוצר עי קונדיטוריית,IL,ביסלי גריל קדמ. מארז אחיד 10 4*55גרם,גרמים,22000.00,100 גרם,false,1,12.90,0.0586,true,1,108562
7290107875271,true,מארז ביסלי ברביקיו,מיוצר עי קונדיטוריית,IL,ביסלי ברביקיו קדמ.מארז אחיד 10 4*55גרם,גרמים,220.00,100 גרם,false,1,12.90,5.8636,true,1,133719
7290107875820,false,קרוטונים אפויים בתיבול ביתי אוסם 180 ג',עינת תעשיות מזון,IL,אסם קרוטונים אפויים בתיבול ביתי 12*180ג,גרמים,180.00,100 גרם,false,1,12.90,7.1667,true,1,106263
7290107879521,false,קרחוני לה פרוטה La Frutta תות שדה - 5 יח',גלידות נסטלה Nestle,IL,לה פרוטה מאגדת תות 8 5*70גרם,גרמים,350.00,100 גרם,false,1,24.90,7.1143,true,1,112998
7290107879569,false,קרחון לה פרוטה שרבט מנגו מאגדת 5יח',גלידות נסטלה Nestle,IL,לה פרוטה מאגדת מנגו 8 5*70גרם,גרמים,350.00,100 גרם,false,1,24.90,7.1143,true,1,112999
7290107879644,false,קרחון לה פרוטהתמר פקאן,המאפיה של הרמן,IL,לה פרוטה בננה תמר פקאן 36*65גרם,גרמים,65.00,100 גרם,false,1,6.90,10.6154,true,1,112198
7290107879668,false,קרחון לה פרוטה תות 70 ג' נסטלה,המאפיה של הרמן,IL,לה פרוטה תות 36*70גרם,גרמים,70.00,100 גרם,false,1,6.90,9.8571,true,1,112196
7290107879699,false,שלגון לה פרוטה מנגו נסטלה 70ג',המאפיה של הרמן,IL,לה פרוטה מנגו 36*70גרם,גרמים,70.00,100 גרם,false,1,6.90,9.8571,true,1,112197
7290107879712,false,שלגון לה פרוטה פירות אדומים 70 גרם,נסטלה גלידות,IL,שרבט לה פרוטה פירות אדומים 70גרם,גרמים,70.00,100 גרם,false,1,6.90,9.8571,true,1,154304
7290107931397,false,כיף כף פצפוצים במילוי שוקולד 40 גרם,שולן צ'יקולטה גידה ס,TR,כיף כף פצפצים,גרמים,40.00,100 גרם,false,1,5.90,14.7500,true,1,113344
7290107931465,false,אנרגי פריכיות תחתית שוקולד לבן 80 גרם,"שטראוס גרופ בע""מ",IL,פריכיות אנרגי ת.ש. לבן 70ג ווסטהיים,גרמים,70.00,100 גרם,false,1,8.80,12.5714,true,1,112243
7290107932080,false,חלב מועשר יוטבתה בבקבוק 3% 1 ליטר,מחלבת יטבתה,IL,חלב בקבוק 3% מועשר 1 ליטר,ליטרים,1.00,ליטר,false,1,7.90,7.9000,true,1,111460
7290107932134,false,חלב מועשר יוטבתה בבקבוק 1% 1 ליטר,מחלבת יטבתה,IL,חלב בקבוק 1% מועשר 1 ליטר,ליטרים,1.00,ליטר,false,1,7.90,7.9000,true,1,111461
7290107933155,false,הירק של מוטקה סלנובה,שטראוס בריאות ירקות,IL,לקט סלנובה ירקות 200גר שטופים שטראוס,גרמים,200.00,100 גרם,false,1,15.90,7.9500,true,1,112546
7290107933643,false,"משקה חלב עם דגנים ובננה 250 מ""ל יוטבתה",מחלבת יטבתה,IL,"ארוחה קטנה בבקבוק בננה לל""ג",מיליליטרים,250.00,"100 מ""ל",false,1,5.00,2.0000,true,1,113029
7290107933650,false,ארוחה קטנה בקבוק תות,מחלבת יטבתה,IL,משקה חלב עם דגנים ותות,מיליליטרים,250.00,"100 מ""ל",false,1,5.00,2.0000,true,1,113028
7290107936309,false,דנונה יוגורט 7% יווני לבן 130 ג',"שטראוס בריאות בע""מ",IL,דנונה יוגורט יווני לבן,גרמים,130.00,100 גרם,false,1,3.40,2.6154,true,1,114133
7290107936958,false,עד חצות ביסקוויט אצבעות שוקולד 125 גרם,הדקלאים אגודת שיתופי,FR,ביסקוויט עד חצות אצבעות 125 גרם,גרמים,125.00,100 גרם,false,1,14.90,11.9200,true,1,117346
7290107936965,false,עיגולים עד חצות עם שוקולד חלב 225 גר,ביסקווטרי עוגיות סנט,FR,עד חצות עיגולים,גרמים,225.00,100 גרם,false,1,14.90,6.6222,true,1,117345
7290107937542,false,משקה יוגורט אקטיביה עם תות 1.2% שומן,מיוצר עי קונדיטוריית,IL,משקה אקטיביה תות 1.2% 250 גרם,גרמים,250.00,100 גרם,false,1,5.90,2.3600,true,1,113453
7290107937627,false,מסטיק מאסט Must קוביות ללא סוכר בטעם מנטה עדינה,אסקום קונפקשיין,IL,צנצנת קוביות מנטה עדינה 58 גרם,גרמים,58.00,100 גרם,false,1,9.90,17.0690,true,1,114118
7290107937634,false,צנצנית מסטיק מאסט קוביות פפירמינט 58 ג' עלית,אסקום קונפקשיין,IL,צנצנת קוביות מנטה 58 גרם,גרמים,58.00,100 גרם,false,1,9.90,17.0690,true,1,114100
7290107937641,false,מסטיק בצנצנת קוביות בזוקה 58 ג',אסקום קונפקשיין,IL,צנצנת קוביות בזוקה 58 גרם,גרמים,58.00,100 גרם,false,1,9.90,17.0690,true,1,114120
7290107937856,false,קפסולות 11חזק למכונות נספרסו עלית 10יח',הנסיך- מפעל לייצור ט,IL,קפסולות 11 גואטמלה למכונות NESPRESSO,גרמים,50.00,100 גרם,false,1,16.90,33.8000,true,1,114059
7290107938396,false,"אקטימל משקה פרוביוטי תות 100X8 מ""ל",מיוצר עי קונדיטוריית,IL,אקטימל שמיניה תות,מיליליטרים,864.00,"100 מ""ל",false,1,20.90,2.4190,true,1,113580
7290107939027,false,שטראוס גזר דק דק 250,שטראוס בריאות ירקות,IL,גזר דק דק 250 גרם שטופים שטראוס,גרמים,250.00,100 גרם,false,1,6.90,2.7600,true,1,114193
7290107940467,false,אקטיביה יוגורט 1.5% שומן 200 ג' דנונה,מיוצר עי קונדיטוריית,IL,אקטיביה 200 גרם 1.5%,גרמים,200.00,100 גרם,false,1,4.20,2.1000,true,1,113573
7290107942355,false,תפוציפס מקלות בטעם טבעי 60 גרם,"שטראוס פריטו ליי בע""",IL,תפו מקלות טבעי 60 גר 56 יח,גרמים,60.00,100 גרם,false,1,3.90,6.5000,true,1,114258
7290107943048,false,ופל טורטית מוקטן 90,מיוצר עי קונדיטוריית,IL,"וופל טורטית 90 גרם בד""צ",גרמים,90.00,100 גרם,false,1,4.90,5.4444,true,1,114115
7290107943369,false,קוואקר שיבולת שועל ללא גלוטן 511 גר'.,היידי שוקולד בירונטי,US,קוואקר שיבולת שועל ללא גלוטן 511 גרם,גרמים,511.00,100 גרם,false,1,19.90,3.8943,true,1,117143
7290107944243,false,אפיפיות בטעם שוקולד 200 גרם כשר לפסח,"שטראוס גרופ בע""מ",IL,אפיפיות בטעם שוקולד 200 גרם,גרמים,200.00,100 גרם,false,1,8.90,4.4500,true,1,117082
7290107944472,false,סימפוניה גבינה במרקם שמנת 5% שום שמיר,"שטראוס בריאות בע""מ",IL,סימפוניה שום שמיר 5%,גרמים,200.00,100 גרם,false,1,11.90,5.9500,true,1,114268
7290107945165,false,קונפיטורת יד מרדכי משמש 340 גר,אף.סי תבליני בגליל ב,IL,קונפיטורה משמש 340 גרם יד מרדכי,גרמים,340.00,100 גרם,false,1,14.90,4.3824,true,1,114916
7290107950183,false,מעדן שטראוס דיאט וני,"שטראוס בריאות בע""מ",IL,מעדן שטראוס דיאט וניל 2021,גרמים,130.00,100 גרם,false,1,3.50,2.6923,true,1,114136
7290107950190,false,מעדן חלב דל קלוריות בטעם שוקולד מריר 0.5% שומן,מיוצר עי קונדיטוריית,IL,מעדן שטראוס דיאט מריר,גרמים,130.00,100 גרם,false,1,3.50,2.6923,true,1,114137
7290107950206,false,מעדן שטראוס דיאט 0% שוקולד 130ג',מיוצר עי קונדיטוריית,IL,מעדן שטראוס דיאט שוקולד,גרמים,130.00,100 גרם,false,1,3.50,2.6923,true,1,114135
7290107951104,false,בפלות ופלים ארוכים בטעם שוקולד,"א.ג. גילרו בע""מ",IL,בפלות שוקולד 200 גרם,גרמים,200.00,100 גרם,false,1,5.10,2.5500,true,1,114316
7290107951111,false,בפלות ופלים ארוכים בטעם לימון,"א.ג. גילרו בע""מ",IL,בפלות לימון 200 גרם,גרמים,200.00,100 גרם,false,1,5.10,2.5500,true,1,114319
7290107951715,false,צנצנת מסטיק מאסט קוביות בטעם ענבים 58 ג' עלית,אסקום קונפקשיין,IL,צנצנת קוביות ענבים 58 גרם,גרמים,58.00,100 גרם,false,1,9.90,17.0690,true,1,114910
7290107953559,false,קפה טורקי עלית לדרך שקיות 24X7ג',הנסיך- מפעל לייצור ט,IL,מארז טורקי לדרך 168 גר,גרמים,200.00,100 גרם,false,1,19.90,9.9500,true,1,119316
7290107954976,false,משקה חלב PRO עם קפה 1.5% 25 גרם חלבון בבקבוק,מחלבת יטבתה,DE,יטבתה פרו קפה 350,מיליליטרים,350.00,"100 מ""ל",false,1,6.50,1.8571,true,1,116654
7290107956642,false,"תרסיס שמן זית יד מרדכי 150 מ""ל",פארייפאבה אגרואינדוס,ES,"תרסיס שמן זית 150 מ""ל",מיליליטרים,150.00,"100 מ""ל",false,1,19.90,13.2667,true,1,117914
7290107956901,true,קפסולות אגוזי לוז למ,הנסיך- מפעל לייצור ט,IL,קפסולות אגוזי לוז למכונות NESPRESSO,לא מנהל יחידת מידה,0.00,לא מנהל יחידת מידה,false,1,16.90,0.0000,true,1,119970
7290107956925,true,קפסולות קפה אספרסו 1,הנסיך- מפעל לייצור ט,IL,קפסולות 13 אוגנדה למכונות NESPRESSO,לא מנהל יחידת מידה,0.00,לא מנהל יחידת מידה,false,1,16.90,0.0000,true,1,122197
7290107956932,true,קפסולות אינדונזיה,הנסיך- מפעל לייצור ט,IL,קפסולות 12 אינדונזיה למכונות NESPRESSO,Unknown,0.00,Unknown,false,1,16.90,0.0000,true,1,121520
7290107957069,false,"צנצנת עלמה בטעם אוכמניות לל""ס 66 גרם","שטראוס גרופ בע""מ",IL,"צנצנת עלמה בטעם אוכמניות לל""ס 66 גרם",גרמים,66.00,100 גרם,false,1,9.90,15.0000,true,1,117341
7290107957076,false,"צנצנת עלמה בטעם ספירמינט לל""ס 66 גרם","שטראוס גרופ בע""מ",IL,מסטיק עלמה בצנצנת בטעם ספירמינט 66 גרם,גרמים,66.00,100 גרם,false,1,9.90,15.0000,true,1,117342
7290107957991,false,מילקי CAKE מיניס קרם חלב בציפוי שוקולד חלב שקית 16X9ג',בובארד איטליה אס.פי.,IT,מילקי מינייס,גרמים,144.00,100 גרם,false,1,14.90,10.3472,true,1,121573
7290107958035,true,מארז דנונה במתיקות מ,מיוצר עי קונדיטוריית,IL,מארז 8 דנונה מתיקות מעודנת ללא סוכר וממת,Unknown,0.00,Unknown,false,1,18.90,0.0000,true,1,133779
7290107972307,false,קולגייט משחה אופטיק וויט אנד ריסטור 75מל,הנסיך- מפעל לייצור ט,PL,קולגייט משחת שיניים אופטיק וויט 75 מל,מיליליטרים,75.00,"100 מ""ל",false,1,29.90,39.8667,true,1,115212
7290107973014,false,פלמוליב סבון ידיים חלב ודבש 300 מ'ל,הנסיך- מפעל לייצור ט,TR,"פלמוליב סבון ידיים חלב ודבש 300 מ""ל",מיליליטרים,300.00,"100 מ""ל",false,1,9.90,3.3000,true,1,116507
7290107973038,false,"פלמוליב סבון ידיים אקווריום 300 מ""ל",הנסיך- מפעל לייצור ט,TR,פלמוליב סבון ידיים אקווריום 300 מל,מיליליטרים,300.00,"100 מ""ל",false,1,9.90,3.3000,true,1,116506
7290107973311,false,קולגייט מברשת שיניים 360 פחם זהב זוג,הנסיך- מפעל לייצור ט,CN,קולגייט 360 מברשת שיניים גולד 2 יח',לא מנהל יחידת מידה,0.00,לא מנהל יחידת מידה,false,1,33.90,0.0000,true,1,113375
7290107973793,false,שימורי עגבניות שלמות 400 ג' מאסטר שף,פראנו אריקו ופיגלי ס,IT,100% עגבניות איטלקיות שלמות מקולפות 400 גרם,גרמים,400.00,100 גרם,false,1,6.20,1.5500,true,1,113770
7290107973809,false,שימורי עגבניות קוביות 400 ג' מאסטר שף,פראנו אריקו ופיגלי ס,IT,מאסטר שף קוביות עגבניות איטלקיות 400 גרם,גרמים,400.00,100 גרם,false,1,6.20,1.5500,true,1,113771
7290107973861,false,מאסטר שף עגבניות חתוך דק אריזת שלישייה,קונסרזיו קאסאלאסקו ד,IT,מאסטר שף עגבניות קצוצות דק מארז שלישייה,גרמים,400.00,100 גרם,false,1,15.90,3.9750,true,1,113954
7290107974066,false,"עלי טורטיה קמח מלא 20ס""מ 8יח' מאסטר שף 320ג'",אלקאטי קורביישיסי גי,ES,עלי טורטיה קמח מלא 320 גרם,גרמים,320.00,100 גרם,false,1,10.90,3.4063,true,1,113515
7290107974073,false,מנה עלי טורטיה קמח לבן מ.שף 20 סמ 320 גר,אלקאטי קורביישיסי גי,ES,מאסטר שף עלי טורטיה קמח לבן 320 גר,גרמים,320.00,100 גרם,false,1,10.90,3.4063,true,1,113513
7290107974080,false,מנה עלי טורטיה קמח לבן מ.שף 25 סמ 840 גר,הדקלאים אגודת שיתופי,DE,מאסטר שף עלי טורטייה קמח חיטה 756 גרם,גרמים,840.00,100 גרם,false,1,19.90,2.3690,true,1,113514
7290107974301,true,ספיד סטיק ליידי גל א,הנסיך- מפעל לייצור ט,US,ליידי ספיד סטיק דאודורנט אלוורה ג'ל 65 גרם,Unknown,0.00,Unknown,false,1,19.90,0.0000,true,1,126498
7290107974615,false,משחת שיניים מרידול נ,הנסיך- מפעל לייצור ט,,"משחת שיניים מרידול נשימה רעננה 75 מ""ל",מיליליטרים,75.00,"100 מ""ל",false,1,22.90,30.5333,true,1,113934
7290107975100,false,שימורי שעועית לבנה ג,פראנצזה אס.פי.איי,IT,מאסטר שף שעועית גדולה 400 גרם,גרמים,400.00,100 גרם,false,1,6.90,1.7250,true,1,114055
7290107975360,true,ליידי גל פיור,הנסיך- מפעל לייצור ט,US,ליידי גל פיור,Unknown,0.00,Unknown,false,1,19.90,0.0000,true,1,133803
7290107977456,false,"פלמוליב - ג'ל רחצה ושמפו ספורט לגבר 750 מ""ל",קולגייט פלמוליב,TR,"פלמוליב סבון נוזלי ספורט לגבר 750 מ""ל",מיליליטרים,750.00,"100 מ""ל",false,1,21.90,2.9200,true,1,143031
7290107978101,false,מש.שיניים קולגייט א.וויט אקסטרה פאוור 75,קולגייט-פלמוליב,PL,משחת שיניים אופטיק וויט אקסטרא פאוור,מיליליטרים,75.00,"100 מ""ל",false,1,27.90,37.2000,true,1,119719
7290107978323,false,מאסטר שף איטריות דקיקות 400 גר,הדקלאים אגודת שיתופי,PL,"מאסטר שף, אטריות דקיקות, 400 גרם",גרמים,400.00,100 גרם,false,1,6.50,1.6250,true,1,116185
7290107978330,false,מאסטר שף איטריות דקות 400 גרם,הדקלאים אגודת שיתופי,PL,מאסטר שף אטריות דקות 400 גרם,גרמים,400.00,100 גרם,false,1,6.50,1.6250,true,1,116186
7290107978347,false,מאסטר שף איטריות בינוניות 400 גר,הדקלאים אגודת שיתופי,PL,מאסטר שף אטריות בינוניות 400 גרם,גרמים,400.00,100 גרם,false,1,6.50,1.6250,true,1,116187
7290107978637,true,משחת שיניים מרידול ח,קולגייט פלמוליב,PL,מרידול משחת שיניים למניעת בעיות חנייכים 75 מל,מיליליטרים,1.00,"100 מ""ל",false,1,19.90,1990.0000,true,1,123037
7290107979184,false,"תבניות אלומיניום פלוס נייר אפייה 32/26 ס""מ L",HAI PLASTIC,CN,קוקי תבנית אלומיניום עם נייר אפייה גדול,יחידה,1.00,יחידה,false,1,13.90,13.9000,true,1,116804
7290108073645,true,אקדח בועות סבון מיני,,,אקדח בועות סבון מיניונים,יחידה,1.00,יחידה,false,1,24.90,24.9000,true,1,126977
7290108200225,true,וניש גולד אבקה ורוד,השחר,IT,מסיר כתמים אבקה וניש קליה 470 גרם,גרמים,470.00,100 גרם,false,1,17.90,3.8085,true,1,110876
7290108201017,false,סטריפים לכביסה קולון 16 יח,רקיט בנקיזר,,קולון סטריפים 16 יח,לא מנהל יחידת מידה,0.00,לא מנהל יחידת מידה,false,1,13.90,0.0000,true,1,113936
7290108350128,false,סנו סושי שקיות אשפה חזקות במיוחד 40 יח',מיוצר עי קונדיטוריית,IL,שקית אשפה חזקה סנו סושי 40 יח,Unknown,0.00,Unknown,false,1,25.90,0.0000,true,1,105542
7290108350180,false,סנו סושי מפיות מודפסות 100 יח',חי מוצרי נייר בעמ,IL,מפיות מודפסות 100 יחידות,ליטרים,2.00,ליטר,false,1,9.90,4.9500,true,1,111153
7290108350203,false,כריות קרצוף אקסטרה חזקות עם ספוג מקציף - 6 יח',סנו סושי,IL,כריות קרצוף עם ספוג מקציף 6 יחידות,לא מנהל יחידת מידה,0.00,לא מנהל יחידת מידה,false,1,9.90,0.0000,true,1,113535
7290108350210,false,סנו סושי 30 שקיות אשפה XL חזקות במיוחד,מיוצר עי קונדיטוריית,IL,סנו סושי 30 שקיות אשפה XL חזקות במיוחד,לא מנהל יחידת מידה,0.00,לא מנהל יחידת מידה,false,1,26.90,0.0000,true,1,111986
7290108350265,false,שלישיית אל סבון כיף,סנו,,שלישיית אל סבון כיף בוב ספוג לידיים 1.5,ליטרים,1.50,ליטר,false,1,19.90,13.2667,true,1,117812
7290108350531,false,סנו ספארק נוזל כלים בניחוח קלאסי עם משאבה 1 ל',מיוצר עי קונדיטוריית,IL,ספארק משאבה קלאסי 1ל,ליטרים,1.00,ליטר,false,1,11.90,11.9000,true,1,110580
7290108350548,false,סנו ספארק נוזל כלים בניחוח לבנדר עם משאבה 1 ל',מיוצר עי קונדיטוריית,IL,סנו נוזל לניקוי כלים בניחוח לבנדר עדין 1 ליטר,ליטרים,1.00,ליטר,false,1,11.90,11.9000,true,1,110581
7290108350555,false,נוזל כלים סנו ספארק Spark היפואלרגני פריחת השקד,סנו,IL,נוזל כלים סנו ספארק עור רגיש 1ליטר משאבה,ליטרים,1.00,ליטר,false,1,11.90,11.9000,true,1,110582
7290108350616,false,סנו - מקסימה מרכך כביסה מרוכז פריחה כחולה 1 ליטר,"סנו מפעלי ברונוס בע""",IL,מרכך מרוכז בלו בלוסום 1ליטר,ליטרים,1.00,ליטר,false,1,18.90,18.9000,true,1,113636
7290108350623,false,מרכך כביסה סופר מרוכז סופט סילק מקסימה 1 ל' סנו,"סנו מפעלי ברונוס בע""",IL,מרכך מרוכז סופט סילק 1ליטר,ליטרים,1.00,ליטר,false,1,18.90,18.9000,true,1,113675
7290108350685,false,"מנקה למדיח כלים סנו ספארק 250 מ""ל",סנו,IL,ספארק מנקה מדיח כלים 250 מל,מיליליטרים,250.00,"100 מ""ל",false,1,13.90,5.5600,true,1,118657
7290108350692,false,"אבקת כביסה מקסימה 6 ק""ג סנו",סנו מפעלי ברונוס בעמ,IL,"מקסימה 6 ק""ג BLACK",קילוגרמים,6.00,"ק""ג",false,1,49.90,8.3167,true,1,114084
7290108350753,false,"אורביטול משחת שיניים פרוטקט פרש, 145 גרם",גוד פוד פרודקטס S.p,IL,אורביטול PROTECT ַ& FRESH משחת שיניים 145 גרם,מיליליטרים,145.00,"100 מ""ל",false,1,12.90,8.8966,true,1,122972
7290108351118,false,"קוטל מעופפים 750 מ""ל K4000",סנו מפעלי ברונוס בעמ,IL,K-4000,מיליליטרים,750.00,"100 מ""ל",false,1,34.60,4.6133,true,1,113710
7290108351149,false,סנו - ג'ט לניקוי כללי ורצפות בתוספת אבקת סודה 1.5 ליטר,"סנו מפעלי ברונוס בע""",IL,ג'ט פלוס סודה 1.5 ליטר,ליטרים,1.50,ליטר,false,1,15.90,10.6000,true,1,114468
7290108351156,false,סנו - ג'ט לניקוי כללי ורצפות בתוספת חומץ 1.5 ליטר,"סנו מפעלי ברונוס בע""",IL,ג'ט פלוס חומץ 1.5 ליטר,ליטרים,1.50,ליטר,false,1,15.90,10.6000,true,1,114467
7290108351507,false,מרכך כביסה מקסימה סופט סילק 4 ל' סנו,סנו מקסימה,IL,מרכך כביסה מקסימה 4ליטר SOFT SILK,ליטרים,4.00,ליטר,false,1,22.90,5.7250,true,1,114350
7290108351514,false,מרכך כביסה בבישום עוצמתי פריחה כחולה,סנו מקסימה,IL,מרכך כביסה מקסימה BLUE BLOSSOM,ליטרים,4.00,ליטר,false,1,22.90,5.7250,true,1,114349
7290108351552,false,"סנו - ג'ט לניקוי כללי בתוספת חומץ בניחוח לבנדר 750 מ""ל","סנו מפעלי ברונוס בע""",IL,גט לניקוי כללי - בתוספת חומץ לניקוי והברקה בקלות,מיליליטרים,750.00,"100 מ""ל",false,1,13.90,1.8533,true,1,117810
7290108351613,false,סנו ריצפז פרש הום 2 ליטר בניחוח מלון חלומי,"סנו מפעלי ברונוס בע""",IL,'רצפז פ.הום מלון חלומי 2 ליטר,ליטרים,0.00,ליטר,false,1,21.90,0.0000,true,1,116726
7290108351699,false,סנו - ג'ט מטליות לחות לניקוי כללי בתוספת חומץ לבנדר שלישיה,סנו מפעלי ברונוס על,IL,מגבונים גט + חומץ מא,לא מנהל יחידת מידה,0.00,לא מנהל יחידת מידה,false,1,22.90,0.0000,true,1,121649
7290108351804,false,סנו - מקסימה מרכך כביסה מרוכז ג'נטל בריז 1 ליטר,מיוצר עי קונדיטוריית,IL,מרכך בבישום עוצמתי gentel breeze,ליטרים,1.00,ליטר,false,1,18.90,18.9000,true,1,142333
7290108351811,false,מקסימה מרכך כביסה סופר מרוכז פלור טאצ' 1 ליטר,מיוצר עי קונדיטוריית,IL,מרכך כביסה בבישום עוצמתי floral touch,ליטרים,1.00,ליטר,false,1,18.90,18.9000,true,1,142332
7290108351835,false,מרכך כביסה בבישום עוצמתי פלורל טאצ',מיוצר עי קונדיטוריית,IL,מרכך כביסה מקסימה 4 ליטר FLORAL TOUCH,ליטרים,4.00,ליטר,false,1,22.90,5.7250,true,1,142960
7290108351910,false,סנו ספארק טבליות למדיח 30 יח',גרופה אינקו,PL,טבליות למדיח 30 יחידות,לא מנהל יחידת מידה,0.00,לא מנהל יחידת מידה,false,1,25.90,0.0000,true,1,123574
7290108352207,false,מקסימה קפסולות לכביסה פלורל 40 יחידות,טרופיקל דגיל תעשיות,IL,סנו מקסימה קפסולות לכביסה 40 יח,יחידה,1.00,יחידה,false,1,39.90,39.9000,true,1,146245
7290108352214,false,סנו - מקסימה קפסולות כביסה בניחוח בריזה מרעננת 40 יח',טרופיקל דגיל תעשיות,IL,סנו מקסימה קפסולות לכביסה 40 יח,יחידה,1.00,יחידה,false,1,39.90,39.9000,true,1,146244
7290108352269,false,סנו מטליות לחיטוי ולניקוי בדלי 400 יחידו,החברה הדרומית,IL,דלי מטליות לחיטוי וניקוי 99.9%,יחידה,1.00,יחידה,false,1,31.90,31.9000,true,1,145487
7290108352276,false,מטליות לחיטוי ולניקוי רצפות 70*40 + פתח למגב,"סנו מפעלי ברונס בע""מ",IL,99.9% מטליות לחיטוי ולניקוי רצפות 10 יח,לא מנהל יחידת מידה,0.00,לא מנהל יחידת מידה,false,1,16.90,0.0000,true,1,144965
7290108352283,false,סנו 99.9% נוזל לחיטוי וניקוי רצפות 2 ליט,"סנו מפעלי ברונוס בע""",IL,99.9% נוזל לחיטוי וניקוי רצפות 2 ליטר,ליטרים,2.00,ליטר,false,1,23.90,11.9500,true,1,144966
7290108352351,false,"סנו תרסיס לחיטוי משטחים 99.9% - 400 מ""ל","סנו מפעלי ברונוס בע""",IL,99.9% תרסיס לחיטוי 400 מל,מיליליטרים,400.00,"100 מ""ל",false,1,21.90,5.4750,true,1,145982
7290108352382,false,מטליות לחות אישיות לחיטוי משטחים ואביזרים 99.9 % 20 יחי,טרופיקל דגיל תעשיות,IL,סנו 99.9% מטליות לחות לחיטוי 20 יח,יחידה,1.00,יחידה,false,1,11.90,11.9000,true,1,147239
7290108352399,false,ריצפז פרש הום בניחוח מרכך כביסה פלורל טאצ',"סנו מפעלי ברונוס בע""",IL,ריצפז פרש הום מרכך כביסה מקסימה פלורל 2,ליטרים,2.00,ליטר,false,1,21.90,10.9500,true,1,154656
7290108352436,false,סנובון מוצק בניחוח נגוליה ונרולי שלישייה,סנו מפעלי ברונוס בעמ,IL,סנובון מוצק מגנוליה ונרולי 3 יח',גרמים,165.00,100 גרם,false,1,19.90,12.0606,true,1,147827
7290108352450,false,ריצפז פרש הום בניחוח מרכך כביסה בלו בלוסום,סנו מפעלי ברונוס בעמ,IL,רצפז פרש הום 2ל מרכך כביסה,ליטרים,2.00,ליטר,false,1,21.90,10.9500,true,1,148781
7290108352535,false,סנו - מקסימה דפי בישום לחים למייבש הכביסה בניחוח מרכך כביסה,סנו מקסימה,IL,מקסימה דפי בישום לחים למייבש 20 יחידות,לא מנהל יחידת מידה,0.00,לא מנהל יחידת מידה,false,1,12.90,0.0000,true,1,154051
7290108352597,false,מגבונים לחים לניקוי כללי בדלי 400 יח,סנו,IL,מגבונים לחים לניקוי בדלי 400 יח,לא מנהל יחידת מידה,0.00,לא מנהל יחידת מידה,false,1,29.90,0.0000,true,1,113766
7290108352641,false,סנו סושי מטלית הפלא לניקוי כללי במארז שלישייה,סנו מפעלי ברונוס.,IL,מארז שלישיית מטליות הפלא לניקוי כללי,לא מנהל יחידת מידה,0.00,לא מנהל יחידת מידה,false,1,14.90,0.0000,true,1,116721
7290108352672,false,מטלית הפלא לריצפה זוג סנו סושי,סנו מפעלי ברונוס.,CN,זוג מטליות פלא לריצפה,Unknown,0.00,Unknown,false,1,21.90,0.0000,true,1,116720
7290108352801,false,"שקיות אשפה S לפחים קטנים 56*45 ס""מ בניחוח עדין","סנו מפעלי ברונוס בע""",IL,שקיות אשפה לפחים קטנים,לא מנהל יחידת מידה,0.00,לא מנהל יחידת מידה,false,1,21.90,0.0000,true,1,121056
7290108352818,false,מטלית במבוק לניקוי דוחה ריחות רעים,טרופיקל דגיל תעשיות,CN,סנו סושי מטלית במבוק לניקוי,לא מנהל יחידת מידה,0.00,לא מנהל יחידת מידה,false,1,7.90,0.0000,true,1,123567
7290108352825,false,ספוג הפלא נירוסטה סנו סושי 3יח',s.k.a.t ltdסנו מפעלי,IL,ספוג הפלא נירוסטה,גרמים,44.00,100 גרם,false,1,10.90,24.7727,true,1,121648
7290108352849,false,שלישיית מטליות הפלא לניקוי כללי דקור סנו סושי,טרופיקל דגיל תעשיות,IL,סנו סושי- מטלית הפלא 3 יח,יחידה,1.00,יחידה,false,1,14.90,14.9000,true,1,148809
7290108352894,false,סנו סושי מפת שולחן חגיגית,שואוגאנג,IL,סנו סושי מפת שולחן חגיגית XL,לא מנהל יחידת מידה,7.00,לא מנהל יחידת מידה,false,1,7.90,1.1286,true,1,124043
7290108352900,false,סנו סושי מגבות הפלא גליל כפול 6 גלילים,סנו מפעלי ברונוס בעמ,IL,"מגבות הפלא גליל כפול- מגבות עבות, חזקות וסופגות",לא מנהל יחידת מידה,0.00,לא מנהל יחידת מידה,false,1,21.90,0.0000,true,1,126854
7290108353006,false,שקיות מזון נקשרות סנו סושי 250 יח',מיוצר עי קונדיטוריית,IL,סנו סושי - שקיות אוכל נקשרות 250 יחידות XL,יחידה,1.00,יחידה,false,1,12.90,12.9000,true,1,144747
7290108353013,false,תבניות אינגלישקייק מנייר סנו סושי 5 יח',מיוצר עי קונדיטוריית,CN,סנו סושי תבניות אפיה מנייר 5 יח - אינגל,יחידה,1.00,יחידה,false,1,11.90,11.9000,true,1,142337
7290108353020,false,4 תבנית אפייה מנייר מלבנית גדולה סנו,מיוצר עי קונדיטוריית,CN,סנו סושי- תבניות אפייה מנייר,יחידה,1.00,יחידה,false,1,11.90,11.9000,true,1,142338
7290108353044,false,תב.אפייה מנייר סנו סושי מאפינס גדול 24 י,מיוצר עי קונדיטוריית,CN,תבניות אפייה מנייר L,יחידה,1.00,יחידה,false,1,10.90,10.9000,true,1,142340
7290108353068,false,ספוג הפלא נירוסטה עם סיבי קירצוף סנו סושי 2 יח',מיוצר עי קונדיטוריית,IL,כרית קרצוף עם סיבי נירוסטה,יחידה,1.00,יחידה,false,1,10.90,10.9000,true,1,143797
7290108353099,false,ממחטות אף במארז ניילון סנו סופט 5 יח' * 100 דף,טרופיקל דגיל תעשיות,IL,סנו סופט - 500 ממחטות אף דו שכבתיות נשלפות אחת אחת,יחידה,1.00,יחידה,false,1,15.90,15.9000,true,1,142343
7290108353440,false,אורביטול צמד מברשות שיניים 12000 סיבים,החברה הדרומית,CN,"מברשת שיניים אורביטול 12,000 סיבים זוג",יחידה,1.00,יחידה,false,1,29.90,29.9000,true,1,153171
7290108353501,false,סנו סושי שקיות אשפה עם ידיות 25 יח' XXL,טרופיקל דגיל תעשיות,IL,שקיות אשפה סנו סושי עם ידית - 25 יח,יחידה,1.00,יחידה,false,1,19.90,19.9000,true,1,143795
7290108353518,false,"תבניות אלומיניום עם ידיות אחיזה 34*29 ס""מ",קריניסה ויטמין אס אי,CN,סנו סושי תבניות אלומיניום XL עם ידית - 2,יחידה,1.00,יחידה,false,1,11.90,11.9000,true,1,143799
7290108353525,false,תבניות אלומיניום סנו סושי+ידית 4 יח L,קריניסה ויטמין אס אי,CN,סנו סושי תבניות אלומיניום L עם ידית - 4,יחידה,1.00,יחידה,false,1,11.90,11.9000,true,1,143800
7290108353532,false,"שקיות אשפה נשלפות עם שרוך 65*54 ס""מ L",סנו סושי,IL,שקיות אשפה סנו סושי עם שרוך - 100 יח,יחידה,1.00,יחידה,false,1,29.90,29.9000,true,1,143796
7290108353549,false,נייר אפייה סנו סושי 100 יח,"טופ פלסט 2002 בע""מ",IL,"סנו סושי נייר אפייה, 100 יחידות, 38X42 סמ",יחידה,1.00,יחידה,false,1,19.90,19.9000,true,1,143801
7290108353648,false,סנו סושי - שקיות אוכל מנייר 70 יחידות,"אשפלסט תעשיות בע""מ",TR,סנו סושי 70 שקיות אוכל מנייר + מדבקות במ,יחידה,1.00,יחידה,false,1,11.90,11.9000,true,1,147241
7290108353679,false,סנו סושי – ניילון שקופות 10 מפות,מיוצר עי קונדיטוריית,IL,סנו סושי - מפות ניילון שקופות נפתחות בקלות 10 יח,לא מנהל יחידת מידה,1.00,לא מנהל יחידת מידה,false,1,14.90,14.9000,true,1,144968
7290108353686,false,מטלית חלומית לריצפה מיקרופייבר,נינגבו סנבנג,CN,סנו סושי- מטלית חלומית לריצפה 1 יח,יחידה,1.00,יחידה,false,1,11.90,11.9000,true,1,150657
7290108353969,false,"קרמה - דאודורנט ספריי לאישה קרמה מאסק 150 מ""ל","אמיליה קוסמטיקס בע""מ",IL,"דאו ספריי קרמה מאסק, 150 מ""ל",מיליליטרים,150.00,"100 מ""ל",false,1,17.90,11.9333,true,1,152122
7290108353983,false,"קרמה - קרם גוף קרמה קלאסי 500 מ""ל",טרופיקל דגיל תעשיות,IL,קרמה קרם גוף קלאסי 500 מל,מיליליטרים,500.00,"100 מ""ל",false,1,24.90,4.9800,true,1,148783
7290108353990,false,"קרמה - קרם גוף קרמה מאסק 500 מ""ל",טרופיקל דגיל תעשיות,IL,קרמה קרם גוף מאסק 500 מל,מיליליטרים,500.00,"100 מ""ל",false,1,24.90,4.9800,true,1,148782
7290108354065,false,קרמה מן גל רחצה פילינג 700 מל לגבר,קוסמופארם בע''מ,IL,קרמה מן גל רחצה פילינג 700 מל,מיליליטרים,700.00,"100 מ""ל",false,1,18.90,2.7000,true,1,154658
7290108354270,false,מרכך כביסה מרוכז בבישום עוצמתי 1 ל' סנו מקסימה,מיוצר עי קונדיטוריית,IL,מרכך כביסה מקסימה CALM מרוכז 1 ליטר,ליטרים,1.00,ליטר,false,1,18.90,18.9000,true,1,153170
7290108354430,false,"שמפו כיף לשיקום והזנה שמן קוקוס וקרטין 700 מ""ל",קוסמופארם בעמ,IL,שמפו כיף שמן קוקוס וקרטין 700מל,מיליליטרים,700.00,"100 מ""ל",false,1,12.90,1.8429,true,1,148779
7290108354447,false,"מרכך כיף לשיקום והזנה שמן קוקוס וקרטין 700 מ""ל",גוד פוד פרודקטס S.p,IL,מרכך כיף שמן קוקוס וקרטין 700מל,מיליליטרים,700.00,"100 מ""ל",false,1,12.90,1.8429,true,1,148780
7290108354621,false,"מסיכה לשיער לחות מוגברת עם אפרסק וחמאת מורומורו 500 מ""ל כיף",סנו,IL,כיף מסכה לשיער אפרסק וחמאה 500 מל,מיליליטרים,500.00,"100 מ""ל",false,1,25.90,5.1800,true,1,156873
7290108354706,false,"קרמה - תחליב רחצה מאסק 500 מ""ל",החברה הדרומית,IL,"תחליב רחצה מאסק קרמה 500 מ""ל",מיליליטרים,500.00,"100 מ""ל",false,1,12.90,2.5800,true,1,153173
7290108354713,false,"קרמה - תחליב רחצה קלאסי 500 מ""ל",קוסמופארם,IL,"תחליב רחצה קרמה קלאסי 500 מ""ל",מיליליטרים,500.00,"100 מ""ל",false,1,12.90,2.5800,true,1,153174
7290108354829,false,"קרמה - קרם ידיים ורד הוניל 100 מ""ל",קוסמופארם,IL,קרמה קרם ידיים 100 מל ורד ווניל,מיליליטרים,100.00,"100 מ""ל",false,1,9.90,9.9000,true,1,147357
7290108354836,false,קרם ידיים מרוכז לידיים יבשות מאוד בבישום עדין,קוסמופארם,IL,קרם ידיים מרוכז קרמה בישום עדין 50 מל,מיליליטרים,50.00,"100 מ""ל",false,1,14.90,29.8000,true,1,147358
7290108354911,false,"שמפו, ג'ל רחצה וגילוח מועשר בתמצית אלוורה",טרופיקל דגיל תעשיות,IL,"קרמה מן שמפו, ג'ל רחצה וגילוח 700 מל",מיליליטרים,700.00,"100 מ""ל",false,1,18.90,2.7000,true,1,145603
7290108355192,false,"נטורל מרכך קרטין אינטנס למניעת קשקשים 400 מ""ל",נטורל פורמולה Natural Formula,IL,נטורל פורמולה מרכך קרטין טהור מונע קשקשים 400 מל,מיליליטרים,400.00,"100 מ""ל",false,1,29.90,7.4750,true,1,118660
7290108355208,false,"שמפו קרטין אינטנס למניעת קשקשים נטורל 400 מ""ל",נטורל פורמולה Natural Formula,IL,שמפו קרטין אינטנס למניעת קשקשים,מיליליטרים,400.00,"100 מ""ל",false,1,29.90,7.4750,true,1,118659
7290108355260,false,"נקה 7-שמפו 3ב1 שמפו ג'ל רחצה וסבון פנים לגבר 750 מ""ל","אמיליה קוסמטיקס בע""מ",IL,נקה 7 - שמפו + מרכך,מיליליטרים,750.00,"100 מ""ל",false,1,11.90,1.5867,true,1,122314
7290108355307,false,"נקה 7 - שמפו סירוק קל רוזמרין 750 מ""ל",גוד פוד פרודקטס S.p,IL,נקה 7 סירוק קל שמפו 750 מל,מיליליטרים,750.00,"100 מ""ל",false,1,12.90,1.7200,true,1,126859
7290108355314,false,מרכך לסירוק קל בתוספת רוזמרין,גוד פוד פרודקטס S.p,IL,מרכך סירוק קל 750 מל,מיליליטרים,750.00,"100 מ""ל",false,1,12.90,1.7200,true,1,126860
7290108355802,false,"תחליב רחצה קרמה ורד ווניל 700 מ""ל",גוד פוד פרודקטס S.p,IL,קרמה תחליב רחצה ורד ווניל 700 מל,מיליליטרים,700.00,"100 מ""ל",false,1,18.90,2.7000,true,1,147362
7290108355949,false,"תחליב רחצה קרמה נרולי ומנגוליה 700 מ""ל",קוסמופארם בעמ,IL,קרמה תחליב רחצה נרולי ומגנוליה 700 מל,Unknown,0.00,Unknown,false,1,18.90,0.0000,true,1,147363
7290108356113,false,"כיף תחליב רחצה דבש 700 מ""ל-מרכז",קוסמופארם בעמ,IL,"כיף תחליב רחצה חלב ודבש, 700 מל",מיליליטרים,700.00,"100 מ""ל",false,1,12.90,1.8429,true,1,122978
7290108356151,false,"תחליב רחצה כיף מאסק יסמין 700 מ""ל",גוד פוד פרודקטס S.p,IL,"כיף תחליב רחצה מאסק ויסמין, 700 מל",מיליליטרים,700.00,"100 מ""ל",false,1,12.90,1.8429,true,1,122981
7290108356168,false,"כיף - תחליב רחצה אוקיינוס 700 מ""ל",גוד פוד פרודקטס S.p,IL,"כיף תחליב רחצה אוקיינוס, 700 מל",מיליליטרים,700.00,"100 מ""ל",false,1,12.90,1.8429,true,1,122980
7290108356175,false,כיף אל סבון אבטיח ומנטה 1 ליטר משאבה,טרופיקל דגיל תעשיות,IL,כיף אל סבון קטיפתי בניחוח אבטיח 1 ליטר,ליטרים,1.00,ליטר,false,1,15.90,15.9000,true,1,147246
7290108356199,false,אל סבון כיף בניחוח אפרסק ופלפל שחור 1 ל,טרופיקל דגיל תעשיות,IL,כיף אל סבון אפרסק ופלפל שחור 1 ליטר,ליטרים,1.00,ליטר,false,1,15.90,15.9000,true,1,147245
7290108356489,false,"כיף - תחליב רחצה אפרסק וחמאת מורומורו 700 מ""ל",החברה הדרומית,IL,כיף תחליב רחצה אפרסק 700 מל,מיליליטרים,700.00,"100 מ""ל",false,1,12.90,1.8429,true,1,154661
7290108356519,false,קרליין שמפו 10למניעת קשקשים 700מל,החברה הדרומית,IL,קרליין שמפו 10 לשיער רגיל 700 מל,מיליליטרים,700.00,"100 מ""ל",false,1,13.90,1.9857,true,1,154662
7290108356526,false,"קרליין - שמפו 10 לשיער יבש 700 מ""ל",החברה הדרומית,IL,קרליין שמפו 10 לשיער יבש 700 מל,מיליליטרים,700.00,"100 מ""ל",false,1,13.90,1.9857,true,1,154663
7290108356564,false,"קרליין - מרכך 10 לשיער רגיל 700 מ""ל",החברה הדרומית,IL,קרליי מרכך 10 לשיער רגיל 700 מל,מיליליטרים,700.00,"100 מ""ל",false,1,13.90,1.9857,true,1,154664
7290108356571,false,"קרליין - מרכך 10 לשיער יבש 700 מ""ל",החברה הדרומית,IL,קרליין מרכך 10 לשיער יבש 700 מל,מיליליטרים,700.00,"100 מ""ל",false,1,13.90,1.9857,true,1,154665
7290108356809,false,סבון בוטני ורד ומרווה לניקוי וטיפוח הידיים טבעוני 1 ל' כיף,סנו,IL,כיף סבון בוטני ורד ומרווה ידיים 1 ליטר,ליטרים,1.00,ליטר,false,1,15.90,15.9000,true,1,156876
7290108357004,false,כיף שמפו ורד ושמן קוקוי לרכות וברק,טרופיקל דגיל תעשיות,IL,"כיף שמפו ורד ושמן קוקוי לרכות וברק 700 מ""ל",מיליליטרים,700.00,"100 מ""ל",false,1,12.90,1.8429,true,1,143601
7290108357011,false,כיף מרכך ורד ושמן קוקוי לרכות וברק,טרופיקל דגיל תעשיות,IL,"כיף מרכך ורד ושמן קוקוי לרכות וברק 700 מ""ל",מיליליטרים,700.00,"100 מ""ל",false,1,12.90,1.8429,true,1,143602
7290108357042,false,"קרליין - נושם ביו דאודורנט רול און 75 מ""ל Citrus Blossoms לאישה",החברה הדרומית,IL,קרליין דאודורנט רול און ביו סיטריס 75 מל,מיליליטרים,75.00,"100 מ""ל",false,1,13.90,18.5333,true,1,154666
7290108357059,false,"קרליין - נושם ביו דאודורנט רול און 75 מ""ל Secret Garden לאישה",החברה הדרומית,IL,קרליין דאודורנט רול און ביו גן קסום 75 מ,מיליליטרים,75.00,"100 מ""ל",false,1,13.90,18.5333,true,1,154667
7290108357189,false,"מבשם ומרכך למייבש הכביסה מקסימה פלורל 750 מ""ל סנו","סנו מפעלי ברונוס בע""",IL,מבשם מקסימה למייבש FLORAL TOUCH,יחידה,1.00,יחידה,false,1,18.90,18.9000,true,1,143805
7290108357196,false,"ג'ט פלוס לניקוי כללי בתוספת תמצית עץ התה 750 מ""ל סנו",מיוצר עי קונדיטוריית,IL,"מתז לניקוי סנו גט תמצית עץ, 750 מ""ל",מיליליטרים,750.00,"100 מ""ל",false,1,13.90,1.8533,true,1,152117
7290108357202,false,סנוקליר לניקוי בניחוח בלו בלוסום 1 ליטר,"סנו מפעלי ברונוס בע""",IL,סנוקליר בניחוח בלו 1 ליטר,ליטרים,1.00,ליטר,false,1,11.90,11.9000,true,1,150059
7290108357233,false,סנוקליר מטליות לחות לניקוי והברקה 50יח,סנו קליר,IL,מגבונים לחים לניקוי חלונות סנו קליר 50 ד,יחידה,1.00,יחידה,false,1,11.90,11.9000,true,1,154670
7290108357240,false,"אוקסיג'ן פאוור תוסף להסרת כתמים קשים 1.4 ק""ג",החברה הדרומית,IL,סנו אוקסיגן אבקת להסרת כתמים 1.4 קג,קילוגרמים,1.40,"ק""ג",false,1,29.90,21.3571,true,1,154671
7290108357271,false,סנובון ג'ל לניקוי אסלות עם חמצן פעיל לניקוי עוצמתי,סנו סנובון,IL,"סנובון נוזלי עם חמצן 750 מ""ל",מיליליטרים,750.00,"100 מ""ל",false,1,11.90,1.5867,true,1,154903
7290108357295,false,"סנו - אוקסיג'ן פאוור מרסס להסרת כתמים 750 מ""ל",החברה הדרומית,IL,"סנו אוקסיגן פאואר 750 מ""ל",מיליליטרים,750.00,"100 מ""ל",false,1,18.90,2.5200,true,1,155677
7290108357301,false,"סנו - K300 קוטל חרקים תיקנים ונמלים 300 מ""ל","סנו מפעלי ברונוס בע""",IL,סנו K300 קוטל חרקים 300 מל,מיליליטרים,300.00,"100 מ""ל",false,1,12.90,4.3000,true,1,154673
7290108357707,false,"כיף שמפו לשיער רגיל-תפוח זרעי צ'יה 700 מ""ל",גוד פוד פרודקטס S.p,IL,כיף שמפו לשיער רגיל תפוח זרעי ציה 700 מ,מיליליטרים,700.00,"100 מ""ל",false,1,12.90,1.8429,true,1,123838
7290108357714,false,"כיף שמפו לשיער יבש -רימונים ושמן ארגן 700 מ""ל",גוד פוד פרודקטס S.p,IL,כיף שמפו לשיער יבש רימונים ושמן ארג700 מ,מיליליטרים,700.00,"100 מ""ל",false,1,12.90,1.8429,true,1,123840
7290108357745,false,"כיף שמפו ומרכך 700 מ""ל 2ב-1 תאנה ומנטה",גוד פוד פרודקטס S.p,IL,כיף שמפו ומרכך 2+1 תאנה ומנטה700 מ,מיליליטרים,700.00,"100 מ""ל",false,1,12.90,1.8429,true,1,123841
7290108357769,false,"מרכך לשיער רגיל תפוח וזרעי צ'יה 700 מ""ל כיף",גוד פוד פרודקטס S.p,IL,כיף מרכך לשיער רגיל תפוח זרעי ציה 700 מ,מיליליטרים,700.00,"100 מ""ל",false,1,12.90,1.8429,true,1,123839
7290108357776,false,"כיף מרכך לשיער יבש -רימונים ושמן ארגן 700 מ""ל",גוד פוד פרודקטס S.p,IL,כיף מרכך לשיער יבש רימונים ושמן ארג700 מ,מיליליטרים,700.00,"100 מ""ל",false,1,12.90,1.8429,true,1,124165
7290108357851,false,"כיף - ג'ל רחצה אליקסיר אוילס מועשר בשמן קוקוס 700 מ""ל","קוסמופארם בע""מ",IL,כיף גל רחצה מעושר בשמן קוקוס 700 מל,מיליליטרים,700.00,"100 מ""ל",false,1,12.90,1.8429,true,1,154674
7290108357868,false,"כיף - ג'ל רחצה אליקסיר אויל מועשר בשמן מקדמיה 700 מ""ל",החברה הדרומית,IL,כיף גל רחצה מעושר בשמן מקדמיה 700 מל,מיליליטרים,700.00,"100 מ""ל",false,1,12.90,1.8429,true,1,154675
7290108357875,false,"כיף - שמפו לחות מוגברת עם אפרסק וחמאת מורומורו 700 מ""ל",החברה הדרומית,IL,כיף שמפו לחות מוגברת אפרסק 700 מל,מיליליטרים,700.00,"100 מ""ל",false,1,12.90,1.8429,true,1,154676
7290108358070,false,"תחליב רחצה קרמה קלאסי 700 מ""ל",גוד פוד פרודקטס S.p,IL,קרמה תחליב רחצה קלאסי 700 מל,מיליליטרים,700.00,"100 מ""ל",false,1,18.90,2.7000,true,1,147825
7290108359039,false,שקיות אשפה עם ידיות סנו סושי לפחים 30 יחידות,סנאט גרופ,IL,שקיות אשפה ידיות סנו סושי לפחים גבוהים 3,יחידה,1.00,יחידה,false,1,19.90,19.9000,true,1,150658
7290108359077,false,סנו - סופט לושן ממחטות אף בקופסא 3 שכבות 120 יח',סנו סופט Soft,IL,סופט לושן ממחטות אף 120 יחידות,יחידה,1.00,יחידה,false,1,13.90,13.9000,true,1,154678
7290108359091,false,כיסוי ניילון עם גומי 30 יח' L סנו סושי,סנו סושי,IL,סנו סושי כיסוי ניילון עם גומי L,יחידה,1.00,יחידה,false,1,10.90,10.9000,true,1,156881
7290108359145,false,סושי דפי ספוג הפלא 12יח',סנו סושי,US,סנו סושי דפי ספוג הפלא 12 יח,יחידה,12.00,יחידה,false,1,12.90,1.0750,true,1,156882
7290108359824,false,"כיף - בייבי כיף קרם 500 מ""ל",קוסמופארם בעמ,IL,"לעור רגיש, 500 מל",מיליליטרים,500.00,"100 מ""ל",false,1,25.90,5.1800,true,1,122977
7290108359855,false,"שמפו אל דמע בייבי כיף+משאבה 750 מ""ל",גוד פוד פרודקטס S.p,IL,"בייבי כיף שמפו אל דמע, 750 מל",מיליליטרים,750.00,"100 מ""ל",false,1,18.90,2.5200,true,1,122975
7290108359879,false,"אלסבון בייבי כיף+משאבה 750 מ""ל",קוסמופארם בעמ,IL,"בייבי כיף אל סבון 24 שעות לחות, 750 מל",מיליליטרים,750.00,"100 מ""ל",false,1,18.90,2.5200,true,1,122973
7290108359985,false,סנו - ז'אוול מרסס קצף לניקוי וחינו בניחוח פריחה לבנה 1 ליטר,סנו ז'אוול Javel,IL,סנו JAVEL מרסס פריחה לבנה 1 ליטר,ליטרים,1.00,ליטר,false,1,16.90,16.9000,true,1,154679
7290108420401,false,"תמר מג'הול 1 ק""ג",נסטלה פורינה USA ג',IL,תמר מהגול 1 קג,קילוגרמים,1.00,"ק""ג",false,1,24.90,24.9000,true,1,154643
7290108501346,false,גבינה גאודה מגורדת 28% 500 גר,Euro יורו מחלבות אירופה,DE,גבינת גאודה מגורדת 500גרם 28%,גרמים,500.00,100 גרם,false,1,24.90,4.9800,true,1,145747
7290108501360,true,גבינת צדר בשלה 200 ג,וויקה פארמס אל.טי.די,GB,גבינת צדר בשלה 200 גרם MATURED ORANGE,גרמים,200.00,100 גרם,false,1,22.90,11.4500,true,1,121985
7290108501407,false,גבינת צדר מיושנת 200 גרם,וויקה פארמס אל.טי.די,GB,גבינת צ'דר מיושנת 200 גרם VINTAGE,גרמים,200.00,100 גרם,false,1,22.90,11.4500,true,1,143387
7290108501490,true,גבינת מוצרלה חצי קשה,ג.וילי פוד אינטרנשיו,IL,"Euro cheese גבינת מוצרלה 24% שומן, 150 גרם",גרמים,150.00,100 גרם,false,1,15.90,10.6000,true,1,121977
7290108501650,false,חתיכות אננס בסירופ קל,טקרנג פיאפל אינדוסטר,CN,רביעיית חתיכות אננס בסירופ קל,לא מנהל יחידת מידה,0.00,לא מנהל יחידת מידה,false,4,12.90,0.0000,true,1,121228
7290108501667,false,רביעיית קוקטייל פירו,טקרנג פיאפל אינדוסטר,CN,רביעיית קוקטייל פירות בסירופ קל,לא מנהל יחידת מידה,0.00,לא מנהל יחידת מידה,false,4,12.90,0.0000,true,1,121229
7290108502145,false,גבינת צדר בשלה יורו,,GB,גבינת צדר בשלה יורו פרוסות 150 גרם,גרמים,150.00,100 גרם,false,1,19.90,13.2667,true,1,152820
7290108502305,false,גבינת גרדה פדנו משולש 150 גר`וילי פוד,וילי פוד,IT,גבינת גרנה פדנו משולש 150 גרם,גרמים,200.00,100 גרם,false,1,22.90,11.4500,true,1,143385
7290108502329,true,נתחי טונה בשמן זית 6,ארזינא,TH,נתחי טונה בשמן זית 640 גרם ויליפוד 1/4,גרמים,640.00,100 גרם,false,1,30.90,4.8281,true,1,122362
7290108502541,false,גבינת שמנת בטעם טבעי 22% שומן,Euro יורו מחלבות אירופה,TR,גבינת שמנת טבעי 200 גרם EURO,גרמים,200.00,100 גרם,false,1,13.90,6.9500,true,1,122782
7290108502589,false,גבינת שמנת שום 200גרם - EURO CHEESE,אטלסר&אלפרי קאסורק,DE,גבינת שמנת שום 200 גרם EURO,גרמים,200.00,100 גרם,false,1,13.90,6.9500,true,1,122786
7290108503043,false,תפוחונים חטיף פלחים מיובשים מארז 22X4ג',ינטאי זונגקאן פוד קו,CN,תפוחונים מיובשים מארז 3+1 88 גרם,גרמים,88.00,100 גרם,false,1,14.90,16.9318,true,1,124073
7290108503159,false,גבינה כחולה עם עובש 31% שומן,קסוס אל פסטור,ES,גבינה כחולה עם עובש 100 גרם EURO,גרמים,100.00,100 גרם,false,1,15.90,15.9000,true,1,122804
7290108504279,false,קשקבל \איבריקו\ מנצ'גו צ'אנק 150 גרם,ג.וילי פוד אינטרנשיו,ES,קשקבל צאנק 150גרם,גרמים,150.00,100 גרם,false,1,18.90,12.6000,true,1,146405
7290108504286,false,גבינת איבריקו צ'אנק 150 ג',ג.וילי פוד אינטרנשיו,ES,איבריקו צאנק 150גרם,גרמים,150.00,100 גרם,false,1,18.90,12.6000,true,1,146406
7290108504293,false,גבינה מנצ'גו צ'אנק 150 גר',ג.וילי פוד אינטרנשיו,ES,מנצגו צאנק 150גרם,גרמים,150.00,100 גרם,false,1,18.90,12.6000,true,1,146407
7290108505191,false,יוגורט עם פצפוצי שוקולד 5% שומן 150 גרם,Euro יורו מחלבות אירופה,GR,דלתא יוגורט עם פצפוצי שוקולד 5% 150גר,גרמים,150.00,100 גרם,false,1,5.50,3.6667,true,1,146410
7290108505207,false,יוגורט ען אוכמניות 0% שומן 150 גרם,Euro יורו מחלבות אירופה,GR,דלתא יוגורט עם אוכמניות 0% 150גרם,גרמים,150.00,100 גרם,false,1,5.50,3.6667,true,1,146411
7290108505726,false,אצבעות-גבינה חצי קשה 25% שומן 200גר,סאסו פטוראגס קומטויס,TR,אצבעות גבינה חצי קשה 25% 200גרם,גרמים,200.00,100 גרם,false,1,13.90,6.9500,true,1,146414
7290108506495,false,"כנאפה מאפה בצק ""שערות"" קדאיף וגבינה",ארמה גרופ,TR,כנאפה קפוא 192.5גרם,גרמים,193.00,100 גרם,false,1,14.90,7.7202,true,1,145700
7290108506624,false,עיזים צ'אנק עיזים 150 גר רבנות,אל פסטור,ES,עיזים צאנק 150גרם,גרמים,150.00,100 גרם,false,1,18.90,12.6000,true,1,146419
7290108506709,false,גבינת פרמג'יאנו רג'יאנו 150 גר' רבנות,וילי פוד,IT,גבינת פרמגאנו רגיאנו 150 גרם,גרמים,150.00,100 גרם,false,1,28.90,19.2667,true,1,145590
7290108507065,false,גבינת פרמג'יאנו רג'יאנו מגורדת 100 גרם,זנאתי,IT,גבינת פרמגיאנו רגיאנו מגורדת 100 גרם,גרמים,100.00,100 גרם,false,1,14.90,14.9000,true,1,149534
7290108507072,false,שבבי גבינת גרנה פדנו 100 גרם,זנאתי,IT,שבבי גבינת גרנה פדנו 100 גרם,גרמים,100.00,100 גרם,false,1,13.90,13.9000,true,1,149533
7290108508703,false,טורטיה ללא גלוטן 270 גרם ויליפוד,מוטלוקל גידה סאנאי ט,TR,טורטיה ללא גלוטן 270 ג 6 יחידות,גרמים,270.00,100 גרם,false,1,9.90,3.6667,true,1,150120
7290108509113,false,"גבינה בולגרית מעודנת 18% שומן 250 גרם חת""ס פ""ת",Euro יורו מחלבות אירופה,TR,גבינה בולגרית מעודנת יורו 18% 250 גרם,גרמים,250.00,100 גרם,false,1,11.90,4.7600,true,1,154790
7290108509137,false,"גבינה בולגרית מעודנת 5% שומן 250 גרם חת""ס פ""ת",סוטאש,TR,גבינה בולגרית מעודנת יורו 5% 250 גרם,גרמים,250.00,100 גרם,false,1,11.90,4.7600,true,1,154791
7290108509267,false,ארוחת פסטה עם רוטב גבינה 206 גרם,הנסיך- מפעל לייצור ט,UA,פסטה עם רוטב גבינה 206 גרם,גרמים,206.00,100 גרם,false,1,9.90,4.8058,true,1,153622
7290108896763,false,מברשת שיער אובלי,IMPOFIX,,מברשת שיער אובלי,יחידה,1.00,יחידה,false,1,14.90,14.9000,true,1,115994
7290109350110,false,לחם מחמצת אגוזים אפו,בונז'ור,,לחם מחמצת אגוזים אפוי ק. בונזור 12*440גר,גרמים,440.00,100 גרם,false,1,16.90,3.8409,true,1,114081
7290109350134,false,לחם מחמצת כפרי אפוי,בונזור,,לחם מחמצת כפרי אפוי קפוא בונזור 10*505גר,גרמים,505.00,100 גרם,false,1,16.90,3.3465,true,1,114079
7290109350158,false,לחם מחמצת זיתי קלמטה,בונזור,,לחם מחמצת זיתי קלמטה בונזור 12*440גר,גרמים,440.00,100 גרם,false,1,16.90,3.8409,true,1,114080
7290109353272,false,פסטה ספגטי עתירה בסיבים תזונתיים Perfecto,אסם פרפקטו Perfecto,IT,ספגטי פרפקטו עתיר בסיבים 500 גרם,גרמים,500.00,100 גרם,false,1,7.90,1.5800,true,1,113695
7290109354101,false,לחמית ללא גלוטן 200 ג' אסם,"אסם תעשיות בע""מ",IL,לחמית ללא גלוטן 12*200גרם,גרמים,200.00,100 גרם,false,1,10.50,5.2500,true,1,115839
7290109354996,false,פתי בר ללא גלוטן שוקו 200 גרם אסם,מיוצר עי קונדיטוריית,IL,אסם פתי בר ללא גלוטן שוקו 12*200גרם,גרמים,200.00,100 גרם,false,1,11.90,5.9500,true,1,114092
7290109355504,false,שלגון וניל במילוי נוגט קראנץ 100 גרם,נטו מלינדה-בשר,IL,נסטלה קראנץ ונל.ליבת נגט.שקלד.לבן28*100ג,גרמים,100.00,100 גרם,false,1,10.50,10.5000,true,1,114343
7290109358260,false,טבעול נקניקיות עם חלבון 6*600גרם,עיצובים 2020 (4.8),IL,נקניקיות עם חלבון טבעול 600 גרם,גרמים,600.00,100 גרם,false,1,32.90,5.4833,true,1,116156
7290109358284,false,טבעול שניצל תירס עם חלבון 6*664גרם,עיצובים 2020 (4.8),IL,טבעול שניצל תירס עם חלבון 6*664גרם,גרמים,664.00,100 גרם,false,1,32.90,4.9548,true,1,116155
7290109358482,false,עוגיות קרמוגית במילוי קרם בטעם חלבה,היינץ צפון אמריקה מק,IL,אסם קרמוגית במילוי חלבה 12*200גרם,גרמים,200.00,100 גרם,false,1,11.90,5.9500,true,1,123609
7290109358765,false,דגני בוקר קראנץ' רולס נוגט 450 גרם,"אסם תעשיות בע""מ",IL,דגני קראנץ רולס 450 גרם,גרמים,450.00,100 גרם,false,1,19.90,4.4222,true,1,115541
7290109580012,false,בורגר אנטריקוט קלאסי,זוגלובק,IL,בורגר אנטריקוט קלאסי 360 גר,גרמים,360.00,100 גרם,false,1,23.90,6.6389,true,1,145212
7290109580050,false,נקניקיות צ'וריסוס וונדרס 0% בשר טבעוני ללא גלוטן,זוגלובק וונדרס Wonders,IL,צוריסו וונדרס 226 גרם,גרמים,226.00,100 גרם,false,1,34.90,15.4425,true,1,150162
7290109580098,false,קבנוס בטעם סרירצ'ה 135 ג' זוגלובק,זוגלובק,IL,קבנוס בטעם סרירצה 135 גרם,גרמים,135.00,100 גרם,false,1,12.50,9.2593,true,1,154362
7290109580104,false,רוסביף פרימיום 150 גרם זוגלובק,זוגלובק,IL,רוסטביף זוגלובק פרימיום 150 גרם,גרמים,150.00,100 גרם,false,1,25.90,17.2667,true,1,149715
7290109580111,false,"צלעות אסאדו מעושנות פרימיום, 120 גרם",זוגלובק,IL,צלעות אסאדו מעושנות פרימיום 120 גרם,גרמים,120.00,100 גרם,false,1,23.90,19.9167,true,1,154361
7290109580135,false,קורנדביף פרימיום 180 גרם זוגלובק,זוגלובק,IL,קורנדביף זוגלובק פרימיום 180 גרם,גרמים,180.00,100 גרם,false,1,25.90,14.3889,true,1,149717
7290109580166,false,סרוולד קלאסי פרימיום 150 גרם זוגלובק,זוגלובק,IL,סרוולד קלאסי זוגלובק פרימיום 150 גרם,גרמים,150.00,100 גרם,false,1,25.90,17.2667,true,1,149718
7290109580210,false,נקנקיות ריינהולד'ס הצרפתיה זוגלובק 300 ג',זוגלובק,IL,נקניקיות ריינהולדס הצרפתיה 300 גרם,גרמים,300.00,100 גרם,false,1,18.90,6.3000,true,1,152822
7290109580227,false,נקניקיות עוף ובקר בסגנון ברלינאי קאריוורסט,זוגלובק,IL,נקניקיות ריינהולדס קאריוורסט 300 גרם,גרמים,300.00,100 גרם,false,1,18.90,6.3000,true,1,152823
7290109580234,false,"נקניקיות מרגז חריפות וונדרס 0% בשר, טבעוני",זוגלובק וונדרס Wonders,IL,נקניקיות מרגז וונדרס 226 גרם,גרמים,226.00,100 גרם,false,1,34.90,15.4425,true,1,153619
7290109580241,false,נאגטס מן הצומח זוגלובק 500 גרם,זוגלובק טבע,IL,נאגטס מן הצומח זוגלובק 500 גרם,גרמים,500.00,100 גרם,false,1,24.90,4.9800,true,1,156652
7290109580319,false,"בורגר וונדרס 0% בשר , טבעוני",זוגלובק וונדרס Wonders,IL,בורגר וונדרס 280 גרם,גרמים,280.00,100 גרם,false,1,34.90,12.4643,true,1,153620
7290109580432,false,פסטרמה חזה הודו מעושן 120 גר' זוגלובק,זוגלובק,IL,פסטרמה חזה הודו מעושן 120 גר דק דק,גרמים,120.00,100 גרם,false,1,14.90,12.4167,true,1,155352
7290109580449,false,סלמי בטעם כמהין פרימיום 180 ג' זוגלובק,זוגלובק,IL,סלמי בטעם כמהין פרימיום 180 גרם,גרמים,180.00,100 גרם,false,1,25.90,14.3889,true,1,155353
7290109640785,false,מאפה פילאס טבעוני במילוי בסגנון פיצה,סנו מפעלי ברונוס.,IL,מאפה פילאס במילוי בסגנון פיצהמשו משו 600,גרמים,600.00,100 גרם,false,1,27.90,4.6500,true,1,150099
7290109920146,false,"דורגול מסיר אבנית מקומקומים 750 מ""ל",יעקובי דורגול,,יעקבי דורגול מסיר אבן ללא הרתחה 750 מל,מיליליטרים,750.00,"100 מ""ל",false,1,20.90,2.7867,true,1,115913
7290109920313,true,אסטוניש מרסס שמשות,פרח,,אסטוניש מבריק שמשות 750 מל,Unknown,0.00,Unknown,false,1,15.90,0.0000,true,1,122579
7290109920597,true,אסטוניש מרסס למקלחון,פרח,,אסטוניש תרסיס למקלחון 750 מל,Unknown,0.00,Unknown,false,1,15.90,0.0000,true,1,134287
7290109920603,true,אסטוניש קרם מטבח חדש,פרח,,יעקבי אסטוניש הלוגן לכיריים מזכוכית קרמית 500 מל,Unknown,0.00,Unknown,false,1,11.90,0.0000,true,1,134288
7290109920627,true,אסטוניש קרם אמבט,פרח,,יעקבי אסטוניש לחדר האמבט 500 מל,Unknown,0.00,Unknown,false,1,11.90,0.0000,true,1,122578
7290109920658,true,אסטוניש מרסס אנטי בק,פרח,,אסטוניש אנטיבקטריאלי מטבח 750 מל,Unknown,0.00,Unknown,false,1,15.90,0.0000,true,1,134289
7290109920672,true,הפי- אבקה למדיח 56,,,הפי- אבקה למדיח 56,Unknown,0.00,Unknown,false,1,24.90,0.0000,true,1,134290
7290109920757,true,הפי מרוכז ורדים,קרלו,BE,"hepi יעקבי, מרכך כביסה סופר מרוכז, ורדים, 1 ליטר",Unknown,0.00,Unknown,false,1,12.90,0.0000,true,1,134293
7290109920825,false,צמד-דורגול אספרסו + דורגול מקציף חלב מתנה,יעקובי דורגול,CH,אספרסו מנקה ומסיר אבנית 500 מל,מיליליטרים,500.00,"100 מ""ל",false,1,31.90,6.3800,true,1,126886
7290109920849,true,אסטוניש מרסס רב תכלי,פרח,,אסטוניש מרסס רב תכלי,Unknown,0.00,Unknown,false,1,15.90,0.0000,true,1,134294
7290109921303,false,טורבול סופג לחות 2 מגשיות,יעקובי,SE,טורבול SLIM ספוג לחות 2 מגשיות,מיליליטרים,100.00,"100 מ""ל",false,1,31.90,31.9000,true,1,126892
7290109921334,false,אידאל דפי כביסה 15 יח' יעקבי,יעקובי,ES,"אידיאל דפי בד לכביסה 15 יח """,לא מנהל יחידת מידה,0.00,לא מנהל יחידת מידה,false,1,12.90,0.0000,true,1,124081
7290109921372,false,אסטוניש משחה לניקוי תנורים וגריל+ספוג 250 גר',יעקובי אסטוניש,GB,אסטוניש משחה לניקוי תנור וגריל +ספוג,גרמים,250.00,100 גרם,false,1,19.90,7.9600,true,1,125802
7290109921419,false,זוג סבון אסלה כחול+אקונומיקה,רלווי,IT,סבון אסלה כחול זוגי עם אקונומיקה,גרמים,33.00,100 גרם,false,1,11.90,36.0606,true,1,126897
7290109921563,false,יעקבי רצפות שיש 1.25 ליטר,וונדפוט,BE,יעקבי לרצפות שיש 1.25 ליטר,ליטרים,1.25,ליטר,false,1,17.90,14.3200,true,1,143043
7290109921570,false,יעקבי רצפות לניקוי פרקט 1.25 ליטר,וונדפוט,BE,יעקבי לניקוי פרקט 1.25 ליטר,ליטרים,1.25,ליטר,false,1,17.90,14.3200,true,1,143044
7290109921587,false,רצפות גרניט פורצלן ייבוש מהיר ללא סימנים,וונדפוט,BE,יעקבי רצפות גרניט פורצלן 1.25 ליטר,ליטרים,1.25,ליטר,false,1,17.90,14.3200,true,1,143042
7290110059712,false,רחפן משיכה עם סוכריו,,,רחפן משיכה עם סוכריות קשות מניונים יחיד,לא מנהל יחידת מידה,0.00,לא מנהל יחידת מידה,false,1,5.90,0.0000,true,1,117083
7290110110352,false,"בירה קרלסברג 0.0 בק 330 מ""ל",קרלסברג רומניהיבואן:,RO,"קרלסברג 0.0 בק 330 מ""ל ייבוא",מיליליטרים,330.00,"100 מ""ל",false,1,4.90,1.4848,true,1,144225
7290110110369,false,שישיית בירה קרלסברג LUMA בקבוק 330 מל,מבשלות בירה בינלאומי,IL,"קרלסברג LUMA שישייה 330 מ""ל",ליטרים,1.98,ליטר,false,6,49.90,25.2020,true,1,146428
7290110110574,false,"קוקה קולה זירו לימון פחית 330 מ""ל",החברה המרכזית לייצור,IL,"סליק קולה ZERO לימון 330 מ""ל מבצע",מיליליטרים,330.00,"100 מ""ל",false,1,5.90,1.7879,true,1,120785
7290110110635,false,ספרייט 0.5 ליים חייב פקדון,החברה המרכזית לייצור,IL,"ספרייט בקבוק 500 מ""ל",מיליליטרים,500.00,"100 מ""ל",false,1,7.50,1.5000,true,1,119229
7290110110659,false,"ספרייט לימון ליים פחית 330מ""ל",החברה המרכזית לייצור,IL,"סליק ספרייט LIME 330 מ""ל מבצע",מיליליטרים,330.00,"100 מ""ל",false,1,5.90,1.7879,true,1,119228
7290110110765,false,פיוז טי גרין בטעם לימון נענע 500 מל,מבשלות בירה בינלאומי,IL,פיוזטי גרין לימון נענע 0.5 ליטר,מיליליטרים,500.00,"100 מ""ל",false,1,8.50,1.7000,true,1,120790
7290110113421,false,"בירה קרלסברג LUMA בקבוק 330 מ""ל",מבשלות בירה בינלאומי,IL,קרלסברג LUMA בק 330 בודד,מיליליטרים,330.00,"100 מ""ל",false,1,9.90,3.0000,true,1,146429
7290110113902,false,בירה טובורג פחית סלי,מבשלות בירה בינלאומי,IL,"טובורג רד פחית 330 מ""ל",מיליליטרים,330.00,"100 מ""ל",false,1,7.90,2.3939,true,1,152699
7290110113926,false,פאנטה ZERO אורנג 0.5 חייב פקדון,החברה המרכזית לייצור,IL,"פאנטה ZERO אורנג' 500 מ""ל",מיליליטרים,500.00,"100 מ""ל",false,1,7.50,1.5000,true,1,152305
7290110114787,false,נביעות + תפוח 1.5 ליטר פיקדון,נביעות טבע הגליל בעמ,IL,נביעות+ בטעם תפוח 1.5 ליטר,ליטרים,1.50,ליטר,false,1,9.90,6.6000,true,1,153512
7290110114794,false,נביעות + אפרסק 1.5 ליטר פיקדון,"נביעות טבע הגליל בע""",IL,נביעות + בטעם אפרסק 1.5 ליטר,ליטרים,1.50,ליטר,false,1,9.90,6.6000,true,1,153513
7290110114800,false,נביעות פלוס בטעם ענבים 1.5 ליטר-,פארייפאבה אגרואינדוס,IL,נביעות + בטעם ענבים 1.5 ליטר,ליטרים,1.50,ליטר,false,1,9.90,6.6000,true,1,153514
7290110114855,false,"נביעות מים מינרליים, שישיה 6 * 1.5 ליטר פקדון",נביעות טבע הגליל בעמ,IL,6 נביעות 1.5 ליטר,ליטרים,9.00,ליטר,false,6,13.90,1.5444,true,1,153519
7290110114893,false,פריגת סחוט טרי תפוז 2 ליטר,היינץ צפון אמריקה מק,IL,סחוט תפוזים קלאסי 2 ליטר,ליטרים,2.00,ליטר,false,1,26.90,13.4500,true,1,153522
7290110114961,false,מיץ בטעם תפוזים 1.5ל' פריגת,מבשלות בירה בינלאומי,IL,"פריגת תפוזים, 1.5 ליטר",ליטרים,1.50,ליטר,false,1,9.90,6.6000,true,1,153526
7290110114985,false,פריגת אשכולית 1.5 ליטר פיקדון,מבשלות בירה בינלאומי,IL,פריגת בטעם אשכוליות 1.5 ליטר,ליטרים,1.50,ליטר,false,1,9.90,6.6000,true,1,153528
7290110114992,false,פריגת light אשכולית 1.5 ליטר פיקדון,מבשלות בירה בינלאומי,IL,פריגת טעם אשכוליות דל קלוריות 1.5 ליטר,ליטרים,1.50,ליטר,false,1,9.90,6.6000,true,1,153529
7290110115005,false,פריגת ענבים 1.5 ליטר פיקדון,מבשלות בירה בינלאומי,IL,משקה קל פירות ענבים תפוחים,ליטרים,1.50,ליטר,false,1,9.90,6.6000,true,1,153530
7290110115029,false,"פריגת משק""ל תפוח 1.5 ליטר פיקדון",מבשלות בירה בינלאומי,IL,פריגת בטעם תפוחים 1.5 ליטר,ליטרים,1.50,ליטר,false,1,9.90,6.6000,true,1,153532
7290110115036,false,פריגת מנגו 1.5 ליטר פיקדון,מבשלות בירה בינלאומי,IL,"משק""ל מנגו 1.5 ליטר",ליטרים,1.50,ליטר,false,1,9.90,6.6000,true,1,153533
7290110115043,false,פריגת לימונענע 1.5 ליטר פיקדון,מבשלות בירה בינלאומי,IL,משקה קל פירות לימונענע,ליטרים,1.50,ליטר,false,1,9.90,6.6000,true,1,153534
7290110115050,false,פריגת מיקס תות בננה 1.5 ליטר פיקדון,מבשלות בירה בינלאומי,IL,פריגת טעם תות בננה 1.5 ליטר,ליטרים,1.50,ליטר,false,1,9.90,6.6000,true,1,153535
7290110115067,false,פריגת אפרסק 1.5 ליטר פיקדון,מבשלות בירה בינלאומי,IL,פריגת בטעם אפרסק 1.5 ליטר,ליטרים,1.50,ליטר,false,1,9.90,6.6000,true,1,153536
7290110115081,false,פריגת צלול ענבים 1.5 ליטר פיקדון,מבשלות בירה לישראל ב,IL,פריגת צלול משקה קל ענבים תפוחים,ליטרים,1.50,ליטר,false,1,9.90,6.6000,true,1,153537
7290110115104,false,פריגת צלול אפרסק 1.5 ליטר פיקדון,מבשלות בירה בינלאומי,IL,פריגת צלול משקה קל אפרסקים תפוחים,ליטרים,1.50,ליטר,false,1,9.90,6.6000,true,1,153539
7290110115111,false,פריגת צלול אננס 1.5 ליטר פיקדון,מבשלות בירה לישראל ב,IL,פריגת צלול משקה קל אננס,ליטרים,1.50,ליטר,false,1,9.90,6.6000,true,1,153540
7290110115128,false,פריגת צלול בטעם לימונענע 1.5 ליטר פיקדון,מבשלות בירה לישראל ב,IL,פריגת צלול משקה קל לימונענע,ליטרים,1.50,ליטר,false,1,9.90,6.6000,true,1,153541
7290110115234,false,קוקה קולה זירו נטול 1.5 ליטר -,החברה המרכזית לייצור,IL,קוקה קולה ZERO נטול 1.5 ליטר,ליטרים,1.50,ליטר,false,1,8.90,5.9333,true,1,153550
7290110115241,false,קוקה קולה זירו לימון 1.5 ליטר -,החברה המרכזית לייצור,IL,קוקה קולה ZERO לימון 1.5 ליטר,ליטרים,1.50,ליטר,false,1,8.90,5.9333,true,1,153551
7290110115258,false,קוקה קולה זירו מנגו 1.5 ליטר -,החברה המרכזית לייצור,IL,קולה ZERO מנגו 1.5 ליטר,ליטרים,1.50,ליטר,false,1,8.90,5.9333,true,1,153552
7290110115289,false,ספרייט 19 קל' לימון-נענע 1.5 ליטר פיקדון,החברה המרכזית לייצור,IL,ספרייט 19 קל' לימון-נענע 1.5 ליטר,ליטרים,1.50,ליטר,false,1,8.90,5.9333,true,1,153555
7290110115296,false,פאנטה אורנג' 1.5 ליטר פיקדון,החברה המרכזית לייצור,IL,פאנטה אורנג' 1.5 ליטר,ליטרים,1.50,ליטר,false,1,8.90,5.9333,true,1,153556
7290110115302,false,פאנטה ZERO אורנג' 1.5 ליטר פיקדון,החברה המרכזית לייצור,IL,פאנטה ZERO אורנג' 1.5 ליטר,ליטרים,1.50,ליטר,false,1,8.90,5.9333,true,1,153557
7290110115326,false,פאנטה אורנג' מנגו 1.5 ליטר פיקדון,החברה המרכזית לייצור,IL,פאנטה אורנג' מנגו 1.5 ליטר,ליטרים,1.50,ליטר,false,1,8.90,5.9333,true,1,153559
7290110115364,false,שישייה קוקה קולה 1.5 ליטר פיקדון,החברה המרכזית לייצור,IL,קוקה קולה שישיות 1.5 ליטר,ליטרים,9.00,ליטר,false,6,49.90,5.5444,true,1,153562
7290110115418,false,מארז שישייה קוקה קולה זירו 1.5 ל',החברה המרכזית לייצור,IL,קולה ZERO שישיות 1.5 ליטר,ליטרים,9.00,ליטר,false,6,47.90,5.3222,true,1,153567
7290110115449,false,אייס תה בטעם מנגו אננס 1.5ל' FUZE TEA,מבשלות בירה בינלאומי,IL,פיוזטי מנגו אננס 1.5 ליטר,ליטרים,1.50,ליטר,false,1,9.90,6.6000,true,1,153570
7290110115456,false,"תה קר בטעם אפרסק 19 קלוריות ב- 100 מ""ל",מבשלות בירה בינלאומי,IL,FUZE tea אפרסק 19 קל' 1.5 ליטר,ליטרים,1.50,ליטר,false,1,9.90,6.6000,true,1,153571
7290110115463,false,פיוז טי אפרסק 1.5 ליטר פיקדון,מבשלות בירה בינלאומי,IL,פיוזטי אפרסק 1.5 ליטר,ליטרים,1.50,ליטר,false,1,9.90,6.6000,true,1,153572
7290110115494,false,אייס תה בטעם ענבים 1.5ל' FUZE TEA,מבשלות בירה בינלאומי,IL,פיוזטי ענבים 1.5 ליטר,ליטרים,1.50,ליטר,false,1,9.90,6.6000,true,1,153575
7290110115531,false,פאנטה אורנג' זירו תפוח 1.5 ליטר-,החברה המרכזית לייצור,IL,פאנטה ZERO תפוח 1.5 ליטר,ליטרים,1.50,ליטר,false,1,8.90,5.9333,true,1,153578
7290110115586,false,פריגת תפוזים 40% פחות סוכר 1.5 ליטר פיקדון,מבשלות בירה בינלאומי,IL,"פריגת משק""ל תפוזים 40% פחות סוכר 1.5 ליטר",ליטרים,1.50,ליטר,false,1,9.90,6.6000,true,1,153579
7290110115593,false,פריגת אשכוליות 40% פחות סוכר 1.5 ליטר פיקדון,מבשלות בירה בינלאומי,IL,"פריגת משק""ל אשכוליות 40% פחות סוכר 1.5 ליטר",ליטרים,1.50,ליטר,false,1,9.90,6.6000,true,1,153580
7290110115609,false,משקה קל פריגת ענבים,מבשלות בירה בינלאומי,IL,"פריגת משק""ל ענבים 40% פחות סוכר 1.5 ליטר",ליטרים,1.50,ליטר,false,1,9.90,6.6000,true,1,153581
7290110115616,false,FUZE tea zero גרין אננס 1.5 ליטר פיקדון,מבשלות בירה בינלאומי,IL,פיוזטי ZERO גרין אננס 1.5 ליטר,ליטרים,1.50,ליטר,false,1,9.90,6.6000,true,1,153646
7290110115623,false,משקה פיוז טי זירו ZERO בטעם אפרסק,מבשלות בירה בינלאומי,IL,פיוזטי ZERO אפרסק 1.5 ליטר,ליטרים,1.50,ליטר,false,1,9.90,6.6000,true,1,153647
7290110115661,false,"אייס תה ZERO אפרסק 500 מ""ל FUZE tea",מבשלות בירה בינלאומי,IL,פיוזטי ZERO אפרסק 0.5 ליטר,מיליליטרים,500.00,"100 מ""ל",false,1,8.50,1.7000,true,1,153644
7290110115777,false,מים מינרליים נביעות 1.5 ל,נביעות,,מים נביעות בקבוק 1.5 ליטר,ליטרים,1.50,ליטר,false,1,4.20,2.8000,true,1,153667
7290110115838,false,ספרייט לימון- ליים 1.5 ליטר,"אינסטנטה בע""מ",IL,ספרייט זירו בקבוק 1.5 ליטר,ליטרים,1.50,ליטר,false,1,8.90,5.9333,true,1,153554
7290110115845,false,קוקה קולה 1.5 ליטר פיקדון,"אינסטנטה בע""מ",IL,קוקה קולה בקבוק 1.5 ליטר,ליטרים,1.50,ליטר,false,1,8.90,5.9333,true,1,153547
7290110115852,false,דיאט קוקה קולה 1.5 ליטר -,תות תעשיות מזון (201,IL,קוקה קולה דיאט בקבוק 1.5 ליטר,ליטרים,1.50,ליטר,false,1,8.90,5.9333,true,1,153548
7290110115869,false,קוקה קולה זירו 1.5 ליטר פיקדון,תות תעשיות מזון (201,IL,קוקה קולה זירו בקבוק 1.5 ליטר,ליטרים,1.50,ליטר,false,1,8.90,5.9333,true,1,153549
7290110115876,false,קינלי סודה 1.5ליטר-,"אינסטנטה בע""מ",IL,סודה קינלי 1.5 ליטר,ליטרים,1.50,ליטר,false,1,5.20,3.4667,true,1,153561
7290110115975,false,קוקה קולה זירו בקבוק,החברה המרכזית לייצור,IL,קוקה קולה זירו בקבוק 1 ליטר,ליטרים,1.00,ליטר,false,1,8.00,8.0000,true,1,155095
7290110116064,false,פאנטה ZERO פירות ירוק 1.5 ליטר פיקדון,החברה המרכזית לייצור,IL,פאנטה זירו ירוק 1.5 ליטר,ליטרים,1.50,ליטר,false,1,8.90,5.9333,true,1,155301
7290110116071,false,ZERO פאנטה פירות יר,החברה המרכזית לייצור,IL,"פאנטה ZERO ירוק 500 מ""ל",מיליליטרים,500.00,"100 מ""ל",false,1,7.50,1.5000,true,1,155303
7290110116125,false,סירופ בטעם פטל 750 מל פריגת,סירופ - גבעת חיים,IL,סירופ בטעם פטל 750 מל,מיליליטרים,750.00,"100 מ""ל",false,1,24.90,3.3200,true,1,157170
7290110116132,false,סירופ בטעם לימון 750 מל פריגת,סירופ - גבעת חיים,IL,סירופ בטעם לימון 750 מל,מיליליטרים,750.00,"100 מ""ל",false,1,24.90,3.3200,true,1,157171
7290110116149,false,סירופ בטעם ענבים 750 מל פריגת,סירופ - גבעת חיים,IL,סירופ בטעם ענבים 750 מל,מיליליטרים,750.00,"100 מ""ל",false,1,24.90,3.3200,true,1,157172
7290110116385,false,קוקה קולה זירו מרשמלו פחית 330 מל,החברה המרכזית למשקאו,IL,קולה קולה זירו סטאפני 330 מל,מיליליטרים,330.00,"100 מ""ל",false,1,7.50,2.2727,true,1,155826
7290110116392,false,סירופ בטעם תפוזים 750 מל פריגת,סירופ - גבעת חיים,IL,סירופ בטעם תפוזים 750 מל,מיליליטרים,750.00,"100 מ""ל",false,1,24.90,3.3200,true,1,157173
7290110116576,false,"ספרייט זירו למון היט 500 מ""ל",החברה המרכזית לייצור,IL,"ספרייט זירו למון היט 500 מ""ל",מיליליטרים,500.00,"100 מ""ל",false,1,7.50,1.5000,true,1,157242
7290110320591,false,פיראוס בולגרית מעודנת 16% 250 גר,תנובה חלב,IL,פיראוס בולגרית 16% שומן במרקם מעודן,גרמים,250.00,100 גרם,false,1,24.90,9.9600,true,1,115828
7290110320744,false,גבינת גרנה פדנו 150ג,תנובה חלב,IT,גבינה גרנה פדנו קולקשיין 150 גרם,גרמים,150.00,100 גרם,false,1,25.90,17.2667,true,1,119600
7290110320850,false,פתיתים גבינה חצי קשה מגורדת 28% שומן,תנובה מרכז שיתופי לש,IL,עמק פתיתים 28% שומן 200 גרם,גרמים,200.00,100 גרם,false,1,16.90,8.4500,true,1,117357
7290110320867,false,פתיתים גבינה חצי קשה מגורדת 28% שומן,תנובה מרכז שיתופי לש,IL,עמק פתיתים 28% שומן 500 גרם,גרמים,500.00,100 גרם,false,1,36.90,7.3800,true,1,117159
7290110320935,false,גבינת מוצרלה תנובה 150ג' פרוסות,תנובה מרכז שיתופי לש,IL,פרוסות מוצרלה קולקשיין 150 גרם,גרמים,150.00,100 גרם,false,1,17.90,11.9333,true,1,117160
7290110321031,false,מעדן חלב GO יוגורט מועשר בחלבון טבעי 200 ג' יופלה,"תנובה, מחלבת אלון תב",IL,GO יוגורט יופלה שומן 20 וחלבון 200 גרם,גרמים,200.00,100 גרם,false,1,6.30,3.1500,true,1,117152
7290110321277,false,קוטג' בקטנה % 5 100 ג' תנובה,פארייפאבה אגרואינדוס,IL,תנובה קוטג' 5% בקטנה 100 גרם,גרמים,100.00,100 גרם,false,1,2.70,2.7000,true,1,118485
7290110321284,false,קוטג' בקטנה 9% 100 ג' תנובה,פארייפאבה אגרואינדוס,IL,תנובה קוטג' 9% בקטנה 100 גרם,גרמים,100.00,100 גרם,false,1,2.70,2.7000,true,1,118486
7290110321680,false,יוגורט GO בטעם תות 20 גרם חלבון בגביע,מיוצר עי קונדיטוריית,IL,יוגורט עם תות בתוספת חלבוני חלב,גרמים,200.00,100 גרם,false,1,6.30,3.1500,true,1,119343
7290110321697,false,יוגורט GO בטעם אפרסק 20 גרם חלבון בגביע,מיוצר עי קונדיטוריית,IL,יוגורט עם אפרסק בתוספת חלבוני חלב,גרמים,200.00,100 גרם,false,1,6.30,3.1500,true,1,119344
7290110321703,false,יוגורט GO בטעם פירות יער 20 גרם חלבון בגביע,מיוצר עי קונדיטוריית,IL,יוגורט עם פירות יער מועשר בחלבון,גרמים,200.00,100 גרם,false,1,6.30,3.1500,true,1,120872
7290110321789,false,גבינה מסקרפונה 38% השף הלבן 250 גר,תנובה חלב,IL,קרם מסקרפונה250גרם,גרמים,250.00,100 גרם,false,1,22.90,9.1600,true,1,119599
7290110322014,false,טופו בטעם טבעי תנובה ALTERNATIVE,שוורצקוף& הנקל דיסלד,IL,טופו טבעי 300 גרם,גרמים,300.00,100 גרם,false,1,13.90,4.6333,true,1,121179
7290110323301,false,טל העמק בסגנון אמנטל 32% שומן 200 גרם,עמק - תנובה,IL,גבינה צהובה טל העמק 32% שומן 200 גרם,גרמים,200.00,100 גרם,false,1,19.90,9.9500,true,1,123555
7290110323585,true,יוגורט עם דובדבן מופ,מיוצר עי קונדיטוריית,IL,יוגורט עם דובדבן מופחת קולוריות GO200גרם,גרמים,200.00,100 גרם,false,1,6.30,3.1500,true,1,123089
7290110323714,false,משקה קוקוס שקדים תנובה E אלטרנטיב,מיוצר עי קונדיטוריית,IL,משקה קוקוס שקדים תנובה 1 ליטר,ליטרים,1.00,ליטר,false,1,13.90,13.9000,true,1,123853
7290110324070,false,גבינת חלומי מחלב בקר 22%שומן 200גר,"תנובה בע""מ",IL,גבינת חלומי מחלב בקר 22% שומן 200 גרם,גרמים,200.00,100 גרם,false,1,21.90,10.9500,true,1,126796
7290110324711,false,"ממרח סויה בסגנון גבינה טעם טבעי בד""צ",מיוצר עי קונדיטוריית,IL,ממרח סויה 9% בטעם טבעי,גרמים,250.00,100 גרם,false,1,9.90,3.9600,true,1,126442
7290110324728,false,ממרח סויה עם שום שמיר 9% שומן אלטרנטיב,מיוצר עי קונדיטוריית,IL,ממרח סויה 9% עם שום שמיר,גרמים,250.00,100 גרם,false,1,9.90,3.9600,true,1,126443
7290110324841,false,מעדן שקדים עם שוקולד מריר אלטרנטיב,מיוצר עי קונדיטוריית,IL,מעדן שקדים עם שוקולד מריר אלטרנטיב 125גר,גרמים,125.00,100 גרם,false,1,4.50,3.6000,true,1,143411
7290110324858,false,מעדן שקדים בטעם אגוזי לוז אלטרנטיב,מיוצר עי קונדיטוריית,IL,מעדן שקדים בטעם אגוזי לוז אלטרנטיב 125 ג,גרמים,125.00,100 גרם,false,1,4.50,3.6000,true,1,143412
7290110324872,false,גבינה צהובה גלבוע 5% שומן 200 גרם,גלבוע - תנובה,IL,גבינת גלבוע 5% שומן 200 גרם,גרמים,200.00,100 גרם,false,1,19.90,9.9500,true,1,143749
7290110324926,false,משקה סויה ללא תוספת סוכר E אלטרנטיב,תנובה מרכז שיתופי לש,IL,משקה סויה ללא תוספת סוכר 1 ליטר,ליטרים,1.00,ליטר,false,1,12.50,12.5000,true,1,143421
7290110325114,false,"משקה יוגורט יופלה גו לייט תות בננה 250 מ""ל - רבנות",מיוצר עי קונדיטוריית,IL,משקה יוגורטGO לייט תות בננה 250 מל,מיליליטרים,250.00,"100 מ""ל",false,1,6.90,2.7600,true,1,141933
7290110325312,false,מעדן סויה GO מועשר בחלבון בטעם תות,"תנובה בע""מ",IL,מעדן סויה GO 20 גרם חלבון בטעם תות 200גרם,גרמים,200.00,100 גרם,false,1,6.20,3.1000,true,1,143414
7290110325619,false,משקה שיבולת שועל תנובה E אלטרנטיב,מיוצר עי קונדיטוריית,IL,משקה שיבולת שועל 1ליטר,ליטרים,1.00,ליטר,false,1,13.90,13.9000,true,1,144251
7290110325626,false,משקה שקדים ללא סוכר,תנובה,IL,"משקה שקדים לל""ס 1ליטר",ליטרים,1.00,ליטר,false,1,13.90,13.9000,true,1,146501
7290110325701,false,פיראוס צזיקי יווני 9% שומן על בסיס יוגורט,גוד פוד פרודקטס S.p,IL,צזיקי יווני פיראוס 9% על בסיס יוגורט,גרמים,250.00,100 גרם,false,1,13.30,5.3200,true,1,144562
7290110325879,false,פתיתי גאודה 200 ג' תנובה,תנובה- השף הלבן,IL,פתיתי גאודה 200 גרם,גרמים,200.00,100 גרם,false,1,19.90,9.9500,true,1,145000
7290110325893,false,משקה חלב GO מועשר בחלבון בטעם אייס קפה,מיוצר עי קונדיטוריית,IL,תנובה GO אייס קפה 340 מל,מיליליטרים,340.00,"100 מ""ל",false,1,8.90,2.6176,true,1,144256
7290110326210,false,יופלה און טופ פצפוצים 157 גרם.,מיוצר עי קונדיטוריית,IL,יופלה און טופ פצפוצים 157 גרם,גרמים,157.00,100 גרם,false,1,5.20,3.3121,true,1,145001
7290110326227,false,יוגורט און טופ קורנפלקס 157 ג' יופלה,מיוצר עי קונדיטוריית,IL,יופלה און טופ קורנפלקס 157 גרם,גרמים,157.00,100 גרם,false,1,5.20,3.3121,true,1,145003
7290110326234,false,יוגורט און טופ כוכבים 157 ג' יופלה,מיוצר עי קונדיטוריית,IL,יופלה און טופ כוכבים 157 גרם,גרמים,157.00,100 גרם,false,1,5.20,3.3121,true,1,145002
7290110326333,false,פרוסות גבינה בסגנון סקנדינבי 31%,פ.פ.ח. שאביט,IL,פרוסות גבינה סקנדינבית קולקשיין 170 גרם,גרמים,200.00,100 גרם,false,1,19.90,9.9500,true,1,147581
7290110326449,false,חמאה השף הלבן 250 גר,אמרלנד,DE,השף הלבן חמאה 250 גרם,גרמים,250.00,100 גרם,false,1,10.70,4.2800,true,1,147577
7290110326456,false,יופלה דיאט בננה קרמל 0% שומן,General,IL,יופלה דיאט בננה קרמל 0% שומן 150גרם,גרמים,150.00,100 גרם,false,1,4.90,3.2667,true,1,145527
7290110327033,false,משקה סויה גו מועשר בחלבון במתיקות מופחתת 1 ליטר,מיוצר עי קונדיטוריית,IL,משקהמועשר בחלבון במתיקות מופחתת GO,לא מנהל יחידת מידה,0.00,לא מנהל יחידת מידה,false,1,13.90,0.0000,true,1,147297
7290110327279,false,גבינת שמנת נפוליאון,"תנובה בע""מ",IL,נפוליאון טוסקנה 24% שומן,גרמים,225.00,100 גרם,false,1,14.60,6.4889,true,1,147299
7290110327514,false,משקה שיבולת שועל בטעם אגוזי לוז 1 ליטר אלטרנטיב,תנובה מרכז שיתופי לש,IL,משקה שיבולת שועל אלטרנטיב אגוזי לוז 1 ל,ליטרים,1.00,ליטר,false,1,13.90,13.9000,true,1,153220
7290110327545,false,מעדן און טופ תות פצפוצים מצופים שוקולד 157ג' יופלה,מיוצר עי קונדיטוריית,IL,יופלה אוןטופ תות תוספת פצפוצים מצופים157,גרמים,157.00,100 גרם,false,1,4.90,3.1210,true,1,153923
7290110327798,false,חטיף חלבון GO - שוקולד 60 ג' חלב נוכרי - רבנות,"בלמונט קונפקציות בע""",US,חטיף חלבון גו בטעם שוקולד 20גרם חלבון 60,גרמים,60.00,100 גרם,false,1,12.90,21.5000,true,1,150530
7290110327804,false,חטיף חלבון GO - עוגיות 60 ג' חלב נוכרי - רבנות,"בלמונט קונפקציות בע""",US,חטיף חלבון גו בצק עוגיות 20גרם חלבון 60,גרמים,60.00,100 גרם,false,1,12.90,21.5000,true,1,150531
7290110327811,false,חטיף חלבון GO - קוקוס 60 ג' חלב נוכרי - רבנות,"בלמונט קונפקציות בע""",US,חטיף חלבון גו קוקוס 20גרם חלבון 60,גרמים,60.00,100 גרם,false,1,12.90,21.5000,true,1,150532
7290110327828,false,חטיף חלבון GO - חמאת בוטנים 60 ג' חלב נוכרי - רבנות,"בלמונט קונפקציות בע""",US,חטיף חלבון גו חמאת בוטנים 20גרם חלבון 60,גרמים,60.00,100 גרם,false,1,12.90,21.5000,true,1,150533
7290110328016,false,משקה סויה מועשר בחלבון בטעם אגוזי לוז 250ג',תנובה מרכז שיתופי לש,IL,"משקה סויה מועשר בחלבון בטעם אגוזי לוז 250 מ""ל",מיליליטרים,250.00,"100 מ""ל",false,1,6.90,2.7600,true,1,149548
7290110328023,false,משקה סויה מועשר בחלב,תנובה חלב,IL,"משקה סויה מועשר בחלבון בטעם קפה 250 מ""ל",מיליליטרים,250.00,"100 מ""ל",false,1,6.90,2.7600,true,1,149547
7290110328436,false,פלח גאודה עיזים בטעם,"תנובה בע""מ",IL,פלח גאודה עיזים בטעם מעודן 29% קולקשיין,גרמים,150.00,100 גרם,false,1,24.90,16.6000,true,1,150104
7290110328504,false,טריו - מיקס גבינות מוצרלה סקנדינבית וגאודה 300 גרם,מיוצר עי קונדיטוריית,IL,מיקס גבינות מוצרלה סקנדינבית וגאודה השף,גרמים,300.00,100 גרם,false,1,28.90,9.6333,true,1,150109
7290110328610,false,משקה אורז ושקדים בריסטה אלטרנטיב 1 ליטר,תנובה Alternative,IL,משקה אורז ושקדים בריסטה אלטרנטיב 1 ליטר,ליטרים,1.00,ליטר,false,1,12.90,12.9000,true,1,151866
7290110328627,false,יוגורט יופלה GO במרקם סמיך בטעם בננה קרמל 0%,מיוצר עי קונדיטוריית,IL,יוגורט GO סמיך 0% בננה קרמל 200 גרם,גרמים,200.00,100 גרם,false,1,6.30,3.1500,true,1,150563
7290110328764,false,יוגורט יופלה GO במרקם סמיך עם תות 0%,מיוצר עי קונדיטוריית,IL,יוגורט GO סמיך 0% תות 200 גרם,גרמים,200.00,100 גרם,false,1,6.30,3.1500,true,1,150562
7290110328771,false,יוגורט יופלה GO במרקם סמיך עם פירות יער 0%,מיוצר עי קונדיטוריית,IL,יוגורט GO סמיך 0% פ. יער 200 גרם,גרמים,200.00,100 גרם,false,1,6.30,3.1500,true,1,150561
7290110328788,false,יוגורט יופלה GO במרקם סמיך בטעם אפרסק 0%,תנובה מרכז שיתופי לש,IL,יוגורט GO סמיך 0% אפרסק 200 גרם,גרמים,200.00,100 גרם,false,1,6.30,3.1500,true,1,150560
7290110328955,false,קוביות גבינת עזים בשמן מתובל פיראוס 350 גרם,דודוני תעשיית החלב ה,GR,קוביות גבינת עזים בשמן פיראוס 350 גרם,גרמים,350.00,100 גרם,false,1,28.90,8.2571,true,1,154713
7290110329136,false,מעדן חלב מעושר בחלבון בטעם שוקולד 120 ג' GO,תנובה מרכז שיתופי לש,IL,מעדן חלב גו בטעם שוקולד 12 חלבון 120גרם,גרמים,120.00,100 גרם,false,1,5.00,4.1667,true,1,153222
7290110329143,false,מעדן חלב מעושר בחלבון בטעם וניל גביע 120 ג' GO,תנובה מרכז שיתופי לש,IL,מעדן חלב גו בטעם וניל 12 חלבון 120גרם,גרמים,120.00,100 גרם,false,1,5.00,4.1667,true,1,153223
7290110329266,false,יוגורט תנובה מחלב עיזים מלא תנובה 140 ג',תנובה,IL,יוגורט תנובה מחלב עיזים 140 גרם,גרמים,140.00,100 גרם,false,1,6.20,4.4286,true,1,152615
7290110329273,false,יוגורט תנובה מחלב עיזים מלא 750 גרם,תנובה,IL,יוגורט תנובה מחלב עיזים 750 גרם,גרמים,750.00,100 גרם,false,1,21.90,2.9200,true,1,152616
7290110329303,false,פרוסות בטעם צהובה קלאסית אלטרנטיב 200 גר,תנובה Alternative,IL,פרוסות בטעם צהובה קלאסית אלטרנטיב 200 גר,גרמים,200.00,100 גרם,false,1,22.90,11.4500,true,1,153226
7290110329631,false,יוגורט יופלה אוללה ת,"תנובה בע""מ",IL,OLALAיופלה וניל תות 150 גרם,גרמים,150.00,100 גרם,false,1,4.90,3.2667,true,1,153684
7290110329648,false,יוגורט יופלה אוללה ק,"תנובה בע""מ",IL,OLALAיופלה וניל קרמל מלוח 150 גרם,גרמים,150.00,100 גרם,false,1,4.90,3.2667,true,1,153683
7290110329662,false,יוגורט יופלה אוללה ק,"תנובה בע""מ",IL,OLALAיופלה וניל קרם ברולה 150 גרם,גרמים,150.00,100 גרם,false,1,4.90,3.2667,true,1,153681
7290110329686,false,"משקה חלב גו בטעם עוגיות 340 מ""ל",מיוצר עי קונדיטוריית,IL,משקה חלב GO בטעם עוגיות 340 מל,מיליליטרים,340.00,"100 מ""ל",false,1,8.90,2.6176,true,1,153227
7290110329709,false,יוגורט תנובה 0% 200,מיוצר עי קונדיטוריית,IL,יוגורט תנובה 0% 200 גרם,גרמים,200.00,100 גרם,false,1,3.20,1.6000,true,1,153229
7290110329716,false,משקה קפה קר בטעם קפוצ'ינו 230 ג' תנובה,תנובה מרכז שיתופי לש,IL,"משקה חלב עם קפה קפוצינו 230 מ""ל",מיליליטרים,230.00,"100 מ""ל",false,1,7.90,3.4348,true,1,155099
7290110329723,false,משקה קפה קר בטעם לאטה 230 ג' תנובה,תנובה מרכז שיתופי לש,IL,"משקה חלב עם קפה לאטה 230 מ""ל",מיליליטרים,230.00,"100 מ""ל",false,1,7.90,3.4348,true,1,155100
7290110329792,false,יוגורט סויה BIO Alternative אפרסק 150 ג' תנובה,מיוצר עי קונדיטוריית,IL,סויה אלטרנטיב ביו אפרסק150 גרם,גרמים,150.00,100 גרם,false,1,4.70,3.1333,true,1,153709
7290110329808,false,יוגורט סויה BIO Alternative תות 150 ג' תנובה,מיוצר עי קונדיטוריית,IL,סויה אלטרנטיב ביו תות 150 גרם,גרמים,150.00,100 גרם,false,1,4.70,3.1333,true,1,153708
7290110329815,false,סויה BIO מתיקות מעודנת גביע 150 גרם אלטרנטיב,מיוצר עי קונדיטוריית,IL,סויה אלטרנטיב ביו מתיקות מעודנת150 גרם,גרמים,150.00,100 גרם,false,1,4.70,3.1333,true,1,153707
7290110329822,false,יוגורט סויה BIO Alternative פירות יער 150 ג' תנובה,מיוצר עי קונדיטוריית,IL,סויה אלטרנטיב ביו פירות יער 150 גרם,גרמים,150.00,100 גרם,false,1,4.70,3.1333,true,1,153820
7290110329846,false,יוגורט סויה BIO Alternative בטעם טבעי 150 ג' תנובה,מיוצר עי קונדיטוריית,IL,סויה אלטרנטיב ביו טבעי150 גרם,גרמים,150.00,100 גרם,false,1,4.70,3.1333,true,1,153710
7290110329914,false,מאגדת משקה שיבולת שועל ושקדים 100 גרם*6 יח' ביו אלטרנטיב,תנובה מרכז שיתופי לש,IL,מאגדת משקה שיבולת שועל ושקדים ביו אלטרנט,גרמים,600.00,100 גרם,false,6,18.90,3.1500,true,1,153932
7290110421526,false,סיכה קליפס,אימפופיקס,,סיכה קליפס,יחידה,1.00,יחידה,false,1,4.90,4.9000,true,1,114989
7290110423674,false,מלקחיים ארוכים למנגל,,,מלקחיים ארוכים למנגל 35 cm,יחידה,1.00,יחידה,false,1,10.90,10.9000,true,1,118967
7290110423735,false,מחבת איכותי 20 cm,,,מחבת איכותי 20 cm,יחידה,1.00,יחידה,false,1,29.90,29.9000,true,1,118974
7290110424718,false,פותחן בקבוקים נירוסט,אודס,,פותחן בקבוקים נירוסטה,יחידה,1.00,יחידה,false,1,10.90,10.9000,true,1,118968
7290110472016,false,כבל מטאלי 2 מטר שחורTYPE C,,,כבל 2 מטר - TYPE C,יחידה,1.00,יחידה,false,1,39.90,39.9000,true,1,143451
7290110472467,false,מתאם למצת TYPE C + כבל טעינה 1.5 מטר,,,מתאם למצת TYPE C,יחידה,0.00,יחידה,false,1,44.90,0.0000,true,1,143233
7290110472474,false,מתאם קיר TYPE C + כבל טעינה 1.5 מטר,,,מתאם קיר TYPE C,יחידה,1.00,יחידה,false,1,54.90,54.9000,true,1,143234
7290110473426,false,אוזניות JUST BASS ור,,,אוזניות JUST BASS ורוד,יחידה,1.00,יחידה,false,1,49.90,49.9000,true,1,143243
7290110473433,false,אוזניות JUST BASS אפ,,,אוזניות JUST BASS אפור,יחידה,1.00,יחידה,false,1,49.90,49.9000,true,1,143242
7290110473501,false,זרוע טלסקופית לרכב שחור TECH GRIP,,,זרוע לרכב TECH GRIP BLACK,יחידה,1.00,יחידה,false,1,54.90,54.9000,true,1,143258
7290110473594,false,זרוע לרכב ROCKET GRI,,,זרוע לרכב ROCKET GRIP BLACK,יחידה,1.00,יחידה,false,1,49.90,49.9000,true,1,143247
7290110474256,false,כבל aux iron man,,,כבל aux iron man,יחידה,1.00,יחידה,false,1,49.90,49.9000,true,1,143229
7290110474430,false,מתאם AUX מאושר אפל,,,מתאם AUX מאושר אפל,יחידה,1.00,יחידה,false,1,79.90,79.9000,true,1,143219
7290110474560,false,אוזניות מיקרופון NEW,,,אוזניות מיקרופון NEW AGE SOUND,יחידה,1.00,יחידה,false,1,49.90,49.9000,true,1,143237
7290110474690,false,כבל USB C לחיבור LI,,,כבל USB C לחיבור LIGHTNING מאושר אפל,יחידה,1.00,יחידה,false,1,69.90,69.9000,true,1,143228
7290110474706,false,מעמד מגנטי למזגן POW,,,מעמד מגנטי למזגן POWER VENT,יחידה,1.00,יחידה,false,1,49.90,49.9000,true,1,143238
7290110476267,false,מטען קיר מאושר אפל 2,,,מטען קיר מאושר אפל 2,יחידה,1.00,יחידה,false,1,119.00,119.0000,true,1,149461
7290110550707,false,שוקולד פרה במילוי אננס 50 גרם,מיוצר עי קונדיטוריית,IL,חטיף פרה ממולדה אננס 50 גרם בדצ,גרמים,50.00,100 גרם,false,1,4.50,9.0000,true,1,153116
7290110552220,false,יוגורט PRO בטעם תות 0% סוכר לבן 20 גרם חלבון בגביע,"שטראוס בריאות בע""מ",IL,'דנונה פרו 20גר' ללא סוכר תות,גרמים,200.00,100 גרם,false,1,6.50,3.2500,true,1,153787
7290110552237,false,יוגורט פרו בטעם אפרסק מנגו ללא סוכר 200 ג' דנונה,"שטראוס בריאות בע""מ",IL,דנונה פרו 20גר' ללא סוכר אפרסק מנגו,גרמים,200.00,100 גרם,false,1,5.90,2.9500,true,1,153788
7290110553029,false,"אנרג'י קריספס-פריכיות חומוס, עדשים ואפונה עם קייל וסלק","פרח תעשיו מזון בע""מ",IL,אנרגי פריכיות חלבון קייל חומוס ומלח 60,גרמים,60.00,100 גרם,false,1,10.90,18.1667,true,1,154052
7290110553036,false,קריספס-פריכיות עם אפונה ובטטה סגולה בטעם בצל מקורמל,"פרח תעשיו מזון בע""מ",IL,אנרגי פריכיות חלבון בטטה סגולה ואפונה 60 גרם,גרמים,60.00,100 גרם,false,1,10.90,18.1667,true,1,154053
7290110553173,false,אנרגי פריכיות אורז בטעם קרמל 50 גרם,סאנורייס בלגיום,IL,אנרג`י פריכיות בטעם קרמל 40 גרם,מיליליטרים,40.00,"100 מ""ל",false,1,7.90,19.7500,true,1,155847
7290110553180,false,אנרגי פריכיות אורז בטעם תפוח קינמון 50 ג,סאנורייס בלגיום,IL,אנרג`י פריכיות בטעם תפוח קינמון 40 גרם,מיליליטרים,40.00,"100 מ""ל",false,1,7.90,19.7500,true,1,155848
7290110553210,false,בוטנים הוט באפלו ווינגס סבבה עלית 50 גר,שטראוס,IL,סבבה בוטנים הוט באפלו ווינגס 50 גרם,גרמים,50.00,100 גרם,false,1,2.90,5.8000,true,1,155675
7290110553401,false,בינז אייס קופי לאטה,מונסטרלנד לולף,DE,אייס קופי לאטה וניל BEANZ,מיליליטרים,250.00,"100 מ""ל",false,1,9.90,3.9600,true,1,155259
7290110553623,false,צ'יטוס קראנצ'י בטעם צ'דר חלפיניו - חלבי,"שטראוס פריטו ליי בע""",IL,ציטוס קראנץ צדר חלפיניו 80 גרם,גרמים,80.00,100 גרם,false,1,4.90,6.1250,true,1,156005
7290110554118,false,נודלס מלזי חריף עם טופו וירקות ברוטב קארי ירוק,"טרופיקל דגיל בע""מ אז",IL,נודלס מלזי חריף דלישס 350גרם,גרמים,350.00,100 גרם,false,1,26.90,7.6857,true,1,152859
7290110554453,false,בינז אייס קופי לאטה,מונסטרלנד לולף,DE,אייס קופי לאטה מוקה BEANZ,מיליליטרים,250.00,"100 מ""ל",false,1,9.90,3.9600,true,1,155260
7290110554699,false,"קפה עולה קפסולות אספרסו קלייה איטית וכהה מאוד, 10 * 50 ג'",שטראוס קפה בי.וי.,IL,קפסולות קפה אספרסו עולה 50 גרם,גרמים,50.00,100 גרם,false,1,16.90,33.8000,true,1,155832
7290110554705,false,"קפסולות קפה יונילקו אספרסו קלוי וטחון, 10 * 50 ג'",שטראוס קפה בי.וי.,IL,קפסולות קפה אספרסו יוניקו 50 גרם,גרמים,50.00,100 גרם,false,1,16.90,33.8000,true,1,155831
7290110555306,false,רבע לשבע טבעוני סינמון באן 25ג' עלית,הגביע מוצרי וופלים ב,IL,רבע לשבע טבעוני סינמון באן 125 גרם,גרמים,125.00,100 גרם,false,1,12.90,10.3200,true,1,156892
7290110555603,false,ספלנדיד אבקה להכנת משקה בטעם שוקולטה,"ג'אלוסיס י. בע""מ",GR,שוקולוטה ספלנדיד 360 גרם,גרמים,360.00,100 גרם,false,1,21.90,6.0833,true,1,157447
7290110555788,false,נסקפה קפוצ'ינו פחית וניל 200 ג' עלית,שטראוס,IL,קפוצינו פחית וניל 200 גרם,גרמים,200.00,100 גרם,false,1,23.90,11.9500,true,1,157446
7290110555795,false,נסקפה קפוצ'ינו פחית קלאסי 200 ג' עלית,שטראוס,IL,קפוצינו פחית קלאסי 200 גרם,גרמים,200.00,100 גרם,false,1,23.90,11.9500,true,1,157445
7290110556242,false,"שוקולד מריר פרווה 100 גר' בד""ץ תוצרת חוץ","שטראוס גרופ בע""מ.",IL,שוקולד פרה מריר 100 גרם,גרמים,100.00,100 גרם,false,1,5.90,5.9000,true,1,156706
7290110557027,false,חומוס עשיר 50% טחינה גולמית 400 ג' אחלה,מיוצר עי קונדיטוריית,IL,חומוס הסדרה 50% טחינה 400גרם,גרמים,400.00,100 גרם,false,1,14.90,3.7250,true,1,153343
7290110557133,false,מעדן הגולן וניל 125 ג' שטראוס,מיוצר עי קונדיטוריית,IL,מעדן הגולן וניל 125 גרם,גרמים,125.00,100 גרם,false,1,3.20,2.5600,true,1,152827
7290110557393,false,מארז מילקי שלוק איי,"שטראוס גרופ בע""מ",IL,מארז מילקי שלוק אייס קפה 276 מל,מיליליטרים,276.00,"100 מ""ל",false,1,9.50,3.4420,true,1,155458
7290110557539,false,מילקי מוס תותים בשמנ,"שטראוס גרופ בע""מ",IL,מילקי מוס תותים בשמנת 81 גרם,גרמים,81.00,100 גרם,false,1,3.50,4.3210,true,1,153938
7290110558239,false,"וואו יוגורט עם שכבה בטעם קראק פאי 5.4%, 150 ג דנונה","שטראוס בריאות בע""מ",IL,WOW דנונה קראק פאי 150גרם,גרמים,150.00,100 גרם,false,1,4.90,3.2667,true,1,155807
7290110558284,false,יוגורט ביו מולטי 200 ג' דנונה,"שטראוס בריאות בע""מ",IL,דנונה ביו מולטי 200 גרם,מיליליטרים,200.00,"100 מ""ל",false,1,4.50,2.2500,true,1,155457
7290110558307,false,יוגורט דנונה PRO עם שיבולת שועל במתיקות מעודנת,"שטראוס בריאות בע""מ",IL,דנונה פרו 20 גר עם שיבולת שועל 200גרם,גרמים,200.00,100 גרם,false,1,6.50,3.2500,true,1,154799
7290110558314,false,דנונה פרו 20 ג' חלבון ללא סוכר פיסטוק 200 גרם,"שטראוס בריאות בע""מ",IL,דנונה פרו 20 גרםללא סוכר בטעם פיסטוק,גרמים,200.00,100 גרם,false,1,6.50,3.2500,true,1,155463
7290110559038,false,מילקשייק שוקו עם סיר,מחלבת יטבתה,IL,מילקשייק שוקו עם סירופ שוקולד 300 מיל',מיליליטרים,300.00,"100 מ""ל",false,1,7.90,2.6333,true,1,155455
7290110559045,false,מילקשייק וניל עם סיר,מחלבת יטבתה,IL,מילקשייק וניל עם סירופ שוקולד 300 מיל',מיליליטרים,300.00,"100 מ""ל",false,1,7.90,2.6333,true,1,155456
7290110559939,false,נתחי סויה בסגנון שווארמה ומגדרה דלישס,אוכל ביתי ניר עציון,IL,נתחי סויה בסגנון שווארמה ומגדרה דלישס 3,גרמים,350.00,100 גרם,false,1,26.90,7.6857,true,1,154803
7290110560300,false,"הפריכיות הטעימות חומוס, עדשים שחורות, קינואה ופלפל שחור",אנרג'י Energy - שטראוס,IL,פריכיות משולשות- פלפל שחור,גרמים,30.00,100 גרם,false,1,5.90,19.6667,true,1,122822
7290110560317,false,"הפריכיות הטעימות חומוס, עדשים שחורות, קינואה ומלח ים","פרח תעשיו מזון בע""מ",IL,פריכיות משולשות- מלח ים,גרמים,30.00,100 גרם,false,1,5.90,19.6667,true,1,122823
7290110560324,false,"הפריכיות הטעימות תפו""א, אורז, אפונה ומלח ים","פרח תעשיו מזון בע""מ",IL,פריכיות משולשות- אפונה ירוקה,גרמים,30.00,100 גרם,false,1,5.90,19.6667,true,1,122824
7290110561352,false,דנונה יוגורט ביו פרוביוטי 3% דל לקטוז 150ג',"שטראוס בריאות בע""מ",IL,דנונה דל לקטוז בתוספת סידן,גרמים,200.00,100 גרם,false,1,3.70,1.8500,true,1,119859
7290110563431,false,"משקה קפה קר בסגנון קלאסי 230 מ""ל 1.6% יוטבתה",האי נאם סי או אל.טי.,AT,משקה קפה קר בסגנון קלאסי 1.6%,מיליליטרים,230.00,"100 מ""ל",false,1,7.90,3.4348,true,1,124052
7290110563448,false,"משקה קפה קר בסגנון מעודן 230 מ""ל 1.6% יוטבתה",האי נאם סי או אל.טי.,AT,"משקה קפה קר בסגנון מעודן 230 מ""ל",מיליליטרים,230.00,"100 מ""ל",false,1,7.90,3.4348,true,1,124053
7290110563455,false,חלב דל לקטוז 1 ליטר,מחלבת יטבתה,IL,חלב דל לקטוז 3%,ליטרים,1.00,ליטר,false,1,7.90,7.9000,true,1,117781
7290110563462,false,חלב בבקבוק נטול לקטוז 2% יטבתה 1 ל',מחלבת יטבתה,IL,חלב בבקבוק נטול לקטוז 2%,ליטרים,1.00,ליטר,false,1,8.20,8.2000,true,1,124227
7290110564360,false,חומוס אחלה הסידרה המובחר 40% טחינה 400 גר',מיוצר עי קונדיטוריית,IL,חומוס עשיר ב40% טחינה הסדרה המובחרת400 d,גרמים,400.00,100 גרם,false,1,14.90,3.7250,true,1,118503
7290110564742,false,"משקה קפה קר בסגנון חזק 230 מ""ל 1.2% יוטבתה",האי נאם סי או אל.טי.,AT,משקה קפה קר בסגנון חזק -חדש,מיליליטרים,230.00,"100 מ""ל",false,1,7.90,3.4348,true,1,124054
7290110565527,false,יוגורט PRO פרו 1.5% 20 גרם חלבון בגביע,"שטראוס בריאות בע""מ",IL,דנונה פרו 20 גר 1.5% שומן,גרמים,200.00,100 גרם,false,1,6.50,3.2500,true,1,117890
7290110566043,false,יוגורט 4.5% שומן 3 ל' שטראוס,"מחלבות בר בכפר בע""מ",IL,יוגורט כד 3 ליטר 4% שומן,מיליליטרים,3.00,"100 מ""ל",false,1,30.90,1030.0000,true,1,120865
7290110566579,false,דבש לחיץ יד מרדכי 200 גר,מכוורת יד מרדכי שטרא,IL,דבש בקבוק לחיץ 200 גרם,גרמים,200.00,100 גרם,false,1,12.90,6.4500,true,1,141478
7290110566975,false,דנונה פרו יוגורט 0% תות עשיר בחלבון 200ג',"שטראוס בריאות בע""מ",IL,דנונה פרו 20 גר תות 0% שומן,גרמים,200.00,100 גרם,false,1,6.50,3.2500,true,1,119601
7290110568238,false,"קצפת צמחית 21% שומן 250 מ""ל יוטבתה",מחלבת יטבתה,IL,קצפת צמחית 21% 250 גרם,גרמים,250.00,100 גרם,false,1,8.50,3.4000,true,1,121206
7290110568276,false,משקה וניל פרו Pro מועשר בחלבון 1.5%,שטראוס גרופ,IL,"משקה יטבתה פרו וניל 350 מ""ל",מיליליטרים,350.00,"100 מ""ל",false,1,6.50,1.8571,true,1,120867
7290110570224,false,משקה קפה קר בטעם עוגיות 230ג' יוטבתה,אנסטל מילק kg,AT,משקה קפה קר בטעם עוגיות 230מל,מיליליטרים,230.00,"100 מ""ל",false,1,7.90,3.4348,true,1,155453
7290110571382,false,מעדן חלב בטעם וניל מעושר בחלבון 150 ג' שטראוס,"שטראוס בריאות בע""מ",IL,מעדן חלב בטעם וניל מועשר בחלבון,גרמים,150.00,100 גרם,false,1,5.00,3.3333,true,1,154804
7290110572884,false,"קפסולות קפה מספר 20 למכונת אספרס אספרסו, 50 גרם",שטראוס קפה בי.וי.,IL,קפסולות אספרסו 20 שטראוס 50 גרם,גרמים,50.00,100 גרם,false,1,16.90,33.8000,true,1,157444
7290110576318,false,מאגדת שלישיית שוקולד אגוז לבן 300 ג' עלית,סמואה,FR,מארז שלישיית אגוז לבן (100*3),גרמים,300.00,100 גרם,false,3,27.90,9.3000,true,1,156934
7290110576356,false,"שוקולד ספלנדיד מריר 64% - חלבי , מפולי קקאו מפרו",קימ'ס גריפלנן,BE,ספלנדיד שוקולד מריר פרו 64%,גרמים,100.00,100 גרם,false,1,8.90,8.9000,true,1,157058
7290110576363,false,"שוקולד ספלנדיד מריר 80% חלבי ,פולי קקאו מאוגנדה",קימ'ס גריפלנן,BE,ספלנדיד שוקולד מריר אוגנדה 80%,גרמים,100.00,100 גרם,false,1,8.90,8.9000,true,1,157057
7290110576370,false,מארז שלישייה שוקולד מריר חלבי עם אגוזי לוז,שטראוס,IL,מארז שלישיית שוקולד אגוז מריר 100 גרם,גרמים,300.00,100 גרם,false,3,27.90,9.3000,true,1,156935
7290110576387,false,מאגדת שלישיית שוקולד אגוז חלב 300 ג' עלית,שטראוס,FR,מארז שלישיית שוקולד אגוז חלב 100 גרם,גרמים,300.00,100 גרם,false,3,27.90,9.3000,true,1,156933
7290110576752,false,טבלאות שוקולד ספלנדיד מריר 70% 100 ג' עלית,קימ'ס גריפלנן,BE,ספלנדיד מריר 70% 100 גרם,גרמים,100.00,100 גרם,false,1,9.90,9.9000,true,1,157297
7290110576776,false,טבלאות שוקולד ספלנדיד מריר 85% 100 ג' עלית,קימ'ס גריפלנן,BE,ספלנדיד מריר 85% 100 גרם,גרמים,100.00,100 גרם,false,1,9.90,9.9000,true,1,157298
7290110577230,false,משקה חלב פיסטוק 1ליטר יטבתה בקבוק,שטראוס גרופ,IL,משקה חלב בטעם פיסטוק 1 ליטר,ליטרים,1.00,ליטר,false,1,12.90,12.9000,true,1,157146
7290110577247,false,"יטבתה משקה חלב-פיסטוק בבקבוק 350 מ""ל",שטראוס גרופ,IL,משקה חלב בטעם פיסטוק 350 מל,מיליליטרים,350.00,"100 מ""ל",false,1,6.50,1.8571,true,1,157147
7290110577308,false,מארז יד מרדכי כל הט,יד מרדכי,IL,מארז יד מרדכי כל הטוב שבטבע,יחידה,1.00,יחידה,false,1,79.90,79.9000,true,1,156700
7290110730642,false,אייבו- משכך חום וכאבים לילדים,,,אייבו- תרופה ללא מרש,לא מנהל יחידת מידה,0.00,לא מנהל יחידת מידה,false,1,25.90,0.0000,true,1,125480
7290110731960,false,ליינקס תרסיס מדוד לאף,,,תרסיס אף ליינוקס,יחידה,1.00,יחידה,false,1,29.90,29.9000,true,1,142805
7290111340178,true,מטליות לניקוי כללי ב,עלבד משואות יצחק בעמ,IL,מטליות לניקוי כללי ב,Unknown,0.00,Unknown,false,1,13.90,0.0000,true,1,134657
7290111340185,true,מטליות לניקוי רצפה ב,עלבד משואות יצחק בעמ,IL,ניקול מטליות לחות לניקוי הרצפה 10 יחידות,Unknown,0.00,Unknown,false,1,13.90,0.0000,true,1,134658
7290111341816,false,נייר אפייה ניקול עם סליידר 22 מ,אופל,IL,נייר אפייה בגליל עם,לא מנהל יחידת מידה,0.00,לא מנהל יחידת מידה,false,1,21.90,0.0000,true,1,124099
7290111341984,false,לילי - מגבוני נייר טואלט לח פיור רביעייה,קימברלי,IL,לילי לח רביעייה,יחידה,1.00,יחידה,false,1,23.90,23.9000,true,1,143379
7290111342042,false,ניקול כריות יפניות אנטיבקטריאלי 4 יחידות,פלסטו פוליש,IL,ניקול כריות יפניות אנטיבקטריאלי,גרמים,280.00,100 גרם,false,1,12.90,4.6071,true,1,144626
7290111342059,false,מט.לחות ניקול לחיט משטחים אנטיבקטריאלי50,חוגלה,IL,מטליות לחות לניקוי וחיטוי משטחים אנטיבקטריאלי,לא מנהל יחידת מידה,0.00,לא מנהל יחידת מידה,false,1,13.90,0.0000,true,1,144625
7290111342073,false,מטליות מקרופייבר למשטחים אנטיבקטריאלי ניקול,חוגלה,IL,ניקול מטליות מיקרופייבר למשטחים אנטיבקטר,לא מנהל יחידת מידה,0.00,לא מנהל יחידת מידה,false,1,15.90,0.0000,true,1,144627
7290111342196,false,מגני תחתון קוטקס נורמל גיגה 76 יחי',קימברלי,VN,מגן תחתון קוטקס נורמל - 76 יח,לא מנהל יחידת מידה,0.00,לא מנהל יחידת מידה,false,1,24.90,0.0000,true,1,144350
7290111343117,false,ממחטות אף קלינקס לושן סופט פק 140 דף,קימברלי קלארק,IL,קלינקס טישו לושן סופט פק זוגות - 140 דף,לא מנהל יחידת מידה,0.00,לא מנהל יחידת מידה,false,1,14.90,0.0000,true,1,148237
7290111343452,false,מטליות לחות לניקוי כללי בתוספת חומץ 50 יח' ניקול,חוגלה קימברלי,IL,ניקול מטליות לחות לניקוי כללי בתוספת חומץ 50 יח,יחידה,1.00,יחידה,false,1,11.90,11.9000,true,1,147831
7290111343797,false,מטליות לחות לניקוי חלונות 48 יח' ניקול,חוגלה קימברלי,IL,מטליות לחות לניקוי חלונות,יחידה,1.00,יחידה,false,1,11.90,11.9000,true,1,147797
7290111343858,false,ניקול מטליות לחות לניקוי וחיטוי הרצפה 10,עלבד משואות יצחק,IL,ניקול מטליות לחות לרצפה אנטיבקטריאלי 10,לא מנהל יחידת מידה,0.00,לא מנהל יחידת מידה,false,1,13.90,0.0000,true,1,146868
7290111344138,false,"מטליות ניקול רב""ש אנטיבקטריאליות 6 יח",נ.אורים,IL,ניקול מטליות רב שימושיות אנטיבטריאליות 6,יחידה,1.00,יחידה,false,1,11.90,11.9000,true,1,146254
7290111344206,false,האגיס נטורל קר מגבונים לחים בבישום עדין רביעייה,חוגלה קימברלי,IL,מגבוני האגיס נטורל קייר מבושם 4*64,לא מנהל יחידת מידה,0.00,לא מנהל יחידת מידה,false,1,23.90,0.0000,true,1,153285
7290111344732,false,קלינקס - טיישו אלרג'י קומפורט ניילון זוגות 140 דף,קימברלי קלארק,IL,קלינקס אלרגי קומפורט זוג 2 * 70 יחידות,יחידה,1.00,יחידה,false,1,14.90,14.9000,true,1,153211
7290111344824,false,מגן תחתון קוטקס אקסטרא אנטיבקטריאלי לארג',חוגלה,CN,קוטקס מגן תחתון אנטיבקטרי 52 יחידות,יחידה,1.00,יחידה,false,1,19.90,19.9000,true,1,153749
7290111344831,false,קוטקס - מגיני יום אקסטרא פרוטקט נורמל ביג 60 יח',חוגלה קימברלי,CN,מגן תחתון קוטקס נורמל 60 יחידות,יחידה,1.00,יחידה,false,1,19.90,19.9000,true,1,153750
7290111344879,false,קוטקס מגיני תחתון 2IN1 מחזור+שתן 44 יחיד,חוגלה,CN,מגן תחתון קוטקס 2ב1 44 יחידות,יחידה,1.00,יחידה,false,1,19.90,19.9000,true,1,153751
7290111345753,false,תחבושות נטורל דואו נורמל 24 יח' קוטקס,חוגלה,CZ,תחבושת קוטקס כותנה נורמל 24 יחידות,לא מנהל יחידת מידה,0.00,לא מנהל יחידת מידה,false,1,19.90,0.0000,true,1,154604
7290111345760,false,תחבושות נטורל דואו סופר 18 יח' קוטקס,חוגלה,CZ,תחבושת קוטקס כותנה סופר 18 יחידות,לא מנהל יחידת מידה,0.00,לא מנהל יחידת מידה,false,1,19.90,0.0000,true,1,154605
7290111346088,false,נייר טואלט מולט דו שכבתי 30 גל,חוגלה קימברלי,IL,נייר טואלט מולט 30 גלילים,יחידה,1.00,יחידה,false,1,29.90,29.9000,true,1,155764
7290111346293,false,מגבות ניקול שישייה מהדורה חגיגית,קימברלי קלארק,IL,מגבת נייר ניקול שישייה מהדורה,יחידה,6.00,יחידה,false,1,12.90,2.1500,true,1,155212
7290111350047,false,תמרים מזן מגהול ללא חרצנים 500 גרם,טעמי הגליל,IL,תמרים מגולענים קלית גת 500 גרם,גרמים,500.00,100 גרם,false,1,13.90,2.7800,true,1,122649
7290111350665,false,קליית גת דבש לחיץ 350 גרם,חקלאות עין חרוד מאוח,IL,קליית גת דבש לחיץ טהור מפרחי בר 350 גרם,גרמים,350.00,100 גרם,false,1,27.90,7.9714,true,1,122658
7290111350672,false,קליית גת דבש לחיץ 700 גרם,חקלאות עין חרוד מאוח,IL,קליית גת דבש טהור מפרחי בר 700 גרם,גרמים,700.00,100 גרם,false,1,36.90,5.2714,true,1,122659
7290111350719,false,חטיף נאצוס הוטפופ בסגנון מסעדות 322 גר,ליימן מותגים,US,נאצוס הוטפופ מסעדות 332 גרם,גרמים,332.00,100 גרם,false,1,14.90,4.4880,true,1,125452
7290111350726,false,חטיף נאצוס הוטפופ בסגנון מקסיקני 322 גר,ליימן מותגים,US,נאצוס הוטפופ מקסיקני 332 גרם,גרמים,332.00,100 גרם,false,1,14.90,4.4880,true,1,125451
7290111351280,false,תערובת אגוזים קלויים ללא מלח 150 גרם,קליית גת,IL,תערובת אגוזים קלויים ללא מלח 150 ג,גרמים,150.00,100 גרם,false,1,19.90,13.2667,true,1,124120
7290111351334,false,תמר מגהול 650 גרם,הדקלאים אגודת שיתופי,IL,קליית גת תמר מג'הול טבעי 650 גרם,גרמים,650.00,100 גרם,false,1,26.90,4.1385,true,1,141463
7290111352430,false,ממרח תמרים טבעי קליית גת 440 גרם,"כד בני דרום בע""מ",IL,ממרח תמרים טבעי קלייית גת 440 גרם,גרמים,440.00,100 גרם,false,1,14.90,3.3864,true,1,144942
7290111352973,false,יוגוטה קוביות חמוצות ממולאות בטעם פירות,יוגטה yogueta,TR,קוביות חמוצות ממולאות בטעם פירות,גרמים,220.00,100 גרם,false,1,8.90,4.0455,true,1,146652
7290111560583,false,קמח תופח אסם30% חיטה,"אסם השקעות בע""מ",IL,אסם קמח תופח עם 30% חיטה מלאה 10*1קג,קילוגרמים,1.00,"ק""ג",false,1,10.90,10.9000,true,1,115852
7290111563492,false,סלטי צבר מטבוחה חריפה מרובע 6*400גרם,סלטי צבר,IL,סלטי צבר מטבוחה חריפה מרובע 6*400גרם,גרמים,400.00,100 גרם,false,1,13.60,3.4000,true,1,119325
7290111563584,false,טילון כשלפ,נגה גלידות,IL,טילון כשלפ,גרמים,72.00,100 גרם,false,1,6.90,9.5833,true,1,118093
7290111564277,false,פריכיות דקות ונימוחות 3 דגנים פיטנס Fitness,פרח תעשיות,IL,פיטנס פריכיות 3 דגנים דקות 12*120גרם,גרמים,120.00,100 גרם,false,1,10.90,9.0833,true,1,116458
7290111564291,false,פריכיות דקות ונימוחות 3 דגנים וקינואה פיטנס Fitness,פרח תעשיות,IL,פיטנס פריכיות דקות עם קינואה 12*120גרם,גרמים,120.00,100 גרם,false,1,10.90,9.0833,true,1,116459
7290111564505,false,קרחון אננס,נגה גלידות,IL,קרחון אננס,גרמים,80.00,100 גרם,false,1,2.90,3.6250,true,1,118092
7290111564956,false,ביסלי במבה מיקס 200 ג' אסם,פרו מן יו פתרונות אר,IL,ביסלי במבה מיקס 18*200גרם,גרמים,200.00,100 גרם,false,1,9.90,4.9500,true,1,117029
7290111565038,false,"לה קרמריה וניל קוקילידה בד""צ 1.4 ל'",לה קרמריה- נסטלה,IL,לה קרמריה וניל קוקילידה בדצ6*1.4ליטר חדש,ליטרים,1.40,ליטר,false,1,21.90,15.6429,true,1,119964
7290111565502,false,ארטיק אוראו וניל ועוגיות סנדוויץ נסטלה 80 ג',ג'נרל מילס סאן אדריא,IT,גלידה סנדויץ אוריאו 80 גרם,גרמים,80.00,100 גרם,false,1,10.50,13.1250,true,1,118434
7290111566103,false,טבעול פלאפל רכיביים ביתיים 590 גר',עיצובים 2020 (4.8),IL,פלאפל טבעול מרכיבים ביתיים בלבד 590 גרם,גרמים,590.00,100 גרם,false,1,32.90,5.5763,true,1,118847
7290111566127,false,מעדן אוראו קפוא בטעם וניל עם עוגיות בטעם שוקולד,ג'נרל מילס סאן אדריא,IT,אוראו מאגדת סנדביץ 8 6*33ג 12364441,גרמים,198.00,100 גרם,false,1,27.60,13.9394,true,1,118432
7290111566240,false,שניצל דק מן הצומח בטעם צ'ילי חריף 700 גרם,עיצובים 2020 (4.8),IL,טבעול שניצל דק בטעם צילי חריף 8*564גרם,גרמים,564.00,100 גרם,false,1,32.90,5.8333,true,1,118853
7290111566271,false,טבעול חטיפי תירס 657 גר',עיצובים 2020 (4.8),IL,טבעול חטיפי תירס 6*657גרם,גרמים,657.00,100 גרם,false,1,32.90,5.0076,true,1,118841
7290111566318,false,שניצל דק מן הצומח בטעם ביתי 700 גרם,עיצובים 2020 (4.8),IL,טבעול שניצל דק מן הצומח 8*564גרם,גרמים,564.00,100 גרם,false,1,32.90,5.8333,true,1,118854
7290111566332,false,טבעול נקניקיות וינר צמחוניות 680 גר',עיצובים 2020 (4.8),IL,נקניקיות וינר טבעול צמחוניות 680 גרם,גרמים,680.00,100 גרם,false,1,32.90,4.8382,true,1,118845
7290111566547,false,טבעול חזה בגריל צמחוני 99 קלוריות 560ג',עיצובים 2020 (4.8),IL,טבעול חזה בגריל צמחוני 6*560גרם,גרמים,560.00,100 גרם,false,1,32.90,5.8750,true,1,118840
7290111566561,false,שניצל ברוקולי 99 קלוריות טבעול 560 גר,עיצובים 2020 (4.8),IL,טבעול שניצל ברוקולי 99 קלוריות 6*560ג,גרמים,560.00,100 גרם,false,1,31.90,5.6964,true,1,118852
7290111566660,false,טבעול קציצות עדשים כתומות 530 גר',עיצובים 2020 (4.8),IL,טבעול קציצות עדשים כתומות 6*530גרם,גרמים,530.00,100 גרם,false,1,32.90,6.2075,true,1,118848
7290111566752,false,טבעול שניצל תירס 99 קלוריות 693 גר',עיצובים 2020 (4.8),IL,טבעול שניצל תירס 99 קלוריות 6*693גרם,גרמים,693.00,100 גרם,false,1,32.90,4.7475,true,1,118856
7290111566776,false,טבעול נקניקיות קוקטייל צמחוניות 680 גר',עיצובים 2020 (4.8),IL,טבעול נקניקיות קוקטייל צמחוניות6*680גרם,גרמים,680.00,100 גרם,false,1,32.90,4.8382,true,1,118846
7290111568206,false,ביסלי פארטי מיקס 150 ג' אסם,פרו מן יו פתרונות אר,IL,ביסלי פארטי מיקס 24*150גרם,גרמים,150.00,100 גרם,false,1,8.90,5.9333,true,1,119627
7290111568251,false,אטריות נודלס להקפצה אסם אסייתי 350 גר',תאי פרזידנטפוד,TH,אסם נודלס אטריות להקפצה 10*350גרם,גרמים,350.00,100 גרם,false,1,9.90,2.8286,true,1,120845
7290111568275,false,אטריות נודלס אורז רחבות אסם אסייתי 300גרם,תאי פרזידנט,TH,אסם נודלס אטריות אורז רחבות 16*300גרם,גרמים,300.00,100 גרם,false,1,9.90,3.3000,true,1,120844
7290111930911,false,חטיף פוף לבבות קלאסי 40 גרם,פוף POOF,IL,מנה חטיף פוף קלאסי לבבות 40 גרם,גרמים,40.00,100 גרם,false,1,3.50,8.7500,true,1,117411
7290111930928,false,חטיף פוף לבבות גריל 40 גרם,פוף POOF,IL,מנה חטיף פוף גריל לבבות 40 גרם,גרמים,40.00,100 גרם,false,1,3.50,8.7500,true,1,117412
7290111932502,false,"קולגייט משחת שיניים אופטיק וייט אקספרט 75 מ""ל",קולגייט Colgate,MX,"קולגייט אופטיק וויט אקספרט 75 מ""ל",מיליליטרים,75.00,"100 מ""ל",false,1,27.90,37.2000,true,1,122324
7290111933554,true,מאסטר שף עגבניות קוב,פראנו אנריקו ופיגלי,IT,מאסטר שף עגבניות קוביות שלשות 400גר*3,קילוגרמים,1.20,"ק""ג",false,1,15.90,13.2500,true,1,122371
7290111933561,false,מאסטר שף תערובת ציפוי נגטס 250 גרם,טסט וסנט קו.לטד,TH,תערובת ציפוי נאגטס מסטרשף 250,גרמים,250.00,100 גרם,false,1,7.90,3.1600,true,1,152717
7290111936265,false,"ספריי גוף ספיד סטיק קול לייף 140 מ""ל",CP UK,MX,ספיד סטיק ספריי גוף קול לייף,מיליליטרים,140.00,"100 מ""ל",false,1,22.90,16.3571,true,1,125891
7290111936296,true,פלמוליב ארומה סנסייש,COLGATE ($) -PALMOLI,TR,פלמוליב ארומה סנסיישן מסאז 750,Unknown,0.00,Unknown,false,1,21.90,0.0000,true,1,125917
7290111939136,false,קוקי נייר אפייה עגול קוטר 26,קוקי,IL,קוקי נייר אפייה עגול קוטר 26,יחידה,1.00,יחידה,false,1,7.90,7.9000,true,1,144336
7290112002112,false,ג'ל כביסה מרוכז קולון 101 בניחוח ורדים,רקיט בנקיזר,IL,ג'ל כביסה קולון בניחוח מאסק 2.5 ליטר,ליטרים,2.50,ליטר,false,1,28.90,11.5600,true,1,143520
7290112005045,false,וניש מסיר כתמים אבקה לכביסה לבנה 480 גרם,רקיט בנקיזר,IT,וניש אבקה חדש לבן 480 גרם,גרמים,480.00,100 גרם,false,1,17.90,3.7292,true,1,157066
7290112005076,false,וניש תוסף כביסה רב תכליתי צבעוני 480 גרם,רקיט בנקיזר,IT,וניש אבקה חדש ורוד 480 גרם,גרמים,480.00,100 גרם,false,1,17.90,3.7292,true,1,157065
7290112192882,false,"סנסודיין - משחת שיניים רגישות וחניכיים מלבינה 75 מ""ל",ג'י.אס.קיי קונסיומר,GB,משחת שיניים סנסודיין רגישות וחניכיים מלב,מיליליטרים,75.00,"100 מ""ל",false,1,29.90,39.8667,true,1,143725
7290112330352,false,"יוגורט PRO בטעם וניל 0% , 20 גרם חלבון בגביע","שטראוס בריאות בע""מ",IL,דנונה פרו 20 גר וניל 0% שומן,גרמים,200.00,100 גרם,false,1,6.50,3.2500,true,1,125860
7290112330390,false,יוגורט PRO בטעם פירות יער 0% 20 גרם חלבון בגביע,"שטראוס בריאות בע""מ",IL,דנונה פרו 20 גר פירות יער 0% שומן,גרמים,200.00,100 גרם,false,1,6.50,3.2500,true,1,125861
7290112330987,false,שייק חלבון מי גבינה עם אפרסק ומנגו 350 מ,שטראוס גרופ,IL,שייק חלבון מי גבינה עם אפרסק ומנגו 350 מ,מיליליטרים,350.00,"100 מ""ל",false,1,7.50,2.1429,true,1,123849
7290112332585,false,"פריכיות תפו""א, אורז בתיבול סלק ומלח חי 30 גר'","פרח תעשיו מזון בע""מ",IL,פריכיות משולשות-סלק,גרמים,30.00,100 גרם,false,1,5.90,19.6667,true,1,126446
7290112332691,false,פינוקיות עוגיות קרם פסק זמן אגוזים 200 גרם,הגביע מוצרי ופלים בע,IL,.עוגיית קרם פסק זמן אגוזים,גרמים,200.00,100 גרם,false,1,11.90,5.9500,true,1,126585
7290112332899,false,עלית - צנצנת בזוקה פופים קלאסי 58 גרם,רוג'ר אנד רוג'ר,IL,בזוקה פופים קלאסי 58 ג,גרמים,58.00,100 גרם,false,1,9.90,17.0690,true,1,126587
7290112334749,false,קפה טורקי שקית 10% תוספת 200 ג' עלית,שטראוס קפה בי.וי,IL,עלית טורקי שקית 200 ג 10% תוספת,גרמים,200.00,100 גרם,false,1,15.90,7.9500,true,1,142212
7290112335487,false,פריכיות הטעימות קצח ודגנים אנרגי 135 גר,אנרג'י Energy - שטראוס,IL,פריכיות טעימות קצח ודגנים 135 גרם,גרמים,135.00,100 גרם,false,1,13.90,10.2963,true,1,125855
7290112335494,false,הפריכיות הטעימות תפוחי אדמה בטעם פוטטוס,"פרח תעשיות מזון בע""מ",IL,פריכיות טעימות פוטטוס 19,גרמים,135.00,100 גרם,false,1,13.90,10.2963,true,1,125856
7290112335500,false,"הפריכיות הטעימות חומוס, אורז, עדשים שחורות וקינואה",אנרג'י Energy - שטראוס,IL,פריכיות טעימות חלבון 19,גרמים,135.00,100 גרם,false,1,13.90,10.2963,true,1,125857
7290112336637,false,סוכריות מאסט Must ללא סוכר יוגורט תות ואוכניות,שטראוס גרופ,PL,סוכריות ללס יוגורט תות אוכמניות,גרמים,80.00,100 גרם,false,1,8.90,11.1250,true,1,144206
7290112336644,false,סוכריות מאסט ללא סוכר לימון 80 ג' עלית,שטראוס גרופ,PL,סוכריות ללס לימון 80 ג חדש,גרמים,80.00,100 גרם,false,1,8.90,11.1250,true,1,144207
7290112336651,false,סוכריות מאסט ללא סוכר ריבת חלב 80 ג' עלית,שטראוס גרופ,PL,סוכריות ללס ריבת חלב 80 ג חדש,גרמים,80.00,100 גרם,false,1,8.90,11.1250,true,1,144208
7290112336712,false,יוגורט PRO לבן 0% 21 גרם חלבון בגביע,"שטראוס בריאות בע""מ",IL,דנונה פרו 21 גר 0% שומן,גרמים,200.00,100 גרם,false,1,6.50,3.2500,true,1,124234
7290112337474,false,סוכריות מאסט ללא סוכר פטל לימון 80 ג' עלית,שטראוס גרופ,PL,סוכריות ללס פטל לימון 80 גר,גרמים,80.00,100 גרם,false,1,8.90,11.1250,true,1,144209
7290112337481,false,סוכריות מאסט ללא סוכר קפצ''ינו 80 ג' עלית,שטראוס גרופ,PL,סוכריות ללס קפוצ'ינו 80 גר' אריזה חדשה,גרמים,80.00,100 גרם,false,1,8.90,11.1250,true,1,144210
7290112338877,false,מעדן גבינה בטעם תות 3% 125ג' סקי,"שטראוס בריאות בע""מ",IL,סקי תות 125 גרם,גרמים,125.00,100 גרם,false,1,3.90,3.1200,true,1,123558
7290112339867,true,גמדים סקוויז תות 10,שטראוס,IL,גמדים סקוויז תות 100 גרם,גרמים,100.00,100 גרם,false,1,5.70,5.7000,true,1,147306
7290112339874,true,גמדים סקוויז תות בננ,שטראוס,IL,גמדים סקוויז תות בננה 100,גרמים,100.00,100 גרם,false,1,5.70,5.7000,true,1,147307
7290112340122,false,פריכיות טעימות 3 דגנים אנרגי 135 גר,אנרג'י Energy - שטראוס,IL,פריכיות טעימות 3 דגנים 135 גרם,גרמים,135.00,100 גרם,false,1,13.90,10.2963,true,1,125858
7290112340245,false,צנצנת מסטיק מאסט בטעם דובדבן 66 ג' עלית,"שטראוס גרופ בע""מ",IL,צנצנת MUST דובדבן 66 גר,גרמים,66.00,100 גרם,false,1,9.90,15.0000,true,1,125476
7290112340252,false,צנצנת מסטיק מאסט בטעם אבטיח מלון 66 ג' עלית,"שטראוס גרופ בע""מ",IL,מסטיק מאסט צנצנת אבטיח מלון 66 גרם,גרמים,66.00,100 גרם,false,1,9.90,15.0000,true,1,125475
7290112340276,false,פינוקיות עוגיות קרם קפה 200 גרם,הגביע מוצרי ופלים בע,IL,פינוקיות קרם קפה נמס,גרמים,200.00,100 גרם,false,1,11.90,5.9500,true,1,126594
7290112340900,false,קפה טורקי האג נטול קפאין 200 גרם,הנסיך- מפעל לייצור ט,IL,קפה טורקי האג 200 גרם,גרמים,200.00,100 גרם,false,1,29.90,14.9500,true,1,147236
7290112341679,false,דנונה אקטיביה 3% שומן 200 גרם,מיוצר עי קונדיטוריית,IL,אקטיביה 3% 200ג',גרמים,200.00,100 גרם,false,1,4.20,2.1000,true,1,142733
7290112341686,false,מארז אקטיביה שמיניה 3% 150 גר*8,מיוצר עי קונדיטוריית,IL,מארז אקטיביה 3% שמיניה 1200גרם,גרמים,1200.00,100 גרם,false,1,19.90,1.6583,true,1,142734
7290112342102,false,סימפוניה גבינה במרקם שמנת בצל מקורמל 5%,"שטראוס בריאות בע""מ",IL,סימפוניה בצל מקורמל,גרמים,200.00,100 גרם,false,1,11.90,5.9500,true,1,144258
7290112342621,false,משקה חלב שוקו יוטבתה,מחלבת יטבתה,IL,"שוקו 350 מ""ל",מיליליטרים,350.00,"100 מ""ל",false,1,6.50,1.8571,true,1,142741
7290112343420,false,"משקה חלב עם דגנים מלאים ובננה פרו יטבתה 350מ""ל",מחלבת יטבתה,IL,יטבתה פרו ארוחת בוקר 350 מל,מיליליטרים,350.00,"100 מ""ל",false,1,7.40,2.1143,true,1,143594
7290112343499,false,חטיף צ'יטוס פאפס אפוי בטעם גבינה,"שטראוס פריטו ליי בע""",IL,צ'יטוס PUFFS בטעם גבינה 55 ג 48 יח,גרמים,55.00,100 גרם,false,1,4.90,8.9091,true,1,152766
7290112344724,false,מעדן בטעם שוקולד בלונדי 170 ג' מילקי,מיוצר עי קונדיטוריית,IL,מילקי בטעם שוקולד בלונדי 170גרם,גרמים,170.00,100 גרם,false,1,3.50,2.0588,true,1,143591
7290112344731,false,מילקי אקסטרא שוקולד,"שטראוס גרופ בע""מ",IL,מילקי EXTRA שוקולד עם קצפת 133גרם,גרמים,133.00,100 גרם,false,1,3.90,2.9323,true,1,153345
7290112344755,false,מילקי שוקולד 26% פחות סוכר 135 גרם,מיוצר עי קונדיטוריית,IL,מילקי עם 26% פחות סוכר,גרמים,135.00,100 גרם,false,1,3.00,2.2222,true,1,148825
7290112344786,false,קפה פלטינום קלאסיק 200 ג' עלית,הנסיך- מפעל לייצור ט,IL,קפה פלטינום קלאסיק 200 גרם,גרמים,200.00,100 גרם,false,1,27.90,13.9500,true,1,144564
7290112346360,false,בפלות אחת אחת ופל בטעם שוקולד מצופה שוקולד,טוטיז-בינגו סיאי,GR,בפלות אחת אחת בציפוי שוקולד חלב,גרמים,180.00,100 גרם,false,1,15.90,8.8333,true,1,144214
7290112346827,false,אקטימל פטל ויטמין C שמינייה,שטראוס גרופ,IL,אקטימל ויטמין C פטל שמינייה 864 מל,מיליליטרים,864.00,"100 מ""ל",false,1,20.90,2.4190,true,1,148105
7290112347008,false,גמדים לדרך גבינה לבנה עם מחית תות ושיבולת שועל,מיוצר עי קונדיטוריית,IL,גמדים ארוחת בוקר תות סקוויז,גרמים,100.00,100 גרם,false,1,5.70,5.7000,true,1,143586
7290112348043,false,סלט חציל במיונז דליק,שטראוס,IL,סלט חציל במיונז דליקטס 250 גרם,גרמים,250.00,100 גרם,false,1,11.90,4.7600,true,1,149977
7290112349606,false,מעדן גבינה ויוגורט תות בננה 88 ג' דניאלה,"שטראוס בריאות בע""מ",IL,דניאלה תות בננה,גרמים,88.00,100 גרם,false,1,4.40,5.0000,true,1,153791
7290112349675,false,גמדים סקוויז 100 גרם בודד וניל,מיוצר עי קונדיטוריית,IL,גמדים ארוחת בוקר וניל סקוויז,גרמים,100.00,100 גרם,false,1,5.70,5.7000,true,1,143587
7290112349699,false,פסאטה מחית עגבניות חלקה 350 גר' יד מרדכי,אמיליאנה קונסרב סוסי,IT,פסאטה מחית עגבניות חלקה יד מרדכי 350 גר,גרמים,350.00,100 גרם,false,1,12.90,3.6857,true,1,144460
7290112349705,false,פומודורו רוטב עגבניות קלאסי לפסטה 350 גר' יד מרדכי,אמיליאנה קונסרב סוסי,IT,רוטב עגבניות קלאסי פומודורו יד מרדכי350ג,גרמים,350.00,100 גרם,false,1,12.90,3.6857,true,1,144458
7290112349736,false,בזיליקום רוטב עגבניות לפסטה 350 גר' יד מרדכי,אמיליאנה קונסרב סוסי,IT,רוטב עגבניות לפסטה בזיליקום יד מרדכי350ג,גרמים,350.00,100 גרם,false,1,12.90,3.6857,true,1,144459
7290112349750,false,פיצה רוטב עגבניות לפיצה 350 גר' יד מרדכי,אמיליאנה קונסרב ס.פ.,IT,רוטב עגבניות לפיצה 350 גרם,גרמים,350.00,100 גרם,false,1,12.90,3.6857,true,1,153080
7290112350312,false,קפסולות 15 קפה יותר למכונות נספרסו עלית 10יח',הנסיך- מפעל לייצור ט,IL,קפסולות 15 למכונות NESPRESSO,גרמים,50.00,100 גרם,false,1,16.90,33.8000,true,1,147238
7290112351104,false,שוקולד פרה ממולא פיצפוצי אורז 100 ג' עלית,שטראוס,IL,שוקולד פרה פצפוצי אורז 100גרם,גרמים,100.00,100 גרם,false,1,5.90,5.9000,true,1,145794
7290112351128,false,שוקולד פרה סוכריות קופצות 100 ג' עלית,"שטראוס גרופ בע""מ",IL,טבלאות שוקולד פרה סוכריות קופצות 90 גרם,גרמים,90.00,100 גרם,false,1,5.90,6.5556,true,1,146765
7290112353412,false,"פריכיות תפו""א, אורז, תירס, אפונה ירוקה, סלק, מלח ים","פרח תעשיו מזון בע""מ",IL,"פריכיות משולשות-תפוא,תירס,אפונה,סלק ומלח",גרמים,30.00,100 גרם,false,1,5.90,19.6667,true,1,147352
7290112353566,false,סלט טחינה דליקטס 250,שטראוס,IL,סלט טחינה דליקטס 250 גרם,גרמים,250.00,100 גרם,false,1,11.90,4.7600,true,1,149979
7290112354174,false,פסטה רוזה דלישס 280 גרם,"טרופיקל דגיל בע""מ אז",IT,פסטה רוזה דלישס 280גרם,גרמים,280.00,100 גרם,false,1,24.90,8.8929,true,1,152860
7290112354204,false,ספגטי עגבניות דלישס 280 גרם,גסטרונומיה פרוסט אס.,IT,ספגטי עגבניות דלישס 280 גרם,גרמים,280.00,100 גרם,false,1,24.90,8.8929,true,1,152862
7290112354211,false,פיצה מרגריטה דלישס 400 גרם,סקרלינפיצה אס.אר.אל,IT,פיצה מרגריטה דלישס 400 גרם,גרמים,400.00,100 גרם,false,1,26.90,6.7250,true,1,152863
7290112354235,false,ברקטה פיצה - 2 יחידות במארז,סקרלינפיצה אס.אר.אל,IT,ברקטה פיצה דלישס 300 גרם,גרמים,300.00,100 גרם,false,1,26.90,8.9667,true,1,152864
7290112354945,false,חטיף תפוצ'יפס WAVY בטעם טבעי,שטראוס פריטו ליי בע”,IL,תפוציפס טבעי 50 גרם wavy,גרמים,50.00,100 גרם,false,1,3.90,7.8000,true,1,157227
7290112355027,false,דנונה פרו 20 גרם חלבון קרמל מלוח 200 גרם,"שטראוס בריאות בע""מ",IL,דנונה פרו 20 גרם בטעם קרמל מלוח,גרמים,200.00,100 גרם,false,1,6.50,3.2500,true,1,148823
7290112355102,false,גמדים סקוויז 100 גרם פאוץ סלט פירות 100 גרם,"שטראוס בריאות בע""מ",IL,סקוויז גמדים לדרך סלט פירות 100 גרם,גרמים,100.00,100 גרם,false,1,5.70,5.7000,true,1,148980
7290112355256,false,רוטב שמנת עם 4 גבינו,יטבתה,IL,רוטב שמנת עם 4 גבינות 9% יוטבתה,מיליליטרים,250.00,"100 מ""ל",false,1,11.90,4.7600,true,1,153352
7290112355393,false,"יטבתה רוטב שמנת+בטטה 9% שומן 250 מ""ל",שטראוס גרופ,IL,רוטב שמנת עם בטטה 257 מל,מיליליטרים,257.00,"100 מ""ל",false,1,11.90,4.6304,true,1,157148
7290112355461,false,חומוס אחלה בסגנון יר,"שטראוס גרופ בע""מ",IL,חומוס בסגנון ירושלמי 400 גרם,גרמים,400.00,100 גרם,false,1,12.20,3.0500,true,1,150342
7290112355812,false,מילקי טופ קורנפלקס 141 ג' שטראוס,"שטראוס גרופ בע""מ",IL,מילקי טופ קורנפלקס מעורב,גרמים,141.00,100 גרם,false,1,4.90,3.4752,true,1,155349
7290112355843,false,מילקי טופ בלונדי 143,מיוצר עי קונדיטוריית,IL,מילקי טופ בלונדי 143 גרם,גרמים,143.00,100 גרם,false,1,4.90,3.4266,true,1,152588
7290112355850,false,מילקי טופ מקופלת 143,מיוצר עי קונדיטוריית,IL,מילקי טופ מקופלת,גרמים,143.00,100 גרם,false,1,4.90,3.4266,true,1,152587
7290112355881,false,דנונה לייט אנד פריי תות עם חלבון 150 גר',"שטראוס בריאות בע""מ",IL,דנונה לייט תות עם חלבון 150 גרם,גרמים,150.00,100 גרם,false,1,4.90,3.2667,true,1,148977
7290112357083,false,טעם הטבע אפונה ירוקה 380 גרם קופסה,הדקלאים אגודת שיתופי,IT,אפונה ירוקה 380 ט.הטבע קופסה,גרמים,380.00,100 גרם,false,1,7.90,2.0789,true,1,146236
7290112357618,false,כשלפ מסטיק קוביות בטעם פירות טרופיים 58 ג,אסקום קונפקשיין,DE,כשלפ קוביות בטעם פירות טרופיים 58 ג,גרמים,58.00,100 גרם,false,1,9.90,17.0690,true,1,145184
7290112358004,false,חטיף פסק זמן קראנץ 32 גרם,שולן צ'יקולטה גידה ס,IL,פסק זמן קראנץ' 32 גר,גרמים,32.00,100 גרם,false,1,5.90,18.4375,true,1,148453
7290112358219,false,יד מרדכי רוטב צ'ילי מתוק 300 גרם,אף.סי תבליני בגליל ב,IL,רוטב צילי מתוק 300 גר יד מרדכי,גרמים,300.00,100 גרם,false,1,14.90,4.9667,true,1,147089
7290112358431,false,עד חצות דאבל ביסקוויט עם שוקולד חלב -8 אריזות אישיות,הדקלאים אגודת שיתופי,IL,עד חצות דאבל 200 גרם,גרמים,200.00,100 גרם,false,1,14.90,7.4500,true,1,150440
7290112358523,false,סלט חומוס סלק 235גר,מיוצר עי קונדיטוריית,IL,חומוס סלק,גרמים,235.00,100 גרם,false,1,11.90,5.0638,true,1,150731
7290112359353,false,קפה טורקי קלוי וטחון אלדין,שטראוס,IL,קפה טורקי אלדין 200 גרם,גרמים,200.00,100 גרם,false,1,22.90,11.4500,true,1,153953
7290112419699,false,עוגיות פריכות ממולא,קריניציה ויטמינה אס,IL,עוגיות פריכות ממולא תמרים 300 גרם,גרמים,300.00,100 גרם,false,1,15.90,5.3000,true,1,149652
7290112490032,true,מרק נמס בכוס תירס 43,יוניליוור ישראל מזון,IL,קנור נמס בכוס מרק תירס 45 גרם,גרמים,43.00,100 גרם,false,1,7.50,17.4419,true,1,122141
7290112490209,true,נמס בכוס עגבניות קרו,יוניליוור ישראל מזון,IL,נמס בכוס עגבניות קרוטונים ר.טבעי 64 גרם,גרמים,64.00,100 גרם,false,1,7.50,11.7188,true,1,122144
7290112490230,true,נמס בכוס אפונה ר.טבע,יוניליוור ישראל מזון,IL,נמס בכוס מרק אפונה - 100% רכיבים טבעיים,גרמים,50.00,100 גרם,false,1,7.50,15.0000,true,1,122145
7290112490650,false,קונפיטורה תות שדה 340 גרם-צנצנת,קונפיטורות לה-ארדניי,IL,778 קונפיטורת תות שדה 340 גרם,גרמים,340.00,100 גרם,false,1,13.90,4.0882,true,1,121956
7290112490667,false,קונפיטורה משמש 340 גרם-צנצנת,אתר חיפה 778 - Food,IL,778 קונפיטורת משמש 340 גרם,גרמים,340.00,100 גרם,false,1,15.90,4.6765,true,1,121959
7290112490698,false,קונפיטורה תות שדה לייט 300 גרם-צנצנת,אתר חיפה 778 - Food,IL,קונפיטורה תות שדה לייט 300 גרם,גרמים,300.00,100 גרם,false,1,14.90,4.9667,true,1,122079
7290112490728,false,מרק עשיר ירקות עם בורגול רכיבים טבעיים 95 ג' קנור,יוניליוור ישראל מזון,IL,מרק עשיר ירקות עם בורגול100%רכיבים טבעיי,גרמים,104.00,100 גרם,false,1,12.90,12.4038,true,1,122180
7290112490735,true,מרק עשיר עגבניות עם,יוניליוור ישראל מזון,IL,מרק עשיר עגבניות עם פסטה – 100% רכיבים ט,גרמים,105.00,100 גרם,false,1,12.90,12.2857,true,1,122147
7290112490742,true,מרק עשיר פטריות עם ג,יוניליוור ישראל מזון,IL,מרק עשיר פטריות עם גריסים – 100% רכיבים,גרמים,104.00,100 גרם,false,1,12.90,12.4038,true,1,122148
7290112490759,true,מרק עשיר עוף עם אטרי,יוניליוור ישראל מזון,IL,מרק עשיר עוף עם אטריות – 100% רכיבים טבע,גרמים,74.00,100 גרם,false,1,12.90,17.4324,true,1,122149
7290112490896,true,קנור רוטב צילי חריף,יניליוור ישראל מזון,IL,קנור רוטב צילי חריף 370 גרם,גרמים,370.00,100 גרם,false,1,12.90,3.4865,true,1,122758
7290112491497,false,"קנור מרק פטריות 400 גרם כשל""פ",יונליוור ישראל מזון,IL,קנור מרק פטריות כשלפ 400 גרם,גרמים,400.00,100 גרם,false,1,24.90,6.2250,true,1,144162
7290112491701,false,ברנפלקס בטעם וניל מעודן 20% חלבון Extra Protein,יוניליוור ישראל מזון,IL,ברנפלקס חיטה מלאה ושיבולת שועל מלאה375,גרמים,375.00,100 גרם,false,1,25.90,6.9067,true,1,125551
7290112491770,false,בייגלה דקים דקים מלח ב.בייגל 300 גר',בייגל את בייגל מזון,IL,בייגלה דקים עם מלח ים,גרמים,0.00,100 גרם,false,1,11.90,0.0000,true,1,123632
7290112492456,false,"שמפו פינוק לשיער יבש/פגום 700 מ""ל",יוניליוור ישראל טיפו,IL,PINUK שמפו 2IN1 700 ML,מיליליטרים,700.00,"100 מ""ל",false,1,12.90,1.8429,true,1,145739
7290112492531,true,פינוק מרכך שיער רגיל,יוניליוור ישראל טיפו,IL,PINUK מרכך 700 ML,מיליליטרים,700.00,"100 מ""ל",false,1,12.90,1.8429,true,1,143877
7290112492548,true,פינוק מרכך שיער יבש,יוניליוור ישראל טיפו,IL,PINUK מרכך שיער 700 ML,מיליליטרים,700.00,"100 מ""ל",false,1,12.90,1.8429,true,1,143878
7290112492579,true,פינוק מרכך שמן קוקוס,יוניליוור ישראל טיפו,IL,PINUK מרכך שיער 700 ML,מיליליטרים,700.00,"100 מ""ל",false,1,12.90,1.8429,true,1,145743
7290112492593,true,פינוק תחליב רחצה בני,יוניליוור ישראל טיפו,IL,PINUK סבון נוזלי 700 ML,גרמים,700.00,100 גרם,false,1,12.90,1.8429,true,1,143880
7290112492821,false,סיף מגבוני סיף לניקוי כללי 50יח מאסק,עלבד משואות יצחק בעמ,IL,סיף מטליות לחות לניקוי כללי בניחוח מאסק,יחידה,1.00,יחידה,false,1,12.90,12.9000,true,1,124365
7290112492944,false,"קנור אבקת מרק עוף אמיתי 400 גרם כשל""פ",יוניליוור ישראל מזון,IL,קנור מרק עוף אמיתי כשלפ 400 גרם,גרמים,400.00,100 גרם,false,1,22.90,5.7250,true,1,144161
7290112492982,false,"אבקת מרק פטריות כשל""פ 100% רכיבים טבעיים 400 גרם",יוניליוור ישראל מזון,IL,קנור מרק פטריות רכיבים טבעיים 400 גרם,גרמים,400.00,100 גרם,false,1,21.90,5.4750,true,1,143834
7290112492999,false,קנור מרק עוף אמיתי 400 גרם פרווה,יוניליוור ישראל מזון,IL,קנור מרק טעם עוף 400 גרם,גרמים,400.00,100 גרם,false,1,17.50,4.3750,true,1,143833
7290112493293,true,קנור מרק נמס בכוס יר,יוניליוור ישראל מזון,IL,קנור מרק נמס בכוס ירקות 44גרם - 100% רכי,גרמים,44.00,100 גרם,false,1,7.50,17.0455,true,1,141962
7290112493316,true,מרק היום אפונה קנור,יוניליוור ישראל מזון,IL,מרק היום אפונה קנור 117גרם 100% רכיבים,גרמים,117.00,100 גרם,false,1,12.90,11.0256,true,1,141963
7290112493903,false,שטראוס ננסים מיני 60 גרם,"מיוצר ע""י גלידת שטרא",IL,"מאגדת ננסים בטעמים תות, לימון, קולה ומשמש",גרמים,87.00,100 גרם,false,1,10.90,12.5287,true,1,141673
7290112493927,false,גלידה בטעם ריבת חלב 1.33ל' קרמיסימו,"גלידת שטראוס בע""מ, ר",IL,גלידה קרמיסימו ריבת חלב 1.33 ליטר,ליטרים,1.33,ליטר,false,1,26.90,20.2256,true,1,144105
7290112493934,false,גלידה וניל צרפתי 1.33ל' קרמיסימו,"גלידת שטראוס בע""מ, ר",IL,גלידה קרמיסימו וניל צרפתי 1.33 ליטר,ליטרים,1.33,ליטר,false,1,26.90,20.2256,true,1,144104
7290112493965,false,קרמיסימו חלבית בטעם מסטיק וניל 665 גר,"גלידת שטראוס בע""מ, ר",IL,גלידה קרמיסימו מסטיגם 1.33 ליטר,ליטרים,1.33,ליטר,false,1,26.90,20.2256,true,1,144106
7290112494221,false,קליק - ביסקויט תפזורת 65 גרם,יוניליוור ישראל מזון,IL,קליק ביסקוויט 65 גרם,גרמים,65.00,100 גרם,false,1,7.90,12.1538,true,1,142936
7290112494238,false,קליק - כדורים חלב תפזורת 65 גרם,יוניליוור ישראל מזון,IL,קליק קליק כדורים 65 גרם,גרמים,65.00,100 גרם,false,1,7.90,12.1538,true,1,142939
7290112494276,false,קליק - כריות תפזורת 65 גרם,יוניליוור ישראל מזון,IL,קליק קליק כריות 65 גרם,גרמים,65.00,100 גרם,false,1,7.90,12.1538,true,1,142940
7290112494283,false,קליק - מעורב חום לבן תפזורת 65 גרם,יוניליוור ישראל מזון,IL,קליק חום לבן 65 גרם,גרמים,65.00,100 גרם,false,1,7.90,12.1538,true,1,142938
7290112494313,false,קליק - קורנפלקס תפזורת 65 גרם,יוניליוור ישראל מזון,IL,קליק קליק קורנפלקס 65 גרם,גרמים,65.00,100 גרם,false,1,7.90,12.1538,true,1,142943
7290112494344,false,קורנפלקס כספי אלופים תלמה850 גר',יוניליוור שפע ישראל,IL,תלמה קורנפלקס של אלופים דגני בוקר 850 גרם,גרמים,850.00,100 גרם,false,1,21.90,2.5765,true,1,144842
7290112494382,false,פירה בטעם ביתי 260 גרם-קופסא,יוניליוור ישראל מזון,IL,פירה בטעם ביתי מוכן ברגע קנור,גרמים,260.00,100 גרם,false,1,14.90,5.7308,true,1,143629
7290112494603,false,דומסטוס מגבונים לניקוי ולחיטוי מושב האסלה ואמבטיות בניחוח רענן,"עלבד משואות יצחק בע""",IL,דומסטוס מגבונים לניקוי מושב האסלה וחדר,מיליליטרים,150.00,"100 מ""ל",false,1,8.90,5.9333,true,1,142286
7290112494795,false,"ג'ל לכביסה לבנה וצבעונית בניחוח בדין כחול 2.5 ק""ג","זוהר דליה, קיבוץ דלי",IL,בדין ג'ל כביסה כחול 2.5 ליטר,ליטרים,2.50,ליטר,false,1,27.90,11.1600,true,1,143061
7290112494993,false,דגני בוקר וניל 686ג' כריות,יוניליוור שפע ישראל,IL,תלמה דגני בוקר כריות וניל 686 גרם,גרמים,686.00,100 גרם,false,1,29.90,4.3586,true,1,143020
7290112495020,false,כריות צוקולדה 686 גרם קופסא,יוניליוור שפע ישראל,IL,תלמה דגני בוקר כריות צ'וקולדה 686 גרם,גרמים,686.00,100 גרם,false,1,29.90,4.3586,true,1,143023
7290112495037,false,דגני בוקר בטעם שוקולד כדורים 375 ג' קוקומן,יוניליוור שפע ישראל,IL,קוקומן כדורים 375 גרם,גרמים,375.00,100 גרם,false,1,22.90,6.1067,true,1,143024
7290112495044,false,קוקומן פצפוצים בטעם שוקולד,יוניליור שפע ישראל ב,IL,קוקומן פיצפוצים 375 גרם,גרמים,375.00,100 גרם,false,1,22.90,6.1067,true,1,143025
7290112495105,false,נשנושים חטיף בטעם שמנת בצל,בייגל את בייגל מזון,IL,נשנושים חטיף אפוי בטעם שמנת בצל 260 גרם,גרמים,260.00,100 גרם,false,1,14.90,5.7308,true,1,143138
7290112495112,false,נשנושים זעתר ב.בייגל 260ג',בייגל את בייגל מזון,IL,נשנושים חטיף אפוי בטעם זעתר 260 גרם,גרמים,260.00,100 גרם,false,1,14.90,5.7308,true,1,143137
7290112495150,false,נשנושי קרקר עיגולים מלוחים 300 גר',בייגל את בייגל מזון,IL,נשנושי קרקר עיגולים מלוחים 300 גרם,גרמים,300.00,100 גרם,false,1,15.50,5.1667,true,1,143139
7290112495228,false,"קורנפלקס דבש תלמה 448 ג' בד""צ",יוניליוור שפע ישראל,IL,תלמה קורנפלקס דבש 448 גרם,גרמים,448.00,100 גרם,false,1,18.90,4.2187,true,1,143026
7290112495235,false,ריבועי דגנים של אלופים וניל 488 גר',יוניליוור שפע ישראל,IL,תלמה קורנפלקס של אלופים וניל 448 גרם,גרמים,448.00,100 גרם,false,1,18.90,4.2187,true,1,143027
7290112495433,false,דגני דליפקאן תוספת אגוזי פקאן ושקדים 400 גר,יוניליור שפע ישראל ב,IL,TELMA דגני מבוגרים 400 GR,גרמים,400.00,100 גרם,false,1,25.90,6.4750,true,1,141927
7290112495471,false,"קורנפלקס תלמה ללא גלוטן 500 גרם כשל""פ","מולינו ניקולי S.P.A,",IT,TELMA דגני משפחה 500 GR,גרמים,500.00,100 גרם,false,1,22.90,4.5800,true,1,144167
7290112495488,false,קורנפלקס פתיתי תירס קלויים ללא גלוטן 500,"מולינו ניקולי S.p.A,",IT,תלמה קורנפלקס ללא גלוטן 500 גרם,גרמים,500.00,100 גרם,false,1,22.90,4.5800,true,1,149454
7290112495662,false,קרקר חיטה מלאה ופשתן בייגל בייגל 300 גרם,"מיוצר ע""י קוד יצרן A",IL,B&B חיטה מלאה עם פשתן 300 GR,גרמים,300.00,100 גרם,false,1,9.90,3.3000,true,1,145572
7290112495747,false,רוטב צ''ילי מתוק כ 70% פחות סוכר 340 ג' קנור,יוניליוור ישראל מזון,IL,קנור רוטב צ'ילי מתוק כ-75% פחות סוכר 340 גרם,גרמים,340.00,100 גרם,false,1,12.90,3.7941,true,1,144120
7290112495754,false,"רטבי הלמנס לסלט 300 מ""ל אלף האיים",יוניליוור ישראל מזון,IL,הלמנ'ס רוטב אלף האיים 305 גרם,גרמים,305.00,100 גרם,false,1,12.90,4.2295,true,1,144121
7290112495761,false,רוטב אלף האיים לייט חמץ הלמנס 305 ג',יוניליוור ישראל מזון,IL,הלמנ'ס רוטב אלף האיים לייט 305 גרם,גרמים,305.00,100 גרם,false,1,12.90,4.2295,true,1,144122
7290112495785,false,רוטב לסלט שום הלמנס 300ג,יוניליוור ישראל מזון,IL,הלמנ'ס רוטב שום 300 גרם,גרמים,300.00,100 גרם,false,1,12.90,4.3000,true,1,144123
7290112495808,false,"רטבי הלמנס לסלט 300 מ""ל חרדל ודבש",יוניליוור ישראל מזון,IL,הלמנ'ס רוטב חרדל ודבש 305 מל,גרמים,305.00,100 גרם,false,1,12.90,4.2295,true,1,145565
7290112495815,false,רוטב סלט חרדל דבש לייט הלמנס 305ג',יוניליוור ישראל מזון,IL,הלמנ'ס רוטב חרדל ודבש לייט 305 גרם,גרמים,305.00,100 גרם,false,1,12.90,4.2295,true,1,145566
7290112495822,false,כריות BLAK שוקולד וניל 686 גר',יוניליוור שפע ישראל,IL,תלמה דגני בוקר כריות בלאק 686 גרם,גרמים,686.00,100 גרם,false,1,29.90,4.3586,true,1,144267
7290112496027,false,סירופ שוקולד 580 גרם-בקבוק,יוניליוור ישראל מזון,IL,EFICOL קינוחים שונים 580 GR,גרמים,580.00,100 גרם,false,1,15.50,2.6724,true,1,144164
7290112496034,false,סירופ מייפל אפיכל 580 גרם,יוניליוור ישראל מזון,IL,EFICOL קינוחים שונים 580 GR,גרמים,580.00,100 גרם,false,1,15.50,2.6724,true,1,144163
7290112496270,false,"פתית צ'יפס תפו""א בתוספת עגבניות ועשבי תיבול 22 ג'",JLM גלובל פודס37 דרך,GB,פתית ציפס עם תפוחי אדמה עגבניות 22 גרם,גרמים,0.00,100 גרם,false,1,4.90,0.0000,true,1,147059
7290112496287,false,פתית - צ'יפס בטטה בטעם טבעי 21 גרם,JLM גלובל פודס37 דרך,GB,פתית פתית צ'יפס בטטה בטעם טבעי 21 גר',גרמים,0.00,100 גרם,false,1,4.90,0.0000,true,1,147058
7290112496430,false,קנור נמס בכוס אקסטרה עגבניות+איטריות 37 גרם - רבנות,יוניליוור ישראל מזון,IL,נמס בכוס אקסטרה מרק עגבניות 37 גרם,גרמים,37.00,100 גרם,false,1,4.50,12.1622,true,1,152940
7290112496447,false,נמס בכוס אקסטרה טעם עוף עם המון אטריות 27ג',יוניליוור ישראל מזון,IL,קנור נמס בכוס אקסטרה מרק טעם עוף עם אטריות 27 גרם,גרמים,27.00,100 גרם,false,1,4.50,16.6667,true,1,152941
7290112496461,false,נמס בכוס אקסטרה מרק ירקות עם המון אטריות,יוניליוור ישראל מזון,IL,נמס בכוס מרק אקסטרה ירקות עם המון אטריות,גרמים,32.00,100 גרם,false,1,4.50,14.0625,true,1,152995
7290112496584,false,כריות בלאק לבן 65 ג' קליק,"דרך השוקולד 1, צפת 1",IL,קליק קליק כריות בלאק ושוקולד לבן 65 גרם,גרמים,65.00,100 גרם,false,1,6.90,10.6154,true,1,146756
7290112497000,false,פנטסטיק תרכיז ניקוי רב תכליתי בניחוח לימון,"זוהר דליה, קיבוץ דלי",IL,סיף פנטסטיק ניקוי כללי בניחוח לימון 1 ליטר,ליטרים,1.00,ליטר,false,1,13.90,13.9000,true,1,145727
7290112497123,false,תערובת להכנת מעדן בטעם סחלב,יוניליוור ישראל מזון,IL,קנור סחלב 112 גרם,גרמים,112.00,100 גרם,false,1,12.90,11.5179,true,1,148594
7290112497932,false,נשנושים חטיף בטעם שמנת בצל באריזה אישית 60 ג',"דרך השוקולד 1, צפת 1",IL,בייגל בייגל נשנושים חטיף אפוי בטעם שמנת בצל 60 גרם,גרמים,60.00,100 גרם,false,1,4.90,8.1667,true,1,149071
7290112498472,false,אקס דאודורנט בודי ספריי מגנום,"ארנסט, רחוב קומבינצק",RU,אקס דאודורנט ספריי גוף מגנום 150 מל,מיליליטרים,150.00,"100 מ""ל",false,1,13.90,9.2667,true,1,152126
7290112498748,false,מאגדת מיני סולרו ותות 350ג',"מיוצר ע""י גלידת שטרא",IL,מאגדת סולרו מיני תות,גרמים,350.00,100 גרם,false,5,26.90,7.6857,true,1,149238
7290112498786,false,קריספי קרמל בננה 76 ג' מגנום,יוניליוור,IL,מגנום שלגון מגנום קריספי קרמל בננה 76 גרם,גרמים,76.00,100 גרם,false,1,10.90,14.3421,true,1,149240
7290112498878,false,שלגון קורנטו פסק זמן ריבת חלב,"מיוצר ע""י גלידת שטרא",IL,קורנטו פסק זמן 69 גרם,גרמים,69.00,100 גרם,false,1,8.90,12.8986,true,1,149742
7290112498885,false,מאגדת גודי'ז תותים ושוקולד לבן 235ג',מנדלז סי.אר. פרודקשן,IL,מאגד גודיז תותים ושוקלד לבן 235גרם,גרמים,235.00,100 גרם,false,1,26.90,11.4468,true,1,149738
7290112498908,false,מאגדת קורנטו שוקו בנ,"מיוצר ע""י גלידת שטרא",IL,מאגדת קורנטו שוקו בננה 390גרם,גרמים,390.00,100 גרם,false,1,39.50,10.1282,true,1,150484
7290112498915,false,מאגדת מיני מגנום שקדים מובחרים 250 ג',"מיוצר ע""י גלידת שטרא",IL,מגנום מאגדת מיני מגנום שקדים מובחרים 5 יחידות,גרמים,250.00,100 גרם,false,1,32.90,13.1600,true,1,150707
7290112498922,false,מאגדת מיני מגנום שוקולד לבן 250 ג',"מיוצר ע""י גלידת שטרא",IL,מגנום מאגדת מיני מגנום לבן 5 יחידות,גרמים,250.00,100 גרם,false,1,32.90,13.1600,true,1,150708
7290112498939,false,שלגון בומבה בטעם וניל 80 גרם,"מיוצר ע""י גלידת שטרא",IL,שטראוס שלגון בומבה בטעם וניל 80 גרם,גרמים,84.00,100 גרם,false,1,9.90,11.7857,true,1,149741
7290112498946,false,ארטיק קשת בענן שטראוס,שטראוס גרופ גלידות,IL,ארטיק ילדים קשת בענן 47גרם,גרמים,47.00,100 גרם,false,1,6.90,14.6809,true,1,154059
7290112499080,false,סולרו בר קוקוס 65 ג' שטראוס,"מיוצר ע""י גלידת שטרא",IL,גלידת שרבט עם קוקוס 65גרם,גרמים,65.00,100 גרם,false,1,10.90,16.7692,true,1,154058
7290112499097,false,מאגדת מיני מגנום מריר INTENSE DARK,"מיוצר ע""י גלידת שטרא",IL,מגנום מאגדת מיני מגנום מריר 5 יחידות,גרמים,240.00,100 גרם,false,1,32.90,13.7083,true,1,154060
7290112499103,false,קורנטו קליק וניל עוגיות 72 ג' שטראוס,שטראוס גרופ גלידות,IL,קורנטו קליק וניל עוגיות 72 גרם,גרמים,72.00,100 גרם,false,1,9.90,13.7500,true,1,154637
7290112499110,false,טילון קליק בטעם שוקולד 72 ג' שטראוס,שטראוס גרופ גלידות,IL,קורנטו קליק שוקולד חזק 72 גרם,גרמים,72.00,100 גרם,false,1,9.90,13.7500,true,1,154638
7290112499127,false,שלגון גלידה שוקולד לבן ותות 77 גרם,"מיוצר ע""י גלידת שטרא",IL,מגנום שלגון גלידה שוקולד לבן ותות 77 גרם,גרמים,77.00,100 גרם,false,1,11.90,15.4545,true,1,154057
7290112499141,false,סולרו וניל ותפוח ירוק 76 ג' שטראוס,שטראוס גרופ גלידות,IL,סולרו וניל ותפוח ירוק 76 גרם,גרמים,74.00,100 גרם,false,1,10.90,14.7297,true,1,154636
7290112499189,false,"גלידת קרמיסימו חד קרן וניל תות, 1.33 ליטר","גלידת שטראוס בע""מ, ר",IL,קרמיסימו חד קרן בטעמי וניל תות ובננה 1.3,ליטרים,1.33,ליטר,false,1,23.90,17.9699,true,1,155492
7290112499196,false,גלידה בטעם החלב של הקורנפלקס 1.33 ל' קרמיסימו,"גלידת שטראוס בע""מ, ר",IL,קרמיסימו החלב של הקורנפלקס 1.33 ליטר,ליטרים,1.33,ליטר,false,1,23.90,17.9699,true,1,155493
7290112499219,false,מאגדת מיני גודיז פיסטוק ושוקולד 235 ג' שטראוס,"גלידת שטראוס בע""מ, ר",IL,גודיז מאגדת גלידה בטעמי פיסטוק ושוקולד 5 יחידות,גרמים,235.00,100 גרם,false,1,26.90,11.4468,true,1,154639
7290112499226,false,גלידונית פיסטוק בננה 703 גרם,שטראוס גרופ גלידות,IL,גלידונית כמה כמה בטעמי פיסטוק ובננה 950,מיליליטרים,950.00,"100 מ""ל",false,1,41.90,4.4105,true,1,157229
7290112499257,false,שלגון שוקובו עם ציפוי שוקולד לבן 85 גרם,שטראוס גרופ גלידות,IL,שוקובו לבן 85 גרם,גרמים,85.00,100 גרם,false,1,10.90,12.8235,true,1,157504
7290112499455,false,פינוק תחליב רחצה 700 בתוספת שמן מרוקאי,יוניליוור ישראל טיפו,IL,פינוק תחליב רחצה בתוספת שמן מרוקאי 700 מל,מיליליטרים,700.00,"100 מ""ל",false,1,12.90,1.8429,true,1,152106
7290112499462,false,פינוק תחליב רחצה 700 בתוספת שמן קוקוס,יוניליוור ישראל טיפו,IL,פינוק תחליב רחצה בתוספת שמן קוקוס 700 מל,מיליליטרים,700.00,"100 מ""ל",false,1,12.90,1.8429,true,1,152107
7290112499639,false,טילון סופר מגנום וניל צ'יפ ושוקולד 110 ג',"מיוצר ע""י גלידת שטרא",IL,קורנטו מגנום טילון וניל צ'יפ שוקולד 110 גרם,גרמים,110.00,100 גרם,false,1,10.90,9.9091,true,1,144116
7290112499646,false,טילון קורנטו וניל עם וופל פקאן 108 ג',"מיוצר ע""י גלידת שטרא",IL,קורנטו סופר פקאן 108 גרם,גרמים,108.00,100 גרם,false,1,10.90,10.0926,true,1,145268
7290112499677,false,מגנום וניל בציפוי שוקולד לבן,"מיוצר ע""י גלידת שטרא",IL,מגנום שלגון שוקולד לבן 85 גרם,גרמים,85.00,100 גרם,false,1,11.90,14.0000,true,1,144110
7290112499738,false,קרחון שרבט פרווה בטעם מלון 90 גרם,"מיוצר ע""י גלידת שטרא",IL,מקס שלגון מלון 90 גרם,גרמים,90.00,100 גרם,false,1,6.90,7.6667,true,1,144217
7290112499776,false,מאגדת גלידת גודיז שלגון אישי  240 ג',"גלידת שטראוס בע""מ, ר",IL,GOODIZ חבילות בית 350 ML,גרמים,297.00,100 גרם,false,1,26.90,9.0572,true,1,145262
7290112499820,false,שלגון פסק זמן לבן 74,"מיוצר ע""י גלדית שטרא",IL,Strauss יחידתיות 110 ML,גרמים,74.00,100 גרם,false,1,9.90,13.3784,true,1,145266
7290112499837,false,מגנום דואט שוקולד עם נוגט 90 גרם,"מיוצר ע""י גלידת שטרא",IL,Magnum יחידתיות 134 ML,גרמים,90.00,100 גרם,false,1,11.90,13.2222,true,1,144111
7290112499844,false,מאגדת מיני מגנום דואט שוקולד עם נוגט 5 יח' שטראוס,"מיוצר ע""י גלידת שטרא",IL,מגנום מאגדת מיני מגנום דואט שוקולד נוגט 5 יחידות,גרמים,310.00,100 גרם,false,1,32.90,10.6129,true,1,144109
7290112499851,false,חטיף מגנום בטעם בראוניז,"גלידת שטראוס בע""מ, ר",IL,Magnum יחידתיות 80 ML,גרמים,58.00,100 גרם,false,1,9.90,17.0690,true,1,146487
7290112499929,false,מגנום שוקולד אימפלס פסח 120מל,"מיוצר ע""י גלידת שטרא",IL,מגנום שלגון מגנום שוקולד 85 גרם,גרמים,85.00,100 גרם,false,1,11.90,14.0000,true,1,144112
7290112499936,false,מגנום שקדים אימפלס פסח 125מל,"מיוצר ע""י גלידת שטרא",IL,מגנום שלגון מגנום שקדים 85 גרם,גרמים,85.00,100 גרם,false,1,11.90,14.0000,true,1,144113
7290112499943,false,מיני מאגדת מיני מגנום טעמים שונים וניל+שוקו,"מיוצר ע""י גלידת שטרא",IL,מיני מגנום קלאסיק שוקולד 250 גרם,גרמים,250.00,100 גרם,false,1,32.90,13.1600,true,1,144108
7290112499974,false,מאגדת מיני פסק זמן על מקל,"גלידת שטראוס בע""מ, ר",IL,מאגדת מיני פסק זמ 1/5 280 גרם,גרמים,280.00,100 גרם,false,1,29.90,10.6786,true,1,146569
7290112960856,false,טילון אקסטרים מטבע שוקולד וריבת חלב 126 גר',שוורצקוף& הנקל דיסלד,IL,נסטל.אקסטרים ליבת ריבת חלב ומטבע 18*115ג,גרמים,128.00,100 גרם,false,1,10.50,8.2031,true,1,124137
7290112961266,false,בייגלה כפיות פיזור איטלקי 300 ג' אסם,"אסם תעשיות בע""מ",IL,אסם בייגלה כפיות פיזור איטלקי 12*300גרם,גרמים,300.00,100 גרם,false,1,11.90,3.9667,true,1,126285
7290112961372,false,פיטנס חטיפי פריכיות דקות קינמון 60 גרם,"פרח תעשיות מזון בע""מ",IL,פיטנס חטיפי פריכיות דקות קינמון12*60ג,גרמים,60.00,100 גרם,false,1,8.90,14.8333,true,1,123517
7290112961464,false,פיטנס חטיפי פריכיות דגנים וחומוס מתובלות,"פרח תעשיות מזון בע""מ",IL,פיטנס חטיפי פריכיות דקות מתובלות 12*60ג,גרמים,60.00,100 גרם,false,1,8.90,14.8333,true,1,123516
7290112961808,false,קראנץ וניל עוגיות מא,המאפיה של הרמן,IL,קראנץ וניל עוגיות מאגדת 6 5*55גרם,גרמים,523.00,100 גרם,false,1,33.90,6.4818,true,1,123614
7290112962003,false,שלגון קראנץ וניל עוגיות 90 גרם,שוורצקוף& הנקל דיסלד,IL,שלגון בשומן צמחי טעם וניל עוגיות,לא מנהל יחידת מידה,0.00,לא מנהל יחידת מידה,false,1,10.50,0.0000,true,1,123618
7290112962096,false,אסם פתיתים לבבות מהדורה 400 גרם,"אסם תעשיות בע""מ",IL,אסם פתיתים לבבות מהדורה 12*400ג,גרמים,400.00,100 גרם,false,1,6.90,1.7250,true,1,123043
7290112962287,false,טבעול שווארמה טבעונית 6*450 גרם,מיוצר עי קונדיטוריית,IL,שווארמה טבעונית טבעול כשלפ 450גרם,גרמים,450.00,100 גרם,false,1,32.90,7.3111,true,1,144268
7290112962546,false,ארטיק לה פרוטה מלון תפוח מאגדת 443 גר',שוורצקוף& הנקל דיסלד,IL,לה פרוטה מאג מלון תפוח 70*5,גרמים,4.00,100 גרם,false,1,24.90,622.5000,true,1,123616
7290112962584,false,חטיף ביסלי שוארמה 60,"אסם תעשיות בע""מ",IL,ביסלי שווארמה 60 גרם,גרמים,60.00,100 גרם,false,1,4.00,6.6667,true,1,146209
7290112962652,false,"אסם אבקת מרק טעם עוף כשל""פ 800 גרם","אסם תעשיות בע""מ",IL,אסם אבקת מרק טעם עוף כלפ10*800גרם,גרמים,800.00,100 גרם,false,1,14.90,1.8625,true,1,124185
7290112962751,false,אוראו שלגון אימפלס 6,שוורצקוף& הנקל דיסלד,IL,אוראו שלגון אימפלס 20*65גרם,גרמים,65.00,100 גרם,false,1,11.50,17.6923,true,1,124142
7290112963321,false,גרטיפי בייגלה שטוח הכל ללא גלוטן 300 גר,מיוצר עי קונדיטוריית,IL,"גרטיפי בייגלה שטוח הכל לל""ג 300גרם",גרמים,300.00,100 גרם,false,1,15.90,5.3000,true,1,146284
7290112963918,false,פיטנס חטיפי קרקר דק רוזמרין 140 גרם,נסטלה Nestle,IL,פיטנס קרקר דק רוזמרין 12*140גרם,גרמים,140.00,100 גרם,false,1,12.90,9.2143,true,1,126753
7290112964052,false,פסטה וזוביוטו פרפקטו 500 ג' אסם,ניולט פוד ס.פ.א,IT,פרפקטו פסטה וזוביוטו 12*500גרם,גרמים,500.00,100 גרם,false,1,11.90,2.3800,true,1,125429
7290112964410,false,רוטב אוסם אלף האיים לסלט 290 ג' אסם,"אסם תעשיות בע""מ",IL,אסם רוטב אלף האיים חדש לסלט 9*290גרם,גרמים,290.00,100 גרם,false,1,11.90,4.1034,true,1,126457
7290112964458,false,רוטב ויניגרט חדש לסלט 295 גרם אסם,"אסם תעשיות בע""מ",IL,אסם רוטב ויניגרט חדש לסלט 9*295גרם,גרמים,295.00,100 גרם,false,1,11.90,4.0339,true,1,126459
7290112964472,false,"רוטב שום לסלט 290 מ""ל אסם","אסם תעשיות בע""מ",IL,אסם רוטב שום חדש לסלט 9*290גרם,גרמים,290.00,100 גרם,false,1,11.90,4.1034,true,1,126460
7290112964502,false,רוטב אלף האיים לסלט 600 ג' אסם,"אסם תעשיות בע""מ",IL,אסם רוטב אלף האיים לסלט חדש 6*600גרם,גרמים,600.00,100 גרם,false,1,17.90,2.9833,true,1,126461
7290112964564,false,"רוטב אלף האיים לייט לסלט 290 מ""ל אסם","אסם תעשיות בע""מ",IL,אסם רוטב אלף האיים לייט לסלט חדש 9*310ג,גרמים,295.00,100 גרם,false,1,11.90,4.0339,true,1,126462
7290112964601,false,רוטב בנוסח סצ'ואן הסדרה האסייתית,"אסם תעשיות בע""מ",IL,אסם רוטב בנוסח סצואן 9*290מל,מיליליטרים,290.00,"100 מ""ל",false,1,13.90,4.7931,true,1,125885
7290112964625,false,רוטב שום לייט לסלט 310 גרם אסם,"אסם תעשיות בע""מ",IL,אסם רוטב שום לייט חדש לסלט 9*310גרם,גרמים,310.00,100 גרם,false,1,11.90,3.8387,true,1,126463
7290112965165,true,מרק נמס פטריות 34,אסם,IL,אסם זוג מרק נמס פטריות בדצ14*48גרם,גרמים,34.00,100 גרם,false,1,5.90,17.3529,true,1,141970
7290112965240,true,מרק נמס עגבניות *,אסם,IL,אסם זוג מרק נמס עגבניות בדצ 12*60גרם,גרמים,88.00,100 גרם,false,1,5.90,6.7045,true,1,141973
7290112965264,true,מרק נמס אפונה *30,אסם,IL,אסם זוג מרק נמס אפונה בדצ 14*30גרם,גרמים,60.00,100 גרם,false,1,5.90,9.8333,true,1,141974
7290112965301,true,מרק טעם עוף 38גר,אסם,IL,אסם זוג מרק נמס טעם עוף בדצ 10*52גרם,גרמים,38.00,100 גרם,false,1,5.90,15.5263,true,1,141976
7290112965325,false,תבשיל אורז ספרדי אוסם 140 גרם,"אסם תעשיות בע""מ",IL,אסם אורז ספרדי 6*140ג,גרמים,140.00,100 גרם,false,1,11.90,8.5000,true,1,144354
7290112965660,false,פיטנס - חטיף מולטיגריין מלח פלפל 25 גרם,מיוצר עי קונדיטוריית,IL,פיטנס חטיף מולטיגריין מלח פלפל 25גרם,גרמים,25.00,100 גרם,false,1,5.50,22.0000,true,1,148533
7290112965684,false,פיטנס - חטיף מולטיגריין עשבי תיבול 25 גרם,מיוצר עי קונדיטוריית,IL,פיטנס חטיף מולטיגריין עשבי תיבול 25גרם,גרמים,25.00,100 גרם,false,1,5.50,22.0000,true,1,148534
7290112965707,false,פיטנס - חטיף מולטיגריין צילי מעודן 25 גרם,"אסם השקעות בע""מ",IL,פיטנס חטיף מולטיגריין צילי מעודן 24*25ג,גרמים,25.00,100 גרם,false,1,5.50,22.0000,true,1,148535
7290112965745,false,אוסם - ביסלי פריסטייל בצל מעושן 60 גרם,"אסם תעשיות בע""מ",IL,ביסלי פריסטייל בצל מעושן 60 גרם,גרמים,60.00,100 גרם,false,1,4.00,6.6667,true,1,150713
7290112965783,false,אוסם - ביסלי פריסטייל על האש 60 גרם,"אסם תעשיות בע""מ",IL,ביסלי פריסטייל על האש 60 גרם,גרמים,60.00,100 גרם,false,1,4.00,6.6667,true,1,150714
7290112965806,false,אוסם - ביסלי פריסטייל חמוץ חריף 60 גרם,"אסם תעשיות בע""מ",IL,ביסלי פריסטייל חמוץ חריף 60 גרם,גרמים,60.00,100 גרם,false,1,4.00,6.6667,true,1,150715
7290112965905,false,בייגלה שמיניות במליחות מעודנת אסם 400 גר',מיוצר עי קונדיטוריית,IL,אסם בייגלה שמיניות במליחות מעודנת12*400ג,גרמים,400.00,100 גרם,false,1,11.90,2.9750,true,1,143733
7290112965943,false,טבעול נאגטס ירקות ירוקים 6*500גרם,טבעול תעשיות מזון בע,IL,טבעול נאגטס ירקות ירוקים 6*500גרם,ליטרים,500.00,ליטר,false,1,31.90,0.0638,true,1,148488
7290112965967,false,טבעול נאגטס ירקות כתומים 6*500גרם,טבעול תעשיות מזון בע,IL,טבעול נאגטס ירקות כתומים 6*500גרם,ליטרים,500.00,ליטר,false,1,32.90,0.0658,true,1,148486
7290112966124,false,ביסקוויט פתי בר מופחת סוכר 500 גרם,מיוצר עי קונדיטוריית,IL,אסם פתי בר פחות סוכר 12*500גרם,גרמים,500.00,100 גרם,false,1,9.90,1.9800,true,1,144371
7290112966186,false,חטיף אפרופו שוקולד מ,מולינו ניקולי s.p.a,IL,אפרופו שוקולד מריר 36*40גרם,גרמים,40.00,100 גרם,false,1,5.20,13.0000,true,1,142839
7290112966247,false,לחמית כוסמין 200 ג' אסם,"אסם תעשיות בע""מ",IL,לחמית כוסמין 200 גרם,גרמים,200.00,100 גרם,false,1,10.90,5.4500,true,1,146737
7290112966445,false,במבה מתוקה אריזה גדולה 100 ג' אסם,"אסם תעשיות בע""מ",IL,במבה מתוקה 100 גרם,גרמים,100.00,100 גרם,false,1,8.90,8.9000,true,1,142837
7290112966728,false,צבר טחינה בלאדי פלפלים חריפים 350 גרם,שוורצקוף& הנקל דיסלד,IL,צבר טחינה בלאדי פלפלים חריפים 6*350גרם,גרמים,350.00,100 גרם,false,1,16.90,4.8286,true,1,142718
7290112966780,false,צבר טחינה בלאדי עם חציל קלוי 350 גרם,שוורצקוף& הנקל דיסלד,IL,צבר טחינה בלאדי עם חציל קלוי 6*350גרם,גרמים,350.00,100 גרם,false,1,16.90,4.8286,true,1,142714
7290112966803,false,אסם פודינג אינסטנט שוקולד 88 גרם,"אסם תעשיות בע""מ",IL,אסם פודינג אינסטנט שוקולד 88 גרם,גרמים,88.00,100 גרם,false,1,5.90,6.7045,true,1,143766
7290112966841,false,אסם פודינג בטעם שוקולד מריר 90 גרם,מיוצר עי קונדיטוריית,IL,אסם פודינג בטעם שוקולד מריר 90גרם,גרמים,90.00,100 גרם,false,1,5.90,6.5556,true,1,143767
7290112967114,false,פיטנס חטיפי פריכיות קטניות ופלפל 60 גרם,"פרח תעשיות מזון בע""מ",IL,פיטנס חטיפי פריכיות קטניות ופלפל 60 גר,גרמים,60.00,100 גרם,false,1,8.90,14.8333,true,1,146731
7290112967381,false,פיטנס חטיפי פריכיות קטניות ומלח ים 60 גר',"פרח תעשיות מזון בע""מ",IL,פיטנס חטיפי פריכיות קטניות ומלח ים 60 ג,גרמים,60.00,100 גרם,false,1,8.90,14.8333,true,1,146730
7290112967749,false,פרפקטו פסטה נוציאולה 500 גרם,ניולט פוד ס.פ.א,IT,פרפקטו פסטה נוציאולה 12*500גרם,גרמים,500.00,100 גרם,false,1,11.90,2.3800,true,1,144949
7290112967848,false,אסם גלי תות שדה מופחת סוכר 90 גרם,מיוצר עי קונדיטוריית,IL,אסם גלי תות שדה מופחת סוכר68גרם,גרמים,68.00,100 גרם,false,1,6.90,10.1471,true,1,143780
7290112968203,false,צבר סלט טחינה בלאדי 6*250גרם,שוורצקוף& הנקל דיסלד,IL,סלט טחינה בלאדי צבר 250גרם,גרמים,250.00,100 גרם,false,1,10.90,4.3600,true,1,144574
7290112968340,false,חומוס צבר גרוס גס גס 400 גרם,שוורצקוף& הנקל דיסלד,IL,צבר חומוס גרוס גס גס 400גרם,גרמים,400.00,100 גרם,false,1,14.90,3.7250,true,1,144814
7290112968807,false,פיטנס - קרקר דק סלק 140 גרם,מפעל אסם יקנעם,IL,פיטנס קרקר דק סלק 12*140גרם,גרמים,140.00,100 גרם,false,1,12.90,9.2143,true,1,147350
7290112968821,false,פיטנס - קרקר דק בטטה 140 גרם,מפעל אסם יקנעם,IL,פיטנס קרקר דק בטטה 12*140גרם,גרמים,140.00,100 גרם,false,1,12.90,9.2143,true,1,147351
7290112969002,false,אסם פודינג אינסטנט פיסטוק 80 גרם,מיוצר עי קונדיטוריית,IL,אסם אינסטנט פודינג פיסטוק 80גרם,גרמים,80.00,100 גרם,false,1,5.90,7.3750,true,1,145226
7290112969248,false,אסם בישולים רוטב סילאן ובצל 335 גרם,"אסם תעשיות בע""מ",IL,רוטב סילאן ובצל אסם בישולים 335 גרם,גרמים,335.00,100 גרם,false,1,16.90,5.0448,true,1,148529
7290112969903,false,טבעול נאגטס ירקות לבנים 6*500גרם,טבעול תעשיות מזון בע,IL,טבעול נאגטס ירקות לבנים 6*500גרם,ליטרים,500.00,ליטר,false,1,32.90,0.0658,true,1,148487
7290113158634,false,כוס זכוכית כפולה אספ,,,כוס זכוכית כפולה אספ,יחידה,1.00,יחידה,false,1,29.90,29.9000,true,1,148149
7290113158658,false,כוס זכוכית כפולה אספ,,,כוס זכוכית כפולה אספ,יחידה,1.00,יחידה,false,1,27.90,27.9000,true,1,156949
7290113158672,false,כוס זכוכית כפולה 350,,,כוס זכוכית כפולה 350,יחידה,1.00,יחידה,false,1,39.90,39.9000,true,1,148151
7290113192171,false,מיקס אגוזים שקדים וחמוציות 150 גרם,דין שיווק,IL,מיקס אגוזים שקדים וחמוציות 150 גרם,גרמים,150.00,100 גרם,false,1,14.90,9.9333,true,1,152510
7290113192300,true,חרוזית מושחר בית הש,בית השיטה,IL,חרוזית מושחר בית השיטה 275גר,יחידה,0.00,יחידה,false,1,10.90,0.0000,true,1,143918
7290113192317,true,טבעות זיתים מושחרים,בית השיטה,IL,טבעות זיתים מושחרים בית השיטה 280גר,גרמים,280.00,100 גרם,false,1,12.90,4.6071,true,1,143919
7290113192324,true,זית ירוק בית השיטה,בית-השיטה עסיס תעשיו,IL,זית ירוק בית השיטה 340גר,גרמים,340.00,100 גרם,false,1,9.80,2.8824,true,1,143920
7290113192331,true,זית ירוק גדול בית ה,בית-השיטה עסיס תעשיו,IL,זית ירוק גדול בית השיטה 340גר,גרמים,0.00,100 גרם,false,1,11.90,0.0000,true,1,143921
7290113192355,true,חרוזית ירוק בית השיט,בית-השיטה עסיס תעשיו,IL,חרוזית ירוק בית השיטה 275גר,גרמים,275.00,100 גרם,false,1,11.90,4.3273,true,1,143923
7290113192362,true,טבעות זיתים ירק בית,בית-השיטה עסיס תעשיו,IL,טבעות זיתים ירק בית השיטה 280גר,גרמים,280.00,100 גרם,false,1,11.90,4.2500,true,1,143924
7290113192379,true,זיתים ירוקים מבוקעים,שוורצקוף& הנקל דיסלד,IL,זיתים ירוקים מבוקעים בית השיטה 340גר,גרמים,340.00,100 גרם,false,1,9.90,2.9118,true,1,143925
7290113192386,true,זית סורי מבוקע בית,בית-השיטה עסיס תעשיו,IL,זית סורי מבוקע בית השיטה 340גר,גרמים,340.00,100 גרם,false,1,11.90,3.5000,true,1,143926
7290113192393,true,קוקטייל זיתים בית ה,בית-השיטה עסיס תעשיו,IL,קוקטייל זיתים בית השיטה 336גר,גרמים,336.00,100 גרם,false,1,12.90,3.8393,true,1,143927
7290113192478,true,מלפפונים במלח 10-12,בית-השיטה עסיס תעשיו,IL,מלפפונים במלח 10-12 בית השיטה 320גר,גרמים,320.00,100 גרם,false,1,9.50,2.9688,true,1,143935
7290113192485,true,מלפפונים בחומץ 10-12,בית-השיטה עסיס תעשיו,IL,מלפפונים בחומץ 10-12בית השיטה 290גר,גרמים,290.00,100 גרם,false,1,9.50,3.2759,true,1,143936
7290113192492,true,מלפפונים בחומץ 17-13,בית-השיטה עסיס תעשיו,IL,מלפפונים בחומץ 17-13בית השיטה 290גר,גרמים,290.00,100 גרם,false,1,11.90,4.1034,true,1,143937
7290113192508,true,מלפפונים במלח 17-13ב,בית-השיטה עסיס תעשיו,IL,מלפפונים במלח 17-13בית השיטה 320גר,גרמים,320.00,100 גרם,false,1,11.90,3.7188,true,1,143938
7290113192515,true,מלפפונים במלח 18 -25,בית-השיטה עסיס תעשיו,IL,מלפפונים במלח 18 -25בית השיטה 320גר,גרמים,0.00,100 גרם,false,1,12.90,0.0000,true,1,143939
7290113192522,true,מלפפונים בחומץ בית ה,בית-השיטה עסיס תעשיו,IL,מלפפונים בחומץ בית השיטה 18-25 290גר,גרמים,290.00,100 גרם,false,1,12.90,4.4483,true,1,143940
7290113192539,true,מלפפונים במלח 7-9 ב,בית-השיטה עסיס תעשיו,IL,מלפפונים במלח 7-9 בית השיטה 320גר,לא מנהל יחידת מידה,0.00,לא מנהל יחידת מידה,false,1,6.90,0.0000,true,1,143941
7290113192546,true,מלפפונים בחומץ 7-9 ב,בית-השיטה עסיס תעשיו,IL,מלפפונים בחומץ 7-9 בית השיטה 290גר,גרמים,290.00,100 גרם,false,1,6.90,2.3793,true,1,143942
7290113192553,true,מלפפונים באלדי 13-17,בית-השיטה עסיס תעשיו,IL,ב.הש.מלפ.מלח.בלדי א2 13-17 12*320ג חדש,גרמים,320.00,100 גרם,false,1,10.90,3.4063,true,1,143943
7290113192577,true,כרוב כבוש בית השיטה,שוורצקוף& הנקל דיסלד,IL,כרוב כבוש בית השיטה 430גר,גרמים,430.00,100 גרם,false,1,8.50,1.9767,true,1,143945
7290113192881,false,"טורטיה חיטה מופחת קלוריות, קוטר 20 ס""מ - 6 יח'",דין שיווק,TR,טורטיה חיטה מופחתת קלוריות 270 גרם,גרמים,270.00,100 גרם,false,1,9.90,3.6667,true,1,153148
7290113193000,false,פלפל שיפקונית 230 גרם בית השיטה,שוורצקוף& הנקל דיסלד,IL,פלפל שיפקונית בית השיטה 230 גרם,גרמים,230.00,100 גרם,false,1,11.90,5.1739,true,1,145082
7290113193031,false,חרוזית קלמטה - זיתים שחורים ללא גלעין קלמטה,שוורצקוף& הנקל דיסלד,IL,זית חרוזית קלמטה בית השיטה 275גרם,גרמים,275.00,100 גרם,false,1,14.90,5.4182,true,1,146257
7290113193888,false,חצילים מוחמצים 320 גרם בית השיטה,שוורצקוף& הנקל דיסלד,IL,חצילים מוחמצים בית השיטה 320גרם,גרמים,320.00,100 גרם,false,1,11.90,3.7188,true,1,148489
7290113194076,false,חרוזית מרוקאי שחור יבש 195 גר בית השיטה,בית השיטה תעשיות בעמ,IL,זית מרוקאי מגולען בית השיטה 195גרם,גרמים,195.00,100 גרם,false,1,13.90,7.1282,true,1,147305
7290113194298,false,בית השיטה רצועות סלק חמוץ 215 גרם,שוורצקוף& הנקל דיסלד,IL,רצועות סלק חמוץ בית השיטה 215גרם,גרמים,215.00,100 גרם,false,1,8.90,4.1395,true,1,148490
7290113196506,false,פריכיות כוסמת ללא מלח שקדיה 150 ג',זנבר המכללה לטבעונות,IL,פריכיות כוסמת 150 גרם ללא מלח,גרמים,150.00,100 גרם,false,1,11.90,7.9333,true,1,153331
7290113196520,false,פריכיות כוסמין ללא מלח שקדיה 150 ג',זנבר המכללה לטבעונות,IL,פריכיות כוסמין 150 גרם ללא מלח,גרמים,150.00,100 גרם,false,1,11.90,7.9333,true,1,153332
7290113196780,false,ב.ה. זיתים ירוקים מבוקעים באלדי 900 גר',בית השיטה עסיס תעשיו,IL,זיתים ירוקים מבוקעים באלדי בית השיטה 900,גרמים,900.00,100 גרם,false,1,27.90,3.1000,true,1,153794
7290113198029,false,פקאן מצופה חלבה שקדי,"דין שיווק וקלייה בע""",IL,פקאן מצופה חלבה 150גרם,גרמים,150.00,100 גרם,false,1,14.90,9.9333,true,1,152539
7290113198043,false,פקאן מצופה שוקולד וע,"דין שיווק וקלייה בע""",IL,פקאן מצופה שוקולד ועוגיות 150גרם,גרמים,150.00,100 גרם,false,1,14.90,9.9333,true,1,152541
7290113198067,false,פקאן מצופה שוקולד לבן 150 גרם,"דין שיווק וקלייה בע""",IL,פקאן מצופה שוקולד לבן 150 גרם,גרמים,150.00,100 גרם,false,1,14.90,9.9333,true,1,152567
7290113198074,false,פקאן מצופה שוקולד שיש 150 גרם,"דין שיווק וקלייה בע""",IL,פקאן מצופה שוקולד שיש 150גרם,גרמים,150.00,100 גרם,false,1,14.90,9.9333,true,1,152542
7290113198562,false,סוכריות גומי בטעם תות שדה 200 ג' שקדיה,טופגאם תעשיות ממתקים,IL,סוכריות גומי בטעם תות שדה 200גרם,גרמים,200.00,100 גרם,false,1,9.90,4.9500,true,1,152718
7290113198579,false,סוכריות גומי דובונים בטעמי פירות 200 ג' שקדיה,טופגאם תעשיות ממתקים,IL,סוכריות גומי דובונים 200 גרם,גרמים,200.00,100 גרם,false,1,9.90,4.9500,true,1,152719
7290113198586,false,סוכריות גומי מסוכרות בטעם אפרסק 200 ג' שקדיה,טופגאם תעשיות ממתקים,IL,סוכריות גומי מצופות סוכר בטעם אפרסק 200 גרם,גרמים,200.00,100 גרם,false,1,9.90,4.9500,true,1,152720
7290113198593,false,סוכריות גומי מסוכרות בטעם בננה 200 ג' שקדיה,טופגאם תעשיות ממתקים,IL,סוכריות גומי מצופות סוכר בטעם בננה 200 גרם,גרמים,200.00,100 גרם,false,1,9.90,4.9500,true,1,152721
7290113198609,false,סוכריות גומי נחשים בטעמי פירות 200 ג' שקדיה,טופגאם תעשיות ממתקים,IL,סוכריות גומי נחשים 200 גרם,גרמים,200.00,100 גרם,false,1,9.90,4.9500,true,1,152722
7290113300231,false,פאוצ' לה קט בקר ג'לי 85 ג',"ביופט- מזון לבע""ח",CZ,פאוצ נתחוני לה קט עם בקר בגלי,גרמים,85.00,100 גרם,false,1,4.90,5.7647,true,1,156430
7290113302259,false,חטיף בונזו נאגטס בקר,שינייה פט פוד,CN,חטיף בונזו נאגטס בקר ודג 80 גר,גרמים,80.00,100 גרם,false,1,12.90,16.1250,true,1,156435
7290113452848,false,קטי גומי אבטיח 200 ג,טופגם,IL,קטי גומי אבטיח 200 גרם,גרמים,200.00,100 גרם,false,1,12.90,6.4500,true,1,155703
7290113452855,false,סוכריות גומי יין ארו,טופגם,IL,סוכריות גומי יין ארוז 200 גרם,גרמים,200.00,100 גרם,false,1,12.90,6.4500,true,1,153216
7290113452879,false,סוכריות גומי בננה אר,טופגם,IL,סוכריות גומי בננה ארוז 200 גרם,גרמים,200.00,100 גרם,false,1,12.90,6.4500,true,1,153151
7290113452916,false,סוכריות גומי קולה קט,טופגם,IL,סוכריות גומי קולה קטן ארוז 200 גרם,גרמים,200.00,100 גרם,false,1,12.90,6.4500,true,1,153149
7290113452923,false,סוכריות גומי לב אפרס,טופגם,IL,סוכריות גומי לב אפרסק ארוז 200 גרם,גרמים,200.00,100 גרם,false,1,12.90,6.4500,true,1,153217
7290113452985,false,קטי תות ממולא 150 גר,טופגם,IL,קטי תות ממולא 150 גרם,גרמים,150.00,100 גרם,false,1,12.90,8.6000,true,1,155704
7290114151665,false,"סבון ידיים שמן קוקוס עץ התה 500 מ""ל",אף.סי תבליני בגליל ב,IL,סבון ידיים 500 מל,מיליליטרים,500.00,"100 מ""ל",false,1,19.90,3.9800,true,1,147399
7290114310215,false,"**טרה שמנת מתוקה 38% 250 מ""ל בקבוק.",מילקו תעשיות בעמ,IL,"שמנת מתוקה 38% 250 מ""ל בבקבוק - בד""צ",מיליליטרים,250.00,"100 מ""ל",false,1,6.47,2.5880,true,1,145616
7290114310376,false,מולר עם מנגו פסיפלור,טרה,IL,Muller HEAVEN מנגו פסיפלורה,גרמים,120.00,100 גרם,false,1,5.90,4.9167,true,1,152156
7290114310895,false,סימפלי מולר מאגדת שמינייה מנגו תות 1.5% 150X8 גר',מולר Muller,IL,מאגדת שמינייה סימפלי 1.5% שומן מנגו ותות,גרמים,1200.00,100 גרם,false,1,32.90,2.7417,true,1,152830
7290114311052,false,מולר סימפלי פרוט מנד,מילקו תעשיות בעמ,IL,מולר סימפלי פרוט מנדרינה 0% 150גרם,גרמים,150.00,100 גרם,false,1,5.50,3.6667,true,1,154173
7290114311069,false,יוגורט לבן מועשר בחלבון 0% שומן 200 גרם muller active,מולר Muller,IL,Muller Active יוגורט BIO מועשר חלבון,גרמים,200.00,100 גרם,false,1,6.50,3.2500,true,1,149221
7290114311076,false,"חמאת מולר צהובה עם שום, 200 גרם",מולר Muller,IL,חמאת מולר צהובה עם שום 200 גרם,גרמים,200.00,100 גרם,false,1,12.50,6.2500,true,1,155293
7290114311083,false,חמאת מולר צהובה עם מ,טרה,IL,חמאה צהובה עם מלח 200 גרם,גרמים,200.00,100 גרם,false,1,12.50,6.2500,true,1,155292
7290114311090,false,יוגורט מולר נטורל עם,טרה,IL,מולר נטורל + 1.7% שומן בתוספת גרנולה וסירופ דבש,גרמים,177.00,100 גרם,false,1,7.50,4.2373,true,1,153844
7290114311106,false,יוגורט מולר נטורל עם,טרה,IL,מולר נטורל + 1.7% שומן בתוספת גרנולה וסירופ סילאן,גרמים,177.00,100 גרם,false,1,7.50,4.2373,true,1,153845
7290114311144,false,גבינת עיזים שום שמיר,מחלבת משק צוריאל,IL,מה עז גבינת עיזים עם שום ושמיר 9% צורי,גרמים,150.00,100 גרם,false,1,26.90,17.9333,true,1,154805
7290114311168,false,גבינת נעם טעם כמהין,מילקו תעשיות בעמ,IL,נעם בטעמים-כמהין 200 גרם,גרמים,200.00,100 גרם,false,1,21.90,10.9500,true,1,154807
7290114311175,false,גבינת נעם טעם זיתים,מילקו תעשיות בעמ,IL,נעם בטעמים-זיתים 200 גרם,גרמים,200.00,100 גרם,false,1,21.90,10.9500,true,1,154808
7290114311328,false,חלב נטול לקטוז 2% שומן מועשר בויטמין D,ג'י.אר.אמ.גרופו אלימ,IL,D חלב נטול לקטוז 2%טרה מועשר בוויטמין,ליטרים,1.00,ליטר,false,1,8.50,8.5000,true,1,156894
7290114311434,false,מולר אקטיב יוגורט בטעם קרמל מלוח 200 גרם,מילקו,IL,מולר אקטיב 20 גרם חלבון קרמל מלוח 200 ג,גרמים,200.00,100 גרם,false,1,6.50,3.2500,true,1,157275
7290114311441,false,"מולר אקטיב בטעם עוגיות חמאה 0% שומן, 200 גרם",מילקו,IL,מולר אקטיב 20 גרם חלבון עוגיות חמאה 200,גרמים,200.00,100 גרם,false,1,6.50,3.2500,true,1,157276
7290114311458,false,"חלב מועשר 3% וויטמין קרטון, 1 ל טרה",טרה,IL,D,ליטרים,1.00,ליטר,false,1,7.90,7.9000,true,1,156938
7290114600750,false,קו-קווים חטיף אפוי עם גבינת פקורינו - חלבי,הדקלאים אגודת שיתופי,IT,חטיף אפוי עם פיקורינו קו קווים 150 גרם,גרמים,150.00,100 גרם,false,1,11.90,7.9333,true,1,146734
7290114600767,false,קו-קווים חטיף אפוי עם זיתים ועגבניות,הדקלאים אגודת שיתופי,IT,חטיף אפוי עם זיתים ועגבניות קו קווים150ג,גרמים,150.00,100 גרם,false,1,11.90,7.9333,true,1,146735
7290114603515,false,רוטב קארי אדום מאסטר שף 340 ג',תאי סופרים,TH,מאסטר שף רוטב קארי אדום 340 גרם,גרמים,340.00,100 גרם,false,1,14.90,4.3824,true,1,148234
7290114604864,false,מאסטר שף קוסקוס דק 350 גרם,דוידוביץ,IL,מאסטר שף קוסקוס דק 350 גרם,גרמים,350.00,100 גרם,false,1,6.90,1.9714,true,1,148917
7290114604871,false,מאסטר שף קוסקוס בינוני 350 גרם,דוידוביץ,IL,מאסטר שף קוסקוס בינוני 350 גרם,גרמים,350.00,100 גרם,false,1,6.90,1.9714,true,1,148918
7290114604925,false,מאסטר שף קרם קוקוס לייט 400 גרם,"תאי קוקונאט חברה בע""",TH,קרם קוקוס לייט מאסטר שף 400 מל,מיליליטרים,400.00,"100 מ""ל",false,1,9.90,2.4750,true,1,152954
7290114720250,false,פוג'יקום מטען סוללות USB אוניברסלי,,,מטען סוללות USB אוני,יחידה,1.00,יחידה,false,1,69.90,69.9000,true,1,146043
7290114720625,false,מטען נייד למוצרי USB,,,מטען נייד למוצרי USB,יחידה,1.00,יחידה,false,1,79.90,79.9000,true,1,147479
7290114720885,false,פוג'יקום זוג נורות 75W אור צהוב,,,75w מארז זוג נורות צהוב,יחידה,1.00,יחידה,false,1,29.90,29.9000,true,1,150208
7290115073676,false,מסכה לפנים חד פעמי 50 יח צבעוניות,שמחה זה אנחנו,CN,מסכות מנתח שחורות 50 יח שמחה זה אנחנו,יחידה,1.00,יחידה,false,1,9.90,9.9000,true,1,147216
7290115074987,false,מארז 5 יח' מסכות ילדים חד קרן,,,מסכה לפנים לילדים חד פעמי 5 יח חד קרן,יחידה,1.00,יחידה,false,1,3.90,3.9000,true,1,147838
7290115077131,false,מסכות פנים ילדים 40 יח',מ.פאנג,CN,מסכת פנים חדפ ילדים 40 יח צבעוני,יחידה,1.00,יחידה,false,1,8.90,8.9000,true,1,148778
7290115190014,false,סיגריות מרלבורו רד קצר בוקס,פיליפ מוריס,,סיגריות PPמרלבורו רד חפיסה,יחידה,1.00,יחידה,false,1,36.70,36.7000,false,1,147916
7290115190090,false,סיגריות מרלבורו גולד קצר בוקס,פיליפ מוריס,,סיגריות מרלבורו גולדPP חפיסה,יחידה,1.00,יחידה,false,1,36.70,36.7000,false,1,147889
7290115190137,false,מלבורו פיין טאצ 7.1 חפיסה,פיליפ מוריס,,סיגריות מרלבורו פיין טאץPP חפיסה,יחידה,1.00,יחידה,false,1,32.90,32.9000,false,1,147912
7290115190151,false,מלבורו גולד טאצ 7.1 חפיסה,פיליפ מוריס,,סיגריות מרלבורו טאץPP חפיסה,יחידה,1.00,יחידה,false,1,32.90,32.9000,false,1,147904
7290115190175,false,פרלמנט סופר סלימס קופסא,פיליפ מוריס,,סיגריות פרלמנט סופר סלימסPP חפיסה בודד,יחידה,1.00,יחידה,false,1,41.70,41.7000,false,1,147625
7290115190199,false,סיגריות פרלמנט (חפיס,פיליפ מוריס,,פרלמנט נייט 100PP חפיסה,יחידה,1.00,יחידה,false,1,41.70,41.7000,false,1,150306
7290115190212,false,פרלמנט ארוך בלו RCB קופסא,פיליפ מוריס,,סיגריות פרלמנט בלו 100PPחפיסה,יחידה,1.00,יחידה,false,1,41.70,41.7000,false,1,147894
7290115190236,false,סיגריות פרלמנט קצר בלו,פיליפ מוריס,,סיגריות פרלמנט בלוPP חפיסה,יחידה,1.00,יחידה,false,1,41.70,41.7000,false,1,147891
7290115190250,false,סיגריות פרלמנט נייטP,פיליפ מוריס,,סיגריות פרלמנט נייטPP חפיסה בודד,יחידה,1.00,יחידה,false,1,41.70,41.7000,false,1,147631
7290115190328,false,ל.מ. בלו לייבל ארוך פאקט,פיליפ מוריס,,ל.מ בלו 100PP פאקט,יחידה,1.00,יחידה,false,10,302.00,302.0000,false,1,150405
7290115190335,false,ל.מ.בלו לייבל ארוך בוקס חפיסה,פיליפ מוריס,,ל.מ בלו 100PP חפיסה,יחידה,1.00,יחידה,false,1,32.20,32.2000,false,1,150404
7290115190359,false,L&M בלו לייבל קצר-חפיסה,פיליפ מוריס,,סיגריות ל.מ בלוPP חפיסה בודד,יחידה,1.00,יחידה,false,1,32.20,32.2000,false,1,147627
7290115190373,false,סיגריות ל.מ. קפסולהP,פיליפ מוריס,,סיגריות ל.מ. קפסולהPP חפיסה,יחידה,1.00,יחידה,false,1,32.20,32.2000,false,1,147908
7290115190397,false,סיגריות LM רד לייבל קצר,פיליפ מוריס,,ל.מ רדPP חפיסה בודד סיגריות,יחידה,1.00,יחידה,false,1,32.20,32.2000,false,1,147622
7290115190410,false,ל.מ. סילבר לייבל חפיסה,פיליפ מוריס,,סיגריות ל.מ סילברPP חפיסה,יחידה,1.00,יחידה,false,1,32.20,32.2000,false,1,147896
7290115190434,false,סיגריות LM לייט וייב סלימס,פיליפ מוריס,IL,סיגריות ל.מ וייבPP חפיסה בודד,יחידה,1.00,יחידה,false,1,32.20,32.2000,false,1,147633
7290115190458,false,סיגריות נקסט אדג בוד,פיליפ מוריס,,סיגריות נקסט אדג בודד,יחידה,1.00,יחידה,false,1,25.00,25.0000,false,1,148462
7290115190472,false,סיגריות נקסט פיין אדג',פיליפ מוריס,,סיגריות נקסט פיין אדגPP חפיסה,יחידה,1.00,יחידה,false,1,25.00,25.0000,false,1,148890
7290115190496,false,סיגריות נקסט פיין 10,פיליפ מוריס,IL,סיגריות נקסט פיין 100PP חפיסה,יחידה,1.00,יחידה,false,1,31.20,31.2000,false,1,149529
7290115190519,false,סיגריות נקסט פיין חפ,פיליפ מוריס,,סיגריות נקסט פיין חפיסה,יחידה,1.00,יחידה,false,1,31.20,31.2000,false,1,147898
7290115190571,false,סיגריות נקסט לילךPP,פיליפ מוריס,,סיגריות נקסט לילךPP חפיסה בודד,יחידה,1.00,יחידה,false,1,31.20,31.2000,false,1,147624
7290115190595,false,סיגריות נקסט אוריגינ,פיליפ מוריס,,סיגריות נקסט אוריגינלPP חפיסה,יחידה,1.00,יחידה,false,1,31.20,31.2000,false,1,147887
7290115190618,false,טבק מרלבורו רד 30 גרם חפיסה,,,טבק מרלבורו רדPP חפיסה,יחידה,1.00,יחידה,false,1,82.40,82.4000,true,1,148981
7290115190632,false,טבק מרלבורו גולד 30 גרם חפיסה,פיליפ מוריס,,טבק מרלבורו גולד חפיסה 30 גרם,גרמים,30.00,100 גרם,false,1,82.40,274.6667,false,1,148892
7290115190656,false,טבק נקסט פיין 40 גרם חפיסה,פיליפ מוריס,,טבק נקסט פייןPP חפיסה,יחידה,1.00,יחידה,false,1,87.30,87.3000,true,1,148716
7290115200676,false,עוגיות קרמוגית במילוי קרם בטעם קרמל מלוח,היינץ צפון אמריקה מק,IL,קרמוגית קרמל מלוח200 גרם,גרמים,200.00,100 גרם,false,1,11.90,5.9500,true,1,149475
7290115200928,false,ביסלי קראנצ' מיקס 150 גר',פרו מן יו פתרונות אר,IL,ביסלי קראנצ מיקס 150 גרם,גרמים,150.00,100 גרם,false,1,8.90,5.9333,true,1,153592
7290115201451,false,טבעול גורמה לביבות בטטה קארי 455 גרם,טבעול (מקבוצת אסם הש,IL,טבעול גורמה לביבות בטטה קארי 455גרם,גרמים,455.00,100 גרם,false,1,33.90,7.4505,true,1,155765
7290115201475,false,טבעול גורמה לביבות כרישה 434 גרם,טבעול (מקבוצת אסם הש,IL,טבעול גורמה לביבות כרישה 434גרם,גרמים,455.00,100 גרם,false,1,33.90,7.4505,true,1,155766
7290115201703,false,ביסלי בטעם ברביקיו 200 ג' אסם,מיוצר עי קונדיטוריית,IL,בסלי ברביקיו 200גרם,גרמים,200.00,100 גרם,false,1,7.90,3.9500,true,1,148386
7290115202236,false,טבעול טופו קראנצים 470 גרם,עיצובים 2020 (4.8),IL,טבעול טופו קרנצים 470גרם,גרמים,470.00,100 גרם,false,1,32.90,7.0000,true,1,151965
7290115202434,false,צבר סלט חומוס עם זעתר 375 גרם,ג'נרל מילס סאן אדריא,IL,צבר חומוס עם זעתר 375 גרם,גרמים,375.00,100 גרם,false,1,12.90,3.4400,true,1,149703
7290115202687,false,צבר חומוס עם חריף 37,ג'נרל מילס סאן אדריא,IL,צבר חומוס עם חריף 375 גרם,גרמים,375.00,100 גרם,false,1,12.90,3.4400,true,1,149704
7290115202762,false,פרפקטו מיני ניוקי טריקולור 500 גרם - רבנות,Grandi Pastai Italia,IT,פרפקטו מיני ניוקי טריקולור 500 גרם,גרמים,500.00,100 גרם,false,1,13.90,2.7800,true,1,150446
7290115202939,false,מנה חמה רייס נודלס עוף פטריות 50 ג' אסם,מיוצר עי קונדיטוריית,TH,מנה חמה רייס נודלס עוף פטריות 50 גרם,גרמים,50.00,100 גרם,false,1,8.90,17.8000,true,1,153286
7290115202953,false,אוסם - מנה חמה רייס נודלס קארי צהוב 55 גרם,מיוצר עי קונדיטוריית,TH,מנה חמה רייס נודלס קארי צהוב 55 גרם,גרמים,50.00,100 גרם,false,1,8.90,17.8000,true,1,153288
7290115202977,false,אוסם - מנה חמה רייס נודלס רוטב סויה סיני 55 גרם,מיוצר עי קונדיטוריית,TH,מנה חמה רייס נודלס רוטב סויה סיני 55 גרם,גרמים,50.00,100 גרם,false,1,8.90,17.8000,true,1,153287
7290115203134,false,פופקו פופקורן במבה 80 ג' אסם,"אסם תעשיות בע""מ",IL,פופקו פופקורן במבה 80 גרם,גרמים,80.00,100 גרם,false,1,5.90,7.3750,true,1,150717
7290115203295,false,פרפקטו פסטה ריציאולי מהדורה 12*500גרם,אסם פרפקטו Perfecto,IT,פרפקטו פסטה ריציאולי מהדורה 500 גרם,גרמים,500.00,100 גרם,false,1,11.90,2.3800,true,1,150327
7290115203486,false,אסם פירורית בטעם ביסלי גריל 200 גרם,עינת תעשיות מזון אגו,IL,פירורית בטעם ביסלי גריל אסם 200 גרם,גרמים,200.00,100 גרם,false,1,5.90,2.9500,true,1,151804
7290115204018,false,מנה חמה איטלקי פסטה בסגנון אלפרדו 60 ג' אסם,"אסם תעשיות בע""מ",IL,מנה חמה פסטה בסגנון אלפרדו 60 גרם,גרמים,60.00,100 גרם,false,1,6.90,11.5000,true,1,150329
7290115204056,false,אסם קטשופ 56% פחות סוכר 690 גרם,"אסם תעשיות בע""מ",IL,אסם קטשופ פחות 56% סוכר 690 גרם,גרמים,690.00,100 גרם,false,1,11.90,1.7246,true,1,149482
7290115205022,false,אוסם - שקדי מרק מקלונים 350 גרם,"אסם תעשיות בע""מ",IL,שקדי מרק מקלונים אסם 350 גרם,גרמים,350.00,100 גרם,false,1,12.90,3.6857,true,1,152730
7290115205176,false,פיטנס - קרקר דק כפרי פיטנס 140 גרם,נסטלה Nestle,IL,פיטנס קרקר דק כפרי 150 גרם,גרמים,150.00,100 גרם,false,1,12.90,8.6000,true,1,153892
7290115205312,false,קרקר פיטנס דק עם זיתי קלמטה ועשבי תיבול,"אסם השקעות בע""מ",IL,קרקר דק פיטנס זיתים 140 גרם,גרמים,140.00,100 גרם,false,1,12.90,9.2143,true,1,154760
7290115205480,false,צבר לאבנה עם פלפל חר,מחלבת כפר תבור ומפעל,IL,צבר לאבנה עם פלפל חריף וגרגרי חומוס 220ג,גרמים,220.00,100 גרם,false,1,17.90,8.1364,true,1,153840
7290115205527,false,חטיף פיטנס מולטיגריין עם עדשים 25 גרם,פיטנס,IL,פיטנס חטיף מולטגריין עם עדשים 25 גרם,גרמים,25.00,100 גרם,false,1,5.50,22.0000,true,1,155285
7290115205541,false,חטיף פיטנס מולטיגריין עם חומוס 25 גרם,"אסם השקעות בע""מ",IL,פיטנס חטיף מולטיגריין עם חומוס 25 גרם,גרמים,25.00,100 גרם,false,1,5.50,22.0000,true,1,155286
7290115205619,false,אסם פתי בר פינוקי עוגת גבינה 220 גרם,דיקסר,IL,אסם פתי בר פינוקי עוגת גבינה 220גרם,גרמים,220.00,100 גרם,false,1,11.90,5.4091,true,1,154905
7290115206159,false,אסם מיני קרוטונים 4 צבעים 300 גרם,עינת תעשיות מזון,IL,אסם מיני קרוטונים 4 צבעים למרק 300 גרם,גרמים,300.00,100 גרם,false,1,25.90,8.6333,true,1,152733
7290115206210,false,חטיף במבה במילוי קרמ,מיוצר עי קונדיטוריית,IL,במבה במילוי קרמל מלוח 150 גרם,גרמים,150.00,100 גרם,false,1,9.90,6.6000,true,1,152734
7290115206852,false,ביסלי צ'יזי סטיקס חדש 70 ג אסם,"אסם תעשיות בע""מ",IL,ביסלי ציזי סטיקס חדש 70גרם,גרמים,70.00,100 גרם,false,1,4.90,7.0000,true,1,155800
7290115207149,false,במבה אפרופו מיקס 100 ג' אסם,"אסם תעשיות בע""מ",IL,במבה אפרופו מיקס 100 גרם,גרמים,100.00,100 גרם,false,1,8.90,8.9000,true,1,152946
7290115207347,false,אסם אינסטנט פודינג פירות יער 80 גרם,"אסם תעשיות בע""מ",IL,אינסטנט פודינג פירות יער 80גרם,גרמים,80.00,100 גרם,false,1,5.90,7.3750,true,1,154816
7290115207361,false,ביסקוויט פתיבר בטעם פיסטוק,"אסם תעשיות בע""מ",IL,אסם פתי בר פיסטוק 12*500גרם,גרמים,500.00,100 גרם,false,1,14.90,2.9800,true,1,154906
7290115207460,false,סלט חציל פיקנטי 360ג,ג'נרל מילס סאן אדריא,IL,צבר חציל פיקנטי 360גרם,גרמים,360.00,100 גרם,false,1,17.90,4.9722,true,1,153847
7290115207484,false,צבר סלט חציל על האש היתר 360 גרם,ג'נרל מילס סאן אדריא,IL,צבר חציל על האש 400גרם,גרמים,360.00,100 גרם,false,1,17.90,4.9722,true,1,153848
7290115207507,false,צבר סלט טורקי 6*360גרם,ג'נרל מילס סאן אדריא,IL,צבר סלט טורקי 360גרם,גרמים,360.00,100 גרם,false,1,17.90,4.9722,true,1,153846
7290115207941,false,ויטמינצ'יק תרכיז אננס 1 ליטר,בית-השיטה עסיס תעשיו,IL,סירופ ויטמינציק אננס 1 ליטר,ליטרים,1.00,ליטר,false,1,23.90,23.9000,true,1,153960
7290115207965,false,ויטמינצ'יק תרכיז מנגו אפרסק 1 ליטר,בית-השיטה עסיס תעשיו,IL,ויטמינציק מנגו אפרסק 1 ליטר,ליטרים,1.00,ליטר,false,1,23.90,23.9000,true,1,154706
7290115208009,false,ויטמינצ'יק תרכיז ענבים 1 ליטר,בית-השיטה עסיס תעשיו,IL,סירופ ויטמינציק ענבים 1 ליטר,ליטרים,1.00,ליטר,false,1,23.90,23.9000,true,1,153963
7290115208047,false,ויטמינצ'יק תרכיז פטל 1 ליטר,בית-השיטה עסיס תעשיו,IL,סירופ ויטמינציק פטל 1 ליטר,ליטרים,1.00,ליטר,false,1,23.90,23.9000,true,1,153961
7290115208061,false,ויטמינצ'יק תרכיז תפוח 1 ליטר,בית השיטה עסיס תעשיו,IL,ויטמינציק תפוח 1 ליטר,ליטרים,1.00,ליטר,false,1,23.90,23.9000,true,1,153964
7290115208320,false,אפרופו חטיף בטעם ביסלי בצל 50 גרם,"אסם תעשיות בע""מ",IL,אפרופו בטעם ביסלי בצל 50גרם,גרמים,50.00,100 גרם,false,1,4.90,9.8000,true,1,157234
7290115208597,false,אסם קרמוגית מיניס קרמל מלוח 200 גרם,"אסם השקעות בע""מ",IL,אסם קרמוגית מיניס קרמל מלוח 200 גרם,גרמים,200.00,100 גרם,false,1,11.90,5.9500,true,1,155798
7290115208849,false,"מנה חמה פסטה מוקרמת ט.עוף בד""צ 55גר","אסם תעשיות בע""מ",IL,מנה חמה פירה עם בטטה 51 גרם,גרמים,51.00,100 גרם,false,1,6.90,13.5294,true,1,157174
7290115209174,false,במבה אורירית קלאסי 60 גר',אסם השקעות בעמ,IL,במבה אורירית 60גרם,גרמים,60.00,100 גרם,false,1,4.90,8.1667,true,1,156007
7290115250503,false,קרקר כוסמין שום ועשבי תיבול שקית 225 גרם,"מאפיית פת במלח בע""מ",IL,קרקר כוסמין שום ועשבי תיבול 225 גרם,גרמים,225.00,100 גרם,false,1,21.90,9.7333,true,1,146451
7290115670691,false,גרנולה שיבולת שועל עם פירות יער,אנרג'י Energy - שטראוס,CZ,גרנולה אנרגי פירות יער 400 גרם,גרמים,400.00,100 גרם,false,1,15.90,3.9750,true,1,153876
7290115670752,false,מארז קפה נמס אבקתי+כ,הנסיך- מפעל לייצור ט,IL,מארז נמס וכוס לדרך פסח 2021,גרמים,200.00,100 גרם,false,1,19.90,9.9500,true,1,149914
7290115671339,false,מיני פינוקיות בראוניז בייגל בוטן עלית 180 ג' עלית,הגביע מוצרי ופלים בע,IL,מיני פינוקיות בראוניז בייגל בוטן 180 ג,גרמים,180.00,100 גרם,false,1,11.90,6.6111,true,1,152293
7290115671346,false,מיני פינוקיות טופי קרמל מלוח 180 ג' עלית,הגביע מוצרי ופלים בע,IL,מיני פינוקיות טופי קרמל מלוח 180 ג,גרמים,180.00,100 גרם,false,1,11.90,6.6111,true,1,152294
7290115672220,false,מגש ממתקים פורים 202,שטראוס,IL,מגש ממתקים פורים 2022,לא מנהל יחידת מידה,0.00,לא מנהל יחידת מידה,false,1,84.90,0.0000,true,1,154083
7290115673562,false,בפלות אחת אחת עם קרם קפה נמס 240 גרם,"א.ג. גילרו בע""מ",IL,בפלות אחת אחת בטעם קפה נמס 240 גרם,גרמים,240.00,100 גרם,false,1,15.90,6.6250,true,1,153086
7290115674712,false,BREADZ קרקר סריראצה 170 גרם,"אלאדין בייקרס בע""מ",US,BREADZ קרקר סריראצה 170 גרם,גרמים,170.00,100 גרם,false,1,13.90,8.1765,true,1,153591
7290115675559,false,מארז קפה טורקי לדרך 10 יחידות,שטראוס קפה בי.וי.,IL,מארז טורקי לדרך 70 גרם,גרמים,70.00,100 גרם,false,1,9.90,14.1429,true,1,157265
7290115675580,false,קוואקר חטיף בוטנים עם שיבולת שועל 50 גרם,"שטראוס פריטו ליי בע""",IL,חטיף קוואקר ובוטנים 50 ג 48 יח,גרמים,50.00,100 גרם,false,1,3.90,7.8000,true,1,153208
7290115675696,false,דגני בוקר קראנצ'ים שיבולת שועל עם אגוזים ושקדים,גלידות שטראוס,IL,קוואקר אגוזים 375 גרם Cruesli,גרמים,375.00,100 גרם,false,1,20.90,5.5733,true,1,152147
7290115675702,false,דגני בוקר קראנצ'ים שיבולת שועל עם פירות מיובשים,גלידות שטראוס,IL,קוואקר פירות 375 גרם Cruesli,גרמים,375.00,100 גרם,false,1,20.90,5.5733,true,1,152148
7290115675764,false,קפסולות 08 100% אתיופיה 50 ג' עלית,הנסיך- מפעל לייצור ט,IL,קפסולות 08 אתיופיה למכונות NESPRESSO,גרמים,55.00,100 גרם,false,1,16.90,30.7273,true,1,153586
7290115676037,false,דנונה ריפרש יוגורט עם תות ודומדמניות 1.6% שומן,מיוצר עי קונדיטוריית,IL,"דנונה ריפרש תות דומדמניות 250 מ""ל",מיליליטרים,250.00,"100 מ""ל",false,1,5.90,2.3600,true,1,150572
7290115676099,false,משקה דנונה פרו 20 יוגורט וניל 255 ג' רבנות,"שטראוס בריאות בע""מ.",IL,משקה דנונה פרו 20 וניל,מיליליטרים,255.00,"100 מ""ל",false,1,6.90,2.7059,true,1,150573
7290115676273,false,אבקת קקאו 500 גרם +10% עלית,שטראוס גרופ,IL,אבקת קקאו 500 גרם +10% תוספת כשלפ,גרמים,500.00,100 גרם,false,1,26.90,5.3800,true,1,154652
7290115676389,false,חרוסת 250 ג' יד מרדכי,"פוליבה בע""מ",IL,חרוסת יד מרדכי 250 גרם,גרמים,250.00,100 גרם,false,1,16.90,6.7600,true,1,149538
7290115676693,false,תפוצ'יפס מלח חומץ 50 ג' עלית,"שטראוס פריטו ליי בע""",IL,תפוציפס מלח חומץ 50 גרם,גרמים,50.00,100 גרם,false,1,3.90,7.8000,true,1,155378
7290115677089,false,קונפיטורת יד מרדכי תפוח וקינמון 340 גרם,"בית אל מזון בע""מ",IL,קונפיטורה יד מרדכי תפוח וקינמון 340 גר,גרמים,340.00,100 גרם,false,1,14.90,4.3824,true,1,152157
7290115677362,false,נודלס טריאקי דלישס 350 גרם,"טרופיקל דגיל בע""מ אז",IL,נודלס טריאקי דלישס 350גרם,גרמים,350.00,100 גרם,false,1,26.90,7.6857,true,1,152866
7290115677423,false,אורז ירוק קארי חריף חריף דלישס 350 גרם,"טרופיקל דגיל בע""מ אז",IL,אורז קארי ירוק חריף,גרמים,350.00,100 גרם,false,1,26.90,7.6857,true,1,152869
7290115677959,false,ממרח גוואקמולי 220גר,שטראוס,IL,גוואקמולי אחלה 220 גרם,גרמים,220.00,100 גרם,false,1,17.90,8.1364,true,1,153347
7290115678376,false,מעדן הגולן שוקולד 125 גרם,מיוצר עי קונדיטוריית,IL,מעדן הגולן שוקולד 125גרם,גרמים,125.00,100 גרם,false,1,3.20,2.5600,true,1,151283
7290115678383,false,מעדן הגולן שוקולד מריר 125 גרם,מיוצר עי קונדיטוריית,IL,מעדן הגולן שוקולד מריר 125גרם,גרמים,125.00,100 גרם,false,1,3.20,2.5600,true,1,151282
7290115679885,false,פיצה מבצק עם כרובית עם רוטב עגבניות ומוצרלה,גסטרונומיה פרוסט אס.,IT,פיצה מבצק עם כרובית 320 גרם,גרמים,320.00,100 גרם,false,1,29.90,9.3437,true,1,152873
7290116530109,false,חטיף קליק נוגט ציפוי שוקולד לבן 35 גרם,"טחנת האבן תעשיות בע""",IL,קליק חטיף נוגט מצופה שוקולד לבן 35 גרם,גרמים,35.00,100 גרם,false,1,5.90,16.8571,true,1,152089
7290116530185,false,דגני בוקר דלישקד קרמל מלוח 400 ג' תלמה,יוניליוור שפע ישראל,IL,תלמה דגני בוקר דלישקד קרמל מלוח 400 גרם,גרמים,400.00,100 גרם,false,1,25.90,6.4750,true,1,152648
7290116530895,false,"תרסיס ריחני למייבש כביסה פינוק כחול בדין 500 מ""ל","זוהר דליה, קיבוץ דלי",TR,"בדין תרסיס למייבש כביסה פינוק 500 מ""ל",מיליליטרים,500.00,"100 מ""ל",false,1,19.90,3.9800,true,1,152131
7290116531045,false,"דליפקאן ללא גלוטן כשל""פ, 350 גרם","מולינו ניקולי S.p.A,",IT,תלמה דגני בוקר דליפקאן ללא גלוטן 350 גרם,גרמים,350.00,100 גרם,false,1,21.90,6.2571,true,1,154076
7290116531069,false,קנור מרק בצל 100% רכיבים טבעיים 225 גרם,יוניליוור ישראל מזון,IL,קנור מרק בצל 100% רכיבים טבעיים 225 גרם,גרמים,235.00,100 גרם,false,1,18.90,8.0426,true,1,153755
7290116531076,false,מרק פטריות רכיבים טבעיים קטן 225 ג' קנור,יוניליוור ישראל מזון,IL,קנור מרק פטריות 100% רכיבים טבעיים 225 גרם,גרמים,235.00,100 גרם,false,1,18.90,8.0426,true,1,153756
7290116531083,false,"דגני ברנפלקס דבש ושקדים ללת""ס 400 גרם",יוניליוור שפע ישראל,IL,ברנפלקס טעם דבש עם שקדים 400גרם,גרמים,400.00,100 גרם,false,1,25.90,6.4750,true,1,153398
7290116531090,false,דג-דג חטיף אפוי במליחות מעודנת 250 גרם,בייגל את בייגל מזון,IL,דגדג במליחות מעודנת 250 גרם,גרמים,250.00,100 גרם,false,1,10.90,4.3600,true,1,153757
7290116531120,false,זוג מרק קנור נמס בכו,יוניליוור ישראל מזון,IL,קנור נמס בכוס מרק וייטנאמי פיקנטי 40 גרם,גרמים,40.00,100 גרם,false,1,7.50,18.7500,true,1,153027
7290116531137,false,קנור מרק עשיר תאילנד,יוניליוור ישראל מזון,IL,קנור מרק תאילנדי פיקנטי 65 גרם,גרמים,65.00,100 גרם,false,1,12.90,19.8462,true,1,153028
7290116531519,false,קוקומן שוקו בננה 375 גרם,יוניליוור שפע ישראל,IL,קוקומן שוקו בננה 375גרם,גרמים,375.00,100 גרם,false,1,19.90,5.3067,true,1,153399
7290116531656,false,"מרכך פינוק לשיער בניחוח תפוח 700 מ""ל",יוניליוור ישראל טיפו,IL,פינוק מרכך בניחוח תפוח 700 מל,מיליליטרים,700.00,"100 מ""ל",false,1,12.90,1.8429,true,1,153030
7290116531663,false,"תחליב רחצה פינוק בניחוח תפוח 700 מ""ל",יוניליוור ישראל טיפו,IL,פינוק תחליב רחצה בניחוח תפוח 700 מל,מיליליטרים,700.00,"100 מ""ל",false,1,12.90,1.8429,true,1,153031
7290116531748,false,"קליק קוקומן חום ולבן 65 גרם כשל""פ רבנות","דרך השוקולד 1, צפת 1",IL,קליק קליק שוקו מיקס חום לבן כשר לפסח 65 גרם,גרמים,65.00,100 גרם,false,1,7.90,12.1538,true,1,154064
7290116531762,false,בדין דפי מרכך למייבש כביסה ורוד 40 יחיד,"קלינטסט - 3p ארה""ב",US,בדין דפי מרכך למייבש כביסה ורוד 40 יחידות,יחידה,1.00,יחידה,false,1,18.90,18.9000,true,1,155039
7290116531779,false,בדין דפי מרכך למייבש כביסה כחול 40 יחיד,"קלינטסט - 3p ארה""ב",US,בדין דפי מרכך למייבש כביסה כחול 40 יחידות,יחידה,1.00,יחידה,false,1,18.90,18.9000,true,1,155040
7290116531793,false,הלמנס רוטב לסלט קיסר 295 גרם,יוניליוור ישראל מזון,IL,הלמנס רוטב לסלט קיסר 295 גרם,גרמים,295.00,100 גרם,false,1,12.90,4.3729,true,1,153758
7290116531939,false,"גלידונית תות שדה 955 מ""ל שטראוס","גלידת שטראוס בע""מ, ר",IL,קרמיסימו גלידונית גלידה בטעם תות שדה 60 יחידות,גרמים,638.00,100 גרם,false,1,41.90,6.5674,true,1,154634
7290116532011,false,קליק חטיף שוקולד נוגט וחלב 35 גרם,אזור התעשייה רמת גבר,IL,קליק חטיף נוגט 35 גרם,גרמים,35.00,100 גרם,false,1,5.90,16.8571,true,1,154310
7290116532028,false,קליק חטיף נוגט חלב כשר לפסח,"דרך השוקולד 1, צפת 1",IL,קליק חטיף נוגט כשר לפסח 35 גרם,גרמים,35.00,100 גרם,false,1,4.90,14.0000,true,1,154062
7290116532042,false,קליק כריות נוגט כשר לפסח 65 גרם,"דרך השוקולד 1, צפת 1",IL,קליק קליק כריות נוגט כשר לפסח 65 גרם,גרמים,65.00,100 גרם,false,1,7.90,12.1538,true,1,154063
7290116532264,false,מאגדת גודיז פרי אפרסק יוגורט בציפוי 300 ג' שטראוס,"גלידת שטראוס בע""מ, ר",IL,גודיז פרי אפרסק 300 גרם,גרמים,300.00,100 גרם,false,1,26.90,8.9667,true,1,154640
7290116532271,false,סנדוויץ לייט גודיז שוקולד וניל 270 ג' שטראוס,"גלידת שטראוס בע""מ, ר",IL,גודיז סנדוויץ 270 גרם,גרמים,270.00,100 גרם,false,1,32.90,12.1852,true,1,154641
7290116532462,false,גלידת שמנת קליק בטעמי שוקולד בננה 384 ג' שטראוס,"גלידת שטראוס בע""מ, ר",IL,פיינט קליק שוקולד בננה,מיליליטרים,520.00,"100 מ""ל",false,1,24.90,4.7885,true,1,155017
7290116532479,false,קליק גלידת שמנת בטעמי שוקולד לבן עוגיות 384 ג' שטראוס,"גלידת שטראוס בע""מ, ר",IL,"פיינט קליק שוקולד לבן קרם עוגיות 520 מ""ל",מיליליטרים,520.00,"100 מ""ל",false,1,24.90,4.7885,true,1,155016
7290116532486,false,גלידת שמנת קליק בטעמי וניל קרמל מלוח 384 ג' שטראוס,"גלידת שטראוס בע""מ, ר",IL,פיינט קליק וניל קרמל מלוח,מיליליטרים,520.00,"100 מ""ל",false,1,24.90,4.7885,true,1,155018
7290116914527,false,מארז סוכריות על מקל,,CN,מארז סוכריות על מקל 600 גרם,גרמים,600.00,100 גרם,false,1,22.90,3.8167,true,1,155466
7290116930015,false,חטיף חלבון GO קרמל ח.בוטנים קריספי 20 גרם חלבון,בלמונט קונפקציות,US,GO חטיף חלבון קרמל מלוח חמאת בוטנים 60ג,גרמים,60.00,100 גרם,false,1,12.90,21.5000,true,1,155097
7290116930022,false,חטיף חלבון GO קרם עוגיות ציפוי קריספי 20 גרם,בלמונט קונפקציות,IL,GO חטיף חלבון בטעם קרם עוגיות 60גרם,גרמים,60.00,100 גרם,false,1,12.90,21.5000,true,1,155098
7290116930435,false,יוגורט סמיך 0% דובדבן יופלה 200 ג' GO,תנובה מרכז שיתופי לש,IL,יוגורט גו סמיך 0% דובדבן,גרמים,150.00,100 גרם,false,1,6.30,4.2000,true,1,154817
7290116930442,false,"משקה SHAKE בננה מנגו תפוז גזר וצ'יה 230 מ""ל יופלה",יופלה Yoplait,IL,SHAKE יופלה בננה מנגו תפוז גזר וציה 230,מיליליטרים,230.00,"100 מ""ל",false,1,8.90,3.8696,true,1,155442
7290116930466,false,"משקה SHAKE בננה מנגן פסיפלורה והל 230 מ""ל יופלה",קבוצת המזון אקטשלאר,IL,SHAKE יופלה מנגו בננה פסיפלורה והל 230 מ,מיליליטרים,230.00,"100 מ""ל",false,1,8.90,3.8696,true,1,155444
7290116930565,false,ויסוצקי משקה תה קר עם חלב בטעם צאי מסאלה,תנובה חלב,IL,משקה תה קר עם חלב בטעם צאי מסאלה 230מל,מיליליטרים,230.00,"100 מ""ל",false,1,6.90,3.0000,true,1,155451
7290116930626,false,ארוחה בקטנה ציזיקי עם קרקרים 150ג' תנובה,תנובה חלב,IL,ארוחה בקטנה ציזיקי עם קרקרים 150 גרם,גרמים,150.00,100 גרם,false,1,7.50,5.0000,true,1,155818
7290116930640,false,יולו שוקולד חלב עם ש,תנובה בעמ,IL,יולו שוקולד חלב עם שברי בייגלה 120 גרם,גרמים,120.00,100 גרם,false,1,5.50,4.5833,true,1,155447
7290116930657,false,משקה חלב גו בטעם בננה תמר עם ש. שועל 340,תנובה מרכז שיתופי לש,IL,"GO משקה בננה תמר שיבולת שועל 340 מ""ל",מיליליטרים,340.00,"100 מ""ל",false,1,8.90,2.6176,true,1,157284
7290116930725,false,סויה BIO קוקוס גביע 150 גרם אלטרנטיב,תנובה חלב,IL,מעדן סויה BIO קוקוס אלטרנטיב 150 גרם,גרמים,150.00,100 גרם,false,1,4.90,3.2667,true,1,156162
7290116930954,false,יוגורט טעם פאי תפוחים 3% 150 ג' יופלה,"תנובה בע""מ",IL,יוגורט יופלה פאי תפוחים 3% 150 גרם,גרמים,150.00,100 גרם,false,1,5.20,3.4667,true,1,157281
7290116931081,false,מעדן סויה - טופי קרמל 125 גרם אלטרנטיב,תנובה מרכז שיתופי לש,IL,מעדן סויה בטעם טופי קרמל 125 גרם,גרמים,125.00,100 גרם,false,1,3.90,3.1200,true,1,156161
7290116931104,false,יופלה גו במרקם סמיך עם אננס 0% שומן 200ג',תנובה חלב,IL,יופלה גו במרקם סמיך עם אננס 0% 200גרם,גרמים,200.00,100 גרם,false,1,5.90,2.9500,true,1,156163
7290117260685,false,תן בו וניל ציפויים בטעמים שונים 230 גרם,אלויראסמינדה,DK,קרמבו תן בו טעמים שונים 1/12,גרמים,230.00,100 גרם,false,1,19.90,8.6522,true,1,153810
7290117261354,false,גבינת ריקוטה 200 גרם 5%שומן מחלבת אירופה,באלבן גידה סנאי,TR,גבינת ריקוטה יורו 200 גרם 5%שומן,גרמים,200.00,100 גרם,false,1,10.90,5.4500,true,1,155254
7290117261378,false,גבינת קשקבל לייט 250 גרם 8% שומן מחלבת א,סאסו פטוראגס קומטויס,TR,גבינת קשקבל לייט 8% יורו 250גרם,גרמים,250.00,100 גרם,false,1,15.90,6.3600,true,1,155255
7290117261705,false,חמאת עיזים 200 גר' וילי פוד,באלבן גידה סנאי,TR,חמאת עיזים יורו 200 גרם,גרמים,200.00,100 גרם,false,1,13.90,6.9500,true,1,155253
7290117380178,false,סוויט פוף חטיף מצופה שוקולד חלב,"טחנת האבן תעשיות בע""",IL,סוויט פוף שוקולד חלב 50 גרם,גרמים,50.00,100 גרם,false,1,5.90,11.8000,true,1,157305
7290117380185,false,סוויט פוף חטיף מצופה שוקולד חלב ולבן,"טחנת האבן תעשיות בע""",IL,סוויט פוף שוקולד חלב ולבן 50 גרם,גרמים,50.00,100 גרם,false,1,5.90,11.8000,true,1,157306
7290117380192,false,חטיף פוף קראנץ בטעם גריל 60 גרם,מנה,IL,פוף חטיף קראנץ גריל 60 גרם,גרמים,60.00,100 גרם,false,1,3.50,5.8333,true,1,153862
7290117380215,false,חטיף פוף קראנץ בטעם טאקו 60 גרם,מנה,IL,פוף חטיף קראנץ טאקו 60 גרם,גרמים,60.00,100 גרם,false,1,3.50,5.8333,true,1,153864
7290117380864,false,עוגות בראוניס אישיות בטעם שוקולד 120 ג' סלים דליס פייבר,הלמה הלום,NL,סלים דליס עוגות בראוניס אישיות שוקולד 1,גרמים,120.00,100 גרם,false,1,13.90,11.5833,true,1,155134
7290117380871,false,עוגות אישיות בטעם אוכמניות 120 ג' סלים דליס פייבר,הלמה הלום,NL,סלים דליס עוגות בראוניס אישיות אוכמניות 120גרם,גרמים,120.00,100 גרם,false,1,13.90,11.5833,true,1,155135
7290117382318,false,סלים דליס - חטיף חלבון מצופה שוקולד מריר 60 גרם,"י. מרבה ישראל בע""מ",IT,חטיף סלים דליס פרו מצופה שוקולד מריר 6,גרמים,60.00,100 גרם,false,1,12.90,21.5000,true,1,155821
7290117382325,false,סלים דליס - פרו 33 חטיף חלבון מצופה שוקולד חלב 60 גרם,"י. מרבה ישראל בע""מ",IT,חטיף סלים דליס פרו מצופה שוקולד חלב 6,גרמים,60.00,100 גרם,false,1,12.90,21.5000,true,1,155820
7290117382332,false,סלים דליס - חטיף חלבון מצופה שוקולד בטעם עוגיות 60 גרם,"י. מרבה ישראל בע""מ",IT,חטיף סלים דליס פרו מצופה שוקולד עוגיות,גרמים,60.00,100 גרם,false,1,12.90,21.5000,true,1,155822
7290117821367,false,ביצת הפתעה פלסטיק עם סוכריות קשות 10 גרם טרקטור,שמחה,IL,ביצת הפתעה פלסטיק עם סוכריות קשות 10ג S טרקטור,גרמים,10.00,100 גרם,false,1,6.90,69.0000,true,1,155791
7290117821374,false,ביצת הפתעה פלסטיק עם סוכריות קשות 10 גרם פוני,שמחה,IL,ביצת הפתעה פלסטיק עם סוכריות קשות 10ג S פוני,גרמים,10.00,100 גרם,false,1,6.90,69.0000,true,1,155793
7290117821381,false,ביצת הפתעה פלסטיק עם סוכריות קשות 10 גרם קפיץ,שמחה,IL,ביצת הפתעה פלסטיק עם סוכריות קשות 10ג S קפיץ,גרמים,10.00,100 גרם,false,1,6.90,69.0000,true,1,155794
7290117821398,false,ביצת הפתעה פלסטיק עם סוכריות קשות 10 גרם כבאית,שמחה,IL,ביצת הפתעה פלסטיק עם סוכריות קשות 10ג S כבאית,גרמים,10.00,100 גרם,false,1,6.90,69.0000,true,1,155792
7290117821404,false,ביצת הפתעה פלסטיק עם סוכריות קשות 10 גרם בצק,שמחה,IL,ביצת הפתעה פלסטיק עם סוכריות קשות 10ג S,גרמים,10.00,100 גרם,false,1,6.90,69.0000,true,1,155788
7290117821411,false,ביצת הפתעה פלסטיק עם סוכריות קשות 10 גרם דינוזאור,שמחה,IL,ביצת הפתעה פלסטיק עם סוכריות קשות 10ג S דינוזאור,גרמים,10.00,100 גרם,false,1,6.90,69.0000,true,1,155789
7290117821435,false,ביצת הפתעה פלסטיק עם סוכריות קשות 10 גרם חד קרן,שמחה,IL,ביצת הפתעה פלסטיק עם סוכריות קשות 10ג S חד קרן,גרמים,10.00,100 גרם,false,1,6.90,69.0000,true,1,155790
7290117821442,false,ביצת הפתעה פלסטיק עם,שמחה,IL,ביצת הפתעה פלסטיק עם סוכריות קשות 20ג L כדורגל,גרמים,20.00,100 גרם,false,1,8.90,44.5000,true,1,155797
7290117821459,false,ביצת הפתעה פלסטיק עם,שמחה,IL,ביצת הפתעה פלסטיק עם סוכריות קשות 20ג L דינוזאור,גרמים,20.00,100 גרם,false,1,8.90,44.5000,true,1,155795
7290117821466,false,ביצת הפתעה פלסטיק עם,שמחה,IL,ביצת הפתעה פלסטיק עם סוכריות קשות 20ג L חיות חווה,גרמים,20.00,100 גרם,false,1,8.90,44.5000,true,1,155796
7290118420071,false,במבה ביסלי ברביקיו מיקס 80ג' אסם,"אסם תעשיות בע""מ",IL,במבה ביסלי ברביקיו מיקס 80גרם,גרמים,80.00,100 גרם,false,1,5.90,7.3750,true,1,157233
7290118420514,false,אסם אינסטנט פודינג נוגט 75 גרם,"אסם תעשיות בע""מ",IL,אינסטנט פודינג נוגט 75גרם,גרמים,75.00,100 גרם,false,1,5.90,7.8667,true,1,157149
7290118873082,false,בדיקת קורונה שפעת מ,,IL,בדיקת קורונה שפעת מארז חמישייה,יחידה,1.00,יחידה,false,1,59.90,59.9000,true,1,157370
7296021131394,false,סכין מולטי משוננת מ,,,"סכין מולטי 1.5 ס""מ",יחידה,1.00,יחידה,false,1,19.90,19.9000,true,1,120060
7296021133572,false,כף ספגטי ידית שחורה,,,כף ספגטי ידית שחורה נעמן בייסיק ידית שח,יחידה,1.00,יחידה,false,1,16.90,16.9000,true,1,120668
7296021133602,false,מועך תפוחי אדמה ידית שחורה,KIS CHINA,CN,"מועך תפו""א ידית שחורה נעמן בייסיק ידית",יחידה,1.00,יחידה,false,1,16.90,16.9000,true,1,120054
7296021133633,false,כף פריזיאן ידית שחור,KIS CHINA,CN,כף פריזיאן ידית שחורה נעמן בייסיק ידית,יחידה,1.00,יחידה,false,1,9.90,9.9000,true,1,120074
7296021133640,false,גלגלת פיצה ידית שחור,KIS CHINA,CN,גלגלת פיצה גדולה ידית שחורה נעמן בייסיק,יחידה,1.00,יחידה,false,1,14.90,14.9000,true,1,120072
7296021133671,false,סכין מריחה ידית שחור,KIS CHINA,CN,סכין למריחה ידית שחורה נעמן בייסיק ידית,יחידה,1.00,יחידה,false,1,10.90,10.9000,true,1,120077
7296021133701,false,קישואן זוקיני ידית ש,KIS CHINA,CN,קישואן זוקיני ידית שחורה נעמן בייסיק יד,יחידה,1.00,יחידה,false,1,10.90,10.9000,true,1,120075
7296021133732,false,כף עוגה ידית שחורה נ,KIS CHINA,CN,כף עוגה ידית שחורה נעמן בייסיק ידית שחו,יחידה,1.00,יחידה,false,1,11.90,11.9000,true,1,120070
7296021146435,false,"תבנית קפיץ 26 ס""מ לא",,,"תבנית קפיץ 26 ס""מ לאפיה",יחידה,1.00,יחידה,false,1,35.90,35.9000,true,1,120084
7296021146442,false,תבנית לאפיה קפיץ 28,,,"תבנית קפיץ 28 ס""מ לאפיה",יחידה,1.00,יחידה,false,1,49.90,49.9000,true,1,120085
7296021146572,false,תבנית לאפיה לפיצה 3*,,,"תבנית לאפיה לפיצה 3*30 ס""מ",יחידה,1.00,יחידה,false,1,24.90,24.9000,true,1,120111
7296021180224,false,תבנית סיליקון למאפינ,,,תבנית סיליקון למאפינס 12 שקעים,יחידה,1.00,יחידה,false,1,51.90,51.9000,true,1,145321
7296150000028,false,עלי גפן ממולאים באורז 425 גר,אקמאר,TR,עלי גפן ממולאים באורז 425 גרם,גרמים,425.00,100 גרם,false,1,10.90,2.5647,true,1,55664
7296168070655,false,קיסמי שיניים עם זווי,,,קיסמי שיניים עם זווי,לא מנהל יחידת מידה,0.00,לא מנהל יחידת מידה,false,1,15.90,0.0000,true,1,126019
7297488036802,false,גומיות קטיפה שחור KE,אודס,,גומיות קטיפה שחור KEDS,יחידה,1.00,יחידה,false,1,5.90,5.9000,true,1,93083
7297488098152,false,דגש קמח חומוס ללא גל,אף.סי תבליני בגליל ב,IL,דוכן גן שמואל קמח חומוס 500 גרם,גרמים,500.00,100 גרם,false,1,16.90,3.3800,true,1,78023
7297488098169,false,דגש קמח תירס ללא גלו,"תבליני העליון בע""מ",IL,קמח תירס ללא גלוטן 500 גרם,גרמים,500.00,100 גרם,false,1,9.80,1.9600,true,1,83907
7297488098190,false,קמח אורז מלא ללא גלוטן,אף.סי תבליני בגליל ב,IL,דוכן גן שמואל קמח אורז מלא 500 גרם,גרמים,500.00,100 גרם,false,1,14.90,2.9800,true,1,77920
7297488098213,false,קמח קינואה ללא גלוטן,"תבליני העליון בע""מ",IL,דוכן גן שמואל קמח קינואה 500 גרם,גרמים,500.00,100 גרם,false,1,27.90,5.5800,true,1,81933
7297488098220,false,קמח תפוח אדמה ללא גלוטן,תות תעשיות מזון (201,IL,דוכן גן שמואל קמח תפוחי אדמה 500 גרם,גרמים,500.00,100 גרם,false,1,11.90,2.3800,true,1,78690
7297488098282,false,אבקת מרק בטעם עוף 500 גרם,אף.סי. תבליני הגליל,IL,בריאות וטבע אבקת מרק בטעם עוף 500 גרם,גרמים,500.00,100 גרם,false,1,21.90,4.3800,true,1,78693
7297488098299,false,קמח טפיוקה ללא גלוטן,אף סי תבליני הגליל ב,IL,דוכן גן שמואל קמח טפיוקה 500 גרם,גרמים,500.00,100 גרם,false,1,10.90,2.1800,true,1,78694
7297488098305,false,קמח שקדים ללא גלוטן,תות תעשיות מזון (201,IL,דוכן גן שמואל קמח שקדים 500 גרם,גרמים,250.00,100 גרם,false,1,27.90,11.1600,true,1,79227
7297488098688,true,פצפוצי אורז מלא ללא,תירפז בעמ,IL,פצפוצי אורז מלא ללא תוספת סוכר ומלח,גרמים,450.00,100 גרם,false,1,23.90,5.3111,true,1,119796
7297488199590,false,פצפוצי אורז לבן תפוח ללא גלוטן,דגש- דוכן גן שמואל,IL,פצפוצי אורז לבן תפוח,גרמים,450.00,100 גרם,false,1,23.90,5.3111,true,1,118489
7297488199606,false,פצפוצי אורז תפוח ללא תוספת סוכר ומלח ללא גלוטן,דגש- דוכן גן שמואל,IL,פצפוצי אורז לבן תפוח,גרמים,450.00,100 גרם,false,1,23.90,5.3111,true,1,118490
7297488199620,false,פצפוצי אורז מלא תפוח ללא גלוטן,דגש- דוכן גן שמואל,IL,פצפוצי אורז מלא דגש 450 גרם,גרמים,450.00,100 גרם,false,1,22.90,5.0889,true,1,99609
7297488199682,false,קמח כוסמת ללא גלוטן,תות תעשיות מזון (201,IL,דוכן גן שמואל קמח קינואה 500 גרם,גרמים,500.00,100 גרם,false,1,15.90,3.1800,true,1,113991
7297488199781,true,קניידלך דגש,דולפין ספא,IL,קניידלMIX תערובת להכנת קניידלך מקמח תפוחי אדמה,Unknown,0.00,Unknown,false,1,19.90,0.0000,true,1,135214
7297522049652,false,מגבעת פנמה גדולה,,,מגבעת פנמה גדולה,יחידה,1.00,יחידה,false,1,39.90,39.9000,true,1,149500
7297603011370,false,כף טיגון מחוררת עשוי,,,כף טיגון מחוררת עשוי,יחידה,1.00,יחידה,false,1,16.90,16.9000,true,1,156952
7297603011387,false,כף טיגון מחוררת אליפ,,,כף טיגון מחוררת אליפ,יחידה,1.00,יחידה,false,1,15.50,15.5000,true,1,156953
7297603011394,false,כף הגשה אליפסה עשויה,,,כף הגשה אליפסה עשויה,יחידה,1.00,יחידה,false,1,14.90,14.9000,true,1,156954
7297603011400,false,כף הגשה מרובעת עשויה,,,כף הגשה מרובעת עשויה,יחידה,1.00,יחידה,false,1,14.90,14.9000,true,1,156955
7297603011417,false,כף טיגון מחוררת אליפ,,,כף טיגון מחוררת אליפ,יחידה,1.00,יחידה,false,1,17.90,17.9000,true,1,156956
7297603011424,false,כף טיגון מחוררת עגול,,,כף טיגון מחוררת עגול,יחידה,1.00,יחידה,false,1,19.90,19.9000,true,1,156957
7297603011431,false,כף הגשה אליפסה נירוס,,,כף הגשה אליפסה נירוס,יחידה,1.00,יחידה,false,1,16.90,16.9000,true,1,156958
7297603011448,false,כף הגשה תרבד נירוסטה,,,כף הגשה תרבד נירוסטה,יחידה,1.00,יחידה,false,1,17.90,17.9000,true,1,156959
7297603011455,false,כף הגשה תרבד מחורץ נ,,,כף הגשה תרבד מחורץ נ,יחידה,1.00,יחידה,false,1,16.90,16.9000,true,1,156960
7297603011462,false,מצקת מנירוסטה,,,מצקת מנירוסטה,יחידה,1.00,יחידה,false,1,19.90,19.9000,true,1,156961
7297603014005,false,מגרדת זסטר רב שימושי,,,מגרדת זסטר רב שימושי,יחידה,1.00,יחידה,false,1,22.90,22.9000,true,1,156965
7297603014067,false,כף גלידה מנירוסטה יד,,,כף גלידה מנירוסטה יד,יחידה,1.00,יחידה,false,1,19.90,19.9000,true,1,156966
7297603014104,false,כף טיגון עכביש נירוס,,,כף טיגון עכביש נירוס,יחידה,1.00,יחידה,false,1,16.90,16.9000,true,1,156967
7297603014388,false,מלקחיים סיליקון 22 ס,,,מלקחיים סיליקון 22 ס,יחידה,1.00,יחידה,false,1,19.90,19.9000,true,1,152359
7297603015767,false,כף עץ מחוררת במבוק 3,,,כף עץ מחוררת במבוק 3,יחידה,1.00,יחידה,false,1,11.90,11.9000,true,1,153106
7297603015774,false,כף עץ מחוררת במבוק 3,,,כף עץ מחוררת במבוק 3,יחידה,1.00,יחידה,false,1,11.90,11.9000,true,1,153107
7297603016870,false,סוחט לימון ידני צהוב,,,סוחט לימון ידני צהוב,יחידה,1.00,יחידה,false,1,24.90,24.9000,true,1,156968
7297603016894,false,סוחט לימון ידני צהוב,,,סוחט לימון ידני צהוב,יחידה,1.00,יחידה,false,1,29.90,29.9000,true,1,156969
7297603017235,false,קנקן זכוכית מעוצב 18,,,קנקן זכוכית מעוצב 18,יחידה,1.00,יחידה,false,1,64.90,64.9000,true,1,156971
7297603031569,false,מעמד צנצנות לתבלינים,,,מעמד צנצנות לתבלינים,יחידה,1.00,יחידה,false,1,79.90,79.9000,true,1,155649
7297603031576,false,מעמד צנצנות לתבלינים,,,מעמד צנצנות לתבלינים,יחידה,1.00,יחידה,false,1,79.90,79.9000,true,1,157002
7297603034034,false,קרמיקה וינטג צלחת ק,,,קרמיקה וינטג צלחת ק,יחידה,1.00,יחידה,false,1,29.90,29.9000,true,1,157015
7297603034102,false,קרמיקה וינטג צלחת ע,,,קרמיקה וינטג צלחת ע,יחידה,1.00,יחידה,false,1,19.90,19.9000,true,1,157022
7297603034126,false,קרמיקה וינטג בול קו,,,קרמיקה וינטג בול קו,יחידה,1.00,יחידה,false,1,19.90,19.9000,true,1,157024
7298074500615,false,ערכה לבדיקת הריון בודד סנסו טסט,סנסו טסט Senso Test,,ערכה לבדיקת הריון בודד סנסו טסט,יחידה,1.00,יחידה,false,1,25.90,25.9000,true,1,142599
7298074501995,false,בליסטקס סטיק אולטרא SPF50,מדיליין פריגו,US,בליסטקס הגנה מוגברת spf50,יחידה,1.00,יחידה,false,1,9.90,9.9000,true,1,143028
7298087000959,false,וולטרן אמולגל שפורפר,נוברטיס,,וולטרן אמולגל שפורפרת 50 גרם,גרמים,50.00,100 גרם,false,1,47.00,94.0000,true,1,112948
7312040017683,false,וודקה אבסולוט בקבוק,"איי, בי, אינבוו",SE,"אבסולוט וודקה, 700 מ''ל",מיליליטרים,700.00,"100 מ""ל",false,1,69.90,9.9857,true,1,93022
7330578306017,false,ס.אלקטרונית סמארט אב,shenzhen shengsi,CN,ס.אלקטרונית סמארט אבטיח 1200 שאיפות,יחידה,1.00,יחידה,false,1,59.90,59.9000,false,1,153320
7350041950110,false,"ליקר שרי הירינג 700 מ""ל",peter heering,NL,"ליקר שרי הרינג (דובדבנים) 700 מ""ל",מיליליטרים,700.00,"100 מ""ל",false,1,114.90,16.4143,true,1,143175
7394376123337,false,"משקה שיבולת שועל אורגני אוטלי , 1 ל'",טרנסומס פוד איי.בי,SE,משקה שיבולת שועל אורגני אוטלי 1 ליטר,ליטרים,1.00,ליטר,false,1,14.90,14.9000,true,1,146726
7394376616778,false,אוטלי משקה שיבולת שועל להקצפה בריסטה 1 ליטר,טרנסומס פוד,SE,משקה שיבולת שועל  להקצפה בריסטה אוטלי 1,ליטרים,1.00,ליטר,false,1,15.90,15.9000,true,1,146723
7394376620294,false,משקה ש.שועל בטעם וניל 1 ליטר,איי אם פי אס איי תעש,NL,משקה שיבולת שועל וניל אוטלי 1 ליטר,ליטרים,1.00,ליטר,false,1,15.90,15.9000,true,1,156947
7441000720605,false,לבבות דקל(צנצנת)410 גרם,אינקופלמיטו אס. אי,EC,לה קימה שימורי לבבות דקל שלמים 410 גרם,גרמים,410.00,100 גרם,false,1,18.90,4.6098,true,1,114619
7500162900000,false,"בירה סול 330 מ""ל בקבוק",פארייפאבה אגרואינדוס,NL,"סול ח""פ 330 בקבוק בודד",מיליליטרים,330.00,"100 מ""ל",false,1,9.90,3.0000,true,1,145620
7501013101348,false,"ג'ומקס מנגו בקבוק 473 מ""ל תריסר",חומקס קומר קומרסאליז,MX,"ג'ומקס מנגו בקבוק 473 מ""ל תריסר",מיליליטרים,473.00,"100 מ""ל",false,1,8.50,1.7970,true,1,142351
7501013101355,false,"נקטר אפרסק ג'ומקס 473 מ""ל",חומקס קומר קומרסאליז,MX,"ג'ומקס אפרסק בקבוק 473 מ""ל תריסר",מיליליטרים,473.00,"100 מ""ל",false,1,8.50,1.7970,true,1,142350
7501013101393,false,"ג'ומקס אננס בקבוק 473 מ""ל תריסר",פארייפאבה אגרואינדוס,MX,"ג'ומקס אננס  בקבוק 473 מ""ל תריסר",מיליליטרים,473.00,"100 מ""ל",false,1,8.50,1.7970,true,1,142349
7501013101447,false,גומקס יוניקו פרסקו ר,חומקס קומר קומרסאליז,MX,יוניקו פרסקו רימונים בק' 473 תריסר,מיליליטרים,473.00,"100 מ""ל",false,1,9.50,2.0085,true,1,142354
7501013122039,false,ג'ומקס מיץ מנגו קרטונית ליטר תריסר,חומקס קומר קומרסאליז,MX,ג'ומקס מנגו קרטונית ליטר תריסר,ליטרים,1.00,ליטר,false,1,9.90,9.9000,true,1,142346
7501013122053,false,ג'ומקס מיץ אפרסק קרטונית ליטר תריסר,חומקס קומר קומרסאליז,MX,ג'ומקס אפרסק קרטונית ליטר תריסר,ליטרים,1.00,ליטר,false,1,9.90,9.9000,true,1,142345
7501013122114,false,"נקטר משקה אננס בקרטונית ג'ומקס, 1 ל'",חומקס קומר קומרסאליז,MX,ג'ומקס אננס קרטונית ליטר תריסר,ליטרים,1.00,ליטר,false,1,9.90,9.9000,true,1,142344
7501013122190,false,ג'ומקס מיץ תפוחים קרטונית ליטר תריסר,חומקס קומר קומרסאליז,MX,ג'ומקס תפוחים קרטונית ליטר תריסר,ליטרים,1.00,ליטר,false,1,9.90,9.9000,true,1,142348
7501013122992,false,ג'ומקס מיץ קוקוס אננס קרטונית ליטר תריסר,חומקס קומר קומרסאליז,MX,ג'ומקס קוקוס אננס קרטונית ליטר תריסר,ליטרים,1.00,ליטר,false,1,9.90,9.9000,true,1,142347
7501013138184,false,משקה יוניקו פרסקו חמוציות קרטונית 1 ליטר,חומקס קומר קומרסאליז,MX,ג'ומקס פרסקו חמוציות קרטונית ליטר תריסר,ליטרים,1.00,ליטר,false,1,12.60,12.6000,true,1,150970
7501049936945,false,"בירה סול שישייה בקבוק 330 מ""ל",היינקן,NL,"בירה סול שישייה (6X330 מ""ל)",ליטרים,1.98,ליטר,false,1,36.90,18.6364,true,1,145619
7501064191398,false,שישיית בירה קורונה אקסטרא *355 מל,קריניציה ויטמינה אס,MX,בשישיית בירה קורונה אקסטרה 2.13 ל',ליטרים,2.13,ליטר,false,6,39.90,18.7324,true,1,125739
7501064196690,false,פחית בירה קורונה 355,סרבסריה מידלו,MX,"פחית בירה קורונה 355 מ""ל",מיליליטרים,355.00,"100 מ""ל",false,1,10.90,3.0704,true,1,150180
7503012779306,false,סירופ אגבה כחולה 100% 330 גרם נטורפוד,נוטריגבאס דה מקסיקו,MX,נטור פוד סירופ אגבה כחולה אורגני 330 גרם,גרמים,330.00,100 גרם,false,1,21.90,6.6364,true,1,78006
7503012779405,false,"סירופ אגבה כחולה 660 מ""ל",נוטריאגבס דה מקסיקו,MX,סירופ אגבה כחולה אורגני 660 גרם,גרמים,660.00,100 גרם,false,1,32.90,4.9848,true,1,115711
7509546663135,false,קולגייט משחת שיניים זירו פפרמינט 98 מל,CP-Poland swidnica,PL,"קולגייט זירו משחת שיניים מנטה 98 מ""ל",מיליליטרים,98.00,"100 מ""ל",false,1,33.90,34.5918,true,1,149266
7509546663265,false,קולגייט זירו משחת שיניים מנטה עדינה 98 מ,CP-Poland swidnica,PL,"קולגייט זירו משחת שיניים נענע 98 מ""ל",מיליליטרים,98.00,"100 מ""ל",false,1,33.90,34.5918,true,1,149265
7509546666846,false,"קולגייט טוטאל משחת שיניים פחם 75 מ""ל",קולגייט פלמוליב,PL,קולגייט טוטל משחת שיניים פחם 75 מל,מיליליטרים,75.00,"100 מ""ל",false,1,19.90,26.5333,true,1,150665
7509546678702,false,קולגייט משחת שיניים טוטל אנטי טרטר 100 מ,קולגייט-פלמוליב,PL,קולגייט משחת שיניים טוטאל אנטי טרטר 100,מיליליטרים,100.00,"100 מ""ל",false,1,17.90,17.9000,true,1,155849
7610100034084,false,שפורפרת מיונז טומי 265 גרם,נסטלה שוויץ ס.א,CH,טומי מיונז אמיתי מביצי חופש 265 גרם,גרמים,265.00,100 גרם,false,1,16.90,6.3774,true,1,122638
7610113000175,false,"רום בקרדי מוחיטו 700 מ""ל",בקרדי מרטיני,DE,בקרדי מוחיטו 700מל,מיליליטרים,700.00,"100 מ""ל",false,1,79.90,11.4143,true,1,148408
7610113011652,false,"בקרדי בריזר תפוח 275 מ""ל בקבוק",בקרדי בריזר Bacardi Breezer,BE,"בריזר - משקה כוהלי מוגז בטעם תפוח 275 מ""ל",מיליליטרים,275.00,"100 מ""ל",false,1,14.90,5.4182,true,1,146580
7610113013250,false,"משקה כוהלי על בסיס רום בקרדי 250 מ""ל",בקרדי מרטיני,BE,פחית בקרדי מוחיטו 250 מל,מיליליטרים,250.00,"100 מ""ל",false,1,14.90,5.9600,true,1,150956
7610113015797,false,"בריזר זלצר סודה אלכו. פטל ליים 250 מ""ל","בקרדי בע""מ",BE,בריזר סלצזר פטל ליים 250 מל פחית,מיליליטרים,250.00,"100 מ""ל",false,1,14.90,5.9600,true,1,153265
7610243004463,false,"דורגול - מרסס להסרת אבנית במקלחון 600 מ""ל",יעקבי- דורגול Durgol,CH,"מסיר אבן דורגול מרסס 500 מ""ל",מיליליטרים,500.00,"100 מ""ל",false,1,24.90,4.9800,true,1,48147
7610400014649,false,שוקולד חלב במילוי קרם רך,לינדט ושפרונגלי קילש,CH,שוקולד לינדור חלב 100 גרם,גרמים,100.00,100 גרם,false,1,17.50,17.5000,true,1,9319
7610400068369,false,שוקולד חלב במילוי קרם אגוזים,לינדט ושפרונגלי,CH,לינדט לינדור שוקולד חלב שוויצרי ואגוזים 100 גר',גרמים,100.00,100 גרם,false,1,17.50,17.5000,true,1,56789
7610400068505,false,בונבוניירת לינדור Lindor שוקולד חלב,לינדט ושפרונגלי קילש,CH,בונבוניירה לינדור מילק 200 גרם,גרמים,200.00,100 גרם,false,1,34.90,17.4500,true,1,59004
7610400068529,false,בונבוניירה לינדור אבורטד 200 גרם,לינדט ושפרונגלי קילש,CH,בונבוניירה לינדור קורנה 200 גרם,גרמים,200.00,100 גרם,false,1,34.90,17.4500,true,1,42737
7610400074155,false,שוקולד מריר במילוי קרם,לינדט ושפרונגלי קילש,CH,שוקולד לינדור מריר 60% 100 גרם,גרמים,100.00,100 גרם,false,1,17.50,17.5000,true,1,56790
7610400075770,false,שוקולד מריר עם אגוזי לוז שלמים,לינדט ושפרונגלי,CH,לינדט לגרנד דארק הזלנט 150 גרם,גרמים,150.00,100 גרם,false,1,24.90,16.6000,true,1,156942
7610400075787,false,שוקולד חלב עם אגוזי לוז שלמים,"לינדט ושפרונגלי, קיל",CH,לינדט לה גרנד - שוקולד חלב עם אגוזי לוז 150 גר',גרמים,150.00,100 גרם,false,1,24.90,16.6000,true,1,156943
7610400091060,false,שוקולד מריר לינדט אקסלנס בתוספת תפוז ושקדים,לינדט ושפרונגלי קילש,CH,שוקולד לינדט אקסלנס תפוז 100 גרם,גרמים,100.00,100 גרם,false,1,14.90,14.9000,true,1,145942
7613030979647,false,דגני בוקר טריקס פירות עולם היורה 480 ג',ג'נרל מילס סאן אדריא,IL,טריקס 12*480גרם 2018,גרמים,480.00,100 גרם,false,1,26.90,5.6042,true,1,119319
7613032045753,false,פיטנס - דגני בוקר שוקולד 375 גרם,נסטלה צרפת איטנקורט,FR,פיטנס שוקולד 16*375גרם 2017,גרמים,375.00,100 גרם,false,1,21.90,5.8400,true,1,48657
7613033548192,false,פיטנס - דגני בוקר שוקולד מריר 375 גרם,נסטלה צרפת איטנקורט,FR,פיטנס שוקולד מריר 16*375גרם 2017,גרמים,375.00,100 גרם,false,1,21.90,5.8400,true,1,85859
7613035618794,false,"פורינה ONE חתול בוגר עוף 3 ק""ג",פורינה Purina,US,ONE 3קג חתול בוגר עוף,קילוגרמים,3.00,"ק""ג",false,1,114.90,38.3000,true,1,142912
7613035619050,false,קרחון חמשושים מפלצות 5 יח',שוורצקוף& הנקל דיסלד,ES,חמשושים מפלצות 18*75מל,גרמים,80.00,100 גרם,false,1,7.90,9.8750,true,1,113443
7613036120395,false,"פורינה ONE כלב מידמקסי בקר 2.5 ק""ג",פורינה ONE,IT,ONE כלב מידמקסי בקר 2.5קג,קילוגרמים,2.50,"ק""ג",false,1,84.90,33.9600,true,1,142918
7613036576734,false,קרטיב חמשושים חדש נסטלה 60 גר,פרונרי איבריה ס.ל,ES,נסטלה חמשושים חדש 18*60גרם,גרמים,60.00,100 גרם,false,1,7.90,13.1667,true,1,121850
7613036880534,false,גרבר מחית ירקות מעורבים מטרנה 190 גר',נסטלה פולסקה אס.איי,PL,גרבר מחית מרק ירקות מעורבים 12*190גרם,גרמים,190.00,100 גרם,false,1,6.90,3.6316,true,1,144363
7613037012200,false,גרבר מחית תפוח גזר ומנגו 90 גרם פאוץ,נסטלה פולסקה אס.איי,PL,גרבר מחית תפוח מנגו גזר פאוץ 16*90גרם,גרמים,90.00,100 גרם,false,1,6.90,7.6667,true,1,148537
7613037276091,false,נסטלה מיקס מיני אריזות דגני בוקר 200 גרם,נסטלה Nestle,FR,נסטלה מיקס מיני אריזות דגני בוקר *200גרם,גרמים,200.00,100 גרם,false,1,19.90,9.9500,true,1,126466
7613037686906,false,פיטנס - דגני בוקר שקדים ודבש 355 גרם,נסטלה צרפת איטנקורט,FR,פיטנס שקדים ודבש 14*355גרם,גרמים,355.00,100 גרם,false,1,21.90,6.1690,true,1,144457
7613038268262,false,דגני בוקר צ'יריוס דבש ושקדים במתיקות מעודנת,נסטלה צרפת איטנקורט,FR,דגני האני נאט ציריוס מופחת סוכר 410ג N9L,גרמים,410.00,100 גרם,false,1,21.90,5.3415,true,1,144273
7613038451954,false,דגני בוקר שוקולד מופחת סוכר 410 ג' קראנץ',נסטלה צרפת איטנקורט,FR,דגני קראנץ שוקולד מופחת סוכר 410ג N9LEM,גרמים,410.00,100 גרם,false,1,21.90,5.3415,true,1,144274
7613039770450,false,טבעול סנסשיונל בורגר 226 גרם,ג'נרל מילס סאן אדריא,IL,בורגר טבעול סנסשיונל 226גרם,גרמים,226.00,100 גרם,false,1,34.90,15.4425,true,1,147967
7613039771174,false,טבעול סנסשיונל מינס טחון צמחוני 400 גרם,ג'נרל מילס סאן אדריא,IL,טבעול סנשיונל טחון צמחוני 400גרם,גרמים,400.00,100 גרם,false,1,34.90,8.7250,true,1,147968
7613039880807,false,גרבר מחית תפוח גזר 190 גרם,נסטלה פולסקה אס.איי,PL,גרבר מחית תפוח גזר כשלפ 190 גרם,גרמים,190.00,100 גרם,false,1,6.90,3.6316,true,1,154544
7613039882030,false,גרבר מחית תפוח גזר בטטה 6*190 גרם,אסם,PL,גרבר מחית תפוח גזר בטטה 190 גרם,גרמים,190.00,100 גרם,false,1,6.90,3.6316,true,1,152320
7613287162281,false,קפסולות קפה אספרסו גרנדה אינטנסו דולצ'ה גוסטו 144 ג',נסטלה אנגליה,GB,נסקפה דולצה גוסטו אינטנסו קפסולות 144 גר,גרמים,144.00,100 גרם,false,1,27.90,19.3750,true,1,150721
7613287181411,false,ויטמינציק מחית סלט פירות 110 גרם,"טרופיקל דגיל בע""מ אז",ES,"ויטמינציק סלט פירות, 110 גרם",גרמים,110.00,100 גרם,false,1,5.90,5.3636,true,1,152314
7613287182326,false,ויטמינציק מחית בננה תפוח 110 גרם,"נסטלה ספרד ס.א, מפעל",ES,ויטמינציק פאוץ בננה תפוח כשלפ 110 גרם,גרמים,110.00,100 גרם,false,1,5.90,5.3636,true,1,152311
7613287182425,false,ויטמינציק מחית תפוח בננה ותות 110 גרם,"טרופיקל דגיל בע""מ אז",ES,"ויטמינציק תפוח בננה ותות, 110 גרם",גרמים,110.00,100 גרם,false,1,5.90,5.3636,true,1,152312
7613287325822,false,אוסם - דיפ אנד ספרד מטבל מיקס 295 גרם,נסטלה,PL,רוטב מיקס לחיץ 295 גרם,גרמים,295.00,100 גרם,false,1,14.90,5.0508,true,1,152949
7613287325952,false,אוסם - דיפ אנד ספרד מטבל ברבקיו 345 גרם,דפטונה פולין,PL,רוטב ברביקיו אסם לחיץ 295 גרם,גרמים,295.00,100 גרם,false,1,14.90,5.0508,true,1,152952
7613287325983,false,אוסם - דיפ אנד ספרד מטבל סלסה 335 גרם,דפטונה פולין,PL,רוטב סלסה אסם לחיץ 295 גרם,גרמים,295.00,100 גרם,false,1,14.90,5.0508,true,1,152951
7613287394323,false,אסם מולטי צ'יריוס 14*600 גרם 2021,נסטלה פולין דגני בוק,GB,דגני מולטי צירייס נסטלה 600גרם,גרמים,600.00,100 גרם,false,1,26.90,4.4833,true,1,150117
7613287476494,false,אוסם - דיפ אנד ספרד מיונז בסגנון צרפתי 280 גרם,נסטלה פולין,PL,מיונז אסם לחיץ 295 גרם,גרמים,295.00,100 גרם,false,1,14.90,5.0508,true,1,152950
7613287476678,false,דגני בוקר סינימיניס צ'ורוס נסטלה 360 ג',נסטלה אוונקה,PT,סינימיניס צורוס 360גרם,גרמים,360.00,100 גרם,false,1,26.90,7.4722,true,1,152177
7613287654151,false,דגני בוקר כריות שוקו בננה 385 ג' קראנץ',סי.פי צרפת,FR,קראנץ כריות שוקו בננה 385גרם,גרמים,385.00,100 גרם,false,1,26.90,6.9870,true,1,152145
7613500107105,true,רפידות הנקה גונסונס,CILAG GMBH INTERNATI,IT,ג'ונסונס רפידות הנקה 50 יחידות,Unknown,0.00,Unknown,false,1,29.90,0.0000,true,1,90339
7616500553484,false,שוקולד פריי מהודר מריר 78% 100גר,פריי,CH,פריי שוקולד מריר 78% 100 גרם,גרמים,100.00,100 גרם,false,1,9.90,9.9000,true,1,46537
7616500630161,false,פריי שוקולד מריר 85% קקאו 100גר,פריי,CH,פריי שוקולד מריר 85% 100 גרם,גרמים,100.00,100 גרם,false,1,9.90,9.9000,true,1,83220
7616500646087,false,שוקולד פריי חלב עם שבבי אגוזים 100ג,פריי,CH,פריי שוקולד עם שברי אגוזים 100 גרם,גרמים,100.00,100 גרם,false,1,9.90,9.9000,true,1,100688
7616500666092,false,פריי חלב פיסטוק 200,פריי,CH,פריי חלב פיסטוק 200 גרם,גרמים,200.00,100 גרם,false,1,14.90,7.4500,true,1,155174
7622010001858,false,אוראו עוגיות ממולאות קרם וניל 176 גרם,פי אר ג'יי אס אי מנד,CZ,עוגיות אוראו ממולאות קרם וניל 176 גרם,גרמים,176.00,100 גרם,false,1,9.90,5.6250,true,1,112869
7622201120931,false,שוקולד מילקה אוראו לבן 100 גרם,מונדלז אוקראינה,UA,מילקה אוראו לבן 100 גרם,גרמים,100.00,100 גרם,false,1,6.90,6.9000,true,1,154178
7622201127206,false,מילקה ממרח אגוזי לוז 350 ג',"נטרה מלה אנ.וי,",AT,ממרח שוקולד מילקה 350 גרם,גרמים,350.00,100 גרם,false,1,17.90,5.1143,true,1,150842
7622201127367,false,מילקה אוראו מיניס שוקולד לבן 153 גרם,פי.אר.ג'יי.אס.סי מונ,UA,מילקה אוריאו מיניס לבן 153 גרם,גרמים,153.00,100 גרם,false,1,16.90,11.0458,true,1,150286
7622201137052,false,אוראו מיני קוקיס - עוגיות שוקולד צ'יפס ותחתית מצופה שוקולד חלב,מונדלז אספנה גלטאס פ,ES,מילקה מיני קוקיז 110 גרם,גרמים,110.00,100 גרם,false,1,8.90,8.0909,true,1,149721
7622201401900,false,עוגיות מילקה סנסיישן אוראו 156 גרם,מונדלז פולסקה פרודקש,PL,עוגיות מילקה סנסיישן אוראו 156 גרם,גרמים,156.00,100 גרם,false,1,13.90,8.9103,true,1,148292
7622201502515,false,מילקה - עוגיות קוקי לופ 132 גרם,גיורי קייקס קייאפטי,HU,מילקה קוקי לופ 132 גרם,גרמים,132.00,100 גרם,false,1,13.90,10.5303,true,1,153266
7622201801809,false,מילקה שוקולד חלב עם אגוזים 100 גרם חדש,מנדלז דויצ'לנד סנקס,DE,שוקולד חלב אגוזים מילקה 100 גרם,גרמים,100.00,100 גרם,false,1,6.90,6.9000,true,1,152111
7622201802363,false,שוקולד מילקה טבלה חלב צימוקים ואגוזים 100ג',מנדלז דויצ'לנד סנקס,PL,שוקולד חלב אגוז וצימוק מילקה 100 גרם,גרמים,100.00,100 גרם,false,1,6.90,6.9000,true,1,152110
7622201802394,false,שוקולד מילקה חלב מסרונים 100 גרם,מנדלז דויצ'לנד סנקס,PL,שוקולד חלב מילקה 100 גרם,גרמים,100.00,100 גרם,false,1,6.90,6.9000,true,1,152109
7622201808631,false,אוראו מיני עוגיות ממולאות קרם וניל 67גרם,פי.טי. מונדלז אינדונ,ID,אוראו מיני כוסות בטעם וניל 67 גרם,גרמים,67.00,100 גרם,false,1,6.90,10.2985,true,1,152113
7622201809188,false,ביסקוויט עם שוקולד חלב מילקה,מונדלז פרנס ביסקוויט,PL,מילקה ביסקויט 150 גרם,גרמים,150.00,100 גרם,false,1,14.90,9.9333,true,1,152279
7622201813390,false,עוגיות מילקה וואפל במילוי קרם קקאו 150 ג,מונדליז סי.אר. ביסקו,CZ,מילקה וואפל במילוי קרם קקאו 150 גרם,גרמים,150.00,100 גרם,false,1,16.90,11.2667,true,1,149676
7622210078131,false,מילקה שוקולד חלב במילוי קרם שמנת 100 ג',מנדלז דויצ'לנד סנקס,PL,מילקה שוקולד חלב עם דיים 100 גר',גרמים,100.00,100 גרם,false,1,6.90,6.9000,true,1,123745
7622210163899,false,שוקולד חלב במילוי סוכריות עדשים,מונדלז דויצ'לנד סנקס,DE,מילקה שוקולד חלב עם עדשים 100 גרם,גרמים,100.00,100 גרם,false,1,6.90,6.9000,true,1,123379
7622210453327,false,עוגיות שוקוצ'יפס במילוי שוקולד סנסיישן,מנדלז פולסקה פרודקשן,PL,עוגיות מילקה סנסיישן 156 גרם,גרמים,156.00,100 גרם,false,1,13.90,8.9103,true,1,141642
7622210635105,false,"עוגיות אוראו תות, 154 גרם",מונדלז אספנה גאלטס פ,ES,אוראו תות 154 גרם,גרמים,154.00,100 גרם,false,1,7.90,5.1299,true,1,143701
7622210637994,false,מיני עוגיות אוראו קראנצ'י בייטס אורגינל,מונדלז אספניה ג'לאטס,ES,אוראו קראנצי בייטס 110 גרם,גרמים,110.00,100 גרם,false,1,8.90,8.0909,true,1,149075
7622210826053,false,שוקולד מילקה אוראו סנדוויץ 92 גר',גיאורי קאקסז קייאףטי,HU,שוקולד מילקה אוראו סנדביץ 92 גרם,גרמים,92.00,100 גרם,false,1,6.90,7.5000,true,1,148767
7622210829085,false,עוגיות אוראו וניל דקים 96 גרם,פי אר ג'יי אס אי מנד,UA,אוראו עוגיות דקות 96 גרם,גרמים,96.00,100 גרם,false,1,7.90,8.2292,true,1,145783
7622210835338,false,אוראו עוגיות ממולאות טעם בראוניז 176 גרם,מנדלז אספנה גאלטס פר,ES,עוגיות אוראו בראוניז 176 גרם,גרמים,176.00,100 גרם,false,1,9.90,5.6250,true,1,124082
7622300270506,false,מילקה גריינס - עוגיות שיבולת שועל מצופות שוקולד 168 ג',מונדלז פולסקה פרודקש,PL,עוגיות שיבולת שועל מצופות 168 גרם,גרמים,168.00,100 גרם,false,1,13.90,8.2738,true,1,85810
7622300340285,false,גבינת שמנת 22% שומן 175 ג' פילדלפיה,מונדלז דויצ'לנד פרוד,DE,גבינת שמנת 21% שומן,גרמים,175.00,100 גרם,false,1,14.90,8.5143,true,1,119998
7622300340292,false,גבינת שמנת 11% שומן 175 ג' פילדלפיה,מונדלז דויצ'לנד פרוד,DE,גבינת שמנת מופחתת שומן 11% שומן,גרמים,175.00,100 גרם,false,1,14.90,8.5143,true,1,119999
7622300356767,false,עוגיות מילקה עם גרנולה ושוקו צ''יפס 168 ג',מונדלז פולסקה פרודקש,PL,מילקה עוגיות שוקולד ציפס 168 גרם,גרמים,168.00,100 גרם,false,1,13.90,8.2738,true,1,69212
7622300489427,false,עוגיות אוראו בציפוי שוקולד לבן 246 גרם,מנדלז אספנה גאלטס פר,ES,עוגיות אוראו בציפוי בטעם שוקולד לבן 246 גר',גרמים,246.00,100 גרם,false,1,17.90,7.2764,true,1,119423
7622300489434,false,"עוגיות אוראו פאדג' בציפוי שוקולד חלב, 246 גרם",מנדלז אספנה גאלטס פר,ES,עוגיות אוראו פאדג שוקולד חלב 246 גרם,גרמים,246.00,100 גרם,false,1,17.90,7.2764,true,1,119424
7622300495046,false,שוקולד מילקה אקסטרה קקאו 100 גרם,מנדלז דויצ'לנד סנקס,DE,מילקה שוקולד חלב עם אקסטרה קקאו 100 גרם,גרמים,100.00,100 גרם,false,1,7.50,7.5000,true,1,90971
7622300503079,false,"מילקה, עוגיות ביסקוויט מצופות שוקולד - 200 גרם",מונדלז פולסקה פרודקש,PL,מילקה מו עוגיות ביסקוויט בציפוי שוקולד 200 גר',גרמים,200.00,100 גרם,false,1,13.90,6.9500,true,1,77082
7622300617820,false,שוקלד מילקה טבלת חלב אוראו 100ג',מנדלז דויצ'לנד סנקס,PL,שוקולד חלב אוראו מילקה 100 גרם,גרמים,100.00,100 גרם,false,1,6.90,6.9000,true,1,90172
7622300756383,false,ממרח גבינת עם שוקולד מילקה פילדלפיה 175 ג',מונדלייז,DE,ממרח גבינה פילדלפיה עם ממרח שוקולד מילקה,גרמים,175.00,100 גרם,false,1,14.90,8.5143,true,1,149710
7622300756413,false,גבינת פילדלפיה 20% שומן עם תבלינים 175 ג',מונדלז דויצ'לנד פרוד,DE,פילדלפיה גבינת שמנת עם עשבי תיבול 20% שומן 175 גרם,גרמים,175.00,100 גרם,false,1,14.90,8.5143,true,1,120000
7622300761363,false,עוגיות מיני אוראו במילוי קרם בטעם שוקולד בכוס,פי.טי. מונדלז אינדונ,ID,אוראו מיני כוסות בטעם שוקולד 61.3 גרם,גרמים,67.00,100 גרם,false,1,6.90,10.2985,true,1,105923
7622400005190,false,שוקולד חלב נגיעות שוקולד לבן מילקה 100 ג,מנדלז דויצ'לנד סנקס,DE,שוקולד חלב חום לבן מילקה 100 גרם,גרמים,100.00,100 גרם,false,1,6.90,6.9000,true,1,60188
7630477891592,false,סטארבקס קפסולות קפה האוס בלנד 10 יחידות,סטארבקס Starbucks,CH,סטארבקס קפסולות האוס בלנד 57 גרם,גרמים,57.00,100 גרם,false,1,21.90,38.4211,true,1,152134
7630477891639,false,סטארבקס קפסולות קפה ורונה 10 יחידות,סטארבקס Starbucks,CH,סטארבקס קפסולות ורונה 55 גרם,גרמים,55.00,100 גרם,false,1,21.90,39.8182,true,1,152136
7630477891714,false,סטארבקס קפסולות קפה אספרסו 10 יחידות,סטארבקס Starbucks,CH,סטארבקס קפסולות אספרסו 57 גרם,גרמים,57.00,100 גרם,false,1,21.90,38.4211,true,1,152135
7630477891738,false,סטארבקס קפסולות קפה אספרסו בלונד 10 יחיד,סטארבקס Starbucks,CH,סטארבקס קפסולות אספרסו בלונד 53 גרם,גרמים,53.00,100 גרם,false,1,21.90,41.3208,true,1,152133
7702018271788,false,גילט דאו קליר גל 70 מל ספורט,פרוקטר אנד גמבל,PL,Gillette Clear Gel AP Deo Stick Triumph,ליטרים,70.00,ליטר,false,1,16.90,0.2414,true,1,91608
7702018978106,false,"ג'ילט - דאודורנט ג'ל לגבר ארטיק אייס 70 מ""ל",פרוקטר אנד גמבל,PL,Gillette Clear Gel AP Deo Stick Arctic I,ליטרים,70.00,ליטר,false,1,16.90,0.2414,true,1,55257
7702018978120,false,"ג'ילט - דאודורנט ג'ל לגבר קול וייב 70 מ""ל",פרוקטר אנד גמבל,PL,Gillette Clear Gel AP Deo Stick Cool Wav,מיליליטרים,70.00,"100 מ""ל",false,1,16.90,24.1429,true,1,55258
7702018980833,false,"ג'ילט ג'ל גילוח סירייס מועשר בלחות - 200 מ""ל",פרוקטר אנד גמבל,GB,"ג'ילט ג'ל גילוח סירייס מועשר בלחות 200 מ""ל",מיליליטרים,200.00,"100 מ""ל",false,1,13.90,6.9500,true,1,119664
7702018980932,false,"קצף גילוח לעור רגיש 200 מ""ל ג'ילט",קימברלי,GB,"קצף גילוח גילט לעור רגיש 200 מ""ל",מיליליטרים,200.00,"100 מ""ל",false,1,9.90,4.9500,true,1,156813
7702024258322,false,"חטיפי קרקר עם חיטה מלאה, צ'יה וזרעי פשתן פיטנס",נסטלה Nestle,CO,פיטנס חטיפי קרקר ציה ופישתן 234 גרם,גרמים,234.00,100 גרם,false,1,12.90,5.5128,true,1,146733
7702174068826,false,סוכריות לקקן במילוי טופי בטעמי יוגורט פירות,הדקלאים אגודת שיתופי,CO,"לקקן יוגטה בטעם פירות 12 יח """,גרמים,216.00,100 גרם,false,1,10.90,5.0463,true,1,90042
7702174070201,false,יוגטה מגיק סוכריות בטעם מסטיק ממולא טופי,הדקלאים אגודת שיתופי,EC,לקקן בטעם מסטיק ממולא טופי בטעם תות 216 גרם,גרמים,216.00,100 גרם,false,1,10.90,5.0463,true,1,90341
7702174073783,false,סוכריות על מקל בטעם קולה במילוי גומי לעיסה,הדקלאים אגודת שיתופי,CO,לקקן פין פופ קולה 10 יח' 180 גר',גרמים,180.00,100 גרם,false,1,10.90,6.0556,true,1,116281
7792860006218,false,סוכריות לקקנים בייבי דול Baby Doll לריטר,גוד פוד פרודקטס S.p,AR,"סוכריות בייבי דול, 24 גרם",גרמים,20.00,100 גרם,false,1,2.60,13.0000,true,1,9397
7792860009325,false,סוכריות בייבידול שקי,לריטייר ארגנטינה אס.,AR,סוכריות בייבידול שקית 90 גרם,מיליליטרים,90.00,"100 מ""ל",false,1,6.90,7.6667,true,1,143469
7798141877829,false,גאטו נגרו פינו גריגי,,AR,גאטו נגרו פינו גריגיו 750 מל,מיליליטרים,750.00,"100 מ""ל",false,1,36.90,4.9200,true,1,153043
7798141877836,false,גאטו נגרו סוביניון ב,,AR,גאטו נגרו סוביניון בלאן 750 מל,מיליליטרים,750.00,"100 מ""ל",false,1,36.90,4.9200,true,1,153044
7804414000860,false,יין דון חוליו קברנה סוביניון,צ'ילה לואיס פיליפה א,CL,דון חוליו יין 13.5% אדום יבש קברנה סובניון 2016,מיליליטרים,750.00,"100 מ""ל",false,1,32.90,4.3867,true,1,9400
7804414000877,false,יין דון חוליו מרלו 7,צ'ילה לואיס פיליפה א,CL,דון חוליו יין אדום יבש מרלו 2019,מיליליטרים,750.00,"100 מ""ל",false,1,32.90,4.3867,true,1,9401
7804414000884,false,יין שרדונה דון חוליו,צ'ילה לואיס פיליפה א,CL,דון חוליו יין 12% לבן יבש שרדונה 2017,מיליליטרים,750.00,"100 מ""ל",false,1,32.90,4.3867,true,1,9402
7804414001614,false,יין דון חוליו שיראז,צ'ילה לואיס פיליפה א,,דון חוליו יין 13% אדום חצי יבש שיראז 2017,מיליליטרים,750.00,"100 מ""ל",false,1,32.90,4.3867,true,1,31442
7804414001621,false,יין שיראז קאזה דה לואיג'י,קאסה די לואיג'י Casa di luigi,,"יין קאזה די לואיגי שיראז 750 מ""ל",מיליליטרים,750.00,"100 מ""ל",false,1,31.90,4.2533,true,1,31443
7804414012344,false,יין סוביניון בלאן דו,צ'ילה לואיס פיליפה א,,דון חוליו סוביניון בלאן 750 מל,מיליליטרים,750.00,"100 מ""ל",false,1,32.90,4.3867,true,1,116191
7804414012351,false,דון חוליו מלבק יין א,צ'ילה לואיס פיליפה א,CL,דון חוליו מלבק 750 מל,מיליליטרים,750.00,"100 מ""ל",false,1,32.90,4.3867,true,1,116192
7804414012368,false,דון חוליו יין רוזה ח,צ'ילה לואיס פיליפה א,CL,"דון חוליו, יין רוזה חצי יבש",מיליליטרים,750.00,"100 מ""ל",false,1,32.90,4.3867,true,1,119187
7804655050037,false,ענב שחור 125 גרם,חקלאי,IL,ענב שחור 125 גרם,גרמים,125.00,100 גרם,false,1,17.90,14.3200,true,1,144633
7840392000362,false,"פחם פרימיום 2 ק""ג",BRICAPER,,"פחם פרימיום 2 ק""ג",קילוגרמים,2.00,"ק""ג",false,1,19.90,9.9500,true,1,155005
7860001950048,false,פותחן שמן סט 5 יח,אודס,,פותחן שמן סט 5 יח,יחידה,1.00,יחידה,false,1,8.90,8.9000,true,1,93427
7860001950468,false,מקלף קמפוס,YIWO,,מקלף ירקות,יחידה,1.00,יחידה,false,1,6.90,6.9000,true,1,94405
7890557502477,false,כפכפי הווייאנס סלים,אלפרגאטאס,,כפכפי הוויאנס סלים זהב חלק 35-6,יחידה,1.00,יחידה,false,1,49.90,49.9000,true,1,119138
7890732316479,false,כפכפי הווייאנס סלים,אלפרגאטאס,,כפכפי הוויאנס סלים שחור חלק 35-6,יחידה,1.00,יחידה,false,1,49.90,49.9000,true,1,119144
7890732316486,false,כפכפי הווייאנס סלים,אלפרגאטאס,,כפכפי הוויאנס סלים שחור חלק 37-8,יחידה,1.00,יחידה,false,1,49.90,49.9000,true,1,119146
7891024030974,false,"קולגייט משחת שיניים טריפל אקשן 75 מ""ל",הנסיך- מפעל לייצור ט,BR,קולגייט משחת שיניים טריפל אקשן 75 מל,לא מנהל יחידת מידה,0.00,לא מנהל יחידת מידה,false,1,6.90,0.0000,true,1,113488
7891024124826,false,קולגייט משחת אופטיק ספרקלינג וייט 75מל,הנסיך- מפעל לייצור ט,BR,קולגייט משחת שיניים אופטיק וייט 75 מל,מיליליטרים,75.00,"100 מ""ל",false,1,23.90,31.8667,true,1,90503
7891024179482,false,"שטיפת פה קולגייט אופטיק וייט 500מ""ל",יבואן ומשווק: ש. שסט,PL,קולגייט מי פה אופטיק וייט 500 מל,מיליליטרים,500.00,"100 מ""ל",false,1,31.90,6.3800,true,1,90504
7891224864621,false,43/44 כפכפי הווייאנ,,,43/44 כפכפי הווייאנס ברזיל לוגו רויאל,יחידה,1.00,יחידה,false,1,69.90,69.9000,true,1,118743
7893249567075,false,כפכפי הווייאנס סלים,אלפרגאטאס,,כפכפי הוויאנס סלים חלק בלט 35-6,יחידה,1.00,יחידה,false,1,49.90,49.9000,true,1,119427
7893249567082,false,כפכפי הווייאנס סלים,אלפרגאטאס,,כפכפי הוויאנס סלים חלק בלט 37-8,יחידה,1.00,יחידה,false,1,49.90,49.9000,true,1,119428
7909690466833,false,כפכפי הווייאנס סלים,,,כפכפי הווייאנס סלים גלוס שחור 37-38,יחידה,1.00,יחידה,false,1,79.90,79.9000,true,1,155769
7909690466840,false,כפכפי הווייאנס סלים,,,כפכפי הווייאנס סלים גלוס שחור 39-40,יחידה,1.00,יחידה,false,1,79.90,79.9000,true,1,155770
8000020000365,false,"וורמוט צינזנו ביאנקו 750 מ""ל",דויד קמפרי,IT,צינזנו ורמוט לבן מתוק ביאנקו 750 מל,מיליליטרים,700.00,"100 מ""ל",false,1,44.90,6.4143,true,1,102070
8000040001106,false,"קמפרי 700 מ""ל כשל""פ",justrini & brooks,,"קמפרי 700 מ""ל",מיליליטרים,700.00,"100 מ""ל",false,1,109.90,15.7000,true,1,104323
8000040500012,false,"וויסקי בורבון ווילד טורקי 81 700 מ""ל",austln nickois,,"וויילד טרקי 81 בורבון 700 מ""ל",מיליליטרים,700.00,"100 מ""ל",false,1,134.90,19.2714,true,1,118569
8000070010680,false,קפסולות אספרסו לוואצה NCC מותאמות למכונו,לאוג'י לוואצה אס.פי.,IT,קפסולות אספרסו ויגורוסו 55 גרם,גרמים,55.00,100 גרם,false,1,16.90,30.7273,true,1,155497
8000070053472,false,קפסולות קרמה גוסטו קלאסיקו חוזק 12 57 ג' לוואצה,לואיג'י לוואצה,IT,קרמה גוסטו קלאסי קפסולות קפה אספרסו 10 57 גרם,גרמים,57.00,100 גרם,false,1,19.90,34.9123,true,1,157518
8000070053526,false,קפסולות קפה אספרסו רוסה דרגת חוזק 10,לווצה טורינו,IT,קואליטה רוסה קפסולות קפה אספרסו 10 57 גרם,גרמים,57.00,100 גרם,false,1,19.90,34.9123,true,1,157517
8000070081000,false,קפסולות קפה אספרסו הרמוניקו 8 10 יחידות,לאוג'י לוואצה אס.פי.,IT,קפסולות קפה הרמוניקו 50 גרם,גרמים,50.00,100 גרם,false,1,16.90,33.8000,true,1,155498
8000070081017,false,קפסולות קפה אספרסו דיצו 10 10 יחידות,לאוג'י לוואצה אס.פי.,IT,קפסולות דיצו 50 גרם,גרמים,50.00,100 גרם,false,1,16.90,33.8000,true,1,155499
8000070081109,false,קפסולות לוואצה ריקו נטולקפאין 6 נספרס 50,לאוג'י לוואצה אס.פי.,IT,קפסולות קפה ריקו נטול קפאין 50 גרם,גרמים,50.00,100 גרם,false,1,16.90,33.8000,true,1,155500
8000113003402,false,"קמח תירס בוואקום 1 ק""ג","כד בני דרום בע""מ",IT,קמח תירס בוואקום 1 קג,קילוגרמים,1.00,"ק""ג",false,1,14.90,14.9000,true,1,74615
8000193000452,false,"אורז ריזוטו ארבוריו 1 ק""ג (10)",,,אורז ריזוטו קמפיני 1 קג,קילוגרמים,1.00,"ק""ג",false,1,22.90,22.9000,true,1,125624
8000215204219,false,משקה אורז - אורגני 1 ליטר,בטר אנד דיפרנט,IT,משקה אורז אורגני 1 ליטר,ליטרים,1.00,ליטר,false,1,13.90,13.9000,true,1,69213
8000215204240,false,משקה שקדים ואורז - אורגני 1 ליטר,בטר אנד דיפרנט,IT,משקה שקדים ואורז אורגני 1 ליטר,ליטרים,1.00,ליטר,false,1,13.90,13.9000,true,1,69214
8000215204264,false,ויטריז - משקה אורז אישי אישי 200 גר,בטר אנד דיפרנט,IT,ויטריז משקה אורז אישי 200 מל,מיליליטרים,200.00,"100 מ""ל",false,1,4.90,2.4500,true,1,119836
8000215204271,false,ויטריז - משקה שקדים ואורז אישי 200 גר,"נטורפוד בע""מ",IT,"משקה אורז ושקדים ויטריז 200 מ""ל",מיליליטרים,200.00,"100 מ""ל",false,1,4.90,2.4500,true,1,103733
8000215204370,false,ויטריז לבישול תחל. שמנת צמחי אורגני 200,ויטריז,IT,תחליף שמנת צמחי לבישול אורגני ויטריז 200,מיליליטרים,200.00,"100 מ""ל",false,1,6.90,3.4500,true,1,119837
8000215204387,true,רוטב בשמל צמחי לבישו,כפרי בריא,IT,רוטב בשמל צמחי אורגני,מיליליטרים,500.00,"100 מ""ל",false,1,14.50,2.9000,true,1,119801
8000215204394,false,משקה אגוזי לוז ואורז אורגני 1 ליטר,בטר אנד דיפרנט,US,משקה אגוזי לוז ואורז אורגני 1 ליטר,ליטרים,1.00,ליטר,false,1,17.90,17.9000,true,1,101134
8000215204554,true,משקה אורז קוקוס אורג,בטר אנד דיפרנט,IT,ויטאריז אורז עם קוקוס אורגני 1 ליטר,ליטרים,1.00,ליטר,false,1,13.90,13.9000,true,1,119835
8000215204561,false,VITASI משקה שקדים אורגני 1 ליטר,בטר אנד דיפרנט,IT,ויטאסי משקה שקדים אורגני 1 ליטר,ליטרים,1.00,ליטר,false,1,16.90,16.9000,true,1,123018
8000215204653,false,משקה סויה ויטראריס 1,בטר אנד דיפרנט,IT,ויטסי - משקה סויה אורגני 1 ליטר,ליטרים,1.00,ליטר,false,1,11.90,11.9000,true,1,142931
8000215204677,false,משקה ש.שועל בריסטה אורגני 1 ליטר ויטריז,בטר אנד דיפרנט,IT,ויטריז משקה שיבולת שועל בריסטה אורגני 1ל,ליטרים,1.00,ליטר,false,1,13.90,13.9000,true,1,153856
8000215204714,false,משקה שיבולת שועל אורגני 1 ליטר PRIMAVENA,בטר אנד דיפרנט,IT,פרימאבנה משקה שיבולת שועל אורגני 1 ליטר,ליטרים,1.00,ליטר,false,1,13.90,13.9000,true,1,101135
8000300367836,false,שלגון קראנץ פופס,תאי פרזידנט פוד פאבל,IT,פופ קראנץ וניל 12*82גרם,גרמים,82.00,100 גרם,false,1,10.50,12.8049,true,1,114641
8000350001186,false,וישנזי מבחר עוגיות ב,Vicenzi S.p.A.,IT,וישנזי מבחר עוגיות במילואים וטעמים שונים 300 ג VIC,גרמים,300.00,100 גרם,false,1,19.90,6.6333,true,1,155759
8000350003821,false,וישנזי עוגיות שקדים,Vicenzi S.p.A.,IT,וישנזי עוגיות שקדים קנטונציני 225 ג VICENZI,גרמים,225.00,100 גרם,false,1,18.90,8.4000,true,1,155758
8000350004491,false,עוגיות ביס פריכות עם,MATILDE VICENZI,IT,וישנזי עוגיות ביס פריכות עם קרם חלבי 125 ג VICENZI,גרמים,125.00,100 גרם,false,1,10.90,8.7200,true,1,155752
8000350004781,false,עוגיות ביס פריכות עם,MATILDE VICENZI,IT,וישנזי עוגיות ביס פריכות עם קרם שוקולד 125 ג VICEN,גרמים,125.00,100 גרם,false,1,10.90,8.7200,true,1,155753
8000350007393,false,וישנזי עוגיות במילוי,MATILDE VICENZI,IT,וישנזי עוגיות במילוי קרם וניל 150 ג VICENZI,גרמים,150.00,100 גרם,false,1,11.90,7.9333,true,1,155755
8000380003723,false,גרנד פטיסרי עוגיות וופל אגוזים 100ג',קריניציה ויטמינה אס,IT,ופל גרנד פטיסרי אגוזים 100 גרם,גרמים,100.00,100 גרם,false,1,12.90,12.9000,true,1,9510
8000380003754,false,עוגיות וופל קפה קפוצ'ינו 100 גרם לואקר,"כד בני דרום בע""מ",IT,גרנד פטיסרי קפוצינו 100 גרם,גרמים,100.00,100 גרם,false,1,12.90,12.9000,true,1,122654
8000380003761,false,וופל גרנדה פטיסרי קוקוס שוקולד 100ג',קריניציה ויטמינה אס,IT,לואקר גרנד פטיסרי קוקוס 100 גרם,גרמים,100.00,100 גרם,false,1,12.90,12.9000,true,1,9511
8000380004669,false,וופל לואקר סנדוויץ קוביות ושוקולד 200ג',"א. לואקר, קונפקט ג'י",AT,ופל סנדויץ קקאו לואקר 200 גרם,גרמים,200.00,100 גרם,false,1,14.90,7.4500,true,1,59162
8000380004676,false,קוביות וופל סנדוויץ Sandwich עם וניל וחלב,"א. לואקר, קונפקט ג'י",AT,ופל סנדויץ קרם וניל לואקר 200 גרם,גרמים,200.00,100 גרם,false,1,14.90,7.4500,true,1,9512
8000380004881,false,וופל קוארדטיני לואקר קוביות טרמיסו 220ג',קריניציה ויטמינה אס,IT,ופל קואדרטיני טירמיסו 220 גרם,גרמים,220.00,100 גרם,false,1,14.90,6.7727,true,1,20557
8000380004911,false,קוביות וופל קואדרטיני Quadratini קרם אגוזים,קריניציה ויטמינה אס,AT,קוארדטיני אגוז 250 גר',גרמים,250.00,100 גרם,false,1,14.90,5.9600,true,1,9513
8000380004966,false,וופל קוארדטיני לואקר קוביות שוקולד 250ג',קריניציה ויטמינה אס,AT,קוארדטיני שוקולד 250 גר',גרמים,250.00,100 גרם,false,1,14.90,5.9600,true,1,9514
8000380007219,false,וופל לואקר אגוז קלאסי 175ג',ליימן מותגים,AT,לואקר קלאסיק אגוז 175 גרם,גרמים,175.00,100 גרם,false,1,10.90,6.2286,true,1,9515
8000380007257,false,וופל גרנדה מצופה שוקולד 200ג',קריניציה ויטמינה אס,IT,לואקר גרנדה אגוז 200 גר',גרמים,200.00,100 גרם,false,1,14.90,7.4500,true,1,9516
8000380007264,false,וופל לואקר קקאו 175 גרם,קריניציה ויטמינה אס,AT,לואקר קלאסיק קקאו 175 גרם,גרמים,175.00,100 גרם,false,1,10.90,6.2286,true,1,12710
8000380106028,false,טורטינה לואקר וופל שוקולד ואגוזים שישיה 125ג',קריניציה ויטמינה אס,IT,טורטינה 1/6 חדש,גרמים,125.00,100 גרם,false,1,22.90,18.3200,true,1,46011
8000380142484,false,קוביות וופל קואדרטיני Quadratini בטעם שוקולד מריר,"אינסטנטה בע""מ",AT,ופל קואדרטיני שוקולד מריר 250 גרם,גרמים,250.00,100 גרם,false,1,14.90,5.9600,true,1,59163
8000380144044,false,וופל גרדנה לואקר שוקולד 200ג',"א. לואקר , AG/SpA, ו",IT,וופל במילוי קרם שוקולד מצופה שוקולד חלב,גרמים,200.00,100 גרם,false,1,14.90,7.4500,true,1,46013
8000380148035,false,וופל אגוזי לוג שוקולד מריר גראן פטיסרי Gran Pasticceria,קריניציה ויטמינה אס,IT,לואקר גרנד פטיסרי מריר 100 גרם,גרמים,100.00,100 גרם,false,1,12.90,12.9000,true,1,115543
8000380152704,false,וופל אצבעות גרדנה חטיפי אגוז שוקו' 125גר,"אינסטנטה בע""מ",IT,לואקר אצבעות גרדנה בשקית-אגוז 125 גרם,גרמים,125.00,100 גרם,false,1,18.90,15.1200,true,1,81063
8000380152728,false,מארז חטיפי אצבעות גרנדה שוקולד 125 גרם,"אינסטנטה בע""מ",IT,לואקר אצבעות גרדנה בשקית-שוקולד 125 גרם,גרמים,125.00,100 גרם,false,1,18.90,15.1200,true,1,81362
8000380153442,false,לואקר קלאסיק טעם אגוז 90 גרם,ליימן שליסל,IT,ופל אגוז לואקר 90 גרם,גרמים,90.00,100 גרם,false,1,7.90,8.7778,true,1,91405
8000380153466,false,וופל לואקר שוקולד 90,קריניציה ויטמינה אס,IT,ופל שוקולד לואקר 90 גרם,גרמים,90.00,100 גרם,false,1,7.90,8.7778,true,1,91399
8000380154791,false,לואקר טורטינה שלישייה קלאסיק,קריניציה ויטמינה אס,IT,טורטינה אורגינל 21גר,גרמים,63.00,100 גרם,false,1,12.90,20.4762,true,1,108692
8000380154814,false,טורטינה מריר שלישיות,קריניציה ויטמינה אס,IT,טורטינה 1/3 מריר,גרמים,63.00,100 גרם,false,1,12.90,20.4762,true,1,110557
8000380155699,false,טורטינה 63ג' שוקולד לבן,קריניציה ויטמינה אס,IT,טורטינה 1/3 לבן,גרמים,63.00,100 גרם,false,1,12.90,20.4762,true,1,103193
8000380156009,false,לואקר ורד הדולמיטים שוקולד חלב 150 גר',קריניציה ויטמינה אס,IT,בונבוניירה ורד דולומיטים חלב 150 גרם,גרמים,150.00,100 גרם,false,1,23.90,15.9333,true,1,145655
8000380156573,false,לואקר בונבוניירה ורד הדולמיטים 150 גרם,קריניציה ויטמינה אס,IT,דולומיטים חלב 100ג,גרמים,150.00,100 גרם,false,1,23.90,15.9333,true,1,111362
8000380157440,false,שוקולד חלב עם וופל במילוי קרם אגוזי לוז,"אינסטנטה בע""מ",IT,שוקולד חלב אגוזים לואקר 80 גרם,גרמים,80.00,100 גרם,false,1,7.90,9.8750,true,1,117498
8000380158546,false,פרלינים וופל ושוקולד מריר לואקיני Loackini,"כד בני דרום בע""מ",IT,שוקולד לואקיני מריר 100 גרם,גרמים,100.00,100 גרם,false,1,14.90,14.9000,true,1,117799
8000380180721,false,לואקר וופל קקאו במילוי קרם חלבי 175 גר,קריניציה ויטמינה אס,AT,לואקר קלאסיק שוקו-חלב 175 גרם,גרמים,175.00,100 גרם,false,1,10.90,6.2286,true,1,113848
8000380180745,false,קוביות וופל קואדרטיני קקאו במילוי קר חלב,"א. לואקר, קונפקט ג'י",AT,ופל קואדרטיני שושו לבן 250 גרם,גרמים,250.00,100 גרם,false,1,14.90,5.9600,true,1,113785
8000380180837,false,וופל שוקולד לבן וקוקוס גראן פטיסרי Gran Pasticceria,"אינסטנטה בע""מ",IT,גרנד פטיסרי במילוי קרם קוקוס ובציפוי שוק,גרמים,100.00,100 גרם,false,1,12.90,12.9000,true,1,113777
8000380181032,false,"לואקר גרדנה חטיפי אצבעות אגוזים ושוקולד לבן, 125 גרם","אינסטנטה בע""מ",IT,לואקר אצבעות גרדנה בשקית-אגוז לבן 125 גר,גרמים,125.00,100 גרם,false,1,18.90,15.1200,true,1,122645
8000380184316,false,לואקר שוקולד חלב עם עליי וופל פריכים 80ג,"אינסטנטה בע""מ",IT,לואקר שוקולד חלב עם עלי וופל פריכים 80 גרם,גרמים,80.00,100 גרם,false,1,7.90,9.8750,true,1,117509
8000380187119,false,עוגיות במילוי קרם אגוזי לוז לואקר 100 גר,לואקר Loacker,AT,עוגיות לואקר אגוזי לוז,גרמים,100.00,100 גרם,false,1,15.90,15.9000,true,1,147981
8000380187249,false,עוגיות עם מילוי קרם שקדים ושוקולד חלב,לואקר Loacker,AT,עוגיות לואקר שקדים 100גרם,גרמים,100.00,100 גרם,false,1,15.90,15.9000,true,1,147982
8000380187300,false,עוגיות חמאה עם שוקולד חלב לואקר 120 גר,לואקר Loacker,AT,עוגיות לואקר פתיתי שלג 120גרם,גרמים,120.00,100 גרם,false,1,15.90,13.2500,true,1,147983
8000380189281,false,וופל מיני מיקס לואקר בשקית 210 גרם,ליימן מותגים,AT,לואקר מארז מיני מיקס 210 גרם,גרמים,210.00,100 גרם,false,1,24.90,11.8571,true,1,122652
8000380192588,false,קואדרטיני בטעם קקאו במילוי קרם קקאו,קריניציה ויטמינה אס,AT,קוארדטיני אגוז 250 גר',גרמים,250.00,100 גרם,false,1,14.90,5.9600,true,1,125848
8000380201525,false,חטיפי גרנד פטיסרי שישיה בטעם אגוזי לוז 126 ג' לואקר,ליימן מותגים,IT,לואקר פטיסרי אגוז 1/6 126,גרמים,126.00,100 גרם,false,1,21.90,17.3810,true,1,152297
8000380205523,false,וופל לואקר קלאסיק חמאת בוטנים 175 גר,ליימן מותגים,AT,לואקר חמאת בוטנים 175 גרם,גרמים,175.00,100 גרם,false,1,10.90,6.2286,true,1,155490
8000500009673,false,בונבוניירה פררו רושה 300 גרם,קדבורי,IT,בונבוניירה רושר 300 גרם,גרמים,300.00,100 גרם,false,1,49.90,16.6333,true,1,25402
8000500023624,false,חטיפי הפי היפו Happy Hippo במילוי קרם חלב וקקאו,קינדר Kinder,IT,קינדר הפי היפו קקאו 105 גר,גרמים,102.00,100 גרם,false,1,14.90,14.6078,true,1,46138
8000500023976,false,בונבוניירה רפאלו 150 גרם,פררו Ferrero,PL,כדור וופל בציפוי קוקוס פריך במילוי קרם ושקד שלם,גרמים,150.00,100 גרם,false,1,19.90,13.2667,true,1,9517
8000500026731,false,שוקולד ביצי הפתעה קינדר שלישייה,קינדר Kinder,IT,ביצת הפתעה קינדר שלישייה,גרמים,64.00,100 גרם,false,1,15.90,24.8438,true,1,9518
8000500029350,false,מארז וופל מצופה 3יח' *43 גרם קינדר בואנו,קינדר Kinder,PL,קינדר בואנו קלאסי שלישייה 129 גרם,גרמים,129.00,100 גרם,false,1,13.50,10.4651,true,1,9519
8000500032237,false,בונבוניירה פררו רושר 375 גר,פררו Ferrero,IT,פררו רושה 375 גרי,גרמים,375.00,100 גרם,false,1,46.90,12.5067,true,1,22066
8000500071083,false,אצבעות שוקולד קינדר Kinder שש עשרה יחידות,קינדר Kinder,IT,אצבעות שוקולד קינדר 200 גר,גרמים,200.00,100 גרם,false,1,12.90,6.4500,true,1,9522
8000500075708,false,ביצי שוקולד הפתעה קינדר ג'וי כחול בנים שלישיה,קינדר Kinder,ZA,שלישיית קינדר גוי כחול 60 גרםT3X32,גרמים,60.00,100 גרם,false,1,15.90,26.5000,true,1,100169
8000500094976,false,"בונבוניירה פררו רושר רושה קונוס, 212 גרם T17X4",רושר,IT,בונב.רושה קונוס 212 גרם,גרמים,212.00,100 גרם,false,1,39.90,18.8208,true,1,89270
8000500121436,false,מארז קינדר בואנו Kinder Bueno לבן שלוש יחידות,קינדר Kinder,PL,קינדר בואנו לבן שלישייה,גרמים,129.00,100 גרם,false,1,13.50,10.4651,true,1,83263
8000500126325,false,ביצי שוקולד הפתעה קינדר ג'וי ורוד בנות שלישיה,קינדר Kinder,ZA,קינדר ג'וי ורוד שלישייה,גרמים,60.00,100 גרם,false,1,15.90,26.5000,true,1,100170
8000500160466,false,פררו רושר קובייה 75 גרם,גוד פוד פרודקטס S.p,IT,פררו רושה מארז חג,גרמים,75.00,100 גרם,false,1,15.90,21.2000,true,1,126268
8000500164242,false,רפאלו 70 גרם קופסא עם פרח,קדבורי,PL,רפאלו 70 גרם,גרמים,70.00,100 גרם,false,1,12.90,18.4286,true,1,144509
8000500170359,false,ביצת הפתעה קינדר מקס,פררו,BE,ביצת הפתעה מקסי בנות 100גרם,גרמים,100.00,100 גרם,false,1,24.90,24.9000,true,1,154158
8000500227848,true,נוטלה בי רדי שישיה 1,קדבורי,IT,נוטלה בי רדי שישיה 132 גרם,גרמים,132.00,100 גרם,false,1,13.90,10.5303,true,1,122835
8000500247150,true,פררו קולקשיין 172 ג,קדבורי,DE,פררו קולקשיין 172 גרי,גרמים,172.00,100 גרם,false,1,29.90,17.3837,true,1,144508
8000500247167,false,פררו קולקשן - כדורי וופל מצופים 24 יחידו,פררו,DE,בונבוניירה פררו קולקשין 269 גרם,גרמים,269.00,100 גרם,false,1,49.90,18.5502,true,1,121955
8000500249352,false,קינדר בואנו מיני מיקס שקית 205 ג',קדבורי,PL,קינדר בואנו מיני מיקס,גרמים,205.00,100 גרם,false,1,21.90,10.6829,true,1,122841
8000500256213,false,קינדר שוקולד מיני בשקית.,קדבורי,IT,קינדר שוקולד מיני 120 גרם,גרמים,120.00,100 גרם,false,1,12.90,10.7500,true,1,144539
8000500267103,true,קינדר דליס עשיריה,קדבורי,IT,קינדר דליס עוגת ספוג קקאו במילוי חלבי 390 גרם,גרמים,390.00,100 גרם,false,1,20.90,5.3590,true,1,122834
8000500269169,false,קינדר קארדס Kinder Cards - חמישייה,קינדר Kinder,IT,קינדר קארדס חמישיה 128 גרם,גרמים,128.00,100 גרם,false,1,13.90,10.8594,true,1,156850
8000500374429,false,פררו גרנד רושה מעטפת שוקולד חלב 125 גרם,פררו,IT,מעטפת שוקולד חלב אגוזי לוז 100 גר,גרמים,100.00,100 גרם,false,1,14.90,14.9000,true,1,152299
8000698307575,false,בונ גואיל 235 ג FELETTI,SORINI-Holding Dolci,IT,בונ גואיל 235 ג FELETTI,גרמים,235.00,100 גרם,false,1,54.90,23.3617,true,1,152425
8000698463295,false,בונבוניירה אלודי 250 גר FELETTI,H.D.I,IT,בונ אלודי 250 ג FELETTI,גרמים,250.00,100 גרם,false,1,64.90,25.9600,true,1,149673
8000920704967,false,"שורטי צאנקי מנקי 150 מ""ל",מוצרי איכות אמריקאיי,IL,"גלידה שורטי צאנקי מאנקי 150 מ""ל",מיליליטרים,150.00,"100 מ""ל",false,1,10.90,7.2667,true,1,24399
8001003100218,false,סוכריות יוגטה ג'לי פירות 800 גר',תות ממתקי איכות,IT,"יוגטה סוכריות ג'לי בטעמי פירות, 800 גרם",גרמים,800.00,100 גרם,false,1,21.90,2.7375,true,1,116286
8001010033721,false,רוטב פסטו חדש 135 ג' PONTI,,,רוטב פסטו חדש 135 גרם PONTI,גרמים,135.00,100 גרם,false,1,13.90,10.2963,true,1,124254
8001090222725,true,הרבל אסנסס שמפו שמן,פרוקטר אנד גמבל,FR,"הרבל אסנסס שמפו שמן מורינגה 400 מ""ל",Unknown,0.00,Unknown,false,1,19.90,0.0000,true,1,142193
8001090705600,false,טמפקס קומפאק רגולר 1,פרוקטל אנד גמבל,HU,טמפקס קומפאק רגולר 18 יח,יחידה,18.00,יחידה,false,1,25.90,1.4389,true,1,157261
8001090705662,false,טמפקס קומפאק סופר 18,פרוקטל אנד גמבל,HU,טמפקס קומפאק סופר 18 יח,יחידה,18.00,יחידה,false,1,25.90,1.4389,true,1,157262
8001090705723,false,טמפקס קומפאק סופר פל,פרוקטל אנד גמבל,HU,טמפקס קומפאק סופר פלוס 18 יח,יחידה,18.00,יחידה,false,1,25.90,1.4389,true,1,157263
8001090721099,false,טבליות ג'ל לכביסה 3 ב-1 בניחוח אביב הרים,פרוקטר אנד גמבל,FR,אריאל קפסולות 27 יח,יחידה,1.00,יחידה,false,1,39.90,39.9000,true,1,126090
8001090721129,false,אריאל קפסולות גל לכביסה 3ב1 קולור 27 יח,פרוקטר אנד גמבל,FR,אריאל קפסולות לכביסה צבעונית,יחידה,1.00,יחידה,false,1,39.90,39.9000,true,1,126831
8001090745903,false,אבקת כביסה טייד פרש אלפיין 4 קג,פרוקטר אנד גמבל,TR,"אבקת כביסה טייד אלפיין 4 ק""ג",קילוגרמים,3.00,"ק""ג",false,1,36.90,12.3000,true,1,121349
8001090810083,false,פאנטן 500 מרכך נוסחה קלאסית,פרוקטר אנד גמבל,RO,"פנטן קונדישנר נוסחה קלאסית 500 מ""ל",מיליליטרים,500.00,"100 מ""ל",false,1,18.90,3.7800,true,1,121926
8001090810120,false,פנטן קונדישנר מרוקאי,פרוקטר אנד גמבל,RO,"פנטן קונדישנר מרוקאי משקם 500 מ""ל",מיליליטרים,500.00,"100 מ""ל",false,1,18.90,3.7800,true,1,121932
8001090810205,false,פאנטן 500 שמפו נוסחה קלאסית,פרוקטר אנד גמבל,RO,"פנטן שמפו נוסחה קלאסית 500 מ""ל",מיליליטרים,500.00,"100 מ""ל",false,1,18.90,3.7800,true,1,121925
8001090810281,false,"שמפו שמן מרוקאי משקם פנטן 500 מ""ל",פרוקטר אנד גמבל,RO,"פנטן שמפו שמן מרוקאי משקם 500 מ""ל",מיליליטרים,500.00,"100 מ""ל",false,1,18.90,3.7800,true,1,121931
8001090810403,false,פנטן שמפו למגע רך כמ,פרוקטר אנד גמבל,RO,"פנטן שמפו למגע רך כמשי 500 מ""ל",מיליליטרים,500.00,"100 מ""ל",false,1,18.90,3.7800,true,1,121923
8001090833167,false,גל כביסה אריאל בניחוח הרים 2.365 ליטר,פרוקטור אנד גמבל,FR,אריאל גל כביסה ניחוח הרים 2.365 ליטר,ליטרים,2.37,ליטר,false,1,36.90,15.5696,true,1,122919
8001090833198,false,אריאל נוזל כביסה 2.47 ליטר ניחוח מרענן,פרוקטור אנד גמבל,FR,אריאל ג'ל כביסה ניחוח מרענן 2.365 ליטר,ליטרים,2.37,ליטר,false,1,36.90,15.5696,true,1,122920
8001090899194,true,תחבושות אולוויז פלטי,פרוקטר אנד גמבל,DE,תחבושות אולוויז פלטינום רגולר 24 יח',יחידה,1.00,יחידה,false,1,18.90,18.9000,true,1,142205
8001090899224,true,תחבושות אולוויז פלטי,פרוקטר אנד גמבל,DE,תחבושות אולוויז פלטינום לונג 20 יח'',יחידה,1.00,יחידה,false,1,18.90,18.9000,true,1,142206
8001090899255,true,תחבושות אולוויז פלטי,פרוקטר אנד גמבל,DE,תחבושות אולוויז פלטינום לילה 16 יח',Unknown,0.00,Unknown,false,1,18.90,0.0000,true,1,142207
8001090988362,false,"שמפו לחות מוגברת פנטן 500 מ""ל","פרוקטר אנד גמבל, רומ",RO,"פנטן שמפו לחות מוגברת 500 מ""ל",מיליליטרים,500.00,"100 מ""ל",false,1,18.90,3.7800,true,1,121921
8001090988768,false,פנטן שמפו הזנת קרטין,פרוקטר אנד גמבל,,"פנטן שמפו הזנת קרטין 500 מ""ל",מיליליטרים,500.00,"100 מ""ל",false,1,18.90,3.7800,true,1,121933
8001090988843,false,"פנטן קונדישנר לחות מרכך מוגברת 500 מ""ל",פרוקטר אנד גמבל,RO,"פנטן קונדישנר לחות מוגברת 500 מ""ל",מיליליטרים,500.00,"100 מ""ל",false,1,18.90,3.7800,true,1,121922
8001090988881,false,מרכך פנטן קונדישנר למגע רך כמשי 500 מל,פרוקטר אנד גמבל,,"פנטן קונדישנר למגע רך כמשי 500 מ""ל",מיליליטרים,500.00,"100 מ""ל",false,1,18.90,3.7800,true,1,121924
8001090989000,false,פנטן מרכך הזנת קרטין,פרוקטר אנד גמבל,,"פנטן מרכך הזנת קרטין 500 מ""ל",מיליליטרים,500.00,"100 מ""ל",false,1,18.90,3.7800,true,1,121934
8001160001786,false,"משקה אנרגיה גטורייד ספורט כחול 500מ""ל",סאן בנדטו אס פי איי,IT,"משקה גטורייד בטעם פטל ,מופחת קלוריות.",מיליליטרים,500.00,"100 מ""ל",false,1,10.90,2.1800,true,1,89615
8001160001892,false,"משקה אנרגיה גטורייד ספורט תפוז אדום 500מ""ל",פארייפאבה אגרואינדוס,IT,גטורייד ספורט תפוז אדום בקבוק 500 תריסר,מיליליטרים,500.00,"100 מ""ל",false,1,10.90,2.1800,true,1,90779
8001505000160,true,מעדן דובדבנים אורגני,אף.סי תבליני בגליל ב,IT,פיור די פרוטה מעדן דובדבנים 250 גרם,גרמים,250.00,100 גרם,false,1,20.90,8.3600,true,1,126734
8001505000177,true,מעדן משמש אורגני ללא,אף.סי תבליני בגליל ב,IT,אורגניכ פארמינג מעדן משמש 250 גרם,גרמים,250.00,100 גרם,false,1,20.90,8.3600,true,1,126735
8001505000184,false,מעדן אוכמניות אורגני 250 גר FIORDIFRUTT,אף.סי תבליני בגליל ב,IT,אורגניכ פארמינג מעדן אוכמניות 260 גרם,גרמים,250.00,100 גרם,false,1,20.90,8.3600,true,1,99631
8001505000283,false,מעדן פטל אורגני 250 גר FIORDIFRUTTA,אף.סי תבליני בגליל ב,IT,מעדן פטל אורגני 250 גרם,גרמים,250.00,100 גרם,false,1,20.90,8.3600,true,1,99630
8001505000306,true,מעדן פירות יער אורגנ,אף.סי תבליני בגליל ב,IT,אורגניכ פארמינג מעדן פירות יער 250 גרם,גרמים,250.00,100 גרם,false,1,20.90,8.3600,true,1,126736
8001505000313,false,ממרח אגוזי לוז אורגני 270 גרם NICCIOLATA,ריג'וני דה אסינו,IT,ממרח אגוזי לוז אורגני 270 גרם ניקולטה,גרמים,270.00,100 גרם,false,1,22.90,8.4815,true,1,99633
8001505000498,true,מעדן לימון אורגני,ריג'וני דה אסיאגו,IT,מעדן לימון אורגני 250 גרם,גרמים,250.00,100 גרם,false,1,21.90,8.7600,true,1,126737
8001505000580,true,מעדן אפרסק אורגני,ריג'וני דה אסיאגו,IT,מעדן אפרסק אורגני 250 גרם,גרמים,250.00,100 גרם,false,1,21.90,8.7600,true,1,126739
8001505001105,true,ממרח אגוזי לוז אורגנ,אף.סי תבליני בגליל ב,IT,ממרח אגוזי לוז אורגני לא חלבי 270 גרם ני,גרמים,270.00,100 גרם,false,1,22.90,8.4815,true,1,119762
8001505001785,false,ממרח אגוזי לוז לבן אורגני 270 גרם,ריגוני די אסיי ישראל,IT,ממרח 30% אגוזי לוז,גרמים,270.00,100 גרם,false,1,21.90,8.1111,true,1,142903
8001505002850,false,נוציולטה ממרח אגוזי לוז אורגני 700 גרם,ריג'וני דה אסינו,IT,ממרח אגוזי לוז אורגני,גרמים,700.00,100 גרם,false,1,49.90,7.1286,true,1,142211
8001620011935,false,מים מינרלים מוגזים שישייה בקבוק אישי,אקווה מינרלה סאן בנד,IT,סן בנדטו מוגז 500 מל שישייה,ליטרים,3.00,ליטר,false,1,15.90,5.3000,true,1,84949
8001620015612,false,"משקה פירות פרוטה-גזר תפוז לימון 400 מ""ל סאן בנדטו",אקווה מינרלה סאן בנד,IT,משקה פירות פרוטה בטעם תפוז גזר לימון,מיליליטרים,400.00,"100 מ""ל",false,1,8.50,2.1250,true,1,150127
8001620015636,false,"משקה פירות פרוטה-מיקס פירות 400 מ""ל סאן בנדטו",אקווה מינרלה סאן בנד,IT,משקה פירות פרוטה בטעם מיקס פירות,מיליליטרים,400.00,"100 מ""ל",false,1,8.50,2.1250,true,1,150128
8001620019160,false,"סן בנדטו אפרסק 400 מ""ל 12 יח'",אקווה מינרלה סאן בנד,IT,"סן בנדטו אפרסק 400 מ""ל",מיליליטרים,400.00,"100 מ""ל",false,1,8.50,2.1250,true,1,156624
8001620019177,false,"סן בנדטו ענבים 400 מ""ל 12 יח'",אקווה מינרלה סאן בנד,IT,סן בנדטו ענבים 400,מיליליטרים,400.00,"100 מ""ל",false,1,8.50,2.1250,true,1,156625
8001720421016,false,פנתוני 750 ג BAULI,BAULI,IT,פנתוני 750 ג BAULI,גרמים,750.00,100 גרם,false,1,59.90,7.9867,true,1,135491
8001780499307,false,דובדבני אמרנה בסירופ,פאברי Fabbri,IT,דובדבני אמרנה 230 גרם FABBRI,גרמים,230.00,100 גרם,false,1,23.90,10.3913,true,1,143446
8001841237657,false,מגן תחתון אולוויז פר,פרוקטר & גמבל,DE,מגן תחתון אולוויז פרש נורמל 72 יח,יחידה,72.00,יחידה,false,1,18.90,0.2625,true,1,156020
8001841625188,false,סבון כלים פלטינום לימון X3 פעולות להסרת שומנים,פרוקטר אנד גמבל,GB,"פיירי פלטינום לימון החדש 515 מ""ל",מיליליטרים,515.00,"100 מ""ל",false,1,9.90,1.9223,true,1,145537
8001841716596,false,"הד אנד שולדרס ג'ל רחצה ושמפו מרענן 360 מ""ל","נארז ע""י : א.ג. גילר",FR,"הד שולדרס גל רחצה ושמפו מרענן 360 מ""ל",מיליליטרים,360.00,"100 מ""ל",false,1,19.90,5.5278,true,1,152188
8001841722481,false,אולוויז מגן תחתון פלקסי סטייל נורמל 54 יח',פרוקטר & גמבל,DE,מגן תחתון אולוויז פרש נורמל 54 יח,יחידה,54.00,יחידה,false,1,14.90,0.2759,true,1,156021
8002230000012,false,מארז משקה קוקטייל אפ,אלכוהול (איי.בי.בי),,ליקר אפרול בקבוק 1 ליטר,ליטרים,1.00,ליטר,false,1,114.90,114.9000,true,1,118571
8002270436581,true,סן פלגרינו פלסטיק מו,סן פלגרינו,IT,"סן פלגרינו מוגז פלסטיק 500 מ""ל 24 יחידות",ליטרים,3.00,ליטר,false,1,32.90,10.9667,true,1,140353
8002270846472,false,מים סאן פלגרינו פלסט 500 מל,סן-פלגרינו,IT,"סן פלגרינו מוגז פלסטיק 500 מ""ל 24 יחידות",מיליליטרים,500.00,"100 מ""ל",false,1,6.20,1.2400,true,1,92171
8002450006559,false,יין קאסה די לואיג'י שרדונה,קאסה די לואיג'י Casa di luigi,,"יין קאזה די לואיגי שרדונה 750 מ""ל",מיליליטרים,750.00,"100 מ""ל",false,1,31.90,4.2533,true,1,9556
8002450206508,false,יין קברנה קאזה דה לו,קאסה די לואיג'י Casa di luigi,,"יין קאזה די לואיגי ק.סוביניון 750 מ""ל",מיליליטרים,750.00,"100 מ""ל",false,1,31.90,4.2533,true,1,9557
8002450206522,false,יין קאזה די לואיגי מ,קאסה די לואיג'י Casa di luigi,,"יין קאזה די לואיגי מרלו 750 מ""ל",מיליליטרים,750.00,"100 מ""ל",false,1,31.90,4.2533,true,1,9559
8002450409206,false,יין ורדי אפרסק כשלפ,איטליה בוסקה,IT,ורדי ספרקלטיני אפרסק 750 מל,מיליליטרים,750.00,"100 מ""ל",false,1,29.90,3.9867,true,1,144845
8002450609200,false,יין ורדי רימונים כשל,"איי, בי, אינבוו",IT,"ורדי רימונים כשר לפסח 750 מ""ל",מיליליטרים,750.00,"100 מ""ל",false,1,29.90,3.9867,true,1,144844
8002503213682,false,חטיפי גבינת גרנה פדנ,"אמבורסי, איטליה",FR,חטיף גרנה פדנו 80גרם,גרמים,80.00,100 גרם,false,1,25.90,32.3750,true,1,154358
8002920016903,false,LADORIA עגבניות מרוס,,IT,LADORIA עגבניות מרוסקות שלישיה 400גרם,גרמים,400.00,100 גרם,false,3,15.90,3.9750,true,1,154633
8002960500165,false,רוטב פומודורינה 830,MENU,IT,רוטב פומודורינה 830גרם MENU,גרמים,830.00,100 גרם,false,1,26.90,3.2410,true,1,144746
8003007800484,false,פסטה צוקה 4 טעמים 500 גרם,,IT,פסטה צוקה טעמים 500 גרם,גרמים,500.00,100 גרם,false,1,14.90,2.9800,true,1,48582
8003007800712,false,פסטה פיורי פרחים 4 טעמים 500 גרם,,IT,פסטה פיורי פרחים 4 טעמים 500 גרם,גרמים,500.00,100 גרם,false,1,14.90,2.9800,true,1,48584
8003007800842,false,פסטה קונצינטלי 4 טעמים 500 גרם,,IT,פסטה קונקיליוני צבעוני 500 גרם,גרמים,500.00,100 גרם,false,1,14.90,2.9800,true,1,48585
8003007810001,false,פסטה פנטה 4 טעמים 500 גרם,,IT,פסטה פנטה 4 טעמים 500 גרם,גרמים,500.00,100 גרם,false,1,14.90,2.9800,true,1,48586
8003007816683,false,פסטה טראלורו ארמוניק,,IT,פסטה ארמוניקה 4 טעמים 500 גרם,גרמים,500.00,100 גרם,false,1,14.90,2.9800,true,1,115630
8003007817918,false,פסטה טראלורו לומקוני,,IT,פסטה לומקוני 4 טעמים 500 גרם,גרמים,500.00,100 גרם,false,1,14.90,2.9800,true,1,107888
8003007825661,false,פסטה פנטזיה חצי מטר,,IT,פסטה פנטזיה חצי מטר 1 קג,קילוגרמים,1.00,"ק""ג",false,1,39.90,39.9000,true,1,155043
8003115851705,false,עוגת פינטא פנתוני קל,PINETA,IT,פינטא פנתוני קלאסיק 500 ג PINETA,גרמים,500.00,100 גרם,false,1,37.90,7.5800,true,1,148411
8003115852047,false,עוגת פינטא פנטוני קל,BAULI,IT,פינטא פנתוני קלאסיק 908 גרם,גרמים,908.00,100 גרם,false,1,59.90,6.5969,true,1,157490
8003115852603,false,עוגת פינטא פנדורו קל,PINETA,IT,פינטא פנדורו קלאסיק 750 ג PINETA,גרמים,750.00,100 גרם,false,1,54.90,7.3200,true,1,148412
8003340091280,false,בונבוניירת לינדור Lindor שוקולד מריר,לינדט ושפרונגלי קילש,IT,לינדט לינדור כדורי שוקולד מריר 200 ג',גרמים,200.00,100 גרם,false,1,34.90,17.4500,true,1,59005
8003385312104,false,עגבניות קוביות אנטונ,אנטונלה,IT,עגבניות קוביות אנטונלה שלישייה 400גרם,גרמים,400.00,100 גרם,false,3,14.90,3.7250,true,1,153360
8003385312944,false,אנטונלה רוטב לפסטה 6,אנטונלה,IT,אנטונלה רוטב לפסטה 680 גרם,גרמים,680.00,100 גרם,false,1,14.90,2.1912,true,1,153358
8003753158587,false,אילי קפסולות אספרסו פורטה 10 יח' 57 גרם,ג'ייקובס דאו אגרבטס,FR,קפסולות קפה פורטה,גרמים,57.00,100 גרם,false,1,19.90,34.9123,true,1,144825
8003753158617,false,אילי קפסולות אספרסו לונגו קלאסיקו 10 יח' 57 גרם,ג'ייקובס דאו אגרבטס,FR,קפסולות קפה לונגו,גרמים,57.00,100 גרם,false,1,19.90,34.9123,true,1,144826
8003753158648,false,אילי קפסולות אספרסו אינטנסו 10 יח' 57 גר',ג'ייקובס דאו אגרבטס,FR,קפסולות קפה אינטנסו,גרמים,57.00,100 גרם,false,1,19.90,34.9123,true,1,144824
8004030022010,false,ירקות גינה עם טונה ריו מרה אינסלטיסימי 160 ג',"בולטון אלימנטרי בע""מ",IT,ריו מר ירקות גינה עם טונה 160 גרם,גרמים,160.00,100 גרם,false,1,18.50,11.5625,true,1,111800
8004030026018,false,"מקסיקני עם טונה ריו מרה אינסלטיסימי, 160 ג'","בולטון אלימנטרי בע""מ",IT,ריו מרה ירקות בנוסח מקסיקני עם טונה 160 גרם,גרמים,160.00,100 גרם,false,1,18.50,11.5625,true,1,111799
8004030044005,false,נתחי טונה בשמן זית ריו מרה 160 ג',"בולטון אלימנטרי בע""מ",IT,ריו מרה טונה בשמן זית 160 ג,גרמים,160.00,100 גרם,false,1,18.50,11.5625,true,1,9652
8004030081024,false,נתחי טונה עם שום ופלפל אדום ריו מרה 160 ג',"בולטון אלימנטרי בע""מ",IT,ריו מר נתחי טונה בהירה בשמן זית ופלפל 160 גרם,גרמים,160.00,100 גרם,false,1,18.50,11.5625,true,1,9654
8004030102033,false,טונה בשמן זית עם מיץ לימון ופלפל שחור - מארז 3 יח',בולטון אלימנטרי,IT,ריו מרה טונה בשמן עם לימון ופלפל 80*3 ג,גרמים,240.00,100 גרם,false,3,27.90,11.6250,true,1,124064
8004030344938,false,ריו מרה טונה בשמן זית 80 גרם*שלישייה,"בולטון אלימנטרי בע""מ",IT,ריו מרה נתחי טונה בהירה בשמן זית 240 גרם,גרמים,240.00,100 גרם,false,1,27.90,11.6250,true,1,114168
8004030845046,false,טונה עם ירקות בתוספת עם אורז ריו מרה אינסלטיסימי 160 ג',בולטון אלימנטרי,IT,טונה ריו מרה ירקות ו אינסלטיסימי 160 גרם,גרמים,160.00,100 גרם,false,1,18.50,11.5625,true,1,126333
8004030860001,false,ירקות עם קוקוס וטונה ריו מרה אינסלטיסימי 160 ג',"בולטון אלימנטרי בע""מ",IT,ריו מר ירקות עם קוסקוס וטונה 160 גרם,גרמים,160.00,100 גרם,false,1,18.50,11.5625,true,1,114049
8004123004893,true,Basso-שמן מתובל בטעם,באסו,IT,Basso-שמן מתובל בטעם פטריות כמהין 250 מל,מיליליטרים,250.00,"100 מ""ל",false,1,29.90,11.9600,true,1,141986
8004160660304,false,"פרנגיליקו ליקר 700 מ""ל",דויד קמפרי,IT,פרנג'ליקו ליקר אגוזים 700 מל,מיליליטרים,700.00,"100 מ""ל",false,1,114.90,16.4143,true,1,51402
8004360041712,false,קערה 26 סמ,,,קערה 26 סמ,יחידה,1.00,יחידה,false,1,69.90,69.9000,true,1,144453
8004690050507,false,פסטה פטוציני מוליסאנ,למוליזנה,IT,פסטה איטלקית פטוציני 500 גרם LM,גרמים,500.00,100 גרם,false,1,8.90,1.7800,true,1,142257
8004690052044,false,פסטה פנה זיטי ריגטה,למוליזנה,IT,פסטה איטלקית פנה זיטי ריגטה 500 גרם LM,גרמים,500.00,100 גרם,false,1,8.90,1.7800,true,1,101371
8004690052600,false,פסטה איטלקית קונכיות,למוליזנה,IT,פסטה איטלקית קונכיות ניוקי 500 גרם LM,גרמים,500.00,100 גרם,false,1,7.90,1.5800,true,1,142258
8004690052846,false,פסטה פוסילי למוליזנה,למוליזנה,IT,פסטה איטלקית פוזילי 500 גרם LM,גרמים,500.00,100 גרם,false,1,8.90,1.7800,true,1,101372
8004690053195,false,פסטה ריגטוני מוליסאנ,למוליזנה,IT,פסטה איטלקית ריגטוני 500 גרם LM,גרמים,500.00,100 גרם,false,1,8.90,1.7800,true,1,101373
8004690053225,false,פסטה מזי ריגטוני מול,למוליזנה,IT,פסטה איטלקית מזי ריגטוני 500 גרם LM,גרמים,500.00,100 גרם,false,1,8.90,1.7800,true,1,142256
8004690055601,false,לה מוליזנה פסטה איטל,למוליזנה,IT,פסטה איטלקית צינסי 500 גרם LM,גרמים,500.00,100 גרם,false,1,7.90,1.5800,true,1,142261
8004690057308,false,פסטה רדיאטורי מוליסא,למוליזנה,IT,פסטה איטלקית רדיאטורי 500 גרם LM,גרמים,500.00,100 גרם,false,1,8.90,1.7800,true,1,142259
8004690058008,false,פסטה גמלי מוליסאנא 5,למוליזנה,IT,פסטה איטלקית גמלי 500 גרם LM,גרמים,500.00,100 גרם,false,1,8.90,1.7800,true,1,142253
8004690106600,false,פסטה פראפלה מוליסאנא,למוליזנה,IT,פסטה איטלקית פרפאלה 500 גרם LM,גרמים,500.00,100 גרם,false,1,8.90,1.7800,true,1,102071
8004708036516,false,אורגנו במטחנה 12 גר ארומה דה טוסקנה,דרוגריה ואלימנטרי אס,IT,אורגנו ים תיכוני מטחנה 35 גר,Unknown,0.00,Unknown,false,1,15.00,0.0000,true,1,95118
8004800000064,false,לאגו פלאסיר- גלילי ופל קרם קקאו בציפוי ש.חלב - 100 ג',לאגו,IT,לאגו גלילי ופל במילוי קרם קקאו בציפוי שו,גרמים,100.00,100 גרם,false,1,12.90,12.9000,true,1,156851
8004800000071,false,לאגו פלאסיר- גלילי ופל במילוי קרם אגוזי לוז שוקולד חלב - 100 ג',לאגו,IT,לאגו גלילי ופל במילוי קרם אגוזי לוז בציפ,גרמים,100.00,100 גרם,false,1,12.90,12.9000,true,1,156852
8004800004802,false,גלילי וופל לאגו פלאסיר קרם דומדמניות 100,לאגו,IT,לאגו גלילי ופל מילוי קרם דומדמניות ציפוי,גרמים,100.00,100 גרם,false,1,12.90,12.9000,true,1,156853
8004800004819,false,וופלים לאגו פלאסיר שוקולד חלב 110 גר,לאגו,IT,לאגו וופל מצופה שוקו חלב קרם פסיפלורה וא,גרמים,110.00,100 גרם,false,1,12.90,11.7273,true,1,156854
8004800004826,false,לאגו פלאסיר - וופלים במילוי קרם קוקוס שוקולד מריר - 98ג,לאגו,IT,לאגו פלאסיר וופלים במילוי קרם קוקוס בציפ,גרמים,98.00,100 גרם,false,1,12.90,13.1633,true,1,156855
8004800005502,false,וופל מיני רול גלילי ופל במילוי קרם קקאו- 125 ג' לאגו,לגו גרופ ס.פ.א.,IT,לאגו מיני רול גלילי ופל במילוי קרם קקאו,גרמים,125.00,100 גרם,false,1,11.90,9.5200,true,1,156856
8004800005519,false,וופל רול גלילי במילוי קרם אגוזי לוז- 125 ג' לאגו,לגו גרופ ס.פ.א.,IT,לאגו מיני רול גלילי ופל במילוי קרם אגוזי,גרמים,125.00,100 גרם,false,1,11.90,9.5200,true,1,156857
8004800005526,false,וופל מיני רול גלילי ופל במילוי קרם קוקוס- 125 ג' לאגו,לגו גרופ ס.פ.א.,IT,לאגו מיני רול גלילי ופל במילוי קרם קוקוס,גרמים,125.00,100 גרם,false,1,11.90,9.5200,true,1,156858
8005110002243,false,רכז עגבניות Doppio Concentr בשפופרת 185 ג' MUTTI,"איי, בי, אינבוו",IT,רכז עגבניות בשפורפרת Doppio MUTTI 185,גרמים,185.00,100 גרם,false,1,7.50,4.0541,true,1,147460
8005110170300,false,עגבניות מרוסקות חתוכות מוטי MUTTI שלישיה *400,מוטי Mutti,IT,שלישיית עגבניות מרוסקות 400 גר MUTTI,גרמים,400.00,100 גרם,false,1,17.90,4.4750,true,1,115952
8005110171215,false,עגבניות חתוכות 690 POLPAPEZZI ג' (כחול) MUTTI,"איי, בי, אינבוו",IT,קוביות עגבניות מקולפות במיץ,גרמים,690.00,100 גרם,false,1,14.90,2.1594,true,1,124251
8005110180002,true,קטשופ איטלקי 340 ג,,,קטשופ איטלקי 340 ג,Unknown,0.00,Unknown,false,1,8.90,0.0000,true,1,135547
8005110191015,false,רסק עגבניות ובזיליקום 700 ג' (ירוק) MUTTI,"איי, בי, אינבוו",IT,מחית עגבניות קלה עם בזיליקום בתוספת מלח,גרמים,700.00,100 גרם,false,1,14.90,2.1286,true,1,126824
8005110550508,true,שימורי עגבניות שרי,,,שימורי עגבניות שרי,Unknown,0.00,Unknown,false,1,9.90,0.0000,true,1,124252
8005110551253,false,רוטב לפיצה להכנת פיצה איטלקית קלאסית,"איי, בי, אינבוו",IT,רוטב לפיצה 400 גרם MUTTI,גרמים,400.00,100 גרם,false,1,8.90,2.2250,true,1,145987
8005200256587,false,משקה תה בטעם אפרסק 1.5ל' NESTEA,מפעל סאנפלגרינו S.P.,IT,נסטי אפרסק 1.5 ליטר,ליטרים,1.50,ליטר,false,1,11.50,7.6667,true,1,153582
8005200286584,false,משקה תה בטעם מנגו אננס 1.5 ל' NESTEA,מפעל סאנפלגרינו S.P.,IL,נסטי מנגו אננס 1.5 ליטר,ליטרים,1.50,ליטר,false,1,11.50,7.6667,true,1,153583
8005200316588,false,משקה תה דיאט בטעם אפרסק 1.5ל' NESTEA,מפעל סאנפלגרינו s.p.,IL,נסטי דיאט אפרסק 1.5 ליטר,ליטרים,1.50,ליטר,false,1,11.50,7.6667,true,1,153584
8005469981602,false,פילה אנשובי איטלקי ש.חמניות 80 גר SCALIA,בנדטו סקילה,,פילה אנשובי איטלקי שמן חמניות 75 גרם,גרמים,75.00,100 גרם,false,1,15.90,21.2000,true,1,111582
8005803010357,false,גריסיני קלאסי עם שמן זית ומלח 125 גר,"אינסטנטה בע""מ",IT,גריסיני קלאסי 125 גרם,גרמים,125.00,100 גרם,false,1,8.90,7.1200,true,1,114212
8005803010371,false,מקלות גריסיני עם רוזמרין,"אינסטנטה בע""מ",IT,גריסיני רוזמרין 125 גרם,גרמים,125.00,100 גרם,false,1,8.90,7.1200,true,1,114223
8005803010586,false,מקלות גריסיני בטעם פיצה,"הוסטה איטליה, ס.ר.ל.",IT,מקלות אפויים בטעם פיצה,גרמים,125.00,100 גרם,false,1,8.90,7.1200,true,1,114213
8005803010661,false,אמור די פאן - שומשום 125 גרם,"הוסטה איטליה, ס.ר.ל.",IT,גריסיני שומשום 125 גרם,גרמים,125.00,100 גרם,false,1,8.90,7.1200,true,1,114214
8006227001372,false,סמנצאטו לחם לבן שמן זית ללא קשה 400 גר,רו. מאר ס.ר.ל,IT,סמנצאטו לחם מחמצת לבן משמן זית 400 גרם ל,גרמים,250.00,100 גרם,false,1,18.90,7.5600,true,1,152922
8006227001389,false,סמנצאטו לחם מלא שמן זית ללא קשה 400 גר,רו. מאר ס.ר.ל,IT,סמנצאטו לחם מחמצת קמח לבן משמן זית 400 ג,גרמים,250.00,100 גרם,false,1,18.90,7.5600,true,1,152923
8006423162501,false,SORINIמטבעות רשת 25,HDI Holding Dolciari,IT,SORINIמטבעות רשת 25 ג,גרמים,25.00,100 גרם,false,1,3.90,15.6000,true,1,153065
8006423162556,false,מטבעות שוקולד ברשת 50 גרם SORINI,סוריני,IT,SORINI שקית מטבעות שוקולד 50 גרם,גרמים,50.00,100 גרם,false,1,4.90,9.8000,true,1,153066
8006423460034,false,בונבוניירה סוריני קרימי 184 גר,הולדינג דולסיירה,IT,בונבונירה קרימי SORINI,גרמים,184.00,100 גרם,false,1,59.90,32.5543,true,1,135590
8006423461055,false,בונבוניירה בקבוק 280 גר FUEGO SORINI,SORINI-Holding Dolci,IT,בקבוק שוקולד סורינטה 280 גרם,גרמים,280.00,100 גרם,false,1,41.90,14.9643,true,1,141135
8006423461987,false,בונבוניירה סילין 300 גרם SORINI,הולדינג דולסיירה,IT,בונבונירה סילין SORIN,גרמים,300.00,100 גרם,false,1,42.90,14.3000,true,1,135591
8006423462397,false,בונבוניירה לב מיוחד 475 גר SORINI,SORINI,IT,בונ לב מיוחד 475 ג SORINI,גרמים,475.00,100 גרם,false,1,69.90,14.7158,true,1,149674
8006423463097,false,גלגל קריסמיס גארלנד,SORINI-Holding Dolci,IT,גלגל קריסמיס גארלנד 188גרם,גרמים,188.00,100 גרם,false,1,59.90,31.8617,true,1,141137
8006423466388,false,בונבוניירה תיק זהב/כסף 150 גר SORINI,SORINI-Holding Dolci,IT,בונ תיק גליטר זהב/ כסף 150 ג SORINI,גרמים,150.00,100 גרם,false,1,41.90,27.9333,true,1,152423
8006423466524,false,תיבת דואר קריסמס 300 ג SORINI,HDI Holding Dolciari,IT,תיבת דואר קריסמס 300 ג SORINI,גרמים,300.00,100 גרם,false,1,52.90,17.6333,true,1,153063
8006423468801,true,SORINI TIFFI,,,SORINI TIFFI,Unknown,0.00,Unknown,false,1,34.90,0.0000,true,1,139141
8006540019672,false,נוזל כלים פיירי פלטי,פרוקטר & גמבל,GB,נוזל כלים פיירי פלטינום 700 מל,מיליליטרים,700.00,"100 מ""ל",false,1,11.90,1.7000,true,1,156807
8006540592434,true,תחבושות אולוויז נורמ,פרוקטר,DE,תחבושות אולוויז נורמל פלוס 28 יח,יחידה,28.00,יחידה,false,1,18.90,0.6750,true,1,155341
8006540592465,false,אולוויז תחבושות לונג 24 יח,פרוקטר,DE,תחבושות אולוייז כפול לונג פלוס 24 יח,יחידה,24.00,יחידה,false,1,18.90,0.7875,true,1,155316
8006540592496,false,תחבושות אולוויז אולטרא כפול לילה 20 יח,פרוקטר,DE,תחבושות אולוייז כפול לילה 20,יחידה,20.00,יחידה,false,1,18.90,0.9450,true,1,155317
8007178120310,false,חומץ בלסמי ד'מודנה Giacobazzi,פטורייה ג'יאקובאזי ס,IT,"חומץ בלסמי ממודנה 500 מ""ל",מיליליטרים,500.00,"100 מ""ל",false,1,21.90,4.3800,true,1,9708
8007178223547,false,קרם מצומצם עם חומץ בלסמי ממודנה,פארייפאבה אגרואינדוס,IT,קרם בלסמי מצומצם ממודנה 250 מל,מיליליטרים,250.00,"100 מ""ל",false,1,24.90,9.9600,true,1,107951
8007270999012,false,שמן גרעיני ענבים 1 ליטר,קוסטה דיאורו,IT,שמן גרעיני ענבים 1 ליטר קוסטה דאורו,ליטרים,1.00,ליטר,false,1,46.90,46.9000,true,1,115856
8008245004847,false,ממרח מובנפיק אגוזי ל,נאטקו,IT,מובנפיק ממרח שוקולד ואגוזי לוז 300 גרם,גרמים,300.00,100 גרם,false,1,15.90,5.3000,true,1,149894
8008245004861,false,ממרח חלב עם אגוזי לוז 300ג M?venpick,יבואן ומשווק: ש. שסט,IT,מובנפיק ממרח חלב עם אגוזי לוז 300 גרם,גרמים,300.00,100 גרם,false,1,15.90,5.3000,true,1,149895
8008429299120,false,בונבוניירה פרמידה קר,SWEETITALY,IT,בונ פירמידה קריסמס 200 ג LA SUISSA,גרמים,200.00,100 גרם,false,1,39.90,19.9500,true,1,153064
8008660210014,false,מעדן ריבה מנץ אנד גאססר משמש 300 גר,קריניציה ויטמינה אס,IT,מעדן משמש מנז אנד גאסר,גרמים,300.00,100 גרם,false,1,15.90,5.3000,true,1,113142
8008660210021,false,מעדן ריבה מנץ אנד גאססר דובדבן 300 גר,שוורצקוף& הנקל דיסלד,IT,מנז אנד גאסר מעדן דובדבן 320 גרם,גרמים,300.00,100 גרם,false,1,15.90,5.3000,true,1,113143
8008660210038,false,מעדן ריבה מנץ אנד גאססר תות שדה 300 גר,קריניציה ויטמינה אס,IT,מאנס גאסר מעדן ריבה תות שדה 300 גרם,גרמים,300.00,100 גרם,false,1,15.90,5.3000,true,1,113140
8008660210045,false,מעדן ריבה מנץ אנד גאססר פירות יער 300 גר,שוורצקוף& הנקל דיסלד,IT,"מנז אנד גאסר, מעדן פירות יער 300 גרם",גרמים,300.00,100 גרם,false,1,15.90,5.3000,true,1,113141
8008698002049,false,קרקרים עגולים ללא גלוטן,ס.ר.ל פוסטל,IT,קרקר ללא גלוטן ללא לקטוז,גרמים,175.00,100 גרם,false,1,23.90,13.6571,true,1,99643
8008698003503,false,עוגיות שיבולת שועל עם צימוקים 250 גר,"דר שר ס.ר.ל פוסטל, א",IT,"ליב, קרקר ללא גלוטן",גרמים,210.00,100 גרם,false,1,25.90,12.3333,true,1,118484
8008698004630,false,עוגיות דבל שוקולד 250 גרם,ס.ר.ל פוסטל,DE,עוגיות ממולאות קקאו 250 גרםschar,גרמים,250.00,100 גרם,false,1,29.90,11.9600,true,1,102640
8008698004807,false,תערובת קמחים לאפיית לחם ל.גלוטן 1020קג,ס.ר.ל פוסטל,AT,"קמח MIX B לאפיית לחמים 1 ק""ג",קילוגרמים,1.00,"ק""ג",false,1,31.90,31.9000,true,1,79231
8008698005231,false,עוגיות סנדוויץ בטעם שוקולד ממולאות קרם חלב ללא גלוט,שר Schar,IT,עוגיות שוקולד שר ללג 165גרם,גרמים,165.00,100 גרם,false,1,22.90,13.8788,true,1,146242
8008698005347,false,ביסקוטי מצופות שוקולד ללא גלוטן 150 ג',שר Schar,IT,ביסקוטי שוקולד שר ללג 150גרם,גרמים,150.00,100 גרם,false,1,17.90,11.9333,true,1,146243
8008698008157,false,שר עוגיות שוקולד במילוי קרם שמנת ללא גלוטן 100 גר',דר שר ס.ר.ל פוסטל,IT,עוגיות ממולאות קרם וניל ללא גלוטן 100 גר,גרמים,100.00,100 גרם,false,1,13.90,13.9000,true,1,81577
8008698012857,false,שר ביסקוויט פתי בר חמאה ללא גלוטן 165 ג',ס.ר.ל פוסטל,IT,ביסקוויט ללא גלוטן 165 גרם,גרמים,165.00,100 גרם,false,1,18.90,11.4545,true,1,116671
8008698013021,false,עוגיות ללא גלוטן עם שבבי שוקולד מריר,דר שר פוסטל,IT,עוגיות ללא גלוטן עם שבבי שוקולד מריר,גרמים,100.00,100 גרם,false,1,13.90,13.9000,true,1,116679
8008698024065,false,לחם ללא גלוטן פאן בלנקו 250 גר,schar,IT,"פאן בלנקו לחם לל""ג 250 גרם שר",גרמים,250.00,100 גרם,false,1,18.90,7.5600,true,1,123537
8008698024140,false,לחם ללא גלוטן פאן מולטי גראנו 250 גר,schar,DE,פאן מולטי גראנו 250 גרם שר,גרמים,250.00,100 גרם,false,1,18.90,7.5600,true,1,123538
8008698024188,false,לחם ללא גלוטן פאן רוסטיקו 250 גר,schar,DE,"פאן רוסטיקו לחם לל""ג 250 גרם שר",גרמים,250.00,100 גרם,false,1,18.90,7.5600,true,1,123536
8008920150104,false,למברוסקו אמראדורי אד,דונלי גאטטיקו,,"למברוסקו אמראדורי אדום חצי יבש 750 מ""ל",מיליליטרים,750.00,"100 מ""ל",false,1,26.90,3.5867,true,1,66381
8008920150111,false,למברוסקו אמראדורי רו,דונלי,IT,אמרדורי למברוסקו רוזה 750 מל,מיליליטרים,750.00,"100 מ""ל",false,1,26.90,3.5867,true,1,66382
8008920150128,false,למברוסקו אמראדורי לב,דונלי גאטטיקו,,"למברוסקו אמראדורי לבן חצי יבש 750 מ""ל",מיליליטרים,750.00,"100 מ""ל",false,1,26.90,3.5867,true,1,66383
8009149000119,false,"קמח תירס מולינו פיילה - פולנטה 1 ק""ג",פוקולוקו,IT,"קמח תירס פולנטה 1 ק""ג",קילוגרמים,1.00,"ק""ג",false,1,14.90,14.9000,true,1,89934
8009915004150,false,ביסקוויט מקמח תירס שוקולד אגוזים 250 גר,מולינו דה פירו,IT,ביסקוויט מקמח תירס שוקולד ואגוזים250 גרם,גרמים,250.00,100 גרם,false,1,17.90,7.1600,true,1,135658
8009915004167,false,ביסקוויט מקמח תירס עם קוקוס 250 גרם,מולים די פיירו ס.פ.א,IT,ביסקוויט מקמח תירס בטעם קוקוס250 גרם,גרמים,250.00,100 גרם,false,1,17.90,7.1600,true,1,135659
8009915004204,false,ביסקוויט מקמח תירס בטעם מעודן 300 גרם,מולינו דה פירו,IT,ביסקוויט מקמח תירס קלאסי250 גרם,גרמים,250.00,100 גרם,false,1,17.90,7.1600,true,1,135660
8009915004211,false,ביסקוויט מקמח תירס שוקולד ציפס 250 גרם,מולינו דה פירו,IT,ביסקוויט מקמח תירס עם שוקולד ציפס 250,גרמים,250.00,100 גרם,false,1,17.90,7.1600,true,1,156627
8009915008905,false,מיני גריסיני ל.גלוטן עם שמן זית 250 גרם,מולינו דה פירו,IT,מיני גריסיני ללג שמן זית 250 גרם,גרמים,250.00,100 גרם,false,1,17.90,7.1600,true,1,115629
8009915008912,false,מיני גריסיני ללא גלוטן עם זרעי צ'יה ושומשום 250,מולינו דה פירו,,מיני גריסיני ללג זרעי ציה ושומשום 250 ג,גרמים,250.00,100 גרם,false,1,17.90,7.1600,true,1,115626
8009915008950,false,מיני גריסיני ל.גלוטן עם רוזמרין 250 גרם,מולינו דה פירו,,מיני גריסני ללג עם רוזמרין 250 גרם,גרמים,250.00,100 גרם,false,1,17.90,7.1600,true,1,115388
8010024006010,false,חמאת שקדים 100% 350 גרם השקד,תות תעשיות מזון (201,IT,חמאת שקדים,גרמים,350.00,100 גרם,false,1,39.90,11.4000,true,1,115689
8013108003509,false,בונבוניירה מיקס שוקולד 160 גר CAFFAREL,CAFFAREL,IT,בונ כרית מיקס שוקולדים 160 ג CAFFAREL,גרמים,160.00,100 גרם,false,1,28.90,18.0625,true,1,149664
8013108003523,false,בונבוניירה אגוזי פיימונטה 165 ג CAFFAREL,CAFFAREL,IT,בונ קורנט אגוזי פיימונטה 165 ג CAFFAREL,גרמים,165.00,100 גרם,false,1,28.90,17.5152,true,1,149666
8013108003530,false,בונבוניירה קרמיני 165 גר CAFFAREL,CAFFAREL,IT,בונ קורנט קרמיני 165 ג CAFFAREL,גרמים,165.00,100 גרם,false,1,28.90,17.5152,true,1,149667
8013108003547,false,בונבוניירה נוציולאטו 165 גר CAFFAREL,CAFFAREL,IT,בונ קורנט נוציולאטו 165 ג CAFFAREL,גרמים,165.00,100 גרם,false,1,28.90,17.5152,true,1,149665
8013108005312,false,בונבוניירה קורנט קרמ,Lindt & Spr?ngli AG,IT,בונ קורנט קרמינו מריר 165 ג CAFFAREL,גרמים,165.00,100 גרם,false,1,29.90,18.1212,true,1,155751
8013108005329,false,בונ קורנט פיימונטה מריר 165 ג CAFFAREL,Lindt & Spr?ngli AG,IT,בונ קורנט פיימונטה מריר 165 ג CAFFAREL,גרמים,165.00,100 גרם,false,1,29.90,18.1212,true,1,155750
8016867002646,true,מגן תחתון ארוך במיוח,corman,IT,מגן תחתון ארוך במיוחד,Unknown,0.00,Unknown,false,1,19.90,0.0000,true,1,135681
8016867007030,false,פדיות קוסמטיות אורגניק ביוטי 70 יח,CMC Gmbh,TR,פדיות קוסמטיות - אורגניק ביוטי,לא מנהל יחידת מידה,0.00,לא מנהל יחידת מידה,false,1,14.90,0.0000,true,1,119992
8016867008976,false,טמפונים עם מוליך רגולר אורגניק,COTTON HITEC,DE,טמפון עם מוליך רוגלר 100% כותנה אורגנית,לא מנהל יחידת מידה,0.00,לא מנהל יחידת מידה,false,1,32.90,0.0000,true,1,119967
8016867009904,true,טמפון אורגניק סופר+,ontex,DE,"טמפונים ללא מוליך, סופר פלוס",לא מנהל יחידת מידה,0.00,לא מנהל יחידת מידה,false,1,29.90,0.0000,true,1,135683
8016867009928,false,טמפונים ללא מוליך רגולר אורגניק,ontex,DE,"טמפונים ללא מוליך, רגולר",לא מנהל יחידת מידה,0.00,לא מנהל יחידת מידה,false,1,29.90,0.0000,true,1,119965
8016867009935,false,תחבושות דקות 03 לזרימה מוגברת אורגניק,corman,IT,תחבושות דקות עם כנפיים לספיגה מוגברת.,לא מנהל יחידת מידה,0.00,לא מנהל יחידת מידה,false,1,29.90,0.0000,true,1,120980
8016867009942,false,תחבושות דקות 02 לזרימה רגילה אורגניק,corman,IT,תחבושות דקות עם כנפיים,לא מנהל יחידת מידה,0.00,לא מנהל יחידת מידה,false,1,29.90,0.0000,true,1,120979
8017938005122,false,ביוטרנטינו חומץ תפוח,מריה לוצ'יה מלצ'יורי,IT,חומץ תפוחים אורגני 750 מל,מיליליטרים,750.00,"100 מ""ל",false,1,19.90,2.6533,true,1,99640
8019428009054,false,מעדן סויה אורגני וני,The Bridge S.R.L,IT,מעדן סויה אורגני וניל רביעיה 440גרם,גרמים,440.00,100 גרם,false,1,16.90,3.8409,true,1,155836
8019428009108,false,מעדן שיבולת שועל וני,דה ברידג' ס.ר.ל,IT,מעדן שיבולת שועל אורגני -וניל 130*2 ג,גרמים,260.00,100 גרם,false,1,10.90,4.1923,true,1,155840
8022470213386,true,דרגה שקד חלב 500 ג,,,דרגה שקד חלב 500 ג,Unknown,0.00,Unknown,false,1,35.90,0.0000,true,1,135723
8022470213393,true,דרגה שקד מריר 500 ג,,,דרגה שקד מריר 500 ג,Unknown,0.00,Unknown,false,1,35.90,0.0000,true,1,135724
8022470213416,true,דרגה לוז חלב 500 ג,,,דרגה לוז חלב 500 ג,Unknown,0.00,Unknown,false,1,35.90,0.0000,true,1,135725
8022470213423,true,דרג לוז מריר 500ג,,,דרג לוז מריר 500ג,Unknown,0.00,Unknown,false,1,35.90,0.0000,true,1,135726
8022470213478,true,דרגה דודבן חלב 500ג,,,דרגה דודבן חלב 500ג,Unknown,0.00,Unknown,false,1,35.90,0.0000,true,1,135727
8022470213485,true,דרגה דובדבן מריר 500,,,דרגה דובדבן מריר 500,Unknown,0.00,Unknown,false,1,35.90,0.0000,true,1,135728
8022470213515,true,דרגה צימוק מריר 500ג,,,דרגה צימוק מריר 500ג,Unknown,0.00,Unknown,false,1,29.90,0.0000,true,1,135729
8022470213522,true,דרזה לבן צימוקים,,,דרזה לבן צימוקים,Unknown,0.00,Unknown,false,1,29.90,0.0000,true,1,139153
8022470221329,true,דרגה אגוזי לוז בשוקו,,,דרגה אגוזי לוז בשוקו,Unknown,0.00,Unknown,false,1,35.90,0.0000,true,1,135730
8022470222630,false,דרג'ה פולי קפה מריר,ITALIANA CONFETTI,IT,MAX PRIדרגה פולי קפה מריר 500גרם,גרמים,500.00,100 גרם,false,1,35.90,7.1800,true,1,152410
8022470226348,false,MAX דרגה פקאן מריר 5,ITALIANA CONFETTI,BE,MAX דרגה פקאן מריר 500 ג PRISCO,גרמים,500.00,100 גרם,false,1,39.90,7.9800,true,1,149672
8022470226379,false,דרגיה קשיו מריר 500 גר PRISCO MAX,ITALIANA CONFETTI,IT,MAX דרגה קשיו מריר 500 ג PRISCO,גרמים,500.00,100 גרם,false,1,35.90,7.1800,true,1,149670
8022470226386,false,MAX דרגה קשיו לבן 50,ITALIANA CONFETTI,BE,MAX דרגה קשיו לבן 500 ג PRISCO,גרמים,500.00,100 גרם,false,1,35.90,7.1800,true,1,149671
8022470226478,true,דרזה לבן קליפות תפוז,,,דרזה לבן קליפות תפוז,Unknown,0.00,Unknown,false,1,29.90,0.0000,true,1,139155
8022470242959,false,MAX דרגה שומשום חלב,ITALIANA CONFETTI,IT,MAX דרגה שומשום חלב 500 ג PRISCO,גרמים,500.00,100 גרם,false,1,29.90,5.9800,true,1,149668
8022470245066,false,MAX PRISCOדרגה דגנים,ITALIANA CONFETTI,IT,MAX PRISCOדרגה דגנים תות שדה 500גרם,גרמים,500.00,100 גרם,false,1,29.90,5.9800,true,1,152403
8022470245493,false,MAX PRISCOדרגה קוקוס,ITALIANA CONFETTI,IT,MAX PRISCOדרגה קוקוס בשוקולד חלב500גר,גרמים,500.00,100 גרם,false,1,29.90,5.9800,true,1,152405
8022470253115,false,MAX PRIדרגה אגוז מלך,ITALIANA CONFETTI,IT,MAX PRIדרגה אגוז מלך שוקולד חלב500גרם,גרמים,500.00,100 גרם,false,1,35.90,7.1800,true,1,152408
8022470253122,false,MAX PRIדרגה אגוז מלך,ITALIANA CONFETTI,IT,MAX PRIדרגה אגוז מלך שוקולד מריר 500גרם,גרמים,500.00,100 גרם,false,1,35.90,7.1800,true,1,152407
8022470253139,false,MAX PRIדרגה אגוז מלך,ITALIANA CONFETTI,IT,MAX PRIדרגה אגוז מלך שוקולד לבן500גרם,גרמים,500.00,100 גרם,false,1,35.90,7.1800,true,1,152409
8022470253559,false,MAX פארטי עדשים עם בוטנים 250 ג PRISCO,ITALIANA CONFETTI,IT,פארטי עדשים עם בוטנים 250גרם,גרמים,250.00,100 גרם,false,1,14.90,5.9600,true,1,152391
8023492000091,true,סטיק גנדויה חלב אגוז,,,סטיק גנדויה חלב אגוז,Unknown,0.00,Unknown,false,1,15.90,0.0000,true,1,135738
8023492000237,false,סטיק נוגט טורונה שקד,די.גי 3 דולצאריה ס.ר,IT,סטיק נוגט טורונה עם שקדים ופיסטוקים 150 ג DG3,גרמים,150.00,100 גרם,false,1,15.90,10.6000,true,1,155730
8023492000336,true,סטיק שוקולד מריר אגו,,,סטיק שוקולד מריר אגו,Unknown,0.00,Unknown,false,1,15.90,0.0000,true,1,135739
8023492000671,false,סטיק שוקולד מריר אגוזים ותפוז 150 ג DG 3,די.גי 3 דולצאריה ס.ר,IT,סטיק שוקולד מריר עם אגוזים וקוביות תפוז 150 ג DG3,גרמים,150.00,100 גרם,false,1,15.90,10.6000,true,1,155733
8023492000695,false,סטיק שוקולד מריר אגוזים וקפה 150 גר DG 3,Dg3 dolciaria,IT,סטיק שוקולד גנדויה עם אגוזים ופולי קפה 150 ג DG3,גרמים,150.00,100 גרם,false,1,15.90,10.6000,true,1,155731
8023492003665,false,סטיק שוקולד גנדויה ע,Dg3 dolciaria,IT,סטיק שוקולד גנדויה עם אגוזים וצימוקים 150 ג DG3,גרמים,150.00,100 גרם,false,1,15.90,10.6000,true,1,155732
8023492004341,false,שוקולד גיאנדויה פיסט,די.גי 3 דולצאריה ס.ר,IT,סטיק גיאנדויה חלב עם פיסטוקים ושקדים 150 ג DG3,גרמים,150.00,100 גרם,false,1,15.90,10.6000,true,1,155734
8023492004495,false,טבלת שוקולד חלב אגוזי לוז 225 גר DJ3,Dg3 dolciaria,IT,טב שוק חלב עם אגוזי לוז 225 ג DG3,גרמים,225.00,100 גרם,false,1,13.90,6.1778,true,1,155725
8023492004501,false,טבלת שוקולד מריר אגוזי לוז 225 גר DJ3,Dg3 dolciaria,IT,טב שוק מריר עם אגוזי לוז 225 ג DG3,גרמים,225.00,100 גרם,false,1,13.90,6.1778,true,1,155726
8023492004518,false,טבלת שוקולד מריר שקדים 225 גר DJ3,Dg3 dolciaria,IT,טב שוק מריר עם שקדים 225 ג DG3,גרמים,225.00,100 גרם,false,1,13.90,6.1778,true,1,155728
8023492004525,false,טבלת שוקולד מריר חמוציות 225 גר DJ3,Dg3 dolciaria,IT,טב שוק מריר עם חמוציות 225 ג DG3,גרמים,225.00,100 גרם,false,1,13.90,6.1778,true,1,155727
8024985000086,false,מחית תפוח בננה 100% פרי 200 ג נטורה נובה,"נטורפוד בע""מ",IT,נטורה נובה מחית תפוח בננה 100% אורגני 200 גרם,גרמים,200.00,100 גרם,false,1,10.90,5.4500,true,1,99650
8024985002783,true,מחית סמוזי גזר דלעת,נטורה נובה,IT,מחית סמוזי גזר דלעת 100 גרם,גרמים,100.00,100 גרם,false,1,5.90,5.9000,true,1,119849
8024985002912,false,סמוזי אגס בטטה 100 גר נטורה נובה,נטורה נובה,IT,סמוזי תפוח אגס בטטה אורגני נטורה 100 גרם,גרמים,100.00,100 גרם,false,1,5.90,5.9000,true,1,123022
8024985002943,false,סמוזי נטורה נובה תפוח אננס קוקוס 100 גרם,נטורה נובה,IT,סמוצ'י תפוח אננס קוקוס אורגניים,גרמים,100.00,100 גרם,false,1,5.90,5.9000,true,1,126764
8024985002950,false,סמוזי שזיף אורגני 100 גרם,נטורה נובה,IT,סמוצ'י תפוח בננה תרד אורגניים,גרמים,100.00,100 גרם,false,1,5.90,5.9000,true,1,126763
8024985002967,false,סמוזי נטורה נובה בננה תרד 100 גרם,נטורה נובה,IT,נטורה נובה סמוזי בננה תרד 100 גרם,גרמים,100.00,100 גרם,false,1,5.90,5.9000,true,1,126765
8024985003988,false,סמוזי תפוח בננה 100 גר נטורה נובה,נטורה נובה,IT,סמוצ'י תפוח בננה אורגניים 100 גרם,גרמים,100.00,100 גרם,false,1,5.90,5.9000,true,1,115816
8024985005234,false,סמוזי נטורה נובה סמוצי תפוח מנגו 100 גרם,נטורה נובה,IT,סמוצ'י תפוח אפרסק מנגו אורגניים 100 גרם,גרמים,100.00,100 גרם,false,1,5.90,5.9000,true,1,115821
8024985008037,false,סמוזי נטורה נובה סמוצי תפוח 100 גרם,"נטורפוד בע""מ",IT,סמוצ'י תפוחים אורגניים 100 גרם,גרמים,100.00,100 גרם,false,1,6.20,6.2000,true,1,104135
8024985008044,false,סמוזי נטורה נובה סמוצי אגס 100 גרם,"נטורפוד בע""מ",IT,סמוצ'י אגסים אורגניים 100 גרם,גרמים,100.00,100 גרם,false,1,6.20,6.2000,true,1,104134
8024985008051,false,סמוזי נטורה נובה סמוצי פירות אדומים 100,"נטורפוד בע""מ",IT,סמוצ'י פירות אדומים אורגניים 100 גרם,גרמים,100.00,100 גרם,false,1,6.20,6.2000,true,1,104133
8024985011204,false,סמוזי תפוח תות בננה 100 גר נטורה נובה,נטורה נובה,IL,נטורה נובה - סמוזי תפוח תות בננה 100 גרם,גרמים,350.00,100 גרם,false,1,5.90,1.6857,true,1,154554
8032685196787,false,עגבניות אורגניות חתוכות 400 גרם SOLANIA,פתח תקווה,IT,עגבניות אורגניות חתוכות סולוניה 400 גרם,גרמים,400.00,100 גרם,false,1,6.90,1.7250,true,1,78025
8032804430471,false,פליסיה פסטה סדניני עדשים אורגני 250 גרם,אף.סי תבליני בגליל ב,IT,פסטה מקמח עדשים אדומות פליסיה 250 גרם,גרמים,250.00,100 גרם,false,1,14.90,5.9600,true,1,115710
8032804430501,false,פליסיה פסטה פוזילי אפונה אורגני 250 גרם,אף.סי תבליני בגליל ב,IT,פסטה מקמח אפונה ירוקה פליסיה 250 גרם,גרמים,250.00,100 גרם,false,1,14.90,5.9600,true,1,115709
8032804430761,false,לזניה עדשים צהובות פליסיה 250 גרם,אף.סי תבליני בגליל ב,IT,לזניה עדשים צהובות אורגני פליסיה 250גרם,גרמים,250.00,100 גרם,false,1,18.90,7.5600,true,1,123009
8032804430785,false,ספגטי עדשים צהובות פליסיה 250 גרם,אף.סי תבליני בגליל ב,IT,ספגטי עדשים צהובות אורגני פליסיה 250גרם,גרמים,250.00,100 גרם,false,1,16.90,6.7600,true,1,123008
8032804430846,false,פליסיה פוזילי חומוס אורגני 250 גרם,אנדריאני,IT,100% חומוס אורגני בצורת אטריות 250 גרם,גרמים,250.00,100 גרם,false,1,15.90,6.3600,true,1,126774
8032804431287,true,ספגטי אורז מלא-פליסי,אף.סי תבליני בגליל ב,IT,ספגטי אורז מלא-פליסי,Unknown,0.00,Unknown,false,1,15.90,0.0000,true,1,135754
8032804432024,true,לזניה אורז תירס אורג,אף.סי תבליני בגליל ב,IT,לזניה אורז תירס אורגני 250 גרם,גרמים,250.00,100 גרם,false,1,19.90,7.9600,true,1,119817
8032804432031,true,פסטה פנה אורז מלא או,אף.סי תבליני בגליל ב,IT,אטריות אורז מלא אורגניות ללא גלוטן 340 גרם,גרמים,340.00,100 גרם,false,1,13.90,4.0882,true,1,119850
8032804435636,true,פסטה פוזילי 4 דגנים,מולינו אנדריאני,IT,פסטה פוזילי 4 דגנים ללא גלוטן 340 גרם,גרמים,340.00,100 גרם,false,1,13.90,4.0882,true,1,119851
8032880800243,false,פיקניק הפתעה 50 גרם-איגוד רבנים,"הוסטה איטליה, ס.ר.ל.",IT,פיקניק הפתעה - אגוזי לוז ומקלות אפויים,גרמים,50.00,100 גרם,false,1,10.50,21.0000,true,1,45925
8033020445973,false,"PIVETTI קמח 00 לכל מטרה 1 ק""ג",פיווטי Pivetti,IT,"קמח\ Antigrumi 1 ק""ג PIVETTI",קילוגרמים,1.00,"ק""ג",false,1,7.90,7.9000,true,1,143447
8033102690062,false,וישנזי עוגיות במילוי,Vicenzi S.p.A.,IT,וישנזי עוגיות במילוי קרם שוקולד 150 ג VICENZI,גרמים,150.00,100 גרם,false,1,11.90,7.9333,true,1,155756
8033102690079,false,וישנזי עוגיות במילוי,Vicenzi S.p.A.,IT,וישנזי עוגיות במילוי קרם אגוזי לוז 150 ג VICENZI,גרמים,150.00,100 גרם,false,1,11.90,7.9333,true,1,155754
8033102690086,false,וישנזי עוגיות במילוי,Vicenzi S.p.A.,IT,וישנזי עוגיות במילוי קרם לימון 150 ג VICENZI GRIS,גרמים,150.00,100 גרם,false,1,11.90,7.9333,true,1,155757
8034097872730,false,פנתוני גנדויה 750 גר,BAULI,IT,פנתוני גנדויה 750 גרם,גרמים,750.00,100 גרם,false,1,74.90,9.9867,true,1,157497
8034097876424,false,עוגת פנתוני קלאסית 7,BAULI,IT,פנתוני קלאסיק 700 גרם,גרמים,700.00,100 גרם,false,1,59.90,8.5571,true,1,157500
8052440756315,false,שמן קנולה אורגני 1 ליטר נטורפוד,תות תעשיות מזון (201,IT,נטור פוד שמן קנולה אורגני בכבישה קרה 1 ליטר,ליטרים,1.00,ליטר,false,1,34.90,34.9000,true,1,99694
8076800195019,false,ברילה - צ.א ספגטי מס1 קפליני 500 גרם,ברילה גי.אי.אר פרטלי,IT,ברילה קפליני ספגטי מס' 1 500 גרם,גרמים,500.00,100 גרם,false,1,6.90,1.3800,true,1,21996
8076800195033,false,ברילה - צ.א ספגטיני מס3 חדש 500 גרם,ברילה גי.אי.אר פרטלי,IT,ברילה ספגטי מספר 3 500 גרם,גרמים,500.00,100 גרם,false,1,6.90,1.3800,true,1,9874
8076800195057,false,ברילה - צ.א ספגטי מס5 חדש 500 גרם,ברילה גי.אי.אר פרטלי,IT,ברילה ספגטי מס' 5 500 גרם,גרמים,500.00,100 גרם,false,1,6.90,1.3800,true,1,9875
8076800195132,false,ברילה - צ.א בבטה מס13 500 גרם,ברילה גי.אי.אר פרטלי,IT,ברילה ספגטי בבטה מספר 13,גרמים,500.00,100 גרם,false,1,6.90,1.3800,true,1,9876
8076802085738,false,ברילה - צ.ק פנה רגטה חדש 500 גרם,ברילה גי.אי.אר פרטלי,IT,ברילה פנה רגטה מס 73 500 גרם,גרמים,500.00,100 גרם,false,1,6.90,1.3800,true,1,9881
8076802085837,false,ברילה - צ.ק טורטליוני מס83 500 גרם,הנסיך- מפעל לייצור ט,IT,פסטה ברילה טורטיליוני מס 83 500 גרם,גרמים,500.00,100 גרם,false,1,6.90,1.3800,true,1,9882
8076802085936,false,ברילה פסטה צ.ק. קונצילה ריגטה חדש,ברילה גי.אי.אר פרטלי,IT,ברילה פסטה פתיתים - קונצילה ריגטה 500 גרם,גרמים,500.00,100 גרם,false,1,6.90,1.3800,true,1,9884
8076802085981,false,ברילה - צ.ק פוזילי חדש 500 גרם,ברילה גי.אי.אר פרטלי,IT,ברילה פסטה פתיתים פוזילי 500 גרם,גרמים,500.00,100 גרם,false,1,6.90,1.3800,true,1,9885
8076808050440,true,ברילה מקרוני 44,גי. אי. אר. פרטלי ס.,IT,פסטה מקרוני 500 גרם,Unknown,0.00,Unknown,false,1,6.90,0.0000,true,1,137609
8076808060654,false,ברילה - צ.ק פרפלה חדש 500 גרם,ברילה גי.אי.אר פרטלי,IT,ברילה פסטה פתיתים פרפלה 500 גרם,גרמים,500.00,100 גרם,false,1,6.90,1.3800,true,1,9888
8076808070882,false,פסטה למילוי קנלוני 250 גר,פאסטיפיקו ריגו אס.אר,IT,פסטה ברילה קנלוני מס 88 250 גרם,גרמים,250.00,100 גרם,false,1,14.90,5.9600,true,1,9889
8076808150072,false,ברילה - צ.א ספגטוני מס7 חדש 500 גרם,ברילה גי.אי.אר פרטלי,IT,ברילה ספגטי מספר 7 500 גרם,גרמים,500.00,100 גרם,false,1,6.90,1.3800,true,1,9890
8076809512268,false,ברילה - צ.ק גירנדולה חדש 500 גרם,ברילה גי.אי.אר פרטלי,IT,ברילה פסטה פתיתים- גירנדולה 500 גרם,גרמים,500.00,100 גרם,false,1,6.90,1.3800,true,1,9893
8076809513395,false,ברילה פומודורו רוטב עגבניות קלאסי 400 גר,ברילה גי.אי.אר פרטלי,IT,ברילה רוטב עגבניות קלאסי 400 גרם,גרמים,400.00,100 גרם,false,1,13.90,3.4750,true,1,9895
8076809513654,false,בסיס רוטב עגבניות לבולונז 400 גרם ברילה,ברילה גי.אי.אר פרטלי,IT,ברילה רוטב בסיס לפסטה בולונז 400 גרם,גרמים,400.00,100 גרם,false,1,13.90,3.4750,true,1,21997
8076809513692,false,רוטב עגבניות נפולטנה בתוספת ירקות,ברילה גי.אי.אר פרטלי,IT,ברילה רוטב עגבניות עם ירקות שורש לפסטה 400 גרם,גרמים,400.00,100 גרם,false,1,13.90,3.4750,true,1,9896
8076809513739,false,ברילה רוטב עגבניות עם בזיליקום 400 גרם,ברילה גי.אי.אר פרטלי,IT,ברילה רוטב עגבניות עם בזיליקום לפסטה 400 גרם,גרמים,400.00,100 גרם,false,1,13.90,3.4750,true,1,35110
8076809514774,false,ברילה איטריות ביצים פפרדלה 250ג',ברילה גי.אי.אר פרטלי,IT,"פסטה ברילה פרפנדלה 250 גר """,גרמים,250.00,100 גרם,false,1,17.90,7.1600,true,1,9898
8076809523561,false,ברילה - רוטב פסטה בטעם טוסקנה 400 גרם,ברילה גי.אי.אר פרטלי,IT,ברילה רוטב טוסקנה לפסטה 400 גרם,גרמים,400.00,100 גרם,false,1,13.90,3.4750,true,1,55390
8076809523714,false,"פסטה ברילה טליאטלה, 500 ג'","ש. שסטוביץ בע""מ",IT,פסטה ברילה טליאטלה 500 גרם,גרמים,500.00,100 גרם,false,1,24.90,4.9800,true,1,22293
8076809523738,false,פסטה ברילה לזניה 500ג',ברילה גי.אי.אר פרטלי,IT,לזניה ברילה 500 גרם,גרמים,500.00,100 גרם,false,1,23.90,4.7800,true,1,14482
8076809529419,false,ספגטי מחיטה מלאה מס' 5 500 ג' ברילה,ברילה גי. אי. אר פרט,IT,ספגטי מחיטה מלאה 500 גרם,גרמים,500.00,100 גרם,false,1,13.90,2.7800,true,1,36532
8076809529433,false,ברילה פנטה רגטה מחיטה מלאה 500ג',"ש. שסטוביץ בע""מ",IT,פסטה ברילה פנה רגטה מחיטה מלאה 500 גרם,גרמים,500.00,100 גרם,false,1,13.90,2.7800,true,1,36533
8076809545440,false,ברילה ספגטי ללא גלוטן 400 גרם,"ש. שסטוביץ בע""מ",IT,"ברילה אטריות על בסיס קמח תירס ללא גלוטן, 400 גרם",גרמים,400.00,100 גרם,false,1,14.90,3.7250,true,1,111215
8076809545464,false,ברילה פסטה ללא גלוטן צורת ספירלי 400 גר,מולינו אנדריאני אס.א,IT,ברילה פוזילי על בסיס קמח תירס ללא גלוטן 400 גרם,גרמים,400.00,100 גרם,false,1,14.90,3.7250,true,1,111217
8076809547956,false,ברילה - צ.ק קיפרי 500 גרם,ברילה סורג,IT,פסטה ברילה קיפרי 500 גרם,גרמים,500.00,100 גרם,false,1,6.90,1.3800,true,1,145099
8076809576352,false,ברילה לזניה ללא גלוטן 250 ג',ברילה גי.אי.אר פרטלי,IT,ברילה לזניה ללא גלוטן 250 גרם,גרמים,250.00,100 גרם,false,1,22.90,9.1600,true,1,150164
8358110076302,false,כוסות לחיים 40 יחידות,"איטיליאן פוד, אס.פי.",CN,הנמל כוס לחיים 40 יח' 1oz,גרמים,0.00,100 גרם,false,1,9.90,0.0000,true,1,51359
8410076600622,false,חטיפי גרנולה Crunchy שיבולת שועל מלאה ושבבי שוקולד מריר,ג'נרל מילס סאן אדריא,ES,קראנצי שבבי שוקולד מריר 210 גר,גרמים,210.00,100 גרם,false,1,14.90,7.0952,true,1,98887
8410076601865,false,מארז חטיפי נייטצר וא,סאן אדריאן,ES,מארז חטיפי נייטצר ואלי דבש 420גרם 20,גרמים,420.00,100 גרם,false,20,24.90,5.9286,true,1,155857
8410076601872,false,מארז חטיפי נייטצר וא,סאן אדריאן,ES,מארז חטיפי נייטצר ואלי שוקולד 420 גרם,גרמים,420.00,100 גרם,false,20,24.90,5.9286,true,1,155858
8410076610379,false,נייטשר ואלי פרוטאין בוטנים ושבבי שוקולד 160 ג',סריילטו ספיין פודס,ES,מאג חטיף פרוטאין בוטנים ושבבי שוקולד120,גרמים,120.00,100 גרם,false,1,17.90,14.9167,true,1,115528
8410076610386,false,נייטשר ואלי פרוטאין בוטנים עם ציפוי בטעם קרמל מלוח 160 ג',סריילטו ספיין פודס,ES,נייטשר ואלי פרוטאין בוטנים בטעם קרמל מלוח,גרמים,120.00,100 גרם,false,1,17.90,14.9167,true,1,116103
8410076610492,false,סוויט אנד סולטי שוקולד מריר בציפוי חמאת בוטנים,יבואן ומשווק: ש. שסט,ES,נייטשר ואלי צ'ואי בוטנים בציפוי עם חמאת בטנים,גרמים,150.00,100 גרם,false,1,14.90,9.9333,true,1,114083
8410076620538,false,פייבר וואן עוגת טריפל שוקולד רביעייה,"גלאטס סירו בע""מ",ES,פייבר וואן קייק בטעם שוקולד,גרמים,100.00,100 גרם,false,1,12.90,12.9000,true,1,123639
8410076621009,false,עוגות אישיות בטעם קרמל עם חתיכות בטעם קרמל מלוח,"גלאטס סירו בע""מ",PT,עוגות אישיות בטעם קרמל עם חתיכות בטעם קרמל מלוח,גרמים,120.00,100 גרם,false,1,14.90,12.4167,true,1,148402
8410076801067,false,חטיף נייטצר ואלי דבש,סאן אדריאן,ES,חטיף נייטצר ואלי דבש 21 גרם,גרמים,21.00,100 גרם,false,1,2.90,13.8095,true,1,155859
8410076801074,false,חטיף נייטצר ואלי שוק,סאן אדריאן,ES,חטיף נייטצר ואלי שוקולד 21 גרם,גרמים,21.00,100 גרם,false,1,2.90,13.8095,true,1,155860
8410104039134,false,"פיניש מנקה ומחדש מדיח 250 מ""ל",הדקלאים אגודת שיתופי,PL,"מנקה מדיח כלים פיניש 250 מ""ל",מיליליטרים,250.00,"100 מ""ל",false,1,14.90,5.9600,true,1,10220
8410104045111,false,"פיניש מלח למדיח כלים 2ק""ג",רקיט בנקיזר,IL,פיניש מלח למדיח כלים 2 קג,קילוגרמים,2.00,"ק""ג",false,1,14.90,7.4500,true,1,10222
8410109003178,false,VALORשוקולד מריר ללס,VALOR,ES,VALORשוקולד מריר ללס עם שקדים 150גרם,גרמים,150.00,100 גרם,false,1,19.90,13.2667,true,1,152398
8410109003208,false,VALORשוקולד חלב ללס,VALOR,ES,VALORשוקולד חלב ללס עם שקדים 150גרם,גרמים,150.00,100 גרם,false,1,19.90,13.2667,true,1,152397
8410109050882,false,VALOR שוקולד מריר 70,LAVDAS,GR,VALOR שוקולד מריר 70% קקאו ללס 100גרם,גרמים,100.00,100 גרם,false,1,13.90,13.9000,true,1,152387
8410109056532,false,ואלור טב שוק מריר במילוי טראפלס 100 ג,LAVDAS,ES,VALOR שוקולד מריר מילוי טרפלס ללס 100גרם,גרמים,100.00,100 גרם,false,1,13.90,13.9000,true,1,152388
8410109109825,false,שוקולד מריר עם חתיכו,LAVDAS,GR,שוקולד מריר עם חתיכות תפוז ללס 100גרם,גרמים,100.00,100 גרם,false,1,13.90,13.9000,true,1,152385
8410109109832,false,ואלור טבלאות שוקולד,LAVDAS,GR,VALOR שוקולד מריר 85% קקאו ללס 100גרם,גרמים,100.00,100 גרם,false,1,13.90,13.9000,true,1,152386
8410179100043,false,שמן זית בורחס מעולה7,PONTU BORGES ACEITES,ES,"BORGES שמן זית כתית מעולה 750 מ""ל",מיליליטרים,750.00,"100 מ""ל",false,1,36.90,4.9200,true,1,135796
8410182420114,false,בצלצלי פנינה בחומץ 370 גר,דליסיאס,,בצלצלי פנינה בחומץ 370 גרם,גרמים,370.00,100 גרם,false,1,11.90,3.2162,true,1,66697
8410342004796,false,שוקולד מריר 85% ללא סוכר טוראס 100ג',צ'יקולטס טוארס,ES,שוקולד מריר 85% ללא סוכר100 גרם,גרמים,100.00,100 גרם,false,1,17.90,17.9000,true,1,143996
8410376009392,false,גולון- ביסקוויטחיטה מלאה ללא סוכר 170 גר'1/16,גאלטס גלון סא,ES,ביסקוויט חיטה מלאה ללא סוכר 170 גרם,גרמים,170.00,100 גרם,false,1,12.70,7.4706,true,1,53538
8410376037883,false,גוליאן עוגיות שוקו צפס ללא גלוטן 130 ג ו,תות תעשיות מזון (201,ES,עוגיות שוקוציפס ללא גלוטן גולון 130 גרם,גרמים,130.00,100 גרם,false,1,13.90,10.6923,true,1,93451
8410743700297,false,יין קווה קסטילו פרלדה יבש 750 מל,PERGALE,ES,"קאווה ברוט פרלדה750 מ""ל",מיליליטרים,750.00,"100 מ""ל",false,1,39.90,5.3200,true,1,153598
8410793262936,false,"אסטרייה דאם דאורה ללא גלוטן 330 מ""ל","סי סי דאם, אס.אל, בר",ES,"דאורה דאם ללא גלוטן בקבוק בודד 330 מ""ל",מיליליטרים,330.00,"100 מ""ל",false,1,13.90,4.2121,true,1,81198
8410793282934,false,בירה אסטרייה דאם בקב,"סי סי דאם, אס.אל, בר",ES,"אסטרייה דאם בקבוק בודד 330 מ""ל",מיליליטרים,330.00,"100 מ""ל",false,1,11.90,3.6061,true,1,67098
8411277205654,false,יין קאווה גום סרה גו,ג'אום סרה,ES,"קאווה גום סרה זהב 750 מ""ל",מיליליטרים,750.00,"100 מ""ל",false,1,29.90,3.9867,true,1,122779
8411320105108,false,פילה אנשובי בשמן זית 95 גר ORTIZ צנצנת,אורטיז,ES,פילה אנשובי בשמן זית צנצנת 95 גרם ORTI,גרמים,95.00,100 גרם,false,1,47.90,50.4211,true,1,142263
8411320382967,false,טונה צהובה בשמן זית (צנצנת) 220 גרם,אורטיז ORTIZ,ES,טונה צהובה בשמן זית (צנצנת)220 גרם ORTIZ,גרמים,220.00,100 גרם,false,1,33.90,15.4091,true,1,142262
8412168002529,false,מחייה 13 משקה כוהלי בטעם לימונים,דיסטילריאס לה הורטנה,ES,מחייה 13 משקה אלכוהולי בטעם לימונים 700 מל,מיליליטרים,700.00,"100 מ""ל",false,1,54.90,7.8429,true,1,113721
8412168008903,false,מחייה 13 משקה כוהלי בטעם אשכולית אדומה,מנדלז סי.אר. פרודקשן,ES,מחייה 13 משקה כוהלי בטעם אשכולית אדומה 700 מל,מיליליטרים,700.00,"100 מ""ל",false,1,54.90,7.8429,true,1,113720
8413376022965,true,גבינת עיזים רכה 110,היחוס דה סאלבאדור אס,ES,"וילי פוד גבינת עיזים רכה 29% שומן, 110 גרם",גרמים,110.00,100 גרם,false,1,18.90,17.1818,true,1,121986
8420708012822,false,קשקבל צאן ספרדי בשלה,מיוצר עי קונדיטוריית,ES,קשקבל צאן בשלה 200 גר נני,גרמים,200.00,100 גרם,false,1,27.90,13.9500,true,1,104557
8423207206488,false,ס.דליס חטיף דגנים מלאים מצופה שוקולד חלב,אף.סי תבליני בגליל ב,ES,חטיף דגנים סלים דליס שוקולד חלב 120 גרם,גרמים,120.00,100 גרם,false,1,13.90,11.5833,true,1,103199
8423207206495,false,חטיף דגנים מלאים מצופה שוקולד מריר 120 ג,אף.סי תבליני בגליל ב,ES,חטיף דגנים סלים דליס שוקולד מריר 120 גרם,גרמים,120.00,100 גרם,false,1,13.90,11.5833,true,1,103200
8423207207362,false,חטיף דגנים סלים דליס שוקולד לבן 120 גר,ביסנצ'ורי אס.אל.יו,ES,סלים דליס שוקולד לבן 120 גרם,גרמים,120.00,100 גרם,false,1,13.90,11.5833,true,1,103202
8423207208680,false,מרבה חטיפי סלים דליס לילדים שוקולד חלב,ביסנצ'ורי אס.אל.יו,ES,סלים דליס קידס חטיף דגנים מצופה שוקולד חלב 120 גר',גרמים,182.00,100 גרם,false,1,13.90,7.6374,true,1,112267
8423207208703,false,מרבה חטיפי סלים דליס לילדים שוקולד מריר,ביסנצ'ורי אס.אל.יו,ES,סלים דליס חטיף דגנים שוקולד מריר 120 גרם,גרמים,182.00,100 גרם,false,1,13.90,7.6374,true,1,112269
8423371002725,false,סאליסול- קוקטייל מיקס 100 גרם,גלוברנדס,ES,סאליסול משפחתי קוקטיל מיקס,גרמים,100.00,100 גרם,false,1,9.90,9.9000,true,1,146136
8423371002749,false,סאליסול- בוטנים ושקדים מקורמלים 135 גרם,גלוברנדס,ES,סאליסול משפחתי בוטנים ושקדים מקורמלים,גרמים,135.00,100 גרם,false,1,9.90,7.3333,true,1,146352
8423371005085,false,סאליסול- מיקס פיקנטי 100 גרם,גלוברנדס,ES,סאליסול טו גו מיקס פיקנטי,גרמים,100.00,100 גרם,false,1,9.90,9.9000,true,1,146138
8423453905739,false,"שישיית בירה ווילדר לאגר 330 מ""ל בקבוק",פונט סאלם וולנסיה ספ,ES,בירה ווילדר לאגר 4.5%,מיליליטרים,0.00,"100 מ""ל",false,1,33.90,0.0000,true,1,143842
8435495805168,false,"תינוקלין לכביסה לעור רגיש אולימפיק 1.25ק""ג",מולינו ניקולי s.p.a,PL,תינוקלין אבקת כביסה 1.25 קג,ליטרים,1.25,ליטר,false,1,26.90,21.5200,true,1,144305
8435495805199,false,"תינוקלין אבקת כביסה 3 ק""ג",מולינו ניקולי s.p.a,TR,תינוקלין אבקת כביסה 3 קג,Unknown,0.00,Unknown,false,1,49.90,0.0000,true,1,144302
8435495807605,false,תינוקלין מרכך כביסה היפואלרגני מרוכז 1 ליטר,מולינו ניקולי s.p.a,TR,תינוקלין מרכך כביסה מרוכז 1 ליטר,ליטרים,1.00,ליטר,false,1,19.90,19.9000,true,1,144301
8435495807636,false,ג'ל כביסה היפואלרגני 2 ל' תינוקלין,פרוקטר אנד גמבל,PL,תינוקלין גל כביסה היפואלרגני 2 ליטר,ליטרים,2.00,ליטר,false,1,34.90,17.4500,true,1,144304
8436575292205,false,ארטיק חמשושים מאגדת 15*12 גר',שוורצקוף& הנקל דיסלד,IL,נסטלה חמשושים מאגדת חדש 6 15*12גרם,לא מנהל יחידת מידה,0.00,לא מנהל יחידת מידה,false,1,22.90,0.0000,true,1,124143
8593868006014,false,בירה בלו מון פחית 50,"איי, בי, אינבוו",CZ,"בירה בלומון 5.4% כוהל בפחית 500 מ""ל",מיליליטרים,500.00,"100 מ""ל",false,1,12.90,2.5800,true,1,149225
8595134503302,false,פילטר ארוך 6 ממ,,,פילטר 6 ארוך,Unknown,0.00,Unknown,false,1,6.50,0.0000,false,1,123351
8595134503487,false,פילטרים לגילגול 5.3 ארוך PIH,,,פילטר 5.3 ארוך,יחידה,1.00,יחידה,false,1,7.50,7.5000,true,1,126556
8595134503975,false,נייר גלגול בינוני כולל פילטר PIH,,,נייר בינוני כולל פילטר,לא מנהל יחידת מידה,0.00,לא מנהל יחידת מידה,false,1,6.00,0.0000,false,1,144812
8606018615827,false,גלידת וניל עם שברי עוגיות אוראו 480 ג',פרונרי סרביה,IL,פיינט אוראו 480גרם,גרמים,480.00,100 גרם,false,1,22.90,4.7708,true,1,154301
8606018615841,false,גלידת וניל עם ליבת שוקולד חלב 480 ג' מילקה,פרונרי סרביה,IL,פיינט מילקה וניל ליבת שוקולד 480גרם,גרמים,480.00,100 גרם,false,1,22.90,4.7708,true,1,154302
8606018615865,false,פיינט מילקה קרמל ליבת שוקולד 480 גרם,פרונרי סרביה,IL,פיינט מילקה קרמל ליבת שוקולד 480גרם,גרמים,480.00,100 גרם,false,1,22.90,4.7708,true,1,154303
8606109023593,false,פרוויטה מיץ תפוחי עץ ואגסים 750 מל,,IL,מיץ פרוויטה תפוחי עץ ואגסים 750 מל,מיליליטרים,750.00,"100 מ""ל",false,1,11.90,1.5867,true,1,146776
8606109023609,false,"פרוויטה מיץ תפוחי עץ ודובדבנים 750 מ""ל",,IL,מיץ פרוויטה תפוחי עץ ודובדבנים 750 מל,מיליליטרים,750.00,"100 מ""ל",false,1,11.90,1.5867,true,1,146777
8606109023623,false,פרוויטה מיץ תפוחי עץ ולימון ליים 750 מ,,IL,מיץ פרוויטה תפוחי עץ ולימון ליים 750 מל,מיליליטרים,750.00,"100 מ""ל",false,1,11.90,1.5867,true,1,146779
8606109023647,false,פרוויטה - מיץ סלק ותפוחי עץ 750 מל,,IL,מיץ פרוויטה סלק ותפוחי עץ 750 מל,מיליליטרים,750.00,"100 מ""ל",false,1,13.90,1.8533,true,1,146780
8682151530081,false,בונ מבחר שוקולדים יר,EGK GIDA ITHALAT IH,TR,בונ מבחר שוקולדים ירקרקה 405 ג FOREVA,גרמים,405.00,100 גרם,false,1,69.90,17.2593,true,1,155762
8682151530159,false,בונ לבנה עם מבחר שוק,EGK GIDA ITHALAT IH,TR,בונ לבנה עם מבחר שוקולדים 401 ג FOREVA,גרמים,401.00,100 גרם,false,1,69.90,17.4314,true,1,155760
8683130008348,false,מיונז הלמנס חריף לחי,יוניליוור ישראל שיוו,TR,הלמנס מיונז חריף 400 גרם,גרמים,400.00,100 גרם,false,1,15.90,3.9750,true,1,153032
8683130008355,false,מיונז עם שום הלמנס לחיץ 400 גרם,יוניליוור ישראל שיוו,TR,הלמנס מיונז עם שום 400 גרם,גרמים,400.00,100 גרם,false,1,15.90,3.9750,true,1,153033
8683130008935,false,ממרח קטשיונז לחיץ 425 גם,יוניליוור ישראל שיוו,TR,הלמנס ממרח קטשיונז 425 גרם,גרמים,425.00,100 גרם,false,1,15.90,3.7412,true,1,153859
8683130012666,false,מגנום דאבל לבן עוגיות 200 גרם,"מיוצר ע""י יונילוור ס",TR,מגנום דאבל לבן עוגיות 74 גרם,גרמים,74.00,100 גרם,false,1,11.90,16.0811,true,1,154635
8683323063024,false,יוגטה שטיחים בטעם תותי פרוטי 220 גרם,ליימן מותגים,TR,יוגוטה ממתק בטעם תותי פרוטי בצורת שטיח 220 גרם,גרמים,220.00,100 גרם,false,1,8.90,4.0455,true,1,116288
8690504153740,false,שוקולד מריר במילוי קרם בטעם שוקולד מריר,ביסקוט ביסקווי סילבר,TR,שוקולד מריר במילוי קרם בטעם גנאש שוקולד מריר,גרמים,86.00,100 גרם,false,1,13.90,16.1628,true,1,144347
8690504156543,false,טבלת שוקלד חלב ממולא בקרם גנאש שוקולד חלב 88 גר',ביסקוט ביסקווי סילבר,TR,טבלת שוקולד חלב מעולה,גרמים,86.00,100 גרם,false,1,13.90,16.1628,true,1,145368
8690521017124,false,"מרכך דאב דמג תרפי לשיער רגיל 400 מ""ל",יונילוור,TR,דאב nutritive solutions מרכך לטיפוח יום יומי,מיליליטרים,400.00,"100 מ""ל",false,1,17.90,4.4750,true,1,10456
8690637007705,false,מסטיגם וניל מסטיק על מקל ללא סוכר,"מיוצר ע""י יוניליוור",TR,שלגון מסטיגם 80 גרם,גרמים,80.00,100 גרם,false,1,6.90,8.6250,true,1,123099
8690637073373,false,תה ארל גריי בטעם ברגמוט ליפטון 25 שקיקים,יונילוור - תורכיה,TR,"תה ליפטון תה שחור ארל גריי 2 גרם, 25 יחידות",גרמים,50.00,100 גרם,false,1,8.80,17.6000,true,1,50436
8690637505607,false,מרכך כביסה מרוכז בדין אקסטרה בניחוח פינוק כחול,יוניליוור סנאיי וי ט,TR,"מרכך בדין אקסטרה פינוק קלאסי960 מ""ל",מיליליטרים,960.00,"100 מ""ל",false,1,19.90,2.0729,true,1,152128
8690637505614,false,"מרכך כביסה בדין אקסטרה פינוק קוקוס 960 מ""ל",יוניליוור סנאיי וי ט,TR,"בדין אקסטרא מרכך פינוק קוקוס 960 מ""ל",מיליליטרים,960.00,"100 מ""ל",false,1,19.90,2.0729,true,1,152129
8690637555084,false,מרכך כביסה בדין אקסטרא פריחת תפוז 960 מל,יוניליוור סנאיי וי ט,TR,בדין מרכך כביסה אקסטרה פריחת התפוז,מיליליטרים,960.00,"100 מ""ל",false,1,19.90,2.0729,true,1,63572
8690637688195,false,ליפטון תה ירוק מעטפות קלאסי 30 ג',יונילוור - תורכיה,TR,"תה ליפטון תה ירוק קלאסי 30 גרם, 20 יחידות",גרמים,30.00,100 גרם,false,1,16.90,56.3333,true,1,100947
8690637704376,false,שמפו יום יומי לשיער רגיל,יוניליוור טורקיה. אז,TR,דאב שמפו טיפוח יום יומי 600 מל,מיליליטרים,600.00,"100 מ""ל",false,1,21.90,3.6500,true,1,104187
8690637704390,false,"מרכך לשיער רגיל 600 מ""ל דאב",יוניליוור טורקיה. אז,TR,דאב מרכך שיער טיפוח יום יומי 600 מל,מיליליטרים,600.00,"100 מ""ל",false,1,21.90,3.6500,true,1,104188
8690637704413,false,מרכך לשיקום אינטנסיבי לשיער פגום,יוניליוור טורקיה. אז,TR,דאב מרכך לשיקום אינטנסיבי 600 מל,מיליליטרים,600.00,"100 מ""ל",false,1,21.90,3.6500,true,1,104189
8690637704437,false,שמפו עם שמני הזנה לטיפוח לשיער יבש,יוניליוור טורקיה. אז,TR,דאב שמפו בתוספת שמני הזנה 600 מל,מיליליטרים,600.00,"100 מ""ל",false,1,21.90,3.6500,true,1,104190
8690637704451,false,מרכך עם שמני הזנה לטיפוח לשיער יבש,יוניליוור טורקיה. אז,TR,דאב מרכך שיער בתוספת שמני הזנה 600 מל,מיליליטרים,600.00,"100 מ""ל",false,1,21.90,3.6500,true,1,104191
8690637704475,true,דאב לשיער שמפו קשקשי,יוניליוור סנאיי וי ט,TR,דאב nutritive solutions שמפו נגד קשקשים,Unknown,0.00,Unknown,false,1,21.90,0.0000,true,1,136008
8690637799594,false,תה ירוק ליפטון נענע בסגנון מרוקאי 20יח',בסן בסין סנאיי וי טי,TR,תה ירוק בטעם מנטה בתוספת עלי נענע,גרמים,30.00,100 גרם,false,1,16.90,56.3333,true,1,113596
8690637842382,false,מגנום דאבל פרי יער שטראוס 82 גר,"מיוצר ע""י יונילוור ס",TR,מגנום וניל פירות יער,גרמים,85.00,100 גרם,false,1,11.90,14.0000,true,1,118630
8690637842399,false,מאגדת מגנום מיני דאבל פרי יער שוקולד 6 יח' נסטלה,יוניליוור סנאי וי סי,TR,מאגדת מיני מגנום 1/6 329 גרם דאבל פרי יע,גרמים,379.00,100 גרם,false,1,32.90,8.6807,true,1,118631
8690637858734,false,ג'ל לניקוי כללי בתוספת אקונומיקה בניחוח לימון,סיף פנטסטיק Cif Fantastic,IL,"אקונומיקה פנטסטיק ג""ל 750 מ""ל",מיליליטרים,750.00,"100 מ""ל",false,1,10.90,1.4533,true,1,122163
8690637865589,true,תחליב רחצה לניקוי וט,קוסטר אירוסול ולף סנ,TR,דאב תחליב רחצה לידיים מלפפונים ותה ירוק 500 מל,לא מנהל יחידת מידה,0.00,לא מנהל יחידת מידה,false,1,17.90,0.0000,true,1,125918
8690637871245,true,הלמנס מיונז אמיתי לח,יוניליוור גידה סאנ.,TR,הלמנס מיונז אמיתי לחיץ 395 גר,גרמים,395.00,100 גרם,false,1,13.90,3.5190,true,1,141983
8690637890666,false,מאגדת מגנום מיני דאבל פיסטוק 6 יח' שטראוס,יוניליוור סנאיי וי ט,TR,מאגדת מיני מגנום 1/6 329 גרם דאבל פיסטוק,גרמים,282.00,100 גרם,false,1,29.90,10.6028,true,1,125456
8690637946301,false,"בדין - מרכך כביסה אקסטרא בייביי כחול 960 מ""ל",יוניליוור סנאיי וי ט,TR,Badin מרכך כביסה 960 ML,מיליליטרים,960.00,"100 מ""ל",false,1,19.90,2.0729,true,1,145735
8690637946318,false,מרכך כביסה אקסטרה בייבי היפואלרגני בריח טלק,יוניליוור סנאיי וי ט,IL,Badin מרכך כביסה 960 ML,מיליליטרים,960.00,"100 מ""ל",false,1,19.90,2.0729,true,1,145736
8690637977794,false,תחליב רחצה לידיים בניחוח חמאת שיאה ווניל,קוסטר אירוסול ולף סנ,TR,דאב אל-סבון ידיים חמאת שיאה ווניל 500 מל,מיליליטרים,500.00,"100 מ""ל",false,1,17.90,3.5800,true,1,148383
8690637989612,false,מאגדת מיני מגנום דולצה גולד 6 יח 246 גרם,יונילוור סנאיי וי טי,TR,מגנום מיני דאבל דולצה גולד 246גרם,גרמים,246.00,100 גרם,false,1,32.90,13.3740,true,1,150155
8690637989629,false,מגנום דאבל דולצה גולד 63 גרם,יונילוור סנאיי וי טי,TR,מגנום שלגון מגנום דאבל דולצ'ה גולד 63 גרם,גרמים,63.00,100 גרם,false,1,11.90,18.8889,true,1,149739
8690637997914,false,מגנום וניל שקדים כוס אישית 57 גרם,יונילוור סנאיי וי טי,TR,מגנום כוס אישי שמנת ונ.שקדים 76גרם,גרמים,76.00,100 גרם,false,1,7.90,10.3947,true,1,152302
8690637997921,false,גלידת שמנת וניל קלאסיק בכוס אישית 63 גרם,יונילוור סנאיי וי טי,TR,מגנום כוס אישי שמנת וניל 81 גרם,גרמים,81.00,100 גרם,false,1,7.90,9.7531,true,1,152303
8690766156367,false,שוקולד חלב גודייבה מעולה 90 גר,"אולקר מקבוצת פלאדיס,",TR,טבלת שוקולד חלב מעולה,גרמים,90.00,100 גרם,false,1,14.90,16.5556,true,1,144991
8690766156374,false,שוקולד גודייבה מריר 72% מוצרי קקאו 90 גר,"אולקר מקבוצת פלאדיס,",TR,טבלת שוקולד מריר מעולה 72% מוצקי קקאו,גרמים,90.00,100 גרם,false,1,14.90,16.5556,true,1,144994
8690766156381,false,גודייבה שוקולד מריר 90% מוצקי קקאו 90 גרם,"אולקר מקבוצת פלאדיס,",TR,טבלת שוקולד מריר מעולה 90% מוצקי קקאו,גרמים,90.00,100 גרם,false,1,14.90,16.5556,true,1,144992
8690766156398,false,שוקולד חלב מעולה בתוספת שברי שקדים קלויים דבש ומלח 90ג',"אולקר מקבוצת פלאדיס,",TR,שוקולד חלב מעולה בתוספת שברי שקדים קלויי,גרמים,90.00,100 גרם,false,1,14.90,16.5556,true,1,147056
8690766156404,false,שוקולד מריר מעולה גודייבה תפוז אדום 90 גרם,גודייבה,TR,שוקולד מריר מעולה בטעם תפוז אדום,גרמים,90.00,100 גרם,false,1,14.90,16.5556,true,1,147055
8690766156411,false,שוקולד מריר מעולה בטעם פלפל ורוד עם חתיכות תות מסוכר 90ג',"אולקר מקבוצת פלאדיס,",TR,טבלאת שוקולד גודאייבה מריר בטעם פלפל 90,גרמים,90.00,100 גרם,false,1,14.90,16.5556,true,1,144993
8690777202015,false,ירקות כבושים מעורבים סארה 700גרם,וילי פוד,TR,ירקות כבושים מעורב 700 גר SERA,גרמים,700.00,100 גרם,false,1,12.90,1.8429,true,1,71082
8690777203012,false,פלפל ירוק כבוש לא חריף סארה 600ג',יוליניבר,TR,פלפל ירוק כבוש לא חריף 600 גרם,גרמים,600.00,100 גרם,false,1,12.90,2.1500,true,1,71083
8690777204071,false,פלפלים כבושים - חריפים,יוליניבר,TR,פלפל חריף 640גרם SERA,גרמים,640.00,100 גרם,false,1,12.90,2.0156,true,1,71084
8690777206051,false,חצילים קלויים על האש סארה 650 גר',קוראהן פזלרמה וי דיס,TR,סרה חציל קלוי על האש 650 גרם,גרמים,650.00,100 גרם,false,1,12.90,1.9846,true,1,49482
8690777221405,false,פלפל אדום קלויים על האש 650 גרם SERA,קוראהן פזלרמה וי דיס,TR,סרה פלפלים אדומים קלויים על האש 650 גרם,גרמים,650.00,100 גרם,false,1,12.90,1.9846,true,1,71085
8690784516662,false,דאק נוזל ג'ל לניקוי עם אקונומיקה בניחוח לבנדר,אס.סי.גונסון,IT,דאק גל עם אקונומיקה,לא מנהל יחידת מידה,0.00,לא מנהל יחידת מידה,false,1,12.90,0.0000,true,1,121064
8690784614771,false,סבון מוצק לניקוי אסלה בניחוח רענן,דאופלור אס.פי.אי כונ,IT,דאק סבון ניקוי אסלה בניחוח אורן,לא מנהל יחידת מידה,0.00,לא מנהל יחידת מידה,false,1,10.90,0.0000,true,1,121068
8691530924670,false,רכז רימונים טבעי 345 גר,נטורסן,TR,סירופ רימונים נטורסאן 345 גרם,גרמים,345.00,100 גרם,false,1,19.90,5.7681,true,1,81316
8691900172175,false,תחבושות קוטקס לילה 1,קימברלי,GB,תחבושות קוטקס לילה 18 יח,יחידה,18.00,יחידה,false,1,15.90,0.8833,true,1,156810
8691900172854,false,תחבושות אולטרה סופר 20 יח' קוטקס,קימברלי,GB,תחבושות קוטקס סופר 20 יח,יחידה,20.00,יחידה,false,1,15.90,0.7950,true,1,156811
8692952091834,false,"סט 6 כוסות 255 מ""ל",,,"סט 6 כוסות 255 מ""ל",יחידה,1.00,יחידה,false,1,39.90,39.9000,true,1,142497
8693323099107,true,מרשמלו לבבות,"אינסטנטה בע""מ",TR,יוגאוטה - מרשמלו בלבבות,Unknown,0.00,Unknown,false,1,8.90,0.0000,true,1,137621
8693495041461,false,זוג מברשות שיניים קולגייט סלים סופט פחם,הנסיך- מפעל לייצור ט,CN,קולגייט מברשת סלים פחם זוג,יחידה,1.00,יחידה,false,1,27.90,27.9000,true,1,100212
8693495052931,false,זוג מברשות שיניים אדוונסט 360 לניקוי כל חלל הפה,קולגייט Colgate,CN,קולגייט זוג מברשות 360 אדוונס,מטרים,1.00,מטר,false,1,33.90,33.9000,true,1,142287
8695543006668,false,גבינת רסטה 200 גרם,מוטיבי גידה דיירי אי,TR,גבינת רסטה 200 גרם,גרמים,200.00,100 גרם,false,1,22.90,11.4500,true,1,143388
8697418280111,false,עלי טורטייה 25 סמ 840 גרם LAVALIA,פרינסיס און וה אונלו,TR,"עלי טורטייה 25 ס""מ 840 גרם",גרמים,840.00,100 גרם,false,1,27.60,3.2857,true,1,51698
8697418280128,false,עלי טורטייה 20 סמ 540 גרם LAVALIA,פרינסיס און וה אונלו,TR,"עלי טורטייה 20 ס""מ 540 גרם",גרמים,540.00,100 גרם,false,1,22.70,4.2037,true,1,51791
8697418280173,false,עלי טורטייה מחיטה מלאה 840 גרם LAVALIA,פרינסס גידה,TR,"עלי טורטייה מחיטה מלאה 25 ס""מ 840 גרם",גרמים,840.00,100 גרם,false,1,27.60,3.2857,true,1,52589
8697418280180,false,עלי טורטייה 360 גר LAVALIA,פרינסיס און וה אונלו,TR,"עלי טורטייה 15 ס""מ 360 גרם",גרמים,360.00,100 גרם,false,1,18.60,5.1667,true,1,85960
8697418280333,false,שערות קדאיף מיובשות 500 גרם,פרינסיס און וה אונלו,TR,שערות קדאיף 500 גרם,גרמים,500.00,100 גרם,false,1,22.90,4.5800,true,1,103639
8697530910743,false,סיגריות פאל מאל כחול קצר מטאליק,BAT,,סיגריות פאל מל כחול חפיסה בודד,יחידה,1.00,יחידה,false,1,31.40,31.4000,false,1,46641
8697530910750,false,סיגריות פאל מאל כחול ארוך האוס,BAT,,סיגריות פאל מל כחול ארוך חפיסה בודד,יחידה,0.00,יחידה,false,1,31.40,0.0000,false,1,46642
8697530910767,false,פאל מאל מנטול האוס חפיסה,BAT,,סיגריות פאל מאל מנטול חפיסה בודד,יחידה,1.00,יחידה,false,1,31.40,31.4000,false,1,48040
8697530910781,false,סיגריות פאל מאל אדום מטאליק,BAT,,סיגריות פאל מל אדום חפיסה בודד,יחידה,1.00,יחידה,false,1,31.40,31.4000,false,1,46643
8697530911276,false,סיגריות קנט קצר חפיס,BAT,,סיגריות קנט קצר חפיסה בודד,יחידה,1.00,יחידה,false,1,38.40,38.4000,false,1,47870
8697659232733,false,"מבשם אריגים פרש כותנה יעקובי 425מ""ל",יעקובי,TR,"מבשם אריגים פרש כותנה 425 מ""ל",מיליליטרים,425.00,"100 מ""ל",false,1,14.90,3.5059,true,1,143040
8697659232795,false,"פרש& מור מבשם אריגים מנטרל ריחות עישון 425 מ""ל",ATAK,TR,"מבשם אריגים מנטרל ריחות עישון 425 מ""ל",מיליליטרים,425.00,"100 מ""ל",false,1,14.90,3.5059,true,1,143039
8710103787402,false,פיליפס סכין וואן בלייד למכשיר ONE BLADE,פיליפס,ID,סכין וואן בלייד,לא מנהל יחידת מידה,0.00,לא מנהל יחידת מידה,false,1,119.90,0.0000,true,1,142002
8710447275306,true,קרם ידיים עם שמן אבו,"יוניליוור פולין, רחו",PL,דאב קרם ידיים אבוקדו ותמצית קלנדולה 75 מל,Unknown,0.00,Unknown,false,1,10.90,0.0000,true,1,125919
8710447275313,true,קרם ידיים עם שמן קוק,"יוניליוור פולין, רחו",PL,דאב קרם ידיים שמן קוקוס וחלב שקדים 75 מל,לא מנהל יחידת מידה,0.00,לא מנהל יחידת מידה,false,1,10.90,0.0000,true,1,125920
8710502060021,false,מרבה פטיסרי עוגיות מאפין רכות 210 גרם,מרבה,NL,מרבה פטיסרי עוגיות מאפין רכות 200 גרם,גרמים,200.00,100 גרם,false,1,11.90,5.9500,true,1,156014
8710502064814,false,עוגיות מרבה שוקולד ציפס במרקם רך 175 גר,בנקטבקריי מרבה בי.וי,NL,מרבה עוגיות שוקולד צ'יפס במרקם רך 175 גרם,גרמים,225.00,100 גרם,false,1,9.90,4.4000,true,1,108245
8710502100864,false,עוגיות מרבה פטיסרי דאבל שוקולד 200 גרם,מרבה,NL,מרבה פטיסרי עוגיות דאבל שוקולד 200 גרם,גרמים,200.00,100 גרם,false,1,11.90,5.9500,true,1,156013
8710502139017,false,עוגיות שוקוציפס מצופות שוקולד 180 ג',בנקטבקריי מרבה בי.וי,NL,מרבה עוגיות טריפל שוקולד ציפס,גרמים,180.00,100 גרם,false,1,9.90,5.5000,true,1,70311
8710502194801,false,עוגיות שוקולד צ'יפס במרקם רך עם פירות יער,בנקטבקריי מרבה בי.וי,NL,מרבה עוגיות שוקולד צ'יפס במרקם רך עם פירות יער,גרמים,175.00,100 גרם,false,1,9.90,5.6571,true,1,113626
8710502231018,false,מרבה מיני עוגיות שוקולד צ'יפס 175 גרם,"מרבה בע""מ",NL,מיני עוגיות מרבה ש ציפס 175 גרם,גרמים,175.00,100 גרם,false,1,9.90,5.6571,true,1,149720
8710502279010,false,מרבה עוגיות שוקולד ציפס מצופות שוקולד 175 גרם - רבנות,"י.מרבה ישראל בע""מ",NL,מרבה עוגיות שוקולד ציפס מצופות שוקולד,גרמים,175.00,100 גרם,false,1,9.90,5.6571,true,1,148887
8710502285509,false,מרבה - עוגיות לימון ושוקולד צ'יפס במרקם רך 175 גרם,בנקטבקריי מרבה בי.וי,NL,עוגיות מרבה לימון ושוקולד ציפס רך 175 גר,גרמים,175.00,100 גרם,false,1,9.90,5.6571,true,1,153058
8710502405204,false,מרבה עוגיות שוקוציפס ממולא קרם שוקולד 175ג',קריניציה ויטמינה אס,NL,מרבה עוגיות ממולאות קרם שוקולד,גרמים,175.00,100 גרם,false,1,9.90,5.6571,true,1,87899
8710502470028,false,עוגיות שוקולד צ'יפס ממולאות בקרם נוגט,קריניציה ויטמינה אס,NL,עוגיות שוקולד ציפס נוגטלי מרבה 160 גרם,גרמים,160.00,100 גרם,false,1,9.90,6.1875,true,1,70313
8710701019714,false,וודקה אלכסנדרוב 1 לי,מזקקה,,וודקה אלכסנדרוב 1 ליטר,ליטרים,1.00,ליטר,false,1,107.20,107.2000,true,1,10560
8710800027573,false,סוכריות מיני מנטוס פירות שקית 178ג',פרפטי ואן מלה,NL,מיני מנטוס שקית,גרמים,178.00,100 גרם,false,1,16.90,9.4944,true,1,10561
8710800961310,false,סוכריות מנטוס תות מארז 37.5X4ג',פרפטי ואן מלה ברדה,NL,מנטוס תות 1/4,גרמים,150.00,100 גרם,false,1,11.90,7.9333,true,1,12220
8710847908446,false,אקס דאודורנט ספריי בלאק לגבר 150 מל,ארנסט. רחוב קומבינצק,GB,אקס דאודורנט ספריי אנטיפרספירנט בלאק 150,מיליליטרים,150.00,"100 מ""ל",false,1,13.90,9.2667,true,1,143053
8710908326691,false,תחליב רחצה דאב אדמונית 750 מל,יוניליוור גרמניה (בו,DE,דאב תחליב רחצה פרח האדמונית,מיליליטרים,750.00,"100 מ""ל",false,1,22.90,3.0533,true,1,113360
8710908404184,false,דאו דאב ספריי אוריגינל 0% אלומיניום 150,"פרמול איטליה, קומון",GB,DOVE דאו ספריי 150 ML,מיליליטרים,150.00,"100 מ""ל",false,1,17.90,11.9333,true,1,145728
8711000362556,false,לור קפסולות קפה אספרסו פורזה 52 גר,גיקובס דאו אגברטס צר,FR,לור קפסולות קפה אספרסו סונטוזו (8) 52ג',יחידה,1.00,יחידה,false,1,21.90,21.9000,true,1,142416
8711000362631,false,לור קפסולות קפה אספרסו 12 אוניקס 52ג',יוניליוור גרמניה Gm,FR,לור קפסולות קפה אספרסו אוניקס (12) 52ג',גרמים,52.00,100 גרם,false,1,21.90,42.1154,true,1,122060
8711000362679,false,לור קפסולות קפה אספרסו קולומביה 8,קריניציה ויטמינה אס,FR,לור קפסולות אספרסו קולומביה (8) 10יח' 52ג',גרמים,52.00,100 גרם,false,1,21.90,42.1154,true,1,142417
8711000362693,false,לור קפסולות קפה אספרסו פפואה 7,כלורוקס אוקלנד,FR,לור קפסולות אספרסו פפואה (7) 10יח' 52ג',גרמים,52.00,100 גרם,false,1,21.90,42.1154,true,1,142418
8711000397466,false,לור קפסולות קפה אספרסו ריסטרטו נטול קפאין,קריניציה ויטמינה אס,FR,קפסולות LOR אספרסו נטול קופאין,לא מנהל יחידת מידה,0.00,לא מנהל יחידת מידה,false,1,21.90,0.0000,true,1,123547
8711000431108,false,לור קפסולות קפה אספרסו הודו 52 גר,"ג'ייקובס דאו אגרבטס,",FR,לור קפסולות אספרסו הודו (10) 10יח' 52ג',גרמים,52.00,100 גרם,false,1,21.90,42.1154,true,1,142419
8711327475618,false,מגנום פיינט וניל קלאסיק 440X8מל,"מפעל גלידות בווספרם,",HU,מגנום גלידת שמנת בטעם וניל 440 מל,גרמים,260.00,100 גרם,false,1,25.90,9.9615,true,1,148956
8711327475663,false,מגנום פיינט וניל שוקולד לבן 440X8מל,"מפעל גלידות בווספרם,",HU,גלידת שמנת בטעם וניל עם שוקולד לבן,גרמים,260.00,100 גרם,false,1,25.90,9.9615,true,1,148955
8711327475717,false,מגנום פיינט וניל שקדים 440X8מל,"מפעל גלידות בווספרם,",HU,מגנום גלידת שמנת בטעם וניל עם שקדים 440 מל,גרמים,260.00,100 גרם,false,1,25.90,9.9615,true,1,148957
8711327475762,false,"גלידת מגנום שוקולד לבן עוגיות 440 מ""ל","מפעל גלידות בווספרם,",HU,מגנום גלידת שמנת שוקולד לבן ועוגיות 440 מל,גרמים,260.00,100 גרם,false,1,25.90,9.9615,true,1,148958
8712000050146,false,"בירה היינקן 0% אלכוהול בקבוק 330 מ""ל","מבשלת היינקן, ריטבלד",NL,"בירה הייניקן ללא אלכוהול בקבוק 330 מ""ל",מיליליטרים,330.00,"100 מ""ל",false,1,6.90,2.0909,true,1,126080
8712100859939,false,קסטה WICH בצק עוגיות,אווגה,GR,קסטה WICH בצק עוגיות,גרמים,80.00,100 גרם,false,1,8.90,11.1250,true,1,113555
8712400802499,false,תרכובת מזון המשך לפעוטות על בסיס חלב שלב 1,נוטרישיה קאלק ב. ו.,NL,נוטרילון 1 800 גרם,גרמים,800.00,100 גרם,false,1,62.90,7.8625,true,1,115936
8712400802512,false,תרכובת מזון המשך לפעוטות על בסיס חלב שלב 2,נוטרישיה קאלק ב. ו.,NL,נוטרילון שלב 800 2 גרם,גרמים,800.00,100 גרם,false,1,62.90,7.8625,true,1,115937
8712400802536,false,תרכובת מזון המשך לפעוטות על בסיס חלב שלב 3,נוטרישיה קאלק ב. ו.,NL,נוטרילון 3- 800 גרם,גרמים,800.00,100 גרם,false,1,62.90,7.8625,true,1,115938
8712561594240,false,"דאב תחליב רחצה להזנה עמוקה500 מ""ל-מרכז","יוניליוור גרמניה, Gm",DE,דאב תחליב רחצה להזנה עמוקה 500 מל,מיליליטרים,500.00,"100 מ""ל",false,1,17.90,3.5800,true,1,109650
8712561594608,false,"דאב תחליב רחיצה להזנה עמוקה 750 מ""ל",יוניליוור גרמניה (בו,DE,דאב תחליב רחצה להזנה עמוקה 750 מל,מיליליטרים,750.00,"100 מ""ל",false,1,22.90,3.0533,true,1,113437
8712561599337,false,סיף תרסיס לניקוי חדר,יוניליוור,GB,סיף תרסיס לניקוי חדרי אמבט 450 מל,ליטרים,450.00,ליטר,false,1,12.90,0.0287,true,1,155334
8712561600026,false,סיף תרסיס לניקוי רב,יוניליוור,GB,סיף תרסיס לניקוי רב תכליתי עם אקונומיקה,ליטרים,450.00,ליטר,false,1,12.90,0.0287,true,1,155335
8712561611183,false,דאב סבון נוזלי 500 תמציות מלפפונים ותה,יוניליוור גרמניה (בו,DE,דאב תחליב רחצה מלפפון ותה ירוק 500 מל,מיליליטרים,500.00,"100 מ""ל",false,1,17.90,3.5800,true,1,109649
8712561611411,false,תחליב רחצה מזין בניחוח מלפפון ותה ירוק,יוניליוור גרמניה (בו,DE,דאב תחליב רחצה מלפפון ותה ירוק 750 מל,מיליליטרים,750.00,"100 מ""ל",false,1,22.90,3.0533,true,1,113438
8714599512159,false,קפה נמס ג'ייקובס 190 גר',"אל.אל.סי ""גייקובס דא",RU,גייקובס מגורען 190 גרם,גרמים,190.00,100 גרם,false,1,28.90,15.2105,true,1,153954
8714599513835,true,גייקובס נטול קופאין,אל.אל.סי גייקובס דאו,DE,גייקובס נטול קופאין,לא מנהל יחידת מידה,0.00,לא מנהל יחידת מידה,false,1,28.90,0.0000,true,1,136074
8714789177229,false,מברשת שיניים אקסטרה קלין מדיום - מארז רביעיה,הנסיך- מפעל לייצור ט,CN,מברשת שיניים אקסטרא קלין 4 יח,יחידה,1.00,יחידה,false,1,14.90,14.9000,true,1,21573
8714789218465,false,מברשת שיניים קולגייט 360 מדיום זוג,הנסיך- מפעל לייצור ט,CN,זוג מברשות שיניים קולגייט 360 סופט,לא מנהל יחידת מידה,0.00,לא מנהל יחידת מידה,false,1,33.90,0.0000,true,1,34029
8714789303925,false,מברשת שיניים 360 Sensitive אקסטרא סופט - מארז זוג,קולגייט- פלמוליב,CH,קולגייט מב.שיניים 360 סנסטיב ז,Unknown,0.00,Unknown,false,1,33.90,0.0000,true,1,47499
8714789402918,false,נוזל לניקוי כללי ולרצפה בניחוח פרחי בר,הנסיך- מפעל לייצור ט,GR,"אג""קס חגיגת הפרחים אדום 1.5 ל """,ליטרים,1.50,ליטר,false,1,19.90,13.2667,true,1,54659
8714789402932,false,נוזל לניקוי כללי ולרצפה בניחוח ורדים,הנסיך- מפעל לייצור ט,GR,"אג""קס חגיגת הפרחים ורוד 1.5 ל """,ליטרים,1.50,ליטר,false,1,19.90,13.2667,true,1,54660
8714789740058,false,קולגייט מברשת שיניים טוויסטר סופט זוג,הנסיך- מפעל לייצור ט,CN,קולגייט מברשת טוויסטר זוג סופט,יחידה,1.00,יחידה,false,1,18.90,18.9000,true,1,89080
8714789797786,false,פלמוליב כלים שקוף גרם בלסטר 750,יבואן ומשווק: ש. שסט,GR,פלמוליב כלים גריס בלסטר 750 מל,מיליליטרים,750.00,"100 מ""ל",false,1,11.90,1.5867,true,1,88460
8714789930848,false,"משחת שיניים אופטיק וויט אינסטנט 75 מ""ל קולגייט",הנסיך- מפעל לייצור ט,PL,קולגייט משחת שיניים אופטיק הלבנה מיידית 75 מל,מיליליטרים,75.00,"100 מ""ל",false,1,23.90,31.8667,true,1,100173
8715035150300,false,"רוטב סויה קיקומן ללא גלוטן 250 מ""ל",קיקומן פודז יורופ בי,NL,רוטב סויה קיקומן ללא גלוטן 250 מל,מיליליטרים,250.00,"100 מ""ל",false,1,19.90,7.9600,true,1,124065
8715300238306,false,חמאה פריקו הולנד 200 גר,פריזלנד קמפינה,IL,חמאה הולנדית פריקו 200גרם,גרמים,200.00,100 גרם,false,1,13.90,6.9500,true,1,157060
8715700110141,false,מיונז קרמי היינץ צנצנת 460ג',ה.י.היינץ הולדינג בי,NL,SG היינץ מיונז צנצנת 460 גרם,גרמים,460.00,100 גרם,false,1,11.90,2.5870,true,1,117757
8715700110158,false,היינץ ממרח במרקם קרמי צנצנת 490 גרם,ה.י.היינץ הולדינג בי,NL,SG היינץ מיונז לייט צנצנת 490,גרמים,490.00,100 גרם,false,1,11.90,2.4286,true,1,117758
8715700115344,false,"מתבל עגבניות היינץ 460 גר' כשל""פ",אייץ'. ג'יי. היינץ פ,ES,מתבל עגבניות היינץ 460 גרם,גרמים,460.00,100 גרם,false,1,10.00,2.1739,true,1,114536
8715700419695,true,רוטב ברביקיו מתוק,ה.י.היינץ הולדינג בי,NL,היינץ רוטב ברביקיו מתוק 500 גרם,גרמים,500.00,100 גרם,false,1,17.90,3.5800,true,1,142363
8715700419732,false,היינץ מתבל עגבניות 700 גרם,ה.י. היינץ,NL,היינץ מתבל עגבניות 700 גרם,גרמים,700.00,100 גרם,false,1,9.90,1.4143,true,1,99869
8715700421322,true,רוטב ברביקיו צילי,ה.י היינץ הולדינג בי,NL,היינץ רוטב ברביקיו צ'ילי 490 גרם,יחידה,1.00,יחידה,false,1,17.90,17.9000,true,1,142362
8715700422473,false,ממרח מיונז ללא חומרים משמרים 395 ג' היינץ,ה.י. היינץ,NL,היינץ ממרח לחיץ ללא חומרים משמרים,גרמים,395.00,100 גרם,false,1,15.90,4.0253,true,1,127718
8715700423906,false,קטשופ מתובל עגבניות 50% פחות סוכר 555ג' היינץ,היינץ צפון אמריקה מק,NL,היינץ מתבל עגבניות 50/50 550 גרם,גרמים,555.00,100 גרם,false,1,9.90,1.7838,true,1,119634
8717038900562,false,וודקה פורטי סופר פרי,מזקקת גורגיבסקי,IL,"וודקה פורטי בקבוק 750 מ""ל",מיליליטרים,750.00,"100 מ""ל",false,1,89.90,11.9867,true,1,107653
8717163647233,false,"דאו אקס ספריי גוף לגבר בלאק נייט 150 מ""ל",ארנסט. רחוב קומבינצק,GB,אקס דאודורנט ספריי גוף בלאק נייט 150 מל,מיליליטרים,150.00,"100 מ""ל",false,1,13.90,9.2667,true,1,126930
8717163647240,false,"אקס דאודורנט ספריי גוף לגבר שוקולד 150 מ""ל",יוניליוור גרמניה (בו,GB,אקס דאודורנט ספריי גוף שוקולד 150 מל,מיליליטרים,150.00,"100 מ""ל",false,1,13.90,9.2667,true,1,126318
8717163655764,true,רקסונה דאודורנט ספרי,"קוסטר אירוסול, גבזה",TR,אקס דאודורנט ספריי שאוור פרש 150 מל,מיליליטרים,150.00,"100 מ""ל",false,1,18.90,12.6000,true,1,143891
8717163655825,true,רקסונה דאודורנט ספרי,"קוסטר אירוסול, גבזה",TR,אקס דאודורנט ספריי כותנה 150 מל,ליטרים,150.00,ליטר,false,1,18.90,0.1260,true,1,143892
8717163842669,false,"תחליב רחצה דאב חימר ירוק 500 מ""ל purifying",יוניליוור,DE,DOVE ג'ל רחצה 500 ML,מיליליטרים,500.00,"100 מ""ל",false,1,17.90,3.5800,true,1,144289
8717163842676,false,תח.רחצה דאב חימר ורוד ג500 RENEWING GLOW,יוניליוור גרמניה Gmb,DE,DOVE ג'ל רחצה 500 ML,מיליליטרים,500.00,"100 מ""ל",false,1,17.90,3.5800,true,1,144066
8717677336616,false,טוניס שוקולד מריר+שקדים ומלח 180 גרם רבנות - נוכרי,טוניס/שוקולונלי,NL,שוקולד מריר עם שקדים ומלח טוניס,גרמים,180.00,100 גרם,false,1,19.90,11.0556,true,1,153883
8717677336630,false,טוניס שוקולונלי שוקולד חלב שקדים ודבש180,טוניס/שוקולונלי,NL,שוקולד חלב עם שקדים ודבש טוניס,גרמים,180.00,100 גרם,false,1,19.90,11.0556,true,1,153881
8717677336654,false,טוניס - שוקולד חלב מעולה עם שברי קרמל מלוח,טוניס/שוקולונלי,NL,שוקולד חלב מעולה עם שברי קרמל מלוח 180 ג,גרמים,180.00,100 גרם,false,1,19.90,11.0556,true,1,156860
8717677336661,false,טוניס שוקולד מריר מעולה 70% 180 גרם רבנות - נוכרי,טוניס/שוקולונלי,NL,טוניס' שוקולונלי - שוקולד מריר מעולה 70%,גרמים,180.00,100 גרם,false,1,19.90,11.0556,true,1,153882
8717677338436,false,טוניס שוקולד חלב+אגוזי לוז 180 גרם רבנות - נוכרי,טוניס/שוקולונלי,NL,שוקולד חלב עם אגוזי לוז קצוצים טוניס,גרמים,180.00,100 גרם,false,1,19.90,11.0556,true,1,153880
8718692610828,false,בקבוקים צבעוניים סודה סטרים 1 ל' * 3 יח',סודהסטרים sodastream,IL,שלישיית בקבוקים 1 ליטר,לא מנהל יחידת מידה,0.00,לא מנהל יחידת מידה,false,1,59.90,0.0000,true,1,97781
8718951001589,false,"אגקס ספריי מסיר שומנים במטבח 600 מ""ל",הנסיך- מפעל לייצור ט,GR,"אגקס ספריי מסיר שומנים במטבח 600 מ""ל",מיליליטרים,600.00,"100 מ""ל",false,1,12.90,2.1500,true,1,108948
8718951001596,false,ספריי לניקוי אמבטיה מסיר אבנית,הנסיך- מפעל לייצור ט,GR,אג'קט מסיר אבנית וחלודה לאמבטיה 600 מל,מיליליטרים,600.00,"100 מ""ל",false,1,12.90,2.1500,true,1,108949
8718951001602,false,"אגקס ספריי רב פעולות 600 מ""ל",הנסיך- מפעל לייצור ט,GR,אג'קס מסיר לכלוך ניקוי אבנית לניקוי כללי 600 מל,מיליליטרים,600.00,"100 מ""ל",false,1,12.90,2.1500,true,1,108950
8718951079205,true,מ.שיניים קולגייט סנס,הנסיך- מפעל לייצור ט,PL,קולגייט סנסיטיב פרו רליף ר.א.פ 75 מל,Unknown,0.00,Unknown,false,1,25.90,0.0000,true,1,136095
8718951093331,true,2 מבר.מרידול אקסטרה,קולגייט פלמוליב,,2 מבר.מרידול אקסטרה,Unknown,0.00,Unknown,false,1,33.90,0.0000,true,1,136096
8718951160897,false,ספריי אקונומיקה עוצמת ה7 טריגר אגקס 500מ,קולגייט פלמוליב,GR,אג'קס ספריי אקנומיקה מנקה מחטא 500 מל,מיליליטרים,500.00,"100 מ""ל",false,1,12.90,2.5800,true,1,116207
8718951166561,false,משחת שיניים לרעננות מוגברת max fresh cooling crystals,הנסיך- מפעל לייצור ט,PL,קולגייט משחת שיניים מקס פרש COOL MINT 125 מל,מיליליטרים,125.00,"100 מ""ל",false,1,15.90,12.7200,true,1,122322
8718951167094,false,נוזל כלים פלמוליב צילינדר תפוז וליים 1 ל,יבואן ומשווק: ש. שסט,GR,פלמוליב נוזל לניקוי כלים תפוז ליים 1 ליטר,ליטרים,1.00,ליטר,false,1,13.90,13.9000,true,1,118437
8718951170445,false,"קולגייט משחת שיניים סמיילס לילדים מגיל 2-5 50 מ""ל",קולגייט פלמוליב,PL,קולגייט סמיילס מ. שיניים לילדים 2-5 50 מ,מיליליטרים,50.00,"100 מ""ל",false,1,12.90,25.8000,true,1,121835
8718951189881,false,"מרסס אגקס טריגר בוסט תפוח וסודה 500 מ""ל",הדקלאים אגודת שיתופי,GR,אג'קס טריגר בוסט תפוח וחומץ 500 מל,מיליליטרים,500.00,"100 מ""ל",false,1,12.90,2.5800,true,1,122953
8718951190191,false,"מרסס אגקס טריגר בוסט לימון וסודה 500 מ""ל",קולגייט פלמוליב פירא,GR,אג'קס טריגר בוסט לימון וסודה 500 מל,מיליליטרים,500.00,"100 מ""ל",false,1,12.90,2.5800,true,1,122952
8718951222779,false,"מרידול פור משחה לשיניים וחניכיים בריאות 75 מ""ל",שסטוביץ,PL,"מרידול פור משחת שיניים וחניכיים 75 מ""ל",יחידה,1.00,יחידה,false,1,24.90,24.9000,true,1,143377
8718951236790,false,"קולגייט טוטאל משחת שיניים קלין מינט לפה בריא 100 מ""ל",קולגייט Colgate,PL,"משחת שיניים קולגייט טוטל משפחתי 100 מ""ל",מיליליטרים,100.00,"100 מ""ל",false,1,17.90,17.9000,true,1,125607
8718951236806,false,"קולגייט טוטאל הלבנה להסרת כתמים מהשן 100 מ""ל",קולגייט Colgate,PL,משחת שיניים קולגייט,מיליליטרים,100.00,"100 מ""ל",false,1,17.90,17.9000,true,1,125606
8718951248656,false,"תחליב רחצה פלמוליב פרוטאין 500 מ""ל",שסטוביץ,TR,פלמוליב פרוטאין 500מל,מיליליטרים,500.00,"100 מ""ל",false,1,19.90,3.9800,true,1,148236
8718951254527,false,קולגייט משחה סנסיטיב פרו רליף חוזק מוגבר,קולגייט Colgate,PL,קולגייט סנסיטיב פרו רליף חוזק מוגבר להקל,מיליליטרים,75.00,"100 מ""ל",false,1,25.90,34.5333,true,1,142279
8718951264618,false,"קולגייט אופטיק וייט פחם צ'רקול משחת שיניים, 75 מ""ל",קולגייט-פלמוליב,PL,"קולגייט אופטיק וייט פחם פעיל 75 מ""ל",מיליליטרים,75.00,"100 מ""ל",false,1,27.90,37.2000,true,1,145541
8718951289833,false,פלמוליב סבון מוצק רביעייה לומינוס 360 ג,קולגייט פלמוליב,TR,פלמוליב סבון מוצק לומינוס 4*90 גרם,יחידה,1.00,יחידה,false,1,12.90,12.9000,true,1,143861
8718951301139,false,פלמוליב ס.נוזלי ויטמין B ורימון 750 משאב,שסטוביץ,TR,"פלמוליב ויטמין B ורימון 750 מ""ל",מיליליטרים,750.00,"100 מ""ל",false,1,21.90,2.9200,true,1,146270
8718951312722,false,"קולגייט מקס פרש וויט קריסטל משחת שיניים 100 מ""ל",קולגייט פלמוליב,PL,משחת שיניים קולגייט מקסווייט 100 מל,מיליליטרים,100.00,"100 מ""ל",false,1,11.90,11.9000,true,1,155338
8718951313576,false,קולגייט משחת שיניים מקס פרש קול קריסטל 100 מל,קולגייט פלמוליב,PL,משחת שיניים קולגייט מקס פרש כחול 100 מל,מיליליטרים,100.00,"100 מ""ל",false,1,11.90,11.9000,true,1,155339
8718951313927,false,"פלמוליב סבון לידיים בחימר טונוס, 300 מ""ל",פלמוליב Palmolive,TR,"פלמוליב סבון ידיים חימר טונוס 300 מ""ל",מיליליטרים,300.00,"100 מ""ל",false,1,9.90,3.3000,true,1,147639
8718951315303,false,משחת שיניים קולגייט הגנה מקסימלית - מארז זוג,קולגייט-פלמוליב,PL,משחת שיניים קולגייט אדומה זוג,יחידה,1.00,יחידה,false,1,18.90,18.9000,true,1,146272
8718951319806,false,פלמוליב לגבר גל רחצה ושמפו מרענן 750 משא,פלמוליב Palmolive,TR,פלמוליב לגבר גל רחצה ושמפו פיור ארקטיק,מיליליטרים,750.00,"100 מ""ל",false,1,21.90,2.9200,true,1,144342
8718951320093,false,זוג מברשות 360 אדוונס וויט שיניים קולגייט,קולגייט-פלמוליב,CN,מברשת שיניים קולגייט 360 אדוונס ווייט זו,יחידה,1.00,יחידה,false,1,33.90,33.9000,true,1,146273
8718951333048,false,"פלמוליב סבון לידיים למטבח, 300 מ""ל",הנסיך- מפעל לייצור ט,IT,פלמוליב סבון ידיים למנרטל ריחות למטבח 300 מל,מיליליטרים,300.00,"100 מ""ל",false,1,9.90,3.3000,true,1,150073
8718951370135,false,"סבון נוזלי ארומה סנסיישן גלואו 750 מ""ל פלמוליב",קולגייט פלמוליב,TR,"פלמוליב ארומה סנסיישן גלואו 750 מ""ל",מיליליטרים,750.00,"100 מ""ל",false,1,21.90,2.9200,true,1,146862
8718951381292,false,"משחת שיניים מקס דיטוקס פואם קולגייט 125 מ""ל",קולגייט Colgate,PL,"קולגייט מקס דיטוקס פואם 125 מ""ל",מיליליטרים,125.00,"100 מ""ל",false,1,15.90,12.7200,true,1,149262
8718951382640,false,"פלמוליב ג'ל רחצה חימר דיטוקס 750 מ""ל",פלמוליב Palmolive,TR,"פלמוליב גל רחצה חימר דיטוקס 750 מ""ל",מיליליטרים,750.00,"100 מ""ל",false,1,21.90,2.9200,true,1,147640
8718951385290,false,אג'קס ניקוי כללי עוצמת ה7 כחול 2 ליטר,קולגייט פלמוליב,GR,נוזל לניקוי כללי ורצפות אג'קס 2 ליטר,ליטרים,2.00,ליטר,false,1,22.90,11.4500,true,1,149264
8718951409798,false,זוג מברשות שיניים מקס וויט פחם קולגייט,הנסיך- מפעל לייצור ט,PL,קולגייט מברשת מקס וויט פחם זוג,יחידה,1.00,יחידה,false,1,24.90,24.9000,true,1,150666
8718951443358,false,"סבון ידיים פלמוליב מארז שלישייה 900 מ""ל",CP - Turkey+60,TR,פלמוליב סבון ידיים היגיינה שלישייה,יחידה,1.00,יחידה,false,1,24.90,24.9000,true,1,150723
8719128117232,false,"סירופ פפסי 440 מ""ל סודהסטרים",סודה סטרים,IL,סירופ פפסי 440מל,מיליליטרים,440.00,"100 מ""ל",false,1,22.90,5.2045,true,1,150356
8719128117256,false,"סירופ סבן אפ 440 מ""ל סודהסטרים",סודה סטרים,IL,סירופ סבן אפ 440מל,מיליליטרים,440.00,"100 מ""ל",false,1,22.90,5.2045,true,1,150357
8719128117263,false,"סירופ מירנדה 440 מ""ל סודהסטרים",סודה סטרים,IL,סירופ מירנדה 440מל,מיליליטרים,440.00,"100 מ""ל",false,1,22.90,5.2045,true,1,150359
8719128117294,false,"סירופ דייט סבן אפ 440 מ""ל סודהסטרים",סודה סטרים,IL,סירופ דיאט סבן אפ 440מל,מיליליטרים,440.00,"100 מ""ל",false,1,22.90,5.2045,true,1,150358
8719200997998,false,מרגרינה למריחה בישול וטיגון 200 ג' בלו בנד,אתר חיפה מרגרינה - F,IL,בלו בנד מרגרינה למריחה בישול וטיגון 200,גרמים,0.00,100 גרם,false,1,4.70,0.0000,true,1,144093
8719200998001,false,מרגרינה לאפיה ובישול בלי מלח 200 ג' בלו בנד,מיוצר עי קונדיטוריית,IL,בלו בנד עם מלח 200 גרם,גרמים,200.00,100 גרם,false,1,4.70,2.3500,true,1,144099
8719200998018,false,מחמאה מרגרינה בטעם חמאה 200 ג' בלו בנד,פארייפאבה אגרואינדוס,IL,מרגרינה בטעם חמאה מחמאה 200 גרם,גרמים,200.00,100 גרם,false,1,4.90,2.4500,true,1,72
8719200998094,false,מרגרינה מזולה בטעם טבעי ללא תוספת מלח,"מיוצר ע""י יוניליוור",IL,מזולה מרגרינה בטעם טבעי ללא מלח לאפייה,גרמים,200.00,100 גרם,false,1,6.60,3.3000,true,1,144102
8719202489262,false,שק שינה מעטפה,,,שק שינה מעטפה,לא מנהל יחידת מידה,0.00,לא מנהל יחידת מידה,false,1,59.90,0.0000,true,1,124352
8720181114489,false,"אקס - דאודורנט ספריי לגבר בלק 150 מ""ל",יוניליוור,GB,"ספריי אקס שחור 150 מ""ל",מיליליטרים,150.00,"100 מ""ל",false,1,13.90,9.2667,true,1,155464
8720181114496,false,"אקס - דאודורנט ספריי לגבר שוקולד 150 מ""ל",יוניליוור,GB,"ספרי גוף אקס שוקולד 150 מ""ל",מיליליטרים,150.00,"100 מ""ל",false,1,13.90,9.2667,true,1,155465
8720182050137,false,סיף תרסיס לניקוי מטב,יוניליוור,GB,סיף תרסיס לניקוי מטבח 450 מל,ליטרים,450.00,ליטר,false,1,12.90,0.0287,true,1,155340
8720182990396,false,תה ליפטון שחור קלאסי,ליפטון,GB,"תה ליפטון שחור קלאסיק, 180 גרם",גרמים,180.00,100 גרם,false,1,12.90,7.1667,true,1,157260
8801055708772,false,מארז טייסטרס צ'ויס 200 גרם+50 גר' מתנה,נסטלה קוריאה - קפה,IL,טייסטרס צויס מארז 8*200ג'+50ג',גרמים,250.00,100 גרם,false,1,31.90,12.7600,true,1,144191
8801055709427,false,נסקפה טייסטרס צויס אלטה ריקה 100 גר,נסטלה קוריאה - קפה,KR,"קפה נמס טסטר צוייס אלטה ריקה, 100 גרם",גרמים,100.00,100 גרם,false,1,25.90,25.9000,true,1,152316
8801055709434,false,קפה נמס טייסטר צ'ויס קולומביה 100 גר',נסטלה קוריאה - קפה,KR,קפה נמס טסטר צוייס קולומביה100 גרם,גרמים,100.00,100 גרם,false,1,25.90,25.9000,true,1,152315
8801055709441,false,קפה נמס טייסטר צ'ויס סומטרה 100 גר',לוטה נסטלה קוריאה,KR,"קפה נמס טסטר צוייס סומטרה, 100 גרם",גרמים,100.00,100 גרם,false,1,25.90,25.9000,true,1,152317
8802241131664,true,חטיף אצות ים,,,חטיף אצות ים,גרמים,195.00,100 גרם,false,1,22.90,11.7436,true,1,121969
8802241132821,false,חטיף אצות קלויות עם מלח 3 * 13.5 ג',"מאן גו'ן פוד בע""מ",,חטיף אצות 3 יח,גרמים,14.00,100 גרם,false,1,9.90,70.7143,true,1,119608
8850161167041,false,"חלב קוקוס קוקו וואי 270 מ""ל",טויו טייקאן קו.אל.טי,TH,"קוקו וואי משקה קוקוס 270 מ""ל",מיליליטרים,270.00,"100 מ""ל",false,1,9.50,3.5185,true,1,143375
8850389103111,false,"משקה קל סאפה בטעם ענבים 300 מ""ל",פארייפאבה אגרואינדוס,TH,"סאפה אלוורה ענבים בקבוק 300 מ""ל",מיליליטרים,300.00,"100 מ""ל",false,1,8.50,2.8333,true,1,43289
8850389103128,false,"משקה קל סאפה בטעם תפוח 300 מ""ל",פארייפאבה אגרואינדוס,TH,"סאפה תפוח בקבוק 300 מ""ל 24 יח",מיליליטרים,300.00,"100 מ""ל",false,1,8.50,2.8333,true,1,43290
8850389103159,false,"משקה ליצ'י עם חתיכות גלי קוקוס 320 מ""ל מוגו מוגו",סאפה פובליק קומפני ל,TH,מוגו מוגו ליצ'י עם חתיכות ג'לי קוקוס,מיליליטרים,320.00,"100 מ""ל",false,1,8.50,2.6563,true,1,154047
8850389104637,false,"משקה קל סאפה אלוורה אפרסק 300 מ""ל",פארייפאבה אגרואינדוס,TH,"סאפה אלוורה אפרסק בקבוק 300 מ""ל",מיליליטרים,300.00,"100 מ""ל",false,1,8.50,2.8333,true,1,60114
8850389111352,false,"משקה מלון עם חתיכות גלי קוקוס 320 מ""ל מוגו מוגו",סאפה פובליק קומפני ל,TH,מוגו מוגו מלון עם חתיכות ג'לי קוקוס,מיליליטרים,320.00,"100 מ""ל",false,1,8.50,2.6563,true,1,154048
8850389115312,false,"משקה קל סאפה בטעם מלון 300 מ""ל",סאפה פובליק קומפני ל,TH,"סאפה אלוורה מלון בקבוק 300 מ""ל",מיליליטרים,330.00,"100 מ""ל",false,1,8.50,2.5758,true,1,119202
8850632604259,false,חיספוסים ממתק בטעם תות שדה בצורת מקלות,ג'נרל קנדי בעמ,TH,ממתק תות שדה בצורת מקלות יוגטה 50 גרם,גרמים,50.00,100 גרם,false,1,4.90,9.8000,true,1,65354
8850632604266,false,יוגטה מקלות חמוצות בטעם קולה 50 גרם 24 יח',ג'נרל קנדי בעמ,TH,"יוגטה, ממתק חמוץ בצורת מקלות בטעם קולה, 50 גרם",גרמים,50.00,100 גרם,false,1,4.90,9.8000,true,1,65355
8850632604372,false,יוגטה מקלות חמוצות שטיח - תות שדה 50 גרם,ג'נרל קנדי בעמ,TH,ממתק תות שדה בצורת שטיח יוגטה 50 גרם,גרמים,50.00,100 גרם,false,1,4.90,9.8000,true,1,65356
8850632604402,false,יוגטה מקלות חמוצות שטיח בטעם מעורב24 יח',"ג'נרל קנדי בע""מ",TH,ממתק תות ענבים בצורת שטיח יוגטה 50 גרם,גרמים,50.00,100 גרם,false,1,4.90,9.8000,true,1,65357
8850632605201,false,חיספוסים ממתק בטעמי פירות בצורת שטיח,הדקלאים אגודת שיתופי,TH,יוגטה חיספוסים בטעם מעורב תות,גרמים,50.00,100 גרם,false,1,4.90,9.8000,true,1,71464
8850632606390,false,חיספוסים ממתק חמוץ בטעם אבטיח בצורת שטיח,ג'נרל קנדי בעמ,TH,יוגטה חיספוסים בטעם אבטיח,גרמים,50.00,100 גרם,false,1,4.90,9.8000,true,1,94790
8851613101378,false,"נוזל קוקוס ארוי די 250 מ""ל",כלורוקס אוקלנד,TH,"חלב קוקוס 250 מ""ל",מיליליטרים,250.00,"100 מ""ל",false,1,9.90,3.9600,true,1,92935
8852633119039,false,אסיה רוטב דגים 300 מ,טעמי אסיה Taste of Asia,,"אסיה רוטב דגים 300 מ""ל",מיליליטרים,300.00,"100 מ""ל",false,1,7.50,2.5000,true,1,114484
8857101301008,false,"רוטב צילי מתוק 700 מ""ל",פאן אינטר,TH,רוטב צ'ילי מתוק 700 מל,גרמים,80.00,100 גרם,false,1,11.90,14.8750,true,1,110937
8858744800019,false,ממרח קארי ירוק 50 גר,קנוקוואן פוד פרודקטס,TH,ממרח קארי ירוק 50 גר,גרמים,50.00,100 גרם,false,1,4.90,9.8000,true,1,101802
8858744800057,false,ממרח טום יאם 30 גר,קנוקוואן פוד פרודקטס,,ממרח טום יאם 30 גר,גרמים,30.00,100 גרם,false,1,4.90,16.3333,true,1,101807
8888021200164,false,סוללות 1X4 ADVANCED FORMULA AAA ריפרש,,,סוללות אנרגייזר AAA רביעיה,Unknown,0.00,Unknown,false,1,18.70,0.0000,true,1,10887
8888021200256,false,סוללות אנרג'יזר MAX AA שמינייה,יצרן: אנרג'ייזר סינג,SG,סוללת אנרג'ייזר AA,Unknown,0.00,Unknown,false,1,28.90,0.0000,true,1,24321
8888021200720,false,סוללות אנרג'יזר MAX AAA שמינייה,יצרן: אנרג'ייזר סינג,SG,סוללת אנרג'ייזר AAA,Unknown,0.00,Unknown,false,1,28.90,0.0000,true,1,14262
8901537024014,false,"אורז בסמטי מובחר 1 ק""ג - דוואט) יורה דיעה",הנסיך- מפעל לייצור ט,IN,אורז בסמטי 1 DAAWAT קג,קילוגרמים,1.00,"ק""ג",false,1,13.90,13.9000,true,1,71314
8901537076679,false,"אורז בסמטי חום מלא 1 ק""ג דאוואט",האי נאם סי או אל.טי.,IN,"אורז בסמטי חום מלא דאווט 1 ק""ג",קילוגרמים,1.00,"ק""ג",false,1,16.90,16.9000,true,1,121234
8901571011018,false,סנסודיין שלישייה מב.שיניים סנסטיב סופט,הנקל,DE,מברשת שיניים סנסודיין שלישייה,יחידה,3.00,יחידה,false,1,12.90,4.3000,true,1,155783
8994692541038,false,קונוס לגלגול 3 יחידו,,,קונוס לגלגול 3 יחידות,Unknown,0.00,Unknown,false,1,8.90,0.0000,false,1,77787
8994692541120,false,12 קונוסים לגלגול,,,12 קונוסים לגלגול,Unknown,0.00,Unknown,false,1,14.90,0.0000,false,1,76761
8997206332016,true,סוכר קוקוס אורגני 45,קוקו שוגאר,ID,סוכר קוקוס אורגני 454 גרם,גרמים,454.00,100 גרם,false,1,25.90,5.7048,true,1,119824
9000101372878,false,קפסולות דיסקס לניקוי כביסה לבנה וצבעונית Deep Clean,פרסיל Persil,HU,פרסיל דיסקס לכביסה לבנה וצבעונית 22 יח',לא מנהל יחידת מידה,0.00,לא מנהל יחידת מידה,false,1,34.90,0.0000,true,1,152796
9000101511635,false,קפסולות ג'ל לכביסה פרסיל דיסקס לעור רגיש,פרסיל Persil,HU,פרסיל דיסקס סנסטיב תינוק 22 יח,יחידה,22.00,יחידה,false,1,34.90,1.5864,true,1,156710
9000101537550,false,פרסיל קאפסולות לכביסה לבנה וצבעונית 52 יח',הנקל סוד,HU,פרסיל קאפס 52 יח,יחידה,52.00,יחידה,false,1,59.90,1.1519,true,1,156711
9000101537581,false,פרסיל קאפסולות לכביסה צבעונית 52 יחידו,הנקל סוד,IL,פרסיל קאפס קולור 52 יח,יחידה,52.00,יחידה,false,1,59.90,1.1519,true,1,156712
9001148803103,false,שיני שום קלופות 170,חקלאי,IL,שיני שום קלופות,לא מנהל יחידת מידה,0.00,לא מנהל יחידת מידה,false,1,12.90,0.0000,true,1,116368
9002975393836,false,סוכריות גילי הריבו האפי קולה 70 גרם,"האריבו , ג'י.אם.בי.א",AT,סוכריות גומי בטעם קולה 70 גרם,גרמים,70.00,100 גרם,false,1,6.90,9.8571,true,1,150442
9002975393843,false,סוכריות גילי הריבו גולדברס 70 גרם,"האריבו , ג'י.אם.בי.א",AT,סוכריות גומי בטעמי פירות דובונים 70 גרם,גרמים,70.00,100 גרם,false,1,6.90,9.8571,true,1,150443
9002975393850,false,סוכריות גילי הריבו וורמס 70 גרם,"האריבו , ג'י.אם.בי.א",AT,סוכריות גומי בטעמי פירות נחשים 70 גרם,גרמים,70.00,100 גרם,false,1,6.90,9.8571,true,1,150444
9005835312718,false,"קלרו פירמידה מלח למדיח כלים 1 ק""ג CLARO",יעקובי,AT,קלרו פירדמיה מלח אקולוגי למדיח,מיליליטרים,1.00,"100 מ""ל",false,1,15.90,1590.0000,true,1,143048
9005835312732,false,"קלרו נוזל הברקה למדיח כלים 500 מ""ל CLARO",יעקובי,AT,קלרו נוזל הברקה ומזרז ייבוש למדיח,מיליליטרים,1.00,"100 מ""ל",false,1,15.90,1590.0000,true,1,143049
9005835312756,false,"קלרו ניקוי יסודי למדיח כלים 250 מ""ל CLARO",יעקובי,AT,קלרו נוזל לניקוי יסודי למדיח,מיליליטרים,1.00,"100 מ""ל",false,1,15.90,1590.0000,true,1,143050
9044400841000,false,בובת פז Pez + שלוש יחידות סוכריות למילוי,פז Pez,HU,סוכריות פז בובה,גרמים,26.00,100 גרם,false,1,12.90,49.6154,true,1,11553
9044400851672,false,סוכריות פז סוגים שונים + 3 מילויים,פז פרודקשיין יורו,HU,סוכריות פז בובה,גרמים,26.00,100 גרם,false,1,12.90,49.6154,true,1,155011
9310072028743,false,טים טם Tim Tam וופל שוקולד קלאסי,"ארנוטס ביסקוויטס בע""",AU,טים טם אורגינל 200 גר,גרמים,200.00,100 גרם,false,1,19.90,9.9500,true,1,112942
9310072028750,false,טים טם Tim Tam וופל שוקולד ציפוי כפול,"ארנוטס ביסקוויטס בע""",AU,טים טם דאבל 200 גר,גרמים,200.00,100 גרם,false,1,19.90,9.9500,true,1,112286
9310088007015,false,דיפנד תחבושות אוברנייט בלילה,KC Vietnam,VN,דיפנד תחבושות לילה 8 יח,Unknown,0.00,Unknown,false,1,21.90,0.0000,true,1,91676
9322969000015,false,פריכיות תירס בטעם אורגינל ריל פודס 150 ג',אף.סי תבליני בגליל ב,AU,רילפוד- פריכיות תירס בטעם טבעי 150 גר',גרמים,150.00,100 גרם,false,1,13.90,9.2667,true,1,65403
9322969000053,false,פריכיות אורז מלא ריל פוד 150 גר,סנו מפעלי ברונוס.,IT,פריכיות אורז מלא 150 גרם,גרמים,150.00,100 גרם,false,1,13.90,9.2667,true,1,153618
9720188050109,false,טופוטי ממרח טופו בטעם גבינה 227 ג`,טופוטי ברנדס אינק.ג',IL,טופוטי - ממרח טופו בטעם גבינה - 225 גר,גרמים,225.00,100 גרם,false,1,22.90,10.1778,true,1,12011
9720188060108,false,טופוטי ממרח על בסיס סויה בסגנון שמנת 340ג',טופוטי ברנדס אינק.ג',IL,טופוטי - ממרח טופו בטעם שמנת - 340 גר',גרמים,360.00,100 גרם,false,1,22.90,6.3611,true,1,12014
